{"id":"smogtours-gen7ou-554658","p1":"Goootzinho","p2":"t0te","format":"gen7ou","log":"|inactive|Battle timer is ON: inactive players will automatically lose when time's up.\n|t:|1618006291\n|gametype|singles\n|player|p1|Goootzinho|galacticgrunt|\n|player|p2|t0te|volkner|\n|teamsize|p1|6\n|teamsize|p2|6\n|gen|7\n|tier|[Gen 7] OU\n|clearpoke\n|poke|p1|Ferrothorn, M|item\n|poke|p1|Landorus-Therian, M|item\n|poke|p1|Kyurem-Black|item\n|poke|p1|Medicham, F|item\n|poke|p1|Tapu Koko|item\n|poke|p1|Greninja, M|item\n|poke|p2|Charizard, M|item\n|poke|p2|Excadrill, M|item\n|poke|p2|Gyarados, M|item\n|poke|p2|Ninetales-Alola, F|item\n|poke|p2|Serperior, F|item\n|poke|p2|Zapdos|item\n|rule|Sleep Clause Mod: Limit one foe put to sleep\n|rule|Species Clause: Limit one of each Pok\u00e9mon\n|rule|OHKO Clause: OHKO moves are banned\n|rule|Moody Clause: Moody is banned\n|rule|Evasion Moves Clause: Evasion moves are banned\n|rule|Endless Battle Clause: Forcing endless battles is banned\n|rule|HP Percentage Mod: HP is shown in percentages\n|teampreview\n|c|\u2606Goootzinho|hf\n|c|\u2606t0te|same\n|c|+Sahki|goatzinho \n|inactive|Goootzinho has 270 seconds left.\n|\n|t:|1618006334\n|start\n|switch|p1a: Medicham|Medicham, F|100\/100\n|switch|p2a: Zapdos|Zapdos|100\/100\n|turn|1\n|\n|t:|1618006362\n|switch|p1a: Kyurem|Kyurem-Black|100\/100\n|-ability|p1a: Kyurem|Teravolt\n|move|p2a: Zapdos|Discharge|p1a: Kyurem\n|-resisted|p1a: Kyurem\n|-damage|p1a: Kyurem|82\/100\n|-status|p1a: Kyurem|par\n|\n|upkeep\n|turn|2\n|inactive|Goootzinho has 270 seconds left.\n|\n|t:|1618006388\n|switch|p2a: Excadrill|Excadrill, M|100\/100\n|-ability|p2a: Excadrill|Mold Breaker\n|move|p1a: Kyurem|Ice Beam|p2a: Excadrill\n|-damage|p2a: Excadrill|17\/100\n|-damage|p1a: Kyurem|72\/100 par|[from] item: Life Orb\n|\n|upkeep\n|turn|3\n|\n|t:|1618006396\n|switch|p1a: Landorus|Landorus-Therian, M|100\/100\n|-ability|p1a: Landorus|Intimidate|boost\n|-unboost|p2a: Excadrill|atk|1\n|move|p2a: Excadrill|Stealth Rock|p1a: Landorus\n|-sidestart|p1: Goootzinho|move: Stealth Rock\n|\n|upkeep\n|turn|4\n|\n|t:|1618006401\n|move|p2a: Excadrill|Rock Tomb|p1a: Landorus\n|-damage|p1a: Landorus|90\/100\n|-unboost|p1a: Landorus|spe|1\n|move|p1a: Landorus|Defog|p2a: Excadrill\n|-unboost|p2a: Excadrill|evasion|1\n|-sideend|p1: Goootzinho|Stealth Rock|[from] move: Defog|[of] p1a: Landorus\n|\n|upkeep\n|turn|5\n|\n|t:|1618006416\n|move|p2a: Excadrill|Stealth Rock|p1a: Landorus\n|-sidestart|p1: Goootzinho|move: Stealth Rock\n|move|p1a: Landorus|U-turn|p2a: Excadrill\n|-resisted|p2a: Excadrill\n|-damage|p2a: Excadrill|1\/100\n|\n|t:|1618006418\n|switch|p1a: Greninja|Greninja, M|100\/100|[from]move: U-turn\n|-damage|p1a: Greninja|88\/100|[from] Stealth Rock\n|\n|upkeep\n|turn|6\n|inactive|Goootzinho has 270 seconds left.\n|\n|t:|1618006438\n|move|p1a: Greninja|Surf|p2a: Excadrill\n|-supereffective|p2a: Excadrill\n|-damage|p2a: Excadrill|0 fnt\n|faint|p2a: Excadrill\n|-activate|p1a: Greninja|ability: Battle Bond\n|detailschange|p1a: Greninja|Greninja-Ash, M\n|\n|upkeep\n|\n|t:|1618006443\n|switch|p2a: Gyarados|Gyarados, M|100\/100\n|turn|7\n|inactive|Goootzinho has 270 seconds left.\n|\n|t:|1618006474\n|switch|p1a: Ferrothorn|Ferrothorn, M|100\/100\n|-damage|p1a: Ferrothorn|94\/100|[from] Stealth Rock\n|move|p2a: Gyarados|Dragon Dance|p2a: Gyarados\n|-boost|p2a: Gyarados|atk|1\n|-boost|p2a: Gyarados|spe|1\n|\n|-heal|p1a: Ferrothorn|100\/100|[from] item: Leftovers\n|upkeep\n|turn|8\n|\n|t:|1618006487\n|move|p2a: Gyarados|Dragon Dance|p2a: Gyarados\n|-boost|p2a: Gyarados|atk|1\n|-boost|p2a: Gyarados|spe|1\n|move|p1a: Ferrothorn|Power Whip|p2a: Gyarados\n|-damage|p2a: Gyarados|49\/100\n|\n|upkeep\n|turn|9\n|\n|t:|1618006494\n|-zpower|p2a: Gyarados\n|move|p2a: Gyarados|Supersonic Skystrike|p1a: Ferrothorn|[zeffect]\n|-damage|p1a: Ferrothorn|0 fnt\n|faint|p1a: Ferrothorn\n|-ability|p2a: Gyarados|Moxie|boost\n|-boost|p2a: Gyarados|atk|1\n|\n|upkeep\n|\n|t:|1618006497\n|switch|p1a: Medicham|Medicham, F|100\/100\n|-damage|p1a: Medicham|94\/100|[from] Stealth Rock\n|turn|10\n|\n|t:|1618006505\n|detailschange|p1a: Medicham|Medicham-Mega, F\n|-mega|p1a: Medicham|Medicham|Medichamite\n|move|p1a: Medicham|Fake Out|p2a: Gyarados\n|-damage|p2a: Gyarados|19\/100\n|cant|p2a: Gyarados|flinch\n|\n|upkeep\n|turn|11\n|inactive|Goootzinho has 270 seconds left.\n|\n|t:|1618006545\n|switch|p1a: Kyurem|Kyurem-Black|72\/100 par\n|-damage|p1a: Kyurem|47\/100 par|[from] Stealth Rock\n|-ability|p1a: Kyurem|Teravolt\n|move|p2a: Gyarados|Waterfall|p1a: Kyurem\n|-resisted|p1a: Kyurem\n|-damage|p1a: Kyurem|1\/100 par\n|\n|upkeep\n|turn|12\n|\n|t:|1618006549\n|move|p2a: Gyarados|Waterfall|p1a: Kyurem\n|-resisted|p1a: Kyurem\n|-damage|p1a: Kyurem|0 fnt\n|faint|p1a: Kyurem\n|-ability|p2a: Gyarados|Moxie|boost\n|-boost|p2a: Gyarados|atk|1\n|\n|upkeep\n|\n|t:|1618006551\n|switch|p1a: Medicham|Medicham-Mega, F|94\/100\n|-damage|p1a: Medicham|88\/100|[from] Stealth Rock\n|turn|13\n|\n|t:|1618006556\n|switch|p2a: Zapdos|Zapdos|100\/100\n|move|p1a: Medicham|Fake Out|p2a: Zapdos\n|-damage|p2a: Zapdos|71\/100\n|-status|p1a: Medicham|par|[from] ability: Static|[of] p2a: Zapdos\n|\n|-heal|p2a: Zapdos|77\/100|[from] item: Leftovers\n|upkeep\n|turn|14\n|c|\u2606Goootzinho|.\n|inactive|Goootzinho has 270 seconds left.\n|\n|t:|1618006587\n|switch|p2a: Gyarados|Gyarados, M|19\/100\n|cant|p1a: Medicham|par\n|\n|upkeep\n|turn|15\n|\n|t:|1618006610\n|switch|p1a: Greninja|Greninja-Ash, M|88\/100\n|-damage|p1a: Greninja|76\/100|[from] Stealth Rock\n|move|p2a: Gyarados|Waterfall|p1a: Greninja\n|-resisted|p1a: Greninja\n|-damage|p1a: Greninja|40\/100\n|\n|upkeep\n|turn|16\n|inactive|Goootzinho has 240 seconds left.\n|\n|t:|1618006627\n|move|p1a: Greninja|Dark Pulse|p2a: Gyarados\n|-damage|p2a: Gyarados|0 fnt\n|faint|p2a: Gyarados\n|\n|upkeep\n|\n|t:|1618006631\n|switch|p2a: Ninetales|Ninetales-Alola, F|100\/100\n|-weather|Hail|[from] ability: Snow Warning|[of] p2a: Ninetales\n|turn|17\n|\n|t:|1618006634\n|move|p1a: Greninja|Dark Pulse|p2a: Ninetales\n|-resisted|p2a: Ninetales\n|-damage|p2a: Ninetales|62\/100\n|move|p2a: Ninetales|Aurora Veil|p2a: Ninetales\n|-sidestart|p2: t0te|move: Aurora Veil\n|\n|-weather|Hail|[upkeep]\n|-damage|p1a: Greninja|34\/100|[from] Hail\n|upkeep\n|turn|18\n|\n|t:|1618006640\n|move|p1a: Greninja|Dark Pulse|p2a: Ninetales\n|-resisted|p2a: Ninetales\n|-damage|p2a: Ninetales|43\/100\n|move|p2a: Ninetales|Moonblast|p1a: Greninja\n|-supereffective|p1a: Greninja\n|-damage|p1a: Greninja|0 fnt\n|faint|p1a: Greninja\n|\n|-weather|Hail|[upkeep]\n|upkeep\n|\n|t:|1618006662\n|switch|p1a: Medicham|Medicham-Mega, F|88\/100 par\n|-damage|p1a: Medicham|82\/100 par|[from] Stealth Rock\n|turn|19\n|\n|t:|1618006665\n|move|p1a: Medicham|Bullet Punch|p2a: Ninetales\n|-supereffective|p2a: Ninetales\n|-damage|p2a: Ninetales|0 fnt\n|faint|p2a: Ninetales\n|\n|-weather|Hail|[upkeep]\n|-damage|p1a: Medicham|76\/100 par|[from] Hail\n|upkeep\n|\n|t:|1618006671\n|switch|p2a: Zapdos|Zapdos|77\/100\n|turn|20\n|\n|t:|1618006675\n|move|p2a: Zapdos|Discharge|p1a: Medicham\n|-damage|p1a: Medicham|18\/100 par\n|move|p1a: Medicham|Zen Headbutt|p2a: Zapdos\n|-damage|p2a: Zapdos|36\/100\n|\n|-weather|Hail|[upkeep]\n|-damage|p2a: Zapdos|30\/100|[from] Hail\n|-damage|p1a: Medicham|12\/100 par|[from] Hail\n|-heal|p2a: Zapdos|36\/100|[from] item: Leftovers\n|upkeep\n|turn|21\n|\n|t:|1618006686\n|move|p2a: Zapdos|Discharge|p1a: Medicham\n|-damage|p1a: Medicham|0 fnt\n|faint|p1a: Medicham\n|\n|-weather|none\n|-heal|p2a: Zapdos|43\/100|[from] item: Leftovers\n|upkeep\n|\n|t:|1618006688\n|switch|p1a: Tapu Koko|Tapu Koko|100\/100\n|-damage|p1a: Tapu Koko|88\/100|[from] Stealth Rock\n|-fieldstart|move: Electric Terrain|[from] ability: Electric Surge|[of] p1a: Tapu Koko\n|turn|22\n|inactive|Goootzinho has 270 seconds left.\n|\n|t:|1618006715\n|move|p1a: Tapu Koko|Hidden Power|p2a: Zapdos\n|-supereffective|p2a: Zapdos\n|-damage|p2a: Zapdos|28\/100\n|move|p2a: Zapdos|Heat Wave|p1a: Tapu Koko|[miss]\n|-miss|p2a: Zapdos|p1a: Tapu Koko\n|\n|-heal|p2a: Zapdos|34\/100|[from] item: Leftovers\n|upkeep\n|turn|23\n|inactive|Goootzinho has 270 seconds left.\n|\n|t:|1618006723\n|move|p1a: Tapu Koko|Hidden Power|p2a: Zapdos\n|-supereffective|p2a: Zapdos\n|-damage|p2a: Zapdos|21\/100\n|move|p2a: Zapdos|Roost|p2a: Zapdos\n|-heal|p2a: Zapdos|71\/100\n|-singleturn|p2a: Zapdos|move: Roost\n|\n|-heal|p2a: Zapdos|77\/100|[from] item: Leftovers\n|upkeep\n|turn|24\n|\n|t:|1618006730\n|move|p1a: Tapu Koko|Wild Charge|p2a: Zapdos\n|-damage|p2a: Zapdos|40\/100\n|-damage|p1a: Tapu Koko|78\/100|[from] Recoil\n|move|p2a: Zapdos|Heat Wave|p1a: Tapu Koko|[miss]\n|-miss|p2a: Zapdos|p1a: Tapu Koko\n|\n|-heal|p2a: Zapdos|46\/100|[from] item: Leftovers\n|-sideend|p2: t0te|move: Aurora Veil\n|upkeep\n|turn|25\n|\n|t:|1618006744\n|switch|p2a: Serperior|Serperior, F, shiny|100\/100\n|move|p1a: Tapu Koko|Wild Charge|p2a: Serperior\n|-resisted|p2a: Serperior\n|-damage|p2a: Serperior|60\/100\n|-damage|p1a: Tapu Koko|69\/100|[from] Recoil\n|\n|upkeep\n|turn|26\n|\n|t:|1618006750\n|-zpower|p1a: Tapu Koko\n|move|p1a: Tapu Koko|Gigavolt Havoc|p2a: Serperior|[zeffect]\n|-resisted|p2a: Serperior\n|-damage|p2a: Serperior|0 fnt\n|faint|p2a: Serperior\n|\n|-fieldend|move: Electric Terrain\n|upkeep\n|\n|t:|1618006758\n|switch|p2a: Charizard|Charizard, M|100\/100\n|turn|27\n|\n|t:|1618006766\n|detailschange|p2a: Charizard|Charizard-Mega-X, M\n|-mega|p2a: Charizard|Charizard|Charizardite X\n|move|p1a: Tapu Koko|U-turn|p2a: Charizard\n|-resisted|p2a: Charizard\n|-damage|p2a: Charizard|89\/100\n|\n|t:|1618006768\n|switch|p1a: Landorus|Landorus-Therian, M|90\/100|[from]move: U-turn\n|-damage|p1a: Landorus|77\/100|[from] Stealth Rock\n|-ability|p1a: Landorus|Intimidate|boost\n|-unboost|p2a: Charizard|atk|1\n|move|p2a: Charizard|Fire Punch|p1a: Landorus\n|-damage|p1a: Landorus|52\/100\n|-damage|p2a: Charizard|72\/100|[from] item: Rocky Helmet|[of] p1a: Landorus\n|\n|upkeep\n|turn|28\n|\n|t:|1618006793\n|switch|p2a: Zapdos|Zapdos|46\/100\n|move|p1a: Landorus|Toxic|p2a: Zapdos\n|-status|p2a: Zapdos|tox\n|\n|-heal|p2a: Zapdos|52\/100 tox|[from] item: Leftovers\n|-damage|p2a: Zapdos|46\/100 tox|[from] psn\n|upkeep\n|turn|29\n|\n|t:|1618006800\n|switch|p1a: Tapu Koko|Tapu Koko|69\/100\n|-damage|p1a: Tapu Koko|57\/100|[from] Stealth Rock\n|-fieldstart|move: Electric Terrain|[from] ability: Electric Surge|[of] p1a: Tapu Koko\n|move|p2a: Zapdos|Hidden Power|p1a: Tapu Koko\n|-damage|p1a: Tapu Koko|29\/100\n|\n|-heal|p2a: Zapdos|52\/100 tox|[from] item: Leftovers\n|-damage|p2a: Zapdos|40\/100 tox|[from] psn\n|upkeep\n|turn|30\n|\n|t:|1618006804\n|move|p1a: Tapu Koko|Roost|p1a: Tapu Koko\n|-heal|p1a: Tapu Koko|79\/100\n|-singleturn|p1a: Tapu Koko|move: Roost\n|move|p2a: Zapdos|Hidden Power|p1a: Tapu Koko\n|-damage|p1a: Tapu Koko|49\/100\n|\n|-heal|p2a: Zapdos|46\/100 tox|[from] item: Leftovers\n|-damage|p2a: Zapdos|27\/100 tox|[from] psn\n|upkeep\n|turn|31\n|\n|t:|1618006817\n|move|p1a: Tapu Koko|Roost|p1a: Tapu Koko\n|-heal|p1a: Tapu Koko|99\/100\n|-singleturn|p1a: Tapu Koko|move: Roost\n|move|p2a: Zapdos|Hidden Power|p1a: Tapu Koko\n|-damage|p1a: Tapu Koko|73\/100\n|\n|-heal|p2a: Zapdos|34\/100 tox|[from] item: Leftovers\n|-damage|p2a: Zapdos|9\/100 tox|[from] psn\n|upkeep\n|turn|32\n|\n|t:|1618006829\n|move|p1a: Tapu Koko|Hidden Power|p2a: Zapdos\n|-supereffective|p2a: Zapdos\n|-damage|p2a: Zapdos|0 fnt\n|faint|p2a: Zapdos\n|\n|upkeep\n|\n|t:|1618006832\n|switch|p2a: Charizard|Charizard-Mega-X, M|72\/100\n|turn|33\n|inactive|Goootzinho has 270 seconds left.\n|\n|t:|1618006867\n|move|p1a: Tapu Koko|U-turn|p2a: Charizard\n|-resisted|p2a: Charizard\n|-damage|p2a: Charizard|62\/100\n|\n|t:|1618006868\n|switch|p1a: Landorus|Landorus-Therian, M|52\/100|[from]move: U-turn\n|-damage|p1a: Landorus|39\/100|[from] Stealth Rock\n|-ability|p1a: Landorus|Intimidate|boost\n|-unboost|p2a: Charizard|atk|1\n|move|p2a: Charizard|Dragon Dance|p2a: Charizard\n|-boost|p2a: Charizard|atk|1\n|-boost|p2a: Charizard|spe|1\n|\n|-fieldend|move: Electric Terrain\n|upkeep\n|turn|34\n|\n|t:|1618006873\n|move|p2a: Charizard|Dragon Claw|p1a: Landorus\n|-damage|p1a: Landorus|0 fnt\n|-damage|p2a: Charizard|46\/100|[from] item: Rocky Helmet|[of] p1a: Landorus\n|faint|p1a: Landorus\n|\n|upkeep\n|\n|t:|1618006876\n|switch|p1a: Tapu Koko|Tapu Koko|73\/100\n|-damage|p1a: Tapu Koko|60\/100|[from] Stealth Rock\n|-fieldstart|move: Electric Terrain|[from] ability: Electric Surge|[of] p1a: Tapu Koko\n|turn|35\n|\n|t:|1618006883\n|move|p2a: Charizard|Earthquake|p1a: Tapu Koko\n|-supereffective|p1a: Tapu Koko\n|-damage|p1a: Tapu Koko|0 fnt\n|faint|p1a: Tapu Koko\n|\n|win|t0te\n","uploadtime":1618006884,"views":64,"p1id":"goootzinho","p2id":"t0te","formatid":"gen7ou","rating":0,"private":0,"password":null}