{"id":"smogtours-gen2ubers-628724","p1":"tolstoy","p2":"Mr.378","format":"gen2ubers","log":"|inactive|Battle timer is ON: inactive players will automatically lose when time's up.\n|t:|1653764605\n|gametype|singles\n|player|p1|tolstoy|lucas|\n|player|p2|Mr.378|sage-gen2jp|\n|teamsize|p1|6\n|teamsize|p2|6\n|gen|2\n|tier|[Gen 2] Ubers\n|rule|Sleep Clause Mod: Limit one foe put to sleep\n|rule|Freeze Clause Mod: Limit one foe frozen\n|rule|Species Clause: Limit one of each Pok\u00e9mon\n|rule|OHKO Clause: OHKO moves are banned\n|rule|Evasion Moves Clause: Evasion moves are banned\n|rule|Endless Battle Clause: Forcing endless battles is banned\n|rule|HP Percentage Mod: HP is shown in percentages\n|\n|t:|1653764605\n|start\n|switch|p1a: ABR|Cloyster, M|100\/100\n|switch|p2a: Snorlax|Snorlax, M|100\/100\n|turn|1\n|c|\u2606Mr.378|hf\n|c|\u2606tolstoy|u2\n|\n|t:|1653764624\n|move|p1a: ABR|Spikes|p2a: Snorlax\n|-sidestart|p2: Mr.378|Spikes\n|move|p2a: Snorlax|Curse|p2a: Snorlax\n|-unboost|p2a: Snorlax|spe|1\n|-boost|p2a: Snorlax|atk|1\n|-boost|p2a: Snorlax|def|1\n|\n|upkeep\n|turn|2\n|\n|t:|1653764631\n|move|p1a: ABR|Explosion|p2a: Snorlax\n|-damage|p2a: Snorlax|40\/100\n|faint|p1a: ABR\n|\n|t:|1653764636\n|switch|p1a: ima|Snorlax, M|100\/100\n|\n|-heal|p2a: Snorlax|46\/100|[from] item: Leftovers\n|upkeep\n|turn|3\n|\n|t:|1653764640\n|switch|p2a: Zapdos|Zapdos|100\/100\n|move|p1a: ima|Lovely Kiss|p2a: Zapdos\n|-status|p2a: Zapdos|slp|[from] move: Lovely Kiss\n|\n|upkeep\n|turn|4\n|\n|t:|1653764645\n|switch|p2a: Mewtwo|Mewtwo|100\/100\n|-damage|p2a: Mewtwo|88\/100|[from] Spikes\n|move|p1a: ima|Curse|p1a: ima\n|-unboost|p1a: ima|spe|1\n|-boost|p1a: ima|atk|1\n|-boost|p1a: ima|def|1\n|\n|-heal|p2a: Mewtwo|94\/100|[from] item: Leftovers\n|upkeep\n|turn|5\n|\n|t:|1653764648\n|move|p2a: Mewtwo|Barrier|p2a: Mewtwo\n|-boost|p2a: Mewtwo|def|2\n|move|p1a: ima|Double-Edge|p2a: Mewtwo\n|-damage|p2a: Mewtwo|67\/100\n|-damage|p1a: ima|95\/100|[from] Recoil|[of] p2a: Mewtwo\n|\n|-heal|p2a: Mewtwo|73\/100|[from] item: Leftovers\n|-heal|p1a: ima|100\/100|[from] item: Leftovers\n|upkeep\n|turn|6\n|\n|t:|1653764653\n|switch|p1a: pif|Zapdos|100\/100\n|move|p2a: Mewtwo|Barrier|p2a: Mewtwo\n|-boost|p2a: Mewtwo|def|2\n|\n|-heal|p2a: Mewtwo|79\/100|[from] item: Leftovers\n|upkeep\n|turn|7\n|\n|t:|1653764656\n|move|p2a: Mewtwo|Ice Beam|p1a: pif\n|-supereffective|p1a: pif\n|-damage|p1a: pif|44\/100\n|move|p1a: pif|Thunder Wave|p2a: Mewtwo\n|-status|p2a: Mewtwo|par\n|\n|-heal|p1a: pif|50\/100|[from] item: Leftovers\n|-heal|p2a: Mewtwo|85\/100 par|[from] item: Leftovers\n|upkeep\n|turn|8\n|\n|t:|1653764660\n|move|p1a: pif|Protect|p1a: pif\n|-singleturn|p1a: pif|Protect\n|move|p2a: Mewtwo|Ice Beam|p1a: pif\n|-activate|p1a: pif|Protect\n|\n|-heal|p1a: pif|56\/100|[from] item: Leftovers\n|-heal|p2a: Mewtwo|91\/100 par|[from] item: Leftovers\n|upkeep\n|turn|9\n|\n|t:|1653764671\n|switch|p1a: aiko|Mewtwo|100\/100\n|move|p2a: Mewtwo|Ice Beam|p1a: aiko\n|-damage|p1a: aiko|75\/100\n|\n|-heal|p1a: aiko|81\/100|[from] item: Leftovers\n|-heal|p2a: Mewtwo|97\/100 par|[from] item: Leftovers\n|upkeep\n|turn|10\n|\n|t:|1653764679\n|move|p1a: aiko|Ice Beam|p2a: Mewtwo\n|-damage|p2a: Mewtwo|71\/100 par\n|move|p2a: Mewtwo|Ice Beam|p1a: aiko\n|-damage|p1a: aiko|54\/100\n|\n|-heal|p1a: aiko|60\/100|[from] item: Leftovers\n|-heal|p2a: Mewtwo|77\/100 par|[from] item: Leftovers\n|upkeep\n|turn|11\n|\n|t:|1653764683\n|move|p1a: aiko|Ice Beam|p2a: Mewtwo\n|-damage|p2a: Mewtwo|49\/100 par\n|cant|p2a: Mewtwo|par\n|\n|-heal|p1a: aiko|66\/100|[from] item: Leftovers\n|-heal|p2a: Mewtwo|55\/100 par|[from] item: Leftovers\n|upkeep\n|turn|12\n|\n|t:|1653764688\n|move|p1a: aiko|Ice Beam|p2a: Mewtwo\n|-damage|p2a: Mewtwo|30\/100 par\n|move|p2a: Mewtwo|Recover|p2a: Mewtwo\n|-heal|p2a: Mewtwo|80\/100 par\n|\n|-heal|p1a: aiko|72\/100|[from] item: Leftovers\n|-heal|p2a: Mewtwo|86\/100 par|[from] item: Leftovers\n|upkeep\n|turn|13\n|\n|t:|1653764694\n|move|p1a: aiko|Ice Beam|p2a: Mewtwo\n|-damage|p2a: Mewtwo|59\/100 par\n|move|p2a: Mewtwo|Flamethrower|p1a: aiko\n|-damage|p1a: aiko|46\/100\n|\n|-heal|p1a: aiko|52\/100|[from] item: Leftovers\n|-heal|p2a: Mewtwo|65\/100 par|[from] item: Leftovers\n|upkeep\n|turn|14\n|\n|t:|1653764698\n|switch|p1a: ima2|Steelix, M|100\/100\n|move|p2a: Mewtwo|Recover|p2a: Mewtwo\n|-heal|p2a: Mewtwo|100\/100 par\n|\n|upkeep\n|turn|15\n|\n|t:|1653764700\n|move|p2a: Mewtwo|Flamethrower|p1a: ima2\n|-supereffective|p1a: ima2\n|-damage|p1a: ima2|32\/100\n|move|p1a: ima2|Roar|p2a: Mewtwo\n|drag|p2a: Rhydon|Rhydon, M|100\/100\n|-damage|p2a: Rhydon|88\/100|[from] Spikes\n|\n|-heal|p2a: Rhydon|94\/100|[from] item: Leftovers\n|-heal|p1a: ima2|38\/100|[from] item: Leftovers\n|upkeep\n|turn|16\n|\n|t:|1653764710\n|switch|p1a: pif|Zapdos|56\/100\n|move|p2a: Rhydon|Rock Slide|p1a: pif\n|-supereffective|p1a: pif\n|-damage|p1a: pif|0 fnt\n|faint|p1a: pif\n|\n|t:|1653764715\n|switch|p1a: aiko|Mewtwo|52\/100\n|\n|-heal|p1a: aiko|58\/100|[from] item: Leftovers\n|-heal|p2a: Rhydon|99\/100|[from] item: Leftovers\n|upkeep\n|turn|17\n|\n|t:|1653764724\n|switch|p2a: Mew|Mew|100\/100\n|-damage|p2a: Mew|88\/100|[from] Spikes\n|move|p1a: aiko|Ice Beam|p2a: Mew\n|-damage|p2a: Mew|63\/100\n|\n|-heal|p1a: aiko|64\/100|[from] item: Leftovers\n|-heal|p2a: Mew|69\/100|[from] item: Leftovers\n|upkeep\n|turn|18\n|\n|t:|1653764730\n|move|p1a: aiko|Thunder|p2a: Mew|[miss]\n|-miss|p1a: aiko\n|move|p2a: Mew|Explosion|p1a: aiko\n|-damage|p1a: aiko|0 fnt\n|faint|p2a: Mew\n|faint|p1a: aiko\n|\n|t:|1653764739\n|switch|p1a: ima|Snorlax, M|100\/100\n|switch|p2a: Celebi|Celebi|100\/100\n|-damage|p2a: Celebi|88\/100|[from] Spikes\n|\n|-heal|p2a: Celebi|94\/100|[from] item: Leftovers\n|upkeep\n|turn|19\n|\n|t:|1653764748\n|move|p2a: Celebi|Leech Seed|p1a: ima\n|-start|p1a: ima|move: Leech Seed\n|move|p1a: ima|Curse|p1a: ima\n|-unboost|p1a: ima|spe|1\n|-boost|p1a: ima|atk|1\n|-boost|p1a: ima|def|1\n|-damage|p1a: ima|88\/100|[from] Leech Seed|[of] p2a: Celebi\n|-heal|p2a: Celebi|100\/100|[silent]\n|\n|-heal|p1a: ima|94\/100|[from] item: Leftovers\n|upkeep\n|turn|20\n|\n|t:|1653764752\n|switch|p2a: Rhydon|Rhydon, M|99\/100\n|-damage|p2a: Rhydon|88\/100|[from] Spikes\n|move|p1a: ima|Curse|p1a: ima\n|-unboost|p1a: ima|spe|1\n|-boost|p1a: ima|atk|1\n|-boost|p1a: ima|def|1\n|-damage|p1a: ima|82\/100|[from] Leech Seed|[of] p2a: Rhydon\n|-heal|p2a: Rhydon|100\/100|[silent]\n|\n|-heal|p1a: ima|88\/100|[from] item: Leftovers\n|upkeep\n|turn|21\n|\n|t:|1653764757\n|move|p2a: Rhydon|Curse|p2a: Rhydon\n|-unboost|p2a: Rhydon|spe|1\n|-boost|p2a: Rhydon|atk|1\n|-boost|p2a: Rhydon|def|1\n|move|p1a: ima|Earthquake|p2a: Rhydon\n|-supereffective|p2a: Rhydon\n|-damage|p2a: Rhydon|55\/100\n|-damage|p1a: ima|75\/100|[from] Leech Seed|[of] p2a: Rhydon\n|-heal|p2a: Rhydon|71\/100|[silent]\n|\n|-heal|p2a: Rhydon|77\/100|[from] item: Leftovers\n|-heal|p1a: ima|82\/100|[from] item: Leftovers\n|upkeep\n|turn|22\n|\n|t:|1653764763\n|move|p2a: Rhydon|Earthquake|p1a: ima\n|-damage|p1a: ima|56\/100\n|move|p1a: ima|Earthquake|p2a: Rhydon\n|-supereffective|p2a: Rhydon\n|-damage|p2a: Rhydon|25\/100\n|-damage|p1a: ima|43\/100|[from] Leech Seed|[of] p2a: Rhydon\n|-heal|p2a: Rhydon|41\/100|[silent]\n|\n|-heal|p2a: Rhydon|47\/100|[from] item: Leftovers\n|-heal|p1a: ima|49\/100|[from] item: Leftovers\n|upkeep\n|turn|23\n|\n|t:|1653764771\n|move|p2a: Rhydon|Curse|p2a: Rhydon\n|-unboost|p2a: Rhydon|spe|1\n|-boost|p2a: Rhydon|atk|1\n|-boost|p2a: Rhydon|def|1\n|move|p1a: ima|Earthquake|p2a: Rhydon\n|-supereffective|p2a: Rhydon\n|-damage|p2a: Rhydon|11\/100\n|-damage|p1a: ima|37\/100|[from] Leech Seed|[of] p2a: Rhydon\n|-heal|p2a: Rhydon|26\/100|[silent]\n|\n|-heal|p2a: Rhydon|32\/100|[from] item: Leftovers\n|-heal|p1a: ima|43\/100|[from] item: Leftovers\n|upkeep\n|turn|24\n|\n|t:|1653764776\n|move|p2a: Rhydon|Earthquake|p1a: ima\n|-damage|p1a: ima|9\/100\n|move|p1a: ima|Earthquake|p2a: Rhydon\n|-supereffective|p2a: Rhydon\n|-damage|p2a: Rhydon|0 fnt\n|faint|p2a: Rhydon\n|\n|t:|1653764783\n|switch|p2a: Snorlax|Snorlax, M|46\/100\n|-damage|p2a: Snorlax|34\/100|[from] Spikes\n|\n|-heal|p2a: Snorlax|40\/100|[from] item: Leftovers\n|-heal|p1a: ima|15\/100|[from] item: Leftovers\n|upkeep\n|turn|25\n|\n|t:|1653764788\n|switch|p1a: ima2|Steelix, M|38\/100\n|move|p2a: Snorlax|Double-Edge|p1a: ima2\n|-resisted|p1a: ima2\n|-damage|p1a: ima2|26\/100\n|-damage|p2a: Snorlax|38\/100|[from] Recoil|[of] p1a: ima2\n|\n|-heal|p1a: ima2|32\/100|[from] item: Leftovers\n|-heal|p2a: Snorlax|44\/100|[from] item: Leftovers\n|upkeep\n|turn|26\n|\n|t:|1653764794\n|switch|p2a: Celebi|Celebi|100\/100\n|-damage|p2a: Celebi|88\/100|[from] Spikes\n|move|p1a: ima2|Curse|p1a: ima2\n|-unboost|p1a: ima2|spe|1\n|-boost|p1a: ima2|atk|1\n|-boost|p1a: ima2|def|1\n|\n|-heal|p2a: Celebi|94\/100|[from] item: Leftovers\n|-heal|p1a: ima2|38\/100|[from] item: Leftovers\n|upkeep\n|turn|27\n|\n|t:|1653764799\n|move|p2a: Celebi|Leech Seed|p1a: ima2|[miss]\n|-miss|p2a: Celebi\n|move|p1a: ima2|Explosion|p2a: Celebi\n|-damage|p2a: Celebi|0 fnt\n|faint|p1a: ima2\n|faint|p2a: Celebi\n|\n|t:|1653764809\n|switch|p2a: Mewtwo|Mewtwo|100\/100 par\n|switch|p1a: Time Go|Vaporeon, M|100\/100\n|-damage|p2a: Mewtwo|88\/100 par|[from] Spikes\n|\n|-heal|p2a: Mewtwo|94\/100 par|[from] item: Leftovers\n|upkeep\n|turn|28\n|\n|t:|1653764818\n|switch|p2a: Zapdos|Zapdos|100\/100 slp\n|move|p1a: Time Go|Growth|p1a: Time Go\n|-boost|p1a: Time Go|spa|1\n|\n|upkeep\n|turn|29\n|\n|t:|1653764821\n|cant|p2a: Zapdos|slp\n|move|p2a: Zapdos|Sleep Talk|p2a: Zapdos\n|move|p2a: Zapdos|Thunder|p1a: Time Go|[from]Sleep Talk|[miss]\n|-miss|p2a: Zapdos\n|move|p1a: Time Go|Growth|p1a: Time Go\n|-boost|p1a: Time Go|spa|1\n|\n|upkeep\n|turn|30\n|\n|t:|1653764825\n|cant|p2a: Zapdos|slp\n|move|p2a: Zapdos|Sleep Talk|p2a: Zapdos\n|move|p2a: Zapdos|Thunder|p1a: Time Go|[from]Sleep Talk|[miss]\n|-miss|p2a: Zapdos\n|move|p1a: Time Go|Surf|p2a: Zapdos\n|-damage|p2a: Zapdos|37\/100 slp\n|\n|-heal|p2a: Zapdos|43\/100 slp|[from] item: Leftovers\n|upkeep\n|turn|31\n|\n|t:|1653764829\n|-curestatus|p2a: Zapdos|slp|[msg]\n|move|p2a: Zapdos|Sleep Talk|p2a: Zapdos\n|move|p1a: Time Go|Surf|p2a: Zapdos\n|-damage|p2a: Zapdos|0 fnt\n|faint|p2a: Zapdos\n|\n|t:|1653764833\n|switch|p2a: Snorlax|Snorlax, M|44\/100\n|-damage|p2a: Snorlax|32\/100|[from] Spikes\n|\n|-heal|p2a: Snorlax|38\/100|[from] item: Leftovers\n|upkeep\n|turn|32\n|\n|t:|1653764850\n|move|p1a: Time Go|Surf|p2a: Snorlax\n|-damage|p2a: Snorlax|0 fnt\n|faint|p2a: Snorlax\n|c|\u2606tolstoy|gg\n|\n|t:|1653764854\n|switch|p2a: Mewtwo|Mewtwo|94\/100 par\n|-damage|p2a: Mewtwo|82\/100 par|[from] Spikes\n|\n|-heal|p2a: Mewtwo|88\/100 par|[from] item: Leftovers\n|upkeep\n|turn|33\n|c|\u2606Mr.378|gg\n|\n|t:|1653764860\n|move|p1a: Time Go|Surf|p2a: Mewtwo\n|-damage|p2a: Mewtwo|27\/100 par\n|cant|p2a: Mewtwo|par\n|\n|-heal|p2a: Mewtwo|33\/100 par|[from] item: Leftovers\n|upkeep\n|turn|34\n|\n|t:|1653764864\n|move|p1a: Time Go|Surf|p2a: Mewtwo\n|-damage|p2a: Mewtwo|0 fnt\n|faint|p2a: Mewtwo\n|\n|win|tolstoy\n","uploadtime":1653764865,"views":453,"p1id":"tolstoy","p2id":"mr378","formatid":"gen2ubers","rating":0,"private":0,"password":null}