{"id":"smogtours-gen6ou-648945","p1":"Kebab mlml","p2":"Mimikyu Stardust","format":"gen6ou","log":"|inactive|Battle timer is ON: inactive players will automatically lose when time's up.\n|t:|1663510350\n|gametype|singles\n|player|p1|Kebab mlml|volkner|\n|player|p2|Mimikyu Stardust|#mimikyustardust|\n|teamsize|p1|6\n|teamsize|p2|6\n|gen|6\n|tier|[Gen 6] OU\n|rule|Sleep Clause Mod: Limit one foe put to sleep\n|rule|Species Clause: Limit one of each Pok\u00e9mon\n|rule|OHKO Clause: OHKO moves are banned\n|rule|Moody Clause: Moody is banned\n|rule|Evasion Items Clause: Evasion items are banned\n|rule|Evasion Moves Clause: Evasion moves are banned\n|rule|Endless Battle Clause: Forcing endless battles is banned\n|rule|HP Percentage Mod: HP is shown in percentages\n|rule|Swagger Clause: Swagger is banned\n|clearpoke\n|poke|p1|Medicham, F|item\n|poke|p1|Rotom-Wash|item\n|poke|p1|Tornadus-Therian, M|item\n|poke|p1|Excadrill, M|item\n|poke|p1|Slowbro, F|item\n|poke|p1|Hydreigon, M|item\n|poke|p2|Clefable, M|item\n|poke|p2|Metagross|item\n|poke|p2|Gliscor, M|item\n|poke|p2|Ferrothorn, F|item\n|poke|p2|Tornadus-Therian, M|item\n|poke|p2|Keldeo|item\n|teampreview\n|c|\u2606Kebab mlml|hf\n|c|\u2606Mimikyu Stardust|hf\n|inactive|Mimikyu Stardust has 270 seconds left.\n|\n|t:|1663510392\n|start\n|switch|p1a: Rotom|Rotom-Wash|100\/100\n|switch|p2a: Tornadus|Tornadus-Therian, M|100\/100\n|turn|1\n|\n|t:|1663510404\n|move|p1a: Rotom|Thunder Wave|p2a: Tornadus\n|-status|p2a: Tornadus|par\n|move|p2a: Tornadus|U-turn|p1a: Rotom\n|-damage|p1a: Rotom|83\/100\n|\n|t:|1663510410\n|switch|p2a: Gliscor|Gliscor, M|100\/100|[from]move: U-turn\n|\n|-status|p2a: Gliscor|tox|[from] item: Toxic Orb\n|upkeep\n|turn|2\n|inactive|Mimikyu Stardust has 270 seconds left.\n|\n|t:|1663510450\n|switch|p1a: Slowbro|Slowbro, F|100\/100\n|switch|p2a: Ferrothorn|Ferrothorn, F|100\/100\n|\n|upkeep\n|turn|3\n|\n|t:|1663510474\n|switch|p1a: Medicham|Medicham, F|100\/100\n|move|p2a: Ferrothorn|Stealth Rock|p1a: Medicham\n|-sidestart|p1: Kebab mlml|move: Stealth Rock\n|\n|upkeep\n|turn|4\n|inactive|Mimikyu Stardust has 270 seconds left.\n|inactive|Mimikyu Stardust has 240 seconds left.\n|\n|t:|1663510511\n|switch|p2a: Tornadus|Tornadus-Therian, M|100\/100 par\n|detailschange|p1a: Medicham|Medicham-Mega, F\n|-mega|p1a: Medicham|Medicham|Medichamite\n|move|p1a: Medicham|High Jump Kick|p2a: Tornadus\n|-resisted|p2a: Tornadus\n|-damage|p2a: Tornadus|26\/100 par\n|\n|upkeep\n|turn|5\n|\n|t:|1663510523\n|move|p1a: Medicham|High Jump Kick|p2a: Tornadus\n|-resisted|p2a: Tornadus\n|-damage|p2a: Tornadus|0 fnt\n|faint|p2a: Tornadus\n|\n|upkeep\n|\n|t:|1663510527\n|switch|p2a: Keldeo|Keldeo|100\/100\n|turn|6\n|\n|t:|1663510541\n|switch|p1a: Tornadus|Tornadus-Therian, M|100\/100\n|-damage|p1a: Tornadus|76\/100|[from] Stealth Rock\n|move|p2a: Keldeo|Hydro Pump|p1a: Tornadus\n|-damage|p1a: Tornadus|13\/100\n|\n|upkeep\n|turn|7\n|inactive|Mimikyu Stardust has 270 seconds left.\n|\n|t:|1663510564\n|switch|p2a: Clefable|Clefable, M|100\/100\n|move|p1a: Tornadus|U-turn|p2a: Clefable\n|-resisted|p2a: Clefable\n|-damage|p2a: Clefable|94\/100\n|\n|t:|1663510567\n|switch|p1a: Excadrill|Excadrill, M|100\/100|[from]move: U-turn\n|-damage|p1a: Excadrill|97\/100|[from] Stealth Rock\n|-ability|p1a: Excadrill|Mold Breaker\n|\n|-heal|p1a: Excadrill|100\/100|[from] item: Leftovers\n|-heal|p2a: Clefable|99\/100|[from] item: Leftovers\n|upkeep\n|turn|8\n|\n|t:|1663510573\n|switch|p2a: Keldeo|Keldeo|100\/100\n|move|p1a: Excadrill|Rapid Spin|p2a: Keldeo\n|-damage|p2a: Keldeo|94\/100\n|-sideend|p1: Kebab mlml|Stealth Rock|[from] move: Rapid Spin|[of] p1a: Excadrill\n|\n|upkeep\n|turn|9\n|\n|t:|1663510580\n|switch|p1a: Slowbro|Slowbro, F|100\/100\n|move|p2a: Keldeo|Hydro Pump|p1a: Slowbro\n|-resisted|p1a: Slowbro\n|-damage|p1a: Slowbro|59\/100\n|\n|upkeep\n|turn|10\n|\n|t:|1663510587\n|switch|p2a: Ferrothorn|Ferrothorn, F|100\/100\n|move|p1a: Slowbro|Slack Off|p1a: Slowbro\n|-heal|p1a: Slowbro|100\/100\n|\n|upkeep\n|turn|11\n|\n|t:|1663510594\n|switch|p1a: Medicham|Medicham-Mega, F|100\/100\n|move|p2a: Ferrothorn|Stealth Rock|p1a: Medicham\n|-sidestart|p1: Kebab mlml|move: Stealth Rock\n|\n|upkeep\n|turn|12\n|\n|t:|1663510617\n|switch|p2a: Gliscor|Gliscor, M|100\/100 tox\n|move|p1a: Medicham|High Jump Kick|p2a: Gliscor\n|-resisted|p2a: Gliscor\n|-damage|p2a: Gliscor|55\/100 tox\n|\n|-heal|p2a: Gliscor|68\/100 tox|[from] ability: Poison Heal\n|upkeep\n|turn|13\n|\n|t:|1663510633\n|switch|p2a: Keldeo|Keldeo|94\/100\n|move|p1a: Medicham|Zen Headbutt|p2a: Keldeo\n|-supereffective|p2a: Keldeo\n|-damage|p2a: Keldeo|0 fnt\n|faint|p2a: Keldeo\n|\n|upkeep\n|\n|t:|1663510636\n|switch|p2a: Metagross|Metagross|100\/100\n|turn|14\n|\n|t:|1663510649\n|switch|p1a: Slowbro|Slowbro, F|100\/100\n|-damage|p1a: Slowbro|88\/100|[from] Stealth Rock\n|detailschange|p2a: Metagross|Metagross-Mega\n|-mega|p2a: Metagross|Metagross|Metagrossite\n|move|p2a: Metagross|Thunder Punch|p1a: Slowbro\n|-supereffective|p1a: Slowbro\n|-damage|p1a: Slowbro|41\/100\n|-status|p1a: Slowbro|par\n|-damage|p2a: Metagross|84\/100|[from] item: Rocky Helmet|[of] p1a: Slowbro\n|\n|upkeep\n|turn|15\n|\n|t:|1663510666\n|switch|p1a: Tornadus|Tornadus-Therian, M|46\/100\n|-damage|p1a: Tornadus|22\/100|[from] Stealth Rock\n|move|p2a: Metagross|Thunder Punch|p1a: Tornadus\n|-supereffective|p1a: Tornadus\n|-damage|p1a: Tornadus|0 fnt\n|faint|p1a: Tornadus\n|\n|upkeep\n|\n|t:|1663510676\n|switch|p1a: Slowbro|Slowbro, F|74\/100 par\n|-damage|p1a: Slowbro|62\/100 par|[from] Stealth Rock\n|turn|16\n|\n|t:|1663510703\n|switch|p2a: Gliscor|Gliscor, M|68\/100 tox\n|move|p1a: Slowbro|Slack Off|p1a: Slowbro\n|-heal|p1a: Slowbro|100\/100 par\n|\n|-heal|p2a: Gliscor|80\/100 tox|[from] ability: Poison Heal\n|upkeep\n|turn|17\n|\n|t:|1663510715\n|move|p2a: Gliscor|Swords Dance|p2a: Gliscor\n|-boost|p2a: Gliscor|atk|2\n|cant|p1a: Slowbro|par\n|\n|-heal|p2a: Gliscor|93\/100 tox|[from] ability: Poison Heal\n|upkeep\n|turn|18\n|\n|t:|1663510720\n|move|p2a: Gliscor|Earthquake|p1a: Slowbro\n|-damage|p1a: Slowbro|59\/100 par\n|cant|p1a: Slowbro|par\n|\n|-heal|p2a: Gliscor|100\/100 tox|[from] ability: Poison Heal\n|upkeep\n|turn|19\n|\n|t:|1663510728\n|move|p2a: Gliscor|Rock Slide|p1a: Slowbro\n|-damage|p1a: Slowbro|39\/100 par\n|move|p1a: Slowbro|Ice Beam|p2a: Gliscor\n|-supereffective|p2a: Gliscor\n|-crit|p2a: Gliscor\n|-damage|p2a: Gliscor|0 fnt\n|faint|p2a: Gliscor\n|\n|upkeep\n|\n|t:|1663510738\n|switch|p2a: Metagross|Metagross-Mega|84\/100\n|turn|20\n|\n|t:|1663510754\n|switch|p1a: Hydreigon|Hydreigon, M|100\/100\n|-damage|p1a: Hydreigon|88\/100|[from] Stealth Rock\n|move|p2a: Metagross|Thunder Punch|p1a: Hydreigon\n|-resisted|p1a: Hydreigon\n|-damage|p1a: Hydreigon|65\/100\n|\n|upkeep\n|turn|21\n|\n|t:|1663510762\n|switch|p1a: Slowbro|Slowbro, F|72\/100 par\n|-damage|p1a: Slowbro|60\/100 par|[from] Stealth Rock\n|move|p2a: Metagross|Meteor Mash|p1a: Slowbro|[miss]\n|-miss|p2a: Metagross|p1a: Slowbro\n|\n|upkeep\n|turn|22\n|\n|t:|1663510772\n|move|p2a: Metagross|Thunder Punch|p1a: Slowbro\n|-supereffective|p1a: Slowbro\n|-damage|p1a: Slowbro|12\/100 par\n|-damage|p2a: Metagross|67\/100|[from] item: Rocky Helmet|[of] p1a: Slowbro\n|move|p1a: Slowbro|Slack Off|p1a: Slowbro\n|-heal|p1a: Slowbro|62\/100 par\n|\n|upkeep\n|turn|23\n|\n|t:|1663510780\n|switch|p2a: Clefable|Clefable, M|99\/100\n|cant|p1a: Slowbro|par\n|\n|-heal|p2a: Clefable|100\/100|[from] item: Leftovers\n|upkeep\n|turn|24\n|\n|t:|1663510785\n|switch|p2a: Metagross|Metagross-Mega|67\/100\n|switch|p1a: Excadrill|Excadrill, M|100\/100\n|-damage|p1a: Excadrill|97\/100|[from] Stealth Rock\n|-ability|p1a: Excadrill|Mold Breaker\n|\n|-heal|p1a: Excadrill|100\/100|[from] item: Leftovers\n|upkeep\n|turn|25\n|\n|t:|1663510793\n|switch|p1a: Slowbro|Slowbro, F|95\/100 par\n|-damage|p1a: Slowbro|83\/100 par|[from] Stealth Rock\n|move|p2a: Metagross|Thunder Punch|p1a: Slowbro\n|-supereffective|p1a: Slowbro\n|-damage|p1a: Slowbro|40\/100 par\n|-damage|p2a: Metagross|51\/100|[from] item: Rocky Helmet|[of] p1a: Slowbro\n|\n|upkeep\n|turn|26\n|\n|t:|1663510807\n|switch|p1a: Hydreigon|Hydreigon, M|65\/100\n|-damage|p1a: Hydreigon|53\/100|[from] Stealth Rock\n|move|p2a: Metagross|Thunder Punch|p1a: Hydreigon\n|-resisted|p1a: Hydreigon\n|-damage|p1a: Hydreigon|33\/100\n|\n|upkeep\n|turn|27\n|\n|t:|1663510819\n|switch|p1a: Slowbro|Slowbro, F|73\/100 par\n|-damage|p1a: Slowbro|60\/100 par|[from] Stealth Rock\n|move|p2a: Metagross|Meteor Mash|p1a: Slowbro\n|-resisted|p1a: Slowbro\n|-damage|p1a: Slowbro|40\/100 par\n|-boost|p2a: Metagross|atk|1\n|-damage|p2a: Metagross|34\/100|[from] item: Rocky Helmet|[of] p1a: Slowbro\n|\n|upkeep\n|turn|28\n|\n|t:|1663510827\n|switch|p1a: Hydreigon|Hydreigon, M|33\/100\n|-damage|p1a: Hydreigon|21\/100|[from] Stealth Rock\n|move|p2a: Metagross|Thunder Punch|p1a: Hydreigon\n|-resisted|p1a: Hydreigon\n|-damage|p1a: Hydreigon|0 fnt\n|faint|p1a: Hydreigon\n|\n|upkeep\n|\n|t:|1663510833\n|switch|p1a: Rotom|Rotom-Wash|83\/100\n|-damage|p1a: Rotom|70\/100|[from] Stealth Rock\n|turn|29\n|\n|t:|1663510837\n|switch|p2a: Ferrothorn|Ferrothorn, F|100\/100\n|move|p1a: Rotom|Volt Switch|p2a: Ferrothorn\n|-resisted|p2a: Ferrothorn\n|-damage|p2a: Ferrothorn|88\/100\n|\n|t:|1663510843\n|switch|p1a: Medicham|Medicham-Mega, F|100\/100|[from]move: Volt Switch\n|-damage|p1a: Medicham|94\/100|[from] Stealth Rock\n|\n|-heal|p2a: Ferrothorn|94\/100|[from] item: Leftovers\n|upkeep\n|turn|30\n|\n|t:|1663510846\n|move|p1a: Medicham|High Jump Kick|p2a: Ferrothorn\n|-supereffective|p2a: Ferrothorn\n|-crit|p2a: Ferrothorn\n|-damage|p2a: Ferrothorn|0 fnt\n|-damage|p1a: Medicham|82\/100|[from] ability: Iron Barbs|[of] p2a: Ferrothorn\n|faint|p2a: Ferrothorn\n|\n|upkeep\n|\n|t:|1663510849\n|switch|p2a: Clefable|Clefable, M|100\/100\n|turn|31\n|\n|t:|1663510858\n|move|p1a: Medicham|Zen Headbutt|p2a: Clefable\n|-damage|p2a: Clefable|26\/100\n|cant|p2a: Clefable|flinch\n|\n|-heal|p2a: Clefable|32\/100|[from] item: Leftovers\n|upkeep\n|turn|32\n|\n|t:|1663510861\n|move|p1a: Medicham|Bullet Punch|p2a: Clefable\n|-supereffective|p2a: Clefable\n|-damage|p2a: Clefable|0 fnt\n|faint|p2a: Clefable\n|\n|upkeep\n|c|\u2606Mimikyu Stardust|gg\n|c|\u2606Kebab mlml|gg\n|-message|Mimikyu Stardust forfeited.\n|\n|win|Kebab mlml\n","uploadtime":1663510872,"views":23,"p1id":"kebabmlml","p2id":"mimikyustardust","formatid":"gen6ou","rating":0,"private":0,"password":null}