{"id":"smogtours-gen7ou-549528","p1":"ashwins72","p2":"Redemption","format":"gen7ou","log":"|inactive|Battle timer is ON: inactive players will automatically lose when time's up.\n|t:|1616350130\n|player|p1|ashwins72|shelly|\n|player|p2|Redemption|flint|\n|teamsize|p1|6\n|teamsize|p2|6\n|gametype|singles\n|gen|7\n|tier|[Gen 7] OU\n|clearpoke\n|poke|p1|Medicham, M|item\n|poke|p1|Tornadus-Therian, M|item\n|poke|p1|Landorus-Therian, M|item\n|poke|p1|Greninja, M|item\n|poke|p1|Rotom-Wash|item\n|poke|p1|Magearna|item\n|poke|p2|Electrode|item\n|poke|p2|Charizard, F|item\n|poke|p2|Thundurus, M|item\n|poke|p2|Azelf|item\n|poke|p2|Manaphy|item\n|poke|p2|Greninja, F|item\n|rule|Sleep Clause Mod: Limit one foe put to sleep\n|rule|Species Clause: Limit one of each Pok\u00e9mon\n|rule|OHKO Clause: OHKO moves are banned\n|rule|Moody Clause: Moody is banned\n|rule|Evasion Moves Clause: Evasion moves are banned\n|rule|Endless Battle Clause: Forcing endless battles is banned\n|rule|HP Percentage Mod: HP is shown in percentages\n|teampreview\n|c|+McMeghan|.\n|c|+Don Colombus|reeeeed\n|c|\u2606ashwins72|man\n|c|+Don Colombus|c'est quoi \u00e7a encore\n|c|+Don Colombus|go win enfaite\n|\n|t:|1616350155\n|start\n|switch|p1a: Medicham|Medicham, M|100\/100\n|switch|p2a: Electrode|Electrode, shiny|100\/100\n|turn|1\n|\n|t:|1616350160\n|detailschange|p1a: Medicham|Medicham-Mega, M\n|-mega|p1a: Medicham|Medicham|Medichamite\n|move|p1a: Medicham|Fake Out|p2a: Electrode\n|-damage|p2a: Electrode|66\/100\n|cant|p2a: Electrode|flinch\n|\n|upkeep\n|turn|2\n|\n|t:|1616350163\n|move|p2a: Electrode|Reflect|p2a: Electrode\n|-sidestart|p2: Redemption|Reflect\n|move|p1a: Medicham|Zen Headbutt|p2a: Electrode\n|-damage|p2a: Electrode|17\/100\n|\n|upkeep\n|turn|3\n|\n|t:|1616350173\n|move|p2a: Electrode|Light Screen|p2a: Electrode\n|-sidestart|p2: Redemption|move: Light Screen\n|move|p1a: Medicham|Zen Headbutt|p2a: Electrode\n|-damage|p2a: Electrode|0 fnt\n|-damage|p1a: Medicham|76\/100|[from] ability: Aftermath|[of] p2a: Electrode\n|faint|p2a: Electrode\n|\n|upkeep\n|c|+parivard|Ashwin bhai kahan south se h kya\n|inactive|Redemption has 270 seconds left.\n|c|\u2606ashwins72|:\/\n|\n|t:|1616350211\n|switch|p2a: Manaphy|Manaphy|100\/100\n|turn|4\n|c|+parivard|Oh you are ash wins\n|c|+parivard|Shit\n|c|+parivard|Sorry\n|\n|t:|1616350221\n|move|p1a: Medicham|High Jump Kick|p2a: Manaphy\n|-damage|p2a: Manaphy|44\/100\n|-enditem|p2a: Manaphy|Kee Berry|[eat]\n|-boost|p2a: Manaphy|def|1|[from] item: Kee Berry\n|move|p2a: Manaphy|Calm Mind|p2a: Manaphy\n|-boost|p2a: Manaphy|spa|1\n|-boost|p2a: Manaphy|spd|1\n|\n|upkeep\n|turn|5\n|inactive|Redemption has 270 seconds left.\n|\n|t:|1616350231\n|switch|p1a: Magearna|Magearna|100\/100\n|move|p2a: Manaphy|Scald|p1a: Magearna\n|-damage|p1a: Magearna|79\/100\n|\n|upkeep\n|turn|6\n|\n|t:|1616350239\n|move|p2a: Manaphy|Rain Dance|p2a: Manaphy\n|-weather|RainDance\n|move|p1a: Magearna|Volt Switch|p2a: Manaphy\n|-supereffective|p2a: Manaphy\n|-damage|p2a: Manaphy|31\/100\n|\n|t:|1616350245\n|switch|p1a: Medicham|Medicham-Mega, M|76\/100|[from]move: Volt Switch\n|\n|-weather|RainDance|[upkeep]\n|upkeep\n|turn|7\n|\n|t:|1616350250\n|move|p2a: Manaphy|Scald|p1a: Medicham\n|-damage|p1a: Medicham|0 fnt\n|faint|p1a: Medicham\n|\n|-weather|RainDance|[upkeep]\n|upkeep\n|c|+Don Colombus|voil\u00e0 go win \n|\n|t:|1616350273\n|switch|p1a: Rotom|Rotom-Wash|100\/100\n|turn|8\n|\n|t:|1616350279\n|move|p1a: Rotom|Volt Switch|p2a: Manaphy\n|-supereffective|p2a: Manaphy\n|-damage|p2a: Manaphy|14\/100\n|\n|t:|1616350282\n|switch|p1a: Tornadus|Tornadus-Therian, M|100\/100|[from]move: Volt Switch\n|move|p2a: Manaphy|Rest|p2a: Manaphy\n|-status|p2a: Manaphy|slp|[from] move: Rest\n|-heal|p2a: Manaphy|100\/100 slp|[silent]\n|\n|-weather|RainDance|[upkeep]\n|-activate|p2a: Manaphy|ability: Hydration\n|-curestatus|p2a: Manaphy|slp|[msg]\n|upkeep\n|turn|9\n|\n|t:|1616350306\n|move|p1a: Tornadus|U-turn|p2a: Manaphy\n|-damage|p2a: Manaphy|96\/100\n|\n|t:|1616350308\n|switch|p1a: Rotom|Rotom-Wash|100\/100|[from]move: U-turn\n|move|p2a: Manaphy|Scald|p1a: Rotom\n|-resisted|p1a: Rotom\n|-damage|p1a: Rotom|59\/100\n|\n|-weather|RainDance|[upkeep]\n|-sideend|p2: Redemption|Reflect\n|upkeep\n|turn|10\n|\n|t:|1616350324\n|move|p1a: Rotom|Trick|p2a: Manaphy\n|-activate|p1a: Rotom|move: Trick|[of] p2a: Manaphy\n|-item|p2a: Manaphy|Choice Scarf|[from] move: Trick\n|-enditem|p1a: Rotom|Choice Scarf|[silent]|[from] move: Trick\n|move|p2a: Manaphy|Calm Mind|p2a: Manaphy\n|-boost|p2a: Manaphy|spa|1\n|-boost|p2a: Manaphy|spd|1\n|\n|-weather|none\n|-sideend|p2: Redemption|move: Light Screen\n|upkeep\n|turn|11\n|\n|t:|1616350329\n|switch|p2a: Azelf|Azelf|100\/100\n|move|p1a: Rotom|Volt Switch|p2a: Azelf\n|-damage|p2a: Azelf|65\/100\n|\n|t:|1616350332\n|switch|p1a: Greninja|Greninja, M|100\/100|[from]move: Volt Switch\n|\n|upkeep\n|turn|12\n|\n|t:|1616350339\n|switch|p2a: Manaphy|Manaphy|96\/100\n|move|p1a: Greninja|Dark Pulse|p2a: Manaphy\n|-damage|p2a: Manaphy|43\/100\n|\n|upkeep\n|turn|13\n|\n|t:|1616350344\n|move|p2a: Manaphy|Scald|p1a: Greninja\n|-resisted|p1a: Greninja\n|-damage|p1a: Greninja|71\/100\n|move|p1a: Greninja|Dark Pulse|p2a: Manaphy\n|-damage|p2a: Manaphy|0 fnt\n|faint|p2a: Manaphy\n|-activate|p1a: Greninja|ability: Battle Bond\n|detailschange|p1a: Greninja|Greninja-Ash, M\n|\n|upkeep\n|\n|t:|1616350352\n|switch|p2a: Greninja|Greninja, F|100\/100\n|turn|14\n|\n|t:|1616350366\n|switch|p1a: Rotom|Rotom-Wash|59\/100\n|move|p2a: Greninja|Work Up|p2a: Greninja\n|-start|p2a: Greninja|typechange|Normal|[from] ability: Protean\n|-boost|p2a: Greninja|atk|1\n|-boost|p2a: Greninja|spa|1\n|\n|upkeep\n|turn|15\n|\n|t:|1616350380\n|move|p2a: Greninja|Gunk Shot|p1a: Rotom|[miss]\n|-start|p2a: Greninja|typechange|Poison|[from] ability: Protean\n|-miss|p2a: Greninja|p1a: Rotom\n|move|p1a: Rotom|Volt Switch|p2a: Greninja\n|-damage|p2a: Greninja|62\/100\n|\n|t:|1616350383\n|switch|p1a: Greninja|Greninja-Ash, M|71\/100|[from]move: Volt Switch\n|\n|upkeep\n|turn|16\n|\n|t:|1616350389\n|move|p1a: Greninja|Dark Pulse|p2a: Greninja\n|-damage|p2a: Greninja|0 fnt\n|faint|p2a: Greninja\n|\n|upkeep\n|\n|t:|1616350405\n|switch|p2a: Thundurus|Thundurus, M|100\/100\n|turn|17\n|\n|t:|1616350414\n|switch|p1a: Magearna|Magearna|79\/100\n|move|p2a: Thundurus|Bulk Up|p2a: Thundurus\n|-boost|p2a: Thundurus|atk|1\n|-boost|p2a: Thundurus|def|1\n|\n|upkeep\n|turn|18\n|\n|t:|1616350428\n|move|p2a: Thundurus|Wild Charge|p1a: Magearna\n|-damage|p1a: Magearna|33\/100\n|-damage|p2a: Thundurus|86\/100|[from] Recoil\n|move|p1a: Magearna|Ice Beam|p2a: Thundurus\n|-supereffective|p2a: Thundurus\n|-damage|p2a: Thundurus|18\/100\n|-status|p2a: Thundurus|frz\n|\n|upkeep\n|turn|19\n|c|\u2606ashwins72|thats rough bro sorry\n|\n|t:|1616350438\n|-curestatus|p2a: Thundurus|frz|[msg]\n|move|p2a: Thundurus|Wild Charge|p1a: Magearna\n|-damage|p1a: Magearna|0 fnt\n|-damage|p2a: Thundurus|8\/100|[from] Recoil\n|faint|p1a: Magearna\n|\n|upkeep\n|\n|t:|1616350445\n|switch|p1a: Greninja|Greninja-Ash, M|71\/100\n|turn|20\n|\n|t:|1616350456\n|move|p1a: Greninja|Water Shuriken|p2a: Thundurus\n|-damage|p2a: Thundurus|0 fnt\n|-hitcount|p2a: Thundurus|1\n|faint|p2a: Thundurus\n|\n|upkeep\n|\n|t:|1616350465\n|switch|p2a: Azelf|Azelf|65\/100\n|turn|21\n|\n|t:|1616350479\n|move|p1a: Greninja|Water Shuriken|p2a: Azelf\n|-damage|p2a: Azelf|40\/100\n|-damage|p2a: Azelf|18\/100\n|-crit|p2a: Azelf\n|-damage|p2a: Azelf|0 fnt\n|-hitcount|p2a: Azelf|3\n|faint|p2a: Azelf\n|\n|upkeep\n|\n|t:|1616350485\n|switch|p2a: Charizard|Charizard, F|100\/100\n|turn|22\n|\n|t:|1616350493\n|switch|p1a: Landorus|Landorus-Therian, M|100\/100\n|-ability|p1a: Landorus|Intimidate|boost\n|-unboost|p2a: Charizard|atk|1\n|detailschange|p2a: Charizard|Charizard-Mega-X, F\n|-mega|p2a: Charizard|Charizard|Charizardite X\n|move|p2a: Charizard|Belly Drum|p2a: Charizard\n|-damage|p2a: Charizard|51\/100\n|-setboost|p2a: Charizard|atk|6|[from] move: Belly Drum\n|\n|upkeep\n|turn|23\n|c|+Don Colombus|allllez zard\n|\n|t:|1616350508\n|move|p2a: Charizard|Flame Charge|p1a: Landorus\n|-damage|p1a: Landorus|0 fnt\n|-boost|p2a: Charizard|spe|1\n|faint|p1a: Landorus\n|\n|upkeep\n|\n|t:|1616350510\n|switch|p1a: Greninja|Greninja-Ash, M|71\/100\n|turn|24\n|\n|t:|1616350516\n|move|p1a: Greninja|Water Shuriken|p2a: Charizard\n|-damage|p2a: Charizard|28\/100\n|-damage|p2a: Charizard|3\/100\n|-damage|p2a: Charizard|0 fnt\n|-hitcount|p2a: Charizard|3\n|faint|p2a: Charizard\n|\n|win|ashwins72\n|c|\u2606ashwins72|gg\n|c|+spatulakun|VANS\n|c|+spatulakun|POPPED OFF\n","uploadtime":1616350517,"views":252,"p1id":"ashwins72","p2id":"redemption","formatid":"gen7ou","rating":0,"private":0,"password":null}