{"id":"smogtours-gen8anythinggoes-660234","p1":"Fc \u2764","p2":"Skysolo \u2764","format":"gen8anythinggoes","log":"|inactive|Battle timer is ON: inactive players will automatically lose when time's up.\n|t:|1667783642\n|gametype|singles\n|player|p1|Fc \u2764|#lcplxiskittycommittee|\n|player|p2|Skysolo \u2764|#pspl2019ubers|\n|teamsize|p1|6\n|teamsize|p2|6\n|gen|8\n|tier|[Gen 8] Anything Goes\n|rule|HP Percentage Mod: HP is shown in percentages\n|rule|Endless Battle Clause: Forcing endless battles is banned\n|clearpoke\n|poke|p1|Zacian-*|\n|poke|p1|Necrozma-Dusk-Mane|\n|poke|p1|Yveltal|\n|poke|p1|Eternatus|\n|poke|p1|Kyogre|\n|poke|p1|Ditto|\n|poke|p2|Eternatus|\n|poke|p2|Zygarde|\n|poke|p2|Necrozma-Dusk-Mane|\n|poke|p2|Yveltal|\n|poke|p2|Ho-Oh|\n|poke|p2|Zacian-*|\n|teampreview\n|raw|<div class=\"broadcast-red\"><strong>Moderated chat was set to \u2606!<\/strong><br \/>Only users of rank \u2606 and higher can talk.<\/div>\n|c|\u2606Fc \u2764|hf\n|inactive|Fc \u2764 has 270 seconds left.\n|inactive|Skysolo \u2764 has 270 seconds left.\n|c|\u2606Skysolo \u2764|u2\n|inactive|Fc \u2764 has 240 seconds left.\n|inactive|Skysolo \u2764 has 240 seconds left.\n|\n|t:|1667783714\n|start\n|switch|p1a: Yveltal|Yveltal|100\/100\n|switch|p2a: Yveltal|Yveltal|100\/100\n|-ability|p2a: Yveltal|Dark Aura\n|-ability|p1a: Yveltal|Dark Aura\n|turn|1\n|\n|t:|1667783724\n|move|p2a: Yveltal|Knock Off|p1a: Yveltal\n|-resisted|p1a: Yveltal\n|-damage|p1a: Yveltal|74\/100\n|-enditem|p1a: Yveltal|Heavy-Duty Boots|[from] move: Knock Off|[of] p2a: Yveltal\n|move|p1a: Yveltal|Knock Off|p2a: Yveltal\n|-resisted|p2a: Yveltal\n|-damage|p2a: Yveltal|74\/100\n|-enditem|p2a: Yveltal|Heavy-Duty Boots|[from] move: Knock Off|[of] p1a: Yveltal\n|\n|upkeep\n|turn|2\n|\n|t:|1667783733\n|move|p2a: Yveltal|Knock Off|p1a: Yveltal\n|-resisted|p1a: Yveltal\n|-crit|p1a: Yveltal\n|-damage|p1a: Yveltal|49\/100\n|move|p1a: Yveltal|U-turn|p2a: Yveltal\n|-damage|p2a: Yveltal|54\/100\n|\n|t:|1667783735\n|switch|p1a: Zacian|Zacian-Crowned|100\/100|[from]move: U-turn\n|-ability|p1a: Zacian|Intrepid Sword|boost\n|-boost|p1a: Zacian|atk|1\n|\n|upkeep\n|turn|3\n|\n|t:|1667783754\n|switch|p2a: Necrozma|Necrozma-Dusk-Mane|100\/100\n|move|p1a: Zacian|Close Combat|p2a: Necrozma\n|-damage|p2a: Necrozma|55\/100\n|-unboost|p1a: Zacian|def|1\n|-unboost|p1a: Zacian|spd|1\n|\n|upkeep\n|turn|4\n|\n|t:|1667783762\n|switch|p1a: Kyogre|Kyogre|100\/100\n|-weather|RainDance|[from] ability: Drizzle|[of] p1a: Kyogre\n|move|p2a: Necrozma|Morning Sun|p2a: Necrozma\n|-heal|p2a: Necrozma|80\/100\n|\n|-weather|RainDance|[upkeep]\n|upkeep\n|turn|5\n|\n|t:|1667783770\n|switch|p1a: Zacian|Zacian-Crowned|100\/100\n|-ability|p1a: Zacian|Intrepid Sword|boost\n|-boost|p1a: Zacian|atk|1\n|switch|p2a: Eternatus|Eternatus|100\/100\n|-ability|p2a: Eternatus|Pressure\n|\n|-weather|RainDance|[upkeep]\n|upkeep\n|turn|6\n|\n|t:|1667783784\n|move|p1a: Zacian|Behemoth Blade|p2a: Eternatus\n|-damage|p2a: Eternatus|20\/100\n|move|p2a: Eternatus|Recover|p2a: Eternatus\n|-heal|p2a: Eternatus|70\/100\n|\n|-weather|RainDance|[upkeep]\n|upkeep\n|turn|7\n|inactive|Skysolo \u2764 has 270 seconds left.\n|inactive|Skysolo \u2764 has 240 seconds left.\n|\n|t:|1667783854\n|switch|p2a: Zygarde|Zygarde|100\/100\n|move|p1a: Zacian|Behemoth Blade|p2a: Zygarde\n|-damage|p2a: Zygarde|44\/100\n|\n|-weather|RainDance|[upkeep]\n|-heal|p2a: Zygarde|50\/100|[from] item: Leftovers\n|-activate|p2a: Zygarde|ability: Power Construct\n|detailschange|p2a: Zygarde|Zygarde-Complete\n|-heal|p2a: Zygarde|67\/100|[silent]\n|upkeep\n|turn|8\n|\n|t:|1667783869\n|switch|p1a: Kyogre|Kyogre|100\/100\n|move|p2a: Zygarde|Glare|p1a: Kyogre\n|-status|p1a: Kyogre|par\n|\n|-weather|none\n|-heal|p2a: Zygarde|74\/100|[from] item: Leftovers\n|upkeep\n|turn|9\n|inactive|Skysolo \u2764 has 240 seconds left.\n|\n|t:|1667783890\n|switch|p2a: Eternatus|Eternatus|70\/100\n|-ability|p2a: Eternatus|Pressure\n|move|p1a: Kyogre|Scald|p2a: Eternatus\n|-resisted|p2a: Eternatus\n|-crit|p2a: Eternatus\n|-damage|p2a: Eternatus|49\/100\n|-status|p2a: Eternatus|brn\n|\n|-damage|p2a: Eternatus|43\/100 brn|[from] brn\n|upkeep\n|turn|10\n|\n|t:|1667783897\n|switch|p1a: Zacian|Zacian-Crowned|100\/100\n|-ability|p1a: Zacian|Intrepid Sword|boost\n|-boost|p1a: Zacian|atk|1\n|move|p2a: Eternatus|Recover|p2a: Eternatus\n|-heal|p2a: Eternatus|93\/100 brn\n|\n|-damage|p2a: Eternatus|87\/100 brn|[from] brn\n|upkeep\n|turn|11\n|\n|t:|1667783907\n|switch|p2a: Ho-Oh|Ho-Oh|100\/100\n|move|p1a: Zacian|Behemoth Blade|p2a: Ho-Oh\n|-resisted|p2a: Ho-Oh\n|-damage|p2a: Ho-Oh|52\/100\n|\n|upkeep\n|turn|12\n|\n|t:|1667783914\n|switch|p1a: Eternatus|Eternatus|100\/100\n|-ability|p1a: Eternatus|Pressure\n|switch|p2a: Zygarde|Zygarde-Complete|74\/100\n|\n|-heal|p2a: Zygarde|80\/100|[from] item: Leftovers\n|upkeep\n|turn|13\n|\n|t:|1667783923\n|switch|p1a: Kyogre|Kyogre|100\/100 par\n|-weather|RainDance|[from] ability: Drizzle|[of] p1a: Kyogre\n|switch|p2a: Ho-Oh|Ho-Oh|85\/100\n|\n|-weather|RainDance|[upkeep]\n|upkeep\n|turn|14\n|\n|t:|1667783937\n|switch|p2a: Eternatus|Eternatus|87\/100 brn\n|-ability|p2a: Eternatus|Pressure\n|switch|p1a: Zacian|Zacian-Crowned|100\/100\n|-ability|p1a: Zacian|Intrepid Sword|boost\n|-boost|p1a: Zacian|atk|1\n|\n|-weather|RainDance|[upkeep]\n|-damage|p2a: Eternatus|81\/100 brn|[from] brn\n|upkeep\n|turn|15\n|\n|t:|1667783958\n|switch|p2a: Zygarde|Zygarde-Complete|80\/100\n|move|p1a: Zacian|Behemoth Blade|p2a: Zygarde\n|-damage|p2a: Zygarde|41\/100\n|\n|-weather|RainDance|[upkeep]\n|-heal|p2a: Zygarde|47\/100|[from] item: Leftovers\n|upkeep\n|turn|16\n|\n|t:|1667783965\n|move|p1a: Zacian|Behemoth Blade|p2a: Zygarde\n|-damage|p2a: Zygarde|14\/100\n|move|p2a: Zygarde|Rest|p2a: Zygarde\n|-status|p2a: Zygarde|slp|[from] move: Rest\n|-heal|p2a: Zygarde|100\/100 slp|[silent]\n|\n|-weather|RainDance|[upkeep]\n|upkeep\n|turn|17\n|\n|t:|1667783969\n|switch|p1a: Yveltal|Yveltal|49\/100\n|-ability|p1a: Yveltal|Dark Aura\n|cant|p2a: Zygarde|slp\n|\n|-weather|none\n|upkeep\n|turn|18\n|inactive|Skysolo \u2764 has 270 seconds left.\n|\n|t:|1667783977\n|switch|p2a: Zacian|Zacian-Crowned|100\/100\n|-ability|p2a: Zacian|Intrepid Sword|boost\n|-boost|p2a: Zacian|atk|1\n|move|p1a: Yveltal|Roost|p1a: Yveltal\n|-heal|p1a: Yveltal|99\/100\n|-singleturn|p1a: Yveltal|move: Roost\n|\n|upkeep\n|turn|19\n|\n|t:|1667783984\n|switch|p1a: Necrozma|Necrozma-Dusk-Mane|100\/100\n|move|p2a: Zacian|Close Combat|p1a: Necrozma\n|-damage|p1a: Necrozma|60\/100\n|-unboost|p2a: Zacian|def|1\n|-unboost|p2a: Zacian|spd|1\n|\n|upkeep\n|turn|20\n|\n|t:|1667783989\n|switch|p2a: Necrozma|Necrozma-Dusk-Mane|80\/100\n|move|p1a: Necrozma|Morning Sun|p1a: Necrozma\n|-heal|p1a: Necrozma|100\/100\n|\n|upkeep\n|turn|21\n|\n|t:|1667783994\n|move|p1a: Necrozma|Dragon Dance|p1a: Necrozma\n|-boost|p1a: Necrozma|atk|1\n|-boost|p1a: Necrozma|spe|1\n|move|p2a: Necrozma|Stealth Rock|p1a: Necrozma\n|-sidestart|p1: Fc \u2764|move: Stealth Rock\n|\n|upkeep\n|turn|22\n|\n|t:|1667783999\n|switch|p2a: Ho-Oh|Ho-Oh|100\/100\n|move|p1a: Necrozma|Dragon Dance|p1a: Necrozma\n|-boost|p1a: Necrozma|atk|1\n|-boost|p1a: Necrozma|spe|1\n|\n|upkeep\n|turn|23\n|\n|t:|1667784007\n|switch|p1a: Kyogre|Kyogre|100\/100 par\n|-damage|p1a: Kyogre|88\/100 par|[from] Stealth Rock\n|-weather|RainDance|[from] ability: Drizzle|[of] p1a: Kyogre\n|move|p2a: Ho-Oh|Sacred Fire|p1a: Kyogre\n|-resisted|p1a: Kyogre\n|-damage|p1a: Kyogre|79\/100 par\n|\n|-weather|RainDance|[upkeep]\n|-heal|p1a: Kyogre|85\/100 par|[from] item: Leftovers\n|upkeep\n|turn|24\n|\n|t:|1667784017\n|move|p2a: Ho-Oh|Brave Bird|p1a: Kyogre\n|-damage|p1a: Kyogre|42\/100 par\n|-damage|p2a: Ho-Oh|87\/100|[from] Recoil\n|move|p1a: Kyogre|Calm Mind|p1a: Kyogre\n|-boost|p1a: Kyogre|spa|1\n|-boost|p1a: Kyogre|spd|1\n|\n|-weather|RainDance|[upkeep]\n|-heal|p1a: Kyogre|48\/100 par|[from] item: Leftovers\n|upkeep\n|turn|25\n|\n|t:|1667784023\n|move|p2a: Ho-Oh|Brave Bird|p1a: Kyogre\n|-damage|p1a: Kyogre|6\/100 par\n|-damage|p2a: Ho-Oh|73\/100|[from] Recoil\n|move|p1a: Kyogre|Rest|p1a: Kyogre\n|-status|p1a: Kyogre|slp|[from] move: Rest\n|-heal|p1a: Kyogre|100\/100 slp|[silent]\n|\n|-weather|RainDance|[upkeep]\n|upkeep\n|turn|26\n|\n|t:|1667784029\n|cant|p1a: Kyogre|slp\n|move|p2a: Ho-Oh|Brave Bird|p1a: Kyogre\n|-damage|p1a: Kyogre|59\/100 slp\n|-damage|p2a: Ho-Oh|60\/100|[from] Recoil\n|\n|-weather|RainDance|[upkeep]\n|-heal|p1a: Kyogre|65\/100 slp|[from] item: Leftovers\n|upkeep\n|turn|27\n|\n|t:|1667784039\n|switch|p2a: Zacian|Zacian-Crowned|100\/100\n|-ability|p2a: Zacian|Intrepid Sword|boost\n|-boost|p2a: Zacian|atk|1\n|cant|p1a: Kyogre|slp\n|\n|-weather|none\n|-heal|p1a: Kyogre|71\/100 slp|[from] item: Leftovers\n|upkeep\n|turn|28\n|\n|t:|1667784067\n|-start|p1a: Kyogre|Dynamax|\n|-heal|p1a: Kyogre|71\/100 slp|[silent]\n|move|p2a: Zacian|Wild Charge|p1a: Kyogre\n|-supereffective|p1a: Kyogre\n|-damage|p1a: Kyogre|31\/100 slp\n|-damage|p2a: Zacian|77\/100|[from] Recoil\n|-curestatus|p1a: Kyogre|slp|[msg]\n|move|p1a: Kyogre|Max Geyser|p2a: Zacian\n|-damage|p2a: Zacian|0 fnt\n|-weather|RainDance\n|faint|p2a: Zacian\n|\n|-weather|RainDance|[upkeep]\n|-heal|p1a: Kyogre|34\/100|[from] item: Leftovers\n|upkeep\n|inactive|Skysolo \u2764 has 270 seconds left.\n|\n|t:|1667784094\n|switch|p2a: Yveltal|Yveltal|54\/100\n|-ability|p2a: Yveltal|Dark Aura\n|turn|29\n|\n|t:|1667784111\n|-start|p2a: Yveltal|Dynamax|\n|-heal|p2a: Yveltal|54\/100|[silent]\n|move|p2a: Yveltal|Max Airstream|p1a: Kyogre\n|-damage|p1a: Kyogre|10\/100\n|-boost|p2a: Yveltal|spe|1\n|move|p1a: Kyogre|Max Geyser|p2a: Yveltal\n|-crit|p2a: Yveltal\n|-damage|p2a: Yveltal|0 fnt\n|faint|p2a: Yveltal\n|\n|-weather|RainDance|[upkeep]\n|-heal|p1a: Kyogre|13\/100|[from] item: Leftovers\n|upkeep\n|inactive|Skysolo \u2764 has 270 seconds left.\n|\n|t:|1667784132\n|switch|p2a: Eternatus|Eternatus|81\/100 brn\n|-ability|p2a: Eternatus|Pressure\n|turn|30\n|\n|t:|1667784138\n|move|p1a: Kyogre|Max Guard|p1a: Kyogre\n|-singleturn|p1a: Kyogre|Max Guard\n|move|p2a: Eternatus|Cosmic Power|p2a: Eternatus\n|-boost|p2a: Eternatus|def|1\n|-boost|p2a: Eternatus|spd|1\n|\n|-weather|RainDance|[upkeep]\n|-heal|p1a: Kyogre|17\/100|[from] item: Leftovers\n|-damage|p2a: Eternatus|75\/100 brn|[from] brn\n|upkeep\n|-end|p1a: Kyogre|Dynamax\n|-heal|p1a: Kyogre|17\/100|[silent]\n|turn|31\n|inactive|Skysolo \u2764 has 270 seconds left.\n|\n|t:|1667784145\n|move|p2a: Eternatus|Cosmic Power|p2a: Eternatus\n|-boost|p2a: Eternatus|def|1\n|-boost|p2a: Eternatus|spd|1\n|move|p1a: Kyogre|Rest|p1a: Kyogre\n|-status|p1a: Kyogre|slp|[from] move: Rest\n|-heal|p1a: Kyogre|100\/100 slp|[silent]\n|\n|-weather|RainDance|[upkeep]\n|-damage|p2a: Eternatus|69\/100 brn|[from] brn\n|upkeep\n|turn|32\n|\n|t:|1667784153\n|move|p2a: Eternatus|Meteor Beam||[still]\n|-prepare|p2a: Eternatus|Meteor Beam\n|-boost|p2a: Eternatus|spa|1\n|-enditem|p2a: Eternatus|Power Herb\n|-anim|p2a: Eternatus|Meteor Beam|p1a: Kyogre\n|-damage|p1a: Kyogre|78\/100 slp\n|cant|p1a: Kyogre|slp\n|\n|-weather|none\n|-heal|p1a: Kyogre|85\/100 slp|[from] item: Leftovers\n|-damage|p2a: Eternatus|63\/100 brn|[from] brn\n|upkeep\n|turn|33\n|\n|t:|1667784157\n|move|p2a: Eternatus|Meteor Beam||[still]\n|-prepare|p2a: Eternatus|Meteor Beam\n|-boost|p2a: Eternatus|spa|1\n|cant|p1a: Kyogre|slp\n|\n|-heal|p1a: Kyogre|91\/100 slp|[from] item: Leftovers\n|-damage|p2a: Eternatus|57\/100 brn|[from] brn\n|upkeep\n|turn|34\n|\n|t:|1667784161\n|move|p2a: Eternatus|Meteor Beam|p1a: Kyogre|[from]lockedmove\n|-damage|p1a: Kyogre|58\/100 slp\n|-curestatus|p1a: Kyogre|slp|[msg]\n|move|p1a: Kyogre|Scald|p2a: Eternatus\n|-resisted|p2a: Eternatus\n|-damage|p2a: Eternatus|47\/100 brn\n|\n|-heal|p1a: Kyogre|64\/100|[from] item: Leftovers\n|-damage|p2a: Eternatus|41\/100 brn|[from] brn\n|upkeep\n|turn|35\n|\n|t:|1667784166\n|switch|p1a: Necrozma|Necrozma-Dusk-Mane|100\/100\n|-damage|p1a: Necrozma|94\/100|[from] Stealth Rock\n|move|p2a: Eternatus|Recover|p2a: Eternatus\n|-heal|p2a: Eternatus|91\/100 brn\n|\n|-damage|p2a: Eternatus|85\/100 brn|[from] brn\n|upkeep\n|turn|36\n|\n|t:|1667784174\n|move|p2a: Eternatus|Cosmic Power|p2a: Eternatus\n|-boost|p2a: Eternatus|def|1\n|-boost|p2a: Eternatus|spd|1\n|move|p1a: Necrozma|Dragon Dance|p1a: Necrozma\n|-boost|p1a: Necrozma|atk|1\n|-boost|p1a: Necrozma|spe|1\n|\n|-damage|p2a: Eternatus|79\/100 brn|[from] brn\n|upkeep\n|turn|37\n|\n|t:|1667784178\n|move|p2a: Eternatus|Cosmic Power|p2a: Eternatus\n|-boost|p2a: Eternatus|def|1\n|-boost|p2a: Eternatus|spd|1\n|move|p1a: Necrozma|Dragon Dance|p1a: Necrozma\n|-boost|p1a: Necrozma|atk|1\n|-boost|p1a: Necrozma|spe|1\n|\n|-damage|p2a: Eternatus|73\/100 brn|[from] brn\n|upkeep\n|turn|38\n|\n|t:|1667784182\n|move|p1a: Necrozma|Dragon Dance|p1a: Necrozma\n|-boost|p1a: Necrozma|atk|1\n|-boost|p1a: Necrozma|spe|1\n|move|p2a: Eternatus|Cosmic Power|p2a: Eternatus\n|-boost|p2a: Eternatus|def|1\n|-boost|p2a: Eternatus|spd|1\n|\n|-damage|p2a: Eternatus|67\/100 brn|[from] brn\n|upkeep\n|turn|39\n|\n|t:|1667784185\n|move|p1a: Necrozma|Dragon Dance|p1a: Necrozma\n|-boost|p1a: Necrozma|atk|1\n|-boost|p1a: Necrozma|spe|1\n|move|p2a: Eternatus|Cosmic Power|p2a: Eternatus\n|-boost|p2a: Eternatus|def|1\n|-boost|p2a: Eternatus|spd|1\n|\n|-damage|p2a: Eternatus|61\/100 brn|[from] brn\n|upkeep\n|turn|40\n|\n|t:|1667784188\n|move|p1a: Necrozma|Dragon Dance|p1a: Necrozma\n|-boost|p1a: Necrozma|atk|1\n|-boost|p1a: Necrozma|spe|1\n|move|p2a: Eternatus|Recover|p2a: Eternatus\n|-heal|p2a: Eternatus|100\/100 brn\n|\n|-damage|p2a: Eternatus|94\/100 brn|[from] brn\n|upkeep\n|turn|41\n|\n|t:|1667784190\n|move|p1a: Necrozma|Earthquake|p2a: Eternatus\n|-supereffective|p2a: Eternatus\n|-damage|p2a: Eternatus|46\/100 brn\n|move|p2a: Eternatus|Meteor Beam||[still]\n|-prepare|p2a: Eternatus|Meteor Beam\n|-boost|p2a: Eternatus|spa|1\n|\n|-damage|p2a: Eternatus|40\/100 brn|[from] brn\n|upkeep\n|turn|42\n|\n|t:|1667784194\n|move|p1a: Necrozma|Earthquake|p2a: Eternatus\n|-supereffective|p2a: Eternatus\n|-damage|p2a: Eternatus|0 fnt\n|faint|p2a: Eternatus\n|\n|upkeep\n|\n|t:|1667784201\n|switch|p2a: Ho-Oh|Ho-Oh|93\/100\n|turn|43\n|\n|t:|1667784207\n|move|p1a: Necrozma|Sunsteel Strike|p2a: Ho-Oh\n|-resisted|p2a: Ho-Oh\n|-damage|p2a: Ho-Oh|16\/100\n|move|p2a: Ho-Oh|Sacred Fire|p1a: Necrozma\n|-supereffective|p1a: Necrozma\n|-damage|p1a: Necrozma|51\/100\n|-status|p1a: Necrozma|brn\n|-enditem|p1a: Necrozma|Lum Berry|[eat]\n|-curestatus|p1a: Necrozma|brn|[msg]\n|\n|upkeep\n|turn|44\n|c|\u2606Skysolo \u2764|gg\n|-message|Skysolo \u2764 forfeited.\n|\n|win|Fc \u2764\n|c|\u2606Fc \u2764|gg\n","uploadtime":1667784224,"views":62,"p1id":"fc","p2id":"skysolo","formatid":"gen8anythinggoes","rating":0,"private":0,"password":null}