{"id":"smogtours-gen8lc-637527","p1":"Laroxyl","p2":"damien the genius","format":"gen8lc","log":"|inactive|Battle timer is ON: inactive players will automatically lose when time's up.\n|t:|1657799072\n|gametype|singles\n|player|p1|Laroxyl|#scl1spartans|\n|player|p2|damien the genius|lucas|\n|teamsize|p1|6\n|teamsize|p2|6\n|gen|8\n|tier|[Gen 8] LC\n|rule|Sleep Clause Mod: Limit one foe put to sleep\n|rule|Species Clause: Limit one of each Pok\u00e9mon\n|rule|OHKO Clause: OHKO moves are banned\n|rule|Evasion Moves Clause: Evasion moves are banned\n|rule|Endless Battle Clause: Forcing endless battles is banned\n|rule|HP Percentage Mod: HP is shown in percentages\n|rule|Dynamax Clause: You cannot dynamax\n|clearpoke\n|poke|p1|Trapinch, L5, F|\n|poke|p1|Pawniard, L5, F|\n|poke|p1|Mienfoo, L5, F|\n|poke|p1|Koffing, L5, F|\n|poke|p1|Natu, L5, F|\n|poke|p1|Carvanha, L5, M|\n|poke|p2|Mienfoo, L5, F|\n|poke|p2|Diglett, L5, M|\n|poke|p2|Pawniard, L5, M|\n|poke|p2|Grookey, L5, F|\n|poke|p2|Koffing, L5, M|\n|poke|p2|Tyrunt, L5, M|\n|teampreview\n|inactive|Laroxyl has 270 seconds left.\n|\n|t:|1657799106\n|start\n|switch|p1a: Carvanha|Carvanha, L5, M|100\/100\n|switch|p2a: Mienfoo|Mienfoo, L5, F|100\/100\n|turn|1\n|\n|t:|1657799129\n|move|p1a: Carvanha|Protect|p1a: Carvanha\n|-singleturn|p1a: Carvanha|Protect\n|move|p2a: Mienfoo|U-turn|p1a: Carvanha\n|-activate|p1a: Carvanha|move: Protect\n|\n|-ability|p1a: Carvanha|Speed Boost|boost\n|-boost|p1a: Carvanha|spe|1\n|upkeep\n|turn|2\n|inactive|damien the genius has 270 seconds left.\n|\n|t:|1657799151\n|move|p1a: Carvanha|Flip Turn|p2a: Mienfoo\n|-damage|p2a: Mienfoo|58\/100\n|-damage|p1a: Carvanha|95\/100|[from] item: Life Orb\n|\n|t:|1657799155\n|switch|p1a: Koffing|Koffing, L5, F|100\/100|[from]move: Flip Turn\n|-ability|p1a: Koffing|Neutralizing Gas\n|move|p2a: Mienfoo|Knock Off|p1a: Koffing\n|-damage|p1a: Koffing|75\/100\n|-enditem|p1a: Koffing|Eviolite|[from] move: Knock Off|[of] p2a: Mienfoo\n|\n|upkeep\n|turn|3\n|\n|t:|1657799167\n|move|p2a: Mienfoo|U-turn|p1a: Koffing\n|-resisted|p1a: Koffing\n|-damage|p1a: Koffing|65\/100\n|inactive|damien the genius has 270 seconds left.\n|\n|t:|1657799204\n|switch|p2a: Pawniard|Pawniard, L5, M|100\/100|[from]move: U-turn\n|move|p1a: Koffing|Thief|p2a: Pawniard\n|-resisted|p2a: Pawniard\n|-damage|p2a: Pawniard|91\/100\n|-enditem|p2a: Pawniard|Berry Juice|[silent]|[from] move: Thief|[of] p1a: Koffing\n|-item|p1a: Koffing|Berry Juice|[from] move: Thief|[of] p2a: Pawniard\n|\n|upkeep\n|turn|4\n|inactive|damien the genius has 240 seconds left.\n|\n|t:|1657799231\n|-end|p1a: Koffing|ability: Neutralizing Gas\n|switch|p1a: Mienfoo|Mienfoo, L5, F|100\/100\n|move|p2a: Pawniard|Stealth Rock|p1a: Mienfoo\n|-sidestart|p1: Laroxyl|move: Stealth Rock\n|\n|upkeep\n|turn|5\n|inactive|damien the genius has 240 seconds left.\n|inactive|Laroxyl has 270 seconds left.\n|inactive|damien the genius has 210 seconds left.\n|\n|t:|1657799273\n|move|p1a: Mienfoo|U-turn|p2a: Pawniard\n|-damage|p2a: Pawniard|62\/100\n|\n|t:|1657799278\n|switch|p1a: Pawniard|Pawniard, L5, F|100\/100|[from]move: U-turn\n|-damage|p1a: Pawniard|96\/100|[from] Stealth Rock\n|move|p2a: Pawniard|Knock Off|p1a: Pawniard\n|-resisted|p1a: Pawniard\n|-damage|p1a: Pawniard|67\/100\n|-enditem|p1a: Pawniard|Berry Juice|[from] move: Knock Off|[of] p2a: Pawniard\n|\n|upkeep\n|turn|6\n|inactive|damien the genius has 210 seconds left.\n|inactive|damien the genius has 180 seconds left.\n|inactive|Laroxyl has 240 seconds left.\n|\n|t:|1657799361\n|switch|p2a: Mienfoo|Mienfoo, L5, F|58\/100\n|move|p1a: Pawniard|Stealth Rock|p2a: Mienfoo\n|-sidestart|p2: damien the genius|move: Stealth Rock\n|\n|upkeep\n|turn|7\n|inactive|Laroxyl has 240 seconds left.\n|inactive|damien the genius has 150 seconds left.\n|inactive|Laroxyl has 210 seconds left.\n|inactive|damien the genius has 120 seconds left.\n|inactive|Laroxyl has 180 seconds left.\n|inactive|Laroxyl has 150 seconds left.\n|\n|t:|1657799492\n|switch|p1a: Koffing|Koffing, L5, F|65\/100\n|-ability|p1a: Koffing|Neutralizing Gas\n|-damage|p1a: Koffing|56\/100|[from] Stealth Rock\n|move|p2a: Mienfoo|U-turn|p1a: Koffing\n|-resisted|p1a: Koffing\n|-damage|p1a: Koffing|45\/100\n|-enditem|p1a: Koffing|Berry Juice\n|-heal|p1a: Koffing|100\/100|[from] item: Berry Juice\n|inactive|damien the genius has 90 seconds left.\n|inactive|damien the genius has 60 seconds left.\n|\n|t:|1657799547\n|switch|p2a: Diglett|Diglett, L5, M|100\/100|[from]move: U-turn\n|-damage|p2a: Diglett|95\/100|[from] Stealth Rock\n|\n|upkeep\n|turn|8\n|inactive|Laroxyl has 120 seconds left.\n|\n|t:|1657799570\n|-end|p1a: Koffing|ability: Neutralizing Gas\n|switch|p1a: Mienfoo|Mienfoo, L5, F|100\/100\n|-damage|p1a: Mienfoo|96\/100|[from] Stealth Rock\n|move|p2a: Diglett|Substitute|p2a: Diglett\n|-start|p2a: Diglett|Substitute\n|-damage|p2a: Diglett|73\/100\n|\n|upkeep\n|turn|9\n|\n|t:|1657799587\n|move|p2a: Diglett|Earthquake|p1a: Mienfoo\n|-damage|p1a: Mienfoo|34\/100\n|-damage|p2a: Diglett|67\/100|[from] item: Life Orb\n|move|p1a: Mienfoo|U-turn|p2a: Diglett\n|-end|p2a: Diglett|Substitute\n|\n|t:|1657799596\n|switch|p1a: Trapinch|Trapinch, L5, F|100\/100|[from]move: U-turn\n|-damage|p1a: Trapinch|96\/100|[from] Stealth Rock\n|\n|upkeep\n|turn|10\n|\n|t:|1657799606\n|move|p1a: Trapinch|First Impression|p2a: Diglett\n|-damage|p2a: Diglett|0 fnt\n|faint|p2a: Diglett\n|\n|upkeep\n|\n|t:|1657799616\n|switch|p2a: Grookey|Grookey, L5, F|100\/100\n|-damage|p2a: Grookey|91\/100|[from] Stealth Rock\n|-fieldstart|move: Grassy Terrain|[from] ability: Grassy Surge|[of] p2a: Grookey\n|turn|11\n|inactive|Laroxyl has 120 seconds left.\n|\n|t:|1657799664\n|switch|p1a: Pawniard|Pawniard, L5, F|67\/100\n|-damage|p1a: Pawniard|62\/100|[from] Stealth Rock\n|move|p2a: Grookey|U-turn|p1a: Pawniard\n|-damage|p1a: Pawniard|29\/100\n|\n|t:|1657799671\n|switch|p2a: Mienfoo|Mienfoo, L5, F|58\/100|[from]move: U-turn\n|-damage|p2a: Mienfoo|53\/100|[from] Stealth Rock\n|\n|-heal|p2a: Mienfoo|58\/100|[from] Grassy Terrain\n|-heal|p1a: Pawniard|34\/100|[from] Grassy Terrain\n|upkeep\n|turn|12\n|inactive|Laroxyl has 90 seconds left.\n|inactive|Laroxyl has 60 seconds left.\n|\n|t:|1657799740\n|switch|p1a: Mienfoo|Mienfoo, L5, F|67\/100\n|-damage|p1a: Mienfoo|62\/100|[from] Stealth Rock\n|move|p2a: Mienfoo|High Jump Kick|p1a: Mienfoo\n|-damage|p1a: Mienfoo|0 fnt\n|faint|p1a: Mienfoo\n|\n|-heal|p2a: Mienfoo|62\/100|[from] Grassy Terrain\n|upkeep\n|\n|t:|1657799769\n|switch|p1a: Koffing|Koffing, L5, F|100\/100\n|-ability|p1a: Koffing|Neutralizing Gas\n|-damage|p1a: Koffing|90\/100|[from] Stealth Rock\n|turn|13\n|inactive|damien the genius has 30 seconds left.\n|\n|t:|1657799802\n|move|p2a: Mienfoo|U-turn|p1a: Koffing\n|-resisted|p1a: Koffing\n|-damage|p1a: Koffing|80\/100\n|inactive|damien the genius has 30 seconds left this turn.\n|\n|t:|1657799807\n|switch|p2a: Koffing|Koffing, L5, M|100\/100|[from]move: U-turn\n|-ability|p2a: Koffing|Neutralizing Gas\n|-damage|p2a: Koffing|90\/100|[from] Stealth Rock\n|move|p1a: Koffing|Thunderbolt|p2a: Koffing\n|-damage|p2a: Koffing|56\/100\n|\n|-heal|p2a: Koffing|60\/100|[from] Grassy Terrain\n|-heal|p1a: Koffing|85\/100|[from] Grassy Terrain\n|upkeep\n|turn|14\n|inactive|damien the genius has 30 seconds left.\n|inactive|damien the genius has 20 seconds left.\n|inactive|damien the genius has 15 seconds left.\n|\n|t:|1657799835\n|move|p2a: Koffing|Fire Blast|p1a: Koffing\n|-damage|p1a: Koffing|30\/100\n|move|p1a: Koffing|Thief|p2a: Koffing\n|-damage|p2a: Koffing|50\/100\n|-enditem|p2a: Koffing|Eviolite|[silent]|[from] move: Thief|[of] p1a: Koffing\n|-item|p1a: Koffing|Eviolite|[from] move: Thief|[of] p2a: Koffing\n|\n|-heal|p1a: Koffing|35\/100|[from] Grassy Terrain\n|-heal|p2a: Koffing|56\/100|[from] Grassy Terrain\n|upkeep\n|turn|15\n|inactive|damien the genius has 25 seconds left this turn.\n|inactive|damien the genius has 20 seconds left.\n|inactive|damien the genius has 15 seconds left.\n|inactive|Laroxyl has 30 seconds left.\n|\n|t:|1657799866\n|switch|p1a: Pawniard|Pawniard, L5, F|34\/100\n|-damage|p1a: Pawniard|29\/100|[from] Stealth Rock\n|move|p2a: Koffing|Fire Blast|p1a: Pawniard\n|-supereffective|p1a: Pawniard\n|-damage|p1a: Pawniard|0 fnt\n|faint|p1a: Pawniard\n|\n|-heal|p2a: Koffing|60\/100|[from] Grassy Terrain\n|-fieldend|move: Grassy Terrain\n|upkeep\n|inactive|Laroxyl has 30 seconds left this turn.\n|inactive|damien the genius has 20 seconds left this turn.\n|inactive|Laroxyl has 20 seconds left.\n|inactive|Laroxyl has 15 seconds left.\n|\n|t:|1657799883\n|switch|p1a: Carvanha|Carvanha, L5, M|95\/100\n|-damage|p1a: Carvanha|85\/100|[from] Stealth Rock\n|turn|16\n|inactive|Laroxyl has 25 seconds left this turn.\n|inactive|damien the genius has 30 seconds left this turn.\n|inactive|Laroxyl has 20 seconds left.\n|inactive|damien the genius has 20 seconds left.\n|\n|t:|1657799897\n|move|p1a: Carvanha|Crunch|p2a: Koffing\n|-damage|p2a: Koffing|0 fnt\n|faint|p2a: Koffing\n|-end|p2a: Koffing|ability: Neutralizing Gas\n|-damage|p1a: Carvanha|79\/100|[from] item: Life Orb\n|\n|-ability|p1a: Carvanha|Speed Boost|boost\n|-boost|p1a: Carvanha|spe|1\n|upkeep\n|inactive|Laroxyl has 25 seconds left this turn.\n|inactive|damien the genius has 25 seconds left this turn.\n|\n|t:|1657799902\n|switch|p2a: Grookey|Grookey, L5, F|91\/100\n|-damage|p2a: Grookey|81\/100|[from] Stealth Rock\n|-fieldstart|move: Grassy Terrain|[from] ability: Grassy Surge|[of] p2a: Grookey\n|turn|17\n|inactive|damien the genius has 30 seconds left.\n|inactive|damien the genius has 20 seconds left.\n|inactive|damien the genius has 15 seconds left.\n|\n|t:|1657799923\n|move|p1a: Carvanha|Protect|p1a: Carvanha\n|-singleturn|p1a: Carvanha|Protect\n|move|p2a: Grookey|Knock Off|p1a: Carvanha\n|-activate|p1a: Carvanha|move: Protect\n|\n|-heal|p1a: Carvanha|85\/100|[from] Grassy Terrain\n|-heal|p2a: Grookey|86\/100|[from] Grassy Terrain\n|-ability|p1a: Carvanha|Speed Boost|boost\n|-boost|p1a: Carvanha|spe|1\n|upkeep\n|turn|18\n|inactive|damien the genius has 25 seconds left this turn.\n|inactive|damien the genius has 20 seconds left.\n|inactive|Laroxyl has 30 seconds left.\n|inactive|Laroxyl has 20 seconds left.\n|inactive|Laroxyl has 15 seconds left.\n|inactive|Laroxyl has 10 seconds left.\n|\n|t:|1657799963\n|switch|p1a: Koffing|Koffing, L5, F|35\/100\n|-ability|p1a: Koffing|Neutralizing Gas\n|-damage|p1a: Koffing|25\/100|[from] Stealth Rock\n|move|p2a: Grookey|Grassy Glide|p1a: Koffing\n|-resisted|p1a: Koffing\n|-damage|p1a: Koffing|10\/100\n|\n|-heal|p2a: Grookey|91\/100|[from] Grassy Terrain\n|-heal|p1a: Koffing|15\/100|[from] Grassy Terrain\n|upkeep\n|turn|19\n|inactive|Laroxyl has 20 seconds left this turn.\n|inactive|damien the genius has 30 seconds left this turn.\n|inactive|Laroxyl has 15 seconds left.\n|inactive|Laroxyl has 10 seconds left.\n|\n|t:|1657799974\n|move|p2a: Grookey|Knock Off|p1a: Koffing\n|-damage|p1a: Koffing|0 fnt\n|-enditem|p1a: Koffing|Eviolite|[from] move: Knock Off|[of] p2a: Grookey\n|faint|p1a: Koffing\n|-end|p1a: Koffing|ability: Neutralizing Gas\n|\n|-heal|p2a: Grookey|96\/100|[from] Grassy Terrain\n|upkeep\n|inactive|Laroxyl has 15 seconds left this turn.\n|inactive|damien the genius has 30 seconds left this turn.\n|\n|t:|1657799978\n|switch|p1a: Natu|Natu, L5, F|100\/100\n|-damage|p1a: Natu|78\/100|[from] Stealth Rock\n|turn|20\n|inactive|Laroxyl has 25 seconds left this turn.\n|inactive|Laroxyl has 20 seconds left.\n|inactive|Laroxyl has 15 seconds left.\n|inactive|damien the genius has 30 seconds left.\n|inactive|Laroxyl has 10 seconds left.\n|\n|t:|1657799996\n|switch|p2a: Pawniard|Pawniard, L5, M|62\/100\n|-damage|p2a: Pawniard|58\/100|[from] Stealth Rock\n|move|p1a: Natu|Heat Wave|p2a: Pawniard\n|-supereffective|p2a: Pawniard\n|-damage|p2a: Pawniard|0 fnt\n|faint|p2a: Pawniard\n|\n|upkeep\n|inactive|Laroxyl has 15 seconds left this turn.\n|inactive|damien the genius has 30 seconds left this turn.\n|\n|t:|1657800001\n|switch|p2a: Tyrunt|Tyrunt, L5, M|100\/100\n|-damage|p2a: Tyrunt|91\/100|[from] Stealth Rock\n|turn|21\n|inactive|Laroxyl has 25 seconds left this turn.\n|inactive|Laroxyl has 20 seconds left.\n|inactive|damien the genius has 30 seconds left.\n|\n|t:|1657800014\n|move|p1a: Natu|U-turn|p2a: Tyrunt\n|-crit|p2a: Tyrunt\n|-damage|p2a: Tyrunt|69\/100\n|inactive|Laroxyl has 25 seconds left this turn.\n|\n|t:|1657800017\n|switch|p1a: Trapinch|Trapinch, L5, F|96\/100|[from]move: U-turn\n|-damage|p1a: Trapinch|91\/100|[from] Stealth Rock\n|move|p2a: Tyrunt|Dragon Dance|p2a: Tyrunt\n|-boost|p2a: Tyrunt|atk|1\n|-boost|p2a: Tyrunt|spe|1\n|\n|-heal|p2a: Tyrunt|73\/100|[from] Grassy Terrain\n|-heal|p1a: Trapinch|96\/100|[from] Grassy Terrain\n|-fieldend|move: Grassy Terrain\n|upkeep\n|turn|22\n|inactive|Laroxyl has 30 seconds left.\n|\n|t:|1657800028\n|move|p2a: Tyrunt|Close Combat|p1a: Trapinch\n|-damage|p1a: Trapinch|29\/100\n|-unboost|p2a: Tyrunt|def|1\n|-unboost|p2a: Tyrunt|spd|1\n|move|p1a: Trapinch|Earthquake|p2a: Tyrunt\n|-supereffective|p2a: Tyrunt\n|-damage|p2a: Tyrunt|0 fnt\n|faint|p2a: Tyrunt\n|\n|upkeep\n|\n|t:|1657800031\n|switch|p2a: Grookey|Grookey, L5, F|96\/100\n|-damage|p2a: Grookey|86\/100|[from] Stealth Rock\n|-fieldstart|move: Grassy Terrain|[from] ability: Grassy Surge|[of] p2a: Grookey\n|turn|23\n|inactive|Laroxyl has 30 seconds left.\n|inactive|Laroxyl has 20 seconds left.\n|inactive|Laroxyl has 15 seconds left.\n|inactive|Laroxyl has 10 seconds left.\n|\n|t:|1657800069\n|switch|p1a: Natu|Natu, L5, F|78\/100\n|-damage|p1a: Natu|55\/100|[from] Stealth Rock\n|move|p2a: Grookey|Grassy Glide|p1a: Natu\n|-resisted|p1a: Natu\n|-damage|p1a: Natu|32\/100\n|\n|-heal|p2a: Grookey|91\/100|[from] Grassy Terrain\n|upkeep\n|turn|24\n|inactive|Laroxyl has 20 seconds left this turn.\n|inactive|Laroxyl has 15 seconds left.\n|inactive|Laroxyl has 10 seconds left.\n|inactive|Laroxyl has 5 seconds left.\n|\n|t:|1657800089\n|move|p1a: Natu|Heat Wave|p2a: Grookey\n|-supereffective|p2a: Grookey\n|-damage|p2a: Grookey|15\/100\n|move|p2a: Grookey|Knock Off|p1a: Natu\n|-supereffective|p1a: Natu\n|-damage|p1a: Natu|0 fnt\n|-enditem|p1a: Natu|Eviolite|[from] move: Knock Off|[of] p2a: Grookey\n|faint|p1a: Natu\n|\n|-heal|p2a: Grookey|20\/100|[from] Grassy Terrain\n|upkeep\n|inactive|Laroxyl has 10 seconds left this turn.\n|inactive|Laroxyl has 5 seconds left.\n|\n|t:|1657800097\n|switch|p1a: Trapinch|Trapinch, L5, F|29\/100\n|-damage|p1a: Trapinch|24\/100|[from] Stealth Rock\n|turn|25\n|inactive|Laroxyl has 15 seconds left this turn.\n|\n|t:|1657800105\n|move|p1a: Trapinch|First Impression|p2a: Grookey\n|-supereffective|p2a: Grookey\n|-damage|p2a: Grookey|0 fnt\n|faint|p2a: Grookey\n|\n|-heal|p1a: Trapinch|29\/100|[from] Grassy Terrain\n|upkeep\n|inactive|Laroxyl has 20 seconds left this turn.\n|\n|t:|1657800107\n|switch|p2a: Mienfoo|Mienfoo, L5, F|62\/100\n|-damage|p2a: Mienfoo|58\/100|[from] Stealth Rock\n|turn|26\n|inactive|Laroxyl has 30 seconds left this turn.\n|\n|t:|1657800111\n|move|p2a: Mienfoo|Fake Out|p1a: Trapinch\n|-damage|p1a: Trapinch|15\/100\n|cant|p1a: Trapinch|flinch\n|\n|-heal|p2a: Mienfoo|62\/100|[from] Grassy Terrain\n|-heal|p1a: Trapinch|20\/100|[from] Grassy Terrain\n|upkeep\n|turn|27\n|\n|t:|1657800122\n|move|p1a: Trapinch|Feint|p2a: Mienfoo\n|-damage|p2a: Mienfoo|48\/100\n|move|p2a: Mienfoo|Knock Off|p1a: Trapinch\n|-damage|p1a: Trapinch|0 fnt\n|-enditem|p1a: Trapinch|Eviolite|[from] move: Knock Off|[of] p2a: Mienfoo\n|faint|p1a: Trapinch\n|\n|-heal|p2a: Mienfoo|53\/100|[from] Grassy Terrain\n|-fieldend|move: Grassy Terrain\n|upkeep\n|c|\u2606Laroxyl|gg sorry for the tie with natu\n|\n|t:|1657800133\n|switch|p1a: Carvanha|Carvanha, L5, M|85\/100\n|-damage|p1a: Carvanha|74\/100|[from] Stealth Rock\n|turn|28\n|c|\u2606damien the genius|gg\n|c|\u2606damien the genius|dw\n|\n|t:|1657800137\n|move|p1a: Carvanha|Protect|p1a: Carvanha\n|-singleturn|p1a: Carvanha|Protect\n|move|p2a: Mienfoo|U-turn|p1a: Carvanha\n|-activate|p1a: Carvanha|move: Protect\n|\n|-ability|p1a: Carvanha|Speed Boost|boost\n|-boost|p1a: Carvanha|spe|1\n|upkeep\n|turn|29\n|\n|t:|1657800141\n|move|p1a: Carvanha|Psychic Fangs|p2a: Mienfoo\n|-supereffective|p2a: Mienfoo\n|-damage|p2a: Mienfoo|0 fnt\n|faint|p2a: Mienfoo\n|-damage|p1a: Carvanha|69\/100|[from] item: Life Orb\n|\n|win|Laroxyl\n","uploadtime":1657800142,"views":486,"p1id":"laroxyl","p2id":"damienthegenius","formatid":"gen8lc","rating":0,"private":0,"password":null}