{"id":"smogtours-gen5ubers-640852","p1":"Skysolo \u2764","p2":"Edna the goat","format":"gen5ubers","log":"|inactive|Battle timer is ON: inactive players will automatically lose when time's up.\n|t:|1659042878\n|gametype|singles\n|player|p1|Skysolo \u2764|#pspl2019ubers|\n|player|p2|Edna the goat|roxie|\n|teamsize|p1|6\n|teamsize|p2|6\n|gen|5\n|tier|[Gen 5] Ubers\n|rule|Species Clause: Limit one of each Pok\u00e9mon\n|rule|OHKO Clause: OHKO moves are banned\n|rule|Moody Clause: Moody is banned\n|rule|Evasion Moves Clause: Evasion moves are banned\n|rule|Endless Battle Clause: Forcing endless battles is banned\n|rule|HP Percentage Mod: HP is shown in percentages\n|rule|Sleep Clause Mod: Limit one foe put to sleep\n|clearpoke\n|poke|p1|Excadrill, F|item\n|poke|p1|Kyogre|item\n|poke|p1|Giratina-Origin|item\n|poke|p1|Deoxys-Attack|item\n|poke|p1|Arceus-*|item\n|poke|p1|Dialga|item\n|poke|p2|Deoxys-Speed|item\n|poke|p2|Giratina-Origin|item\n|poke|p2|Groudon|item\n|poke|p2|Dialga|item\n|poke|p2|Arceus-*|item\n|poke|p2|Latios, M|item\n|teampreview\n|c|\u2606Edna the goat|gl hf \n|c|\u2606Skysolo \u2764|hf\n|\n|t:|1659042898\n|start\n|switch|p1a: Giratina|Giratina-Origin|100\/100\n|switch|p2a: Deoxys|Deoxys-Speed|100\/100\n|-ability|p2a: Deoxys|Pressure\n|turn|1\n|\n|t:|1659042912\n|move|p2a: Deoxys|Magic Coat|p2a: Deoxys\n|-singleturn|p2a: Deoxys|move: Magic Coat\n|move|p1a: Giratina|Magic Coat|p1a: Giratina\n|-singleturn|p1a: Giratina|move: Magic Coat\n|\n|upkeep\n|turn|2\n|c|\u2606Skysolo \u2764|spiderman\n|\n|t:|1659042923\n|move|p1a: Giratina|Magic Coat|p1a: Giratina\n|-singleturn|p1a: Giratina|move: Magic Coat\n|move|p2a: Deoxys|Hidden Power|p1a: Giratina\n|-resisted|p1a: Giratina\n|-damage|p1a: Giratina|95\/100\n|\n|upkeep\n|turn|3\n|\n|t:|1659042929\n|move|p1a: Giratina|Shadow Sneak|p2a: Deoxys\n|-supereffective|p2a: Deoxys\n|-crit|p2a: Deoxys\n|-damage|p2a: Deoxys|0 fnt\n|faint|p2a: Deoxys\n|\n|upkeep\n|c|\u2606Skysolo \u2764|oops\n|c|\u2606Edna the goat|come on\n|c|\u2606Edna the goat|i was red card lol\n|\n|t:|1659042955\n|switch|p2a: Latios|Latios, M|100\/100\n|turn|4\n|inactive|Skysolo \u2764 has 270 seconds left.\n|\n|t:|1659043009\n|switch|p1a: Dialga|Dialga|100\/100\n|-ability|p1a: Dialga|Pressure\n|move|p2a: Latios|Draco Meteor|p1a: Dialga\n|-damage|p1a: Dialga|25\/100\n|-unboost|p2a: Latios|spa|2\n|\n|upkeep\n|turn|5\n|inactive|Edna the goat has 270 seconds left.\n|c|\u2606Edna the goat|oh\n|c|\u2606Edna the goat|this is tony team\n|-enditem|p1a: Dialga|Custap Berry|[eat]\n|-activate|p1a: Dialga|item: Custap Berry|[consumed]\n|\n|t:|1659043038\n|switch|p2a: Arceus|Arceus-Ghost|100\/100\n|move|p1a: Dialga|Draco Meteor|p2a: Arceus\n|-crit|p2a: Arceus\n|-damage|p2a: Arceus|8\/100\n|-unboost|p1a: Dialga|spa|2\n|\n|upkeep\n|turn|6\n|inactive|Edna the goat has 270 seconds left.\n|\n|t:|1659043045\n|move|p2a: Arceus|Recover|p2a: Arceus\n|-heal|p2a: Arceus|58\/100\n|move|p1a: Dialga|Stealth Rock|p2a: Arceus\n|-sidestart|p2: Edna the goat|move: Stealth Rock\n|\n|upkeep\n|turn|7\n|\n|t:|1659043053\n|move|p2a: Arceus|Focus Blast|p1a: Dialga\n|-supereffective|p1a: Dialga\n|-damage|p1a: Dialga|0 fnt\n|faint|p1a: Dialga\n|\n|upkeep\n|c|+Inder|faut jamais reveal quand tu connais la tea\n|c|+Inder|alalal\n|c|\u2606Edna the goat|pas grave\n|\n|t:|1659043060\n|switch|p1a: Deoxys|Deoxys-Attack|100\/100\n|-ability|p1a: Deoxys|Pressure\n|turn|8\n|inactive|Edna the goat has 270 seconds left.\n|\n|t:|1659043086\n|switch|p2a: Giratina|Giratina-Origin|100\/100\n|-damage|p2a: Giratina|88\/100|[from] Stealth Rock\n|move|p1a: Deoxys|Fling|p2a: Giratina\n|-supereffective|p2a: Giratina\n|-damage|p2a: Giratina|70\/100\n|-enditem|p1a: Deoxys|King's Rock|[from] move: Fling\n|\n|upkeep\n|turn|9\n|inactive|Edna the goat has 270 seconds left.\n|inactive|Skysolo \u2764 has 270 seconds left.\n|\n|t:|1659043103\n|move|p1a: Deoxys|Psycho Boost|p2a: Giratina\n|-damage|p2a: Giratina|0 fnt\n|-unboost|p1a: Deoxys|spa|2\n|faint|p2a: Giratina\n|\n|upkeep\n|\n|t:|1659043115\n|switch|p2a: Dialga|Dialga|100\/100\n|-damage|p2a: Dialga|94\/100|[from] Stealth Rock\n|-ability|p2a: Dialga|Pressure\n|turn|10\n|\n|t:|1659043124\n|move|p2a: Dialga|Flamethrower|p1a: Deoxys\n|-damage|p1a: Deoxys|0 fnt\n|faint|p1a: Deoxys\n|\n|upkeep\n|inactive|Skysolo \u2764 has 270 seconds left.\n|\n|t:|1659043156\n|switch|p1a: Kyogre|Kyogre|100\/100\n|-weather|RainDance|[from] ability: Drizzle|[of] p1a: Kyogre\n|turn|11\n|\n|t:|1659043160\n|switch|p2a: Latios|Latios, M|100\/100\n|-damage|p2a: Latios|88\/100|[from] Stealth Rock\n|move|p1a: Kyogre|Ice Beam|p2a: Latios\n|-supereffective|p2a: Latios\n|-damage|p2a: Latios|32\/100\n|\n|-weather|RainDance|[upkeep]\n|upkeep\n|turn|12\n|\n|t:|1659043170\n|switch|p1a: Excadrill|Excadrill, F|100\/100\n|-ability|p1a: Excadrill|Mold Breaker\n|move|p2a: Latios|Grass Knot|p1a: Excadrill\n|-damage|p1a: Excadrill|58\/100\n|\n|-weather|RainDance|[upkeep]\n|upkeep\n|turn|13\n|\n|t:|1659043180\n|move|p1a: Excadrill|Earthquake|p2a: Latios\n|-damage|p2a: Latios|0 fnt\n|faint|p2a: Latios\n|\n|-weather|RainDance|[upkeep]\n|upkeep\n|\n|t:|1659043183\n|switch|p2a: Groudon|Groudon|100\/100\n|-damage|p2a: Groudon|94\/100|[from] Stealth Rock\n|-weather|SunnyDay|[from] ability: Drought|[of] p2a: Groudon\n|turn|14\n|\n|t:|1659043190\n|move|p1a: Excadrill|Earthquake|p2a: Groudon\n|-damage|p2a: Groudon|52\/100\n|move|p2a: Groudon|Dragon Claw|p1a: Excadrill\n|-resisted|p1a: Excadrill\n|-crit|p1a: Excadrill\n|-damage|p1a: Excadrill|0 fnt\n|faint|p1a: Excadrill\n|-damage|p2a: Groudon|42\/100|[from] item: Life Orb\n|\n|-weather|SunnyDay|[upkeep]\n|upkeep\n|\n|t:|1659043203\n|switch|p1a: Kyogre|Kyogre|100\/100\n|-weather|RainDance|[from] ability: Drizzle|[of] p1a: Kyogre\n|turn|15\n|inactive|Edna the goat has 270 seconds left.\n|\n|t:|1659043234\n|switch|p2a: Dialga|Dialga|94\/100\n|-damage|p2a: Dialga|88\/100|[from] Stealth Rock\n|-ability|p2a: Dialga|Pressure\n|move|p1a: Kyogre|Surf|p2a: Dialga\n|-resisted|p2a: Dialga\n|-damage|p2a: Dialga|42\/100\n|\n|-weather|RainDance|[upkeep]\n|upkeep\n|turn|16\n|inactive|Edna the goat has 270 seconds left.\n|\n|t:|1659043257\n|switch|p2a: Groudon|Groudon|42\/100\n|-damage|p2a: Groudon|36\/100|[from] Stealth Rock\n|-weather|SunnyDay|[from] ability: Drought|[of] p2a: Groudon\n|move|p1a: Kyogre|Surf|p2a: Groudon\n|-supereffective|p2a: Groudon\n|-damage|p2a: Groudon|0 fnt\n|faint|p2a: Groudon\n|\n|-weather|SunnyDay|[upkeep]\n|upkeep\n|inactive|Edna the goat has 270 seconds left.\n|\n|t:|1659043263\n|switch|p2a: Arceus|Arceus-Ghost|58\/100\n|-damage|p2a: Arceus|46\/100|[from] Stealth Rock\n|turn|17\n|\n|t:|1659043268\n|switch|p1a: Giratina|Giratina-Origin|95\/100\n|move|p2a: Arceus|Recover|p2a: Arceus\n|-heal|p2a: Arceus|96\/100\n|\n|-weather|SunnyDay|[upkeep]\n|upkeep\n|turn|18\n|\n|t:|1659043276\n|move|p2a: Arceus|Calm Mind|p2a: Arceus\n|-boost|p2a: Arceus|spa|1\n|-boost|p2a: Arceus|spd|1\n|move|p1a: Giratina|Dragon Tail|p2a: Arceus\n|-crit|p2a: Arceus\n|-damage|p2a: Arceus|45\/100\n|drag|p2a: Dialga|Dialga|42\/100\n|-damage|p2a: Dialga|36\/100|[from] Stealth Rock\n|-ability|p2a: Dialga|Pressure\n|\n|-weather|SunnyDay|[upkeep]\n|upkeep\n|turn|19\n|\n|t:|1659043285\n|switch|p1a: Kyogre|Kyogre|100\/100\n|-weather|RainDance|[from] ability: Drizzle|[of] p1a: Kyogre\n|move|p2a: Dialga|Dragon Pulse|p1a: Kyogre\n|-damage|p1a: Kyogre|56\/100\n|\n|-weather|RainDance|[upkeep]\n|upkeep\n|turn|20\n|\n|t:|1659043294\n|move|p2a: Dialga|Dragon Pulse|p1a: Kyogre\n|-crit|p1a: Kyogre\n|-damage|p1a: Kyogre|0 fnt\n|faint|p1a: Kyogre\n|\n|-weather|RainDance|[upkeep]\n|upkeep\n|\n|t:|1659043300\n|switch|p1a: Arceus|Arceus|100\/100\n|turn|21\n|\n|t:|1659043303\n|move|p2a: Dialga|Dragon Pulse|p1a: Arceus\n|-damage|p1a: Arceus|62\/100\n|move|p1a: Arceus|Swords Dance|p1a: Arceus\n|-boost|p1a: Arceus|atk|2\n|\n|-weather|RainDance|[upkeep]\n|upkeep\n|turn|22\n|inactive|Edna the goat has 270 seconds left.\n|inactive|Skysolo \u2764 has 270 seconds left.\n|inactive|Edna the goat has 240 seconds left.\n|inactive|Skysolo \u2764 has 240 seconds left.\n|\n|t:|1659043391\n|move|p1a: Arceus|Extreme Speed|p2a: Dialga\n|-resisted|p2a: Dialga\n|-damage|p2a: Dialga|0 fnt\n|faint|p2a: Dialga\n|\n|-weather|RainDance|[upkeep]\n|upkeep\n|\n|t:|1659043397\n|switch|p2a: Arceus|Arceus-Ghost|45\/100\n|-damage|p2a: Arceus|33\/100|[from] Stealth Rock\n|turn|23\n|\n|t:|1659043402\n|move|p2a: Arceus|Recover|p2a: Arceus\n|-heal|p2a: Arceus|83\/100\n|move|p1a: Arceus|Shadow Claw|p2a: Arceus\n|-supereffective|p2a: Arceus\n|-damage|p2a: Arceus|21\/100\n|\n|-weather|RainDance|[upkeep]\n|upkeep\n|turn|24\n|\n|t:|1659043408\n|move|p2a: Arceus|Focus Blast|p1a: Arceus\n|-supereffective|p1a: Arceus\n|-damage|p1a: Arceus|16\/100\n|move|p1a: Arceus|Shadow Claw|p2a: Arceus\n|-supereffective|p2a: Arceus\n|-crit|p2a: Arceus\n|-damage|p2a: Arceus|0 fnt\n|faint|p2a: Arceus\n|\n|win|Skysolo \u2764\n","uploadtime":1659043409,"views":19,"p1id":"skysolo","p2id":"ednathegoat","formatid":"gen5ubers","rating":0,"private":0,"password":null}