{"id":"smogtours-gen8stabmons-640300","p1":"pannuracotta","p2":"Unviabriel","format":"gen8stabmons","log":"|inactive|Battle timer is ON: inactive players will automatically lose when time's up.\n|t:|1658701845\n|gametype|singles\n|player|p1|pannuracotta|liza|\n|player|p2|Unviabriel|shauntal|\n|teamsize|p1|6\n|teamsize|p2|6\n|gen|8\n|tier|[Gen 8] STABmons\n|rule|Species Clause: Limit one of each Pok\u00e9mon\n|rule|OHKO Clause: OHKO moves are banned\n|rule|Evasion Moves Clause: Evasion moves are banned\n|rule|Endless Battle Clause: Forcing endless battles is banned\n|rule|HP Percentage Mod: HP is shown in percentages\n|rule|Dynamax Clause: You cannot dynamax\n|rule|Sleep Clause: Sleep-inducing moves are banned\n|clearpoke\n|poke|p1|Kyurem|\n|poke|p1|Tornadus-Therian, M|\n|poke|p1|Slowking-Galar, F|\n|poke|p1|Seismitoad, F|\n|poke|p1|Celesteela|\n|poke|p1|Aerodactyl, M|\n|poke|p2|Cinderace, M|\n|poke|p2|Gengar, F|\n|poke|p2|Toxapex, F|\n|poke|p2|Mudsdale, M|\n|poke|p2|Corviknight, F|\n|poke|p2|Weavile, M|\n|teampreview\n|inactive|pannuracotta also wants the timer to be on.\n|c|\u2606Unviabriel|hf\n|c|\u2606pannuracotta|hf\n|inactive|pannuracotta has 270 seconds left.\n|inactive|Unviabriel has 270 seconds left.\n|\n|t:|1658701902\n|start\n|switch|p1a: KAIGAN DORI|Seismitoad, F, shiny|100\/100\n|switch|p2a: Weavile|Weavile, M|100\/100\n|-ability|p2a: Weavile|Pressure\n|turn|1\n|\n|t:|1658701930\n|move|p2a: Weavile|Knock Off|p1a: KAIGAN DORI\n|-damage|p1a: KAIGAN DORI|63\/100\n|-enditem|p1a: KAIGAN DORI|Heavy-Duty Boots|[from] move: Knock Off|[of] p2a: Weavile\n|move|p1a: KAIGAN DORI|Flip Turn|p2a: Weavile\n|-damage|p2a: Weavile|66\/100\n|\n|t:|1658701939\n|switch|p1a: LAST SCENE|Aerodactyl, M, shiny|100\/100|[from]move: Flip Turn\n|\n|upkeep\n|turn|2\n|inactive|Unviabriel has 270 seconds left.\n|\n|t:|1658701969\n|switch|p1a: KAIGAN DORI|Seismitoad, F, shiny|63\/100\n|switch|p2a: Corviknight|Corviknight, F|100\/100\n|-ability|p2a: Corviknight|Pressure\n|\n|upkeep\n|turn|3\n|inactive|Unviabriel has 270 seconds left.\n|\n|t:|1658701990\n|move|p1a: KAIGAN DORI|Stealth Rock|p2a: Corviknight\n|-sidestart|p2: Unviabriel|move: Stealth Rock\n|move|p2a: Corviknight|Body Press|p1a: KAIGAN DORI\n|-damage|p1a: KAIGAN DORI|43\/100\n|\n|upkeep\n|turn|4\n|\n|t:|1658701999\n|move|p1a: KAIGAN DORI|Shore Up|p1a: KAIGAN DORI\n|-heal|p1a: KAIGAN DORI|93\/100\n|move|p2a: Corviknight|Defog|p1a: KAIGAN DORI\n|-unboost|p1a: KAIGAN DORI|evasion|1\n|-sideend|p2: Unviabriel|Stealth Rock|[from] move: Defog|[of] p2a: Corviknight\n|\n|upkeep\n|turn|5\n|\n|t:|1658702004\n|move|p1a: KAIGAN DORI|Flip Turn|p2a: Corviknight\n|-damage|p2a: Corviknight|88\/100\n|\n|t:|1658702006\n|switch|p1a: SHINDOU-KAKU|Slowking-Galar, F, shiny|100\/100|[from]move: Flip Turn\n|move|p2a: Corviknight|Body Press|p1a: SHINDOU-KAKU\n|-resisted|p1a: SHINDOU-KAKU\n|-damage|p1a: SHINDOU-KAKU|95\/100\n|\n|-heal|p2a: Corviknight|95\/100|[from] item: Leftovers\n|upkeep\n|turn|6\n|inactive|Unviabriel has 270 seconds left.\n|\n|t:|1658702038\n|move|p2a: Corviknight|U-turn|p1a: SHINDOU-KAKU\n|-damage|p1a: SHINDOU-KAKU|82\/100\n|\n|t:|1658702049\n|switch|p2a: Cinderace|Cinderace, M|100\/100|[from]move: U-turn\n|move|p1a: SHINDOU-KAKU|Scald|p2a: Cinderace\n|-supereffective|p2a: Cinderace\n|-damage|p2a: Cinderace|36\/100\n|\n|upkeep\n|turn|7\n|inactive|Unviabriel has 240 seconds left.\n|\n|t:|1658702071\n|move|p2a: Cinderace|U-turn|p1a: SHINDOU-KAKU\n|-start|p2a: Cinderace|typechange|Bug|[from] ability: Libero\n|-damage|p1a: SHINDOU-KAKU|54\/100\n|inactive|Unviabriel has 240 seconds left.\n|inactive|Unviabriel has 210 seconds left.\n|\n|t:|1658702129\n|switch|p2a: Toxapex|Toxapex, F|100\/100|[from]move: U-turn\n|move|p1a: SHINDOU-KAKU|Teleport|p1a: SHINDOU-KAKU\n|\n|t:|1658702137\n|switch|p1a: KAIGAN DORI|Seismitoad, F, shiny|93\/100|[from]move: Teleport\n|\n|upkeep\n|turn|8\n|\n|t:|1658702149\n|switch|p2a: Mudsdale|Mudsdale, M|100\/100\n|move|p1a: KAIGAN DORI|Stealth Rock|p2a: Mudsdale\n|-sidestart|p2: Unviabriel|move: Stealth Rock\n|\n|upkeep\n|turn|9\n|\n|t:|1658702162\n|move|p1a: KAIGAN DORI|Flip Turn|p2a: Mudsdale\n|-supereffective|p2a: Mudsdale\n|-crit|p2a: Mudsdale\n|-damage|p2a: Mudsdale|64\/100\n|-damage|p1a: KAIGAN DORI|76\/100|[from] item: Rocky Helmet|[of] p2a: Mudsdale\n|-ability|p2a: Mudsdale|Stamina|boost\n|-boost|p2a: Mudsdale|def|1\n|\n|t:|1658702169\n|switch|p1a: RE:RE:|Kyurem, shiny|100\/100|[from]move: Flip Turn\n|-ability|p1a: RE:RE:|Pressure\n|move|p2a: Mudsdale|Toxic|p1a: RE:RE:\n|-status|p1a: RE:RE:|tox\n|\n|-damage|p1a: RE:RE:|94\/100 tox|[from] psn\n|upkeep\n|turn|10\n|\n|t:|1658702194\n|switch|p2a: Toxapex|Toxapex, F|100\/100\n|-damage|p2a: Toxapex|88\/100|[from] Stealth Rock\n|move|p1a: RE:RE:|Freeze-Dry|p2a: Toxapex\n|-supereffective|p2a: Toxapex\n|-damage|p2a: Toxapex|25\/100\n|\n|-heal|p2a: Toxapex|31\/100|[from] item: Black Sludge\n|-damage|p1a: RE:RE:|82\/100 tox|[from] psn\n|upkeep\n|turn|11\n|inactive|Unviabriel has 180 seconds left.\n|inactive|Unviabriel has 150 seconds left.\n|\n|t:|1658702264\n|move|p1a: RE:RE:|Freeze-Dry|p2a: Toxapex\n|-supereffective|p2a: Toxapex\n|-damage|p2a: Toxapex|0 fnt\n|faint|p2a: Toxapex\n|\n|-damage|p1a: RE:RE:|64\/100 tox|[from] psn\n|upkeep\n|inactive|Unviabriel has 120 seconds left.\n|inactive|Unviabriel has 90 seconds left.\n|\n|t:|1658702322\n|switch|p2a: Cinderace|Cinderace, M|36\/100\n|turn|12\n|inactive|Unviabriel has 90 seconds left.\n|\n|t:|1658702342\n|switch|p1a: REWRITE|Tornadus-Therian, M, shiny|100\/100\n|move|p2a: Cinderace|Sacred Fire|p1a: REWRITE\n|-damage|p1a: REWRITE|39\/100\n|-status|p1a: REWRITE|brn\n|\n|-damage|p1a: REWRITE|33\/100 brn|[from] brn\n|upkeep\n|turn|13\n|inactive|Unviabriel has 60 seconds left.\n|\n|t:|1658702377\n|switch|p2a: Corviknight|Corviknight, F|95\/100\n|-damage|p2a: Corviknight|82\/100|[from] Stealth Rock\n|-ability|p2a: Corviknight|Pressure\n|move|p1a: REWRITE|U-turn|p2a: Corviknight\n|-resisted|p2a: Corviknight\n|-damage|p2a: Corviknight|81\/100\n|\n|t:|1658702390\n|switch|p1a: LAST SCENE|Aerodactyl, M, shiny|100\/100|[from]move: U-turn\n|\n|-heal|p2a: Corviknight|87\/100|[from] item: Leftovers\n|upkeep\n|turn|14\n|inactive|Unviabriel has 60 seconds left.\n|\n|t:|1658702425\n|switch|p2a: Mudsdale|Mudsdale, M|64\/100\n|-damage|p2a: Mudsdale|58\/100|[from] Stealth Rock\n|move|p1a: LAST SCENE|Head Smash|p2a: Mudsdale\n|-resisted|p2a: Mudsdale\n|-damage|p2a: Mudsdale|27\/100\n|-damage|p1a: LAST SCENE|84\/100|[from] item: Rocky Helmet|[of] p2a: Mudsdale\n|-ability|p2a: Mudsdale|Stamina|boost\n|-boost|p2a: Mudsdale|def|1\n|\n|upkeep\n|turn|15\n|\n|t:|1658702439\n|switch|p1a: RE:RE:|Kyurem, shiny|64\/100 tox\n|-ability|p1a: RE:RE:|Pressure\n|move|p2a: Mudsdale|Stealth Rock|p1a: RE:RE:\n|-sidestart|p1: pannuracotta|move: Stealth Rock\n|\n|-damage|p1a: RE:RE:|58\/100 tox|[from] psn\n|upkeep\n|turn|16\n|\n|t:|1658702458\n|move|p1a: RE:RE:|Freeze-Dry|p2a: Mudsdale\n|-supereffective|p2a: Mudsdale\n|-damage|p2a: Mudsdale|0 fnt\n|faint|p2a: Mudsdale\n|\n|-damage|p1a: RE:RE:|45\/100 tox|[from] psn\n|upkeep\n|inactive|Unviabriel has 30 seconds left.\n|\n|t:|1658702480\n|switch|p2a: Cinderace|Cinderace, M|36\/100\n|turn|17\n|inactive|Unviabriel has 30 seconds left.\n|inactive|Unviabriel has 20 seconds left.\n|inactive|Unviabriel has 15 seconds left.\n|\n|t:|1658702501\n|switch|p1a: SHINDOU-KAKU|Slowking-Galar, F, shiny|87\/100\n|move|p2a: Cinderace|High Jump Kick|p1a: SHINDOU-KAKU|[miss]\n|-start|p2a: Cinderace|typechange|Fighting|[from] ability: Libero\n|-miss|p2a: Cinderace|p1a: SHINDOU-KAKU\n|-damage|p2a: Cinderace|0 fnt|[from] highjumpkick\n|faint|p2a: Cinderace\n|\n|upkeep\n|inactive|Unviabriel has 20 seconds left this turn.\n|inactive|Unviabriel has 15 seconds left.\n|inactive|Unviabriel has 10 seconds left.\n|\n|t:|1658702512\n|switch|p2a: Weavile|Weavile, M|66\/100\n|-ability|p2a: Weavile|Pressure\n|turn|18\n|inactive|Unviabriel has 20 seconds left this turn.\n|inactive|Unviabriel has 15 seconds left.\n|\n|t:|1658702519\n|move|p2a: Weavile|Knock Off|p1a: SHINDOU-KAKU\n|-supereffective|p1a: SHINDOU-KAKU\n|-damage|p1a: SHINDOU-KAKU|3\/100\n|-enditem|p1a: SHINDOU-KAKU|Heavy-Duty Boots|[from] move: Knock Off|[of] p2a: Weavile\n|move|p1a: SHINDOU-KAKU|Teleport|p1a: SHINDOU-KAKU\n|inactive|Unviabriel has 20 seconds left this turn.\n|\n|t:|1658702523\n|switch|p1a: LAST SCENE|Aerodactyl, M, shiny|84\/100|[from]move: Teleport\n|-damage|p1a: LAST SCENE|59\/100|[from] Stealth Rock\n|\n|upkeep\n|turn|19\n|inactive|Unviabriel has 30 seconds left this turn.\n|\n|t:|1658702532\n|switch|p2a: Corviknight|Corviknight, F|87\/100\n|-damage|p2a: Corviknight|75\/100|[from] Stealth Rock\n|-ability|p2a: Corviknight|Pressure\n|move|p1a: LAST SCENE|Accelerock|p2a: Corviknight\n|-damage|p2a: Corviknight|58\/100\n|\n|-heal|p2a: Corviknight|64\/100|[from] item: Leftovers\n|upkeep\n|turn|20\n|inactive|Unviabriel has 30 seconds left.\n|\n|t:|1658702540\n|switch|p1a: SIREN|Celesteela, shiny|100\/100\n|-damage|p1a: SIREN|88\/100|[from] Stealth Rock\n|move|p2a: Corviknight|U-turn|p1a: SIREN\n|-resisted|p1a: SIREN\n|-damage|p1a: SIREN|86\/100\n|inactive|Unviabriel has 30 seconds left.\n|\n|t:|1658702554\n|switch|p2a: Gengar|Gengar, F|100\/100|[from]move: U-turn\n|-damage|p2a: Gengar|88\/100|[from] Stealth Rock\n|\n|-heal|p1a: SIREN|92\/100|[from] item: Leftovers\n|upkeep\n|turn|21\n|inactive|Unviabriel has 30 seconds left.\n|inactive|Unviabriel has 20 seconds left.\n|inactive|Unviabriel has 15 seconds left.\n|\n|t:|1658702574\n|move|p2a: Gengar|Trick|p1a: SIREN\n|-activate|p2a: Gengar|move: Trick|[of] p1a: SIREN\n|-item|p1a: SIREN|Choice Specs|[from] move: Trick\n|-item|p2a: Gengar|Leftovers|[from] move: Trick\n|move|p1a: SIREN|Defog|p2a: Gengar\n|-unboost|p2a: Gengar|evasion|1\n|-sideend|p2: Unviabriel|Stealth Rock|[from] move: Defog|[of] p1a: SIREN\n|-sideend|p1: pannuracotta|Stealth Rock|[from] move: Defog|[of] p1a: SIREN\n|\n|-heal|p2a: Gengar|94\/100|[from] item: Leftovers\n|upkeep\n|turn|22\n|inactive|Unviabriel has 25 seconds left this turn.\n|inactive|Unviabriel has 20 seconds left.\n|\n|t:|1658702582\n|switch|p1a: REWRITE|Tornadus-Therian, M, shiny|67\/100 brn\n|move|p2a: Gengar|Moongeist Beam|p1a: REWRITE\n|-damage|p1a: REWRITE|27\/100 brn\n|\n|-heal|p2a: Gengar|100\/100|[from] item: Leftovers\n|-damage|p1a: REWRITE|21\/100 brn|[from] brn\n|upkeep\n|turn|23\n|inactive|Unviabriel has 30 seconds left this turn.\n|\n|t:|1658702589\n|move|p1a: REWRITE|U-turn|p2a: Gengar\n|-resisted|p2a: Gengar\n|-damage|p2a: Gengar|96\/100\n|inactive|Unviabriel has 30 seconds left this turn.\n|\n|t:|1658702595\n|switch|p1a: SHINDOU-KAKU|Slowking-Galar, F, shiny|37\/100|[from]move: U-turn\n|move|p2a: Gengar|Moongeist Beam|p1a: SHINDOU-KAKU\n|-supereffective|p1a: SHINDOU-KAKU\n|-damage|p1a: SHINDOU-KAKU|0 fnt\n|faint|p1a: SHINDOU-KAKU\n|\n|-heal|p2a: Gengar|100\/100|[from] item: Leftovers\n|upkeep\n|\n|t:|1658702596\n|switch|p1a: LAST SCENE|Aerodactyl, M, shiny|59\/100\n|turn|24\n|inactive|Unviabriel has 30 seconds left.\n|inactive|Unviabriel has 20 seconds left.\n|\n|t:|1658702622\n|switch|p2a: Weavile|Weavile, M|66\/100\n|-ability|p2a: Weavile|Pressure\n|move|p1a: LAST SCENE|Head Smash|p2a: Weavile|[miss]\n|-miss|p1a: LAST SCENE|p2a: Weavile\n|\n|upkeep\n|turn|25\n|inactive|Unviabriel has 30 seconds left this turn.\n|\n|t:|1658702630\n|switch|p1a: SIREN|Celesteela, shiny|92\/100\n|move|p2a: Weavile|Ice Shard|p1a: SIREN\n|-damage|p1a: SIREN|77\/100\n|\n|upkeep\n|turn|26\n|inactive|Unviabriel has 30 seconds left.\n|\n|t:|1658702639\n|switch|p2a: Corviknight|Corviknight, F|64\/100\n|-ability|p2a: Corviknight|Pressure\n|move|p1a: SIREN|Flamethrower|p2a: Corviknight\n|-supereffective|p2a: Corviknight\n|-damage|p2a: Corviknight|6\/100\n|\n|-heal|p2a: Corviknight|12\/100|[from] item: Leftovers\n|upkeep\n|turn|27\n|inactive|Unviabriel has 30 seconds left.\n|inactive|Unviabriel has 20 seconds left.\n|inactive|Unviabriel has 15 seconds left.\n|inactive|Unviabriel has 10 seconds left.\n|\n|t:|1658702669\n|move|p2a: Corviknight|Roost|p2a: Corviknight\n|-heal|p2a: Corviknight|62\/100\n|-singleturn|p2a: Corviknight|move: Roost\n|move|p1a: SIREN|Flamethrower|p2a: Corviknight\n|-supereffective|p2a: Corviknight\n|-damage|p2a: Corviknight|2\/100\n|\n|-heal|p2a: Corviknight|8\/100|[from] item: Leftovers\n|upkeep\n|turn|28\n|inactive|Unviabriel has 20 seconds left this turn.\n|inactive|Unviabriel has 15 seconds left.\n|inactive|Unviabriel has 10 seconds left.\n|\n|t:|1658702681\n|move|p2a: Corviknight|Body Press|p1a: SIREN\n|-damage|p1a: SIREN|59\/100\n|move|p1a: SIREN|Flamethrower|p2a: Corviknight\n|-supereffective|p2a: Corviknight\n|-damage|p2a: Corviknight|0 fnt\n|faint|p2a: Corviknight\n|-ability|p1a: SIREN|Beast Boost|boost\n|-boost|p1a: SIREN|def|1\n|\n|upkeep\n|inactive|Unviabriel has 15 seconds left this turn.\n|inactive|Unviabriel has 10 seconds left.\n|\n|t:|1658702687\n|switch|p2a: Gengar|Gengar, F|100\/100\n|turn|29\n|inactive|Unviabriel has 20 seconds left this turn.\n|\n|t:|1658702692\n|switch|p1a: KAIGAN DORI|Seismitoad, F, shiny|76\/100\n|move|p2a: Gengar|Moongeist Beam|p1a: KAIGAN DORI\n|-damage|p1a: KAIGAN DORI|18\/100\n|\n|upkeep\n|turn|30\n|inactive|Unviabriel has 30 seconds left this turn.\n|\n|t:|1658702700\n|move|p2a: Gengar|Moongeist Beam|p1a: KAIGAN DORI\n|-damage|p1a: KAIGAN DORI|0 fnt\n|faint|p1a: KAIGAN DORI\n|\n|upkeep\n|inactive|Unviabriel has 30 seconds left this turn.\n|\n|t:|1658702702\n|switch|p1a: LAST SCENE|Aerodactyl, M, shiny|59\/100\n|turn|31\n|\n|t:|1658702708\n|move|p1a: LAST SCENE|Brave Bird|p2a: Gengar\n|-damage|p2a: Gengar|0 fnt\n|-start|p1a: LAST SCENE|Disable|Brave Bird|[from] ability: Cursed Body|[of] p2a: Gengar\n|faint|p2a: Gengar\n|\n|upkeep\n|\n|t:|1658702713\n|switch|p2a: Weavile|Weavile, M|66\/100\n|-ability|p2a: Weavile|Pressure\n|turn|32\n|\n|t:|1658702717\n|switch|p1a: RE:RE:|Kyurem, shiny|45\/100 tox\n|-ability|p1a: RE:RE:|Pressure\n|move|p2a: Weavile|Swords Dance|p2a: Weavile\n|-boost|p2a: Weavile|atk|2\n|\n|-damage|p1a: RE:RE:|39\/100 tox|[from] psn\n|upkeep\n|turn|33\n|\n|t:|1658702734\n|move|p2a: Weavile|Knock Off|p1a: RE:RE:\n|-damage|p1a: RE:RE:|0 fnt\n|-enditem|p1a: RE:RE:|Never-Melt Ice|[from] move: Knock Off|[of] p2a: Weavile\n|faint|p1a: RE:RE:\n|\n|upkeep\n|\n|t:|1658702735\n|switch|p1a: LAST SCENE|Aerodactyl, M, shiny|59\/100\n|turn|34\n|\n|t:|1658702737\n|move|p1a: LAST SCENE|Accelerock|p2a: Weavile\n|-supereffective|p2a: Weavile\n|-damage|p2a: Weavile|0 fnt\n|faint|p2a: Weavile\n|\n|win|pannuracotta\n|c|\u2606pannuracotta|ggs\n","uploadtime":1658702738,"views":175,"p1id":"pannuracotta","p2id":"unviabriel","formatid":"gen8stabmons","rating":0,"private":0,"password":null}