{"id":"smogtours-ubers-54583","p1":"panamaxis","p2":"smogmog","format":"ubers","log":"|inactive|Battle timer is ON: inactive players will automatically lose when time's up.\n|J|panamaxis\n|J|smogmog\n|player|p1|panamaxis|170\n|player|p2|smogmog|150\n|gametype|singles\n|gen|6\n|tier|Ubers\n|rule|Swagger Clause: Swagger is banned\n|clearpoke\n|poke|p1|Excadrill, L62, F, shiny\n|poke|p1|Volcarona, L62, F\n|poke|p1|Steelix, L62, F, shiny\n|poke|p1|Gyarados, L62, M, shiny\n|poke|p1|Heracross, L62, M, shiny\n|poke|p1|Thundurus, L62, M, shiny\n|poke|p2|Golem, L62, M\n|poke|p2|Vileplume, L62, F\n|poke|p2|Forretress, L62, F\n|poke|p2|Gardevoir, L62, F\n|poke|p2|Clefable, L62, F\n|poke|p2|Ninetales, L62, F\n|rule|Mega Rayquaza Ban Mod: You cannot mega evolve Rayquaza\n|rule|Sleep Clause Mod: Limit one foe put to sleep\n|rule|Species Clause: Limit one of each Pok\u00e9mon\n|rule|Moody Clause: Moody is banned\n|rule|OHKO Clause: OHKO moves are banned\n|rule|Endless Battle Clause: Forcing endless battles is banned\n|rule|HP Percentage Mod: HP is shown in percentages\n|teampreview\n|c|\u2605smogmog|have fun\n|c|\u2605panamaxis|you too\n|J|River Martini\n|J|McMeghan\n|c|~McMeghan|wait\n|J|pokeaim\n|J|kratosmana\n|c|~McMeghan|let me advertise it\n|c|~McMeghan|one sec\n|c|\u2605smogmog|no advertisings\n|c|\u2605smogmog|i stopped watching tv to avoid that shi\n|c|@pokeaim|ill advertise too\n|c|@pokeaim|on twitter :D\n|c|~McMeghan|ahhh i rly wanted to catch that fight\n|c|~McMeghan|hf both of you :)\n|J|BKC\n|c|+BKC|where's tropius dude\n|c|\u2605smogmog|we both tired as fuck I guess\n|c|\u2605panamaxis|is it legal?\n|c|\u2605smogmog|should be\n|c|\u2605smogmog|unless moves\n|c|\u2605panamaxis|lol a missed opportunity\n|\n|start\n|switch|p1a: Steelix|Steelix, L62, F, shiny|222\/222\n|switch|p2a: Ninetales|Ninetales, L62, F|217\/217\n|-weather|SunnyDay\n|turn|1\n|J|tamahome\n|\n|move|p2a: Ninetales|Will-O-Wisp|p1a: Steelix|[miss]\n|-miss|p2a: Ninetales|p1a: Steelix\n|move|p1a: Steelix|Earthquake|p2a: Ninetales\n|-supereffective|p2a: Ninetales\n|-damage|p2a: Ninetales|0 fnt\n|faint|p2a: Ninetales\n|\n|-weather|SunnyDay|[upkeep]\n|J|ashiemore\n|c|\u2605panamaxis|oops\n|c|\u2605smogmog|haha\n|c|\u2605panamaxis|we can restart if you want\n|c|\u2605panamaxis|idc\n|c|\u2605smogmog|nah\n|c|\u2605panamaxis|alright\n|J|bro flst\n|c|\u2605smogmog|i don't care for this today\n|\n|switch|p2a: Forretress|Forretress, L62, F|223\/223\n|turn|2\n|c|\u2605panamaxis|!data forretress\n|c|~|\/data-pokemon Forretress\n\n|c|\u2605panamaxis|!data steelix\n|c|~|\/data-pokemon Steelix\n\n|J|Frizy\n|\n|switch|p1a: Excadrill|Excadrill, L62, F, shiny|228\/228\n|-ability|p1a: Excadrill|Mold Breaker\n|move|p2a: Forretress|Toxic Spikes|p1a: Excadrill\n|-sidestart|p1: panamaxis|move: Toxic Spikes\n|\n|-weather|SunnyDay|[upkeep]\n|turn|3\n|c|\u2605smogmog|should get spin as well, its a spinning snake right\n|c|\u2605panamaxis|lol yeah\n|\n|move|p1a: Excadrill|Rapid Spin|p2a: Forretress\n|-resisted|p2a: Forretress\n|-damage|p2a: Forretress|217\/223\n|-damage|p1a: Excadrill|190\/228|[from] item: Rocky Helmet|[of] p2a: Forretress\n|-sideend|p1: panamaxis|Toxic Spikes|[from] move: Rapid Spin|[of] p1a: Excadrill\n|move|p2a: Forretress|Spikes|p1a: Excadrill\n|-sidestart|p1: panamaxis|Spikes\n|\n|-weather|SunnyDay|[upkeep]\n|turn|4\n|J|WhiteQueen\n|\n|switch|p2a: Vileplume|Vileplume, L62, F|192\/192\n|move|p1a: Excadrill|Swords Dance|p1a: Excadrill\n|-boost|p1a: Excadrill|atk|2\n|\n|-weather|SunnyDay|[upkeep]\n|turn|5\n|\n|move|p2a: Vileplume|Sleep Powder|p1a: Excadrill\n|-status|p1a: Excadrill|slp\n|cant|p1a: Excadrill|slp\n|\n|-weather|none\n|turn|6\n|c|\u2605panamaxis|oh it's sunny\n|c|\u2605panamaxis|nice one\n|\n|cant|p1a: Excadrill|slp\n|move|p2a: Vileplume|Giga Drain|p1a: Excadrill\n|-damage|p1a: Excadrill|85\/228 slp\n|\n|turn|7\n|J|ceraa\n|\n|switch|p1a: Volcarona|Volcarona, L62, F|197\/197\n|-damage|p1a: Volcarona|173\/197|[from] Spikes\n|move|p2a: Vileplume|Giga Drain|p1a: Volcarona\n|-resisted|p1a: Volcarona\n|-damage|p1a: Volcarona|156\/197\n|\n|turn|8\n|\n|switch|p2a: Clefable|Clefable, L62, F|248\/248\n|move|p1a: Volcarona|Fire Blast|p2a: Clefable\n|-damage|p2a: Clefable|116\/248\n|-enditem|p2a: Clefable|Sitrus Berry|[eat]\n|-heal|p2a: Clefable|178\/248|[from] item: Sitrus Berry\n|\n|turn|9\n|\n|switch|p1a: Steelix|Steelix, L62, F, shiny|222\/222\n|-damage|p1a: Steelix|195\/222|[from] Spikes\n|move|p2a: Clefable|Moonlight|p2a: Clefable\n|-heal|p2a: Clefable|248\/248\n|\n|turn|10\n|\n|switch|p2a: Golem|Golem, L62, M|190\/190\n|move|p1a: Steelix|Stealth Rock|p2a: Golem\n|-sidestart|p2: smogmog|move: Stealth Rock\n|\n|turn|11\n|\n|move|p2a: Golem|Stealth Rock|p1a: Steelix\n|-sidestart|p1: panamaxis|move: Stealth Rock\n|move|p1a: Steelix|Earthquake|p2a: Golem\n|-supereffective|p2a: Golem\n|-damage|p2a: Golem|52\/190\n|\n|turn|12\n|\n|switch|p1a: Gyarados|Gyarados, L62, M, shiny|220\/220\n|-damage|p1a: Gyarados|165\/220|[from] Stealth Rock\n|-ability|p1a: Gyarados|Intimidate|[of] p2a: Golem\n|-unboost|p2a: Golem|atk|1\n|move|p2a: Golem|Rock Tomb|p1a: Gyarados\n|-supereffective|p1a: Gyarados\n|-damage|p1a: Gyarados|55\/220\n|-unboost|p1a: Gyarados|spe|1\n|\n|turn|13\n|c|\u2605smogmog|tombed\n|c|\u2605panamaxis|yup\n|\n|move|p2a: Golem|Rock Tomb|p1a: Gyarados\n|-supereffective|p1a: Gyarados\n|-damage|p1a: Gyarados|0 fnt\n|faint|p1a: Gyarados\n|\n|\n|switch|p1a: Volcarona|Volcarona, L62, F|156\/197\n|-damage|p1a: Volcarona|132\/197|[from] Spikes\n|-damage|p1a: Volcarona|34\/197|[from] Stealth Rock\n|turn|14\n|J|Tomahawk\n|c|+Tomahawk|who is smogmog\n|c|+Tomahawk|?\n|c|\u2605smogmog|i dont know\n|c|@pokeaim|a secret society\n|c|+Tomahawk|oh\n|c|\u2605smogmog|mysterious evolution of a poisonous cloud\n|c|+Tomahawk|can i have access please>\n|c|+Tomahawk|aim please add me\n|c|\u2605smogmog|cough loud for entry\n|c|+Tomahawk|COUGH\n|c|+Tomahawk|ok?\n|\n|move|p1a: Volcarona|Bug Buzz|p2a: Golem\n|-damage|p2a: Golem|0 fnt\n|faint|p2a: Golem\n|\n|c|@pokeaim|denied\n|c|@pokeaim|sorry\n|c|+Tomahawk|damnit..\n|\n|switch|p2a: Clefable|Clefable, L62, F|248\/248\n|-damage|p2a: Clefable|217\/248|[from] Stealth Rock\n|turn|15\n|\n|move|p1a: Volcarona|Fire Blast|p2a: Clefable|[miss]\n|-miss|p1a: Volcarona|p2a: Clefable\n|move|p2a: Clefable|Calm Mind|p2a: Clefable\n|-boost|p2a: Clefable|spa|1\n|-boost|p2a: Clefable|spd|1\n|\n|turn|16\n|\n|move|p1a: Volcarona|Fire Blast|p2a: Clefable\n|-damage|p2a: Clefable|126\/248\n|move|p2a: Clefable|Calm Mind|p2a: Clefable\n|-boost|p2a: Clefable|spa|1\n|-boost|p2a: Clefable|spd|1\n|\n|turn|17\n|\n|move|p1a: Volcarona|Fire Blast|p2a: Clefable\n|-damage|p2a: Clefable|59\/248\n|move|p2a: Clefable|Moonlight|p2a: Clefable\n|-heal|p2a: Clefable|183\/248\n|\n|turn|18\n|J|Divine Amaterasu\n|\n|move|p1a: Volcarona|Fire Blast|p2a: Clefable\n|-damage|p2a: Clefable|117\/248\n|move|p2a: Clefable|Calm Mind|p2a: Clefable\n|-boost|p2a: Clefable|spa|1\n|-boost|p2a: Clefable|spd|1\n|\n|turn|19\n|\n|move|p1a: Volcarona|Fire Blast|p2a: Clefable\n|-damage|p2a: Clefable|59\/248\n|move|p2a: Clefable|Moonlight|p2a: Clefable\n|-heal|p2a: Clefable|183\/248\n|\n|turn|20\n|c|+Tomahawk|!dt moonlight\n|c|~|\/data-move Moonlight\n|raw|<font size=\"1\"><font color=#585858>Priority:<\/font> 0&nbsp;|&ThickSpace;<font color=#585858>Target:<\/font> User<\/font>\n|\n|move|p1a: Volcarona|Fire Blast|p2a: Clefable\n|-damage|p2a: Clefable|128\/248\n|move|p2a: Clefable|Calm Mind|p2a: Clefable\n|-boost|p2a: Clefable|spa|1\n|-boost|p2a: Clefable|spd|1\n|\n|turn|21\n|c|\u2605smogmog|!dt crit\nNo Pokemon, item, move, ability or nature named 'crit' was found. (Check your spelling?)\n|c|\u2605smogmog|:)\n|\n|move|p1a: Volcarona|Fire Blast|p2a: Clefable\n|-damage|p2a: Clefable|82\/248\n|move|p2a: Clefable|Moonlight|p2a: Clefable\n|-heal|p2a: Clefable|206\/248\n|\n|turn|22\n|c|+Tomahawk|!dt fire blast\n|c|~|\/data-move Fire Blast\n|raw|<font size=\"1\"><font color=#585858>Priority:<\/font> 0&nbsp;|&ThickSpace;<font color=#585858><font color=black>&#10003; Secondary effect<\/font><\/font>&nbsp;|&ThickSpace;<font color=#585858>Target:<\/font> One Adjacent Pokemon<\/font>\n|\n|move|p1a: Volcarona|Bug Buzz|p2a: Clefable\n|-resisted|p2a: Clefable\n|-damage|p2a: Clefable|188\/248\n|move|p2a: Clefable|Calm Mind|p2a: Clefable\n|-boost|p2a: Clefable|spa|1\n|-boost|p2a: Clefable|spd|1\n|\n|turn|23\n|c|\u2605smogmog|is that enough???\n|c|\u2605panamaxis|should be?\n|\n|move|p1a: Volcarona|Bug Buzz|p2a: Clefable\n|-resisted|p2a: Clefable\n|-damage|p2a: Clefable|173\/248\n|move|p2a: Clefable|Calm Mind|p2a: Clefable\n|-boost|p2a: Clefable|spa|1\n|-boost|p2a: Clefable|spd|1\n|\n|turn|24\n|\n|move|p1a: Volcarona|Bug Buzz|p2a: Clefable\n|-resisted|p2a: Clefable\n|-damage|p2a: Clefable|159\/248\n|move|p2a: Clefable|Moonlight|p2a: Clefable\n|-heal|p2a: Clefable|248\/248\n|\n|turn|25\n|c|\u2605smogmog|nah it wont\n|\n|move|p1a: Volcarona|Bug Buzz|p2a: Clefable\n|-resisted|p2a: Clefable\n|-damage|p2a: Clefable|233\/248\n|move|p2a: Clefable|Moonblast|p1a: Volcarona\n|-resisted|p1a: Volcarona\n|-damage|p1a: Volcarona|0 fnt\n|faint|p1a: Volcarona\n|\n|\n|switch|p1a: Thundurus|Thundurus, L62, M, shiny|189\/189\n|-damage|p1a: Thundurus|142\/189|[from] Stealth Rock\n|turn|26\n|\n|move|p1a: Thundurus|Thunder Wave|p2a: Clefable\n|-status|p2a: Clefable|par\n|move|p2a: Clefable|Moonblast|p1a: Thundurus\n|-damage|p1a: Thundurus|0 fnt\n|faint|p1a: Thundurus\n|\n|\n|switch|p1a: Steelix|Steelix, L62, F, shiny|195\/222\n|-damage|p1a: Steelix|168\/222|[from] Spikes\n|-damage|p1a: Steelix|162\/222|[from] Stealth Rock\n|turn|27\n|c|\u2605smogmog|too heavy\n|c|+Tomahawk|LO?\n|\n|move|p1a: Steelix|Heavy Slam|p2a: Clefable\n|-supereffective|p2a: Clefable\n|-damage|p2a: Clefable|51\/248 par\n|move|p2a: Clefable|Stored Power|p1a: Steelix\n|-resisted|p1a: Steelix\n|-damage|p1a: Steelix|0 fnt\n|faint|p1a: Steelix\n|\n|\n|switch|p1a: Heracross|Heracross, L62, M, shiny|190\/190\n|-damage|p1a: Heracross|167\/190|[from] Stealth Rock\n|-damage|p1a: Heracross|144\/190|[from] Spikes\n|turn|28\n|c|\u2605smogmog|impossible\n|c|\u2605smogmog|not available here\n|c|+Tomahawk|uh\n|c|+Tomahawk|what tour si this\n|c|~McMeghan|walkthough\n|\n|move|p1a: Heracross|Megahorn|p2a: Clefable\n|-resisted|p2a: Clefable\n|-damage|p2a: Clefable|0 fnt\n|faint|p2a: Clefable\n|\n|J|Allstar124\n|c|@pokeaim|these are the pokemon they caught\n|c|@pokeaim|in their games\n|c|@pokeaim|so now they have to play with them here\n|c|+Tomahawk|oh\n|c|\u2605smogmog|like never\n|c|+Tomahawk|right\n|c|+kratosmana|its finals toma\n|c|+Tomahawk|oh\n|c|\u2605smogmog|i dropped gardevoir very soon\n|c|+Tomahawk|who is smogmog?\n|\n|switch|p2a: Gardevoir|Gardevoir, L62, F|214\/214\n|-damage|p2a: Gardevoir|188\/214|[from] Stealth Rock\n|-ability|p2a: Gardevoir|Swarm|[from] ability: Trace|[of] p1a: Heracross\n|turn|29\n|c|@pokeaim|he's panamaxis\n|c|\u2605smogmog|pray\n|c|+Tomahawk|huh\n|\n|move|p1a: Heracross|Megahorn|p2a: Gardevoir\n|-damage|p2a: Gardevoir|0 fnt\n|faint|p2a: Gardevoir\n|\n|\n|switch|p2a: Forretress|Forretress, L62, F|217\/223\n|-damage|p2a: Forretress|190\/223|[from] Stealth Rock\n|turn|30\n|\n|move|p1a: Heracross|Swords Dance|p1a: Heracross\n|-boost|p1a: Heracross|atk|2\n|move|p2a: Forretress|Volt Switch|p1a: Heracross\n|-damage|p1a: Heracross|121\/190\n|c|\u2605smogmog|gg\n|c|\u2605smogmog|well played\n|c|\u2605panamaxis|mega miss\n|c|\u2605smogmog|does not help\n|\n|switch|p2a: Vileplume|Vileplume, L62, F|192\/192\n|-damage|p2a: Vileplume|168\/192|[from] Stealth Rock\n|\n|-heal|p2a: Vileplume|180\/192|[from] item: Black Sludge\n|turn|31\n|\n|move|p1a: Heracross|Megahorn|p2a: Vileplume\n|-damage|p2a: Vileplume|0 fnt\n|faint|p2a: Vileplume\n|\n|L|ashiemore\n|\n|switch|p2a: Forretress|Forretress, L62, F|190\/223\n|-damage|p2a: Forretress|163\/223|[from] Stealth Rock\n|turn|32\n|c|\u2605smogmog|could have done some switching but too risky\n|c|\u2605smogmog|great match\n|c|\u2605panamaxis|yeah gg\n|\n|move|p1a: Heracross|Swords Dance|p1a: Heracross\n|-boost|p1a: Heracross|atk|2\n|move|p2a: Forretress|Spikes|p1a: Heracross\n|-sidestart|p1: panamaxis|Spikes\n|\n|turn|33\n|\n|move|p1a: Heracross|Swords Dance|p1a: Heracross\n|-boost|p1a: Heracross|atk|2\n|move|p2a: Forretress|Spikes|p1a: Heracross\n|-sidestart|p1: panamaxis|Spikes\n|\n|turn|34\n|\n|move|p1a: Heracross|Reversal|p2a: Forretress\n|-damage|p2a: Forretress|49\/223\n|-damage|p1a: Heracross|90\/190|[from] item: Rocky Helmet|[of] p2a: Forretress\n|move|p2a: Forretress|Spikes|p1a: Heracross\n|-fail|p1a: Heracross\n|\n|turn|35\n|L|River Martini\n|\n|move|p1a: Heracross|Reversal|p2a: Forretress\n|-damage|p2a: Forretress|0 fnt\n|-damage|p1a: Heracross|59\/190|[from] item: Rocky Helmet|[of] p2a: Forretress\n|faint|p2a: Forretress\n|\n|win|panamaxis","inputlog":null,"uploadtime":1430058270,"views":843,"p1id":"panamaxis","p2id":"smogmog","formatid":"ubers","rating":0,"private":0,"password":null}