{"id":"smogtours-gen7nu-630099","p1":"a rabbit","p2":"tolstoy","format":"gen7nu","log":"|inactive|Battle timer is ON: inactive players will automatically lose when time's up.\n|t:|1654435298\n|gametype|singles\n|player|p1|a rabbit|#wcop2022asia|\n|player|p2|tolstoy|may|\n|teamsize|p1|6\n|teamsize|p2|6\n|gen|7\n|tier|[Gen 7] NU\n|rule|Sleep Clause Mod: Limit one foe put to sleep\n|rule|Species Clause: Limit one of each Pok\u00e9mon\n|rule|OHKO Clause: OHKO moves are banned\n|rule|Moody Clause: Moody is banned\n|rule|Evasion Moves Clause: Evasion moves are banned\n|rule|Endless Battle Clause: Forcing endless battles is banned\n|rule|HP Percentage Mod: HP is shown in percentages\n|clearpoke\n|poke|p1|Abomasnow, M|item\n|poke|p1|Aerodactyl, M|item\n|poke|p1|Weezing, M|item\n|poke|p1|Blastoise, M|item\n|poke|p1|Steelix, M|item\n|poke|p1|Absol, F|item\n|poke|p2|Weezing, F|item\n|poke|p2|Sneasel, M|item\n|poke|p2|Rotom|item\n|poke|p2|Delphox, F|item\n|poke|p2|Seismitoad, M|item\n|poke|p2|Abomasnow, M|item\n|teampreview\n|c|\u2606a rabbit|glhf\n|c|\u2606tolstoy|u2\n|inactive|a rabbit has 270 seconds left.\n|inactive|tolstoy has 270 seconds left.\n|inactive|a rabbit has 240 seconds left.\n|inactive|tolstoy has 240 seconds left.\n|inactive|a rabbit has 210 seconds left.\n|\n|t:|1654435397\n|start\n|switch|p1a: Absol|Absol, F|100\/100\n|switch|p2a: vrotom|Rotom|100\/100\n|turn|1\n|inactive|a rabbit has 270 seconds left.\n|\n|t:|1654435429\n|move|p1a: Absol|Knock Off|p2a: vrotom\n|-supereffective|p2a: vrotom\n|-crit|p2a: vrotom\n|-damage|p2a: vrotom|0 fnt\n|-enditem|p2a: vrotom|Wiki Berry|[from] move: Knock Off|[of] p1a: Absol\n|faint|p2a: vrotom\n|\n|upkeep\n|\n|t:|1654435436\n|switch|p2a: ima (smok w ben)|Weezing, F|100\/100\n|turn|2\n|\n|t:|1654435447\n|switch|p1a: Blastoise|Blastoise, M|100\/100\n|move|p2a: ima (smok w ben)|Fire Blast|p1a: Blastoise\n|-resisted|p1a: Blastoise\n|-damage|p1a: Blastoise|85\/100\n|\n|-heal|p1a: Blastoise|91\/100|[from] item: Leftovers\n|upkeep\n|turn|3\n|\n|t:|1654435460\n|move|p1a: Blastoise|Ice Beam|p2a: ima (smok w ben)\n|-damage|p2a: ima (smok w ben)|72\/100\n|-zpower|p2a: ima (smok w ben)\n|move|p2a: ima (smok w ben)|Gigavolt Havoc|p1a: Blastoise|[zeffect]\n|-supereffective|p1a: Blastoise\n|-damage|p1a: Blastoise|1\/100\n|\n|-heal|p1a: Blastoise|7\/100|[from] item: Leftovers\n|upkeep\n|turn|4\n|c|\u2606tolstoy|e\n|\n|t:|1654435468\n|switch|p2a: ABR|Seismitoad, M|100\/100\n|move|p1a: Blastoise|Scald|p2a: ABR\n|-immune|p2a: ABR|[from] ability: Water Absorb\n|\n|-heal|p1a: Blastoise|13\/100|[from] item: Leftovers\n|upkeep\n|turn|5\n|\n|t:|1654435473\n|switch|p1a: Abomasnow|Abomasnow, M|100\/100\n|move|p2a: ABR|Stealth Rock|p1a: Abomasnow\n|-sidestart|p1: a rabbit|move: Stealth Rock\n|\n|upkeep\n|turn|6\n|\n|t:|1654435479\n|switch|p2a: ji|Delphox, F|100\/100\n|detailschange|p1a: Abomasnow|Abomasnow-Mega, M\n|-mega|p1a: Abomasnow|Abomasnow|Abomasite\n|-weather|Hail|[from] ability: Snow Warning|[of] p1a: Abomasnow\n|move|p1a: Abomasnow|Blizzard|p2a: ji\n|-resisted|p2a: ji\n|-damage|p2a: ji|63\/100\n|-status|p2a: ji|frz\n|\n|-weather|Hail|[upkeep]\n|-damage|p2a: ji|57\/100 frz|[from] Hail\n|upkeep\n|turn|7\n|c|\u2606tolstoy|p\n|inactive|a rabbit has 270 seconds left.\n|\n|t:|1654435510\n|switch|p1a: Absol|Absol, F|100\/100\n|-damage|p1a: Absol|88\/100|[from] Stealth Rock\n|cant|p2a: ji|frz\n|\n|-weather|Hail|[upkeep]\n|-damage|p2a: ji|50\/100 frz|[from] Hail\n|-damage|p1a: Absol|82\/100|[from] Hail\n|upkeep\n|turn|8\n|inactive|a rabbit has 270 seconds left.\n|\n|t:|1654435519\n|cant|p2a: ji|frz\n|move|p1a: Absol|Pursuit|p2a: ji\n|-supereffective|p2a: ji\n|-damage|p2a: ji|0 fnt\n|faint|p2a: ji\n|\n|-weather|Hail|[upkeep]\n|-damage|p1a: Absol|77\/100|[from] Hail\n|upkeep\n|c|\u2606tolstoy|pokemon\n|\n|t:|1654435545\n|switch|p2a: Sjeasel|Sneasel, M|100\/100\n|turn|9\n|\n|t:|1654435553\n|switch|p1a: Steelix|Steelix, M|100\/100\n|-damage|p1a: Steelix|97\/100|[from] Stealth Rock\n|move|p2a: Sjeasel|Icicle Crash|p1a: Steelix\n|-damage|p1a: Steelix|80\/100\n|\n|-weather|Hail|[upkeep]\n|-damage|p1a: Steelix|73\/100|[from] Hail\n|-heal|p1a: Steelix|80\/100|[from] item: Leftovers\n|upkeep\n|turn|10\n|\n|t:|1654435563\n|move|p2a: Sjeasel|Knock Off|p1a: Steelix\n|-damage|p1a: Steelix|58\/100\n|-enditem|p1a: Steelix|Leftovers|[from] move: Knock Off|[of] p2a: Sjeasel\n|move|p1a: Steelix|Stealth Rock|p2a: Sjeasel\n|-sidestart|p2: tolstoy|move: Stealth Rock\n|\n|-weather|none\n|upkeep\n|turn|11\n|\n|t:|1654435567\n|move|p1a: Steelix|Toxic|p2a: Sjeasel|[miss]\n|-miss|p1a: Steelix|p2a: Sjeasel\n|move|p2a: Sjeasel|Counter||[still]\n|-fail|p2a: Sjeasel\n|\n|upkeep\n|turn|12\n|\n|t:|1654435571\n|switch|p2a: ima (smok w ben)|Weezing, F|72\/100\n|-damage|p2a: ima (smok w ben)|60\/100|[from] Stealth Rock\n|move|p1a: Steelix|Toxic|p2a: ima (smok w ben)\n|-immune|p2a: ima (smok w ben)\n|\n|upkeep\n|turn|13\n|\n|t:|1654435593\n|switch|p1a: Weezing|Weezing, M|100\/100\n|-damage|p1a: Weezing|88\/100|[from] Stealth Rock\n|move|p2a: ima (smok w ben)|Sludge Bomb|p1a: Weezing\n|-resisted|p1a: Weezing\n|-damage|p1a: Weezing|61\/100\n|\n|upkeep\n|turn|14\n|\n|t:|1654435611\n|move|p1a: Weezing|Sludge Bomb|p2a: ima (smok w ben)\n|-resisted|p2a: ima (smok w ben)\n|-damage|p2a: ima (smok w ben)|40\/100\n|move|p2a: ima (smok w ben)|Fire Blast|p1a: Weezing\n|-damage|p1a: Weezing|20\/100\n|\n|upkeep\n|turn|15\n|\n|t:|1654435619\n|move|p1a: Weezing|Sludge Bomb|p2a: ima (smok w ben)\n|-resisted|p2a: ima (smok w ben)\n|-damage|p2a: ima (smok w ben)|21\/100\n|move|p2a: ima (smok w ben)|Sludge Bomb|p1a: Weezing\n|-resisted|p1a: Weezing\n|-damage|p1a: Weezing|0 fnt\n|faint|p1a: Weezing\n|\n|upkeep\n|inactive|a rabbit has 270 seconds left.\n|inactive|a rabbit has 240 seconds left.\n|\n|t:|1654435679\n|switch|p1a: Blastoise|Blastoise, M|13\/100\n|-damage|p1a: Blastoise|1\/100|[from] Stealth Rock\n|turn|16\n|\n|t:|1654435684\n|switch|p2a: ABR|Seismitoad, M|100\/100\n|-damage|p2a: ABR|94\/100|[from] Stealth Rock\n|move|p1a: Blastoise|Ice Beam|p2a: ABR\n|-damage|p2a: ABR|72\/100\n|\n|-heal|p2a: ABR|78\/100|[from] item: Leftovers\n|-heal|p1a: Blastoise|7\/100|[from] item: Leftovers\n|upkeep\n|turn|17\n|inactive|a rabbit has 240 seconds left.\n|\n|t:|1654435691\n|move|p2a: ABR|Earthquake|p1a: Blastoise\n|-damage|p1a: Blastoise|0 fnt\n|faint|p1a: Blastoise\n|\n|-heal|p2a: ABR|84\/100|[from] item: Leftovers\n|upkeep\n|\n|t:|1654435695\n|switch|p1a: Abomasnow|Abomasnow-Mega, M|100\/100\n|-damage|p1a: Abomasnow|76\/100|[from] Stealth Rock\n|-weather|Hail|[from] ability: Snow Warning|[of] p1a: Abomasnow\n|turn|18\n|\n|t:|1654435700\n|switch|p2a: ima (smok w ben)|Weezing, F|21\/100\n|-damage|p2a: ima (smok w ben)|8\/100|[from] Stealth Rock\n|move|p1a: Abomasnow|Giga Drain|p2a: ima (smok w ben)\n|-resisted|p2a: ima (smok w ben)\n|-damage|p2a: ima (smok w ben)|0 fnt\n|-heal|p1a: Abomasnow|80\/100|[from] drain|[of] p2a: ima (smok w ben)\n|faint|p2a: ima (smok w ben)\n|\n|-weather|Hail|[upkeep]\n|upkeep\n|\n|t:|1654435703\n|switch|p2a: Sjeasel|Sneasel, M|100\/100\n|-damage|p2a: Sjeasel|76\/100|[from] Stealth Rock\n|turn|19\n|inactive|a rabbit has 240 seconds left.\n|inactive|tolstoy has 270 seconds left.\n|\n|t:|1654435750\n|switch|p1a: Steelix|Steelix, M|58\/100\n|-damage|p1a: Steelix|55\/100|[from] Stealth Rock\n|move|p2a: Sjeasel|Icicle Crash|p1a: Steelix\n|-damage|p1a: Steelix|35\/100\n|\n|-weather|Hail|[upkeep]\n|-damage|p1a: Steelix|29\/100|[from] Hail\n|upkeep\n|turn|20\n|\n|t:|1654435766\n|move|p2a: Sjeasel|Icicle Crash|p1a: Steelix|[miss]\n|-miss|p2a: Sjeasel|p1a: Steelix\n|move|p1a: Steelix|Heavy Slam|p2a: Sjeasel\n|-supereffective|p2a: Sjeasel\n|-damage|p2a: Sjeasel|0 fnt\n|faint|p2a: Sjeasel\n|\n|-weather|Hail|[upkeep]\n|-damage|p1a: Steelix|23\/100|[from] Hail\n|upkeep\n|\n|t:|1654435780\n|switch|p2a: BUSHTUSH|Abomasnow, M|100\/100\n|-damage|p2a: BUSHTUSH|76\/100|[from] Stealth Rock\n|turn|21\n|\n|t:|1654435785\n|detailschange|p2a: BUSHTUSH|Abomasnow-Mega, M\n|-mega|p2a: BUSHTUSH|Abomasnow|Abomasite\n|move|p2a: BUSHTUSH|Swords Dance|p2a: BUSHTUSH\n|-boost|p2a: BUSHTUSH|atk|2\n|move|p1a: Steelix|Toxic|p2a: BUSHTUSH\n|-status|p2a: BUSHTUSH|tox\n|\n|-weather|Hail|[upkeep]\n|-damage|p1a: Steelix|17\/100|[from] Hail\n|-damage|p2a: BUSHTUSH|69\/100 tox|[from] psn\n|upkeep\n|turn|22\n|\n|t:|1654435793\n|move|p2a: BUSHTUSH|Ice Shard|p1a: Steelix\n|-damage|p1a: Steelix|0 fnt\n|faint|p1a: Steelix\n|\n|-weather|none\n|-damage|p2a: BUSHTUSH|57\/100 tox|[from] psn\n|upkeep\n|\n|t:|1654435822\n|switch|p1a: Abomasnow|Abomasnow-Mega, M|80\/100\n|-damage|p1a: Abomasnow|55\/100|[from] Stealth Rock\n|-weather|Hail|[from] ability: Snow Warning|[of] p1a: Abomasnow\n|turn|23\n|inactive|tolstoy has 270 seconds left.\n|inactive|a rabbit has 240 seconds left.\n|\n|t:|1654435844\n|move|p1a: Abomasnow|Protect|p1a: Abomasnow\n|-singleturn|p1a: Abomasnow|Protect\n|move|p2a: BUSHTUSH|Wood Hammer|p1a: Abomasnow\n|-activate|p1a: Abomasnow|move: Protect\n|\n|-weather|Hail|[upkeep]\n|-damage|p2a: BUSHTUSH|38\/100 tox|[from] psn\n|upkeep\n|turn|24\n|inactive|a rabbit has 240 seconds left.\n|c|\u2606tolstoy|ah\n|c|\u2606tolstoy|that freeze is pain\n|\n|t:|1654435864\n|move|p1a: Abomasnow|Ice Shard|p2a: BUSHTUSH\n|-damage|p2a: BUSHTUSH|22\/100 tox\n|move|p2a: BUSHTUSH|Wood Hammer|p1a: Abomasnow\n|-resisted|p1a: Abomasnow\n|-damage|p1a: Abomasnow|0 fnt\n|faint|p1a: Abomasnow\n|-damage|p2a: BUSHTUSH|5\/100 tox|[from] Recoil\n|\n|-weather|Hail|[upkeep]\n|-damage|p2a: BUSHTUSH|0 fnt|[from] psn\n|faint|p2a: BUSHTUSH\n|upkeep\n|c|\u2606tolstoy|but pokemon be pokemon\n|c|\u2606tolstoy|gg\n|\n|t:|1654435875\n|switch|p2a: ABR|Seismitoad, M|84\/100\n|switch|p1a: Absol|Absol, F|77\/100\n|-damage|p1a: Absol|64\/100|[from] Stealth Rock\n|-damage|p2a: ABR|78\/100|[from] Stealth Rock\n|turn|25\n|\n|t:|1654435879\n|move|p1a: Absol|Knock Off|p2a: ABR\n|-damage|p2a: ABR|14\/100\n|-enditem|p2a: ABR|Leftovers|[from] move: Knock Off|[of] p1a: Absol\n|move|p2a: ABR|Earthquake|p1a: Absol\n|-damage|p1a: Absol|0 fnt\n|faint|p1a: Absol\n|\n|-weather|Hail|[upkeep]\n|-damage|p2a: ABR|8\/100|[from] Hail\n|upkeep\n|\n|t:|1654435881\n|switch|p1a: Aerodactyl|Aerodactyl, M|100\/100\n|-ability|p1a: Aerodactyl|Unnerve\n|-damage|p1a: Aerodactyl|76\/100|[from] Stealth Rock\n|turn|26\n|c|\u2606a rabbit|yea freeze sucked\n|inactive|a rabbit has 240 seconds left.\n|c|\u2606a rabbit|i flunked out forgetting what weezing runs in this gen\n|c|\u2606a rabbit|and sacking the stoise\n|c|\u2606tolstoy|lool\n|inactive|a rabbit has 210 seconds left.\n|\n|t:|1654435922\n|-zpower|p1a: Aerodactyl\n|move|p1a: Aerodactyl|Supersonic Skystrike|p2a: ABR|[zeffect]\n|-damage|p2a: ABR|0 fnt\n|faint|p2a: ABR\n|\n|win|a rabbit\n|c|\u2606a rabbit|gg\n","uploadtime":1654435923,"views":569,"p1id":"arabbit","p2id":"tolstoy","formatid":"gen7nu","rating":0,"private":0,"password":null}