{"id":"smogtours-gen8lc-597505","p1":"tolstoy","p2":"Boulicrok","format":"gen8lc","log":"|inactive|Battle timer is ON: inactive players will automatically lose when time's up.\n|t:|1639348175\n|gametype|singles\n|player|p1|tolstoy|dawn|\n|player|p2|Boulicrok|guzma|\n|teamsize|p1|6\n|teamsize|p2|6\n|gen|8\n|tier|[Gen 8] LC\n|rule|Sleep Clause Mod: Limit one foe put to sleep\n|rule|Species Clause: Limit one of each Pok\u00e9mon\n|rule|OHKO Clause: OHKO moves are banned\n|rule|Evasion Moves Clause: Evasion moves are banned\n|rule|Endless Battle Clause: Forcing endless battles is banned\n|rule|HP Percentage Mod: HP is shown in percentages\n|rule|Dynamax Clause: You cannot dynamax\n|clearpoke\n|poke|p1|Diglett, L5, M|\n|poke|p1|Natu, L5, M|\n|poke|p1|Tyrunt, L5, M|\n|poke|p1|Magby, L5, M|\n|poke|p1|Grookey, L5, M|\n|poke|p1|Stunky, L5, M|\n|poke|p2|Grookey, L5, F|\n|poke|p2|Mienfoo, L5, M|\n|poke|p2|Pawniard, L5, M|\n|poke|p2|Mareanie, L5, M|\n|poke|p2|Porygon, L5|\n|poke|p2|Diglett, L5, M|\n|teampreview\n|c|\u2606Boulicrok|hf\n|c|+bagoftrixx|bouli was 3k \n|inactive|tolstoy has 270 seconds left.\n|inactive|Boulicrok has 270 seconds left.\n|\n|t:|1639348208\n|start\n|switch|p1a: Diglett|Diglett, L5, M|100\/100\n|switch|p2a: Mienfoo|Mienfoo, L5, M|100\/100\n|turn|1\n|\n|t:|1639348213\n|move|p1a: Diglett|Protect|p1a: Diglett\n|-singleturn|p1a: Diglett|Protect\n|move|p2a: Mienfoo|Fake Out|p1a: Diglett\n|-activate|p1a: Diglett|move: Protect\n|\n|upkeep\n|turn|2\n|\n|t:|1639348224\n|move|p1a: Diglett|Stealth Rock|p2a: Mienfoo\n|-sidestart|p2: Boulicrok|move: Stealth Rock\n|move|p2a: Mienfoo|U-turn|p1a: Diglett\n|-crit|p1a: Diglett\n|-damage|p1a: Diglett|28\/100\n|\n|t:|1639348231\n|switch|p2a: Grookey|Grookey, L5, F|100\/100|[from]move: U-turn\n|-damage|p2a: Grookey|91\/100|[from] Stealth Rock\n|-fieldstart|move: Grassy Terrain|[from] ability: Grassy Surge|[of] p2a: Grookey\n|\n|-heal|p1a: Diglett|34\/100|[from] Grassy Terrain\n|-heal|p2a: Grookey|96\/100|[from] Grassy Terrain\n|upkeep\n|turn|3\n|\n|t:|1639348236\n|move|p2a: Grookey|Grassy Glide|p1a: Diglett\n|-supereffective|p1a: Diglett\n|-damage|p1a: Diglett|0 fnt\n|faint|p1a: Diglett\n|-damage|p2a: Grookey|86\/100|[from] item: Life Orb\n|\n|-heal|p2a: Grookey|91\/100|[from] Grassy Terrain\n|upkeep\n|\n|t:|1639348240\n|switch|p1a: Magby|Magby, L5, M|100\/100\n|turn|4\n|\n|t:|1639348268\n|switch|p2a: Mareanie|Mareanie, L5, M|100\/100\n|-damage|p2a: Mareanie|92\/100|[from] Stealth Rock\n|move|p1a: Magby|Belly Drum|p1a: Magby\n|-damage|p1a: Magby|50\/100\n|-setboost|p1a: Magby|atk|6|[from] move: Belly Drum\n|-enditem|p1a: Magby|Berry Juice\n|-heal|p1a: Magby|100\/100|[from] item: Berry Juice\n|\n|-heal|p2a: Mareanie|96\/100|[from] Grassy Terrain\n|upkeep\n|turn|5\n|\n|t:|1639348271\n|move|p1a: Magby|Thunder Punch|p2a: Mareanie\n|-supereffective|p2a: Mareanie\n|-damage|p2a: Mareanie|0 fnt\n|faint|p2a: Mareanie\n|\n|upkeep\n|\n|t:|1639348274\n|switch|p2a: Diglett|Diglett, L5, M|100\/100\n|-damage|p2a: Diglett|95\/100|[from] Stealth Rock\n|turn|6\n|\n|t:|1639348276\n|move|p2a: Diglett|Protect|p2a: Diglett\n|-singleturn|p2a: Diglett|Protect\n|move|p1a: Magby|Mach Punch|p2a: Diglett\n|-activate|p2a: Diglett|move: Protect\n|\n|-heal|p2a: Diglett|100\/100|[from] Grassy Terrain\n|-fieldend|move: Grassy Terrain\n|upkeep\n|turn|7\n|\n|t:|1639348278\n|move|p1a: Magby|Mach Punch|p2a: Diglett\n|-enditem|p2a: Diglett|Focus Sash\n|-damage|p2a: Diglett|6\/100\n|move|p2a: Diglett|Earth Power|p1a: Magby\n|-supereffective|p1a: Magby\n|-damage|p1a: Magby|0 fnt\n|faint|p1a: Magby\n|\n|upkeep\n|\n|t:|1639348288\n|switch|p1a: Natu|Natu, L5, M|100\/100\n|turn|8\n|\n|t:|1639348291\n|move|p2a: Diglett|Sludge Bomb|p1a: Natu\n|-damage|p1a: Natu|65\/100\n|move|p1a: Natu|Reflect|p1a: Natu\n|-sidestart|p1: tolstoy|Reflect\n|\n|upkeep\n|turn|9\n|\n|t:|1639348295\n|move|p2a: Diglett|Sludge Bomb|p1a: Natu\n|-damage|p1a: Natu|25\/100\n|move|p1a: Natu|Light Screen|p1a: Natu\n|-sidestart|p1: tolstoy|move: Light Screen\n|\n|upkeep\n|turn|10\n|\n|t:|1639348300\n|move|p2a: Diglett|Sludge Bomb|p1a: Natu\n|-damage|p1a: Natu|5\/100\n|-status|p1a: Natu|psn\n|move|p1a: Natu|Teleport|p1a: Natu\n|\n|t:|1639348308\n|switch|p1a: Tyrunt|Tyrunt, L5, M|100\/100|[from]move: Teleport\n|\n|upkeep\n|turn|11\n|\n|t:|1639348311\n|move|p2a: Diglett|Earth Power|p1a: Tyrunt\n|-supereffective|p1a: Tyrunt\n|-damage|p1a: Tyrunt|69\/100\n|move|p1a: Tyrunt|Dragon Dance|p1a: Tyrunt\n|-boost|p1a: Tyrunt|atk|1\n|-boost|p1a: Tyrunt|spe|1\n|\n|upkeep\n|turn|12\n|\n|t:|1639348316\n|move|p2a: Diglett|Protect|p2a: Diglett\n|-singleturn|p2a: Diglett|Protect\n|move|p1a: Tyrunt|Psychic Fangs|p2a: Diglett\n|-activate|p2a: Diglett|move: Protect\n|\n|upkeep\n|turn|13\n|\n|t:|1639348322\n|move|p1a: Tyrunt|Psychic Fangs|p2a: Diglett\n|-damage|p2a: Diglett|0 fnt\n|faint|p2a: Diglett\n|\n|upkeep\n|\n|t:|1639348326\n|switch|p2a: Mienfoo|Mienfoo, L5, M|100\/100\n|-damage|p2a: Mienfoo|96\/100|[from] Stealth Rock\n|turn|14\n|\n|t:|1639348327\n|move|p2a: Mienfoo|Fake Out|p1a: Tyrunt\n|-resisted|p1a: Tyrunt\n|-damage|p1a: Tyrunt|64\/100\n|cant|p1a: Tyrunt|flinch\n|\n|upkeep\n|turn|15\n|inactive|Boulicrok has 270 seconds left.\n|\n|t:|1639348363\n|switch|p2a: Pawniard|Pawniard, L5, M|100\/100\n|-damage|p2a: Pawniard|96\/100|[from] Stealth Rock\n|move|p1a: Tyrunt|Psychic Fangs|p2a: Pawniard\n|-immune|p2a: Pawniard\n|\n|-sideend|p1: tolstoy|Reflect\n|upkeep\n|turn|16\n|inactive|Boulicrok has 270 seconds left.\n|\n|t:|1639348387\n|switch|p2a: Mienfoo|Mienfoo, L5, M|100\/100\n|-damage|p2a: Mienfoo|96\/100|[from] Stealth Rock\n|move|p1a: Tyrunt|Close Combat|p2a: Mienfoo\n|-damage|p2a: Mienfoo|39\/100\n|-unboost|p1a: Tyrunt|def|1\n|-unboost|p1a: Tyrunt|spd|1\n|\n|-sideend|p1: tolstoy|move: Light Screen\n|upkeep\n|turn|17\n|\n|t:|1639348391\n|move|p2a: Mienfoo|Fake Out|p1a: Tyrunt\n|-resisted|p1a: Tyrunt\n|-damage|p1a: Tyrunt|55\/100\n|cant|p1a: Tyrunt|flinch\n|\n|upkeep\n|turn|18\n|\n|t:|1639348394\n|move|p1a: Tyrunt|Close Combat|p2a: Mienfoo\n|-damage|p2a: Mienfoo|0 fnt\n|-unboost|p1a: Tyrunt|def|1\n|-unboost|p1a: Tyrunt|spd|1\n|faint|p2a: Mienfoo\n|\n|upkeep\n|\n|t:|1639348396\n|switch|p2a: Grookey|Grookey, L5, F|91\/100\n|-damage|p2a: Grookey|81\/100|[from] Stealth Rock\n|-fieldstart|move: Grassy Terrain|[from] ability: Grassy Surge|[of] p2a: Grookey\n|turn|19\n|\n|t:|1639348403\n|switch|p1a: Natu|Natu, L5, M|5\/100 psn\n|move|p2a: Grookey|Grassy Glide|p1a: Natu\n|-resisted|p1a: Natu\n|-damage|p1a: Natu|0 fnt\n|faint|p1a: Natu\n|-damage|p2a: Grookey|72\/100|[from] item: Life Orb\n|\n|-heal|p2a: Grookey|77\/100|[from] Grassy Terrain\n|upkeep\n|\n|t:|1639348409\n|switch|p1a: Stunky|Stunky, L5, M|100\/100\n|turn|20\n|\n|t:|1639348412\n|switch|p2a: Pawniard|Pawniard, L5, M|96\/100\n|-damage|p2a: Pawniard|91\/100|[from] Stealth Rock\n|move|p1a: Stunky|Nasty Plot|p1a: Stunky\n|-boost|p1a: Stunky|spa|2\n|\n|-heal|p2a: Pawniard|96\/100|[from] Grassy Terrain\n|upkeep\n|turn|21\n|\n|t:|1639348419\n|move|p2a: Pawniard|Sucker Punch|p1a: Stunky\n|-resisted|p1a: Stunky\n|-damage|p1a: Stunky|83\/100\n|move|p1a: Stunky|Flamethrower|p2a: Pawniard\n|-supereffective|p2a: Pawniard\n|-damage|p2a: Pawniard|0 fnt\n|faint|p2a: Pawniard\n|\n|-heal|p1a: Stunky|87\/100|[from] Grassy Terrain\n|upkeep\n|\n|t:|1639348421\n|switch|p2a: Porygon|Porygon, L5|100\/100\n|-damage|p2a: Porygon|92\/100|[from] Stealth Rock\n|-ability|p2a: Porygon|Download|boost\n|-boost|p2a: Porygon|spa|1\n|turn|22\n|\n|t:|1639348425\n|move|p2a: Porygon|Tri Attack|p1a: Stunky\n|-damage|p1a: Stunky|5\/100\n|move|p1a: Stunky|Dark Pulse|p2a: Porygon\n|-damage|p2a: Porygon|22\/100\n|\n|-heal|p2a: Porygon|27\/100|[from] Grassy Terrain\n|-heal|p1a: Stunky|9\/100|[from] Grassy Terrain\n|upkeep\n|turn|23\n|\n|t:|1639348430\n|move|p2a: Porygon|Tri Attack|p1a: Stunky\n|-damage|p1a: Stunky|0 fnt\n|faint|p1a: Stunky\n|\n|-heal|p2a: Porygon|31\/100|[from] Grassy Terrain\n|-fieldend|move: Grassy Terrain\n|upkeep\n|\n|t:|1639348439\n|switch|p1a: Grookey|Grookey, L5, M|100\/100\n|-fieldstart|move: Grassy Terrain|[from] ability: Grassy Surge|[of] p1a: Grookey\n|turn|24\n|\n|t:|1639348442\n|move|p1a: Grookey|Grassy Glide|p2a: Porygon\n|-damage|p2a: Porygon|0 fnt\n|faint|p2a: Porygon\n|-damage|p1a: Grookey|91\/100|[from] item: Life Orb\n|\n|-heal|p1a: Grookey|96\/100|[from] Grassy Terrain\n|upkeep\n|\n|t:|1639348443\n|switch|p2a: Grookey|Grookey, L5, F|77\/100\n|-damage|p2a: Grookey|67\/100|[from] Stealth Rock\n|turn|25\n|\n|t:|1639348445\n|move|p1a: Grookey|Knock Off|p2a: Grookey\n|-damage|p2a: Grookey|5\/100\n|-enditem|p2a: Grookey|Life Orb|[from] move: Knock Off|[of] p1a: Grookey\n|-damage|p1a: Grookey|86\/100|[from] item: Life Orb\n|move|p2a: Grookey|U-turn|p1a: Grookey\n|-supereffective|p1a: Grookey\n|-damage|p1a: Grookey|10\/100\n|\n|-heal|p1a: Grookey|15\/100|[from] Grassy Terrain\n|-heal|p2a: Grookey|10\/100|[from] Grassy Terrain\n|upkeep\n|turn|26\n|\n|t:|1639348448\n|move|p2a: Grookey|Grassy Glide|p1a: Grookey\n|-resisted|p1a: Grookey\n|-damage|p1a: Grookey|0 fnt\n|faint|p1a: Grookey\n|\n|-heal|p2a: Grookey|15\/100|[from] Grassy Terrain\n|upkeep\n|\n|t:|1639348450\n|switch|p1a: Tyrunt|Tyrunt, L5, M|55\/100\n|turn|27\n|\n|t:|1639348455\n|move|p2a: Grookey|Drain Punch|p1a: Tyrunt\n|-supereffective|p1a: Tyrunt\n|-damage|p1a: Tyrunt|10\/100\n|-heal|p2a: Grookey|39\/100|[from] drain|[of] p1a: Tyrunt\n|move|p1a: Tyrunt|Psychic Fangs|p2a: Grookey\n|-damage|p2a: Grookey|0 fnt\n|faint|p2a: Grookey\n|\n|win|tolstoy\n|c|\u2606tolstoy|gg\n|c|\u2606Boulicrok|gg\n","uploadtime":1639348457,"views":247,"p1id":"tolstoy","p2id":"boulicrok","formatid":"gen8lc","rating":0,"private":0,"password":null}