{"id":"smogtours-gen8lc-598422","p1":"Laroxyl","p2":"Sciroccoo","format":"gen8lc","log":"|inactive|Battle timer is ON: inactive players will automatically lose when time's up.\n|t:|1639929658\n|gametype|singles\n|player|p1|Laroxyl|#scl1spartans|\n|player|p2|Sciroccoo|#fcl8skystrikers|\n|teamsize|p1|6\n|teamsize|p2|6\n|gen|8\n|tier|[Gen 8] LC\n|rule|Sleep Clause Mod: Limit one foe put to sleep\n|rule|Species Clause: Limit one of each Pok\u00e9mon\n|rule|OHKO Clause: OHKO moves are banned\n|rule|Evasion Moves Clause: Evasion moves are banned\n|rule|Endless Battle Clause: Forcing endless battles is banned\n|rule|HP Percentage Mod: HP is shown in percentages\n|rule|Dynamax Clause: You cannot dynamax\n|clearpoke\n|poke|p1|Mienfoo, L5, F|\n|poke|p1|Ferroseed, L5, M|\n|poke|p1|Ponyta-Galar, L5, M|\n|poke|p1|Abra, L5, M|\n|poke|p1|Diglett, L5, F|\n|poke|p1|Natu, L5, M|\n|poke|p2|Ralts, L5, M|\n|poke|p2|Porygon, L5|\n|poke|p2|Diglett, L5, M|\n|poke|p2|Mienfoo, L5, M|\n|poke|p2|Ferroseed, L5, M|\n|poke|p2|Mareanie, L5, M|\n|teampreview\n|c|\u2606Sciroccoo|hf\n|c|\u2606Laroxyl|hf\n|inactive|Laroxyl has 270 seconds left.\n|inactive|Sciroccoo has 270 seconds left.\n|c|+hellpowna|eccoci\n|\n|t:|1639929712\n|start\n|switch|p1a: Mienfoo|Mienfoo, L5, F|100\/100\n|switch|p2a: Ferroseed|Ferroseed, L5, M|100\/100\n|turn|1\n|\n|t:|1639929724\n|switch|p2a: Mareanie|Mareanie, L5, M|100\/100\n|move|p1a: Mienfoo|Knock Off|p2a: Mareanie\n|-damage|p2a: Mareanie|75\/100\n|-enditem|p2a: Mareanie|Eviolite|[from] move: Knock Off|[of] p1a: Mienfoo\n|\n|upkeep\n|turn|2\n|\n|t:|1639929735\n|move|p1a: Mienfoo|U-turn|p2a: Mareanie\n|-resisted|p2a: Mareanie\n|-damage|p2a: Mareanie|63\/100\n|\n|t:|1639929752\n|switch|p1a: Diglett|Diglett, L5, F|100\/100|[from]move: U-turn\n|move|p2a: Mareanie|Knock Off|p1a: Diglett\n|-damage|p1a: Diglett|69\/100\n|-enditem|p1a: Diglett|Eviolite|[from] move: Knock Off|[of] p2a: Mareanie\n|\n|upkeep\n|turn|3\n|\n|t:|1639929761\n|move|p1a: Diglett|Earthquake|p2a: Mareanie\n|-supereffective|p2a: Mareanie\n|-damage|p2a: Mareanie|0 fnt\n|faint|p2a: Mareanie\n|\n|upkeep\n|\n|t:|1639929764\n|switch|p2a: Porygon|Porygon, L5|100\/100\n|-ability|p2a: Porygon|Arena Trap|[from] ability: Trace|[of] p1a: Diglett\n|turn|4\n|\n|t:|1639929772\n|move|p2a: Porygon|Trick|p1a: Diglett\n|-activate|p2a: Porygon|move: Trick|[of] p1a: Diglett\n|-item|p1a: Diglett|Choice Scarf|[from] move: Trick\n|-enditem|p2a: Porygon|Choice Scarf|[silent]|[from] move: Trick\n|move|p1a: Diglett|Earthquake|p2a: Porygon\n|-damage|p2a: Porygon|44\/100\n|\n|upkeep\n|turn|5\n|\n|t:|1639929785\n|move|p1a: Diglett|Earthquake|p2a: Porygon\n|-damage|p2a: Porygon|0 fnt\n|faint|p2a: Porygon\n|\n|upkeep\n|inactive|Sciroccoo has 270 seconds left.\n|\n|t:|1639929839\n|switch|p2a: Diglett|Diglett, L5, M|100\/100\n|-item|p2a: Diglett|Air Balloon\n|turn|6\n|\n|t:|1639929847\n|move|p1a: Diglett|Earthquake|p2a: Diglett\n|-immune|p2a: Diglett\n|move|p2a: Diglett|Hone Claws|p2a: Diglett\n|-boost|p2a: Diglett|atk|1\n|-boost|p2a: Diglett|accuracy|1\n|\n|upkeep\n|turn|7\n|\n|t:|1639929850\n|move|p1a: Diglett|Earthquake|p2a: Diglett\n|-immune|p2a: Diglett\n|move|p2a: Diglett|Hone Claws|p2a: Diglett\n|-boost|p2a: Diglett|atk|1\n|-boost|p2a: Diglett|accuracy|1\n|\n|upkeep\n|turn|8\n|\n|t:|1639929852\n|move|p1a: Diglett|Earthquake|p2a: Diglett\n|-immune|p2a: Diglett\n|move|p2a: Diglett|Hone Claws|p2a: Diglett\n|-boost|p2a: Diglett|atk|1\n|-boost|p2a: Diglett|accuracy|1\n|\n|upkeep\n|turn|9\n|\n|t:|1639929854\n|move|p1a: Diglett|Earthquake|p2a: Diglett\n|-immune|p2a: Diglett\n|move|p2a: Diglett|Hone Claws|p2a: Diglett\n|-boost|p2a: Diglett|atk|1\n|-boost|p2a: Diglett|accuracy|1\n|\n|upkeep\n|turn|10\n|\n|t:|1639929856\n|move|p1a: Diglett|Earthquake|p2a: Diglett\n|-immune|p2a: Diglett\n|move|p2a: Diglett|Hone Claws|p2a: Diglett\n|-boost|p2a: Diglett|atk|1\n|-boost|p2a: Diglett|accuracy|1\n|\n|upkeep\n|turn|11\n|\n|t:|1639929858\n|move|p1a: Diglett|Earthquake|p2a: Diglett\n|-immune|p2a: Diglett\n|move|p2a: Diglett|Hone Claws|p2a: Diglett\n|-boost|p2a: Diglett|atk|1\n|-boost|p2a: Diglett|accuracy|1\n|\n|upkeep\n|turn|12\n|\n|t:|1639929860\n|move|p1a: Diglett|Earthquake|p2a: Diglett\n|-immune|p2a: Diglett\n|move|p2a: Diglett|Substitute|p2a: Diglett\n|-start|p2a: Diglett|Substitute\n|-damage|p2a: Diglett|78\/100\n|\n|upkeep\n|turn|13\n|\n|t:|1639929862\n|move|p1a: Diglett|Earthquake|p2a: Diglett\n|-immune|p2a: Diglett\n|move|p2a: Diglett|Earthquake|p1a: Diglett\n|-damage|p1a: Diglett|0 fnt\n|faint|p1a: Diglett\n|\n|upkeep\n|\n|t:|1639929888\n|switch|p1a: Mienfoo|Mienfoo, L5, F|100\/100\n|turn|14\n|\n|t:|1639929898\n|move|p1a: Mienfoo|Fake Out|p2a: Diglett\n|-end|p2a: Diglett|Substitute\n|-enditem|p2a: Diglett|Air Balloon\n|move|p2a: Diglett|Substitute|p2a: Diglett\n|-start|p2a: Diglett|Substitute\n|-damage|p2a: Diglett|56\/100\n|\n|upkeep\n|turn|15\n|\n|t:|1639929915\n|move|p2a: Diglett|Earthquake|p1a: Mienfoo\n|-damage|p1a: Mienfoo|0 fnt\n|faint|p1a: Mienfoo\n|\n|upkeep\n|\n|t:|1639929923\n|switch|p1a: Ferroseed|Ferroseed, L5, M|100\/100\n|turn|16\n|\n|t:|1639929926\n|move|p2a: Diglett|Earthquake|p1a: Ferroseed\n|-damage|p1a: Ferroseed|0 fnt\n|faint|p1a: Ferroseed\n|\n|upkeep\n|\n|t:|1639929932\n|switch|p1a: Natu|Natu, L5, M|100\/100\n|turn|17\n|\n|t:|1639929935\n|move|p2a: Diglett|Sucker Punch|p1a: Natu\n|-supereffective|p1a: Natu\n|-damage|p1a: Natu|0 fnt\n|faint|p1a: Natu\n|\n|upkeep\n|\n|t:|1639929941\n|switch|p1a: Ponyta|Ponyta-Galar, L5, M|100\/100\n|turn|18\n|inactive|Sciroccoo has 270 seconds left.\n|\n|t:|1639929972\n|move|p2a: Diglett|Earthquake|p1a: Ponyta\n|-damage|p1a: Ponyta|0 fnt\n|faint|p1a: Ponyta\n|\n|upkeep\n|\n|t:|1639929975\n|switch|p1a: Abra|Abra, L5, M|100\/100\n|turn|19\n|c|\u2606Laroxyl|gg\n|c|\u2606Sciroccoo|gg\n|-message|Laroxyl forfeited.\n|\n|win|Sciroccoo\n","uploadtime":1639929983,"views":145,"p1id":"laroxyl","p2id":"sciroccoo","formatid":"gen8lc","rating":0,"private":0,"password":null}