{"id":"smogtours-gen8doublesou-656102","p1":"ratpacker","p2":"EVERYOPPSHOT","format":"gen8doublesou","log":"|inactive|Battle timer is ON: inactive players will automatically lose when time's up.\n|t:|1666382262\n|gametype|doubles\n|player|p1|ratpacker|twins|\n|player|p2|EVERYOPPSHOT|wallace-gen3|\n|teamsize|p1|6\n|teamsize|p2|6\n|gen|8\n|tier|[Gen 8] Doubles OU\n|rule|Species Clause: Limit one of each Pok\u00e9mon\n|rule|OHKO Clause: OHKO moves are banned\n|rule|Evasion Moves Clause: Evasion moves are banned\n|rule|Gravity Sleep Clause: The combination of sleep-inducing moves with imperfect accuracy and Gravity or Gigantamax Orbeetle are banned\n|rule|Endless Battle Clause: Forcing endless battles is banned\n|rule|HP Percentage Mod: HP is shown in percentages\n|rule|Dynamax Clause: You cannot dynamax\n|rule|Swagger Clause: Swagger is banned\n|clearpoke\n|poke|p1|Necrozma|\n|poke|p1|Milotic, F|\n|poke|p1|Tapu Lele|\n|poke|p1|Landorus, M|\n|poke|p1|Naganadel|\n|poke|p1|Ferrothorn, M|\n|poke|p2|Tapu Lele|\n|poke|p2|Dragapult, M|\n|poke|p2|Ferrothorn, F|\n|poke|p2|Urshifu-*, M|\n|poke|p2|Tornadus, M|\n|poke|p2|Pelipper, F|\n|teampreview\n|c|\u2606EVERYOPPSHOT|glhf\n|c|\u2606ratpacker|glhf\n|inactive|ratpacker has 270 seconds left.\n|inactive|ratpacker has 240 seconds left.\n|inactive|ratpacker has 210 seconds left.\n|inactive|ratpacker has 180 seconds left.\n|inactive|ratpacker has 150 seconds left.\n|inactive|ratpacker has 120 seconds left.\n|\n|t:|1666382454\n|start\n|switch|p1a: Landaddy|Landorus, M|100\/100\n|switch|p1b: Out of time|Necrozma|100\/100\n|switch|p2a: Tapu Lele|Tapu Lele|100\/100\n|switch|p2b: Urshifu|Urshifu-Rapid-Strike, M|100\/100\n|-fieldstart|move: Psychic Terrain|[from] ability: Psychic Surge|[of] p2a: Tapu Lele\n|turn|1\n|inactive|ratpacker has 180 seconds left.\n|inactive|EVERYOPPSHOT has 270 seconds left.\n|inactive|ratpacker has 150 seconds left.\n|\n|t:|1666382503\n|switch|p2b: Pelipper|Pelipper, F|100\/100\n|-weather|RainDance|[from] ability: Drizzle|[of] p2b: Pelipper\n|move|p1a: Landaddy|Psychic|p2b: Pelipper\n|-damage|p2b: Pelipper|51\/100\n|move|p2a: Tapu Lele|Psychic|p1a: Landaddy\n|-damage|p1a: Landaddy|13\/100\n|-unboost|p1a: Landaddy|spd|1\n|move|p1b: Out of time|Expanding Force|p2b: Pelipper|[spread] p2a,p2b\n|-resisted|p2a: Tapu Lele\n|-damage|p2a: Tapu Lele|63\/100\n|-damage|p2b: Pelipper|0 fnt\n|faint|p2b: Pelipper\n|\n|-weather|RainDance|[upkeep]\n|upkeep\n|inactive|EVERYOPPSHOT has 270 seconds left.\n|\n|t:|1666382523\n|switch|p2b: Tornadus|Tornadus, M|100\/100\n|turn|2\n|inactive|ratpacker has 150 seconds left.\n|inactive|ratpacker has 120 seconds left.\n|\n|t:|1666382598\n|switch|p1a: Homophobic|Ferrothorn, M|100\/100\n|move|p2a: Tapu Lele|Psychic|p1a: Homophobic\n|-resisted|p1a: Homophobic\n|-crit|p1a: Homophobic\n|-damage|p1a: Homophobic|56\/100\n|move|p2b: Tornadus|Hurricane|p1b: Out of time\n|-damage|p1b: Out of time|37\/100\n|-damage|p2b: Tornadus|91\/100|[from] item: Life Orb\n|move|p1b: Out of time|Trick Room|p1b: Out of time\n|-fieldstart|move: Trick Room|[of] p1b: Out of time\n|\n|-weather|RainDance|[upkeep]\n|upkeep\n|turn|3\n|inactive|ratpacker has 120 seconds left.\n|inactive|EVERYOPPSHOT has 270 seconds left.\n|\n|t:|1666382629\n|switch|p2a: Ferrothorn|Ferrothorn, F|100\/100\n|move|p2b: Tornadus|Protect|p2b: Tornadus\n|-singleturn|p2b: Tornadus|Protect\n|move|p1a: Homophobic|Knock Off|p2a: Ferrothorn\n|-damage|p2a: Ferrothorn|72\/100\n|-damage|p1a: Homophobic|44\/100|[from] ability: Iron Barbs|[of] p2a: Ferrothorn\n|-enditem|p2a: Ferrothorn|Leftovers|[from] move: Knock Off|[of] p1a: Homophobic\n|move|p1b: Out of time|Expanding Force|p2b: Tornadus|[spread] p2a\n|-activate|p2b: Tornadus|move: Protect\n|-resisted|p2a: Ferrothorn\n|-damage|p2a: Ferrothorn|49\/100\n|\n|-weather|RainDance|[upkeep]\n|upkeep\n|turn|4\n|inactive|ratpacker has 120 seconds left.\n|inactive|ratpacker has 90 seconds left.\n|inactive|ratpacker has 60 seconds left.\n|\n|t:|1666382728\n|switch|p1a: Loveless|Milotic, F|100\/100\n|-enditem|p1a: Loveless|Psychic Seed\n|-boost|p1a: Loveless|spd|1|[from] item: Psychic Seed\n|switch|p2b: Tapu Lele|Tapu Lele|63\/100\n|move|p2a: Ferrothorn|Gyro Ball|p1b: Out of time\n|-damage|p1b: Out of time|0 fnt\n|faint|p1b: Out of time\n|\n|-weather|RainDance|[upkeep]\n|upkeep\n|inactive|ratpacker has 30 seconds left.\n|inactive|ratpacker has 20 seconds left.\n|\n|t:|1666382748\n|switch|p1b: Homophobic|Ferrothorn, M|44\/100\n|turn|5\n|inactive|ratpacker has 30 seconds left.\n|\n|t:|1666382770\n|switch|p2b: Dragapult|Dragapult, M|100\/100\n|move|p1b: Homophobic|Gyro Ball|p2b: Dragapult\n|-damage|p2b: Dragapult|0 fnt\n|faint|p2b: Dragapult\n|move|p2a: Ferrothorn|Leech Seed|p1a: Loveless\n|-start|p1a: Loveless|move: Leech Seed\n|move|p1a: Loveless|Coil|p1a: Loveless\n|-boost|p1a: Loveless|atk|1\n|-boost|p1a: Loveless|def|1\n|-boost|p1a: Loveless|accuracy|1\n|\n|-weather|none\n|-damage|p1a: Loveless|88\/100|[from] Leech Seed|[of] p2a: Ferrothorn\n|-heal|p2a: Ferrothorn|63\/100|[silent]\n|-fieldend|move: Psychic Terrain\n|upkeep\n|inactive|ratpacker has 30 seconds left this turn.\n|c|\u2606EVERYOPPSHOT|god fucking damn is that shit choice band\n|inactive|EVERYOPPSHOT has 270 seconds left.\n|\n|t:|1666382790\n|switch|p2b: Tornadus|Tornadus, M|91\/100\n|turn|6\n|\n|t:|1666382802\n|move|p2b: Tornadus|Protect|p2b: Tornadus\n|-singleturn|p2b: Tornadus|Protect\n|move|p2a: Ferrothorn|Power Whip|p1a: Loveless\n|-supereffective|p1a: Loveless\n|-damage|p1a: Loveless|44\/100\n|move|p1b: Homophobic|Gyro Ball|p2b: Tornadus\n|-activate|p2b: Tornadus|move: Protect\n|move|p1a: Loveless|Coil|p1a: Loveless\n|-boost|p1a: Loveless|atk|1\n|-boost|p1a: Loveless|def|1\n|-boost|p1a: Loveless|accuracy|1\n|\n|-damage|p1a: Loveless|31\/100|[from] Leech Seed|[of] p2a: Ferrothorn\n|-heal|p2a: Ferrothorn|77\/100|[silent]\n|-fieldend|move: Trick Room\n|upkeep\n|turn|7\n|\n|t:|1666382814\n|move|p2b: Tornadus|Tailwind|p2b: Tornadus\n|-sidestart|p2: EVERYOPPSHOT|move: Tailwind\n|move|p1a: Loveless|Recover|p1a: Loveless\n|-heal|p1a: Loveless|81\/100\n|move|p2a: Ferrothorn|Power Whip|p1a: Loveless\n|-supereffective|p1a: Loveless\n|-damage|p1a: Loveless|52\/100\n|move|p1b: Homophobic|Gyro Ball|p2b: Tornadus\n|-damage|p2b: Tornadus|0 fnt\n|faint|p2b: Tornadus\n|\n|-damage|p1a: Loveless|40\/100|[from] Leech Seed|[of] p2a: Ferrothorn\n|-heal|p2a: Ferrothorn|91\/100|[silent]\n|upkeep\n|\n|t:|1666382823\n|switch|p2b: Urshifu|Urshifu-Rapid-Strike, M|100\/100\n|turn|8\n|inactive|ratpacker has 90 seconds left.\n|inactive|ratpacker has 60 seconds left.\n|\n|t:|1666382877\n|switch|p1b: Landaddy|Landorus, M|13\/100\n|move|p2b: Urshifu|Close Combat|p1b: Landaddy\n|-resisted|p1b: Landaddy\n|-damage|p1b: Landaddy|0 fnt\n|-unboost|p2b: Urshifu|def|1\n|-unboost|p2b: Urshifu|spd|1\n|faint|p1b: Landaddy\n|move|p1a: Loveless|Hypnosis|p2a: Ferrothorn\n|-status|p2a: Ferrothorn|slp|[from] move: Hypnosis\n|cant|p2a: Ferrothorn|slp\n|\n|-damage|p1a: Loveless|27\/100|[from] Leech Seed|[of] p2a: Ferrothorn\n|-heal|p2a: Ferrothorn|100\/100 slp|[silent]\n|upkeep\n|c|\u2606EVERYOPPSHOT|;-;\n|inactive|ratpacker has 30 seconds left.\n|inactive|ratpacker has 20 seconds left.\n|\n|t:|1666382909\n|switch|p1b: Tea time|Tapu Lele|100\/100\n|-fieldstart|move: Psychic Terrain|[from] ability: Psychic Surge|[of] p1b: Tea time\n|turn|9\n|\n|t:|1666382914\n|switch|p2b: Tapu Lele|Tapu Lele|63\/100\n|-curestatus|p2a: Ferrothorn|slp|[msg]\n|move|p2a: Ferrothorn|Protect|p2a: Ferrothorn\n|-singleturn|p2a: Ferrothorn|Protect\n|move|p1b: Tea time|Psychic|p2b: Tapu Lele\n|-resisted|p2b: Tapu Lele\n|-damage|p2b: Tapu Lele|36\/100\n|move|p1a: Loveless|Hypnosis|p2b: Tapu Lele\n|-status|p2b: Tapu Lele|slp|[from] move: Hypnosis\n|\n|-damage|p1a: Loveless|15\/100|[from] Leech Seed|[of] p2a: Ferrothorn\n|upkeep\n|turn|10\n|inactive|ratpacker has 60 seconds left.\n|\n|t:|1666382939\n|cant|p2b: Tapu Lele|slp\n|move|p1b: Tea time|Moonblast|p2b: Tapu Lele\n|-damage|p2b: Tapu Lele|0 fnt\n|faint|p2b: Tapu Lele\n|move|p1a: Loveless|Hypnosis|p2a: Ferrothorn\n|-status|p2a: Ferrothorn|slp|[from] move: Hypnosis\n|cant|p2a: Ferrothorn|slp\n|\n|-damage|p1a: Loveless|2\/100|[from] Leech Seed|[of] p2a: Ferrothorn\n|-sideend|p2: EVERYOPPSHOT|move: Tailwind\n|upkeep\n|\n|t:|1666382947\n|switch|p2b: Urshifu|Urshifu-Rapid-Strike, M|100\/100\n|turn|11\n|c|\u2606EVERYOPPSHOT|gg\n|\n|t:|1666382954\n|move|p2b: Urshifu|Surging Strikes|p1b: Tea time\n|-crit|p1b: Tea time\n|-damage|p1b: Tea time|64\/100\n|-crit|p1b: Tea time\n|-damage|p1b: Tea time|24\/100\n|-enditem|p1b: Tea time|Sitrus Berry|[eat]\n|-heal|p1b: Tea time|49\/100|[from] item: Sitrus Berry\n|-crit|p1b: Tea time\n|-damage|p1b: Tea time|8\/100\n|-hitcount|p1b: Tea time|3\n|move|p1b: Tea time|Psychic|p2b: Urshifu\n|-supereffective|p2b: Urshifu\n|-damage|p2b: Urshifu|0 fnt\n|faint|p2b: Urshifu\n|move|p1a: Loveless|Hypnosis|p2a: Ferrothorn\n|-fail|p2a: Ferrothorn|slp\n|cant|p2a: Ferrothorn|slp\n|\n|-damage|p1a: Loveless|0 fnt|[from] Leech Seed|[of] p2a: Ferrothorn\n|faint|p1a: Loveless\n|upkeep\n|c|\u2606ratpacker|gg\n|\n|t:|1666382963\n|switch|p1a: Nagalady|Naganadel|100\/100\n|turn|12\n|c|\u2606EVERYOPPSHOT|gl in future man\n|-message|EVERYOPPSHOT forfeited.\n|\n|win|ratpacker\n|c|\u2606ratpacker|thanks \n|c|\u2606ratpacker|appreciate it\n","uploadtime":1666382966,"views":24,"p1id":"ratpacker","p2id":"everyoppshot","formatid":"gen8doublesou","rating":0,"private":0,"password":null}