{"id":"smogtours-gen6doublesou-595891","p1":"tolstoy","p2":"Slappe","format":"gen6doublesou","log":"|inactive|Battle timer is ON: inactive players will automatically lose when time's up.\n|t:|1638587017\n|gametype|doubles\n|player|p1|tolstoy|dawn|\n|player|p2|Slappe|mina|\n|teamsize|p1|6\n|teamsize|p2|6\n|gen|6\n|tier|[Gen 6] Doubles OU\n|rule|Species Clause: Limit one of each Pok\u00e9mon\n|rule|OHKO Clause: OHKO moves are banned\n|rule|Moody Clause: Moody is banned\n|rule|Evasion Abilities Clause: Evasion abilities are banned\n|rule|Evasion Moves Clause: Evasion moves are banned\n|rule|Gravity Sleep Clause: The combination of Gravity and sleep-inducing moves with imperfect accuracy are banned\n|rule|Endless Battle Clause: Forcing endless battles is banned\n|rule|HP Percentage Mod: HP is shown in percentages\n|rule|Swagger Clause: Swagger is banned\n|clearpoke\n|poke|p1|Vulpix, F|item\n|poke|p1|Quilava, F|item\n|poke|p1|Fletchinder, M|\n|poke|p1|Magmar, F|item\n|poke|p1|Lampent, M|item\n|poke|p1|Monferno, F|item\n|poke|p2|Togetic, M|item\n|poke|p2|Gligar, F|item\n|poke|p2|Scyther, M|item\n|poke|p2|Murkrow, F|item\n|poke|p2|Staravia, M|item\n|poke|p2|Golbat, M|item\n|teampreview\n|c|+3MoreMinutes|SLAY\n|inactive|tolstoy has 270 seconds left.\n|inactive|Slappe has 270 seconds left.\n|\n|t:|1638587068\n|start\n|switch|p1a: Vulpix|Vulpix, F|100\/100\n|switch|p1b: aiko|Quilava, F|100\/100\n|switch|p2a: Gligar|Gligar, F|100\/100\n|switch|p2b: Murkrow|Murkrow, F|100\/100\n|-weather|SunnyDay|[from] ability: Drought|[of] p1a: Vulpix\n|turn|1\n|\n|t:|1638587095\n|switch|p1a: Fletchinder|Fletchinder, M|100\/100\n|move|p2b: Murkrow|Tailwind|p2b: Murkrow\n|-sidestart|p2: Slappe|move: Tailwind\n|move|p1b: aiko|Eruption|p2a: Gligar|[spread] p2a,p2b\n|-damage|p2a: Gligar|12\/100\n|-damage|p2b: Murkrow|12\/100\n|move|p2a: Gligar|Earthquake|p1b: aiko|[spread] p1b\n|-immune|p2b: Murkrow\n|-immune|p1a: Fletchinder\n|-supereffective|p1b: aiko\n|-damage|p1b: aiko|0 fnt\n|faint|p1b: aiko\n|\n|-weather|SunnyDay|[upkeep]\n|upkeep\n|\n|t:|1638587106\n|switch|p1b: Monferno|Monferno, F|100\/100\n|turn|2\n|\n|t:|1638587133\n|switch|p2a: Scyther|Scyther, M|100\/100\n|move|p1b: Monferno|Fake Out|p2b: Murkrow\n|-damage|p2b: Murkrow|0 fnt\n|faint|p2b: Murkrow\n|move|p1a: Fletchinder|Acrobatics|p2a: Scyther\n|-supereffective|p2a: Scyther\n|-damage|p2a: Scyther|19\/100\n|\n|-weather|SunnyDay|[upkeep]\n|upkeep\n|inactive|Slappe has 270 seconds left.\n|\n|t:|1638587143\n|switch|p2b: Staravia|Staravia, M|100\/100\n|-ability|p2b: Staravia|Intimidate|boost\n|-unboost|p1a: Fletchinder|atk|1\n|-unboost|p1b: Monferno|atk|1\n|turn|3\n|inactive|tolstoy has 270 seconds left.\n|\n|t:|1638587176\n|move|p1a: Fletchinder|Acrobatics|p2a: Scyther\n|-supereffective|p2a: Scyther\n|-damage|p2a: Scyther|0 fnt\n|faint|p2a: Scyther\n|move|p2b: Staravia|Brave Bird|p1b: Monferno\n|-supereffective|p1b: Monferno\n|-damage|p1b: Monferno|0 fnt\n|faint|p1b: Monferno\n|-damage|p2b: Staravia|68\/100|[from] Recoil\n|\n|-weather|SunnyDay|[upkeep]\n|upkeep\n|inactive|Slappe has 270 seconds left.\n|\n|t:|1638587209\n|switch|p2a: Togetic|Togetic, M|100\/100\n|switch|p1b: Magmar|Magmar, F|100\/100\n|turn|4\n|\n|t:|1638587226\n|move|p2a: Togetic|Helping Hand|p2b: Staravia\n|-singleturn|p2b: Staravia|Helping Hand|[of] p2a: Togetic\n|move|p1b: Magmar|Protect|p1b: Magmar\n|-singleturn|p1b: Magmar|Protect\n|move|p1a: Fletchinder|Tailwind|p1a: Fletchinder\n|-sidestart|p1: tolstoy|move: Tailwind\n|move|p2b: Staravia|Brave Bird|p1a: Fletchinder\n|-damage|p1a: Fletchinder|5\/100\n|-damage|p2b: Staravia|31\/100|[from] Recoil\n|\n|-weather|SunnyDay|[upkeep]\n|-sideend|p2: Slappe|move: Tailwind\n|upkeep\n|turn|5\n|\n|t:|1638587252\n|move|p2a: Togetic|Protect|p2a: Togetic\n|-singleturn|p2a: Togetic|Protect\n|move|p1a: Fletchinder|Roost|p1a: Fletchinder\n|-heal|p1a: Fletchinder|55\/100\n|-singleturn|p1a: Fletchinder|move: Roost\n|move|p1b: Magmar|Heat Wave|p2a: Togetic|[spread] p2b\n|-activate|p2a: Togetic|move: Protect\n|-damage|p2b: Staravia|0 fnt\n|faint|p2b: Staravia\n|\n|-weather|SunnyDay|[upkeep]\n|upkeep\n|\n|t:|1638587259\n|switch|p2b: Golbat|Golbat, M|100\/100\n|turn|6\n|inactive|Slappe has 270 seconds left.\n|c|\u2606Slappe|o my god i forgot about gen 6 mechanics\n|c|\u2606Slappe|im so dumb\n|inactive|Slappe has 240 seconds left.\n|c|\u2606Slappe|no wonder quilava outsped\n|c|\u2606Slappe|i just took a fat L\n|\n|t:|1638587338\n|move|p2a: Togetic|Helping Hand|p2b: Golbat\n|-singleturn|p2b: Golbat|Helping Hand|[of] p2a: Togetic\n|move|p1a: Fletchinder|Roost|p1a: Fletchinder\n|-heal|p1a: Fletchinder|100\/100\n|-singleturn|p1a: Fletchinder|move: Roost\n|move|p1b: Magmar|Heat Wave|p2a: Togetic|[spread] p2a\n|-miss|p1b: Magmar|p2b: Golbat\n|-damage|p2a: Togetic|71\/100\n|move|p2b: Golbat|Brave Bird|p1b: Magmar\n|-damage|p1b: Magmar|36\/100\n|-damage|p2b: Golbat|84\/100|[from] Recoil\n|\n|-weather|SunnyDay|[upkeep]\n|upkeep\n|turn|7\n|inactive|Slappe has 240 seconds left.\n|inactive|tolstoy has 270 seconds left.\n|\n|t:|1638587372\n|switch|p1a: Vulpix|Vulpix, F|100\/100\n|move|p2a: Togetic|Protect|p2a: Togetic\n|-singleturn|p2a: Togetic|Protect\n|move|p1b: Magmar|Heat Wave|p2a: Togetic|[spread] p2b\n|-activate|p2a: Togetic|move: Protect\n|-damage|p2b: Golbat|48\/100\n|move|p2b: Golbat|Tailwind|p2b: Golbat\n|-sidestart|p2: Slappe|move: Tailwind\n|\n|-weather|SunnyDay|[upkeep]\n|-sideend|p1: tolstoy|move: Tailwind\n|upkeep\n|turn|8\n|\n|t:|1638587386\n|move|p2a: Togetic|Helping Hand|p2b: Golbat\n|-singleturn|p2b: Golbat|Helping Hand|[of] p2a: Togetic\n|move|p1b: Magmar|Protect|p1b: Magmar\n|-singleturn|p1b: Magmar|Protect\n|move|p2b: Golbat|Brave Bird|p1b: Magmar\n|-activate|p1b: Magmar|move: Protect\n|move|p1a: Vulpix|Will-O-Wisp|p2b: Golbat\n|-status|p2b: Golbat|brn\n|\n|-weather|none\n|-damage|p2b: Golbat|36\/100 brn|[from] brn\n|upkeep\n|turn|9\n|\n|t:|1638587402\n|switch|p1a: Fletchinder|Fletchinder, M|100\/100\n|move|p2a: Togetic|Helping Hand|p2b: Golbat\n|-singleturn|p2b: Golbat|Helping Hand|[of] p2a: Togetic\n|move|p2b: Golbat|Super Fang|p1a: Fletchinder\n|-damage|p1a: Fletchinder|51\/100\n|move|p1b: Magmar|Heat Wave|p2a: Togetic|[spread] p2a\n|-miss|p1b: Magmar|p2b: Golbat\n|-damage|p2a: Togetic|49\/100\n|\n|-damage|p2b: Golbat|23\/100 brn|[from] brn\n|upkeep\n|turn|10\n|inactive|Slappe has 270 seconds left.\n|inactive|Slappe has 240 seconds left.\n|\n|t:|1638587448\n|switch|p1b: Vulpix|Vulpix, F|100\/100\n|-weather|SunnyDay|[from] ability: Drought|[of] p1b: Vulpix\n|move|p2a: Togetic|Protect|p2a: Togetic\n|-singleturn|p2a: Togetic|Protect\n|move|p1a: Fletchinder|Roost|p1a: Fletchinder\n|-heal|p1a: Fletchinder|100\/100\n|-singleturn|p1a: Fletchinder|move: Roost\n|move|p2b: Golbat|Brave Bird|p1b: Vulpix\n|-damage|p1b: Vulpix|59\/100\n|-damage|p2b: Golbat|13\/100 brn|[from] Recoil\n|\n|-weather|SunnyDay|[upkeep]\n|-damage|p2b: Golbat|0 fnt|[from] brn\n|faint|p2b: Golbat\n|-sideend|p2: Slappe|move: Tailwind\n|upkeep\n|\n|t:|1638587451\n|switch|p2b: Gligar|Gligar, F|12\/100\n|turn|11\n|inactive|Slappe has 240 seconds left.\n|\n|t:|1638587484\n|move|p2a: Togetic|Follow Me|p2a: Togetic\n|-singleturn|p2a: Togetic|move: Follow Me\n|move|p1a: Fletchinder|Acrobatics|p2a: Togetic\n|-damage|p2a: Togetic|21\/100\n|move|p2b: Gligar|Earthquake|p1a: Fletchinder|[spread] p1b\n|-immune|p2a: Togetic\n|-immune|p1a: Fletchinder\n|-supereffective|p1b: Vulpix\n|-damage|p1b: Vulpix|0 fnt\n|faint|p1b: Vulpix\n|\n|-weather|SunnyDay|[upkeep]\n|upkeep\n|\n|t:|1638587495\n|switch|p1b: Lampent|Lampent, M|100\/100\n|turn|12\n|\n|t:|1638587510\n|move|p1b: Lampent|Protect|p1b: Lampent\n|-singleturn|p1b: Lampent|Protect\n|move|p2a: Togetic|Follow Me|p2a: Togetic\n|-singleturn|p2a: Togetic|move: Follow Me\n|move|p1a: Fletchinder|Tailwind|p1a: Fletchinder\n|-sidestart|p1: tolstoy|move: Tailwind\n|move|p2b: Gligar|Rock Slide|p1a: Fletchinder|[spread] p1a\n|-activate|p1b: Lampent|move: Protect\n|-supereffective|p1a: Fletchinder\n|-damage|p1a: Fletchinder|0 fnt\n|faint|p1a: Fletchinder\n|\n|-weather|SunnyDay|[upkeep]\n|upkeep\n|\n|t:|1638587515\n|switch|p1a: Magmar|Magmar, F|36\/100\n|turn|13\n|\n|t:|1638587535\n|move|p2a: Togetic|Follow Me|p2a: Togetic\n|-singleturn|p2a: Togetic|move: Follow Me\n|move|p1a: Magmar|Heat Wave|p2b: Gligar|[spread] p2a,p2b\n|-damage|p2a: Togetic|0 fnt\n|-damage|p2b: Gligar|0 fnt\n|faint|p2a: Togetic\n|faint|p2b: Gligar\n|\n|win|tolstoy\n|c|\u2606tolstoy|gg\n","uploadtime":1638587536,"views":626,"p1id":"tolstoy","p2id":"slappe","formatid":"gen6doublesou","rating":0,"private":0,"password":null}