{"id":"smogtours-gen8bssfactory-647657","p1":"agentkeval","p2":"Mimikyu Stardust","format":"gen8bssfactory","log":"|inactive|Battle timer is ON: inactive players will automatically lose when time's up.\n|t:|1662908661\n|gametype|singles\n|player|p1|agentkeval|1|\n|player|p2|Mimikyu Stardust|#mimikyustardust|\n|teamsize|p1|6\n|teamsize|p2|6\n|gen|8\n|tier|[Gen 8] BSS Factory\n|rule|Species Clause: Limit one of each Pok\u00e9mon\n|rule|Item Clause: Limit one of each item\n|clearpoke\n|poke|p1|Chansey, L50, F|\n|poke|p1|Corviknight, L50, F|\n|poke|p1|Marowak-Alola, L50, M|\n|poke|p1|Gastrodon, L50, M|\n|poke|p1|Cradily, L50, F|\n|poke|p1|Tapu Lele, L50|\n|poke|p2|Porygon2, L50|\n|poke|p2|Celesteela, L50|\n|poke|p2|Lycanroc-Dusk, L50, M|\n|poke|p2|Naganadel, L50|\n|poke|p2|Espeon, L50, F|\n|poke|p2|Cinderace, L50, M|\n|teampreview|3\n|inactive|agentkeval has 270 seconds left.\n|inactive|Mimikyu Stardust has 270 seconds left.\n|\n|t:|1662908708\n|start\n|switch|p1a: Gastrodon|Gastrodon, L50, M|218\/218\n|switch|p2a: Lycanroc|Lycanroc-Dusk, L50, M|151\/151\n|turn|1\n|\n|t:|1662908719\n|move|p2a: Lycanroc|Stealth Rock|p1a: Gastrodon\n|-sidestart|p1: agentkeval|move: Stealth Rock\n|move|p1a: Gastrodon|Scald|p2a: Lycanroc\n|-supereffective|p2a: Lycanroc\n|-damage|p2a: Lycanroc|7\/151\n|\n|upkeep\n|turn|2\n|\n|t:|1662908726\n|switch|p1a: Corviknight|Corviknight, L50, F|205\/205\n|-damage|p1a: Corviknight|180\/205|[from] Stealth Rock\n|move|p2a: Lycanroc|Close Combat|p1a: Corviknight\n|-damage|p1a: Corviknight|114\/205\n|-unboost|p2a: Lycanroc|def|1\n|-unboost|p2a: Lycanroc|spd|1\n|-damage|p2a: Lycanroc|0 fnt|[from] item: Rocky Helmet|[of] p1a: Corviknight\n|faint|p2a: Lycanroc\n|\n|upkeep\n|\n|t:|1662908739\n|switch|p2a: Cinderace|Cinderace, L50, M|155\/155\n|turn|3\n|\n|t:|1662908754\n|switch|p1a: Gastrodon|Gastrodon, L50, M|218\/218\n|-damage|p1a: Gastrodon|205\/218|[from] Stealth Rock\n|move|p2a: Cinderace|Pyro Ball|p1a: Gastrodon|[miss]\n|-miss|p2a: Cinderace|p1a: Gastrodon\n|\n|upkeep\n|turn|4\n|c|\u2606agentkeval|bss stall\n|\n|t:|1662908766\n|move|p2a: Cinderace|Focus Energy|p2a: Cinderace\n|-start|p2a: Cinderace|typechange|Normal|[from] ability: Libero\n|-start|p2a: Cinderace|move: Focus Energy\n|move|p1a: Gastrodon|Scald|p2a: Cinderace\n|-damage|p2a: Cinderace|97\/155\n|\n|upkeep\n|turn|5\n|\n|t:|1662908773\n|-start|p2a: Cinderace|Dynamax|Gmax\n|-heal|p2a: Cinderace|194\/310|[silent]\n|move|p2a: Cinderace|Max Airstream|p1a: Gastrodon\n|-start|p2a: Cinderace|typechange|Flying|[from] ability: Libero\n|-crit|p1a: Gastrodon\n|-damage|p1a: Gastrodon|61\/218\n|-boost|p2a: Cinderace|spe|1\n|move|p1a: Gastrodon|Yawn|p2a: Cinderace\n|-start|p2a: Cinderace|move: Yawn|[of] p1a: Gastrodon\n|\n|upkeep\n|turn|6\n|\n|t:|1662908778\n|switch|p1a: Corviknight|Corviknight, L50, F|114\/205\n|-damage|p1a: Corviknight|89\/205|[from] Stealth Rock\n|move|p2a: Cinderace|G-Max Fireball|p1a: Corviknight\n|-start|p2a: Cinderace|typechange|Fire|[from] ability: Libero\n|-supereffective|p1a: Corviknight\n|-crit|p1a: Corviknight\n|-damage|p1a: Corviknight|0 fnt\n|faint|p1a: Corviknight\n|\n|-end|p2a: Cinderace|move: Yawn|[silent]\n|-status|p2a: Cinderace|slp\n|upkeep\n|\n|t:|1662908780\n|switch|p1a: Gastrodon|Gastrodon, L50, M|61\/218\n|-damage|p1a: Gastrodon|48\/218|[from] Stealth Rock\n|turn|7\n|c|\u2606Mimikyu Stardust|omg\n|\n|t:|1662908783\n|cant|p2a: Cinderace|slp\n|move|p1a: Gastrodon|Recover|p1a: Gastrodon\n|-heal|p1a: Gastrodon|157\/218\n|\n|upkeep\n|-end|p2a: Cinderace|Dynamax\n|-heal|p2a: Cinderace|97\/155 slp|[silent]\n|turn|8\n|\n|t:|1662908787\n|cant|p2a: Cinderace|slp\n|move|p1a: Gastrodon|Scald|p2a: Cinderace\n|-supereffective|p2a: Cinderace\n|-damage|p2a: Cinderace|0 fnt\n|faint|p2a: Cinderace\n|\n|upkeep\n|\n|t:|1662908789\n|switch|p2a: Naganadel|Naganadel, L50|148\/148\n|turn|9\n|c|\u2606agentkeval|bss stall\n|\n|t:|1662908793\n|move|p2a: Naganadel|Air Slash|p1a: Gastrodon\n|-damage|p1a: Gastrodon|83\/218\n|-damage|p2a: Naganadel|134\/148|[from] item: Life Orb\n|move|p1a: Gastrodon|Yawn|p2a: Naganadel\n|-start|p2a: Naganadel|move: Yawn|[of] p1a: Gastrodon\n|\n|upkeep\n|turn|10\n|\n|t:|1662908797\n|switch|p1a: Chansey|Chansey, L50, F|325\/325\n|-damage|p1a: Chansey|285\/325|[from] Stealth Rock\n|move|p2a: Naganadel|Air Slash|p1a: Chansey\n|-damage|p1a: Chansey|243\/325\n|-damage|p2a: Naganadel|120\/148|[from] item: Life Orb\n|\n|-end|p2a: Naganadel|move: Yawn|[silent]\n|-status|p2a: Naganadel|slp\n|upkeep\n|turn|11\n|\n|t:|1662908801\n|cant|p2a: Naganadel|slp\n|move|p1a: Chansey|Seismic Toss|p2a: Naganadel\n|-damage|p2a: Naganadel|70\/148 slp\n|\n|upkeep\n|turn|12\n|\n|t:|1662908816\n|cant|p2a: Naganadel|slp\n|move|p1a: Chansey|Seismic Toss|p2a: Naganadel\n|-damage|p2a: Naganadel|20\/148 slp\n|\n|upkeep\n|turn|13\n|c|\u2606Mimikyu Stardust|stal\n|\n|t:|1662908839\n|cant|p2a: Naganadel|slp\n|move|p1a: Chansey|Seismic Toss|p2a: Naganadel\n|-damage|p2a: Naganadel|0 fnt\n|faint|p2a: Naganadel\n|\n|win|agentkeval\n","uploadtime":1662908840,"views":2,"p1id":"agentkeval","p2id":"mimikyustardust","formatid":"gen8bssfactory","rating":0,"private":0,"password":null}