{"id":"smogtours-gen8monotype-629735","p1":"tolstoy","p2":"Shiba","format":"gen8monotype","log":"|inactive|Battle timer is ON: inactive players will automatically lose when time's up.\n|t:|1654293445\n|gametype|singles\n|player|p1|tolstoy|lucas|\n|player|p2|Shiba|#xshiba|\n|teamsize|p1|6\n|teamsize|p2|6\n|gen|8\n|tier|[Gen 8] Monotype\n|rule|Same Type Clause: Pok\u00e9mon in a team must share a type\n|rule|Sleep Clause Mod: Limit one foe put to sleep\n|rule|Species Clause: Limit one of each Pok\u00e9mon\n|rule|OHKO Clause: OHKO moves are banned\n|rule|Evasion Moves Clause: Evasion moves are banned\n|rule|Endless Battle Clause: Forcing endless battles is banned\n|rule|HP Percentage Mod: HP is shown in percentages\n|rule|Dynamax Clause: You cannot dynamax\n|clearpoke\n|poke|p1|Dragonite, M|\n|poke|p1|Corviknight, M|\n|poke|p1|Zapdos|\n|poke|p1|Landorus-Therian, M|\n|poke|p1|Tornadus-Therian, M|\n|poke|p1|Celesteela|\n|poke|p2|Landorus-Therian, M|\n|poke|p2|Nidoking, M|\n|poke|p2|Mamoswine, M|\n|poke|p2|Garchomp, M|\n|poke|p2|Excadrill, M|\n|poke|p2|Gastrodon-East, M|\n|teampreview\n|c|\u2606Shiba|hf\n|c|\u2606tolstoy|u2\n|inactive|tolstoy has 270 seconds left.\n|inactive|Shiba has 270 seconds left.\n|\n|t:|1654293489\n|start\n|switch|p1a: ABR|Zapdos|100\/100\n|switch|p2a: FAMOUS|Mamoswine, M|100\/100\n|turn|1\n|c|+felines|GOOO LAX !!!!\n|inactive|tolstoy has 270 seconds left.\n|inactive|Shiba has 270 seconds left.\n|inactive|Shiba has 240 seconds left.\n|\n|t:|1654293560\n|switch|p1a: pif|Corviknight, M|100\/100\n|-ability|p1a: pif|Pressure\n|move|p2a: FAMOUS|Icicle Crash|p1a: pif\n|-damage|p1a: pif|71\/100\n|\n|upkeep\n|turn|2\n|inactive|Shiba has 240 seconds left.\n|inactive|Shiba has 210 seconds left.\n|\n|t:|1654293610\n|switch|p2a: WAVES|Gastrodon-East, M|100\/100\n|move|p1a: pif|Roost|p1a: pif\n|-heal|p1a: pif|100\/100\n|-singleturn|p1a: pif|move: Roost\n|\n|upkeep\n|turn|3\n|\n|t:|1654293623\n|switch|p1a: Kepompong|Tornadus-Therian, M|100\/100\n|move|p2a: WAVES|Scald|p1a: Kepompong\n|-damage|p1a: Kepompong|80\/100\n|-status|p1a: Kepompong|brn\n|\n|-damage|p1a: Kepompong|74\/100 brn|[from] brn\n|upkeep\n|turn|4\n|\n|t:|1654293645\n|switch|p2a: NO PARTIES IN LA|Excadrill, M, shiny|100\/100\n|-ability|p2a: NO PARTIES IN LA|Mold Breaker\n|move|p1a: Kepompong|Knock Off|p2a: NO PARTIES IN LA\n|-damage|p2a: NO PARTIES IN LA|87\/100\n|-enditem|p2a: NO PARTIES IN LA|Leftovers|[from] move: Knock Off|[of] p1a: Kepompong\n|\n|-damage|p1a: Kepompong|68\/100 brn|[from] brn\n|upkeep\n|turn|5\n|\n|t:|1654293653\n|move|p1a: Kepompong|U-turn|p2a: NO PARTIES IN LA\n|-resisted|p2a: NO PARTIES IN LA\n|-damage|p2a: NO PARTIES IN LA|83\/100\n|\n|t:|1654293656\n|switch|p1a: ima|Landorus-Therian, M|100\/100|[from]move: U-turn\n|-ability|p1a: ima|Intimidate|boost\n|-unboost|p2a: NO PARTIES IN LA|atk|1\n|move|p2a: NO PARTIES IN LA|Stealth Rock|p1a: ima\n|-sidestart|p1: tolstoy|move: Stealth Rock\n|\n|upkeep\n|turn|6\n|\n|t:|1654293661\n|move|p2a: NO PARTIES IN LA|Toxic|p1a: ima|[miss]\n|-miss|p2a: NO PARTIES IN LA|p1a: ima\n|move|p1a: ima|Defog|p2a: NO PARTIES IN LA\n|-unboost|p2a: NO PARTIES IN LA|evasion|1\n|-sideend|p1: tolstoy|Stealth Rock|[from] move: Defog|[of] p1a: ima\n|\n|upkeep\n|turn|7\n|inactive|Shiba has 210 seconds left.\n|\n|t:|1654293682\n|move|p2a: NO PARTIES IN LA|Toxic|p1a: ima\n|-status|p1a: ima|tox\n|move|p1a: ima|U-turn|p2a: NO PARTIES IN LA\n|-resisted|p2a: NO PARTIES IN LA\n|-damage|p2a: NO PARTIES IN LA|67\/100\n|\n|t:|1654293687\n|switch|p1a: ABR|Zapdos|100\/100|[from]move: U-turn\n|\n|upkeep\n|turn|8\n|inactive|Shiba has 210 seconds left.\n|\n|t:|1654293707\n|switch|p2a: WAVES|Gastrodon-East, M|100\/100\n|move|p1a: ABR|Hurricane|p2a: WAVES\n|-damage|p2a: WAVES|36\/100\n|\n|-heal|p2a: WAVES|42\/100|[from] item: Leftovers\n|upkeep\n|turn|9\n|\n|t:|1654293714\n|switch|p2a: NO PARTIES IN LA|Excadrill, M, shiny|67\/100\n|-ability|p2a: NO PARTIES IN LA|Mold Breaker\n|move|p1a: ABR|Hurricane|p2a: NO PARTIES IN LA\n|-resisted|p2a: NO PARTIES IN LA\n|-damage|p2a: NO PARTIES IN LA|25\/100\n|-start|p2a: NO PARTIES IN LA|confusion\n|\n|upkeep\n|turn|10\n|\n|t:|1654293718\n|move|p1a: ABR|Hurricane|p2a: NO PARTIES IN LA\n|-resisted|p2a: NO PARTIES IN LA\n|-crit|p2a: NO PARTIES IN LA\n|-damage|p2a: NO PARTIES IN LA|0 fnt\n|faint|p2a: NO PARTIES IN LA\n|\n|upkeep\n|c|\u2606tolstoy|ABR\n|\n|t:|1654293722\n|switch|p2a: FAMOUS|Mamoswine, M|100\/100\n|turn|11\n|inactive|Shiba has 210 seconds left.\n|c|+felines|ABR\n|\n|t:|1654293740\n|switch|p2a: SAINT PABLO|Landorus-Therian, M|100\/100\n|-ability|p2a: SAINT PABLO|Intimidate|boost\n|-unboost|p1a: ABR|atk|1\n|switch|p1a: pif|Corviknight, M|100\/100\n|-ability|p1a: pif|Pressure\n|\n|upkeep\n|turn|12\n|\n|t:|1654293746\n|switch|p1a: BushTush|Dragonite, M|100\/100\n|move|p2a: SAINT PABLO|Substitute|p2a: SAINT PABLO\n|-start|p2a: SAINT PABLO|Substitute\n|-damage|p2a: SAINT PABLO|76\/100\n|\n|-heal|p2a: SAINT PABLO|82\/100|[from] item: Leftovers\n|upkeep\n|turn|13\n|\n|t:|1654293750\n|move|p1a: BushTush|Ice Punch|p2a: SAINT PABLO\n|-supereffective|p2a: SAINT PABLO\n|-end|p2a: SAINT PABLO|Substitute\n|move|p2a: SAINT PABLO|Bulk Up|p2a: SAINT PABLO\n|-boost|p2a: SAINT PABLO|atk|1\n|-boost|p2a: SAINT PABLO|def|1\n|\n|-heal|p2a: SAINT PABLO|88\/100|[from] item: Leftovers\n|upkeep\n|turn|14\n|\n|t:|1654293756\n|switch|p2a: FAMOUS|Mamoswine, M|100\/100\n|move|p1a: BushTush|Ice Punch|p2a: FAMOUS\n|-damage|p2a: FAMOUS|84\/100\n|\n|upkeep\n|turn|15\n|\n|t:|1654293763\n|switch|p1a: pif|Corviknight, M|100\/100\n|-ability|p1a: pif|Pressure\n|move|p2a: FAMOUS|Knock Off|p1a: pif\n|-damage|p1a: pif|78\/100\n|-enditem|p1a: pif|Occa Berry|[from] move: Knock Off|[of] p2a: FAMOUS\n|\n|upkeep\n|turn|16\n|inactive|Shiba has 240 seconds left.\n|\n|t:|1654293771\n|switch|p2a: FEEDBACK|Nidoking, M, shiny|100\/100\n|move|p1a: pif|Roost|p1a: pif\n|-heal|p1a: pif|100\/100\n|-singleturn|p1a: pif|move: Roost\n|\n|upkeep\n|turn|17\n|\n|t:|1654293779\n|switch|p1a: Kepompong|Tornadus-Therian, M|100\/100 brn\n|move|p2a: FEEDBACK|Flamethrower|p1a: Kepompong\n|-damage|p1a: Kepompong|68\/100 brn\n|\n|-damage|p1a: Kepompong|62\/100 brn|[from] brn\n|upkeep\n|turn|18\n|\n|t:|1654293793\n|move|p1a: Kepompong|Knock Off|p2a: FEEDBACK\n|-damage|p2a: FEEDBACK|86\/100\n|-enditem|p2a: FEEDBACK|Life Orb|[from] move: Knock Off|[of] p1a: Kepompong\n|move|p2a: FEEDBACK|Ice Beam|p1a: Kepompong\n|-supereffective|p1a: Kepompong\n|-damage|p1a: Kepompong|14\/100 brn\n|\n|-damage|p1a: Kepompong|8\/100 brn|[from] brn\n|upkeep\n|turn|19\n|\n|t:|1654293807\n|move|p1a: Kepompong|Grass Knot|p2a: FEEDBACK\n|-damage|p2a: FEEDBACK|53\/100\n|move|p2a: FEEDBACK|Flamethrower|p1a: Kepompong\n|-damage|p1a: Kepompong|0 fnt\n|faint|p1a: Kepompong\n|\n|upkeep\n|\n|t:|1654293835\n|switch|p1a: aiko|Celesteela|100\/100\n|turn|20\n|\n|t:|1654293848\n|switch|p2a: SAINT PABLO|Landorus-Therian, M|88\/100\n|-ability|p2a: SAINT PABLO|Intimidate|boost\n|-unboost|p1a: aiko|atk|1\n|move|p1a: aiko|Autotomize|p1a: aiko\n|-boost|p1a: aiko|spe|2\n|-start|p1a: aiko|Autotomize\n|\n|-heal|p2a: SAINT PABLO|94\/100|[from] item: Leftovers\n|upkeep\n|turn|21\n|\n|t:|1654293857\n|move|p1a: aiko|Flash Cannon|p2a: SAINT PABLO\n|-damage|p2a: SAINT PABLO|64\/100\n|move|p2a: SAINT PABLO|Gravity|p2a: SAINT PABLO\n|-fieldstart|move: Gravity\n|\n|-heal|p2a: SAINT PABLO|70\/100|[from] item: Leftovers\n|upkeep\n|turn|22\n|inactive|Shiba has 240 seconds left.\n|\n|t:|1654293905\n|switch|p1a: ima|Landorus-Therian, M|100\/100 tox\n|-ability|p1a: ima|Intimidate|boost\n|-unboost|p2a: SAINT PABLO|atk|1\n|move|p2a: SAINT PABLO|Earthquake|p1a: ima\n|-damage|p1a: ima|69\/100 tox\n|\n|-heal|p2a: SAINT PABLO|76\/100|[from] item: Leftovers\n|-heal|p1a: ima|75\/100 tox|[from] item: Leftovers\n|-damage|p1a: ima|69\/100 tox|[from] psn\n|upkeep\n|turn|23\n|\n|t:|1654293914\n|move|p2a: SAINT PABLO|Substitute|p2a: SAINT PABLO\n|-start|p2a: SAINT PABLO|Substitute\n|-damage|p2a: SAINT PABLO|51\/100\n|move|p1a: ima|U-turn|p2a: SAINT PABLO\n|-resisted|p2a: SAINT PABLO\n|-activate|p2a: SAINT PABLO|move: Substitute|[damage]\n|\n|t:|1654293918\n|switch|p1a: BushTush|Dragonite, M|100\/100|[from]move: U-turn\n|\n|-heal|p2a: SAINT PABLO|57\/100|[from] item: Leftovers\n|upkeep\n|turn|24\n|inactive|Shiba has 240 seconds left.\n|\n|t:|1654293931\n|switch|p2a: FAMOUS|Mamoswine, M|84\/100\n|move|p1a: BushTush|Ice Punch|p2a: FAMOUS\n|-damage|p2a: FAMOUS|66\/100\n|\n|upkeep\n|turn|25\n|inactive|Shiba has 240 seconds left.\n|\n|t:|1654293944\n|switch|p1a: pif|Corviknight, M|100\/100\n|-ability|p1a: pif|Pressure\n|move|p2a: FAMOUS|Earthquake|p1a: pif\n|-supereffective|p1a: pif\n|-damage|p1a: pif|40\/100\n|\n|-fieldend|move: Gravity\n|upkeep\n|turn|26\n|\n|t:|1654293952\n|switch|p2a: FEEDBACK|Nidoking, M, shiny|53\/100\n|move|p1a: pif|Roost|p1a: pif\n|-heal|p1a: pif|90\/100\n|-singleturn|p1a: pif|move: Roost\n|\n|upkeep\n|turn|27\n|inactive|Shiba has 240 seconds left.\n|\n|t:|1654293969\n|switch|p1a: ABR|Zapdos|100\/100\n|move|p2a: FEEDBACK|Flamethrower|p1a: ABR\n|-damage|p1a: ABR|64\/100\n|\n|upkeep\n|turn|28\n|\n|t:|1654293978\n|switch|p2a: WAVES|Gastrodon-East, M|42\/100\n|move|p1a: ABR|Hurricane|p2a: WAVES\n|-damage|p2a: WAVES|0 fnt\n|faint|p2a: WAVES\n|\n|upkeep\n|inactive|Shiba has 240 seconds left.\n|\n|t:|1654294008\n|switch|p2a: FAMOUS|Mamoswine, M|66\/100\n|turn|29\n|\n|t:|1654294020\n|switch|p2a: FEEDBACK|Nidoking, M, shiny|53\/100\n|switch|p1a: ima|Landorus-Therian, M|69\/100 tox\n|-ability|p1a: ima|Intimidate|boost\n|-unboost|p2a: FEEDBACK|atk|1\n|\n|-heal|p1a: ima|75\/100 tox|[from] item: Leftovers\n|-damage|p1a: ima|69\/100 tox|[from] psn\n|upkeep\n|turn|30\n|\n|t:|1654294025\n|move|p2a: FEEDBACK|Ice Beam|p1a: ima\n|-supereffective|p1a: ima\n|-damage|p1a: ima|0 fnt\n|faint|p1a: ima\n|\n|upkeep\n|\n|t:|1654294028\n|switch|p1a: aiko|Celesteela|100\/100\n|turn|31\n|\n|t:|1654294037\n|move|p2a: FEEDBACK|Flamethrower|p1a: aiko\n|-supereffective|p1a: aiko\n|-damage|p1a: aiko|43\/100\n|move|p1a: aiko|Flash Cannon|p2a: FEEDBACK\n|-damage|p2a: FEEDBACK|2\/100\n|\n|-heal|p1a: aiko|49\/100|[from] item: Leftovers\n|upkeep\n|turn|32\n|c|\u2606tolstoy|oh\n|inactive|Shiba has 240 seconds left.\n|inactive|tolstoy has 270 seconds left.\n|c|\u2606tolstoy|oh I thought I was modest\n|c|\u2606tolstoy|oops\n|\n|t:|1654294094\n|switch|p1a: ABR|Zapdos|64\/100\n|move|p2a: FEEDBACK|Flamethrower|p1a: ABR\n|-damage|p1a: ABR|29\/100\n|\n|upkeep\n|turn|33\n|inactive|Shiba has 210 seconds left.\n|\n|t:|1654294126\n|move|p1a: ABR|Hurricane|p2a: FEEDBACK|[miss]\n|-miss|p1a: ABR|p2a: FEEDBACK\n|move|p2a: FEEDBACK|Flamethrower|p1a: ABR\n|-crit|p1a: ABR\n|-damage|p1a: ABR|0 fnt\n|faint|p1a: ABR\n|\n|upkeep\n|\n|t:|1654294131\n|switch|p1a: BushTush|Dragonite, M|100\/100\n|turn|34\n|inactive|Shiba has 210 seconds left.\n|\n|t:|1654294136\n|move|p2a: FEEDBACK|Ice Beam|p1a: BushTush\n|-supereffective|p1a: BushTush\n|-damage|p1a: BushTush|43\/100\n|move|p1a: BushTush|Ice Punch|p2a: FEEDBACK\n|-supereffective|p2a: FEEDBACK\n|-damage|p2a: FEEDBACK|0 fnt\n|faint|p2a: FEEDBACK\n|\n|upkeep\n|inactive|Shiba has 210 seconds left.\n|inactive|Shiba has 180 seconds left.\n|\n|t:|1654294171\n|switch|p2a: FAMOUS|Mamoswine, M|66\/100\n|turn|35\n|inactive|tolstoy has 270 seconds left.\n|inactive|Shiba has 180 seconds left.\n|\n|t:|1654294194\n|switch|p1a: aiko|Celesteela|49\/100\n|move|p2a: FAMOUS|Icicle Crash|p1a: aiko\n|-damage|p1a: aiko|8\/100\n|\n|-heal|p1a: aiko|14\/100|[from] item: Leftovers\n|upkeep\n|turn|36\n|\n|t:|1654294197\n|move|p2a: FAMOUS|Icicle Crash|p1a: aiko\n|-damage|p1a: aiko|0 fnt\n|faint|p1a: aiko\n|\n|upkeep\n|\n|t:|1654294210\n|switch|p1a: pif|Corviknight, M|90\/100\n|-ability|p1a: pif|Pressure\n|turn|37\n|\n|t:|1654294213\n|switch|p2a: SAINT PABLO|Landorus-Therian, M|57\/100\n|-ability|p2a: SAINT PABLO|Intimidate|boost\n|-unboost|p1a: pif|atk|1\n|move|p1a: pif|Iron Defense|p1a: pif\n|-boost|p1a: pif|def|2\n|\n|-heal|p2a: SAINT PABLO|63\/100|[from] item: Leftovers\n|upkeep\n|turn|38\n|\n|t:|1654294220\n|move|p2a: SAINT PABLO|Bulk Up|p2a: SAINT PABLO\n|-boost|p2a: SAINT PABLO|atk|1\n|-boost|p2a: SAINT PABLO|def|1\n|move|p1a: pif|Iron Defense|p1a: pif\n|-boost|p1a: pif|def|2\n|\n|-heal|p2a: SAINT PABLO|70\/100|[from] item: Leftovers\n|upkeep\n|turn|39\n|\n|t:|1654294221\n|move|p2a: SAINT PABLO|Bulk Up|p2a: SAINT PABLO\n|-boost|p2a: SAINT PABLO|atk|1\n|-boost|p2a: SAINT PABLO|def|1\n|move|p1a: pif|Iron Defense|p1a: pif\n|-boost|p1a: pif|def|2\n|\n|-heal|p2a: SAINT PABLO|76\/100|[from] item: Leftovers\n|upkeep\n|turn|40\n|inactive|Shiba has 210 seconds left.\n|inactive|Shiba has 180 seconds left.\n|\n|t:|1654294272\n|move|p2a: SAINT PABLO|Bulk Up|p2a: SAINT PABLO\n|-boost|p2a: SAINT PABLO|atk|1\n|-boost|p2a: SAINT PABLO|def|1\n|move|p1a: pif|Body Press|p2a: SAINT PABLO\n|-resisted|p2a: SAINT PABLO\n|-damage|p2a: SAINT PABLO|57\/100\n|\n|-heal|p2a: SAINT PABLO|63\/100|[from] item: Leftovers\n|upkeep\n|turn|41\n|\n|t:|1654294277\n|move|p2a: SAINT PABLO|Substitute|p2a: SAINT PABLO\n|-start|p2a: SAINT PABLO|Substitute\n|-damage|p2a: SAINT PABLO|38\/100\n|move|p1a: pif|Body Press|p2a: SAINT PABLO\n|-resisted|p2a: SAINT PABLO\n|-activate|p2a: SAINT PABLO|move: Substitute|[damage]\n|\n|-heal|p2a: SAINT PABLO|44\/100|[from] item: Leftovers\n|upkeep\n|turn|42\n|\n|t:|1654294280\n|move|p2a: SAINT PABLO|Gravity|p2a: SAINT PABLO\n|-fieldstart|move: Gravity\n|move|p1a: pif|Body Press|p2a: SAINT PABLO\n|-resisted|p2a: SAINT PABLO\n|-end|p2a: SAINT PABLO|Substitute\n|\n|-heal|p2a: SAINT PABLO|50\/100|[from] item: Leftovers\n|upkeep\n|turn|43\n|\n|t:|1654294291\n|move|p2a: SAINT PABLO|Earthquake|p1a: pif\n|-supereffective|p1a: pif\n|-crit|p1a: pif\n|-damage|p1a: pif|0 fnt\n|faint|p1a: pif\n|\n|-heal|p2a: SAINT PABLO|56\/100|[from] item: Leftovers\n|upkeep\n|c|\u2606tolstoy|brah\n|\n|t:|1654294298\n|switch|p1a: BushTush|Dragonite, M|43\/100\n|turn|44\n|\n|t:|1654294301\n|move|p1a: BushTush|Ice Punch|p2a: SAINT PABLO\n|-supereffective|p2a: SAINT PABLO\n|-damage|p2a: SAINT PABLO|17\/100\n|move|p2a: SAINT PABLO|Earthquake|p1a: BushTush\n|-damage|p1a: BushTush|0 fnt\n|faint|p1a: BushTush\n|\n|win|Shiba\n|c|\u2606tolstoy|gg\n|c|\u2606Shiba|gg this one sucked\n","uploadtime":1654294302,"views":751,"p1id":"tolstoy","p2id":"shiba","formatid":"gen8monotype","rating":0,"private":0,"password":null}