{"id":"smogtours-gen7ou-650449","p1":"Adel19","p2":"Nichalho","format":"gen7ou","log":"|inactive|Battle timer is ON: inactive players will automatically lose when time's up.\n|t:|1664050153\n|gametype|singles\n|player|p1|Adel19|266|\n|player|p2|Nichalho|lillie-masters|\n|teamsize|p1|6\n|teamsize|p2|6\n|gen|7\n|tier|[Gen 7] OU\n|rule|Sleep Clause Mod: Limit one foe put to sleep\n|rule|Species Clause: Limit one of each Pok\u00e9mon\n|rule|OHKO Clause: OHKO moves are banned\n|rule|Moody Clause: Moody is banned\n|rule|Evasion Items Clause: Evasion items are banned\n|rule|Evasion Moves Clause: Evasion moves are banned\n|rule|Endless Battle Clause: Forcing endless battles is banned\n|rule|HP Percentage Mod: HP is shown in percentages\n|clearpoke\n|poke|p1|Landorus-Therian, M|item\n|poke|p1|Heatran, M|item\n|poke|p1|Tapu Koko|item\n|poke|p1|Tapu Fini|item\n|poke|p1|Medicham, M|item\n|poke|p1|Greninja, M|item\n|poke|p2|Heracross, M|item\n|poke|p2|Serperior, M|item\n|poke|p2|Victini|item\n|poke|p2|Ferrothorn, M|item\n|poke|p2|Zapdos|item\n|poke|p2|Garchomp, F|item\n|teampreview\n|c|\u2606Adel19|hf\n|c|\u2606Nichalho|hf\n|c|\u2606Adel19|hf\n|inactive|Nichalho has 270 seconds left.\n|\n|t:|1664050184\n|start\n|switch|p1a: Landorus|Landorus-Therian, M|100\/100\n|switch|p2a: Victini|Victini|100\/100\n|-ability|p1a: Landorus|Intimidate|boost\n|-unboost|p2a: Victini|atk|1\n|turn|1\n|\n|t:|1664050196\n|move|p2a: Victini|U-turn|p1a: Landorus\n|-resisted|p1a: Landorus\n|-damage|p1a: Landorus|93\/100\n|\n|t:|1664050201\n|switch|p2a: Ferrothorn|Ferrothorn, M|100\/100|[from]move: U-turn\n|move|p1a: Landorus|Stealth Rock|p2a: Ferrothorn\n|-sidestart|p2: Nichalho|move: Stealth Rock\n|\n|upkeep\n|turn|2\n|\n|t:|1664050208\n|move|p1a: Landorus|Swords Dance|p1a: Landorus\n|-boost|p1a: Landorus|atk|2\n|move|p2a: Ferrothorn|Thunder Wave|p1a: Landorus\n|-immune|p1a: Landorus\n|\n|upkeep\n|turn|3\n|\n|t:|1664050215\n|move|p1a: Landorus|Earthquake|p2a: Ferrothorn\n|-damage|p2a: Ferrothorn|12\/100\n|move|p2a: Ferrothorn|Spikes|p1a: Landorus\n|-sidestart|p1: Adel19|Spikes\n|\n|-heal|p2a: Ferrothorn|18\/100|[from] item: Leftovers\n|upkeep\n|turn|4\n|\n|t:|1664050220\n|move|p2a: Ferrothorn|Protect|p2a: Ferrothorn\n|-singleturn|p2a: Ferrothorn|Protect\n|move|p1a: Landorus|Earthquake|p2a: Ferrothorn\n|-activate|p2a: Ferrothorn|move: Protect\n|\n|-heal|p2a: Ferrothorn|24\/100|[from] item: Leftovers\n|upkeep\n|turn|5\n|\n|t:|1664050224\n|switch|p2a: Zapdos|Zapdos|100\/100\n|-damage|p2a: Zapdos|76\/100|[from] Stealth Rock\n|move|p1a: Landorus|Earthquake|p2a: Zapdos\n|-immune|p2a: Zapdos\n|\n|upkeep\n|turn|6\n|\n|t:|1664050228\n|-zpower|p1a: Landorus\n|move|p1a: Landorus|Continental Crush|p2a: Zapdos|[zeffect]\n|-supereffective|p2a: Zapdos\n|-damage|p2a: Zapdos|0 fnt\n|faint|p2a: Zapdos\n|\n|upkeep\n|\n|t:|1664050234\n|switch|p2a: Garchomp|Garchomp, F|100\/100\n|-damage|p2a: Garchomp|94\/100|[from] Stealth Rock\n|turn|7\n|\n|t:|1664050237\n|move|p1a: Landorus|Earthquake|p2a: Garchomp\n|-damage|p2a: Garchomp|11\/100\n|move|p2a: Garchomp|Rock Slide|p1a: Landorus\n|-damage|p1a: Landorus|69\/100\n|\n|upkeep\n|turn|8\n|\n|t:|1664050247\n|move|p1a: Landorus|Earthquake|p2a: Garchomp\n|-damage|p2a: Garchomp|0 fnt\n|faint|p2a: Garchomp\n|\n|upkeep\n|\n|t:|1664050249\n|switch|p2a: Serperior|Serperior, M|100\/100\n|-damage|p2a: Serperior|88\/100|[from] Stealth Rock\n|turn|9\n|\n|t:|1664050252\n|move|p2a: Serperior|Leaf Storm|p1a: Landorus\n|-damage|p1a: Landorus|13\/100\n|-boost|p2a: Serperior|spa|2\n|move|p1a: Landorus|Earthquake|p2a: Serperior\n|-resisted|p2a: Serperior\n|-damage|p2a: Serperior|25\/100\n|\n|-heal|p2a: Serperior|31\/100|[from] item: Leftovers\n|upkeep\n|turn|10\n|\n|t:|1664050259\n|move|p2a: Serperior|Leaf Storm|p1a: Landorus\n|-damage|p1a: Landorus|0 fnt\n|-boost|p2a: Serperior|spa|2\n|faint|p1a: Landorus\n|\n|-heal|p2a: Serperior|38\/100|[from] item: Leftovers\n|upkeep\n|\n|t:|1664050270\n|switch|p1a: Tapu Koko|Tapu Koko|100\/100\n|-damage|p1a: Tapu Koko|88\/100|[from] Spikes\n|-fieldstart|move: Electric Terrain|[from] ability: Electric Surge|[of] p1a: Tapu Koko\n|turn|11\n|\n|t:|1664050276\n|move|p1a: Tapu Koko|Dazzling Gleam|p2a: Serperior\n|-damage|p2a: Serperior|1\/100\n|move|p2a: Serperior|Leaf Storm|p1a: Tapu Koko\n|-damage|p1a: Tapu Koko|0 fnt\n|-boost|p2a: Serperior|spa|2\n|faint|p1a: Tapu Koko\n|\n|-heal|p2a: Serperior|7\/100|[from] item: Leftovers\n|upkeep\n|\n|t:|1664050287\n|switch|p1a: Greninja|Greninja, M|100\/100\n|-damage|p1a: Greninja|88\/100|[from] Spikes\n|turn|12\n|inactive|Nichalho has 270 seconds left.\n|\n|t:|1664050322\n|move|p1a: Greninja|Surf|p2a: Serperior\n|-resisted|p2a: Serperior\n|-damage|p2a: Serperior|0 fnt\n|faint|p2a: Serperior\n|-activate|p1a: Greninja|ability: Battle Bond\n|detailschange|p1a: Greninja|Greninja-Ash, M\n|\n|upkeep\n|\n|t:|1664050326\n|switch|p2a: Heracross|Heracross, M|100\/100\n|-damage|p2a: Heracross|88\/100|[from] Stealth Rock\n|turn|13\n|\n|t:|1664050349\n|switch|p1a: Tapu Fini|Tapu Fini|100\/100\n|-damage|p1a: Tapu Fini|88\/100|[from] Spikes\n|-fieldstart|move: Misty Terrain|[from] ability: Misty Surge|[of] p1a: Tapu Fini\n|detailschange|p2a: Heracross|Heracross-Mega, M\n|-mega|p2a: Heracross|Heracross|Heracronite\n|move|p2a: Heracross|Close Combat|p1a: Tapu Fini\n|-resisted|p1a: Tapu Fini\n|-damage|p1a: Tapu Fini|59\/100\n|-unboost|p2a: Heracross|def|1\n|-unboost|p2a: Heracross|spd|1\n|\n|-heal|p1a: Tapu Fini|65\/100|[from] item: Leftovers\n|upkeep\n|turn|14\n|\n|t:|1664050359\n|switch|p2a: Ferrothorn|Ferrothorn, M|24\/100\n|-damage|p2a: Ferrothorn|18\/100|[from] Stealth Rock\n|move|p1a: Tapu Fini|Moonblast|p2a: Ferrothorn\n|-resisted|p2a: Ferrothorn\n|-damage|p2a: Ferrothorn|8\/100\n|-unboost|p2a: Ferrothorn|spa|1\n|\n|-heal|p1a: Tapu Fini|71\/100|[from] item: Leftovers\n|-heal|p2a: Ferrothorn|15\/100|[from] item: Leftovers\n|upkeep\n|turn|15\n|\n|t:|1664050365\n|switch|p1a: Heatran|Heatran, M|100\/100\n|-damage|p1a: Heatran|88\/100|[from] Spikes\n|move|p2a: Ferrothorn|Protect||[still]\n|-fail|p2a: Ferrothorn\n|\n|-heal|p1a: Heatran|94\/100|[from] item: Leftovers\n|-heal|p2a: Ferrothorn|21\/100|[from] item: Leftovers\n|upkeep\n|turn|16\n|\n|t:|1664050375\n|move|p1a: Heatran|Substitute|p1a: Heatran\n|-start|p1a: Heatran|Substitute\n|-damage|p1a: Heatran|70\/100\n|move|p2a: Ferrothorn|Thunder Wave||[still]\n|-fail|p2a: Ferrothorn\n|\n|-heal|p1a: Heatran|76\/100|[from] item: Leftovers\n|-heal|p2a: Ferrothorn|27\/100|[from] item: Leftovers\n|upkeep\n|turn|17\n|\n|t:|1664050380\n|move|p1a: Heatran|Earth Power|p2a: Ferrothorn\n|-damage|p2a: Ferrothorn|8\/100\n|move|p2a: Ferrothorn|Spikes|p1a: Heatran\n|-sidestart|p1: Adel19|Spikes\n|\n|-heal|p1a: Heatran|82\/100|[from] item: Leftovers\n|-heal|p2a: Ferrothorn|14\/100|[from] item: Leftovers\n|-fieldend|Misty Terrain\n|upkeep\n|turn|18\n|\n|t:|1664050383\n|move|p1a: Heatran|Earth Power|p2a: Ferrothorn\n|-damage|p2a: Ferrothorn|0 fnt\n|faint|p2a: Ferrothorn\n|\n|-heal|p1a: Heatran|88\/100|[from] item: Leftovers\n|upkeep\n|\n|t:|1664050393\n|switch|p2a: Heracross|Heracross-Mega, M|88\/100\n|-damage|p2a: Heracross|75\/100|[from] Stealth Rock\n|turn|19\n|\n|t:|1664050400\n|move|p1a: Heatran|Lava Plume|p2a: Heracross\n|-supereffective|p2a: Heracross\n|-damage|p2a: Heracross|0 fnt\n|faint|p2a: Heracross\n|\n|-heal|p1a: Heatran|94\/100|[from] item: Leftovers\n|upkeep\n|\n|t:|1664050403\n|switch|p2a: Victini|Victini|100\/100\n|-damage|p2a: Victini|76\/100|[from] Stealth Rock\n|turn|20\n|\n|t:|1664050405\n|move|p2a: Victini|U-turn|p1a: Heatran\n|-resisted|p1a: Heatran\n|-activate|p1a: Heatran|move: Substitute|[damage]\n|move|p1a: Heatran|Earth Power|p2a: Victini\n|-supereffective|p2a: Victini\n|-damage|p2a: Victini|25\/100\n|\n|-heal|p1a: Heatran|100\/100|[from] item: Leftovers\n|upkeep\n|turn|21\n|c|\u2606Adel19|gg\n|c|\u2606Nichalho|gg\n|\n|t:|1664050410\n|move|p2a: Victini|U-turn|p1a: Heatran\n|-resisted|p1a: Heatran\n|-activate|p1a: Heatran|move: Substitute|[damage]\n|move|p1a: Heatran|Earth Power|p2a: Victini\n|-supereffective|p2a: Victini\n|-damage|p2a: Victini|0 fnt\n|faint|p2a: Victini\n|\n|win|Adel19\n","uploadtime":1664050411,"views":36,"p1id":"adel19","p2id":"nichalho","formatid":"gen7ou","rating":0,"private":0,"password":null}