{"id":"smogtours-gen8nationaldex-646633","p1":"Faygos","p2":"hump","format":"gen8nationaldex","log":"|inactive|Battle timer is ON: inactive players will automatically lose when time's up.\n|t:|1662328129\n|gametype|singles\n|player|p1|Faygos|265|\n|player|p2|hump|dawn-masters|\n|teamsize|p1|6\n|teamsize|p2|6\n|gen|8\n|tier|[Gen 8] National Dex\n|rule|HP Percentage Mod: HP is shown in percentages\n|rule|Endless Battle Clause: Forcing endless battles is banned\n|rule|OHKO Clause: OHKO moves are banned\n|rule|Evasion Moves Clause: Evasion moves are banned\n|rule|Species Clause: Limit one of each Pok\u00e9mon\n|rule|Dynamax Clause: You cannot dynamax\n|rule|Sleep Clause Mod: Limit one foe put to sleep\n|clearpoke\n|poke|p1|Porygon-Z|\n|poke|p1|Kyurem|\n|poke|p1|Celesteela|\n|poke|p1|Tapu Koko|\n|poke|p1|Serperior, F|\n|poke|p1|Smeargle, F|\n|poke|p2|Latias, F|\n|poke|p2|Greninja, M|\n|poke|p2|Ferrothorn, M|\n|poke|p2|Clefable, F|\n|poke|p2|Gliscor, F|\n|poke|p2|Heatran, M|\n|teampreview\n|inactive|Faygos also wants the timer to be on.\n|inactive|hump also wants the timer to be on.\n|\n|t:|1662328154\n|start\n|switch|p1a: Serperior|Serperior, F|100\/100\n|switch|p2a: Greninja|Greninja, M|100\/100\n|turn|1\n|\n|t:|1662328156\n|move|p2a: Greninja|Gunk Shot|p1a: Serperior\n|-start|p2a: Greninja|typechange|Poison|[from] ability: Protean\n|-supereffective|p1a: Serperior\n|-damage|p1a: Serperior|0 fnt\n|faint|p1a: Serperior\n|\n|upkeep\n|\n|t:|1662328163\n|switch|p1a: Tapu Koko|Tapu Koko|100\/100\n|-fieldstart|move: Electric Terrain|[from] ability: Electric Surge|[of] p1a: Tapu Koko\n|turn|2\n|\n|t:|1662328166\n|move|p1a: Tapu Koko|Light Screen|p1a: Tapu Koko\n|-sidestart|p1: Faygos|move: Light Screen\n|move|p2a: Greninja|Gunk Shot|p1a: Tapu Koko\n|-supereffective|p1a: Tapu Koko\n|-damage|p1a: Tapu Koko|0 fnt\n|faint|p1a: Tapu Koko\n|\n|upkeep\n|\n|t:|1662328171\n|switch|p1a: Porygon-Z|Porygon-Z|100\/100\n|turn|3\n|\n|t:|1662328175\n|-zpower|p2a: Greninja\n|move|p2a: Greninja|Acid Downpour|p1a: Porygon-Z|[zeffect]\n|-damage|p1a: Porygon-Z|17\/100\n|-zpower|p1a: Porygon-Z\n|move|p1a: Porygon-Z|Z-Conversion|p1a: Porygon-Z|[anim]Conversion\n|-boost|p1a: Porygon-Z|atk|1|[zeffect]\n|-boost|p1a: Porygon-Z|def|1|[zeffect]\n|-boost|p1a: Porygon-Z|spa|1|[zeffect]\n|-boost|p1a: Porygon-Z|spd|1|[zeffect]\n|-boost|p1a: Porygon-Z|spe|1|[zeffect]\n|-start|p1a: Porygon-Z|typechange|Electric\n|\n|upkeep\n|turn|4\n|\n|t:|1662328179\n|switch|p2a: Ferrothorn|Ferrothorn, M|100\/100\n|move|p1a: Porygon-Z|Thunderbolt|p2a: Ferrothorn\n|-resisted|p2a: Ferrothorn\n|-damage|p2a: Ferrothorn|62\/100\n|\n|-heal|p2a: Ferrothorn|68\/100|[from] item: Leftovers\n|upkeep\n|turn|5\n|\n|t:|1662328182\n|move|p1a: Porygon-Z|Ice Beam|p2a: Ferrothorn\n|-damage|p2a: Ferrothorn|39\/100\n|move|p2a: Ferrothorn|Leech Seed|p1a: Porygon-Z\n|-start|p1a: Porygon-Z|move: Leech Seed\n|\n|-heal|p2a: Ferrothorn|45\/100|[from] item: Leftovers\n|-damage|p1a: Porygon-Z|4\/100|[from] Leech Seed|[of] p2a: Ferrothorn\n|-heal|p2a: Ferrothorn|56\/100|[silent]\n|upkeep\n|turn|6\n|\n|t:|1662328185\n|move|p1a: Porygon-Z|Thunderbolt|p2a: Ferrothorn\n|-resisted|p2a: Ferrothorn\n|-damage|p2a: Ferrothorn|16\/100\n|move|p2a: Ferrothorn|Spikes|p1a: Porygon-Z\n|-sidestart|p1: Faygos|Spikes\n|\n|-heal|p2a: Ferrothorn|23\/100|[from] item: Leftovers\n|-damage|p1a: Porygon-Z|0 fnt|[from] Leech Seed|[of] p2a: Ferrothorn\n|-heal|p2a: Ferrothorn|26\/100|[silent]\n|faint|p1a: Porygon-Z\n|-sideend|p1: Faygos|move: Light Screen\n|upkeep\n|\n|t:|1662328189\n|switch|p1a: Celesteela|Celesteela|100\/100\n|turn|7\n|\n|t:|1662328190\n|move|p1a: Celesteela|Autotomize|p1a: Celesteela\n|-boost|p1a: Celesteela|spe|2\n|-start|p1a: Celesteela|Autotomize\n|move|p2a: Ferrothorn|Leech Seed|p1a: Celesteela\n|-start|p1a: Celesteela|move: Leech Seed\n|\n|-heal|p2a: Ferrothorn|32\/100|[from] item: Leftovers\n|-damage|p1a: Celesteela|88\/100|[from] Leech Seed|[of] p2a: Ferrothorn\n|-heal|p2a: Ferrothorn|44\/100|[silent]\n|upkeep\n|turn|8\n|\n|t:|1662328194\n|move|p1a: Celesteela|Meteor Beam||[still]\n|-prepare|p1a: Celesteela|Meteor Beam\n|-boost|p1a: Celesteela|spa|1\n|-enditem|p1a: Celesteela|Power Herb\n|-anim|p1a: Celesteela|Meteor Beam|p2a: Ferrothorn\n|-resisted|p2a: Ferrothorn\n|-crit|p2a: Ferrothorn\n|-damage|p2a: Ferrothorn|16\/100\n|move|p2a: Ferrothorn|Knock Off|p1a: Celesteela\n|-damage|p1a: Celesteela|74\/100\n|\n|-heal|p2a: Ferrothorn|22\/100|[from] item: Leftovers\n|-damage|p1a: Celesteela|62\/100|[from] Leech Seed|[of] p2a: Ferrothorn\n|-heal|p2a: Ferrothorn|33\/100|[silent]\n|upkeep\n|turn|9\n|\n|t:|1662328203\n|switch|p2a: Latias|Latias, F|100\/100\n|move|p1a: Celesteela|Meteor Beam||[still]\n|-prepare|p1a: Celesteela|Meteor Beam\n|-boost|p1a: Celesteela|spa|1\n|\n|-damage|p1a: Celesteela|50\/100|[from] Leech Seed|[of] p2a: Latias\n|-fieldend|move: Electric Terrain\n|upkeep\n|turn|10\n|\n|t:|1662328206\n|switch|p2a: Ferrothorn|Ferrothorn, M|33\/100\n|move|p1a: Celesteela|Meteor Beam|p2a: Ferrothorn|[from]lockedmove\n|-resisted|p2a: Ferrothorn\n|-damage|p2a: Ferrothorn|9\/100\n|\n|-heal|p2a: Ferrothorn|16\/100|[from] item: Leftovers\n|-damage|p1a: Celesteela|38\/100|[from] Leech Seed|[of] p2a: Ferrothorn\n|-heal|p2a: Ferrothorn|27\/100|[silent]\n|upkeep\n|turn|11\n|\n|t:|1662328212\n|move|p1a: Celesteela|Flamethrower|p2a: Ferrothorn\n|-supereffective|p2a: Ferrothorn\n|-damage|p2a: Ferrothorn|0 fnt\n|faint|p2a: Ferrothorn\n|-ability|p1a: Celesteela|Beast Boost|boost\n|-boost|p1a: Celesteela|spa|1\n|\n|upkeep\n|\n|t:|1662328214\n|switch|p2a: Latias|Latias, F|100\/100\n|turn|12\n|\n|t:|1662328216\n|detailschange|p2a: Latias|Latias-Mega, F\n|-mega|p2a: Latias|Latias|Latiasite\n|move|p1a: Celesteela|Air Slash|p2a: Latias\n|-damage|p2a: Latias|40\/100\n|move|p2a: Latias|Thunderbolt|p1a: Celesteela\n|-supereffective|p1a: Celesteela\n|-damage|p1a: Celesteela|0 fnt\n|faint|p1a: Celesteela\n|\n|upkeep\n|\n|t:|1662328219\n|switch|p1a: Kyurem|Kyurem|100\/100\n|-damage|p1a: Kyurem|88\/100|[from] Spikes\n|-ability|p1a: Kyurem|Pressure\n|turn|13\n|\n|t:|1662328221\n|switch|p2a: Clefable|Clefable, F|100\/100\n|move|p1a: Kyurem|Dragon Dance|p1a: Kyurem\n|-boost|p1a: Kyurem|atk|1\n|-boost|p1a: Kyurem|spe|1\n|\n|upkeep\n|turn|14\n|\n|t:|1662328224\n|move|p1a: Kyurem|Freeze-Dry|p2a: Clefable\n|-damage|p2a: Clefable|64\/100\n|move|p2a: Clefable|Knock Off|p1a: Kyurem\n|-damage|p1a: Kyurem|74\/100\n|-enditem|p1a: Kyurem|Weakness Policy|[from] move: Knock Off|[of] p2a: Clefable\n|\n|upkeep\n|turn|15\n|\n|t:|1662328228\n|move|p1a: Kyurem|Icicle Spear|p2a: Clefable\n|-damage|p2a: Clefable|50\/100\n|-damage|p2a: Clefable|38\/100\n|-hitcount|p2a: Clefable|2\n|move|p2a: Clefable|Soft-Boiled|p2a: Clefable\n|-heal|p2a: Clefable|88\/100\n|\n|upkeep\n|turn|16\n|\n|t:|1662328230\n|move|p1a: Kyurem|Freeze-Dry|p2a: Clefable\n|-damage|p2a: Clefable|54\/100\n|move|p2a: Clefable|Moonblast|p1a: Kyurem\n|-supereffective|p1a: Kyurem\n|-crit|p1a: Kyurem\n|-damage|p1a: Kyurem|0 fnt\n|faint|p1a: Kyurem\n|\n|upkeep\n|\n|t:|1662328233\n|switch|p1a: Boggy|Smeargle, F|100\/100\n|-damage|p1a: Boggy|88\/100|[from] Spikes\n|turn|17\n|\n|t:|1662328236\n|move|p1a: Boggy|Geomancy||[still]\n|-prepare|p1a: Boggy|Geomancy\n|move|p2a: Clefable|Moonblast|p1a: Boggy\n|-damage|p1a: Boggy|4\/100\n|\n|upkeep\n|turn|18\n|\n|t:|1662328242\n|move|p1a: Boggy|Geomancy|p1a: Boggy|[from]lockedmove\n|-boost|p1a: Boggy|spa|2\n|-boost|p1a: Boggy|spd|2\n|-boost|p1a: Boggy|spe|2\n|move|p2a: Clefable|Knock Off|p1a: Boggy\n|-damage|p1a: Boggy|0 fnt\n|faint|p1a: Boggy\n|\n|win|hump\n","uploadtime":1662328243,"views":33,"p1id":"faygos","p2id":"hump","formatid":"gen8nationaldex","rating":0,"private":0,"password":null}