{"id":"smogtours-gen7ou-647773","p1":"Navys_1","p2":"weshbien","format":"gen7ou","log":"|inactive|Battle timer is ON: inactive players will automatically lose when time's up.\n|t:|1662911755\n|gametype|singles\n|player|p1|Navys_1|pokemaniac|\n|player|p2|weshbien|brycenman|\n|teamsize|p1|6\n|teamsize|p2|6\n|gen|7\n|tier|[Gen 7] OU\n|rule|Sleep Clause Mod: Limit one foe put to sleep\n|rule|Species Clause: Limit one of each Pok\u00e9mon\n|rule|OHKO Clause: OHKO moves are banned\n|rule|Moody Clause: Moody is banned\n|rule|Evasion Items Clause: Evasion items are banned\n|rule|Evasion Moves Clause: Evasion moves are banned\n|rule|Endless Battle Clause: Forcing endless battles is banned\n|rule|HP Percentage Mod: HP is shown in percentages\n|clearpoke\n|poke|p1|Swampert, M|item\n|poke|p1|Tornadus-Therian, M|item\n|poke|p1|Greninja, M|item\n|poke|p1|Ferrothorn, M|item\n|poke|p1|Manaphy|item\n|poke|p1|Pelipper, F|item\n|poke|p2|Azumarill, M|item\n|poke|p2|Tapu Fini|item\n|poke|p2|Kommo-o, M|item\n|poke|p2|Klefki, M|item\n|poke|p2|Mandibuzz, F|item\n|poke|p2|Banette, M|item\n|teampreview\n|c|\u2606weshbien|hf\n|c|\u2606Navys_1|hf\n|inactive|Navys_1 has 270 seconds left.\n|\n|t:|1662911786\n|start\n|switch|p1a: Tornadus|Tornadus-Therian, M|100\/100\n|switch|p2a: Tapu Fini|Tapu Fini|100\/100\n|-fieldstart|move: Misty Terrain|[from] ability: Misty Surge|[of] p2a: Tapu Fini\n|turn|1\n|\n|t:|1662911794\n|move|p1a: Tornadus|Knock Off|p2a: Tapu Fini\n|-resisted|p2a: Tapu Fini\n|-damage|p2a: Tapu Fini|94\/100\n|-enditem|p2a: Tapu Fini|Leftovers|[from] move: Knock Off|[of] p1a: Tornadus\n|move|p2a: Tapu Fini|Scald|p1a: Tornadus\n|-damage|p1a: Tornadus|71\/100\n|\n|upkeep\n|turn|2\n|\n|t:|1662911803\n|move|p1a: Tornadus|U-turn|p2a: Tapu Fini\n|-resisted|p2a: Tapu Fini\n|-damage|p2a: Tapu Fini|89\/100\n|\n|t:|1662911807\n|switch|p1a: Pelipper|Pelipper, F|100\/100|[from]move: U-turn\n|-weather|RainDance|[from] ability: Drizzle|[of] p1a: Pelipper\n|move|p2a: Tapu Fini|Scald|p1a: Pelipper\n|-resisted|p1a: Pelipper\n|-damage|p1a: Pelipper|73\/100\n|\n|-weather|RainDance|[upkeep]\n|upkeep\n|turn|3\n|\n|t:|1662911816\n|move|p2a: Tapu Fini|Scald|p1a: Pelipper\n|-resisted|p1a: Pelipper\n|-damage|p1a: Pelipper|48\/100\n|-status|p1a: Pelipper|brn\n|move|p1a: Pelipper|U-turn|p2a: Tapu Fini\n|-resisted|p2a: Tapu Fini\n|-damage|p2a: Tapu Fini|88\/100\n|\n|t:|1662911830\n|switch|p1a: Ferrothorn|Ferrothorn, M|100\/100|[from]move: U-turn\n|\n|-weather|RainDance|[upkeep]\n|upkeep\n|turn|4\n|\n|t:|1662911834\n|move|p2a: Tapu Fini|Mean Look|p1a: Ferrothorn\n|-activate|p1a: Ferrothorn|trapped\n|move|p1a: Ferrothorn|Power Whip|p2a: Tapu Fini\n|-supereffective|p2a: Tapu Fini\n|-damage|p2a: Tapu Fini|41\/100\n|\n|-weather|RainDance|[upkeep]\n|upkeep\n|turn|5\n|\n|t:|1662911851\n|move|p2a: Tapu Fini|Torment|p1a: Ferrothorn\n|-start|p1a: Ferrothorn|Torment\n|move|p1a: Ferrothorn|Power Whip|p2a: Tapu Fini\n|-supereffective|p2a: Tapu Fini\n|-damage|p2a: Tapu Fini|0 fnt\n|faint|p2a: Tapu Fini\n|\n|-weather|RainDance|[upkeep]\n|-fieldend|Misty Terrain\n|upkeep\n|\n|t:|1662911856\n|switch|p2a: Kommo-o|Kommo-o, M|100\/100\n|turn|6\n|\n|t:|1662911861\n|switch|p1a: Tornadus|Tornadus-Therian, M|100\/100\n|move|p2a: Kommo-o|Substitute|p2a: Kommo-o\n|-start|p2a: Kommo-o|Substitute\n|-damage|p2a: Kommo-o|75\/100\n|\n|-weather|RainDance|[upkeep]\n|upkeep\n|turn|7\n|\n|t:|1662911865\n|move|p1a: Tornadus|Hurricane|p2a: Kommo-o\n|-supereffective|p2a: Kommo-o\n|-end|p2a: Kommo-o|Substitute\n|move|p2a: Kommo-o|Belly Drum|p2a: Kommo-o\n|-damage|p2a: Kommo-o|25\/100\n|-setboost|p2a: Kommo-o|atk|6|[from] move: Belly Drum\n|-enditem|p2a: Kommo-o|Salac Berry|[eat]\n|-boost|p2a: Kommo-o|spe|1|[from] item: Salac Berry\n|\n|-weather|RainDance|[upkeep]\n|upkeep\n|turn|8\n|\n|t:|1662911871\n|move|p2a: Kommo-o|Drain Punch|p1a: Tornadus\n|-resisted|p1a: Tornadus\n|-damage|p1a: Tornadus|30\/100\n|-heal|p2a: Kommo-o|66\/100|[from] drain|[of] p1a: Tornadus\n|-damage|p2a: Kommo-o|50\/100|[from] item: Rocky Helmet|[of] p1a: Tornadus\n|move|p1a: Tornadus|Hurricane|p2a: Kommo-o\n|-supereffective|p2a: Kommo-o\n|-damage|p2a: Kommo-o|0 fnt\n|faint|p2a: Kommo-o\n|\n|-weather|RainDance|[upkeep]\n|upkeep\n|\n|t:|1662911878\n|switch|p2a: Mandibuzz|Mandibuzz, F|100\/100\n|turn|9\n|\n|t:|1662911883\n|move|p1a: Tornadus|Taunt|p2a: Mandibuzz\n|-start|p2a: Mandibuzz|move: Taunt\n|move|p2a: Mandibuzz|Foul Play|p1a: Tornadus\n|-damage|p1a: Tornadus|0 fnt\n|-damage|p2a: Mandibuzz|84\/100|[from] item: Rocky Helmet|[of] p1a: Tornadus\n|faint|p1a: Tornadus\n|\n|-weather|none\n|-heal|p2a: Mandibuzz|90\/100|[from] item: Leftovers\n|upkeep\n|\n|t:|1662911896\n|switch|p1a: Pelipper|Pelipper, F|48\/100 brn\n|-weather|RainDance|[from] ability: Drizzle|[of] p1a: Pelipper\n|turn|10\n|\n|t:|1662911902\n|switch|p2a: Klefki|Klefki, M|100\/100\n|move|p1a: Pelipper|Roost|p1a: Pelipper\n|-heal|p1a: Pelipper|98\/100 brn\n|-singleturn|p1a: Pelipper|move: Roost\n|\n|-weather|RainDance|[upkeep]\n|-damage|p1a: Pelipper|92\/100 brn|[from] brn\n|upkeep\n|turn|11\n|\n|t:|1662911923\n|move|p2a: Klefki|Spikes|p1a: Pelipper\n|-sidestart|p1: Navys_1|Spikes\n|move|p1a: Pelipper|U-turn|p2a: Klefki\n|-resisted|p2a: Klefki\n|-damage|p2a: Klefki|99\/100\n|-enditem|p2a: Klefki|Eject Button\n|\n|t:|1662911928\n|switch|p2a: Banette|Banette, M|100\/100\n|\n|-weather|RainDance|[upkeep]\n|-damage|p1a: Pelipper|86\/100 brn|[from] brn\n|upkeep\n|turn|12\n|\n|t:|1662911944\n|detailschange|p2a: Banette|Banette-Mega, M\n|-mega|p2a: Banette|Banette|Banettite\n|move|p2a: Banette|Disable|p1a: Pelipper\n|-start|p1a: Pelipper|Disable|U-turn\n|cant|p1a: Pelipper|Disable|U-turn\n|\n|-weather|RainDance|[upkeep]\n|-damage|p1a: Pelipper|80\/100 brn|[from] brn\n|upkeep\n|turn|13\n|\n|t:|1662911955\n|move|p2a: Banette|Torment|p1a: Pelipper\n|-start|p1a: Pelipper|Torment\n|move|p1a: Pelipper|Scald|p2a: Banette\n|-damage|p2a: Banette|65\/100\n|-status|p2a: Banette|brn\n|\n|-weather|RainDance|[upkeep]\n|-damage|p2a: Banette|59\/100 brn|[from] brn\n|-damage|p1a: Pelipper|74\/100 brn|[from] brn\n|upkeep\n|turn|14\n|\n|t:|1662911967\n|switch|p2a: Klefki|Klefki, M|99\/100\n|switch|p1a: Ferrothorn|Ferrothorn, M|100\/100\n|-damage|p1a: Ferrothorn|88\/100|[from] Spikes\n|\n|-weather|RainDance|[upkeep]\n|-heal|p1a: Ferrothorn|94\/100|[from] item: Leftovers\n|upkeep\n|turn|15\n|\n|t:|1662911972\n|move|p2a: Klefki|Spikes|p1a: Ferrothorn\n|-sidestart|p1: Navys_1|Spikes\n|move|p1a: Ferrothorn|Stealth Rock|p2a: Klefki\n|-sidestart|p2: weshbien|move: Stealth Rock\n|\n|-weather|RainDance|[upkeep]\n|-heal|p1a: Ferrothorn|100\/100|[from] item: Leftovers\n|upkeep\n|turn|16\n|\n|t:|1662911975\n|move|p2a: Klefki|Spikes|p1a: Ferrothorn\n|-sidestart|p1: Navys_1|Spikes\n|move|p1a: Ferrothorn|Spikes|p2a: Klefki\n|-sidestart|p2: weshbien|Spikes\n|\n|-weather|RainDance|[upkeep]\n|upkeep\n|turn|17\n|\n|t:|1662911985\n|switch|p2a: Mandibuzz|Mandibuzz, F|90\/100\n|-damage|p2a: Mandibuzz|65\/100|[from] Stealth Rock\n|move|p1a: Ferrothorn|Spikes|p2a: Mandibuzz\n|-sidestart|p2: weshbien|Spikes\n|\n|-weather|none\n|-heal|p2a: Mandibuzz|71\/100|[from] item: Leftovers\n|upkeep\n|turn|18\n|\n|t:|1662911996\n|switch|p1a: Pelipper|Pelipper, F|74\/100 brn\n|-weather|RainDance|[from] ability: Drizzle|[of] p1a: Pelipper\n|move|p2a: Mandibuzz|Block|p1a: Pelipper\n|-activate|p1a: Pelipper|trapped\n|\n|-weather|RainDance|[upkeep]\n|-heal|p2a: Mandibuzz|78\/100|[from] item: Leftovers\n|-damage|p1a: Pelipper|67\/100 brn|[from] brn\n|upkeep\n|turn|19\n|\n|t:|1662912002\n|move|p2a: Mandibuzz|Foul Play|p1a: Pelipper\n|-damage|p1a: Pelipper|53\/100 brn\n|move|p1a: Pelipper|U-turn|p2a: Mandibuzz\n|-damage|p2a: Mandibuzz|75\/100\n|\n|t:|1662912007\n|switch|p1a: Manaphy|Manaphy|100\/100|[from]move: U-turn\n|-damage|p1a: Manaphy|76\/100|[from] Spikes\n|\n|-weather|RainDance|[upkeep]\n|-heal|p2a: Mandibuzz|81\/100|[from] item: Leftovers\n|upkeep\n|turn|20\n|\n|t:|1662912018\n|switch|p2a: Banette|Banette-Mega, M|59\/100 brn\n|-damage|p2a: Banette|47\/100 brn|[from] Stealth Rock\n|-damage|p2a: Banette|30\/100 brn|[from] Spikes\n|-zpower|p1a: Manaphy\n|move|p1a: Manaphy|Hydro Vortex|p2a: Banette|[zeffect]\n|-damage|p2a: Banette|0 fnt\n|faint|p2a: Banette\n|\n|-weather|RainDance|[upkeep]\n|upkeep\n|\n|t:|1662912027\n|switch|p2a: Klefki|Klefki, M|99\/100\n|-damage|p2a: Klefki|93\/100|[from] Stealth Rock\n|-damage|p2a: Klefki|77\/100|[from] Spikes\n|turn|21\n|\n|t:|1662912032\n|move|p2a: Klefki|Defog|p1a: Manaphy\n|-unboost|p1a: Manaphy|evasion|1\n|-sideend|p1: Navys_1|Spikes|[from] move: Defog|[of] p2a: Klefki\n|-sideend|p2: weshbien|Spikes|[from] move: Defog|[of] p2a: Klefki\n|-sideend|p2: weshbien|Stealth Rock|[from] move: Defog|[of] p2a: Klefki\n|move|p1a: Manaphy|Surf|p2a: Klefki\n|-damage|p2a: Klefki|26\/100\n|\n|-weather|RainDance|[upkeep]\n|upkeep\n|turn|22\n|\n|t:|1662912038\n|move|p2a: Klefki|Spikes|p1a: Manaphy\n|-sidestart|p1: Navys_1|Spikes\n|move|p1a: Manaphy|Surf|p2a: Klefki\n|-damage|p2a: Klefki|0 fnt\n|faint|p2a: Klefki\n|\n|-weather|RainDance|[upkeep]\n|upkeep\n|\n|t:|1662912041\n|switch|p2a: Azumarill|Azumarill, M|100\/100\n|turn|23\n|\n|t:|1662912049\n|move|p1a: Manaphy|Tail Glow|p1a: Manaphy\n|-boost|p1a: Manaphy|spa|3\n|-zpower|p2a: Azumarill\n|move|p2a: Azumarill|Z-Belly Drum|p2a: Azumarill|[anim]Belly Drum\n|-damage|p2a: Azumarill|50\/100\n|-setboost|p2a: Azumarill|atk|6|[from] move: Belly Drum\n|\n|-weather|RainDance|[upkeep]\n|upkeep\n|turn|24\n|\n|t:|1662912054\n|move|p2a: Azumarill|Aqua Jet|p1a: Manaphy\n|-resisted|p1a: Manaphy\n|-damage|p1a: Manaphy|5\/100\n|move|p1a: Manaphy|Surf|p2a: Azumarill\n|-resisted|p2a: Azumarill\n|-damage|p2a: Azumarill|0 fnt\n|faint|p2a: Azumarill\n|\n|-weather|RainDance|[upkeep]\n|upkeep\n|\n|t:|1662912059\n|switch|p2a: Mandibuzz|Mandibuzz, F|81\/100\n|turn|25\n|\n|t:|1662912062\n|move|p1a: Manaphy|Ice Beam|p2a: Mandibuzz\n|-supereffective|p2a: Mandibuzz\n|-damage|p2a: Mandibuzz|0 fnt\n|faint|p2a: Mandibuzz\n|\n|win|Navys_1\n","uploadtime":1662912063,"views":14,"p1id":"navys1","p2id":"weshbien","formatid":"gen7ou","rating":0,"private":0,"password":null}