{"id":"smogtours-gen8lc-623442","p1":"SetsuStsna","p2":"agentkeval","format":"gen8lc","log":"|inactive|Battle timer is ON: inactive players will automatically lose when time's up.\n|t:|1651427922\n|gametype|singles\n|player|p1|SetsuStsna|dawn-gen4pt|\n|player|p2|agentkeval|fantina|\n|teamsize|p1|6\n|teamsize|p2|6\n|gen|8\n|tier|[Gen 8] LC\n|rule|Sleep Clause Mod: Limit one foe put to sleep\n|rule|Species Clause: Limit one of each Pok\u00e9mon\n|rule|OHKO Clause: OHKO moves are banned\n|rule|Evasion Moves Clause: Evasion moves are banned\n|rule|Endless Battle Clause: Forcing endless battles is banned\n|rule|HP Percentage Mod: HP is shown in percentages\n|rule|Dynamax Clause: You cannot dynamax\n|clearpoke\n|poke|p1|Diglett, L5, F|\n|poke|p1|Porygon, L5|\n|poke|p1|Tyrunt, L5, F|\n|poke|p1|Magby, L5, F|\n|poke|p1|Natu, L5, M|\n|poke|p1|Croagunk, L5, M|\n|poke|p2|Mienfoo, L5, F|\n|poke|p2|Natu, L5, F|\n|poke|p2|Mareanie, L5, M|\n|poke|p2|Diglett, L5, M|\n|poke|p2|Ferroseed, L5, M|\n|poke|p2|Abra, L5, M|\n|teampreview\n|c|\u2606agentkeval|tier is ass\n|c|\u2606agentkeval|hf\n|\n|t:|1651427938\n|start\n|switch|p1a: Guh??|Diglett, L5, F|100\/100\n|switch|p2a: Natu|Natu, L5, F|100\/100\n|turn|1\n|\n|t:|1651427945\n|switch|p1a: \ud83d\uddff|Natu, L5, M|100\/100\n|move|p2a: Natu|Roost||[still]\n|-fail|p2a: Natu|heal\n|\n|upkeep\n|turn|2\n|\n|t:|1651427953\n|move|p2a: Natu|U-turn|p1a: \ud83d\uddff\n|-damage|p1a: \ud83d\uddff|80\/100\n|\n|t:|1651427959\n|switch|p2a: Ferroseed|Ferroseed, L5, M|100\/100|[from]move: U-turn\n|move|p1a: \ud83d\uddff|Light Screen|p1a: \ud83d\uddff\n|-sidestart|p1: SetsuStsna|move: Light Screen\n|\n|upkeep\n|turn|3\n|\n|t:|1651427969\n|switch|p2a: Mareanie|Mareanie, L5, M|100\/100\n|move|p1a: \ud83d\uddff|Reflect|p1a: \ud83d\uddff\n|-sidestart|p1: SetsuStsna|Reflect\n|\n|upkeep\n|turn|4\n|\n|t:|1651427973\n|move|p2a: Mareanie|Knock Off|p1a: \ud83d\uddff\n|-supereffective|p1a: \ud83d\uddff\n|-damage|p1a: \ud83d\uddff|50\/100\n|-enditem|p1a: \ud83d\uddff|Light Clay|[from] move: Knock Off|[of] p2a: Mareanie\n|move|p1a: \ud83d\uddff|Teleport|p1a: \ud83d\uddff\n|\n|t:|1651427981\n|switch|p1a: Guh??|Diglett, L5, F|100\/100|[from]move: Teleport\n|\n|upkeep\n|turn|5\n|\n|t:|1651427984\n|move|p1a: Guh??|Earthquake|p2a: Mareanie\n|-supereffective|p2a: Mareanie\n|-damage|p2a: Mareanie|22\/100\n|move|p2a: Mareanie|Scald|p1a: Guh??\n|-supereffective|p1a: Guh??\n|-damage|p1a: Guh??|45\/100\n|\n|upkeep\n|turn|6\n|\n|t:|1651427988\n|move|p1a: Guh??|Earthquake|p2a: Mareanie\n|-supereffective|p2a: Mareanie\n|-damage|p2a: Mareanie|0 fnt\n|faint|p2a: Mareanie\n|\n|upkeep\n|inactive|agentkeval has 270 seconds left.\n|\n|t:|1651428020\n|switch|p2a: Ferroseed|Ferroseed, L5, M|100\/100\n|turn|7\n|c|\u2606SetsuStsna|signups are up\n|c|\u2606agentkeval|i saw\n|\n|t:|1651428040\n|move|p1a: Guh??|Stealth Rock|p2a: Ferroseed\n|-sidestart|p2: agentkeval|move: Stealth Rock\n|move|p2a: Ferroseed|Thunder Wave|p1a: Guh??\n|-immune|p1a: Guh??\n|\n|upkeep\n|turn|8\n|\n|t:|1651428043\n|move|p1a: Guh??|Memento|p2a: Ferroseed\n|-unboost|p2a: Ferroseed|atk|2\n|-unboost|p2a: Ferroseed|spa|2\n|faint|p1a: Guh??\n|move|p2a: Ferroseed|Giga Drain|p1: Guh??|[notarget]\n|-fail|p2a: Ferroseed\n|\n|upkeep\n|\n|t:|1651428053\n|switch|p1a: MacDonald|Magby, L5, F|100\/100\n|turn|9\n|\n|t:|1651428062\n|move|p1a: MacDonald|Belly Drum|p1a: MacDonald\n|-damage|p1a: MacDonald|50\/100\n|-setboost|p1a: MacDonald|atk|6|[from] move: Belly Drum\n|-enditem|p1a: MacDonald|Berry Juice\n|-heal|p1a: MacDonald|100\/100|[from] item: Berry Juice\n|move|p2a: Ferroseed|Thunder Wave|p1a: MacDonald\n|-status|p1a: MacDonald|par\n|\n|-sideend|p1: SetsuStsna|move: Light Screen\n|upkeep\n|turn|10\n|\n|t:|1651428077\n|cant|p1a: MacDonald|par\n|move|p2a: Ferroseed|Knock Off|p1a: MacDonald\n|-damage|p1a: MacDonald|90\/100 par\n|\n|-sideend|p1: SetsuStsna|Reflect\n|upkeep\n|turn|11\n|\n|t:|1651428085\n|cant|p1a: MacDonald|par\n|move|p2a: Ferroseed|Spikes|p1a: MacDonald\n|-sidestart|p1: SetsuStsna|Spikes\n|\n|upkeep\n|turn|12\n|\n|t:|1651428088\n|move|p1a: MacDonald|Fire Punch|p2a: Ferroseed\n|-supereffective|p2a: Ferroseed\n|-damage|p2a: Ferroseed|0 fnt\n|-damage|p1a: MacDonald|80\/100 par|[from] ability: Iron Barbs|[of] p2a: Ferroseed\n|faint|p2a: Ferroseed\n|\n|upkeep\n|c|\u2606SetsuStsna|ayo\n|c|\u2606agentkeval|gg bro\n|\n|t:|1651428096\n|switch|p2a: Diglett|Diglett, L5, M|100\/100\n|-damage|p2a: Diglett|95\/100|[from] Stealth Rock\n|turn|13\n|\n|t:|1651428099\n|move|p1a: MacDonald|Mach Punch|p2a: Diglett\n|-damage|p2a: Diglett|0 fnt\n|faint|p2a: Diglett\n|\n|upkeep\n|c|\u2606SetsuStsna|pow\n|\n|t:|1651428104\n|switch|p2a: Mienfoo|Mienfoo, L5, F|100\/100\n|-damage|p2a: Mienfoo|96\/100|[from] Stealth Rock\n|turn|14\n|\n|t:|1651428106\n|move|p2a: Mienfoo|Fake Out|p1a: MacDonald\n|-damage|p1a: MacDonald|56\/100 par\n|cant|p1a: MacDonald|flinch\n|\n|upkeep\n|turn|15\n|c|\u2606agentkeval|!dt vital spirit\n|raw|<ul class=\"utilichart\"><li class=\"result\"><span class=\"col namecol\"><a href=\"https:\/\/dex.pokemonshowdown.com\/abilities\/vitalspirit\">Vital Spirit<\/a><\/span> <span class=\"col abilitydesccol\">This Pokemon cannot fall asleep. Gaining this Ability while asleep cures it.<\/span> <\/li><li style=\"clear:both\"><\/li><\/ul>\n|raw|<font size=\"1\"><font color=\"#686868\">Gen:<\/font> 3&nbsp;|&ThickSpace;&#10003; Ignored by Mold Breaker<\/font>\n\n|c|\u2606agentkeval|u dont got that\n|\n|t:|1651428123\n|move|p1a: MacDonald|Mach Punch|p2a: Mienfoo\n|-damage|p2a: Mienfoo|48\/100\n|move|p2a: Mienfoo|High Jump Kick|p1a: MacDonald\n|-damage|p1a: MacDonald|0 fnt\n|faint|p1a: MacDonald\n|\n|upkeep\n|c|\u2606SetsuStsna|48?\n|c|\u2606SetsuStsna|wtf\n|c|\u2606agentkeval|ass mon\n|\n|t:|1651428135\n|switch|p1a: Concern|Croagunk, L5, M|100\/100\n|-damage|p1a: Concern|91\/100|[from] Spikes\n|turn|16\n|\n|t:|1651428140\n|move|p2a: Mienfoo|Knock Off|p1a: Concern\n|-resisted|p1a: Concern\n|-damage|p1a: Concern|77\/100\n|-enditem|p1a: Concern|Eviolite|[from] move: Knock Off|[of] p2a: Mienfoo\n|move|p1a: Concern|Sludge Wave|p2a: Mienfoo\n|-crit|p2a: Mienfoo\n|-damage|p2a: Mienfoo|0 fnt\n|faint|p2a: Mienfoo\n|\n|upkeep\n|\n|t:|1651428144\n|switch|p2a: Abra|Abra, L5, M|100\/100\n|turn|17\n|\n|t:|1651428152\n|move|p1a: Concern|Vacuum Wave|p2a: Abra\n|-resisted|p2a: Abra\n|-damage|p2a: Abra|85\/100\n|move|p2a: Abra|Substitute|p2a: Abra\n|-start|p2a: Abra|Substitute\n|-damage|p2a: Abra|64\/100\n|\n|upkeep\n|turn|18\n|\n|t:|1651428156\n|move|p2a: Abra|Psychic|p1a: Concern\n|-supereffective|p1a: Concern\n|-damage|p1a: Concern|0 fnt\n|faint|p1a: Concern\n|\n|upkeep\n|\n|t:|1651428163\n|switch|p1a: BOOM!|Tyrunt, L5, F|100\/100\n|-damage|p1a: BOOM!|91\/100|[from] Spikes\n|turn|19\n|c|\u2606agentkeval|wanna see sumn\n|\n|t:|1651428172\n|-singleturn|p2a: Abra|move: Focus Punch\n|move|p1a: BOOM!|Dragon Dance|p1a: BOOM!\n|-boost|p1a: BOOM!|atk|1\n|-boost|p1a: BOOM!|spe|1\n|move|p2a: Abra|Focus Punch|p1a: BOOM!\n|-supereffective|p1a: BOOM!\n|-damage|p1a: BOOM!|37\/100\n|\n|upkeep\n|turn|20\n|c|\u2606agentkeval|yo thats crazy\n|c|\u2606agentkeval|no damage\n|\n|t:|1651428181\n|move|p1a: BOOM!|Rock Blast|p2a: Abra\n|-end|p2a: Abra|Substitute\n|-damage|p2a: Abra|11\/100\n|-damage|p2a: Abra|0 fnt\n|faint|p2a: Abra\n|-hitcount|p2: Abra|3\n|\n|upkeep\n|c|\u2606SetsuStsna|deleted\n|c|\u2606agentkeval|this tier is baddddd\n|\n|t:|1651428189\n|switch|p2a: Natu|Natu, L5, F|100\/100\n|-damage|p2a: Natu|77\/100|[from] Stealth Rock\n|turn|21\n|\n|t:|1651428192\n|move|p1a: BOOM!|Rock Blast|p2a: Natu\n|-supereffective|p2a: Natu\n|-damage|p2a: Natu|20\/100\n|-supereffective|p2a: Natu\n|-damage|p2a: Natu|0 fnt\n|faint|p2a: Natu\n|-hitcount|p2: Natu|2\n|\n|win|SetsuStsna\n","uploadtime":1651428193,"views":7,"p1id":"setsustsna","p2id":"agentkeval","formatid":"gen8lc","rating":0,"private":0,"password":null}