{"id":"smogtours-ou-262497","p1":"FLCL","p2":"Gotham Paladin","format":"ou","log":"|inactive|Battle timer is ON: inactive players will automatically lose when time's up.\n|J|FLCL\n|J|Gotham Paladin\n|player|p1|FLCL|#flcl\n|player|p2|Gotham Paladin|283\n|gametype|singles\n|gen|6\n|tier|OU\n|seed|51835,32287,36461,11880\n|clearpoke\n|poke|p1|Metagross|item\n|poke|p1|Hydreigon, F|item\n|poke|p1|Clefable, M|item\n|poke|p1|Rotom-Wash|item\n|poke|p1|Tornadus-Therian, M|item\n|poke|p1|Garchomp, M|item\n|poke|p2|Kyurem-Black|item\n|poke|p2|Landorus-Therian, M|item\n|poke|p2|Klefki, M|item\n|poke|p2|Starmie|item\n|poke|p2|Scizor, M|item\n|poke|p2|Keldeo-Resolute|item\n|rule|Swagger Clause: Swagger is banned\n|rule|Baton Pass Clause: Limit one Baton Passer, can't pass Spe and other stats simultaneously\n|rule|Sleep Clause Mod: Limit one foe put to sleep\n|rule|Species Clause: Limit one of each Pok\u00e9mon\n|rule|OHKO Clause: OHKO moves are banned\n|rule|Moody Clause: Moody is banned\n|rule|Evasion Moves Clause: Evasion moves are banned\n|rule|Endless Battle Clause: Forcing endless battles is banned\n|rule|HP Percentage Mod: HP is shown in percentages\n|teampreview\n|c|\u2606Gotham Paladin|hf\n|c|\u2606FLCL|gl\n|J|Le Kappuccione\n|J|WECAMEASROMANS\n|J|Vai Lusa\n|J|R!cardo\n|J|Lcans....\n|J|SOULWIND\u262d\n|J|dodmen\n|J|kratosmana\n|J|ict\n|J|Flaress\n|J|Syndra Player\n|choice|team 2, team 1, team 3, team 4, team 5, team 6|team 1, team 2, team 3, team 4, team 5, team 6\n|\n|start\n|switch|p1a: Hydreigon|Hydreigon, F|325\/325\n|switch|p2a: Kyurem|Kyurem-Black|392\/392\n|-ability|p2a: Kyurem|Teravolt\n|turn|1\n|choice|switch 2|switch 3\n|\n|switch|p1a: Metagross|Metagross|301\/301\n|switch|p2a: Klefki|Klefki, M|318\/318\n|\n|upkeep\n|turn|2\n|c|+ict|dubdubdubduby\n|choice|move meteormash mega|move spikes\n|\n|detailschange|p1a: Metagross|Metagross-Mega\n|-mega|p1a: Metagross|Metagross|Metagrossite\n|move|p2a: Klefki|Spikes|p1a: Metagross\n|-sidestart|p1: FLCL|Spikes\n|move|p1a: Metagross|Meteor Mash|p2a: Klefki|[miss]\n|-miss|p1a: Metagross|p2a: Klefki\n|\n|upkeep\n|turn|3\n|J|iloveleague (\n|choice|move meteormash|move thunderwave\n|\n|move|p2a: Klefki|Thunder Wave|p1a: Metagross\n|-status|p1a: Metagross|par\n|move|p1a: Metagross|Meteor Mash|p2a: Klefki\n|-damage|p2a: Klefki|77\/318\n|\n|-heal|p2a: Klefki|96\/318|[from] item: Leftovers\n|upkeep\n|turn|4\n|J|Dread Arceus\n|choice|move meteormash|switch 4\n|\n|switch|p2a: Starmie|Starmie|324\/324\n|cant|p1a: Metagross|par\n|\n|upkeep\n|turn|5\n|choice|move thunderpunch|move scald\n|\n|move|p2a: Starmie|Scald|p1a: Metagross\n|-damage|p1a: Metagross|211\/301 par\n|move|p1a: Metagross|Thunder Punch|p2a: Starmie\n|-supereffective|p2a: Starmie\n|-damage|p2a: Starmie|54\/324\n|\n|-heal|p2a: Starmie|74\/324|[from] item: Leftovers\n|upkeep\n|turn|6\n|choice|move icepunch|move recover\n|\n|move|p2a: Starmie|Recover|p2a: Starmie\n|-heal|p2a: Starmie|236\/324\n|move|p1a: Metagross|Ice Punch|p2a: Starmie\n|-resisted|p2a: Starmie\n|-damage|p2a: Starmie|160\/324\n|\n|-heal|p2a: Starmie|180\/324|[from] item: Leftovers\n|upkeep\n|turn|7\n|L|Le Kappuccione\n|choice|move icepunch|switch 2\n|\n|switch|p2a: Landorus|Landorus-Therian, M|382\/382\n|-ability|p2a: Landorus|Intimidate|boost\n|-unboost|p1a: Metagross|atk|1\n|move|p1a: Metagross|Ice Punch|p2a: Landorus\n|-supereffective|p2a: Landorus\n|-damage|p2a: Landorus|138\/382\n|-damage|p1a: Metagross|161\/301 par|[from] item: Rocky Helmet|[of] p2a: Landorus\n|\n|upkeep\n|turn|8\n|choice|switch 5|move stealthrock\n|\n|switch|p1a: Tornadus|Tornadus-Therian, M|361\/361\n|move|p2a: Landorus|Stealth Rock|p1a: Tornadus\n|-sidestart|p1: FLCL|move: Stealth Rock\n|\n|upkeep\n|turn|9\n|choice|move hurricane|move stoneedge\n|\n|move|p1a: Tornadus|Hurricane|p2a: Landorus\n|-damage|p2a: Landorus|0 fnt\n|faint|p2a: Landorus\n|\n|upkeep\n|choice||switch 3\n|\n|switch|p2a: Kyurem|Kyurem-Black|392\/392\n|-ability|p2a: Kyurem|Teravolt\n|turn|10\n|L|iloveleague (\n|L|Flaress\n|choice|switch 5|move ironhead\n|\n|switch|p1a: Metagross|Metagross-Mega|161\/301 par\n|-damage|p1a: Metagross|124\/301 par|[from] Spikes\n|-damage|p1a: Metagross|106\/301 par|[from] Stealth Rock\n|move|p2a: Kyurem|Iron Head|p1a: Metagross\n|-resisted|p1a: Metagross\n|-damage|p1a: Metagross|39\/301 par\n|\n|upkeep\n|turn|11\n|J|Pohjis\n|choice|switch 4|move ironhead\n|\n|switch|p1a: Rotom|Rotom-Wash|303\/303\n|-damage|p1a: Rotom|266\/303|[from] Stealth Rock\n|move|p2a: Kyurem|Iron Head|p1a: Rotom\n|-resisted|p1a: Rotom\n|-damage|p1a: Rotom|233\/303\n|\n|-heal|p1a: Rotom|251\/303|[from] item: Leftovers\n|upkeep\n|turn|12\n|choice|move willowisp|switch 4\n|\n|switch|p2a: Klefki|Klefki, M|96\/318\n|move|p1a: Rotom|Will-O-Wisp|p2a: Klefki\n|-status|p2a: Klefki|brn\n|\n|-heal|p1a: Rotom|269\/303|[from] item: Leftovers\n|-heal|p2a: Klefki|115\/318 brn|[from] item: Leftovers\n|-damage|p2a: Klefki|76\/318 brn|[from] brn\n|upkeep\n|turn|13\n|choice|move hydropump|move toxic\n|\n|move|p2a: Klefki|Toxic|p1a: Rotom|[miss]\n|-miss|p2a: Klefki|p1a: Rotom\n|move|p1a: Rotom|Hydro Pump|p2a: Klefki\n|-damage|p2a: Klefki|0 fnt\n|faint|p2a: Klefki\n|\n|-heal|p1a: Rotom|287\/303|[from] item: Leftovers\n|upkeep\n|choice||switch 4\n|\n|switch|p2a: Kyurem|Kyurem-Black|392\/392\n|-ability|p2a: Kyurem|Teravolt\n|turn|14\n|choice|switch 4|move ironhead\n|\n|switch|p1a: Metagross|Metagross-Mega|39\/301 par\n|-damage|p1a: Metagross|2\/301 par|[from] Spikes\n|-damage|p1a: Metagross|0 fnt|[from] Stealth Rock\n|faint|p1a: Metagross\n|move|p2a: Kyurem|Iron Head|p1: Metagross|[notarget]\n|-notarget\n|\n|upkeep\n|choice|switch 4|\n|\n|switch|p1a: Rotom|Rotom-Wash|287\/303\n|-damage|p1a: Rotom|250\/303|[from] Stealth Rock\n|turn|15\n|choice|move voltswitch|switch 2\n|\n|switch|p2a: Starmie|Starmie|180\/324\n|move|p1a: Rotom|Volt Switch|p2a: Starmie\n|-supereffective|p2a: Starmie\n|-damage|p2a: Starmie|0 fnt\n|faint|p2a: Starmie\n|choice|switch 5|\n|\n|switch|p1a: Tornadus|Tornadus-Therian, M|361\/361\n|-damage|p1a: Tornadus|271\/361|[from] Stealth Rock\n|\n|upkeep\n|choice||switch 2\n|\n|switch|p2a: Kyurem|Kyurem-Black|392\/392\n|-ability|p2a: Kyurem|Teravolt\n|turn|16\n|choice|move uturn|move dragonclaw\n|\n|move|p1a: Tornadus|U-turn|p2a: Kyurem\n|-damage|p2a: Kyurem|344\/392\n|choice|switch 6|\n|\n|switch|p1a: Garchomp|Garchomp, M|357\/357\n|-damage|p1a: Garchomp|335\/357|[from] Stealth Rock\n|-damage|p1a: Garchomp|291\/357|[from] Spikes\n|move|p2a: Kyurem|Dragon Claw|p1a: Garchomp\n|-supereffective|p1a: Garchomp\n|-damage|p1a: Garchomp|0 fnt\n|-damage|p2a: Kyurem|295\/392|[from] ability: Rough Skin|[of] p1a: Garchomp\n|faint|p1a: Garchomp\n|\n|upkeep\n|choice|switch 3|\n|\n|switch|p1a: Clefable|Clefable, M|394\/394\n|turn|17\n|choice|move moonblast|switch 6\n|\n|switch|p2a: Keldeo|Keldeo-Resolute|323\/323\n|move|p1a: Clefable|Moonblast|p2a: Keldeo\n|-supereffective|p2a: Keldeo\n|-crit|p2a: Keldeo\n|-damage|p2a: Keldeo|0 fnt\n|faint|p2a: Keldeo\n|\n|upkeep\n|choice||switch 5\n|\n|switch|p2a: Scizor|Scizor, M|282\/282\n|turn|18\n|choice|switch 5|move swordsdance mega\n|\n|switch|p1a: Rotom|Rotom-Wash|250\/303\n|-damage|p1a: Rotom|213\/303|[from] Stealth Rock\n|detailschange|p2a: Scizor|Scizor-Mega, M\n|-mega|p2a: Scizor|Scizor|Scizorite\n|move|p2a: Scizor|Swords Dance|p2a: Scizor\n|-boost|p2a: Scizor|atk|2\n|\n|-heal|p1a: Rotom|231\/303|[from] item: Leftovers\n|upkeep\n|turn|19\n|choice|move willowisp|move bugbite\n|\n|move|p2a: Scizor|Bug Bite|p1a: Rotom\n|-damage|p1a: Rotom|0 fnt\n|faint|p1a: Rotom\n|\n|upkeep\n|choice|switch 2|\n|\n|switch|p1a: Hydreigon|Hydreigon, F|325\/325\n|-damage|p1a: Hydreigon|285\/325|[from] Stealth Rock\n|turn|20\n|choice|move flamethrower|move bulletpunch\n|\n|move|p2a: Scizor|Bullet Punch|p1a: Hydreigon\n|-damage|p1a: Hydreigon|12\/325\n|move|p1a: Hydreigon|Flamethrower|p2a: Scizor\n|-supereffective|p2a: Scizor\n|-damage|p2a: Scizor|0 fnt\n|faint|p2a: Scizor\n|\n|upkeep\n|choice||switch 6\n|\n|switch|p2a: Kyurem|Kyurem-Black|295\/392\n|-ability|p2a: Kyurem|Teravolt\n|turn|21\n|choice|move flamethrower|move ironhead\n|\n|move|p1a: Hydreigon|Flamethrower|p2a: Kyurem\n|-damage|p2a: Kyurem|118\/392\n|-status|p2a: Kyurem|brn\n|move|p2a: Kyurem|Iron Head|p1a: Hydreigon\n|-damage|p1a: Hydreigon|0 fnt\n|faint|p1a: Hydreigon\n|\n|-damage|p2a: Kyurem|69\/392 brn|[from] brn\n|upkeep\n|choice|switch 6|\n|\n|switch|p1a: Tornadus|Tornadus-Therian, M|361\/361\n|-damage|p1a: Tornadus|271\/361|[from] Stealth Rock\n|turn|22\n|choice|move knockoff|move ironhead\n|\n|move|p1a: Tornadus|Knock Off|p2a: Kyurem\n|-damage|p2a: Kyurem|0 fnt\n|-enditem|p2a: Kyurem|Choice Band|[from] move: Knock Off|[of] p1a: Tornadus\n|faint|p2a: Kyurem\n|\n|win|FLCL","inputlog":null,"uploadtime":1490475909,"views":6,"p1id":"flcl","p2id":"gothampaladin","formatid":"ou","rating":0,"private":0,"password":null}