{"id":"smogtours-gen7ou-652279","p1":"Antonazz","p2":"Mimikyu Stardust","format":"gen7ou","log":"|inactive|Battle timer is ON: inactive players will automatically lose when time's up.\n|t:|1664723572\n|gametype|singles\n|player|p1|Antonazz|palmer|\n|player|p2|Mimikyu Stardust|#mimikyustardust|\n|teamsize|p1|6\n|teamsize|p2|6\n|gen|7\n|tier|[Gen 7] OU\n|rule|Sleep Clause Mod: Limit one foe put to sleep\n|rule|Species Clause: Limit one of each Pok\u00e9mon\n|rule|OHKO Clause: OHKO moves are banned\n|rule|Moody Clause: Moody is banned\n|rule|Evasion Items Clause: Evasion items are banned\n|rule|Evasion Moves Clause: Evasion moves are banned\n|rule|Endless Battle Clause: Forcing endless battles is banned\n|rule|HP Percentage Mod: HP is shown in percentages\n|clearpoke\n|poke|p1|Greninja, M|item\n|poke|p1|Landorus-Therian, M|item\n|poke|p1|Lopunny, F|item\n|poke|p1|Zapdos|item\n|poke|p1|Garchomp, F|item\n|poke|p1|Magearna|item\n|poke|p2|Greninja, F|item\n|poke|p2|Skarmory, F|item\n|poke|p2|Tapu Lele|item\n|poke|p2|Alakazam, F|item\n|poke|p2|Kartana|item\n|poke|p2|Hawlucha, F|item\n|teampreview\n|c|\u2606Mimikyu Stardust|hf\n|c|\u2606Antonazz|hf\n|inactive|Antonazz has 270 seconds left.\n|\n|t:|1664723615\n|start\n|switch|p1a: Landorus|Landorus-Therian, M|100\/100\n|switch|p2a: Skarmory|Skarmory, F|100\/100\n|-ability|p1a: Landorus|Intimidate|boost\n|-unboost|p2a: Skarmory|atk|1\n|turn|1\n|\n|t:|1664723627\n|move|p1a: Landorus|U-turn|p2a: Skarmory\n|-resisted|p2a: Skarmory\n|-damage|p2a: Skarmory|94\/100\n|\n|t:|1664723633\n|switch|p1a: Zapdos|Zapdos|100\/100|[from]move: U-turn\n|move|p2a: Skarmory|Stealth Rock|p1a: Zapdos\n|-sidestart|p1: Antonazz|move: Stealth Rock\n|\n|upkeep\n|turn|2\n|\n|t:|1664723647\n|move|p2a: Skarmory|Taunt|p1a: Zapdos\n|-start|p1a: Zapdos|move: Taunt\n|move|p1a: Zapdos|Discharge|p2a: Skarmory\n|-supereffective|p2a: Skarmory\n|-damage|p2a: Skarmory|0 fnt\n|faint|p2a: Skarmory\n|\n|upkeep\n|\n|t:|1664723650\n|switch|p2a: Tapu Lele|Tapu Lele|100\/100\n|-fieldstart|move: Psychic Terrain|[from] ability: Psychic Surge|[of] p2a: Tapu Lele\n|turn|3\n|\n|t:|1664723658\n|switch|p1a: Magearna|Magearna|100\/100\n|-damage|p1a: Magearna|94\/100|[from] Stealth Rock\n|move|p2a: Tapu Lele|Psyshock|p1a: Magearna\n|-resisted|p1a: Magearna\n|-damage|p1a: Magearna|65\/100\n|\n|upkeep\n|turn|4\n|\n|t:|1664723664\n|move|p2a: Tapu Lele|Psyshock|p1a: Magearna\n|-resisted|p1a: Magearna\n|-damage|p1a: Magearna|37\/100\n|move|p1a: Magearna|Fleur Cannon|p2a: Tapu Lele\n|-damage|p2a: Tapu Lele|38\/100\n|-unboost|p1a: Magearna|spa|2\n|\n|upkeep\n|turn|5\n|inactive|Antonazz has 270 seconds left.\n|\n|t:|1664723697\n|move|p2a: Tapu Lele|Moonblast|p1a: Magearna\n|-resisted|p1a: Magearna\n|-damage|p1a: Magearna|25\/100\n|move|p1a: Magearna|Fleur Cannon|p2a: Tapu Lele\n|-damage|p2a: Tapu Lele|9\/100\n|-unboost|p1a: Magearna|spa|2\n|\n|upkeep\n|turn|6\n|inactive|Antonazz has 270 seconds left.\n|\n|t:|1664723721\n|move|p2a: Tapu Lele|Psyshock|p1a: Magearna\n|-resisted|p1a: Magearna\n|-damage|p1a: Magearna|0 fnt\n|faint|p1a: Magearna\n|\n|upkeep\n|\n|t:|1664723734\n|switch|p1a: Lopunny|Lopunny, F|100\/100\n|-damage|p1a: Lopunny|88\/100|[from] Stealth Rock\n|turn|7\n|\n|t:|1664723750\n|detailschange|p1a: Lopunny|Lopunny-Mega, F\n|-mega|p1a: Lopunny|Lopunny|Lopunnite\n|move|p1a: Lopunny|Return|p2a: Tapu Lele\n|-damage|p2a: Tapu Lele|0 fnt\n|faint|p2a: Tapu Lele\n|\n|upkeep\n|\n|t:|1664723768\n|switch|p2a: Alakazam|Alakazam, F|100\/100\n|turn|8\n|inactive|Antonazz has 270 seconds left.\n|\n|t:|1664723792\n|switch|p1a: Greninja|Greninja, M|100\/100\n|-damage|p1a: Greninja|88\/100|[from] Stealth Rock\n|detailschange|p2a: Alakazam|Alakazam-Mega, F\n|-mega|p2a: Alakazam|Alakazam|Alakazite\n|move|p2a: Alakazam|Psychic|p1a: Greninja\n|-immune|p1a: Greninja\n|\n|upkeep\n|turn|9\n|\n|t:|1664723805\n|switch|p1a: Landorus|Landorus-Therian, M|100\/100\n|-ability|p2a: Alakazam|Intimidate|[from] ability: Trace|[of] p1a: Landorus\n|-ability|p2a: Alakazam|Intimidate|boost\n|-unboost|p1a: Landorus|atk|1\n|-damage|p1a: Landorus|88\/100|[from] Stealth Rock\n|-ability|p1a: Landorus|Intimidate|boost\n|-unboost|p2a: Alakazam|atk|1\n|move|p2a: Alakazam|Focus Blast|p1a: Landorus|[miss]\n|-miss|p2a: Alakazam|p1a: Landorus\n|\n|upkeep\n|turn|10\n|\n|t:|1664723809\n|move|p1a: Landorus|U-turn|p2a: Alakazam\n|-supereffective|p2a: Alakazam\n|-damage|p2a: Alakazam|28\/100\n|inactive|Antonazz has 270 seconds left.\n|inactive|Antonazz has 240 seconds left.\n|\n|t:|1664723849\n|switch|p1a: Greninja|Greninja, M|88\/100|[from]move: U-turn\n|-damage|p1a: Greninja|76\/100|[from] Stealth Rock\n|move|p2a: Alakazam|Psychic|p1a: Greninja\n|-immune|p1a: Greninja\n|\n|-fieldend|move: Psychic Terrain\n|upkeep\n|turn|11\n|\n|t:|1664723855\n|move|p1a: Greninja|Water Shuriken|p2a: Alakazam\n|-crit|p2a: Alakazam\n|-damage|p2a: Alakazam|10\/100\n|-damage|p2a: Alakazam|0 fnt\n|faint|p2a: Alakazam\n|-activate|p1a: Greninja|ability: Battle Bond\n|detailschange|p1a: Greninja|Greninja-Ash, M\n|-hitcount|p2: Alakazam|2\n|\n|upkeep\n|\n|t:|1664723877\n|switch|p2a: Hawlucha|Hawlucha, F|100\/100\n|turn|12\n|\n|t:|1664723885\n|move|p1a: Greninja|Water Shuriken|p2a: Hawlucha\n|-damage|p2a: Hawlucha|70\/100\n|-damage|p2a: Hawlucha|42\/100\n|-damage|p2a: Hawlucha|12\/100\n|-hitcount|p2a: Hawlucha|3\n|move|p2a: Hawlucha|High Jump Kick|p1a: Greninja\n|-supereffective|p1a: Greninja\n|-damage|p1a: Greninja|0 fnt\n|faint|p1a: Greninja\n|\n|upkeep\n|\n|t:|1664723898\n|switch|p1a: Lopunny|Lopunny-Mega, F|88\/100\n|-damage|p1a: Lopunny|82\/100|[from] Stealth Rock\n|turn|13\n|\n|t:|1664723901\n|move|p1a: Lopunny|Fake Out|p2a: Hawlucha\n|-damage|p2a: Hawlucha|0 fnt\n|faint|p2a: Hawlucha\n|\n|upkeep\n|\n|t:|1664723905\n|switch|p2a: Kartana|Kartana|100\/100\n|turn|14\n|inactive|Antonazz has 270 seconds left.\n|\n|t:|1664723910\n|switch|p2a: Greninja|Greninja, F|100\/100\n|switch|p1a: Garchomp|Garchomp, F|100\/100\n|-damage|p1a: Garchomp|94\/100|[from] Stealth Rock\n|\n|upkeep\n|turn|15\n|\n|t:|1664723919\n|-zpower|p2a: Greninja\n|move|p2a: Greninja|Z-Happy Hour|p2a: Greninja|[anim]Happy Hour\n|-boost|p2a: Greninja|atk|1|[zeffect]\n|-boost|p2a: Greninja|def|1|[zeffect]\n|-boost|p2a: Greninja|spa|1|[zeffect]\n|-boost|p2a: Greninja|spd|1|[zeffect]\n|-boost|p2a: Greninja|spe|1|[zeffect]\n|-start|p2a: Greninja|typechange|Normal|[from] ability: Protean\n|-zpower|p1a: Garchomp\n|move|p1a: Garchomp|Continental Crush|p2a: Greninja|[zeffect]\n|-damage|p2a: Greninja|25\/100\n|\n|upkeep\n|turn|16\n|\n|t:|1664723926\n|move|p2a: Greninja|Hydro Pump|p1a: Garchomp\n|-start|p2a: Greninja|typechange|Water|[from] ability: Protean\n|-damage|p1a: Garchomp|16\/100\n|move|p1a: Garchomp|Earthquake|p2a: Greninja\n|-damage|p2a: Greninja|0 fnt\n|faint|p2a: Greninja\n|\n|upkeep\n|\n|t:|1664723931\n|switch|p2a: Kartana|Kartana|100\/100\n|turn|17\n|\n|t:|1664723939\n|move|p2a: Kartana|Leaf Blade|p1a: Garchomp\n|-damage|p1a: Garchomp|0 fnt\n|-damage|p2a: Kartana|88\/100|[from] ability: Rough Skin|[of] p1a: Garchomp\n|faint|p1a: Garchomp\n|-ability|p2a: Kartana|Beast Boost|boost\n|-boost|p2a: Kartana|atk|1\n|\n|upkeep\n|\n|t:|1664723950\n|switch|p1a: Zapdos|Zapdos|100\/100\n|-damage|p1a: Zapdos|76\/100|[from] Stealth Rock\n|turn|18\n|\n|t:|1664723952\n|move|p2a: Kartana|Leaf Blade|p1a: Zapdos\n|-resisted|p1a: Zapdos\n|-damage|p1a: Zapdos|40\/100\n|-damage|p2a: Kartana|72\/100|[from] item: Rocky Helmet|[of] p1a: Zapdos\n|-status|p2a: Kartana|par|[from] ability: Static|[of] p1a: Zapdos\n|move|p1a: Zapdos|Heat Wave|p2a: Kartana\n|-supereffective|p2a: Kartana\n|-damage|p2a: Kartana|0 fnt\n|faint|p2a: Kartana\n|\n|win|Antonazz\n|c|\u2606Mimikyu Stardust|gg\n|c|\u2606Antonazz|gg\n|player|p2|Mimikyu Stardust|#mimikyustardust\n","uploadtime":1664723953,"views":16,"p1id":"antonazz","p2id":"mimikyustardust","formatid":"gen7ou","rating":0,"private":0,"password":null}