{"id":"smogtours-gen8ou-552915","p1":"ABYSSAL RUINS","p2":"DiameterXtreme","format":"gen8ou","log":"|inactive|Battle timer is ON: inactive players will automatically lose when time's up.\n|t:|1617401482\n|player|p1|ABYSSAL RUINS|skier-gen2|\n|player|p2|DiameterXtreme|jasmine-gen2|\n|teamsize|p1|6\n|teamsize|p2|6\n|gametype|singles\n|gen|8\n|tier|[Gen 8] OU\n|clearpoke\n|poke|p1|Zeraora|\n|poke|p1|Kyurem|\n|poke|p1|Dragonite, M|\n|poke|p1|Clefable, F|\n|poke|p1|Corviknight, F|\n|poke|p1|Mamoswine, F|\n|poke|p2|Salamence, M|\n|poke|p2|Clefable, F|\n|poke|p2|Weavile, M|\n|poke|p2|Ferrothorn, F|\n|poke|p2|Tapu Koko|\n|poke|p2|Hippowdon, M|\n|rule|Sleep Clause Mod: Limit one foe put to sleep\n|rule|Species Clause: Limit one of each Pok\u00e9mon\n|rule|OHKO Clause: OHKO moves are banned\n|rule|Evasion Moves Clause: Evasion moves are banned\n|rule|Endless Battle Clause: Forcing endless battles is banned\n|rule|HP Percentage Mod: HP is shown in percentages\n|rule|Dynamax Clause: You cannot dynamax\n|teampreview\n|c|\u2606DiameterXtreme|hf\n|c|\u2606ABYSSAL RUINS|U2 Homie\n|c|+My Grein|VAMOS KIIII\n|inactive|ABYSSAL RUINS has 270 seconds left.\n|inactive|DiameterXtreme has 270 seconds left.\n|\n|t:|1617401538\n|start\n|switch|p1a: starry a real one|Kyurem|100\/100\n|switch|p2a: Ferrothorn|Ferrothorn, F|100\/100\n|-ability|p1a: starry a real one|Pressure\n|turn|1\n|\n|t:|1617401555\n|move|p1a: starry a real one|Substitute|p1a: starry a real one\n|-start|p1a: starry a real one|Substitute\n|-damage|p1a: starry a real one|76\/100\n|move|p2a: Ferrothorn|Leech Seed||[still]\n|-fail|p2a: Ferrothorn\n|\n|upkeep\n|turn|2\n|\n|t:|1617401559\n|move|p1a: starry a real one|Freeze-Dry|p2a: Ferrothorn\n|-damage|p2a: Ferrothorn|80\/100\n|move|p2a: Ferrothorn|Knock Off|p1a: starry a real one\n|-activate|p1a: starry a real one|move: Substitute|[damage]\n|\n|-heal|p2a: Ferrothorn|86\/100|[from] item: Leftovers\n|upkeep\n|turn|3\n|\n|t:|1617401563\n|move|p1a: starry a real one|Freeze-Dry|p2a: Ferrothorn\n|-crit|p2a: Ferrothorn\n|-damage|p2a: Ferrothorn|51\/100\n|move|p2a: Ferrothorn|Knock Off|p1a: starry a real one\n|-end|p1a: starry a real one|Substitute\n|\n|-heal|p2a: Ferrothorn|57\/100|[from] item: Leftovers\n|upkeep\n|turn|4\n|\n|t:|1617401578\n|switch|p2a: Weavile|Weavile, M|100\/100\n|move|p1a: starry a real one|Substitute|p1a: starry a real one\n|-start|p1a: starry a real one|Substitute\n|-damage|p1a: starry a real one|51\/100\n|\n|upkeep\n|turn|5\n|\n|t:|1617401586\n|move|p2a: Weavile|Swords Dance|p2a: Weavile\n|-boost|p2a: Weavile|atk|2\n|move|p1a: starry a real one|Roost|p1a: starry a real one\n|-heal|p1a: starry a real one|100\/100\n|-singleturn|p1a: starry a real one|move: Roost\n|\n|upkeep\n|turn|6\n|\n|t:|1617401593\n|move|p2a: Weavile|Triple Axel|p1a: starry a real one|[miss]\n|-miss|p2a: Weavile|p1a: starry a real one\n|move|p1a: starry a real one|Earth Power|p2a: Weavile\n|-damage|p2a: Weavile|62\/100\n|\n|upkeep\n|turn|7\n|\n|t:|1617401595\n|move|p2a: Weavile|Triple Axel|p1a: starry a real one\n|-activate|p1a: starry a real one|move: Substitute|[damage]\n|-end|p1a: starry a real one|Substitute\n|-crit|p1a: starry a real one\n|-damage|p1a: starry a real one|26\/100\n|-hitcount|p1a: starry a real one|3\n|move|p1a: starry a real one|Earth Power|p2a: Weavile\n|-damage|p2a: Weavile|24\/100\n|\n|upkeep\n|turn|8\n|\n|t:|1617401611\n|move|p2a: Weavile|Knock Off|p1a: starry a real one\n|-damage|p1a: starry a real one|0 fnt\n|-enditem|p1a: starry a real one|Heavy-Duty Boots|[from] move: Knock Off|[of] p2a: Weavile\n|faint|p1a: starry a real one\n|\n|upkeep\n|\n|t:|1617401619\n|switch|p1a: suck off starry|Mamoswine, F|100\/100\n|turn|9\n|inactive|DiameterXtreme has 270 seconds left.\n|\n|t:|1617401649\n|move|p1a: suck off starry|Ice Shard|p2a: Weavile\n|-resisted|p2a: Weavile\n|-damage|p2a: Weavile|0 fnt\n|faint|p2a: Weavile\n|\n|upkeep\n|\n|t:|1617401653\n|switch|p2a: Ferrothorn|Ferrothorn, F|57\/100\n|turn|10\n|\n|t:|1617401668\n|switch|p1a: starry loves me|Clefable, F|100\/100\n|move|p2a: Ferrothorn|Leech Seed|p1a: starry loves me\n|-start|p1a: starry loves me|move: Leech Seed\n|\n|-heal|p2a: Ferrothorn|63\/100|[from] item: Leftovers\n|upkeep\n|turn|11\n|\n|t:|1617401676\n|switch|p2a: Hippowdon|Hippowdon, M|100\/100\n|-weather|Sandstorm|[from] ability: Sand Stream|[of] p2a: Hippowdon\n|move|p1a: starry loves me|Stealth Rock|p2a: Hippowdon\n|-sidestart|p2: DiameterXtreme|move: Stealth Rock\n|\n|-weather|Sandstorm|[upkeep]\n|upkeep\n|turn|12\n|\n|t:|1617401679\n|switch|p1a: suck off starry|Mamoswine, F|100\/100\n|move|p2a: Hippowdon|Stealth Rock|p1a: suck off starry\n|-sidestart|p1: ABYSSAL RUINS|move: Stealth Rock\n|\n|-weather|Sandstorm|[upkeep]\n|upkeep\n|turn|13\n|\n|t:|1617401683\n|move|p1a: suck off starry|Icicle Crash|p2a: Hippowdon\n|-supereffective|p2a: Hippowdon\n|-damage|p2a: Hippowdon|6\/100\n|move|p2a: Hippowdon|Toxic|p1a: suck off starry\n|-status|p1a: suck off starry|tox\n|\n|-weather|Sandstorm|[upkeep]\n|-heal|p2a: Hippowdon|12\/100|[from] item: Leftovers\n|-damage|p1a: suck off starry|94\/100 tox|[from] psn\n|upkeep\n|turn|14\n|\n|t:|1617401687\n|move|p1a: suck off starry|Icicle Crash|p2a: Hippowdon\n|-supereffective|p2a: Hippowdon\n|-damage|p2a: Hippowdon|0 fnt\n|faint|p2a: Hippowdon\n|\n|-weather|Sandstorm|[upkeep]\n|-damage|p1a: suck off starry|82\/100 tox|[from] psn\n|upkeep\n|\n|t:|1617401692\n|switch|p2a: Tapu Koko|Tapu Koko, shiny|100\/100\n|-fieldstart|move: Electric Terrain|[from] ability: Electric Surge|[of] p2a: Tapu Koko\n|turn|15\n|\n|t:|1617401695\n|switch|p1a: starry loves me|Clefable, F|100\/100\n|move|p2a: Tapu Koko|Dazzling Gleam|p1a: starry loves me\n|-damage|p1a: starry loves me|75\/100\n|\n|-weather|none\n|-heal|p1a: starry loves me|81\/100|[from] item: Leftovers\n|upkeep\n|turn|16\n|\n|t:|1617401699\n|move|p2a: Tapu Koko|Thunderbolt|p1a: starry loves me\n|-damage|p1a: starry loves me|42\/100\n|move|p1a: starry loves me|Moonblast|p2a: Tapu Koko\n|-damage|p2a: Tapu Koko|48\/100\n|\n|-heal|p1a: starry loves me|48\/100|[from] item: Leftovers\n|upkeep\n|turn|17\n|\n|t:|1617401702\n|move|p2a: Tapu Koko|Roost|p2a: Tapu Koko\n|-heal|p2a: Tapu Koko|98\/100\n|-singleturn|p2a: Tapu Koko|move: Roost\n|move|p1a: starry loves me|Soft-Boiled|p1a: starry loves me\n|-heal|p1a: starry loves me|98\/100\n|\n|-heal|p1a: starry loves me|100\/100|[from] item: Leftovers\n|upkeep\n|turn|18\n|\n|t:|1617401704\n|move|p2a: Tapu Koko|U-turn|p1a: starry loves me\n|-resisted|p1a: starry loves me\n|-damage|p1a: starry loves me|93\/100\n|\n|t:|1617401705\n|switch|p2a: Clefable|Clefable, F|100\/100|[from]move: U-turn\n|move|p1a: starry loves me|Moonblast|p2a: Clefable\n|-damage|p2a: Clefable|69\/100\n|\n|-heal|p1a: starry loves me|99\/100|[from] item: Leftovers\n|upkeep\n|turn|19\n|\n|t:|1617401709\n|move|p1a: starry loves me|Moonblast|p2a: Clefable\n|-damage|p2a: Clefable|41\/100\n|-unboost|p2a: Clefable|spa|1\n|move|p2a: Clefable|Soft-Boiled|p2a: Clefable\n|-heal|p2a: Clefable|91\/100\n|\n|-heal|p1a: starry loves me|100\/100|[from] item: Leftovers\n|-fieldend|move: Electric Terrain\n|upkeep\n|turn|20\n|\n|t:|1617401713\n|switch|p2a: Ferrothorn|Ferrothorn, F|63\/100\n|-damage|p2a: Ferrothorn|57\/100|[from] Stealth Rock\n|move|p1a: starry loves me|Moonblast|p2a: Ferrothorn\n|-resisted|p2a: Ferrothorn\n|-damage|p2a: Ferrothorn|46\/100\n|-unboost|p2a: Ferrothorn|spa|1\n|\n|-heal|p2a: Ferrothorn|52\/100|[from] item: Leftovers\n|upkeep\n|turn|21\n|\n|t:|1617401720\n|move|p1a: starry loves me|Moonblast|p2a: Ferrothorn\n|-resisted|p2a: Ferrothorn\n|-damage|p2a: Ferrothorn|41\/100\n|-unboost|p2a: Ferrothorn|spa|1\n|move|p2a: Ferrothorn|Knock Off|p1a: starry loves me\n|-resisted|p1a: starry loves me\n|-damage|p1a: starry loves me|90\/100\n|-enditem|p1a: starry loves me|Leftovers|[from] move: Knock Off|[of] p2a: Ferrothorn\n|\n|-heal|p2a: Ferrothorn|48\/100|[from] item: Leftovers\n|upkeep\n|turn|22\n|\n|t:|1617401724\n|switch|p2a: Clefable|Clefable, F|91\/100\n|move|p1a: starry loves me|Moonblast|p2a: Clefable\n|-damage|p2a: Clefable|63\/100\n|-unboost|p2a: Clefable|spa|1\n|\n|upkeep\n|turn|23\n|\n|t:|1617401729\n|move|p1a: starry loves me|Moonblast|p2a: Clefable\n|-damage|p2a: Clefable|34\/100\n|move|p2a: Clefable|Soft-Boiled|p2a: Clefable\n|-heal|p2a: Clefable|84\/100\n|\n|upkeep\n|turn|24\n|\n|t:|1617401734\n|move|p1a: starry loves me|Moonblast|p2a: Clefable\n|-damage|p2a: Clefable|53\/100\n|move|p2a: Clefable|Calm Mind|p2a: Clefable\n|-boost|p2a: Clefable|spa|1\n|-boost|p2a: Clefable|spd|1\n|\n|upkeep\n|turn|25\n|\n|t:|1617401738\n|switch|p1a: starry's my zaddy|Zeraora|100\/100\n|-damage|p1a: starry's my zaddy|88\/100|[from] Stealth Rock\n|move|p2a: Clefable|Soft-Boiled|p2a: Clefable\n|-heal|p2a: Clefable|100\/100\n|\n|-heal|p1a: starry's my zaddy|94\/100|[from] item: Leftovers\n|upkeep\n|turn|26\n|\n|t:|1617401742\n|switch|p2a: Eros|Salamence, M|100\/100\n|-ability|p2a: Eros|Intimidate|boost\n|-unboost|p1a: starry's my zaddy|atk|1\n|move|p1a: starry's my zaddy|Plasma Fists|p2a: Eros\n|-damage|p2a: Eros|76\/100\n|-fieldactivate|move: Ion Deluge\n|\n|-heal|p1a: starry's my zaddy|99\/100|[from] item: Leftovers\n|upkeep\n|turn|27\n|\n|t:|1617401752\n|switch|p1a: starry loves me|Clefable, F|90\/100\n|move|p2a: Eros|Earthquake|p1a: starry loves me\n|-crit|p1a: starry loves me\n|-damage|p1a: starry loves me|55\/100\n|\n|upkeep\n|turn|28\n|\n|t:|1617401756\n|switch|p2a: Clefable|Clefable, F|100\/100\n|move|p1a: starry loves me|Soft-Boiled|p1a: starry loves me\n|-heal|p1a: starry loves me|100\/100\n|\n|upkeep\n|turn|29\n|\n|t:|1617401760\n|move|p1a: starry loves me|Thunder Wave|p2a: Clefable\n|-status|p2a: Clefable|par\n|move|p2a: Clefable|Calm Mind|p2a: Clefable\n|-boost|p2a: Clefable|spa|1\n|-boost|p2a: Clefable|spd|1\n|\n|upkeep\n|turn|30\n|\n|t:|1617401763\n|switch|p1a: starry the homie|Corviknight, F|100\/100\n|-damage|p1a: starry the homie|88\/100|[from] Stealth Rock\n|-ability|p1a: starry the homie|Pressure\n|cant|p2a: Clefable|par\n|\n|-heal|p1a: starry the homie|94\/100|[from] item: Leftovers\n|upkeep\n|turn|31\n|\n|t:|1617401769\n|move|p1a: starry the homie|Iron Head|p2a: Clefable\n|-supereffective|p2a: Clefable\n|-damage|p2a: Clefable|63\/100 par\n|cant|p2a: Clefable|flinch\n|\n|-heal|p1a: starry the homie|100\/100|[from] item: Leftovers\n|upkeep\n|turn|32\n|\n|t:|1617401774\n|switch|p2a: Tapu Koko|Tapu Koko, shiny|98\/100\n|-fieldstart|move: Electric Terrain|[from] ability: Electric Surge|[of] p2a: Tapu Koko\n|move|p1a: starry the homie|U-turn|p2a: Tapu Koko\n|-resisted|p2a: Tapu Koko\n|-damage|p2a: Tapu Koko|88\/100\n|\n|t:|1617401779\n|switch|p1a: starry loves me|Clefable, F|100\/100|[from]move: U-turn\n|\n|upkeep\n|turn|33\n|\n|t:|1617401783\n|move|p2a: Tapu Koko|Thunderbolt|p1a: starry loves me\n|-damage|p1a: starry loves me|63\/100\n|move|p1a: starry loves me|Moonblast|p2a: Tapu Koko\n|-damage|p2a: Tapu Koko|42\/100\n|\n|upkeep\n|turn|34\n|\n|t:|1617401786\n|move|p2a: Tapu Koko|Roost|p2a: Tapu Koko\n|-heal|p2a: Tapu Koko|93\/100\n|-singleturn|p2a: Tapu Koko|move: Roost\n|move|p1a: starry loves me|Moonblast|p2a: Tapu Koko\n|-damage|p2a: Tapu Koko|40\/100\n|\n|upkeep\n|turn|35\n|\n|t:|1617401788\n|move|p2a: Tapu Koko|Roost|p2a: Tapu Koko\n|-heal|p2a: Tapu Koko|91\/100\n|-singleturn|p2a: Tapu Koko|move: Roost\n|move|p1a: starry loves me|Moonblast|p2a: Tapu Koko\n|-damage|p2a: Tapu Koko|46\/100\n|-unboost|p2a: Tapu Koko|spa|1\n|\n|upkeep\n|turn|36\n|\n|t:|1617401791\n|move|p2a: Tapu Koko|Roost|p2a: Tapu Koko\n|-heal|p2a: Tapu Koko|97\/100\n|-singleturn|p2a: Tapu Koko|move: Roost\n|move|p1a: starry loves me|Moonblast|p2a: Tapu Koko\n|-damage|p2a: Tapu Koko|46\/100\n|\n|-fieldend|move: Electric Terrain\n|upkeep\n|turn|37\n|\n|t:|1617401793\n|move|p2a: Tapu Koko|Roost|p2a: Tapu Koko\n|-heal|p2a: Tapu Koko|97\/100\n|-singleturn|p2a: Tapu Koko|move: Roost\n|move|p1a: starry loves me|Moonblast|p2a: Tapu Koko\n|-damage|p2a: Tapu Koko|44\/100\n|\n|upkeep\n|turn|38\n|\n|t:|1617401795\n|move|p2a: Tapu Koko|Roost|p2a: Tapu Koko\n|-heal|p2a: Tapu Koko|94\/100\n|-singleturn|p2a: Tapu Koko|move: Roost\n|move|p1a: starry loves me|Moonblast|p2a: Tapu Koko\n|-damage|p2a: Tapu Koko|50\/100\n|\n|upkeep\n|turn|39\n|\n|t:|1617401797\n|move|p2a: Tapu Koko|Roost|p2a: Tapu Koko\n|-heal|p2a: Tapu Koko|99\/100\n|-singleturn|p2a: Tapu Koko|move: Roost\n|move|p1a: starry loves me|Moonblast|p2a: Tapu Koko\n|-damage|p2a: Tapu Koko|51\/100\n|-unboost|p2a: Tapu Koko|spa|1\n|\n|upkeep\n|turn|40\n|\n|t:|1617401803\n|move|p2a: Tapu Koko|Roost|p2a: Tapu Koko\n|-heal|p2a: Tapu Koko|100\/100\n|-singleturn|p2a: Tapu Koko|move: Roost\n|move|p1a: starry loves me|Moonblast|p2a: Tapu Koko\n|-damage|p2a: Tapu Koko|54\/100\n|\n|upkeep\n|turn|41\n|\n|t:|1617401806\n|move|p2a: Tapu Koko|Roost|p2a: Tapu Koko\n|-heal|p2a: Tapu Koko|100\/100\n|-singleturn|p2a: Tapu Koko|move: Roost\n|move|p1a: starry loves me|Moonblast|p2a: Tapu Koko\n|-damage|p2a: Tapu Koko|52\/100\n|\n|upkeep\n|turn|42\n|\n|t:|1617401813\n|switch|p1a: starry's my zaddy|Zeraora|99\/100\n|-damage|p1a: starry's my zaddy|88\/100|[from] Stealth Rock\n|move|p2a: Tapu Koko|Roost|p2a: Tapu Koko\n|-heal|p2a: Tapu Koko|100\/100\n|-singleturn|p2a: Tapu Koko|move: Roost\n|\n|-heal|p1a: starry's my zaddy|94\/100|[from] item: Leftovers\n|upkeep\n|turn|43\n|\n|t:|1617401817\n|move|p1a: starry's my zaddy|Bulk Up|p1a: starry's my zaddy\n|-boost|p1a: starry's my zaddy|atk|1\n|-boost|p1a: starry's my zaddy|def|1\n|move|p2a: Tapu Koko|U-turn|p1a: starry's my zaddy\n|-damage|p1a: starry's my zaddy|80\/100\n|\n|t:|1617401823\n|switch|p2a: Ferrothorn|Ferrothorn, F|48\/100|[from]move: U-turn\n|-damage|p2a: Ferrothorn|41\/100|[from] Stealth Rock\n|\n|-heal|p1a: starry's my zaddy|86\/100|[from] item: Leftovers\n|-heal|p2a: Ferrothorn|48\/100|[from] item: Leftovers\n|upkeep\n|turn|44\n|\n|t:|1617401826\n|switch|p2a: Eros|Salamence, M|76\/100\n|-ability|p2a: Eros|Intimidate|boost\n|-unboost|p1a: starry's my zaddy|atk|1\n|move|p1a: starry's my zaddy|Close Combat|p2a: Eros\n|-resisted|p2a: Eros\n|-damage|p2a: Eros|61\/100\n|-unboost|p1a: starry's my zaddy|def|1\n|-unboost|p1a: starry's my zaddy|spd|1\n|\n|-heal|p1a: starry's my zaddy|92\/100|[from] item: Leftovers\n|upkeep\n|turn|45\n|\n|t:|1617401834\n|switch|p1a: i kiss starry gn|Dragonite, M|100\/100\n|move|p2a: Eros|Roost|p2a: Eros\n|-heal|p2a: Eros|100\/100\n|-singleturn|p2a: Eros|move: Roost\n|\n|upkeep\n|turn|46\n|\n|t:|1617401839\n|switch|p2a: Clefable|Clefable, F|63\/100 par\n|move|p1a: i kiss starry gn|Toxic||[still]\n|-fail|p1a: i kiss starry gn\n|\n|upkeep\n|turn|47\n|\n|t:|1617401842\n|switch|p1a: starry the homie|Corviknight, F|100\/100\n|-damage|p1a: starry the homie|88\/100|[from] Stealth Rock\n|-ability|p1a: starry the homie|Pressure\n|cant|p2a: Clefable|par\n|\n|-heal|p1a: starry the homie|94\/100|[from] item: Leftovers\n|upkeep\n|turn|48\n|\n|t:|1617401845\n|move|p1a: starry the homie|U-turn|p2a: Clefable\n|-resisted|p2a: Clefable\n|-damage|p2a: Clefable|58\/100 par\n|\n|t:|1617401847\n|switch|p1a: starry loves me|Clefable, F|63\/100|[from]move: U-turn\n|cant|p2a: Clefable|par\n|\n|upkeep\n|turn|49\n|\n|t:|1617401856\n|move|p1a: starry loves me|Moonblast|p2a: Clefable\n|-crit|p2a: Clefable\n|-damage|p2a: Clefable|12\/100 par\n|move|p2a: Clefable|Soft-Boiled|p2a: Clefable\n|-heal|p2a: Clefable|62\/100 par\n|\n|upkeep\n|turn|50\n|\n|t:|1617401859\n|move|p1a: starry loves me|Moonblast|p2a: Clefable\n|-damage|p2a: Clefable|32\/100 par\n|-unboost|p2a: Clefable|spa|1\n|cant|p2a: Clefable|par\n|\n|upkeep\n|turn|51\n|\n|t:|1617401866\n|switch|p1a: starry's my zaddy|Zeraora|92\/100\n|-damage|p1a: starry's my zaddy|80\/100|[from] Stealth Rock\n|cant|p2a: Clefable|par\n|\n|-heal|p1a: starry's my zaddy|86\/100|[from] item: Leftovers\n|upkeep\n|turn|52\n|\n|t:|1617401869\n|switch|p2a: Eros|Salamence, M|100\/100\n|-ability|p2a: Eros|Intimidate|boost\n|-unboost|p1a: starry's my zaddy|atk|1\n|move|p1a: starry's my zaddy|Bulk Up|p1a: starry's my zaddy\n|-boost|p1a: starry's my zaddy|atk|1\n|-boost|p1a: starry's my zaddy|def|1\n|\n|-heal|p1a: starry's my zaddy|92\/100|[from] item: Leftovers\n|upkeep\n|turn|53\n|\n|t:|1617401873\n|move|p1a: starry's my zaddy|Knock Off|p2a: Eros\n|-damage|p2a: Eros|78\/100\n|-enditem|p2a: Eros|Heavy-Duty Boots|[from] move: Knock Off|[of] p1a: starry's my zaddy\n|move|p2a: Eros|Earthquake|p1a: starry's my zaddy\n|-supereffective|p1a: starry's my zaddy\n|-damage|p1a: starry's my zaddy|39\/100\n|\n|-heal|p1a: starry's my zaddy|45\/100|[from] item: Leftovers\n|upkeep\n|turn|54\n|\n|t:|1617401879\n|switch|p1a: starry the homie|Corviknight, F|94\/100\n|-damage|p1a: starry the homie|82\/100|[from] Stealth Rock\n|-ability|p1a: starry the homie|Pressure\n|move|p2a: Eros|Flamethrower|p1a: starry the homie\n|-supereffective|p1a: starry the homie\n|-crit|p1a: starry the homie\n|-damage|p1a: starry the homie|18\/100\n|\n|-heal|p1a: starry the homie|24\/100|[from] item: Leftovers\n|upkeep\n|turn|55\n|\n|t:|1617401887\n|switch|p1a: i kiss starry gn|Dragonite, M|100\/100\n|move|p2a: Eros|Flamethrower|p1a: i kiss starry gn\n|-resisted|p1a: i kiss starry gn\n|-damage|p1a: i kiss starry gn|96\/100\n|\n|upkeep\n|turn|56\n|\n|t:|1617401892\n|switch|p2a: Clefable|Clefable, F|32\/100 par\n|move|p1a: i kiss starry gn|Flamethrower|p2a: Clefable\n|-crit|p2a: Clefable\n|-damage|p2a: Clefable|3\/100 par\n|\n|upkeep\n|turn|57\n|\n|t:|1617401895\n|move|p1a: i kiss starry gn|Flamethrower|p2a: Clefable\n|-damage|p2a: Clefable|0 fnt\n|faint|p2a: Clefable\n|\n|upkeep\n|\n|t:|1617401899\n|switch|p2a: Tapu Koko|Tapu Koko, shiny|100\/100\n|-fieldstart|move: Electric Terrain|[from] ability: Electric Surge|[of] p2a: Tapu Koko\n|turn|58\n|\n|t:|1617401904\n|move|p2a: Tapu Koko|Dazzling Gleam|p1a: i kiss starry gn\n|-supereffective|p1a: i kiss starry gn\n|-damage|p1a: i kiss starry gn|41\/100\n|move|p1a: i kiss starry gn|Earthquake|p2a: Tapu Koko\n|-supereffective|p2a: Tapu Koko\n|-damage|p2a: Tapu Koko|17\/100\n|\n|upkeep\n|turn|59\n|\n|t:|1617401912\n|switch|p1a: starry the homie|Corviknight, F|24\/100\n|-damage|p1a: starry the homie|11\/100|[from] Stealth Rock\n|-ability|p1a: starry the homie|Pressure\n|move|p2a: Tapu Koko|Dazzling Gleam|p1a: starry the homie\n|-resisted|p1a: starry the homie\n|-damage|p1a: starry the homie|0 fnt\n|faint|p1a: starry the homie\n|\n|upkeep\n|\n|t:|1617401919\n|switch|p1a: starry's my zaddy|Zeraora|45\/100\n|-damage|p1a: starry's my zaddy|33\/100|[from] Stealth Rock\n|turn|60\n|\n|t:|1617401923\n|switch|p2a: Eros|Salamence, M|78\/100\n|-damage|p2a: Eros|53\/100|[from] Stealth Rock\n|-ability|p2a: Eros|Intimidate|boost\n|-unboost|p1a: starry's my zaddy|atk|1\n|move|p1a: starry's my zaddy|Plasma Fists|p2a: Eros\n|-damage|p2a: Eros|22\/100\n|-fieldactivate|move: Ion Deluge\n|\n|-heal|p1a: starry's my zaddy|39\/100|[from] item: Leftovers\n|upkeep\n|turn|61\n|-message|DiameterXtreme forfeited.\n|\n|win|ABYSSAL RUINS\n|c|\u2606DiameterXtreme|gg \n|c|\u2606ABYSSAL RUINS|Wp\n","uploadtime":1617401928,"views":61,"p1id":"abyssalruins","p2id":"diameterxtreme","formatid":"gen8ou","rating":0,"private":0,"password":null}