{"id":"smogtours-gen7ou-647717","p1":"HikozaruGG","p2":"Xar0","format":"gen7ou","log":"|inactive|Battle timer is ON: inactive players will automatically lose when time's up.\n|t:|1662909689\n|gametype|singles\n|player|p1|HikozaruGG|265|\n|player|p2|Xar0|zinzolin|\n|teamsize|p1|6\n|teamsize|p2|6\n|gen|7\n|tier|[Gen 7] OU\n|rule|Sleep Clause Mod: Limit one foe put to sleep\n|rule|Species Clause: Limit one of each Pok\u00e9mon\n|rule|OHKO Clause: OHKO moves are banned\n|rule|Moody Clause: Moody is banned\n|rule|Evasion Items Clause: Evasion items are banned\n|rule|Evasion Moves Clause: Evasion moves are banned\n|rule|Endless Battle Clause: Forcing endless battles is banned\n|rule|HP Percentage Mod: HP is shown in percentages\n|clearpoke\n|poke|p1|Magearna|item\n|poke|p1|Serperior, F|item\n|poke|p1|Tornadus-Therian, M|item\n|poke|p1|Garchomp, M|item\n|poke|p1|Medicham, F|item\n|poke|p1|Tapu Koko|item\n|poke|p2|Heatran, F|item\n|poke|p2|Tapu Lele|item\n|poke|p2|Gastrodon, M|item\n|poke|p2|Celesteela|item\n|poke|p2|Tornadus-Therian, M|item\n|poke|p2|Lopunny, M|item\n|teampreview\n|inactive|HikozaruGG also wants the timer to be on.\n|c|\u2606HikozaruGG|hf\n|c|\u2606Xar0|sorry for the wait bro\n|inactive|HikozaruGG has 270 seconds left.\n|inactive|Xar0 has 270 seconds left.\n|c|\u2606HikozaruGG|dw\n|inactive|HikozaruGG has 240 seconds left.\n|inactive|Xar0 has 240 seconds left.\n|inactive|Xar0 has 210 seconds left.\n|inactive|Xar0 has 180 seconds left.\n|inactive|Xar0 has 150 seconds left.\n|inactive|Xar0 has 120 seconds left.\n|\n|t:|1662909877\n|start\n|switch|p1a: Tornadus|Tornadus-Therian, M|100\/100\n|switch|p2a: Celesteela|Celesteela|100\/100\n|turn|1\n|inactive|Xar0 has 180 seconds left.\n|\n|t:|1662909906\n|switch|p2a: Heatran|Heatran, F|100\/100\n|move|p1a: Tornadus|Knock Off|p2a: Heatran\n|-damage|p2a: Heatran|87\/100\n|\n|upkeep\n|turn|2\n|\n|t:|1662909912\n|move|p1a: Tornadus|U-turn|p2a: Heatran\n|-resisted|p2a: Heatran\n|-damage|p2a: Heatran|84\/100\n|\n|t:|1662909917\n|switch|p1a: Garchomp|Garchomp, M|100\/100|[from]move: U-turn\n|move|p2a: Heatran|Stealth Rock|p1a: Garchomp\n|-sidestart|p1: HikozaruGG|move: Stealth Rock\n|\n|upkeep\n|turn|3\n|inactive|Xar0 has 180 seconds left.\n|\n|t:|1662909948\n|switch|p2a: Tornadus|Tornadus-Therian, M|100\/100\n|move|p1a: Garchomp|Stealth Rock|p2a: Tornadus\n|-sidestart|p2: Xar0|move: Stealth Rock\n|\n|upkeep\n|turn|4\n|\n|t:|1662909954\n|move|p2a: Tornadus|Hurricane|p1a: Garchomp\n|-damage|p1a: Garchomp|60\/100\n|-start|p1a: Garchomp|confusion\n|-activate|p1a: Garchomp|confusion\n|move|p1a: Garchomp|Toxic|p2a: Tornadus\n|-status|p2a: Tornadus|tox\n|\n|-damage|p2a: Tornadus|94\/100 tox|[from] psn\n|upkeep\n|turn|5\n|inactive|Xar0 has 150 seconds left.\n|\n|t:|1662909993\n|switch|p1a: Magearna|Magearna|100\/100\n|-damage|p1a: Magearna|94\/100|[from] Stealth Rock\n|move|p2a: Tornadus|U-turn|p1a: Magearna\n|-resisted|p1a: Magearna\n|-damage|p1a: Magearna|91\/100\n|\n|t:|1662910001\n|switch|p2a: Heatran|Heatran, F|84\/100|[from]move: U-turn\n|-damage|p2a: Heatran|71\/100|[from] Stealth Rock\n|\n|upkeep\n|turn|6\n|\n|t:|1662910005\n|switch|p1a: Garchomp|Garchomp, M|60\/100\n|-damage|p1a: Garchomp|54\/100|[from] Stealth Rock\n|move|p2a: Heatran|Magma Storm|p1a: Garchomp|[miss]\n|-miss|p2a: Heatran|p1a: Garchomp\n|\n|upkeep\n|turn|7\n|inactive|Xar0 has 150 seconds left.\n|\n|t:|1662910015\n|switch|p2a: Tornadus|Tornadus-Therian, M|100\/100 tox\n|-damage|p2a: Tornadus|76\/100 tox|[from] Stealth Rock\n|move|p1a: Garchomp|Fire Blast|p2a: Tornadus\n|-damage|p2a: Tornadus|56\/100 tox\n|\n|-damage|p2a: Tornadus|50\/100 tox|[from] psn\n|upkeep\n|turn|8\n|inactive|Xar0 has 150 seconds left.\n|\n|t:|1662910040\n|switch|p1a: Tornadus|Tornadus-Therian, M|100\/100\n|-damage|p1a: Tornadus|76\/100|[from] Stealth Rock\n|move|p2a: Tornadus|Hurricane|p1a: Tornadus\n|-damage|p1a: Tornadus|32\/100\n|-start|p1a: Tornadus|confusion\n|\n|-damage|p2a: Tornadus|38\/100 tox|[from] psn\n|upkeep\n|turn|9\n|inactive|Xar0 has 120 seconds left.\n|\n|t:|1662910098\n|-activate|p1a: Tornadus|confusion\n|-damage|p1a: Tornadus|23\/100|[from] confusion\n|move|p2a: Tornadus|U-turn|p1a: Tornadus\n|-resisted|p1a: Tornadus\n|-damage|p1a: Tornadus|14\/100\n|-damage|p2a: Tornadus|21\/100 tox|[from] item: Rocky Helmet|[of] p1a: Tornadus\n|\n|t:|1662910107\n|switch|p2a: Lopunny|Lopunny, M|100\/100|[from]move: U-turn\n|-damage|p2a: Lopunny|88\/100|[from] Stealth Rock\n|\n|upkeep\n|turn|10\n|\n|t:|1662910119\n|switch|p1a: Garchomp|Garchomp, M|54\/100\n|-damage|p1a: Garchomp|47\/100|[from] Stealth Rock\n|detailschange|p2a: Lopunny|Lopunny-Mega, M\n|-mega|p2a: Lopunny|Lopunny|Lopunnite\n|move|p2a: Lopunny|Ice Punch|p1a: Garchomp\n|-supereffective|p1a: Garchomp\n|-damage|p1a: Garchomp|0 fnt\n|-damage|p2a: Lopunny|76\/100|[from] ability: Rough Skin|[of] p1a: Garchomp\n|-damage|p2a: Lopunny|60\/100|[from] item: Rocky Helmet|[of] p1a: Garchomp\n|faint|p1a: Garchomp\n|\n|upkeep\n|\n|t:|1662910134\n|switch|p1a: Medicham|Medicham, F, shiny|100\/100\n|-damage|p1a: Medicham|94\/100|[from] Stealth Rock\n|turn|11\n|inactive|Xar0 has 90 seconds left.\n|\n|t:|1662910156\n|switch|p2a: Tornadus|Tornadus-Therian, M|54\/100 tox\n|-damage|p2a: Tornadus|29\/100 tox|[from] Stealth Rock\n|detailschange|p1a: Medicham|Medicham-Mega, F, shiny\n|-mega|p1a: Medicham|Medicham|Medichamite\n|move|p1a: Medicham|Fake Out|p2a: Tornadus\n|-damage|p2a: Tornadus|3\/100 tox\n|-damage|p1a: Medicham|78\/100|[from] item: Rocky Helmet|[of] p2a: Tornadus\n|\n|-damage|p2a: Tornadus|0 fnt|[from] psn\n|faint|p2a: Tornadus\n|upkeep\n|inactive|Xar0 has 90 seconds left.\n|\n|t:|1662910181\n|switch|p2a: Lopunny|Lopunny-Mega, M|60\/100\n|-damage|p2a: Lopunny|54\/100|[from] Stealth Rock\n|turn|12\n|\n|t:|1662910189\n|switch|p1a: Tornadus|Tornadus-Therian, M|47\/100\n|-damage|p1a: Tornadus|22\/100|[from] Stealth Rock\n|move|p2a: Lopunny|Return|p1a: Tornadus\n|-damage|p1a: Tornadus|0 fnt\n|-damage|p2a: Lopunny|37\/100|[from] item: Rocky Helmet|[of] p1a: Tornadus\n|faint|p1a: Tornadus\n|\n|upkeep\n|\n|t:|1662910195\n|switch|p1a: Serperior|Serperior, F|100\/100\n|-damage|p1a: Serperior|88\/100|[from] Stealth Rock\n|turn|13\n|inactive|Xar0 has 90 seconds left.\n|\n|t:|1662910209\n|switch|p1a: Medicham|Medicham-Mega, F, shiny|78\/100\n|-damage|p1a: Medicham|72\/100|[from] Stealth Rock\n|switch|p2a: Celesteela|Celesteela|100\/100\n|-damage|p2a: Celesteela|88\/100|[from] Stealth Rock\n|\n|-heal|p2a: Celesteela|94\/100|[from] item: Leftovers\n|upkeep\n|turn|14\n|inactive|Xar0 has 90 seconds left.\n|inactive|Xar0 has 60 seconds left.\n|\n|t:|1662910259\n|move|p2a: Celesteela|Protect|p2a: Celesteela\n|-singleturn|p2a: Celesteela|Protect\n|move|p1a: Medicham|Fake Out|p2a: Celesteela\n|-activate|p2a: Celesteela|move: Protect\n|\n|-heal|p2a: Celesteela|99\/100|[from] item: Leftovers\n|upkeep\n|turn|15\n|\n|t:|1662910283\n|move|p1a: Medicham|High Jump Kick|p2a: Celesteela\n|-damage|p2a: Celesteela|13\/100\n|move|p2a: Celesteela|Heavy Slam|p1a: Medicham\n|-damage|p1a: Medicham|15\/100\n|\n|-heal|p2a: Celesteela|19\/100|[from] item: Leftovers\n|upkeep\n|turn|16\n|inactive|Xar0 has 30 seconds left.\n|inactive|HikozaruGG has 270 seconds left.\n|\n|t:|1662910304\n|move|p2a: Celesteela|Protect|p2a: Celesteela\n|-singleturn|p2a: Celesteela|Protect\n|move|p1a: Medicham|Ice Punch|p2a: Celesteela\n|-activate|p2a: Celesteela|move: Protect\n|\n|-heal|p2a: Celesteela|25\/100|[from] item: Leftovers\n|upkeep\n|turn|17\n|\n|t:|1662910313\n|move|p1a: Medicham|Ice Punch|p2a: Celesteela\n|-damage|p2a: Celesteela|0 fnt\n|faint|p2a: Celesteela\n|\n|upkeep\n|\n|t:|1662910319\n|switch|p2a: Lopunny|Lopunny-Mega, M|37\/100\n|-damage|p2a: Lopunny|31\/100|[from] Stealth Rock\n|turn|18\n|inactive|Xar0 has 30 seconds left.\n|inactive|HikozaruGG has 270 seconds left.\n|\n|t:|1662910365\n|switch|p1a: Tapu Koko|Tapu Koko|100\/100\n|-damage|p1a: Tapu Koko|88\/100|[from] Stealth Rock\n|-fieldstart|move: Electric Terrain|[from] ability: Electric Surge|[of] p1a: Tapu Koko\n|move|p2a: Lopunny|Return|p1a: Tapu Koko\n|-damage|p1a: Tapu Koko|0 fnt\n|faint|p1a: Tapu Koko\n|\n|upkeep\n|\n|t:|1662910373\n|switch|p1a: Serperior|Serperior, F|88\/100\n|-damage|p1a: Serperior|76\/100|[from] Stealth Rock\n|turn|19\n|inactive|HikozaruGG has 240 seconds left.\n|\n|t:|1662910402\n|switch|p2a: Heatran|Heatran, F|71\/100\n|-damage|p2a: Heatran|59\/100|[from] Stealth Rock\n|move|p1a: Serperior|Glare|p2a: Heatran\n|-status|p2a: Heatran|par\n|\n|upkeep\n|turn|20\n|inactive|HikozaruGG has 240 seconds left.\n|inactive|Xar0 has 30 seconds left.\n|\n|t:|1662910422\n|switch|p1a: Medicham|Medicham-Mega, F, shiny|15\/100\n|-damage|p1a: Medicham|9\/100|[from] Stealth Rock\n|switch|p2a: Lopunny|Lopunny-Mega, M|31\/100\n|-damage|p2a: Lopunny|25\/100|[from] Stealth Rock\n|\n|upkeep\n|turn|21\n|\n|t:|1662910431\n|switch|p1a: Magearna|Magearna|91\/100\n|-damage|p1a: Magearna|85\/100|[from] Stealth Rock\n|move|p2a: Lopunny|Fake Out|p1a: Magearna\n|-resisted|p1a: Magearna\n|-damage|p1a: Magearna|76\/100\n|\n|upkeep\n|turn|22\n|inactive|HikozaruGG has 240 seconds left.\n|\n|t:|1662910457\n|switch|p2a: Gastrodon|Gastrodon, M|100\/100\n|-damage|p2a: Gastrodon|94\/100|[from] Stealth Rock\n|move|p1a: Magearna|Iron Head|p2a: Gastrodon\n|-resisted|p2a: Gastrodon\n|-damage|p2a: Gastrodon|79\/100\n|\n|-heal|p2a: Gastrodon|85\/100|[from] item: Leftovers\n|-fieldend|move: Electric Terrain\n|upkeep\n|turn|23\n|\n|t:|1662910467\n|switch|p1a: Serperior|Serperior, F|76\/100\n|-damage|p1a: Serperior|63\/100|[from] Stealth Rock\n|move|p2a: Gastrodon|Toxic|p1a: Serperior\n|-status|p1a: Serperior|tox\n|\n|-heal|p2a: Gastrodon|92\/100|[from] item: Leftovers\n|-damage|p1a: Serperior|57\/100 tox|[from] psn\n|upkeep\n|turn|24\n|inactive|HikozaruGG has 240 seconds left.\n|\n|t:|1662910474\n|switch|p2a: Heatran|Heatran, F|59\/100 par\n|-damage|p2a: Heatran|47\/100 par|[from] Stealth Rock\n|move|p1a: Serperior|Leaf Storm|p2a: Heatran\n|-resisted|p2a: Heatran\n|-damage|p2a: Heatran|35\/100 par\n|-boost|p1a: Serperior|spa|2\n|\n|-damage|p1a: Serperior|45\/100 tox|[from] psn\n|upkeep\n|turn|25\n|inactive|HikozaruGG has 240 seconds left.\n|inactive|HikozaruGG has 210 seconds left.\n|\n|t:|1662910540\n|move|p1a: Serperior|Leaf Storm|p2a: Heatran\n|-resisted|p2a: Heatran\n|-damage|p2a: Heatran|11\/100 par\n|-boost|p1a: Serperior|spa|2\n|cant|p2a: Heatran|par\n|\n|-damage|p1a: Serperior|26\/100 tox|[from] psn\n|upkeep\n|turn|26\n|\n|t:|1662910549\n|move|p1a: Serperior|Leaf Storm|p2a: Heatran|[miss]\n|-miss|p1a: Serperior|p2a: Heatran\n|cant|p2a: Heatran|par\n|\n|-damage|p1a: Serperior|2\/100 tox|[from] psn\n|upkeep\n|turn|27\n|\n|t:|1662910553\n|move|p1a: Serperior|Leaf Storm|p2a: Heatran\n|-resisted|p2a: Heatran\n|-damage|p2a: Heatran|0 fnt\n|-boost|p1a: Serperior|spa|2\n|faint|p2a: Heatran\n|\n|-damage|p1a: Serperior|0 fnt|[from] psn\n|faint|p1a: Serperior\n|upkeep\n|inactive|Xar0 has 60 seconds left.\n|\n|t:|1662910567\n|switch|p1a: Magearna|Magearna|76\/100\n|switch|p2a: Tapu Lele|Tapu Lele|100\/100\n|-damage|p2a: Tapu Lele|88\/100|[from] Stealth Rock\n|-fieldstart|move: Psychic Terrain|[from] ability: Psychic Surge|[of] p2a: Tapu Lele\n|-damage|p1a: Magearna|70\/100|[from] Stealth Rock\n|turn|28\n|inactive|HikozaruGG has 210 seconds left.\n|\n|t:|1662910575\n|switch|p1a: Medicham|Medicham-Mega, F, shiny|9\/100\n|-damage|p1a: Medicham|3\/100|[from] Stealth Rock\n|move|p2a: Tapu Lele|Psyshock|p1a: Medicham\n|-damage|p1a: Medicham|0 fnt\n|faint|p1a: Medicham\n|\n|upkeep\n|inactive|HikozaruGG has 210 seconds left.\n|\n|t:|1662910581\n|switch|p1a: Magearna|Magearna|70\/100\n|-damage|p1a: Magearna|64\/100|[from] Stealth Rock\n|turn|29\n|\n|t:|1662910594\n|move|p2a: Tapu Lele|Psyshock|p1a: Magearna\n|-resisted|p1a: Magearna\n|-damage|p1a: Magearna|34\/100\n|move|p1a: Magearna|Iron Head|p2a: Tapu Lele\n|-supereffective|p2a: Tapu Lele\n|-damage|p2a: Tapu Lele|6\/100\n|\n|upkeep\n|turn|30\n|\n|t:|1662910601\n|move|p2a: Tapu Lele|Psyshock|p1a: Magearna\n|-resisted|p1a: Magearna\n|-damage|p1a: Magearna|1\/100\n|move|p1a: Magearna|Iron Head|p2a: Tapu Lele\n|-supereffective|p2a: Tapu Lele\n|-damage|p2a: Tapu Lele|0 fnt\n|faint|p2a: Tapu Lele\n|-ability|p1a: Magearna|Soul-Heart|boost\n|-boost|p1a: Magearna|spa|1\n|\n|upkeep\n|\n|t:|1662910605\n|switch|p2a: Lopunny|Lopunny-Mega, M|25\/100\n|-damage|p2a: Lopunny|19\/100|[from] Stealth Rock\n|turn|31\n|\n|t:|1662910609\n|move|p2a: Lopunny|Fake Out|p1a: Magearna\n|-activate|p1a: Magearna|move: Psychic Terrain\n|move|p1a: Magearna|Iron Head|p2a: Lopunny\n|-damage|p2a: Lopunny|0 fnt\n|faint|p2a: Lopunny\n|-ability|p1a: Magearna|Soul-Heart|boost\n|-boost|p1a: Magearna|spa|1\n|\n|upkeep\n|\n|t:|1662910614\n|switch|p2a: Gastrodon|Gastrodon, M|92\/100\n|-damage|p2a: Gastrodon|85\/100|[from] Stealth Rock\n|turn|32\n|inactive|HikozaruGG has 240 seconds left.\n|\n|t:|1662910649\n|move|p1a: Magearna|Iron Head|p2a: Gastrodon\n|-resisted|p2a: Gastrodon\n|-crit|p2a: Gastrodon\n|-damage|p2a: Gastrodon|64\/100\n|move|p2a: Gastrodon|Earth Power|p1a: Magearna\n|-supereffective|p1a: Magearna\n|-damage|p1a: Magearna|0 fnt\n|faint|p1a: Magearna\n|\n|win|Xar0\n|c|\u2606HikozaruGG|gg\n|c|\u2606Xar0|gg\n","uploadtime":1662910650,"views":30,"p1id":"hikozarugg","p2id":"xar0","formatid":"gen7ou","rating":0,"private":0,"password":null}