{"id":"smogtours-gen8almostanyability-595217","p1":"XxSevagxX","p2":"gostop","format":"gen8almostanyability","log":"|inactive|Battle timer is ON: inactive players will automatically lose when time's up.\n|t:|1638085804\n|gametype|singles\n|player|p1|XxSevagxX|clerkf|\n|player|p2|gostop|swimmer-gen4dp|\n|teamsize|p1|6\n|teamsize|p2|6\n|gen|8\n|tier|[Gen 8] Almost Any Ability\n|rule|Species Clause: Limit one of each Pok\u00e9mon\n|rule|2 Ability Clause: Limit two of each ability\n|rule|OHKO Clause: OHKO moves are banned\n|rule|Evasion Moves Clause: Evasion moves are banned\n|rule|HP Percentage Mod: HP is shown in percentages\n|rule|Dynamax Clause: You cannot dynamax\n|rule|Sleep Clause: Sleep-inducing moves are banned\n|rule|Endless Battle Clause: Forcing endless battles is banned\n|clearpoke\n|poke|p1|Genesect|\n|poke|p1|Tapu Lele|\n|poke|p1|Heatran, F|\n|poke|p1|Zapdos|\n|poke|p1|Tapu Fini|\n|poke|p1|Landorus-Therian, M|\n|poke|p2|Zarude|\n|poke|p2|Tapu Lele|\n|poke|p2|Zapdos|\n|poke|p2|Swampert, F|\n|poke|p2|Tapu Fini|\n|poke|p2|Azelf|\n|teampreview\n|inactive|XxSevagxX has 270 seconds left.\n|inactive|gostop has 270 seconds left.\n|c|@Kris|yass\n|inactive|XxSevagxX has 240 seconds left.\n|inactive|gostop has 240 seconds left.\n|c|+beauts|let's go(stop) sevag\n|inactive|XxSevagxX has 210 seconds left.\n|inactive|gostop has 210 seconds left.\n|c|@Kris|LOL! bitch\n|c|+The Number Man|lets go pikachu eevee\n|inactive|XxSevagxX has 180 seconds left.\n|\n|t:|1638085937\n|start\n|switch|p1a: 4shovelspoonman|Heatran, F|100\/100\n|switch|p2a: Zapdos|Zapdos|100\/100\n|-weather|PrimordialSea|[from] ability: Primordial Sea|[of] p2a: Zapdos\n|-weather|DesolateLand|[from] ability: Desolate Land|[of] p1a: 4shovelspoonman\n|turn|1\n|inactive|gostop has 270 seconds left.\n|\n|t:|1638085970\n|move|p2a: Zapdos|U-turn|p1a: 4shovelspoonman\n|-resisted|p1a: 4shovelspoonman\n|-damage|p1a: 4shovelspoonman|98\/100\n|\n|t:|1638085976\n|switch|p2a: Swampert|Swampert, F|100\/100|[from]move: U-turn\n|move|p1a: 4shovelspoonman|Magma Storm|p2a: Swampert\n|-resisted|p2a: Swampert\n|-crit|p2a: Swampert\n|-damage|p2a: Swampert|77\/100\n|-activate|p2a: Swampert|move: Magma Storm|[of] p1a: 4shovelspoonman\n|\n|-weather|DesolateLand|[upkeep]\n|-heal|p1a: 4shovelspoonman|100\/100|[from] item: Leftovers\n|-damage|p2a: Swampert|65\/100|[from] move: Magma Storm|[partiallytrapped]\n|upkeep\n|turn|2\n|inactive|XxSevagxX has 240 seconds left.\n|c|+Z Strats|go sevage th i think\n|\n|t:|1638085987\n|move|p1a: 4shovelspoonman|Protect|p1a: 4shovelspoonman\n|-singleturn|p1a: 4shovelspoonman|Protect\n|move|p2a: Swampert|Flip Turn||[still]\n|-fail|p2a: Swampert|Flip Turn|[from] Desolate Land\n|\n|-weather|DesolateLand|[upkeep]\n|-damage|p2a: Swampert|53\/100|[from] move: Magma Storm|[partiallytrapped]\n|upkeep\n|turn|3\n|\n|t:|1638085991\n|move|p1a: 4shovelspoonman|Solar Beam||[still]\n|-prepare|p1a: 4shovelspoonman|Solar Beam\n|-anim|p1a: 4shovelspoonman|Solar Beam|p2a: Swampert\n|-supereffective|p2a: Swampert\n|-damage|p2a: Swampert|0 fnt\n|faint|p2a: Swampert\n|\n|-weather|DesolateLand|[upkeep]\n|upkeep\n|\n|t:|1638086010\n|switch|p2a: Zapdos|Zapdos|100\/100\n|-weather|PrimordialSea|[from] ability: Primordial Sea|[of] p2a: Zapdos\n|turn|4\n|inactive|gostop has 240 seconds left.\n|\n|t:|1638086041\n|switch|p1a: meow i'm a dog|Landorus-Therian, M|100\/100\n|move|p2a: Zapdos|Hurricane|p1a: meow i'm a dog\n|-damage|p1a: meow i'm a dog|31\/100\n|\n|-weather|PrimordialSea|[upkeep]\n|upkeep\n|turn|5\n|inactive|gostop has 210 seconds left.\n|\n|t:|1638086075\n|-weather|none\n|switch|p2a: Tapu Fini|Tapu Fini|100\/100\n|move|p1a: meow i'm a dog|U-turn|p2a: Tapu Fini\n|-resisted|p2a: Tapu Fini\n|-damage|p2a: Tapu Fini|93\/100\n|\n|t:|1638086085\n|switch|p1a: netter wetter|Zapdos|100\/100|[from]move: U-turn\n|-weather|PrimordialSea|[from] ability: Primordial Sea|[of] p1a: netter wetter\n|\n|-weather|PrimordialSea|[upkeep]\n|upkeep\n|turn|6\n|inactive|gostop has 210 seconds left.\n|inactive|gostop has 180 seconds left.\n|\n|t:|1638086134\n|switch|p2a: Zarude|Zarude|100\/100\n|-fieldstart|move: Grassy Terrain|[from] ability: Grassy Surge|[of] p2a: Zarude\n|move|p1a: netter wetter|Volt Switch|p2a: Zarude\n|-resisted|p2a: Zarude\n|-damage|p2a: Zarude|82\/100\n|inactive|XxSevagxX has 240 seconds left.\n|\n|t:|1638086178\n|-weather|none\n|switch|p1a: APPROACH THE ROACH|Genesect, shiny|100\/100|[from]move: Volt Switch\n|\n|-heal|p2a: Zarude|88\/100|[from] Grassy Terrain\n|upkeep\n|turn|7\n|inactive|gostop has 180 seconds left.\n|inactive|gostop has 150 seconds left.\n|\n|t:|1638086221\n|move|p2a: Zarude|Darkest Lariat|p1a: APPROACH THE ROACH\n|-crit|p1a: APPROACH THE ROACH\n|-damage|p1a: APPROACH THE ROACH|0 fnt\n|faint|p1a: APPROACH THE ROACH\n|\n|-heal|p2a: Zarude|94\/100|[from] Grassy Terrain\n|upkeep\n|c|\u2606XxSevagxX|o\n|inactive|XxSevagxX has 210 seconds left.\n|\n|t:|1638086266\n|switch|p1a: meow i'm a dog|Landorus-Therian, M|65\/100\n|turn|8\n|inactive|gostop has 150 seconds left.\n|inactive|gostop has 120 seconds left.\n|\n|t:|1638086315\n|switch|p2a: Tapu Fini|Tapu Fini|100\/100\n|move|p1a: meow i'm a dog|U-turn|p2a: Tapu Fini\n|-resisted|p2a: Tapu Fini\n|-damage|p2a: Tapu Fini|94\/100\n|\n|t:|1638086318\n|switch|p1a: netter wetter|Zapdos|100\/100|[from]move: U-turn\n|-weather|PrimordialSea|[from] ability: Primordial Sea|[of] p1a: netter wetter\n|\n|-weather|PrimordialSea|[upkeep]\n|-heal|p2a: Tapu Fini|99\/100|[from] Grassy Terrain\n|upkeep\n|turn|9\n|inactive|gostop has 120 seconds left.\n|\n|t:|1638086351\n|move|p1a: netter wetter|Volt Switch|p2a: Tapu Fini\n|-supereffective|p2a: Tapu Fini\n|-damage|p2a: Tapu Fini|44\/100\n|\n|t:|1638086354\n|-weather|none\n|switch|p1a: 4shovelspoonman|Heatran, F|100\/100|[from]move: Volt Switch\n|-weather|DesolateLand|[from] ability: Desolate Land|[of] p1a: 4shovelspoonman\n|move|p2a: Tapu Fini|Knock Off|p1a: 4shovelspoonman\n|-damage|p1a: 4shovelspoonman|85\/100\n|-enditem|p1a: 4shovelspoonman|Leftovers|[from] move: Knock Off|[of] p2a: Tapu Fini\n|\n|-weather|DesolateLand|[upkeep]\n|-heal|p1a: 4shovelspoonman|91\/100|[from] Grassy Terrain\n|-heal|p2a: Tapu Fini|50\/100|[from] Grassy Terrain\n|upkeep\n|turn|10\n|\n|t:|1638086367\n|switch|p2a: Zapdos|Zapdos|100\/100\n|-weather|PrimordialSea|[from] ability: Primordial Sea|[of] p2a: Zapdos\n|move|p1a: 4shovelspoonman|Stealth Rock|p2a: Zapdos\n|-sidestart|p2: gostop|move: Stealth Rock\n|\n|-weather|PrimordialSea|[upkeep]\n|-heal|p1a: 4shovelspoonman|97\/100|[from] Grassy Terrain\n|-fieldend|move: Grassy Terrain\n|upkeep\n|turn|11\n|inactive|gostop has 90 seconds left.\n|\n|t:|1638086406\n|move|p1a: 4shovelspoonman|Protect|p1a: 4shovelspoonman\n|-singleturn|p1a: 4shovelspoonman|Protect\n|move|p2a: Zapdos|Hurricane|p1a: 4shovelspoonman\n|-activate|p1a: 4shovelspoonman|move: Protect\n|\n|-weather|PrimordialSea|[upkeep]\n|upkeep\n|turn|12\n|inactive|XxSevagxX has 240 seconds left.\n|inactive|gostop has 90 seconds left.\n|\n|t:|1638086420\n|switch|p1a: meow i'm a dog|Landorus-Therian, M|98\/100\n|move|p2a: Zapdos|Thunder|p1a: meow i'm a dog\n|-immune|p1a: meow i'm a dog\n|\n|-weather|PrimordialSea|[upkeep]\n|upkeep\n|turn|13\n|inactive|gostop has 90 seconds left.\n|c|+derpyboi|meow\n|inactive|XxSevagxX has 240 seconds left.\n|\n|t:|1638086447\n|move|p1a: meow i'm a dog|Knock Off|p2a: Zapdos\n|-damage|p2a: Zapdos|67\/100\n|-enditem|p2a: Zapdos|Heavy-Duty Boots|[from] move: Knock Off|[of] p1a: meow i'm a dog\n|move|p2a: Zapdos|Roost|p2a: Zapdos\n|-heal|p2a: Zapdos|100\/100\n|-singleturn|p2a: Zapdos|move: Roost\n|\n|-weather|PrimordialSea|[upkeep]\n|upkeep\n|turn|14\n|\n|t:|1638086455\n|switch|p1a: 4shovelspoonman|Heatran, F|97\/100\n|-weather|DesolateLand|[from] ability: Desolate Land|[of] p1a: 4shovelspoonman\n|move|p2a: Zapdos|Hurricane|p1a: 4shovelspoonman|[miss]\n|-miss|p2a: Zapdos|p1a: 4shovelspoonman\n|\n|-weather|DesolateLand|[upkeep]\n|upkeep\n|turn|15\n|c|+beauts|meow\n|\n|t:|1638086474\n|switch|p2a: Tapu Fini|Tapu Fini|83\/100\n|move|p1a: 4shovelspoonman|Magma Storm|p2a: Tapu Fini|[miss]\n|-miss|p1a: 4shovelspoonman|p2a: Tapu Fini\n|\n|-weather|DesolateLand|[upkeep]\n|upkeep\n|turn|16\n|c|@Kris|bruh\n|inactive|gostop has 60 seconds left.\n|\n|t:|1638086499\n|move|p1a: 4shovelspoonman|Magma Storm|p2a: Tapu Fini\n|-resisted|p2a: Tapu Fini\n|-damage|p2a: Tapu Fini|60\/100\n|-activate|p2a: Tapu Fini|move: Magma Storm|[of] p1a: 4shovelspoonman\n|move|p2a: Tapu Fini|Knock Off|p1a: 4shovelspoonman\n|-damage|p1a: 4shovelspoonman|87\/100\n|\n|-weather|DesolateLand|[upkeep]\n|-damage|p2a: Tapu Fini|48\/100|[from] move: Magma Storm|[partiallytrapped]\n|upkeep\n|turn|17\n|\n|t:|1638086503\n|move|p1a: 4shovelspoonman|Protect|p1a: 4shovelspoonman\n|-singleturn|p1a: 4shovelspoonman|Protect\n|move|p2a: Tapu Fini|Haze|p2a: Tapu Fini\n|-clearallboost\n|\n|-weather|DesolateLand|[upkeep]\n|-damage|p2a: Tapu Fini|36\/100|[from] move: Magma Storm|[partiallytrapped]\n|upkeep\n|turn|18\n|\n|t:|1638086506\n|move|p1a: 4shovelspoonman|Solar Beam||[still]\n|-prepare|p1a: 4shovelspoonman|Solar Beam\n|-anim|p1a: 4shovelspoonman|Solar Beam|p2a: Tapu Fini\n|-supereffective|p2a: Tapu Fini\n|-damage|p2a: Tapu Fini|0 fnt\n|faint|p2a: Tapu Fini\n|\n|-weather|DesolateLand|[upkeep]\n|upkeep\n|\n|t:|1638086513\n|switch|p2a: Tapu Lele|Tapu Lele|100\/100\n|-damage|p2a: Tapu Lele|88\/100|[from] Stealth Rock\n|turn|19\n|\n|t:|1638086521\n|-weather|none\n|switch|p1a: goth trans girl|Tapu Fini, shiny|100\/100\n|move|p2a: Tapu Lele|Focus Blast|p1a: goth trans girl|[miss]\n|-miss|p2a: Tapu Lele|p1a: goth trans girl\n|\n|upkeep\n|turn|20\n|inactive|gostop has 90 seconds left.\n|\n|t:|1638086527\n|move|p1a: goth trans girl|Trick|p2a: Tapu Lele\n|-activate|p1a: goth trans girl|move: Trick|[of] p2a: Tapu Lele\n|-item|p2a: Tapu Lele|Choice Scarf|[from] move: Trick\n|-item|p1a: goth trans girl|Life Orb|[from] move: Trick\n|move|p2a: Tapu Lele|Energy Ball|p1a: goth trans girl\n|-supereffective|p1a: goth trans girl\n|-damage|p1a: goth trans girl|32\/100\n|\n|upkeep\n|turn|21\n|inactive|gostop has 90 seconds left.\n|\n|t:|1638086549\n|switch|p2a: Zapdos|Zapdos|100\/100\n|-damage|p2a: Zapdos|76\/100|[from] Stealth Rock\n|-weather|PrimordialSea|[from] ability: Primordial Sea|[of] p2a: Zapdos\n|switch|p1a: netter wetter|Zapdos|100\/100\n|\n|-weather|PrimordialSea|[upkeep]\n|upkeep\n|turn|22\n|\n|t:|1638086552\n|switch|p1a: 4shovelspoonman|Heatran, F|87\/100\n|-weather|DesolateLand|[from] ability: Desolate Land|[of] p1a: 4shovelspoonman\n|move|p2a: Zapdos|Thunder|p1a: 4shovelspoonman\n|-damage|p1a: 4shovelspoonman|51\/100\n|\n|-weather|DesolateLand|[upkeep]\n|upkeep\n|turn|23\n|\n|t:|1638086561\n|move|p2a: Zapdos|Thunder|p1a: 4shovelspoonman\n|-damage|p1a: 4shovelspoonman|10\/100\n|move|p1a: 4shovelspoonman|Magma Storm|p2a: Zapdos\n|-damage|p2a: Zapdos|12\/100\n|-activate|p2a: Zapdos|move: Magma Storm|[of] p1a: 4shovelspoonman\n|\n|-weather|DesolateLand|[upkeep]\n|-damage|p2a: Zapdos|0 fnt|[from] move: Magma Storm|[partiallytrapped]\n|faint|p2a: Zapdos\n|upkeep\n|\n|t:|1638086569\n|switch|p2a: Tapu Lele|Tapu Lele|88\/100\n|-damage|p2a: Tapu Lele|76\/100|[from] Stealth Rock\n|turn|24\n|inactive|gostop has 90 seconds left.\n|\n|t:|1638086602\n|move|p1a: 4shovelspoonman|Protect|p1a: 4shovelspoonman\n|-singleturn|p1a: 4shovelspoonman|Protect\n|move|p2a: Tapu Lele|Moonblast|p1a: 4shovelspoonman\n|-activate|p1a: 4shovelspoonman|move: Protect\n|\n|-weather|DesolateLand|[upkeep]\n|upkeep\n|turn|25\n|\n|t:|1638086620\n|move|p2a: Tapu Lele|Moonblast|p1a: 4shovelspoonman\n|-resisted|p1a: 4shovelspoonman\n|-damage|p1a: 4shovelspoonman|0 fnt\n|faint|p1a: 4shovelspoonman\n|-weather|none\n|\n|upkeep\n|\n|t:|1638086625\n|switch|p1a: meow i'm a dog|Landorus-Therian, M|100\/100\n|turn|26\n|inactive|gostop has 90 seconds left.\n|inactive|XxSevagxX has 270 seconds left.\n|inactive|gostop has 60 seconds left.\n|\n|t:|1638086686\n|switch|p2a: Zarude|Zarude|94\/100\n|-damage|p2a: Zarude|81\/100|[from] Stealth Rock\n|-fieldstart|move: Grassy Terrain|[from] ability: Grassy Surge|[of] p2a: Zarude\n|move|p1a: meow i'm a dog|Earthquake|p2a: Zarude\n|-resisted|p2a: Zarude\n|-damage|p2a: Zarude|69\/100\n|\n|-heal|p2a: Zarude|75\/100|[from] Grassy Terrain\n|upkeep\n|turn|27\n|inactive|gostop has 60 seconds left.\n|inactive|XxSevagxX has 240 seconds left.\n|inactive|XxSevagxX has 210 seconds left.\n|\n|t:|1638086765\n|move|p1a: meow i'm a dog|Earthquake|p2a: Zarude\n|-resisted|p2a: Zarude\n|-damage|p2a: Zarude|64\/100\n|move|p2a: Zarude|Darkest Lariat|p1a: meow i'm a dog\n|-damage|p1a: meow i'm a dog|46\/100\n|\n|-heal|p2a: Zarude|70\/100|[from] Grassy Terrain\n|upkeep\n|turn|28\n|\n|t:|1638086774\n|switch|p1a: goth trans girl|Tapu Fini, shiny|65\/100\n|move|p2a: Zarude|Darkest Lariat|p1a: goth trans girl\n|-resisted|p1a: goth trans girl\n|-damage|p1a: goth trans girl|39\/100\n|\n|-heal|p2a: Zarude|76\/100|[from] Grassy Terrain\n|-heal|p1a: goth trans girl|45\/100|[from] Grassy Terrain\n|upkeep\n|turn|29\n|inactive|gostop has 30 seconds left.\n|\n|t:|1638086795\n|switch|p2a: Azelf|Azelf|100\/100\n|-damage|p2a: Azelf|88\/100|[from] Stealth Rock\n|-fieldstart|move: Psychic Terrain|[from] ability: Psychic Surge|[of] p2a: Azelf\n|switch|p1a: netter wetter|Zapdos|100\/100\n|-weather|PrimordialSea|[from] ability: Primordial Sea|[of] p1a: netter wetter\n|\n|-weather|PrimordialSea|[upkeep]\n|upkeep\n|turn|30\n|\n|t:|1638086804\n|move|p2a: Azelf|Expanding Force|p1a: netter wetter\n|-damage|p1a: netter wetter|14\/100\n|move|p1a: netter wetter|Hurricane|p2a: Azelf\n|-damage|p2a: Azelf|0 fnt\n|faint|p2a: Azelf\n|\n|-weather|PrimordialSea|[upkeep]\n|upkeep\n|inactive|gostop has 30 seconds left.\n|\n|t:|1638086823\n|switch|p2a: Tapu Lele|Tapu Lele|76\/100\n|-damage|p2a: Tapu Lele|63\/100|[from] Stealth Rock\n|turn|31\n|\n|t:|1638086828\n|move|p2a: Tapu Lele|Moonblast|p1a: netter wetter\n|-damage|p1a: netter wetter|0 fnt\n|faint|p1a: netter wetter\n|-weather|none\n|\n|upkeep\n|inactive|XxSevagxX has 210 seconds left.\n|\n|t:|1638086838\n|switch|p1a: goth girl|Tapu Lele, shiny|100\/100\n|turn|32\n|\n|t:|1638086842\n|move|p2a: Tapu Lele|Moonblast|p1a: goth girl\n|-damage|p1a: goth girl|24\/100\n|move|p1a: goth girl|Moonblast|p2a: Tapu Lele\n|-crit|p2a: Tapu Lele\n|-damage|p2a: Tapu Lele|0 fnt\n|faint|p2a: Tapu Lele\n|\n|upkeep\n|\n|t:|1638086858\n|switch|p2a: Zarude|Zarude|76\/100\n|-damage|p2a: Zarude|64\/100|[from] Stealth Rock\n|-fieldstart|move: Grassy Terrain|[from] ability: Grassy Surge|[of] p2a: Zarude\n|turn|33\n|\n|t:|1638086865\n|move|p2a: Zarude|Grassy Glide|p1a: goth girl\n|-damage|p1a: goth girl|0 fnt\n|faint|p1a: goth girl\n|\n|-heal|p2a: Zarude|70\/100|[from] Grassy Terrain\n|upkeep\n|inactive|XxSevagxX has 210 seconds left.\n|\n|t:|1638086895\n|switch|p1a: meow i'm a dog|Landorus-Therian, M|80\/100\n|turn|34\n|inactive|XxSevagxX has 210 seconds left.\n|\n|t:|1638086914\n|move|p2a: Zarude|Grassy Glide|p1a: meow i'm a dog\n|-damage|p1a: meow i'm a dog|16\/100\n|move|p1a: meow i'm a dog|U-turn|p2a: Zarude\n|-supereffective|p2a: Zarude\n|-damage|p2a: Zarude|0 fnt\n|faint|p2a: Zarude\n|\n|win|XxSevagxX\n|c|\u2606XxSevagxX|ggs\n|c|\u2606gostop|gg\n","uploadtime":1638086915,"views":696,"p1id":"xxsevagxx","p2id":"gostop","formatid":"gen8almostanyability","rating":0,"private":0,"password":null}