{"id":"smogtours-gen6ou-652149","p1":"Redemption","p2":"devin","format":"gen6ou","log":"|inactive|Battle timer is ON: inactive players will automatically lose when time's up.\n|t:|1664658363\n|gametype|singles\n|player|p1|Redemption|#redemption|\n|player|p2|devin|proton|\n|teamsize|p1|6\n|teamsize|p2|6\n|gen|6\n|tier|[Gen 6] OU\n|rule|Sleep Clause Mod: Limit one foe put to sleep\n|rule|Species Clause: Limit one of each Pok\u00e9mon\n|rule|OHKO Clause: OHKO moves are banned\n|rule|Moody Clause: Moody is banned\n|rule|Evasion Items Clause: Evasion items are banned\n|rule|Evasion Moves Clause: Evasion moves are banned\n|rule|Endless Battle Clause: Forcing endless battles is banned\n|rule|HP Percentage Mod: HP is shown in percentages\n|rule|Swagger Clause: Swagger is banned\n|clearpoke\n|poke|p1|Excadrill, M|item\n|poke|p1|Hoopa|item\n|poke|p1|Pidgeot, M|item\n|poke|p1|Landorus-Therian, M|item\n|poke|p1|Manaphy|item\n|poke|p1|Dragonite, M|item\n|poke|p2|Tyranitar, M|item\n|poke|p2|Keldeo|item\n|poke|p2|Tornadus-Therian, M|item\n|poke|p2|Ferrothorn, F|item\n|poke|p2|Reuniclus, M|item\n|poke|p2|Excadrill, F|item\n|teampreview\n|inactive|devin disconnected and has 300 seconds to reconnect!\n|player|p2|\n|inactive|Redemption has 270 seconds left.\n|inactive|devin reconnected.\n|player|p2|devin|proton\n|inactive|devin disconnected and has 300 seconds to reconnect!\n|player|p2|\n|inactive|devin reconnected.\n|player|p2|devin|proton\n|inactive|Redemption has 240 seconds left.\n|\n|t:|1664658436\n|start\n|switch|p1a: Enten|Landorus-Therian, M|100\/100\n|switch|p2a: Keldeo|Keldeo|100\/100\n|-ability|p1a: Enten|Intimidate|boost\n|-unboost|p2a: Keldeo|atk|1\n|turn|1\n|\n|t:|1664658448\n|switch|p1a: Poseidon|Manaphy|100\/100\n|move|p2a: Keldeo|Scald|p1a: Poseidon\n|-resisted|p1a: Poseidon\n|-damage|p1a: Poseidon|86\/100\n|\n|-heal|p1a: Poseidon|92\/100|[from] item: Leftovers\n|upkeep\n|turn|2\n|\n|t:|1664658458\n|move|p2a: Keldeo|Calm Mind|p2a: Keldeo\n|-boost|p2a: Keldeo|spa|1\n|-boost|p2a: Keldeo|spd|1\n|move|p1a: Poseidon|Scald|p2a: Keldeo\n|-resisted|p2a: Keldeo\n|-damage|p2a: Keldeo|92\/100\n|\n|-heal|p2a: Keldeo|98\/100|[from] item: Leftovers\n|-heal|p1a: Poseidon|99\/100|[from] item: Leftovers\n|upkeep\n|turn|3\n|inactive|Redemption has 270 seconds left.\n|\n|t:|1664658507\n|switch|p1a: Avalon|Pidgeot, M|100\/100\n|move|p2a: Keldeo|Calm Mind|p2a: Keldeo\n|-boost|p2a: Keldeo|spa|1\n|-boost|p2a: Keldeo|spd|1\n|\n|-heal|p2a: Keldeo|100\/100|[from] item: Leftovers\n|upkeep\n|turn|4\n|\n|t:|1664658534\n|detailschange|p1a: Avalon|Pidgeot-Mega, M\n|-mega|p1a: Avalon|Pidgeot|Pidgeotite\n|move|p2a: Keldeo|Scald|p1a: Avalon\n|-damage|p1a: Avalon|3\/100\n|move|p1a: Avalon|Hurricane|p2a: Keldeo\n|-supereffective|p2a: Keldeo\n|-crit|p2a: Keldeo\n|-damage|p2a: Keldeo|0 fnt\n|faint|p2a: Keldeo\n|\n|upkeep\n|\n|t:|1664658541\n|switch|p2a: Tyranitar|Tyranitar, M|100\/100\n|-weather|Sandstorm|[from] ability: Sand Stream|[of] p2a: Tyranitar\n|turn|5\n|inactive|Redemption has 270 seconds left.\n|\n|t:|1664658559\n|detailschange|p2a: Tyranitar|Tyranitar-Mega, M\n|-mega|p2a: Tyranitar|Tyranitar|Tyranitarite\n|move|p1a: Avalon|Hurricane|p2a: Tyranitar\n|-resisted|p2a: Tyranitar\n|-crit|p2a: Tyranitar\n|-damage|p2a: Tyranitar|76\/100\n|move|p2a: Tyranitar|Stealth Rock|p1a: Avalon\n|-sidestart|p1: Redemption|move: Stealth Rock\n|\n|-weather|Sandstorm|[upkeep]\n|-damage|p1a: Avalon|0 fnt|[from] Sandstorm\n|faint|p1a: Avalon\n|upkeep\n|c|\u2606devin|scope lens indeed\n|\n|t:|1664658577\n|switch|p1a: Enten|Landorus-Therian, M|100\/100\n|-damage|p1a: Enten|88\/100|[from] Stealth Rock\n|-ability|p1a: Enten|Intimidate|boost\n|-unboost|p2a: Tyranitar|atk|1\n|turn|6\n|inactive|Redemption has 240 seconds left.\n|\n|t:|1664658601\n|move|p2a: Tyranitar|Ice Punch|p1a: Enten\n|-supereffective|p1a: Enten\n|-damage|p1a: Enten|0 fnt\n|faint|p1a: Enten\n|\n|-weather|Sandstorm|[upkeep]\n|upkeep\n|inactive|Redemption has 240 seconds left.\n|\n|t:|1664658611\n|switch|p1a: Impaler|Excadrill, M|100\/100\n|-damage|p1a: Impaler|97\/100|[from] Stealth Rock\n|turn|7\n|inactive|Redemption has 240 seconds left.\n|\n|t:|1664658637\n|switch|p2a: Ferrothorn|Ferrothorn, F|100\/100\n|move|p1a: Impaler|Rapid Spin|p2a: Ferrothorn\n|-resisted|p2a: Ferrothorn\n|-damage|p2a: Ferrothorn|98\/100\n|-damage|p1a: Impaler|85\/100|[from] ability: Iron Barbs|[of] p2a: Ferrothorn\n|-damage|p1a: Impaler|68\/100|[from] item: Rocky Helmet|[of] p2a: Ferrothorn\n|-sideend|p1: Redemption|Stealth Rock|[from] move: Rapid Spin|[of] p1a: Impaler\n|\n|-weather|Sandstorm|[upkeep]\n|upkeep\n|turn|8\n|\n|t:|1664658661\n|switch|p1a: Leviathan|Dragonite, M|100\/100\n|move|p2a: Ferrothorn|Leech Seed|p1a: Leviathan|[miss]\n|-miss|p2a: Ferrothorn|p1a: Leviathan\n|\n|-weather|Sandstorm|[upkeep]\n|-damage|p1a: Leviathan|94\/100|[from] Sandstorm\n|upkeep\n|turn|9\n|\n|t:|1664658670\n|move|p1a: Leviathan|Fire Punch|p2a: Ferrothorn\n|-supereffective|p2a: Ferrothorn\n|-damage|p2a: Ferrothorn|0 fnt\n|-damage|p1a: Leviathan|82\/100|[from] ability: Iron Barbs|[of] p2a: Ferrothorn\n|-damage|p1a: Leviathan|66\/100|[from] item: Rocky Helmet|[of] p2a: Ferrothorn\n|faint|p2a: Ferrothorn\n|\n|-weather|none\n|upkeep\n|\n|t:|1664658677\n|switch|p2a: Tyranitar|Tyranitar-Mega, M|76\/100\n|-weather|Sandstorm|[from] ability: Sand Stream|[of] p2a: Tyranitar\n|turn|10\n|\n|t:|1664658699\n|-activate|p1a: Leviathan|move: Pursuit\n|move|p2a: Tyranitar|Pursuit|p1a: Leviathan|[from]Pursuit\n|-damage|p1a: Leviathan|0 fnt\n|faint|p1a: Leviathan\n|-hint|A Pokemon can't switch between when it runs out of HP and when it faints\n|\n|-weather|Sandstorm|[upkeep]\n|upkeep\n|inactive|Redemption has 210 seconds left.\n|inactive|devin disconnected and has 300 seconds to reconnect!\n|player|p2|\n|inactive|Redemption has 180 seconds left.\n|inactive|devin reconnected.\n|player|p2|devin|proton\n|\n|t:|1664658754\n|switch|p1a: Guardian|Hoopa|100\/100\n|turn|11\n|\n|t:|1664658764\n|switch|p2a: Tornadus|Tornadus-Therian, M|100\/100\n|move|p1a: Guardian|Focus Blast|p2a: Tornadus|[miss]\n|-miss|p1a: Guardian|p2a: Tornadus\n|\n|-weather|Sandstorm|[upkeep]\n|-damage|p2a: Tornadus|94\/100|[from] Sandstorm\n|-damage|p1a: Guardian|95\/100|[from] Sandstorm\n|upkeep\n|turn|12\n|inactive|Redemption has 180 seconds left.\n|\n|t:|1664658773\n|switch|p1a: Impaler|Excadrill, M|68\/100\n|move|p2a: Tornadus|Knock Off|p1a: Impaler\n|-damage|p1a: Impaler|41\/100\n|-enditem|p1a: Impaler|Choice Scarf|[from] move: Knock Off|[of] p2a: Tornadus\n|\n|-weather|Sandstorm|[upkeep]\n|-damage|p2a: Tornadus|88\/100|[from] Sandstorm\n|upkeep\n|turn|13\n|\n|t:|1664658782\n|move|p1a: Impaler|Iron Head|p2a: Tornadus\n|-damage|p2a: Tornadus|39\/100\n|move|p2a: Tornadus|Heat Wave|p1a: Impaler|[miss]\n|-miss|p2a: Tornadus|p1a: Impaler\n|\n|-weather|Sandstorm|[upkeep]\n|-damage|p2a: Tornadus|33\/100|[from] Sandstorm\n|upkeep\n|turn|14\n|\n|t:|1664658796\n|switch|p2a: Reuniclus|Reuniclus, M|100\/100\n|move|p1a: Impaler|Iron Head|p2a: Reuniclus\n|-damage|p2a: Reuniclus|71\/100\n|\n|-weather|none\n|upkeep\n|turn|15\n|\n|t:|1664658804\n|switch|p2a: Tornadus|Tornadus-Therian, M|66\/100\n|move|p1a: Impaler|Earthquake|p2a: Tornadus\n|-immune|p2a: Tornadus\n|\n|upkeep\n|turn|16\n|\n|t:|1664658809\n|move|p2a: Tornadus|Hurricane|p1a: Impaler\n|-resisted|p1a: Impaler\n|-damage|p1a: Impaler|14\/100\n|move|p1a: Impaler|Rock Slide|p2a: Tornadus\n|-supereffective|p2a: Tornadus\n|-damage|p2a: Tornadus|2\/100\n|\n|upkeep\n|turn|17\n|\n|t:|1664658816\n|move|p2a: Tornadus|Knock Off|p1a: Impaler\n|-damage|p1a: Impaler|0 fnt\n|faint|p1a: Impaler\n|\n|upkeep\n|\n|t:|1664658818\n|switch|p1a: Poseidon|Manaphy|99\/100\n|turn|18\n|\n|t:|1664658823\n|move|p2a: Tornadus|Knock Off|p1a: Poseidon\n|-damage|p1a: Poseidon|86\/100\n|-enditem|p1a: Poseidon|Leftovers|[from] move: Knock Off|[of] p2a: Tornadus\n|move|p1a: Poseidon|Calm Mind|p1a: Poseidon\n|-boost|p1a: Poseidon|spa|1\n|-boost|p1a: Poseidon|spd|1\n|\n|upkeep\n|turn|19\n|\n|t:|1664658830\n|move|p2a: Tornadus|U-turn|p1a: Poseidon\n|-damage|p1a: Poseidon|77\/100\n|\n|t:|1664658833\n|switch|p2a: Tyranitar|Tyranitar-Mega, M|76\/100|[from]move: U-turn\n|-weather|Sandstorm|[from] ability: Sand Stream|[of] p2a: Tyranitar\n|move|p1a: Poseidon|Calm Mind|p1a: Poseidon\n|-boost|p1a: Poseidon|spa|1\n|-boost|p1a: Poseidon|spd|1\n|\n|-weather|Sandstorm|[upkeep]\n|-damage|p1a: Poseidon|71\/100|[from] Sandstorm\n|upkeep\n|turn|20\n|\n|t:|1664658857\n|move|p1a: Poseidon|Scald|p2a: Tyranitar\n|-supereffective|p2a: Tyranitar\n|-damage|p2a: Tyranitar|16\/100\n|move|p2a: Tyranitar|Crunch|p1a: Poseidon\n|-damage|p1a: Poseidon|38\/100\n|\n|-weather|Sandstorm|[upkeep]\n|-damage|p1a: Poseidon|32\/100|[from] Sandstorm\n|upkeep\n|turn|21\n|inactive|Redemption has 210 seconds left.\n|\n|t:|1664658894\n|move|p1a: Poseidon|Rain Dance|p1a: Poseidon\n|-weather|RainDance\n|move|p2a: Tyranitar|Crunch|p1a: Poseidon\n|-damage|p1a: Poseidon|0 fnt\n|faint|p1a: Poseidon\n|\n|-weather|RainDance|[upkeep]\n|upkeep\n|\n|t:|1664658898\n|switch|p1a: Guardian|Hoopa|95\/100\n|turn|22\n|\n|t:|1664658907\n|switch|p2a: Reuniclus|Reuniclus, M|71\/100\n|move|p1a: Guardian|Focus Blast|p2a: Reuniclus\n|-resisted|p2a: Reuniclus\n|-damage|p2a: Reuniclus|46\/100\n|\n|-weather|RainDance|[upkeep]\n|upkeep\n|turn|23\n|inactive|Redemption has 210 seconds left.\n|\n|t:|1664658916\n|switch|p2a: Tyranitar|Tyranitar-Mega, M|16\/100\n|-weather|Sandstorm|[from] ability: Sand Stream|[of] p2a: Tyranitar\n|move|p1a: Guardian|Shadow Ball|p2a: Tyranitar\n|-resisted|p2a: Tyranitar\n|-damage|p2a: Tyranitar|4\/100\n|\n|-weather|Sandstorm|[upkeep]\n|-damage|p1a: Guardian|89\/100|[from] Sandstorm\n|upkeep\n|turn|24\n|c|\u2606devin|gg \n|inactive|Redemption has 210 seconds left.\n|\n|t:|1664658928\n|move|p1a: Guardian|Shadow Ball|p2a: Tyranitar\n|-resisted|p2a: Tyranitar\n|-damage|p2a: Tyranitar|0 fnt\n|faint|p2a: Tyranitar\n|\n|-weather|Sandstorm|[upkeep]\n|-damage|p1a: Guardian|83\/100|[from] Sandstorm\n|upkeep\n|\n|t:|1664658933\n|switch|p2a: Excadrill|Excadrill, F|100\/100\n|turn|25\n|\n|t:|1664658940\n|move|p2a: Excadrill|Earthquake|p1a: Guardian\n|-damage|p1a: Guardian|0 fnt\n|faint|p1a: Guardian\n|\n|win|devin\n","uploadtime":1664658941,"views":37,"p1id":"redemption","p2id":"devin","formatid":"gen6ou","rating":0,"private":0,"password":null}