{"id":"smogtours-gen8randombattle-600648","p1":"Hara Corleone","p2":"The Last Hero","format":"gen8randombattle","log":"|inactive|Battle timer is ON: inactive players will automatically lose when time's up.\n|t:|1641490241\n|gametype|singles\n|player|p1|Hara Corleone|roxanne|\n|player|p2|The Last Hero|acetrainersnow|\n|teamsize|p1|6\n|teamsize|p2|6\n|gen|8\n|tier|[Gen 8] Random Battle\n|rule|Species Clause: Limit one of each Pok\u00e9mon\n|rule|HP Percentage Mod: HP is shown in percentages\n|rule|Sleep Clause Mod: Limit one foe put to sleep\n|\n|t:|1641490241\n|start\n|switch|p1a: Swoobat|Swoobat, L86, F|255\/255\n|switch|p2a: Carbink|Carbink, L86|226\/226\n|turn|1\n|\n|t:|1641490252\n|switch|p1a: Celesteela|Celesteela, L77|276\/276\n|switch|p2a: Rhydon|Rhydon, L87, F|324\/324\n|\n|upkeep\n|turn|2\n|\n|t:|1641490263\n|switch|p2a: Metagross|Metagross, L79|256\/256\n|move|p1a: Celesteela|Leech Seed|p2a: Metagross\n|-start|p2a: Metagross|move: Leech Seed\n|\n|-damage|p2a: Metagross|224\/256|[from] Leech Seed|[of] p1a: Celesteela\n|upkeep\n|turn|3\n|\n|t:|1641490273\n|switch|p1a: Hippowdon|Hippowdon, L80, F|304\/304\n|-weather|Sandstorm|[from] ability: Sand Stream|[of] p1a: Hippowdon\n|move|p2a: Metagross|Thunder Punch|p1a: Hippowdon\n|-immune|p1a: Hippowdon\n|\n|-weather|Sandstorm|[upkeep]\n|-damage|p2a: Metagross|192\/256|[from] Leech Seed|[of] p1a: Hippowdon\n|upkeep\n|turn|4\n|\n|t:|1641490279\n|switch|p2a: Jellicent|Jellicent, L84, M|305\/305\n|move|p1a: Hippowdon|Stealth Rock|p2a: Jellicent\n|-sidestart|p2: The Last Hero|move: Stealth Rock\n|\n|-weather|Sandstorm|[upkeep]\n|-damage|p2a: Jellicent|286\/305|[from] Sandstorm\n|-heal|p2a: Jellicent|305\/305|[from] item: Leftovers\n|upkeep\n|turn|5\n|\n|t:|1641490288\n|switch|p1a: Pincurchin|Pincurchin, L88, F|228\/228\n|-fieldstart|move: Electric Terrain|[from] ability: Electric Surge|[of] p1a: Pincurchin\n|move|p2a: Jellicent|Scald|p1a: Pincurchin\n|-damage|p1a: Pincurchin|150\/228\n|\n|-weather|Sandstorm|[upkeep]\n|-damage|p2a: Jellicent|286\/305|[from] Sandstorm\n|-damage|p1a: Pincurchin|136\/228|[from] Sandstorm\n|-heal|p2a: Jellicent|305\/305|[from] item: Leftovers\n|upkeep\n|turn|6\n|\n|t:|1641490295\n|switch|p2a: Carbink|Carbink, L86|226\/226\n|-damage|p2a: Carbink|198\/226|[from] Stealth Rock\n|move|p1a: Pincurchin|Toxic Spikes|p2a: Carbink\n|-sidestart|p2: The Last Hero|move: Toxic Spikes\n|\n|-weather|Sandstorm|[upkeep]\n|-damage|p1a: Pincurchin|122\/228|[from] Sandstorm\n|upkeep\n|turn|7\n|\n|t:|1641490298\n|move|p2a: Carbink|Stealth Rock|p1a: Pincurchin\n|-sidestart|p1: Hara Corleone|move: Stealth Rock\n|move|p1a: Pincurchin|Rising Voltage|p2a: Carbink\n|-damage|p2a: Carbink|107\/226\n|\n|-weather|none\n|upkeep\n|turn|8\n|\n|t:|1641490303\n|move|p2a: Carbink|Light Screen|p2a: Carbink\n|-sidestart|p2: The Last Hero|move: Light Screen\n|move|p1a: Pincurchin|Rising Voltage|p2a: Carbink\n|-damage|p2a: Carbink|43\/226\n|\n|upkeep\n|turn|9\n|\n|t:|1641490312\n|move|p2a: Carbink|Reflect|p2a: Carbink\n|-sidestart|p2: The Last Hero|Reflect\n|move|p1a: Pincurchin|Toxic Spikes|p2a: Carbink\n|-sidestart|p2: The Last Hero|move: Toxic Spikes\n|\n|-fieldend|move: Electric Terrain\n|upkeep\n|turn|10\n|\n|t:|1641490315\n|move|p2a: Carbink|Moonblast|p1a: Pincurchin\n|-damage|p1a: Pincurchin|55\/228\n|-unboost|p1a: Pincurchin|spa|1\n|move|p1a: Pincurchin|Scald|p2a: Carbink\n|-supereffective|p2a: Carbink\n|-damage|p2a: Carbink|17\/226\n|\n|upkeep\n|turn|11\n|\n|t:|1641490323\n|move|p1a: Pincurchin|Sucker Punch|p2a: Carbink\n|-resisted|p2a: Carbink\n|-damage|p2a: Carbink|9\/226\n|move|p2a: Carbink|Moonblast|p1a: Pincurchin\n|-damage|p1a: Pincurchin|0 fnt\n|faint|p1a: Pincurchin\n|\n|upkeep\n|\n|t:|1641490327\n|switch|p1a: Celesteela|Celesteela, L77|276\/276\n|-damage|p1a: Celesteela|242\/276|[from] Stealth Rock\n|turn|12\n|\n|t:|1641490330\n|switch|p2a: Metagross|Metagross, L79|192\/256\n|-damage|p2a: Metagross|176\/256|[from] Stealth Rock\n|move|p1a: Celesteela|Flash Cannon|p2a: Metagross\n|-resisted|p2a: Metagross\n|-damage|p2a: Metagross|156\/256\n|\n|-heal|p1a: Celesteela|259\/276|[from] item: Leftovers\n|upkeep\n|turn|13\n|\n|t:|1641490334\n|move|p1a: Celesteela|Protect|p1a: Celesteela\n|-singleturn|p1a: Celesteela|Protect\n|move|p2a: Metagross|Thunder Punch|p1a: Celesteela\n|-activate|p1a: Celesteela|move: Protect\n|\n|-heal|p1a: Celesteela|276\/276|[from] item: Leftovers\n|upkeep\n|turn|14\n|\n|t:|1641490340\n|switch|p1a: Hippowdon|Hippowdon, L80, F|304\/304\n|-damage|p1a: Hippowdon|285\/304|[from] Stealth Rock\n|-weather|Sandstorm|[from] ability: Sand Stream|[of] p1a: Hippowdon\n|move|p2a: Metagross|Thunder Punch|p1a: Hippowdon\n|-immune|p1a: Hippowdon\n|\n|-weather|Sandstorm|[upkeep]\n|-heal|p1a: Hippowdon|304\/304|[from] item: Leftovers\n|upkeep\n|turn|15\n|\n|t:|1641490346\n|move|p2a: Metagross|Meteor Mash|p1a: Hippowdon\n|-damage|p1a: Hippowdon|204\/304\n|move|p1a: Hippowdon|Whirlwind|p2a: Metagross\n|drag|p2a: Stunfisk|Stunfisk-Galar, L84, M|320\/320\n|-damage|p2a: Stunfisk|310\/320|[from] Stealth Rock\n|\n|-weather|Sandstorm|[upkeep]\n|-heal|p1a: Hippowdon|223\/304|[from] item: Leftovers\n|-heal|p2a: Stunfisk|320\/320|[from] item: Leftovers\n|-sideend|p2: The Last Hero|move: Light Screen\n|upkeep\n|turn|16\n|\n|t:|1641490357\n|move|p1a: Hippowdon|Slack Off|p1a: Hippowdon\n|-heal|p1a: Hippowdon|304\/304\n|move|p2a: Stunfisk|Earthquake|p1a: Hippowdon\n|-damage|p1a: Hippowdon|231\/304\n|\n|-weather|Sandstorm|[upkeep]\n|-heal|p1a: Hippowdon|250\/304|[from] item: Leftovers\n|-sideend|p2: The Last Hero|Reflect\n|upkeep\n|turn|17\n|\n|t:|1641490362\n|switch|p2a: Carbink|Carbink, L86|9\/226\n|-damage|p2a: Carbink|0 fnt|[from] Stealth Rock\n|faint|p2a: Carbink\n|move|p1a: Hippowdon|Whirlwind|p2: Carbink|[notarget]\n|-fail|p1a: Hippowdon\n|\n|-weather|Sandstorm|[upkeep]\n|-heal|p1a: Hippowdon|269\/304|[from] item: Leftovers\n|upkeep\n|\n|t:|1641490370\n|switch|p2a: Jellicent|Jellicent, L87, M|246\/246\n|-damage|p2a: Jellicent|216\/246|[from] Stealth Rock\n|-status|p2a: Jellicent|tox\n|turn|18\n|\n|t:|1641490380\n|move|p2a: Jellicent|Nasty Plot|p2a: Jellicent\n|-boost|p2a: Jellicent|spa|2\n|move|p1a: Hippowdon|Earthquake|p2a: Jellicent\n|-damage|p2a: Jellicent|78\/246 tox\n|replace|p2a: Zoroark|Zoroark, L87, M\n|-end|p2a: Zoroark|Illusion\n|\n|-weather|none\n|-heal|p1a: Hippowdon|288\/304|[from] item: Leftovers\n|-damage|p2a: Zoroark|63\/246 tox|[from] psn\n|upkeep\n|turn|19\n|inactive|Hara Corleone has 270 seconds left.\n|\n|t:|1641490414\n|switch|p1a: Milotic|Milotic, L82, F|290\/290\n|-damage|p1a: Milotic|254\/290|[from] Stealth Rock\n|move|p2a: Zoroark|Dark Pulse|p1a: Milotic\n|-damage|p1a: Milotic|47\/290\n|-damage|p2a: Zoroark|39\/246 tox|[from] item: Life Orb\n|\n|-heal|p1a: Milotic|65\/290|[from] item: Leftovers\n|-damage|p2a: Zoroark|9\/246 tox|[from] psn\n|upkeep\n|turn|20\n|\n|t:|1641490420\n|move|p2a: Zoroark|Dark Pulse|p1a: Milotic\n|-damage|p1a: Milotic|0 fnt\n|faint|p1a: Milotic\n|-damage|p2a: Zoroark|0 fnt|[from] item: Life Orb\n|faint|p2a: Zoroark\n|\n|upkeep\n|\n|t:|1641490432\n|switch|p2a: Rhydon|Rhydon, L87, F|324\/324\n|switch|p1a: Swoobat|Swoobat, L86, F|255\/255\n|-damage|p2a: Rhydon|304\/324|[from] Stealth Rock\n|-status|p2a: Rhydon|tox\n|turn|21\n|\n|t:|1641490436\n|switch|p1a: Celesteela|Celesteela, L77|276\/276\n|-damage|p1a: Celesteela|242\/276|[from] Stealth Rock\n|move|p2a: Rhydon|Stone Edge|p1a: Celesteela|[miss]\n|-miss|p2a: Rhydon|p1a: Celesteela\n|\n|-heal|p1a: Celesteela|259\/276|[from] item: Leftovers\n|-damage|p2a: Rhydon|284\/324 tox|[from] psn\n|upkeep\n|turn|22\n|\n|t:|1641490441\n|switch|p2a: Jellicent|Jellicent, L84, M|305\/305\n|-damage|p2a: Jellicent|267\/305|[from] Stealth Rock\n|-status|p2a: Jellicent|tox\n|move|p1a: Celesteela|Leech Seed|p2a: Jellicent\n|-start|p2a: Jellicent|move: Leech Seed\n|\n|-heal|p2a: Jellicent|286\/305 tox|[from] item: Leftovers\n|-heal|p1a: Celesteela|276\/276|[from] item: Leftovers\n|-damage|p2a: Jellicent|248\/305 tox|[from] Leech Seed|[of] p1a: Celesteela\n|-damage|p2a: Jellicent|229\/305 tox|[from] psn\n|upkeep\n|turn|23\n|\n|t:|1641490447\n|move|p1a: Celesteela|Protect|p1a: Celesteela\n|-singleturn|p1a: Celesteela|Protect\n|move|p2a: Jellicent|Recover|p2a: Jellicent\n|-heal|p2a: Jellicent|305\/305 tox\n|\n|-damage|p2a: Jellicent|267\/305 tox|[from] Leech Seed|[of] p1a: Celesteela\n|-damage|p2a: Jellicent|229\/305 tox|[from] psn\n|upkeep\n|turn|24\n|\n|t:|1641490456\n|move|p2a: Jellicent|Scald|p1a: Celesteela\n|-damage|p1a: Celesteela|206\/276\n|move|p1a: Celesteela|Air Slash|p2a: Jellicent|[miss]\n|-miss|p1a: Celesteela|p2a: Jellicent\n|\n|-heal|p2a: Jellicent|248\/305 tox|[from] item: Leftovers\n|-heal|p1a: Celesteela|223\/276|[from] item: Leftovers\n|-damage|p2a: Jellicent|210\/305 tox|[from] Leech Seed|[of] p1a: Celesteela\n|-heal|p1a: Celesteela|261\/276|[silent]\n|-damage|p2a: Jellicent|153\/305 tox|[from] psn\n|upkeep\n|turn|25\n|\n|t:|1641490461\n|switch|p2a: Stunfisk|Stunfisk-Galar, L84, M|320\/320\n|-damage|p2a: Stunfisk|310\/320|[from] Stealth Rock\n|move|p1a: Celesteela|Air Slash|p2a: Stunfisk\n|-resisted|p2a: Stunfisk\n|-damage|p2a: Stunfisk|271\/320\n|\n|-heal|p1a: Celesteela|276\/276|[from] item: Leftovers\n|-heal|p2a: Stunfisk|291\/320|[from] item: Leftovers\n|upkeep\n|turn|26\n|\n|t:|1641490466\n|switch|p1a: Hippowdon|Hippowdon, L80, F|288\/304\n|-damage|p1a: Hippowdon|269\/304|[from] Stealth Rock\n|-weather|Sandstorm|[from] ability: Sand Stream|[of] p1a: Hippowdon\n|move|p2a: Stunfisk|Thunder Wave|p1a: Hippowdon\n|-immune|p1a: Hippowdon\n|\n|-weather|Sandstorm|[upkeep]\n|-heal|p1a: Hippowdon|288\/304|[from] item: Leftovers\n|-heal|p2a: Stunfisk|311\/320|[from] item: Leftovers\n|upkeep\n|turn|27\n|\n|t:|1641490473\n|switch|p2a: Rhydon|Rhydon, L87, F|284\/324 tox\n|-damage|p2a: Rhydon|264\/324 tox|[from] Stealth Rock\n|move|p1a: Hippowdon|Whirlwind|p2a: Rhydon\n|drag|p2a: Metagross|Metagross, L79|156\/256\n|-damage|p2a: Metagross|140\/256|[from] Stealth Rock\n|\n|-weather|Sandstorm|[upkeep]\n|-heal|p1a: Hippowdon|304\/304|[from] item: Leftovers\n|upkeep\n|turn|28\n|\n|t:|1641490481\n|move|p2a: Metagross|Meteor Mash|p1a: Hippowdon\n|-damage|p1a: Hippowdon|211\/304\n|move|p1a: Hippowdon|Whirlwind|p2a: Metagross\n|drag|p2a: Jellicent|Jellicent, L84, M|153\/305 tox\n|-damage|p2a: Jellicent|115\/305 tox|[from] Stealth Rock\n|\n|-weather|Sandstorm|[upkeep]\n|-damage|p2a: Jellicent|96\/305 tox|[from] Sandstorm\n|-heal|p2a: Jellicent|115\/305 tox|[from] item: Leftovers\n|-heal|p1a: Hippowdon|230\/304|[from] item: Leftovers\n|-damage|p2a: Jellicent|96\/305 tox|[from] psn\n|upkeep\n|turn|29\n|\n|t:|1641490492\n|switch|p1a: Machamp|Machamp, L82, F|282\/282\n|-damage|p1a: Machamp|265\/282|[from] Stealth Rock\n|move|p2a: Jellicent|Scald|p1a: Machamp\n|-damage|p1a: Machamp|181\/282\n|\n|-weather|Sandstorm|[upkeep]\n|-damage|p2a: Jellicent|77\/305 tox|[from] Sandstorm\n|-damage|p1a: Machamp|164\/282|[from] Sandstorm\n|-heal|p2a: Jellicent|96\/305 tox|[from] item: Leftovers\n|-damage|p2a: Jellicent|58\/305 tox|[from] psn\n|-status|p1a: Machamp|brn|[from] item: Flame Orb\n|upkeep\n|turn|30\n|\n|t:|1641490498\n|move|p2a: Jellicent|Shadow Ball|p1a: Machamp\n|-damage|p1a: Machamp|80\/282 brn\n|move|p1a: Machamp|Knock Off|p2a: Jellicent\n|-supereffective|p2a: Jellicent\n|-damage|p2a: Jellicent|0 fnt\n|-enditem|p2a: Jellicent|Leftovers|[from] move: Knock Off|[of] p1a: Machamp\n|faint|p2a: Jellicent\n|\n|-weather|none\n|-damage|p1a: Machamp|63\/282 brn|[from] brn\n|upkeep\n|\n|t:|1641490501\n|switch|p2a: Metagross|Metagross, L79|140\/256\n|-damage|p2a: Metagross|124\/256|[from] Stealth Rock\n|turn|31\n|\n|t:|1641490504\n|move|p2a: Metagross|Meteor Mash|p1a: Machamp\n|-damage|p1a: Machamp|0 fnt\n|faint|p1a: Machamp\n|\n|upkeep\n|\n|t:|1641490511\n|switch|p1a: Hippowdon|Hippowdon, L80, F|230\/304\n|-damage|p1a: Hippowdon|211\/304|[from] Stealth Rock\n|-weather|Sandstorm|[from] ability: Sand Stream|[of] p1a: Hippowdon\n|turn|32\n|\n|t:|1641490517\n|move|p2a: Metagross|Meteor Mash|p1a: Hippowdon\n|-damage|p1a: Hippowdon|118\/304\n|-boost|p2a: Metagross|atk|1\n|move|p1a: Hippowdon|Slack Off|p1a: Hippowdon\n|-heal|p1a: Hippowdon|270\/304\n|\n|-weather|Sandstorm|[upkeep]\n|-heal|p1a: Hippowdon|289\/304|[from] item: Leftovers\n|upkeep\n|turn|33\n|\n|t:|1641490523\n|-start|p2a: Metagross|Dynamax\n|-heal|p2a: Metagross|248\/512|[silent]\n|-start|p1a: Hippowdon|Dynamax\n|-heal|p1a: Hippowdon|578\/608|[silent]\n|move|p2a: Metagross|Max Steelspike|p1a: Hippowdon\n|-damage|p1a: Hippowdon|395\/608\n|-boost|p2a: Metagross|def|1\n|move|p1a: Hippowdon|Max Quake|p2a: Metagross\n|-supereffective|p2a: Metagross\n|-damage|p2a: Metagross|92\/512\n|-boost|p1a: Hippowdon|spd|1\n|-enditem|p2a: Metagross|Weakness Policy\n|-boost|p2a: Metagross|atk|2|[from] item: Weakness Policy\n|-boost|p2a: Metagross|spa|2|[from] item: Weakness Policy\n|\n|-weather|Sandstorm|[upkeep]\n|-heal|p1a: Hippowdon|414\/608|[from] item: Leftovers\n|upkeep\n|turn|34\n|\n|t:|1641490528\n|move|p2a: Metagross|Max Steelspike|p1a: Hippowdon\n|-damage|p1a: Hippowdon|57\/608\n|-boost|p2a: Metagross|def|1\n|move|p1a: Hippowdon|Max Quake|p2a: Metagross\n|-supereffective|p2a: Metagross\n|-damage|p2a: Metagross|0 fnt\n|-boost|p1a: Hippowdon|spd|1\n|faint|p2a: Metagross\n|\n|-weather|Sandstorm|[upkeep]\n|-heal|p1a: Hippowdon|76\/608|[from] item: Leftovers\n|upkeep\n|\n|t:|1641490535\n|switch|p2a: Rhydon|Rhydon, L87, F|264\/324 tox\n|-damage|p2a: Rhydon|244\/324 tox|[from] Stealth Rock\n|turn|35\n|\n|t:|1641490541\n|move|p1a: Hippowdon|Max Quake|p2a: Rhydon\n|-supereffective|p2a: Rhydon\n|-damage|p2a: Rhydon|100\/324 tox\n|-boost|p1a: Hippowdon|spd|1\n|move|p2a: Rhydon|Earthquake|p1a: Hippowdon\n|-damage|p1a: Hippowdon|0 fnt\n|faint|p1a: Hippowdon\n|\n|-weather|Sandstorm|[upkeep]\n|-damage|p2a: Rhydon|80\/324 tox|[from] psn\n|upkeep\n|\n|t:|1641490546\n|switch|p1a: Celesteela|Celesteela, L77|276\/276\n|-damage|p1a: Celesteela|242\/276|[from] Stealth Rock\n|turn|36\n|\n|t:|1641490548\n|move|p1a: Celesteela|Flash Cannon|p2a: Rhydon\n|-supereffective|p2a: Rhydon\n|-damage|p2a: Rhydon|0 fnt\n|faint|p2a: Rhydon\n|-ability|p1a: Celesteela|Beast Boost|boost\n|-boost|p1a: Celesteela|spa|1\n|\n|-weather|none\n|-heal|p1a: Celesteela|259\/276|[from] item: Leftovers\n|upkeep\n|\n|t:|1641490551\n|switch|p2a: Stunfisk|Stunfisk-Galar, L84, M|311\/320\n|-damage|p2a: Stunfisk|301\/320|[from] Stealth Rock\n|turn|37\n|\n|t:|1641490554\n|move|p1a: Celesteela|Leech Seed|p2a: Stunfisk\n|-start|p2a: Stunfisk|move: Leech Seed\n|move|p2a: Stunfisk|Thunder Wave|p1a: Celesteela\n|-status|p1a: Celesteela|par\n|\n|-heal|p2a: Stunfisk|320\/320|[from] item: Leftovers\n|-heal|p1a: Celesteela|276\/276 par|[from] item: Leftovers\n|-damage|p2a: Stunfisk|280\/320|[from] Leech Seed|[of] p1a: Celesteela\n|upkeep\n|turn|38\n|c|\u2606The Last Hero|gg\n|-message|The Last Hero forfeited.\n|\n|win|Hara Corleone\n","inputlog":">version eb93b888755b43e2e7e090fc5a133c1240022351\n>start {\"formatid\":\"gen8randombattle\",\"seed\":[31266,11621,35937,4841]}\n>player p1 {\"name\":\"Hara Corleone\",\"avatar\":\"roxanne\",\"rating\":0,\"seed\":[13328,63394,52405,9033]}\n>player p2 {\"name\":\"The Last Hero\",\"avatar\":\"acetrainersnow\",\"rating\":0,\"seed\":[15497,21672,44171,30886]}\n>p1 switch 3\n>p2 switch 6\n>p1 move leechseed\n>p2 switch 5\n>p1 switch 5\n>p2 move thunderpunch\n>p1 move stealthrock\n>p2 switch 3\n>p1 switch 6\n>p2 move scald\n>p1 move toxicspikes\n>p2 switch 6\n>p1 move risingvoltage\n>p2 move stealthrock\n>p1 move risingvoltage\n>p2 move lightscreen\n>p1 move toxicspikes\n>p2 move reflect\n>p1 move scald\n>p2 move moonblast\n>p1 move suckerpunch\n>p2 move moonblast\n>p1 switch 5\n>p1 move flashcannon\n>p2 switch 3\n>p1 move protect\n>p2 move thunderpunch\n>p1 switch 6\n>p2 move thunderpunch\n>p1 move whirlwind\n>p2 move meteormash\n>p1 move slackoff\n>p2 move earthquake\n>p1 move whirlwind\n>p2 switch 3\n>p2 switch 4\n>p1 move earthquake\n>p2 move nastyplot\n>p1 switch 2\n>p2 move darkpulse\n>p1 move recover\n>p2 move darkpulse\n>p1 switch 3\n>p2 switch 5\n>p1 switch 6\n>p2 move stoneedge\n>p1 move leechseed\n>p2 switch 6\n>p1 move protect\n>p2 move recover\n>p1 move airslash\n>p2 move scald\n>p1 move airslash\n>p2 switch 3\n>p1 switch 2\n>p2 move thunderwave\n>p1 move whirlwind\n>p2 switch 6\n>p1 move whirlwind\n>p2 move meteormash\n>p1 switch 4\n>p2 move scald\n>p1 move knockoff\n>p2 move shadowball\n>p2 switch 3\n>p1 move knockoff\n>p2 move meteormash\n>p1 switch 4\n>p1 move slackoff\n>p2 move meteormash\n>p1 move earthquake dynamax\n>p2 move meteormash dynamax\n>p1 move earthquake dynamax\n>p2 move meteormash dynamax\n>p2 switch 2\n>p1 move earthquake dynamax\n>p2 move earthquake\n>p1 switch 2\n>p1 move flashcannon\n>p2 move stoneedge\n>p2 switch 6\n>p1 move leechseed\n>p2 move thunderwave\n>chat \u2606The Last Hero|gg\n>forcelose p2","uploadtime":1641490559,"views":6,"p1id":"haracorleone","p2id":"thelasthero","formatid":"gen8randombattle","rating":0,"private":0,"password":null}