{"id":"smogtours-gen6ubers-645505","p1":"Erika Kane","p2":"Skysolo \u2764","format":"gen6ubers","log":"|inactive|Battle timer is ON: inactive players will automatically lose when time's up.\n|t:|1661702851\n|gametype|singles\n|player|p1|Erika Kane|phoebe-gen3|\n|player|p2|Skysolo \u2764|#pspl2019ubers|\n|teamsize|p1|6\n|teamsize|p2|6\n|gen|6\n|tier|[Gen 6] Ubers\n|rule|Sleep Clause Mod: Limit one foe put to sleep\n|rule|Species Clause: Limit one of each Pok\u00e9mon\n|rule|OHKO Clause: OHKO moves are banned\n|rule|Moody Clause: Moody is banned\n|rule|Evasion Moves Clause: Evasion moves are banned\n|rule|Endless Battle Clause: Forcing endless battles is banned\n|rule|HP Percentage Mod: HP is shown in percentages\n|rule|Swagger Clause: Swagger is banned\n|rule|Mega Rayquaza Clause: You cannot mega evolve Rayquaza\n|clearpoke\n|poke|p1|Gengar, M|item\n|poke|p1|Cloyster, F|item\n|poke|p1|Rayquaza|item\n|poke|p1|Arceus-*|item\n|poke|p1|Groudon|item\n|poke|p1|Xerneas-*|item\n|poke|p2|Xerneas-*|item\n|poke|p2|Gengar, F|item\n|poke|p2|Arceus-*|item\n|poke|p2|Latios, M|item\n|poke|p2|Yveltal|item\n|poke|p2|Groudon|item\n|teampreview\n|c|\u2606Erika Kane|hf\n|c|\u2606Skysolo \u2764|u2\n|\n|t:|1661702879\n|start\n|switch|p1a: Cloyster|Cloyster, F|100\/100\n|switch|p2a: Groudon|Groudon|100\/100\n|detailschange|p2a: Groudon|Groudon-Primal\n|-primal|p2a: Groudon\n|-weather|DesolateLand|[from] ability: Desolate Land|[of] p2a: Groudon\n|turn|1\n|\n|t:|1661702887\n|move|p1a: Cloyster|Toxic Spikes|p2a: Groudon\n|-sidestart|p2: Skysolo \u2764|move: Toxic Spikes\n|move|p2a: Groudon|Lava Plume|p1a: Cloyster\n|-enditem|p1a: Cloyster|Focus Sash\n|-damage|p1a: Cloyster|1\/100\n|-status|p1a: Cloyster|brn\n|\n|-weather|DesolateLand|[upkeep]\n|-damage|p1a: Cloyster|0 fnt|[from] brn\n|faint|p1a: Cloyster\n|upkeep\n|inactive|Erika Kane has 270 seconds left.\n|\n|t:|1661702931\n|switch|p1a: Rayquaza|Rayquaza|100\/100\n|-ability|p1a: Rayquaza|Air Lock\n|turn|2\n|\n|t:|1661702949\n|move|p1a: Rayquaza|Dragon Ascent|p2a: Groudon\n|-damage|p2a: Groudon|45\/100\n|-unboost|p1a: Rayquaza|def|1\n|-unboost|p1a: Rayquaza|spd|1\n|move|p2a: Groudon|Stealth Rock|p1a: Rayquaza\n|-sidestart|p1: Erika Kane|move: Stealth Rock\n|\n|-weather|DesolateLand|[upkeep]\n|upkeep\n|turn|3\n|\n|t:|1661702960\n|move|p1a: Rayquaza|Dragon Ascent|p2a: Groudon\n|-damage|p2a: Groudon|0 fnt\n|-unboost|p1a: Rayquaza|def|1\n|-unboost|p1a: Rayquaza|spd|1\n|faint|p2a: Groudon\n|-weather|none\n|\n|upkeep\n|\n|t:|1661702967\n|switch|p2a: Yveltal|Yveltal|100\/100\n|-ability|p2a: Yveltal|Dark Aura\n|turn|4\n|\n|t:|1661702982\n|switch|p1a: Arceus|Arceus-Ground|100\/100\n|-damage|p1a: Arceus|94\/100|[from] Stealth Rock\n|move|p2a: Yveltal|Dark Pulse|p1a: Arceus\n|-damage|p1a: Arceus|38\/100\n|-damage|p2a: Yveltal|91\/100|[from] item: Life Orb\n|\n|upkeep\n|turn|5\n|\n|t:|1661702987\n|move|p1a: Arceus|Recover|p1a: Arceus\n|-heal|p1a: Arceus|88\/100\n|move|p2a: Yveltal|Dark Pulse|p1a: Arceus\n|-damage|p1a: Arceus|37\/100\n|-damage|p2a: Yveltal|81\/100|[from] item: Life Orb\n|\n|upkeep\n|turn|6\n|\n|t:|1661702993\n|switch|p2a: Latios|Latios, M|100\/100\n|move|p1a: Arceus|Recover|p1a: Arceus\n|-heal|p1a: Arceus|87\/100\n|\n|upkeep\n|turn|7\n|\n|t:|1661703013\n|move|p1a: Arceus|Swords Dance|p1a: Arceus\n|-boost|p1a: Arceus|atk|2\n|move|p2a: Latios|Grass Knot|p1a: Arceus\n|-supereffective|p1a: Arceus\n|-damage|p1a: Arceus|0 fnt\n|faint|p1a: Arceus\n|\n|upkeep\n|\n|t:|1661703022\n|switch|p1a: Xerneas|Xerneas|100\/100\n|-damage|p1a: Xerneas|88\/100|[from] Stealth Rock\n|-ability|p1a: Xerneas|Fairy Aura\n|turn|8\n|inactive|Skysolo \u2764 has 270 seconds left.\n|\n|t:|1661703062\n|move|p2a: Latios|Grass Knot|p1a: Xerneas\n|-damage|p1a: Xerneas|37\/100\n|move|p1a: Xerneas|Geomancy||[still]\n|-prepare|p1a: Xerneas|Geomancy\n|-enditem|p1a: Xerneas|Power Herb\n|-anim|p1a: Xerneas|Geomancy|p1a: Xerneas\n|-boost|p1a: Xerneas|spa|2\n|-boost|p1a: Xerneas|spd|2\n|-boost|p1a: Xerneas|spe|2\n|\n|upkeep\n|turn|9\n|\n|t:|1661703069\n|move|p1a: Xerneas|Moonblast|p2a: Latios\n|-supereffective|p2a: Latios\n|-damage|p2a: Latios|0 fnt\n|faint|p2a: Latios\n|\n|upkeep\n|inactive|Skysolo \u2764 has 270 seconds left.\n|inactive|Skysolo \u2764 has 240 seconds left.\n|\n|t:|1661703114\n|switch|p2a: Arceus|Arceus|100\/100\n|-status|p2a: Arceus|psn\n|-enditem|p2a: Arceus|Lum Berry|[eat]\n|-curestatus|p2a: Arceus|psn|[msg]\n|turn|10\n|inactive|Skysolo \u2764 has 240 seconds left.\n|inactive|Erika Kane has 270 seconds left.\n|\n|t:|1661703159\n|move|p2a: Arceus|Extreme Speed|p1a: Xerneas\n|-damage|p1a: Xerneas|7\/100\n|move|p1a: Xerneas|Focus Blast|p2a: Arceus\n|-supereffective|p2a: Arceus\n|-damage|p2a: Arceus|0 fnt\n|faint|p2a: Arceus\n|\n|upkeep\n|inactive|Skysolo \u2764 has 240 seconds left.\n|\n|t:|1661703172\n|switch|p2a: Yveltal|Yveltal|81\/100\n|-ability|p2a: Yveltal|Dark Aura\n|turn|11\n|inactive|Erika Kane has 270 seconds left.\n|inactive|Erika Kane has 240 seconds left.\n|inactive|Erika Kane has 210 seconds left.\n|inactive|Erika Kane has 180 seconds left.\n|inactive|Erika Kane has 150 seconds left.\n|inactive|Erika Kane has 120 seconds left.\n|\n|t:|1661703347\n|move|p2a: Yveltal|Sucker Punch|p1a: Xerneas\n|-resisted|p1a: Xerneas\n|-damage|p1a: Xerneas|0 fnt\n|faint|p1a: Xerneas\n|-damage|p2a: Yveltal|71\/100|[from] item: Life Orb\n|\n|upkeep\n|inactive|Erika Kane has 90 seconds left.\n|inactive|Erika Kane has 60 seconds left.\n|inactive|Erika Kane has 30 seconds left.\n|\n|t:|1661703436\n|switch|p1a: Rayquaza|Rayquaza|100\/100\n|-damage|p1a: Rayquaza|76\/100|[from] Stealth Rock\n|-ability|p1a: Rayquaza|Air Lock\n|turn|12\n|inactive|Erika Kane has 30 seconds left.\n|\n|t:|1661703444\n|move|p2a: Yveltal|Dark Pulse|p1a: Rayquaza\n|-damage|p1a: Rayquaza|1\/100\n|-damage|p2a: Yveltal|61\/100|[from] item: Life Orb\n|cant|p1a: Rayquaza|flinch\n|\n|upkeep\n|turn|13\n|\n|t:|1661703448\n|move|p1a: Rayquaza|Extreme Speed|p2a: Yveltal\n|-damage|p2a: Yveltal|22\/100\n|move|p2a: Yveltal|Oblivion Wing|p1a: Rayquaza\n|-damage|p1a: Rayquaza|0 fnt\n|-heal|p2a: Yveltal|22\/100|[from] drain|[of] p1a: Rayquaza\n|faint|p1a: Rayquaza\n|-damage|p2a: Yveltal|12\/100|[from] item: Life Orb\n|\n|upkeep\n|\n|t:|1661703459\n|switch|p1a: Gengar|Gengar, M|100\/100\n|-damage|p1a: Gengar|88\/100|[from] Stealth Rock\n|turn|14\n|\n|t:|1661703464\n|detailschange|p1a: Gengar|Gengar-Mega, M\n|-mega|p1a: Gengar|Gengar|Gengarite\n|move|p1a: Gengar|Will-O-Wisp|p2a: Yveltal\n|-status|p2a: Yveltal|brn\n|move|p2a: Yveltal|Dark Pulse|p1a: Gengar\n|-supereffective|p1a: Gengar\n|-damage|p1a: Gengar|0 fnt\n|faint|p1a: Gengar\n|-damage|p2a: Yveltal|3\/100 brn|[from] item: Life Orb\n|\n|-damage|p2a: Yveltal|0 fnt|[from] brn\n|faint|p2a: Yveltal\n|upkeep\n|\n|t:|1661703471\n|switch|p1a: Groudon|Groudon|100\/100\n|switch|p2a: Gengar|Gengar, F|100\/100\n|-damage|p1a: Groudon|94\/100|[from] Stealth Rock\n|detailschange|p1a: Groudon|Groudon-Primal\n|-primal|p1a: Groudon\n|-weather|DesolateLand|[from] ability: Desolate Land|[of] p1a: Groudon\n|turn|15\n|\n|t:|1661703476\n|detailschange|p2a: Gengar|Gengar-Mega, F\n|-mega|p2a: Gengar|Gengar|Gengarite\n|move|p2a: Gengar|Icy Wind|p1a: Groudon\n|-damage|p1a: Groudon|74\/100\n|-unboost|p1a: Groudon|spe|1\n|move|p1a: Groudon|Rock Tomb|p2a: Gengar\n|-damage|p2a: Gengar|55\/100\n|-unboost|p2a: Gengar|spe|1\n|\n|-weather|DesolateLand|[upkeep]\n|upkeep\n|turn|16\n|\n|t:|1661703485\n|move|p2a: Gengar|Shadow Ball|p1a: Groudon\n|-damage|p1a: Groudon|30\/100\n|-unboost|p1a: Groudon|spd|1\n|move|p1a: Groudon|Precipice Blades|p2a: Gengar\n|-supereffective|p2a: Gengar\n|-damage|p2a: Gengar|0 fnt\n|faint|p2a: Gengar\n|\n|-weather|DesolateLand|[upkeep]\n|upkeep\n|\n|t:|1661703491\n|switch|p2a: Xerneas|Xerneas|100\/100\n|-status|p2a: Xerneas|psn\n|-ability|p2a: Xerneas|Fairy Aura\n|turn|17\n|\n|t:|1661703493\n|move|p2a: Xerneas|Moonblast|p1a: Groudon\n|-resisted|p1a: Groudon\n|-damage|p1a: Groudon|0 fnt\n|faint|p1a: Groudon\n|-weather|none\n|\n|win|Skysolo \u2764\n","uploadtime":1661703494,"views":5,"p1id":"erikakane","p2id":"skysolo","formatid":"gen6ubers","rating":0,"private":0,"password":null}