{"id":"smogtours-gen8lc-596725","p1":"Laroxyl","p2":"TDK","format":"gen8lc","log":"|inactive|Battle timer is ON: inactive players will automatically lose when time's up.\n|t:|1639156662\n|gametype|singles\n|player|p1|Laroxyl|#scl1spartans|\n|player|p2|TDK|101|\n|teamsize|p1|6\n|teamsize|p2|6\n|gen|8\n|tier|[Gen 8] LC\n|rule|Sleep Clause Mod: Limit one foe put to sleep\n|rule|Species Clause: Limit one of each Pok\u00e9mon\n|rule|OHKO Clause: OHKO moves are banned\n|rule|Evasion Moves Clause: Evasion moves are banned\n|rule|Endless Battle Clause: Forcing endless battles is banned\n|rule|HP Percentage Mod: HP is shown in percentages\n|rule|Dynamax Clause: You cannot dynamax\n|clearpoke\n|poke|p1|Abra, L5, M|\n|poke|p1|Porygon, L5|\n|poke|p1|Mienfoo, L5, F|\n|poke|p1|Natu, L5, M|\n|poke|p1|Mareanie, L5, M|\n|poke|p1|Pawniard, L5, F|\n|poke|p2|Shellos-East, L5, F|\n|poke|p2|Natu, L5, F|\n|poke|p2|Mienfoo, L5, M|\n|poke|p2|Koffing, L5, F|\n|poke|p2|Pawniard, L5, M|\n|poke|p2|Frillish, L5, M|\n|teampreview\n|c|\u2606TDK|hf\n|c|\u2606Laroxyl|hf\n|inactive|Laroxyl has 270 seconds left.\n|inactive|TDK has 270 seconds left.\n|inactive|TDK has 240 seconds left.\n|inactive|Laroxyl has 240 seconds left.\n|\n|t:|1639156743\n|start\n|switch|p1a: Abra|Abra, L5, M|100\/100\n|switch|p2a: Frillish|Frillish, L5, M|100\/100\n|turn|1\n|inactive|TDK has 270 seconds left.\n|inactive|TDK has 240 seconds left.\n|\n|t:|1639156832\n|switch|p1a: Mareanie|Mareanie, L5, M|100\/100\n|move|p2a: Frillish|Hex|p1a: Mareanie\n|-damage|p1a: Mareanie|74\/100\n|\n|upkeep\n|turn|2\n|inactive|Laroxyl has 270 seconds left.\n|inactive|TDK has 210 seconds left.\n|\n|t:|1639156873\n|move|p1a: Mareanie|Knock Off|p2a: Frillish\n|-supereffective|p2a: Frillish\n|-damage|p2a: Frillish|68\/100\n|-enditem|p2a: Frillish|Eviolite|[from] move: Knock Off|[of] p1a: Mareanie\n|move|p2a: Frillish|Will-O-Wisp|p1a: Mareanie\n|-status|p1a: Mareanie|brn\n|\n|-damage|p1a: Mareanie|70\/100 brn|[from] brn\n|upkeep\n|turn|3\n|inactive|TDK has 210 seconds left.\n|inactive|Laroxyl has 240 seconds left.\n|\n|t:|1639156910\n|switch|p1a: Porygon|Porygon, L5|100\/100\n|-ability|p1a: Porygon|Download|boost\n|-boost|p1a: Porygon|atk|1\n|switch|p2a: Mienfoo|Mienfoo, L5, M|100\/100\n|\n|upkeep\n|turn|4\n|inactive|Laroxyl has 240 seconds left.\n|\n|t:|1639156921\n|switch|p1a: Mareanie|Mareanie, L5, M|100\/100 brn\n|move|p2a: Mienfoo|Knock Off|p1a: Mareanie\n|-damage|p1a: Mareanie|79\/100 brn\n|-enditem|p1a: Mareanie|Eviolite|[from] move: Knock Off|[of] p2a: Mienfoo\n|\n|-damage|p1a: Mareanie|74\/100 brn|[from] brn\n|upkeep\n|turn|5\n|\n|t:|1639156926\n|switch|p1a: Mienfoo|Mienfoo, L5, F|100\/100\n|move|p2a: Mienfoo|U-turn|p1a: Mienfoo\n|-resisted|p1a: Mienfoo\n|-damage|p1a: Mienfoo|91\/100\n|\n|t:|1639156935\n|switch|p2a: Koffing|Koffing, L5, F|100\/100|[from]move: U-turn\n|-ability|p2a: Koffing|Neutralizing Gas\n|\n|upkeep\n|turn|6\n|\n|t:|1639156951\n|move|p1a: Mienfoo|Fake Out|p2a: Koffing\n|-damage|p2a: Koffing|91\/100\n|cant|p2a: Koffing|flinch\n|\n|upkeep\n|turn|7\n|inactive|Laroxyl has 270 seconds left.\n|\n|t:|1639156964\n|move|p1a: Mienfoo|U-turn|p2a: Koffing\n|-resisted|p2a: Koffing\n|-damage|p2a: Koffing|81\/100\n|\n|t:|1639156984\n|switch|p1a: Abra|Abra, L5, M|100\/100|[from]move: U-turn\n|move|p2a: Koffing|Sludge Bomb|p1a: Abra\n|-damage|p1a: Abra|32\/100\n|\n|upkeep\n|turn|8\n|inactive|TDK has 210 seconds left.\n|\n|t:|1639157007\n|-singleturn|p1a: Abra|move: Focus Punch\n|move|p2a: Koffing|Sludge Bomb|p1a: Abra\n|-damage|p1a: Abra|0 fnt\n|faint|p1a: Abra\n|\n|upkeep\n|c|+CRASHINBOOMBANG|kumbaya\n|c|+coalette|goat\n|inactive|Laroxyl has 240 seconds left.\n|\n|t:|1639157041\n|switch|p1a: Natu|Natu, L5, M|100\/100\n|turn|9\n|inactive|Laroxyl has 240 seconds left.\n|inactive|TDK has 180 seconds left.\n|\n|t:|1639157091\n|-end|p2a: Koffing|ability: Neutralizing Gas\n|switch|p2a: Natu|Natu, L5, F|100\/100\n|move|p1a: Natu|U-turn|p2a: Natu\n|-damage|p2a: Natu|87\/100\n|inactive|Laroxyl has 210 seconds left.\n|\n|t:|1639157127\n|switch|p1a: Porygon|Porygon, L5|100\/100|[from]move: U-turn\n|-ability|p1a: Porygon|Download|boost\n|-boost|p1a: Porygon|spa|1\n|\n|upkeep\n|turn|10\n|\n|t:|1639157141\n|switch|p2a: Pawniard|Pawniard, L5, M|100\/100\n|move|p1a: Porygon|Thunderbolt|p2a: Pawniard\n|-damage|p2a: Pawniard|53\/100\n|\n|upkeep\n|turn|11\n|inactive|Laroxyl has 210 seconds left.\n|inactive|Laroxyl has 180 seconds left.\n|inactive|Laroxyl has 150 seconds left.\n|\n|t:|1639157211\n|switch|p1a: Mienfoo|Mienfoo, L5, F|91\/100\n|move|p2a: Pawniard|Stealth Rock|p1a: Mienfoo\n|-sidestart|p1: Laroxyl|move: Stealth Rock\n|\n|upkeep\n|turn|12\n|inactive|Laroxyl has 150 seconds left.\n|inactive|TDK has 150 seconds left.\n|inactive|Laroxyl has 120 seconds left.\n|\n|t:|1639157253\n|move|p1a: Mienfoo|Knock Off|p2a: Pawniard\n|-resisted|p2a: Pawniard\n|-damage|p2a: Pawniard|39\/100\n|-enditem|p2a: Pawniard|Eviolite|[from] move: Knock Off|[of] p1a: Mienfoo\n|move|p2a: Pawniard|Knock Off|p1a: Mienfoo\n|-resisted|p1a: Mienfoo\n|-damage|p1a: Mienfoo|67\/100\n|-enditem|p1a: Mienfoo|Eviolite|[from] move: Knock Off|[of] p2a: Pawniard\n|\n|upkeep\n|turn|13\n|inactive|Laroxyl has 120 seconds left.\n|\n|t:|1639157274\n|move|p1a: Mienfoo|U-turn|p2a: Pawniard\n|-damage|p2a: Pawniard|10\/100\n|\n|t:|1639157277\n|switch|p1a: Mareanie|Mareanie, L5, M|100\/100 brn|[from]move: U-turn\n|-damage|p1a: Mareanie|92\/100 brn|[from] Stealth Rock\n|move|p2a: Pawniard|Iron Head|p1a: Mareanie\n|-resisted|p1a: Mareanie\n|-damage|p1a: Mareanie|70\/100 brn\n|\n|-damage|p1a: Mareanie|66\/100 brn|[from] brn\n|upkeep\n|turn|14\n|inactive|Laroxyl has 120 seconds left.\n|inactive|TDK has 150 seconds left.\n|inactive|TDK has 120 seconds left.\n|\n|t:|1639157318\n|switch|p2a: Shellos|Shellos-East, L5, F|100\/100\n|switch|p1a: Mienfoo|Mienfoo, L5, F|100\/100\n|-damage|p1a: Mienfoo|96\/100|[from] Stealth Rock\n|\n|upkeep\n|turn|15\n|inactive|TDK has 120 seconds left.\n|\n|t:|1639157340\n|move|p1a: Mienfoo|Fake Out|p2a: Shellos\n|-damage|p2a: Shellos|89\/100\n|cant|p2a: Shellos|flinch\n|\n|upkeep\n|turn|16\n|\n|t:|1639157351\n|move|p1a: Mienfoo|High Jump Kick|p2a: Shellos\n|-damage|p2a: Shellos|45\/100\n|move|p2a: Shellos|Recover|p2a: Shellos\n|-heal|p2a: Shellos|97\/100\n|\n|upkeep\n|turn|17\n|c|+CRASHINBOOMBANG|what the fuck\n|inactive|Laroxyl has 120 seconds left.\n|inactive|TDK has 90 seconds left.\n|inactive|TDK has 60 seconds left.\n|\n|t:|1639157419\n|move|p1a: Mienfoo|U-turn|p2a: Shellos\n|-damage|p2a: Shellos|78\/100\n|\n|t:|1639157425\n|switch|p1a: Porygon|Porygon, L5|100\/100|[from]move: U-turn\n|-damage|p1a: Porygon|92\/100|[from] Stealth Rock\n|-ability|p1a: Porygon|Download|boost\n|-boost|p1a: Porygon|spa|1\n|move|p2a: Shellos|Amnesia|p2a: Shellos\n|-boost|p2a: Shellos|spd|2\n|\n|upkeep\n|turn|18\n|inactive|Laroxyl has 120 seconds left.\n|inactive|TDK has 60 seconds left.\n|\n|t:|1639157440\n|move|p1a: Porygon|Thunderbolt|p2a: Shellos\n|-supereffective|p2a: Shellos\n|-damage|p2a: Shellos|41\/100\n|move|p2a: Shellos|Recover|p2a: Shellos\n|-heal|p2a: Shellos|93\/100\n|\n|upkeep\n|turn|19\n|\n|t:|1639157444\n|move|p1a: Porygon|Thunderbolt|p2a: Shellos\n|-supereffective|p2a: Shellos\n|-damage|p2a: Shellos|56\/100\n|move|p2a: Shellos|Amnesia|p2a: Shellos\n|-boost|p2a: Shellos|spd|2\n|\n|upkeep\n|turn|20\n|\n|t:|1639157448\n|move|p1a: Porygon|Thunderbolt|p2a: Shellos\n|-supereffective|p2a: Shellos\n|-damage|p2a: Shellos|26\/100\n|move|p2a: Shellos|Recover|p2a: Shellos\n|-heal|p2a: Shellos|78\/100\n|\n|upkeep\n|turn|21\n|inactive|TDK has 60 seconds left.\n|\n|t:|1639157478\n|move|p1a: Porygon|Thunderbolt|p2a: Shellos\n|-supereffective|p2a: Shellos\n|-damage|p2a: Shellos|49\/100\n|move|p2a: Shellos|Amnesia|p2a: Shellos\n|-boost|p2a: Shellos|spd|2\n|\n|upkeep\n|turn|22\n|\n|t:|1639157485\n|move|p1a: Porygon|Thunderbolt|p2a: Shellos\n|-supereffective|p2a: Shellos\n|-damage|p2a: Shellos|26\/100\n|move|p2a: Shellos|Recover|p2a: Shellos\n|-heal|p2a: Shellos|78\/100\n|\n|upkeep\n|turn|23\n|\n|t:|1639157488\n|move|p1a: Porygon|Thunderbolt|p2a: Shellos\n|-supereffective|p2a: Shellos\n|-damage|p2a: Shellos|56\/100\n|move|p2a: Shellos|Recover|p2a: Shellos\n|-heal|p2a: Shellos|100\/100\n|\n|upkeep\n|turn|24\n|\n|t:|1639157493\n|move|p1a: Porygon|Thunderbolt|p2a: Shellos\n|-supereffective|p2a: Shellos\n|-damage|p2a: Shellos|78\/100\n|move|p2a: Shellos|Curse|p2a: Shellos\n|-unboost|p2a: Shellos|spe|1\n|-boost|p2a: Shellos|atk|1\n|-boost|p2a: Shellos|def|1\n|\n|upkeep\n|turn|25\n|inactive|TDK has 90 seconds left.\n|\n|t:|1639157510\n|move|p1a: Porygon|Thunderbolt|p2a: Shellos\n|-supereffective|p2a: Shellos\n|-damage|p2a: Shellos|56\/100\n|move|p2a: Shellos|Curse|p2a: Shellos\n|-unboost|p2a: Shellos|spe|1\n|-boost|p2a: Shellos|atk|1\n|-boost|p2a: Shellos|def|1\n|\n|upkeep\n|turn|26\n|\n|t:|1639157514\n|move|p1a: Porygon|Thunderbolt|p2a: Shellos\n|-supereffective|p2a: Shellos\n|-damage|p2a: Shellos|26\/100\n|move|p2a: Shellos|Recover|p2a: Shellos\n|-heal|p2a: Shellos|78\/100\n|\n|upkeep\n|turn|27\n|\n|t:|1639157517\n|move|p1a: Porygon|Thunderbolt|p2a: Shellos\n|-supereffective|p2a: Shellos\n|-damage|p2a: Shellos|49\/100\n|move|p2a: Shellos|Curse|p2a: Shellos\n|-unboost|p2a: Shellos|spe|1\n|-boost|p2a: Shellos|atk|1\n|-boost|p2a: Shellos|def|1\n|\n|upkeep\n|turn|28\n|inactive|Laroxyl has 210 seconds left.\n|\n|t:|1639157524\n|move|p1a: Porygon|Thunderbolt|p2a: Shellos\n|-supereffective|p2a: Shellos\n|-damage|p2a: Shellos|26\/100\n|move|p2a: Shellos|Recover|p2a: Shellos\n|-heal|p2a: Shellos|78\/100\n|\n|upkeep\n|turn|29\n|inactive|TDK has 120 seconds left.\n|\n|t:|1639157536\n|move|p1a: Porygon|Thunderbolt|p2a: Shellos\n|-supereffective|p2a: Shellos\n|-crit|p2a: Shellos\n|-damage|p2a: Shellos|0 fnt\n|faint|p2a: Shellos\n|\n|upkeep\n|\n|t:|1639157541\n|switch|p2a: Mienfoo|Mienfoo, L5, M|100\/100\n|turn|30\n|inactive|TDK has 120 seconds left.\n|inactive|Laroxyl has 210 seconds left.\n|inactive|Laroxyl has 180 seconds left.\n|\n|t:|1639157610\n|switch|p1a: Mareanie|Mareanie, L5, M|96\/100 brn\n|-damage|p1a: Mareanie|87\/100 brn|[from] Stealth Rock\n|move|p2a: Mienfoo|U-turn|p1a: Mareanie\n|-resisted|p1a: Mareanie\n|-damage|p1a: Mareanie|74\/100 brn\n|inactive|TDK has 120 seconds left.\n|\n|t:|1639157634\n|switch|p2a: Koffing|Koffing, L5, F|81\/100|[from]move: U-turn\n|-ability|p2a: Koffing|Neutralizing Gas\n|\n|-damage|p1a: Mareanie|70\/100 brn|[from] brn\n|upkeep\n|turn|31\n|inactive|Laroxyl has 180 seconds left.\n|inactive|TDK has 90 seconds left.\n|\n|t:|1639157662\n|switch|p1a: Pawniard|Pawniard, L5, F|100\/100\n|-damage|p1a: Pawniard|96\/100|[from] Stealth Rock\n|move|p2a: Koffing|Thunderbolt|p1a: Pawniard\n|-damage|p1a: Pawniard|67\/100\n|\n|upkeep\n|turn|32\n|inactive|TDK has 90 seconds left.\n|\n|t:|1639157686\n|move|p1a: Pawniard|Knock Off|p2a: Koffing\n|-damage|p2a: Koffing|34\/100\n|-enditem|p2a: Koffing|Eviolite|[from] move: Knock Off|[of] p1a: Pawniard\n|move|p2a: Koffing|Fire Blast|p1a: Pawniard\n|-supereffective|p1a: Pawniard\n|-crit|p1a: Pawniard\n|-damage|p1a: Pawniard|0 fnt\n|faint|p1a: Pawniard\n|\n|upkeep\n|inactive|Laroxyl has 150 seconds left.\n|\n|t:|1639157735\n|switch|p1a: Porygon|Porygon, L5|92\/100\n|-damage|p1a: Porygon|83\/100|[from] Stealth Rock\n|turn|33\n|inactive|TDK has 90 seconds left.\n|inactive|Laroxyl has 120 seconds left.\n|inactive|TDK has 60 seconds left.\n|inactive|TDK has 30 seconds left.\n|\n|t:|1639157808\n|move|p1a: Porygon|Thunderbolt|p2a: Koffing\n|-damage|p2a: Koffing|0 fnt\n|faint|p2a: Koffing\n|-end|p2a: Koffing|ability: Neutralizing Gas\n|\n|upkeep\n|inactive|TDK has 30 seconds left this turn.\n|\n|t:|1639157813\n|switch|p2a: Mienfoo|Mienfoo, L5, M|100\/100\n|turn|34\n|inactive|Laroxyl has 120 seconds left.\n|\n|t:|1639157849\n|switch|p1a: Natu|Natu, L5, M|100\/100\n|-damage|p1a: Natu|78\/100|[from] Stealth Rock\n|move|p2a: Mienfoo|U-turn|p1a: Natu\n|-damage|p1a: Natu|55\/100\n|inactive|TDK has 30 seconds left.\n|inactive|TDK has 20 seconds left.\n|inactive|TDK has 15 seconds left.\n|\n|t:|1639157877\n|switch|p2a: Natu|Natu, L5, F|87\/100|[from]move: U-turn\n|\n|upkeep\n|turn|35\n|inactive|TDK has 25 seconds left this turn.\n|\n|t:|1639157894\n|move|p1a: Natu|Roost|p1a: Natu\n|-heal|p1a: Natu|100\/100\n|-singleturn|p1a: Natu|move: Roost\n|move|p2a: Natu|Cosmic Power|p2a: Natu\n|-boost|p2a: Natu|def|1\n|-boost|p2a: Natu|spd|1\n|\n|upkeep\n|turn|36\n|inactive|TDK has 30 seconds left.\n|inactive|TDK has 20 seconds left.\n|\n|t:|1639157912\n|move|p1a: Natu|U-turn|p2a: Natu\n|-damage|p2a: Natu|79\/100\n|inactive|TDK has 25 seconds left this turn.\n|\n|t:|1639157914\n|switch|p1a: Mienfoo|Mienfoo, L5, F|100\/100|[from]move: U-turn\n|-damage|p1a: Mienfoo|96\/100|[from] Stealth Rock\n|move|p2a: Natu|Cosmic Power|p2a: Natu\n|-boost|p2a: Natu|def|1\n|-boost|p2a: Natu|spd|1\n|\n|upkeep\n|turn|37\n|inactive|TDK has 30 seconds left.\n|inactive|TDK has 20 seconds left.\n|inactive|TDK has 15 seconds left.\n|\n|t:|1639157939\n|move|p1a: Mienfoo|Fake Out|p2a: Natu\n|-damage|p2a: Natu|70\/100\n|cant|p2a: Natu|flinch\n|\n|upkeep\n|turn|38\n|inactive|TDK has 25 seconds left this turn.\n|inactive|TDK has 20 seconds left.\n|inactive|TDK has 15 seconds left.\n|inactive|TDK has 10 seconds left.\n|\n|t:|1639157954\n|move|p1a: Mienfoo|Knock Off|p2a: Natu\n|-supereffective|p2a: Natu\n|-damage|p2a: Natu|44\/100\n|-enditem|p2a: Natu|Eviolite|[from] move: Knock Off|[of] p1a: Mienfoo\n|move|p2a: Natu|Stored Power|p1a: Mienfoo\n|-supereffective|p1a: Mienfoo\n|-damage|p1a: Mienfoo|0 fnt\n|faint|p1a: Mienfoo\n|\n|upkeep\n|inactive|TDK has 15 seconds left this turn.\n|\n|t:|1639157962\n|switch|p1a: Porygon|Porygon, L5|83\/100\n|-damage|p1a: Porygon|74\/100|[from] Stealth Rock\n|-ability|p1a: Porygon|Download|boost\n|-boost|p1a: Porygon|spa|1\n|turn|39\n|inactive|TDK has 25 seconds left this turn.\n|inactive|TDK has 20 seconds left.\n|inactive|TDK has 15 seconds left.\n|inactive|TDK has 10 seconds left.\n|\n|t:|1639157982\n|move|p1a: Porygon|Thunderbolt|p2a: Natu\n|-supereffective|p2a: Natu\n|-damage|p2a: Natu|0 fnt\n|faint|p2a: Natu\n|\n|upkeep\n|inactive|TDK has 15 seconds left this turn.\n|\n|t:|1639157985\n|switch|p2a: Mienfoo|Mienfoo, L5, M|100\/100\n|turn|40\n|inactive|TDK has 25 seconds left this turn.\n|inactive|TDK has 20 seconds left.\n|inactive|TDK has 15 seconds left.\n|inactive|Laroxyl has 120 seconds left.\n|\n|t:|1639158020\n|switch|p1a: Mareanie|Mareanie, L5, M|70\/100 brn\n|-damage|p1a: Mareanie|61\/100 brn|[from] Stealth Rock\n|move|p2a: Mienfoo|Knock Off|p1a: Mareanie\n|-damage|p1a: Mareanie|40\/100 brn\n|\n|-damage|p1a: Mareanie|35\/100 brn|[from] brn\n|upkeep\n|turn|41\n|inactive|TDK has 25 seconds left this turn.\n|inactive|TDK has 20 seconds left.\n|inactive|Laroxyl has 120 seconds left.\n|inactive|TDK has 15 seconds left.\n|\n|t:|1639158051\n|move|p2a: Mienfoo|High Jump Kick|p1a: Mareanie\n|-resisted|p1a: Mareanie\n|-damage|p1a: Mareanie|5\/100 brn\n|move|p1a: Mareanie|Recover|p1a: Mareanie\n|-heal|p1a: Mareanie|57\/100 brn\n|\n|-damage|p1a: Mareanie|53\/100 brn|[from] brn\n|upkeep\n|turn|42\n|inactive|TDK has 25 seconds left this turn.\n|\n|t:|1639158063\n|move|p2a: Mienfoo|U-turn|p1a: Mareanie\n|-resisted|p1a: Mareanie\n|-damage|p1a: Mareanie|40\/100 brn\n|inactive|TDK has 30 seconds left this turn.\n|\n|t:|1639158065\n|switch|p2a: Frillish|Frillish, L5, M|68\/100|[from]move: U-turn\n|move|p1a: Mareanie|Recover|p1a: Mareanie\n|-heal|p1a: Mareanie|92\/100 brn\n|\n|-damage|p1a: Mareanie|87\/100 brn|[from] brn\n|upkeep\n|turn|43\n|inactive|TDK has 30 seconds left.\n|inactive|TDK has 20 seconds left.\n|\n|t:|1639158089\n|move|p1a: Mareanie|Sludge Bomb|p2a: Frillish\n|-resisted|p2a: Frillish\n|-damage|p2a: Frillish|57\/100\n|-start|p1a: Mareanie|Disable|Sludge Bomb|[from] ability: Cursed Body|[of] p2a: Frillish\n|move|p2a: Frillish|Scald|p1a: Mareanie\n|-resisted|p1a: Mareanie\n|-damage|p1a: Mareanie|66\/100 brn\n|\n|-damage|p1a: Mareanie|61\/100 brn|[from] brn\n|upkeep\n|turn|44\n|inactive|TDK has 30 seconds left this turn.\n|inactive|TDK has 20 seconds left.\n|inactive|Laroxyl has 90 seconds left.\n|inactive|Laroxyl has 60 seconds left.\n|\n|t:|1639158158\n|switch|p1a: Porygon|Porygon, L5|74\/100\n|-damage|p1a: Porygon|66\/100|[from] Stealth Rock\n|-ability|p1a: Porygon|Download|boost\n|-boost|p1a: Porygon|atk|1\n|move|p2a: Frillish|Scald|p1a: Porygon\n|-damage|p1a: Porygon|22\/100\n|\n|upkeep\n|turn|45\n|inactive|TDK has 30 seconds left this turn.\n|inactive|Laroxyl has 60 seconds left.\n|inactive|Laroxyl has 30 seconds left.\n|inactive|Laroxyl has 20 seconds left.\n|\n|t:|1639158207\n|switch|p2a: Mienfoo|Mienfoo, L5, M|100\/100\n|move|p1a: Porygon|Thunderbolt|p2a: Mienfoo\n|-damage|p2a: Mienfoo|62\/100\n|\n|upkeep\n|turn|46\n|inactive|Laroxyl has 30 seconds left this turn.\n|inactive|TDK has 30 seconds left.\n|\n|t:|1639158216\n|switch|p1a: Mareanie|Mareanie, L5, M|92\/100 brn\n|-damage|p1a: Mareanie|83\/100 brn|[from] Stealth Rock\n|move|p2a: Mienfoo|U-turn|p1a: Mareanie\n|-resisted|p1a: Mareanie\n|-damage|p1a: Mareanie|70\/100 brn\n|inactive|Laroxyl has 30 seconds left this turn.\n|\n|t:|1639158219\n|switch|p2a: Frillish|Frillish, L5, M|57\/100|[from]move: U-turn\n|\n|-damage|p1a: Mareanie|66\/100 brn|[from] brn\n|upkeep\n|turn|47\n|inactive|Laroxyl has 30 seconds left.\n|\n|t:|1639158237\n|switch|p1a: Porygon|Porygon, L5|22\/100\n|-damage|p1a: Porygon|14\/100|[from] Stealth Rock\n|-ability|p1a: Porygon|Download|boost\n|-boost|p1a: Porygon|atk|1\n|move|p2a: Frillish|Hex|p1a: Porygon\n|-immune|p1a: Porygon\n|\n|upkeep\n|turn|48\n|inactive|Laroxyl has 30 seconds left.\n|\n|t:|1639158251\n|switch|p2a: Mienfoo|Mienfoo, L5, M|96\/100\n|move|p1a: Porygon|Tri Attack|p2a: Mienfoo\n|-damage|p2a: Mienfoo|53\/100\n|-status|p2a: Mienfoo|brn\n|\n|-damage|p2a: Mienfoo|48\/100 brn|[from] brn\n|upkeep\n|turn|49\n|inactive|Laroxyl has 30 seconds left.\n|inactive|Laroxyl has 20 seconds left.\n|inactive|Laroxyl has 15 seconds left.\n|inactive|Laroxyl has 10 seconds left.\n|\n|t:|1639158280\n|switch|p1a: Mareanie|Mareanie, L5, M|96\/100 brn\n|-damage|p1a: Mareanie|87\/100 brn|[from] Stealth Rock\n|switch|p2a: Frillish|Frillish, L5, M|57\/100\n|\n|-damage|p1a: Mareanie|83\/100 brn|[from] brn\n|upkeep\n|turn|50\n|inactive|Laroxyl has 20 seconds left this turn.\n|inactive|Laroxyl has 15 seconds left.\n|\n|t:|1639158286\n|move|p1a: Mareanie|Sludge Bomb|p2a: Frillish\n|-resisted|p2a: Frillish\n|-damage|p2a: Frillish|44\/100\n|-status|p2a: Frillish|psn\n|move|p2a: Frillish|Recover|p2a: Frillish\n|-heal|p2a: Frillish|96\/100 psn\n|\n|-damage|p2a: Frillish|84\/100 psn|[from] psn\n|-damage|p1a: Mareanie|79\/100 brn|[from] brn\n|upkeep\n|turn|51\n|inactive|Laroxyl has 25 seconds left this turn.\n|inactive|Laroxyl has 20 seconds left.\n|inactive|Laroxyl has 15 seconds left.\n|\n|t:|1639158297\n|move|p1a: Mareanie|Knock Off|p2a: Frillish\n|-supereffective|p2a: Frillish\n|-damage|p2a: Frillish|68\/100 psn\n|move|p2a: Frillish|Hex|p1a: Mareanie\n|-damage|p1a: Mareanie|9\/100 brn\n|\n|-damage|p2a: Frillish|57\/100 psn|[from] psn\n|-damage|p1a: Mareanie|5\/100 brn|[from] brn\n|upkeep\n|turn|52\n|inactive|Laroxyl has 25 seconds left this turn.\n|inactive|Laroxyl has 20 seconds left.\n|inactive|Laroxyl has 15 seconds left.\n|\n|t:|1639158309\n|move|p1a: Mareanie|Recover|p1a: Mareanie\n|-heal|p1a: Mareanie|57\/100 brn\n|move|p2a: Frillish|Recover|p2a: Frillish\n|-heal|p2a: Frillish|100\/100 psn\n|\n|-damage|p2a: Frillish|88\/100 psn|[from] psn\n|-damage|p1a: Mareanie|53\/100 brn|[from] brn\n|upkeep\n|turn|53\n|inactive|Laroxyl has 25 seconds left this turn.\n|inactive|Laroxyl has 20 seconds left.\n|inactive|Laroxyl has 15 seconds left.\n|inactive|Laroxyl has 10 seconds left.\n|\n|t:|1639158326\n|switch|p1a: Porygon|Porygon, L5|14\/100\n|-damage|p1a: Porygon|5\/100|[from] Stealth Rock\n|-ability|p1a: Porygon|Download|boost\n|-boost|p1a: Porygon|atk|1\n|move|p2a: Frillish|Hex|p1a: Porygon\n|-immune|p1a: Porygon\n|\n|-damage|p2a: Frillish|76\/100 psn|[from] psn\n|upkeep\n|turn|54\n|inactive|Laroxyl has 20 seconds left this turn.\n|inactive|Laroxyl has 15 seconds left.\n|inactive|Laroxyl has 10 seconds left.\n|\n|t:|1639158339\n|switch|p2a: Mienfoo|Mienfoo, L5, M|81\/100 brn\n|move|p1a: Porygon|Tri Attack|p2a: Mienfoo\n|-damage|p2a: Mienfoo|34\/100 brn\n|\n|-damage|p2a: Mienfoo|29\/100 brn|[from] brn\n|upkeep\n|turn|55\n|inactive|Laroxyl has 20 seconds left this turn.\n|inactive|Laroxyl has 15 seconds left.\n|inactive|Laroxyl has 10 seconds left.\n|\n|t:|1639158350\n|switch|p1a: Mareanie|Mareanie, L5, M|83\/100 brn\n|-damage|p1a: Mareanie|74\/100 brn|[from] Stealth Rock\n|move|p2a: Mienfoo|Fake Out|p1a: Mareanie\n|-damage|p1a: Mareanie|66\/100 brn\n|\n|-damage|p2a: Mienfoo|24\/100 brn|[from] brn\n|-damage|p1a: Mareanie|61\/100 brn|[from] brn\n|upkeep\n|turn|56\n|inactive|Laroxyl has 20 seconds left this turn.\n|inactive|Laroxyl has 15 seconds left.\n|inactive|Laroxyl has 10 seconds left.\n|\n|t:|1639158365\n|move|p2a: Mienfoo|U-turn|p1a: Mareanie\n|-resisted|p1a: Mareanie\n|-damage|p1a: Mareanie|57\/100 brn\n|inactive|Laroxyl has 15 seconds left this turn.\n|\n|t:|1639158367\n|switch|p2a: Frillish|Frillish, L5, M|76\/100 psn|[from]move: U-turn\n|move|p1a: Mareanie|Recover|p1a: Mareanie\n|-heal|p1a: Mareanie|100\/100 brn\n|\n|-damage|p2a: Frillish|64\/100 psn|[from] psn\n|-damage|p1a: Mareanie|96\/100 brn|[from] brn\n|upkeep\n|turn|57\n|inactive|Laroxyl has 25 seconds left this turn.\n|inactive|Laroxyl has 20 seconds left.\n|\n|t:|1639158377\n|move|p1a: Mareanie|Knock Off|p2a: Frillish\n|-supereffective|p2a: Frillish\n|-damage|p2a: Frillish|48\/100 psn\n|-start|p1a: Mareanie|Disable|Knock Off|[from] ability: Cursed Body|[of] p2a: Frillish\n|move|p2a: Frillish|Recover|p2a: Frillish\n|-heal|p2a: Frillish|100\/100 psn\n|\n|-damage|p2a: Frillish|88\/100 psn|[from] psn\n|-damage|p1a: Mareanie|92\/100 brn|[from] brn\n|upkeep\n|turn|58\n|inactive|Laroxyl has 30 seconds left this turn.\n|inactive|Laroxyl has 20 seconds left.\n|inactive|TDK has 90 seconds left.\n|\n|t:|1639158403\n|move|p1a: Mareanie|Scald|p2a: Frillish\n|-resisted|p2a: Frillish\n|-damage|p2a: Frillish|76\/100 psn\n|move|p2a: Frillish|Hex|p1a: Mareanie\n|-damage|p1a: Mareanie|22\/100 brn\n|\n|-damage|p2a: Frillish|64\/100 psn|[from] psn\n|-damage|p1a: Mareanie|18\/100 brn|[from] brn\n|upkeep\n|turn|59\n|inactive|Laroxyl has 30 seconds left this turn.\n|inactive|Laroxyl has 20 seconds left.\n|inactive|TDK has 90 seconds left.\n|inactive|Laroxyl has 15 seconds left.\n|inactive|Laroxyl has 10 seconds left.\n|\n|t:|1639158426\n|move|p1a: Mareanie|Recover|p1a: Mareanie\n|-heal|p1a: Mareanie|70\/100 brn\n|move|p2a: Frillish|Recover|p2a: Frillish\n|-heal|p2a: Frillish|100\/100 psn\n|\n|-damage|p2a: Frillish|88\/100 psn|[from] psn\n|-damage|p1a: Mareanie|66\/100 brn|[from] brn\n|upkeep\n|turn|60\n|inactive|Laroxyl has 20 seconds left this turn.\n|inactive|Laroxyl has 15 seconds left.\n|\n|t:|1639158435\n|move|p1a: Mareanie|Recover|p1a: Mareanie\n|-heal|p1a: Mareanie|100\/100 brn\n|move|p2a: Frillish|Hex|p1a: Mareanie\n|-damage|p1a: Mareanie|31\/100 brn\n|\n|-damage|p2a: Frillish|76\/100 psn|[from] psn\n|-damage|p1a: Mareanie|27\/100 brn|[from] brn\n|-end|p1a: Mareanie|Disable\n|upkeep\n|turn|61\n|inactive|Laroxyl has 25 seconds left this turn.\n|inactive|Laroxyl has 20 seconds left.\n|inactive|Laroxyl has 15 seconds left.\n|\n|t:|1639158450\n|move|p1a: Mareanie|Recover|p1a: Mareanie\n|-heal|p1a: Mareanie|79\/100 brn\n|move|p2a: Frillish|Recover|p2a: Frillish\n|-heal|p2a: Frillish|100\/100 psn\n|\n|-damage|p2a: Frillish|88\/100 psn|[from] psn\n|-damage|p1a: Mareanie|74\/100 brn|[from] brn\n|upkeep\n|turn|62\n|inactive|Laroxyl has 25 seconds left this turn.\n|inactive|Laroxyl has 20 seconds left.\n|inactive|Laroxyl has 15 seconds left.\n|\n|t:|1639158462\n|move|p1a: Mareanie|Recover|p1a: Mareanie\n|-heal|p1a: Mareanie|100\/100 brn\n|move|p2a: Frillish|Hex|p1a: Mareanie\n|-damage|p1a: Mareanie|31\/100 brn\n|\n|-damage|p2a: Frillish|76\/100 psn|[from] psn\n|-damage|p1a: Mareanie|27\/100 brn|[from] brn\n|upkeep\n|turn|63\n|inactive|Laroxyl has 25 seconds left this turn.\n|inactive|Laroxyl has 20 seconds left.\n|inactive|Laroxyl has 15 seconds left.\n|\n|t:|1639158474\n|move|p1a: Mareanie|Recover|p1a: Mareanie\n|-heal|p1a: Mareanie|79\/100 brn\n|move|p2a: Frillish|Hex|p1a: Mareanie\n|-damage|p1a: Mareanie|14\/100 brn\n|\n|-damage|p2a: Frillish|64\/100 psn|[from] psn\n|-damage|p1a: Mareanie|9\/100 brn|[from] brn\n|upkeep\n|turn|64\n|inactive|Laroxyl has 25 seconds left this turn.\n|inactive|Laroxyl has 20 seconds left.\n|inactive|Laroxyl has 15 seconds left.\n|inactive|Laroxyl has 10 seconds left.\n|\n|t:|1639158489\n|move|p1a: Mareanie|Recover|p1a: Mareanie\n|-heal|p1a: Mareanie|61\/100 brn\n|move|p2a: Frillish|Recover|p2a: Frillish\n|-heal|p2a: Frillish|100\/100 psn\n|\n|-damage|p2a: Frillish|88\/100 psn|[from] psn\n|-damage|p1a: Mareanie|57\/100 brn|[from] brn\n|upkeep\n|turn|65\n|inactive|Laroxyl has 20 seconds left this turn.\n|inactive|Laroxyl has 15 seconds left.\n|\n|t:|1639158498\n|move|p1a: Mareanie|Recover|p1a: Mareanie\n|-heal|p1a: Mareanie|100\/100 brn\n|move|p2a: Frillish|Hex|p1a: Mareanie\n|-damage|p1a: Mareanie|35\/100 brn\n|\n|-damage|p2a: Frillish|76\/100 psn|[from] psn\n|-damage|p1a: Mareanie|31\/100 brn|[from] brn\n|upkeep\n|turn|66\n|inactive|Laroxyl has 25 seconds left this turn.\n|inactive|Laroxyl has 20 seconds left.\n|inactive|TDK has 150 seconds left.\n|\n|t:|1639158508\n|move|p1a: Mareanie|Recover|p1a: Mareanie\n|-heal|p1a: Mareanie|83\/100 brn\n|move|p2a: Frillish|Recover|p2a: Frillish\n|-heal|p2a: Frillish|100\/100 psn\n|\n|-damage|p2a: Frillish|88\/100 psn|[from] psn\n|-damage|p1a: Mareanie|79\/100 brn|[from] brn\n|upkeep\n|turn|67\n|inactive|Laroxyl has 30 seconds left this turn.\n|inactive|Laroxyl has 20 seconds left.\n|inactive|Laroxyl has 15 seconds left.\n|\n|t:|1639158527\n|move|p1a: Mareanie|Sludge Bomb|p2a: Frillish\n|-resisted|p2a: Frillish\n|-damage|p2a: Frillish|76\/100 psn\n|move|p2a: Frillish|Hex|p1a: Mareanie\n|-damage|p1a: Mareanie|14\/100 brn\n|\n|-damage|p2a: Frillish|64\/100 psn|[from] psn\n|-damage|p1a: Mareanie|9\/100 brn|[from] brn\n|upkeep\n|turn|68\n|inactive|Laroxyl has 25 seconds left this turn.\n|inactive|Laroxyl has 20 seconds left.\n|inactive|Laroxyl has 15 seconds left.\n|inactive|Laroxyl has 10 seconds left.\n|\n|t:|1639158546\n|move|p1a: Mareanie|Recover|p1a: Mareanie\n|-heal|p1a: Mareanie|61\/100 brn\n|move|p2a: Frillish|Recover|p2a: Frillish\n|-heal|p2a: Frillish|100\/100 psn\n|\n|-damage|p2a: Frillish|88\/100 psn|[from] psn\n|-damage|p1a: Mareanie|57\/100 brn|[from] brn\n|upkeep\n|turn|69\n|inactive|Laroxyl has 20 seconds left this turn.\n|inactive|Laroxyl has 15 seconds left.\n|\n|t:|1639158555\n|switch|p1a: Porygon|Porygon, L5|5\/100\n|-damage|p1a: Porygon|0 fnt|[from] Stealth Rock\n|faint|p1a: Porygon\n|move|p2a: Frillish|Hex|p1: Porygon|[notarget]\n|-fail|p2a: Frillish\n|\n|-damage|p2a: Frillish|76\/100 psn|[from] psn\n|upkeep\n|inactive|Laroxyl has 20 seconds left this turn.\n|inactive|Laroxyl has 15 seconds left.\n|inactive|Laroxyl has 10 seconds left.\n|\n|t:|1639158566\n|switch|p1a: Mareanie|Mareanie, L5, M|87\/100 brn\n|-damage|p1a: Mareanie|79\/100 brn|[from] Stealth Rock\n|turn|70\n|inactive|Laroxyl has 20 seconds left this turn.\n|inactive|Laroxyl has 15 seconds left.\n|inactive|TDK has 180 seconds left.\n|\n|t:|1639158576\n|move|p1a: Mareanie|Knock Off|p2a: Frillish\n|-supereffective|p2a: Frillish\n|-damage|p2a: Frillish|57\/100 psn\n|move|p2a: Frillish|Recover|p2a: Frillish\n|-heal|p2a: Frillish|100\/100 psn\n|\n|-damage|p2a: Frillish|88\/100 psn|[from] psn\n|-damage|p1a: Mareanie|74\/100 brn|[from] brn\n|upkeep\n|turn|71\n|inactive|Laroxyl has 25 seconds left this turn.\n|inactive|Laroxyl has 20 seconds left.\n|inactive|Laroxyl has 15 seconds left.\n|inactive|Laroxyl has 10 seconds left.\n|inactive|Laroxyl has 5 seconds left.\n|\n|t:|1639158599\n|move|p1a: Mareanie|Recover|p1a: Mareanie\n|-heal|p1a: Mareanie|100\/100 brn\n|move|p2a: Frillish|Hex|p1a: Mareanie\n|-damage|p1a: Mareanie|35\/100 brn\n|\n|-damage|p2a: Frillish|76\/100 psn|[from] psn\n|-damage|p1a: Mareanie|31\/100 brn|[from] brn\n|upkeep\n|turn|72\n|inactive|Laroxyl has 15 seconds left this turn.\n|inactive|Laroxyl has 10 seconds left.\n|\n|t:|1639158606\n|move|p1a: Mareanie|Recover|p1a: Mareanie\n|-heal|p1a: Mareanie|83\/100 brn\n|move|p2a: Frillish|Recover|p2a: Frillish\n|-heal|p2a: Frillish|100\/100 psn\n|\n|-damage|p2a: Frillish|88\/100 psn|[from] psn\n|-damage|p1a: Mareanie|79\/100 brn|[from] brn\n|upkeep\n|turn|73\n|inactive|Laroxyl has 20 seconds left this turn.\n|inactive|Laroxyl has 15 seconds left.\n|\n|t:|1639158615\n|move|p1a: Mareanie|Knock Off|p2a: Frillish\n|-supereffective|p2a: Frillish\n|-damage|p2a: Frillish|72\/100 psn\n|move|p2a: Frillish|Hex|p1a: Mareanie\n|-damage|p1a: Mareanie|14\/100 brn\n|\n|-damage|p2a: Frillish|60\/100 psn|[from] psn\n|-damage|p1a: Mareanie|9\/100 brn|[from] brn\n|upkeep\n|turn|74\n|inactive|Laroxyl has 25 seconds left this turn.\n|inactive|Laroxyl has 20 seconds left.\n|\n|t:|1639158624\n|move|p1a: Mareanie|Recover|p1a: Mareanie\n|-heal|p1a: Mareanie|61\/100 brn\n|move|p2a: Frillish|Recover|p2a: Frillish\n|-heal|p2a: Frillish|100\/100 psn\n|\n|-damage|p2a: Frillish|88\/100 psn|[from] psn\n|-damage|p1a: Mareanie|57\/100 brn|[from] brn\n|upkeep\n|turn|75\n|inactive|Laroxyl has 30 seconds left this turn.\n|inactive|Laroxyl has 20 seconds left.\n|inactive|Laroxyl has 15 seconds left.\n|\n|t:|1639158642\n|move|p1a: Mareanie|Knock Off|p2a: Frillish\n|-supereffective|p2a: Frillish\n|-crit|p2a: Frillish\n|-damage|p2a: Frillish|64\/100 psn\n|move|p2a: Frillish|Recover|p2a: Frillish\n|-heal|p2a: Frillish|100\/100 psn\n|\n|-damage|p2a: Frillish|88\/100 psn|[from] psn\n|-damage|p1a: Mareanie|53\/100 brn|[from] brn\n|upkeep\n|turn|76\n|inactive|Laroxyl has 25 seconds left this turn.\n|inactive|Laroxyl has 20 seconds left.\n|inactive|Laroxyl has 15 seconds left.\n|\n|t:|1639158653\n|move|p1a: Mareanie|Knock Off|p2a: Frillish\n|-supereffective|p2a: Frillish\n|-damage|p2a: Frillish|72\/100 psn\n|-start|p1a: Mareanie|Disable|Knock Off|[from] ability: Cursed Body|[of] p2a: Frillish\n|move|p2a: Frillish|Recover|p2a: Frillish\n|-heal|p2a: Frillish|100\/100 psn\n|\n|-damage|p2a: Frillish|88\/100 psn|[from] psn\n|-damage|p1a: Mareanie|48\/100 brn|[from] brn\n|upkeep\n|turn|77\n|inactive|Laroxyl has 25 seconds left this turn.\n|inactive|Laroxyl has 20 seconds left.\n|inactive|Laroxyl has 15 seconds left.\n|\n|t:|1639158668\n|move|p1a: Mareanie|Sludge Bomb|p2a: Frillish\n|-resisted|p2a: Frillish\n|-damage|p2a: Frillish|76\/100 psn\n|move|p2a: Frillish|Hex|p1a: Mareanie\n|-damage|p1a: Mareanie|0 fnt\n|faint|p1a: Mareanie\n|\n|-damage|p2a: Frillish|64\/100 psn|[from] psn\n|upkeep\n|inactive|Laroxyl has 20 seconds left this turn.\n|inactive|Laroxyl has 15 seconds left.\n|\n|t:|1639158673\n|switch|p1a: Natu|Natu, L5, M|100\/100\n|-damage|p1a: Natu|78\/100|[from] Stealth Rock\n|turn|78\n|inactive|Laroxyl has 25 seconds left this turn.\n|inactive|Laroxyl has 20 seconds left.\n|inactive|TDK has 240 seconds left.\n|inactive|Laroxyl has 15 seconds left.\n|\n|t:|1639158688\n|move|p1a: Natu|Roost|p1a: Natu\n|-heal|p1a: Natu|100\/100\n|-singleturn|p1a: Natu|move: Roost\n|move|p2a: Frillish|Hex|p1a: Natu\n|-supereffective|p1a: Natu\n|-damage|p1a: Natu|37\/100\n|\n|-damage|p2a: Frillish|52\/100 psn|[from] psn\n|upkeep\n|turn|79\n|inactive|Laroxyl has 25 seconds left this turn.\n|inactive|Laroxyl has 20 seconds left.\n|inactive|TDK has 240 seconds left.\n|inactive|TDK has 210 seconds left.\n|\n|t:|1639158756\n|move|p1a: Natu|Roost|p1a: Natu\n|-heal|p1a: Natu|87\/100\n|-singleturn|p1a: Natu|move: Roost\n|move|p2a: Frillish|Recover|p2a: Frillish\n|-heal|p2a: Frillish|100\/100 psn\n|\n|-damage|p2a: Frillish|88\/100 psn|[from] psn\n|upkeep\n|turn|80\n|inactive|Laroxyl has 30 seconds left this turn.\n|inactive|Laroxyl has 20 seconds left.\n|\n|t:|1639158769\n|move|p1a: Natu|Heat Wave|p2a: Frillish\n|-resisted|p2a: Frillish\n|-damage|p2a: Frillish|76\/100 psn\n|-start|p1a: Natu|Disable|Heat Wave|[from] ability: Cursed Body|[of] p2a: Frillish\n|move|p2a: Frillish|Scald|p1a: Natu\n|-damage|p1a: Natu|55\/100\n|\n|-damage|p2a: Frillish|64\/100 psn|[from] psn\n|upkeep\n|turn|81\n|inactive|Laroxyl has 30 seconds left this turn.\n|inactive|Laroxyl has 20 seconds left.\n|inactive|TDK has 180 seconds left.\n|\n|t:|1639158811\n|move|p1a: Natu|Roost|p1a: Natu\n|-heal|p1a: Natu|100\/100\n|-singleturn|p1a: Natu|move: Roost\n|move|p2a: Frillish|Scald|p1a: Natu\n|-damage|p1a: Natu|69\/100\n|\n|-damage|p2a: Frillish|52\/100 psn|[from] psn\n|upkeep\n|turn|82\n|inactive|Laroxyl has 30 seconds left this turn.\n|inactive|Laroxyl has 20 seconds left.\n|inactive|Laroxyl has 15 seconds left.\n|inactive|Laroxyl has 10 seconds left.\n|\n|t:|1639158833\n|move|p1a: Natu|Psychic|p2a: Frillish\n|-damage|p2a: Frillish|12\/100 psn\n|move|p2a: Frillish|Recover|p2a: Frillish\n|-heal|p2a: Frillish|64\/100 psn\n|\n|-damage|p2a: Frillish|52\/100 psn|[from] psn\n|upkeep\n|turn|83\n|inactive|Laroxyl has 20 seconds left this turn.\n|inactive|Laroxyl has 15 seconds left.\n|inactive|Laroxyl has 10 seconds left.\n|\n|t:|1639158847\n|move|p1a: Natu|Roost|p1a: Natu\n|-heal|p1a: Natu|100\/100\n|-singleturn|p1a: Natu|move: Roost\n|move|p2a: Frillish|Scald|p1a: Natu\n|-damage|p1a: Natu|69\/100\n|-status|p1a: Natu|brn\n|\n|-damage|p2a: Frillish|40\/100 psn|[from] psn\n|-damage|p1a: Natu|64\/100 brn|[from] brn\n|-end|p1a: Natu|Disable\n|upkeep\n|turn|84\n|inactive|Laroxyl has 20 seconds left this turn.\n|inactive|Laroxyl has 15 seconds left.\n|inactive|Laroxyl has 10 seconds left.\n|inactive|TDK has 150 seconds left.\n|\n|t:|1639158881\n|move|p1a: Natu|Psychic|p2a: Frillish\n|-damage|p2a: Frillish|0 fnt\n|faint|p2a: Frillish\n|\n|-damage|p1a: Natu|60\/100 brn|[from] brn\n|upkeep\n|inactive|Laroxyl has 15 seconds left this turn.\n|inactive|TDK has 120 seconds left.\n|inactive|TDK has 90 seconds left.\n|\n|t:|1639158947\n|switch|p2a: Mienfoo|Mienfoo, L5, M|58\/100 brn\n|turn|85\n|inactive|Laroxyl has 25 seconds left this turn.\n|inactive|Laroxyl has 20 seconds left.\n|inactive|Laroxyl has 15 seconds left.\n|\n|t:|1639158957\n|move|p2a: Mienfoo|Fake Out|p1a: Natu\n|-damage|p1a: Natu|55\/100 brn\n|cant|p1a: Natu|flinch\n|\n|-damage|p2a: Mienfoo|53\/100 brn|[from] brn\n|-damage|p1a: Natu|50\/100 brn|[from] brn\n|upkeep\n|turn|86\n|inactive|Laroxyl has 25 seconds left this turn.\n|inactive|Laroxyl has 20 seconds left.\n|\n|t:|1639158964\n|move|p1a: Natu|Psychic|p2a: Mienfoo\n|-supereffective|p2a: Mienfoo\n|-damage|p2a: Mienfoo|0 fnt\n|faint|p2a: Mienfoo\n|\n|-damage|p1a: Natu|46\/100 brn|[from] brn\n|upkeep\n|inactive|Laroxyl has 25 seconds left this turn.\n|\n|t:|1639158967\n|switch|p2a: Pawniard|Pawniard, L5, M|10\/100\n|turn|87\n|inactive|Laroxyl has 30 seconds left.\n|inactive|Laroxyl has 20 seconds left.\n|inactive|Laroxyl has 15 seconds left.\n|inactive|Laroxyl has 10 seconds left.\n|inactive|TDK has 90 seconds left.\n|\n|t:|1639159027\n|move|p1a: Natu|Roost|p1a: Natu\n|-heal|p1a: Natu|96\/100 brn\n|-singleturn|p1a: Natu|move: Roost\n|move|p2a: Pawniard|Knock Off|p1a: Natu\n|-supereffective|p1a: Natu\n|-damage|p1a: Natu|0 fnt\n|-enditem|p1a: Natu|Eviolite|[from] move: Knock Off|[of] p2a: Pawniard\n|faint|p1a: Natu\n|\n|win|TDK\n|inactive|Laroxyl has 15 seconds left this turn.\n","uploadtime":1639159028,"views":379,"p1id":"laroxyl","p2id":"tdk","formatid":"gen8lc","rating":0,"private":0,"password":null}