{"id":"smogtours-gen5ou-560722","p1":"Souw","p2":"Goootzinho","format":"gen5ou","log":"|inactive|Battle timer is ON: inactive players will automatically lose when time's up.\n|t:|1620935066\n|gametype|singles\n|player|p1|Souw|fantina|\n|player|p2|Goootzinho|karen-gen2|\n|teamsize|p1|6\n|teamsize|p2|6\n|gen|5\n|tier|[Gen 5] OU\n|rule|Species Clause: Limit one of each Pok\u00e9mon\n|rule|OHKO Clause: OHKO moves are banned\n|rule|Moody Clause: Moody is banned\n|rule|Evasion Moves Clause: Evasion moves are banned\n|rule|Endless Battle Clause: Forcing endless battles is banned\n|rule|HP Percentage Mod: HP is shown in percentages\n|rule|Evasion Abilities Clause: Evasion abilities are banned\n|rule|Baton Pass Clause: Limit one Baton Passer, can't pass Spe and other stats simultaneously\n|rule|Sleep Clause: Sleep-inducing moves are banned\n|rule|Swagger Clause: Swagger is banned\n|clearpoke\n|poke|p1|Tyranitar, M|item\n|poke|p1|Keldeo|item\n|poke|p1|Heatran, F|item\n|poke|p1|Amoonguss, F|item\n|poke|p1|Landorus-Therian, M|item\n|poke|p1|Excadrill, M|item\n|poke|p2|Ferrothorn, M|item\n|poke|p2|Latios, M|item\n|poke|p2|Politoed, M|item\n|poke|p2|Starmie|item\n|poke|p2|Thundurus-Therian, M|item\n|poke|p2|Sharpedo, F|item\n|teampreview\n|c|\u2606Goootzinho|hf\n|c|\u2606Souw|hf\n|inactive|Souw has 270 seconds left.\n|inactive|Goootzinho has 270 seconds left.\n|inactive|Goootzinho has 240 seconds left.\n|inactive|Goootzinho has 210 seconds left.\n|\n|t:|1620935179\n|start\n|switch|p1a: Landorus|Landorus-Therian, M|100\/100\n|switch|p2a: Thundurus|Thundurus-Therian, M|100\/100\n|-ability|p1a: Landorus|Intimidate|boost\n|-unboost|p2a: Thundurus|atk|1\n|turn|1\n|inactive|Goootzinho has 240 seconds left.\n|\n|t:|1620935204\n|move|p1a: Landorus|U-turn|p2a: Thundurus\n|-resisted|p2a: Thundurus\n|-damage|p2a: Thundurus|86\/100\n|\n|t:|1620935206\n|switch|p1a: Tyranitar|Tyranitar, M|100\/100|[from]move: U-turn\n|-weather|Sandstorm|[from] ability: Sand Stream|[of] p1a: Tyranitar\n|move|p2a: Thundurus|Focus Blast|p1a: Tyranitar|[miss]\n|-miss|p2a: Thundurus|p1a: Tyranitar\n|\n|-weather|Sandstorm|[upkeep]\n|-damage|p2a: Thundurus|80\/100|[from] Sandstorm\n|-heal|p2a: Thundurus|86\/100|[from] item: Leftovers\n|upkeep\n|turn|2\n|\n|t:|1620935221\n|move|p2a: Thundurus|Focus Blast|p1a: Tyranitar\n|-supereffective|p1a: Tyranitar\n|-damage|p1a: Tyranitar|18\/100\n|move|p1a: Tyranitar|Pursuit|p2a: Thundurus\n|-damage|p2a: Thundurus|61\/100\n|\n|-weather|Sandstorm|[upkeep]\n|-damage|p2a: Thundurus|55\/100|[from] Sandstorm\n|-heal|p2a: Thundurus|61\/100|[from] item: Leftovers\n|-heal|p1a: Tyranitar|25\/100|[from] item: Leftovers\n|upkeep\n|turn|3\n|inactive|Goootzinho has 240 seconds left.\n|\n|t:|1620935257\n|switch|p1a: Amoonguss|Amoonguss, F|100\/100\n|move|p2a: Thundurus|Thunder|p1a: Amoonguss\n|-resisted|p1a: Amoonguss\n|-damage|p1a: Amoonguss|75\/100\n|\n|-weather|Sandstorm|[upkeep]\n|-damage|p2a: Thundurus|55\/100|[from] Sandstorm\n|-damage|p1a: Amoonguss|69\/100|[from] Sandstorm\n|-heal|p2a: Thundurus|61\/100|[from] item: Leftovers\n|-heal|p1a: Amoonguss|75\/100|[from] item: Black Sludge\n|upkeep\n|turn|4\n|inactive|Goootzinho has 210 seconds left.\n|inactive|Souw has 270 seconds left.\n|\n|t:|1620935296\n|switch|p2a: Ferrothorn|Ferrothorn, M|100\/100\n|move|p1a: Amoonguss|Stun Spore|p2a: Ferrothorn\n|-status|p2a: Ferrothorn|par\n|\n|-weather|Sandstorm|[upkeep]\n|-damage|p1a: Amoonguss|69\/100|[from] Sandstorm\n|-heal|p1a: Amoonguss|75\/100|[from] item: Black Sludge\n|upkeep\n|turn|5\n|\n|t:|1620935302\n|switch|p1a: Tyranitar|Tyranitar, M|25\/100\n|switch|p2a: Politoed|Politoed, M|100\/100\n|-weather|RainDance|[from] ability: Drizzle|[of] p2a: Politoed\n|\n|-weather|RainDance|[upkeep]\n|-heal|p1a: Tyranitar|31\/100|[from] item: Leftovers\n|upkeep\n|turn|6\n|inactive|Goootzinho has 210 seconds left.\n|\n|t:|1620935328\n|switch|p1a: Amoonguss|Amoonguss, F|100\/100\n|move|p2a: Politoed|Hydro Pump|p1a: Amoonguss\n|-enditem|p2a: Politoed|Water Gem|[from] gem\n|-resisted|p1a: Amoonguss\n|-damage|p1a: Amoonguss|55\/100\n|\n|-weather|RainDance|[upkeep]\n|-heal|p1a: Amoonguss|61\/100|[from] item: Black Sludge\n|upkeep\n|turn|7\n|inactive|Souw has 270 seconds left.\n|inactive|Goootzinho has 180 seconds left.\n|\n|t:|1620935362\n|switch|p2a: Ferrothorn|Ferrothorn, M|100\/100 par\n|switch|p1a: Tyranitar|Tyranitar, M|31\/100\n|-weather|Sandstorm|[from] ability: Sand Stream|[of] p1a: Tyranitar\n|\n|-weather|Sandstorm|[upkeep]\n|-heal|p1a: Tyranitar|37\/100|[from] item: Leftovers\n|upkeep\n|turn|8\n|inactive|Goootzinho has 180 seconds left.\n|\n|t:|1620935372\n|move|p1a: Tyranitar|Stealth Rock|p2a: Ferrothorn\n|-sidestart|p2: Goootzinho|move: Stealth Rock\n|move|p2a: Ferrothorn|Stealth Rock|p1a: Tyranitar\n|-sidestart|p1: Souw|move: Stealth Rock\n|\n|-weather|Sandstorm|[upkeep]\n|-heal|p1a: Tyranitar|43\/100|[from] item: Leftovers\n|upkeep\n|turn|9\n|inactive|Goootzinho has 180 seconds left.\n|inactive|Souw has 270 seconds left.\n|\n|t:|1620935389\n|switch|p2a: Politoed|Politoed, M|100\/100\n|-damage|p2a: Politoed|88\/100|[from] Stealth Rock\n|-weather|RainDance|[from] ability: Drizzle|[of] p2a: Politoed\n|move|p1a: Tyranitar|Superpower|p2a: Politoed\n|-damage|p2a: Politoed|39\/100\n|-unboost|p1a: Tyranitar|atk|1\n|-unboost|p1a: Tyranitar|def|1\n|\n|-weather|RainDance|[upkeep]\n|-heal|p1a: Tyranitar|49\/100|[from] item: Leftovers\n|upkeep\n|turn|10\n|inactive|Goootzinho has 180 seconds left.\n|\n|t:|1620935408\n|switch|p1a: Amoonguss|Amoonguss, F|94\/100\n|-damage|p1a: Amoonguss|82\/100|[from] Stealth Rock\n|move|p2a: Politoed|Hydro Pump|p1a: Amoonguss|[miss]\n|-miss|p2a: Politoed|p1a: Amoonguss\n|\n|-weather|RainDance|[upkeep]\n|-heal|p1a: Amoonguss|88\/100|[from] item: Black Sludge\n|upkeep\n|turn|11\n|inactive|Goootzinho has 180 seconds left.\n|\n|t:|1620935418\n|switch|p2a: Latios|Latios, M|100\/100\n|-damage|p2a: Latios|88\/100|[from] Stealth Rock\n|move|p1a: Amoonguss|Giga Drain|p2a: Latios\n|-resisted|p2a: Latios\n|-damage|p2a: Latios|77\/100\n|-heal|p1a: Amoonguss|92\/100|[from] drain|[of] p2a: Latios\n|\n|-weather|RainDance|[upkeep]\n|-heal|p1a: Amoonguss|98\/100|[from] item: Black Sludge\n|upkeep\n|turn|12\n|\n|t:|1620935422\n|move|p2a: Latios|Trick|p1a: Amoonguss\n|-activate|p2a: Latios|move: Trick|[of] p1a: Amoonguss\n|-item|p1a: Amoonguss|Choice Scarf|[from] move: Trick\n|-item|p2a: Latios|Black Sludge|[from] move: Trick\n|move|p1a: Amoonguss|Stun Spore|p2a: Latios|[miss]\n|-miss|p1a: Amoonguss|p2a: Latios\n|\n|-weather|RainDance|[upkeep]\n|-damage|p2a: Latios|65\/100|[from] item: Black Sludge\n|upkeep\n|turn|13\n|inactive|Goootzinho has 180 seconds left.\n|\n|t:|1620935452\n|move|p2a: Latios|Surf|p1a: Amoonguss\n|-resisted|p1a: Amoonguss\n|-damage|p1a: Amoonguss|80\/100\n|move|p1a: Amoonguss|Stun Spore|p2a: Latios\n|-status|p2a: Latios|par\n|\n|-weather|RainDance|[upkeep]\n|-damage|p2a: Latios|52\/100 par|[from] item: Black Sludge\n|upkeep\n|turn|14\n|inactive|Goootzinho has 180 seconds left.\n|\n|t:|1620935471\n|switch|p1a: Excadrill|Excadrill, M|100\/100\n|-damage|p1a: Excadrill|98\/100|[from] Stealth Rock\n|-ability|p1a: Excadrill|Mold Breaker\n|move|p2a: Latios|Draco Meteor|p1a: Excadrill\n|-resisted|p1a: Excadrill\n|-damage|p1a: Excadrill|71\/100\n|-unboost|p2a: Latios|spa|2\n|\n|-weather|RainDance|[upkeep]\n|-heal|p1a: Excadrill|77\/100|[from] item: Leftovers\n|-damage|p2a: Latios|40\/100 par|[from] item: Black Sludge\n|upkeep\n|turn|15\n|\n|t:|1620935477\n|move|p1a: Excadrill|Rapid Spin|p2a: Latios\n|-damage|p2a: Latios|32\/100 par\n|-sideend|p1: Souw|Stealth Rock|[from] move: Rapid Spin|[of] p1a: Excadrill\n|move|p2a: Latios|Trick|p1a: Excadrill\n|-activate|p2a: Latios|move: Trick|[of] p1a: Excadrill\n|-item|p1a: Excadrill|Black Sludge|[from] move: Trick\n|-item|p2a: Latios|Leftovers|[from] move: Trick\n|\n|-weather|RainDance|[upkeep]\n|-damage|p1a: Excadrill|65\/100|[from] item: Black Sludge\n|-heal|p2a: Latios|38\/100 par|[from] item: Leftovers\n|upkeep\n|turn|16\n|\n|t:|1620935492\n|switch|p1a: Tyranitar|Tyranitar, M|49\/100\n|-weather|Sandstorm|[from] ability: Sand Stream|[of] p1a: Tyranitar\n|switch|p2a: Ferrothorn|Ferrothorn, M|100\/100 par\n|-damage|p2a: Ferrothorn|94\/100 par|[from] Stealth Rock\n|\n|-weather|Sandstorm|[upkeep]\n|-heal|p1a: Tyranitar|55\/100|[from] item: Leftovers\n|-heal|p2a: Ferrothorn|100\/100 par|[from] item: Leftovers\n|upkeep\n|turn|17\n|\n|t:|1620935501\n|switch|p1a: Excadrill|Excadrill, M|65\/100\n|-ability|p1a: Excadrill|Mold Breaker\n|move|p2a: Ferrothorn|Stealth Rock|p1a: Excadrill\n|-sidestart|p1: Souw|move: Stealth Rock\n|\n|-weather|Sandstorm|[upkeep]\n|-damage|p1a: Excadrill|52\/100|[from] item: Black Sludge\n|upkeep\n|turn|18\n|inactive|Goootzinho has 180 seconds left.\n|\n|t:|1620935533\n|move|p1a: Excadrill|Earthquake|p2a: Ferrothorn\n|-damage|p2a: Ferrothorn|68\/100 par\n|move|p2a: Ferrothorn|Spikes|p1a: Excadrill\n|-sidestart|p1: Souw|Spikes\n|\n|-weather|Sandstorm|[upkeep]\n|-damage|p1a: Excadrill|40\/100|[from] item: Black Sludge\n|-heal|p2a: Ferrothorn|74\/100 par|[from] item: Leftovers\n|upkeep\n|turn|19\n|\n|t:|1620935539\n|move|p1a: Excadrill|Rapid Spin|p2a: Ferrothorn\n|-resisted|p2a: Ferrothorn\n|-damage|p2a: Ferrothorn|72\/100 par\n|-damage|p1a: Excadrill|28\/100|[from] ability: Iron Barbs|[of] p2a: Ferrothorn\n|-sideend|p1: Souw|Spikes|[from] move: Rapid Spin|[of] p1a: Excadrill\n|-sideend|p1: Souw|Stealth Rock|[from] move: Rapid Spin|[of] p1a: Excadrill\n|move|p2a: Ferrothorn|Leech Seed|p1a: Excadrill\n|-start|p1a: Excadrill|move: Leech Seed\n|\n|-weather|Sandstorm|[upkeep]\n|-damage|p1a: Excadrill|15\/100|[from] item: Black Sludge\n|-heal|p2a: Ferrothorn|79\/100 par|[from] item: Leftovers\n|-damage|p1a: Excadrill|3\/100|[from] Leech Seed|[of] p2a: Ferrothorn\n|-heal|p2a: Ferrothorn|93\/100 par|[silent]\n|upkeep\n|turn|20\n|\n|t:|1620935545\n|move|p1a: Excadrill|Earthquake|p2a: Ferrothorn\n|-damage|p2a: Ferrothorn|59\/100 par\n|move|p2a: Ferrothorn|Stealth Rock|p1a: Excadrill\n|-sidestart|p1: Souw|move: Stealth Rock\n|\n|-weather|Sandstorm|[upkeep]\n|-damage|p1a: Excadrill|0 fnt|[from] item: Black Sludge\n|faint|p1a: Excadrill\n|-heal|p2a: Ferrothorn|65\/100 par|[from] item: Leftovers\n|upkeep\n|\n|t:|1620935549\n|switch|p1a: Heatran|Heatran, F|100\/100\n|-damage|p1a: Heatran|88\/100|[from] Stealth Rock\n|turn|21\n|\n|t:|1620935556\n|switch|p2a: Latios|Latios, M|38\/100 par\n|-damage|p2a: Latios|26\/100 par|[from] Stealth Rock\n|move|p1a: Heatran|Magma Storm|p2a: Latios\n|-resisted|p2a: Latios\n|-damage|p2a: Latios|0 fnt\n|faint|p2a: Latios\n|\n|-weather|Sandstorm|[upkeep]\n|-heal|p1a: Heatran|94\/100|[from] item: Leftovers\n|upkeep\n|\n|t:|1620935580\n|switch|p2a: Starmie|Starmie|100\/100\n|-damage|p2a: Starmie|88\/100|[from] Stealth Rock\n|turn|22\n|\n|t:|1620935594\n|move|p1a: Heatran|Protect|p1a: Heatran\n|-singleturn|p1a: Heatran|Protect\n|move|p2a: Starmie|Rapid Spin|p1a: Heatran\n|-activate|p1a: Heatran|move: Protect\n|\n|-weather|Sandstorm|[upkeep]\n|-damage|p2a: Starmie|82\/100|[from] Sandstorm\n|-heal|p1a: Heatran|100\/100|[from] item: Leftovers\n|upkeep\n|turn|23\n|\n|t:|1620935609\n|switch|p1a: Amoonguss|Amoonguss, F|100\/100\n|-damage|p1a: Amoonguss|88\/100|[from] Stealth Rock\n|move|p2a: Starmie|Hydro Pump|p1a: Amoonguss|[miss]\n|-miss|p2a: Starmie|p1a: Amoonguss\n|\n|-weather|Sandstorm|[upkeep]\n|-damage|p2a: Starmie|76\/100|[from] Sandstorm\n|-damage|p1a: Amoonguss|82\/100|[from] Sandstorm\n|upkeep\n|turn|24\n|\n|t:|1620935625\n|switch|p2a: Ferrothorn|Ferrothorn, M|65\/100 par\n|-damage|p2a: Ferrothorn|59\/100 par|[from] Stealth Rock\n|move|p1a: Amoonguss|Giga Drain|p2a: Ferrothorn\n|-resisted|p2a: Ferrothorn\n|-damage|p2a: Ferrothorn|55\/100 par\n|-heal|p1a: Amoonguss|84\/100|[from] drain|[of] p2a: Ferrothorn\n|\n|-weather|Sandstorm|[upkeep]\n|-damage|p1a: Amoonguss|78\/100|[from] Sandstorm\n|-heal|p2a: Ferrothorn|62\/100 par|[from] item: Leftovers\n|upkeep\n|turn|25\n|inactive|Goootzinho has 180 seconds left.\n|\n|t:|1620935643\n|switch|p1a: Heatran|Heatran, F|100\/100\n|-damage|p1a: Heatran|88\/100|[from] Stealth Rock\n|move|p2a: Ferrothorn|Spikes|p1a: Heatran\n|-sidestart|p1: Souw|Spikes\n|\n|-weather|Sandstorm|[upkeep]\n|-heal|p1a: Heatran|94\/100|[from] item: Leftovers\n|-heal|p2a: Ferrothorn|68\/100 par|[from] item: Leftovers\n|upkeep\n|turn|26\n|inactive|Goootzinho has 180 seconds left.\n|\n|t:|1620935659\n|move|p1a: Heatran|Magma Storm|p2a: Ferrothorn|[miss]\n|-miss|p1a: Heatran|p2a: Ferrothorn\n|move|p2a: Ferrothorn|Spikes|p1a: Heatran\n|-sidestart|p1: Souw|Spikes\n|\n|-weather|Sandstorm|[upkeep]\n|-heal|p1a: Heatran|100\/100|[from] item: Leftovers\n|-heal|p2a: Ferrothorn|74\/100 par|[from] item: Leftovers\n|upkeep\n|turn|27\n|\n|t:|1620935664\n|move|p1a: Heatran|Magma Storm|p2a: Ferrothorn|[miss]\n|-miss|p1a: Heatran|p2a: Ferrothorn\n|move|p2a: Ferrothorn|Spikes|p1a: Heatran\n|-sidestart|p1: Souw|Spikes\n|\n|-weather|Sandstorm|[upkeep]\n|-heal|p2a: Ferrothorn|80\/100 par|[from] item: Leftovers\n|upkeep\n|turn|28\n|\n|t:|1620935668\n|move|p1a: Heatran|Magma Storm|p2a: Ferrothorn\n|-supereffective|p2a: Ferrothorn\n|-damage|p2a: Ferrothorn|0 fnt\n|faint|p2a: Ferrothorn\n|\n|-weather|Sandstorm|[upkeep]\n|upkeep\n|\n|t:|1620935670\n|switch|p2a: Starmie|Starmie|76\/100\n|-damage|p2a: Starmie|64\/100|[from] Stealth Rock\n|turn|29\n|\n|t:|1620935677\n|move|p2a: Starmie|Hydro Pump|p1a: Heatran\n|-supereffective|p1a: Heatran\n|-damage|p1a: Heatran|0 fnt\n|faint|p1a: Heatran\n|-damage|p2a: Starmie|54\/100|[from] item: Life Orb\n|\n|-weather|Sandstorm|[upkeep]\n|-damage|p2a: Starmie|48\/100|[from] Sandstorm\n|upkeep\n|\n|t:|1620935682\n|switch|p1a: Landorus|Landorus-Therian, M|100\/100\n|-damage|p1a: Landorus|88\/100|[from] Stealth Rock\n|-ability|p1a: Landorus|Intimidate|boost\n|-unboost|p2a: Starmie|atk|1\n|turn|30\n|\n|t:|1620935695\n|switch|p2a: Thundurus|Thundurus-Therian, M|61\/100\n|-damage|p2a: Thundurus|36\/100|[from] Stealth Rock\n|move|p1a: Landorus|U-turn|p2a: Thundurus\n|-resisted|p2a: Thundurus\n|-damage|p2a: Thundurus|22\/100\n|\n|t:|1620935702\n|switch|p1a: Keldeo|Keldeo|100\/100|[from]move: U-turn\n|-damage|p1a: Keldeo|76\/100|[from] Spikes\n|-damage|p1a: Keldeo|70\/100|[from] Stealth Rock\n|\n|-weather|Sandstorm|[upkeep]\n|-damage|p1a: Keldeo|63\/100|[from] Sandstorm\n|-damage|p2a: Thundurus|16\/100|[from] Sandstorm\n|-heal|p1a: Keldeo|70\/100|[from] item: Leftovers\n|-heal|p2a: Thundurus|22\/100|[from] item: Leftovers\n|upkeep\n|turn|31\n|\n|t:|1620935717\n|switch|p2a: Politoed|Politoed, M|39\/100\n|-damage|p2a: Politoed|27\/100|[from] Stealth Rock\n|-weather|RainDance|[from] ability: Drizzle|[of] p2a: Politoed\n|move|p1a: Keldeo|Scald|p2a: Politoed\n|-resisted|p2a: Politoed\n|-damage|p2a: Politoed|0 fnt\n|faint|p2a: Politoed\n|\n|-weather|RainDance|[upkeep]\n|-heal|p1a: Keldeo|76\/100|[from] item: Leftovers\n|upkeep\n|inactive|Goootzinho has 210 seconds left.\n|inactive|Goootzinho has 180 seconds left.\n|\n|t:|1620935765\n|switch|p2a: Starmie|Starmie|48\/100\n|-damage|p2a: Starmie|36\/100|[from] Stealth Rock\n|turn|32\n|\n|t:|1620935779\n|switch|p1a: Tyranitar|Tyranitar, M|55\/100\n|-damage|p1a: Tyranitar|30\/100|[from] Spikes\n|-damage|p1a: Tyranitar|18\/100|[from] Stealth Rock\n|-weather|Sandstorm|[from] ability: Sand Stream|[of] p1a: Tyranitar\n|move|p2a: Starmie|Hidden Power|p1a: Tyranitar\n|-supereffective|p1a: Tyranitar\n|-damage|p1a: Tyranitar|0 fnt\n|faint|p1a: Tyranitar\n|-damage|p2a: Starmie|26\/100|[from] item: Life Orb\n|\n|-weather|Sandstorm|[upkeep]\n|-damage|p2a: Starmie|20\/100|[from] Sandstorm\n|upkeep\n|\n|t:|1620935786\n|switch|p1a: Amoonguss|Amoonguss, F|100\/100\n|-damage|p1a: Amoonguss|88\/100|[from] Stealth Rock\n|-damage|p1a: Amoonguss|63\/100|[from] Spikes\n|turn|33\n|inactive|Goootzinho has 180 seconds left.\n|\n|t:|1620935817\n|move|p2a: Starmie|Rapid Spin|p1a: Amoonguss\n|-damage|p1a: Amoonguss|60\/100\n|-sideend|p2: Goootzinho|Stealth Rock|[from] move: Rapid Spin|[of] p2a: Starmie\n|-damage|p2a: Starmie|10\/100|[from] item: Life Orb\n|move|p1a: Amoonguss|Giga Drain|p2a: Starmie\n|-supereffective|p2a: Starmie\n|-damage|p2a: Starmie|0 fnt\n|-heal|p1a: Amoonguss|63\/100|[from] drain|[of] p2a: Starmie\n|faint|p2a: Starmie\n|\n|-weather|Sandstorm|[upkeep]\n|-damage|p1a: Amoonguss|57\/100|[from] Sandstorm\n|upkeep\n|\n|t:|1620935820\n|switch|p2a: Sharpedo|Sharpedo, F|100\/100\n|turn|34\n|\n|t:|1620935828\n|move|p2a: Sharpedo|Protect|p2a: Sharpedo\n|-singleturn|p2a: Sharpedo|Protect\n|move|p1a: Amoonguss|Giga Drain|p2a: Sharpedo\n|-activate|p2a: Sharpedo|move: Protect\n|\n|-weather|Sandstorm|[upkeep]\n|-damage|p2a: Sharpedo|94\/100|[from] Sandstorm\n|-damage|p1a: Amoonguss|51\/100|[from] Sandstorm\n|-ability|p2a: Sharpedo|Speed Boost|boost\n|-boost|p2a: Sharpedo|spe|1\n|upkeep\n|turn|35\n|inactive|Goootzinho has 180 seconds left.\n|\n|t:|1620935872\n|move|p2a: Sharpedo|Zen Headbutt|p1a: Amoonguss\n|-supereffective|p1a: Amoonguss\n|-damage|p1a: Amoonguss|0 fnt\n|faint|p1a: Amoonguss\n|-damage|p2a: Sharpedo|84\/100|[from] item: Life Orb\n|\n|-weather|Sandstorm|[upkeep]\n|-damage|p2a: Sharpedo|78\/100|[from] Sandstorm\n|-ability|p2a: Sharpedo|Speed Boost|boost\n|-boost|p2a: Sharpedo|spe|1\n|upkeep\n|\n|t:|1620935884\n|switch|p1a: Landorus|Landorus-Therian, M|88\/100\n|-damage|p1a: Landorus|76\/100|[from] Stealth Rock\n|-ability|p1a: Landorus|Intimidate|boost\n|-unboost|p2a: Sharpedo|atk|1\n|turn|36\n|inactive|Goootzinho has 150 seconds left.\n|inactive|Goootzinho has 120 seconds left.\n|\n|t:|1620935963\n|switch|p2a: Thundurus|Thundurus-Therian, M|22\/100\n|move|p1a: Landorus|Superpower|p2a: Thundurus\n|-resisted|p2a: Thundurus\n|-damage|p2a: Thundurus|0 fnt\n|-unboost|p1a: Landorus|atk|1\n|-unboost|p1a: Landorus|def|1\n|faint|p2a: Thundurus\n|\n|-weather|Sandstorm|[upkeep]\n|upkeep\n|\n|t:|1620935968\n|switch|p2a: Sharpedo|Sharpedo, F|78\/100\n|turn|37\n|\n|t:|1620935975\n|move|p2a: Sharpedo|Protect|p2a: Sharpedo\n|-singleturn|p2a: Sharpedo|Protect\n|move|p1a: Landorus|Superpower|p2a: Sharpedo\n|-activate|p2a: Sharpedo|move: Protect\n|\n|-weather|Sandstorm|[upkeep]\n|-damage|p2a: Sharpedo|72\/100|[from] Sandstorm\n|-ability|p2a: Sharpedo|Speed Boost|boost\n|-boost|p2a: Sharpedo|spe|1\n|upkeep\n|turn|38\n|inactive|Goootzinho has 90 seconds left.\n|\n|t:|1620936007\n|move|p2a: Sharpedo|Waterfall|p1a: Landorus\n|-supereffective|p1a: Landorus\n|-damage|p1a: Landorus|0 fnt\n|faint|p1a: Landorus\n|-damage|p2a: Sharpedo|62\/100|[from] item: Life Orb\n|\n|-weather|Sandstorm|[upkeep]\n|-damage|p2a: Sharpedo|56\/100|[from] Sandstorm\n|-ability|p2a: Sharpedo|Speed Boost|boost\n|-boost|p2a: Sharpedo|spe|1\n|upkeep\n|\n|t:|1620936011\n|switch|p1a: Keldeo|Keldeo|76\/100\n|-damage|p1a: Keldeo|51\/100|[from] Spikes\n|-damage|p1a: Keldeo|45\/100|[from] Stealth Rock\n|turn|39\n|inactive|Goootzinho has 90 seconds left.\n|\n|t:|1620936027\n|move|p2a: Sharpedo|Zen Headbutt|p1a: Keldeo|[miss]\n|-miss|p2a: Sharpedo|p1a: Keldeo\n|move|p1a: Keldeo|Secret Sword|p2a: Sharpedo\n|-supereffective|p2a: Sharpedo\n|-damage|p2a: Sharpedo|0 fnt\n|faint|p2a: Sharpedo\n|\n|win|Souw\n","uploadtime":1620936028,"views":95,"p1id":"souw","p2id":"goootzinho","formatid":"gen5ou","rating":0,"private":0,"password":null}