{"id":"smogtours-gen7nu-630827","p1":"tolstoy","p2":"xImRaptor \u263e","format":"gen7nu","log":"|inactive|Battle timer is ON: inactive players will automatically lose when time's up.\n|t:|1654643487\n|gametype|singles\n|player|p1|tolstoy|may|\n|player|p2|xImRaptor \u263e|anabel-gen3|\n|teamsize|p1|6\n|teamsize|p2|6\n|gen|7\n|tier|[Gen 7] NU\n|rule|Sleep Clause Mod: Limit one foe put to sleep\n|rule|Species Clause: Limit one of each Pok\u00e9mon\n|rule|OHKO Clause: OHKO moves are banned\n|rule|Moody Clause: Moody is banned\n|rule|Evasion Moves Clause: Evasion moves are banned\n|rule|Endless Battle Clause: Forcing endless battles is banned\n|rule|HP Percentage Mod: HP is shown in percentages\n|clearpoke\n|poke|p1|Incineroar, F|item\n|poke|p1|Braviary, M|item\n|poke|p1|Jynx, F|item\n|poke|p1|Comfey, F|item\n|poke|p1|Steelix, M|item\n|poke|p1|Dhelmise|item\n|poke|p2|Aerodactyl, M|item\n|poke|p2|Comfey, M|item\n|poke|p2|Vaporeon, M|item\n|poke|p2|Xatu, M|item\n|poke|p2|Torterra, F|item\n|poke|p2|Silvally-*|item\n|teampreview\n|c|\u2606xImRaptor \u263e|hf bro\n|c|\u2606tolstoy|u2\n|inactive|tolstoy has 270 seconds left.\n|inactive|xImRaptor \u263e has 270 seconds left.\n|inactive|xImRaptor \u263e has 240 seconds left.\n|\n|t:|1654643551\n|start\n|switch|p1a: ima's league gf|Jynx, F|100\/100\n|switch|p2a: Silvally|Silvally-Poison|100\/100\n|turn|1\n|inactive|xImRaptor \u263e has 270 seconds left.\n|inactive|xImRaptor \u263e has 240 seconds left.\n|inactive|xImRaptor \u263e has 210 seconds left.\n|inactive|xImRaptor \u263e has 180 seconds left.\n|\n|t:|1654643678\n|switch|p2a: Xatu|Xatu, M|100\/100\n|move|p1a: ima's league gf|Lovely Kiss|p2a: Xatu\n|move|p2a: Xatu|Lovely Kiss|p1a: ima's league gf|[from]ability: Magic Bounce|[miss]\n|-miss|p2a: Xatu|p1a: ima's league gf\n|\n|upkeep\n|turn|2\n|inactive|xImRaptor \u263e has 180 seconds left.\n|c|\u2606xImRaptor \u263e|noooooooo\n|c|\u2606tolstoy|ohoho..\n|c|\u2606xImRaptor \u263e|was a pleasure guys\n|c|\u2606xImRaptor \u263e|gg\n|inactive|xImRaptor \u263e has 150 seconds left.\n|\n|t:|1654643721\n|switch|p2a: Vaporeon|Vaporeon, M|100\/100\n|move|p1a: ima's league gf|Ice Beam|p2a: Vaporeon\n|-resisted|p2a: Vaporeon\n|-damage|p2a: Vaporeon|84\/100\n|\n|-heal|p2a: Vaporeon|90\/100|[from] item: Leftovers\n|upkeep\n|turn|3\n|inactive|xImRaptor \u263e has 150 seconds left.\n|inactive|xImRaptor \u263e has 120 seconds left.\n|\n|t:|1654643776\n|switch|p2a: Xatu|Xatu, M|100\/100\n|move|p1a: ima's league gf|Ice Beam|p2a: Xatu\n|-supereffective|p2a: Xatu\n|-damage|p2a: Xatu|0 fnt\n|faint|p2a: Xatu\n|\n|upkeep\n|\n|t:|1654643778\n|switch|p2a: Aerodactyl|Aerodactyl, M|100\/100\n|-ability|p2a: Aerodactyl|Pressure\n|turn|4\n|\n|t:|1654643783\n|move|p2a: Aerodactyl|Stealth Rock|p1a: ima's league gf\n|-sidestart|p1: tolstoy|move: Stealth Rock\n|move|p1a: ima's league gf|Ice Beam|p2a: Aerodactyl\n|-supereffective|p2a: Aerodactyl\n|-damage|p2a: Aerodactyl|0 fnt\n|faint|p2a: Aerodactyl\n|\n|upkeep\n|\n|t:|1654643791\n|switch|p2a: Comfey|Comfey, M|100\/100\n|turn|5\n|\n|t:|1654643799\n|move|p1a: ima's league gf|Lovely Kiss|p2a: Comfey\n|-status|p2a: Comfey|slp|[from] move: Lovely Kiss\n|cant|p2a: Comfey|slp\n|\n|upkeep\n|turn|6\n|c|\u2606xImRaptor \u263e|yep\n|c|\u2606xImRaptor \u263e|that miss was game\n|c|\u2606xImRaptor \u263e|i cant beat that shit\n|inactive|xImRaptor \u263e has 120 seconds left.\n|\n|t:|1654643840\n|move|p1a: ima's league gf|Ice Beam|p2a: Comfey\n|-damage|p2a: Comfey|55\/100 slp\n|cant|p2a: Comfey|slp\n|\n|upkeep\n|turn|7\n|\n|t:|1654643849\n|move|p1a: ima's league gf|Ice Beam|p2a: Comfey\n|-damage|p2a: Comfey|7\/100 slp\n|cant|p2a: Comfey|slp\n|\n|upkeep\n|turn|8\n|\n|t:|1654643853\n|-curestatus|p2a: Comfey|slp|[msg]\n|move|p2a: Comfey|Draining Kiss|p1a: ima's league gf\n|-damage|p1a: ima's league gf|67\/100\n|-heal|p2a: Comfey|30\/100|[from] drain|[of] p1a: ima's league gf\n|-damage|p2a: Comfey|20\/100|[from] item: Life Orb\n|move|p1a: ima's league gf|Ice Beam|p2a: Comfey\n|-damage|p2a: Comfey|0 fnt\n|faint|p2a: Comfey\n|\n|upkeep\n|\n|t:|1654643858\n|switch|p2a: Silvally|Silvally-Poison|100\/100\n|turn|9\n|\n|t:|1654643862\n|move|p1a: ima's league gf|Ice Beam|p2a: Silvally\n|-damage|p2a: Silvally|58\/100\n|move|p2a: Silvally|Poison Fang|p1a: ima's league gf\n|-damage|p1a: ima's league gf|24\/100\n|\n|upkeep\n|turn|10\n|\n|t:|1654643867\n|move|p1a: ima's league gf|Ice Beam|p2a: Silvally\n|-damage|p2a: Silvally|15\/100\n|move|p2a: Silvally|Poison Fang|p1a: ima's league gf\n|-damage|p1a: ima's league gf|0 fnt\n|faint|p1a: ima's league gf\n|\n|upkeep\n|\n|t:|1654643890\n|switch|p1a: dangerrandom|Dhelmise|100\/100\n|-damage|p1a: dangerrandom|88\/100|[from] Stealth Rock\n|turn|11\n|\n|t:|1654643899\n|move|p2a: Silvally|Parting Shot|p1a: dangerrandom\n|-unboost|p1a: dangerrandom|atk|1\n|-unboost|p1a: dangerrandom|spa|1\n|\n|t:|1654643901\n|switch|p2a: Torterra|Torterra, F|100\/100|[from]move: Parting Shot\n|move|p1a: dangerrandom|Rapid Spin|p2a: Torterra\n|-damage|p2a: Torterra|96\/100\n|-sideend|p1: tolstoy|Stealth Rock|[from] move: Rapid Spin|[of] p1a: dangerrandom\n|\n|-heal|p2a: Torterra|100\/100|[from] item: Leftovers\n|upkeep\n|turn|12\n|\n|t:|1654643907\n|switch|p1a: FLCL|Incineroar, F|100\/100\n|-ability|p1a: FLCL|Intimidate|boost\n|-unboost|p2a: Torterra|atk|1\n|move|p2a: Torterra|Stealth Rock|p1a: FLCL\n|-sidestart|p1: tolstoy|move: Stealth Rock\n|\n|upkeep\n|turn|13\n|\n|t:|1654643914\n|switch|p2a: Vaporeon|Vaporeon, M|90\/100\n|move|p1a: FLCL|U-turn|p2a: Vaporeon\n|-damage|p2a: Vaporeon|74\/100\n|\n|t:|1654643917\n|switch|p1a: dangerrandom|Dhelmise|88\/100|[from]move: U-turn\n|-damage|p1a: dangerrandom|75\/100|[from] Stealth Rock\n|\n|-heal|p2a: Vaporeon|80\/100|[from] item: Leftovers\n|upkeep\n|turn|14\n|\n|t:|1654643922\n|move|p2a: Vaporeon|Protect|p2a: Vaporeon\n|-singleturn|p2a: Vaporeon|Protect\n|move|p1a: dangerrandom|Power Whip|p2a: Vaporeon\n|-activate|p2a: Vaporeon|move: Protect\n|\n|-heal|p2a: Vaporeon|86\/100|[from] item: Leftovers\n|upkeep\n|turn|15\n|inactive|xImRaptor \u263e has 180 seconds left.\n|\n|t:|1654643942\n|switch|p2a: Torterra|Torterra, F|100\/100\n|move|p1a: dangerrandom|Power Whip|p2a: Torterra\n|-damage|p2a: Torterra|42\/100\n|\n|-heal|p2a: Torterra|49\/100|[from] item: Leftovers\n|upkeep\n|turn|16\n|\n|t:|1654643946\n|move|p2a: Torterra|Synthesis|p2a: Torterra\n|-heal|p2a: Torterra|98\/100\n|move|p1a: dangerrandom|Rapid Spin|p2a: Torterra\n|-damage|p2a: Torterra|93\/100\n|-sideend|p1: tolstoy|Stealth Rock|[from] move: Rapid Spin|[of] p1a: dangerrandom\n|\n|-heal|p2a: Torterra|99\/100|[from] item: Leftovers\n|upkeep\n|turn|17\n|\n|t:|1654643949\n|move|p2a: Torterra|Stealth Rock|p1a: dangerrandom\n|-sidestart|p1: tolstoy|move: Stealth Rock\n|move|p1a: dangerrandom|Anchor Shot|p2a: Torterra\n|-damage|p2a: Torterra|61\/100\n|-activate|p2a: Torterra|trapped\n|\n|-heal|p2a: Torterra|67\/100|[from] item: Leftovers\n|upkeep\n|turn|18\n|\n|t:|1654643959\n|move|p2a: Torterra|Earthquake|p1a: dangerrandom\n|-resisted|p1a: dangerrandom\n|-damage|p1a: dangerrandom|57\/100\n|move|p1a: dangerrandom|Synthesis|p1a: dangerrandom\n|-heal|p1a: dangerrandom|100\/100\n|\n|-heal|p2a: Torterra|74\/100|[from] item: Leftovers\n|upkeep\n|turn|19\n|\n|t:|1654643964\n|move|p2a: Torterra|Earthquake|p1a: dangerrandom\n|-resisted|p1a: dangerrandom\n|-damage|p1a: dangerrandom|82\/100\n|move|p1a: dangerrandom|Power Whip|p2a: Torterra\n|-damage|p2a: Torterra|14\/100\n|\n|-heal|p2a: Torterra|20\/100|[from] item: Leftovers\n|upkeep\n|turn|20\n|inactive|xImRaptor \u263e has 210 seconds left.\n|\n|t:|1654643971\n|move|p2a: Torterra|Synthesis|p2a: Torterra\n|-heal|p2a: Torterra|70\/100\n|move|p1a: dangerrandom|Power Whip|p2a: Torterra\n|-damage|p2a: Torterra|16\/100\n|\n|-heal|p2a: Torterra|22\/100|[from] item: Leftovers\n|upkeep\n|turn|21\n|\n|t:|1654643975\n|move|p2a: Torterra|Synthesis|p2a: Torterra\n|-heal|p2a: Torterra|72\/100\n|move|p1a: dangerrandom|Rapid Spin|p2a: Torterra\n|-damage|p2a: Torterra|66\/100\n|-sideend|p1: tolstoy|Stealth Rock|[from] move: Rapid Spin|[of] p1a: dangerrandom\n|\n|-heal|p2a: Torterra|72\/100|[from] item: Leftovers\n|upkeep\n|turn|22\n|\n|t:|1654643978\n|move|p2a: Torterra|Stealth Rock|p1a: dangerrandom\n|-sidestart|p1: tolstoy|move: Stealth Rock\n|move|p1a: dangerrandom|Anchor Shot|p2a: Torterra\n|-damage|p2a: Torterra|34\/100\n|\n|-heal|p2a: Torterra|40\/100|[from] item: Leftovers\n|upkeep\n|turn|23\n|\n|t:|1654643981\n|move|p2a: Torterra|Synthesis|p2a: Torterra\n|-heal|p2a: Torterra|90\/100\n|move|p1a: dangerrandom|Anchor Shot|p2a: Torterra\n|-damage|p2a: Torterra|50\/100\n|\n|-heal|p2a: Torterra|56\/100|[from] item: Leftovers\n|upkeep\n|turn|24\n|\n|t:|1654643984\n|move|p2a: Torterra|Earthquake|p1a: dangerrandom\n|-resisted|p1a: dangerrandom\n|-damage|p1a: dangerrandom|66\/100\n|move|p1a: dangerrandom|Rapid Spin|p2a: Torterra\n|-damage|p2a: Torterra|50\/100\n|-sideend|p1: tolstoy|Stealth Rock|[from] move: Rapid Spin|[of] p1a: dangerrandom\n|\n|-heal|p2a: Torterra|56\/100|[from] item: Leftovers\n|upkeep\n|turn|25\n|\n|t:|1654643988\n|move|p2a: Torterra|Stealth Rock|p1a: dangerrandom\n|-sidestart|p1: tolstoy|move: Stealth Rock\n|move|p1a: dangerrandom|Anchor Shot|p2a: Torterra\n|-damage|p2a: Torterra|16\/100\n|\n|-heal|p2a: Torterra|23\/100|[from] item: Leftovers\n|upkeep\n|turn|26\n|\n|t:|1654643993\n|move|p2a: Torterra|Wood Hammer|p1a: dangerrandom\n|-resisted|p1a: dangerrandom\n|-damage|p1a: dangerrandom|32\/100\n|-damage|p2a: Torterra|13\/100|[from] Recoil\n|move|p1a: dangerrandom|Rapid Spin|p2a: Torterra\n|-damage|p2a: Torterra|7\/100\n|-sideend|p1: tolstoy|Stealth Rock|[from] move: Rapid Spin|[of] p1a: dangerrandom\n|\n|-heal|p2a: Torterra|13\/100|[from] item: Leftovers\n|upkeep\n|turn|27\n|inactive|xImRaptor \u263e has 270 seconds left.\n|\n|t:|1654644009\n|move|p2a: Torterra|Wood Hammer|p1a: dangerrandom\n|-resisted|p1a: dangerrandom\n|-damage|p1a: dangerrandom|0 fnt\n|faint|p1a: dangerrandom\n|-damage|p2a: Torterra|4\/100|[from] Recoil\n|\n|-heal|p2a: Torterra|10\/100|[from] item: Leftovers\n|upkeep\n|\n|t:|1654644014\n|switch|p1a: ima uwu|Comfey, F|100\/100\n|turn|28\n|inactive|xImRaptor \u263e has 270 seconds left.\n|\n|t:|1654644027\n|switch|p2a: Vaporeon|Vaporeon, M|86\/100\n|move|p1a: ima uwu|Giga Drain|p2a: Vaporeon\n|-supereffective|p2a: Vaporeon\n|-damage|p2a: Vaporeon|42\/100\n|-damage|p1a: ima uwu|90\/100|[from] item: Life Orb\n|\n|-heal|p2a: Vaporeon|48\/100|[from] item: Leftovers\n|upkeep\n|turn|29\n|\n|t:|1654644033\n|move|p1a: ima uwu|Calm Mind|p1a: ima uwu\n|-boost|p1a: ima uwu|spa|1\n|-boost|p1a: ima uwu|spd|1\n|move|p2a: Vaporeon|Wish|p2a: Vaporeon\n|\n|-heal|p2a: Vaporeon|54\/100|[from] item: Leftovers\n|upkeep\n|turn|30\n|\n|t:|1654644039\n|switch|p2a: Silvally|Silvally-Poison|15\/100\n|move|p1a: ima uwu|Giga Drain|p2a: Silvally\n|-resisted|p2a: Silvally\n|-damage|p2a: Silvally|0 fnt\n|-heal|p1a: ima uwu|100\/100|[from] drain|[of] p2a: Silvally\n|faint|p2a: Silvally\n|-damage|p1a: ima uwu|90\/100|[from] item: Life Orb\n|\n|upkeep\n|-message|xImRaptor \u263e forfeited.\n|\n|win|tolstoy\n|c|\u2606tolstoy|sry bro\n|c|\u2606tolstoy|gg\n","uploadtime":1654644043,"views":617,"p1id":"tolstoy","p2id":"ximraptor","formatid":"gen7nu","rating":0,"private":0,"password":null}