{"id":"smogtours-gen7ou-296587","p1":"Candice","p2":"autumn leaves","format":"gen7ou","log":"|J|Candice\n|J|autumn leaves\n|player|p1|Candice|36\n|teamsize|p1|6\n|player|p2|autumn leaves|166\n|teamsize|p2|6\n|gametype|singles\n|gen|7\n|tier|[Gen 7] OU\n|seed|20719,1624,18869,9177\n|clearpoke\n|poke|p1|Landorus-Therian, M|item\n|poke|p1|Medicham, F|item\n|poke|p1|Mantine, F|item\n|poke|p1|Hydreigon, F|item\n|poke|p1|Tapu Koko|item\n|poke|p1|Ferrothorn, F|item\n|poke|p2|Magearna|item\n|poke|p2|Greninja, M|item\n|poke|p2|Mew|item\n|poke|p2|Tangrowth, F|item\n|poke|p2|Latios, M|item\n|poke|p2|Zygarde|item\n|rule|Sleep Clause Mod: Limit one foe put to sleep\n|rule|Species Clause: Limit one of each Pok\u00e9mon\n|rule|OHKO Clause: OHKO moves are banned\n|rule|Moody Clause: Moody is banned\n|rule|Evasion Moves Clause: Evasion moves are banned\n|rule|Endless Battle Clause: Forcing endless battles is banned\n|rule|HP Percentage Mod: HP is shown in percentages\n|teampreview\n|J|trfhxjfxm\n|c|\u2606Candice|have fun !\n|c|\u2606autumn leaves|you too\n|J|don't reply\n|choice|team 1, team 2, team 3, team 4, team 5, team 6|team 3, team 2, team 1, team 4, team 5, team 6\n|\n|start\n|switch|p1a: Meow Meow|Landorus-Therian, M|319\/319\n|switch|p2a: Mew|Mew|403\/403\n|-ability|p1a: Meow Meow|Intimidate|boost\n|-unboost|p2a: Mew|atk|1\n|turn|1\n|choice|switch 4|move stealthrock\n|\n|switch|p1a: Hydra|Hydreigon, F|325\/325\n|move|p2a: Mew|Stealth Rock|p1a: Hydra\n|-sidestart|p1: Candice|move: Stealth Rock\n|\n|upkeep\n|turn|2\n|choice|move darkpulse|switch 4\n|\n|switch|p2a: Tangrowth|Tangrowth, F|403\/403\n|move|p1a: Hydra|Dark Pulse|p2a: Tangrowth\n|-damage|p2a: Tangrowth|278\/403\n|-damage|p1a: Hydra|293\/325|[from] item: Life Orb\n|\n|upkeep\n|turn|3\n|J|Cicada \u2605\n|choice|switch 6|move knockoff\n|\n|switch|p1a: Rose|Ferrothorn, F|352\/352\n|-damage|p1a: Rose|330\/352|[from] Stealth Rock\n|move|p2a: Tangrowth|Knock Off|p1a: Rose\n|-damage|p1a: Rose|270\/352\n|-damage|p2a: Tangrowth|228\/403|[from] ability: Iron Barbs|[of] p1a: Rose\n|-enditem|p1a: Rose|Leftovers|[from] move: Knock Off|[of] p2a: Tangrowth\n|\n|upkeep\n|turn|4\n|choice|move stealthrock|move hiddenpower\n|\n|move|p2a: Tangrowth|Hidden Power|p1a: Rose\n|-supereffective|p1a: Rose\n|-damage|p1a: Rose|118\/352\n|move|p1a: Rose|Stealth Rock|p2a: Tangrowth\n|-sidestart|p2: autumn leaves|move: Stealth Rock\n|\n|upkeep\n|turn|5\n|choice|switch 2|move gigadrain\n|\n|switch|p1a: Shiva|Medicham, F|261\/261\n|-damage|p1a: Shiva|245\/261|[from] Stealth Rock\n|move|p2a: Tangrowth|Giga Drain|p1a: Shiva\n|-damage|p1a: Shiva|119\/261\n|-heal|p2a: Tangrowth|291\/403|[from] drain|[of] p1a: Shiva\n|\n|upkeep\n|turn|6\n|choice|move highjumpkick mega|switch 4\n|\n|switch|p2a: Mew|Mew|403\/403\n|-damage|p2a: Mew|353\/403|[from] Stealth Rock\n|detailschange|p1a: Shiva|Medicham-Mega, F\n|-mega|p1a: Shiva|Medicham|Medichamite\n|move|p1a: Shiva|High Jump Kick|p2a: Mew\n|-resisted|p2a: Mew\n|-damage|p2a: Mew|206\/403\n|\n|-heal|p2a: Mew|231\/403|[from] item: Leftovers\n|upkeep\n|turn|7\n|choice|switch 6|move roost\n|\n|switch|p1a: Hydra|Hydreigon, F|293\/325\n|-damage|p1a: Hydra|253\/325|[from] Stealth Rock\n|move|p2a: Mew|Roost|p2a: Mew\n|-heal|p2a: Mew|403\/403\n|\n|upkeep\n|turn|8\n|choice|move fireblast|switch 4\n|\n|switch|p2a: Tangrowth|Tangrowth, F|403\/403\n|-damage|p2a: Tangrowth|353\/403|[from] Stealth Rock\n|move|p1a: Hydra|Fire Blast|p2a: Tangrowth\n|-supereffective|p2a: Tangrowth\n|-damage|p2a: Tangrowth|122\/403\n|-damage|p1a: Hydra|221\/325|[from] item: Life Orb\n|\n|upkeep\n|turn|9\n|choice|move darkpulse|switch 2\n|\n|switch|p2a: Greninja|Greninja, M|285\/285\n|-damage|p2a: Greninja|250\/285|[from] Stealth Rock\n|move|p1a: Hydra|Dark Pulse|p2a: Greninja\n|-resisted|p2a: Greninja\n|-damage|p2a: Greninja|136\/285\n|-damage|p1a: Hydra|189\/325|[from] item: Life Orb\n|\n|upkeep\n|turn|10\n|c|\u2606Candice|sorry\n|c|\u2606Candice|just one moment\n|c|\u2606autumn leaves|no prob\n|choice|switch 2|move darkpulse\n|\n|switch|p1a: Rose|Ferrothorn, F|118\/352\n|-damage|p1a: Rose|96\/352|[from] Stealth Rock\n|move|p2a: Greninja|Dark Pulse|p1a: Rose\n|-damage|p1a: Rose|0 fnt\n|faint|p1a: Rose\n|-activate|p2a: Greninja|ability: Battle Bond\n|detailschange|p2a: Greninja|Greninja-Ash, M\n|\n|upkeep\n|choice|switch 5|\n|\n|switch|p1a: PK Thunder|Tapu Koko|281\/281\n|-damage|p1a: PK Thunder|246\/281|[from] Stealth Rock\n|-fieldstart|move: Electric Terrain|[from] ability: Electric Surge|[of] p1a: PK Thunder\n|turn|11\n|choice|move uturn|switch 4\n|\n|switch|p2a: Mew|Mew|403\/403\n|-damage|p2a: Mew|353\/403|[from] Stealth Rock\n|move|p1a: PK Thunder|U-turn|p2a: Mew\n|-supereffective|p2a: Mew\n|-damage|p2a: Mew|267\/403\n|choice|switch 2|\n|\n|switch|p1a: Hydra|Hydreigon, F|189\/325\n|-damage|p1a: Hydra|149\/325|[from] Stealth Rock\n|\n|-heal|p2a: Mew|292\/403|[from] item: Leftovers\n|upkeep\n|turn|12\n|choice|move darkpulse|switch 5\n|\n|switch|p2a: Latios|Latios, M|301\/301\n|-damage|p2a: Latios|264\/301|[from] Stealth Rock\n|move|p1a: Hydra|Dark Pulse|p2a: Latios\n|-supereffective|p2a: Latios\n|-damage|p2a: Latios|0 fnt\n|-damage|p1a: Hydra|117\/325|[from] item: Life Orb\n|faint|p2a: Latios\n|\n|upkeep\n|choice||switch 4\n|\n|switch|p2a: Greninja|Greninja-Ash, M|136\/285\n|-damage|p2a: Greninja|101\/285|[from] Stealth Rock\n|turn|13\n|choice|switch 3|move darkpulse\n|\n|switch|p1a: Bubble|Mantine, F|374\/374\n|-damage|p1a: Bubble|281\/374|[from] Stealth Rock\n|move|p2a: Greninja|Dark Pulse|p1a: Bubble\n|-damage|p1a: Bubble|110\/374\n|\n|-heal|p1a: Bubble|133\/374|[from] item: Leftovers\n|upkeep\n|turn|14\n|choice|move roost|move darkpulse\n|\n|move|p2a: Greninja|Dark Pulse|p1a: Bubble\n|-damage|p1a: Bubble|0 fnt\n|faint|p1a: Bubble\n|\n|upkeep\n|choice|switch 2|\n|\n|switch|p1a: PK Thunder|Tapu Koko|246\/281\n|-damage|p1a: PK Thunder|211\/281|[from] Stealth Rock\n|turn|15\n|choice|move naturesmadness zmove|switch 2\n|\n|switch|p2a: Tangrowth|Tangrowth, F|256\/403\n|-damage|p2a: Tangrowth|206\/403|[from] Stealth Rock\n|-zpower|p1a: PK Thunder\n|move|p1a: PK Thunder|Guardian of Alola|p2a: Tangrowth|[zeffect]\n|-damage|p2a: Tangrowth|52\/403\n|\n|-fieldend|move: Electric Terrain\n|upkeep\n|turn|16\n|choice|move uturn|move gigadrain\n|\n|move|p1a: PK Thunder|U-turn|p2a: Tangrowth\n|-supereffective|p2a: Tangrowth\n|-damage|p2a: Tangrowth|0 fnt\n|faint|p2a: Tangrowth\n|choice|switch 4|\n|\n|switch|p1a: Meow Meow|Landorus-Therian, M|319\/319\n|-damage|p1a: Meow Meow|280\/319|[from] Stealth Rock\n|\n|upkeep\n|choice||switch 6\n|\n|switch|p2a: Zygarde|Zygarde|357\/357\n|-damage|p2a: Zygarde|335\/357|[from] Stealth Rock\n|-ability|p2a: Zygarde|Aura Break\n|turn|17\n|choice|move earthquake|move thousandarrows\n|\n|move|p1a: Meow Meow|Earthquake|p2a: Zygarde\n|-damage|p2a: Zygarde|161\/357\n|move|p2a: Zygarde|Thousand Arrows|p1a: Meow Meow\n|-damage|p1a: Meow Meow|51\/319\n|-start|p1a: Meow Meow|Smack Down\n|\n|upkeep\n|turn|18\n|choice|move earthquake|switch 5\n|\n|switch|p2a: Mew|Mew|292\/403\n|-damage|p2a: Mew|242\/403|[from] Stealth Rock\n|move|p1a: Meow Meow|Earthquake|p2a: Mew\n|-damage|p2a: Mew|91\/403\n|\n|-heal|p2a: Mew|116\/403|[from] item: Leftovers\n|upkeep\n|turn|19\n|choice|move earthquake|move roost\n|\n|move|p1a: Meow Meow|Earthquake|p2a: Mew\n|-damage|p2a: Mew|0 fnt\n|faint|p2a: Mew\n|\n|upkeep\n|choice||switch 5\n|\n|switch|p2a: Zygarde|Zygarde|161\/357\n|-damage|p2a: Zygarde|139\/357|[from] Stealth Rock\n|-ability|p2a: Zygarde|Aura Break\n|turn|20\n|choice|switch 6|move extremespeed\n|\n|switch|p1a: Shiva|Medicham-Mega, F|119\/261\n|-damage|p1a: Shiva|103\/261|[from] Stealth Rock\n|move|p2a: Zygarde|Extreme Speed|p1a: Shiva\n|-damage|p1a: Shiva|0 fnt\n|faint|p1a: Shiva\n|\n|upkeep\n|c|\u2606Candice|gg\n|c|\u2606autumn leaves|gg\n|choice|switch 4|\n|\n|switch|p1a: PK Thunder|Tapu Koko|211\/281\n|-damage|p1a: PK Thunder|176\/281|[from] Stealth Rock\n|-fieldstart|move: Electric Terrain|[from] ability: Electric Surge|[of] p1a: PK Thunder\n|turn|21\n|choice|move naturesmadness|switch 3\n|\n|switch|p2a: Magearna|Magearna|301\/301\n|-damage|p2a: Magearna|283\/301|[from] Stealth Rock\n|move|p1a: PK Thunder|Nature's Madness|p2a: Magearna\n|-damage|p2a: Magearna|142\/301\n|\n|upkeep\n|turn|22\n|choice|move thunderbolt|move focusblast zmove\n|\n|move|p1a: PK Thunder|Thunderbolt|p2a: Magearna\n|-damage|p2a: Magearna|0 fnt\n|faint|p2a: Magearna\n|\n|upkeep\n|choice||switch 2\n|\n|switch|p2a: Greninja|Greninja-Ash, M|101\/285\n|-damage|p2a: Greninja|66\/285|[from] Stealth Rock\n|turn|23\n|J|whos mans are u\n|choice|move uturn|move darkpulse\n|\n|move|p2a: Greninja|Dark Pulse|p1a: PK Thunder\n|-resisted|p1a: PK Thunder\n|-crit|p1a: PK Thunder\n|-damage|p1a: PK Thunder|0 fnt\n|faint|p1a: PK Thunder\n|\n|upkeep\n|choice|switch 6|\n|\n|switch|p1a: Meow Meow|Landorus-Therian, M|51\/319\n|-damage|p1a: Meow Meow|12\/319|[from] Stealth Rock\n|-ability|p1a: Meow Meow|Intimidate|boost\n|-unboost|p2a: Greninja|atk|1\n|turn|24\n|choice|move earthquake|move darkpulse\n|\n|move|p1a: Meow Meow|Earthquake|p2a: Greninja\n|-damage|p2a: Greninja|0 fnt\n|faint|p2a: Greninja\n|\n|upkeep\n|choice||switch 3\n|\n|switch|p2a: Zygarde|Zygarde|139\/357\n|-damage|p2a: Zygarde|117\/357|[from] Stealth Rock\n|-ability|p2a: Zygarde|Aura Break\n|turn|25\n|choice|move earthquake|move extremespeed\n|\n|move|p2a: Zygarde|Extreme Speed|p1a: Meow Meow\n|-damage|p1a: Meow Meow|0 fnt\n|faint|p1a: Meow Meow\n|\n|-fieldend|move: Electric Terrain\n|upkeep\n|J|pisht\n|choice|switch 3|\n|\n|switch|p1a: Hydra|Hydreigon, F|117\/325\n|-damage|p1a: Hydra|77\/325|[from] Stealth Rock\n|turn|26\n|choice|move darkpulse|move extremespeed\n|\n|move|p2a: Zygarde|Extreme Speed|p1a: Hydra\n|-damage|p1a: Hydra|0 fnt\n|faint|p1a: Hydra\n|\n|win|autumn leaves","inputlog":null,"uploadtime":1498376586,"views":76,"p1id":"candice","p2id":"autumnleaves","formatid":"gen7ou","rating":0,"private":0,"password":null}