{"id":"smogtours-gen8ubers-643550","p1":"Skysolo \u2764","p2":"Kate","format":"gen8ubers","log":"|inactive|Battle timer is ON: inactive players will automatically lose when time's up.\n|t:|1660436831\n|gametype|singles\n|player|p1|Skysolo \u2764|#pspl2019ubers|\n|player|p2|Kate|#kate|\n|teamsize|p1|6\n|teamsize|p2|6\n|gen|8\n|tier|[Gen 8] Ubers\n|rule|Sleep Clause Mod: Limit one foe put to sleep\n|rule|Species Clause: Limit one of each Pok\u00e9mon\n|rule|OHKO Clause: OHKO moves are banned\n|rule|Evasion Moves Clause: Evasion moves are banned\n|rule|Endless Battle Clause: Forcing endless battles is banned\n|rule|HP Percentage Mod: HP is shown in percentages\n|rule|Dynamax Clause: You cannot dynamax\n|clearpoke\n|poke|p1|Yveltal|\n|poke|p1|Necrozma-Dusk-Mane|\n|poke|p1|Kyogre|\n|poke|p1|Zekrom|\n|poke|p1|Landorus-Therian, M|\n|poke|p1|Eternatus|\n|poke|p2|Calyrex-Shadow|\n|poke|p2|Zamazenta-*|\n|poke|p2|Eternatus|\n|poke|p2|Yveltal|\n|poke|p2|Necrozma-Dusk-Mane|\n|poke|p2|Landorus-Therian, M|\n|teampreview\n|c|\u2606Kate|Hf\n|c|\u2606Skysolo \u2764|u2\n|inactive|Skysolo \u2764 has 270 seconds left.\n|inactive|Kate has 270 seconds left.\n|\n|t:|1660436888\n|start\n|switch|p1a: Yveltal|Yveltal|100\/100\n|switch|p2a: Yveltal|Yveltal|100\/100\n|-ability|p1a: Yveltal|Dark Aura\n|-ability|p2a: Yveltal|Dark Aura\n|turn|1\n|\n|t:|1660436902\n|move|p1a: Yveltal|Knock Off|p2a: Yveltal\n|-resisted|p2a: Yveltal\n|-damage|p2a: Yveltal|77\/100\n|-enditem|p2a: Yveltal|Heavy-Duty Boots|[from] move: Knock Off|[of] p1a: Yveltal\n|move|p2a: Yveltal|Knock Off|p1a: Yveltal\n|-resisted|p1a: Yveltal\n|-damage|p1a: Yveltal|76\/100\n|-enditem|p1a: Yveltal|Heavy-Duty Boots|[from] move: Knock Off|[of] p2a: Yveltal\n|\n|upkeep\n|turn|2\n|\n|t:|1660436908\n|move|p1a: Yveltal|Knock Off|p2a: Yveltal\n|-resisted|p2a: Yveltal\n|-damage|p2a: Yveltal|63\/100\n|move|p2a: Yveltal|Knock Off|p1a: Yveltal\n|-resisted|p1a: Yveltal\n|-crit|p1a: Yveltal\n|-damage|p1a: Yveltal|53\/100\n|\n|upkeep\n|turn|3\n|\n|t:|1660436914\n|move|p1a: Yveltal|Roost|p1a: Yveltal\n|-heal|p1a: Yveltal|100\/100\n|-singleturn|p1a: Yveltal|move: Roost\n|move|p2a: Yveltal|Roost|p2a: Yveltal\n|-heal|p2a: Yveltal|100\/100\n|-singleturn|p2a: Yveltal|move: Roost\n|\n|upkeep\n|turn|4\n|\n|t:|1660436921\n|move|p1a: Yveltal|Knock Off|p2a: Yveltal\n|-resisted|p2a: Yveltal\n|-damage|p2a: Yveltal|86\/100\n|move|p2a: Yveltal|Knock Off|p1a: Yveltal\n|-resisted|p1a: Yveltal\n|-damage|p1a: Yveltal|85\/100\n|\n|upkeep\n|turn|5\n|\n|t:|1660436926\n|switch|p2a: Eternatus|Eternatus|100\/100\n|-ability|p2a: Eternatus|Pressure\n|move|p1a: Yveltal|Knock Off|p2a: Eternatus\n|-damage|p2a: Eternatus|61\/100\n|-damage|p1a: Yveltal|69\/100|[from] item: Rocky Helmet|[of] p2a: Eternatus\n|-enditem|p2a: Eternatus|Rocky Helmet|[from] move: Knock Off|[of] p1a: Yveltal\n|\n|upkeep\n|turn|6\n|\n|t:|1660436932\n|switch|p1a: Necrozma|Necrozma-Dusk-Mane|100\/100\n|move|p2a: Eternatus|Toxic|p1a: Necrozma\n|-immune|p1a: Necrozma\n|\n|upkeep\n|turn|7\n|\n|t:|1660436938\n|switch|p2a: Landorus|Landorus-Therian, M|100\/100\n|-ability|p2a: Landorus|Intimidate|boost\n|-unboost|p1a: Necrozma|atk|1\n|move|p1a: Necrozma|Stealth Rock|p2a: Landorus\n|-sidestart|p2: Kate|move: Stealth Rock\n|\n|upkeep\n|turn|8\n|\n|t:|1660436943\n|switch|p1a: Kyogre|Kyogre|100\/100\n|-weather|RainDance|[from] ability: Drizzle|[of] p1a: Kyogre\n|move|p2a: Landorus|Stealth Rock|p1a: Kyogre\n|-sidestart|p1: Skysolo \u2764|move: Stealth Rock\n|\n|-weather|RainDance|[upkeep]\n|upkeep\n|turn|9\n|\n|t:|1660436949\n|switch|p2a: Eternatus|Eternatus|61\/100\n|-damage|p2a: Eternatus|49\/100|[from] Stealth Rock\n|-ability|p2a: Eternatus|Pressure\n|move|p1a: Kyogre|Water Spout|p2a: Eternatus\n|-resisted|p2a: Eternatus\n|-damage|p2a: Eternatus|0 fnt\n|faint|p2a: Eternatus\n|\n|-weather|RainDance|[upkeep]\n|upkeep\n|\n|t:|1660436957\n|switch|p2a: Calyrex|Calyrex-Shadow|100\/100\n|-ability|p2a: Calyrex|As One\n|-ability|p2a: Calyrex|Unnerve\n|-damage|p2a: Calyrex|88\/100|[from] Stealth Rock\n|turn|10\n|\n|t:|1660436981\n|switch|p1a: Eternatus|Eternatus|100\/100\n|-damage|p1a: Eternatus|88\/100|[from] Stealth Rock\n|-ability|p1a: Eternatus|Pressure\n|move|p2a: Calyrex|Astral Barrage|p1a: Eternatus\n|-damage|p1a: Eternatus|16\/100\n|\n|-weather|RainDance|[upkeep]\n|upkeep\n|turn|11\n|inactive|Skysolo \u2764 has 270 seconds left.\n|\n|t:|1660437007\n|move|p2a: Calyrex|Astral Barrage|p1a: Eternatus\n|-damage|p1a: Eternatus|0 fnt\n|faint|p1a: Eternatus\n|-ability|p2a: Calyrex|Grim Neigh|boost\n|-boost|p2a: Calyrex|spa|1\n|\n|-weather|RainDance|[upkeep]\n|upkeep\n|inactive|Skysolo \u2764 has 240 seconds left.\n|\n|t:|1660437044\n|switch|p1a: Landorus|Landorus-Therian, M|100\/100\n|-damage|p1a: Landorus|88\/100|[from] Stealth Rock\n|-ability|p1a: Landorus|Intimidate|boost\n|-unboost|p2a: Calyrex|atk|1\n|turn|12\n|\n|t:|1660437054\n|switch|p2a: Yveltal|Yveltal|86\/100\n|-damage|p2a: Yveltal|62\/100|[from] Stealth Rock\n|-ability|p2a: Yveltal|Dark Aura\n|move|p1a: Landorus|U-turn|p2a: Yveltal\n|-damage|p2a: Yveltal|42\/100\n|inactive|Skysolo \u2764 has 240 seconds left.\n|\n|t:|1660437077\n|switch|p1a: Yveltal|Yveltal|69\/100|[from]move: U-turn\n|-damage|p1a: Yveltal|44\/100|[from] Stealth Rock\n|-ability|p1a: Yveltal|Dark Aura\n|\n|-weather|none\n|upkeep\n|turn|13\n|\n|t:|1660437080\n|move|p1a: Yveltal|Taunt|p2a: Yveltal\n|-start|p2a: Yveltal|move: Taunt\n|cant|p2a: Yveltal|move: Taunt|Roost\n|\n|upkeep\n|turn|14\n|\n|t:|1660437089\n|switch|p2a: Zamazenta|Zamazenta-Crowned|100\/100\n|-damage|p2a: Zamazenta|97\/100|[from] Stealth Rock\n|-ability|p2a: Zamazenta|Dauntless Shield|boost\n|-boost|p2a: Zamazenta|def|1\n|move|p1a: Yveltal|Roost|p1a: Yveltal\n|-heal|p1a: Yveltal|94\/100\n|-singleturn|p1a: Yveltal|move: Roost\n|\n|upkeep\n|turn|15\n|\n|t:|1660437104\n|switch|p1a: Necrozma|Necrozma-Dusk-Mane|100\/100\n|-damage|p1a: Necrozma|94\/100|[from] Stealth Rock\n|move|p2a: Zamazenta|Behemoth Bash|p1a: Necrozma\n|-resisted|p1a: Necrozma\n|-damage|p1a: Necrozma|80\/100\n|\n|-heal|p1a: Necrozma|86\/100|[from] item: Leftovers\n|upkeep\n|turn|16\n|\n|t:|1660437109\n|switch|p2a: Landorus|Landorus-Therian, M|100\/100\n|-damage|p2a: Landorus|88\/100|[from] Stealth Rock\n|-ability|p2a: Landorus|Intimidate|boost\n|-unboost|p1a: Necrozma|atk|1\n|move|p1a: Necrozma|Thunder Wave|p2a: Landorus\n|-immune|p2a: Landorus\n|\n|-heal|p2a: Landorus|94\/100|[from] item: Leftovers\n|-heal|p1a: Necrozma|92\/100|[from] item: Leftovers\n|upkeep\n|turn|17\n|\n|t:|1660437117\n|switch|p1a: Yveltal|Yveltal|94\/100\n|-damage|p1a: Yveltal|69\/100|[from] Stealth Rock\n|-ability|p1a: Yveltal|Dark Aura\n|move|p2a: Landorus|U-turn|p1a: Yveltal\n|-damage|p1a: Yveltal|51\/100\n|\n|t:|1660437119\n|switch|p2a: Zamazenta|Zamazenta-Crowned|97\/100|[from]move: U-turn\n|-damage|p2a: Zamazenta|94\/100|[from] Stealth Rock\n|-ability|p2a: Zamazenta|Dauntless Shield|boost\n|-boost|p2a: Zamazenta|def|1\n|\n|upkeep\n|turn|18\n|\n|t:|1660437128\n|switch|p1a: Necrozma|Necrozma-Dusk-Mane|92\/100\n|-damage|p1a: Necrozma|86\/100|[from] Stealth Rock\n|move|p2a: Zamazenta|Howl|p2a: Zamazenta\n|-boost|p2a: Zamazenta|atk|1\n|\n|-heal|p1a: Necrozma|92\/100|[from] item: Leftovers\n|upkeep\n|turn|19\n|\n|t:|1660437139\n|move|p2a: Zamazenta|Close Combat|p1a: Necrozma\n|-damage|p1a: Necrozma|37\/100\n|-unboost|p2a: Zamazenta|def|1\n|-unboost|p2a: Zamazenta|spd|1\n|move|p1a: Necrozma|Thunder Wave|p2a: Zamazenta\n|-status|p2a: Zamazenta|par\n|\n|-heal|p1a: Necrozma|43\/100|[from] item: Leftovers\n|upkeep\n|turn|20\n|\n|t:|1660437150\n|switch|p2a: Landorus|Landorus-Therian, M|94\/100\n|-damage|p2a: Landorus|82\/100|[from] Stealth Rock\n|-ability|p2a: Landorus|Intimidate|boost\n|-unboost|p1a: Necrozma|atk|1\n|move|p1a: Necrozma|Iron Head|p2a: Landorus\n|-damage|p2a: Landorus|63\/100\n|\n|-heal|p2a: Landorus|69\/100|[from] item: Leftovers\n|-heal|p1a: Necrozma|49\/100|[from] item: Leftovers\n|upkeep\n|turn|21\n|\n|t:|1660437159\n|switch|p1a: Yveltal|Yveltal|51\/100\n|-damage|p1a: Yveltal|26\/100|[from] Stealth Rock\n|-ability|p1a: Yveltal|Dark Aura\n|move|p2a: Landorus|Earthquake|p1a: Yveltal\n|-immune|p1a: Yveltal\n|\n|-heal|p2a: Landorus|75\/100|[from] item: Leftovers\n|upkeep\n|turn|22\n|\n|t:|1660437168\n|move|p1a: Yveltal|Knock Off|p2a: Landorus\n|-damage|p2a: Landorus|35\/100\n|-enditem|p2a: Landorus|Leftovers|[from] move: Knock Off|[of] p1a: Yveltal\n|move|p2a: Landorus|Toxic|p1a: Yveltal\n|-status|p1a: Yveltal|tox\n|\n|-damage|p1a: Yveltal|20\/100 tox|[from] psn\n|upkeep\n|turn|23\n|\n|t:|1660437181\n|switch|p2a: Zamazenta|Zamazenta-Crowned|94\/100 par\n|-damage|p2a: Zamazenta|91\/100 par|[from] Stealth Rock\n|-ability|p2a: Zamazenta|Dauntless Shield|boost\n|-boost|p2a: Zamazenta|def|1\n|move|p1a: Yveltal|Knock Off|p2a: Zamazenta\n|-resisted|p2a: Zamazenta\n|-damage|p2a: Zamazenta|83\/100 par\n|\n|-damage|p1a: Yveltal|8\/100 tox|[from] psn\n|upkeep\n|turn|24\n|\n|t:|1660437190\n|move|p1a: Yveltal|Taunt|p2a: Zamazenta\n|-start|p2a: Zamazenta|move: Taunt\n|cant|p2a: Zamazenta|par\n|\n|-damage|p1a: Yveltal|0 fnt|[from] psn\n|faint|p1a: Yveltal\n|upkeep\n|\n|t:|1660437195\n|switch|p1a: Kyogre|Kyogre|100\/100\n|-damage|p1a: Kyogre|88\/100|[from] Stealth Rock\n|-weather|RainDance|[from] ability: Drizzle|[of] p1a: Kyogre\n|turn|25\n|\n|t:|1660437198\n|switch|p2a: Yveltal|Yveltal|42\/100\n|-damage|p2a: Yveltal|17\/100|[from] Stealth Rock\n|-ability|p2a: Yveltal|Dark Aura\n|move|p1a: Kyogre|Surf|p2a: Yveltal\n|-damage|p2a: Yveltal|0 fnt\n|faint|p2a: Yveltal\n|\n|-weather|RainDance|[upkeep]\n|upkeep\n|\n|t:|1660437207\n|switch|p2a: Calyrex|Calyrex-Shadow|88\/100\n|-ability|p2a: Calyrex|As One\n|-ability|p2a: Calyrex|Unnerve\n|-damage|p2a: Calyrex|76\/100|[from] Stealth Rock\n|turn|26\n|inactive|Kate has 270 seconds left.\n|\n|t:|1660437255\n|move|p2a: Calyrex|Astral Barrage|p1a: Kyogre\n|-damage|p1a: Kyogre|0 fnt\n|faint|p1a: Kyogre\n|-ability|p2a: Calyrex|Grim Neigh|boost\n|-boost|p2a: Calyrex|spa|1\n|\n|-weather|RainDance|[upkeep]\n|upkeep\n|inactive|Skysolo \u2764 has 270 seconds left.\n|\n|t:|1660437281\n|switch|p1a: Landorus|Landorus-Therian, M|88\/100\n|-damage|p1a: Landorus|76\/100|[from] Stealth Rock\n|-ability|p1a: Landorus|Intimidate|boost\n|-unboost|p2a: Calyrex|atk|1\n|turn|27\n|inactive|Skysolo \u2764 has 270 seconds left.\n|\n|t:|1660437302\n|switch|p2a: Necrozma|Necrozma-Dusk-Mane|100\/100\n|-damage|p2a: Necrozma|94\/100|[from] Stealth Rock\n|move|p1a: Landorus|U-turn|p2a: Necrozma\n|-damage|p2a: Necrozma|76\/100\n|\n|t:|1660437305\n|switch|p1a: Zekrom|Zekrom|100\/100|[from]move: U-turn\n|-damage|p1a: Zekrom|88\/100|[from] Stealth Rock\n|-ability|p1a: Zekrom|Teravolt\n|\n|-weather|RainDance|[upkeep]\n|-heal|p2a: Necrozma|82\/100|[from] item: Leftovers\n|upkeep\n|turn|28\n|\n|t:|1660437309\n|move|p1a: Zekrom|Dragon Dance|p1a: Zekrom\n|-boost|p1a: Zekrom|atk|1\n|-boost|p1a: Zekrom|spe|1\n|move|p2a: Necrozma|Swords Dance|p2a: Necrozma\n|-boost|p2a: Necrozma|atk|2\n|\n|-weather|RainDance|[upkeep]\n|-heal|p2a: Necrozma|88\/100|[from] item: Leftovers\n|upkeep\n|turn|29\n|\n|t:|1660437313\n|move|p1a: Zekrom|Bolt Strike|p2a: Necrozma\n|-damage|p2a: Necrozma|13\/100\n|move|p2a: Necrozma|Knock Off|p1a: Zekrom\n|-damage|p1a: Zekrom|35\/100\n|-enditem|p1a: Zekrom|Lum Berry|[from] move: Knock Off|[of] p2a: Necrozma\n|\n|-weather|none\n|-heal|p2a: Necrozma|19\/100|[from] item: Leftovers\n|upkeep\n|turn|30\n|inactive|Skysolo \u2764 has 270 seconds left.\n|c|+steel...SKITTY|go k8\n|\n|t:|1660437345\n|switch|p2a: Landorus|Landorus-Therian, M|35\/100\n|-damage|p2a: Landorus|23\/100|[from] Stealth Rock\n|-ability|p2a: Landorus|Intimidate|boost\n|-unboost|p1a: Zekrom|atk|1\n|move|p1a: Zekrom|Dragon Claw|p2a: Landorus\n|-damage|p2a: Landorus|0 fnt\n|faint|p2a: Landorus\n|\n|upkeep\n|\n|t:|1660437349\n|switch|p2a: Zamazenta|Zamazenta-Crowned|83\/100 par\n|-damage|p2a: Zamazenta|80\/100 par|[from] Stealth Rock\n|-ability|p2a: Zamazenta|Dauntless Shield|boost\n|-boost|p2a: Zamazenta|def|1\n|turn|31\n|\n|t:|1660437356\n|move|p1a: Zekrom|Roost|p1a: Zekrom\n|-heal|p1a: Zekrom|86\/100\n|-singleturn|p1a: Zekrom|move: Roost\n|move|p2a: Zamazenta|Close Combat|p1a: Zekrom\n|-damage|p1a: Zekrom|40\/100\n|-unboost|p2a: Zamazenta|def|1\n|-unboost|p2a: Zamazenta|spd|1\n|\n|upkeep\n|turn|32\n|\n|t:|1660437367\n|move|p1a: Zekrom|Roost|p1a: Zekrom\n|-heal|p1a: Zekrom|90\/100\n|-singleturn|p1a: Zekrom|move: Roost\n|move|p2a: Zamazenta|Rest|p2a: Zamazenta\n|-status|p2a: Zamazenta|slp|[from] move: Rest\n|-heal|p2a: Zamazenta|100\/100 slp|[silent]\n|\n|upkeep\n|turn|33\n|\n|t:|1660437372\n|move|p1a: Zekrom|Dragon Dance|p1a: Zekrom\n|-boost|p1a: Zekrom|atk|1\n|-boost|p1a: Zekrom|spe|1\n|cant|p2a: Zamazenta|slp\n|\n|upkeep\n|turn|34\n|\n|t:|1660437375\n|move|p1a: Zekrom|Bolt Strike|p2a: Zamazenta\n|-damage|p2a: Zamazenta|30\/100 slp\n|cant|p2a: Zamazenta|slp\n|\n|upkeep\n|turn|35\n|\n|t:|1660437378\n|move|p1a: Zekrom|Bolt Strike|p2a: Zamazenta\n|-damage|p2a: Zamazenta|0 fnt\n|faint|p2a: Zamazenta\n|\n|upkeep\n|\n|t:|1660437380\n|switch|p2a: Calyrex|Calyrex-Shadow|76\/100\n|-ability|p2a: Calyrex|As One\n|-ability|p2a: Calyrex|Unnerve\n|-damage|p2a: Calyrex|64\/100|[from] Stealth Rock\n|turn|36\n|c|\u2606Skysolo \u2764|gg\n|\n|t:|1660437383\n|move|p1a: Zekrom|Dragon Claw|p2a: Calyrex\n|-damage|p2a: Calyrex|0 fnt\n|faint|p2a: Calyrex\n|\n|upkeep\n|c|\u2606Kate|Gg\n|\n|t:|1660437389\n|switch|p2a: Necrozma|Necrozma-Dusk-Mane|19\/100\n|-damage|p2a: Necrozma|13\/100|[from] Stealth Rock\n|turn|37\n|\n|t:|1660437391\n|move|p1a: Zekrom|Dragon Claw|p2a: Necrozma\n|-resisted|p2a: Necrozma\n|-damage|p2a: Necrozma|0 fnt\n|faint|p2a: Necrozma\n|\n|win|Skysolo \u2764\n","uploadtime":1660437392,"views":179,"p1id":"skysolo","p2id":"kate","formatid":"gen8ubers","rating":0,"private":0,"password":null}