{"id":"smogtours-gen6ou-651821","p1":"Pok et Glace","p2":"Sificon~","format":"gen6ou","log":"|inactive|Battle timer is ON: inactive players will automatically lose when time's up.\n|t:|1664629837\n|gametype|singles\n|player|p1|Pok et Glace|266|\n|player|p2|Sificon~|#sificon|\n|teamsize|p1|6\n|teamsize|p2|6\n|gen|6\n|tier|[Gen 6] OU\n|rule|Sleep Clause Mod: Limit one foe put to sleep\n|rule|Species Clause: Limit one of each Pok\u00e9mon\n|rule|OHKO Clause: OHKO moves are banned\n|rule|Moody Clause: Moody is banned\n|rule|Evasion Items Clause: Evasion items are banned\n|rule|Evasion Moves Clause: Evasion moves are banned\n|rule|Endless Battle Clause: Forcing endless battles is banned\n|rule|HP Percentage Mod: HP is shown in percentages\n|rule|Swagger Clause: Swagger is banned\n|clearpoke\n|poke|p1|Landorus-Therian, M|item\n|poke|p1|Bisharp, M|item\n|poke|p1|Garchomp, M|item\n|poke|p1|Diancie|item\n|poke|p1|Manaphy|item\n|poke|p1|Dragonite, M|item\n|poke|p2|Rotom-Wash|item\n|poke|p2|Tornadus-Therian, M|item\n|poke|p2|Garchomp, F|item\n|poke|p2|Hoopa|item\n|poke|p2|Azumarill, F|item\n|poke|p2|Medicham, F|item\n|teampreview\n|c|\u2606Sificon~|hf\n|c|\u2606Pok et Glace|hf\n|inactive|Pok et Glace has 270 seconds left.\n|inactive|Sificon~ has 270 seconds left.\n|inactive|Pok et Glace has 240 seconds left.\n|\n|t:|1664629925\n|start\n|switch|p1a: Nancy Pelosi|Diancie, shiny|100\/100\n|switch|p2a: Garchomp|Garchomp, F|100\/100\n|turn|1\n|\n|t:|1664629938\n|detailschange|p1a: Nancy Pelosi|Diancie-Mega, shiny\n|-mega|p1a: Nancy Pelosi|Diancie|Diancite\n|move|p1a: Nancy Pelosi|Protect|p1a: Nancy Pelosi\n|-singleturn|p1a: Nancy Pelosi|Protect\n|move|p2a: Garchomp|Earthquake|p1a: Nancy Pelosi\n|-activate|p1a: Nancy Pelosi|move: Protect\n|\n|upkeep\n|turn|2\n|\n|t:|1664629953\n|switch|p1a: Bernie Landers|Landorus-Therian, M, shiny|100\/100\n|-ability|p1a: Bernie Landers|Intimidate|boost\n|-unboost|p2a: Garchomp|atk|1\n|switch|p2a: Tornadus|Tornadus-Therian, M|100\/100\n|\n|upkeep\n|turn|3\n|\n|t:|1664629971\n|move|p2a: Tornadus|Knock Off|p1a: Bernie Landers\n|-damage|p1a: Bernie Landers|78\/100\n|-enditem|p1a: Bernie Landers|Normal Gem|[from] move: Knock Off|[of] p2a: Tornadus\n|move|p1a: Bernie Landers|Stealth Rock|p2a: Tornadus\n|-sidestart|p2: Sificon~|move: Stealth Rock\n|\n|upkeep\n|turn|4\n|\n|t:|1664629981\n|move|p2a: Tornadus|Hurricane|p1a: Bernie Landers|[miss]\n|-miss|p2a: Tornadus|p1a: Bernie Landers\n|move|p1a: Bernie Landers|Swords Dance|p1a: Bernie Landers\n|-boost|p1a: Bernie Landers|atk|2\n|\n|upkeep\n|turn|5\n|\n|t:|1664629996\n|move|p2a: Tornadus|Hurricane|p1a: Bernie Landers\n|-damage|p1a: Bernie Landers|27\/100\n|move|p1a: Bernie Landers|Earthquake|p2a: Tornadus\n|-immune|p2a: Tornadus\n|\n|upkeep\n|turn|6\n|\n|t:|1664630003\n|switch|p1a: Nancy Pelosi|Diancie-Mega, shiny|100\/100\n|move|p2a: Tornadus|Hurricane|p1a: Nancy Pelosi\n|-resisted|p1a: Nancy Pelosi\n|-damage|p1a: Nancy Pelosi|76\/100\n|\n|upkeep\n|turn|7\n|\n|t:|1664630010\n|move|p2a: Tornadus|Iron Tail|p1a: Nancy Pelosi\n|-supereffective|p1a: Nancy Pelosi\n|-damage|p1a: Nancy Pelosi|0 fnt\n|faint|p1a: Nancy Pelosi\n|\n|upkeep\n|\n|t:|1664630017\n|switch|p1a: Maralago|Dragonite, M, shiny|100\/100\n|turn|8\n|\n|t:|1664630024\n|move|p2a: Tornadus|U-turn|p1a: Maralago\n|-resisted|p1a: Maralago\n|-damage|p1a: Maralago|97\/100\n|\n|t:|1664630030\n|switch|p2a: Rotom|Rotom-Wash|100\/100|[from]move: U-turn\n|-damage|p2a: Rotom|88\/100|[from] Stealth Rock\n|move|p1a: Maralago|Dragon Claw|p2a: Rotom\n|-damage|p2a: Rotom|27\/100\n|\n|-heal|p2a: Rotom|33\/100|[from] item: Leftovers\n|upkeep\n|turn|9\n|\n|t:|1664630042\n|switch|p1a: Dark Brandon|Bisharp, M, shiny|100\/100\n|move|p2a: Rotom|Will-O-Wisp|p1a: Dark Brandon\n|-status|p1a: Dark Brandon|brn\n|\n|-heal|p2a: Rotom|38\/100|[from] item: Leftovers\n|-damage|p1a: Dark Brandon|88\/100 brn|[from] brn\n|upkeep\n|turn|10\n|\n|t:|1664630050\n|switch|p2a: Garchomp|Garchomp, F|100\/100\n|-damage|p2a: Garchomp|94\/100|[from] Stealth Rock\n|move|p1a: Dark Brandon|Knock Off|p2a: Garchomp\n|-crit|p2a: Garchomp\n|-damage|p2a: Garchomp|63\/100\n|-damage|p1a: Dark Brandon|76\/100 brn|[from] ability: Rough Skin|[of] p2a: Garchomp\n|-damage|p1a: Dark Brandon|60\/100 brn|[from] item: Rocky Helmet|[of] p2a: Garchomp\n|-enditem|p2a: Garchomp|Rocky Helmet|[from] move: Knock Off|[of] p1a: Dark Brandon\n|-damage|p1a: Dark Brandon|50\/100 brn|[from] item: Life Orb\n|\n|-damage|p1a: Dark Brandon|37\/100 brn|[from] brn\n|upkeep\n|turn|11\n|\n|t:|1664630062\n|switch|p1a: Bernie Landers|Landorus-Therian, M, shiny|27\/100\n|-ability|p1a: Bernie Landers|Intimidate|boost\n|-unboost|p2a: Garchomp|atk|1\n|move|p2a: Garchomp|Stealth Rock|p1a: Bernie Landers\n|-sidestart|p1: Pok et Glace|move: Stealth Rock\n|\n|upkeep\n|turn|12\n|\n|t:|1664630069\n|move|p1a: Bernie Landers|Explosion|p2a: Garchomp\n|-damage|p2a: Garchomp|8\/100\n|faint|p1a: Bernie Landers\n|move|p2a: Garchomp|Fire Blast|p1: Bernie Landers|[notarget]\n|-fail|p2a: Garchomp\n|\n|upkeep\n|\n|t:|1664630072\n|switch|p1a: Last Hillary lover|Manaphy, shiny|100\/100\n|-damage|p1a: Last Hillary lover|88\/100|[from] Stealth Rock\n|turn|13\n|\n|t:|1664630077\n|move|p1a: Last Hillary lover|Calm Mind|p1a: Last Hillary lover\n|-boost|p1a: Last Hillary lover|spa|1\n|-boost|p1a: Last Hillary lover|spd|1\n|move|p2a: Garchomp|Dragon Tail|p1a: Last Hillary lover\n|-damage|p1a: Last Hillary lover|78\/100\n|drag|p1a: Maralago|Dragonite, M, shiny|97\/100\n|-damage|p1a: Maralago|72\/100|[from] Stealth Rock\n|\n|upkeep\n|turn|14\n|\n|t:|1664630084\n|move|p1a: Maralago|Dragon Claw|p2a: Garchomp\n|-supereffective|p2a: Garchomp\n|-damage|p2a: Garchomp|0 fnt\n|-damage|p1a: Maralago|60\/100|[from] ability: Rough Skin|[of] p2a: Garchomp\n|faint|p2a: Garchomp\n|\n|upkeep\n|\n|t:|1664630091\n|switch|p2a: Medicham|Medicham, F|100\/100\n|-damage|p2a: Medicham|94\/100|[from] Stealth Rock\n|turn|15\n|\n|t:|1664630095\n|switch|p1a: Dark Brandon|Bisharp, M, shiny|37\/100 brn\n|-damage|p1a: Dark Brandon|31\/100 brn|[from] Stealth Rock\n|detailschange|p2a: Medicham|Medicham-Mega, F\n|-mega|p2a: Medicham|Medicham|Medichamite\n|move|p2a: Medicham|Fake Out|p1a: Dark Brandon\n|-resisted|p1a: Dark Brandon\n|-damage|p1a: Dark Brandon|16\/100 brn\n|\n|-damage|p1a: Dark Brandon|4\/100 brn|[from] brn\n|upkeep\n|turn|16\n|\n|t:|1664630099\n|switch|p2a: Rotom|Rotom-Wash|38\/100\n|-damage|p2a: Rotom|26\/100|[from] Stealth Rock\n|move|p1a: Dark Brandon|Sucker Punch||[still]\n|-fail|p1a: Dark Brandon\n|\n|-heal|p2a: Rotom|32\/100|[from] item: Leftovers\n|-damage|p1a: Dark Brandon|0 fnt|[from] brn\n|faint|p1a: Dark Brandon\n|upkeep\n|\n|t:|1664630104\n|switch|p1a: Last Hillary lover|Manaphy, shiny|78\/100\n|-damage|p1a: Last Hillary lover|65\/100|[from] Stealth Rock\n|turn|17\n|\n|t:|1664630112\n|move|p1a: Last Hillary lover|Calm Mind|p1a: Last Hillary lover\n|-boost|p1a: Last Hillary lover|spa|1\n|-boost|p1a: Last Hillary lover|spd|1\n|move|p2a: Rotom|Volt Switch|p1a: Last Hillary lover\n|-supereffective|p1a: Last Hillary lover\n|-damage|p1a: Last Hillary lover|36\/100\n|\n|t:|1664630120\n|switch|p2a: Tornadus|Tornadus-Therian, M|100\/100|[from]move: Volt Switch\n|-damage|p2a: Tornadus|76\/100|[from] Stealth Rock\n|\n|-heal|p1a: Last Hillary lover|43\/100|[from] item: Leftovers\n|upkeep\n|turn|18\n|\n|t:|1664630126\n|move|p2a: Tornadus|Knock Off|p1a: Last Hillary lover\n|-damage|p1a: Last Hillary lover|31\/100\n|-enditem|p1a: Last Hillary lover|Leftovers|[from] move: Knock Off|[of] p2a: Tornadus\n|move|p1a: Last Hillary lover|Rain Dance|p1a: Last Hillary lover\n|-weather|RainDance\n|\n|-weather|RainDance|[upkeep]\n|upkeep\n|turn|19\n|\n|t:|1664630132\n|move|p2a: Tornadus|Hurricane|p1a: Last Hillary lover\n|-damage|p1a: Last Hillary lover|9\/100\n|move|p1a: Last Hillary lover|Rest|p1a: Last Hillary lover\n|-status|p1a: Last Hillary lover|slp|[from] move: Rest\n|-heal|p1a: Last Hillary lover|100\/100 slp|[silent]\n|\n|-weather|RainDance|[upkeep]\n|-activate|p1a: Last Hillary lover|ability: Hydration\n|-curestatus|p1a: Last Hillary lover|slp|[msg]\n|upkeep\n|turn|20\n|\n|t:|1664630138\n|move|p2a: Tornadus|Hurricane|p1a: Last Hillary lover\n|-damage|p1a: Last Hillary lover|76\/100\n|-start|p1a: Last Hillary lover|confusion\n|-activate|p1a: Last Hillary lover|confusion\n|move|p1a: Last Hillary lover|Scald|p2a: Tornadus\n|-damage|p2a: Tornadus|36\/100\n|\n|-weather|RainDance|[upkeep]\n|upkeep\n|turn|21\n|\n|t:|1664630146\n|move|p2a: Tornadus|Hurricane|p1a: Last Hillary lover\n|-damage|p1a: Last Hillary lover|55\/100\n|-activate|p1a: Last Hillary lover|confusion\n|move|p1a: Last Hillary lover|Rest|p1a: Last Hillary lover\n|-status|p1a: Last Hillary lover|slp|[from] move: Rest\n|-heal|p1a: Last Hillary lover|100\/100 slp|[silent]\n|\n|-weather|RainDance|[upkeep]\n|-activate|p1a: Last Hillary lover|ability: Hydration\n|-curestatus|p1a: Last Hillary lover|slp|[msg]\n|upkeep\n|turn|22\n|\n|t:|1664630150\n|move|p2a: Tornadus|Hurricane|p1a: Last Hillary lover\n|-damage|p1a: Last Hillary lover|76\/100\n|-end|p1a: Last Hillary lover|confusion\n|move|p1a: Last Hillary lover|Calm Mind|p1a: Last Hillary lover\n|-boost|p1a: Last Hillary lover|spa|1\n|-boost|p1a: Last Hillary lover|spd|1\n|\n|-weather|none\n|upkeep\n|turn|23\n|\n|t:|1664630160\n|move|p2a: Tornadus|U-turn|p1a: Last Hillary lover\n|-damage|p1a: Last Hillary lover|67\/100\n|\n|t:|1664630161\n|switch|p2a: Rotom|Rotom-Wash|32\/100|[from]move: U-turn\n|-damage|p2a: Rotom|20\/100|[from] Stealth Rock\n|move|p1a: Last Hillary lover|Scald|p2a: Rotom\n|-resisted|p2a: Rotom\n|-damage|p2a: Rotom|0 fnt\n|faint|p2a: Rotom\n|\n|upkeep\n|\n|t:|1664630163\n|switch|p2a: Medicham|Medicham-Mega, F|94\/100\n|-damage|p2a: Medicham|88\/100|[from] Stealth Rock\n|turn|24\n|\n|t:|1664630172\n|move|p2a: Medicham|Fake Out|p1a: Last Hillary lover\n|-damage|p1a: Last Hillary lover|52\/100\n|cant|p1a: Last Hillary lover|flinch\n|\n|upkeep\n|turn|25\n|\n|t:|1664630180\n|move|p2a: Medicham|High Jump Kick|p1a: Last Hillary lover\n|-crit|p1a: Last Hillary lover\n|-damage|p1a: Last Hillary lover|0 fnt\n|faint|p1a: Last Hillary lover\n|\n|upkeep\n|\n|t:|1664630182\n|switch|p1a: The donald|Garchomp, M, shiny|100\/100\n|-damage|p1a: The donald|94\/100|[from] Stealth Rock\n|turn|26\n|\n|t:|1664630192\n|move|p1a: The donald|Outrage|p2a: Medicham\n|-damage|p2a: Medicham|0 fnt\n|faint|p2a: Medicham\n|\n|upkeep\n|\n|t:|1664630195\n|switch|p2a: Azumarill|Azumarill, F|100\/100\n|-damage|p2a: Azumarill|88\/100|[from] Stealth Rock\n|turn|27\n|\n|t:|1664630199\n|move|p1a: The donald|Outrage|p2a: Azumarill|[from]lockedmove\n|-immune|p2a: Azumarill\n|move|p2a: Azumarill|Play Rough|p1a: The donald\n|-supereffective|p1a: The donald\n|-damage|p1a: The donald|0 fnt\n|-damage|p2a: Azumarill|76\/100|[from] ability: Rough Skin|[of] p1a: The donald\n|faint|p1a: The donald\n|\n|upkeep\n|\n|t:|1664630201\n|switch|p1a: Maralago|Dragonite, M, shiny|60\/100\n|-damage|p1a: Maralago|35\/100|[from] Stealth Rock\n|turn|28\n|c|\u2606Pok et Glace|i played like shit\n|\n|t:|1664630208\n|move|p1a: Maralago|Earthquake|p2a: Azumarill\n|-damage|p2a: Azumarill|10\/100\n|-enditem|p2a: Azumarill|Sitrus Berry|[eat]\n|-heal|p2a: Azumarill|35\/100|[from] item: Sitrus Berry\n|move|p2a: Azumarill|Play Rough|p1a: Maralago\n|-supereffective|p1a: Maralago\n|-damage|p1a: Maralago|0 fnt\n|faint|p1a: Maralago\n|\n|win|Sificon~\n","uploadtime":1664630210,"views":11,"p1id":"poketglace","p2id":"sificon","formatid":"gen6ou","rating":0,"private":0,"password":null}