{"id":"smogtours-ou-280450","p1":"hamhamhamham","p2":"Gotham Paladin","format":"ou","log":"|inactive|Battle timer is ON: inactive players will automatically lose when time's up.\n|J|hamhamhamham\n|J|Gotham Paladin\n|player|p1|hamhamhamham|63\n|player|p2|Gotham Paladin|283\n|gametype|singles\n|gen|6\n|tier|OU\n|seed|8761,15302,44755,62525\n|clearpoke\n|poke|p1|Bisharp, M|item\n|poke|p1|Gardevoir, F|item\n|poke|p1|Keldeo-Resolute|item\n|poke|p1|Klefki, F|item\n|poke|p1|Latios, M|item\n|poke|p1|Landorus-Therian, M|item\n|poke|p2|Noivern, M|item\n|poke|p2|Klefki, F|item\n|poke|p2|Rotom-Wash|item\n|poke|p2|Garchomp, M|item\n|poke|p2|Azumarill, F|item\n|poke|p2|Lopunny, F|item\n|rule|Swagger Clause: Swagger is banned\n|rule|Baton Pass Clause: Limit one Baton Passer, can't pass Spe and other stats simultaneously\n|rule|Sleep Clause Mod: Limit one foe put to sleep\n|rule|Species Clause: Limit one of each Pok\u00e9mon\n|rule|OHKO Clause: OHKO moves are banned\n|rule|Moody Clause: Moody is banned\n|rule|Evasion Moves Clause: Evasion moves are banned\n|rule|Endless Battle Clause: Forcing endless battles is banned\n|rule|HP Percentage Mod: HP is shown in percentages\n|teampreview\n|J|yellowcomebart'\n|c|\u2606Gotham Paladin|hf\n|J|bright stars\n|L|yellowcomebart'\n|c|\u2606hamhamhamham|u2\n|choice|team 5, team 2, team 3, team 4, team 1, team 6|team 6, team 2, team 3, team 4, team 5, team 1\n|\n|start\n|switch|p1a: Jet Lag|Latios, M|301\/301\n|switch|p2a: Diana Prince|Lopunny, F|271\/271\n|turn|1\n|choice|switch 6|move fakeout mega\n|\n|switch|p1a: Landorus|Landorus-Therian, M|382\/382\n|-ability|p1a: Landorus|Intimidate|boost\n|-unboost|p2a: Diana Prince|atk|1\n|detailschange|p2a: Diana Prince|Lopunny-Mega, F\n|-mega|p2a: Diana Prince|Lopunny|Lopunnite\n|move|p2a: Diana Prince|Fake Out|p1a: Landorus\n|-damage|p1a: Landorus|342\/382\n|-damage|p2a: Diana Prince|226\/271|[from] item: Rocky Helmet|[of] p1a: Landorus\n|\n|upkeep\n|turn|2\n|choice|switch 4|move icepunch\n|\n|switch|p1a: SORU|Klefki, F|318\/318\n|move|p2a: Diana Prince|Ice Punch|p1a: SORU\n|-resisted|p1a: SORU\n|-damage|p1a: SORU|283\/318\n|-status|p1a: SORU|frz\n|\n|-heal|p1a: SORU|302\/318 frz|[from] item: Leftovers\n|upkeep\n|turn|3\n|choice|move spikes|switch 3\n|\n|switch|p2a: Arthur Curry|Rotom-Wash|304\/304\n|-curestatus|p1a: SORU|frz|[msg]\n|move|p1a: SORU|Spikes|p2a: Arthur Curry\n|-sidestart|p2: Gotham Paladin|Spikes\n|\n|-heal|p1a: SORU|318\/318|[from] item: Leftovers\n|upkeep\n|turn|4\n|choice|move toxic|move willowisp\n|\n|move|p1a: SORU|Toxic|p2a: Arthur Curry|[miss]\n|-miss|p1a: SORU|p2a: Arthur Curry\n|move|p2a: Arthur Curry|Will-O-Wisp|p1a: SORU\n|-status|p1a: SORU|brn\n|\n|-damage|p1a: SORU|279\/318 brn|[from] brn\n|upkeep\n|turn|5\n|choice|move spikes|move voltswitch\n|\n|move|p1a: SORU|Spikes|p2a: Arthur Curry\n|-sidestart|p2: Gotham Paladin|Spikes\n|move|p2a: Arthur Curry|Volt Switch|p1a: SORU\n|-damage|p1a: SORU|206\/318 brn\n|choice||switch 2\n|\n|switch|p2a: Toyman|Klefki, F|318\/318\n|-damage|p2a: Toyman|265\/318|[from] Spikes\n|\n|-heal|p2a: Toyman|284\/318|[from] item: Leftovers\n|-heal|p1a: SORU|225\/318 brn|[from] item: Leftovers\n|-damage|p1a: SORU|186\/318 brn|[from] brn\n|upkeep\n|turn|6\n|choice|switch 4|move spikes\n|\n|switch|p1a: Landorus|Landorus-Therian, M|342\/382\n|-ability|p1a: Landorus|Intimidate|boost\n|-unboost|p2a: Toyman|atk|1\n|move|p2a: Toyman|Spikes|p1a: Landorus\n|-sidestart|p1: hamhamhamham|Spikes\n|\n|-heal|p2a: Toyman|303\/318|[from] item: Leftovers\n|upkeep\n|turn|7\n|choice|move stealthrock|move spikes\n|\n|move|p2a: Toyman|Spikes|p1a: Landorus\n|-sidestart|p1: hamhamhamham|Spikes\n|move|p1a: Landorus|Stealth Rock|p2a: Toyman\n|-sidestart|p2: Gotham Paladin|move: Stealth Rock\n|\n|-heal|p2a: Toyman|318\/318|[from] item: Leftovers\n|upkeep\n|turn|8\n|choice|move earthquake|switch 2\n|\n|switch|p2a: Arthur Curry|Rotom-Wash|304\/304\n|-damage|p2a: Arthur Curry|266\/304|[from] Stealth Rock\n|move|p1a: Landorus|Earthquake|p2a: Arthur Curry\n|-immune|p2a: Arthur Curry|[msg]|[from] ability: Levitate\n|\n|-heal|p2a: Arthur Curry|285\/304|[from] item: Leftovers\n|upkeep\n|turn|9\n|choice|switch 6|move voltswitch\n|\n|switch|p1a: Jet Lag|Latios, M|301\/301\n|move|p2a: Arthur Curry|Volt Switch|p1a: Jet Lag\n|-resisted|p1a: Jet Lag\n|-damage|p1a: Jet Lag|263\/301\n|choice||switch 2\n|\n|switch|p2a: Toyman|Klefki, F|318\/318\n|-damage|p2a: Toyman|265\/318|[from] Spikes\n|-damage|p2a: Toyman|246\/318|[from] Stealth Rock\n|\n|-heal|p2a: Toyman|265\/318|[from] item: Leftovers\n|upkeep\n|turn|10\n|choice|switch 6|move spikes\n|\n|switch|p1a: Landorus|Landorus-Therian, M|342\/382\n|-ability|p1a: Landorus|Intimidate|boost\n|-unboost|p2a: Toyman|atk|1\n|move|p2a: Toyman|Spikes|p1a: Landorus\n|-sidestart|p1: hamhamhamham|Spikes\n|\n|-heal|p2a: Toyman|284\/318|[from] item: Leftovers\n|upkeep\n|turn|11\n|choice|move earthquake|move flashcannon\n|\n|move|p1a: Landorus|Earthquake|p2a: Toyman\n|-supereffective|p2a: Toyman\n|-damage|p2a: Toyman|0 fnt\n|faint|p2a: Toyman\n|\n|upkeep\n|choice||switch 2\n|\n|switch|p2a: Arthur Curry|Rotom-Wash|285\/304\n|-damage|p2a: Arthur Curry|247\/304|[from] Stealth Rock\n|turn|12\n|L|Rampecker\n|choice|switch 6|move voltswitch\n|\n|switch|p1a: Jet Lag|Latios, M|263\/301\n|move|p2a: Arthur Curry|Volt Switch|p1a: Jet Lag\n|-resisted|p1a: Jet Lag\n|-crit|p1a: Jet Lag\n|-damage|p1a: Jet Lag|202\/301\n|choice||switch 6\n|\n|switch|p2a: Bruce Wayne|Noivern, M|312\/312\n|-damage|p2a: Bruce Wayne|234\/312|[from] Stealth Rock\n|\n|upkeep\n|turn|13\n|choice|switch 4|move flamethrower\n|\n|switch|p1a: SORU|Klefki, F|186\/318 brn\n|-damage|p1a: SORU|107\/318 brn|[from] Spikes\n|move|p2a: Bruce Wayne|Flamethrower|p1a: SORU\n|-supereffective|p1a: SORU\n|-damage|p1a: SORU|0 fnt\n|-damage|p2a: Bruce Wayne|203\/312|[from] item: Life Orb\n|faint|p1a: SORU\n|\n|upkeep\n|J|Rampecker\n|choice|switch 2|\n|\n|switch|p1a: Ruiner|Gardevoir, F|283\/283\n|-damage|p1a: Ruiner|213\/283|[from] Spikes\n|-ability|p1a: Ruiner|Infiltrator|[from] ability: Trace|[of] p2a: Bruce Wayne\n|turn|14\n|choice|move hypervoice mega|move hurricane\n|\n|detailschange|p1a: Ruiner|Gardevoir-Mega, F\n|-mega|p1a: Ruiner|Gardevoir|Gardevoirite\n|move|p2a: Bruce Wayne|Hurricane|p1a: Ruiner\n|-damage|p1a: Ruiner|41\/283\n|-damage|p2a: Bruce Wayne|172\/312|[from] item: Life Orb\n|move|p1a: Ruiner|Hyper Voice|p2a: Bruce Wayne\n|-supereffective|p2a: Bruce Wayne\n|-crit|p2a: Bruce Wayne\n|-damage|p2a: Bruce Wayne|0 fnt\n|faint|p2a: Bruce Wayne\n|\n|upkeep\n|choice||switch 5\n|\n|switch|p2a: Mera|Azumarill, F|403\/403\n|-damage|p2a: Mera|353\/403|[from] Stealth Rock\n|-damage|p2a: Mera|286\/403|[from] Spikes\n|turn|15\n|choice|move hypervoice|move aquajet\n|\n|move|p2a: Mera|Aqua Jet|p1a: Ruiner\n|-damage|p1a: Ruiner|0 fnt\n|faint|p1a: Ruiner\n|\n|upkeep\n|choice|switch 4|\n|\n|switch|p1a: Jet Lag|Latios, M|202\/301\n|turn|16\n|choice|move psychic|move knockoff\n|\n|move|p1a: Jet Lag|Psychic|p2a: Mera\n|-damage|p2a: Mera|40\/403\n|-unboost|p2a: Mera|spd|1\n|-damage|p1a: Jet Lag|172\/301|[from] item: Life Orb\n|move|p2a: Mera|Knock Off|p1a: Jet Lag\n|-supereffective|p1a: Jet Lag\n|-damage|p1a: Jet Lag|0 fnt\n|-enditem|p1a: Jet Lag|Life Orb|[from] move: Knock Off|[of] p2a: Mera\n|faint|p1a: Jet Lag\n|\n|upkeep\n|choice|switch 3|\n|\n|switch|p1a: Isa|Keldeo-Resolute|323\/323\n|-damage|p1a: Isa|243\/323|[from] Spikes\n|turn|17\n|choice|move secretsword|move superpower\n|\n|move|p1a: Isa|Secret Sword|p2a: Mera\n|-resisted|p2a: Mera\n|-damage|p2a: Mera|0 fnt\n|faint|p2a: Mera\n|\n|upkeep\n|choice||switch 6\n|\n|switch|p2a: Arthur Curry|Rotom-Wash|247\/304\n|-damage|p2a: Arthur Curry|209\/304|[from] Stealth Rock\n|turn|18\n|choice|move secretsword|move voltswitch\n|\n|move|p1a: Isa|Secret Sword|p2a: Arthur Curry\n|-damage|p2a: Arthur Curry|107\/304\n|move|p2a: Arthur Curry|Volt Switch|p1a: Isa\n|-supereffective|p1a: Isa\n|-damage|p1a: Isa|69\/323\n|choice||switch 4\n|\n|switch|p2a: Waylon Jones|Garchomp, M|357\/357\n|-damage|p2a: Waylon Jones|298\/357|[from] Spikes\n|-damage|p2a: Waylon Jones|276\/357|[from] Stealth Rock\n|\n|upkeep\n|turn|19\n|choice|move secretsword|move dragonclaw\n|\n|move|p1a: Isa|Secret Sword|p2a: Waylon Jones\n|-damage|p2a: Waylon Jones|113\/357\n|move|p2a: Waylon Jones|Dragon Claw|p1a: Isa\n|-damage|p1a: Isa|0 fnt\n|faint|p1a: Isa\n|\n|upkeep\n|choice|switch 5|\n|\n|switch|p1a: Madara|Bisharp, M|272\/272\n|-damage|p1a: Madara|204\/272|[from] Spikes\n|turn|20\n|choice|move suckerpunch|move earthquake\n|\n|move|p1a: Madara|Sucker Punch|p2a: Waylon Jones\n|-damage|p2a: Waylon Jones|0 fnt\n|-damage|p1a: Madara|170\/272|[from] ability: Rough Skin|[of] p2a: Waylon Jones\n|faint|p2a: Waylon Jones\n|\n|upkeep\n|choice||switch 3\n|\n|switch|p2a: Diana Prince|Lopunny-Mega, F|226\/271\n|-damage|p2a: Diana Prince|210\/271|[from] Stealth Rock\n|-damage|p2a: Diana Prince|165\/271|[from] Spikes\n|turn|21\n|choice|switch 6|move icepunch\n|\n|switch|p1a: Landorus|Landorus-Therian, M|342\/382\n|-ability|p1a: Landorus|Intimidate|boost\n|-unboost|p2a: Diana Prince|atk|1\n|move|p2a: Diana Prince|Ice Punch|p1a: Landorus\n|-supereffective|p1a: Landorus\n|-damage|p1a: Landorus|134\/382\n|-damage|p2a: Diana Prince|120\/271|[from] item: Rocky Helmet|[of] p1a: Landorus\n|\n|upkeep\n|turn|22\n|choice|move stoneedge|move icepunch\n|\n|move|p2a: Diana Prince|Ice Punch|p1a: Landorus\n|-supereffective|p1a: Landorus\n|-damage|p1a: Landorus|0 fnt\n|-damage|p2a: Diana Prince|75\/271|[from] item: Rocky Helmet|[of] p1a: Landorus\n|faint|p1a: Landorus\n|\n|upkeep\n|choice|switch 6|\n|\n|switch|p1a: Madara|Bisharp, M|170\/272\n|-damage|p1a: Madara|102\/272|[from] Spikes\n|turn|23\n|choice|move suckerpunch|move fakeout\n|\n|move|p2a: Diana Prince|Fake Out|p1a: Madara\n|-fail|p2a: Diana Prince\n|-hint|Fake Out only works on your first turn out.\n|move|p1a: Madara|Sucker Punch|p2a: Diana Prince|[still]\n|-fail|p1a: Madara\n|\n|upkeep\n|turn|24\n|choice|move suckerpunch|move fakeout\n|\n|move|p2a: Diana Prince|Fake Out|p1a: Madara\n|-fail|p2a: Diana Prince\n|-hint|Fake Out only works on your first turn out.\n|move|p1a: Madara|Sucker Punch|p2a: Diana Prince|[still]\n|-fail|p1a: Madara\n|\n|upkeep\n|turn|25\n|choice|move suckerpunch|move fakeout\n|\n|move|p2a: Diana Prince|Fake Out|p1a: Madara\n|-fail|p2a: Diana Prince\n|-hint|Fake Out only works on your first turn out.\n|move|p1a: Madara|Sucker Punch|p2a: Diana Prince|[still]\n|-fail|p1a: Madara\n|\n|upkeep\n|turn|26\n|choice|move suckerpunch|move fakeout\n|\n|move|p2a: Diana Prince|Fake Out|p1a: Madara\n|-fail|p2a: Diana Prince\n|-hint|Fake Out only works on your first turn out.\n|move|p1a: Madara|Sucker Punch|p2a: Diana Prince|[still]\n|-fail|p1a: Madara\n|\n|upkeep\n|turn|27\n|c|\u2606hamhamhamham|i hate this\n|c|\u2606hamhamhamham|lol\n|choice|move suckerpunch|move fakeout\n|\n|move|p2a: Diana Prince|Fake Out|p1a: Madara\n|-fail|p2a: Diana Prince\n|-hint|Fake Out only works on your first turn out.\n|move|p1a: Madara|Sucker Punch|p2a: Diana Prince|[still]\n|-fail|p1a: Madara\n|\n|upkeep\n|turn|28\n|choice|move suckerpunch|move highjumpkick\n|\n|move|p1a: Madara|Sucker Punch|p2a: Diana Prince\n|-resisted|p2a: Diana Prince\n|-damage|p2a: Diana Prince|1\/271\n|move|p2a: Diana Prince|High Jump Kick|p1a: Madara\n|-supereffective|p1a: Madara\n|-damage|p1a: Madara|0 fnt\n|faint|p1a: Madara\n|\n|win|Gotham Paladin","inputlog":null,"uploadtime":1494023997,"views":3,"p1id":"hamhamhamham","p2id":"gothampaladin","formatid":"ou","rating":0,"private":0,"password":null}