{"id":"smogtours-gen7ou-654848","p1":"Pok et glace","p2":"TNunes","format":"gen7ou","log":"|inactive|Battle timer is ON: inactive players will automatically lose when time's up.\n|t:|1665839718\n|gametype|singles\n|player|p1|Pok et glace|pryce|\n|player|p2|TNunes|#puwcop2021brazil|\n|teamsize|p1|6\n|teamsize|p2|6\n|gen|7\n|tier|[Gen 7] OU\n|rule|Sleep Clause Mod: Limit one foe put to sleep\n|rule|Species Clause: Limit one of each Pok\u00e9mon\n|rule|OHKO Clause: OHKO moves are banned\n|rule|Moody Clause: Moody is banned\n|rule|Evasion Items Clause: Evasion items are banned\n|rule|Evasion Moves Clause: Evasion moves are banned\n|rule|Endless Battle Clause: Forcing endless battles is banned\n|rule|HP Percentage Mod: HP is shown in percentages\n|clearpoke\n|poke|p1|Landorus-Therian, M|item\n|poke|p1|Ferrothorn, M|item\n|poke|p1|Blacephalon|item\n|poke|p1|Tapu Fini|item\n|poke|p1|Lopunny, M|item\n|poke|p1|Porygon-Z|item\n|poke|p2|Manaphy|item\n|poke|p2|Pelipper, F|item\n|poke|p2|Swampert, M|item\n|poke|p2|Ferrothorn, F|item\n|poke|p2|Tornadus-Therian, M|item\n|poke|p2|Greninja, M|item\n|teampreview\n|inactive|TNunes also wants the timer to be on.\n|c|\u2606Pok et glace|hf\n|c|\u2606TNunes|glhf\n|inactive|TNunes has 270 seconds left.\n|\n|t:|1665839759\n|start\n|switch|p1a: Porygon-Z|Porygon-Z|100\/100\n|switch|p2a: Pelipper|Pelipper, F, shiny|100\/100\n|-weather|RainDance|[from] ability: Drizzle|[of] p2a: Pelipper\n|turn|1\n|\n|t:|1665839769\n|switch|p1a: Hyperspace|Blacephalon|100\/100\n|switch|p2a: Ferrothorn|Ferrothorn, F|100\/100\n|\n|-weather|RainDance|[upkeep]\n|upkeep\n|turn|2\n|\n|t:|1665839776\n|switch|p2a: Greninja|Greninja, M|100\/100\n|move|p1a: Hyperspace|Shadow Ball|p2a: Greninja\n|-resisted|p2a: Greninja\n|-damage|p2a: Greninja|49\/100\n|\n|-weather|RainDance|[upkeep]\n|upkeep\n|turn|3\n|\n|t:|1665839785\n|switch|p1a: Calamity|Tapu Fini|100\/100\n|-fieldstart|move: Misty Terrain|[from] ability: Misty Surge|[of] p1a: Calamity\n|move|p2a: Greninja|Dark Pulse|p1a: Calamity\n|-resisted|p1a: Calamity\n|-damage|p1a: Calamity|82\/100\n|\n|-weather|RainDance|[upkeep]\n|-heal|p1a: Calamity|88\/100|[from] item: Leftovers\n|upkeep\n|turn|4\n|\n|t:|1665839794\n|switch|p2a: Ferrothorn|Ferrothorn, F|100\/100\n|move|p1a: Calamity|Surf|p2a: Ferrothorn\n|-resisted|p2a: Ferrothorn\n|-damage|p2a: Ferrothorn|87\/100\n|\n|-weather|RainDance|[upkeep]\n|-heal|p1a: Calamity|94\/100|[from] item: Leftovers\n|-heal|p2a: Ferrothorn|93\/100|[from] item: Leftovers\n|upkeep\n|turn|5\n|\n|t:|1665839800\n|switch|p1a: Hyperspace|Blacephalon|100\/100\n|move|p2a: Ferrothorn|Power Whip|p1a: Hyperspace\n|-resisted|p1a: Hyperspace\n|-damage|p1a: Hyperspace|58\/100\n|\n|-weather|RainDance|[upkeep]\n|-heal|p2a: Ferrothorn|99\/100|[from] item: Leftovers\n|upkeep\n|turn|6\n|inactive|TNunes has 270 seconds left.\n|\n|t:|1665839834\n|switch|p2a: Tornadus|Tornadus-Therian, M|100\/100\n|move|p1a: Hyperspace|Overheat|p2a: Tornadus\n|-damage|p2a: Tornadus|38\/100\n|-unboost|p1a: Hyperspace|spa|2\n|\n|-weather|RainDance|[upkeep]\n|upkeep\n|turn|7\n|\n|t:|1665839843\n|switch|p1a: Enten|Landorus-Therian, M, shiny|100\/100\n|-ability|p1a: Enten|Intimidate|boost\n|-unboost|p2a: Tornadus|atk|1\n|move|p2a: Tornadus|U-turn|p1a: Enten\n|-resisted|p1a: Enten\n|-damage|p1a: Enten|97\/100\n|\n|t:|1665839847\n|switch|p2a: Swampert|Swampert, M, shiny|100\/100|[from]move: U-turn\n|\n|-weather|RainDance|[upkeep]\n|-heal|p1a: Enten|100\/100|[from] item: Leftovers\n|-fieldend|Misty Terrain\n|upkeep\n|turn|8\n|\n|t:|1665839853\n|switch|p1a: Temple|Ferrothorn, M|100\/100\n|detailschange|p2a: Swampert|Swampert-Mega, M, shiny\n|-mega|p2a: Swampert|Swampert|Swampertite\n|move|p2a: Swampert|Stealth Rock|p1a: Temple\n|-sidestart|p1: Pok et glace|move: Stealth Rock\n|\n|-weather|none\n|upkeep\n|turn|9\n|\n|t:|1665839862\n|switch|p2a: Tornadus|Tornadus-Therian, M|71\/100\n|move|p1a: Temple|Thunder Wave|p2a: Tornadus\n|-status|p2a: Tornadus|par\n|\n|upkeep\n|turn|10\n|\n|t:|1665839869\n|cant|p2a: Tornadus|par\n|move|p1a: Temple|Spikes|p2a: Tornadus\n|-sidestart|p2: TNunes|Spikes\n|\n|upkeep\n|turn|11\n|\n|t:|1665839874\n|switch|p1a: Enten|Landorus-Therian, M, shiny|100\/100\n|-damage|p1a: Enten|88\/100|[from] Stealth Rock\n|-ability|p1a: Enten|Intimidate|boost\n|-unboost|p2a: Tornadus|atk|1\n|move|p2a: Tornadus|Taunt|p1a: Enten\n|-start|p1a: Enten|move: Taunt\n|\n|-heal|p1a: Enten|94\/100|[from] item: Leftovers\n|upkeep\n|turn|12\n|\n|t:|1665839879\n|move|p1a: Enten|Rock Slide|p2a: Tornadus\n|-supereffective|p2a: Tornadus\n|-damage|p2a: Tornadus|23\/100 par\n|cant|p2a: Tornadus|flinch\n|\n|-heal|p1a: Enten|99\/100|[from] item: Leftovers\n|upkeep\n|turn|13\n|\n|t:|1665839886\n|switch|p2a: Pelipper|Pelipper, F, shiny|100\/100\n|-weather|RainDance|[from] ability: Drizzle|[of] p2a: Pelipper\n|move|p1a: Enten|U-turn|p2a: Pelipper\n|-resisted|p2a: Pelipper\n|-damage|p2a: Pelipper|91\/100\n|\n|t:|1665839891\n|switch|p1a: Hyperspace|Blacephalon|58\/100|[from]move: U-turn\n|-damage|p1a: Hyperspace|33\/100|[from] Stealth Rock\n|\n|-weather|RainDance|[upkeep]\n|upkeep\n|turn|14\n|\n|t:|1665839897\n|move|p1a: Hyperspace|Shadow Ball|p2a: Pelipper\n|-damage|p2a: Pelipper|7\/100\n|move|p2a: Pelipper|Scald|p1a: Hyperspace\n|-supereffective|p1a: Hyperspace\n|-damage|p1a: Hyperspace|0 fnt\n|faint|p1a: Hyperspace\n|\n|-weather|RainDance|[upkeep]\n|upkeep\n|\n|t:|1665839909\n|switch|p1a: Porygon-Z|Porygon-Z|100\/100\n|-damage|p1a: Porygon-Z|88\/100|[from] Stealth Rock\n|turn|15\n|\n|t:|1665839914\n|switch|p2a: Ferrothorn|Ferrothorn, F|99\/100\n|-damage|p2a: Ferrothorn|86\/100|[from] Spikes\n|move|p1a: Porygon-Z|Ice Beam|p2a: Ferrothorn\n|-damage|p2a: Ferrothorn|63\/100\n|\n|-weather|RainDance|[upkeep]\n|-heal|p2a: Ferrothorn|69\/100|[from] item: Leftovers\n|upkeep\n|turn|16\n|\n|t:|1665839926\n|switch|p1a: Enten|Landorus-Therian, M, shiny|99\/100\n|-damage|p1a: Enten|88\/100|[from] Stealth Rock\n|-ability|p1a: Enten|Intimidate|boost\n|-unboost|p2a: Ferrothorn|atk|1\n|move|p2a: Ferrothorn|Spikes|p1a: Enten\n|-sidestart|p1: Pok et glace|Spikes\n|\n|-weather|RainDance|[upkeep]\n|-heal|p1a: Enten|94\/100|[from] item: Leftovers\n|-heal|p2a: Ferrothorn|75\/100|[from] item: Leftovers\n|upkeep\n|turn|17\n|\n|t:|1665839932\n|switch|p2a: Swampert|Swampert-Mega, M, shiny|100\/100\n|-damage|p2a: Swampert|88\/100|[from] Spikes\n|move|p1a: Enten|Earthquake|p2a: Swampert\n|-damage|p2a: Swampert|43\/100\n|\n|-weather|RainDance|[upkeep]\n|-heal|p1a: Enten|99\/100|[from] item: Leftovers\n|upkeep\n|turn|18\n|\n|t:|1665839946\n|switch|p1a: Calamity|Tapu Fini|94\/100\n|-damage|p1a: Calamity|82\/100|[from] Stealth Rock\n|-damage|p1a: Calamity|69\/100|[from] Spikes\n|-fieldstart|move: Misty Terrain|[from] ability: Misty Surge|[of] p1a: Calamity\n|move|p2a: Swampert|Waterfall|p1a: Calamity\n|-resisted|p1a: Calamity\n|-damage|p1a: Calamity|39\/100\n|\n|-weather|RainDance|[upkeep]\n|-heal|p1a: Calamity|45\/100|[from] item: Leftovers\n|upkeep\n|turn|19\n|\n|t:|1665839961\n|move|p2a: Swampert|Earthquake|p1a: Calamity\n|-damage|p1a: Calamity|0 fnt\n|faint|p1a: Calamity\n|\n|-weather|RainDance|[upkeep]\n|upkeep\n|\n|t:|1665839966\n|switch|p1a: Enten|Landorus-Therian, M, shiny|99\/100\n|-damage|p1a: Enten|88\/100|[from] Stealth Rock\n|-ability|p1a: Enten|Intimidate|boost\n|-unboost|p2a: Swampert|atk|1\n|turn|20\n|\n|t:|1665839971\n|move|p2a: Swampert|Waterfall|p1a: Enten\n|-supereffective|p1a: Enten\n|-damage|p1a: Enten|10\/100\n|cant|p1a: Enten|flinch\n|\n|-weather|none\n|-heal|p1a: Enten|17\/100|[from] item: Leftovers\n|upkeep\n|turn|21\n|\n|t:|1665839997\n|switch|p2a: Pelipper|Pelipper, F, shiny|7\/100\n|-weather|RainDance|[from] ability: Drizzle|[of] p2a: Pelipper\n|move|p1a: Enten|Stealth Rock|p2a: Pelipper\n|-sidestart|p2: TNunes|move: Stealth Rock\n|\n|-weather|RainDance|[upkeep]\n|-heal|p1a: Enten|23\/100|[from] item: Leftovers\n|upkeep\n|turn|22\n|\n|t:|1665840001\n|move|p1a: Enten|Rock Slide|p2a: Pelipper\n|-supereffective|p2a: Pelipper\n|-damage|p2a: Pelipper|0 fnt\n|faint|p2a: Pelipper\n|\n|-weather|RainDance|[upkeep]\n|-heal|p1a: Enten|29\/100|[from] item: Leftovers\n|-fieldend|Misty Terrain\n|upkeep\n|\n|t:|1665840004\n|switch|p2a: Swampert|Swampert-Mega, M, shiny|43\/100\n|-damage|p2a: Swampert|31\/100|[from] Spikes\n|-damage|p2a: Swampert|25\/100|[from] Stealth Rock\n|turn|23\n|\n|t:|1665840009\n|switch|p1a: Temple|Ferrothorn, M|100\/100\n|-damage|p1a: Temple|95\/100|[from] Stealth Rock\n|-damage|p1a: Temple|82\/100|[from] Spikes\n|move|p2a: Swampert|Waterfall|p1a: Temple\n|-resisted|p1a: Temple\n|-damage|p1a: Temple|53\/100\n|-damage|p2a: Swampert|13\/100|[from] ability: Iron Barbs|[of] p1a: Temple\n|\n|-weather|RainDance|[upkeep]\n|upkeep\n|turn|24\n|\n|t:|1665840019\n|move|p2a: Swampert|Earthquake|p1a: Temple\n|-damage|p1a: Temple|2\/100\n|move|p1a: Temple|Leech Seed|p2a: Swampert\n|-start|p2a: Swampert|move: Leech Seed\n|\n|-weather|RainDance|[upkeep]\n|-damage|p2a: Swampert|0 fnt|[from] Leech Seed|[of] p1a: Temple\n|-heal|p1a: Temple|14\/100|[silent]\n|faint|p2a: Swampert\n|upkeep\n|\n|t:|1665840026\n|switch|p2a: Greninja|Greninja, M|49\/100\n|-damage|p2a: Greninja|37\/100|[from] Spikes\n|-damage|p2a: Greninja|25\/100|[from] Stealth Rock\n|turn|25\n|\n|t:|1665840043\n|move|p2a: Greninja|Water Shuriken|p1a: Temple\n|-resisted|p1a: Temple\n|-damage|p1a: Temple|9\/100\n|-resisted|p1a: Temple\n|-damage|p1a: Temple|4\/100\n|-hitcount|p1a: Temple|2\n|move|p1a: Temple|Power Whip|p2a: Greninja\n|-supereffective|p2a: Greninja\n|-damage|p2a: Greninja|0 fnt\n|faint|p2a: Greninja\n|\n|-weather|RainDance|[upkeep]\n|upkeep\n|\n|t:|1665840052\n|switch|p2a: Tornadus|Tornadus-Therian, M|56\/100 par\n|-damage|p2a: Tornadus|31\/100 par|[from] Stealth Rock\n|turn|26\n|\n|t:|1665840058\n|cant|p2a: Tornadus|par\n|move|p1a: Temple|Spikes|p2a: Tornadus\n|-sidestart|p2: TNunes|Spikes\n|\n|-weather|RainDance|[upkeep]\n|upkeep\n|turn|27\n|\n|t:|1665840061\n|cant|p2a: Tornadus|par\n|move|p1a: Temple|Spikes|p2a: Tornadus\n|-sidestart|p2: TNunes|Spikes\n|\n|-weather|RainDance|[upkeep]\n|upkeep\n|turn|28\n|\n|t:|1665840064\n|cant|p2a: Tornadus|par\n|move|p1a: Temple|Spikes||[still]\n|-fail|p1a: Temple\n|\n|-weather|none\n|upkeep\n|turn|29\n|\n|t:|1665840067\n|move|p2a: Tornadus|Knock Off|p1a: Temple\n|-damage|p1a: Temple|0 fnt\n|-damage|p2a: Tornadus|19\/100 par|[from] ability: Iron Barbs|[of] p1a: Temple\n|-enditem|p1a: Temple|Shed Shell|[from] move: Knock Off|[of] p2a: Tornadus\n|faint|p1a: Temple\n|\n|upkeep\n|\n|t:|1665840077\n|switch|p1a: Enten|Landorus-Therian, M, shiny|29\/100\n|-damage|p1a: Enten|16\/100|[from] Stealth Rock\n|-ability|p1a: Enten|Intimidate|boost\n|-unboost|p2a: Tornadus|atk|1\n|turn|30\n|\n|t:|1665840083\n|move|p1a: Enten|Rock Slide|p2a: Tornadus\n|-supereffective|p2a: Tornadus\n|-crit|p2a: Tornadus\n|-damage|p2a: Tornadus|0 fnt\n|faint|p2a: Tornadus\n|\n|-heal|p1a: Enten|22\/100|[from] item: Leftovers\n|upkeep\n|\n|t:|1665840085\n|switch|p2a: Manaphy|Manaphy, shiny|100\/100\n|-damage|p2a: Manaphy|76\/100|[from] Spikes\n|-damage|p2a: Manaphy|63\/100|[from] Stealth Rock\n|turn|31\n|\n|t:|1665840089\n|move|p2a: Manaphy|Surf|p1a: Enten\n|-supereffective|p1a: Enten\n|-damage|p1a: Enten|0 fnt\n|faint|p1a: Enten\n|\n|upkeep\n|\n|t:|1665840093\n|switch|p1a: Genesis|Lopunny, M, shiny|100\/100\n|-damage|p1a: Genesis|88\/100|[from] Stealth Rock\n|-damage|p1a: Genesis|75\/100|[from] Spikes\n|turn|32\n|\n|t:|1665840102\n|detailschange|p1a: Genesis|Lopunny-Mega, M, shiny\n|-mega|p1a: Genesis|Lopunny|Lopunnite\n|move|p1a: Genesis|Fake Out|p2a: Manaphy\n|-damage|p2a: Manaphy|45\/100\n|cant|p2a: Manaphy|flinch\n|\n|upkeep\n|turn|33\n|\n|t:|1665840113\n|move|p1a: Genesis|High Jump Kick|p2a: Manaphy\n|-damage|p2a: Manaphy|0 fnt\n|faint|p2a: Manaphy\n|\n|upkeep\n|\n|t:|1665840116\n|switch|p2a: Ferrothorn|Ferrothorn, F|75\/100\n|-damage|p2a: Ferrothorn|51\/100|[from] Spikes\n|-damage|p2a: Ferrothorn|45\/100|[from] Stealth Rock\n|turn|34\n|\n|t:|1665840122\n|move|p1a: Genesis|High Jump Kick|p2a: Ferrothorn\n|-supereffective|p2a: Ferrothorn\n|-damage|p2a: Ferrothorn|0 fnt\n|-damage|p1a: Genesis|63\/100|[from] ability: Iron Barbs|[of] p2a: Ferrothorn\n|faint|p2a: Ferrothorn\n|\n|win|Pok et glace\n|c|\u2606TNunes|gg\n|c|\u2606Pok et glace|gg\n","uploadtime":1665840123,"views":15,"p1id":"poketglace","p2id":"tnunes","formatid":"gen7ou","rating":0,"private":0,"password":null}