{"id":"smogtours-gen7ou-647806","p1":"Navys_1","p2":"Jsuisderetour","format":"gen7ou","log":"|inactive|Battle timer is ON: inactive players will automatically lose when time's up.\n|t:|1662913439\n|gametype|singles\n|player|p1|Navys_1|pokemaniac|\n|player|p2|Jsuisderetour|170|\n|teamsize|p1|6\n|teamsize|p2|6\n|gen|7\n|tier|[Gen 7] OU\n|rule|Sleep Clause Mod: Limit one foe put to sleep\n|rule|Species Clause: Limit one of each Pok\u00e9mon\n|rule|OHKO Clause: OHKO moves are banned\n|rule|Moody Clause: Moody is banned\n|rule|Evasion Items Clause: Evasion items are banned\n|rule|Evasion Moves Clause: Evasion moves are banned\n|rule|Endless Battle Clause: Forcing endless battles is banned\n|rule|HP Percentage Mod: HP is shown in percentages\n|clearpoke\n|poke|p1|Swampert, M|item\n|poke|p1|Tornadus-Therian, M|item\n|poke|p1|Greninja, M|item\n|poke|p1|Ferrothorn, F|item\n|poke|p1|Manaphy|item\n|poke|p1|Pelipper, F|item\n|poke|p2|Landorus-Therian, M|item\n|poke|p2|Mawile, F|item\n|poke|p2|Greninja, M|item\n|poke|p2|Tapu Lele|item\n|poke|p2|Magearna|item\n|poke|p2|Kartana|item\n|teampreview\n|\n|t:|1662913459\n|start\n|switch|p1a: Pelipper|Pelipper, F|100\/100\n|switch|p2a: Kartana|Kartana|100\/100\n|-weather|RainDance|[from] ability: Drizzle|[of] p1a: Pelipper\n|turn|1\n|\n|t:|1662913467\n|switch|p1a: Tornadus|Tornadus-Therian, M|100\/100\n|move|p2a: Kartana|Knock Off|p1a: Tornadus\n|-damage|p1a: Tornadus|51\/100\n|-damage|p2a: Kartana|84\/100|[from] item: Rocky Helmet|[of] p1a: Tornadus\n|-enditem|p1a: Tornadus|Rocky Helmet|[from] move: Knock Off|[of] p2a: Kartana\n|\n|-weather|RainDance|[upkeep]\n|upkeep\n|turn|2\n|\n|t:|1662913492\n|switch|p2a: Landorus|Landorus-Therian, M|100\/100\n|-ability|p2a: Landorus|Intimidate|boost\n|-unboost|p1a: Tornadus|atk|1\n|move|p1a: Tornadus|Hurricane|p2a: Landorus\n|-damage|p2a: Landorus|58\/100\n|\n|-weather|RainDance|[upkeep]\n|upkeep\n|turn|3\n|\n|t:|1662913500\n|move|p1a: Tornadus|Taunt|p2a: Landorus\n|-start|p2a: Landorus|move: Taunt\n|cant|p2a: Landorus|move: Taunt|Stealth Rock\n|\n|-weather|RainDance|[upkeep]\n|upkeep\n|turn|4\n|\n|t:|1662913506\n|move|p1a: Tornadus|U-turn|p2a: Landorus\n|-resisted|p2a: Landorus\n|-damage|p2a: Landorus|54\/100\n|-damage|p1a: Tornadus|34\/100|[from] item: Rocky Helmet|[of] p2a: Landorus\n|\n|t:|1662913509\n|switch|p1a: Swampert|Swampert, M|100\/100|[from]move: U-turn\n|move|p2a: Landorus|Hidden Power|p1a: Swampert\n|-damage|p1a: Swampert|86\/100\n|\n|-weather|RainDance|[upkeep]\n|upkeep\n|turn|5\n|\n|t:|1662913535\n|switch|p2a: Greninja|Greninja, M|100\/100\n|detailschange|p1a: Swampert|Swampert-Mega, M\n|-mega|p1a: Swampert|Swampert|Swampertite\n|move|p1a: Swampert|Waterfall|p2a: Greninja\n|-resisted|p2a: Greninja\n|-damage|p2a: Greninja|32\/100\n|\n|-weather|RainDance|[upkeep]\n|upkeep\n|turn|6\n|\n|t:|1662913549\n|switch|p2a: Landorus|Landorus-Therian, M|54\/100\n|-ability|p2a: Landorus|Intimidate|boost\n|-unboost|p1a: Swampert|atk|1\n|move|p1a: Swampert|Waterfall|p2a: Landorus\n|-supereffective|p2a: Landorus\n|-damage|p2a: Landorus|0 fnt\n|-damage|p1a: Swampert|69\/100|[from] item: Rocky Helmet|[of] p2a: Landorus\n|faint|p2a: Landorus\n|\n|-weather|RainDance|[upkeep]\n|upkeep\n|inactive|Jsuisderetour has 270 seconds left.\n|\n|t:|1662913562\n|switch|p2a: Tapu Lele|Tapu Lele|100\/100\n|-fieldstart|move: Psychic Terrain|[from] ability: Psychic Surge|[of] p2a: Tapu Lele\n|turn|7\n|\n|t:|1662913575\n|switch|p1a: Ferrothorn|Ferrothorn, F|100\/100\n|move|p2a: Tapu Lele|Moonblast|p1a: Ferrothorn\n|-resisted|p1a: Ferrothorn\n|-damage|p1a: Ferrothorn|75\/100\n|\n|-weather|RainDance|[upkeep]\n|-heal|p1a: Ferrothorn|81\/100|[from] item: Leftovers\n|upkeep\n|turn|8\n|\n|t:|1662913590\n|switch|p2a: Kartana|Kartana|84\/100\n|move|p1a: Ferrothorn|Stealth Rock|p2a: Kartana\n|-sidestart|p2: Jsuisderetour|move: Stealth Rock\n|\n|-weather|none\n|-heal|p1a: Ferrothorn|88\/100|[from] item: Leftovers\n|upkeep\n|turn|9\n|\n|t:|1662913603\n|switch|p1a: Tornadus|Tornadus-Therian, M|67\/100\n|move|p2a: Kartana|Knock Off|p1a: Tornadus\n|-damage|p1a: Tornadus|37\/100\n|\n|upkeep\n|turn|10\n|inactive|Jsuisderetour has 270 seconds left.\n|\n|t:|1662913624\n|switch|p2a: Magearna|Magearna|100\/100\n|-damage|p2a: Magearna|94\/100|[from] Stealth Rock\n|move|p1a: Tornadus|Hurricane|p2a: Magearna\n|-resisted|p2a: Magearna\n|-damage|p2a: Magearna|79\/100\n|\n|upkeep\n|turn|11\n|\n|t:|1662913631\n|move|p1a: Tornadus|U-turn|p2a: Magearna\n|-resisted|p2a: Magearna\n|-damage|p2a: Magearna|76\/100\n|\n|t:|1662913637\n|switch|p1a: Ferrothorn|Ferrothorn, F|88\/100|[from]move: U-turn\n|move|p2a: Magearna|Trick Room|p2a: Magearna\n|-fieldstart|move: Trick Room|[of] p2a: Magearna\n|\n|-heal|p1a: Ferrothorn|94\/100|[from] item: Leftovers\n|-fieldend|move: Psychic Terrain\n|upkeep\n|turn|12\n|\n|t:|1662913652\n|switch|p2a: Mawile|Mawile, F|100\/100\n|-damage|p2a: Mawile|95\/100|[from] Stealth Rock\n|-ability|p2a: Mawile|Intimidate|boost\n|-unboost|p1a: Ferrothorn|atk|1\n|move|p1a: Ferrothorn|Spikes|p2a: Mawile\n|-sidestart|p2: Jsuisderetour|Spikes\n|\n|-heal|p1a: Ferrothorn|99\/100|[from] item: Leftovers\n|upkeep\n|turn|13\n|\n|t:|1662913661\n|detailschange|p2a: Mawile|Mawile-Mega, F\n|-mega|p2a: Mawile|Mawile|Mawilite\n|move|p1a: Ferrothorn|Spikes|p2a: Mawile\n|-sidestart|p2: Jsuisderetour|Spikes\n|move|p2a: Mawile|Knock Off|p1a: Ferrothorn\n|-damage|p1a: Ferrothorn|55\/100\n|-damage|p2a: Mawile|82\/100|[from] ability: Iron Barbs|[of] p1a: Ferrothorn\n|-enditem|p1a: Ferrothorn|Leftovers|[from] move: Knock Off|[of] p2a: Mawile\n|\n|upkeep\n|turn|14\n|\n|t:|1662913672\n|move|p1a: Ferrothorn|Spikes|p2a: Mawile\n|-sidestart|p2: Jsuisderetour|Spikes\n|move|p2a: Mawile|Swords Dance|p2a: Mawile\n|-boost|p2a: Mawile|atk|2\n|\n|upkeep\n|turn|15\n|\n|t:|1662913677\n|move|p1a: Ferrothorn|Power Whip|p2a: Mawile\n|-resisted|p2a: Mawile\n|-damage|p2a: Mawile|70\/100\n|move|p2a: Mawile|Knock Off|p1a: Ferrothorn\n|-damage|p1a: Ferrothorn|0 fnt\n|-damage|p2a: Mawile|57\/100|[from] ability: Iron Barbs|[of] p1a: Ferrothorn\n|faint|p1a: Ferrothorn\n|\n|-fieldend|move: Trick Room\n|upkeep\n|\n|t:|1662913688\n|switch|p1a: Greninja|Greninja, M|100\/100\n|turn|16\n|inactive|Jsuisderetour has 270 seconds left.\n|\n|t:|1662913734\n|move|p1a: Greninja|Surf|p2a: Mawile\n|-damage|p2a: Mawile|0 fnt\n|faint|p2a: Mawile\n|-activate|p1a: Greninja|ability: Battle Bond\n|detailschange|p1a: Greninja|Greninja-Ash, M\n|\n|upkeep\n|\n|t:|1662913743\n|switch|p2a: Kartana|Kartana|84\/100\n|-damage|p2a: Kartana|78\/100|[from] Stealth Rock\n|-damage|p2a: Kartana|53\/100|[from] Spikes\n|turn|17\n|\n|t:|1662913749\n|switch|p1a: Pelipper|Pelipper, F|100\/100\n|-weather|RainDance|[from] ability: Drizzle|[of] p1a: Pelipper\n|move|p2a: Kartana|Leaf Blade|p1a: Pelipper\n|-damage|p1a: Pelipper|48\/100\n|\n|-weather|RainDance|[upkeep]\n|upkeep\n|turn|18\n|\n|t:|1662913758\n|switch|p1a: Tornadus|Tornadus-Therian, M|70\/100\n|move|p2a: Kartana|Leaf Blade|p1a: Tornadus\n|-resisted|p1a: Tornadus\n|-damage|p1a: Tornadus|36\/100\n|\n|-weather|RainDance|[upkeep]\n|upkeep\n|turn|19\n|inactive|Jsuisderetour has 270 seconds left.\n|\n|t:|1662913765\n|move|p2a: Kartana|Leaf Blade|p1a: Tornadus\n|-resisted|p1a: Tornadus\n|-damage|p1a: Tornadus|2\/100\n|move|p1a: Tornadus|Hurricane|p2a: Kartana\n|-damage|p2a: Kartana|0 fnt\n|faint|p2a: Kartana\n|\n|-weather|RainDance|[upkeep]\n|upkeep\n|inactive|Jsuisderetour has 270 seconds left.\n|\n|t:|1662913783\n|switch|p2a: Greninja|Greninja, M|32\/100\n|-damage|p2a: Greninja|19\/100|[from] Stealth Rock\n|-damage|p2a: Greninja|0 fnt|[from] Spikes\n|faint|p2a: Greninja\n|\n|t:|1662913797\n|switch|p2a: Magearna|Magearna|76\/100\n|-damage|p2a: Magearna|70\/100|[from] Stealth Rock\n|-damage|p2a: Magearna|45\/100|[from] Spikes\n|turn|20\n|\n|t:|1662913804\n|move|p1a: Tornadus|Knock Off|p2a: Magearna\n|-resisted|p2a: Magearna\n|-damage|p2a: Magearna|40\/100\n|move|p2a: Magearna|Trick Room|p2a: Magearna\n|-fieldstart|move: Trick Room|[of] p2a: Magearna\n|\n|-weather|RainDance|[upkeep]\n|upkeep\n|turn|21\n|\n|t:|1662913818\n|-zpower|p2a: Magearna\n|move|p2a: Magearna|Twinkle Tackle|p1a: Tornadus|[zeffect]\n|-damage|p1a: Tornadus|0 fnt\n|faint|p1a: Tornadus\n|-ability|p2a: Magearna|Soul-Heart|boost\n|-boost|p2a: Magearna|spa|1\n|\n|-weather|RainDance|[upkeep]\n|upkeep\n|inactive|Navys_1 has 270 seconds left.\n|\n|t:|1662913852\n|switch|p1a: Greninja|Greninja-Ash, M|100\/100\n|turn|22\n|inactive|Jsuisderetour has 270 seconds left.\n|inactive|Jsuisderetour has 240 seconds left.\n|\n|t:|1662913899\n|move|p1a: Greninja|Water Shuriken|p2a: Magearna\n|-damage|p2a: Magearna|19\/100\n|-damage|p2a: Magearna|0 fnt\n|faint|p2a: Magearna\n|-hitcount|p2: Magearna|2\n|\n|-weather|RainDance|[upkeep]\n|upkeep\n|\n|t:|1662913911\n|switch|p2a: Tapu Lele|Tapu Lele|100\/100\n|-damage|p2a: Tapu Lele|88\/100|[from] Stealth Rock\n|-damage|p2a: Tapu Lele|63\/100|[from] Spikes\n|-fieldstart|move: Psychic Terrain|[from] ability: Psychic Surge|[of] p2a: Tapu Lele\n|turn|23\n|inactive|Navys_1 has 270 seconds left.\n|\n|t:|1662913939\n|switch|p1a: Swampert|Swampert-Mega, M|69\/100\n|move|p2a: Tapu Lele|Moonblast|p1a: Swampert\n|-damage|p1a: Swampert|2\/100\n|\n|-weather|RainDance|[upkeep]\n|upkeep\n|turn|24\n|inactive|Navys_1 has 270 seconds left.\n|inactive|Jsuisderetour has 240 seconds left.\n|\n|t:|1662913953\n|switch|p1a: Manaphy|Manaphy|100\/100\n|move|p2a: Tapu Lele|Moonblast|p1a: Manaphy\n|-damage|p1a: Manaphy|31\/100\n|\n|-weather|none\n|-fieldend|move: Trick Room\n|upkeep\n|turn|25\n|inactive|Navys_1 has 270 seconds left.\n|\n|t:|1662913960\n|switch|p1a: Pelipper|Pelipper, F|48\/100\n|-weather|RainDance|[from] ability: Drizzle|[of] p1a: Pelipper\n|move|p2a: Tapu Lele|Moonblast|p1a: Pelipper\n|-damage|p1a: Pelipper|0 fnt\n|faint|p1a: Pelipper\n|\n|-weather|RainDance|[upkeep]\n|upkeep\n|inactive|Navys_1 has 270 seconds left.\n|\n|t:|1662913965\n|switch|p1a: Swampert|Swampert-Mega, M|2\/100\n|turn|26\n|\n|t:|1662913970\n|move|p1a: Swampert|Waterfall|p2a: Tapu Lele\n|-damage|p2a: Tapu Lele|0 fnt\n|faint|p2a: Tapu Lele\n|\n|win|Navys_1\n","uploadtime":1662913971,"views":11,"p1id":"navys1","p2id":"jsuisderetour","formatid":"gen7ou","rating":0,"private":0,"password":null}