{"id":"smogtours-gen5ou-560719","p1":"Goootzinho","p2":"Souw","format":"gen5ou","log":"|inactive|Battle timer is ON: inactive players will automatically lose when time's up.\n|t:|1620934231\n|gametype|singles\n|player|p1|Goootzinho|karen-gen2|\n|player|p2|Souw|fantina|\n|teamsize|p1|6\n|teamsize|p2|6\n|gen|5\n|tier|[Gen 5] OU\n|rule|Species Clause: Limit one of each Pok\u00e9mon\n|rule|OHKO Clause: OHKO moves are banned\n|rule|Moody Clause: Moody is banned\n|rule|Evasion Moves Clause: Evasion moves are banned\n|rule|Endless Battle Clause: Forcing endless battles is banned\n|rule|HP Percentage Mod: HP is shown in percentages\n|rule|Evasion Abilities Clause: Evasion abilities are banned\n|rule|Baton Pass Clause: Limit one Baton Passer, can't pass Spe and other stats simultaneously\n|rule|Sleep Clause: Sleep-inducing moves are banned\n|rule|Swagger Clause: Swagger is banned\n|clearpoke\n|poke|p1|Alakazam, M|item\n|poke|p1|Forretress, M|item\n|poke|p1|Latios, M|item\n|poke|p1|Abomasnow, M|item\n|poke|p1|Heatran, M|item\n|poke|p1|Kyurem|item\n|poke|p2|Jirachi|item\n|poke|p2|Excadrill, F|item\n|poke|p2|Latios, M|item\n|poke|p2|Reuniclus, F|item\n|poke|p2|Volcarona, M|item\n|poke|p2|Keldeo|item\n|teampreview\n|c|\u2606Souw|hf\n|c|\u2606Goootzinho|u2!\n|inactive|Goootzinho has 270 seconds left.\n|inactive|Goootzinho has 240 seconds left.\n|inactive|Goootzinho has 210 seconds left.\n|inactive|Goootzinho has 180 seconds left.\n|inactive|Goootzinho has 150 seconds left.\n|inactive|Goootzinho has 120 seconds left.\n|\n|t:|1620934422\n|start\n|switch|p1a: Latios|Latios, M|100\/100\n|switch|p2a: Jirachi|Jirachi|100\/100\n|turn|1\n|\n|t:|1620934439\n|move|p1a: Latios|Earthquake|p2a: Jirachi\n|-supereffective|p2a: Jirachi\n|-enditem|p2a: Jirachi|Shuca Berry|[eat]\n|-enditem|p2a: Jirachi|Shuca Berry|[weaken]\n|-damage|p2a: Jirachi|77\/100\n|-damage|p1a: Latios|91\/100|[from] item: Life Orb\n|move|p2a: Jirachi|Stealth Rock|p1a: Latios\n|-sidestart|p1: Goootzinho|move: Stealth Rock\n|\n|upkeep\n|turn|2\n|\n|t:|1620934458\n|move|p1a: Latios|Earthquake|p2a: Jirachi\n|-supereffective|p2a: Jirachi\n|-damage|p2a: Jirachi|32\/100\n|-damage|p1a: Latios|81\/100|[from] item: Life Orb\n|move|p2a: Jirachi|Icy Wind|p1a: Latios\n|-supereffective|p1a: Latios\n|-crit|p1a: Latios\n|-damage|p1a: Latios|23\/100\n|-unboost|p1a: Latios|spe|1\n|\n|upkeep\n|turn|3\n|\n|t:|1620934472\n|switch|p2a: Excadrill|Excadrill, F|100\/100\n|-ability|p2a: Excadrill|Mold Breaker\n|-item|p2a: Excadrill|Air Balloon\n|switch|p1a: Heatran|Heatran, M|100\/100\n|-damage|p1a: Heatran|88\/100|[from] Stealth Rock\n|\n|-heal|p1a: Heatran|94\/100|[from] item: Leftovers\n|upkeep\n|turn|4\n|\n|t:|1620934483\n|switch|p1a: Forretress|Forretress, M|100\/100\n|-damage|p1a: Forretress|88\/100|[from] Stealth Rock\n|move|p2a: Excadrill|Swords Dance|p2a: Excadrill\n|-boost|p2a: Excadrill|atk|2\n|\n|-heal|p1a: Forretress|94\/100|[from] item: Leftovers\n|upkeep\n|turn|5\n|\n|t:|1620934494\n|move|p2a: Excadrill|Earthquake|p1a: Forretress\n|-damage|p1a: Forretress|32\/100\n|move|p1a: Forretress|Rapid Spin|p2a: Excadrill\n|-resisted|p2a: Excadrill\n|-damage|p2a: Excadrill|97\/100\n|-enditem|p2a: Excadrill|Air Balloon\n|-sideend|p1: Goootzinho|Stealth Rock|[from] move: Rapid Spin|[of] p1a: Forretress\n|\n|-heal|p1a: Forretress|38\/100|[from] item: Leftovers\n|upkeep\n|turn|6\n|\n|t:|1620934499\n|move|p2a: Excadrill|Earthquake|p1a: Forretress\n|-crit|p1a: Forretress\n|-damage|p1a: Forretress|0 fnt\n|faint|p1a: Forretress\n|\n|upkeep\n|inactive|Goootzinho has 150 seconds left.\n|\n|t:|1620934553\n|switch|p1a: Alakazam|Alakazam, M|100\/100\n|turn|7\n|\n|t:|1620934566\n|switch|p2a: Reuniclus|Reuniclus, F|100\/100\n|move|p1a: Alakazam|Focus Blast|p2a: Reuniclus\n|-resisted|p2a: Reuniclus\n|-damage|p2a: Reuniclus|81\/100\n|\n|-heal|p2a: Reuniclus|87\/100|[from] item: Leftovers\n|upkeep\n|turn|8\n|inactive|Goootzinho has 120 seconds left.\n|inactive|Goootzinho has 90 seconds left.\n|\n|t:|1620934633\n|switch|p1a: Abomasnow|Abomasnow, M|100\/100\n|-weather|Hail|[from] ability: Snow Warning|[of] p1a: Abomasnow\n|move|p2a: Reuniclus|Calm Mind|p2a: Reuniclus\n|-boost|p2a: Reuniclus|spa|1\n|-boost|p2a: Reuniclus|spd|1\n|\n|-weather|Hail|[upkeep]\n|-heal|p2a: Reuniclus|93\/100|[from] item: Leftovers\n|upkeep\n|turn|9\n|inactive|Goootzinho has 90 seconds left.\n|\n|t:|1620934644\n|switch|p2a: Jirachi|Jirachi|32\/100\n|move|p1a: Abomasnow|Wood Hammer|p2a: Jirachi\n|-resisted|p2a: Jirachi\n|-damage|p2a: Jirachi|10\/100\n|-damage|p1a: Abomasnow|91\/100|[from] Recoil\n|\n|-weather|Hail|[upkeep]\n|-damage|p2a: Jirachi|4\/100|[from] Hail\n|-heal|p1a: Abomasnow|97\/100|[from] item: Leftovers\n|upkeep\n|turn|10\n|\n|t:|1620934648\n|move|p1a: Abomasnow|Ice Shard|p2a: Jirachi\n|-resisted|p2a: Jirachi\n|-damage|p2a: Jirachi|0 fnt\n|faint|p2a: Jirachi\n|\n|-weather|Hail|[upkeep]\n|-heal|p1a: Abomasnow|100\/100|[from] item: Leftovers\n|upkeep\n|\n|t:|1620934655\n|switch|p2a: Volcarona|Volcarona, M|100\/100\n|turn|11\n|inactive|Goootzinho has 90 seconds left.\n|\n|t:|1620934675\n|switch|p2a: Keldeo|Keldeo|100\/100\n|switch|p1a: Heatran|Heatran, M|94\/100\n|\n|-weather|Hail|[upkeep]\n|-damage|p2a: Keldeo|94\/100|[from] Hail\n|-damage|p1a: Heatran|88\/100|[from] Hail\n|-heal|p1a: Heatran|94\/100|[from] item: Leftovers\n|upkeep\n|turn|12\n|inactive|Goootzinho has 90 seconds left.\n|inactive|Goootzinho has 60 seconds left.\n|inactive|Goootzinho has 30 seconds left.\n|\n|t:|1620934747\n|move|p2a: Keldeo|Secret Sword|p1a: Heatran\n|-supereffective|p1a: Heatran\n|-damage|p1a: Heatran|0 fnt\n|faint|p1a: Heatran\n|\n|-weather|Hail|[upkeep]\n|-damage|p2a: Keldeo|88\/100|[from] Hail\n|upkeep\n|inactive|Goootzinho has 30 seconds left.\n|inactive|Goootzinho has 20 seconds left.\n|\n|t:|1620934765\n|switch|p1a: Alakazam|Alakazam, M|100\/100\n|turn|13\n|inactive|Goootzinho has 30 seconds left this turn.\n|\n|t:|1620934780\n|move|p1a: Alakazam|Psychic|p2a: Keldeo\n|-supereffective|p2a: Keldeo\n|-damage|p2a: Keldeo|0 fnt\n|faint|p2a: Keldeo\n|\n|-weather|Hail|[upkeep]\n|upkeep\n|\n|t:|1620934785\n|switch|p2a: Reuniclus|Reuniclus, F|93\/100\n|turn|14\n|inactive|Goootzinho has 30 seconds left.\n|\n|t:|1620934814\n|switch|p1a: Abomasnow|Abomasnow, M|100\/100\n|move|p2a: Reuniclus|Focus Blast|p1a: Abomasnow\n|-supereffective|p1a: Abomasnow\n|-damage|p1a: Abomasnow|25\/100\n|-unboost|p1a: Abomasnow|spd|1\n|\n|-weather|Hail|[upkeep]\n|-heal|p1a: Abomasnow|31\/100|[from] item: Leftovers\n|-heal|p2a: Reuniclus|99\/100|[from] item: Leftovers\n|upkeep\n|turn|15\n|inactive|Goootzinho has 30 seconds left.\n|inactive|Goootzinho has 20 seconds left.\n|inactive|Goootzinho has 15 seconds left.\n|\n|t:|1620934836\n|switch|p1a: Alakazam|Alakazam, M|100\/100\n|switch|p2a: Excadrill|Excadrill, F|97\/100\n|-ability|p2a: Excadrill|Mold Breaker\n|\n|-weather|Hail|[upkeep]\n|-damage|p2a: Excadrill|91\/100|[from] Hail\n|upkeep\n|turn|16\n|inactive|Goootzinho has 25 seconds left this turn.\n|inactive|Goootzinho has 20 seconds left.\n|inactive|Goootzinho has 15 seconds left.\n|\n|t:|1620934848\n|move|p1a: Alakazam|Focus Blast|p2a: Excadrill\n|-supereffective|p2a: Excadrill\n|-damage|p2a: Excadrill|0 fnt\n|faint|p2a: Excadrill\n|\n|-weather|Hail|[upkeep]\n|upkeep\n|inactive|Goootzinho has 20 seconds left this turn.\n|\n|t:|1620934852\n|switch|p2a: Reuniclus|Reuniclus, F|99\/100\n|turn|17\n|inactive|Goootzinho has 30 seconds left this turn.\n|inactive|Goootzinho has 20 seconds left.\n|\n|t:|1620934863\n|move|p1a: Alakazam|Shadow Ball|p2a: Reuniclus\n|-supereffective|p2a: Reuniclus\n|-damage|p2a: Reuniclus|42\/100\n|-unboost|p2a: Reuniclus|spd|1\n|move|p2a: Reuniclus|Calm Mind|p2a: Reuniclus\n|-boost|p2a: Reuniclus|spa|1\n|-boost|p2a: Reuniclus|spd|1\n|\n|-weather|Hail|[upkeep]\n|-heal|p2a: Reuniclus|49\/100|[from] item: Leftovers\n|upkeep\n|turn|18\n|inactive|Goootzinho has 30 seconds left this turn.\n|\n|t:|1620934875\n|move|p1a: Alakazam|Shadow Ball|p2a: Reuniclus\n|-supereffective|p2a: Reuniclus\n|-damage|p2a: Reuniclus|0 fnt\n|faint|p2a: Reuniclus\n|\n|-weather|Hail|[upkeep]\n|upkeep\n|inactive|Goootzinho has 30 seconds left this turn.\n|\n|t:|1620934878\n|switch|p2a: Latios|Latios, M|100\/100\n|turn|19\n|inactive|Goootzinho has 30 seconds left.\n|inactive|Goootzinho has 20 seconds left.\n|inactive|Goootzinho has 15 seconds left.\n|inactive|Goootzinho has 10 seconds left.\n|\n|t:|1620934910\n|move|p1a: Alakazam|Shadow Ball|p2a: Latios\n|-supereffective|p2a: Latios\n|-damage|p2a: Latios|33\/100\n|-unboost|p2a: Latios|spd|1\n|move|p2a: Latios|Dragon Dance|p2a: Latios\n|-boost|p2a: Latios|atk|1\n|-boost|p2a: Latios|spe|1\n|\n|-weather|Hail|[upkeep]\n|-damage|p2a: Latios|27\/100|[from] Hail\n|upkeep\n|turn|20\n|inactive|Goootzinho has 20 seconds left this turn.\n|inactive|Goootzinho has 15 seconds left.\n|inactive|Goootzinho has 10 seconds left.\n|inactive|Goootzinho has 5 seconds left.\n|\n|t:|1620934929\n|switch|p1a: Latios|Latios, M|23\/100\n|move|p2a: Latios|Outrage|p1a: Latios\n|-supereffective|p1a: Latios\n|-damage|p1a: Latios|0 fnt\n|faint|p1a: Latios\n|-damage|p2a: Latios|17\/100|[from] item: Life Orb\n|\n|-weather|Hail|[upkeep]\n|-damage|p2a: Latios|11\/100|[from] Hail\n|upkeep\n|inactive|Goootzinho has 10 seconds left this turn.\n|inactive|Goootzinho has 5 seconds left.\n|\n|t:|1620934937\n|switch|p1a: Kyurem|Kyurem|100\/100\n|-ability|p1a: Kyurem|Pressure\n|turn|21\n|inactive|Goootzinho has 15 seconds left this turn.\n|inactive|Goootzinho has 10 seconds left.\n|inactive|Goootzinho has 5 seconds left.\n|\n|t:|1620934947\n|move|p2a: Latios|Outrage|p1a: Kyurem|[from]lockedmove\n|-supereffective|p1a: Kyurem\n|-damage|p1a: Kyurem|0 fnt\n|faint|p1a: Kyurem\n|-damage|p2a: Latios|1\/100|[from] item: Life Orb\n|-start|p2a: Latios|confusion|[fatigue]\n|\n|-weather|Hail|[upkeep]\n|-damage|p2a: Latios|0 fnt|[from] Hail\n|faint|p2a: Latios\n|upkeep\n|inactive|Goootzinho has 15 seconds left this turn.\n|inactive|Goootzinho has 10 seconds left.\n|\n|t:|1620934953\n|switch|p2a: Volcarona|Volcarona, M|100\/100\n|switch|p1a: Alakazam|Alakazam, M|100\/100\n|turn|22\n|inactive|Goootzinho has 20 seconds left this turn.\n|\n|t:|1620934957\n|move|p1a: Alakazam|Psychic|p2a: Volcarona\n|-damage|p2a: Volcarona|47\/100\n|move|p2a: Volcarona|Giga Drain|p1a: Alakazam\n|-damage|p1a: Alakazam|48\/100\n|-heal|p2a: Volcarona|69\/100|[from] drain|[of] p1a: Alakazam\n|-damage|p2a: Volcarona|59\/100|[from] item: Life Orb\n|\n|-weather|Hail|[upkeep]\n|-damage|p2a: Volcarona|53\/100|[from] Hail\n|upkeep\n|turn|23\n|inactive|Goootzinho has 30 seconds left this turn.\n|\n|t:|1620934963\n|move|p1a: Alakazam|Psychic|p2a: Volcarona\n|-damage|p2a: Volcarona|0 fnt\n|faint|p2a: Volcarona\n|\n|win|Goootzinho\n|inactive|Goootzinho has 30 seconds left this turn.\n","uploadtime":1620934964,"views":90,"p1id":"goootzinho","p2id":"souw","formatid":"gen5ou","rating":0,"private":0,"password":null}