{"id":"smogtours-gen4ubers-631761","p1":"Raph369","p2":"Void","format":"gen4ubers","log":"|inactive|Battle timer is ON: inactive players will automatically lose when time's up.\n|t:|1655046177\n|gametype|singles\n|player|p1|Raph369|archer|\n|player|p2|Void|#splxiiiwolfpack|\n|teamsize|p1|6\n|teamsize|p2|6\n|gen|4\n|tier|[Gen 4] Ubers\n|rule|Sleep Clause Mod: Limit one foe put to sleep\n|rule|Species Clause: Limit one of each Pok\u00e9mon\n|rule|OHKO Clause: OHKO moves are banned\n|rule|Evasion Moves Clause: Evasion moves are banned\n|rule|Endless Battle Clause: Forcing endless battles is banned\n|rule|HP Percentage Mod: HP is shown in percentages\n|\n|t:|1655046177\n|start\n|switch|p1a: Deoxys|Deoxys-Speed|100\/100\n|switch|p2a: Deoxys|Deoxys-Speed|100\/100\n|-ability|p2a: Deoxys|Pressure\n|-ability|p1a: Deoxys|Pressure\n|turn|1\n|c|\u2606Void|hf\n|c|\u2606Raph369|hf\n|\n|t:|1655046197\n|move|p2a: Deoxys|Taunt|p1a: Deoxys\n|-start|p1a: Deoxys|move: Taunt\n|move|p1a: Deoxys|Fling|p2a: Deoxys\n|-supereffective|p2a: Deoxys\n|-damage|p2a: Deoxys|82\/100\n|-status|p2a: Deoxys|par\n|-enditem|p1a: Deoxys|Light Ball|[from] move: Fling\n|\n|upkeep\n|turn|2\n|\n|t:|1655046208\n|switch|p1a: Darkrai|Darkrai|100\/100\n|move|p2a: Deoxys|Spikes|p1a: Darkrai\n|-sidestart|p1: Raph369|Spikes\n|\n|upkeep\n|turn|3\n|\n|t:|1655046232\n|move|p2a: Deoxys|Extreme Speed|p1a: Darkrai\n|-damage|p1a: Darkrai|80\/100\n|move|p1a: Darkrai|Dark Pulse|p2a: Deoxys\n|-supereffective|p2a: Deoxys\n|-damage|p2a: Deoxys|0 fnt\n|faint|p2a: Deoxys\n|\n|upkeep\n|inactive|Void has 270 seconds left.\n|inactive|Void has 240 seconds left.\n|\n|t:|1655046288\n|switch|p2a: Dialga|Dialga|100\/100\n|-ability|p2a: Dialga|Pressure\n|turn|4\n|inactive|Raph369 has 270 seconds left.\n|\n|t:|1655046333\n|move|p1a: Darkrai|Dark Void|p2a: Dialga\n|-status|p2a: Dialga|slp|[from] move: Dark Void\n|cant|p2a: Dialga|slp\n|\n|-damage|p2a: Dialga|88\/100 slp|[from] ability: Bad Dreams|[of] p1a: Darkrai\n|-heal|p2a: Dialga|94\/100 slp|[from] item: Leftovers\n|upkeep\n|turn|5\n|inactive|Void has 240 seconds left.\n|\n|t:|1655046364\n|switch|p2a: Kyogre|Kyogre|100\/100\n|-weather|RainDance|[from] ability: Drizzle|[of] p2a: Kyogre\n|move|p1a: Darkrai|Nasty Plot|p1a: Darkrai\n|-boost|p1a: Darkrai|spa|2\n|\n|-weather|RainDance|[upkeep]\n|upkeep\n|turn|6\n|\n|t:|1655046373\n|move|p1a: Darkrai|Dark Pulse|p2a: Kyogre\n|-damage|p2a: Kyogre|46\/100\n|cant|p2a: Kyogre|flinch\n|\n|-weather|RainDance|[upkeep]\n|-heal|p2a: Kyogre|52\/100|[from] item: Leftovers\n|upkeep\n|turn|7\n|inactive|Void has 210 seconds left.\n|\n|t:|1655046400\n|switch|p2a: Dialga|Dialga|94\/100 slp\n|-ability|p2a: Dialga|Pressure\n|move|p1a: Darkrai|Dark Pulse|p2a: Dialga\n|-resisted|p2a: Dialga\n|-damage|p2a: Dialga|66\/100 slp\n|\n|-weather|RainDance|[upkeep]\n|-damage|p2a: Dialga|54\/100 slp|[from] ability: Bad Dreams|[of] p1a: Darkrai\n|-heal|p2a: Dialga|60\/100 slp|[from] item: Leftovers\n|upkeep\n|turn|8\n|\n|t:|1655046406\n|move|p1a: Darkrai|Focus Blast|p2a: Dialga\n|-supereffective|p2a: Dialga\n|-damage|p2a: Dialga|0 fnt\n|faint|p2a: Dialga\n|\n|-weather|RainDance|[upkeep]\n|upkeep\n|\n|t:|1655046411\n|switch|p2a: Kabutops|Kabutops, F|100\/100\n|turn|9\n|inactive|Raph369 has 270 seconds left.\n|\n|t:|1655046457\n|switch|p1a: Deoxys|Deoxys-Speed|100\/100\n|-damage|p1a: Deoxys|88\/100|[from] Spikes\n|-ability|p1a: Deoxys|Pressure\n|move|p2a: Kabutops|Waterfall|p1a: Deoxys\n|-damage|p1a: Deoxys|0 fnt\n|faint|p1a: Deoxys\n|\n|-weather|RainDance|[upkeep]\n|upkeep\n|inactive|Raph369 has 240 seconds left.\n|\n|t:|1655046479\n|switch|p1a: Rayquaza|Rayquaza|100\/100\n|turn|10\n|inactive|Void has 240 seconds left.\n|\n|t:|1655046488\n|switch|p2a: Bronzong|Bronzong|100\/100\n|move|p1a: Rayquaza|Dragon Dance|p1a: Rayquaza\n|-boost|p1a: Rayquaza|atk|1\n|-boost|p1a: Rayquaza|spe|1\n|\n|-weather|RainDance|[upkeep]\n|upkeep\n|turn|11\n|inactive|Void has 240 seconds left.\n|inactive|Void has 210 seconds left.\n|inactive|Void has 180 seconds left.\n|inactive|Raph369 has 240 seconds left.\n|\n|t:|1655046584\n|move|p1a: Rayquaza|Overheat|p2a: Bronzong\n|-supereffective|p2a: Bronzong\n|-damage|p2a: Bronzong|18\/100\n|-unboost|p1a: Rayquaza|spa|2\n|-damage|p1a: Rayquaza|91\/100|[from] item: Life Orb\n|move|p2a: Bronzong|Explosion|p1a: Rayquaza\n|-crit|p1a: Rayquaza\n|-damage|p1a: Rayquaza|0 fnt\n|faint|p2a: Bronzong\n|faint|p1a: Rayquaza\n|\n|-weather|RainDance|[upkeep]\n|upkeep\n|inactive|Raph369 has 240 seconds left.\n|\n|t:|1655046595\n|switch|p1a: Dialga|Dialga|100\/100\n|switch|p2a: Kabutops|Kabutops, F|100\/100\n|-damage|p1a: Dialga|88\/100|[from] Spikes\n|-ability|p1a: Dialga|Pressure\n|turn|12\n|inactive|Raph369 has 240 seconds left.\n|inactive|Void has 150 seconds left.\n|\n|t:|1655046625\n|switch|p1a: Mewtwo|Mewtwo|100\/100\n|-damage|p1a: Mewtwo|88\/100|[from] Spikes\n|-ability|p1a: Mewtwo|Pressure\n|move|p2a: Kabutops|Low Kick|p1a: Mewtwo\n|-resisted|p1a: Mewtwo\n|-damage|p1a: Mewtwo|64\/100\n|\n|-weather|RainDance|[upkeep]\n|upkeep\n|turn|13\n|\n|t:|1655046631\n|switch|p2a: Giratina|Giratina-Origin|100\/100\n|move|p1a: Mewtwo|Reflect|p1a: Mewtwo\n|-sidestart|p1: Raph369|Reflect\n|\n|-weather|RainDance|[upkeep]\n|upkeep\n|turn|14\n|inactive|Void has 150 seconds left.\n|\n|t:|1655046661\n|move|p1a: Mewtwo|Light Screen|p1a: Mewtwo\n|-sidestart|p1: Raph369|Light Screen\n|move|p2a: Giratina|Thunder|p1a: Mewtwo\n|-damage|p1a: Mewtwo|45\/100\n|\n|-weather|RainDance|[upkeep]\n|upkeep\n|turn|15\n|inactive|Raph369 has 240 seconds left.\n|\n|t:|1655046705\n|move|p1a: Mewtwo|Taunt|p2a: Giratina\n|-start|p2a: Giratina|move: Taunt\n|move|p2a: Giratina|Thunder|p1a: Mewtwo\n|-damage|p1a: Mewtwo|27\/100\n|\n|-weather|RainDance|[upkeep]\n|upkeep\n|turn|16\n|inactive|Void has 120 seconds left.\n|\n|t:|1655046730\n|move|p1a: Mewtwo|Self-Destruct|p2a: Giratina\n|-immune|p2a: Giratina\n|faint|p1a: Mewtwo\n|move|p2a: Giratina|Thunder|p1: Mewtwo|[notarget]\n|-notarget|p2a: Giratina\n|\n|-weather|RainDance|[upkeep]\n|upkeep\n|inactive|Raph369 has 240 seconds left.\n|inactive|Raph369 has 210 seconds left.\n|inactive|Raph369 has 180 seconds left.\n|\n|t:|1655046799\n|switch|p1a: Mew|Mew|100\/100\n|-damage|p1a: Mew|88\/100|[from] Spikes\n|turn|17\n|inactive|Void has 120 seconds left.\n|inactive|Void has 90 seconds left.\n|inactive|Void has 60 seconds left.\n|inactive|Void has 30 seconds left.\n|\n|t:|1655046902\n|switch|p2a: Kabutops|Kabutops, F|100\/100\n|move|p1a: Mew|Rock Polish|p1a: Mew\n|-boost|p1a: Mew|spe|2\n|\n|-weather|RainDance|[upkeep]\n|upkeep\n|turn|18\n|\n|t:|1655046912\n|move|p1a: Mew|Nasty Plot|p1a: Mew\n|-boost|p1a: Mew|spa|2\n|move|p2a: Kabutops|Low Kick|p1a: Mew\n|-resisted|p1a: Mew\n|-damage|p1a: Mew|86\/100\n|\n|-weather|RainDance|[upkeep]\n|upkeep\n|turn|19\n|inactive|Raph369 has 180 seconds left.\n|inactive|Raph369 has 150 seconds left.\n|inactive|Raph369 has 120 seconds left.\n|inactive|Raph369 has 90 seconds left.\n|inactive|Raph369 has 60 seconds left.\n|\n|t:|1655047064\n|move|p1a: Mew|Baton Pass|p1a: Mew\n|\n|t:|1655047065\n|switch|p1a: Dialga|Dialga|88\/100|[from]move: Baton Pass\n|-damage|p1a: Dialga|76\/100|[from] Spikes\n|-ability|p1a: Dialga|Pressure\n|move|p2a: Kabutops|Low Kick|p1a: Dialga\n|-supereffective|p1a: Dialga\n|-damage|p1a: Dialga|21\/100\n|\n|-weather|RainDance|[upkeep]\n|upkeep\n|turn|20\n|inactive|Raph369 has 60 seconds left.\n|inactive|Void has 60 seconds left.\n|inactive|Void has 30 seconds left.\n|inactive|Void has 20 seconds left.\n|\n|t:|1655047111\n|switch|p2a: Kyogre|Kyogre|52\/100\n|move|p1a: Dialga|Dragon Pulse|p2a: Kyogre\n|-damage|p2a: Kyogre|0 fnt\n|faint|p2a: Kyogre\n|\n|-sideend|p1: Raph369|Reflect\n|-weather|RainDance|[upkeep]\n|upkeep\n|inactive|Void has 25 seconds left this turn.\n|\n|t:|1655047116\n|switch|p2a: Giratina|Giratina-Origin|100\/100\n|turn|21\n|\n|t:|1655047119\n|move|p2a: Giratina|Shadow Sneak|p1a: Dialga\n|-resisted|p1a: Dialga\n|-damage|p1a: Dialga|13\/100\n|move|p1a: Dialga|Dragon Pulse|p2a: Giratina\n|-supereffective|p2a: Giratina\n|-damage|p2a: Giratina|0 fnt\n|faint|p2a: Giratina\n|\n|-sideend|p1: Raph369|Light Screen\n|-weather|RainDance|[upkeep]\n|upkeep\n|\n|t:|1655047124\n|switch|p2a: Kabutops|Kabutops, F|100\/100\n|turn|22\n|\n|t:|1655047126\n|move|p2a: Kabutops|Aqua Jet|p1a: Dialga\n|-resisted|p1a: Dialga\n|-damage|p1a: Dialga|0 fnt\n|faint|p1a: Dialga\n|\n|-weather|RainDance|[upkeep]\n|upkeep\n|inactive|Raph369 has 90 seconds left.\n|inactive|Raph369 has 60 seconds left.\n|\n|t:|1655047172\n|switch|p1a: Darkrai|Darkrai|80\/100\n|-damage|p1a: Darkrai|67\/100|[from] Spikes\n|turn|23\n|inactive|Void has 60 seconds left.\n|\n|t:|1655047179\n|move|p2a: Kabutops|Aqua Jet|p1a: Darkrai\n|-damage|p1a: Darkrai|9\/100\n|move|p1a: Darkrai|Dark Void|p2a: Kabutops\n|-status|p2a: Kabutops|slp|[from] move: Dark Void\n|\n|-weather|RainDance|[upkeep]\n|-damage|p2a: Kabutops|88\/100 slp|[from] ability: Bad Dreams|[of] p1a: Darkrai\n|upkeep\n|turn|24\n|\n|t:|1655047184\n|cant|p2a: Kabutops|slp\n|move|p1a: Darkrai|Dark Pulse|p2a: Kabutops\n|-damage|p2a: Kabutops|18\/100 slp\n|\n|-weather|RainDance|[upkeep]\n|-damage|p2a: Kabutops|6\/100 slp|[from] ability: Bad Dreams|[of] p1a: Darkrai\n|upkeep\n|turn|25\n|\n|t:|1655047188\n|cant|p2a: Kabutops|slp\n|move|p1a: Darkrai|Dark Pulse|p2a: Kabutops\n|-damage|p2a: Kabutops|0 fnt\n|faint|p2a: Kabutops\n|\n|win|Raph369\n|c|\u2606Raph369|gg\n|c|\u2606Void|gg\n","uploadtime":1655047189,"views":459,"p1id":"raph369","p2id":"void","formatid":"gen4ubers","rating":0,"private":0,"password":null}