{"id":"smogtours-uu-36860","p1":"IronBullet93","p2":"Conflicting Ideas","format":"uu","log":"|J|IronBullet93\n|J|Conflicting Ideas\n|player|p1|IronBullet93|66\n|player|p2|Conflicting Ideas|291\n|gametype|singles\n|gen|6\n|tier|UU\n|rule|Sleep Clause Mod: Limit one foe put to sleep\n|rule|Species Clause: Limit one of each Pok\u00e9mon\n|rule|OHKO Clause: OHKO moves are banned\n|rule|Moody Clause: Moody is banned\n|rule|Evasion Moves Clause: Evasion moves are banned\n|rule|Endless Battle Clause: Forcing endless battles is banned\n|rule|HP Percentage Mod: HP is shown in percentages\n|clearpoke\n|poke|p1|Hippowdon, M\n|poke|p1|Stoutland, F\n|poke|p1|Tyrantrum, F\n|poke|p1|Whimsicott, F\n|poke|p1|Moltres\n|poke|p1|Tentacruel, M\n|poke|p2|Swampert, M\n|poke|p2|Hydreigon, F\n|poke|p2|Rotom-Mow\n|poke|p2|Cobalion\n|poke|p2|Tentacruel, F, shiny\n|poke|p2|Froslass, F, shiny\n|rule|Swagger Clause: Swagger is banned\n|rule|Baton Pass Clause: Limit one Pok\u00e9mon knowing Baton Pass\n|teampreview\n|J|hxhxhxhxhxhxhx\n|J|Real FV13\n|J|The Goomy\n|J|boudouche\n|J|Yogiras\n|J|Alf\n|J|Starmei\n|J|Syrian Tycoon\n|J|frozen lakes\n|J|Asterya\n|J|Lady bug\n|J|Sam\n|J|iHop\n|J|kratosmana\n|J|Eve Mascara\n|J|LzrGunPewPew\n|c|\u2605Conflicting Ideas|i hope you're not rock head\n|J|elsoldier\n|J|BOUFFESTAN\n|J|ium\n|\n|start\n|switch|p1a: Moltres|Moltres|383\/383\n|switch|p2a: ZACH BLACK|Hydreigon, F|325\/325\n|-ability|p1a: Moltres|Pressure\n|turn|1\n|raw|<div class=\"broadcast-red\"><b>Moderated chat was set to %!<\/b><br \/>Only users of rank % and higher can talk.<\/div>\n|J|Prankster\n|c|\u2605IronBullet93|lol\n|J|Too Much Bold\n|J|radianthero156\n|J|The_Ender\n|J|WhiteQueen\n|J|metmaver\n|L|WhiteQueen\n|J|edgar\n|J|Steve Angello\n|J|bugzinator RC\n|J|White Hart Kane\n|J|Steelphoenix\n|J|the Jaiho\n|\n|switch|p1a: Hippowdon|Hippowdon, M|420\/420\n|-weather|Sandstorm\n|move|p2a: ZACH BLACK|Fire Blast|p1a: Hippowdon\n|-damage|p1a: Hippowdon|307\/420\n|-status|p1a: Hippowdon|brn\n|\n|-weather|Sandstorm|[upkeep]\n|-damage|p2a: ZACH BLACK|305\/325|[from] sandstorm\n|-damage|p1a: Hippowdon|255\/420 brn|[from] brn\n|turn|2\n|c|\u2605Conflicting Ideas|sorry\n|c|\u2605IronBullet93|its okay\n|\n|move|p2a: ZACH BLACK|Taunt|p1a: Hippowdon\n|-start|p1a: Hippowdon|move: Taunt\n|cant|p1a: Hippowdon|move: Taunt|Stealth Rock\n|\n|-weather|Sandstorm|[upkeep]\n|-damage|p2a: ZACH BLACK|285\/325|[from] sandstorm\n|-damage|p1a: Hippowdon|203\/420 brn|[from] brn\n|turn|3\n|J|giara\n|J|reyscarface\n|J|El shepion\n|J|Bleve\n|\n|switch|p1a: Tentacruel|Tentacruel, M|361\/361\n|move|p2a: ZACH BLACK|Dark Pulse|p1a: Tentacruel\n|-damage|p1a: Tentacruel|232\/361\n|\n|-weather|Sandstorm|[upkeep]\n|-damage|p2a: ZACH BLACK|265\/325|[from] sandstorm\n|-damage|p1a: Tentacruel|210\/361|[from] sandstorm\n|-heal|p1a: Tentacruel|232\/361|[from] item: Black Sludge\n|turn|4\n|J|i'm not ds\n|J|Nicojama Robin\n|J|Ginku\n|\n|switch|p1a: Whimsicott|Whimsicott, F|323\/323\n|move|p2a: ZACH BLACK|Dark Pulse|p1a: Whimsicott\n|-resisted|p1a: Whimsicott\n|-damage|p1a: Whimsicott|230\/323\n|\n|-weather|Sandstorm|[upkeep]\n|-damage|p1a: Whimsicott|210\/323|[from] sandstorm\n|-damage|p2a: ZACH BLACK|245\/325|[from] sandstorm\n|-heal|p1a: Whimsicott|230\/323|[from] item: Leftovers\n|turn|5\n|J|GoaoTwo\n|J|Reymedy\n|\n|switch|p2a: A STELLAR ADMIN|Rotom-Mow|245\/245\n|move|p1a: Whimsicott|U-turn|p2a: A STELLAR ADMIN\n|-supereffective|p2a: A STELLAR ADMIN\n|-damage|p2a: A STELLAR ADMIN|177\/245\n|J|molk's testicles\n|\n|switch|p1a: Stoutland|Stoutland, F|311\/311\n|\n|-weather|Sandstorm|[upkeep]\n|-damage|p2a: A STELLAR ADMIN|162\/245|[from] sandstorm\n|turn|6\n|J|august\n|\n|switch|p2a: Alas Ally <3|Froslass, F, shiny|281\/281\n|move|p1a: Stoutland|Return|p2a: Alas Ally <3\n|-immune|p2a: Alas Ally <3|[msg]\n|\n|-weather|Sandstorm|[upkeep]\n|-damage|p2a: Alas Ally <3|264\/281|[from] sandstorm\n|turn|7\n|J|Leftiez\n|J|YOUsucke\n|\n|switch|p1a: Moltres|Moltres|383\/383\n|-ability|p1a: Moltres|Pressure\n|move|p2a: Alas Ally <3|Spikes|p1a: Moltres\n|-sidestart|p1: IronBullet93|Spikes\n|\n|-weather|Sandstorm|[upkeep]\n|-damage|p2a: Alas Ally <3|247\/281|[from] sandstorm\n|-damage|p1a: Moltres|360\/383|[from] sandstorm\n|-heal|p1a: Moltres|383\/383|[from] item: Leftovers\n|turn|8\n|J|Ren-chon\n|J|Stratos\n|\n|move|p2a: Alas Ally <3|Thunderbolt|p1a: Moltres\n|-supereffective|p1a: Moltres\n|-damage|p1a: Moltres|213\/383\n|move|p1a: Moltres|Flamethrower|p2a: Alas Ally <3\n|-crit|p2a: Alas Ally <3\n|-supereffective|p2a: Alas Ally <3\n|-damage|p2a: Alas Ally <3|0 fnt\n|faint|p2a: Alas Ally <3\n|\n|-weather|none\n|-heal|p1a: Moltres|236\/383|[from] item: Leftovers\n|J|BreakingWind\n|\n|switch|p2a: ZACH BLACK|Hydreigon, F|245\/325\n|turn|9\n|\n|move|p2a: ZACH BLACK|Dark Pulse|p1a: Moltres\n|-damage|p1a: Moltres|64\/383\n|move|p1a: Moltres|Toxic|p2a: ZACH BLACK\n|-status|p2a: ZACH BLACK|tox\n|\n|-heal|p1a: Moltres|87\/383|[from] item: Leftovers\n|-damage|p2a: ZACH BLACK|225\/325 tox|[from] psn\n|turn|10\n|J|WhiteQueen\n|J|CrashinBoomBang\n|J|DennisEG\n|c|\u2605Conflicting Ideas|inb4imwrongandlookstupid\n|c|\u2605IronBullet93|lol mindgames\n|J|Afro Smash\n|\n|move|p2a: ZACH BLACK|Dark Pulse|p1a: Moltres\n|-damage|p1a: Moltres|0 fnt\n|faint|p1a: Moltres\n|\n|-damage|p2a: ZACH BLACK|185\/325 tox|[from] psn\n|\n|switch|p1a: Whimsicott|Whimsicott, F|230\/323\n|-damage|p1a: Whimsicott|190\/323|[from] Spikes\n|turn|11\n|J|thymetime\n|\n|switch|p2a: STELLARS SPINNIN|Tentacruel, F, shiny|364\/364\n|move|p1a: Whimsicott|Moonblast|p2a: STELLARS SPINNIN\n|-crit|p2a: STELLARS SPINNIN\n|-resisted|p2a: STELLARS SPINNIN\n|-damage|p2a: STELLARS SPINNIN|301\/364\n|\n|-heal|p1a: Whimsicott|210\/323|[from] item: Leftovers\n|-heal|p2a: STELLARS SPINNIN|323\/364|[from] item: Black Sludge\n|turn|12\n|\n|move|p1a: Whimsicott|Stun Spore|p2a: STELLARS SPINNIN|[miss]\n|-miss|p1a: Whimsicott|p2a: STELLARS SPINNIN\n|move|p2a: STELLARS SPINNIN|Scald|p1a: Whimsicott\n|-resisted|p1a: Whimsicott\n|-damage|p1a: Whimsicott|165\/323\n|\n|-heal|p1a: Whimsicott|185\/323|[from] item: Leftovers\n|-heal|p2a: STELLARS SPINNIN|345\/364|[from] item: Black Sludge\n|turn|13\n|L|Steelphoenix\n|J|gr8astard\n|\n|move|p1a: Whimsicott|Stun Spore|p2a: STELLARS SPINNIN\n|-status|p2a: STELLARS SPINNIN|par\n|cant|p2a: STELLARS SPINNIN|par\n|\n|-heal|p1a: Whimsicott|205\/323|[from] item: Leftovers\n|-heal|p2a: STELLARS SPINNIN|364\/364 par|[from] item: Black Sludge\n|turn|14\n|L|Too Much Bold\n|\n|move|p1a: Whimsicott|U-turn|p2a: STELLARS SPINNIN\n|-resisted|p2a: STELLARS SPINNIN\n|-damage|p2a: STELLARS SPINNIN|344\/364 par\n|\n|switch|p1a: Tentacruel|Tentacruel, M|232\/361\n|-damage|p1a: Tentacruel|187\/361|[from] Spikes\n|move|p2a: STELLARS SPINNIN|Scald|p1a: Tentacruel\n|-crit|p1a: Tentacruel\n|-resisted|p1a: Tentacruel\n|-damage|p1a: Tentacruel|140\/361\n|\n|-heal|p1a: Tentacruel|162\/361|[from] item: Black Sludge\n|-heal|p2a: STELLARS SPINNIN|364\/364 par|[from] item: Black Sludge\n|turn|15\n|c|\u2605Conflicting Ideas|burn\n|c|\u2605IronBullet93|n\n|\n|move|p1a: Tentacruel|Rapid Spin|p2a: STELLARS SPINNIN\n|-damage|p2a: STELLARS SPINNIN|352\/364 par\n|-sideend|p1: IronBullet93|Spikes|[from] move: Rapid Spin|[of] p1a: Tentacruel\n|move|p2a: STELLARS SPINNIN|Scald|p1a: Tentacruel\n|-resisted|p1a: Tentacruel\n|-damage|p1a: Tentacruel|129\/361\n|\n|-heal|p1a: Tentacruel|151\/361|[from] item: Black Sludge\n|-heal|p2a: STELLARS SPINNIN|364\/364 par|[from] item: Black Sludge\n|turn|16\n|\n|move|p1a: Tentacruel|Knock Off|p2a: STELLARS SPINNIN\n|-damage|p2a: STELLARS SPINNIN|313\/364 par\n|-enditem|p2a: STELLARS SPINNIN|Black Sludge|[from] move: Knock Off|[of] p1a: Tentacruel\n|move|p2a: STELLARS SPINNIN|Scald|p1a: Tentacruel\n|-resisted|p1a: Tentacruel\n|-damage|p1a: Tentacruel|115\/361\n|\n|-heal|p1a: Tentacruel|137\/361|[from] item: Black Sludge\n|turn|17\n|J|cbt\n|J|FLCL\n|J|dadoux\n|\n|switch|p1a: Whimsicott|Whimsicott, F|205\/323\n|move|p2a: STELLARS SPINNIN|Scald|p1a: Whimsicott\n|-resisted|p1a: Whimsicott\n|-damage|p1a: Whimsicott|157\/323\n|-status|p1a: Whimsicott|brn\n|\n|-heal|p1a: Whimsicott|177\/323 brn|[from] item: Leftovers\n|-damage|p1a: Whimsicott|137\/323 brn|[from] brn\n|turn|18\n|\n|move|p1a: Whimsicott|Moonblast|p2a: STELLARS SPINNIN\n|-resisted|p2a: STELLARS SPINNIN\n|-damage|p2a: STELLARS SPINNIN|278\/364 par\n|move|p2a: STELLARS SPINNIN|Scald|p1a: Whimsicott\n|-resisted|p1a: Whimsicott\n|-damage|p1a: Whimsicott|89\/323 brn\n|\n|-heal|p1a: Whimsicott|109\/323 brn|[from] item: Leftovers\n|-damage|p1a: Whimsicott|69\/323 brn|[from] brn\n|turn|19\n|J|Ludo974\n|J|Angel Konan\n|L|Asterya\n|\n|move|p1a: Whimsicott|U-turn|p2a: STELLARS SPINNIN\n|-resisted|p2a: STELLARS SPINNIN\n|-damage|p2a: STELLARS SPINNIN|268\/364 par\n|\n|switch|p1a: Hippowdon|Hippowdon, M|203\/420 brn\n|-weather|Sandstorm\n|move|p2a: STELLARS SPINNIN|Scald|p1a: Hippowdon\n|-supereffective|p1a: Hippowdon\n|-damage|p1a: Hippowdon|71\/420 brn\n|\n|-weather|Sandstorm|[upkeep]\n|-damage|p2a: STELLARS SPINNIN|246\/364 par|[from] sandstorm\n|-damage|p1a: Hippowdon|19\/420 brn|[from] brn\n|turn|20\n|c|\u2605Conflicting Ideas|BURN\n|c|\u2605Conflicting Ideas|oh thats burned\n|\n|switch|p2a: A STELLAR ADMIN|Rotom-Mow|162\/245\n|move|p1a: Hippowdon|Slack Off|p1a: Hippowdon\n|-heal|p1a: Hippowdon|229\/420 brn\n|\n|-weather|Sandstorm|[upkeep]\n|-damage|p2a: A STELLAR ADMIN|147\/245|[from] sandstorm\n|-damage|p1a: Hippowdon|177\/420 brn|[from] brn\n|turn|21\n|c|\u2605Conflicting Ideas|hmm\n|c|\u2605Conflicting Ideas|am i a boy\n|c|\u2605Conflicting Ideas|or a man\n|\n|switch|p1a: Tyrantrum|Tyrantrum, F|339\/339\n|move|p2a: A STELLAR ADMIN|Leaf Storm|p1a: Tyrantrum\n|-damage|p1a: Tyrantrum|135\/339\n|-unboost|p2a: A STELLAR ADMIN|spa|2\n|\n|-weather|Sandstorm|[upkeep]\n|-damage|p2a: A STELLAR ADMIN|132\/245|[from] sandstorm\n|-heal|p1a: Tyrantrum|156\/339|[from] item: Leftovers\n|turn|22\n|\n|switch|p2a: STELLARS FLEXIN|Cobalion|323\/323\n|move|p1a: Tyrantrum|Substitute|p1a: Tyrantrum\n|-start|p1a: Tyrantrum|Substitute\n|-damage|p1a: Tyrantrum|72\/339\n|\n|-weather|Sandstorm|[upkeep]\n|-heal|p1a: Tyrantrum|93\/339|[from] item: Leftovers\n|turn|23\n|\n|move|p2a: STELLARS FLEXIN|Iron Head|p1a: Tyrantrum\n|-supereffective|p1a: Tyrantrum\n|-end|p1a: Tyrantrum|Substitute\n|move|p1a: Tyrantrum|Earthquake|p2a: STELLARS FLEXIN\n|-supereffective|p2a: STELLARS FLEXIN\n|-enditem|p2a: STELLARS FLEXIN|Shuca Berry|[eat]\n|-damage|p2a: STELLARS FLEXIN|220\/323\n|\n|-weather|Sandstorm|[upkeep]\n|-heal|p1a: Tyrantrum|114\/339|[from] item: Leftovers\n|turn|24\n|J|Lyconik\n|c|\u2605IronBullet93|lol nice\n|\n|switch|p1a: Tentacruel|Tentacruel, M|137\/361\n|move|p2a: STELLARS FLEXIN|Iron Head|p1a: Tentacruel\n|-resisted|p1a: Tentacruel\n|-damage|p1a: Tentacruel|88\/361\n|\n|-weather|Sandstorm|[upkeep]\n|-damage|p1a: Tentacruel|66\/361|[from] sandstorm\n|-heal|p1a: Tentacruel|88\/361|[from] item: Black Sludge\n|turn|25\n|\n|switch|p2a: STELLARS SPINNIN|Tentacruel, F, shiny|246\/364 par\n|move|p1a: Tentacruel|Scald|p2a: STELLARS SPINNIN\n|-resisted|p2a: STELLARS SPINNIN\n|-damage|p2a: STELLARS SPINNIN|216\/364 par\n|\n|-weather|Sandstorm|[upkeep]\n|-damage|p1a: Tentacruel|66\/361|[from] sandstorm\n|-damage|p2a: STELLARS SPINNIN|194\/364 par|[from] sandstorm\n|-heal|p1a: Tentacruel|88\/361|[from] item: Black Sludge\n|turn|26\n|\n|move|p1a: Tentacruel|Scald|p2a: STELLARS SPINNIN\n|-resisted|p2a: STELLARS SPINNIN\n|-damage|p2a: STELLARS SPINNIN|161\/364 par\n|move|p2a: STELLARS SPINNIN|Scald|p1a: Tentacruel\n|-resisted|p1a: Tentacruel\n|-damage|p1a: Tentacruel|52\/361\n|\n|-weather|none\n|-heal|p1a: Tentacruel|74\/361|[from] item: Black Sludge\n|turn|27\n|\n|move|p1a: Tentacruel|Scald|p2a: STELLARS SPINNIN\n|-resisted|p2a: STELLARS SPINNIN\n|-damage|p2a: STELLARS SPINNIN|128\/364 par\n|move|p2a: STELLARS SPINNIN|Scald|p1a: Tentacruel\n|-resisted|p1a: Tentacruel\n|-damage|p1a: Tentacruel|41\/361\n|\n|-heal|p1a: Tentacruel|63\/361|[from] item: Black Sludge\n|turn|28\n|\n|move|p1a: Tentacruel|Scald|p2a: STELLARS SPINNIN\n|-resisted|p2a: STELLARS SPINNIN\n|-damage|p2a: STELLARS SPINNIN|92\/364 par\n|move|p2a: STELLARS SPINNIN|Scald|p1a: Tentacruel\n|-resisted|p1a: Tentacruel\n|-damage|p1a: Tentacruel|32\/361\n|\n|-heal|p1a: Tentacruel|54\/361|[from] item: Black Sludge\n|turn|29\n|\n|move|p1a: Tentacruel|Scald|p2a: STELLARS SPINNIN\n|-resisted|p2a: STELLARS SPINNIN\n|-damage|p2a: STELLARS SPINNIN|58\/364 par\n|cant|p2a: STELLARS SPINNIN|par\n|\n|-heal|p1a: Tentacruel|76\/361|[from] item: Black Sludge\n|turn|30\n|J|Problems\n|\n|move|p1a: Tentacruel|Scald|p2a: STELLARS SPINNIN\n|-resisted|p2a: STELLARS SPINNIN\n|-damage|p2a: STELLARS SPINNIN|25\/364 par\n|cant|p2a: STELLARS SPINNIN|par\n|\n|-heal|p1a: Tentacruel|98\/361|[from] item: Black Sludge\n|turn|31\n|\n|move|p1a: Tentacruel|Scald|p2a: STELLARS SPINNIN\n|-resisted|p2a: STELLARS SPINNIN\n|-damage|p2a: STELLARS SPINNIN|0 fnt\n|faint|p2a: STELLARS SPINNIN\n|\n|-heal|p1a: Tentacruel|120\/361|[from] item: Black Sludge\n|J|bluri\n|c|\u2605IronBullet93|sorry man\n|J|Zamrock\n|\n|switch|p2a: ZACH BLACK|Hydreigon, F|185\/325 tox\n|turn|32\n|J|BahaWin\n|c|\u2605Conflicting Ideas|LISTEN TO DADDY\n|\n|switch|p1a: Tyrantrum|Tyrantrum, F|114\/339\n|move|p2a: ZACH BLACK|Dark Pulse|p1a: Tyrantrum\n|-damage|p1a: Tyrantrum|0 fnt\n|faint|p1a: Tyrantrum\n|\n|-damage|p2a: ZACH BLACK|165\/325 tox|[from] psn\n|\n|switch|p1a: Whimsicott|Whimsicott, F|69\/323 brn\n|turn|33\n|L|Zamrock\n|J|ArchPhantom\n|J|Zamrock\n|\n|move|p1a: Whimsicott|Moonblast|p2a: ZACH BLACK\n|-supereffective|p2a: ZACH BLACK\n|-damage|p2a: ZACH BLACK|0 fnt\n|faint|p2a: ZACH BLACK\n|\n|-heal|p1a: Whimsicott|89\/323 brn|[from] item: Leftovers\n|-damage|p1a: Whimsicott|49\/323 brn|[from] brn\n|\n|switch|p2a: A STELLAR ADMIN|Rotom-Mow|132\/245\n|turn|34\n|J|SparksBlade\n|J|Exeggutor\n|L|IronBullet93\n|player|p1\n|L|iHop\n|L|kratosmana\n|c|&McMeghan|if ib93 sent his team, am i allowed by the sharks to stop the timer if he doesnt come back fast enough?\n|J|kratosmana\n|c|&McMeghan|would save time for recreation\n|c|\u2605Conflicting Ideas|he sent in his team.\n|c|\u2605Conflicting Ideas|i dont know what the protocol is.\n|c|&McMeghan|well if he sent it, he'll be protected\n|c|\u2605Conflicting Ideas|yes\n|c|\u2605Conflicting Ideas|stop timer.\n|L|BOUFFESTAN\n|J|blarajan\n|L|Lady bug\n|J|AM\n|J|IronBullet93\n|player|p1|IronBullet93|66\n|c|\u2605IronBullet93|sorry guys\n|J|MDK > CBB\n|c|\u2605IronBullet93|timer?\n|c|&McMeghan|alright turning it back on\n|c|\u2605IronBullet93|okay\n|c|\u2605IronBullet93|thanks\n|J|ium n_n\n|J|BOUFFESTAN\n|c|@reyscarface|yo u got 30 seconds mang\n|c|@reyscarface|u should press buttons fazt\n|\n|switch|p1a: Tentacruel|Tentacruel, M|120\/361\n|move|p2a: A STELLAR ADMIN|Leaf Storm|p1a: Tentacruel\n|-damage|p1a: Tentacruel|0 fnt\n|-unboost|p2a: A STELLAR ADMIN|spa|2\n|faint|p1a: Tentacruel\n|\n|J|do u know me? o_o\n|\n|switch|p1a: Stoutland|Stoutland, F|311\/311\n|turn|35\n|J|dice > rey\n|\n|move|p2a: A STELLAR ADMIN|Leaf Storm|p1a: Stoutland\n|-damage|p1a: Stoutland|193\/311\n|-unboost|p2a: A STELLAR ADMIN|spa|2\n|move|p1a: Stoutland|Return|p2a: A STELLAR ADMIN\n|-damage|p2a: A STELLAR ADMIN|0 fnt\n|faint|p2a: A STELLAR ADMIN\n|\n|L|thymetime\n|J|Marcelo >> CBB\n|\n|switch|p2a: STELLARS FLEXIN|Cobalion|220\/323\n|turn|36\n|J|UNBAN SOGEKING\n|\n|switch|p1a: Hippowdon|Hippowdon, M|177\/420 brn\n|-weather|Sandstorm\n|move|p2a: STELLARS FLEXIN|Iron Head|p1a: Hippowdon\n|-damage|p1a: Hippowdon|83\/420 brn\n|\n|-weather|Sandstorm|[upkeep]\n|-damage|p1a: Hippowdon|31\/420 brn|[from] brn\n|turn|37\n|L|i'm not ds\n|J|Miles Tails\n|\n|move|p2a: STELLARS FLEXIN|Iron Head|p1a: Hippowdon\n|-damage|p1a: Hippowdon|0 fnt\n|faint|p1a: Hippowdon\n|\n|-weather|Sandstorm|[upkeep]\n|\n|switch|p1a: Stoutland|Stoutland, F|193\/311\n|turn|38\n|J|bro fist\n|J|Tesung\n|J|yan > whitequeen\n|J|QueenOfLuvdiscs\n|J|broken wings\n|c|&McMeghan|u still there laurel?\n|c|\u2605Conflicting Ideas|lagging\n|c|&McMeghan|did u send ur team\n|L|broken wings\n|\n|move|p1a: Stoutland|Superpower|p2a: STELLARS FLEXIN\n|-supereffective|p2a: STELLARS FLEXIN\n|-damage|p2a: STELLARS FLEXIN|0 fnt\n|-unboost|p1a: Stoutland|atk|1\n|-unboost|p1a: Stoutland|def|1\n|faint|p2a: STELLARS FLEXIN\n|\n|-weather|Sandstorm|[upkeep]\n|\n|switch|p2a: Ode to Stellar|Swampert, M|361\/361\n|turn|39\n|\n|switch|p1a: Whimsicott|Whimsicott, F|49\/323 brn\n|detailschange|p2a: Ode to Stellar|Swampert-Mega, M\n|-mega|p2a: Ode to Stellar|Swampert|Swampertite\n|move|p2a: Ode to Stellar|Earthquake|p1a: Whimsicott\n|-resisted|p1a: Whimsicott\n|-damage|p1a: Whimsicott|0 fnt\n|faint|p1a: Whimsicott\n|\n|-weather|Sandstorm|[upkeep]\n|\n|switch|p1a: Stoutland|Stoutland, F|193\/311\n|turn|40\n|J|broken wings\n|\n|move|p1a: Stoutland|Return|p2a: Ode to Stellar\n|-crit|p2a: Ode to Stellar\n|-damage|p2a: Ode to Stellar|0 fnt\n|faint|p2a: Ode to Stellar\n|\n|win|IronBullet93\n|c|\u2605IronBullet93|oh shit\n|L|White Hart Kane\n|c|\u2605Conflicting Ideas|are you kidding me\n|c|@reyscarface|LeMao\n|L|Starmei\n|L|Alf\n|c|\u2605IronBullet93|sorry man :(\n|c|\u2605Conflicting Ideas|i just spent all week for nothing...\n|J|Based Scythe\n|L|BOUFFESTAN\n|L|Nicojama Robin\n|L|ArchPhantom\n|J|Alf\n|L|Zamrock\n|L|bugzinator RC\n|L|the Jaiho\n|c|@reyscarface|such is life...\n|c|\u2605Conflicting Ideas|you've got to be kidding me right now..\n|J|Bloodz\n|L|giara\n|L|Miles Tails\n|L|Alf\n|J|Miles Tails\n|c|\u2605IronBullet93|man i dont know what to say \n|L|WhiteQueen\n|L|LzrGunPewPew\n|L|QueenOfLuvdiscs\n|L|kratosmana\n|J|Tom Bus\n|L|FLCL\n|c|\u2605Conflicting Ideas|wow i thought i played well too\n|c|@reyscarface|you say \"gg GG\"\n|c|\u2605Conflicting Ideas|gg\n|L|Conflicting Ideas\n|player|p2\n|L|reyscarface\n|L|AM\n|c|\u2605IronBullet93|gg i guess..\n|J|kratosmana\n|L|Ludo974\n|L|SparksBlade\n|J|Cosine180\n|L|Steve Angello\n|L|ium\n|L|Miles Tails\n|L|brokenwings\n|J|LzrGunPewPew\n|L|Bloodz\n|L|IronBullet93\n|player|p1\n|L|cbt\n|L|GoaoTwo\n|L|frozen lakes\n|L|kratosmana","inputlog":null,"uploadtime":1424623837,"views":820,"p1id":"ironbullet93","p2id":"conflictingideas","formatid":"uu","rating":0,"private":0,"password":null}