{"id":"smogtours-gen8ou-580073","p1":"Goootzinho","p2":"DOOR MONEY","format":"gen8ou","log":"|inactive|Battle timer is ON: inactive players will automatically lose when time's up.\n|t:|1631995704\n|gametype|singles\n|player|p1|Goootzinho|101|\n|player|p2|DOOR MONEY|gardenia|\n|teamsize|p1|6\n|teamsize|p2|6\n|gen|8\n|tier|[Gen 8] OU\n|rule|Sleep Clause Mod: Limit one foe put to sleep\n|rule|Species Clause: Limit one of each Pok\u00e9mon\n|rule|OHKO Clause: OHKO moves are banned\n|rule|Evasion Moves Clause: Evasion moves are banned\n|rule|Endless Battle Clause: Forcing endless battles is banned\n|rule|HP Percentage Mod: HP is shown in percentages\n|rule|Dynamax Clause: You cannot dynamax\n|clearpoke\n|poke|p1|Weavile, F|\n|poke|p1|Ferrothorn, F|\n|poke|p1|Landorus-Therian, M|\n|poke|p1|Tornadus-Therian, M|\n|poke|p1|Slowking-Galar, F|\n|poke|p1|Urshifu-*, M|\n|poke|p2|Dragapult, M|\n|poke|p2|Landorus-Therian, M|\n|poke|p2|Rillaboom, F|\n|poke|p2|Clefable, F|\n|poke|p2|Heatran, M|\n|poke|p2|Buzzwole|\n|teampreview\n|c|\u2606DOOR MONEY|hf\n|c|\u2606Goootzinho|u2\n|inactive|Goootzinho has 270 seconds left.\n|inactive|DOOR MONEY has 270 seconds left.\n|\n|t:|1631995761\n|start\n|switch|p1a: Tornadus|Tornadus-Therian, M|100\/100\n|switch|p2a: Buzzwole|Buzzwole|100\/100\n|turn|1\n|\n|t:|1631995766\n|switch|p2a: Heatran|Heatran, M|100\/100\n|move|p1a: Tornadus|Knock Off|p2a: Heatran\n|-damage|p2a: Heatran|83\/100\n|-enditem|p2a: Heatran|Leftovers|[from] move: Knock Off|[of] p1a: Tornadus\n|\n|upkeep\n|turn|2\n|\n|t:|1631995789\n|move|p1a: Tornadus|U-turn|p2a: Heatran\n|-resisted|p2a: Heatran\n|-damage|p2a: Heatran|80\/100\n|\n|t:|1631995792\n|switch|p1a: Urshifu|Urshifu-Rapid-Strike, M|100\/100|[from]move: U-turn\n|move|p2a: Heatran|Magma Storm|p1a: Urshifu\n|-resisted|p1a: Urshifu\n|-crit|p1a: Urshifu\n|-damage|p1a: Urshifu|53\/100\n|-activate|p1a: Urshifu|move: Magma Storm|[of] p2a: Heatran\n|\n|-damage|p1a: Urshifu|40\/100|[from] move: Magma Storm|[partiallytrapped]\n|upkeep\n|turn|3\n|\n|t:|1631995826\n|switch|p2a: Rillaboom|Rillaboom, F|100\/100\n|-fieldstart|move: Grassy Terrain|[from] ability: Grassy Surge|[of] p2a: Rillaboom\n|move|p1a: Urshifu|U-turn|p2a: Rillaboom\n|-supereffective|p2a: Rillaboom\n|-damage|p2a: Rillaboom|14\/100\n|\n|t:|1631995833\n|switch|p1a: Tornadus|Tornadus-Therian, M|100\/100|[from]move: U-turn\n|\n|-heal|p2a: Rillaboom|20\/100|[from] Grassy Terrain\n|upkeep\n|turn|4\n|inactive|DOOR MONEY has 270 seconds left.\n|\n|t:|1631995873\n|switch|p2a: Dragapult|Dragapult, M|100\/100\n|move|p1a: Tornadus|U-turn|p2a: Dragapult\n|-resisted|p2a: Dragapult\n|-damage|p2a: Dragapult|91\/100\n|\n|t:|1631995886\n|switch|p1a: Weavile|Weavile, F|100\/100|[from]move: U-turn\n|-ability|p1a: Weavile|Pressure\n|\n|-heal|p2a: Dragapult|97\/100|[from] Grassy Terrain\n|upkeep\n|turn|5\n|\n|t:|1631995903\n|switch|p1a: Tornadus|Tornadus-Therian, M|100\/100\n|move|p2a: Dragapult|U-turn|p1a: Tornadus\n|-resisted|p1a: Tornadus\n|-damage|p1a: Tornadus|92\/100\n|\n|t:|1631995911\n|switch|p2a: Clefable|Clefable, F|100\/100|[from]move: U-turn\n|\n|upkeep\n|turn|6\n|inactive|DOOR MONEY has 270 seconds left.\n|\n|t:|1631995921\n|move|p1a: Tornadus|U-turn|p2a: Clefable\n|-resisted|p2a: Clefable\n|-damage|p2a: Clefable|93\/100\n|\n|t:|1631995925\n|switch|p1a: Ferrothorn|Ferrothorn, F|100\/100|[from]move: U-turn\n|move|p2a: Clefable|Stealth Rock|p1a: Ferrothorn\n|-sidestart|p1: Goootzinho|move: Stealth Rock\n|\n|-heal|p2a: Clefable|99\/100|[from] Grassy Terrain\n|-heal|p2a: Clefable|100\/100|[from] item: Leftovers\n|upkeep\n|turn|7\n|\n|t:|1631995938\n|switch|p2a: Heatran|Heatran, M|80\/100\n|switch|p1a: Landorus|Landorus-Therian, M|100\/100\n|-damage|p1a: Landorus|88\/100|[from] Stealth Rock\n|-ability|p1a: Landorus|Intimidate|boost\n|-unboost|p2a: Heatran|atk|1\n|\n|-heal|p1a: Landorus|94\/100|[from] item: Leftovers\n|-heal|p2a: Heatran|86\/100|[from] Grassy Terrain\n|-fieldend|move: Grassy Terrain\n|upkeep\n|turn|8\n|\n|t:|1631995945\n|move|p1a: Landorus|Stealth Rock|p2a: Heatran\n|-sidestart|p2: DOOR MONEY|move: Stealth Rock\n|move|p2a: Heatran|Toxic|p1a: Landorus\n|-status|p1a: Landorus|tox\n|\n|-heal|p1a: Landorus|99\/100 tox|[from] item: Leftovers\n|-damage|p1a: Landorus|94\/100 tox|[from] psn\n|upkeep\n|turn|9\n|\n|t:|1631995968\n|switch|p2a: Buzzwole|Buzzwole|100\/100\n|-damage|p2a: Buzzwole|88\/100|[from] Stealth Rock\n|move|p1a: Landorus|U-turn|p2a: Buzzwole\n|-resisted|p2a: Buzzwole\n|-damage|p2a: Buzzwole|81\/100\n|-damage|p1a: Landorus|78\/100 tox|[from] item: Rocky Helmet|[of] p2a: Buzzwole\n|\n|t:|1631995980\n|switch|p1a: Ferrothorn|Ferrothorn, F|100\/100|[from]move: U-turn\n|-damage|p1a: Ferrothorn|94\/100|[from] Stealth Rock\n|\n|-heal|p1a: Ferrothorn|100\/100|[from] item: Leftovers\n|upkeep\n|turn|10\n|\n|t:|1631995993\n|move|p2a: Buzzwole|Close Combat|p1a: Ferrothorn\n|-supereffective|p1a: Ferrothorn\n|-damage|p1a: Ferrothorn|3\/100\n|-unboost|p2a: Buzzwole|def|1\n|-unboost|p2a: Buzzwole|spd|1\n|-damage|p2a: Buzzwole|69\/100|[from] ability: Iron Barbs|[of] p1a: Ferrothorn\n|move|p1a: Ferrothorn|Spikes|p2a: Buzzwole\n|-sidestart|p2: DOOR MONEY|Spikes\n|\n|-heal|p1a: Ferrothorn|9\/100|[from] item: Leftovers\n|upkeep\n|turn|11\n|\n|t:|1631996001\n|switch|p1a: Tornadus|Tornadus-Therian, M|100\/100\n|move|p2a: Buzzwole|Leech Life|p1a: Tornadus\n|-resisted|p1a: Tornadus\n|-damage|p1a: Tornadus|78\/100\n|-heal|p2a: Buzzwole|78\/100|[from] drain|[of] p1a: Tornadus\n|\n|upkeep\n|turn|12\n|\n|t:|1631996011\n|switch|p2a: Clefable|Clefable, F|100\/100\n|move|p1a: Tornadus|U-turn|p2a: Clefable\n|-resisted|p2a: Clefable\n|-damage|p2a: Clefable|92\/100\n|\n|t:|1631996023\n|switch|p1a: Slowking|Slowking-Galar, F|100\/100|[from]move: U-turn\n|-damage|p1a: Slowking|88\/100|[from] Stealth Rock\n|\n|-heal|p2a: Clefable|98\/100|[from] item: Leftovers\n|upkeep\n|turn|13\n|\n|t:|1631996036\n|switch|p2a: Landorus|Landorus-Therian, M|100\/100\n|-damage|p2a: Landorus|88\/100|[from] Stealth Rock\n|-ability|p2a: Landorus|Intimidate|boost\n|-unboost|p1a: Slowking|atk|1\n|move|p1a: Slowking|Future Sight|p2a: Landorus\n|-start|p1a: Slowking|move: Future Sight\n|\n|-heal|p2a: Landorus|94\/100|[from] item: Leftovers\n|upkeep\n|turn|14\n|\n|t:|1631996054\n|switch|p1a: Ferrothorn|Ferrothorn, F|9\/100\n|-damage|p1a: Ferrothorn|3\/100|[from] Stealth Rock\n|move|p2a: Landorus|Substitute|p2a: Landorus\n|-start|p2a: Landorus|Substitute\n|-damage|p2a: Landorus|69\/100\n|\n|-heal|p2a: Landorus|75\/100|[from] item: Leftovers\n|-heal|p1a: Ferrothorn|9\/100|[from] item: Leftovers\n|upkeep\n|turn|15\n|\n|t:|1631996068\n|switch|p1a: Tornadus|Tornadus-Therian, M|100\/100\n|move|p2a: Landorus|Earthquake|p1a: Tornadus\n|-immune|p1a: Tornadus\n|\n|-end|p2a: Landorus|move: Future Sight\n|-end|p2a: Landorus|Substitute\n|-heal|p2a: Landorus|81\/100|[from] item: Leftovers\n|upkeep\n|turn|16\n|\n|t:|1631996092\n|switch|p2a: Clefable|Clefable, F|98\/100\n|move|p1a: Tornadus|Hurricane|p2a: Clefable\n|-damage|p2a: Clefable|72\/100\n|\n|-heal|p2a: Clefable|78\/100|[from] item: Leftovers\n|upkeep\n|turn|17\n|\n|t:|1631996101\n|move|p1a: Tornadus|Knock Off|p2a: Clefable\n|-resisted|p2a: Clefable\n|-damage|p2a: Clefable|67\/100\n|-enditem|p2a: Clefable|Leftovers|[from] move: Knock Off|[of] p1a: Tornadus\n|move|p2a: Clefable|Knock Off|p1a: Tornadus\n|-damage|p1a: Tornadus|88\/100\n|-enditem|p1a: Tornadus|Heavy-Duty Boots|[from] move: Knock Off|[of] p2a: Clefable\n|\n|upkeep\n|turn|18\n|\n|t:|1631996107\n|move|p1a: Tornadus|U-turn|p2a: Clefable\n|-resisted|p2a: Clefable\n|-damage|p2a: Clefable|59\/100\n|\n|t:|1631996111\n|switch|p1a: Slowking|Slowking-Galar, F|100\/100|[from]move: U-turn\n|-damage|p1a: Slowking|88\/100|[from] Stealth Rock\n|move|p2a: Clefable|Soft-Boiled|p2a: Clefable\n|-heal|p2a: Clefable|100\/100\n|\n|upkeep\n|turn|19\n|\n|t:|1631996114\n|move|p2a: Clefable|Knock Off|p1a: Slowking\n|-supereffective|p1a: Slowking\n|-damage|p1a: Slowking|61\/100\n|-enditem|p1a: Slowking|Assault Vest|[from] move: Knock Off|[of] p2a: Clefable\n|move|p1a: Slowking|Future Sight|p2a: Clefable\n|-start|p1a: Slowking|move: Future Sight\n|\n|upkeep\n|turn|20\n|\n|t:|1631996123\n|switch|p2a: Heatran|Heatran, M|86\/100\n|-damage|p2a: Heatran|74\/100|[from] Spikes\n|-damage|p2a: Heatran|61\/100|[from] Stealth Rock\n|switch|p1a: Urshifu|Urshifu-Rapid-Strike, M|40\/100\n|-damage|p1a: Urshifu|34\/100|[from] Stealth Rock\n|\n|upkeep\n|turn|21\n|\n|t:|1631996143\n|switch|p2a: Rillaboom|Rillaboom, F|20\/100\n|-damage|p2a: Rillaboom|8\/100|[from] Stealth Rock\n|-damage|p2a: Rillaboom|0 fnt|[from] Spikes\n|faint|p2a: Rillaboom\n|move|p1a: Urshifu|Surging Strikes|p2: Rillaboom|[notarget]\n|-fail|p1a: Urshifu\n|\n|-hint|Future Sight did not hit because the target is fainted.\n|upkeep\n|\n|t:|1631996150\n|switch|p2a: Dragapult|Dragapult, M|97\/100\n|turn|22\n|inactive|Goootzinho has 270 seconds left.\n|\n|t:|1631996181\n|switch|p1a: Ferrothorn|Ferrothorn, F|9\/100\n|-damage|p1a: Ferrothorn|3\/100|[from] Stealth Rock\n|move|p2a: Dragapult|Hex|p1a: Ferrothorn\n|-damage|p1a: Ferrothorn|0 fnt\n|faint|p1a: Ferrothorn\n|\n|upkeep\n|\n|t:|1631996204\n|switch|p1a: Weavile|Weavile, F|100\/100\n|-ability|p1a: Weavile|Pressure\n|turn|23\n|\n|t:|1631996215\n|switch|p2a: Buzzwole|Buzzwole|78\/100\n|-damage|p2a: Buzzwole|66\/100|[from] Stealth Rock\n|-damage|p2a: Buzzwole|53\/100|[from] Spikes\n|move|p1a: Weavile|Triple Axel|p2a: Buzzwole\n|-damage|p2a: Buzzwole|47\/100\n|-damage|p1a: Weavile|84\/100|[from] item: Rocky Helmet|[of] p2a: Buzzwole\n|-damage|p2a: Buzzwole|35\/100\n|-damage|p1a: Weavile|68\/100|[from] item: Rocky Helmet|[of] p2a: Buzzwole\n|-damage|p2a: Buzzwole|17\/100\n|-damage|p1a: Weavile|51\/100|[from] item: Rocky Helmet|[of] p2a: Buzzwole\n|-hitcount|p2a: Buzzwole|3\n|\n|upkeep\n|turn|24\n|\n|t:|1631996231\n|move|p1a: Weavile|Knock Off|p2a: Buzzwole\n|-resisted|p2a: Buzzwole\n|-damage|p2a: Buzzwole|3\/100\n|-damage|p1a: Weavile|35\/100|[from] item: Rocky Helmet|[of] p2a: Buzzwole\n|-enditem|p2a: Buzzwole|Rocky Helmet|[from] move: Knock Off|[of] p1a: Weavile\n|move|p2a: Buzzwole|Leech Life|p1a: Weavile\n|-supereffective|p1a: Weavile\n|-damage|p1a: Weavile|0 fnt\n|-heal|p2a: Buzzwole|14\/100|[from] drain|[of] p1a: Weavile\n|faint|p1a: Weavile\n|-ability|p2a: Buzzwole|Beast Boost|boost\n|-boost|p2a: Buzzwole|atk|1\n|\n|upkeep\n|\n|t:|1631996246\n|switch|p1a: Urshifu|Urshifu-Rapid-Strike, M|34\/100\n|-damage|p1a: Urshifu|28\/100|[from] Stealth Rock\n|turn|25\n|\n|t:|1631996250\n|move|p1a: Urshifu|Surging Strikes|p2a: Buzzwole\n|-crit|p2a: Buzzwole\n|-damage|p2a: Buzzwole|0 fnt\n|faint|p2a: Buzzwole\n|-hitcount|p2: Buzzwole|1\n|\n|upkeep\n|\n|t:|1631996255\n|switch|p2a: Dragapult|Dragapult, M|97\/100\n|turn|26\n|inactive|Goootzinho has 270 seconds left.\n|inactive|DOOR MONEY has 270 seconds left.\n|\n|t:|1631996315\n|switch|p1a: Slowking|Slowking-Galar, F|94\/100\n|-damage|p1a: Slowking|82\/100|[from] Stealth Rock\n|move|p2a: Dragapult|Hex|p1a: Slowking\n|-supereffective|p1a: Slowking\n|-damage|p1a: Slowking|45\/100\n|\n|upkeep\n|turn|27\n|\n|t:|1631996323\n|switch|p1a: Tornadus|Tornadus-Therian, M|100\/100\n|-damage|p1a: Tornadus|76\/100|[from] Stealth Rock\n|move|p2a: Dragapult|Thunder Wave|p1a: Tornadus\n|-status|p1a: Tornadus|par\n|\n|upkeep\n|turn|28\n|\n|t:|1631996342\n|move|p2a: Dragapult|U-turn|p1a: Tornadus\n|-resisted|p1a: Tornadus\n|-damage|p1a: Tornadus|67\/100 par\n|\n|t:|1631996349\n|switch|p2a: Heatran|Heatran, M|61\/100|[from]move: U-turn\n|-damage|p2a: Heatran|49\/100|[from] Stealth Rock\n|-damage|p2a: Heatran|37\/100|[from] Spikes\n|cant|p1a: Tornadus|par\n|\n|upkeep\n|turn|29\n|inactive|Goootzinho has 270 seconds left.\n|\n|t:|1631996363\n|move|p2a: Heatran|Magma Storm|p1a: Tornadus\n|-damage|p1a: Tornadus|26\/100 par\n|-activate|p1a: Tornadus|move: Magma Storm|[of] p2a: Heatran\n|move|p1a: Tornadus|U-turn|p2a: Heatran\n|-resisted|p2a: Heatran\n|-damage|p2a: Heatran|34\/100\n|inactive|Goootzinho has 270 seconds left.\n|\n|t:|1631996369\n|switch|p1a: Urshifu|Urshifu-Rapid-Strike, M|28\/100|[from]move: U-turn\n|-damage|p1a: Urshifu|22\/100|[from] Stealth Rock\n|\n|upkeep\n|turn|30\n|inactive|DOOR MONEY has 270 seconds left.\n|\n|t:|1631996377\n|move|p1a: Urshifu|Surging Strikes|p2a: Heatran\n|-supereffective|p2a: Heatran\n|-crit|p2a: Heatran\n|-damage|p2a: Heatran|0 fnt\n|faint|p2a: Heatran\n|-hitcount|p2: Heatran|1\n|\n|upkeep\n|\n|t:|1631996379\n|switch|p2a: Dragapult|Dragapult, M|97\/100\n|turn|31\n|\n|t:|1631996384\n|switch|p1a: Tornadus|Tornadus-Therian, M|59\/100 par\n|-damage|p1a: Tornadus|34\/100 par|[from] Stealth Rock\n|move|p2a: Dragapult|Hex|p1a: Tornadus\n|-damage|p1a: Tornadus|0 fnt\n|faint|p1a: Tornadus\n|\n|upkeep\n|\n|t:|1631996387\n|switch|p1a: Slowking|Slowking-Galar, F|79\/100\n|-damage|p1a: Slowking|66\/100|[from] Stealth Rock\n|turn|32\n|\n|t:|1631996389\n|move|p2a: Dragapult|Thunder Wave|p1a: Slowking\n|-status|p1a: Slowking|par\n|cant|p1a: Slowking|par\n|\n|upkeep\n|turn|33\n|c|\u2606Goootzinho|wow\n|\n|t:|1631996397\n|move|p2a: Dragapult|Hex|p1a: Slowking\n|-supereffective|p1a: Slowking\n|-damage|p1a: Slowking|0 fnt\n|faint|p1a: Slowking\n|\n|upkeep\n|\n|t:|1631996402\n|switch|p1a: Landorus|Landorus-Therian, M|78\/100 tox\n|-damage|p1a: Landorus|65\/100 tox|[from] Stealth Rock\n|-ability|p1a: Landorus|Intimidate|boost\n|-unboost|p2a: Dragapult|atk|1\n|turn|34\n|\n|t:|1631996423\n|move|p2a: Dragapult|U-turn|p1a: Landorus\n|-resisted|p1a: Landorus\n|-damage|p1a: Landorus|61\/100 tox\n|\n|t:|1631996433\n|switch|p2a: Landorus|Landorus-Therian, M|81\/100|[from]move: U-turn\n|-damage|p2a: Landorus|69\/100|[from] Stealth Rock\n|-ability|p2a: Landorus|Intimidate|boost\n|-unboost|p1a: Landorus|atk|1\n|move|p1a: Landorus|Toxic|p2a: Landorus\n|-status|p2a: Landorus|tox\n|\n|-heal|p2a: Landorus|75\/100 tox|[from] item: Leftovers\n|-heal|p1a: Landorus|67\/100 tox|[from] item: Leftovers\n|-damage|p2a: Landorus|69\/100 tox|[from] psn\n|-damage|p1a: Landorus|61\/100 tox|[from] psn\n|upkeep\n|turn|35\n|\n|t:|1631996441\n|move|p2a: Landorus|Stone Edge|p1a: Landorus\n|-crit|p1a: Landorus\n|-damage|p1a: Landorus|18\/100 tox\n|move|p1a: Landorus|U-turn|p2a: Landorus\n|-resisted|p2a: Landorus\n|-damage|p2a: Landorus|60\/100 tox\n|\n|t:|1631996445\n|switch|p1a: Urshifu|Urshifu-Rapid-Strike, M|22\/100|[from]move: U-turn\n|-damage|p1a: Urshifu|16\/100|[from] Stealth Rock\n|\n|-heal|p2a: Landorus|66\/100 tox|[from] item: Leftovers\n|-damage|p2a: Landorus|54\/100 tox|[from] psn\n|upkeep\n|turn|36\n|\n|t:|1631996451\n|move|p1a: Urshifu|Surging Strikes|p2a: Landorus\n|-supereffective|p2a: Landorus\n|-crit|p2a: Landorus\n|-damage|p2a: Landorus|0 fnt\n|faint|p2a: Landorus\n|-hitcount|p2: Landorus|1\n|\n|upkeep\n|\n|t:|1631996452\n|switch|p2a: Dragapult|Dragapult, M|97\/100\n|turn|37\n|c|\u2606DOOR MONEY|gg\n|c|\u2606Goootzinho|what gg\n|c|\u2606Goootzinho|just apologize dumbass\n|\n|t:|1631996471\n|move|p2a: Dragapult|Hex|p1a: Urshifu\n|-damage|p1a: Urshifu|0 fnt\n|faint|p1a: Urshifu\n|\n|upkeep\n|\n|t:|1631996474\n|switch|p1a: Landorus|Landorus-Therian, M|18\/100 tox\n|-damage|p1a: Landorus|6\/100 tox|[from] Stealth Rock\n|-ability|p1a: Landorus|Intimidate|boost\n|-unboost|p2a: Dragapult|atk|1\n|turn|38\n|c|\u2606DOOR MONEY|ok sorry\n|\n|t:|1631996480\n|move|p2a: Dragapult|Hex|p1a: Landorus\n|-damage|p1a: Landorus|0 fnt\n|faint|p1a: Landorus\n|\n|win|DOOR MONEY\n","uploadtime":1631996481,"views":90,"p1id":"goootzinho","p2id":"doormoney","formatid":"gen8ou","rating":0,"private":0,"password":null}