{"id":"smogtours-gen8uu-658940","p1":"pdt","p2":"cryingg","format":"gen8uu","log":"|inactive|Battle timer is ON: inactive players will automatically lose when time's up.\n|t:|1667444533\n|gametype|singles\n|player|p1|pdt|101|\n|player|p2|cryingg|#mplviiithunders|\n|teamsize|p1|6\n|teamsize|p2|6\n|gen|8\n|tier|[Gen 8] UU\n|rule|Sleep Clause Mod: Limit one foe put to sleep\n|rule|Species Clause: Limit one of each Pok\u00e9mon\n|rule|OHKO Clause: OHKO moves are banned\n|rule|Evasion Items Clause: Evasion items are banned\n|rule|Evasion Moves Clause: Evasion moves are banned\n|rule|Endless Battle Clause: Forcing endless battles is banned\n|rule|HP Percentage Mod: HP is shown in percentages\n|rule|Dynamax Clause: You cannot dynamax\n|clearpoke\n|poke|p1|Primarina, M|\n|poke|p1|Scizor, F|\n|poke|p1|Chansey, F|\n|poke|p1|Amoonguss, M|\n|poke|p1|Zygarde-10%|\n|poke|p1|Togekiss, F|\n|poke|p2|Zygarde-10%|\n|poke|p2|Thundurus-Therian, M|\n|poke|p2|Chansey, F|\n|poke|p2|Keldeo-Resolute|\n|poke|p2|Celesteela|\n|poke|p2|Hatterene, F|\n|teampreview\n|inactive|cryingg also wants the timer to be on.\n|c|\u2606pdt|hf\n|inactive|pdt has 270 seconds left.\n|inactive|cryingg has 270 seconds left.\n|c|\u2606cryingg|hf\n|inactive|cryingg has 240 seconds left.\n|inactive|cryingg has 210 seconds left.\n|\n|t:|1667444651\n|start\n|switch|p1a: 50 FOR 50|Scizor, F|100\/100\n|switch|p2a: Celesteela|Celesteela|100\/100\n|turn|1\n|\n|t:|1667444663\n|switch|p1a: PSA|Chansey, F|100\/100\n|move|p2a: Celesteela|Substitute|p2a: Celesteela\n|-start|p2a: Celesteela|Substitute\n|-damage|p2a: Celesteela|76\/100\n|\n|-heal|p2a: Celesteela|82\/100|[from] item: Leftovers\n|upkeep\n|turn|2\n|inactive|cryingg has 240 seconds left.\n|\n|t:|1667444687\n|move|p2a: Celesteela|Leech Seed|p1a: PSA\n|-start|p1a: PSA|move: Leech Seed\n|move|p1a: PSA|Seismic Toss|p2a: Celesteela\n|-end|p2a: Celesteela|Substitute\n|\n|-heal|p2a: Celesteela|88\/100|[from] item: Leftovers\n|-damage|p1a: PSA|88\/100|[from] Leech Seed|[of] p2a: Celesteela\n|-heal|p2a: Celesteela|100\/100|[silent]\n|upkeep\n|turn|3\n|raw|<div class=\"broadcast-red\"><strong>Moderated chat was set to \u2606!<\/strong><br \/>Only users of rank \u2606 and higher can talk.<\/div>\n|\n|t:|1667444703\n|move|p2a: Celesteela|Substitute|p2a: Celesteela\n|-start|p2a: Celesteela|Substitute\n|-damage|p2a: Celesteela|76\/100\n|move|p1a: PSA|Stealth Rock|p2a: Celesteela\n|-sidestart|p2: cryingg|move: Stealth Rock\n|\n|-heal|p2a: Celesteela|82\/100|[from] item: Leftovers\n|-damage|p1a: PSA|76\/100|[from] Leech Seed|[of] p2a: Celesteela\n|-heal|p2a: Celesteela|100\/100|[silent]\n|upkeep\n|turn|4\n|\n|t:|1667444717\n|move|p2a: Celesteela|Meteor Beam||[still]\n|-prepare|p2a: Celesteela|Meteor Beam\n|-boost|p2a: Celesteela|spa|1\n|move|p1a: PSA|Seismic Toss|p2a: Celesteela\n|-end|p2a: Celesteela|Substitute\n|\n|-damage|p1a: PSA|63\/100|[from] Leech Seed|[of] p2a: Celesteela\n|upkeep\n|turn|5\n|\n|t:|1667444725\n|move|p2a: Celesteela|Meteor Beam|p1a: PSA|[from]lockedmove\n|-damage|p1a: PSA|47\/100\n|move|p1a: PSA|Thunder Wave|p2a: Celesteela\n|-status|p2a: Celesteela|par\n|\n|-damage|p1a: PSA|34\/100|[from] Leech Seed|[of] p2a: Celesteela\n|upkeep\n|turn|6\n|\n|t:|1667444730\n|move|p1a: PSA|Soft-Boiled|p1a: PSA\n|-heal|p1a: PSA|84\/100\n|move|p2a: Celesteela|Substitute|p2a: Celesteela\n|-start|p2a: Celesteela|Substitute\n|-damage|p2a: Celesteela|76\/100 par\n|\n|-heal|p2a: Celesteela|82\/100 par|[from] item: Leftovers\n|-damage|p1a: PSA|72\/100|[from] Leech Seed|[of] p2a: Celesteela\n|-heal|p2a: Celesteela|100\/100 par|[silent]\n|upkeep\n|turn|7\n|\n|t:|1667444737\n|move|p1a: PSA|Seismic Toss|p2a: Celesteela\n|-end|p2a: Celesteela|Substitute\n|move|p2a: Celesteela|Meteor Beam||[still]\n|-prepare|p2a: Celesteela|Meteor Beam\n|-boost|p2a: Celesteela|spa|1\n|\n|-damage|p1a: PSA|60\/100|[from] Leech Seed|[of] p2a: Celesteela\n|upkeep\n|turn|8\n|\n|t:|1667444748\n|move|p1a: PSA|Soft-Boiled|p1a: PSA\n|-heal|p1a: PSA|100\/100\n|move|p2a: Celesteela|Meteor Beam|p1a: PSA|[from]lockedmove\n|-damage|p1a: PSA|80\/100\n|\n|-damage|p1a: PSA|67\/100|[from] Leech Seed|[of] p2a: Celesteela\n|upkeep\n|turn|9\n|inactive|cryingg has 270 seconds left.\n|\n|t:|1667444765\n|switch|p1a: FREE DRILLY|Togekiss, F|100\/100\n|move|p2a: Celesteela|Air Slash|p1a: FREE DRILLY\n|-damage|p1a: FREE DRILLY|47\/100\n|\n|upkeep\n|turn|10\n|\n|t:|1667444774\n|move|p1a: FREE DRILLY|Roost|p1a: FREE DRILLY\n|-heal|p1a: FREE DRILLY|97\/100\n|-singleturn|p1a: FREE DRILLY|move: Roost\n|cant|p2a: Celesteela|par\n|\n|upkeep\n|turn|11\n|\n|t:|1667444795\n|move|p1a: FREE DRILLY|Nasty Plot|p1a: FREE DRILLY\n|-boost|p1a: FREE DRILLY|spa|2\n|move|p2a: Celesteela|Leech Seed|p1a: FREE DRILLY|[miss]\n|-miss|p2a: Celesteela|p1a: FREE DRILLY\n|\n|upkeep\n|turn|12\n|\n|t:|1667444800\n|move|p1a: FREE DRILLY|Air Slash|p2a: Celesteela\n|-resisted|p2a: Celesteela\n|-damage|p2a: Celesteela|74\/100 par\n|move|p2a: Celesteela|Leech Seed|p1a: FREE DRILLY\n|-start|p1a: FREE DRILLY|move: Leech Seed\n|\n|-heal|p2a: Celesteela|80\/100 par|[from] item: Leftovers\n|-damage|p1a: FREE DRILLY|84\/100|[from] Leech Seed|[of] p2a: Celesteela\n|-heal|p2a: Celesteela|92\/100 par|[silent]\n|upkeep\n|turn|13\n|\n|t:|1667444807\n|move|p1a: FREE DRILLY|Flamethrower|p2a: Celesteela\n|-supereffective|p2a: Celesteela\n|-damage|p2a: Celesteela|15\/100 par\n|move|p2a: Celesteela|Air Slash|p1a: FREE DRILLY\n|-damage|p1a: FREE DRILLY|31\/100\n|\n|-heal|p2a: Celesteela|21\/100 par|[from] item: Leftovers\n|-damage|p1a: FREE DRILLY|19\/100|[from] Leech Seed|[of] p2a: Celesteela\n|-heal|p2a: Celesteela|33\/100 par|[silent]\n|upkeep\n|turn|14\n|inactive|cryingg has 270 seconds left.\n|\n|t:|1667444861\n|switch|p2a: Keldeo|Keldeo-Resolute|100\/100\n|-damage|p2a: Keldeo|94\/100|[from] Stealth Rock\n|move|p1a: FREE DRILLY|Roost|p1a: FREE DRILLY\n|-heal|p1a: FREE DRILLY|69\/100\n|-singleturn|p1a: FREE DRILLY|move: Roost\n|\n|-damage|p1a: FREE DRILLY|57\/100|[from] Leech Seed|[of] p2a: Keldeo\n|-heal|p2a: Keldeo|100\/100|[silent]\n|upkeep\n|turn|15\n|inactive|cryingg has 240 seconds left.\n|\n|t:|1667444889\n|switch|p2a: Chansey|Chansey, F|100\/100\n|-damage|p2a: Chansey|88\/100|[from] Stealth Rock\n|switch|p1a: SHOW ME LOVE|Amoonguss, M|100\/100\n|\n|upkeep\n|turn|16\n|inactive|cryingg has 240 seconds left.\n|\n|t:|1667444895\n|switch|p1a: 50 FOR 50|Scizor, F|100\/100\n|move|p2a: Chansey|Stealth Rock|p1a: 50 FOR 50\n|-sidestart|p1: pdt|move: Stealth Rock\n|\n|upkeep\n|turn|17\n|inactive|cryingg has 240 seconds left.\n|\n|t:|1667444922\n|switch|p2a: Keldeo|Keldeo-Resolute|100\/100\n|-damage|p2a: Keldeo|94\/100|[from] Stealth Rock\n|move|p1a: 50 FOR 50|Knock Off|p2a: Keldeo\n|-resisted|p2a: Keldeo\n|-damage|p2a: Keldeo|79\/100\n|-ability|p2a: Keldeo|Justified|boost\n|-boost|p2a: Keldeo|atk|1\n|-enditem|p2a: Keldeo|Salac Berry|[from] move: Knock Off|[of] p1a: 50 FOR 50\n|\n|upkeep\n|turn|18\n|\n|t:|1667444937\n|switch|p1a: DEMON TIME|Primarina, M|100\/100\n|-damage|p1a: DEMON TIME|88\/100|[from] Stealth Rock\n|move|p2a: Keldeo|Hydro Pump|p1a: DEMON TIME\n|-resisted|p1a: DEMON TIME\n|-damage|p1a: DEMON TIME|66\/100\n|\n|-heal|p1a: DEMON TIME|72\/100|[from] item: Leftovers\n|upkeep\n|turn|19\n|\n|t:|1667444957\n|switch|p2a: Chansey|Chansey, F|88\/100\n|-damage|p2a: Chansey|76\/100|[from] Stealth Rock\n|move|p1a: DEMON TIME|Moonblast|p2a: Chansey\n|-damage|p2a: Chansey|63\/100\n|-unboost|p2a: Chansey|spa|1\n|\n|-heal|p1a: DEMON TIME|78\/100|[from] item: Leftovers\n|upkeep\n|turn|20\n|\n|t:|1667444961\n|switch|p1a: 50 FOR 50|Scizor, F|100\/100\n|move|p2a: Chansey|Soft-Boiled|p2a: Chansey\n|-heal|p2a: Chansey|100\/100\n|\n|upkeep\n|turn|21\n|\n|t:|1667444970\n|switch|p2a: Keldeo|Keldeo-Resolute|79\/100\n|-damage|p2a: Keldeo|73\/100|[from] Stealth Rock\n|move|p1a: 50 FOR 50|U-turn|p2a: Keldeo\n|-resisted|p2a: Keldeo\n|-damage|p2a: Keldeo|56\/100\n|\n|t:|1667444974\n|switch|p1a: MANY MEN|Zygarde-10%|100\/100|[from]move: U-turn\n|-damage|p1a: MANY MEN|94\/100|[from] Stealth Rock\n|-ability|p1a: MANY MEN|Aura Break\n|\n|upkeep\n|turn|22\n|inactive|cryingg has 240 seconds left.\n|\n|t:|1667444996\n|switch|p2a: Chansey|Chansey, F|100\/100\n|-damage|p2a: Chansey|88\/100|[from] Stealth Rock\n|move|p1a: MANY MEN|Thousand Arrows|p2a: Chansey\n|-damage|p2a: Chansey|52\/100\n|\n|upkeep\n|turn|23\n|\n|t:|1667445000\n|switch|p1a: 50 FOR 50|Scizor, F|100\/100\n|move|p2a: Chansey|Soft-Boiled|p2a: Chansey\n|-heal|p2a: Chansey|100\/100\n|\n|upkeep\n|turn|24\n|inactive|cryingg has 240 seconds left.\n|\n|t:|1667445014\n|move|p1a: 50 FOR 50|U-turn|p2a: Chansey\n|-damage|p2a: Chansey|79\/100\n|\n|t:|1667445020\n|switch|p1a: SHOW ME LOVE|Amoonguss, M|100\/100|[from]move: U-turn\n|move|p2a: Chansey|Seismic Toss|p1a: SHOW ME LOVE\n|-damage|p1a: SHOW ME LOVE|77\/100\n|\n|upkeep\n|turn|25\n|inactive|cryingg has 240 seconds left.\n|\n|t:|1667445031\n|switch|p1a: 50 FOR 50|Scizor, F|100\/100\n|move|p2a: Chansey|Seismic Toss|p1a: 50 FOR 50\n|-damage|p1a: 50 FOR 50|71\/100\n|\n|upkeep\n|turn|26\n|inactive|cryingg has 240 seconds left.\n|\n|t:|1667445060\n|switch|p2a: Keldeo|Keldeo-Resolute|56\/100\n|-damage|p2a: Keldeo|50\/100|[from] Stealth Rock\n|move|p1a: 50 FOR 50|Knock Off|p2a: Keldeo\n|-resisted|p2a: Keldeo\n|-damage|p2a: Keldeo|39\/100\n|-ability|p2a: Keldeo|Justified|boost\n|-boost|p2a: Keldeo|atk|1\n|\n|upkeep\n|turn|27\n|inactive|cryingg has 210 seconds left.\n|\n|t:|1667445086\n|switch|p1a: SHOW ME LOVE|Amoonguss, M|100\/100\n|move|p2a: Keldeo|Hydro Pump|p1a: SHOW ME LOVE\n|-resisted|p1a: SHOW ME LOVE\n|-damage|p1a: SHOW ME LOVE|73\/100\n|\n|upkeep\n|turn|28\n|inactive|cryingg has 210 seconds left.\n|\n|t:|1667445096\n|move|p2a: Keldeo|Air Slash|p1a: SHOW ME LOVE\n|-supereffective|p1a: SHOW ME LOVE\n|-damage|p1a: SHOW ME LOVE|27\/100\n|move|p1a: SHOW ME LOVE|Sludge Bomb|p2a: Keldeo\n|-damage|p2a: Keldeo|6\/100\n|-status|p2a: Keldeo|psn\n|\n|-damage|p2a: Keldeo|0 fnt|[from] psn\n|faint|p2a: Keldeo\n|upkeep\n|inactive|cryingg has 210 seconds left.\n|inactive|cryingg has 180 seconds left.\n|\n|t:|1667445156\n|switch|p2a: Hatterene|Hatterene, F|100\/100\n|-damage|p2a: Hatterene|88\/100|[from] Stealth Rock\n|turn|29\n|\n|t:|1667445162\n|switch|p1a: DEMON TIME|Primarina, M|78\/100\n|-damage|p1a: DEMON TIME|66\/100|[from] Stealth Rock\n|move|p2a: Hatterene|Psyshock|p1a: DEMON TIME\n|-damage|p1a: DEMON TIME|35\/100\n|\n|-heal|p1a: DEMON TIME|42\/100|[from] item: Leftovers\n|-heal|p2a: Hatterene|94\/100|[from] item: Leftovers\n|upkeep\n|turn|30\n|\n|t:|1667445172\n|move|p1a: DEMON TIME|Whirlpool|p2a: Hatterene\n|-damage|p2a: Hatterene|77\/100\n|-activate|p2a: Hatterene|move: Whirlpool|[of] p1a: DEMON TIME\n|move|p2a: Hatterene|Calm Mind|p2a: Hatterene\n|-boost|p2a: Hatterene|spa|1\n|-boost|p2a: Hatterene|spd|1\n|\n|-heal|p1a: DEMON TIME|48\/100|[from] item: Leftovers\n|-heal|p2a: Hatterene|83\/100|[from] item: Leftovers\n|-damage|p2a: Hatterene|71\/100|[from] move: Whirlpool|[partiallytrapped]\n|upkeep\n|turn|31\n|inactive|cryingg has 150 seconds left.\n|\n|t:|1667445206\n|move|p1a: DEMON TIME|Protect|p1a: DEMON TIME\n|-singleturn|p1a: DEMON TIME|Protect\n|move|p2a: Hatterene|Psyshock|p1a: DEMON TIME\n|-activate|p1a: DEMON TIME|move: Protect\n|\n|-heal|p1a: DEMON TIME|54\/100|[from] item: Leftovers\n|-heal|p2a: Hatterene|77\/100|[from] item: Leftovers\n|-damage|p2a: Hatterene|65\/100|[from] move: Whirlpool|[partiallytrapped]\n|upkeep\n|turn|32\n|\n|t:|1667445210\n|move|p1a: DEMON TIME|Perish Song|p1a: DEMON TIME\n|-start|p1a: DEMON TIME|perish3|[silent]\n|-start|p2a: Hatterene|perish3|[silent]\n|-fieldactivate|move: Perish Song\n|move|p2a: Hatterene|Psyshock|p1a: DEMON TIME\n|-damage|p1a: DEMON TIME|6\/100\n|\n|-heal|p1a: DEMON TIME|12\/100|[from] item: Leftovers\n|-heal|p2a: Hatterene|71\/100|[from] item: Leftovers\n|-damage|p2a: Hatterene|58\/100|[from] move: Whirlpool|[partiallytrapped]\n|-start|p1a: DEMON TIME|perish3\n|-start|p2a: Hatterene|perish3\n|upkeep\n|turn|33\n|\n|t:|1667445226\n|move|p1a: DEMON TIME|Protect|p1a: DEMON TIME\n|-singleturn|p1a: DEMON TIME|Protect\n|move|p2a: Hatterene|Psyshock|p1a: DEMON TIME\n|-activate|p1a: DEMON TIME|move: Protect\n|\n|-heal|p1a: DEMON TIME|18\/100|[from] item: Leftovers\n|-heal|p2a: Hatterene|64\/100|[from] item: Leftovers\n|-damage|p2a: Hatterene|52\/100|[from] move: Whirlpool|[partiallytrapped]\n|-start|p1a: DEMON TIME|perish2\n|-start|p2a: Hatterene|perish2\n|upkeep\n|turn|34\n|inactive|cryingg has 150 seconds left.\n|\n|t:|1667445247\n|move|p1a: DEMON TIME|Moonblast|p2a: Hatterene\n|-damage|p2a: Hatterene|23\/100\n|-unboost|p2a: Hatterene|spa|1\n|move|p2a: Hatterene|Giga Drain|p1a: DEMON TIME\n|-supereffective|p1a: DEMON TIME\n|-damage|p1a: DEMON TIME|0 fnt\n|-heal|p2a: Hatterene|32\/100|[from] drain|[of] p1a: DEMON TIME\n|faint|p1a: DEMON TIME\n|\n|-heal|p2a: Hatterene|38\/100|[from] item: Leftovers\n|-end|p2a: Hatterene|Whirlpool|[partiallytrapped]\n|-start|p2a: Hatterene|perish1\n|upkeep\n|\n|t:|1667445255\n|switch|p1a: MANY MEN|Zygarde-10%|94\/100\n|-damage|p1a: MANY MEN|88\/100|[from] Stealth Rock\n|-ability|p1a: MANY MEN|Aura Break\n|turn|35\n|inactive|cryingg has 150 seconds left.\n|\n|t:|1667445290\n|switch|p2a: Celesteela|Celesteela|33\/100 par\n|-damage|p2a: Celesteela|20\/100 par|[from] Stealth Rock\n|move|p1a: MANY MEN|Thousand Arrows|p2a: Celesteela\n|-damage|p2a: Celesteela|0 fnt\n|faint|p2a: Celesteela\n|\n|upkeep\n|inactive|cryingg has 120 seconds left.\n|\n|t:|1667445306\n|switch|p2a: Chansey|Chansey, F|79\/100\n|-damage|p2a: Chansey|66\/100|[from] Stealth Rock\n|turn|36\n|\n|t:|1667445310\n|switch|p1a: PSA|Chansey, F|67\/100\n|-damage|p1a: PSA|55\/100|[from] Stealth Rock\n|move|p2a: Chansey|Soft-Boiled|p2a: Chansey\n|-heal|p2a: Chansey|100\/100\n|\n|upkeep\n|turn|37\n|\n|t:|1667445314\n|switch|p2a: Zygarde|Zygarde-10%|100\/100\n|-damage|p2a: Zygarde|94\/100|[from] Stealth Rock\n|-ability|p2a: Zygarde|Aura Break\n|move|p1a: PSA|Soft-Boiled|p1a: PSA\n|-heal|p1a: PSA|100\/100\n|\n|upkeep\n|turn|38\n|\n|t:|1667445322\n|move|p2a: Zygarde|Thousand Waves|p1a: PSA\n|-damage|p1a: PSA|81\/100\n|-activate|p1a: PSA|trapped\n|move|p1a: PSA|Soft-Boiled|p1a: PSA\n|-heal|p1a: PSA|100\/100\n|\n|upkeep\n|turn|39\n|\n|t:|1667445326\n|move|p2a: Zygarde|Coil|p2a: Zygarde\n|-boost|p2a: Zygarde|atk|1\n|-boost|p2a: Zygarde|def|1\n|-boost|p2a: Zygarde|accuracy|1\n|move|p1a: PSA|Seismic Toss|p2a: Zygarde\n|-damage|p2a: Zygarde|62\/100\n|\n|upkeep\n|turn|40\n|inactive|cryingg has 150 seconds left.\n|inactive|cryingg has 120 seconds left.\n|\n|t:|1667445379\n|move|p2a: Zygarde|Coil|p2a: Zygarde\n|-boost|p2a: Zygarde|atk|1\n|-boost|p2a: Zygarde|def|1\n|-boost|p2a: Zygarde|accuracy|1\n|move|p1a: PSA|Seismic Toss|p2a: Zygarde\n|-damage|p2a: Zygarde|30\/100\n|\n|upkeep\n|turn|41\n|inactive|cryingg has 120 seconds left.\n|\n|t:|1667445385\n|move|p2a: Zygarde|Rest|p2a: Zygarde\n|-status|p2a: Zygarde|slp|[from] move: Rest\n|-heal|p2a: Zygarde|100\/100 slp|[silent]\n|move|p1a: PSA|Seismic Toss|p2a: Zygarde\n|-damage|p2a: Zygarde|68\/100 slp\n|\n|upkeep\n|turn|42\n|\n|t:|1667445388\n|cant|p2a: Zygarde|slp\n|move|p1a: PSA|Seismic Toss|p2a: Zygarde\n|-damage|p2a: Zygarde|36\/100 slp\n|\n|upkeep\n|turn|43\n|\n|t:|1667445393\n|cant|p2a: Zygarde|slp\n|move|p1a: PSA|Seismic Toss|p2a: Zygarde\n|-damage|p2a: Zygarde|4\/100 slp\n|\n|upkeep\n|turn|44\n|\n|t:|1667445397\n|-curestatus|p2a: Zygarde|slp|[msg]\n|move|p2a: Zygarde|Rest|p2a: Zygarde\n|-status|p2a: Zygarde|slp|[from] move: Rest\n|-heal|p2a: Zygarde|100\/100 slp|[silent]\n|move|p1a: PSA|Seismic Toss|p2a: Zygarde\n|-damage|p2a: Zygarde|68\/100 slp\n|\n|upkeep\n|turn|45\n|\n|t:|1667445401\n|cant|p2a: Zygarde|slp\n|move|p1a: PSA|Seismic Toss|p2a: Zygarde\n|-damage|p2a: Zygarde|36\/100 slp\n|\n|upkeep\n|turn|46\n|\n|t:|1667445408\n|cant|p2a: Zygarde|slp\n|move|p1a: PSA|Seismic Toss|p2a: Zygarde\n|-damage|p2a: Zygarde|4\/100 slp\n|\n|upkeep\n|turn|47\n|\n|t:|1667445414\n|-curestatus|p2a: Zygarde|slp|[msg]\n|move|p2a: Zygarde|Rest|p2a: Zygarde\n|-status|p2a: Zygarde|slp|[from] move: Rest\n|-heal|p2a: Zygarde|100\/100 slp|[silent]\n|move|p1a: PSA|Seismic Toss|p2a: Zygarde\n|-damage|p2a: Zygarde|68\/100 slp\n|\n|upkeep\n|turn|48\n|\n|t:|1667445417\n|cant|p2a: Zygarde|slp\n|move|p1a: PSA|Seismic Toss|p2a: Zygarde\n|-damage|p2a: Zygarde|36\/100 slp\n|\n|upkeep\n|turn|49\n|\n|t:|1667445425\n|cant|p2a: Zygarde|slp\n|move|p1a: PSA|Seismic Toss|p2a: Zygarde\n|-damage|p2a: Zygarde|4\/100 slp\n|\n|upkeep\n|turn|50\n|\n|t:|1667445430\n|-curestatus|p2a: Zygarde|slp|[msg]\n|move|p2a: Zygarde|Rest|p2a: Zygarde\n|-status|p2a: Zygarde|slp|[from] move: Rest\n|-heal|p2a: Zygarde|100\/100 slp|[silent]\n|move|p1a: PSA|Seismic Toss|p2a: Zygarde\n|-damage|p2a: Zygarde|68\/100 slp\n|\n|upkeep\n|turn|51\n|\n|t:|1667445438\n|cant|p2a: Zygarde|slp\n|move|p1a: PSA|Seismic Toss|p2a: Zygarde\n|-damage|p2a: Zygarde|36\/100 slp\n|\n|upkeep\n|turn|52\n|\n|t:|1667445440\n|cant|p2a: Zygarde|slp\n|move|p1a: PSA|Seismic Toss|p2a: Zygarde\n|-damage|p2a: Zygarde|4\/100 slp\n|\n|upkeep\n|turn|53\n|\n|t:|1667445452\n|-curestatus|p2a: Zygarde|slp|[msg]\n|move|p2a: Zygarde|Rest|p2a: Zygarde\n|-status|p2a: Zygarde|slp|[from] move: Rest\n|-heal|p2a: Zygarde|100\/100 slp|[silent]\n|move|p1a: PSA|Stealth Rock||[still]\n|-fail|p1a: PSA\n|\n|upkeep\n|turn|54\n|\n|t:|1667445458\n|cant|p2a: Zygarde|slp\n|move|p1a: PSA|Stealth Rock||[still]\n|-fail|p1a: PSA\n|\n|upkeep\n|turn|55\n|\n|t:|1667445460\n|cant|p2a: Zygarde|slp\n|move|p1a: PSA|Stealth Rock||[still]\n|-fail|p1a: PSA\n|\n|upkeep\n|turn|56\n|\n|t:|1667445463\n|-curestatus|p2a: Zygarde|slp|[msg]\n|move|p2a: Zygarde|Coil|p2a: Zygarde\n|-boost|p2a: Zygarde|atk|1\n|-boost|p2a: Zygarde|def|1\n|-boost|p2a: Zygarde|accuracy|1\n|move|p1a: PSA|Stealth Rock||[still]\n|-fail|p1a: PSA\n|\n|upkeep\n|turn|57\n|\n|t:|1667445466\n|move|p2a: Zygarde|Coil|p2a: Zygarde\n|-boost|p2a: Zygarde|atk|1\n|-boost|p2a: Zygarde|def|1\n|-boost|p2a: Zygarde|accuracy|1\n|move|p1a: PSA|Stealth Rock||[still]\n|-fail|p1a: PSA\n|\n|upkeep\n|turn|58\n|\n|t:|1667445469\n|move|p2a: Zygarde|Coil|p2a: Zygarde\n|-boost|p2a: Zygarde|atk|1\n|-boost|p2a: Zygarde|def|1\n|-boost|p2a: Zygarde|accuracy|1\n|move|p1a: PSA|Seismic Toss|p2a: Zygarde\n|-damage|p2a: Zygarde|68\/100\n|\n|upkeep\n|turn|59\n|\n|t:|1667445471\n|move|p2a: Zygarde|Coil|p2a: Zygarde\n|-boost|p2a: Zygarde|atk|1\n|-boost|p2a: Zygarde|def|1\n|-boost|p2a: Zygarde|accuracy|1\n|move|p1a: PSA|Stealth Rock||[still]\n|-fail|p1a: PSA\n|\n|upkeep\n|turn|60\n|\n|t:|1667445475\n|move|p2a: Zygarde|Thousand Waves|p1a: PSA\n|-damage|p1a: PSA|17\/100\n|move|p1a: PSA|Stealth Rock||[still]\n|-fail|p1a: PSA\n|\n|upkeep\n|turn|61\n|inactive|cryingg has 270 seconds left.\n|\n|t:|1667445509\n|move|p2a: Zygarde|Thousand Waves|p1a: PSA\n|-damage|p1a: PSA|0 fnt\n|faint|p1a: PSA\n|\n|upkeep\n|\n|t:|1667445512\n|switch|p1a: MANY MEN|Zygarde-10%|88\/100\n|-damage|p1a: MANY MEN|82\/100|[from] Stealth Rock\n|-ability|p1a: MANY MEN|Aura Break\n|turn|62\n|inactive|cryingg has 270 seconds left.\n|\n|t:|1667445518\n|move|p1a: MANY MEN|Outrage|p2a: Zygarde\n|-supereffective|p2a: Zygarde\n|-damage|p2a: Zygarde|28\/100\n|move|p2a: Zygarde|Thousand Waves|p1a: MANY MEN\n|-damage|p1a: MANY MEN|0 fnt\n|faint|p1a: MANY MEN\n|\n|upkeep\n|\n|t:|1667445528\n|switch|p1a: FREE DRILLY|Togekiss, F|57\/100\n|turn|63\n|\n|t:|1667445536\n|switch|p2a: Thundurus|Thundurus-Therian, M|100\/100\n|-damage|p2a: Thundurus|76\/100|[from] Stealth Rock\n|move|p1a: FREE DRILLY|Air Slash|p2a: Thundurus\n|-resisted|p2a: Thundurus\n|-damage|p2a: Thundurus|58\/100\n|\n|upkeep\n|turn|64\n|inactive|cryingg has 270 seconds left.\n|\n|t:|1667445561\n|switch|p1a: 50 FOR 50|Scizor, F|71\/100\n|move|p2a: Thundurus|Nasty Plot|p2a: Thundurus\n|-boost|p2a: Thundurus|spa|2\n|\n|upkeep\n|turn|65\n|\n|t:|1667445573\n|move|p1a: 50 FOR 50|Bullet Punch|p2a: Thundurus\n|-resisted|p2a: Thundurus\n|-damage|p2a: Thundurus|40\/100\n|move|p2a: Thundurus|Thunderbolt|p1a: 50 FOR 50\n|-damage|p1a: 50 FOR 50|0 fnt\n|faint|p1a: 50 FOR 50\n|\n|upkeep\n|\n|t:|1667445576\n|switch|p1a: SHOW ME LOVE|Amoonguss, M|60\/100\n|turn|66\n|\n|t:|1667445580\n|move|p2a: Thundurus|Psychic|p1a: SHOW ME LOVE\n|-supereffective|p1a: SHOW ME LOVE\n|-damage|p1a: SHOW ME LOVE|0 fnt\n|faint|p1a: SHOW ME LOVE\n|\n|upkeep\n|c|\u2606pdt|gg\n|-message|pdt forfeited.\n|\n|win|cryingg\n|c|\u2606cryingg|gg\n","uploadtime":1667445585,"views":489,"p1id":"pdt","p2id":"cryingg","formatid":"gen8uu","rating":0,"private":0,"password":null}