{"id":"smogtours-ou-271097","p1":"SOULWIND\u2744$$\u00b7%%","p2":"Gotham Paladin","format":"ou","log":"|inactive|Battle timer is ON: inactive players will automatically lose when time's up.\n|J|SOULWIND\u2744$$\u00b7%%\n|J|Gotham Paladin\n|player|p1|SOULWIND\u2744$$\u00b7%%|167\n|player|p2|Gotham Paladin|283\n|gametype|singles\n|gen|6\n|tier|OU\n|seed|49911,43588,41362,15755\n|clearpoke\n|poke|p1|Medicham, M|item\n|poke|p1|Tornadus-Therian, M|item\n|poke|p1|Jirachi|item\n|poke|p1|Keldeo-Resolute|item\n|poke|p1|Rotom-Wash|item\n|poke|p1|Landorus-Therian, M|item\n|poke|p2|Heracross, M|item\n|poke|p2|Ferrothorn, M|item\n|poke|p2|Latias, F|item\n|poke|p2|Zapdos|item\n|poke|p2|Landorus-Therian, M|item\n|poke|p2|Tyranitar, M|item\n|rule|Swagger Clause: Swagger is banned\n|rule|Baton Pass Clause: Limit one Baton Passer, can't pass Spe and other stats simultaneously\n|rule|Sleep Clause Mod: Limit one foe put to sleep\n|rule|Species Clause: Limit one of each Pok\u00e9mon\n|rule|OHKO Clause: OHKO moves are banned\n|rule|Moody Clause: Moody is banned\n|rule|Evasion Moves Clause: Evasion moves are banned\n|rule|Endless Battle Clause: Forcing endless battles is banned\n|rule|HP Percentage Mod: HP is shown in percentages\n|teampreview\n|J|NJNP\u278f\u795e\n|J|Obliviate\n|c|\u2606Gotham Paladin|hf\n|J|Mounts\n|J|poksaok\n|L|Mounts\n|J|Roro\n|J|Cdumas \u2665\u2660\n|J|mael \u2665\n|choice|team 6, team 2, team 3, team 4, team 5, team 1|team 4, team 2, team 3, team 1, team 5, team 6\n|\n|start\n|switch|p1a: Landorus|Landorus-Therian, M|319\/319\n|switch|p2a: Vergil|Zapdos|383\/383\n|-ability|p1a: Landorus|Intimidate|boost\n|-unboost|p2a: Vergil|atk|1\n|turn|1\n|choice|switch 5|move roost\n|\n|switch|p1a: Rotom|Rotom-Wash|303\/303\n|move|p2a: Vergil|Roost|p2a: Vergil\n|-fail|p2a: Vergil\n|\n|upkeep\n|turn|2\n|L|Cdumas \u2665\u2660\n|J|Javoon \u263d\u265e\n|choice|move willowisp|move heatwave\n|\n|move|p2a: Vergil|Heat Wave|p1a: Rotom\n|-resisted|p1a: Rotom\n|-damage|p1a: Rotom|258\/303\n|move|p1a: Rotom|Will-O-Wisp|p2a: Vergil\n|-status|p2a: Vergil|brn\n|\n|-heal|p1a: Rotom|276\/303|[from] item: Leftovers\n|-damage|p2a: Vergil|336\/383 brn|[from] brn\n|upkeep\n|turn|3\n|J|true faith\n|choice|move willowisp|move voltswitch\n|\n|move|p2a: Vergil|Volt Switch|p1a: Rotom\n|-damage|p1a: Rotom|191\/303\n|choice||switch 3\n|\n|switch|p2a: Clark Kent|Latias, F|301\/301\n|move|p1a: Rotom|Will-O-Wisp|p2a: Clark Kent\n|-status|p2a: Clark Kent|brn\n|\n|-heal|p1a: Rotom|209\/303|[from] item: Leftovers\n|-damage|p2a: Clark Kent|264\/301 brn|[from] brn\n|upkeep\n|turn|4\n|choice|switch 2|switch 5\n|\n|switch|p2a: Ras Al Ghul|Landorus-Therian, M|320\/320\n|-ability|p2a: Ras Al Ghul|Intimidate|boost\n|-unboost|p1a: Rotom|atk|1\n|switch|p1a: Tornadus|Tornadus-Therian, M|361\/361\n|\n|upkeep\n|turn|5\n|choice|move uturn|move stealthrock\n|\n|move|p1a: Tornadus|U-turn|p2a: Ras Al Ghul\n|-resisted|p2a: Ras Al Ghul\n|-damage|p2a: Ras Al Ghul|294\/320\n|choice|switch 4|\n|\n|switch|p1a: Keldeo|Keldeo-Resolute|323\/323\n|move|p2a: Ras Al Ghul|Stealth Rock|p1a: Keldeo\n|-sidestart|p1: SOULWIND\u2744$$\u00b7%%|move: Stealth Rock\n|\n|-heal|p2a: Ras Al Ghul|314\/320|[from] item: Leftovers\n|upkeep\n|turn|6\n|choice|switch 3|switch 5\n|\n|switch|p1a: Jirachi|Jirachi|401\/401\n|-damage|p1a: Jirachi|376\/401|[from] Stealth Rock\n|switch|p2a: Clark Kent|Latias, F|264\/301 brn\n|\n|-heal|p1a: Jirachi|401\/401|[from] item: Leftovers\n|-damage|p2a: Clark Kent|227\/301 brn|[from] brn\n|upkeep\n|turn|7\n|choice|move stealthrock|switch 2\n|\n|switch|p2a: Pamela Isley|Ferrothorn, M|352\/352\n|move|p1a: Jirachi|Stealth Rock|p2a: Pamela Isley\n|-sidestart|p2: Gotham Paladin|move: Stealth Rock\n|\n|upkeep\n|turn|8\n|choice|move uturn|move thunderwave\n|\n|move|p1a: Jirachi|U-turn|p2a: Pamela Isley\n|-damage|p2a: Pamela Isley|315\/352\n|-damage|p1a: Jirachi|351\/401|[from] ability: Iron Barbs|[of] p2a: Pamela Isley\n|choice|switch 6|\n|\n|switch|p1a: Medicham|Medicham, M|261\/261\n|-damage|p1a: Medicham|245\/261|[from] Stealth Rock\n|move|p2a: Pamela Isley|Thunder Wave|p1a: Medicham\n|-status|p1a: Medicham|par\n|\n|-heal|p2a: Pamela Isley|337\/352|[from] item: Leftovers\n|upkeep\n|turn|9\n|choice|move highjumpkick mega|switch 2\n|\n|switch|p2a: Clark Kent|Latias, F|227\/301 brn\n|-damage|p2a: Clark Kent|190\/301 brn|[from] Stealth Rock\n|detailschange|p1a: Medicham|Medicham-Mega, M\n|-mega|p1a: Medicham|Medicham|Medichamite\n|move|p1a: Medicham|High Jump Kick|p2a: Clark Kent\n|-resisted|p2a: Clark Kent\n|-damage|p2a: Clark Kent|0 fnt\n|faint|p2a: Clark Kent\n|\n|upkeep\n|choice||switch 4\n|\n|switch|p2a: Jaime Reyes|Heracross, M|337\/337\n|-damage|p2a: Jaime Reyes|295\/337|[from] Stealth Rock\n|turn|10\n|choice|switch 5|move substitute mega\n|\n|switch|p1a: Landorus|Landorus-Therian, M|319\/319\n|-damage|p1a: Landorus|280\/319|[from] Stealth Rock\n|-ability|p1a: Landorus|Intimidate|boost\n|-unboost|p2a: Jaime Reyes|atk|1\n|detailschange|p2a: Jaime Reyes|Heracross-Mega, M\n|-mega|p2a: Jaime Reyes|Heracross|Heracronite\n|move|p2a: Jaime Reyes|Substitute|p2a: Jaime Reyes\n|-start|p2a: Jaime Reyes|Substitute\n|-damage|p2a: Jaime Reyes|211\/337\n|\n|upkeep\n|turn|11\n|L|poksaok\n|choice|move earthquake|move rockblast\n|\n|move|p1a: Landorus|Earthquake|p2a: Jaime Reyes\n|-resisted|p2a: Jaime Reyes\n|-activate|p2a: Jaime Reyes|move: Substitute|[damage]\n|move|p2a: Jaime Reyes|Rock Blast|p1a: Landorus\n|-damage|p1a: Landorus|252\/319\n|-damage|p1a: Landorus|222\/319\n|-damage|p1a: Landorus|193\/319\n|-damage|p1a: Landorus|164\/319\n|-damage|p1a: Landorus|134\/319\n|-hitcount|p1a: Landorus|5\n|\n|upkeep\n|turn|12\n|choice|switch 6|move substitute\n|\n|switch|p1a: Jirachi|Jirachi|351\/401\n|-damage|p1a: Jirachi|326\/401|[from] Stealth Rock\n|move|p2a: Jaime Reyes|Substitute|p2a: Jaime Reyes\n|-fail|p2a: Jaime Reyes|move: Substitute\n|\n|-heal|p1a: Jirachi|351\/401|[from] item: Leftovers\n|upkeep\n|turn|13\n|choice|move uturn|move pinmissile\n|\n|move|p1a: Jirachi|U-turn|p2a: Jaime Reyes\n|-resisted|p2a: Jaime Reyes\n|-end|p2a: Jaime Reyes|Substitute\n|J|Pixelxy\n|choice|switch 6|\n|\n|switch|p1a: Landorus|Landorus-Therian, M|134\/319\n|-damage|p1a: Landorus|95\/319|[from] Stealth Rock\n|-ability|p1a: Landorus|Intimidate|boost\n|-unboost|p2a: Jaime Reyes|atk|1\n|move|p2a: Jaime Reyes|Pin Missile|p1a: Landorus\n|-resisted|p1a: Landorus\n|-damage|p1a: Landorus|77\/319\n|-resisted|p1a: Landorus\n|-damage|p1a: Landorus|59\/319\n|-resisted|p1a: Landorus\n|-damage|p1a: Landorus|41\/319\n|-resisted|p1a: Landorus\n|-damage|p1a: Landorus|22\/319\n|-resisted|p1a: Landorus\n|-damage|p1a: Landorus|5\/319\n|-hitcount|p1a: Landorus|5\n|\n|upkeep\n|turn|14\n|choice|move stoneedge|move closecombat\n|\n|move|p1a: Landorus|Stone Edge|p2a: Jaime Reyes\n|-damage|p2a: Jaime Reyes|94\/337\n|move|p2a: Jaime Reyes|Close Combat|p1a: Landorus\n|-resisted|p1a: Landorus\n|-damage|p1a: Landorus|0 fnt\n|-unboost|p2a: Jaime Reyes|def|1\n|-unboost|p2a: Jaime Reyes|spd|1\n|faint|p1a: Landorus\n|\n|upkeep\n|choice|switch 3|\n|\n|switch|p1a: Keldeo|Keldeo-Resolute|323\/323\n|-damage|p1a: Keldeo|303\/323|[from] Stealth Rock\n|turn|15\n|choice|move secretsword|switch 5\n|\n|switch|p2a: Ras Al Ghul|Landorus-Therian, M|314\/320\n|-damage|p2a: Ras Al Ghul|274\/320|[from] Stealth Rock\n|-ability|p2a: Ras Al Ghul|Intimidate|boost\n|-unboost|p1a: Keldeo|atk|1\n|move|p1a: Keldeo|Secret Sword|p2a: Ras Al Ghul\n|-resisted|p2a: Ras Al Ghul\n|-damage|p2a: Ras Al Ghul|152\/320\n|\n|-heal|p2a: Ras Al Ghul|172\/320|[from] item: Leftovers\n|upkeep\n|turn|16\n|choice|move secretsword|move swordsdance\n|\n|move|p1a: Keldeo|Secret Sword|p2a: Ras Al Ghul\n|-resisted|p2a: Ras Al Ghul\n|-damage|p2a: Ras Al Ghul|52\/320\n|move|p2a: Ras Al Ghul|Swords Dance|p2a: Ras Al Ghul\n|-boost|p2a: Ras Al Ghul|atk|2\n|\n|-heal|p2a: Ras Al Ghul|72\/320|[from] item: Leftovers\n|upkeep\n|turn|17\n|choice|move secretsword|switch 3\n|\n|switch|p2a: Vergil|Zapdos|336\/383 brn\n|-damage|p2a: Vergil|241\/383 brn|[from] Stealth Rock\n|move|p1a: Keldeo|Secret Sword|p2a: Vergil\n|-resisted|p2a: Vergil\n|-crit|p2a: Vergil\n|-damage|p2a: Vergil|96\/383 brn\n|\n|-heal|p2a: Vergil|119\/383 brn|[from] item: Leftovers\n|-damage|p2a: Vergil|72\/383 brn|[from] brn\n|upkeep\n|turn|18\n|L|true faith\n|choice|move secretsword|move voltswitch\n|\n|move|p1a: Keldeo|Secret Sword|p2a: Vergil\n|-resisted|p2a: Vergil\n|-damage|p2a: Vergil|0 fnt\n|faint|p2a: Vergil\n|\n|upkeep\n|choice||switch 2\n|\n|switch|p2a: Pamela Isley|Ferrothorn, M|337\/352\n|-damage|p2a: Pamela Isley|315\/352|[from] Stealth Rock\n|turn|19\n|choice|move secretsword|move thunderwave\n|\n|move|p1a: Keldeo|Secret Sword|p2a: Pamela Isley\n|-supereffective|p2a: Pamela Isley\n|-damage|p2a: Pamela Isley|0 fnt\n|faint|p2a: Pamela Isley\n|\n|upkeep\n|choice||switch 6\n|\n|switch|p2a: Victor Stone|Tyranitar, M|341\/341\n|-damage|p2a: Victor Stone|299\/341|[from] Stealth Rock\n|-weather|Sandstorm|[from] ability: Sand Stream|[of] p2a: Victor Stone\n|turn|20\n|choice|move secretsword|move superpower\n|\n|move|p2a: Victor Stone|Superpower|p1a: Keldeo\n|-damage|p1a: Keldeo|144\/323\n|-unboost|p2a: Victor Stone|atk|1\n|-unboost|p2a: Victor Stone|def|1\n|move|p1a: Keldeo|Secret Sword|p2a: Victor Stone\n|-supereffective|p2a: Victor Stone\n|-crit|p2a: Victor Stone\n|-damage|p2a: Victor Stone|0 fnt\n|faint|p2a: Victor Stone\n|\n|-weather|Sandstorm|[upkeep]\n|-damage|p1a: Keldeo|124\/323|[from] sandstorm\n|upkeep\n|choice||switch 3\n|\n|switch|p2a: Ras Al Ghul|Landorus-Therian, M|72\/320\n|-damage|p2a: Ras Al Ghul|32\/320|[from] Stealth Rock\n|-ability|p2a: Ras Al Ghul|Intimidate|boost\n|-unboost|p1a: Keldeo|atk|1\n|turn|21\n|L|Obliviate.\n|choice|move secretsword|move earthquake\n|\n|move|p1a: Keldeo|Secret Sword|p2a: Ras Al Ghul\n|-resisted|p2a: Ras Al Ghul\n|-damage|p2a: Ras Al Ghul|0 fnt\n|faint|p2a: Ras Al Ghul\n|\n|-weather|Sandstorm|[upkeep]\n|-damage|p1a: Keldeo|104\/323|[from] sandstorm\n|upkeep\n|choice||switch 5\n|\n|switch|p2a: Jaime Reyes|Heracross-Mega, M|94\/337\n|-damage|p2a: Jaime Reyes|52\/337|[from] Stealth Rock\n|turn|22\n|choice|move secretsword|move closecombat\n|\n|move|p1a: Keldeo|Secret Sword|p2a: Jaime Reyes\n|-resisted|p2a: Jaime Reyes\n|-damage|p2a: Jaime Reyes|0 fnt\n|faint|p2a: Jaime Reyes\n|\n|win|SOULWIND\u2744$$\u00b7%%","inputlog":null,"uploadtime":1492209142,"views":21,"p1id":"soulwind","p2id":"gothampaladin","formatid":"ou","rating":0,"private":0,"password":null}