{"id":"smogtours-gen6ou-560264","p1":"Bushtush","p2":"ranitidine","format":"gen6ou","log":"|inactive|Battle timer is ON: inactive players will automatically lose when time's up.\n|t:|1620583792\n|gametype|singles\n|player|p1|Bushtush|2|\n|player|p2|ranitidine|266|\n|teamsize|p1|6\n|teamsize|p2|6\n|gen|6\n|tier|[Gen 6] OU\n|rule|Sleep Clause Mod: Limit one foe put to sleep\n|rule|Species Clause: Limit one of each Pok\u00e9mon\n|rule|OHKO Clause: OHKO moves are banned\n|rule|Moody Clause: Moody is banned\n|rule|Evasion Moves Clause: Evasion moves are banned\n|rule|Endless Battle Clause: Forcing endless battles is banned\n|rule|HP Percentage Mod: HP is shown in percentages\n|rule|Swagger Clause: Swagger is banned\n|clearpoke\n|poke|p1|Landorus-Therian, M|item\n|poke|p1|Serperior, M|item\n|poke|p1|Bisharp, M|item\n|poke|p1|Manaphy|item\n|poke|p1|Thundurus-Therian, M|item\n|poke|p1|Scizor, M|item\n|poke|p2|Tyranitar, F|item\n|poke|p2|Serperior, M|item\n|poke|p2|Thundurus-Therian, M|item\n|poke|p2|Landorus-Therian, M|item\n|poke|p2|Manaphy|item\n|poke|p2|Volcarona, F|item\n|teampreview\n|c|\u2606ranitidine|hf\n|c|+IPF|stop using my alt for tours wtf\n|c|+Mannat|fun and sapphire ou \n|inactive|Bushtush has 270 seconds left.\n|c|\u2606ranitidine|o\n|\n|t:|1620583834\n|start\n|switch|p1a: Landorus|Landorus-Therian, M|100\/100\n|switch|p2a: Landorus|Landorus-Therian, M|100\/100\n|-ability|p1a: Landorus|Intimidate|boost\n|-unboost|p2a: Landorus|atk|1\n|-ability|p2a: Landorus|Intimidate|boost\n|-unboost|p1a: Landorus|atk|1\n|turn|1\n|c|\u2606ranitidine|its my alt now\n|c|\u2606ranitidine|sorry\n|c|\u2606ranitidine|i changed password\n|c|+IPF|,\n|\n|t:|1620583843\n|move|p1a: Landorus|Stealth Rock|p2a: Landorus\n|-sidestart|p2: ranitidine|move: Stealth Rock\n|move|p2a: Landorus|Imprison|p2a: Landorus\n|-start|p2a: Landorus|move: Imprison\n|\n|upkeep\n|turn|2\n|c|+IPF|deserved af\n|c|\u2606ranitidine|fuck u\n|\n|t:|1620583872\n|move|p1a: Landorus|Swords Dance|p1a: Landorus\n|-boost|p1a: Landorus|atk|2\n|move|p2a: Landorus|Stealth Rock|p1a: Landorus\n|-sidestart|p1: Bushtush|move: Stealth Rock\n|\n|upkeep\n|turn|3\n|\n|t:|1620583886\n|move|p2a: Landorus|Explosion|p1a: Landorus\n|-damage|p1a: Landorus|33\/100\n|faint|p2a: Landorus\n|move|p1a: Landorus|Swords Dance|p1a: Landorus\n|-boost|p1a: Landorus|atk|2\n|\n|upkeep\n|c|+Mannat|oml\n|c|+Mannat|the tush is gonna go crazy in the club \n|c|\u2606Bushtush|.\n|\n|t:|1620583905\n|switch|p2a: Serperior|Serperior, M|100\/100\n|-damage|p2a: Serperior|88\/100|[from] Stealth Rock\n|turn|4\n|\n|t:|1620583910\n|move|p2a: Serperior|Leaf Storm|p1a: Landorus\n|-damage|p1a: Landorus|0 fnt\n|-boost|p2a: Serperior|spa|2\n|faint|p1a: Landorus\n|\n|upkeep\n|inactive|Bushtush has 270 seconds left.\n|\n|t:|1620583941\n|switch|p1a: Serperior|Serperior, M|100\/100\n|-damage|p1a: Serperior|88\/100|[from] Stealth Rock\n|turn|5\n|\n|t:|1620583945\n|move|p2a: Serperior|Taunt|p1a: Serperior\n|-start|p1a: Serperior|move: Taunt\n|cant|p1a: Serperior|move: Taunt|Light Screen\n|\n|upkeep\n|turn|6\n|\n|t:|1620583948\n|switch|p1a: Scizor|Scizor, M|100\/100\n|-damage|p1a: Scizor|88\/100|[from] Stealth Rock\n|move|p2a: Serperior|Light Screen|p2a: Serperior\n|-sidestart|p2: ranitidine|move: Light Screen\n|\n|upkeep\n|turn|7\n|\n|t:|1620583956\n|detailschange|p1a: Scizor|Scizor-Mega, M\n|-mega|p1a: Scizor|Scizor|Scizorite\n|move|p2a: Serperior|Reflect|p2a: Serperior\n|-sidestart|p2: ranitidine|Reflect\n|move|p1a: Scizor|Bug Bite|p2a: Serperior\n|-supereffective|p2a: Serperior\n|-damage|p2a: Serperior|35\/100\n|\n|upkeep\n|turn|8\n|inactive|Bushtush has 270 seconds left.\n|\n|t:|1620583998\n|move|p2a: Serperior|Taunt|p1a: Scizor\n|-start|p1a: Scizor|move: Taunt\n|cant|p1a: Scizor|move: Taunt|Swords Dance\n|\n|upkeep\n|turn|9\n|\n|t:|1620584004\n|move|p2a: Serperior|Leaf Storm|p1a: Scizor\n|-resisted|p1a: Scizor\n|-damage|p1a: Scizor|66\/100\n|-boost|p2a: Serperior|spa|2\n|move|p1a: Scizor|Bug Bite|p2a: Serperior\n|-supereffective|p2a: Serperior\n|-damage|p2a: Serperior|0 fnt\n|faint|p2a: Serperior\n|\n|upkeep\n|inactive|ranitidine has 270 seconds left.\n|\n|t:|1620584045\n|switch|p2a: Volcarona|Volcarona, F|100\/100\n|-damage|p2a: Volcarona|51\/100|[from] Stealth Rock\n|turn|10\n|c|\u2606ranitidine|.\n|c|\u2606ranitidine|ipf i hate u\n|\n|t:|1620584056\n|switch|p1a: Manaphy|Manaphy|100\/100\n|-damage|p1a: Manaphy|88\/100|[from] Stealth Rock\n|move|p2a: Volcarona|Quiver Dance|p2a: Volcarona\n|-boost|p2a: Volcarona|spa|1\n|-boost|p2a: Volcarona|spd|1\n|-boost|p2a: Volcarona|spe|1\n|\n|-heal|p1a: Manaphy|94\/100|[from] item: Leftovers\n|upkeep\n|turn|11\n|c|+IPF|i fixed the evs '-'\n|c|\u2606Bushtush|click\n|inactive|ranitidine has 240 seconds left.\n|\n|t:|1620584092\n|move|p2a: Volcarona|Quiver Dance|p2a: Volcarona\n|-boost|p2a: Volcarona|spa|1\n|-boost|p2a: Volcarona|spd|1\n|-boost|p2a: Volcarona|spe|1\n|move|p1a: Manaphy|Surf|p2a: Volcarona\n|-supereffective|p2a: Volcarona\n|-damage|p2a: Volcarona|32\/100\n|-enditem|p2a: Volcarona|Sitrus Berry|[eat]\n|-heal|p2a: Volcarona|57\/100|[from] item: Sitrus Berry\n|\n|-heal|p1a: Manaphy|100\/100|[from] item: Leftovers\n|upkeep\n|turn|12\n|\n|t:|1620584100\n|move|p2a: Volcarona|Giga Drain|p1a: Manaphy\n|-supereffective|p1a: Manaphy\n|-damage|p1a: Manaphy|0 fnt\n|-heal|p2a: Volcarona|100\/100|[from] drain|[of] p1a: Manaphy\n|faint|p1a: Manaphy\n|\n|upkeep\n|c|\u2606Bushtush|gg\n|\n|t:|1620584109\n|switch|p1a: Bisharp|Bisharp, M|100\/100\n|-damage|p1a: Bisharp|95\/100|[from] Stealth Rock\n|turn|13\n|c|+IPF|vwp pj im proud of you hope you lose next rounf\n|c|\u2606ranitidine|gg\n|\n|t:|1620584115\n|move|p2a: Volcarona|Flamethrower|p1a: Bisharp\n|-supereffective|p1a: Bisharp\n|-damage|p1a: Bisharp|0 fnt\n|faint|p1a: Bisharp\n|\n|-sideend|p2: ranitidine|move: Light Screen\n|upkeep\n|-message|Bushtush forfeited.\n|\n|win|ranitidine\n","uploadtime":1620583982,"views":51,"p1id":"bushtush","p2id":"ranitidine","formatid":"gen6ou","rating":0,"private":0,"password":null}