{"id":"smogtours-ou-280512","p1":"Gotham Paladin","p2":"Meru","format":"ou","log":"|inactive|Battle timer is ON: inactive players will automatically lose when time's up.\n|J|Gotham Paladin\n|J|Meru\n|player|p1|Gotham Paladin|283\n|player|p2|Meru|174\n|gametype|singles\n|gen|6\n|tier|OU\n|seed|36452,39421,37192,18843\n|clearpoke\n|poke|p1|Noivern, M|item\n|poke|p1|Klefki, M|item\n|poke|p1|Rotom-Wash|item\n|poke|p1|Garchomp, F|item\n|poke|p1|Azumarill, F|item\n|poke|p1|Lopunny, M|item\n|poke|p2|Hippowdon, F, shiny|item\n|poke|p2|Ferrothorn, F|item\n|poke|p2|Talonflame, F|item\n|poke|p2|Diancie|item\n|poke|p2|Cofagrigus, M|item\n|poke|p2|Starmie|item\n|rule|Swagger Clause: Swagger is banned\n|rule|Baton Pass Clause: Limit one Baton Passer, can't pass Spe and other stats simultaneously\n|rule|Sleep Clause Mod: Limit one foe put to sleep\n|rule|Species Clause: Limit one of each Pok\u00e9mon\n|rule|OHKO Clause: OHKO moves are banned\n|rule|Moody Clause: Moody is banned\n|rule|Evasion Moves Clause: Evasion moves are banned\n|rule|Endless Battle Clause: Forcing endless battles is banned\n|rule|HP Percentage Mod: HP is shown in percentages\n|teampreview\n|c|\u2606Gotham Paladin|hf\n|c|\u2606Meru|i will TRY\n|choice|team 3, team 2, team 1, team 4, team 5, team 6|team 4, team 2, team 3, team 1, team 5, team 6\n|\n|start\n|switch|p1a: Arthur Curry|Rotom-Wash|304\/304\n|switch|p2a: Diancie|Diancie|241\/241\n|turn|1\n|J|toshimelonhead\n|choice|move hydropump|move protect mega\n|\n|detailschange|p2a: Diancie|Diancie-Mega\n|-mega|p2a: Diancie|Diancie|Diancite\n|move|p2a: Diancie|Protect|p2a: Diancie\n|-singleturn|p2a: Diancie|Protect\n|move|p1a: Arthur Curry|Hydro Pump|p2a: Diancie\n|-activate|p2a: Diancie|move: Protect\n|\n|upkeep\n|turn|2\n|J|GGuilas\n|choice|move voltswitch|switch 2\n|\n|switch|p2a: Ferrothorn|Ferrothorn, F|352\/352\n|move|p1a: Arthur Curry|Volt Switch|p2a: Ferrothorn\n|-resisted|p2a: Ferrothorn\n|-damage|p2a: Ferrothorn|322\/352\n|choice|switch 3|\n|\n|switch|p1a: Bruce Wayne|Noivern, M|312\/312\n|\n|-heal|p2a: Ferrothorn|344\/352|[from] item: Leftovers\n|upkeep\n|turn|3\n|J|Rampecker\n|choice|move flamethrower|switch 3\n|\n|switch|p2a: Talonflame|Talonflame, F|359\/359\n|move|p1a: Bruce Wayne|Flamethrower|p2a: Talonflame\n|-resisted|p2a: Talonflame\n|-damage|p2a: Talonflame|307\/359\n|-damage|p1a: Bruce Wayne|281\/312|[from] item: Life Orb\n|\n|-heal|p2a: Talonflame|329\/359|[from] item: Leftovers\n|upkeep\n|turn|4\n|choice|move hurricane|move willowisp\n|\n|move|p1a: Bruce Wayne|Hurricane|p2a: Talonflame\n|-damage|p2a: Talonflame|154\/359\n|-start|p2a: Talonflame|confusion\n|-damage|p1a: Bruce Wayne|250\/312|[from] item: Life Orb\n|-activate|p2a: Talonflame|confusion\n|move|p2a: Talonflame|Will-O-Wisp|p1a: Bruce Wayne\n|-status|p1a: Bruce Wayne|brn\n|\n|-heal|p2a: Talonflame|176\/359|[from] item: Leftovers\n|-damage|p1a: Bruce Wayne|211\/312 brn|[from] brn\n|upkeep\n|turn|5\n|c|\u2606Meru|4 real fam\n|choice|move dracometeor|switch 2\n|\n|switch|p2a: Diancie|Diancie-Mega|241\/241\n|move|p1a: Bruce Wayne|Draco Meteor|p2a: Diancie\n|-immune|p2a: Diancie|[msg]\n|\n|-damage|p1a: Bruce Wayne|172\/312 brn|[from] brn\n|upkeep\n|turn|6\n|c|\u2606Meru|i got u\n|c|\u2606Gotham Paladin|indeed lol\n|choice|switch 2|move moonblast\n|\n|switch|p1a: Toyman|Klefki, M|318\/318\n|move|p2a: Diancie|Moonblast|p1a: Toyman\n|-resisted|p1a: Toyman\n|-damage|p1a: Toyman|240\/318\n|-unboost|p1a: Toyman|spa|1\n|\n|-heal|p1a: Toyman|259\/318|[from] item: Leftovers\n|upkeep\n|turn|7\n|J|Lednah\n|L|Lednah\n|choice|switch 3|switch 6\n|\n|switch|p2a: Starmie|Starmie|324\/324\n|switch|p1a: Arthur Curry|Rotom-Wash|304\/304\n|\n|upkeep\n|turn|8\n|choice|move willowisp|switch 3\n|\n|switch|p2a: Ferrothorn|Ferrothorn, F|344\/352\n|move|p1a: Arthur Curry|Will-O-Wisp|p2a: Ferrothorn\n|-status|p2a: Ferrothorn|brn\n|\n|-heal|p2a: Ferrothorn|352\/352 brn|[from] item: Leftovers\n|-damage|p2a: Ferrothorn|308\/352 brn|[from] brn\n|upkeep\n|turn|9\n|choice|move voltswitch|move spikes\n|\n|move|p1a: Arthur Curry|Volt Switch|p2a: Ferrothorn\n|-resisted|p2a: Ferrothorn\n|-damage|p2a: Ferrothorn|274\/352 brn\n|choice|switch 4|\n|\n|switch|p1a: Waylon Jones|Garchomp, F|357\/357\n|move|p2a: Ferrothorn|Spikes|p1a: Waylon Jones\n|-sidestart|p1: Gotham Paladin|Spikes\n|\n|-heal|p2a: Ferrothorn|296\/352 brn|[from] item: Leftovers\n|-damage|p2a: Ferrothorn|252\/352 brn|[from] brn\n|upkeep\n|turn|10\n|choice|move earthquake|switch 6\n|\n|switch|p2a: Diancie|Diancie-Mega|241\/241\n|move|p1a: Waylon Jones|Earthquake|p2a: Diancie\n|-supereffective|p2a: Diancie\n|-crit|p2a: Diancie\n|-damage|p2a: Diancie|0 fnt\n|faint|p2a: Diancie\n|\n|upkeep\n|c|\u2606Meru|damn ur wild\n|choice||switch 4\n|\n|switch|p2a: Hippowdon|Hippowdon, F, shiny|420\/420\n|-weather|Sandstorm|[from] ability: Sand Stream|[of] p2a: Hippowdon\n|turn|11\n|choice|move stealthrock|move stealthrock\n|\n|move|p1a: Waylon Jones|Stealth Rock|p2a: Hippowdon\n|-sidestart|p2: Meru|move: Stealth Rock\n|move|p2a: Hippowdon|Stealth Rock|p1a: Waylon Jones\n|-sidestart|p1: Gotham Paladin|move: Stealth Rock\n|\n|-weather|Sandstorm|[upkeep]\n|upkeep\n|turn|12\n|choice|move earthquake|move yawn\n|\n|move|p1a: Waylon Jones|Earthquake|p2a: Hippowdon\n|-damage|p2a: Hippowdon|294\/420\n|move|p2a: Hippowdon|Yawn|p1a: Waylon Jones\n|-start|p1a: Waylon Jones|move: Yawn|[of] p2a: Hippowdon\n|\n|-weather|Sandstorm|[upkeep]\n|-heal|p2a: Hippowdon|320\/420|[from] item: Leftovers\n|upkeep\n|turn|13\n|choice|switch 4|move yawn\n|\n|switch|p1a: Arthur Curry|Rotom-Wash|304\/304\n|-damage|p1a: Arthur Curry|266\/304|[from] Stealth Rock\n|move|p2a: Hippowdon|Yawn|p1a: Arthur Curry\n|-start|p1a: Arthur Curry|move: Yawn|[of] p2a: Hippowdon\n|\n|-weather|Sandstorm|[upkeep]\n|-damage|p1a: Arthur Curry|247\/304|[from] sandstorm\n|-heal|p1a: Arthur Curry|266\/304|[from] item: Leftovers\n|-heal|p2a: Hippowdon|346\/420|[from] item: Leftovers\n|upkeep\n|turn|14\n|choice|switch 2|switch 6\n|\n|switch|p1a: Bruce Wayne|Noivern, M|172\/312 brn\n|-damage|p1a: Bruce Wayne|94\/312 brn|[from] Stealth Rock\n|switch|p2a: Ferrothorn|Ferrothorn, F|252\/352 brn\n|-damage|p2a: Ferrothorn|230\/352 brn|[from] Stealth Rock\n|\n|-weather|Sandstorm|[upkeep]\n|-damage|p1a: Bruce Wayne|75\/312 brn|[from] sandstorm\n|-heal|p2a: Ferrothorn|252\/352 brn|[from] item: Leftovers\n|-damage|p1a: Bruce Wayne|36\/312 brn|[from] brn\n|-damage|p2a: Ferrothorn|208\/352 brn|[from] brn\n|upkeep\n|turn|15\n|choice|move flamethrower|move spikes\n|\n|move|p1a: Bruce Wayne|Flamethrower|p2a: Ferrothorn\n|-supereffective|p2a: Ferrothorn\n|-damage|p2a: Ferrothorn|0 fnt\n|-damage|p1a: Bruce Wayne|5\/312 brn|[from] item: Life Orb\n|faint|p2a: Ferrothorn\n|\n|-weather|none\n|-damage|p1a: Bruce Wayne|0 fnt|[from] brn\n|upkeep\n|faint|p1a: Bruce Wayne\n|choice|switch 6|switch 3\n|\n|switch|p2a: Starmie|Starmie|324\/324\n|switch|p1a: Diana Prince|Lopunny, M|271\/271\n|-damage|p2a: Starmie|284\/324|[from] Stealth Rock\n|-damage|p1a: Diana Prince|238\/271|[from] Spikes\n|-damage|p1a: Diana Prince|205\/271|[from] Stealth Rock\n|turn|16\n|choice|move fakeout mega|switch 6\n|\n|switch|p2a: Hippowdon|Hippowdon, F, shiny|346\/420\n|-damage|p2a: Hippowdon|320\/420|[from] Stealth Rock\n|-weather|Sandstorm|[from] ability: Sand Stream|[of] p2a: Hippowdon\n|detailschange|p1a: Diana Prince|Lopunny-Mega, M\n|-mega|p1a: Diana Prince|Lopunny|Lopunnite\n|move|p1a: Diana Prince|Fake Out|p2a: Hippowdon\n|-damage|p2a: Hippowdon|272\/420\n|\n|-weather|Sandstorm|[upkeep]\n|-damage|p1a: Diana Prince|189\/271|[from] sandstorm\n|-heal|p2a: Hippowdon|298\/420|[from] item: Leftovers\n|upkeep\n|turn|17\n|choice|switch 2|move yawn\n|\n|switch|p1a: Arthur Curry|Rotom-Wash|266\/304\n|-damage|p1a: Arthur Curry|228\/304|[from] Stealth Rock\n|move|p2a: Hippowdon|Yawn|p1a: Arthur Curry\n|-start|p1a: Arthur Curry|move: Yawn|[of] p2a: Hippowdon\n|\n|-weather|Sandstorm|[upkeep]\n|-damage|p1a: Arthur Curry|209\/304|[from] sandstorm\n|-heal|p1a: Arthur Curry|228\/304|[from] item: Leftovers\n|-heal|p2a: Hippowdon|324\/420|[from] item: Leftovers\n|upkeep\n|turn|18\n|choice|move voltswitch|move earthquake\n|\n|move|p1a: Arthur Curry|Volt Switch|p2a: Hippowdon\n|-immune|p2a: Hippowdon|[msg]\n|move|p2a: Hippowdon|Earthquake|p1a: Arthur Curry\n|-immune|p1a: Arthur Curry|[msg]|[from] ability: Levitate\n|\n|-end|p1a: Arthur Curry|move: Yawn|[silent]\n|-status|p1a: Arthur Curry|slp\n|-weather|Sandstorm|[upkeep]\n|-damage|p1a: Arthur Curry|209\/304 slp|[from] sandstorm\n|-heal|p1a: Arthur Curry|228\/304 slp|[from] item: Leftovers\n|-heal|p2a: Hippowdon|350\/420|[from] item: Leftovers\n|upkeep\n|turn|19\n|choice|move voltswitch|switch 6\n|\n|switch|p2a: Starmie|Starmie|284\/324\n|-damage|p2a: Starmie|244\/324|[from] Stealth Rock\n|cant|p1a: Arthur Curry|slp\n|\n|-weather|Sandstorm|[upkeep]\n|-damage|p2a: Starmie|224\/324|[from] sandstorm\n|-damage|p1a: Arthur Curry|209\/304 slp|[from] sandstorm\n|-heal|p2a: Starmie|244\/324|[from] item: Leftovers\n|-heal|p1a: Arthur Curry|228\/304 slp|[from] item: Leftovers\n|upkeep\n|turn|20\n|choice|move voltswitch|move rapidspin\n|\n|move|p2a: Starmie|Rapid Spin|p1a: Arthur Curry\n|-crit|p1a: Arthur Curry\n|-damage|p1a: Arthur Curry|217\/304 slp\n|-sideend|p2: Meru|Stealth Rock|[from] move: Rapid Spin|[of] p2a: Starmie\n|cant|p1a: Arthur Curry|slp\n|\n|-weather|none\n|-heal|p2a: Starmie|264\/324|[from] item: Leftovers\n|-heal|p1a: Arthur Curry|236\/304 slp|[from] item: Leftovers\n|upkeep\n|turn|21\n|choice|move willowisp|switch 6\n|\n|switch|p2a: Hippowdon|Hippowdon, F, shiny|350\/420\n|-weather|Sandstorm|[from] ability: Sand Stream|[of] p2a: Hippowdon\n|-curestatus|p1a: Arthur Curry|slp|[msg]\n|move|p1a: Arthur Curry|Will-O-Wisp|p2a: Hippowdon\n|-status|p2a: Hippowdon|brn\n|\n|-weather|Sandstorm|[upkeep]\n|-damage|p1a: Arthur Curry|217\/304|[from] sandstorm\n|-heal|p1a: Arthur Curry|236\/304|[from] item: Leftovers\n|-heal|p2a: Hippowdon|376\/420 brn|[from] item: Leftovers\n|-damage|p2a: Hippowdon|324\/420 brn|[from] brn\n|upkeep\n|turn|22\n|choice|move hydropump|move yawn\n|\n|move|p1a: Arthur Curry|Hydro Pump|p2a: Hippowdon|[miss]\n|-miss|p1a: Arthur Curry|p2a: Hippowdon\n|move|p2a: Hippowdon|Yawn|p1a: Arthur Curry\n|-start|p1a: Arthur Curry|move: Yawn|[of] p2a: Hippowdon\n|\n|-weather|Sandstorm|[upkeep]\n|-damage|p1a: Arthur Curry|217\/304|[from] sandstorm\n|-heal|p1a: Arthur Curry|236\/304|[from] item: Leftovers\n|-heal|p2a: Hippowdon|350\/420 brn|[from] item: Leftovers\n|-damage|p2a: Hippowdon|298\/420 brn|[from] brn\n|upkeep\n|turn|23\n|choice|switch 4|move slackoff\n|\n|switch|p1a: Waylon Jones|Garchomp, F|357\/357\n|-damage|p1a: Waylon Jones|313\/357|[from] Spikes\n|-damage|p1a: Waylon Jones|291\/357|[from] Stealth Rock\n|move|p2a: Hippowdon|Slack Off|p2a: Hippowdon\n|-heal|p2a: Hippowdon|420\/420 brn\n|\n|-weather|Sandstorm|[upkeep]\n|-damage|p2a: Hippowdon|368\/420 brn|[from] brn\n|upkeep\n|turn|24\n|choice|move stealthrock|switch 6\n|\n|switch|p2a: Starmie|Starmie|264\/324\n|move|p1a: Waylon Jones|Stealth Rock|p2a: Starmie\n|-sidestart|p2: Meru|move: Stealth Rock\n|\n|-weather|Sandstorm|[upkeep]\n|-damage|p2a: Starmie|244\/324|[from] sandstorm\n|-heal|p2a: Starmie|264\/324|[from] item: Leftovers\n|upkeep\n|turn|25\n|L|GGuilas\n|choice|move earthquake|move scald\n|\n|move|p2a: Starmie|Scald|p1a: Waylon Jones\n|-damage|p1a: Waylon Jones|185\/357\n|move|p1a: Waylon Jones|Earthquake|p2a: Starmie\n|-damage|p2a: Starmie|42\/324\n|\n|-weather|none\n|-heal|p2a: Starmie|62\/324|[from] item: Leftovers\n|upkeep\n|turn|26\n|choice|move earthquake|move scald\n|\n|move|p2a: Starmie|Scald|p1a: Waylon Jones\n|-damage|p1a: Waylon Jones|82\/357\n|move|p1a: Waylon Jones|Earthquake|p2a: Starmie\n|-damage|p2a: Starmie|0 fnt\n|faint|p2a: Starmie\n|\n|upkeep\n|L|toshimelonhead\n|J|salt in her scars\n|c|\u2606Meru|ye i played 2 rushed\n|c|\u2606Meru|o well\n|choice||switch 6\n|\n|switch|p2a: Hippowdon|Hippowdon, F, shiny|368\/420 brn\n|-damage|p2a: Hippowdon|342\/420 brn|[from] Stealth Rock\n|-weather|Sandstorm|[from] ability: Sand Stream|[of] p2a: Hippowdon\n|turn|27\n|choice|move swordsdance|move yawn\n|\n|move|p1a: Waylon Jones|Swords Dance|p1a: Waylon Jones\n|-boost|p1a: Waylon Jones|atk|2\n|move|p2a: Hippowdon|Yawn|p1a: Waylon Jones\n|-start|p1a: Waylon Jones|move: Yawn|[of] p2a: Hippowdon\n|\n|-weather|Sandstorm|[upkeep]\n|-heal|p2a: Hippowdon|368\/420 brn|[from] item: Leftovers\n|-damage|p2a: Hippowdon|316\/420 brn|[from] brn\n|upkeep\n|turn|28\n|choice|move dragonclaw|switch 2\n|\n|switch|p2a: Talonflame|Talonflame, F|176\/359\n|-damage|p2a: Talonflame|0 fnt|[from] Stealth Rock\n|faint|p2a: Talonflame\n|move|p1a: Waylon Jones|Dragon Claw|p2: Talonflame|[notarget]\n|-notarget\n|\n|-end|p1a: Waylon Jones|move: Yawn|[silent]\n|-status|p1a: Waylon Jones|slp\n|-weather|Sandstorm|[upkeep]\n|upkeep\n|choice||switch 5\n|\n|switch|p2a: Cofagrigus|Cofagrigus, M|320\/320\n|-damage|p2a: Cofagrigus|280\/320|[from] Stealth Rock\n|turn|29\n|choice|switch 5|move nastyplot\n|\n|switch|p1a: Mera|Azumarill, F|403\/403\n|-damage|p1a: Mera|353\/403|[from] Spikes\n|-damage|p1a: Mera|303\/403|[from] Stealth Rock\n|move|p2a: Cofagrigus|Nasty Plot|p2a: Cofagrigus\n|-boost|p2a: Cofagrigus|spa|2\n|\n|-weather|Sandstorm|[upkeep]\n|-damage|p1a: Mera|278\/403|[from] sandstorm\n|-damage|p2a: Cofagrigus|260\/320|[from] sandstorm\n|-heal|p2a: Cofagrigus|280\/320|[from] item: Leftovers\n|upkeep\n|turn|30\n|J|Blackoblivion\u2629\n|choice|move knockoff|move nastyplot\n|\n|move|p1a: Mera|Knock Off|p2a: Cofagrigus\n|-supereffective|p2a: Cofagrigus\n|-crit|p2a: Cofagrigus\n|-damage|p2a: Cofagrigus|0 fnt\n|-activate|p2a: Cofagrigus|ability: Mummy|Huge Power|[of] p1a: Mera\n|-enditem|p2a: Cofagrigus|Leftovers|[from] move: Knock Off|[of] p1a: Mera\n|faint|p2a: Cofagrigus\n|\n|-weather|Sandstorm|[upkeep]\n|-damage|p1a: Mera|253\/403|[from] sandstorm\n|upkeep\n|L|Blackoblivion\u2629\n|c|\u2606Meru|.\n|c|\u2606Meru|my faults\n|c|\u2606Meru|gg\n|-message|Meru forfeited.\n|\n|win|Gotham Paladin","inputlog":null,"uploadtime":1494025363,"views":1,"p1id":"gothampaladin","p2id":"meru","formatid":"ou","rating":0,"private":0,"password":null}