{"id":"smogtours-gen5ou-562224","p1":"SeraphinOfEnd","p2":"Goootzinho","format":"gen5ou","log":"|inactive|Battle timer is ON: inactive players will automatically lose when time's up.\n|t:|1622047001\n|gametype|singles\n|player|p1|SeraphinOfEnd|lady|\n|player|p2|Goootzinho|karen-gen2|\n|teamsize|p1|6\n|teamsize|p2|6\n|gen|5\n|tier|[Gen 5] OU\n|rule|Species Clause: Limit one of each Pok\u00e9mon\n|rule|OHKO Clause: OHKO moves are banned\n|rule|Moody Clause: Moody is banned\n|rule|Evasion Moves Clause: Evasion moves are banned\n|rule|Endless Battle Clause: Forcing endless battles is banned\n|rule|HP Percentage Mod: HP is shown in percentages\n|rule|Evasion Abilities Clause: Evasion abilities are banned\n|rule|Baton Pass Clause: Limit one Baton Passer, can't pass Spe and other stats simultaneously\n|rule|Sleep Clause: Sleep-inducing moves are banned\n|rule|Swagger Clause: Swagger is banned\n|clearpoke\n|poke|p1|Xatu, F|item\n|poke|p1|Tyranitar, M|item\n|poke|p1|Rotom-Wash|item\n|poke|p1|Alakazam, M|item\n|poke|p1|Scizor, F|item\n|poke|p1|Excadrill, F|item\n|poke|p2|Tentacruel, M|item\n|poke|p2|Politoed, M|item\n|poke|p2|Latios, M|item\n|poke|p2|Ferrothorn, F|item\n|poke|p2|Thundurus-Therian, M|item\n|poke|p2|Keldeo-Resolute|item\n|teampreview\n|c|\u2606Goootzinho|wrong team \n|c|\u2606SeraphinOfEnd|rip\n|c|\u2606SeraphinOfEnd|hf \n|c|\u2606Goootzinho|u2\n|inactive|Goootzinho has 270 seconds left.\n|inactive|Goootzinho has 240 seconds left.\n|inactive|Goootzinho has 210 seconds left.\n|c|+Pinto|perdemos\n|inactive|Goootzinho has 180 seconds left.\n|\n|t:|1622047148\n|start\n|switch|p1a: Rotom|Rotom-Wash|100\/100\n|switch|p2a: Keldeo|Keldeo-Resolute|100\/100\n|turn|1\n|\n|t:|1622047161\n|move|p2a: Keldeo|Secret Sword|p1a: Rotom\n|-damage|p1a: Rotom|30\/100\n|move|p1a: Rotom|Volt Switch|p2a: Keldeo\n|-supereffective|p2a: Keldeo\n|-damage|p2a: Keldeo|31\/100\n|\n|t:|1622047166\n|switch|p1a: Alakazam|Alakazam, M|100\/100|[from]move: Volt Switch\n|\n|upkeep\n|turn|2\n|inactive|Goootzinho has 210 seconds left.\n|inactive|Goootzinho has 180 seconds left.\n|\n|t:|1622047218\n|switch|p2a: Ferrothorn|Ferrothorn, F|100\/100\n|move|p1a: Alakazam|Psychic|p2a: Ferrothorn\n|-resisted|p2a: Ferrothorn\n|-damage|p2a: Ferrothorn|85\/100\n|\n|-heal|p2a: Ferrothorn|92\/100|[from] item: Leftovers\n|upkeep\n|turn|3\n|inactive|Goootzinho has 180 seconds left.\n|\n|t:|1622047228\n|switch|p1a: Xatu|Xatu, F|100\/100\n|switch|p2a: Keldeo|Keldeo-Resolute|31\/100\n|\n|upkeep\n|turn|4\n|inactive|Goootzinho has 180 seconds left.\n|\n|t:|1622047254\n|switch|p1a: Rotom|Rotom-Wash|30\/100\n|move|p2a: Keldeo|Hydro Pump|p1a: Rotom|[miss]\n|-miss|p2a: Keldeo|p1a: Rotom\n|\n|-heal|p1a: Rotom|36\/100|[from] item: Leftovers\n|upkeep\n|turn|5\n|\n|t:|1622047267\n|move|p2a: Keldeo|Hydro Pump|p1a: Rotom\n|-resisted|p1a: Rotom\n|-damage|p1a: Rotom|0 fnt\n|faint|p1a: Rotom\n|\n|upkeep\n|\n|t:|1622047270\n|switch|p1a: Alakazam|Alakazam, M|100\/100\n|turn|6\n|inactive|Goootzinho has 180 seconds left.\n|inactive|Goootzinho has 150 seconds left.\n|\n|t:|1622047315\n|switch|p2a: Latios|Latios, M|100\/100\n|move|p1a: Alakazam|Psychic|p2a: Latios\n|-resisted|p2a: Latios\n|-damage|p2a: Latios|78\/100\n|\n|upkeep\n|turn|7\n|inactive|Goootzinho has 150 seconds left.\n|inactive|SeraphinOfEnd has 270 seconds left.\n|\n|t:|1622047353\n|switch|p1a: Tyranitar|Tyranitar, M|100\/100\n|-weather|Sandstorm|[from] ability: Sand Stream|[of] p1a: Tyranitar\n|move|p2a: Latios|Surf|p1a: Tyranitar\n|-supereffective|p1a: Tyranitar\n|-damage|p1a: Tyranitar|74\/100\n|\n|-weather|Sandstorm|[upkeep]\n|-damage|p2a: Latios|72\/100|[from] Sandstorm\n|upkeep\n|turn|8\n|inactive|SeraphinOfEnd has 270 seconds left.\n|\n|t:|1622047364\n|-activate|p2a: Latios|move: Pursuit\n|move|p1a: Tyranitar|Pursuit|p2a: Latios|[from]Pursuit\n|-supereffective|p2a: Latios\n|-damage|p2a: Latios|0 fnt\n|faint|p2a: Latios\n|-hint|A Pokemon can't switch between when it runs out of HP and when it faints\n|\n|-weather|Sandstorm|[upkeep]\n|upkeep\n|\n|t:|1622047384\n|switch|p2a: Politoed|Politoed, M|100\/100\n|-weather|RainDance|[from] ability: Drizzle|[of] p2a: Politoed\n|turn|9\n|\n|t:|1622047388\n|move|p2a: Politoed|Scald|p1a: Tyranitar\n|-supereffective|p1a: Tyranitar\n|-damage|p1a: Tyranitar|25\/100\n|move|p1a: Tyranitar|Stealth Rock|p2a: Politoed\n|-sidestart|p2: Goootzinho|move: Stealth Rock\n|\n|-weather|RainDance|[upkeep]\n|upkeep\n|turn|10\n|\n|t:|1622047393\n|move|p2a: Politoed|Scald|p1a: Tyranitar\n|-supereffective|p1a: Tyranitar\n|-damage|p1a: Tyranitar|0 fnt\n|faint|p1a: Tyranitar\n|\n|-weather|RainDance|[upkeep]\n|upkeep\n|\n|t:|1622047403\n|switch|p1a: Excadrill|Excadrill, F|100\/100\n|-ability|p1a: Excadrill|Mold Breaker\n|turn|11\n|\n|t:|1622047407\n|move|p1a: Excadrill|Toxic|p2a: Politoed\n|-status|p2a: Politoed|tox\n|move|p2a: Politoed|Scald|p1a: Excadrill\n|-supereffective|p1a: Excadrill\n|-damage|p1a: Excadrill|38\/100\n|\n|-weather|RainDance|[upkeep]\n|-heal|p1a: Excadrill|44\/100|[from] item: Leftovers\n|-damage|p2a: Politoed|94\/100 tox|[from] psn\n|upkeep\n|turn|12\n|\n|t:|1622047421\n|move|p1a: Excadrill|Protect|p1a: Excadrill\n|-singleturn|p1a: Excadrill|Protect\n|move|p2a: Politoed|Scald|p1a: Excadrill\n|-activate|p1a: Excadrill|move: Protect\n|\n|-weather|RainDance|[upkeep]\n|-heal|p1a: Excadrill|50\/100|[from] item: Leftovers\n|-heal|p2a: Politoed|100\/100 tox|[from] item: Leftovers\n|-damage|p2a: Politoed|88\/100 tox|[from] psn\n|upkeep\n|turn|13\n|\n|t:|1622047427\n|move|p1a: Excadrill|Earthquake|p2a: Politoed\n|-damage|p2a: Politoed|46\/100 tox\n|move|p2a: Politoed|Scald|p1a: Excadrill\n|-supereffective|p1a: Excadrill\n|-damage|p1a: Excadrill|0 fnt\n|faint|p1a: Excadrill\n|\n|-weather|RainDance|[upkeep]\n|-heal|p2a: Politoed|52\/100 tox|[from] item: Leftovers\n|-damage|p2a: Politoed|34\/100 tox|[from] psn\n|upkeep\n|\n|t:|1622047431\n|switch|p1a: Alakazam|Alakazam, M|100\/100\n|turn|14\n|\n|t:|1622047438\n|switch|p2a: Ferrothorn|Ferrothorn, F|92\/100\n|-damage|p2a: Ferrothorn|85\/100|[from] Stealth Rock\n|move|p1a: Alakazam|Psychic|p2a: Ferrothorn\n|-resisted|p2a: Ferrothorn\n|-damage|p2a: Ferrothorn|70\/100\n|\n|-weather|RainDance|[upkeep]\n|-heal|p2a: Ferrothorn|76\/100|[from] item: Leftovers\n|upkeep\n|turn|15\n|\n|t:|1622047443\n|switch|p1a: Xatu|Xatu, F|100\/100\n|move|p2a: Ferrothorn|Knock Off|p1a: Xatu\n|-supereffective|p1a: Xatu\n|-damage|p1a: Xatu|87\/100\n|-enditem|p1a: Xatu|Leftovers|[from] move: Knock Off|[of] p2a: Ferrothorn\n|\n|-weather|RainDance|[upkeep]\n|-heal|p2a: Ferrothorn|82\/100|[from] item: Leftovers\n|upkeep\n|turn|16\n|inactive|Goootzinho has 180 seconds left.\n|\n|t:|1622047460\n|move|p1a: Xatu|Heat Wave|p2a: Ferrothorn\n|-supereffective|p2a: Ferrothorn\n|-damage|p2a: Ferrothorn|57\/100\n|move|p2a: Ferrothorn|Stealth Rock|p1a: Xatu\n|move|p1a: Xatu|Stealth Rock||[from]ability: Magic Bounce|[still]\n|-fail|p1a: Xatu\n|\n|-weather|RainDance|[upkeep]\n|-heal|p2a: Ferrothorn|63\/100|[from] item: Leftovers\n|upkeep\n|turn|17\n|\n|t:|1622047467\n|switch|p2a: Politoed|Politoed, M|34\/100 tox\n|-damage|p2a: Politoed|22\/100 tox|[from] Stealth Rock\n|move|p1a: Xatu|Heat Wave|p2a: Politoed\n|-resisted|p2a: Politoed\n|-damage|p2a: Politoed|18\/100 tox\n|\n|-weather|RainDance|[upkeep]\n|-heal|p2a: Politoed|24\/100 tox|[from] item: Leftovers\n|-damage|p2a: Politoed|18\/100 tox|[from] psn\n|upkeep\n|turn|18\n|\n|t:|1622047471\n|move|p1a: Xatu|U-turn|p2a: Politoed\n|-damage|p2a: Politoed|6\/100 tox\n|\n|t:|1622047474\n|switch|p1a: Scizor|Scizor, F|100\/100|[from]move: U-turn\n|move|p2a: Politoed|Scald|p1a: Scizor\n|-damage|p1a: Scizor|52\/100\n|-status|p1a: Scizor|brn\n|\n|-weather|RainDance|[upkeep]\n|-heal|p2a: Politoed|12\/100 tox|[from] item: Leftovers\n|-damage|p2a: Politoed|0 fnt|[from] psn\n|faint|p2a: Politoed\n|-damage|p1a: Scizor|40\/100 brn|[from] brn\n|upkeep\n|\n|t:|1622047498\n|switch|p2a: Thundurus|Thundurus-Therian, M|100\/100\n|-damage|p2a: Thundurus|76\/100|[from] Stealth Rock\n|turn|19\n|\n|t:|1622047502\n|move|p2a: Thundurus|Agility|p2a: Thundurus\n|-boost|p2a: Thundurus|spe|2\n|move|p1a: Scizor|U-turn|p2a: Thundurus\n|-resisted|p2a: Thundurus\n|-damage|p2a: Thundurus|58\/100\n|\n|t:|1622047506\n|switch|p1a: Alakazam|Alakazam, M|100\/100|[from]move: U-turn\n|\n|-weather|RainDance|[upkeep]\n|-heal|p2a: Thundurus|64\/100|[from] item: Leftovers\n|upkeep\n|turn|20\n|\n|t:|1622047512\n|move|p2a: Thundurus|Thunder|p1a: Alakazam\n|-damage|p1a: Alakazam|2\/100\n|-status|p1a: Alakazam|par\n|move|p1a: Alakazam|Psychic|p2a: Thundurus\n|-damage|p2a: Thundurus|8\/100\n|\n|-weather|RainDance|[upkeep]\n|-heal|p2a: Thundurus|14\/100|[from] item: Leftovers\n|upkeep\n|turn|21\n|inactive|Goootzinho has 210 seconds left.\n|c|\u2606SeraphinOfEnd|gg\n|c|\u2606Goootzinho|ggs\n|-message|SeraphinOfEnd forfeited.\n|\n|win|Goootzinho\n","uploadtime":1622047526,"views":86,"p1id":"seraphinofend","p2id":"goootzinho","formatid":"gen5ou","rating":0,"private":0,"password":null}