{"id":"smogondoubles-75588440","p1":"jamace6","p2":"DubsWelder","format":"smogondoubles","log":"|join|jamace6\n|join|DubsWelder\n|player|p1|jamace6|101\n|player|p2|DubsWelder|172\n|gametype|doubles\n|tier|Smogon Doubles\n|rated\n|rule|Evasion Abilities Clause: Evasion abilities are banned\n|clearpoke\n|poke|p1|Garchomp, M\n|poke|p1|Rotom-Wash\n|poke|p1|Charizard, M\n|poke|p1|Venusaur, M\n|poke|p1|Aegislash, M\n|poke|p1|Gliscor, M\n|poke|p2|Garchomp, F\n|poke|p2|Pyroar, F\n|poke|p2|Sableye, F\n|poke|p2|Talonflame, M\n|poke|p2|Hitmontop, M\n|poke|p2|Genesect, shiny\n|rule|Sleep Clause Mod: Limit one foe put to sleep\n|rule|Species Clause: Limit one of each Pokemon\n|rule|OHKO Clause: OHKO moves are banned\n|rule|Moody Clause: Moody is banned\n|rule|Evasion Moves Clause: Evasion moves are banned\n|rule|Endless Battle Clause: Forcing endless battles is banned.\n|rule|HP Percentage Mod: HP is reported as percentages\n|teampreview\n|callback|decision\n|\n|start\n|switch|p1a: Aegislash|Aegislash, M|324\/324\n|switch|p1b: Gliscor|Gliscor, M|354\/354\n|switch|p2a: NOT FOR HONOUR|Pyroar, F|314\/314\n|switch|p2b: BUT FOR YOOOUUU|Garchomp, F|358\/358\n|turn|1\n|callback|decision\n|\n|move|p1b: Gliscor|Protect|p1b: Gliscor\n|-singleturn|p1b: Gliscor|Protect\n|move|p1a: Aegislash|King's Shield|p1a: Aegislash\n|-singleturn|p1a: Aegislash|Protect\n|move|p2a: NOT FOR HONOUR|Entrainment|p2b: BUT FOR YOOOUUU\n|-ability|p2b: BUT FOR YOOOUUU|moxie\n|move|p2b: BUT FOR YOOOUUU|Earthquake|p1b: Gliscor\n|-supereffective|p2a: NOT FOR HONOUR\n|-damage|p2a: NOT FOR HONOUR|0 fnt\n|-activate|p1a: Aegislash|Protect\n|-immune|p1b: Gliscor|[msg]\n|faint|p2a: NOT FOR HONOUR\n|-boost|p2b: BUT FOR YOOOUUU|atk|1|[from] ability: Moxie\n|\n|-activate|p1b: Gliscor|item: Toxic Orb\n|-status|p1b: Gliscor|tox\n|callback|decision\n|\n|switch|p2a: GEDDAN|Sableye, F|242\/242\n|turn|2\n|callback|decision\n|join|Temporaryanonymous\n|\n|move|p2a: GEDDAN|Gravity|p2a: GEDDAN\n|-fieldstart|move: Gravity\n|move|p2b: BUT FOR YOOOUUU|Earthquake|p1b: Gliscor\n|-damage|p2a: GEDDAN|0 fnt\n|-supereffective|p1a: Aegislash\n|-damage|p1a: Aegislash|0 fnt\n|-damage|p1b: Gliscor|173\/354 tox\n|faint|p2a: GEDDAN\n|-boost|p2b: BUT FOR YOOOUUU|atk|1|[from] ability: Moxie\n|faint|p1a: Aegislash\n|-boost|p2b: BUT FOR YOOOUUU|atk|1|[from] ability: Moxie\n|move|p1b: Gliscor|Ice Fang|p2b: BUT FOR YOOOUUU\n|-crit|p2b: BUT FOR YOOOUUU\n|-supereffective|p2b: BUT FOR YOOOUUU\n|-damage|p2b: BUT FOR YOOOUUU|74\/358\n|\n|-heal|p1b: Gliscor|217\/354 tox|[from] ability: Poison Heal\n|callback|decision\n|chat|Temporaryanonymous|ARK I GOT IT TO WORK\n|chat|Temporaryanonymous|http:\/\/replay.pokemonshowdown.com\/smogondoubles-75587864\n|join|Mentalninja\n|chat|DubsWelder|It's working for me too right now\n|chat|DubsWelder|get reeddddyyy\n|\n|switch|p2a: >janitors|Talonflame, M|298\/298\n|switch|p1a: Garchomp|Garchomp, M|358\/358\n|turn|3\n|callback|decision\n|\n|move|p1b: Gliscor|Protect|p1b: Gliscor\n|-singleturn|p1b: Gliscor|Protect\n|move|p2a: >janitors|Tailwind|p2a: >janitors\n|-sidestart|p2: DubsWelder|move: Tailwind\n|move|p2b: BUT FOR YOOOUUU|Earthquake|p1b: Gliscor\n|-supereffective|p2a: >janitors\n|-damage|p2a: >janitors|0 fnt\n|-damage|p1a: Garchomp|0 fnt\n|-activate|p1b: Gliscor|Protect\n|faint|p2a: >janitors\n|-boost|p2b: BUT FOR YOOOUUU|atk|1|[from] ability: Moxie\n|faint|p1a: Garchomp\n|-boost|p2b: BUT FOR YOOOUUU|atk|1|[from] ability: Moxie\n|\n|-heal|p1b: Gliscor|261\/354 tox|[from] ability: Poison Heal\n|callback|decision\n|chat|Temporaryanonymous|rip birdes\n|\n|switch|p2a: ATHENA|Hitmontop, M|242\/242\n|switch|p1a: Rotom-Wash|Rotom-Wash|304\/304\n|-ability|p2a: ATHENA|Intimidate|[of] p1a: Rotom-Wash\n|-unboost|p1a: Rotom-Wash|atk|1\n|-ability|p2a: ATHENA|Intimidate|[of] p1b: Gliscor\n|-unboost|p1b: Gliscor|atk|1\n|turn|4\n|callback|decision\n|chat|Temporaryanonymous|ARK ARE YOU FEELING EUPHORIC\n|chat|DubsWelder|I'M FEELING PRETTY DAMN GOOD\n|\n|move|p2a: ATHENA|Fake Out|p1a: Rotom-Wash\n|-damage|p1a: Rotom-Wash|269\/304\n|move|p2b: BUT FOR YOOOUUU|Earthquake|p1b: Gliscor\n|-damage|p2a: ATHENA|0 fnt\n|-supereffective|p1a: Rotom-Wash\n|-damage|p1a: Rotom-Wash|0 fnt\n|-damage|p1b: Gliscor|0 fnt\n|faint|p2a: ATHENA\n|-boost|p2b: BUT FOR YOOOUUU|atk|1|[from] ability: Moxie\n|faint|p1a: Rotom-Wash\n|faint|p1b: Gliscor\n|\n|callback|decision\n|chat|Temporaryanonymous|KILLING YOUR OWN ALLIES NO PROBLEMO\n|chat|DubsWelder|holy shit\n|\n|switch|p1a: Charizard|Charizard, M|298\/298\n|switch|p2a: CHEMICAL X|Genesect, shiny|283\/283\n|switch|p1b: Venusaur|Venusaur, M|302\/302\n|-boost|p2a: CHEMICAL X|atk|1|[from] ability: Download\n|turn|5\n|callback|decision\n|chat|jamace6|wow\n|chat|DubsWelder|i'm so fucking amazed this is working\n|\n|-formechange|p1a: Charizard|Charizard-Mega-Y\n|message|Charizard has Mega Evolved into Mega Charizard!\n|-weather|SunnyDay\n|move|p2a: CHEMICAL X|Extreme Speed|p1b: Venusaur\n|-damage|p1b: Venusaur|82\/302\n|move|p2b: BUT FOR YOOOUUU|Earthquake|p1b: Venusaur\n|-damage|p2a: CHEMICAL X|0 fnt\n|-supereffective|p1a: Charizard\n|-damage|p1a: Charizard|0 fnt\n|-damage|p1b: Venusaur|0 fnt\n|faint|p2a: CHEMICAL X\n|faint|p1a: Charizard\n|faint|p1b: Venusaur\n|\n|win|DubsWelder\n|raw|Ladder updating...\n|raw|jamace6's rating: 1763 &rarr; <strong>1753<\/strong><br \/>(-10 for losing)\n|raw|DubsWelder's rating: 1149 &rarr; <strong>1390<\/strong><br \/>(+241 for winning)\n|chat|DubsWelder|HOLY SHIT\n|chat|Temporaryanonymous|holy shit\n|chat|DubsWelder|SO FUCKING GOOD\n|chat|Temporaryanonymous|that is amazing\n|chat|Temporaryanonymous|band?\n|chat|Mentalninja|HOLY FUCK","inputlog":null,"uploadtime":1389075448,"views":90,"p1id":"jamace6","p2id":"dubswelder","formatid":"smogondoubles","rating":0,"private":0,"password":null}