{"id":"smogtours-gen5ou-563439","p1":"soaring mind","p2":"Goootzinho","format":"gen5ou","log":"|inactive|Battle timer is ON: inactive players will automatically lose when time's up.\n|t:|1622475181\n|gametype|singles\n|player|p1|soaring mind|lass|\n|player|p2|Goootzinho|karen-gen2|\n|teamsize|p1|6\n|teamsize|p2|6\n|gen|5\n|tier|[Gen 5] OU\n|rule|Species Clause: Limit one of each Pok\u00e9mon\n|rule|OHKO Clause: OHKO moves are banned\n|rule|Moody Clause: Moody is banned\n|rule|Evasion Moves Clause: Evasion moves are banned\n|rule|Endless Battle Clause: Forcing endless battles is banned\n|rule|HP Percentage Mod: HP is shown in percentages\n|rule|Evasion Abilities Clause: Evasion abilities are banned\n|rule|Baton Pass Clause: Limit one Baton Passer, can't pass Spe and other stats simultaneously\n|rule|Sleep Clause: Sleep-inducing moves are banned\n|rule|Swagger Clause: Swagger is banned\n|clearpoke\n|poke|p1|Terrakion|item\n|poke|p1|Starmie|item\n|poke|p1|Breloom, F|item\n|poke|p1|Scizor, M|item\n|poke|p1|Dragonite, M|item\n|poke|p1|Volcarona, F|item\n|poke|p2|Alakazam, F|item\n|poke|p2|Skarmory, F|item\n|poke|p2|Tyranitar, F|item\n|poke|p2|Latios, M|item\n|poke|p2|Gliscor, M|item\n|poke|p2|Reuniclus, M|item\n|teampreview\n|inactive|soaring mind also wants the timer to be on.\n|c|\u2606soaring mind|hf\n|c|\u2606Goootzinho|u2\n|inactive|Goootzinho has 270 seconds left.\n|\n|t:|1622475237\n|start\n|switch|p1a: Terrakion|Terrakion|100\/100\n|switch|p2a: Latios|Latios, M|100\/100\n|turn|1\n|\n|t:|1622475245\n|move|p2a: Latios|Surf|p1a: Terrakion\n|-supereffective|p1a: Terrakion\n|-damage|p1a: Terrakion|29\/100\n|move|p1a: Terrakion|Stealth Rock|p2a: Latios\n|-sidestart|p2: Goootzinho|move: Stealth Rock\n|\n|upkeep\n|turn|2\n|\n|t:|1622475257\n|move|p2a: Latios|Surf|p1a: Terrakion\n|-supereffective|p1a: Terrakion\n|-damage|p1a: Terrakion|0 fnt\n|faint|p1a: Terrakion\n|\n|upkeep\n|\n|t:|1622475258\n|switch|p1a: Scizor|Scizor, M|100\/100\n|turn|3\n|\n|t:|1622475261\n|move|p2a: Latios|Hidden Power|p1a: Scizor\n|-supereffective|p1a: Scizor\n|-damage|p1a: Scizor|0 fnt\n|faint|p1a: Scizor\n|\n|upkeep\n|\n|t:|1622475273\n|switch|p1a: Dragonite|Dragonite, M|100\/100\n|turn|4\n|inactive|Goootzinho has 270 seconds left.\n|\n|t:|1622475314\n|switch|p2a: Skarmory|Skarmory, F|100\/100\n|-damage|p2a: Skarmory|88\/100|[from] Stealth Rock\n|move|p1a: Dragonite|Dragon Dance|p1a: Dragonite\n|-boost|p1a: Dragonite|atk|1\n|-boost|p1a: Dragonite|spe|1\n|\n|-heal|p2a: Skarmory|94\/100|[from] item: Leftovers\n|upkeep\n|turn|5\n|\n|t:|1622475335\n|switch|p1a: Starmie|Starmie|100\/100\n|-item|p1a: Starmie|Air Balloon\n|move|p2a: Skarmory|Secret Power|p1a: Starmie\n|-damage|p1a: Starmie|82\/100\n|-enditem|p1a: Starmie|Air Balloon\n|\n|-heal|p2a: Skarmory|99\/100|[from] item: Leftovers\n|upkeep\n|turn|6\n|inactive|Goootzinho has 240 seconds left.\n|inactive|Goootzinho has 210 seconds left.\n|\n|t:|1622475386\n|switch|p2a: Reuniclus|Reuniclus, M|100\/100\n|move|p1a: Starmie|Ice Beam|p2a: Reuniclus\n|-damage|p2a: Reuniclus|65\/100\n|\n|-heal|p2a: Reuniclus|71\/100|[from] item: Leftovers\n|upkeep\n|turn|7\n|inactive|Goootzinho has 210 seconds left.\n|\n|t:|1622475409\n|move|p1a: Starmie|Hydro Pump|p2a: Reuniclus\n|-damage|p2a: Reuniclus|23\/100\n|move|p2a: Reuniclus|Recover|p2a: Reuniclus\n|-heal|p2a: Reuniclus|73\/100\n|\n|-heal|p2a: Reuniclus|79\/100|[from] item: Leftovers\n|upkeep\n|turn|8\n|\n|t:|1622475421\n|switch|p1a: Volcarona|Volcarona, F|100\/100\n|move|p2a: Reuniclus|Recover|p2a: Reuniclus\n|-heal|p2a: Reuniclus|100\/100\n|\n|upkeep\n|turn|9\n|\n|t:|1622475426\n|switch|p2a: Tyranitar|Tyranitar, F|100\/100\n|-damage|p2a: Tyranitar|88\/100|[from] Stealth Rock\n|-weather|Sandstorm|[from] ability: Sand Stream|[of] p2a: Tyranitar\n|move|p1a: Volcarona|Quiver Dance|p1a: Volcarona\n|-boost|p1a: Volcarona|spa|1\n|-boost|p1a: Volcarona|spd|1\n|-boost|p1a: Volcarona|spe|1\n|\n|-weather|Sandstorm|[upkeep]\n|-damage|p1a: Volcarona|94\/100|[from] Sandstorm\n|upkeep\n|turn|10\n|\n|t:|1622475434\n|move|p1a: Volcarona|Flamethrower|p2a: Tyranitar\n|-resisted|p2a: Tyranitar\n|-damage|p2a: Tyranitar|71\/100\n|move|p2a: Tyranitar|Thunder Wave|p1a: Volcarona\n|-status|p1a: Volcarona|par\n|\n|-weather|Sandstorm|[upkeep]\n|-damage|p1a: Volcarona|88\/100 par|[from] Sandstorm\n|upkeep\n|turn|11\n|inactive|Goootzinho has 210 seconds left.\n|\n|t:|1622475454\n|move|p2a: Tyranitar|Earthquake|p1a: Volcarona\n|-damage|p1a: Volcarona|39\/100 par\n|move|p1a: Volcarona|Bug Buzz|p2a: Tyranitar\n|-enditem|p1a: Volcarona|Bug Gem|[from] gem\n|-supereffective|p2a: Tyranitar\n|-damage|p2a: Tyranitar|0 fnt\n|faint|p2a: Tyranitar\n|\n|-weather|Sandstorm|[upkeep]\n|-damage|p1a: Volcarona|33\/100 par|[from] Sandstorm\n|upkeep\n|inactive|Goootzinho has 180 seconds left.\n|inactive|Goootzinho has 150 seconds left.\n|\n|t:|1622475535\n|switch|p2a: Latios|Latios, M|100\/100\n|-damage|p2a: Latios|88\/100|[from] Stealth Rock\n|turn|12\n|\n|t:|1622475548\n|move|p2a: Latios|Surf|p1a: Volcarona\n|-supereffective|p1a: Volcarona\n|-damage|p1a: Volcarona|0 fnt\n|faint|p1a: Volcarona\n|\n|-weather|Sandstorm|[upkeep]\n|-damage|p2a: Latios|82\/100|[from] Sandstorm\n|upkeep\n|\n|t:|1622475551\n|switch|p1a: Starmie|Starmie|82\/100\n|turn|13\n|inactive|Goootzinho has 150 seconds left.\n|\n|t:|1622475557\n|switch|p2a: Reuniclus|Reuniclus, M|100\/100\n|move|p1a: Starmie|Hydro Pump|p2a: Reuniclus\n|-damage|p2a: Reuniclus|35\/100\n|\n|-weather|Sandstorm|[upkeep]\n|-damage|p1a: Starmie|76\/100|[from] Sandstorm\n|-heal|p2a: Reuniclus|41\/100|[from] item: Leftovers\n|upkeep\n|turn|14\n|inactive|Goootzinho has 150 seconds left.\n|\n|t:|1622475567\n|move|p1a: Starmie|Hydro Pump|p2a: Reuniclus\n|-damage|p2a: Reuniclus|0 fnt\n|faint|p2a: Reuniclus\n|\n|-weather|Sandstorm|[upkeep]\n|-damage|p1a: Starmie|69\/100|[from] Sandstorm\n|upkeep\n|inactive|Goootzinho has 150 seconds left.\n|inactive|Goootzinho has 120 seconds left.\n|\n|t:|1622475627\n|switch|p2a: Alakazam|Alakazam, F|100\/100\n|turn|15\n|\n|t:|1622475640\n|switch|p1a: Breloom|Breloom, F|100\/100\n|move|p2a: Alakazam|Thunder Wave|p1a: Breloom\n|-status|p1a: Breloom|par\n|\n|-weather|Sandstorm|[upkeep]\n|-damage|p1a: Breloom|94\/100 par|[from] Sandstorm\n|upkeep\n|turn|16\n|\n|t:|1622475646\n|switch|p2a: Gliscor|Gliscor, M|100\/100\n|-damage|p2a: Gliscor|88\/100|[from] Stealth Rock\n|cant|p1a: Breloom|par\n|\n|-weather|Sandstorm|[upkeep]\n|-damage|p1a: Breloom|88\/100 par|[from] Sandstorm\n|-status|p2a: Gliscor|tox|[from] item: Toxic Orb\n|upkeep\n|turn|17\n|\n|t:|1622475648\n|move|p2a: Gliscor|Stealth Rock|p1a: Breloom\n|-sidestart|p1: soaring mind|move: Stealth Rock\n|move|p1a: Breloom|Swords Dance|p1a: Breloom\n|-boost|p1a: Breloom|atk|2\n|\n|-weather|Sandstorm|[upkeep]\n|-damage|p1a: Breloom|82\/100 par|[from] Sandstorm\n|-heal|p2a: Gliscor|100\/100 tox|[from] ability: Poison Heal\n|upkeep\n|turn|18\n|\n|t:|1622475655\n|move|p2a: Gliscor|U-turn|p1a: Breloom\n|-damage|p1a: Breloom|59\/100 par\n|\n|t:|1622475660\n|switch|p2a: Skarmory|Skarmory, F|99\/100|[from]move: U-turn\n|-damage|p2a: Skarmory|88\/100|[from] Stealth Rock\n|move|p1a: Breloom|Bullet Seed|p2a: Skarmory\n|-enditem|p1a: Breloom|Grass Gem|[from] gem\n|-resisted|p2a: Skarmory\n|-crit|p2a: Skarmory\n|-damage|p2a: Skarmory|64\/100\n|-resisted|p2a: Skarmory\n|-damage|p2a: Skarmory|52\/100\n|-resisted|p2a: Skarmory\n|-damage|p2a: Skarmory|40\/100\n|-resisted|p2a: Skarmory\n|-crit|p2a: Skarmory\n|-damage|p2a: Skarmory|14\/100\n|-resisted|p2a: Skarmory\n|-damage|p2a: Skarmory|3\/100\n|-hitcount|p2a: Skarmory|5\n|\n|-weather|Sandstorm|[upkeep]\n|-damage|p1a: Breloom|53\/100 par|[from] Sandstorm\n|-heal|p2a: Skarmory|9\/100|[from] item: Leftovers\n|upkeep\n|turn|19\n|\n|t:|1622475678\n|move|p1a: Breloom|Mach Punch|p2a: Skarmory\n|-damage|p2a: Skarmory|0 fnt\n|faint|p2a: Skarmory\n|\n|-weather|Sandstorm|[upkeep]\n|-damage|p1a: Breloom|47\/100 par|[from] Sandstorm\n|upkeep\n|inactive|Goootzinho has 120 seconds left.\n|\n|t:|1622475721\n|switch|p2a: Gliscor|Gliscor, M|100\/100 tox\n|-damage|p2a: Gliscor|88\/100 tox|[from] Stealth Rock\n|turn|20\n|\n|t:|1622475726\n|move|p2a: Gliscor|Earthquake|p1a: Breloom\n|-resisted|p1a: Breloom\n|-crit|p1a: Breloom\n|-damage|p1a: Breloom|0 fnt\n|faint|p1a: Breloom\n|\n|-weather|Sandstorm|[upkeep]\n|-heal|p2a: Gliscor|100\/100 tox|[from] ability: Poison Heal\n|upkeep\n|\n|t:|1622475729\n|switch|p1a: Starmie|Starmie|69\/100\n|-damage|p1a: Starmie|57\/100|[from] Stealth Rock\n|turn|21\n|\n|t:|1622475756\n|move|p2a: Gliscor|Protect|p2a: Gliscor\n|-singleturn|p2a: Gliscor|Protect\n|move|p1a: Starmie|Ice Beam|p2a: Gliscor\n|-activate|p2a: Gliscor|move: Protect\n|\n|-weather|Sandstorm|[upkeep]\n|-damage|p1a: Starmie|51\/100|[from] Sandstorm\n|upkeep\n|turn|22\n|inactive|Goootzinho has 90 seconds left.\n|inactive|Goootzinho has 60 seconds left.\n|\n|t:|1622475812\n|move|p2a: Gliscor|Protect|p2a: Gliscor\n|-singleturn|p2a: Gliscor|Protect\n|move|p1a: Starmie|Ice Beam|p2a: Gliscor\n|-activate|p2a: Gliscor|move: Protect\n|\n|-weather|Sandstorm|[upkeep]\n|-damage|p1a: Starmie|45\/100|[from] Sandstorm\n|upkeep\n|turn|23\n|inactive|Goootzinho has 30 seconds left.\n|\n|t:|1622475849\n|switch|p2a: Latios|Latios, M|82\/100\n|-damage|p2a: Latios|69\/100|[from] Stealth Rock\n|move|p1a: Starmie|Ice Beam|p2a: Latios\n|-supereffective|p2a: Latios\n|-damage|p2a: Latios|0 fnt\n|faint|p2a: Latios\n|\n|-weather|Sandstorm|[upkeep]\n|-damage|p1a: Starmie|39\/100|[from] Sandstorm\n|upkeep\n|inactive|Goootzinho has 30 seconds left this turn.\n|\n|t:|1622475856\n|switch|p2a: Gliscor|Gliscor, M|100\/100 tox\n|-damage|p2a: Gliscor|88\/100 tox|[from] Stealth Rock\n|turn|24\n|inactive|Goootzinho has 30 seconds left.\n|\n|t:|1622475872\n|move|p2a: Gliscor|Protect|p2a: Gliscor\n|-singleturn|p2a: Gliscor|Protect\n|move|p1a: Starmie|Ice Beam|p2a: Gliscor\n|-activate|p2a: Gliscor|move: Protect\n|\n|-weather|Sandstorm|[upkeep]\n|-damage|p1a: Starmie|33\/100|[from] Sandstorm\n|-heal|p2a: Gliscor|100\/100 tox|[from] ability: Poison Heal\n|upkeep\n|turn|25\n|inactive|soaring mind has 270 seconds left.\n|\n|t:|1622475909\n|move|p1a: Starmie|Rapid Spin|p2a: Gliscor\n|-damage|p2a: Gliscor|98\/100 tox\n|-sideend|p1: soaring mind|Stealth Rock|[from] move: Rapid Spin|[of] p1a: Starmie\n|move|p2a: Gliscor|Stealth Rock|p1a: Starmie\n|-sidestart|p1: soaring mind|move: Stealth Rock\n|\n|-weather|Sandstorm|[upkeep]\n|-damage|p1a: Starmie|27\/100|[from] Sandstorm\n|-heal|p2a: Gliscor|100\/100 tox|[from] ability: Poison Heal\n|upkeep\n|turn|26\n|\n|t:|1622475912\n|move|p1a: Starmie|Ice Beam|p2a: Gliscor\n|-supereffective|p2a: Gliscor\n|-damage|p2a: Gliscor|3\/100 tox\n|move|p2a: Gliscor|Stealth Rock||[still]\n|-fail|p2a: Gliscor\n|\n|-weather|Sandstorm|[upkeep]\n|-damage|p1a: Starmie|20\/100|[from] Sandstorm\n|-heal|p2a: Gliscor|16\/100 tox|[from] ability: Poison Heal\n|upkeep\n|turn|27\n|\n|t:|1622475917\n|move|p1a: Starmie|Ice Beam|p2a: Gliscor\n|-supereffective|p2a: Gliscor\n|-damage|p2a: Gliscor|0 fnt\n|faint|p2a: Gliscor\n|\n|-weather|Sandstorm|[upkeep]\n|-damage|p1a: Starmie|14\/100|[from] Sandstorm\n|upkeep\n|\n|t:|1622475919\n|switch|p2a: Alakazam|Alakazam, F|100\/100\n|turn|28\n|\n|t:|1622475922\n|move|p2a: Alakazam|Psychic|p1a: Starmie\n|-resisted|p1a: Starmie\n|-damage|p1a: Starmie|0 fnt\n|faint|p1a: Starmie\n|\n|-weather|Sandstorm|[upkeep]\n|upkeep\n|\n|t:|1622475924\n|switch|p1a: Dragonite|Dragonite, M|100\/100\n|-damage|p1a: Dragonite|76\/100|[from] Stealth Rock\n|turn|29\n|\n|t:|1622475933\n|move|p1a: Dragonite|Extreme Speed|p2a: Alakazam\n|-damage|p2a: Alakazam|19\/100\n|move|p2a: Alakazam|Hidden Power|p1a: Dragonite\n|-supereffective|p1a: Dragonite\n|-damage|p1a: Dragonite|0 fnt\n|faint|p1a: Dragonite\n|\n|win|Goootzinho\n","uploadtime":1622475934,"views":131,"p1id":"soaringmind","p2id":"goootzinho","formatid":"gen5ou","rating":0,"private":0,"password":null}