{"id":"smogtours-gen7ou-625381","p1":"egal\u2605vanc","p2":"LudwigFrog","format":"gen7ou","log":"|inactive|Battle timer is ON: inactive players will automatically lose when time's up.\n|t:|1652125923\n|gametype|singles\n|player|p1|egal\u2605vanc|hilbert|\n|player|p2|LudwigFrog|hilbert-wonderlauncher|\n|teamsize|p1|6\n|teamsize|p2|6\n|gen|7\n|tier|[Gen 7] OU\n|rule|Sleep Clause Mod: Limit one foe put to sleep\n|rule|Species Clause: Limit one of each Pok\u00e9mon\n|rule|OHKO Clause: OHKO moves are banned\n|rule|Moody Clause: Moody is banned\n|rule|Evasion Moves Clause: Evasion moves are banned\n|rule|Endless Battle Clause: Forcing endless battles is banned\n|rule|HP Percentage Mod: HP is shown in percentages\n|clearpoke\n|poke|p1|Alomomola, M|item\n|poke|p1|Mawile, M|item\n|poke|p1|Serperior, F|item\n|poke|p1|Garchomp, M|item\n|poke|p1|Tornadus-Therian, M|item\n|poke|p1|Tapu Koko|item\n|poke|p2|Rotom-Wash|item\n|poke|p2|Tornadus-Therian, M|item\n|poke|p2|Landorus-Therian, M|item\n|poke|p2|Mawile, F|item\n|poke|p2|Kommo-o, M|item\n|poke|p2|Magearna|item\n|teampreview\n|inactive|LudwigFrog also wants the timer to be on.\n|c|\u2606egal\u2605vanc|hf\n|c|\u2606LudwigFrog|hf\n|\n|t:|1652125934\n|start\n|switch|p1a: Mawile|Mawile, M|100\/100\n|switch|p2a: Magearna|Magearna|100\/100\n|-ability|p1a: Mawile|Intimidate|boost\n|-unboost|p2a: Magearna|atk|1\n|turn|1\n|\n|t:|1652125938\n|detailschange|p1a: Mawile|Mawile-Mega, M\n|-mega|p1a: Mawile|Mawile|Mawilite\n|move|p1a: Mawile|Fire Fang|p2a: Magearna\n|-supereffective|p2a: Magearna\n|-damage|p2a: Magearna|34\/100\n|move|p2a: Magearna|Volt Switch|p1a: Mawile\n|-damage|p1a: Mawile|70\/100\n|\n|t:|1652125942\n|switch|p2a: Landorus|Landorus-Therian, M|100\/100|[from]move: Volt Switch\n|-ability|p2a: Landorus|Intimidate|boost\n|-unboost|p1a: Mawile|atk|1\n|\n|upkeep\n|turn|2\n|\n|t:|1652125946\n|move|p2a: Landorus|Earthquake|p1a: Mawile\n|-supereffective|p1a: Mawile\n|-damage|p1a: Mawile|0 fnt\n|faint|p1a: Mawile\n|\n|upkeep\n|\n|t:|1652125948\n|switch|p1a: Garchomp|Garchomp, M|100\/100\n|turn|3\n|\n|t:|1652125951\n|switch|p2a: Mawile|Mawile, F|100\/100\n|-ability|p2a: Mawile|Intimidate|boost\n|-unboost|p1a: Garchomp|atk|1\n|move|p1a: Garchomp|Stealth Rock|p2a: Mawile\n|-sidestart|p2: LudwigFrog|move: Stealth Rock\n|\n|upkeep\n|turn|4\n|\n|t:|1652125958\n|detailschange|p2a: Mawile|Mawile-Mega, F\n|-mega|p2a: Mawile|Mawile|Mawilite\n|move|p1a: Garchomp|Flamethrower|p2a: Mawile\n|-supereffective|p2a: Mawile\n|-damage|p2a: Mawile|61\/100\n|move|p2a: Mawile|Play Rough|p1a: Garchomp\n|-supereffective|p1a: Garchomp\n|-damage|p1a: Garchomp|0 fnt\n|-damage|p2a: Mawile|49\/100|[from] ability: Rough Skin|[of] p1a: Garchomp\n|-damage|p2a: Mawile|32\/100|[from] item: Rocky Helmet|[of] p1a: Garchomp\n|faint|p1a: Garchomp\n|\n|upkeep\n|\n|t:|1652125966\n|switch|p1a: Tornadus|Tornadus-Therian, M|100\/100\n|turn|5\n|\n|t:|1652125970\n|-zpower|p1a: Tornadus\n|move|p1a: Tornadus|All-Out Pummeling|p2a: Mawile|[zeffect]\n|-damage|p2a: Mawile|0 fnt\n|faint|p2a: Mawile\n|\n|upkeep\n|\n|t:|1652125975\n|switch|p2a: Tornadus|Tornadus-Therian, M|100\/100\n|-damage|p2a: Tornadus|76\/100|[from] Stealth Rock\n|turn|6\n|\n|t:|1652125977\n|move|p1a: Tornadus|Hurricane|p2a: Tornadus\n|-damage|p2a: Tornadus|27\/100\n|move|p2a: Tornadus|Defog|p1a: Tornadus\n|-unboost|p1a: Tornadus|evasion|1\n|-sideend|p2: LudwigFrog|Stealth Rock|[from] move: Defog|[of] p2a: Tornadus\n|\n|upkeep\n|turn|7\n|\n|t:|1652125983\n|switch|p2a: Rotom|Rotom-Wash|100\/100\n|move|p1a: Tornadus|Knock Off|p2a: Rotom\n|-damage|p2a: Rotom|76\/100\n|-enditem|p2a: Rotom|Choice Scarf|[from] move: Knock Off|[of] p1a: Tornadus\n|\n|upkeep\n|turn|8\n|\n|t:|1652125989\n|switch|p1a: Serperior|Serperior, F|100\/100\n|move|p2a: Rotom|Trick|p1a: Serperior\n|-activate|p2a: Rotom|move: Trick|[of] p1a: Serperior\n|-enditem|p1a: Serperior|Leftovers|[silent]|[from] move: Trick\n|-item|p2a: Rotom|Leftovers|[from] move: Trick\n|\n|-heal|p2a: Rotom|82\/100|[from] item: Leftovers\n|upkeep\n|turn|9\n|\n|t:|1652125997\n|switch|p2a: Kommo-o|Kommo-o, M|100\/100\n|move|p1a: Serperior|Substitute|p1a: Serperior\n|-start|p1a: Serperior|Substitute\n|-damage|p1a: Serperior|76\/100\n|\n|upkeep\n|turn|10\n|\n|t:|1652126000\n|move|p1a: Serperior|Glare|p2a: Kommo-o\n|-status|p2a: Kommo-o|par\n|move|p2a: Kommo-o|Close Combat|p1a: Serperior\n|-end|p1a: Serperior|Substitute\n|-unboost|p2a: Kommo-o|def|1\n|-unboost|p2a: Kommo-o|spd|1\n|\n|upkeep\n|turn|11\n|\n|t:|1652126005\n|move|p1a: Serperior|Substitute|p1a: Serperior\n|-start|p1a: Serperior|Substitute\n|-damage|p1a: Serperior|51\/100\n|move|p2a: Kommo-o|Close Combat|p1a: Serperior\n|-end|p1a: Serperior|Substitute\n|-unboost|p2a: Kommo-o|def|1\n|-unboost|p2a: Kommo-o|spd|1\n|\n|upkeep\n|turn|12\n|\n|t:|1652126008\n|switch|p1a: Tornadus|Tornadus-Therian, M|100\/100\n|move|p2a: Kommo-o|Close Combat|p1a: Tornadus\n|-resisted|p1a: Tornadus\n|-damage|p1a: Tornadus|71\/100\n|-unboost|p2a: Kommo-o|def|1\n|-unboost|p2a: Kommo-o|spd|1\n|\n|upkeep\n|turn|13\n|\n|t:|1652126012\n|switch|p1a: Serperior|Serperior, F|51\/100\n|switch|p2a: Rotom|Rotom-Wash|82\/100\n|\n|-heal|p2a: Rotom|88\/100|[from] item: Leftovers\n|upkeep\n|turn|14\n|\n|t:|1652126015\n|switch|p2a: Tornadus|Tornadus-Therian, M|60\/100\n|move|p1a: Serperior|Leech Seed|p2a: Tornadus\n|-start|p2a: Tornadus|move: Leech Seed\n|\n|-damage|p2a: Tornadus|48\/100|[from] Leech Seed|[of] p1a: Serperior\n|-heal|p1a: Serperior|63\/100|[silent]\n|upkeep\n|turn|15\n|\n|t:|1652126019\n|switch|p1a: Alomomola|Alomomola, M|100\/100\n|move|p2a: Tornadus|U-turn|p1a: Alomomola\n|-damage|p1a: Alomomola|90\/100\n|\n|t:|1652126022\n|switch|p2a: Magearna|Magearna|34\/100|[from]move: U-turn\n|\n|-heal|p1a: Alomomola|96\/100|[from] item: Leftovers\n|-heal|p2a: Magearna|40\/100|[from] item: Leftovers\n|upkeep\n|turn|16\n|\n|t:|1652126025\n|move|p1a: Alomomola|Wish|p1a: Alomomola\n|move|p2a: Magearna|Pain Split|p1a: Alomomola\n|-sethp|p1a: Alomomola|63\/100|[from] move: Pain Split|[silent]\n|-sethp|p2a: Magearna|86\/100|[from] move: Pain Split\n|\n|-heal|p1a: Alomomola|69\/100|[from] item: Leftovers\n|-heal|p2a: Magearna|93\/100|[from] item: Leftovers\n|upkeep\n|turn|17\n|\n|t:|1652126027\n|switch|p1a: Serperior|Serperior, F|63\/100\n|move|p2a: Magearna|Ice Beam|p1a: Serperior\n|-supereffective|p1a: Serperior\n|-damage|p1a: Serperior|15\/100\n|\n|-heal|p1a: Serperior|85\/100|[from] move: Wish|[wisher] Alomomola\n|-heal|p2a: Magearna|99\/100|[from] item: Leftovers\n|upkeep\n|turn|18\n|\n|t:|1652126032\n|move|p1a: Serperior|Glare|p2a: Magearna\n|-status|p2a: Magearna|par\n|move|p2a: Magearna|Ice Beam|p1a: Serperior\n|-supereffective|p1a: Serperior\n|-damage|p1a: Serperior|36\/100\n|-status|p1a: Serperior|frz\n|\n|-heal|p2a: Magearna|100\/100 par|[from] item: Leftovers\n|upkeep\n|turn|19\n|\n|t:|1652126034\n|switch|p1a: Alomomola|Alomomola, M|100\/100\n|cant|p2a: Magearna|par\n|\n|upkeep\n|turn|20\n|\n|t:|1652126036\n|move|p1a: Alomomola|Wish|p1a: Alomomola\n|cant|p2a: Magearna|par\n|\n|upkeep\n|turn|21\n|\n|t:|1652126039\n|move|p1a: Alomomola|Scald|p2a: Magearna\n|-damage|p2a: Magearna|92\/100 par\n|move|p2a: Magearna|Volt Switch|p1a: Alomomola\n|-supereffective|p1a: Alomomola\n|-damage|p1a: Alomomola|71\/100\n|\n|t:|1652126043\n|switch|p2a: Kommo-o|Kommo-o, M|100\/100 par|[from]move: Volt Switch\n|\n|-heal|p1a: Alomomola|100\/100|[from] move: Wish|[wisher] Alomomola\n|upkeep\n|turn|22\n|\n|t:|1652126045\n|switch|p1a: Tornadus|Tornadus-Therian, M|100\/100\n|move|p2a: Kommo-o|Stealth Rock|p1a: Tornadus\n|-sidestart|p1: egal\u2605vanc|move: Stealth Rock\n|\n|upkeep\n|turn|23\n|\n|t:|1652126052\n|move|p1a: Tornadus|Knock Off|p2a: Kommo-o\n|-resisted|p2a: Kommo-o\n|-damage|p2a: Kommo-o|93\/100 par\n|-enditem|p2a: Kommo-o|Leftovers|[from] move: Knock Off|[of] p1a: Tornadus\n|move|p2a: Kommo-o|Toxic|p1a: Tornadus\n|-status|p1a: Tornadus|tox\n|\n|-damage|p1a: Tornadus|95\/100 tox|[from] psn\n|upkeep\n|turn|24\n|\n|t:|1652126056\n|switch|p2a: Tornadus|Tornadus-Therian, M|81\/100\n|move|p1a: Tornadus|Defog|p2a: Tornadus\n|-unboost|p2a: Tornadus|evasion|1\n|-sideend|p1: egal\u2605vanc|Stealth Rock|[from] move: Defog|[of] p1a: Tornadus\n|\n|-damage|p1a: Tornadus|83\/100 tox|[from] psn\n|upkeep\n|turn|25\n|\n|t:|1652126059\n|switch|p1a: Tapu Koko|Tapu Koko|100\/100\n|-fieldstart|move: Electric Terrain|[from] ability: Electric Surge|[of] p1a: Tapu Koko\n|move|p2a: Tornadus|U-turn|p1a: Tapu Koko\n|-resisted|p1a: Tapu Koko\n|-damage|p1a: Tapu Koko|91\/100\n|\n|t:|1652126061\n|switch|p2a: Landorus|Landorus-Therian, M|100\/100|[from]move: U-turn\n|-ability|p2a: Landorus|Intimidate|boost\n|-unboost|p1a: Tapu Koko|atk|1\n|\n|upkeep\n|turn|26\n|\n|t:|1652126064\n|switch|p1a: Alomomola|Alomomola, M|100\/100\n|-zpower|p2a: Landorus\n|move|p2a: Landorus|Continental Crush|p1a: Alomomola|[zeffect]\n|-damage|p1a: Alomomola|55\/100\n|\n|-heal|p1a: Alomomola|61\/100|[from] item: Leftovers\n|upkeep\n|turn|27\n|\n|t:|1652126069\n|move|p2a: Landorus|Swords Dance|p2a: Landorus\n|-boost|p2a: Landorus|atk|2\n|move|p1a: Alomomola|Scald|p2a: Landorus\n|-supereffective|p2a: Landorus\n|-damage|p2a: Landorus|63\/100\n|\n|-heal|p1a: Alomomola|67\/100|[from] item: Leftovers\n|upkeep\n|turn|28\n|\n|t:|1652126073\n|switch|p1a: Tornadus|Tornadus-Therian, M|100\/100 tox\n|move|p2a: Landorus|Earthquake|p1a: Tornadus\n|-immune|p1a: Tornadus\n|\n|-damage|p1a: Tornadus|95\/100 tox|[from] psn\n|upkeep\n|turn|29\n|\n|t:|1652126079\n|switch|p1a: Tapu Koko|Tapu Koko|91\/100\n|move|p2a: Landorus|Stone Edge|p1a: Tapu Koko\n|-damage|p1a: Tapu Koko|0 fnt\n|faint|p1a: Tapu Koko\n|\n|-fieldend|move: Electric Terrain\n|upkeep\n|\n|t:|1652126081\n|switch|p1a: Tornadus|Tornadus-Therian, M|100\/100 tox\n|turn|30\n|c|\u2606egal\u2605vanc|gg\n|\n|t:|1652126084\n|move|p1a: Tornadus|Hurricane|p2a: Landorus\n|-damage|p2a: Landorus|0 fnt\n|faint|p2a: Landorus\n|\n|-damage|p1a: Tornadus|95\/100 tox|[from] psn\n|upkeep\n|c|\u2606egal\u2605vanc|o\n|\n|t:|1652126089\n|switch|p2a: Rotom|Rotom-Wash|88\/100\n|turn|31\n|c|\u2606egal\u2605vanc|it killed\n|c|\u2606egal\u2605vanc|im bad kek xd\n|c|\u2606LudwigFrog|not over yet\n|\n|t:|1652126096\n|switch|p1a: Alomomola|Alomomola, M|100\/100\n|move|p2a: Rotom|Volt Switch|p1a: Alomomola\n|-supereffective|p1a: Alomomola\n|-damage|p1a: Alomomola|53\/100\n|\n|t:|1652126099\n|switch|p2a: Kommo-o|Kommo-o, M|93\/100 par|[from]move: Volt Switch\n|\n|-heal|p1a: Alomomola|59\/100|[from] item: Leftovers\n|upkeep\n|turn|32\n|\n|t:|1652126103\n|switch|p1a: Tornadus|Tornadus-Therian, M|100\/100 tox\n|cant|p2a: Kommo-o|par\n|\n|-damage|p1a: Tornadus|95\/100 tox|[from] psn\n|upkeep\n|turn|33\n|\n|t:|1652126107\n|switch|p2a: Rotom|Rotom-Wash|88\/100\n|move|p1a: Tornadus|Hurricane|p2a: Rotom\n|-resisted|p2a: Rotom\n|-damage|p2a: Rotom|58\/100\n|\n|-heal|p2a: Rotom|64\/100|[from] item: Leftovers\n|-damage|p1a: Tornadus|83\/100 tox|[from] psn\n|upkeep\n|turn|34\n|\n|t:|1652126111\n|switch|p1a: Alomomola|Alomomola, M|92\/100\n|move|p2a: Rotom|Volt Switch|p1a: Alomomola\n|-supereffective|p1a: Alomomola\n|-damage|p1a: Alomomola|47\/100\n|\n|t:|1652126113\n|switch|p2a: Kommo-o|Kommo-o, M|93\/100 par|[from]move: Volt Switch\n|\n|-heal|p1a: Alomomola|54\/100|[from] item: Leftovers\n|upkeep\n|turn|35\n|\n|t:|1652126118\n|switch|p1a: Tornadus|Tornadus-Therian, M|100\/100 tox\n|cant|p2a: Kommo-o|par\n|\n|-damage|p1a: Tornadus|95\/100 tox|[from] psn\n|upkeep\n|turn|36\n|\n|t:|1652126122\n|switch|p2a: Tornadus|Tornadus-Therian, M|100\/100\n|move|p1a: Tornadus|Knock Off|p2a: Tornadus\n|-damage|p2a: Tornadus|78\/100\n|-damage|p1a: Tornadus|78\/100 tox|[from] item: Rocky Helmet|[of] p2a: Tornadus\n|-enditem|p2a: Tornadus|Rocky Helmet|[from] move: Knock Off|[of] p1a: Tornadus\n|\n|-damage|p1a: Tornadus|66\/100 tox|[from] psn\n|upkeep\n|turn|37\n|\n|t:|1652126126\n|switch|p1a: Alomomola|Alomomola, M|87\/100\n|move|p2a: Tornadus|U-turn|p1a: Alomomola\n|-damage|p1a: Alomomola|76\/100\n|\n|t:|1652126128\n|switch|p2a: Kommo-o|Kommo-o, M|93\/100 par|[from]move: U-turn\n|\n|-heal|p1a: Alomomola|82\/100|[from] item: Leftovers\n|upkeep\n|turn|38\n|\n|t:|1652126129\n|switch|p1a: Tornadus|Tornadus-Therian, M|99\/100 tox\n|move|p2a: Kommo-o|Stealth Rock|p1a: Tornadus\n|-sidestart|p1: egal\u2605vanc|move: Stealth Rock\n|\n|-damage|p1a: Tornadus|93\/100 tox|[from] psn\n|upkeep\n|turn|39\n|\n|t:|1652126133\n|switch|p2a: Rotom|Rotom-Wash|64\/100\n|move|p1a: Tornadus|Defog|p2a: Rotom\n|-unboost|p2a: Rotom|evasion|1\n|-sideend|p1: egal\u2605vanc|Stealth Rock|[from] move: Defog|[of] p1a: Tornadus\n|\n|-heal|p2a: Rotom|70\/100|[from] item: Leftovers\n|-damage|p1a: Tornadus|81\/100 tox|[from] psn\n|upkeep\n|turn|40\n|\n|t:|1652126136\n|switch|p1a: Alomomola|Alomomola, M|100\/100\n|move|p2a: Rotom|Thunder Wave|p1a: Alomomola\n|-status|p1a: Alomomola|par\n|\n|-heal|p2a: Rotom|76\/100|[from] item: Leftovers\n|upkeep\n|turn|41\n|\n|t:|1652126141\n|move|p2a: Rotom|Trick|p1a: Alomomola\n|-activate|p2a: Rotom|move: Trick|[of] p1a: Alomomola\n|-item|p1a: Alomomola|Leftovers|[from] move: Trick\n|-item|p2a: Rotom|Leftovers|[from] move: Trick\n|move|p1a: Alomomola|Wish|p1a: Alomomola\n|\n|-heal|p2a: Rotom|82\/100|[from] item: Leftovers\n|upkeep\n|turn|42\n|c|\u2606LudwigFrog|oops\n|\n|t:|1652126147\n|switch|p1a: Serperior|Serperior, F|36\/100 frz\n|move|p2a: Rotom|Volt Switch|p1a: Serperior\n|-resisted|p1a: Serperior\n|-damage|p1a: Serperior|20\/100 frz\n|\n|t:|1652126151\n|switch|p2a: Tornadus|Tornadus-Therian, M|100\/100|[from]move: Volt Switch\n|\n|-heal|p1a: Serperior|91\/100 frz|[from] move: Wish|[wisher] Alomomola\n|upkeep\n|turn|43\n|\n|t:|1652126154\n|switch|p1a: Alomomola|Alomomola, M|100\/100 par\n|move|p2a: Tornadus|Hurricane|p1a: Alomomola\n|-damage|p1a: Alomomola|70\/100 par\n|\n|-heal|p1a: Alomomola|76\/100 par|[from] item: Leftovers\n|upkeep\n|turn|44\n|\n|t:|1652126156\n|switch|p1a: Tornadus|Tornadus-Therian, M|100\/100 tox\n|move|p2a: Tornadus|Knock Off|p1a: Tornadus\n|-damage|p1a: Tornadus|82\/100 tox\n|\n|-damage|p1a: Tornadus|76\/100 tox|[from] psn\n|upkeep\n|turn|45\n|\n|t:|1652126159\n|switch|p1a: Alomomola|Alomomola, M|100\/100 par\n|move|p2a: Tornadus|U-turn|p1a: Alomomola\n|-damage|p1a: Alomomola|91\/100 par\n|\n|t:|1652126163\n|switch|p2a: Rotom|Rotom-Wash|82\/100|[from]move: U-turn\n|\n|-heal|p2a: Rotom|88\/100|[from] item: Leftovers\n|-heal|p1a: Alomomola|97\/100 par|[from] item: Leftovers\n|upkeep\n|turn|46\n|\n|t:|1652126169\n|move|p2a: Rotom|Volt Switch|p1a: Alomomola\n|-supereffective|p1a: Alomomola\n|-damage|p1a: Alomomola|49\/100 par\n|\n|t:|1652126173\n|switch|p2a: Kommo-o|Kommo-o, M|93\/100 par|[from]move: Volt Switch\n|move|p1a: Alomomola|Toxic||[still]\n|-fail|p1a: Alomomola\n|\n|-heal|p1a: Alomomola|55\/100 par|[from] item: Leftovers\n|upkeep\n|turn|47\n|\n|t:|1652126177\n|switch|p2a: Rotom|Rotom-Wash|88\/100\n|switch|p1a: Tornadus|Tornadus-Therian, M|100\/100 tox\n|\n|-heal|p2a: Rotom|94\/100|[from] item: Leftovers\n|-damage|p1a: Tornadus|95\/100 tox|[from] psn\n|upkeep\n|turn|48\n|\n|t:|1652126180\n|switch|p1a: Alomomola|Alomomola, M|89\/100 par\n|move|p2a: Rotom|Volt Switch|p1a: Alomomola\n|-supereffective|p1a: Alomomola\n|-crit|p1a: Alomomola\n|-damage|p1a: Alomomola|14\/100 par\n|\n|t:|1652126183\n|switch|p2a: Tornadus|Tornadus-Therian, M|100\/100|[from]move: Volt Switch\n|\n|-heal|p1a: Alomomola|20\/100 par|[from] item: Leftovers\n|upkeep\n|turn|49\n|\n|t:|1652126186\n|switch|p1a: Tornadus|Tornadus-Therian, M|100\/100 tox\n|move|p2a: Tornadus|Knock Off|p1a: Tornadus\n|-damage|p1a: Tornadus|83\/100 tox\n|\n|-damage|p1a: Tornadus|77\/100 tox|[from] psn\n|upkeep\n|turn|50\n|\n|t:|1652126192\n|move|p1a: Tornadus|Hurricane|p2a: Tornadus\n|-damage|p2a: Tornadus|51\/100\n|move|p2a: Tornadus|Hurricane|p1a: Tornadus\n|-damage|p1a: Tornadus|29\/100 tox\n|\n|-damage|p1a: Tornadus|17\/100 tox|[from] psn\n|upkeep\n|turn|51\n|\n|t:|1652126197\n|switch|p1a: Alomomola|Alomomola, M|54\/100 par\n|switch|p2a: Rotom|Rotom-Wash|94\/100\n|\n|-heal|p2a: Rotom|100\/100|[from] item: Leftovers\n|-heal|p1a: Alomomola|60\/100 par|[from] item: Leftovers\n|upkeep\n|turn|52\n|\n|t:|1652126200\n|switch|p1a: Serperior|Serperior, F|91\/100 frz\n|move|p2a: Rotom|Volt Switch|p1a: Serperior\n|-resisted|p1a: Serperior\n|-damage|p1a: Serperior|76\/100 frz\n|\n|t:|1652126202\n|switch|p2a: Tornadus|Tornadus-Therian, M|84\/100|[from]move: Volt Switch\n|\n|upkeep\n|turn|53\n|\n|t:|1652126206\n|switch|p1a: Alomomola|Alomomola, M|93\/100 par\n|move|p2a: Tornadus|U-turn|p1a: Alomomola\n|-damage|p1a: Alomomola|83\/100 par\n|\n|t:|1652126208\n|switch|p2a: Rotom|Rotom-Wash|100\/100|[from]move: U-turn\n|\n|-heal|p1a: Alomomola|89\/100 par|[from] item: Leftovers\n|upkeep\n|turn|54\n|\n|t:|1652126213\n|move|p2a: Rotom|Volt Switch|p1a: Alomomola\n|-supereffective|p1a: Alomomola\n|-damage|p1a: Alomomola|40\/100 par\n|\n|t:|1652126216\n|switch|p2a: Kommo-o|Kommo-o, M|93\/100 par|[from]move: Volt Switch\n|move|p1a: Alomomola|Toxic||[still]\n|-fail|p1a: Alomomola\n|\n|-heal|p1a: Alomomola|46\/100 par|[from] item: Leftovers\n|upkeep\n|turn|55\n|\n|t:|1652126220\n|switch|p1a: Tornadus|Tornadus-Therian, M|50\/100 tox\n|cant|p2a: Kommo-o|par\n|\n|-damage|p1a: Tornadus|44\/100 tox|[from] psn\n|upkeep\n|turn|56\n|\n|t:|1652126223\n|switch|p1a: Alomomola|Alomomola, M|79\/100 par\n|move|p2a: Kommo-o|Stealth Rock|p1a: Alomomola\n|-sidestart|p1: egal\u2605vanc|move: Stealth Rock\n|\n|-heal|p1a: Alomomola|85\/100 par|[from] item: Leftovers\n|upkeep\n|turn|57\n|\n|t:|1652126226\n|move|p2a: Kommo-o|Taunt|p1a: Alomomola\n|-start|p1a: Alomomola|move: Taunt\n|cant|p1a: Alomomola|move: Taunt|Wish\n|\n|-heal|p1a: Alomomola|92\/100 par|[from] item: Leftovers\n|upkeep\n|turn|58\n|\n|t:|1652126229\n|move|p2a: Kommo-o|Close Combat|p1a: Alomomola\n|-damage|p1a: Alomomola|60\/100 par\n|-unboost|p2a: Kommo-o|def|1\n|-unboost|p2a: Kommo-o|spd|1\n|move|p1a: Alomomola|Scald|p2a: Kommo-o\n|-resisted|p2a: Kommo-o\n|-damage|p2a: Kommo-o|86\/100 par\n|\n|-heal|p1a: Alomomola|67\/100 par|[from] item: Leftovers\n|upkeep\n|turn|59\n|\n|t:|1652126233\n|move|p2a: Kommo-o|Close Combat|p1a: Alomomola\n|-damage|p1a: Alomomola|35\/100 par\n|-unboost|p2a: Kommo-o|def|1\n|-unboost|p2a: Kommo-o|spd|1\n|cant|p1a: Alomomola|par\n|\n|-heal|p1a: Alomomola|42\/100 par|[from] item: Leftovers\n|-end|p1a: Alomomola|move: Taunt\n|upkeep\n|turn|60\n|\n|t:|1652126236\n|cant|p2a: Kommo-o|par\n|cant|p1a: Alomomola|par\n|\n|-heal|p1a: Alomomola|48\/100 par|[from] item: Leftovers\n|upkeep\n|turn|61\n|\n|t:|1652126242\n|move|p2a: Kommo-o|Close Combat|p1a: Alomomola\n|-damage|p1a: Alomomola|14\/100 par\n|-unboost|p2a: Kommo-o|def|1\n|-unboost|p2a: Kommo-o|spd|1\n|cant|p1a: Alomomola|par\n|\n|-heal|p1a: Alomomola|20\/100 par|[from] item: Leftovers\n|upkeep\n|turn|62\n|\n|t:|1652126247\n|switch|p1a: Tornadus|Tornadus-Therian, M|77\/100 tox\n|-damage|p1a: Tornadus|52\/100 tox|[from] Stealth Rock\n|move|p2a: Kommo-o|Close Combat|p1a: Tornadus\n|-resisted|p1a: Tornadus\n|-damage|p1a: Tornadus|23\/100 tox\n|-unboost|p2a: Kommo-o|def|1\n|-unboost|p2a: Kommo-o|spd|1\n|\n|-damage|p1a: Tornadus|17\/100 tox|[from] psn\n|upkeep\n|turn|63\n|\n|t:|1652126251\n|switch|p1a: Alomomola|Alomomola, M|54\/100 par\n|-damage|p1a: Alomomola|41\/100 par|[from] Stealth Rock\n|move|p2a: Kommo-o|Close Combat|p1a: Alomomola\n|-damage|p1a: Alomomola|9\/100 par\n|-unboost|p2a: Kommo-o|def|1\n|-unboost|p2a: Kommo-o|spd|1\n|\n|-heal|p1a: Alomomola|16\/100 par|[from] item: Leftovers\n|upkeep\n|turn|64\n|\n|t:|1652126256\n|switch|p1a: Serperior|Serperior, F|76\/100 frz\n|-damage|p1a: Serperior|63\/100 frz|[from] Stealth Rock\n|move|p2a: Kommo-o|Taunt|p1a: Serperior\n|-start|p1a: Serperior|move: Taunt\n|\n|upkeep\n|turn|65\n|\n|t:|1652126259\n|switch|p1a: Alomomola|Alomomola, M|49\/100 par\n|-damage|p1a: Alomomola|37\/100 par|[from] Stealth Rock\n|switch|p2a: Tornadus|Tornadus-Therian, M|100\/100\n|\n|-heal|p1a: Alomomola|43\/100 par|[from] item: Leftovers\n|upkeep\n|turn|66\n|\n|t:|1652126262\n|move|p1a: Alomomola|Protect|p1a: Alomomola\n|-singleturn|p1a: Alomomola|Protect\n|move|p2a: Tornadus|Knock Off|p1a: Alomomola\n|-activate|p1a: Alomomola|move: Protect\n|\n|-heal|p1a: Alomomola|49\/100 par|[from] item: Leftovers\n|upkeep\n|turn|67\n|\n|t:|1652126264\n|move|p2a: Tornadus|Knock Off|p1a: Alomomola\n|-damage|p1a: Alomomola|35\/100 par\n|-enditem|p1a: Alomomola|Leftovers|[from] move: Knock Off|[of] p2a: Tornadus\n|cant|p1a: Alomomola|par\n|\n|upkeep\n|turn|68\n|\n|t:|1652126270\n|move|p2a: Tornadus|Hurricane|p1a: Alomomola|[miss]\n|-miss|p2a: Tornadus|p1a: Alomomola\n|move|p1a: Alomomola|Wish|p1a: Alomomola\n|\n|upkeep\n|turn|69\n|\n|t:|1652126273\n|move|p1a: Alomomola|Protect|p1a: Alomomola\n|-singleturn|p1a: Alomomola|Protect\n|move|p2a: Tornadus|Hurricane|p1a: Alomomola\n|-activate|p1a: Alomomola|move: Protect\n|\n|-heal|p1a: Alomomola|85\/100 par|[from] move: Wish|[wisher] Alomomola\n|upkeep\n|turn|70\n|\n|t:|1652126275\n|move|p2a: Tornadus|Hurricane|p1a: Alomomola\n|-damage|p1a: Alomomola|52\/100 par\n|move|p1a: Alomomola|Wish|p1a: Alomomola\n|\n|upkeep\n|turn|71\n|\n|t:|1652126278\n|move|p2a: Tornadus|U-turn|p1a: Alomomola\n|-damage|p1a: Alomomola|41\/100 par\n|\n|t:|1652126280\n|switch|p2a: Rotom|Rotom-Wash|100\/100|[from]move: U-turn\n|move|p1a: Alomomola|Toxic|p2a: Rotom\n|-status|p2a: Rotom|tox\n|\n|-heal|p1a: Alomomola|91\/100 par|[from] move: Wish|[wisher] Alomomola\n|-damage|p2a: Rotom|94\/100 tox|[from] psn\n|upkeep\n|turn|72\n|\n|t:|1652126285\n|move|p2a: Rotom|Volt Switch|p1a: Alomomola\n|-supereffective|p1a: Alomomola\n|-damage|p1a: Alomomola|45\/100 par\n|\n|t:|1652126289\n|switch|p2a: Tornadus|Tornadus-Therian, M|100\/100|[from]move: Volt Switch\n|move|p1a: Alomomola|Wish|p1a: Alomomola\n|\n|upkeep\n|turn|73\n|\n|t:|1652126296\n|switch|p1a: Tornadus|Tornadus-Therian, M|50\/100 tox\n|-damage|p1a: Tornadus|25\/100 tox|[from] Stealth Rock\n|move|p2a: Tornadus|U-turn|p1a: Tornadus\n|-resisted|p1a: Tornadus\n|-crit|p1a: Tornadus\n|-damage|p1a: Tornadus|10\/100 tox\n|\n|t:|1652126298\n|switch|p2a: Rotom|Rotom-Wash|94\/100 tox|[from]move: U-turn\n|\n|-heal|p1a: Tornadus|89\/100 tox|[from] move: Wish|[wisher] Alomomola\n|-heal|p2a: Rotom|100\/100 tox|[from] item: Leftovers\n|-damage|p1a: Tornadus|83\/100 tox|[from] psn\n|-damage|p2a: Rotom|94\/100 tox|[from] psn\n|upkeep\n|turn|74\n|\n|t:|1652126304\n|move|p1a: Tornadus|Defog|p2a: Rotom\n|-unboost|p2a: Rotom|evasion|1\n|-sideend|p1: egal\u2605vanc|Stealth Rock|[from] move: Defog|[of] p1a: Tornadus\n|move|p2a: Rotom|Volt Switch|p1a: Tornadus\n|-supereffective|p1a: Tornadus\n|-damage|p1a: Tornadus|14\/100 tox\n|\n|t:|1652126308\n|switch|p2a: Tornadus|Tornadus-Therian, M|100\/100|[from]move: Volt Switch\n|\n|-damage|p1a: Tornadus|2\/100 tox|[from] psn\n|upkeep\n|turn|75\n|\n|t:|1652126311\n|switch|p1a: Alomomola|Alomomola, M|79\/100 par\n|move|p2a: Tornadus|U-turn|p1a: Alomomola\n|-damage|p1a: Alomomola|69\/100 par\n|\n|t:|1652126313\n|switch|p2a: Rotom|Rotom-Wash|94\/100 tox|[from]move: U-turn\n|\n|-heal|p2a: Rotom|100\/100 tox|[from] item: Leftovers\n|-damage|p2a: Rotom|94\/100 tox|[from] psn\n|upkeep\n|turn|76\n|\n|t:|1652126320\n|switch|p1a: Serperior|Serperior, F|63\/100 frz\n|move|p2a: Rotom|Volt Switch|p1a: Serperior\n|-resisted|p1a: Serperior\n|-damage|p1a: Serperior|48\/100 frz\n|\n|t:|1652126324\n|switch|p2a: Tornadus|Tornadus-Therian, M|100\/100|[from]move: Volt Switch\n|\n|upkeep\n|turn|77\n|\n|t:|1652126327\n|switch|p1a: Alomomola|Alomomola, M|100\/100 par\n|move|p2a: Tornadus|U-turn|p1a: Alomomola\n|-damage|p1a: Alomomola|90\/100 par\n|\n|t:|1652126329\n|switch|p2a: Rotom|Rotom-Wash|94\/100 tox|[from]move: U-turn\n|\n|-heal|p2a: Rotom|100\/100 tox|[from] item: Leftovers\n|-damage|p2a: Rotom|94\/100 tox|[from] psn\n|upkeep\n|turn|78\n|\n|t:|1652126333\n|move|p1a: Alomomola|Protect|p1a: Alomomola\n|-singleturn|p1a: Alomomola|Protect\n|move|p2a: Rotom|Volt Switch|p1a: Alomomola\n|-activate|p1a: Alomomola|move: Protect\n|\n|-heal|p2a: Rotom|100\/100 tox|[from] item: Leftovers\n|-damage|p2a: Rotom|88\/100 tox|[from] psn\n|upkeep\n|turn|79\n|\n|t:|1652126336\n|move|p2a: Rotom|Volt Switch|p1a: Alomomola\n|-supereffective|p1a: Alomomola\n|-damage|p1a: Alomomola|42\/100 par\n|\n|t:|1652126339\n|switch|p2a: Tornadus|Tornadus-Therian, M|100\/100|[from]move: Volt Switch\n|cant|p1a: Alomomola|par\n|\n|upkeep\n|turn|80\n|\n|t:|1652126345\n|move|p2a: Tornadus|Hurricane|p1a: Alomomola\n|-crit|p1a: Alomomola\n|-damage|p1a: Alomomola|0 fnt\n|faint|p1a: Alomomola\n|\n|upkeep\n|c|\u2606egal\u2605vanc|gg\n|c|\u2606LudwigFrog|oof\n|-message|egal\u2605vanc forfeited.\n|\n|win|LudwigFrog\n","uploadtime":1652126351,"views":62,"p1id":"egalvanc","p2id":"ludwigfrog","formatid":"gen7ou","rating":0,"private":0,"password":null}