{"id":"smogtours-gen7ou-652263","p1":"Lucians Call","p2":"Allen-xia","format":"gen7ou","log":"|inactive|Battle timer is ON: inactive players will automatically lose when time's up.\n|t:|1664722197\n|gametype|singles\n|player|p1|Lucians Call|furisodegirl-blue|\n|player|p2|Allen-xia|lisia|\n|teamsize|p1|6\n|teamsize|p2|6\n|gen|7\n|tier|[Gen 7] OU\n|rule|Sleep Clause Mod: Limit one foe put to sleep\n|rule|Species Clause: Limit one of each Pok\u00e9mon\n|rule|OHKO Clause: OHKO moves are banned\n|rule|Moody Clause: Moody is banned\n|rule|Evasion Items Clause: Evasion items are banned\n|rule|Evasion Moves Clause: Evasion moves are banned\n|rule|Endless Battle Clause: Forcing endless battles is banned\n|rule|HP Percentage Mod: HP is shown in percentages\n|clearpoke\n|poke|p1|Hoopa-Unbound|item\n|poke|p1|Venusaur, F|item\n|poke|p1|Landorus-Therian, M|item\n|poke|p1|Tapu Fini|item\n|poke|p1|Heatran, M|item\n|poke|p1|Jirachi|item\n|poke|p2|Diancie|item\n|poke|p2|Gastrodon-East, F|item\n|poke|p2|Tornadus-Therian, M|item\n|poke|p2|Magnezone|item\n|poke|p2|Celesteela|item\n|poke|p2|Tapu Bulu|item\n|teampreview\n|c|\u2606Lucians Call|hf\n|c|\u2606Allen-xia|hf\n|inactive|Lucians Call has 270 seconds left.\n|inactive|Allen-xia has 270 seconds left.\n|\n|t:|1664722240\n|start\n|switch|p1a: Landorus|Landorus-Therian, M|100\/100\n|switch|p2a: Tornadus|Tornadus-Therian, M|100\/100\n|-ability|p1a: Landorus|Intimidate|boost\n|-unboost|p2a: Tornadus|atk|1\n|turn|1\n|\n|t:|1664722251\n|switch|p1a: Heatran|Heatran, M|100\/100\n|move|p2a: Tornadus|Knock Off|p1a: Heatran\n|-damage|p1a: Heatran|89\/100\n|-enditem|p1a: Heatran|Leftovers|[from] move: Knock Off|[of] p2a: Tornadus\n|\n|upkeep\n|turn|2\n|\n|t:|1664722269\n|move|p2a: Tornadus|U-turn|p1a: Heatran\n|-resisted|p1a: Heatran\n|-damage|p1a: Heatran|87\/100\n|\n|t:|1664722271\n|switch|p2a: Gastrodon|Gastrodon-East, F|100\/100|[from]move: U-turn\n|move|p1a: Heatran|Toxic|p2a: Gastrodon\n|-status|p2a: Gastrodon|tox\n|\n|-damage|p2a: Gastrodon|94\/100 tox|[from] psn\n|upkeep\n|turn|3\n|\n|t:|1664722305\n|switch|p1a: Tapu Fini|Tapu Fini|100\/100\n|-fieldstart|move: Misty Terrain|[from] ability: Misty Surge|[of] p1a: Tapu Fini\n|move|p2a: Gastrodon|Scald|p1a: Tapu Fini\n|-resisted|p1a: Tapu Fini\n|-damage|p1a: Tapu Fini|91\/100\n|\n|-heal|p1a: Tapu Fini|98\/100|[from] item: Leftovers\n|-heal|p2a: Gastrodon|100\/100 tox|[from] item: Leftovers\n|-damage|p2a: Gastrodon|88\/100 tox|[from] psn\n|upkeep\n|turn|4\n|\n|t:|1664722314\n|switch|p2a: Tornadus|Tornadus-Therian, M|100\/100\n|move|p1a: Tapu Fini|Nature's Madness|p2a: Tornadus\n|-damage|p2a: Tornadus|51\/100\n|\n|-heal|p1a: Tapu Fini|100\/100|[from] item: Leftovers\n|upkeep\n|turn|5\n|\n|t:|1664722329\n|move|p2a: Tornadus|U-turn|p1a: Tapu Fini\n|-resisted|p1a: Tapu Fini\n|-damage|p1a: Tapu Fini|94\/100\n|\n|t:|1664722333\n|switch|p2a: Tapu Bulu|Tapu Bulu|100\/100|[from]move: U-turn\n|-fieldstart|move: Grassy Terrain|[from] ability: Grassy Surge|[of] p2a: Tapu Bulu\n|move|p1a: Tapu Fini|Moonblast|p2a: Tapu Bulu\n|-damage|p2a: Tapu Bulu|70\/100\n|\n|-heal|p1a: Tapu Fini|99\/100|[from] Grassy Terrain\n|-heal|p1a: Tapu Fini|100\/100|[from] item: Leftovers\n|-heal|p2a: Tapu Bulu|76\/100|[from] Grassy Terrain\n|-heal|p2a: Tapu Bulu|82\/100|[from] item: Leftovers\n|upkeep\n|turn|6\n|\n|t:|1664722341\n|switch|p1a: Landorus|Landorus-Therian, M|100\/100\n|-ability|p1a: Landorus|Intimidate|boost\n|-unboost|p2a: Tapu Bulu|atk|1\n|switch|p2a: Tornadus|Tornadus-Therian, M|84\/100\n|\n|upkeep\n|turn|7\n|\n|t:|1664722344\n|move|p2a: Tornadus|U-turn|p1a: Landorus\n|-resisted|p1a: Landorus\n|-damage|p1a: Landorus|93\/100\n|\n|t:|1664722348\n|switch|p2a: Celesteela|Celesteela|100\/100|[from]move: U-turn\n|-zpower|p1a: Landorus\n|move|p1a: Landorus|Continental Crush|p2a: Celesteela|[zeffect]\n|-damage|p2a: Celesteela|43\/100\n|\n|-heal|p2a: Celesteela|49\/100|[from] item: Leftovers\n|upkeep\n|turn|8\n|\n|t:|1664722359\n|move|p1a: Landorus|Stealth Rock|p2a: Celesteela\n|-sidestart|p2: Allen-xia|move: Stealth Rock\n|move|p2a: Celesteela|Leech Seed|p1a: Landorus\n|-start|p1a: Landorus|move: Leech Seed\n|\n|-heal|p2a: Celesteela|55\/100|[from] item: Leftovers\n|-damage|p1a: Landorus|80\/100|[from] Leech Seed|[of] p2a: Celesteela\n|-heal|p2a: Celesteela|66\/100|[silent]\n|upkeep\n|turn|9\n|\n|t:|1664722372\n|switch|p1a: Heatran|Heatran, M|87\/100\n|move|p2a: Celesteela|Leech Seed|p1a: Heatran\n|-start|p1a: Heatran|move: Leech Seed\n|\n|-heal|p1a: Heatran|93\/100|[from] Grassy Terrain\n|-heal|p2a: Celesteela|72\/100|[from] item: Leftovers\n|-damage|p1a: Heatran|80\/100|[from] Leech Seed|[of] p2a: Celesteela\n|-heal|p2a: Celesteela|84\/100|[silent]\n|-fieldend|move: Grassy Terrain\n|upkeep\n|turn|10\n|\n|t:|1664722376\n|switch|p1a: Verlisify Said So|Venusaur, F|100\/100\n|move|p2a: Celesteela|Protect||[still]\n|-fail|p2a: Celesteela\n|\n|-heal|p2a: Celesteela|90\/100|[from] item: Leftovers\n|upkeep\n|turn|11\n|\n|t:|1664722385\n|switch|p2a: Tornadus|Tornadus-Therian, M|100\/100\n|-damage|p2a: Tornadus|76\/100|[from] Stealth Rock\n|detailschange|p1a: Verlisify Said So|Venusaur-Mega, F\n|-mega|p1a: Verlisify Said So|Venusaur|Venusaurite\n|move|p1a: Verlisify Said So|Amnesia|p1a: Verlisify Said So\n|-boost|p1a: Verlisify Said So|spd|2\n|\n|upkeep\n|turn|12\n|inactive|Lucians Call has 270 seconds left.\n|inactive|Lucians Call has 240 seconds left.\n|\n|t:|1664722453\n|move|p2a: Tornadus|Hurricane|p1a: Verlisify Said So|[miss]\n|-miss|p2a: Tornadus|p1a: Verlisify Said So\n|move|p1a: Verlisify Said So|Amnesia|p1a: Verlisify Said So\n|-boost|p1a: Verlisify Said So|spd|2\n|\n|upkeep\n|turn|13\n|\n|t:|1664722461\n|move|p2a: Tornadus|Hurricane|p1a: Verlisify Said So\n|-supereffective|p1a: Verlisify Said So\n|-damage|p1a: Verlisify Said So|79\/100\n|-start|p1a: Verlisify Said So|confusion\n|-activate|p1a: Verlisify Said So|confusion\n|move|p1a: Verlisify Said So|Curse|p1a: Verlisify Said So\n|-unboost|p1a: Verlisify Said So|spe|1\n|-boost|p1a: Verlisify Said So|atk|1\n|-boost|p1a: Verlisify Said So|def|1\n|\n|upkeep\n|turn|14\n|inactive|Allen-xia has 270 seconds left.\n|c|+lnternal|DONT RUN DONT TRIP\n|inactive|Allen-xia has 240 seconds left.\n|\n|t:|1664722532\n|move|p2a: Tornadus|Hurricane|p1a: Verlisify Said So\n|-supereffective|p1a: Verlisify Said So\n|-damage|p1a: Verlisify Said So|57\/100\n|-end|p1a: Verlisify Said So|confusion\n|move|p1a: Verlisify Said So|Curse|p1a: Verlisify Said So\n|-unboost|p1a: Verlisify Said So|spe|1\n|-boost|p1a: Verlisify Said So|atk|1\n|-boost|p1a: Verlisify Said So|def|1\n|\n|upkeep\n|turn|15\n|\n|t:|1664722552\n|move|p2a: Tornadus|U-turn|p1a: Verlisify Said So\n|-damage|p1a: Verlisify Said So|53\/100\n|\n|t:|1664722553\n|switch|p2a: Celesteela|Celesteela|90\/100|[from]move: U-turn\n|-damage|p2a: Celesteela|78\/100|[from] Stealth Rock\n|move|p1a: Verlisify Said So|Synthesis|p1a: Verlisify Said So\n|-heal|p1a: Verlisify Said So|100\/100\n|\n|-heal|p2a: Celesteela|84\/100|[from] item: Leftovers\n|upkeep\n|turn|16\n|\n|t:|1664722556\n|move|p2a: Celesteela|Flamethrower|p1a: Verlisify Said So\n|-supereffective|p1a: Verlisify Said So\n|-damage|p1a: Verlisify Said So|93\/100\n|-status|p1a: Verlisify Said So|brn\n|move|p1a: Verlisify Said So|Curse|p1a: Verlisify Said So\n|-unboost|p1a: Verlisify Said So|spe|1\n|-boost|p1a: Verlisify Said So|atk|1\n|-boost|p1a: Verlisify Said So|def|1\n|\n|-heal|p2a: Celesteela|90\/100|[from] item: Leftovers\n|-damage|p1a: Verlisify Said So|87\/100 brn|[from] brn\n|upkeep\n|turn|17\n|c|\u2606Lucians Call|thats crazy\n|inactive|Allen-xia has 240 seconds left.\n|\n|t:|1664722566\n|switch|p2a: Tornadus|Tornadus-Therian, M|100\/100\n|-damage|p2a: Tornadus|76\/100|[from] Stealth Rock\n|move|p1a: Verlisify Said So|Curse|p1a: Verlisify Said So\n|-unboost|p1a: Verlisify Said So|spe|1\n|-boost|p1a: Verlisify Said So|atk|1\n|-boost|p1a: Verlisify Said So|def|1\n|\n|-damage|p1a: Verlisify Said So|81\/100 brn|[from] brn\n|upkeep\n|turn|18\n|\n|t:|1664722583\n|move|p2a: Tornadus|Hurricane|p1a: Verlisify Said So\n|-supereffective|p1a: Verlisify Said So\n|-damage|p1a: Verlisify Said So|58\/100 brn\n|-start|p1a: Verlisify Said So|confusion\n|-activate|p1a: Verlisify Said So|confusion\n|move|p1a: Verlisify Said So|Amnesia|p1a: Verlisify Said So\n|-boost|p1a: Verlisify Said So|spd|2\n|\n|-damage|p1a: Verlisify Said So|52\/100 brn|[from] brn\n|upkeep\n|turn|19\n|\n|t:|1664722590\n|move|p2a: Tornadus|Hurricane|p1a: Verlisify Said So\n|-supereffective|p1a: Verlisify Said So\n|-damage|p1a: Verlisify Said So|35\/100 brn\n|-activate|p1a: Verlisify Said So|confusion\n|move|p1a: Verlisify Said So|Synthesis|p1a: Verlisify Said So\n|-heal|p1a: Verlisify Said So|85\/100 brn\n|\n|-damage|p1a: Verlisify Said So|79\/100 brn|[from] brn\n|upkeep\n|turn|20\n|\n|t:|1664722596\n|move|p2a: Tornadus|Hurricane|p1a: Verlisify Said So\n|-supereffective|p1a: Verlisify Said So\n|-damage|p1a: Verlisify Said So|62\/100 brn\n|-end|p1a: Verlisify Said So|confusion\n|move|p1a: Verlisify Said So|Curse|p1a: Verlisify Said So\n|-unboost|p1a: Verlisify Said So|spe|1\n|-boost|p1a: Verlisify Said So|atk|1\n|-boost|p1a: Verlisify Said So|def|1\n|\n|-damage|p1a: Verlisify Said So|56\/100 brn|[from] brn\n|upkeep\n|turn|21\n|\n|t:|1664722605\n|move|p2a: Tornadus|Hurricane|p1a: Verlisify Said So\n|-supereffective|p1a: Verlisify Said So\n|-damage|p1a: Verlisify Said So|38\/100 brn\n|move|p1a: Verlisify Said So|Synthesis|p1a: Verlisify Said So\n|-heal|p1a: Verlisify Said So|88\/100 brn\n|\n|-damage|p1a: Verlisify Said So|82\/100 brn|[from] brn\n|upkeep\n|turn|22\n|\n|t:|1664722610\n|move|p2a: Tornadus|Hurricane|p1a: Verlisify Said So|[miss]\n|-miss|p2a: Tornadus|p1a: Verlisify Said So\n|move|p1a: Verlisify Said So|Curse|p1a: Verlisify Said So\n|-unboost|p1a: Verlisify Said So|spe|1\n|-boost|p1a: Verlisify Said So|atk|1\n|-boost|p1a: Verlisify Said So|def|1\n|\n|-damage|p1a: Verlisify Said So|76\/100 brn|[from] brn\n|upkeep\n|turn|23\n|\n|t:|1664722615\n|move|p2a: Tornadus|Hurricane|p1a: Verlisify Said So\n|-supereffective|p1a: Verlisify Said So\n|-damage|p1a: Verlisify Said So|59\/100 brn\n|move|p1a: Verlisify Said So|Fury Cutter|p2a: Tornadus|[miss]\n|-miss|p1a: Verlisify Said So|p2a: Tornadus\n|\n|-damage|p1a: Verlisify Said So|53\/100 brn|[from] brn\n|upkeep\n|turn|24\n|c|\u2606Lucians Call|.\n|c|+Monai|fury what\n|\n|t:|1664722634\n|move|p2a: Tornadus|Hurricane|p1a: Verlisify Said So\n|-supereffective|p1a: Verlisify Said So\n|-damage|p1a: Verlisify Said So|36\/100 brn\n|move|p1a: Verlisify Said So|Synthesis|p1a: Verlisify Said So\n|-heal|p1a: Verlisify Said So|86\/100 brn\n|\n|-damage|p1a: Verlisify Said So|80\/100 brn|[from] brn\n|upkeep\n|turn|25\n|\n|t:|1664722638\n|move|p2a: Tornadus|Hurricane|p1a: Verlisify Said So|[miss]\n|-miss|p2a: Tornadus|p1a: Verlisify Said So\n|move|p1a: Verlisify Said So|Fury Cutter|p2a: Tornadus\n|-resisted|p2a: Tornadus\n|-damage|p2a: Tornadus|66\/100\n|-damage|p1a: Verlisify Said So|64\/100 brn|[from] item: Rocky Helmet|[of] p2a: Tornadus\n|\n|-damage|p1a: Verlisify Said So|58\/100 brn|[from] brn\n|upkeep\n|turn|26\n|\n|t:|1664722648\n|move|p2a: Tornadus|U-turn|p1a: Verlisify Said So\n|-crit|p1a: Verlisify Said So\n|-damage|p1a: Verlisify Said So|44\/100 brn\n|\n|t:|1664722653\n|switch|p2a: Celesteela|Celesteela|90\/100|[from]move: U-turn\n|-damage|p2a: Celesteela|78\/100|[from] Stealth Rock\n|move|p1a: Verlisify Said So|Fury Cutter|p2a: Celesteela\n|-resisted|p2a: Celesteela\n|-damage|p2a: Celesteela|71\/100\n|\n|-heal|p2a: Celesteela|77\/100|[from] item: Leftovers\n|-damage|p1a: Verlisify Said So|38\/100 brn|[from] brn\n|upkeep\n|turn|27\n|\n|t:|1664722657\n|move|p2a: Celesteela|Heavy Slam|p1a: Verlisify Said So\n|-crit|p1a: Verlisify Said So\n|-damage|p1a: Verlisify Said So|0 fnt\n|faint|p1a: Verlisify Said So\n|-ability|p2a: Celesteela|Beast Boost|boost\n|-boost|p2a: Celesteela|spd|1\n|\n|-heal|p2a: Celesteela|83\/100|[from] item: Leftovers\n|upkeep\n|\n|t:|1664722686\n|switch|p1a: Hoopa|Hoopa-Unbound|100\/100\n|turn|28\n|\n|t:|1664722709\n|move|p1a: Hoopa|Hyperspace Fury|p2a: Celesteela\n|-damage|p2a: Celesteela|13\/100\n|-unboost|p1a: Hoopa|def|1\n|move|p2a: Celesteela|Heavy Slam|p1a: Hoopa\n|-damage|p1a: Hoopa|51\/100\n|\n|-heal|p2a: Celesteela|19\/100|[from] item: Leftovers\n|upkeep\n|turn|29\n|\n|t:|1664722719\n|switch|p2a: Tapu Bulu|Tapu Bulu|82\/100\n|-damage|p2a: Tapu Bulu|70\/100|[from] Stealth Rock\n|-fieldstart|move: Grassy Terrain|[from] ability: Grassy Surge|[of] p2a: Tapu Bulu\n|move|p1a: Hoopa|Hyperspace Fury|p2a: Tapu Bulu\n|-resisted|p2a: Tapu Bulu\n|-damage|p2a: Tapu Bulu|39\/100\n|-unboost|p1a: Hoopa|def|1\n|\n|-heal|p1a: Hoopa|57\/100|[from] Grassy Terrain\n|-heal|p2a: Tapu Bulu|45\/100|[from] Grassy Terrain\n|-heal|p2a: Tapu Bulu|51\/100|[from] item: Leftovers\n|upkeep\n|turn|30\n|inactive|Lucians Call has 270 seconds left.\n|\n|t:|1664722765\n|switch|p1a: Heatran|Heatran, M|80\/100\n|move|p2a: Tapu Bulu|Synthesis|p2a: Tapu Bulu\n|-heal|p2a: Tapu Bulu|100\/100\n|\n|-heal|p1a: Heatran|87\/100|[from] Grassy Terrain\n|upkeep\n|turn|31\n|\n|t:|1664722772\n|switch|p2a: Gastrodon|Gastrodon-East, F|88\/100 tox\n|-damage|p2a: Gastrodon|82\/100 tox|[from] Stealth Rock\n|move|p1a: Heatran|Magma Storm|p2a: Gastrodon\n|-resisted|p2a: Gastrodon\n|-crit|p2a: Gastrodon\n|-damage|p2a: Gastrodon|62\/100 tox\n|-activate|p2a: Gastrodon|move: Magma Storm|[of] p1a: Heatran\n|\n|-heal|p1a: Heatran|93\/100|[from] Grassy Terrain\n|-heal|p2a: Gastrodon|68\/100 tox|[from] Grassy Terrain\n|-heal|p2a: Gastrodon|74\/100 tox|[from] item: Leftovers\n|-damage|p2a: Gastrodon|68\/100 tox|[from] psn\n|-damage|p2a: Gastrodon|56\/100 tox|[from] move: Magma Storm|[partiallytrapped]\n|upkeep\n|turn|32\n|\n|t:|1664722774\n|switch|p1a: Hoopa|Hoopa-Unbound|57\/100\n|move|p2a: Gastrodon|Recover|p2a: Gastrodon\n|-heal|p2a: Gastrodon|100\/100 tox\n|\n|-heal|p1a: Hoopa|63\/100|[from] Grassy Terrain\n|-damage|p2a: Gastrodon|88\/100 tox|[from] psn\n|-end|p2a: Gastrodon|Magma Storm|[partiallytrapped]|[silent]\n|upkeep\n|turn|33\n|\n|t:|1664722780\n|switch|p2a: Tapu Bulu|Tapu Bulu|100\/100\n|-damage|p2a: Tapu Bulu|88\/100|[from] Stealth Rock\n|move|p1a: Hoopa|Hyperspace Fury|p2a: Tapu Bulu\n|-resisted|p2a: Tapu Bulu\n|-damage|p2a: Tapu Bulu|56\/100\n|-unboost|p1a: Hoopa|def|1\n|\n|-heal|p1a: Hoopa|69\/100|[from] Grassy Terrain\n|-heal|p2a: Tapu Bulu|62\/100|[from] Grassy Terrain\n|-heal|p2a: Tapu Bulu|68\/100|[from] item: Leftovers\n|-fieldend|move: Grassy Terrain\n|upkeep\n|turn|34\n|\n|t:|1664722788\n|switch|p1a: Landorus|Landorus-Therian, M|80\/100\n|-ability|p1a: Landorus|Intimidate|boost\n|-unboost|p2a: Tapu Bulu|atk|1\n|move|p2a: Tapu Bulu|Superpower|p1a: Landorus\n|-resisted|p1a: Landorus\n|-crit|p1a: Landorus\n|-damage|p1a: Landorus|54\/100\n|-unboost|p2a: Tapu Bulu|atk|1\n|-unboost|p2a: Tapu Bulu|def|1\n|\n|-heal|p2a: Tapu Bulu|74\/100|[from] item: Leftovers\n|upkeep\n|turn|35\n|\n|t:|1664722808\n|move|p1a: Landorus|Stone Edge|p2a: Tapu Bulu\n|-damage|p2a: Tapu Bulu|35\/100\n|move|p2a: Tapu Bulu|Synthesis|p2a: Tapu Bulu\n|-heal|p2a: Tapu Bulu|85\/100\n|\n|-heal|p2a: Tapu Bulu|91\/100|[from] item: Leftovers\n|upkeep\n|turn|36\n|\n|t:|1664722811\n|move|p1a: Landorus|Stone Edge|p2a: Tapu Bulu|[miss]\n|-miss|p1a: Landorus|p2a: Tapu Bulu\n|move|p2a: Tapu Bulu|Swords Dance|p2a: Tapu Bulu\n|-boost|p2a: Tapu Bulu|atk|2\n|\n|-heal|p2a: Tapu Bulu|97\/100|[from] item: Leftovers\n|upkeep\n|turn|37\n|\n|t:|1664722814\n|switch|p1a: Heatran|Heatran, M|93\/100\n|move|p2a: Tapu Bulu|Swords Dance|p2a: Tapu Bulu\n|-boost|p2a: Tapu Bulu|atk|2\n|\n|-heal|p2a: Tapu Bulu|100\/100|[from] item: Leftovers\n|upkeep\n|turn|38\n|inactive|Lucians Call has 270 seconds left.\n|\n|t:|1664722845\n|switch|p1a: Landorus|Landorus-Therian, M|54\/100\n|-ability|p1a: Landorus|Intimidate|boost\n|-unboost|p2a: Tapu Bulu|atk|1\n|switch|p2a: Gastrodon|Gastrodon-East, F|88\/100 tox\n|-damage|p2a: Gastrodon|82\/100 tox|[from] Stealth Rock\n|\n|-heal|p2a: Gastrodon|88\/100 tox|[from] item: Leftovers\n|-damage|p2a: Gastrodon|82\/100 tox|[from] psn\n|upkeep\n|turn|39\n|inactive|Lucians Call has 270 seconds left.\n|\n|t:|1664722856\n|switch|p1a: Tapu Fini|Tapu Fini|100\/100\n|-fieldstart|move: Misty Terrain|[from] ability: Misty Surge|[of] p1a: Tapu Fini\n|switch|p2a: Tapu Bulu|Tapu Bulu|100\/100\n|-damage|p2a: Tapu Bulu|88\/100|[from] Stealth Rock\n|-fieldstart|move: Grassy Terrain|[from] ability: Grassy Surge|[of] p2a: Tapu Bulu\n|\n|-heal|p2a: Tapu Bulu|94\/100|[from] Grassy Terrain\n|-heal|p2a: Tapu Bulu|100\/100|[from] item: Leftovers\n|upkeep\n|turn|40\n|\n|t:|1664722866\n|switch|p1a: Heatran|Heatran, M|93\/100\n|switch|p2a: Magnezone|Magnezone|100\/100\n|-damage|p2a: Magnezone|94\/100|[from] Stealth Rock\n|\n|-heal|p1a: Heatran|99\/100|[from] Grassy Terrain\n|-heal|p2a: Magnezone|100\/100|[from] Grassy Terrain\n|upkeep\n|turn|41\n|\n|t:|1664722876\n|switch|p2a: Gastrodon|Gastrodon-East, F|82\/100 tox\n|-damage|p2a: Gastrodon|76\/100 tox|[from] Stealth Rock\n|move|p1a: Heatran|Earth Power|p2a: Gastrodon\n|-damage|p2a: Gastrodon|59\/100 tox\n|\n|-heal|p1a: Heatran|100\/100|[from] Grassy Terrain\n|-heal|p2a: Gastrodon|66\/100 tox|[from] Grassy Terrain\n|-heal|p2a: Gastrodon|72\/100 tox|[from] item: Leftovers\n|-damage|p2a: Gastrodon|66\/100 tox|[from] psn\n|upkeep\n|turn|42\n|\n|t:|1664722879\n|switch|p1a: Hoopa|Hoopa-Unbound|69\/100\n|move|p2a: Gastrodon|Recover|p2a: Gastrodon\n|-heal|p2a: Gastrodon|100\/100 tox\n|\n|-heal|p1a: Hoopa|75\/100|[from] Grassy Terrain\n|-damage|p2a: Gastrodon|88\/100 tox|[from] psn\n|upkeep\n|turn|43\n|\n|t:|1664722893\n|switch|p2a: Magnezone|Magnezone|100\/100\n|-damage|p2a: Magnezone|94\/100|[from] Stealth Rock\n|move|p1a: Hoopa|Hyperspace Fury|p2a: Magnezone\n|-damage|p2a: Magnezone|2\/100\n|-unboost|p1a: Hoopa|def|1\n|\n|-heal|p1a: Hoopa|81\/100|[from] Grassy Terrain\n|-heal|p2a: Magnezone|8\/100|[from] Grassy Terrain\n|-fieldend|move: Grassy Terrain\n|upkeep\n|turn|44\n|\n|t:|1664722903\n|switch|p2a: Tapu Bulu|Tapu Bulu|100\/100\n|-damage|p2a: Tapu Bulu|88\/100|[from] Stealth Rock\n|-fieldstart|move: Grassy Terrain|[from] ability: Grassy Surge|[of] p2a: Tapu Bulu\n|move|p1a: Hoopa|Hyperspace Fury|p2a: Tapu Bulu\n|-resisted|p2a: Tapu Bulu\n|-damage|p2a: Tapu Bulu|58\/100\n|-unboost|p1a: Hoopa|def|1\n|\n|-heal|p1a: Hoopa|87\/100|[from] Grassy Terrain\n|-heal|p2a: Tapu Bulu|64\/100|[from] Grassy Terrain\n|-heal|p2a: Tapu Bulu|70\/100|[from] item: Leftovers\n|upkeep\n|turn|45\n|\n|t:|1664722909\n|switch|p1a: Jirachi|Jirachi|100\/100\n|move|p2a: Tapu Bulu|Swords Dance|p2a: Tapu Bulu\n|-boost|p2a: Tapu Bulu|atk|2\n|\n|-heal|p2a: Tapu Bulu|76\/100|[from] Grassy Terrain\n|-heal|p2a: Tapu Bulu|82\/100|[from] item: Leftovers\n|upkeep\n|turn|46\n|\n|t:|1664722917\n|move|p1a: Jirachi|Iron Head|p2a: Tapu Bulu\n|-supereffective|p2a: Tapu Bulu\n|-damage|p2a: Tapu Bulu|39\/100\n|cant|p2a: Tapu Bulu|flinch\n|\n|-heal|p2a: Tapu Bulu|45\/100|[from] Grassy Terrain\n|-heal|p2a: Tapu Bulu|51\/100|[from] item: Leftovers\n|upkeep\n|turn|47\n|\n|t:|1664722941\n|switch|p2a: Tornadus|Tornadus-Therian, M|99\/100\n|-damage|p2a: Tornadus|75\/100|[from] Stealth Rock\n|move|p1a: Jirachi|Iron Head|p2a: Tornadus\n|-damage|p2a: Tornadus|39\/100\n|-damage|p1a: Jirachi|84\/100|[from] item: Rocky Helmet|[of] p2a: Tornadus\n|\n|-heal|p1a: Jirachi|90\/100|[from] Grassy Terrain\n|upkeep\n|turn|48\n|inactive|Lucians Call has 270 seconds left.\n|\n|t:|1664722981\n|move|p1a: Jirachi|Iron Head|p2a: Tornadus\n|-damage|p2a: Tornadus|2\/100\n|-damage|p1a: Jirachi|74\/100|[from] item: Rocky Helmet|[of] p2a: Tornadus\n|cant|p2a: Tornadus|flinch\n|\n|-heal|p1a: Jirachi|80\/100|[from] Grassy Terrain\n|-fieldend|move: Grassy Terrain\n|upkeep\n|turn|49\n|\n|t:|1664722986\n|switch|p2a: Magnezone|Magnezone|8\/100\n|-damage|p2a: Magnezone|2\/100|[from] Stealth Rock\n|move|p1a: Jirachi|Iron Head|p2a: Magnezone\n|-resisted|p2a: Magnezone\n|-damage|p2a: Magnezone|0 fnt\n|faint|p2a: Magnezone\n|\n|upkeep\n|\n|t:|1664722995\n|switch|p2a: Celesteela|Celesteela|19\/100\n|-damage|p2a: Celesteela|6\/100|[from] Stealth Rock\n|turn|50\n|\n|t:|1664722998\n|switch|p1a: Hoopa|Hoopa-Unbound|87\/100\n|move|p2a: Celesteela|Protect||[still]\n|-fail|p2a: Celesteela\n|\n|-heal|p2a: Celesteela|12\/100|[from] item: Leftovers\n|upkeep\n|turn|51\n|inactive|Allen-xia has 270 seconds left.\n|inactive|Allen-xia has 240 seconds left.\n|\n|t:|1664723078\n|move|p2a: Celesteela|Protect|p2a: Celesteela\n|-singleturn|p2a: Celesteela|Protect\n|move|p1a: Hoopa|Hyperspace Fury|p2a: Celesteela\n|-activate|p2a: Celesteela|move: Hyperspace Fury|[broken]\n|-damage|p2a: Celesteela|0 fnt\n|-unboost|p1a: Hoopa|def|1\n|faint|p2a: Celesteela\n|\n|upkeep\n|\n|t:|1664723082\n|switch|p2a: Diancie|Diancie|100\/100\n|-damage|p2a: Diancie|88\/100|[from] Stealth Rock\n|turn|52\n|\n|t:|1664723094\n|switch|p1a: Tapu Fini|Tapu Fini|100\/100\n|-fieldstart|move: Misty Terrain|[from] ability: Misty Surge|[of] p1a: Tapu Fini\n|detailschange|p2a: Diancie|Diancie-Mega\n|-mega|p2a: Diancie|Diancie|Diancite\n|move|p2a: Diancie|Earth Power|p1a: Tapu Fini\n|-damage|p1a: Tapu Fini|75\/100\n|-unboost|p1a: Tapu Fini|spd|1\n|\n|-heal|p1a: Tapu Fini|81\/100|[from] item: Leftovers\n|upkeep\n|turn|53\n|c|\u2606Lucians Call|lottery might be a good investment bro \n|inactive|Lucians Call has 270 seconds left.\n|inactive|Lucians Call has 240 seconds left.\n|inactive|Allen-xia has 210 seconds left.\n|inactive|Lucians Call has 210 seconds left.\n|\n|t:|1664723202\n|move|p2a: Diancie|Moonblast|p1a: Tapu Fini\n|-damage|p1a: Tapu Fini|19\/100\n|-unboost|p1a: Tapu Fini|spa|1\n|move|p1a: Tapu Fini|Moonblast|p2a: Diancie\n|-damage|p2a: Diancie|59\/100\n|-unboost|p2a: Diancie|spa|1\n|\n|-heal|p1a: Tapu Fini|26\/100|[from] item: Leftovers\n|upkeep\n|turn|54\n|\n|t:|1664723207\n|switch|p1a: Jirachi|Jirachi|80\/100\n|move|p2a: Diancie|Earth Power|p1a: Jirachi\n|-supereffective|p1a: Jirachi\n|-damage|p1a: Jirachi|29\/100\n|\n|upkeep\n|turn|55\n|inactive|Lucians Call has 210 seconds left.\n|\n|t:|1664723213\n|switch|p2a: Gastrodon|Gastrodon-East, F|88\/100 tox\n|-damage|p2a: Gastrodon|82\/100 tox|[from] Stealth Rock\n|move|p1a: Jirachi|Iron Head|p2a: Gastrodon\n|-resisted|p2a: Gastrodon\n|-damage|p2a: Gastrodon|62\/100 tox\n|\n|-heal|p2a: Gastrodon|68\/100 tox|[from] item: Leftovers\n|-damage|p2a: Gastrodon|62\/100 tox|[from] psn\n|upkeep\n|turn|56\n|\n|t:|1664723226\n|switch|p1a: Hoopa|Hoopa-Unbound|87\/100\n|move|p2a: Gastrodon|Recover|p2a: Gastrodon\n|-heal|p2a: Gastrodon|100\/100 tox\n|\n|-damage|p2a: Gastrodon|88\/100 tox|[from] psn\n|-fieldend|Misty Terrain\n|upkeep\n|turn|57\n|inactive|Allen-xia has 210 seconds left.\n|\n|t:|1664723263\n|switch|p2a: Tornadus|Tornadus-Therian, M|35\/100\n|-damage|p2a: Tornadus|11\/100|[from] Stealth Rock\n|move|p1a: Hoopa|Hyperspace Fury|p2a: Tornadus\n|-damage|p2a: Tornadus|0 fnt\n|-unboost|p1a: Hoopa|def|1\n|faint|p2a: Tornadus\n|\n|upkeep\n|inactive|Allen-xia has 180 seconds left.\n|\n|t:|1664723283\n|switch|p2a: Tapu Bulu|Tapu Bulu|51\/100\n|-damage|p2a: Tapu Bulu|39\/100|[from] Stealth Rock\n|-fieldstart|move: Grassy Terrain|[from] ability: Grassy Surge|[of] p2a: Tapu Bulu\n|turn|58\n|\n|t:|1664723287\n|switch|p1a: Jirachi|Jirachi|29\/100\n|move|p2a: Tapu Bulu|Synthesis|p2a: Tapu Bulu\n|-heal|p2a: Tapu Bulu|89\/100\n|\n|-heal|p1a: Jirachi|35\/100|[from] Grassy Terrain\n|-heal|p2a: Tapu Bulu|95\/100|[from] Grassy Terrain\n|-heal|p2a: Tapu Bulu|100\/100|[from] item: Leftovers\n|upkeep\n|turn|59\n|\n|t:|1664723307\n|switch|p2a: Gastrodon|Gastrodon-East, F|88\/100 tox\n|-damage|p2a: Gastrodon|82\/100 tox|[from] Stealth Rock\n|move|p1a: Jirachi|Iron Head|p2a: Gastrodon\n|-resisted|p2a: Gastrodon\n|-damage|p2a: Gastrodon|62\/100 tox\n|\n|-heal|p1a: Jirachi|41\/100|[from] Grassy Terrain\n|-heal|p2a: Gastrodon|68\/100 tox|[from] Grassy Terrain\n|-heal|p2a: Gastrodon|74\/100 tox|[from] item: Leftovers\n|-damage|p2a: Gastrodon|68\/100 tox|[from] psn\n|upkeep\n|turn|60\n|inactive|Allen-xia has 180 seconds left.\n|inactive|Lucians Call has 210 seconds left.\n|\n|t:|1664723341\n|move|p1a: Jirachi|Iron Head|p2a: Gastrodon\n|-resisted|p2a: Gastrodon\n|-damage|p2a: Gastrodon|49\/100 tox\n|move|p2a: Gastrodon|Earth Power|p1a: Jirachi\n|-supereffective|p1a: Jirachi\n|-damage|p1a: Jirachi|0 fnt\n|faint|p1a: Jirachi\n|\n|-heal|p2a: Gastrodon|55\/100 tox|[from] Grassy Terrain\n|-heal|p2a: Gastrodon|61\/100 tox|[from] item: Leftovers\n|-damage|p2a: Gastrodon|49\/100 tox|[from] psn\n|upkeep\n|inactive|Lucians Call has 210 seconds left.\n|\n|t:|1664723351\n|switch|p1a: Hoopa|Hoopa-Unbound|87\/100\n|turn|61\n|inactive|Lucians Call has 210 seconds left.\n|inactive|Lucians Call has 180 seconds left.\n|\n|t:|1664723395\n|move|p1a: Hoopa|Ice Punch|p2a: Gastrodon\n|-damage|p2a: Gastrodon|1\/100 tox\n|move|p2a: Gastrodon|Recover|p2a: Gastrodon\n|-heal|p2a: Gastrodon|51\/100 tox\n|\n|-heal|p1a: Hoopa|93\/100|[from] Grassy Terrain\n|-heal|p2a: Gastrodon|57\/100 tox|[from] Grassy Terrain\n|-heal|p2a: Gastrodon|63\/100 tox|[from] item: Leftovers\n|-damage|p2a: Gastrodon|45\/100 tox|[from] psn\n|upkeep\n|turn|62\n|\n|t:|1664723404\n|move|p1a: Hoopa|Ice Punch|p2a: Gastrodon\n|-damage|p2a: Gastrodon|0 fnt\n|faint|p2a: Gastrodon\n|\n|-heal|p1a: Hoopa|99\/100|[from] Grassy Terrain\n|-fieldend|move: Grassy Terrain\n|upkeep\n|inactive|Allen-xia has 180 seconds left.\n|\n|t:|1664723436\n|switch|p2a: Diancie|Diancie-Mega|59\/100\n|-damage|p2a: Diancie|47\/100|[from] Stealth Rock\n|turn|63\n|\n|t:|1664723440\n|switch|p1a: Tapu Fini|Tapu Fini|26\/100\n|-fieldstart|move: Misty Terrain|[from] ability: Misty Surge|[of] p1a: Tapu Fini\n|move|p2a: Diancie|Moonblast|p1a: Tapu Fini\n|-damage|p1a: Tapu Fini|0 fnt\n|faint|p1a: Tapu Fini\n|\n|upkeep\n|\n|t:|1664723446\n|switch|p1a: Heatran|Heatran, M|100\/100\n|turn|64\n|\n|t:|1664723450\n|switch|p2a: Tapu Bulu|Tapu Bulu|100\/100\n|-damage|p2a: Tapu Bulu|88\/100|[from] Stealth Rock\n|-fieldstart|move: Grassy Terrain|[from] ability: Grassy Surge|[of] p2a: Tapu Bulu\n|move|p1a: Heatran|Earth Power|p2a: Tapu Bulu\n|-resisted|p2a: Tapu Bulu\n|-damage|p2a: Tapu Bulu|76\/100\n|\n|-heal|p2a: Tapu Bulu|82\/100|[from] Grassy Terrain\n|-heal|p2a: Tapu Bulu|88\/100|[from] item: Leftovers\n|upkeep\n|turn|65\n|\n|t:|1664723457\n|switch|p1a: Hoopa|Hoopa-Unbound|99\/100\n|move|p2a: Tapu Bulu|Superpower|p1a: Hoopa\n|-damage|p1a: Hoopa|36\/100\n|-unboost|p2a: Tapu Bulu|atk|1\n|-unboost|p2a: Tapu Bulu|def|1\n|\n|-heal|p1a: Hoopa|42\/100|[from] Grassy Terrain\n|-heal|p2a: Tapu Bulu|94\/100|[from] Grassy Terrain\n|-heal|p2a: Tapu Bulu|100\/100|[from] item: Leftovers\n|upkeep\n|turn|66\n|\n|t:|1664723463\n|move|p1a: Hoopa|Ice Punch|p2a: Tapu Bulu\n|-supereffective|p2a: Tapu Bulu\n|-damage|p2a: Tapu Bulu|18\/100\n|-status|p2a: Tapu Bulu|frz\n|-curestatus|p2a: Tapu Bulu|frz|[msg]\n|move|p2a: Tapu Bulu|Horn Leech|p1a: Hoopa\n|-damage|p1a: Hoopa|0 fnt\n|-heal|p2a: Tapu Bulu|37\/100|[from] drain|[of] p1a: Hoopa\n|faint|p1a: Hoopa\n|\n|-heal|p2a: Tapu Bulu|43\/100|[from] Grassy Terrain\n|-heal|p2a: Tapu Bulu|49\/100|[from] item: Leftovers\n|upkeep\n|inactive|Lucians Call has 210 seconds left.\n|\n|t:|1664723492\n|switch|p1a: Heatran|Heatran, M|100\/100\n|turn|67\n|\n|t:|1664723497\n|move|p1a: Heatran|Magma Storm|p2a: Tapu Bulu\n|-supereffective|p2a: Tapu Bulu\n|-damage|p2a: Tapu Bulu|0 fnt\n|faint|p2a: Tapu Bulu\n|\n|upkeep\n|\n|t:|1664723499\n|switch|p2a: Diancie|Diancie-Mega|47\/100\n|-damage|p2a: Diancie|34\/100|[from] Stealth Rock\n|turn|68\n|\n|t:|1664723502\n|move|p2a: Diancie|Earth Power|p1a: Heatran\n|-supereffective|p1a: Heatran\n|-damage|p1a: Heatran|11\/100\n|move|p1a: Heatran|Earth Power|p2a: Diancie\n|-supereffective|p2a: Diancie\n|-damage|p2a: Diancie|0 fnt\n|faint|p2a: Diancie\n|\n|win|Lucians Call\n|c|\u2606Lucians Call|i would say gg \n|c|\u2606Allen-xia|gg\n|c|\u2606Lucians Call|but u robbed verlsiify\n|c|+lnternal|^\n","uploadtime":1664723503,"views":113,"p1id":"lucianscall","p2id":"allenxia","formatid":"gen7ou","rating":0,"private":0,"password":null}