{"id":"smogtours-gen8nationaldex-646640","p1":"Faygos","p2":"hump","format":"gen8nationaldex","log":"|inactive|Battle timer is ON: inactive players will automatically lose when time's up.\n|t:|1662328846\n|gametype|singles\n|player|p1|Faygos|265|\n|player|p2|hump|dawn-masters|\n|teamsize|p1|6\n|teamsize|p2|6\n|gen|8\n|tier|[Gen 8] National Dex\n|rule|HP Percentage Mod: HP is shown in percentages\n|rule|Endless Battle Clause: Forcing endless battles is banned\n|rule|OHKO Clause: OHKO moves are banned\n|rule|Evasion Moves Clause: Evasion moves are banned\n|rule|Species Clause: Limit one of each Pok\u00e9mon\n|rule|Dynamax Clause: You cannot dynamax\n|rule|Sleep Clause Mod: Limit one foe put to sleep\n|clearpoke\n|poke|p1|Beedrill, F|\n|poke|p1|Greninja, F|\n|poke|p1|Magnezone|\n|poke|p1|Landorus-Therian, M|\n|poke|p1|Tapu Fini|\n|poke|p1|Jirachi|\n|poke|p2|Melmetal|\n|poke|p2|Cresselia, F|\n|poke|p2|Camerupt, F|\n|poke|p2|Porygon2|\n|poke|p2|Marowak-Alola, M|\n|poke|p2|Hatterene, F|\n|teampreview\n|inactive|Faygos also wants the timer to be on.\n|inactive|hump also wants the timer to be on.\n|\n|t:|1662328858\n|start\n|switch|p1a: HOW CAN I MISS|Jirachi, shiny|100\/100\n|switch|p2a: READY TO LET GO|Hatterene, F|100\/100\n|turn|1\n|\n|t:|1662328868\n|switch|p2a: BLACK MADONNA|Camerupt, F, shiny|100\/100\n|move|p1a: HOW CAN I MISS|Iron Head|p2a: BLACK MADONNA\n|-resisted|p2a: BLACK MADONNA\n|-damage|p2a: BLACK MADONNA|80\/100\n|\n|upkeep\n|turn|2\n|\n|t:|1662328873\n|switch|p1a: NAME BRAND|Tapu Fini, shiny|100\/100\n|-fieldstart|move: Misty Terrain|[from] ability: Misty Surge|[of] p1a: NAME BRAND\n|detailschange|p2a: BLACK MADONNA|Camerupt-Mega, F, shiny\n|-mega|p2a: BLACK MADONNA|Camerupt|Cameruptite\n|move|p2a: BLACK MADONNA|Stealth Rock|p1a: NAME BRAND\n|-sidestart|p1: Faygos|move: Stealth Rock\n|\n|upkeep\n|turn|3\n|\n|t:|1662328876\n|move|p1a: NAME BRAND|Defog|p2a: BLACK MADONNA\n|-unboost|p2a: BLACK MADONNA|evasion|1\n|-sideend|p1: Faygos|Stealth Rock|[from] move: Defog|[of] p1a: NAME BRAND\n|-fieldend|Misty Terrain\n|move|p2a: BLACK MADONNA|Earth Power|p1a: NAME BRAND\n|-damage|p1a: NAME BRAND|53\/100\n|\n|-heal|p1a: NAME BRAND|59\/100|[from] item: Leftovers\n|upkeep\n|turn|4\n|\n|t:|1662328880\n|switch|p1a: HOW CAN I MISS|Jirachi, shiny|100\/100\n|switch|p2a: READY TO LET GO|Hatterene, F|100\/100\n|\n|upkeep\n|turn|5\n|\n|t:|1662328883\n|-zpower|p1a: HOW CAN I MISS\n|move|p1a: HOW CAN I MISS|Z-Happy Hour|p1a: HOW CAN I MISS|[anim]Happy Hour\n|-boost|p1a: HOW CAN I MISS|atk|1|[zeffect]\n|-boost|p1a: HOW CAN I MISS|def|1|[zeffect]\n|-boost|p1a: HOW CAN I MISS|spa|1|[zeffect]\n|-boost|p1a: HOW CAN I MISS|spd|1|[zeffect]\n|-boost|p1a: HOW CAN I MISS|spe|1|[zeffect]\n|move|p2a: READY TO LET GO|Trick Room|p2a: READY TO LET GO\n|-fieldstart|move: Trick Room|[of] p2a: READY TO LET GO\n|\n|upkeep\n|turn|6\n|\n|t:|1662328887\n|move|p2a: READY TO LET GO|Mystical Fire|p1a: HOW CAN I MISS\n|-supereffective|p1a: HOW CAN I MISS\n|-damage|p1a: HOW CAN I MISS|62\/100\n|-unboost|p1a: HOW CAN I MISS|spa|1\n|move|p1a: HOW CAN I MISS|Stored Power|p2a: READY TO LET GO\n|-resisted|p2a: READY TO LET GO\n|-damage|p2a: READY TO LET GO|81\/100\n|\n|upkeep\n|turn|7\n|\n|t:|1662328890\n|move|p2a: READY TO LET GO|Mystical Fire|p1a: HOW CAN I MISS\n|-supereffective|p1a: HOW CAN I MISS\n|-damage|p1a: HOW CAN I MISS|21\/100\n|-unboost|p1a: HOW CAN I MISS|spa|1\n|move|p1a: HOW CAN I MISS|Iron Head|p2a: READY TO LET GO\n|-supereffective|p2a: READY TO LET GO\n|-damage|p2a: READY TO LET GO|0 fnt\n|faint|p2a: READY TO LET GO\n|\n|upkeep\n|\n|t:|1662328894\n|switch|p2a: BLACK MADONNA|Camerupt-Mega, F, shiny|80\/100\n|turn|8\n|\n|t:|1662328896\n|move|p2a: BLACK MADONNA|Stealth Rock|p1a: HOW CAN I MISS\n|-sidestart|p1: Faygos|move: Stealth Rock\n|move|p1a: HOW CAN I MISS|Stored Power|p2a: BLACK MADONNA\n|-damage|p2a: BLACK MADONNA|51\/100\n|\n|upkeep\n|turn|9\n|\n|t:|1662328899\n|move|p2a: BLACK MADONNA|Earth Power|p1a: HOW CAN I MISS\n|-supereffective|p1a: HOW CAN I MISS\n|-damage|p1a: HOW CAN I MISS|0 fnt\n|faint|p1a: HOW CAN I MISS\n|\n|-fieldend|move: Trick Room\n|upkeep\n|\n|t:|1662328900\n|switch|p1a: NAME BRAND|Tapu Fini, shiny|59\/100\n|-damage|p1a: NAME BRAND|47\/100|[from] Stealth Rock\n|-fieldstart|move: Misty Terrain|[from] ability: Misty Surge|[of] p1a: NAME BRAND\n|turn|10\n|\n|t:|1662328903\n|move|p1a: NAME BRAND|Defog|p2a: BLACK MADONNA\n|-unboost|p2a: BLACK MADONNA|evasion|1\n|-sideend|p1: Faygos|Stealth Rock|[from] move: Defog|[of] p1a: NAME BRAND\n|-fieldend|Misty Terrain\n|move|p2a: BLACK MADONNA|Earth Power|p1a: NAME BRAND\n|-damage|p1a: NAME BRAND|0 fnt\n|faint|p1a: NAME BRAND\n|\n|upkeep\n|\n|t:|1662328907\n|switch|p1a: OVER DA TOP|Greninja, F, shiny|100\/100\n|turn|11\n|\n|t:|1662328911\n|switch|p2a: SOCIAL CUES|Cresselia, F|100\/100\n|move|p1a: OVER DA TOP|Low Kick|p2a: SOCIAL CUES\n|-start|p1a: OVER DA TOP|typechange|Fighting|[from] ability: Protean\n|-resisted|p2a: SOCIAL CUES\n|-damage|p2a: SOCIAL CUES|90\/100\n|-damage|p1a: OVER DA TOP|91\/100|[from] item: Life Orb\n|\n|upkeep\n|turn|12\n|\n|t:|1662328915\n|move|p1a: OVER DA TOP|Spikes|p2a: SOCIAL CUES\n|-start|p1a: OVER DA TOP|typechange|Ground|[from] ability: Protean\n|-sidestart|p2: hump|Spikes\n|move|p2a: SOCIAL CUES|Trick Room|p2a: SOCIAL CUES\n|-fieldstart|move: Trick Room|[of] p2a: SOCIAL CUES\n|\n|upkeep\n|turn|13\n|\n|t:|1662328917\n|move|p2a: SOCIAL CUES|Ice Beam|p1a: OVER DA TOP\n|-supereffective|p1a: OVER DA TOP\n|-damage|p1a: OVER DA TOP|39\/100\n|-status|p1a: OVER DA TOP|frz\n|cant|p1a: OVER DA TOP|frz\n|\n|upkeep\n|turn|14\n|\n|t:|1662328920\n|move|p2a: SOCIAL CUES|Ice Beam|p1a: OVER DA TOP\n|-supereffective|p1a: OVER DA TOP\n|-damage|p1a: OVER DA TOP|0 fnt\n|faint|p1a: OVER DA TOP\n|\n|upkeep\n|\n|t:|1662328923\n|switch|p1a: IN MY ZONE|Magnezone, shiny|100\/100\n|turn|15\n|\n|t:|1662328925\n|switch|p2a: BLACK MADONNA|Camerupt-Mega, F, shiny|51\/100\n|-damage|p2a: BLACK MADONNA|39\/100|[from] Spikes\n|move|p1a: IN MY ZONE|Flash Cannon|p2a: BLACK MADONNA\n|-resisted|p2a: BLACK MADONNA\n|-damage|p2a: BLACK MADONNA|6\/100\n|\n|upkeep\n|turn|16\n|\n|t:|1662328929\n|move|p2a: BLACK MADONNA|Fire Blast|p1a: IN MY ZONE\n|-supereffective|p1a: IN MY ZONE\n|-damage|p1a: IN MY ZONE|0 fnt\n|faint|p1a: IN MY ZONE\n|\n|-fieldend|move: Trick Room\n|upkeep\n|\n|t:|1662328930\n|switch|p1a: GLIZZY GANG BEAM|Beedrill, F, shiny|100\/100\n|turn|17\n|\n|t:|1662328933\n|detailschange|p1a: GLIZZY GANG BEAM|Beedrill-Mega, F, shiny\n|-mega|p1a: GLIZZY GANG BEAM|Beedrill|Beedrillite\n|move|p1a: GLIZZY GANG BEAM|Knock Off|p2a: BLACK MADONNA\n|-damage|p2a: BLACK MADONNA|0 fnt\n|faint|p2a: BLACK MADONNA\n|\n|upkeep\n|\n|t:|1662328935\n|switch|p2a: NIGHT RUNNING|Porygon2|100\/100\n|-damage|p2a: NIGHT RUNNING|88\/100|[from] Spikes\n|-ability|p2a: NIGHT RUNNING|Download|boost\n|-boost|p2a: NIGHT RUNNING|atk|1\n|turn|18\n|\n|t:|1662328937\n|move|p1a: GLIZZY GANG BEAM|Knock Off|p2a: NIGHT RUNNING\n|-damage|p2a: NIGHT RUNNING|61\/100\n|-enditem|p2a: NIGHT RUNNING|Eviolite|[from] move: Knock Off|[of] p1a: GLIZZY GANG BEAM\n|move|p2a: NIGHT RUNNING|Trick Room|p2a: NIGHT RUNNING\n|-fieldstart|move: Trick Room|[of] p2a: NIGHT RUNNING\n|\n|upkeep\n|turn|19\n|\n|t:|1662328941\n|move|p2a: NIGHT RUNNING|Ice Beam|p1a: GLIZZY GANG BEAM\n|-damage|p1a: GLIZZY GANG BEAM|56\/100\n|move|p1a: GLIZZY GANG BEAM|U-turn|p2a: NIGHT RUNNING\n|-damage|p2a: NIGHT RUNNING|7\/100\n|\n|t:|1662328944\n|switch|p1a: FREE BABY|Landorus-Therian, M, shiny|100\/100|[from]move: U-turn\n|-ability|p1a: FREE BABY|Intimidate|boost\n|-unboost|p2a: NIGHT RUNNING|atk|1\n|\n|upkeep\n|turn|20\n|\n|t:|1662328945\n|move|p2a: NIGHT RUNNING|Ice Beam|p1a: FREE BABY\n|-supereffective|p1a: FREE BABY\n|-damage|p1a: FREE BABY|0 fnt\n|faint|p1a: FREE BABY\n|\n|upkeep\n|\n|t:|1662328948\n|switch|p1a: GLIZZY GANG BEAM|Beedrill-Mega, F, shiny|56\/100\n|turn|21\n|\n|t:|1662328956\n|move|p2a: NIGHT RUNNING|Ice Beam|p1a: GLIZZY GANG BEAM\n|-damage|p1a: GLIZZY GANG BEAM|14\/100\n|-status|p1a: GLIZZY GANG BEAM|frz\n|cant|p1a: GLIZZY GANG BEAM|frz\n|\n|upkeep\n|turn|22\n|-message|Faygos forfeited.\n|\n|win|hump\n","uploadtime":1662328963,"views":28,"p1id":"faygos","p2id":"hump","formatid":"gen8nationaldex","rating":0,"private":0,"password":null}