{"id":"smogtours-gen4randombattle-638183","p1":"Skysolo \u2764","p2":"pop smoke","format":"gen4randombattle","log":"|inactive|Battle timer is ON: inactive players will automatically lose when time's up.\n|t:|1658071749\n|gametype|singles\n|player|p1|Skysolo \u2764|#pspl2019ubers|\n|player|p2|pop smoke|lyra|\n|teamsize|p1|6\n|teamsize|p2|6\n|gen|4\n|tier|[Gen 4] Random Battle\n|rule|Sleep Clause Mod: Limit one foe put to sleep\n|rule|HP Percentage Mod: HP is shown in percentages\n|\n|t:|1658071749\n|start\n|switch|p1a: Ambipom|Ambipom, L84, M|263\/263\n|switch|p2a: Umbreon|Umbreon, L82, M|290\/290\n|turn|1\n|inactive|pop smoke also wants the timer to be on.\n|\n|t:|1658071755\n|move|p1a: Ambipom|U-turn|p2a: Umbreon\n|-supereffective|p2a: Umbreon\n|-damage|p2a: Umbreon|152\/290\n|\n|t:|1658071762\n|switch|p1a: Machamp|Machamp, L80, F|275\/275\n|move|p2a: Umbreon|Toxic|p1a: Machamp\n|-status|p1a: Machamp|tox\n|\n|-heal|p2a: Umbreon|170\/290|[from] item: Leftovers\n|-damage|p1a: Machamp|258\/275 tox|[from] psn\n|upkeep\n|turn|2\n|\n|t:|1658071767\n|switch|p2a: Gengar|Gengar, L80, M|227\/227\n|move|p1a: Machamp|Dynamic Punch|p2a: Gengar\n|-immune|p2a: Gengar\n|\n|-heal|p1a: Machamp|275\/275 tox|[from] item: Leftovers\n|-damage|p1a: Machamp|241\/275 tox|[from] psn\n|upkeep\n|turn|3\n|\n|t:|1658071773\n|switch|p2a: Umbreon|Umbreon, L82, M|170\/290\n|move|p1a: Machamp|Payback|p2a: Umbreon\n|-resisted|p2a: Umbreon\n|-damage|p2a: Umbreon|137\/290\n|\n|-heal|p2a: Umbreon|155\/290|[from] item: Leftovers\n|-heal|p1a: Machamp|258\/275 tox|[from] item: Leftovers\n|-damage|p1a: Machamp|207\/275 tox|[from] psn\n|upkeep\n|turn|4\n|\n|t:|1658071781\n|switch|p2a: Gengar|Gengar, L80, M|227\/227\n|move|p1a: Machamp|Payback|p2a: Gengar\n|-supereffective|p2a: Gengar\n|-damage|p2a: Gengar|1\/227\n|\n|-heal|p1a: Machamp|224\/275 tox|[from] item: Leftovers\n|-damage|p1a: Machamp|156\/275 tox|[from] psn\n|upkeep\n|turn|5\n|\n|t:|1658071787\n|move|p2a: Gengar|Sludge Bomb|p1a: Machamp\n|-damage|p1a: Machamp|0 fnt\n|faint|p1a: Machamp\n|-damage|p2a: Gengar|0 fnt|[from] item: Life Orb\n|faint|p2a: Gengar\n|\n|upkeep\n|\n|t:|1658071791\n|switch|p2a: Honchkrow|Honchkrow, L82, F|298\/298\n|switch|p1a: Ambipom|Ambipom, L84, M|263\/263\n|turn|6\n|\n|t:|1658071794\n|switch|p1a: Weezing|Weezing, L84, F|246\/246\n|move|p2a: Honchkrow|Sucker Punch|p1a: Weezing\n|-fail|p2a: Honchkrow\n|\n|upkeep\n|turn|7\n|\n|t:|1658071797\n|move|p2a: Honchkrow|Brave Bird|p1a: Weezing\n|-damage|p1a: Weezing|99\/246\n|-damage|p2a: Honchkrow|249\/298|[from] Recoil\n|-damage|p2a: Honchkrow|220\/298|[from] item: Life Orb\n|move|p1a: Weezing|Sludge Bomb|p2a: Honchkrow\n|-damage|p2a: Honchkrow|96\/298\n|-status|p2a: Honchkrow|psn\n|\n|-damage|p2a: Honchkrow|59\/298 psn|[from] psn\n|-heal|p1a: Weezing|114\/246|[from] item: Black Sludge\n|upkeep\n|turn|8\n|\n|t:|1658071801\n|move|p2a: Honchkrow|Brave Bird|p1a: Weezing\n|-damage|p1a: Weezing|0 fnt\n|faint|p1a: Weezing\n|-damage|p2a: Honchkrow|21\/298 psn|[from] Recoil\n|-damage|p2a: Honchkrow|0 fnt|[from] item: Life Orb\n|faint|p2a: Honchkrow\n|\n|upkeep\n|\n|t:|1658071807\n|switch|p2a: Muk|Muk, L88, M|328\/328\n|switch|p1a: Ambipom|Ambipom, L84, M|263\/263\n|turn|9\n|inactive|pop smoke has 270 seconds left.\n|inactive|pop smoke has 240 seconds left.\n|\n|t:|1658071874\n|move|p1a: Ambipom|Return|p2a: Muk\n|-damage|p2a: Muk|147\/328\n|move|p2a: Muk|Poison Jab|p1a: Ambipom\n|-damage|p1a: Ambipom|145\/263\n|-status|p1a: Ambipom|psn\n|\n|-damage|p1a: Ambipom|113\/263 psn|[from] psn\n|-heal|p2a: Muk|167\/328|[from] item: Black Sludge\n|upkeep\n|turn|10\n|inactive|pop smoke has 240 seconds left.\n|\n|t:|1658071884\n|move|p1a: Ambipom|Return|p2a: Muk\n|-damage|p2a: Muk|0 fnt\n|faint|p2a: Muk\n|\n|-damage|p1a: Ambipom|81\/263 psn|[from] psn\n|upkeep\n|inactive|pop smoke has 240 seconds left.\n|\n|t:|1658071903\n|switch|p2a: Delibird|Delibird, M|251\/251\n|turn|11\n|\n|t:|1658071906\n|move|p2a: Delibird|Ice Shard|p1a: Ambipom|[miss]\n|-miss|p2a: Delibird|p1a: Ambipom\n|move|p1a: Ambipom|Return|p2a: Delibird\n|-damage|p2a: Delibird|16\/251\n|\n|-damage|p1a: Ambipom|49\/263 psn|[from] psn\n|upkeep\n|turn|12\n|inactive|pop smoke has 240 seconds left.\n|\n|t:|1658071940\n|move|p2a: Delibird|Ice Shard|p1a: Ambipom\n|-damage|p1a: Ambipom|0 fnt\n|faint|p1a: Ambipom\n|-damage|p2a: Delibird|0 fnt|[from] item: Life Orb\n|faint|p2a: Delibird\n|\n|upkeep\n|\n|t:|1658071946\n|switch|p1a: Regice|Regice, L88|283\/283\n|switch|p2a: Ursaring|Ursaring, L84, M|288\/288\n|turn|13\n|inactive|pop smoke has 210 seconds left.\n|inactive|pop smoke has 180 seconds left.\n|\n|t:|1658072022\n|move|p2a: Ursaring|Swords Dance|p2a: Ursaring\n|-boost|p2a: Ursaring|atk|2\n|move|p1a: Regice|Ice Beam|p2a: Ursaring\n|-damage|p2a: Ursaring|156\/288\n|-status|p2a: Ursaring|frz\n|\n|upkeep\n|turn|14\n|-message|pop smoke forfeited.\n|\n|win|Skysolo \u2764\n","inputlog":">version 846bb330dbaa8519b3666387eee200e1ae755f3c\n>start {\"formatid\":\"gen4randombattle\",\"seed\":[47500,49286,40456,37051]}\n>player p1 {\"name\":\"Skysolo \u2764\",\"avatar\":\"#pspl2019ubers\",\"rating\":0,\"seed\":[47592,64057,64636,16902]}\n>player p2 {\"name\":\"pop smoke\",\"avatar\":\"lyra\",\"rating\":0,\"seed\":[58437,41477,23726,18292]}\n>p1 move uturn\n>p2 move toxic\n>p1 switch 4\n>p1 move dynamicpunch\n>p2 switch 3\n>p1 move payback\n>p2 switch 3\n>p1 move payback\n>p2 switch 3\n>p1 move icepunch\n>p2 move sludgebomb\n>p1 switch 4\n>p2 switch 5\n>p1 switch 2\n>p2 move suckerpunch\n>p1 move sludgebomb\n>p2 move bravebird\n>p1 move sludgebomb\n>p2 move bravebird\n>p1 switch 2\n>p2 switch 4\n>p1 move return\n>p2 move poisonjab\n>p1 move return\n>p2 move poisonjab\n>p2 switch 2\n>p1 move return\n>p2 move iceshard\n>p1 move return\n>p2 move iceshard\n>p1 switch 5\n>p2 switch 6\n>p1 move icebeam\n>p2 move swordsdance\n>forcelose p2","uploadtime":1658072028,"views":5,"p1id":"skysolo","p2id":"popsmoke","formatid":"gen4randombattle","rating":0,"private":0,"password":null}