{"id":"smogtours-gen6ou-594263","p1":"SOULWIND","p2":"lonietzzz","format":"gen6ou","log":"|inactive|Battle timer is ON: inactive players will automatically lose when time's up.\n|t:|1637507699\n|gametype|singles\n|player|p1|SOULWIND|#soulwind|\n|player|p2|lonietzzz|pokemonbreederf|\n|teamsize|p1|6\n|teamsize|p2|6\n|gen|6\n|tier|[Gen 6] OU\n|rule|Sleep Clause Mod: Limit one foe put to sleep\n|rule|Species Clause: Limit one of each Pok\u00e9mon\n|rule|OHKO Clause: OHKO moves are banned\n|rule|Moody Clause: Moody is banned\n|rule|Evasion Moves Clause: Evasion moves are banned\n|rule|Endless Battle Clause: Forcing endless battles is banned\n|rule|HP Percentage Mod: HP is shown in percentages\n|rule|Swagger Clause: Swagger is banned\n|clearpoke\n|poke|p1|Metagross|item\n|poke|p1|Weavile, M|item\n|poke|p1|Excadrill, F|item\n|poke|p1|Landorus-Therian, M|item\n|poke|p1|Azumarill, M|item\n|poke|p1|Rotom-Wash|item\n|poke|p2|Slowbro, F|item\n|poke|p2|Landorus-Therian, M|item\n|poke|p2|Heatran, M|item\n|poke|p2|Lopunny, F|item\n|poke|p2|Latias, F|item\n|poke|p2|Clefable, M|item\n|teampreview\n|c|\u2606lonietzzz|glhf\n|c|\u2606SOULWIND|hf\n|raw|<div class=\"broadcast-red\"><strong>Moderated chat was set to \u2606!<\/strong><br \/>Only users of rank \u2606 and higher can talk.<\/div>\n|inactive|SOULWIND has 270 seconds left.\n|inactive|lonietzzz has 270 seconds left.\n|inactive|SOULWIND has 240 seconds left.\n|inactive|SOULWIND has 210 seconds left.\n|inactive|lonietzzz has 240 seconds left.\n|inactive|SOULWIND has 180 seconds left.\n|\n|t:|1637507833\n|start\n|switch|p1a: Rotom|Rotom-Wash|100\/100\n|switch|p2a: Clefable|Clefable, M|100\/100\n|turn|1\n|\n|t:|1637507841\n|move|p1a: Rotom|Volt Switch|p2a: Clefable\n|-damage|p2a: Clefable|77\/100\n|inactive|SOULWIND has 240 seconds left.\n|\n|t:|1637507846\n|switch|p1a: Excadrill|Excadrill, F|100\/100|[from]move: Volt Switch\n|-ability|p1a: Excadrill|Mold Breaker\n|move|p2a: Clefable|Moonblast|p1a: Excadrill\n|-resisted|p1a: Excadrill\n|-damage|p1a: Excadrill|74\/100\n|\n|-heal|p1a: Excadrill|81\/100|[from] item: Leftovers\n|upkeep\n|turn|2\n|inactive|lonietzzz has 270 seconds left.\n|\n|t:|1637507888\n|switch|p1a: Rotom|Rotom-Wash|100\/100\n|switch|p2a: Landorus|Landorus-Therian, M|100\/100\n|-ability|p2a: Landorus|Intimidate|boost\n|-unboost|p1a: Rotom|atk|1\n|\n|upkeep\n|turn|3\n|inactive|lonietzzz has 240 seconds left.\n|\n|t:|1637507926\n|switch|p2a: Clefable|Clefable, M|77\/100\n|move|p1a: Rotom|Hydro Pump|p2a: Clefable\n|-damage|p2a: Clefable|40\/100\n|\n|upkeep\n|turn|4\n|inactive|SOULWIND has 240 seconds left.\n|\n|t:|1637507958\n|move|p1a: Rotom|Volt Switch|p2a: Clefable\n|-damage|p2a: Clefable|17\/100\n|\n|t:|1637507982\n|switch|p1a: Metagross|Metagross|100\/100|[from]move: Volt Switch\n|move|p2a: Clefable|Soft-Boiled|p2a: Clefable\n|-heal|p2a: Clefable|67\/100\n|\n|upkeep\n|turn|5\n|\n|t:|1637507994\n|switch|p1a: Rotom|Rotom-Wash|100\/100\n|switch|p2a: Slowbro|Slowbro, F|100\/100\n|\n|upkeep\n|turn|6\n|\n|t:|1637508003\n|move|p1a: Rotom|Volt Switch|p2a: Slowbro\n|-supereffective|p2a: Slowbro\n|-damage|p2a: Slowbro|47\/100\n|inactive|SOULWIND has 240 seconds left.\n|\n|t:|1637508014\n|switch|p1a: Weavile|Weavile, M|100\/100|[from]move: Volt Switch\n|-ability|p1a: Weavile|Pressure\n|move|p2a: Slowbro|Scald|p1a: Weavile\n|-damage|p1a: Weavile|62\/100\n|\n|-heal|p2a: Slowbro|53\/100|[from] item: Leftovers\n|upkeep\n|turn|7\n|inactive|lonietzzz has 240 seconds left.\n|\n|t:|1637508053\n|switch|p2a: Clefable|Clefable, M|67\/100\n|move|p1a: Weavile|Knock Off|p2a: Clefable\n|-resisted|p2a: Clefable\n|-damage|p2a: Clefable|39\/100\n|-enditem|p2a: Clefable|Life Orb|[from] move: Knock Off|[of] p1a: Weavile\n|\n|upkeep\n|turn|8\n|inactive|lonietzzz has 240 seconds left.\n|\n|t:|1637508060\n|switch|p1a: Landorus|Landorus-Therian, M|100\/100\n|-ability|p1a: Landorus|Intimidate|boost\n|-unboost|p2a: Clefable|atk|1\n|move|p2a: Clefable|Soft-Boiled|p2a: Clefable\n|-heal|p2a: Clefable|89\/100\n|\n|upkeep\n|turn|9\n|inactive|lonietzzz has 240 seconds left.\n|\n|t:|1637508071\n|move|p1a: Landorus|Stealth Rock|p2a: Clefable\n|-sidestart|p2: lonietzzz|move: Stealth Rock\n|move|p2a: Clefable|Moonblast|p1a: Landorus\n|-damage|p1a: Landorus|69\/100\n|-unboost|p1a: Landorus|spa|1\n|\n|upkeep\n|turn|10\n|\n|t:|1637508077\n|move|p1a: Landorus|U-turn|p2a: Clefable\n|-resisted|p2a: Clefable\n|-damage|p2a: Clefable|81\/100\n|\n|t:|1637508079\n|switch|p1a: Excadrill|Excadrill, F|81\/100|[from]move: U-turn\n|-ability|p1a: Excadrill|Mold Breaker\n|move|p2a: Clefable|Moonblast|p1a: Excadrill\n|-resisted|p1a: Excadrill\n|-damage|p1a: Excadrill|60\/100\n|\n|-heal|p1a: Excadrill|67\/100|[from] item: Leftovers\n|upkeep\n|turn|11\n|inactive|lonietzzz has 240 seconds left.\n|inactive|lonietzzz has 210 seconds left.\n|\n|t:|1637508139\n|switch|p1a: Rotom|Rotom-Wash|100\/100\n|switch|p2a: Landorus|Landorus-Therian, M|100\/100\n|-damage|p2a: Landorus|88\/100|[from] Stealth Rock\n|-ability|p2a: Landorus|Intimidate|boost\n|-unboost|p1a: Rotom|atk|1\n|\n|upkeep\n|turn|12\n|inactive|lonietzzz has 180 seconds left.\n|inactive|lonietzzz has 150 seconds left.\n|\n|t:|1637508206\n|switch|p2a: Clefable|Clefable, M|81\/100\n|move|p1a: Rotom|Hydro Pump|p2a: Clefable\n|-damage|p2a: Clefable|41\/100\n|\n|upkeep\n|turn|13\n|\n|t:|1637508213\n|move|p1a: Rotom|Volt Switch|p2a: Clefable\n|-damage|p2a: Clefable|18\/100\n|\n|t:|1637508220\n|switch|p1a: Azumarill|Azumarill, M|100\/100|[from]move: Volt Switch\n|move|p2a: Clefable|Soft-Boiled|p2a: Clefable\n|-heal|p2a: Clefable|68\/100\n|\n|upkeep\n|turn|14\n|\n|t:|1637508237\n|move|p1a: Azumarill|Play Rough|p2a: Clefable\n|-crit|p2a: Clefable\n|-damage|p2a: Clefable|4\/100\n|-unboost|p2a: Clefable|atk|1\n|move|p2a: Clefable|Thunderbolt|p1a: Azumarill\n|-supereffective|p1a: Azumarill\n|-damage|p1a: Azumarill|73\/100\n|\n|upkeep\n|turn|15\n|inactive|lonietzzz has 150 seconds left.\n|\n|t:|1637508267\n|move|p1a: Azumarill|Play Rough|p2a: Clefable|[miss]\n|-miss|p1a: Azumarill|p2a: Clefable\n|move|p2a: Clefable|Thunderbolt|p1a: Azumarill\n|-supereffective|p1a: Azumarill\n|-damage|p1a: Azumarill|43\/100\n|\n|upkeep\n|turn|16\n|inactive|lonietzzz has 120 seconds left.\n|\n|t:|1637508305\n|switch|p2a: Slowbro|Slowbro, F|86\/100\n|-damage|p2a: Slowbro|74\/100|[from] Stealth Rock\n|move|p1a: Azumarill|Knock Off|p2a: Slowbro\n|-supereffective|p2a: Slowbro\n|-damage|p2a: Slowbro|26\/100\n|-enditem|p2a: Slowbro|Leftovers|[from] move: Knock Off|[of] p1a: Azumarill\n|\n|upkeep\n|turn|17\n|inactive|lonietzzz has 120 seconds left.\n|\n|t:|1637508317\n|switch|p2a: Clefable|Clefable, M|4\/100\n|move|p1a: Azumarill|Knock Off|p2a: Clefable\n|-resisted|p2a: Clefable\n|-damage|p2a: Clefable|0 fnt\n|faint|p2a: Clefable\n|\n|upkeep\n|\n|t:|1637508327\n|switch|p2a: Lopunny|Lopunny, F|100\/100\n|-damage|p2a: Lopunny|88\/100|[from] Stealth Rock\n|turn|18\n|\n|t:|1637508329\n|switch|p1a: Landorus|Landorus-Therian, M|69\/100\n|-ability|p1a: Landorus|Intimidate|boost\n|-unboost|p2a: Lopunny|atk|1\n|detailschange|p2a: Lopunny|Lopunny-Mega, F\n|-mega|p2a: Lopunny|Lopunny|Lopunnite\n|move|p2a: Lopunny|Return|p1a: Landorus\n|-damage|p1a: Landorus|42\/100\n|-damage|p2a: Lopunny|72\/100|[from] item: Rocky Helmet|[of] p1a: Landorus\n|\n|upkeep\n|turn|19\n|inactive|lonietzzz has 120 seconds left.\n|\n|t:|1637508355\n|switch|p2a: Landorus|Landorus-Therian, M|88\/100\n|-damage|p2a: Landorus|76\/100|[from] Stealth Rock\n|-ability|p2a: Landorus|Intimidate|boost\n|-unboost|p1a: Landorus|atk|1\n|move|p1a: Landorus|U-turn|p2a: Landorus\n|-resisted|p2a: Landorus\n|-damage|p2a: Landorus|71\/100\n|-damage|p1a: Landorus|26\/100|[from] item: Rocky Helmet|[of] p2a: Landorus\n|\n|t:|1637508372\n|switch|p1a: Rotom|Rotom-Wash|100\/100|[from]move: U-turn\n|\n|upkeep\n|turn|20\n|inactive|lonietzzz has 120 seconds left.\n|\n|t:|1637508380\n|switch|p2a: Latias|Latias, F|100\/100\n|-damage|p2a: Latias|88\/100|[from] Stealth Rock\n|move|p1a: Rotom|Hydro Pump|p2a: Latias|[miss]\n|-miss|p1a: Rotom|p2a: Latias\n|\n|upkeep\n|turn|21\n|inactive|lonietzzz has 120 seconds left.\n|\n|t:|1637508416\n|switch|p2a: Heatran|Heatran, M|100\/100\n|-damage|p2a: Heatran|88\/100|[from] Stealth Rock\n|switch|p1a: Metagross|Metagross|100\/100\n|\n|-heal|p2a: Heatran|94\/100|[from] item: Leftovers\n|upkeep\n|turn|22\n|inactive|lonietzzz has 90 seconds left.\n|\n|t:|1637508433\n|switch|p2a: Landorus|Landorus-Therian, M|71\/100\n|-damage|p2a: Landorus|59\/100|[from] Stealth Rock\n|-ability|p2a: Landorus|Intimidate|boost\n|-fail|p1a: Metagross|unboost|[from] ability: Clear Body|[of] p1a: Metagross\n|switch|p1a: Rotom|Rotom-Wash|100\/100\n|\n|upkeep\n|turn|23\n|\n|t:|1637508442\n|move|p1a: Rotom|Hydro Pump|p2a: Landorus\n|-supereffective|p2a: Landorus\n|-damage|p2a: Landorus|0 fnt\n|faint|p2a: Landorus\n|\n|upkeep\n|\n|t:|1637508450\n|switch|p2a: Heatran|Heatran, M|94\/100\n|-damage|p2a: Heatran|82\/100|[from] Stealth Rock\n|turn|24\n|\n|t:|1637508456\n|move|p2a: Heatran|Toxic|p1a: Rotom\n|-status|p1a: Rotom|tox\n|move|p1a: Rotom|Volt Switch|p2a: Heatran\n|-damage|p2a: Heatran|59\/100\n|\n|t:|1637508464\n|switch|p1a: Weavile|Weavile, M|62\/100|[from]move: Volt Switch\n|-ability|p1a: Weavile|Pressure\n|\n|-heal|p2a: Heatran|65\/100|[from] item: Leftovers\n|upkeep\n|turn|25\n|\n|t:|1637508473\n|move|p1a: Weavile|Knock Off|p2a: Heatran\n|-damage|p2a: Heatran|8\/100\n|-enditem|p2a: Heatran|Leftovers|[from] move: Knock Off|[of] p1a: Weavile\n|move|p2a: Heatran|Magma Storm|p1a: Weavile\n|-supereffective|p1a: Weavile\n|-damage|p1a: Weavile|0 fnt\n|faint|p1a: Weavile\n|\n|upkeep\n|\n|t:|1637508486\n|switch|p1a: Rotom|Rotom-Wash|100\/100 tox\n|turn|26\n|inactive|lonietzzz has 120 seconds left.\n|\n|t:|1637508492\n|move|p2a: Heatran|Stealth Rock|p1a: Rotom\n|-sidestart|p1: SOULWIND|move: Stealth Rock\n|move|p1a: Rotom|Volt Switch|p2a: Heatran\n|-damage|p2a: Heatran|0 fnt\n|faint|p2a: Heatran\n|inactive|SOULWIND has 270 seconds left.\n|\n|t:|1637508527\n|switch|p1a: Excadrill|Excadrill, F|67\/100|[from]move: Volt Switch\n|-damage|p1a: Excadrill|64\/100|[from] Stealth Rock\n|-ability|p1a: Excadrill|Mold Breaker\n|\n|-heal|p1a: Excadrill|70\/100|[from] item: Leftovers\n|upkeep\n|\n|t:|1637508534\n|switch|p2a: Lopunny|Lopunny-Mega, F|72\/100\n|-damage|p2a: Lopunny|66\/100|[from] Stealth Rock\n|turn|27\n|\n|t:|1637508540\n|switch|p1a: Landorus|Landorus-Therian, M|26\/100\n|-damage|p1a: Landorus|13\/100|[from] Stealth Rock\n|-ability|p1a: Landorus|Intimidate|boost\n|-unboost|p2a: Lopunny|atk|1\n|move|p2a: Lopunny|High Jump Kick|p1a: Landorus\n|-resisted|p1a: Landorus\n|-damage|p1a: Landorus|0 fnt\n|-damage|p2a: Lopunny|49\/100|[from] item: Rocky Helmet|[of] p1a: Landorus\n|faint|p1a: Landorus\n|\n|upkeep\n|\n|t:|1637508553\n|switch|p1a: Metagross|Metagross|100\/100\n|-damage|p1a: Metagross|95\/100|[from] Stealth Rock\n|turn|28\n|\n|t:|1637508559\n|switch|p2a: Latias|Latias, F|88\/100\n|-damage|p2a: Latias|76\/100|[from] Stealth Rock\n|detailschange|p1a: Metagross|Metagross-Mega\n|-mega|p1a: Metagross|Metagross|Metagrossite\n|move|p1a: Metagross|Zen Headbutt|p2a: Latias\n|-resisted|p2a: Latias\n|-damage|p2a: Latias|39\/100\n|\n|upkeep\n|turn|29\n|\n|t:|1637508581\n|move|p2a: Latias|Healing Wish|p2a: Latias\n|faint|p2a: Latias\n|move|p1a: Metagross|Ice Punch|p2: Latias|[notarget]\n|-fail|p1a: Metagross\n|\n|upkeep\n|\n|t:|1637508583\n|switch|p2a: Slowbro|Slowbro, F|60\/100\n|-heal|p2a: Slowbro|100\/100|[from] move: Healing Wish\n|-damage|p2a: Slowbro|88\/100|[from] Stealth Rock\n|turn|30\n|\n|t:|1637508601\n|switch|p1a: Rotom|Rotom-Wash|100\/100 tox\n|-damage|p1a: Rotom|88\/100 tox|[from] Stealth Rock\n|move|p2a: Slowbro|Scald|p1a: Rotom\n|-resisted|p1a: Rotom\n|-crit|p1a: Rotom\n|-damage|p1a: Rotom|65\/100 tox\n|\n|-heal|p1a: Rotom|70\/100 tox|[from] item: Leftovers\n|-damage|p1a: Rotom|65\/100 tox|[from] psn\n|upkeep\n|turn|31\n|\n|t:|1637508606\n|move|p2a: Slowbro|Protect|p2a: Slowbro\n|-singleturn|p2a: Slowbro|Protect\n|move|p1a: Rotom|Will-O-Wisp|p2a: Slowbro\n|-activate|p2a: Slowbro|move: Protect\n|\n|-heal|p1a: Rotom|70\/100 tox|[from] item: Leftovers\n|-damage|p1a: Rotom|59\/100 tox|[from] psn\n|upkeep\n|turn|32\n|\n|t:|1637508611\n|move|p1a: Rotom|Will-O-Wisp|p2a: Slowbro\n|-status|p2a: Slowbro|brn\n|move|p2a: Slowbro|Slack Off|p2a: Slowbro\n|-heal|p2a: Slowbro|100\/100 brn\n|\n|-heal|p1a: Rotom|65\/100 tox|[from] item: Leftovers\n|-damage|p1a: Rotom|47\/100 tox|[from] psn\n|-damage|p2a: Slowbro|88\/100 brn|[from] brn\n|upkeep\n|turn|33\n|\n|t:|1637508619\n|switch|p1a: Azumarill|Azumarill, M|43\/100\n|-damage|p1a: Azumarill|31\/100|[from] Stealth Rock\n|move|p2a: Slowbro|Protect||[still]\n|-fail|p2a: Slowbro\n|\n|-damage|p2a: Slowbro|76\/100 brn|[from] brn\n|upkeep\n|turn|34\n|inactive|lonietzzz has 150 seconds left.\n|inactive|lonietzzz has 120 seconds left.\n|\n|t:|1637508664\n|move|p1a: Azumarill|Play Rough|p2a: Slowbro\n|-damage|p2a: Slowbro|45\/100 brn\n|move|p2a: Slowbro|Thunder Wave|p1a: Azumarill\n|-status|p1a: Azumarill|par\n|\n|-damage|p2a: Slowbro|32\/100 brn|[from] brn\n|upkeep\n|turn|35\n|\n|t:|1637508673\n|move|p2a: Slowbro|Slack Off|p2a: Slowbro\n|-heal|p2a: Slowbro|82\/100 brn\n|move|p1a: Azumarill|Knock Off|p2a: Slowbro\n|-supereffective|p2a: Slowbro\n|-damage|p2a: Slowbro|49\/100 brn\n|\n|-damage|p2a: Slowbro|37\/100 brn|[from] brn\n|upkeep\n|turn|36\n|\n|t:|1637508678\n|move|p2a: Slowbro|Slack Off|p2a: Slowbro\n|-heal|p2a: Slowbro|87\/100 brn\n|move|p1a: Azumarill|Knock Off|p2a: Slowbro\n|-supereffective|p2a: Slowbro\n|-damage|p2a: Slowbro|55\/100 brn\n|\n|-damage|p2a: Slowbro|42\/100 brn|[from] brn\n|upkeep\n|turn|37\n|\n|t:|1637508682\n|move|p2a: Slowbro|Slack Off|p2a: Slowbro\n|-heal|p2a: Slowbro|93\/100 brn\n|move|p1a: Azumarill|Knock Off|p2a: Slowbro\n|-supereffective|p2a: Slowbro\n|-damage|p2a: Slowbro|60\/100 brn\n|\n|-damage|p2a: Slowbro|47\/100 brn|[from] brn\n|upkeep\n|turn|38\n|\n|t:|1637508685\n|move|p2a: Slowbro|Slack Off|p2a: Slowbro\n|-heal|p2a: Slowbro|97\/100 brn\n|move|p1a: Azumarill|Play Rough|p2a: Slowbro\n|-crit|p2a: Slowbro\n|-damage|p2a: Slowbro|44\/100 brn\n|\n|-damage|p2a: Slowbro|32\/100 brn|[from] brn\n|upkeep\n|turn|39\n|\n|t:|1637508688\n|move|p2a: Slowbro|Slack Off|p2a: Slowbro\n|-heal|p2a: Slowbro|82\/100 brn\n|cant|p1a: Azumarill|par\n|\n|-damage|p2a: Slowbro|69\/100 brn|[from] brn\n|upkeep\n|turn|40\n|\n|t:|1637508696\n|move|p2a: Slowbro|Scald|p1a: Azumarill\n|-resisted|p1a: Azumarill\n|-damage|p1a: Azumarill|21\/100 par\n|move|p1a: Azumarill|Play Rough|p2a: Slowbro\n|-damage|p2a: Slowbro|36\/100 brn\n|\n|-damage|p2a: Slowbro|24\/100 brn|[from] brn\n|upkeep\n|turn|41\n|\n|t:|1637508699\n|move|p2a: Slowbro|Slack Off|p2a: Slowbro\n|-heal|p2a: Slowbro|74\/100 brn\n|move|p1a: Azumarill|Knock Off|p2a: Slowbro\n|-supereffective|p2a: Slowbro\n|-crit|p2a: Slowbro\n|-damage|p2a: Slowbro|24\/100 brn\n|\n|-damage|p2a: Slowbro|12\/100 brn|[from] brn\n|upkeep\n|turn|42\n|\n|t:|1637508703\n|move|p2a: Slowbro|Slack Off|p2a: Slowbro\n|-heal|p2a: Slowbro|62\/100 brn\n|move|p1a: Azumarill|Knock Off|p2a: Slowbro\n|-supereffective|p2a: Slowbro\n|-damage|p2a: Slowbro|30\/100 brn\n|\n|-damage|p2a: Slowbro|17\/100 brn|[from] brn\n|upkeep\n|turn|43\n|\n|t:|1637508706\n|move|p2a: Slowbro|Slack Off|p2a: Slowbro\n|-heal|p2a: Slowbro|67\/100 brn\n|move|p1a: Azumarill|Knock Off|p2a: Slowbro\n|-supereffective|p2a: Slowbro\n|-damage|p2a: Slowbro|32\/100 brn\n|\n|-damage|p2a: Slowbro|19\/100 brn|[from] brn\n|upkeep\n|turn|44\n|\n|t:|1637508708\n|move|p2a: Slowbro|Slack Off|p2a: Slowbro\n|-heal|p2a: Slowbro|69\/100 brn\n|cant|p1a: Azumarill|par\n|\n|-damage|p2a: Slowbro|57\/100 brn|[from] brn\n|upkeep\n|turn|45\n|\n|t:|1637508711\n|move|p2a: Slowbro|Slack Off|p2a: Slowbro\n|-heal|p2a: Slowbro|100\/100 brn\n|move|p1a: Azumarill|Play Rough|p2a: Slowbro\n|-damage|p2a: Slowbro|65\/100 brn\n|-unboost|p2a: Slowbro|atk|1\n|\n|-damage|p2a: Slowbro|53\/100 brn|[from] brn\n|upkeep\n|turn|46\n|\n|t:|1637508714\n|move|p2a: Slowbro|Slack Off|p2a: Slowbro\n|-heal|p2a: Slowbro|100\/100 brn\n|move|p1a: Azumarill|Play Rough|p2a: Slowbro\n|-damage|p2a: Slowbro|70\/100 brn\n|\n|-damage|p2a: Slowbro|57\/100 brn|[from] brn\n|upkeep\n|turn|47\n|\n|t:|1637508717\n|move|p2a: Slowbro|Slack Off|p2a: Slowbro\n|-heal|p2a: Slowbro|100\/100 brn\n|cant|p1a: Azumarill|par\n|\n|-damage|p2a: Slowbro|88\/100 brn|[from] brn\n|upkeep\n|turn|48\n|\n|t:|1637508720\n|move|p2a: Slowbro|Scald|p1a: Azumarill\n|-resisted|p1a: Azumarill\n|-damage|p1a: Azumarill|11\/100 par\n|move|p1a: Azumarill|Play Rough|p2a: Slowbro\n|-damage|p2a: Slowbro|56\/100 brn\n|\n|-damage|p2a: Slowbro|44\/100 brn|[from] brn\n|upkeep\n|turn|49\n|\n|t:|1637508723\n|move|p2a: Slowbro|Slack Off|p2a: Slowbro\n|-heal|p2a: Slowbro|94\/100 brn\n|move|p1a: Azumarill|Knock Off|p2a: Slowbro\n|-supereffective|p2a: Slowbro\n|-damage|p2a: Slowbro|62\/100 brn\n|\n|-damage|p2a: Slowbro|49\/100 brn|[from] brn\n|upkeep\n|turn|50\n|\n|t:|1637508726\n|move|p2a: Slowbro|Slack Off|p2a: Slowbro\n|-heal|p2a: Slowbro|99\/100 brn\n|move|p1a: Azumarill|Knock Off|p2a: Slowbro\n|-supereffective|p2a: Slowbro\n|-damage|p2a: Slowbro|67\/100 brn\n|\n|-damage|p2a: Slowbro|54\/100 brn|[from] brn\n|upkeep\n|turn|51\n|\n|t:|1637508729\n|move|p2a: Slowbro|Slack Off|p2a: Slowbro\n|-heal|p2a: Slowbro|100\/100 brn\n|move|p1a: Azumarill|Knock Off|p2a: Slowbro\n|-supereffective|p2a: Slowbro\n|-damage|p2a: Slowbro|70\/100 brn\n|\n|-damage|p2a: Slowbro|58\/100 brn|[from] brn\n|upkeep\n|turn|52\n|\n|t:|1637508732\n|move|p2a: Slowbro|Scald|p1a: Azumarill\n|-resisted|p1a: Azumarill\n|-damage|p1a: Azumarill|0 fnt\n|faint|p1a: Azumarill\n|\n|-damage|p2a: Slowbro|46\/100 brn|[from] brn\n|upkeep\n|\n|t:|1637508740\n|switch|p1a: Excadrill|Excadrill, F|70\/100\n|-damage|p1a: Excadrill|67\/100|[from] Stealth Rock\n|-ability|p1a: Excadrill|Mold Breaker\n|turn|53\n|\n|t:|1637508744\n|move|p1a: Excadrill|Substitute|p1a: Excadrill\n|-start|p1a: Excadrill|Substitute\n|-damage|p1a: Excadrill|42\/100\n|move|p2a: Slowbro|Scald|p1a: Excadrill\n|-supereffective|p1a: Excadrill\n|-end|p1a: Excadrill|Substitute\n|\n|-heal|p1a: Excadrill|48\/100|[from] item: Leftovers\n|-damage|p2a: Slowbro|33\/100 brn|[from] brn\n|upkeep\n|turn|54\n|\n|t:|1637508748\n|move|p1a: Excadrill|Substitute|p1a: Excadrill\n|-start|p1a: Excadrill|Substitute\n|-damage|p1a: Excadrill|23\/100\n|move|p2a: Slowbro|Scald|p1a: Excadrill\n|-supereffective|p1a: Excadrill\n|-end|p1a: Excadrill|Substitute\n|\n|-heal|p1a: Excadrill|29\/100|[from] item: Leftovers\n|-damage|p2a: Slowbro|21\/100 brn|[from] brn\n|upkeep\n|turn|55\n|\n|t:|1637508753\n|move|p1a: Excadrill|Rapid Spin|p2a: Slowbro\n|-damage|p2a: Slowbro|16\/100 brn\n|-sideend|p1: SOULWIND|Stealth Rock|[from] move: Rapid Spin|[of] p1a: Excadrill\n|move|p2a: Slowbro|Scald|p1a: Excadrill\n|-supereffective|p1a: Excadrill\n|-damage|p1a: Excadrill|0 fnt\n|faint|p1a: Excadrill\n|\n|-damage|p2a: Slowbro|4\/100 brn|[from] brn\n|upkeep\n|\n|t:|1637508758\n|switch|p1a: Metagross|Metagross-Mega|95\/100\n|turn|56\n|\n|t:|1637508761\n|move|p1a: Metagross|Ice Punch|p2a: Slowbro\n|-resisted|p2a: Slowbro\n|-damage|p2a: Slowbro|0 fnt\n|faint|p2a: Slowbro\n|\n|upkeep\n|\n|t:|1637508762\n|switch|p2a: Lopunny|Lopunny-Mega, F|49\/100\n|-damage|p2a: Lopunny|43\/100|[from] Stealth Rock\n|turn|57\n|\n|t:|1637508765\n|switch|p1a: Rotom|Rotom-Wash|47\/100 tox\n|move|p2a: Lopunny|Fake Out|p1a: Rotom\n|-damage|p1a: Rotom|25\/100 tox\n|\n|-heal|p1a: Rotom|31\/100 tox|[from] item: Leftovers\n|-damage|p1a: Rotom|25\/100 tox|[from] psn\n|upkeep\n|turn|58\n|inactive|SOULWIND has 270 seconds left.\n|\n|t:|1637508795\n|move|p2a: Lopunny|Return|p1a: Rotom\n|-damage|p1a: Rotom|0 fnt\n|faint|p1a: Rotom\n|\n|upkeep\n|\n|t:|1637508797\n|switch|p1a: Metagross|Metagross-Mega|95\/100\n|turn|59\n|\n|t:|1637508812\n|move|p2a: Lopunny|High Jump Kick|p1a: Metagross\n|-damage|p1a: Metagross|31\/100\n|move|p1a: Metagross|Brick Break|p2a: Lopunny\n|-supereffective|p2a: Lopunny\n|-damage|p2a: Lopunny|0 fnt\n|faint|p2a: Lopunny\n|\n|win|SOULWIND\n","uploadtime":1637508813,"views":2133,"p1id":"soulwind","p2id":"lonietzzz","formatid":"gen6ou","rating":0,"private":0,"password":null}