{"id":"smogtours-gen4ou-36782","p1":"Heist","p2":"liberty32","format":"gen4ou","log":"|J|Heist\n|J|liberty32\n|player|p1|Heist|101\n|player|p2|liberty32|265\n|gametype|singles\n|gen|4\n|tier|[Gen 4] OU\n|rule|Sleep Clause Mod: Limit one foe put to sleep\n|rule|Species Clause: Limit one of each Pok\u00e9mon\n|rule|OHKO Clause: OHKO moves are banned\n|rule|Moody Clause: Moody is banned\n|rule|Evasion Moves Clause: Evasion moves are banned\n|rule|Endless Battle Clause: Forcing endless battles is banned\n|rule|HP Percentage Mod: HP is shown in percentages\n|\n|start\n|switch|p1a: Tyranitar|Tyranitar, F|341\/341\n|switch|p2a: rozay|Roserade, F|324\/324\n|-weather|Sandstorm|[from] ability: Sand Stream|[of] p1a: Tyranitar\n|turn|1\n|J|Leftiez\n|J|3N08RG3HT\n|J|mccauley\n|J|Inflikted\n|J|Astounded\n|J|craing ;_;\n|J|BKC\n|J|Funkasaurus\n|J|molk's testicles\n|J|reyscarface\n|J|deluks917\n|J|giara\n|J|double01\n|J|Fireburn\n|J|Mizuhime\n|J|Ginku\n|J|Soulgazer\n|J|The Goomy\n|J|mael oo\n|J|ium\n|\n|switch|p2a: adela|Hippowdon, F, shiny|420\/420\n|move|p1a: Tyranitar|Stone Edge|p2a: adela\n|-resisted|p2a: adela\n|-damage|p2a: adela|353\/420\n|\n|-weather|Sandstorm|[upkeep]\n|-heal|p2a: adela|379\/420|[from] item: Leftovers\n|turn|2\n|J|Laurel\n|J|phil\n|J|Valentine\n|J|Stathakis\n|\n|switch|p1a: Forretress|Forretress, M|354\/354\n|move|p2a: adela|Stealth Rock|p1a: Forretress\n|-sidestart|p1: Heist|move: Stealth Rock\n|\n|-weather|Sandstorm|[upkeep]\n|-heal|p2a: adela|405\/420|[from] item: Leftovers\n|turn|3\n|J|Arcticblast\n|J|nathaaan\n|J|kendji chirac\n|J|Prankster\n|J|bouff\n|J|Laga\n|J|Mazary\n|J|Bomber\n|J|Teddeh\n|J|Kenichaw\n|J|Moony\n|L|Kenichaw\n|J|Weegah\n|J|4trackboy\n|J|WhiteQueen\n|J|like eating glass\n|J|Pyrogon\n|J|majaspic22\n|J|Ciele\n|J|danilo\n|J|Omfuga\n|J|blarajan\n|c|+danilo|im rooting for heist\n|J|Stratos\n|\n|switch|p2a: rozay|Roserade, F|324\/324\n|move|p1a: Forretress|Spikes|p2a: rozay\n|-sidestart|p2: liberty32|Spikes\n|\n|-weather|Sandstorm|[upkeep]\n|-damage|p2a: rozay|304\/324|[from] sandstorm\n|-heal|p2a: rozay|324\/324|[from] item: Black Sludge\n|turn|4\n|J|KratosMana\n|J|Jirachee\n|J|EvaUnit10\n|L|nathaaan\n|\n|switch|p1a: Tyranitar|Tyranitar, F|341\/341\n|-damage|p1a: Tyranitar|299\/341|[from] Stealth Rock\n|move|p2a: rozay|Toxic Spikes|p1a: Tyranitar\n|-sidestart|p1: Heist|move: Toxic Spikes\n|\n|-weather|Sandstorm|[upkeep]\n|-damage|p2a: rozay|304\/324|[from] sandstorm\n|-heal|p2a: rozay|324\/324|[from] item: Black Sludge\n|turn|5\n|J|Alpheer\n|J|the jaiho\n|J|blinkie\n|J|flcl\n|J|Texas Cloverleaf\n|raw|<div class=\"broadcast-red\"><b>Moderated chat was set to %!<\/b><br \/>Only users of rank % and higher can talk.<\/div>\n|J|Gobi\n|J|Sam\n|L|blinkie\n|J|McMeghan\n|\n|move|p1a: Tyranitar|Pursuit|p2a: rozay|[from]Pursuit\n|-damage|p2a: rozay|78\/324\n|switch|p2a: yes|Jirachi, shiny|404\/404\n|-damage|p2a: yes|354\/404|[from] Spikes\n|\n|-weather|Sandstorm|[upkeep]\n|turn|6\n|J|boudouche\n|J|Dice\n|J|Alf\n|J|Sweep\n|J|Updated Kanto\n|J|metmaver\n|J|cbt\n|J|Aurious\n|J|FitzChivalry\n|L|Astounded\n|J|Nicojama Robin\n|\n|switch|p1a: Nidoqueen|Nidoqueen, F|384\/384\n|-sideend|p1: Heist|move: Toxic Spikes|[of] p1a: Nidoqueen\n|-damage|p1a: Nidoqueen|360\/384|[from] Stealth Rock\n|move|p2a: yes|U-turn|p1a: Nidoqueen\n|-resisted|p1a: Nidoqueen\n|-damage|p1a: Nidoqueen|321\/384\n|J|blackberry14\n|J|Eashy\n|J|FAJI\n|J|Tebigong\n|\n|switch|p2a: rozay|Roserade, F|78\/324\n|-damage|p2a: rozay|38\/324|[from] Spikes\n|\n|-weather|Sandstorm|[upkeep]\n|-damage|p2a: rozay|18\/324|[from] sandstorm\n|-heal|p2a: rozay|38\/324|[from] item: Black Sludge\n|-heal|p1a: Nidoqueen|345\/384|[from] item: Black Sludge\n|turn|7\n|\n|move|p2a: rozay|Spikes|p1a: Nidoqueen\n|-sidestart|p1: Heist|Spikes\n|move|p1a: Nidoqueen|Toxic Spikes|p2a: rozay\n|-sidestart|p2: liberty32|move: Toxic Spikes\n|\n|-weather|Sandstorm|[upkeep]\n|-damage|p2a: rozay|18\/324|[from] sandstorm\n|-heal|p2a: rozay|38\/324|[from] item: Black Sludge\n|-heal|p1a: Nidoqueen|369\/384|[from] item: Black Sludge\n|turn|8\n|J|Saga\n|\n|move|p2a: rozay|Spikes|p1a: Nidoqueen\n|-sidestart|p1: Heist|Spikes\n|move|p1a: Nidoqueen|Stealth Rock|p2a: rozay\n|-sidestart|p2: liberty32|move: Stealth Rock\n|\n|-weather|Sandstorm|[upkeep]\n|-damage|p2a: rozay|18\/324|[from] sandstorm\n|-heal|p2a: rozay|38\/324|[from] item: Black Sludge\n|-heal|p1a: Nidoqueen|384\/384|[from] item: Black Sludge\n|turn|9\n|J|Lockheeed\n|\n|switch|p1a: Rotom-Mow|Rotom-Mow|240\/240\n|-damage|p1a: Rotom-Mow|210\/240|[from] Stealth Rock\n|move|p2a: rozay|Spikes|p1a: Rotom-Mow\n|-sidestart|p1: Heist|Spikes\n|\n|-weather|Sandstorm|[upkeep]\n|-damage|p1a: Rotom-Mow|195\/240|[from] sandstorm\n|-damage|p2a: rozay|18\/324|[from] sandstorm\n|-heal|p2a: rozay|38\/324|[from] item: Black Sludge\n|turn|10\n|J|kafkaesk\n|J|Henry\n|J|Marky B\n|J|tesung\n|J|H-C\n|J|Afro Smash\n|\n|switch|p2a: adela|Hippowdon, F, shiny|405\/420\n|-damage|p2a: adela|353\/420|[from] Spikes\n|-status|p2a: adela|psn\n|-damage|p2a: adela|327\/420 psn|[from] Stealth Rock\n|move|p1a: Rotom-Mow|Thunderbolt|p2a: adela\n|-immune|p2a: adela|[msg]\n|\n|-weather|Sandstorm|[upkeep]\n|-damage|p1a: Rotom-Mow|180\/240|[from] sandstorm\n|-heal|p2a: adela|353\/420 psn|[from] item: Leftovers\n|-damage|p2a: adela|301\/420 psn|[from] psn\n|turn|11\n|J|MoxieInfinite\n|J|LzrGunPewPew\n|\n|move|p1a: Rotom-Mow|Hidden Power|p2a: adela\n|-supereffective|p2a: adela\n|-damage|p2a: adela|153\/420 psn\n|move|p2a: adela|Slack Off|p2a: adela\n|-heal|p2a: adela|363\/420 psn\n|\n|-weather|Sandstorm|[upkeep]\n|-damage|p1a: Rotom-Mow|165\/240|[from] sandstorm\n|-heal|p2a: adela|389\/420 psn|[from] item: Leftovers\n|-damage|p2a: adela|337\/420 psn|[from] psn\n|turn|12\n|\n|move|p1a: Rotom-Mow|Pain Split|p2a: adela\n|-sethp|p2a: adela|251\/420 psn|p1a: Rotom-Mow|240\/240|[from] move: Pain Split\n|move|p2a: adela|Slack Off|p2a: adela\n|-heal|p2a: adela|420\/420 psn\n|\n|-weather|Sandstorm|[upkeep]\n|-damage|p1a: Rotom-Mow|225\/240|[from] sandstorm\n|-damage|p2a: adela|368\/420 psn|[from] psn\n|turn|13\n|J|Problems\n|J|Piexplode\n|J|Jimb\n|J|srk1214\n|\n|move|p1a: Rotom-Mow|Hidden Power|p2a: adela\n|-supereffective|p2a: adela\n|-damage|p2a: adela|220\/420 psn\n|move|p2a: adela|Ice Fang|p1a: Rotom-Mow\n|-damage|p1a: Rotom-Mow|172\/240\n|\n|-weather|Sandstorm|[upkeep]\n|-damage|p1a: Rotom-Mow|157\/240|[from] sandstorm\n|-heal|p2a: adela|246\/420 psn|[from] item: Leftovers\n|-damage|p2a: adela|194\/420 psn|[from] psn\n|turn|14\n|\n|move|p1a: Rotom-Mow|Substitute|p1a: Rotom-Mow\n|-start|p1a: Rotom-Mow|Substitute\n|-damage|p1a: Rotom-Mow|97\/240\n|move|p2a: adela|Slack Off|p2a: adela\n|-heal|p2a: adela|404\/420 psn\n|\n|-weather|Sandstorm|[upkeep]\n|-damage|p1a: Rotom-Mow|82\/240|[from] sandstorm\n|-heal|p2a: adela|420\/420 psn|[from] item: Leftovers\n|-damage|p2a: adela|368\/420 psn|[from] psn\n|turn|15\n|\n|move|p1a: Rotom-Mow|Pain Split|p2a: adela\n|-sethp|p2a: adela|225\/420 psn|p1a: Rotom-Mow|225\/240|[from] move: Pain Split\n|move|p2a: adela|Ice Fang|p1a: Rotom-Mow\n|-activate|p1a: Rotom-Mow|Substitute|[damage]\n|\n|-weather|Sandstorm|[upkeep]\n|-damage|p1a: Rotom-Mow|210\/240|[from] sandstorm\n|-heal|p2a: adela|251\/420 psn|[from] item: Leftovers\n|-damage|p2a: adela|199\/420 psn|[from] psn\n|turn|16\n|\n|move|p1a: Rotom-Mow|Hidden Power|p2a: adela\n|-supereffective|p2a: adela\n|-damage|p2a: adela|53\/420 psn\n|move|p2a: adela|Slack Off|p2a: adela\n|-heal|p2a: adela|263\/420 psn\n|\n|-weather|Sandstorm|[upkeep]\n|-damage|p1a: Rotom-Mow|195\/240|[from] sandstorm\n|-heal|p2a: adela|289\/420 psn|[from] item: Leftovers\n|-damage|p2a: adela|237\/420 psn|[from] psn\n|turn|17\n|\n|move|p1a: Rotom-Mow|Hidden Power|p2a: adela\n|-supereffective|p2a: adela\n|-damage|p2a: adela|101\/420 psn\n|move|p2a: adela|Slack Off|p2a: adela\n|-heal|p2a: adela|311\/420 psn\n|\n|-weather|Sandstorm|[upkeep]\n|-damage|p1a: Rotom-Mow|180\/240|[from] sandstorm\n|-heal|p2a: adela|337\/420 psn|[from] item: Leftovers\n|-damage|p2a: adela|285\/420 psn|[from] psn\n|turn|18\n|J|blinkie\n|\n|move|p1a: Rotom-Mow|Hidden Power|p2a: adela\n|-supereffective|p2a: adela\n|-damage|p2a: adela|135\/420 psn\n|move|p2a: adela|Slack Off|p2a: adela\n|-heal|p2a: adela|345\/420 psn\n|\n|-weather|Sandstorm|[upkeep]\n|-damage|p1a: Rotom-Mow|165\/240|[from] sandstorm\n|-heal|p2a: adela|371\/420 psn|[from] item: Leftovers\n|-damage|p2a: adela|319\/420 psn|[from] psn\n|turn|19\n|L|Sweep\n|J|homeward bound 13\n|\n|move|p1a: Rotom-Mow|Pain Split|p2a: adela\n|-sethp|p2a: adela|242\/420 psn|p1a: Rotom-Mow|240\/240|[from] move: Pain Split\n|move|p2a: adela|Slack Off|p2a: adela\n|-heal|p2a: adela|420\/420 psn\n|\n|-weather|Sandstorm|[upkeep]\n|-damage|p1a: Rotom-Mow|225\/240|[from] sandstorm\n|-damage|p2a: adela|368\/420 psn|[from] psn\n|turn|20\n|J|Nails\n|\n|move|p1a: Rotom-Mow|Thunderbolt|p2a: adela\n|-immune|p2a: adela|[msg]\n|move|p2a: adela|Slack Off|p2a: adela\n|-heal|p2a: adela|420\/420 psn\n|\n|-weather|Sandstorm|[upkeep]\n|-damage|p1a: Rotom-Mow|210\/240|[from] sandstorm\n|-damage|p2a: adela|368\/420 psn|[from] psn\n|turn|21\n|\n|move|p1a: Rotom-Mow|Hidden Power|p2a: adela\n|-crit|p2a: adela\n|-supereffective|p2a: adela\n|-damage|p2a: adela|96\/420 psn\n|move|p2a: adela|Ice Fang|p1a: Rotom-Mow\n|-end|p1a: Rotom-Mow|Substitute\n|\n|-weather|Sandstorm|[upkeep]\n|-damage|p1a: Rotom-Mow|195\/240|[from] sandstorm\n|-heal|p2a: adela|122\/420 psn|[from] item: Leftovers\n|-damage|p2a: adela|70\/420 psn|[from] psn\n|turn|22\n|L|KratosMana\n|\n|move|p1a: Rotom-Mow|Substitute|p1a: Rotom-Mow\n|-start|p1a: Rotom-Mow|Substitute\n|-damage|p1a: Rotom-Mow|135\/240\n|move|p2a: adela|Slack Off|p2a: adela\n|-heal|p2a: adela|280\/420 psn\n|\n|-weather|Sandstorm|[upkeep]\n|-damage|p1a: Rotom-Mow|120\/240|[from] sandstorm\n|-heal|p2a: adela|306\/420 psn|[from] item: Leftovers\n|-damage|p2a: adela|254\/420 psn|[from] psn\n|turn|23\n|\n|move|p1a: Rotom-Mow|Hidden Power|p2a: adela\n|-supereffective|p2a: adela\n|-damage|p2a: adela|104\/420 psn\n|move|p2a: adela|Slack Off|p2a: adela\n|-heal|p2a: adela|314\/420 psn\n|\n|-weather|Sandstorm|[upkeep]\n|-damage|p1a: Rotom-Mow|105\/240|[from] sandstorm\n|-heal|p2a: adela|340\/420 psn|[from] item: Leftovers\n|-damage|p2a: adela|288\/420 psn|[from] psn\n|turn|24\n|J|TIRIPS\n|\n|move|p1a: Rotom-Mow|Pain Split|p2a: adela\n|-sethp|p2a: adela|196\/420 psn|p1a: Rotom-Mow|196\/240|[from] move: Pain Split\n|move|p2a: adela|Ice Fang|p1a: Rotom-Mow\n|-activate|p1a: Rotom-Mow|Substitute|[damage]\n|\n|-weather|Sandstorm|[upkeep]\n|-damage|p1a: Rotom-Mow|181\/240|[from] sandstorm\n|-heal|p2a: adela|222\/420 psn|[from] item: Leftovers\n|-damage|p2a: adela|170\/420 psn|[from] psn\n|turn|25\n|\n|move|p1a: Rotom-Mow|Thunderbolt|p2a: adela\n|-immune|p2a: adela|[msg]\n|move|p2a: adela|Ice Fang|p1a: Rotom-Mow\n|-crit|p1a: Rotom-Mow\n|-end|p1a: Rotom-Mow|Substitute\n|\n|-weather|Sandstorm|[upkeep]\n|-damage|p1a: Rotom-Mow|166\/240|[from] sandstorm\n|-heal|p2a: adela|196\/420 psn|[from] item: Leftovers\n|-damage|p2a: adela|144\/420 psn|[from] psn\n|turn|26\n|J|RFlush\n|\n|switch|p2a: no|Rotom-Wash|245\/245\n|-damage|p2a: no|215\/245|[from] Stealth Rock\n|move|p1a: Rotom-Mow|Substitute|p1a: Rotom-Mow\n|-start|p1a: Rotom-Mow|Substitute\n|-damage|p1a: Rotom-Mow|106\/240\n|\n|-weather|Sandstorm|[upkeep]\n|-damage|p2a: no|200\/245|[from] sandstorm\n|-damage|p1a: Rotom-Mow|91\/240|[from] sandstorm\n|turn|27\n|\n|move|p1a: Rotom-Mow|Pain Split|p2a: no\n|-sethp|p2a: no|145\/245|p1a: Rotom-Mow|145\/240|[from] move: Pain Split\n|move|p2a: no|Thunderbolt|p1a: Rotom-Mow\n|-resisted|p1a: Rotom-Mow\n|-end|p1a: Rotom-Mow|Substitute\n|\n|-weather|Sandstorm|[upkeep]\n|-damage|p2a: no|130\/245|[from] sandstorm\n|-damage|p1a: Rotom-Mow|130\/240|[from] sandstorm\n|turn|28\n|\n|switch|p1a: Gastrodon|Gastrodon, F|417\/417\n|-damage|p1a: Gastrodon|313\/417|[from] Spikes\n|-damage|p1a: Gastrodon|287\/417|[from] Stealth Rock\n|move|p2a: no|Hydro Pump|p1a: Gastrodon\n|-damage|p1a: Gastrodon|156\/417\n|-damage|p2a: no|106\/245|[from] item: Life Orb\n|\n|-weather|Sandstorm|[upkeep]\n|-damage|p2a: no|91\/245|[from] sandstorm\n|-heal|p1a: Gastrodon|182\/417|[from] item: Leftovers\n|turn|29\n|J|ThriceElite\n|L|ThriceElite\n|\n|move|p2a: no|Substitute|p2a: no\n|-start|p2a: no|Substitute\n|-damage|p2a: no|30\/245\n|move|p1a: Gastrodon|Recover|p1a: Gastrodon\n|-heal|p1a: Gastrodon|390\/417\n|\n|-weather|Sandstorm|[upkeep]\n|-damage|p2a: no|15\/245|[from] sandstorm\n|-heal|p1a: Gastrodon|416\/417|[from] item: Leftovers\n|turn|30\n|J|El-Soldier\n|\n|move|p2a: no|Pain Split|p1a: Gastrodon\n|-sethp|p1a: Gastrodon|215\/417|p2a: no|215\/245|[from] move: Pain Split\n|move|p1a: Gastrodon|Recover|p1a: Gastrodon\n|-heal|p1a: Gastrodon|417\/417\n|\n|-weather|Sandstorm|[upkeep]\n|-damage|p2a: no|200\/245|[from] sandstorm\n|turn|31\n|J|ThriceElite\n|\n|move|p2a: no|Hydro Pump|p1a: Gastrodon\n|-damage|p1a: Gastrodon|277\/417\n|-damage|p2a: no|176\/245|[from] item: Life Orb\n|move|p1a: Gastrodon|Ice Beam|p2a: no\n|-end|p2a: no|Substitute\n|\n|-weather|Sandstorm|[upkeep]\n|-damage|p2a: no|161\/245|[from] sandstorm\n|-heal|p1a: Gastrodon|303\/417|[from] item: Leftovers\n|turn|32\n|L|ThriceElite\n|\n|switch|p2a: bitch|Starmie, shiny|323\/323\n|-damage|p2a: bitch|283\/323|[from] Spikes\n|-status|p2a: bitch|psn\n|-damage|p2a: bitch|243\/323 psn|[from] Stealth Rock\n|move|p1a: Gastrodon|Ice Beam|p2a: bitch\n|-resisted|p2a: bitch\n|-damage|p2a: bitch|207\/323 psn\n|\n|-weather|Sandstorm|[upkeep]\n|-damage|p2a: bitch|187\/323 psn|[from] sandstorm\n|-heal|p2a: bitch|207\/323 psn|[from] item: Leftovers\n|-heal|p1a: Gastrodon|329\/417|[from] item: Leftovers\n|-damage|p2a: bitch|167\/323 psn|[from] psn\n|turn|33\n|J|Lutra\n|J|Lord Ninjax\n|J|KratosMana\n|\n|move|p2a: bitch|Recover|p2a: bitch\n|-heal|p2a: bitch|323\/323 psn\n|move|p1a: Gastrodon|Earthquake|p2a: bitch\n|-damage|p2a: bitch|220\/323 psn\n|\n|-weather|Sandstorm|[upkeep]\n|-damage|p2a: bitch|200\/323 psn|[from] sandstorm\n|-heal|p2a: bitch|220\/323 psn|[from] item: Leftovers\n|-heal|p1a: Gastrodon|355\/417|[from] item: Leftovers\n|-damage|p2a: bitch|180\/323 psn|[from] psn\n|turn|34\n|\n|move|p2a: bitch|Rapid Spin|p1a: Gastrodon\n|-damage|p1a: Gastrodon|341\/417\n|-sideend|p2: liberty32|Spikes|[from] move: Rapid Spin|[of] p2a: bitch\n|-sideend|p2: liberty32|Toxic Spikes|[from] move: Rapid Spin|[of] p2a: bitch\n|-sideend|p2: liberty32|Stealth Rock|[from] move: Rapid Spin|[of] p2a: bitch\n|move|p1a: Gastrodon|Earthquake|p2a: bitch\n|-damage|p2a: bitch|71\/323 psn\n|\n|-weather|Sandstorm|[upkeep]\n|-damage|p2a: bitch|51\/323 psn|[from] sandstorm\n|-heal|p2a: bitch|71\/323 psn|[from] item: Leftovers\n|-heal|p1a: Gastrodon|367\/417|[from] item: Leftovers\n|-damage|p2a: bitch|31\/323 psn|[from] psn\n|turn|35\n|\n|switch|p1a: Tyranitar|Tyranitar, F|299\/341\n|-damage|p1a: Tyranitar|257\/341|[from] Stealth Rock\n|-damage|p1a: Tyranitar|172\/341|[from] Spikes\n|move|p2a: bitch|Recover|p2a: bitch\n|-heal|p2a: bitch|192\/323 psn\n|\n|-weather|Sandstorm|[upkeep]\n|-damage|p2a: bitch|172\/323 psn|[from] sandstorm\n|-heal|p2a: bitch|192\/323 psn|[from] item: Leftovers\n|-damage|p2a: bitch|152\/323 psn|[from] psn\n|turn|36\n|\n|move|p1a: Tyranitar|Crunch|p2a: bitch\n|-supereffective|p2a: bitch\n|-damage|p2a: bitch|0 fnt\n|faint|p2a: bitch\n|\n|-weather|Sandstorm|[upkeep]\n|J|frozen lakes\n|L|phil\n|J|erick117\n|L|deluks917\n|\n|switch|p2a: yes|Jirachi, shiny|354\/404\n|turn|37\n|J|phil\n|\n|switch|p1a: Rotom-Mow|Rotom-Mow|130\/240\n|-damage|p1a: Rotom-Mow|100\/240|[from] Stealth Rock\n|move|p2a: yes|U-turn|p1a: Rotom-Mow\n|-resisted|p1a: Rotom-Mow\n|-damage|p1a: Rotom-Mow|69\/240\n|\n|switch|p2a: 3N08RG3HT|Aerodactyl, F, shiny|301\/301\n|-ability|p2a: 3N08RG3HT|Pressure\n|\n|-weather|Sandstorm|[upkeep]\n|-damage|p1a: Rotom-Mow|54\/240|[from] sandstorm\n|turn|38\n|J|Gee Mick\n|\n|move|p2a: 3N08RG3HT|Stone Edge|p1a: Rotom-Mow\n|-damage|p1a: Rotom-Mow|0 fnt\n|-damage|p2a: 3N08RG3HT|271\/301|[from] item: Life Orb\n|faint|p1a: Rotom-Mow\n|\n|-weather|Sandstorm|[upkeep]\n|L|erick117\n|\n|switch|p1a: Forretress|Forretress, M|354\/354\n|-damage|p1a: Forretress|310\/354|[from] Stealth Rock\n|-damage|p1a: Forretress|222\/354|[from] Spikes\n|turn|39\n|L|double01\n|J|Lohgock\n|J|erick117\n|L|erick117\n|\n|switch|p2a: no|Rotom-Wash|161\/245\n|move|p1a: Forretress|Spikes|p2a: no\n|-sidestart|p2: liberty32|Spikes\n|\n|-weather|Sandstorm|[upkeep]\n|-damage|p2a: no|146\/245|[from] sandstorm\n|-heal|p1a: Forretress|244\/354|[from] item: Leftovers\n|turn|40\n|J|monsoon wings\n|\n|move|p1a: Forretress|Protect|p1a: Forretress\n|-singleturn|p1a: Forretress|Protect\n|move|p2a: no|Thunderbolt|p1a: Forretress\n|-activate|p1a: Forretress|Protect\n|\n|-weather|Sandstorm|[upkeep]\n|-damage|p2a: no|131\/245|[from] sandstorm\n|-heal|p1a: Forretress|266\/354|[from] item: Leftovers\n|turn|41\n|J|Dallaren\n|L|danilo\n|J|Scythe Kronos\n|\n|move|p2a: no|Thunderbolt|p1a: Forretress\n|-damage|p1a: Forretress|67\/354\n|-damage|p2a: no|107\/245|[from] item: Life Orb\n|move|p1a: Forretress|Payback|p2a: no\n|-supereffective|p2a: no\n|-damage|p2a: no|0 fnt\n|faint|p2a: no\n|\n|-weather|Sandstorm|[upkeep]\n|-heal|p1a: Forretress|89\/354|[from] item: Leftovers\n|\n|switch|p2a: 3N08RG3HT|Aerodactyl, F, shiny|271\/301\n|-ability|p2a: 3N08RG3HT|Pressure\n|turn|42\n|J|Not a Gym Ldr\n|L|Not a Gym Ldr\n|L|The Goomy\n|\n|move|p1a: Forretress|Protect|p1a: Forretress\n|-singleturn|p1a: Forretress|Protect\n|move|p2a: 3N08RG3HT|Earthquake|p1a: Forretress\n|-activate|p1a: Forretress|Protect\n|\n|-weather|Sandstorm|[upkeep]\n|-heal|p1a: Forretress|111\/354|[from] item: Leftovers\n|turn|43\n|\n|move|p2a: 3N08RG3HT|Stone Edge|p1a: Forretress\n|-damage|p1a: Forretress|0 fnt\n|-damage|p2a: 3N08RG3HT|241\/301|[from] item: Life Orb\n|faint|p1a: Forretress\n|\n|-weather|Sandstorm|[upkeep]\n|L|Dallaren\n|\n|switch|p1a: Gastrodon|Gastrodon, F|367\/417\n|-damage|p1a: Gastrodon|341\/417|[from] Stealth Rock\n|-damage|p1a: Gastrodon|237\/417|[from] Spikes\n|turn|44\n|L|Saga\n|L|craing ;_;\n|J|zdrup\n|L|homeward bound 13\n|\n|move|p2a: 3N08RG3HT|Taunt|p1a: Gastrodon\n|-start|p1a: Gastrodon|move: Taunt\n|cant|p1a: Gastrodon|move: Taunt|Recover\n|\n|-weather|Sandstorm|[upkeep]\n|-heal|p1a: Gastrodon|263\/417|[from] item: Leftovers\n|turn|45\n|J|Rapture's Finest\n|L|Rapture's Finest\n|J|Slimbolio\n|J|Rapture's Finest\n|\n|move|p2a: 3N08RG3HT|Earthquake|p1a: Gastrodon\n|-damage|p1a: Gastrodon|78\/417\n|-damage|p2a: 3N08RG3HT|211\/301|[from] item: Life Orb\n|move|p1a: Gastrodon|Ice Beam|p2a: 3N08RG3HT\n|-supereffective|p2a: 3N08RG3HT\n|-damage|p2a: 3N08RG3HT|95\/301\n|\n|-weather|Sandstorm|[upkeep]\n|-heal|p1a: Gastrodon|104\/417|[from] item: Leftovers\n|turn|46\n|L|blinkie\n|\n|move|p2a: 3N08RG3HT|Earthquake|p1a: Gastrodon\n|-damage|p1a: Gastrodon|0 fnt\n|-damage|p2a: 3N08RG3HT|65\/301|[from] item: Life Orb\n|faint|p1a: Gastrodon\n|\n|-weather|Sandstorm|[upkeep]\n|L|Mizuhime\n|J|Mizuhime\n|L|zdrup\n|J|Isa RC\n|J|radianthero156\n|\n|switch|p1a: Celebi|Celebi|403\/403\n|-damage|p1a: Celebi|303\/403|[from] Spikes\n|-damage|p1a: Celebi|253\/403|[from] Stealth Rock\n|turn|47\n|\n|switch|p2a: yes|Jirachi, shiny|354\/404\n|-damage|p2a: yes|304\/404|[from] Spikes\n|move|p1a: Celebi|Leech Seed|p2a: yes\n|-start|p2a: yes|move: Leech Seed\n|\n|-weather|Sandstorm|[upkeep]\n|-damage|p1a: Celebi|228\/403|[from] sandstorm\n|-heal|p1a: Celebi|253\/403|[from] item: Leftovers\n|-damage|p2a: yes|254\/404|[from] Leech Seed|[of] p1a: Celebi\n|-heal|p1a: Celebi|303\/403|[silent]\n|turn|48\n|\n|move|p2a: yes|U-turn|p1a: Celebi\n|-supereffective|p1a: Celebi\n|-damage|p1a: Celebi|115\/403\n|L|Problems\n|L|tesung\n|\n|switch|p2a: 3N08RG3HT|Aerodactyl, F, shiny|65\/301\n|-ability|p2a: 3N08RG3HT|Pressure\n|move|p1a: Celebi|Recover|p1a: Celebi\n|-heal|p1a: Celebi|316\/403\n|\n|-weather|Sandstorm|[upkeep]\n|-damage|p1a: Celebi|291\/403|[from] sandstorm\n|-heal|p1a: Celebi|316\/403|[from] item: Leftovers\n|turn|49\n|L|Laurel\n|J|Laurel\n|\n|move|p2a: 3N08RG3HT|Taunt|p1a: Celebi\n|-start|p1a: Celebi|move: Taunt\n|cant|p1a: Celebi|move: Taunt|Leech Seed\n|\n|-weather|Sandstorm|[upkeep]\n|-damage|p1a: Celebi|291\/403|[from] sandstorm\n|-heal|p1a: Celebi|316\/403|[from] item: Leftovers\n|turn|50\n|L|Aurious\n|J|Aurious\n|L|Aurious\n|J|Aurious\n|\n|switch|p2a: yes|Jirachi, shiny|254\/404\n|-damage|p2a: yes|204\/404|[from] Spikes\n|switch|p1a: Nidoqueen|Nidoqueen, F|384\/384\n|-damage|p1a: Nidoqueen|360\/384|[from] Stealth Rock\n|-damage|p1a: Nidoqueen|264\/384|[from] Spikes\n|\n|-weather|Sandstorm|[upkeep]\n|-heal|p1a: Nidoqueen|288\/384|[from] item: Black Sludge\n|turn|51\n|J|tesung\n|\n|move|p2a: yes|U-turn|p1a: Nidoqueen\n|-resisted|p1a: Nidoqueen\n|-damage|p1a: Nidoqueen|252\/384\n|\n|switch|p2a: 3N08RG3HT|Aerodactyl, F, shiny|65\/301\n|-ability|p2a: 3N08RG3HT|Pressure\n|move|p1a: Nidoqueen|Stealth Rock|p2a: 3N08RG3HT\n|-sidestart|p2: liberty32|move: Stealth Rock\n|\n|-weather|Sandstorm|[upkeep]\n|-heal|p1a: Nidoqueen|276\/384|[from] item: Black Sludge\n|turn|52\n|J|Magnus42\n|L|Aurious\n|J|the pdc show\n|\n|move|p2a: 3N08RG3HT|Earthquake|p1a: Nidoqueen\n|-supereffective|p1a: Nidoqueen\n|-damage|p1a: Nidoqueen|0 fnt\n|-damage|p2a: 3N08RG3HT|35\/301|[from] item: Life Orb\n|faint|p1a: Nidoqueen\n|\n|-weather|Sandstorm|[upkeep]\n|\n|switch|p1a: Celebi|Celebi|316\/403\n|-damage|p1a: Celebi|266\/403|[from] Stealth Rock\n|-damage|p1a: Celebi|166\/403|[from] Spikes\n|turn|53\n|c|\u2605Heist|gg\n|J|tamahome\n|\n|move|p2a: 3N08RG3HT|Taunt|p1a: Celebi\n|-start|p1a: Celebi|move: Taunt\n|cant|p1a: Celebi|move: Taunt|Recover\n|\n|-weather|Sandstorm|[upkeep]\n|-damage|p1a: Celebi|141\/403|[from] sandstorm\n|-heal|p1a: Celebi|166\/403|[from] item: Leftovers\n|turn|54\n|L|the pdc show\n|\n|move|p2a: 3N08RG3HT|Earthquake|p1a: Celebi\n|-resisted|p1a: Celebi\n|-damage|p1a: Celebi|119\/403\n|-damage|p2a: 3N08RG3HT|5\/301|[from] item: Life Orb\n|move|p1a: Celebi|Psychic|p2a: 3N08RG3HT\n|-damage|p2a: 3N08RG3HT|0 fnt\n|faint|p2a: 3N08RG3HT\n|\n|-weather|Sandstorm|[upkeep]\n|-damage|p1a: Celebi|94\/403|[from] sandstorm\n|-heal|p1a: Celebi|119\/403|[from] item: Leftovers\n|\n|switch|p2a: yes|Jirachi, shiny|204\/404\n|-damage|p2a: yes|154\/404|[from] Spikes\n|-damage|p2a: yes|129\/404|[from] Stealth Rock\n|turn|55\n|\n|move|p2a: yes|U-turn|p1a: Celebi\n|-supereffective|p1a: Celebi\n|-damage|p1a: Celebi|0 fnt\n|faint|p1a: Celebi\n|\n|switch|p2a: rozay|Roserade, F|38\/324\n|-damage|p2a: rozay|0 fnt|[from] Stealth Rock\n|faint|p2a: rozay\n|\n|-weather|Sandstorm|[upkeep]\n|J|los durros\n|c|\u2605Heist|the nidoqueen was about a 50\/50 roll but it was still in ur favour regardless\n|\n|switch|p2a: yes|Jirachi, shiny|129\/404\n|switch|p1a: Tyranitar|Tyranitar, F|172\/341\n|-damage|p2a: yes|104\/404|[from] Stealth Rock\n|-damage|p2a: yes|54\/404|[from] Spikes\n|-damage|p1a: Tyranitar|87\/341|[from] Spikes\n|-damage|p1a: Tyranitar|45\/341|[from] Stealth Rock\n|turn|56\n|c|\u2605liberty32|ok\n|c|\u2605Heist|nice bat tho\n|c|\u2605Heist|i messed up\n|\n|move|p2a: yes|Iron Head|p1a: Tyranitar\n|-supereffective|p1a: Tyranitar\n|-damage|p1a: Tyranitar|0 fnt\n|faint|p1a: Tyranitar\n|\n|win|liberty32\n|c|\u2605Heist|on one turn\n|L|mael oo\n|L|Heist\n|player|p1\n|L|mccauley\n|L|Rapture's Finest\n|L|Scythe Kronos\n|L|KratosMana\n|L|EvaUnit10\n|L|Weegah\n|L|Soulgazer\n|L|Tebigong\n|L|Lord Ninjax\n|L|reyscarface\n|L|Alf\n|L|Jirachee\n|L|FAJI\n|L|4trackboy\n|L|Lohgock\n|L|blarajan\n|L|giara\n|L|Laurel","inputlog":null,"uploadtime":1424558762,"views":822,"p1id":"heist","p2id":"liberty32","formatid":"gen4ou","rating":0,"private":0,"password":null}