{"id":"smogtours-gen7ou-654567","p1":"STABLEPRINCE \u8056","p2":"Skipothy","format":"gen7ou","log":"|inactive|Battle timer is ON: inactive players will automatically lose when time's up.\n|t:|1665768812\n|gametype|singles\n|player|p1|STABLEPRINCE \u8056|ryuki|\n|player|p2|Skipothy|flannery|\n|teamsize|p1|6\n|teamsize|p2|6\n|gen|7\n|tier|[Gen 7] OU\n|rule|Sleep Clause Mod: Limit one foe put to sleep\n|rule|Species Clause: Limit one of each Pok\u00e9mon\n|rule|OHKO Clause: OHKO moves are banned\n|rule|Moody Clause: Moody is banned\n|rule|Evasion Items Clause: Evasion items are banned\n|rule|Evasion Moves Clause: Evasion moves are banned\n|rule|Endless Battle Clause: Forcing endless battles is banned\n|rule|HP Percentage Mod: HP is shown in percentages\n|clearpoke\n|poke|p1|Charizard, F|item\n|poke|p1|Serperior, F|item\n|poke|p1|Volcarona, M|item\n|poke|p1|Kommo-o, M|item\n|poke|p1|Magearna|item\n|poke|p1|Mew|item\n|poke|p2|Victini|item\n|poke|p2|Lopunny, F|item\n|poke|p2|Ferrothorn, F|item\n|poke|p2|Landorus-Therian, M|item\n|poke|p2|Rotom-Wash|item\n|poke|p2|Tapu Lele|item\n|teampreview\n|inactive|STABLEPRINCE \u8056 has 270 seconds left.\n|inactive|Skipothy has 270 seconds left.\n|inactive|Skipothy has 240 seconds left.\n|c|+airfare|!lastfm\n|error|This server does not support last.fm commands. If you're the owner, you can enable them by setting up Config.lastfmkey.\n|c|+airfare|DIAMONDS FROM SIERRA LEONE - REMIX\n|inactive|Skipothy has 210 seconds left.\n|inactive|Skipothy has 180 seconds left.\n|\n|t:|1665768936\n|start\n|switch|p1a: Mew|Mew|100\/100\n|switch|p2a: Tapu Lele|Tapu Lele|100\/100\n|-fieldstart|move: Psychic Terrain|[from] ability: Psychic Surge|[of] p2a: Tapu Lele\n|turn|1\n|inactive|Skipothy has 240 seconds left.\n|\n|t:|1665768961\n|move|p1a: Mew|Thunder Wave|p2a: Tapu Lele\n|-status|p2a: Tapu Lele|par\n|move|p2a: Tapu Lele|Moonblast|p1a: Mew\n|-damage|p1a: Mew|41\/100\n|\n|upkeep\n|turn|2\n|\n|t:|1665768986\n|switch|p2a: Lopunny|Lopunny, F|100\/100\n|move|p1a: Mew|Stealth Rock|p2a: Lopunny\n|-sidestart|p2: Skipothy|move: Stealth Rock\n|\n|upkeep\n|turn|3\n|inactive|Skipothy has 210 seconds left.\n|\n|t:|1665769014\n|detailschange|p2a: Lopunny|Lopunny-Mega, F\n|-mega|p2a: Lopunny|Lopunny|Lopunnite\n|move|p2a: Lopunny|Encore|p1a: Mew\n|-start|p1a: Mew|Encore\n|-enditem|p1a: Mew|Mental Herb\n|-end|p1a: Mew|Encore\n|move|p1a: Mew|Thunder Wave|p2a: Lopunny\n|-status|p2a: Lopunny|par\n|\n|upkeep\n|turn|4\n|\n|t:|1665769028\n|move|p1a: Mew|Ice Beam|p2a: Lopunny\n|-damage|p2a: Lopunny|75\/100 par\n|move|p2a: Lopunny|Return|p1a: Mew\n|-damage|p1a: Mew|0 fnt\n|faint|p1a: Mew\n|\n|upkeep\n|c|+airfare|\ud83d\udc80\n|inactive|STABLEPRINCE \u8056 has 270 seconds left.\n|\n|t:|1665769062\n|switch|p1a: Kommo-o|Kommo-o, M|100\/100\n|turn|5\n|inactive|Skipothy has 210 seconds left.\n|inactive|Skipothy has 180 seconds left.\n|\n|t:|1665769120\n|move|p1a: Kommo-o|Close Combat|p2a: Lopunny\n|-supereffective|p2a: Lopunny\n|-damage|p2a: Lopunny|0 fnt\n|-unboost|p1a: Kommo-o|def|1\n|-unboost|p1a: Kommo-o|spd|1\n|faint|p2a: Lopunny\n|\n|-fieldend|move: Psychic Terrain\n|upkeep\n|inactive|Skipothy has 150 seconds left.\n|\n|t:|1665769137\n|switch|p2a: Landorus|Landorus-Therian, M|100\/100\n|-damage|p2a: Landorus|88\/100|[from] Stealth Rock\n|-ability|p2a: Landorus|Intimidate|boost\n|-unboost|p1a: Kommo-o|atk|1\n|turn|6\n|inactive|Skipothy has 150 seconds left.\n|inactive|Skipothy has 120 seconds left.\n|inactive|Skipothy has 90 seconds left.\n|\n|t:|1665769217\n|switch|p1a: Serperior|Serperior, F|100\/100\n|-zpower|p2a: Landorus\n|move|p2a: Landorus|Supersonic Skystrike|p1a: Serperior|[zeffect]\n|-supereffective|p1a: Serperior\n|-damage|p1a: Serperior|0 fnt\n|faint|p1a: Serperior\n|\n|upkeep\n|inactive|STABLEPRINCE \u8056 has 270 seconds left.\n|inactive|STABLEPRINCE \u8056 has 240 seconds left.\n|inactive|STABLEPRINCE \u8056 has 210 seconds left.\n|\n|t:|1665769298\n|switch|p1a: Charizard|Charizard, F|100\/100\n|turn|7\n|inactive|Skipothy has 90 seconds left.\n|\n|t:|1665769338\n|switch|p2a: Tapu Lele|Tapu Lele|100\/100 par\n|-damage|p2a: Tapu Lele|88\/100 par|[from] Stealth Rock\n|-fieldstart|move: Psychic Terrain|[from] ability: Psychic Surge|[of] p2a: Tapu Lele\n|move|p1a: Charizard|Dragon Dance|p1a: Charizard\n|-boost|p1a: Charizard|atk|1\n|-boost|p1a: Charizard|spe|1\n|\n|upkeep\n|turn|8\n|\n|t:|1665769353\n|detailschange|p1a: Charizard|Charizard-Mega-X, F\n|-mega|p1a: Charizard|Charizard|Charizardite X\n|move|p1a: Charizard|Flare Blitz|p2a: Tapu Lele\n|-damage|p2a: Tapu Lele|0 fnt\n|faint|p2a: Tapu Lele\n|-damage|p1a: Charizard|73\/100|[from] Recoil\n|\n|upkeep\n|inactive|Skipothy has 60 seconds left.\n|\n|t:|1665769382\n|switch|p2a: Landorus|Landorus-Therian, M|88\/100\n|-damage|p2a: Landorus|76\/100|[from] Stealth Rock\n|-ability|p2a: Landorus|Intimidate|boost\n|-unboost|p1a: Charizard|atk|1\n|turn|9\n|inactive|Skipothy has 60 seconds left.\n|\n|t:|1665769397\n|move|p1a: Charizard|Flare Blitz|p2a: Landorus\n|-damage|p2a: Landorus|11\/100\n|-damage|p1a: Charizard|46\/100|[from] Recoil\n|move|p2a: Landorus|Earthquake|p1a: Charizard\n|-supereffective|p1a: Charizard\n|-crit|p1a: Charizard\n|-damage|p1a: Charizard|0 fnt\n|faint|p1a: Charizard\n|\n|upkeep\n|inactive|STABLEPRINCE \u8056 has 210 seconds left.\n|\n|t:|1665769424\n|switch|p1a: Kommo-o|Kommo-o, M|100\/100\n|turn|10\n|\n|t:|1665769429\n|-zpower|p1a: Kommo-o\n|move|p1a: Kommo-o|Clangorous Soulblaze|p2a: Landorus|[zeffect]\n|-damage|p2a: Landorus|0 fnt\n|faint|p2a: Landorus\n|-boost|p1a: Kommo-o|atk|1\n|-boost|p1a: Kommo-o|def|1\n|-boost|p1a: Kommo-o|spa|1\n|-boost|p1a: Kommo-o|spd|1\n|-boost|p1a: Kommo-o|spe|1\n|\n|upkeep\n|inactive|Skipothy has 60 seconds left.\n|\n|t:|1665769448\n|switch|p2a: Victini|Victini|100\/100\n|-damage|p2a: Victini|76\/100|[from] Stealth Rock\n|turn|11\n|inactive|STABLEPRINCE \u8056 has 210 seconds left.\n|inactive|Skipothy has 60 seconds left.\n|\n|t:|1665769484\n|move|p2a: Victini|Zen Headbutt|p1a: Kommo-o\n|-supereffective|p1a: Kommo-o\n|-damage|p1a: Kommo-o|30\/100\n|move|p1a: Kommo-o|Clanging Scales|p2a: Victini\n|-damage|p2a: Victini|15\/100\n|-unboost|p1a: Kommo-o|def|1\n|\n|-fieldend|move: Psychic Terrain\n|upkeep\n|turn|12\n|inactive|STABLEPRINCE \u8056 has 180 seconds left.\n|\n|t:|1665769513\n|switch|p1a: Magearna|Magearna|100\/100\n|move|p2a: Victini|Zen Headbutt|p1a: Magearna\n|-resisted|p1a: Magearna\n|-damage|p1a: Magearna|86\/100\n|\n|-heal|p1a: Magearna|92\/100|[from] item: Leftovers\n|upkeep\n|turn|13\n|inactive|STABLEPRINCE \u8056 has 180 seconds left.\n|inactive|STABLEPRINCE \u8056 has 150 seconds left.\n|inactive|STABLEPRINCE \u8056 has 120 seconds left.\n|\n|t:|1665769584\n|switch|p2a: Rotom|Rotom-Wash|100\/100\n|-damage|p2a: Rotom|88\/100|[from] Stealth Rock\n|move|p1a: Magearna|Thunderbolt|p2a: Rotom\n|-damage|p2a: Rotom|54\/100\n|\n|-heal|p2a: Rotom|61\/100|[from] item: Leftovers\n|-heal|p1a: Magearna|98\/100|[from] item: Leftovers\n|upkeep\n|turn|14\n|inactive|STABLEPRINCE \u8056 has 120 seconds left.\n|\n|t:|1665769603\n|move|p2a: Rotom|Defog|p1a: Magearna\n|-unboost|p1a: Magearna|evasion|1\n|-sideend|p2: Skipothy|Stealth Rock|[from] move: Defog|[of] p2a: Rotom\n|move|p1a: Magearna|Calm Mind|p1a: Magearna\n|-boost|p1a: Magearna|spa|1\n|-boost|p1a: Magearna|spd|1\n|\n|-heal|p2a: Rotom|67\/100|[from] item: Leftovers\n|-heal|p1a: Magearna|100\/100|[from] item: Leftovers\n|upkeep\n|turn|15\n|inactive|STABLEPRINCE \u8056 has 120 seconds left.\n|inactive|STABLEPRINCE \u8056 has 90 seconds left.\n|\n|t:|1665769645\n|move|p2a: Rotom|Volt Switch|p1a: Magearna\n|-damage|p1a: Magearna|87\/100\n|\n|t:|1665769647\n|switch|p2a: Ferrothorn|Ferrothorn, F|100\/100|[from]move: Volt Switch\n|move|p1a: Magearna|Calm Mind|p1a: Magearna\n|-boost|p1a: Magearna|spa|1\n|-boost|p1a: Magearna|spd|1\n|\n|-heal|p1a: Magearna|93\/100|[from] item: Leftovers\n|upkeep\n|turn|16\n|\n|t:|1665769672\n|move|p1a: Magearna|Ice Beam|p2a: Ferrothorn\n|-damage|p2a: Ferrothorn|62\/100\n|move|p2a: Ferrothorn|Leech Seed|p1a: Magearna\n|-start|p1a: Magearna|move: Leech Seed\n|\n|-heal|p1a: Magearna|99\/100|[from] item: Leftovers\n|-damage|p1a: Magearna|87\/100|[from] Leech Seed|[of] p2a: Ferrothorn\n|-heal|p2a: Ferrothorn|75\/100|[silent]\n|upkeep\n|turn|17\n|inactive|Skipothy has 30 seconds left.\n|inactive|Skipothy has 20 seconds left.\n|inactive|Skipothy has 15 seconds left.\n|\n|t:|1665769702\n|switch|p1a: Volcarona|Volcarona, M|100\/100\n|move|p2a: Ferrothorn|Gyro Ball|p1a: Volcarona\n|-resisted|p1a: Volcarona\n|-damage|p1a: Volcarona|61\/100\n|-status|p2a: Ferrothorn|brn|[from] ability: Flame Body|[of] p1a: Volcarona\n|\n|-damage|p2a: Ferrothorn|68\/100 brn|[from] brn\n|upkeep\n|turn|18\n|inactive|Skipothy has 25 seconds left this turn.\n|inactive|Skipothy has 20 seconds left.\n|inactive|Skipothy has 15 seconds left.\n|inactive|Skipothy has 10 seconds left.\n|inactive|Skipothy has 5 seconds left.\n|inactive|STABLEPRINCE \u8056 has 90 seconds left.\n|\n|t:|1665769736\n|switch|p2a: Rotom|Rotom-Wash|67\/100\n|move|p1a: Volcarona|Flamethrower|p2a: Rotom\n|-resisted|p2a: Rotom\n|-damage|p2a: Rotom|39\/100\n|\n|-heal|p2a: Rotom|45\/100|[from] item: Leftovers\n|upkeep\n|turn|19\n|inactive|Skipothy has 15 seconds left this turn.\n|inactive|STABLEPRINCE \u8056 has 90 seconds left.\n|inactive|Skipothy has 10 seconds left.\n|\n|t:|1665769760\n|move|p1a: Volcarona|Giga Drain|p2a: Rotom\n|-supereffective|p2a: Rotom\n|-damage|p2a: Rotom|0 fnt\n|-heal|p1a: Volcarona|83\/100|[from] drain|[of] p2a: Rotom\n|faint|p2a: Rotom\n|\n|upkeep\n|inactive|Skipothy has 15 seconds left this turn.\n|\n|t:|1665769763\n|switch|p2a: Victini|Victini|15\/100\n|turn|20\n|inactive|Skipothy has 25 seconds left this turn.\n|inactive|Skipothy has 20 seconds left.\n|inactive|STABLEPRINCE \u8056 has 60 seconds left.\n|\n|t:|1665769811\n|switch|p1a: Kommo-o|Kommo-o, M|30\/100\n|move|p2a: Victini|V-create|p1a: Kommo-o\n|-resisted|p1a: Kommo-o\n|-damage|p1a: Kommo-o|0 fnt\n|-unboost|p2a: Victini|spe|1\n|-unboost|p2a: Victini|def|1\n|-unboost|p2a: Victini|spd|1\n|faint|p1a: Kommo-o\n|\n|upkeep\n|inactive|Skipothy has 25 seconds left this turn.\n|inactive|STABLEPRINCE \u8056 has 30 seconds left.\n|\n|t:|1665769832\n|switch|p1a: Volcarona|Volcarona, M|83\/100\n|turn|21\n|inactive|Skipothy has 30 seconds left.\n|inactive|Skipothy has 20 seconds left.\n|inactive|Skipothy has 15 seconds left.\n|\n|t:|1665769856\n|switch|p1a: Magearna|Magearna|87\/100\n|move|p2a: Victini|V-create|p1a: Magearna\n|-supereffective|p1a: Magearna\n|-damage|p1a: Magearna|0 fnt\n|-unboost|p2a: Victini|spe|1\n|-unboost|p2a: Victini|def|1\n|-unboost|p2a: Victini|spd|1\n|faint|p1a: Magearna\n|\n|upkeep\n|inactive|Skipothy has 20 seconds left this turn.\n|\n|t:|1665769858\n|switch|p1a: Volcarona|Volcarona, M|83\/100\n|turn|22\n|inactive|Skipothy has 30 seconds left this turn.\n|inactive|Skipothy has 20 seconds left.\n|inactive|Skipothy has 15 seconds left.\n|\n|t:|1665769877\n|switch|p2a: Ferrothorn|Ferrothorn, F|68\/100 brn\n|move|p1a: Volcarona|Quiver Dance|p1a: Volcarona\n|-boost|p1a: Volcarona|spa|1\n|-boost|p1a: Volcarona|spd|1\n|-boost|p1a: Volcarona|spe|1\n|\n|-damage|p2a: Ferrothorn|62\/100 brn|[from] brn\n|upkeep\n|turn|23\n|inactive|Skipothy has 25 seconds left this turn.\n|inactive|Skipothy has 20 seconds left.\n|\n|t:|1665769885\n|switch|p2a: Victini|Victini|15\/100\n|move|p1a: Volcarona|Quiver Dance|p1a: Volcarona\n|-boost|p1a: Volcarona|spa|1\n|-boost|p1a: Volcarona|spd|1\n|-boost|p1a: Volcarona|spe|1\n|\n|upkeep\n|turn|24\n|inactive|Skipothy has 30 seconds left this turn.\n|\n|t:|1665769892\n|move|p1a: Volcarona|Flamethrower|p2a: Victini\n|-resisted|p2a: Victini\n|-damage|p2a: Victini|0 fnt\n|faint|p2a: Victini\n|\n|upkeep\n|inactive|Skipothy has 30 seconds left this turn.\n|\n|t:|1665769893\n|switch|p2a: Ferrothorn|Ferrothorn, F|62\/100 brn\n|turn|25\n|c|\u2606STABLEPRINCE \u8056|gg\n|\n|t:|1665769896\n|move|p1a: Volcarona|Flamethrower|p2a: Ferrothorn\n|-supereffective|p2a: Ferrothorn\n|-damage|p2a: Ferrothorn|0 fnt\n|faint|p2a: Ferrothorn\n|\n|win|STABLEPRINCE \u8056\n","uploadtime":1665769897,"views":37,"p1id":"stableprince","p2id":"skipothy","formatid":"gen7ou","rating":0,"private":0,"password":null}