{"id":"smogtours-gen8ou-632132","p1":"outb pj","p2":"barracades","format":"gen8ou","log":"|inactive|Battle timer is ON: inactive players will automatically lose when time's up.\n|t:|1655101900\n|gametype|singles\n|player|p1|outb pj|#wcop2022india|\n|player|p2|barracades|roark|\n|teamsize|p1|6\n|teamsize|p2|6\n|gen|8\n|tier|[Gen 8] OU\n|rule|Sleep Clause Mod: Limit one foe put to sleep\n|rule|Species Clause: Limit one of each Pok\u00e9mon\n|rule|OHKO Clause: OHKO moves are banned\n|rule|Evasion Moves Clause: Evasion moves are banned\n|rule|Endless Battle Clause: Forcing endless battles is banned\n|rule|HP Percentage Mod: HP is shown in percentages\n|rule|Dynamax Clause: You cannot dynamax\n|clearpoke\n|poke|p1|Garchomp, F|\n|poke|p1|Tyranitar, F|\n|poke|p1|Heatran, M|\n|poke|p1|Tornadus-Therian, M|\n|poke|p1|Tapu Fini|\n|poke|p1|Kartana|\n|poke|p2|Dragapult, M|\n|poke|p2|Ferrothorn, M|\n|poke|p2|Tyranitar, M|\n|poke|p2|Excadrill, M|\n|poke|p2|Zapdos|\n|poke|p2|Clefable, M|\n|teampreview\n|c|\u2606outb pj|hf\n|c|\u2606barracades|u2\n|inactive|outb pj has 270 seconds left.\n|inactive|barracades has 270 seconds left.\n|inactive|outb pj has 240 seconds left.\n|inactive|barracades has 240 seconds left.\n|\n|t:|1655101986\n|start\n|switch|p1a: starlight|Tornadus-Therian, M|100\/100\n|switch|p2a: Crescent|Clefable, M, shiny|100\/100\n|turn|1\n|\n|t:|1655101992\n|move|p1a: starlight|Knock Off|p2a: Crescent\n|-resisted|p2a: Crescent\n|-damage|p2a: Crescent|93\/100\n|-enditem|p2a: Crescent|Life Orb|[from] move: Knock Off|[of] p1a: starlight\n|move|p2a: Crescent|Calm Mind|p2a: Crescent\n|-boost|p2a: Crescent|spa|1\n|-boost|p2a: Crescent|spd|1\n|\n|upkeep\n|turn|2\n|inactive|outb pj has 270 seconds left.\n|inactive|outb pj has 240 seconds left.\n|\n|t:|1655102074\n|move|p1a: starlight|U-turn|p2a: Crescent\n|-resisted|p2a: Crescent\n|-damage|p2a: Crescent|87\/100\n|\n|t:|1655102077\n|switch|p1a: storm is comming|Tyranitar, F|100\/100|[from]move: U-turn\n|-weather|Sandstorm|[from] ability: Sand Stream|[of] p1a: storm is comming\n|move|p2a: Crescent|Moonblast|p1a: storm is comming\n|-supereffective|p1a: storm is comming\n|-damage|p1a: storm is comming|42\/100\n|-unboost|p1a: storm is comming|spa|1\n|\n|-weather|Sandstorm|[upkeep]\n|upkeep\n|turn|3\n|inactive|barracades has 270 seconds left.\n|inactive|outb pj has 210 seconds left.\n|\n|t:|1655102105\n|move|p1a: storm is comming|Fire Punch|p2a: Crescent\n|-damage|p2a: Crescent|55\/100\n|move|p2a: Crescent|Moonblast|p1a: storm is comming\n|-supereffective|p1a: storm is comming\n|-damage|p1a: storm is comming|0 fnt\n|faint|p1a: storm is comming\n|\n|-weather|Sandstorm|[upkeep]\n|upkeep\n|inactive|outb pj has 210 seconds left.\n|\n|t:|1655102124\n|switch|p1a: homelander|Kartana|100\/100\n|turn|4\n|inactive|barracades has 270 seconds left.\n|\n|t:|1655102148\n|switch|p1a: campfire|Heatran, M|100\/100\n|-item|p1a: campfire|Air Balloon\n|move|p2a: Crescent|Flamethrower|p1a: campfire\n|-damage|p1a: campfire|74\/100\n|-enditem|p1a: campfire|Air Balloon\n|\n|-weather|Sandstorm|[upkeep]\n|upkeep\n|turn|5\n|inactive|outb pj has 180 seconds left.\n|inactive|outb pj has 150 seconds left.\n|\n|t:|1655102213\n|switch|p1a: deep|Tapu Fini|100\/100\n|-fieldstart|move: Misty Terrain|[from] ability: Misty Surge|[of] p1a: deep\n|move|p2a: Crescent|Soft-Boiled|p2a: Crescent\n|-heal|p2a: Crescent|100\/100\n|\n|-weather|Sandstorm|[upkeep]\n|-damage|p1a: deep|94\/100|[from] Sandstorm\n|-heal|p1a: deep|100\/100|[from] item: Leftovers\n|upkeep\n|turn|6\n|\n|t:|1655102219\n|move|p1a: deep|Calm Mind|p1a: deep\n|-boost|p1a: deep|spa|1\n|-boost|p1a: deep|spd|1\n|move|p2a: Crescent|Moonblast|p1a: deep\n|-damage|p1a: deep|80\/100\n|-unboost|p1a: deep|spa|1\n|\n|-weather|none\n|-heal|p1a: deep|86\/100|[from] item: Leftovers\n|upkeep\n|turn|7\n|\n|t:|1655102224\n|switch|p2a: Byakko|Zapdos, shiny|100\/100\n|move|p1a: deep|Calm Mind|p1a: deep\n|-boost|p1a: deep|spa|1\n|-boost|p1a: deep|spd|1\n|\n|-heal|p1a: deep|92\/100|[from] item: Leftovers\n|upkeep\n|turn|8\n|\n|t:|1655102237\n|move|p2a: Byakko|Volt Switch|p1a: deep\n|-supereffective|p1a: deep\n|-damage|p1a: deep|57\/100\n|\n|t:|1655102240\n|switch|p2a: Temple|Ferrothorn, M, shiny|100\/100|[from]move: Volt Switch\n|move|p1a: deep|Calm Mind|p1a: deep\n|-boost|p1a: deep|spa|1\n|-boost|p1a: deep|spd|1\n|\n|-heal|p1a: deep|63\/100|[from] item: Leftovers\n|upkeep\n|turn|9\n|\n|t:|1655102249\n|move|p1a: deep|Substitute|p1a: deep\n|-start|p1a: deep|Substitute\n|-damage|p1a: deep|38\/100\n|move|p2a: Temple|Gyro Ball|p1a: deep\n|-end|p1a: deep|Substitute\n|\n|-heal|p1a: deep|44\/100|[from] item: Leftovers\n|-fieldend|Misty Terrain\n|upkeep\n|turn|10\n|\n|t:|1655102259\n|switch|p1a: campfire|Heatran, M|74\/100\n|move|p2a: Temple|Stealth Rock|p1a: campfire\n|-sidestart|p1: outb pj|move: Stealth Rock\n|\n|upkeep\n|turn|11\n|\n|t:|1655102281\n|switch|p2a: Leviathan|Dragapult, M, shiny|100\/100\n|move|p1a: campfire|Stealth Rock|p2a: Leviathan\n|-sidestart|p2: barracades|move: Stealth Rock\n|\n|upkeep\n|turn|12\n|\n|t:|1655102287\n|move|p2a: Leviathan|Shadow Ball|p1a: campfire\n|-damage|p1a: campfire|22\/100\n|move|p1a: campfire|Earth Power|p2a: Leviathan\n|-damage|p2a: Leviathan|63\/100\n|-unboost|p2a: Leviathan|spd|1\n|\n|upkeep\n|turn|13\n|\n|t:|1655102295\n|move|p2a: Leviathan|Shadow Ball|p1a: campfire\n|-damage|p1a: campfire|0 fnt\n|faint|p1a: campfire\n|\n|upkeep\n|\n|t:|1655102309\n|switch|p1a: starlight|Tornadus-Therian, M|100\/100\n|turn|14\n|c|+afdvsc|Mera Bharat mahan\n|\n|t:|1655102318\n|switch|p2a: Rex|Tyranitar, M, shiny|100\/100\n|-damage|p2a: Rex|88\/100|[from] Stealth Rock\n|-weather|Sandstorm|[from] ability: Sand Stream|[of] p2a: Rex\n|move|p1a: starlight|U-turn|p2a: Rex\n|-supereffective|p2a: Rex\n|-damage|p2a: Rex|62\/100\n|\n|t:|1655102322\n|switch|p1a: billy butcher|Garchomp, F|100\/100|[from]move: U-turn\n|-damage|p1a: billy butcher|94\/100|[from] Stealth Rock\n|\n|-weather|Sandstorm|[upkeep]\n|-heal|p1a: billy butcher|100\/100|[from] item: Leftovers\n|upkeep\n|turn|15\n|inactive|outb pj has 210 seconds left.\n|\n|t:|1655102332\n|move|p1a: billy butcher|Earthquake|p2a: Rex\n|-supereffective|p2a: Rex\n|-damage|p2a: Rex|0 fnt\n|faint|p2a: Rex\n|\n|-weather|Sandstorm|[upkeep]\n|upkeep\n|\n|t:|1655102335\n|switch|p2a: Crescent|Clefable, M, shiny|100\/100\n|turn|16\n|inactive|outb pj has 210 seconds left.\n|inactive|outb pj has 180 seconds left.\n|\n|t:|1655102391\n|switch|p1a: starlight|Tornadus-Therian, M|100\/100\n|move|p2a: Crescent|Moonblast|p1a: starlight\n|-damage|p1a: starlight|69\/100\n|\n|-weather|Sandstorm|[upkeep]\n|-damage|p1a: starlight|63\/100|[from] Sandstorm\n|upkeep\n|turn|17\n|\n|t:|1655102396\n|move|p1a: starlight|U-turn|p2a: Crescent\n|-resisted|p2a: Crescent\n|-crit|p2a: Crescent\n|-damage|p2a: Crescent|93\/100\n|\n|t:|1655102399\n|switch|p1a: deep|Tapu Fini|44\/100|[from]move: U-turn\n|-damage|p1a: deep|32\/100|[from] Stealth Rock\n|-fieldstart|move: Misty Terrain|[from] ability: Misty Surge|[of] p1a: deep\n|move|p2a: Crescent|Moonblast|p1a: deep\n|-damage|p1a: deep|8\/100\n|\n|-weather|Sandstorm|[upkeep]\n|-damage|p1a: deep|2\/100|[from] Sandstorm\n|-heal|p1a: deep|8\/100|[from] item: Leftovers\n|upkeep\n|turn|18\n|inactive|outb pj has 180 seconds left.\n|inactive|barracades has 270 seconds left.\n|\n|t:|1655102433\n|switch|p1a: billy butcher|Garchomp, F|100\/100\n|-damage|p1a: billy butcher|94\/100|[from] Stealth Rock\n|move|p2a: Crescent|Moonblast|p1a: billy butcher\n|-supereffective|p1a: billy butcher\n|-damage|p1a: billy butcher|30\/100\n|-unboost|p1a: billy butcher|spa|1\n|\n|-weather|none\n|-heal|p1a: billy butcher|36\/100|[from] item: Leftovers\n|upkeep\n|turn|19\n|\n|t:|1655102447\n|switch|p1a: deep|Tapu Fini|8\/100\n|-damage|p1a: deep|0 fnt|[from] Stealth Rock\n|faint|p1a: deep\n|move|p2a: Crescent|Moonblast|p1: deep|[notarget]\n|-fail|p2a: Crescent\n|\n|upkeep\n|\n|t:|1655102449\n|switch|p1a: homelander|Kartana|100\/100\n|-damage|p1a: homelander|94\/100|[from] Stealth Rock\n|turn|20\n|\n|t:|1655102454\n|switch|p1a: billy butcher|Garchomp, F|36\/100\n|-damage|p1a: billy butcher|30\/100|[from] Stealth Rock\n|move|p2a: Crescent|Flamethrower|p1a: billy butcher\n|-resisted|p1a: billy butcher\n|-damage|p1a: billy butcher|18\/100\n|\n|-heal|p1a: billy butcher|24\/100|[from] item: Leftovers\n|upkeep\n|turn|21\n|\n|t:|1655102460\n|switch|p1a: starlight|Tornadus-Therian, M|96\/100\n|move|p2a: Crescent|Moonblast|p1a: starlight\n|-damage|p1a: starlight|63\/100\n|\n|-fieldend|Misty Terrain\n|upkeep\n|turn|22\n|\n|t:|1655102467\n|move|p1a: starlight|Defog|p2a: Crescent\n|-unboost|p2a: Crescent|evasion|1\n|-sideend|p2: barracades|Stealth Rock|[from] move: Defog|[of] p1a: starlight\n|-sideend|p1: outb pj|Stealth Rock|[from] move: Defog|[of] p1a: starlight\n|move|p2a: Crescent|Calm Mind|p2a: Crescent\n|-boost|p2a: Crescent|spa|1\n|-boost|p2a: Crescent|spd|1\n|\n|upkeep\n|turn|23\n|\n|t:|1655102473\n|move|p1a: starlight|Knock Off|p2a: Crescent\n|-resisted|p2a: Crescent\n|-crit|p2a: Crescent\n|-damage|p2a: Crescent|85\/100\n|move|p2a: Crescent|Moonblast|p1a: starlight\n|-damage|p1a: starlight|13\/100\n|\n|upkeep\n|turn|24\n|\n|t:|1655102478\n|move|p1a: starlight|Knock Off|p2a: Crescent\n|-resisted|p2a: Crescent\n|-damage|p2a: Crescent|79\/100\n|move|p2a: Crescent|Soft-Boiled|p2a: Crescent\n|-heal|p2a: Crescent|100\/100\n|\n|upkeep\n|turn|25\n|\n|t:|1655102480\n|move|p1a: starlight|Knock Off|p2a: Crescent\n|-resisted|p2a: Crescent\n|-damage|p2a: Crescent|95\/100\n|move|p2a: Crescent|Moonblast|p1a: starlight\n|-crit|p1a: starlight\n|-damage|p1a: starlight|0 fnt\n|faint|p1a: starlight\n|\n|upkeep\n|\n|t:|1655102482\n|switch|p1a: homelander|Kartana|94\/100\n|turn|26\n|\n|t:|1655102485\n|move|p1a: homelander|Smart Strike|p2a: Crescent\n|-supereffective|p2a: Crescent\n|-damage|p2a: Crescent|22\/100\n|move|p2a: Crescent|Flamethrower|p1a: homelander\n|-supereffective|p1a: homelander\n|-damage|p1a: homelander|0 fnt\n|faint|p1a: homelander\n|\n|upkeep\n|\n|t:|1655102488\n|switch|p1a: billy butcher|Garchomp, F|24\/100\n|turn|27\n|\n|t:|1655102493\n|move|p1a: billy butcher|Earthquake|p2a: Crescent\n|-damage|p2a: Crescent|0 fnt\n|faint|p2a: Crescent\n|\n|-heal|p1a: billy butcher|30\/100|[from] item: Leftovers\n|upkeep\n|c|\u2606outb pj|gg\n|\n|t:|1655102497\n|switch|p2a: Leviathan|Dragapult, M, shiny|63\/100\n|turn|28\n|\n|t:|1655102499\n|move|p2a: Leviathan|Shadow Ball|p1a: billy butcher\n|-damage|p1a: billy butcher|0 fnt\n|faint|p1a: billy butcher\n|\n|win|barracades\n|c|\u2606barracades|gg\n","uploadtime":1655102500,"views":2257,"p1id":"outbpj","p2id":"barracades","formatid":"gen8ou","rating":0,"private":0,"password":null}