{"id":"smogtours-gen5pu-601853","p1":"tolstoy","p2":"Raichy","format":"gen5pu","log":"|inactive|Battle timer is ON: inactive players will automatically lose when time's up.\n|t:|1641765078\n|gametype|singles\n|player|p1|tolstoy|170|\n|player|p2|Raichy|#splxiiicryonicles|\n|teamsize|p1|6\n|teamsize|p2|6\n|gen|5\n|tier|[Gen 5] PU\n|rule|Species Clause: Limit one of each Pok\u00e9mon\n|rule|OHKO Clause: OHKO moves are banned\n|rule|Moody Clause: Moody is banned\n|rule|Evasion Moves Clause: Evasion moves are banned\n|rule|Endless Battle Clause: Forcing endless battles is banned\n|rule|HP Percentage Mod: HP is shown in percentages\n|rule|Evasion Abilities Clause: Evasion abilities are banned\n|rule|Swagger Clause: Swagger is banned\n|rule|Baton Pass Clause: Limit one Baton Passer, can't pass Spe and other stats simultaneously\n|rule|Sleep Clause Mod: Limit one foe put to sleep\n|rule|Sleep Clause: Sleep-inducing moves are banned\n|clearpoke\n|poke|p1|Dragonair, M|item\n|poke|p1|Cottonee, M|item\n|poke|p1|Pineco, F|item\n|poke|p1|Shelgon, F|item\n|poke|p1|Simisear, M|item\n|poke|p1|Persian, M|item\n|poke|p2|Dragonair, M|item\n|poke|p2|Magnemite|item\n|poke|p2|Pelipper, M|item\n|poke|p2|Hippopotas, M|item\n|poke|p2|Meganium, F|item\n|poke|p2|Persian, F|item\n|teampreview\n|c|\u2606Raichy|hf\n|c|\u2606tolstoy|u2\n|\n|t:|1641765087\n|start\n|switch|p1a: Pineco|Pineco, F|100\/100\n|switch|p2a: Persian|Persian, F|100\/100\n|turn|1\n|\n|t:|1641765094\n|switch|p1a: Cottonee|Cottonee, M|100\/100\n|move|p2a: Persian|Taunt|p1a: Cottonee\n|-start|p1a: Cottonee|move: Taunt\n|\n|upkeep\n|turn|2\n|\n|t:|1641765102\n|switch|p1a: Pineco|Pineco, F|100\/100\n|move|p2a: Persian|U-turn|p1a: Pineco\n|-damage|p1a: Pineco|69\/100\n|c|\u2606tolstoy|never up\n|c|\u2606tolstoy|:(\n|\n|t:|1641765120\n|switch|p2a: Magnemite|Magnemite|100\/100|[from]move: U-turn\n|\n|upkeep\n|turn|3\n|inactive|Raichy has 270 seconds left.\n|\n|t:|1641765156\n|switch|p1a: Cottonee|Cottonee, M|100\/100\n|move|p2a: Magnemite|Volt Switch|p1a: Cottonee\n|-resisted|p1a: Cottonee\n|-damage|p1a: Cottonee|83\/100\n|\n|t:|1641765172\n|switch|p2a: Persian|Persian, F|100\/100|[from]move: Volt Switch\n|\n|upkeep\n|turn|4\n|\n|t:|1641765184\n|move|p1a: Cottonee|Stun Spore|p2a: Persian\n|-status|p2a: Persian|par\n|cant|p2a: Persian|par\n|\n|upkeep\n|turn|5\n|\n|t:|1641765193\n|switch|p1a: Pineco|Pineco, F|69\/100\n|move|p2a: Persian|U-turn|p1a: Pineco\n|-damage|p1a: Pineco|37\/100\n|\n|t:|1641765198\n|switch|p2a: Magnemite|Magnemite|100\/100|[from]move: U-turn\n|\n|upkeep\n|turn|6\n|\n|t:|1641765202\n|switch|p1a: Cottonee|Cottonee, M|83\/100\n|move|p2a: Magnemite|Flash Cannon|p1a: Cottonee\n|-damage|p1a: Cottonee|39\/100\n|\n|upkeep\n|turn|7\n|c|+AcrOne|bueno raichy adelantando navidad \n|c|\u2606Raichy|as\u00ed soy\n|\n|t:|1641765215\n|switch|p2a: Persian|Persian, F|100\/100 par\n|move|p1a: Cottonee|Stun Spore|p2a: Persian|[miss]\n|-miss|p1a: Cottonee|p2a: Persian\n|\n|upkeep\n|turn|8\n|\n|t:|1641765219\n|move|p1a: Cottonee|Memento|p2a: Persian\n|-unboost|p2a: Persian|atk|2\n|-unboost|p2a: Persian|spa|2\n|faint|p1a: Cottonee\n|move|p2a: Persian|Taunt|p1: Cottonee|[notarget]\n|-fail|p2a: Persian\n|\n|upkeep\n|\n|t:|1641765227\n|switch|p1a: Dragonair|Dragonair, M|100\/100\n|turn|9\n|\n|t:|1641765248\n|switch|p2a: Meganium|Meganium, F|100\/100\n|move|p1a: Dragonair|Dragon Dance|p1a: Dragonair\n|-boost|p1a: Dragonair|atk|1\n|-boost|p1a: Dragonair|spe|1\n|\n|upkeep\n|turn|10\n|\n|t:|1641765251\n|move|p1a: Dragonair|Substitute|p1a: Dragonair\n|-start|p1a: Dragonair|Substitute\n|-damage|p1a: Dragonair|76\/100\n|move|p2a: Meganium|Dragon Tail|p1a: Dragonair\n|-supereffective|p1a: Dragonair\n|-activate|p1a: Dragonair|Substitute|[damage]\n|\n|upkeep\n|turn|11\n|c|\u2606Raichy|unmon\n|\n|t:|1641765260\n|move|p1a: Dragonair|Dragon Dance|p1a: Dragonair\n|-boost|p1a: Dragonair|atk|1\n|-boost|p1a: Dragonair|spe|1\n|move|p2a: Meganium|Giga Drain|p1a: Dragonair\n|-resisted|p1a: Dragonair\n|-end|p1a: Dragonair|Substitute\n|\n|upkeep\n|turn|12\n|\n|t:|1641765270\n|move|p1a: Dragonair|Substitute|p1a: Dragonair\n|-start|p1a: Dragonair|Substitute\n|-damage|p1a: Dragonair|51\/100\n|move|p2a: Meganium|Dragon Tail|p1a: Dragonair\n|-supereffective|p1a: Dragonair\n|-activate|p1a: Dragonair|Substitute|[damage]\n|\n|upkeep\n|turn|13\n|\n|t:|1641765274\n|move|p1a: Dragonair|Dragon Dance|p1a: Dragonair\n|-boost|p1a: Dragonair|atk|1\n|-boost|p1a: Dragonair|spe|1\n|move|p2a: Meganium|Giga Drain|p1a: Dragonair\n|-resisted|p1a: Dragonair\n|-end|p1a: Dragonair|Substitute\n|\n|upkeep\n|turn|14\n|\n|t:|1641765278\n|move|p1a: Dragonair|Substitute|p1a: Dragonair\n|-start|p1a: Dragonair|Substitute\n|-damage|p1a: Dragonair|26\/100\n|move|p2a: Meganium|Dragon Tail|p1a: Dragonair\n|-supereffective|p1a: Dragonair\n|-activate|p1a: Dragonair|Substitute|[damage]\n|\n|upkeep\n|turn|15\n|\n|t:|1641765283\n|move|p1a: Dragonair|Dragon Dance|p1a: Dragonair\n|-boost|p1a: Dragonair|atk|1\n|-boost|p1a: Dragonair|spe|1\n|move|p2a: Meganium|Giga Drain|p1a: Dragonair\n|-resisted|p1a: Dragonair\n|-crit|p1a: Dragonair\n|-end|p1a: Dragonair|Substitute\n|\n|upkeep\n|turn|16\n|c|\u2606tolstoy|does that little guy get sand\n|c|\u2606tolstoy|is that legal LOL\n|c|\u2606Raichy|it doesnt\n|c|+AcrOne|yes bro \n|c|\u2606Raichy|LOL\n|c|\u2606Raichy|NOO\n|c|+Garay oak|it is not legal\n|c|\u2606tolstoy|god bless\n|c|+AcrOne|raichy sos tontisimo \n|c|\u2606Raichy|ya s\u00e9\n|\n|t:|1641765316\n|move|p1a: Dragonair|Substitute|p1a: Dragonair\n|-start|p1a: Dragonair|Substitute\n|-damage|p1a: Dragonair|1\/100\n|move|p2a: Meganium|Dragon Tail|p1a: Dragonair\n|-supereffective|p1a: Dragonair\n|-activate|p1a: Dragonair|Substitute|[damage]\n|\n|upkeep\n|turn|17\n|c|\u2606Raichy|Me di cuenta tarde\n|\n|t:|1641765322\n|move|p1a: Dragonair|Outrage|p2a: Meganium\n|-crit|p2a: Meganium\n|-damage|p2a: Meganium|0 fnt\n|faint|p2a: Meganium\n|\n|upkeep\n|c|\u2606tolstoy|unless u have helm\n|c|\u2606tolstoy|then perdemos persians\n|inactive|Raichy has 270 seconds left.\n|\n|t:|1641765353\n|switch|p2a: Persian|Persian, F|100\/100 par\n|turn|18\n|\n|t:|1641765361\n|move|p2a: Persian|Fake Out|p1a: Dragonair\n|-end|p1a: Dragonair|Substitute\n|move|p1a: Dragonair|Outrage|p2a: Persian|[from]lockedmove\n|-damage|p2a: Persian|0 fnt\n|faint|p2a: Persian\n|\n|upkeep\n|c|\u2606Raichy|no para soon\n|\n|t:|1641765368\n|switch|p2a: Magnemite|Magnemite|100\/100\n|turn|19\n|\n|t:|1641765372\n|move|p1a: Dragonair|Outrage|p2a: Magnemite|[from]lockedmove\n|-resisted|p2a: Magnemite\n|-damage|p2a: Magnemite|20\/100\n|-start|p1a: Dragonair|confusion|[fatigue]\n|move|p2a: Magnemite|Volt Switch|p1a: Dragonair\n|-resisted|p1a: Dragonair\n|-crit|p1a: Dragonair\n|-damage|p1a: Dragonair|0 fnt\n|faint|p1a: Dragonair\n|c|\u2606tolstoy|that lived\n|c|+AcrOne|increible\n|\n|t:|1641765384\n|switch|p2a: Pelipper|Pelipper, M|100\/100|[from]move: Volt Switch\n|\n|upkeep\n|\n|t:|1641765387\n|switch|p1a: Persian|Persian, M|100\/100\n|turn|20\n|\n|t:|1641765392\n|switch|p2a: Hippopotas|Hippopotas, M|100\/100\n|move|p1a: Persian|Fake Out|p2a: Hippopotas\n|-damage|p2a: Hippopotas|86\/100\n|\n|upkeep\n|turn|21\n|\n|t:|1641765397\n|move|p1a: Persian|Protect|p1a: Persian\n|-singleturn|p1a: Persian|Protect\n|move|p2a: Hippopotas|Stealth Rock|p1a: Persian\n|-sidestart|p1: tolstoy|move: Stealth Rock\n|\n|upkeep\n|turn|22\n|\n|t:|1641765402\n|move|p1a: Persian|Last Resort|p2a: Hippopotas\n|-damage|p2a: Hippopotas|55\/100\n|move|p2a: Hippopotas|Earthquake|p1a: Persian\n|-crit|p1a: Persian\n|-damage|p1a: Persian|5\/100\n|\n|upkeep\n|turn|23\n|c|\u2606tolstoy|.\n|c|\u2606tolstoy|ite\n|\n|t:|1641765414\n|switch|p1a: Pineco|Pineco, F|37\/100\n|-damage|p1a: Pineco|12\/100|[from] Stealth Rock\n|move|p2a: Hippopotas|Slack Off|p2a: Hippopotas\n|-heal|p2a: Hippopotas|100\/100\n|\n|upkeep\n|turn|24\n|c|+Garay oak|perdemos persians\n|c|\u2606tolstoy|that did 31 bro\n|c|\u2606tolstoy|I'm gone\n|inactive|Raichy has 270 seconds left.\n|-enditem|p1a: Pineco|Custap Berry|[eat]\n|-activate|p1a: Pineco|item: Custap Berry|[consumed]\n|\n|t:|1641765452\n|switch|p2a: Magnemite|Magnemite|20\/100\n|move|p1a: Pineco|Stealth Rock|p2a: Magnemite\n|-sidestart|p2: Raichy|move: Stealth Rock\n|\n|upkeep\n|turn|25\n|\n|t:|1641765462\n|switch|p1a: Persian|Persian, M|5\/100\n|-damage|p1a: Persian|0 fnt|[from] Stealth Rock\n|faint|p1a: Persian\n|move|p2a: Magnemite|Flash Cannon|p1: Persian|[notarget]\n|-fail|p2a: Magnemite\n|\n|upkeep\n|c|+AcrOne|raichy estas troliando bro \n|\n|t:|1641765477\n|switch|p1a: Simisear|Simisear, M|100\/100\n|-damage|p1a: Simisear|75\/100|[from] Stealth Rock\n|turn|26\n|c|\u2606Raichy|as\u00ed soy\n|\n|t:|1641765497\n|move|p1a: Simisear|Nasty Plot|p1a: Simisear\n|-boost|p1a: Simisear|spa|2\n|move|p2a: Magnemite|Volt Switch|p1a: Simisear\n|-damage|p1a: Simisear|27\/100\n|-enditem|p1a: Simisear|Salac Berry|[eat]\n|-boost|p1a: Simisear|spe|1|[from] item: Salac Berry\n|c|+Feliburn|LOL\n|inactive|Raichy has 270 seconds left.\n|\n|t:|1641765511\n|switch|p2a: Dragonair|Dragonair, M|100\/100|[from]move: Volt Switch\n|-damage|p2a: Dragonair|88\/100|[from] Stealth Rock\n|\n|upkeep\n|turn|27\n|c|\u2606tolstoy|crit\n|\n|t:|1641765517\n|move|p1a: Simisear|Focus Blast|p2a: Dragonair\n|-damage|p2a: Dragonair|46\/100\n|move|p2a: Dragonair|Outrage|p1a: Simisear\n|-damage|p1a: Simisear|0 fnt\n|faint|p1a: Simisear\n|\n|upkeep\n|\n|t:|1641765523\n|switch|p1a: Shelgon|Shelgon, F|100\/100\n|-damage|p1a: Shelgon|88\/100|[from] Stealth Rock\n|turn|28\n|\n|t:|1641765528\n|move|p1a: Shelgon|Dragon Dance|p1a: Shelgon\n|-boost|p1a: Shelgon|atk|1\n|-boost|p1a: Shelgon|spe|1\n|move|p2a: Dragonair|Outrage|p1a: Shelgon|[from]lockedmove\n|-supereffective|p1a: Shelgon\n|-crit|p1a: Shelgon\n|-damage|p1a: Shelgon|0 fnt\n|faint|p1a: Shelgon\n|-start|p2a: Dragonair|confusion|[fatigue]\n|\n|upkeep\n|c|\u2606tolstoy|GGs\n|c|\u2606Raichy|RIP\n|-message|tolstoy forfeited.\n|\n|win|Raichy\n","uploadtime":1641765534,"views":588,"p1id":"tolstoy","p2id":"raichy","formatid":"gen5pu","rating":0,"private":0,"password":null}