{"id":"smogtours-gen7ou-582113","p1":"z0mog","p2":"Goootzinho","format":"gen7ou","log":"|inactive|Battle timer is ON: inactive players will automatically lose when time's up.\n|t:|1632682166\n|gametype|singles\n|player|p1|z0mog|#z0mog|\n|player|p2|Goootzinho|karen-gen2|\n|teamsize|p1|6\n|teamsize|p2|6\n|gen|7\n|tier|[Gen 7] OU\n|rule|Sleep Clause Mod: Limit one foe put to sleep\n|rule|Species Clause: Limit one of each Pok\u00e9mon\n|rule|OHKO Clause: OHKO moves are banned\n|rule|Moody Clause: Moody is banned\n|rule|Evasion Moves Clause: Evasion moves are banned\n|rule|Endless Battle Clause: Forcing endless battles is banned\n|rule|HP Percentage Mod: HP is shown in percentages\n|clearpoke\n|poke|p1|Kyurem|item\n|poke|p1|Magearna|item\n|poke|p1|Tapu Fini|item\n|poke|p1|Alakazam, F|item\n|poke|p1|Landorus-Therian, M|item\n|poke|p1|Heatran, F|item\n|poke|p2|Latios, M|item\n|poke|p2|Tornadus-Therian, M|item\n|poke|p2|Greninja, M|item\n|poke|p2|Ferrothorn, F|item\n|poke|p2|Magnezone|item\n|poke|p2|Gliscor, M|item\n|teampreview\n|c|\u2606Goootzinho|hf\n|c|\u2606z0mog|hf\n|inactive|Goootzinho has 270 seconds left.\n|inactive|Goootzinho has 240 seconds left.\n|inactive|Goootzinho has 210 seconds left.\n|\n|t:|1632682273\n|start\n|switch|p1a: Kyurem|Kyurem|100\/100\n|switch|p2a: Tornadus|Tornadus-Therian, M|100\/100\n|-ability|p1a: Kyurem|Pressure\n|turn|1\n|inactive|Goootzinho has 240 seconds left.\n|\n|t:|1632682314\n|switch|p2a: Magnezone|Magnezone|100\/100\n|move|p1a: Kyurem|Ice Beam|p2a: Magnezone\n|-resisted|p2a: Magnezone\n|-damage|p2a: Magnezone|77\/100\n|-status|p2a: Magnezone|frz\n|\n|upkeep\n|turn|2\n|inactive|Goootzinho has 210 seconds left.\n|inactive|z0mog has 270 seconds left.\n|\n|t:|1632682369\n|switch|p2a: Ferrothorn|Ferrothorn, F|100\/100\n|move|p1a: Kyurem|Earth Power|p2a: Ferrothorn\n|-damage|p2a: Ferrothorn|81\/100\n|\n|-heal|p2a: Ferrothorn|87\/100|[from] item: Leftovers\n|upkeep\n|turn|3\n|\n|t:|1632682377\n|move|p1a: Kyurem|Substitute|p1a: Kyurem\n|-start|p1a: Kyurem|Substitute\n|-damage|p1a: Kyurem|76\/100\n|move|p2a: Ferrothorn|Stealth Rock|p1a: Kyurem\n|-sidestart|p1: z0mog|move: Stealth Rock\n|\n|-heal|p2a: Ferrothorn|93\/100|[from] item: Leftovers\n|upkeep\n|turn|4\n|\n|t:|1632682391\n|switch|p2a: Greninja|Greninja, M|100\/100\n|move|p1a: Kyurem|Ice Beam|p2a: Greninja\n|-resisted|p2a: Greninja\n|-damage|p2a: Greninja|60\/100\n|\n|upkeep\n|turn|5\n|\n|t:|1632682404\n|move|p2a: Greninja|Low Kick|p1a: Kyurem\n|-start|p2a: Greninja|typechange|Fighting|[from] ability: Protean\n|-supereffective|p1a: Kyurem\n|-end|p1a: Kyurem|Substitute\n|move|p1a: Kyurem|Ice Beam|p2a: Greninja\n|-damage|p2a: Greninja|0 fnt\n|faint|p2a: Greninja\n|\n|upkeep\n|\n|t:|1632682413\n|switch|p2a: Tornadus|Tornadus-Therian, M|100\/100\n|turn|6\n|\n|t:|1632682417\n|switch|p1a: Heatran|Heatran, F|100\/100\n|-damage|p1a: Heatran|88\/100|[from] Stealth Rock\n|-zpower|p2a: Tornadus\n|move|p2a: Tornadus|Supersonic Skystrike|p1a: Heatran|[zeffect]\n|-resisted|p1a: Heatran\n|-damage|p1a: Heatran|59\/100\n|\n|-heal|p1a: Heatran|65\/100|[from] item: Leftovers\n|upkeep\n|turn|7\n|\n|t:|1632682420\n|switch|p1a: Tapu Fini|Tapu Fini|100\/100\n|-damage|p1a: Tapu Fini|88\/100|[from] Stealth Rock\n|-fieldstart|move: Misty Terrain|[from] ability: Misty Surge|[of] p1a: Tapu Fini\n|move|p2a: Tornadus|Taunt|p1a: Tapu Fini\n|-start|p1a: Tapu Fini|move: Taunt\n|\n|-heal|p1a: Tapu Fini|94\/100|[from] item: Leftovers\n|upkeep\n|turn|8\n|inactive|Goootzinho has 210 seconds left.\n|\n|t:|1632682437\n|move|p2a: Tornadus|Knock Off|p1a: Tapu Fini\n|-resisted|p1a: Tapu Fini\n|-damage|p1a: Tapu Fini|87\/100\n|-enditem|p1a: Tapu Fini|Leftovers|[from] move: Knock Off|[of] p2a: Tornadus\n|move|p1a: Tapu Fini|Nature's Madness|p2a: Tornadus\n|-damage|p2a: Tornadus|51\/100\n|\n|upkeep\n|turn|9\n|inactive|Goootzinho has 210 seconds left.\n|inactive|Goootzinho has 180 seconds left.\n|\n|t:|1632682483\n|switch|p2a: Ferrothorn|Ferrothorn, F|93\/100\n|move|p1a: Tapu Fini|Nature's Madness|p2a: Ferrothorn\n|-damage|p2a: Ferrothorn|47\/100\n|\n|-heal|p2a: Ferrothorn|53\/100|[from] item: Leftovers\n|-end|p1a: Tapu Fini|move: Taunt\n|upkeep\n|turn|10\n|\n|t:|1632682504\n|switch|p1a: Heatran|Heatran, F|65\/100\n|-damage|p1a: Heatran|52\/100|[from] Stealth Rock\n|move|p2a: Ferrothorn|Leech Seed|p1a: Heatran\n|-start|p1a: Heatran|move: Leech Seed\n|\n|-heal|p1a: Heatran|59\/100|[from] item: Leftovers\n|-heal|p2a: Ferrothorn|60\/100|[from] item: Leftovers\n|-damage|p1a: Heatran|46\/100|[from] Leech Seed|[of] p2a: Ferrothorn\n|-heal|p2a: Ferrothorn|73\/100|[silent]\n|upkeep\n|turn|11\n|\n|t:|1632682507\n|switch|p2a: Gliscor|Gliscor, M|100\/100\n|move|p1a: Heatran|Stealth Rock|p2a: Gliscor\n|-sidestart|p2: Goootzinho|move: Stealth Rock\n|\n|-heal|p1a: Heatran|52\/100|[from] item: Leftovers\n|-damage|p1a: Heatran|40\/100|[from] Leech Seed|[of] p2a: Gliscor\n|-fieldend|Misty Terrain\n|-status|p2a: Gliscor|tox|[from] item: Toxic Orb\n|upkeep\n|turn|12\n|\n|t:|1632682517\n|switch|p1a: Landorus|Landorus-Therian, M|100\/100\n|-damage|p1a: Landorus|88\/100|[from] Stealth Rock\n|-ability|p1a: Landorus|Intimidate|boost\n|-unboost|p2a: Gliscor|atk|1\n|move|p2a: Gliscor|Swords Dance|p2a: Gliscor\n|-boost|p2a: Gliscor|atk|2\n|\n|upkeep\n|turn|13\n|\n|t:|1632682540\n|move|p1a: Landorus|U-turn|p2a: Gliscor\n|-resisted|p2a: Gliscor\n|-damage|p2a: Gliscor|92\/100 tox\n|\n|t:|1632682542\n|switch|p1a: Heatran|Heatran, F|40\/100|[from]move: U-turn\n|-damage|p1a: Heatran|28\/100|[from] Stealth Rock\n|move|p2a: Gliscor|Roost|p2a: Gliscor\n|-heal|p2a: Gliscor|100\/100 tox\n|-singleturn|p2a: Gliscor|move: Roost\n|\n|-heal|p1a: Heatran|34\/100|[from] item: Leftovers\n|upkeep\n|turn|14\n|\n|t:|1632682551\n|move|p2a: Gliscor|Earthquake|p1a: Heatran\n|-supereffective|p1a: Heatran\n|-damage|p1a: Heatran|0 fnt\n|faint|p1a: Heatran\n|\n|upkeep\n|\n|t:|1632682554\n|switch|p1a: Kyurem|Kyurem|76\/100\n|-damage|p1a: Kyurem|51\/100|[from] Stealth Rock\n|-ability|p1a: Kyurem|Pressure\n|turn|15\n|inactive|Goootzinho has 180 seconds left.\n|inactive|Goootzinho has 150 seconds left.\n|\n|t:|1632682596\n|switch|p2a: Tornadus|Tornadus-Therian, M|84\/100\n|-damage|p2a: Tornadus|59\/100|[from] Stealth Rock\n|move|p1a: Kyurem|Ice Beam|p2a: Tornadus\n|-supereffective|p2a: Tornadus\n|-damage|p2a: Tornadus|0 fnt\n|faint|p2a: Tornadus\n|\n|upkeep\n|\n|t:|1632682602\n|switch|p2a: Latios|Latios, M|100\/100\n|-damage|p2a: Latios|88\/100|[from] Stealth Rock\n|turn|16\n|inactive|Goootzinho has 150 seconds left.\n|\n|t:|1632682618\n|switch|p1a: Tapu Fini|Tapu Fini|87\/100\n|-damage|p1a: Tapu Fini|75\/100|[from] Stealth Rock\n|-fieldstart|move: Misty Terrain|[from] ability: Misty Surge|[of] p1a: Tapu Fini\n|detailschange|p2a: Latios|Latios-Mega, M\n|-mega|p2a: Latios|Latios|Latiosite\n|move|p2a: Latios|Psychic|p1a: Tapu Fini\n|-damage|p1a: Tapu Fini|39\/100\n|\n|upkeep\n|turn|17\n|inactive|Goootzinho has 120 seconds left.\n|\n|t:|1632682659\n|move|p2a: Latios|Psychic|p1a: Tapu Fini\n|-damage|p1a: Tapu Fini|4\/100\n|move|p1a: Tapu Fini|Defog|p2a: Latios\n|-unboost|p2a: Latios|evasion|1\n|-sideend|p2: Goootzinho|Stealth Rock|[from] move: Defog|[of] p1a: Tapu Fini\n|-sideend|p1: z0mog|Stealth Rock|[from] move: Defog|[of] p1a: Tapu Fini\n|\n|upkeep\n|turn|18\n|\n|t:|1632682670\n|move|p2a: Latios|Psychic|p1a: Tapu Fini\n|-damage|p1a: Tapu Fini|0 fnt\n|faint|p1a: Tapu Fini\n|\n|upkeep\n|\n|t:|1632682674\n|switch|p1a: Alakazam|Alakazam, F|100\/100\n|turn|19\n|inactive|Goootzinho has 120 seconds left.\n|inactive|Goootzinho has 90 seconds left.\n|\n|t:|1632682738\n|detailschange|p1a: Alakazam|Alakazam-Mega, F\n|-mega|p1a: Alakazam|Alakazam|Alakazite\n|-ability|p1a: Alakazam|Levitate|[from] ability: Trace|[of] p2a: Latios\n|move|p1a: Alakazam|Focus Blast|p2a: Latios\n|-resisted|p2a: Latios\n|-damage|p2a: Latios|69\/100\n|move|p2a: Latios|Surf|p1a: Alakazam\n|-damage|p1a: Alakazam|57\/100\n|\n|upkeep\n|turn|20\n|inactive|Goootzinho has 60 seconds left.\n|\n|t:|1632682781\n|move|p1a: Alakazam|Recover|p1a: Alakazam\n|-heal|p1a: Alakazam|100\/100\n|move|p2a: Latios|Surf|p1a: Alakazam\n|-damage|p1a: Alakazam|58\/100\n|\n|-fieldend|Misty Terrain\n|upkeep\n|turn|21\n|\n|t:|1632682784\n|move|p1a: Alakazam|Shadow Ball|p2a: Latios\n|-supereffective|p2a: Latios\n|-damage|p2a: Latios|13\/100\n|move|p2a: Latios|Calm Mind|p2a: Latios\n|-boost|p2a: Latios|spa|1\n|-boost|p2a: Latios|spd|1\n|\n|upkeep\n|turn|22\n|\n|t:|1632682794\n|switch|p2a: Ferrothorn|Ferrothorn, F|73\/100\n|move|p1a: Alakazam|Shadow Ball|p2a: Ferrothorn\n|-damage|p2a: Ferrothorn|50\/100\n|\n|-heal|p2a: Ferrothorn|57\/100|[from] item: Leftovers\n|upkeep\n|turn|23\n|\n|t:|1632682803\n|move|p1a: Alakazam|Focus Blast|p2a: Ferrothorn\n|-supereffective|p2a: Ferrothorn\n|-damage|p2a: Ferrothorn|0 fnt\n|faint|p2a: Ferrothorn\n|\n|upkeep\n|\n|t:|1632682806\n|switch|p2a: Gliscor|Gliscor, M|100\/100 tox\n|turn|24\n|inactive|Goootzinho has 60 seconds left.\n|inactive|z0mog has 270 seconds left.\n|\n|t:|1632682837\n|move|p1a: Alakazam|Psychic|p2a: Gliscor\n|-damage|p2a: Gliscor|26\/100 tox\n|move|p2a: Gliscor|Ice Fang|p1a: Alakazam\n|-damage|p1a: Alakazam|32\/100\n|\n|-heal|p2a: Gliscor|38\/100 tox|[from] ability: Poison Heal\n|upkeep\n|turn|25\n|\n|t:|1632682851\n|switch|p2a: Magnezone|Magnezone|77\/100 frz\n|move|p1a: Alakazam|Psychic|p2a: Magnezone\n|-resisted|p2a: Magnezone\n|-damage|p2a: Magnezone|44\/100 frz\n|\n|upkeep\n|turn|26\n|\n|t:|1632682858\n|move|p1a: Alakazam|Shadow Ball|p2a: Magnezone\n|-damage|p2a: Magnezone|8\/100 frz\n|cant|p2a: Magnezone|frz\n|\n|upkeep\n|turn|27\n|c|\u2606Goootzinho|y\n|inactive|Goootzinho has 60 seconds left.\n|c|\u2606Goootzinho|gg\n|c|\u2606z0mog|gg\n|\n|t:|1632682866\n|move|p1a: Alakazam|Shadow Ball|p2a: Magnezone\n|-damage|p2a: Magnezone|0 fnt\n|faint|p2a: Magnezone\n|\n|upkeep\n|\n|t:|1632682869\n|switch|p2a: Gliscor|Gliscor, M|38\/100 tox\n|turn|28\n|\n|t:|1632682871\n|move|p1a: Alakazam|Psychic|p2a: Gliscor\n|-damage|p2a: Gliscor|0 fnt\n|faint|p2a: Gliscor\n|\n|upkeep\n|\n|t:|1632682873\n|switch|p2a: Latios|Latios-Mega, M|13\/100\n|turn|29\n|\n|t:|1632682875\n|move|p1a: Alakazam|Shadow Ball|p2a: Latios\n|-supereffective|p2a: Latios\n|-damage|p2a: Latios|0 fnt\n|faint|p2a: Latios\n|\n|win|z0mog\n","uploadtime":1632682876,"views":163,"p1id":"z0mog","p2id":"goootzinho","formatid":"gen7ou","rating":0,"private":0,"password":null}