{"id":"smogtours-gen1ou-655915","p1":"Laroxyl","p2":"genesis7","format":"gen1ou","log":"|inactive|Battle timer is ON: inactive players will automatically lose when time's up.\n|t:|1666135690\n|gametype|singles\n|player|p1|Laroxyl|#scl1spartans|\n|player|p2|genesis7|265|\n|teamsize|p1|6\n|teamsize|p2|6\n|gen|1\n|tier|[Gen 1] OU\n|rule|Desync Clause Mod: Desyncs changed to move failure.\n|rule|Sleep Clause Mod: Limit one foe put to sleep\n|rule|Freeze Clause Mod: Limit one foe frozen\n|rule|Species Clause: Limit one of each Pok\u00e9mon\n|rule|OHKO Clause: OHKO moves are banned\n|rule|Evasion Moves Clause: Evasion moves are banned\n|rule|Endless Battle Clause: Forcing endless battles is banned\n|rule|HP Percentage Mod: HP is shown in percentages\n|\n|t:|1666135690\n|start\n|switch|p1a: Starmie|Starmie|100\/100\n|switch|p2a: Jynx|Jynx|100\/100\n|turn|1\n|c|\u2606genesis7|glhf\n|\n|t:|1666135706\n|move|p1a: Starmie|Thunder Wave|p2a: Jynx\n|-status|p2a: Jynx|par\n|move|p2a: Jynx|Lovely Kiss|p1a: Starmie\n|-status|p1a: Starmie|slp|[from] move: Lovely Kiss\n|\n|upkeep\n|turn|2\n|\n|t:|1666135712\n|cant|p1a: Starmie|slp\n|move|p2a: Jynx|Blizzard|p1a: Starmie\n|-resisted|p1a: Starmie\n|-damage|p1a: Starmie|80\/100 slp\n|\n|upkeep\n|turn|3\n|\n|t:|1666135717\n|switch|p2a: Tauros|Tauros|100\/100\n|cant|p1a: Starmie|slp\n|\n|upkeep\n|turn|4\n|\n|t:|1666135721\n|switch|p1a: Snorlax|Snorlax|100\/100\n|move|p2a: Tauros|Body Slam|p1a: Snorlax\n|-damage|p1a: Snorlax|78\/100\n|\n|upkeep\n|turn|5\n|\n|t:|1666135729\n|switch|p2a: Snorlax|Snorlax|100\/100\n|move|p1a: Snorlax|Body Slam|p2a: Snorlax\n|-damage|p2a: Snorlax|75\/100\n|\n|upkeep\n|turn|6\n|\n|t:|1666135735\n|move|p1a: Snorlax|Body Slam|p2a: Snorlax\n|-damage|p2a: Snorlax|48\/100\n|move|p2a: Snorlax|Reflect|p2a: Snorlax\n|-start|p2a: Snorlax|Reflect\n|\n|upkeep\n|turn|7\n|\n|t:|1666135744\n|switch|p1a: Chansey|Chansey|100\/100\n|move|p2a: Snorlax|Body Slam|p1a: Chansey\n|-damage|p1a: Chansey|59\/100\n|\n|upkeep\n|turn|8\n|\n|t:|1666135750\n|move|p1a: Chansey|Soft-Boiled|p1a: Chansey\n|-heal|p1a: Chansey|100\/100\n|move|p2a: Snorlax|Body Slam|p1a: Chansey\n|-damage|p1a: Chansey|57\/100\n|\n|upkeep\n|turn|9\n|\n|t:|1666135757\n|move|p1a: Chansey|Soft-Boiled|p1a: Chansey\n|-heal|p1a: Chansey|100\/100\n|move|p2a: Snorlax|Body Slam|p1a: Chansey\n|-damage|p1a: Chansey|60\/100\n|\n|upkeep\n|turn|10\n|\n|t:|1666135766\n|move|p1a: Chansey|Thunder Wave|p2a: Snorlax\n|-status|p2a: Snorlax|par\n|move|p2a: Snorlax|Ice Beam|p1a: Chansey\n|-damage|p1a: Chansey|53\/100\n|\n|upkeep\n|turn|11\n|\n|t:|1666135772\n|move|p1a: Chansey|Soft-Boiled|p1a: Chansey\n|-heal|p1a: Chansey|100\/100\n|move|p2a: Snorlax|Body Slam|p1a: Chansey\n|-damage|p1a: Chansey|57\/100\n|\n|upkeep\n|turn|12\n|\n|t:|1666135782\n|move|p1a: Chansey|Soft-Boiled|p1a: Chansey\n|-heal|p1a: Chansey|100\/100\n|move|p2a: Snorlax|Body Slam|p1a: Chansey\n|-damage|p1a: Chansey|57\/100\n|\n|upkeep\n|turn|13\n|\n|t:|1666135789\n|move|p1a: Chansey|Soft-Boiled|p1a: Chansey\n|-heal|p1a: Chansey|100\/100\n|move|p2a: Snorlax|Body Slam|p1a: Chansey\n|-damage|p1a: Chansey|56\/100\n|\n|upkeep\n|turn|14\n|\n|t:|1666135794\n|move|p1a: Chansey|Soft-Boiled|p1a: Chansey\n|-heal|p1a: Chansey|100\/100\n|move|p2a: Snorlax|Body Slam|p1a: Chansey\n|-damage|p1a: Chansey|61\/100\n|\n|upkeep\n|turn|15\n|\n|t:|1666135800\n|cant|p2a: Snorlax|par\n|move|p1a: Chansey|Counter|p2a: Snorlax\n|-hint|Desync Clause Mod activated!\n|-fail|p1a: Chansey\n|\n|upkeep\n|turn|16\n|\n|t:|1666135813\n|move|p1a: Chansey|Soft-Boiled|p1a: Chansey\n|-heal|p1a: Chansey|100\/100\n|move|p2a: Snorlax|Rest|p2a: Snorlax\n|-status|p2a: Snorlax|slp|[from] move: Rest\n|-heal|p2a: Snorlax|100\/100 slp|[silent]\n|\n|upkeep\n|turn|17\n|\n|t:|1666135826\n|switch|p1a: Exeggutor|Exeggutor|100\/100\n|cant|p2a: Snorlax|slp\n|\n|upkeep\n|turn|18\n|\n|t:|1666135841\n|switch|p2a: Jynx|Jynx|100\/100 par\n|move|p1a: Exeggutor|Psychic|p2a: Jynx\n|-crit|p2a: Jynx\n|-resisted|p2a: Jynx\n|-damage|p2a: Jynx|61\/100 par\n|\n|upkeep\n|turn|19\n|\n|t:|1666135850\n|switch|p1a: Starmie|Starmie|80\/100 slp\n|cant|p2a: Jynx|par\n|\n|upkeep\n|turn|20\n|\n|t:|1666135856\n|switch|p2a: Tauros|Tauros|100\/100\n|-curestatus|p1a: Starmie|slp|[msg]\n|\n|upkeep\n|turn|21\n|\n|t:|1666135868\n|switch|p2a: Chansey|Chansey|100\/100\n|move|p1a: Starmie|Psychic|p2a: Chansey\n|-damage|p2a: Chansey|85\/100\n|-unboost|p2a: Chansey|spd|1\n|-unboost|p2a: Chansey|spa|1\n|\n|upkeep\n|turn|22\n|\n|t:|1666135879\n|switch|p1a: Chansey|Chansey|100\/100\n|move|p2a: Chansey|Ice Beam|p1a: Chansey\n|-damage|p1a: Chansey|93\/100\n|\n|upkeep\n|turn|23\n|\n|t:|1666135888\n|move|p1a: Chansey|Ice Beam|p2a: Chansey\n|-crit|p2a: Chansey\n|-damage|p2a: Chansey|65\/100\n|move|p2a: Chansey|Ice Beam|p1a: Chansey\n|-damage|p1a: Chansey|86\/100\n|\n|upkeep\n|turn|24\n|\n|t:|1666135896\n|move|p1a: Chansey|Ice Beam|p2a: Chansey\n|-damage|p2a: Chansey|48\/100\n|move|p2a: Chansey|Soft-Boiled|p2a: Chansey\n|-heal|p2a: Chansey|98\/100\n|\n|upkeep\n|turn|25\n|\n|t:|1666135904\n|move|p2a: Chansey|Ice Beam|p1a: Chansey\n|-damage|p1a: Chansey|79\/100\n|move|p1a: Chansey|Ice Beam|p2a: Chansey\n|-damage|p2a: Chansey|82\/100\n|\n|upkeep\n|turn|26\n|\n|t:|1666135909\n|switch|p2a: Jynx|Jynx|61\/100 par\n|move|p1a: Chansey|Ice Beam|p2a: Jynx\n|-resisted|p2a: Jynx\n|-damage|p2a: Jynx|49\/100 par\n|\n|upkeep\n|turn|27\n|\n|t:|1666135915\n|switch|p1a: Starmie|Starmie|80\/100\n|move|p2a: Jynx|Lovely Kiss|p1a: Starmie|[miss]\n|-miss|p2a: Jynx\n|\n|upkeep\n|turn|28\n|\n|t:|1666135920\n|move|p1a: Starmie|Psychic|p2a: Jynx\n|-resisted|p2a: Jynx\n|-damage|p2a: Jynx|34\/100 par\n|move|p2a: Jynx|Lovely Kiss|p1a: Starmie\n|-status|p1a: Starmie|slp|[from] move: Lovely Kiss\n|\n|upkeep\n|turn|29\n|\n|t:|1666135929\n|switch|p1a: Snorlax|Snorlax|78\/100\n|move|p2a: Jynx|Rest|p2a: Jynx\n|-status|p2a: Jynx|slp|[from] move: Rest\n|-heal|p2a: Jynx|100\/100 slp|[silent]\n|\n|upkeep\n|turn|30\n|\n|t:|1666135938\n|switch|p2a: Rhydon|Rhydon|100\/100\n|move|p1a: Snorlax|Body Slam|p2a: Rhydon\n|-resisted|p2a: Rhydon\n|-damage|p2a: Rhydon|89\/100\n|\n|upkeep\n|turn|31\n|\n|t:|1666135949\n|switch|p2a: Starmie|Starmie|100\/100\n|switch|p1a: Exeggutor|Exeggutor|100\/100\n|\n|upkeep\n|turn|32\n|\n|t:|1666135963\n|switch|p1a: Chansey|Chansey|79\/100\n|move|p2a: Starmie|Blizzard|p1a: Chansey\n|-crit|p1a: Chansey\n|-damage|p1a: Chansey|56\/100\n|\n|upkeep\n|turn|33\n|\n|t:|1666135970\n|move|p2a: Starmie|Thunder Wave|p1a: Chansey\n|-status|p1a: Chansey|par\n|move|p1a: Chansey|Soft-Boiled|p1a: Chansey\n|-heal|p1a: Chansey|100\/100 par\n|\n|upkeep\n|turn|34\n|\n|t:|1666135978\n|switch|p2a: Snorlax|Snorlax|100\/100 slp\n|move|p1a: Chansey|Ice Beam|p2a: Snorlax\n|-damage|p2a: Snorlax|82\/100 slp\n|\n|upkeep\n|turn|35\n|\n|t:|1666135986\n|switch|p1a: Exeggutor|Exeggutor|100\/100\n|-curestatus|p2a: Snorlax|slp|[msg]\n|\n|upkeep\n|turn|36\n|\n|t:|1666135998\n|switch|p1a: Tauros|Tauros|100\/100\n|switch|p2a: Jynx|Jynx|100\/100 slp\n|\n|upkeep\n|turn|37\n|\n|t:|1666136006\n|switch|p2a: Starmie|Starmie|100\/100\n|move|p1a: Tauros|Body Slam|p2a: Starmie\n|-crit|p2a: Starmie\n|-damage|p2a: Starmie|36\/100\n|\n|upkeep\n|turn|38\n|inactive|genesis7 has 270 seconds left.\n|\n|t:|1666136043\n|switch|p1a: Chansey|Chansey|100\/100 par\n|move|p2a: Starmie|Thunder Wave|p1a: Chansey\n|-fail|p1a: Chansey|par\n|\n|upkeep\n|turn|39\n|\n|t:|1666136048\n|move|p2a: Starmie|Recover|p2a: Starmie\n|-heal|p2a: Starmie|86\/100\n|cant|p1a: Chansey|par\n|\n|upkeep\n|turn|40\n|\n|t:|1666136059\n|move|p2a: Starmie|Psychic|p1a: Chansey\n|-damage|p1a: Chansey|86\/100 par\n|move|p1a: Chansey|Thunder Wave|p2a: Starmie\n|-status|p2a: Starmie|par\n|\n|upkeep\n|turn|41\n|\n|t:|1666136076\n|move|p2a: Starmie|Blizzard|p1a: Chansey\n|-damage|p1a: Chansey|74\/100 par\n|move|p1a: Chansey|Soft-Boiled|p1a: Chansey\n|-heal|p1a: Chansey|100\/100 par\n|\n|upkeep\n|turn|42\n|\n|t:|1666136085\n|switch|p1a: Starmie|Starmie|80\/100 slp\n|move|p2a: Starmie|Thunder Wave|p1a: Starmie\n|-fail|p1a: Starmie\n|\n|upkeep\n|turn|43\n|\n|t:|1666136097\n|switch|p1a: Snorlax|Snorlax|78\/100\n|cant|p2a: Starmie|par\n|\n|upkeep\n|turn|44\n|\n|t:|1666136108\n|switch|p2a: Snorlax|Snorlax|82\/100\n|move|p1a: Snorlax|Body Slam|p2a: Snorlax\n|-damage|p2a: Snorlax|55\/100\n|\n|upkeep\n|turn|45\n|\n|t:|1666136131\n|switch|p1a: Exeggutor|Exeggutor|100\/100\n|move|p2a: Snorlax|Body Slam|p1a: Exeggutor\n|-damage|p1a: Exeggutor|70\/100\n|-status|p1a: Exeggutor|par\n|\n|upkeep\n|turn|46\n|\n|t:|1666136151\n|move|p2a: Snorlax|Body Slam|p1a: Exeggutor\n|-damage|p1a: Exeggutor|40\/100 par\n|move|p1a: Exeggutor|Sleep Powder|p2a: Snorlax\n|-status|p2a: Snorlax|slp|[from] move: Sleep Powder\n|\n|upkeep\n|turn|47\n|\n|t:|1666136163\n|switch|p2a: Jynx|Jynx|100\/100 slp\n|switch|p1a: Tauros|Tauros|100\/100\n|\n|upkeep\n|turn|48\n|\n|t:|1666136177\n|move|p1a: Tauros|Body Slam|p2a: Jynx\n|-damage|p2a: Jynx|47\/100 slp\n|cant|p2a: Jynx|slp\n|\n|upkeep\n|turn|49\n|\n|t:|1666136182\n|move|p1a: Tauros|Body Slam|p2a: Jynx\n|-crit|p2a: Jynx\n|-damage|p2a: Jynx|0 fnt\n|faint|p2a: Jynx\n|\n|t:|1666136196\n|switch|p2a: Starmie|Starmie|86\/100 par\n|turn|50\n|\n|t:|1666136219\n|switch|p1a: Exeggutor|Exeggutor|40\/100 par\n|move|p2a: Starmie|Thunder Wave|p1a: Exeggutor\n|-fail|p1a: Exeggutor|par\n|\n|upkeep\n|turn|51\n|\n|t:|1666136241\n|switch|p2a: Snorlax|Snorlax|55\/100 slp\n|switch|p1a: Chansey|Chansey|100\/100 par\n|\n|upkeep\n|turn|52\n|\n|t:|1666136255\n|switch|p2a: Starmie|Starmie|86\/100 par\n|switch|p1a: Tauros|Tauros|100\/100\n|\n|upkeep\n|turn|53\n|\n|t:|1666136269\n|switch|p1a: Chansey|Chansey|100\/100 par\n|move|p2a: Starmie|Thunder Wave|p1a: Chansey\n|-fail|p1a: Chansey|par\n|\n|upkeep\n|turn|54\n|\n|t:|1666136283\n|switch|p1a: Starmie|Starmie|80\/100 slp\n|move|p2a: Starmie|Thunder Wave|p1a: Starmie\n|-fail|p1a: Starmie\n|\n|upkeep\n|turn|55\n|\n|t:|1666136293\n|switch|p2a: Tauros|Tauros|100\/100\n|cant|p1a: Starmie|slp\n|\n|upkeep\n|turn|56\n|\n|t:|1666136297\n|switch|p1a: Snorlax|Snorlax|78\/100\n|move|p2a: Tauros|Body Slam|p1a: Snorlax\n|-damage|p1a: Snorlax|51\/100\n|\n|upkeep\n|turn|57\n|\n|t:|1666136316\n|move|p2a: Tauros|Body Slam|p1a: Snorlax\n|-damage|p1a: Snorlax|26\/100\n|move|p1a: Snorlax|Body Slam|p2a: Tauros\n|-damage|p2a: Tauros|70\/100\n|\n|upkeep\n|turn|58\n|inactive|genesis7 has 270 seconds left.\n|\n|t:|1666136362\n|move|p2a: Tauros|Hyper Beam|p1a: Snorlax\n|-damage|p1a: Snorlax|0 fnt\n|faint|p1a: Snorlax\n|\n|t:|1666136371\n|switch|p1a: Tauros|Tauros|100\/100\n|turn|59\n|\n|t:|1666136378\n|switch|p2a: Snorlax|Snorlax|55\/100 slp\n|move|p1a: Tauros|Body Slam|p2a: Snorlax\n|-damage|p2a: Snorlax|29\/100 slp\n|\n|upkeep\n|turn|60\n|inactive|genesis7 has 270 seconds left.\n|\n|t:|1666136394\n|move|p1a: Tauros|Body Slam|p2a: Snorlax\n|-damage|p2a: Snorlax|3\/100 slp\n|cant|p2a: Snorlax|slp\n|\n|upkeep\n|turn|61\n|\n|t:|1666136401\n|move|p1a: Tauros|Body Slam|p2a: Snorlax\n|-damage|p2a: Snorlax|0 fnt\n|faint|p2a: Snorlax\n|inactive|genesis7 has 270 seconds left.\n|\n|t:|1666136407\n|switch|p2a: Starmie|Starmie|86\/100 par\n|turn|62\n|inactive|genesis7 has 270 seconds left.\n|\n|t:|1666136425\n|switch|p1a: Starmie|Starmie|80\/100 slp\n|move|p2a: Starmie|Thunder Wave|p1a: Starmie\n|-fail|p1a: Starmie\n|\n|upkeep\n|turn|63\n|inactive|genesis7 has 270 seconds left.\n|\n|t:|1666136432\n|cant|p1a: Starmie|slp\n|cant|p2a: Starmie|par\n|\n|upkeep\n|turn|64\n|\n|t:|1666136440\n|switch|p2a: Tauros|Tauros|70\/100\n|cant|p1a: Starmie|slp\n|\n|upkeep\n|turn|65\n|\n|t:|1666136445\n|cant|p1a: Starmie|slp\n|move|p2a: Tauros|Body Slam|p1a: Starmie\n|-damage|p1a: Starmie|44\/100 slp\n|\n|upkeep\n|turn|66\n|\n|t:|1666136455\n|switch|p1a: Zapdos|Zapdos|100\/100\n|move|p2a: Tauros|Body Slam|p1a: Zapdos\n|-damage|p1a: Zapdos|71\/100\n|\n|upkeep\n|turn|67\n|\n|t:|1666136484\n|switch|p2a: Chansey|Chansey|82\/100\n|switch|p1a: Tauros|Tauros|100\/100\n|\n|upkeep\n|turn|68\n|\n|t:|1666136492\n|switch|p1a: Chansey|Chansey|100\/100 par\n|move|p2a: Chansey|Thunder Wave|p1a: Chansey\n|-fail|p1a: Chansey|par\n|\n|upkeep\n|turn|69\n|\n|t:|1666136506\n|switch|p2a: Starmie|Starmie|86\/100 par\n|switch|p1a: Zapdos|Zapdos|71\/100\n|\n|upkeep\n|turn|70\n|inactive|genesis7 has 270 seconds left.\n|inactive|Laroxyl has 270 seconds left.\n|inactive|Laroxyl has 240 seconds left.\n|\n|t:|1666136582\n|switch|p1a: Tauros|Tauros|100\/100\n|switch|p2a: Rhydon|Rhydon|89\/100\n|\n|upkeep\n|turn|71\n|inactive|Laroxyl has 240 seconds left.\n|inactive|genesis7 has 240 seconds left.\n|\n|t:|1666136619\n|switch|p2a: Tauros|Tauros|70\/100\n|move|p1a: Tauros|Blizzard|p2a: Tauros\n|-damage|p2a: Tauros|44\/100\n|\n|upkeep\n|turn|72\n|inactive|genesis7 has 240 seconds left.\n|inactive|Laroxyl has 210 seconds left.\n|\n|t:|1666136649\n|move|p1a: Tauros|Hyper Beam|p2a: Tauros\n|-damage|p2a: Tauros|0 fnt\n|faint|p2a: Tauros\n|\n|t:|1666136654\n|switch|p2a: Starmie|Starmie|86\/100 par\n|turn|73\n|inactive|Laroxyl has 210 seconds left.\n|inactive|genesis7 has 240 seconds left.\n|\n|t:|1666136665\n|switch|p1a: Chansey|Chansey|100\/100 par\n|move|p2a: Starmie|Thunder Wave|p1a: Chansey\n|-fail|p1a: Chansey|par\n|\n|upkeep\n|turn|74\n|inactive|Laroxyl has 210 seconds left.\n|\n|t:|1666136684\n|switch|p1a: Zapdos|Zapdos|71\/100\n|move|p2a: Starmie|Recover|p2a: Starmie\n|-heal|p2a: Starmie|100\/100 par\n|\n|upkeep\n|turn|75\n|\n|t:|1666136691\n|switch|p2a: Rhydon|Rhydon|89\/100\n|move|p1a: Zapdos|Drill Peck|p2a: Rhydon\n|-resisted|p2a: Rhydon\n|-damage|p2a: Rhydon|80\/100\n|\n|upkeep\n|turn|76\n|inactive|Laroxyl has 210 seconds left.\n|inactive|genesis7 has 240 seconds left.\n|\n|t:|1666136726\n|move|p1a: Zapdos|Drill Peck|p2a: Rhydon\n|-resisted|p2a: Rhydon\n|-damage|p2a: Rhydon|71\/100\n|move|p2a: Rhydon|Earthquake|p1a: Zapdos\n|-immune|p1a: Zapdos\n|\n|upkeep\n|turn|77\n|inactive|Laroxyl has 210 seconds left.\n|\n|t:|1666136736\n|move|p1a: Zapdos|Drill Peck|p2a: Rhydon\n|-resisted|p2a: Rhydon\n|-damage|p2a: Rhydon|62\/100\n|move|p2a: Rhydon|Rock Slide|p1a: Zapdos|[miss]\n|-miss|p2a: Rhydon\n|\n|upkeep\n|turn|78\n|inactive|Laroxyl has 210 seconds left.\n|\n|t:|1666136747\n|move|p1a: Zapdos|Drill Peck|p2a: Rhydon\n|-resisted|p2a: Rhydon\n|-damage|p2a: Rhydon|53\/100\n|move|p2a: Rhydon|Rock Slide|p1a: Zapdos\n|-supereffective|p1a: Zapdos\n|-damage|p1a: Zapdos|13\/100\n|\n|upkeep\n|turn|79\n|\n|t:|1666136762\n|move|p1a: Zapdos|Drill Peck|p2a: Rhydon\n|-resisted|p2a: Rhydon\n|-damage|p2a: Rhydon|44\/100\n|move|p2a: Rhydon|Body Slam|p1a: Zapdos\n|-damage|p1a: Zapdos|0 fnt\n|faint|p1a: Zapdos\n|\n|t:|1666136771\n|switch|p1a: Tauros|Tauros|100\/100\n|turn|80\n|\n|t:|1666136786\n|switch|p2a: Starmie|Starmie|100\/100 par\n|move|p1a: Tauros|Earthquake|p2a: Starmie\n|-damage|p2a: Starmie|72\/100 par\n|\n|upkeep\n|turn|81\n|\n|t:|1666136804\n|switch|p1a: Starmie|Starmie|44\/100 slp\n|move|p2a: Starmie|Thunder Wave|p1a: Starmie\n|-fail|p1a: Starmie\n|\n|upkeep\n|turn|82\n|\n|t:|1666136816\n|-curestatus|p1a: Starmie|slp|[msg]\n|move|p2a: Starmie|Recover|p2a: Starmie\n|-heal|p2a: Starmie|100\/100 par\n|\n|upkeep\n|turn|83\n|\n|t:|1666136825\n|move|p1a: Starmie|Recover|p1a: Starmie\n|-heal|p1a: Starmie|94\/100\n|move|p2a: Starmie|Thunder Wave|p1a: Starmie\n|-status|p1a: Starmie|par\n|\n|upkeep\n|turn|84\n|inactive|genesis7 has 240 seconds left.\n|\n|t:|1666136846\n|switch|p2a: Chansey|Chansey|82\/100\n|move|p1a: Starmie|Psychic|p2a: Chansey\n|-damage|p2a: Chansey|67\/100\n|-unboost|p2a: Chansey|spd|1\n|-unboost|p2a: Chansey|spa|1\n|\n|upkeep\n|turn|85\n|\n|t:|1666136864\n|switch|p1a: Chansey|Chansey|100\/100 par\n|move|p2a: Chansey|Soft-Boiled|p2a: Chansey\n|-heal|p2a: Chansey|100\/100\n|\n|upkeep\n|turn|86\n|\n|t:|1666136875\n|switch|p2a: Starmie|Starmie|100\/100 par\n|cant|p1a: Chansey|par\n|\n|upkeep\n|turn|87\n|\n|t:|1666136882\n|switch|p1a: Starmie|Starmie|94\/100 par\n|move|p2a: Starmie|Psychic|p1a: Starmie\n|-resisted|p1a: Starmie\n|-damage|p1a: Starmie|76\/100 par\n|\n|upkeep\n|turn|88\n|\n|t:|1666136895\n|switch|p2a: Chansey|Chansey|100\/100\n|move|p1a: Starmie|Psychic|p2a: Chansey\n|-damage|p2a: Chansey|86\/100\n|\n|upkeep\n|turn|89\n|inactive|genesis7 has 270 seconds left.\n|\n|t:|1666136906\n|switch|p2a: Rhydon|Rhydon|44\/100\n|switch|p1a: Chansey|Chansey|100\/100 par\n|\n|upkeep\n|turn|90\n|inactive|genesis7 has 270 seconds left.\n|\n|t:|1666136923\n|switch|p2a: Starmie|Starmie|100\/100 par\n|move|p1a: Chansey|Ice Beam|p2a: Starmie\n|-resisted|p2a: Starmie\n|-damage|p2a: Starmie|89\/100 par\n|\n|upkeep\n|turn|91\n|inactive|Laroxyl has 240 seconds left.\n|\n|t:|1666136933\n|switch|p1a: Starmie|Starmie|76\/100 par\n|cant|p2a: Starmie|par\n|\n|upkeep\n|turn|92\n|inactive|Laroxyl has 240 seconds left.\n|\n|t:|1666136943\n|switch|p2a: Chansey|Chansey|86\/100\n|cant|p1a: Starmie|par\n|\n|upkeep\n|turn|93\n|\n|t:|1666136950\n|switch|p1a: Chansey|Chansey|100\/100 par\n|move|p2a: Chansey|Thunderbolt|p1a: Chansey\n|-damage|p1a: Chansey|91\/100 par\n|\n|upkeep\n|turn|94\n|\n|t:|1666136959\n|switch|p2a: Starmie|Starmie|89\/100 par\n|cant|p1a: Chansey|par\n|\n|upkeep\n|turn|95\n|\n|t:|1666136969\n|move|p2a: Starmie|Thunder Wave|p1a: Chansey\n|-fail|p1a: Chansey|par\n|move|p1a: Chansey|Ice Beam|p2a: Starmie\n|-resisted|p2a: Starmie\n|-damage|p2a: Starmie|78\/100 par\n|\n|upkeep\n|turn|96\n|\n|t:|1666136975\n|switch|p1a: Starmie|Starmie|76\/100 par\n|move|p2a: Starmie|Recover|p2a: Starmie\n|-heal|p2a: Starmie|100\/100 par\n|\n|upkeep\n|turn|97\n|\n|t:|1666136984\n|switch|p2a: Chansey|Chansey|86\/100\n|cant|p1a: Starmie|par\n|\n|upkeep\n|turn|98\n|\n|t:|1666136990\n|switch|p1a: Chansey|Chansey|91\/100 par\n|move|p2a: Chansey|Thunderbolt|p1a: Chansey\n|-damage|p1a: Chansey|81\/100 par\n|\n|upkeep\n|turn|99\n|\n|t:|1666137003\n|switch|p2a: Starmie|Starmie|100\/100 par\n|move|p1a: Chansey|Thunder Wave|p2a: Starmie\n|-fail|p2a: Starmie|par\n|\n|upkeep\n|turn|100\n|\n|t:|1666137015\n|move|p2a: Starmie|Thunder Wave|p1a: Chansey\n|-fail|p1a: Chansey|par\n|move|p1a: Chansey|Soft-Boiled|p1a: Chansey\n|-heal|p1a: Chansey|100\/100 par\n|\n|upkeep\n|turn|101\n|\n|t:|1666137023\n|switch|p1a: Starmie|Starmie|76\/100 par\n|move|p2a: Starmie|Thunder Wave|p1a: Starmie\n|-fail|p1a: Starmie|par\n|\n|upkeep\n|turn|102\n|\n|t:|1666137029\n|switch|p2a: Chansey|Chansey|86\/100\n|move|p1a: Starmie|Thunder Wave|p2a: Chansey\n|-status|p2a: Chansey|par\n|\n|upkeep\n|turn|103\n|\n|t:|1666137037\n|switch|p1a: Chansey|Chansey|100\/100 par\n|move|p2a: Chansey|Ice Beam|p1a: Chansey\n|-damage|p1a: Chansey|90\/100 par\n|\n|upkeep\n|turn|104\n|\n|t:|1666137044\n|move|p2a: Chansey|Soft-Boiled|p2a: Chansey\n|-heal|p2a: Chansey|100\/100 par\n|cant|p1a: Chansey|par\n|\n|upkeep\n|turn|105\n|\n|t:|1666137050\n|move|p2a: Chansey|Thunderbolt|p1a: Chansey\n|-damage|p1a: Chansey|80\/100 par\n|cant|p1a: Chansey|par\n|\n|upkeep\n|turn|106\n|\n|t:|1666137056\n|move|p2a: Chansey|Thunder Wave|p1a: Chansey\n|-fail|p1a: Chansey|par\n|move|p1a: Chansey|Ice Beam|p2a: Chansey\n|-crit|p2a: Chansey\n|-damage|p2a: Chansey|81\/100 par\n|\n|upkeep\n|turn|107\n|\n|t:|1666137071\n|move|p1a: Chansey|Thunder Wave|p2a: Chansey\n|-fail|p2a: Chansey|par\n|move|p2a: Chansey|Thunder Wave|p1a: Chansey\n|-fail|p1a: Chansey|par\n|\n|upkeep\n|turn|108\n|\n|t:|1666137085\n|move|p1a: Chansey|Thunder Wave|p2a: Chansey\n|-fail|p2a: Chansey|par\n|cant|p2a: Chansey|par\n|\n|upkeep\n|turn|109\n|\n|t:|1666137091\n|move|p1a: Chansey|Thunder Wave|p2a: Chansey\n|-fail|p2a: Chansey|par\n|move|p2a: Chansey|Thunder Wave|p1a: Chansey\n|-fail|p1a: Chansey|par\n|\n|upkeep\n|turn|110\n|\n|t:|1666137098\n|cant|p1a: Chansey|par\n|move|p2a: Chansey|Thunder Wave|p1a: Chansey\n|-fail|p1a: Chansey|par\n|\n|upkeep\n|turn|111\n|\n|t:|1666137102\n|move|p2a: Chansey|Ice Beam|p1a: Chansey\n|-damage|p1a: Chansey|69\/100 par\n|move|p1a: Chansey|Thunder Wave|p2a: Chansey\n|-fail|p2a: Chansey|par\n|\n|upkeep\n|turn|112\n|\n|t:|1666137108\n|move|p2a: Chansey|Soft-Boiled|p2a: Chansey\n|-heal|p2a: Chansey|100\/100 par\n|move|p1a: Chansey|Soft-Boiled|p1a: Chansey\n|-heal|p1a: Chansey|100\/100 par\n|\n|upkeep\n|turn|113\n|\n|t:|1666137115\n|cant|p1a: Chansey|par\n|move|p2a: Chansey|Thunder Wave|p1a: Chansey\n|-fail|p1a: Chansey|par\n|\n|upkeep\n|turn|114\n|\n|t:|1666137119\n|switch|p2a: Starmie|Starmie|100\/100 par\n|move|p1a: Chansey|Ice Beam|p2a: Starmie\n|-resisted|p2a: Starmie\n|-damage|p2a: Starmie|88\/100 par\n|\n|upkeep\n|turn|115\n|\n|t:|1666137125\n|switch|p1a: Starmie|Starmie|76\/100 par\n|move|p2a: Starmie|Recover|p2a: Starmie\n|-heal|p2a: Starmie|100\/100 par\n|\n|upkeep\n|turn|116\n|\n|t:|1666137135\n|switch|p2a: Chansey|Chansey|100\/100 par\n|move|p1a: Starmie|Psychic|p2a: Chansey\n|-damage|p2a: Chansey|85\/100 par\n|\n|upkeep\n|turn|117\n|\n|t:|1666137151\n|switch|p1a: Chansey|Chansey|100\/100 par\n|cant|p2a: Chansey|par\n|\n|upkeep\n|turn|118\n|\n|t:|1666137156\n|cant|p2a: Chansey|par\n|move|p1a: Chansey|Counter|p2a: Chansey\n|-fail|p1a: Chansey\n|\n|upkeep\n|turn|119\n|\n|t:|1666137163\n|move|p2a: Chansey|Thunder Wave|p1a: Chansey\n|-fail|p1a: Chansey|par\n|move|p1a: Chansey|Counter|p2a: Chansey\n|-fail|p1a: Chansey\n|\n|upkeep\n|turn|120\n|\n|t:|1666137169\n|move|p2a: Chansey|Thunder Wave|p1a: Chansey\n|-fail|p1a: Chansey|par\n|move|p1a: Chansey|Counter|p2a: Chansey\n|-fail|p1a: Chansey\n|\n|upkeep\n|turn|121\n|\n|t:|1666137183\n|move|p2a: Chansey|Thunder Wave|p1a: Chansey\n|-fail|p1a: Chansey|par\n|move|p1a: Chansey|Counter|p2a: Chansey\n|-fail|p1a: Chansey\n|\n|upkeep\n|turn|122\n|\n|t:|1666137188\n|move|p2a: Chansey|Ice Beam|p1a: Chansey\n|-damage|p1a: Chansey|90\/100 par\n|cant|p1a: Chansey|par\n|\n|upkeep\n|turn|123\n|\n|t:|1666137198\n|move|p2a: Chansey|Ice Beam|p1a: Chansey\n|-damage|p1a: Chansey|80\/100 par\n|cant|p1a: Chansey|par\n|\n|upkeep\n|turn|124\n|\n|t:|1666137202\n|move|p2a: Chansey|Thunder Wave|p1a: Chansey\n|-fail|p1a: Chansey|par\n|move|p1a: Chansey|Counter|p2a: Chansey\n|-fail|p1a: Chansey\n|\n|upkeep\n|turn|125\n|\n|t:|1666137207\n|move|p2a: Chansey|Thunder Wave|p1a: Chansey\n|-fail|p1a: Chansey|par\n|move|p1a: Chansey|Counter|p2a: Chansey\n|-fail|p1a: Chansey\n|\n|upkeep\n|turn|126\n|\n|t:|1666137212\n|cant|p2a: Chansey|par\n|move|p1a: Chansey|Counter|p2a: Chansey\n|-fail|p1a: Chansey\n|\n|upkeep\n|turn|127\n|\n|t:|1666137216\n|move|p2a: Chansey|Thunder Wave|p1a: Chansey\n|-fail|p1a: Chansey|par\n|move|p1a: Chansey|Counter|p2a: Chansey\n|-fail|p1a: Chansey\n|\n|upkeep\n|turn|128\n|\n|t:|1666137221\n|switch|p2a: Starmie|Starmie|100\/100 par\n|move|p1a: Chansey|Counter|p2a: Starmie\n|-fail|p1a: Chansey\n|\n|upkeep\n|turn|129\n|\n|t:|1666137225\n|switch|p1a: Starmie|Starmie|76\/100 par\n|cant|p2a: Starmie|par\n|\n|upkeep\n|turn|130\n|\n|t:|1666137230\n|move|p1a: Starmie|Psychic|p2a: Starmie\n|-resisted|p2a: Starmie\n|-damage|p2a: Starmie|85\/100 par\n|move|p2a: Starmie|Psychic|p1a: Starmie\n|-resisted|p1a: Starmie\n|-damage|p1a: Starmie|60\/100 par\n|\n|upkeep\n|turn|131\n|\n|t:|1666137237\n|move|p2a: Starmie|Recover|p2a: Starmie\n|-heal|p2a: Starmie|100\/100 par\n|move|p1a: Starmie|Recover|p1a: Starmie\n|-heal|p1a: Starmie|100\/100 par\n|\n|upkeep\n|turn|132\n|\n|t:|1666137242\n|switch|p2a: Chansey|Chansey|85\/100 par\n|cant|p1a: Starmie|par\n|\n|upkeep\n|turn|133\n|\n|t:|1666137252\n|switch|p1a: Chansey|Chansey|80\/100 par\n|move|p2a: Chansey|Thunderbolt|p1a: Chansey\n|-crit|p1a: Chansey\n|-damage|p1a: Chansey|59\/100 par\n|\n|upkeep\n|turn|134\n|\n|t:|1666137259\n|switch|p2a: Starmie|Starmie|100\/100 par\n|cant|p1a: Chansey|par\n|\n|upkeep\n|turn|135\n|\n|t:|1666137266\n|move|p2a: Starmie|Thunder Wave|p1a: Chansey\n|-fail|p1a: Chansey|par\n|move|p1a: Chansey|Soft-Boiled|p1a: Chansey\n|-heal|p1a: Chansey|100\/100 par\n|\n|upkeep\n|turn|136\n|\n|t:|1666137274\n|switch|p2a: Chansey|Chansey|85\/100 par\n|switch|p1a: Starmie|Starmie|100\/100 par\n|\n|upkeep\n|turn|137\n|\n|t:|1666137281\n|switch|p1a: Chansey|Chansey|100\/100 par\n|move|p2a: Chansey|Thunderbolt|p1a: Chansey\n|-damage|p1a: Chansey|90\/100 par\n|\n|upkeep\n|turn|138\n|\n|t:|1666137289\n|move|p2a: Chansey|Thunder Wave|p1a: Chansey\n|-fail|p1a: Chansey|par\n|cant|p1a: Chansey|par\n|\n|upkeep\n|turn|139\n|\n|t:|1666137294\n|switch|p2a: Starmie|Starmie|100\/100 par\n|move|p1a: Chansey|Thunder Wave|p2a: Starmie\n|-fail|p2a: Starmie|par\n|\n|upkeep\n|turn|140\n|\n|t:|1666137299\n|switch|p1a: Starmie|Starmie|100\/100 par\n|move|p2a: Starmie|Psychic|p1a: Starmie\n|-resisted|p1a: Starmie\n|-damage|p1a: Starmie|84\/100 par\n|\n|upkeep\n|turn|141\n|\n|t:|1666137306\n|switch|p2a: Chansey|Chansey|85\/100 par\n|move|p1a: Starmie|Psychic|p2a: Chansey\n|-damage|p2a: Chansey|69\/100 par\n|\n|upkeep\n|turn|142\n|\n|t:|1666137315\n|switch|p1a: Exeggutor|Exeggutor|40\/100 par\n|move|p2a: Chansey|Ice Beam|p1a: Exeggutor\n|-crit|p1a: Exeggutor\n|-supereffective|p1a: Exeggutor\n|-damage|p1a: Exeggutor|0 fnt\n|faint|p1a: Exeggutor\n|\n|t:|1666137331\n|switch|p1a: Tauros|Tauros|100\/100\n|turn|143\n|\n|t:|1666137355\n|move|p1a: Tauros|Body Slam|p2a: Chansey\n|-damage|p2a: Chansey|31\/100 par\n|cant|p2a: Chansey|par\n|\n|upkeep\n|turn|144\n|\n|t:|1666137362\n|switch|p2a: Starmie|Starmie|100\/100 par\n|move|p1a: Tauros|Body Slam|p2a: Starmie\n|-damage|p2a: Starmie|64\/100 par\n|\n|upkeep\n|turn|145\n|\n|t:|1666137372\n|switch|p1a: Starmie|Starmie|84\/100 par\n|move|p2a: Starmie|Thunder Wave|p1a: Starmie\n|-fail|p1a: Starmie|par\n|\n|upkeep\n|turn|146\n|\n|t:|1666137378\n|cant|p1a: Starmie|par\n|move|p2a: Starmie|Recover|p2a: Starmie\n|-heal|p2a: Starmie|100\/100 par\n|\n|upkeep\n|turn|147\n|\n|t:|1666137384\n|move|p1a: Starmie|Thunderbolt|p2a: Starmie\n|-crit|p2a: Starmie\n|-supereffective|p2a: Starmie\n|-damage|p2a: Starmie|12\/100 par\n|cant|p2a: Starmie|par\n|\n|upkeep\n|turn|148\n|\n|t:|1666137394\n|move|p1a: Starmie|Psychic|p2a: Starmie\n|-crit|p2a: Starmie\n|-resisted|p2a: Starmie\n|-damage|p2a: Starmie|0 fnt\n|faint|p2a: Starmie\n|\n|t:|1666137397\n|switch|p2a: Chansey|Chansey|31\/100 par\n|turn|149\n|\n|t:|1666137402\n|move|p1a: Starmie|Psychic|p2a: Chansey\n|-damage|p2a: Chansey|17\/100 par\n|move|p2a: Chansey|Soft-Boiled|p2a: Chansey\n|-heal|p2a: Chansey|67\/100 par\n|\n|upkeep\n|turn|150\n|\n|t:|1666137412\n|switch|p1a: Chansey|Chansey|90\/100 par\n|move|p2a: Chansey|Soft-Boiled|p2a: Chansey\n|-heal|p2a: Chansey|100\/100 par\n|\n|upkeep\n|turn|151\n|\n|t:|1666137419\n|move|p2a: Chansey|Thunder Wave|p1a: Chansey\n|-fail|p1a: Chansey|par\n|cant|p1a: Chansey|par\n|\n|upkeep\n|turn|152\n|\n|t:|1666137426\n|move|p2a: Chansey|Thunder Wave|p1a: Chansey\n|-fail|p1a: Chansey|par\n|move|p1a: Chansey|Counter|p2a: Chansey\n|-fail|p1a: Chansey\n|\n|upkeep\n|turn|153\n|\n|t:|1666137432\n|move|p2a: Chansey|Ice Beam|p1a: Chansey\n|-damage|p1a: Chansey|79\/100 par\n|cant|p1a: Chansey|par\n|\n|upkeep\n|turn|154\n|\n|t:|1666137439\n|move|p1a: Chansey|Ice Beam|p2a: Chansey\n|-damage|p2a: Chansey|90\/100 par\n|cant|p2a: Chansey|par\n|\n|upkeep\n|turn|155\n|\n|t:|1666137444\n|move|p2a: Chansey|Thunder Wave|p1a: Chansey\n|-fail|p1a: Chansey|par\n|move|p1a: Chansey|Counter|p2a: Chansey\n|-fail|p1a: Chansey\n|\n|upkeep\n|turn|156\n|\n|t:|1666137449\n|move|p1a: Chansey|Thunder Wave|p2a: Chansey\n|-fail|p2a: Chansey|par\n|cant|p2a: Chansey|par\n|\n|upkeep\n|turn|157\n|\n|t:|1666137453\n|move|p2a: Chansey|Thunder Wave|p1a: Chansey\n|-fail|p1a: Chansey|par\n|cant|p1a: Chansey|par\n|\n|upkeep\n|turn|158\n|\n|t:|1666137459\n|cant|p1a: Chansey|par\n|move|p2a: Chansey|Thunder Wave|p1a: Chansey\n|-fail|p1a: Chansey|par\n|\n|upkeep\n|turn|159\n|\n|t:|1666137463\n|cant|p2a: Chansey|par\n|move|p1a: Chansey|Thunder Wave|p2a: Chansey\n|-fail|p2a: Chansey|par\n|\n|upkeep\n|turn|160\n|\n|t:|1666137467\n|cant|p1a: Chansey|par\n|move|p2a: Chansey|Thunder Wave|p1a: Chansey\n|-fail|p1a: Chansey|par\n|\n|upkeep\n|turn|161\n|\n|t:|1666137470\n|switch|p2a: Rhydon|Rhydon|44\/100\n|cant|p1a: Chansey|par\n|\n|upkeep\n|turn|162\n|\n|t:|1666137477\n|move|p2a: Rhydon|Earthquake|p1a: Chansey\n|-damage|p1a: Chansey|25\/100 par\n|move|p1a: Chansey|Ice Beam|p2a: Rhydon\n|-supereffective|p2a: Rhydon\n|-damage|p2a: Rhydon|0 fnt\n|faint|p2a: Rhydon\n|\n|t:|1666137482\n|switch|p2a: Chansey|Chansey|90\/100 par\n|turn|163\n|\n|t:|1666137485\n|move|p2a: Chansey|Ice Beam|p1a: Chansey\n|-crit|p1a: Chansey\n|-damage|p1a: Chansey|5\/100 par\n|move|p1a: Chansey|Soft-Boiled|p1a: Chansey\n|-heal|p1a: Chansey|55\/100 par\n|\n|upkeep\n|turn|164\n|\n|t:|1666137492\n|move|p2a: Chansey|Ice Beam|p1a: Chansey\n|-damage|p1a: Chansey|44\/100 par\n|move|p1a: Chansey|Soft-Boiled|p1a: Chansey\n|-heal|p1a: Chansey|94\/100 par\n|\n|upkeep\n|turn|165\n|\n|t:|1666137498\n|cant|p2a: Chansey|par\n|cant|p1a: Chansey|par\n|\n|upkeep\n|turn|166\n|\n|t:|1666137501\n|move|p2a: Chansey|Ice Beam|p1a: Chansey\n|-damage|p1a: Chansey|83\/100 par\n|cant|p1a: Chansey|par\n|\n|upkeep\n|turn|167\n|\n|t:|1666137506\n|move|p2a: Chansey|Ice Beam|p1a: Chansey\n|-damage|p1a: Chansey|73\/100 par\n|cant|p1a: Chansey|par\n|\n|upkeep\n|turn|168\n|\n|t:|1666137510\n|move|p2a: Chansey|Thunder Wave|p1a: Chansey\n|-fail|p1a: Chansey|par\n|move|p1a: Chansey|Counter|p2a: Chansey\n|-fail|p1a: Chansey\n|\n|upkeep\n|turn|169\n|\n|t:|1666137516\n|move|p2a: Chansey|Thunder Wave|p1a: Chansey\n|-fail|p1a: Chansey|par\n|move|p1a: Chansey|Counter|p2a: Chansey\n|-fail|p1a: Chansey\n|\n|upkeep\n|turn|170\n|\n|t:|1666137520\n|cant|p1a: Chansey|par\n|move|p2a: Chansey|Ice Beam|p1a: Chansey\n|-damage|p1a: Chansey|62\/100 par\n|\n|upkeep\n|turn|171\n|\n|t:|1666137524\n|move|p2a: Chansey|Thunder Wave|p1a: Chansey\n|-fail|p1a: Chansey|par\n|move|p1a: Chansey|Thunder Wave|p2a: Chansey\n|-fail|p2a: Chansey|par\n|\n|upkeep\n|turn|172\n|\n|t:|1666137530\n|move|p2a: Chansey|Ice Beam|p1a: Chansey\n|-damage|p1a: Chansey|51\/100 par\n|move|p1a: Chansey|Thunder Wave|p2a: Chansey\n|-fail|p2a: Chansey|par\n|\n|upkeep\n|turn|173\n|\n|t:|1666137535\n|move|p2a: Chansey|Thunder Wave|p1a: Chansey\n|-fail|p1a: Chansey|par\n|move|p1a: Chansey|Thunder Wave|p2a: Chansey\n|-fail|p2a: Chansey|par\n|\n|upkeep\n|turn|174\n|\n|t:|1666137539\n|cant|p2a: Chansey|par\n|move|p1a: Chansey|Thunder Wave|p2a: Chansey\n|-fail|p2a: Chansey|par\n|\n|upkeep\n|turn|175\n|\n|t:|1666137542\n|cant|p1a: Chansey|par\n|cant|p2a: Chansey|par\n|\n|upkeep\n|turn|176\n|\n|t:|1666137546\n|move|p1a: Chansey|Thunder Wave|p2a: Chansey\n|-fail|p2a: Chansey|par\n|move|p2a: Chansey|Ice Beam|p1a: Chansey\n|-damage|p1a: Chansey|41\/100 par\n|\n|upkeep\n|turn|177\n|\n|t:|1666137553\n|move|p2a: Chansey|Thunderbolt|p1a: Chansey\n|-damage|p1a: Chansey|30\/100 par\n|move|p1a: Chansey|Soft-Boiled|p1a: Chansey\n|-heal|p1a: Chansey|80\/100 par\n|\n|upkeep\n|turn|178\n|\n|t:|1666137559\n|move|p1a: Chansey|Thunder Wave|p2a: Chansey\n|-fail|p2a: Chansey|par\n|move|p2a: Chansey|Thunderbolt|p1a: Chansey\n|-damage|p1a: Chansey|70\/100 par\n|\n|upkeep\n|turn|179\n|\n|t:|1666137565\n|move|p2a: Chansey|Thunderbolt|p1a: Chansey\n|-damage|p1a: Chansey|59\/100 par\n|move|p1a: Chansey|Thunder Wave|p2a: Chansey\n|-fail|p2a: Chansey|par\n|\n|upkeep\n|turn|180\n|\n|t:|1666137572\n|move|p1a: Chansey|Thunder Wave|p2a: Chansey\n|-fail|p2a: Chansey|par\n|cant|p2a: Chansey|par\n|\n|upkeep\n|turn|181\n|\n|t:|1666137578\n|move|p2a: Chansey|Thunderbolt|p1a: Chansey\n|-crit|p1a: Chansey\n|-damage|p1a: Chansey|37\/100 par\n|move|p1a: Chansey|Thunder Wave|p2a: Chansey\n|-fail|p2a: Chansey|par\n|\n|upkeep\n|turn|182\n|\n|t:|1666137583\n|cant|p2a: Chansey|par\n|move|p1a: Chansey|Soft-Boiled|p1a: Chansey\n|-heal|p1a: Chansey|87\/100 par\n|\n|upkeep\n|turn|183\n|\n|t:|1666137588\n|move|p2a: Chansey|Thunderbolt|p1a: Chansey\n|-damage|p1a: Chansey|76\/100 par\n|move|p1a: Chansey|Thunder Wave|p2a: Chansey\n|-fail|p2a: Chansey|par\n|\n|upkeep\n|turn|184\n|\n|t:|1666137593\n|cant|p1a: Chansey|par\n|cant|p2a: Chansey|par\n|\n|upkeep\n|turn|185\n|\n|t:|1666137597\n|move|p2a: Chansey|Thunderbolt|p1a: Chansey\n|-damage|p1a: Chansey|66\/100 par\n|move|p1a: Chansey|Counter|p2a: Chansey\n|-fail|p1a: Chansey\n|\n|upkeep\n|turn|186\n|\n|t:|1666137601\n|move|p1a: Chansey|Thunder Wave|p2a: Chansey\n|-fail|p2a: Chansey|par\n|move|p2a: Chansey|Thunderbolt|p1a: Chansey\n|-damage|p1a: Chansey|56\/100 par\n|\n|upkeep\n|turn|187\n|\n|t:|1666137606\n|move|p2a: Chansey|Thunderbolt|p1a: Chansey\n|-damage|p1a: Chansey|45\/100 par\n|move|p1a: Chansey|Thunder Wave|p2a: Chansey\n|-fail|p2a: Chansey|par\n|\n|upkeep\n|turn|188\n|\n|t:|1666137610\n|move|p1a: Chansey|Thunder Wave|p2a: Chansey\n|-fail|p2a: Chansey|par\n|move|p2a: Chansey|Thunderbolt|p1a: Chansey\n|-crit|p1a: Chansey\n|-damage|p1a: Chansey|24\/100 par\n|\n|upkeep\n|turn|189\n|\n|t:|1666137616\n|move|p2a: Chansey|Thunderbolt|p1a: Chansey\n|-damage|p1a: Chansey|14\/100 par\n|move|p1a: Chansey|Thunder Wave|p2a: Chansey\n|-fail|p2a: Chansey|par\n|\n|upkeep\n|turn|190\n|\n|t:|1666137620\n|move|p2a: Chansey|Soft-Boiled|p2a: Chansey\n|-heal|p2a: Chansey|100\/100 par\n|cant|p1a: Chansey|par\n|\n|upkeep\n|turn|191\n|\n|t:|1666137625\n|move|p1a: Chansey|Ice Beam|p2a: Chansey\n|-damage|p2a: Chansey|90\/100 par\n|move|p2a: Chansey|Thunderbolt|p1a: Chansey\n|-damage|p1a: Chansey|3\/100 par\n|\n|upkeep\n|turn|192\n|\n|t:|1666137630\n|cant|p2a: Chansey|par\n|cant|p1a: Chansey|par\n|\n|upkeep\n|turn|193\n|\n|t:|1666137633\n|move|p2a: Chansey|Soft-Boiled|p2a: Chansey\n|-heal|p2a: Chansey|100\/100 par\n|move|p1a: Chansey|Ice Beam|p2a: Chansey\n|-damage|p2a: Chansey|91\/100 par\n|\n|upkeep\n|turn|194\n|\n|t:|1666137638\n|move|p1a: Chansey|Ice Beam|p2a: Chansey\n|-damage|p2a: Chansey|80\/100 par\n|move|p2a: Chansey|Soft-Boiled|p2a: Chansey\n|-heal|p2a: Chansey|100\/100 par\n|\n|upkeep\n|turn|195\n|\n|t:|1666137641\n|move|p2a: Chansey|Thunderbolt|p1a: Chansey\n|-damage|p1a: Chansey|0 fnt\n|faint|p1a: Chansey\n|\n|t:|1666137654\n|switch|p1a: Starmie|Starmie|84\/100 par\n|turn|196\n|\n|t:|1666137657\n|move|p1a: Starmie|Psychic|p2a: Chansey\n|-damage|p2a: Chansey|85\/100 par\n|-unboost|p2a: Chansey|spd|1\n|-unboost|p2a: Chansey|spa|1\n|move|p2a: Chansey|Thunderbolt|p1a: Starmie\n|-supereffective|p1a: Starmie\n|-damage|p1a: Starmie|50\/100 par\n|\n|upkeep\n|turn|197\n|\n|t:|1666137664\n|move|p1a: Starmie|Recover|p1a: Starmie\n|-heal|p1a: Starmie|99\/100 par\n|cant|p2a: Chansey|par\n|\n|upkeep\n|turn|198\n|\n|t:|1666137668\n|move|p1a: Starmie|Psychic|p2a: Chansey\n|-damage|p2a: Chansey|65\/100 par\n|-unboost|p2a: Chansey|spd|1\n|-unboost|p2a: Chansey|spa|1\n|move|p2a: Chansey|Thunderbolt|p1a: Starmie\n|-supereffective|p1a: Starmie\n|-damage|p1a: Starmie|75\/100 par\n|\n|upkeep\n|turn|199\n|\n|t:|1666137675\n|move|p1a: Starmie|Psychic|p2a: Chansey\n|-damage|p2a: Chansey|35\/100 par\n|move|p2a: Chansey|Soft-Boiled|p2a: Chansey\n|-heal|p2a: Chansey|85\/100 par\n|\n|upkeep\n|turn|200\n|\n|t:|1666137680\n|move|p1a: Starmie|Psychic|p2a: Chansey\n|-crit|p2a: Chansey\n|-damage|p2a: Chansey|56\/100 par\n|-unboost|p2a: Chansey|spd|1\n|-unboost|p2a: Chansey|spa|1\n|move|p2a: Chansey|Soft-Boiled|p2a: Chansey\n|-heal|p2a: Chansey|100\/100 par\n|\n|upkeep\n|turn|201\n|\n|t:|1666137687\n|move|p1a: Starmie|Recover|p1a: Starmie\n|-heal|p1a: Starmie|100\/100 par\n|move|p2a: Chansey|Thunderbolt|p1a: Starmie\n|-supereffective|p1a: Starmie\n|-damage|p1a: Starmie|83\/100 par\n|\n|upkeep\n|turn|202\n|\n|t:|1666137693\n|move|p1a: Starmie|Psychic|p2a: Chansey\n|-damage|p2a: Chansey|62\/100 par\n|-unboost|p2a: Chansey|spd|1\n|-unboost|p2a: Chansey|spa|1\n|move|p2a: Chansey|Thunderbolt|p1a: Starmie\n|-supereffective|p1a: Starmie\n|-damage|p1a: Starmie|67\/100 par\n|\n|upkeep\n|turn|203\n|c|\u2606genesis7|ggs\n|-message|genesis7 forfeited.\n|\n|win|Laroxyl\n|c|\u2606Laroxyl|ggs\n","uploadtime":1666137706,"views":19,"p1id":"laroxyl","p2id":"genesis7","formatid":"gen1ou","rating":0,"private":0,"password":null}