{"id":"smogtours-gen8nationaldex-646618","p1":"hump","p2":"Faygos","format":"gen8nationaldex","log":"|inactive|Battle timer is ON: inactive players will automatically lose when time's up.\n|t:|1662326696\n|gametype|singles\n|player|p1|hump|dawn-masters|\n|player|p2|Faygos|265|\n|teamsize|p1|6\n|teamsize|p2|6\n|gen|8\n|tier|[Gen 8] National Dex\n|rule|HP Percentage Mod: HP is shown in percentages\n|rule|Endless Battle Clause: Forcing endless battles is banned\n|rule|OHKO Clause: OHKO moves are banned\n|rule|Evasion Moves Clause: Evasion moves are banned\n|rule|Species Clause: Limit one of each Pok\u00e9mon\n|rule|Dynamax Clause: You cannot dynamax\n|rule|Sleep Clause Mod: Limit one foe put to sleep\n|clearpoke\n|poke|p1|Charizard, M|\n|poke|p1|Excadrill, M|\n|poke|p1|Hydreigon, M|\n|poke|p1|Landorus-Therian, M|\n|poke|p1|Slowbro, F|\n|poke|p1|Victini|\n|poke|p2|Ribombee, M|\n|poke|p2|Diancie|\n|poke|p2|Tyrantrum, M|\n|poke|p2|Serperior, M|\n|poke|p2|Celesteela|\n|poke|p2|Gengar, F|\n|teampreview\n|inactive|hump also wants the timer to be on.\n|inactive|Faygos also wants the timer to be on.\n|\n|t:|1662326709\n|start\n|switch|p1a: Landorus|Landorus-Therian, M|100\/100\n|switch|p2a: Diancie|Diancie, shiny|100\/100\n|-ability|p1a: Landorus|Intimidate|boost\n|-fail|p2a: Diancie|unboost|[from] ability: Clear Body|[of] p2a: Diancie\n|turn|1\n|\n|t:|1662326712\n|detailschange|p2a: Diancie|Diancie-Mega, shiny\n|-mega|p2a: Diancie|Diancie|Diancite\n|move|p1a: Landorus|Earthquake|p2a: Diancie\n|-supereffective|p2a: Diancie\n|-damage|p2a: Diancie|0 fnt\n|faint|p2a: Diancie\n|\n|upkeep\n|\n|t:|1662326716\n|switch|p2a: Celesteela|Celesteela, shiny|100\/100\n|turn|2\n|\n|t:|1662326725\n|switch|p1a: Hydreigon|Hydreigon, M|100\/100\n|move|p2a: Celesteela|Autotomize|p2a: Celesteela\n|-boost|p2a: Celesteela|spe|2\n|-start|p2a: Celesteela|Autotomize\n|\n|upkeep\n|turn|3\n|\n|t:|1662326729\n|move|p2a: Celesteela|Meteor Beam||[still]\n|-prepare|p2a: Celesteela|Meteor Beam\n|-boost|p2a: Celesteela|spa|1\n|-enditem|p2a: Celesteela|Power Herb\n|-anim|p2a: Celesteela|Meteor Beam|p1a: Hydreigon\n|-damage|p1a: Hydreigon|38\/100\n|move|p1a: Hydreigon|Roost|p1a: Hydreigon\n|-heal|p1a: Hydreigon|88\/100\n|-singleturn|p1a: Hydreigon|move: Roost\n|\n|upkeep\n|turn|4\n|\n|t:|1662326732\n|move|p2a: Celesteela|Air Slash|p1a: Hydreigon\n|-damage|p1a: Hydreigon|25\/100\n|cant|p1a: Hydreigon|flinch\n|\n|upkeep\n|turn|5\n|inactive|hump has 270 seconds left.\n|\n|t:|1662326783\n|move|p2a: Celesteela|Air Slash|p1a: Hydreigon\n|-damage|p1a: Hydreigon|0 fnt\n|faint|p1a: Hydreigon\n|-ability|p2a: Celesteela|Beast Boost|boost\n|-boost|p2a: Celesteela|spa|1\n|\n|upkeep\n|\n|t:|1662326784\n|switch|p1a: Charizard|Charizard, M|100\/100\n|turn|6\n|\n|t:|1662326794\n|detailschange|p1a: Charizard|Charizard-Mega-Y, M\n|-mega|p1a: Charizard|Charizard|Charizardite Y\n|-weather|SunnyDay|[from] ability: Drought|[of] p1a: Charizard\n|move|p2a: Celesteela|Air Slash|p1a: Charizard|[miss]\n|-miss|p2a: Celesteela|p1a: Charizard\n|move|p1a: Charizard|Weather Ball|p2a: Celesteela\n|-supereffective|p2a: Celesteela\n|-damage|p2a: Celesteela|0 fnt\n|faint|p2a: Celesteela\n|\n|-weather|SunnyDay|[upkeep]\n|upkeep\n|\n|t:|1662326803\n|switch|p2a: Ribombee|Ribombee, M|100\/100\n|turn|7\n|\n|t:|1662326805\n|move|p2a: Ribombee|Tailwind|p2a: Ribombee\n|-sidestart|p2: Faygos|move: Tailwind\n|move|p1a: Charizard|Weather Ball|p2a: Ribombee\n|-supereffective|p2a: Ribombee\n|-enditem|p2a: Ribombee|Focus Sash\n|-damage|p2a: Ribombee|1\/100\n|\n|-weather|SunnyDay|[upkeep]\n|upkeep\n|turn|8\n|\n|t:|1662326810\n|switch|p1a: Excadrill|Excadrill, M|100\/100\n|-ability|p1a: Excadrill|Mold Breaker\n|move|p2a: Ribombee|Sticky Web|p1a: Excadrill\n|-sidestart|p1: hump|move: Sticky Web\n|\n|-weather|SunnyDay|[upkeep]\n|upkeep\n|turn|9\n|\n|t:|1662326813\n|move|p2a: Ribombee|Stun Spore|p1a: Excadrill|[miss]\n|-miss|p2a: Ribombee|p1a: Excadrill\n|move|p1a: Excadrill|Rapid Spin|p2a: Ribombee\n|-damage|p2a: Ribombee|0 fnt\n|-boost|p1a: Excadrill|spe|1\n|-sideend|p1: hump|Sticky Web|[from] move: Rapid Spin|[of] p1a: Excadrill\n|faint|p2a: Ribombee\n|\n|-weather|SunnyDay|[upkeep]\n|upkeep\n|\n|t:|1662326817\n|switch|p2a: Tyrantrum|Tyrantrum, M, shiny|100\/100\n|turn|10\n|\n|t:|1662326819\n|move|p2a: Tyrantrum|Close Combat|p1a: Excadrill\n|-supereffective|p1a: Excadrill\n|-damage|p1a: Excadrill|0 fnt\n|-unboost|p2a: Tyrantrum|def|1\n|-unboost|p2a: Tyrantrum|spd|1\n|faint|p1a: Excadrill\n|\n|-weather|none\n|-sideend|p2: Faygos|move: Tailwind\n|upkeep\n|\n|t:|1662326824\n|switch|p1a: Slowbro|Slowbro, F|100\/100\n|turn|11\n|\n|t:|1662326828\n|switch|p2a: Serperior|Serperior, M, shiny|100\/100\n|move|p1a: Slowbro|Teleport|p1a: Slowbro\n|\n|t:|1662326830\n|switch|p1a: Victini|Victini|100\/100|[from]move: Teleport\n|\n|upkeep\n|turn|12\n|\n|t:|1662326832\n|move|p2a: Serperior|Glare|p1a: Victini\n|-status|p1a: Victini|par\n|move|p1a: Victini|V-create|p2a: Serperior\n|-supereffective|p2a: Serperior\n|-damage|p2a: Serperior|0 fnt\n|-unboost|p1a: Victini|spe|1\n|-unboost|p1a: Victini|def|1\n|-unboost|p1a: Victini|spd|1\n|faint|p2a: Serperior\n|\n|upkeep\n|\n|t:|1662326836\n|switch|p2a: Tyrantrum|Tyrantrum, M, shiny|100\/100\n|turn|13\n|\n|t:|1662326838\n|switch|p1a: Slowbro|Slowbro, F|100\/100\n|move|p2a: Tyrantrum|Head Smash|p1a: Slowbro\n|-damage|p1a: Slowbro|32\/100\n|-damage|p2a: Tyrantrum|84\/100|[from] item: Rocky Helmet|[of] p1a: Slowbro\n|\n|upkeep\n|turn|14\n|\n|t:|1662326841\n|move|p2a: Tyrantrum|Head Smash|p1a: Slowbro|[miss]\n|-miss|p2a: Tyrantrum|p1a: Slowbro\n|move|p1a: Slowbro|Teleport|p1a: Slowbro\n|\n|t:|1662326843\n|switch|p1a: Landorus|Landorus-Therian, M|100\/100|[from]move: Teleport\n|-ability|p1a: Landorus|Intimidate|boost\n|-unboost|p2a: Tyrantrum|atk|1\n|\n|upkeep\n|turn|15\n|\n|t:|1662326844\n|switch|p1a: Slowbro|Slowbro, F|65\/100\n|move|p2a: Tyrantrum|Head Smash|p1a: Slowbro\n|-damage|p1a: Slowbro|17\/100\n|-damage|p2a: Tyrantrum|68\/100|[from] item: Rocky Helmet|[of] p1a: Slowbro\n|\n|upkeep\n|turn|16\n|\n|t:|1662326846\n|move|p2a: Tyrantrum|Head Smash|p1a: Slowbro\n|-damage|p1a: Slowbro|0 fnt\n|-damage|p2a: Tyrantrum|51\/100|[from] item: Rocky Helmet|[of] p1a: Slowbro\n|faint|p1a: Slowbro\n|\n|upkeep\n|\n|t:|1662326849\n|switch|p1a: Landorus|Landorus-Therian, M|100\/100\n|-ability|p1a: Landorus|Intimidate|boost\n|-unboost|p2a: Tyrantrum|atk|1\n|turn|17\n|\n|t:|1662326851\n|move|p1a: Landorus|Earthquake|p2a: Tyrantrum\n|-supereffective|p2a: Tyrantrum\n|-damage|p2a: Tyrantrum|0 fnt\n|faint|p2a: Tyrantrum\n|\n|upkeep\n|\n|t:|1662326853\n|switch|p2a: Gengar|Gengar, F, shiny|100\/100\n|turn|18\n|\n|t:|1662326856\n|move|p1a: Landorus|Earthquake|p2a: Gengar\n|-supereffective|p2a: Gengar\n|-damage|p2a: Gengar|0 fnt\n|faint|p2a: Gengar\n|\n|win|hump\n","uploadtime":1662326857,"views":22,"p1id":"hump","p2id":"faygos","formatid":"gen8nationaldex","rating":0,"private":0,"password":null}