{"id":"smogtours-gen8ou-580547","p1":"lonietzzz","p2":"Always","format":"gen8ou","log":"|inactive|Battle timer is ON: inactive players will automatically lose when time's up.\n|t:|1632075683\n|gametype|singles\n|player|p1|lonietzzz|pokemonbreederf|\n|player|p2|Always|gentleman|\n|teamsize|p1|6\n|teamsize|p2|6\n|gen|8\n|tier|[Gen 8] OU\n|rule|Sleep Clause Mod: Limit one foe put to sleep\n|rule|Species Clause: Limit one of each Pok\u00e9mon\n|rule|OHKO Clause: OHKO moves are banned\n|rule|Evasion Moves Clause: Evasion moves are banned\n|rule|Endless Battle Clause: Forcing endless battles is banned\n|rule|HP Percentage Mod: HP is shown in percentages\n|rule|Dynamax Clause: You cannot dynamax\n|clearpoke\n|poke|p1|Scizor, M|\n|poke|p1|Tapu Fini|\n|poke|p1|Heatran, M|\n|poke|p1|Landorus-Therian, M|\n|poke|p1|Weavile, M|\n|poke|p1|Zapdos|\n|poke|p2|Kyurem|\n|poke|p2|Magnezone|\n|poke|p2|Landorus-Therian, M|\n|poke|p2|Tapu Fini|\n|poke|p2|Weavile, M|\n|poke|p2|Kartana|\n|teampreview\n|c|\u2606Always|soz for the wait, glhf~\n|c|\u2606lonietzzz|hf\n|\n|t:|1632075708\n|start\n|switch|p1a: Landorus|Landorus-Therian, M|100\/100\n|switch|p2a: Landorus|Landorus-Therian, M|100\/100\n|-ability|p1a: Landorus|Intimidate|boost\n|-unboost|p2a: Landorus|atk|1\n|-ability|p2a: Landorus|Intimidate|boost\n|-unboost|p1a: Landorus|atk|1\n|turn|1\n|\n|t:|1632075714\n|move|p1a: Landorus|Knock Off|p2a: Landorus\n|-damage|p2a: Landorus|79\/100\n|-enditem|p2a: Landorus|Leftovers|[from] move: Knock Off|[of] p1a: Landorus\n|move|p2a: Landorus|Stealth Rock|p1a: Landorus\n|-sidestart|p1: lonietzzz|move: Stealth Rock\n|\n|upkeep\n|turn|2\n|\n|t:|1632075719\n|move|p1a: Landorus|Stealth Rock|p2a: Landorus\n|-sidestart|p2: Always|move: Stealth Rock\n|move|p2a: Landorus|Knock Off|p1a: Landorus\n|-damage|p1a: Landorus|79\/100\n|-enditem|p1a: Landorus|Leftovers|[from] move: Knock Off|[of] p2a: Landorus\n|\n|upkeep\n|turn|3\n|\n|t:|1632075725\n|move|p1a: Landorus|Knock Off|p2a: Landorus\n|-damage|p2a: Landorus|65\/100\n|move|p2a: Landorus|U-turn|p1a: Landorus\n|-resisted|p1a: Landorus\n|-damage|p1a: Landorus|72\/100\n|\n|t:|1632075729\n|switch|p2a: Kyurem|Kyurem|100\/100|[from]move: U-turn\n|-ability|p2a: Kyurem|Pressure\n|\n|upkeep\n|turn|4\n|\n|t:|1632075735\n|switch|p1a: Scizor|Scizor, M|100\/100\n|move|p2a: Kyurem|Focus Blast|p1a: Scizor|[miss]\n|-miss|p2a: Kyurem|p1a: Scizor\n|\n|upkeep\n|turn|5\n|\n|t:|1632075754\n|switch|p2a: Landorus|Landorus-Therian, M|65\/100\n|-damage|p2a: Landorus|52\/100|[from] Stealth Rock\n|-ability|p2a: Landorus|Intimidate|boost\n|-unboost|p1a: Scizor|atk|1\n|move|p1a: Scizor|Knock Off|p2a: Landorus\n|-damage|p2a: Landorus|40\/100\n|\n|upkeep\n|turn|6\n|\n|t:|1632075766\n|switch|p1a: Landorus|Landorus-Therian, M|72\/100\n|-damage|p1a: Landorus|59\/100|[from] Stealth Rock\n|-ability|p1a: Landorus|Intimidate|boost\n|-unboost|p2a: Landorus|atk|1\n|move|p2a: Landorus|U-turn|p1a: Landorus\n|-resisted|p1a: Landorus\n|-damage|p1a: Landorus|52\/100\n|\n|t:|1632075769\n|switch|p2a: Kyurem|Kyurem|100\/100|[from]move: U-turn\n|-ability|p2a: Kyurem|Pressure\n|\n|upkeep\n|turn|7\n|\n|t:|1632075772\n|switch|p2a: Magnezone|Magnezone|100\/100\n|-damage|p2a: Magnezone|94\/100|[from] Stealth Rock\n|switch|p1a: Scizor|Scizor, M|100\/100\n|\n|upkeep\n|turn|8\n|\n|t:|1632075777\n|move|p2a: Magnezone|Thunder Wave|p1a: Scizor\n|-status|p1a: Scizor|par\n|move|p1a: Scizor|U-turn|p2a: Magnezone\n|-resisted|p2a: Magnezone\n|-damage|p2a: Magnezone|82\/100\n|\n|t:|1632075783\n|switch|p1a: Heatran|Heatran, M|100\/100|[from]move: U-turn\n|-damage|p1a: Heatran|88\/100|[from] Stealth Rock\n|-item|p1a: Heatran|Air Balloon\n|\n|upkeep\n|turn|9\n|\n|t:|1632075788\n|switch|p2a: Kyurem|Kyurem|100\/100\n|-ability|p2a: Kyurem|Pressure\n|move|p1a: Heatran|Magma Storm|p2a: Kyurem\n|-damage|p2a: Kyurem|49\/100\n|-activate|p2a: Kyurem|move: Magma Storm|[of] p1a: Heatran\n|\n|-damage|p2a: Kyurem|37\/100|[from] move: Magma Storm|[partiallytrapped]\n|upkeep\n|turn|10\n|\n|t:|1632075799\n|switch|p1a: Scizor|Scizor, M|100\/100 par\n|move|p2a: Kyurem|Roost|p2a: Kyurem\n|-heal|p2a: Kyurem|87\/100\n|-singleturn|p2a: Kyurem|move: Roost\n|\n|-end|p2a: Kyurem|Magma Storm|[partiallytrapped]|[silent]\n|upkeep\n|turn|11\n|\n|t:|1632075805\n|switch|p2a: Magnezone|Magnezone|82\/100\n|-damage|p2a: Magnezone|76\/100|[from] Stealth Rock\n|move|p1a: Scizor|U-turn|p2a: Magnezone\n|-resisted|p2a: Magnezone\n|-damage|p2a: Magnezone|62\/100\n|\n|t:|1632075826\n|switch|p1a: Heatran|Heatran, M|88\/100|[from]move: U-turn\n|-damage|p1a: Heatran|76\/100|[from] Stealth Rock\n|-item|p1a: Heatran|Air Balloon\n|\n|upkeep\n|turn|12\n|\n|t:|1632075830\n|switch|p2a: Kyurem|Kyurem|87\/100\n|-ability|p2a: Kyurem|Pressure\n|move|p1a: Heatran|Magma Storm|p2a: Kyurem\n|-damage|p2a: Kyurem|34\/100\n|-activate|p2a: Kyurem|move: Magma Storm|[of] p1a: Heatran\n|\n|-damage|p2a: Kyurem|22\/100|[from] move: Magma Storm|[partiallytrapped]\n|upkeep\n|turn|13\n|\n|t:|1632075840\n|switch|p1a: Scizor|Scizor, M|100\/100 par\n|move|p2a: Kyurem|Roost|p2a: Kyurem\n|-heal|p2a: Kyurem|72\/100\n|-singleturn|p2a: Kyurem|move: Roost\n|\n|-end|p2a: Kyurem|Magma Storm|[partiallytrapped]|[silent]\n|upkeep\n|turn|14\n|\n|t:|1632075860\n|move|p2a: Kyurem|Focus Blast|p1a: Scizor\n|-damage|p1a: Scizor|64\/100 par\n|cant|p1a: Scizor|par\n|\n|upkeep\n|turn|15\n|inactive|lonietzzz has 270 seconds left.\n|\n|t:|1632075884\n|switch|p2a: Magnezone|Magnezone|62\/100\n|-damage|p2a: Magnezone|56\/100|[from] Stealth Rock\n|move|p1a: Scizor|Roost|p1a: Scizor\n|-heal|p1a: Scizor|100\/100 par\n|-singleturn|p1a: Scizor|move: Roost\n|\n|upkeep\n|turn|16\n|\n|t:|1632075888\n|move|p2a: Magnezone|Thunderbolt|p1a: Scizor\n|-damage|p1a: Scizor|65\/100 par\n|move|p1a: Scizor|U-turn|p2a: Magnezone\n|-resisted|p2a: Magnezone\n|-damage|p2a: Magnezone|42\/100\n|\n|t:|1632075893\n|switch|p1a: Landorus|Landorus-Therian, M|52\/100|[from]move: U-turn\n|-damage|p1a: Landorus|39\/100|[from] Stealth Rock\n|-ability|p1a: Landorus|Intimidate|boost\n|-unboost|p2a: Magnezone|atk|1\n|\n|upkeep\n|turn|17\n|\n|t:|1632075910\n|switch|p2a: Landorus|Landorus-Therian, M|40\/100\n|-damage|p2a: Landorus|28\/100|[from] Stealth Rock\n|-ability|p2a: Landorus|Intimidate|boost\n|-unboost|p1a: Landorus|atk|1\n|move|p1a: Landorus|U-turn|p2a: Landorus\n|-resisted|p2a: Landorus\n|-damage|p2a: Landorus|20\/100\n|\n|t:|1632075923\n|switch|p1a: Tapu Fini|Tapu Fini|100\/100|[from]move: U-turn\n|-damage|p1a: Tapu Fini|88\/100|[from] Stealth Rock\n|-fieldstart|move: Misty Terrain|[from] ability: Misty Surge|[of] p1a: Tapu Fini\n|\n|upkeep\n|turn|18\n|\n|t:|1632075928\n|switch|p2a: Tapu Fini|Tapu Fini|100\/100\n|-damage|p2a: Tapu Fini|88\/100|[from] Stealth Rock\n|move|p1a: Tapu Fini|Moonblast|p2a: Tapu Fini\n|-damage|p2a: Tapu Fini|55\/100\n|\n|upkeep\n|turn|19\n|\n|t:|1632075947\n|move|p1a: Tapu Fini|Moonblast|p2a: Tapu Fini\n|-damage|p2a: Tapu Fini|27\/100\n|move|p2a: Tapu Fini|Moonblast|p1a: Tapu Fini\n|-damage|p1a: Tapu Fini|59\/100\n|\n|upkeep\n|turn|20\n|\n|t:|1632075952\n|move|p1a: Tapu Fini|Moonblast|p2a: Tapu Fini\n|-damage|p2a: Tapu Fini|0 fnt\n|faint|p2a: Tapu Fini\n|\n|upkeep\n|\n|t:|1632075958\n|switch|p2a: Kartana|Kartana|100\/100\n|-damage|p2a: Kartana|94\/100|[from] Stealth Rock\n|turn|21\n|\n|t:|1632075960\n|switch|p2a: Kyurem|Kyurem|72\/100\n|-ability|p2a: Kyurem|Pressure\n|switch|p1a: Zapdos|Zapdos|100\/100\n|\n|-fieldend|Misty Terrain\n|upkeep\n|turn|22\n|\n|t:|1632075987\n|switch|p1a: Heatran|Heatran, M|76\/100\n|-damage|p1a: Heatran|63\/100|[from] Stealth Rock\n|-item|p1a: Heatran|Air Balloon\n|move|p2a: Kyurem|Freeze-Dry|p1a: Heatran\n|-resisted|p1a: Heatran\n|-damage|p1a: Heatran|55\/100\n|-enditem|p1a: Heatran|Air Balloon\n|\n|upkeep\n|turn|23\n|\n|t:|1632076008\n|move|p2a: Kyurem|Focus Blast|p1a: Heatran\n|-supereffective|p1a: Heatran\n|-damage|p1a: Heatran|0 fnt\n|faint|p1a: Heatran\n|\n|upkeep\n|inactive|lonietzzz has 270 seconds left.\n|\n|t:|1632076026\n|switch|p1a: Scizor|Scizor, M|65\/100 par\n|turn|24\n|\n|t:|1632076031\n|switch|p2a: Magnezone|Magnezone|42\/100\n|-damage|p2a: Magnezone|36\/100|[from] Stealth Rock\n|move|p1a: Scizor|U-turn|p2a: Magnezone\n|-resisted|p2a: Magnezone\n|-damage|p2a: Magnezone|24\/100\n|\n|t:|1632076043\n|switch|p1a: Weavile|Weavile, M|100\/100|[from]move: U-turn\n|-ability|p1a: Weavile|Pressure\n|\n|upkeep\n|turn|25\n|\n|t:|1632076059\n|switch|p2a: Landorus|Landorus-Therian, M|20\/100\n|-damage|p2a: Landorus|8\/100|[from] Stealth Rock\n|-ability|p2a: Landorus|Intimidate|boost\n|-unboost|p1a: Weavile|atk|1\n|move|p1a: Weavile|Knock Off|p2a: Landorus\n|-damage|p2a: Landorus|0 fnt\n|faint|p2a: Landorus\n|\n|upkeep\n|inactive|Always has 270 seconds left.\n|\n|t:|1632076084\n|switch|p2a: Kartana|Kartana|94\/100\n|-damage|p2a: Kartana|88\/100|[from] Stealth Rock\n|turn|26\n|\n|t:|1632076088\n|switch|p2a: Kyurem|Kyurem|72\/100\n|-ability|p2a: Kyurem|Pressure\n|switch|p1a: Zapdos|Zapdos|100\/100\n|\n|upkeep\n|turn|27\n|\n|t:|1632076095\n|switch|p1a: Landorus|Landorus-Therian, M|39\/100\n|-damage|p1a: Landorus|27\/100|[from] Stealth Rock\n|-ability|p1a: Landorus|Intimidate|boost\n|-unboost|p2a: Kyurem|atk|1\n|move|p2a: Kyurem|Freeze-Dry|p1a: Landorus\n|-supereffective|p1a: Landorus\n|-damage|p1a: Landorus|0 fnt\n|faint|p1a: Landorus\n|\n|upkeep\n|\n|t:|1632076096\n|switch|p1a: Scizor|Scizor, M|65\/100 par\n|turn|28\n|\n|t:|1632076106\n|move|p2a: Kyurem|Focus Blast|p1a: Scizor\n|-damage|p1a: Scizor|28\/100 par\n|move|p1a: Scizor|Knock Off|p2a: Kyurem\n|-damage|p2a: Kyurem|45\/100\n|-enditem|p2a: Kyurem|Heavy-Duty Boots|[from] move: Knock Off|[of] p1a: Scizor\n|\n|upkeep\n|turn|29\n|\n|t:|1632076119\n|move|p1a: Scizor|Bullet Punch|p2a: Kyurem\n|-supereffective|p2a: Kyurem\n|-damage|p2a: Kyurem|0 fnt\n|faint|p2a: Kyurem\n|\n|upkeep\n|\n|t:|1632076121\n|switch|p2a: Magnezone|Magnezone|24\/100\n|-damage|p2a: Magnezone|18\/100|[from] Stealth Rock\n|turn|30\n|\n|t:|1632076128\n|move|p2a: Magnezone|Thunderbolt|p1a: Scizor\n|-damage|p1a: Scizor|0 fnt\n|faint|p1a: Scizor\n|\n|upkeep\n|\n|t:|1632076135\n|switch|p1a: Weavile|Weavile, M|100\/100\n|-ability|p1a: Weavile|Pressure\n|turn|31\n|\n|t:|1632076139\n|move|p1a: Weavile|Knock Off|p2a: Magnezone\n|-damage|p2a: Magnezone|0 fnt\n|-enditem|p2a: Magnezone|Chople Berry|[from] move: Knock Off|[of] p1a: Weavile\n|faint|p2a: Magnezone\n|\n|upkeep\n|\n|t:|1632076149\n|switch|p2a: Kartana|Kartana|88\/100\n|-damage|p2a: Kartana|82\/100|[from] Stealth Rock\n|turn|32\n|\n|t:|1632076157\n|move|p2a: Kartana|Sacred Sword|p1a: Weavile\n|-supereffective|p1a: Weavile\n|-damage|p1a: Weavile|0 fnt\n|faint|p1a: Weavile\n|-ability|p2a: Kartana|Beast Boost|boost\n|-boost|p2a: Kartana|atk|1\n|\n|upkeep\n|\n|t:|1632076160\n|switch|p1a: Zapdos|Zapdos|100\/100\n|turn|33\n|\n|t:|1632076165\n|switch|p2a: Weavile|Weavile, M|100\/100\n|-ability|p2a: Weavile|Pressure\n|move|p1a: Zapdos|Heat Wave|p2a: Weavile\n|-supereffective|p2a: Weavile\n|-damage|p2a: Weavile|24\/100\n|\n|upkeep\n|turn|34\n|\n|t:|1632076189\n|switch|p1a: Tapu Fini|Tapu Fini|59\/100\n|-damage|p1a: Tapu Fini|46\/100|[from] Stealth Rock\n|-fieldstart|move: Misty Terrain|[from] ability: Misty Surge|[of] p1a: Tapu Fini\n|move|p2a: Weavile|Triple Axel|p1a: Tapu Fini\n|-resisted|p1a: Tapu Fini\n|-damage|p1a: Tapu Fini|41\/100\n|-resisted|p1a: Tapu Fini\n|-damage|p1a: Tapu Fini|31\/100\n|-hitcount|p1a: Tapu Fini|2\n|\n|upkeep\n|turn|35\n|\n|t:|1632076196\n|switch|p2a: Kartana|Kartana|82\/100\n|-damage|p2a: Kartana|76\/100|[from] Stealth Rock\n|move|p1a: Tapu Fini|Moonblast|p2a: Kartana\n|-resisted|p2a: Kartana\n|-damage|p2a: Kartana|17\/100\n|-unboost|p2a: Kartana|spa|1\n|\n|upkeep\n|turn|36\n|\n|t:|1632076212\n|switch|p2a: Weavile|Weavile, M|24\/100\n|-ability|p2a: Weavile|Pressure\n|switch|p1a: Zapdos|Zapdos|100\/100\n|\n|upkeep\n|turn|37\n|\n|t:|1632076222\n|move|p2a: Weavile|Triple Axel|p1a: Zapdos\n|-supereffective|p1a: Zapdos\n|-crit|p1a: Zapdos\n|-damage|p1a: Zapdos|80\/100\n|-supereffective|p1a: Zapdos\n|-damage|p1a: Zapdos|51\/100\n|-supereffective|p1a: Zapdos\n|-damage|p1a: Zapdos|9\/100\n|-hitcount|p1a: Zapdos|3\n|move|p1a: Zapdos|Volt Switch|p2a: Weavile\n|-damage|p2a: Weavile|0 fnt\n|faint|p2a: Weavile\n|\n|t:|1632076225\n|switch|p1a: Tapu Fini|Tapu Fini|31\/100|[from]move: Volt Switch\n|-damage|p1a: Tapu Fini|19\/100|[from] Stealth Rock\n|\n|upkeep\n|\n|t:|1632076228\n|switch|p2a: Kartana|Kartana|17\/100\n|-damage|p2a: Kartana|11\/100|[from] Stealth Rock\n|turn|38\n|\n|t:|1632076231\n|move|p2a: Kartana|Leaf Blade|p1a: Tapu Fini\n|-supereffective|p1a: Tapu Fini\n|-damage|p1a: Tapu Fini|0 fnt\n|faint|p1a: Tapu Fini\n|-ability|p2a: Kartana|Beast Boost|boost\n|-boost|p2a: Kartana|atk|1\n|\n|-fieldend|Misty Terrain\n|upkeep\n|\n|t:|1632076232\n|switch|p1a: Zapdos|Zapdos|9\/100\n|turn|39\n|\n|t:|1632076234\n|move|p2a: Kartana|Leaf Blade|p1a: Zapdos\n|-resisted|p1a: Zapdos\n|-damage|p1a: Zapdos|0 fnt\n|faint|p1a: Zapdos\n|\n|win|Always\n","uploadtime":1632076235,"views":89,"p1id":"lonietzzz","p2id":"always","formatid":"gen8ou","rating":0,"private":0,"password":null}