{"id":"smogtours-gen8ou-649962","p1":"EVERYOPPSHOT","p2":"Vileman","format":"gen8ou","log":"|inactive|Battle timer is ON: inactive players will automatically lose when time's up.\n|t:|1663956440\n|gametype|singles\n|player|p1|EVERYOPPSHOT|wallace-gen3|\n|player|p2|Vileman|palmer|\n|teamsize|p1|6\n|teamsize|p2|6\n|gen|8\n|tier|[Gen 8] OU\n|rule|Sleep Clause Mod: Limit one foe put to sleep\n|rule|Species Clause: Limit one of each Pok\u00e9mon\n|rule|OHKO Clause: OHKO moves are banned\n|rule|Evasion Items Clause: Evasion items are banned\n|rule|Evasion Moves Clause: Evasion moves are banned\n|rule|Endless Battle Clause: Forcing endless battles is banned\n|rule|HP Percentage Mod: HP is shown in percentages\n|rule|Dynamax Clause: You cannot dynamax\n|clearpoke\n|poke|p1|Blacephalon|\n|poke|p1|Corviknight, F|\n|poke|p1|Hydreigon, M|\n|poke|p1|Landorus-Therian, M|\n|poke|p1|Tapu Koko|\n|poke|p1|Toxapex, F|\n|poke|p2|Kartana|\n|poke|p2|Magnezone|\n|poke|p2|Corviknight, M|\n|poke|p2|Dragapult, M|\n|poke|p2|Hippowdon, M|\n|poke|p2|Tapu Fini|\n|teampreview\n|c|\u2606Vileman|HF\n|c|+CRASHINBOOMBANG|cheese\n|inactive|EVERYOPPSHOT has 270 seconds left.\n|c|\u2606Vileman|?\n|c|\u2606EVERYOPPSHOT|oh\n|c|\u2606EVERYOPPSHOT|oop\n|c|\u2606EVERYOPPSHOT|u2\n|inactive|EVERYOPPSHOT has 240 seconds left.\n|\n|t:|1663956501\n|start\n|switch|p1a: Blacephalon|Blacephalon|100\/100\n|switch|p2a: Tapu Fini|Tapu Fini|100\/100\n|-fieldstart|move: Misty Terrain|[from] ability: Misty Surge|[of] p2a: Tapu Fini\n|turn|1\n|\n|t:|1663956511\n|switch|p1a: Toxapex|Toxapex, F|100\/100\n|move|p2a: Tapu Fini|Scald|p1a: Toxapex\n|-resisted|p1a: Toxapex\n|-damage|p1a: Toxapex|91\/100\n|-enditem|p1a: Toxapex|Eject Button\n|c|\u2606Vileman|gone\n|\n|t:|1663956525\n|switch|p1a: Tapu Koko|Tapu Koko|100\/100\n|-fieldstart|move: Electric Terrain|[from] ability: Electric Surge|[of] p1a: Tapu Koko\n|\n|upkeep\n|turn|2\n|\n|t:|1663956531\n|switch|p1a: Landorus|Landorus-Therian, M|100\/100\n|-ability|p1a: Landorus|Intimidate|boost\n|-unboost|p2a: Tapu Fini|atk|1\n|switch|p2a: Hippowdon|Hippowdon, M|100\/100\n|-weather|Sandstorm|[from] ability: Sand Stream|[of] p2a: Hippowdon\n|\n|-weather|Sandstorm|[upkeep]\n|upkeep\n|turn|3\n|\n|t:|1663956534\n|move|p1a: Landorus|Stealth Rock|p2a: Hippowdon\n|-sidestart|p2: Vileman|move: Stealth Rock\n|move|p2a: Hippowdon|Stealth Rock|p1a: Landorus\n|-sidestart|p1: EVERYOPPSHOT|move: Stealth Rock\n|\n|-weather|Sandstorm|[upkeep]\n|upkeep\n|turn|4\n|\n|t:|1663956538\n|switch|p2a: Corviknight|Corviknight, M|100\/100\n|-damage|p2a: Corviknight|88\/100|[from] Stealth Rock\n|-ability|p2a: Corviknight|Pressure\n|move|p1a: Landorus|Toxic|p2a: Corviknight\n|-immune|p2a: Corviknight\n|\n|-weather|Sandstorm|[upkeep]\n|-heal|p2a: Corviknight|94\/100|[from] item: Leftovers\n|upkeep\n|turn|5\n|\n|t:|1663956541\n|move|p1a: Landorus|U-turn|p2a: Corviknight\n|-resisted|p2a: Corviknight\n|-crit|p2a: Corviknight\n|-damage|p2a: Corviknight|89\/100\n|\n|t:|1663956542\n|switch|p1a: Blacephalon|Blacephalon|100\/100|[from]move: U-turn\n|-damage|p1a: Blacephalon|76\/100|[from] Stealth Rock\n|move|p2a: Corviknight|U-turn|p1a: Blacephalon\n|-resisted|p1a: Blacephalon\n|-damage|p1a: Blacephalon|68\/100\n|\n|t:|1663956552\n|switch|p2a: Tapu Fini|Tapu Fini|100\/100|[from]move: U-turn\n|-damage|p2a: Tapu Fini|88\/100|[from] Stealth Rock\n|-fieldstart|move: Misty Terrain|[from] ability: Misty Surge|[of] p2a: Tapu Fini\n|\n|-weather|Sandstorm|[upkeep]\n|-damage|p1a: Blacephalon|62\/100|[from] Sandstorm\n|-damage|p2a: Tapu Fini|82\/100|[from] Sandstorm\n|-heal|p2a: Tapu Fini|88\/100|[from] item: Leftovers\n|upkeep\n|turn|6\n|\n|t:|1663956558\n|switch|p1a: Toxapex|Toxapex, F|100\/100\n|-damage|p1a: Toxapex|88\/100|[from] Stealth Rock\n|move|p2a: Tapu Fini|Calm Mind|p2a: Tapu Fini\n|-boost|p2a: Tapu Fini|spa|1\n|-boost|p2a: Tapu Fini|spd|1\n|\n|-weather|none\n|-heal|p2a: Tapu Fini|94\/100|[from] item: Leftovers\n|upkeep\n|turn|7\n|\n|t:|1663956561\n|move|p2a: Tapu Fini|Taunt|p1a: Toxapex\n|-start|p1a: Toxapex|move: Taunt\n|move|p1a: Toxapex|Knock Off|p2a: Tapu Fini\n|-resisted|p2a: Tapu Fini\n|-damage|p2a: Tapu Fini|88\/100\n|-enditem|p2a: Tapu Fini|Leftovers|[from] move: Knock Off|[of] p1a: Toxapex\n|\n|upkeep\n|turn|8\n|\n|t:|1663956566\n|switch|p1a: Tapu Koko|Tapu Koko|100\/100\n|-fieldstart|move: Electric Terrain|[from] ability: Electric Surge|[of] p1a: Tapu Koko\n|move|p2a: Tapu Fini|Calm Mind|p2a: Tapu Fini\n|-boost|p2a: Tapu Fini|spa|1\n|-boost|p2a: Tapu Fini|spd|1\n|\n|upkeep\n|turn|9\n|\n|t:|1663956568\n|move|p1a: Tapu Koko|Calm Mind|p1a: Tapu Koko\n|-boost|p1a: Tapu Koko|spa|1\n|-boost|p1a: Tapu Koko|spd|1\n|move|p2a: Tapu Fini|Calm Mind|p2a: Tapu Fini\n|-boost|p2a: Tapu Fini|spa|1\n|-boost|p2a: Tapu Fini|spd|1\n|\n|upkeep\n|turn|10\n|c|+CRASHINBOOMBANG|danger\n|\n|t:|1663956573\n|move|p1a: Tapu Koko|Thunderbolt|p2a: Tapu Fini\n|-supereffective|p2a: Tapu Fini\n|-damage|p2a: Tapu Fini|41\/100\n|move|p2a: Tapu Fini|Taunt|p1a: Tapu Koko\n|-start|p1a: Tapu Koko|move: Taunt\n|\n|upkeep\n|turn|11\n|c|+CRASHINBOOMBANG|.\n|c|\u2606Vileman|gone\n|\n|t:|1663956584\n|switch|p2a: Hippowdon|Hippowdon, M|100\/100\n|-damage|p2a: Hippowdon|94\/100|[from] Stealth Rock\n|-weather|Sandstorm|[from] ability: Sand Stream|[of] p2a: Hippowdon\n|move|p1a: Tapu Koko|Dazzling Gleam|p2a: Hippowdon\n|-damage|p2a: Hippowdon|61\/100\n|\n|-weather|Sandstorm|[upkeep]\n|-damage|p1a: Tapu Koko|94\/100|[from] Sandstorm\n|-heal|p2a: Hippowdon|67\/100|[from] item: Leftovers\n|upkeep\n|turn|12\n|\n|t:|1663956590\n|move|p1a: Tapu Koko|Dazzling Gleam|p2a: Hippowdon\n|-damage|p2a: Hippowdon|30\/100\n|move|p2a: Hippowdon|Slack Off|p2a: Hippowdon\n|-heal|p2a: Hippowdon|80\/100\n|\n|-weather|Sandstorm|[upkeep]\n|-damage|p1a: Tapu Koko|88\/100|[from] Sandstorm\n|-heal|p2a: Hippowdon|86\/100|[from] item: Leftovers\n|-fieldend|move: Electric Terrain\n|upkeep\n|turn|13\n|\n|t:|1663956597\n|switch|p1a: Toxapex|Toxapex, F|100\/100\n|-damage|p1a: Toxapex|88\/100|[from] Stealth Rock\n|switch|p2a: Dragapult|Dragapult, M|100\/100\n|-damage|p2a: Dragapult|88\/100|[from] Stealth Rock\n|\n|-weather|Sandstorm|[upkeep]\n|-damage|p2a: Dragapult|82\/100|[from] Sandstorm\n|-damage|p1a: Toxapex|82\/100|[from] Sandstorm\n|upkeep\n|turn|14\n|c|\u2606Vileman|.\n|c|\u2606Vileman|pex into the eq?\n|c|\u2606Vileman|gone\n|\n|t:|1663956606\n|move|p2a: Dragapult|U-turn|p1a: Toxapex\n|-resisted|p1a: Toxapex\n|-damage|p1a: Toxapex|77\/100\n|c|+CRASHINBOOMBANG|appears to have worked\n|c|\u2606EVERYOPPSHOT|im a bad player\n|\n|t:|1663956614\n|switch|p2a: Hippowdon|Hippowdon, M|86\/100|[from]move: U-turn\n|-damage|p2a: Hippowdon|80\/100|[from] Stealth Rock\n|move|p1a: Toxapex|Knock Off|p2a: Hippowdon\n|-damage|p2a: Hippowdon|70\/100\n|-enditem|p2a: Hippowdon|Leftovers|[from] move: Knock Off|[of] p1a: Toxapex\n|\n|-weather|Sandstorm|[upkeep]\n|-damage|p1a: Toxapex|71\/100|[from] Sandstorm\n|upkeep\n|turn|15\n|\n|t:|1663956617\n|move|p2a: Hippowdon|Earthquake|p1a: Toxapex\n|-supereffective|p1a: Toxapex\n|-damage|p1a: Toxapex|21\/100\n|move|p1a: Toxapex|Toxic Spikes|p2a: Hippowdon\n|-sidestart|p2: Vileman|move: Toxic Spikes\n|\n|-weather|none\n|upkeep\n|turn|16\n|c|\u2606Vileman|same\n|c|+CRASHINBOOMBANG|yea but it's not a bad play if it works\n|c|+CRASHINBOOMBANG|thankfully\n|\n|t:|1663956624\n|switch|p2a: Corviknight|Corviknight, M|89\/100\n|-damage|p2a: Corviknight|77\/100|[from] Stealth Rock\n|-ability|p2a: Corviknight|Pressure\n|switch|p1a: Corviknight|Corviknight, F|100\/100\n|-damage|p1a: Corviknight|88\/100|[from] Stealth Rock\n|-ability|p1a: Corviknight|Pressure\n|\n|-heal|p2a: Corviknight|83\/100|[from] item: Leftovers\n|upkeep\n|turn|17\n|\n|t:|1663956629\n|move|p1a: Corviknight|U-turn|p2a: Corviknight\n|-resisted|p2a: Corviknight\n|-damage|p2a: Corviknight|80\/100\n|c|+CRASHINBOOMBANG|nor is it a choke if u don't get punished\n|c|+CRASHINBOOMBANG|lol.\n|\n|t:|1663956632\n|switch|p1a: Tapu Koko|Tapu Koko|88\/100|[from]move: U-turn\n|-fieldstart|move: Electric Terrain|[from] ability: Electric Surge|[of] p1a: Tapu Koko\n|move|p2a: Corviknight|Defog|p1a: Tapu Koko\n|-unboost|p1a: Tapu Koko|evasion|1\n|-sideend|p1: EVERYOPPSHOT|Stealth Rock|[from] move: Defog|[of] p2a: Corviknight\n|-sideend|p2: Vileman|Toxic Spikes|[from] move: Defog|[of] p2a: Corviknight\n|-sideend|p2: Vileman|Stealth Rock|[from] move: Defog|[of] p2a: Corviknight\n|-fieldend|move: Electric Terrain\n|\n|-heal|p2a: Corviknight|87\/100|[from] item: Leftovers\n|upkeep\n|turn|18\n|\n|t:|1663956639\n|switch|p1a: Landorus|Landorus-Therian, M|100\/100\n|-ability|p1a: Landorus|Intimidate|boost\n|-unboost|p2a: Corviknight|atk|1\n|switch|p2a: Hippowdon|Hippowdon, M|70\/100\n|-weather|Sandstorm|[from] ability: Sand Stream|[of] p2a: Hippowdon\n|\n|-weather|Sandstorm|[upkeep]\n|upkeep\n|turn|19\n|\n|t:|1663956644\n|switch|p2a: Corviknight|Corviknight, M|87\/100\n|-ability|p2a: Corviknight|Pressure\n|move|p1a: Landorus|U-turn|p2a: Corviknight\n|-resisted|p2a: Corviknight\n|-damage|p2a: Corviknight|83\/100\n|\n|t:|1663956646\n|switch|p1a: Blacephalon|Blacephalon|62\/100|[from]move: U-turn\n|\n|-weather|Sandstorm|[upkeep]\n|-damage|p1a: Blacephalon|56\/100|[from] Sandstorm\n|-heal|p2a: Corviknight|89\/100|[from] item: Leftovers\n|upkeep\n|turn|20\n|\n|t:|1663956652\n|switch|p2a: Tapu Fini|Tapu Fini|41\/100\n|-fieldstart|move: Misty Terrain|[from] ability: Misty Surge|[of] p2a: Tapu Fini\n|move|p1a: Blacephalon|Flamethrower|p2a: Tapu Fini\n|-resisted|p2a: Tapu Fini\n|-damage|p2a: Tapu Fini|8\/100\n|\n|-weather|Sandstorm|[upkeep]\n|-damage|p1a: Blacephalon|49\/100|[from] Sandstorm\n|-damage|p2a: Tapu Fini|2\/100|[from] Sandstorm\n|upkeep\n|turn|21\n|c|+CRASHINBOOMBANG|pick\n|c|\u2606Vileman|is that specs dmg\n|c|\u2606Vileman|it is right\n|c|+CRASHINBOOMBANG|yes\n|c|\u2606EVERYOPPSHOT|yea\n|\n|t:|1663956668\n|switch|p2a: Dragapult|Dragapult, M|82\/100\n|move|p1a: Blacephalon|Flamethrower|p2a: Dragapult\n|-resisted|p2a: Dragapult\n|-damage|p2a: Dragapult|26\/100\n|\n|-weather|Sandstorm|[upkeep]\n|-damage|p2a: Dragapult|20\/100|[from] Sandstorm\n|-damage|p1a: Blacephalon|43\/100|[from] Sandstorm\n|upkeep\n|turn|22\n|c|+CRASHINBOOMBANG|hard\n|\n|t:|1663956676\n|switch|p1a: Corviknight|Corviknight, F|88\/100\n|-ability|p1a: Corviknight|Pressure\n|move|p2a: Dragapult|Draco Meteor|p1a: Corviknight\n|-resisted|p1a: Corviknight\n|-damage|p1a: Corviknight|57\/100\n|-unboost|p2a: Dragapult|spa|2\n|\n|-weather|none\n|upkeep\n|turn|23\n|\n|t:|1663956679\n|switch|p2a: Magnezone|Magnezone|100\/100\n|move|p1a: Corviknight|Roost|p1a: Corviknight\n|-heal|p1a: Corviknight|100\/100\n|-singleturn|p1a: Corviknight|move: Roost\n|\n|upkeep\n|turn|24\n|\n|t:|1663956681\n|switch|p1a: Landorus|Landorus-Therian, M|100\/100\n|-ability|p1a: Landorus|Intimidate|boost\n|-unboost|p2a: Magnezone|atk|1\n|move|p2a: Magnezone|Discharge|p1a: Landorus\n|-immune|p1a: Landorus\n|\n|-fieldend|Misty Terrain\n|upkeep\n|turn|25\n|c|+CRASHINBOOMBANG|.\n|c|\u2606Vileman|.\n|c|+CRASHINBOOMBANG|super gg\n|c|\u2606Vileman|nah\n|c|+CRASHINBOOMBANG|extreme L\n|c|\u2606Vileman|LMAO\n|c|\u2606Vileman|i got ct'd\n|\n|t:|1663956694\n|switch|p2a: Corviknight|Corviknight, M|89\/100\n|-ability|p2a: Corviknight|Pressure\n|move|p1a: Landorus|U-turn|p2a: Corviknight\n|-resisted|p2a: Corviknight\n|-damage|p2a: Corviknight|86\/100\n|c|\u2606EVERYOPPSHOT|LOL\n|\n|t:|1663956696\n|switch|p1a: Blacephalon|Blacephalon|43\/100|[from]move: U-turn\n|\n|-heal|p2a: Corviknight|92\/100|[from] item: Leftovers\n|upkeep\n|turn|26\n|\n|t:|1663956713\n|switch|p2a: Tapu Fini|Tapu Fini|2\/100\n|-fieldstart|move: Misty Terrain|[from] ability: Misty Surge|[of] p2a: Tapu Fini\n|move|p1a: Blacephalon|Flamethrower|p2a: Tapu Fini\n|-resisted|p2a: Tapu Fini\n|-crit|p2a: Tapu Fini\n|-damage|p2a: Tapu Fini|0 fnt\n|faint|p2a: Tapu Fini\n|-ability|p1a: Blacephalon|Beast Boost|boost\n|-boost|p1a: Blacephalon|spa|1\n|\n|upkeep\n|\n|t:|1663956715\n|switch|p2a: Dragapult|Dragapult, M|20\/100\n|turn|27\n|\n|t:|1663956726\n|switch|p1a: Corviknight|Corviknight, F|100\/100\n|-ability|p1a: Corviknight|Pressure\n|move|p2a: Dragapult|Shadow Ball|p1a: Corviknight\n|-damage|p1a: Corviknight|64\/100\n|\n|upkeep\n|turn|28\n|\n|t:|1663956729\n|move|p2a: Dragapult|Shadow Ball|p1a: Corviknight\n|-damage|p1a: Corviknight|25\/100\n|move|p1a: Corviknight|Roost|p1a: Corviknight\n|-heal|p1a: Corviknight|75\/100\n|-singleturn|p1a: Corviknight|move: Roost\n|\n|upkeep\n|turn|29\n|\n|t:|1663956733\n|switch|p2a: Kartana|Kartana|100\/100\n|move|p1a: Corviknight|Roost|p1a: Corviknight\n|-heal|p1a: Corviknight|100\/100\n|-singleturn|p1a: Corviknight|move: Roost\n|\n|upkeep\n|turn|30\n|\n|t:|1663956736\n|switch|p1a: Landorus|Landorus-Therian, M|100\/100\n|-ability|p1a: Landorus|Intimidate|boost\n|-unboost|p2a: Kartana|atk|1\n|move|p2a: Kartana|Knock Off|p1a: Landorus\n|-damage|p1a: Landorus|62\/100\n|-enditem|p1a: Landorus|Leftovers|[from] move: Knock Off|[of] p2a: Kartana\n|\n|-fieldend|Misty Terrain\n|upkeep\n|turn|31\n|\n|t:|1663956740\n|switch|p2a: Corviknight|Corviknight, M|92\/100\n|-ability|p2a: Corviknight|Pressure\n|move|p1a: Landorus|U-turn|p2a: Corviknight\n|-resisted|p2a: Corviknight\n|-damage|p2a: Corviknight|89\/100\n|\n|t:|1663956742\n|switch|p1a: Blacephalon|Blacephalon|43\/100|[from]move: U-turn\n|\n|-heal|p2a: Corviknight|95\/100|[from] item: Leftovers\n|upkeep\n|turn|32\n|\n|t:|1663956750\n|switch|p2a: Hippowdon|Hippowdon, M|70\/100\n|-weather|Sandstorm|[from] ability: Sand Stream|[of] p2a: Hippowdon\n|move|p1a: Blacephalon|Flamethrower|p2a: Hippowdon\n|-damage|p2a: Hippowdon|12\/100\n|\n|-weather|Sandstorm|[upkeep]\n|-damage|p1a: Blacephalon|37\/100|[from] Sandstorm\n|upkeep\n|turn|33\n|\n|t:|1663956752\n|move|p1a: Blacephalon|Flamethrower|p2a: Hippowdon\n|-damage|p2a: Hippowdon|0 fnt\n|faint|p2a: Hippowdon\n|-ability|p1a: Blacephalon|Beast Boost|boost\n|-boost|p1a: Blacephalon|spa|1\n|\n|-weather|Sandstorm|[upkeep]\n|-damage|p1a: Blacephalon|31\/100|[from] Sandstorm\n|upkeep\n|\n|t:|1663956761\n|switch|p2a: Dragapult|Dragapult, M|20\/100\n|turn|34\n|\n|t:|1663956769\n|switch|p1a: Tapu Koko|Tapu Koko|88\/100\n|-fieldstart|move: Electric Terrain|[from] ability: Electric Surge|[of] p1a: Tapu Koko\n|move|p2a: Dragapult|Flamethrower|p1a: Tapu Koko\n|-damage|p1a: Tapu Koko|31\/100\n|\n|-weather|Sandstorm|[upkeep]\n|-damage|p2a: Dragapult|14\/100|[from] Sandstorm\n|-damage|p1a: Tapu Koko|25\/100|[from] Sandstorm\n|upkeep\n|turn|35\n|\n|t:|1663956773\n|switch|p2a: Kartana|Kartana|100\/100\n|switch|p1a: Toxapex|Toxapex, F|54\/100\n|\n|-weather|Sandstorm|[upkeep]\n|-damage|p1a: Toxapex|48\/100|[from] Sandstorm\n|upkeep\n|turn|36\n|\n|t:|1663956778\n|switch|p1a: Landorus|Landorus-Therian, M|62\/100\n|-ability|p1a: Landorus|Intimidate|boost\n|-unboost|p2a: Kartana|atk|1\n|move|p2a: Kartana|Knock Off|p1a: Landorus\n|-damage|p1a: Landorus|37\/100\n|\n|-weather|none\n|upkeep\n|turn|37\n|\n|t:|1663956782\n|move|p2a: Kartana|Knock Off|p1a: Landorus\n|-damage|p1a: Landorus|10\/100\n|move|p1a: Landorus|U-turn|p2a: Kartana\n|-damage|p2a: Kartana|76\/100\n|\n|t:|1663956791\n|switch|p1a: Hydreigon|Hydreigon, M|100\/100|[from]move: U-turn\n|\n|upkeep\n|turn|38\n|\n|t:|1663956794\n|switch|p2a: Corviknight|Corviknight, M|95\/100\n|-ability|p2a: Corviknight|Pressure\n|move|p1a: Hydreigon|Dark Pulse|p2a: Corviknight\n|-damage|p2a: Corviknight|53\/100\n|\n|-heal|p2a: Corviknight|59\/100|[from] item: Leftovers\n|-fieldend|move: Electric Terrain\n|upkeep\n|turn|39\n|\n|t:|1663956797\n|move|p1a: Hydreigon|Dark Pulse|p2a: Corviknight\n|-damage|p2a: Corviknight|22\/100\n|cant|p2a: Corviknight|flinch\n|\n|-heal|p2a: Corviknight|29\/100|[from] item: Leftovers\n|upkeep\n|turn|40\n|c|\u2606Vileman|gone\n|c|\u2606EVERYOPPSHOT|oh nice\n|\n|t:|1663956802\n|switch|p2a: Magnezone|Magnezone|100\/100\n|move|p1a: Hydreigon|Dark Pulse|p2a: Magnezone\n|-damage|p2a: Magnezone|51\/100\n|\n|-heal|p2a: Magnezone|57\/100|[from] item: Leftovers\n|upkeep\n|turn|41\n|\n|t:|1663956806\n|move|p1a: Hydreigon|Earth Power|p2a: Magnezone\n|-supereffective|p2a: Magnezone\n|-damage|p2a: Magnezone|0 fnt\n|faint|p2a: Magnezone\n|\n|upkeep\n|\n|t:|1663956809\n|switch|p2a: Kartana|Kartana|76\/100\n|turn|42\n|\n|t:|1663956814\n|switch|p1a: Landorus|Landorus-Therian, M|10\/100\n|-ability|p1a: Landorus|Intimidate|boost\n|-unboost|p2a: Kartana|atk|1\n|move|p2a: Kartana|Knock Off|p1a: Landorus\n|-damage|p1a: Landorus|0 fnt\n|faint|p1a: Landorus\n|-ability|p2a: Kartana|Beast Boost|boost\n|-boost|p2a: Kartana|atk|1\n|\n|upkeep\n|\n|t:|1663956817\n|switch|p1a: Hydreigon|Hydreigon, M|100\/100\n|turn|43\n|\n|t:|1663956819\n|switch|p2a: Corviknight|Corviknight, M|29\/100\n|-ability|p2a: Corviknight|Pressure\n|move|p1a: Hydreigon|Dark Pulse|p2a: Corviknight\n|-damage|p2a: Corviknight|0 fnt\n|faint|p2a: Corviknight\n|\n|upkeep\n|\n|t:|1663956821\n|switch|p2a: Kartana|Kartana|76\/100\n|turn|44\n|\n|t:|1663956826\n|switch|p1a: Toxapex|Toxapex, F|81\/100\n|move|p2a: Kartana|Sacred Sword|p1a: Toxapex\n|-resisted|p1a: Toxapex\n|-damage|p1a: Toxapex|63\/100\n|\n|upkeep\n|turn|45\n|\n|t:|1663956829\n|switch|p2a: Dragapult|Dragapult, M|14\/100\n|move|p1a: Toxapex|Toxic Spikes|p2a: Dragapult\n|-sidestart|p2: Vileman|move: Toxic Spikes\n|\n|upkeep\n|turn|46\n|\n|t:|1663956833\n|switch|p1a: Tapu Koko|Tapu Koko|25\/100\n|-fieldstart|move: Electric Terrain|[from] ability: Electric Surge|[of] p1a: Tapu Koko\n|move|p2a: Dragapult|Draco Meteor|p1a: Tapu Koko\n|-immune|p1a: Tapu Koko\n|\n|upkeep\n|turn|47\n|\n|t:|1663956836\n|switch|p2a: Kartana|Kartana|76\/100\n|move|p1a: Tapu Koko|Thunderbolt|p2a: Kartana\n|-resisted|p2a: Kartana\n|-damage|p2a: Kartana|3\/100\n|\n|upkeep\n|turn|48\n|\n|t:|1663956840\n|switch|p1a: Corviknight|Corviknight, F|100\/100\n|-ability|p1a: Corviknight|Pressure\n|move|p2a: Kartana|Leaf Blade|p1a: Corviknight\n|-resisted|p1a: Corviknight\n|-damage|p1a: Corviknight|81\/100\n|\n|upkeep\n|turn|49\n|\n|t:|1663956842\n|move|p2a: Kartana|Leaf Blade|p1a: Corviknight\n|-resisted|p1a: Corviknight\n|-damage|p1a: Corviknight|62\/100\n|move|p1a: Corviknight|Brave Bird|p2a: Kartana\n|-damage|p2a: Kartana|0 fnt\n|faint|p2a: Kartana\n|-damage|p1a: Corviknight|62\/100|[from] Recoil\n|\n|upkeep\n|c|\u2606Vileman|G\n|c|\u2606Vileman|G\n|c|\u2606EVERYOPPSHOT|gg\n|\n|t:|1663956845\n|switch|p2a: Dragapult|Dragapult, M|14\/100\n|-status|p2a: Dragapult|psn\n|turn|50\n|c|\u2606EVERYOPPSHOT|tough matchup\n|\n|t:|1663956848\n|move|p2a: Dragapult|Draco Meteor|p1a: Corviknight\n|-resisted|p1a: Corviknight\n|-damage|p1a: Corviknight|32\/100\n|-unboost|p2a: Dragapult|spa|2\n|move|p1a: Corviknight|Roost|p1a: Corviknight\n|-heal|p1a: Corviknight|82\/100\n|-singleturn|p1a: Corviknight|move: Roost\n|\n|-damage|p2a: Dragapult|1\/100 psn|[from] psn\n|-fieldend|move: Electric Terrain\n|upkeep\n|turn|51\n|\n|t:|1663956851\n|move|p2a: Dragapult|Draco Meteor|p1a: Corviknight\n|-resisted|p1a: Corviknight\n|-damage|p1a: Corviknight|67\/100\n|-unboost|p2a: Dragapult|spa|2\n|move|p1a: Corviknight|U-turn|p2a: Dragapult\n|-resisted|p2a: Dragapult\n|-damage|p2a: Dragapult|0 fnt\n|faint|p2a: Dragapult\n|\n|win|EVERYOPPSHOT\n","uploadtime":1663956852,"views":15,"p1id":"everyoppshot","p2id":"vileman","formatid":"gen8ou","rating":0,"private":0,"password":null}