{"id":"smogtours-gen7ou-650157","p1":"Adel19","p2":"MichaelderBeste2","format":"gen7ou","log":"|inactive|Battle timer is ON: inactive players will automatically lose when time's up.\n|t:|1664024926\n|gametype|singles\n|player|p1|Adel19|265|\n|player|p2|MichaelderBeste2|#wcop2021germany|\n|teamsize|p1|6\n|teamsize|p2|6\n|gen|7\n|tier|[Gen 7] OU\n|rule|Sleep Clause Mod: Limit one foe put to sleep\n|rule|Species Clause: Limit one of each Pok\u00e9mon\n|rule|OHKO Clause: OHKO moves are banned\n|rule|Moody Clause: Moody is banned\n|rule|Evasion Items Clause: Evasion items are banned\n|rule|Evasion Moves Clause: Evasion moves are banned\n|rule|Endless Battle Clause: Forcing endless battles is banned\n|rule|HP Percentage Mod: HP is shown in percentages\n|clearpoke\n|poke|p1|Landorus-Therian, M|item\n|poke|p1|Heatran, M|item\n|poke|p1|Tapu Koko|item\n|poke|p1|Tapu Fini|item\n|poke|p1|Medicham, F|item\n|poke|p1|Greninja, M|item\n|poke|p2|Latias, F|item\n|poke|p2|Kommo-o, M|item\n|poke|p2|Toxapex, M|item\n|poke|p2|Ferrothorn, M|item\n|poke|p2|Gliscor, M|item\n|poke|p2|Tornadus-Therian, M|item\n|teampreview\n|c|\u2606MichaelderBeste2|hf\n|c|\u2606Adel19|u2\n|inactive|MichaelderBeste2 has 270 seconds left.\n|\n|t:|1664024963\n|start\n|switch|p1a: Landorus|Landorus-Therian, M|100\/100\n|switch|p2a: Ferrothorn|Ferrothorn, M|100\/100\n|-ability|p1a: Landorus|Intimidate|boost\n|-unboost|p2a: Ferrothorn|atk|1\n|turn|1\n|\n|t:|1664024978\n|move|p1a: Landorus|Swords Dance|p1a: Landorus\n|-boost|p1a: Landorus|atk|2\n|move|p2a: Ferrothorn|Spikes|p1a: Landorus\n|-sidestart|p1: Adel19|Spikes\n|\n|upkeep\n|turn|2\n|\n|t:|1664024994\n|switch|p2a: Gliscor|Gliscor, M|100\/100\n|move|p1a: Landorus|Earthquake|p2a: Gliscor\n|-immune|p2a: Gliscor\n|\n|-status|p2a: Gliscor|tox|[from] item: Toxic Orb\n|upkeep\n|turn|3\n|\n|t:|1664024999\n|move|p1a: Landorus|Stone Edge|p2a: Gliscor\n|-damage|p2a: Gliscor|41\/100 tox\n|move|p2a: Gliscor|Facade|p1a: Landorus\n|-damage|p1a: Landorus|62\/100\n|\n|-heal|p2a: Gliscor|53\/100 tox|[from] ability: Poison Heal\n|upkeep\n|turn|4\n|\n|t:|1664025004\n|-zpower|p1a: Landorus\n|move|p1a: Landorus|Continental Crush|p2a: Gliscor|[zeffect]\n|-damage|p2a: Gliscor|0 fnt\n|faint|p2a: Gliscor\n|\n|upkeep\n|\n|t:|1664025009\n|switch|p2a: Latias|Latias, F|100\/100\n|turn|5\n|\n|t:|1664025019\n|switch|p1a: Tapu Fini|Tapu Fini|100\/100\n|-damage|p1a: Tapu Fini|88\/100|[from] Spikes\n|-fieldstart|move: Misty Terrain|[from] ability: Misty Surge|[of] p1a: Tapu Fini\n|detailschange|p2a: Latias|Latias-Mega, F\n|-mega|p2a: Latias|Latias|Latiasite\n|move|p2a: Latias|Ice Beam|p1a: Tapu Fini\n|-resisted|p1a: Tapu Fini\n|-damage|p1a: Tapu Fini|78\/100\n|\n|-heal|p1a: Tapu Fini|84\/100|[from] item: Leftovers\n|upkeep\n|turn|6\n|\n|t:|1664025032\n|switch|p2a: Ferrothorn|Ferrothorn, M|100\/100\n|move|p1a: Tapu Fini|Nature's Madness|p2a: Ferrothorn\n|-damage|p2a: Ferrothorn|50\/100\n|\n|-heal|p1a: Tapu Fini|90\/100|[from] item: Leftovers\n|-heal|p2a: Ferrothorn|57\/100|[from] item: Leftovers\n|upkeep\n|turn|7\n|\n|t:|1664025036\n|switch|p1a: Landorus|Landorus-Therian, M|62\/100\n|-ability|p1a: Landorus|Intimidate|boost\n|-unboost|p2a: Ferrothorn|atk|1\n|move|p2a: Ferrothorn|Leech Seed|p1a: Landorus\n|-start|p1a: Landorus|move: Leech Seed\n|\n|-heal|p2a: Ferrothorn|63\/100|[from] item: Leftovers\n|-damage|p1a: Landorus|50\/100|[from] Leech Seed|[of] p2a: Ferrothorn\n|-heal|p2a: Ferrothorn|74\/100|[silent]\n|upkeep\n|turn|8\n|\n|t:|1664025041\n|move|p1a: Landorus|Stealth Rock|p2a: Ferrothorn\n|-sidestart|p2: MichaelderBeste2|move: Stealth Rock\n|move|p2a: Ferrothorn|Power Whip|p1a: Landorus\n|-damage|p1a: Landorus|21\/100\n|\n|-heal|p2a: Ferrothorn|80\/100|[from] item: Leftovers\n|-damage|p1a: Landorus|9\/100|[from] Leech Seed|[of] p2a: Ferrothorn\n|-heal|p2a: Ferrothorn|91\/100|[silent]\n|upkeep\n|turn|9\n|\n|t:|1664025047\n|switch|p1a: Heatran|Heatran, M|100\/100\n|-damage|p1a: Heatran|88\/100|[from] Spikes\n|move|p2a: Ferrothorn|Spikes|p1a: Heatran\n|-sidestart|p1: Adel19|Spikes\n|\n|-heal|p1a: Heatran|94\/100|[from] item: Leftovers\n|-heal|p2a: Ferrothorn|98\/100|[from] item: Leftovers\n|-fieldend|Misty Terrain\n|upkeep\n|turn|10\n|\n|t:|1664025052\n|switch|p2a: Kommo-o|Kommo-o, M|100\/100\n|-damage|p2a: Kommo-o|94\/100|[from] Stealth Rock\n|move|p1a: Heatran|Lava Plume|p2a: Kommo-o\n|-resisted|p2a: Kommo-o\n|-damage|p2a: Kommo-o|75\/100\n|\n|-heal|p1a: Heatran|100\/100|[from] item: Leftovers\n|-heal|p2a: Kommo-o|81\/100|[from] item: Leftovers\n|upkeep\n|turn|11\n|\n|t:|1664025060\n|move|p1a: Heatran|Lava Plume|p2a: Kommo-o\n|-resisted|p2a: Kommo-o\n|-damage|p2a: Kommo-o|64\/100\n|move|p2a: Kommo-o|Stealth Rock|p1a: Heatran\n|-sidestart|p1: Adel19|move: Stealth Rock\n|\n|-heal|p2a: Kommo-o|71\/100|[from] item: Leftovers\n|upkeep\n|turn|12\n|\n|t:|1664025067\n|switch|p1a: Landorus|Landorus-Therian, M|9\/100\n|-damage|p1a: Landorus|0 fnt|[from] Stealth Rock\n|faint|p1a: Landorus\n|move|p2a: Kommo-o|Drain Punch|p1: Landorus|[notarget]\n|-fail|p2a: Kommo-o\n|\n|-heal|p2a: Kommo-o|77\/100|[from] item: Leftovers\n|upkeep\n|\n|t:|1664025069\n|switch|p1a: Tapu Fini|Tapu Fini|90\/100\n|-damage|p1a: Tapu Fini|74\/100|[from] Spikes\n|-damage|p1a: Tapu Fini|61\/100|[from] Stealth Rock\n|-fieldstart|move: Misty Terrain|[from] ability: Misty Surge|[of] p1a: Tapu Fini\n|turn|13\n|\n|t:|1664025073\n|switch|p2a: Ferrothorn|Ferrothorn, M|98\/100\n|-damage|p2a: Ferrothorn|91\/100|[from] Stealth Rock\n|move|p1a: Tapu Fini|Defog|p2a: Ferrothorn\n|-unboost|p2a: Ferrothorn|evasion|1\n|-sideend|p2: MichaelderBeste2|Stealth Rock|[from] move: Defog|[of] p1a: Tapu Fini\n|-sideend|p1: Adel19|Spikes|[from] move: Defog|[of] p1a: Tapu Fini\n|-sideend|p1: Adel19|Stealth Rock|[from] move: Defog|[of] p1a: Tapu Fini\n|\n|-heal|p1a: Tapu Fini|67\/100|[from] item: Leftovers\n|-heal|p2a: Ferrothorn|98\/100|[from] item: Leftovers\n|upkeep\n|turn|14\n|\n|t:|1664025088\n|switch|p1a: Medicham|Medicham, F|100\/100\n|move|p2a: Ferrothorn|Leech Seed|p1a: Medicham|[miss]\n|-miss|p2a: Ferrothorn|p1a: Medicham\n|\n|-heal|p2a: Ferrothorn|100\/100|[from] item: Leftovers\n|upkeep\n|turn|15\n|\n|t:|1664025097\n|detailschange|p1a: Medicham|Medicham-Mega, F\n|-mega|p1a: Medicham|Medicham|Medichamite\n|move|p2a: Ferrothorn|Protect|p2a: Ferrothorn\n|-singleturn|p2a: Ferrothorn|Protect\n|move|p1a: Medicham|Zen Headbutt|p2a: Ferrothorn\n|-activate|p2a: Ferrothorn|move: Protect\n|\n|upkeep\n|turn|16\n|\n|t:|1664025107\n|switch|p2a: Toxapex|Toxapex, M|100\/100\n|move|p1a: Medicham|Ice Punch|p2a: Toxapex\n|-resisted|p2a: Toxapex\n|-damage|p2a: Toxapex|84\/100\n|\n|-heal|p2a: Toxapex|91\/100|[from] item: Black Sludge\n|upkeep\n|turn|17\n|\n|t:|1664025113\n|switch|p2a: Ferrothorn|Ferrothorn, M|100\/100\n|move|p1a: Medicham|Zen Headbutt|p2a: Ferrothorn\n|-resisted|p2a: Ferrothorn\n|-damage|p2a: Ferrothorn|75\/100\n|-damage|p1a: Medicham|88\/100|[from] ability: Iron Barbs|[of] p2a: Ferrothorn\n|\n|-heal|p2a: Ferrothorn|82\/100|[from] item: Leftovers\n|-fieldend|Misty Terrain\n|upkeep\n|turn|18\n|\n|t:|1664025119\n|switch|p1a: Heatran|Heatran, M|100\/100\n|move|p2a: Ferrothorn|Protect||[still]\n|-fail|p2a: Ferrothorn\n|\n|-heal|p2a: Ferrothorn|88\/100|[from] item: Leftovers\n|upkeep\n|turn|19\n|\n|t:|1664025125\n|switch|p2a: Kommo-o|Kommo-o, M|77\/100\n|move|p1a: Heatran|Lava Plume|p2a: Kommo-o\n|-resisted|p2a: Kommo-o\n|-damage|p2a: Kommo-o|59\/100\n|-status|p2a: Kommo-o|brn\n|\n|-heal|p2a: Kommo-o|65\/100 brn|[from] item: Leftovers\n|-damage|p2a: Kommo-o|59\/100 brn|[from] brn\n|upkeep\n|turn|20\n|\n|t:|1664025147\n|switch|p1a: Medicham|Medicham-Mega, F|88\/100\n|move|p2a: Kommo-o|Stealth Rock|p1a: Medicham\n|-sidestart|p1: Adel19|move: Stealth Rock\n|\n|-heal|p2a: Kommo-o|65\/100 brn|[from] item: Leftovers\n|-damage|p2a: Kommo-o|59\/100 brn|[from] brn\n|upkeep\n|turn|21\n|\n|t:|1664025158\n|move|p2a: Kommo-o|Protect|p2a: Kommo-o\n|-singleturn|p2a: Kommo-o|Protect\n|move|p1a: Medicham|Zen Headbutt|p2a: Kommo-o\n|-activate|p2a: Kommo-o|move: Protect\n|\n|-heal|p2a: Kommo-o|65\/100 brn|[from] item: Leftovers\n|-damage|p2a: Kommo-o|59\/100 brn|[from] brn\n|upkeep\n|turn|22\n|\n|t:|1664025162\n|move|p1a: Medicham|High Jump Kick|p2a: Kommo-o\n|-damage|p2a: Kommo-o|0 fnt\n|faint|p2a: Kommo-o\n|\n|upkeep\n|\n|t:|1664025165\n|switch|p2a: Tornadus|Tornadus-Therian, M|100\/100\n|turn|23\n|\n|t:|1664025169\n|switch|p1a: Heatran|Heatran, M|100\/100\n|-damage|p1a: Heatran|88\/100|[from] Stealth Rock\n|move|p2a: Tornadus|Knock Off|p1a: Heatran\n|-damage|p1a: Heatran|67\/100\n|-enditem|p1a: Heatran|Leftovers|[from] move: Knock Off|[of] p2a: Tornadus\n|\n|upkeep\n|turn|24\n|\n|t:|1664025175\n|move|p2a: Tornadus|Superpower|p1a: Heatran\n|-supereffective|p1a: Heatran\n|-damage|p1a: Heatran|7\/100\n|-unboost|p2a: Tornadus|atk|1\n|-unboost|p2a: Tornadus|def|1\n|move|p1a: Heatran|Lava Plume|p2a: Tornadus\n|-damage|p2a: Tornadus|47\/100\n|\n|upkeep\n|turn|25\n|\n|t:|1664025184\n|move|p2a: Tornadus|U-turn|p1a: Heatran\n|-resisted|p1a: Heatran\n|-damage|p1a: Heatran|5\/100\n|\n|t:|1664025186\n|switch|p2a: Toxapex|Toxapex, M|100\/100|[from]move: U-turn\n|move|p1a: Heatran|Lava Plume|p2a: Toxapex\n|-resisted|p2a: Toxapex\n|-damage|p2a: Toxapex|86\/100\n|\n|-heal|p2a: Toxapex|92\/100|[from] item: Black Sludge\n|upkeep\n|turn|26\n|\n|t:|1664025189\n|move|p1a: Heatran|Taunt|p2a: Toxapex\n|-start|p2a: Toxapex|move: Taunt\n|cant|p2a: Toxapex|move: Taunt|Toxic Spikes\n|\n|-heal|p2a: Toxapex|98\/100|[from] item: Black Sludge\n|upkeep\n|turn|27\n|\n|t:|1664025196\n|switch|p2a: Tornadus|Tornadus-Therian, M|80\/100\n|move|p1a: Heatran|Lava Plume|p2a: Tornadus\n|-damage|p2a: Tornadus|24\/100\n|\n|upkeep\n|turn|28\n|\n|t:|1664025201\n|move|p2a: Tornadus|Knock Off|p1a: Heatran\n|-damage|p1a: Heatran|0 fnt\n|faint|p1a: Heatran\n|\n|upkeep\n|inactive|Adel19 has 270 seconds left.\n|\n|t:|1664025248\n|switch|p1a: Medicham|Medicham-Mega, F|88\/100\n|-damage|p1a: Medicham|82\/100|[from] Stealth Rock\n|turn|29\n|\n|t:|1664025269\n|switch|p2a: Ferrothorn|Ferrothorn, M|88\/100\n|move|p1a: Medicham|Fake Out|p2a: Ferrothorn\n|-resisted|p2a: Ferrothorn\n|-damage|p2a: Ferrothorn|80\/100\n|-damage|p1a: Medicham|70\/100|[from] ability: Iron Barbs|[of] p2a: Ferrothorn\n|\n|-heal|p2a: Ferrothorn|86\/100|[from] item: Leftovers\n|upkeep\n|turn|30\n|inactive|Adel19 has 240 seconds left.\n|\n|t:|1664025292\n|move|p2a: Ferrothorn|Protect|p2a: Ferrothorn\n|-singleturn|p2a: Ferrothorn|Protect\n|move|p1a: Medicham|Ice Punch|p2a: Ferrothorn\n|-activate|p2a: Ferrothorn|move: Protect\n|\n|-heal|p2a: Ferrothorn|92\/100|[from] item: Leftovers\n|upkeep\n|turn|31\n|\n|t:|1664025296\n|switch|p2a: Latias|Latias-Mega, F|100\/100\n|move|p1a: Medicham|High Jump Kick|p2a: Latias\n|-resisted|p2a: Latias\n|-damage|p2a: Latias|59\/100\n|\n|upkeep\n|turn|32\n|\n|t:|1664025303\n|switch|p1a: Tapu Fini|Tapu Fini|67\/100\n|-damage|p1a: Tapu Fini|55\/100|[from] Stealth Rock\n|-fieldstart|move: Misty Terrain|[from] ability: Misty Surge|[of] p1a: Tapu Fini\n|move|p2a: Latias|Ice Beam|p1a: Tapu Fini\n|-resisted|p1a: Tapu Fini\n|-damage|p1a: Tapu Fini|43\/100\n|\n|-heal|p1a: Tapu Fini|49\/100|[from] item: Leftovers\n|upkeep\n|turn|33\n|\n|t:|1664025311\n|switch|p2a: Ferrothorn|Ferrothorn, M|92\/100\n|move|p1a: Tapu Fini|Nature's Madness|p2a: Ferrothorn\n|-damage|p2a: Ferrothorn|47\/100\n|\n|-heal|p1a: Tapu Fini|55\/100|[from] item: Leftovers\n|-heal|p2a: Ferrothorn|53\/100|[from] item: Leftovers\n|upkeep\n|turn|34\n|\n|t:|1664025326\n|move|p1a: Tapu Fini|Defog|p2a: Ferrothorn\n|-unboost|p2a: Ferrothorn|evasion|1\n|-sideend|p1: Adel19|Stealth Rock|[from] move: Defog|[of] p1a: Tapu Fini\n|move|p2a: Ferrothorn|Power Whip|p1a: Tapu Fini\n|-supereffective|p1a: Tapu Fini\n|-damage|p1a: Tapu Fini|1\/100\n|\n|-heal|p1a: Tapu Fini|7\/100|[from] item: Leftovers\n|-heal|p2a: Ferrothorn|59\/100|[from] item: Leftovers\n|upkeep\n|turn|35\n|\n|t:|1664025333\n|move|p1a: Tapu Fini|Nature's Madness|p2a: Ferrothorn\n|-damage|p2a: Ferrothorn|30\/100\n|move|p2a: Ferrothorn|Spikes|p1a: Tapu Fini\n|-sidestart|p1: Adel19|Spikes\n|\n|-heal|p1a: Tapu Fini|13\/100|[from] item: Leftovers\n|-heal|p2a: Ferrothorn|36\/100|[from] item: Leftovers\n|upkeep\n|turn|36\n|\n|t:|1664025346\n|move|p1a: Tapu Fini|Defog|p2a: Ferrothorn\n|-unboost|p2a: Ferrothorn|evasion|1\n|-sideend|p1: Adel19|Spikes|[from] move: Defog|[of] p1a: Tapu Fini\n|move|p2a: Ferrothorn|Leech Seed|p1a: Tapu Fini\n|-start|p1a: Tapu Fini|move: Leech Seed\n|\n|-heal|p1a: Tapu Fini|19\/100|[from] item: Leftovers\n|-heal|p2a: Ferrothorn|42\/100|[from] item: Leftovers\n|-damage|p1a: Tapu Fini|7\/100|[from] Leech Seed|[of] p2a: Ferrothorn\n|-heal|p2a: Ferrothorn|54\/100|[silent]\n|-fieldend|Misty Terrain\n|upkeep\n|turn|37\n|\n|t:|1664025349\n|move|p1a: Tapu Fini|Nature's Madness|p2a: Ferrothorn\n|-damage|p2a: Ferrothorn|27\/100\n|move|p2a: Ferrothorn|Spikes|p1a: Tapu Fini\n|-sidestart|p1: Adel19|Spikes\n|\n|-heal|p1a: Tapu Fini|13\/100|[from] item: Leftovers\n|-heal|p2a: Ferrothorn|34\/100|[from] item: Leftovers\n|-damage|p1a: Tapu Fini|0 fnt|[from] Leech Seed|[of] p2a: Ferrothorn\n|-heal|p2a: Ferrothorn|46\/100|[silent]\n|faint|p1a: Tapu Fini\n|upkeep\n|\n|t:|1664025377\n|switch|p1a: Medicham|Medicham-Mega, F|70\/100\n|-damage|p1a: Medicham|58\/100|[from] Spikes\n|turn|38\n|\n|t:|1664025383\n|move|p2a: Ferrothorn|Protect|p2a: Ferrothorn\n|-singleturn|p2a: Ferrothorn|Protect\n|move|p1a: Medicham|Ice Punch|p2a: Ferrothorn\n|-activate|p2a: Ferrothorn|move: Protect\n|\n|-heal|p2a: Ferrothorn|52\/100|[from] item: Leftovers\n|upkeep\n|turn|39\n|\n|t:|1664025387\n|switch|p2a: Latias|Latias-Mega, F|59\/100\n|move|p1a: Medicham|High Jump Kick|p2a: Latias|[miss]\n|-miss|p1a: Medicham|p2a: Latias\n|-damage|p1a: Medicham|8\/100|[from] highjumpkick\n|\n|upkeep\n|turn|40\n|inactive|Adel19 has 270 seconds left.\n|\n|t:|1664025402\n|move|p2a: Latias|Ice Beam|p1a: Medicham\n|-damage|p1a: Medicham|0 fnt\n|faint|p1a: Medicham\n|\n|upkeep\n|\n|t:|1664025404\n|switch|p1a: Greninja|Greninja, M|100\/100\n|-damage|p1a: Greninja|88\/100|[from] Spikes\n|turn|41\n|\n|t:|1664025410\n|switch|p2a: Toxapex|Toxapex, M|100\/100\n|move|p1a: Greninja|Dark Pulse|p2a: Toxapex\n|-damage|p2a: Toxapex|68\/100\n|\n|-heal|p2a: Toxapex|74\/100|[from] item: Black Sludge\n|upkeep\n|turn|42\n|\n|t:|1664025415\n|move|p1a: Greninja|Dark Pulse|p2a: Toxapex\n|-damage|p2a: Toxapex|36\/100\n|move|p2a: Toxapex|Recover|p2a: Toxapex\n|-heal|p2a: Toxapex|86\/100\n|\n|-heal|p2a: Toxapex|92\/100|[from] item: Black Sludge\n|upkeep\n|turn|43\n|\n|t:|1664025421\n|switch|p1a: Tapu Koko|Tapu Koko|100\/100\n|-damage|p1a: Tapu Koko|88\/100|[from] Spikes\n|-fieldstart|move: Electric Terrain|[from] ability: Electric Surge|[of] p1a: Tapu Koko\n|move|p2a: Toxapex|Toxic Spikes|p1a: Tapu Koko\n|-sidestart|p1: Adel19|move: Toxic Spikes\n|\n|-heal|p2a: Toxapex|98\/100|[from] item: Black Sludge\n|upkeep\n|turn|44\n|\n|t:|1664025428\n|switch|p2a: Ferrothorn|Ferrothorn, M|52\/100\n|move|p1a: Tapu Koko|U-turn|p2a: Ferrothorn\n|-damage|p2a: Ferrothorn|39\/100\n|-damage|p1a: Tapu Koko|76\/100|[from] ability: Iron Barbs|[of] p2a: Ferrothorn\n|\n|t:|1664025431\n|switch|p1a: Greninja|Greninja, M|88\/100|[from]move: U-turn\n|-damage|p1a: Greninja|76\/100|[from] Spikes\n|-status|p1a: Greninja|psn\n|\n|-heal|p2a: Ferrothorn|45\/100|[from] item: Leftovers\n|-damage|p1a: Greninja|64\/100 psn|[from] psn\n|upkeep\n|turn|45\n|\n|t:|1664025435\n|move|p2a: Ferrothorn|Protect|p2a: Ferrothorn\n|-singleturn|p2a: Ferrothorn|Protect\n|move|p1a: Greninja|Dark Pulse|p2a: Ferrothorn\n|-activate|p2a: Ferrothorn|move: Protect\n|\n|-heal|p2a: Ferrothorn|51\/100|[from] item: Leftovers\n|-damage|p1a: Greninja|51\/100 psn|[from] psn\n|upkeep\n|turn|46\n|\n|t:|1664025437\n|switch|p2a: Toxapex|Toxapex, M|100\/100\n|move|p1a: Greninja|Dark Pulse|p2a: Toxapex\n|-damage|p2a: Toxapex|64\/100\n|\n|-heal|p2a: Toxapex|70\/100|[from] item: Black Sludge\n|-damage|p1a: Greninja|39\/100 psn|[from] psn\n|upkeep\n|turn|47\n|\n|t:|1664025440\n|move|p1a: Greninja|Dark Pulse|p2a: Toxapex\n|-damage|p2a: Toxapex|34\/100\n|move|p2a: Toxapex|Recover|p2a: Toxapex\n|-heal|p2a: Toxapex|84\/100\n|\n|-heal|p2a: Toxapex|90\/100|[from] item: Black Sludge\n|-damage|p1a: Greninja|27\/100 psn|[from] psn\n|-fieldend|move: Electric Terrain\n|upkeep\n|turn|48\n|-message|Adel19 forfeited.\n|\n|win|MichaelderBeste2\n","uploadtime":1664025447,"views":40,"p1id":"adel19","p2id":"michaelderbeste2","formatid":"gen7ou","rating":0,"private":0,"password":null}