{"id":"smogtours-gen7ou-659289","p1":"Faygos","p2":"Ojczul Rassiak","format":"gen7ou","log":"|inactive|Battle timer is ON: inactive players will automatically lose when time's up.\n|t:|1667653816\n|gametype|singles\n|player|p1|Faygos|102|\n|player|p2|Ojczul Rassiak|swimmer-gen4dp|\n|teamsize|p1|6\n|teamsize|p2|6\n|gen|7\n|tier|[Gen 7] OU\n|rule|Sleep Clause Mod: Limit one foe put to sleep\n|rule|Species Clause: Limit one of each Pok\u00e9mon\n|rule|OHKO Clause: OHKO moves are banned\n|rule|Moody Clause: Moody is banned\n|rule|Evasion Items Clause: Evasion items are banned\n|rule|Evasion Moves Clause: Evasion moves are banned\n|rule|Endless Battle Clause: Forcing endless battles is banned\n|rule|HP Percentage Mod: HP is shown in percentages\n|clearpoke\n|poke|p1|Crawdaunt, F|item\n|poke|p1|Greninja, M|item\n|poke|p1|Gyarados, M|item\n|poke|p1|Sharpedo, M|item\n|poke|p1|Landorus-Therian, M|item\n|poke|p1|Magearna|item\n|poke|p2|Mawile, F|item\n|poke|p2|Kyurem-Black|item\n|poke|p2|Heatran, M|item\n|poke|p2|Serperior, M|item\n|poke|p2|Landorus-Therian, M|item\n|poke|p2|Tapu Fini|item\n|teampreview\n|inactive|Faygos also wants the timer to be on.\n|c|\u2606Ojczul Rassiak|hf\n|c|\u2606Faygos|yt\n|\n|t:|1667653842\n|start\n|switch|p1a: EL MUCHACHO|Landorus-Therian, M|100\/100\n|switch|p2a: Kyurem|Kyurem-Black|100\/100\n|-ability|p2a: Kyurem|Teravolt\n|-ability|p1a: EL MUCHACHO|Intimidate|boost\n|-unboost|p2a: Kyurem|atk|1\n|turn|1\n|\n|t:|1667653852\n|switch|p1a: MEGA SPLASH|Magearna|100\/100\n|move|p2a: Kyurem|Ice Beam|p1a: MEGA SPLASH\n|-resisted|p1a: MEGA SPLASH\n|-damage|p1a: MEGA SPLASH|93\/100\n|\n|upkeep\n|turn|2\n|\n|t:|1667653857\n|switch|p2a: Landorus|Landorus-Therian, M|100\/100\n|-ability|p2a: Landorus|Intimidate|boost\n|-unboost|p1a: MEGA SPLASH|atk|1\n|move|p1a: MEGA SPLASH|Volt Switch|p2a: Landorus\n|-immune|p2a: Landorus\n|\n|upkeep\n|turn|3\n|\n|t:|1667653860\n|switch|p1a: EL MUCHACHO|Landorus-Therian, M|100\/100\n|-ability|p1a: EL MUCHACHO|Intimidate|boost\n|-unboost|p2a: Landorus|atk|1\n|move|p2a: Landorus|U-turn|p1a: EL MUCHACHO\n|-resisted|p1a: EL MUCHACHO\n|-damage|p1a: EL MUCHACHO|94\/100\n|\n|t:|1667653864\n|switch|p2a: Kyurem|Kyurem-Black|100\/100|[from]move: U-turn\n|-ability|p2a: Kyurem|Teravolt\n|\n|upkeep\n|turn|4\n|\n|t:|1667653868\n|switch|p1a: MEGA SPLASH|Magearna|93\/100\n|move|p2a: Kyurem|Fusion Bolt|p1a: MEGA SPLASH\n|-crit|p1a: MEGA SPLASH\n|-damage|p1a: MEGA SPLASH|45\/100\n|\n|upkeep\n|turn|5\n|\n|t:|1667653873\n|switch|p2a: Heatran|Heatran, M|100\/100\n|move|p1a: MEGA SPLASH|Fleur Cannon|p2a: Heatran\n|-resisted|p2a: Heatran\n|-damage|p2a: Heatran|91\/100\n|-unboost|p1a: MEGA SPLASH|spa|2\n|\n|-heal|p2a: Heatran|97\/100|[from] item: Leftovers\n|upkeep\n|turn|6\n|\n|t:|1667653884\n|switch|p1a: MEVTR|Gyarados, M|100\/100\n|-ability|p1a: MEVTR|Intimidate|boost\n|-unboost|p2a: Heatran|atk|1\n|move|p2a: Heatran|Stealth Rock|p1a: MEVTR\n|-sidestart|p1: Faygos|move: Stealth Rock\n|\n|-heal|p2a: Heatran|100\/100|[from] item: Leftovers\n|upkeep\n|turn|7\n|\n|t:|1667653887\n|move|p1a: MEVTR|Dragon Dance|p1a: MEVTR\n|-boost|p1a: MEVTR|atk|1\n|-boost|p1a: MEVTR|spe|1\n|move|p2a: Heatran|Toxic|p1a: MEVTR\n|-status|p1a: MEVTR|tox\n|\n|-damage|p1a: MEVTR|94\/100 tox|[from] psn\n|upkeep\n|turn|8\n|\n|t:|1667653889\n|switch|p2a: Landorus|Landorus-Therian, M|100\/100\n|-ability|p2a: Landorus|Intimidate|boost\n|-unboost|p1a: MEVTR|atk|1\n|move|p1a: MEVTR|Dragon Dance|p1a: MEVTR\n|-boost|p1a: MEVTR|atk|1\n|-boost|p1a: MEVTR|spe|1\n|\n|-damage|p1a: MEVTR|82\/100 tox|[from] psn\n|upkeep\n|turn|9\n|\n|t:|1667653896\n|switch|p2a: Tapu Fini|Tapu Fini|100\/100\n|-fieldstart|move: Misty Terrain|[from] ability: Misty Surge|[of] p2a: Tapu Fini\n|move|p1a: MEVTR|Waterfall|p2a: Tapu Fini\n|-resisted|p2a: Tapu Fini\n|-crit|p2a: Tapu Fini\n|-damage|p2a: Tapu Fini|59\/100\n|\n|-heal|p2a: Tapu Fini|65\/100|[from] item: Leftovers\n|-damage|p1a: MEVTR|64\/100 tox|[from] psn\n|upkeep\n|turn|10\n|\n|t:|1667653903\n|-zpower|p1a: MEVTR\n|move|p1a: MEVTR|Supersonic Skystrike|p2a: Tapu Fini|[zeffect]\n|-damage|p2a: Tapu Fini|0 fnt\n|faint|p2a: Tapu Fini\n|\n|-damage|p1a: MEVTR|40\/100 tox|[from] psn\n|upkeep\n|\n|t:|1667653908\n|switch|p2a: Serperior|Serperior, M|100\/100\n|turn|11\n|\n|t:|1667653912\n|move|p1a: MEVTR|Waterfall|p2a: Serperior\n|-resisted|p2a: Serperior\n|-damage|p2a: Serperior|64\/100\n|move|p2a: Serperior|Leaf Storm|p1a: MEVTR\n|-damage|p1a: MEVTR|0 fnt\n|-boost|p2a: Serperior|spa|2\n|faint|p1a: MEVTR\n|\n|-heal|p2a: Serperior|70\/100|[from] item: Leftovers\n|upkeep\n|\n|t:|1667653929\n|switch|p1a: DELOREAN|Greninja, M|100\/100\n|-damage|p1a: DELOREAN|88\/100|[from] Stealth Rock\n|turn|12\n|\n|t:|1667653949\n|switch|p2a: Heatran|Heatran, M|100\/100\n|move|p1a: DELOREAN|Ice Beam|p2a: Heatran\n|-resisted|p2a: Heatran\n|-crit|p2a: Heatran\n|-damage|p2a: Heatran|90\/100\n|\n|-heal|p2a: Heatran|96\/100|[from] item: Leftovers\n|upkeep\n|turn|13\n|\n|t:|1667653957\n|switch|p1a: LE COLONEL|Crawdaunt, F|100\/100\n|-damage|p1a: LE COLONEL|88\/100|[from] Stealth Rock\n|switch|p2a: Kyurem|Kyurem-Black|100\/100\n|-ability|p2a: Kyurem|Teravolt\n|\n|-fieldend|Misty Terrain\n|upkeep\n|turn|14\n|\n|t:|1667653962\n|switch|p1a: EL MUCHACHO|Landorus-Therian, M|94\/100\n|-damage|p1a: EL MUCHACHO|82\/100|[from] Stealth Rock\n|-ability|p1a: EL MUCHACHO|Intimidate|boost\n|-unboost|p2a: Kyurem|atk|1\n|move|p2a: Kyurem|Fusion Bolt|p1a: EL MUCHACHO\n|-immune|p1a: EL MUCHACHO\n|\n|upkeep\n|turn|15\n|\n|t:|1667653966\n|switch|p1a: MEGA SPLASH|Magearna|45\/100\n|-damage|p1a: MEGA SPLASH|39\/100|[from] Stealth Rock\n|move|p2a: Kyurem|Ice Beam|p1a: MEGA SPLASH\n|-resisted|p1a: MEGA SPLASH\n|-damage|p1a: MEGA SPLASH|30\/100\n|\n|upkeep\n|turn|16\n|\n|t:|1667653972\n|move|p2a: Kyurem|Earth Power|p1a: MEGA SPLASH\n|-supereffective|p1a: MEGA SPLASH\n|-damage|p1a: MEGA SPLASH|10\/100\n|-unboost|p1a: MEGA SPLASH|spd|1\n|move|p1a: MEGA SPLASH|Volt Switch|p2a: Kyurem\n|-resisted|p2a: Kyurem\n|-damage|p2a: Kyurem|89\/100\n|inactive|Faygos has 270 seconds left.\n|inactive|Faygos has 240 seconds left.\n|\n|t:|1667654044\n|switch|p1a: DELOREAN|Greninja, M|88\/100|[from]move: Volt Switch\n|-damage|p1a: DELOREAN|76\/100|[from] Stealth Rock\n|\n|upkeep\n|turn|17\n|\n|t:|1667654048\n|move|p1a: DELOREAN|Dark Pulse|p2a: Kyurem\n|-damage|p2a: Kyurem|29\/100\n|move|p2a: Kyurem|Fusion Bolt|p1a: DELOREAN\n|-supereffective|p1a: DELOREAN\n|-damage|p1a: DELOREAN|0 fnt\n|faint|p1a: DELOREAN\n|\n|upkeep\n|inactive|Faygos has 240 seconds left.\n|\n|t:|1667654059\n|switch|p1a: SHARK ATTACK|Sharpedo, M|100\/100\n|-damage|p1a: SHARK ATTACK|88\/100|[from] Stealth Rock\n|turn|18\n|\n|t:|1667654061\n|switch|p2a: Heatran|Heatran, M|96\/100\n|move|p1a: SHARK ATTACK|Protect||[still]\n|-fail|p1a: SHARK ATTACK\n|\n|-heal|p2a: Heatran|100\/100|[from] item: Leftovers\n|-ability|p1a: SHARK ATTACK|Speed Boost|boost\n|-boost|p1a: SHARK ATTACK|spe|1\n|upkeep\n|turn|19\n|\n|t:|1667654066\n|detailschange|p1a: SHARK ATTACK|Sharpedo-Mega, M\n|-mega|p1a: SHARK ATTACK|Sharpedo|Sharpedonite\n|move|p1a: SHARK ATTACK|Crunch|p2a: Heatran\n|-damage|p2a: Heatran|38\/100\n|move|p2a: Heatran|Lava Plume|p1a: SHARK ATTACK\n|-resisted|p1a: SHARK ATTACK\n|-damage|p1a: SHARK ATTACK|57\/100\n|\n|-heal|p2a: Heatran|44\/100|[from] item: Leftovers\n|upkeep\n|turn|20\n|\n|t:|1667654075\n|move|p1a: SHARK ATTACK|Crunch|p2a: Heatran\n|-damage|p2a: Heatran|0 fnt\n|faint|p2a: Heatran\n|\n|upkeep\n|\n|t:|1667654076\n|switch|p2a: Mawile|Mawile, F|100\/100\n|turn|21\n|\n|t:|1667654080\n|switch|p1a: MEGA SPLASH|Magearna|10\/100\n|-damage|p1a: MEGA SPLASH|4\/100|[from] Stealth Rock\n|detailschange|p2a: Mawile|Mawile-Mega, F\n|-mega|p2a: Mawile|Mawile|Mawilite\n|move|p2a: Mawile|Play Rough|p1a: MEGA SPLASH\n|-resisted|p1a: MEGA SPLASH\n|-damage|p1a: MEGA SPLASH|0 fnt\n|faint|p1a: MEGA SPLASH\n|\n|upkeep\n|\n|t:|1667654082\n|switch|p1a: EL MUCHACHO|Landorus-Therian, M|82\/100\n|-damage|p1a: EL MUCHACHO|69\/100|[from] Stealth Rock\n|-ability|p1a: EL MUCHACHO|Intimidate|boost\n|-unboost|p2a: Mawile|atk|1\n|turn|22\n|\n|t:|1667654086\n|switch|p2a: Landorus|Landorus-Therian, M|100\/100\n|-ability|p2a: Landorus|Intimidate|boost\n|-unboost|p1a: EL MUCHACHO|atk|1\n|move|p1a: EL MUCHACHO|U-turn|p2a: Landorus\n|-resisted|p2a: Landorus\n|-damage|p2a: Landorus|93\/100\n|\n|t:|1667654090\n|switch|p1a: LE COLONEL|Crawdaunt, F|88\/100|[from]move: U-turn\n|-damage|p1a: LE COLONEL|76\/100|[from] Stealth Rock\n|\n|upkeep\n|turn|23\n|\n|t:|1667654097\n|switch|p2a: Mawile|Mawile-Mega, F|100\/100\n|move|p1a: LE COLONEL|Aqua Jet|p2a: Mawile\n|-crit|p2a: Mawile\n|-damage|p2a: Mawile|35\/100\n|\n|upkeep\n|turn|24\n|\n|t:|1667654112\n|move|p1a: LE COLONEL|Aqua Jet|p2a: Mawile\n|-damage|p2a: Mawile|0 fnt\n|faint|p2a: Mawile\n|\n|upkeep\n|\n|t:|1667654117\n|switch|p2a: Kyurem|Kyurem-Black|29\/100\n|-ability|p2a: Kyurem|Teravolt\n|turn|25\n|\n|t:|1667654138\n|move|p1a: LE COLONEL|Aqua Jet|p2a: Kyurem\n|-resisted|p2a: Kyurem\n|-damage|p2a: Kyurem|10\/100\n|move|p2a: Kyurem|Fusion Bolt|p1a: LE COLONEL\n|-supereffective|p1a: LE COLONEL\n|-damage|p1a: LE COLONEL|0 fnt\n|faint|p1a: LE COLONEL\n|\n|upkeep\n|\n|t:|1667654143\n|switch|p1a: SHARK ATTACK|Sharpedo-Mega, M|57\/100\n|-damage|p1a: SHARK ATTACK|45\/100|[from] Stealth Rock\n|turn|26\n|\n|t:|1667654147\n|-zpower|p2a: Kyurem\n|move|p2a: Kyurem|Subzero Slammer|p1a: SHARK ATTACK|[zeffect]\n|-resisted|p1a: SHARK ATTACK\n|-damage|p1a: SHARK ATTACK|0 fnt\n|faint|p1a: SHARK ATTACK\n|\n|upkeep\n|\n|t:|1667654149\n|switch|p1a: EL MUCHACHO|Landorus-Therian, M|69\/100\n|-damage|p1a: EL MUCHACHO|57\/100|[from] Stealth Rock\n|-ability|p1a: EL MUCHACHO|Intimidate|boost\n|-unboost|p2a: Kyurem|atk|1\n|turn|27\n|\n|t:|1667654151\n|move|p2a: Kyurem|Ice Beam|p1a: EL MUCHACHO\n|-supereffective|p1a: EL MUCHACHO\n|-damage|p1a: EL MUCHACHO|0 fnt\n|faint|p1a: EL MUCHACHO\n|\n|win|Ojczul Rassiak\n|c|\u2606Ojczul Rassiak|gg\n","uploadtime":1667654152,"views":14,"p1id":"faygos","p2id":"ojczulrassiak","formatid":"gen7ou","rating":0,"private":0,"password":null}