{"id":"smogtours-gen7pickyourteamrandombattle-655775","p1":"Buhrito","p2":"MANNAT","format":"gen7pickyourteamrandombattle","log":"|inactive|Battle timer is ON: inactive players will automatically lose when time's up.\n|t:|1665974285\n|gametype|singles\n|player|p1|Buhrito|101|\n|player|p2|MANNAT|#scl2foxes|\n|teamsize|p1|12\n|teamsize|p2|12\n|gen|7\n|tier|[Gen 7] Pick-Your-Team Random Battle\n|rule|Sleep Clause Mod: Limit one foe put to sleep\n|rule|HP Percentage Mod: HP is shown in percentages\n|rule|Mega Rayquaza Clause: You cannot mega evolve Rayquaza\n|clearpoke\n|poke|p1|Dodrio, L88, M|item\n|poke|p1|Aurorus, L88, F|item\n|poke|p1|Klinklang, L86|item\n|poke|p1|Infernape, L82, M|item\n|poke|p1|Thundurus, L82, M|item\n|poke|p1|Amoonguss, L82, M|item\n|poke|p1|Tyranitar, L80, F|item\n|poke|p1|Floette-Eternal, L80, F|item\n|poke|p1|Galvantula, L84, F|item\n|poke|p1|Sigilyph, L86, M|item\n|poke|p1|Lycanroc-Midnight, L88, M|item\n|poke|p1|Mightyena, L88, F|item\n|poke|p2|Pheromosa, L76|item\n|poke|p2|Tropius, L88, F|item\n|poke|p2|Escavalier, L84, M|item\n|poke|p2|Delphox, L86, F|item\n|poke|p2|Necrozma, L84|item\n|poke|p2|Bisharp, L82, M|item\n|poke|p2|Blacephalon, L80|item\n|poke|p2|Manectric, L82, M|item\n|poke|p2|Victreebel, L88, F|item\n|poke|p2|Claydol, L88|item\n|poke|p2|Basculin-Blue-Striped, L88, F|item\n|poke|p2|Giratina-Origin, L76|item\n|teampreview|6\n|c|+Tace|wtf is this format\n|c|\u2606Buhrito|the goat format\n|inactive|Buhrito has 270 seconds left.\n|inactive|MANNAT has 270 seconds left.\n|\n|t:|1665974340\n|start\n|switch|p1a: Galvantula|Galvantula, L84, F|255\/255\n|switch|p2a: Pheromosa|Pheromosa, L76|233\/233\n|turn|1\n|\n|t:|1665974348\n|move|p2a: Pheromosa|Ice Beam|p1a: Galvantula\n|-damage|p1a: Galvantula|132\/255\n|-damage|p2a: Pheromosa|210\/233|[from] item: Life Orb\n|move|p1a: Galvantula|Thunder|p2a: Pheromosa\n|-damage|p2a: Pheromosa|0 fnt\n|faint|p2a: Pheromosa\n|\n|upkeep\n|\n|t:|1665974352\n|switch|p2a: Manectric|Manectric, L82, M|248\/248\n|turn|2\n|\n|t:|1665974359\n|switch|p1a: Tyranitar|Tyranitar, L80, F|291\/291\n|-weather|Sandstorm|[from] ability: Sand Stream|[of] p1a: Tyranitar\n|detailschange|p2a: Manectric|Manectric-Mega, L82, M\n|-mega|p2a: Manectric|Manectric|Manectite\n|-ability|p2a: Manectric|Intimidate|boost\n|-unboost|p1a: Tyranitar|atk|1\n|move|p2a: Manectric|Overheat|p1a: Tyranitar\n|-resisted|p1a: Tyranitar\n|-damage|p1a: Tyranitar|258\/291\n|-unboost|p2a: Manectric|spa|2\n|\n|-weather|Sandstorm|[upkeep]\n|-damage|p2a: Manectric|233\/248|[from] Sandstorm\n|upkeep\n|turn|3\n|\n|t:|1665974366\n|detailschange|p1a: Tyranitar|Tyranitar-Mega, L80, F\n|-mega|p1a: Tyranitar|Tyranitar|Tyranitarite\n|move|p2a: Manectric|Volt Switch|p1a: Tyranitar\n|-damage|p1a: Tyranitar|230\/291\n|\n|t:|1665974371\n|switch|p2a: Bisharp|Bisharp, L82, M|241\/241\n|move|p1a: Tyranitar|Crunch|p2a: Bisharp\n|-resisted|p2a: Bisharp\n|-damage|p2a: Bisharp|202\/241\n|\n|-weather|Sandstorm|[upkeep]\n|upkeep\n|turn|4\n|\n|t:|1665974379\n|switch|p1a: Amoonguss|Amoonguss, L82, M|321\/321\n|move|p2a: Bisharp|Low Kick|p1a: Amoonguss\n|-resisted|p1a: Amoonguss\n|-damage|p1a: Amoonguss|302\/321\n|\n|-weather|Sandstorm|[upkeep]\n|-damage|p1a: Amoonguss|282\/321|[from] Sandstorm\n|-heal|p1a: Amoonguss|302\/321|[from] item: Black Sludge\n|upkeep\n|turn|5\n|\n|t:|1665974383\n|switch|p2a: Necrozma|Necrozma, L84|300\/300\n|move|p1a: Amoonguss|Spore|p2a: Necrozma\n|-status|p2a: Necrozma|slp|[from] move: Spore\n|\n|-weather|Sandstorm|[upkeep]\n|-damage|p2a: Necrozma|282\/300 slp|[from] Sandstorm\n|-damage|p1a: Amoonguss|282\/321|[from] Sandstorm\n|-heal|p1a: Amoonguss|302\/321|[from] item: Black Sludge\n|upkeep\n|turn|6\n|\n|t:|1665974387\n|cant|p2a: Necrozma|slp\n|move|p1a: Amoonguss|Foul Play|p2a: Necrozma\n|-supereffective|p2a: Necrozma\n|-damage|p2a: Necrozma|203\/300 slp\n|\n|-weather|none\n|-heal|p1a: Amoonguss|321\/321|[from] item: Black Sludge\n|upkeep\n|turn|7\n|\n|t:|1665974407\n|switch|p2a: Bisharp|Bisharp, L82, M|202\/241\n|switch|p1a: Galvantula|Galvantula, L84, F|132\/255\n|\n|upkeep\n|turn|8\n|\n|t:|1665974411\n|switch|p1a: Infernape|Infernape, L82, M|259\/259\n|move|p2a: Bisharp|Sucker Punch||[still]\n|-fail|p2a: Bisharp\n|\n|upkeep\n|turn|9\n|\n|t:|1665974417\n|switch|p2a: Giratina|Giratina-Origin, L76|353\/353\n|move|p1a: Infernape|Fire Blast|p2a: Giratina\n|-resisted|p2a: Giratina\n|-damage|p2a: Giratina|271\/353\n|-damage|p1a: Infernape|234\/259|[from] item: Life Orb\n|\n|upkeep\n|turn|10\n|\n|t:|1665974428\n|switch|p1a: Dodrio|Dodrio, L88, M|249\/249\n|move|p2a: Giratina|Will-O-Wisp|p1a: Dodrio\n|-status|p1a: Dodrio|brn\n|\n|-damage|p1a: Dodrio|234\/249 brn|[from] brn\n|upkeep\n|turn|11\n|\n|t:|1665974439\n|move|p1a: Dodrio|Brave Bird|p2a: Giratina\n|-damage|p2a: Giratina|174\/353\n|-damage|p1a: Dodrio|202\/249 brn|[from] Recoil\n|-damage|p1a: Dodrio|178\/249 brn|[from] item: Life Orb\n|move|p2a: Giratina|Draco Meteor|p1a: Dodrio\n|-damage|p1a: Dodrio|0 fnt\n|-unboost|p2a: Giratina|spa|2\n|faint|p1a: Dodrio\n|\n|upkeep\n|\n|t:|1665974444\n|switch|p1a: Floette|Floette-Eternal, L80, F|250\/250\n|turn|12\n|\n|t:|1665974449\n|switch|p2a: Delphox|Delphox, L86, F|269\/269\n|move|p1a: Floette|Moonblast|p2a: Delphox\n|-resisted|p2a: Delphox\n|-damage|p2a: Delphox|222\/269\n|\n|upkeep\n|turn|13\n|\n|t:|1665974462\n|switch|p1a: Galvantula|Galvantula, L84, F|132\/255\n|move|p2a: Delphox|Grass Knot|p1a: Galvantula\n|-resisted|p1a: Galvantula\n|-damage|p1a: Galvantula|103\/255\n|-damage|p2a: Delphox|196\/269|[from] item: Life Orb\n|\n|upkeep\n|turn|14\n|\n|t:|1665974469\n|switch|p2a: Manectric|Manectric-Mega, L82, M|233\/248\n|-ability|p2a: Manectric|Intimidate|boost\n|-unboost|p1a: Galvantula|atk|1\n|move|p1a: Galvantula|Bug Buzz|p2a: Manectric\n|-damage|p2a: Manectric|86\/248\n|\n|upkeep\n|turn|15\n|\n|t:|1665974474\n|switch|p1a: Tyranitar|Tyranitar-Mega, L80, F|230\/291\n|-weather|Sandstorm|[from] ability: Sand Stream|[of] p1a: Tyranitar\n|move|p2a: Manectric|Hidden Power|p1a: Tyranitar\n|-supereffective|p1a: Tyranitar\n|-damage|p1a: Tyranitar|170\/291\n|\n|-weather|Sandstorm|[upkeep]\n|-damage|p2a: Manectric|71\/248|[from] Sandstorm\n|upkeep\n|turn|16\n|\n|t:|1665974479\n|move|p2a: Manectric|Volt Switch|p1a: Tyranitar\n|-damage|p1a: Tyranitar|121\/291\n|\n|t:|1665974487\n|switch|p2a: Giratina|Giratina-Origin, L76|174\/353\n|move|p1a: Tyranitar|Earthquake|p2a: Giratina\n|-immune|p2a: Giratina|[from] ability: Levitate\n|\n|-weather|Sandstorm|[upkeep]\n|-damage|p2a: Giratina|152\/353|[from] Sandstorm\n|upkeep\n|turn|17\n|\n|t:|1665974493\n|switch|p2a: Manectric|Manectric-Mega, L82, M|71\/248\n|-ability|p2a: Manectric|Intimidate|boost\n|-unboost|p1a: Tyranitar|atk|1\n|switch|p1a: Amoonguss|Amoonguss, L82, M|321\/321\n|\n|-weather|Sandstorm|[upkeep]\n|-damage|p2a: Manectric|56\/248|[from] Sandstorm\n|-damage|p1a: Amoonguss|301\/321|[from] Sandstorm\n|-heal|p1a: Amoonguss|321\/321|[from] item: Black Sludge\n|upkeep\n|turn|18\n|\n|t:|1665974496\n|move|p2a: Manectric|Overheat|p1a: Amoonguss\n|-supereffective|p1a: Amoonguss\n|-damage|p1a: Amoonguss|73\/321\n|-unboost|p2a: Manectric|spa|2\n|move|p1a: Amoonguss|Giga Drain|p2a: Manectric\n|-damage|p2a: Manectric|0 fnt\n|-heal|p1a: Amoonguss|101\/321|[from] drain|[of] p2a: Manectric\n|faint|p2a: Manectric\n|\n|-weather|Sandstorm|[upkeep]\n|-damage|p1a: Amoonguss|81\/321|[from] Sandstorm\n|-heal|p1a: Amoonguss|101\/321|[from] item: Black Sludge\n|upkeep\n|\n|t:|1665974499\n|switch|p2a: Bisharp|Bisharp, L82, M|202\/241\n|turn|19\n|\n|t:|1665974505\n|switch|p1a: Galvantula|Galvantula, L84, F|103\/255\n|move|p2a: Bisharp|Knock Off|p1a: Galvantula\n|-damage|p1a: Galvantula|0 fnt\n|-enditem|p1a: Galvantula|Choice Specs|[from] move: Knock Off|[of] p2a: Bisharp\n|faint|p1a: Galvantula\n|\n|-weather|none\n|upkeep\n|\n|t:|1665974507\n|switch|p1a: Floette|Floette-Eternal, L80, F|250\/250\n|turn|20\n|\n|t:|1665974514\n|switch|p1a: Infernape|Infernape, L82, M|234\/259\n|move|p2a: Bisharp|Iron Head|p1a: Infernape\n|-resisted|p1a: Infernape\n|-damage|p1a: Infernape|178\/259\n|\n|upkeep\n|turn|21\n|\n|t:|1665974521\n|switch|p2a: Giratina|Giratina-Origin, L76|152\/353\n|move|p1a: Infernape|Nasty Plot|p1a: Infernape\n|-boost|p1a: Infernape|spa|2\n|\n|upkeep\n|turn|22\n|\n|t:|1665974527\n|move|p1a: Infernape|Fire Blast|p2a: Giratina\n|-resisted|p2a: Giratina\n|-damage|p2a: Giratina|0 fnt\n|faint|p2a: Giratina\n|-damage|p1a: Infernape|153\/259|[from] item: Life Orb\n|\n|upkeep\n|\n|t:|1665974531\n|switch|p2a: Delphox|Delphox, L86, F|196\/269\n|turn|23\n|\n|t:|1665974539\n|move|p2a: Delphox|Psyshock|p1a: Infernape\n|-supereffective|p1a: Infernape\n|-damage|p1a: Infernape|0 fnt\n|faint|p1a: Infernape\n|-damage|p2a: Delphox|170\/269|[from] item: Life Orb\n|\n|upkeep\n|\n|t:|1665974547\n|switch|p1a: Tyranitar|Tyranitar-Mega, L80, F|121\/291\n|-weather|Sandstorm|[from] ability: Sand Stream|[of] p1a: Tyranitar\n|turn|24\n|\n|t:|1665974552\n|switch|p2a: Necrozma|Necrozma, L84|203\/300 slp\n|move|p1a: Tyranitar|Earthquake|p2a: Necrozma\n|-crit|p2a: Necrozma\n|-damage|p2a: Necrozma|65\/300 slp\n|\n|-weather|Sandstorm|[upkeep]\n|-damage|p2a: Necrozma|47\/300 slp|[from] Sandstorm\n|upkeep\n|turn|25\n|\n|t:|1665974556\n|cant|p2a: Necrozma|slp\n|move|p1a: Tyranitar|Earthquake|p2a: Necrozma\n|-damage|p2a: Necrozma|0 fnt\n|faint|p2a: Necrozma\n|\n|-weather|Sandstorm|[upkeep]\n|upkeep\n|\n|t:|1665974560\n|switch|p2a: Bisharp|Bisharp, L82, M|202\/241\n|turn|26\n|\n|t:|1665974571\n|switch|p1a: Amoonguss|Amoonguss, L82, M|208\/321\n|move|p2a: Bisharp|Iron Head|p1a: Amoonguss\n|-damage|p1a: Amoonguss|88\/321\n|\n|-weather|Sandstorm|[upkeep]\n|-damage|p1a: Amoonguss|68\/321|[from] Sandstorm\n|-heal|p1a: Amoonguss|88\/321|[from] item: Black Sludge\n|upkeep\n|turn|27\n|\n|t:|1665974578\n|switch|p1a: Tyranitar|Tyranitar-Mega, L80, F|121\/291\n|move|p2a: Bisharp|Iron Head|p1a: Tyranitar\n|-supereffective|p1a: Tyranitar\n|-damage|p1a: Tyranitar|0 fnt\n|faint|p1a: Tyranitar\n|\n|-weather|Sandstorm|[upkeep]\n|upkeep\n|\n|t:|1665974579\n|switch|p1a: Amoonguss|Amoonguss, L82, M|195\/321\n|turn|28\n|\n|t:|1665974582\n|switch|p2a: Delphox|Delphox, L86, F|170\/269\n|move|p1a: Amoonguss|Spore|p2a: Delphox\n|-status|p2a: Delphox|slp|[from] move: Spore\n|\n|-weather|none\n|-heal|p1a: Amoonguss|215\/321|[from] item: Black Sludge\n|upkeep\n|turn|29\n|\n|t:|1665974586\n|switch|p2a: Bisharp|Bisharp, L82, M|202\/241\n|move|p1a: Amoonguss|Foul Play|p2a: Bisharp\n|-resisted|p2a: Bisharp\n|-damage|p2a: Bisharp|165\/241\n|\n|-heal|p1a: Amoonguss|235\/321|[from] item: Black Sludge\n|upkeep\n|turn|30\n|\n|t:|1665974590\n|move|p2a: Bisharp|Knock Off|p1a: Amoonguss\n|-damage|p1a: Amoonguss|84\/321\n|-enditem|p1a: Amoonguss|Black Sludge|[from] move: Knock Off|[of] p2a: Bisharp\n|move|p1a: Amoonguss|Giga Drain|p2a: Bisharp\n|-resisted|p2a: Bisharp\n|-damage|p2a: Bisharp|135\/241\n|-heal|p1a: Amoonguss|99\/321|[from] drain|[of] p2a: Bisharp\n|\n|upkeep\n|turn|31\n|\n|t:|1665974594\n|move|p2a: Bisharp|Iron Head|p1a: Amoonguss\n|-damage|p1a: Amoonguss|0 fnt\n|faint|p1a: Amoonguss\n|\n|upkeep\n|\n|t:|1665974596\n|switch|p1a: Floette|Floette-Eternal, L80, F|250\/250\n|turn|32\n|\n|t:|1665974598\n|move|p1a: Floette|Moonblast|p2a: Bisharp\n|-damage|p2a: Bisharp|35\/241\n|-unboost|p2a: Bisharp|spa|1\n|-ability|p2a: Bisharp|Defiant|boost\n|-boost|p2a: Bisharp|atk|2\n|move|p2a: Bisharp|Iron Head|p1a: Floette\n|-supereffective|p1a: Floette\n|-damage|p1a: Floette|0 fnt\n|faint|p1a: Floette\n|\n|win|MANNAT\n","inputlog":">version 0e1aa9fa4530bfbca2a69a5ca71e1e6cf25eb697\n>start {\"formatid\":\"gen7pickyourteamrandombattle\",\"seed\":[44228,28662,10402,53212]}\n>player p1 {\"name\":\"Buhrito\",\"avatar\":\"101\",\"rating\":0,\"seed\":[57079,47336,9257,10792]}\n>player p2 {\"name\":\"MANNAT\",\"avatar\":\"#scl2foxes\",\"rating\":0,\"seed\":[48567,24544,23254,2101]}\n>chat +Tace|wtf is this format\n>chat \u2606Buhrito|the goat format\n>p1 team 9, 4, 6, 7, 1, 8\n>p2 team 1, 5, 12, 8, 6, 4\n>p1 move thunder\n>p2 move icebeam\n>p2 switch 4\n>p1 switch 4\n>p2 move overheat mega\n>p1 move crunch mega\n>p2 move voltswitch\n>p2 switch 5\n>p1 switch 3\n>p2 move lowkick\n>p1 move spore\n>p2 switch 2\n>p1 move foulplay\n>p2 move photongeyser\n>p1 switch 4\n>p2 switch 2\n>p1 switch 2\n>p2 move suckerpunch\n>p1 move fireblast\n>p2 switch 3\n>p1 switch 5\n>p2 move willowisp\n>p1 move bravebird\n>p2 move dracometeor\n>p1 switch 6\n>p1 move moonblast\n>p2 switch 6\n>p1 switch 2\n>p2 move grassknot\n>p1 move bugbuzz\n>p2 switch 5\n>p1 switch 3\n>p2 move hiddenpower\n>p1 move earthquake\n>p2 move voltswitch\n>p2 switch 6\n>p1 switch 4\n>p2 switch 6\n>p1 move gigadrain\n>p2 move overheat\n>p2 switch 3\n>p1 switch 3\n>p2 move knockoff\n>p1 switch 2\n>p1 switch 5\n>p2 move ironhead\n>p1 move nastyplot\n>p2 switch 6\n>p1 move fireblast\n>p2 move earthquake\n>p2 switch 5\n>p1 move fireblast\n>p2 move psyshock\n>p1 switch 4\n>p1 move earthquake\n>p2 switch 2\n>p1 move earthquake\n>p2 move photongeyser zmove\n>p2 switch 6\n>p1 switch 3\n>p2 move ironhead\n>p1 switch 3\n>p2 move ironhead\n>p1 switch 3\n>p1 move spore\n>p2 switch 2\n>p1 move foulplay\n>p2 switch 2\n>p1 move gigadrain\n>p2 move knockoff\n>p1 move foulplay\n>p2 move ironhead\n>p1 switch 5\n>p1 move moonblast\n>p2 move ironhead","uploadtime":1665974599,"views":6,"p1id":"buhrito","p2id":"mannat","formatid":"gen7pickyourteamrandombattle","rating":0,"private":0,"password":null}