{"id":"smogtours-gen7ou-650160","p1":"Mihowk","p2":"NeoNaruto\u00ae++","format":"gen7ou","log":"|inactive|Battle timer is ON: inactive players will automatically lose when time's up.\n|t:|1664024958\n|gametype|singles\n|player|p1|Mihowk|#mihowk|\n|player|p2|NeoNaruto\u00ae++|burglar-gen1rb|\n|teamsize|p1|6\n|teamsize|p2|6\n|gen|7\n|tier|[Gen 7] OU\n|rule|Sleep Clause Mod: Limit one foe put to sleep\n|rule|Species Clause: Limit one of each Pok\u00e9mon\n|rule|OHKO Clause: OHKO moves are banned\n|rule|Moody Clause: Moody is banned\n|rule|Evasion Items Clause: Evasion items are banned\n|rule|Evasion Moves Clause: Evasion moves are banned\n|rule|Endless Battle Clause: Forcing endless battles is banned\n|rule|HP Percentage Mod: HP is shown in percentages\n|clearpoke\n|poke|p1|Gyarados, F|item\n|poke|p1|Excadrill, F|item\n|poke|p1|Tapu Koko|item\n|poke|p1|Kommo-o, M|item\n|poke|p1|Volcarona, M|item\n|poke|p1|Latias, F|item\n|poke|p2|Staraptor, F|item\n|poke|p2|Alakazam, F|item\n|poke|p2|Dragonite, F|item\n|poke|p2|Magnezone|item\n|poke|p2|Tapu Fini|item\n|poke|p2|Landorus-Therian, M|item\n|teampreview\n|inactive|NeoNaruto\u00ae++ also wants the timer to be on.\n|c|\u2606Mihowk|hf\n|c|\u2606NeoNaruto\u00ae++|hf\n|inactive|Mihowk has 270 seconds left.\n|\n|t:|1664025006\n|start\n|switch|p1a: Excadrill|Excadrill, F|100\/100\n|switch|p2a: Bernie Landers|Landorus-Therian, M|100\/100\n|-ability|p1a: Excadrill|Mold Breaker\n|-ability|p2a: Bernie Landers|Intimidate|boost\n|-unboost|p1a: Excadrill|atk|1\n|turn|1\n|\n|t:|1664025018\n|move|p1a: Excadrill|Stealth Rock|p2a: Bernie Landers\n|-sidestart|p2: NeoNaruto\u00ae++|move: Stealth Rock\n|move|p2a: Bernie Landers|Earthquake|p1a: Excadrill\n|-supereffective|p1a: Excadrill\n|-enditem|p1a: Excadrill|Focus Sash\n|-damage|p1a: Excadrill|1\/100\n|\n|upkeep\n|turn|2\n|\n|t:|1664025024\n|move|p1a: Excadrill|Rapid Spin|p2a: Bernie Landers\n|-damage|p2a: Bernie Landers|96\/100\n|move|p2a: Bernie Landers|Stealth Rock|p1a: Excadrill\n|-sidestart|p1: Mihowk|move: Stealth Rock\n|\n|upkeep\n|turn|3\n|\n|t:|1664025026\n|move|p1a: Excadrill|Rapid Spin|p2a: Bernie Landers\n|-damage|p2a: Bernie Landers|92\/100\n|-sideend|p1: Mihowk|Stealth Rock|[from] move: Rapid Spin|[of] p1a: Excadrill\n|move|p2a: Bernie Landers|U-turn|p1a: Excadrill\n|-resisted|p1a: Excadrill\n|-damage|p1a: Excadrill|0 fnt\n|faint|p1a: Excadrill\n|\n|t:|1664025029\n|switch|p2a: OH SHIT HE USED|Alakazam, F|100\/100|[from]move: U-turn\n|\n|upkeep\n|inactive|Mihowk has 270 seconds left.\n|inactive|Mihowk has 240 seconds left.\n|\n|t:|1664025097\n|switch|p1a: Tapu Koko|Tapu Koko|100\/100\n|-fieldstart|move: Electric Terrain|[from] ability: Electric Surge|[of] p1a: Tapu Koko\n|turn|4\n|\n|t:|1664025100\n|switch|p2a: KRXXK|Magnezone|100\/100\n|-damage|p2a: KRXXK|94\/100|[from] Stealth Rock\n|move|p1a: Tapu Koko|Light Screen|p1a: Tapu Koko\n|-sidestart|p1: Mihowk|move: Light Screen\n|\n|upkeep\n|turn|5\n|inactive|Mihowk has 240 seconds left.\n|\n|t:|1664025117\n|move|p1a: Tapu Koko|U-turn|p2a: KRXXK\n|-resisted|p2a: KRXXK\n|-damage|p2a: KRXXK|87\/100\n|inactive|Mihowk has 240 seconds left.\n|\n|t:|1664025128\n|switch|p1a: Volcarona|Volcarona, M|100\/100|[from]move: U-turn\n|move|p2a: KRXXK|Volt Switch|p1a: Volcarona\n|-damage|p1a: Volcarona|59\/100\n|\n|t:|1664025135\n|switch|p2a: Bird Jesus|Staraptor, F, shiny|100\/100|[from]move: Volt Switch\n|-damage|p2a: Bird Jesus|76\/100|[from] Stealth Rock\n|\n|upkeep\n|turn|6\n|\n|t:|1664025142\n|switch|p1a: Tapu Koko|Tapu Koko|100\/100\n|move|p2a: Bird Jesus|Double-Edge|p1a: Tapu Koko\n|-damage|p1a: Tapu Koko|0 fnt\n|faint|p1a: Tapu Koko\n|-damage|p2a: Bird Jesus|39\/100|[from] Recoil\n|\n|upkeep\n|inactive|Mihowk has 240 seconds left.\n|\n|t:|1664025166\n|switch|p1a: Latias|Latias, F|100\/100\n|turn|7\n|\n|t:|1664025187\n|move|p1a: Latias|Ice Beam|p2a: Bird Jesus\n|-supereffective|p2a: Bird Jesus\n|-damage|p2a: Bird Jesus|0 fnt\n|faint|p2a: Bird Jesus\n|\n|upkeep\n|\n|t:|1664025189\n|switch|p2a: ZORQUAX IS FREE|Tapu Fini|100\/100\n|-damage|p2a: ZORQUAX IS FREE|88\/100|[from] Stealth Rock\n|-fieldstart|move: Misty Terrain|[from] ability: Misty Surge|[of] p2a: ZORQUAX IS FREE\n|turn|8\n|inactive|Mihowk has 240 seconds left.\n|\n|t:|1664025214\n|switch|p1a: Volcarona|Volcarona, M|59\/100\n|move|p2a: ZORQUAX IS FREE|Defog|p1a: Volcarona\n|-unboost|p1a: Volcarona|evasion|1\n|-sideend|p1: Mihowk|move: Light Screen\n|-sideend|p2: NeoNaruto\u00ae++|Stealth Rock|[from] move: Defog|[of] p2a: ZORQUAX IS FREE\n|\n|-heal|p2a: ZORQUAX IS FREE|94\/100|[from] item: Leftovers\n|upkeep\n|turn|9\n|inactive|Mihowk has 240 seconds left.\n|\n|t:|1664025225\n|switch|p2a: Fat Charizard|Dragonite, F|100\/100\n|move|p1a: Volcarona|Quiver Dance|p1a: Volcarona\n|-boost|p1a: Volcarona|spa|1\n|-boost|p1a: Volcarona|spd|1\n|-boost|p1a: Volcarona|spe|1\n|\n|upkeep\n|turn|10\n|inactive|Mihowk has 240 seconds left.\n|\n|t:|1664025242\n|switch|p1a: Latias|Latias, F|100\/100\n|move|p2a: Fat Charizard|Earthquake|p1a: Latias\n|-immune|p1a: Latias|[from] ability: Levitate\n|\n|upkeep\n|turn|11\n|inactive|Mihowk has 240 seconds left.\n|\n|t:|1664025249\n|switch|p2a: KRXXK|Magnezone|87\/100\n|move|p1a: Latias|Trick||[still]\n|-fail|p1a: Latias\n|\n|upkeep\n|turn|12\n|inactive|Mihowk has 240 seconds left.\n|\n|t:|1664025267\n|switch|p1a: Volcarona|Volcarona, M|59\/100\n|move|p2a: KRXXK|Volt Switch|p1a: Volcarona\n|-damage|p1a: Volcarona|3\/100\n|\n|t:|1664025271\n|switch|p2a: OH SHIT HE USED|Alakazam, F|100\/100|[from]move: Volt Switch\n|\n|-fieldend|Misty Terrain\n|upkeep\n|turn|13\n|inactive|Mihowk has 240 seconds left.\n|\n|t:|1664025285\n|switch|p1a: Latias|Latias, F|100\/100\n|move|p2a: OH SHIT HE USED|Psychic|p1a: Latias\n|-resisted|p1a: Latias\n|-damage|p1a: Latias|83\/100\n|\n|upkeep\n|turn|14\n|inactive|Mihowk has 240 seconds left.\n|\n|t:|1664025300\n|switch|p1a: Kommo-o|Kommo-o, M|100\/100\n|switch|p2a: KRXXK|Magnezone|87\/100\n|\n|upkeep\n|turn|15\n|inactive|Mihowk has 240 seconds left.\n|\n|t:|1664025310\n|switch|p2a: ZORQUAX IS FREE|Tapu Fini|94\/100\n|-fieldstart|move: Misty Terrain|[from] ability: Misty Surge|[of] p2a: ZORQUAX IS FREE\n|move|p1a: Kommo-o|Substitute|p1a: Kommo-o\n|-start|p1a: Kommo-o|Substitute\n|-damage|p1a: Kommo-o|75\/100\n|\n|-heal|p2a: ZORQUAX IS FREE|99\/100|[from] item: Leftovers\n|upkeep\n|turn|16\n|\n|t:|1664025317\n|move|p1a: Kommo-o|Belly Drum|p1a: Kommo-o\n|-damage|p1a: Kommo-o|25\/100\n|-setboost|p1a: Kommo-o|atk|6|[from] move: Belly Drum\n|-enditem|p1a: Kommo-o|Salac Berry|[eat]\n|-boost|p1a: Kommo-o|spe|1|[from] item: Salac Berry\n|move|p2a: ZORQUAX IS FREE|Moonblast|p1a: Kommo-o\n|-supereffective|p1a: Kommo-o\n|-end|p1a: Kommo-o|Substitute\n|\n|-heal|p2a: ZORQUAX IS FREE|100\/100|[from] item: Leftovers\n|upkeep\n|turn|17\n|\n|t:|1664025323\n|switch|p2a: Bernie Landers|Landorus-Therian, M|92\/100\n|-ability|p2a: Bernie Landers|Intimidate|boost\n|-unboost|p1a: Kommo-o|atk|1\n|move|p1a: Kommo-o|Thunder Punch|p2a: Bernie Landers\n|-immune|p2a: Bernie Landers\n|\n|upkeep\n|turn|18\n|\n|t:|1664025329\n|move|p1a: Kommo-o|Drain Punch|p2a: Bernie Landers\n|-resisted|p2a: Bernie Landers\n|-damage|p2a: Bernie Landers|43\/100\n|-heal|p1a: Kommo-o|53\/100|[from] drain|[of] p2a: Bernie Landers\n|move|p2a: Bernie Landers|Earthquake|p1a: Kommo-o\n|-damage|p1a: Kommo-o|2\/100\n|\n|upkeep\n|turn|19\n|\n|t:|1664025338\n|switch|p2a: Fat Charizard|Dragonite, F|100\/100\n|move|p1a: Kommo-o|Drain Punch|p2a: Fat Charizard\n|-resisted|p2a: Fat Charizard\n|-damage|p2a: Fat Charizard|68\/100\n|-heal|p1a: Kommo-o|20\/100|[from] drain|[of] p2a: Fat Charizard\n|\n|-fieldend|Misty Terrain\n|upkeep\n|turn|20\n|inactive|Mihowk has 270 seconds left.\n|\n|t:|1664025356\n|switch|p1a: Latias|Latias, F|83\/100\n|move|p2a: Fat Charizard|Extreme Speed|p1a: Latias\n|-damage|p1a: Latias|48\/100\n|\n|upkeep\n|turn|21\n|\n|t:|1664025363\n|switch|p2a: KRXXK|Magnezone|87\/100\n|move|p1a: Latias|Healing Wish|p1a: Latias\n|faint|p1a: Latias\n|\n|upkeep\n|inactive|Mihowk has 270 seconds left.\n|inactive|Mihowk has 240 seconds left.\n|\n|t:|1664025401\n|switch|p1a: Kommo-o|Kommo-o, M|20\/100\n|-heal|p1a: Kommo-o|100\/100|[from] move: Healing Wish\n|turn|22\n|inactive|Mihowk has 240 seconds left.\n|\n|t:|1664025413\n|move|p1a: Kommo-o|Drain Punch|p2a: KRXXK\n|-supereffective|p2a: KRXXK\n|-damage|p2a: KRXXK|27\/100\n|move|p2a: KRXXK|Volt Switch|p1a: Kommo-o\n|-resisted|p1a: Kommo-o\n|-damage|p1a: Kommo-o|71\/100\n|\n|t:|1664025416\n|switch|p2a: OH SHIT HE USED|Alakazam, F|100\/100|[from]move: Volt Switch\n|\n|upkeep\n|turn|23\n|\n|t:|1664025421\n|switch|p1a: Volcarona|Volcarona, M|3\/100\n|move|p2a: OH SHIT HE USED|Psychic|p1a: Volcarona\n|-crit|p1a: Volcarona\n|-damage|p1a: Volcarona|0 fnt\n|faint|p1a: Volcarona\n|\n|upkeep\n|\n|t:|1664025423\n|switch|p1a: Gyarados|Gyarados, F|100\/100\n|-ability|p1a: Gyarados|Intimidate|boost\n|-unboost|p2a: OH SHIT HE USED|atk|1\n|turn|24\n|\n|t:|1664025433\n|switch|p1a: Kommo-o|Kommo-o, M|71\/100\n|detailschange|p2a: OH SHIT HE USED|Alakazam-Mega, F\n|-mega|p2a: OH SHIT HE USED|Alakazam|Alakazite\n|-ability|p2a: OH SHIT HE USED|Bulletproof|[from] ability: Trace|[of] p1a: Kommo-o\n|move|p2a: OH SHIT HE USED|Energy Ball|p1a: Kommo-o\n|-immune|p1a: Kommo-o|[from] ability: Bulletproof\n|\n|upkeep\n|turn|25\n|inactive|Mihowk has 270 seconds left.\n|\n|t:|1664025445\n|move|p2a: OH SHIT HE USED|Psychic|p1a: Kommo-o\n|-supereffective|p1a: Kommo-o\n|-damage|p1a: Kommo-o|0 fnt\n|faint|p1a: Kommo-o\n|\n|upkeep\n|\n|t:|1664025447\n|switch|p1a: Gyarados|Gyarados, F|100\/100\n|-ability|p1a: Gyarados|Intimidate|boost\n|-unboost|p2a: OH SHIT HE USED|atk|1\n|turn|26\n|\n|t:|1664025455\n|move|p2a: OH SHIT HE USED|Energy Ball|p1a: Gyarados\n|-damage|p1a: Gyarados|63\/100\n|move|p1a: Gyarados|Dragon Dance|p1a: Gyarados\n|-boost|p1a: Gyarados|atk|1\n|-boost|p1a: Gyarados|spe|1\n|\n|upkeep\n|turn|27\n|\n|t:|1664025471\n|switch|p2a: Bernie Landers|Landorus-Therian, M|43\/100\n|-ability|p2a: Bernie Landers|Intimidate|boost\n|-unboost|p1a: Gyarados|atk|1\n|move|p1a: Gyarados|Dragon Dance|p1a: Gyarados\n|-boost|p1a: Gyarados|atk|1\n|-boost|p1a: Gyarados|spe|1\n|\n|upkeep\n|turn|28\n|\n|t:|1664025483\n|switch|p2a: OH SHIT HE USED|Alakazam-Mega, F|100\/100\n|-ability|p2a: OH SHIT HE USED|Intimidate|[from] ability: Trace|[of] p1a: Gyarados\n|-ability|p2a: OH SHIT HE USED|Intimidate|boost\n|-unboost|p1a: Gyarados|atk|1\n|move|p1a: Gyarados|Dragon Dance|p1a: Gyarados\n|-boost|p1a: Gyarados|atk|1\n|-boost|p1a: Gyarados|spe|1\n|\n|upkeep\n|turn|29\n|\n|t:|1664025496\n|switch|p2a: Bernie Landers|Landorus-Therian, M|43\/100\n|-ability|p2a: Bernie Landers|Intimidate|boost\n|-unboost|p1a: Gyarados|atk|1\n|move|p1a: Gyarados|Dragon Dance|p1a: Gyarados\n|-boost|p1a: Gyarados|atk|1\n|-boost|p1a: Gyarados|spe|1\n|\n|upkeep\n|turn|30\n|\n|t:|1664025506\n|move|p1a: Gyarados|Dragon Dance|p1a: Gyarados\n|-boost|p1a: Gyarados|atk|1\n|-boost|p1a: Gyarados|spe|1\n|move|p2a: Bernie Landers|U-turn|p1a: Gyarados\n|-resisted|p1a: Gyarados\n|-damage|p1a: Gyarados|48\/100\n|\n|t:|1664025520\n|switch|p2a: OH SHIT HE USED|Alakazam-Mega, F|100\/100|[from]move: U-turn\n|-ability|p2a: OH SHIT HE USED|Intimidate|[from] ability: Trace|[of] p1a: Gyarados\n|-ability|p2a: OH SHIT HE USED|Intimidate|boost\n|-unboost|p1a: Gyarados|atk|1\n|\n|upkeep\n|turn|31\n|\n|t:|1664025526\n|move|p1a: Gyarados|Crunch|p2a: OH SHIT HE USED\n|-supereffective|p2a: OH SHIT HE USED\n|-damage|p2a: OH SHIT HE USED|0 fnt\n|faint|p2a: OH SHIT HE USED\n|\n|upkeep\n|\n|t:|1664025530\n|switch|p2a: ZORQUAX IS FREE|Tapu Fini|100\/100\n|-fieldstart|move: Misty Terrain|[from] ability: Misty Surge|[of] p2a: ZORQUAX IS FREE\n|turn|32\n|\n|t:|1664025533\n|move|p1a: Gyarados|Waterfall|p2a: ZORQUAX IS FREE\n|-resisted|p2a: ZORQUAX IS FREE\n|-damage|p2a: ZORQUAX IS FREE|75\/100\n|move|p2a: ZORQUAX IS FREE|Moonblast|p1a: Gyarados\n|-damage|p1a: Gyarados|18\/100\n|\n|-heal|p2a: ZORQUAX IS FREE|82\/100|[from] item: Leftovers\n|upkeep\n|turn|33\n|\n|t:|1664025538\n|move|p1a: Gyarados|Waterfall|p2a: ZORQUAX IS FREE\n|-resisted|p2a: ZORQUAX IS FREE\n|-damage|p2a: ZORQUAX IS FREE|55\/100\n|move|p2a: ZORQUAX IS FREE|Moonblast|p1a: Gyarados\n|-damage|p1a: Gyarados|0 fnt\n|faint|p1a: Gyarados\n|\n|win|NeoNaruto\u00ae++\n","uploadtime":1664025539,"views":23,"p1id":"mihowk","p2id":"neonaruto","formatid":"gen7ou","rating":0,"private":0,"password":null}