{"id":"smogtours-gen6ou-592980","p1":"lonietzzz","p2":"z0mog","format":"gen6ou","log":"|inactive|Battle timer is ON: inactive players will automatically lose when time's up.\n|t:|1636841631\n|gametype|singles\n|player|p1|lonietzzz|pokemonbreederf|\n|player|p2|z0mog|#z0mog|\n|teamsize|p1|6\n|teamsize|p2|6\n|gen|6\n|tier|[Gen 6] OU\n|rule|Sleep Clause Mod: Limit one foe put to sleep\n|rule|Species Clause: Limit one of each Pok\u00e9mon\n|rule|OHKO Clause: OHKO moves are banned\n|rule|Moody Clause: Moody is banned\n|rule|Evasion Moves Clause: Evasion moves are banned\n|rule|Endless Battle Clause: Forcing endless battles is banned\n|rule|HP Percentage Mod: HP is shown in percentages\n|rule|Swagger Clause: Swagger is banned\n|clearpoke\n|poke|p1|Magnezone|item\n|poke|p1|Medicham, M|item\n|poke|p1|Dragonite, M|item\n|poke|p1|Excadrill, M|item\n|poke|p1|Slowbro, F|item\n|poke|p1|Weavile, M|item\n|poke|p2|Shuckle, M|item\n|poke|p2|Pinsir, M|item\n|poke|p2|Hoopa|item\n|poke|p2|Manaphy|item\n|poke|p2|Bisharp, F|item\n|poke|p2|Zygarde|item\n|teampreview\n|c|\u2606z0mog|hf\n|c|\u2606lonietzzz|hfhf\n|\n|t:|1636841640\n|start\n|switch|p1a: Medicham|Medicham, M|100\/100\n|switch|p2a: Shuckle|Shuckle, M|100\/100\n|turn|1\n|\n|t:|1636841652\n|detailschange|p1a: Medicham|Medicham-Mega, M\n|-mega|p1a: Medicham|Medicham|Medichamite\n|move|p1a: Medicham|High Jump Kick|p2a: Shuckle\n|-damage|p2a: Shuckle|27\/100\n|move|p2a: Shuckle|Sticky Web|p1a: Medicham\n|-sidestart|p1: lonietzzz|move: Sticky Web\n|\n|upkeep\n|turn|2\n|-enditem|p2a: Shuckle|Custap Berry|[eat]\n|-activate|p2a: Shuckle|item: Custap Berry|[consumed]\n|\n|t:|1636841662\n|move|p2a: Shuckle|Stealth Rock|p1a: Medicham\n|-sidestart|p1: lonietzzz|move: Stealth Rock\n|move|p1a: Medicham|Zen Headbutt|p2a: Shuckle\n|-damage|p2a: Shuckle|0 fnt\n|faint|p2a: Shuckle\n|\n|upkeep\n|\n|t:|1636841664\n|switch|p2a: Hoopa|Hoopa|100\/100\n|turn|3\n|\n|t:|1636841678\n|switch|p1a: Magnezone|Magnezone|100\/100\n|-damage|p1a: Magnezone|94\/100|[from] Stealth Rock\n|-activate|p1a: Magnezone|move: Sticky Web\n|-unboost|p1a: Magnezone|spe|1\n|move|p2a: Hoopa|Shadow Ball|p1a: Magnezone\n|-damage|p1a: Magnezone|31\/100\n|\n|upkeep\n|turn|4\n|\n|t:|1636841683\n|move|p2a: Hoopa|Shadow Ball|p1a: Magnezone\n|-damage|p1a: Magnezone|0 fnt\n|faint|p1a: Magnezone\n|\n|upkeep\n|\n|t:|1636841687\n|switch|p1a: Weavile|Weavile, M|100\/100\n|-activate|p1a: Weavile|move: Sticky Web\n|-unboost|p1a: Weavile|spe|1\n|-damage|p1a: Weavile|76\/100|[from] Stealth Rock\n|-ability|p1a: Weavile|Pressure\n|turn|5\n|\n|t:|1636841702\n|move|p2a: Hoopa|Shadow Ball|p1a: Weavile\n|-resisted|p1a: Weavile\n|-damage|p1a: Weavile|46\/100\n|move|p1a: Weavile|Pursuit|p2a: Hoopa\n|-supereffective|p2a: Hoopa\n|-damage|p2a: Hoopa|0 fnt\n|faint|p2a: Hoopa\n|\n|upkeep\n|c|+ayevon|go z0mog!!!\n|\n|t:|1636841720\n|switch|p2a: Bisharp|Bisharp, F|100\/100\n|turn|6\n|c|\u2606z0mog|go where\n|c|+JOmatoes|yo\n|c|+ayevon|back where you came from \n|\n|t:|1636841743\n|switch|p1a: Medicham|Medicham-Mega, M|100\/100\n|-damage|p1a: Medicham|94\/100|[from] Stealth Rock\n|-activate|p1a: Medicham|move: Sticky Web\n|-unboost|p1a: Medicham|spe|1\n|move|p2a: Bisharp|Swords Dance|p2a: Bisharp\n|-boost|p2a: Bisharp|atk|2\n|\n|upkeep\n|turn|7\n|\n|t:|1636841748\n|move|p1a: Medicham|Fake Out|p2a: Bisharp\n|-resisted|p2a: Bisharp\n|-damage|p2a: Bisharp|85\/100\n|cant|p2a: Bisharp|flinch\n|\n|upkeep\n|turn|8\n|\n|t:|1636841751\n|move|p1a: Medicham|Bullet Punch|p2a: Bisharp\n|-resisted|p2a: Bisharp\n|-damage|p2a: Bisharp|70\/100\n|move|p2a: Bisharp|Knock Off|p1a: Medicham\n|-damage|p1a: Medicham|0 fnt\n|faint|p1a: Medicham\n|-damage|p2a: Bisharp|60\/100|[from] item: Life Orb\n|\n|upkeep\n|c|+McMeghan|didnt u sweep this matchup in the previous round too\n|\n|t:|1636841767\n|switch|p1a: Dragonite|Dragonite, M|100\/100\n|-damage|p1a: Dragonite|76\/100|[from] Stealth Rock\n|turn|9\n|c|\u2606z0mog|i think i did\n|c|\u2606z0mog|lets see if dnite is suddenly jolly\n|\n|t:|1636841782\n|move|p2a: Bisharp|Knock Off|p1a: Dragonite\n|-damage|p1a: Dragonite|0 fnt\n|-enditem|p1a: Dragonite|Lum Berry|[from] move: Knock Off|[of] p2a: Bisharp\n|faint|p1a: Dragonite\n|-damage|p2a: Bisharp|50\/100|[from] item: Life Orb\n|\n|upkeep\n|c|+CRASHINBOOMBANG|i have never once seen this team win ngl\n|\n|t:|1636841786\n|switch|p1a: Excadrill|Excadrill, M|100\/100\n|-activate|p1a: Excadrill|move: Sticky Web\n|-unboost|p1a: Excadrill|spe|1\n|-damage|p1a: Excadrill|97\/100|[from] Stealth Rock\n|-ability|p1a: Excadrill|Mold Breaker\n|turn|10\n|c|+CRASHINBOOMBANG|not in SPL nor in tour\n|\n|t:|1636841790\n|move|p2a: Bisharp|Knock Off|p1a: Excadrill\n|-damage|p1a: Excadrill|0 fnt\n|-enditem|p1a: Excadrill|Leftovers|[from] move: Knock Off|[of] p2a: Bisharp\n|faint|p1a: Excadrill\n|-damage|p2a: Bisharp|40\/100|[from] item: Life Orb\n|\n|upkeep\n|c|\u2606z0mog|his?\n|\n|t:|1636841792\n|switch|p1a: Weavile|Weavile, M|46\/100\n|-activate|p1a: Weavile|move: Sticky Web\n|-unboost|p1a: Weavile|spe|1\n|-damage|p1a: Weavile|21\/100|[from] Stealth Rock\n|-ability|p1a: Weavile|Pressure\n|turn|11\n|\n|t:|1636841796\n|move|p2a: Bisharp|Knock Off|p1a: Weavile\n|-resisted|p1a: Weavile\n|-damage|p1a: Weavile|0 fnt\n|-enditem|p1a: Weavile|Choice Band|[from] move: Knock Off|[of] p2a: Bisharp\n|faint|p1a: Weavile\n|-damage|p2a: Bisharp|30\/100|[from] item: Life Orb\n|\n|upkeep\n|c|\u2606lonietzzz|ggs\n|c|+CRASHINBOOMBANG|yea thats the one neider brought vs me in semis\n|c|\u2606z0mog|gg\n|\n|t:|1636841803\n|switch|p1a: Slowbro|Slowbro, F|100\/100\n|-activate|p1a: Slowbro|move: Sticky Web\n|-unboost|p1a: Slowbro|spe|1\n|-damage|p1a: Slowbro|88\/100|[from] Stealth Rock\n|turn|12\n|c|\u2606z0mog|oh yea\n|\n|t:|1636841806\n|move|p2a: Bisharp|Knock Off|p1a: Slowbro\n|-supereffective|p1a: Slowbro\n|-damage|p1a: Slowbro|0 fnt\n|-enditem|p1a: Slowbro|Eject Button|[from] move: Knock Off|[of] p2a: Bisharp\n|faint|p1a: Slowbro\n|-damage|p2a: Bisharp|20\/100|[from] item: Life Orb\n|\n|win|z0mog\n","uploadtime":1636841807,"views":105,"p1id":"lonietzzz","p2id":"z0mog","formatid":"gen6ou","rating":0,"private":0,"password":null}