{"id":"smogtours-gen6ou-560325","p1":"ranitidine","p2":"Rahul_3301","format":"gen6ou","log":"|inactive|Battle timer is ON: inactive players will automatically lose when time's up.\n|t:|1620585255\n|gametype|singles\n|player|p1|ranitidine|266|\n|player|p2|Rahul_3301|ghetsis|\n|teamsize|p1|6\n|teamsize|p2|6\n|gen|6\n|tier|[Gen 6] OU\n|rule|Sleep Clause Mod: Limit one foe put to sleep\n|rule|Species Clause: Limit one of each Pok\u00e9mon\n|rule|OHKO Clause: OHKO moves are banned\n|rule|Moody Clause: Moody is banned\n|rule|Evasion Moves Clause: Evasion moves are banned\n|rule|Endless Battle Clause: Forcing endless battles is banned\n|rule|HP Percentage Mod: HP is shown in percentages\n|rule|Swagger Clause: Swagger is banned\n|clearpoke\n|poke|p1|Tyranitar, M|item\n|poke|p1|Serperior, F|item\n|poke|p1|Thundurus-Therian, M|item\n|poke|p1|Landorus-Therian, M|item\n|poke|p1|Manaphy|item\n|poke|p1|Volcarona, F|item\n|poke|p2|Nidoking, M|item\n|poke|p2|Rotom-Wash|item\n|poke|p2|Scizor, F|item\n|poke|p2|Landorus-Therian, M|item\n|poke|p2|Latios, M|item\n|poke|p2|Heatran, F|item\n|teampreview\n|c|\u2606ranitidine|hf\n|c|\u2606Rahul_3301|hf\n|\n|t:|1620585285\n|start\n|switch|p1a: Landorus|Landorus-Therian, M|100\/100\n|switch|p2a: A Heartbeat Away|Landorus-Therian, M|100\/100\n|-ability|p2a: A Heartbeat Away|Intimidate|boost\n|-unboost|p1a: Landorus|atk|1\n|-ability|p1a: Landorus|Intimidate|boost\n|-unboost|p2a: A Heartbeat Away|atk|1\n|turn|1\n|\n|t:|1620585296\n|move|p2a: A Heartbeat Away|U-turn|p1a: Landorus\n|-resisted|p1a: Landorus\n|-damage|p1a: Landorus|91\/100\n|\n|t:|1620585299\n|switch|p2a: Back2You|Rotom-Wash|100\/100|[from]move: U-turn\n|move|p1a: Landorus|Imprison|p1a: Landorus\n|-start|p1a: Landorus|move: Imprison\n|\n|upkeep\n|turn|2\n|\n|t:|1620585311\n|move|p1a: Landorus|Stealth Rock|p2a: Back2You\n|-sidestart|p2: Rahul_3301|move: Stealth Rock\n|move|p2a: Back2You|Hydro Pump|p1a: Landorus\n|-supereffective|p1a: Landorus\n|-damage|p1a: Landorus|0 fnt\n|faint|p1a: Landorus\n|\n|upkeep\n|\n|t:|1620585326\n|switch|p1a: Serperior|Serperior, F|100\/100\n|turn|3\n|\n|t:|1620585344\n|switch|p2a: The Girl|Heatran, F|100\/100\n|-damage|p2a: The Girl|88\/100|[from] Stealth Rock\n|move|p1a: Serperior|Light Screen|p1a: Serperior\n|-sidestart|p1: ranitidine|move: Light Screen\n|\n|upkeep\n|turn|4\n|\n|t:|1620585351\n|move|p1a: Serperior|Taunt|p2a: The Girl\n|-start|p2a: The Girl|move: Taunt\n|cant|p2a: The Girl|move: Taunt|Stealth Rock\n|\n|upkeep\n|turn|5\n|\n|t:|1620585354\n|move|p1a: Serperior|Reflect|p1a: Serperior\n|-sidestart|p1: ranitidine|Reflect\n|move|p2a: The Girl|Magma Storm|p1a: Serperior\n|-supereffective|p1a: Serperior\n|-damage|p1a: Serperior|46\/100\n|-activate|p1a: Serperior|move: Magma Storm|[of] p2a: The Girl\n|\n|-damage|p1a: Serperior|34\/100|[from] move: Magma Storm|[partiallytrapped]\n|upkeep\n|turn|6\n|\n|t:|1620585360\n|move|p1a: Serperior|Leaf Storm|p2a: The Girl\n|-resisted|p2a: The Girl\n|-damage|p2a: The Girl|80\/100\n|-boost|p1a: Serperior|spa|2\n|move|p2a: The Girl|Magma Storm|p1a: Serperior\n|-supereffective|p1a: Serperior\n|-damage|p1a: Serperior|0 fnt\n|faint|p1a: Serperior\n|\n|-end|p2a: The Girl|move: Taunt\n|upkeep\n|\n|t:|1620585366\n|switch|p1a: Volcarona|Volcarona, F|100\/100\n|turn|7\n|\n|t:|1620585374\n|switch|p2a: A Heartbeat Away|Landorus-Therian, M|100\/100\n|-damage|p2a: A Heartbeat Away|88\/100|[from] Stealth Rock\n|-ability|p2a: A Heartbeat Away|Intimidate|boost\n|-unboost|p1a: Volcarona|atk|1\n|move|p1a: Volcarona|Quiver Dance|p1a: Volcarona\n|-boost|p1a: Volcarona|spa|1\n|-boost|p1a: Volcarona|spd|1\n|-boost|p1a: Volcarona|spe|1\n|\n|upkeep\n|turn|8\n|\n|t:|1620585384\n|move|p2a: A Heartbeat Away|Stone Edge|p1a: Volcarona|[miss]\n|-miss|p2a: A Heartbeat Away|p1a: Volcarona\n|move|p1a: Volcarona|Quiver Dance|p1a: Volcarona\n|-boost|p1a: Volcarona|spa|1\n|-boost|p1a: Volcarona|spd|1\n|-boost|p1a: Volcarona|spe|1\n|\n|upkeep\n|turn|9\n|\n|t:|1620585390\n|move|p1a: Volcarona|Flamethrower|p2a: A Heartbeat Away\n|-damage|p2a: A Heartbeat Away|0 fnt\n|faint|p2a: A Heartbeat Away\n|\n|upkeep\n|c|\u2606Rahul_3301|welp\n|\n|t:|1620585400\n|switch|p2a: Love You Now|Latios, M|100\/100\n|-damage|p2a: Love You Now|88\/100|[from] Stealth Rock\n|turn|10\n|\n|t:|1620585407\n|move|p1a: Volcarona|Flamethrower|p2a: Love You Now\n|-resisted|p2a: Love You Now\n|-damage|p2a: Love You Now|34\/100\n|move|p2a: Love You Now|Calm Mind|p2a: Love You Now\n|-boost|p2a: Love You Now|spa|1\n|-boost|p2a: Love You Now|spd|1\n|\n|-sideend|p1: ranitidine|move: Light Screen\n|upkeep\n|turn|11\n|c|\u2606ranitidine|rip\n|\n|t:|1620585412\n|move|p1a: Volcarona|Flamethrower|p2a: Love You Now\n|-resisted|p2a: Love You Now\n|-damage|p2a: Love You Now|0 fnt\n|faint|p2a: Love You Now\n|\n|upkeep\n|\n|t:|1620585416\n|switch|p2a: Back2You|Rotom-Wash|100\/100\n|-damage|p2a: Back2You|88\/100|[from] Stealth Rock\n|turn|12\n|\n|t:|1620585418\n|move|p1a: Volcarona|Giga Drain|p2a: Back2You\n|-supereffective|p2a: Back2You\n|-damage|p2a: Back2You|0 fnt\n|faint|p2a: Back2You\n|\n|-sideend|p1: ranitidine|Reflect\n|upkeep\n|c|\u2606Rahul_3301|yeah\n|c|\u2606Rahul_3301|gg\n|c|\u2606ranitidine|mb for miss\n|c|\u2606ranitidine|gg\n|c|\u2606Rahul_3301|nw\n|-message|Rahul_3301 forfeited.\n|\n|win|ranitidine\n","uploadtime":1620585437,"views":32,"p1id":"ranitidine","p2id":"rahul3301","formatid":"gen6ou","rating":0,"private":0,"password":null}