{"id":"smogtours-gen6ou-649970","p1":"EVERYOPPSHOT","p2":"CRASHINBOOMBANG","format":"gen6ou","log":"|inactive|Battle timer is ON: inactive players will automatically lose when time's up.\n|t:|1663957176\n|gametype|singles\n|player|p1|EVERYOPPSHOT|wallace-gen3|\n|player|p2|CRASHINBOOMBANG|#splxiiisharks|\n|teamsize|p1|6\n|teamsize|p2|6\n|gen|6\n|tier|[Gen 6] OU\n|rule|Sleep Clause Mod: Limit one foe put to sleep\n|rule|Species Clause: Limit one of each Pok\u00e9mon\n|rule|OHKO Clause: OHKO moves are banned\n|rule|Moody Clause: Moody is banned\n|rule|Evasion Items Clause: Evasion items are banned\n|rule|Evasion Moves Clause: Evasion moves are banned\n|rule|Endless Battle Clause: Forcing endless battles is banned\n|rule|HP Percentage Mod: HP is shown in percentages\n|rule|Swagger Clause: Swagger is banned\n|clearpoke\n|poke|p1|Dragalge, M|item\n|poke|p1|Bisharp, M|item\n|poke|p1|Landorus-Therian, M|item\n|poke|p1|Manectric, F|item\n|poke|p1|Suicune|item\n|poke|p1|Garchomp, M|item\n|poke|p2|Scizor, F|item\n|poke|p2|Volcanion|item\n|poke|p2|Terrakion|item\n|poke|p2|Raikou|item\n|poke|p2|Zoroark, F|item\n|poke|p2|Togekiss, M|item\n|teampreview\n|c|\u2606CRASHINBOOMBANG|HF\n|c|\u2606EVERYOPPSHOT|u2\n|inactive|CRASHINBOOMBANG has 270 seconds left.\n|inactive|CRASHINBOOMBANG has 240 seconds left.\n|\n|t:|1663957249\n|start\n|switch|p1a: Landorus|Landorus-Therian, M|100\/100\n|switch|p2a: Volcanion|Volcanion|100\/100\n|-ability|p1a: Landorus|Intimidate|boost\n|-unboost|p2a: Volcanion|atk|1\n|turn|1\n|\n|t:|1663957253\n|move|p2a: Volcanion|Knock Off|p1a: Landorus\n|-damage|p1a: Landorus|48\/100\n|-enditem|p1a: Landorus|Leftovers|[from] move: Knock Off|[of] p2a: Volcanion\n|move|p1a: Landorus|Substitute|p1a: Landorus\n|-start|p1a: Landorus|Substitute\n|-damage|p1a: Landorus|23\/100\n|\n|upkeep\n|turn|2\n|c|\u2606EVERYOPPSHOT|oh nice\n|\n|t:|1663957261\n|switch|p2a: Scizor|Scizor, F|100\/100\n|move|p1a: Landorus|Earthquake|p2a: Scizor\n|-damage|p2a: Scizor|55\/100\n|\n|upkeep\n|turn|3\n|\n|t:|1663957265\n|detailschange|p2a: Scizor|Scizor-Mega, F\n|-mega|p2a: Scizor|Scizor|Scizorite\n|move|p1a: Landorus|Earthquake|p2a: Scizor\n|-damage|p2a: Scizor|16\/100\n|move|p2a: Scizor|Roost|p2a: Scizor\n|-heal|p2a: Scizor|66\/100\n|-singleturn|p2a: Scizor|move: Roost\n|\n|upkeep\n|turn|4\n|\n|t:|1663957270\n|switch|p1a: Manectric|Manectric, F|100\/100\n|move|p2a: Scizor|Bullet Punch|p1a: Manectric\n|-resisted|p1a: Manectric\n|-damage|p1a: Manectric|74\/100\n|\n|upkeep\n|turn|5\n|\n|t:|1663957276\n|switch|p2a: Terrakion|Terrakion|100\/100\n|detailschange|p1a: Manectric|Manectric-Mega, F\n|-mega|p1a: Manectric|Manectric|Manectite\n|-ability|p1a: Manectric|Intimidate|boost\n|-unboost|p2a: Terrakion|atk|1\n|move|p1a: Manectric|Thunderbolt|p2a: Terrakion\n|-damage|p2a: Terrakion|45\/100\n|\n|upkeep\n|turn|6\n|\n|t:|1663957283\n|move|p2a: Terrakion|Close Combat|p1a: Manectric\n|-damage|p1a: Manectric|15\/100\n|-unboost|p2a: Terrakion|def|1\n|-unboost|p2a: Terrakion|spd|1\n|move|p1a: Manectric|Thunderbolt|p2a: Terrakion\n|-damage|p2a: Terrakion|0 fnt\n|faint|p2a: Terrakion\n|\n|upkeep\n|\n|t:|1663957286\n|switch|p2a: Scizor|Scizor-Mega, F|66\/100\n|turn|7\n|\n|t:|1663957292\n|switch|p1a: Suicune|Suicune|100\/100\n|-ability|p1a: Suicune|Pressure\n|switch|p2a: Raikou|Raikou|100\/100\n|-ability|p2a: Raikou|Pressure\n|\n|upkeep\n|turn|8\n|\n|t:|1663957297\n|switch|p1a: Bisharp|Bisharp, M|100\/100\n|move|p2a: Raikou|Hidden Power|p1a: Bisharp\n|-resisted|p1a: Bisharp\n|-damage|p1a: Bisharp|88\/100\n|\n|upkeep\n|turn|9\n|c|\u2606CRASHINBOOMBANG|vest\n|c|\u2606CRASHINBOOMBANG|danger\n|\n|t:|1663957303\n|-activate|p2a: Raikou|move: Pursuit\n|move|p1a: Bisharp|Pursuit|p2a: Raikou|[from]Pursuit\n|-damage|p2a: Raikou|39\/100\n|switch|p2a: Scizor|Scizor-Mega, F|66\/100\n|\n|upkeep\n|turn|10\n|\n|t:|1663957308\n|switch|p2a: Raikou|Raikou|39\/100\n|-ability|p2a: Raikou|Pressure\n|switch|p1a: Landorus|Landorus-Therian, M|23\/100\n|-ability|p1a: Landorus|Intimidate|boost\n|-unboost|p2a: Raikou|atk|1\n|\n|upkeep\n|turn|11\n|\n|t:|1663957314\n|move|p2a: Raikou|Shadow Ball|p1a: Landorus\n|-damage|p1a: Landorus|0 fnt\n|faint|p1a: Landorus\n|\n|upkeep\n|\n|t:|1663957316\n|switch|p1a: Bisharp|Bisharp, M|88\/100\n|turn|12\n|\n|t:|1663957320\n|move|p1a: Bisharp|Sucker Punch|p2a: Raikou\n|-damage|p2a: Raikou|0 fnt\n|faint|p2a: Raikou\n|\n|upkeep\n|\n|t:|1663957325\n|switch|p2a: Volcanion|Volcanion|100\/100\n|turn|13\n|\n|t:|1663957329\n|switch|p1a: Dragalge|Dragalge, M|100\/100\n|move|p2a: Volcanion|Low Kick|p1a: Dragalge\n|-resisted|p1a: Dragalge\n|-damage|p1a: Dragalge|81\/100\n|\n|-heal|p1a: Dragalge|87\/100|[from] item: Black Sludge\n|upkeep\n|turn|14\n|c|\u2606CRASHINBOOMBANG|damn\n|c|\u2606CRASHINBOOMBANG|shoudla knocked\n|c|\u2606CRASHINBOOMBANG|im a bitch\n|c|\u2606EVERYOPPSHOT|oh wtf it learns that\n|c|\u2606EVERYOPPSHOT|oh wait\n|c|\u2606EVERYOPPSHOT|nvm\n|c|\u2606CRASHINBOOMBANG|absolutely not\n|c|\u2606EVERYOPPSHOT|LOL\n|c|\u2606EVERYOPPSHOT|i was mad confused for a second\n|\n|t:|1663957349\n|switch|p2a: Scizor|Scizor-Mega, F|66\/100\n|move|p1a: Dragalge|Focus Blast|p2a: Scizor\n|-damage|p2a: Scizor|33\/100\n|-unboost|p2a: Scizor|spd|1\n|\n|-heal|p1a: Dragalge|93\/100|[from] item: Black Sludge\n|upkeep\n|turn|15\n|c|\u2606EVERYOPPSHOT|oh clean\n|\n|t:|1663957358\n|switch|p2a: Togekiss|Togekiss, M|100\/100\n|move|p1a: Dragalge|Toxic Spikes|p2a: Togekiss\n|-sidestart|p2: CRASHINBOOMBANG|move: Toxic Spikes\n|\n|-heal|p1a: Dragalge|99\/100|[from] item: Black Sludge\n|upkeep\n|turn|16\n|\n|t:|1663957361\n|move|p2a: Togekiss|Air Slash|p1a: Dragalge\n|-damage|p1a: Dragalge|65\/100\n|cant|p1a: Dragalge|flinch\n|\n|-heal|p1a: Dragalge|71\/100|[from] item: Black Sludge\n|upkeep\n|turn|17\n|c|\u2606EVERYOPPSHOT|not clean\n|\n|t:|1663957369\n|switch|p2a: Scizor|Scizor-Mega, F|33\/100\n|move|p1a: Dragalge|Sludge Bomb|p2a: Scizor\n|-immune|p2a: Scizor\n|\n|-heal|p1a: Dragalge|78\/100|[from] item: Black Sludge\n|upkeep\n|turn|18\n|\n|t:|1663957375\n|switch|p1a: Manectric|Manectric-Mega, F|15\/100\n|-ability|p1a: Manectric|Intimidate|boost\n|-unboost|p2a: Scizor|atk|1\n|move|p2a: Scizor|Roost|p2a: Scizor\n|-heal|p2a: Scizor|83\/100\n|-singleturn|p2a: Scizor|move: Roost\n|\n|upkeep\n|turn|19\n|\n|t:|1663957378\n|switch|p1a: Suicune|Suicune|100\/100\n|-ability|p1a: Suicune|Pressure\n|move|p2a: Scizor|Bullet Punch|p1a: Suicune\n|-resisted|p1a: Suicune\n|-damage|p1a: Suicune|93\/100\n|\n|-heal|p1a: Suicune|99\/100|[from] item: Leftovers\n|upkeep\n|turn|20\n|\n|t:|1663957384\n|switch|p1a: Manectric|Manectric-Mega, F|15\/100\n|-ability|p1a: Manectric|Intimidate|boost\n|-unboost|p2a: Scizor|atk|1\n|move|p2a: Scizor|Defog|p1a: Manectric\n|-unboost|p1a: Manectric|evasion|1\n|-sideend|p2: CRASHINBOOMBANG|Toxic Spikes|[from] move: Defog|[of] p2a: Scizor\n|\n|upkeep\n|turn|21\n|c|\u2606EVERYOPPSHOT|oh am i bad\n|\n|t:|1663957392\n|switch|p2a: Volcanion|Volcanion|100\/100\n|move|p1a: Manectric|Flamethrower|p2a: Volcanion\n|-damage|p2a: Volcanion|39\/100\n|replace|p2a: Zoroark|Zoroark, F\n|-end|p2a: Zoroark|Illusion\n|\n|upkeep\n|turn|22\n|\n|t:|1663957398\n|-activate|p1a: Manectric|move: Pursuit\n|move|p2a: Zoroark|Pursuit|p1a: Manectric|[from]Pursuit\n|-damage|p1a: Manectric|0 fnt\n|faint|p1a: Manectric\n|-hint|A Pokemon can't switch between when it runs out of HP and when it faints\n|\n|upkeep\n|c|\u2606EVERYOPPSHOT|watttttt\n|c|\u2606EVERYOPPSHOT|it can do that\n|\n|t:|1663957405\n|switch|p1a: Bisharp|Bisharp, M|88\/100\n|turn|23\n|\n|t:|1663957408\n|-activate|p2a: Zoroark|move: Pursuit\n|move|p1a: Bisharp|Pursuit|p2a: Zoroark|[from]Pursuit\n|-resisted|p2a: Zoroark\n|-damage|p2a: Zoroark|0 fnt\n|faint|p2a: Zoroark\n|-hint|A Pokemon can't switch between when it runs out of HP and when it faints\n|\n|upkeep\n|\n|t:|1663957414\n|switch|p2a: Volcanion|Volcanion|100\/100\n|turn|24\n|c|\u2606EVERYOPPSHOT|bring pursuit back\n|\n|t:|1663957418\n|switch|p1a: Dragalge|Dragalge, M|78\/100\n|move|p2a: Volcanion|Steam Eruption|p1a: Dragalge\n|-resisted|p1a: Dragalge\n|-damage|p1a: Dragalge|41\/100\n|\n|-heal|p1a: Dragalge|47\/100|[from] item: Black Sludge\n|upkeep\n|turn|25\n|c|\u2606CRASHINBOOMBANG|that did so fucking much\n|\n|t:|1663957424\n|switch|p2a: Scizor|Scizor-Mega, F|83\/100\n|move|p1a: Dragalge|Focus Blast|p2a: Scizor\n|-damage|p2a: Scizor|51\/100\n|\n|-heal|p1a: Dragalge|53\/100|[from] item: Black Sludge\n|upkeep\n|turn|26\n|\n|t:|1663957428\n|move|p2a: Scizor|Roost|p2a: Scizor\n|-heal|p2a: Scizor|100\/100\n|-singleturn|p2a: Scizor|move: Roost\n|move|p1a: Dragalge|Focus Blast|p2a: Scizor|[miss]\n|-miss|p1a: Dragalge|p2a: Scizor\n|\n|-heal|p1a: Dragalge|60\/100|[from] item: Black Sludge\n|upkeep\n|turn|27\n|\n|t:|1663957433\n|move|p2a: Scizor|Bullet Punch|p1a: Dragalge\n|-damage|p1a: Dragalge|24\/100\n|move|p1a: Dragalge|Toxic Spikes|p2a: Scizor\n|-sidestart|p2: CRASHINBOOMBANG|move: Toxic Spikes\n|\n|-heal|p1a: Dragalge|30\/100|[from] item: Black Sludge\n|upkeep\n|turn|28\n|\n|t:|1663957436\n|switch|p1a: Suicune|Suicune|99\/100\n|-ability|p1a: Suicune|Pressure\n|move|p2a: Scizor|Defog|p1a: Suicune\n|-unboost|p1a: Suicune|evasion|1\n|-sideend|p2: CRASHINBOOMBANG|Toxic Spikes|[from] move: Defog|[of] p2a: Scizor\n|\n|-heal|p1a: Suicune|100\/100|[from] item: Leftovers\n|upkeep\n|turn|29\n|\n|t:|1663957438\n|switch|p2a: Volcanion|Volcanion|100\/100\n|move|p1a: Suicune|Calm Mind|p1a: Suicune\n|-boost|p1a: Suicune|spa|1\n|-boost|p1a: Suicune|spd|1\n|\n|upkeep\n|turn|30\n|\n|t:|1663957441\n|move|p1a: Suicune|Protect|p1a: Suicune\n|-singleturn|p1a: Suicune|Protect\n|move|p2a: Volcanion|Hidden Power|p1a: Suicune\n|-activate|p1a: Suicune|move: Protect\n|\n|upkeep\n|turn|31\n|\n|t:|1663957444\n|move|p1a: Suicune|Calm Mind|p1a: Suicune\n|-boost|p1a: Suicune|spa|1\n|-boost|p1a: Suicune|spd|1\n|move|p2a: Volcanion|Hidden Power|p1a: Suicune\n|-supereffective|p1a: Suicune\n|-damage|p1a: Suicune|76\/100\n|\n|-heal|p1a: Suicune|82\/100|[from] item: Leftovers\n|upkeep\n|turn|32\n|\n|t:|1663957447\n|move|p1a: Suicune|Substitute|p1a: Suicune\n|-start|p1a: Suicune|Substitute\n|-damage|p1a: Suicune|57\/100\n|move|p2a: Volcanion|Hidden Power|p1a: Suicune\n|-supereffective|p1a: Suicune\n|-activate|p1a: Suicune|move: Substitute|[damage]\n|\n|-heal|p1a: Suicune|64\/100|[from] item: Leftovers\n|upkeep\n|turn|33\n|\n|t:|1663957451\n|move|p1a: Suicune|Calm Mind|p1a: Suicune\n|-boost|p1a: Suicune|spa|1\n|-boost|p1a: Suicune|spd|1\n|move|p2a: Volcanion|Hidden Power|p1a: Suicune\n|-supereffective|p1a: Suicune\n|-end|p1a: Suicune|Substitute\n|\n|-heal|p1a: Suicune|70\/100|[from] item: Leftovers\n|upkeep\n|turn|34\n|\n|t:|1663957459\n|switch|p2a: Scizor|Scizor-Mega, F|100\/100\n|move|p1a: Suicune|Protect||[still]\n|-fail|p1a: Suicune\n|\n|-heal|p1a: Suicune|76\/100|[from] item: Leftovers\n|upkeep\n|turn|35\n|\n|t:|1663957464\n|switch|p2a: Volcanion|Volcanion|100\/100\n|move|p1a: Suicune|Substitute|p1a: Suicune\n|-start|p1a: Suicune|Substitute\n|-damage|p1a: Suicune|51\/100\n|\n|-heal|p1a: Suicune|57\/100|[from] item: Leftovers\n|upkeep\n|turn|36\n|\n|t:|1663957467\n|switch|p2a: Scizor|Scizor-Mega, F|100\/100\n|move|p1a: Suicune|Calm Mind|p1a: Suicune\n|-boost|p1a: Suicune|spa|1\n|-boost|p1a: Suicune|spd|1\n|\n|-heal|p1a: Suicune|63\/100|[from] item: Leftovers\n|upkeep\n|turn|37\n|\n|t:|1663957470\n|switch|p2a: Volcanion|Volcanion|100\/100\n|move|p1a: Suicune|Calm Mind|p1a: Suicune\n|-boost|p1a: Suicune|spa|1\n|-boost|p1a: Suicune|spd|1\n|\n|-heal|p1a: Suicune|70\/100|[from] item: Leftovers\n|upkeep\n|turn|38\n|\n|t:|1663957473\n|move|p1a: Suicune|Calm Mind|p1a: Suicune\n|-boost|p1a: Suicune|spa|1\n|-boost|p1a: Suicune|spd|1\n|move|p2a: Volcanion|Hidden Power|p1a: Suicune\n|-supereffective|p1a: Suicune\n|-activate|p1a: Suicune|move: Substitute|[damage]\n|\n|-heal|p1a: Suicune|76\/100|[from] item: Leftovers\n|upkeep\n|turn|39\n|\n|t:|1663957476\n|move|p1a: Suicune|Scald|p2a: Volcanion\n|-immune|p2a: Volcanion|[from] ability: Water Absorb\n|move|p2a: Volcanion|Hidden Power|p1a: Suicune\n|-supereffective|p1a: Suicune\n|-activate|p1a: Suicune|move: Substitute|[damage]\n|\n|-heal|p1a: Suicune|82\/100|[from] item: Leftovers\n|upkeep\n|turn|40\n|\n|t:|1663957479\n|move|p1a: Suicune|Scald|p2a: Volcanion\n|-immune|p2a: Volcanion|[from] ability: Water Absorb\n|move|p2a: Volcanion|Hidden Power|p1a: Suicune\n|-supereffective|p1a: Suicune\n|-end|p1a: Suicune|Substitute\n|\n|-heal|p1a: Suicune|88\/100|[from] item: Leftovers\n|upkeep\n|turn|41\n|\n|t:|1663957481\n|move|p1a: Suicune|Scald|p2a: Volcanion\n|-immune|p2a: Volcanion|[from] ability: Water Absorb\n|move|p2a: Volcanion|Hidden Power|p1a: Suicune\n|-supereffective|p1a: Suicune\n|-damage|p1a: Suicune|76\/100\n|\n|-heal|p1a: Suicune|82\/100|[from] item: Leftovers\n|upkeep\n|turn|42\n|\n|t:|1663957484\n|move|p1a: Suicune|Scald|p2a: Volcanion\n|-immune|p2a: Volcanion|[from] ability: Water Absorb\n|move|p2a: Volcanion|Hidden Power|p1a: Suicune\n|-supereffective|p1a: Suicune\n|-damage|p1a: Suicune|71\/100\n|\n|-heal|p1a: Suicune|77\/100|[from] item: Leftovers\n|upkeep\n|turn|43\n|\n|t:|1663957486\n|move|p1a: Suicune|Scald|p2a: Volcanion\n|-immune|p2a: Volcanion|[from] ability: Water Absorb\n|move|p2a: Volcanion|Hidden Power|p1a: Suicune\n|-supereffective|p1a: Suicune\n|-damage|p1a: Suicune|64\/100\n|\n|-heal|p1a: Suicune|71\/100|[from] item: Leftovers\n|upkeep\n|turn|44\n|\n|t:|1663957491\n|move|p1a: Suicune|Protect|p1a: Suicune\n|-singleturn|p1a: Suicune|Protect\n|move|p2a: Volcanion|Hidden Power|p1a: Suicune\n|-activate|p1a: Suicune|move: Protect\n|\n|-heal|p1a: Suicune|77\/100|[from] item: Leftovers\n|upkeep\n|turn|45\n|\n|t:|1663957493\n|move|p1a: Suicune|Scald|p2a: Volcanion\n|-immune|p2a: Volcanion|[from] ability: Water Absorb\n|move|p2a: Volcanion|Hidden Power|p1a: Suicune\n|-supereffective|p1a: Suicune\n|-damage|p1a: Suicune|65\/100\n|\n|-heal|p1a: Suicune|71\/100|[from] item: Leftovers\n|upkeep\n|turn|46\n|\n|t:|1663957496\n|move|p1a: Suicune|Substitute|p1a: Suicune\n|-start|p1a: Suicune|Substitute\n|-damage|p1a: Suicune|46\/100\n|-activate|p2a: Volcanion|move: Struggle\n|move|p2a: Volcanion|Struggle|p1a: Suicune\n|-activate|p1a: Suicune|move: Substitute|[damage]\n|-damage|p2a: Volcanion|76\/100|[from] recoil\n|\n|-heal|p1a: Suicune|52\/100|[from] item: Leftovers\n|upkeep\n|turn|47\n|\n|t:|1663957500\n|move|p1a: Suicune|Scald|p2a: Volcanion\n|-heal|p2a: Volcanion|100\/100|[from] ability: Water Absorb|[of] p1a: Suicune\n|-activate|p2a: Volcanion|move: Struggle\n|move|p2a: Volcanion|Struggle|p1a: Suicune\n|-crit|p1a: Suicune\n|-activate|p1a: Suicune|move: Substitute|[damage]\n|-damage|p2a: Volcanion|76\/100|[from] recoil\n|\n|-heal|p1a: Suicune|58\/100|[from] item: Leftovers\n|upkeep\n|turn|48\n|c|\u2606CRASHINBOOMBANG|?\n|c|\u2606EVERYOPPSHOT|?\n|\n|t:|1663957506\n|switch|p2a: Scizor|Scizor-Mega, F|100\/100\n|move|p1a: Suicune|Calm Mind|p1a: Suicune\n|-boost|p1a: Suicune|spa|0\n|-boost|p1a: Suicune|spd|0\n|\n|-heal|p1a: Suicune|65\/100|[from] item: Leftovers\n|upkeep\n|turn|49\n|c|\u2606EVERYOPPSHOT|ah fuck\n|c|+McMeghan|how\n|c|\u2606EVERYOPPSHOT|nice bait\n|c|\u2606EVERYOPPSHOT|am i bad\n|\n|t:|1663957521\n|switch|p2a: Volcanion|Volcanion|76\/100\n|move|p1a: Suicune|Calm Mind|p1a: Suicune\n|-boost|p1a: Suicune|spa|0\n|-boost|p1a: Suicune|spd|0\n|\n|-heal|p1a: Suicune|71\/100|[from] item: Leftovers\n|upkeep\n|turn|50\n|\n|t:|1663957526\n|move|p1a: Suicune|Scald|p2a: Volcanion\n|-heal|p2a: Volcanion|100\/100|[from] ability: Water Absorb|[of] p1a: Suicune\n|move|p2a: Volcanion|Flamethrower|p1a: Suicune\n|-resisted|p1a: Suicune\n|-end|p1a: Suicune|Substitute\n|\n|-heal|p1a: Suicune|77\/100|[from] item: Leftovers\n|upkeep\n|turn|51\n|\n|t:|1663957530\n|move|p1a: Suicune|Substitute|p1a: Suicune\n|-start|p1a: Suicune|Substitute\n|-damage|p1a: Suicune|52\/100\n|move|p2a: Volcanion|Flamethrower|p1a: Suicune\n|-resisted|p1a: Suicune\n|-activate|p1a: Suicune|move: Substitute|[damage]\n|\n|-heal|p1a: Suicune|58\/100|[from] item: Leftovers\n|upkeep\n|turn|52\n|\n|t:|1663957534\n|switch|p2a: Scizor|Scizor-Mega, F|100\/100\n|move|p1a: Suicune|Calm Mind|p1a: Suicune\n|-boost|p1a: Suicune|spa|0\n|-boost|p1a: Suicune|spd|0\n|\n|-heal|p1a: Suicune|64\/100|[from] item: Leftovers\n|upkeep\n|turn|53\n|\n|t:|1663957536\n|switch|p2a: Volcanion|Volcanion|100\/100\n|move|p1a: Suicune|Calm Mind|p1a: Suicune\n|-boost|p1a: Suicune|spa|0\n|-boost|p1a: Suicune|spd|0\n|\n|-heal|p1a: Suicune|71\/100|[from] item: Leftovers\n|upkeep\n|turn|54\n|\n|t:|1663957541\n|switch|p2a: Scizor|Scizor-Mega, F|100\/100\n|move|p1a: Suicune|Calm Mind|p1a: Suicune\n|-boost|p1a: Suicune|spa|0\n|-boost|p1a: Suicune|spd|0\n|\n|-heal|p1a: Suicune|77\/100|[from] item: Leftovers\n|upkeep\n|turn|55\n|\n|t:|1663957544\n|move|p1a: Suicune|Calm Mind|p1a: Suicune\n|-boost|p1a: Suicune|spa|0\n|-boost|p1a: Suicune|spd|0\n|move|p2a: Scizor|Superpower|p1a: Suicune\n|-end|p1a: Suicune|Substitute\n|-unboost|p2a: Scizor|atk|1\n|-unboost|p2a: Scizor|def|1\n|\n|-heal|p1a: Suicune|83\/100|[from] item: Leftovers\n|upkeep\n|turn|56\n|\n|t:|1663957548\n|move|p1a: Suicune|Substitute|p1a: Suicune\n|-start|p1a: Suicune|Substitute\n|-damage|p1a: Suicune|58\/100\n|move|p2a: Scizor|Superpower|p1a: Suicune\n|-activate|p1a: Suicune|move: Substitute|[damage]\n|-unboost|p2a: Scizor|atk|1\n|-unboost|p2a: Scizor|def|1\n|\n|-heal|p1a: Suicune|64\/100|[from] item: Leftovers\n|upkeep\n|turn|57\n|\n|t:|1663957550\n|switch|p2a: Volcanion|Volcanion|100\/100\n|move|p1a: Suicune|Scald|p2a: Volcanion\n|-immune|p2a: Volcanion|[from] ability: Water Absorb\n|\n|-heal|p1a: Suicune|70\/100|[from] item: Leftovers\n|upkeep\n|turn|58\n|\n|t:|1663957557\n|switch|p2a: Scizor|Scizor-Mega, F|100\/100\n|move|p1a: Suicune|Scald|p2a: Scizor\n|-damage|p2a: Scizor|6\/100\n|\n|-heal|p1a: Suicune|76\/100|[from] item: Leftovers\n|upkeep\n|turn|59\n|c|\u2606CRASHINBOOMBANG|ate\n|c|\u2606EVERYOPPSHOT|damn\n|c|\u2606EVERYOPPSHOT|pain\n|\n|t:|1663957565\n|move|p1a: Suicune|Scald|p2a: Scizor\n|-damage|p2a: Scizor|0 fnt\n|faint|p2a: Scizor\n|\n|-heal|p1a: Suicune|83\/100|[from] item: Leftovers\n|upkeep\n|\n|t:|1663957567\n|switch|p2a: Volcanion|Volcanion|100\/100\n|turn|60\n|\n|t:|1663957572\n|switch|p2a: Togekiss|Togekiss, M|100\/100\n|move|p1a: Suicune|Calm Mind|p1a: Suicune\n|-boost|p1a: Suicune|spa|0\n|-boost|p1a: Suicune|spd|0\n|\n|-heal|p1a: Suicune|89\/100|[from] item: Leftovers\n|upkeep\n|turn|61\n|\n|t:|1663957574\n|switch|p2a: Volcanion|Volcanion|100\/100\n|move|p1a: Suicune|Scald|p2a: Volcanion\n|-immune|p2a: Volcanion|[from] ability: Water Absorb\n|\n|-heal|p1a: Suicune|95\/100|[from] item: Leftovers\n|upkeep\n|turn|62\n|\n|t:|1663957578\n|move|p1a: Suicune|Calm Mind|p1a: Suicune\n|-boost|p1a: Suicune|spa|0\n|-boost|p1a: Suicune|spd|0\n|move|p2a: Volcanion|Flamethrower|p1a: Suicune\n|-resisted|p1a: Suicune\n|-activate|p1a: Suicune|move: Substitute|[damage]\n|\n|-heal|p1a: Suicune|100\/100|[from] item: Leftovers\n|upkeep\n|turn|63\n|\n|t:|1663957580\n|move|p1a: Suicune|Scald|p2a: Volcanion\n|-immune|p2a: Volcanion|[from] ability: Water Absorb\n|move|p2a: Volcanion|Flamethrower|p1a: Suicune\n|-resisted|p1a: Suicune\n|-end|p1a: Suicune|Substitute\n|\n|upkeep\n|turn|64\n|\n|t:|1663957582\n|switch|p2a: Togekiss|Togekiss, M|100\/100\n|move|p1a: Suicune|Scald|p2a: Togekiss\n|-damage|p2a: Togekiss|0 fnt\n|faint|p2a: Togekiss\n|\n|upkeep\n|c|\u2606EVERYOPPSHOT|gg\n|c|\u2606CRASHINBOOMBANG|GG\n|\n|t:|1663957589\n|switch|p2a: Volcanion|Volcanion|100\/100\n|turn|65\n|\n|t:|1663957592\n|move|p1a: Suicune|Substitute|p1a: Suicune\n|-start|p1a: Suicune|Substitute\n|-damage|p1a: Suicune|75\/100\n|move|p2a: Volcanion|Sludge Bomb|p1a: Suicune\n|-activate|p1a: Suicune|move: Substitute|[damage]\n|\n|-heal|p1a: Suicune|82\/100|[from] item: Leftovers\n|upkeep\n|turn|66\n|\n|t:|1663957595\n|switch|p1a: Bisharp|Bisharp, M|88\/100\n|move|p2a: Volcanion|Sludge Bomb|p1a: Bisharp\n|-immune|p1a: Bisharp\n|\n|upkeep\n|turn|67\n|\n|t:|1663957597\n|move|p1a: Bisharp|Sucker Punch|p2a: Volcanion\n|-damage|p2a: Volcanion|56\/100\n|move|p2a: Volcanion|Sludge Bomb|p1a: Bisharp\n|-immune|p1a: Bisharp\n|\n|upkeep\n|turn|68\n|\n|t:|1663957599\n|move|p1a: Bisharp|Sucker Punch|p2a: Volcanion\n|-damage|p2a: Volcanion|13\/100\n|move|p2a: Volcanion|Sludge Bomb|p1a: Bisharp\n|-immune|p1a: Bisharp\n|\n|upkeep\n|turn|69\n|\n|t:|1663957600\n|move|p1a: Bisharp|Sucker Punch|p2a: Volcanion\n|-damage|p2a: Volcanion|0 fnt\n|faint|p2a: Volcanion\n|\n|win|EVERYOPPSHOT\n","uploadtime":1663957602,"views":44,"p1id":"everyoppshot","p2id":"crashinboombang","formatid":"gen6ou","rating":0,"private":0,"password":null}