{"id":"smogtours-gen6ou-502036","p1":"Redemption","p2":"Pohjis","format":"gen6ou","log":"|inactive|Battle timer is ON: inactive players will automatically lose when time's up.\n|player|p1|Redemption|baker|\n|player|p2|Pohjis|ethan|\n|teamsize|p1|6\n|teamsize|p2|6\n|gametype|singles\n|gen|6\n|tier|[Gen 6] OU\n|clearpoke\n|poke|p1|Azelf|item\n|poke|p1|Gengar, M|item\n|poke|p1|Bisharp, F|item\n|poke|p1|Scizor, F|item\n|poke|p1|Landorus-Therian, M|item\n|poke|p1|Azumarill, M|item\n|poke|p2|Clefable, F|item\n|poke|p2|Latias, F|item\n|poke|p2|Weavile, F|item\n|poke|p2|Magnezone|item\n|poke|p2|Hippowdon, F|item\n|poke|p2|Serperior, M|item\n|rule|Sleep Clause Mod: Limit one foe put to sleep\n|rule|Species Clause: Limit one of each Pok\u00e9mon\n|rule|OHKO Clause: OHKO moves are banned\n|rule|Moody Clause: Moody is banned\n|rule|Evasion Moves Clause: Evasion moves are banned\n|rule|Endless Battle Clause: Forcing endless battles is banned\n|rule|HP Percentage Mod: HP is shown in percentages\n|rule|Swagger Clause: Swagger is banned\n|teampreview\n|c|+ceraa|awooga!! hummina hummina those are a nice pair of b-b-b-bazongas maam\n|c|+tigers jaw|the cock and ball torture device is nearing completion\n|c|\u2606Pohjis|hf\n|c|@Djokra|GOJIS\n|c|+We Three Kings|KITTO\n|c|+Givrix|cringe\n|raw|<div class=\"broadcast-red\"><strong>Moderated chat was set to \u2606!<\/strong><br \/>Only users of rank \u2606 and higher can talk.<\/div>\n|inactive|Redemption has 270 seconds left.\n|inactive|Pohjis has 270 seconds left.\n|c|\u2606Redemption|g un live \u00e0 21h Enzo Gorlami\n|c|\u2606Redemption|pas trop le temps\n|inactive|Redemption has 240 seconds left.\n|inactive|Pohjis has 240 seconds left.\n|inactive|Pohjis has 210 seconds left.\n|\n|start\n|switch|p1a: Boulinette|Azelf|100\/100\n|switch|p2a: Hippowdon|Hippowdon, F|100\/100\n|-weather|Sandstorm|[from] ability: Sand Stream|[of] p2a: Hippowdon\n|turn|1\n|inactive|Redemption has 270 seconds left.\n|\n|move|p1a: Boulinette|Stealth Rock|p2a: Hippowdon\n|-sidestart|p2: Pohjis|move: Stealth Rock\n|move|p2a: Hippowdon|Stealth Rock|p1a: Boulinette\n|-sidestart|p1: Redemption|move: Stealth Rock\n|\n|-weather|Sandstorm|[upkeep]\n|-damage|p1a: Boulinette|94\/100|[from] Sandstorm\n|upkeep\n|turn|2\n|inactive|Redemption has 270 seconds left.\n|inactive|Pohjis has 240 seconds left.\n|inactive|Redemption has 240 seconds left.\n|\n|switch|p2a: Latias|Latias, F|100\/100\n|-damage|p2a: Latias|88\/100|[from] Stealth Rock\n|move|p1a: Boulinette|Taunt|p2a: Latias\n|-start|p2a: Latias|move: Taunt\n|\n|-weather|Sandstorm|[upkeep]\n|-damage|p1a: Boulinette|88\/100|[from] Sandstorm\n|-damage|p2a: Latias|82\/100|[from] Sandstorm\n|upkeep\n|turn|3\n|inactive|Pohjis has 240 seconds left.\n|\n|detailschange|p2a: Latias|Latias-Mega, F\n|-mega|p2a: Latias|Latias|Latiasite\n|move|p1a: Boulinette|Explosion|p2a: Latias\n|-damage|p2a: Latias|30\/100\n|faint|p1a: Boulinette\n|move|p2a: Latias|Ice Beam|p1: Boulinette|[notarget]\n|-fail|p2a: Latias\n|\n|-weather|Sandstorm|[upkeep]\n|-damage|p2a: Latias|24\/100|[from] Sandstorm\n|upkeep\n|inactive|Redemption has 210 seconds left.\n|inactive|Redemption has 180 seconds left.\n|inactive|Redemption has 150 seconds left.\n|inactive|Redemption has 120 seconds left.\n|\n|switch|p1a: Cristapine|Bisharp, F|100\/100\n|-damage|p1a: Cristapine|95\/100|[from] Stealth Rock\n|turn|4\n|inactive|Redemption has 120 seconds left.\n|\n|switch|p2a: Hippowdon|Hippowdon, F|100\/100\n|-damage|p2a: Hippowdon|94\/100|[from] Stealth Rock\n|move|p1a: Cristapine|Knock Off|p2a: Hippowdon\n|-damage|p2a: Hippowdon|60\/100\n|-enditem|p2a: Hippowdon|Leftovers|[from] move: Knock Off|[of] p1a: Cristapine\n|\n|-weather|Sandstorm|[upkeep]\n|upkeep\n|turn|5\n|inactive|Redemption has 120 seconds left.\n|\n|switch|p1a: Franchifolle|Gengar, M|100\/100\n|-damage|p1a: Franchifolle|88\/100|[from] Stealth Rock\n|move|p2a: Hippowdon|Slack Off|p2a: Hippowdon\n|-heal|p2a: Hippowdon|100\/100\n|\n|-weather|none\n|upkeep\n|turn|6\n|inactive|Redemption has 90 seconds left.\n|\n|switch|p2a: Latias|Latias-Mega, F|24\/100\n|-damage|p2a: Latias|12\/100|[from] Stealth Rock\n|move|p1a: Franchifolle|Shadow Ball|p2a: Latias\n|-supereffective|p2a: Latias\n|-damage|p2a: Latias|0 fnt\n|-damage|p1a: Franchifolle|78\/100|[from] item: Life Orb\n|faint|p2a: Latias\n|\n|upkeep\n|\n|switch|p2a: Weavile|Weavile, F|100\/100\n|-damage|p2a: Weavile|76\/100|[from] Stealth Rock\n|turn|7\n|inactive|Redemption has 90 seconds left.\n|inactive|Pohjis has 240 seconds left.\n|inactive|Redemption has 60 seconds left.\n|\n|move|p2a: Weavile|Pursuit|p1a: Franchifolle\n|-supereffective|p1a: Franchifolle\n|-damage|p1a: Franchifolle|9\/100\n|move|p1a: Franchifolle|Sludge Wave|p2a: Weavile\n|-damage|p2a: Weavile|0 fnt\n|-damage|p1a: Franchifolle|0 fnt|[from] item: Life Orb\n|faint|p2a: Weavile\n|faint|p1a: Franchifolle\n|\n|upkeep\n|inactive|Pohjis has 210 seconds left.\n|inactive|Redemption has 30 seconds left.\n|\n|switch|p2a: Hippowdon|Hippowdon, F|100\/100\n|switch|p1a: Froupignon|Landorus-Therian, M|100\/100\n|-damage|p1a: Froupignon|88\/100|[from] Stealth Rock\n|-ability|p1a: Froupignon|Intimidate|boost\n|-unboost|p2a: Hippowdon|atk|1\n|-damage|p2a: Hippowdon|94\/100|[from] Stealth Rock\n|-weather|Sandstorm|[from] ability: Sand Stream|[of] p2a: Hippowdon\n|turn|8\n|\n|move|p1a: Froupignon|Earthquake|p2a: Hippowdon\n|-damage|p2a: Hippowdon|58\/100\n|move|p2a: Hippowdon|Whirlwind|p1a: Froupignon\n|drag|p1a: Wardiboche|Scizor, F|100\/100\n|-damage|p1a: Wardiboche|88\/100|[from] Stealth Rock\n|\n|-weather|Sandstorm|[upkeep]\n|upkeep\n|turn|9\n|inactive|Redemption has 30 seconds left.\n|inactive|Redemption has 20 seconds left.\n|inactive|Pohjis has 210 seconds left.\n|inactive|Redemption has 15 seconds left.\n|\n|detailschange|p1a: Wardiboche|Scizor-Mega, F\n|-mega|p1a: Wardiboche|Scizor|Scizorite\n|move|p1a: Wardiboche|Swords Dance|p1a: Wardiboche\n|-boost|p1a: Wardiboche|atk|2\n|move|p2a: Hippowdon|Slack Off|p2a: Hippowdon\n|-heal|p2a: Hippowdon|100\/100\n|\n|-weather|Sandstorm|[upkeep]\n|upkeep\n|turn|10\n|inactive|Redemption has 25 seconds left this turn.\n|inactive|Redemption has 20 seconds left.\n|inactive|Pohjis has 210 seconds left.\n|inactive|Redemption has 15 seconds left.\n|\n|move|p1a: Wardiboche|Bug Bite|p2a: Hippowdon\n|-damage|p2a: Hippowdon|40\/100\n|move|p2a: Hippowdon|Whirlwind|p1a: Wardiboche\n|drag|p1a: Cristapine|Bisharp, F|95\/100\n|-damage|p1a: Cristapine|89\/100|[from] Stealth Rock\n|\n|-weather|Sandstorm|[upkeep]\n|upkeep\n|turn|11\n|inactive|Redemption has 25 seconds left this turn.\n|inactive|Redemption has 20 seconds left.\n|inactive|Redemption has 15 seconds left.\n|inactive|Pohjis has 210 seconds left.\n|inactive|Redemption has 10 seconds left.\n|\n|move|p1a: Cristapine|Swords Dance|p1a: Cristapine\n|-boost|p1a: Cristapine|atk|2\n|move|p2a: Hippowdon|Slack Off|p2a: Hippowdon\n|-heal|p2a: Hippowdon|90\/100\n|\n|-weather|Sandstorm|[upkeep]\n|upkeep\n|turn|12\n|inactive|Redemption has 20 seconds left this turn.\n|inactive|Redemption has 15 seconds left.\n|\n|move|p1a: Cristapine|Iron Head|p2a: Hippowdon\n|-damage|p2a: Hippowdon|40\/100\n|cant|p2a: Hippowdon|flinch\n|\n|-weather|none\n|upkeep\n|turn|13\n|inactive|Redemption has 25 seconds left this turn.\n|inactive|Redemption has 20 seconds left.\n|\n|move|p1a: Cristapine|Iron Head|p2a: Hippowdon\n|-damage|p2a: Hippowdon|0 fnt\n|faint|p2a: Hippowdon\n|\n|upkeep\n|inactive|Redemption has 25 seconds left this turn.\n|\n|switch|p2a: Serperior|Serperior, M|100\/100\n|-damage|p2a: Serperior|88\/100|[from] Stealth Rock\n|turn|14\n|inactive|Redemption has 30 seconds left.\n|inactive|Redemption has 20 seconds left.\n|\n|move|p2a: Serperior|Substitute|p2a: Serperior\n|-start|p2a: Serperior|Substitute\n|-damage|p2a: Serperior|63\/100\n|move|p1a: Cristapine|Knock Off|p2a: Serperior\n|-end|p2a: Serperior|Substitute\n|\n|-heal|p2a: Serperior|69\/100|[from] item: Leftovers\n|upkeep\n|turn|15\n|inactive|Redemption has 30 seconds left this turn.\n|\n|move|p2a: Serperior|Leaf Storm|p1a: Cristapine\n|-resisted|p1a: Cristapine\n|-damage|p1a: Cristapine|51\/100\n|-boost|p2a: Serperior|spa|2\n|move|p1a: Cristapine|Knock Off|p2a: Serperior\n|-damage|p2a: Serperior|0 fnt\n|-enditem|p2a: Serperior|Leftovers|[from] move: Knock Off|[of] p1a: Cristapine\n|faint|p2a: Serperior\n|\n|upkeep\n|\n|switch|p2a: Magnezone|Magnezone|100\/100\n|-damage|p2a: Magnezone|94\/100|[from] Stealth Rock\n|turn|16\n|\n|move|p1a: Cristapine|Sucker Punch|p2a: Magnezone\n|-damage|p2a: Magnezone|0 fnt\n|faint|p2a: Magnezone\n|\n|upkeep\n|\n|switch|p2a: Clefable|Clefable, F|100\/100\n|turn|17\n|c|\u2606Pohjis|gg\n|\n|move|p1a: Cristapine|Iron Head|p2a: Clefable\n|-supereffective|p2a: Clefable\n|-damage|p2a: Clefable|0 fnt\n|faint|p2a: Clefable\n|\n|win|Redemption\n|c|\u2606Redemption|gg\n|player|p2|Pohjis|ethan\n|player|p2|\n","uploadtime":1589733150,"views":2325,"p1id":"redemption","p2id":"pohjis","formatid":"gen6ou","rating":0,"private":0,"password":null}