{"id":"smogtours-gen6ou-527248","p1":"xZesty","p2":"Redemption","format":"gen6ou","log":"|inactive|Battle timer is ON: inactive players will automatically lose when time's up.\n|t:|1605310249\n|player|p1|xZesty|265|\n|player|p2|Redemption|flint|\n|teamsize|p1|6\n|teamsize|p2|6\n|gametype|singles\n|gen|6\n|tier|[Gen 6] OU\n|clearpoke\n|poke|p1|Landorus-Therian, M|item\n|poke|p1|Altaria, F|item\n|poke|p1|Magnezone|item\n|poke|p1|Latios, M|item\n|poke|p1|Suicune|item\n|poke|p1|Weavile, M|item\n|poke|p2|Gardevoir, F|item\n|poke|p2|Tyranitar, M|item\n|poke|p2|Latios, M|item\n|poke|p2|Landorus-Therian, M|item\n|poke|p2|Jirachi|item\n|poke|p2|Keldeo-Resolute|item\n|rule|Sleep Clause Mod: Limit one foe put to sleep\n|rule|Species Clause: Limit one of each Pok\u00e9mon\n|rule|OHKO Clause: OHKO moves are banned\n|rule|Moody Clause: Moody is banned\n|rule|Evasion Moves Clause: Evasion moves are banned\n|rule|Endless Battle Clause: Forcing endless battles is banned\n|rule|HP Percentage Mod: HP is shown in percentages\n|rule|Swagger Clause: Swagger is banned\n|teampreview\n|c|\u2606xZesty|hfhf\n|c|\u2606Redemption|hf\n|inactive|Redemption has 270 seconds left.\n|\n|t:|1605310283\n|start\n|switch|p1a: Perdition Haze|Latios, M|100\/100\n|switch|p2a: Landorus|Landorus-Therian, M|100\/100\n|-ability|p2a: Landorus|Intimidate|boost\n|-unboost|p1a: Perdition Haze|atk|1\n|turn|1\n|\n|t:|1605310317\n|move|p1a: Perdition Haze|Draco Meteor|p2a: Landorus\n|-crit|p2a: Landorus\n|-damage|p2a: Landorus|0 fnt\n|-unboost|p1a: Perdition Haze|spa|2\n|-damage|p1a: Perdition Haze|91\/100|[from] item: Life Orb\n|faint|p2a: Landorus\n|\n|upkeep\n|\n|t:|1605310324\n|switch|p2a: Tyranitar|Tyranitar, M|100\/100\n|-weather|Sandstorm|[from] ability: Sand Stream|[of] p2a: Tyranitar\n|turn|2\n|\n|t:|1605310334\n|move|p1a: Perdition Haze|Draco Meteor|p2a: Tyranitar\n|-damage|p2a: Tyranitar|73\/100\n|-unboost|p1a: Perdition Haze|spa|2\n|-damage|p1a: Perdition Haze|81\/100|[from] item: Life Orb\n|move|p2a: Tyranitar|Pursuit|p1a: Perdition Haze\n|-supereffective|p1a: Perdition Haze\n|-damage|p1a: Perdition Haze|0 fnt\n|faint|p1a: Perdition Haze\n|\n|-weather|Sandstorm|[upkeep]\n|upkeep\n|\n|t:|1605310343\n|switch|p1a: Landorus|Landorus-Therian, M|100\/100\n|-ability|p1a: Landorus|Intimidate|boost\n|-unboost|p2a: Tyranitar|atk|1\n|turn|3\n|\n|t:|1605310351\n|switch|p2a: Keldeo|Keldeo-Resolute|100\/100\n|move|p1a: Landorus|Earthquake|p2a: Keldeo\n|-damage|p2a: Keldeo|8\/100\n|\n|-weather|Sandstorm|[upkeep]\n|-damage|p2a: Keldeo|1\/100|[from] Sandstorm\n|upkeep\n|turn|4\n|\n|t:|1605310369\n|switch|p1a: crystal skies|Altaria, F|100\/100\n|-ability|p1a: crystal skies|Cloud Nine\n|move|p2a: Keldeo|Hydro Pump|p1a: crystal skies\n|-resisted|p1a: crystal skies\n|-damage|p1a: crystal skies|67\/100\n|\n|-weather|Sandstorm|[upkeep]\n|upkeep\n|turn|5\n|\n|t:|1605310381\n|switch|p2a: Gardevoir|Gardevoir, F|100\/100\n|-ability|p2a: Gardevoir|Cloud Nine|[from] ability: Trace|[of] p1a: crystal skies\n|-ability|p2a: Gardevoir|Cloud Nine\n|move|p1a: crystal skies|Roost|p1a: crystal skies\n|-heal|p1a: crystal skies|100\/100\n|-singleturn|p1a: crystal skies|move: Roost\n|\n|-weather|Sandstorm|[upkeep]\n|upkeep\n|turn|6\n|\n|t:|1605310401\n|detailschange|p2a: Gardevoir|Gardevoir-Mega, F\n|-mega|p2a: Gardevoir|Gardevoir|Gardevoirite\n|detailschange|p1a: crystal skies|Altaria-Mega, F\n|-mega|p1a: crystal skies|Altaria|Altarianite\n|move|p2a: Gardevoir|Hyper Voice|p1a: crystal skies\n|-supereffective|p1a: crystal skies\n|-damage|p1a: crystal skies|0 fnt\n|faint|p1a: crystal skies\n|\n|-weather|none\n|upkeep\n|\n|t:|1605310414\n|switch|p1a: Magnezone|Magnezone|100\/100\n|turn|7\n|\n|t:|1605310426\n|switch|p2a: Jirachi|Jirachi|100\/100\n|move|p1a: Magnezone|Volt Switch|p2a: Jirachi\n|-damage|p2a: Jirachi|79\/100\n|\n|t:|1605310432\n|switch|p1a: Landorus|Landorus-Therian, M|100\/100|[from]move: Volt Switch\n|-ability|p1a: Landorus|Intimidate|boost\n|-unboost|p2a: Jirachi|atk|1\n|\n|-heal|p2a: Jirachi|85\/100|[from] item: Leftovers\n|upkeep\n|turn|8\n|\n|t:|1605310436\n|switch|p2a: Keldeo|Keldeo-Resolute|1\/100\n|move|p1a: Landorus|Stealth Rock|p2a: Keldeo\n|-sidestart|p2: Redemption|move: Stealth Rock\n|\n|upkeep\n|turn|9\n|\n|t:|1605310448\n|switch|p1a: Suicune|Suicune|100\/100\n|-ability|p1a: Suicune|Pressure\n|move|p2a: Keldeo|Secret Sword|p1a: Suicune\n|-damage|p1a: Suicune|66\/100\n|\n|-heal|p1a: Suicune|72\/100|[from] item: Leftovers\n|upkeep\n|turn|10\n|\n|t:|1605310455\n|move|p2a: Keldeo|Secret Sword|p1a: Suicune\n|-damage|p1a: Suicune|36\/100\n|move|p1a: Suicune|Calm Mind|p1a: Suicune\n|-boost|p1a: Suicune|spa|1\n|-boost|p1a: Suicune|spd|1\n|\n|-heal|p1a: Suicune|42\/100|[from] item: Leftovers\n|upkeep\n|turn|11\n|\n|t:|1605310461\n|move|p2a: Keldeo|Secret Sword|p1a: Suicune\n|-damage|p1a: Suicune|8\/100\n|move|p1a: Suicune|Rest|p1a: Suicune\n|-status|p1a: Suicune|slp|[from] move: Rest\n|-heal|p1a: Suicune|100\/100 slp|[silent]\n|\n|upkeep\n|turn|12\n|\n|t:|1605310475\n|move|p2a: Keldeo|Secret Sword|p1a: Suicune\n|-damage|p1a: Suicune|63\/100 slp\n|cant|p1a: Suicune|slp\n|\n|-heal|p1a: Suicune|69\/100 slp|[from] item: Leftovers\n|upkeep\n|turn|13\n|\n|t:|1605310481\n|move|p2a: Keldeo|Secret Sword|p1a: Suicune\n|-damage|p1a: Suicune|34\/100 slp\n|cant|p1a: Suicune|slp\n|\n|-heal|p1a: Suicune|40\/100 slp|[from] item: Leftovers\n|upkeep\n|turn|14\n|\n|t:|1605310488\n|switch|p2a: Tyranitar|Tyranitar, M|73\/100\n|-damage|p2a: Tyranitar|60\/100|[from] Stealth Rock\n|-weather|Sandstorm|[from] ability: Sand Stream|[of] p2a: Tyranitar\n|-curestatus|p1a: Suicune|slp|[msg]\n|move|p1a: Suicune|Rest|p1a: Suicune\n|-status|p1a: Suicune|slp|[from] move: Rest\n|-heal|p1a: Suicune|100\/100 slp|[silent]\n|\n|-weather|Sandstorm|[upkeep]\n|-damage|p1a: Suicune|94\/100 slp|[from] Sandstorm\n|-heal|p1a: Suicune|100\/100 slp|[from] item: Leftovers\n|upkeep\n|turn|15\n|\n|t:|1605310501\n|move|p2a: Tyranitar|Stone Edge|p1a: Suicune\n|-damage|p1a: Suicune|51\/100 slp\n|cant|p1a: Suicune|slp\n|\n|-weather|Sandstorm|[upkeep]\n|-damage|p1a: Suicune|45\/100 slp|[from] Sandstorm\n|-heal|p1a: Suicune|51\/100 slp|[from] item: Leftovers\n|upkeep\n|turn|16\n|\n|t:|1605310508\n|switch|p1a: Landorus|Landorus-Therian, M|100\/100\n|-ability|p1a: Landorus|Intimidate|boost\n|-unboost|p2a: Tyranitar|atk|1\n|move|p2a: Tyranitar|Stone Edge|p1a: Landorus\n|-damage|p1a: Landorus|33\/100\n|\n|-weather|Sandstorm|[upkeep]\n|upkeep\n|turn|17\n|\n|t:|1605310525\n|switch|p1a: Magnezone|Magnezone|100\/100\n|switch|p2a: Keldeo|Keldeo-Resolute|1\/100\n|-damage|p2a: Keldeo|0 fnt|[from] Stealth Rock\n|faint|p2a: Keldeo\n|\n|-weather|Sandstorm|[upkeep]\n|upkeep\n|\n|t:|1605310536\n|switch|p2a: Latios|Latios, M|100\/100\n|-damage|p2a: Latios|88\/100|[from] Stealth Rock\n|turn|18\n|inactive|Redemption has 270 seconds left.\n|\n|t:|1605310566\n|move|p2a: Latios|Draco Meteor|p1a: Magnezone\n|-resisted|p1a: Magnezone\n|-damage|p1a: Magnezone|58\/100\n|-unboost|p2a: Latios|spa|2\n|move|p1a: Magnezone|Volt Switch|p2a: Latios\n|-resisted|p2a: Latios\n|-damage|p2a: Latios|70\/100\n|\n|t:|1605310574\n|switch|p1a: Weavile|Weavile, M|100\/100|[from]move: Volt Switch\n|-ability|p1a: Weavile|Pressure\n|\n|-weather|none\n|upkeep\n|turn|19\n|inactive|Redemption has 270 seconds left.\n|inactive|xZesty has 270 seconds left.\n|\n|t:|1605310606\n|move|p1a: Weavile|Ice Shard|p2a: Latios\n|-supereffective|p2a: Latios\n|-damage|p2a: Latios|0 fnt\n|-damage|p1a: Weavile|91\/100|[from] item: Life Orb\n|faint|p2a: Latios\n|\n|upkeep\n|inactive|Redemption has 270 seconds left.\n|\n|t:|1605310617\n|switch|p2a: Gardevoir|Gardevoir-Mega, F|100\/100\n|-damage|p2a: Gardevoir|88\/100|[from] Stealth Rock\n|turn|20\n|inactive|xZesty has 270 seconds left.\n|\n|t:|1605310636\n|switch|p1a: Landorus|Landorus-Therian, M|33\/100\n|-ability|p1a: Landorus|Intimidate|boost\n|-unboost|p2a: Gardevoir|atk|1\n|move|p2a: Gardevoir|Hyper Voice|p1a: Landorus\n|-damage|p1a: Landorus|0 fnt\n|faint|p1a: Landorus\n|\n|upkeep\n|\n|t:|1605310638\n|switch|p1a: Magnezone|Magnezone|58\/100\n|turn|21\n|inactive|Redemption has 270 seconds left.\n|inactive|Redemption has 240 seconds left.\n|\n|t:|1605310689\n|move|p1a: Magnezone|Thunderbolt|p2a: Gardevoir\n|-damage|p2a: Gardevoir|47\/100\n|move|p2a: Gardevoir|Focus Blast|p1a: Magnezone\n|-supereffective|p1a: Magnezone\n|-crit|p1a: Magnezone\n|-damage|p1a: Magnezone|0 fnt\n|faint|p1a: Magnezone\n|\n|upkeep\n|\n|t:|1605310699\n|switch|p1a: Weavile|Weavile, M|91\/100\n|-ability|p1a: Weavile|Pressure\n|turn|22\n|inactive|Redemption has 240 seconds left.\n|\n|t:|1605310717\n|move|p1a: Weavile|Knock Off|p2a: Gardevoir\n|-damage|p2a: Gardevoir|0 fnt\n|-damage|p1a: Weavile|81\/100|[from] item: Life Orb\n|faint|p2a: Gardevoir\n|\n|upkeep\n|inactive|Redemption has 240 seconds left.\n|inactive|Redemption has 210 seconds left.\n|inactive|Redemption has 180 seconds left.\n|\n|t:|1605310808\n|switch|p2a: Tyranitar|Tyranitar, M|60\/100\n|-damage|p2a: Tyranitar|48\/100|[from] Stealth Rock\n|-weather|Sandstorm|[from] ability: Sand Stream|[of] p2a: Tyranitar\n|turn|23\n|inactive|Redemption has 150 seconds left.\n|\n|t:|1605310842\n|move|p1a: Weavile|Icicle Crash|p2a: Tyranitar\n|-crit|p2a: Tyranitar\n|-damage|p2a: Tyranitar|0 fnt\n|-damage|p1a: Weavile|71\/100|[from] item: Life Orb\n|faint|p2a: Tyranitar\n|\n|-weather|Sandstorm|[upkeep]\n|-damage|p1a: Weavile|65\/100|[from] Sandstorm\n|upkeep\n|inactive|Redemption has 120 seconds left.\n|-message|Redemption forfeited.\n|\n|win|xZesty\n","uploadtime":1605310867,"views":329,"p1id":"xzesty","p2id":"redemption","formatid":"gen6ou","rating":0,"private":0,"password":null}