{"id":"smogtours-ou-262425","p1":"Contorted Lies","p2":"Gotham Paladin","format":"ou","log":"|inactive|Battle timer is ON: inactive players will automatically lose when time's up.\n|J|Contorted Lies\n|J|Gotham Paladin\n|player|p1|Contorted Lies|168\n|player|p2|Gotham Paladin|283\n|gametype|singles\n|gen|6\n|tier|OU\n|seed|20943,27358,30891,50712\n|clearpoke\n|poke|p1|Medicham, M|item\n|poke|p1|Tyranitar, F|item\n|poke|p1|Amoonguss, M|item\n|poke|p1|Jirachi|item\n|poke|p1|Keldeo|item\n|poke|p1|Landorus-Therian, M|item\n|poke|p2|Kyurem-Black|item\n|poke|p2|Landorus-Therian, M|item\n|poke|p2|Klefki, F|item\n|poke|p2|Starmie|item\n|poke|p2|Scizor, M|item\n|poke|p2|Keldeo-Resolute|item\n|rule|Swagger Clause: Swagger is banned\n|rule|Baton Pass Clause: Limit one Baton Passer, can't pass Spe and other stats simultaneously\n|rule|Sleep Clause Mod: Limit one foe put to sleep\n|rule|Species Clause: Limit one of each Pok\u00e9mon\n|rule|OHKO Clause: OHKO moves are banned\n|rule|Moody Clause: Moody is banned\n|rule|Evasion Moves Clause: Evasion moves are banned\n|rule|Endless Battle Clause: Forcing endless battles is banned\n|rule|HP Percentage Mod: HP is shown in percentages\n|teampreview\n|c|\u2606Gotham Paladin|hf\n|c|\u2606Contorted Lies|u2\n|choice|team 1, team 2, team 3, team 4, team 5, team 6|team 6, team 2, team 3, team 4, team 5, team 1\n|\n|start\n|switch|p1a: Medicham|Medicham, M|265\/265\n|switch|p2a: Keldeo|Keldeo-Resolute|323\/323\n|turn|1\n|choice|move fakeout mega|move scald\n|\n|detailschange|p1a: Medicham|Medicham-Mega, M\n|-mega|p1a: Medicham|Medicham|Medichamite\n|move|p1a: Medicham|Fake Out|p2a: Keldeo\n|-damage|p2a: Keldeo|225\/323\n|cant|p2a: Keldeo|flinch\n|\n|-heal|p2a: Keldeo|245\/323|[from] item: Leftovers\n|upkeep\n|turn|2\n|choice|switch 3|move scald\n|\n|switch|p1a: Amoonguss|Amoonguss, M|431\/431\n|move|p2a: Keldeo|Scald|p1a: Amoonguss\n|-resisted|p1a: Amoonguss\n|-damage|p1a: Amoonguss|345\/431\n|\n|-heal|p2a: Keldeo|265\/323|[from] item: Leftovers\n|-heal|p1a: Amoonguss|371\/431|[from] item: Black Sludge\n|upkeep\n|turn|3\n|choice|move gigadrain|move substitute\n|\n|move|p2a: Keldeo|Substitute|p2a: Keldeo\n|-start|p2a: Keldeo|Substitute\n|-damage|p2a: Keldeo|185\/323\n|move|p1a: Amoonguss|Giga Drain|p2a: Keldeo\n|-supereffective|p2a: Keldeo\n|-end|p2a: Keldeo|Substitute\n|-heal|p1a: Amoonguss|411\/431|[from] drain|[of] p2a: Keldeo\n|\n|-heal|p2a: Keldeo|205\/323|[from] item: Leftovers\n|-heal|p1a: Amoonguss|431\/431|[from] item: Black Sludge\n|upkeep\n|turn|4\n|choice|move gigadrain|switch 5\n|\n|switch|p2a: Scizor|Scizor, M|282\/282\n|move|p1a: Amoonguss|Giga Drain|p2a: Scizor\n|-resisted|p2a: Scizor\n|-damage|p2a: Scizor|259\/282\n|\n|upkeep\n|turn|5\n|choice|move spore|switch 4\n|\n|switch|p2a: Starmie|Starmie|324\/324\n|move|p1a: Amoonguss|Spore|p2a: Starmie\n|-status|p2a: Starmie|slp\n|\n|upkeep\n|turn|6\n|choice|switch 6|switch 6\n|\n|-curestatus|p2a: Starmie|slp|[from] ability: Natural Cure\n|switch|p2a: Kyurem|Kyurem-Black|392\/392\n|-ability|p2a: Kyurem|Teravolt\n|switch|p1a: Landorus|Landorus-Therian, M|319\/319\n|-ability|p1a: Landorus|Intimidate|boost\n|-unboost|p2a: Kyurem|atk|1\n|\n|upkeep\n|turn|7\n|choice|switch 4|switch 2\n|\n|switch|p1a: Jirachi|Jirachi|404\/404\n|switch|p2a: Landorus|Landorus-Therian, M|382\/382\n|-ability|p2a: Landorus|Intimidate|boost\n|-unboost|p1a: Jirachi|atk|1\n|\n|upkeep\n|turn|8\n|choice|switch 5|move stealthrock\n|\n|switch|p1a: Keldeo|Keldeo|323\/323\n|move|p2a: Landorus|Stealth Rock|p1a: Keldeo\n|-sidestart|p1: Contorted Lies|move: Stealth Rock\n|\n|upkeep\n|turn|9\n|choice|move scald|switch 3\n|\n|switch|p2a: Klefki|Klefki, F|318\/318\n|move|p1a: Keldeo|Scald|p2a: Klefki\n|-damage|p2a: Klefki|215\/318\n|\n|-heal|p2a: Klefki|234\/318|[from] item: Leftovers\n|upkeep\n|turn|10\n|choice|switch 5|move spikes\n|\n|switch|p1a: Jirachi|Jirachi|404\/404\n|-damage|p1a: Jirachi|379\/404|[from] Stealth Rock\n|move|p2a: Klefki|Spikes|p1a: Jirachi\n|-sidestart|p1: Contorted Lies|Spikes\n|\n|-heal|p1a: Jirachi|404\/404|[from] item: Leftovers\n|-heal|p2a: Klefki|253\/318|[from] item: Leftovers\n|upkeep\n|turn|11\n|choice|move stealthrock|move thunderwave\n|\n|move|p2a: Klefki|Thunder Wave|p1a: Jirachi\n|-status|p1a: Jirachi|par\n|move|p1a: Jirachi|Stealth Rock|p2a: Klefki\n|-sidestart|p2: Gotham Paladin|move: Stealth Rock\n|\n|-heal|p2a: Klefki|272\/318|[from] item: Leftovers\n|upkeep\n|turn|12\n|choice|switch 4|move spikes\n|\n|switch|p1a: Landorus|Landorus-Therian, M|319\/319\n|-damage|p1a: Landorus|280\/319|[from] Stealth Rock\n|-ability|p1a: Landorus|Intimidate|boost\n|-unboost|p2a: Klefki|atk|1\n|move|p2a: Klefki|Spikes|p1a: Landorus\n|-sidestart|p1: Contorted Lies|Spikes\n|\n|-heal|p2a: Klefki|291\/318|[from] item: Leftovers\n|upkeep\n|turn|13\n|choice|move earthquake|switch 3\n|\n|switch|p2a: Landorus|Landorus-Therian, M|382\/382\n|-damage|p2a: Landorus|335\/382|[from] Stealth Rock\n|-ability|p2a: Landorus|Intimidate|boost\n|-unboost|p1a: Landorus|atk|1\n|move|p1a: Landorus|Earthquake|p2a: Landorus\n|-immune|p2a: Landorus|[msg]\n|\n|upkeep\n|turn|14\n|choice|switch 6|move uturn\n|\n|switch|p1a: Amoonguss|Amoonguss, M|431\/431\n|-damage|p1a: Amoonguss|378\/431|[from] Stealth Rock\n|-damage|p1a: Amoonguss|307\/431|[from] Spikes\n|move|p2a: Landorus|U-turn|p1a: Amoonguss\n|-damage|p1a: Amoonguss|233\/431\n|choice||switch 2\n|\n|switch|p2a: Kyurem|Kyurem-Black|392\/392\n|-damage|p2a: Kyurem|294\/392|[from] Stealth Rock\n|-ability|p2a: Kyurem|Teravolt\n|\n|-heal|p1a: Amoonguss|259\/431|[from] item: Black Sludge\n|upkeep\n|turn|15\n|choice|switch 4|move dragonclaw\n|\n|switch|p1a: Jirachi|Jirachi|404\/404 par\n|-damage|p1a: Jirachi|379\/404 par|[from] Stealth Rock\n|-damage|p1a: Jirachi|312\/404 par|[from] Spikes\n|move|p2a: Kyurem|Dragon Claw|p1a: Jirachi\n|-resisted|p1a: Jirachi\n|-damage|p1a: Jirachi|171\/404 par\n|\n|-heal|p1a: Jirachi|196\/404 par|[from] item: Leftovers\n|upkeep\n|turn|16\n|choice|move uturn|switch 2\n|\n|switch|p2a: Landorus|Landorus-Therian, M|335\/382\n|-damage|p2a: Landorus|288\/382|[from] Stealth Rock\n|-ability|p2a: Landorus|Intimidate|boost\n|-unboost|p1a: Jirachi|atk|1\n|cant|p1a: Jirachi|par\n|\n|-heal|p1a: Jirachi|221\/404 par|[from] item: Leftovers\n|upkeep\n|turn|17\n|choice|move uturn|move earthquake\n|\n|move|p2a: Landorus|Earthquake|p1a: Jirachi\n|-supereffective|p1a: Jirachi\n|-crit|p1a: Jirachi\n|-damage|p1a: Jirachi|0 fnt\n|faint|p1a: Jirachi\n|\n|upkeep\n|choice|switch 5|\n|\n|switch|p1a: Keldeo|Keldeo|323\/323\n|-damage|p1a: Keldeo|270\/323|[from] Spikes\n|-damage|p1a: Keldeo|250\/323|[from] Stealth Rock\n|turn|18\n|choice|move substitute|switch 6\n|\n|switch|p2a: Starmie|Starmie|324\/324\n|-damage|p2a: Starmie|284\/324|[from] Stealth Rock\n|move|p1a: Keldeo|Substitute|p1a: Keldeo\n|-start|p1a: Keldeo|Substitute\n|-damage|p1a: Keldeo|170\/323\n|\n|-heal|p2a: Starmie|304\/324|[from] item: Leftovers\n|-heal|p1a: Keldeo|190\/323|[from] item: Leftovers\n|upkeep\n|turn|19\n|choice|move scald|move rapidspin\n|\n|move|p2a: Starmie|Rapid Spin|p1a: Keldeo\n|-activate|p1a: Keldeo|move: Substitute|[damage]\n|-sideend|p2: Gotham Paladin|Stealth Rock|[from] move: Rapid Spin|[of] p2a: Starmie\n|move|p1a: Keldeo|Scald|p2a: Starmie\n|-resisted|p2a: Starmie\n|-damage|p2a: Starmie|216\/324\n|\n|-heal|p2a: Starmie|236\/324|[from] item: Leftovers\n|-heal|p1a: Keldeo|210\/323|[from] item: Leftovers\n|upkeep\n|turn|20\n|choice|move scald|move psyshock\n|\n|move|p2a: Starmie|Psyshock|p1a: Keldeo\n|-supereffective|p1a: Keldeo\n|-end|p1a: Keldeo|Substitute\n|move|p1a: Keldeo|Scald|p2a: Starmie\n|-resisted|p2a: Starmie\n|-damage|p2a: Starmie|152\/324\n|-status|p2a: Starmie|brn\n|\n|-heal|p2a: Starmie|172\/324 brn|[from] item: Leftovers\n|-heal|p1a: Keldeo|230\/323|[from] item: Leftovers\n|-damage|p2a: Starmie|132\/324 brn|[from] brn\n|upkeep\n|turn|21\n|choice|switch 2|switch 3\n|\n|-curestatus|p2a: Starmie|brn|[from] ability: Natural Cure\n|switch|p2a: Klefki|Klefki, F|291\/318\n|switch|p1a: Tyranitar|Tyranitar, F|341\/341\n|-damage|p1a: Tyranitar|299\/341|[from] Stealth Rock\n|-damage|p1a: Tyranitar|243\/341|[from] Spikes\n|-weather|Sandstorm|[from] ability: Sand Stream|[of] p1a: Tyranitar\n|\n|-weather|Sandstorm|[upkeep]\n|-heal|p2a: Klefki|310\/318|[from] item: Leftovers\n|upkeep\n|turn|22\n|choice|move superpower|move spikes\n|\n|move|p2a: Klefki|Spikes|p1a: Tyranitar\n|-sidestart|p1: Contorted Lies|Spikes\n|move|p1a: Tyranitar|Superpower|p2a: Klefki\n|-damage|p2a: Klefki|35\/318\n|-unboost|p1a: Tyranitar|atk|1\n|-unboost|p1a: Tyranitar|def|1\n|\n|-weather|Sandstorm|[upkeep]\n|-heal|p2a: Klefki|54\/318|[from] item: Leftovers\n|upkeep\n|turn|23\n|choice|switch 2|move thunderwave\n|\n|switch|p1a: Keldeo|Keldeo|230\/323\n|-damage|p1a: Keldeo|210\/323|[from] Stealth Rock\n|-damage|p1a: Keldeo|130\/323|[from] Spikes\n|move|p2a: Klefki|Thunder Wave|p1a: Keldeo\n|-status|p1a: Keldeo|par\n|\n|-weather|Sandstorm|[upkeep]\n|-damage|p1a: Keldeo|110\/323 par|[from] sandstorm\n|-heal|p2a: Klefki|73\/318|[from] item: Leftovers\n|-heal|p1a: Keldeo|130\/323 par|[from] item: Leftovers\n|upkeep\n|turn|24\n|choice|move scald|switch 3\n|\n|switch|p2a: Starmie|Starmie|132\/324\n|move|p1a: Keldeo|Scald|p2a: Starmie\n|-resisted|p2a: Starmie\n|-damage|p2a: Starmie|53\/324\n|\n|-weather|Sandstorm|[upkeep]\n|-damage|p2a: Starmie|33\/324|[from] sandstorm\n|-damage|p1a: Keldeo|110\/323 par|[from] sandstorm\n|-heal|p2a: Starmie|53\/324|[from] item: Leftovers\n|-heal|p1a: Keldeo|130\/323 par|[from] item: Leftovers\n|upkeep\n|turn|25\n|choice|move scald|move scald\n|\n|move|p2a: Starmie|Scald|p1a: Keldeo\n|-resisted|p1a: Keldeo\n|-damage|p1a: Keldeo|76\/323 par\n|cant|p1a: Keldeo|par\n|\n|-weather|none\n|-heal|p2a: Starmie|73\/324|[from] item: Leftovers\n|-heal|p1a: Keldeo|96\/323 par|[from] item: Leftovers\n|upkeep\n|turn|26\n|choice|move scald|move recover\n|\n|move|p2a: Starmie|Recover|p2a: Starmie\n|-heal|p2a: Starmie|235\/324\n|move|p1a: Keldeo|Scald|p2a: Starmie\n|-resisted|p2a: Starmie\n|-damage|p2a: Starmie|154\/324\n|\n|-heal|p2a: Starmie|174\/324|[from] item: Leftovers\n|-heal|p1a: Keldeo|116\/323 par|[from] item: Leftovers\n|upkeep\n|turn|27\n|choice|switch 2|move recover\n|\n|switch|p1a: Tyranitar|Tyranitar, F|243\/341\n|-damage|p1a: Tyranitar|201\/341|[from] Stealth Rock\n|-damage|p1a: Tyranitar|116\/341|[from] Spikes\n|-weather|Sandstorm|[from] ability: Sand Stream|[of] p1a: Tyranitar\n|move|p2a: Starmie|Recover|p2a: Starmie\n|-heal|p2a: Starmie|324\/324\n|\n|-weather|Sandstorm|[upkeep]\n|-damage|p2a: Starmie|304\/324|[from] sandstorm\n|-heal|p2a: Starmie|324\/324|[from] item: Leftovers\n|upkeep\n|turn|28\n|choice|move crunch|switch 6\n|\n|switch|p2a: Landorus|Landorus-Therian, M|288\/382\n|-ability|p2a: Landorus|Intimidate|boost\n|-unboost|p1a: Tyranitar|atk|1\n|move|p1a: Tyranitar|Crunch|p2a: Landorus\n|-damage|p2a: Landorus|174\/382\n|-damage|p1a: Tyranitar|60\/341|[from] item: Rocky Helmet|[of] p2a: Landorus\n|-unboost|p2a: Landorus|def|1\n|\n|-weather|Sandstorm|[upkeep]\n|upkeep\n|turn|29\n|choice|move crunch|move uturn\n|\n|move|p1a: Tyranitar|Crunch|p2a: Landorus\n|-damage|p2a: Landorus|0 fnt\n|-damage|p1a: Tyranitar|4\/341|[from] item: Rocky Helmet|[of] p2a: Landorus\n|faint|p2a: Landorus\n|\n|-weather|Sandstorm|[upkeep]\n|upkeep\n|choice||switch 4\n|\n|switch|p2a: Scizor|Scizor, M|259\/282\n|turn|30\n|choice|move crunch|move swordsdance mega\n|\n|detailschange|p2a: Scizor|Scizor-Mega, M\n|-mega|p2a: Scizor|Scizor|Scizorite\n|move|p2a: Scizor|Swords Dance|p2a: Scizor\n|-boost|p2a: Scizor|atk|2\n|move|p1a: Tyranitar|Crunch|p2a: Scizor\n|-damage|p2a: Scizor|144\/282\n|-unboost|p2a: Scizor|def|1\n|\n|-weather|Sandstorm|[upkeep]\n|upkeep\n|turn|31\n|J|Blackoblivion\n|choice|move crunch|move bulletpunch\n|\n|move|p2a: Scizor|Bullet Punch|p1a: Tyranitar\n|-supereffective|p1a: Tyranitar\n|-damage|p1a: Tyranitar|0 fnt\n|faint|p1a: Tyranitar\n|\n|-weather|none\n|upkeep\n|choice|switch 6|\n|\n|switch|p1a: Landorus|Landorus-Therian, M|280\/319\n|-damage|p1a: Landorus|241\/319|[from] Stealth Rock\n|-ability|p1a: Landorus|Intimidate|boost\n|-unboost|p2a: Scizor|atk|1\n|turn|32\n|choice|move earthquake|move bulletpunch\n|\n|move|p2a: Scizor|Bullet Punch|p1a: Landorus\n|-damage|p1a: Landorus|39\/319\n|move|p1a: Landorus|Earthquake|p2a: Scizor\n|-damage|p2a: Scizor|0 fnt\n|faint|p2a: Scizor\n|\n|upkeep\n|choice||switch 6\n|\n|switch|p2a: Starmie|Starmie|324\/324\n|turn|33\n|choice|switch 2|move scald\n|\n|switch|p1a: Keldeo|Keldeo|116\/323 par\n|-damage|p1a: Keldeo|36\/323 par|[from] Spikes\n|-damage|p1a: Keldeo|16\/323 par|[from] Stealth Rock\n|move|p2a: Starmie|Scald|p1a: Keldeo\n|-resisted|p1a: Keldeo\n|-damage|p1a: Keldeo|0 fnt\n|faint|p1a: Keldeo\n|\n|upkeep\n|choice|switch 3|\n|\n|switch|p1a: Medicham|Medicham-Mega, M|265\/265\n|-damage|p1a: Medicham|199\/265|[from] Spikes\n|-damage|p1a: Medicham|183\/265|[from] Stealth Rock\n|turn|34\n|L|Blackoblivion\n|choice|move fakeout|move scald\n|\n|move|p1a: Medicham|Fake Out|p2a: Starmie\n|-damage|p2a: Starmie|229\/324\n|cant|p2a: Starmie|flinch\n|\n|-heal|p2a: Starmie|249\/324|[from] item: Leftovers\n|upkeep\n|turn|35\n|choice|move highjumpkick|move scald\n|\n|move|p2a: Starmie|Scald|p1a: Medicham\n|-damage|p1a: Medicham|77\/265\n|move|p1a: Medicham|High Jump Kick|p2a: Starmie|[miss]\n|-miss|p1a: Medicham|p2a: Starmie\n|-damage|p1a: Medicham|0 fnt|[from] highjumpkick\n|faint|p1a: Medicham\n|\n|-heal|p2a: Starmie|269\/324|[from] item: Leftovers\n|upkeep\n|-message|Contorted Lies forfeited.\n|\n|win|Gotham Paladin","inputlog":null,"uploadtime":1490473654,"views":2,"p1id":"contortedlies","p2id":"gothampaladin","formatid":"ou","rating":0,"private":0,"password":null}