{"id":"smogtours-gen5ou-560726","p1":"Goootzinho","p2":"Souw","format":"gen5ou","log":"|inactive|Battle timer is ON: inactive players will automatically lose when time's up.\n|t:|1620936118\n|gametype|singles\n|player|p1|Goootzinho|karen-gen2|\n|player|p2|Souw|fantina|\n|teamsize|p1|6\n|teamsize|p2|6\n|gen|5\n|tier|[Gen 5] OU\n|rule|Species Clause: Limit one of each Pok\u00e9mon\n|rule|OHKO Clause: OHKO moves are banned\n|rule|Moody Clause: Moody is banned\n|rule|Evasion Moves Clause: Evasion moves are banned\n|rule|Endless Battle Clause: Forcing endless battles is banned\n|rule|HP Percentage Mod: HP is shown in percentages\n|rule|Evasion Abilities Clause: Evasion abilities are banned\n|rule|Baton Pass Clause: Limit one Baton Passer, can't pass Spe and other stats simultaneously\n|rule|Sleep Clause: Sleep-inducing moves are banned\n|rule|Swagger Clause: Swagger is banned\n|clearpoke\n|poke|p1|Xatu, F|item\n|poke|p1|Latios, M|item\n|poke|p1|Jirachi|item\n|poke|p1|Hippowdon, F|item\n|poke|p1|Rotom-Wash|item\n|poke|p1|Terrakion|item\n|poke|p2|Jirachi|item\n|poke|p2|Kyurem-Black|item\n|poke|p2|Starmie|item\n|poke|p2|Magnezone|item\n|poke|p2|Dragonite, M|item\n|poke|p2|Garchomp, M|item\n|teampreview\n|c|\u2606Souw|hf\n|c|\u2606Goootzinho|u2\n|inactive|Goootzinho has 270 seconds left.\n|inactive|Souw has 270 seconds left.\n|inactive|Goootzinho has 240 seconds left.\n|inactive|Souw has 240 seconds left.\n|\n|t:|1620936186\n|start\n|switch|p1a: Shiny Happy People|Hippowdon, F|100\/100\n|switch|p2a: 1|Jirachi|100\/100\n|-weather|Sandstorm|[from] ability: Sand Stream|[of] p1a: Shiny Happy People\n|turn|1\n|\n|t:|1620936202\n|move|p2a: 1|Icy Wind|p1a: Shiny Happy People\n|-supereffective|p1a: Shiny Happy People\n|-damage|p1a: Shiny Happy People|76\/100\n|-unboost|p1a: Shiny Happy People|spe|1\n|move|p1a: Shiny Happy People|Stealth Rock|p2a: 1\n|-sidestart|p2: Souw|move: Stealth Rock\n|\n|-weather|Sandstorm|[upkeep]\n|-heal|p1a: Shiny Happy People|82\/100|[from] item: Leftovers\n|upkeep\n|turn|2\n|\n|t:|1620936232\n|move|p2a: 1|Stealth Rock|p1a: Shiny Happy People\n|-sidestart|p1: Goootzinho|move: Stealth Rock\n|move|p1a: Shiny Happy People|Whirlwind|p2a: 1\n|drag|p2a: 6|Garchomp, M|100\/100\n|-damage|p2a: 6|94\/100|[from] Stealth Rock\n|\n|-weather|Sandstorm|[upkeep]\n|-heal|p1a: Shiny Happy People|88\/100|[from] item: Leftovers\n|upkeep\n|turn|3\n|inactive|Goootzinho has 270 seconds left.\n|\n|t:|1620936254\n|move|p2a: 6|Earthquake|p1a: Shiny Happy People\n|-crit|p1a: Shiny Happy People\n|-damage|p1a: Shiny Happy People|31\/100\n|move|p1a: Shiny Happy People|Slack Off|p1a: Shiny Happy People\n|-heal|p1a: Shiny Happy People|81\/100\n|\n|-weather|Sandstorm|[upkeep]\n|-heal|p1a: Shiny Happy People|87\/100|[from] item: Leftovers\n|upkeep\n|turn|4\n|inactive|Goootzinho has 270 seconds left.\n|inactive|Souw has 270 seconds left.\n|inactive|Goootzinho has 240 seconds left.\n|\n|t:|1620936298\n|switch|p2a: 3|Starmie|100\/100\n|-damage|p2a: 3|88\/100|[from] Stealth Rock\n|switch|p1a: Shining|Rotom-Wash, shiny|100\/100\n|-damage|p1a: Shining|88\/100|[from] Stealth Rock\n|\n|-weather|Sandstorm|[upkeep]\n|-damage|p2a: 3|82\/100|[from] Sandstorm\n|-damage|p1a: Shining|82\/100|[from] Sandstorm\n|-heal|p1a: Shining|88\/100|[from] item: Leftovers\n|upkeep\n|turn|5\n|inactive|Goootzinho has 240 seconds left.\n|inactive|Souw has 240 seconds left.\n|\n|t:|1620936324\n|move|p2a: 3|Rapid Spin|p1a: Shining\n|-damage|p1a: Shining|85\/100\n|-sideend|p2: Souw|Stealth Rock|[from] move: Rapid Spin|[of] p2a: 3\n|-damage|p2a: 3|72\/100|[from] item: Life Orb\n|move|p1a: Shining|Volt Switch|p2a: 3\n|-supereffective|p2a: 3\n|-damage|p2a: 3|1\/100\n|inactive|Goootzinho has 240 seconds left.\n|inactive|Goootzinho has 210 seconds left.\n|\n|t:|1620936360\n|switch|p1a: Yooperlites|Terrakion|100\/100|[from]move: Volt Switch\n|-damage|p1a: Yooperlites|94\/100|[from] Stealth Rock\n|\n|-weather|Sandstorm|[upkeep]\n|-damage|p2a: 3|0 fnt|[from] Sandstorm\n|faint|p2a: 3\n|upkeep\n|inactive|Souw has 240 seconds left.\n|\n|t:|1620936376\n|switch|p2a: 6|Garchomp, M|94\/100\n|turn|6\n|inactive|Goootzinho has 210 seconds left.\n|inactive|Souw has 240 seconds left.\n|\n|t:|1620936402\n|switch|p2a: 2|Kyurem-Black|100\/100\n|-ability|p2a: 2|Teravolt\n|switch|p1a: Shiny Happy People|Hippowdon, F|87\/100\n|-damage|p1a: Shiny Happy People|81\/100|[from] Stealth Rock\n|\n|-weather|Sandstorm|[upkeep]\n|-damage|p2a: 2|94\/100|[from] Sandstorm\n|-heal|p1a: Shiny Happy People|87\/100|[from] item: Leftovers\n|upkeep\n|turn|7\n|inactive|Souw has 240 seconds left.\n|\n|t:|1620936420\n|switch|p1a: Shine Bright Like|Jirachi|100\/100\n|-damage|p1a: Shine Bright Like|94\/100|[from] Stealth Rock\n|move|p2a: 2|Outrage|p1a: Shine Bright Like\n|-resisted|p1a: Shine Bright Like\n|-damage|p1a: Shine Bright Like|43\/100\n|\n|-weather|Sandstorm|[upkeep]\n|-damage|p2a: 2|88\/100|[from] Sandstorm\n|-heal|p1a: Shine Bright Like|49\/100|[from] item: Leftovers\n|upkeep\n|turn|8\n|inactive|Souw has 240 seconds left.\n|\n|t:|1620936433\n|move|p1a: Shine Bright Like|Protect|p1a: Shine Bright Like\n|-singleturn|p1a: Shine Bright Like|Protect\n|move|p2a: 2|Outrage|p1a: Shine Bright Like|[from]lockedmove\n|-activate|p1a: Shine Bright Like|move: Protect\n|\n|-weather|Sandstorm|[upkeep]\n|-damage|p2a: 2|82\/100|[from] Sandstorm\n|-heal|p1a: Shine Bright Like|55\/100|[from] item: Leftovers\n|upkeep\n|turn|9\n|\n|t:|1620936447\n|switch|p2a: 4|Magnezone|100\/100\n|move|p1a: Shine Bright Like|Iron Head|p2a: 4\n|-resisted|p2a: 4\n|-damage|p2a: 4|93\/100\n|\n|-weather|Sandstorm|[upkeep]\n|-heal|p1a: Shine Bright Like|62\/100|[from] item: Leftovers\n|upkeep\n|turn|10\n|\n|t:|1620936452\n|move|p1a: Shine Bright Like|Protect|p1a: Shine Bright Like\n|-singleturn|p1a: Shine Bright Like|Protect\n|move|p2a: 4|Substitute|p2a: 4\n|-start|p2a: 4|Substitute\n|-damage|p2a: 4|68\/100\n|\n|-weather|Sandstorm|[upkeep]\n|-heal|p1a: Shine Bright Like|68\/100|[from] item: Leftovers\n|upkeep\n|turn|11\n|inactive|Goootzinho has 210 seconds left.\n|\n|t:|1620936466\n|move|p1a: Shine Bright Like|Wish|p1a: Shine Bright Like\n|move|p2a: 4|Sunny Day|p2a: 4\n|-weather|SunnyDay\n|\n|-weather|SunnyDay|[upkeep]\n|-heal|p1a: Shine Bright Like|74\/100|[from] item: Leftovers\n|upkeep\n|turn|12\n|\n|t:|1620936476\n|move|p1a: Shine Bright Like|Protect|p1a: Shine Bright Like\n|-singleturn|p1a: Shine Bright Like|Protect\n|move|p2a: 4|Hidden Power|p1a: Shine Bright Like\n|-activate|p1a: Shine Bright Like|move: Protect\n|\n|-weather|SunnyDay|[upkeep]\n|-heal|p1a: Shine Bright Like|100\/100|[from] move: Wish|[wisher] Shine Bright Like\n|upkeep\n|turn|13\n|\n|t:|1620936484\n|move|p1a: Shine Bright Like|Body Slam|p2a: 4\n|-resisted|p2a: 4\n|-activate|p2a: 4|Substitute|[damage]\n|move|p2a: 4|Hidden Power|p1a: Shine Bright Like\n|-supereffective|p1a: Shine Bright Like\n|-damage|p1a: Shine Bright Like|48\/100\n|\n|-weather|SunnyDay|[upkeep]\n|-heal|p1a: Shine Bright Like|55\/100|[from] item: Leftovers\n|upkeep\n|turn|14\n|\n|t:|1620936496\n|move|p1a: Shine Bright Like|Protect|p1a: Shine Bright Like\n|-singleturn|p1a: Shine Bright Like|Protect\n|move|p2a: 4|Substitute|p2a: 4\n|-fail|p2a: 4|move: Substitute\n|\n|-weather|SunnyDay|[upkeep]\n|-heal|p1a: Shine Bright Like|61\/100|[from] item: Leftovers\n|upkeep\n|turn|15\n|\n|t:|1620936502\n|move|p1a: Shine Bright Like|Wish|p1a: Shine Bright Like\n|move|p2a: 4|Substitute|p2a: 4\n|-fail|p2a: 4|move: Substitute\n|\n|-weather|none\n|-heal|p1a: Shine Bright Like|67\/100|[from] item: Leftovers\n|upkeep\n|turn|16\n|\n|t:|1620936505\n|move|p1a: Shine Bright Like|Body Slam|p2a: 4\n|-resisted|p2a: 4\n|-activate|p2a: 4|Substitute|[damage]\n|move|p2a: 4|Sunny Day|p2a: 4\n|-weather|SunnyDay\n|\n|-weather|SunnyDay|[upkeep]\n|-heal|p1a: Shine Bright Like|100\/100|[from] move: Wish|[wisher] Shine Bright Like\n|upkeep\n|turn|17\n|\n|t:|1620936517\n|move|p1a: Shine Bright Like|Wish|p1a: Shine Bright Like\n|move|p2a: 4|Hidden Power|p1a: Shine Bright Like\n|-supereffective|p1a: Shine Bright Like\n|-damage|p1a: Shine Bright Like|51\/100\n|\n|-weather|SunnyDay|[upkeep]\n|-heal|p1a: Shine Bright Like|58\/100|[from] item: Leftovers\n|upkeep\n|turn|18\n|\n|t:|1620936528\n|move|p1a: Shine Bright Like|Protect|p1a: Shine Bright Like\n|-singleturn|p1a: Shine Bright Like|Protect\n|move|p2a: 4|Hidden Power|p1a: Shine Bright Like\n|-activate|p1a: Shine Bright Like|move: Protect\n|\n|-weather|SunnyDay|[upkeep]\n|-heal|p1a: Shine Bright Like|100\/100|[from] move: Wish|[wisher] Shine Bright Like\n|upkeep\n|turn|19\n|\n|t:|1620936546\n|move|p1a: Shine Bright Like|Wish|p1a: Shine Bright Like\n|move|p2a: 4|Hidden Power|p1a: Shine Bright Like\n|-supereffective|p1a: Shine Bright Like\n|-damage|p1a: Shine Bright Like|48\/100\n|\n|-weather|SunnyDay|[upkeep]\n|-heal|p1a: Shine Bright Like|55\/100|[from] item: Leftovers\n|upkeep\n|turn|20\n|\n|t:|1620936553\n|move|p1a: Shine Bright Like|Protect|p1a: Shine Bright Like\n|-singleturn|p1a: Shine Bright Like|Protect\n|move|p2a: 4|Substitute|p2a: 4\n|-fail|p2a: 4|move: Substitute\n|\n|-weather|none\n|-heal|p1a: Shine Bright Like|100\/100|[from] move: Wish|[wisher] Shine Bright Like\n|upkeep\n|turn|21\n|\n|t:|1620936557\n|move|p1a: Shine Bright Like|Body Slam|p2a: 4\n|-resisted|p2a: 4\n|-end|p2a: 4|Substitute\n|move|p2a: 4|Sunny Day|p2a: 4\n|-weather|SunnyDay\n|\n|-weather|SunnyDay|[upkeep]\n|upkeep\n|turn|22\n|\n|t:|1620936562\n|move|p1a: Shine Bright Like|Body Slam|p2a: 4\n|-resisted|p2a: 4\n|-damage|p2a: 4|58\/100\n|move|p2a: 4|Substitute|p2a: 4\n|-start|p2a: 4|Substitute\n|-damage|p2a: 4|33\/100\n|\n|-weather|SunnyDay|[upkeep]\n|upkeep\n|turn|23\n|inactive|Goootzinho has 270 seconds left.\n|\n|t:|1620936571\n|move|p1a: Shine Bright Like|Wish|p1a: Shine Bright Like\n|move|p2a: 4|Sunny Day||[still]\n|-fail|p2a: 4\n|\n|-weather|SunnyDay|[upkeep]\n|upkeep\n|turn|24\n|\n|t:|1620936574\n|move|p1a: Shine Bright Like|Body Slam|p2a: 4\n|-resisted|p2a: 4\n|-activate|p2a: 4|Substitute|[damage]\n|move|p2a: 4|Hidden Power|p1a: Shine Bright Like\n|-supereffective|p1a: Shine Bright Like\n|-damage|p1a: Shine Bright Like|51\/100\n|\n|-weather|SunnyDay|[upkeep]\n|-heal|p1a: Shine Bright Like|100\/100|[from] move: Wish|[wisher] Shine Bright Like\n|upkeep\n|turn|25\n|\n|t:|1620936582\n|move|p1a: Shine Bright Like|Wish|p1a: Shine Bright Like\n|move|p2a: 4|Hidden Power|p1a: Shine Bright Like\n|-supereffective|p1a: Shine Bright Like\n|-damage|p1a: Shine Bright Like|50\/100\n|\n|-weather|none\n|-heal|p1a: Shine Bright Like|57\/100|[from] item: Leftovers\n|upkeep\n|turn|26\n|\n|t:|1620936588\n|move|p1a: Shine Bright Like|Body Slam|p2a: 4\n|-resisted|p2a: 4\n|-activate|p2a: 4|Substitute|[damage]\n|move|p2a: 4|Sunny Day|p2a: 4\n|-weather|SunnyDay\n|\n|-weather|SunnyDay|[upkeep]\n|-heal|p1a: Shine Bright Like|100\/100|[from] move: Wish|[wisher] Shine Bright Like\n|upkeep\n|turn|27\n|\n|t:|1620936596\n|move|p1a: Shine Bright Like|Wish|p1a: Shine Bright Like\n|move|p2a: 4|Hidden Power|p1a: Shine Bright Like\n|-supereffective|p1a: Shine Bright Like\n|-damage|p1a: Shine Bright Like|49\/100\n|\n|-weather|SunnyDay|[upkeep]\n|-heal|p1a: Shine Bright Like|55\/100|[from] item: Leftovers\n|upkeep\n|turn|28\n|\n|t:|1620936602\n|move|p1a: Shine Bright Like|Protect|p1a: Shine Bright Like\n|-singleturn|p1a: Shine Bright Like|Protect\n|move|p2a: 4|Thunderbolt|p1a: Shine Bright Like\n|-activate|p1a: Shine Bright Like|move: Protect\n|\n|-weather|SunnyDay|[upkeep]\n|-heal|p1a: Shine Bright Like|100\/100|[from] move: Wish|[wisher] Shine Bright Like\n|upkeep\n|turn|29\n|\n|t:|1620936610\n|move|p1a: Shine Bright Like|Wish|p1a: Shine Bright Like\n|move|p2a: 4|Hidden Power|p1a: Shine Bright Like\n|-supereffective|p1a: Shine Bright Like\n|-damage|p1a: Shine Bright Like|47\/100\n|\n|-weather|SunnyDay|[upkeep]\n|-heal|p1a: Shine Bright Like|53\/100|[from] item: Leftovers\n|upkeep\n|turn|30\n|\n|t:|1620936617\n|move|p1a: Shine Bright Like|Protect|p1a: Shine Bright Like\n|-singleturn|p1a: Shine Bright Like|Protect\n|move|p2a: 4|Thunderbolt|p1a: Shine Bright Like\n|-activate|p1a: Shine Bright Like|move: Protect\n|\n|-weather|none\n|-heal|p1a: Shine Bright Like|100\/100|[from] move: Wish|[wisher] Shine Bright Like\n|upkeep\n|turn|31\n|\n|t:|1620936620\n|move|p1a: Shine Bright Like|Body Slam|p2a: 4\n|-resisted|p2a: 4\n|-end|p2a: 4|Substitute\n|move|p2a: 4|Sunny Day|p2a: 4\n|-weather|SunnyDay\n|\n|-weather|SunnyDay|[upkeep]\n|upkeep\n|turn|32\n|\n|t:|1620936632\n|move|p1a: Shine Bright Like|Body Slam|p2a: 4\n|-resisted|p2a: 4\n|-damage|p2a: 4|22\/100\n|-status|p2a: 4|par\n|move|p2a: 4|Substitute|p2a: 4\n|-fail|p2a: 4|move: Substitute|[weak]\n|\n|-weather|SunnyDay|[upkeep]\n|upkeep\n|turn|33\n|\n|t:|1620936643\n|move|p1a: Shine Bright Like|Protect|p1a: Shine Bright Like\n|-singleturn|p1a: Shine Bright Like|Protect\n|move|p2a: 4|Hidden Power|p1a: Shine Bright Like\n|-activate|p1a: Shine Bright Like|move: Protect\n|\n|-weather|SunnyDay|[upkeep]\n|upkeep\n|turn|34\n|\n|t:|1620936651\n|move|p1a: Shine Bright Like|Wish|p1a: Shine Bright Like\n|move|p2a: 4|Hidden Power|p1a: Shine Bright Like\n|-supereffective|p1a: Shine Bright Like\n|-damage|p1a: Shine Bright Like|46\/100\n|\n|-weather|SunnyDay|[upkeep]\n|-heal|p1a: Shine Bright Like|53\/100|[from] item: Leftovers\n|upkeep\n|turn|35\n|\n|t:|1620936660\n|move|p1a: Shine Bright Like|Protect|p1a: Shine Bright Like\n|-singleturn|p1a: Shine Bright Like|Protect\n|move|p2a: 4|Hidden Power|p1a: Shine Bright Like\n|-activate|p1a: Shine Bright Like|move: Protect\n|\n|-weather|none\n|-heal|p1a: Shine Bright Like|100\/100|[from] move: Wish|[wisher] Shine Bright Like\n|upkeep\n|turn|36\n|\n|t:|1620936666\n|move|p1a: Shine Bright Like|Iron Head|p2a: 4\n|-resisted|p2a: 4\n|-crit|p2a: 4\n|-damage|p2a: 4|7\/100 par\n|move|p2a: 4|Hidden Power|p1a: Shine Bright Like\n|-supereffective|p1a: Shine Bright Like\n|-damage|p1a: Shine Bright Like|65\/100\n|\n|-heal|p1a: Shine Bright Like|71\/100|[from] item: Leftovers\n|upkeep\n|turn|37\n|\n|t:|1620936674\n|move|p1a: Shine Bright Like|Wish|p1a: Shine Bright Like\n|move|p2a: 4|Thunderbolt|p1a: Shine Bright Like\n|-damage|p1a: Shine Bright Like|36\/100\n|\n|-heal|p1a: Shine Bright Like|43\/100|[from] item: Leftovers\n|upkeep\n|turn|38\n|\n|t:|1620936696\n|move|p1a: Shine Bright Like|Iron Head|p2a: 4\n|-resisted|p2a: 4\n|-damage|p2a: 4|0 fnt\n|faint|p2a: 4\n|\n|-heal|p1a: Shine Bright Like|93\/100|[from] move: Wish|[wisher] Shine Bright Like\n|-heal|p1a: Shine Bright Like|99\/100|[from] item: Leftovers\n|upkeep\n|\n|t:|1620936707\n|switch|p2a: 5|Dragonite, M|100\/100\n|turn|39\n|\n|t:|1620936716\n|switch|p1a: Shiny Happy People|Hippowdon, F|87\/100\n|-damage|p1a: Shiny Happy People|81\/100|[from] Stealth Rock\n|-weather|Sandstorm|[from] ability: Sand Stream|[of] p1a: Shiny Happy People\n|move|p2a: 5|Dragon Dance|p2a: 5\n|-boost|p2a: 5|atk|1\n|-boost|p2a: 5|spe|1\n|\n|-weather|Sandstorm|[upkeep]\n|-damage|p2a: 5|94\/100|[from] Sandstorm\n|-heal|p1a: Shiny Happy People|87\/100|[from] item: Leftovers\n|upkeep\n|turn|40\n|\n|t:|1620936720\n|move|p2a: 5|Outrage|p1a: Shiny Happy People\n|-damage|p1a: Shiny Happy People|35\/100\n|move|p1a: Shiny Happy People|Whirlwind|p2a: 5\n|drag|p2a: 1|Jirachi|100\/100\n|\n|-weather|Sandstorm|[upkeep]\n|-heal|p1a: Shiny Happy People|41\/100|[from] item: Leftovers\n|upkeep\n|turn|41\n|\n|t:|1620936732\n|move|p2a: 1|Energy Ball|p1a: Shiny Happy People\n|-supereffective|p1a: Shiny Happy People\n|-damage|p1a: Shiny Happy People|0 fnt\n|faint|p1a: Shiny Happy People\n|\n|-weather|Sandstorm|[upkeep]\n|upkeep\n|\n|t:|1620936747\n|switch|p1a: Shining|Rotom-Wash, shiny|85\/100\n|-damage|p1a: Shining|72\/100|[from] Stealth Rock\n|turn|42\n|\n|t:|1620936751\n|move|p2a: 1|U-turn|p1a: Shining\n|-damage|p1a: Shining|58\/100\n|\n|t:|1620936764\n|switch|p2a: 2|Kyurem-Black|82\/100|[from]move: U-turn\n|-ability|p2a: 2|Teravolt\n|move|p1a: Shining|Will-O-Wisp|p2a: 2\n|-status|p2a: 2|brn\n|\n|-weather|Sandstorm|[upkeep]\n|-damage|p2a: 2|76\/100 brn|[from] Sandstorm\n|-damage|p1a: Shining|52\/100|[from] Sandstorm\n|-heal|p1a: Shining|58\/100|[from] item: Leftovers\n|-damage|p2a: 2|63\/100 brn|[from] brn\n|upkeep\n|turn|43\n|inactive|Goootzinho has 270 seconds left.\n|\n|t:|1620936796\n|switch|p1a: SHINY NATU|Xatu, F, shiny|100\/100\n|-damage|p1a: SHINY NATU|76\/100|[from] Stealth Rock\n|move|p2a: 2|Fusion Bolt|p1a: SHINY NATU\n|-supereffective|p1a: SHINY NATU\n|-damage|p1a: SHINY NATU|3\/100\n|\n|-weather|Sandstorm|[upkeep]\n|-damage|p1a: SHINY NATU|0 fnt|[from] Sandstorm\n|-damage|p2a: 2|57\/100 brn|[from] Sandstorm\n|faint|p1a: SHINY NATU\n|-damage|p2a: 2|45\/100 brn|[from] brn\n|upkeep\n|inactive|Goootzinho has 270 seconds left.\n|\n|t:|1620936821\n|switch|p1a: Fox's Down B|Latios, M|100\/100\n|-damage|p1a: Fox's Down B|88\/100|[from] Stealth Rock\n|turn|44\n|\n|t:|1620936829\n|switch|p2a: 1|Jirachi|100\/100\n|move|p1a: Fox's Down B|Calm Mind|p1a: Fox's Down B\n|-boost|p1a: Fox's Down B|spa|1\n|-boost|p1a: Fox's Down B|spd|1\n|\n|-weather|Sandstorm|[upkeep]\n|-damage|p1a: Fox's Down B|82\/100|[from] Sandstorm\n|upkeep\n|turn|45\n|\n|t:|1620936834\n|move|p1a: Fox's Down B|Surf|p2a: 1\n|-damage|p2a: 1|67\/100\n|move|p2a: 1|Icy Wind|p1a: Fox's Down B\n|-supereffective|p1a: Fox's Down B\n|-damage|p1a: Fox's Down B|62\/100\n|-unboost|p1a: Fox's Down B|spe|1\n|\n|-weather|Sandstorm|[upkeep]\n|-damage|p1a: Fox's Down B|56\/100|[from] Sandstorm\n|-heal|p2a: 1|73\/100|[from] item: Leftovers\n|upkeep\n|turn|46\n|inactive|Goootzinho has 270 seconds left.\n|\n|t:|1620936858\n|move|p2a: 1|Icy Wind|p1a: Fox's Down B\n|-supereffective|p1a: Fox's Down B\n|-damage|p1a: Fox's Down B|39\/100\n|-unboost|p1a: Fox's Down B|spe|1\n|move|p1a: Fox's Down B|Recover|p1a: Fox's Down B\n|-heal|p1a: Fox's Down B|89\/100\n|\n|-weather|Sandstorm|[upkeep]\n|-damage|p1a: Fox's Down B|83\/100|[from] Sandstorm\n|-heal|p2a: 1|79\/100|[from] item: Leftovers\n|upkeep\n|turn|47\n|\n|t:|1620936867\n|move|p2a: 1|U-turn|p1a: Fox's Down B\n|-supereffective|p1a: Fox's Down B\n|-damage|p1a: Fox's Down B|41\/100\n|\n|t:|1620936870\n|switch|p2a: 2|Kyurem-Black|45\/100 brn|[from]move: U-turn\n|-ability|p2a: 2|Teravolt\n|move|p1a: Fox's Down B|Surf|p2a: 2\n|-resisted|p2a: 2\n|-damage|p2a: 2|23\/100 brn\n|\n|-weather|Sandstorm|[upkeep]\n|-damage|p2a: 2|17\/100 brn|[from] Sandstorm\n|-damage|p1a: Fox's Down B|35\/100|[from] Sandstorm\n|-damage|p2a: 2|4\/100 brn|[from] brn\n|upkeep\n|turn|48\n|inactive|Goootzinho has 270 seconds left.\n|\n|t:|1620936889\n|switch|p1a: Shine Bright Like|Jirachi|99\/100\n|-damage|p1a: Shine Bright Like|93\/100|[from] Stealth Rock\n|move|p2a: 2|Outrage|p1a: Shine Bright Like\n|-resisted|p1a: Shine Bright Like\n|-damage|p1a: Shine Bright Like|69\/100\n|\n|-weather|Sandstorm|[upkeep]\n|-damage|p2a: 2|0 fnt|[from] Sandstorm\n|faint|p2a: 2\n|-heal|p1a: Shine Bright Like|75\/100|[from] item: Leftovers\n|upkeep\n|\n|t:|1620936900\n|switch|p2a: 5|Dragonite, M|94\/100\n|turn|49\n|inactive|Goootzinho has 270 seconds left.\n|\n|t:|1620936906\n|move|p2a: 5|Dragon Dance|p2a: 5\n|-boost|p2a: 5|atk|1\n|-boost|p2a: 5|spe|1\n|move|p1a: Shine Bright Like|Body Slam|p2a: 5\n|-damage|p2a: 5|73\/100\n|-status|p2a: 5|par\n|\n|-weather|Sandstorm|[upkeep]\n|-damage|p2a: 5|66\/100 par|[from] Sandstorm\n|-heal|p1a: Shine Bright Like|82\/100|[from] item: Leftovers\n|upkeep\n|turn|50\n|\n|t:|1620936915\n|move|p1a: Shine Bright Like|Iron Head|p2a: 5\n|-damage|p2a: 5|33\/100 par\n|cant|p2a: 5|flinch\n|\n|-weather|Sandstorm|[upkeep]\n|-damage|p2a: 5|27\/100 par|[from] Sandstorm\n|-heal|p1a: Shine Bright Like|88\/100|[from] item: Leftovers\n|upkeep\n|turn|51\n|\n|t:|1620936918\n|move|p1a: Shine Bright Like|Iron Head|p2a: 5\n|-damage|p2a: 5|0 fnt\n|faint|p2a: 5\n|\n|-weather|Sandstorm|[upkeep]\n|-heal|p1a: Shine Bright Like|94\/100|[from] item: Leftovers\n|upkeep\n|\n|t:|1620936921\n|switch|p2a: 6|Garchomp, M|94\/100\n|turn|52\n|\n|t:|1620936927\n|move|p1a: Shine Bright Like|Protect|p1a: Shine Bright Like\n|-singleturn|p1a: Shine Bright Like|Protect\n|move|p2a: 6|Earthquake|p1a: Shine Bright Like\n|-activate|p1a: Shine Bright Like|move: Protect\n|\n|-weather|Sandstorm|[upkeep]\n|-heal|p1a: Shine Bright Like|99\/100|[from] item: Leftovers\n|upkeep\n|turn|53\n|\n|t:|1620936939\n|switch|p2a: 1|Jirachi|79\/100\n|switch|p1a: Fox's Down B|Latios, M|35\/100\n|-damage|p1a: Fox's Down B|23\/100|[from] Stealth Rock\n|\n|-weather|Sandstorm|[upkeep]\n|-damage|p1a: Fox's Down B|17\/100|[from] Sandstorm\n|-heal|p2a: 1|86\/100|[from] item: Leftovers\n|upkeep\n|turn|54\n|\n|t:|1620936961\n|move|p1a: Fox's Down B|Draco Meteor|p2a: 1\n|-enditem|p1a: Fox's Down B|Dragon Gem|[from] gem\n|-resisted|p2a: 1\n|-damage|p2a: 1|45\/100\n|-unboost|p1a: Fox's Down B|spa|2\n|move|p2a: 1|Icy Wind|p1a: Fox's Down B\n|-supereffective|p1a: Fox's Down B\n|-damage|p1a: Fox's Down B|0 fnt\n|faint|p1a: Fox's Down B\n|\n|-weather|Sandstorm|[upkeep]\n|-heal|p2a: 1|51\/100|[from] item: Leftovers\n|upkeep\n|\n|t:|1620936975\n|switch|p1a: Yooperlites|Terrakion|94\/100\n|-damage|p1a: Yooperlites|88\/100|[from] Stealth Rock\n|turn|55\n|\n|t:|1620936994\n|move|p1a: Yooperlites|Close Combat|p2a: 1\n|-damage|p2a: 1|0 fnt\n|-unboost|p1a: Yooperlites|def|1\n|-unboost|p1a: Yooperlites|spd|1\n|faint|p2a: 1\n|\n|-weather|Sandstorm|[upkeep]\n|upkeep\n|\n|t:|1620936996\n|switch|p2a: 6|Garchomp, M|94\/100\n|turn|56\n|\n|t:|1620937000\n|switch|p1a: Shining|Rotom-Wash, shiny|58\/100\n|-damage|p1a: Shining|46\/100|[from] Stealth Rock\n|move|p2a: 6|Outrage|p1a: Shining\n|-crit|p1a: Shining\n|-damage|p1a: Shining|0 fnt\n|faint|p1a: Shining\n|\n|-weather|Sandstorm|[upkeep]\n|upkeep\n|\n|t:|1620937007\n|switch|p1a: Shine Bright Like|Jirachi|99\/100\n|-damage|p1a: Shine Bright Like|94\/100|[from] Stealth Rock\n|turn|57\n|\n|t:|1620937010\n|move|p2a: 6|Outrage|p1a: Shine Bright Like|[from]lockedmove\n|-resisted|p1a: Shine Bright Like\n|-damage|p1a: Shine Bright Like|69\/100\n|-start|p2a: 6|confusion|[fatigue]\n|move|p1a: Shine Bright Like|Body Slam|p2a: 6\n|-damage|p2a: 6|73\/100\n|-status|p2a: 6|par\n|-damage|p1a: Shine Bright Like|57\/100|[from] ability: Rough Skin|[of] p2a: 6\n|\n|-weather|Sandstorm|[upkeep]\n|-heal|p1a: Shine Bright Like|63\/100|[from] item: Leftovers\n|upkeep\n|turn|58\n|c|\u2606Souw|jirachi ce pok\u00e9mon me fait p\u00e9ter des c\u00e2bles\n|c|\u2606Souw|gg\n|c|\u2606Goootzinho|ggs\n|\n|t:|1620937031\n|move|p1a: Shine Bright Like|Iron Head|p2a: 6\n|-damage|p2a: 6|47\/100 par\n|-damage|p1a: Shine Bright Like|50\/100|[from] ability: Rough Skin|[of] p2a: 6\n|cant|p2a: 6|flinch\n|\n|-weather|Sandstorm|[upkeep]\n|-heal|p1a: Shine Bright Like|57\/100|[from] item: Leftovers\n|upkeep\n|turn|59\n|-message|Souw forfeited.\n|\n|win|Goootzinho\n","uploadtime":1620937036,"views":112,"p1id":"goootzinho","p2id":"souw","formatid":"gen5ou","rating":0,"private":0,"password":null}