{"id":"smogtours-gen6ou-648978","p1":"Coach Jones 6fifth","p2":"MichaelderBeste2","format":"gen6ou","log":"|inactive|Battle timer is ON: inactive players will automatically lose when time's up.\n|t:|1663511345\n|gametype|singles\n|player|p1|Coach Jones 6fifth|lusamine-nihilego|\n|player|p2|MichaelderBeste2|#wcop2021germany|\n|teamsize|p1|6\n|teamsize|p2|6\n|gen|6\n|tier|[Gen 6] OU\n|rule|Sleep Clause Mod: Limit one foe put to sleep\n|rule|Species Clause: Limit one of each Pok\u00e9mon\n|rule|OHKO Clause: OHKO moves are banned\n|rule|Moody Clause: Moody is banned\n|rule|Evasion Items Clause: Evasion items are banned\n|rule|Evasion Moves Clause: Evasion moves are banned\n|rule|Endless Battle Clause: Forcing endless battles is banned\n|rule|HP Percentage Mod: HP is shown in percentages\n|rule|Swagger Clause: Swagger is banned\n|clearpoke\n|poke|p1|Ferrothorn, F|item\n|poke|p1|Keldeo|item\n|poke|p1|Tyranitar, F|item\n|poke|p1|Latios, M|item\n|poke|p1|Landorus-Therian, M|item\n|poke|p1|Metagross|item\n|poke|p2|Garchomp, M|item\n|poke|p2|Clefable, F|item\n|poke|p2|Ferrothorn, M|item\n|poke|p2|Latias, F|item\n|poke|p2|Tornadus-Therian, M|item\n|poke|p2|Slowbro, M|item\n|teampreview\n|c|\u2606MichaelderBeste2|hf\n|c|\u2606Coach Jones 6fifth|hf\n|inactive|Coach Jones 6fifth has 270 seconds left.\n|inactive|MichaelderBeste2 has 270 seconds left.\n|inactive|MichaelderBeste2 has 240 seconds left.\n|c|+lnternal|Finchinator\n|c|+lnternal|thoughts on Originality56\n|inactive|MichaelderBeste2 has 210 seconds left.\n|\n|t:|1663511439\n|start\n|switch|p1a: Tyranitar|Tyranitar, F|100\/100\n|switch|p2a: Slowbro|Slowbro, M|100\/100\n|-weather|Sandstorm|[from] ability: Sand Stream|[of] p1a: Tyranitar\n|turn|1\n|\n|t:|1663511454\n|switch|p1a: Ferrothorn|Ferrothorn, F|100\/100\n|move|p2a: Slowbro|Thunder Wave|p1a: Ferrothorn\n|-status|p1a: Ferrothorn|par\n|\n|-weather|Sandstorm|[upkeep]\n|-damage|p2a: Slowbro|94\/100|[from] Sandstorm\n|-heal|p2a: Slowbro|100\/100|[from] item: Leftovers\n|upkeep\n|turn|2\n|\n|t:|1663511476\n|switch|p2a: Ferrothorn|Ferrothorn, M|100\/100\n|move|p1a: Ferrothorn|Spikes|p2a: Ferrothorn\n|-sidestart|p2: MichaelderBeste2|Spikes\n|\n|-weather|Sandstorm|[upkeep]\n|upkeep\n|turn|3\n|\n|t:|1663511482\n|switch|p1a: Latios|Latios, M|100\/100\n|move|p2a: Ferrothorn|Spikes|p1a: Latios\n|-sidestart|p1: Coach Jones 6fifth|Spikes\n|\n|-weather|Sandstorm|[upkeep]\n|-damage|p1a: Latios|95\/100|[from] Sandstorm\n|upkeep\n|turn|4\n|\n|t:|1663511488\n|switch|p2a: Clefable|Clefable, F|100\/100\n|move|p1a: Latios|Trick|p2a: Clefable\n|-activate|p1a: Latios|move: Trick|[of] p2a: Clefable\n|-item|p2a: Clefable|Choice Scarf|[from] move: Trick\n|-item|p1a: Latios|Leftovers|[from] move: Trick\n|\n|-weather|Sandstorm|[upkeep]\n|-damage|p1a: Latios|89\/100|[from] Sandstorm\n|-heal|p1a: Latios|95\/100|[from] item: Leftovers\n|upkeep\n|turn|5\n|\n|t:|1663511499\n|switch|p1a: Ferrothorn|Ferrothorn, F|100\/100 par\n|-damage|p1a: Ferrothorn|88\/100 par|[from] Spikes\n|switch|p2a: Tornadus|Tornadus-Therian, M|100\/100\n|\n|-weather|none\n|-heal|p1a: Ferrothorn|94\/100 par|[from] item: Leftovers\n|upkeep\n|turn|6\n|\n|t:|1663511504\n|switch|p1a: Landorus|Landorus-Therian, M|100\/100\n|-ability|p1a: Landorus|Intimidate|boost\n|-unboost|p2a: Tornadus|atk|1\n|move|p2a: Tornadus|U-turn|p1a: Landorus\n|-resisted|p1a: Landorus\n|-damage|p1a: Landorus|97\/100\n|-damage|p2a: Tornadus|84\/100|[from] item: Rocky Helmet|[of] p1a: Landorus\n|\n|t:|1663511513\n|switch|p2a: Ferrothorn|Ferrothorn, M|100\/100|[from]move: U-turn\n|-damage|p2a: Ferrothorn|88\/100|[from] Spikes\n|\n|-heal|p2a: Ferrothorn|94\/100|[from] item: Leftovers\n|upkeep\n|turn|7\n|\n|t:|1663511516\n|move|p1a: Landorus|Stealth Rock|p2a: Ferrothorn\n|-sidestart|p2: MichaelderBeste2|move: Stealth Rock\n|move|p2a: Ferrothorn|Spikes|p1a: Landorus\n|-sidestart|p1: Coach Jones 6fifth|Spikes\n|\n|-heal|p2a: Ferrothorn|100\/100|[from] item: Leftovers\n|upkeep\n|turn|8\n|\n|t:|1663511521\n|switch|p1a: Ferrothorn|Ferrothorn, F|94\/100 par\n|-damage|p1a: Ferrothorn|78\/100 par|[from] Spikes\n|move|p2a: Ferrothorn|Spikes|p1a: Ferrothorn\n|-sidestart|p1: Coach Jones 6fifth|Spikes\n|\n|-heal|p1a: Ferrothorn|84\/100 par|[from] item: Leftovers\n|upkeep\n|turn|9\n|\n|t:|1663511533\n|switch|p2a: Clefable|Clefable, F|100\/100\n|move|p1a: Ferrothorn|Gyro Ball|p2a: Clefable\n|-supereffective|p2a: Clefable\n|-damage|p2a: Clefable|3\/100\n|\n|-heal|p1a: Ferrothorn|90\/100 par|[from] item: Leftovers\n|upkeep\n|turn|10\n|\n|t:|1663511540\n|move|p2a: Clefable|Flamethrower|p1a: Ferrothorn\n|-supereffective|p1a: Ferrothorn\n|-damage|p1a: Ferrothorn|28\/100 par\n|move|p1a: Ferrothorn|Gyro Ball|p2a: Clefable\n|-supereffective|p2a: Clefable\n|-damage|p2a: Clefable|0 fnt\n|faint|p2a: Clefable\n|\n|-heal|p1a: Ferrothorn|34\/100 par|[from] item: Leftovers\n|upkeep\n|\n|t:|1663511544\n|switch|p2a: Garchomp|Garchomp, M|100\/100\n|-damage|p2a: Garchomp|88\/100|[from] Spikes\n|-damage|p2a: Garchomp|82\/100|[from] Stealth Rock\n|turn|11\n|\n|t:|1663511547\n|switch|p1a: Landorus|Landorus-Therian, M|97\/100\n|-ability|p1a: Landorus|Intimidate|boost\n|-unboost|p2a: Garchomp|atk|1\n|move|p2a: Garchomp|Stealth Rock|p1a: Landorus\n|-sidestart|p1: Coach Jones 6fifth|move: Stealth Rock\n|\n|upkeep\n|turn|12\n|\n|t:|1663511552\n|switch|p2a: Slowbro|Slowbro, M|100\/100\n|-damage|p2a: Slowbro|88\/100|[from] Spikes\n|-damage|p2a: Slowbro|76\/100|[from] Stealth Rock\n|move|p1a: Landorus|U-turn|p2a: Slowbro\n|-supereffective|p2a: Slowbro\n|-damage|p2a: Slowbro|48\/100\n|\n|t:|1663511554\n|switch|p1a: Latios|Latios, M|95\/100|[from]move: U-turn\n|-damage|p1a: Latios|82\/100|[from] Stealth Rock\n|\n|-heal|p1a: Latios|88\/100|[from] item: Leftovers\n|-heal|p2a: Slowbro|54\/100|[from] item: Leftovers\n|upkeep\n|turn|13\n|\n|t:|1663511558\n|switch|p2a: Ferrothorn|Ferrothorn, M|100\/100\n|-damage|p2a: Ferrothorn|88\/100|[from] Spikes\n|-damage|p2a: Ferrothorn|82\/100|[from] Stealth Rock\n|move|p1a: Latios|Defog|p2a: Ferrothorn\n|-unboost|p2a: Ferrothorn|evasion|1\n|-sideend|p2: MichaelderBeste2|Spikes|[from] move: Defog|[of] p1a: Latios\n|-sideend|p2: MichaelderBeste2|Stealth Rock|[from] move: Defog|[of] p1a: Latios\n|-sideend|p1: Coach Jones 6fifth|Spikes|[from] move: Defog|[of] p1a: Latios\n|-sideend|p1: Coach Jones 6fifth|Stealth Rock|[from] move: Defog|[of] p1a: Latios\n|\n|-heal|p1a: Latios|94\/100|[from] item: Leftovers\n|-heal|p2a: Ferrothorn|88\/100|[from] item: Leftovers\n|upkeep\n|turn|14\n|\n|t:|1663511586\n|switch|p1a: Ferrothorn|Ferrothorn, F|34\/100 par\n|move|p2a: Ferrothorn|Spikes|p1a: Ferrothorn\n|-sidestart|p1: Coach Jones 6fifth|Spikes\n|\n|-heal|p2a: Ferrothorn|94\/100|[from] item: Leftovers\n|-heal|p1a: Ferrothorn|40\/100 par|[from] item: Leftovers\n|upkeep\n|turn|15\n|\n|t:|1663511608\n|switch|p2a: Tornadus|Tornadus-Therian, M|100\/100\n|move|p1a: Ferrothorn|Spikes|p2a: Tornadus\n|-sidestart|p2: MichaelderBeste2|Spikes\n|\n|-heal|p1a: Ferrothorn|47\/100 par|[from] item: Leftovers\n|upkeep\n|turn|16\n|\n|t:|1663511618\n|move|p2a: Tornadus|Hurricane|p1a: Ferrothorn|[miss]\n|-miss|p2a: Tornadus|p1a: Ferrothorn\n|move|p1a: Ferrothorn|Gyro Ball|p2a: Tornadus\n|-damage|p2a: Tornadus|45\/100\n|-damage|p1a: Ferrothorn|30\/100 par|[from] item: Rocky Helmet|[of] p2a: Tornadus\n|\n|-heal|p1a: Ferrothorn|36\/100 par|[from] item: Leftovers\n|upkeep\n|turn|17\n|\n|t:|1663511625\n|move|p2a: Tornadus|U-turn|p1a: Ferrothorn\n|-damage|p1a: Ferrothorn|27\/100 par\n|-damage|p2a: Tornadus|33\/100|[from] ability: Iron Barbs|[of] p1a: Ferrothorn\n|\n|t:|1663511629\n|switch|p2a: Garchomp|Garchomp, M|82\/100|[from]move: U-turn\n|-damage|p2a: Garchomp|70\/100|[from] Spikes\n|cant|p1a: Ferrothorn|par\n|\n|-heal|p1a: Ferrothorn|33\/100 par|[from] item: Leftovers\n|upkeep\n|turn|18\n|\n|t:|1663511634\n|switch|p1a: Landorus|Landorus-Therian, M|97\/100\n|-ability|p1a: Landorus|Intimidate|boost\n|-unboost|p2a: Garchomp|atk|1\n|move|p2a: Garchomp|Stealth Rock|p1a: Landorus\n|-sidestart|p1: Coach Jones 6fifth|move: Stealth Rock\n|\n|upkeep\n|turn|19\n|\n|t:|1663511638\n|switch|p2a: Slowbro|Slowbro, M|88\/100\n|-damage|p2a: Slowbro|75\/100|[from] Spikes\n|move|p1a: Landorus|Stealth Rock|p2a: Slowbro\n|-sidestart|p2: MichaelderBeste2|move: Stealth Rock\n|\n|-heal|p2a: Slowbro|81\/100|[from] item: Leftovers\n|upkeep\n|turn|20\n|\n|t:|1663511644\n|move|p1a: Landorus|U-turn|p2a: Slowbro\n|-supereffective|p2a: Slowbro\n|-damage|p2a: Slowbro|56\/100\n|\n|t:|1663511650\n|switch|p1a: Latios|Latios, M|94\/100|[from]move: U-turn\n|-damage|p1a: Latios|82\/100|[from] Stealth Rock\n|move|p2a: Slowbro|Ice Beam|p1a: Latios\n|-supereffective|p1a: Latios\n|-damage|p1a: Latios|40\/100\n|\n|-heal|p1a: Latios|46\/100|[from] item: Leftovers\n|-heal|p2a: Slowbro|62\/100|[from] item: Leftovers\n|upkeep\n|turn|21\n|\n|t:|1663511666\n|switch|p1a: Keldeo|Keldeo|100\/100\n|-damage|p1a: Keldeo|88\/100|[from] Spikes\n|-damage|p1a: Keldeo|82\/100|[from] Stealth Rock\n|switch|p2a: Ferrothorn|Ferrothorn, M|94\/100\n|-damage|p2a: Ferrothorn|82\/100|[from] Spikes\n|-damage|p2a: Ferrothorn|75\/100|[from] Stealth Rock\n|\n|-heal|p2a: Ferrothorn|82\/100|[from] item: Leftovers\n|upkeep\n|turn|22\n|\n|t:|1663511676\n|switch|p2a: Slowbro|Slowbro, M|95\/100\n|-damage|p2a: Slowbro|83\/100|[from] Spikes\n|-damage|p2a: Slowbro|70\/100|[from] Stealth Rock\n|move|p1a: Keldeo|Hidden Power|p2a: Slowbro\n|-supereffective|p2a: Slowbro\n|-damage|p2a: Slowbro|5\/100\n|\n|-heal|p2a: Slowbro|11\/100|[from] item: Leftovers\n|upkeep\n|turn|23\n|\n|t:|1663511682\n|switch|p1a: Metagross|Metagross|100\/100\n|-damage|p1a: Metagross|88\/100|[from] Spikes\n|-damage|p1a: Metagross|82\/100|[from] Stealth Rock\n|switch|p2a: Latias|Latias, F|100\/100\n|-damage|p2a: Latias|88\/100|[from] Stealth Rock\n|\n|upkeep\n|turn|24\n|\n|t:|1663511685\n|switch|p2a: Ferrothorn|Ferrothorn, M|82\/100\n|-damage|p2a: Ferrothorn|69\/100|[from] Spikes\n|-damage|p2a: Ferrothorn|63\/100|[from] Stealth Rock\n|detailschange|p1a: Metagross|Metagross-Mega\n|-mega|p1a: Metagross|Metagross|Metagrossite\n|move|p1a: Metagross|Meteor Mash|p2a: Ferrothorn\n|-resisted|p2a: Ferrothorn\n|-damage|p2a: Ferrothorn|40\/100\n|-damage|p1a: Metagross|70\/100|[from] ability: Iron Barbs|[of] p2a: Ferrothorn\n|\n|-heal|p2a: Ferrothorn|46\/100|[from] item: Leftovers\n|upkeep\n|turn|25\n|\n|t:|1663511691\n|move|p1a: Metagross|Hammer Arm|p2a: Ferrothorn\n|-supereffective|p2a: Ferrothorn\n|-damage|p2a: Ferrothorn|0 fnt\n|-unboost|p1a: Metagross|spe|1\n|-damage|p1a: Metagross|58\/100|[from] ability: Iron Barbs|[of] p2a: Ferrothorn\n|faint|p2a: Ferrothorn\n|\n|upkeep\n|\n|t:|1663511696\n|switch|p2a: Garchomp|Garchomp, M|70\/100\n|-damage|p2a: Garchomp|58\/100|[from] Spikes\n|-damage|p2a: Garchomp|52\/100|[from] Stealth Rock\n|turn|26\n|\n|t:|1663511700\n|switch|p2a: Tornadus|Tornadus-Therian, M|66\/100\n|-damage|p2a: Tornadus|41\/100|[from] Stealth Rock\n|switch|p1a: Landorus|Landorus-Therian, M|97\/100\n|-damage|p1a: Landorus|85\/100|[from] Stealth Rock\n|-ability|p1a: Landorus|Intimidate|boost\n|-unboost|p2a: Tornadus|atk|1\n|\n|upkeep\n|turn|27\n|\n|t:|1663511703\n|move|p2a: Tornadus|Hurricane|p1a: Landorus|[miss]\n|-miss|p2a: Tornadus|p1a: Landorus\n|move|p1a: Landorus|Hidden Power|p2a: Tornadus\n|-supereffective|p2a: Tornadus\n|-damage|p2a: Tornadus|14\/100\n|\n|upkeep\n|turn|28\n|\n|t:|1663511708\n|switch|p2a: Garchomp|Garchomp, M|52\/100\n|-damage|p2a: Garchomp|39\/100|[from] Spikes\n|-damage|p2a: Garchomp|33\/100|[from] Stealth Rock\n|move|p1a: Landorus|Hidden Power|p2a: Garchomp\n|-supereffective|p2a: Garchomp\n|-damage|p2a: Garchomp|0 fnt\n|faint|p2a: Garchomp\n|\n|upkeep\n|c|\u2606MichaelderBeste2|gg\n|-message|MichaelderBeste2 forfeited.\n|\n|win|Coach Jones 6fifth\n|c|\u2606Coach Jones 6fifth|gg\n","uploadtime":1663511719,"views":57,"p1id":"coachjones6fifth","p2id":"michaelderbeste2","formatid":"gen6ou","rating":0,"private":0,"password":null}