{"id":"smogtours-gen7ou-351027","p1":"Gotham Paladin","p2":"ost pm2","format":"gen7ou","log":"|inactive|Battle timer is ON: inactive players will automatically lose when time's up.\n|player|p1|Gotham Paladin|283\n|player|p2|ost pm2|265\n|teamsize|p1|6\n|teamsize|p2|6\n|gametype|singles\n|gen|7\n|tier|[Gen 7] OU\n|rule|Sleep Clause Mod: Limit one foe put to sleep\n|rule|Species Clause: Limit one of each Pok\u00e9mon\n|rule|OHKO Clause: OHKO moves are banned\n|rule|Moody Clause: Moody is banned\n|rule|Evasion Moves Clause: Evasion moves are banned\n|rule|Endless Battle Clause: Forcing endless battles is banned\n|rule|HP Percentage Mod: HP is shown in percentages\n|clearpoke\n|poke|p1|Jellicent, F|item\n|poke|p1|Gliscor, F|item\n|poke|p1|Tapu Bulu|item\n|poke|p1|Magearna|item\n|poke|p1|Nihilego|item\n|poke|p1|Pinsir, M|item\n|poke|p2|Celesteela|item\n|poke|p2|Clefable, F|item\n|poke|p2|Greninja, M|item\n|poke|p2|Venusaur, F|item\n|poke|p2|Zygarde|item\n|poke|p2|Zapdos|item\n|teampreview\n|c|\u2606Gotham Paladin|hf\n|c|\u2606ost pm2|hf\n|inactive|ost pm2 has 285 seconds left.\n|c|+MARCOP9923|ost?\n|inactive|ost pm2 has 270 seconds left.\n|c|\u2606Gotham Paladin|yes\n|\n|start\n|switch|p1a: Nihilego|Nihilego|100\/100\n|switch|p2a: Zapdos|Zapdos|100\/100\n|turn|1\n|c|+MARCOP9923|is that pm2\n|c|\u2606ost pm2|its drunk pm2\n|c|\u2606ost pm2|fyi\n|c|+MARCOP9923|damn\n|inactive|ost pm2 has 270 seconds left.\n|c|+MARCOP9923|hightlight\n|\n|switch|p2a: Zygarde|Zygarde|100\/100\n|-ability|p2a: Zygarde|Aura Break\n|move|p1a: Nihilego|Hidden Power|p2a: Zygarde\n|-supereffective|p2a: Zygarde\n|-damage|p2a: Zygarde|36\/100\n|\n|-heal|p2a: Zygarde|42\/100|[from] item: Leftovers\n|upkeep\n|turn|2\n|c|\u2606ost pm2|holy shit\n|c|\u2606ost pm2|the play\n|inactive|ost pm2 has 270 seconds left.\n|\n|switch|p2a: Celesteela|Celesteela|100\/100\n|move|p1a: Nihilego|Hidden Power|p2a: Celesteela\n|-damage|p2a: Celesteela|86\/100\n|\n|-heal|p2a: Celesteela|92\/100|[from] item: Leftovers\n|upkeep\n|turn|3\n|inactive|ost pm2 has 270 seconds left.\n|\n|switch|p1a: Gliscor|Gliscor, F|100\/100\n|move|p2a: Celesteela|Leech Seed|p1a: Gliscor\n|-start|p1a: Gliscor|move: Leech Seed\n|\n|-heal|p2a: Celesteela|98\/100|[from] item: Leftovers\n|-damage|p1a: Gliscor|88\/100|[from] Leech Seed|[of] p2a: Celesteela\n|-heal|p2a: Celesteela|100\/100|[silent]\n|-status|p1a: Gliscor|tox|[from] item: Toxic Orb\n|upkeep\n|turn|4\n|inactive|ost pm2 has 270 seconds left.\n|\n|switch|p2a: Zapdos|Zapdos|100\/100\n|move|p1a: Gliscor|Stealth Rock|p2a: Zapdos\n|-sidestart|p2: ost pm2|move: Stealth Rock\n|\n|-damage|p1a: Gliscor|75\/100 tox|[from] Leech Seed|[of] p2a: Zapdos\n|-heal|p1a: Gliscor|88\/100 tox|[from] ability: Poison Heal\n|upkeep\n|turn|5\n|\n|switch|p1a: Nihilego|Nihilego|100\/100\n|move|p2a: Zapdos|Defog|p1a: Nihilego\n|-unboost|p1a: Nihilego|evasion|1\n|-sideend|p2: ost pm2|Stealth Rock|[from] move: Defog|[of] p2a: Zapdos\n|\n|upkeep\n|turn|6\n|c|+Flaress|so\n|c|+Flaress|pm2\n|c|+Flaress|drunk\n|\n|switch|p2a: Celesteela|Celesteela|100\/100\n|move|p1a: Nihilego|Power Gem|p2a: Celesteela\n|-damage|p2a: Celesteela|71\/100\n|\n|-heal|p2a: Celesteela|77\/100|[from] item: Leftovers\n|upkeep\n|turn|7\n|c|+Flaress|how many fingers am I holding\n|\n|switch|p1a: Gliscor|Gliscor, F|88\/100 tox\n|move|p2a: Celesteela|Leech Seed|p1a: Gliscor\n|-start|p1a: Gliscor|move: Leech Seed\n|\n|-heal|p2a: Celesteela|83\/100|[from] item: Leftovers\n|-damage|p1a: Gliscor|75\/100 tox|[from] Leech Seed|[of] p2a: Celesteela\n|-heal|p2a: Celesteela|94\/100|[silent]\n|-heal|p1a: Gliscor|88\/100 tox|[from] ability: Poison Heal\n|upkeep\n|turn|8\n|\n|switch|p2a: Zygarde|Zygarde|42\/100\n|-ability|p2a: Zygarde|Aura Break\n|move|p1a: Gliscor|Stealth Rock|p2a: Zygarde\n|-sidestart|p2: ost pm2|move: Stealth Rock\n|\n|-heal|p2a: Zygarde|49\/100|[from] item: Leftovers\n|-damage|p1a: Gliscor|75\/100 tox|[from] Leech Seed|[of] p2a: Zygarde\n|-heal|p2a: Zygarde|60\/100|[silent]\n|-heal|p1a: Gliscor|88\/100 tox|[from] ability: Poison Heal\n|upkeep\n|turn|9\n|\n|switch|p1a: Tapu Bulu|Tapu Bulu|100\/100\n|-fieldstart|move: Grassy Terrain|[from] ability: Grassy Surge|[of] p1a: Tapu Bulu\n|move|p2a: Zygarde|Substitute|p2a: Zygarde\n|-start|p2a: Zygarde|Substitute\n|-damage|p2a: Zygarde|35\/100\n|\n|-heal|p2a: Zygarde|41\/100|[from] item: Leftovers\n|-heal|p2a: Zygarde|47\/100|[from] Grassy Terrain\n|upkeep\n|turn|10\n|\n|move|p2a: Zygarde|Glare|p1a: Tapu Bulu\n|-status|p1a: Tapu Bulu|par\n|move|p1a: Tapu Bulu|Horn Leech|p2a: Zygarde\n|-end|p2a: Zygarde|Substitute\n|\n|-heal|p2a: Zygarde|53\/100|[from] item: Leftovers\n|-heal|p2a: Zygarde|59\/100|[from] Grassy Terrain\n|upkeep\n|turn|11\n|\n|switch|p2a: Celesteela|Celesteela|94\/100\n|-damage|p2a: Celesteela|82\/100|[from] Stealth Rock\n|cant|p1a: Tapu Bulu|par\n|\n|-heal|p2a: Celesteela|88\/100|[from] item: Leftovers\n|upkeep\n|turn|12\n|\n|switch|p2a: Zapdos|Zapdos|100\/100\n|-damage|p2a: Zapdos|76\/100|[from] Stealth Rock\n|switch|p1a: Jellicent|Jellicent, F|100\/100\n|\n|-heal|p2a: Zapdos|82\/100|[from] item: Leftovers\n|upkeep\n|turn|13\n|\n|move|p2a: Zapdos|Defog|p1a: Jellicent\n|-unboost|p1a: Jellicent|evasion|1\n|-sideend|p2: ost pm2|Stealth Rock|[from] move: Defog|[of] p2a: Zapdos\n|move|p1a: Jellicent|Will-O-Wisp|p2a: Zapdos\n|-status|p2a: Zapdos|brn\n|\n|-heal|p2a: Zapdos|88\/100 brn|[from] item: Leftovers\n|-fieldend|move: Grassy Terrain\n|-damage|p2a: Zapdos|82\/100 brn|[from] brn\n|upkeep\n|turn|14\n|\n|switch|p1a: Gliscor|Gliscor, F|88\/100 tox\n|move|p2a: Zapdos|Discharge|p1a: Gliscor\n|-immune|p1a: Gliscor|[msg]\n|\n|-heal|p2a: Zapdos|88\/100 brn|[from] item: Leftovers\n|-damage|p2a: Zapdos|82\/100 brn|[from] brn\n|-heal|p1a: Gliscor|100\/100 tox|[from] ability: Poison Heal\n|upkeep\n|turn|15\n|\n|move|p2a: Zapdos|Hidden Power|p1a: Gliscor\n|-supereffective|p1a: Gliscor\n|-damage|p1a: Gliscor|24\/100 tox\n|move|p1a: Gliscor|Stealth Rock|p2a: Zapdos\n|-sidestart|p2: ost pm2|move: Stealth Rock\n|\n|-heal|p2a: Zapdos|88\/100 brn|[from] item: Leftovers\n|-damage|p2a: Zapdos|82\/100 brn|[from] brn\n|-heal|p1a: Gliscor|37\/100 tox|[from] ability: Poison Heal\n|upkeep\n|turn|16\n|\n|switch|p1a: Magearna|Magearna|100\/100\n|move|p2a: Zapdos|Defog|p1a: Magearna\n|-unboost|p1a: Magearna|evasion|1\n|-sideend|p2: ost pm2|Stealth Rock|[from] move: Defog|[of] p2a: Zapdos\n|\n|-heal|p2a: Zapdos|88\/100 brn|[from] item: Leftovers\n|-damage|p2a: Zapdos|82\/100 brn|[from] brn\n|upkeep\n|turn|17\n|\n|switch|p2a: Venusaur|Venusaur, F|100\/100\n|move|p1a: Magearna|Ice Beam|p2a: Venusaur\n|-supereffective|p2a: Venusaur\n|-damage|p2a: Venusaur|56\/100\n|\n|upkeep\n|turn|18\n|\n|switch|p1a: Pinsir|Pinsir, M|100\/100\n|-mega|p2a: Venusaur|Venusaur|Venusaurite\n|detailschange|p2a: Venusaur|Venusaur-Mega, F\n|move|p2a: Venusaur|Synthesis|p2a: Venusaur\n|-heal|p2a: Venusaur|100\/100\n|\n|upkeep\n|turn|19\n|\n|switch|p2a: Zapdos|Zapdos|82\/100 brn\n|-mega|p1a: Pinsir|Pinsir|Pinsirite\n|detailschange|p1a: Pinsir|Pinsir-Mega, M\n|move|p1a: Pinsir|Swords Dance|p1a: Pinsir\n|-boost|p1a: Pinsir|atk|2\n|\n|-heal|p2a: Zapdos|88\/100 brn|[from] item: Leftovers\n|-damage|p2a: Zapdos|82\/100 brn|[from] brn\n|upkeep\n|turn|20\n|\n|move|p1a: Pinsir|Stone Edge|p2a: Zapdos|[miss]\n|-miss|p1a: Pinsir|p2a: Zapdos\n|move|p2a: Zapdos|Discharge|p1a: Pinsir\n|-supereffective|p1a: Pinsir\n|-damage|p1a: Pinsir|10\/100\n|-status|p1a: Pinsir|par\n|\n|-heal|p2a: Zapdos|88\/100 brn|[from] item: Leftovers\n|-damage|p2a: Zapdos|82\/100 brn|[from] brn\n|upkeep\n|turn|21\n|c|\u2606ost pm2|soz\n|c|+MARCOP9923|lol\n|\n|move|p2a: Zapdos|Hidden Power|p1a: Pinsir\n|-supereffective|p1a: Pinsir\n|-damage|p1a: Pinsir|0 fnt\n|faint|p1a: Pinsir\n|\n|-heal|p2a: Zapdos|88\/100 brn|[from] item: Leftovers\n|-damage|p2a: Zapdos|82\/100 brn|[from] brn\n|upkeep\n|c|\u2606ost pm2|lol\n|c|+MARCOP9923|damn\n|\n|switch|p1a: Nihilego|Nihilego|100\/100\n|turn|22\n|c|\u2606ost pm2|stone edge is a good set\n|c|+MARCOP9923|justice\n|\n|switch|p2a: Celesteela|Celesteela|88\/100\n|move|p1a: Nihilego|Power Gem|p2a: Celesteela\n|-damage|p2a: Celesteela|59\/100\n|\n|-heal|p2a: Celesteela|65\/100|[from] item: Leftovers\n|upkeep\n|turn|23\n|c|+MARCOP9923|for\n|c|+MARCOP9923|this guy\n|\n|move|p1a: Nihilego|Power Gem|p2a: Celesteela\n|-damage|p2a: Celesteela|39\/100\n|move|p2a: Celesteela|Leech Seed|p1a: Nihilego\n|-start|p1a: Nihilego|move: Leech Seed\n|\n|-heal|p2a: Celesteela|45\/100|[from] item: Leftovers\n|-damage|p1a: Nihilego|88\/100|[from] Leech Seed|[of] p2a: Celesteela\n|-heal|p2a: Celesteela|56\/100|[silent]\n|upkeep\n|turn|24\n|\n|switch|p1a: Tapu Bulu|Tapu Bulu|100\/100 par\n|-fieldstart|move: Grassy Terrain|[from] ability: Grassy Surge|[of] p1a: Tapu Bulu\n|move|p2a: Celesteela|Leech Seed|p1a: Tapu Bulu\n|-immune|p1a: Tapu Bulu|[msg]\n|\n|-heal|p2a: Celesteela|62\/100|[from] item: Leftovers\n|upkeep\n|turn|25\n|\n|switch|p1a: Gliscor|Gliscor, F|37\/100 tox\n|move|p2a: Celesteela|Heavy Slam|p1a: Gliscor\n|-damage|p1a: Gliscor|5\/100 tox\n|\n|-heal|p2a: Celesteela|68\/100|[from] item: Leftovers\n|-heal|p1a: Gliscor|18\/100 tox|[from] ability: Poison Heal\n|upkeep\n|turn|26\n|inactive|ost pm2 has 285 seconds left.\n|\n|switch|p2a: Zygarde|Zygarde|59\/100\n|-ability|p2a: Zygarde|Aura Break\n|move|p1a: Gliscor|Roost|p1a: Gliscor\n|-heal|p1a: Gliscor|68\/100 tox\n|\n|-heal|p2a: Zygarde|65\/100|[from] item: Leftovers\n|-heal|p2a: Zygarde|72\/100|[from] Grassy Terrain\n|-heal|p1a: Gliscor|74\/100 tox|[from] Grassy Terrain\n|-heal|p1a: Gliscor|87\/100 tox|[from] ability: Poison Heal\n|upkeep\n|turn|27\n|\n|switch|p1a: Tapu Bulu|Tapu Bulu|100\/100 par\n|move|p2a: Zygarde|Coil|p2a: Zygarde\n|-boost|p2a: Zygarde|atk|1\n|-boost|p2a: Zygarde|def|1\n|-boost|p2a: Zygarde|accuracy|1\n|\n|-heal|p2a: Zygarde|78\/100|[from] item: Leftovers\n|-heal|p2a: Zygarde|84\/100|[from] Grassy Terrain\n|upkeep\n|turn|28\n|\n|move|p2a: Zygarde|Coil|p2a: Zygarde\n|-boost|p2a: Zygarde|atk|1\n|-boost|p2a: Zygarde|def|1\n|-boost|p2a: Zygarde|accuracy|1\n|-zpower|p1a: Tapu Bulu\n|move|p1a: Tapu Bulu|Bloom Doom|p2a: Zygarde|[zeffect]\n|-damage|p2a: Zygarde|46\/100\n|\n|-heal|p2a: Zygarde|52\/100|[from] item: Leftovers\n|-heal|p2a: Zygarde|59\/100|[from] Grassy Terrain\n|-fieldend|move: Grassy Terrain\n|upkeep\n|turn|29\n|\n|move|p2a: Zygarde|Substitute|p2a: Zygarde\n|-start|p2a: Zygarde|Substitute\n|-damage|p2a: Zygarde|34\/100\n|move|p1a: Tapu Bulu|Swords Dance|p1a: Tapu Bulu\n|-boost|p1a: Tapu Bulu|atk|2\n|\n|-heal|p2a: Zygarde|40\/100|[from] item: Leftovers\n|upkeep\n|turn|30\n|\n|move|p2a: Zygarde|Thousand Arrows|p1a: Tapu Bulu\n|-resisted|p1a: Tapu Bulu\n|-damage|p1a: Tapu Bulu|64\/100 par\n|move|p1a: Tapu Bulu|Horn Leech|p2a: Zygarde\n|-end|p2a: Zygarde|Substitute\n|-heal|p1a: Tapu Bulu|82\/100 par|[from] drain|[of] p2a: Zygarde\n|\n|-heal|p2a: Zygarde|46\/100|[from] item: Leftovers\n|upkeep\n|turn|31\n|\n|switch|p2a: Venusaur|Venusaur-Mega, F|100\/100\n|move|p1a: Tapu Bulu|Horn Leech|p2a: Venusaur\n|-resisted|p2a: Venusaur\n|-damage|p2a: Venusaur|85\/100\n|-heal|p1a: Tapu Bulu|92\/100 par|[from] drain|[of] p2a: Venusaur\n|\n|upkeep\n|turn|32\n|inactive|Gotham Paladin has 285 seconds left.\n|\n|switch|p1a: Jellicent|Jellicent, F|100\/100\n|move|p2a: Venusaur|Sludge Bomb|p1a: Jellicent\n|-resisted|p1a: Jellicent\n|-damage|p1a: Jellicent|90\/100\n|-status|p1a: Jellicent|psn\n|\n|-damage|p1a: Jellicent|78\/100 psn|[from] psn\n|upkeep\n|turn|33\n|c|\u2606ost pm2|i am bad :[\n|\n|move|p2a: Venusaur|Giga Drain|p1a: Jellicent\n|-supereffective|p1a: Jellicent\n|-damage|p1a: Jellicent|42\/100 psn\n|-heal|p2a: Venusaur|100\/100|[from] drain|[of] p1a: Jellicent\n|move|p1a: Jellicent|Will-O-Wisp|p2a: Venusaur\n|-status|p2a: Venusaur|brn\n|\n|-damage|p2a: Venusaur|94\/100 brn|[from] brn\n|-damage|p1a: Jellicent|30\/100 psn|[from] psn\n|upkeep\n|turn|34\n|\n|switch|p1a: Magearna|Magearna|100\/100\n|move|p2a: Venusaur|Giga Drain|p1a: Magearna\n|-resisted|p1a: Magearna\n|-damage|p1a: Magearna|85\/100\n|-heal|p2a: Venusaur|100\/100 brn|[from] drain|[of] p1a: Magearna\n|\n|-damage|p2a: Venusaur|94\/100 brn|[from] brn\n|upkeep\n|turn|35\n|\n|move|p1a: Magearna|Ice Beam|p2a: Venusaur\n|-supereffective|p2a: Venusaur\n|-damage|p2a: Venusaur|74\/100 brn\n|move|p2a: Venusaur|Hidden Power|p1a: Magearna\n|-supereffective|p1a: Magearna\n|-damage|p1a: Magearna|50\/100\n|\n|-damage|p2a: Venusaur|67\/100 brn|[from] brn\n|upkeep\n|turn|36\n|\n|move|p1a: Magearna|Ice Beam|p2a: Venusaur\n|-supereffective|p2a: Venusaur\n|-damage|p2a: Venusaur|48\/100 brn\n|move|p2a: Venusaur|Synthesis|p2a: Venusaur\n|-heal|p2a: Venusaur|97\/100 brn\n|\n|-damage|p2a: Venusaur|91\/100 brn|[from] brn\n|upkeep\n|turn|37\n|\n|switch|p1a: Nihilego|Nihilego|88\/100\n|move|p2a: Venusaur|Hidden Power|p1a: Nihilego\n|-resisted|p1a: Nihilego\n|-damage|p1a: Nihilego|82\/100\n|\n|-damage|p2a: Venusaur|85\/100 brn|[from] brn\n|upkeep\n|turn|38\n|\n|switch|p2a: Zygarde|Zygarde|46\/100\n|-ability|p2a: Zygarde|Aura Break\n|move|p1a: Nihilego|Power Gem|p2a: Zygarde\n|-resisted|p2a: Zygarde\n|-damage|p2a: Zygarde|32\/100\n|\n|-heal|p2a: Zygarde|38\/100|[from] item: Leftovers\n|upkeep\n|turn|39\n|inactive|ost pm2 has 285 seconds left.\n|\n|switch|p1a: Tapu Bulu|Tapu Bulu|92\/100 par\n|-fieldstart|move: Grassy Terrain|[from] ability: Grassy Surge|[of] p1a: Tapu Bulu\n|switch|p2a: Clefable|Clefable, F|100\/100\n|\n|-heal|p1a: Tapu Bulu|98\/100 par|[from] Grassy Terrain\n|upkeep\n|turn|40\n|\n|move|p2a: Clefable|Stealth Rock|p1a: Tapu Bulu\n|-sidestart|p1: Gotham Paladin|move: Stealth Rock\n|cant|p1a: Tapu Bulu|par\n|\n|-heal|p1a: Tapu Bulu|100\/100 par|[from] Grassy Terrain\n|upkeep\n|turn|41\n|\n|switch|p2a: Venusaur|Venusaur-Mega, F|85\/100 brn\n|move|p1a: Tapu Bulu|Swords Dance|p1a: Tapu Bulu\n|-boost|p1a: Tapu Bulu|atk|2\n|\n|-heal|p2a: Venusaur|91\/100 brn|[from] Grassy Terrain\n|-damage|p2a: Venusaur|85\/100 brn|[from] brn\n|upkeep\n|turn|42\n|\n|switch|p1a: Gliscor|Gliscor, F|87\/100 tox\n|-damage|p1a: Gliscor|74\/100 tox|[from] Stealth Rock\n|move|p2a: Venusaur|Sludge Bomb|p1a: Gliscor\n|-resisted|p1a: Gliscor\n|-damage|p1a: Gliscor|50\/100 tox\n|\n|-heal|p2a: Venusaur|91\/100 brn|[from] Grassy Terrain\n|-heal|p1a: Gliscor|62\/100 tox|[from] ability: Poison Heal\n|-damage|p2a: Venusaur|85\/100 brn|[from] brn\n|upkeep\n|turn|43\n|\n|switch|p1a: Magearna|Magearna|50\/100\n|-damage|p1a: Magearna|44\/100|[from] Stealth Rock\n|move|p2a: Venusaur|Giga Drain|p1a: Magearna\n|-resisted|p1a: Magearna\n|-damage|p1a: Magearna|20\/100\n|-heal|p2a: Venusaur|95\/100 brn|[from] drain|[of] p1a: Magearna\n|\n|-heal|p1a: Magearna|26\/100|[from] Grassy Terrain\n|-heal|p2a: Venusaur|100\/100 brn|[from] Grassy Terrain\n|-fieldend|move: Grassy Terrain\n|-damage|p2a: Venusaur|94\/100 brn|[from] brn\n|upkeep\n|turn|44\n|\n|move|p1a: Magearna|Ice Beam|p2a: Venusaur\n|-supereffective|p2a: Venusaur\n|-damage|p2a: Venusaur|76\/100 brn\n|move|p2a: Venusaur|Hidden Power|p1a: Magearna\n|-supereffective|p1a: Magearna\n|-damage|p1a: Magearna|0 fnt\n|faint|p1a: Magearna\n|\n|-damage|p2a: Venusaur|70\/100 brn|[from] brn\n|upkeep\n|\n|switch|p1a: Nihilego|Nihilego|82\/100\n|-damage|p1a: Nihilego|70\/100|[from] Stealth Rock\n|turn|45\n|\n|move|p1a: Nihilego|Power Gem|p2a: Venusaur\n|-damage|p2a: Venusaur|45\/100 brn\n|move|p2a: Venusaur|Synthesis|p2a: Venusaur\n|-heal|p2a: Venusaur|95\/100 brn\n|\n|-damage|p2a: Venusaur|89\/100 brn|[from] brn\n|upkeep\n|turn|46\n|\n|switch|p2a: Zygarde|Zygarde|38\/100\n|-ability|p2a: Zygarde|Aura Break\n|move|p1a: Nihilego|Power Gem|p2a: Zygarde\n|-resisted|p2a: Zygarde\n|-damage|p2a: Zygarde|24\/100\n|\n|-heal|p2a: Zygarde|30\/100|[from] item: Leftovers\n|upkeep\n|turn|47\n|\n|switch|p1a: Tapu Bulu|Tapu Bulu|100\/100 par\n|-damage|p1a: Tapu Bulu|88\/100 par|[from] Stealth Rock\n|-fieldstart|move: Grassy Terrain|[from] ability: Grassy Surge|[of] p1a: Tapu Bulu\n|move|p2a: Zygarde|Glare|p1a: Tapu Bulu\n|-fail|p1a: Tapu Bulu|par\n|\n|-heal|p2a: Zygarde|36\/100|[from] item: Leftovers\n|-heal|p2a: Zygarde|42\/100|[from] Grassy Terrain\n|-heal|p1a: Tapu Bulu|94\/100 par|[from] Grassy Terrain\n|upkeep\n|turn|48\n|\n|switch|p2a: Venusaur|Venusaur-Mega, F|89\/100 brn\n|move|p1a: Tapu Bulu|Zen Headbutt|p2a: Venusaur\n|-supereffective|p2a: Venusaur\n|-damage|p2a: Venusaur|51\/100 brn\n|\n|-heal|p2a: Venusaur|57\/100 brn|[from] Grassy Terrain\n|-heal|p1a: Tapu Bulu|99\/100 par|[from] Grassy Terrain\n|-damage|p2a: Venusaur|51\/100 brn|[from] brn\n|upkeep\n|turn|49\n|\n|move|p2a: Venusaur|Giga Drain|p1a: Tapu Bulu\n|-resisted|p1a: Tapu Bulu\n|-damage|p1a: Tapu Bulu|73\/100 par\n|-heal|p2a: Venusaur|61\/100 brn|[from] drain|[of] p1a: Tapu Bulu\n|move|p1a: Tapu Bulu|Zen Headbutt|p2a: Venusaur\n|-supereffective|p2a: Venusaur\n|-damage|p2a: Venusaur|16\/100 brn\n|\n|-heal|p2a: Venusaur|22\/100 brn|[from] Grassy Terrain\n|-heal|p1a: Tapu Bulu|79\/100 par|[from] Grassy Terrain\n|-damage|p2a: Venusaur|16\/100 brn|[from] brn\n|upkeep\n|turn|50\n|\n|move|p2a: Venusaur|Synthesis|p2a: Venusaur\n|-heal|p2a: Venusaur|66\/100 brn\n|move|p1a: Tapu Bulu|Zen Headbutt|p2a: Venusaur\n|-supereffective|p2a: Venusaur\n|-damage|p2a: Venusaur|23\/100 brn\n|\n|-heal|p2a: Venusaur|29\/100 brn|[from] Grassy Terrain\n|-heal|p1a: Tapu Bulu|85\/100 par|[from] Grassy Terrain\n|-damage|p2a: Venusaur|23\/100 brn|[from] brn\n|upkeep\n|turn|51\n|\n|move|p2a: Venusaur|Sludge Bomb|p1a: Tapu Bulu\n|-supereffective|p1a: Tapu Bulu\n|-damage|p1a: Tapu Bulu|0 fnt\n|faint|p1a: Tapu Bulu\n|\n|-heal|p2a: Venusaur|29\/100 brn|[from] Grassy Terrain\n|-fieldend|move: Grassy Terrain\n|-damage|p2a: Venusaur|23\/100 brn|[from] brn\n|upkeep\n|\n|switch|p1a: Nihilego|Nihilego|70\/100\n|-damage|p1a: Nihilego|57\/100|[from] Stealth Rock\n|turn|52\n|\n|switch|p2a: Zygarde|Zygarde|42\/100\n|-ability|p2a: Zygarde|Aura Break\n|move|p1a: Nihilego|Sludge Wave|p2a: Zygarde\n|-resisted|p2a: Zygarde\n|-damage|p2a: Zygarde|24\/100\n|\n|-heal|p2a: Zygarde|30\/100|[from] item: Leftovers\n|upkeep\n|turn|53\n|\n|switch|p1a: Gliscor|Gliscor, F|62\/100 tox\n|-damage|p1a: Gliscor|50\/100 tox|[from] Stealth Rock\n|move|p2a: Zygarde|Coil|p2a: Zygarde\n|-boost|p2a: Zygarde|atk|1\n|-boost|p2a: Zygarde|def|1\n|-boost|p2a: Zygarde|accuracy|1\n|\n|-heal|p2a: Zygarde|37\/100|[from] item: Leftovers\n|-heal|p1a: Gliscor|62\/100 tox|[from] ability: Poison Heal\n|upkeep\n|turn|54\n|\n|move|p2a: Zygarde|Substitute|p2a: Zygarde\n|-start|p2a: Zygarde|Substitute\n|-damage|p2a: Zygarde|12\/100\n|move|p1a: Gliscor|Earthquake|p2a: Zygarde\n|-activate|p2a: Zygarde|move: Substitute|[damage]\n|\n|-heal|p2a: Zygarde|18\/100|[from] item: Leftovers\n|-heal|p1a: Gliscor|75\/100 tox|[from] ability: Poison Heal\n|upkeep\n|turn|55\n|\n|move|p2a: Zygarde|Thousand Arrows|p1a: Gliscor\n|-damage|p1a: Gliscor|45\/100 tox\n|-start|p1a: Gliscor|Smack Down\n|move|p1a: Gliscor|Earthquake|p2a: Zygarde\n|-end|p2a: Zygarde|Substitute\n|\n|-heal|p2a: Zygarde|24\/100|[from] item: Leftovers\n|-heal|p1a: Gliscor|57\/100 tox|[from] ability: Poison Heal\n|upkeep\n|turn|56\n|\n|move|p2a: Zygarde|Coil|p2a: Zygarde\n|-boost|p2a: Zygarde|atk|1\n|-boost|p2a: Zygarde|def|1\n|-boost|p2a: Zygarde|accuracy|1\n|move|p1a: Gliscor|Roost|p1a: Gliscor\n|-heal|p1a: Gliscor|100\/100 tox\n|\n|-heal|p2a: Zygarde|30\/100|[from] item: Leftovers\n|upkeep\n|turn|57\n|\n|move|p2a: Zygarde|Substitute|p2a: Zygarde\n|-start|p2a: Zygarde|Substitute\n|-damage|p2a: Zygarde|5\/100\n|move|p1a: Gliscor|Earthquake|p2a: Zygarde\n|-activate|p2a: Zygarde|move: Substitute|[damage]\n|\n|-heal|p2a: Zygarde|11\/100|[from] item: Leftovers\n|upkeep\n|turn|58\n|\n|move|p2a: Zygarde|Thousand Arrows|p1a: Gliscor\n|-damage|p1a: Gliscor|55\/100 tox\n|move|p1a: Gliscor|Earthquake|p2a: Zygarde\n|-activate|p2a: Zygarde|move: Substitute|[damage]\n|\n|-heal|p2a: Zygarde|18\/100|[from] item: Leftovers\n|-heal|p1a: Gliscor|68\/100 tox|[from] ability: Poison Heal\n|upkeep\n|turn|59\n|\n|move|p2a: Zygarde|Thousand Arrows|p1a: Gliscor\n|-damage|p1a: Gliscor|21\/100 tox\n|move|p1a: Gliscor|Earthquake|p2a: Zygarde\n|-end|p2a: Zygarde|Substitute\n|\n|-heal|p2a: Zygarde|24\/100|[from] item: Leftovers\n|-heal|p1a: Gliscor|33\/100 tox|[from] ability: Poison Heal\n|upkeep\n|turn|60\n|\n|move|p2a: Zygarde|Thousand Arrows|p1a: Gliscor\n|-damage|p1a: Gliscor|0 fnt\n|faint|p1a: Gliscor\n|\n|-heal|p2a: Zygarde|30\/100|[from] item: Leftovers\n|upkeep\n|\n|switch|p1a: Nihilego|Nihilego|57\/100\n|-damage|p1a: Nihilego|45\/100|[from] Stealth Rock\n|turn|61\n|\n|move|p1a: Nihilego|Hidden Power|p2a: Zygarde\n|-supereffective|p2a: Zygarde\n|-damage|p2a: Zygarde|0 fnt\n|faint|p2a: Zygarde\n|-ability|p1a: Nihilego|Beast Boost|boost\n|-boost|p1a: Nihilego|spa|1\n|\n|upkeep\n|\n|switch|p2a: Greninja|Greninja, M|100\/100\n|turn|62\n|\n|switch|p1a: Jellicent|Jellicent, F|30\/100 psn\n|-damage|p1a: Jellicent|17\/100 psn|[from] Stealth Rock\n|move|p2a: Greninja|Dark Pulse|p1a: Jellicent\n|-supereffective|p1a: Jellicent\n|-enditem|p1a: Jellicent|Colbur Berry|[eat]\n|-enditem|p1a: Jellicent|Colbur Berry|[weaken]\n|-damage|p1a: Jellicent|0 fnt\n|faint|p1a: Jellicent\n|-activate|p2a: Greninja|ability: Battle Bond\n|detailschange|p2a: Greninja|Greninja-Ash, M\n|\n|upkeep\n|\n|switch|p1a: Nihilego|Nihilego|45\/100\n|-damage|p1a: Nihilego|33\/100|[from] Stealth Rock\n|turn|63\n|c|\u2606ost pm2|gg sorry for the miss\n|\n|move|p2a: Greninja|Water Shuriken|p1a: Nihilego\n|-supereffective|p1a: Nihilego\n|-damage|p1a: Nihilego|14\/100\n|-supereffective|p1a: Nihilego\n|-damage|p1a: Nihilego|0 fnt\n|-hitcount|p1a: Nihilego|2\n|faint|p1a: Nihilego\n|\n|win|ost pm2\n","inputlog":null,"uploadtime":1518845784,"views":19,"p1id":"gothampaladin","p2id":"ostpm2","formatid":"gen7ou","rating":0,"private":0,"password":null}