{"id":"smogtours-gen8nationaldex-617902","p1":"Isza","p2":"LudwigFrog","format":"gen8nationaldex","log":"|inactive|Battle timer is ON: inactive players will automatically lose when time's up.\n|t:|1649120574\n|gametype|singles\n|player|p1|Isza|#splxiiclassiest|\n|player|p2|LudwigFrog|hilbert-wonderlauncher|\n|teamsize|p1|6\n|teamsize|p2|6\n|gen|8\n|tier|[Gen 8] National Dex\n|rule|HP Percentage Mod: HP is shown in percentages\n|rule|Endless Battle Clause: Forcing endless battles is banned\n|rule|OHKO Clause: OHKO moves are banned\n|rule|Evasion Moves Clause: Evasion moves are banned\n|rule|Species Clause: Limit one of each Pok\u00e9mon\n|rule|Dynamax Clause: You cannot dynamax\n|rule|Sleep Clause Mod: Limit one foe put to sleep\n|clearpoke\n|poke|p1|Charizard, F|\n|poke|p1|Weavile, M|\n|poke|p1|Heatran, M|\n|poke|p1|Kartana|\n|poke|p1|Landorus-Therian, M|\n|poke|p1|Tapu Fini|\n|poke|p2|Greninja, M|\n|poke|p2|Slowking-Galar, F|\n|poke|p2|Landorus-Therian, M|\n|poke|p2|Mawile, F|\n|poke|p2|Ferrothorn, M|\n|poke|p2|Heatran, M|\n|teampreview\n|inactive|LudwigFrog also wants the timer to be on.\n|c|\u2606LudwigFrog|hf\n|c|\u2606Isza|U2\n|\n|t:|1649120602\n|start\n|switch|p1a: Charizard|Charizard, F|100\/100\n|switch|p2a: Landorus|Landorus-Therian, M|100\/100\n|-ability|p2a: Landorus|Intimidate|boost\n|-unboost|p1a: Charizard|atk|1\n|turn|1\n|\n|t:|1649120609\n|detailschange|p1a: Charizard|Charizard-Mega-Y, F\n|-mega|p1a: Charizard|Charizard|Charizardite Y\n|-weather|SunnyDay|[from] ability: Drought|[of] p1a: Charizard\n|move|p1a: Charizard|Flamethrower|p2a: Landorus\n|-damage|p2a: Landorus|19\/100\n|move|p2a: Landorus|Toxic|p1a: Charizard\n|-status|p1a: Charizard|tox\n|\n|-weather|SunnyDay|[upkeep]\n|-heal|p2a: Landorus|25\/100|[from] item: Leftovers\n|-damage|p1a: Charizard|94\/100 tox|[from] psn\n|upkeep\n|turn|2\n|\n|t:|1649120626\n|switch|p2a: Slowking|Slowking-Galar, F|100\/100\n|move|p1a: Charizard|Scorching Sands|p2a: Slowking\n|-supereffective|p2a: Slowking\n|-crit|p2a: Slowking\n|-damage|p2a: Slowking|66\/100\n|-status|p2a: Slowking|brn\n|\n|-weather|SunnyDay|[upkeep]\n|-damage|p1a: Charizard|82\/100 tox|[from] psn\n|-damage|p2a: Slowking|60\/100 brn|[from] brn\n|upkeep\n|turn|3\n|\n|t:|1649120634\n|switch|p1a: Weavile|Weavile, M|100\/100\n|-ability|p1a: Weavile|Pressure\n|move|p2a: Slowking|Sludge Bomb|p1a: Weavile\n|-damage|p1a: Weavile|46\/100\n|-status|p1a: Weavile|psn\n|\n|-weather|SunnyDay|[upkeep]\n|-damage|p1a: Weavile|34\/100 psn|[from] psn\n|-damage|p2a: Slowking|54\/100 brn|[from] brn\n|upkeep\n|turn|4\n|\n|t:|1649120640\n|move|p1a: Weavile|Pursuit|p2a: Slowking\n|-supereffective|p2a: Slowking\n|-damage|p2a: Slowking|0 fnt\n|faint|p2a: Slowking\n|\n|-weather|SunnyDay|[upkeep]\n|-damage|p1a: Weavile|21\/100 psn|[from] psn\n|upkeep\n|\n|t:|1649120643\n|switch|p2a: Greninja|Greninja, M|100\/100\n|turn|5\n|\n|t:|1649120645\n|switch|p1a: Tapu Fini|Tapu Fini|100\/100\n|-fieldstart|move: Misty Terrain|[from] ability: Misty Surge|[of] p1a: Tapu Fini\n|move|p2a: Greninja|U-turn|p1a: Tapu Fini\n|-resisted|p1a: Tapu Fini\n|-damage|p1a: Tapu Fini|95\/100\n|\n|t:|1649120649\n|switch|p2a: Mawile|Mawile, F|100\/100|[from]move: U-turn\n|-ability|p2a: Mawile|Intimidate|boost\n|-unboost|p1a: Tapu Fini|atk|1\n|\n|-weather|none\n|-heal|p1a: Tapu Fini|100\/100|[from] item: Leftovers\n|upkeep\n|turn|6\n|inactive|Isza has 270 seconds left.\n|c|+ALlCE|yo ludwigfrog\n|c|+ALlCE|nice coinbox run the other day\n|inactive|LudwigFrog no longer wants the timer on, but the timer is staying on because staff still does.\n|inactive|Isza has 240 seconds left.\n|c|\u2606LudwigFrog|ty\n|\n|t:|1649120732\n|switch|p1a: Landorus|Landorus-Therian, M|100\/100\n|-ability|p1a: Landorus|Intimidate|boost\n|-unboost|p2a: Mawile|atk|1\n|detailschange|p2a: Mawile|Mawile-Mega, F\n|-mega|p2a: Mawile|Mawile|Mawilite\n|move|p2a: Mawile|Play Rough|p1a: Landorus|[miss]\n|-miss|p2a: Mawile|p1a: Landorus\n|\n|upkeep\n|turn|7\n|\n|t:|1649120747\n|move|p1a: Landorus|U-turn|p2a: Mawile\n|-resisted|p2a: Mawile\n|-damage|p2a: Mawile|93\/100\n|\n|t:|1649120753\n|switch|p1a: Heatran|Heatran, M|100\/100|[from]move: U-turn\n|-item|p1a: Heatran|Air Balloon\n|move|p2a: Mawile|Swords Dance|p2a: Mawile\n|-boost|p2a: Mawile|atk|2\n|\n|upkeep\n|turn|8\n|\n|t:|1649120760\n|move|p2a: Mawile|Sucker Punch|p1a: Heatran\n|-crit|p1a: Heatran\n|-damage|p1a: Heatran|0 fnt\n|-enditem|p1a: Heatran|Air Balloon\n|faint|p1a: Heatran\n|\n|upkeep\n|\n|t:|1649120766\n|switch|p1a: Landorus|Landorus-Therian, M|100\/100\n|-ability|p1a: Landorus|Intimidate|boost\n|-unboost|p2a: Mawile|atk|1\n|turn|9\n|\n|t:|1649120772\n|switch|p2a: Landorus|Landorus-Therian, M|25\/100\n|-ability|p2a: Landorus|Intimidate|boost\n|-unboost|p1a: Landorus|atk|1\n|move|p1a: Landorus|U-turn|p2a: Landorus\n|-resisted|p2a: Landorus\n|-damage|p2a: Landorus|19\/100\n|\n|t:|1649120791\n|switch|p1a: Charizard|Charizard-Mega-Y, F|82\/100 tox|[from]move: U-turn\n|-weather|SunnyDay|[from] ability: Drought|[of] p1a: Charizard\n|\n|-weather|SunnyDay|[upkeep]\n|-heal|p2a: Landorus|25\/100|[from] item: Leftovers\n|-damage|p1a: Charizard|76\/100 tox|[from] psn\n|-fieldend|Misty Terrain\n|upkeep\n|turn|10\n|\n|t:|1649120800\n|move|p1a: Charizard|Scorching Sands|p2a: Landorus\n|-immune|p2a: Landorus\n|move|p2a: Landorus|U-turn|p1a: Charizard\n|-resisted|p1a: Charizard\n|-damage|p1a: Charizard|69\/100 tox\n|\n|t:|1649120803\n|switch|p2a: Greninja|Greninja, M|100\/100|[from]move: U-turn\n|\n|-weather|SunnyDay|[upkeep]\n|-damage|p1a: Charizard|56\/100 tox|[from] psn\n|upkeep\n|turn|11\n|\n|t:|1649120806\n|switch|p1a: Tapu Fini|Tapu Fini|100\/100\n|-fieldstart|move: Misty Terrain|[from] ability: Misty Surge|[of] p1a: Tapu Fini\n|move|p2a: Greninja|Dark Pulse|p1a: Tapu Fini\n|-resisted|p1a: Tapu Fini\n|-damage|p1a: Tapu Fini|84\/100\n|\n|-weather|SunnyDay|[upkeep]\n|-heal|p1a: Tapu Fini|90\/100|[from] item: Leftovers\n|upkeep\n|turn|12\n|\n|t:|1649120811\n|switch|p2a: Heatran|Heatran, M|100\/100\n|move|p1a: Tapu Fini|Nature's Madness|p2a: Heatran\n|-damage|p2a: Heatran|51\/100\n|\n|-weather|SunnyDay|[upkeep]\n|-heal|p1a: Tapu Fini|96\/100|[from] item: Leftovers\n|upkeep\n|turn|13\n|\n|t:|1649120816\n|move|p2a: Heatran|Stealth Rock|p1a: Tapu Fini\n|-sidestart|p1: Isza|move: Stealth Rock\n|move|p1a: Tapu Fini|Whirlpool|p2a: Heatran\n|-supereffective|p2a: Heatran\n|-damage|p2a: Heatran|39\/100\n|-activate|p2a: Heatran|move: Whirlpool|[of] p1a: Tapu Fini\n|\n|-weather|none\n|-heal|p1a: Tapu Fini|100\/100|[from] item: Leftovers\n|-damage|p2a: Heatran|27\/100|[from] move: Whirlpool|[partiallytrapped]\n|upkeep\n|turn|14\n|\n|t:|1649120821\n|-zpower|p2a: Heatran\n|move|p2a: Heatran|Corkscrew Crash|p1a: Tapu Fini|[zeffect]\n|-damage|p1a: Tapu Fini|50\/100\n|move|p1a: Tapu Fini|Moonblast|p2a: Heatran\n|-resisted|p2a: Heatran\n|-damage|p2a: Heatran|19\/100\n|\n|-heal|p1a: Tapu Fini|57\/100|[from] item: Leftovers\n|-damage|p2a: Heatran|7\/100|[from] move: Whirlpool|[partiallytrapped]\n|upkeep\n|turn|15\n|\n|t:|1649120828\n|move|p2a: Heatran|Flash Cannon|p1a: Tapu Fini\n|-damage|p1a: Tapu Fini|31\/100\n|move|p1a: Tapu Fini|Moonblast|p2a: Heatran\n|-resisted|p2a: Heatran\n|-damage|p2a: Heatran|0 fnt\n|faint|p2a: Heatran\n|\n|-heal|p1a: Tapu Fini|37\/100|[from] item: Leftovers\n|-fieldend|Misty Terrain\n|upkeep\n|\n|t:|1649120830\n|switch|p2a: Mawile|Mawile-Mega, F|93\/100\n|turn|16\n|inactive|Isza has 270 seconds left.\n|\n|t:|1649120843\n|switch|p1a: Weavile|Weavile, M|21\/100 psn\n|-damage|p1a: Weavile|0 fnt|[from] Stealth Rock\n|faint|p1a: Weavile\n|move|p2a: Mawile|Play Rough|p1: Weavile|[notarget]\n|-fail|p2a: Mawile\n|\n|upkeep\n|inactive|Isza has 270 seconds left.\n|\n|t:|1649120849\n|switch|p1a: Landorus|Landorus-Therian, M|100\/100\n|-damage|p1a: Landorus|88\/100|[from] Stealth Rock\n|-ability|p1a: Landorus|Intimidate|boost\n|-unboost|p2a: Mawile|atk|1\n|turn|17\n|\n|t:|1649120852\n|switch|p2a: Ferrothorn|Ferrothorn, M|100\/100\n|move|p1a: Landorus|U-turn|p2a: Ferrothorn\n|-damage|p2a: Ferrothorn|83\/100\n|-damage|p1a: Landorus|76\/100|[from] ability: Iron Barbs|[of] p2a: Ferrothorn\n|\n|t:|1649120856\n|switch|p1a: Kartana|Kartana|100\/100|[from]move: U-turn\n|-damage|p1a: Kartana|94\/100|[from] Stealth Rock\n|\n|-heal|p2a: Ferrothorn|89\/100|[from] item: Leftovers\n|upkeep\n|turn|18\n|\n|t:|1649120859\n|move|p1a: Kartana|Defog|p2a: Ferrothorn\n|-unboost|p2a: Ferrothorn|evasion|1\n|-sideend|p1: Isza|Stealth Rock|[from] move: Defog|[of] p1a: Kartana\n|move|p2a: Ferrothorn|Knock Off|p1a: Kartana\n|-damage|p1a: Kartana|80\/100\n|\n|-heal|p2a: Ferrothorn|95\/100|[from] item: Leftovers\n|upkeep\n|turn|19\n|\n|t:|1649120863\n|move|p1a: Kartana|Sacred Sword|p2a: Ferrothorn\n|-supereffective|p2a: Ferrothorn\n|-damage|p2a: Ferrothorn|38\/100\n|-damage|p1a: Kartana|67\/100|[from] ability: Iron Barbs|[of] p2a: Ferrothorn\n|move|p2a: Ferrothorn|Spikes|p1a: Kartana\n|-sidestart|p1: Isza|Spikes\n|\n|-heal|p2a: Ferrothorn|44\/100|[from] item: Leftovers\n|upkeep\n|turn|20\n|\n|t:|1649120877\n|switch|p2a: Landorus|Landorus-Therian, M|25\/100\n|-ability|p2a: Landorus|Intimidate|boost\n|-unboost|p1a: Kartana|atk|1\n|move|p1a: Kartana|Defog|p2a: Landorus\n|-unboost|p2a: Landorus|evasion|1\n|-sideend|p1: Isza|Spikes|[from] move: Defog|[of] p1a: Kartana\n|\n|-heal|p2a: Landorus|31\/100|[from] item: Leftovers\n|upkeep\n|turn|21\n|\n|t:|1649120889\n|-zpower|p1a: Kartana\n|move|p1a: Kartana|Bloom Doom|p2a: Landorus|[zeffect]\n|-damage|p2a: Landorus|0 fnt\n|faint|p2a: Landorus\n|-ability|p1a: Kartana|Beast Boost|boost\n|-boost|p1a: Kartana|atk|1\n|\n|upkeep\n|\n|t:|1649120893\n|switch|p2a: Greninja|Greninja, M|100\/100\n|turn|22\n|inactive|Isza has 270 seconds left.\n|\n|t:|1649120939\n|switch|p1a: Tapu Fini|Tapu Fini|37\/100\n|-fieldstart|move: Misty Terrain|[from] ability: Misty Surge|[of] p1a: Tapu Fini\n|move|p2a: Greninja|Dark Pulse|p1a: Tapu Fini\n|-resisted|p1a: Tapu Fini\n|-damage|p1a: Tapu Fini|21\/100\n|\n|-heal|p1a: Tapu Fini|27\/100|[from] item: Leftovers\n|upkeep\n|turn|23\n|\n|t:|1649120959\n|switch|p2a: Mawile|Mawile-Mega, F|93\/100\n|move|p1a: Tapu Fini|Moonblast|p2a: Mawile\n|-resisted|p2a: Mawile\n|-damage|p2a: Mawile|69\/100\n|\n|-heal|p1a: Tapu Fini|33\/100|[from] item: Leftovers\n|upkeep\n|turn|24\n|inactive|Isza has 240 seconds left.\n|\n|t:|1649120985\n|switch|p1a: Landorus|Landorus-Therian, M|76\/100\n|-ability|p1a: Landorus|Intimidate|boost\n|-unboost|p2a: Mawile|atk|1\n|move|p2a: Mawile|Swords Dance|p2a: Mawile\n|-boost|p2a: Mawile|atk|2\n|\n|upkeep\n|turn|25\n|inactive|Isza has 240 seconds left.\n|\n|t:|1649121000\n|move|p2a: Mawile|Sucker Punch|p1a: Landorus\n|-damage|p1a: Landorus|3\/100\n|move|p1a: Landorus|Earthquake|p2a: Mawile\n|-supereffective|p2a: Mawile\n|-damage|p2a: Mawile|0 fnt\n|faint|p2a: Mawile\n|\n|upkeep\n|\n|t:|1649121005\n|switch|p2a: Greninja|Greninja, M|100\/100\n|turn|26\n|inactive|Isza has 240 seconds left.\n|\n|t:|1649121044\n|switch|p1a: Charizard|Charizard-Mega-Y, F|56\/100 tox\n|-weather|SunnyDay|[from] ability: Drought|[of] p1a: Charizard\n|move|p2a: Greninja|Dark Pulse|p1a: Charizard\n|-damage|p1a: Charizard|4\/100 tox\n|\n|-weather|SunnyDay|[upkeep]\n|-damage|p1a: Charizard|0 fnt|[from] psn\n|faint|p1a: Charizard\n|-fieldend|Misty Terrain\n|upkeep\n|inactive|Isza has 210 seconds left.\n|\n|t:|1649121054\n|switch|p1a: Landorus|Landorus-Therian, M|3\/100\n|-ability|p1a: Landorus|Intimidate|boost\n|-unboost|p2a: Greninja|atk|1\n|turn|27\n|inactive|Isza has 210 seconds left.\n|inactive|Isza has 180 seconds left.\n|\n|t:|1649121102\n|move|p1a: Landorus|U-turn|p2a: Greninja\n|-supereffective|p2a: Greninja\n|-damage|p2a: Greninja|23\/100\n|\n|t:|1649121104\n|switch|p1a: Tapu Fini|Tapu Fini|33\/100|[from]move: U-turn\n|-fieldstart|move: Misty Terrain|[from] ability: Misty Surge|[of] p1a: Tapu Fini\n|move|p2a: Greninja|Dark Pulse|p1a: Tapu Fini\n|-resisted|p1a: Tapu Fini\n|-damage|p1a: Tapu Fini|16\/100\n|\n|-weather|SunnyDay|[upkeep]\n|-heal|p1a: Tapu Fini|22\/100|[from] item: Leftovers\n|upkeep\n|turn|28\n|\n|t:|1649121115\n|switch|p2a: Ferrothorn|Ferrothorn, M|44\/100\n|move|p1a: Tapu Fini|Moonblast|p2a: Ferrothorn\n|-resisted|p2a: Ferrothorn\n|-damage|p2a: Ferrothorn|32\/100\n|\n|-weather|SunnyDay|[upkeep]\n|-heal|p1a: Tapu Fini|28\/100|[from] item: Leftovers\n|-heal|p2a: Ferrothorn|39\/100|[from] item: Leftovers\n|upkeep\n|turn|29\n|\n|t:|1649121119\n|switch|p1a: Kartana|Kartana|67\/100\n|move|p2a: Ferrothorn|Power Whip|p1a: Kartana\n|-resisted|p1a: Kartana\n|-damage|p1a: Kartana|57\/100\n|\n|-weather|SunnyDay|[upkeep]\n|-heal|p2a: Ferrothorn|45\/100|[from] item: Leftovers\n|upkeep\n|turn|30\n|\n|t:|1649121123\n|move|p1a: Kartana|Sacred Sword|p2a: Ferrothorn\n|-supereffective|p2a: Ferrothorn\n|-damage|p2a: Ferrothorn|0 fnt\n|-damage|p1a: Kartana|45\/100|[from] ability: Iron Barbs|[of] p2a: Ferrothorn\n|faint|p2a: Ferrothorn\n|-ability|p1a: Kartana|Beast Boost|boost\n|-boost|p1a: Kartana|atk|1\n|\n|-weather|none\n|upkeep\n|\n|t:|1649121125\n|switch|p2a: Greninja|Greninja, M|23\/100\n|turn|31\n|\n|t:|1649121129\n|move|p2a: Greninja|Water Shuriken|p1a: Kartana\n|-resisted|p1a: Kartana\n|-damage|p1a: Kartana|30\/100\n|-resisted|p1a: Kartana\n|-damage|p1a: Kartana|13\/100\n|-resisted|p1a: Kartana\n|-damage|p1a: Kartana|0 fnt\n|faint|p1a: Kartana\n|-activate|p2a: Greninja|ability: Battle Bond\n|detailschange|p2a: Greninja|Greninja-Ash, M\n|-hitcount|p1: Kartana|3\n|\n|-fieldend|Misty Terrain\n|upkeep\n|\n|t:|1649121131\n|switch|p1a: Tapu Fini|Tapu Fini|28\/100\n|-fieldstart|move: Misty Terrain|[from] ability: Misty Surge|[of] p1a: Tapu Fini\n|turn|32\n|\n|t:|1649121133\n|move|p2a: Greninja|Water Shuriken|p1a: Tapu Fini\n|-resisted|p1a: Tapu Fini\n|-damage|p1a: Tapu Fini|23\/100\n|-resisted|p1a: Tapu Fini\n|-damage|p1a: Tapu Fini|18\/100\n|-resisted|p1a: Tapu Fini\n|-damage|p1a: Tapu Fini|12\/100\n|-hitcount|p1a: Tapu Fini|3\n|move|p1a: Tapu Fini|Moonblast|p2a: Greninja\n|-supereffective|p2a: Greninja\n|-damage|p2a: Greninja|0 fnt\n|faint|p2a: Greninja\n|\n|win|Isza\n|c|\u2606LudwigFrog|gg\n|c|\u2606Isza|Gg\n","uploadtime":1649121134,"views":483,"p1id":"isza","p2id":"ludwigfrog","formatid":"gen8nationaldex","rating":0,"private":0,"password":null}