{"id":"smogtours-gen7ou-587362","p1":"Goootzinho","p2":"Elias PSY","format":"gen7ou","log":"|inactive|Battle timer is ON: inactive players will automatically lose when time's up.\n|t:|1634494117\n|gametype|singles\n|player|p1|Goootzinho|karen-gen2|\n|player|p2|Elias PSY|ethan-pokeathlon|\n|teamsize|p1|6\n|teamsize|p2|6\n|gen|7\n|tier|[Gen 7] OU\n|rule|Sleep Clause Mod: Limit one foe put to sleep\n|rule|Species Clause: Limit one of each Pok\u00e9mon\n|rule|OHKO Clause: OHKO moves are banned\n|rule|Moody Clause: Moody is banned\n|rule|Evasion Moves Clause: Evasion moves are banned\n|rule|Endless Battle Clause: Forcing endless battles is banned\n|rule|HP Percentage Mod: HP is shown in percentages\n|clearpoke\n|poke|p1|Pinsir, F|item\n|poke|p1|Landorus-Therian, M|item\n|poke|p1|Tapu Koko|item\n|poke|p1|Kommo-o, M|item\n|poke|p1|Kartana|item\n|poke|p1|Magearna|item\n|poke|p2|Latias, F|item\n|poke|p2|Ferrothorn, M|item\n|poke|p2|Clefable, M|item\n|poke|p2|Heatran, M|item\n|poke|p2|Landorus-Therian, M|item\n|poke|p2|Rotom-Wash|item\n|teampreview\n|c|\u2606Goootzinho|hf\n|c|\u2606Elias PSY|hf\n|inactive|Goootzinho has 270 seconds left.\n|inactive|Goootzinho has 240 seconds left.\n|inactive|Goootzinho has 210 seconds left.\n|\n|t:|1634494215\n|start\n|switch|p1a: Landorus|Landorus-Therian, M|100\/100\n|switch|p2a: Latias|Latias, F|100\/100\n|-ability|p1a: Landorus|Intimidate|boost\n|-unboost|p2a: Latias|atk|1\n|turn|1\n|inactive|Goootzinho has 270 seconds left.\n|\n|t:|1634494233\n|switch|p1a: Magearna|Magearna|100\/100\n|detailschange|p2a: Latias|Latias-Mega, F\n|-mega|p2a: Latias|Latias|Latiasite\n|move|p2a: Latias|Recover||[still]\n|-fail|p2a: Latias|heal\n|\n|upkeep\n|turn|2\n|inactive|Goootzinho has 270 seconds left.\n|inactive|Goootzinho has 240 seconds left.\n|\n|t:|1634494275\n|move|p2a: Latias|Calm Mind|p2a: Latias\n|-boost|p2a: Latias|spa|1\n|-boost|p2a: Latias|spd|1\n|move|p1a: Magearna|Volt Switch|p2a: Latias\n|-resisted|p2a: Latias\n|-damage|p2a: Latias|96\/100\n|inactive|Goootzinho has 240 seconds left.\n|\n|t:|1634494297\n|switch|p1a: Kommo-o|Kommo-o, M|100\/100|[from]move: Volt Switch\n|\n|upkeep\n|turn|3\n|\n|t:|1634494316\n|switch|p2a: Clefable|Clefable, M|100\/100\n|-zpower|p1a: Kommo-o\n|move|p1a: Kommo-o|Clangorous Soulblaze|p2a: Clefable|[zeffect]\n|-immune|p2a: Clefable\n|\n|upkeep\n|turn|4\n|\n|t:|1634494336\n|move|p1a: Kommo-o|Stealth Rock|p2a: Clefable\n|-sidestart|p2: Elias PSY|move: Stealth Rock\n|move|p2a: Clefable|Thunder Wave|p1a: Kommo-o\n|-status|p1a: Kommo-o|par\n|\n|upkeep\n|turn|5\n|inactive|Goootzinho has 210 seconds left.\n|\n|t:|1634494352\n|switch|p1a: Magearna|Magearna|100\/100\n|move|p2a: Clefable|Moonblast|p1a: Magearna\n|-resisted|p1a: Magearna\n|-damage|p1a: Magearna|94\/100\n|\n|upkeep\n|turn|6\n|inactive|Goootzinho has 210 seconds left.\n|\n|t:|1634494366\n|move|p1a: Magearna|Flash Cannon|p2a: Clefable\n|-supereffective|p2a: Clefable\n|-damage|p2a: Clefable|43\/100\n|move|p2a: Clefable|Thunder Wave|p1a: Magearna\n|-status|p1a: Magearna|par\n|\n|-heal|p2a: Clefable|49\/100|[from] item: Leftovers\n|upkeep\n|turn|7\n|inactive|Goootzinho has 210 seconds left.\n|\n|t:|1634494390\n|move|p2a: Clefable|Soft-Boiled|p2a: Clefable\n|-heal|p2a: Clefable|99\/100\n|cant|p1a: Magearna|par\n|\n|-heal|p2a: Clefable|100\/100|[from] item: Leftovers\n|upkeep\n|turn|8\n|\n|t:|1634494400\n|switch|p2a: Ferrothorn|Ferrothorn, M|100\/100\n|-damage|p2a: Ferrothorn|94\/100|[from] Stealth Rock\n|move|p1a: Magearna|Volt Switch|p2a: Ferrothorn\n|-resisted|p2a: Ferrothorn\n|-damage|p2a: Ferrothorn|88\/100\n|\n|t:|1634494424\n|switch|p1a: Kartana|Kartana|100\/100|[from]move: Volt Switch\n|\n|-heal|p2a: Ferrothorn|94\/100|[from] item: Leftovers\n|upkeep\n|turn|9\n|inactive|Goootzinho has 180 seconds left.\n|\n|t:|1634494446\n|switch|p2a: Landorus|Landorus-Therian, M|100\/100\n|-damage|p2a: Landorus|88\/100|[from] Stealth Rock\n|-ability|p2a: Landorus|Intimidate|boost\n|-unboost|p1a: Kartana|atk|1\n|move|p1a: Kartana|Knock Off|p2a: Landorus\n|-damage|p2a: Landorus|49\/100\n|-enditem|p2a: Landorus|Choice Scarf|[from] move: Knock Off|[of] p1a: Kartana\n|\n|upkeep\n|turn|10\n|inactive|Goootzinho has 180 seconds left.\n|\n|t:|1634494478\n|switch|p1a: Landorus|Landorus-Therian, M|100\/100\n|-ability|p1a: Landorus|Intimidate|boost\n|-unboost|p2a: Landorus|atk|1\n|move|p2a: Landorus|Defog|p1a: Landorus\n|-unboost|p1a: Landorus|evasion|1\n|-sideend|p2: Elias PSY|Stealth Rock|[from] move: Defog|[of] p2a: Landorus\n|\n|upkeep\n|turn|11\n|\n|t:|1634494493\n|switch|p2a: Rotom|Rotom-Wash|100\/100\n|move|p1a: Landorus|U-turn|p2a: Rotom\n|-damage|p2a: Rotom|73\/100\n|inactive|Goootzinho has 150 seconds left.\n|inactive|Goootzinho has 120 seconds left.\n|\n|t:|1634494540\n|switch|p1a: Kommo-o|Kommo-o, M|100\/100 par|[from]move: U-turn\n|\n|upkeep\n|turn|12\n|\n|t:|1634494548\n|move|p2a: Rotom|Volt Switch|p1a: Kommo-o\n|-resisted|p1a: Kommo-o\n|-damage|p1a: Kommo-o|83\/100 par\n|\n|t:|1634494552\n|switch|p2a: Clefable|Clefable, M|100\/100|[from]move: Volt Switch\n|cant|p1a: Kommo-o|par\n|\n|upkeep\n|turn|13\n|\n|t:|1634494563\n|switch|p1a: Magearna|Magearna|94\/100 par\n|move|p2a: Clefable|Moonblast|p1a: Magearna\n|-resisted|p1a: Magearna\n|-damage|p1a: Magearna|88\/100 par\n|-unboost|p1a: Magearna|spa|1\n|\n|upkeep\n|turn|14\n|\n|t:|1634494570\n|move|p2a: Clefable|Calm Mind|p2a: Clefable\n|-boost|p2a: Clefable|spa|1\n|-boost|p2a: Clefable|spd|1\n|cant|p1a: Magearna|par\n|\n|upkeep\n|turn|15\n|\n|t:|1634494582\n|move|p2a: Clefable|Moonblast|p1a: Magearna\n|-resisted|p1a: Magearna\n|-damage|p1a: Magearna|78\/100 par\n|cant|p1a: Magearna|par\n|\n|upkeep\n|turn|16\n|\n|t:|1634494587\n|move|p2a: Clefable|Calm Mind|p2a: Clefable\n|-boost|p2a: Clefable|spa|1\n|-boost|p2a: Clefable|spd|1\n|move|p1a: Magearna|Volt Switch|p2a: Clefable\n|-damage|p2a: Clefable|94\/100\n|\n|t:|1634494589\n|switch|p1a: Kartana|Kartana|100\/100|[from]move: Volt Switch\n|\n|-heal|p2a: Clefable|99\/100|[from] item: Leftovers\n|upkeep\n|turn|17\n|\n|t:|1634494595\n|switch|p2a: Heatran|Heatran, M|100\/100\n|move|p1a: Kartana|Smart Strike|p2a: Heatran\n|-resisted|p2a: Heatran\n|-damage|p2a: Heatran|85\/100\n|\n|-heal|p2a: Heatran|91\/100|[from] item: Leftovers\n|upkeep\n|turn|18\n|inactive|Goootzinho has 180 seconds left.\n|\n|t:|1634494602\n|switch|p1a: Kommo-o|Kommo-o, M|83\/100 par\n|move|p2a: Heatran|Magma Storm|p1a: Kommo-o|[miss]\n|-miss|p2a: Heatran|p1a: Kommo-o\n|\n|-heal|p2a: Heatran|98\/100|[from] item: Leftovers\n|upkeep\n|turn|19\n|\n|t:|1634494615\n|switch|p2a: Clefable|Clefable, M|99\/100\n|move|p1a: Kommo-o|Stealth Rock|p2a: Clefable\n|-sidestart|p2: Elias PSY|move: Stealth Rock\n|\n|-heal|p2a: Clefable|100\/100|[from] item: Leftovers\n|upkeep\n|turn|20\n|inactive|Goootzinho has 180 seconds left.\n|\n|t:|1634494644\n|switch|p1a: Magearna|Magearna|78\/100 par\n|move|p2a: Clefable|Moonblast|p1a: Magearna\n|-resisted|p1a: Magearna\n|-damage|p1a: Magearna|72\/100 par\n|\n|upkeep\n|turn|21\n|inactive|Goootzinho has 150 seconds left.\n|\n|t:|1634494674\n|switch|p2a: Heatran|Heatran, M|98\/100\n|-damage|p2a: Heatran|85\/100|[from] Stealth Rock\n|switch|p1a: Kartana|Kartana|100\/100\n|\n|-heal|p2a: Heatran|91\/100|[from] item: Leftovers\n|upkeep\n|turn|22\n|inactive|Goootzinho has 150 seconds left.\n|\n|t:|1634494704\n|move|p2a: Heatran|Protect|p2a: Heatran\n|-singleturn|p2a: Heatran|Protect\n|move|p1a: Kartana|Knock Off|p2a: Heatran\n|-activate|p2a: Heatran|move: Protect\n|\n|-heal|p2a: Heatran|98\/100|[from] item: Leftovers\n|upkeep\n|turn|23\n|\n|t:|1634494722\n|move|p1a: Kartana|Knock Off|p2a: Heatran\n|-damage|p2a: Heatran|43\/100\n|-enditem|p2a: Heatran|Leftovers|[from] move: Knock Off|[of] p1a: Kartana\n|move|p2a: Heatran|Magma Storm|p1a: Kartana\n|-supereffective|p1a: Kartana\n|-damage|p1a: Kartana|0 fnt\n|faint|p1a: Kartana\n|\n|upkeep\n|\n|t:|1634494736\n|switch|p1a: Pinsir|Pinsir, F|100\/100\n|turn|24\n|\n|t:|1634494755\n|switch|p2a: Landorus|Landorus-Therian, M|49\/100\n|-damage|p2a: Landorus|36\/100|[from] Stealth Rock\n|-ability|p2a: Landorus|Intimidate|boost\n|-fail|p1a: Pinsir|unboost|Attack|[from] ability: Hyper Cutter|[of] p1a: Pinsir\n|detailschange|p1a: Pinsir|Pinsir-Mega, F\n|-mega|p1a: Pinsir|Pinsir|Pinsirite\n|move|p1a: Pinsir|Close Combat|p2a: Landorus\n|-resisted|p2a: Landorus\n|-damage|p2a: Landorus|14\/100\n|-unboost|p1a: Pinsir|def|1\n|-unboost|p1a: Pinsir|spd|1\n|\n|upkeep\n|turn|25\n|\n|t:|1634494770\n|move|p1a: Pinsir|Close Combat|p2a: Landorus\n|-resisted|p2a: Landorus\n|-damage|p2a: Landorus|0 fnt\n|-unboost|p1a: Pinsir|def|1\n|-unboost|p1a: Pinsir|spd|1\n|faint|p2a: Landorus\n|\n|upkeep\n|\n|t:|1634494777\n|switch|p2a: Latias|Latias-Mega, F|96\/100\n|-damage|p2a: Latias|84\/100|[from] Stealth Rock\n|turn|26\n|inactive|Goootzinho has 150 seconds left.\n|\n|t:|1634494801\n|switch|p1a: Tapu Koko|Tapu Koko|100\/100\n|-fieldstart|move: Electric Terrain|[from] ability: Electric Surge|[of] p1a: Tapu Koko\n|move|p2a: Latias|Ice Beam|p1a: Tapu Koko\n|-damage|p1a: Tapu Koko|55\/100\n|\n|upkeep\n|turn|27\n|\n|t:|1634494822\n|switch|p2a: Ferrothorn|Ferrothorn, M|94\/100\n|-damage|p2a: Ferrothorn|88\/100|[from] Stealth Rock\n|move|p1a: Tapu Koko|U-turn|p2a: Ferrothorn\n|-damage|p2a: Ferrothorn|76\/100\n|-damage|p1a: Tapu Koko|42\/100|[from] ability: Iron Barbs|[of] p2a: Ferrothorn\n|inactive|Goootzinho has 120 seconds left.\n|inactive|Goootzinho has 90 seconds left.\n|\n|t:|1634494866\n|switch|p1a: Pinsir|Pinsir-Mega, F|100\/100|[from]move: U-turn\n|\n|-heal|p2a: Ferrothorn|82\/100|[from] item: Leftovers\n|upkeep\n|turn|28\n|inactive|Elias PSY has 270 seconds left.\n|\n|t:|1634494911\n|move|p1a: Pinsir|Swords Dance|p1a: Pinsir\n|-boost|p1a: Pinsir|atk|2\n|move|p2a: Ferrothorn|Leech Seed|p1a: Pinsir\n|-start|p1a: Pinsir|move: Leech Seed\n|\n|-heal|p2a: Ferrothorn|88\/100|[from] item: Leftovers\n|-damage|p1a: Pinsir|88\/100|[from] Leech Seed|[of] p2a: Ferrothorn\n|-heal|p2a: Ferrothorn|98\/100|[silent]\n|upkeep\n|turn|29\n|inactive|Goootzinho has 90 seconds left.\n|inactive|Elias PSY has 240 seconds left.\n|\n|t:|1634494947\n|switch|p2a: Heatran|Heatran, M|43\/100\n|-damage|p2a: Heatran|30\/100|[from] Stealth Rock\n|move|p1a: Pinsir|Close Combat|p2a: Heatran\n|-supereffective|p2a: Heatran\n|-damage|p2a: Heatran|0 fnt\n|-unboost|p1a: Pinsir|def|1\n|-unboost|p1a: Pinsir|spd|1\n|faint|p2a: Heatran\n|\n|upkeep\n|\n|t:|1634494952\n|switch|p2a: Latias|Latias-Mega, F|84\/100\n|-damage|p2a: Latias|71\/100|[from] Stealth Rock\n|turn|30\n|inactive|Goootzinho has 90 seconds left.\n|inactive|Elias PSY has 240 seconds left.\n|inactive|Goootzinho has 60 seconds left.\n|\n|t:|1634494997\n|switch|p1a: Magearna|Magearna|72\/100 par\n|move|p2a: Latias|Ice Beam|p1a: Magearna\n|-resisted|p1a: Magearna\n|-damage|p1a: Magearna|67\/100 par\n|\n|-fieldend|move: Electric Terrain\n|upkeep\n|turn|31\n|\n|t:|1634495014\n|move|p2a: Latias|Calm Mind|p2a: Latias\n|-boost|p2a: Latias|spa|1\n|-boost|p2a: Latias|spd|1\n|move|p1a: Magearna|Volt Switch|p2a: Latias\n|-resisted|p2a: Latias\n|-damage|p2a: Latias|67\/100\n|\n|t:|1634495017\n|switch|p1a: Tapu Koko|Tapu Koko|42\/100|[from]move: Volt Switch\n|-fieldstart|move: Electric Terrain|[from] ability: Electric Surge|[of] p1a: Tapu Koko\n|\n|upkeep\n|turn|32\n|\n|t:|1634495020\n|move|p1a: Tapu Koko|Dazzling Gleam|p2a: Latias\n|-supereffective|p2a: Latias\n|-damage|p2a: Latias|39\/100\n|move|p2a: Latias|Recover|p2a: Latias\n|-heal|p2a: Latias|89\/100\n|\n|upkeep\n|turn|33\n|inactive|Elias PSY has 270 seconds left.\n|inactive|Goootzinho has 60 seconds left.\n|\n|t:|1634495036\n|move|p1a: Tapu Koko|Thunderbolt|p2a: Latias\n|-resisted|p2a: Latias\n|-damage|p2a: Latias|74\/100\n|move|p2a: Latias|Ice Beam|p1a: Tapu Koko\n|-damage|p1a: Tapu Koko|0 fnt\n|faint|p1a: Tapu Koko\n|\n|upkeep\n|\n|t:|1634495047\n|switch|p1a: Kommo-o|Kommo-o, M|83\/100 par\n|turn|34\n|inactive|Elias PSY has 270 seconds left.\n|\n|t:|1634495070\n|move|p2a: Latias|Calm Mind|p2a: Latias\n|-boost|p2a: Latias|spa|1\n|-boost|p2a: Latias|spd|1\n|move|p1a: Kommo-o|Clanging Scales|p2a: Latias\n|-supereffective|p2a: Latias\n|-damage|p2a: Latias|42\/100\n|-unboost|p1a: Kommo-o|def|1\n|\n|upkeep\n|turn|35\n|inactive|Elias PSY has 270 seconds left.\n|inactive|Goootzinho has 60 seconds left.\n|\n|t:|1634495089\n|switch|p1a: Magearna|Magearna|67\/100 par\n|move|p2a: Latias|Recover|p2a: Latias\n|-heal|p2a: Latias|92\/100\n|\n|-fieldend|move: Electric Terrain\n|upkeep\n|turn|36\n|\n|t:|1634495096\n|move|p2a: Latias|Calm Mind|p2a: Latias\n|-boost|p2a: Latias|spa|1\n|-boost|p2a: Latias|spd|1\n|cant|p1a: Magearna|par\n|\n|upkeep\n|turn|37\n|\n|t:|1634495099\n|move|p2a: Latias|Stored Power|p1a: Magearna\n|-resisted|p1a: Magearna\n|-damage|p1a: Magearna|32\/100 par\n|cant|p1a: Magearna|par\n|\n|upkeep\n|turn|38\n|\n|t:|1634495106\n|move|p2a: Latias|Stored Power|p1a: Magearna\n|-resisted|p1a: Magearna\n|-damage|p1a: Magearna|0 fnt\n|faint|p1a: Magearna\n|\n|upkeep\n|\n|t:|1634495109\n|switch|p1a: Pinsir|Pinsir-Mega, F|88\/100\n|turn|39\n|\n|t:|1634495114\n|move|p2a: Latias|Ice Beam|p1a: Pinsir\n|-supereffective|p1a: Pinsir\n|-damage|p1a: Pinsir|0 fnt\n|faint|p1a: Pinsir\n|\n|upkeep\n|c|\u2606Goootzinho|gg\n|inactive|Goootzinho has 90 seconds left.\n|c|\u2606Elias PSY|gg\n|-message|Goootzinho forfeited.\n|\n|win|Elias PSY\n","uploadtime":1634495126,"views":32,"p1id":"goootzinho","p2id":"eliaspsy","formatid":"gen7ou","rating":0,"private":0,"password":null}