{"id":"smogtours-gen8cap-655703","p1":"toon arctozolt","p2":"Neon Nerd","format":"gen8cap","log":"|inactive|Battle timer is ON: inactive players will automatically lose when time's up.\n|t:|1665962363\n|gametype|singles\n|player|p1|toon arctozolt|1|\n|player|p2|Neon Nerd|clemont|\n|teamsize|p1|6\n|teamsize|p2|6\n|gen|8\n|tier|[Gen 8] CAP\n|rule|Sleep Clause Mod: Limit one foe put to sleep\n|rule|Species Clause: Limit one of each Pok\u00e9mon\n|rule|OHKO Clause: OHKO moves are banned\n|rule|Evasion Items Clause: Evasion items are banned\n|rule|Evasion Moves Clause: Evasion moves are banned\n|rule|Endless Battle Clause: Forcing endless battles is banned\n|rule|HP Percentage Mod: HP is shown in percentages\n|rule|Dynamax Clause: You cannot dynamax\n|clearpoke\n|poke|p1|Weavile, M|\n|poke|p1|Silvally-*|\n|poke|p1|Magnezone|\n|poke|p1|Rillaboom, F|\n|poke|p1|Landorus-Therian, M|\n|poke|p1|Swampert, F|\n|poke|p2|Necturna, F|\n|poke|p2|Melmetal|\n|poke|p2|Colossoil, F|\n|poke|p2|Zapdos|\n|poke|p2|Hawlucha, M|\n|poke|p2|Lapras, M|\n|teampreview\n|c|\u2606Neon Nerd|glhf\n|c|\u2606toon arctozolt|gl\n|c|\u2606Neon Nerd|hopefully i put up a better fight\n|\n|t:|1665962390\n|start\n|switch|p1a: Weavile|Weavile, M|100\/100\n|switch|p2a: Lapras|Lapras, M|100\/100\n|-ability|p1a: Weavile|Pressure\n|turn|1\n|\n|t:|1665962399\n|move|p1a: Weavile|Beat Up|p2a: Lapras\n|-damage|p2a: Lapras|88\/100\n|-damage|p2a: Lapras|77\/100\n|-damage|p2a: Lapras|68\/100\n|-damage|p2a: Lapras|57\/100\n|-damage|p2a: Lapras|44\/100\n|-damage|p2a: Lapras|32\/100\n|-hitcount|p2a: Lapras|6\n|move|p2a: Lapras|Perish Song|p2a: Lapras\n|-start|p1a: Weavile|perish3|[silent]\n|-start|p2a: Lapras|perish3|[silent]\n|-fieldactivate|move: Perish Song\n|\n|-heal|p2a: Lapras|39\/100|[from] item: Leftovers\n|-start|p1a: Weavile|perish3\n|-start|p2a: Lapras|perish3\n|upkeep\n|turn|2\n|\n|t:|1665962409\n|move|p2a: Lapras|Protect|p2a: Lapras\n|-singleturn|p2a: Lapras|Protect\n|move|p1a: Weavile|Beat Up|p2a: Lapras\n|-activate|p2a: Lapras|move: Protect\n|\n|-heal|p2a: Lapras|45\/100|[from] item: Leftovers\n|-start|p1a: Weavile|perish2\n|-start|p2a: Lapras|perish2\n|upkeep\n|turn|3\n|\n|t:|1665962437\n|switch|p1a: Swampert|Swampert, F|100\/100\n|move|p2a: Lapras|Whirlpool|p1a: Swampert\n|-damage|p1a: Swampert|94\/100\n|-activate|p1a: Swampert|move: Whirlpool|[of] p2a: Lapras\n|\n|-heal|p2a: Lapras|51\/100|[from] item: Leftovers\n|-damage|p1a: Swampert|81\/100|[from] move: Whirlpool|[partiallytrapped]\n|-start|p2a: Lapras|perish1\n|upkeep\n|turn|4\n|\n|t:|1665962445\n|switch|p2a: Necturna|Necturna, F|100\/100\n|-activate|p2a: Necturna|ability: Forewarn|Earthquake|[of] p1a: Swampert\n|move|p1a: Swampert|Stealth Rock|p2a: Necturna\n|-sidestart|p2: Neon Nerd|move: Stealth Rock\n|\n|-end|p1a: Swampert|Whirlpool|[partiallytrapped]|[silent]\n|upkeep\n|turn|5\n|\n|t:|1665962459\n|move|p2a: Necturna|Giga Drain|p1a: Swampert\n|-supereffective|p1a: Swampert\n|-damage|p1a: Swampert|0 fnt\n|faint|p1a: Swampert\n|\n|upkeep\n|\n|t:|1665962466\n|switch|p1a: Weavile|Weavile, M|100\/100\n|-ability|p1a: Weavile|Pressure\n|turn|6\n|\n|t:|1665962494\n|switch|p2a: Melmetal|Melmetal|100\/100\n|-damage|p2a: Melmetal|94\/100|[from] Stealth Rock\n|move|p1a: Weavile|Beat Up|p2a: Melmetal\n|-damage|p2a: Melmetal|87\/100\n|-damage|p2a: Melmetal|81\/100\n|-damage|p2a: Melmetal|76\/100\n|-damage|p2a: Melmetal|68\/100\n|-damage|p2a: Melmetal|60\/100\n|-hitcount|p2a: Melmetal|5\n|\n|upkeep\n|turn|7\n|inactive|Neon Nerd has 270 seconds left.\n|\n|t:|1665962513\n|switch|p1a: Magnezone|Magnezone|100\/100\n|switch|p2a: Colossoil|Colossoil, F|100\/100\n|-damage|p2a: Colossoil|94\/100|[from] Stealth Rock\n|\n|-status|p2a: Colossoil|brn|[from] item: Flame Orb\n|upkeep\n|turn|8\n|inactive|Neon Nerd has 270 seconds left.\n|\n|t:|1665962538\n|switch|p1a: Landorus|Landorus-Therian, M|100\/100\n|-ability|p1a: Landorus|Intimidate|boost\n|-unboost|p2a: Colossoil|atk|1\n|move|p2a: Colossoil|Knock Off|p1a: Landorus\n|-damage|p1a: Landorus|48\/100\n|-enditem|p1a: Landorus|Power Herb|[from] move: Knock Off|[of] p2a: Colossoil\n|\n|-damage|p2a: Colossoil|88\/100 brn|[from] brn\n|upkeep\n|turn|9\n|inactive|Neon Nerd has 270 seconds left.\n|\n|t:|1665962554\n|switch|p2a: Lapras|Lapras, M|51\/100\n|-damage|p2a: Lapras|26\/100|[from] Stealth Rock\n|move|p1a: Landorus|Earthquake|p2a: Lapras\n|-damage|p2a: Lapras|0 fnt\n|faint|p2a: Lapras\n|\n|upkeep\n|\n|t:|1665962572\n|switch|p2a: Hawlucha|Hawlucha, M|100\/100\n|-damage|p2a: Hawlucha|88\/100|[from] Stealth Rock\n|turn|10\n|\n|t:|1665962589\n|move|p2a: Hawlucha|Sky Attack||[still]\n|-prepare|p2a: Hawlucha|Sky Attack\n|-enditem|p2a: Hawlucha|Power Herb\n|-anim|p2a: Hawlucha|Sky Attack|p1a: Landorus\n|-damage|p1a: Landorus|0 fnt\n|faint|p1a: Landorus\n|\n|upkeep\n|\n|t:|1665962599\n|switch|p1a: Weavile|Weavile, M|100\/100\n|-ability|p1a: Weavile|Pressure\n|turn|11\n|\n|t:|1665962605\n|move|p1a: Weavile|Ice Shard|p2a: Hawlucha\n|-supereffective|p2a: Hawlucha\n|-damage|p2a: Hawlucha|0 fnt\n|faint|p2a: Hawlucha\n|\n|upkeep\n|inactive|Neon Nerd has 270 seconds left.\n|\n|t:|1665962618\n|switch|p2a: Melmetal|Melmetal|60\/100\n|-damage|p2a: Melmetal|54\/100|[from] Stealth Rock\n|turn|12\n|\n|t:|1665962624\n|switch|p1a: Rillaboom|Rillaboom, F|100\/100\n|-fieldstart|move: Grassy Terrain|[from] ability: Grassy Surge|[of] p1a: Rillaboom\n|move|p2a: Melmetal|Earthquake|p1a: Rillaboom\n|-resisted|p1a: Rillaboom\n|-damage|p1a: Rillaboom|89\/100\n|\n|-heal|p1a: Rillaboom|95\/100|[from] Grassy Terrain\n|-heal|p2a: Melmetal|60\/100|[from] Grassy Terrain\n|upkeep\n|turn|13\n|\n|t:|1665962629\n|switch|p1a: Weavile|Weavile, M|100\/100\n|-ability|p1a: Weavile|Pressure\n|switch|p2a: Zapdos|Zapdos|100\/100\n|\n|upkeep\n|turn|14\n|inactive|Neon Nerd has 270 seconds left.\n|\n|t:|1665962652\n|move|p1a: Weavile|Triple Axel|p2a: Zapdos\n|-supereffective|p2a: Zapdos\n|-damage|p2a: Zapdos|66\/100\n|-status|p1a: Weavile|par|[from] ability: Static|[of] p2a: Zapdos\n|-supereffective|p2a: Zapdos\n|-damage|p2a: Zapdos|4\/100\n|-supereffective|p2a: Zapdos\n|-damage|p2a: Zapdos|0 fnt\n|faint|p2a: Zapdos\n|-hitcount|p2: Zapdos|3\n|\n|upkeep\n|inactive|Neon Nerd has 270 seconds left.\n|\n|t:|1665962675\n|switch|p2a: Melmetal|Melmetal|60\/100\n|-damage|p2a: Melmetal|54\/100|[from] Stealth Rock\n|turn|15\n|\n|t:|1665962689\n|switch|p1a: Magnezone|Magnezone|100\/100\n|move|p2a: Melmetal|Double Iron Bash|p1a: Magnezone\n|-resisted|p1a: Magnezone\n|-damage|p1a: Magnezone|92\/100\n|-damage|p2a: Melmetal|37\/100|[from] item: Rocky Helmet|[of] p1a: Magnezone\n|-resisted|p1a: Magnezone\n|-damage|p1a: Magnezone|84\/100\n|-damage|p2a: Melmetal|21\/100|[from] item: Rocky Helmet|[of] p1a: Magnezone\n|-hitcount|p1a: Magnezone|2\n|\n|-heal|p1a: Magnezone|90\/100|[from] Grassy Terrain\n|-heal|p2a: Melmetal|27\/100|[from] Grassy Terrain\n|upkeep\n|turn|16\n|\n|t:|1665962706\n|move|p1a: Magnezone|Magnet Rise|p1a: Magnezone\n|-start|p1a: Magnezone|Magnet Rise\n|move|p2a: Melmetal|Earthquake|p1a: Magnezone\n|-immune|p1a: Magnezone\n|\n|-heal|p2a: Melmetal|33\/100|[from] Grassy Terrain\n|-fieldend|move: Grassy Terrain\n|upkeep\n|turn|17\n|inactive|Neon Nerd has 270 seconds left.\n|\n|t:|1665962737\n|move|p1a: Magnezone|Iron Defense|p1a: Magnezone\n|-boost|p1a: Magnezone|def|2\n|move|p2a: Melmetal|Ice Punch|p1a: Magnezone\n|-resisted|p1a: Magnezone\n|-damage|p1a: Magnezone|83\/100\n|-damage|p2a: Melmetal|16\/100|[from] item: Rocky Helmet|[of] p1a: Magnezone\n|\n|upkeep\n|turn|18\n|\n|t:|1665962749\n|switch|p1a: Rillaboom|Rillaboom, F|95\/100\n|-fieldstart|move: Grassy Terrain|[from] ability: Grassy Surge|[of] p1a: Rillaboom\n|move|p2a: Melmetal|Double Iron Bash|p1a: Rillaboom\n|-damage|p1a: Rillaboom|54\/100\n|-damage|p1a: Rillaboom|6\/100\n|-hitcount|p1a: Rillaboom|2\n|\n|-heal|p1a: Rillaboom|12\/100|[from] Grassy Terrain\n|-heal|p2a: Melmetal|22\/100|[from] Grassy Terrain\n|upkeep\n|turn|19\n|inactive|Neon Nerd has 270 seconds left.\n|\n|t:|1665962765\n|move|p1a: Rillaboom|Knock Off|p2a: Melmetal\n|-damage|p2a: Melmetal|0 fnt\n|-enditem|p2a: Melmetal|Assault Vest|[from] move: Knock Off|[of] p1a: Rillaboom\n|faint|p2a: Melmetal\n|-damage|p1a: Rillaboom|2\/100|[from] item: Life Orb\n|\n|-heal|p1a: Rillaboom|9\/100|[from] Grassy Terrain\n|upkeep\n|\n|t:|1665962769\n|switch|p2a: Colossoil|Colossoil, F|88\/100 brn\n|-damage|p2a: Colossoil|82\/100 brn|[from] Stealth Rock\n|turn|20\n|\n|t:|1665962773\n|move|p2a: Colossoil|Fake Out|p1a: Rillaboom\n|-damage|p1a: Rillaboom|0 fnt\n|faint|p1a: Rillaboom\n|\n|-heal|p2a: Colossoil|88\/100 brn|[from] Grassy Terrain\n|-damage|p2a: Colossoil|82\/100 brn|[from] brn\n|upkeep\n|\n|t:|1665962787\n|switch|p1a: Silvally|Silvally-Fairy|100\/100\n|turn|21\n|\n|t:|1665962799\n|move|p2a: Colossoil|Earthquake|p1a: Silvally\n|-damage|p1a: Silvally|61\/100\n|move|p1a: Silvally|Multi-Attack|p2a: Colossoil\n|-supereffective|p2a: Colossoil\n|-damage|p2a: Colossoil|0 fnt\n|faint|p2a: Colossoil\n|\n|-heal|p1a: Silvally|67\/100|[from] Grassy Terrain\n|upkeep\n|\n|t:|1665962804\n|switch|p2a: Necturna|Necturna, F|100\/100\n|-damage|p2a: Necturna|88\/100|[from] Stealth Rock\n|-activate|p2a: Necturna|ability: Forewarn|Multi-Attack|[of] p1a: Silvally\n|turn|22\n|\n|t:|1665962807\n|move|p1a: Silvally|Multi-Attack|p2a: Necturna\n|-damage|p2a: Necturna|21\/100\n|move|p2a: Necturna|Geomancy||[still]\n|-prepare|p2a: Necturna|Geomancy\n|-enditem|p2a: Necturna|Power Herb\n|-anim|p2a: Necturna|Geomancy|p2a: Necturna\n|-boost|p2a: Necturna|spa|2\n|-boost|p2a: Necturna|spd|2\n|-boost|p2a: Necturna|spe|2\n|\n|-heal|p2a: Necturna|27\/100|[from] Grassy Terrain\n|-heal|p1a: Silvally|73\/100|[from] Grassy Terrain\n|-fieldend|move: Grassy Terrain\n|upkeep\n|turn|23\n|\n|t:|1665962820\n|move|p2a: Necturna|Giga Drain|p1a: Silvally\n|-damage|p1a: Silvally|7\/100\n|-heal|p2a: Necturna|68\/100|[from] drain|[of] p1a: Silvally\n|move|p1a: Silvally|Multi-Attack|p2a: Necturna\n|-damage|p2a: Necturna|0 fnt\n|faint|p2a: Necturna\n|\n|win|toon arctozolt\n|c|\u2606toon arctozolt|gg\n|c|\u2606Neon Nerd|gg\n|c|\u2606toon arctozolt|gg\n","uploadtime":1665962821,"views":19,"p1id":"toonarctozolt","p2id":"neonnerd","formatid":"gen8cap","rating":0,"private":0,"password":null}