{"id":"smogtours-gen4randombattle-638186","p1":"Skysolo \u2764","p2":"pop smoke","format":"gen4randombattle","log":"|inactive|Battle timer is ON: inactive players will automatically lose when time's up.\n|t:|1658072053\n|gametype|singles\n|player|p1|Skysolo \u2764|#pspl2019ubers|\n|player|p2|pop smoke|lyra|\n|teamsize|p1|6\n|teamsize|p2|6\n|gen|4\n|tier|[Gen 4] Random Battle\n|rule|Sleep Clause Mod: Limit one foe put to sleep\n|rule|HP Percentage Mod: HP is shown in percentages\n|\n|t:|1658072053\n|start\n|switch|p1a: Grumpig|Grumpig, L88, M|284\/284\n|switch|p2a: Butterfree|Butterfree, L88, F|249\/249\n|turn|1\n|inactive|pop smoke also wants the timer to be on.\n|\n|t:|1658072062\n|move|p1a: Grumpig|Psychic|p2a: Butterfree\n|-damage|p2a: Butterfree|140\/249\n|move|p2a: Butterfree|Bug Buzz|p1a: Grumpig\n|-supereffective|p1a: Grumpig\n|-damage|p1a: Grumpig|128\/284\n|\n|-heal|p1a: Grumpig|145\/284|[from] item: Leftovers\n|upkeep\n|turn|2\n|\n|t:|1658072066\n|move|p1a: Grumpig|Psychic|p2a: Butterfree\n|-damage|p2a: Butterfree|43\/249\n|move|p2a: Butterfree|Bug Buzz|p1a: Grumpig\n|-supereffective|p1a: Grumpig\n|-damage|p1a: Grumpig|0 fnt\n|faint|p1a: Grumpig\n|\n|upkeep\n|\n|t:|1658072076\n|switch|p1a: Corsola|Corsola, L88, F|240\/240\n|turn|3\n|inactive|pop smoke has 270 seconds left.\n|\n|t:|1658072113\n|move|p2a: Butterfree|Sleep Powder|p1a: Corsola\n|-status|p1a: Corsola|slp|[from] move: Sleep Powder\n|cant|p1a: Corsola|slp\n|\n|upkeep\n|turn|4\n|inactive|pop smoke has 270 seconds left.\n|\n|t:|1658072122\n|switch|p2a: Garchomp|Garchomp, L76, F|289\/289\n|-curestatus|p1a: Corsola|slp|[from] ability: Natural Cure\n|switch|p1a: Ledian|Ledian, L88, M|239\/239\n|\n|upkeep\n|turn|5\n|\n|t:|1658072130\n|switch|p1a: Claydol|Claydol, L84|238\/238\n|move|p2a: Garchomp|Fire Blast|p1a: Claydol\n|-damage|p1a: Claydol|189\/238\n|-status|p1a: Claydol|brn\n|\n|-heal|p1a: Claydol|203\/238 brn|[from] item: Leftovers\n|-damage|p1a: Claydol|174\/238 brn|[from] brn\n|upkeep\n|turn|6\n|\n|t:|1658072134\n|move|p2a: Garchomp|Substitute|p2a: Garchomp\n|-start|p2a: Garchomp|Substitute\n|-damage|p2a: Garchomp|217\/289\n|move|p1a: Claydol|Ice Beam|p2a: Garchomp\n|-supereffective|p2a: Garchomp\n|-end|p2a: Garchomp|Substitute\n|\n|-heal|p2a: Garchomp|235\/289|[from] item: Leftovers\n|-heal|p1a: Claydol|188\/238 brn|[from] item: Leftovers\n|-damage|p1a: Claydol|159\/238 brn|[from] brn\n|upkeep\n|turn|7\n|\n|t:|1658072138\n|switch|p2a: Politoed|Politoed, L88, F|302\/302\n|move|p1a: Claydol|Ice Beam|p2a: Politoed\n|-resisted|p2a: Politoed\n|-damage|p2a: Politoed|281\/302\n|\n|-heal|p1a: Claydol|173\/238 brn|[from] item: Leftovers\n|-damage|p1a: Claydol|144\/238 brn|[from] brn\n|-heal|p2a: Politoed|299\/302|[from] item: Leftovers\n|upkeep\n|turn|8\n|\n|t:|1658072141\n|switch|p1a: Ledian|Ledian, L88, M|239\/239\n|move|p2a: Politoed|Surf|p1a: Ledian\n|-damage|p1a: Ledian|157\/239\n|\n|-heal|p1a: Ledian|171\/239|[from] item: Leftovers\n|-heal|p2a: Politoed|302\/302|[from] item: Leftovers\n|upkeep\n|turn|9\n|\n|t:|1658072146\n|move|p1a: Ledian|Encore|p2a: Politoed\n|-start|p2a: Politoed|Encore\n|move|p2a: Politoed|Surf|p1a: Ledian\n|-damage|p1a: Ledian|93\/239\n|\n|-heal|p1a: Ledian|107\/239|[from] item: Leftovers\n|upkeep\n|turn|10\n|\n|t:|1658072150\n|switch|p2a: Aerodactyl|Aerodactyl, L80, M|259\/259\n|-ability|p2a: Aerodactyl|Pressure\n|move|p1a: Ledian|Roost|p1a: Ledian\n|-heal|p1a: Ledian|226\/239\n|-singleturn|p1a: Ledian|move: Roost\n|\n|-heal|p1a: Ledian|239\/239|[from] item: Leftovers\n|upkeep\n|turn|11\n|\n|t:|1658072158\n|switch|p1a: Corsola|Corsola, L88, F|240\/240\n|move|p2a: Aerodactyl|Stealth Rock|p1a: Corsola\n|-sidestart|p1: Skysolo \u2764|move: Stealth Rock\n|\n|upkeep\n|turn|12\n|inactive|pop smoke has 270 seconds left.\n|\n|t:|1658072194\n|switch|p2a: Garchomp|Garchomp, L76, F|235\/289\n|move|p1a: Corsola|Stealth Rock|p2a: Garchomp\n|-sidestart|p2: pop smoke|move: Stealth Rock\n|\n|-heal|p2a: Garchomp|253\/289|[from] item: Leftovers\n|upkeep\n|turn|13\n|\n|t:|1658072202\n|switch|p1a: Claydol|Claydol, L84|144\/238 brn\n|-damage|p1a: Claydol|130\/238 brn|[from] Stealth Rock\n|move|p2a: Garchomp|Earthquake|p1a: Claydol\n|-immune|p1a: Claydol|[from] ability: Levitate\n|\n|-heal|p2a: Garchomp|271\/289|[from] item: Leftovers\n|-heal|p1a: Claydol|144\/238 brn|[from] item: Leftovers\n|-damage|p1a: Claydol|115\/238 brn|[from] brn\n|upkeep\n|turn|14\n|\n|t:|1658072209\n|move|p2a: Garchomp|Substitute|p2a: Garchomp\n|-start|p2a: Garchomp|Substitute\n|-damage|p2a: Garchomp|199\/289\n|move|p1a: Claydol|Ice Beam|p2a: Garchomp\n|-supereffective|p2a: Garchomp\n|-end|p2a: Garchomp|Substitute\n|\n|-heal|p2a: Garchomp|217\/289|[from] item: Leftovers\n|-heal|p1a: Claydol|129\/238 brn|[from] item: Leftovers\n|-damage|p1a: Claydol|100\/238 brn|[from] brn\n|upkeep\n|turn|15\n|\n|t:|1658072213\n|move|p2a: Garchomp|Outrage|p1a: Claydol\n|-damage|p1a: Claydol|0 fnt\n|faint|p1a: Claydol\n|\n|-heal|p2a: Garchomp|235\/289|[from] item: Leftovers\n|upkeep\n|\n|t:|1658072218\n|switch|p1a: Regigigas|Regigigas, L88|337\/337\n|-damage|p1a: Regigigas|295\/337|[from] Stealth Rock\n|-start|p1a: Regigigas|ability: Slow Start\n|turn|16\n|\n|t:|1658072220\n|move|p2a: Garchomp|Outrage|p1a: Regigigas|[from]lockedmove\n|-damage|p1a: Regigigas|180\/337\n|move|p1a: Regigigas|Return|p2a: Garchomp\n|-damage|p2a: Garchomp|138\/289\n|\n|-heal|p2a: Garchomp|156\/289|[from] item: Leftovers\n|-heal|p1a: Regigigas|201\/337|[from] item: Leftovers\n|-start|p2a: Garchomp|confusion|[fatigue]\n|upkeep\n|turn|17\n|\n|t:|1658072224\n|-activate|p2a: Garchomp|confusion\n|-damage|p2a: Garchomp|127\/289|[from] confusion\n|move|p1a: Regigigas|Return|p2a: Garchomp\n|-damage|p2a: Garchomp|27\/289\n|\n|-heal|p2a: Garchomp|45\/289|[from] item: Leftovers\n|-heal|p1a: Regigigas|222\/337|[from] item: Leftovers\n|upkeep\n|turn|18\n|\n|t:|1658072226\n|-activate|p2a: Garchomp|confusion\n|move|p2a: Garchomp|Outrage|p1a: Regigigas\n|-damage|p1a: Regigigas|111\/337\n|move|p1a: Regigigas|Return|p2a: Garchomp\n|-damage|p2a: Garchomp|0 fnt\n|faint|p2a: Garchomp\n|\n|-heal|p1a: Regigigas|132\/337|[from] item: Leftovers\n|upkeep\n|\n|t:|1658072231\n|switch|p2a: Ambipom|Ambipom, L84, M|263\/263\n|-damage|p2a: Ambipom|231\/263|[from] Stealth Rock\n|turn|19\n|\n|t:|1658072240\n|-end|p1a: Regigigas|Slow Start|[silent]\n|switch|p1a: Ledian|Ledian, L88, M|239\/239\n|-damage|p1a: Ledian|120\/239|[from] Stealth Rock\n|move|p2a: Ambipom|Low Kick|p1a: Ledian\n|-resisted|p1a: Ledian\n|-damage|p1a: Ledian|92\/239\n|-damage|p2a: Ambipom|205\/263|[from] item: Life Orb\n|\n|-heal|p1a: Ledian|106\/239|[from] item: Leftovers\n|upkeep\n|turn|20\n|\n|t:|1658072243\n|move|p2a: Ambipom|Return|p1a: Ledian\n|-crit|p1a: Ledian\n|-damage|p1a: Ledian|0 fnt\n|faint|p1a: Ledian\n|-damage|p2a: Ambipom|179\/263|[from] item: Life Orb\n|\n|upkeep\n|\n|t:|1658072245\n|switch|p1a: Corsola|Corsola, L88, F|240\/240\n|-damage|p1a: Corsola|210\/240|[from] Stealth Rock\n|turn|21\n|\n|t:|1658072249\n|switch|p2a: Politoed|Politoed, L88, F|302\/302\n|-damage|p2a: Politoed|265\/302|[from] Stealth Rock\n|move|p1a: Corsola|Recover|p1a: Corsola\n|-heal|p1a: Corsola|240\/240\n|\n|-heal|p2a: Politoed|283\/302|[from] item: Leftovers\n|upkeep\n|turn|22\n|\n|t:|1658072253\n|switch|p1a: Regigigas|Regigigas, L88|132\/337\n|-damage|p1a: Regigigas|90\/337|[from] Stealth Rock\n|-start|p1a: Regigigas|ability: Slow Start\n|move|p2a: Politoed|Hidden Power|p1a: Regigigas\n|-damage|p1a: Regigigas|48\/337\n|\n|-heal|p2a: Politoed|301\/302|[from] item: Leftovers\n|-heal|p1a: Regigigas|69\/337|[from] item: Leftovers\n|upkeep\n|turn|23\n|\n|t:|1658072256\n|move|p2a: Politoed|Surf|p1a: Regigigas\n|-damage|p1a: Regigigas|0 fnt\n|faint|p1a: Regigigas\n|-end|p1a: Regigigas|Slow Start|[silent]\n|\n|-heal|p2a: Politoed|302\/302|[from] item: Leftovers\n|upkeep\n|\n|t:|1658072258\n|switch|p1a: Rampardos|Rampardos, L88, M|314\/314\n|-damage|p1a: Rampardos|275\/314|[from] Stealth Rock\n|-ability|p1a: Rampardos|Mold Breaker\n|turn|24\n|\n|t:|1658072261\n|move|p2a: Politoed|Surf|p1a: Rampardos\n|-supereffective|p1a: Rampardos\n|-damage|p1a: Rampardos|0 fnt\n|faint|p1a: Rampardos\n|\n|upkeep\n|-message|Skysolo \u2764 forfeited.\n|\n|win|pop smoke\n","inputlog":">version 846bb330dbaa8519b3666387eee200e1ae755f3c\n>start {\"formatid\":\"gen4randombattle\",\"seed\":[12747,552,42191,42855]}\n>player p1 {\"name\":\"Skysolo \u2764\",\"avatar\":\"#pspl2019ubers\",\"rating\":0,\"seed\":[30869,62245,54058,18689]}\n>player p2 {\"name\":\"pop smoke\",\"avatar\":\"lyra\",\"rating\":0,\"seed\":[26432,51289,21836,51513]}\n>p1 move psychic\n>p2 move bugbuzz\n>p1 move psychic\n>p2 move bugbuzz\n>p1 switch 2\n>p1 move stealthrock\n>p2 move sleeppowder\n>p1 switch 5\n>p2 switch 2\n>p1 switch 3\n>p2 move fireblast\n>p1 move icebeam\n>p2 move substitute\n>p1 move icebeam\n>p2 switch 5\n>p1 switch 3\n>p2 move surf\n>p1 move encore\n>p2 move toxic\n>p1 move roost\n>p2 switch 4\n>p1 switch 5\n>p2 move stealthrock\n>p1 move stealthrock\n>p2 switch 5\n>p1 switch 3\n>p2 move earthquake\n>p1 move icebeam\n>p2 move substitute\n>p1 move icebeam\n>p2 move outrage\n>p1 switch 6\n>p1 move return\n>p2 move outrage\n>p1 move return\n>p2 move outrage\n>p1 move return\n>p2 move outrage\n>p2 switch 3\n>p1 switch 5\n>p2 move lowkick\n>p1 move roost\n>p2 move return\n>p1 switch 3\n>p1 move recover\n>p2 switch 4\n>p1 switch 5\n>p2 move hiddenpower\n>p1 move thunderwave\n>p2 move surf\n>p1 switch 4\n>p1 move stoneedge\n>p2 move surf\n>forcelose p1","uploadtime":1658072267,"views":5,"p1id":"skysolo","p2id":"popsmoke","formatid":"gen4randombattle","rating":0,"private":0,"password":null}