{"id":"smogtours-gen7ou-502049","p1":"Pohjis","p2":"Redemption","format":"gen7ou","log":"|inactive|Battle timer is ON: inactive players will automatically lose when time's up.\n|player|p1|Pohjis|ethan|\n|player|p2|Redemption|baker|\n|teamsize|p1|6\n|teamsize|p2|6\n|gametype|singles\n|gen|7\n|tier|[Gen 7] OU\n|clearpoke\n|poke|p1|Scizor, M|item\n|poke|p1|Reuniclus, M|item\n|poke|p1|Kommo-o, F|item\n|poke|p1|Ditto|item\n|poke|p1|Rotom-Wash|item\n|poke|p1|Gliscor, M|item\n|poke|p2|Tyranitar, F|item\n|poke|p2|Victini|item\n|poke|p2|Serperior, F|item\n|poke|p2|Rotom-Wash|item\n|poke|p2|Magearna|item\n|poke|p2|Landorus-Therian, M|item\n|rule|Sleep Clause Mod: Limit one foe put to sleep\n|rule|Species Clause: Limit one of each Pok\u00e9mon\n|rule|OHKO Clause: OHKO moves are banned\n|rule|Moody Clause: Moody is banned\n|rule|Evasion Moves Clause: Evasion moves are banned\n|rule|Endless Battle Clause: Forcing endless battles is banned\n|rule|HP Percentage Mod: HP is shown in percentages\n|teampreview\n|c|+Lucix|RED\n|c|+p2|O\n|c|\u2606Redemption|hf\n|c|\u2606Pohjis|hf\n|c|@Djokra|POHJIS\n|raw|<div class=\"broadcast-red\"><strong>Moderated chat was set to \u2606!<\/strong><br \/>Only users of rank \u2606 and higher can talk.<\/div>\n|inactive|Pohjis has 270 seconds left.\n|inactive|Redemption has 270 seconds left.\n|inactive|Pohjis has 240 seconds left.\n|inactive|Redemption has 240 seconds left.\n|inactive|Pohjis has 210 seconds left.\n|inactive|Redemption has 210 seconds left.\n|inactive|Pohjis has 180 seconds left.\n|\n|start\n|switch|p1a: Kommo-o|Kommo-o, F|100\/100\n|switch|p2a: Champicon|Victini|100\/100\n|turn|1\n|\n|move|p1a: Kommo-o|Protect|p1a: Kommo-o\n|-singleturn|p1a: Kommo-o|Protect\n|move|p2a: Champicon|Final Gambit|p1a: Kommo-o\n|-activate|p1a: Kommo-o|move: Protect\n|\n|upkeep\n|turn|2\n|inactive|Redemption has 240 seconds left.\n|c|\u2606Redemption|thought i was gonna die\n|inactive|Redemption has 210 seconds left.\n|\n|switch|p2a: Quirulouche|Landorus-Therian, M|100\/100\n|-ability|p2a: Quirulouche|Intimidate|boost\n|-unboost|p1a: Kommo-o|atk|1\n|switch|p1a: Reuniclus|Reuniclus, M|100\/100\n|\n|upkeep\n|turn|3\n|inactive|Pohjis has 240 seconds left.\n|\n|move|p2a: Quirulouche|Stealth Rock|p1a: Reuniclus\n|-sidestart|p1: Pohjis|move: Stealth Rock\n|move|p1a: Reuniclus|Psychic|p2a: Quirulouche\n|-damage|p2a: Quirulouche|41\/100\n|\n|upkeep\n|turn|4\n|inactive|Pohjis has 240 seconds left.\n|inactive|Redemption has 180 seconds left.\n|inactive|Pohjis has 210 seconds left.\n|inactive|Redemption has 150 seconds left.\n|inactive|Redemption has 120 seconds left.\n|\n|move|p2a: Quirulouche|U-turn|p1a: Reuniclus\n|-supereffective|p1a: Reuniclus\n|-damage|p1a: Reuniclus|66\/100\n|\n|switch|p2a: Youpinoufle|Rotom-Wash|100\/100|[from]move: U-turn\n|move|p1a: Reuniclus|Focus Blast|p2a: Youpinoufle|[miss]\n|-miss|p1a: Reuniclus|p2a: Youpinoufle\n|\n|upkeep\n|turn|5\n|inactive|Pohjis has 210 seconds left.\n|inactive|Redemption has 90 seconds left.\n|inactive|Pohjis has 180 seconds left.\n|\n|move|p2a: Youpinoufle|Hydro Pump|p1a: Reuniclus\n|-damage|p1a: Reuniclus|26\/100\n|move|p1a: Reuniclus|Recover|p1a: Reuniclus\n|-heal|p1a: Reuniclus|77\/100\n|\n|upkeep\n|turn|6\n|inactive|Pohjis has 180 seconds left.\n|\n|move|p2a: Youpinoufle|Volt Switch|p1a: Reuniclus\n|-damage|p1a: Reuniclus|53\/100\n|\n|switch|p2a: Champicon|Victini|100\/100|[from]move: Volt Switch\n|move|p1a: Reuniclus|Recover|p1a: Reuniclus\n|-heal|p1a: Reuniclus|100\/100\n|\n|upkeep\n|turn|7\n|inactive|Pohjis has 180 seconds left.\n|\n|move|p2a: Champicon|U-turn|p1a: Reuniclus\n|-supereffective|p1a: Reuniclus\n|-damage|p1a: Reuniclus|72\/100\n|inactive|Redemption has 90 seconds left.\n|\n|switch|p2a: Youpinoufle|Rotom-Wash|100\/100|[from]move: U-turn\n|move|p1a: Reuniclus|Focus Blast|p2a: Youpinoufle|[miss]\n|-miss|p1a: Reuniclus|p2a: Youpinoufle\n|\n|upkeep\n|turn|8\n|inactive|Redemption has 60 seconds left.\n|\n|move|p2a: Youpinoufle|Volt Switch|p1a: Reuniclus\n|-damage|p1a: Reuniclus|47\/100\n|inactive|Redemption has 60 seconds left.\n|\n|switch|p2a: Chortibol|Magearna|100\/100|[from]move: Volt Switch\n|move|p1a: Reuniclus|Recover|p1a: Reuniclus\n|-heal|p1a: Reuniclus|97\/100\n|\n|upkeep\n|turn|9\n|inactive|Redemption has 30 seconds left.\n|inactive|Pohjis has 150 seconds left.\n|inactive|Redemption has 20 seconds left.\n|inactive|Pohjis has 120 seconds left.\n|\n|switch|p1a: Scizor|Scizor, M|100\/100\n|-damage|p1a: Scizor|88\/100|[from] Stealth Rock\n|-zpower|p2a: Chortibol\n|move|p2a: Chortibol|Twinkle Tackle|p1a: Scizor|[zeffect]\n|-resisted|p1a: Scizor\n|-damage|p1a: Scizor|44\/100\n|\n|upkeep\n|turn|10\n|inactive|Redemption has 30 seconds left this turn.\n|inactive|Redemption has 20 seconds left.\n|inactive|Redemption has 15 seconds left.\n|\n|detailschange|p1a: Scizor|Scizor-Mega, M\n|-mega|p1a: Scizor|Scizor|Scizorite\n|move|p2a: Chortibol|Calm Mind|p2a: Chortibol\n|-boost|p2a: Chortibol|spa|1\n|-boost|p2a: Chortibol|spd|1\n|move|p1a: Scizor|Roost|p1a: Scizor\n|-heal|p1a: Scizor|94\/100\n|-singleturn|p1a: Scizor|move: Roost\n|\n|upkeep\n|turn|11\n|inactive|Redemption has 25 seconds left this turn.\n|inactive|Pohjis has 120 seconds left.\n|inactive|Redemption has 20 seconds left.\n|\n|move|p1a: Scizor|Bullet Punch|p2a: Chortibol\n|-damage|p2a: Chortibol|75\/100\n|move|p2a: Chortibol|Thunderbolt|p1a: Scizor\n|-damage|p1a: Scizor|56\/100\n|\n|upkeep\n|turn|12\n|inactive|Redemption has 30 seconds left this turn.\n|inactive|Pohjis has 120 seconds left.\n|\n|move|p2a: Chortibol|Thunderbolt|p1a: Scizor\n|-crit|p1a: Scizor\n|-damage|p1a: Scizor|3\/100\n|move|p1a: Scizor|Roost|p1a: Scizor\n|-heal|p1a: Scizor|53\/100\n|-singleturn|p1a: Scizor|move: Roost\n|\n|upkeep\n|turn|13\n|inactive|Redemption has 30 seconds left.\n|\n|move|p2a: Chortibol|Thunderbolt|p1a: Scizor\n|-damage|p1a: Scizor|16\/100\n|move|p1a: Scizor|Roost|p1a: Scizor\n|-heal|p1a: Scizor|66\/100\n|-singleturn|p1a: Scizor|move: Roost\n|\n|upkeep\n|turn|14\n|\n|move|p2a: Chortibol|Thunderbolt|p1a: Scizor\n|-damage|p1a: Scizor|30\/100\n|move|p1a: Scizor|Roost|p1a: Scizor\n|-heal|p1a: Scizor|80\/100\n|-singleturn|p1a: Scizor|move: Roost\n|\n|upkeep\n|turn|15\n|\n|move|p1a: Scizor|Bullet Punch|p2a: Chortibol\n|-damage|p2a: Chortibol|50\/100\n|move|p2a: Chortibol|Thunderbolt|p1a: Scizor\n|-damage|p1a: Scizor|45\/100\n|\n|upkeep\n|turn|16\n|inactive|Pohjis has 150 seconds left.\n|\n|move|p2a: Chortibol|Thunderbolt|p1a: Scizor\n|-damage|p1a: Scizor|7\/100\n|move|p1a: Scizor|Roost|p1a: Scizor\n|-heal|p1a: Scizor|57\/100\n|-singleturn|p1a: Scizor|move: Roost\n|\n|upkeep\n|turn|17\n|\n|move|p2a: Chortibol|Thunderbolt|p1a: Scizor\n|-damage|p1a: Scizor|21\/100\n|move|p1a: Scizor|Roost|p1a: Scizor\n|-heal|p1a: Scizor|71\/100\n|-singleturn|p1a: Scizor|move: Roost\n|\n|upkeep\n|turn|18\n|\n|move|p2a: Chortibol|Thunderbolt|p1a: Scizor\n|-damage|p1a: Scizor|33\/100\n|move|p1a: Scizor|Roost|p1a: Scizor\n|-heal|p1a: Scizor|83\/100\n|-singleturn|p1a: Scizor|move: Roost\n|\n|upkeep\n|turn|19\n|\n|switch|p2a: Champicon|Victini|100\/100\n|move|p1a: Scizor|Roost|p1a: Scizor\n|-heal|p1a: Scizor|100\/100\n|-singleturn|p1a: Scizor|move: Roost\n|\n|upkeep\n|turn|20\n|inactive|Pohjis has 180 seconds left.\n|\n|switch|p1a: Kommo-o|Kommo-o, F|100\/100\n|-damage|p1a: Kommo-o|94\/100|[from] Stealth Rock\n|move|p2a: Champicon|U-turn|p1a: Kommo-o\n|-resisted|p1a: Kommo-o\n|-damage|p1a: Kommo-o|88\/100\n|\n|switch|p2a: Chortibol|Magearna|50\/100|[from]move: U-turn\n|\n|-heal|p1a: Kommo-o|94\/100|[from] item: Leftovers\n|upkeep\n|turn|21\n|inactive|Redemption has 60 seconds left.\n|\n|switch|p1a: Gliscor|Gliscor, M|100\/100\n|-damage|p1a: Gliscor|88\/100|[from] Stealth Rock\n|move|p2a: Chortibol|Calm Mind|p2a: Chortibol\n|-boost|p2a: Chortibol|spa|1\n|-boost|p2a: Chortibol|spd|1\n|\n|-status|p1a: Gliscor|tox|[from] item: Toxic Orb\n|upkeep\n|turn|22\n|inactive|Redemption has 60 seconds left.\n|inactive|Pohjis has 180 seconds left.\n|\n|switch|p2a: Roudlaboule|Serperior, F|100\/100\n|move|p1a: Gliscor|Earthquake|p2a: Roudlaboule\n|-resisted|p2a: Roudlaboule\n|-damage|p2a: Roudlaboule|81\/100\n|\n|-heal|p1a: Gliscor|100\/100 tox|[from] ability: Poison Heal\n|upkeep\n|turn|23\n|inactive|Pohjis has 180 seconds left.\n|\n|move|p2a: Roudlaboule|Leaf Storm|p1a: Gliscor\n|-crit|p1a: Gliscor\n|-damage|p1a: Gliscor|39\/100 tox\n|-boost|p2a: Roudlaboule|spa|2\n|move|p1a: Gliscor|Facade|p2a: Roudlaboule\n|-damage|p2a: Roudlaboule|46\/100\n|\n|-heal|p1a: Gliscor|51\/100 tox|[from] ability: Poison Heal\n|upkeep\n|turn|24\n|inactive|Redemption has 30 seconds left.\n|inactive|Pohjis has 150 seconds left.\n|\n|switch|p1a: Reuniclus|Reuniclus, M|97\/100\n|move|p2a: Roudlaboule|Leaf Storm|p1a: Reuniclus\n|-damage|p1a: Reuniclus|23\/100\n|-boost|p2a: Roudlaboule|spa|2\n|\n|upkeep\n|turn|25\n|inactive|Pohjis has 150 seconds left.\n|inactive|Redemption has 30 seconds left.\n|inactive|Redemption has 20 seconds left.\n|inactive|Redemption has 15 seconds left.\n|\n|move|p2a: Roudlaboule|Leaf Storm|p1a: Reuniclus\n|-damage|p1a: Reuniclus|0 fnt\n|-boost|p2a: Roudlaboule|spa|2\n|faint|p1a: Reuniclus\n|\n|upkeep\n|inactive|Redemption has 20 seconds left this turn.\n|\n|switch|p1a: Ditto|Ditto|100\/100\n|-damage|p1a: Ditto|88\/100|[from] Stealth Rock\n|-transform|p1a: Ditto|p2a: Roudlaboule|[from] ability: Imposter\n|turn|26\n|inactive|Redemption has 30 seconds left this turn.\n|inactive|Redemption has 20 seconds left.\n|\n|switch|p2a: Quirulouche|Landorus-Therian, M|41\/100\n|-ability|p2a: Quirulouche|Intimidate|boost\n|-boost|p1a: Ditto|atk|1\n|move|p1a: Ditto|Leaf Storm|p2a: Quirulouche\n|-damage|p2a: Quirulouche|0 fnt\n|faint|p2a: Quirulouche\n|\n|upkeep\n|inactive|Redemption has 25 seconds left this turn.\n|inactive|Redemption has 20 seconds left.\n|\n|switch|p2a: Champicon|Victini|100\/100\n|turn|27\n|inactive|Redemption has 30 seconds left this turn.\n|\n|switch|p1a: Kommo-o|Kommo-o, F|94\/100\n|-damage|p1a: Kommo-o|88\/100|[from] Stealth Rock\n|move|p2a: Champicon|V-create|p1a: Kommo-o\n|-resisted|p1a: Kommo-o\n|-damage|p1a: Kommo-o|62\/100\n|-unboost|p2a: Champicon|spe|1\n|-unboost|p2a: Champicon|def|1\n|-unboost|p2a: Champicon|spd|1\n|\n|-heal|p1a: Kommo-o|68\/100|[from] item: Leftovers\n|upkeep\n|turn|28\n|inactive|Redemption has 30 seconds left.\n|inactive|Redemption has 20 seconds left.\n|\n|switch|p2a: Chortibol|Magearna|50\/100\n|move|p1a: Kommo-o|Stealth Rock|p2a: Chortibol\n|-sidestart|p2: Redemption|move: Stealth Rock\n|\n|-heal|p1a: Kommo-o|75\/100|[from] item: Leftovers\n|upkeep\n|turn|29\n|inactive|Redemption has 30 seconds left this turn.\n|inactive|Redemption has 20 seconds left.\n|\n|move|p1a: Kommo-o|Protect|p1a: Kommo-o\n|-singleturn|p1a: Kommo-o|Protect\n|move|p2a: Chortibol|Calm Mind|p2a: Chortibol\n|-boost|p2a: Chortibol|spa|1\n|-boost|p2a: Chortibol|spd|1\n|\n|-heal|p1a: Kommo-o|81\/100|[from] item: Leftovers\n|upkeep\n|turn|30\n|inactive|Redemption has 30 seconds left this turn.\n|inactive|Redemption has 20 seconds left.\n|\n|switch|p1a: Scizor|Scizor-Mega, M|100\/100\n|-damage|p1a: Scizor|88\/100|[from] Stealth Rock\n|move|p2a: Chortibol|Thunderbolt|p1a: Scizor\n|-damage|p1a: Scizor|54\/100\n|\n|upkeep\n|turn|31\n|inactive|Redemption has 30 seconds left this turn.\n|\n|move|p1a: Scizor|Bullet Punch|p2a: Chortibol\n|-damage|p2a: Chortibol|24\/100\n|move|p2a: Chortibol|Thunderbolt|p1a: Scizor\n|-damage|p1a: Scizor|18\/100\n|\n|upkeep\n|turn|32\n|inactive|Redemption has 30 seconds left.\n|inactive|Redemption has 20 seconds left.\n|inactive|Redemption has 15 seconds left.\n|inactive|Redemption has 10 seconds left.\n|\n|move|p1a: Scizor|Bullet Punch|p2a: Chortibol\n|-damage|p2a: Chortibol|0 fnt\n|faint|p2a: Chortibol\n|\n|upkeep\n|inactive|Redemption has 15 seconds left this turn.\n|\n|switch|p2a: Champicon|Victini|100\/100\n|-damage|p2a: Champicon|76\/100|[from] Stealth Rock\n|turn|33\n|inactive|Redemption has 25 seconds left this turn.\n|inactive|Pohjis has 180 seconds left.\n|inactive|Redemption has 20 seconds left.\n|\n|switch|p1a: Kommo-o|Kommo-o, F|81\/100\n|-damage|p1a: Kommo-o|75\/100|[from] Stealth Rock\n|move|p2a: Champicon|V-create|p1a: Kommo-o\n|-resisted|p1a: Kommo-o\n|-damage|p1a: Kommo-o|49\/100\n|-unboost|p2a: Champicon|spe|1\n|-unboost|p2a: Champicon|def|1\n|-unboost|p2a: Champicon|spd|1\n|\n|-heal|p1a: Kommo-o|56\/100|[from] item: Leftovers\n|upkeep\n|turn|34\n|inactive|Redemption has 30 seconds left this turn.\n|inactive|Redemption has 20 seconds left.\n|inactive|Redemption has 15 seconds left.\n|inactive|Redemption has 10 seconds left.\n|\n|switch|p2a: Youpinoufle|Rotom-Wash|100\/100\n|-damage|p2a: Youpinoufle|88\/100|[from] Stealth Rock\n|move|p1a: Kommo-o|Flamethrower|p2a: Youpinoufle\n|-resisted|p2a: Youpinoufle\n|-damage|p2a: Youpinoufle|80\/100\n|\n|-heal|p1a: Kommo-o|62\/100|[from] item: Leftovers\n|-heal|p2a: Youpinoufle|87\/100|[from] item: Leftovers\n|upkeep\n|turn|35\n|inactive|Redemption has 20 seconds left this turn.\n|inactive|Redemption has 15 seconds left.\n|inactive|Redemption has 10 seconds left.\n|\n|move|p1a: Kommo-o|Protect|p1a: Kommo-o\n|-singleturn|p1a: Kommo-o|Protect\n|move|p2a: Youpinoufle|Volt Switch|p1a: Kommo-o\n|-activate|p1a: Kommo-o|move: Protect\n|\n|-heal|p1a: Kommo-o|68\/100|[from] item: Leftovers\n|-heal|p2a: Youpinoufle|93\/100|[from] item: Leftovers\n|upkeep\n|turn|36\n|inactive|Redemption has 20 seconds left this turn.\n|inactive|Redemption has 15 seconds left.\n|inactive|Redemption has 10 seconds left.\n|\n|move|p1a: Kommo-o|Flamethrower|p2a: Youpinoufle\n|-resisted|p2a: Youpinoufle\n|-damage|p2a: Youpinoufle|86\/100\n|move|p2a: Youpinoufle|Hydro Pump|p1a: Kommo-o|[miss]\n|-miss|p2a: Youpinoufle|p1a: Kommo-o\n|\n|-heal|p1a: Kommo-o|74\/100|[from] item: Leftovers\n|-heal|p2a: Youpinoufle|92\/100|[from] item: Leftovers\n|upkeep\n|turn|37\n|inactive|Redemption has 20 seconds left this turn.\n|inactive|Pohjis has 180 seconds left.\n|inactive|Redemption has 15 seconds left.\n|inactive|Redemption has 10 seconds left.\n|\n|switch|p2a: Manbouillette|Tyranitar, F|100\/100\n|-damage|p2a: Manbouillette|88\/100|[from] Stealth Rock\n|-weather|Sandstorm|[from] ability: Sand Stream|[of] p2a: Manbouillette\n|move|p1a: Kommo-o|Protect||[still]\n|-fail|p1a: Kommo-o\n|\n|-weather|Sandstorm|[upkeep]\n|-damage|p1a: Kommo-o|68\/100|[from] Sandstorm\n|-heal|p1a: Kommo-o|74\/100|[from] item: Leftovers\n|upkeep\n|turn|38\n|inactive|Redemption has 20 seconds left this turn.\n|inactive|Pohjis has 180 seconds left.\n|\n|detailschange|p2a: Manbouillette|Tyranitar-Mega, F\n|-mega|p2a: Manbouillette|Tyranitar|Tyranitarite\n|move|p1a: Kommo-o|Earthquake|p2a: Manbouillette\n|-supereffective|p2a: Manbouillette\n|-damage|p2a: Manbouillette|57\/100\n|move|p2a: Manbouillette|Ice Punch|p1a: Kommo-o\n|-supereffective|p1a: Kommo-o\n|-damage|p1a: Kommo-o|19\/100\n|\n|-weather|Sandstorm|[upkeep]\n|-damage|p1a: Kommo-o|13\/100|[from] Sandstorm\n|-heal|p1a: Kommo-o|19\/100|[from] item: Leftovers\n|upkeep\n|turn|39\n|inactive|Redemption has 30 seconds left this turn.\n|inactive|Pohjis has 180 seconds left.\n|inactive|Redemption has 20 seconds left.\n|\n|move|p1a: Kommo-o|Earthquake|p2a: Manbouillette\n|-supereffective|p2a: Manbouillette\n|-damage|p2a: Manbouillette|23\/100\n|move|p2a: Manbouillette|Ice Punch|p1a: Kommo-o\n|-supereffective|p1a: Kommo-o\n|-damage|p1a: Kommo-o|0 fnt\n|faint|p1a: Kommo-o\n|\n|-weather|Sandstorm|[upkeep]\n|upkeep\n|inactive|Redemption has 25 seconds left this turn.\n|inactive|Pohjis has 180 seconds left.\n|\n|switch|p1a: Rotom|Rotom-Wash|100\/100\n|-damage|p1a: Rotom|88\/100|[from] Stealth Rock\n|turn|40\n|inactive|Pohjis has 180 seconds left.\n|inactive|Redemption has 30 seconds left.\n|\n|switch|p2a: Youpinoufle|Rotom-Wash|92\/100\n|-damage|p2a: Youpinoufle|79\/100|[from] Stealth Rock\n|-zpower|p1a: Rotom\n|move|p1a: Rotom|Hydro Vortex|p2a: Youpinoufle|[zeffect]\n|-resisted|p2a: Youpinoufle\n|-damage|p2a: Youpinoufle|49\/100\n|\n|-weather|Sandstorm|[upkeep]\n|-damage|p1a: Rotom|82\/100|[from] Sandstorm\n|-damage|p2a: Youpinoufle|43\/100|[from] Sandstorm\n|-heal|p2a: Youpinoufle|49\/100|[from] item: Leftovers\n|upkeep\n|turn|41\n|inactive|Redemption has 30 seconds left.\n|\n|move|p1a: Rotom|Toxic|p2a: Youpinoufle\n|-status|p2a: Youpinoufle|tox\n|move|p2a: Youpinoufle|Pain Split|p1a: Rotom\n|-sethp|p1a: Rotom|69\/100|[from] move: Pain Split|[silent]\n|-sethp|p2a: Youpinoufle|61\/100 tox|[from] move: Pain Split\n|\n|-weather|none\n|-heal|p2a: Youpinoufle|67\/100 tox|[from] item: Leftovers\n|-damage|p2a: Youpinoufle|61\/100 tox|[from] psn\n|upkeep\n|turn|42\n|inactive|Redemption has 30 seconds left.\n|inactive|Redemption has 20 seconds left.\n|inactive|Redemption has 15 seconds left.\n|\n|move|p1a: Rotom|Volt Switch|p2a: Youpinoufle\n|-damage|p2a: Youpinoufle|36\/100 tox\n|inactive|Redemption has 20 seconds left this turn.\n|\n|switch|p1a: Scizor|Scizor-Mega, M|18\/100|[from]move: Volt Switch\n|-damage|p1a: Scizor|5\/100|[from] Stealth Rock\n|move|p2a: Youpinoufle|Hydro Pump|p1a: Scizor\n|-damage|p1a: Scizor|0 fnt\n|faint|p1a: Scizor\n|\n|-heal|p2a: Youpinoufle|42\/100 tox|[from] item: Leftovers\n|-damage|p2a: Youpinoufle|29\/100 tox|[from] psn\n|upkeep\n|inactive|Redemption has 25 seconds left this turn.\n|inactive|Pohjis has 180 seconds left.\n|inactive|Pohjis has 150 seconds left.\n|\n|switch|p1a: Gliscor|Gliscor, M|51\/100 tox\n|-damage|p1a: Gliscor|39\/100 tox|[from] Stealth Rock\n|turn|43\n|\n|move|p1a: Gliscor|Facade|p2a: Youpinoufle\n|-damage|p2a: Youpinoufle|0 fnt\n|faint|p2a: Youpinoufle\n|\n|-heal|p1a: Gliscor|51\/100 tox|[from] ability: Poison Heal\n|upkeep\n|inactive|Redemption has 30 seconds left.\n|inactive|Redemption has 20 seconds left.\n|inactive|Redemption has 15 seconds left.\n|inactive|Redemption has 10 seconds left.\n|\n|switch|p2a: Roudlaboule|Serperior, F|46\/100\n|-damage|p2a: Roudlaboule|34\/100|[from] Stealth Rock\n|turn|44\n|inactive|Redemption has 20 seconds left this turn.\n|inactive|Pohjis has 150 seconds left.\n|inactive|Redemption has 15 seconds left.\n|\n|move|p2a: Roudlaboule|Leaf Storm|p1a: Gliscor\n|-damage|p1a: Gliscor|9\/100 tox\n|-boost|p2a: Roudlaboule|spa|2\n|move|p1a: Gliscor|Roost|p1a: Gliscor\n|-heal|p1a: Gliscor|59\/100 tox\n|-singleturn|p1a: Gliscor|move: Roost\n|\n|-heal|p1a: Gliscor|72\/100 tox|[from] ability: Poison Heal\n|upkeep\n|turn|45\n|inactive|Redemption has 25 seconds left this turn.\n|inactive|Pohjis has 150 seconds left.\n|inactive|Redemption has 20 seconds left.\n|inactive|Redemption has 15 seconds left.\n|\n|move|p2a: Roudlaboule|Leaf Storm|p1a: Gliscor\n|-damage|p1a: Gliscor|0 fnt\n|-boost|p2a: Roudlaboule|spa|2\n|faint|p1a: Gliscor\n|\n|upkeep\n|inactive|Redemption has 20 seconds left this turn.\n|\n|switch|p1a: Ditto|Ditto|88\/100\n|-damage|p1a: Ditto|76\/100|[from] Stealth Rock\n|-transform|p1a: Ditto|p2a: Roudlaboule|[from] ability: Imposter\n|turn|46\n|inactive|Redemption has 30 seconds left this turn.\n|inactive|Pohjis has 150 seconds left.\n|inactive|Redemption has 20 seconds left.\n|inactive|Redemption has 15 seconds left.\n|\n|switch|p2a: Manbouillette|Tyranitar-Mega, F|23\/100\n|-damage|p2a: Manbouillette|11\/100|[from] Stealth Rock\n|-weather|Sandstorm|[from] ability: Sand Stream|[of] p2a: Manbouillette\n|move|p1a: Ditto|Leaf Storm|p2a: Manbouillette\n|-supereffective|p2a: Manbouillette\n|-damage|p2a: Manbouillette|0 fnt\n|-boost|p1a: Ditto|spa|2\n|faint|p2a: Manbouillette\n|\n|-weather|Sandstorm|[upkeep]\n|-damage|p1a: Ditto|70\/100|[from] Sandstorm\n|upkeep\n|inactive|Redemption has 20 seconds left this turn.\n|inactive|Redemption has 15 seconds left.\n|\n|switch|p2a: Champicon|Victini|76\/100\n|-damage|p2a: Champicon|51\/100|[from] Stealth Rock\n|turn|47\n|inactive|Redemption has 25 seconds left this turn.\n|inactive|Redemption has 20 seconds left.\n|\n|move|p1a: Ditto|Leaf Storm|p2a: Champicon\n|-resisted|p2a: Champicon\n|-damage|p2a: Champicon|0 fnt\n|faint|p2a: Champicon\n|\n|-weather|Sandstorm|[upkeep]\n|-damage|p1a: Ditto|64\/100|[from] Sandstorm\n|upkeep\n|inactive|Redemption has 25 seconds left this turn.\n|inactive|Redemption has 20 seconds left.\n|c|\u2606Redemption|ggs\n|\n|switch|p2a: Roudlaboule|Serperior, F|34\/100\n|-damage|p2a: Roudlaboule|22\/100|[from] Stealth Rock\n|-enditem|p2a: Roudlaboule|Wiki Berry|[eat]\n|-heal|p2a: Roudlaboule|72\/100|[from] item: Wiki Berry\n|turn|48\n|inactive|Redemption has 30 seconds left this turn.\n|inactive|Redemption has 20 seconds left.\n|\n|move|p1a: Ditto|Leaf Storm|p2a: Roudlaboule\n|-resisted|p2a: Roudlaboule\n|-damage|p2a: Roudlaboule|0 fnt\n|faint|p2a: Roudlaboule\n|\n|win|Pohjis\n|inactive|Redemption has 25 seconds left this turn.\n|c|\u2606Pohjis|ggs\n","uploadtime":1589734687,"views":2691,"p1id":"pohjis","p2id":"redemption","formatid":"gen7ou","rating":0,"private":0,"password":null}