{"id":"smogtours-gen8lc-600565","p1":"Laroxyl","p2":"Crow Music","format":"gen8lc","log":"|inactive|Battle timer is ON: inactive players will automatically lose when time's up.\n|t:|1641401903\n|gametype|singles\n|player|p1|Laroxyl|#scl1spartans|\n|player|p2|Crow Music|lucas|\n|teamsize|p1|6\n|teamsize|p2|6\n|gen|8\n|tier|[Gen 8] LC\n|rule|Sleep Clause Mod: Limit one foe put to sleep\n|rule|Species Clause: Limit one of each Pok\u00e9mon\n|rule|OHKO Clause: OHKO moves are banned\n|rule|Evasion Moves Clause: Evasion moves are banned\n|rule|Endless Battle Clause: Forcing endless battles is banned\n|rule|HP Percentage Mod: HP is shown in percentages\n|rule|Dynamax Clause: You cannot dynamax\n|clearpoke\n|poke|p1|Pawniard, L5, M|\n|poke|p1|Mienfoo, L5, F|\n|poke|p1|Diglett, L5, M|\n|poke|p1|Mareanie, L5, M|\n|poke|p1|Porygon, L5|\n|poke|p1|Ponyta-Galar, L5, M|\n|poke|p2|Foongus, L5, F|\n|poke|p2|Pawniard, L5, M|\n|poke|p2|Diglett, L5, M|\n|poke|p2|Mienfoo, L5, M|\n|poke|p2|Porygon, L5|\n|poke|p2|Ponyta-Galar, L5, F|\n|teampreview\n|c|\u2606Crow Music|Gl hf\n|c|\u2606Crow Music|Just a minute\n|inactive|Laroxyl has 270 seconds left.\n|inactive|Crow Music has 270 seconds left.\n|c|\u2606Laroxyl|u2\n|inactive|Laroxyl has 240 seconds left.\n|\n|t:|1641401967\n|start\n|switch|p1a: Mareanie|Mareanie, L5, M|100\/100\n|switch|p2a: Mienfoo|Mienfoo, L5, M|100\/100\n|turn|1\n|\n|t:|1641401974\n|move|p1a: Mareanie|Knock Off|p2a: Mienfoo\n|-resisted|p2a: Mienfoo\n|-damage|p2a: Mienfoo|92\/100\n|-enditem|p2a: Mienfoo|Eviolite|[from] move: Knock Off|[of] p1a: Mareanie\n|move|p2a: Mienfoo|Knock Off|p1a: Mareanie\n|-crit|p1a: Mareanie\n|-damage|p1a: Mareanie|66\/100\n|-enditem|p1a: Mareanie|Eviolite|[from] move: Knock Off|[of] p2a: Mienfoo\n|\n|upkeep\n|turn|2\n|\n|t:|1641401982\n|switch|p1a: Mienfoo|Mienfoo, L5, F|100\/100\n|move|p2a: Mienfoo|Knock Off|p1a: Mienfoo\n|-resisted|p1a: Mienfoo\n|-damage|p1a: Mienfoo|86\/100\n|-enditem|p1a: Mienfoo|Eviolite|[from] move: Knock Off|[of] p2a: Mienfoo\n|\n|upkeep\n|turn|3\n|\n|t:|1641401991\n|move|p1a: Mienfoo|Fake Out|p2a: Mienfoo\n|-damage|p2a: Mienfoo|75\/100\n|cant|p2a: Mienfoo|flinch\n|\n|upkeep\n|turn|4\n|inactive|Laroxyl has 270 seconds left.\n|inactive|Laroxyl has 240 seconds left.\n|inactive|Laroxyl has 210 seconds left.\n|\n|t:|1641402082\n|move|p1a: Mienfoo|High Jump Kick|p2a: Mienfoo\n|-damage|p2a: Mienfoo|9\/100\n|move|p2a: Mienfoo|U-turn|p1a: Mienfoo\n|-resisted|p1a: Mienfoo\n|-damage|p1a: Mienfoo|72\/100\n|\n|t:|1641402085\n|switch|p2a: Diglett|Diglett, L5, M|100\/100|[from]move: U-turn\n|\n|upkeep\n|turn|5\n|\n|t:|1641402088\n|move|p2a: Diglett|Earthquake|p1a: Mienfoo\n|-damage|p1a: Mienfoo|0 fnt\n|faint|p1a: Mienfoo\n|-damage|p2a: Diglett|95\/100|[from] item: Life Orb\n|\n|upkeep\n|inactive|Laroxyl has 210 seconds left.\n|\n|t:|1641402114\n|switch|p1a: Diglett|Diglett, L5, M|100\/100\n|-item|p1a: Diglett|Air Balloon\n|turn|6\n|inactive|Laroxyl has 210 seconds left.\n|\n|t:|1641402128\n|move|p2a: Diglett|Sucker Punch|p1a: Diglett\n|-damage|p1a: Diglett|37\/100\n|-enditem|p1a: Diglett|Air Balloon\n|-damage|p2a: Diglett|89\/100|[from] item: Life Orb\n|move|p1a: Diglett|Earthquake|p2a: Diglett\n|-damage|p2a: Diglett|0 fnt\n|faint|p2a: Diglett\n|\n|upkeep\n|\n|t:|1641402146\n|switch|p2a: Foongus|Foongus, L5, F|100\/100\n|turn|7\n|inactive|Laroxyl has 210 seconds left.\n|\n|t:|1641402163\n|switch|p1a: Mareanie|Mareanie, L5, M|96\/100\n|move|p2a: Foongus|Synthesis|p2a: Foongus\n|-fail|p2a: Foongus|heal\n|\n|upkeep\n|turn|8\n|inactive|Laroxyl has 210 seconds left.\n|\n|t:|1641402174\n|switch|p2a: Mienfoo|Mienfoo, L5, M|42\/100\n|move|p1a: Mareanie|Knock Off|p2a: Mienfoo\n|-resisted|p2a: Mienfoo\n|-damage|p2a: Mienfoo|34\/100\n|\n|upkeep\n|turn|9\n|\n|t:|1641402195\n|switch|p2a: Pawniard|Pawniard, L5, M, shiny|100\/100\n|move|p1a: Mareanie|Knock Off|p2a: Pawniard\n|-resisted|p2a: Pawniard\n|-damage|p2a: Pawniard|91\/100\n|-enditem|p2a: Pawniard|Eviolite|[from] move: Knock Off|[of] p1a: Mareanie\n|\n|upkeep\n|turn|10\n|\n|t:|1641402205\n|move|p2a: Pawniard|Stealth Rock|p1a: Mareanie\n|-sidestart|p1: Laroxyl|move: Stealth Rock\n|move|p1a: Mareanie|Scald|p2a: Pawniard\n|-damage|p2a: Pawniard|48\/100\n|\n|upkeep\n|turn|11\n|inactive|Laroxyl has 210 seconds left.\n|\n|t:|1641402229\n|switch|p2a: Mienfoo|Mienfoo, L5, M|67\/100\n|move|p1a: Mareanie|Knock Off|p2a: Mienfoo\n|-resisted|p2a: Mienfoo\n|-damage|p2a: Mienfoo|59\/100\n|\n|upkeep\n|turn|12\n|inactive|Laroxyl has 210 seconds left.\n|\n|t:|1641402236\n|move|p1a: Mareanie|Scald|p2a: Mienfoo\n|-damage|p2a: Mienfoo|21\/100\n|-status|p2a: Mienfoo|brn\n|move|p2a: Mienfoo|U-turn|p1a: Mareanie\n|-resisted|p1a: Mareanie\n|-damage|p1a: Mareanie|92\/100\n|\n|t:|1641402239\n|switch|p2a: Porygon|Porygon, L5|100\/100|[from]move: U-turn\n|-ability|p2a: Porygon|Download|boost\n|-boost|p2a: Porygon|spa|1\n|\n|upkeep\n|turn|13\n|inactive|Laroxyl has 210 seconds left.\n|\n|t:|1641402257\n|switch|p1a: Pawniard|Pawniard, L5, M|100\/100\n|-damage|p1a: Pawniard|96\/100|[from] Stealth Rock\n|move|p2a: Porygon|Thunderbolt|p1a: Pawniard\n|-damage|p1a: Pawniard|43\/100\n|\n|upkeep\n|turn|14\n|inactive|Laroxyl has 210 seconds left.\n|\n|t:|1641402275\n|switch|p2a: Mienfoo|Mienfoo, L5, M|55\/100 brn\n|move|p1a: Pawniard|Iron Head|p2a: Mienfoo\n|-damage|p2a: Mienfoo|0 fnt\n|faint|p2a: Mienfoo\n|\n|upkeep\n|inactive|Crow Music has 270 seconds left.\n|\n|t:|1641402306\n|switch|p2a: Pawniard|Pawniard, L5, M, shiny|48\/100\n|turn|15\n|inactive|Laroxyl has 210 seconds left.\n|\n|t:|1641402320\n|switch|p1a: Mareanie|Mareanie, L5, M|100\/100\n|-damage|p1a: Mareanie|92\/100|[from] Stealth Rock\n|move|p2a: Pawniard|Knock Off|p1a: Mareanie\n|-damage|p1a: Mareanie|53\/100\n|\n|upkeep\n|turn|16\n|inactive|Laroxyl has 210 seconds left.\n|\n|t:|1641402334\n|move|p2a: Pawniard|Knock Off|p1a: Mareanie\n|-damage|p1a: Mareanie|14\/100\n|move|p1a: Mareanie|Recover|p1a: Mareanie\n|-heal|p1a: Mareanie|66\/100\n|\n|upkeep\n|turn|17\n|inactive|Laroxyl has 210 seconds left.\n|inactive|Laroxyl has 180 seconds left.\n|\n|t:|1641402378\n|move|p2a: Pawniard|Knock Off|p1a: Mareanie\n|-damage|p1a: Mareanie|27\/100\n|move|p1a: Mareanie|Recover|p1a: Mareanie\n|-heal|p1a: Mareanie|79\/100\n|\n|upkeep\n|turn|18\n|inactive|Laroxyl has 180 seconds left.\n|\n|t:|1641402399\n|move|p2a: Pawniard|Knock Off|p1a: Mareanie\n|-damage|p1a: Mareanie|40\/100\n|move|p1a: Mareanie|Recover|p1a: Mareanie\n|-heal|p1a: Mareanie|92\/100\n|\n|upkeep\n|turn|19\n|\n|t:|1641402412\n|switch|p2a: Ponyta|Ponyta-Galar, L5, F, shiny|100\/100\n|move|p1a: Mareanie|Scald|p2a: Ponyta\n|-damage|p2a: Ponyta|67\/100\n|-status|p2a: Ponyta|brn\n|\n|-damage|p2a: Ponyta|62\/100 brn|[from] brn\n|upkeep\n|turn|20\n|inactive|Laroxyl has 150 seconds left.\n|inactive|Crow Music has 270 seconds left.\n|inactive|Laroxyl has 120 seconds left.\n|\n|t:|1641402478\n|switch|p1a: Ponyta|Ponyta-Galar, L5, M|100\/100\n|-damage|p1a: Ponyta|91\/100|[from] Stealth Rock\n|move|p2a: Ponyta|Psychic|p1a: Ponyta\n|-resisted|p1a: Ponyta\n|-damage|p1a: Ponyta|72\/100\n|\n|-damage|p2a: Ponyta|58\/100 brn|[from] brn\n|upkeep\n|turn|21\n|inactive|Laroxyl has 120 seconds left.\n|\n|t:|1641402491\n|move|p1a: Ponyta|Morning Sun|p1a: Ponyta\n|-heal|p1a: Ponyta|100\/100\n|move|p2a: Ponyta|Mystical Fire|p1a: Ponyta\n|-damage|p1a: Ponyta|72\/100\n|-unboost|p1a: Ponyta|spa|1\n|\n|-damage|p2a: Ponyta|53\/100 brn|[from] brn\n|upkeep\n|turn|22\n|inactive|Laroxyl has 120 seconds left.\n|\n|t:|1641402498\n|move|p1a: Ponyta|Morning Sun|p1a: Ponyta\n|-heal|p1a: Ponyta|100\/100\n|move|p2a: Ponyta|Morning Sun|p2a: Ponyta\n|-heal|p2a: Ponyta|100\/100 brn\n|\n|-damage|p2a: Ponyta|96\/100 brn|[from] brn\n|upkeep\n|turn|23\n|inactive|Laroxyl has 120 seconds left.\n|\n|t:|1641402517\n|switch|p2a: Foongus|Foongus, L5, F|100\/100\n|move|p1a: Ponyta|Wild Charge|p2a: Foongus\n|-resisted|p2a: Foongus\n|-damage|p2a: Foongus|88\/100\n|-damage|p1a: Ponyta|96\/100|[from] Recoil\n|\n|upkeep\n|turn|24\n|inactive|Laroxyl has 120 seconds left.\n|\n|t:|1641402545\n|move|p1a: Ponyta|Zen Headbutt|p2a: Foongus\n|-supereffective|p2a: Foongus\n|-damage|p2a: Foongus|16\/100\n|move|p2a: Foongus|Spore|p1a: Ponyta\n|-status|p1a: Ponyta|slp|[from] move: Spore\n|\n|upkeep\n|turn|25\n|inactive|Laroxyl has 90 seconds left.\n|\n|t:|1641402585\n|switch|p1a: Porygon|Porygon, L5|100\/100\n|-damage|p1a: Porygon|89\/100|[from] Stealth Rock\n|-ability|p1a: Porygon|Regenerator|[from] ability: Trace|[of] p2a: Foongus\n|switch|p2a: Porygon|Porygon, L5|100\/100\n|-ability|p2a: Porygon|Download|boost\n|-boost|p2a: Porygon|spa|1\n|\n|upkeep\n|turn|26\n|\n|t:|1641402595\n|move|p2a: Porygon|Tri Attack|p1a: Porygon\n|-damage|p1a: Porygon|43\/100\n|-status|p1a: Porygon|frz\n|-curestatus|p1a: Porygon|frz|[msg]\n|move|p1a: Porygon|Thunder Wave|p2a: Porygon\n|-status|p2a: Porygon|par\n|\n|upkeep\n|turn|27\n|\n|t:|1641402612\n|move|p1a: Porygon|Recover|p1a: Porygon\n|-heal|p1a: Porygon|93\/100\n|move|p2a: Porygon|Tri Attack|p1a: Porygon\n|-damage|p1a: Porygon|47\/100\n|\n|upkeep\n|turn|28\n|\n|t:|1641402619\n|move|p1a: Porygon|Recover|p1a: Porygon\n|-heal|p1a: Porygon|97\/100\n|move|p2a: Porygon|Tri Attack|p1a: Porygon\n|-damage|p1a: Porygon|50\/100\n|-status|p1a: Porygon|frz\n|\n|upkeep\n|turn|29\n|c|\u2606Laroxyl|god\n|\n|t:|1641402630\n|cant|p1a: Porygon|frz\n|cant|p2a: Porygon|par\n|\n|upkeep\n|turn|30\n|\n|t:|1641402636\n|cant|p1a: Porygon|frz\n|move|p2a: Porygon|Tri Attack|p1a: Porygon\n|-damage|p1a: Porygon|0 fnt\n|faint|p1a: Porygon\n|\n|upkeep\n|c|\u2606Laroxyl|only way\n|c|\u2606Crow Music|Sorry :(\n|inactive|Laroxyl has 60 seconds left.\n|\n|t:|1641402670\n|switch|p1a: Diglett|Diglett, L5, M|37\/100\n|-damage|p1a: Diglett|32\/100|[from] Stealth Rock\n|turn|31\n|\n|t:|1641402675\n|move|p1a: Diglett|Earthquake|p2a: Porygon\n|-damage|p2a: Porygon|35\/100 par\n|-enditem|p2a: Porygon|Berry Juice\n|-heal|p2a: Porygon|100\/100 par|[from] item: Berry Juice\n|move|p2a: Porygon|Tri Attack|p1a: Diglett\n|-damage|p1a: Diglett|0 fnt\n|faint|p1a: Diglett\n|\n|upkeep\n|inactive|Laroxyl has 60 seconds left.\n|\n|t:|1641402683\n|switch|p1a: Pawniard|Pawniard, L5, M|43\/100\n|-damage|p1a: Pawniard|39\/100|[from] Stealth Rock\n|turn|32\n|\n|t:|1641402691\n|move|p1a: Pawniard|Iron Head|p2a: Porygon\n|-damage|p2a: Porygon|44\/100 par\n|move|p2a: Porygon|Thunderbolt|p1a: Pawniard\n|-damage|p1a: Pawniard|0 fnt\n|faint|p1a: Pawniard\n|\n|upkeep\n|c|\u2606Laroxyl|and\n|c|\u2606Laroxyl|of\n|c|\u2606Laroxyl|course\n|c|\u2606Laroxyl|no\n|c|\u2606Laroxyl|justice\n|inactive|Laroxyl has 60 seconds left.\n|\n|t:|1641402714\n|switch|p1a: Mareanie|Mareanie, L5, M|100\/100\n|-damage|p1a: Mareanie|92\/100|[from] Stealth Rock\n|turn|33\n|\n|t:|1641402725\n|move|p1a: Mareanie|Sludge Bomb|p2a: Porygon\n|-damage|p2a: Porygon|5\/100 par\n|move|p2a: Porygon|Thunderbolt|p1a: Mareanie\n|-supereffective|p1a: Mareanie\n|-damage|p1a: Mareanie|0 fnt\n|faint|p1a: Mareanie\n|\n|upkeep\n|\n|t:|1641402729\n|switch|p1a: Ponyta|Ponyta-Galar, L5, M|96\/100 slp\n|-damage|p1a: Ponyta|86\/100 slp|[from] Stealth Rock\n|turn|34\n|\n|t:|1641402732\n|cant|p1a: Ponyta|slp\n|move|p2a: Porygon|Tri Attack|p1a: Ponyta\n|-damage|p1a: Ponyta|15\/100 slp\n|\n|upkeep\n|turn|35\n|\n|t:|1641402739\n|cant|p1a: Ponyta|slp\n|cant|p2a: Porygon|par\n|\n|upkeep\n|turn|36\n|inactive|Laroxyl has 90 seconds left.\n|\n|t:|1641402747\n|-curestatus|p1a: Ponyta|slp|[msg]\n|move|p1a: Ponyta|Zen Headbutt|p2a: Porygon\n|-damage|p2a: Porygon|0 fnt\n|faint|p2a: Porygon\n|\n|upkeep\n|\n|t:|1641402759\n|switch|p2a: Foongus|Foongus, L5, F|48\/100\n|turn|37\n|inactive|Laroxyl has 90 seconds left.\n|\n|t:|1641402785\n|switch|p2a: Ponyta|Ponyta-Galar, L5, F, shiny|96\/100 brn\n|move|p1a: Ponyta|Morning Sun|p1a: Ponyta\n|-heal|p1a: Ponyta|62\/100\n|\n|-damage|p2a: Ponyta|91\/100 brn|[from] brn\n|upkeep\n|turn|38\n|\n|t:|1641402795\n|move|p1a: Ponyta|Zen Headbutt|p2a: Ponyta\n|-resisted|p2a: Ponyta\n|-damage|p2a: Ponyta|62\/100 brn\n|move|p2a: Ponyta|Mystical Fire|p1a: Ponyta\n|-damage|p1a: Ponyta|34\/100\n|-unboost|p1a: Ponyta|spa|1\n|\n|-damage|p2a: Ponyta|58\/100 brn|[from] brn\n|upkeep\n|turn|39\n|inactive|Laroxyl has 90 seconds left.\n|\n|t:|1641402804\n|move|p1a: Ponyta|Morning Sun|p1a: Ponyta\n|-heal|p1a: Ponyta|81\/100\n|move|p2a: Ponyta|Morning Sun|p2a: Ponyta\n|-heal|p2a: Ponyta|100\/100 brn\n|\n|-damage|p2a: Ponyta|96\/100 brn|[from] brn\n|upkeep\n|turn|40\n|\n|t:|1641402812\n|move|p1a: Ponyta|Zen Headbutt|p2a: Ponyta\n|-resisted|p2a: Ponyta\n|-damage|p2a: Ponyta|72\/100 brn\n|cant|p2a: Ponyta|flinch\n|\n|-damage|p2a: Ponyta|67\/100 brn|[from] brn\n|upkeep\n|turn|41\n|\n|t:|1641402819\n|move|p1a: Ponyta|Zen Headbutt|p2a: Ponyta\n|-resisted|p2a: Ponyta\n|-crit|p2a: Ponyta\n|-damage|p2a: Ponyta|24\/100 brn\n|move|p2a: Ponyta|Morning Sun|p2a: Ponyta\n|-heal|p2a: Ponyta|72\/100 brn\n|\n|-damage|p2a: Ponyta|67\/100 brn|[from] brn\n|upkeep\n|turn|42\n|inactive|Laroxyl has 90 seconds left.\n|inactive|Laroxyl has 60 seconds left.\n|\n|t:|1641402872\n|move|p1a: Ponyta|Zen Headbutt|p2a: Ponyta\n|-resisted|p2a: Ponyta\n|-damage|p2a: Ponyta|39\/100 brn\n|move|p2a: Ponyta|Morning Sun|p2a: Ponyta\n|-heal|p2a: Ponyta|86\/100 brn\n|\n|-damage|p2a: Ponyta|81\/100 brn|[from] brn\n|upkeep\n|turn|43\n|\n|t:|1641402881\n|move|p1a: Ponyta|Zen Headbutt|p2a: Ponyta\n|-resisted|p2a: Ponyta\n|-damage|p2a: Ponyta|53\/100 brn\n|move|p2a: Ponyta|Psychic|p1a: Ponyta\n|-resisted|p1a: Ponyta\n|-damage|p1a: Ponyta|58\/100\n|\n|-damage|p2a: Ponyta|48\/100 brn|[from] brn\n|upkeep\n|turn|44\n|\n|t:|1641402895\n|move|p1a: Ponyta|Zen Headbutt|p2a: Ponyta\n|-resisted|p2a: Ponyta\n|-damage|p2a: Ponyta|24\/100 brn\n|move|p2a: Ponyta|Morning Sun|p2a: Ponyta\n|-heal|p2a: Ponyta|72\/100 brn\n|\n|-damage|p2a: Ponyta|67\/100 brn|[from] brn\n|upkeep\n|turn|45\n|inactive|Laroxyl has 60 seconds left.\n|\n|t:|1641402918\n|move|p1a: Ponyta|Morning Sun|p1a: Ponyta\n|-heal|p1a: Ponyta|100\/100\n|move|p2a: Ponyta|Psychic|p1a: Ponyta\n|-resisted|p1a: Ponyta\n|-damage|p1a: Ponyta|81\/100\n|\n|-damage|p2a: Ponyta|62\/100 brn|[from] brn\n|upkeep\n|turn|46\n|\n|t:|1641402925\n|move|p1a: Ponyta|Zen Headbutt|p2a: Ponyta\n|-resisted|p2a: Ponyta\n|-damage|p2a: Ponyta|34\/100 brn\n|move|p2a: Ponyta|Psychic|p1a: Ponyta\n|-resisted|p1a: Ponyta\n|-damage|p1a: Ponyta|62\/100\n|\n|-damage|p2a: Ponyta|29\/100 brn|[from] brn\n|upkeep\n|turn|47\n|inactive|Laroxyl has 60 seconds left.\n|\n|t:|1641402945\n|move|p1a: Ponyta|Wild Charge|p2a: Ponyta\n|-damage|p2a: Ponyta|0 fnt\n|faint|p2a: Ponyta\n|-damage|p1a: Ponyta|53\/100|[from] Recoil\n|\n|upkeep\n|\n|t:|1641402965\n|switch|p2a: Foongus|Foongus, L5, F|80\/100\n|turn|48\n|inactive|Laroxyl has 60 seconds left.\n|inactive|Laroxyl has 30 seconds left.\n|inactive|Laroxyl has 20 seconds left.\n|inactive|Laroxyl has 15 seconds left.\n|\n|t:|1641403026\n|move|p1a: Ponyta|Zen Headbutt|p2a: Foongus\n|-supereffective|p2a: Foongus\n|-damage|p2a: Foongus|8\/100\n|move|p2a: Foongus|Spore|p1a: Ponyta\n|-status|p1a: Ponyta|slp|[from] move: Spore\n|\n|upkeep\n|turn|49\n|inactive|Laroxyl has 25 seconds left this turn.\n|\n|t:|1641403034\n|switch|p2a: Pawniard|Pawniard, L5, M, shiny|48\/100\n|cant|p1a: Ponyta|slp\n|\n|upkeep\n|turn|50\n|inactive|Laroxyl has 30 seconds left.\n|inactive|Laroxyl has 20 seconds left.\n|inactive|Laroxyl has 15 seconds left.\n|inactive|Laroxyl has 10 seconds left.\n|\n|t:|1641403060\n|-curestatus|p1a: Ponyta|slp|[msg]\n|move|p1a: Ponyta|Double Kick|p2a: Pawniard\n|-supereffective|p2a: Pawniard\n|-crit|p2a: Pawniard\n|-damage|p2a: Pawniard|0 fnt\n|faint|p2a: Pawniard\n|-hitcount|p2: Pawniard|1\n|\n|upkeep\n|inactive|Laroxyl has 15 seconds left this turn.\n|c|+babyboyblues|oml\n|\n|t:|1641403068\n|switch|p2a: Foongus|Foongus, L5, F|40\/100\n|turn|51\n|inactive|Laroxyl has 25 seconds left this turn.\n|c|+babyboyblues|laroxyl goat\n|\n|t:|1641403075\n|move|p1a: Ponyta|Zen Headbutt|p2a: Foongus\n|-supereffective|p2a: Foongus\n|-damage|p2a: Foongus|0 fnt\n|faint|p2a: Foongus\n|\n|win|Laroxyl\n|inactive|Laroxyl has 30 seconds left this turn.\n|c|\u2606Laroxyl|gg\n","uploadtime":1641403076,"views":242,"p1id":"laroxyl","p2id":"crowmusic","formatid":"gen8lc","rating":0,"private":0,"password":null}