{"id":"smogtours-gen4ou-647885","p1":"gilbert arenas(","p2":"Mimikyu Stardust","format":"gen4ou","log":"|inactive|Battle timer is ON: inactive players will automatically lose when time's up.\n|t:|1662916659\n|gametype|singles\n|player|p1|gilbert arenas(|#splxiiityrants|\n|player|p2|Mimikyu Stardust|#mimikyustardust|\n|teamsize|p1|6\n|teamsize|p2|6\n|gen|4\n|tier|[Gen 4] OU\n|rule|Sleep Clause Mod: Limit one foe put to sleep\n|rule|Species Clause: Limit one of each Pok\u00e9mon\n|rule|OHKO Clause: OHKO moves are banned\n|rule|Evasion Items Clause: Evasion items are banned\n|rule|Evasion Moves Clause: Evasion moves are banned\n|rule|Endless Battle Clause: Forcing endless battles is banned\n|rule|HP Percentage Mod: HP is shown in percentages\n|rule|Freeze Clause Mod: Limit one foe frozen\n|\n|t:|1662916659\n|start\n|switch|p1a: Dragonite|Dragonite, F|100\/100\n|switch|p2a: Azelf|Azelf|100\/100\n|turn|1\n|c|\u2606Mimikyu Stardust|hf\n|\n|t:|1662916685\n|move|p2a: Azelf|Stealth Rock|p1a: Dragonite\n|-sidestart|p1: gilbert arenas(|move: Stealth Rock\n|move|p1a: Dragonite|Draco Meteor|p2a: Azelf\n|-damage|p2a: Azelf|0 fnt\n|-unboost|p1a: Dragonite|spa|2\n|faint|p2a: Azelf\n|-damage|p1a: Dragonite|91\/100|[from] item: Life Orb\n|\n|upkeep\n|\n|t:|1662916713\n|switch|p2a: Gyarados|Gyarados, F|100\/100\n|-ability|p2a: Gyarados|Intimidate|boost\n|-unboost|p1a: Dragonite|atk|1\n|turn|2\n|inactive|gilbert arenas( has 270 seconds left.\n|\n|t:|1662916746\n|move|p2a: Gyarados|Dragon Dance|p2a: Gyarados\n|-boost|p2a: Gyarados|atk|1\n|-boost|p2a: Gyarados|spe|1\n|move|p1a: Dragonite|Outrage|p2a: Gyarados\n|-damage|p2a: Gyarados|42\/100\n|-damage|p1a: Dragonite|81\/100|[from] item: Life Orb\n|\n|-heal|p2a: Gyarados|48\/100|[from] item: Leftovers\n|upkeep\n|turn|3\n|\n|t:|1662916754\n|move|p2a: Gyarados|Stone Edge|p1a: Dragonite\n|-supereffective|p1a: Dragonite\n|-damage|p1a: Dragonite|0 fnt\n|faint|p1a: Dragonite\n|\n|-heal|p2a: Gyarados|54\/100|[from] item: Leftovers\n|upkeep\n|\n|t:|1662916761\n|switch|p1a: Jirachi|Jirachi|100\/100\n|-damage|p1a: Jirachi|94\/100|[from] Stealth Rock\n|turn|4\n|\n|t:|1662916770\n|move|p2a: Gyarados|Waterfall|p1a: Jirachi\n|-damage|p1a: Jirachi|28\/100\n|move|p1a: Jirachi|Thunder Punch|p2a: Gyarados\n|-supereffective|p2a: Gyarados\n|-damage|p2a: Gyarados|0 fnt\n|faint|p2a: Gyarados\n|\n|upkeep\n|\n|t:|1662916776\n|switch|p2a: Jirachi|Jirachi|100\/100\n|turn|5\n|\n|t:|1662916780\n|switch|p1a: Heatran|Heatran, F, shiny|100\/100\n|-damage|p1a: Heatran|88\/100|[from] Stealth Rock\n|move|p2a: Jirachi|Fire Punch|p1a: Heatran\n|-start|p1a: Heatran|ability: Flash Fire\n|\n|-heal|p1a: Heatran|94\/100|[from] item: Leftovers\n|upkeep\n|turn|6\n|\n|t:|1662916786\n|switch|p2a: Tyranitar|Tyranitar, F|100\/100\n|-weather|Sandstorm|[from] ability: Sand Stream|[of] p2a: Tyranitar\n|move|p1a: Heatran|Magma Storm|p2a: Tyranitar\n|-resisted|p2a: Tyranitar\n|-damage|p2a: Tyranitar|69\/100\n|-activate|p2a: Tyranitar|move: Magma Storm|[of] p1a: Heatran\n|\n|-weather|Sandstorm|[upkeep]\n|-heal|p1a: Heatran|99\/100|[from] item: Leftovers\n|-damage|p2a: Tyranitar|63\/100|[from] move: Magma Storm|[partiallytrapped]\n|upkeep\n|turn|7\n|\n|t:|1662916788\n|-end|p1a: Heatran|ability: Flash Fire|[silent]\n|switch|p1a: Swampert|Swampert, F|100\/100\n|-damage|p1a: Swampert|94\/100|[from] Stealth Rock\n|move|p2a: Tyranitar|Stone Edge|p1a: Swampert\n|-resisted|p1a: Swampert\n|-damage|p1a: Swampert|70\/100\n|\n|-weather|Sandstorm|[upkeep]\n|-heal|p1a: Swampert|76\/100|[from] item: Leftovers\n|upkeep\n|turn|8\n|\n|t:|1662916791\n|switch|p2a: Breloom|Breloom, M|100\/100\n|move|p1a: Swampert|Stealth Rock|p2a: Breloom\n|-sidestart|p2: Mimikyu Stardust|move: Stealth Rock\n|\n|-weather|Sandstorm|[upkeep]\n|-damage|p2a: Breloom|94\/100|[from] Sandstorm\n|-status|p2a: Breloom|tox|[from] item: Toxic Orb\n|-heal|p1a: Swampert|83\/100|[from] item: Leftovers\n|upkeep\n|turn|9\n|\n|t:|1662916796\n|move|p2a: Breloom|Seed Bomb|p1a: Swampert\n|-supereffective|p1a: Swampert\n|-damage|p1a: Swampert|0 fnt\n|faint|p1a: Swampert\n|\n|-weather|Sandstorm|[upkeep]\n|-damage|p2a: Breloom|88\/100 tox|[from] Sandstorm\n|-heal|p2a: Breloom|100\/100 tox|[from] ability: Poison Heal\n|upkeep\n|\n|t:|1662916798\n|switch|p1a: Heatran|Heatran, F, shiny|99\/100\n|-damage|p1a: Heatran|88\/100|[from] Stealth Rock\n|turn|10\n|\n|t:|1662916802\n|switch|p2a: Tyranitar|Tyranitar, F|63\/100\n|-damage|p2a: Tyranitar|51\/100|[from] Stealth Rock\n|move|p1a: Heatran|Substitute|p1a: Heatran\n|-start|p1a: Heatran|Substitute\n|-damage|p1a: Heatran|63\/100\n|\n|-weather|Sandstorm|[upkeep]\n|-heal|p1a: Heatran|69\/100|[from] item: Leftovers\n|upkeep\n|turn|11\n|\n|t:|1662916807\n|move|p1a: Heatran|Magma Storm|p2a: Tyranitar\n|-resisted|p2a: Tyranitar\n|-damage|p2a: Tyranitar|32\/100\n|-activate|p2a: Tyranitar|move: Magma Storm|[of] p1a: Heatran\n|move|p2a: Tyranitar|Stone Edge|p1a: Heatran|[miss]\n|-miss|p2a: Tyranitar|p1a: Heatran\n|\n|-weather|Sandstorm|[upkeep]\n|-heal|p1a: Heatran|75\/100|[from] item: Leftovers\n|-damage|p2a: Tyranitar|26\/100|[from] move: Magma Storm|[partiallytrapped]\n|upkeep\n|turn|12\n|\n|t:|1662916811\n|move|p1a: Heatran|Dragon Pulse|p2a: Tyranitar\n|-damage|p2a: Tyranitar|7\/100\n|move|p2a: Tyranitar|Stone Edge|p1a: Heatran\n|-end|p1a: Heatran|Substitute\n|\n|-weather|Sandstorm|[upkeep]\n|-heal|p1a: Heatran|81\/100|[from] item: Leftovers\n|-damage|p2a: Tyranitar|1\/100|[from] move: Magma Storm|[partiallytrapped]\n|upkeep\n|turn|13\n|\n|t:|1662916816\n|move|p1a: Heatran|Dragon Pulse|p2a: Tyranitar\n|-damage|p2a: Tyranitar|0 fnt\n|faint|p2a: Tyranitar\n|\n|-weather|Sandstorm|[upkeep]\n|-heal|p1a: Heatran|87\/100|[from] item: Leftovers\n|upkeep\n|\n|t:|1662916818\n|switch|p2a: Rotom|Rotom-Heat|100\/100\n|-damage|p2a: Rotom|88\/100|[from] Stealth Rock\n|turn|14\n|\n|t:|1662916824\n|switch|p1a: Jirachi|Jirachi|28\/100\n|-damage|p1a: Jirachi|22\/100|[from] Stealth Rock\n|move|p2a: Rotom|Thunderbolt|p1a: Jirachi\n|-crit|p1a: Jirachi\n|-damage|p1a: Jirachi|0 fnt\n|faint|p1a: Jirachi\n|\n|-weather|Sandstorm|[upkeep]\n|-damage|p2a: Rotom|82\/100|[from] Sandstorm\n|upkeep\n|\n|t:|1662916828\n|switch|p1a: Latias|Latias, F|100\/100\n|-damage|p1a: Latias|88\/100|[from] Stealth Rock\n|turn|15\n|\n|t:|1662916838\n|switch|p2a: Jirachi|Jirachi|100\/100\n|-damage|p2a: Jirachi|94\/100|[from] Stealth Rock\n|move|p1a: Latias|Calm Mind|p1a: Latias\n|-boost|p1a: Latias|spa|1\n|-boost|p1a: Latias|spd|1\n|\n|-weather|Sandstorm|[upkeep]\n|-damage|p1a: Latias|82\/100|[from] Sandstorm\n|-heal|p1a: Latias|88\/100|[from] item: Leftovers\n|-heal|p2a: Jirachi|100\/100|[from] item: Leftovers\n|upkeep\n|turn|16\n|\n|t:|1662916840\n|switch|p1a: Heatran|Heatran, F, shiny|87\/100\n|-damage|p1a: Heatran|75\/100|[from] Stealth Rock\n|move|p2a: Jirachi|Body Slam|p1a: Heatran\n|-resisted|p1a: Heatran\n|-damage|p1a: Heatran|64\/100\n|-status|p1a: Heatran|par\n|\n|-weather|Sandstorm|[upkeep]\n|-heal|p1a: Heatran|70\/100 par|[from] item: Leftovers\n|upkeep\n|turn|17\n|\n|t:|1662916844\n|switch|p2a: Rotom|Rotom-Heat|82\/100\n|-damage|p2a: Rotom|70\/100|[from] Stealth Rock\n|move|p1a: Heatran|Substitute|p1a: Heatran\n|-start|p1a: Heatran|Substitute\n|-damage|p1a: Heatran|45\/100 par\n|\n|-weather|Sandstorm|[upkeep]\n|-damage|p2a: Rotom|64\/100|[from] Sandstorm\n|-heal|p1a: Heatran|51\/100 par|[from] item: Leftovers\n|upkeep\n|turn|18\n|\n|t:|1662916847\n|move|p2a: Rotom|Thunderbolt|p1a: Heatran\n|-end|p1a: Heatran|Substitute\n|move|p1a: Heatran|Magma Storm|p2a: Rotom\n|-damage|p2a: Rotom|0 fnt\n|faint|p2a: Rotom\n|\n|-weather|Sandstorm|[upkeep]\n|-heal|p1a: Heatran|57\/100 par|[from] item: Leftovers\n|upkeep\n|\n|t:|1662916849\n|switch|p2a: Breloom|Breloom, M|100\/100 tox\n|-damage|p2a: Breloom|94\/100 tox|[from] Stealth Rock\n|turn|19\n|\n|t:|1662916854\n|switch|p1a: Suicune|Suicune|100\/100\n|-damage|p1a: Suicune|88\/100|[from] Stealth Rock\n|-ability|p1a: Suicune|Pressure\n|move|p2a: Breloom|Superpower|p1a: Suicune\n|-damage|p1a: Suicune|31\/100\n|-unboost|p2a: Breloom|atk|1\n|-unboost|p2a: Breloom|def|1\n|\n|-weather|Sandstorm|[upkeep]\n|-damage|p1a: Suicune|25\/100|[from] Sandstorm\n|-damage|p2a: Breloom|88\/100 tox|[from] Sandstorm\n|-heal|p1a: Suicune|31\/100|[from] item: Leftovers\n|-heal|p2a: Breloom|100\/100 tox|[from] ability: Poison Heal\n|upkeep\n|turn|20\n|\n|t:|1662916862\n|switch|p1a: Heatran|Heatran, F, shiny|57\/100 par\n|-damage|p1a: Heatran|44\/100 par|[from] Stealth Rock\n|move|p2a: Breloom|Seed Bomb|p1a: Heatran\n|-resisted|p1a: Heatran\n|-damage|p1a: Heatran|37\/100 par\n|\n|-weather|Sandstorm|[upkeep]\n|-damage|p2a: Breloom|94\/100 tox|[from] Sandstorm\n|-heal|p2a: Breloom|100\/100 tox|[from] ability: Poison Heal\n|-heal|p1a: Heatran|43\/100 par|[from] item: Leftovers\n|upkeep\n|turn|21\n|\n|t:|1662916868\n|switch|p1a: Suicune|Suicune|31\/100\n|-damage|p1a: Suicune|18\/100|[from] Stealth Rock\n|-ability|p1a: Suicune|Pressure\n|move|p2a: Breloom|Mach Punch|p1a: Suicune\n|-damage|p1a: Suicune|7\/100\n|\n|-weather|Sandstorm|[upkeep]\n|-damage|p1a: Suicune|1\/100|[from] Sandstorm\n|-damage|p2a: Breloom|94\/100 tox|[from] Sandstorm\n|-heal|p1a: Suicune|7\/100|[from] item: Leftovers\n|-heal|p2a: Breloom|100\/100 tox|[from] ability: Poison Heal\n|upkeep\n|turn|22\n|\n|t:|1662916878\n|move|p2a: Breloom|Mach Punch|p1a: Suicune\n|-damage|p1a: Suicune|0 fnt\n|faint|p1a: Suicune\n|\n|-weather|Sandstorm|[upkeep]\n|-damage|p2a: Breloom|94\/100 tox|[from] Sandstorm\n|-heal|p2a: Breloom|100\/100 tox|[from] ability: Poison Heal\n|upkeep\n|\n|t:|1662916881\n|switch|p1a: Latias|Latias, F|88\/100\n|-damage|p1a: Latias|76\/100|[from] Stealth Rock\n|turn|23\n|\n|t:|1662916883\n|switch|p2a: Jirachi|Jirachi|100\/100\n|-damage|p2a: Jirachi|94\/100|[from] Stealth Rock\n|move|p1a: Latias|Calm Mind|p1a: Latias\n|-boost|p1a: Latias|spa|1\n|-boost|p1a: Latias|spd|1\n|\n|-weather|Sandstorm|[upkeep]\n|-damage|p1a: Latias|70\/100|[from] Sandstorm\n|-heal|p1a: Latias|76\/100|[from] item: Leftovers\n|-heal|p2a: Jirachi|100\/100|[from] item: Leftovers\n|upkeep\n|turn|24\n|\n|t:|1662916885\n|switch|p1a: Heatran|Heatran, F, shiny|43\/100 par\n|-damage|p1a: Heatran|31\/100 par|[from] Stealth Rock\n|move|p2a: Jirachi|Body Slam|p1a: Heatran\n|-resisted|p1a: Heatran\n|-damage|p1a: Heatran|20\/100 par\n|\n|-weather|Sandstorm|[upkeep]\n|-heal|p1a: Heatran|26\/100 par|[from] item: Leftovers\n|upkeep\n|turn|25\n|\n|t:|1662916888\n|switch|p2a: Breloom|Breloom, M|100\/100 tox\n|-damage|p2a: Breloom|94\/100 tox|[from] Stealth Rock\n|move|p1a: Heatran|Magma Storm|p2a: Breloom\n|-supereffective|p2a: Breloom\n|-damage|p2a: Breloom|0 fnt\n|faint|p2a: Breloom\n|\n|-weather|Sandstorm|[upkeep]\n|-heal|p1a: Heatran|32\/100 par|[from] item: Leftovers\n|upkeep\n|\n|t:|1662916890\n|switch|p2a: Jirachi|Jirachi|100\/100\n|-damage|p2a: Jirachi|94\/100|[from] Stealth Rock\n|turn|26\n|\n|t:|1662916891\n|move|p2a: Jirachi|Iron Head|p1a: Heatran\n|-resisted|p1a: Heatran\n|-damage|p1a: Heatran|25\/100 par\n|cant|p1a: Heatran|flinch\n|\n|-weather|Sandstorm|[upkeep]\n|-heal|p2a: Jirachi|100\/100|[from] item: Leftovers\n|-heal|p1a: Heatran|31\/100 par|[from] item: Leftovers\n|upkeep\n|turn|27\n|\n|t:|1662916898\n|move|p2a: Jirachi|Iron Head|p1a: Heatran\n|-resisted|p1a: Heatran\n|-damage|p1a: Heatran|23\/100 par\n|cant|p1a: Heatran|flinch\n|\n|-weather|Sandstorm|[upkeep]\n|-heal|p1a: Heatran|29\/100 par|[from] item: Leftovers\n|upkeep\n|turn|28\n|\n|t:|1662916902\n|move|p2a: Jirachi|Iron Head|p1a: Heatran\n|-resisted|p1a: Heatran\n|-damage|p1a: Heatran|21\/100 par\n|cant|p1a: Heatran|par\n|\n|-weather|Sandstorm|[upkeep]\n|-heal|p1a: Heatran|27\/100 par|[from] item: Leftovers\n|upkeep\n|turn|29\n|\n|t:|1662916904\n|move|p2a: Jirachi|Iron Head|p1a: Heatran\n|-resisted|p1a: Heatran\n|-damage|p1a: Heatran|20\/100 par\n|move|p1a: Heatran|Dragon Pulse|p2a: Jirachi\n|-resisted|p2a: Jirachi\n|-damage|p2a: Jirachi|87\/100\n|\n|-weather|Sandstorm|[upkeep]\n|-heal|p2a: Jirachi|93\/100|[from] item: Leftovers\n|-heal|p1a: Heatran|26\/100 par|[from] item: Leftovers\n|upkeep\n|turn|30\n|\n|t:|1662916907\n|move|p2a: Jirachi|Iron Head|p1a: Heatran\n|-resisted|p1a: Heatran\n|-crit|p1a: Heatran\n|-damage|p1a: Heatran|9\/100 par\n|cant|p1a: Heatran|flinch\n|\n|-weather|Sandstorm|[upkeep]\n|-heal|p2a: Jirachi|99\/100|[from] item: Leftovers\n|-heal|p1a: Heatran|15\/100 par|[from] item: Leftovers\n|upkeep\n|turn|31\n|\n|t:|1662916910\n|move|p2a: Jirachi|Iron Head|p1a: Heatran\n|-resisted|p1a: Heatran\n|-damage|p1a: Heatran|7\/100 par\n|cant|p1a: Heatran|flinch\n|\n|-weather|Sandstorm|[upkeep]\n|-heal|p2a: Jirachi|100\/100|[from] item: Leftovers\n|-heal|p1a: Heatran|13\/100 par|[from] item: Leftovers\n|upkeep\n|turn|32\n|\n|t:|1662916912\n|move|p2a: Jirachi|Iron Head|p1a: Heatran\n|-resisted|p1a: Heatran\n|-damage|p1a: Heatran|6\/100 par\n|move|p1a: Heatran|Magma Storm|p2a: Jirachi|[miss]\n|-miss|p1a: Heatran|p2a: Jirachi\n|\n|-weather|Sandstorm|[upkeep]\n|-heal|p1a: Heatran|12\/100 par|[from] item: Leftovers\n|upkeep\n|turn|33\n|\n|t:|1662916915\n|move|p2a: Jirachi|Iron Head|p1a: Heatran\n|-resisted|p1a: Heatran\n|-damage|p1a: Heatran|4\/100 par\n|move|p1a: Heatran|Magma Storm|p2a: Jirachi\n|-supereffective|p2a: Jirachi\n|-damage|p2a: Jirachi|0 fnt\n|faint|p2a: Jirachi\n|\n|win|gilbert arenas(\n|c|\u2606gilbert arenas(|gg\n|c|\u2606Mimikyu Stardust|gg\n","uploadtime":1662916916,"views":25,"p1id":"gilbertarenas","p2id":"mimikyustardust","formatid":"gen4ou","rating":0,"private":0,"password":null}