{"id":"smogtours-gen8monotype-628310","p1":"Bushtush","p2":"tolstoy","format":"gen8monotype","log":"|inactive|Battle timer is ON: inactive players will automatically lose when time's up.\n|t:|1653589270\n|gametype|singles\n|player|p1|Bushtush|#bushtush|\n|player|p2|tolstoy|lyra|\n|teamsize|p1|6\n|teamsize|p2|6\n|gen|8\n|tier|[Gen 8] Monotype\n|rule|Same Type Clause: Pok\u00e9mon in a team must share a type\n|rule|Sleep Clause Mod: Limit one foe put to sleep\n|rule|Species Clause: Limit one of each Pok\u00e9mon\n|rule|OHKO Clause: OHKO moves are banned\n|rule|Evasion Moves Clause: Evasion moves are banned\n|rule|Endless Battle Clause: Forcing endless battles is banned\n|rule|HP Percentage Mod: HP is shown in percentages\n|rule|Dynamax Clause: You cannot dynamax\n|clearpoke\n|poke|p1|Klefki, M|\n|poke|p1|Clefable, M|\n|poke|p1|Tapu Bulu|\n|poke|p1|Azumarill, M|\n|poke|p1|Tapu Koko|\n|poke|p1|Grimmsnarl, M|\n|poke|p2|Amoonguss, M|\n|poke|p2|Skuntank, M|\n|poke|p2|Toxapex, M|\n|poke|p2|Slowking-Galar, M|\n|poke|p2|Weezing-Galar, M|\n|poke|p2|Nihilego|\n|teampreview\n|c|\u2606Bushtush|hf scum\n|inactive|Bushtush has 270 seconds left.\n|inactive|tolstoy has 270 seconds left.\n|c|\u2606tolstoy|hf noob\n|\n|t:|1653589327\n|start\n|switch|p1a: Clefable|Clefable, M|100\/100\n|switch|p2a: ABR|Slowking-Galar, M|100\/100\n|turn|1\n|\n|t:|1653589333\n|move|p1a: Clefable|Trick|p2a: ABR\n|-activate|p1a: Clefable|move: Trick|[of] p2a: ABR\n|-item|p2a: ABR|Sticky Barb|[from] move: Trick\n|-item|p1a: Clefable|Assault Vest|[from] move: Trick\n|move|p2a: ABR|Sludge Bomb|p1a: Clefable\n|-supereffective|p1a: Clefable\n|-damage|p1a: Clefable|60\/100\n|\n|-damage|p2a: ABR|88\/100|[from] item: Sticky Barb\n|upkeep\n|turn|2\n|c|\u2606tolstoy|ok\n|c|\u2606tolstoy|LOL\n|c|\u2606Bushtush|.\n|c|\u2606Bushtush|wow\n|c|\u2606Bushtush|i goofed\n|\n|t:|1653589346\n|switch|p1a: Klefki|Klefki, M|100\/100\n|move|p2a: ABR|Flamethrower|p1a: Klefki\n|-supereffective|p1a: Klefki\n|-damage|p1a: Klefki|51\/100\n|\n|-heal|p1a: Klefki|57\/100|[from] item: Leftovers\n|-damage|p2a: ABR|76\/100|[from] item: Sticky Barb\n|upkeep\n|turn|3\n|\n|t:|1653589354\n|move|p1a: Klefki|Foul Play|p2a: ABR\n|-supereffective|p2a: ABR\n|-damage|p2a: ABR|47\/100\n|move|p2a: ABR|Flamethrower|p1a: Klefki\n|-supereffective|p1a: Klefki\n|-damage|p1a: Klefki|3\/100\n|\n|-heal|p1a: Klefki|9\/100|[from] item: Leftovers\n|-damage|p2a: ABR|35\/100|[from] item: Sticky Barb\n|upkeep\n|turn|4\n|\n|t:|1653589364\n|switch|p2a: snaga|Weezing-Galar, M|100\/100\n|move|p1a: Klefki|Spikes|p2a: snaga\n|-sidestart|p2: tolstoy|Spikes\n|\n|-heal|p1a: Klefki|15\/100|[from] item: Leftovers\n|upkeep\n|turn|5\n|inactive|Bushtush has 270 seconds left.\n|\n|t:|1653589399\n|move|p1a: Klefki|Light Screen|p1a: Klefki\n|-sidestart|p1: Bushtush|move: Light Screen\n|move|p2a: snaga|Defog|p1a: Klefki\n|-unboost|p1a: Klefki|evasion|1\n|-sideend|p1: Bushtush|move: Light Screen\n|-sideend|p2: tolstoy|Spikes|[from] move: Defog|[of] p2a: snaga\n|\n|-heal|p1a: Klefki|21\/100|[from] item: Leftovers\n|upkeep\n|turn|6\n|inactive|Bushtush has 270 seconds left.\n|\n|t:|1653589413\n|switch|p1a: Clefable|Clefable, M|60\/100\n|move|p2a: snaga|Will-O-Wisp|p1a: Clefable\n|-status|p1a: Clefable|brn\n|\n|upkeep\n|turn|7\n|\n|t:|1653589421\n|switch|p1a: Klefki|Klefki, M|21\/100\n|move|p2a: snaga|Strange Steam|p1a: Klefki|[miss]\n|-miss|p2a: snaga|p1a: Klefki\n|\n|-heal|p1a: Klefki|27\/100|[from] item: Leftovers\n|upkeep\n|turn|8\n|\n|t:|1653589431\n|switch|p1a: Clefable|Clefable, M|60\/100 brn\n|move|p2a: snaga|Will-O-Wisp|p1a: Clefable\n|-fail|p1a: Clefable|brn\n|\n|upkeep\n|turn|9\n|\n|t:|1653589437\n|move|p1a: Clefable|Moonblast|p2a: snaga\n|-resisted|p2a: snaga\n|-damage|p2a: snaga|79\/100\n|-unboost|p2a: snaga|spa|1\n|move|p2a: snaga|Strange Steam|p1a: Clefable\n|-damage|p1a: Clefable|49\/100 brn\n|\n|-heal|p2a: snaga|85\/100|[from] item: Black Sludge\n|upkeep\n|turn|10\n|\n|t:|1653589448\n|switch|p2a: dangerrandom|Nihilego|100\/100\n|move|p1a: Clefable|Moonblast|p2a: dangerrandom\n|-resisted|p2a: dangerrandom\n|-damage|p2a: dangerrandom|90\/100\n|-unboost|p2a: dangerrandom|spa|1\n|\n|upkeep\n|turn|11\n|\n|t:|1653589459\n|switch|p2a: snaga|Weezing-Galar, M|85\/100\n|switch|p1a: Klefki|Klefki, M|27\/100\n|\n|-heal|p1a: Klefki|33\/100|[from] item: Leftovers\n|-heal|p2a: snaga|91\/100|[from] item: Black Sludge\n|upkeep\n|turn|12\n|\n|t:|1653589481\n|switch|p1a: Clefable|Clefable, M|49\/100 brn\n|move|p2a: snaga|Will-O-Wisp|p1a: Clefable|[miss]\n|-miss|p2a: snaga|p1a: Clefable\n|\n|-heal|p2a: snaga|97\/100|[from] item: Black Sludge\n|upkeep\n|turn|13\n|\n|t:|1653589492\n|move|p1a: Clefable|Moonblast|p2a: snaga\n|-resisted|p2a: snaga\n|-damage|p2a: snaga|75\/100\n|move|p2a: snaga|Strange Steam|p1a: Clefable\n|-damage|p1a: Clefable|33\/100 brn\n|\n|-heal|p2a: snaga|81\/100|[from] item: Black Sludge\n|upkeep\n|turn|14\n|\n|t:|1653589499\n|switch|p1a: Klefki|Klefki, M|33\/100\n|switch|p2a: ABR|Slowking-Galar, M|68\/100\n|\n|-heal|p1a: Klefki|39\/100|[from] item: Leftovers\n|-damage|p2a: ABR|56\/100|[from] item: Sticky Barb\n|upkeep\n|turn|15\n|\n|t:|1653589514\n|switch|p2a: snaga|Weezing-Galar, M|81\/100\n|move|p1a: Klefki|Light Screen|p1a: Klefki\n|-sidestart|p1: Bushtush|move: Light Screen\n|\n|-heal|p1a: Klefki|45\/100|[from] item: Leftovers\n|-heal|p2a: snaga|87\/100|[from] item: Black Sludge\n|upkeep\n|turn|16\n|\n|t:|1653589535\n|switch|p1a: ?M.U.R|Tapu Koko|100\/100\n|-fieldstart|move: Electric Terrain|[from] ability: Electric Surge|[of] p1a: ?M.U.R\n|move|p2a: snaga|Defog|p1a: ?M.U.R\n|-unboost|p1a: ?M.U.R|evasion|1\n|-sideend|p1: Bushtush|move: Light Screen\n|-fieldend|move: Electric Terrain\n|\n|-heal|p2a: snaga|93\/100|[from] item: Black Sludge\n|upkeep\n|turn|17\n|\n|t:|1653589550\n|switch|p2a: ABR|Slowking-Galar, M|89\/100\n|move|p1a: ?M.U.R|Nature's Madness|p2a: ABR\n|-damage|p2a: ABR|45\/100\n|\n|-damage|p2a: ABR|32\/100|[from] item: Sticky Barb\n|upkeep\n|turn|18\n|\n|t:|1653589560\n|switch|p2a: amongusfunny|Amoonguss, M|100\/100\n|move|p1a: ?M.U.R|Nature's Madness|p2a: amongusfunny\n|-damage|p2a: amongusfunny|50\/100\n|\n|upkeep\n|turn|19\n|\n|t:|1653589572\n|switch|p1a: Klefki|Klefki, M|45\/100\n|move|p2a: amongusfunny|Spore|p1a: Klefki\n|-status|p1a: Klefki|slp|[from] move: Spore\n|\n|-heal|p1a: Klefki|51\/100 slp|[from] item: Leftovers\n|upkeep\n|turn|20\n|inactive|Bushtush has 270 seconds left.\n|inactive|Bushtush has 240 seconds left.\n|\n|t:|1653589628\n|switch|p2a: I am Bushtush|Skuntank, M|100\/100\n|cant|p1a: Klefki|slp\n|\n|-heal|p1a: Klefki|57\/100 slp|[from] item: Leftovers\n|upkeep\n|turn|21\n|inactive|Bushtush has 240 seconds left.\n|\n|t:|1653589647\n|switch|p1a: Grimmsnarl|Grimmsnarl, M|100\/100\n|move|p2a: I am Bushtush|Substitute|p2a: I am Bushtush\n|-start|p2a: I am Bushtush|Substitute\n|-damage|p2a: I am Bushtush|76\/100\n|\n|-heal|p2a: I am Bushtush|82\/100|[from] item: Black Sludge\n|upkeep\n|turn|22\n|inactive|Bushtush has 240 seconds left.\n|\n|t:|1653589654\n|switch|p1a: Klefki|Klefki, M|57\/100 slp\n|move|p2a: I am Bushtush|Poison Jab|p1a: Klefki\n|-immune|p1a: Klefki\n|\n|-heal|p2a: I am Bushtush|88\/100|[from] item: Black Sludge\n|-heal|p1a: Klefki|63\/100 slp|[from] item: Leftovers\n|upkeep\n|turn|23\n|\n|t:|1653589660\n|cant|p1a: Klefki|slp\n|move|p2a: I am Bushtush|Crunch|p1a: Klefki\n|-resisted|p1a: Klefki\n|-damage|p1a: Klefki|52\/100 slp\n|-unboost|p1a: Klefki|def|1\n|\n|-heal|p2a: I am Bushtush|94\/100|[from] item: Black Sludge\n|-heal|p1a: Klefki|58\/100 slp|[from] item: Leftovers\n|upkeep\n|turn|24\n|\n|t:|1653589664\n|cant|p1a: Klefki|slp\n|move|p2a: I am Bushtush|Crunch|p1a: Klefki\n|-resisted|p1a: Klefki\n|-damage|p1a: Klefki|43\/100 slp\n|\n|-heal|p2a: I am Bushtush|99\/100|[from] item: Black Sludge\n|-heal|p1a: Klefki|49\/100 slp|[from] item: Leftovers\n|upkeep\n|turn|25\n|\n|t:|1653589666\n|-curestatus|p1a: Klefki|slp|[msg]\n|move|p1a: Klefki|Reflect|p1a: Klefki\n|-sidestart|p1: Bushtush|Reflect\n|move|p2a: I am Bushtush|Crunch|p1a: Klefki\n|-resisted|p1a: Klefki\n|-damage|p1a: Klefki|40\/100\n|\n|-heal|p2a: I am Bushtush|100\/100|[from] item: Black Sludge\n|-heal|p1a: Klefki|46\/100|[from] item: Leftovers\n|upkeep\n|turn|26\n|\n|t:|1653589671\n|move|p1a: Klefki|Spikes|p2a: I am Bushtush\n|-sidestart|p2: tolstoy|Spikes\n|move|p2a: I am Bushtush|Crunch|p1a: Klefki\n|-resisted|p1a: Klefki\n|-damage|p1a: Klefki|38\/100\n|-unboost|p1a: Klefki|def|1\n|\n|-heal|p1a: Klefki|44\/100|[from] item: Leftovers\n|upkeep\n|turn|27\n|\n|t:|1653589678\n|switch|p1a: ?M.U.R|Tapu Koko|100\/100\n|-fieldstart|move: Electric Terrain|[from] ability: Electric Surge|[of] p1a: ?M.U.R\n|move|p2a: I am Bushtush|Crunch|p1a: ?M.U.R\n|-resisted|p1a: ?M.U.R\n|-damage|p1a: ?M.U.R|91\/100\n|\n|upkeep\n|turn|28\n|\n|t:|1653589684\n|move|p1a: ?M.U.R|Thunderbolt|p2a: I am Bushtush\n|-end|p2a: I am Bushtush|Substitute\n|move|p2a: I am Bushtush|Toxic|p1a: ?M.U.R\n|-status|p1a: ?M.U.R|tox\n|\n|-damage|p1a: ?M.U.R|85\/100 tox|[from] psn\n|upkeep\n|turn|29\n|\n|t:|1653589699\n|switch|p2a: amongusfunny|Amoonguss, M|84\/100\n|move|p1a: ?M.U.R|Thunderbolt|p2a: amongusfunny\n|-resisted|p2a: amongusfunny\n|-damage|p2a: amongusfunny|62\/100\n|\n|-damage|p1a: ?M.U.R|73\/100 tox|[from] psn\n|-sideend|p1: Bushtush|Reflect\n|upkeep\n|turn|30\n|\n|t:|1653589713\n|switch|p1a: Klefki|Klefki, M|44\/100\n|move|p2a: amongusfunny|Giga Drain|p1a: Klefki\n|-resisted|p1a: Klefki\n|-damage|p1a: Klefki|31\/100\n|-heal|p2a: amongusfunny|66\/100|[from] drain|[of] p1a: Klefki\n|\n|-heal|p1a: Klefki|37\/100|[from] item: Leftovers\n|upkeep\n|turn|31\n|\n|t:|1653589735\n|switch|p1a: Grimmsnarl|Grimmsnarl, M|100\/100\n|move|p2a: amongusfunny|Giga Drain|p1a: Grimmsnarl\n|-damage|p1a: Grimmsnarl|74\/100\n|-heal|p2a: amongusfunny|77\/100|[from] drain|[of] p1a: Grimmsnarl\n|\n|-heal|p1a: Grimmsnarl|80\/100|[from] item: Leftovers\n|-fieldend|move: Electric Terrain\n|upkeep\n|turn|32\n|\n|t:|1653589746\n|move|p1a: Grimmsnarl|Bulk Up|p1a: Grimmsnarl\n|-boost|p1a: Grimmsnarl|atk|1\n|-boost|p1a: Grimmsnarl|def|1\n|move|p2a: amongusfunny|Giga Drain|p1a: Grimmsnarl\n|-damage|p1a: Grimmsnarl|52\/100\n|-heal|p2a: amongusfunny|89\/100|[from] drain|[of] p1a: Grimmsnarl\n|\n|-heal|p1a: Grimmsnarl|58\/100|[from] item: Leftovers\n|upkeep\n|turn|33\n|\n|t:|1653589754\n|switch|p2a: snaga|Weezing-Galar, M|93\/100\n|move|p1a: Grimmsnarl|Darkest Lariat|p2a: snaga\n|-resisted|p2a: snaga\n|-damage|p2a: snaga|69\/100\n|\n|-heal|p1a: Grimmsnarl|64\/100|[from] item: Leftovers\n|-heal|p2a: snaga|75\/100|[from] item: Black Sludge\n|upkeep\n|turn|34\n|\n|t:|1653589768\n|move|p1a: Grimmsnarl|Darkest Lariat|p2a: snaga\n|-resisted|p2a: snaga\n|-damage|p2a: snaga|54\/100\n|move|p2a: snaga|Defog|p1a: Grimmsnarl\n|-unboost|p1a: Grimmsnarl|evasion|1\n|-sideend|p2: tolstoy|Spikes|[from] move: Defog|[of] p2a: snaga\n|\n|-heal|p1a: Grimmsnarl|70\/100|[from] item: Leftovers\n|-heal|p2a: snaga|60\/100|[from] item: Black Sludge\n|upkeep\n|turn|35\n|\n|t:|1653589773\n|switch|p1a: ?M.U.R|Tapu Koko|73\/100 tox\n|-fieldstart|move: Electric Terrain|[from] ability: Electric Surge|[of] p1a: ?M.U.R\n|move|p2a: snaga|Strange Steam|p1a: ?M.U.R\n|-damage|p1a: ?M.U.R|31\/100 tox\n|\n|-heal|p2a: snaga|66\/100|[from] item: Black Sludge\n|-damage|p1a: ?M.U.R|25\/100 tox|[from] psn\n|upkeep\n|turn|36\n|\n|t:|1653589785\n|switch|p1a: Klefki|Klefki, M|37\/100\n|switch|p2a: dangerrandom|Nihilego|90\/100\n|\n|-heal|p1a: Klefki|43\/100|[from] item: Leftovers\n|upkeep\n|turn|37\n|\n|t:|1653589793\n|move|p1a: Klefki|Spikes|p2a: dangerrandom\n|-sidestart|p2: tolstoy|Spikes\n|move|p2a: dangerrandom|Knock Off|p1a: Klefki\n|-resisted|p1a: Klefki\n|-damage|p1a: Klefki|38\/100\n|-enditem|p1a: Klefki|Leftovers|[from] move: Knock Off|[of] p2a: dangerrandom\n|\n|upkeep\n|turn|38\n|\n|t:|1653589807\n|switch|p2a: snaga|Weezing-Galar, M|66\/100\n|move|p1a: Klefki|Light Screen|p1a: Klefki\n|-sidestart|p1: Bushtush|move: Light Screen\n|\n|-heal|p2a: snaga|72\/100|[from] item: Black Sludge\n|upkeep\n|turn|39\n|\n|t:|1653589817\n|switch|p1a: Tapu Bulu|Tapu Bulu|100\/100\n|-fieldstart|move: Grassy Terrain|[from] ability: Grassy Surge|[of] p1a: Tapu Bulu\n|move|p2a: snaga|Defog|p1a: Tapu Bulu\n|-unboost|p1a: Tapu Bulu|evasion|1\n|-sideend|p1: Bushtush|move: Light Screen\n|-sideend|p2: tolstoy|Spikes|[from] move: Defog|[of] p2a: snaga\n|-fieldend|move: Grassy Terrain\n|\n|-heal|p2a: snaga|78\/100|[from] item: Black Sludge\n|upkeep\n|turn|40\n|\n|t:|1653589842\n|switch|p1a: ?M.U.R|Tapu Koko|25\/100 tox\n|-fieldstart|move: Electric Terrain|[from] ability: Electric Surge|[of] p1a: ?M.U.R\n|switch|p2a: Toxapex|Toxapex, M|100\/100\n|\n|-damage|p1a: ?M.U.R|19\/100 tox|[from] psn\n|upkeep\n|turn|41\n|\n|t:|1653589847\n|switch|p2a: dangerrandom|Nihilego|90\/100\n|move|p1a: ?M.U.R|Roost|p1a: ?M.U.R\n|-heal|p1a: ?M.U.R|69\/100 tox\n|-singleturn|p1a: ?M.U.R|move: Roost\n|\n|-damage|p1a: ?M.U.R|57\/100 tox|[from] psn\n|upkeep\n|turn|42\n|\n|t:|1653589866\n|switch|p1a: Klefki|Klefki, M|38\/100\n|move|p2a: dangerrandom|Power Gem|p1a: Klefki\n|-resisted|p1a: Klefki\n|-damage|p1a: Klefki|13\/100\n|\n|upkeep\n|turn|43\n|\n|t:|1653589870\n|switch|p2a: snaga|Weezing-Galar, M|78\/100\n|move|p1a: Klefki|Spikes|p2a: snaga\n|-sidestart|p2: tolstoy|Spikes\n|\n|-heal|p2a: snaga|84\/100|[from] item: Black Sludge\n|upkeep\n|turn|44\n|\n|t:|1653589888\n|switch|p1a: ?M.U.R|Tapu Koko|57\/100 tox\n|move|p2a: snaga|Defog|p1a: ?M.U.R\n|-unboost|p1a: ?M.U.R|evasion|1\n|-sideend|p2: tolstoy|Spikes|[from] move: Defog|[of] p2a: snaga\n|-fieldend|move: Electric Terrain\n|\n|-heal|p2a: snaga|90\/100|[from] item: Black Sludge\n|-damage|p1a: ?M.U.R|51\/100 tox|[from] psn\n|upkeep\n|turn|45\n|\n|t:|1653589896\n|switch|p2a: dangerrandom|Nihilego|90\/100\n|move|p1a: ?M.U.R|Thunderbolt|p2a: dangerrandom\n|-damage|p2a: dangerrandom|61\/100\n|\n|-damage|p1a: ?M.U.R|39\/100 tox|[from] psn\n|upkeep\n|turn|46\n|\n|t:|1653589906\n|move|p1a: ?M.U.R|Thunderbolt|p2a: dangerrandom\n|-damage|p2a: dangerrandom|34\/100\n|-status|p2a: dangerrandom|par\n|move|p2a: dangerrandom|Power Gem|p1a: ?M.U.R\n|-damage|p1a: ?M.U.R|0 fnt\n|faint|p1a: ?M.U.R\n|-ability|p2a: dangerrandom|Beast Boost|boost\n|-boost|p2a: dangerrandom|spe|1\n|\n|upkeep\n|\n|t:|1653589916\n|switch|p1a: Azumarill|Azumarill, M|100\/100\n|turn|47\n|\n|t:|1653589921\n|move|p2a: dangerrandom|Meteor Beam||[still]\n|-prepare|p2a: dangerrandom|Meteor Beam\n|-boost|p2a: dangerrandom|spa|1\n|-enditem|p2a: dangerrandom|Power Herb\n|-anim|p2a: dangerrandom|Meteor Beam|p1a: Azumarill\n|-damage|p1a: Azumarill|4\/100\n|-enditem|p1a: Azumarill|Sitrus Berry|[eat]\n|-heal|p1a: Azumarill|29\/100|[from] item: Sitrus Berry\n|move|p1a: Azumarill|Belly Drum||[still]\n|-fail|p1a: Azumarill\n|\n|upkeep\n|turn|48\n|\n|t:|1653589930\n|switch|p2a: Toxapex|Toxapex, M|100\/100\n|move|p1a: Azumarill|Aqua Jet|p2a: Toxapex\n|-resisted|p2a: Toxapex\n|-damage|p2a: Toxapex|93\/100\n|-damage|p1a: Azumarill|12\/100|[from] item: Rocky Helmet|[of] p2a: Toxapex\n|\n|upkeep\n|turn|49\n|c|\u2606Bushtush|ok ye gg\n|-message|Bushtush forfeited.\n|\n|win|tolstoy\n","uploadtime":1653589940,"views":562,"p1id":"bushtush","p2id":"tolstoy","formatid":"gen8monotype","rating":0,"private":0,"password":null}