{"id":"smogtours-gen6ou-559733","p1":"Justamente","p2":"Redemption","format":"gen6ou","log":"|inactive|Battle timer is ON: inactive players will automatically lose when time's up.\n|t:|1620429130\n|gametype|singles\n|player|p1|Justamente|zinnia|\n|player|p2|Redemption|flint|\n|teamsize|p1|6\n|teamsize|p2|6\n|gen|6\n|tier|[Gen 6] OU\n|rule|Sleep Clause Mod: Limit one foe put to sleep\n|rule|Species Clause: Limit one of each Pok\u00e9mon\n|rule|OHKO Clause: OHKO moves are banned\n|rule|Moody Clause: Moody is banned\n|rule|Evasion Moves Clause: Evasion moves are banned\n|rule|Endless Battle Clause: Forcing endless battles is banned\n|rule|HP Percentage Mod: HP is shown in percentages\n|rule|Swagger Clause: Swagger is banned\n|clearpoke\n|poke|p1|Altaria, F|item\n|poke|p1|Volcarona, F|item\n|poke|p1|Landorus-Therian, M|item\n|poke|p1|Serperior, M|item\n|poke|p1|Latias, F|item\n|poke|p1|Manaphy|item\n|poke|p2|Chandelure, F|item\n|poke|p2|Diancie|item\n|poke|p2|Ferrothorn, F|item\n|poke|p2|Talonflame, F|item\n|poke|p2|Bisharp, F|item\n|poke|p2|Starmie|item\n|teampreview\n|inactive|Justamente also wants the timer to be on.\n|inactive|Redemption has 270 seconds left.\n|\n|t:|1620429182\n|start\n|switch|p1a: Landorus|Landorus-Therian, M|100\/100\n|switch|p2a: Talonflame|Talonflame, F|100\/100\n|-ability|p1a: Landorus|Intimidate|boost\n|-unboost|p2a: Talonflame|atk|1\n|turn|1\n|\n|t:|1620429208\n|switch|p2a: Ferrothorn|Ferrothorn, F|100\/100\n|move|p1a: Landorus|Rock Tomb|p2a: Ferrothorn\n|-resisted|p2a: Ferrothorn\n|-damage|p2a: Ferrothorn|93\/100\n|-unboost|p2a: Ferrothorn|spe|1\n|\n|-heal|p2a: Ferrothorn|99\/100|[from] item: Leftovers\n|upkeep\n|turn|2\n|\n|t:|1620429220\n|move|p1a: Landorus|Imprison|p1a: Landorus\n|-start|p1a: Landorus|move: Imprison\n|move|p2a: Ferrothorn|Spikes|p1a: Landorus\n|-sidestart|p1: Justamente|Spikes\n|\n|-heal|p2a: Ferrothorn|100\/100|[from] item: Leftovers\n|upkeep\n|turn|3\n|inactive|Redemption has 270 seconds left.\n|\n|t:|1620429236\n|move|p1a: Landorus|Stealth Rock|p2a: Ferrothorn\n|-sidestart|p2: Redemption|move: Stealth Rock\n|move|p2a: Ferrothorn|Power Whip|p1a: Landorus\n|-damage|p1a: Landorus|53\/100\n|\n|upkeep\n|turn|4\n|inactive|Redemption has 270 seconds left.\n|\n|t:|1620429259\n|switch|p1a: Volcarona|Volcarona, F|100\/100\n|-damage|p1a: Volcarona|88\/100|[from] Spikes\n|move|p2a: Ferrothorn|Power Whip|p1a: Volcarona\n|-resisted|p1a: Volcarona\n|-damage|p1a: Volcarona|74\/100\n|-status|p2a: Ferrothorn|brn|[from] ability: Flame Body|[of] p1a: Volcarona\n|\n|-damage|p2a: Ferrothorn|88\/100 brn|[from] brn\n|upkeep\n|turn|5\n|inactive|Redemption has 270 seconds left.\n|inactive|Redemption has 240 seconds left.\n|\n|t:|1620429309\n|switch|p2a: Talonflame|Talonflame, F|100\/100\n|-damage|p2a: Talonflame|51\/100|[from] Stealth Rock\n|move|p1a: Volcarona|Quiver Dance|p1a: Volcarona\n|-boost|p1a: Volcarona|spa|1\n|-boost|p1a: Volcarona|spd|1\n|-boost|p1a: Volcarona|spe|1\n|\n|-heal|p2a: Talonflame|57\/100|[from] item: Leftovers\n|upkeep\n|turn|6\n|inactive|Redemption has 240 seconds left.\n|\n|t:|1620429320\n|move|p2a: Talonflame|Brave Bird|p1a: Volcarona\n|-supereffective|p1a: Volcarona\n|-damage|p1a: Volcarona|0 fnt\n|faint|p1a: Volcarona\n|-damage|p2a: Talonflame|35\/100|[from] Recoil\n|\n|-heal|p2a: Talonflame|41\/100|[from] item: Leftovers\n|upkeep\n|\n|t:|1620429339\n|switch|p1a: Manaphy|Manaphy|100\/100\n|-damage|p1a: Manaphy|88\/100|[from] Spikes\n|turn|7\n|inactive|Redemption has 240 seconds left.\n|\n|t:|1620429373\n|switch|p2a: Ferrothorn|Ferrothorn, F|88\/100 brn\n|-damage|p2a: Ferrothorn|82\/100 brn|[from] Stealth Rock\n|move|p1a: Manaphy|Tail Glow|p1a: Manaphy\n|-boost|p1a: Manaphy|spa|3\n|\n|-heal|p2a: Ferrothorn|88\/100 brn|[from] item: Leftovers\n|-damage|p2a: Ferrothorn|75\/100 brn|[from] brn\n|upkeep\n|turn|8\n|\n|t:|1620429382\n|move|p1a: Manaphy|Tail Glow|p1a: Manaphy\n|-boost|p1a: Manaphy|spa|3\n|move|p2a: Ferrothorn|Thunder Wave|p1a: Manaphy\n|-status|p1a: Manaphy|par\n|\n|-heal|p2a: Ferrothorn|82\/100 brn|[from] item: Leftovers\n|-damage|p2a: Ferrothorn|69\/100 brn|[from] brn\n|upkeep\n|turn|9\n|\n|t:|1620429394\n|move|p2a: Ferrothorn|Power Whip|p1a: Manaphy\n|-supereffective|p1a: Manaphy\n|-damage|p1a: Manaphy|54\/100 par\n|move|p1a: Manaphy|Substitute|p1a: Manaphy\n|-start|p1a: Manaphy|Substitute\n|-damage|p1a: Manaphy|29\/100 par\n|\n|-heal|p2a: Ferrothorn|75\/100 brn|[from] item: Leftovers\n|-damage|p2a: Ferrothorn|63\/100 brn|[from] brn\n|upkeep\n|turn|10\n|\n|t:|1620429403\n|move|p2a: Ferrothorn|Power Whip|p1a: Manaphy\n|-supereffective|p1a: Manaphy\n|-end|p1a: Manaphy|Substitute\n|cant|p1a: Manaphy|par\n|\n|-heal|p2a: Ferrothorn|69\/100 brn|[from] item: Leftovers\n|-damage|p2a: Ferrothorn|57\/100 brn|[from] brn\n|upkeep\n|turn|11\n|inactive|Redemption has 210 seconds left.\n|\n|t:|1620429435\n|move|p2a: Ferrothorn|Power Whip|p1a: Manaphy\n|-supereffective|p1a: Manaphy\n|-damage|p1a: Manaphy|0 fnt\n|faint|p1a: Manaphy\n|\n|-heal|p2a: Ferrothorn|63\/100 brn|[from] item: Leftovers\n|-damage|p2a: Ferrothorn|50\/100 brn|[from] brn\n|upkeep\n|\n|t:|1620429438\n|switch|p1a: Altaria|Altaria, F|100\/100\n|turn|12\n|inactive|Redemption has 210 seconds left.\n|inactive|Redemption has 180 seconds left.\n|\n|t:|1620429489\n|detailschange|p1a: Altaria|Altaria-Mega, F\n|-mega|p1a: Altaria|Altaria|Altarianite\n|move|p1a: Altaria|Substitute|p1a: Altaria\n|-start|p1a: Altaria|Substitute\n|-damage|p1a: Altaria|76\/100\n|move|p2a: Ferrothorn|Thunder Wave||[still]\n|-fail|p2a: Ferrothorn\n|\n|-heal|p2a: Ferrothorn|57\/100 brn|[from] item: Leftovers\n|-damage|p2a: Ferrothorn|44\/100 brn|[from] brn\n|upkeep\n|turn|13\n|inactive|Redemption has 180 seconds left.\n|inactive|Redemption has 150 seconds left.\n|inactive|Redemption has 120 seconds left.\n|\n|t:|1620429555\n|switch|p2a: Diancie|Diancie|100\/100\n|-damage|p2a: Diancie|88\/100|[from] Stealth Rock\n|move|p1a: Altaria|Dragon Dance|p1a: Altaria\n|-boost|p1a: Altaria|atk|1\n|-boost|p1a: Altaria|spe|1\n|\n|upkeep\n|turn|14\n|inactive|Redemption has 120 seconds left.\n|\n|t:|1620429591\n|move|p1a: Altaria|Dragon Dance|p1a: Altaria\n|-boost|p1a: Altaria|atk|1\n|-boost|p1a: Altaria|spe|1\n|move|p2a: Diancie|Moonblast|p1a: Altaria\n|-supereffective|p1a: Altaria\n|-end|p1a: Altaria|Substitute\n|\n|upkeep\n|turn|15\n|inactive|Redemption has 90 seconds left.\n|inactive|Redemption has 60 seconds left.\n|\n|t:|1620429654\n|move|p1a: Altaria|Earthquake|p2a: Diancie\n|-supereffective|p2a: Diancie\n|-damage|p2a: Diancie|0 fnt\n|faint|p2a: Diancie\n|\n|upkeep\n|inactive|Redemption has 30 seconds left.\n|inactive|Redemption has 20 seconds left.\n|inactive|Redemption has 15 seconds left.\n|\n|t:|1620429693\n|switch|p2a: Chandelure|Chandelure, F|100\/100\n|-damage|p2a: Chandelure|76\/100|[from] Stealth Rock\n|turn|16\n|inactive|Redemption has 25 seconds left this turn.\n|inactive|Redemption has 20 seconds left.\n|inactive|Redemption has 15 seconds left.\n|\n|t:|1620429705\n|move|p1a: Altaria|Earthquake|p2a: Chandelure\n|-supereffective|p2a: Chandelure\n|-damage|p2a: Chandelure|0 fnt\n|faint|p2a: Chandelure\n|\n|upkeep\n|inactive|Redemption has 20 seconds left this turn.\n|-message|Redemption forfeited.\n|\n|win|Justamente\n|inactive|Redemption has 25 seconds left this turn.\n|c|\u2606Justamente|gg\n|c|\u2606Redemption|gg\n","uploadtime":1620429709,"views":401,"p1id":"justamente","p2id":"redemption","formatid":"gen6ou","rating":0,"private":0,"password":null}