{"id":"smogtours-gen8ou-607281","p1":"Eternal Spirit","p2":"switchbladess","format":"gen8ou","log":"|inactive|Battle timer is ON: inactive players will automatically lose when time's up.\n|t:|1644163342\n|gametype|singles\n|player|p1|Eternal Spirit|liza|\n|player|p2|switchbladess|#wcop2021latinamerica|\n|teamsize|p1|6\n|teamsize|p2|6\n|gen|8\n|tier|[Gen 8] OU\n|rule|Sleep Clause Mod: Limit one foe put to sleep\n|rule|Species Clause: Limit one of each Pok\u00e9mon\n|rule|OHKO Clause: OHKO moves are banned\n|rule|Evasion Moves Clause: Evasion moves are banned\n|rule|Endless Battle Clause: Forcing endless battles is banned\n|rule|HP Percentage Mod: HP is shown in percentages\n|rule|Dynamax Clause: You cannot dynamax\n|clearpoke\n|poke|p1|Dragonite, F|\n|poke|p1|Ferrothorn, M|\n|poke|p1|Landorus-Therian, M|\n|poke|p1|Rotom-Wash|\n|poke|p1|Volcarona, F|\n|poke|p1|Weavile, F|\n|poke|p2|Blacephalon|\n|poke|p2|Weavile, M|\n|poke|p2|Landorus-Therian, M|\n|poke|p2|Ferrothorn, M|\n|poke|p2|Rotom-Wash|\n|poke|p2|Dragapult, M|\n|teampreview\n|c|+SweetPosho|the main event\n|c|+ALlCE|magica\n|c|+SweetPosho|doremi\n|c|+Yathze|EL STRAPO.\n|c|+ASKOV|o mago\n|inactive|Eternal Spirit has 270 seconds left.\n|inactive|switchbladess has 270 seconds left.\n|raw|<div class=\"broadcast-red\"><strong>Moderated chat was set to \u2606!<\/strong><br \/>Only users of rank \u2606 and higher can talk.<\/div>\n|c|\u2606Eternal Spirit|Hf \n|\n|t:|1644163402\n|start\n|switch|p1a: LIGHTNING|Rotom-Wash|100\/100\n|switch|p2a: Enten|Landorus-Therian, M, shiny|100\/100\n|-ability|p2a: Enten|Intimidate|boost\n|-unboost|p1a: LIGHTNING|atk|1\n|turn|1\n|\n|t:|1644163421\n|switch|p2a: Temple|Ferrothorn, M, shiny|100\/100\n|move|p1a: LIGHTNING|Will-O-Wisp|p2a: Temple|[miss]\n|-miss|p1a: LIGHTNING|p2a: Temple\n|\n|upkeep\n|turn|2\n|\n|t:|1644163425\n|move|p1a: LIGHTNING|Will-O-Wisp|p2a: Temple\n|-status|p2a: Temple|brn\n|move|p2a: Temple|Stealth Rock|p1a: LIGHTNING\n|-sidestart|p1: Eternal Spirit|move: Stealth Rock\n|\n|-damage|p2a: Temple|95\/100 brn|[from] brn\n|upkeep\n|turn|3\n|\n|t:|1644163439\n|switch|p1a: FOREST|Ferrothorn, M|100\/100\n|-damage|p1a: FOREST|94\/100|[from] Stealth Rock\n|switch|p2a: Enten|Landorus-Therian, M, shiny|100\/100\n|-ability|p2a: Enten|Intimidate|boost\n|-unboost|p1a: FOREST|atk|1\n|\n|-heal|p1a: FOREST|100\/100|[from] item: Leftovers\n|upkeep\n|turn|4\n|\n|t:|1644163453\n|move|p2a: Enten|Earthquake|p1a: FOREST\n|-damage|p1a: FOREST|74\/100\n|move|p1a: FOREST|Knock Off|p2a: Enten\n|-damage|p2a: Enten|87\/100\n|-enditem|p2a: Enten|Leftovers|[from] move: Knock Off|[of] p1a: FOREST\n|\n|-heal|p1a: FOREST|80\/100|[from] item: Leftovers\n|upkeep\n|turn|5\n|\n|t:|1644163460\n|move|p2a: Enten|Earthquake|p1a: FOREST\n|-damage|p1a: FOREST|54\/100\n|move|p1a: FOREST|Spikes|p2a: Enten\n|-sidestart|p2: switchbladess|Spikes\n|\n|-heal|p1a: FOREST|61\/100|[from] item: Leftovers\n|upkeep\n|turn|6\n|\n|t:|1644163465\n|move|p2a: Enten|Earthquake|p1a: FOREST\n|-damage|p1a: FOREST|34\/100\n|move|p1a: FOREST|Leech Seed|p2a: Enten\n|-start|p2a: Enten|move: Leech Seed\n|\n|-heal|p1a: FOREST|40\/100|[from] item: Leftovers\n|-damage|p2a: Enten|75\/100|[from] Leech Seed|[of] p1a: FOREST\n|-heal|p1a: FOREST|54\/100|[silent]\n|upkeep\n|turn|7\n|\n|t:|1644163472\n|move|p2a: Enten|U-turn|p1a: FOREST\n|-damage|p1a: FOREST|40\/100\n|-damage|p2a: Enten|63\/100|[from] ability: Iron Barbs|[of] p1a: FOREST\n|\n|t:|1644163474\n|switch|p2a: Temple|Ferrothorn, M, shiny|95\/100 brn|[from]move: U-turn\n|-damage|p2a: Temple|82\/100 brn|[from] Spikes\n|move|p1a: FOREST|Knock Off|p2a: Temple\n|-damage|p2a: Temple|75\/100 brn\n|-damage|p1a: FOREST|27\/100|[from] ability: Iron Barbs|[of] p2a: Temple\n|-enditem|p2a: Temple|Leftovers|[from] move: Knock Off|[of] p1a: FOREST\n|\n|-heal|p1a: FOREST|33\/100|[from] item: Leftovers\n|-damage|p2a: Temple|69\/100 brn|[from] brn\n|upkeep\n|turn|8\n|\n|t:|1644163485\n|switch|p2a: Enten|Landorus-Therian, M, shiny|63\/100\n|-ability|p2a: Enten|Intimidate|boost\n|-unboost|p1a: FOREST|atk|1\n|move|p1a: FOREST|Spikes|p2a: Enten\n|-sidestart|p2: switchbladess|Spikes\n|\n|-heal|p1a: FOREST|40\/100|[from] item: Leftovers\n|upkeep\n|turn|9\n|\n|t:|1644163491\n|switch|p1a: LIGHTNING|Rotom-Wash|100\/100\n|-damage|p1a: LIGHTNING|88\/100|[from] Stealth Rock\n|move|p2a: Enten|Earthquake|p1a: LIGHTNING\n|-immune|p1a: LIGHTNING|[from] ability: Levitate\n|\n|upkeep\n|turn|10\n|\n|t:|1644163494\n|switch|p2a: Phantom|Rotom-Wash, shiny|100\/100\n|move|p1a: LIGHTNING|Hydro Pump|p2a: Phantom\n|-resisted|p2a: Phantom\n|-damage|p2a: Phantom|75\/100\n|\n|upkeep\n|turn|11\n|\n|t:|1644163500\n|move|p1a: LIGHTNING|Will-O-Wisp|p2a: Phantom\n|-status|p2a: Phantom|brn\n|move|p2a: Phantom|Volt Switch|p1a: LIGHTNING\n|-damage|p1a: LIGHTNING|62\/100\n|\n|t:|1644163506\n|switch|p2a: Leviathan|Dragapult, M, shiny|100\/100|[from]move: Volt Switch\n|-damage|p2a: Leviathan|84\/100|[from] Spikes\n|\n|upkeep\n|turn|12\n|\n|t:|1644163528\n|switch|p1a: FOREST|Ferrothorn, M|40\/100\n|-damage|p1a: FOREST|33\/100|[from] Stealth Rock\n|move|p2a: Leviathan|Shadow Ball|p1a: FOREST\n|-damage|p1a: FOREST|0 fnt\n|faint|p1a: FOREST\n|\n|upkeep\n|inactive|Eternal Spirit has 270 seconds left.\n|\n|t:|1644163553\n|switch|p1a: NIGHTMARE|Weavile, F|100\/100\n|-ability|p1a: NIGHTMARE|Pressure\n|turn|13\n|\n|t:|1644163565\n|switch|p2a: Temple|Ferrothorn, M, shiny|69\/100 brn\n|-damage|p2a: Temple|52\/100 brn|[from] Spikes\n|move|p1a: NIGHTMARE|Swords Dance|p1a: NIGHTMARE\n|-boost|p1a: NIGHTMARE|atk|2\n|\n|-damage|p2a: Temple|46\/100 brn|[from] brn\n|upkeep\n|turn|14\n|\n|t:|1644163575\n|move|p1a: NIGHTMARE|Icicle Crash|p2a: Temple\n|-damage|p2a: Temple|0 fnt\n|faint|p2a: Temple\n|\n|upkeep\n|\n|t:|1644163579\n|switch|p2a: Hyperspace|Blacephalon, shiny|100\/100\n|-damage|p2a: Hyperspace|84\/100|[from] Spikes\n|turn|15\n|\n|t:|1644163596\n|switch|p1a: LIGHTNING|Rotom-Wash|62\/100\n|-damage|p1a: LIGHTNING|50\/100|[from] Stealth Rock\n|move|p2a: Hyperspace|Flamethrower|p1a: LIGHTNING\n|-resisted|p1a: LIGHTNING\n|-damage|p1a: LIGHTNING|21\/100\n|\n|upkeep\n|turn|16\n|inactive|switchbladess has 270 seconds left.\n|inactive|switchbladess has 240 seconds left.\n|inactive|switchbladess has 210 seconds left.\n|\n|t:|1644163702\n|move|p2a: Hyperspace|Flamethrower|p1a: LIGHTNING\n|-resisted|p1a: LIGHTNING\n|-damage|p1a: LIGHTNING|0 fnt\n|faint|p1a: LIGHTNING\n|-ability|p2a: Hyperspace|Beast Boost|boost\n|-boost|p2a: Hyperspace|spa|1\n|\n|upkeep\n|inactive|Eternal Spirit has 270 seconds left.\n|\n|t:|1644163751\n|switch|p1a: SHION|Dragonite, F|100\/100\n|turn|17\n|\n|t:|1644163768\n|switch|p2a: Phantom|Rotom-Wash, shiny|75\/100 brn\n|move|p1a: SHION|Dragon Dance|p1a: SHION\n|-boost|p1a: SHION|atk|1\n|-boost|p1a: SHION|spe|1\n|\n|-damage|p2a: Phantom|69\/100 brn|[from] brn\n|upkeep\n|turn|18\n|\n|t:|1644163775\n|move|p1a: SHION|Dragon Dance|p1a: SHION\n|-boost|p1a: SHION|atk|1\n|-boost|p1a: SHION|spe|1\n|move|p2a: Phantom|Will-O-Wisp|p1a: SHION\n|-status|p1a: SHION|brn\n|\n|-damage|p1a: SHION|94\/100 brn|[from] brn\n|-damage|p2a: Phantom|63\/100 brn|[from] brn\n|upkeep\n|turn|19\n|inactive|Eternal Spirit has 270 seconds left.\n|\n|t:|1644163797\n|move|p1a: SHION|Dragon Dance|p1a: SHION\n|-boost|p1a: SHION|atk|1\n|-boost|p1a: SHION|spe|1\n|move|p2a: Phantom|Volt Switch|p1a: SHION\n|-damage|p1a: SHION|68\/100 brn\n|\n|t:|1644163799\n|switch|p2a: Bandit|Weavile, M, shiny|100\/100|[from]move: Volt Switch\n|-damage|p2a: Bandit|84\/100|[from] Spikes\n|-ability|p2a: Bandit|Pressure\n|\n|-damage|p1a: SHION|62\/100 brn|[from] brn\n|upkeep\n|turn|20\n|inactive|Eternal Spirit has 270 seconds left.\n|inactive|switchbladess has 180 seconds left.\n|\n|t:|1644163845\n|move|p1a: SHION|Extreme Speed|p2a: Bandit\n|-damage|p2a: Bandit|20\/100\n|move|p2a: Bandit|Ice Shard|p1a: SHION\n|-supereffective|p1a: SHION\n|-damage|p1a: SHION|0 fnt\n|faint|p1a: SHION\n|\n|upkeep\n|\n|t:|1644163852\n|switch|p1a: PROMINENCE|Volcarona, F|100\/100\n|turn|21\n|inactive|switchbladess has 150 seconds left.\n|inactive|switchbladess has 120 seconds left.\n|\n|t:|1644163916\n|switch|p2a: Enten|Landorus-Therian, M, shiny|63\/100\n|-ability|p2a: Enten|Intimidate|boost\n|-unboost|p1a: PROMINENCE|atk|1\n|move|p1a: PROMINENCE|Quiver Dance|p1a: PROMINENCE\n|-boost|p1a: PROMINENCE|spa|1\n|-boost|p1a: PROMINENCE|spd|1\n|-boost|p1a: PROMINENCE|spe|1\n|\n|upkeep\n|turn|22\n|\n|t:|1644163925\n|move|p1a: PROMINENCE|Fire Blast|p2a: Enten\n|-damage|p2a: Enten|0 fnt\n|faint|p2a: Enten\n|\n|upkeep\n|\n|t:|1644163928\n|switch|p2a: Hyperspace|Blacephalon, shiny|84\/100\n|-damage|p2a: Hyperspace|67\/100|[from] Spikes\n|turn|23\n|\n|t:|1644163934\n|move|p2a: Hyperspace|Trick|p1a: PROMINENCE\n|-activate|p2a: Hyperspace|move: Trick|[of] p1a: PROMINENCE\n|-item|p1a: PROMINENCE|Choice Scarf|[from] move: Trick\n|-item|p2a: Hyperspace|Heavy-Duty Boots|[from] move: Trick\n|move|p1a: PROMINENCE|Fire Blast|p2a: Hyperspace|[miss]\n|-miss|p1a: PROMINENCE|p2a: Hyperspace\n|\n|upkeep\n|turn|24\n|\n|t:|1644163943\n|move|p1a: PROMINENCE|Fire Blast|p2a: Hyperspace\n|-resisted|p2a: Hyperspace\n|-damage|p2a: Hyperspace|0 fnt\n|faint|p2a: Hyperspace\n|\n|upkeep\n|inactive|switchbladess has 120 seconds left.\n|\n|t:|1644163981\n|switch|p2a: Phantom|Rotom-Wash, shiny|63\/100 brn\n|turn|25\n|\n|t:|1644163987\n|move|p1a: PROMINENCE|Fire Blast|p2a: Phantom\n|-resisted|p2a: Phantom\n|-damage|p2a: Phantom|15\/100 brn\n|move|p2a: Phantom|Pain Split|p1a: PROMINENCE\n|-sethp|p1a: PROMINENCE|58\/100|[from] move: Pain Split|[silent]\n|-sethp|p2a: Phantom|59\/100 brn|[from] move: Pain Split\n|\n|-damage|p2a: Phantom|53\/100 brn|[from] brn\n|upkeep\n|turn|26\n|inactive|switchbladess has 120 seconds left.\n|\n|t:|1644164026\n|move|p1a: PROMINENCE|Fire Blast|p2a: Phantom\n|-resisted|p2a: Phantom\n|-damage|p2a: Phantom|7\/100 brn\n|move|p2a: Phantom|Hydro Pump|p1a: PROMINENCE\n|-supereffective|p1a: PROMINENCE\n|-damage|p1a: PROMINENCE|5\/100\n|\n|-damage|p2a: Phantom|1\/100 brn|[from] brn\n|upkeep\n|turn|27\n|\n|t:|1644164036\n|move|p1a: PROMINENCE|Fire Blast|p2a: Phantom|[miss]\n|-miss|p1a: PROMINENCE|p2a: Phantom\n|move|p2a: Phantom|Volt Switch|p1a: PROMINENCE\n|-damage|p1a: PROMINENCE|0 fnt\n|faint|p1a: PROMINENCE\n|inactive|switchbladess has 90 seconds left.\n|\n|t:|1644164058\n|switch|p2a: Leviathan|Dragapult, M, shiny|84\/100|[from]move: Volt Switch\n|-damage|p2a: Leviathan|68\/100|[from] Spikes\n|\n|upkeep\n|inactive|Eternal Spirit has 270 seconds left.\n|inactive|Eternal Spirit has 240 seconds left.\n|\n|t:|1644164125\n|switch|p1a: ARKANES|Landorus-Therian, M|100\/100\n|-damage|p1a: ARKANES|88\/100|[from] Stealth Rock\n|-ability|p1a: ARKANES|Intimidate|boost\n|-unboost|p2a: Leviathan|atk|1\n|turn|28\n|inactive|Eternal Spirit has 240 seconds left.\n|inactive|switchbladess has 90 seconds left.\n|\n|t:|1644164155\n|move|p2a: Leviathan|Surf|p1a: ARKANES\n|-supereffective|p1a: ARKANES\n|-damage|p1a: ARKANES|14\/100\n|move|p1a: ARKANES|Stealth Rock|p2a: Leviathan\n|-sidestart|p2: switchbladess|move: Stealth Rock\n|\n|-heal|p1a: ARKANES|20\/100|[from] item: Leftovers\n|upkeep\n|turn|29\n|\n|t:|1644164166\n|move|p2a: Leviathan|Surf|p1a: ARKANES\n|-supereffective|p1a: ARKANES\n|-damage|p1a: ARKANES|0 fnt\n|faint|p1a: ARKANES\n|\n|upkeep\n|\n|t:|1644164168\n|switch|p1a: NIGHTMARE|Weavile, F|100\/100\n|-ability|p1a: NIGHTMARE|Pressure\n|turn|30\n|\n|t:|1644164175\n|move|p1a: NIGHTMARE|Ice Shard|p2a: Leviathan\n|-supereffective|p2a: Leviathan\n|-damage|p2a: Leviathan|10\/100\n|move|p2a: Leviathan|Surf|p1a: NIGHTMARE\n|-damage|p1a: NIGHTMARE|39\/100\n|\n|upkeep\n|turn|31\n|inactive|Eternal Spirit has 240 seconds left.\n|\n|t:|1644164181\n|move|p1a: NIGHTMARE|Ice Shard|p2a: Leviathan\n|-supereffective|p2a: Leviathan\n|-crit|p2a: Leviathan\n|-damage|p2a: Leviathan|0 fnt\n|faint|p2a: Leviathan\n|\n|upkeep\n|\n|t:|1644164185\n|switch|p2a: Phantom|Rotom-Wash, shiny|1\/100 brn\n|-damage|p2a: Phantom|0 fnt|[from] Stealth Rock\n|faint|p2a: Phantom\n|c|\u2606Eternal Spirit|gg \n|c|\u2606switchbladess|gg\n|\n|t:|1644164188\n|switch|p2a: Bandit|Weavile, M, shiny|20\/100\n|-damage|p2a: Bandit|4\/100|[from] Spikes\n|-damage|p2a: Bandit|0 fnt|[from] Stealth Rock\n|faint|p2a: Bandit\n|\n|win|Eternal Spirit\n","uploadtime":1644164189,"views":2879,"p1id":"eternalspirit","p2id":"switchbladess","formatid":"gen8ou","rating":0,"private":0,"password":null}