{"id":"smogtours-gen8nationaldex-646622","p1":"Faygos","p2":"hump","format":"gen8nationaldex","log":"|inactive|Battle timer is ON: inactive players will automatically lose when time's up.\n|t:|1662327052\n|gametype|singles\n|player|p1|Faygos|265|\n|player|p2|hump|dawn-masters|\n|teamsize|p1|6\n|teamsize|p2|6\n|gen|8\n|tier|[Gen 8] National Dex\n|rule|HP Percentage Mod: HP is shown in percentages\n|rule|Endless Battle Clause: Forcing endless battles is banned\n|rule|OHKO Clause: OHKO moves are banned\n|rule|Evasion Moves Clause: Evasion moves are banned\n|rule|Species Clause: Limit one of each Pok\u00e9mon\n|rule|Dynamax Clause: You cannot dynamax\n|rule|Sleep Clause Mod: Limit one foe put to sleep\n|clearpoke\n|poke|p1|Seismitoad, F|\n|poke|p1|Venusaur, M|\n|poke|p1|Raikou|\n|poke|p1|Charizard, F|\n|poke|p1|Hydreigon, M|\n|poke|p1|Torkoal, F|\n|poke|p2|Urshifu-*, F|\n|poke|p2|Heatran, M|\n|poke|p2|Landorus-Therian, M|\n|poke|p2|Tapu Lele|\n|poke|p2|Kartana|\n|poke|p2|Rotom-Wash|\n|teampreview\n|inactive|Faygos also wants the timer to be on.\n|inactive|hump also wants the timer to be on.\n|inactive|Faygos has 270 seconds left.\n|\n|t:|1662327094\n|start\n|switch|p1a: Torkoal|Torkoal, F, shiny|100\/100\n|switch|p2a: Tapu Lele|Tapu Lele|100\/100\n|-fieldstart|move: Psychic Terrain|[from] ability: Psychic Surge|[of] p2a: Tapu Lele\n|-weather|SunnyDay|[from] ability: Drought|[of] p1a: Torkoal\n|turn|1\n|\n|t:|1662327110\n|move|p2a: Tapu Lele|Calm Mind|p2a: Tapu Lele\n|-boost|p2a: Tapu Lele|spa|1\n|-boost|p2a: Tapu Lele|spd|1\n|move|p1a: Torkoal|Stealth Rock|p2a: Tapu Lele\n|-sidestart|p2: hump|move: Stealth Rock\n|\n|-weather|SunnyDay|[upkeep]\n|upkeep\n|turn|2\n|\n|t:|1662327113\n|-zpower|p2a: Tapu Lele\n|move|p2a: Tapu Lele|All-Out Pummeling|p1a: Torkoal|[zeffect]\n|-damage|p1a: Torkoal|0 fnt\n|faint|p1a: Torkoal\n|\n|-weather|SunnyDay|[upkeep]\n|upkeep\n|\n|t:|1662327115\n|switch|p1a: Venusaur|Venusaur, M, shiny|100\/100\n|turn|3\n|\n|t:|1662327117\n|-zpower|p1a: Venusaur\n|move|p1a: Venusaur|Acid Downpour|p2a: Tapu Lele|[zeffect]\n|-supereffective|p2a: Tapu Lele\n|-damage|p2a: Tapu Lele|0 fnt\n|faint|p2a: Tapu Lele\n|\n|-weather|SunnyDay|[upkeep]\n|upkeep\n|\n|t:|1662327121\n|switch|p2a: Heatran|Heatran, M|100\/100\n|-damage|p2a: Heatran|88\/100|[from] Stealth Rock\n|-item|p2a: Heatran|Air Balloon\n|turn|4\n|\n|t:|1662327129\n|switch|p1a: Seismitoad|Seismitoad, F, shiny|100\/100\n|move|p2a: Heatran|Eruption|p1a: Seismitoad\n|-resisted|p1a: Seismitoad\n|-damage|p1a: Seismitoad|47\/100\n|\n|-weather|SunnyDay|[upkeep]\n|-heal|p1a: Seismitoad|53\/100|[from] item: Leftovers\n|upkeep\n|turn|5\n|\n|t:|1662327133\n|move|p2a: Heatran|Eruption|p1a: Seismitoad\n|-resisted|p1a: Seismitoad\n|-damage|p1a: Seismitoad|0 fnt\n|faint|p1a: Seismitoad\n|\n|-weather|SunnyDay|[upkeep]\n|-fieldend|move: Psychic Terrain\n|upkeep\n|\n|t:|1662327138\n|switch|p1a: Hydreigon|Hydreigon, M, shiny|100\/100\n|turn|6\n|\n|t:|1662327140\n|move|p1a: Hydreigon|Dark Pulse|p2a: Heatran\n|-damage|p2a: Heatran|51\/100\n|-enditem|p2a: Heatran|Air Balloon\n|cant|p2a: Heatran|flinch\n|\n|-weather|SunnyDay|[upkeep]\n|upkeep\n|turn|7\n|\n|t:|1662327143\n|move|p1a: Hydreigon|Dark Pulse|p2a: Heatran\n|-damage|p2a: Heatran|14\/100\n|cant|p2a: Heatran|flinch\n|\n|-weather|SunnyDay|[upkeep]\n|upkeep\n|turn|8\n|\n|t:|1662327147\n|switch|p2a: Urshifu|Urshifu-Rapid-Strike, F|100\/100\n|-damage|p2a: Urshifu|94\/100|[from] Stealth Rock\n|move|p1a: Hydreigon|Dark Pulse|p2a: Urshifu\n|-resisted|p2a: Urshifu\n|-damage|p2a: Urshifu|67\/100\n|\n|-weather|none\n|upkeep\n|turn|9\n|\n|t:|1662327155\n|switch|p1a: Venusaur|Venusaur, M, shiny|100\/100\n|move|p2a: Urshifu|U-turn|p1a: Venusaur\n|-damage|p1a: Venusaur|67\/100\n|\n|t:|1662327156\n|switch|p2a: Landorus|Landorus-Therian, M|100\/100|[from]move: U-turn\n|-damage|p2a: Landorus|88\/100|[from] Stealth Rock\n|-ability|p2a: Landorus|Intimidate|boost\n|-unboost|p1a: Venusaur|atk|1\n|\n|upkeep\n|turn|10\n|\n|t:|1662327161\n|move|p1a: Venusaur|Giga Drain|p2a: Landorus\n|-damage|p2a: Landorus|47\/100\n|-heal|p1a: Venusaur|94\/100|[from] drain|[of] p2a: Landorus\n|move|p2a: Landorus|Defog|p1a: Venusaur\n|-unboost|p1a: Venusaur|evasion|1\n|-sideend|p2: hump|Stealth Rock|[from] move: Defog|[of] p2a: Landorus\n|\n|upkeep\n|turn|11\n|\n|t:|1662327163\n|move|p1a: Venusaur|Giga Drain|p2a: Landorus\n|-damage|p2a: Landorus|4\/100\n|-heal|p1a: Venusaur|100\/100|[from] drain|[of] p2a: Landorus\n|move|p2a: Landorus|U-turn|p1a: Venusaur\n|-damage|p1a: Venusaur|69\/100\n|\n|t:|1662327165\n|switch|p2a: Heatran|Heatran, M|14\/100|[from]move: U-turn\n|\n|upkeep\n|turn|12\n|\n|t:|1662327168\n|move|p2a: Heatran|Stealth Rock|p1a: Venusaur\n|-sidestart|p1: Faygos|move: Stealth Rock\n|move|p1a: Venusaur|Earth Power|p2a: Heatran\n|-supereffective|p2a: Heatran\n|-damage|p2a: Heatran|0 fnt\n|faint|p2a: Heatran\n|\n|upkeep\n|\n|t:|1662327173\n|switch|p2a: Kartana|Kartana|100\/100\n|turn|13\n|\n|t:|1662327177\n|move|p2a: Kartana|Smart Strike|p1a: Venusaur\n|-damage|p1a: Venusaur|6\/100\n|move|p1a: Venusaur|Earth Power|p2a: Kartana\n|-damage|p2a: Kartana|6\/100\n|\n|upkeep\n|turn|14\n|c|\u2606hump|???\n|\n|t:|1662327192\n|move|p2a: Kartana|Smart Strike|p1a: Venusaur\n|-damage|p1a: Venusaur|0 fnt\n|faint|p1a: Venusaur\n|-ability|p2a: Kartana|Beast Boost|boost\n|-boost|p2a: Kartana|atk|1\n|\n|upkeep\n|\n|t:|1662327200\n|switch|p1a: Hydreigon|Hydreigon, M, shiny|100\/100\n|-damage|p1a: Hydreigon|88\/100|[from] Stealth Rock\n|turn|15\n|\n|t:|1662327205\n|move|p2a: Kartana|Smart Strike|p1a: Hydreigon\n|-damage|p1a: Hydreigon|13\/100\n|move|p1a: Hydreigon|Defog|p2a: Kartana\n|-unboost|p2a: Kartana|evasion|1\n|-sideend|p1: Faygos|Stealth Rock|[from] move: Defog|[of] p1a: Hydreigon\n|\n|upkeep\n|turn|16\n|\n|t:|1662327214\n|switch|p1a: Charizard|Charizard, F|100\/100\n|move|p2a: Kartana|Smart Strike|p1a: Charizard\n|-resisted|p1a: Charizard\n|-damage|p1a: Charizard|52\/100\n|\n|upkeep\n|turn|17\n|\n|t:|1662327220\n|detailschange|p1a: Charizard|Charizard-Mega-X, F\n|-mega|p1a: Charizard|Charizard|Charizardite X\n|move|p2a: Kartana|Smart Strike|p1a: Charizard\n|-resisted|p1a: Charizard\n|-damage|p1a: Charizard|14\/100\n|move|p1a: Charizard|Flare Blitz|p2a: Kartana\n|-supereffective|p2a: Kartana\n|-damage|p2a: Kartana|0 fnt\n|faint|p2a: Kartana\n|-damage|p1a: Charizard|12\/100|[from] Recoil\n|\n|upkeep\n|\n|t:|1662327226\n|switch|p2a: Landorus|Landorus-Therian, M|4\/100\n|-ability|p2a: Landorus|Intimidate|boost\n|-unboost|p1a: Charizard|atk|1\n|turn|18\n|\n|t:|1662327228\n|move|p1a: Charizard|Flare Blitz|p2a: Landorus\n|-damage|p2a: Landorus|0 fnt\n|-damage|p1a: Charizard|0 fnt|[from] item: Rocky Helmet|[of] p2a: Landorus\n|faint|p2a: Landorus\n|faint|p1a: Charizard\n|\n|upkeep\n|\n|t:|1662327234\n|switch|p1a: Raikou|Raikou, shiny|100\/100\n|switch|p2a: Rotom|Rotom-Wash|100\/100\n|-ability|p1a: Raikou|Pressure\n|turn|19\n|\n|t:|1662327236\n|move|p1a: Raikou|Thunderbolt|p2a: Rotom\n|-damage|p2a: Rotom|49\/100\n|-damage|p1a: Raikou|91\/100|[from] item: Life Orb\n|move|p2a: Rotom|Will-O-Wisp|p1a: Raikou\n|-status|p1a: Raikou|brn\n|\n|-heal|p2a: Rotom|56\/100|[from] item: Leftovers\n|-damage|p1a: Raikou|84\/100 brn|[from] brn\n|upkeep\n|turn|20\n|\n|t:|1662327240\n|move|p1a: Raikou|Thunderbolt|p2a: Rotom\n|-damage|p2a: Rotom|0 fnt\n|faint|p2a: Rotom\n|-damage|p1a: Raikou|74\/100 brn|[from] item: Life Orb\n|\n|-damage|p1a: Raikou|68\/100 brn|[from] brn\n|upkeep\n|\n|t:|1662327242\n|switch|p2a: Urshifu|Urshifu-Rapid-Strike, F|67\/100\n|turn|21\n|\n|t:|1662327243\n|move|p1a: Raikou|Thunderbolt|p2a: Urshifu\n|-supereffective|p2a: Urshifu\n|-damage|p2a: Urshifu|0 fnt\n|faint|p2a: Urshifu\n|-damage|p1a: Raikou|58\/100 brn|[from] item: Life Orb\n|\n|win|Faygos\n","uploadtime":1662327244,"views":21,"p1id":"faygos","p2id":"hump","formatid":"gen8nationaldex","rating":0,"private":0,"password":null}