{"id":"smogtours-gen7ou-581460","p1":"satanic beast","p2":"Goootzinho","format":"gen7ou","log":"|inactive|Battle timer is ON: inactive players will automatically lose when time's up.\n|t:|1632600560\n|gametype|singles\n|player|p1|satanic beast|idol|\n|player|p2|Goootzinho|karen-gen2|\n|teamsize|p1|6\n|teamsize|p2|6\n|gen|7\n|tier|[Gen 7] OU\n|rule|Sleep Clause Mod: Limit one foe put to sleep\n|rule|Species Clause: Limit one of each Pok\u00e9mon\n|rule|OHKO Clause: OHKO moves are banned\n|rule|Moody Clause: Moody is banned\n|rule|Evasion Moves Clause: Evasion moves are banned\n|rule|Endless Battle Clause: Forcing endless battles is banned\n|rule|HP Percentage Mod: HP is shown in percentages\n|clearpoke\n|poke|p1|Garchomp, M|item\n|poke|p1|Greninja, M|item\n|poke|p1|Kartana|item\n|poke|p1|Landorus-Therian, M|item\n|poke|p1|Magearna|item\n|poke|p1|Medicham, M|item\n|poke|p2|Latios, M|item\n|poke|p2|Magearna|item\n|poke|p2|Tapu Koko|item\n|poke|p2|Keldeo|item\n|poke|p2|Mawile, M|item\n|poke|p2|Landorus-Therian, M|item\n|teampreview\n|c|\u2606Goootzinho|hf\n|c|\u2606satanic beast|u2\n|inactive|Goootzinho has 270 seconds left.\n|inactive|Goootzinho has 240 seconds left.\n|\n|t:|1632600628\n|start\n|switch|p1a: Landorus|Landorus-Therian, M|100\/100\n|switch|p2a: Tapu Koko|Tapu Koko|100\/100\n|-ability|p1a: Landorus|Intimidate|boost\n|-unboost|p2a: Tapu Koko|atk|1\n|-fieldstart|move: Electric Terrain|[from] ability: Electric Surge|[of] p2a: Tapu Koko\n|turn|1\n|\n|t:|1632600640\n|move|p1a: Landorus|Earthquake|p2a: Tapu Koko\n|-supereffective|p2a: Tapu Koko\n|-enditem|p2a: Tapu Koko|Shuca Berry|[eat]\n|-enditem|p2a: Tapu Koko|Shuca Berry|[weaken]\n|-damage|p2a: Tapu Koko|26\/100\n|move|p2a: Tapu Koko|Hidden Power|p1a: Landorus\n|-supereffective|p1a: Landorus\n|-damage|p1a: Landorus|14\/100\n|\n|upkeep\n|turn|2\n|inactive|Goootzinho has 270 seconds left.\n|\n|t:|1632600693\n|switch|p1a: Greninja|Greninja, M|100\/100\n|switch|p2a: Landorus|Landorus-Therian, M|100\/100\n|-ability|p2a: Landorus|Intimidate|boost\n|-unboost|p1a: Greninja|atk|1\n|\n|upkeep\n|turn|3\n|\n|t:|1632600707\n|switch|p2a: Magearna|Magearna|100\/100\n|move|p1a: Greninja|Surf|p2a: Magearna\n|-damage|p2a: Magearna|75\/100\n|\n|upkeep\n|turn|4\n|\n|t:|1632600716\n|switch|p1a: Magearna|Magearna|100\/100\n|move|p2a: Magearna|Volt Switch|p1a: Magearna\n|-damage|p1a: Magearna|88\/100\n|\n|t:|1632600728\n|switch|p2a: Landorus|Landorus-Therian, M|100\/100|[from]move: Volt Switch\n|-ability|p2a: Landorus|Intimidate|boost\n|-unboost|p1a: Magearna|atk|1\n|\n|upkeep\n|turn|5\n|\n|t:|1632600732\n|switch|p1a: Garchomp|Garchomp, M|100\/100\n|move|p2a: Landorus|Stealth Rock|p1a: Garchomp\n|-sidestart|p1: satanic beast|move: Stealth Rock\n|\n|-fieldend|move: Electric Terrain\n|upkeep\n|turn|6\n|\n|t:|1632600758\n|move|p1a: Garchomp|Stealth Rock|p2a: Landorus\n|-sidestart|p2: Goootzinho|move: Stealth Rock\n|move|p2a: Landorus|Hidden Power|p1a: Garchomp\n|-supereffective|p1a: Garchomp\n|-damage|p1a: Garchomp|42\/100\n|\n|upkeep\n|turn|7\n|inactive|Goootzinho has 240 seconds left.\n|\n|t:|1632600791\n|switch|p1a: Landorus|Landorus-Therian, M|14\/100\n|-damage|p1a: Landorus|2\/100|[from] Stealth Rock\n|-ability|p1a: Landorus|Intimidate|boost\n|-unboost|p2a: Landorus|atk|1\n|switch|p2a: Tapu Koko|Tapu Koko|26\/100\n|-damage|p2a: Tapu Koko|14\/100|[from] Stealth Rock\n|-fieldstart|move: Electric Terrain|[from] ability: Electric Surge|[of] p2a: Tapu Koko\n|\n|upkeep\n|turn|8\n|inactive|Goootzinho has 210 seconds left.\n|\n|t:|1632600823\n|move|p1a: Landorus|U-turn|p2a: Tapu Koko\n|-resisted|p2a: Tapu Koko\n|-damage|p2a: Tapu Koko|0 fnt\n|faint|p2a: Tapu Koko\n|\n|t:|1632600831\n|switch|p1a: Medicham|Medicham, M|100\/100|[from]move: U-turn\n|-damage|p1a: Medicham|94\/100|[from] Stealth Rock\n|\n|upkeep\n|inactive|Goootzinho has 210 seconds left.\n|inactive|Goootzinho has 180 seconds left.\n|\n|t:|1632600875\n|switch|p2a: Latios|Latios, M|100\/100\n|-damage|p2a: Latios|88\/100|[from] Stealth Rock\n|turn|9\n|\n|t:|1632600886\n|switch|p1a: Landorus|Landorus-Therian, M|2\/100\n|-damage|p1a: Landorus|0 fnt|[from] Stealth Rock\n|faint|p1a: Landorus\n|move|p2a: Latios|Psychic|p1: Landorus|[notarget]\n|-fail|p2a: Latios\n|\n|upkeep\n|\n|t:|1632600889\n|switch|p1a: Greninja|Greninja, M|100\/100\n|-damage|p1a: Greninja|88\/100|[from] Stealth Rock\n|turn|10\n|\n|t:|1632600895\n|switch|p2a: Magearna|Magearna|75\/100\n|-damage|p2a: Magearna|69\/100|[from] Stealth Rock\n|switch|p1a: Medicham|Medicham, M|94\/100\n|-damage|p1a: Medicham|88\/100|[from] Stealth Rock\n|\n|upkeep\n|turn|11\n|inactive|Goootzinho has 180 seconds left.\n|\n|t:|1632600923\n|switch|p2a: Landorus|Landorus-Therian, M|100\/100\n|-damage|p2a: Landorus|88\/100|[from] Stealth Rock\n|-ability|p2a: Landorus|Intimidate|boost\n|-unboost|p1a: Medicham|atk|1\n|detailschange|p1a: Medicham|Medicham-Mega, M\n|-mega|p1a: Medicham|Medicham|Medichamite\n|move|p1a: Medicham|High Jump Kick|p2a: Landorus\n|-resisted|p2a: Landorus\n|-damage|p2a: Landorus|57\/100\n|\n|-heal|p2a: Landorus|63\/100|[from] item: Leftovers\n|-fieldend|move: Electric Terrain\n|upkeep\n|turn|12\n|inactive|Goootzinho has 180 seconds left.\n|inactive|satanic beast has 270 seconds left.\n|inactive|Goootzinho has 150 seconds left.\n|\n|t:|1632600970\n|switch|p1a: Garchomp|Garchomp, M|42\/100\n|-damage|p1a: Garchomp|36\/100|[from] Stealth Rock\n|move|p2a: Landorus|U-turn|p1a: Garchomp\n|-damage|p1a: Garchomp|19\/100\n|-damage|p2a: Landorus|50\/100|[from] ability: Rough Skin|[of] p1a: Garchomp\n|-damage|p2a: Landorus|34\/100|[from] item: Rocky Helmet|[of] p1a: Garchomp\n|inactive|Goootzinho has 150 seconds left.\n|\n|t:|1632600977\n|switch|p2a: Keldeo|Keldeo|100\/100|[from]move: U-turn\n|-damage|p2a: Keldeo|94\/100|[from] Stealth Rock\n|\n|upkeep\n|turn|13\n|\n|t:|1632600982\n|move|p2a: Keldeo|Scald|p1a: Garchomp\n|-damage|p1a: Garchomp|0 fnt\n|faint|p1a: Garchomp\n|\n|upkeep\n|\n|t:|1632600984\n|switch|p1a: Kartana|Kartana|100\/100\n|-damage|p1a: Kartana|94\/100|[from] Stealth Rock\n|turn|14\n|\n|t:|1632600993\n|switch|p2a: Mawile|Mawile, M|100\/100\n|-damage|p2a: Mawile|94\/100|[from] Stealth Rock\n|-zpower|p1a: Kartana\n|move|p1a: Kartana|Breakneck Blitz|p2a: Mawile|[zeffect]\n|-resisted|p2a: Mawile\n|-damage|p2a: Mawile|23\/100\n|\n|upkeep\n|turn|15\n|\n|t:|1632601009\n|detailschange|p2a: Mawile|Mawile-Mega, M\n|-mega|p2a: Mawile|Mawile|Mawilite\n|move|p2a: Mawile|Sucker Punch|p1a: Kartana\n|-damage|p1a: Kartana|51\/100\n|move|p1a: Kartana|Leaf Blade|p2a: Mawile\n|-resisted|p2a: Mawile\n|-damage|p2a: Mawile|0 fnt\n|faint|p2a: Mawile\n|-ability|p1a: Kartana|Beast Boost|boost\n|-boost|p1a: Kartana|atk|1\n|\n|upkeep\n|\n|t:|1632601021\n|switch|p2a: Latios|Latios, M|88\/100\n|-damage|p2a: Latios|76\/100|[from] Stealth Rock\n|turn|16\n|\n|t:|1632601033\n|switch|p1a: Magearna|Magearna|88\/100\n|-damage|p1a: Magearna|81\/100|[from] Stealth Rock\n|move|p2a: Latios|Psychic|p1a: Magearna\n|-resisted|p1a: Magearna\n|-damage|p1a: Magearna|72\/100\n|\n|upkeep\n|turn|17\n|inactive|Goootzinho has 150 seconds left.\n|\n|t:|1632601059\n|switch|p2a: Landorus|Landorus-Therian, M|34\/100\n|-damage|p2a: Landorus|22\/100|[from] Stealth Rock\n|-ability|p2a: Landorus|Intimidate|boost\n|-unboost|p1a: Magearna|atk|1\n|move|p1a: Magearna|Ice Beam|p2a: Landorus\n|-supereffective|p2a: Landorus\n|-damage|p2a: Landorus|0 fnt\n|faint|p2a: Landorus\n|-ability|p1a: Magearna|Soul-Heart|boost\n|-boost|p1a: Magearna|spa|1\n|\n|upkeep\n|\n|t:|1632601063\n|switch|p2a: Keldeo|Keldeo|94\/100\n|-damage|p2a: Keldeo|88\/100|[from] Stealth Rock\n|turn|18\n|\n|t:|1632601071\n|-zpower|p2a: Keldeo\n|move|p2a: Keldeo|Hydro Vortex|p1a: Magearna|[zeffect]\n|-damage|p1a: Magearna|31\/100\n|move|p1a: Magearna|Volt Switch|p2a: Keldeo\n|-supereffective|p2a: Keldeo\n|-damage|p2a: Keldeo|14\/100\n|\n|t:|1632601075\n|switch|p1a: Greninja|Greninja, M|88\/100|[from]move: Volt Switch\n|-damage|p1a: Greninja|76\/100|[from] Stealth Rock\n|\n|upkeep\n|turn|19\n|\n|t:|1632601088\n|switch|p2a: Magearna|Magearna|69\/100\n|-damage|p2a: Magearna|63\/100|[from] Stealth Rock\n|move|p1a: Greninja|Surf|p2a: Magearna\n|-damage|p2a: Magearna|39\/100\n|\n|upkeep\n|turn|20\n|\n|t:|1632601098\n|switch|p1a: Kartana|Kartana|51\/100\n|-damage|p1a: Kartana|45\/100|[from] Stealth Rock\n|move|p2a: Magearna|Volt Switch|p1a: Kartana\n|-resisted|p1a: Kartana\n|-damage|p1a: Kartana|14\/100\n|\n|t:|1632601102\n|switch|p2a: Latios|Latios, M|76\/100|[from]move: Volt Switch\n|-damage|p2a: Latios|64\/100|[from] Stealth Rock\n|\n|upkeep\n|turn|21\n|\n|t:|1632601109\n|move|p2a: Latios|Draco Meteor|p1a: Kartana\n|-resisted|p1a: Kartana\n|-crit|p1a: Kartana\n|-damage|p1a: Kartana|0 fnt\n|-unboost|p2a: Latios|spa|2\n|faint|p1a: Kartana\n|\n|upkeep\n|inactive|satanic beast has 270 seconds left.\n|\n|t:|1632601158\n|switch|p1a: Greninja|Greninja, M|76\/100\n|-damage|p1a: Greninja|64\/100|[from] Stealth Rock\n|turn|22\n|\n|t:|1632601162\n|move|p2a: Latios|Draco Meteor|p1a: Greninja\n|-damage|p1a: Greninja|9\/100\n|-unboost|p2a: Latios|spa|2\n|move|p1a: Greninja|Dark Pulse|p2a: Latios\n|-supereffective|p2a: Latios\n|-crit|p2a: Latios\n|-damage|p2a: Latios|0 fnt\n|faint|p2a: Latios\n|-activate|p1a: Greninja|ability: Battle Bond\n|detailschange|p1a: Greninja|Greninja-Ash, M\n|\n|upkeep\n|\n|t:|1632601168\n|switch|p2a: Magearna|Magearna|39\/100\n|-damage|p2a: Magearna|33\/100|[from] Stealth Rock\n|turn|23\n|\n|t:|1632601171\n|move|p1a: Greninja|Dark Pulse|p2a: Magearna\n|-resisted|p2a: Magearna\n|-damage|p2a: Magearna|20\/100\n|move|p2a: Magearna|Volt Switch|p1a: Greninja\n|-supereffective|p1a: Greninja\n|-damage|p1a: Greninja|0 fnt\n|faint|p1a: Greninja\n|-ability|p2a: Magearna|Soul-Heart|boost\n|-boost|p2a: Magearna|spa|1\n|\n|t:|1632601179\n|switch|p2a: Keldeo|Keldeo|14\/100|[from]move: Volt Switch\n|-damage|p2a: Keldeo|8\/100|[from] Stealth Rock\n|\n|upkeep\n|\n|t:|1632601184\n|switch|p1a: Medicham|Medicham-Mega, M|88\/100\n|-damage|p1a: Medicham|82\/100|[from] Stealth Rock\n|turn|24\n|inactive|Goootzinho has 210 seconds left.\n|\n|t:|1632601193\n|move|p1a: Medicham|Fake Out|p2a: Keldeo\n|-damage|p2a: Keldeo|0 fnt\n|faint|p2a: Keldeo\n|\n|upkeep\n|\n|t:|1632601195\n|switch|p2a: Magearna|Magearna|20\/100\n|-damage|p2a: Magearna|14\/100|[from] Stealth Rock\n|turn|25\n|\n|t:|1632601197\n|move|p1a: Medicham|Ice Punch|p2a: Magearna\n|-resisted|p2a: Magearna\n|-damage|p2a: Magearna|0 fnt\n|faint|p2a: Magearna\n|\n|win|satanic beast\n|c|\u2606satanic beast|gg\n","uploadtime":1632601198,"views":39,"p1id":"satanicbeast","p2id":"goootzinho","formatid":"gen7ou","rating":0,"private":0,"password":null}