{"id":"smogtours-gen8ubers-655337","p1":"Raph369","p2":"STEElskiTTy","format":"gen8ubers","log":"|inactive|Battle timer is ON: inactive players will automatically lose when time's up.\n|t:|1665934566\n|gametype|singles\n|player|p1|Raph369|archer|\n|player|p2|STEElskiTTy|#steelskitty|\n|teamsize|p1|6\n|teamsize|p2|6\n|gen|8\n|tier|[Gen 8] Ubers\n|rule|Sleep Clause Mod: Limit one foe put to sleep\n|rule|Species Clause: Limit one of each Pok\u00e9mon\n|rule|OHKO Clause: OHKO moves are banned\n|rule|Evasion Items Clause: Evasion items are banned\n|rule|Evasion Moves Clause: Evasion moves are banned\n|rule|Endless Battle Clause: Forcing endless battles is banned\n|rule|HP Percentage Mod: HP is shown in percentages\n|rule|Dynamax Clause: You cannot dynamax\n|clearpoke\n|poke|p1|Necrozma-Dusk-Mane|\n|poke|p1|Eternatus|\n|poke|p1|Calyrex-Shadow|\n|poke|p1|Yveltal|\n|poke|p1|Darmanitan-Galar, F|\n|poke|p1|Groudon|\n|poke|p2|Ferrothorn, F|\n|poke|p2|Eternatus|\n|poke|p2|Yveltal|\n|poke|p2|Necrozma-Dusk-Mane|\n|poke|p2|Calyrex-Shadow|\n|poke|p2|Xerneas-*|\n|teampreview\n|c|\u2606STEElskiTTy|gl hf\n|c|\u2606Raph369|hf\n|inactive|Raph369 has 270 seconds left.\n|inactive|STEElskiTTy has 270 seconds left.\n|\n|t:|1665934602\n|start\n|switch|p1a: Yveltal|Yveltal|100\/100\n|switch|p2a: Necrozma|Necrozma-Dusk-Mane|100\/100\n|-ability|p1a: Yveltal|Dark Aura\n|turn|1\n|inactive|STEElskiTTy has 270 seconds left.\n|\n|t:|1665934644\n|switch|p1a: Groudon|Groudon|100\/100\n|-weather|SunnyDay|[from] ability: Drought|[of] p1a: Groudon\n|switch|p2a: Yveltal|Yveltal|100\/100\n|-ability|p2a: Yveltal|Dark Aura\n|\n|-weather|SunnyDay|[upkeep]\n|upkeep\n|turn|2\n|\n|t:|1665934651\n|move|p2a: Yveltal|Knock Off|p1a: Groudon\n|-damage|p1a: Groudon|67\/100\n|-enditem|p1a: Groudon|Leftovers|[from] move: Knock Off|[of] p2a: Yveltal\n|move|p1a: Groudon|Stone Edge|p2a: Yveltal\n|-supereffective|p2a: Yveltal\n|-damage|p2a: Yveltal|41\/100\n|\n|-weather|SunnyDay|[upkeep]\n|upkeep\n|turn|3\n|inactive|STEElskiTTy has 270 seconds left.\n|\n|t:|1665934658\n|move|p2a: Yveltal|Roost|p2a: Yveltal\n|-heal|p2a: Yveltal|91\/100\n|-singleturn|p2a: Yveltal|move: Roost\n|move|p1a: Groudon|Bulk Up|p1a: Groudon\n|-boost|p1a: Groudon|atk|1\n|-boost|p1a: Groudon|def|1\n|\n|-weather|SunnyDay|[upkeep]\n|upkeep\n|turn|4\n|\n|t:|1665934665\n|move|p2a: Yveltal|U-turn|p1a: Groudon\n|-damage|p1a: Groudon|57\/100\n|\n|t:|1665934669\n|switch|p2a: Calyrex|Calyrex-Shadow|100\/100|[from]move: U-turn\n|-ability|p2a: Calyrex|As One\n|-ability|p2a: Calyrex|Unnerve\n|move|p1a: Groudon|Stone Edge|p2a: Calyrex\n|-damage|p2a: Calyrex|31\/100\n|\n|-weather|SunnyDay|[upkeep]\n|upkeep\n|turn|5\n|\n|t:|1665934673\n|switch|p1a: Yveltal|Yveltal|100\/100\n|-ability|p1a: Yveltal|Dark Aura\n|move|p2a: Calyrex|Trick|p1a: Yveltal\n|-activate|p2a: Calyrex|move: Trick|[of] p1a: Yveltal\n|-item|p1a: Yveltal|Choice Specs|[from] move: Trick\n|-item|p2a: Calyrex|Heavy-Duty Boots|[from] move: Trick\n|\n|-weather|none\n|upkeep\n|turn|6\n|\n|t:|1665934680\n|switch|p2a: Yveltal|Yveltal|91\/100\n|-ability|p2a: Yveltal|Dark Aura\n|switch|p1a: Darmanitan|Darmanitan-Galar, F|100\/100\n|\n|upkeep\n|turn|7\n|\n|t:|1665934694\n|switch|p2a: Ferrothorn|Ferrothorn, F|100\/100\n|move|p1a: Darmanitan|U-turn|p2a: Ferrothorn\n|-damage|p2a: Ferrothorn|72\/100\n|-damage|p1a: Darmanitan|88\/100|[from] ability: Iron Barbs|[of] p2a: Ferrothorn\n|\n|t:|1665934700\n|switch|p1a: Eternatus|Eternatus|100\/100|[from]move: U-turn\n|-ability|p1a: Eternatus|Pressure\n|\n|-heal|p2a: Ferrothorn|78\/100|[from] item: Leftovers\n|upkeep\n|turn|8\n|\n|t:|1665934709\n|switch|p1a: Calyrex|Calyrex-Shadow|100\/100\n|-ability|p1a: Calyrex|As One\n|-ability|p1a: Calyrex|Unnerve\n|switch|p2a: Necrozma|Necrozma-Dusk-Mane|100\/100\n|\n|upkeep\n|turn|9\n|\n|t:|1665934713\n|switch|p2a: Yveltal|Yveltal|91\/100\n|-ability|p2a: Yveltal|Dark Aura\n|move|p1a: Calyrex|Astral Barrage|p2a: Yveltal\n|-resisted|p2a: Yveltal\n|-damage|p2a: Yveltal|57\/100\n|\n|upkeep\n|turn|10\n|\n|t:|1665934718\n|switch|p1a: Darmanitan|Darmanitan-Galar, F|88\/100\n|move|p2a: Yveltal|Roost|p2a: Yveltal\n|-heal|p2a: Yveltal|100\/100\n|-singleturn|p2a: Yveltal|move: Roost\n|\n|upkeep\n|turn|11\n|\n|t:|1665934722\n|move|p2a: Yveltal|Sucker Punch||[still]\n|-fail|p2a: Yveltal\n|move|p1a: Darmanitan|Belly Drum|p1a: Darmanitan\n|-damage|p1a: Darmanitan|38\/100\n|-setboost|p1a: Darmanitan|atk|6|[from] move: Belly Drum\n|\n|-formechange|p1a: Darmanitan|Darmanitan-Galar-Zen|\n|upkeep\n|turn|12\n|c|\u2606STEElskiTTy|well fuck\n|\n|t:|1665934748\n|move|p2a: Yveltal|Sucker Punch||[still]\n|-fail|p2a: Yveltal\n|move|p1a: Darmanitan|Belly Drum||[still]\n|-fail|p1a: Darmanitan\n|\n|upkeep\n|turn|13\n|\n|t:|1665934763\n|move|p1a: Darmanitan|Belly Drum||[still]\n|-fail|p1a: Darmanitan\n|move|p2a: Yveltal|Knock Off|p1a: Darmanitan\n|-damage|p1a: Darmanitan|0 fnt\n|-enditem|p1a: Darmanitan|Silver Powder|[from] move: Knock Off|[of] p2a: Yveltal\n|faint|p1a: Darmanitan\n|\n|upkeep\n|\n|t:|1665934773\n|switch|p1a: Eternatus|Eternatus|100\/100\n|-ability|p1a: Eternatus|Pressure\n|turn|14\n|c|\u2606STEElskiTTy|!dt silver powder\n|raw|<ul class=\"utilichart\"><li class=\"result\"><span class=\"col itemiconcol\"><psicon item=\"silverpowder\"><\/span> <span class=\"col namecol\"><a href=\"https:\/\/dex.pokemonshowdown.com\/items\/silverpowder\">Silver Powder<\/a><\/span> <span class=\"col itemdesccol\">Holder's Bug-type attacks have 1.2x power.<\/span> <\/li><li style=\"clear:both\"><\/li><\/ul>\n|raw|<font size=\"1\"><font color=\"#686868\">Gen:<\/font> 2&nbsp;|&ThickSpace;<font color=\"#686868\">Fling Base Power:<\/font> 10<\/font>\n\n|c|\u2606Raph369|!showset darmanitan\n|c|+Raph369|\/raw <div class=\"infobox\">Darmanitan (Darmanitan-Galar) @ Silver Powder  <br \/>Ability: Zen Mode  <br \/>EVs: 4 HP &#x2f; 252 Atk &#x2f; 252 Spe  <br \/>Adamant Nature  <br \/>- Icicle Crash  <br \/>- Earthquake  <br \/>- U-turn  <br \/>- Belly Drum  <br \/><br \/><\/div>\n|c|\u2606STEElskiTTy|hahaha\n|c|\u2606STEElskiTTy|i love this\n|inactive|Raph369 has 270 seconds left.\n|c|\u2606STEElskiTTy|that's really clever\n|c|\u2606Raph369|thanks\n|\n|t:|1665934810\n|switch|p2a: Necrozma|Necrozma-Dusk-Mane|100\/100\n|move|p1a: Eternatus|Toxic|p2a: Necrozma\n|-immune|p2a: Necrozma\n|\n|upkeep\n|turn|15\n|\n|t:|1665934815\n|switch|p1a: Groudon|Groudon|57\/100\n|-weather|SunnyDay|[from] ability: Drought|[of] p1a: Groudon\n|move|p2a: Necrozma|Stealth Rock|p1a: Groudon\n|-sidestart|p1: Raph369|move: Stealth Rock\n|\n|-weather|SunnyDay|[upkeep]\n|upkeep\n|turn|16\n|inactive|Raph369 has 270 seconds left.\n|\n|t:|1665934827\n|switch|p2a: Xerneas|Xerneas|100\/100\n|-ability|p2a: Xerneas|Fairy Aura\n|move|p1a: Groudon|Earthquake|p2a: Xerneas\n|-damage|p2a: Xerneas|62\/100\n|\n|-weather|SunnyDay|[upkeep]\n|upkeep\n|turn|17\n|\n|t:|1665934842\n|switch|p2a: Ferrothorn|Ferrothorn, F|78\/100\n|switch|p1a: Necrozma|Necrozma-Dusk-Mane|100\/100\n|-damage|p1a: Necrozma|94\/100|[from] Stealth Rock\n|\n|-weather|SunnyDay|[upkeep]\n|-heal|p1a: Necrozma|100\/100|[from] item: Leftovers\n|-heal|p2a: Ferrothorn|85\/100|[from] item: Leftovers\n|upkeep\n|turn|18\n|\n|t:|1665934850\n|switch|p1a: Eternatus|Eternatus|100\/100\n|-damage|p1a: Eternatus|88\/100|[from] Stealth Rock\n|-ability|p1a: Eternatus|Pressure\n|move|p2a: Ferrothorn|Spikes|p1a: Eternatus\n|-sidestart|p1: Raph369|Spikes\n|\n|-weather|SunnyDay|[upkeep]\n|-heal|p2a: Ferrothorn|91\/100|[from] item: Leftovers\n|upkeep\n|turn|19\n|\n|t:|1665934858\n|switch|p1a: Yveltal|Yveltal|100\/100\n|-damage|p1a: Yveltal|76\/100|[from] Stealth Rock\n|-ability|p1a: Yveltal|Dark Aura\n|switch|p2a: Necrozma|Necrozma-Dusk-Mane|100\/100\n|\n|-weather|none\n|upkeep\n|turn|20\n|\n|t:|1665934866\n|move|p1a: Yveltal|Defog|p2a: Necrozma\n|-unboost|p2a: Necrozma|evasion|1\n|-sideend|p1: Raph369|Spikes|[from] move: Defog|[of] p1a: Yveltal\n|-sideend|p1: Raph369|Stealth Rock|[from] move: Defog|[of] p1a: Yveltal\n|move|p2a: Necrozma|Thunder Wave|p1a: Yveltal\n|-status|p1a: Yveltal|par\n|\n|upkeep\n|turn|21\n|\n|t:|1665934872\n|switch|p2a: Calyrex|Calyrex-Shadow|31\/100\n|-ability|p2a: Calyrex|As One\n|-ability|p2a: Calyrex|Unnerve\n|switch|p1a: Calyrex|Calyrex-Shadow|100\/100\n|-ability|p1a: Calyrex|As One\n|-ability|p1a: Calyrex|Unnerve\n|\n|upkeep\n|turn|22\n|\n|t:|1665934879\n|switch|p2a: Yveltal|Yveltal|100\/100\n|-ability|p2a: Yveltal|Dark Aura\n|move|p1a: Calyrex|Trick|p2a: Yveltal\n|-activate|p1a: Calyrex|move: Trick|[of] p2a: Yveltal\n|-item|p2a: Yveltal|Choice Specs|[from] move: Trick\n|-item|p1a: Calyrex|Heavy-Duty Boots|[from] move: Trick\n|\n|upkeep\n|turn|23\n|c|\u2606Raph369|caly moment\n|\n|t:|1665934890\n|move|p1a: Calyrex|Nasty Plot|p1a: Calyrex\n|-boost|p1a: Calyrex|spa|2\n|move|p2a: Yveltal|U-turn|p1a: Calyrex\n|-damage|p1a: Calyrex|77\/100\n|\n|t:|1665934895\n|switch|p2a: Calyrex|Calyrex-Shadow|31\/100|[from]move: U-turn\n|-ability|p2a: Calyrex|As One\n|-ability|p2a: Calyrex|Unnerve\n|\n|upkeep\n|turn|24\n|\n|t:|1665934903\n|move|p1a: Calyrex|Astral Barrage|p2a: Calyrex\n|-supereffective|p2a: Calyrex\n|-damage|p2a: Calyrex|0 fnt\n|faint|p2a: Calyrex\n|-ability|p1a: Calyrex|Grim Neigh|boost\n|-boost|p1a: Calyrex|spa|1\n|\n|upkeep\n|\n|t:|1665934906\n|switch|p2a: Yveltal|Yveltal|100\/100\n|-ability|p2a: Yveltal|Dark Aura\n|turn|25\n|\n|t:|1665934914\n|switch|p1a: Eternatus|Eternatus|88\/100\n|-ability|p1a: Eternatus|Pressure\n|move|p2a: Yveltal|Knock Off|p1a: Eternatus\n|-damage|p1a: Eternatus|45\/100\n|-enditem|p1a: Eternatus|Shuca Berry|[from] move: Knock Off|[of] p2a: Yveltal\n|\n|upkeep\n|turn|26\n|\n|t:|1665934918\n|switch|p2a: Necrozma|Necrozma-Dusk-Mane|100\/100\n|move|p1a: Eternatus|Recover|p1a: Eternatus\n|-heal|p1a: Eternatus|95\/100\n|\n|upkeep\n|turn|27\n|\n|t:|1665934922\n|switch|p1a: Necrozma|Necrozma-Dusk-Mane|100\/100\n|move|p2a: Necrozma|Stealth Rock|p1a: Necrozma\n|-sidestart|p1: Raph369|move: Stealth Rock\n|\n|upkeep\n|turn|28\n|\n|t:|1665934925\n|switch|p2a: Ferrothorn|Ferrothorn, F|91\/100\n|move|p1a: Necrozma|Stealth Rock|p2a: Ferrothorn\n|-sidestart|p2: STEElskiTTy|move: Stealth Rock\n|\n|-heal|p2a: Ferrothorn|97\/100|[from] item: Leftovers\n|upkeep\n|turn|29\n|\n|t:|1665934931\n|switch|p1a: Eternatus|Eternatus|95\/100\n|-damage|p1a: Eternatus|82\/100|[from] Stealth Rock\n|-ability|p1a: Eternatus|Pressure\n|move|p2a: Ferrothorn|Leech Seed|p1a: Eternatus\n|-start|p1a: Eternatus|move: Leech Seed\n|\n|-heal|p2a: Ferrothorn|100\/100|[from] item: Leftovers\n|-damage|p1a: Eternatus|70\/100|[from] Leech Seed|[of] p2a: Ferrothorn\n|upkeep\n|turn|30\n|\n|t:|1665934939\n|move|p1a: Eternatus|Flamethrower|p2a: Ferrothorn\n|-supereffective|p2a: Ferrothorn\n|-damage|p2a: Ferrothorn|24\/100\n|move|p2a: Ferrothorn|Knock Off|p1a: Eternatus\n|-damage|p1a: Eternatus|60\/100\n|\n|-heal|p2a: Ferrothorn|31\/100|[from] item: Leftovers\n|-damage|p1a: Eternatus|47\/100|[from] Leech Seed|[of] p2a: Ferrothorn\n|-heal|p2a: Ferrothorn|46\/100|[silent]\n|upkeep\n|turn|31\n|\n|t:|1665934945\n|switch|p1a: Calyrex|Calyrex-Shadow|77\/100\n|-ability|p1a: Calyrex|As One\n|-ability|p1a: Calyrex|Unnerve\n|move|p2a: Ferrothorn|Spikes|p1a: Calyrex\n|-sidestart|p1: Raph369|Spikes\n|\n|-heal|p2a: Ferrothorn|52\/100|[from] item: Leftovers\n|upkeep\n|turn|32\n|\n|t:|1665934950\n|switch|p1a: Eternatus|Eternatus|47\/100\n|-damage|p1a: Eternatus|35\/100|[from] Stealth Rock\n|-damage|p1a: Eternatus|22\/100|[from] Spikes\n|-ability|p1a: Eternatus|Pressure\n|switch|p2a: Yveltal|Yveltal|100\/100\n|-damage|p2a: Yveltal|76\/100|[from] Stealth Rock\n|-ability|p2a: Yveltal|Dark Aura\n|\n|upkeep\n|turn|33\n|\n|t:|1665934954\n|move|p1a: Eternatus|Recover|p1a: Eternatus\n|-heal|p1a: Eternatus|72\/100\n|move|p2a: Yveltal|U-turn|p1a: Eternatus\n|-resisted|p1a: Eternatus\n|-damage|p1a: Eternatus|64\/100\n|\n|t:|1665934967\n|switch|p2a: Necrozma|Necrozma-Dusk-Mane|100\/100|[from]move: U-turn\n|-damage|p2a: Necrozma|94\/100|[from] Stealth Rock\n|\n|upkeep\n|turn|34\n|\n|t:|1665934976\n|switch|p1a: Necrozma|Necrozma-Dusk-Mane|100\/100\n|-damage|p1a: Necrozma|94\/100|[from] Stealth Rock\n|-damage|p1a: Necrozma|82\/100|[from] Spikes\n|switch|p2a: Eternatus|Eternatus|100\/100\n|-damage|p2a: Eternatus|88\/100|[from] Stealth Rock\n|-ability|p2a: Eternatus|Pressure\n|\n|-heal|p1a: Necrozma|88\/100|[from] item: Leftovers\n|upkeep\n|turn|35\n|\n|t:|1665934988\n|switch|p2a: Ferrothorn|Ferrothorn, F|52\/100\n|-damage|p2a: Ferrothorn|46\/100|[from] Stealth Rock\n|move|p1a: Necrozma|Thunder Wave|p2a: Ferrothorn\n|-status|p2a: Ferrothorn|par\n|\n|-heal|p1a: Necrozma|94\/100|[from] item: Leftovers\n|-heal|p2a: Ferrothorn|52\/100 par|[from] item: Leftovers\n|upkeep\n|turn|36\n|\n|t:|1665934997\n|switch|p1a: Eternatus|Eternatus|64\/100\n|-damage|p1a: Eternatus|52\/100|[from] Stealth Rock\n|-damage|p1a: Eternatus|39\/100|[from] Spikes\n|-ability|p1a: Eternatus|Pressure\n|cant|p2a: Ferrothorn|par\n|\n|-heal|p2a: Ferrothorn|59\/100 par|[from] item: Leftovers\n|upkeep\n|turn|37\n|\n|t:|1665935002\n|move|p1a: Eternatus|Flamethrower|p2a: Ferrothorn\n|-supereffective|p2a: Ferrothorn\n|-damage|p2a: Ferrothorn|0 fnt\n|faint|p2a: Ferrothorn\n|\n|upkeep\n|inactive|STEElskiTTy has 270 seconds left.\n|\n|t:|1665935038\n|switch|p2a: Necrozma|Necrozma-Dusk-Mane|94\/100\n|-damage|p2a: Necrozma|88\/100|[from] Stealth Rock\n|turn|38\n|inactive|STEElskiTTy has 270 seconds left.\n|\n|t:|1665935047\n|switch|p1a: Groudon|Groudon|57\/100\n|-damage|p1a: Groudon|51\/100|[from] Stealth Rock\n|-damage|p1a: Groudon|39\/100|[from] Spikes\n|-weather|SunnyDay|[from] ability: Drought|[of] p1a: Groudon\n|move|p2a: Necrozma|Thunder Wave|p1a: Groudon\n|-immune|p1a: Groudon\n|\n|-weather|SunnyDay|[upkeep]\n|upkeep\n|turn|39\n|inactive|STEElskiTTy has 270 seconds left.\n|\n|t:|1665935065\n|switch|p2a: Xerneas|Xerneas|62\/100\n|-damage|p2a: Xerneas|50\/100|[from] Stealth Rock\n|-ability|p2a: Xerneas|Fairy Aura\n|move|p1a: Groudon|Stone Edge|p2a: Xerneas\n|-damage|p2a: Xerneas|26\/100\n|\n|-weather|SunnyDay|[upkeep]\n|upkeep\n|turn|40\n|\n|t:|1665935072\n|switch|p1a: Necrozma|Necrozma-Dusk-Mane|94\/100\n|-damage|p1a: Necrozma|88\/100|[from] Stealth Rock\n|-damage|p1a: Necrozma|76\/100|[from] Spikes\n|move|p2a: Xerneas|Rest|p2a: Xerneas\n|-status|p2a: Xerneas|slp|[from] move: Rest\n|-heal|p2a: Xerneas|100\/100 slp|[silent]\n|\n|-weather|SunnyDay|[upkeep]\n|-heal|p1a: Necrozma|82\/100|[from] item: Leftovers\n|upkeep\n|turn|41\n|\n|t:|1665935081\n|cant|p2a: Xerneas|slp\n|move|p2a: Xerneas|Sleep Talk|p2a: Xerneas\n|move|p2a: Xerneas|Moonblast|p1a: Necrozma|[from]move: Sleep Talk\n|-resisted|p1a: Necrozma\n|-crit|p1a: Necrozma\n|-damage|p1a: Necrozma|55\/100\n|move|p1a: Necrozma|Sunsteel Strike|p2a: Xerneas\n|-supereffective|p2a: Xerneas\n|-damage|p2a: Xerneas|42\/100 slp\n|\n|-weather|SunnyDay|[upkeep]\n|-heal|p1a: Necrozma|61\/100|[from] item: Leftovers\n|upkeep\n|turn|42\n|\n|t:|1665935086\n|switch|p1a: Calyrex|Calyrex-Shadow|77\/100\n|-ability|p1a: Calyrex|As One\n|-ability|p1a: Calyrex|Unnerve\n|cant|p2a: Xerneas|slp\n|move|p2a: Xerneas|Sleep Talk|p2a: Xerneas\n|move|p2a: Xerneas|Moonblast|p1a: Calyrex|[from]move: Sleep Talk\n|-crit|p1a: Calyrex\n|-damage|p1a: Calyrex|1\/100\n|-unboost|p1a: Calyrex|spa|1\n|\n|-weather|none\n|upkeep\n|turn|43\n|c|\u2606Raph369|uch\n|inactive|STEElskiTTy has 270 seconds left.\n|\n|t:|1665935148\n|switch|p1a: Eternatus|Eternatus|39\/100\n|-damage|p1a: Eternatus|27\/100|[from] Stealth Rock\n|-damage|p1a: Eternatus|14\/100|[from] Spikes\n|-ability|p1a: Eternatus|Pressure\n|-curestatus|p2a: Xerneas|slp|[msg]\n|move|p2a: Xerneas|Geomancy||[still]\n|-prepare|p2a: Xerneas|Geomancy\n|-enditem|p2a: Xerneas|Power Herb\n|-anim|p2a: Xerneas|Geomancy|p2a: Xerneas\n|-boost|p2a: Xerneas|spa|2\n|-boost|p2a: Xerneas|spd|2\n|-boost|p2a: Xerneas|spe|2\n|\n|upkeep\n|turn|44\n|\n|t:|1665935153\n|move|p2a: Xerneas|Moonblast|p1a: Eternatus\n|-damage|p1a: Eternatus|0 fnt\n|faint|p1a: Eternatus\n|\n|upkeep\n|\n|t:|1665935155\n|switch|p1a: Necrozma|Necrozma-Dusk-Mane|61\/100\n|-damage|p1a: Necrozma|55\/100|[from] Stealth Rock\n|-damage|p1a: Necrozma|43\/100|[from] Spikes\n|turn|45\n|\n|t:|1665935158\n|move|p2a: Xerneas|Moonblast|p1a: Necrozma\n|-resisted|p1a: Necrozma\n|-damage|p1a: Necrozma|8\/100\n|move|p1a: Necrozma|Sunsteel Strike|p2a: Xerneas\n|-supereffective|p2a: Xerneas\n|-damage|p2a: Xerneas|0 fnt\n|faint|p2a: Xerneas\n|\n|-heal|p1a: Necrozma|14\/100|[from] item: Leftovers\n|upkeep\n|inactive|STEElskiTTy has 270 seconds left.\n|\n|t:|1665935170\n|switch|p2a: Eternatus|Eternatus|88\/100\n|-damage|p2a: Eternatus|76\/100|[from] Stealth Rock\n|-ability|p2a: Eternatus|Pressure\n|turn|46\n|\n|t:|1665935183\n|move|p2a: Eternatus|Flamethrower|p1a: Necrozma\n|-supereffective|p1a: Necrozma\n|-damage|p1a: Necrozma|0 fnt\n|faint|p1a: Necrozma\n|\n|upkeep\n|\n|t:|1665935186\n|switch|p1a: Calyrex|Calyrex-Shadow|1\/100\n|-ability|p1a: Calyrex|As One\n|-ability|p1a: Calyrex|Unnerve\n|turn|47\n|\n|t:|1665935221\n|switch|p2a: Yveltal|Yveltal|76\/100\n|-damage|p2a: Yveltal|51\/100|[from] Stealth Rock\n|-ability|p2a: Yveltal|Dark Aura\n|move|p1a: Calyrex|Psyshock|p2a: Yveltal\n|-immune|p2a: Yveltal\n|\n|upkeep\n|turn|48\n|inactive|Raph369 has 270 seconds left.\n|inactive|STEElskiTTy has 270 seconds left.\n|\n|t:|1665935245\n|switch|p1a: Yveltal|Yveltal|76\/100 par\n|-damage|p1a: Yveltal|51\/100 par|[from] Stealth Rock\n|-ability|p1a: Yveltal|Dark Aura\n|move|p2a: Yveltal|Roost|p2a: Yveltal\n|-heal|p2a: Yveltal|100\/100\n|-singleturn|p2a: Yveltal|move: Roost\n|\n|upkeep\n|turn|49\n|inactive|Raph369 has 270 seconds left.\n|\n|t:|1665935257\n|switch|p2a: Necrozma|Necrozma-Dusk-Mane|88\/100\n|-damage|p2a: Necrozma|82\/100|[from] Stealth Rock\n|switch|p1a: Groudon|Groudon|39\/100\n|-damage|p1a: Groudon|33\/100|[from] Stealth Rock\n|-damage|p1a: Groudon|20\/100|[from] Spikes\n|-weather|SunnyDay|[from] ability: Drought|[of] p1a: Groudon\n|\n|-weather|SunnyDay|[upkeep]\n|upkeep\n|turn|50\n|inactive|Raph369 has 270 seconds left.\n|\n|t:|1665935290\n|move|p1a: Groudon|Earthquake|p2a: Necrozma\n|-supereffective|p2a: Necrozma\n|-damage|p2a: Necrozma|13\/100\n|move|p2a: Necrozma|Iron Head|p1a: Groudon\n|-damage|p1a: Groudon|0 fnt\n|faint|p1a: Groudon\n|\n|-weather|SunnyDay|[upkeep]\n|upkeep\n|\n|t:|1665935297\n|switch|p1a: Calyrex|Calyrex-Shadow|1\/100\n|-ability|p1a: Calyrex|As One\n|-ability|p1a: Calyrex|Unnerve\n|turn|51\n|\n|t:|1665935302\n|move|p1a: Calyrex|Astral Barrage|p2a: Necrozma\n|-supereffective|p2a: Necrozma\n|-damage|p2a: Necrozma|0 fnt\n|faint|p2a: Necrozma\n|-ability|p1a: Calyrex|Grim Neigh|boost\n|-boost|p1a: Calyrex|spa|1\n|\n|-weather|SunnyDay|[upkeep]\n|upkeep\n|\n|t:|1665935304\n|switch|p2a: Yveltal|Yveltal|100\/100\n|-damage|p2a: Yveltal|76\/100|[from] Stealth Rock\n|-ability|p2a: Yveltal|Dark Aura\n|turn|52\n|inactive|Raph369 has 270 seconds left.\n|\n|t:|1665935309\n|switch|p1a: Yveltal|Yveltal|51\/100 par\n|-damage|p1a: Yveltal|26\/100 par|[from] Stealth Rock\n|-ability|p1a: Yveltal|Dark Aura\n|move|p2a: Yveltal|Knock Off|p1a: Yveltal\n|-resisted|p1a: Yveltal\n|-damage|p1a: Yveltal|0 fnt\n|-enditem|p1a: Yveltal|Choice Specs|[from] move: Knock Off|[of] p2a: Yveltal\n|faint|p1a: Yveltal\n|\n|-weather|SunnyDay|[upkeep]\n|upkeep\n|\n|t:|1665935312\n|switch|p1a: Calyrex|Calyrex-Shadow|1\/100\n|-ability|p1a: Calyrex|As One\n|-ability|p1a: Calyrex|Unnerve\n|turn|53\n|\n|t:|1665935315\n|move|p1a: Calyrex|Astral Barrage|p2a: Yveltal\n|-resisted|p2a: Yveltal\n|-damage|p2a: Yveltal|50\/100\n|move|p2a: Yveltal|Knock Off|p1a: Calyrex\n|-supereffective|p1a: Calyrex\n|-damage|p1a: Calyrex|0 fnt\n|-enditem|p1a: Calyrex|Heavy-Duty Boots|[from] move: Knock Off|[of] p2a: Yveltal\n|faint|p1a: Calyrex\n|\n|win|STEElskiTTy\n|c|\u2606Raph369|gg\n|c|\u2606STEElskiTTy|GG wp\n","uploadtime":1665935317,"views":48,"p1id":"raph369","p2id":"steelskitty","formatid":"gen8ubers","rating":0,"private":0,"password":null}