{"id":"smogtours-gen5pu-601850","p1":"tolstoy","p2":"Raichy","format":"gen5pu","log":"|inactive|Battle timer is ON: inactive players will automatically lose when time's up.\n|t:|1641764831\n|gametype|singles\n|player|p1|tolstoy|170|\n|player|p2|Raichy|#splxiiicryonicles|\n|teamsize|p1|6\n|teamsize|p2|6\n|gen|5\n|tier|[Gen 5] PU\n|rule|Species Clause: Limit one of each Pok\u00e9mon\n|rule|OHKO Clause: OHKO moves are banned\n|rule|Moody Clause: Moody is banned\n|rule|Evasion Moves Clause: Evasion moves are banned\n|rule|Endless Battle Clause: Forcing endless battles is banned\n|rule|HP Percentage Mod: HP is shown in percentages\n|rule|Evasion Abilities Clause: Evasion abilities are banned\n|rule|Swagger Clause: Swagger is banned\n|rule|Baton Pass Clause: Limit one Baton Passer, can't pass Spe and other stats simultaneously\n|rule|Sleep Clause Mod: Limit one foe put to sleep\n|rule|Sleep Clause: Sleep-inducing moves are banned\n|clearpoke\n|poke|p1|Dragonair, M|item\n|poke|p1|Cottonee, F|item\n|poke|p1|Pineco, M|item\n|poke|p1|Shelgon, M|item\n|poke|p1|Simisear, F|item\n|poke|p1|Persian, M|item\n|poke|p2|Raticate, F|item\n|poke|p2|Dragonair, M|item\n|poke|p2|Pineco, M|item\n|poke|p2|Leafeon, M|item\n|poke|p2|Whiscash, F|item\n|poke|p2|Gastly, F|item\n|teampreview\n|c|\u2606Raichy|hf\n|c|\u2606tolstoy|u2\n|\n|t:|1641764847\n|start\n|switch|p1a: Cottonee|Cottonee, F|100\/100\n|switch|p2a: Pineco|Pineco, M|100\/100\n|turn|1\n|\n|t:|1641764856\n|switch|p2a: Raticate|Raticate, F|100\/100\n|move|p1a: Cottonee|Taunt|p2a: Raticate\n|-start|p2a: Raticate|move: Taunt\n|\n|-status|p2a: Raticate|tox|[from] item: Toxic Orb\n|upkeep\n|turn|2\n|\n|t:|1641764863\n|switch|p1a: Pineco|Pineco, M|100\/100\n|move|p2a: Raticate|U-turn|p1a: Pineco\n|-crit|p1a: Pineco\n|-ability|p1a: Pineco|Sturdy\n|-damage|p1a: Pineco|1\/100\n|\n|t:|1641764885\n|switch|p2a: Pineco|Pineco, M|100\/100|[from]move: U-turn\n|\n|upkeep\n|turn|3\n|-enditem|p1a: Pineco|Custap Berry|[eat]\n|-activate|p1a: Pineco|item: Custap Berry|[consumed]\n|\n|t:|1641764901\n|move|p1a: Pineco|Explosion|p2a: Pineco\n|-damage|p2a: Pineco|29\/100\n|faint|p1a: Pineco\n|move|p2a: Pineco|Stealth Rock|p1: Pineco\n|-sidestart|p1: tolstoy|move: Stealth Rock\n|\n|upkeep\n|c|+Feliburn|this is what ferroseed vs ferroseed looks like in LC\n|c|+AcrOne|Pineco>ferroseed\n|inactive|tolstoy has 270 seconds left.\n|\n|t:|1641764925\n|switch|p1a: Simisear|Simisear, F|100\/100\n|-damage|p1a: Simisear|75\/100|[from] Stealth Rock\n|turn|4\n|\n|t:|1641764942\n|move|p1a: Simisear|Nasty Plot|p1a: Simisear\n|-boost|p1a: Simisear|spa|2\n|move|p2a: Pineco|Explosion|p1a: Simisear\n|-damage|p1a: Simisear|9\/100\n|-enditem|p1a: Simisear|Salac Berry|[eat]\n|-boost|p1a: Simisear|spe|1|[from] item: Salac Berry\n|faint|p2a: Pineco\n|\n|upkeep\n|\n|t:|1641764950\n|switch|p2a: Raticate|Raticate, F|100\/100 tox\n|turn|5\n|c|\u2606tolstoy|this is dire\n|\n|t:|1641764958\n|move|p1a: Simisear|Protect|p1a: Simisear\n|-singleturn|p1a: Simisear|Protect\n|move|p2a: Raticate|Sucker Punch||[still]\n|-fail|p2a: Raticate\n|\n|-damage|p2a: Raticate|95\/100 tox|[from] psn\n|upkeep\n|turn|6\n|\n|t:|1641764961\n|switch|p1a: Cottonee|Cottonee, F|100\/100\n|-damage|p1a: Cottonee|88\/100|[from] Stealth Rock\n|move|p2a: Raticate|Sucker Punch||[still]\n|-fail|p2a: Raticate\n|\n|-damage|p2a: Raticate|83\/100 tox|[from] psn\n|upkeep\n|turn|7\n|\n|t:|1641764966\n|move|p1a: Cottonee|Encore|p2a: Raticate\n|-start|p2a: Raticate|Encore\n|move|p2a: Raticate|Sucker Punch||[still]\n|-fail|p2a: Raticate\n|\n|-damage|p2a: Raticate|65\/100 tox|[from] psn\n|upkeep\n|turn|8\n|c|+Nalorium|oye acrone c\u00e1llate un rato\n|\n|t:|1641764972\n|switch|p2a: Dragonair|Dragonair, M|100\/100\n|move|p1a: Cottonee|Stun Spore|p2a: Dragonair\n|-status|p2a: Dragonair|par\n|\n|upkeep\n|turn|9\n|\n|t:|1641764978\n|move|p1a: Cottonee|Taunt|p2a: Dragonair\n|-start|p2a: Dragonair|move: Taunt\n|move|p2a: Dragonair|Draco Meteor|p1a: Cottonee\n|-damage|p1a: Cottonee|0 fnt\n|-unboost|p2a: Dragonair|spa|2\n|faint|p1a: Cottonee\n|-damage|p2a: Dragonair|91\/100 par|[from] item: Life Orb\n|\n|upkeep\n|c|+AcrOne|vamo raichy usa las manos \n|\n|t:|1641764986\n|switch|p1a: Shelgon|Shelgon, M|100\/100\n|-damage|p1a: Shelgon|88\/100|[from] Stealth Rock\n|turn|10\n|c|+AcrOne|asi \n|c|\u2606Raichy|No hay bro\n|\n|t:|1641764993\n|move|p1a: Shelgon|Dragon Dance|p1a: Shelgon\n|-boost|p1a: Shelgon|atk|1\n|-boost|p1a: Shelgon|spe|1\n|move|p2a: Dragonair|Outrage|p1a: Shelgon\n|-supereffective|p1a: Shelgon\n|-damage|p1a: Shelgon|13\/100\n|-damage|p2a: Dragonair|81\/100 par|[from] item: Life Orb\n|\n|upkeep\n|turn|11\n|\n|t:|1641764999\n|move|p1a: Shelgon|Dragon Dance|p1a: Shelgon\n|-boost|p1a: Shelgon|atk|1\n|-boost|p1a: Shelgon|spe|1\n|move|p2a: Dragonair|Outrage|p1a: Shelgon|[from]lockedmove\n|-supereffective|p1a: Shelgon\n|-damage|p1a: Shelgon|0 fnt\n|faint|p1a: Shelgon\n|-damage|p2a: Dragonair|71\/100 par|[from] item: Life Orb\n|\n|-end|p2a: Dragonair|move: Taunt\n|upkeep\n|\n|t:|1641765003\n|switch|p1a: Dragonair|Dragonair, M|100\/100\n|-damage|p1a: Dragonair|88\/100|[from] Stealth Rock\n|turn|12\n|c|+AcrOne|increible este tipo \n|\n|t:|1641765007\n|move|p1a: Dragonair|Substitute|p1a: Dragonair\n|-start|p1a: Dragonair|Substitute\n|-damage|p1a: Dragonair|63\/100\n|move|p2a: Dragonair|Outrage|p1a: Dragonair|[from]lockedmove\n|-supereffective|p1a: Dragonair\n|-end|p1a: Dragonair|Substitute\n|-damage|p2a: Dragonair|61\/100 par|[from] item: Life Orb\n|-start|p2a: Dragonair|confusion|[fatigue]\n|\n|-activate|p2a: Dragonair|ability: Shed Skin\n|-curestatus|p2a: Dragonair|par|[msg]\n|upkeep\n|turn|13\n|\n|t:|1641765020\n|switch|p2a: Leafeon|Leafeon, M|100\/100\n|move|p1a: Dragonair|Dragon Dance|p1a: Dragonair\n|-boost|p1a: Dragonair|atk|1\n|-boost|p1a: Dragonair|spe|1\n|\n|upkeep\n|turn|14\n|\n|t:|1641765023\n|move|p2a: Leafeon|Double-Edge|p1a: Dragonair\n|-enditem|p2a: Leafeon|Normal Gem|[from] gem\n|-damage|p1a: Dragonair|11\/100\n|-damage|p2a: Leafeon|80\/100|[from] Recoil\n|move|p1a: Dragonair|Dragon Dance|p1a: Dragonair\n|-boost|p1a: Dragonair|atk|1\n|-boost|p1a: Dragonair|spe|1\n|\n|upkeep\n|turn|15\n|\n|t:|1641765028\n|move|p1a: Dragonair|Outrage|p2a: Leafeon\n|-damage|p2a: Leafeon|0 fnt\n|faint|p2a: Leafeon\n|\n|upkeep\n|\n|t:|1641765031\n|switch|p2a: Raticate|Raticate, F|65\/100 tox\n|turn|16\n|\n|t:|1641765032\n|move|p2a: Raticate|Sucker Punch|p1a: Dragonair\n|-damage|p1a: Dragonair|0 fnt\n|faint|p1a: Dragonair\n|\n|-damage|p2a: Raticate|59\/100 tox|[from] psn\n|upkeep\n|\n|t:|1641765034\n|switch|p1a: Persian|Persian, M|100\/100\n|-damage|p1a: Persian|88\/100|[from] Stealth Rock\n|turn|17\n|c|\u2606tolstoy|gg\n|-message|tolstoy forfeited.\n|\n|win|Raichy\n","uploadtime":1641765042,"views":598,"p1id":"tolstoy","p2id":"raichy","formatid":"gen5pu","rating":0,"private":0,"password":null}