{"id":"smogtours-gen7ou-267827","p1":"Zeno","p2":"Gotham Paladin","format":"gen7ou","log":"|inactive|Battle timer is ON: inactive players will automatically lose when time's up.\n|J|Zeno\n|J|Gotham Paladin\n|player|p1|Zeno|266\n|player|p2|Gotham Paladin|283\n|gametype|singles\n|gen|7\n|tier|[Gen 7] OU\n|seed|28185,27091,54961,23226\n|clearpoke\n|poke|p1|Tapu Lele|item\n|poke|p1|Toxapex, M|item\n|poke|p1|Scizor, F|item\n|poke|p1|Landorus-Therian, M|item\n|poke|p1|Zygarde|item\n|poke|p1|Magearna|item\n|poke|p2|Tapu Fini|item\n|poke|p2|Zapdos|item\n|poke|p2|Ferrothorn, M|item\n|poke|p2|Nihilego|item\n|poke|p2|Pinsir, M|item\n|poke|p2|Dugtrio, F|item\n|rule|Baton Pass Clause: Limit one Baton Passer, can't pass Spe and other stats simultaneously\n|rule|Sleep Clause Mod: Limit one foe put to sleep\n|rule|Species Clause: Limit one of each Pok\u00e9mon\n|rule|OHKO Clause: OHKO moves are banned\n|rule|Moody Clause: Moody is banned\n|rule|Evasion Moves Clause: Evasion moves are banned\n|rule|Endless Battle Clause: Forcing endless battles is banned\n|rule|HP Percentage Mod: HP is shown in percentages\n|teampreview\n|c|\u2606Gotham Paladin|hf\n|J|egalvanc \u271e\n|J|Coffe\n|c|\u2606Zeno|u2\n|J|amoonguszz\n|L|amoonguszz\n|J|slurmz\u00ae\n|J|fatalitatis\n|L|slurmz\u00ae\n|J|The Sweetest\n|J|Ikko Ikko\n|choice|team 2, team 1, team 3, team 4, team 5, team 6|team 2, team 1, team 3, team 4, team 5, team 6\n|\n|start\n|switch|p1a: Toxapex|Toxapex, M|301\/301\n|switch|p2a: Zapdos|Zapdos|383\/383\n|turn|1\n|J|SweetPosho\n|choice|move toxic|move voltswitch\n|\n|move|p2a: Zapdos|Volt Switch|p1a: Toxapex\n|-supereffective|p1a: Toxapex\n|-damage|p1a: Toxapex|175\/301\n|choice||switch 6\n|\n|switch|p2a: Dugtrio|Dugtrio, F|211\/211\n|move|p1a: Toxapex|Toxic|p2a: Dugtrio\n|-status|p2a: Dugtrio|tox\n|\n|-heal|p1a: Toxapex|193\/301|[from] item: Black Sludge\n|-damage|p2a: Dugtrio|198\/211 tox|[from] psn\n|upkeep\n|turn|2\n|choice|move scald|move earthquake zmove\n|\n|-zpower|p2a: Dugtrio\n|move|p2a: Dugtrio|Tectonic Rage|p1a: Toxapex|[zeffect]\n|-supereffective|p1a: Toxapex\n|-damage|p1a: Toxapex|0 fnt\n|faint|p1a: Toxapex\n|\n|-damage|p2a: Dugtrio|172\/211 tox|[from] psn\n|upkeep\n|choice|switch 5|\n|\n|switch|p1a: Zygarde|Zygarde|357\/357\n|-ability|p1a: Zygarde|Aura Break\n|turn|3\n|choice|move thousandarrows|switch 2\n|\n|switch|p2a: Tapu Fini|Tapu Fini|344\/344\n|-fieldstart|move: Misty Terrain|[from] ability: Misty Surge|[of] p2a: Tapu Fini\n|move|p1a: Zygarde|Thousand Arrows|p2a: Tapu Fini\n|-crit|p2a: Tapu Fini\n|-damage|p2a: Tapu Fini|109\/344\n|\n|-heal|p2a: Tapu Fini|130\/344|[from] item: Leftovers\n|upkeep\n|turn|4\n|choice|move thousandarrows|move moonblast\n|\n|move|p1a: Zygarde|Thousand Arrows|p2a: Tapu Fini\n|-damage|p2a: Tapu Fini|0 fnt\n|faint|p2a: Tapu Fini\n|\n|upkeep\n|choice||switch 5\n|\n|switch|p2a: Kirk Langstrom|Pinsir, M|271\/271\n|turn|5\n|choice|switch 4|move return mega\n|\n|switch|p1a: Landorus|Landorus-Therian, M|381\/381\n|-ability|p1a: Landorus|Intimidate|boost\n|-fail|p2a: Kirk Langstrom|unboost|Attack|[from] ability: Hyper Cutter|[of] p2a: Kirk Langstrom\n|detailschange|p2a: Kirk Langstrom|Pinsir-Mega, M\n|-mega|p2a: Kirk Langstrom|Pinsir|Pinsirite\n|move|p2a: Kirk Langstrom|Return|p1a: Landorus\n|-damage|p1a: Landorus|176\/381\n|-damage|p2a: Kirk Langstrom|226\/271|[from] item: Rocky Helmet|[of] p1a: Landorus\n|\n|upkeep\n|turn|6\n|choice|switch 6|move return\n|\n|switch|p1a: Magearna|Magearna|301\/301\n|move|p2a: Kirk Langstrom|Return|p1a: Magearna\n|-resisted|p1a: Magearna\n|-damage|p1a: Magearna|193\/301\n|\n|upkeep\n|turn|7\n|choice|switch 6|switch 3\n|\n|switch|p2a: Pamela Isley|Ferrothorn, M|352\/352\n|switch|p1a: Landorus|Landorus-Therian, M|176\/381\n|-ability|p1a: Landorus|Intimidate|boost\n|-unboost|p2a: Pamela Isley|atk|1\n|\n|-fieldend|Misty Terrain\n|upkeep\n|turn|8\n|choice|move stealthrock|move stealthrock\n|\n|move|p1a: Landorus|Stealth Rock|p2a: Pamela Isley\n|-sidestart|p2: Gotham Paladin|move: Stealth Rock\n|move|p2a: Pamela Isley|Stealth Rock|p1a: Landorus\n|-sidestart|p1: Zeno|move: Stealth Rock\n|\n|upkeep\n|turn|9\n|choice|move earthquake|move leechseed\n|\n|move|p1a: Landorus|Earthquake|p2a: Pamela Isley\n|-damage|p2a: Pamela Isley|231\/352\n|move|p2a: Pamela Isley|Leech Seed|p1a: Landorus\n|-start|p1a: Landorus|move: Leech Seed\n|\n|-heal|p2a: Pamela Isley|253\/352|[from] item: Leftovers\n|-damage|p1a: Landorus|129\/381|[from] Leech Seed|[of] p2a: Pamela Isley\n|-heal|p2a: Pamela Isley|300\/352|[silent]\n|upkeep\n|turn|10\n|choice|move uturn|move leechseed\n|\n|move|p1a: Landorus|U-turn|p2a: Pamela Isley\n|-damage|p2a: Pamela Isley|248\/352\n|-damage|p1a: Landorus|82\/381|[from] ability: Iron Barbs|[of] p2a: Pamela Isley\n|J|ia9seu\n|choice|switch 3|\n|\n|switch|p1a: Scizor|Scizor, F|341\/341\n|-damage|p1a: Scizor|299\/341|[from] Stealth Rock\n|move|p2a: Pamela Isley|Leech Seed|p1a: Scizor\n|-start|p1a: Scizor|move: Leech Seed\n|\n|-heal|p2a: Pamela Isley|270\/352|[from] item: Leftovers\n|-damage|p1a: Scizor|257\/341|[from] Leech Seed|[of] p2a: Pamela Isley\n|-heal|p2a: Pamela Isley|312\/352|[silent]\n|upkeep\n|turn|11\n|L|ia9seu\n|choice|move uturn mega|move leechseed\n|\n|detailschange|p1a: Scizor|Scizor-Mega, F\n|-mega|p1a: Scizor|Scizor|Scizorite\n|move|p1a: Scizor|U-turn|p2a: Pamela Isley\n|-damage|p2a: Pamela Isley|227\/352\n|-damage|p1a: Scizor|215\/341|[from] ability: Iron Barbs|[of] p2a: Pamela Isley\n|choice|switch 3|\n|\n|switch|p1a: Landorus|Landorus-Therian, M|82\/381\n|-damage|p1a: Landorus|35\/381|[from] Stealth Rock\n|-ability|p1a: Landorus|Intimidate|boost\n|-unboost|p2a: Pamela Isley|atk|1\n|move|p2a: Pamela Isley|Leech Seed|p1a: Landorus|[miss]\n|-miss|p2a: Pamela Isley|p1a: Landorus\n|\n|-heal|p2a: Pamela Isley|249\/352|[from] item: Leftovers\n|upkeep\n|turn|12\n|choice|move earthquake|switch 6\n|\n|switch|p2a: Zapdos|Zapdos|383\/383\n|-damage|p2a: Zapdos|288\/383|[from] Stealth Rock\n|move|p1a: Landorus|Earthquake|p2a: Zapdos\n|-immune|p2a: Zapdos|[msg]\n|\n|-heal|p2a: Zapdos|311\/383|[from] item: Leftovers\n|upkeep\n|turn|13\n|choice|move uturn|move heatwave\n|\n|move|p2a: Zapdos|Heat Wave|p1a: Landorus\n|-damage|p1a: Landorus|0 fnt\n|faint|p1a: Landorus\n|\n|-heal|p2a: Zapdos|334\/383|[from] item: Leftovers\n|upkeep\n|J|craing\n|choice|switch 4|\n|\n|switch|p1a: Zygarde|Zygarde|357\/357\n|-damage|p1a: Zygarde|335\/357|[from] Stealth Rock\n|-ability|p1a: Zygarde|Aura Break\n|turn|14\n|J|Ya Boi DontCare\n|L|SweetPosho\n|choice|move thousandarrows|switch 2\n|\n|switch|p2a: Dugtrio|Dugtrio, F|172\/211 tox\n|-damage|p2a: Dugtrio|159\/211 tox|[from] Stealth Rock\n|move|p1a: Zygarde|Thousand Arrows|p2a: Dugtrio\n|-damage|p2a: Dugtrio|0 fnt\n|faint|p2a: Dugtrio\n|\n|upkeep\n|choice||switch 4\n|\n|switch|p2a: ParaDemon|Nihilego|359\/359\n|-damage|p2a: ParaDemon|315\/359|[from] Stealth Rock\n|turn|15\n|choice|switch 6|switch 2\n|\n|switch|p2a: Zapdos|Zapdos|334\/383\n|-damage|p2a: Zapdos|239\/383|[from] Stealth Rock\n|switch|p1a: Magearna|Magearna|193\/301\n|-damage|p1a: Magearna|175\/301|[from] Stealth Rock\n|\n|-heal|p2a: Zapdos|262\/383|[from] item: Leftovers\n|upkeep\n|turn|16\n|choice|move fleurcannon zmove|move hiddenpower\n|\n|move|p2a: Zapdos|Hidden Power|p1a: Magearna\n|-resisted|p1a: Magearna\n|-damage|p1a: Magearna|152\/301\n|-zpower|p1a: Magearna\n|move|p1a: Magearna|Twinkle Tackle|p2a: Zapdos|[zeffect]\n|-damage|p2a: Zapdos|0 fnt\n|faint|p2a: Zapdos\n|-ability|p1a: Magearna|Soul-Heart|boost\n|-boost|p1a: Magearna|spa|1\n|\n|upkeep\n|choice||switch 3\n|\n|switch|p2a: Kirk Langstrom|Pinsir-Mega, M|226\/271\n|-damage|p2a: Kirk Langstrom|91\/271|[from] Stealth Rock\n|turn|17\n|choice|move thunderbolt|move return\n|\n|move|p2a: Kirk Langstrom|Return|p1a: Magearna\n|-resisted|p1a: Magearna\n|-damage|p1a: Magearna|36\/301\n|move|p1a: Magearna|Thunderbolt|p2a: Kirk Langstrom\n|-supereffective|p2a: Kirk Langstrom\n|-damage|p2a: Kirk Langstrom|0 fnt\n|faint|p2a: Kirk Langstrom\n|-ability|p1a: Magearna|Soul-Heart|boost\n|-boost|p1a: Magearna|spa|1\n|\n|upkeep\n|choice||switch 2\n|\n|switch|p2a: ParaDemon|Nihilego|315\/359\n|-damage|p2a: ParaDemon|271\/359|[from] Stealth Rock\n|turn|18\n|choice|move thunderbolt|move hiddenpower\n|\n|move|p2a: ParaDemon|Hidden Power|p1a: Magearna\n|-resisted|p1a: Magearna\n|-damage|p1a: Magearna|4\/301\n|move|p1a: Magearna|Thunderbolt|p2a: ParaDemon\n|-damage|p2a: ParaDemon|94\/359\n|\n|upkeep\n|turn|19\n|choice|move thunderbolt|move hiddenpower\n|\n|move|p2a: ParaDemon|Hidden Power|p1a: Magearna\n|-resisted|p1a: Magearna\n|-damage|p1a: Magearna|0 fnt\n|faint|p1a: Magearna\n|-ability|p2a: ParaDemon|Beast Boost|boost\n|-boost|p2a: ParaDemon|spa|1\n|\n|upkeep\n|L|craing\n|choice|switch 3|\n|\n|switch|p1a: Scizor|Scizor-Mega, F|215\/341\n|-damage|p1a: Scizor|173\/341|[from] Stealth Rock\n|turn|20\n|choice|move uturn|switch 6\n|\n|switch|p2a: Pamela Isley|Ferrothorn, M|249\/352\n|-damage|p2a: Pamela Isley|227\/352|[from] Stealth Rock\n|move|p1a: Scizor|U-turn|p2a: Pamela Isley\n|-damage|p2a: Pamela Isley|142\/352\n|-damage|p1a: Scizor|131\/341|[from] ability: Iron Barbs|[of] p2a: Pamela Isley\n|choice|switch 2|\n|\n|switch|p1a: Tapu Lele|Tapu Lele|281\/281\n|-damage|p1a: Tapu Lele|246\/281|[from] Stealth Rock\n|-fieldstart|move: Psychic Terrain|[from] ability: Psychic Surge|[of] p1a: Tapu Lele\n|\n|-heal|p2a: Pamela Isley|164\/352|[from] item: Leftovers\n|upkeep\n|turn|21\n|L|Snou\n|choice|move hiddenpower|move leechseed\n|\n|move|p1a: Tapu Lele|Hidden Power|p2a: Pamela Isley\n|-supereffective|p2a: Pamela Isley\n|-damage|p2a: Pamela Isley|0 fnt\n|faint|p2a: Pamela Isley\n|\n|upkeep\n|-message|Gotham Paladin forfeited.\n|\n|win|Zeno","inputlog":null,"uploadtime":1491605289,"views":1,"p1id":"zeno","p2id":"gothampaladin","formatid":"gen7ou","rating":0,"private":0,"password":null}