{"id":"smogtours-gen5ru-643273","p1":"Skysolo \u2764","p2":"sensei axew","format":"gen5ru","log":"|inactive|Battle timer is ON: inactive players will automatically lose when time's up.\n|t:|1660337067\n|gametype|singles\n|player|p1|Skysolo \u2764|#pspl2019ubers|\n|player|p2|sensei axew|morty-masters|\n|teamsize|p1|6\n|teamsize|p2|6\n|gen|5\n|tier|[Gen 5] RU\n|rule|Species Clause: Limit one of each Pok\u00e9mon\n|rule|OHKO Clause: OHKO moves are banned\n|rule|Moody Clause: Moody is banned\n|rule|Evasion Moves Clause: Evasion moves are banned\n|rule|Endless Battle Clause: Forcing endless battles is banned\n|rule|HP Percentage Mod: HP is shown in percentages\n|rule|Evasion Abilities Clause: Evasion abilities are banned\n|rule|Swagger Clause: Swagger is banned\n|rule|Baton Pass Clause: Limit one Baton Passer, can't pass Spe and other stats simultaneously\n|rule|Sleep Clause: Sleep-inducing moves are banned\n|clearpoke\n|poke|p1|Clefable, M|item\n|poke|p1|Rhydon, M|item\n|poke|p1|Qwilfish, F|item\n|poke|p1|Sceptile, M|item\n|poke|p1|Durant, M|item\n|poke|p1|Rotom|item\n|poke|p2|Scolipede, F|item\n|poke|p2|Rotom-Mow|item\n|poke|p2|Kabutops, F|item\n|poke|p2|Slowking, M|item\n|poke|p2|Entei|item\n|poke|p2|Steelix, F|item\n|teampreview\n|inactive|sensei axew also wants the timer to be on.\n|c|\u2606Skysolo \u2764|hf\n|c|\u2606sensei axew|hf\n|inactive|Skysolo \u2764 has 270 seconds left.\n|inactive|sensei axew has 270 seconds left.\n|c|+TDK \u273f|skysolo\n|c|+TDK \u273f|remember who you're facing\n|c|+TDK \u273f|our team made you\n|c|+TDK \u273f|don't forget this\n|inactive|Skysolo \u2764 has 240 seconds left.\n|inactive|sensei axew has 240 seconds left.\n|inactive|Skysolo \u2764 has 210 seconds left.\n|inactive|sensei axew has 210 seconds left.\n|c|+Lasen|the strap.\n|inactive|sensei axew has 180 seconds left.\n|\n|t:|1660337206\n|start\n|switch|p1a: Durant|Durant, M|100\/100\n|switch|p2a: Rotom|Rotom-Mow|100\/100\n|turn|1\n|inactive|Skysolo \u2764 has 240 seconds left.\n|\n|t:|1660337228\n|switch|p2a: Steelix|Steelix, F|100\/100\n|move|p1a: Durant|Superpower|p2a: Steelix\n|-supereffective|p2a: Steelix\n|-damage|p2a: Steelix|23\/100\n|-unboost|p1a: Durant|atk|1\n|-unboost|p1a: Durant|def|1\n|\n|-heal|p2a: Steelix|29\/100|[from] item: Leftovers\n|upkeep\n|turn|2\n|inactive|Skysolo \u2764 has 240 seconds left.\n|inactive|sensei axew has 210 seconds left.\n|c|+neomon._.|The Strap\n|inactive|sensei axew has 180 seconds left.\n|\n|t:|1660337285\n|switch|p1a: Rhydon|Rhydon, M|100\/100\n|switch|p2a: Scolipede|Scolipede, F|100\/100\n|\n|upkeep\n|turn|3\n|inactive|sensei axew has 180 seconds left.\n|\n|t:|1660337301\n|move|p2a: Scolipede|Spikes|p1a: Rhydon\n|-sidestart|p1: Skysolo \u2764|Spikes\n|move|p1a: Rhydon|Stealth Rock|p2a: Scolipede\n|-sidestart|p2: sensei axew|move: Stealth Rock\n|\n|upkeep\n|turn|4\n|inactive|sensei axew has 180 seconds left.\n|inactive|sensei axew has 150 seconds left.\n|\n|t:|1660337350\n|switch|p2a: Steelix|Steelix, F|29\/100\n|-damage|p2a: Steelix|26\/100|[from] Stealth Rock\n|move|p1a: Rhydon|Rock Blast|p2a: Steelix\n|-resisted|p2a: Steelix\n|-damage|p2a: Steelix|25\/100\n|-resisted|p2a: Steelix\n|-crit|p2a: Steelix\n|-damage|p2a: Steelix|21\/100\n|-resisted|p2a: Steelix\n|-crit|p2a: Steelix\n|-damage|p2a: Steelix|18\/100\n|-resisted|p2a: Steelix\n|-damage|p2a: Steelix|16\/100\n|-hitcount|p2a: Steelix|4\n|\n|-heal|p2a: Steelix|23\/100|[from] item: Leftovers\n|upkeep\n|turn|5\n|\n|t:|1660337360\n|move|p1a: Rhydon|Earthquake|p2a: Steelix\n|-supereffective|p2a: Steelix\n|-damage|p2a: Steelix|0 fnt\n|faint|p2a: Steelix\n|\n|upkeep\n|\n|t:|1660337364\n|switch|p2a: Rotom|Rotom-Mow|100\/100\n|-damage|p2a: Rotom|88\/100|[from] Stealth Rock\n|turn|6\n|inactive|Skysolo \u2764 has 240 seconds left.\n|inactive|sensei axew has 150 seconds left.\n|inactive|Skysolo \u2764 has 210 seconds left.\n|\n|t:|1660337431\n|switch|p1a: Clefable|Clefable, M|100\/100\n|move|p2a: Rotom|Leaf Storm|p1a: Clefable\n|-damage|p1a: Clefable|36\/100\n|-unboost|p2a: Rotom|spa|2\n|\n|upkeep\n|turn|7\n|inactive|sensei axew has 150 seconds left.\n|inactive|Skysolo \u2764 has 180 seconds left.\n|inactive|sensei axew has 120 seconds left.\n|inactive|Skysolo \u2764 has 150 seconds left.\n|inactive|sensei axew has 90 seconds left.\n|\n|t:|1660337516\n|switch|p2a: Kabutops|Kabutops, F|100\/100\n|-damage|p2a: Kabutops|88\/100|[from] Stealth Rock\n|move|p1a: Clefable|Soft-Boiled|p1a: Clefable\n|-heal|p1a: Clefable|86\/100\n|\n|upkeep\n|turn|8\n|inactive|sensei axew has 90 seconds left.\n|inactive|Skysolo \u2764 has 120 seconds left.\n|\n|t:|1660337560\n|move|p2a: Kabutops|Stone Edge|p1a: Clefable|[miss]\n|-miss|p2a: Kabutops|p1a: Clefable\n|move|p1a: Clefable|Thunderbolt|p2a: Kabutops\n|-supereffective|p2a: Kabutops\n|-damage|p2a: Kabutops|0 fnt\n|faint|p2a: Kabutops\n|\n|upkeep\n|inactive|sensei axew has 90 seconds left.\n|inactive|sensei axew has 60 seconds left.\n|\n|t:|1660337595\n|switch|p2a: Slowking|Slowking, M|100\/100\n|-damage|p2a: Slowking|88\/100|[from] Stealth Rock\n|turn|9\n|\n|t:|1660337600\n|move|p1a: Clefable|Calm Mind|p1a: Clefable\n|-boost|p1a: Clefable|spa|1\n|-boost|p1a: Clefable|spd|1\n|move|p2a: Slowking|Calm Mind|p2a: Slowking\n|-boost|p2a: Slowking|spa|1\n|-boost|p2a: Slowking|spd|1\n|\n|-heal|p2a: Slowking|94\/100|[from] item: Leftovers\n|upkeep\n|turn|10\n|\n|t:|1660337609\n|move|p1a: Clefable|Thunderbolt|p2a: Slowking\n|-supereffective|p2a: Slowking\n|-damage|p2a: Slowking|55\/100\n|move|p2a: Slowking|Calm Mind|p2a: Slowking\n|-boost|p2a: Slowking|spa|1\n|-boost|p2a: Slowking|spd|1\n|\n|-heal|p2a: Slowking|61\/100|[from] item: Leftovers\n|upkeep\n|turn|11\n|\n|t:|1660337624\n|move|p1a: Clefable|Calm Mind|p1a: Clefable\n|-boost|p1a: Clefable|spa|1\n|-boost|p1a: Clefable|spd|1\n|move|p2a: Slowking|Ice Beam|p1a: Clefable\n|-damage|p1a: Clefable|64\/100\n|\n|-heal|p2a: Slowking|67\/100|[from] item: Leftovers\n|upkeep\n|turn|12\n|\n|t:|1660337634\n|move|p1a: Clefable|Thunderbolt|p2a: Slowking\n|-supereffective|p2a: Slowking\n|-damage|p2a: Slowking|30\/100\n|move|p2a: Slowking|Calm Mind|p2a: Slowking\n|-boost|p2a: Slowking|spa|1\n|-boost|p2a: Slowking|spd|1\n|\n|-heal|p2a: Slowking|36\/100|[from] item: Leftovers\n|upkeep\n|turn|13\n|inactive|Skysolo \u2764 has 150 seconds left.\n|\n|t:|1660337641\n|move|p1a: Clefable|Thunderbolt|p2a: Slowking\n|-supereffective|p2a: Slowking\n|-damage|p2a: Slowking|5\/100\n|move|p2a: Slowking|Slack Off|p2a: Slowking\n|-heal|p2a: Slowking|55\/100\n|\n|-heal|p2a: Slowking|61\/100|[from] item: Leftovers\n|upkeep\n|turn|14\n|inactive|sensei axew has 90 seconds left.\n|\n|t:|1660337650\n|move|p1a: Clefable|Calm Mind|p1a: Clefable\n|-boost|p1a: Clefable|spa|1\n|-boost|p1a: Clefable|spd|1\n|move|p2a: Slowking|Slack Off|p2a: Slowking\n|-heal|p2a: Slowking|100\/100\n|\n|upkeep\n|turn|15\n|\n|t:|1660337657\n|move|p1a: Clefable|Thunderbolt|p2a: Slowking\n|-supereffective|p2a: Slowking\n|-damage|p2a: Slowking|61\/100\n|move|p2a: Slowking|Calm Mind|p2a: Slowking\n|-boost|p2a: Slowking|spa|1\n|-boost|p2a: Slowking|spd|1\n|\n|-heal|p2a: Slowking|67\/100|[from] item: Leftovers\n|upkeep\n|turn|16\n|\n|t:|1660337665\n|move|p1a: Clefable|Calm Mind|p1a: Clefable\n|-boost|p1a: Clefable|spa|1\n|-boost|p1a: Clefable|spd|1\n|move|p2a: Slowking|Scald|p1a: Clefable\n|-damage|p1a: Clefable|37\/100\n|-status|p1a: Clefable|brn\n|\n|-heal|p2a: Slowking|73\/100|[from] item: Leftovers\n|upkeep\n|turn|17\n|inactive|Skysolo \u2764 has 180 seconds left.\n|\n|t:|1660337674\n|move|p1a: Clefable|Soft-Boiled|p1a: Clefable\n|-heal|p1a: Clefable|87\/100 brn\n|move|p2a: Slowking|Calm Mind|p2a: Slowking\n|-boost|p2a: Slowking|spa|1\n|-boost|p2a: Slowking|spd|1\n|\n|-heal|p2a: Slowking|79\/100|[from] item: Leftovers\n|upkeep\n|turn|18\n|\n|t:|1660337681\n|move|p1a: Clefable|Calm Mind|p1a: Clefable\n|-boost|p1a: Clefable|spa|1\n|-boost|p1a: Clefable|spd|1\n|move|p2a: Slowking|Scald|p1a: Clefable\n|-crit|p1a: Clefable\n|-damage|p1a: Clefable|0 fnt\n|faint|p1a: Clefable\n|\n|-heal|p2a: Slowking|85\/100|[from] item: Leftovers\n|upkeep\n|\n|t:|1660337692\n|switch|p1a: Durant|Durant, M|100\/100\n|-damage|p1a: Durant|88\/100|[from] Spikes\n|turn|19\n|inactive|sensei axew has 120 seconds left.\n|inactive|sensei axew has 90 seconds left.\n|inactive|sensei axew has 60 seconds left.\n|inactive|sensei axew has 30 seconds left.\n|inactive|sensei axew has 20 seconds left.\n|\n|t:|1660337800\n|move|p1a: Durant|X-Scissor|p2a: Slowking\n|-supereffective|p2a: Slowking\n|-damage|p2a: Slowking|0 fnt\n|faint|p2a: Slowking\n|\n|upkeep\n|inactive|sensei axew has 25 seconds left this turn.\n|inactive|sensei axew has 20 seconds left.\n|\n|t:|1660337807\n|switch|p2a: Entei|Entei|100\/100\n|-damage|p2a: Entei|76\/100|[from] Stealth Rock\n|-ability|p2a: Entei|Pressure\n|turn|20\n|inactive|sensei axew has 30 seconds left this turn.\n|\n|t:|1660337815\n|switch|p1a: Qwilfish|Qwilfish, F|100\/100\n|-damage|p1a: Qwilfish|88\/100|[from] Spikes\n|-ability|p1a: Qwilfish|Intimidate|boost\n|-unboost|p2a: Entei|atk|1\n|move|p2a: Entei|Lava Plume|p1a: Qwilfish\n|-resisted|p1a: Qwilfish\n|-damage|p1a: Qwilfish|69\/100\n|\n|-heal|p2a: Entei|82\/100|[from] item: Leftovers\n|-heal|p1a: Qwilfish|75\/100|[from] item: Black Sludge\n|upkeep\n|turn|21\n|inactive|sensei axew has 30 seconds left.\n|\n|t:|1660337826\n|switch|p2a: Rotom|Rotom-Mow|88\/100\n|-damage|p2a: Rotom|76\/100|[from] Stealth Rock\n|move|p1a: Qwilfish|Waterfall|p2a: Rotom\n|-resisted|p2a: Rotom\n|-damage|p2a: Rotom|58\/100\n|\n|-heal|p1a: Qwilfish|81\/100|[from] item: Black Sludge\n|upkeep\n|turn|22\n|inactive|Skysolo \u2764 has 210 seconds left.\n|inactive|sensei axew has 30 seconds left.\n|inactive|Skysolo \u2764 has 180 seconds left.\n|inactive|Skysolo \u2764 has 150 seconds left.\n|\n|t:|1660337893\n|move|p2a: Rotom|Leaf Storm|p1a: Qwilfish\n|-crit|p1a: Qwilfish\n|-damage|p1a: Qwilfish|0 fnt\n|-unboost|p2a: Rotom|spa|2\n|faint|p1a: Qwilfish\n|\n|upkeep\n|inactive|sensei axew has 30 seconds left this turn.\n|inactive|Skysolo \u2764 has 150 seconds left.\n|\n|t:|1660337904\n|switch|p1a: Sceptile|Sceptile, M|100\/100\n|-damage|p1a: Sceptile|88\/100|[from] Spikes\n|turn|23\n|\n|t:|1660337911\n|switch|p2a: Scolipede|Scolipede, F|100\/100\n|-damage|p2a: Scolipede|76\/100|[from] Stealth Rock\n|move|p1a: Sceptile|Acrobatics|p2a: Scolipede\n|-enditem|p1a: Sceptile|Flying Gem|[from] gem\n|-supereffective|p2a: Scolipede\n|-damage|p2a: Scolipede|0 fnt\n|faint|p2a: Scolipede\n|\n|upkeep\n|\n|t:|1660337917\n|switch|p2a: Entei|Entei|82\/100\n|-damage|p2a: Entei|57\/100|[from] Stealth Rock\n|-ability|p2a: Entei|Pressure\n|turn|24\n|inactive|Skysolo \u2764 has 150 seconds left.\n|\n|t:|1660337946\n|move|p1a: Sceptile|Rock Slide|p2a: Entei\n|-supereffective|p2a: Entei\n|-damage|p2a: Entei|25\/100\n|move|p2a: Entei|Lava Plume|p1a: Sceptile\n|-supereffective|p1a: Sceptile\n|-damage|p1a: Sceptile|15\/100\n|\n|-heal|p2a: Entei|32\/100|[from] item: Leftovers\n|upkeep\n|turn|25\n|inactive|Skysolo \u2764 has 150 seconds left.\n|\n|t:|1660337954\n|move|p2a: Entei|Protect|p2a: Entei\n|-singleturn|p2a: Entei|Protect\n|move|p1a: Sceptile|Acrobatics|p2a: Entei\n|-activate|p2a: Entei|move: Protect\n|\n|-heal|p2a: Entei|38\/100|[from] item: Leftovers\n|upkeep\n|turn|26\n|\n|t:|1660337961\n|move|p1a: Sceptile|Acrobatics|p2a: Entei\n|-damage|p2a: Entei|15\/100\n|move|p2a: Entei|Lava Plume|p1a: Sceptile\n|-supereffective|p1a: Sceptile\n|-damage|p1a: Sceptile|0 fnt\n|faint|p1a: Sceptile\n|\n|-heal|p2a: Entei|21\/100|[from] item: Leftovers\n|upkeep\n|\n|t:|1660337969\n|switch|p1a: Rotom|Rotom|100\/100\n|turn|27\n|\n|t:|1660337972\n|move|p2a: Entei|Protect|p2a: Entei\n|-singleturn|p2a: Entei|Protect\n|move|p1a: Rotom|Shadow Ball|p2a: Entei\n|-activate|p2a: Entei|move: Protect\n|\n|-heal|p2a: Entei|27\/100|[from] item: Leftovers\n|upkeep\n|turn|28\n|\n|t:|1660337985\n|move|p2a: Entei|Protect||[still]\n|-fail|p2a: Entei\n|move|p1a: Rotom|Shadow Ball|p2a: Entei\n|-damage|p2a: Entei|0 fnt\n|faint|p2a: Entei\n|\n|upkeep\n|\n|t:|1660337989\n|switch|p2a: Rotom|Rotom-Mow|58\/100\n|-damage|p2a: Rotom|46\/100|[from] Stealth Rock\n|turn|29\n|\n|t:|1660338002\n|move|p1a: Rotom|Shadow Ball|p2a: Rotom\n|-damage|p2a: Rotom|2\/100\n|-unboost|p2a: Rotom|spd|1\n|move|p2a: Rotom|Leaf Storm|p1a: Rotom\n|-damage|p1a: Rotom|0 fnt\n|-unboost|p2a: Rotom|spa|2\n|faint|p1a: Rotom\n|\n|upkeep\n|\n|t:|1660338011\n|switch|p1a: Durant|Durant, M|88\/100\n|-damage|p1a: Durant|76\/100|[from] Spikes\n|turn|30\n|\n|t:|1660338014\n|move|p2a: Rotom|Leaf Storm|p1a: Durant\n|-resisted|p1a: Durant\n|-crit|p1a: Durant\n|-damage|p1a: Durant|2\/100\n|-unboost|p2a: Rotom|spa|2\n|move|p1a: Durant|Superpower|p2a: Rotom\n|-damage|p2a: Rotom|0 fnt\n|-unboost|p1a: Durant|atk|1\n|-unboost|p1a: Durant|def|1\n|faint|p2a: Rotom\n|\n|win|Skysolo \u2764\n|c|\u2606sensei axew|gg\n|c|\u2606Skysolo \u2764|gg\n","uploadtime":1660338015,"views":148,"p1id":"skysolo","p2id":"senseiaxew","formatid":"gen5ru","rating":0,"private":0,"password":null}