{"id":"smogtours-gen8nationaldex-646642","p1":"Faygos","p2":"hump","format":"gen8nationaldex","log":"|inactive|Battle timer is ON: inactive players will automatically lose when time's up.\n|t:|1662329007\n|gametype|singles\n|player|p1|Faygos|265|\n|player|p2|hump|dawn-masters|\n|teamsize|p1|6\n|teamsize|p2|6\n|gen|8\n|tier|[Gen 8] National Dex\n|rule|HP Percentage Mod: HP is shown in percentages\n|rule|Endless Battle Clause: Forcing endless battles is banned\n|rule|OHKO Clause: OHKO moves are banned\n|rule|Evasion Moves Clause: Evasion moves are banned\n|rule|Species Clause: Limit one of each Pok\u00e9mon\n|rule|Dynamax Clause: You cannot dynamax\n|rule|Sleep Clause Mod: Limit one foe put to sleep\n|clearpoke\n|poke|p1|Mudsdale, F|\n|poke|p1|Dodrio, M|\n|poke|p1|Sawsbuck, F|\n|poke|p1|Walrein, M|\n|poke|p1|Eelektross, M|\n|poke|p1|Granbull, M|\n|poke|p2|Tyranitar, F|\n|poke|p2|Reuniclus, M|\n|poke|p2|Keldeo-Resolute|\n|poke|p2|Celesteela|\n|poke|p2|Excadrill, F|\n|poke|p2|Tangrowth, F|\n|teampreview\n|inactive|Faygos also wants the timer to be on.\n|inactive|hump also wants the timer to be on.\n|\n|t:|1662329018\n|start\n|switch|p1a: Eelektross|Eelektross, M|100\/100\n|switch|p2a: Keldeo|Keldeo-Resolute|100\/100\n|turn|1\n|\n|t:|1662329021\n|switch|p2a: Excadrill|Excadrill, F|100\/100\n|move|p1a: Eelektross|Volt Switch|p2a: Excadrill\n|-immune|p2a: Excadrill\n|\n|upkeep\n|turn|2\n|\n|t:|1662329024\n|move|p2a: Excadrill|Earthquake|p1a: Eelektross\n|-immune|p1a: Eelektross|[from] ability: Levitate\n|move|p1a: Eelektross|Flamethrower|p2a: Excadrill\n|-supereffective|p2a: Excadrill\n|-damage|p2a: Excadrill|22\/100\n|\n|-heal|p2a: Excadrill|28\/100|[from] item: Leftovers\n|upkeep\n|turn|3\n|\n|t:|1662329031\n|switch|p2a: Tyranitar|Tyranitar, F|100\/100\n|-weather|Sandstorm|[from] ability: Sand Stream|[of] p2a: Tyranitar\n|move|p1a: Eelektross|Volt Switch|p2a: Tyranitar\n|-damage|p2a: Tyranitar|84\/100\n|\n|t:|1662329034\n|switch|p1a: Granbull|Granbull, M|100\/100|[from]move: Volt Switch\n|-ability|p1a: Granbull|Intimidate|boost\n|-unboost|p2a: Tyranitar|atk|1\n|\n|-weather|Sandstorm|[upkeep]\n|-damage|p1a: Granbull|94\/100|[from] Sandstorm\n|-heal|p1a: Granbull|100\/100|[from] item: Leftovers\n|upkeep\n|turn|4\n|\n|t:|1662329038\n|switch|p1a: Eelektross|Eelektross, M|100\/100\n|detailschange|p2a: Tyranitar|Tyranitar-Mega, F\n|-mega|p2a: Tyranitar|Tyranitar|Tyranitarite\n|move|p2a: Tyranitar|Stealth Rock|p1a: Eelektross\n|-sidestart|p1: Faygos|move: Stealth Rock\n|\n|-weather|Sandstorm|[upkeep]\n|-damage|p1a: Eelektross|94\/100|[from] Sandstorm\n|upkeep\n|turn|5\n|\n|t:|1662329044\n|switch|p2a: Excadrill|Excadrill, F|28\/100\n|switch|p1a: Granbull|Granbull, M|100\/100\n|-damage|p1a: Granbull|88\/100|[from] Stealth Rock\n|-ability|p1a: Granbull|Intimidate|boost\n|-unboost|p2a: Excadrill|atk|1\n|\n|-weather|Sandstorm|[upkeep]\n|-damage|p1a: Granbull|82\/100|[from] Sandstorm\n|-heal|p2a: Excadrill|35\/100|[from] item: Leftovers\n|-heal|p1a: Granbull|88\/100|[from] item: Leftovers\n|upkeep\n|turn|6\n|\n|t:|1662329046\n|move|p2a: Excadrill|Iron Head|p1a: Granbull\n|-supereffective|p1a: Granbull\n|-damage|p1a: Granbull|14\/100\n|cant|p1a: Granbull|flinch\n|\n|-weather|Sandstorm|[upkeep]\n|-damage|p1a: Granbull|8\/100|[from] Sandstorm\n|-heal|p2a: Excadrill|41\/100|[from] item: Leftovers\n|-heal|p1a: Granbull|14\/100|[from] item: Leftovers\n|upkeep\n|turn|7\n|\n|t:|1662329052\n|move|p2a: Excadrill|Iron Head|p1a: Granbull\n|-supereffective|p1a: Granbull\n|-damage|p1a: Granbull|0 fnt\n|faint|p1a: Granbull\n|\n|-weather|none\n|-heal|p2a: Excadrill|47\/100|[from] item: Leftovers\n|upkeep\n|\n|t:|1662329056\n|switch|p1a: lil bucky|Sawsbuck, F|100\/100\n|-damage|p1a: lil bucky|88\/100|[from] Stealth Rock\n|turn|8\n|\n|t:|1662329062\n|switch|p1a: Eelektross|Eelektross, M|94\/100\n|-damage|p1a: Eelektross|82\/100|[from] Stealth Rock\n|switch|p2a: Tangrowth|Tangrowth, F|100\/100\n|\n|upkeep\n|turn|9\n|\n|t:|1662329065\n|move|p1a: Eelektross|Acid Spray|p2a: Tangrowth\n|-supereffective|p2a: Tangrowth\n|-damage|p2a: Tangrowth|60\/100\n|-unboost|p2a: Tangrowth|spd|2\n|move|p2a: Tangrowth|Knock Off|p1a: Eelektross\n|-damage|p1a: Eelektross|58\/100\n|-enditem|p1a: Eelektross|Assault Vest|[from] move: Knock Off|[of] p2a: Tangrowth\n|\n|upkeep\n|turn|10\n|\n|t:|1662329068\n|switch|p2a: Tyranitar|Tyranitar-Mega, F|84\/100\n|-weather|Sandstorm|[from] ability: Sand Stream|[of] p2a: Tyranitar\n|move|p1a: Eelektross|Flamethrower|p2a: Tyranitar\n|-resisted|p2a: Tyranitar\n|-damage|p2a: Tyranitar|77\/100\n|\n|-weather|Sandstorm|[upkeep]\n|-damage|p1a: Eelektross|52\/100|[from] Sandstorm\n|upkeep\n|turn|11\n|\n|t:|1662329070\n|move|p2a: Tyranitar|Pursuit|p1a: Eelektross\n|-damage|p1a: Eelektross|26\/100\n|move|p1a: Eelektross|Volt Switch|p2a: Tyranitar\n|-damage|p2a: Tyranitar|61\/100\n|\n|t:|1662329074\n|switch|p1a: lil bucky|Sawsbuck, F|88\/100|[from]move: Volt Switch\n|-damage|p1a: lil bucky|76\/100|[from] Stealth Rock\n|\n|-weather|Sandstorm|[upkeep]\n|-damage|p1a: lil bucky|70\/100|[from] Sandstorm\n|upkeep\n|turn|12\n|\n|t:|1662329077\n|switch|p2a: Tangrowth|Tangrowth, F|93\/100\n|move|p1a: lil bucky|Jump Kick|p2a: Tangrowth\n|-damage|p2a: Tangrowth|79\/100\n|-damage|p1a: lil bucky|53\/100|[from] item: Rocky Helmet|[of] p2a: Tangrowth\n|\n|-weather|Sandstorm|[upkeep]\n|-damage|p1a: lil bucky|47\/100|[from] Sandstorm\n|-damage|p2a: Tangrowth|73\/100|[from] Sandstorm\n|upkeep\n|turn|13\n|\n|t:|1662329081\n|switch|p1a: Walrein|Walrein, M|100\/100\n|-damage|p1a: Walrein|76\/100|[from] Stealth Rock\n|move|p2a: Tangrowth|Giga Drain|p1a: Walrein\n|-supereffective|p1a: Walrein\n|-damage|p1a: Walrein|19\/100\n|-heal|p2a: Tangrowth|98\/100|[from] drain|[of] p1a: Walrein\n|\n|-weather|Sandstorm|[upkeep]\n|-damage|p1a: Walrein|12\/100|[from] Sandstorm\n|-damage|p2a: Tangrowth|92\/100|[from] Sandstorm\n|upkeep\n|turn|14\n|\n|t:|1662329085\n|switch|p2a: Keldeo|Keldeo-Resolute|100\/100\n|move|p1a: Walrein|Ice Beam|p2a: Keldeo\n|-resisted|p2a: Keldeo\n|-damage|p2a: Keldeo|63\/100\n|\n|-weather|none\n|-heal|p2a: Keldeo|70\/100|[from] item: Leftovers\n|upkeep\n|turn|15\n|\n|t:|1662329092\n|move|p2a: Keldeo|Secret Sword|p1a: Walrein\n|-supereffective|p1a: Walrein\n|-damage|p1a: Walrein|0 fnt\n|faint|p1a: Walrein\n|\n|-heal|p2a: Keldeo|76\/100|[from] item: Leftovers\n|upkeep\n|\n|t:|1662329095\n|switch|p1a: Dodrio|Dodrio, M|100\/100\n|-damage|p1a: Dodrio|76\/100|[from] Stealth Rock\n|turn|16\n|\n|t:|1662329100\n|switch|p2a: Celesteela|Celesteela|100\/100\n|move|p1a: Dodrio|Swords Dance|p1a: Dodrio\n|-boost|p1a: Dodrio|atk|2\n|\n|upkeep\n|turn|17\n|\n|t:|1662329104\n|switch|p2a: Tyranitar|Tyranitar-Mega, F|61\/100\n|-weather|Sandstorm|[from] ability: Sand Stream|[of] p2a: Tyranitar\n|move|p1a: Dodrio|Jump Kick|p2a: Tyranitar\n|-supereffective|p2a: Tyranitar\n|-damage|p2a: Tyranitar|0 fnt\n|faint|p2a: Tyranitar\n|\n|-weather|Sandstorm|[upkeep]\n|-damage|p1a: Dodrio|69\/100|[from] Sandstorm\n|upkeep\n|\n|t:|1662329106\n|switch|p2a: Excadrill|Excadrill, F|47\/100\n|turn|18\n|\n|t:|1662329109\n|switch|p1a: Mudsdale|Mudsdale, F|100\/100\n|-damage|p1a: Mudsdale|94\/100|[from] Stealth Rock\n|move|p2a: Excadrill|Iron Head|p1a: Mudsdale\n|-damage|p1a: Mudsdale|66\/100\n|-ability|p1a: Mudsdale|Stamina|boost\n|-boost|p1a: Mudsdale|def|1\n|\n|-weather|Sandstorm|[upkeep]\n|-heal|p2a: Excadrill|53\/100|[from] item: Leftovers\n|-heal|p1a: Mudsdale|72\/100|[from] item: Leftovers\n|upkeep\n|turn|19\n|\n|t:|1662329115\n|switch|p1a: Eelektross|Eelektross, M|26\/100\n|-damage|p1a: Eelektross|14\/100|[from] Stealth Rock\n|move|p2a: Excadrill|Toxic|p1a: Eelektross|[miss]\n|-miss|p2a: Excadrill|p1a: Eelektross\n|\n|-weather|Sandstorm|[upkeep]\n|-damage|p1a: Eelektross|7\/100|[from] Sandstorm\n|-heal|p2a: Excadrill|59\/100|[from] item: Leftovers\n|upkeep\n|turn|20\n|\n|t:|1662329118\n|move|p2a: Excadrill|Rapid Spin|p1a: Eelektross\n|-damage|p1a: Eelektross|0 fnt\n|-boost|p2a: Excadrill|spe|1\n|faint|p1a: Eelektross\n|\n|-weather|Sandstorm|[upkeep]\n|-heal|p2a: Excadrill|65\/100|[from] item: Leftovers\n|upkeep\n|\n|t:|1662329121\n|switch|p1a: Mudsdale|Mudsdale, F|72\/100\n|-damage|p1a: Mudsdale|66\/100|[from] Stealth Rock\n|turn|21\n|\n|t:|1662329125\n|move|p1a: Mudsdale|Protect|p1a: Mudsdale\n|-singleturn|p1a: Mudsdale|Protect\n|move|p2a: Excadrill|Toxic|p1a: Mudsdale\n|-activate|p1a: Mudsdale|move: Protect\n|\n|-weather|none\n|-heal|p2a: Excadrill|71\/100|[from] item: Leftovers\n|-heal|p1a: Mudsdale|72\/100|[from] item: Leftovers\n|upkeep\n|turn|22\n|\n|t:|1662329128\n|switch|p2a: Celesteela|Celesteela|100\/100\n|move|p1a: Mudsdale|Earthquake|p2a: Celesteela\n|-immune|p2a: Celesteela\n|\n|-heal|p1a: Mudsdale|78\/100|[from] item: Leftovers\n|upkeep\n|turn|23\n|\n|t:|1662329130\n|move|p2a: Celesteela|Leech Seed|p1a: Mudsdale\n|-start|p1a: Mudsdale|move: Leech Seed\n|move|p1a: Mudsdale|Stealth Rock|p2a: Celesteela\n|-sidestart|p2: hump|move: Stealth Rock\n|\n|-heal|p1a: Mudsdale|85\/100|[from] item: Leftovers\n|-damage|p1a: Mudsdale|72\/100|[from] Leech Seed|[of] p2a: Celesteela\n|upkeep\n|turn|24\n|\n|t:|1662329133\n|switch|p1a: lil bucky|Sawsbuck, F|47\/100\n|-damage|p1a: lil bucky|35\/100|[from] Stealth Rock\n|move|p2a: Celesteela|Flamethrower|p1a: lil bucky\n|-supereffective|p1a: lil bucky\n|-damage|p1a: lil bucky|0 fnt\n|faint|p1a: lil bucky\n|-ability|p2a: Celesteela|Beast Boost|boost\n|-boost|p2a: Celesteela|spd|1\n|\n|upkeep\n|\n|t:|1662329136\n|switch|p1a: Dodrio|Dodrio, M|69\/100\n|-damage|p1a: Dodrio|45\/100|[from] Stealth Rock\n|turn|25\n|\n|t:|1662329143\n|-zpower|p1a: Dodrio\n|move|p1a: Dodrio|Supersonic Skystrike|p2a: Celesteela|[zeffect]\n|-resisted|p2a: Celesteela\n|-damage|p2a: Celesteela|67\/100\n|move|p2a: Celesteela|Heavy Slam|p1a: Dodrio\n|-damage|p1a: Dodrio|0 fnt\n|faint|p1a: Dodrio\n|-ability|p2a: Celesteela|Beast Boost|boost\n|-boost|p2a: Celesteela|spd|1\n|\n|-heal|p2a: Celesteela|73\/100|[from] item: Leftovers\n|upkeep\n|\n|t:|1662329146\n|switch|p1a: Mudsdale|Mudsdale, F|72\/100\n|-damage|p1a: Mudsdale|66\/100|[from] Stealth Rock\n|turn|26\n|\n|t:|1662329149\n|move|p2a: Celesteela|Leech Seed|p1a: Mudsdale\n|-start|p1a: Mudsdale|move: Leech Seed\n|move|p1a: Mudsdale|Toxic|p2a: Celesteela\n|-immune|p2a: Celesteela\n|\n|-heal|p2a: Celesteela|79\/100|[from] item: Leftovers\n|-heal|p1a: Mudsdale|72\/100|[from] item: Leftovers\n|-damage|p1a: Mudsdale|60\/100|[from] Leech Seed|[of] p2a: Celesteela\n|-heal|p2a: Celesteela|91\/100|[silent]\n|upkeep\n|turn|27\n|\n|t:|1662329152\n|switch|p2a: Keldeo|Keldeo-Resolute|76\/100\n|-damage|p2a: Keldeo|70\/100|[from] Stealth Rock\n|move|p1a: Mudsdale|Toxic|p2a: Keldeo|[miss]\n|-miss|p1a: Mudsdale|p2a: Keldeo\n|\n|-heal|p2a: Keldeo|76\/100|[from] item: Leftovers\n|-heal|p1a: Mudsdale|66\/100|[from] item: Leftovers\n|-damage|p1a: Mudsdale|54\/100|[from] Leech Seed|[of] p2a: Keldeo\n|-heal|p2a: Keldeo|91\/100|[silent]\n|upkeep\n|turn|28\n|-message|Faygos forfeited.\n|\n|win|hump\n","uploadtime":1662329164,"views":25,"p1id":"faygos","p2id":"hump","formatid":"gen8nationaldex","rating":0,"private":0,"password":null}