{"id":"smogtours-gen7ubers-640851","p1":"Skysolo \u2764","p2":"Edna the goat","format":"gen7ubers","log":"|inactive|Battle timer is ON: inactive players will automatically lose when time's up.\n|t:|1659042453\n|gametype|singles\n|player|p1|Skysolo \u2764|#pspl2019ubers|\n|player|p2|Edna the goat|roxie|\n|teamsize|p1|6\n|teamsize|p2|6\n|gen|7\n|tier|[Gen 7] Ubers\n|rule|Sleep Clause Mod: Limit one foe put to sleep\n|rule|Species Clause: Limit one of each Pok\u00e9mon\n|rule|OHKO Clause: OHKO moves are banned\n|rule|Moody Clause: Moody is banned\n|rule|Evasion Moves Clause: Evasion moves are banned\n|rule|Endless Battle Clause: Forcing endless battles is banned\n|rule|HP Percentage Mod: HP is shown in percentages\n|rule|Mega Rayquaza Clause: You cannot mega evolve Rayquaza\n|clearpoke\n|poke|p1|Scolipede, F|item\n|poke|p1|Groudon|item\n|poke|p1|Arceus-*|item\n|poke|p1|Tyranitar, M|item\n|poke|p1|Necrozma-Dusk-Mane|item\n|poke|p1|Yveltal|item\n|poke|p2|Arceus-*|item\n|poke|p2|Groudon|item\n|poke|p2|Ho-Oh|item\n|poke|p2|Zygarde|item\n|poke|p2|Necrozma-Dusk-Mane|item\n|poke|p2|Xerneas-*|item\n|teampreview\n|c|\u2606Edna the goat|hf\n|c|\u2606Skysolo \u2764|u2\n|\n|t:|1659042482\n|start\n|switch|p1a: Scolipede|Scolipede, F|100\/100\n|switch|p2a: Ho-Oh|Ho-Oh|100\/100\n|turn|1\n|\n|t:|1659042487\n|move|p1a: Scolipede|Toxic Spikes|p2a: Ho-Oh\n|-sidestart|p2: Edna the goat|move: Toxic Spikes\n|move|p2a: Ho-Oh|Sacred Fire|p1a: Scolipede\n|-supereffective|p1a: Scolipede\n|-enditem|p1a: Scolipede|Focus Sash\n|-damage|p1a: Scolipede|1\/100\n|-damage|p2a: Ho-Oh|91\/100|[from] item: Life Orb\n|\n|-ability|p1a: Scolipede|Speed Boost|boost\n|-boost|p1a: Scolipede|spe|1\n|upkeep\n|turn|2\n|\n|t:|1659042501\n|move|p1a: Scolipede|Spikes|p2a: Ho-Oh\n|-sidestart|p2: Edna the goat|Spikes\n|move|p2a: Ho-Oh|Whirlwind|p1a: Scolipede\n|drag|p1a: Arceus|Arceus|100\/100\n|\n|upkeep\n|turn|3\n|\n|t:|1659042507\n|switch|p1a: Scolipede|Scolipede, F|1\/100\n|move|p2a: Ho-Oh|Sacred Fire|p1a: Scolipede\n|-supereffective|p1a: Scolipede\n|-damage|p1a: Scolipede|0 fnt\n|faint|p1a: Scolipede\n|-damage|p2a: Ho-Oh|81\/100|[from] item: Life Orb\n|\n|upkeep\n|\n|t:|1659042516\n|switch|p1a: Groudon|Groudon|100\/100\n|detailschange|p1a: Groudon|Groudon-Primal\n|-primal|p1a: Groudon\n|-weather|DesolateLand|[from] ability: Desolate Land|[of] p1a: Groudon\n|turn|4\n|\n|t:|1659042526\n|move|p2a: Ho-Oh|Brave Bird|p1a: Groudon\n|-damage|p1a: Groudon|52\/100\n|-damage|p2a: Ho-Oh|64\/100|[from] Recoil\n|-damage|p2a: Ho-Oh|54\/100|[from] item: Life Orb\n|move|p1a: Groudon|Stone Edge|p2a: Ho-Oh\n|-supereffective|p2a: Ho-Oh\n|-damage|p2a: Ho-Oh|0 fnt\n|faint|p2a: Ho-Oh\n|\n|-weather|DesolateLand|[upkeep]\n|upkeep\n|\n|t:|1659042538\n|switch|p2a: Arceus|Arceus-Dark|100\/100\n|-status|p2a: Arceus|psn\n|-damage|p2a: Arceus|88\/100 psn|[from] Spikes\n|turn|5\n|\n|t:|1659042545\n|-weather|none\n|switch|p1a: Yveltal|Yveltal|100\/100\n|-ability|p1a: Yveltal|Dark Aura\n|move|p2a: Arceus|Defog|p1a: Yveltal\n|-unboost|p1a: Yveltal|evasion|1\n|-sideend|p2: Edna the goat|Spikes|[from] move: Defog|[of] p2a: Arceus\n|-sideend|p2: Edna the goat|Toxic Spikes|[from] move: Defog|[of] p2a: Arceus\n|\n|-damage|p2a: Arceus|76\/100 psn|[from] psn\n|upkeep\n|turn|6\n|\n|t:|1659042551\n|switch|p2a: Xerneas|Xerneas|100\/100\n|-ability|p2a: Xerneas|Fairy Aura\n|move|p1a: Yveltal|Oblivion Wing|p2a: Xerneas\n|-damage|p2a: Xerneas|55\/100\n|-damage|p1a: Yveltal|91\/100|[from] item: Life Orb\n|\n|upkeep\n|turn|7\n|\n|t:|1659042564\n|switch|p1a: Groudon|Groudon-Primal|52\/100\n|-weather|DesolateLand|[from] ability: Desolate Land|[of] p1a: Groudon\n|move|p2a: Xerneas|Aromatherapy|p2a: Xerneas\n|-activate|p2a: Xerneas|move: Aromatherapy\n|-curestatus|p2: Arceus|psn|[msg]\n|\n|-weather|DesolateLand|[upkeep]\n|upkeep\n|turn|8\n|\n|t:|1659042570\n|switch|p2a: Zygarde|Zygarde|100\/100\n|move|p1a: Groudon|Precipice Blades|p2a: Zygarde\n|-damage|p2a: Zygarde|57\/100\n|\n|-weather|DesolateLand|[upkeep]\n|-heal|p2a: Zygarde|63\/100|[from] item: Leftovers\n|upkeep\n|turn|9\n|\n|t:|1659042577\n|switch|p2a: Arceus|Arceus-Dark|76\/100\n|move|p1a: Groudon|Stealth Rock|p2a: Arceus\n|-sidestart|p2: Edna the goat|move: Stealth Rock\n|\n|-weather|DesolateLand|[upkeep]\n|upkeep\n|turn|10\n|\n|t:|1659042582\n|move|p2a: Arceus|Judgment|p1a: Groudon\n|-damage|p1a: Groudon|6\/100\n|move|p1a: Groudon|Dragon Tail|p2a: Arceus\n|-damage|p2a: Arceus|59\/100\n|drag|p2a: Xerneas|Xerneas|55\/100\n|-damage|p2a: Xerneas|43\/100|[from] Stealth Rock\n|-ability|p2a: Xerneas|Fairy Aura\n|\n|-weather|DesolateLand|[upkeep]\n|upkeep\n|turn|11\n|\n|t:|1659042592\n|move|p2a: Xerneas|Moonblast|p1a: Groudon\n|-resisted|p1a: Groudon\n|-damage|p1a: Groudon|0 fnt\n|faint|p1a: Groudon\n|-weather|none\n|\n|upkeep\n|\n|t:|1659042604\n|switch|p1a: Arceus|Arceus|100\/100\n|turn|12\n|\n|t:|1659042617\n|move|p2a: Xerneas|Moonblast|p1a: Arceus\n|-damage|p1a: Arceus|56\/100\n|move|p1a: Arceus|Swords Dance|p1a: Arceus\n|-boost|p1a: Arceus|atk|2\n|\n|upkeep\n|turn|13\n|\n|t:|1659042643\n|move|p2a: Xerneas|Moonblast|p1a: Arceus\n|-damage|p1a: Arceus|10\/100\n|move|p1a: Arceus|Swords Dance|p1a: Arceus\n|-boost|p1a: Arceus|atk|2\n|\n|upkeep\n|turn|14\n|\n|t:|1659042654\n|move|p1a: Arceus|Extreme Speed|p2a: Xerneas\n|-damage|p2a: Xerneas|0 fnt\n|faint|p2a: Xerneas\n|\n|upkeep\n|\n|t:|1659042657\n|switch|p2a: Necrozma|Necrozma-Dusk-Mane|100\/100\n|-damage|p2a: Necrozma|94\/100|[from] Stealth Rock\n|turn|15\n|\n|t:|1659042661\n|move|p1a: Arceus|Extreme Speed|p2a: Necrozma\n|-resisted|p2a: Necrozma\n|-damage|p2a: Necrozma|46\/100\n|move|p2a: Necrozma|Sunsteel Strike|p1a: Arceus\n|-damage|p1a: Arceus|0 fnt\n|faint|p1a: Arceus\n|\n|upkeep\n|\n|t:|1659042673\n|switch|p1a: Necrozma|Necrozma-Dusk-Mane|100\/100\n|turn|16\n|\n|t:|1659042681\n|switch|p2a: Groudon|Groudon|100\/100\n|-damage|p2a: Groudon|94\/100|[from] Stealth Rock\n|detailschange|p2a: Groudon|Groudon-Primal\n|-primal|p2a: Groudon\n|-weather|DesolateLand|[from] ability: Desolate Land|[of] p2a: Groudon\n|move|p1a: Necrozma|Swords Dance|p1a: Necrozma\n|-boost|p1a: Necrozma|atk|2\n|\n|-weather|DesolateLand|[upkeep]\n|upkeep\n|turn|17\n|\n|t:|1659042690\n|detailschange|p1a: Necrozma|Necrozma-Ultra\n|-burst|p1a: Necrozma|Necrozma|Ultranecrozium Z\n|move|p1a: Necrozma|Earthquake|p2a: Groudon\n|-supereffective|p2a: Groudon\n|-damage|p2a: Groudon|0 fnt\n|faint|p2a: Groudon\n|-weather|none\n|\n|upkeep\n|\n|t:|1659042698\n|switch|p2a: Arceus|Arceus-Dark|59\/100\n|-damage|p2a: Arceus|46\/100|[from] Stealth Rock\n|turn|18\n|\n|t:|1659042702\n|move|p1a: Necrozma|Earthquake|p2a: Arceus\n|-damage|p2a: Arceus|3\/100\n|move|p2a: Arceus|Judgment|p1a: Necrozma\n|-supereffective|p1a: Necrozma\n|-damage|p1a: Necrozma|0 fnt\n|faint|p1a: Necrozma\n|\n|upkeep\n|\n|t:|1659042710\n|switch|p1a: Tyranitar|Tyranitar, M|100\/100\n|-weather|Sandstorm|[from] ability: Sand Stream|[of] p1a: Tyranitar\n|turn|19\n|\n|t:|1659042714\n|detailschange|p1a: Tyranitar|Tyranitar-Mega, M\n|-mega|p1a: Tyranitar|Tyranitar|Tyranitarite\n|move|p2a: Arceus|Recover|p2a: Arceus\n|-heal|p2a: Arceus|53\/100\n|move|p1a: Tyranitar|Dragon Dance|p1a: Tyranitar\n|-boost|p1a: Tyranitar|atk|1\n|-boost|p1a: Tyranitar|spe|1\n|\n|-weather|Sandstorm|[upkeep]\n|-damage|p2a: Arceus|46\/100|[from] Sandstorm\n|upkeep\n|turn|20\n|\n|t:|1659042719\n|switch|p2a: Zygarde|Zygarde|63\/100\n|-damage|p2a: Zygarde|57\/100|[from] Stealth Rock\n|move|p1a: Tyranitar|Earthquake|p2a: Zygarde\n|-damage|p2a: Zygarde|26\/100\n|\n|-weather|Sandstorm|[upkeep]\n|-heal|p2a: Zygarde|32\/100|[from] item: Leftovers\n|-activate|p2a: Zygarde|ability: Power Construct\n|detailschange|p2a: Zygarde|Zygarde-Complete\n|-heal|p2a: Zygarde|55\/100|[silent]\n|upkeep\n|turn|21\n|\n|t:|1659042729\n|move|p1a: Tyranitar|Ice Punch|p2a: Zygarde\n|-supereffective|p2a: Zygarde\n|-damage|p2a: Zygarde|0 fnt\n|faint|p2a: Zygarde\n|\n|-weather|Sandstorm|[upkeep]\n|upkeep\n|\n|t:|1659042733\n|switch|p2a: Necrozma|Necrozma-Dusk-Mane|46\/100\n|-damage|p2a: Necrozma|40\/100|[from] Stealth Rock\n|turn|22\n|\n|t:|1659042740\n|move|p1a: Tyranitar|Earthquake|p2a: Necrozma\n|-supereffective|p2a: Necrozma\n|-damage|p2a: Necrozma|0 fnt\n|faint|p2a: Necrozma\n|\n|-weather|Sandstorm|[upkeep]\n|upkeep\n|\n|t:|1659042742\n|switch|p2a: Arceus|Arceus-Dark|46\/100\n|-damage|p2a: Arceus|34\/100|[from] Stealth Rock\n|turn|23\n|c|\u2606Edna the goat|gg\n|\n|t:|1659042746\n|move|p1a: Tyranitar|Earthquake|p2a: Arceus\n|-crit|p2a: Arceus\n|-damage|p2a: Arceus|0 fnt\n|faint|p2a: Arceus\n|\n|win|Skysolo \u2764\n|c|\u2606Skysolo \u2764|gg\n","uploadtime":1659042747,"views":29,"p1id":"skysolo","p2id":"ednathegoat","formatid":"gen7ubers","rating":0,"private":0,"password":null}