{"id":"smogtours-gen6ou-656842","p1":"kinetic chain","p2":"Ninja","format":"gen6ou","log":"|inactive|Battle timer is ON: inactive players will automatically lose when time's up.\n|t:|1666550512\n|gametype|singles\n|player|p1|kinetic chain|swimmer-gen4|\n|player|p2|Ninja|#scl2shoguns|\n|teamsize|p1|6\n|teamsize|p2|6\n|gen|6\n|tier|[Gen 6] OU\n|rule|Sleep Clause Mod: Limit one foe put to sleep\n|rule|Species Clause: Limit one of each Pok\u00e9mon\n|rule|OHKO Clause: OHKO moves are banned\n|rule|Moody Clause: Moody is banned\n|rule|Evasion Items Clause: Evasion items are banned\n|rule|Evasion Moves Clause: Evasion moves are banned\n|rule|Endless Battle Clause: Forcing endless battles is banned\n|rule|HP Percentage Mod: HP is shown in percentages\n|rule|Swagger Clause: Swagger is banned\n|clearpoke\n|poke|p1|Lopunny, F|item\n|poke|p1|Volcanion|item\n|poke|p1|Excadrill, F|item\n|poke|p1|Clefable, F|item\n|poke|p1|Serperior, F|item\n|poke|p1|Tornadus-Therian, M|item\n|poke|p2|Garchomp, M|item\n|poke|p2|Amoonguss, M|item\n|poke|p2|Skarmory, M|item\n|poke|p2|Keldeo|item\n|poke|p2|Manectric, F|item\n|poke|p2|Tyranitar, M|item\n|teampreview\n|inactive|kinetic chain has 270 seconds left.\n|inactive|kinetic chain has 240 seconds left.\n|\n|t:|1666550595\n|start\n|switch|p1a: Clefable|Clefable, F|100\/100\n|switch|p2a: Manectric|Manectric, F, shiny|100\/100\n|turn|1\n|\n|t:|1666550606\n|switch|p1a: Excadrill|Excadrill, F|100\/100\n|-ability|p1a: Excadrill|Mold Breaker\n|detailschange|p2a: Manectric|Manectric-Mega, F, shiny\n|-mega|p2a: Manectric|Manectric|Manectite\n|-ability|p2a: Manectric|Intimidate|boost\n|-unboost|p1a: Excadrill|atk|1\n|move|p2a: Manectric|Volt Switch|p1a: Excadrill\n|-immune|p1a: Excadrill\n|\n|upkeep\n|turn|2\n|\n|t:|1666550622\n|switch|p2a: Skarmory|Skarmory, M|100\/100\n|move|p1a: Excadrill|Stealth Rock|p2a: Skarmory\n|-sidestart|p2: Ninja|move: Stealth Rock\n|\n|upkeep\n|turn|3\n|\n|t:|1666550627\n|switch|p1a: Volcanion|Volcanion|100\/100\n|move|p2a: Skarmory|Spikes|p1a: Volcanion\n|-sidestart|p1: kinetic chain|Spikes\n|\n|upkeep\n|turn|4\n|\n|t:|1666550634\n|switch|p2a: Keldeo|Keldeo|100\/100\n|-damage|p2a: Keldeo|94\/100|[from] Stealth Rock\n|move|p1a: Volcanion|Steam Eruption|p2a: Keldeo|[miss]\n|-miss|p1a: Volcanion|p2a: Keldeo\n|\n|upkeep\n|turn|5\n|\n|t:|1666550647\n|move|p1a: Volcanion|Protect|p1a: Volcanion\n|-singleturn|p1a: Volcanion|Protect\n|move|p2a: Keldeo|Secret Sword|p1a: Volcanion\n|-activate|p1a: Volcanion|move: Protect\n|\n|upkeep\n|turn|6\n|\n|t:|1666550654\n|move|p2a: Keldeo|Secret Sword|p1a: Volcanion\n|-damage|p1a: Volcanion|47\/100\n|move|p1a: Volcanion|Toxic|p2a: Keldeo\n|-status|p2a: Keldeo|tox\n|\n|-heal|p1a: Volcanion|53\/100|[from] item: Leftovers\n|-damage|p2a: Keldeo|88\/100 tox|[from] psn\n|upkeep\n|turn|7\n|\n|t:|1666550669\n|switch|p2a: Garchomp|Garchomp, M|100\/100\n|-damage|p2a: Garchomp|94\/100|[from] Stealth Rock\n|move|p1a: Volcanion|Protect||[still]\n|-fail|p1a: Volcanion\n|\n|-heal|p1a: Volcanion|59\/100|[from] item: Leftovers\n|upkeep\n|turn|8\n|\n|t:|1666550676\n|move|p2a: Garchomp|Stealth Rock|p1a: Volcanion\n|-sidestart|p1: kinetic chain|move: Stealth Rock\n|move|p1a: Volcanion|Toxic|p2a: Garchomp\n|-status|p2a: Garchomp|tox\n|\n|-heal|p1a: Volcanion|65\/100|[from] item: Leftovers\n|-damage|p2a: Garchomp|88\/100 tox|[from] psn\n|upkeep\n|turn|9\n|\n|t:|1666550686\n|move|p1a: Volcanion|Protect|p1a: Volcanion\n|-singleturn|p1a: Volcanion|Protect\n|move|p2a: Garchomp|Earthquake|p1a: Volcanion\n|-activate|p1a: Volcanion|move: Protect\n|\n|-heal|p1a: Volcanion|71\/100|[from] item: Leftovers\n|-damage|p2a: Garchomp|76\/100 tox|[from] psn\n|upkeep\n|turn|10\n|\n|t:|1666550694\n|switch|p2a: Manectric|Manectric-Mega, F, shiny|100\/100\n|-damage|p2a: Manectric|88\/100|[from] Stealth Rock\n|-ability|p2a: Manectric|Intimidate|boost\n|-unboost|p1a: Volcanion|atk|1\n|switch|p1a: Clefable|Clefable, F|100\/100\n|\n|upkeep\n|turn|11\n|\n|t:|1666550704\n|switch|p1a: Excadrill|Excadrill, F|100\/100\n|-damage|p1a: Excadrill|88\/100|[from] Spikes\n|-damage|p1a: Excadrill|85\/100|[from] Stealth Rock\n|-ability|p1a: Excadrill|Mold Breaker\n|move|p2a: Manectric|Volt Switch|p1a: Excadrill\n|-immune|p1a: Excadrill\n|\n|-heal|p1a: Excadrill|91\/100|[from] item: Leftovers\n|upkeep\n|turn|12\n|inactive|kinetic chain has 270 seconds left.\n|inactive|Ninja has 270 seconds left.\n|\n|t:|1666550756\n|switch|p2a: Skarmory|Skarmory, M|100\/100\n|-damage|p2a: Skarmory|88\/100|[from] Stealth Rock\n|move|p1a: Excadrill|Rapid Spin|p2a: Skarmory\n|-resisted|p2a: Skarmory\n|-damage|p2a: Skarmory|86\/100\n|-damage|p1a: Excadrill|75\/100|[from] item: Rocky Helmet|[of] p2a: Skarmory\n|-sideend|p1: kinetic chain|Spikes|[from] move: Rapid Spin|[of] p1a: Excadrill\n|-sideend|p1: kinetic chain|Stealth Rock|[from] move: Rapid Spin|[of] p1a: Excadrill\n|\n|-heal|p1a: Excadrill|81\/100|[from] item: Leftovers\n|upkeep\n|turn|13\n|\n|t:|1666550766\n|switch|p1a: Volcanion|Volcanion|71\/100\n|move|p2a: Skarmory|Spikes|p1a: Volcanion\n|-sidestart|p1: kinetic chain|Spikes\n|\n|-heal|p1a: Volcanion|77\/100|[from] item: Leftovers\n|upkeep\n|turn|14\n|\n|t:|1666550773\n|switch|p2a: Garchomp|Garchomp, M|76\/100 tox\n|-damage|p2a: Garchomp|70\/100 tox|[from] Stealth Rock\n|move|p1a: Volcanion|Steam Eruption|p2a: Garchomp\n|-damage|p2a: Garchomp|14\/100 tox\n|\n|-heal|p1a: Volcanion|83\/100|[from] item: Leftovers\n|-damage|p2a: Garchomp|8\/100 tox|[from] psn\n|upkeep\n|turn|15\n|inactive|kinetic chain has 270 seconds left.\n|\n|t:|1666550782\n|move|p2a: Garchomp|Stealth Rock|p1a: Volcanion\n|-sidestart|p1: kinetic chain|move: Stealth Rock\n|move|p1a: Volcanion|Flamethrower|p2a: Garchomp\n|-resisted|p2a: Garchomp\n|-damage|p2a: Garchomp|0 fnt\n|faint|p2a: Garchomp\n|\n|-heal|p1a: Volcanion|89\/100|[from] item: Leftovers\n|upkeep\n|\n|t:|1666550785\n|switch|p2a: Tyranitar|Tyranitar, M|100\/100\n|-damage|p2a: Tyranitar|88\/100|[from] Stealth Rock\n|-weather|Sandstorm|[from] ability: Sand Stream|[of] p2a: Tyranitar\n|turn|16\n|\n|t:|1666550794\n|move|p1a: Volcanion|Protect|p1a: Volcanion\n|-singleturn|p1a: Volcanion|Protect\n|move|p2a: Tyranitar|Stone Edge|p1a: Volcanion\n|-activate|p1a: Volcanion|move: Protect\n|\n|-weather|Sandstorm|[upkeep]\n|-damage|p1a: Volcanion|83\/100|[from] Sandstorm\n|-heal|p1a: Volcanion|89\/100|[from] item: Leftovers\n|upkeep\n|turn|17\n|inactive|kinetic chain has 270 seconds left.\n|\n|t:|1666550816\n|switch|p2a: Keldeo|Keldeo|88\/100 tox\n|-damage|p2a: Keldeo|82\/100 tox|[from] Stealth Rock\n|move|p1a: Volcanion|Steam Eruption|p2a: Keldeo\n|-resisted|p2a: Keldeo\n|-damage|p2a: Keldeo|49\/100 tox\n|\n|-weather|Sandstorm|[upkeep]\n|-damage|p2a: Keldeo|43\/100 tox|[from] Sandstorm\n|-damage|p1a: Volcanion|83\/100|[from] Sandstorm\n|-heal|p1a: Volcanion|89\/100|[from] item: Leftovers\n|-damage|p2a: Keldeo|37\/100 tox|[from] psn\n|upkeep\n|turn|18\n|inactive|kinetic chain has 270 seconds left.\n|\n|t:|1666550837\n|move|p2a: Keldeo|Focus Blast|p1a: Volcanion\n|-damage|p1a: Volcanion|0 fnt\n|faint|p1a: Volcanion\n|\n|-weather|Sandstorm|[upkeep]\n|-damage|p2a: Keldeo|31\/100 tox|[from] Sandstorm\n|-damage|p2a: Keldeo|18\/100 tox|[from] psn\n|upkeep\n|\n|t:|1666550844\n|switch|p1a: Tornadus|Tornadus-Therian, M|100\/100\n|-damage|p1a: Tornadus|76\/100|[from] Stealth Rock\n|turn|19\n|inactive|kinetic chain has 240 seconds left.\n|\n|t:|1666550877\n|switch|p2a: Manectric|Manectric-Mega, F, shiny|88\/100\n|-damage|p2a: Manectric|76\/100|[from] Stealth Rock\n|-ability|p2a: Manectric|Intimidate|boost\n|-unboost|p1a: Tornadus|atk|1\n|move|p1a: Tornadus|Air Slash|p2a: Manectric\n|-resisted|p2a: Manectric\n|-damage|p2a: Manectric|53\/100\n|\n|-weather|Sandstorm|[upkeep]\n|-damage|p2a: Manectric|47\/100|[from] Sandstorm\n|-damage|p1a: Tornadus|69\/100|[from] Sandstorm\n|upkeep\n|turn|20\n|inactive|kinetic chain has 240 seconds left.\n|inactive|kinetic chain has 210 seconds left.\n|inactive|kinetic chain has 180 seconds left.\n|inactive|kinetic chain has 150 seconds left.\n|inactive|kinetic chain has 120 seconds left.\n|\n|t:|1666551013\n|switch|p1a: Clefable|Clefable, F|100\/100\n|move|p2a: Manectric|Volt Switch|p1a: Clefable\n|-damage|p1a: Clefable|65\/100\n|inactive|Ninja has 270 seconds left.\n|\n|t:|1666551029\n|switch|p2a: Amoonguss|Amoonguss, M|100\/100|[from]move: Volt Switch\n|-damage|p2a: Amoonguss|88\/100|[from] Stealth Rock\n|\n|-weather|none\n|-heal|p1a: Clefable|71\/100|[from] item: Leftovers\n|-heal|p2a: Amoonguss|94\/100|[from] item: Black Sludge\n|upkeep\n|turn|21\n|inactive|kinetic chain has 120 seconds left.\n|\n|t:|1666551041\n|switch|p1a: Lopunny|Lopunny, F|100\/100\n|-damage|p1a: Lopunny|88\/100|[from] Spikes\n|-damage|p1a: Lopunny|76\/100|[from] Stealth Rock\n|move|p2a: Amoonguss|Spore|p1a: Lopunny\n|-status|p1a: Lopunny|slp|[from] move: Spore\n|\n|-heal|p2a: Amoonguss|99\/100|[from] item: Black Sludge\n|upkeep\n|turn|22\n|inactive|kinetic chain has 120 seconds left.\n|\n|t:|1666551054\n|switch|p1a: Tornadus|Tornadus-Therian, M|100\/100\n|-damage|p1a: Tornadus|76\/100|[from] Stealth Rock\n|switch|p2a: Skarmory|Skarmory, M|86\/100\n|-damage|p2a: Skarmory|74\/100|[from] Stealth Rock\n|\n|upkeep\n|turn|23\n|\n|t:|1666551063\n|switch|p2a: Tyranitar|Tyranitar, M|88\/100\n|-damage|p2a: Tyranitar|76\/100|[from] Stealth Rock\n|-weather|Sandstorm|[from] ability: Sand Stream|[of] p2a: Tyranitar\n|move|p1a: Tornadus|U-turn|p2a: Tyranitar\n|-supereffective|p2a: Tyranitar\n|-damage|p2a: Tyranitar|51\/100\n|inactive|kinetic chain has 120 seconds left.\n|\n|t:|1666551084\n|switch|p1a: Excadrill|Excadrill, F|81\/100|[from]move: U-turn\n|-damage|p1a: Excadrill|68\/100|[from] Spikes\n|-damage|p1a: Excadrill|65\/100|[from] Stealth Rock\n|-ability|p1a: Excadrill|Mold Breaker\n|\n|-weather|Sandstorm|[upkeep]\n|-heal|p1a: Excadrill|71\/100|[from] item: Leftovers\n|upkeep\n|turn|24\n|\n|t:|1666551095\n|move|p1a: Excadrill|Rapid Spin|p2a: Tyranitar\n|-resisted|p2a: Tyranitar\n|-damage|p2a: Tyranitar|48\/100\n|-sideend|p1: kinetic chain|Spikes|[from] move: Rapid Spin|[of] p1a: Excadrill\n|-sideend|p1: kinetic chain|Stealth Rock|[from] move: Rapid Spin|[of] p1a: Excadrill\n|move|p2a: Tyranitar|Crunch|p1a: Excadrill\n|-damage|p1a: Excadrill|0 fnt\n|faint|p1a: Excadrill\n|\n|-weather|Sandstorm|[upkeep]\n|upkeep\n|\n|t:|1666551112\n|switch|p1a: Serperior|Serperior, F|100\/100\n|turn|25\n|\n|t:|1666551116\n|switch|p2a: Amoonguss|Amoonguss, M|100\/100\n|-damage|p2a: Amoonguss|88\/100|[from] Stealth Rock\n|move|p1a: Serperior|Glare|p2a: Amoonguss\n|-status|p2a: Amoonguss|par\n|\n|-weather|Sandstorm|[upkeep]\n|-damage|p1a: Serperior|94\/100|[from] Sandstorm\n|-damage|p2a: Amoonguss|82\/100 par|[from] Sandstorm\n|-heal|p1a: Serperior|100\/100|[from] item: Leftovers\n|-heal|p2a: Amoonguss|88\/100 par|[from] item: Black Sludge\n|upkeep\n|turn|26\n|\n|t:|1666551127\n|move|p1a: Serperior|Knock Off|p2a: Amoonguss\n|-damage|p2a: Amoonguss|76\/100 par\n|-enditem|p2a: Amoonguss|Black Sludge|[from] move: Knock Off|[of] p1a: Serperior\n|move|p2a: Amoonguss|Clear Smog|p1a: Serperior\n|-supereffective|p1a: Serperior\n|-damage|p1a: Serperior|64\/100\n|-clearboost|p1a: Serperior\n|\n|-weather|Sandstorm|[upkeep]\n|-damage|p1a: Serperior|58\/100|[from] Sandstorm\n|-damage|p2a: Amoonguss|70\/100 par|[from] Sandstorm\n|-heal|p1a: Serperior|64\/100|[from] item: Leftovers\n|upkeep\n|turn|27\n|\n|t:|1666551145\n|switch|p1a: Tornadus|Tornadus-Therian, M|100\/100\n|switch|p2a: Skarmory|Skarmory, M|74\/100\n|-damage|p2a: Skarmory|62\/100|[from] Stealth Rock\n|\n|-weather|none\n|upkeep\n|turn|28\n|\n|t:|1666551152\n|move|p1a: Tornadus|Heat Wave|p2a: Skarmory\n|-supereffective|p2a: Skarmory\n|-damage|p2a: Skarmory|0 fnt\n|faint|p2a: Skarmory\n|\n|upkeep\n|\n|t:|1666551171\n|switch|p2a: Tyranitar|Tyranitar, M|48\/100\n|-damage|p2a: Tyranitar|36\/100|[from] Stealth Rock\n|-weather|Sandstorm|[from] ability: Sand Stream|[of] p2a: Tyranitar\n|turn|29\n|\n|t:|1666551176\n|move|p1a: Tornadus|U-turn|p2a: Tyranitar\n|-supereffective|p2a: Tyranitar\n|-damage|p2a: Tyranitar|10\/100\n|-activate|p1a: Tornadus|move: Pursuit\n|move|p2a: Tyranitar|Pursuit|p1a: Tornadus|[from]Pursuit\n|-damage|p1a: Tornadus|22\/100\n|\n|t:|1666551188\n|switch|p1a: Clefable|Clefable, F|71\/100|[from]move: U-turn\n|\n|-weather|Sandstorm|[upkeep]\n|-heal|p1a: Clefable|77\/100|[from] item: Leftovers\n|upkeep\n|turn|30\n|\n|t:|1666551195\n|switch|p2a: Amoonguss|Amoonguss, M|100\/100 par\n|-damage|p2a: Amoonguss|88\/100 par|[from] Stealth Rock\n|move|p1a: Clefable|Calm Mind|p1a: Clefable\n|-boost|p1a: Clefable|spa|1\n|-boost|p1a: Clefable|spd|1\n|\n|-weather|Sandstorm|[upkeep]\n|-damage|p2a: Amoonguss|82\/100 par|[from] Sandstorm\n|-heal|p1a: Clefable|83\/100|[from] item: Leftovers\n|upkeep\n|turn|31\n|\n|t:|1666551204\n|move|p1a: Clefable|Ice Beam|p2a: Amoonguss\n|-supereffective|p2a: Amoonguss\n|-damage|p2a: Amoonguss|29\/100 par\n|move|p2a: Amoonguss|Clear Smog|p1a: Clefable\n|-supereffective|p1a: Clefable\n|-damage|p1a: Clefable|62\/100\n|-clearboost|p1a: Clefable\n|\n|-weather|Sandstorm|[upkeep]\n|-damage|p2a: Amoonguss|23\/100 par|[from] Sandstorm\n|-heal|p1a: Clefable|68\/100|[from] item: Leftovers\n|upkeep\n|turn|32\n|\n|t:|1666551217\n|switch|p2a: Tyranitar|Tyranitar, M|10\/100\n|-damage|p2a: Tyranitar|0 fnt|[from] Stealth Rock\n|faint|p2a: Tyranitar\n|move|p1a: Clefable|Soft-Boiled|p1a: Clefable\n|-heal|p1a: Clefable|100\/100\n|\n|-weather|Sandstorm|[upkeep]\n|upkeep\n|\n|t:|1666551219\n|switch|p2a: Keldeo|Keldeo|18\/100 tox\n|-damage|p2a: Keldeo|12\/100 tox|[from] Stealth Rock\n|turn|33\n|\n|t:|1666551231\n|switch|p1a: Serperior|Serperior, F|64\/100\n|move|p2a: Keldeo|Hydro Pump|p1a: Serperior\n|-resisted|p1a: Serperior\n|-damage|p1a: Serperior|15\/100\n|\n|-weather|none\n|-heal|p1a: Serperior|21\/100|[from] item: Leftovers\n|-damage|p2a: Keldeo|6\/100 tox|[from] psn\n|upkeep\n|turn|34\n|\n|t:|1666551240\n|switch|p2a: Amoonguss|Amoonguss, M|56\/100 par\n|-damage|p2a: Amoonguss|44\/100 par|[from] Stealth Rock\n|move|p1a: Serperior|Leaf Storm|p2a: Amoonguss|[miss]\n|-miss|p1a: Serperior|p2a: Amoonguss\n|\n|-heal|p1a: Serperior|27\/100|[from] item: Leftovers\n|upkeep\n|turn|35\n|inactive|kinetic chain has 150 seconds left.\n|\n|t:|1666551249\n|switch|p1a: Tornadus|Tornadus-Therian, M|55\/100\n|switch|p2a: Manectric|Manectric-Mega, F, shiny|47\/100\n|-damage|p2a: Manectric|35\/100|[from] Stealth Rock\n|-ability|p2a: Manectric|Intimidate|boost\n|-unboost|p1a: Tornadus|atk|1\n|\n|upkeep\n|turn|36\n|\n|t:|1666551257\n|switch|p1a: Serperior|Serperior, F|27\/100\n|move|p2a: Manectric|Thunderbolt|p1a: Serperior\n|-resisted|p1a: Serperior\n|-damage|p1a: Serperior|1\/100\n|\n|-heal|p1a: Serperior|7\/100|[from] item: Leftovers\n|upkeep\n|turn|37\n|\n|t:|1666551264\n|move|p2a: Manectric|Thunderbolt|p1a: Serperior\n|-resisted|p1a: Serperior\n|-damage|p1a: Serperior|0 fnt\n|faint|p1a: Serperior\n|\n|upkeep\n|\n|t:|1666551272\n|switch|p1a: Clefable|Clefable, F|100\/100\n|turn|38\n|\n|t:|1666551278\n|move|p2a: Manectric|Thunderbolt|p1a: Clefable\n|-damage|p1a: Clefable|52\/100\n|move|p1a: Clefable|Calm Mind|p1a: Clefable\n|-boost|p1a: Clefable|spa|1\n|-boost|p1a: Clefable|spd|1\n|\n|-heal|p1a: Clefable|58\/100|[from] item: Leftovers\n|upkeep\n|turn|39\n|\n|t:|1666551286\n|move|p2a: Manectric|Thunderbolt|p1a: Clefable\n|-damage|p1a: Clefable|25\/100\n|-status|p1a: Clefable|par\n|cant|p1a: Clefable|par\n|\n|-heal|p1a: Clefable|31\/100 par|[from] item: Leftovers\n|upkeep\n|turn|40\n|inactive|kinetic chain has 150 seconds left.\n|\n|t:|1666551339\n|move|p2a: Manectric|Thunderbolt|p1a: Clefable\n|-damage|p1a: Clefable|1\/100 par\n|cant|p1a: Clefable|par\n|\n|-heal|p1a: Clefable|7\/100 par|[from] item: Leftovers\n|upkeep\n|turn|41\n|inactive|kinetic chain has 120 seconds left.\n|\n|t:|1666551371\n|move|p2a: Manectric|Thunderbolt|p1a: Clefable\n|-damage|p1a: Clefable|0 fnt\n|faint|p1a: Clefable\n|\n|upkeep\n|\n|t:|1666551374\n|switch|p1a: Tornadus|Tornadus-Therian, M|89\/100\n|turn|42\n|inactive|kinetic chain has 120 seconds left.\n|\n|t:|1666551393\n|move|p2a: Manectric|Volt Switch|p1a: Tornadus\n|-supereffective|p1a: Tornadus\n|-damage|p1a: Tornadus|37\/100\n|\n|t:|1666551396\n|switch|p2a: Keldeo|Keldeo|6\/100 tox|[from]move: Volt Switch\n|-damage|p2a: Keldeo|0 fnt|[from] Stealth Rock\n|faint|p2a: Keldeo\n|move|p1a: Tornadus|U-turn|p2: Keldeo|[notarget]\n|-fail|p1a: Tornadus\n|\n|upkeep\n|\n|t:|1666551397\n|switch|p2a: Manectric|Manectric-Mega, F, shiny|35\/100\n|-damage|p2a: Manectric|22\/100|[from] Stealth Rock\n|-ability|p2a: Manectric|Intimidate|boost\n|-unboost|p1a: Tornadus|atk|1\n|turn|43\n|inactive|kinetic chain has 120 seconds left.\n|inactive|kinetic chain has 90 seconds left.\n|\n|t:|1666551442\n|move|p2a: Manectric|Thunderbolt|p1a: Tornadus\n|-supereffective|p1a: Tornadus\n|-damage|p1a: Tornadus|0 fnt\n|faint|p1a: Tornadus\n|\n|upkeep\n|\n|t:|1666551446\n|switch|p1a: Lopunny|Lopunny, F|76\/100 slp\n|turn|44\n|\n|t:|1666551453\n|detailschange|p1a: Lopunny|Lopunny-Mega, F\n|-mega|p1a: Lopunny|Lopunny|Lopunnite\n|cant|p1a: Lopunny|slp\n|move|p2a: Manectric|Thunderbolt|p1a: Lopunny\n|-damage|p1a: Lopunny|15\/100 slp\n|\n|upkeep\n|turn|45\n|\n|t:|1666551458\n|move|p2a: Manectric|Thunderbolt|p1a: Lopunny\n|-damage|p1a: Lopunny|0 fnt\n|faint|p1a: Lopunny\n|\n|win|Ninja\n|c|\u2606Ninja|mb for paras\n","uploadtime":1666551459,"views":13,"p1id":"kineticchain","p2id":"ninja","formatid":"gen6ou","rating":0,"private":0,"password":null}