{"id":"smogtours-gen6uu-656953","p1":"ayevon","p2":"Shiba","format":"gen6uu","log":"|inactive|Battle timer is ON: inactive players will automatically lose when time's up.\n|t:|1666558220\n|gametype|singles\n|player|p1|ayevon|101|\n|player|p2|Shiba|#advpliiaquacordeanglerfish|\n|teamsize|p1|6\n|teamsize|p2|6\n|gen|6\n|tier|[Gen 6] UU\n|rule|Sleep Clause Mod: Limit one foe put to sleep\n|rule|Species Clause: Limit one of each Pok\u00e9mon\n|rule|OHKO Clause: OHKO moves are banned\n|rule|Moody Clause: Moody is banned\n|rule|Evasion Items Clause: Evasion items are banned\n|rule|Evasion Moves Clause: Evasion moves are banned\n|rule|Endless Battle Clause: Forcing endless battles is banned\n|rule|HP Percentage Mod: HP is shown in percentages\n|rule|Swagger Clause: Swagger is banned\n|clearpoke\n|poke|p1|Cobalion|item\n|poke|p1|Roserade, M|item\n|poke|p1|Mandibuzz, F|item\n|poke|p1|Slowking, M|item\n|poke|p1|Aerodactyl, M|item\n|poke|p1|Nidoqueen, F|item\n|poke|p2|Feraligatr, F|item\n|poke|p2|Heracross, M|item\n|poke|p2|Nidoqueen, F|item\n|poke|p2|Cresselia, F|item\n|poke|p2|Klefki, F|item\n|poke|p2|Gyarados, F|item\n|teampreview\n|inactive|ayevon also wants the timer to be on.\n|c|\u2606ayevon|hf\n|c|\u2606Shiba|u2\n|inactive|ayevon has 270 seconds left.\n|inactive|Shiba has 270 seconds left.\n|inactive|ayevon has 240 seconds left.\n|\n|t:|1666558289\n|start\n|switch|p1a: Roserade|Roserade, M|100\/100\n|switch|p2a: Feraligatr|Feraligatr, F|100\/100\n|turn|1\n|\n|t:|1666558298\n|switch|p2a: Klefki|Klefki, F|100\/100\n|move|p1a: Roserade|Leaf Storm|p2a: Klefki\n|-resisted|p2a: Klefki\n|-damage|p2a: Klefki|67\/100\n|-unboost|p1a: Roserade|spa|2\n|\n|-heal|p2a: Klefki|73\/100|[from] item: Leftovers\n|upkeep\n|turn|2\n|\n|t:|1666558303\n|move|p2a: Klefki|Spikes|p1a: Roserade\n|-sidestart|p1: ayevon|Spikes\n|move|p1a: Roserade|Sleep Powder|p2a: Klefki\n|-status|p2a: Klefki|slp|[from] move: Sleep Powder\n|\n|-heal|p2a: Klefki|78\/100 slp|[from] item: Leftovers\n|upkeep\n|turn|3\n|\n|t:|1666558311\n|switch|p1a: Slowking|Slowking, M|100\/100\n|-damage|p1a: Slowking|88\/100|[from] Spikes\n|cant|p2a: Klefki|slp\n|\n|-heal|p2a: Klefki|84\/100 slp|[from] item: Leftovers\n|upkeep\n|turn|4\n|\n|t:|1666558320\n|switch|p1a: Nidoqueen|Nidoqueen, F|100\/100\n|-damage|p1a: Nidoqueen|88\/100|[from] Spikes\n|cant|p2a: Klefki|slp\n|\n|-heal|p2a: Klefki|90\/100 slp|[from] item: Leftovers\n|upkeep\n|turn|5\n|\n|t:|1666558327\n|switch|p2a: Cresselia|Cresselia, F|100\/100\n|move|p1a: Nidoqueen|Stealth Rock|p2a: Cresselia\n|-sidestart|p2: Shiba|move: Stealth Rock\n|\n|upkeep\n|turn|6\n|\n|t:|1666558335\n|switch|p1a: Slowking|Slowking, M|100\/100\n|-damage|p1a: Slowking|88\/100|[from] Spikes\n|move|p2a: Cresselia|Thunder Wave|p1a: Slowking\n|-status|p1a: Slowking|par\n|\n|upkeep\n|turn|7\n|\n|t:|1666558349\n|switch|p2a: Klefki|Klefki, F|90\/100 slp\n|-damage|p2a: Klefki|84\/100 slp|[from] Stealth Rock\n|move|p1a: Slowking|Scald|p2a: Klefki\n|-damage|p2a: Klefki|60\/100 slp\n|\n|-heal|p2a: Klefki|66\/100 slp|[from] item: Leftovers\n|upkeep\n|turn|8\n|\n|t:|1666558360\n|cant|p2a: Klefki|slp\n|cant|p1a: Slowking|par\n|\n|-heal|p2a: Klefki|72\/100 slp|[from] item: Leftovers\n|upkeep\n|turn|9\n|\n|t:|1666558363\n|-curestatus|p2a: Klefki|slp|[msg]\n|move|p2a: Klefki|Spikes|p1a: Slowking\n|-sidestart|p1: ayevon|Spikes\n|move|p1a: Slowking|Scald|p2a: Klefki\n|-damage|p2a: Klefki|46\/100\n|-status|p2a: Klefki|brn\n|\n|-heal|p2a: Klefki|52\/100 brn|[from] item: Leftovers\n|-damage|p2a: Klefki|40\/100 brn|[from] brn\n|upkeep\n|turn|10\n|\n|t:|1666558372\n|move|p2a: Klefki|Spikes|p1a: Slowking\n|-sidestart|p1: ayevon|Spikes\n|move|p1a: Slowking|Scald|p2a: Klefki\n|-damage|p2a: Klefki|16\/100 brn\n|\n|-heal|p2a: Klefki|22\/100 brn|[from] item: Leftovers\n|-damage|p2a: Klefki|9\/100 brn|[from] brn\n|upkeep\n|turn|11\n|\n|t:|1666558379\n|switch|p2a: Heracross|Heracross, M|100\/100\n|-damage|p2a: Heracross|88\/100|[from] Stealth Rock\n|cant|p1a: Slowking|par\n|\n|-heal|p2a: Heracross|94\/100|[from] item: Leftovers\n|upkeep\n|turn|12\n|inactive|ayevon has 270 seconds left.\n|\n|t:|1666558416\n|switch|p1a: Cobalion|Cobalion|100\/100\n|-damage|p1a: Cobalion|76\/100|[from] Spikes\n|move|p2a: Heracross|Swords Dance|p2a: Heracross\n|-boost|p2a: Heracross|atk|2\n|\n|-heal|p2a: Heracross|99\/100|[from] item: Leftovers\n|upkeep\n|turn|13\n|\n|t:|1666558420\n|move|p1a: Cobalion|Zen Headbutt|p2a: Heracross\n|-supereffective|p2a: Heracross\n|-damage|p2a: Heracross|34\/100\n|move|p2a: Heracross|Close Combat|p1a: Cobalion\n|-supereffective|p1a: Cobalion\n|-damage|p1a: Cobalion|0 fnt\n|-unboost|p2a: Heracross|def|1\n|-unboost|p2a: Heracross|spd|1\n|faint|p1a: Cobalion\n|\n|-heal|p2a: Heracross|40\/100|[from] item: Leftovers\n|upkeep\n|inactive|ayevon has 270 seconds left.\n|\n|t:|1666558447\n|switch|p1a: Aerodactyl|Aerodactyl, M|100\/100\n|-ability|p1a: Aerodactyl|Unnerve\n|turn|14\n|\n|t:|1666558458\n|switch|p2a: Cresselia|Cresselia, F|100\/100\n|-damage|p2a: Cresselia|88\/100|[from] Stealth Rock\n|detailschange|p1a: Aerodactyl|Aerodactyl-Mega, M\n|-mega|p1a: Aerodactyl|Aerodactyl|Aerodactylite\n|move|p1a: Aerodactyl|Aerial Ace|p2a: Cresselia\n|-damage|p2a: Cresselia|58\/100\n|\n|upkeep\n|turn|15\n|\n|t:|1666558468\n|switch|p1a: Slowking|Slowking, M|100\/100 par\n|-damage|p1a: Slowking|76\/100 par|[from] Spikes\n|move|p2a: Cresselia|Moonlight|p2a: Cresselia\n|-heal|p2a: Cresselia|100\/100\n|\n|upkeep\n|turn|16\n|inactive|ayevon has 270 seconds left.\n|\n|t:|1666558490\n|switch|p2a: Klefki|Klefki, F|9\/100 brn\n|-damage|p2a: Klefki|3\/100 brn|[from] Stealth Rock\n|move|p1a: Slowking|Scald|p2a: Klefki\n|-damage|p2a: Klefki|0 fnt\n|faint|p2a: Klefki\n|\n|upkeep\n|inactive|Shiba has 270 seconds left.\n|\n|t:|1666558523\n|switch|p2a: Nidoqueen|Nidoqueen, F|100\/100\n|-damage|p2a: Nidoqueen|94\/100|[from] Stealth Rock\n|turn|17\n|\n|t:|1666558541\n|move|p2a: Nidoqueen|Stealth Rock|p1a: Slowking\n|-sidestart|p1: ayevon|move: Stealth Rock\n|move|p1a: Slowking|Scald|p2a: Nidoqueen\n|-supereffective|p2a: Nidoqueen\n|-damage|p2a: Nidoqueen|33\/100\n|-status|p2a: Nidoqueen|brn\n|\n|-damage|p2a: Nidoqueen|21\/100 brn|[from] brn\n|upkeep\n|turn|18\n|\n|t:|1666558550\n|move|p2a: Nidoqueen|Sludge Wave|p1a: Slowking\n|-damage|p1a: Slowking|21\/100 par\n|move|p1a: Slowking|Slack Off|p1a: Slowking\n|-heal|p1a: Slowking|71\/100 par\n|\n|-damage|p2a: Nidoqueen|8\/100 brn|[from] brn\n|upkeep\n|turn|19\n|\n|t:|1666558565\n|switch|p1a: Nidoqueen|Nidoqueen, F|88\/100\n|-damage|p1a: Nidoqueen|63\/100|[from] Spikes\n|-damage|p1a: Nidoqueen|57\/100|[from] Stealth Rock\n|move|p2a: Nidoqueen|Sludge Wave|p1a: Nidoqueen\n|-resisted|p1a: Nidoqueen\n|-damage|p1a: Nidoqueen|40\/100\n|\n|-damage|p2a: Nidoqueen|0 fnt|[from] brn\n|faint|p2a: Nidoqueen\n|upkeep\n|\n|t:|1666558587\n|switch|p2a: Cresselia|Cresselia, F|100\/100\n|-damage|p2a: Cresselia|88\/100|[from] Stealth Rock\n|turn|20\n|inactive|ayevon has 270 seconds left.\n|\n|t:|1666558599\n|switch|p2a: Heracross|Heracross, M|40\/100\n|-damage|p2a: Heracross|28\/100|[from] Stealth Rock\n|move|p1a: Nidoqueen|Sludge Wave|p2a: Heracross\n|-damage|p2a: Heracross|0 fnt\n|faint|p2a: Heracross\n|\n|upkeep\n|\n|t:|1666558605\n|switch|p2a: Gyarados|Gyarados, F, shiny|100\/100\n|-damage|p2a: Gyarados|76\/100|[from] Stealth Rock\n|-ability|p2a: Gyarados|Intimidate|boost\n|-unboost|p1a: Nidoqueen|atk|1\n|turn|21\n|inactive|ayevon has 270 seconds left.\n|\n|t:|1666558630\n|move|p2a: Gyarados|Substitute|p2a: Gyarados\n|-start|p2a: Gyarados|Substitute\n|-damage|p2a: Gyarados|51\/100\n|move|p1a: Nidoqueen|Sludge Wave|p2a: Gyarados\n|-end|p2a: Gyarados|Substitute\n|\n|-heal|p2a: Gyarados|57\/100|[from] item: Leftovers\n|upkeep\n|turn|22\n|\n|t:|1666558640\n|move|p2a: Gyarados|Waterfall|p1a: Nidoqueen\n|-supereffective|p1a: Nidoqueen\n|-damage|p1a: Nidoqueen|0 fnt\n|faint|p1a: Nidoqueen\n|\n|-heal|p2a: Gyarados|63\/100|[from] item: Leftovers\n|upkeep\n|\n|t:|1666558661\n|switch|p1a: Roserade|Roserade, M|100\/100\n|-damage|p1a: Roserade|76\/100|[from] Spikes\n|-damage|p1a: Roserade|63\/100|[from] Stealth Rock\n|turn|23\n|inactive|ayevon has 240 seconds left.\n|\n|t:|1666558676\n|move|p1a: Roserade|Sleep Powder|p2a: Gyarados\n|-status|p2a: Gyarados|slp|[from] move: Sleep Powder\n|cant|p2a: Gyarados|slp\n|\n|-heal|p2a: Gyarados|69\/100 slp|[from] item: Leftovers\n|upkeep\n|turn|24\n|\n|t:|1666558679\n|move|p1a: Roserade|Sludge Bomb|p2a: Gyarados\n|-damage|p2a: Gyarados|24\/100 slp\n|-curestatus|p2a: Gyarados|slp|[msg]\n|move|p2a: Gyarados|Dragon Dance|p2a: Gyarados\n|-boost|p2a: Gyarados|atk|1\n|-boost|p2a: Gyarados|spe|1\n|\n|-heal|p2a: Gyarados|30\/100|[from] item: Leftovers\n|upkeep\n|turn|25\n|inactive|ayevon has 240 seconds left.\n|inactive|Shiba has 270 seconds left.\n|inactive|ayevon has 210 seconds left.\n|\n|t:|1666558739\n|move|p2a: Gyarados|Earthquake|p1a: Roserade\n|-damage|p1a: Roserade|0 fnt\n|faint|p1a: Roserade\n|\n|-heal|p2a: Gyarados|36\/100|[from] item: Leftovers\n|upkeep\n|inactive|ayevon has 210 seconds left.\n|\n|t:|1666558751\n|switch|p1a: Mandibuzz|Mandibuzz, F|100\/100\n|-damage|p1a: Mandibuzz|76\/100|[from] Stealth Rock\n|turn|26\n|\n|t:|1666558758\n|move|p2a: Gyarados|Waterfall|p1a: Mandibuzz\n|-damage|p1a: Mandibuzz|27\/100\n|move|p1a: Mandibuzz|Foul Play|p2a: Gyarados\n|-damage|p2a: Gyarados|0 fnt\n|faint|p2a: Gyarados\n|\n|-heal|p1a: Mandibuzz|33\/100|[from] item: Leftovers\n|upkeep\n|\n|t:|1666558766\n|switch|p2a: Feraligatr|Feraligatr, F|100\/100\n|-damage|p2a: Feraligatr|88\/100|[from] Stealth Rock\n|turn|27\n|\n|t:|1666558777\n|move|p2a: Feraligatr|Ice Punch|p1a: Mandibuzz\n|-supereffective|p1a: Mandibuzz\n|-damage|p1a: Mandibuzz|0 fnt\n|faint|p1a: Mandibuzz\n|\n|upkeep\n|\n|t:|1666558785\n|switch|p1a: Aerodactyl|Aerodactyl-Mega, M|100\/100\n|-damage|p1a: Aerodactyl|76\/100|[from] Stealth Rock\n|turn|28\n|inactive|Shiba has 270 seconds left.\n|\n|t:|1666558801\n|move|p1a: Aerodactyl|Pursuit|p2a: Feraligatr\n|-damage|p2a: Feraligatr|66\/100\n|move|p2a: Feraligatr|Waterfall|p1a: Aerodactyl\n|-supereffective|p1a: Aerodactyl\n|-damage|p1a: Aerodactyl|0 fnt\n|faint|p1a: Aerodactyl\n|\n|upkeep\n|\n|t:|1666558803\n|switch|p1a: Slowking|Slowking, M|100\/100 par\n|-damage|p1a: Slowking|76\/100 par|[from] Spikes\n|-damage|p1a: Slowking|63\/100 par|[from] Stealth Rock\n|turn|29\n|\n|t:|1666558809\n|move|p2a: Feraligatr|Crunch|p1a: Slowking\n|-supereffective|p1a: Slowking\n|-enditem|p1a: Slowking|Colbur Berry|[eat]\n|-enditem|p1a: Slowking|Colbur Berry|[weaken]\n|-damage|p1a: Slowking|34\/100 par\n|move|p1a: Slowking|Slack Off|p1a: Slowking\n|-heal|p1a: Slowking|84\/100 par\n|\n|upkeep\n|turn|30\n|\n|t:|1666558814\n|move|p2a: Feraligatr|Crunch|p1a: Slowking\n|-supereffective|p1a: Slowking\n|-damage|p1a: Slowking|25\/100 par\n|move|p1a: Slowking|Psychic|p2a: Feraligatr\n|-damage|p2a: Feraligatr|25\/100\n|\n|upkeep\n|turn|31\n|\n|t:|1666558817\n|move|p2a: Feraligatr|Crunch|p1a: Slowking\n|-supereffective|p1a: Slowking\n|-damage|p1a: Slowking|0 fnt\n|faint|p1a: Slowking\n|\n|win|Shiba\n|c|\u2606ayevon|gg\n|c|\u2606Shiba|gg\n","uploadtime":1666558819,"views":54,"p1id":"ayevon","p2id":"shiba","formatid":"gen6uu","rating":0,"private":0,"password":null}