{"id":"smogtours-gen6ubers-645390","p1":"Duntsane","p2":"Skysolo \u2764","format":"gen6ubers","log":"|inactive|Battle timer is ON: inactive players will automatically lose when time's up.\n|t:|1661652732\n|gametype|singles\n|player|p1|Duntsane|ethan|\n|player|p2|Skysolo \u2764|#pspl2019ubers|\n|teamsize|p1|6\n|teamsize|p2|6\n|gen|6\n|tier|[Gen 6] Ubers\n|rule|Sleep Clause Mod: Limit one foe put to sleep\n|rule|Species Clause: Limit one of each Pok\u00e9mon\n|rule|OHKO Clause: OHKO moves are banned\n|rule|Moody Clause: Moody is banned\n|rule|Evasion Moves Clause: Evasion moves are banned\n|rule|Endless Battle Clause: Forcing endless battles is banned\n|rule|HP Percentage Mod: HP is shown in percentages\n|rule|Swagger Clause: Swagger is banned\n|rule|Mega Rayquaza Clause: You cannot mega evolve Rayquaza\n|clearpoke\n|poke|p1|Deoxys-Speed|item\n|poke|p1|Groudon|item\n|poke|p1|Salamence, F|item\n|poke|p1|Arceus-*|item\n|poke|p1|Xerneas-*|item\n|poke|p1|Darkrai|item\n|poke|p2|Tentacruel, M|item\n|poke|p2|Groudon|item\n|poke|p2|Arceus-*|item\n|poke|p2|Rayquaza|item\n|poke|p2|Xerneas-*|item\n|poke|p2|Gengar, M|item\n|teampreview\n|c|\u2606Skysolo \u2764|hf\n|inactive|Duntsane has 270 seconds left.\n|c|\u2606Duntsane|u2\n|\n|t:|1661652772\n|start\n|switch|p1a: Deoxys|Deoxys-Speed|100\/100\n|switch|p2a: Tentacruel|Tentacruel, M|100\/100\n|-ability|p1a: Deoxys|Pressure\n|turn|1\n|\n|t:|1661652787\n|move|p2a: Tentacruel|Magic Coat|p2a: Tentacruel\n|-singleturn|p2a: Tentacruel|move: Magic Coat\n|move|p1a: Deoxys|Psycho Boost|p2a: Tentacruel\n|-supereffective|p2a: Tentacruel\n|-crit|p2a: Tentacruel\n|-enditem|p2a: Tentacruel|Focus Sash\n|-damage|p2a: Tentacruel|1\/100\n|-unboost|p1a: Deoxys|spa|2\n|\n|upkeep\n|turn|2\n|c|\u2606Skysolo \u2764|fucked\n|\n|t:|1661652800\n|move|p2a: Tentacruel|Magic Coat|p2a: Tentacruel\n|-singleturn|p2a: Tentacruel|move: Magic Coat\n|move|p1a: Deoxys|Psycho Boost|p2a: Tentacruel\n|-supereffective|p2a: Tentacruel\n|-damage|p2a: Tentacruel|0 fnt\n|-unboost|p1a: Deoxys|spa|2\n|faint|p2a: Tentacruel\n|\n|upkeep\n|\n|t:|1661652807\n|switch|p2a: Groudon|Groudon|100\/100\n|detailschange|p2a: Groudon|Groudon-Primal\n|-primal|p2a: Groudon\n|-weather|DesolateLand|[from] ability: Desolate Land|[of] p2a: Groudon\n|turn|3\n|\n|t:|1661652811\n|move|p1a: Deoxys|Taunt|p2a: Groudon\n|-start|p2a: Groudon|move: Taunt\n|cant|p2a: Groudon|move: Taunt|Stealth Rock\n|\n|-weather|DesolateLand|[upkeep]\n|upkeep\n|turn|4\n|\n|t:|1661652816\n|move|p1a: Deoxys|Stealth Rock|p2a: Groudon\n|-sidestart|p2: Skysolo \u2764|move: Stealth Rock\n|move|p2a: Groudon|Fire Punch|p1a: Deoxys\n|-damage|p1a: Deoxys|26\/100\n|-damage|p2a: Groudon|84\/100|[from] item: Rocky Helmet|[of] p1a: Deoxys\n|\n|-weather|DesolateLand|[upkeep]\n|upkeep\n|turn|5\n|\n|t:|1661652820\n|move|p1a: Deoxys|Psycho Boost|p2a: Groudon\n|-damage|p2a: Groudon|69\/100\n|-unboost|p1a: Deoxys|spa|2\n|move|p2a: Groudon|Precipice Blades|p1a: Deoxys\n|-damage|p1a: Deoxys|0 fnt\n|faint|p1a: Deoxys\n|\n|-weather|DesolateLand|[upkeep]\n|-end|p2a: Groudon|move: Taunt\n|upkeep\n|\n|t:|1661652842\n|switch|p1a: Darkrai|Darkrai|100\/100\n|turn|6\n|\n|t:|1661652853\n|move|p1a: Darkrai|Dark Void|p2a: Groudon|[miss]\n|-miss|p1a: Darkrai|p2a: Groudon\n|move|p2a: Groudon|Stealth Rock|p1a: Darkrai\n|-sidestart|p1: Duntsane|move: Stealth Rock\n|\n|-weather|DesolateLand|[upkeep]\n|upkeep\n|turn|7\n|\n|t:|1661652858\n|move|p1a: Darkrai|Dark Void|p2a: Groudon\n|-status|p2a: Groudon|slp|[from] move: Dark Void\n|cant|p2a: Groudon|slp\n|\n|-weather|DesolateLand|[upkeep]\n|-damage|p2a: Groudon|56\/100 slp|[from] ability: Bad Dreams|[of] p1a: Darkrai\n|upkeep\n|turn|8\n|inactive|Duntsane has 270 seconds left.\n|\n|t:|1661652893\n|-weather|none\n|switch|p2a: Gengar|Gengar, M|100\/100\n|-damage|p2a: Gengar|88\/100|[from] Stealth Rock\n|move|p1a: Darkrai|Nasty Plot|p1a: Darkrai\n|-boost|p1a: Darkrai|spa|2\n|\n|upkeep\n|turn|9\n|inactive|Duntsane has 270 seconds left.\n|\n|t:|1661652917\n|detailschange|p2a: Gengar|Gengar-Mega, M\n|-mega|p2a: Gengar|Gengar|Gengarite\n|move|p2a: Gengar|Protect|p2a: Gengar\n|-singleturn|p2a: Gengar|Protect\n|move|p1a: Darkrai|Dark Pulse|p2a: Gengar\n|-activate|p2a: Gengar|move: Protect\n|\n|upkeep\n|turn|10\n|\n|t:|1661652932\n|move|p2a: Gengar|Destiny Bond|p2a: Gengar\n|-singlemove|p2a: Gengar|Destiny Bond\n|move|p1a: Darkrai|Dark Pulse|p2a: Gengar\n|-supereffective|p2a: Gengar\n|-damage|p2a: Gengar|0 fnt\n|faint|p2a: Gengar\n|-activate|p2a: Gengar|move: Destiny Bond\n|faint|p1a: Darkrai\n|\n|upkeep\n|\n|t:|1661652941\n|switch|p2a: Rayquaza|Rayquaza|100\/100\n|switch|p1a: Groudon|Groudon|100\/100\n|-damage|p2a: Rayquaza|76\/100|[from] Stealth Rock\n|-ability|p2a: Rayquaza|Air Lock\n|-damage|p1a: Groudon|94\/100|[from] Stealth Rock\n|detailschange|p1a: Groudon|Groudon-Primal\n|-primal|p1a: Groudon\n|-weather|DesolateLand|[from] ability: Desolate Land|[of] p1a: Groudon\n|turn|11\n|\n|t:|1661652949\n|move|p2a: Rayquaza|Dragon Ascent|p1a: Groudon\n|-damage|p1a: Groudon|53\/100\n|-unboost|p2a: Rayquaza|def|1\n|-unboost|p2a: Rayquaza|spd|1\n|move|p1a: Groudon|Stone Edge|p2a: Rayquaza\n|-supereffective|p2a: Rayquaza\n|-damage|p2a: Rayquaza|0 fnt\n|faint|p2a: Rayquaza\n|\n|-weather|DesolateLand|[upkeep]\n|upkeep\n|\n|t:|1661652963\n|switch|p2a: Arceus|Arceus|100\/100\n|-damage|p2a: Arceus|88\/100|[from] Stealth Rock\n|turn|12\n|\n|t:|1661652968\n|move|p2a: Arceus|Swords Dance|p2a: Arceus\n|-boost|p2a: Arceus|atk|2\n|move|p1a: Groudon|Precipice Blades|p2a: Arceus\n|-damage|p2a: Arceus|22\/100\n|\n|-weather|DesolateLand|[upkeep]\n|upkeep\n|turn|13\n|\n|t:|1661652971\n|move|p2a: Arceus|Recover|p2a: Arceus\n|-heal|p2a: Arceus|72\/100\n|move|p1a: Groudon|Precipice Blades|p2a: Arceus\n|-damage|p2a: Arceus|10\/100\n|\n|-weather|DesolateLand|[upkeep]\n|upkeep\n|turn|14\n|\n|t:|1661652975\n|move|p2a: Arceus|Recover|p2a: Arceus\n|-heal|p2a: Arceus|60\/100\n|move|p1a: Groudon|Precipice Blades|p2a: Arceus\n|-damage|p2a: Arceus|2\/100\n|\n|-weather|DesolateLand|[upkeep]\n|upkeep\n|turn|15\n|\n|t:|1661652979\n|move|p2a: Arceus|Recover|p2a: Arceus\n|-heal|p2a: Arceus|52\/100\n|move|p1a: Groudon|Precipice Blades|p2a: Arceus\n|-damage|p2a: Arceus|0 fnt\n|faint|p2a: Arceus\n|\n|-weather|DesolateLand|[upkeep]\n|upkeep\n|\n|t:|1661652985\n|switch|p2a: Xerneas|Xerneas|100\/100\n|-damage|p2a: Xerneas|88\/100|[from] Stealth Rock\n|-ability|p2a: Xerneas|Fairy Aura\n|turn|16\n|\n|t:|1661652987\n|move|p2a: Xerneas|Geomancy||[still]\n|-prepare|p2a: Xerneas|Geomancy\n|-enditem|p2a: Xerneas|Power Herb\n|-anim|p2a: Xerneas|Geomancy|p2a: Xerneas\n|-boost|p2a: Xerneas|spa|2\n|-boost|p2a: Xerneas|spd|2\n|-boost|p2a: Xerneas|spe|2\n|move|p1a: Groudon|Precipice Blades|p2a: Xerneas\n|-damage|p2a: Xerneas|16\/100\n|\n|-weather|DesolateLand|[upkeep]\n|upkeep\n|turn|17\n|\n|t:|1661652989\n|move|p2a: Xerneas|Moonblast|p1a: Groudon\n|-resisted|p1a: Groudon\n|-damage|p1a: Groudon|0 fnt\n|faint|p1a: Groudon\n|-weather|none\n|\n|upkeep\n|\n|t:|1661652992\n|switch|p1a: Arceus|Arceus|100\/100\n|-damage|p1a: Arceus|88\/100|[from] Stealth Rock\n|turn|18\n|c|\u2606Skysolo \u2764|gg\n|c|\u2606Duntsane|gg\n|-message|Skysolo \u2764 forfeited.\n|\n|win|Duntsane\n","uploadtime":1661653003,"views":170,"p1id":"duntsane","p2id":"skysolo","formatid":"gen6ubers","rating":0,"private":0,"password":null}