{"id":"smogtours-gen8battlefactory-660135","p1":"pinorska","p2":"ayevon","format":"gen8battlefactory","log":"|inactive|Battle timer is ON: inactive players will automatically lose when time's up.\n|t:|1667781093\n|gametype|singles\n|player|p1|pinorska|jasmine-masters|\n|player|p2|ayevon|265|\n|teamsize|p1|6\n|teamsize|p2|6\n|gen|8\n|tier|[Gen 8] Battle Factory\n|rule|Sleep Clause Mod: Limit one foe put to sleep\n|rule|Species Clause: Limit one of each Pok\u00e9mon\n|rule|OHKO Clause: OHKO moves are banned\n|rule|Evasion Items Clause: Evasion items are banned\n|rule|Evasion Moves Clause: Evasion moves are banned\n|rule|Endless Battle Clause: Forcing endless battles is banned\n|rule|HP Percentage Mod: HP is shown in percentages\n|rule|Dynamax Clause: You cannot dynamax\n|clearpoke\n|poke|p1|Sandslash, F|\n|poke|p1|Shiftry, F|\n|poke|p1|Aggron, F|\n|poke|p1|Magmortar, F|\n|poke|p1|Doublade, F|\n|poke|p1|Vikavolt, M|\n|poke|p2|Coalossal, M|\n|poke|p2|Centiskorch, M|\n|poke|p2|Perrserker, M|\n|poke|p2|Gourgeist-*, M|\n|poke|p2|Frosmoth, M|\n|poke|p2|Sandaconda, M|\n|teampreview\n|inactive|ayevon also wants the timer to be on.\n|inactive|pinorska also wants the timer to be on.\n|\n|t:|1667781118\n|start\n|switch|p1a: Aggron|Aggron, F|344\/344\n|switch|p2a: Gourgeist|Gourgeist-Small, M|251\/251\n|-item|p1a: Aggron|Leftovers|[from] ability: Frisk|[of] p2a: Gourgeist|[identify]\n|turn|1\n|\n|t:|1667781126\n|move|p2a: Gourgeist|Trick|p1a: Aggron\n|-activate|p2a: Gourgeist|move: Trick|[of] p1a: Aggron\n|-item|p1a: Aggron|Choice Band|[from] move: Trick\n|-item|p2a: Gourgeist|Leftovers|[from] move: Trick\n|move|p1a: Aggron|Stealth Rock|p2a: Gourgeist\n|-sidestart|p2: ayevon|move: Stealth Rock\n|\n|upkeep\n|turn|2\n|\n|t:|1667781136\n|switch|p2a: Perrserker|Perrserker, M|281\/281\n|-damage|p2a: Perrserker|264\/281|[from] Stealth Rock\n|switch|p1a: Magmortar|Magmortar, F|291\/291\n|\n|upkeep\n|turn|3\n|\n|t:|1667781138\n|switch|p2a: Coalossal|Coalossal, M|424\/424\n|move|p1a: Magmortar|Focus Blast|p2a: Coalossal\n|-supereffective|p2a: Coalossal\n|-damage|p2a: Coalossal|210\/424\n|\n|upkeep\n|turn|4\n|\n|t:|1667781142\n|move|p1a: Magmortar|Focus Blast|p2a: Coalossal\n|-supereffective|p2a: Coalossal\n|-damage|p2a: Coalossal|0 fnt\n|faint|p2a: Coalossal\n|\n|upkeep\n|\n|t:|1667781144\n|switch|p2a: Sandaconda|Sandaconda, M|348\/348\n|-damage|p2a: Sandaconda|327\/348|[from] Stealth Rock\n|turn|5\n|\n|t:|1667781147\n|move|p1a: Magmortar|Fire Blast|p2a: Sandaconda\n|-damage|p2a: Sandaconda|140\/348\n|move|p2a: Sandaconda|Stone Edge|p1a: Magmortar\n|-supereffective|p1a: Magmortar\n|-damage|p1a: Magmortar|43\/291\n|\n|-heal|p2a: Sandaconda|161\/348|[from] item: Leftovers\n|upkeep\n|turn|6\n|\n|t:|1667781159\n|switch|p1a: Aggron|Aggron, F|344\/344\n|move|p2a: Sandaconda|Earthquake|p1a: Aggron\n|-supereffective|p1a: Aggron\n|-damage|p1a: Aggron|64\/344\n|\n|-heal|p2a: Sandaconda|182\/348|[from] item: Leftovers\n|upkeep\n|turn|7\n|\n|t:|1667781165\n|move|p2a: Sandaconda|Earthquake|p1a: Aggron\n|-supereffective|p1a: Aggron\n|-damage|p1a: Aggron|0 fnt\n|faint|p1a: Aggron\n|\n|-heal|p2a: Sandaconda|203\/348|[from] item: Leftovers\n|upkeep\n|\n|t:|1667781167\n|switch|p1a: Shiftry|Shiftry, F|383\/383\n|turn|8\n|\n|t:|1667781176\n|move|p1a: Shiftry|Knock Off|p2a: Sandaconda\n|-damage|p2a: Sandaconda|113\/348\n|-enditem|p2a: Sandaconda|Leftovers|[from] move: Knock Off|[of] p1a: Shiftry\n|move|p2a: Sandaconda|Stone Edge|p1a: Shiftry\n|-damage|p1a: Shiftry|275\/383\n|\n|upkeep\n|turn|9\n|\n|t:|1667781184\n|switch|p2a: Centiskorch|Centiskorch, M|341\/341\n|move|p1a: Shiftry|Leaf Storm|p2a: Centiskorch\n|-resisted|p2a: Centiskorch\n|-crit|p2a: Centiskorch\n|-damage|p2a: Centiskorch|283\/341\n|-unboost|p1a: Shiftry|spa|2\n|\n|upkeep\n|turn|10\n|\n|t:|1667781192\n|move|p1a: Shiftry|Knock Off|p2a: Centiskorch\n|-damage|p2a: Centiskorch|129\/341\n|-enditem|p2a: Centiskorch|Heavy-Duty Boots|[from] move: Knock Off|[of] p1a: Shiftry\n|move|p2a: Centiskorch|Knock Off|p1a: Shiftry\n|-resisted|p1a: Shiftry\n|-damage|p1a: Shiftry|210\/383\n|-enditem|p1a: Shiftry|Heavy-Duty Boots|[from] move: Knock Off|[of] p2a: Centiskorch\n|\n|upkeep\n|turn|11\n|\n|t:|1667781196\n|switch|p1a: Magmortar|Magmortar, F|43\/291\n|move|p2a: Centiskorch|Leech Life|p1a: Magmortar\n|-resisted|p1a: Magmortar\n|-damage|p1a: Magmortar|0 fnt\n|-heal|p2a: Centiskorch|151\/341|[from] drain|[of] p1a: Magmortar\n|faint|p1a: Magmortar\n|\n|upkeep\n|\n|t:|1667781202\n|switch|p1a: Sandslash|Sandslash, F|354\/354\n|turn|12\n|\n|t:|1667781206\n|move|p2a: Centiskorch|Power Whip|p1a: Sandslash\n|-supereffective|p1a: Sandslash\n|-damage|p1a: Sandslash|156\/354\n|move|p1a: Sandslash|Earthquake|p2a: Centiskorch\n|-damage|p2a: Centiskorch|0 fnt\n|faint|p2a: Centiskorch\n|\n|upkeep\n|\n|t:|1667781211\n|switch|p2a: Perrserker|Perrserker, M|264\/281\n|-damage|p2a: Perrserker|247\/281|[from] Stealth Rock\n|turn|13\n|\n|t:|1667781214\n|switch|p1a: Doublade|Doublade, F|322\/322\n|move|p2a: Perrserker|Iron Head|p1a: Doublade\n|-resisted|p1a: Doublade\n|-damage|p1a: Doublade|253\/322\n|\n|upkeep\n|turn|14\n|\n|t:|1667781220\n|switch|p2a: Gourgeist|Gourgeist-Small, M|251\/251\n|-damage|p2a: Gourgeist|220\/251|[from] Stealth Rock\n|-item|p1a: Doublade|Eviolite|[from] ability: Frisk|[of] p2a: Gourgeist|[identify]\n|move|p1a: Doublade|Shadow Claw|p2a: Gourgeist\n|-supereffective|p2a: Gourgeist\n|-damage|p2a: Gourgeist|26\/251\n|\n|-heal|p2a: Gourgeist|41\/251|[from] item: Leftovers\n|upkeep\n|turn|15\n|\n|t:|1667781222\n|move|p1a: Doublade|Shadow Sneak|p2a: Gourgeist\n|-supereffective|p2a: Gourgeist\n|-damage|p2a: Gourgeist|0 fnt\n|faint|p2a: Gourgeist\n|\n|upkeep\n|\n|t:|1667781226\n|switch|p2a: Sandaconda|Sandaconda, M|113\/348\n|-damage|p2a: Sandaconda|92\/348|[from] Stealth Rock\n|turn|16\n|\n|t:|1667781228\n|switch|p1a: Vikavolt|Vikavolt, M|309\/309\n|move|p2a: Sandaconda|Rest|p2a: Sandaconda\n|-status|p2a: Sandaconda|slp|[from] move: Rest\n|-heal|p2a: Sandaconda|348\/348 slp|[silent]\n|\n|-activate|p2a: Sandaconda|ability: Shed Skin\n|-curestatus|p2a: Sandaconda|slp|[msg]\n|upkeep\n|turn|17\n|\n|t:|1667781234\n|move|p2a: Sandaconda|Stone Edge|p1a: Vikavolt\n|-supereffective|p1a: Vikavolt\n|-damage|p1a: Vikavolt|129\/309\n|move|p1a: Vikavolt|Bug Buzz|p2a: Sandaconda\n|-damage|p2a: Sandaconda|143\/348\n|\n|upkeep\n|turn|18\n|\n|t:|1667781237\n|move|p2a: Sandaconda|Stone Edge|p1a: Vikavolt\n|-supereffective|p1a: Vikavolt\n|-damage|p1a: Vikavolt|0 fnt\n|faint|p1a: Vikavolt\n|\n|upkeep\n|\n|t:|1667781239\n|switch|p1a: Shiftry|Shiftry, F|210\/383\n|turn|19\n|\n|t:|1667781243\n|switch|p2a: Frosmoth|Frosmoth, M|281\/281\n|move|p1a: Shiftry|Leaf Storm|p2a: Frosmoth|[miss]\n|-miss|p1a: Shiftry|p2a: Frosmoth\n|\n|upkeep\n|turn|20\n|\n|t:|1667781247\n|switch|p1a: Doublade|Doublade, F|253\/322\n|move|p2a: Frosmoth|Ice Beam|p1a: Doublade\n|-resisted|p1a: Doublade\n|-damage|p1a: Doublade|166\/322\n|\n|upkeep\n|turn|21\n|\n|t:|1667781249\n|switch|p2a: Perrserker|Perrserker, M|247\/281\n|-damage|p2a: Perrserker|230\/281|[from] Stealth Rock\n|move|p1a: Doublade|Close Combat|p2a: Perrserker\n|-supereffective|p2a: Perrserker\n|-crit|p2a: Perrserker\n|-damage|p2a: Perrserker|0 fnt\n|-unboost|p1a: Doublade|def|1\n|-unboost|p1a: Doublade|spd|1\n|faint|p2a: Perrserker\n|\n|upkeep\n|\n|t:|1667781251\n|switch|p2a: Sandaconda|Sandaconda, M|143\/348\n|-damage|p2a: Sandaconda|122\/348|[from] Stealth Rock\n|turn|22\n|\n|t:|1667781261\n|switch|p1a: Shiftry|Shiftry, F|210\/383\n|move|p2a: Sandaconda|Rest|p2a: Sandaconda\n|-status|p2a: Sandaconda|slp|[from] move: Rest\n|-heal|p2a: Sandaconda|348\/348 slp|[silent]\n|\n|upkeep\n|turn|23\n|\n|t:|1667781263\n|switch|p2a: Frosmoth|Frosmoth, M|281\/281\n|move|p1a: Shiftry|Knock Off|p2a: Frosmoth\n|-damage|p2a: Frosmoth|131\/281\n|-enditem|p2a: Frosmoth|Heavy-Duty Boots|[from] move: Knock Off|[of] p1a: Shiftry\n|\n|upkeep\n|turn|24\n|\n|t:|1667781276\n|switch|p2a: Sandaconda|Sandaconda, M|348\/348 slp\n|-damage|p2a: Sandaconda|327\/348 slp|[from] Stealth Rock\n|switch|p1a: Doublade|Doublade, F|166\/322\n|\n|-activate|p2a: Sandaconda|ability: Shed Skin\n|-curestatus|p2a: Sandaconda|slp|[msg]\n|upkeep\n|turn|25\n|\n|t:|1667781285\n|move|p2a: Sandaconda|Coil|p2a: Sandaconda\n|-boost|p2a: Sandaconda|atk|1\n|-boost|p2a: Sandaconda|def|1\n|-boost|p2a: Sandaconda|accuracy|1\n|move|p1a: Doublade|Swords Dance|p1a: Doublade\n|-boost|p1a: Doublade|atk|2\n|\n|upkeep\n|turn|26\n|\n|t:|1667781292\n|move|p2a: Sandaconda|Earthquake|p1a: Doublade\n|-supereffective|p1a: Doublade\n|-damage|p1a: Doublade|0 fnt\n|faint|p1a: Doublade\n|\n|upkeep\n|\n|t:|1667781296\n|switch|p1a: Sandslash|Sandslash, F|156\/354\n|turn|27\n|\n|t:|1667781300\n|move|p2a: Sandaconda|Coil|p2a: Sandaconda\n|-boost|p2a: Sandaconda|atk|1\n|-boost|p2a: Sandaconda|def|1\n|-boost|p2a: Sandaconda|accuracy|1\n|move|p1a: Sandslash|Earthquake|p2a: Sandaconda\n|-damage|p2a: Sandaconda|278\/348\n|\n|upkeep\n|turn|28\n|c|\u2606pinorska|it is totally possible i choked on dicks\n|\n|t:|1667781309\n|move|p2a: Sandaconda|Stone Edge|p1a: Sandslash\n|-resisted|p1a: Sandslash\n|-crit|p1a: Sandslash\n|-damage|p1a: Sandslash|75\/354\n|move|p1a: Sandslash|Earthquake|p2a: Sandaconda\n|-damage|p2a: Sandaconda|232\/348\n|\n|upkeep\n|turn|29\n|\n|t:|1667781311\n|move|p2a: Sandaconda|Coil|p2a: Sandaconda\n|-boost|p2a: Sandaconda|atk|1\n|-boost|p2a: Sandaconda|def|1\n|-boost|p2a: Sandaconda|accuracy|1\n|move|p1a: Sandslash|Knock Off|p2a: Sandaconda\n|-damage|p2a: Sandaconda|213\/348\n|\n|upkeep\n|turn|30\n|\n|t:|1667781320\n|move|p2a: Sandaconda|Rest|p2a: Sandaconda\n|-status|p2a: Sandaconda|slp|[from] move: Rest\n|-heal|p2a: Sandaconda|348\/348 slp|[silent]\n|move|p1a: Sandslash|Earthquake|p2a: Sandaconda\n|-damage|p2a: Sandaconda|308\/348 slp\n|\n|upkeep\n|turn|31\n|\n|t:|1667781323\n|cant|p2a: Sandaconda|slp\n|move|p1a: Sandslash|Earthquake|p2a: Sandaconda\n|-damage|p2a: Sandaconda|272\/348 slp\n|\n|upkeep\n|turn|32\n|\n|t:|1667781326\n|cant|p2a: Sandaconda|slp\n|move|p1a: Sandslash|Earthquake|p2a: Sandaconda\n|-damage|p2a: Sandaconda|236\/348 slp\n|\n|upkeep\n|turn|33\n|\n|t:|1667781329\n|-curestatus|p2a: Sandaconda|slp|[msg]\n|move|p2a: Sandaconda|Rest|p2a: Sandaconda\n|-status|p2a: Sandaconda|slp|[from] move: Rest\n|-heal|p2a: Sandaconda|348\/348 slp|[silent]\n|move|p1a: Sandslash|Earthquake|p2a: Sandaconda\n|-damage|p2a: Sandaconda|309\/348 slp\n|\n|upkeep\n|turn|34\n|\n|t:|1667781331\n|cant|p2a: Sandaconda|slp\n|move|p1a: Sandslash|Earthquake|p2a: Sandaconda\n|-damage|p2a: Sandaconda|269\/348 slp\n|\n|-activate|p2a: Sandaconda|ability: Shed Skin\n|-curestatus|p2a: Sandaconda|slp|[msg]\n|upkeep\n|turn|35\n|\n|t:|1667781347\n|move|p2a: Sandaconda|Earthquake|p1a: Sandslash\n|-damage|p1a: Sandslash|0 fnt\n|faint|p1a: Sandslash\n|\n|upkeep\n|\n|t:|1667781350\n|switch|p1a: Shiftry|Shiftry, F|210\/383\n|turn|36\n|\n|t:|1667781371\n|switch|p2a: Frosmoth|Frosmoth, M|131\/281\n|-damage|p2a: Frosmoth|0 fnt|[from] Stealth Rock\n|faint|p2a: Frosmoth\n|move|p1a: Shiftry|Leaf Storm|p2: Frosmoth|[notarget]\n|-fail|p1a: Shiftry\n|\n|upkeep\n|c|\u2606ayevon|oh 2x\n|\n|t:|1667781377\n|switch|p2a: Sandaconda|Sandaconda, M|269\/348\n|-damage|p2a: Sandaconda|248\/348|[from] Stealth Rock\n|turn|37\n|c|\u2606ayevon|4x\n|\n|t:|1667781382\n|move|p1a: Shiftry|Leaf Storm|p2a: Sandaconda\n|-supereffective|p2a: Sandaconda\n|-damage|p2a: Sandaconda|0 fnt\n|-unboost|p1a: Shiftry|spa|2\n|faint|p2a: Sandaconda\n|\n|win|pinorska\n","uploadtime":1667781384,"views":2,"p1id":"pinorska","p2id":"ayevon","formatid":"gen8battlefactory","rating":0,"private":0,"password":null}