{"id":"smogtours-gen8ubers-644165","p1":"Icemaster","p2":"Skysolo \u2764","format":"gen8ubers","log":"|inactive|Battle timer is ON: inactive players will automatically lose when time's up.\n|t:|1660752237\n|gametype|singles\n|player|p1|Icemaster|#scl1terrors|\n|player|p2|Skysolo \u2764|#pspl2019ubers|\n|teamsize|p1|6\n|teamsize|p2|6\n|gen|8\n|tier|[Gen 8] Ubers\n|rule|Sleep Clause Mod: Limit one foe put to sleep\n|rule|Species Clause: Limit one of each Pok\u00e9mon\n|rule|OHKO Clause: OHKO moves are banned\n|rule|Evasion Moves Clause: Evasion moves are banned\n|rule|Endless Battle Clause: Forcing endless battles is banned\n|rule|HP Percentage Mod: HP is shown in percentages\n|rule|Dynamax Clause: You cannot dynamax\n|clearpoke\n|poke|p1|Ho-Oh|\n|poke|p1|Groudon|\n|poke|p1|Calyrex-Shadow|\n|poke|p1|Eternatus|\n|poke|p1|Yveltal|\n|poke|p1|Necrozma-Dusk-Mane|\n|poke|p2|Groudon|\n|poke|p2|Necrozma-Dusk-Mane|\n|poke|p2|Rayquaza|\n|poke|p2|Weavile, F|\n|poke|p2|Yveltal|\n|poke|p2|Zekrom|\n|teampreview\n|c|\u2606Icemaster|Hf\n|c|\u2606Skysolo \u2764|u2\n|inactive|Skysolo \u2764 has 270 seconds left.\n|\n|t:|1660752292\n|start\n|switch|p1a: Ho-Oh|Ho-Oh|100\/100\n|switch|p2a: Weavile|Weavile, F|100\/100\n|-ability|p2a: Weavile|Pressure\n|turn|1\n|inactive|Skysolo \u2764 has 270 seconds left.\n|\n|t:|1660752325\n|switch|p2a: Groudon|Groudon|100\/100\n|-weather|SunnyDay|[from] ability: Drought|[of] p2a: Groudon\n|move|p1a: Ho-Oh|Sacred Fire|p2a: Groudon\n|-damage|p2a: Groudon|63\/100\n|\n|-weather|SunnyDay|[upkeep]\n|-heal|p2a: Groudon|69\/100|[from] item: Leftovers\n|upkeep\n|turn|2\n|\n|t:|1660752350\n|switch|p1a: Calyrex|Calyrex-Shadow|100\/100\n|-ability|p1a: Calyrex|As One\n|-ability|p1a: Calyrex|Unnerve\n|move|p2a: Groudon|Stealth Rock|p1a: Calyrex\n|-sidestart|p1: Icemaster|move: Stealth Rock\n|\n|-weather|SunnyDay|[upkeep]\n|-heal|p2a: Groudon|76\/100|[from] item: Leftovers\n|upkeep\n|turn|3\n|\n|t:|1660752355\n|switch|p2a: Yveltal|Yveltal|100\/100\n|-ability|p2a: Yveltal|Dark Aura\n|move|p1a: Calyrex|Astral Barrage|p2a: Yveltal\n|-resisted|p2a: Yveltal\n|-damage|p2a: Yveltal|64\/100\n|\n|-weather|SunnyDay|[upkeep]\n|upkeep\n|turn|4\n|\n|t:|1660752363\n|switch|p1a: Ho-Oh|Ho-Oh|100\/100\n|move|p2a: Yveltal|Roost|p2a: Yveltal\n|-heal|p2a: Yveltal|100\/100\n|-singleturn|p2a: Yveltal|move: Roost\n|\n|-weather|SunnyDay|[upkeep]\n|upkeep\n|turn|5\n|\n|t:|1660752370\n|move|p1a: Ho-Oh|Sacred Fire|p2a: Yveltal\n|-damage|p2a: Yveltal|36\/100\n|-status|p2a: Yveltal|brn\n|move|p2a: Yveltal|U-turn|p1a: Ho-Oh\n|-resisted|p1a: Ho-Oh\n|-damage|p1a: Ho-Oh|98\/100\n|\n|t:|1660752388\n|switch|p2a: Rayquaza|Rayquaza|100\/100|[from]move: U-turn\n|-ability|p2a: Rayquaza|Air Lock\n|\n|-weather|none\n|upkeep\n|turn|6\n|\n|t:|1660752392\n|move|p2a: Rayquaza|Swords Dance|p2a: Rayquaza\n|-boost|p2a: Rayquaza|atk|2\n|move|p1a: Ho-Oh|Brave Bird|p2a: Rayquaza\n|-damage|p2a: Rayquaza|31\/100\n|-damage|p1a: Ho-Oh|78\/100|[from] Recoil\n|\n|upkeep\n|turn|7\n|\n|t:|1660752413\n|move|p2a: Rayquaza|Dragon Ascent|p1a: Ho-Oh\n|-damage|p1a: Ho-Oh|0 fnt\n|-unboost|p2a: Rayquaza|def|1\n|-unboost|p2a: Rayquaza|spd|1\n|faint|p1a: Ho-Oh\n|\n|upkeep\n|inactive|Icemaster has 270 seconds left.\n|\n|t:|1660752441\n|switch|p1a: Calyrex|Calyrex-Shadow|100\/100\n|-ability|p1a: Calyrex|As One\n|-ability|p1a: Calyrex|Unnerve\n|-damage|p1a: Calyrex|88\/100|[from] Stealth Rock\n|turn|8\n|\n|t:|1660752446\n|move|p1a: Calyrex|Astral Barrage|p2a: Rayquaza\n|-damage|p2a: Rayquaza|0 fnt\n|faint|p2a: Rayquaza\n|-ability|p1a: Calyrex|Grim Neigh|boost\n|-boost|p1a: Calyrex|spa|1\n|\n|upkeep\n|\n|t:|1660752458\n|switch|p2a: Weavile|Weavile, F|100\/100\n|-ability|p2a: Weavile|Pressure\n|turn|9\n|\n|t:|1660752463\n|move|p1a: Calyrex|Astral Barrage|p2a: Weavile\n|-resisted|p2a: Weavile\n|-damage|p2a: Weavile|0 fnt\n|faint|p2a: Weavile\n|-ability|p1a: Calyrex|Grim Neigh|boost\n|-boost|p1a: Calyrex|spa|1\n|\n|upkeep\n|c|\u2606Skysolo \u2764|gg\n|c|\u2606Icemaster|gg\n|-message|Skysolo \u2764 forfeited.\n|\n|win|Icemaster\n","uploadtime":1660752483,"views":38,"p1id":"icemaster","p2id":"skysolo","formatid":"gen8ubers","rating":0,"private":0,"password":null}