{"id":"smogtours-gen8lc-622734","p1":"Laroxyl","p2":"CSomeoneH","format":"gen8lc","log":"|inactive|Battle timer is ON: inactive players will automatically lose when time's up.\n|t:|1651226589\n|gametype|singles\n|player|p1|Laroxyl|#scl1spartans|\n|player|p2|CSomeoneH|170|\n|teamsize|p1|6\n|teamsize|p2|6\n|gen|8\n|tier|[Gen 8] LC\n|rule|Sleep Clause Mod: Limit one foe put to sleep\n|rule|Species Clause: Limit one of each Pok\u00e9mon\n|rule|OHKO Clause: OHKO moves are banned\n|rule|Evasion Moves Clause: Evasion moves are banned\n|rule|Endless Battle Clause: Forcing endless battles is banned\n|rule|HP Percentage Mod: HP is shown in percentages\n|rule|Dynamax Clause: You cannot dynamax\n|clearpoke\n|poke|p1|Mienfoo, L5, M|\n|poke|p1|Timburr, L5, M|\n|poke|p1|Diglett, L5, F|\n|poke|p1|Koffing, L5, F|\n|poke|p1|Pawniard, L5, F|\n|poke|p1|Natu, L5, M|\n|poke|p2|Mienfoo, L5, M|\n|poke|p2|Natu, L5, F|\n|poke|p2|Pawniard, L5, M|\n|poke|p2|Grookey, L5, F|\n|poke|p2|Diglett, L5, F|\n|poke|p2|Ponyta, L5, M|\n|teampreview\n|inactive|CSomeoneH has 270 seconds left.\n|\n|t:|1651226620\n|start\n|switch|p1a: Koffing|Koffing, L5, F|100\/100\n|switch|p2a: Diglett|Diglett, L5, F|100\/100\n|-ability|p1a: Koffing|Neutralizing Gas\n|-item|p2a: Diglett|Air Balloon\n|turn|1\n|\n|t:|1651226635\n|-end|p1a: Koffing|ability: Neutralizing Gas\n|switch|p1a: Natu|Natu, L5, M|100\/100\n|move|p2a: Diglett|Beat Up|p1a: Natu\n|-supereffective|p1a: Natu\n|-crit|p1a: Natu\n|-damage|p1a: Natu|82\/100\n|-supereffective|p1a: Natu\n|-damage|p1a: Natu|73\/100\n|-supereffective|p1a: Natu\n|-damage|p1a: Natu|64\/100\n|-supereffective|p1a: Natu\n|-damage|p1a: Natu|55\/100\n|-supereffective|p1a: Natu\n|-crit|p1a: Natu\n|-damage|p1a: Natu|37\/100\n|-supereffective|p1a: Natu\n|-damage|p1a: Natu|28\/100\n|-hitcount|p1a: Natu|6\n|\n|upkeep\n|turn|2\n|\n|t:|1651226643\n|switch|p1a: Timburr|Timburr, L5, M|100\/100\n|move|p2a: Diglett|Beat Up|p1a: Timburr\n|-resisted|p1a: Timburr\n|-damage|p1a: Timburr|96\/100\n|-resisted|p1a: Timburr\n|-damage|p1a: Timburr|92\/100\n|-resisted|p1a: Timburr\n|-damage|p1a: Timburr|88\/100\n|-resisted|p1a: Timburr\n|-damage|p1a: Timburr|84\/100\n|-resisted|p1a: Timburr\n|-damage|p1a: Timburr|80\/100\n|-resisted|p1a: Timburr\n|-damage|p1a: Timburr|76\/100\n|-hitcount|p1a: Timburr|6\n|\n|upkeep\n|turn|3\n|\n|t:|1651226658\n|switch|p2a: Natu|Natu, L5, F|100\/100\n|move|p1a: Timburr|Knock Off|p2a: Natu\n|-supereffective|p2a: Natu\n|-damage|p2a: Natu|34\/100\n|-enditem|p2a: Natu|Eviolite|[from] move: Knock Off|[of] p1a: Timburr\n|\n|upkeep\n|turn|4\n|\n|t:|1651226666\n|switch|p1a: Pawniard|Pawniard, L5, F|100\/100\n|move|p2a: Natu|Psychic|p1a: Pawniard\n|-immune|p1a: Pawniard\n|\n|upkeep\n|turn|5\n|\n|t:|1651226673\n|move|p2a: Natu|Heat Wave|p1a: Pawniard\n|-supereffective|p1a: Pawniard\n|-damage|p1a: Pawniard|24\/100\n|-enditem|p1a: Pawniard|Berry Juice\n|-heal|p1a: Pawniard|100\/100|[from] item: Berry Juice\n|move|p1a: Pawniard|Knock Off|p2a: Natu\n|-supereffective|p2a: Natu\n|-damage|p2a: Natu|0 fnt\n|faint|p2a: Natu\n|\n|upkeep\n|\n|t:|1651226684\n|switch|p2a: Mienfoo|Mienfoo, L5, M|100\/100\n|turn|6\n|\n|t:|1651226688\n|switch|p1a: Koffing|Koffing, L5, F|100\/100\n|-ability|p1a: Koffing|Neutralizing Gas\n|move|p2a: Mienfoo|High Jump Kick|p1a: Koffing\n|-resisted|p1a: Koffing\n|-damage|p1a: Koffing|80\/100\n|\n|upkeep\n|turn|7\n|\n|t:|1651226698\n|move|p2a: Mienfoo|U-turn|p1a: Koffing\n|-resisted|p1a: Koffing\n|-damage|p1a: Koffing|70\/100\n|\n|t:|1651226700\n|switch|p2a: Diglett|Diglett, L5, F|100\/100|[from]move: U-turn\n|-item|p2a: Diglett|Air Balloon\n|move|p1a: Koffing|Sludge Bomb|p2a: Diglett\n|-resisted|p2a: Diglett\n|-damage|p2a: Diglett|62\/100\n|-status|p2a: Diglett|psn\n|-enditem|p2a: Diglett|Air Balloon\n|\n|-damage|p2a: Diglett|50\/100 psn|[from] psn\n|upkeep\n|turn|8\n|\n|t:|1651226709\n|-end|p1a: Koffing|ability: Neutralizing Gas\n|switch|p1a: Natu|Natu, L5, M|28\/100\n|move|p2a: Diglett|Earthquake|p1a: Natu\n|-immune|p1a: Natu\n|\n|-damage|p2a: Diglett|39\/100 psn|[from] psn\n|upkeep\n|turn|9\n|\n|t:|1651226724\n|switch|p1a: Timburr|Timburr, L5, M|76\/100\n|move|p2a: Diglett|Final Gambit|p1a: Timburr\n|-damage|p1a: Timburr|48\/100\n|faint|p2a: Diglett\n|\n|upkeep\n|\n|t:|1651226727\n|switch|p2a: Ponyta|Ponyta, L5, M|100\/100\n|turn|10\n|\n|t:|1651226731\n|move|p2a: Ponyta|Flame Charge|p1a: Timburr\n|-damage|p1a: Timburr|24\/100\n|-boost|p2a: Ponyta|spe|1\n|move|p1a: Timburr|Drain Punch|p2a: Ponyta\n|-damage|p2a: Ponyta|41\/100\n|-heal|p1a: Timburr|52\/100|[from] drain|[of] p2a: Ponyta\n|\n|upkeep\n|turn|11\n|\n|t:|1651226744\n|move|p2a: Ponyta|Flare Blitz|p1a: Timburr\n|-damage|p1a: Timburr|4\/100\n|-damage|p2a: Ponyta|23\/100|[from] Recoil\n|move|p1a: Timburr|Drain Punch|p2a: Ponyta\n|-damage|p2a: Ponyta|0 fnt\n|-heal|p1a: Timburr|16\/100|[from] drain|[of] p2a: Ponyta\n|faint|p2a: Ponyta\n|\n|upkeep\n|\n|t:|1651226748\n|switch|p2a: Grookey|Grookey, L5, F|100\/100\n|-fieldstart|move: Grassy Terrain|[from] ability: Grassy Surge|[of] p2a: Grookey\n|turn|12\n|\n|t:|1651226756\n|move|p2a: Grookey|Grassy Glide|p1a: Timburr\n|-damage|p1a: Timburr|0 fnt\n|faint|p1a: Timburr\n|-damage|p2a: Grookey|91\/100|[from] item: Life Orb\n|\n|-heal|p2a: Grookey|96\/100|[from] Grassy Terrain\n|upkeep\n|\n|t:|1651226765\n|switch|p1a: Koffing|Koffing, L5, F|70\/100\n|-ability|p1a: Koffing|Neutralizing Gas\n|turn|13\n|\n|t:|1651226769\n|move|p2a: Grookey|Knock Off|p1a: Koffing\n|-damage|p1a: Koffing|40\/100\n|-enditem|p1a: Koffing|Eviolite|[from] move: Knock Off|[of] p2a: Grookey\n|-damage|p2a: Grookey|86\/100|[from] item: Life Orb\n|move|p1a: Koffing|Fire Blast|p2a: Grookey\n|-supereffective|p2a: Grookey\n|-damage|p2a: Grookey|0 fnt\n|faint|p2a: Grookey\n|\n|-heal|p1a: Koffing|45\/100|[from] Grassy Terrain\n|upkeep\n|\n|t:|1651226774\n|switch|p2a: Pawniard|Pawniard, L5, M|100\/100\n|turn|14\n|\n|t:|1651226782\n|-end|p1a: Koffing|ability: Neutralizing Gas\n|switch|p1a: Natu|Natu, L5, M|28\/100\n|move|p2a: Pawniard|Sucker Punch||[still]\n|-fail|p2a: Pawniard\n|\n|upkeep\n|turn|15\n|\n|t:|1651226789\n|move|p2a: Pawniard|Sucker Punch|p1a: Natu\n|-supereffective|p1a: Natu\n|-damage|p1a: Natu|0 fnt\n|faint|p1a: Natu\n|\n|upkeep\n|\n|t:|1651226793\n|switch|p1a: Mienfoo|Mienfoo, L5, M|100\/100\n|turn|16\n|\n|t:|1651226799\n|move|p2a: Pawniard|Sucker Punch|p1a: Mienfoo\n|-resisted|p1a: Mienfoo\n|-damage|p1a: Mienfoo|72\/100\n|move|p1a: Mienfoo|Close Combat|p2a: Pawniard\n|-supereffective|p2a: Pawniard\n|-damage|p2a: Pawniard|0 fnt\n|-unboost|p1a: Mienfoo|def|1\n|-unboost|p1a: Mienfoo|spd|1\n|faint|p2a: Pawniard\n|\n|-heal|p1a: Mienfoo|77\/100|[from] Grassy Terrain\n|-fieldend|move: Grassy Terrain\n|upkeep\n|\n|t:|1651226804\n|switch|p2a: Mienfoo|Mienfoo, L5, M|100\/100\n|turn|17\n|\n|t:|1651226809\n|move|p1a: Mienfoo|Close Combat|p2a: Mienfoo\n|-damage|p2a: Mienfoo|39\/100\n|-unboost|p1a: Mienfoo|def|1\n|-unboost|p1a: Mienfoo|spd|1\n|move|p2a: Mienfoo|High Jump Kick|p1a: Mienfoo\n|-damage|p1a: Mienfoo|0 fnt\n|faint|p1a: Mienfoo\n|\n|upkeep\n|\n|t:|1651226813\n|switch|p1a: Diglett|Diglett, L5, F|100\/100\n|turn|18\n|c|\u2606Laroxyl|gg\n|\n|t:|1651226819\n|move|p1a: Diglett|Earthquake|p2a: Mienfoo\n|-damage|p2a: Mienfoo|0 fnt\n|faint|p2a: Mienfoo\n|-damage|p1a: Diglett|95\/100|[from] item: Life Orb\n|\n|win|Laroxyl\n","uploadtime":1651226820,"views":353,"p1id":"laroxyl","p2id":"csomeoneh","formatid":"gen8lc","rating":0,"private":0,"password":null}