{"id":"smogtours-gen5ubers-641572","p1":"STEELPHOENIX","p2":"Skysolo \u2764","format":"gen5ubers","log":"|inactive|Battle timer is ON: inactive players will automatically lose when time's up.\n|t:|1659372257\n|gametype|singles\n|player|p1|STEELPHOENIX|#steelskitty|\n|player|p2|Skysolo \u2764|#pspl2019ubers|\n|teamsize|p1|6\n|teamsize|p2|6\n|gen|5\n|tier|[Gen 5] Ubers\n|rule|Species Clause: Limit one of each Pok\u00e9mon\n|rule|OHKO Clause: OHKO moves are banned\n|rule|Moody Clause: Moody is banned\n|rule|Evasion Moves Clause: Evasion moves are banned\n|rule|Endless Battle Clause: Forcing endless battles is banned\n|rule|HP Percentage Mod: HP is shown in percentages\n|rule|Sleep Clause Mod: Limit one foe put to sleep\n|clearpoke\n|poke|p1|Kyogre|item\n|poke|p1|Ferrothorn, M|item\n|poke|p1|Giratina-Origin|item\n|poke|p1|Dialga|item\n|poke|p1|Arceus-*|item\n|poke|p1|Tyranitar, F|item\n|poke|p2|Deoxys-Speed|item\n|poke|p2|Kyogre|item\n|poke|p2|Arceus-*|item\n|poke|p2|Genesect|item\n|poke|p2|Dialga|item\n|poke|p2|Giratina-Origin|item\n|teampreview\n|inactive|STEELPHOENIX also wants the timer to be on.\n|c|\u2606STEELPHOENIX|HFF\n|c|\u2606Skysolo \u2764|U2\n|inactive|STEELPHOENIX has 270 seconds left.\n|inactive|Skysolo \u2764 has 270 seconds left.\n|\n|t:|1659372315\n|start\n|switch|p1a: \u30b9\u30c8\u30a4\u30b7\u30ba\u30e0|Tyranitar, F|100\/100\n|switch|p2a: Deoxys|Deoxys-Speed|100\/100\n|-ability|p2a: Deoxys|Pressure\n|-weather|Sandstorm|[from] ability: Sand Stream|[of] p1a: \u30b9\u30c8\u30a4\u30b7\u30ba\u30e0\n|turn|1\n|\n|t:|1659372326\n|move|p2a: Deoxys|Stealth Rock|p1a: \u30b9\u30c8\u30a4\u30b7\u30ba\u30e0\n|-sidestart|p1: STEELPHOENIX|move: Stealth Rock\n|move|p1a: \u30b9\u30c8\u30a4\u30b7\u30ba\u30e0|Payback|p2a: Deoxys\n|-supereffective|p2a: Deoxys\n|-damage|p2a: Deoxys|0 fnt\n|faint|p2a: Deoxys\n|\n|-weather|Sandstorm|[upkeep]\n|upkeep\n|\n|t:|1659372335\n|switch|p2a: Genesect|Genesect|100\/100\n|-ability|p2a: Genesect|Download|boost\n|-boost|p2a: Genesect|spa|1\n|turn|2\n|c|+zf|deado-s\n|\n|t:|1659372347\n|move|p2a: Genesect|U-turn|p1a: \u30b9\u30c8\u30a4\u30b7\u30ba\u30e0\n|-supereffective|p1a: \u30b9\u30c8\u30a4\u30b7\u30ba\u30e0\n|-damage|p1a: \u30b9\u30c8\u30a4\u30b7\u30ba\u30e0|39\/100\n|\n|t:|1659372350\n|switch|p2a: Kyogre|Kyogre|100\/100|[from]move: U-turn\n|-weather|RainDance|[from] ability: Drizzle|[of] p2a: Kyogre\n|move|p1a: \u30b9\u30c8\u30a4\u30b7\u30ba\u30e0|Thunder Wave|p2a: Kyogre\n|-status|p2a: Kyogre|par\n|\n|-weather|RainDance|[upkeep]\n|upkeep\n|turn|3\n|\n|t:|1659372357\n|move|p1a: \u30b9\u30c8\u30a4\u30b7\u30ba\u30e0|Stealth Rock|p2a: Kyogre\n|-sidestart|p2: Skysolo \u2764|move: Stealth Rock\n|move|p2a: Kyogre|Calm Mind|p2a: Kyogre\n|-boost|p2a: Kyogre|spa|1\n|-boost|p2a: Kyogre|spd|1\n|\n|-weather|RainDance|[upkeep]\n|upkeep\n|turn|4\n|\n|t:|1659372365\n|move|p1a: \u30b9\u30c8\u30a4\u30b7\u30ba\u30e0|Payback|p2a: Kyogre\n|-damage|p2a: Kyogre|75\/100 par\n|move|p2a: Kyogre|Thunder|p1a: \u30b9\u30c8\u30a4\u30b7\u30ba\u30e0\n|-damage|p1a: \u30b9\u30c8\u30a4\u30b7\u30ba\u30e0|0 fnt\n|faint|p1a: \u30b9\u30c8\u30a4\u30b7\u30ba\u30e0\n|\n|-weather|RainDance|[upkeep]\n|upkeep\n|inactive|STEELPHOENIX has 270 seconds left.\n|inactive|STEELPHOENIX has 240 seconds left.\n|\n|t:|1659372448\n|switch|p1a: \u30a2\u30a4\u30c7\u30f3\u30c6\u30a3\u30c6\u30a3|Ferrothorn, M, shiny|100\/100\n|-damage|p1a: \u30a2\u30a4\u30c7\u30f3\u30c6\u30a3\u30c6\u30a3|95\/100|[from] Stealth Rock\n|turn|5\n|\n|t:|1659372456\n|move|p2a: Kyogre|Ice Beam|p1a: \u30a2\u30a4\u30c7\u30f3\u30c6\u30a3\u30c6\u30a3\n|-enditem|p2a: Kyogre|Ice Gem|[from] gem\n|-damage|p1a: \u30a2\u30a4\u30c7\u30f3\u30c6\u30a3\u30c6\u30a3|35\/100\n|move|p1a: \u30a2\u30a4\u30c7\u30f3\u30c6\u30a3\u30c6\u30a3|Power Whip|p2a: Kyogre\n|-supereffective|p2a: Kyogre\n|-damage|p2a: Kyogre|0 fnt\n|faint|p2a: Kyogre\n|\n|-weather|RainDance|[upkeep]\n|-heal|p1a: \u30a2\u30a4\u30c7\u30f3\u30c6\u30a3\u30c6\u30a3|41\/100|[from] item: Leftovers\n|upkeep\n|inactive|Skysolo \u2764 has 270 seconds left.\n|\n|t:|1659372487\n|switch|p2a: Dialga|Dialga|100\/100\n|-damage|p2a: Dialga|94\/100|[from] Stealth Rock\n|-ability|p2a: Dialga|Pressure\n|turn|6\n|\n|t:|1659372511\n|switch|p1a: \u865a\u8a00\u75c7|Kyogre|100\/100\n|-damage|p1a: \u865a\u8a00\u75c7|88\/100|[from] Stealth Rock\n|move|p2a: Dialga|Fire Blast|p1a: \u865a\u8a00\u75c7\n|-resisted|p1a: \u865a\u8a00\u75c7\n|-damage|p1a: \u865a\u8a00\u75c7|83\/100\n|\n|-weather|RainDance|[upkeep]\n|-heal|p1a: \u865a\u8a00\u75c7|89\/100|[from] item: Leftovers\n|upkeep\n|turn|7\n|\n|t:|1659372518\n|move|p1a: \u865a\u8a00\u75c7|Scald|p2a: Dialga\n|-resisted|p2a: Dialga\n|-damage|p2a: Dialga|74\/100\n|-status|p2a: Dialga|brn\n|move|p2a: Dialga|Roar|p1a: \u865a\u8a00\u75c7\n|drag|p1a: \u6d74\u5ba4|Arceus-Water|100\/100\n|-damage|p1a: \u6d74\u5ba4|88\/100|[from] Stealth Rock\n|\n|-weather|RainDance|[upkeep]\n|-damage|p2a: Dialga|62\/100 brn|[from] brn\n|upkeep\n|turn|8\n|\n|t:|1659372539\n|move|p1a: \u6d74\u5ba4|Waterfall|p2a: Dialga\n|-resisted|p2a: Dialga\n|-damage|p2a: Dialga|38\/100 brn\n|move|p2a: Dialga|Roar|p1a: \u6d74\u5ba4\n|drag|p1a: \u95c7\u306b\u964d\u308b\u96e8|Giratina-Origin, shiny|100\/100\n|-damage|p1a: \u95c7\u306b\u964d\u308b\u96e8|88\/100|[from] Stealth Rock\n|\n|-weather|RainDance|[upkeep]\n|-damage|p2a: Dialga|25\/100 brn|[from] brn\n|upkeep\n|turn|9\n|inactive|STEELPHOENIX has 210 seconds left.\n|c|+16bit|great nicknames btw\n|c|\u2606STEELPHOENIX|ty\n|inactive|STEELPHOENIX has 180 seconds left.\n|-enditem|p2a: Dialga|Custap Berry|[eat]\n|-activate|p2a: Dialga|item: Custap Berry|[consumed]\n|\n|t:|1659372601\n|switch|p1a: \u30a2\u30a4\u30c7\u30f3\u30c6\u30a3\u30c6\u30a3|Ferrothorn, M, shiny|41\/100\n|-damage|p1a: \u30a2\u30a4\u30c7\u30f3\u30c6\u30a3\u30c6\u30a3|35\/100|[from] Stealth Rock\n|move|p2a: Dialga|Draco Meteor|p1a: \u30a2\u30a4\u30c7\u30f3\u30c6\u30a3\u30c6\u30a3\n|-resisted|p1a: \u30a2\u30a4\u30c7\u30f3\u30c6\u30a3\u30c6\u30a3\n|-damage|p1a: \u30a2\u30a4\u30c7\u30f3\u30c6\u30a3\u30c6\u30a3|11\/100\n|-unboost|p2a: Dialga|spa|2\n|\n|-weather|RainDance|[upkeep]\n|-heal|p1a: \u30a2\u30a4\u30c7\u30f3\u30c6\u30a3\u30c6\u30a3|17\/100|[from] item: Leftovers\n|-damage|p2a: Dialga|13\/100 brn|[from] brn\n|upkeep\n|turn|10\n|c|+Beraldinhoo|np\n|\n|t:|1659372613\n|move|p2a: Dialga|Fire Blast|p1a: \u30a2\u30a4\u30c7\u30f3\u30c6\u30a3\u30c6\u30a3|[miss]\n|-miss|p2a: Dialga|p1a: \u30a2\u30a4\u30c7\u30f3\u30c6\u30a3\u30c6\u30a3\n|move|p1a: \u30a2\u30a4\u30c7\u30f3\u30c6\u30a3\u30c6\u30a3|Spikes|p2a: Dialga\n|-sidestart|p2: Skysolo \u2764|Spikes\n|\n|-weather|RainDance|[upkeep]\n|-heal|p1a: \u30a2\u30a4\u30c7\u30f3\u30c6\u30a3\u30c6\u30a3|23\/100|[from] item: Leftovers\n|-damage|p2a: Dialga|0 fnt|[from] brn\n|faint|p2a: Dialga\n|upkeep\n|\n|t:|1659372625\n|switch|p2a: Giratina|Giratina-Origin|100\/100\n|-damage|p2a: Giratina|88\/100|[from] Stealth Rock\n|turn|11\n|\n|t:|1659372630\n|move|p2a: Giratina|Substitute|p2a: Giratina\n|-start|p2a: Giratina|Substitute\n|-damage|p2a: Giratina|63\/100\n|move|p1a: \u30a2\u30a4\u30c7\u30f3\u30c6\u30a3\u30c6\u30a3|Leech Seed||[still]\n|-fail|p1a: \u30a2\u30a4\u30c7\u30f3\u30c6\u30a3\u30c6\u30a3\n|\n|-weather|RainDance|[upkeep]\n|-heal|p1a: \u30a2\u30a4\u30c7\u30f3\u30c6\u30a3\u30c6\u30a3|29\/100|[from] item: Leftovers\n|upkeep\n|turn|12\n|\n|t:|1659372633\n|move|p2a: Giratina|Earthquake|p1a: \u30a2\u30a4\u30c7\u30f3\u30c6\u30a3\u30c6\u30a3\n|-damage|p1a: \u30a2\u30a4\u30c7\u30f3\u30c6\u30a3\u30c6\u30a3|5\/100\n|move|p1a: \u30a2\u30a4\u30c7\u30f3\u30c6\u30a3\u30c6\u30a3|Gyro Ball|p2a: Giratina\n|-end|p2a: Giratina|Substitute\n|\n|-weather|RainDance|[upkeep]\n|-heal|p1a: \u30a2\u30a4\u30c7\u30f3\u30c6\u30a3\u30c6\u30a3|11\/100|[from] item: Leftovers\n|upkeep\n|turn|13\n|\n|t:|1659372641\n|move|p2a: Giratina|Earthquake|p1a: \u30a2\u30a4\u30c7\u30f3\u30c6\u30a3\u30c6\u30a3\n|-damage|p1a: \u30a2\u30a4\u30c7\u30f3\u30c6\u30a3\u30c6\u30a3|0 fnt\n|faint|p1a: \u30a2\u30a4\u30c7\u30f3\u30c6\u30a3\u30c6\u30a3\n|\n|-weather|RainDance|[upkeep]\n|upkeep\n|inactive|STEELPHOENIX has 180 seconds left.\n|\n|t:|1659372678\n|switch|p1a: \u6d74\u5ba4|Arceus-Water|88\/100\n|-damage|p1a: \u6d74\u5ba4|76\/100|[from] Stealth Rock\n|turn|14\n|\n|t:|1659372683\n|move|p1a: \u6d74\u5ba4|Dragon Claw|p2a: Giratina\n|-supereffective|p2a: Giratina\n|-damage|p2a: Giratina|30\/100\n|move|p2a: Giratina|Dragon Tail|p1a: \u6d74\u5ba4\n|-damage|p1a: \u6d74\u5ba4|48\/100\n|drag|p1a: \u865a\u8a00\u75c7|Kyogre|89\/100\n|-damage|p1a: \u865a\u8a00\u75c7|77\/100|[from] Stealth Rock\n|\n|-weather|RainDance|[upkeep]\n|-heal|p1a: \u865a\u8a00\u75c7|83\/100|[from] item: Leftovers\n|upkeep\n|turn|15\n|inactive|STEELPHOENIX has 180 seconds left.\n|\n|t:|1659372691\n|move|p1a: \u865a\u8a00\u75c7|Scald|p2a: Giratina\n|-resisted|p2a: Giratina\n|-damage|p2a: Giratina|6\/100\n|-status|p2a: Giratina|brn\n|move|p2a: Giratina|Dragon Tail|p1a: \u865a\u8a00\u75c7|[miss]\n|-miss|p2a: Giratina|p1a: \u865a\u8a00\u75c7\n|\n|-weather|RainDance|[upkeep]\n|-heal|p1a: \u865a\u8a00\u75c7|89\/100|[from] item: Leftovers\n|-damage|p2a: Giratina|0 fnt|[from] brn\n|faint|p2a: Giratina\n|upkeep\n|\n|t:|1659372706\n|switch|p2a: Genesect|Genesect|100\/100\n|-damage|p2a: Genesect|88\/100|[from] Stealth Rock\n|-damage|p2a: Genesect|76\/100|[from] Spikes\n|-ability|p2a: Genesect|Download|boost\n|-boost|p2a: Genesect|atk|1\n|turn|16\n|\n|t:|1659372715\n|move|p2a: Genesect|Explosion|p1a: \u865a\u8a00\u75c7\n|-damage|p1a: \u865a\u8a00\u75c7|0 fnt\n|faint|p2a: Genesect\n|faint|p1a: \u865a\u8a00\u75c7\n|\n|-weather|RainDance|[upkeep]\n|upkeep\n|\n|t:|1659372720\n|switch|p2a: Arceus|Arceus-Fighting|100\/100\n|switch|p1a: \u6d74\u5ba4|Arceus-Water|48\/100\n|-damage|p1a: \u6d74\u5ba4|36\/100|[from] Stealth Rock\n|-damage|p2a: Arceus|94\/100|[from] Stealth Rock\n|-damage|p2a: Arceus|82\/100|[from] Spikes\n|turn|17\n|inactive|STEELPHOENIX has 210 seconds left.\n|\n|t:|1659372726\n|move|p1a: \u6d74\u5ba4|Waterfall|p2a: Arceus\n|-damage|p2a: Arceus|38\/100\n|move|p2a: Arceus|Calm Mind|p2a: Arceus\n|-boost|p2a: Arceus|spa|1\n|-boost|p2a: Arceus|spd|1\n|\n|-weather|RainDance|[upkeep]\n|upkeep\n|turn|18\n|\n|t:|1659372730\n|move|p1a: \u6d74\u5ba4|Waterfall|p2a: Arceus\n|-damage|p2a: Arceus|0 fnt\n|faint|p2a: Arceus\n|\n|win|STEELPHOENIX\n|c|\u2606STEELPHOENIX|gG\n|c|\u2606Skysolo \u2764|,\n|c|\u2606Skysolo \u2764|gg\n","uploadtime":1659372731,"views":251,"p1id":"steelphoenix","p2id":"skysolo","formatid":"gen5ubers","rating":0,"private":0,"password":null}