{"id":"smogtours-gen7ou-654882","p1":"Pedransu \u2600\ufe0f","p2":"Pok et glace","format":"gen7ou","log":"|inactive|Battle timer is ON: inactive players will automatically lose when time's up.\n|t:|1665841184\n|gametype|singles\n|player|p1|Pedransu \u2600\ufe0f|blue-masters|\n|player|p2|Pok et glace|pryce|\n|teamsize|p1|6\n|teamsize|p2|6\n|gen|7\n|tier|[Gen 7] OU\n|rule|Sleep Clause Mod: Limit one foe put to sleep\n|rule|Species Clause: Limit one of each Pok\u00e9mon\n|rule|OHKO Clause: OHKO moves are banned\n|rule|Moody Clause: Moody is banned\n|rule|Evasion Items Clause: Evasion items are banned\n|rule|Evasion Moves Clause: Evasion moves are banned\n|rule|Endless Battle Clause: Forcing endless battles is banned\n|rule|HP Percentage Mod: HP is shown in percentages\n|clearpoke\n|poke|p1|Jirachi|item\n|poke|p1|Tapu Fini|item\n|poke|p1|Lopunny, M|item\n|poke|p1|Zapdos|item\n|poke|p1|Serperior, M|item\n|poke|p1|Garchomp, M|item\n|poke|p2|Landorus-Therian, M|item\n|poke|p2|Ferrothorn, M|item\n|poke|p2|Blacephalon|item\n|poke|p2|Tapu Fini|item\n|poke|p2|Lopunny, M|item\n|poke|p2|Porygon-Z|item\n|teampreview\n|inactive|Pedransu \u2600\ufe0f also wants the timer to be on.\n|c|\u2606Pok et glace|hf\n|c|\u2606Pedransu \u2600\ufe0f|hf\n|inactive|Pedransu \u2600\ufe0f has 270 seconds left.\n|\n|t:|1665841220\n|start\n|switch|p1a: Zapdos|Zapdos, shiny|100\/100\n|switch|p2a: Enten|Landorus-Therian, M, shiny|100\/100\n|-ability|p2a: Enten|Intimidate|boost\n|-unboost|p1a: Zapdos|atk|1\n|turn|1\n|\n|t:|1665841232\n|switch|p2a: Hyperspace|Blacephalon|100\/100\n|move|p1a: Zapdos|Hidden Power|p2a: Hyperspace\n|-resisted|p2a: Hyperspace\n|-damage|p2a: Hyperspace|88\/100\n|\n|upkeep\n|turn|2\n|\n|t:|1665841257\n|switch|p1a: Tapu Fini|Tapu Fini|100\/100\n|-fieldstart|move: Misty Terrain|[from] ability: Misty Surge|[of] p1a: Tapu Fini\n|move|p2a: Hyperspace|Shadow Ball|p1a: Tapu Fini\n|-damage|p1a: Tapu Fini|50\/100\n|\n|-heal|p1a: Tapu Fini|56\/100|[from] item: Leftovers\n|upkeep\n|turn|3\n|\n|t:|1665841279\n|switch|p2a: Temple|Ferrothorn, M|100\/100\n|switch|p1a: Lopunny|Lopunny, M|100\/100\n|\n|upkeep\n|turn|4\n|inactive|Pedransu \u2600\ufe0f has 270 seconds left.\n|\n|t:|1665841305\n|switch|p2a: Enten|Landorus-Therian, M, shiny|100\/100\n|-ability|p2a: Enten|Intimidate|boost\n|-unboost|p1a: Lopunny|atk|1\n|detailschange|p1a: Lopunny|Lopunny-Mega, M\n|-mega|p1a: Lopunny|Lopunny|Lopunnite\n|move|p1a: Lopunny|Fake Out|p2a: Enten\n|-damage|p2a: Enten|89\/100\n|\n|-heal|p2a: Enten|95\/100|[from] item: Leftovers\n|upkeep\n|turn|5\n|\n|t:|1665841332\n|switch|p1a: Zapdos|Zapdos, shiny|100\/100\n|move|p2a: Enten|Stealth Rock|p1a: Zapdos\n|-sidestart|p1: Pedransu \u2600\ufe0f|move: Stealth Rock\n|\n|-heal|p2a: Enten|100\/100|[from] item: Leftovers\n|upkeep\n|turn|6\n|\n|t:|1665841341\n|switch|p2a: Hyperspace|Blacephalon|88\/100\n|move|p1a: Zapdos|Volt Switch|p2a: Hyperspace\n|-damage|p2a: Hyperspace|35\/100\n|inactive|Pedransu \u2600\ufe0f has 240 seconds left.\n|inactive|Pedransu \u2600\ufe0f has 210 seconds left.\n|\n|t:|1665841401\n|switch|p1a: Serperior|Serperior, M|100\/100|[from]move: Volt Switch\n|-damage|p1a: Serperior|88\/100|[from] Stealth Rock\n|\n|-fieldend|Misty Terrain\n|upkeep\n|turn|7\n|\n|t:|1665841409\n|switch|p2a: Temple|Ferrothorn, M|100\/100\n|move|p1a: Serperior|Leaf Storm|p2a: Temple\n|-resisted|p2a: Temple\n|-damage|p2a: Temple|93\/100\n|-boost|p1a: Serperior|spa|2\n|\n|upkeep\n|turn|8\n|inactive|Pedransu \u2600\ufe0f has 210 seconds left.\n|\n|t:|1665841422\n|move|p1a: Serperior|Hidden Power|p2a: Temple\n|-supereffective|p2a: Temple\n|-damage|p2a: Temple|29\/100\n|move|p2a: Temple|Thunder Wave|p1a: Serperior\n|-status|p1a: Serperior|par\n|\n|upkeep\n|turn|9\n|inactive|Pedransu \u2600\ufe0f has 210 seconds left.\n|inactive|Pok et glace has 270 seconds left.\n|\n|t:|1665841455\n|switch|p2a: Hyperspace|Blacephalon|35\/100\n|move|p1a: Serperior|Hidden Power|p2a: Hyperspace\n|-resisted|p2a: Hyperspace\n|-damage|p2a: Hyperspace|11\/100\n|\n|upkeep\n|turn|10\n|inactive|Pedransu \u2600\ufe0f has 210 seconds left.\n|inactive|Pok et glace has 270 seconds left.\n|\n|t:|1665841475\n|move|p2a: Hyperspace|Flamethrower|p1a: Serperior\n|-supereffective|p1a: Serperior\n|-damage|p1a: Serperior|0 fnt\n|faint|p1a: Serperior\n|-ability|p2a: Hyperspace|Beast Boost|boost\n|-boost|p2a: Hyperspace|spa|1\n|\n|upkeep\n|inactive|Pedransu \u2600\ufe0f has 180 seconds left.\n|inactive|Pedransu \u2600\ufe0f has 150 seconds left.\n|\n|t:|1665841526\n|switch|p1a: Lopunny|Lopunny-Mega, M|100\/100\n|-damage|p1a: Lopunny|95\/100|[from] Stealth Rock\n|turn|11\n|inactive|Pedransu \u2600\ufe0f has 150 seconds left.\n|\n|t:|1665841537\n|switch|p2a: Calamity|Tapu Fini|100\/100\n|-fieldstart|move: Misty Terrain|[from] ability: Misty Surge|[of] p2a: Calamity\n|move|p1a: Lopunny|High Jump Kick|p2a: Calamity\n|-resisted|p2a: Calamity\n|-damage|p2a: Calamity|77\/100\n|\n|-heal|p2a: Calamity|83\/100|[from] item: Leftovers\n|upkeep\n|turn|12\n|inactive|Pedransu \u2600\ufe0f has 150 seconds left.\n|\n|t:|1665841548\n|switch|p1a: Jirachi|Jirachi|100\/100\n|-damage|p1a: Jirachi|94\/100|[from] Stealth Rock\n|move|p2a: Calamity|Moonblast|p1a: Jirachi\n|-resisted|p1a: Jirachi\n|-damage|p1a: Jirachi|78\/100\n|\n|-heal|p2a: Calamity|89\/100|[from] item: Leftovers\n|upkeep\n|turn|13\n|inactive|Pedransu \u2600\ufe0f has 150 seconds left.\n|\n|t:|1665841566\n|move|p1a: Jirachi|Iron Head|p2a: Calamity\n|-damage|p2a: Calamity|65\/100\n|move|p2a: Calamity|Surf|p1a: Jirachi\n|-damage|p1a: Jirachi|47\/100\n|\n|-heal|p2a: Calamity|71\/100|[from] item: Leftovers\n|upkeep\n|turn|14\n|inactive|Pedransu \u2600\ufe0f has 150 seconds left.\n|\n|t:|1665841572\n|switch|p1a: Zapdos|Zapdos, shiny|100\/100\n|-damage|p1a: Zapdos|76\/100|[from] Stealth Rock\n|switch|p2a: Temple|Ferrothorn, M|29\/100\n|\n|upkeep\n|turn|15\n|\n|t:|1665841580\n|move|p1a: Zapdos|Heat Wave|p2a: Temple\n|-supereffective|p2a: Temple\n|-damage|p2a: Temple|0 fnt\n|faint|p2a: Temple\n|\n|-fieldend|Misty Terrain\n|upkeep\n|\n|t:|1665841583\n|switch|p2a: Hyperspace|Blacephalon|11\/100\n|turn|16\n|inactive|Pedransu \u2600\ufe0f has 150 seconds left.\n|\n|t:|1665841612\n|switch|p1a: Tapu Fini|Tapu Fini|56\/100\n|-damage|p1a: Tapu Fini|44\/100|[from] Stealth Rock\n|-fieldstart|move: Misty Terrain|[from] ability: Misty Surge|[of] p1a: Tapu Fini\n|move|p2a: Hyperspace|Flamethrower|p1a: Tapu Fini\n|-resisted|p1a: Tapu Fini\n|-damage|p1a: Tapu Fini|15\/100\n|\n|-heal|p1a: Tapu Fini|21\/100|[from] item: Leftovers\n|upkeep\n|turn|17\n|inactive|Pedransu \u2600\ufe0f has 150 seconds left.\n|\n|t:|1665841622\n|move|p2a: Hyperspace|Flamethrower|p1a: Tapu Fini\n|-resisted|p1a: Tapu Fini\n|-damage|p1a: Tapu Fini|0 fnt\n|faint|p1a: Tapu Fini\n|-ability|p2a: Hyperspace|Beast Boost|boost\n|-boost|p2a: Hyperspace|spa|1\n|\n|upkeep\n|\n|t:|1665841624\n|switch|p1a: Lopunny|Lopunny-Mega, M|95\/100\n|-damage|p1a: Lopunny|89\/100|[from] Stealth Rock\n|turn|18\n|\n|t:|1665841633\n|switch|p2a: Enten|Landorus-Therian, M, shiny|100\/100\n|-ability|p2a: Enten|Intimidate|boost\n|-unboost|p1a: Lopunny|atk|1\n|move|p1a: Lopunny|Return|p2a: Enten\n|-damage|p2a: Enten|75\/100\n|\n|-heal|p2a: Enten|81\/100|[from] item: Leftovers\n|upkeep\n|turn|19\n|inactive|Pedransu \u2600\ufe0f has 150 seconds left.\n|\n|t:|1665841655\n|move|p1a: Lopunny|Return|p2a: Enten\n|-damage|p2a: Enten|53\/100\n|move|p2a: Enten|U-turn|p1a: Lopunny\n|-resisted|p1a: Lopunny\n|-damage|p1a: Lopunny|73\/100\n|\n|t:|1665841660\n|switch|p2a: Calamity|Tapu Fini|71\/100|[from]move: U-turn\n|\n|-heal|p2a: Calamity|77\/100|[from] item: Leftovers\n|upkeep\n|turn|20\n|inactive|Pedransu \u2600\ufe0f has 150 seconds left.\n|\n|t:|1665841691\n|switch|p1a: Zapdos|Zapdos, shiny|76\/100\n|-damage|p1a: Zapdos|51\/100|[from] Stealth Rock\n|switch|p2a: Hyperspace|Blacephalon|11\/100\n|\n|-fieldend|Misty Terrain\n|upkeep\n|turn|21\n|inactive|Pedransu \u2600\ufe0f has 120 seconds left.\n|inactive|Pok et glace has 270 seconds left.\n|\n|t:|1665841733\n|move|p2a: Hyperspace|Shadow Ball|p1a: Zapdos\n|-damage|p1a: Zapdos|0 fnt\n|faint|p1a: Zapdos\n|-ability|p2a: Hyperspace|Beast Boost|boost\n|-boost|p2a: Hyperspace|spa|1\n|\n|upkeep\n|\n|t:|1665841742\n|switch|p1a: Lopunny|Lopunny-Mega, M|73\/100\n|-damage|p1a: Lopunny|67\/100|[from] Stealth Rock\n|turn|22\n|inactive|Pok et glace has 270 seconds left.\n|\n|t:|1665841756\n|switch|p2a: Calamity|Tapu Fini|77\/100\n|-fieldstart|move: Misty Terrain|[from] ability: Misty Surge|[of] p2a: Calamity\n|move|p1a: Lopunny|Return|p2a: Calamity\n|-damage|p2a: Calamity|37\/100\n|\n|-heal|p2a: Calamity|43\/100|[from] item: Leftovers\n|upkeep\n|turn|23\n|inactive|Pok et glace has 270 seconds left.\n|inactive|Pedransu \u2600\ufe0f has 120 seconds left.\n|\n|t:|1665841779\n|move|p1a: Lopunny|Return|p2a: Calamity\n|-damage|p2a: Calamity|6\/100\n|move|p2a: Calamity|Moonblast|p1a: Lopunny\n|-supereffective|p1a: Lopunny\n|-damage|p1a: Lopunny|0 fnt\n|faint|p1a: Lopunny\n|\n|-heal|p2a: Calamity|12\/100|[from] item: Leftovers\n|upkeep\n|\n|t:|1665841789\n|switch|p1a: Garchomp|Garchomp, M|100\/100\n|-damage|p1a: Garchomp|94\/100|[from] Stealth Rock\n|turn|24\n|\n|t:|1665841800\n|move|p1a: Garchomp|Stealth Rock|p2a: Calamity\n|-sidestart|p2: Pok et glace|move: Stealth Rock\n|move|p2a: Calamity|Moonblast|p1a: Garchomp\n|-supereffective|p1a: Garchomp\n|-damage|p1a: Garchomp|23\/100\n|\n|-heal|p2a: Calamity|19\/100|[from] item: Leftovers\n|upkeep\n|turn|25\n|\n|t:|1665841810\n|switch|p2a: Hyperspace|Blacephalon|11\/100\n|-damage|p2a: Hyperspace|0 fnt|[from] Stealth Rock\n|faint|p2a: Hyperspace\n|move|p1a: Garchomp|Earthquake|p2: Hyperspace|[notarget]\n|-fail|p1a: Garchomp\n|\n|upkeep\n|\n|t:|1665841812\n|switch|p2a: Genesis|Lopunny, M, shiny|100\/100\n|-damage|p2a: Genesis|88\/100|[from] Stealth Rock\n|turn|26\n|\n|t:|1665841828\n|detailschange|p2a: Genesis|Lopunny-Mega, M, shiny\n|-mega|p2a: Genesis|Lopunny|Lopunnite\n|move|p2a: Genesis|Frustration|p1a: Garchomp\n|-damage|p1a: Garchomp|0 fnt\n|-damage|p2a: Genesis|75\/100|[from] ability: Rough Skin|[of] p1a: Garchomp\n|faint|p1a: Garchomp\n|\n|-fieldend|Misty Terrain\n|upkeep\n|\n|t:|1665841831\n|switch|p1a: Jirachi|Jirachi|47\/100\n|-damage|p1a: Jirachi|41\/100|[from] Stealth Rock\n|turn|27\n|\n|t:|1665841836\n|switch|p2a: Calamity|Tapu Fini|19\/100\n|-damage|p2a: Calamity|6\/100|[from] Stealth Rock\n|-fieldstart|move: Misty Terrain|[from] ability: Misty Surge|[of] p2a: Calamity\n|move|p1a: Jirachi|Iron Head|p2a: Calamity\n|-damage|p2a: Calamity|0 fnt\n|faint|p2a: Calamity\n|\n|upkeep\n|\n|t:|1665841839\n|switch|p2a: Genesis|Lopunny-Mega, M, shiny|75\/100\n|-damage|p2a: Genesis|69\/100|[from] Stealth Rock\n|turn|28\n|\n|t:|1665841842\n|move|p2a: Genesis|Fake Out|p1a: Jirachi\n|-resisted|p1a: Jirachi\n|-damage|p1a: Jirachi|30\/100\n|cant|p1a: Jirachi|flinch\n|\n|upkeep\n|turn|29\n|\n|t:|1665841853\n|switch|p2a: Enten|Landorus-Therian, M, shiny|53\/100\n|-damage|p2a: Enten|41\/100|[from] Stealth Rock\n|-ability|p2a: Enten|Intimidate|boost\n|-unboost|p1a: Jirachi|atk|1\n|move|p1a: Jirachi|Iron Head|p2a: Enten\n|-damage|p2a: Enten|22\/100\n|\n|-heal|p2a: Enten|28\/100|[from] item: Leftovers\n|upkeep\n|turn|30\n|\n|t:|1665841860\n|move|p1a: Jirachi|Iron Head|p2a: Enten\n|-damage|p2a: Enten|9\/100\n|move|p2a: Enten|Earthquake|p1a: Jirachi\n|-supereffective|p1a: Jirachi\n|-damage|p1a: Jirachi|0 fnt\n|faint|p1a: Jirachi\n|\n|win|Pok et glace\n|c|\u2606Pedransu \u2600\ufe0f|g\u00b2\n|c|\u2606Pok et glace|gg\n","uploadtime":1665841861,"views":19,"p1id":"pedransu","p2id":"poketglace","formatid":"gen7ou","rating":0,"private":0,"password":null}