{"id":"smogtours-gen5ubers-639873","p1":"sashh","p2":"Skysolo \u2764","format":"gen5ubers","log":"|inactive|Battle timer is ON: inactive players will automatically lose when time's up.\n|t:|1658606652\n|gametype|singles\n|player|p1|sashh|#ptpl3medicham|\n|player|p2|Skysolo \u2764|#pspl2019ubers|\n|teamsize|p1|6\n|teamsize|p2|6\n|gen|5\n|tier|[Gen 5] Ubers\n|rule|Species Clause: Limit one of each Pok\u00e9mon\n|rule|OHKO Clause: OHKO moves are banned\n|rule|Moody Clause: Moody is banned\n|rule|Evasion Moves Clause: Evasion moves are banned\n|rule|Endless Battle Clause: Forcing endless battles is banned\n|rule|HP Percentage Mod: HP is shown in percentages\n|rule|Sleep Clause Mod: Limit one foe put to sleep\n|clearpoke\n|poke|p1|Kyogre|item\n|poke|p1|Gliscor, M|item\n|poke|p1|Arceus-*|item\n|poke|p1|Ferrothorn, F|item\n|poke|p1|Tentacruel, F|item\n|poke|p1|Dialga|item\n|poke|p2|Deoxys-Speed|item\n|poke|p2|Giratina-Origin|item\n|poke|p2|Dialga|item\n|poke|p2|Groudon|item\n|poke|p2|Arceus-*|item\n|poke|p2|Latios, M|item\n|teampreview\n|inactive|sashh also wants the timer to be on.\n|c|\u2606sashh|hf\n|c|\u2606Skysolo \u2764|u2\n|inactive|Skysolo \u2764 has 270 seconds left.\n|\n|t:|1658606700\n|start\n|switch|p1a: Arceus|Arceus-Ghost|100\/100\n|switch|p2a: Giratina|Giratina-Origin|100\/100\n|turn|1\n|c|+pinorska|the strap\n|c|+Bughouse|the strap\n|inactive|Skysolo \u2764 has 270 seconds left.\n|\n|t:|1658606756\n|move|p1a: Arceus|Judgment|p2a: Giratina\n|-supereffective|p2a: Giratina\n|-damage|p2a: Giratina|20\/100\n|move|p2a: Giratina|Draco Meteor|p1a: Arceus\n|-damage|p1a: Arceus|36\/100\n|-unboost|p2a: Giratina|spa|2\n|\n|upkeep\n|turn|2\n|inactive|Skysolo \u2764 has 240 seconds left.\n|inactive|sashh has 270 seconds left.\n|\n|t:|1658606804\n|switch|p2a: Deoxys|Deoxys-Speed|100\/100\n|-ability|p2a: Deoxys|Pressure\n|move|p1a: Arceus|Recover|p1a: Arceus\n|-heal|p1a: Arceus|86\/100\n|\n|upkeep\n|turn|3\n|\n|t:|1658606821\n|move|p2a: Deoxys|Spikes|p1a: Arceus\n|-sidestart|p1: sashh|Spikes\n|move|p1a: Arceus|Stealth Rock|p2a: Deoxys\n|-sidestart|p2: Skysolo \u2764|move: Stealth Rock\n|\n|upkeep\n|turn|4\n|\n|t:|1658606825\n|move|p2a: Deoxys|Spikes|p1a: Arceus\n|-sidestart|p1: sashh|Spikes\n|move|p1a: Arceus|Judgment|p2a: Deoxys\n|-supereffective|p2a: Deoxys\n|-damage|p2a: Deoxys|0 fnt\n|faint|p2a: Deoxys\n|\n|upkeep\n|\n|t:|1658606847\n|switch|p2a: Arceus|Arceus-Ghost|100\/100\n|-damage|p2a: Arceus|88\/100|[from] Stealth Rock\n|turn|5\n|\n|t:|1658606860\n|switch|p1a: Kyogre|Kyogre|100\/100\n|-damage|p1a: Kyogre|84\/100|[from] Spikes\n|-weather|RainDance|[from] ability: Drizzle|[of] p1a: Kyogre\n|move|p2a: Arceus|Calm Mind|p2a: Arceus\n|-boost|p2a: Arceus|spa|1\n|-boost|p2a: Arceus|spd|1\n|\n|-weather|RainDance|[upkeep]\n|-heal|p1a: Kyogre|90\/100|[from] item: Leftovers\n|upkeep\n|turn|6\n|\n|t:|1658606864\n|move|p2a: Arceus|Judgment|p1a: Kyogre\n|-damage|p1a: Kyogre|56\/100\n|move|p1a: Kyogre|Roar|p2a: Arceus\n|drag|p2a: Giratina|Giratina-Origin|20\/100\n|-damage|p2a: Giratina|7\/100|[from] Stealth Rock\n|\n|-weather|RainDance|[upkeep]\n|-heal|p1a: Kyogre|63\/100|[from] item: Leftovers\n|upkeep\n|turn|7\n|inactive|Skysolo \u2764 has 240 seconds left.\n|\n|t:|1658606882\n|move|p1a: Kyogre|Rest|p1a: Kyogre\n|-status|p1a: Kyogre|slp|[from] move: Rest\n|-heal|p1a: Kyogre|100\/100 slp|[silent]\n|move|p2a: Giratina|Draco Meteor|p1a: Kyogre\n|-damage|p1a: Kyogre|56\/100 slp\n|-unboost|p2a: Giratina|spa|2\n|\n|-weather|RainDance|[upkeep]\n|-heal|p1a: Kyogre|63\/100 slp|[from] item: Leftovers\n|upkeep\n|turn|8\n|inactive|Skysolo \u2764 has 240 seconds left.\n|\n|t:|1658606900\n|cant|p1a: Kyogre|slp\n|move|p1a: Kyogre|Sleep Talk|p1a: Kyogre\n|move|p1a: Kyogre|Rest||[from]move: Sleep Talk|[still]\n|-fail|p1a: Kyogre\n|move|p2a: Giratina|Dragon Tail|p1a: Kyogre\n|-damage|p1a: Kyogre|33\/100 slp\n|drag|p1a: Arceus|Arceus-Ghost|86\/100\n|-damage|p1a: Arceus|70\/100|[from] Spikes\n|\n|-weather|RainDance|[upkeep]\n|upkeep\n|turn|9\n|inactive|sashh has 270 seconds left.\n|\n|t:|1658606928\n|switch|p1a: Tentacruel|Tentacruel, F|100\/100\n|-damage|p1a: Tentacruel|84\/100|[from] Spikes\n|move|p2a: Giratina|Dragon Tail|p1a: Tentacruel\n|-damage|p1a: Tentacruel|40\/100\n|drag|p1a: Kyogre|Kyogre|33\/100 slp\n|-damage|p1a: Kyogre|17\/100 slp|[from] Spikes\n|\n|-weather|RainDance|[upkeep]\n|-heal|p1a: Kyogre|23\/100 slp|[from] item: Leftovers\n|upkeep\n|turn|10\n|\n|t:|1658606938\n|cant|p1a: Kyogre|slp\n|move|p1a: Kyogre|Sleep Talk|p1a: Kyogre\n|move|p1a: Kyogre|Scald|p2a: Giratina|[from]move: Sleep Talk\n|-resisted|p2a: Giratina\n|-damage|p2a: Giratina|0 fnt\n|faint|p2a: Giratina\n|\n|-weather|RainDance|[upkeep]\n|-heal|p1a: Kyogre|29\/100 slp|[from] item: Leftovers\n|upkeep\n|inactive|Skysolo \u2764 has 240 seconds left.\n|\n|t:|1658606966\n|switch|p2a: Groudon|Groudon|100\/100\n|-damage|p2a: Groudon|94\/100|[from] Stealth Rock\n|-weather|SunnyDay|[from] ability: Drought|[of] p2a: Groudon\n|turn|11\n|\n|t:|1658606977\n|switch|p1a: Gliscor|Gliscor, M|100\/100\n|move|p2a: Groudon|Stealth Rock|p1a: Gliscor\n|-sidestart|p1: sashh|move: Stealth Rock\n|\n|-weather|SunnyDay|[upkeep]\n|-status|p1a: Gliscor|tox|[from] item: Toxic Orb\n|upkeep\n|turn|12\n|\n|t:|1658606981\n|switch|p2a: Dialga|Dialga|100\/100\n|-damage|p2a: Dialga|94\/100|[from] Stealth Rock\n|-ability|p2a: Dialga|Pressure\n|move|p1a: Gliscor|Substitute|p1a: Gliscor\n|-start|p1a: Gliscor|Substitute\n|-damage|p1a: Gliscor|76\/100 tox\n|\n|-weather|SunnyDay|[upkeep]\n|-heal|p1a: Gliscor|88\/100 tox|[from] ability: Poison Heal\n|upkeep\n|turn|13\n|\n|t:|1658606986\n|move|p2a: Dialga|Dragon Pulse|p1a: Gliscor\n|-end|p1a: Gliscor|Substitute\n|move|p1a: Gliscor|Earthquake|p2a: Dialga\n|-supereffective|p2a: Dialga\n|-damage|p2a: Dialga|40\/100\n|\n|-weather|SunnyDay|[upkeep]\n|-heal|p1a: Gliscor|100\/100 tox|[from] ability: Poison Heal\n|upkeep\n|turn|14\n|\n|t:|1658606995\n|move|p2a: Dialga|Dragon Pulse|p1a: Gliscor\n|-damage|p1a: Gliscor|33\/100 tox\n|move|p1a: Gliscor|Earthquake|p2a: Dialga\n|-supereffective|p2a: Dialga\n|-damage|p2a: Dialga|0 fnt\n|faint|p2a: Dialga\n|\n|-weather|SunnyDay|[upkeep]\n|-heal|p1a: Gliscor|45\/100 tox|[from] ability: Poison Heal\n|upkeep\n|inactive|Skysolo \u2764 has 240 seconds left.\n|\n|t:|1658607048\n|switch|p2a: Latios|Latios, M|100\/100\n|-damage|p2a: Latios|88\/100|[from] Stealth Rock\n|turn|15\n|\n|t:|1658607058\n|switch|p1a: Ferrothorn|Ferrothorn, F|100\/100\n|-damage|p1a: Ferrothorn|84\/100|[from] Spikes\n|-damage|p1a: Ferrothorn|78\/100|[from] Stealth Rock\n|move|p2a: Latios|Hidden Power|p1a: Ferrothorn\n|-supereffective|p1a: Ferrothorn\n|-damage|p1a: Ferrothorn|0 fnt\n|faint|p1a: Ferrothorn\n|\n|-weather|SunnyDay|[upkeep]\n|upkeep\n|\n|t:|1658607076\n|switch|p1a: Tentacruel|Tentacruel, F|40\/100\n|-damage|p1a: Tentacruel|24\/100|[from] Spikes\n|-damage|p1a: Tentacruel|11\/100|[from] Stealth Rock\n|turn|16\n|c|\u2606sashh|meant to ogre oops\n|inactive|Skysolo \u2764 has 240 seconds left.\n|\n|t:|1658607090\n|switch|p2a: Arceus|Arceus-Ghost|88\/100\n|-damage|p2a: Arceus|76\/100|[from] Stealth Rock\n|move|p1a: Tentacruel|Rapid Spin|p2a: Arceus\n|-immune|p2a: Arceus\n|\n|-weather|SunnyDay|[upkeep]\n|-heal|p1a: Tentacruel|17\/100|[from] item: Black Sludge\n|upkeep\n|turn|17\n|\n|t:|1658607097\n|switch|p1a: Dialga|Dialga|100\/100\n|-damage|p1a: Dialga|84\/100|[from] Spikes\n|-damage|p1a: Dialga|78\/100|[from] Stealth Rock\n|-ability|p1a: Dialga|Pressure\n|move|p2a: Arceus|Judgment|p1a: Dialga\n|-resisted|p1a: Dialga\n|-damage|p1a: Dialga|56\/100\n|\n|-weather|SunnyDay|[upkeep]\n|upkeep\n|turn|18\n|\n|t:|1658607103\n|move|p1a: Dialga|Draco Meteor|p2a: Arceus\n|-damage|p2a: Arceus|14\/100\n|-unboost|p1a: Dialga|spa|2\n|move|p2a: Arceus|Recover|p2a: Arceus\n|-heal|p2a: Arceus|64\/100\n|\n|-weather|SunnyDay|[upkeep]\n|upkeep\n|turn|19\n|\n|t:|1658607108\n|switch|p1a: Tentacruel|Tentacruel, F|17\/100\n|-damage|p1a: Tentacruel|1\/100|[from] Spikes\n|-damage|p1a: Tentacruel|0 fnt|[from] Stealth Rock\n|faint|p1a: Tentacruel\n|move|p2a: Arceus|Recover|p2a: Arceus\n|-heal|p2a: Arceus|100\/100\n|\n|-weather|SunnyDay|[upkeep]\n|upkeep\n|\n|t:|1658607114\n|switch|p1a: Arceus|Arceus-Ghost|70\/100\n|-damage|p1a: Arceus|53\/100|[from] Spikes\n|-damage|p1a: Arceus|41\/100|[from] Stealth Rock\n|turn|20\n|\n|t:|1658607116\n|move|p1a: Arceus|Judgment|p2a: Arceus\n|-supereffective|p2a: Arceus\n|-damage|p2a: Arceus|35\/100\n|move|p2a: Arceus|Judgment|p1a: Arceus\n|-supereffective|p1a: Arceus\n|-damage|p1a: Arceus|0 fnt\n|faint|p1a: Arceus\n|\n|-weather|SunnyDay|[upkeep]\n|upkeep\n|\n|t:|1658607119\n|switch|p1a: Dialga|Dialga|56\/100\n|-damage|p1a: Dialga|39\/100|[from] Spikes\n|-damage|p1a: Dialga|33\/100|[from] Stealth Rock\n|-ability|p1a: Dialga|Pressure\n|turn|21\n|\n|t:|1658607139\n|move|p1a: Dialga|Dragon Pulse|p2a: Arceus\n|-damage|p2a: Arceus|0 fnt\n|faint|p2a: Arceus\n|\n|-weather|SunnyDay|[upkeep]\n|upkeep\n|\n|t:|1658607146\n|switch|p2a: Groudon|Groudon|94\/100\n|-damage|p2a: Groudon|88\/100|[from] Stealth Rock\n|turn|22\n|\n|t:|1658607153\n|switch|p1a: Kyogre|Kyogre|29\/100 slp\n|-damage|p1a: Kyogre|12\/100 slp|[from] Spikes\n|-damage|p1a: Kyogre|0 fnt|[from] Stealth Rock\n|faint|p1a: Kyogre\n|move|p2a: Groudon|Rock Polish|p2a: Groudon\n|-boost|p2a: Groudon|spe|2\n|\n|-weather|SunnyDay|[upkeep]\n|upkeep\n|\n|t:|1658607155\n|switch|p1a: Gliscor|Gliscor, M|45\/100 tox\n|-damage|p1a: Gliscor|33\/100 tox|[from] Stealth Rock\n|turn|23\n|\n|t:|1658607158\n|move|p2a: Groudon|Dragon Claw|p1a: Gliscor\n|-crit|p1a: Gliscor\n|-damage|p1a: Gliscor|0 fnt\n|faint|p1a: Gliscor\n|\n|-weather|SunnyDay|[upkeep]\n|upkeep\n|c|\u2606sashh|ggs\n|\n|t:|1658607162\n|switch|p1a: Dialga|Dialga|33\/100\n|-damage|p1a: Dialga|16\/100|[from] Spikes\n|-damage|p1a: Dialga|10\/100|[from] Stealth Rock\n|-ability|p1a: Dialga|Pressure\n|turn|24\n|c|\u2606Skysolo \u2764|ggs\n|\n|t:|1658607168\n|move|p2a: Groudon|Earthquake|p1a: Dialga\n|-supereffective|p1a: Dialga\n|-damage|p1a: Dialga|0 fnt\n|faint|p1a: Dialga\n|\n|win|Skysolo \u2764\n","uploadtime":1658607169,"views":16,"p1id":"sashh","p2id":"skysolo","formatid":"gen5ubers","rating":0,"private":0,"password":null}