{"id":"smogtours-gen8nationaldex-617903","p1":"LudwigFrog","p2":"Isza","format":"gen8nationaldex","log":"|inactive|Battle timer is ON: inactive players will automatically lose when time's up.\n|t:|1649121206\n|gametype|singles\n|player|p1|LudwigFrog|hilbert-wonderlauncher|\n|player|p2|Isza|#splxiiclassiest|\n|teamsize|p1|6\n|teamsize|p2|6\n|gen|8\n|tier|[Gen 8] National Dex\n|rule|HP Percentage Mod: HP is shown in percentages\n|rule|Endless Battle Clause: Forcing endless battles is banned\n|rule|OHKO Clause: OHKO moves are banned\n|rule|Evasion Moves Clause: Evasion moves are banned\n|rule|Species Clause: Limit one of each Pok\u00e9mon\n|rule|Dynamax Clause: You cannot dynamax\n|rule|Sleep Clause Mod: Limit one foe put to sleep\n|clearpoke\n|poke|p1|Kyurem|\n|poke|p1|Landorus-Therian, M|\n|poke|p1|Tapu Fini|\n|poke|p1|Lopunny, F|\n|poke|p1|Tyranitar, M|\n|poke|p1|Heatran, F|\n|poke|p2|Charizard, F|\n|poke|p2|Weavile, F|\n|poke|p2|Heatran, F|\n|poke|p2|Kartana|\n|poke|p2|Landorus-Therian, M|\n|poke|p2|Tapu Fini|\n|teampreview\n|inactive|LudwigFrog also wants the timer to be on.\n|c|\u2606LudwigFrog|hf\n|c|\u2606Isza|U2\n|inactive|Isza has 270 seconds left.\n|inactive|Isza has 240 seconds left.\n|\n|t:|1649121268\n|start\n|switch|p1a: Tapu Fini|Tapu Fini|100\/100\n|switch|p2a: Landorus|Landorus-Therian, M|100\/100\n|-ability|p2a: Landorus|Intimidate|boost\n|-unboost|p1a: Tapu Fini|atk|1\n|-fieldstart|move: Misty Terrain|[from] ability: Misty Surge|[of] p1a: Tapu Fini\n|turn|1\n|\n|t:|1649121275\n|move|p2a: Landorus|U-turn|p1a: Tapu Fini\n|-resisted|p1a: Tapu Fini\n|-damage|p1a: Tapu Fini|91\/100\n|\n|t:|1649121282\n|switch|p2a: Kartana|Kartana|100\/100|[from]move: U-turn\n|move|p1a: Tapu Fini|Moonblast|p2a: Kartana\n|-resisted|p2a: Kartana\n|-damage|p2a: Kartana|51\/100\n|-unboost|p2a: Kartana|spa|1\n|\n|-heal|p1a: Tapu Fini|97\/100|[from] item: Leftovers\n|upkeep\n|turn|2\n|\n|t:|1649121289\n|switch|p1a: Landorus|Landorus-Therian, M|100\/100\n|-ability|p1a: Landorus|Intimidate|boost\n|-unboost|p2a: Kartana|atk|1\n|move|p2a: Kartana|Sacred Sword|p1a: Landorus\n|-resisted|p1a: Landorus\n|-damage|p1a: Landorus|86\/100\n|\n|-heal|p1a: Landorus|92\/100|[from] item: Leftovers\n|upkeep\n|turn|3\n|\n|t:|1649121294\n|move|p2a: Kartana|Synthesis|p2a: Kartana\n|-heal|p2a: Kartana|100\/100\n|move|p1a: Landorus|U-turn|p2a: Kartana\n|-damage|p2a: Kartana|77\/100\n|\n|t:|1649121299\n|switch|p1a: Kyurem|Kyurem|100\/100|[from]move: U-turn\n|-ability|p1a: Kyurem|Pressure\n|\n|upkeep\n|turn|4\n|\n|t:|1649121307\n|switch|p2a: Charizard|Charizard, F|100\/100\n|move|p1a: Kyurem|Ice Beam|p2a: Charizard\n|-damage|p2a: Charizard|17\/100\n|\n|upkeep\n|turn|5\n|\n|t:|1649121313\n|switch|p1a: Tyranitar|Tyranitar, M|100\/100\n|-weather|Sandstorm|[from] ability: Sand Stream|[of] p1a: Tyranitar\n|detailschange|p2a: Charizard|Charizard-Mega-Y, F\n|-mega|p2a: Charizard|Charizard|Charizardite Y\n|-weather|SunnyDay|[from] ability: Drought|[of] p2a: Charizard\n|move|p2a: Charizard|Flamethrower|p1a: Tyranitar\n|-resisted|p1a: Tyranitar\n|-damage|p1a: Tyranitar|65\/100\n|\n|-weather|SunnyDay|[upkeep]\n|-fieldend|Misty Terrain\n|upkeep\n|turn|6\n|\n|t:|1649121320\n|switch|p1a: Landorus|Landorus-Therian, M|92\/100\n|-ability|p1a: Landorus|Intimidate|boost\n|-unboost|p2a: Charizard|atk|1\n|move|p2a: Charizard|Solar Beam||[still]\n|-prepare|p2a: Charizard|Solar Beam\n|-anim|p2a: Charizard|Solar Beam|p1a: Landorus\n|-damage|p1a: Landorus|58\/100\n|\n|-weather|SunnyDay|[upkeep]\n|-heal|p1a: Landorus|64\/100|[from] item: Leftovers\n|upkeep\n|turn|7\n|\n|t:|1649121325\n|switch|p1a: Tapu Fini|Tapu Fini|97\/100\n|-fieldstart|move: Misty Terrain|[from] ability: Misty Surge|[of] p1a: Tapu Fini\n|move|p2a: Charizard|Flamethrower|p1a: Tapu Fini\n|-resisted|p1a: Tapu Fini\n|-damage|p1a: Tapu Fini|66\/100\n|\n|-weather|SunnyDay|[upkeep]\n|-heal|p1a: Tapu Fini|72\/100|[from] item: Leftovers\n|upkeep\n|turn|8\n|\n|t:|1649121328\n|switch|p1a: Tyranitar|Tyranitar, M|65\/100\n|-weather|Sandstorm|[from] ability: Sand Stream|[of] p1a: Tyranitar\n|move|p2a: Charizard|Solar Beam||[still]\n|-prepare|p2a: Charizard|Solar Beam\n|\n|-weather|Sandstorm|[upkeep]\n|-damage|p2a: Charizard|11\/100|[from] Sandstorm\n|upkeep\n|turn|9\n|\n|t:|1649121332\n|switch|p1a: Heatran|Heatran, F|100\/100\n|move|p2a: Charizard|Solar Beam|p1a: Heatran|[from]lockedmove\n|-resisted|p1a: Heatran\n|-damage|p1a: Heatran|97\/100\n|\n|-weather|Sandstorm|[upkeep]\n|-damage|p2a: Charizard|5\/100|[from] Sandstorm\n|-heal|p1a: Heatran|100\/100|[from] item: Leftovers\n|upkeep\n|turn|10\n|\n|t:|1649121339\n|switch|p2a: Heatran|Heatran, F|100\/100\n|-item|p2a: Heatran|Air Balloon\n|switch|p1a: Tapu Fini|Tapu Fini|72\/100\n|\n|-weather|Sandstorm|[upkeep]\n|-damage|p1a: Tapu Fini|66\/100|[from] Sandstorm\n|-heal|p1a: Tapu Fini|72\/100|[from] item: Leftovers\n|upkeep\n|turn|11\n|\n|t:|1649121342\n|switch|p2a: Kartana|Kartana|77\/100\n|move|p1a: Tapu Fini|Scald|p2a: Kartana\n|-resisted|p2a: Kartana\n|-damage|p2a: Kartana|35\/100\n|\n|-weather|Sandstorm|[upkeep]\n|-damage|p1a: Tapu Fini|66\/100|[from] Sandstorm\n|-heal|p1a: Tapu Fini|72\/100|[from] item: Leftovers\n|-fieldend|Misty Terrain\n|upkeep\n|turn|12\n|\n|t:|1649121356\n|switch|p1a: Kyurem|Kyurem|100\/100\n|-ability|p1a: Kyurem|Pressure\n|move|p2a: Kartana|Leaf Blade|p1a: Kyurem\n|-resisted|p1a: Kyurem\n|-damage|p1a: Kyurem|74\/100\n|\n|-weather|none\n|upkeep\n|turn|13\n|\n|t:|1649121362\n|switch|p1a: Landorus|Landorus-Therian, M|64\/100\n|-ability|p1a: Landorus|Intimidate|boost\n|-unboost|p2a: Kartana|atk|1\n|move|p2a: Kartana|Sacred Sword|p1a: Landorus\n|-resisted|p1a: Landorus\n|-damage|p1a: Landorus|50\/100\n|\n|-heal|p1a: Landorus|57\/100|[from] item: Leftovers\n|upkeep\n|turn|14\n|\n|t:|1649121365\n|-zpower|p2a: Kartana\n|move|p2a: Kartana|Bloom Doom|p1a: Landorus|[zeffect]\n|-damage|p1a: Landorus|0 fnt\n|faint|p1a: Landorus\n|-ability|p2a: Kartana|Beast Boost|boost\n|-boost|p2a: Kartana|atk|1\n|\n|upkeep\n|\n|t:|1649121368\n|switch|p1a: Lopunny|Lopunny, F|100\/100\n|turn|15\n|inactive|Isza has 270 seconds left.\n|\n|t:|1649121405\n|switch|p2a: Tapu Fini|Tapu Fini|100\/100\n|-fieldstart|move: Misty Terrain|[from] ability: Misty Surge|[of] p2a: Tapu Fini\n|detailschange|p1a: Lopunny|Lopunny-Mega, F\n|-mega|p1a: Lopunny|Lopunny|Lopunnite\n|move|p1a: Lopunny|Return|p2a: Tapu Fini\n|-damage|p2a: Tapu Fini|52\/100\n|\n|-heal|p2a: Tapu Fini|58\/100|[from] item: Leftovers\n|upkeep\n|turn|16\n|inactive|Isza has 270 seconds left.\n|\n|t:|1649121415\n|move|p1a: Lopunny|U-turn|p2a: Tapu Fini\n|-resisted|p2a: Tapu Fini\n|-damage|p2a: Tapu Fini|46\/100\n|\n|t:|1649121417\n|switch|p1a: Heatran|Heatran, F|100\/100|[from]move: U-turn\n|move|p2a: Tapu Fini|Moonblast|p1a: Heatran\n|-resisted|p1a: Heatran\n|-damage|p1a: Heatran|96\/100\n|\n|-heal|p2a: Tapu Fini|52\/100|[from] item: Leftovers\n|-heal|p1a: Heatran|100\/100|[from] item: Leftovers\n|upkeep\n|turn|17\n|\n|t:|1649121428\n|switch|p2a: Heatran|Heatran, F|100\/100\n|-item|p2a: Heatran|Air Balloon\n|move|p1a: Heatran|Stealth Rock|p2a: Heatran\n|-sidestart|p2: Isza|move: Stealth Rock\n|\n|upkeep\n|turn|18\n|\n|t:|1649121432\n|switch|p1a: Tyranitar|Tyranitar, M|65\/100\n|-weather|Sandstorm|[from] ability: Sand Stream|[of] p1a: Tyranitar\n|move|p2a: Heatran|Stealth Rock|p1a: Tyranitar\n|-sidestart|p1: LudwigFrog|move: Stealth Rock\n|\n|-weather|Sandstorm|[upkeep]\n|upkeep\n|turn|19\n|\n|t:|1649121438\n|switch|p2a: Charizard|Charizard-Mega-Y, F|5\/100\n|-damage|p2a: Charizard|0 fnt|[from] Stealth Rock\n|faint|p2a: Charizard\n|move|p1a: Tyranitar|Crunch|p2: Charizard|[notarget]\n|-fail|p1a: Tyranitar\n|\n|-weather|Sandstorm|[upkeep]\n|-fieldend|Misty Terrain\n|upkeep\n|\n|t:|1649121442\n|switch|p2a: Kartana|Kartana|35\/100\n|-damage|p2a: Kartana|29\/100|[from] Stealth Rock\n|turn|20\n|\n|t:|1649121446\n|switch|p1a: Heatran|Heatran, F|100\/100\n|-damage|p1a: Heatran|88\/100|[from] Stealth Rock\n|move|p2a: Kartana|Sacred Sword|p1a: Heatran\n|-supereffective|p1a: Heatran\n|-damage|p1a: Heatran|21\/100\n|\n|-weather|Sandstorm|[upkeep]\n|-heal|p1a: Heatran|27\/100|[from] item: Leftovers\n|upkeep\n|turn|21\n|\n|t:|1649121449\n|move|p2a: Kartana|Sacred Sword|p1a: Heatran\n|-supereffective|p1a: Heatran\n|-damage|p1a: Heatran|0 fnt\n|faint|p1a: Heatran\n|-ability|p2a: Kartana|Beast Boost|boost\n|-boost|p2a: Kartana|atk|1\n|\n|-weather|Sandstorm|[upkeep]\n|upkeep\n|\n|t:|1649121451\n|switch|p1a: Lopunny|Lopunny-Mega, F|100\/100\n|-damage|p1a: Lopunny|95\/100|[from] Stealth Rock\n|turn|22\n|\n|t:|1649121470\n|switch|p2a: Tapu Fini|Tapu Fini|52\/100\n|-damage|p2a: Tapu Fini|39\/100|[from] Stealth Rock\n|-fieldstart|move: Misty Terrain|[from] ability: Misty Surge|[of] p2a: Tapu Fini\n|move|p1a: Lopunny|Return|p2a: Tapu Fini\n|-damage|p2a: Tapu Fini|0 fnt\n|faint|p2a: Tapu Fini\n|\n|-weather|none\n|upkeep\n|\n|t:|1649121471\n|switch|p2a: Landorus|Landorus-Therian, M|100\/100\n|-damage|p2a: Landorus|88\/100|[from] Stealth Rock\n|-ability|p2a: Landorus|Intimidate|boost\n|-fail|p1a: Lopunny|unboost|Attack|[from] ability: Scrappy|[of] p1a: Lopunny\n|turn|23\n|\n|t:|1649121474\n|move|p2a: Landorus|U-turn|p1a: Lopunny\n|-resisted|p1a: Lopunny\n|-crit|p1a: Lopunny\n|-damage|p1a: Lopunny|73\/100\n|\n|t:|1649121476\n|switch|p2a: Weavile|Weavile, F|100\/100|[from]move: U-turn\n|-damage|p2a: Weavile|76\/100|[from] Stealth Rock\n|-ability|p2a: Weavile|Pressure\n|move|p1a: Lopunny|Ice Punch|p2a: Weavile\n|-resisted|p2a: Weavile\n|-damage|p2a: Weavile|53\/100\n|\n|upkeep\n|turn|24\n|\n|t:|1649121480\n|switch|p1a: Tyranitar|Tyranitar, M|65\/100\n|-damage|p1a: Tyranitar|53\/100|[from] Stealth Rock\n|-weather|Sandstorm|[from] ability: Sand Stream|[of] p1a: Tyranitar\n|move|p2a: Weavile|Ice Shard|p1a: Tyranitar\n|-damage|p1a: Tyranitar|28\/100\n|\n|-weather|Sandstorm|[upkeep]\n|-damage|p2a: Weavile|47\/100|[from] Sandstorm\n|upkeep\n|turn|25\n|\n|t:|1649121492\n|switch|p2a: Heatran|Heatran, F|100\/100\n|-damage|p2a: Heatran|88\/100|[from] Stealth Rock\n|-item|p2a: Heatran|Air Balloon\n|move|p1a: Tyranitar|Crunch|p2a: Heatran\n|-damage|p2a: Heatran|18\/100\n|-unboost|p2a: Heatran|def|1\n|-enditem|p2a: Heatran|Air Balloon\n|\n|-weather|Sandstorm|[upkeep]\n|upkeep\n|turn|26\n|\n|t:|1649121498\n|move|p2a: Heatran|Earth Power|p1a: Tyranitar\n|-supereffective|p1a: Tyranitar\n|-damage|p1a: Tyranitar|0 fnt\n|faint|p1a: Tyranitar\n|\n|-weather|Sandstorm|[upkeep]\n|-fieldend|Misty Terrain\n|upkeep\n|\n|t:|1649121501\n|switch|p1a: Kyurem|Kyurem|74\/100\n|-damage|p1a: Kyurem|49\/100|[from] Stealth Rock\n|-ability|p1a: Kyurem|Pressure\n|turn|27\n|\n|t:|1649121506\n|move|p1a: Kyurem|Roost|p1a: Kyurem\n|-heal|p1a: Kyurem|99\/100\n|-singleturn|p1a: Kyurem|move: Roost\n|move|p2a: Heatran|Magma Storm|p1a: Kyurem\n|-damage|p1a: Kyurem|46\/100\n|-activate|p1a: Kyurem|move: Magma Storm|[of] p2a: Heatran\n|\n|-weather|Sandstorm|[upkeep]\n|-damage|p1a: Kyurem|40\/100|[from] Sandstorm\n|-damage|p1a: Kyurem|28\/100|[from] move: Magma Storm|[partiallytrapped]\n|upkeep\n|turn|28\n|\n|t:|1649121509\n|move|p1a: Kyurem|Earth Power|p2a: Heatran\n|-supereffective|p2a: Heatran\n|-damage|p2a: Heatran|0 fnt\n|faint|p2a: Heatran\n|\n|-weather|none\n|-end|p1a: Kyurem|Magma Storm|[partiallytrapped]|[silent]\n|upkeep\n|\n|t:|1649121532\n|switch|p2a: Landorus|Landorus-Therian, M|88\/100\n|-damage|p2a: Landorus|76\/100|[from] Stealth Rock\n|-ability|p2a: Landorus|Intimidate|boost\n|-unboost|p1a: Kyurem|atk|1\n|turn|29\n|\n|t:|1649121535\n|move|p2a: Landorus|Earthquake|p1a: Kyurem\n|-damage|p1a: Kyurem|0 fnt\n|faint|p1a: Kyurem\n|\n|upkeep\n|\n|t:|1649121537\n|switch|p1a: Tapu Fini|Tapu Fini|72\/100\n|-damage|p1a: Tapu Fini|59\/100|[from] Stealth Rock\n|-fieldstart|move: Misty Terrain|[from] ability: Misty Surge|[of] p1a: Tapu Fini\n|turn|30\n|\n|t:|1649121540\n|switch|p2a: Weavile|Weavile, F|47\/100\n|-damage|p2a: Weavile|22\/100|[from] Stealth Rock\n|-ability|p2a: Weavile|Pressure\n|switch|p1a: Lopunny|Lopunny-Mega, F|73\/100\n|-damage|p1a: Lopunny|67\/100|[from] Stealth Rock\n|\n|upkeep\n|turn|31\n|\n|t:|1649121548\n|move|p2a: Weavile|Ice Shard|p1a: Lopunny\n|-damage|p1a: Lopunny|30\/100\n|move|p1a: Lopunny|Return|p2a: Weavile\n|-damage|p2a: Weavile|0 fnt\n|faint|p2a: Weavile\n|\n|upkeep\n|\n|t:|1649121550\n|switch|p2a: Landorus|Landorus-Therian, M|76\/100\n|-damage|p2a: Landorus|63\/100|[from] Stealth Rock\n|-ability|p2a: Landorus|Intimidate|boost\n|-fail|p1a: Lopunny|unboost|Attack|[from] ability: Scrappy|[of] p1a: Lopunny\n|turn|32\n|\n|t:|1649121552\n|move|p2a: Landorus|Earthquake|p1a: Lopunny\n|-damage|p1a: Lopunny|0 fnt\n|faint|p1a: Lopunny\n|\n|upkeep\n|c|\u2606LudwigFrog|gg\n|\n|t:|1649121556\n|switch|p1a: Tapu Fini|Tapu Fini|59\/100\n|-damage|p1a: Tapu Fini|47\/100|[from] Stealth Rock\n|turn|33\n|c|\u2606Isza|gg\n|\n|t:|1649121558\n|move|p2a: Landorus|Earthquake|p1a: Tapu Fini\n|-damage|p1a: Tapu Fini|12\/100\n|move|p1a: Tapu Fini|Scald|p2a: Landorus\n|-supereffective|p2a: Landorus\n|-damage|p2a: Landorus|1\/100\n|\n|-heal|p1a: Tapu Fini|18\/100|[from] item: Leftovers\n|upkeep\n|turn|34\n|\n|t:|1649121560\n|move|p2a: Landorus|Earthquake|p1a: Tapu Fini\n|-damage|p1a: Tapu Fini|0 fnt\n|faint|p1a: Tapu Fini\n|\n|win|Isza\n","uploadtime":1649121561,"views":480,"p1id":"ludwigfrog","p2id":"isza","formatid":"gen8nationaldex","rating":0,"private":0,"password":null}