{"id":"smogtours-gen8lc-598425","p1":"Laroxyl","p2":"Sciroccoo","format":"gen8lc","log":"|inactive|Battle timer is ON: inactive players will automatically lose when time's up.\n|t:|1639930040\n|gametype|singles\n|player|p1|Laroxyl|#scl1spartans|\n|player|p2|Sciroccoo|#fcl8skystrikers|\n|teamsize|p1|6\n|teamsize|p2|6\n|gen|8\n|tier|[Gen 8] LC\n|rule|Sleep Clause Mod: Limit one foe put to sleep\n|rule|Species Clause: Limit one of each Pok\u00e9mon\n|rule|OHKO Clause: OHKO moves are banned\n|rule|Evasion Moves Clause: Evasion moves are banned\n|rule|Endless Battle Clause: Forcing endless battles is banned\n|rule|HP Percentage Mod: HP is shown in percentages\n|rule|Dynamax Clause: You cannot dynamax\n|clearpoke\n|poke|p1|Mienfoo, L5, F|\n|poke|p1|Ferroseed, L5, M|\n|poke|p1|Ponyta-Galar, L5, F|\n|poke|p1|Abra, L5, M|\n|poke|p1|Diglett, L5, M|\n|poke|p1|Natu, L5, F|\n|poke|p2|Pawniard, L5, M|\n|poke|p2|Koffing, L5, M|\n|poke|p2|Farfetch\u2019d-Galar, L5, M|\n|poke|p2|Diglett, L5, F|\n|poke|p2|Staryu, L5|\n|poke|p2|Mienfoo, L5, M|\n|teampreview\n|c|\u2606Sciroccoo|hf\n|c|\u2606Laroxyl|hf\n|inactive|Laroxyl has 270 seconds left.\n|inactive|Sciroccoo has 270 seconds left.\n|inactive|Laroxyl has 240 seconds left.\n|inactive|Laroxyl has 210 seconds left.\n|\n|t:|1639930149\n|start\n|switch|p1a: Natu|Natu, L5, F|100\/100\n|switch|p2a: Mienfoo|Mienfoo, L5, M|100\/100\n|turn|1\n|\n|t:|1639930156\n|move|p2a: Mienfoo|Fake Out|p1a: Natu\n|-damage|p1a: Natu|82\/100\n|cant|p1a: Natu|flinch\n|\n|upkeep\n|turn|2\n|\n|t:|1639930179\n|move|p2a: Mienfoo|Knock Off|p1a: Natu\n|-supereffective|p1a: Natu\n|-damage|p1a: Natu|10\/100\n|-enditem|p1a: Natu|Eviolite|[from] move: Knock Off|[of] p2a: Mienfoo\n|move|p1a: Natu|Thunder Wave|p2a: Mienfoo\n|-status|p2a: Mienfoo|par\n|\n|upkeep\n|turn|3\n|inactive|Laroxyl has 270 seconds left.\n|\n|t:|1639930201\n|move|p1a: Natu|Psychic|p2a: Mienfoo\n|-supereffective|p2a: Mienfoo\n|-damage|p2a: Mienfoo|0 fnt\n|faint|p2a: Mienfoo\n|\n|upkeep\n|inactive|Sciroccoo has 270 seconds left.\n|\n|t:|1639930225\n|switch|p2a: Staryu|Staryu, L5|100\/100\n|turn|4\n|inactive|Laroxyl has 270 seconds left.\n|\n|t:|1639930233\n|switch|p1a: Ferroseed|Ferroseed, L5, M|100\/100\n|move|p2a: Staryu|Ice Beam|p1a: Ferroseed\n|-damage|p1a: Ferroseed|73\/100\n|\n|upkeep\n|turn|5\n|inactive|Laroxyl has 270 seconds left.\n|inactive|Sciroccoo has 270 seconds left.\n|\n|t:|1639930257\n|switch|p2a: Koffing|Koffing, L5, M|100\/100\n|-ability|p2a: Koffing|Neutralizing Gas\n|move|p1a: Ferroseed|Thunder Wave|p2a: Koffing|[miss]\n|-miss|p1a: Ferroseed|p2a: Koffing\n|\n|upkeep\n|turn|6\n|inactive|Laroxyl has 270 seconds left.\n|inactive|Sciroccoo has 270 seconds left.\n|\n|t:|1639930268\n|switch|p1a: Ponyta|Ponyta-Galar, L5, F|100\/100\n|move|p2a: Koffing|Fire Blast|p1a: Ponyta\n|-damage|p1a: Ponyta|72\/100\n|\n|upkeep\n|turn|7\n|inactive|Laroxyl has 270 seconds left.\n|inactive|Sciroccoo has 270 seconds left.\n|\n|t:|1639930285\n|switch|p1a: Mienfoo|Mienfoo, L5, F|100\/100\n|move|p2a: Koffing|Sludge Bomb|p1a: Mienfoo\n|-damage|p1a: Mienfoo|58\/100\n|-status|p1a: Mienfoo|psn\n|\n|-damage|p1a: Mienfoo|48\/100 psn|[from] psn\n|upkeep\n|turn|8\n|inactive|Laroxyl has 270 seconds left.\n|\n|t:|1639930294\n|move|p1a: Mienfoo|U-turn|p2a: Koffing\n|-resisted|p2a: Koffing\n|-damage|p2a: Koffing|91\/100\n|\n|t:|1639930297\n|switch|p1a: Ponyta|Ponyta-Galar, L5, F|72\/100|[from]move: U-turn\n|move|p2a: Koffing|Sludge Bomb|p1a: Ponyta\n|-damage|p1a: Ponyta|29\/100\n|-status|p1a: Ponyta|psn\n|\n|-damage|p1a: Ponyta|20\/100 psn|[from] psn\n|upkeep\n|turn|9\n|\n|t:|1639930310\n|-end|p2a: Koffing|ability: Neutralizing Gas\n|-activate|p1a: Ponyta|ability: Pastel Veil\n|-curestatus|p1a: Ponyta|psn|[msg]\n|switch|p2a: Staryu|Staryu, L5|100\/100\n|move|p1a: Ponyta|Morning Sun|p1a: Ponyta\n|-heal|p1a: Ponyta|67\/100\n|\n|upkeep\n|turn|10\n|\n|t:|1639930317\n|move|p2a: Staryu|Ice Beam|p1a: Ponyta\n|-damage|p1a: Ponyta|39\/100\n|move|p1a: Ponyta|Morning Sun|p1a: Ponyta\n|-heal|p1a: Ponyta|86\/100\n|\n|upkeep\n|turn|11\n|\n|t:|1639930323\n|move|p2a: Staryu|Hydro Pump|p1a: Ponyta\n|-damage|p1a: Ponyta|39\/100\n|move|p1a: Ponyta|Morning Sun|p1a: Ponyta\n|-heal|p1a: Ponyta|86\/100\n|\n|upkeep\n|turn|12\n|\n|t:|1639930338\n|move|p2a: Staryu|Hydro Pump|p1a: Ponyta|[miss]\n|-miss|p2a: Staryu|p1a: Ponyta\n|move|p1a: Ponyta|Substitute|p1a: Ponyta\n|-start|p1a: Ponyta|Substitute\n|-damage|p1a: Ponyta|62\/100\n|\n|upkeep\n|turn|13\n|\n|t:|1639930347\n|move|p2a: Staryu|Ice Beam|p1a: Ponyta\n|-end|p1a: Ponyta|Substitute\n|move|p1a: Ponyta|Morning Sun|p1a: Ponyta\n|-heal|p1a: Ponyta|100\/100\n|\n|upkeep\n|turn|14\n|\n|t:|1639930351\n|switch|p1a: Ferroseed|Ferroseed, L5, M|73\/100\n|switch|p2a: Pawniard|Pawniard, L5, M|100\/100\n|\n|upkeep\n|turn|15\n|\n|t:|1639930378\n|switch|p2a: Koffing|Koffing, L5, M|91\/100\n|-ability|p2a: Koffing|Neutralizing Gas\n|switch|p1a: Natu|Natu, L5, F|10\/100\n|\n|upkeep\n|turn|16\n|inactive|Laroxyl has 270 seconds left.\n|\n|t:|1639930400\n|-end|p2a: Koffing|ability: Neutralizing Gas\n|switch|p2a: Pawniard|Pawniard, L5, M|100\/100\n|move|p1a: Natu|U-turn|p2a: Pawniard\n|-damage|p2a: Pawniard|81\/100\n|\n|t:|1639930406\n|switch|p1a: Diglett|Diglett, L5, M|100\/100|[from]move: U-turn\n|\n|upkeep\n|turn|17\n|inactive|Laroxyl has 270 seconds left.\n|\n|t:|1639930416\n|move|p1a: Diglett|Earthquake|p2a: Pawniard\n|-supereffective|p2a: Pawniard\n|-damage|p2a: Pawniard|0 fnt\n|faint|p2a: Pawniard\n|\n|upkeep\n|\n|t:|1639930427\n|switch|p2a: Farfetch\u2019d|Farfetch\u2019d-Galar, L5, M|100\/100\n|turn|18\n|\n|t:|1639930434\n|switch|p1a: Natu|Natu, L5, F|10\/100\n|move|p2a: Farfetch\u2019d|Close Combat|p1a: Natu\n|-resisted|p1a: Natu\n|-damage|p1a: Natu|0 fnt\n|-unboost|p2a: Farfetch\u2019d|def|1\n|-unboost|p2a: Farfetch\u2019d|spd|1\n|faint|p1a: Natu\n|\n|upkeep\n|inactive|Laroxyl has 270 seconds left.\n|\n|t:|1639930468\n|switch|p1a: Abra|Abra, L5, M|100\/100\n|turn|19\n|\n|t:|1639930478\n|switch|p2a: Staryu|Staryu, L5|100\/100\n|move|p1a: Abra|Psychic|p2a: Staryu\n|-damage|p2a: Staryu|37\/100\n|\n|upkeep\n|turn|20\n|inactive|Laroxyl has 270 seconds left.\n|\n|t:|1639930491\n|move|p1a: Abra|Psychic|p2a: Staryu\n|-damage|p2a: Staryu|0 fnt\n|faint|p2a: Staryu\n|\n|upkeep\n|\n|t:|1639930500\n|switch|p2a: Diglett|Diglett, L5, F|100\/100\n|-item|p2a: Diglett|Air Balloon\n|turn|21\n|\n|t:|1639930503\n|move|p2a: Diglett|Earthquake|p1a: Abra\n|-enditem|p1a: Abra|Focus Sash\n|-damage|p1a: Abra|6\/100\n|move|p1a: Abra|Psychic|p2a: Diglett\n|-damage|p2a: Diglett|0 fnt\n|-enditem|p2a: Diglett|Air Balloon\n|faint|p2a: Diglett\n|\n|upkeep\n|\n|t:|1639930511\n|switch|p2a: Farfetch\u2019d|Farfetch\u2019d-Galar, L5, M|100\/100\n|turn|22\n|\n|t:|1639930522\n|move|p1a: Abra|Protect|p1a: Abra\n|-singleturn|p1a: Abra|Protect\n|move|p2a: Farfetch\u2019d|Knock Off|p1a: Abra\n|-activate|p1a: Abra|move: Protect\n|\n|upkeep\n|turn|23\n|\n|t:|1639930530\n|switch|p1a: Ferroseed|Ferroseed, L5, M|73\/100\n|move|p2a: Farfetch\u2019d|Knock Off|p1a: Ferroseed\n|-damage|p1a: Ferroseed|50\/100\n|-damage|p2a: Farfetch\u2019d|88\/100|[from] ability: Iron Barbs|[of] p1a: Ferroseed\n|-enditem|p1a: Ferroseed|Eviolite|[from] move: Knock Off|[of] p2a: Farfetch\u2019d\n|\n|upkeep\n|turn|24\n|\n|t:|1639930537\n|switch|p2a: Koffing|Koffing, L5, M|91\/100\n|-ability|p2a: Koffing|Neutralizing Gas\n|move|p1a: Ferroseed|Knock Off|p2a: Koffing\n|-damage|p2a: Koffing|72\/100\n|-enditem|p2a: Koffing|Eviolite|[from] move: Knock Off|[of] p1a: Ferroseed\n|\n|upkeep\n|turn|25\n|\n|t:|1639930549\n|move|p2a: Koffing|Fire Blast|p1a: Ferroseed\n|-supereffective|p1a: Ferroseed\n|-damage|p1a: Ferroseed|0 fnt\n|faint|p1a: Ferroseed\n|\n|upkeep\n|\n|t:|1639930551\n|switch|p1a: Abra|Abra, L5, M|6\/100\n|turn|26\n|\n|t:|1639930556\n|move|p1a: Abra|Psychic|p2a: Koffing\n|-supereffective|p2a: Koffing\n|-damage|p2a: Koffing|0 fnt\n|faint|p2a: Koffing\n|-end|p2a: Koffing|ability: Neutralizing Gas\n|\n|upkeep\n|\n|t:|1639930558\n|switch|p2a: Farfetch\u2019d|Farfetch\u2019d-Galar, L5, M|88\/100\n|turn|27\n|\n|t:|1639930578\n|move|p1a: Abra|Protect|p1a: Abra\n|-singleturn|p1a: Abra|Protect\n|move|p2a: Farfetch\u2019d|Brave Bird|p1a: Abra\n|-activate|p1a: Abra|move: Protect\n|\n|upkeep\n|turn|28\n|\n|t:|1639930590\n|move|p2a: Farfetch\u2019d|Brave Bird|p1a: Abra\n|-crit|p1a: Abra\n|-damage|p1a: Abra|0 fnt\n|faint|p1a: Abra\n|-damage|p2a: Farfetch\u2019d|84\/100|[from] Recoil\n|\n|upkeep\n|\n|t:|1639930608\n|switch|p1a: Diglett|Diglett, L5, M|100\/100\n|turn|29\n|\n|t:|1639930610\n|move|p2a: Farfetch\u2019d|Brave Bird|p1a: Diglett\n|-damage|p1a: Diglett|32\/100\n|-damage|p2a: Farfetch\u2019d|67\/100|[from] Recoil\n|move|p1a: Diglett|Earthquake|p2a: Farfetch\u2019d\n|-crit|p2a: Farfetch\u2019d\n|-damage|p2a: Farfetch\u2019d|0 fnt\n|faint|p2a: Farfetch\u2019d\n|\n|win|Laroxyl\n|c|\u2606Laroxyl|gg\n|c|\u2606Sciroccoo|gg\n","uploadtime":1639930612,"views":125,"p1id":"laroxyl","p2id":"sciroccoo","formatid":"gen8lc","rating":0,"private":0,"password":null}