{"id":"sports-gen8nationaldexdraft-748397","p1":"Haggers","p2":"DillDoe7","format":"gen8nationaldexdraft","log":"|j|\u2606Haggers\n|j|\u2606DillDoe7\n|t:|1668037403\n|gametype|singles\n|player|p1|Haggers|haggers.png|\n|player|p2|DillDoe7|dawn|\n|teamsize|p1|6\n|teamsize|p2|6\n|gen|8\n|tier|[Gen 8] National Dex Draft\n|rule|Sleep Clause Mod: Limit one foe put to sleep\n|rule|OHKO Clause: OHKO moves are banned\n|rule|Evasion Moves Clause: Evasion moves are banned\n|rule|Endless Battle Clause: Forcing endless battles is banned\n|rule|HP Percentage Mod: HP is shown in percentages\n|rule|Dynamax Clause: You cannot dynamax\n|clearpoke\n|poke|p1|Toxapex, M|\n|poke|p1|Corviknight, F|\n|poke|p1|Zeraora|\n|poke|p1|Chandelure, M|\n|poke|p1|Nidoking, M|\n|poke|p1|Obstagoon, M|\n|poke|p2|Aerodactyl, F|\n|poke|p2|Clefable, M|\n|poke|p2|Eelektross, F|\n|poke|p2|Cresselia, F|\n|poke|p2|Cofagrigus, M|\n|poke|p2|Donphan, M|\n|teampreview\n|html|<button name=\"send\" class=\"button\" value=\"\/timer ds\"><i class=\"fa fa-hourglass-start\"><\/i> DS Timer<\/button> <button name=\"send\" class=\"button\" value=\"\/timer smogon\"><i class=\"fa fa-hourglass-start\"><\/i> Smogon Timer<\/button>\n|c|\u2606Haggers|Oh Dear Lord\n|c|\u2606Haggers|Ok so confidence level going into this is 1\/10\n|c|\u2606Haggers|Gl Hf\n|c|\u2606DillDoe7|If imma lose, imma lose my way\n|c|\u2606DillDoe7|gl hf\n|j| SDC_Official\n|j| Xatlas77\n|\n|t:|1668037469\n|start\n|switch|p1a: Destroyah|Nidoking, M|100\/100\n|switch|p2a: Gluck Gluck 9000|Eelektross, F|100\/100\n|turn|1\n|\n|t:|1668037478\n|move|p1a: Destroyah|Stealth Rock|p2a: Gluck Gluck 9000\n|-sidestart|p2: DillDoe7|move: Stealth Rock\n|move|p2a: Gluck Gluck 9000|Knock Off|p1a: Destroyah\n|-damage|p1a: Destroyah|53\/100\n|-enditem|p1a: Destroyah|Choice Scarf|[from] move: Knock Off|[of] p2a: Gluck Gluck 9000\n|\n|upkeep\n|turn|2\n|j| FertileFeraligatrs\n|c| SDC_Official|Outplayed\n|c| Xatlas77|Father\n|c|\u2606Haggers|Oh\n|c| SDC_Official|Wow\n|c|\u2606Haggers|Bugger\n|c| FertileFeraligatrs|Pog\n|c| Xatlas77|:niceboots:\n|c| Xatlas77|good luck\n|\n|t:|1668037489\n|move|p1a: Destroyah|Sludge Wave|p2a: Gluck Gluck 9000\n|-crit|p2a: Gluck Gluck 9000\n|-damage|p2a: Gluck Gluck 9000|44\/100\n|move|p2a: Gluck Gluck 9000|U-turn|p1a: Destroyah\n|-resisted|p1a: Destroyah\n|-damage|p1a: Destroyah|36\/100\n|c|\u2606Haggers|I kinda needed that to not die\n|\n|t:|1668037514\n|switch|p2a: CAW|Aerodactyl, F|100\/100|[from]move: U-turn\n|-damage|p2a: CAW|76\/100|[from] Stealth Rock\n|-ability|p2a: CAW|Pressure\n|\n|upkeep\n|turn|3\n|c| SDC_Official|Time to win aero\n|\n|t:|1668037537\n|detailschange|p2a: CAW|Aerodactyl-Mega, F\n|-mega|p2a: CAW|Aerodactyl|Aerodactylite\n|move|p2a: CAW|Earthquake|p1a: Destroyah\n|-supereffective|p1a: Destroyah\n|-damage|p1a: Destroyah|0 fnt\n|faint|p1a: Destroyah\n|\n|upkeep\n|\n|t:|1668037544\n|switch|p1a: Lancelot|Corviknight, F|100\/100\n|-ability|p1a: Lancelot|Pressure\n|turn|4\n|\n|t:|1668037552\n|switch|p2a: Necrophelia|Cofagrigus, M|100\/100\n|-damage|p2a: Necrophelia|88\/100|[from] Stealth Rock\n|move|p1a: Lancelot|U-turn|p2a: Necrophelia\n|-resisted|p2a: Necrophelia\n|-damage|p2a: Necrophelia|84\/100\n|-activate|p2a: Necrophelia|ability: Mummy|Pressure|[of] p1a: Lancelot\n|\n|t:|1668037555\n|switch|p1a: 3Spooky5Me|Chandelure, M|100\/100|[from]move: U-turn\n|\n|-heal|p2a: Necrophelia|90\/100|[from] item: Leftovers\n|upkeep\n|turn|5\n|\n|t:|1668037571\n|switch|p2a: #1 Fan|Donphan, M|100\/100\n|-damage|p2a: #1 Fan|94\/100|[from] Stealth Rock\n|move|p1a: 3Spooky5Me|Substitute|p1a: 3Spooky5Me\n|-start|p1a: 3Spooky5Me|Substitute\n|-damage|p1a: 3Spooky5Me|76\/100\n|\n|-heal|p1a: 3Spooky5Me|82\/100|[from] item: Leftovers\n|upkeep\n|turn|6\n|c| SDC_Official|Goodbye dumbphan\n|c|\u2606DillDoe7|oh this thing gets energy ball doesnt it\n|c|\u2606Haggers|It is a possibility \n|c| SDC_Official|Does it even matter\n|c|\u2606DillDoe7|yes actually\n|\n|t:|1668037632\n|move|p1a: 3Spooky5Me|Energy Ball|p2a: #1 Fan\n|-supereffective|p2a: #1 Fan\n|-damage|p2a: #1 Fan|0 fnt\n|faint|p2a: #1 Fan\n|\n|-heal|p1a: 3Spooky5Me|88\/100|[from] item: Leftovers\n|upkeep\n|j| Bpoilnestle\n|\n|t:|1668037637\n|switch|p2a: Miss Moon|Clefable, M|100\/100\n|turn|7\n|\n|t:|1668037644\n|move|p1a: 3Spooky5Me|Shadow Ball|p2a: Miss Moon\n|-damage|p2a: Miss Moon|51\/100\n|move|p2a: Miss Moon|Wish|p2a: Miss Moon\n|\n|-heal|p1a: 3Spooky5Me|94\/100|[from] item: Leftovers\n|-heal|p2a: Miss Moon|57\/100|[from] item: Leftovers\n|upkeep\n|turn|8\n|\n|t:|1668037649\n|move|p1a: 3Spooky5Me|Flamethrower|p2a: Miss Moon\n|-damage|p2a: Miss Moon|2\/100\n|move|p2a: Miss Moon|Calm Mind|p2a: Miss Moon\n|-boost|p2a: Miss Moon|spa|1\n|-boost|p2a: Miss Moon|spd|1\n|\n|-heal|p2a: Miss Moon|52\/100|[from] move: Wish|[wisher] Miss Moon\n|-heal|p1a: 3Spooky5Me|99\/100|[from] item: Leftovers\n|-heal|p2a: Miss Moon|58\/100|[from] item: Leftovers\n|upkeep\n|turn|9\n|\n|t:|1668037654\n|move|p1a: 3Spooky5Me|Flamethrower|p2a: Miss Moon\n|-damage|p2a: Miss Moon|22\/100\n|move|p2a: Miss Moon|Wish|p2a: Miss Moon\n|\n|-heal|p1a: 3Spooky5Me|100\/100|[from] item: Leftovers\n|-heal|p2a: Miss Moon|28\/100|[from] item: Leftovers\n|upkeep\n|turn|10\n|\n|t:|1668037657\n|move|p2a: Miss Moon|Protect|p2a: Miss Moon\n|-singleturn|p2a: Miss Moon|Protect\n|move|p1a: 3Spooky5Me|Flamethrower|p2a: Miss Moon\n|-activate|p2a: Miss Moon|move: Protect\n|\n|-heal|p2a: Miss Moon|78\/100|[from] move: Wish|[wisher] Miss Moon\n|-heal|p2a: Miss Moon|84\/100|[from] item: Leftovers\n|upkeep\n|turn|11\n|\n|t:|1668037670\n|switch|p1a: Lancelot|Corviknight, F|100\/100\n|-ability|p1a: Lancelot|Pressure\n|move|p2a: Miss Moon|Wish|p2a: Miss Moon\n|\n|-heal|p2a: Miss Moon|90\/100|[from] item: Leftovers\n|upkeep\n|turn|12\n|\n|t:|1668037675\n|switch|p2a: Gluck Gluck 9000|Eelektross, F|44\/100\n|-damage|p2a: Gluck Gluck 9000|32\/100|[from] Stealth Rock\n|move|p1a: Lancelot|Iron Head|p2a: Gluck Gluck 9000\n|-resisted|p2a: Gluck Gluck 9000\n|-damage|p2a: Gluck Gluck 9000|19\/100\n|\n|-heal|p2a: Gluck Gluck 9000|71\/100|[from] move: Wish|[wisher] Miss Moon\n|upkeep\n|turn|13\n|c|\u2606Haggers|Oh nice switch\n|\n|t:|1668037692\n|move|p1a: Lancelot|U-turn|p2a: Gluck Gluck 9000\n|-damage|p2a: Gluck Gluck 9000|56\/100\n|\n|t:|1668037694\n|switch|p1a: Thundercats|Zeraora|100\/100|[from]move: U-turn\n|move|p2a: Gluck Gluck 9000|Knock Off|p1a: Thundercats\n|-damage|p1a: Thundercats|51\/100\n|-enditem|p1a: Thundercats|Magnet|[from] move: Knock Off|[of] p2a: Gluck Gluck 9000\n|\n|upkeep\n|turn|14\n|\n|t:|1668037706\n|move|p1a: Thundercats|Knock Off|p2a: Gluck Gluck 9000\n|-damage|p2a: Gluck Gluck 9000|21\/100\n|-enditem|p2a: Gluck Gluck 9000|Assault Vest|[from] move: Knock Off|[of] p1a: Thundercats\n|move|p2a: Gluck Gluck 9000|Drain Punch|p1a: Thundercats\n|-damage|p1a: Thundercats|17\/100\n|-heal|p2a: Gluck Gluck 9000|36\/100|[from] drain|[of] p1a: Thundercats\n|\n|upkeep\n|turn|15\n|\n|t:|1668037730\n|move|p1a: Thundercats|Plasma Fists|p2a: Gluck Gluck 9000\n|-resisted|p2a: Gluck Gluck 9000\n|-damage|p2a: Gluck Gluck 9000|11\/100\n|move|p2a: Gluck Gluck 9000|U-turn|p1a: Thundercats\n|-damage|p1a: Thundercats|0 fnt\n|faint|p1a: Thundercats\n|\n|t:|1668037741\n|switch|p2a: Miss Moon|Clefable, M|90\/100|[from]move: U-turn\n|\n|-heal|p2a: Miss Moon|96\/100|[from] item: Leftovers\n|upkeep\n|\n|t:|1668037747\n|switch|p1a: 3Spooky5Me|Chandelure, M|100\/100\n|turn|16\n|j| D-Fallt\n|\n|t:|1668037753\n|move|p1a: 3Spooky5Me|Flamethrower|p2a: Miss Moon\n|-damage|p2a: Miss Moon|47\/100\n|move|p2a: Miss Moon|Moonblast|p1a: 3Spooky5Me\n|-resisted|p1a: 3Spooky5Me\n|-damage|p1a: 3Spooky5Me|79\/100\n|\n|-heal|p1a: 3Spooky5Me|85\/100|[from] item: Leftovers\n|-heal|p2a: Miss Moon|54\/100|[from] item: Leftovers\n|upkeep\n|turn|17\n|\n|t:|1668037757\n|move|p1a: 3Spooky5Me|Flamethrower|p2a: Miss Moon\n|-damage|p2a: Miss Moon|5\/100\n|move|p2a: Miss Moon|Wish|p2a: Miss Moon\n|\n|-heal|p1a: 3Spooky5Me|91\/100|[from] item: Leftovers\n|-heal|p2a: Miss Moon|11\/100|[from] item: Leftovers\n|upkeep\n|turn|18\n|\n|t:|1668037761\n|move|p2a: Miss Moon|Protect|p2a: Miss Moon\n|-singleturn|p2a: Miss Moon|Protect\n|move|p1a: 3Spooky5Me|Flamethrower|p2a: Miss Moon\n|-activate|p2a: Miss Moon|move: Protect\n|\n|-heal|p2a: Miss Moon|61\/100|[from] move: Wish|[wisher] Miss Moon\n|-heal|p1a: 3Spooky5Me|97\/100|[from] item: Leftovers\n|-heal|p2a: Miss Moon|67\/100|[from] item: Leftovers\n|upkeep\n|turn|19\n|\n|t:|1668037816\n|move|p1a: 3Spooky5Me|Flamethrower|p2a: Miss Moon\n|-damage|p2a: Miss Moon|18\/100\n|move|p2a: Miss Moon|Wish|p2a: Miss Moon\n|\n|-heal|p1a: 3Spooky5Me|100\/100|[from] item: Leftovers\n|-heal|p2a: Miss Moon|24\/100|[from] item: Leftovers\n|upkeep\n|turn|20\n|\n|t:|1668037821\n|move|p2a: Miss Moon|Protect|p2a: Miss Moon\n|-singleturn|p2a: Miss Moon|Protect\n|move|p1a: 3Spooky5Me|Substitute|p1a: 3Spooky5Me\n|-start|p1a: 3Spooky5Me|Substitute\n|-damage|p1a: 3Spooky5Me|76\/100\n|\n|-heal|p2a: Miss Moon|74\/100|[from] move: Wish|[wisher] Miss Moon\n|-heal|p1a: 3Spooky5Me|82\/100|[from] item: Leftovers\n|-heal|p2a: Miss Moon|80\/100|[from] item: Leftovers\n|upkeep\n|turn|21\n|c| SDC_Official|Chandelure needs beast boost\n|\n|t:|1668037833\n|move|p1a: 3Spooky5Me|Flamethrower|p2a: Miss Moon\n|-damage|p2a: Miss Moon|28\/100\n|-status|p2a: Miss Moon|brn\n|move|p2a: Miss Moon|Calm Mind|p2a: Miss Moon\n|-boost|p2a: Miss Moon|spa|1\n|-boost|p2a: Miss Moon|spd|1\n|\n|-heal|p1a: 3Spooky5Me|88\/100|[from] item: Leftovers\n|-heal|p2a: Miss Moon|34\/100 brn|[from] item: Leftovers\n|upkeep\n|turn|22\n|\n|t:|1668037843\n|switch|p2a: Gluck Gluck 9000|Eelektross, F|11\/100\n|-damage|p2a: Gluck Gluck 9000|0 fnt|[from] Stealth Rock\n|faint|p2a: Gluck Gluck 9000\n|move|p1a: 3Spooky5Me|Flamethrower|p2: Gluck Gluck 9000|[notarget]\n|-fail|p1a: 3Spooky5Me\n|\n|-heal|p1a: 3Spooky5Me|94\/100|[from] item: Leftovers\n|upkeep\n|l| FertileFeraligatrs\n|\n|t:|1668037874\n|switch|p2a: CAW|Aerodactyl-Mega, F|76\/100\n|-damage|p2a: CAW|51\/100|[from] Stealth Rock\n|turn|23\n|\n|t:|1668037887\n|move|p2a: CAW|Dual Wingbeat|p1a: 3Spooky5Me\n|-end|p1a: 3Spooky5Me|Substitute\n|-damage|p1a: 3Spooky5Me|53\/100\n|-hitcount|p1a: 3Spooky5Me|2\n|move|p1a: 3Spooky5Me|Shadow Ball|p2a: CAW\n|-damage|p2a: CAW|0 fnt\n|faint|p2a: CAW\n|\n|-heal|p1a: 3Spooky5Me|59\/100|[from] item: Leftovers\n|upkeep\n|c|\u2606DillDoe7|gg\n|\n|t:|1668037901\n|switch|p2a: Necrophelia|Cofagrigus, M|90\/100\n|-damage|p2a: Necrophelia|77\/100|[from] Stealth Rock\n|turn|24\n|c|\u2606Haggers|You sure?\n|c|\u2606DillDoe7|oh 100%\n|\n|t:|1668037940\n|move|p1a: 3Spooky5Me|Shadow Ball|p2a: Necrophelia\n|-supereffective|p2a: Necrophelia\n|-damage|p2a: Necrophelia|0 fnt\n|faint|p2a: Necrophelia\n|\n|-heal|p1a: 3Spooky5Me|65\/100|[from] item: Leftovers\n|upkeep\n|c|\u2606Haggers|GG\n|\n|t:|1668037945\n|switch|p2a: Miss Moon|Clefable, M|34\/100 brn\n|turn|25\n|\n|t:|1668037948\n|move|p1a: 3Spooky5Me|Shadow Ball|p2a: Miss Moon\n|-damage|p2a: Miss Moon|0 fnt\n|faint|p2a: Miss Moon\n|\n|-heal|p1a: 3Spooky5Me|71\/100|[from] item: Leftovers\n|upkeep\n|\n|t:|1668037950\n|switch|p2a: S1ut Duck|Cresselia, F|100\/100\n|-damage|p2a: S1ut Duck|88\/100|[from] Stealth Rock\n|turn|26\n|\n|t:|1668037954\n|move|p1a: 3Spooky5Me|Shadow Ball|p2a: S1ut Duck\n|-supereffective|p2a: S1ut Duck\n|-crit|p2a: S1ut Duck\n|-damage|p2a: S1ut Duck|19\/100\n|-unboost|p2a: S1ut Duck|spd|1\n|move|p2a: S1ut Duck|Psyshock|p1a: 3Spooky5Me\n|-damage|p1a: 3Spooky5Me|38\/100\n|\n|-heal|p1a: 3Spooky5Me|45\/100|[from] item: Leftovers\n|-heal|p2a: S1ut Duck|25\/100|[from] item: Leftovers\n|upkeep\n|turn|27\n|\n|t:|1668037959\n|move|p1a: 3Spooky5Me|Shadow Ball|p2a: S1ut Duck\n|-supereffective|p2a: S1ut Duck\n|-damage|p2a: S1ut Duck|0 fnt\n|faint|p2a: S1ut Duck\n|\n|win|Haggers\n|c|\u2606DillDoe7|See\n|l|\u2606DillDoe7\n|c|\u2606Haggers|I thought Cof would take less tbh\n|l| SDC_Official\n","uploadtime":1668037977,"views":6,"p1id":"haggers","p2id":"dilldoe7","formatid":"gen8nationaldexdraft","rating":0,"private":0,"password":null}