{"id":"sports-gen8nationaldexleakslegacy-505054","p1":"TehranTyphlosions","p2":"ArceusTheAlmighty","format":"gen8nationaldexleakslegacy","log":"|j|\u2606TehranTyphlosions\n|j|\u2606ArceusTheAlmighty\n|t:|1632088426\n|gametype|singles\n|player|p1|TehranTyphlosions|clair|\n|player|p2|ArceusTheAlmighty|arceusthealmighty.png|\n|teamsize|p1|6\n|teamsize|p2|6\n|gen|8\n|tier|[Gen 8] National Dex Leaks Legacy\n|rule|Sleep Clause Mod: Limit one foe put to sleep\n|rule|OHKO Clause: OHKO moves are banned\n|rule|Evasion Moves Clause: Evasion moves are banned\n|rule|Endless Battle Clause: Forcing endless battles is banned\n|rule|HP Percentage Mod: HP is shown in percentages\n|rule|Dynamax Clause: You cannot dynamax\n|clearpoke\n|poke|p1|Pidgeot, F|\n|poke|p1|Zeraora|\n|poke|p1|Gliscor, F|\n|poke|p1|Pangoro, F|\n|poke|p1|Ferrothorn, F|\n|poke|p1|Latios, M|\n|poke|p2|Marowak-Alola, F|\n|poke|p2|Slowking-Galar, M|\n|poke|p2|Zygarde|\n|poke|p2|Cinderace, M|\n|poke|p2|Tangrowth, F|\n|poke|p2|Gyarados, F|\n|teampreview\n|html|<button name=\"send\" class=\"button\" value=\"\/timer ds\"><i class=\"fa fa-hourglass-start\"><\/i> DS Timer<\/button> <button name=\"send\" class=\"button\" value=\"\/timer smogon\"><i class=\"fa fa-hourglass-start\"><\/i> Smogon Timer<\/button>\n|c|\u2606ArceusTheAlmighty|glhf!\n|c|\u2606TehranTyphlosions|gl gl\n|\n|t:|1632088461\n|start\n|switch|p1a: BIRD JESUS!!!|Pidgeot, F, shiny|100\/100\n|switch|p2a: Tangrowth|Tangrowth, F, shiny|100\/100\n|turn|1\n|\n|t:|1632088466\n|switch|p2a: Slowking|Slowking-Galar, M|100\/100\n|detailschange|p1a: BIRD JESUS!!!|Pidgeot-Mega, F, shiny\n|-mega|p1a: BIRD JESUS!!!|Pidgeot|Pidgeotite\n|move|p1a: BIRD JESUS!!!|U-turn|p2a: Slowking\n|-damage|p2a: Slowking|87\/100\n|\n|t:|1632088476\n|switch|p1a: Kuma|Pangoro, F, shiny|100\/100|[from]move: U-turn\n|\n|-heal|p2a: Slowking|93\/100|[from] item: Black Sludge\n|upkeep\n|turn|2\n|\n|t:|1632088496\n|switch|p2a: Tangrowth|Tangrowth, F, shiny|100\/100\n|move|p1a: Kuma|Knock Off|p2a: Tangrowth\n|-damage|p2a: Tangrowth|54\/100\n|-damage|p1a: Kuma|84\/100|[from] item: Rocky Helmet|[of] p2a: Tangrowth\n|-enditem|p2a: Tangrowth|Rocky Helmet|[from] move: Knock Off|[of] p1a: Kuma\n|\n|upkeep\n|turn|3\n|\n|t:|1632088503\n|switch|p1a: BIRD JESUS!!!|Pidgeot-Mega, F, shiny|100\/100\n|move|p2a: Tangrowth|Sleep Powder|p1a: BIRD JESUS!!!\n|-status|p1a: BIRD JESUS!!!|slp|[from] move: Sleep Powder\n|\n|upkeep\n|turn|4\n|\n|t:|1632088506\n|switch|p2a: Gyarados|Gyarados, F, shiny|100\/100\n|cant|p1a: BIRD JESUS!!!|slp\n|\n|upkeep\n|turn|5\n|\n|t:|1632088510\n|switch|p1a: Ferrothorn|Ferrothorn, F|100\/100\n|move|p2a: Gyarados|Dragon Dance|p2a: Gyarados\n|-boost|p2a: Gyarados|atk|1\n|-boost|p2a: Gyarados|spe|1\n|\n|upkeep\n|turn|6\n|\n|t:|1632088512\n|move|p2a: Gyarados|Fire Blast|p1a: Ferrothorn\n|-supereffective|p1a: Ferrothorn\n|-damage|p1a: Ferrothorn|46\/100\n|-status|p1a: Ferrothorn|brn\n|move|p1a: Ferrothorn|Leech Seed|p2a: Gyarados\n|-start|p2a: Gyarados|move: Leech Seed\n|\n|-heal|p1a: Ferrothorn|52\/100 brn|[from] item: Leftovers\n|-damage|p2a: Gyarados|88\/100|[from] Leech Seed|[of] p1a: Ferrothorn\n|-heal|p1a: Ferrothorn|63\/100 brn|[silent]\n|-damage|p1a: Ferrothorn|57\/100 brn|[from] brn\n|upkeep\n|turn|7\n|\n|t:|1632088523\n|move|p2a: Gyarados|Dragon Dance|p2a: Gyarados\n|-boost|p2a: Gyarados|atk|1\n|-boost|p2a: Gyarados|spe|1\n|move|p1a: Ferrothorn|Stealth Rock|p2a: Gyarados\n|-sidestart|p2: ArceusTheAlmighty|move: Stealth Rock\n|\n|-heal|p1a: Ferrothorn|63\/100 brn|[from] item: Leftovers\n|-damage|p2a: Gyarados|76\/100|[from] Leech Seed|[of] p1a: Ferrothorn\n|-heal|p1a: Ferrothorn|75\/100 brn|[silent]\n|-damage|p1a: Ferrothorn|69\/100 brn|[from] brn\n|upkeep\n|turn|8\n|\n|t:|1632088527\n|move|p2a: Gyarados|Fire Blast|p1a: Ferrothorn\n|-supereffective|p1a: Ferrothorn\n|-damage|p1a: Ferrothorn|14\/100 brn\n|move|p1a: Ferrothorn|Body Press|p2a: Gyarados\n|-resisted|p2a: Gyarados\n|-damage|p2a: Gyarados|65\/100\n|\n|-heal|p1a: Ferrothorn|20\/100 brn|[from] item: Leftovers\n|-damage|p2a: Gyarados|52\/100|[from] Leech Seed|[of] p1a: Ferrothorn\n|-heal|p1a: Ferrothorn|32\/100 brn|[silent]\n|-damage|p1a: Ferrothorn|26\/100 brn|[from] brn\n|upkeep\n|turn|9\n|\n|t:|1632088532\n|move|p2a: Gyarados|Fire Blast|p1a: Ferrothorn\n|-supereffective|p1a: Ferrothorn\n|-damage|p1a: Ferrothorn|0 fnt\n|faint|p1a: Ferrothorn\n|-ability|p2a: Gyarados|Moxie|boost\n|-boost|p2a: Gyarados|atk|1\n|\n|upkeep\n|\n|t:|1632088561\n|switch|p1a: Zeraora|Zeraora, shiny|100\/100\n|turn|10\n|c|\u2606TehranTyphlosions|lmao\n|c|\u2606TehranTyphlosions|rip bozo \n|\n|t:|1632088569\n|move|p2a: Gyarados|Earthquake|p1a: Zeraora\n|-supereffective|p1a: Zeraora\n|-damage|p1a: Zeraora|0 fnt\n|faint|p1a: Zeraora\n|-ability|p2a: Gyarados|Moxie|boost\n|-boost|p2a: Gyarados|atk|1\n|\n|upkeep\n|\n|t:|1632088573\n|switch|p1a: BIRD JESUS!!!|Pidgeot-Mega, F, shiny|100\/100 slp\n|turn|11\n|\n|t:|1632088576\n|move|p2a: Gyarados|Waterfall|p1a: BIRD JESUS!!!\n|-damage|p1a: BIRD JESUS!!!|0 fnt\n|faint|p1a: BIRD JESUS!!!\n|-ability|p2a: Gyarados|Moxie|boost\n|-boost|p2a: Gyarados|atk|1\n|\n|upkeep\n|c|\u2606TehranTyphlosions|yea this mon chewed me through\n|\n|t:|1632088588\n|switch|p1a: Latios|Latios, M, shiny|100\/100\n|turn|12\n|\n|t:|1632088593\n|detailschange|p2a: Gyarados|Gyarados-Mega, F, shiny\n|-mega|p2a: Gyarados|Gyarados|Gyaradosite\n|-ability|p2a: Gyarados|Mold Breaker\n|move|p2a: Gyarados|Waterfall|p1a: Latios\n|-resisted|p1a: Latios\n|-damage|p1a: Latios|1\/100\n|cant|p1a: Latios|flinch\n|\n|-damage|p2a: Gyarados|40\/100|[from] Leech Seed|[of] p1a: Latios\n|-heal|p1a: Latios|14\/100|[silent]\n|upkeep\n|turn|13\n|\n|t:|1632088600\n|move|p2a: Gyarados|Waterfall|p1a: Latios\n|-resisted|p1a: Latios\n|-damage|p1a: Latios|0 fnt\n|faint|p1a: Latios\n|\n|upkeep\n|\n|t:|1632088603\n|switch|p1a: Kuma|Pangoro, F, shiny|84\/100\n|turn|14\n|\n|t:|1632088605\n|move|p2a: Gyarados|Waterfall|p1a: Kuma\n|-damage|p1a: Kuma|0 fnt\n|faint|p1a: Kuma\n|\n|upkeep\n|\n|t:|1632088607\n|switch|p1a: Gliscor|Gliscor, F, shiny|100\/100\n|turn|15\n|\n|t:|1632088609\n|move|p2a: Gyarados|Waterfall|p1a: Gliscor\n|-supereffective|p1a: Gliscor\n|-damage|p1a: Gliscor|0 fnt\n|faint|p1a: Gliscor\n|\n|win|ArceusTheAlmighty\n|c|\u2606TehranTyphlosions|ggs ig\n|c|\u2606ArceusTheAlmighty|gg\n|l|\u2606TehranTyphlosions\n","uploadtime":1632088619,"views":15,"p1id":"tehrantyphlosions","p2id":"arceusthealmighty","formatid":"gen8nationaldexleakslegacy","rating":0,"private":0,"password":null}