{"id":"sports-gen8nationaldexdraft-582669","p1":"ClashofMax","p2":"MAVERICK SHOOTERS","format":"gen8nationaldexdraft","log":"|j|\u2606ClashofMax\n|j|\u2606MAVERICK SHOOTERS\n|t:|1643530148\n|gametype|singles\n|player|p1|ClashofMax|janitor|\n|player|p2|MAVERICK SHOOTERS|101|\n|teamsize|p1|6\n|teamsize|p2|6\n|gen|8\n|tier|[Gen 8] National Dex Draft\n|rule|Sleep Clause Mod: Limit one foe put to sleep\n|rule|OHKO Clause: OHKO moves are banned\n|rule|Evasion Moves Clause: Evasion moves are banned\n|rule|Endless Battle Clause: Forcing endless battles is banned\n|rule|HP Percentage Mod: HP is shown in percentages\n|rule|Dynamax Clause: You cannot dynamax\n|clearpoke\n|poke|p1|Mew|\n|poke|p1|Terrakion|\n|poke|p1|Bronzong|\n|poke|p1|Thundurus-Therian, M|\n|poke|p1|Gligar, F|\n|poke|p1|Tapu Fini|\n|poke|p2|Landorus, M|\n|poke|p2|Aggron, M|\n|poke|p2|Silvally-*|\n|poke|p2|Milotic, M|\n|poke|p2|Infernape, F|\n|poke|p2|Illumise, F|\n|teampreview\n|html|<button name=\"send\" class=\"button\" value=\"\/timer ds\"><i class=\"fa fa-hourglass-start\"><\/i> DS Timer<\/button> <button name=\"send\" class=\"button\" value=\"\/timer smogon\"><i class=\"fa fa-hourglass-start\"><\/i> Smogon Timer<\/button>\n|j| PorygonTheBot\n|c| PorygonTheBot|Porygon has digitized into the match... booting up... successfully calibrating stats!\n|c|\u2606ClashofMax|gl hf\n|c|\u2606MAVERICK SHOOTERS|hf :)\n|j| IAMDRACOVISHGAMING\n|c|\u2606MAVERICK SHOOTERS|u will be surprised with the how easily this team just loses \n|c|\u2606MAVERICK SHOOTERS|kek\n|\n|t:|1643530342\n|start\n|switch|p1a: Quirky Bivalve|Tapu Fini|100\/100\n|switch|p2a: Landorus|Landorus, M|100\/100\n|-fieldstart|move: Misty Terrain|[from] ability: Misty Surge|[of] p1a: Quirky Bivalve\n|turn|1\n|\n|t:|1643530399\n|switch|p1a: Magic Bell|Bronzong|100\/100\n|switch|p2a: Illumise|Illumise, F|100\/100\n|\n|upkeep\n|turn|2\n|\n|t:|1643530430\n|move|p2a: Illumise|Sunny Day|p2a: Illumise\n|-weather|SunnyDay\n|move|p1a: Magic Bell|Stealth Rock|p2a: Illumise\n|-sidestart|p2: MAVERICK SHOOTERS|move: Stealth Rock\n|\n|-weather|SunnyDay|[upkeep]\n|upkeep\n|turn|3\n|\n|t:|1643530514\n|switch|p1a: Ride Da Lightning|Thundurus-Therian, M|100\/100\n|move|p2a: Illumise|U-turn|p1a: Ride Da Lightning\n|-resisted|p1a: Ride Da Lightning\n|-damage|p1a: Ride Da Lightning|91\/100\n|\n|t:|1643530566\n|switch|p2a: Landorus|Landorus, M|100\/100|[from]move: U-turn\n|-damage|p2a: Landorus|88\/100|[from] Stealth Rock\n|\n|-weather|SunnyDay|[upkeep]\n|-heal|p1a: Ride Da Lightning|97\/100|[from] item: Leftovers\n|upkeep\n|turn|4\n|\n|t:|1643530686\n|switch|p1a: Magic Bell|Bronzong|100\/100\n|move|p2a: Landorus|Knock Off|p1a: Magic Bell\n|-supereffective|p1a: Magic Bell\n|-damage|p1a: Magic Bell|44\/100\n|-enditem|p1a: Magic Bell|Leftovers|[from] move: Knock Off|[of] p2a: Landorus\n|-damage|p2a: Landorus|79\/100|[from] item: Life Orb\n|\n|-weather|SunnyDay|[upkeep]\n|upkeep\n|turn|5\n|\n|t:|1643530734\n|switch|p2a: Milotic|Milotic, M|100\/100\n|-damage|p2a: Milotic|88\/100|[from] Stealth Rock\n|move|p1a: Magic Bell|Iron Head|p2a: Milotic\n|-resisted|p2a: Milotic\n|-damage|p2a: Milotic|80\/100\n|\n|-weather|SunnyDay|[upkeep]\n|-fieldend|Misty Terrain\n|-status|p2a: Milotic|brn|[from] item: Flame Orb\n|upkeep\n|turn|6\n|c|\u2606MAVERICK SHOOTERS|alrighty \n|c|\u2606MAVERICK SHOOTERS|oh this turn reminds me of \n|c|\u2606MAVERICK SHOOTERS|gg\n|c| IAMDRACOVISHGAMING|he is speaking the language of gods\n|\n|t:|1643530824\n|switch|p1a: Quirky Bivalve|Tapu Fini|100\/100\n|-fieldstart|move: Misty Terrain|[from] ability: Misty Surge|[of] p1a: Quirky Bivalve\n|move|p2a: Milotic|Flip Turn|p1a: Quirky Bivalve\n|-resisted|p1a: Quirky Bivalve\n|-damage|p1a: Quirky Bivalve|99\/100\n|c| IAMDRACOVISHGAMING|chip\n|\n|t:|1643530898\n|switch|p2a: Silvally|Silvally-Ghost|100\/100|[from]move: Flip Turn\n|-damage|p2a: Silvally|88\/100|[from] Stealth Rock\n|\n|-weather|SunnyDay|[upkeep]\n|upkeep\n|turn|7\n|\n|t:|1643530961\n|switch|p1a: Magic Bell|Bronzong|44\/100\n|move|p2a: Silvally|Swords Dance|p2a: Silvally\n|-boost|p2a: Silvally|atk|2\n|\n|-weather|SunnyDay|[upkeep]\n|upkeep\n|turn|8\n|c| IAMDRACOVISHGAMING|o\n|\n|t:|1643530973\n|move|p2a: Silvally|Flame Charge|p1a: Magic Bell\n|-supereffective|p1a: Magic Bell\n|-damage|p1a: Magic Bell|0 fnt\n|-boost|p2a: Silvally|spe|1\n|faint|p1a: Magic Bell\n|\n|-weather|SunnyDay|[upkeep]\n|upkeep\n|c| IAMDRACOVISHGAMING|Mav bringing the big brain \n|\n|t:|1643531114\n|switch|p1a: Lil Dude|Gligar, F|100\/100\n|turn|9\n|\n|t:|1643531144\n|move|p2a: Silvally|Swords Dance|p2a: Silvally\n|-boost|p2a: Silvally|atk|2\n|move|p1a: Lil Dude|Sand Tomb|p2a: Silvally\n|-damage|p2a: Silvally|79\/100\n|-activate|p2a: Silvally|move: Sand Tomb|[of] p1a: Lil Dude\n|\n|-weather|none\n|-damage|p2a: Silvally|67\/100|[from] move: Sand Tomb|[partiallytrapped]\n|upkeep\n|turn|10\n|\n|t:|1643531182\n|move|p2a: Silvally|Ice Fang|p1a: Lil Dude|[miss]\n|-miss|p2a: Silvally|p1a: Lil Dude\n|move|p1a: Lil Dude|Sand Tomb|p2a: Silvally|[miss]\n|-miss|p1a: Lil Dude|p2a: Silvally\n|\n|-damage|p2a: Silvally|54\/100|[from] move: Sand Tomb|[partiallytrapped]\n|-fieldend|Misty Terrain\n|upkeep\n|turn|11\n|c| IAMDRACOVISHGAMING|L\n|c|\u2606MAVERICK SHOOTERS|this sucks \n|\n|t:|1643531212\n|move|p2a: Silvally|Ice Fang|p1a: Lil Dude\n|-supereffective|p1a: Lil Dude\n|-damage|p1a: Lil Dude|0 fnt\n|faint|p1a: Lil Dude\n|\n|-end|p2a: Silvally|Sand Tomb|[partiallytrapped]|[silent]\n|upkeep\n|c|\u2606ClashofMax|gg by the looks of it\n|c|\u2606MAVERICK SHOOTERS|arent u scarf on fini ?\n|c| IAMDRACOVISHGAMING|:ramirez:\n|c|\u2606ClashofMax|perhaps\n|c|\u2606ClashofMax|might be the scarfer\n|\n|t:|1643531283\n|switch|p1a: Mad Cow|Terrakion|100\/100\n|turn|12\n|c|\u2606MAVERICK SHOOTERS|if i didnt miss i would of been out of range \n|c|\u2606MAVERICK SHOOTERS|ooh sash or scarf terrak pog \n|\n|t:|1643531300\n|move|p2a: Silvally|Multi-Attack|p1a: Mad Cow\n|-damage|p1a: Mad Cow|0 fnt\n|faint|p1a: Mad Cow\n|\n|upkeep\n|c|\u2606MAVERICK SHOOTERS|rip none\n|c|\u2606MAVERICK SHOOTERS|kek\n|\n|t:|1643531309\n|switch|p1a: Quirky Bivalve|Tapu Fini|99\/100\n|-fieldstart|move: Misty Terrain|[from] ability: Misty Surge|[of] p1a: Quirky Bivalve\n|turn|13\n|\n|t:|1643531314\n|move|p2a: Silvally|Multi-Attack|p1a: Quirky Bivalve\n|-damage|p1a: Quirky Bivalve|0 fnt\n|faint|p1a: Quirky Bivalve\n|\n|upkeep\n|c|\u2606MAVERICK SHOOTERS|gg\n|\n|t:|1643531319\n|switch|p1a: The O.G.|Mew|100\/100\n|turn|14\n|\n|t:|1643531331\n|move|p2a: Silvally|Multi-Attack|p1a: The O.G.\n|-supereffective|p1a: The O.G.\n|-damage|p1a: The O.G.|0 fnt\n|faint|p1a: The O.G.\n|\n|upkeep\n|\n|t:|1643531333\n|switch|p1a: Ride Da Lightning|Thundurus-Therian, M|97\/100\n|turn|15\n|c|\u2606ClashofMax|gg\n|c|\u2606MAVERICK SHOOTERS|gg\n|c| IAMDRACOVISHGAMING|oof\n|c|\u2606MAVERICK SHOOTERS|the turn 6 gg always works \n|\n|t:|1643531351\n|move|p2a: Silvally|Multi-Attack|p1a: Ride Da Lightning\n|-damage|p1a: Ride Da Lightning|0 fnt\n|faint|p1a: Ride Da Lightning\n|\n|win|MAVERICK SHOOTERS\n|l| PorygonTheBot\n|l| IAMDRACOVISHGAMING\n|l|\u2606ClashofMax\n","uploadtime":1643531352,"views":57,"p1id":"clashofmax","p2id":"maverickshooters","formatid":"gen8nationaldexdraft","rating":0,"private":0,"password":null}