{"id":"sports-gen8nationaldexlegacy-736840","p1":"XernylTTT","p2":"Rediyu","format":"gen8nationaldexlegacy","log":"|j|\u2606XernylTTT\n|j|\u2606Rediyu\n|t:|1664998769\n|gametype|singles\n|player|p1|XernylTTT|crasherwake|\n|player|p2|Rediyu|guitarist|\n|teamsize|p1|6\n|teamsize|p2|6\n|gen|8\n|tier|[Gen 8] National Dex Legacy\n|rule|Sleep Clause Mod: Limit one foe put to sleep\n|rule|OHKO Clause: OHKO moves are banned\n|rule|Evasion Moves Clause: Evasion moves are banned\n|rule|Endless Battle Clause: Forcing endless battles is banned\n|rule|HP Percentage Mod: HP is shown in percentages\n|rule|Dynamax Clause: You cannot dynamax\n|clearpoke\n|poke|p1|Manectric, M|\n|poke|p1|Victini|\n|poke|p1|Keldeo-Resolute|\n|poke|p1|Tapu Bulu|\n|poke|p1|Weezing-Galar, M|\n|poke|p1|Steelix, F|\n|poke|p2|Weavile, F|\n|poke|p2|Venomoth, F|\n|poke|p2|Lopunny, F|\n|poke|p2|Garchomp, M|\n|poke|p2|Togekiss, F|\n|poke|p2|Empoleon, M|\n|teampreview\n|html|<button name=\"send\" class=\"button\" value=\"\/timer ds\"><i class=\"fa fa-hourglass-start\"><\/i> DS Timer<\/button> <button name=\"send\" class=\"button\" value=\"\/timer smogon\"><i class=\"fa fa-hourglass-start\"><\/i> Smogon Timer<\/button>\n|c|\u2606Rediyu|gl hf buddy\n|c|\u2606XernylTTT|u2 :D\n|c|\u2606XernylTTT|fuck u brought the moth :0\n|c|\u2606Rediyu|my bdsp queen\n|c|\u2606Rediyu|of course she is with me\n|c|\u2606XernylTTT|sheeesh\n|\n|t:|1664998894\n|start\n|switch|p1a: Kurapika|Keldeo-Resolute|100\/100\n|switch|p2a: Schlapor|Lopunny, F|100\/100\n|turn|1\n|\n|t:|1664998949\n|switch|p1a: Morel|Weezing-Galar, M|100\/100\n|detailschange|p2a: Schlapor|Lopunny-Mega, F\n|-mega|p2a: Schlapor|Lopunny|Lopunnite\n|move|p2a: Schlapor|Fake Out|p1a: Morel\n|-damage|p1a: Morel|85\/100\n|-damage|p2a: Schlapor|84\/100|[from] item: Rocky Helmet|[of] p1a: Morel\n|\n|upkeep\n|turn|2\n|\n|t:|1664998996\n|switch|p2a: Impoleon|Empoleon, M|100\/100\n|switch|p1a: Silva|Steelix, F|100\/100\n|\n|upkeep\n|turn|3\n|\n|t:|1664999043\n|switch|p1a: Kurapika|Keldeo-Resolute|100\/100\n|move|p2a: Impoleon|Scald|p1a: Kurapika\n|-resisted|p1a: Kurapika\n|-damage|p1a: Kurapika|86\/100\n|-status|p1a: Kurapika|brn\n|\n|-heal|p1a: Kurapika|92\/100 brn|[from] item: Leftovers\n|-damage|p1a: Kurapika|86\/100 brn|[from] brn\n|upkeep\n|turn|4\n|\n|t:|1664999076\n|move|p1a: Kurapika|Calm Mind|p1a: Kurapika\n|-boost|p1a: Kurapika|spa|1\n|-boost|p1a: Kurapika|spd|1\n|move|p2a: Impoleon|Stealth Rock|p1a: Kurapika\n|-sidestart|p1: XernylTTT|move: Stealth Rock\n|\n|-heal|p1a: Kurapika|92\/100 brn|[from] item: Leftovers\n|-damage|p1a: Kurapika|86\/100 brn|[from] brn\n|upkeep\n|turn|5\n|\n|t:|1664999095\n|switch|p2a: Togekiss|Togekiss, F|100\/100\n|move|p1a: Kurapika|Scald|p2a: Togekiss\n|-damage|p2a: Togekiss|50\/100\n|\n|-heal|p1a: Kurapika|92\/100 brn|[from] item: Leftovers\n|-damage|p1a: Kurapika|86\/100 brn|[from] brn\n|upkeep\n|turn|6\n|\n|t:|1664999151\n|switch|p1a: Silva|Steelix, F|100\/100\n|-damage|p1a: Silva|97\/100|[from] Stealth Rock\n|move|p2a: Togekiss|Air Slash|p1a: Silva\n|-resisted|p1a: Silva\n|-damage|p1a: Silva|85\/100\n|\n|-heal|p1a: Silva|91\/100|[from] item: Leftovers\n|upkeep\n|turn|7\n|\n|t:|1664999194\n|move|p2a: Togekiss|Wish|p2a: Togekiss\n|move|p1a: Silva|Stealth Rock|p2a: Togekiss\n|-sidestart|p2: Rediyu|move: Stealth Rock\n|\n|-heal|p1a: Silva|97\/100|[from] item: Leftovers\n|upkeep\n|turn|8\n|\n|t:|1664999212\n|move|p2a: Togekiss|Protect|p2a: Togekiss\n|-singleturn|p2a: Togekiss|Protect\n|move|p1a: Silva|Heavy Slam|p2a: Togekiss\n|-activate|p2a: Togekiss|move: Protect\n|\n|-heal|p2a: Togekiss|99\/100|[from] move: Wish|[wisher] Togekiss\n|-heal|p1a: Silva|100\/100|[from] item: Leftovers\n|upkeep\n|turn|9\n|\n|t:|1664999220\n|switch|p2a: Knakrack|Garchomp, M|100\/100\n|-damage|p2a: Knakrack|94\/100|[from] Stealth Rock\n|move|p1a: Silva|Dragon Tail|p2a: Knakrack\n|-supereffective|p2a: Knakrack\n|-damage|p2a: Knakrack|72\/100\n|-damage|p1a: Silva|88\/100|[from] ability: Rough Skin|[of] p2a: Knakrack\n|drag|p2a: Snibunna|Weavile, F|100\/100\n|-damage|p2a: Snibunna|76\/100|[from] Stealth Rock\n|-ability|p2a: Snibunna|Pressure\n|\n|-heal|p1a: Silva|94\/100|[from] item: Leftovers\n|upkeep\n|turn|10\n|c|\u2606XernylTTT|uwu\n|\n|t:|1664999263\n|move|p2a: Snibunna|Triple Axel|p1a: Silva\n|-damage|p1a: Silva|85\/100\n|-damage|p1a: Silva|67\/100\n|-damage|p1a: Silva|41\/100\n|-hitcount|p1a: Silva|3\n|move|p1a: Silva|High Horsepower|p2a: Snibunna\n|-damage|p2a: Snibunna|28\/100\n|\n|-heal|p1a: Silva|48\/100|[from] item: Leftovers\n|upkeep\n|turn|11\n|\n|t:|1664999372\n|switch|p2a: Omot|Venomoth, F|100\/100\n|move|p1a: Silva|Heavy Slam|p2a: Omot\n|-damage|p2a: Omot|42\/100\n|\n|-heal|p1a: Silva|54\/100|[from] item: Leftovers\n|upkeep\n|turn|12\n|\n|t:|1664999432\n|move|p2a: Omot|Sleep Powder|p1a: Silva|[miss]\n|-miss|p2a: Omot|p1a: Silva\n|move|p1a: Silva|Heavy Slam|p2a: Omot\n|-damage|p2a: Omot|0 fnt\n|faint|p2a: Omot\n|\n|-heal|p1a: Silva|60\/100|[from] item: Leftovers\n|upkeep\n|c|\u2606XernylTTT|damn\n|c|\u2606XernylTTT|sry\n|j| Krusty_K\n|c|\u2606Rediyu|happens\n|\n|t:|1664999445\n|switch|p2a: Impoleon|Empoleon, M|100\/100\n|-damage|p2a: Impoleon|94\/100|[from] Stealth Rock\n|turn|13\n|c| Krusty_K|cumquat\n|c|\u2606XernylTTT|true\n|\n|t:|1664999486\n|switch|p1a: Kurapika|Keldeo-Resolute|86\/100 brn\n|-damage|p1a: Kurapika|80\/100 brn|[from] Stealth Rock\n|move|p2a: Impoleon|Scald|p1a: Kurapika\n|-resisted|p1a: Kurapika\n|-damage|p1a: Kurapika|64\/100 brn\n|\n|-heal|p1a: Kurapika|71\/100 brn|[from] item: Leftovers\n|-damage|p1a: Kurapika|64\/100 brn|[from] brn\n|upkeep\n|turn|14\n|\n|t:|1664999498\n|switch|p2a: Togekiss|Togekiss, F|99\/100\n|move|p1a: Kurapika|Secret Sword|p2a: Togekiss\n|-resisted|p2a: Togekiss\n|-damage|p2a: Togekiss|89\/100\n|\n|-heal|p1a: Kurapika|71\/100 brn|[from] item: Leftovers\n|-damage|p1a: Kurapika|64\/100 brn|[from] brn\n|upkeep\n|turn|15\n|\n|t:|1664999555\n|switch|p1a: Silva|Steelix, F|60\/100\n|-damage|p1a: Silva|57\/100|[from] Stealth Rock\n|switch|p2a: Impoleon|Empoleon, M|94\/100\n|-damage|p2a: Impoleon|88\/100|[from] Stealth Rock\n|\n|-heal|p1a: Silva|63\/100|[from] item: Leftovers\n|upkeep\n|turn|16\n|\n|t:|1664999575\n|move|p2a: Impoleon|Scald|p1a: Silva\n|-supereffective|p1a: Silva\n|-damage|p1a: Silva|12\/100\n|move|p1a: Silva|High Horsepower|p2a: Impoleon\n|-supereffective|p2a: Impoleon\n|-damage|p2a: Impoleon|46\/100\n|\n|-heal|p1a: Silva|18\/100|[from] item: Leftovers\n|upkeep\n|turn|17\n|\n|t:|1664999588\n|move|p2a: Impoleon|Scald|p1a: Silva\n|-supereffective|p1a: Silva\n|-damage|p1a: Silva|0 fnt\n|faint|p1a: Silva\n|\n|upkeep\n|\n|t:|1664999592\n|switch|p1a: Killua|Manectric, M, shiny|100\/100\n|-damage|p1a: Killua|88\/100|[from] Stealth Rock\n|turn|18\n|\n|t:|1664999596\n|switch|p2a: Knakrack|Garchomp, M|72\/100\n|-damage|p2a: Knakrack|66\/100|[from] Stealth Rock\n|detailschange|p1a: Killua|Manectric-Mega, M, shiny\n|-mega|p1a: Killua|Manectric|Manectite\n|-ability|p1a: Killua|Intimidate|boost\n|-unboost|p2a: Knakrack|atk|1\n|move|p1a: Killua|Toxic|p2a: Knakrack\n|-status|p2a: Knakrack|tox\n|\n|-heal|p2a: Knakrack|72\/100 tox|[from] item: Leftovers\n|-damage|p2a: Knakrack|66\/100 tox|[from] psn\n|upkeep\n|turn|19\n|c| Krusty_K|zod zamn\n|\n|t:|1664999666\n|switch|p1a: Morel|Weezing-Galar, M|85\/100\n|-damage|p1a: Morel|73\/100|[from] Stealth Rock\n|switch|p2a: Impoleon|Empoleon, M|46\/100\n|-damage|p2a: Impoleon|39\/100|[from] Stealth Rock\n|\n|upkeep\n|turn|20\n|\n|t:|1664999695\n|move|p1a: Morel|Defog|p2a: Impoleon\n|-unboost|p2a: Impoleon|evasion|1\n|-sideend|p2: Rediyu|Stealth Rock|[from] move: Defog|[of] p1a: Morel\n|-sideend|p1: XernylTTT|Stealth Rock|[from] move: Defog|[of] p1a: Morel\n|move|p2a: Impoleon|Scald|p1a: Morel\n|-damage|p1a: Morel|30\/100\n|\n|upkeep\n|turn|21\n|\n|t:|1664999740\n|switch|p1a: Killua|Manectric-Mega, M, shiny|88\/100\n|-ability|p1a: Killua|Intimidate|boost\n|-unboost|p2a: Impoleon|atk|1\n|move|p2a: Impoleon|Stealth Rock|p1a: Killua\n|-sidestart|p1: XernylTTT|move: Stealth Rock\n|\n|upkeep\n|turn|22\n|\n|t:|1664999781\n|switch|p2a: Knakrack|Garchomp, M|66\/100 tox\n|move|p1a: Killua|Thunderbolt|p2a: Knakrack\n|-immune|p2a: Knakrack\n|\n|-heal|p2a: Knakrack|72\/100 tox|[from] item: Leftovers\n|-damage|p2a: Knakrack|66\/100 tox|[from] psn\n|upkeep\n|turn|23\n|\n|t:|1664999788\n|switch|p1a: Morel|Weezing-Galar, M|30\/100\n|-damage|p1a: Morel|18\/100|[from] Stealth Rock\n|move|p2a: Knakrack|Poison Jab|p1a: Morel\n|-damage|p1a: Morel|4\/100\n|-damage|p2a: Knakrack|49\/100 tox|[from] item: Rocky Helmet|[of] p1a: Morel\n|\n|-heal|p2a: Knakrack|55\/100 tox|[from] item: Leftovers\n|-damage|p2a: Knakrack|43\/100 tox|[from] psn\n|upkeep\n|turn|24\n|\n|t:|1664999798\n|move|p2a: Knakrack|Poison Jab|p1a: Morel\n|-damage|p1a: Morel|0 fnt\n|-damage|p2a: Knakrack|26\/100 tox|[from] item: Rocky Helmet|[of] p1a: Morel\n|faint|p1a: Morel\n|\n|-heal|p2a: Knakrack|32\/100 tox|[from] item: Leftovers\n|-damage|p2a: Knakrack|14\/100 tox|[from] psn\n|upkeep\n|\n|t:|1664999935\n|switch|p1a: Killua|Manectric-Mega, M, shiny|88\/100\n|-damage|p1a: Killua|76\/100|[from] Stealth Rock\n|-ability|p1a: Killua|Intimidate|boost\n|-unboost|p2a: Knakrack|atk|1\n|turn|25\n|\n|t:|1665000052\n|switch|p1a: Ging|Tapu Bulu|100\/100\n|-damage|p1a: Ging|88\/100|[from] Stealth Rock\n|-fieldstart|move: Grassy Terrain|[from] ability: Grassy Surge|[of] p1a: Ging\n|switch|p2a: Impoleon|Empoleon, M|39\/100\n|\n|-heal|p1a: Ging|94\/100|[from] Grassy Terrain\n|-heal|p2a: Impoleon|46\/100|[from] Grassy Terrain\n|upkeep\n|turn|26\n|\n|t:|1665000120\n|switch|p2a: Togekiss|Togekiss, F|89\/100\n|move|p1a: Ging|Horn Leech|p2a: Togekiss\n|-resisted|p2a: Togekiss\n|-damage|p2a: Togekiss|52\/100\n|-heal|p1a: Ging|100\/100|[from] drain|[of] p2a: Togekiss\n|\n|upkeep\n|turn|27\n|j| Silvershine2\n|\n|t:|1665000132\n|switch|p1a: Killua|Manectric-Mega, M, shiny|76\/100\n|-damage|p1a: Killua|63\/100|[from] Stealth Rock\n|-ability|p1a: Killua|Intimidate|boost\n|-unboost|p2a: Togekiss|atk|1\n|move|p2a: Togekiss|Wish|p2a: Togekiss\n|\n|-heal|p1a: Killua|69\/100|[from] Grassy Terrain\n|upkeep\n|turn|28\n|\n|t:|1665000173\n|move|p2a: Togekiss|Protect|p2a: Togekiss\n|-singleturn|p2a: Togekiss|Protect\n|move|p1a: Killua|Overheat|p2a: Togekiss\n|-activate|p2a: Togekiss|move: Protect\n|\n|-heal|p2a: Togekiss|100\/100|[from] move: Wish|[wisher] Togekiss\n|-heal|p1a: Killua|75\/100|[from] Grassy Terrain\n|upkeep\n|turn|29\n|c|\u2606XernylTTT|if u went to empoleon there i would have bowed down\n|c|\u2606XernylTTT|lmao\n|c|\u2606Rediyu|xD\n|\n|t:|1665000204\n|switch|p2a: Impoleon|Empoleon, M|46\/100\n|move|p1a: Killua|Thunderbolt|p2a: Impoleon\n|-supereffective|p2a: Impoleon\n|-damage|p2a: Impoleon|0 fnt\n|faint|p2a: Impoleon\n|\n|-heal|p1a: Killua|81\/100|[from] Grassy Terrain\n|-fieldend|move: Grassy Terrain\n|upkeep\n|j|^The Rissoux\n|\n|t:|1665000208\n|switch|p2a: Schlapor|Lopunny-Mega, F|84\/100\n|turn|30\n|\n|t:|1665000291\n|switch|p1a: Ging|Tapu Bulu|100\/100\n|-damage|p1a: Ging|88\/100|[from] Stealth Rock\n|-fieldstart|move: Grassy Terrain|[from] ability: Grassy Surge|[of] p1a: Ging\n|move|p2a: Schlapor|Return|p1a: Ging\n|-damage|p1a: Ging|34\/100\n|\n|-heal|p2a: Schlapor|90\/100|[from] Grassy Terrain\n|-heal|p1a: Ging|40\/100|[from] Grassy Terrain\n|upkeep\n|turn|31\n|\n|t:|1665000304\n|move|p2a: Schlapor|Return|p1a: Ging\n|-damage|p1a: Ging|0 fnt\n|faint|p1a: Ging\n|\n|-heal|p2a: Schlapor|96\/100|[from] Grassy Terrain\n|upkeep\n|\n|t:|1665000312\n|switch|p1a: Alluka|Victini|100\/100\n|-damage|p1a: Alluka|76\/100|[from] Stealth Rock\n|turn|32\n|\n|t:|1665000349\n|switch|p2a: Knakrack|Garchomp, M|14\/100 tox\n|move|p1a: Alluka|V-create|p2a: Knakrack\n|-resisted|p2a: Knakrack\n|-damage|p2a: Knakrack|0 fnt\n|-unboost|p1a: Alluka|spe|1\n|-unboost|p1a: Alluka|def|1\n|-unboost|p1a: Alluka|spd|1\n|-damage|p1a: Alluka|63\/100|[from] ability: Rough Skin|[of] p2a: Knakrack\n|faint|p2a: Knakrack\n|\n|-heal|p1a: Alluka|69\/100|[from] Grassy Terrain\n|upkeep\n|\n|t:|1665000445\n|switch|p2a: Schlapor|Lopunny-Mega, F|96\/100\n|turn|33\n|\n|t:|1665000559\n|switch|p1a: Kurapika|Keldeo-Resolute|64\/100 brn\n|-damage|p1a: Kurapika|58\/100 brn|[from] Stealth Rock\n|move|p2a: Schlapor|Return|p1a: Kurapika\n|-damage|p1a: Kurapika|2\/100 brn\n|\n|-heal|p2a: Schlapor|100\/100|[from] Grassy Terrain\n|-heal|p1a: Kurapika|8\/100 brn|[from] Grassy Terrain\n|-heal|p1a: Kurapika|14\/100 brn|[from] item: Leftovers\n|-damage|p1a: Kurapika|8\/100 brn|[from] brn\n|upkeep\n|turn|34\n|\n|t:|1665000585\n|move|p2a: Schlapor|Return|p1a: Kurapika\n|-damage|p1a: Kurapika|0 fnt\n|faint|p1a: Kurapika\n|\n|-fieldend|move: Grassy Terrain\n|upkeep\n|\n|t:|1665000697\n|switch|p1a: Alluka|Victini|69\/100\n|-damage|p1a: Alluka|44\/100|[from] Stealth Rock\n|turn|35\n|\n|t:|1665000715\n|switch|p2a: Togekiss|Togekiss, F|100\/100\n|move|p1a: Alluka|V-create|p2a: Togekiss\n|-damage|p2a: Togekiss|31\/100\n|-unboost|p1a: Alluka|spe|1\n|-unboost|p1a: Alluka|def|1\n|-unboost|p1a: Alluka|spd|1\n|\n|upkeep\n|turn|36\n|j| SubtleDolphinNoise\n|c| SubtleDolphinNoise|bruh what this started half an hour ago\n|c|\u2606XernylTTT|lol\n|c|\u2606Rediyu|it is intense bro\n|c| Krusty_K|gaming\n|j| Cpt Impact\n|c| Cpt Impact|Standard week 1 game\n|c| Krusty_K|LOL\n|\n|t:|1665000899\n|move|p1a: Alluka|V-create|p2a: Togekiss\n|-damage|p2a: Togekiss|0 fnt\n|-unboost|p1a: Alluka|spe|1\n|-unboost|p1a: Alluka|def|1\n|-unboost|p1a: Alluka|spd|1\n|faint|p2a: Togekiss\n|\n|upkeep\n|\n|t:|1665000926\n|switch|p2a: Schlapor|Lopunny-Mega, F|100\/100\n|turn|37\n|c| SubtleDolphinNoise|W hxh theme\n|c| Krusty_K|German Pokemon names ._.\n|c| Krusty_K|bruh who not clicking\n|c|\u2606XernylTTT|sry hold up\n|c|\u2606Rediyu|forgot some of the german names and had to google them lmao\n|\n|t:|1665001157\n|switch|p1a: Killua|Manectric-Mega, M, shiny|81\/100\n|-damage|p1a: Killua|69\/100|[from] Stealth Rock\n|-ability|p1a: Killua|Intimidate|boost\n|-fail|p2a: Schlapor|unboost|Attack|[from] ability: Scrappy|[of] p2a: Schlapor\n|move|p2a: Schlapor|Return|p1a: Killua\n|-damage|p1a: Killua|0 fnt\n|faint|p1a: Killua\n|\n|upkeep\n|c|\u2606XernylTTT|o fucking scrappy\n|c| SubtleDolphinNoise|wait\n|\n|t:|1665001166\n|switch|p1a: Alluka|Victini|44\/100\n|-damage|p1a: Alluka|20\/100|[from] Stealth Rock\n|turn|38\n|c|\u2606XernylTTT|either way i lost\n|c| SubtleDolphinNoise|scrappy nullifies intim???\n|c| Krusty_K|yeah gen 8\n|c| Krusty_K|I was wondering lol\n|c| SubtleDolphinNoise|ew\n|c|\u2606XernylTTT|lol\n|\n|t:|1665001185\n|switch|p2a: Snibunna|Weavile, F|28\/100\n|-ability|p2a: Snibunna|Pressure\n|move|p1a: Alluka|V-create|p2a: Snibunna\n|-supereffective|p2a: Snibunna\n|-damage|p2a: Snibunna|0 fnt\n|-unboost|p1a: Alluka|spe|1\n|-unboost|p1a: Alluka|def|1\n|-unboost|p1a: Alluka|spd|1\n|faint|p2a: Snibunna\n|\n|upkeep\n|c| SubtleDolphinNoise|i dont like that\n|\n|t:|1665001187\n|switch|p2a: Schlapor|Lopunny-Mega, F|100\/100\n|turn|39\n|c| Krusty_K|\"This is pretty over why taking so long?\"\n|\n|t:|1665001191\n|move|p2a: Schlapor|Return|p1a: Alluka\n|-damage|p1a: Alluka|0 fnt\n|faint|p1a: Alluka\n|\n|win|Rediyu\n|c|\u2606XernylTTT|gg\n|c|\u2606Rediyu|gg\n|l| Krusty_K\n|c| SubtleDolphinNoise|that mechanic is kinda stupid\n","uploadtime":1665001203,"views":50,"p1id":"xernylttt","p2id":"rediyu","formatid":"gen8nationaldexlegacy","rating":0,"private":0,"password":null}