{"id":"sports-gen8bdspbdspdraft-612481","p1":"FC Victini Plzen","p2":"AsterJ","format":"gen8bdspbdspdraft","log":"|j|\u2606FC Victini Plzen\n|j|\u2606AsterJ\n|t:|1647216085\n|gametype|singles\n|player|p1|FC Victini Plzen|jasmine|\n|player|p2|AsterJ|asterj.png|\n|teamsize|p1|6\n|teamsize|p2|6\n|gen|8\n|tier|[Gen 8 BDSP] BDSP Draft\n|rule|Sleep Clause Mod: Limit one foe put to sleep\n|rule|OHKO Clause: OHKO moves are banned\n|rule|Evasion Moves Clause: Evasion moves are banned\n|rule|Endless Battle Clause: Forcing endless battles is banned\n|rule|HP Percentage Mod: HP is shown in percentages\n|clearpoke\n|poke|p1|Latias, F|\n|poke|p1|Jirachi|\n|poke|p1|Mismagius, F|\n|poke|p1|Feraligatr, M|\n|poke|p1|Purugly, M|\n|poke|p1|Quagsire, M|\n|poke|p2|Garchomp, M|\n|poke|p2|Arcanine, F|\n|poke|p2|Tyranitar, F|\n|poke|p2|Dusknoir, M|\n|poke|p2|Azelf|\n|poke|p2|Suicune|\n|teampreview\n|html|<button name=\"send\" class=\"button\" value=\"\/timer ds\"><i class=\"fa fa-hourglass-start\"><\/i> DS Timer<\/button> <button name=\"send\" class=\"button\" value=\"\/timer smogon\"><i class=\"fa fa-hourglass-start\"><\/i> Smogon Timer<\/button>\n|c|\u2606AsterJ|Gl hf man\n|c|\u2606FC Victini Plzen|u2\n|\n|t:|1647216160\n|start\n|switch|p1a: Jirachi|Jirachi|100\/100\n|switch|p2a: Azelf|Azelf|100\/100\n|turn|1\n|\n|t:|1647216175\n|move|p2a: Azelf|Fire Blast|p1a: Jirachi\n|-supereffective|p1a: Jirachi\n|-damage|p1a: Jirachi|32\/100\n|move|p1a: Jirachi|Stealth Rock|p2a: Azelf\n|-sidestart|p2: AsterJ|move: Stealth Rock\n|\n|upkeep\n|turn|2\n|\n|t:|1647216192\n|move|p2a: Azelf|Fire Blast|p1a: Jirachi|[miss]\n|-miss|p2a: Azelf|p1a: Jirachi\n|move|p1a: Jirachi|U-turn|p2a: Azelf\n|-supereffective|p2a: Azelf\n|-damage|p2a: Azelf|52\/100\n|\n|t:|1647216214\n|switch|p1a: Quagsire|Quagsire, M|100\/100|[from]move: U-turn\n|\n|upkeep\n|turn|3\n|\n|t:|1647216229\n|switch|p2a: Dusknoir|Dusknoir, M|100\/100\n|-damage|p2a: Dusknoir|88\/100|[from] Stealth Rock\n|-item|p1a: Quagsire|Leftovers|[from] ability: Frisk|[of] p2a: Dusknoir|[identify]\n|switch|p1a: Jirachi|Jirachi|32\/100\n|\n|-heal|p2a: Dusknoir|94\/100|[from] item: Leftovers\n|upkeep\n|turn|4\n|\n|t:|1647216234\n|move|p1a: Jirachi|U-turn|p2a: Dusknoir\n|-resisted|p2a: Dusknoir\n|-damage|p2a: Dusknoir|88\/100\n|\n|t:|1647216243\n|switch|p1a: Purugly|Purugly, M|100\/100|[from]move: U-turn\n|move|p2a: Dusknoir|Will-O-Wisp|p1a: Purugly\n|-status|p1a: Purugly|brn\n|\n|-heal|p2a: Dusknoir|94\/100|[from] item: Leftovers\n|-damage|p1a: Purugly|95\/100 brn|[from] brn\n|upkeep\n|turn|5\n|\n|t:|1647216252\n|move|p1a: Purugly|U-turn|p2a: Dusknoir\n|-resisted|p2a: Dusknoir\n|-damage|p2a: Dusknoir|89\/100\n|-damage|p1a: Purugly|85\/100 brn|[from] item: Life Orb\n|\n|t:|1647216256\n|switch|p1a: Quagsire|Quagsire, M|100\/100|[from]move: U-turn\n|move|p2a: Dusknoir|Trick Room|p2a: Dusknoir\n|-fieldstart|move: Trick Room|[of] p2a: Dusknoir\n|\n|-heal|p2a: Dusknoir|95\/100|[from] item: Leftovers\n|upkeep\n|turn|6\n|\n|t:|1647216269\n|move|p1a: Quagsire|Toxic|p2a: Dusknoir\n|-status|p2a: Dusknoir|tox\n|move|p2a: Dusknoir|Will-O-Wisp|p1a: Quagsire\n|-status|p1a: Quagsire|brn\n|\n|-heal|p2a: Dusknoir|100\/100 tox|[from] item: Leftovers\n|-damage|p2a: Dusknoir|94\/100 tox|[from] psn\n|-damage|p1a: Quagsire|94\/100 brn|[from] brn\n|upkeep\n|turn|7\n|\n|t:|1647216286\n|move|p1a: Quagsire|Ice Beam|p2a: Dusknoir\n|-damage|p2a: Dusknoir|85\/100 tox\n|move|p2a: Dusknoir|Night Shade|p1a: Quagsire\n|-damage|p1a: Quagsire|69\/100 brn\n|\n|-heal|p1a: Quagsire|75\/100 brn|[from] item: Leftovers\n|-heal|p2a: Dusknoir|91\/100 tox|[from] item: Leftovers\n|-damage|p2a: Dusknoir|78\/100 tox|[from] psn\n|-damage|p1a: Quagsire|69\/100 brn|[from] brn\n|upkeep\n|turn|8\n|\n|t:|1647216298\n|switch|p2a: Tyranitar|Tyranitar, F|100\/100\n|-damage|p2a: Tyranitar|88\/100|[from] Stealth Rock\n|-weather|Sandstorm|[from] ability: Sand Stream|[of] p2a: Tyranitar\n|move|p1a: Quagsire|Ice Beam|p2a: Tyranitar\n|-damage|p2a: Tyranitar|77\/100\n|\n|-weather|Sandstorm|[upkeep]\n|-heal|p1a: Quagsire|75\/100 brn|[from] item: Leftovers\n|-damage|p1a: Quagsire|69\/100 brn|[from] brn\n|upkeep\n|turn|9\n|\n|t:|1647216309\n|move|p1a: Quagsire|Toxic|p2a: Tyranitar\n|-status|p2a: Tyranitar|tox\n|move|p2a: Tyranitar|Dark Pulse|p1a: Quagsire\n|-damage|p1a: Quagsire|26\/100 brn\n|\n|-weather|Sandstorm|[upkeep]\n|-heal|p1a: Quagsire|32\/100 brn|[from] item: Leftovers\n|-damage|p2a: Tyranitar|71\/100 tox|[from] psn\n|-damage|p1a: Quagsire|26\/100 brn|[from] brn\n|-fieldend|move: Trick Room\n|upkeep\n|turn|10\n|\n|t:|1647216315\n|move|p2a: Tyranitar|Dark Pulse|p1a: Quagsire\n|-damage|p1a: Quagsire|0 fnt\n|faint|p1a: Quagsire\n|\n|-weather|Sandstorm|[upkeep]\n|-damage|p2a: Tyranitar|59\/100 tox|[from] psn\n|upkeep\n|\n|t:|1647216326\n|switch|p1a: Jirachi|Jirachi|32\/100\n|turn|11\n|\n|t:|1647216345\n|move|p1a: Jirachi|Dazzling Gleam|p2a: Tyranitar\n|-supereffective|p2a: Tyranitar\n|-damage|p2a: Tyranitar|23\/100 tox\n|move|p2a: Tyranitar|Stealth Rock|p1a: Jirachi\n|-sidestart|p1: FC Victini Plzen|move: Stealth Rock\n|\n|-weather|Sandstorm|[upkeep]\n|-damage|p2a: Tyranitar|5\/100 tox|[from] psn\n|upkeep\n|turn|12\n|\n|t:|1647216354\n|move|p1a: Jirachi|Dazzling Gleam|p2a: Tyranitar\n|-supereffective|p2a: Tyranitar\n|-damage|p2a: Tyranitar|0 fnt\n|faint|p2a: Tyranitar\n|\n|-weather|none\n|upkeep\n|\n|t:|1647216363\n|switch|p2a: Suicune|Suicune|100\/100\n|-damage|p2a: Suicune|88\/100|[from] Stealth Rock\n|turn|13\n|\n|t:|1647216373\n|move|p2a: Suicune|Calm Mind|p2a: Suicune\n|-boost|p2a: Suicune|spa|1\n|-boost|p2a: Suicune|spd|1\n|move|p1a: Jirachi|U-turn|p2a: Suicune\n|-damage|p2a: Suicune|77\/100\n|\n|t:|1647216378\n|switch|p1a: Latias|Latias, F|100\/100|[from]move: U-turn\n|-damage|p1a: Latias|88\/100|[from] Stealth Rock\n|\n|-heal|p1a: Latias|94\/100|[from] item: Leftovers\n|-heal|p2a: Suicune|83\/100|[from] item: Leftovers\n|upkeep\n|turn|14\n|\n|t:|1647216384\n|move|p1a: Latias|Calm Mind|p1a: Latias\n|-boost|p1a: Latias|spa|1\n|-boost|p1a: Latias|spd|1\n|move|p2a: Suicune|Calm Mind|p2a: Suicune\n|-boost|p2a: Suicune|spa|1\n|-boost|p2a: Suicune|spd|1\n|\n|-heal|p1a: Latias|99\/100|[from] item: Leftovers\n|-heal|p2a: Suicune|89\/100|[from] item: Leftovers\n|upkeep\n|turn|15\n|\n|t:|1647216387\n|move|p1a: Latias|Calm Mind|p1a: Latias\n|-boost|p1a: Latias|spa|1\n|-boost|p1a: Latias|spd|1\n|move|p2a: Suicune|Calm Mind|p2a: Suicune\n|-boost|p2a: Suicune|spa|1\n|-boost|p2a: Suicune|spd|1\n|\n|-heal|p1a: Latias|100\/100|[from] item: Leftovers\n|-heal|p2a: Suicune|96\/100|[from] item: Leftovers\n|upkeep\n|turn|16\n|\n|t:|1647216389\n|move|p1a: Latias|Calm Mind|p1a: Latias\n|-boost|p1a: Latias|spa|1\n|-boost|p1a: Latias|spd|1\n|move|p2a: Suicune|Roar|p1a: Latias\n|drag|p1a: Feraligatr|Feraligatr, M|100\/100\n|-damage|p1a: Feraligatr|88\/100|[from] Stealth Rock\n|\n|-heal|p2a: Suicune|100\/100|[from] item: Leftovers\n|upkeep\n|turn|17\n|c|\u2606FC Victini Plzen|welp\n|c|\u2606FC Victini Plzen|I think that's game over\n|\n|t:|1647216403\n|move|p2a: Suicune|Scald|p1a: Feraligatr\n|-resisted|p1a: Feraligatr\n|-damage|p1a: Feraligatr|42\/100\n|move|p1a: Feraligatr|Dragon Dance|p1a: Feraligatr\n|-boost|p1a: Feraligatr|atk|1\n|-boost|p1a: Feraligatr|spe|1\n|\n|upkeep\n|turn|18\n|\n|t:|1647216409\n|move|p1a: Feraligatr|Rock Climb|p2a: Suicune\n|-damage|p2a: Suicune|52\/100\n|move|p2a: Suicune|Scald|p1a: Feraligatr\n|-resisted|p1a: Feraligatr\n|-damage|p1a: Feraligatr|1\/100\n|\n|-heal|p2a: Suicune|58\/100|[from] item: Leftovers\n|upkeep\n|turn|19\n|\n|t:|1647216441\n|move|p1a: Feraligatr|Rock Climb|p2a: Suicune\n|-damage|p2a: Suicune|12\/100\n|move|p2a: Suicune|Scald|p1a: Feraligatr\n|-resisted|p1a: Feraligatr\n|-damage|p1a: Feraligatr|0 fnt\n|faint|p1a: Feraligatr\n|\n|-heal|p2a: Suicune|18\/100|[from] item: Leftovers\n|upkeep\n|\n|t:|1647216471\n|switch|p1a: Purugly|Purugly, M|85\/100 brn\n|-damage|p1a: Purugly|72\/100 brn|[from] Stealth Rock\n|turn|20\n|\n|t:|1647216485\n|move|p1a: Purugly|Body Slam|p2a: Suicune\n|-damage|p2a: Suicune|4\/100\n|-damage|p1a: Purugly|63\/100 brn|[from] item: Life Orb\n|move|p2a: Suicune|Scald|p1a: Purugly\n|-damage|p1a: Purugly|0 fnt\n|faint|p1a: Purugly\n|\n|-heal|p2a: Suicune|10\/100|[from] item: Leftovers\n|upkeep\n|c|\u2606AsterJ|I don't think it's necessarily over yet\n|c|\u2606AsterJ|Sorry I had opp ignored\n|\n|t:|1647216569\n|switch|p1a: Latias|Latias, F|100\/100\n|-damage|p1a: Latias|88\/100|[from] Stealth Rock\n|turn|21\n|c|\u2606FC Victini Plzen|all good haha\n|\n|t:|1647216583\n|move|p1a: Latias|Dragon Pulse|p2a: Suicune\n|-damage|p2a: Suicune|1\/100\n|move|p2a: Suicune|Ice Beam|p1a: Latias\n|-supereffective|p1a: Latias\n|-damage|p1a: Latias|9\/100\n|\n|-heal|p1a: Latias|15\/100|[from] item: Leftovers\n|-heal|p2a: Suicune|7\/100|[from] item: Leftovers\n|upkeep\n|turn|22\n|c|\u2606FC Victini Plzen|damn\n|\n|t:|1647216589\n|move|p1a: Latias|Dragon Pulse|p2a: Suicune\n|-damage|p2a: Suicune|0 fnt\n|faint|p2a: Suicune\n|\n|-heal|p1a: Latias|21\/100|[from] item: Leftovers\n|upkeep\n|\n|t:|1647216592\n|switch|p2a: Azelf|Azelf|52\/100\n|-damage|p2a: Azelf|39\/100|[from] Stealth Rock\n|turn|23\n|\n|t:|1647216598\n|move|p2a: Azelf|U-turn|p1a: Latias\n|-supereffective|p1a: Latias\n|-damage|p1a: Latias|0 fnt\n|faint|p1a: Latias\n|\n|t:|1647216601\n|switch|p2a: Arcanine|Arcanine, F|100\/100|[from]move: U-turn\n|-damage|p2a: Arcanine|76\/100|[from] Stealth Rock\n|\n|-heal|p2a: Arcanine|82\/100|[from] item: Leftovers\n|upkeep\n|\n|t:|1647216611\n|switch|p1a: Jirachi|Jirachi|32\/100\n|-damage|p1a: Jirachi|26\/100|[from] Stealth Rock\n|turn|24\n|c|\u2606FC Victini Plzen|ow\n|\n|t:|1647216621\n|move|p2a: Arcanine|Crunch|p1a: Jirachi\n|-supereffective|p1a: Jirachi\n|-damage|p1a: Jirachi|0 fnt\n|faint|p1a: Jirachi\n|\n|-heal|p2a: Arcanine|88\/100|[from] item: Leftovers\n|upkeep\n|c|\u2606FC Victini Plzen|Rocks didn't even get me to Custap range\n|\n|t:|1647216627\n|switch|p1a: Mismagius|Mismagius, F|100\/100\n|-damage|p1a: Mismagius|88\/100|[from] Stealth Rock\n|turn|25\n|\n|t:|1647216635\n|move|p1a: Mismagius|Hex|p2a: Arcanine\n|-damage|p2a: Arcanine|62\/100\n|move|p2a: Arcanine|Crunch|p1a: Mismagius\n|-supereffective|p1a: Mismagius\n|-damage|p1a: Mismagius|8\/100\n|\n|-heal|p1a: Mismagius|14\/100|[from] item: Leftovers\n|-heal|p2a: Arcanine|68\/100|[from] item: Leftovers\n|upkeep\n|turn|26\n|c|\u2606FC Victini Plzen|gg\n|\n|t:|1647216638\n|move|p1a: Mismagius|Hex|p2a: Arcanine\n|-damage|p2a: Arcanine|41\/100\n|move|p2a: Arcanine|Crunch|p1a: Mismagius\n|-supereffective|p1a: Mismagius\n|-damage|p1a: Mismagius|0 fnt\n|faint|p1a: Mismagius\n|\n|win|AsterJ\n|c|\u2606AsterJ|Gg\n|c|\u2606AsterJ|Was tough for u for sure\n|c|\u2606FC Victini Plzen|my heart sank when I saw Roar lmao\n|c|\u2606AsterJ|Suicune just kept living\n|c|\u2606AsterJ|Yea Roar is so good\n|c|\u2606AsterJ|And I mean without toxic etc it's a valid option\n|c|\u2606FC Victini Plzen|I should have just sacked everything and gone for Reflect Type to tank Ice Beams\n|c|\u2606AsterJ|Yea, double scarf with explosion from Azelf tho\n|c|\u2606AsterJ|Idk if that would've worked\n|c|\u2606FC Victini Plzen|probably not but would have given me a better chance maybe?\n|c|\u2606FC Victini Plzen|at least Latias wouldn't be getting roared out\n|c|\u2606AsterJ|Yea probably\n|c|\u2606AsterJ|I would've had to find a game plan to beat it\n|c|\u2606AsterJ|Rather than just clicking 1 movw\n|c|\u2606AsterJ|Oh well, you'll know for next time\n|c|\u2606AsterJ|What's ur record\n|c|\u2606FC Victini Plzen|idk I've got like 1 win\n|c|\u2606AsterJ|Oh\n|c|\u2606FC Victini Plzen|ye lol\n|c|\u2606AsterJ|But I think u still have 2 games to play\n|c|\u2606AsterJ|So maybe u can still make playoffs? I'm not sure\n|c|\u2606AsterJ|Either way gl in the rest dude\n|c|\u2606FC Victini Plzen|unlikely but possible I think\n|c|\u2606FC Victini Plzen|u2\n|c|\u2606AsterJ|Ty ty\n","uploadtime":1647216719,"views":15,"p1id":"fcvictiniplzen","p2id":"asterj","formatid":"gen8bdspbdspdraft","rating":0,"private":0,"password":null}