{"id":"sports-gen7draftleague-677518","p1":"BeaverGanger69","p2":"AsterJ","format":"gen7draftleague","log":"|j|\u2606BeaverGanger69\n|j|\u2606AsterJ\n|t:|1656379588\n|gametype|singles\n|player|p1|BeaverGanger69|beaverganger69.png|\n|player|p2|AsterJ|asterj.png|\n|teamsize|p1|6\n|teamsize|p2|6\n|gen|7\n|tier|[Gen 7] Draft League\n|rule|Sleep Clause Mod: Limit one foe put to sleep\n|rule|OHKO Clause: OHKO moves are banned\n|rule|Evasion Moves Clause: Evasion moves are banned\n|rule|Endless Battle Clause: Forcing endless battles is banned\n|rule|HP Percentage Mod: HP is shown in percentages\n|clearpoke\n|poke|p1|Greninja, M|item\n|poke|p1|Tapu Fini|item\n|poke|p1|Kartana|item\n|poke|p1|Aerodactyl, M|item\n|poke|p1|Piloswine, M|item\n|poke|p1|Landorus-Therian, M|item\n|poke|p2|Infernape, M|item\n|poke|p2|Klefki, M|item\n|poke|p2|Landorus-Therian, M|item\n|poke|p2|Thundurus, M|item\n|poke|p2|Necrozma|item\n|poke|p2|Vileplume, F|item\n|teampreview\n|html|<button name=\"send\" class=\"button\" value=\"\/timer ds\"><i class=\"fa fa-hourglass-start\"><\/i> DS Timer<\/button> <button name=\"send\" class=\"button\" value=\"\/timer smogon\"><i class=\"fa fa-hourglass-start\"><\/i> Smogon Timer<\/button>\n|j| Sablolol\n|c|\u2606BeaverGanger69|glhf\n|j| astralproj3ct\n|c|\u2606AsterJ|u2\n|j| qjz\n|j| rain time 7\n|j| Odindark23\n|j| DamnDaTa\n|j| HunterZinfected\n|j| ChilisGrillNBar\n|j|@PerfecteBlu\n|j| Shuckle15\n|\n|t:|1656379628\n|start\n|switch|p1a: Xing|Tapu Fini, shiny|100\/100\n|switch|p2a: Aimel|Landorus-Therian, M|100\/100\n|-fieldstart|move: Misty Terrain|[from] ability: Misty Surge|[of] p1a: Xing\n|-ability|p2a: Aimel|Intimidate|boost\n|-unboost|p1a: Xing|atk|1\n|turn|1\n|j| Glopper\n|j| DOOR MONEY\n|j| Bdbdjd\n|j| PikachuZappyZap\n|j| MoneyGuy9559\n|\n|t:|1656379652\n|move|p1a: Xing|Calm Mind|p1a: Xing\n|-boost|p1a: Xing|spa|1\n|-boost|p1a: Xing|spd|1\n|move|p2a: Aimel|Knock Off|p1a: Xing\n|-resisted|p1a: Xing\n|-damage|p1a: Xing|87\/100\n|-enditem|p1a: Xing|Iapapa Berry|[from] move: Knock Off|[of] p2a: Aimel\n|\n|upkeep\n|turn|2\n|j| Aimel\n|j| rhv moment\n|c| Bdbdjd|Assturd\n|\n|t:|1656379679\n|move|p1a: Xing|Ice Beam|p2a: Aimel\n|-supereffective|p2a: Aimel\n|-enditem|p2a: Aimel|Focus Sash\n|-damage|p2a: Aimel|1\/100\n|move|p2a: Aimel|Stealth Rock|p1a: Xing\n|-sidestart|p1: BeaverGanger69|move: Stealth Rock\n|\n|upkeep\n|turn|3\n|j| fartballs45\n|j| Telekino City\n|j| Diviniya\n|j| Shadowblast\n|j|^King l5\n|\n|t:|1656379700\n|move|p1a: Xing|Moonblast|p2a: Aimel\n|-damage|p2a: Aimel|0 fnt\n|faint|p2a: Aimel\n|\n|upkeep\n|\n|t:|1656379703\n|switch|p2a: Habaduh|Thundurus, M|100\/100\n|turn|4\n|j| Joshtheturtwig\n|j| PokeFan4125\n|\n|t:|1656379724\n|switch|p1a: Glopper|Piloswine, M, shiny|100\/100\n|-damage|p1a: Glopper|88\/100|[from] Stealth Rock\n|move|p2a: Habaduh|Thunder Punch|p1a: Glopper\n|-immune|p1a: Glopper\n|\n|upkeep\n|turn|5\n|\n|t:|1656379734\n|switch|p2a: Sablo|Klefki, M|100\/100\n|move|p1a: Glopper|Stealth Rock|p2a: Sablo\n|-sidestart|p2: AsterJ|move: Stealth Rock\n|\n|-fieldend|Misty Terrain\n|upkeep\n|turn|6\n|j| ThinkingSceptile\n|c| fartballs45|bryan snubbed out of the klefki spot yet again\n|j| VIG Luffy\n|c| qjz|rip bryan the klefki\n|j| Skyho\n|c| PikachuZappyZap|free bryann\n|j| Erupquake24\n|c| Bdbdjd|Galapagos \n|l| HunterZinfected\n|j| HunterZinfected\n|c| Glopper|glopped\n|c| DOOR MONEY|glopped\n|l|raintime7\n|\n|t:|1656379797\n|switch|p1a: Sharky King|Landorus-Therian, M, shiny|100\/100\n|-damage|p1a: Sharky King|88\/100|[from] Stealth Rock\n|-ability|p1a: Sharky King|Intimidate|boost\n|-unboost|p2a: Sablo|atk|1\n|move|p2a: Sablo|Magnet Rise|p2a: Sablo\n|-start|p2a: Sablo|Magnet Rise\n|\n|upkeep\n|turn|7\n|j| SAP Demolthy\n|\n|t:|1656379803\n|move|p2a: Sablo|Spikes|p1a: Sharky King\n|-sidestart|p1: BeaverGanger69|Spikes\n|move|p1a: Sharky King|Swords Dance|p1a: Sharky King\n|-boost|p1a: Sharky King|atk|2\n|\n|upkeep\n|turn|8\n|\n|t:|1656379807\n|-zpower|p1a: Sharky King\n|move|p1a: Sharky King|Supersonic Skystrike|p2a: Sablo|[zeffect]\n|-resisted|p2a: Sablo\n|-damage|p2a: Sablo|18\/100\n|move|p2a: Sablo|Foul Play|p1a: Sharky King\n|-damage|p1a: Sharky King|2\/100\n|\n|upkeep\n|turn|9\n|c| Bdbdjd|Sharky \n|l| SAP Demolthy\n|j| arezuwu\n|c| Bdbdjd|Woo yeah \n|j| ManifestEverything\n|j| aleppo\n|l| aleppo\n|\n|t:|1656379874\n|move|p2a: Sablo|Sunny Day|p2a: Sablo\n|-weather|SunnyDay\n|move|p1a: Sharky King|Fly||[still]\n|-prepare|p1a: Sharky King|Fly\n|\n|-weather|SunnyDay|[upkeep]\n|upkeep\n|turn|10\n|\n|t:|1656379878\n|move|p2a: Sablo|Spikes|p1a: Sharky King\n|-sidestart|p1: BeaverGanger69|Spikes\n|move|p1a: Sharky King|Fly|p2a: Sablo|[from]lockedmove\n|-resisted|p2a: Sablo\n|-damage|p2a: Sablo|0 fnt\n|faint|p2a: Sablo\n|\n|-weather|SunnyDay|[upkeep]\n|upkeep\n|l| HunterZinfected\n|\n|t:|1656379882\n|switch|p2a: Bryann|Vileplume, F|100\/100\n|-damage|p2a: Bryann|88\/100|[from] Stealth Rock\n|turn|11\n|c| fartballs45|Holy shit its bryan\n|c| qjz|BRYINN\n|c| ChilisGrillNBar|holy shit\n|j| HunterZinfected\n|c| ChilisGrillNBar|bryann is in\n|j| bbryann\n|\n|t:|1656379904\n|move|p2a: Bryann|Giga Drain|p1a: Sharky King\n|-damage|p1a: Sharky King|0 fnt\n|-heal|p2a: Bryann|89\/100|[from] drain|[of] p1a: Sharky King\n|faint|p1a: Sharky King\n|\n|-weather|SunnyDay|[upkeep]\n|upkeep\n|c| ThinkingSceptile|gg its bryann\n|c| bbryann|Holy sh*t\u2026 Im In\u2026\n|c| ChilisGrillNBar|1\n|\n|t:|1656379909\n|switch|p1a: Toxic|Aerodactyl, M, shiny|100\/100\n|-damage|p1a: Toxic|76\/100|[from] Stealth Rock\n|turn|12\n|c| astralproj3ct|no cursing bryann\n|c| fartballs45|Fuck you astral project\n|c| bbryann|Sorry\n|c| PikachuZappyZap|holy sh*t it's Bryann\n|c| Bdbdjd|Why send toxic in on a plume\n|l| bbryann\n|c| ThinkingSceptile|this\n|j| Blitzburgh\n|l| DamnDaTa\n|j| Jascha\n|l| Bdbdjd\n|\n|t:|1656379983\n|detailschange|p1a: Toxic|Aerodactyl-Mega, M, shiny\n|-mega|p1a: Toxic|Aerodactyl|Aerodactylite\n|move|p2a: Bryann|Growth|p2a: Bryann\n|-boost|p2a: Bryann|atk|2\n|-boost|p2a: Bryann|spa|2\n|move|p1a: Toxic|Fire Fang|p2a: Bryann\n|-supereffective|p2a: Bryann\n|-damage|p2a: Bryann|0 fnt\n|faint|p2a: Bryann\n|\n|-weather|SunnyDay|[upkeep]\n|upkeep\n|j| TOOXIC860\n|c| qjz|GN\n|\n|t:|1656379993\n|switch|p2a: Rye|Necrozma|100\/100\n|-damage|p2a: Rye|88\/100|[from] Stealth Rock\n|turn|13\n|c| ChilisGrillNBar|rip \n|c| fartballs45|Rip bryan\n|c| TOOXIC860|HOLY SH9IT\n|j| bbryann\n|c| ChilisGrillNBar|bryann just died\n|c| TOOXIC860|I KILLED A PLUME\n|j| DamnDaTa\n|c| HunterZinfected|Bro clicked growth in front of a mega aero\n|c| bbryann|Bro i fucking Didd\n|c| DOOR MONEY|HE KILLED A PLUME\n|c| bbryann|Died\n|\n|t:|1656380016\n|move|p1a: Toxic|Hone Claws|p1a: Toxic\n|-boost|p1a: Toxic|atk|1\n|-boost|p1a: Toxic|accuracy|1\n|move|p2a: Rye|Psyshock|p1a: Toxic\n|-damage|p1a: Toxic|30\/100\n|\n|-weather|SunnyDay|[upkeep]\n|upkeep\n|turn|14\n|c| TOOXIC860|SHEEEESH\n|c| TOOXIC860|TROY\n|c| TOOXIC860|UR SO HOT\n|c| DOOR MONEY|TOOXIC860 hru\n|c| TOOXIC860|fantastic wbu\n|c| DOOR MONEY|im great\n|c| TOOXIC860|fantastic\n|\n|t:|1656380044\n|move|p1a: Toxic|Stone Edge|p2a: Rye\n|-damage|p2a: Rye|32\/100\n|move|p2a: Rye|Autotomize|p2a: Rye\n|-boost|p2a: Rye|spe|2\n|-start|p2a: Rye|Autotomize\n|\n|-weather|SunnyDay|[upkeep]\n|upkeep\n|turn|15\n|j| bathe in her blood\n|j| Kniops\n|l| bbryann\n|\n|t:|1656380118\n|move|p2a: Rye|Psyshock|p1a: Toxic\n|-damage|p1a: Toxic|0 fnt\n|faint|p1a: Toxic\n|\n|-weather|SunnyDay|[upkeep]\n|upkeep\n|\n|t:|1656380141\n|switch|p1a: Glopper|Piloswine, M, shiny|88\/100\n|-damage|p1a: Glopper|76\/100|[from] Stealth Rock\n|-damage|p1a: Glopper|59\/100|[from] Spikes\n|turn|16\n|c| PikachuZappyZap|GLOPPER\n|\n|t:|1656380147\n|move|p2a: Rye|Psyshock|p1a: Glopper\n|-damage|p1a: Glopper|27\/100\n|move|p1a: Glopper|Earthquake|p2a: Rye\n|-damage|p2a: Rye|0 fnt\n|faint|p2a: Rye\n|\n|-weather|none\n|upkeep\n|c| Glopper|glopped\n|\n|t:|1656380160\n|switch|p2a: KCric|Infernape, M|100\/100\n|-damage|p2a: KCric|88\/100|[from] Stealth Rock\n|turn|17\n|l| Jascha\n|j| Obi3\n|j| Jascha\n|j| sponsoredbyNordVPN\n|\n|t:|1656380198\n|move|p2a: KCric|Close Combat|p1a: Glopper\n|-supereffective|p1a: Glopper\n|-damage|p1a: Glopper|0 fnt\n|-unboost|p2a: KCric|def|1\n|-unboost|p2a: KCric|spd|1\n|faint|p1a: Glopper\n|\n|upkeep\n|\n|t:|1656380219\n|switch|p1a: Xing|Tapu Fini, shiny|87\/100\n|-damage|p1a: Xing|75\/100|[from] Stealth Rock\n|-damage|p1a: Xing|58\/100|[from] Spikes\n|-fieldstart|move: Misty Terrain|[from] ability: Misty Surge|[of] p1a: Xing\n|turn|18\n|c| TOOXIC860|xing\n|c| PikachuZappyZap|true\n|j| scrappy10\n|\n|t:|1656380256\n|switch|p2a: Habaduh|Thundurus, M|100\/100\n|-damage|p2a: Habaduh|76\/100|[from] Stealth Rock\n|move|p1a: Xing|Moonblast|p2a: Habaduh\n|-damage|p2a: Habaduh|39\/100\n|-unboost|p2a: Habaduh|spa|1\n|-ability|p2a: Habaduh|Defiant\n|-boost|p2a: Habaduh|atk|2\n|\n|upkeep\n|turn|19\n|j| Hogline\n|c| TOOXIC860|um.\n|j| spookd\n|c| TOOXIC860|currently shitting pants\n|c| sponsoredbyNordVPN|finch is that you\n|l| Kniops\n|\n|t:|1656380322\n|-zpower|p2a: Habaduh\n|move|p2a: Habaduh|Supersonic Skystrike|p1a: Xing|[zeffect]\n|-damage|p1a: Xing|0 fnt\n|faint|p1a: Xing\n|\n|upkeep\n|j| Kniops\n|\n|t:|1656380326\n|switch|p1a: Josh|Kartana, shiny|100\/100\n|-damage|p1a: Josh|84\/100|[from] Spikes\n|-damage|p1a: Josh|78\/100|[from] Stealth Rock\n|turn|20\n|c| TOOXIC860|josh is gonna clutch it\n|c| Joshtheturtwig|yessir\n|\n|t:|1656380352\n|move|p1a: Josh|Psycho Cut|p2a: Habaduh\n|-damage|p2a: Habaduh|2\/100\n|move|p2a: Habaduh|Brick Break|p1a: Josh\n|-supereffective|p1a: Josh\n|-damage|p1a: Josh|0 fnt\n|faint|p1a: Josh\n|\n|upkeep\n|\n|t:|1656380358\n|switch|p1a: TDG|Greninja, M, shiny|100\/100\n|-damage|p1a: TDG|88\/100|[from] Stealth Rock\n|-damage|p1a: TDG|72\/100|[from] Spikes\n|turn|21\n|c| Joshtheturtwig|wait\n|c| Joshtheturtwig|didnt we have return tox?\n|c| TOOXIC860|yes\n|c| Joshtheturtwig|LOL\n|c| astralproj3ct|clearly not\n|c| Joshtheturtwig|we choked\n|c|^King l5|oopsies\n|c| ThinkingSceptile|mood\n|\n|t:|1656380396\n|move|p1a: TDG|Water Shuriken|p2a: Habaduh\n|-damage|p2a: Habaduh|0 fnt\n|faint|p2a: Habaduh\n|-hitcount|p2: Habaduh|1\n|-damage|p1a: TDG|62\/100|[from] item: Life Orb\n|\n|upkeep\n|c| TOOXIC860|its ok\n|c| TOOXIC860|tdg\n|\n|t:|1656380402\n|switch|p2a: KCric|Infernape, M|88\/100\n|-damage|p2a: KCric|76\/100|[from] Stealth Rock\n|turn|22\n|c|^King l5|Chance ball\n|c| qjz|twerks\n|c| TOOXIC860|will clutch\n|\n|t:|1656380435\n|move|p1a: TDG|Water Shuriken|p2a: KCric\n|-supereffective|p2a: KCric\n|-damage|p2a: KCric|49\/100\n|-supereffective|p2a: KCric\n|-damage|p2a: KCric|23\/100\n|-supereffective|p2a: KCric\n|-damage|p2a: KCric|0 fnt\n|faint|p2a: KCric\n|-hitcount|p2: KCric|3\n|-damage|p1a: TDG|52\/100|[from] item: Life Orb\n|\n|win|BeaverGanger69\n|c| TOOXIC860|YES\n|c| TOOXIC860|TDG\n|c| TOOXIC860|GG\n|c| DOOR MONEY|thank jesus\n|c|\u2606AsterJ|gg\n|l| Shadowblast\n|l| Blitzburgh\n|l| Kniops\n|l| Aimel\n|l| ChilisGrillNBar\n|l| MoneyGuy9559\n|c| Glopper|USUM\n|c| PikachuZappyZap|smashed\n","uploadtime":1656380445,"views":142,"p1id":"beaverganger69","p2id":"asterj","formatid":"gen7draftleague","rating":0,"private":0,"password":null}