{"id":"sports-gen8nationaldexdraft-724328","p1":"rooopos","p2":"Mauoomba","format":"gen8nationaldexdraft","log":"|j|\u2606rooopos\n|j|\u2606Mauoomba\n|t:|1662830037\n|gametype|singles\n|player|p1|rooopos|101|\n|player|p2|Mauoomba|mauoomba.png|\n|teamsize|p1|6\n|teamsize|p2|6\n|gen|8\n|tier|[Gen 8] National Dex Draft\n|rule|Sleep Clause Mod: Limit one foe put to sleep\n|rule|OHKO Clause: OHKO moves are banned\n|rule|Evasion Moves Clause: Evasion moves are banned\n|rule|Endless Battle Clause: Forcing endless battles is banned\n|rule|HP Percentage Mod: HP is shown in percentages\n|rule|Dynamax Clause: You cannot dynamax\n|clearpoke\n|poke|p1|Gallade, M|\n|poke|p1|Clefable, M|\n|poke|p1|Heatran, F|\n|poke|p1|Zygarde-10%|\n|poke|p1|Spectrier|\n|poke|p1|Zarude|\n|poke|p2|Noivern, M|\n|poke|p2|Diancie|\n|poke|p2|Zoroark, F|\n|poke|p2|Celesteela|\n|poke|p2|Blissey, F|\n|poke|p2|Froslass, F|\n|teampreview\n|html|<button name=\"send\" class=\"button\" value=\"\/timer ds\"><i class=\"fa fa-hourglass-start\"><\/i> DS Timer<\/button> <button name=\"send\" class=\"button\" value=\"\/timer smogon\"><i class=\"fa fa-hourglass-start\"><\/i> Smogon Timer<\/button>\n|j| Pinapple321\n|c|\u2606rooopos|hf\n|\n|t:|1662830158\n|start\n|switch|p1a: Zarude|Zarude|100\/100\n|switch|p2a: Haku|Froslass, F|100\/100\n|turn|1\n|c|\u2606Mauoomba|u2\n|\n|t:|1662830165\n|move|p1a: Zarude|U-turn|p2a: Haku\n|-resisted|p2a: Haku\n|-damage|p2a: Haku|86\/100\n|\n|t:|1662830171\n|switch|p1a: Heatran|Heatran, F|100\/100|[from]move: U-turn\n|move|p2a: Haku|Spikes|p1a: Heatran\n|-sidestart|p1: rooopos|Spikes\n|\n|upkeep\n|turn|2\n|\n|t:|1662830180\n|move|p2a: Haku|Destiny Bond|p2a: Haku\n|-singlemove|p2a: Haku|Destiny Bond\n|move|p1a: Heatran|Magma Storm|p2a: Haku\n|-supereffective|p2a: Haku\n|-damage|p2a: Haku|0 fnt\n|faint|p2a: Haku\n|-activate|p2a: Haku|move: Destiny Bond\n|faint|p1a: Heatran\n|\n|upkeep\n|\n|t:|1662830194\n|switch|p2a: Present Mic|Noivern, M, shiny|100\/100\n|switch|p1a: Zygarde|Zygarde-10%|100\/100\n|-damage|p1a: Zygarde|88\/100|[from] Spikes\n|-ability|p1a: Zygarde|Aura Break\n|turn|3\n|\n|t:|1662830199\n|switch|p1a: Clefable|Clefable, M|100\/100\n|move|p2a: Present Mic|U-turn|p1a: Clefable\n|-resisted|p1a: Clefable\n|-damage|p1a: Clefable|96\/100\n|\n|t:|1662830207\n|switch|p2a: Hindenburg|Celesteela|100\/100|[from]move: U-turn\n|\n|upkeep\n|turn|4\n|\n|t:|1662830213\n|move|p2a: Hindenburg|Leech Seed|p1a: Clefable\n|-start|p1a: Clefable|move: Leech Seed\n|move|p1a: Clefable|Flamethrower|p2a: Hindenburg\n|-supereffective|p2a: Hindenburg\n|-damage|p2a: Hindenburg|67\/100\n|\n|-heal|p2a: Hindenburg|73\/100|[from] item: Leftovers\n|upkeep\n|turn|5\n|\n|t:|1662830220\n|move|p2a: Hindenburg|Iron Head|p1a: Clefable\n|-supereffective|p1a: Clefable\n|-enditem|p1a: Clefable|Babiri Berry|[eat]\n|-enditem|p1a: Clefable|Babiri Berry|[weaken]\n|-damage|p1a: Clefable|68\/100\n|move|p1a: Clefable|Flamethrower|p2a: Hindenburg\n|-supereffective|p2a: Hindenburg\n|-damage|p2a: Hindenburg|38\/100\n|\n|-heal|p2a: Hindenburg|44\/100|[from] item: Leftovers\n|upkeep\n|turn|6\n|\n|t:|1662830230\n|switch|p2a: Recovery Girl|Blissey, F|100\/100\n|switch|p1a: Zygarde|Zygarde-10%|88\/100\n|-damage|p1a: Zygarde|76\/100|[from] Spikes\n|-ability|p1a: Zygarde|Aura Break\n|\n|upkeep\n|turn|7\n|\n|t:|1662830234\n|move|p1a: Zygarde|Superpower|p2a: Recovery Girl\n|-supereffective|p2a: Recovery Girl\n|-damage|p2a: Recovery Girl|14\/100\n|-unboost|p1a: Zygarde|atk|1\n|-unboost|p1a: Zygarde|def|1\n|move|p2a: Recovery Girl|Teleport|p2a: Recovery Girl\n|\n|t:|1662830241\n|switch|p2a: Hindenburg|Celesteela|100\/100|[from]move: Teleport\n|\n|upkeep\n|turn|8\n|\n|t:|1662830254\n|switch|p1a: Zarude|Zarude|100\/100\n|-damage|p1a: Zarude|88\/100|[from] Spikes\n|move|p2a: Hindenburg|Dark Pulse|p1a: Zarude\n|-resisted|p1a: Zarude\n|-damage|p1a: Zarude|64\/100\n|-damage|p2a: Hindenburg|91\/100|[from] item: Life Orb\n|\n|upkeep\n|turn|9\n|\n|t:|1662830264\n|move|p1a: Zarude|U-turn|p2a: Hindenburg\n|-supereffective|p2a: Hindenburg\n|-damage|p2a: Hindenburg|0 fnt\n|replace|p2a: Himiko Toga|Zoroark, F, shiny\n|-end|p2a: Himiko Toga|Illusion\n|faint|p2a: Himiko Toga\n|c|\u2606Mauoomba|oh im dumb\n|c|\u2606Mauoomba|fuck me\n|\n|t:|1662830289\n|switch|p1a: Gallade|Gallade, M, shiny|100\/100|[from]move: U-turn\n|-damage|p1a: Gallade|88\/100|[from] Spikes\n|\n|upkeep\n|\n|t:|1662830294\n|switch|p2a: Present Mic|Noivern, M, shiny|100\/100\n|turn|10\n|\n|t:|1662830354\n|detailschange|p1a: Gallade|Gallade-Mega, M, shiny\n|-mega|p1a: Gallade|Gallade|Galladite\n|move|p2a: Present Mic|Air Slash|p1a: Gallade\n|-supereffective|p1a: Gallade\n|-damage|p1a: Gallade|0 fnt\n|faint|p1a: Gallade\n|\n|upkeep\n|\n|t:|1662830358\n|switch|p1a: Spectrier|Spectrier|100\/100\n|-damage|p1a: Spectrier|88\/100|[from] Spikes\n|turn|11\n|\n|t:|1662830363\n|switch|p2a: Recovery Girl|Blissey, F|14\/100\n|move|p1a: Spectrier|Calm Mind|p1a: Spectrier\n|-boost|p1a: Spectrier|spa|1\n|-boost|p1a: Spectrier|spd|1\n|\n|-heal|p1a: Spectrier|94\/100|[from] item: Leftovers\n|-heal|p2a: Recovery Girl|20\/100|[from] item: Leftovers\n|upkeep\n|turn|12\n|\n|t:|1662830368\n|move|p1a: Spectrier|Taunt|p2a: Recovery Girl\n|-start|p2a: Recovery Girl|move: Taunt\n|cant|p2a: Recovery Girl|move: Taunt|Soft-Boiled\n|\n|-heal|p1a: Spectrier|100\/100|[from] item: Leftovers\n|-heal|p2a: Recovery Girl|26\/100|[from] item: Leftovers\n|upkeep\n|turn|13\n|\n|t:|1662830371\n|move|p1a: Spectrier|Calm Mind|p1a: Spectrier\n|-boost|p1a: Spectrier|spa|1\n|-boost|p1a: Spectrier|spd|1\n|move|p2a: Recovery Girl|Shadow Ball|p1a: Spectrier\n|-supereffective|p1a: Spectrier\n|-damage|p1a: Spectrier|87\/100\n|\n|-heal|p1a: Spectrier|93\/100|[from] item: Leftovers\n|-heal|p2a: Recovery Girl|32\/100|[from] item: Leftovers\n|upkeep\n|turn|14\n|c|\u2606Mauoomba|gg\n|\n|t:|1662830378\n|move|p1a: Spectrier|Substitute|p1a: Spectrier\n|-start|p1a: Spectrier|Substitute\n|-damage|p1a: Spectrier|68\/100\n|move|p2a: Recovery Girl|Seismic Toss|p1a: Spectrier\n|-immune|p1a: Spectrier\n|\n|-heal|p1a: Spectrier|75\/100|[from] item: Leftovers\n|-heal|p2a: Recovery Girl|38\/100|[from] item: Leftovers\n|-end|p2a: Recovery Girl|move: Taunt\n|upkeep\n|turn|15\n|\n|t:|1662830381\n|move|p1a: Spectrier|Taunt|p2a: Recovery Girl\n|-start|p2a: Recovery Girl|move: Taunt\n|cant|p2a: Recovery Girl|move: Taunt|Soft-Boiled\n|\n|-heal|p1a: Spectrier|81\/100|[from] item: Leftovers\n|-heal|p2a: Recovery Girl|44\/100|[from] item: Leftovers\n|upkeep\n|turn|16\n|\n|t:|1662830384\n|move|p1a: Spectrier|Dark Pulse|p2a: Recovery Girl\n|-damage|p2a: Recovery Girl|26\/100\n|move|p2a: Recovery Girl|Shadow Ball|p1a: Spectrier\n|-supereffective|p1a: Spectrier\n|-activate|p1a: Spectrier|move: Substitute|[damage]\n|\n|-heal|p1a: Spectrier|87\/100|[from] item: Leftovers\n|-heal|p2a: Recovery Girl|32\/100|[from] item: Leftovers\n|upkeep\n|turn|17\n|\n|t:|1662830388\n|move|p1a: Spectrier|Dark Pulse|p2a: Recovery Girl\n|-damage|p2a: Recovery Girl|14\/100\n|move|p2a: Recovery Girl|Shadow Ball|p1a: Spectrier\n|-supereffective|p1a: Spectrier\n|-end|p1a: Spectrier|Substitute\n|\n|-heal|p1a: Spectrier|93\/100|[from] item: Leftovers\n|-heal|p2a: Recovery Girl|20\/100|[from] item: Leftovers\n|-end|p2a: Recovery Girl|move: Taunt\n|upkeep\n|turn|18\n|\n|t:|1662830392\n|move|p1a: Spectrier|Taunt|p2a: Recovery Girl\n|-start|p2a: Recovery Girl|move: Taunt\n|move|p2a: Recovery Girl|Shadow Ball|p1a: Spectrier\n|-supereffective|p1a: Spectrier\n|-damage|p1a: Spectrier|80\/100\n|\n|-heal|p1a: Spectrier|86\/100|[from] item: Leftovers\n|-heal|p2a: Recovery Girl|26\/100|[from] item: Leftovers\n|upkeep\n|turn|19\n|\n|t:|1662830395\n|move|p1a: Spectrier|Dark Pulse|p2a: Recovery Girl\n|-damage|p2a: Recovery Girl|7\/100\n|move|p2a: Recovery Girl|Shadow Ball|p1a: Spectrier\n|-supereffective|p1a: Spectrier\n|-damage|p1a: Spectrier|72\/100\n|\n|-heal|p1a: Spectrier|78\/100|[from] item: Leftovers\n|-heal|p2a: Recovery Girl|13\/100|[from] item: Leftovers\n|upkeep\n|turn|20\n|\n|t:|1662830410\n|move|p1a: Spectrier|Dark Pulse|p2a: Recovery Girl\n|-damage|p2a: Recovery Girl|0 fnt\n|faint|p2a: Recovery Girl\n|-ability|p1a: Spectrier|Grim Neigh|boost\n|-boost|p1a: Spectrier|spa|1\n|\n|-heal|p1a: Spectrier|84\/100|[from] item: Leftovers\n|upkeep\n|\n|t:|1662830418\n|switch|p2a: Lady Kaguya|Diancie|100\/100\n|turn|21\n|\n|t:|1662830423\n|detailschange|p2a: Lady Kaguya|Diancie-Mega\n|-mega|p2a: Lady Kaguya|Diancie|Diancite\n|move|p1a: Spectrier|Dark Pulse|p2a: Lady Kaguya\n|-resisted|p2a: Lady Kaguya\n|-damage|p2a: Lady Kaguya|60\/100\n|move|p2a: Lady Kaguya|Diamond Storm|p1a: Spectrier\n|-damage|p1a: Spectrier|19\/100\n|-boost|p2a: Lady Kaguya|def|2\n|\n|-heal|p1a: Spectrier|25\/100|[from] item: Leftovers\n|upkeep\n|turn|22\n|\n|t:|1662830431\n|move|p1a: Spectrier|Dark Pulse|p2a: Lady Kaguya\n|-resisted|p2a: Lady Kaguya\n|-damage|p2a: Lady Kaguya|19\/100\n|move|p2a: Lady Kaguya|Diamond Storm|p1a: Spectrier\n|-damage|p1a: Spectrier|0 fnt\n|faint|p1a: Spectrier\n|\n|upkeep\n|\n|t:|1662830438\n|switch|p1a: Clefable|Clefable, M|68\/100\n|turn|23\n|\n|t:|1662830448\n|switch|p2a: Hindenburg|Celesteela|44\/100\n|move|p1a: Clefable|Soft-Boiled|p1a: Clefable\n|-heal|p1a: Clefable|100\/100\n|\n|-heal|p2a: Hindenburg|50\/100|[from] item: Leftovers\n|upkeep\n|turn|24\n|\n|t:|1662830451\n|move|p2a: Hindenburg|Iron Head|p1a: Clefable\n|-supereffective|p1a: Clefable\n|-damage|p1a: Clefable|39\/100\n|cant|p1a: Clefable|flinch\n|\n|-heal|p2a: Hindenburg|56\/100|[from] item: Leftovers\n|upkeep\n|turn|25\n|\n|t:|1662830457\n|move|p2a: Hindenburg|Iron Head|p1a: Clefable\n|-supereffective|p1a: Clefable\n|-damage|p1a: Clefable|0 fnt\n|faint|p1a: Clefable\n|-ability|p2a: Hindenburg|Beast Boost|boost\n|-boost|p2a: Hindenburg|def|1\n|\n|-heal|p2a: Hindenburg|62\/100|[from] item: Leftovers\n|upkeep\n|\n|t:|1662830459\n|switch|p1a: Zygarde|Zygarde-10%|76\/100\n|-damage|p1a: Zygarde|63\/100|[from] Spikes\n|-ability|p1a: Zygarde|Aura Break\n|turn|26\n|\n|t:|1662830472\n|move|p1a: Zygarde|Thousand Arrows|p2a: Hindenburg\n|-damage|p2a: Hindenburg|37\/100\n|-start|p2a: Hindenburg|Smack Down\n|move|p2a: Hindenburg|Earthquake|p1a: Zygarde\n|-damage|p1a: Zygarde|22\/100\n|\n|-heal|p2a: Hindenburg|43\/100|[from] item: Leftovers\n|upkeep\n|turn|27\n|\n|t:|1662830478\n|move|p1a: Zygarde|Thousand Arrows|p2a: Hindenburg\n|-supereffective|p2a: Hindenburg\n|-damage|p2a: Hindenburg|0 fnt\n|faint|p2a: Hindenburg\n|\n|upkeep\n|\n|t:|1662830491\n|switch|p2a: Present Mic|Noivern, M, shiny|100\/100\n|turn|28\n|\n|t:|1662830494\n|move|p2a: Present Mic|Air Slash|p1a: Zygarde\n|-damage|p1a: Zygarde|0 fnt\n|faint|p1a: Zygarde\n|\n|upkeep\n|\n|t:|1662830496\n|switch|p1a: Zarude|Zarude|64\/100\n|-damage|p1a: Zarude|51\/100|[from] Spikes\n|turn|29\n|\n|t:|1662830502\n|move|p1a: Zarude|Darkest Lariat|p2a: Present Mic\n|-damage|p2a: Present Mic|52\/100\n|move|p2a: Present Mic|Air Slash|p1a: Zarude\n|-supereffective|p1a: Zarude\n|-damage|p1a: Zarude|0 fnt\n|faint|p1a: Zarude\n|\n|win|Mauoomba\n|c|\u2606Mauoomba|gg\n|c|\u2606rooopos|gg\n|c|\u2606Mauoomba|i trolled so hard oh my god\n","uploadtime":1662830515,"views":23,"p1id":"rooopos","p2id":"mauoomba","formatid":"gen8nationaldexdraft","rating":0,"private":0,"password":null}