{"id":"sports-gen8nationaldexdraft-703775","p1":"Johnrowing","p2":"DjezzeMwoan","format":"gen8nationaldexdraft","log":"|j|\u2606Johnrowing\n|j|\u2606DjezzeMwoan\n|t:|1659896227\n|gametype|singles\n|player|p1|Johnrowing|mars|\n|player|p2|DjezzeMwoan|gambler|\n|teamsize|p1|6\n|teamsize|p2|6\n|gen|8\n|tier|[Gen 8] National Dex Draft\n|rule|Sleep Clause Mod: Limit one foe put to sleep\n|rule|OHKO Clause: OHKO moves are banned\n|rule|Evasion Moves Clause: Evasion moves are banned\n|rule|Endless Battle Clause: Forcing endless battles is banned\n|rule|HP Percentage Mod: HP is shown in percentages\n|rule|Dynamax Clause: You cannot dynamax\n|clearpoke\n|poke|p1|Regieleki|\n|poke|p1|Gardevoir, M|\n|poke|p1|Jirachi|\n|poke|p1|Blastoise, M|\n|poke|p1|Zygarde|\n|poke|p1|Reshiram|\n|poke|p2|Mewtwo|\n|poke|p2|Hydreigon, F|\n|poke|p2|Lycanroc-Dusk, M|\n|poke|p2|Infernape, F|\n|poke|p2|Greninja, F|\n|poke|p2|Gligar, F|\n|teampreview\n|html|<button name=\"send\" class=\"button\" value=\"\/timer ds\"><i class=\"fa fa-hourglass-start\"><\/i> DS Timer<\/button> <button name=\"send\" class=\"button\" value=\"\/timer smogon\"><i class=\"fa fa-hourglass-start\"><\/i> Smogon Timer<\/button>\n|c|\u2606Johnrowing|hf\n|c|\u2606DjezzeMwoan|glhf\n|\n|t:|1659896309\n|start\n|switch|p1a: Jirachi|Jirachi|100\/100\n|switch|p2a: Ty Lee|Greninja, F|100\/100\n|turn|1\n|\n|t:|1659896332\n|move|p2a: Ty Lee|U-turn|p1a: Jirachi\n|-start|p2a: Ty Lee|typechange|Bug|[from] ability: Protean\n|-damage|p1a: Jirachi|80\/100\n|\n|t:|1659896355\n|switch|p2a: Azula|Hydreigon, F|100\/100|[from]move: U-turn\n|move|p1a: Jirachi|U-turn|p2a: Azula\n|-supereffective|p2a: Azula\n|-damage|p2a: Azula|50\/100\n|\n|t:|1659896387\n|switch|p1a: Zygarde|Zygarde|100\/100|[from]move: U-turn\n|\n|upkeep\n|turn|2\n|\n|t:|1659896402\n|move|p2a: Azula|Draco Meteor|p1a: Zygarde\n|-supereffective|p1a: Zygarde\n|-enditem|p1a: Zygarde|Haban Berry|[eat]\n|-enditem|p1a: Zygarde|Haban Berry|[weaken]\n|-damage|p1a: Zygarde|17\/100\n|-unboost|p2a: Azula|spa|2\n|-damage|p2a: Azula|40\/100|[from] item: Life Orb\n|move|p1a: Zygarde|Breaking Swipe|p2a: Azula\n|-supereffective|p2a: Azula\n|-damage|p2a: Azula|0 fnt\n|faint|p2a: Azula\n|\n|-activate|p1a: Zygarde|ability: Power Construct\n|detailschange|p1a: Zygarde|Zygarde-Complete\n|-heal|p1a: Zygarde|47\/100|[silent]\n|upkeep\n|\n|t:|1659896416\n|switch|p2a: Ty Lee|Greninja, F|100\/100\n|turn|3\n|\n|t:|1659896438\n|switch|p1a: Jirachi|Jirachi|80\/100\n|move|p2a: Ty Lee|U-turn|p1a: Jirachi\n|-start|p2a: Ty Lee|typechange|Bug|[from] ability: Protean\n|-damage|p1a: Jirachi|61\/100\n|\n|t:|1659896487\n|switch|p2a: Sokka|Gligar, F, shiny|100\/100|[from]move: U-turn\n|\n|-heal|p1a: Jirachi|67\/100|[from] item: Leftovers\n|upkeep\n|turn|4\n|\n|t:|1659896501\n|move|p1a: Jirachi|Stealth Rock|p2a: Sokka\n|-sidestart|p2: DjezzeMwoan|move: Stealth Rock\n|move|p2a: Sokka|Earthquake|p1a: Jirachi\n|-supereffective|p1a: Jirachi\n|-damage|p1a: Jirachi|18\/100\n|\n|-heal|p1a: Jirachi|24\/100|[from] item: Leftovers\n|upkeep\n|turn|5\n|\n|t:|1659896507\n|move|p1a: Jirachi|U-turn|p2a: Sokka\n|-resisted|p2a: Sokka\n|-damage|p2a: Sokka|94\/100\n|\n|t:|1659896509\n|switch|p1a: Zygarde|Zygarde-Complete|47\/100|[from]move: U-turn\n|move|p2a: Sokka|Defog|p1a: Zygarde\n|-unboost|p1a: Zygarde|evasion|1\n|-sideend|p2: DjezzeMwoan|Stealth Rock|[from] move: Defog|[of] p2a: Sokka\n|\n|upkeep\n|turn|6\n|\n|t:|1659896534\n|move|p1a: Zygarde|Dragon Dance|p1a: Zygarde\n|-boost|p1a: Zygarde|atk|1\n|-boost|p1a: Zygarde|spe|1\n|move|p2a: Sokka|U-turn|p1a: Zygarde\n|-damage|p1a: Zygarde|40\/100\n|\n|t:|1659896537\n|switch|p2a: Ty Lee|Greninja, F|100\/100|[from]move: U-turn\n|\n|upkeep\n|turn|7\n|\n|t:|1659896544\n|switch|p1a: Blastoise|Blastoise, M|100\/100\n|move|p2a: Ty Lee|Ice Beam|p1a: Blastoise\n|-start|p2a: Ty Lee|typechange|Ice|[from] ability: Protean\n|-resisted|p1a: Blastoise\n|-damage|p1a: Blastoise|83\/100\n|\n|upkeep\n|turn|8\n|\n|t:|1659896551\n|switch|p2a: Toph|Lycanroc-Dusk, M|100\/100\n|detailschange|p1a: Blastoise|Blastoise-Mega, M\n|-mega|p1a: Blastoise|Blastoise|Blastoisinite\n|move|p1a: Blastoise|Shell Smash|p1a: Blastoise\n|-unboost|p1a: Blastoise|def|1\n|-unboost|p1a: Blastoise|spd|1\n|-boost|p1a: Blastoise|atk|2\n|-boost|p1a: Blastoise|spa|2\n|-boost|p1a: Blastoise|spe|2\n|\n|upkeep\n|turn|9\n|\n|t:|1659896608\n|move|p1a: Blastoise|Water Pulse|p2a: Toph\n|-supereffective|p2a: Toph\n|-enditem|p2a: Toph|Focus Sash\n|-damage|p2a: Toph|1\/100\n|move|p2a: Toph|Close Combat|p1a: Blastoise\n|-damage|p1a: Blastoise|21\/100\n|-unboost|p2a: Toph|def|1\n|-unboost|p2a: Toph|spd|1\n|\n|upkeep\n|turn|10\n|\n|t:|1659896631\n|move|p1a: Blastoise|Water Pulse|p2a: Toph\n|-supereffective|p2a: Toph\n|-damage|p2a: Toph|0 fnt\n|faint|p2a: Toph\n|\n|upkeep\n|\n|t:|1659896634\n|switch|p2a: Ty Lee|Greninja, F|100\/100\n|turn|11\n|\n|t:|1659896650\n|switch|p1a: Jirachi|Jirachi|24\/100\n|move|p2a: Ty Lee|U-turn|p1a: Jirachi\n|-start|p2a: Ty Lee|typechange|Bug|[from] ability: Protean\n|-damage|p1a: Jirachi|5\/100\n|\n|t:|1659896654\n|switch|p2a: Zuko|Infernape, F|100\/100|[from]move: U-turn\n|\n|-heal|p1a: Jirachi|11\/100|[from] item: Leftovers\n|upkeep\n|turn|12\n|\n|t:|1659896666\n|move|p2a: Zuko|Earthquake|p1a: Jirachi\n|-supereffective|p1a: Jirachi\n|-damage|p1a: Jirachi|0 fnt\n|faint|p1a: Jirachi\n|-damage|p2a: Zuko|91\/100|[from] item: Life Orb\n|\n|upkeep\n|\n|t:|1659896742\n|switch|p1a: Gardevoir|Gardevoir, M|100\/100\n|-ability|p1a: Gardevoir|Blaze|[from] ability: Trace|[of] p2a: Zuko\n|turn|13\n|\n|t:|1659896745\n|move|p1a: Gardevoir|Psychic|p2a: Zuko\n|-supereffective|p2a: Zuko\n|-damage|p2a: Zuko|0 fnt\n|faint|p2a: Zuko\n|\n|upkeep\n|\n|t:|1659896751\n|switch|p2a: Roku|Mewtwo|100\/100\n|-ability|p2a: Roku|Unnerve\n|turn|14\n|\n|t:|1659896764\n|switch|p1a: Reshiram|Reshiram|100\/100\n|-ability|p1a: Reshiram|Turboblaze\n|move|p2a: Roku|Calm Mind|p2a: Roku\n|-boost|p2a: Roku|spa|1\n|-boost|p2a: Roku|spd|1\n|\n|upkeep\n|turn|15\n|\n|t:|1659896769\n|move|p2a: Roku|Calm Mind|p2a: Roku\n|-boost|p2a: Roku|spa|1\n|-boost|p2a: Roku|spd|1\n|move|p1a: Reshiram|Dragon Dance|p1a: Reshiram\n|-boost|p1a: Reshiram|atk|1\n|-boost|p1a: Reshiram|spe|1\n|\n|upkeep\n|turn|16\n|\n|t:|1659896818\n|move|p1a: Reshiram|Dragon Claw|p2a: Roku\n|-damage|p2a: Roku|46\/100\n|move|p2a: Roku|Tri Attack|p1a: Reshiram\n|-damage|p1a: Reshiram|60\/100\n|\n|-heal|p2a: Roku|52\/100|[from] item: Leftovers\n|upkeep\n|turn|17\n|\n|t:|1659896835\n|switch|p2a: Ty Lee|Greninja, F|100\/100\n|move|p1a: Reshiram|Dragon Claw|p2a: Ty Lee\n|-damage|p2a: Ty Lee|0 fnt\n|faint|p2a: Ty Lee\n|\n|upkeep\n|\n|t:|1659896837\n|switch|p2a: Sokka|Gligar, F, shiny|94\/100\n|turn|18\n|\n|t:|1659896872\n|switch|p1a: Gardevoir|Gardevoir, M|100\/100\n|-ability|p1a: Gardevoir|Immunity|[from] ability: Trace|[of] p2a: Sokka\n|move|p2a: Sokka|Earthquake|p1a: Gardevoir\n|-damage|p1a: Gardevoir|51\/100\n|\n|upkeep\n|turn|19\n|\n|t:|1659896881\n|move|p1a: Gardevoir|Moonblast|p2a: Sokka\n|-damage|p2a: Sokka|60\/100\n|move|p2a: Sokka|U-turn|p1a: Gardevoir\n|-damage|p1a: Gardevoir|31\/100\n|\n|t:|1659896884\n|switch|p2a: Roku|Mewtwo|52\/100|[from]move: U-turn\n|-ability|p2a: Roku|Unnerve\n|\n|-heal|p2a: Roku|58\/100|[from] item: Leftovers\n|upkeep\n|turn|20\n|\n|t:|1659896917\n|move|p1a: Gardevoir|Moonblast|p2a: Roku\n|-damage|p2a: Roku|16\/100\n|move|p2a: Roku|Calm Mind|p2a: Roku\n|-boost|p2a: Roku|spa|1\n|-boost|p2a: Roku|spd|1\n|\n|-heal|p2a: Roku|23\/100|[from] item: Leftovers\n|upkeep\n|turn|21\n|\n|t:|1659896930\n|switch|p2a: Sokka|Gligar, F, shiny|60\/100\n|move|p1a: Gardevoir|Moonblast|p2a: Sokka\n|-damage|p2a: Sokka|30\/100\n|\n|upkeep\n|turn|22\n|\n|t:|1659896936\n|move|p1a: Gardevoir|Moonblast|p2a: Sokka\n|-damage|p2a: Sokka|0 fnt\n|faint|p2a: Sokka\n|\n|upkeep\n|c|\u2606DjezzeMwoan|gg\n|\n|t:|1659896939\n|switch|p2a: Roku|Mewtwo|23\/100\n|-ability|p2a: Roku|Unnerve\n|turn|23\n|\n|t:|1659896941\n|move|p1a: Gardevoir|Moonblast|p2a: Roku\n|-damage|p2a: Roku|0 fnt\n|faint|p2a: Roku\n|\n|win|Johnrowing\n|c|\u2606Johnrowing|gg\n","uploadtime":1659896946,"views":17,"p1id":"johnrowing","p2id":"djezzemwoan","formatid":"gen8nationaldexdraft","rating":0,"private":0,"password":null}