{"id":"sports-gen8nationaldexunrestricted-735569","p1":"Elon Musk Rusk","p2":"kaasiskaas","format":"gen8nationaldexunrestricted","log":"|j|\u2606Elon Musk Rusk\n|j|\u2606kaasiskaas\n|t:|1664738336\n|gametype|singles\n|player|p1|Elon Musk Rusk|102|\n|player|p2|kaasiskaas|265|\n|teamsize|p1|6\n|teamsize|p2|6\n|gen|8\n|tier|[Gen 8] National Dex Unrestricted\n|rule|Sleep Clause Mod: Limit one foe put to sleep\n|rule|OHKO Clause: OHKO moves are banned\n|rule|Evasion Moves Clause: Evasion moves are banned\n|rule|Endless Battle Clause: Forcing endless battles is banned\n|rule|HP Percentage Mod: HP is shown in percentages\n|clearpoke\n|poke|p1|Cinderace, F|\n|poke|p1|Suicune|\n|poke|p1|Xurkitree|\n|poke|p1|Porygon|\n|poke|p1|Steelix, M|\n|poke|p1|Arceus-*|\n|poke|p2|Volcarona, F|\n|poke|p2|Zapdos|\n|poke|p2|Mawile, M|\n|poke|p2|Swampert, M|\n|poke|p2|Tsareena, F|\n|poke|p2|Latios, M|\n|teampreview\n|html|<button name=\"send\" class=\"button\" value=\"\/timer ds\"><i class=\"fa fa-hourglass-start\"><\/i> DS Timer<\/button> <button name=\"send\" class=\"button\" value=\"\/timer smogon\"><i class=\"fa fa-hourglass-start\"><\/i> Smogon Timer<\/button>\n|j| Steven304\n|c|\u2606kaasiskaas|gl,hf\n|\n|t:|1664738354\n|start\n|switch|p1a: Arceus|Arceus-Bug|100\/100\n|switch|p2a: Tsareena|Tsareena, F|100\/100\n|-ability|p2a: Tsareena|Intrepid Sword|boost\n|-boost|p2a: Tsareena|atk|1\n|turn|1\n|\n|t:|1664738362\n|move|p2a: Tsareena|U-turn|p1a: Arceus\n|-damage|p1a: Arceus|76\/100\n|\n|t:|1664738364\n|switch|p2a: Zapdos|Zapdos|100\/100|[from]move: U-turn\n|move|p1a: Arceus|U-turn|p2a: Zapdos\n|-resisted|p2a: Zapdos\n|-damage|p2a: Zapdos|86\/100\n|\n|t:|1664738368\n|switch|p1a: Xurkitree|Xurkitree|100\/100|[from]move: U-turn\n|\n|upkeep\n|turn|2\n|\n|t:|1664738374\n|move|p1a: Xurkitree|Hypnosis|p2a: Zapdos\n|-status|p2a: Zapdos|slp|[from] move: Hypnosis\n|cant|p2a: Zapdos|slp\n|\n|upkeep\n|turn|3\n|\n|t:|1664738381\n|switch|p2a: Tsareena|Tsareena, F|100\/100\n|-ability|p2a: Tsareena|Intrepid Sword|boost\n|-boost|p2a: Tsareena|atk|1\n|move|p1a: Xurkitree|Hypnosis|p2a: Tsareena\n|-message|Sleep Clause Mod activated.\n|\n|upkeep\n|turn|4\n|c|\u2606kaasiskaas|heh\n|\n|t:|1664738391\n|switch|p1a: Steelix|Steelix, M|100\/100\n|move|p2a: Tsareena|Power Whip|p1a: Steelix\n|-damage|p1a: Steelix|55\/100\n|\n|upkeep\n|turn|5\n|\n|t:|1664738401\n|switch|p1a: Cinderace|Cinderace, F|100\/100\n|move|p2a: Tsareena|Power Whip|p1a: Cinderace|[miss]\n|-miss|p2a: Tsareena|p1a: Cinderace\n|\n|upkeep\n|turn|6\n|\n|t:|1664738412\n|switch|p2a: Swampert|Swampert, M|100\/100\n|move|p1a: Cinderace|U-turn|p2a: Swampert\n|-start|p1a: Cinderace|typechange|Bug|[from] ability: Libero\n|-damage|p2a: Swampert|77\/100\n|\n|t:|1664738419\n|switch|p1a: Xurkitree|Xurkitree|100\/100|[from]move: U-turn\n|\n|-heal|p2a: Swampert|83\/100|[from] item: Leftovers\n|upkeep\n|turn|7\n|\n|t:|1664738430\n|switch|p2a: Tsareena|Tsareena, F|100\/100\n|-ability|p2a: Tsareena|Intrepid Sword|boost\n|-boost|p2a: Tsareena|atk|1\n|move|p1a: Xurkitree|Energy Ball|p2a: Tsareena\n|-resisted|p2a: Tsareena\n|-damage|p2a: Tsareena|77\/100\n|\n|upkeep\n|turn|8\n|\n|t:|1664738437\n|switch|p1a: Cinderace|Cinderace, F|100\/100\n|move|p2a: Tsareena|Knock Off|p1a: Cinderace\n|-damage|p1a: Cinderace|30\/100\n|-enditem|p1a: Cinderace|Choice Scarf|[from] move: Knock Off|[of] p2a: Tsareena\n|\n|upkeep\n|turn|9\n|\n|t:|1664738447\n|switch|p1a: Arceus|Arceus-Bug|76\/100\n|move|p2a: Tsareena|Knock Off|p1a: Arceus\n|-damage|p1a: Arceus|52\/100\n|\n|upkeep\n|turn|10\n|\n|t:|1664738451\n|switch|p2a: Zapdos|Zapdos|86\/100 slp\n|move|p1a: Arceus|Ice Beam|p2a: Zapdos\n|-supereffective|p2a: Zapdos\n|-damage|p2a: Zapdos|46\/100 slp\n|\n|upkeep\n|turn|11\n|\n|t:|1664738459\n|switch|p2a: Mawile|Mawile, M|100\/100\n|-ability|p2a: Mawile|Intimidate|boost\n|-unboost|p1a: Arceus|atk|1\n|move|p1a: Arceus|Ice Beam|p2a: Mawile\n|-resisted|p2a: Mawile\n|-damage|p2a: Mawile|72\/100\n|\n|upkeep\n|turn|12\n|\n|t:|1664738465\n|detailschange|p2a: Mawile|Mawile-Mega, M\n|-mega|p2a: Mawile|Mawile|Mawilite\n|move|p2a: Mawile|Sucker Punch|p1a: Arceus\n|-damage|p1a: Arceus|16\/100\n|move|p1a: Arceus|Earth Power|p2a: Mawile\n|-supereffective|p2a: Mawile\n|-damage|p2a: Mawile|0 fnt\n|faint|p2a: Mawile\n|\n|upkeep\n|\n|t:|1664738474\n|switch|p2a: Volcarona|Volcarona, F|100\/100\n|turn|13\n|\n|t:|1664738481\n|switch|p1a: Suicune|Suicune|100\/100\n|-ability|p1a: Suicune|Pressure\n|move|p2a: Volcarona|Quiver Dance|p2a: Volcarona\n|-boost|p2a: Volcarona|spa|1\n|-boost|p2a: Volcarona|spd|1\n|-boost|p2a: Volcarona|spe|1\n|\n|upkeep\n|turn|14\n|c|\u2606kaasiskaas|forgot how bulky that thing is\n|\n|t:|1664738488\n|move|p2a: Volcarona|Giga Drain|p1a: Suicune\n|-supereffective|p1a: Suicune\n|-damage|p1a: Suicune|53\/100\n|move|p1a: Suicune|Toxic|p2a: Volcarona\n|-status|p2a: Volcarona|tox\n|\n|-heal|p1a: Suicune|59\/100|[from] item: Leftovers\n|-damage|p2a: Volcarona|94\/100 tox|[from] psn\n|upkeep\n|turn|15\n|\n|t:|1664738493\n|move|p2a: Volcarona|Quiver Dance|p2a: Volcarona\n|-boost|p2a: Volcarona|spa|1\n|-boost|p2a: Volcarona|spd|1\n|-boost|p2a: Volcarona|spe|1\n|move|p1a: Suicune|Wish|p1a: Suicune\n|\n|-heal|p1a: Suicune|65\/100|[from] item: Leftovers\n|-damage|p2a: Volcarona|82\/100 tox|[from] psn\n|upkeep\n|turn|16\n|\n|t:|1664738506\n|move|p2a: Volcarona|Quiver Dance|p2a: Volcarona\n|-boost|p2a: Volcarona|spa|1\n|-boost|p2a: Volcarona|spd|1\n|-boost|p2a: Volcarona|spe|1\n|move|p1a: Suicune|Scald|p2a: Volcarona\n|-supereffective|p2a: Volcarona\n|-damage|p2a: Volcarona|61\/100 tox\n|\n|-heal|p1a: Suicune|100\/100|[from] move: Wish|[wisher] Suicune\n|-damage|p2a: Volcarona|43\/100 tox|[from] psn\n|upkeep\n|turn|17\n|\n|t:|1664738511\n|move|p1a: Suicune|Protect|p1a: Suicune\n|-singleturn|p1a: Suicune|Protect\n|move|p2a: Volcarona|Giga Drain|p1a: Suicune\n|-activate|p1a: Suicune|move: Protect\n|\n|-damage|p2a: Volcarona|19\/100 tox|[from] psn\n|upkeep\n|turn|18\n|\n|t:|1664738517\n|switch|p1a: Porygon|Porygon|100\/100\n|move|p2a: Volcarona|Giga Drain|p1a: Porygon\n|-damage|p1a: Porygon|53\/100\n|-heal|p2a: Volcarona|44\/100 tox|[from] drain|[of] p1a: Porygon\n|\n|-damage|p2a: Volcarona|14\/100 tox|[from] psn\n|upkeep\n|turn|19\n|\n|t:|1664738526\n|move|p2a: Volcarona|Searing Shot|p1a: Porygon\n|-damage|p1a: Porygon|0 fnt\n|faint|p1a: Porygon\n|\n|-damage|p2a: Volcarona|0 fnt|[from] psn\n|faint|p2a: Volcarona\n|upkeep\n|\n|t:|1664738545\n|switch|p2a: Tsareena|Tsareena, F|77\/100\n|switch|p1a: Suicune|Suicune|100\/100\n|-ability|p2a: Tsareena|Intrepid Sword|boost\n|-boost|p2a: Tsareena|atk|1\n|-ability|p1a: Suicune|Pressure\n|turn|20\n|\n|t:|1664738548\n|move|p1a: Suicune|Protect|p1a: Suicune\n|-singleturn|p1a: Suicune|Protect\n|move|p2a: Tsareena|Power Whip|p1a: Suicune\n|-activate|p1a: Suicune|move: Protect\n|\n|upkeep\n|turn|21\n|\n|t:|1664738559\n|switch|p1a: Arceus|Arceus-Bug|16\/100\n|move|p2a: Tsareena|Power Whip|p1a: Arceus\n|-resisted|p1a: Arceus\n|-damage|p1a: Arceus|0 fnt\n|faint|p1a: Arceus\n|\n|upkeep\n|\n|t:|1664738567\n|switch|p1a: Steelix|Steelix, M|55\/100\n|turn|22\n|\n|t:|1664738570\n|detailschange|p1a: Steelix|Steelix-Mega, M\n|-mega|p1a: Steelix|Steelix|Steelixite\n|move|p2a: Tsareena|Power Whip|p1a: Steelix\n|-damage|p1a: Steelix|13\/100\n|move|p1a: Steelix|Shore Up|p1a: Steelix\n|-heal|p1a: Steelix|63\/100\n|\n|upkeep\n|turn|23\n|\n|t:|1664738579\n|switch|p1a: Xurkitree|Xurkitree|100\/100\n|move|p2a: Tsareena|Power Whip|p1a: Xurkitree\n|-damage|p1a: Xurkitree|0 fnt\n|faint|p1a: Xurkitree\n|\n|upkeep\n|\n|t:|1664738582\n|switch|p1a: Steelix|Steelix-Mega, M|63\/100\n|turn|24\n|\n|t:|1664738584\n|move|p2a: Tsareena|Power Whip|p1a: Steelix\n|-damage|p1a: Steelix|26\/100\n|move|p1a: Steelix|Gyro Ball|p2a: Tsareena\n|-crit|p2a: Tsareena\n|-damage|p2a: Tsareena|0 fnt\n|faint|p2a: Tsareena\n|\n|upkeep\n|\n|t:|1664738597\n|switch|p2a: Latios|Latios, M|100\/100\n|turn|25\n|\n|t:|1664738600\n|switch|p1a: Suicune|Suicune|100\/100\n|-ability|p1a: Suicune|Pressure\n|move|p2a: Latios|Aura Sphere|p1a: Suicune\n|-damage|p1a: Suicune|83\/100\n|\n|-heal|p1a: Suicune|89\/100|[from] item: Leftovers\n|upkeep\n|turn|26\n|\n|t:|1664738610\n|switch|p2a: Zapdos|Zapdos|46\/100 slp\n|move|p1a: Suicune|Toxic||[still]\n|-fail|p1a: Suicune\n|\n|-heal|p1a: Suicune|95\/100|[from] item: Leftovers\n|upkeep\n|turn|27\n|\n|t:|1664738614\n|switch|p1a: Cinderace|Cinderace, F|30\/100\n|-curestatus|p2a: Zapdos|slp|[msg]\n|move|p2a: Zapdos|Roost|p2a: Zapdos\n|-heal|p2a: Zapdos|96\/100\n|-singleturn|p2a: Zapdos|move: Roost\n|\n|upkeep\n|turn|28\n|\n|t:|1664738628\n|move|p1a: Cinderace|Gunk Shot|p2a: Zapdos\n|-start|p1a: Cinderace|typechange|Poison|[from] ability: Libero\n|-damage|p2a: Zapdos|40\/100\n|move|p2a: Zapdos|Roost|p2a: Zapdos\n|-heal|p2a: Zapdos|90\/100\n|-singleturn|p2a: Zapdos|move: Roost\n|\n|upkeep\n|turn|29\n|\n|t:|1664738635\n|switch|p2a: Swampert|Swampert, M|83\/100\n|move|p1a: Cinderace|Gunk Shot|p2a: Swampert\n|-resisted|p2a: Swampert\n|-damage|p2a: Swampert|63\/100\n|-status|p2a: Swampert|psn\n|\n|-heal|p2a: Swampert|69\/100 psn|[from] item: Leftovers\n|-damage|p2a: Swampert|57\/100 psn|[from] psn\n|upkeep\n|turn|30\n|\n|t:|1664738641\n|move|p1a: Cinderace|Trop Kick|p2a: Swampert\n|-start|p1a: Cinderace|typechange|Grass|[from] ability: Libero\n|-supereffective|p2a: Swampert\n|-damage|p2a: Swampert|0 fnt\n|faint|p2a: Swampert\n|\n|upkeep\n|\n|t:|1664738644\n|switch|p2a: Latios|Latios, M|100\/100\n|turn|31\n|\n|t:|1664738648\n|switch|p1a: Steelix|Steelix-Mega, M|26\/100\n|move|p2a: Latios|Agility|p2a: Latios\n|-boost|p2a: Latios|spe|2\n|\n|upkeep\n|turn|32\n|\n|t:|1664738654\n|move|p2a: Latios|Aura Sphere|p1a: Steelix\n|-supereffective|p1a: Steelix\n|-damage|p1a: Steelix|0 fnt\n|faint|p1a: Steelix\n|\n|upkeep\n|\n|t:|1664738656\n|switch|p1a: Suicune|Suicune|95\/100\n|-ability|p1a: Suicune|Pressure\n|turn|33\n|\n|t:|1664738661\n|move|p2a: Latios|Calm Mind|p2a: Latios\n|-boost|p2a: Latios|spa|1\n|-boost|p2a: Latios|spd|1\n|move|p1a: Suicune|Toxic|p2a: Latios\n|-status|p2a: Latios|tox\n|\n|-heal|p1a: Suicune|100\/100|[from] item: Leftovers\n|-damage|p2a: Latios|94\/100 tox|[from] psn\n|upkeep\n|turn|34\n|\n|t:|1664738664\n|move|p2a: Latios|Stored Power|p1a: Suicune\n|-damage|p1a: Suicune|51\/100\n|move|p1a: Suicune|Wish|p1a: Suicune\n|\n|-heal|p1a: Suicune|58\/100|[from] item: Leftovers\n|-damage|p2a: Latios|82\/100 tox|[from] psn\n|upkeep\n|turn|35\n|\n|t:|1664738669\n|move|p2a: Latios|Calm Mind|p2a: Latios\n|-boost|p2a: Latios|spa|1\n|-boost|p2a: Latios|spd|1\n|move|p1a: Suicune|Scald|p2a: Latios\n|-resisted|p2a: Latios\n|-damage|p2a: Latios|77\/100 tox\n|\n|-heal|p1a: Suicune|100\/100|[from] move: Wish|[wisher] Suicune\n|-damage|p2a: Latios|58\/100 tox|[from] psn\n|upkeep\n|turn|36\n|\n|t:|1664738673\n|move|p2a: Latios|Stored Power|p1a: Suicune\n|-damage|p1a: Suicune|12\/100\n|move|p1a: Suicune|Wish|p1a: Suicune\n|\n|-heal|p1a: Suicune|19\/100|[from] item: Leftovers\n|-damage|p2a: Latios|34\/100 tox|[from] psn\n|upkeep\n|turn|37\n|\n|t:|1664738680\n|move|p2a: Latios|Stored Power|p1a: Suicune\n|-damage|p1a: Suicune|0 fnt\n|faint|p1a: Suicune\n|\n|-damage|p2a: Latios|4\/100 tox|[from] psn\n|upkeep\n|\n|t:|1664738682\n|switch|p1a: Cinderace|Cinderace, F|30\/100\n|turn|38\n|\n|t:|1664738686\n|move|p2a: Latios|Stored Power|p1a: Cinderace\n|-damage|p1a: Cinderace|0 fnt\n|faint|p1a: Cinderace\n|\n|win|kaasiskaas\n|c|\u2606kaasiskaas|gg\n|c| Steven304|Ggs\n|l| Steven304\n|l|\u2606Elon Musk Rusk\n","uploadtime":1664738772,"views":11,"p1id":"elonmuskrusk","p2id":"kaasiskaas","formatid":"gen8nationaldexunrestricted","rating":0,"private":0,"password":null}