{"id":"sports-gen8nationaldexdraft-692799","p1":"Porpoise","p2":"Elon Musk Rusk","format":"gen8nationaldexdraft","log":"|j|\u2606Porpoise\n|j|\u2606Elon Musk Rusk\n|t:|1658506367\n|gametype|singles\n|player|p1|Porpoise|worker|\n|player|p2|Elon Musk Rusk|170|\n|teamsize|p1|6\n|teamsize|p2|6\n|gen|8\n|tier|[Gen 8] National Dex Draft\n|rule|Sleep Clause Mod: Limit one foe put to sleep\n|rule|OHKO Clause: OHKO moves are banned\n|rule|Evasion Moves Clause: Evasion moves are banned\n|rule|Endless Battle Clause: Forcing endless battles is banned\n|rule|HP Percentage Mod: HP is shown in percentages\n|rule|Dynamax Clause: You cannot dynamax\n|clearpoke\n|poke|p1|Roserade, F|\n|poke|p1|Hippowdon, F|\n|poke|p1|Aerodactyl, F|\n|poke|p1|Omastar, M|\n|poke|p1|Scizor, F|\n|poke|p1|Heliolisk, F|\n|poke|p2|Zapdos|\n|poke|p2|Medicham, F|\n|poke|p2|Vaporeon, F|\n|poke|p2|Whimsicott, M|\n|poke|p2|Crobat, M|\n|poke|p2|Magmortar, F|\n|teampreview\n|html|<button name=\"send\" class=\"button\" value=\"\/timer ds\"><i class=\"fa fa-hourglass-start\"><\/i> DS Timer<\/button> <button name=\"send\" class=\"button\" value=\"\/timer smogon\"><i class=\"fa fa-hourglass-start\"><\/i> Smogon Timer<\/button>\n|c|\u2606Porpoise|glhf again\n|c|\u2606Elon Musk Rusk|hf\n|j| Krock0dile\n|c| Krock0dile|Totally not scouting for Week 4\n|c| Krock0dile|And 5\n|\n|t:|1658506423\n|start\n|switch|p1a: Hasbro|Hippowdon, F|100\/100\n|switch|p2a: Medicham|Medicham, F|100\/100\n|-weather|Sandstorm|[from] ability: Sand Stream|[of] p1a: Hasbro\n|turn|1\n|j| TheAncientChungus\n|\n|t:|1658506429\n|detailschange|p2a: Medicham|Medicham-Mega, F\n|-mega|p2a: Medicham|Medicham|Medichamite\n|move|p1a: Hasbro|Protect|p1a: Hasbro\n|-singleturn|p1a: Hasbro|Protect\n|move|p2a: Medicham|High Jump Kick|p1a: Hasbro\n|-activate|p1a: Hasbro|move: Protect\n|-damage|p2a: Medicham|51\/100|[from] highjumpkick\n|\n|-weather|Sandstorm|[upkeep]\n|-damage|p2a: Medicham|45\/100|[from] Sandstorm\n|upkeep\n|turn|2\n|j| KRAFT Goose\n|\n|t:|1658506439\n|switch|p2a: Whimsicott|Whimsicott, M|100\/100\n|move|p1a: Hasbro|Earthquake|p2a: Whimsicott\n|-resisted|p2a: Whimsicott\n|-damage|p2a: Whimsicott|79\/100\n|\n|-weather|Sandstorm|[upkeep]\n|-damage|p2a: Whimsicott|72\/100|[from] Sandstorm\n|-heal|p2a: Whimsicott|79\/100|[from] item: Leftovers\n|upkeep\n|turn|3\n|c| KRAFT Goose|chip\n|\n|t:|1658506453\n|switch|p1a: Roserade|Roserade, F|100\/100\n|move|p2a: Whimsicott|U-turn|p1a: Roserade\n|-damage|p1a: Roserade|81\/100\n|\n|t:|1658506464\n|switch|p2a: Magmortar|Magmortar, F|100\/100|[from]move: U-turn\n|\n|-weather|Sandstorm|[upkeep]\n|-damage|p1a: Roserade|75\/100|[from] Sandstorm\n|-damage|p2a: Magmortar|94\/100|[from] Sandstorm\n|upkeep\n|turn|4\n|l| Krock0dile\n|\n|t:|1658506478\n|move|p1a: Roserade|Toxic Spikes|p2a: Magmortar\n|-sidestart|p2: Elon Musk Rusk|move: Toxic Spikes\n|move|p2a: Magmortar|Toxic|p1a: Roserade\n|-immune|p1a: Roserade\n|\n|-weather|Sandstorm|[upkeep]\n|-damage|p1a: Roserade|69\/100|[from] Sandstorm\n|-damage|p2a: Magmortar|88\/100|[from] Sandstorm\n|upkeep\n|turn|5\n|j| Krock0dile\n|\n|t:|1658506528\n|switch|p1a: Hasbro|Hippowdon, F|100\/100\n|move|p2a: Magmortar|Flamethrower|p1a: Hasbro\n|-damage|p1a: Hasbro|54\/100\n|\n|-weather|Sandstorm|[upkeep]\n|-damage|p2a: Magmortar|82\/100|[from] Sandstorm\n|upkeep\n|turn|6\n|\n|t:|1658506545\n|switch|p2a: Zapdos|Zapdos|100\/100\n|-ability|p2a: Zapdos|Pressure\n|switch|p1a: Fragile|Omastar, M|100\/100\n|\n|-weather|Sandstorm|[upkeep]\n|-damage|p2a: Zapdos|94\/100|[from] Sandstorm\n|upkeep\n|turn|7\n|\n|t:|1658506563\n|move|p2a: Zapdos|Thunderbolt|p1a: Fragile\n|-supereffective|p1a: Fragile\n|-damage|p1a: Fragile|18\/100\n|move|p1a: Fragile|Shell Smash|p1a: Fragile\n|-unboost|p1a: Fragile|def|1\n|-unboost|p1a: Fragile|spd|1\n|-boost|p1a: Fragile|atk|2\n|-boost|p1a: Fragile|spa|2\n|-boost|p1a: Fragile|spe|2\n|\n|-weather|Sandstorm|[upkeep]\n|-damage|p2a: Zapdos|88\/100|[from] Sandstorm\n|upkeep\n|turn|8\n|\n|t:|1658506585\n|switch|p2a: Crobat|Crobat, M|100\/100\n|move|p1a: Fragile|Ice Beam|p2a: Crobat\n|-supereffective|p2a: Crobat\n|-damage|p2a: Crobat|0 fnt\n|faint|p2a: Crobat\n|\n|-weather|none\n|upkeep\n|\n|t:|1658506591\n|switch|p2a: Medicham|Medicham-Mega, F|45\/100\n|-status|p2a: Medicham|psn\n|turn|9\n|\n|t:|1658506620\n|move|p2a: Medicham|Fake Out|p1a: Fragile\n|-resisted|p1a: Fragile\n|-damage|p1a: Fragile|3\/100\n|cant|p1a: Fragile|flinch\n|\n|-damage|p2a: Medicham|32\/100 psn|[from] psn\n|upkeep\n|turn|10\n|\n|t:|1658506633\n|switch|p2a: Vaporeon|Vaporeon, F|100\/100\n|-status|p2a: Vaporeon|psn\n|move|p1a: Fragile|Ice Beam|p2a: Vaporeon\n|-resisted|p2a: Vaporeon\n|-damage|p2a: Vaporeon|79\/100 psn\n|\n|-heal|p2a: Vaporeon|85\/100 psn|[from] item: Leftovers\n|-damage|p2a: Vaporeon|72\/100 psn|[from] psn\n|upkeep\n|turn|11\n|\n|t:|1658506643\n|move|p1a: Fragile|Meteor Beam||[still]\n|-prepare|p1a: Fragile|Meteor Beam\n|-boost|p1a: Fragile|spa|1\n|-enditem|p1a: Fragile|Power Herb\n|-anim|p1a: Fragile|Meteor Beam|p2a: Vaporeon\n|-damage|p2a: Vaporeon|0 fnt\n|faint|p2a: Vaporeon\n|\n|upkeep\n|\n|t:|1658506645\n|switch|p2a: Medicham|Medicham-Mega, F|32\/100 psn\n|turn|12\n|\n|t:|1658506655\n|move|p2a: Medicham|Fake Out|p1a: Fragile\n|-resisted|p1a: Fragile\n|-damage|p1a: Fragile|0 fnt\n|faint|p1a: Fragile\n|\n|-damage|p2a: Medicham|20\/100 psn|[from] psn\n|upkeep\n|\n|t:|1658506670\n|switch|p1a: UV|Heliolisk, F|100\/100\n|turn|13\n|\n|t:|1658506674\n|move|p1a: UV|U-turn|p2a: Medicham\n|-damage|p2a: Medicham|5\/100 psn\n|\n|t:|1658506683\n|switch|p1a: Roserade|Roserade, F|69\/100|[from]move: U-turn\n|move|p2a: Medicham|High Jump Kick|p1a: Roserade\n|-resisted|p1a: Roserade\n|-damage|p1a: Roserade|0 fnt\n|faint|p1a: Roserade\n|\n|-damage|p2a: Medicham|0 fnt|[from] psn\n|faint|p2a: Medicham\n|upkeep\n|\n|t:|1658506693\n|switch|p2a: Zapdos|Zapdos|88\/100\n|switch|p1a: Hasbro|Hippowdon, F|54\/100\n|-ability|p2a: Zapdos|Pressure\n|-weather|Sandstorm|[from] ability: Sand Stream|[of] p1a: Hasbro\n|turn|14\n|\n|t:|1658506701\n|move|p2a: Zapdos|Toxic|p1a: Hasbro\n|-status|p1a: Hasbro|tox\n|move|p1a: Hasbro|Slack Off|p1a: Hasbro\n|-heal|p1a: Hasbro|100\/100 tox\n|\n|-weather|Sandstorm|[upkeep]\n|-damage|p2a: Zapdos|82\/100|[from] Sandstorm\n|-damage|p1a: Hasbro|94\/100 tox|[from] psn\n|upkeep\n|turn|15\n|\n|t:|1658506709\n|switch|p2a: Whimsicott|Whimsicott, M|79\/100\n|-status|p2a: Whimsicott|psn\n|move|p1a: Hasbro|Toxic||[still]\n|-fail|p1a: Hasbro\n|\n|-weather|Sandstorm|[upkeep]\n|-damage|p2a: Whimsicott|72\/100 psn|[from] Sandstorm\n|-heal|p2a: Whimsicott|79\/100 psn|[from] item: Leftovers\n|-damage|p2a: Whimsicott|66\/100 psn|[from] psn\n|-damage|p1a: Hasbro|82\/100 tox|[from] psn\n|upkeep\n|turn|16\n|\n|t:|1658506721\n|switch|p1a: Mittens|Scizor, F|100\/100\n|move|p2a: Whimsicott|Defog|p1a: Mittens\n|-unboost|p1a: Mittens|evasion|1\n|-sideend|p2: Elon Musk Rusk|Toxic Spikes|[from] move: Defog|[of] p2a: Whimsicott\n|\n|-weather|Sandstorm|[upkeep]\n|-damage|p2a: Whimsicott|60\/100 psn|[from] Sandstorm\n|-heal|p2a: Whimsicott|66\/100 psn|[from] item: Leftovers\n|-damage|p2a: Whimsicott|54\/100 psn|[from] psn\n|upkeep\n|turn|17\n|\n|t:|1658506735\n|switch|p2a: Magmortar|Magmortar, F|82\/100\n|detailschange|p1a: Mittens|Scizor-Mega, F\n|-mega|p1a: Mittens|Scizor|Scizorite\n|move|p1a: Mittens|Knock Off|p2a: Magmortar\n|-damage|p2a: Magmortar|33\/100\n|-enditem|p2a: Magmortar|Heavy-Duty Boots|[from] move: Knock Off|[of] p1a: Mittens\n|\n|-weather|Sandstorm|[upkeep]\n|-damage|p2a: Magmortar|27\/100|[from] Sandstorm\n|upkeep\n|turn|18\n|\n|t:|1658506753\n|switch|p1a: Ozone|Aerodactyl, F|100\/100\n|-ability|p1a: Ozone|Unnerve\n|move|p2a: Magmortar|Thunderbolt|p1a: Ozone\n|-supereffective|p1a: Ozone\n|-damage|p1a: Ozone|45\/100\n|\n|-weather|Sandstorm|[upkeep]\n|-damage|p2a: Magmortar|21\/100|[from] Sandstorm\n|upkeep\n|turn|19\n|c| KRAFT Goose|based\n|\n|t:|1658506768\n|switch|p2a: Whimsicott|Whimsicott, M|54\/100 psn\n|move|p1a: Ozone|Roost|p1a: Ozone\n|-heal|p1a: Ozone|95\/100\n|-singleturn|p1a: Ozone|move: Roost\n|\n|-weather|Sandstorm|[upkeep]\n|-damage|p2a: Whimsicott|48\/100 psn|[from] Sandstorm\n|-heal|p2a: Whimsicott|54\/100 psn|[from] item: Leftovers\n|-damage|p2a: Whimsicott|41\/100 psn|[from] psn\n|upkeep\n|turn|20\n|\n|t:|1658506780\n|move|p1a: Ozone|Dual Wingbeat|p2a: Whimsicott\n|-supereffective|p2a: Whimsicott\n|-damage|p2a: Whimsicott|0 fnt\n|faint|p2a: Whimsicott\n|-hitcount|p2: Whimsicott|1\n|\n|-weather|Sandstorm|[upkeep]\n|upkeep\n|\n|t:|1658506783\n|switch|p2a: Zapdos|Zapdos|82\/100\n|-ability|p2a: Zapdos|Pressure\n|turn|21\n|\n|t:|1658506791\n|move|p1a: Ozone|Stone Edge|p2a: Zapdos|[miss]\n|-miss|p1a: Ozone|p2a: Zapdos\n|move|p2a: Zapdos|Thunderbolt|p1a: Ozone\n|-supereffective|p1a: Ozone\n|-damage|p1a: Ozone|22\/100\n|-status|p1a: Ozone|par\n|\n|-weather|none\n|upkeep\n|turn|22\n|c|\u2606Porpoise|And that\n|c|\u2606Porpoise|Is why I hate low accuracy moves\n|\n|t:|1658506816\n|move|p2a: Zapdos|Thunderbolt|p1a: Ozone\n|-supereffective|p1a: Ozone\n|-damage|p1a: Ozone|0 fnt\n|faint|p1a: Ozone\n|\n|upkeep\n|\n|t:|1658506821\n|switch|p1a: Hasbro|Hippowdon, F|82\/100 tox\n|-weather|Sandstorm|[from] ability: Sand Stream|[of] p1a: Hasbro\n|turn|23\n|\n|t:|1658506827\n|switch|p2a: Magmortar|Magmortar, F|21\/100\n|move|p1a: Hasbro|Toxic|p2a: Magmortar\n|-status|p2a: Magmortar|tox\n|\n|-weather|Sandstorm|[upkeep]\n|-damage|p2a: Magmortar|15\/100 tox|[from] Sandstorm\n|-damage|p2a: Magmortar|8\/100 tox|[from] psn\n|-damage|p1a: Hasbro|76\/100 tox|[from] psn\n|upkeep\n|turn|24\n|\n|t:|1658506838\n|move|p2a: Magmortar|Flamethrower|p1a: Hasbro\n|-damage|p1a: Hasbro|23\/100 tox\n|move|p1a: Hasbro|Slack Off|p1a: Hasbro\n|-heal|p1a: Hasbro|73\/100 tox\n|\n|-weather|Sandstorm|[upkeep]\n|-damage|p2a: Magmortar|2\/100 tox|[from] Sandstorm\n|-damage|p2a: Magmortar|0 fnt|[from] psn\n|faint|p2a: Magmortar\n|-damage|p1a: Hasbro|61\/100 tox|[from] psn\n|upkeep\n|\n|t:|1658506842\n|switch|p2a: Zapdos|Zapdos|82\/100\n|-ability|p2a: Zapdos|Pressure\n|turn|25\n|\n|t:|1658506851\n|move|p2a: Zapdos|Hurricane|p1a: Hasbro\n|-damage|p1a: Hasbro|0 fnt\n|faint|p1a: Hasbro\n|\n|-weather|Sandstorm|[upkeep]\n|-damage|p2a: Zapdos|76\/100|[from] Sandstorm\n|upkeep\n|\n|t:|1658506857\n|switch|p1a: UV|Heliolisk, F|100\/100\n|turn|26\n|\n|t:|1658506861\n|move|p1a: UV|Weather Ball|p2a: Zapdos\n|-supereffective|p2a: Zapdos\n|-damage|p2a: Zapdos|16\/100\n|move|p2a: Zapdos|Roost|p2a: Zapdos\n|-heal|p2a: Zapdos|66\/100\n|-singleturn|p2a: Zapdos|move: Roost\n|\n|-weather|Sandstorm|[upkeep]\n|-damage|p1a: UV|94\/100|[from] Sandstorm\n|-damage|p2a: Zapdos|60\/100|[from] Sandstorm\n|-heal|p1a: UV|100\/100|[from] item: Leftovers\n|upkeep\n|turn|27\n|\n|t:|1658506871\n|move|p1a: UV|Weather Ball|p2a: Zapdos\n|-supereffective|p2a: Zapdos\n|-damage|p2a: Zapdos|0 fnt\n|faint|p2a: Zapdos\n|\n|win|Porpoise\n|c|\u2606Porpoise|gg\n|c|\u2606Elon Musk Rusk|rolls\n","uploadtime":1658506879,"views":49,"p1id":"porpoise","p2id":"elonmuskrusk","formatid":"gen8nationaldexdraft","rating":0,"private":0,"password":null}