{"id":"sports-gen8nationaldexdlc2draft-142205","p1":"GeniusX","p2":"reunico","format":"gen8nationaldexdlc2draft","log":"|j|\u2606GeniusX\n|j|\u2606reunico\n|t:|1597765899\n|player|p1|GeniusX|geniusx.gif|\n|player|p2|reunico|169|\n|teamsize|p1|6\n|teamsize|p2|6\n|gametype|singles\n|gen|8\n|tier|[Gen 8] National Dex DLC2 Draft\n|html|<div class=\"broadcast-red\"><strong>All DLC2 formats have been updated to include the new Isle of Armor Move Tutors leaks. Check out <a href=\"https:\/\/docs.google.com\/spreadsheets\/d\/19xPdnVPoBPwrCNogvgIWo2I0js-tq7ppR2IC47E_aPQ\/edit?usp=sharing\">this doc<\/a> for the full list of new moves or visit <a href=\"https:\/\/discordapp.com\/invite\/V6jxMW7\/\">our Discord<\/a> for more info on this update.<\/strong><\/div>\n|rule|Sleep Clause Mod: Limit one foe put to sleep\n|rule|OHKO Clause: OHKO moves are banned\n|rule|Evasion Moves Clause: Evasion moves are banned\n|rule|Endless Battle Clause: Forcing endless battles is banned\n|rule|HP Percentage Mod: HP is shown in percentages\n|clearpoke\n|poke|p1|Toxapex, M|\n|poke|p1|Ferrothorn, F|\n|poke|p1|Diancie|\n|poke|p1|Garchomp, M|\n|poke|p1|Rotom-Fan|\n|poke|p1|Weavile, M|\n|poke|p2|Claydol|\n|poke|p2|Melmetal|\n|poke|p2|Tapu Koko|\n|poke|p2|Persian-Alola, F|\n|poke|p2|Charizard, F|\n|poke|p2|Vaporeon, M|\n|rule|Dynamax Clause: You cannot dynamax\n|teampreview\n|html|<button name=\"send\" class=\"button\" value=\"\/timer ds\"><i class=\"fa fa-hourglass-start\"><\/i> DS Timer<\/button> <button name=\"send\" class=\"button\" value=\"\/timer smogon\"><i class=\"fa fa-hourglass-start\"><\/i> Smogon Timer<\/button>\n|c|\u2606reunico|glhf\n|c|\u2606GeniusX|u2\n|\n|t:|1597765963\n|start\n|switch|p1a: Ferrothorn|Ferrothorn, F|100\/100\n|switch|p2a: Melmetal|Melmetal|100\/100\n|turn|1\n|j|%mayoouran\n|\n|t:|1597765990\n|switch|p1a: Toxapex|Toxapex, M|100\/100\n|move|p2a: Melmetal|Double Iron Bash|p1a: Toxapex\n|-resisted|p1a: Toxapex\n|-damage|p1a: Toxapex|88\/100\n|-resisted|p1a: Toxapex\n|-damage|p1a: Toxapex|74\/100\n|-hitcount|p1a: Toxapex|2\n|\n|upkeep\n|turn|2\n|j| Pandarob3rt34\n|j| Kniops\n|j| Pogko\n|\n|t:|1597766028\n|switch|p1a: Ferrothorn|Ferrothorn, F|100\/100\n|move|p2a: Melmetal|Double Iron Bash|p1a: Ferrothorn\n|-resisted|p1a: Ferrothorn\n|-damage|p1a: Ferrothorn|87\/100\n|-activate|p1a: Ferrothorn|ability: Iron Barbs\n|-activate|p2a: Melmetal|item: Protective Pads\n|-resisted|p1a: Ferrothorn\n|-damage|p1a: Ferrothorn|74\/100\n|-activate|p1a: Ferrothorn|ability: Iron Barbs\n|-activate|p2a: Melmetal|item: Protective Pads\n|-hitcount|p1a: Ferrothorn|2\n|\n|-heal|p1a: Ferrothorn|80\/100|[from] item: Leftovers\n|upkeep\n|turn|3\n|j|%BoomBoomBoo\n|c| Pogko|Sharky have my kids oml\n|\n|t:|1597766041\n|switch|p2a: Charizard|Charizard, F|100\/100\n|switch|p1a: Toxapex|Toxapex, M|100\/100\n|\n|upkeep\n|turn|4\n|j| RCV Deadbolt\n|j| Nowliei\n|\n|t:|1597766049\n|detailschange|p2a: Charizard|Charizard-Mega-X, F\n|-mega|p2a: Charizard|Charizard|Charizardite X\n|move|p2a: Charizard|Swords Dance|p2a: Charizard\n|-boost|p2a: Charizard|atk|2\n|move|p1a: Toxapex|Toxic|p2a: Charizard\n|-status|p2a: Charizard|tox\n|\n|-damage|p2a: Charizard|94\/100 tox|[from] psn\n|upkeep\n|turn|5\n|j| TNI Jake M\n|\n|t:|1597766056\n|move|p2a: Charizard|Flare Blitz|p1a: Toxapex\n|-resisted|p1a: Toxapex\n|-damage|p1a: Toxapex|51\/100\n|-damage|p2a: Charizard|80\/100 tox|[from] Recoil\n|move|p1a: Toxapex|Haze|p1a: Toxapex\n|-clearallboost\n|\n|-damage|p2a: Charizard|68\/100 tox|[from] psn\n|upkeep\n|turn|6\n|\n|t:|1597766060\n|move|p2a: Charizard|Earthquake|p1a: Toxapex\n|-supereffective|p1a: Toxapex\n|-enditem|p1a: Toxapex|Shuca Berry|[eat]\n|-enditem|p1a: Toxapex|Shuca Berry|[weaken]\n|-damage|p1a: Toxapex|26\/100\n|move|p1a: Toxapex|Recover|p1a: Toxapex\n|-heal|p1a: Toxapex|76\/100\n|\n|-damage|p2a: Charizard|50\/100 tox|[from] psn\n|upkeep\n|turn|7\n|\n|t:|1597766077\n|switch|p2a: Vaporeon|Vaporeon, M|100\/100\n|move|p1a: Toxapex|Toxic|p2a: Vaporeon\n|-status|p2a: Vaporeon|tox\n|\n|-damage|p2a: Vaporeon|94\/100 tox|[from] psn\n|upkeep\n|turn|8\n|\n|t:|1597766081\n|switch|p1a: Ferrothorn|Ferrothorn, F|80\/100\n|move|p2a: Vaporeon|Heal Bell|p2a: Vaporeon\n|-activate|p2a: Vaporeon|move: Heal Bell\n|-curestatus|p2a: Vaporeon|tox|[msg]\n|-curestatus|p2: Charizard|tox|[msg]\n|\n|-heal|p2a: Vaporeon|100\/100|[from] item: Leftovers\n|-heal|p1a: Ferrothorn|86\/100|[from] item: Leftovers\n|upkeep\n|turn|9\n|j| Dylanronpa\n|j| JD_Powerstrike\n|\n|t:|1597766088\n|switch|p2a: Charizard|Charizard-Mega-X, F|50\/100\n|move|p1a: Ferrothorn|Stealth Rock|p2a: Charizard\n|-sidestart|p2: reunico|move: Stealth Rock\n|\n|-heal|p1a: Ferrothorn|92\/100|[from] item: Leftovers\n|upkeep\n|turn|10\n|\n|t:|1597766096\n|switch|p1a: Garchomp|Garchomp, M|100\/100\n|move|p2a: Charizard|Flare Blitz|p1a: Garchomp\n|-resisted|p1a: Garchomp\n|-damage|p1a: Garchomp|59\/100\n|-damage|p2a: Charizard|37\/100|[from] ability: Rough Skin|[of] p1a: Garchomp\n|-damage|p2a: Charizard|23\/100|[from] Recoil\n|\n|upkeep\n|turn|11\n|\n|t:|1597766102\n|switch|p2a: Claydol|Claydol|100\/100\n|-damage|p2a: Claydol|94\/100|[from] Stealth Rock\n|move|p1a: Garchomp|Dragon Claw|p2a: Claydol\n|-damage|p2a: Claydol|62\/100\n|\n|-heal|p2a: Claydol|69\/100|[from] item: Leftovers\n|upkeep\n|turn|12\n|\n|t:|1597766108\n|switch|p1a: Weavile|Weavile, M|100\/100\n|-ability|p1a: Weavile|Pressure\n|move|p2a: Claydol|Stealth Rock|p1a: Weavile\n|-sidestart|p1: GeniusX|move: Stealth Rock\n|\n|-heal|p2a: Claydol|75\/100|[from] item: Leftovers\n|upkeep\n|turn|13\n|\n|t:|1597766112\n|switch|p2a: Persian|Persian-Alola, F|100\/100\n|-damage|p2a: Persian|88\/100|[from] Stealth Rock\n|move|p1a: Weavile|Knock Off|p2a: Persian\n|-resisted|p2a: Persian\n|-damage|p2a: Persian|65\/100\n|-damage|p1a: Weavile|84\/100|[from] item: Rocky Helmet|[of] p2a: Persian\n|-enditem|p2a: Persian|Rocky Helmet|[from] move: Knock Off|[of] p1a: Weavile\n|\n|upkeep\n|turn|14\n|j| chef sosa\n|j| tortuga desnuda\n|\n|t:|1597766150\n|switch|p1a: Toxapex|Toxapex, M|100\/100\n|-damage|p1a: Toxapex|88\/100|[from] Stealth Rock\n|move|p2a: Persian|Knock Off|p1a: Toxapex\n|-damage|p1a: Toxapex|80\/100\n|\n|upkeep\n|turn|15\n|j| EGALombres\n|\n|t:|1597766173\n|move|p2a: Persian|Taunt|p1a: Toxapex\n|-start|p1a: Toxapex|move: Taunt\n|move|p1a: Toxapex|Scald|p2a: Persian\n|-damage|p2a: Persian|42\/100\n|\n|upkeep\n|turn|16\n|l| chef sosa\n|\n|t:|1597766215\n|switch|p2a: Claydol|Claydol|75\/100\n|-damage|p2a: Claydol|69\/100|[from] Stealth Rock\n|switch|p1a: Ferrothorn|Ferrothorn, F|92\/100\n|-damage|p1a: Ferrothorn|86\/100|[from] Stealth Rock\n|\n|-heal|p2a: Claydol|75\/100|[from] item: Leftovers\n|-heal|p1a: Ferrothorn|92\/100|[from] item: Leftovers\n|upkeep\n|turn|17\n|j| CambatX\n|\n|t:|1597766229\n|switch|p2a: Melmetal|Melmetal|100\/100\n|-damage|p2a: Melmetal|94\/100|[from] Stealth Rock\n|move|p1a: Ferrothorn|Stealth Rock||[still]\n|-fail|p1a: Ferrothorn\n|\n|-heal|p1a: Ferrothorn|98\/100|[from] item: Leftovers\n|upkeep\n|turn|18\n|\n|t:|1597766236\n|switch|p1a: Toxapex|Toxapex, M|100\/100\n|-damage|p1a: Toxapex|88\/100|[from] Stealth Rock\n|move|p2a: Melmetal|Earthquake|p1a: Toxapex\n|-supereffective|p1a: Toxapex\n|-damage|p1a: Toxapex|37\/100\n|\n|upkeep\n|turn|19\n|\n|t:|1597766243\n|switch|p1a: Rotom|Rotom-Fan|100\/100\n|move|p2a: Melmetal|Superpower|p1a: Rotom\n|-resisted|p1a: Rotom\n|-damage|p1a: Rotom|79\/100\n|-unboost|p2a: Melmetal|atk|1\n|-unboost|p2a: Melmetal|def|1\n|\n|upkeep\n|turn|20\n|\n|t:|1597766256\n|switch|p2a: Claydol|Claydol|75\/100\n|-damage|p2a: Claydol|69\/100|[from] Stealth Rock\n|move|p1a: Rotom|Will-O-Wisp|p2a: Claydol|[miss]\n|-miss|p1a: Rotom|p2a: Claydol\n|\n|-heal|p2a: Claydol|75\/100|[from] item: Leftovers\n|upkeep\n|turn|21\n|l| RCV Deadbolt\n|\n|t:|1597766281\n|move|p1a: Rotom|Air Slash|p2a: Claydol\n|-damage|p2a: Claydol|49\/100\n|cant|p2a: Claydol|flinch\n|\n|-heal|p2a: Claydol|56\/100|[from] item: Leftovers\n|upkeep\n|turn|22\n|\n|t:|1597766293\n|switch|p1a: Ferrothorn|Ferrothorn, F|98\/100\n|-damage|p1a: Ferrothorn|92\/100|[from] Stealth Rock\n|move|p2a: Claydol|Rapid Spin|p1a: Ferrothorn\n|-resisted|p1a: Ferrothorn\n|-damage|p1a: Ferrothorn|89\/100\n|-boost|p2a: Claydol|spe|1\n|-damage|p2a: Claydol|43\/100|[from] ability: Iron Barbs|[of] p1a: Ferrothorn\n|-sideend|p2: reunico|Stealth Rock|[from] move: Rapid Spin|[of] p2a: Claydol\n|\n|-heal|p2a: Claydol|49\/100|[from] item: Leftovers\n|-heal|p1a: Ferrothorn|95\/100|[from] item: Leftovers\n|upkeep\n|turn|23\n|\n|t:|1597766302\n|switch|p2a: Persian|Persian-Alola, F|42\/100\n|move|p1a: Ferrothorn|Body Press|p2a: Persian\n|-supereffective|p2a: Persian\n|-damage|p2a: Persian|7\/100\n|\n|-heal|p1a: Ferrothorn|100\/100|[from] item: Leftovers\n|upkeep\n|turn|24\n|\n|t:|1597766308\n|switch|p1a: Toxapex|Toxapex, M|71\/100\n|-damage|p1a: Toxapex|59\/100|[from] Stealth Rock\n|move|p2a: Persian|Burning Jealousy|p1a: Toxapex\n|-resisted|p1a: Toxapex\n|-damage|p1a: Toxapex|53\/100\n|\n|upkeep\n|turn|25\n|j| Jeremy D Goat\n|c| Pogko|:monkaS:\n|\n|t:|1597766333\n|move|p2a: Persian|Taunt|p1a: Toxapex\n|-start|p1a: Toxapex|move: Taunt\n|move|p1a: Toxapex|Scald|p2a: Persian\n|-damage|p2a: Persian|0 fnt\n|faint|p2a: Persian\n|\n|upkeep\n|c| TNI Jake M|..\n|j| rinnegan555\n|\n|t:|1597766351\n|switch|p2a: Charizard|Charizard-Mega-X, F|23\/100\n|turn|26\n|j| Akroma1\n|l| Jeremy D Goat\n|j| xray\n|\n|t:|1597766415\n|switch|p1a: Rotom|Rotom-Fan|79\/100\n|move|p2a: Charizard|Earthquake|p1a: Rotom\n|-immune|p1a: Rotom\n|\n|upkeep\n|turn|27\n|j| King Internal\n|\n|t:|1597766470\n|switch|p2a: Tapu Koko|Tapu Koko, shiny|100\/100\n|-fieldstart|move: Electric Terrain|[from] ability: Electric Surge|[of] p2a: Tapu Koko\n|move|p1a: Rotom|Air Slash|p2a: Tapu Koko\n|-resisted|p2a: Tapu Koko\n|-damage|p2a: Tapu Koko|80\/100\n|\n|upkeep\n|turn|28\n|\n|t:|1597766491\n|move|p2a: Tapu Koko|Close Combat|p1a: Rotom\n|-resisted|p1a: Rotom\n|-damage|p1a: Rotom|54\/100\n|-unboost|p2a: Tapu Koko|def|1\n|-unboost|p2a: Tapu Koko|spd|1\n|move|p1a: Rotom|Defog|p2a: Tapu Koko\n|-unboost|p2a: Tapu Koko|evasion|1\n|-sideend|p1: GeniusX|Stealth Rock|[from] move: Defog|[of] p1a: Rotom\n|-fieldend|move: Electric Terrain\n|\n|upkeep\n|turn|29\n|l|%mayoouran\n|\n|t:|1597766533\n|switch|p2a: Vaporeon|Vaporeon, M|100\/100\n|move|p1a: Rotom|Volt Switch|p2a: Vaporeon\n|-supereffective|p2a: Vaporeon\n|-damage|p2a: Vaporeon|64\/100\n|\n|t:|1597766540\n|switch|p1a: Ferrothorn|Ferrothorn, F|100\/100|[from]move: Volt Switch\n|\n|-heal|p2a: Vaporeon|70\/100|[from] item: Leftovers\n|upkeep\n|turn|30\n|j| galarian frog\n|\n|t:|1597766562\n|move|p2a: Vaporeon|Wish|p2a: Vaporeon\n|move|p1a: Ferrothorn|Stealth Rock|p2a: Vaporeon\n|-sidestart|p2: reunico|move: Stealth Rock\n|\n|-heal|p2a: Vaporeon|76\/100|[from] item: Leftovers\n|upkeep\n|turn|31\n|\n|t:|1597766571\n|switch|p2a: Tapu Koko|Tapu Koko, shiny|80\/100\n|-damage|p2a: Tapu Koko|68\/100|[from] Stealth Rock\n|-fieldstart|move: Electric Terrain|[from] ability: Electric Surge|[of] p2a: Tapu Koko\n|switch|p1a: Weavile|Weavile, M|84\/100\n|-ability|p1a: Weavile|Pressure\n|\n|-heal|p2a: Tapu Koko|100\/100|[from] move: Wish|[wisher] Vaporeon\n|upkeep\n|turn|32\n|j| ShinySableye17\n|l| Pogko\n|j| Pogko\n|\n|t:|1597766589\n|switch|p1a: Rotom|Rotom-Fan|54\/100\n|move|p2a: Tapu Koko|U-turn|p1a: Rotom\n|-resisted|p1a: Rotom\n|-damage|p1a: Rotom|39\/100\n|\n|t:|1597766596\n|switch|p2a: Claydol|Claydol|49\/100|[from]move: U-turn\n|-damage|p2a: Claydol|43\/100|[from] Stealth Rock\n|\n|-heal|p2a: Claydol|49\/100|[from] item: Leftovers\n|upkeep\n|turn|33\n|\n|t:|1597766604\n|move|p1a: Rotom|Air Slash|p2a: Claydol\n|-damage|p2a: Claydol|25\/100\n|move|p2a: Claydol|Rapid Spin|p1a: Rotom\n|-damage|p1a: Rotom|31\/100\n|-boost|p2a: Claydol|spe|1\n|-sideend|p2: reunico|Stealth Rock|[from] move: Rapid Spin|[of] p2a: Claydol\n|\n|-heal|p2a: Claydol|31\/100|[from] item: Leftovers\n|upkeep\n|turn|34\n|j|%Venoxio\n|\n|t:|1597766616\n|switch|p1a: Ferrothorn|Ferrothorn, F|100\/100\n|move|p2a: Claydol|Ice Beam|p1a: Ferrothorn\n|-damage|p1a: Ferrothorn|86\/100\n|\n|-heal|p2a: Claydol|38\/100|[from] item: Leftovers\n|-heal|p1a: Ferrothorn|92\/100|[from] item: Leftovers\n|upkeep\n|turn|35\n|j| RCV Deadbolt\n|\n|t:|1597766624\n|switch|p2a: Charizard|Charizard-Mega-X, F|23\/100\n|move|p1a: Ferrothorn|Stealth Rock|p2a: Charizard\n|-sidestart|p2: reunico|move: Stealth Rock\n|\n|-heal|p1a: Ferrothorn|98\/100|[from] item: Leftovers\n|-fieldend|move: Electric Terrain\n|upkeep\n|turn|36\n|l| xray\n|\n|t:|1597766646\n|switch|p1a: Garchomp|Garchomp, M|59\/100\n|move|p2a: Charizard|Swords Dance|p2a: Charizard\n|-boost|p2a: Charizard|atk|2\n|\n|upkeep\n|turn|37\n|c| Pandarob3rt34|.\n|c| King Internal|lmao\n|\n|t:|1597766671\n|switch|p2a: Claydol|Claydol|38\/100\n|-damage|p2a: Claydol|31\/100|[from] Stealth Rock\n|move|p1a: Garchomp|Dragon Claw|p2a: Claydol\n|-damage|p2a: Claydol|0 fnt\n|faint|p2a: Claydol\n|\n|upkeep\n|\n|t:|1597766679\n|switch|p2a: Tapu Koko|Tapu Koko, shiny|100\/100\n|-damage|p2a: Tapu Koko|88\/100|[from] Stealth Rock\n|-fieldstart|move: Electric Terrain|[from] ability: Electric Surge|[of] p2a: Tapu Koko\n|turn|38\n|\n|t:|1597766706\n|switch|p1a: Rotom|Rotom-Fan|31\/100\n|move|p2a: Tapu Koko|Play Rough|p1a: Rotom|[miss]\n|-miss|p2a: Tapu Koko|p1a: Rotom\n|\n|upkeep\n|turn|39\n|\n|t:|1597766717\n|move|p2a: Tapu Koko|Play Rough|p1a: Rotom\n|-damage|p1a: Rotom|0 fnt\n|faint|p1a: Rotom\n|\n|upkeep\n|c| rinnegan555|haxxxxxxxxxx\n|\n|t:|1597766722\n|switch|p1a: Ferrothorn|Ferrothorn, F|98\/100\n|turn|40\n|\n|t:|1597766741\n|switch|p2a: Melmetal|Melmetal|94\/100\n|-damage|p2a: Melmetal|88\/100|[from] Stealth Rock\n|move|p1a: Ferrothorn|Body Press|p2a: Melmetal\n|-supereffective|p2a: Melmetal\n|-damage|p2a: Melmetal|58\/100\n|\n|-heal|p1a: Ferrothorn|100\/100|[from] item: Leftovers\n|upkeep\n|turn|41\n|\n|t:|1597766748\n|switch|p1a: Toxapex|Toxapex, M|86\/100\n|move|p2a: Melmetal|Double Iron Bash|p1a: Toxapex\n|-resisted|p1a: Toxapex\n|-damage|p1a: Toxapex|72\/100\n|-resisted|p1a: Toxapex\n|-crit|p1a: Toxapex\n|-damage|p1a: Toxapex|51\/100\n|-hitcount|p1a: Toxapex|2\n|\n|upkeep\n|turn|42\n|j|%daddy max\n|j| Jeremy D Goat\n|l| Jeremy D Goat\n|\n|t:|1597766826\n|switch|p1a: Weavile|Weavile, M|84\/100\n|-ability|p1a: Weavile|Pressure\n|move|p2a: Melmetal|Earthquake|p1a: Weavile\n|-damage|p1a: Weavile|13\/100\n|\n|-fieldend|move: Electric Terrain\n|upkeep\n|turn|43\n|l| CambatX\n|\n|t:|1597766835\n|switch|p2a: Charizard|Charizard-Mega-X, F|23\/100\n|-damage|p2a: Charizard|0 fnt|[from] Stealth Rock\n|faint|p2a: Charizard\n|move|p1a: Weavile|Knock Off|p2: Charizard|[notarget]\n|-fail|p1a: Weavile\n|\n|upkeep\n|\n|t:|1597766839\n|switch|p2a: Tapu Koko|Tapu Koko, shiny|88\/100\n|-damage|p2a: Tapu Koko|76\/100|[from] Stealth Rock\n|-fieldstart|move: Electric Terrain|[from] ability: Electric Surge|[of] p2a: Tapu Koko\n|turn|44\n|\n|t:|1597766854\n|move|p2a: Tapu Koko|Wild Charge|p1a: Weavile\n|-damage|p1a: Weavile|0 fnt\n|-damage|p2a: Tapu Koko|73\/100|[from] Recoil\n|faint|p1a: Weavile\n|\n|upkeep\n|\n|t:|1597766860\n|switch|p1a: Garchomp|Garchomp, M|59\/100\n|turn|45\n|j| Specs KING\n|\n|t:|1597766910\n|switch|p2a: Melmetal|Melmetal|58\/100\n|-damage|p2a: Melmetal|52\/100|[from] Stealth Rock\n|move|p1a: Garchomp|Swords Dance|p1a: Garchomp\n|-boost|p1a: Garchomp|atk|2\n|\n|upkeep\n|turn|46\n|\n|t:|1597766921\n|move|p1a: Garchomp|Earthquake|p2a: Melmetal\n|-supereffective|p2a: Melmetal\n|-damage|p2a: Melmetal|0 fnt\n|faint|p2a: Melmetal\n|\n|upkeep\n|\n|t:|1597766925\n|switch|p2a: Tapu Koko|Tapu Koko, shiny|73\/100\n|-damage|p2a: Tapu Koko|60\/100|[from] Stealth Rock\n|turn|47\n|\n|t:|1597766945\n|move|p2a: Tapu Koko|Close Combat|p1a: Garchomp\n|-damage|p1a: Garchomp|1\/100\n|-unboost|p2a: Tapu Koko|def|1\n|-unboost|p2a: Tapu Koko|spd|1\n|-damage|p2a: Tapu Koko|48\/100|[from] ability: Rough Skin|[of] p1a: Garchomp\n|move|p1a: Garchomp|Earthquake|p2a: Tapu Koko\n|-supereffective|p2a: Tapu Koko\n|-damage|p2a: Tapu Koko|0 fnt\n|faint|p2a: Tapu Koko\n|\n|upkeep\n|\n|t:|1597766949\n|switch|p2a: Vaporeon|Vaporeon, M|76\/100\n|-damage|p2a: Vaporeon|64\/100|[from] Stealth Rock\n|turn|48\n|c|\u2606GeniusX|gg\n|c| galarian frog|expert evs\n|j| Trickno\n|c|\u2606reunico|gg\n|c| EGALombres|unfort\n|\n|t:|1597766955\n|move|p1a: Garchomp|Earthquake|p2a: Vaporeon\n|-damage|p2a: Vaporeon|0 fnt\n|faint|p2a: Vaporeon\n|\n|win|GeniusX\n|l| Pogko\n|l| TNI Jake M\n|l| JD_Powerstrike\n|l| Specs KING\n|c| Akroma1|gg\n|l| Pandarob3rt34\n|l|%Venoxio\n|l|%daddy max\n|l| EGALombres\n|l| RCV Deadbolt\n|l| galarian frog\n|j| xray\n|l|\u2606reunico\n|l|%BoomBoomBoo\n","uploadtime":1597766962,"views":176,"p1id":"geniusx","p2id":"reunico","formatid":"gen8nationaldexdlc2draft","rating":0,"private":0,"password":null}