{"id":"sports-gen8nationaldexdlclegacy-295075","p1":"TehranTyphlosions","p2":"ALPHABETB0Y","format":"gen8nationaldexdlclegacy","log":"|j|\u2606TehranTyphlosions\n|j|\u2606ALPHABETB0Y\n|t:|1607634728\n|player|p1|TehranTyphlosions|clair|\n|player|p2|ALPHABETB0Y|alphabetb0y.png|\n|teamsize|p1|6\n|teamsize|p2|6\n|gametype|singles\n|gen|8\n|tier|[Gen 8] National Dex DLC Legacy\n|rule|Sleep Clause Mod: Limit one foe put to sleep\n|rule|OHKO Clause: OHKO moves are banned\n|rule|Evasion Moves Clause: Evasion moves are banned\n|rule|Endless Battle Clause: Forcing endless battles is banned\n|rule|HP Percentage Mod: HP is shown in percentages\n|clearpoke\n|poke|p1|Urshifu-*, M|\n|poke|p1|Gengar, F|\n|poke|p1|Altaria, M|\n|poke|p1|Eelektross, M|\n|poke|p1|Tornadus-Therian, M|\n|poke|p1|Ferrothorn, M|\n|poke|p2|Diancie|\n|poke|p2|Spectrier|\n|poke|p2|Zapdos|\n|poke|p2|Cryogonal|\n|poke|p2|Nidoqueen, F|\n|poke|p2|Cobalion|\n|rule|Dynamax Clause: You cannot dynamax\n|teampreview\n|html|<button name=\"send\" class=\"button\" value=\"\/timer ds\"><i class=\"fa fa-hourglass-start\"><\/i> DS Timer<\/button> <button name=\"send\" class=\"button\" value=\"\/timer smogon\"><i class=\"fa fa-hourglass-start\"><\/i> Smogon Timer<\/button>\n|c|\u2606ALPHABETB0Y|glhf\n|c|\u2606TehranTyphlosions|u2\n|j| PorygonTheBot\n|c| PorygonTheBot|I hope I win!\n|j| ASword6\n|j| Bananacrazy111\n|\n|t:|1607634839\n|start\n|switch|p1a: Gengar|Gengar, F, shiny|100\/100\n|switch|p2a: Zapdos|Zapdos|100\/100\n|-ability|p2a: Zapdos|Pressure\n|turn|1\n|\n|t:|1607634891\n|switch|p1a: Eelektross|Eelektross, M, shiny|100\/100\n|move|p2a: Zapdos|Volt Switch|p1a: Eelektross\n|-resisted|p1a: Eelektross\n|-damage|p1a: Eelektross|89\/100\n|j| Levay\n|\n|t:|1607634953\n|switch|p2a: Nidoqueen|Nidoqueen, F|100\/100|[from]move: Volt Switch\n|\n|upkeep\n|turn|2\n|\n|t:|1607634992\n|move|p2a: Nidoqueen|Stealth Rock|p1a: Eelektross\n|-sidestart|p1: TehranTyphlosions|move: Stealth Rock\n|move|p1a: Eelektross|Flash Cannon|p2a: Nidoqueen\n|-damage|p2a: Nidoqueen|76\/100\n|\n|-heal|p2a: Nidoqueen|82\/100|[from] item: Black Sludge\n|upkeep\n|turn|3\n|\n|t:|1607634998\n|move|p2a: Nidoqueen|Sludge Wave|p1a: Eelektross\n|-damage|p1a: Eelektross|61\/100\n|move|p1a: Eelektross|Flash Cannon|p2a: Nidoqueen\n|-damage|p2a: Nidoqueen|60\/100\n|\n|-heal|p2a: Nidoqueen|66\/100|[from] item: Black Sludge\n|upkeep\n|turn|4\n|\n|t:|1607635034\n|move|p2a: Nidoqueen|Sludge Wave|p1a: Eelektross\n|-damage|p1a: Eelektross|31\/100\n|move|p1a: Eelektross|Flash Cannon|p2a: Nidoqueen\n|-damage|p2a: Nidoqueen|40\/100\n|\n|-heal|p2a: Nidoqueen|46\/100|[from] item: Black Sludge\n|upkeep\n|turn|5\n|\n|t:|1607635045\n|move|p2a: Nidoqueen|Flamethrower|p1a: Eelektross\n|-damage|p1a: Eelektross|14\/100\n|move|p1a: Eelektross|Flash Cannon|p2a: Nidoqueen\n|-damage|p2a: Nidoqueen|20\/100\n|\n|-heal|p2a: Nidoqueen|26\/100|[from] item: Black Sludge\n|upkeep\n|turn|6\n|\n|t:|1607635053\n|switch|p1a: Tornadus|Tornadus-Therian, M, shiny|100\/100\n|move|p2a: Nidoqueen|Sludge Wave|p1a: Tornadus\n|-damage|p1a: Tornadus|56\/100\n|\n|-heal|p2a: Nidoqueen|32\/100|[from] item: Black Sludge\n|upkeep\n|turn|7\n|\n|t:|1607635059\n|switch|p2a: Zapdos|Zapdos|100\/100\n|-ability|p2a: Zapdos|Pressure\n|move|p1a: Tornadus|Hurricane|p2a: Zapdos|[miss]\n|-miss|p1a: Tornadus|p2a: Zapdos\n|\n|upkeep\n|turn|8\n|\n|t:|1607635064\n|switch|p1a: Ferrothorn|Ferrothorn, M|100\/100\n|-damage|p1a: Ferrothorn|94\/100|[from] Stealth Rock\n|move|p2a: Zapdos|Volt Switch|p1a: Ferrothorn\n|-resisted|p1a: Ferrothorn\n|-damage|p1a: Ferrothorn|83\/100\n|\n|t:|1607635107\n|switch|p2a: Nidoqueen|Nidoqueen, F|32\/100|[from]move: Volt Switch\n|\n|-heal|p2a: Nidoqueen|38\/100|[from] item: Black Sludge\n|-heal|p1a: Ferrothorn|89\/100|[from] item: Leftovers\n|upkeep\n|turn|9\n|\n|t:|1607635122\n|move|p1a: Ferrothorn|Protect|p1a: Ferrothorn\n|-singleturn|p1a: Ferrothorn|Protect\n|move|p2a: Nidoqueen|Flamethrower|p1a: Ferrothorn\n|-activate|p1a: Ferrothorn|move: Protect\n|\n|-heal|p2a: Nidoqueen|44\/100|[from] item: Black Sludge\n|-heal|p1a: Ferrothorn|95\/100|[from] item: Leftovers\n|upkeep\n|turn|10\n|\n|t:|1607635132\n|switch|p1a: Eelektross|Eelektross, M, shiny|14\/100\n|-damage|p1a: Eelektross|1\/100|[from] Stealth Rock\n|move|p2a: Nidoqueen|Flamethrower|p1a: Eelektross\n|-damage|p1a: Eelektross|0 fnt\n|faint|p1a: Eelektross\n|\n|-heal|p2a: Nidoqueen|50\/100|[from] item: Black Sludge\n|upkeep\n|\n|t:|1607635137\n|switch|p1a: Tornadus|Tornadus-Therian, M, shiny|90\/100\n|turn|11\n|\n|t:|1607635140\n|switch|p2a: Zapdos|Zapdos|100\/100\n|-ability|p2a: Zapdos|Pressure\n|move|p1a: Tornadus|Defog|p2a: Zapdos\n|-unboost|p2a: Zapdos|evasion|1\n|-sideend|p1: TehranTyphlosions|Stealth Rock|[from] move: Defog|[of] p1a: Tornadus\n|\n|upkeep\n|turn|12\n|\n|t:|1607635153\n|switch|p1a: Ferrothorn|Ferrothorn, M|95\/100\n|move|p2a: Zapdos|Volt Switch|p1a: Ferrothorn\n|-resisted|p1a: Ferrothorn\n|-damage|p1a: Ferrothorn|82\/100\n|\n|t:|1607635161\n|switch|p2a: Nidoqueen|Nidoqueen, F|50\/100|[from]move: Volt Switch\n|\n|-heal|p2a: Nidoqueen|56\/100|[from] item: Black Sludge\n|-heal|p1a: Ferrothorn|88\/100|[from] item: Leftovers\n|upkeep\n|turn|13\n|\n|t:|1607635187\n|switch|p1a: Tornadus|Tornadus-Therian, M, shiny|100\/100\n|move|p2a: Nidoqueen|Flamethrower|p1a: Tornadus\n|-damage|p1a: Tornadus|77\/100\n|\n|-heal|p2a: Nidoqueen|62\/100|[from] item: Black Sludge\n|upkeep\n|turn|14\n|\n|t:|1607635231\n|switch|p2a: Zapdos|Zapdos|100\/100\n|-ability|p2a: Zapdos|Pressure\n|move|p1a: Tornadus|Hurricane|p2a: Zapdos\n|-resisted|p2a: Zapdos\n|-damage|p2a: Zapdos|76\/100\n|-start|p2a: Zapdos|confusion\n|\n|upkeep\n|turn|15\n|\n|t:|1607635241\n|move|p1a: Tornadus|Knock Off|p2a: Zapdos\n|-damage|p2a: Zapdos|57\/100\n|-enditem|p2a: Zapdos|Heavy-Duty Boots|[from] move: Knock Off|[of] p1a: Tornadus\n|-activate|p2a: Zapdos|confusion\n|-damage|p2a: Zapdos|50\/100|[from] confusion\n|\n|upkeep\n|turn|16\n|\n|t:|1607635246\n|switch|p1a: Altaria|Altaria, M, shiny|100\/100\n|-activate|p2a: Zapdos|confusion\n|move|p2a: Zapdos|Roost|p2a: Zapdos\n|-heal|p2a: Zapdos|99\/100\n|-singleturn|p2a: Zapdos|move: Roost\n|\n|upkeep\n|turn|17\n|\n|t:|1607635257\n|switch|p2a: Nidoqueen|Nidoqueen, F|62\/100\n|move|p1a: Altaria|Dragon Dance|p1a: Altaria\n|-boost|p1a: Altaria|atk|1\n|-boost|p1a: Altaria|spe|1\n|\n|-heal|p2a: Nidoqueen|68\/100|[from] item: Black Sludge\n|upkeep\n|turn|18\n|\n|t:|1607635284\n|detailschange|p1a: Altaria|Altaria-Mega, M, shiny\n|-mega|p1a: Altaria|Altaria|Altarianite\n|move|p1a: Altaria|Earthquake|p2a: Nidoqueen\n|-supereffective|p2a: Nidoqueen\n|-damage|p2a: Nidoqueen|5\/100\n|move|p2a: Nidoqueen|Sludge Wave|p1a: Altaria\n|-supereffective|p1a: Altaria\n|-damage|p1a: Altaria|28\/100\n|\n|-heal|p2a: Nidoqueen|11\/100|[from] item: Black Sludge\n|upkeep\n|turn|19\n|\n|t:|1607635301\n|move|p1a: Altaria|Earthquake|p2a: Nidoqueen\n|-supereffective|p2a: Nidoqueen\n|-damage|p2a: Nidoqueen|0 fnt\n|faint|p2a: Nidoqueen\n|\n|upkeep\n|\n|t:|1607635349\n|switch|p2a: Cobalion|Cobalion|100\/100\n|turn|20\n|\n|t:|1607635381\n|switch|p1a: Ferrothorn|Ferrothorn, M|88\/100\n|move|p2a: Cobalion|Iron Head|p1a: Ferrothorn\n|-resisted|p1a: Ferrothorn\n|-damage|p1a: Ferrothorn|78\/100\n|-damage|p2a: Cobalion|88\/100|[from] ability: Iron Barbs|[of] p1a: Ferrothorn\n|\n|-heal|p1a: Ferrothorn|84\/100|[from] item: Leftovers\n|upkeep\n|turn|21\n|\n|t:|1607635391\n|move|p2a: Cobalion|Swords Dance|p2a: Cobalion\n|-boost|p2a: Cobalion|atk|2\n|move|p1a: Ferrothorn|Leech Seed|p2a: Cobalion\n|-start|p2a: Cobalion|move: Leech Seed\n|\n|-heal|p1a: Ferrothorn|90\/100|[from] item: Leftovers\n|-damage|p2a: Cobalion|76\/100|[from] Leech Seed|[of] p1a: Ferrothorn\n|-heal|p1a: Ferrothorn|100\/100|[silent]\n|upkeep\n|turn|22\n|\n|t:|1607635398\n|move|p2a: Cobalion|Stone Edge|p1a: Ferrothorn\n|-resisted|p1a: Ferrothorn\n|-damage|p1a: Ferrothorn|82\/100\n|move|p1a: Ferrothorn|Gyro Ball|p2a: Cobalion\n|-resisted|p2a: Cobalion\n|-damage|p2a: Cobalion|53\/100\n|\n|-heal|p1a: Ferrothorn|88\/100|[from] item: Leftovers\n|-damage|p2a: Cobalion|41\/100|[from] Leech Seed|[of] p1a: Ferrothorn\n|-heal|p1a: Ferrothorn|100\/100|[silent]\n|upkeep\n|turn|23\n|\n|t:|1607635403\n|move|p1a: Ferrothorn|Protect|p1a: Ferrothorn\n|-singleturn|p1a: Ferrothorn|Protect\n|move|p2a: Cobalion|Close Combat|p1a: Ferrothorn\n|-activate|p1a: Ferrothorn|move: Protect\n|\n|-damage|p2a: Cobalion|29\/100|[from] Leech Seed|[of] p1a: Ferrothorn\n|upkeep\n|turn|24\n|\n|t:|1607635411\n|move|p2a: Cobalion|Stone Edge|p1a: Ferrothorn|[miss]\n|-miss|p2a: Cobalion|p1a: Ferrothorn\n|move|p1a: Ferrothorn|Gyro Ball|p2a: Cobalion\n|-resisted|p2a: Cobalion\n|-damage|p2a: Cobalion|8\/100\n|\n|-damage|p2a: Cobalion|0 fnt|[from] Leech Seed|[of] p1a: Ferrothorn\n|faint|p2a: Cobalion\n|upkeep\n|\n|t:|1607635416\n|switch|p2a: Zapdos|Zapdos|99\/100\n|-ability|p2a: Zapdos|Pressure\n|turn|25\n|\n|t:|1607635419\n|move|p1a: Ferrothorn|Protect|p1a: Ferrothorn\n|-singleturn|p1a: Ferrothorn|Protect\n|move|p2a: Zapdos|Heat Wave|p1a: Ferrothorn\n|-activate|p1a: Ferrothorn|move: Protect\n|\n|upkeep\n|turn|26\n|\n|t:|1607635426\n|switch|p1a: Altaria|Altaria-Mega, M, shiny|28\/100\n|move|p2a: Zapdos|Heat Wave|p1a: Altaria\n|-resisted|p1a: Altaria\n|-damage|p1a: Altaria|15\/100\n|-status|p1a: Altaria|brn\n|\n|-damage|p1a: Altaria|9\/100 brn|[from] brn\n|upkeep\n|turn|27\n|c| Bananacrazy111|damn\n|\n|t:|1607635468\n|move|p2a: Zapdos|Heat Wave|p1a: Altaria\n|-resisted|p1a: Altaria\n|-damage|p1a: Altaria|0 fnt\n|faint|p1a: Altaria\n|\n|upkeep\n|\n|t:|1607635495\n|switch|p1a: Urshifu|Urshifu, M, shiny|100\/100\n|turn|28\n|\n|t:|1607635502\n|move|p1a: Urshifu|U-turn|p2a: Zapdos\n|-resisted|p2a: Zapdos\n|-damage|p2a: Zapdos|87\/100\n|\n|t:|1607635505\n|switch|p1a: Ferrothorn|Ferrothorn, M|100\/100|[from]move: U-turn\n|move|p2a: Zapdos|Hurricane|p1a: Ferrothorn\n|-damage|p1a: Ferrothorn|61\/100\n|\n|-heal|p1a: Ferrothorn|67\/100|[from] item: Leftovers\n|upkeep\n|turn|29\n|\n|t:|1607635511\n|move|p1a: Ferrothorn|Protect|p1a: Ferrothorn\n|-singleturn|p1a: Ferrothorn|Protect\n|move|p2a: Zapdos|Heat Wave|p1a: Ferrothorn\n|-activate|p1a: Ferrothorn|move: Protect\n|\n|-heal|p1a: Ferrothorn|73\/100|[from] item: Leftovers\n|upkeep\n|turn|30\n|\n|t:|1607635583\n|switch|p1a: Tornadus|Tornadus-Therian, M, shiny|100\/100\n|move|p2a: Zapdos|Heat Wave|p1a: Tornadus\n|-damage|p1a: Tornadus|71\/100\n|\n|upkeep\n|turn|31\n|\n|t:|1607635601\n|move|p1a: Tornadus|Knock Off|p2a: Zapdos\n|-damage|p2a: Zapdos|74\/100\n|move|p2a: Zapdos|Volt Switch|p1a: Tornadus\n|-supereffective|p1a: Tornadus\n|-damage|p1a: Tornadus|9\/100\n|\n|t:|1607635606\n|switch|p2a: Spectrier|Spectrier|100\/100|[from]move: Volt Switch\n|\n|upkeep\n|turn|32\n|\n|t:|1607635613\n|switch|p1a: Ferrothorn|Ferrothorn, M|73\/100\n|move|p2a: Spectrier|Shadow Ball|p1a: Ferrothorn\n|-damage|p1a: Ferrothorn|10\/100\n|\n|-heal|p1a: Ferrothorn|16\/100|[from] item: Leftovers\n|upkeep\n|turn|33\n|\n|t:|1607635618\n|move|p1a: Ferrothorn|Protect|p1a: Ferrothorn\n|-singleturn|p1a: Ferrothorn|Protect\n|move|p2a: Spectrier|Shadow Ball|p1a: Ferrothorn\n|-activate|p1a: Ferrothorn|move: Protect\n|\n|-heal|p1a: Ferrothorn|22\/100|[from] item: Leftovers\n|upkeep\n|turn|34\n|\n|t:|1607635621\n|move|p2a: Spectrier|Shadow Ball|p1a: Ferrothorn\n|-damage|p1a: Ferrothorn|0 fnt\n|faint|p1a: Ferrothorn\n|-ability|p2a: Spectrier|Grim Neigh|boost\n|-boost|p2a: Spectrier|spa|1\n|\n|upkeep\n|\n|t:|1607635622\n|switch|p1a: Urshifu|Urshifu, M, shiny|100\/100\n|turn|35\n|\n|t:|1607635631\n|switch|p2a: Cryogonal|Cryogonal|100\/100\n|move|p1a: Urshifu|Wicked Blow|p2a: Cryogonal\n|-crit|p2a: Cryogonal\n|-damage|p2a: Cryogonal|0 fnt\n|faint|p2a: Cryogonal\n|\n|upkeep\n|\n|t:|1607635652\n|switch|p2a: Diancie|Diancie|100\/100\n|turn|36\n|\n|t:|1607635686\n|switch|p1a: Tornadus|Tornadus-Therian, M, shiny|42\/100\n|detailschange|p2a: Diancie|Diancie-Mega\n|-mega|p2a: Diancie|Diancie|Diancite\n|move|p2a: Diancie|Diamond Storm|p1a: Tornadus\n|-supereffective|p1a: Tornadus\n|-damage|p1a: Tornadus|0 fnt\n|faint|p1a: Tornadus\n|\n|upkeep\n|\n|t:|1607635691\n|switch|p1a: Gengar|Gengar, F, shiny|100\/100\n|turn|37\n|c| Bananacrazy111|o o f\n|c| ASword6|hp steel go\n|\n|t:|1607635705\n|move|p2a: Diancie|Diamond Storm|p1a: Gengar\n|-damage|p1a: Gengar|2\/100\n|-boost|p2a: Diancie|def|2\n|move|p1a: Gengar|Energy Ball|p2a: Diancie\n|-supereffective|p2a: Diancie\n|-damage|p2a: Diancie|13\/100\n|\n|upkeep\n|turn|38\n|c| ASword6|Close enough\n|c| Bananacrazy111|expertly evd\n|c| Bananacrazy111|except actually\n|c| ASword6|Is it a tie?\n|c| Bananacrazy111|potentially\n|c| Bananacrazy111|depends on the spread(s)\n|\n|t:|1607635745\n|move|p2a: Diancie|Moonblast|p1a: Gengar\n|-resisted|p1a: Gengar\n|-damage|p1a: Gengar|0 fnt\n|faint|p1a: Gengar\n|\n|upkeep\n|c| ASword6|:pex:\n|\n|t:|1607635747\n|switch|p1a: Urshifu|Urshifu, M, shiny|100\/100\n|turn|39\n|c| Bananacrazy111|so\n|\n|t:|1607635754\n|move|p1a: Urshifu|Wicked Blow|p2a: Diancie\n|-resisted|p2a: Diancie\n|-crit|p2a: Diancie\n|-damage|p2a: Diancie|0 fnt\n|faint|p2a: Diancie\n|\n|upkeep\n|c| Bananacrazy111|is urshi scarfed\n|c| ASword6|I hope that wasn't a tie\n|c| Bananacrazy111|that would be a yes\n|c|\u2606TehranTyphlosions|it was a tie\n|c|\u2606ALPHABETB0Y|it is\n|c| ASword6|Damn\n|\n|t:|1607635772\n|switch|p2a: Zapdos|Zapdos|74\/100\n|-ability|p2a: Zapdos|Pressure\n|turn|40\n|c|\u2606ALPHABETB0Y|comes done to .. \n|c|\u2606ALPHABETB0Y|down*\n|\n|t:|1607635784\n|move|p1a: Urshifu|Wicked Blow|p2a: Zapdos\n|-crit|p2a: Zapdos\n|-damage|p2a: Zapdos|5\/100\n|move|p2a: Zapdos|Hurricane|p1a: Urshifu\n|-supereffective|p1a: Urshifu\n|-damage|p1a: Urshifu|0 fnt\n|faint|p1a: Urshifu\n|\n|win|ALPHABETB0Y\n","uploadtime":1607635785,"views":21,"p1id":"tehrantyphlosions","p2id":"alphabetb0y","formatid":"gen8nationaldexdlclegacy","rating":0,"private":0,"password":null}