{"id":"sports-gen8nationaldexdlclegacy-310124","p1":"TehranTyphlosions","p2":"Pyongyang Pinsirs","format":"gen8nationaldexdlclegacy","log":"|j|\u2606TehranTyphlosions\n|j|\u2606Pyongyang Pinsirs\n|t:|1609646301\n|player|p1|TehranTyphlosions|clair|\n|player|p2|Pyongyang Pinsirs|li|\n|teamsize|p1|6\n|teamsize|p2|6\n|gametype|singles\n|gen|8\n|tier|[Gen 8] National Dex DLC Legacy\n|rule|Sleep Clause Mod: Limit one foe put to sleep\n|rule|OHKO Clause: OHKO moves are banned\n|rule|Evasion Moves Clause: Evasion moves are banned\n|rule|Endless Battle Clause: Forcing endless battles is banned\n|rule|HP Percentage Mod: HP is shown in percentages\n|clearpoke\n|poke|p1|Milotic, F|\n|poke|p1|Ferrothorn, F|\n|poke|p1|Gengar, M|\n|poke|p1|Urshifu-*, M|\n|poke|p1|Eelektross, M|\n|poke|p1|Tornadus-Therian, M|\n|poke|p2|Thundurus-Therian, M|\n|poke|p2|Volcanion|\n|poke|p2|Togekiss, F|\n|poke|p2|Garchomp, F|\n|poke|p2|Scizor, F|\n|poke|p2|Froslass, F|\n|rule|Dynamax Clause: You cannot dynamax\n|teampreview\n|html|<button name=\"send\" class=\"button\" value=\"\/timer ds\"><i class=\"fa fa-hourglass-start\"><\/i> DS Timer<\/button> <button name=\"send\" class=\"button\" value=\"\/timer smogon\"><i class=\"fa fa-hourglass-start\"><\/i> Smogon Timer<\/button>\n|c|\u2606TehranTyphlosions|gl gl\n|j| EGALombres\n|j| PorygonTheBot\n|c| PorygonTheBot|Porygon has digitalized into the match... booting up... successfully calibrating stats!\n|j| Bananacrazy111\n|j| jeanmachine22\n|c|\u2606Pyongyang Pinsirs|Gl hf\n|\n|t:|1609646412\n|start\n|switch|p1a: Eelektross|Eelektross, M|100\/100\n|switch|p2a: Garchomp|Garchomp, F|100\/100\n|turn|1\n|\n|t:|1609646455\n|switch|p1a: Milotic|Milotic, F|100\/100\n|move|p2a: Garchomp|Stealth Rock|p1a: Milotic\n|-sidestart|p1: TehranTyphlosions|move: Stealth Rock\n|\n|-status|p1a: Milotic|brn|[from] item: Flame Orb\n|upkeep\n|turn|2\n|\n|t:|1609646468\n|switch|p2a: Volcanion|Volcanion|100\/100\n|move|p1a: Milotic|Ice Beam|p2a: Volcanion\n|-resisted|p2a: Volcanion\n|-damage|p2a: Volcanion|98\/100\n|\n|-damage|p1a: Milotic|94\/100 brn|[from] brn\n|upkeep\n|turn|3\n|c| jeanmachine22|chip\n|\n|t:|1609646531\n|switch|p2a: Scizor|Scizor, F|100\/100\n|move|p1a: Milotic|Flip Turn|p2a: Scizor\n|-damage|p2a: Scizor|94\/100\n|c| EGALombres|human?\n|\n|t:|1609646550\n|switch|p1a: Eelektross|Eelektross, M|100\/100|[from]move: Flip Turn\n|-damage|p1a: Eelektross|88\/100|[from] Stealth Rock\n|\n|upkeep\n|turn|4\n|\n|t:|1609646580\n|switch|p2a: Garchomp|Garchomp, F|100\/100\n|move|p1a: Eelektross|Flamethrower|p2a: Garchomp\n|-resisted|p2a: Garchomp\n|-damage|p2a: Garchomp|89\/100\n|\n|-heal|p2a: Garchomp|95\/100|[from] item: Leftovers\n|upkeep\n|turn|5\n|\n|t:|1609646600\n|switch|p1a: Milotic|Milotic, F|94\/100 brn\n|-damage|p1a: Milotic|82\/100 brn|[from] Stealth Rock\n|move|p2a: Garchomp|Earthquake|p1a: Milotic\n|-damage|p1a: Milotic|61\/100 brn\n|\n|-heal|p2a: Garchomp|100\/100|[from] item: Leftovers\n|-damage|p1a: Milotic|55\/100 brn|[from] brn\n|upkeep\n|turn|6\n|\n|t:|1609646617\n|switch|p2a: Thundurus|Thundurus-Therian, M|100\/100\n|move|p1a: Milotic|Recover|p1a: Milotic\n|-heal|p1a: Milotic|100\/100 brn\n|\n|-damage|p1a: Milotic|94\/100 brn|[from] brn\n|upkeep\n|turn|7\n|\n|t:|1609646625\n|switch|p1a: Eelektross|Eelektross, M|88\/100\n|-damage|p1a: Eelektross|76\/100|[from] Stealth Rock\n|move|p2a: Thundurus|Volt Switch|p1a: Eelektross\n|-resisted|p1a: Eelektross\n|-damage|p1a: Eelektross|55\/100\n|\n|t:|1609646643\n|switch|p2a: Volcanion|Volcanion|98\/100|[from]move: Volt Switch\n|\n|upkeep\n|turn|8\n|j| EGAKecleons\n|\n|t:|1609646656\n|move|p2a: Volcanion|Steam Eruption|p1a: Eelektross\n|-damage|p1a: Eelektross|20\/100\n|-status|p1a: Eelektross|brn\n|move|p1a: Eelektross|Volt Switch|p2a: Volcanion\n|-supereffective|p2a: Volcanion\n|-damage|p2a: Volcanion|68\/100\n|c|\u2606Pyongyang Pinsirs|Sry burn\n|c|\u2606TehranTyphlosions|youre good lol\n|\n|t:|1609646728\n|switch|p1a: Urshifu|Urshifu, M|100\/100|[from]move: Volt Switch\n|-damage|p1a: Urshifu|94\/100|[from] Stealth Rock\n|\n|upkeep\n|turn|9\n|\n|t:|1609646745\n|move|p1a: Urshifu|Wicked Blow|p2a: Volcanion\n|-crit|p2a: Volcanion\n|-damage|p2a: Volcanion|0 fnt\n|faint|p2a: Volcanion\n|\n|upkeep\n|c|\u2606Pyongyang Pinsirs|Uuuhh\n|\n|t:|1609646771\n|switch|p2a: Scizor|Scizor, F|94\/100\n|turn|10\n|j| Nexomaki\n|\n|t:|1609646802\n|switch|p1a: Eelektross|Eelektross, M|20\/100 brn\n|-damage|p1a: Eelektross|8\/100 brn|[from] Stealth Rock\n|detailschange|p2a: Scizor|Scizor-Mega, F\n|-mega|p2a: Scizor|Scizor|Scizorite\n|move|p2a: Scizor|U-turn|p1a: Eelektross\n|-damage|p1a: Eelektross|0 fnt\n|faint|p1a: Eelektross\n|\n|t:|1609646837\n|switch|p2a: Thundurus|Thundurus-Therian, M|100\/100|[from]move: U-turn\n|\n|upkeep\n|\n|t:|1609646855\n|switch|p1a: Urshifu|Urshifu, M|94\/100\n|-damage|p1a: Urshifu|88\/100|[from] Stealth Rock\n|turn|11\n|\n|t:|1609646862\n|switch|p2a: Scizor|Scizor-Mega, F|94\/100\n|move|p1a: Urshifu|Wicked Blow|p2a: Scizor\n|-crit|p2a: Scizor\n|-damage|p2a: Scizor|19\/100\n|\n|upkeep\n|turn|12\n|\n|t:|1609646873\n|move|p1a: Urshifu|Wicked Blow|p2a: Scizor\n|-crit|p2a: Scizor\n|-damage|p2a: Scizor|0 fnt\n|faint|p2a: Scizor\n|\n|upkeep\n|\n|t:|1609646877\n|switch|p2a: Togekiss|Togekiss, F|100\/100\n|turn|13\n|\n|t:|1609646891\n|switch|p1a: Milotic|Milotic, F|94\/100 brn\n|-damage|p1a: Milotic|82\/100 brn|[from] Stealth Rock\n|move|p2a: Togekiss|Air Slash|p1a: Milotic\n|-damage|p1a: Milotic|58\/100 brn\n|\n|-damage|p1a: Milotic|52\/100 brn|[from] brn\n|upkeep\n|turn|14\n|\n|t:|1609646914\n|move|p1a: Milotic|Recover|p1a: Milotic\n|-heal|p1a: Milotic|100\/100 brn\n|move|p2a: Togekiss|Wish|p2a: Togekiss\n|\n|-damage|p1a: Milotic|94\/100 brn|[from] brn\n|upkeep\n|turn|15\n|\n|t:|1609646921\n|switch|p2a: Thundurus|Thundurus-Therian, M|100\/100\n|move|p1a: Milotic|Flip Turn|p2a: Thundurus\n|-damage|p2a: Thundurus|91\/100\n|\n|t:|1609646953\n|switch|p1a: Ferrothorn|Ferrothorn, F|100\/100|[from]move: Flip Turn\n|-damage|p1a: Ferrothorn|95\/100|[from] Stealth Rock\n|\n|-heal|p2a: Thundurus|100\/100|[from] move: Wish|[wisher] Togekiss\n|upkeep\n|turn|16\n|\n|t:|1609646973\n|move|p2a: Thundurus|Thunderbolt|p1a: Ferrothorn\n|-resisted|p1a: Ferrothorn\n|-damage|p1a: Ferrothorn|65\/100\n|move|p1a: Ferrothorn|Leech Seed|p2a: Thundurus\n|-start|p2a: Thundurus|move: Leech Seed\n|\n|-damage|p2a: Thundurus|88\/100|[from] Leech Seed|[of] p1a: Ferrothorn\n|-heal|p1a: Ferrothorn|75\/100|[silent]\n|upkeep\n|turn|17\n|\n|t:|1609646979\n|switch|p2a: Garchomp|Garchomp, F|100\/100\n|move|p1a: Ferrothorn|Spikes|p2a: Garchomp\n|-sidestart|p2: Pyongyang Pinsirs|Spikes\n|\n|upkeep\n|turn|18\n|\n|t:|1609646990\n|switch|p2a: Thundurus|Thundurus-Therian, M|88\/100\n|switch|p1a: Milotic|Milotic, F|94\/100 brn\n|-damage|p1a: Milotic|82\/100 brn|[from] Stealth Rock\n|\n|-damage|p1a: Milotic|76\/100 brn|[from] brn\n|upkeep\n|turn|19\n|\n|t:|1609647008\n|switch|p1a: Ferrothorn|Ferrothorn, F|75\/100\n|-damage|p1a: Ferrothorn|69\/100|[from] Stealth Rock\n|move|p2a: Thundurus|Volt Switch|p1a: Ferrothorn\n|-resisted|p1a: Ferrothorn\n|-damage|p1a: Ferrothorn|48\/100\n|\n|t:|1609647014\n|switch|p2a: Garchomp|Garchomp, F|100\/100|[from]move: Volt Switch\n|-damage|p2a: Garchomp|88\/100|[from] Spikes\n|\n|-heal|p2a: Garchomp|94\/100|[from] item: Leftovers\n|upkeep\n|turn|20\n|\n|t:|1609647021\n|move|p1a: Ferrothorn|Protect|p1a: Ferrothorn\n|-singleturn|p1a: Ferrothorn|Protect\n|move|p2a: Garchomp|Fire Blast|p1a: Ferrothorn\n|-activate|p1a: Ferrothorn|move: Protect\n|\n|-heal|p2a: Garchomp|99\/100|[from] item: Leftovers\n|upkeep\n|turn|21\n|\n|t:|1609647025\n|move|p2a: Garchomp|Fire Blast|p1a: Ferrothorn\n|-supereffective|p1a: Ferrothorn\n|-damage|p1a: Ferrothorn|0 fnt\n|faint|p1a: Ferrothorn\n|\n|-heal|p2a: Garchomp|100\/100|[from] item: Leftovers\n|upkeep\n|\n|t:|1609647055\n|switch|p1a: Urshifu|Urshifu, M|88\/100\n|-damage|p1a: Urshifu|82\/100|[from] Stealth Rock\n|turn|22\n|\n|t:|1609647064\n|switch|p2a: Togekiss|Togekiss, F|100\/100\n|move|p1a: Urshifu|Wicked Blow|p2a: Togekiss\n|-resisted|p2a: Togekiss\n|-crit|p2a: Togekiss\n|-damage|p2a: Togekiss|64\/100\n|\n|-heal|p2a: Togekiss|70\/100|[from] item: Leftovers\n|upkeep\n|turn|23\n|\n|t:|1609647072\n|switch|p1a: Milotic|Milotic, F|76\/100 brn\n|-damage|p1a: Milotic|63\/100 brn|[from] Stealth Rock\n|move|p2a: Togekiss|Wish|p2a: Togekiss\n|\n|-heal|p2a: Togekiss|76\/100|[from] item: Leftovers\n|-damage|p1a: Milotic|57\/100 brn|[from] brn\n|upkeep\n|turn|24\n|\n|t:|1609647091\n|switch|p2a: Froslass|Froslass, F|100\/100\n|-damage|p2a: Froslass|88\/100|[from] Spikes\n|move|p1a: Milotic|Ice Beam|p2a: Froslass\n|-resisted|p2a: Froslass\n|-damage|p2a: Froslass|72\/100\n|-start|p1a: Milotic|Disable|Ice Beam|[from] ability: Cursed Body|[of] p2a: Froslass\n|\n|-heal|p2a: Froslass|100\/100|[from] move: Wish|[wisher] Togekiss\n|-damage|p1a: Milotic|51\/100 brn|[from] brn\n|upkeep\n|turn|25\n|\n|t:|1609647111\n|move|p2a: Froslass|Poltergeist|p1a: Milotic\n|-activate|p1a: Milotic|move: Poltergeist|Flame Orb\n|-crit|p1a: Milotic\n|-damage|p1a: Milotic|19\/100 brn\n|move|p1a: Milotic|Flip Turn|p2a: Froslass\n|-damage|p2a: Froslass|90\/100\n|\n|t:|1609647119\n|switch|p1a: Urshifu|Urshifu, M|82\/100|[from]move: Flip Turn\n|-damage|p1a: Urshifu|76\/100|[from] Stealth Rock\n|\n|upkeep\n|turn|26\n|\n|t:|1609647139\n|switch|p2a: Garchomp|Garchomp, F|100\/100\n|-damage|p2a: Garchomp|88\/100|[from] Spikes\n|move|p1a: Urshifu|Iron Head|p2a: Garchomp\n|-damage|p2a: Garchomp|48\/100\n|-damage|p1a: Urshifu|64\/100|[from] ability: Rough Skin|[of] p2a: Garchomp\n|\n|-heal|p2a: Garchomp|54\/100|[from] item: Leftovers\n|upkeep\n|turn|27\n|\n|t:|1609647164\n|switch|p1a: Milotic|Milotic, F|19\/100 brn\n|-damage|p1a: Milotic|7\/100 brn|[from] Stealth Rock\n|move|p2a: Garchomp|Earthquake|p1a: Milotic\n|-damage|p1a: Milotic|0 fnt\n|faint|p1a: Milotic\n|\n|-heal|p2a: Garchomp|60\/100|[from] item: Leftovers\n|upkeep\n|\n|t:|1609647165\n|switch|p1a: Tornadus|Tornadus-Therian, M|100\/100\n|turn|28\n|\n|t:|1609647180\n|move|p1a: Tornadus|Nasty Plot|p1a: Tornadus\n|-boost|p1a: Tornadus|spa|2\n|move|p2a: Garchomp|Fire Blast|p1a: Tornadus\n|-damage|p1a: Tornadus|72\/100\n|\n|-heal|p2a: Garchomp|67\/100|[from] item: Leftovers\n|upkeep\n|turn|29\n|\n|t:|1609647187\n|move|p1a: Tornadus|Icy Wind|p2a: Garchomp\n|-supereffective|p2a: Garchomp\n|-damage|p2a: Garchomp|0 fnt\n|faint|p2a: Garchomp\n|\n|upkeep\n|\n|t:|1609647190\n|switch|p2a: Froslass|Froslass, F|90\/100\n|-damage|p2a: Froslass|77\/100|[from] Spikes\n|turn|30\n|\n|t:|1609647196\n|move|p2a: Froslass|Triple Axel|p1a: Tornadus\n|-supereffective|p1a: Tornadus\n|-damage|p1a: Tornadus|51\/100\n|-supereffective|p1a: Tornadus\n|-damage|p1a: Tornadus|8\/100\n|-supereffective|p1a: Tornadus\n|-damage|p1a: Tornadus|0 fnt\n|-hitcount|p1a: Tornadus|3\n|faint|p1a: Tornadus\n|\n|upkeep\n|c| EGALombres|oml\n|c|\u2606Pyongyang Pinsirs|Lets go froslass\n|\n|t:|1609647257\n|switch|p1a: Urshifu|Urshifu, M|64\/100\n|-damage|p1a: Urshifu|57\/100|[from] Stealth Rock\n|turn|31\n|\n|t:|1609647288\n|switch|p2a: Togekiss|Togekiss, F|76\/100\n|move|p1a: Urshifu|Wicked Blow|p2a: Togekiss\n|-resisted|p2a: Togekiss\n|-crit|p2a: Togekiss\n|-damage|p2a: Togekiss|38\/100\n|\n|-heal|p2a: Togekiss|44\/100|[from] item: Leftovers\n|upkeep\n|turn|32\n|\n|t:|1609647296\n|move|p1a: Urshifu|Wicked Blow|p2a: Togekiss\n|-resisted|p2a: Togekiss\n|-crit|p2a: Togekiss\n|-damage|p2a: Togekiss|11\/100\n|move|p2a: Togekiss|Wish|p2a: Togekiss\n|\n|-heal|p2a: Togekiss|17\/100|[from] item: Leftovers\n|upkeep\n|turn|33\n|\n|t:|1609647300\n|move|p2a: Togekiss|Protect|p2a: Togekiss\n|-singleturn|p2a: Togekiss|Protect\n|move|p1a: Urshifu|Wicked Blow|p2a: Togekiss\n|-resisted|p2a: Togekiss\n|-crit|p2a: Togekiss\n|-damage|p2a: Togekiss|0 fnt\n|faint|p2a: Togekiss\n|\n|upkeep\n|c| EGALombres|wait\n|c| EGALombres|.\n|c| Bananacrazy111|.\n|c|\u2606Pyongyang Pinsirs|Bruh\n|c| Nexomaki|unseen fist dude \n|\n|t:|1609647315\n|switch|p2a: Thundurus|Thundurus-Therian, M|88\/100\n|turn|34\n|c| jeanmachine22|unseen fists lol\n|c| Nexomaki|nooooooo\n|c|\u2606Pyongyang Pinsirs|I think i still win\n|\n|t:|1609647351\n|move|p2a: Thundurus|Thunderbolt|p1a: Urshifu\n|-damage|p1a: Urshifu|0 fnt\n|faint|p1a: Urshifu\n|\n|upkeep\n|\n|t:|1609647352\n|switch|p1a: Gengar|Gengar, M|100\/100\n|-damage|p1a: Gengar|88\/100|[from] Stealth Rock\n|turn|35\n|c|\u2606TehranTyphlosions|yea\n|c| EGALombres|think barring crit u do ye\n|c| EGAKecleons|NO SEANNN\n|\n|t:|1609647369\n|move|p1a: Gengar|Sludge Wave|p2a: Thundurus\n|-damage|p2a: Thundurus|26\/100\n|move|p2a: Thundurus|Thunderbolt|p1a: Gengar\n|-damage|p1a: Gengar|0 fnt\n|-start|p2a: Thundurus|Disable|Thunderbolt|[from] ability: Cursed Body|[of] p1a: Gengar\n|faint|p1a: Gengar\n|\n|win|Pyongyang Pinsirs\n","uploadtime":1609647370,"views":24,"p1id":"tehrantyphlosions","p2id":"pyongyangpinsirs","formatid":"gen8nationaldexdlclegacy","rating":0,"private":0,"password":null}