{"id":"sports-gen8nationaldexdlcdraft-378241","p1":"rockyrolo","p2":"DjezzeMwoan","format":"gen8nationaldexdlcdraft","log":"|j|\u2606rockyrolo\n|j|\u2606DjezzeMwoan\n|t:|1617227225\n|player|p1|rockyrolo|psychic-gen4|\n|player|p2|DjezzeMwoan|52|\n|teamsize|p1|6\n|teamsize|p2|6\n|gametype|singles\n|gen|8\n|tier|[Gen 8] National Dex DLC Draft\n|rule|Sleep Clause Mod: Limit one foe put to sleep\n|rule|OHKO Clause: OHKO moves are banned\n|rule|Evasion Moves Clause: Evasion moves are banned\n|rule|Endless Battle Clause: Forcing endless battles is banned\n|rule|HP Percentage Mod: HP is shown in percentages\n|clearpoke\n|poke|p1|Latias, F|\n|poke|p1|Skarmory, M|\n|poke|p1|Eldegoss, M|\n|poke|p1|Greninja, F|\n|poke|p1|Blaziken, F|\n|poke|p1|Slowking-Galar, F|\n|poke|p2|Cresselia, F|\n|poke|p2|Regirock|\n|poke|p2|Ho-Oh|\n|poke|p2|Scizor, M|\n|poke|p2|Zygarde|\n|poke|p2|Drapion, M|\n|rule|Dynamax Clause: You cannot dynamax\n|teampreview\n|html|<button name=\"send\" class=\"button\" value=\"\/timer ds\"><i class=\"fa fa-hourglass-start\"><\/i> DS Timer<\/button> <button name=\"send\" class=\"button\" value=\"\/timer smogon\"><i class=\"fa fa-hourglass-start\"><\/i> Smogon Timer<\/button>\n|c|\u2606DjezzeMwoan|gllhf\n|c|\u2606rockyrolo|Jij ook!\n|c|\u2606DjezzeMwoan|tering vergeet steeds dat je nederlands bent\n|c|\u2606rockyrolo|Haha\n|\n|t:|1617227266\n|start\n|switch|p1a: Kikker & Vriendjes|Greninja, F|100\/100\n|switch|p2a: Tri Feniks|Ho-Oh|100\/100\n|-ability|p2a: Tri Feniks|Pressure\n|turn|1\n|\n|t:|1617227276\n|move|p1a: Kikker & Vriendjes|Substitute|p1a: Kikker & Vriendjes\n|-start|p1a: Kikker & Vriendjes|typechange|Normal|[from] ability: Protean\n|-start|p1a: Kikker & Vriendjes|Substitute\n|-damage|p1a: Kikker & Vriendjes|76\/100\n|move|p2a: Tri Feniks|Toxic||[still]\n|-fail|p2a: Tri Feniks\n|\n|-heal|p1a: Kikker & Vriendjes|82\/100|[from] item: Leftovers\n|upkeep\n|turn|2\n|\n|t:|1617227287\n|move|p1a: Kikker & Vriendjes|Scald|p2a: Tri Feniks\n|-start|p1a: Kikker & Vriendjes|typechange|Water|[from] ability: Protean\n|-supereffective|p2a: Tri Feniks\n|-damage|p2a: Tri Feniks|54\/100\n|move|p2a: Tri Feniks|Flamethrower|p1a: Kikker & Vriendjes\n|-resisted|p1a: Kikker & Vriendjes\n|-activate|p1a: Kikker & Vriendjes|move: Substitute|[damage]\n|\n|-heal|p1a: Kikker & Vriendjes|88\/100|[from] item: Leftovers\n|upkeep\n|turn|3\n|c|\u2606DjezzeMwoan|wat is dit nou weer voor lijpe mik\n|c|\u2606rockyrolo|:P\n|\n|t:|1617227301\n|move|p1a: Kikker & Vriendjes|Taunt|p2a: Tri Feniks\n|-start|p1a: Kikker & Vriendjes|typechange|Dark|[from] ability: Protean\n|-start|p2a: Tri Feniks|move: Taunt\n|cant|p2a: Tri Feniks|move: Taunt|Roost\n|\n|-heal|p1a: Kikker & Vriendjes|94\/100|[from] item: Leftovers\n|upkeep\n|turn|4\n|\n|t:|1617227314\n|switch|p2a: Super Uppercut|Drapion, M|100\/100\n|move|p1a: Kikker & Vriendjes|Scald|p2a: Super Uppercut\n|-start|p1a: Kikker & Vriendjes|typechange|Water|[from] ability: Protean\n|-damage|p2a: Super Uppercut|64\/100\n|\n|-heal|p1a: Kikker & Vriendjes|99\/100|[from] item: Leftovers\n|-heal|p2a: Super Uppercut|71\/100|[from] item: Black Sludge\n|upkeep\n|turn|5\n|\n|t:|1617227321\n|move|p1a: Kikker & Vriendjes|Scald|p2a: Super Uppercut\n|-damage|p2a: Super Uppercut|37\/100\n|move|p2a: Super Uppercut|Leech Life|p1a: Kikker & Vriendjes\n|-end|p1a: Kikker & Vriendjes|Substitute\n|-heal|p2a: Super Uppercut|38\/100|[from] drain|[of] p1a: Kikker & Vriendjes\n|\n|-heal|p1a: Kikker & Vriendjes|100\/100|[from] item: Leftovers\n|-heal|p2a: Super Uppercut|44\/100|[from] item: Black Sludge\n|upkeep\n|turn|6\n|c|\u2606DjezzeMwoan|mag ik mijn greninja counter terug\n|c|\u2606DjezzeMwoan|please\n|c|\u2606DjezzeMwoan|lol\n|c|\u2606rockyrolo|Haha wat was die?\n|c|\u2606DjezzeMwoan|die zit op de bank lmao\n|c|\u2606DjezzeMwoan|ik dacht dat het geen 'protean was\n|c|\u2606rockyrolo|rip\n|c|\u2606DjezzeMwoan|dus had er niet echt voor geprepped\n|c|\u2606rockyrolo|ah fair\n|c|\u2606rockyrolo|Ja da's wel nasty\n|\n|t:|1617227381\n|switch|p1a: Tata Steel|Skarmory, M|100\/100\n|move|p2a: Super Uppercut|Knock Off|p1a: Tata Steel\n|-damage|p1a: Tata Steel|82\/100\n|-damage|p2a: Super Uppercut|28\/100|[from] item: Rocky Helmet|[of] p1a: Tata Steel\n|-enditem|p1a: Tata Steel|Rocky Helmet|[from] move: Knock Off|[of] p2a: Super Uppercut\n|\n|-heal|p2a: Super Uppercut|34\/100|[from] item: Black Sludge\n|upkeep\n|turn|7\n|c|\u2606DjezzeMwoan|ach ja komt wel goed\n|\n|t:|1617227393\n|switch|p2a: Tri Feniks|Ho-Oh|54\/100\n|-ability|p2a: Tri Feniks|Pressure\n|move|p1a: Tata Steel|Drill Peck|p2a: Tri Feniks\n|-damage|p2a: Tri Feniks|34\/100\n|\n|upkeep\n|turn|8\n|\n|t:|1617227400\n|switch|p1a: De W van Willem!|Slowking-Galar, F|100\/100\n|move|p2a: Tri Feniks|Toxic|p1a: De W van Willem!\n|-immune|p1a: De W van Willem!\n|\n|upkeep\n|turn|9\n|\n|t:|1617227413\n|move|p2a: Tri Feniks|Roost|p2a: Tri Feniks\n|-heal|p2a: Tri Feniks|85\/100\n|-singleturn|p2a: Tri Feniks|move: Roost\n|move|p1a: De W van Willem!|Sludge Bomb|p2a: Tri Feniks\n|-damage|p2a: Tri Feniks|58\/100\n|\n|upkeep\n|turn|10\n|\n|t:|1617227417\n|switch|p2a: Super Uppercut|Drapion, M|34\/100\n|move|p1a: De W van Willem!|Sludge Bomb|p2a: Super Uppercut\n|-resisted|p2a: Super Uppercut\n|-damage|p2a: Super Uppercut|14\/100\n|\n|-heal|p2a: Super Uppercut|20\/100|[from] item: Black Sludge\n|upkeep\n|turn|11\n|\n|t:|1617227423\n|switch|p2a: Tri Feniks|Ho-Oh|58\/100\n|-ability|p2a: Tri Feniks|Pressure\n|switch|p1a: Tata Steel|Skarmory, M|82\/100\n|\n|upkeep\n|turn|12\n|\n|t:|1617227428\n|switch|p1a: De W van Willem!|Slowking-Galar, F|100\/100\n|move|p2a: Tri Feniks|Flamethrower|p1a: De W van Willem!\n|-damage|p1a: De W van Willem!|83\/100\n|\n|upkeep\n|turn|13\n|\n|t:|1617227433\n|switch|p2a: Driehoek Z|Zygarde|100\/100\n|-ability|p2a: Driehoek Z|Aura Break\n|move|p1a: De W van Willem!|Sludge Bomb|p2a: Driehoek Z\n|-resisted|p2a: Driehoek Z\n|-damage|p2a: Driehoek Z|82\/100\n|-status|p2a: Driehoek Z|psn\n|\n|-heal|p2a: Driehoek Z|89\/100 psn|[from] item: Leftovers\n|-damage|p2a: Driehoek Z|76\/100 psn|[from] psn\n|upkeep\n|turn|14\n|c|\u2606rockyrolo|sorry\n|\n|t:|1617227446\n|switch|p2a: Boor Beuker|Scizor, M|100\/100\n|switch|p1a: Intratuin|Eldegoss, M|100\/100\n|\n|upkeep\n|turn|15\n|\n|t:|1617227454\n|switch|p1a: Tata Steel|Skarmory, M|82\/100\n|detailschange|p2a: Boor Beuker|Scizor-Mega, M\n|-mega|p2a: Boor Beuker|Scizor|Scizorite\n|move|p2a: Boor Beuker|U-turn|p1a: Tata Steel\n|-resisted|p1a: Tata Steel\n|-damage|p1a: Tata Steel|78\/100\n|c|\u2606DjezzeMwoan|het is 30 %\n|\n|t:|1617227459\n|switch|p2a: Tri Feniks|Ho-Oh|58\/100|[from]move: U-turn\n|-ability|p2a: Tri Feniks|Pressure\n|\n|upkeep\n|turn|16\n|c|\u2606rockyrolo|yeah\n|\n|t:|1617227465\n|switch|p2a: Super Uppercut|Drapion, M|20\/100\n|switch|p1a: De W van Willem!|Slowking-Galar, F|100\/100\n|\n|-heal|p2a: Super Uppercut|26\/100|[from] item: Black Sludge\n|upkeep\n|turn|17\n|\n|t:|1617227471\n|switch|p1a: Tata Steel|Skarmory, M|78\/100\n|move|p2a: Super Uppercut|Knock Off|p1a: Tata Steel\n|-damage|p1a: Tata Steel|64\/100\n|\n|-heal|p2a: Super Uppercut|32\/100|[from] item: Black Sludge\n|upkeep\n|turn|18\n|\n|t:|1617227478\n|move|p2a: Super Uppercut|Knock Off|p1a: Tata Steel\n|-damage|p1a: Tata Steel|52\/100\n|move|p1a: Tata Steel|Roost|p1a: Tata Steel\n|-heal|p1a: Tata Steel|100\/100\n|-singleturn|p1a: Tata Steel|move: Roost\n|\n|-heal|p2a: Super Uppercut|38\/100|[from] item: Black Sludge\n|upkeep\n|turn|19\n|\n|t:|1617227481\n|switch|p2a: Tri Feniks|Ho-Oh|58\/100\n|-ability|p2a: Tri Feniks|Pressure\n|move|p1a: Tata Steel|Drill Peck|p2a: Tri Feniks\n|-damage|p2a: Tri Feniks|37\/100\n|\n|upkeep\n|turn|20\n|\n|t:|1617227487\n|switch|p1a: De W van Willem!|Slowking-Galar, F|100\/100\n|move|p2a: Tri Feniks|Flamethrower|p1a: De W van Willem!\n|-damage|p1a: De W van Willem!|84\/100\n|\n|upkeep\n|turn|21\n|\n|t:|1617227493\n|switch|p2a: Driehoek Z|Zygarde|76\/100 psn\n|-ability|p2a: Driehoek Z|Aura Break\n|move|p1a: De W van Willem!|Scald|p2a: Driehoek Z\n|-damage|p2a: Driehoek Z|55\/100 psn\n|\n|-heal|p2a: Driehoek Z|61\/100 psn|[from] item: Leftovers\n|-damage|p2a: Driehoek Z|49\/100 psn|[from] psn\n|upkeep\n|turn|22\n|\n|t:|1617227501\n|switch|p2a: Tri Feniks|Ho-Oh|37\/100\n|-ability|p2a: Tri Feniks|Pressure\n|switch|p1a: Intratuin|Eldegoss, M|100\/100\n|\n|upkeep\n|turn|23\n|\n|t:|1617227507\n|switch|p2a: Super Uppercut|Drapion, M|38\/100\n|switch|p1a: De W van Willem!|Slowking-Galar, F|100\/100\n|\n|-heal|p2a: Super Uppercut|44\/100|[from] item: Black Sludge\n|upkeep\n|turn|24\n|\n|t:|1617227513\n|switch|p1a: Tata Steel|Skarmory, M|100\/100\n|move|p2a: Super Uppercut|Knock Off|p1a: Tata Steel\n|-damage|p1a: Tata Steel|88\/100\n|\n|-heal|p2a: Super Uppercut|50\/100|[from] item: Black Sludge\n|upkeep\n|turn|25\n|\n|t:|1617227521\n|switch|p2a: Tri Feniks|Ho-Oh|37\/100\n|-ability|p2a: Tri Feniks|Pressure\n|switch|p1a: Kikker & Vriendjes|Greninja, F|100\/100\n|\n|upkeep\n|turn|26\n|\n|t:|1617227527\n|switch|p2a: Boor Beuker|Scizor-Mega, M|100\/100\n|move|p1a: Kikker & Vriendjes|Scald|p2a: Boor Beuker\n|-start|p1a: Kikker & Vriendjes|typechange|Water|[from] ability: Protean\n|-damage|p2a: Boor Beuker|62\/100\n|\n|upkeep\n|turn|27\n|c|\u2606DjezzeMwoan|niet alleen kikker\n|\n|t:|1617227536\n|move|p1a: Kikker & Vriendjes|Substitute|p1a: Kikker & Vriendjes\n|-start|p1a: Kikker & Vriendjes|typechange|Normal|[from] ability: Protean\n|-start|p1a: Kikker & Vriendjes|Substitute\n|-damage|p1a: Kikker & Vriendjes|76\/100\n|move|p2a: Boor Beuker|Roost|p2a: Boor Beuker\n|-heal|p2a: Boor Beuker|100\/100\n|-singleturn|p2a: Boor Beuker|move: Roost\n|\n|-heal|p1a: Kikker & Vriendjes|82\/100|[from] item: Leftovers\n|upkeep\n|turn|28\n|c|\u2606DjezzeMwoan|maar ok de vriendjes\n|c|\u2606rockyrolo|:))\n|c|\u2606DjezzeMwoan|kut\n|c|\u2606DjezzeMwoan|ja ik kan serieus beter opgeven\n|\n|t:|1617227562\n|move|p1a: Kikker & Vriendjes|Scald|p2a: Boor Beuker\n|-start|p1a: Kikker & Vriendjes|typechange|Water|[from] ability: Protean\n|-damage|p2a: Boor Beuker|63\/100\n|move|p2a: Boor Beuker|U-turn|p1a: Kikker & Vriendjes\n|-end|p1a: Kikker & Vriendjes|Substitute\n|\n|t:|1617227565\n|switch|p2a: Schotvanger|Cresselia, F|100\/100|[from]move: U-turn\n|\n|-heal|p1a: Kikker & Vriendjes|88\/100|[from] item: Leftovers\n|upkeep\n|turn|29\n|c|\u2606rockyrolo|Het gaat iig wel even duren op deze manier haha\n|c|\u2606DjezzeMwoan|nee\n|c|\u2606DjezzeMwoan|ik heb verloren\n|\n|t:|1617227601\n|switch|p2a: Boor Beuker|Scizor-Mega, M|63\/100\n|move|p1a: Kikker & Vriendjes|Substitute|p1a: Kikker & Vriendjes\n|-start|p1a: Kikker & Vriendjes|typechange|Normal|[from] ability: Protean\n|-start|p1a: Kikker & Vriendjes|Substitute\n|-damage|p1a: Kikker & Vriendjes|63\/100\n|\n|-heal|p1a: Kikker & Vriendjes|69\/100|[from] item: Leftovers\n|upkeep\n|turn|30\n|\n|t:|1617227608\n|move|p1a: Kikker & Vriendjes|Scald|p2a: Boor Beuker\n|-start|p1a: Kikker & Vriendjes|typechange|Water|[from] ability: Protean\n|-damage|p2a: Boor Beuker|24\/100\n|-status|p2a: Boor Beuker|brn\n|move|p2a: Boor Beuker|Roost|p2a: Boor Beuker\n|-heal|p2a: Boor Beuker|74\/100 brn\n|-singleturn|p2a: Boor Beuker|move: Roost\n|\n|-heal|p1a: Kikker & Vriendjes|75\/100|[from] item: Leftovers\n|-damage|p2a: Boor Beuker|68\/100 brn|[from] brn\n|upkeep\n|turn|31\n|c|\u2606DjezzeMwoan|terign\n|c|\u2606rockyrolo|D:\n|\n|t:|1617227625\n|move|p1a: Kikker & Vriendjes|Scald|p2a: Boor Beuker\n|-damage|p2a: Boor Beuker|29\/100 brn\n|move|p2a: Boor Beuker|U-turn|p1a: Kikker & Vriendjes\n|-end|p1a: Kikker & Vriendjes|Substitute\n|c|\u2606DjezzeMwoan|mn hooh heeft geen regenerator\n|\n|t:|1617227633\n|switch|p2a: Super Uppercut|Drapion, M|50\/100|[from]move: U-turn\n|\n|-heal|p1a: Kikker & Vriendjes|81\/100|[from] item: Leftovers\n|-heal|p2a: Super Uppercut|56\/100|[from] item: Black Sludge\n|upkeep\n|turn|32\n|c|\u2606rockyrolo|yeah maar pressure is eng man\n|c|\u2606rockyrolo|xD\n|\n|t:|1617227643\n|switch|p1a: Tata Steel|Skarmory, M|88\/100\n|move|p2a: Super Uppercut|Knock Off|p1a: Tata Steel\n|-damage|p1a: Tata Steel|76\/100\n|\n|-heal|p2a: Super Uppercut|62\/100|[from] item: Black Sludge\n|upkeep\n|turn|33\n|\n|t:|1617227658\n|move|p2a: Super Uppercut|Knock Off|p1a: Tata Steel\n|-damage|p1a: Tata Steel|64\/100\n|move|p1a: Tata Steel|Drill Peck|p2a: Super Uppercut\n|-damage|p2a: Super Uppercut|41\/100\n|\n|-heal|p2a: Super Uppercut|47\/100|[from] item: Black Sludge\n|upkeep\n|turn|34\n|\n|t:|1617227661\n|switch|p2a: Tri Feniks|Ho-Oh|37\/100\n|-ability|p2a: Tri Feniks|Pressure\n|move|p1a: Tata Steel|Roost|p1a: Tata Steel\n|-heal|p1a: Tata Steel|100\/100\n|-singleturn|p1a: Tata Steel|move: Roost\n|\n|upkeep\n|turn|35\n|\n|t:|1617227665\n|switch|p1a: De W van Willem!|Slowking-Galar, F|100\/100\n|move|p2a: Tri Feniks|Roost|p2a: Tri Feniks\n|-heal|p2a: Tri Feniks|87\/100\n|-singleturn|p2a: Tri Feniks|move: Roost\n|\n|upkeep\n|turn|36\n|\n|t:|1617227676\n|switch|p2a: Driehoek Z|Zygarde|49\/100 psn\n|-ability|p2a: Driehoek Z|Aura Break\n|move|p1a: De W van Willem!|Scald|p2a: Driehoek Z\n|-damage|p2a: Driehoek Z|27\/100 psn\n|\n|-heal|p2a: Driehoek Z|34\/100 psn|[from] item: Leftovers\n|-damage|p2a: Driehoek Z|21\/100 psn|[from] psn\n|upkeep\n|turn|37\n|\n|t:|1617227683\n|switch|p1a: Intratuin|Eldegoss, M|100\/100\n|move|p2a: Driehoek Z|Rest|p2a: Driehoek Z\n|-status|p2a: Driehoek Z|slp|[from] move: Rest\n|-heal|p2a: Driehoek Z|100\/100 slp|[silent]\n|\n|upkeep\n|turn|38\n|\n|t:|1617227691\n|switch|p2a: Schotvanger|Cresselia, F|100\/100\n|switch|p1a: Kikker & Vriendjes|Greninja, F|81\/100\n|\n|-heal|p1a: Kikker & Vriendjes|87\/100|[from] item: Leftovers\n|upkeep\n|turn|39\n|\n|t:|1617227699\n|move|p1a: Kikker & Vriendjes|Substitute|p1a: Kikker & Vriendjes\n|-start|p1a: Kikker & Vriendjes|typechange|Normal|[from] ability: Protean\n|-start|p1a: Kikker & Vriendjes|Substitute\n|-damage|p1a: Kikker & Vriendjes|62\/100\n|move|p2a: Schotvanger|Psychic|p1a: Kikker & Vriendjes\n|-end|p1a: Kikker & Vriendjes|Substitute\n|\n|-heal|p1a: Kikker & Vriendjes|68\/100|[from] item: Leftovers\n|upkeep\n|turn|40\n|\n|t:|1617227703\n|move|p1a: Kikker & Vriendjes|Taunt|p2a: Schotvanger\n|-start|p1a: Kikker & Vriendjes|typechange|Dark|[from] ability: Protean\n|-start|p2a: Schotvanger|move: Taunt\n|move|p2a: Schotvanger|Ice Beam|p1a: Kikker & Vriendjes\n|-damage|p1a: Kikker & Vriendjes|46\/100\n|\n|-heal|p1a: Kikker & Vriendjes|52\/100|[from] item: Leftovers\n|upkeep\n|turn|41\n|\n|t:|1617227730\n|switch|p1a: Tata Steel|Skarmory, M|100\/100\n|move|p2a: Schotvanger|Psychic|p1a: Tata Steel\n|-resisted|p1a: Tata Steel\n|-damage|p1a: Tata Steel|82\/100\n|\n|upkeep\n|turn|42\n|\n|t:|1617227742\n|switch|p2a: Tri Feniks|Ho-Oh|87\/100\n|-ability|p2a: Tri Feniks|Pressure\n|move|p1a: Tata Steel|Drill Peck|p2a: Tri Feniks\n|-damage|p2a: Tri Feniks|67\/100\n|\n|upkeep\n|turn|43\n|\n|t:|1617227748\n|switch|p2a: Driehoek Z|Zygarde|100\/100 slp\n|-ability|p2a: Driehoek Z|Aura Break\n|switch|p1a: De W van Willem!|Slowking-Galar, F|100\/100\n|\n|upkeep\n|turn|44\n|\n|t:|1617227756\n|switch|p2a: Schotvanger|Cresselia, F|100\/100\n|switch|p1a: Kikker & Vriendjes|Greninja, F|52\/100\n|\n|-heal|p1a: Kikker & Vriendjes|58\/100|[from] item: Leftovers\n|upkeep\n|turn|45\n|\n|t:|1617227761\n|switch|p1a: Tata Steel|Skarmory, M|82\/100\n|move|p2a: Schotvanger|Toxic|p1a: Tata Steel\n|-immune|p1a: Tata Steel\n|\n|upkeep\n|turn|46\n|\n|t:|1617227765\n|switch|p2a: Tri Feniks|Ho-Oh|67\/100\n|-ability|p2a: Tri Feniks|Pressure\n|move|p1a: Tata Steel|Toxic|p2a: Tri Feniks\n|-status|p2a: Tri Feniks|tox\n|\n|-damage|p2a: Tri Feniks|60\/100 tox|[from] psn\n|upkeep\n|turn|47\n|\n|t:|1617227772\n|switch|p2a: Super Uppercut|Drapion, M|47\/100\n|switch|p1a: De W van Willem!|Slowking-Galar, F|100\/100\n|\n|-heal|p2a: Super Uppercut|53\/100|[from] item: Black Sludge\n|upkeep\n|turn|48\n|\n|t:|1617227787\n|switch|p2a: Driehoek Z|Zygarde|100\/100 slp\n|-ability|p2a: Driehoek Z|Aura Break\n|switch|p1a: Tata Steel|Skarmory, M|82\/100\n|\n|upkeep\n|turn|49\n|\n|t:|1617227795\n|switch|p1a: Kikker & Vriendjes|Greninja, F|58\/100\n|cant|p2a: Driehoek Z|slp\n|move|p2a: Driehoek Z|Sleep Talk|p2a: Driehoek Z\n|move|p2a: Driehoek Z|Dragon Dance|p2a: Driehoek Z|[from]move: Sleep Talk\n|-boost|p2a: Driehoek Z|atk|1\n|-boost|p2a: Driehoek Z|spe|1\n|\n|-heal|p1a: Kikker & Vriendjes|64\/100|[from] item: Leftovers\n|upkeep\n|turn|50\n|\n|t:|1617227804\n|cant|p2a: Driehoek Z|slp\n|move|p2a: Driehoek Z|Sleep Talk|p2a: Driehoek Z\n|move|p2a: Driehoek Z|Thousand Arrows|p1a: Kikker & Vriendjes|[from]move: Sleep Talk\n|-damage|p1a: Kikker & Vriendjes|0 fnt\n|faint|p1a: Kikker & Vriendjes\n|\n|upkeep\n|c|\u2606rockyrolo|f\n|c|\u2606DjezzeMwoan|lol\n|c|\u2606rockyrolo|nice haha\n|c|\u2606DjezzeMwoan|tja\n|\n|t:|1617227816\n|switch|p1a: Tata Steel|Skarmory, M|82\/100\n|turn|51\n|c|\u2606DjezzeMwoan|t was afgelopen als ik die niet kreeg\n|c|\u2606DjezzeMwoan|dus ik ging er maar voor\n|\n|t:|1617227827\n|-curestatus|p2a: Driehoek Z|slp|[msg]\n|move|p2a: Driehoek Z|Sleep Talk||[still]\n|-fail|p2a: Driehoek Z\n|move|p1a: Tata Steel|Whirlwind|p2a: Driehoek Z\n|drag|p2a: Super Uppercut|Drapion, M|53\/100\n|\n|-heal|p2a: Super Uppercut|59\/100|[from] item: Black Sludge\n|upkeep\n|turn|52\n|c|\u2606rockyrolo|Als he werkt\n|\n|t:|1617227837\n|switch|p2a: Driehoek Z|Zygarde|100\/100\n|-ability|p2a: Driehoek Z|Aura Break\n|move|p1a: Tata Steel|Drill Peck|p2a: Driehoek Z\n|-damage|p2a: Driehoek Z|87\/100\n|\n|-heal|p2a: Driehoek Z|93\/100|[from] item: Leftovers\n|upkeep\n|turn|53\n|\n|t:|1617227843\n|move|p2a: Driehoek Z|Thousand Arrows|p1a: Tata Steel\n|-damage|p1a: Tata Steel|62\/100\n|-start|p1a: Tata Steel|Smack Down\n|move|p1a: Tata Steel|Toxic|p2a: Driehoek Z\n|-status|p2a: Driehoek Z|tox\n|\n|-heal|p2a: Driehoek Z|99\/100 tox|[from] item: Leftovers\n|-damage|p2a: Driehoek Z|93\/100 tox|[from] psn\n|upkeep\n|turn|54\n|c|\u2606DjezzeMwoan|is het niet dom\n|\n|t:|1617227851\n|move|p2a: Driehoek Z|Dragon Dance|p2a: Driehoek Z\n|-boost|p2a: Driehoek Z|atk|1\n|-boost|p2a: Driehoek Z|spe|1\n|move|p1a: Tata Steel|Roost|p1a: Tata Steel\n|-heal|p1a: Tata Steel|100\/100\n|-singleturn|p1a: Tata Steel|move: Roost\n|\n|-heal|p2a: Driehoek Z|99\/100 tox|[from] item: Leftovers\n|-damage|p2a: Driehoek Z|87\/100 tox|[from] psn\n|upkeep\n|turn|55\n|\n|t:|1617227854\n|switch|p1a: Intratuin|Eldegoss, M|100\/100\n|move|p2a: Driehoek Z|Thousand Arrows|p1a: Intratuin\n|-resisted|p1a: Intratuin\n|-damage|p1a: Intratuin|81\/100\n|\n|-heal|p2a: Driehoek Z|93\/100 tox|[from] item: Leftovers\n|-damage|p2a: Driehoek Z|75\/100 tox|[from] psn\n|upkeep\n|turn|56\n|\n|t:|1617227861\n|switch|p2a: Super Uppercut|Drapion, M|59\/100\n|move|p1a: Intratuin|Giga Drain|p2a: Super Uppercut\n|-resisted|p2a: Super Uppercut\n|-damage|p2a: Super Uppercut|50\/100\n|-heal|p1a: Intratuin|85\/100|[from] drain|[of] p2a: Super Uppercut\n|\n|-heal|p2a: Super Uppercut|56\/100|[from] item: Black Sludge\n|upkeep\n|turn|57\n|\n|t:|1617227867\n|switch|p2a: Tri Feniks|Ho-Oh|60\/100 tox\n|-ability|p2a: Tri Feniks|Pressure\n|switch|p1a: Tata Steel|Skarmory, M|100\/100\n|\n|-damage|p2a: Tri Feniks|54\/100 tox|[from] psn\n|upkeep\n|turn|58\n|\n|t:|1617227872\n|switch|p2a: Super Uppercut|Drapion, M|56\/100\n|switch|p1a: De W van Willem!|Slowking-Galar, F|100\/100\n|\n|-heal|p2a: Super Uppercut|62\/100|[from] item: Black Sludge\n|upkeep\n|turn|59\n|\n|t:|1617227874\n|switch|p1a: Tata Steel|Skarmory, M|100\/100\n|move|p2a: Super Uppercut|Knock Off|p1a: Tata Steel\n|-damage|p1a: Tata Steel|88\/100\n|\n|-heal|p2a: Super Uppercut|69\/100|[from] item: Black Sludge\n|upkeep\n|turn|60\n|\n|t:|1617227878\n|switch|p2a: Boor Beuker|Scizor-Mega, M|29\/100 brn\n|switch|p1a: De W van Willem!|Slowking-Galar, F|100\/100\n|\n|-damage|p2a: Boor Beuker|23\/100 brn|[from] brn\n|upkeep\n|turn|61\n|\n|t:|1617227883\n|move|p2a: Boor Beuker|U-turn|p1a: De W van Willem!\n|-damage|p1a: De W van Willem!|83\/100\n|\n|t:|1617227887\n|switch|p2a: Super Uppercut|Drapion, M|69\/100|[from]move: U-turn\n|move|p1a: De W van Willem!|Flamethrower|p2a: Super Uppercut\n|-damage|p2a: Super Uppercut|44\/100\n|\n|-heal|p2a: Super Uppercut|50\/100|[from] item: Black Sludge\n|upkeep\n|turn|62\n|\n|t:|1617227893\n|switch|p1a: Tata Steel|Skarmory, M|88\/100\n|move|p2a: Super Uppercut|Knock Off|p1a: Tata Steel\n|-damage|p1a: Tata Steel|77\/100\n|\n|-heal|p2a: Super Uppercut|56\/100|[from] item: Black Sludge\n|upkeep\n|turn|63\n|\n|t:|1617227902\n|switch|p2a: Tri Feniks|Ho-Oh|54\/100 tox\n|-ability|p2a: Tri Feniks|Pressure\n|move|p1a: Tata Steel|Drill Peck|p2a: Tri Feniks\n|-damage|p2a: Tri Feniks|35\/100 tox\n|\n|-damage|p2a: Tri Feniks|29\/100 tox|[from] psn\n|upkeep\n|turn|64\n|\n|t:|1617227908\n|switch|p1a: De W van Willem!|Slowking-Galar, F|100\/100\n|move|p2a: Tri Feniks|Roost|p2a: Tri Feniks\n|-heal|p2a: Tri Feniks|79\/100 tox\n|-singleturn|p2a: Tri Feniks|move: Roost\n|\n|-damage|p2a: Tri Feniks|67\/100 tox|[from] psn\n|upkeep\n|turn|65\n|\n|t:|1617227918\n|switch|p2a: Driehoek Z|Zygarde|75\/100 tox\n|-ability|p2a: Driehoek Z|Aura Break\n|switch|p1a: Nivea|Latias, F|100\/100\n|\n|-heal|p2a: Driehoek Z|81\/100 tox|[from] item: Leftovers\n|-damage|p2a: Driehoek Z|75\/100 tox|[from] psn\n|upkeep\n|turn|66\n|\n|t:|1617227925\n|switch|p2a: Schotvanger|Cresselia, F|100\/100\n|move|p1a: Nivea|Dragon Pulse|p2a: Schotvanger\n|-damage|p2a: Schotvanger|80\/100\n|\n|-heal|p2a: Schotvanger|86\/100|[from] item: Leftovers\n|upkeep\n|turn|67\n|\n|t:|1617227936\n|switch|p1a: De W van Willem!|Slowking-Galar, F|100\/100\n|move|p2a: Schotvanger|Ice Beam|p1a: De W van Willem!\n|-damage|p1a: De W van Willem!|92\/100\n|\n|-heal|p2a: Schotvanger|92\/100|[from] item: Leftovers\n|upkeep\n|turn|68\n|\n|t:|1617227948\n|switch|p2a: Driehoek Z|Zygarde|75\/100 tox\n|-ability|p2a: Driehoek Z|Aura Break\n|move|p1a: De W van Willem!|Sludge Bomb|p2a: Driehoek Z\n|-resisted|p2a: Driehoek Z\n|-damage|p2a: Driehoek Z|55\/100 tox\n|\n|-heal|p2a: Driehoek Z|61\/100 tox|[from] item: Leftovers\n|-damage|p2a: Driehoek Z|55\/100 tox|[from] psn\n|upkeep\n|turn|69\n|\n|t:|1617227955\n|switch|p1a: Intratuin|Eldegoss, M|100\/100\n|move|p2a: Driehoek Z|Thousand Arrows|p1a: Intratuin\n|-resisted|p1a: Intratuin\n|-damage|p1a: Intratuin|88\/100\n|\n|-heal|p2a: Driehoek Z|61\/100 tox|[from] item: Leftovers\n|-damage|p2a: Driehoek Z|49\/100 tox|[from] psn\n|upkeep\n|turn|70\n|\n|t:|1617227960\n|switch|p1a: Kips Leverworst|Blaziken, F|100\/100\n|move|p2a: Driehoek Z|Rest|p2a: Driehoek Z\n|-status|p2a: Driehoek Z|slp|[from] move: Rest\n|-heal|p2a: Driehoek Z|100\/100 slp|[silent]\n|\n|upkeep\n|turn|71\n|\n|t:|1617227966\n|switch|p2a: De Berg|Regirock|100\/100\n|detailschange|p1a: Kips Leverworst|Blaziken-Mega, F\n|-mega|p1a: Kips Leverworst|Blaziken|Blazikenite\n|move|p1a: Kips Leverworst|Swords Dance|p1a: Kips Leverworst\n|-boost|p1a: Kips Leverworst|atk|2\n|\n|-ability|p1a: Kips Leverworst|Speed Boost|boost\n|-boost|p1a: Kips Leverworst|spe|1\n|upkeep\n|turn|72\n|\n|t:|1617227972\n|switch|p1a: Intratuin|Eldegoss, M|100\/100\n|move|p2a: De Berg|Earthquake|p1a: Intratuin\n|-resisted|p1a: Intratuin\n|-damage|p1a: Intratuin|90\/100\n|\n|upkeep\n|turn|73\n|\n|t:|1617227982\n|switch|p1a: Tata Steel|Skarmory, M|77\/100\n|move|p2a: De Berg|Toxic|p1a: Tata Steel\n|-immune|p1a: Tata Steel\n|\n|upkeep\n|turn|74\n|\n|t:|1617227996\n|switch|p1a: Kips Leverworst|Blaziken-Mega, F|100\/100\n|switch|p2a: Tri Feniks|Ho-Oh|67\/100 tox\n|-ability|p2a: Tri Feniks|Pressure\n|\n|-damage|p2a: Tri Feniks|61\/100 tox|[from] psn\n|upkeep\n|turn|75\n|\n|t:|1617228000\n|switch|p2a: De Berg|Regirock|100\/100\n|move|p1a: Kips Leverworst|Stone Edge|p2a: De Berg\n|-damage|p2a: De Berg|83\/100\n|\n|-ability|p1a: Kips Leverworst|Speed Boost|boost\n|-boost|p1a: Kips Leverworst|spe|1\n|upkeep\n|turn|76\n|\n|t:|1617228008\n|switch|p1a: Tata Steel|Skarmory, M|77\/100\n|switch|p2a: Tri Feniks|Ho-Oh|61\/100 tox\n|-ability|p2a: Tri Feniks|Pressure\n|\n|-damage|p2a: Tri Feniks|55\/100 tox|[from] psn\n|upkeep\n|turn|77\n|\n|t:|1617228014\n|switch|p1a: De W van Willem!|Slowking-Galar, F|100\/100\n|move|p2a: Tri Feniks|Flamethrower|p1a: De W van Willem!\n|-damage|p1a: De W van Willem!|83\/100\n|\n|-damage|p2a: Tri Feniks|43\/100 tox|[from] psn\n|upkeep\n|turn|78\n|\n|t:|1617228020\n|switch|p2a: Driehoek Z|Zygarde|100\/100 slp\n|-ability|p2a: Driehoek Z|Aura Break\n|move|p1a: De W van Willem!|Psyshock|p2a: Driehoek Z\n|-damage|p2a: Driehoek Z|78\/100 slp\n|\n|-heal|p2a: Driehoek Z|84\/100 slp|[from] item: Leftovers\n|upkeep\n|turn|79\n|\n|t:|1617228027\n|switch|p1a: Intratuin|Eldegoss, M|100\/100\n|cant|p2a: Driehoek Z|slp\n|move|p2a: Driehoek Z|Sleep Talk|p2a: Driehoek Z\n|move|p2a: Driehoek Z|Rest||[from]move: Sleep Talk|[still]\n|-fail|p2a: Driehoek Z\n|\n|-heal|p2a: Driehoek Z|90\/100 slp|[from] item: Leftovers\n|upkeep\n|turn|80\n|\n|t:|1617228036\n|switch|p2a: Super Uppercut|Drapion, M|56\/100\n|move|p1a: Intratuin|Giga Drain|p2a: Super Uppercut\n|-resisted|p2a: Super Uppercut\n|-damage|p2a: Super Uppercut|48\/100\n|\n|-heal|p2a: Super Uppercut|54\/100|[from] item: Black Sludge\n|upkeep\n|turn|81\n|\n|t:|1617228042\n|switch|p2a: Boor Beuker|Scizor-Mega, M|23\/100 brn\n|switch|p1a: Tata Steel|Skarmory, M|77\/100\n|\n|-damage|p2a: Boor Beuker|17\/100 brn|[from] brn\n|upkeep\n|turn|82\n|\n|t:|1617228047\n|switch|p1a: Kips Leverworst|Blaziken-Mega, F|100\/100\n|move|p2a: Boor Beuker|Roost|p2a: Boor Beuker\n|-heal|p2a: Boor Beuker|67\/100 brn\n|-singleturn|p2a: Boor Beuker|move: Roost\n|\n|-damage|p2a: Boor Beuker|61\/100 brn|[from] brn\n|upkeep\n|turn|83\n|\n|t:|1617228055\n|switch|p2a: De Berg|Regirock|83\/100\n|move|p1a: Kips Leverworst|Close Combat|p2a: De Berg\n|-supereffective|p2a: De Berg\n|-enditem|p2a: De Berg|Chople Berry|[eat]\n|-enditem|p2a: De Berg|Chople Berry|[weaken]\n|-damage|p2a: De Berg|50\/100\n|-unboost|p1a: Kips Leverworst|def|1\n|-unboost|p1a: Kips Leverworst|spd|1\n|\n|-ability|p1a: Kips Leverworst|Speed Boost|boost\n|-boost|p1a: Kips Leverworst|spe|1\n|upkeep\n|turn|84\n|\n|t:|1617228065\n|switch|p2a: Schotvanger|Cresselia, F|92\/100\n|move|p1a: Kips Leverworst|Close Combat|p2a: Schotvanger\n|-resisted|p2a: Schotvanger\n|-damage|p2a: Schotvanger|73\/100\n|-unboost|p1a: Kips Leverworst|def|1\n|-unboost|p1a: Kips Leverworst|spd|1\n|\n|-heal|p2a: Schotvanger|79\/100|[from] item: Leftovers\n|-ability|p1a: Kips Leverworst|Speed Boost|boost\n|-boost|p1a: Kips Leverworst|spe|1\n|upkeep\n|turn|85\n|\n|t:|1617228071\n|switch|p1a: Tata Steel|Skarmory, M|77\/100\n|move|p2a: Schotvanger|Psychic|p1a: Tata Steel\n|-resisted|p1a: Tata Steel\n|-damage|p1a: Tata Steel|61\/100\n|\n|-heal|p2a: Schotvanger|85\/100|[from] item: Leftovers\n|upkeep\n|turn|86\n|\n|t:|1617228081\n|switch|p2a: Boor Beuker|Scizor-Mega, M|61\/100 brn\n|move|p1a: Tata Steel|Toxic||[still]\n|-fail|p1a: Tata Steel\n|\n|-damage|p2a: Boor Beuker|55\/100 brn|[from] brn\n|upkeep\n|turn|87\n|\n|t:|1617228099\n|move|p2a: Boor Beuker|U-turn|p1a: Tata Steel\n|-resisted|p1a: Tata Steel\n|-damage|p1a: Tata Steel|58\/100\n|\n|t:|1617228104\n|switch|p2a: Tri Feniks|Ho-Oh|43\/100 tox|[from]move: U-turn\n|-ability|p2a: Tri Feniks|Pressure\n|move|p1a: Tata Steel|Drill Peck|p2a: Tri Feniks\n|-damage|p2a: Tri Feniks|23\/100 tox\n|\n|-damage|p2a: Tri Feniks|17\/100 tox|[from] psn\n|upkeep\n|turn|88\n|\n|t:|1617228111\n|switch|p1a: De W van Willem!|Slowking-Galar, F|100\/100\n|move|p2a: Tri Feniks|Roost|p2a: Tri Feniks\n|-heal|p2a: Tri Feniks|67\/100 tox\n|-singleturn|p2a: Tri Feniks|move: Roost\n|\n|-damage|p2a: Tri Feniks|55\/100 tox|[from] psn\n|upkeep\n|turn|89\n|\n|t:|1617228126\n|switch|p2a: De Berg|Regirock|50\/100\n|switch|p1a: Nivea|Latias, F|100\/100\n|\n|upkeep\n|turn|90\n|\n|t:|1617228140\n|move|p1a: Nivea|Calm Mind|p1a: Nivea\n|-boost|p1a: Nivea|spa|1\n|-boost|p1a: Nivea|spd|1\n|move|p2a: De Berg|Toxic|p1a: Nivea\n|-status|p1a: Nivea|tox\n|-enditem|p1a: Nivea|Lum Berry|[eat]\n|-curestatus|p1a: Nivea|tox|[msg]\n|\n|upkeep\n|turn|91\n|\n|t:|1617228146\n|move|p1a: Nivea|Dragon Pulse|p2a: De Berg\n|-damage|p2a: De Berg|5\/100\n|move|p2a: De Berg|Toxic|p1a: Nivea\n|-status|p1a: Nivea|tox\n|\n|-damage|p1a: Nivea|94\/100 tox|[from] psn\n|upkeep\n|turn|92\n|\n|t:|1617228155\n|move|p1a: Nivea|Calm Mind|p1a: Nivea\n|-boost|p1a: Nivea|spa|1\n|-boost|p1a: Nivea|spd|1\n|move|p2a: De Berg|Rest|p2a: De Berg\n|-status|p2a: De Berg|slp|[from] move: Rest\n|-heal|p2a: De Berg|100\/100 slp|[silent]\n|\n|-damage|p1a: Nivea|82\/100 tox|[from] psn\n|upkeep\n|turn|93\n|\n|t:|1617228168\n|switch|p2a: Schotvanger|Cresselia, F|85\/100\n|move|p1a: Nivea|Calm Mind|p1a: Nivea\n|-boost|p1a: Nivea|spa|1\n|-boost|p1a: Nivea|spd|1\n|\n|-heal|p2a: Schotvanger|91\/100|[from] item: Leftovers\n|-damage|p1a: Nivea|64\/100 tox|[from] psn\n|upkeep\n|turn|94\n|\n|t:|1617228171\n|move|p1a: Nivea|Stored Power|p2a: Schotvanger\n|-resisted|p2a: Schotvanger\n|-damage|p2a: Schotvanger|54\/100\n|move|p2a: Schotvanger|Moonlight|p2a: Schotvanger\n|-heal|p2a: Schotvanger|100\/100\n|\n|-damage|p1a: Nivea|40\/100 tox|[from] psn\n|upkeep\n|turn|95\n|\n|t:|1617228185\n|switch|p1a: Tata Steel|Skarmory, M|58\/100\n|move|p2a: Schotvanger|Ice Beam|p1a: Tata Steel\n|-damage|p1a: Tata Steel|35\/100\n|\n|upkeep\n|turn|96\n|c|\u2606rockyrolo|ehh hoopte op meer\n|c|\u2606rockyrolo|:P\n|c|\u2606DjezzeMwoan|tja\n|c|\u2606DjezzeMwoan|dat was idd een beetje jammer\n|\n|t:|1617228197\n|switch|p2a: Boor Beuker|Scizor-Mega, M|55\/100 brn\n|move|p1a: Tata Steel|Roost|p1a: Tata Steel\n|-heal|p1a: Tata Steel|85\/100\n|-singleturn|p1a: Tata Steel|move: Roost\n|\n|-damage|p2a: Boor Beuker|49\/100 brn|[from] brn\n|upkeep\n|turn|97\n|\n|t:|1617228207\n|switch|p1a: Kips Leverworst|Blaziken-Mega, F|100\/100\n|move|p2a: Boor Beuker|Roost|p2a: Boor Beuker\n|-heal|p2a: Boor Beuker|99\/100 brn\n|-singleturn|p2a: Boor Beuker|move: Roost\n|\n|-damage|p2a: Boor Beuker|93\/100 brn|[from] brn\n|upkeep\n|turn|98\n|\n|t:|1617228216\n|move|p1a: Kips Leverworst|Swords Dance|p1a: Kips Leverworst\n|-boost|p1a: Kips Leverworst|atk|2\n|move|p2a: Boor Beuker|U-turn|p1a: Kips Leverworst\n|-resisted|p1a: Kips Leverworst\n|-damage|p1a: Kips Leverworst|95\/100\n|\n|t:|1617228219\n|switch|p2a: Schotvanger|Cresselia, F|100\/100|[from]move: U-turn\n|\n|-ability|p1a: Kips Leverworst|Speed Boost|boost\n|-boost|p1a: Kips Leverworst|spe|1\n|upkeep\n|turn|99\n|\n|t:|1617228235\n|move|p1a: Kips Leverworst|Blaze Kick|p2a: Schotvanger\n|-damage|p2a: Schotvanger|47\/100\n|-status|p2a: Schotvanger|brn\n|move|p2a: Schotvanger|Psychic|p1a: Kips Leverworst\n|-supereffective|p1a: Kips Leverworst\n|-damage|p1a: Kips Leverworst|26\/100\n|\n|-heal|p2a: Schotvanger|53\/100 brn|[from] item: Leftovers\n|-damage|p2a: Schotvanger|47\/100 brn|[from] brn\n|-ability|p1a: Kips Leverworst|Speed Boost|boost\n|-boost|p1a: Kips Leverworst|spe|1\n|upkeep\n|turn|100\n|c|\u2606DjezzeMwoan|tja\n|c|\u2606DjezzeMwoan|dit is kut\n|c|\u2606rockyrolo|:P\n|c|\u2606DjezzeMwoan|nu is t ggs\n|c|\u2606rockyrolo|er zijn iig nog misses\n|\n|t:|1617228314\n|switch|p2a: Boor Beuker|Scizor-Mega, M|93\/100 brn\n|move|p1a: Kips Leverworst|Blaze Kick|p2a: Boor Beuker\n|-supereffective|p2a: Boor Beuker\n|-damage|p2a: Boor Beuker|0 fnt\n|faint|p2a: Boor Beuker\n|\n|-ability|p1a: Kips Leverworst|Speed Boost|boost\n|-boost|p1a: Kips Leverworst|spe|1\n|upkeep\n|\n|t:|1617228317\n|switch|p2a: De Berg|Regirock|100\/100 slp\n|turn|101\n|\n|t:|1617228331\n|move|p1a: Kips Leverworst|Close Combat|p2a: De Berg\n|-supereffective|p2a: De Berg\n|-damage|p2a: De Berg|0 fnt\n|-unboost|p1a: Kips Leverworst|def|1\n|-unboost|p1a: Kips Leverworst|spd|1\n|faint|p2a: De Berg\n|\n|-ability|p1a: Kips Leverworst|Speed Boost|boost\n|-boost|p1a: Kips Leverworst|spe|1\n|upkeep\n|c|\u2606DjezzeMwoan|ok\n|c|\u2606rockyrolo|ohh geen sturdy\n|c|\u2606DjezzeMwoan|dat zijn 2 abilities die ik niet goed heb gedaan\n|c|\u2606rockyrolo|was je ook sleep talk op deze?\n|c|\u2606DjezzeMwoan|ja\n|c|\u2606rockyrolo|damn\n|\n|t:|1617228371\n|switch|p2a: Tri Feniks|Ho-Oh|55\/100 tox\n|-ability|p2a: Tri Feniks|Pressure\n|turn|102\n|\n|t:|1617228377\n|move|p1a: Kips Leverworst|Stone Edge|p2a: Tri Feniks|[miss]\n|-miss|p1a: Kips Leverworst|p2a: Tri Feniks\n|move|p2a: Tri Feniks|Flamethrower|p1a: Kips Leverworst\n|-resisted|p1a: Kips Leverworst\n|-damage|p1a: Kips Leverworst|0 fnt\n|faint|p1a: Kips Leverworst\n|\n|-damage|p2a: Tri Feniks|49\/100 tox|[from] psn\n|upkeep\n|c|\u2606rockyrolo|f\n|c|\u2606DjezzeMwoan|gaan we eens kijken of je alles kan hitten\n|c|\u2606DjezzeMwoan|antwoord is nee\n|\n|t:|1617228390\n|switch|p1a: De W van Willem!|Slowking-Galar, F|100\/100\n|turn|103\n|\n|t:|1617228399\n|switch|p2a: Driehoek Z|Zygarde|90\/100 slp\n|-ability|p2a: Driehoek Z|Aura Break\n|move|p1a: De W van Willem!|Scald|p2a: Driehoek Z\n|-damage|p2a: Driehoek Z|69\/100 slp\n|\n|-heal|p2a: Driehoek Z|75\/100 slp|[from] item: Leftovers\n|upkeep\n|turn|104\n|\n|t:|1617228406\n|switch|p1a: Intratuin|Eldegoss, M|100\/100\n|cant|p2a: Driehoek Z|slp\n|move|p2a: Driehoek Z|Sleep Talk|p2a: Driehoek Z\n|move|p2a: Driehoek Z|Thousand Arrows|p1a: Intratuin|[from]move: Sleep Talk\n|-resisted|p1a: Intratuin\n|-damage|p1a: Intratuin|88\/100\n|\n|-heal|p2a: Driehoek Z|81\/100 slp|[from] item: Leftovers\n|upkeep\n|turn|105\n|\n|t:|1617228413\n|switch|p2a: Super Uppercut|Drapion, M|54\/100\n|move|p1a: Intratuin|Aromatherapy|p1a: Intratuin\n|-activate|p1a: Intratuin|move: Aromatherapy\n|-curestatus|p1: Nivea|tox|[msg]\n|\n|-heal|p2a: Super Uppercut|60\/100|[from] item: Black Sludge\n|upkeep\n|turn|106\n|\n|t:|1617228422\n|move|p2a: Super Uppercut|Leech Life|p1a: Intratuin\n|-supereffective|p1a: Intratuin\n|-damage|p1a: Intratuin|62\/100\n|-heal|p2a: Super Uppercut|72\/100|[from] drain|[of] p1a: Intratuin\n|move|p1a: Intratuin|Stun Spore|p2a: Super Uppercut\n|-status|p2a: Super Uppercut|par\n|\n|-heal|p2a: Super Uppercut|78\/100 par|[from] item: Black Sludge\n|upkeep\n|turn|107\n|\n|t:|1617228434\n|switch|p1a: Tata Steel|Skarmory, M|85\/100\n|move|p2a: Super Uppercut|Toxic|p1a: Tata Steel\n|-immune|p1a: Tata Steel\n|\n|-heal|p2a: Super Uppercut|85\/100 par|[from] item: Black Sludge\n|upkeep\n|turn|108\n|\n|t:|1617228446\n|switch|p2a: Schotvanger|Cresselia, F|47\/100 brn\n|move|p1a: Tata Steel|Drill Peck|p2a: Schotvanger\n|-damage|p2a: Schotvanger|35\/100 brn\n|\n|-heal|p2a: Schotvanger|41\/100 brn|[from] item: Leftovers\n|-damage|p2a: Schotvanger|35\/100 brn|[from] brn\n|upkeep\n|turn|109\n|\n|t:|1617228461\n|switch|p1a: De W van Willem!|Slowking-Galar, F|100\/100\n|move|p2a: Schotvanger|Moonlight|p2a: Schotvanger\n|-heal|p2a: Schotvanger|85\/100 brn\n|\n|-heal|p2a: Schotvanger|91\/100 brn|[from] item: Leftovers\n|-damage|p2a: Schotvanger|85\/100 brn|[from] brn\n|upkeep\n|turn|110\n|\n|t:|1617228471\n|switch|p2a: Driehoek Z|Zygarde|81\/100 slp\n|-ability|p2a: Driehoek Z|Aura Break\n|move|p1a: De W van Willem!|Sludge Bomb|p2a: Driehoek Z\n|-resisted|p2a: Driehoek Z\n|-damage|p2a: Driehoek Z|62\/100 slp\n|\n|-heal|p2a: Driehoek Z|68\/100 slp|[from] item: Leftovers\n|upkeep\n|turn|111\n|\n|t:|1617228476\n|switch|p1a: Intratuin|Eldegoss, M|95\/100\n|-curestatus|p2a: Driehoek Z|slp|[msg]\n|move|p2a: Driehoek Z|Dragon Dance|p2a: Driehoek Z\n|-boost|p2a: Driehoek Z|atk|1\n|-boost|p2a: Driehoek Z|spe|1\n|\n|-heal|p2a: Driehoek Z|74\/100|[from] item: Leftovers\n|upkeep\n|turn|112\n|\n|t:|1617228482\n|move|p2a: Driehoek Z|Dragon Dance|p2a: Driehoek Z\n|-boost|p2a: Driehoek Z|atk|1\n|-boost|p2a: Driehoek Z|spe|1\n|move|p1a: Intratuin|Stun Spore|p2a: Driehoek Z\n|-status|p2a: Driehoek Z|par\n|\n|-heal|p2a: Driehoek Z|80\/100 par|[from] item: Leftovers\n|upkeep\n|turn|113\n|\n|t:|1617228486\n|move|p2a: Driehoek Z|Dragon Dance|p2a: Driehoek Z\n|-boost|p2a: Driehoek Z|atk|1\n|-boost|p2a: Driehoek Z|spe|1\n|move|p1a: Intratuin|Giga Drain|p2a: Driehoek Z\n|-damage|p2a: Driehoek Z|61\/100 par\n|-heal|p1a: Intratuin|100\/100|[from] drain|[of] p2a: Driehoek Z\n|\n|-heal|p2a: Driehoek Z|67\/100 par|[from] item: Leftovers\n|upkeep\n|turn|114\n|\n|t:|1617228493\n|cant|p2a: Driehoek Z|par\n|move|p1a: Intratuin|Giga Drain|p2a: Driehoek Z\n|-damage|p2a: Driehoek Z|48\/100 par\n|\n|-heal|p2a: Driehoek Z|55\/100 par|[from] item: Leftovers\n|upkeep\n|turn|115\n|\n|t:|1617228496\n|cant|p2a: Driehoek Z|par\n|move|p1a: Intratuin|Giga Drain|p2a: Driehoek Z\n|-crit|p2a: Driehoek Z\n|-damage|p2a: Driehoek Z|25\/100 par\n|\n|-heal|p2a: Driehoek Z|31\/100 par|[from] item: Leftovers\n|upkeep\n|turn|116\n|\n|t:|1617228500\n|move|p2a: Driehoek Z|Rest|p2a: Driehoek Z\n|-status|p2a: Driehoek Z|slp|[from] move: Rest\n|-heal|p2a: Driehoek Z|100\/100 slp|[silent]\n|move|p1a: Intratuin|Giga Drain|p2a: Driehoek Z\n|-damage|p2a: Driehoek Z|81\/100 slp\n|\n|-heal|p2a: Driehoek Z|87\/100 slp|[from] item: Leftovers\n|upkeep\n|turn|117\n|c|\u2606DjezzeMwoan|deze man\n|\n|t:|1617228511\n|switch|p1a: Nivea|Latias, F|40\/100\n|cant|p2a: Driehoek Z|slp\n|move|p2a: Driehoek Z|Sleep Talk|p2a: Driehoek Z\n|move|p2a: Driehoek Z|Thousand Arrows|p1a: Nivea|[from]move: Sleep Talk\n|-crit|p1a: Nivea\n|-damage|p1a: Nivea|0 fnt\n|faint|p1a: Nivea\n|\n|-heal|p2a: Driehoek Z|94\/100 slp|[from] item: Leftovers\n|upkeep\n|c|\u2606rockyrolo|ee\n|c|\u2606DjezzeMwoan|maakt een zygarde counter die niet zygarde counters\n|c|\u2606rockyrolo|haha\n|c|\u2606DjezzeMwoan|de neuk\n|c|\u2606rockyrolo|heb er 5 minuten over nagedacht lol\n|c|\u2606rockyrolo|regret wel geen seeds erop\n|c|\u2606rockyrolo|maarja\n|\n|t:|1617228540\n|switch|p1a: Tata Steel|Skarmory, M|85\/100\n|turn|118\n|c|\u2606DjezzeMwoan|ik switchde ook de hele tijd uit\n|c|\u2606DjezzeMwoan|en nu was ik opeens zo van\n|c|\u2606DjezzeMwoan|wacht hz\n|c|\u2606rockyrolo|Yeah maar met de setup\n|c|\u2606DjezzeMwoan|vgm kan die me niet echt raken\n|\n|t:|1617228558\n|cant|p2a: Driehoek Z|slp\n|move|p2a: Driehoek Z|Sleep Talk|p2a: Driehoek Z\n|move|p2a: Driehoek Z|Dragon Dance|p2a: Driehoek Z|[from]move: Sleep Talk\n|-boost|p2a: Driehoek Z|atk|1\n|-boost|p2a: Driehoek Z|spe|1\n|move|p1a: Tata Steel|Whirlwind|p2a: Driehoek Z\n|drag|p2a: Schotvanger|Cresselia, F|85\/100 brn\n|\n|-heal|p2a: Schotvanger|91\/100 brn|[from] item: Leftovers\n|-damage|p2a: Schotvanger|85\/100 brn|[from] brn\n|upkeep\n|turn|119\n|c|\u2606rockyrolo|Haha\n|\n|t:|1617228585\n|move|p2a: Schotvanger|Ice Beam|p1a: Tata Steel\n|-damage|p1a: Tata Steel|64\/100\n|move|p1a: Tata Steel|Drill Peck|p2a: Schotvanger\n|-damage|p2a: Schotvanger|74\/100 brn\n|\n|-heal|p2a: Schotvanger|80\/100 brn|[from] item: Leftovers\n|-damage|p2a: Schotvanger|74\/100 brn|[from] brn\n|upkeep\n|turn|120\n|\n|t:|1617228593\n|move|p2a: Schotvanger|Ice Beam|p1a: Tata Steel\n|-damage|p1a: Tata Steel|42\/100\n|move|p1a: Tata Steel|Drill Peck|p2a: Schotvanger\n|-damage|p2a: Schotvanger|61\/100 brn\n|\n|-heal|p2a: Schotvanger|67\/100 brn|[from] item: Leftovers\n|-damage|p2a: Schotvanger|61\/100 brn|[from] brn\n|upkeep\n|turn|121\n|\n|t:|1617228602\n|move|p2a: Schotvanger|Ice Beam|p1a: Tata Steel\n|-damage|p1a: Tata Steel|18\/100\n|move|p1a: Tata Steel|Roost|p1a: Tata Steel\n|-heal|p1a: Tata Steel|68\/100\n|-singleturn|p1a: Tata Steel|move: Roost\n|\n|-heal|p2a: Schotvanger|67\/100 brn|[from] item: Leftovers\n|-damage|p2a: Schotvanger|61\/100 brn|[from] brn\n|upkeep\n|turn|122\n|\n|t:|1617228610\n|switch|p1a: De W van Willem!|Slowking-Galar, F|100\/100\n|move|p2a: Schotvanger|Moonlight|p2a: Schotvanger\n|-heal|p2a: Schotvanger|100\/100 brn\n|\n|-damage|p2a: Schotvanger|94\/100 brn|[from] brn\n|upkeep\n|turn|123\n|\n|t:|1617228624\n|switch|p2a: Driehoek Z|Zygarde|94\/100 slp\n|-ability|p2a: Driehoek Z|Aura Break\n|move|p1a: De W van Willem!|Scald|p2a: Driehoek Z\n|-damage|p2a: Driehoek Z|71\/100 slp\n|\n|-heal|p2a: Driehoek Z|77\/100 slp|[from] item: Leftovers\n|upkeep\n|turn|124\n|\n|t:|1617228633\n|switch|p1a: Intratuin|Eldegoss, M|100\/100\n|-curestatus|p2a: Driehoek Z|slp|[msg]\n|move|p2a: Driehoek Z|Dragon Dance|p2a: Driehoek Z\n|-boost|p2a: Driehoek Z|atk|1\n|-boost|p2a: Driehoek Z|spe|1\n|\n|-heal|p2a: Driehoek Z|83\/100|[from] item: Leftovers\n|upkeep\n|turn|125\n|\n|t:|1617228639\n|move|p2a: Driehoek Z|Dragon Dance|p2a: Driehoek Z\n|-boost|p2a: Driehoek Z|atk|1\n|-boost|p2a: Driehoek Z|spe|1\n|move|p1a: Intratuin|Stun Spore|p2a: Driehoek Z\n|-status|p2a: Driehoek Z|par\n|\n|-heal|p2a: Driehoek Z|89\/100 par|[from] item: Leftovers\n|upkeep\n|turn|126\n|\n|t:|1617228644\n|move|p2a: Driehoek Z|Dragon Dance|p2a: Driehoek Z\n|-boost|p2a: Driehoek Z|atk|1\n|-boost|p2a: Driehoek Z|spe|1\n|move|p1a: Intratuin|Giga Drain|p2a: Driehoek Z\n|-damage|p2a: Driehoek Z|70\/100 par\n|\n|-heal|p2a: Driehoek Z|77\/100 par|[from] item: Leftovers\n|upkeep\n|turn|127\n|\n|t:|1617228647\n|move|p2a: Driehoek Z|Dragon Dance|p2a: Driehoek Z\n|-boost|p2a: Driehoek Z|atk|1\n|-boost|p2a: Driehoek Z|spe|1\n|move|p1a: Intratuin|Giga Drain|p2a: Driehoek Z\n|-damage|p2a: Driehoek Z|57\/100 par\n|\n|-heal|p2a: Driehoek Z|64\/100 par|[from] item: Leftovers\n|upkeep\n|turn|128\n|\n|t:|1617228666\n|cant|p2a: Driehoek Z|par\n|move|p1a: Intratuin|Giga Drain|p2a: Driehoek Z\n|-damage|p2a: Driehoek Z|46\/100 par\n|\n|-heal|p2a: Driehoek Z|52\/100 par|[from] item: Leftovers\n|upkeep\n|turn|129\n|c|\u2606rockyrolo|go paras!\n|\n|t:|1617228674\n|move|p2a: Driehoek Z|Rest|p2a: Driehoek Z\n|-status|p2a: Driehoek Z|slp|[from] move: Rest\n|-heal|p2a: Driehoek Z|100\/100 slp|[silent]\n|move|p1a: Intratuin|Giga Drain|p2a: Driehoek Z\n|-damage|p2a: Driehoek Z|81\/100 slp\n|\n|-heal|p2a: Driehoek Z|87\/100 slp|[from] item: Leftovers\n|upkeep\n|turn|130\n|c|\u2606DjezzeMwoan|doe es niet\n|c|\u2606rockyrolo|boo\n|c|\u2606DjezzeMwoan|lol\n|c|\u2606DjezzeMwoan|big rip\n|\n|t:|1617228686\n|switch|p1a: Tata Steel|Skarmory, M|68\/100\n|cant|p2a: Driehoek Z|slp\n|move|p2a: Driehoek Z|Sleep Talk|p2a: Driehoek Z\n|move|p2a: Driehoek Z|Thousand Arrows|p1a: Tata Steel|[from]move: Sleep Talk\n|-damage|p1a: Tata Steel|9\/100\n|-start|p1a: Tata Steel|Smack Down\n|\n|-heal|p2a: Driehoek Z|94\/100 slp|[from] item: Leftovers\n|upkeep\n|turn|131\n|c|\u2606DjezzeMwoan|gaan we kijken of ik de roll krijg\n|c|\u2606rockyrolo|ffs je krijgt hem ook elke keer xD\n|\n|t:|1617228697\n|cant|p2a: Driehoek Z|slp\n|move|p2a: Driehoek Z|Sleep Talk|p2a: Driehoek Z\n|move|p2a: Driehoek Z|Thousand Arrows|p1a: Tata Steel|[from]move: Sleep Talk\n|-supereffective|p1a: Tata Steel\n|-damage|p1a: Tata Steel|0 fnt\n|faint|p1a: Tata Steel\n|\n|-heal|p2a: Driehoek Z|99\/100 slp|[from] item: Leftovers\n|upkeep\n|c|\u2606rockyrolo|ok gg\n|c|\u2606DjezzeMwoan|yo sorry man\n|c|\u2606rockyrolo|rest talk power\n|\n|t:|1617228709\n|switch|p1a: De W van Willem!|Slowking-Galar, F|100\/100\n|turn|132\n|c|\u2606DjezzeMwoan|mijn pokemons zijn doorgeslapen\n|\n|t:|1617228715\n|-curestatus|p2a: Driehoek Z|slp|[msg]\n|move|p2a: Driehoek Z|Thousand Arrows|p1a: De W van Willem!\n|-supereffective|p1a: De W van Willem!\n|-damage|p1a: De W van Willem!|0 fnt\n|faint|p1a: De W van Willem!\n|\n|-heal|p2a: Driehoek Z|100\/100|[from] item: Leftovers\n|upkeep\n|c|\u2606rockyrolo|yeah haah\n|\n|t:|1617228722\n|switch|p1a: Intratuin|Eldegoss, M|100\/100\n|turn|133\n|c|\u2606rockyrolo|kut blaziken\n|\n|t:|1617228727\n|move|p2a: Driehoek Z|Thousand Arrows|p1a: Intratuin\n|-resisted|p1a: Intratuin\n|-damage|p1a: Intratuin|61\/100\n|move|p1a: Intratuin|Giga Drain|p2a: Driehoek Z\n|-damage|p2a: Driehoek Z|82\/100\n|-heal|p1a: Intratuin|73\/100|[from] drain|[of] p2a: Driehoek Z\n|\n|-heal|p2a: Driehoek Z|88\/100|[from] item: Leftovers\n|upkeep\n|turn|134\n|c|\u2606rockyrolo|xD\n|\n|t:|1617228733\n|move|p2a: Driehoek Z|Dragon Dance|p2a: Driehoek Z\n|-boost|p2a: Driehoek Z|atk|1\n|-boost|p2a: Driehoek Z|spe|1\n|move|p1a: Intratuin|Giga Drain|p2a: Driehoek Z\n|-damage|p2a: Driehoek Z|71\/100\n|-heal|p1a: Intratuin|84\/100|[from] drain|[of] p2a: Driehoek Z\n|\n|-heal|p2a: Driehoek Z|78\/100|[from] item: Leftovers\n|upkeep\n|turn|135\n|c|\u2606rockyrolo|Ik weet ook niet meer wat ik vorige keer had gedaan toen ik eldegoss gebruikte als zygarde coutner\n|c|\u2606rockyrolo|dacht zoiets maar had miss ff moeten calcen want toen werkte het wel xD\n|\n|t:|1617228758\n|move|p2a: Driehoek Z|Dragon Dance|p2a: Driehoek Z\n|-boost|p2a: Driehoek Z|atk|1\n|-boost|p2a: Driehoek Z|spe|1\n|move|p1a: Intratuin|Giga Drain|p2a: Driehoek Z\n|-damage|p2a: Driehoek Z|60\/100\n|-heal|p1a: Intratuin|96\/100|[from] drain|[of] p2a: Driehoek Z\n|\n|-heal|p2a: Driehoek Z|66\/100|[from] item: Leftovers\n|upkeep\n|turn|136\n|c|\u2606DjezzeMwoan|leech seed is goed genoeg\n|c|\u2606rockyrolo|miss grass knot en seeds ofzo idd\n|c|\u2606DjezzeMwoan|met giga drain\n|c|\u2606DjezzeMwoan|ja dat\n|c|\u2606rockyrolo|geen idee meer te lang geleden\n|\n|t:|1617228779\n|move|p2a: Driehoek Z|Thousand Arrows|p1a: Intratuin\n|-resisted|p1a: Intratuin\n|-damage|p1a: Intratuin|45\/100\n|move|p1a: Intratuin|Giga Drain|p2a: Driehoek Z\n|-damage|p2a: Driehoek Z|50\/100\n|-heal|p1a: Intratuin|55\/100|[from] drain|[of] p2a: Driehoek Z\n|\n|-heal|p2a: Driehoek Z|56\/100|[from] item: Leftovers\n|upkeep\n|turn|137\n|\n|t:|1617228784\n|move|p2a: Driehoek Z|Thousand Arrows|p1a: Intratuin\n|-resisted|p1a: Intratuin\n|-damage|p1a: Intratuin|8\/100\n|move|p1a: Intratuin|Stun Spore|p2a: Driehoek Z\n|-status|p2a: Driehoek Z|par\n|\n|-heal|p2a: Driehoek Z|62\/100 par|[from] item: Leftovers\n|upkeep\n|turn|138\n|c|\u2606DjezzeMwoan|de zygarde counter die toch geen counter was\n|\n|t:|1617228794\n|move|p2a: Driehoek Z|Thousand Arrows|p1a: Intratuin\n|-resisted|p1a: Intratuin\n|-damage|p1a: Intratuin|0 fnt\n|faint|p1a: Intratuin\n|\n|win|DjezzeMwoan\n|c|\u2606rockyrolo|:P\n|c|\u2606rockyrolo|gg\n|c|\u2606DjezzeMwoan|gg man\n|c|\u2606DjezzeMwoan|heeft zygarde nou elke kill gekregen\n|c|\u2606DjezzeMwoan|nee wacht hooh 1\n|c|\u2606rockyrolo|wss wel lol\n|c|\u2606rockyrolo|elke keer dat ik iets inswitchede op een sleep talk ging het dood lol\n|c|\u2606rockyrolo|gren bad tho\n|c|\u2606DjezzeMwoan|zeker\n|c|\u2606rockyrolo|blijf erbij\n|c|\u2606DjezzeMwoan|geen regen bad\n|c|\u2606rockyrolo|als ik meer trades had had ik gren met alle liefde gedropt\n|c|\u2606DjezzeMwoan|en geen sturdy had me ook ff goed beet\n|c|\u2606DjezzeMwoan|vgm heb ik nog trades\n|c|\u2606rockyrolo|Yeah haha zeker met al die rest talk luck :'D\n|c|\u2606rockyrolo|Dat was 100% een dode blaze\n|c|\u2606DjezzeMwoan|lm zijn al gesloten\n|c|\u2606DjezzeMwoan|ja zeker\n|c|\u2606DjezzeMwoan|het was iig twee derde kans op iets wat damage deed lol\n","uploadtime":1617228934,"views":15,"p1id":"rockyrolo","p2id":"djezzemwoan","formatid":"gen8nationaldexdlcdraft","rating":0,"private":0,"password":null}