{"id":"sports-gen8nationaldexdlclegacy-323909","p1":"DjezzeMwoan","p2":"LilLuxio","format":"gen8nationaldexdlclegacy","log":"|j|\u2606DjezzeMwoan\n|j|\u2606LilLuxio\n|t:|1611241691\n|player|p1|DjezzeMwoan|52|\n|player|p2|LilLuxio|101|\n|teamsize|p1|6\n|teamsize|p2|6\n|gametype|singles\n|gen|8\n|tier|[Gen 8] National Dex DLC Legacy\n|rule|Sleep Clause Mod: Limit one foe put to sleep\n|rule|OHKO Clause: OHKO moves are banned\n|rule|Evasion Moves Clause: Evasion moves are banned\n|rule|Endless Battle Clause: Forcing endless battles is banned\n|rule|HP Percentage Mod: HP is shown in percentages\n|clearpoke\n|poke|p1|Melmetal|\n|poke|p1|Tapu Koko|\n|poke|p1|Blissey, F|\n|poke|p1|Glalie, F|\n|poke|p1|Tangrowth, M|\n|poke|p1|Swampert, M|\n|poke|p2|Gengar, F|\n|poke|p2|Garchomp, F|\n|poke|p2|Darmanitan-Galar, M|\n|poke|p2|Azumarill, M|\n|poke|p2|Magnezone|\n|poke|p2|Cottonee, M|\n|rule|Dynamax Clause: You cannot dynamax\n|teampreview\n|html|<button name=\"send\" class=\"button\" value=\"\/timer ds\"><i class=\"fa fa-hourglass-start\"><\/i> DS Timer<\/button> <button name=\"send\" class=\"button\" value=\"\/timer smogon\"><i class=\"fa fa-hourglass-start\"><\/i> Smogon Timer<\/button>\n|c|\u2606LilLuxio|Hey gl hf\n|c|\u2606DjezzeMwoan|glhf\n|c|\u2606DjezzeMwoan|o help\n|c|\u2606DjezzeMwoan|the cottonee\n|c|\u2606DjezzeMwoan|but its not lvl 1\n|c|\u2606DjezzeMwoan|now im really scared\n|c|\u2606LilLuxio|Do you know where the live links get sent, moaned at me for not sending before lmao\n|c|\u2606LilLuxio|I dont think you're allowed lvl 1\n|c|\u2606LilLuxio|*shrug*\n|j| Teleport Veszprem\n|c|\u2606DjezzeMwoan|i dropped it in the lobby\n|c|\u2606DjezzeMwoan|that should work\n|c|\u2606LilLuxio|ah gotcha\n|\n|t:|1611241775\n|start\n|switch|p1a: Koekoek jonge|Tapu Koko|100\/100\n|switch|p2a: Magnezone|Magnezone|100\/100\n|-fieldstart|move: Electric Terrain|[from] ability: Electric Surge|[of] p1a: Koekoek jonge\n|turn|1\n|\n|t:|1611241783\n|move|p1a: Koekoek jonge|U-turn|p2a: Magnezone\n|-resisted|p2a: Magnezone\n|-damage|p2a: Magnezone|92\/100\n|\n|t:|1611241785\n|switch|p1a: Thicc Kangaroo|Blissey, F|100\/100|[from]move: U-turn\n|move|p2a: Magnezone|Hidden Power|p1a: Thicc Kangaroo\n|-damage|p1a: Thicc Kangaroo|84\/100\n|\n|-heal|p1a: Thicc Kangaroo|90\/100|[from] item: Leftovers\n|upkeep\n|turn|2\n|c|\u2606DjezzeMwoan|calc is already not working\n|c|\u2606DjezzeMwoan|smfh\n|c|\u2606LilLuxio|lol np, take ur time\n|c|\u2606DjezzeMwoan|i think i know what went wrong\n|\n|t:|1611241938\n|switch|p2a: Darmanitan|Darmanitan-Galar, M|100\/100\n|move|p1a: Thicc Kangaroo|Seismic Toss|p2a: Darmanitan\n|-damage|p2a: Darmanitan|72\/100\n|\n|-heal|p1a: Thicc Kangaroo|96\/100|[from] item: Leftovers\n|upkeep\n|turn|3\n|\n|t:|1611241954\n|move|p1a: Thicc Kangaroo|Protect|p1a: Thicc Kangaroo\n|-singleturn|p1a: Thicc Kangaroo|Protect\n|move|p2a: Darmanitan|Flare Blitz|p1a: Thicc Kangaroo\n|-activate|p1a: Thicc Kangaroo|move: Protect\n|\n|-heal|p1a: Thicc Kangaroo|100\/100|[from] item: Leftovers\n|upkeep\n|turn|4\n|\n|t:|1611241997\n|move|p2a: Darmanitan|Flare Blitz|p1a: Thicc Kangaroo\n|-damage|p1a: Thicc Kangaroo|16\/100\n|-damage|p2a: Darmanitan|15\/100|[from] Recoil\n|move|p1a: Thicc Kangaroo|Wish|p1a: Thicc Kangaroo\n|\n|-heal|p1a: Thicc Kangaroo|22\/100|[from] item: Leftovers\n|upkeep\n|turn|5\n|c|\u2606DjezzeMwoan|lol\n|c|\u2606DjezzeMwoan|that recoil\n|\n|t:|1611242013\n|switch|p2a: Garchomp|Garchomp, F|100\/100\n|move|p1a: Thicc Kangaroo|Protect||[still]\n|-fail|p1a: Thicc Kangaroo\n|\n|-heal|p1a: Thicc Kangaroo|72\/100|[from] move: Wish|[wisher] Thicc Kangaroo\n|-heal|p1a: Thicc Kangaroo|78\/100|[from] item: Leftovers\n|-fieldend|move: Electric Terrain\n|upkeep\n|turn|6\n|c|\u2606LilLuxio|yeah ahaha blissey fatt\n|\n|t:|1611242027\n|switch|p1a: Moerassert|Swampert, M|100\/100\n|move|p2a: Garchomp|Stealth Rock|p1a: Moerassert\n|-sidestart|p1: DjezzeMwoan|move: Stealth Rock\n|\n|upkeep\n|turn|7\n|\n|t:|1611242069\n|move|p2a: Garchomp|Earthquake|p1a: Moerassert\n|-damage|p1a: Moerassert|66\/100\n|move|p1a: Moerassert|Flip Turn|p2a: Garchomp\n|-damage|p2a: Garchomp|79\/100\n|-damage|p1a: Moerassert|54\/100|[from] ability: Rough Skin|[of] p2a: Garchomp\n|-damage|p1a: Moerassert|37\/100|[from] item: Rocky Helmet|[of] p2a: Garchomp\n|c|\u2606DjezzeMwoan|ouch\n|c|\u2606LilLuxio|exposed\n|\n|t:|1611242134\n|switch|p1a: Wilfred|Tangrowth, M|100\/100|[from]move: Flip Turn\n|-damage|p1a: Wilfred|88\/100|[from] Stealth Rock\n|\n|upkeep\n|turn|8\n|\n|t:|1611242230\n|switch|p2a: Magnezone|Magnezone|92\/100\n|move|p1a: Wilfred|Leech Seed|p2a: Magnezone\n|-start|p2a: Magnezone|move: Leech Seed\n|\n|-damage|p2a: Magnezone|80\/100|[from] Leech Seed|[of] p1a: Wilfred\n|-heal|p1a: Wilfred|97\/100|[silent]\n|upkeep\n|turn|9\n|\n|t:|1611242239\n|move|p1a: Wilfred|Protect|p1a: Wilfred\n|-singleturn|p1a: Wilfred|Protect\n|move|p2a: Magnezone|Flash Cannon|p1a: Wilfred\n|-activate|p1a: Wilfred|move: Protect\n|\n|-damage|p2a: Magnezone|67\/100|[from] Leech Seed|[of] p1a: Wilfred\n|-heal|p1a: Wilfred|100\/100|[silent]\n|upkeep\n|turn|10\n|\n|t:|1611242249\n|switch|p1a: Thicc Kangaroo|Blissey, F|78\/100\n|-damage|p1a: Thicc Kangaroo|66\/100|[from] Stealth Rock\n|move|p2a: Magnezone|Flash Cannon|p1a: Thicc Kangaroo\n|-damage|p1a: Thicc Kangaroo|35\/100\n|\n|-heal|p1a: Thicc Kangaroo|41\/100|[from] item: Leftovers\n|-damage|p2a: Magnezone|55\/100|[from] Leech Seed|[of] p1a: Thicc Kangaroo\n|-heal|p1a: Thicc Kangaroo|46\/100|[silent]\n|upkeep\n|turn|11\n|\n|t:|1611242259\n|switch|p2a: Darmanitan|Darmanitan-Galar, M|15\/100\n|move|p1a: Thicc Kangaroo|Wish|p1a: Thicc Kangaroo\n|\n|-heal|p1a: Thicc Kangaroo|52\/100|[from] item: Leftovers\n|upkeep\n|turn|12\n|\n|t:|1611242286\n|move|p1a: Thicc Kangaroo|Protect|p1a: Thicc Kangaroo\n|-singleturn|p1a: Thicc Kangaroo|Protect\n|move|p2a: Darmanitan|U-turn|p1a: Thicc Kangaroo\n|-activate|p1a: Thicc Kangaroo|move: Protect\n|\n|-heal|p1a: Thicc Kangaroo|100\/100|[from] move: Wish|[wisher] Thicc Kangaroo\n|upkeep\n|turn|13\n|\n|t:|1611242294\n|move|p2a: Darmanitan|U-turn|p1a: Thicc Kangaroo\n|-damage|p1a: Thicc Kangaroo|51\/100\n|\n|t:|1611242306\n|switch|p2a: Azumarill|Azumarill, M|100\/100|[from]move: U-turn\n|move|p1a: Thicc Kangaroo|Wish|p1a: Thicc Kangaroo\n|\n|-heal|p1a: Thicc Kangaroo|57\/100|[from] item: Leftovers\n|upkeep\n|turn|14\n|\n|t:|1611242324\n|switch|p1a: Moerassert|Swampert, M|37\/100\n|-damage|p1a: Moerassert|31\/100|[from] Stealth Rock\n|move|p2a: Azumarill|Liquidation|p1a: Moerassert\n|-damage|p1a: Moerassert|0 fnt\n|faint|p1a: Moerassert\n|\n|upkeep\n|\n|t:|1611242328\n|switch|p1a: Wilfred|Tangrowth, M|100\/100\n|-damage|p1a: Wilfred|88\/100|[from] Stealth Rock\n|turn|15\n|\n|t:|1611242373\n|switch|p2a: Cottonee|Cottonee, M|100\/100\n|move|p1a: Wilfred|Leech Seed|p2a: Cottonee\n|-immune|p2a: Cottonee\n|\n|upkeep\n|turn|16\n|\n|t:|1611242406\n|switch|p2a: Darmanitan|Darmanitan-Galar, M|15\/100\n|switch|p1a: Koekoek jonge|Tapu Koko|100\/100\n|-fieldstart|move: Electric Terrain|[from] ability: Electric Surge|[of] p1a: Koekoek jonge\n|\n|upkeep\n|turn|17\n|\n|t:|1611242469\n|switch|p2a: Magnezone|Magnezone|55\/100\n|move|p1a: Koekoek jonge|Dazzling Gleam|p2a: Magnezone\n|-resisted|p2a: Magnezone\n|-damage|p2a: Magnezone|38\/100\n|\n|upkeep\n|turn|18\n|\n|t:|1611242478\n|move|p1a: Koekoek jonge|Dazzling Gleam|p2a: Magnezone\n|-resisted|p2a: Magnezone\n|-damage|p2a: Magnezone|23\/100\n|move|p2a: Magnezone|Thunderbolt|p1a: Koekoek jonge\n|-resisted|p1a: Koekoek jonge\n|-damage|p1a: Koekoek jonge|15\/100\n|\n|upkeep\n|turn|19\n|\n|t:|1611242484\n|move|p1a: Koekoek jonge|U-turn|p2a: Magnezone\n|-resisted|p2a: Magnezone\n|-damage|p2a: Magnezone|14\/100\n|\n|t:|1611242487\n|switch|p1a: Thicc Kangaroo|Blissey, F|57\/100|[from]move: U-turn\n|-damage|p1a: Thicc Kangaroo|44\/100|[from] Stealth Rock\n|move|p2a: Magnezone|Thunderbolt|p1a: Thicc Kangaroo\n|-damage|p1a: Thicc Kangaroo|0 fnt\n|faint|p1a: Thicc Kangaroo\n|\n|upkeep\n|\n|t:|1611242492\n|switch|p1a: David Draiman|Glalie, F|100\/100\n|-damage|p1a: David Draiman|76\/100|[from] Stealth Rock\n|turn|20\n|c|\u2606DjezzeMwoan|o help what did i do\n|\n|t:|1611242556\n|detailschange|p1a: David Draiman|Glalie-Mega, F\n|-mega|p1a: David Draiman|Glalie|Glalitite\n|move|p1a: David Draiman|Freeze-Dry|p2a: Magnezone\n|-resisted|p2a: Magnezone\n|-damage|p2a: Magnezone|0 fnt\n|faint|p2a: Magnezone\n|\n|-fieldend|move: Electric Terrain\n|upkeep\n|\n|t:|1611242595\n|switch|p2a: Gengar|Gengar, F|100\/100\n|turn|21\n|\n|t:|1611242614\n|move|p2a: Gengar|Sludge Wave|p1a: David Draiman\n|-damage|p1a: David Draiman|0 fnt\n|faint|p1a: David Draiman\n|\n|upkeep\n|\n|t:|1611242618\n|switch|p1a: Mlg Popplio|Melmetal|100\/100\n|-damage|p1a: Mlg Popplio|94\/100|[from] Stealth Rock\n|turn|22\n|c|\u2606DjezzeMwoan|gg\n|\n|t:|1611242653\n|switch|p2a: Garchomp|Garchomp, F|79\/100\n|move|p1a: Mlg Popplio|Double Iron Bash|p2a: Garchomp\n|-damage|p2a: Garchomp|45\/100\n|-damage|p1a: Mlg Popplio|82\/100|[from] ability: Rough Skin|[of] p2a: Garchomp\n|-damage|p1a: Mlg Popplio|65\/100|[from] item: Rocky Helmet|[of] p2a: Garchomp\n|-damage|p2a: Garchomp|11\/100\n|-damage|p1a: Mlg Popplio|53\/100|[from] ability: Rough Skin|[of] p2a: Garchomp\n|-damage|p1a: Mlg Popplio|36\/100|[from] item: Rocky Helmet|[of] p2a: Garchomp\n|-hitcount|p2a: Garchomp|2\n|\n|upkeep\n|turn|23\n|\n|t:|1611242692\n|switch|p1a: Wilfred|Tangrowth, M|100\/100\n|-damage|p1a: Wilfred|88\/100|[from] Stealth Rock\n|move|p2a: Garchomp|Earthquake|p1a: Wilfred\n|-resisted|p1a: Wilfred\n|-damage|p1a: Wilfred|74\/100\n|\n|upkeep\n|turn|24\n|\n|t:|1611242699\n|switch|p2a: Cottonee|Cottonee, M|100\/100\n|move|p1a: Wilfred|Leech Seed|p2a: Cottonee\n|-immune|p2a: Cottonee\n|\n|upkeep\n|turn|25\n|\n|t:|1611242705\n|move|p2a: Cottonee|Encore|p1a: Wilfred\n|-start|p1a: Wilfred|Encore\n|move|p1a: Wilfred|Leech Seed|p2a: Cottonee\n|-immune|p2a: Cottonee\n|\n|upkeep\n|turn|26\n|\n|t:|1611242785\n|switch|p2a: Azumarill|Azumarill, M|100\/100\n|switch|p1a: Koekoek jonge|Tapu Koko|15\/100\n|-fieldstart|move: Electric Terrain|[from] ability: Electric Surge|[of] p1a: Koekoek jonge\n|\n|upkeep\n|turn|27\n|\n|t:|1611242808\n|switch|p1a: Wilfred|Tangrowth, M|100\/100\n|-damage|p1a: Wilfred|88\/100|[from] Stealth Rock\n|move|p2a: Azumarill|Aqua Jet|p1a: Wilfred\n|-resisted|p1a: Wilfred\n|-damage|p1a: Wilfred|78\/100\n|-damage|p2a: Azumarill|84\/100|[from] item: Rocky Helmet|[of] p1a: Wilfred\n|\n|upkeep\n|turn|28\n|\n|t:|1611242847\n|move|p2a: Azumarill|Aqua Jet|p1a: Wilfred\n|-resisted|p1a: Wilfred\n|-damage|p1a: Wilfred|68\/100\n|-damage|p2a: Azumarill|68\/100|[from] item: Rocky Helmet|[of] p1a: Wilfred\n|move|p1a: Wilfred|Sludge Bomb|p2a: Azumarill\n|-supereffective|p2a: Azumarill\n|-damage|p2a: Azumarill|23\/100\n|\n|upkeep\n|turn|29\n|\n|t:|1611242860\n|move|p2a: Azumarill|Aqua Jet|p1a: Wilfred\n|-resisted|p1a: Wilfred\n|-damage|p1a: Wilfred|58\/100\n|-damage|p2a: Azumarill|7\/100|[from] item: Rocky Helmet|[of] p1a: Wilfred\n|move|p1a: Wilfred|Leech Seed|p2a: Azumarill\n|-start|p2a: Azumarill|move: Leech Seed\n|\n|-damage|p2a: Azumarill|0 fnt|[from] Leech Seed|[of] p1a: Wilfred\n|-heal|p1a: Wilfred|64\/100|[silent]\n|faint|p2a: Azumarill\n|upkeep\n|\n|t:|1611242894\n|switch|p2a: Darmanitan|Darmanitan-Galar, M|15\/100\n|turn|30\n|\n|t:|1611242900\n|move|p1a: Wilfred|Protect|p1a: Wilfred\n|-singleturn|p1a: Wilfred|Protect\n|move|p2a: Darmanitan|U-turn|p1a: Wilfred\n|-activate|p1a: Wilfred|move: Protect\n|\n|-fieldend|move: Electric Terrain\n|upkeep\n|turn|31\n|\n|t:|1611242906\n|move|p2a: Darmanitan|U-turn|p1a: Wilfred\n|-supereffective|p1a: Wilfred\n|-damage|p1a: Wilfred|0 fnt\n|-damage|p2a: Darmanitan|0 fnt|[from] item: Rocky Helmet|[of] p1a: Wilfred\n|faint|p1a: Wilfred\n|faint|p2a: Darmanitan\n|\n|upkeep\n|\n|t:|1611242912\n|switch|p2a: Gengar|Gengar, F|100\/100\n|switch|p1a: Koekoek jonge|Tapu Koko|15\/100\n|-fieldstart|move: Electric Terrain|[from] ability: Electric Surge|[of] p1a: Koekoek jonge\n|turn|32\n|\n|t:|1611242919\n|move|p2a: Gengar|Shadow Ball|p1a: Koekoek jonge\n|-damage|p1a: Koekoek jonge|0 fnt\n|faint|p1a: Koekoek jonge\n|\n|upkeep\n|\n|t:|1611242923\n|switch|p1a: Mlg Popplio|Melmetal|36\/100\n|-damage|p1a: Mlg Popplio|30\/100|[from] Stealth Rock\n|turn|33\n|c|\u2606DjezzeMwoan|gg\n|\n|t:|1611242926\n|move|p2a: Gengar|Shadow Ball|p1a: Mlg Popplio\n|-damage|p1a: Mlg Popplio|0 fnt\n|faint|p1a: Mlg Popplio\n|\n|win|LilLuxio\n|c|\u2606LilLuxio|gg\n|l|\u2606DjezzeMwoan\n","uploadtime":1611242945,"views":22,"p1id":"djezzemwoan","p2id":"lilluxio","formatid":"gen8nationaldexdlclegacy","rating":0,"private":0,"password":null}