{"id":"sports-gen8nationaldexdlclegacy-329847","p1":"TehranTyphlosions","p2":"Dewspecs","format":"gen8nationaldexdlclegacy","log":"|j|\u2606TehranTyphlosions\n|j|\u2606Dewspecs\n|t:|1611810910\n|player|p1|TehranTyphlosions|clair|\n|player|p2|Dewspecs|swimmerf-gen4dp|\n|teamsize|p1|6\n|teamsize|p2|6\n|gametype|singles\n|gen|8\n|tier|[Gen 8] National Dex DLC Legacy\n|rule|Sleep Clause Mod: Limit one foe put to sleep\n|rule|OHKO Clause: OHKO moves are banned\n|rule|Evasion Moves Clause: Evasion moves are banned\n|rule|Endless Battle Clause: Forcing endless battles is banned\n|rule|HP Percentage Mod: HP is shown in percentages\n|clearpoke\n|poke|p1|Medicham, F|\n|poke|p1|Togekiss, M|\n|poke|p1|Doublade, M|\n|poke|p1|Tapu Koko|\n|poke|p1|Zygarde-10%|\n|poke|p1|Nidoqueen, F|\n|poke|p2|Zapdos|\n|poke|p2|Latios, M|\n|poke|p2|Lopunny, M|\n|poke|p2|Tapu Fini|\n|poke|p2|Amoonguss, F|\n|poke|p2|Mudsdale, F|\n|rule|Dynamax Clause: You cannot dynamax\n|teampreview\n|html|<button name=\"send\" class=\"button\" value=\"\/timer ds\"><i class=\"fa fa-hourglass-start\"><\/i> DS Timer<\/button> <button name=\"send\" class=\"button\" value=\"\/timer smogon\"><i class=\"fa fa-hourglass-start\"><\/i> Smogon Timer<\/button>\n|c|\u2606TehranTyphlosions|gl gl\n|c|\u2606Dewspecs|glhf\n|\n|t:|1611810932\n|start\n|switch|p1a: Doublade|Doublade, M|100\/100\n|switch|p2a: Swiss Burger|Amoonguss, F|100\/100\n|turn|1\n|\n|t:|1611810940\n|move|p1a: Doublade|Protect|p1a: Doublade\n|-singleturn|p1a: Doublade|Protect\n|move|p2a: Swiss Burger|Spore|p1a: Doublade\n|-activate|p1a: Doublade|move: Protect\n|\n|upkeep\n|turn|2\n|\n|t:|1611810947\n|switch|p1a: Nidoqueen|Nidoqueen, F|100\/100\n|move|p2a: Swiss Burger|Stomping Tantrum|p1a: Nidoqueen\n|-supereffective|p1a: Nidoqueen\n|-damage|p1a: Nidoqueen|64\/100\n|\n|upkeep\n|turn|3\n|\n|t:|1611810957\n|move|p1a: Nidoqueen|Ice Beam|p2a: Swiss Burger\n|-supereffective|p2a: Swiss Burger\n|-damage|p2a: Swiss Burger|61\/100\n|move|p2a: Swiss Burger|Stomping Tantrum|p1a: Nidoqueen\n|-supereffective|p1a: Nidoqueen\n|-damage|p1a: Nidoqueen|26\/100\n|\n|-heal|p2a: Swiss Burger|67\/100|[from] item: Black Sludge\n|upkeep\n|turn|4\n|\n|t:|1611810965\n|move|p1a: Nidoqueen|Ice Beam|p2a: Swiss Burger\n|-supereffective|p2a: Swiss Burger\n|-damage|p2a: Swiss Burger|25\/100\n|move|p2a: Swiss Burger|Spore|p1a: Nidoqueen\n|-status|p1a: Nidoqueen|slp|[from] move: Spore\n|\n|-heal|p2a: Swiss Burger|31\/100|[from] item: Black Sludge\n|upkeep\n|turn|5\n|j| EGALombres\n|\n|t:|1611810969\n|switch|p1a: Tapu Koko|Tapu Koko|100\/100\n|-fieldstart|move: Electric Terrain|[from] ability: Electric Surge|[of] p1a: Tapu Koko\n|move|p2a: Swiss Burger|Stomping Tantrum|p1a: Tapu Koko\n|-supereffective|p1a: Tapu Koko\n|-damage|p1a: Tapu Koko|56\/100\n|\n|-heal|p2a: Swiss Burger|37\/100|[from] item: Black Sludge\n|upkeep\n|turn|6\n|\n|t:|1611810978\n|switch|p2a: trottin|Mudsdale, F|100\/100\n|move|p1a: Tapu Koko|U-turn|p2a: trottin\n|-damage|p2a: trottin|89\/100\n|-ability|p2a: trottin|Stamina|boost\n|-boost|p2a: trottin|def|1\n|j| Major Come Back\n|\n|t:|1611811016\n|switch|p1a: Togekiss|Togekiss, M, shiny|100\/100|[from]move: U-turn\n|\n|-heal|p2a: trottin|96\/100|[from] item: Leftovers\n|upkeep\n|turn|7\n|\n|t:|1611811023\n|move|p1a: Togekiss|Dazzling Gleam|p2a: trottin\n|-damage|p2a: trottin|64\/100\n|-ability|p2a: trottin|Stamina|boost\n|-boost|p2a: trottin|def|1\n|move|p2a: trottin|Stealth Rock|p1a: Togekiss\n|-sidestart|p1: TehranTyphlosions|move: Stealth Rock\n|\n|-heal|p2a: trottin|70\/100|[from] item: Leftovers\n|upkeep\n|turn|8\n|\n|t:|1611811030\n|switch|p2a: Cookies and Pop|Zapdos|100\/100\n|-ability|p2a: Cookies and Pop|Pressure\n|move|p1a: Togekiss|Dazzling Gleam|p2a: Cookies and Pop\n|-damage|p2a: Cookies and Pop|65\/100\n|\n|upkeep\n|turn|9\n|\n|t:|1611811036\n|switch|p1a: Nidoqueen|Nidoqueen, F|26\/100 slp\n|-damage|p1a: Nidoqueen|20\/100 slp|[from] Stealth Rock\n|move|p2a: Cookies and Pop|Roost|p2a: Cookies and Pop\n|-heal|p2a: Cookies and Pop|100\/100\n|-singleturn|p2a: Cookies and Pop|move: Roost\n|\n|-fieldend|move: Electric Terrain\n|upkeep\n|turn|10\n|\n|t:|1611811040\n|cant|p1a: Nidoqueen|slp\n|move|p2a: Cookies and Pop|Heat Wave|p1a: Nidoqueen\n|-damage|p1a: Nidoqueen|0 fnt\n|faint|p1a: Nidoqueen\n|\n|upkeep\n|\n|t:|1611811045\n|switch|p1a: Tapu Koko|Tapu Koko|56\/100\n|-damage|p1a: Tapu Koko|44\/100|[from] Stealth Rock\n|-fieldstart|move: Electric Terrain|[from] ability: Electric Surge|[of] p1a: Tapu Koko\n|turn|11\n|\n|t:|1611811053\n|switch|p2a: Swiss Burger|Amoonguss, F|70\/100\n|move|p1a: Tapu Koko|Thunderbolt|p2a: Swiss Burger\n|-resisted|p2a: Swiss Burger\n|-damage|p2a: Swiss Burger|43\/100\n|\n|-heal|p2a: Swiss Burger|49\/100|[from] item: Black Sludge\n|upkeep\n|turn|12\n|\n|t:|1611811060\n|switch|p1a: Medicham|Medicham, F|100\/100\n|-damage|p1a: Medicham|94\/100|[from] Stealth Rock\n|move|p2a: Swiss Burger|Stomping Tantrum|p1a: Medicham\n|-damage|p1a: Medicham|66\/100\n|\n|-heal|p2a: Swiss Burger|55\/100|[from] item: Black Sludge\n|upkeep\n|turn|13\n|\n|t:|1611811069\n|switch|p2a: Cookies and Pop|Zapdos|100\/100\n|-ability|p2a: Cookies and Pop|Pressure\n|detailschange|p1a: Medicham|Medicham-Mega, F\n|-mega|p1a: Medicham|Medicham|Medichamite\n|move|p1a: Medicham|Zen Headbutt|p2a: Cookies and Pop\n|-damage|p2a: Cookies and Pop|39\/100\n|\n|upkeep\n|turn|14\n|\n|t:|1611811078\n|switch|p2a: trottin|Mudsdale, F|70\/100\n|move|p1a: Medicham|Ice Punch|p2a: trottin\n|-supereffective|p2a: trottin\n|-damage|p2a: trottin|16\/100\n|-ability|p2a: trottin|Stamina|boost\n|-boost|p2a: trottin|def|1\n|\n|-heal|p2a: trottin|22\/100|[from] item: Leftovers\n|upkeep\n|turn|15\n|\n|t:|1611811083\n|move|p1a: Medicham|Ice Punch|p2a: trottin\n|-supereffective|p2a: trottin\n|-crit|p2a: trottin\n|-damage|p2a: trottin|0 fnt\n|faint|p2a: trottin\n|\n|-fieldend|move: Electric Terrain\n|upkeep\n|\n|t:|1611811085\n|switch|p2a: Thingie of Fries|Latios, M|100\/100\n|turn|16\n|\n|t:|1611811092\n|switch|p1a: Togekiss|Togekiss, M, shiny|100\/100\n|move|p2a: Thingie of Fries|Thunder|p1a: Togekiss\n|-supereffective|p1a: Togekiss\n|-damage|p1a: Togekiss|52\/100\n|\n|upkeep\n|turn|17\n|\n|t:|1611811098\n|move|p2a: Thingie of Fries|Calm Mind|p2a: Thingie of Fries\n|-boost|p2a: Thingie of Fries|spa|1\n|-boost|p2a: Thingie of Fries|spd|1\n|move|p1a: Togekiss|Roost|p1a: Togekiss\n|-heal|p1a: Togekiss|100\/100\n|-singleturn|p1a: Togekiss|move: Roost\n|\n|upkeep\n|turn|18\n|\n|t:|1611811101\n|move|p2a: Thingie of Fries|Calm Mind|p2a: Thingie of Fries\n|-boost|p2a: Thingie of Fries|spa|1\n|-boost|p2a: Thingie of Fries|spd|1\n|move|p1a: Togekiss|Dazzling Gleam|p2a: Thingie of Fries\n|-supereffective|p2a: Thingie of Fries\n|-damage|p2a: Thingie of Fries|64\/100\n|\n|upkeep\n|turn|19\n|\n|t:|1611811105\n|move|p2a: Thingie of Fries|Calm Mind|p2a: Thingie of Fries\n|-boost|p2a: Thingie of Fries|spa|1\n|-boost|p2a: Thingie of Fries|spd|1\n|move|p1a: Togekiss|Dazzling Gleam|p2a: Thingie of Fries\n|-supereffective|p2a: Thingie of Fries\n|-damage|p2a: Thingie of Fries|36\/100\n|\n|upkeep\n|turn|20\n|\n|t:|1611811107\n|move|p2a: Thingie of Fries|Roost|p2a: Thingie of Fries\n|-heal|p2a: Thingie of Fries|86\/100\n|-singleturn|p2a: Thingie of Fries|move: Roost\n|move|p1a: Togekiss|Dazzling Gleam|p2a: Thingie of Fries\n|-supereffective|p2a: Thingie of Fries\n|-damage|p2a: Thingie of Fries|60\/100\n|\n|upkeep\n|turn|21\n|\n|t:|1611811113\n|move|p2a: Thingie of Fries|Calm Mind|p2a: Thingie of Fries\n|-boost|p2a: Thingie of Fries|spa|1\n|-boost|p2a: Thingie of Fries|spd|1\n|move|p1a: Togekiss|Dazzling Gleam|p2a: Thingie of Fries\n|-supereffective|p2a: Thingie of Fries\n|-damage|p2a: Thingie of Fries|35\/100\n|\n|upkeep\n|turn|22\n|\n|t:|1611811115\n|move|p2a: Thingie of Fries|Roost|p2a: Thingie of Fries\n|-heal|p2a: Thingie of Fries|85\/100\n|-singleturn|p2a: Thingie of Fries|move: Roost\n|move|p1a: Togekiss|Dazzling Gleam|p2a: Thingie of Fries\n|-supereffective|p2a: Thingie of Fries\n|-damage|p2a: Thingie of Fries|61\/100\n|\n|upkeep\n|turn|23\n|\n|t:|1611811118\n|move|p2a: Thingie of Fries|Thunder|p1a: Togekiss\n|-supereffective|p1a: Togekiss\n|-damage|p1a: Togekiss|0 fnt\n|faint|p1a: Togekiss\n|\n|upkeep\n|\n|t:|1611811119\n|switch|p1a: Zygarde|Zygarde-10%|100\/100\n|-damage|p1a: Zygarde|94\/100|[from] Stealth Rock\n|-ability|p1a: Zygarde|Aura Break\n|turn|24\n|\n|t:|1611811122\n|switch|p2a: Ice Cream Swirl|Tapu Fini|100\/100\n|-fieldstart|move: Misty Terrain|[from] ability: Misty Surge|[of] p2a: Ice Cream Swirl\n|move|p1a: Zygarde|Outrage|p2a: Ice Cream Swirl\n|-immune|p2a: Ice Cream Swirl\n|\n|upkeep\n|turn|25\n|\n|t:|1611811129\n|switch|p1a: Doublade|Doublade, M|100\/100\n|-damage|p1a: Doublade|94\/100|[from] Stealth Rock\n|move|p2a: Ice Cream Swirl|Calm Mind|p2a: Ice Cream Swirl\n|-boost|p2a: Ice Cream Swirl|spa|1\n|-boost|p2a: Ice Cream Swirl|spd|1\n|\n|upkeep\n|turn|26\n|\n|t:|1611811132\n|move|p2a: Ice Cream Swirl|Taunt|p1a: Doublade\n|-start|p1a: Doublade|move: Taunt\n|move|p1a: Doublade|Iron Head|p2a: Ice Cream Swirl\n|-damage|p2a: Ice Cream Swirl|77\/100\n|\n|-heal|p2a: Ice Cream Swirl|83\/100|[from] item: Leftovers\n|upkeep\n|turn|27\n|\n|t:|1611811137\n|move|p2a: Ice Cream Swirl|Calm Mind|p2a: Ice Cream Swirl\n|-boost|p2a: Ice Cream Swirl|spa|1\n|-boost|p2a: Ice Cream Swirl|spd|1\n|move|p1a: Doublade|Iron Head|p2a: Ice Cream Swirl\n|-damage|p2a: Ice Cream Swirl|58\/100\n|\n|-heal|p2a: Ice Cream Swirl|64\/100|[from] item: Leftovers\n|upkeep\n|turn|28\n|\n|t:|1611811139\n|move|p2a: Ice Cream Swirl|Surf|p1a: Doublade\n|-damage|p1a: Doublade|41\/100\n|move|p1a: Doublade|Iron Head|p2a: Ice Cream Swirl\n|-damage|p2a: Ice Cream Swirl|39\/100\n|\n|-heal|p2a: Ice Cream Swirl|45\/100|[from] item: Leftovers\n|-end|p1a: Doublade|move: Taunt\n|-fieldend|Misty Terrain\n|upkeep\n|turn|29\n|\n|t:|1611811143\n|move|p1a: Doublade|Protect|p1a: Doublade\n|-singleturn|p1a: Doublade|Protect\n|move|p2a: Ice Cream Swirl|Surf|p1a: Doublade\n|-activate|p1a: Doublade|move: Protect\n|\n|-heal|p2a: Ice Cream Swirl|51\/100|[from] item: Leftovers\n|upkeep\n|turn|30\n|\n|t:|1611811145\n|move|p2a: Ice Cream Swirl|Surf|p1a: Doublade\n|-crit|p1a: Doublade\n|-damage|p1a: Doublade|0 fnt\n|faint|p1a: Doublade\n|\n|-heal|p2a: Ice Cream Swirl|57\/100|[from] item: Leftovers\n|upkeep\n|\n|t:|1611811146\n|switch|p1a: Tapu Koko|Tapu Koko|44\/100\n|-damage|p1a: Tapu Koko|31\/100|[from] Stealth Rock\n|-fieldstart|move: Electric Terrain|[from] ability: Electric Surge|[of] p1a: Tapu Koko\n|turn|31\n|\n|t:|1611811150\n|move|p1a: Tapu Koko|U-turn|p2a: Ice Cream Swirl\n|-resisted|p2a: Ice Cream Swirl\n|-damage|p2a: Ice Cream Swirl|51\/100\n|\n|t:|1611811155\n|switch|p1a: Medicham|Medicham-Mega, F|66\/100|[from]move: U-turn\n|-damage|p1a: Medicham|60\/100|[from] Stealth Rock\n|move|p2a: Ice Cream Swirl|Draining Kiss|p1a: Medicham\n|-supereffective|p1a: Medicham\n|-damage|p1a: Medicham|0 fnt\n|-heal|p2a: Ice Cream Swirl|84\/100|[from] drain|[of] p1a: Medicham\n|faint|p1a: Medicham\n|\n|-heal|p2a: Ice Cream Swirl|91\/100|[from] item: Leftovers\n|upkeep\n|\n|t:|1611811156\n|switch|p1a: Tapu Koko|Tapu Koko|31\/100\n|-damage|p1a: Tapu Koko|19\/100|[from] Stealth Rock\n|turn|32\n|\n|t:|1611811160\n|move|p1a: Tapu Koko|Thunderbolt|p2a: Ice Cream Swirl\n|-supereffective|p2a: Ice Cream Swirl\n|-damage|p2a: Ice Cream Swirl|41\/100\n|move|p2a: Ice Cream Swirl|Draining Kiss|p1a: Tapu Koko\n|-damage|p1a: Tapu Koko|0 fnt\n|-heal|p2a: Ice Cream Swirl|52\/100|[from] drain|[of] p1a: Tapu Koko\n|faint|p1a: Tapu Koko\n|\n|-heal|p2a: Ice Cream Swirl|59\/100|[from] item: Leftovers\n|upkeep\n|c|\u2606TehranTyphlosions|gg\n|\n|t:|1611811163\n|switch|p1a: Zygarde|Zygarde-10%|94\/100\n|-damage|p1a: Zygarde|88\/100|[from] Stealth Rock\n|-ability|p1a: Zygarde|Aura Break\n|turn|33\n|c|\u2606Dewspecs|gg\n|\n|t:|1611811167\n|move|p1a: Zygarde|Thousand Arrows|p2a: Ice Cream Swirl\n|-damage|p2a: Ice Cream Swirl|12\/100\n|move|p2a: Ice Cream Swirl|Draining Kiss|p1a: Zygarde\n|-supereffective|p1a: Zygarde\n|-damage|p1a: Zygarde|0 fnt\n|-heal|p2a: Ice Cream Swirl|61\/100|[from] drain|[of] p1a: Zygarde\n|faint|p1a: Zygarde\n|\n|win|Dewspecs\n|l|\u2606TehranTyphlosions\n","uploadtime":1611811171,"views":7,"p1id":"tehrantyphlosions","p2id":"dewspecs","formatid":"gen8nationaldexdlclegacy","rating":0,"private":0,"password":null}