{"id":"sports-gen8nationaldexdraft-616674","p1":"CDA_Aaron","p2":"AsterJ","format":"gen8nationaldexdraft","log":"|j|\u2606CDA_Aaron\n|j|\u2606AsterJ\n|t:|1647816542\n|gametype|singles\n|player|p1|CDA_Aaron|volkner|\n|player|p2|AsterJ|asterj.png|\n|teamsize|p1|6\n|teamsize|p2|6\n|gen|8\n|tier|[Gen 8] National Dex Draft\n|rule|Sleep Clause Mod: Limit one foe put to sleep\n|rule|OHKO Clause: OHKO moves are banned\n|rule|Evasion Moves Clause: Evasion moves are banned\n|rule|Endless Battle Clause: Forcing endless battles is banned\n|rule|HP Percentage Mod: HP is shown in percentages\n|rule|Dynamax Clause: You cannot dynamax\n|clearpoke\n|poke|p1|Mewtwo|\n|poke|p1|Arceus-*|\n|poke|p1|Gourgeist-*, F|\n|poke|p1|Darkrai|\n|poke|p1|Toxapex, M|\n|poke|p1|Rotom-Heat|\n|poke|p2|Arceus-*|\n|poke|p2|Tapu Fini|\n|poke|p2|Metagross|\n|poke|p2|Zygarde|\n|poke|p2|Nihilego|\n|poke|p2|Mawile, F|\n|teampreview\n|html|<button name=\"send\" class=\"button\" value=\"\/timer ds\"><i class=\"fa fa-hourglass-start\"><\/i> DS Timer<\/button> <button name=\"send\" class=\"button\" value=\"\/timer smogon\"><i class=\"fa fa-hourglass-start\"><\/i> Smogon Timer<\/button>\n|c|\u2606AsterJ|Alrighty\n|c|\u2606AsterJ|Hf my man\n|c|\u2606CDA_Aaron|glhf\n|c|\u2606AsterJ|May the best player wim\n|c|\u2606AsterJ|Win*\n|\n|t:|1647816595\n|start\n|switch|p1a: Mewtwo|Mewtwo|100\/100\n|switch|p2a: Zygarde|Zygarde|100\/100\n|-ability|p1a: Mewtwo|Pressure\n|turn|1\n|\n|t:|1647816601\n|switch|p2a: Mawile|Mawile, F|100\/100\n|-ability|p2a: Mawile|Intimidate|boost\n|-unboost|p1a: Mewtwo|atk|1\n|detailschange|p1a: Mewtwo|Mewtwo-Mega-X\n|-mega|p1a: Mewtwo|Mewtwo|Mewtwonite X\n|move|p1a: Mewtwo|Ice Punch|p2a: Mawile\n|-resisted|p2a: Mawile\n|-damage|p2a: Mawile|85\/100\n|\n|upkeep\n|turn|2\n|\n|t:|1647816611\n|detailschange|p2a: Mawile|Mawile-Mega, F\n|-mega|p2a: Mawile|Mawile|Mawilite\n|move|p1a: Mewtwo|Flamethrower|p2a: Mawile\n|-supereffective|p2a: Mawile\n|-damage|p2a: Mawile|14\/100\n|move|p2a: Mawile|Play Rough|p1a: Mewtwo|[miss]\n|-miss|p2a: Mawile|p1a: Mewtwo\n|\n|upkeep\n|turn|3\n|\n|t:|1647816621\n|switch|p2a: Tapu Fini|Tapu Fini|100\/100\n|move|p1a: Mewtwo|Low Kick|p2a: Tapu Fini\n|-resisted|p2a: Tapu Fini\n|-damage|p2a: Tapu Fini|94\/100\n|-damage|p1a: Mewtwo|84\/100|[from] item: Rocky Helmet|[of] p2a: Tapu Fini\n|\n|upkeep\n|turn|4\n|\n|t:|1647816636\n|switch|p1a: Rotom|Rotom-Heat|100\/100\n|switch|p2a: Zygarde|Zygarde|100\/100\n|\n|upkeep\n|turn|5\n|\n|t:|1647816641\n|move|p2a: Zygarde|Substitute|p2a: Zygarde\n|-start|p2a: Zygarde|Substitute\n|-damage|p2a: Zygarde|76\/100\n|move|p1a: Rotom|Trick||[still]\n|-fail|p1a: Rotom\n|\n|-heal|p2a: Zygarde|82\/100|[from] item: Leftovers\n|upkeep\n|turn|6\n|\n|t:|1647816648\n|switch|p1a: Arceus|Arceus-Fairy|100\/100\n|move|p2a: Zygarde|Coil|p2a: Zygarde\n|-boost|p2a: Zygarde|atk|1\n|-boost|p2a: Zygarde|def|1\n|-boost|p2a: Zygarde|accuracy|1\n|\n|-heal|p2a: Zygarde|88\/100|[from] item: Leftovers\n|upkeep\n|turn|7\n|\n|t:|1647816652\n|move|p1a: Arceus|Judgment|p2a: Zygarde\n|-supereffective|p2a: Zygarde\n|-end|p2a: Zygarde|Substitute\n|move|p2a: Zygarde|Glare|p1a: Arceus\n|-status|p1a: Arceus|par\n|\n|-heal|p2a: Zygarde|94\/100|[from] item: Leftovers\n|upkeep\n|turn|8\n|\n|t:|1647816659\n|switch|p2a: Metagross|Metagross|100\/100\n|move|p1a: Arceus|Calm Mind|p1a: Arceus\n|-boost|p1a: Arceus|spa|1\n|-boost|p1a: Arceus|spd|1\n|\n|upkeep\n|turn|9\n|\n|t:|1647816664\n|switch|p1a: Rotom|Rotom-Heat|100\/100\n|move|p2a: Metagross|Rock Slide|p1a: Rotom\n|-supereffective|p1a: Rotom\n|-damage|p1a: Rotom|56\/100\n|\n|upkeep\n|turn|10\n|\n|t:|1647816693\n|switch|p2a: Arceus|Arceus|100\/100\n|move|p1a: Rotom|Trick|p2a: Arceus\n|-activate|p1a: Rotom|move: Trick|[of] p2a: Arceus\n|-item|p2a: Arceus|Ring Target|[from] move: Trick\n|-item|p1a: Rotom|Leftovers|[from] move: Trick\n|\n|-heal|p1a: Rotom|62\/100|[from] item: Leftovers\n|upkeep\n|turn|11\n|\n|t:|1647816714\n|switch|p2a: Zygarde|Zygarde|94\/100\n|move|p1a: Rotom|Volt Switch|p2a: Zygarde\n|-immune|p2a: Zygarde\n|\n|-heal|p2a: Zygarde|100\/100|[from] item: Leftovers\n|-heal|p1a: Rotom|68\/100|[from] item: Leftovers\n|upkeep\n|turn|12\n|j| InfernoSam1904\n|\n|t:|1647816730\n|switch|p1a: Gourgeist|Gourgeist, F|100\/100\n|-item|p2a: Zygarde|Leftovers|[from] ability: Frisk|[of] p1a: Gourgeist|[identify]\n|move|p2a: Zygarde|Substitute|p2a: Zygarde\n|-start|p2a: Zygarde|Substitute\n|-damage|p2a: Zygarde|76\/100\n|\n|-heal|p2a: Zygarde|82\/100|[from] item: Leftovers\n|upkeep\n|turn|13\n|\n|t:|1647816736\n|move|p2a: Zygarde|Coil|p2a: Zygarde\n|-boost|p2a: Zygarde|atk|1\n|-boost|p2a: Zygarde|def|1\n|-boost|p2a: Zygarde|accuracy|1\n|move|p1a: Gourgeist|Power Whip|p2a: Zygarde\n|-activate|p2a: Zygarde|move: Substitute|[damage]\n|\n|-heal|p2a: Zygarde|88\/100|[from] item: Leftovers\n|upkeep\n|turn|14\n|\n|t:|1647816743\n|switch|p1a: Arceus|Arceus-Fairy|100\/100 par\n|move|p2a: Zygarde|Glare|p1a: Arceus\n|-fail|p1a: Arceus|par\n|\n|-heal|p2a: Zygarde|94\/100|[from] item: Leftovers\n|upkeep\n|turn|15\n|\n|t:|1647816747\n|move|p2a: Zygarde|Coil|p2a: Zygarde\n|-boost|p2a: Zygarde|atk|1\n|-boost|p2a: Zygarde|def|1\n|-boost|p2a: Zygarde|accuracy|1\n|move|p1a: Arceus|Judgment|p2a: Zygarde\n|-supereffective|p2a: Zygarde\n|-end|p2a: Zygarde|Substitute\n|\n|-heal|p2a: Zygarde|100\/100|[from] item: Leftovers\n|upkeep\n|turn|16\n|\n|t:|1647816758\n|move|p2a: Zygarde|Thousand Arrows|p1a: Arceus\n|-damage|p1a: Arceus|60\/100 par\n|move|p1a: Arceus|Judgment|p2a: Zygarde\n|-supereffective|p2a: Zygarde\n|-damage|p2a: Zygarde|18\/100\n|\n|-heal|p2a: Zygarde|25\/100|[from] item: Leftovers\n|-activate|p2a: Zygarde|ability: Power Construct\n|detailschange|p2a: Zygarde|Zygarde-Complete\n|-heal|p2a: Zygarde|51\/100|[silent]\n|upkeep\n|turn|17\n|\n|t:|1647816779\n|move|p2a: Zygarde|Substitute|p2a: Zygarde\n|-start|p2a: Zygarde|Substitute\n|-damage|p2a: Zygarde|26\/100\n|move|p1a: Arceus|Judgment|p2a: Zygarde\n|-supereffective|p2a: Zygarde\n|-end|p2a: Zygarde|Substitute\n|\n|-heal|p2a: Zygarde|32\/100|[from] item: Leftovers\n|upkeep\n|turn|18\n|\n|t:|1647816786\n|move|p2a: Zygarde|Thousand Arrows|p1a: Arceus\n|-damage|p1a: Arceus|22\/100 par\n|move|p1a: Arceus|Judgment|p2a: Zygarde\n|-supereffective|p2a: Zygarde\n|-crit|p2a: Zygarde\n|-damage|p2a: Zygarde|0 fnt\n|faint|p2a: Zygarde\n|\n|upkeep\n|\n|t:|1647816792\n|switch|p2a: Arceus|Arceus|100\/100\n|turn|19\n|\n|t:|1647816798\n|switch|p1a: Gourgeist|Gourgeist, F|100\/100\n|-item|p2a: Arceus|Ring Target|[from] ability: Frisk|[of] p1a: Gourgeist|[identify]\n|move|p2a: Arceus|Substitute|p2a: Arceus\n|-start|p2a: Arceus|Substitute\n|-damage|p2a: Arceus|75\/100\n|\n|upkeep\n|turn|20\n|\n|t:|1647816807\n|switch|p1a: Mewtwo|Mewtwo-Mega-X|84\/100\n|move|p2a: Arceus|Swords Dance|p2a: Arceus\n|-boost|p2a: Arceus|atk|2\n|\n|upkeep\n|turn|21\n|\n|t:|1647816814\n|move|p2a: Arceus|Extreme Speed|p1a: Mewtwo\n|-damage|p1a: Mewtwo|27\/100\n|move|p1a: Mewtwo|Low Kick|p2a: Arceus\n|-supereffective|p2a: Arceus\n|-end|p2a: Arceus|Substitute\n|\n|upkeep\n|turn|22\n|\n|t:|1647816822\n|move|p2a: Arceus|Extreme Speed|p1a: Mewtwo\n|-damage|p1a: Mewtwo|0 fnt\n|faint|p1a: Mewtwo\n|\n|upkeep\n|\n|t:|1647816836\n|switch|p1a: Toxapex|Toxapex, M|100\/100\n|turn|23\n|\n|t:|1647816870\n|move|p2a: Arceus|Substitute|p2a: Arceus\n|-start|p2a: Arceus|Substitute\n|-damage|p2a: Arceus|50\/100\n|move|p1a: Toxapex|Haze|p1a: Toxapex\n|-clearallboost\n|\n|upkeep\n|turn|24\n|\n|t:|1647816876\n|move|p2a: Arceus|Swords Dance|p2a: Arceus\n|-boost|p2a: Arceus|atk|2\n|move|p1a: Toxapex|Scald|p2a: Arceus\n|-activate|p2a: Arceus|move: Substitute|[damage]\n|\n|upkeep\n|turn|25\n|\n|t:|1647816882\n|move|p2a: Arceus|Shadow Force||[still]\n|-prepare|p2a: Arceus|Shadow Force\n|move|p1a: Toxapex|Haze|p1a: Toxapex\n|-clearallboost\n|\n|upkeep\n|turn|26\n|\n|t:|1647816886\n|move|p2a: Arceus|Shadow Force|p1a: Toxapex|[from]lockedmove\n|-damage|p1a: Toxapex|80\/100\n|move|p1a: Toxapex|Scald|p2a: Arceus\n|-activate|p2a: Arceus|move: Substitute|[damage]\n|\n|-heal|p1a: Toxapex|86\/100|[from] item: Black Sludge\n|upkeep\n|turn|27\n|\n|t:|1647816897\n|move|p2a: Arceus|Swords Dance|p2a: Arceus\n|-boost|p2a: Arceus|atk|2\n|move|p1a: Toxapex|Toxic Spikes|p2a: Arceus\n|-sidestart|p2: AsterJ|move: Toxic Spikes\n|\n|-heal|p1a: Toxapex|92\/100|[from] item: Black Sludge\n|upkeep\n|turn|28\n|\n|t:|1647816904\n|move|p2a: Arceus|Extreme Speed|p1a: Toxapex\n|-damage|p1a: Toxapex|52\/100\n|move|p1a: Toxapex|Haze|p1a: Toxapex\n|-clearallboost\n|\n|-heal|p1a: Toxapex|58\/100|[from] item: Black Sludge\n|upkeep\n|turn|29\n|\n|t:|1647816914\n|move|p2a: Arceus|Extreme Speed|p1a: Toxapex\n|-damage|p1a: Toxapex|35\/100\n|move|p1a: Toxapex|Haze|p1a: Toxapex\n|-clearallboost\n|\n|-heal|p1a: Toxapex|41\/100|[from] item: Black Sludge\n|upkeep\n|turn|30\n|\n|t:|1647816920\n|switch|p2a: Mawile|Mawile-Mega, F|14\/100\n|move|p1a: Toxapex|Recover|p1a: Toxapex\n|-heal|p1a: Toxapex|92\/100\n|\n|-heal|p1a: Toxapex|98\/100|[from] item: Black Sludge\n|upkeep\n|turn|31\n|\n|t:|1647816925\n|move|p2a: Mawile|Thunder Punch|p1a: Toxapex\n|-supereffective|p1a: Toxapex\n|-damage|p1a: Toxapex|35\/100\n|move|p1a: Toxapex|Toxic Spikes|p2a: Mawile\n|-sidestart|p2: AsterJ|move: Toxic Spikes\n|\n|-heal|p1a: Toxapex|41\/100|[from] item: Black Sludge\n|upkeep\n|turn|32\n|\n|t:|1647816932\n|switch|p1a: Rotom|Rotom-Heat|68\/100\n|move|p2a: Mawile|Swords Dance|p2a: Mawile\n|-boost|p2a: Mawile|atk|2\n|\n|-heal|p1a: Rotom|74\/100|[from] item: Leftovers\n|upkeep\n|turn|33\n|\n|t:|1647816937\n|move|p2a: Mawile|Sucker Punch||[still]\n|-fail|p2a: Mawile\n|move|p1a: Rotom|Pain Split|p2a: Mawile\n|-sethp|p2a: Mawile|47\/100|[from] move: Pain Split|[silent]\n|-sethp|p1a: Rotom|43\/100|[from] move: Pain Split\n|\n|-heal|p1a: Rotom|49\/100|[from] item: Leftovers\n|upkeep\n|turn|34\n|\n|t:|1647816944\n|move|p1a: Rotom|Overheat|p2a: Mawile\n|-supereffective|p2a: Mawile\n|-damage|p2a: Mawile|0 fnt\n|-unboost|p1a: Rotom|spa|2\n|faint|p2a: Mawile\n|\n|-heal|p1a: Rotom|55\/100|[from] item: Leftovers\n|upkeep\n|\n|t:|1647816947\n|switch|p2a: Nihilego|Nihilego|100\/100\n|-item|p2a: Nihilego|Air Balloon\n|turn|35\n|\n|t:|1647816956\n|switch|p1a: Toxapex|Toxapex, M|74\/100\n|move|p2a: Nihilego|Stealth Rock|p1a: Toxapex\n|-sidestart|p1: CDA_Aaron|move: Stealth Rock\n|\n|-heal|p1a: Toxapex|80\/100|[from] item: Black Sludge\n|upkeep\n|turn|36\n|\n|t:|1647816973\n|move|p2a: Nihilego|Toxic Spikes|p1a: Toxapex\n|-sidestart|p1: CDA_Aaron|move: Toxic Spikes\n|move|p1a: Toxapex|Scald|p2a: Nihilego\n|-supereffective|p2a: Nihilego\n|-damage|p2a: Nihilego|79\/100\n|-enditem|p2a: Nihilego|Air Balloon\n|\n|-heal|p1a: Toxapex|86\/100|[from] item: Black Sludge\n|upkeep\n|turn|37\n|\n|t:|1647816980\n|switch|p2a: Metagross|Metagross|100\/100\n|move|p1a: Toxapex|Scald|p2a: Metagross\n|-damage|p2a: Metagross|85\/100\n|-status|p2a: Metagross|brn\n|\n|-heal|p1a: Toxapex|92\/100|[from] item: Black Sludge\n|-damage|p2a: Metagross|79\/100 brn|[from] brn\n|upkeep\n|turn|38\n|\n|t:|1647816983\n|switch|p2a: Nihilego|Nihilego|79\/100\n|-sideend|p2: AsterJ|move: Toxic Spikes|[of] p2a: Nihilego\n|move|p1a: Toxapex|Scald|p2a: Nihilego\n|-supereffective|p2a: Nihilego\n|-damage|p2a: Nihilego|57\/100\n|-status|p2a: Nihilego|brn\n|\n|-heal|p1a: Toxapex|98\/100|[from] item: Black Sludge\n|-damage|p2a: Nihilego|51\/100 brn|[from] brn\n|upkeep\n|turn|39\n|\n|t:|1647816990\n|switch|p2a: Tapu Fini|Tapu Fini|94\/100\n|move|p1a: Toxapex|Toxic Spikes|p2a: Tapu Fini\n|-sidestart|p2: AsterJ|move: Toxic Spikes\n|\n|-heal|p1a: Toxapex|100\/100|[from] item: Black Sludge\n|upkeep\n|turn|40\n|\n|t:|1647817002\n|switch|p1a: Rotom|Rotom-Heat|55\/100\n|-damage|p1a: Rotom|31\/100|[from] Stealth Rock\n|move|p2a: Tapu Fini|Moonblast|p1a: Rotom\n|-resisted|p1a: Rotom\n|-damage|p1a: Rotom|14\/100\n|-unboost|p1a: Rotom|spa|1\n|\n|-heal|p1a: Rotom|20\/100|[from] item: Leftovers\n|upkeep\n|turn|41\n|\n|t:|1647817011\n|switch|p2a: Nihilego|Nihilego|51\/100 brn\n|-sideend|p2: AsterJ|move: Toxic Spikes|[of] p2a: Nihilego\n|move|p1a: Rotom|Pain Split|p2a: Nihilego\n|-sethp|p2a: Nihilego|33\/100 brn|[from] move: Pain Split|[silent]\n|-sethp|p1a: Rotom|46\/100|[from] move: Pain Split\n|\n|-heal|p1a: Rotom|52\/100|[from] item: Leftovers\n|-damage|p2a: Nihilego|27\/100 brn|[from] brn\n|upkeep\n|turn|42\n|\n|t:|1647817019\n|switch|p2a: Tapu Fini|Tapu Fini|94\/100\n|switch|p1a: Toxapex|Toxapex, M|100\/100\n|-damage|p1a: Toxapex|88\/100|[from] Stealth Rock\n|-sideend|p1: CDA_Aaron|move: Toxic Spikes|[of] p1a: Toxapex\n|\n|-heal|p1a: Toxapex|94\/100|[from] item: Black Sludge\n|upkeep\n|turn|43\n|\n|t:|1647817024\n|switch|p1a: Rotom|Rotom-Heat|52\/100\n|-damage|p1a: Rotom|27\/100|[from] Stealth Rock\n|move|p2a: Tapu Fini|Moonblast|p1a: Rotom\n|-resisted|p1a: Rotom\n|-damage|p1a: Rotom|11\/100\n|\n|-heal|p1a: Rotom|17\/100|[from] item: Leftovers\n|upkeep\n|turn|44\n|\n|t:|1647817032\n|move|p1a: Rotom|Volt Switch|p2a: Tapu Fini\n|-supereffective|p2a: Tapu Fini\n|-damage|p2a: Tapu Fini|54\/100\n|\n|t:|1647817036\n|switch|p1a: Arceus|Arceus-Fairy|22\/100 par|[from]move: Volt Switch\n|-damage|p1a: Arceus|10\/100 par|[from] Stealth Rock\n|move|p2a: Tapu Fini|Toxic||[still]\n|-fail|p2a: Tapu Fini\n|\n|upkeep\n|turn|45\n|\n|t:|1647817039\n|move|p2a: Tapu Fini|Moonblast|p1a: Arceus\n|-damage|p1a: Arceus|0 fnt\n|faint|p1a: Arceus\n|\n|upkeep\n|\n|t:|1647817041\n|switch|p1a: Rotom|Rotom-Heat|17\/100\n|-damage|p1a: Rotom|0 fnt|[from] Stealth Rock\n|faint|p1a: Rotom\n|\n|t:|1647817046\n|switch|p1a: Gourgeist|Gourgeist, F|100\/100\n|-damage|p1a: Gourgeist|88\/100|[from] Stealth Rock\n|-item|p2a: Tapu Fini|Rocky Helmet|[from] ability: Frisk|[of] p1a: Gourgeist|[identify]\n|turn|46\n|\n|t:|1647817055\n|switch|p2a: Metagross|Metagross|79\/100 brn\n|move|p1a: Gourgeist|Power Whip|p2a: Metagross\n|-resisted|p2a: Metagross\n|-damage|p2a: Metagross|66\/100 brn\n|\n|-damage|p2a: Metagross|60\/100 brn|[from] brn\n|upkeep\n|turn|47\n|\n|t:|1647817062\n|switch|p1a: Toxapex|Toxapex, M|100\/100\n|-damage|p1a: Toxapex|88\/100|[from] Stealth Rock\n|move|p2a: Metagross|Icy Wind|p1a: Toxapex\n|-resisted|p1a: Toxapex\n|-damage|p1a: Toxapex|83\/100\n|-unboost|p1a: Toxapex|spe|1\n|\n|-heal|p1a: Toxapex|89\/100|[from] item: Black Sludge\n|-damage|p2a: Metagross|54\/100 brn|[from] brn\n|upkeep\n|turn|48\n|\n|t:|1647817065\n|switch|p2a: Tapu Fini|Tapu Fini|54\/100\n|move|p1a: Toxapex|Toxic Spikes|p2a: Tapu Fini\n|-sidestart|p2: AsterJ|move: Toxic Spikes\n|\n|-heal|p1a: Toxapex|95\/100|[from] item: Black Sludge\n|upkeep\n|turn|49\n|\n|t:|1647817070\n|move|p2a: Tapu Fini|Rest|p2a: Tapu Fini\n|-status|p2a: Tapu Fini|slp|[from] move: Rest\n|-heal|p2a: Tapu Fini|100\/100 slp|[silent]\n|move|p1a: Toxapex|Scald|p2a: Tapu Fini\n|-resisted|p2a: Tapu Fini\n|-damage|p2a: Tapu Fini|94\/100 slp\n|\n|-heal|p1a: Toxapex|100\/100|[from] item: Black Sludge\n|upkeep\n|turn|50\n|\n|t:|1647817072\n|switch|p1a: Gourgeist|Gourgeist, F|88\/100\n|-damage|p1a: Gourgeist|76\/100|[from] Stealth Rock\n|-item|p2a: Tapu Fini|Rocky Helmet|[from] ability: Frisk|[of] p1a: Gourgeist|[identify]\n|cant|p2a: Tapu Fini|slp\n|move|p2a: Tapu Fini|Sleep Talk|p2a: Tapu Fini\n|move|p2a: Tapu Fini|Toxic|p1a: Gourgeist|[from]move: Sleep Talk\n|-status|p1a: Gourgeist|tox\n|\n|-damage|p1a: Gourgeist|70\/100 tox|[from] psn\n|upkeep\n|turn|51\n|\n|t:|1647817078\n|switch|p2a: Metagross|Metagross|54\/100 brn\n|move|p1a: Gourgeist|Power Whip|p2a: Metagross\n|-resisted|p2a: Metagross\n|-damage|p2a: Metagross|39\/100 brn\n|\n|-damage|p1a: Gourgeist|58\/100 tox|[from] psn\n|-damage|p2a: Metagross|33\/100 brn|[from] brn\n|upkeep\n|turn|52\n|\n|t:|1647817089\n|switch|p2a: Nihilego|Nihilego|27\/100 brn\n|-sideend|p2: AsterJ|move: Toxic Spikes|[of] p2a: Nihilego\n|move|p1a: Gourgeist|Poltergeist||[still]\n|-fail|p1a: Gourgeist\n|\n|-damage|p1a: Gourgeist|39\/100 tox|[from] psn\n|-damage|p2a: Nihilego|21\/100 brn|[from] brn\n|upkeep\n|turn|53\n|\n|t:|1647817104\n|switch|p1a: Toxapex|Toxapex, M|100\/100\n|-damage|p1a: Toxapex|88\/100|[from] Stealth Rock\n|move|p2a: Nihilego|Power Gem|p1a: Toxapex\n|-damage|p1a: Toxapex|61\/100\n|\n|-heal|p1a: Toxapex|67\/100|[from] item: Black Sludge\n|-damage|p2a: Nihilego|14\/100 brn|[from] brn\n|upkeep\n|turn|54\n|\n|t:|1647817111\n|switch|p2a: Tapu Fini|Tapu Fini|94\/100 slp\n|move|p1a: Toxapex|Toxic Spikes|p2a: Tapu Fini\n|-sidestart|p2: AsterJ|move: Toxic Spikes\n|\n|-heal|p1a: Toxapex|72\/100|[from] item: Black Sludge\n|upkeep\n|turn|55\n|\n|t:|1647817117\n|cant|p2a: Tapu Fini|slp\n|move|p1a: Toxapex|Recover|p1a: Toxapex\n|-heal|p1a: Toxapex|100\/100\n|\n|upkeep\n|turn|56\n|\n|t:|1647817122\n|-curestatus|p2a: Tapu Fini|slp|[msg]\n|move|p2a: Tapu Fini|Moonblast|p1a: Toxapex\n|-resisted|p1a: Toxapex\n|-damage|p1a: Toxapex|87\/100\n|move|p1a: Toxapex|Toxic Spikes|p2a: Tapu Fini\n|-sidestart|p2: AsterJ|move: Toxic Spikes\n|\n|-heal|p1a: Toxapex|93\/100|[from] item: Black Sludge\n|upkeep\n|turn|57\n|\n|t:|1647817131\n|move|p2a: Tapu Fini|Rest|p2a: Tapu Fini\n|-status|p2a: Tapu Fini|slp|[from] move: Rest\n|-heal|p2a: Tapu Fini|100\/100 slp|[silent]\n|move|p1a: Toxapex|Scald|p2a: Tapu Fini\n|-resisted|p2a: Tapu Fini\n|-damage|p2a: Tapu Fini|94\/100 slp\n|\n|-heal|p1a: Toxapex|99\/100|[from] item: Black Sludge\n|upkeep\n|turn|58\n|\n|t:|1647817138\n|cant|p2a: Tapu Fini|slp\n|move|p2a: Tapu Fini|Sleep Talk|p2a: Tapu Fini\n|move|p2a: Tapu Fini|Moonblast|p1a: Toxapex|[from]move: Sleep Talk\n|-resisted|p1a: Toxapex\n|-damage|p1a: Toxapex|86\/100\n|move|p1a: Toxapex|Haze|p1a: Toxapex\n|-clearallboost\n|\n|-heal|p1a: Toxapex|92\/100|[from] item: Black Sludge\n|upkeep\n|turn|59\n|\n|t:|1647817145\n|switch|p1a: Darkrai|Darkrai|100\/100\n|-damage|p1a: Darkrai|88\/100|[from] Stealth Rock\n|cant|p2a: Tapu Fini|slp\n|\n|-damage|p2a: Tapu Fini|81\/100 slp|[from] ability: Bad Dreams|[of] p1a: Darkrai\n|upkeep\n|turn|60\n|\n|t:|1647817155\n|move|p1a: Darkrai|Trick|p2a: Tapu Fini\n|-activate|p1a: Darkrai|move: Trick|[of] p2a: Tapu Fini\n|-item|p2a: Tapu Fini|Choice Scarf|[from] move: Trick\n|-item|p1a: Darkrai|Rocky Helmet|[from] move: Trick\n|-curestatus|p2a: Tapu Fini|slp|[msg]\n|move|p2a: Tapu Fini|Moonblast|p1a: Darkrai\n|-supereffective|p1a: Darkrai\n|-damage|p1a: Darkrai|7\/100\n|\n|upkeep\n|turn|61\n|\n|t:|1647817173\n|switch|p2a: Nihilego|Nihilego|14\/100 brn\n|-sideend|p2: AsterJ|move: Toxic Spikes|[of] p2a: Nihilego\n|move|p1a: Darkrai|Thunder|p2a: Nihilego\n|-damage|p2a: Nihilego|0 fnt\n|faint|p2a: Nihilego\n|\n|upkeep\n|\n|t:|1647817184\n|switch|p2a: Metagross|Metagross|33\/100 brn\n|turn|62\n|\n|t:|1647817186\n|move|p2a: Metagross|Bullet Punch|p1a: Darkrai\n|-damage|p1a: Darkrai|0 fnt\n|-damage|p2a: Metagross|16\/100 brn|[from] item: Rocky Helmet|[of] p1a: Darkrai\n|faint|p1a: Darkrai\n|\n|-damage|p2a: Metagross|10\/100 brn|[from] brn\n|upkeep\n|\n|t:|1647817188\n|switch|p1a: Toxapex|Toxapex, M|100\/100\n|-damage|p1a: Toxapex|88\/100|[from] Stealth Rock\n|turn|63\n|\n|t:|1647817198\n|switch|p2a: Arceus|Arceus|50\/100\n|move|p1a: Toxapex|Toxic Spikes|p2a: Arceus\n|-sidestart|p2: AsterJ|move: Toxic Spikes\n|\n|-heal|p1a: Toxapex|94\/100|[from] item: Black Sludge\n|upkeep\n|turn|64\n|\n|t:|1647817206\n|move|p2a: Arceus|Substitute|p2a: Arceus\n|-start|p2a: Arceus|Substitute\n|-damage|p2a: Arceus|25\/100\n|move|p1a: Toxapex|Scald|p2a: Arceus\n|-activate|p2a: Arceus|move: Substitute|[damage]\n|\n|-heal|p1a: Toxapex|99\/100|[from] item: Black Sludge\n|upkeep\n|turn|65\n|\n|t:|1647817214\n|move|p2a: Arceus|Swords Dance|p2a: Arceus\n|-boost|p2a: Arceus|atk|2\n|move|p1a: Toxapex|Haze|p1a: Toxapex\n|-clearallboost\n|\n|-heal|p1a: Toxapex|100\/100|[from] item: Black Sludge\n|upkeep\n|turn|66\n|\n|t:|1647817218\n|move|p2a: Arceus|Swords Dance|p2a: Arceus\n|-boost|p2a: Arceus|atk|2\n|move|p1a: Toxapex|Haze|p1a: Toxapex\n|-clearallboost\n|\n|upkeep\n|turn|67\n|\n|t:|1647817223\n|move|p2a: Arceus|Swords Dance|p2a: Arceus\n|-boost|p2a: Arceus|atk|2\n|move|p1a: Toxapex|Scald|p2a: Arceus\n|-activate|p2a: Arceus|move: Substitute|[damage]\n|\n|upkeep\n|turn|68\n|\n|t:|1647817229\n|move|p2a: Arceus|Extreme Speed|p1a: Toxapex\n|-damage|p1a: Toxapex|58\/100\n|move|p1a: Toxapex|Haze|p1a: Toxapex\n|-clearallboost\n|\n|-heal|p1a: Toxapex|64\/100|[from] item: Black Sludge\n|upkeep\n|turn|69\n|\n|t:|1647817234\n|move|p2a: Arceus|Swords Dance|p2a: Arceus\n|-boost|p2a: Arceus|atk|2\n|move|p1a: Toxapex|Scald|p2a: Arceus\n|-end|p2a: Arceus|Substitute\n|\n|-heal|p1a: Toxapex|70\/100|[from] item: Black Sludge\n|upkeep\n|turn|70\n|\n|t:|1647817240\n|move|p2a: Arceus|Extreme Speed|p1a: Toxapex\n|-damage|p1a: Toxapex|30\/100\n|move|p1a: Toxapex|Recover|p1a: Toxapex\n|-heal|p1a: Toxapex|80\/100\n|\n|-heal|p1a: Toxapex|86\/100|[from] item: Black Sludge\n|upkeep\n|turn|71\n|\n|t:|1647817248\n|move|p2a: Arceus|Swords Dance|p2a: Arceus\n|-boost|p2a: Arceus|atk|2\n|move|p1a: Toxapex|Haze|p1a: Toxapex\n|-clearallboost\n|\n|-heal|p1a: Toxapex|92\/100|[from] item: Black Sludge\n|upkeep\n|turn|72\n|\n|t:|1647817254\n|move|p2a: Arceus|Swords Dance|p2a: Arceus\n|-boost|p2a: Arceus|atk|2\n|move|p1a: Toxapex|Toxic Spikes|p2a: Arceus\n|-sidestart|p2: AsterJ|move: Toxic Spikes\n|\n|-heal|p1a: Toxapex|98\/100|[from] item: Black Sludge\n|upkeep\n|turn|73\n|\n|t:|1647817263\n|switch|p2a: Tapu Fini|Tapu Fini|81\/100\n|-status|p2a: Tapu Fini|tox\n|move|p1a: Toxapex|Haze|p1a: Toxapex\n|-clearallboost\n|\n|-heal|p1a: Toxapex|100\/100|[from] item: Black Sludge\n|-damage|p2a: Tapu Fini|75\/100 tox|[from] psn\n|upkeep\n|turn|74\n|\n|t:|1647817277\n|switch|p1a: Gourgeist|Gourgeist, F|39\/100 tox\n|-damage|p1a: Gourgeist|27\/100 tox|[from] Stealth Rock\n|-item|p2a: Tapu Fini|Choice Scarf|[from] ability: Frisk|[of] p1a: Gourgeist|[identify]\n|move|p2a: Tapu Fini|Moonblast|p1a: Gourgeist\n|-damage|p1a: Gourgeist|0 fnt\n|faint|p1a: Gourgeist\n|\n|-damage|p2a: Tapu Fini|63\/100 tox|[from] psn\n|upkeep\n|\n|t:|1647817279\n|switch|p1a: Toxapex|Toxapex, M|100\/100\n|-damage|p1a: Toxapex|88\/100|[from] Stealth Rock\n|turn|75\n|\n|t:|1647817281\n|switch|p2a: Metagross|Metagross|10\/100 brn\n|move|p1a: Toxapex|Haze|p1a: Toxapex\n|-clearallboost\n|\n|-heal|p1a: Toxapex|94\/100|[from] item: Black Sludge\n|-damage|p2a: Metagross|4\/100 brn|[from] brn\n|upkeep\n|turn|76\n|\n|t:|1647817291\n|move|p2a: Metagross|Rock Slide|p1a: Toxapex\n|-damage|p1a: Toxapex|87\/100\n|cant|p1a: Toxapex|flinch\n|\n|-heal|p1a: Toxapex|93\/100|[from] item: Black Sludge\n|-damage|p2a: Metagross|0 fnt|[from] brn\n|faint|p2a: Metagross\n|upkeep\n|\n|t:|1647817296\n|switch|p2a: Tapu Fini|Tapu Fini|63\/100 tox\n|turn|77\n|\n|t:|1647817307\n|move|p2a: Tapu Fini|Moonblast|p1a: Toxapex\n|-resisted|p1a: Toxapex\n|-damage|p1a: Toxapex|80\/100\n|move|p1a: Toxapex|Toxic Spikes||[still]\n|-fail|p1a: Toxapex\n|\n|-heal|p1a: Toxapex|86\/100|[from] item: Black Sludge\n|-damage|p2a: Tapu Fini|57\/100 tox|[from] psn\n|upkeep\n|turn|78\n|\n|t:|1647817313\n|move|p2a: Tapu Fini|Moonblast|p1a: Toxapex\n|-resisted|p1a: Toxapex\n|-damage|p1a: Toxapex|74\/100\n|-unboost|p1a: Toxapex|spa|1\n|move|p1a: Toxapex|Scald|p2a: Tapu Fini\n|-resisted|p2a: Tapu Fini\n|-damage|p2a: Tapu Fini|52\/100 tox\n|\n|-heal|p1a: Toxapex|80\/100|[from] item: Black Sludge\n|-damage|p2a: Tapu Fini|40\/100 tox|[from] psn\n|upkeep\n|turn|79\n|\n|t:|1647817318\n|switch|p2a: Arceus|Arceus|25\/100\n|-status|p2a: Arceus|tox\n|move|p1a: Toxapex|Recover|p1a: Toxapex\n|-heal|p1a: Toxapex|100\/100\n|\n|-damage|p2a: Arceus|19\/100 tox|[from] psn\n|upkeep\n|turn|80\n|\n|t:|1647817321\n|switch|p2a: Tapu Fini|Tapu Fini|40\/100 tox\n|move|p1a: Toxapex|Scald|p2a: Tapu Fini\n|-resisted|p2a: Tapu Fini\n|-damage|p2a: Tapu Fini|36\/100 tox\n|\n|-damage|p2a: Tapu Fini|30\/100 tox|[from] psn\n|upkeep\n|turn|81\n|\n|t:|1647817326\n|move|p2a: Tapu Fini|Rest|p2a: Tapu Fini\n|-status|p2a: Tapu Fini|slp|[from] move: Rest\n|-heal|p2a: Tapu Fini|100\/100 slp|[silent]\n|move|p1a: Toxapex|Recover||[still]\n|-fail|p1a: Toxapex|heal\n|\n|upkeep\n|turn|82\n|\n|t:|1647817330\n|cant|p2a: Tapu Fini|slp\n|move|p1a: Toxapex|Toxic Spikes||[still]\n|-fail|p1a: Toxapex\n|\n|upkeep\n|turn|83\n|\n|t:|1647817335\n|switch|p2a: Arceus|Arceus|19\/100 tox\n|move|p1a: Toxapex|Toxic Spikes||[still]\n|-fail|p1a: Toxapex\n|\n|-damage|p2a: Arceus|13\/100 tox|[from] psn\n|upkeep\n|turn|84\n|\n|t:|1647817338\n|switch|p2a: Tapu Fini|Tapu Fini|100\/100 slp\n|move|p1a: Toxapex|Scald|p2a: Tapu Fini\n|-resisted|p2a: Tapu Fini\n|-damage|p2a: Tapu Fini|96\/100 slp\n|\n|upkeep\n|turn|85\n|\n|t:|1647817346\n|cant|p2a: Tapu Fini|slp\n|move|p1a: Toxapex|Haze|p1a: Toxapex\n|-clearallboost\n|\n|upkeep\n|turn|86\n|\n|t:|1647817354\n|-curestatus|p2a: Tapu Fini|slp|[msg]\n|move|p2a: Tapu Fini|Sleep Talk||[still]\n|-fail|p2a: Tapu Fini\n|move|p1a: Toxapex|Recover||[still]\n|-fail|p1a: Toxapex|heal\n|\n|upkeep\n|turn|87\n|c|\u2606CDA_Aaron|we finna be here forevah lmao\n|\n|t:|1647817360\n|move|p2a: Tapu Fini|Sleep Talk||[still]\n|-fail|p2a: Tapu Fini\n|move|p1a: Toxapex|Scald|p2a: Tapu Fini\n|-resisted|p2a: Tapu Fini\n|-damage|p2a: Tapu Fini|89\/100\n|\n|upkeep\n|turn|88\n|\n|t:|1647817364\n|move|p2a: Tapu Fini|Sleep Talk||[still]\n|-fail|p2a: Tapu Fini\n|move|p1a: Toxapex|Haze|p1a: Toxapex\n|-clearallboost\n|\n|upkeep\n|turn|89\n|\n|t:|1647817367\n|move|p2a: Tapu Fini|Sleep Talk||[still]\n|-fail|p2a: Tapu Fini\n|move|p1a: Toxapex|Haze|p1a: Toxapex\n|-clearallboost\n|\n|upkeep\n|turn|90\n|\n|t:|1647817369\n|move|p2a: Tapu Fini|Sleep Talk||[still]\n|-fail|p2a: Tapu Fini\n|move|p1a: Toxapex|Recover||[still]\n|-fail|p1a: Toxapex|heal\n|\n|upkeep\n|turn|91\n|\n|t:|1647817372\n|move|p2a: Tapu Fini|Sleep Talk||[still]\n|-fail|p2a: Tapu Fini\n|move|p1a: Toxapex|Haze|p1a: Toxapex\n|-clearallboost\n|\n|upkeep\n|turn|92\n|\n|t:|1647817374\n|move|p2a: Tapu Fini|Sleep Talk||[still]\n|-fail|p2a: Tapu Fini\n|move|p1a: Toxapex|Toxic Spikes||[still]\n|-fail|p1a: Toxapex\n|\n|upkeep\n|turn|93\n|\n|t:|1647817376\n|move|p2a: Tapu Fini|Sleep Talk||[still]\n|-fail|p2a: Tapu Fini\n|move|p1a: Toxapex|Toxic Spikes||[still]\n|-fail|p1a: Toxapex\n|\n|upkeep\n|turn|94\n|\n|t:|1647817379\n|move|p2a: Tapu Fini|Sleep Talk||[still]\n|-fail|p2a: Tapu Fini\n|move|p1a: Toxapex|Toxic Spikes||[still]\n|-fail|p1a: Toxapex\n|\n|upkeep\n|turn|95\n|\n|t:|1647817381\n|switch|p2a: Arceus|Arceus|13\/100 tox\n|move|p1a: Toxapex|Haze|p1a: Toxapex\n|-clearallboost\n|\n|-damage|p2a: Arceus|7\/100 tox|[from] psn\n|upkeep\n|turn|96\n|\n|t:|1647817385\n|switch|p2a: Tapu Fini|Tapu Fini|89\/100\n|-status|p2a: Tapu Fini|tox\n|move|p1a: Toxapex|Toxic Spikes||[still]\n|-fail|p1a: Toxapex\n|\n|-damage|p2a: Tapu Fini|82\/100 tox|[from] psn\n|upkeep\n|turn|97\n|\n|t:|1647817391\n|move|p2a: Tapu Fini|Rest|p2a: Tapu Fini\n|-status|p2a: Tapu Fini|slp|[from] move: Rest\n|-heal|p2a: Tapu Fini|100\/100 slp|[silent]\n|move|p1a: Toxapex|Haze|p1a: Toxapex\n|-clearallboost\n|\n|upkeep\n|turn|98\n|\n|t:|1647817401\n|cant|p2a: Tapu Fini|slp\n|move|p1a: Toxapex|Haze|p1a: Toxapex\n|-clearallboost\n|\n|upkeep\n|turn|99\n|\n|t:|1647817410\n|switch|p2a: Arceus|Arceus|7\/100 tox\n|move|p1a: Toxapex|Haze|p1a: Toxapex\n|-clearallboost\n|\n|-damage|p2a: Arceus|1\/100 tox|[from] psn\n|upkeep\n|turn|100\n|\n|t:|1647817414\n|switch|p2a: Tapu Fini|Tapu Fini|100\/100 slp\n|move|p1a: Toxapex|Haze|p1a: Toxapex\n|-clearallboost\n|\n|upkeep\n|turn|101\n|\n|t:|1647817424\n|cant|p2a: Tapu Fini|slp\n|move|p1a: Toxapex|Toxic Spikes||[still]\n|-fail|p1a: Toxapex\n|\n|upkeep\n|turn|102\n|\n|t:|1647817429\n|-curestatus|p2a: Tapu Fini|slp|[msg]\n|move|p2a: Tapu Fini|Moonblast|p1a: Toxapex\n|-resisted|p1a: Toxapex\n|-damage|p1a: Toxapex|89\/100\n|move|p1a: Toxapex|Toxic Spikes||[still]\n|-fail|p1a: Toxapex\n|\n|-heal|p1a: Toxapex|95\/100|[from] item: Black Sludge\n|upkeep\n|turn|103\n|\n|t:|1647817436\n|move|p2a: Tapu Fini|Moonblast|p1a: Toxapex\n|-resisted|p1a: Toxapex\n|-damage|p1a: Toxapex|83\/100\n|move|p1a: Toxapex|Scald|p2a: Tapu Fini\n|-resisted|p2a: Tapu Fini\n|-damage|p2a: Tapu Fini|94\/100\n|\n|-heal|p1a: Toxapex|89\/100|[from] item: Black Sludge\n|upkeep\n|turn|104\n|\n|t:|1647817440\n|move|p2a: Tapu Fini|Moonblast|p1a: Toxapex\n|-resisted|p1a: Toxapex\n|-damage|p1a: Toxapex|75\/100\n|move|p1a: Toxapex|Haze|p1a: Toxapex\n|-clearallboost\n|\n|-heal|p1a: Toxapex|81\/100|[from] item: Black Sludge\n|upkeep\n|turn|105\n|\n|t:|1647817445\n|move|p2a: Tapu Fini|Moonblast|p1a: Toxapex\n|-resisted|p1a: Toxapex\n|-damage|p1a: Toxapex|69\/100\n|move|p1a: Toxapex|Toxic Spikes||[still]\n|-fail|p1a: Toxapex\n|\n|-heal|p1a: Toxapex|75\/100|[from] item: Black Sludge\n|upkeep\n|turn|106\n|\n|t:|1647817449\n|move|p2a: Tapu Fini|Moonblast|p1a: Toxapex\n|-resisted|p1a: Toxapex\n|-damage|p1a: Toxapex|63\/100\n|move|p1a: Toxapex|Toxic Spikes||[still]\n|-fail|p1a: Toxapex\n|\n|-heal|p1a: Toxapex|69\/100|[from] item: Black Sludge\n|upkeep\n|turn|107\n|\n|t:|1647817452\n|move|p2a: Tapu Fini|Moonblast|p1a: Toxapex\n|-resisted|p1a: Toxapex\n|-damage|p1a: Toxapex|56\/100\n|move|p1a: Toxapex|Recover|p1a: Toxapex\n|-heal|p1a: Toxapex|100\/100\n|\n|upkeep\n|turn|108\n|\n|t:|1647817454\n|move|p2a: Tapu Fini|Moonblast|p1a: Toxapex\n|-resisted|p1a: Toxapex\n|-damage|p1a: Toxapex|87\/100\n|move|p1a: Toxapex|Toxic Spikes||[still]\n|-fail|p1a: Toxapex\n|\n|-heal|p1a: Toxapex|93\/100|[from] item: Black Sludge\n|upkeep\n|turn|109\n|\n|t:|1647817458\n|move|p2a: Tapu Fini|Moonblast|p1a: Toxapex\n|-resisted|p1a: Toxapex\n|-damage|p1a: Toxapex|80\/100\n|-unboost|p1a: Toxapex|spa|1\n|move|p1a: Toxapex|Toxic Spikes||[still]\n|-fail|p1a: Toxapex\n|\n|-heal|p1a: Toxapex|86\/100|[from] item: Black Sludge\n|upkeep\n|turn|110\n|\n|t:|1647817486\n|move|p2a: Tapu Fini|Moonblast|p1a: Toxapex\n|-resisted|p1a: Toxapex\n|-damage|p1a: Toxapex|72\/100\n|move|p1a: Toxapex|Toxic Spikes||[still]\n|-fail|p1a: Toxapex\n|\n|-heal|p1a: Toxapex|78\/100|[from] item: Black Sludge\n|upkeep\n|turn|111\n|\n|t:|1647817489\n|move|p2a: Tapu Fini|Moonblast|p1a: Toxapex\n|-resisted|p1a: Toxapex\n|-damage|p1a: Toxapex|67\/100\n|move|p1a: Toxapex|Toxic Spikes||[still]\n|-fail|p1a: Toxapex\n|\n|-heal|p1a: Toxapex|72\/100|[from] item: Black Sludge\n|upkeep\n|turn|112\n|\n|t:|1647817493\n|move|p2a: Tapu Fini|Moonblast|p1a: Toxapex\n|-resisted|p1a: Toxapex\n|-damage|p1a: Toxapex|61\/100\n|move|p1a: Toxapex|Recover|p1a: Toxapex\n|-heal|p1a: Toxapex|100\/100\n|\n|upkeep\n|turn|113\n|j| Danganronpa Stan\n|\n|t:|1647817513\n|move|p2a: Tapu Fini|Moonblast|p1a: Toxapex\n|-resisted|p1a: Toxapex\n|-damage|p1a: Toxapex|88\/100\n|move|p1a: Toxapex|Toxic Spikes||[still]\n|-fail|p1a: Toxapex\n|\n|-heal|p1a: Toxapex|94\/100|[from] item: Black Sludge\n|upkeep\n|turn|114\n|\n|t:|1647817517\n|move|p2a: Tapu Fini|Moonblast|p1a: Toxapex\n|-resisted|p1a: Toxapex\n|-damage|p1a: Toxapex|81\/100\n|move|p1a: Toxapex|Scald|p2a: Tapu Fini\n|-resisted|p2a: Tapu Fini\n|-damage|p2a: Tapu Fini|89\/100\n|\n|-heal|p1a: Toxapex|87\/100|[from] item: Black Sludge\n|upkeep\n|turn|115\n|\n|t:|1647817524\n|move|p2a: Tapu Fini|Moonblast|p1a: Toxapex\n|-resisted|p1a: Toxapex\n|-damage|p1a: Toxapex|74\/100\n|move|p1a: Toxapex|Scald|p2a: Tapu Fini\n|-resisted|p2a: Tapu Fini\n|-damage|p2a: Tapu Fini|84\/100\n|\n|-heal|p1a: Toxapex|80\/100|[from] item: Black Sludge\n|upkeep\n|turn|116\n|\n|t:|1647817529\n|move|p2a: Tapu Fini|Moonblast|p1a: Toxapex\n|-resisted|p1a: Toxapex\n|-damage|p1a: Toxapex|68\/100\n|move|p1a: Toxapex|Scald|p2a: Tapu Fini\n|-resisted|p2a: Tapu Fini\n|-damage|p2a: Tapu Fini|80\/100\n|-status|p2a: Tapu Fini|brn\n|\n|-heal|p1a: Toxapex|74\/100|[from] item: Black Sludge\n|-damage|p2a: Tapu Fini|74\/100 brn|[from] brn\n|upkeep\n|turn|117\n|\n|t:|1647817537\n|move|p2a: Tapu Fini|Moonblast|p1a: Toxapex\n|-resisted|p1a: Toxapex\n|-damage|p1a: Toxapex|61\/100\n|move|p1a: Toxapex|Recover|p1a: Toxapex\n|-heal|p1a: Toxapex|100\/100\n|\n|-damage|p2a: Tapu Fini|68\/100 brn|[from] brn\n|upkeep\n|turn|118\n|\n|t:|1647817542\n|-activate|p2a: Tapu Fini|move: Struggle\n|move|p2a: Tapu Fini|Struggle|p1a: Toxapex\n|-damage|p1a: Toxapex|98\/100\n|-damage|p2a: Tapu Fini|43\/100 brn|[from] recoil\n|move|p1a: Toxapex|Scald|p2a: Tapu Fini\n|-resisted|p2a: Tapu Fini\n|-damage|p2a: Tapu Fini|38\/100 brn\n|\n|-heal|p1a: Toxapex|100\/100|[from] item: Black Sludge\n|-damage|p2a: Tapu Fini|32\/100 brn|[from] brn\n|upkeep\n|turn|119\n|\n|t:|1647817546\n|switch|p2a: Arceus|Arceus|1\/100 tox\n|move|p1a: Toxapex|Toxic Spikes||[still]\n|-fail|p1a: Toxapex\n|\n|-damage|p2a: Arceus|0 fnt|[from] psn\n|faint|p2a: Arceus\n|upkeep\n|\n|t:|1647817549\n|switch|p2a: Tapu Fini|Tapu Fini|32\/100 brn\n|turn|120\n|\n|t:|1647817554\n|move|p2a: Tapu Fini|Rest|p2a: Tapu Fini\n|-status|p2a: Tapu Fini|slp|[from] move: Rest\n|-heal|p2a: Tapu Fini|100\/100 slp|[silent]\n|move|p1a: Toxapex|Recover||[still]\n|-fail|p1a: Toxapex|heal\n|\n|upkeep\n|turn|121\n|\n|t:|1647817559\n|cant|p2a: Tapu Fini|slp\n|move|p1a: Toxapex|Toxic Spikes||[still]\n|-fail|p1a: Toxapex\n|\n|upkeep\n|turn|122\n|\n|t:|1647817564\n|cant|p2a: Tapu Fini|slp\n|move|p1a: Toxapex|Scald|p2a: Tapu Fini\n|-resisted|p2a: Tapu Fini\n|-damage|p2a: Tapu Fini|96\/100 slp\n|\n|upkeep\n|turn|123\n|\n|t:|1647817568\n|-curestatus|p2a: Tapu Fini|slp|[msg]\n|move|p2a: Tapu Fini|Rest|p2a: Tapu Fini\n|-status|p2a: Tapu Fini|slp|[from] move: Rest\n|-heal|p2a: Tapu Fini|100\/100 slp|[silent]\n|move|p1a: Toxapex|Scald|p2a: Tapu Fini\n|-resisted|p2a: Tapu Fini\n|-damage|p2a: Tapu Fini|96\/100 slp\n|\n|upkeep\n|turn|124\n|\n|t:|1647817574\n|cant|p2a: Tapu Fini|slp\n|move|p1a: Toxapex|Toxic Spikes||[still]\n|-fail|p1a: Toxapex\n|\n|upkeep\n|turn|125\n|\n|t:|1647817579\n|cant|p2a: Tapu Fini|slp\n|move|p1a: Toxapex|Toxic Spikes||[still]\n|-fail|p1a: Toxapex\n|\n|upkeep\n|turn|126\n|\n|t:|1647817581\n|-curestatus|p2a: Tapu Fini|slp|[msg]\n|move|p2a: Tapu Fini|Rest|p2a: Tapu Fini\n|-status|p2a: Tapu Fini|slp|[from] move: Rest\n|-heal|p2a: Tapu Fini|100\/100 slp|[silent]\n|move|p1a: Toxapex|Toxic Spikes||[still]\n|-fail|p1a: Toxapex\n|\n|upkeep\n|turn|127\n|\n|t:|1647817585\n|cant|p2a: Tapu Fini|slp\n|move|p1a: Toxapex|Toxic Spikes||[still]\n|-fail|p1a: Toxapex\n|\n|upkeep\n|turn|128\n|\n|t:|1647817588\n|cant|p2a: Tapu Fini|slp\n|move|p1a: Toxapex|Toxic Spikes||[still]\n|-fail|p1a: Toxapex\n|\n|upkeep\n|turn|129\n|\n|t:|1647817591\n|-curestatus|p2a: Tapu Fini|slp|[msg]\n|move|p2a: Tapu Fini|Rest|p2a: Tapu Fini\n|-fail|p2a: Tapu Fini|heal\n|move|p1a: Toxapex|Toxic Spikes||[still]\n|-fail|p1a: Toxapex\n|\n|upkeep\n|turn|130\n|\n|t:|1647817597\n|move|p2a: Tapu Fini|Rest|p2a: Tapu Fini\n|-fail|p2a: Tapu Fini|heal\n|move|p1a: Toxapex|Scald|p2a: Tapu Fini\n|-resisted|p2a: Tapu Fini\n|-damage|p2a: Tapu Fini|96\/100\n|-status|p2a: Tapu Fini|brn\n|\n|-damage|p2a: Tapu Fini|89\/100 brn|[from] brn\n|upkeep\n|turn|131\n|c|\u2606AsterJ|Yea u got it\n|c|\u2606AsterJ|Stupid ass pex\n|\n|t:|1647817606\n|move|p2a: Tapu Fini|Rest|p2a: Tapu Fini\n|-status|p2a: Tapu Fini|slp|[from] move: Rest\n|-heal|p2a: Tapu Fini|100\/100 slp|[silent]\n|move|p1a: Toxapex|Scald|p2a: Tapu Fini\n|-resisted|p2a: Tapu Fini\n|-damage|p2a: Tapu Fini|96\/100 slp\n|\n|upkeep\n|turn|132\n|c|\u2606CDA_Aaron|im actually sorry it came to this \n|\n|t:|1647817622\n|cant|p2a: Tapu Fini|slp\n|move|p1a: Toxapex|Scald|p2a: Tapu Fini\n|-resisted|p2a: Tapu Fini\n|-damage|p2a: Tapu Fini|91\/100 slp\n|\n|upkeep\n|turn|133\n|\n|t:|1647817625\n|cant|p2a: Tapu Fini|slp\n|move|p1a: Toxapex|Recover||[still]\n|-fail|p1a: Toxapex|heal\n|\n|upkeep\n|turn|134\n|\n|t:|1647817629\n|-curestatus|p2a: Tapu Fini|slp|[msg]\n|move|p2a: Tapu Fini|Rest|p2a: Tapu Fini\n|-status|p2a: Tapu Fini|slp|[from] move: Rest\n|-heal|p2a: Tapu Fini|100\/100 slp|[silent]\n|move|p1a: Toxapex|Haze|p1a: Toxapex\n|-clearallboost\n|\n|upkeep\n|turn|135\n|\n|t:|1647817632\n|cant|p2a: Tapu Fini|slp\n|move|p1a: Toxapex|Haze|p1a: Toxapex\n|-clearallboost\n|\n|upkeep\n|turn|136\n|\n|t:|1647817634\n|cant|p2a: Tapu Fini|slp\n|move|p1a: Toxapex|Haze|p1a: Toxapex\n|-clearallboost\n|\n|upkeep\n|turn|137\n|\n|t:|1647817636\n|-curestatus|p2a: Tapu Fini|slp|[msg]\n|move|p2a: Tapu Fini|Rest|p2a: Tapu Fini\n|-fail|p2a: Tapu Fini|heal\n|move|p1a: Toxapex|Haze|p1a: Toxapex\n|-clearallboost\n|\n|upkeep\n|turn|138\n|\n|t:|1647817637\n|move|p2a: Tapu Fini|Rest|p2a: Tapu Fini\n|-fail|p2a: Tapu Fini|heal\n|move|p1a: Toxapex|Haze|p1a: Toxapex\n|-clearallboost\n|\n|upkeep\n|turn|139\n|\n|t:|1647817641\n|move|p2a: Tapu Fini|Rest|p2a: Tapu Fini\n|-fail|p2a: Tapu Fini|heal\n|move|p1a: Toxapex|Haze|p1a: Toxapex\n|-clearallboost\n|\n|upkeep\n|turn|140\n|\n|t:|1647817643\n|move|p2a: Tapu Fini|Rest|p2a: Tapu Fini\n|-fail|p2a: Tapu Fini|heal\n|move|p1a: Toxapex|Haze|p1a: Toxapex\n|-clearallboost\n|\n|upkeep\n|turn|141\n|\n|t:|1647817646\n|move|p2a: Tapu Fini|Rest|p2a: Tapu Fini\n|-fail|p2a: Tapu Fini|heal\n|move|p1a: Toxapex|Haze|p1a: Toxapex\n|-clearallboost\n|\n|upkeep\n|turn|142\n|\n|t:|1647817648\n|-activate|p2a: Tapu Fini|move: Struggle\n|move|p2a: Tapu Fini|Struggle|p1a: Toxapex\n|-damage|p1a: Toxapex|96\/100\n|-damage|p2a: Tapu Fini|75\/100|[from] recoil\n|move|p1a: Toxapex|Haze|p1a: Toxapex\n|-clearallboost\n|\n|-heal|p1a: Toxapex|100\/100|[from] item: Black Sludge\n|upkeep\n|turn|143\n|\n|t:|1647817649\n|-activate|p2a: Tapu Fini|move: Struggle\n|move|p2a: Tapu Fini|Struggle|p1a: Toxapex\n|-damage|p1a: Toxapex|96\/100\n|-damage|p2a: Tapu Fini|50\/100|[from] recoil\n|move|p1a: Toxapex|Haze|p1a: Toxapex\n|-clearallboost\n|\n|-heal|p1a: Toxapex|100\/100|[from] item: Black Sludge\n|upkeep\n|turn|144\n|\n|t:|1647817652\n|-activate|p2a: Tapu Fini|move: Struggle\n|move|p2a: Tapu Fini|Struggle|p1a: Toxapex\n|-damage|p1a: Toxapex|96\/100\n|-damage|p2a: Tapu Fini|25\/100|[from] recoil\n|move|p1a: Toxapex|Haze|p1a: Toxapex\n|-clearallboost\n|\n|-heal|p1a: Toxapex|100\/100|[from] item: Black Sludge\n|upkeep\n|turn|145\n|\n|t:|1647817654\n|-activate|p2a: Tapu Fini|move: Struggle\n|move|p2a: Tapu Fini|Struggle|p1a: Toxapex\n|-damage|p1a: Toxapex|96\/100\n|-damage|p2a: Tapu Fini|0 fnt|[from] recoil\n|faint|p2a: Tapu Fini\n|\n|win|CDA_Aaron\n|l| Danganronpa Stan\n|c|\u2606CDA_Aaron|i aint gon say gg to that\n|c|\u2606AsterJ|It's my fault\n|c|\u2606CDA_Aaron|again I apologize it came to that\n","uploadtime":1647817678,"views":12,"p1id":"cdaaaron","p2id":"asterj","formatid":"gen8nationaldexdraft","rating":0,"private":0,"password":null}