{"id":"sports-gen8nationaldexdraft-610384","p1":"AsterJ","p2":"AngelsOfBeheeyeim","format":"gen8nationaldexdraft","log":"|j|\u2606AsterJ\n|j|\u2606AngelsOfBeheeyeim\n|t:|1647020876\n|gametype|singles\n|player|p1|AsterJ|asterj.png|\n|player|p2|AngelsOfBeheeyeim|272|\n|teamsize|p1|6\n|teamsize|p2|6\n|gen|8\n|tier|[Gen 8] National Dex Draft\n|rule|Sleep Clause Mod: Limit one foe put to sleep\n|rule|OHKO Clause: OHKO moves are banned\n|rule|Evasion Moves Clause: Evasion moves are banned\n|rule|Endless Battle Clause: Forcing endless battles is banned\n|rule|HP Percentage Mod: HP is shown in percentages\n|rule|Dynamax Clause: You cannot dynamax\n|clearpoke\n|poke|p1|Volcanion|\n|poke|p1|Mandibuzz, F|\n|poke|p1|Nidoqueen, F|\n|poke|p1|Gallade, M|\n|poke|p1|Salamence, M|\n|poke|p1|Rhyperior, F|\n|poke|p2|Beedrill, M|\n|poke|p2|Dragapult, F|\n|poke|p2|Thundurus-Therian, M|\n|poke|p2|Slowbro, M|\n|poke|p2|Honchkrow, F|\n|poke|p2|Tangrowth, F|\n|teampreview\n|html|<button name=\"send\" class=\"button\" value=\"\/timer ds\"><i class=\"fa fa-hourglass-start\"><\/i> DS Timer<\/button> <button name=\"send\" class=\"button\" value=\"\/timer smogon\"><i class=\"fa fa-hourglass-start\"><\/i> Smogon Timer<\/button>\n|c|\u2606AsterJ|Gl hf my dude\n|c|\u2606AngelsOfBeheeyeim|you too my pal\n|j| LatiGOD\n|l|\u2606AsterJ\n|player|p1|\n|j|\u2606AsterJ\n|player|p1|AsterJ|asterj.png\n|\n|t:|1647020958\n|start\n|switch|p1a: Nidoqueen|Nidoqueen, F|100\/100\n|switch|p2a: Beedrill|Beedrill, M|100\/100\n|turn|1\n|\n|t:|1647020978\n|switch|p1a: Salamence|Salamence, M|100\/100\n|-ability|p1a: Salamence|Intimidate|boost\n|-unboost|p2a: Beedrill|atk|1\n|detailschange|p2a: Beedrill|Beedrill-Mega, M\n|-mega|p2a: Beedrill|Beedrill|Beedrillite\n|move|p2a: Beedrill|Swords Dance|p2a: Beedrill\n|-boost|p2a: Beedrill|atk|2\n|\n|upkeep\n|turn|2\n|\n|t:|1647021062\n|move|p2a: Beedrill|Poison Jab|p1a: Salamence\n|-damage|p1a: Salamence|23\/100\n|-damage|p2a: Beedrill|84\/100|[from] item: Rocky Helmet|[of] p1a: Salamence\n|move|p1a: Salamence|Hurricane|p2a: Beedrill|[miss]\n|-miss|p1a: Salamence|p2a: Beedrill\n|\n|upkeep\n|turn|3\n|c|\u2606AngelsOfBeheeyeim|yikes\n|c|\u2606AsterJ|It's okay, that's my luck this season\n|c|\u2606AngelsOfBeheeyeim|yeah it has been insane for yoyu\n|\n|t:|1647021172\n|switch|p1a: Rhyperior|Rhyperior, F|100\/100\n|move|p2a: Beedrill|Poison Jab|p1a: Rhyperior\n|-resisted|p1a: Rhyperior\n|-damage|p1a: Rhyperior|83\/100\n|\n|upkeep\n|turn|4\n|\n|t:|1647021186\n|move|p2a: Beedrill|U-turn|p1a: Rhyperior\n|-damage|p1a: Rhyperior|28\/100\n|\n|t:|1647021207\n|switch|p2a: Slowbro|Slowbro, M|100\/100|[from]move: U-turn\n|move|p1a: Rhyperior|Earthquake|p2a: Slowbro\n|-damage|p2a: Slowbro|73\/100\n|\n|-heal|p2a: Slowbro|79\/100|[from] item: Leftovers\n|upkeep\n|turn|5\n|\n|t:|1647021234\n|move|p1a: Rhyperior|Megahorn|p2a: Slowbro\n|-supereffective|p2a: Slowbro\n|-damage|p2a: Slowbro|36\/100\n|move|p2a: Slowbro|Teleport|p2a: Slowbro\n|\n|t:|1647021301\n|switch|p2a: Beedrill|Beedrill-Mega, M|84\/100|[from]move: Teleport\n|\n|upkeep\n|turn|6\n|\n|t:|1647021317\n|switch|p1a: Volcanion|Volcanion|100\/100\n|move|p2a: Beedrill|U-turn|p1a: Volcanion\n|-resisted|p1a: Volcanion\n|-damage|p1a: Volcanion|76\/100\n|\n|t:|1647021398\n|switch|p2a: Thundurus|Thundurus-Therian, M|100\/100|[from]move: U-turn\n|\n|-heal|p1a: Volcanion|82\/100|[from] item: Leftovers\n|upkeep\n|turn|7\n|\n|t:|1647021457\n|move|p2a: Thundurus|Nasty Plot|p2a: Thundurus\n|-boost|p2a: Thundurus|spa|2\n|move|p1a: Volcanion|Toxic|p2a: Thundurus\n|-status|p2a: Thundurus|tox\n|\n|-heal|p1a: Volcanion|88\/100|[from] item: Leftovers\n|-damage|p2a: Thundurus|94\/100 tox|[from] psn\n|upkeep\n|turn|8\n|\n|t:|1647021504\n|move|p1a: Volcanion|Protect|p1a: Volcanion\n|-singleturn|p1a: Volcanion|Protect\n|move|p2a: Thundurus|Psychic|p1a: Volcanion\n|-activate|p1a: Volcanion|move: Protect\n|\n|-heal|p1a: Volcanion|95\/100|[from] item: Leftovers\n|-damage|p2a: Thundurus|82\/100 tox|[from] psn\n|upkeep\n|turn|9\n|\n|t:|1647021538\n|switch|p1a: Nidoqueen|Nidoqueen, F|100\/100\n|move|p2a: Thundurus|Thunderbolt|p1a: Nidoqueen\n|-immune|p1a: Nidoqueen\n|\n|-damage|p2a: Thundurus|64\/100 tox|[from] psn\n|upkeep\n|turn|10\n|\n|t:|1647021546\n|move|p2a: Thundurus|Psychic|p1a: Nidoqueen\n|-supereffective|p1a: Nidoqueen\n|-enditem|p1a: Nidoqueen|Payapa Berry|[eat]\n|-enditem|p1a: Nidoqueen|Payapa Berry|[weaken]\n|-damage|p1a: Nidoqueen|31\/100\n|move|p1a: Nidoqueen|Stealth Rock|p2a: Thundurus\n|-sidestart|p2: AngelsOfBeheeyeim|move: Stealth Rock\n|\n|-damage|p2a: Thundurus|40\/100 tox|[from] psn\n|upkeep\n|turn|11\n|\n|t:|1647021612\n|switch|p1a: Rhyperior|Rhyperior, F|28\/100\n|move|p2a: Thundurus|Focus Blast|p1a: Rhyperior|[miss]\n|-miss|p2a: Thundurus|p1a: Rhyperior\n|\n|-damage|p2a: Thundurus|10\/100 tox|[from] psn\n|upkeep\n|turn|12\n|\n|t:|1647021624\n|move|p2a: Thundurus|Psychic|p1a: Rhyperior\n|-damage|p1a: Rhyperior|0 fnt\n|faint|p1a: Rhyperior\n|\n|-damage|p2a: Thundurus|0 fnt|[from] psn\n|faint|p2a: Thundurus\n|upkeep\n|\n|t:|1647021665\n|switch|p2a: Honchkrow|Honchkrow, F|100\/100\n|switch|p1a: Volcanion|Volcanion|95\/100\n|-damage|p2a: Honchkrow|76\/100|[from] Stealth Rock\n|turn|13\n|\n|t:|1647021720\n|move|p2a: Honchkrow|Brave Bird|p1a: Volcanion\n|-damage|p1a: Volcanion|36\/100\n|-damage|p2a: Honchkrow|55\/100|[from] Recoil\n|move|p1a: Volcanion|Flamethrower|p2a: Honchkrow\n|-damage|p2a: Honchkrow|0 fnt\n|faint|p2a: Honchkrow\n|\n|-heal|p1a: Volcanion|42\/100|[from] item: Leftovers\n|upkeep\n|l| LatiGOD\n|\n|t:|1647021880\n|switch|p2a: Dragapult|Dragapult, F|100\/100\n|-damage|p2a: Dragapult|88\/100|[from] Stealth Rock\n|turn|14\n|\n|t:|1647021898\n|switch|p1a: Mandibuzz|Mandibuzz, F|100\/100\n|move|p2a: Dragapult|Thunderbolt|p1a: Mandibuzz\n|-supereffective|p1a: Mandibuzz\n|-damage|p1a: Mandibuzz|53\/100\n|\n|upkeep\n|turn|15\n|\n|t:|1647021955\n|move|p2a: Dragapult|Thunderbolt|p1a: Mandibuzz\n|-supereffective|p1a: Mandibuzz\n|-damage|p1a: Mandibuzz|0 fnt\n|faint|p1a: Mandibuzz\n|\n|upkeep\n|\n|t:|1647021962\n|switch|p1a: Nidoqueen|Nidoqueen, F|31\/100\n|turn|16\n|j| YveltalNL\n|l| YveltalNL\n|\n|t:|1647022028\n|move|p2a: Dragapult|Dragon Pulse|p1a: Nidoqueen\n|-damage|p1a: Nidoqueen|0 fnt\n|faint|p1a: Nidoqueen\n|\n|upkeep\n|c|\u2606AsterJ|Huh\n|c|\u2606AngelsOfBeheeyeim|what?\n|c|\u2606AngelsOfBeheeyeim|you thought I was choiced?\n|\n|t:|1647022092\n|switch|p1a: Gallade|Gallade, M|100\/100\n|turn|17\n|c|\u2606AsterJ|Yea, unless u got a massive high roll on the second bolt\n|c|\u2606AsterJ|I guess ur Modest ebelt\n|c|\u2606AngelsOfBeheeyeim|correct\n|c|\u2606AngelsOfBeheeyeim|And the high roll was true too not sure exactly what the roll was\n|\n|t:|1647022148\n|detailschange|p1a: Gallade|Gallade-Mega, M\n|-mega|p1a: Gallade|Gallade|Galladite\n|move|p1a: Gallade|Shadow Sneak|p2a: Dragapult\n|-supereffective|p2a: Dragapult\n|-damage|p2a: Dragapult|43\/100\n|move|p2a: Dragapult|Shadow Ball|p1a: Gallade\n|-supereffective|p1a: Gallade\n|-damage|p1a: Gallade|0 fnt\n|faint|p1a: Gallade\n|\n|upkeep\n|c|\u2606AsterJ|And another\n|c|\u2606AngelsOfBeheeyeim|these rolls are insane\n|c|\u2606AsterJ|Yea gg\n|c|\u2606AngelsOfBeheeyeim|on nidoqueen too I think\n|-message|AsterJ forfeited.\n|\n|win|AngelsOfBeheeyeim\n|c|\u2606AngelsOfBeheeyeim|sorry my pal\n|c|\u2606AngelsOfBeheeyeim|didn't want it to have to end like this\n","uploadtime":1647022195,"views":24,"p1id":"asterj","p2id":"angelsofbeheeyeim","formatid":"gen8nationaldexdraft","rating":0,"private":0,"password":null}