{"id":"sports-gen8nationaldexlegacy-614412","p1":"0oof","p2":"rediyu","format":"gen8nationaldexlegacy","log":"|j|\u26060oof\n|j|\u2606rediyu\n|t:|1647549852\n|gametype|singles\n|player|p1|0oof|0oof.png|\n|player|p2|rediyu|guitarist|\n|teamsize|p1|6\n|teamsize|p2|6\n|gen|8\n|tier|[Gen 8] National Dex Legacy\n|rule|Sleep Clause Mod: Limit one foe put to sleep\n|rule|OHKO Clause: OHKO moves are banned\n|rule|Evasion Moves Clause: Evasion moves are banned\n|rule|Endless Battle Clause: Forcing endless battles is banned\n|rule|HP Percentage Mod: HP is shown in percentages\n|rule|Dynamax Clause: You cannot dynamax\n|clearpoke\n|poke|p1|Dragapult, M|\n|poke|p1|Serperior, F|\n|poke|p1|Milotic, F|\n|poke|p1|Ditto|\n|poke|p1|Dunsparce, F|\n|poke|p1|Gyarados, M|\n|poke|p2|Arctovish|\n|poke|p2|Ninetales-Alola, F|\n|poke|p2|Lanturn, F|\n|poke|p2|Flygon, M|\n|poke|p2|Necrozma|\n|poke|p2|Celesteela|\n|teampreview\n|html|<button name=\"send\" class=\"button\" value=\"\/timer ds\"><i class=\"fa fa-hourglass-start\"><\/i> DS Timer<\/button> <button name=\"send\" class=\"button\" value=\"\/timer smogon\"><i class=\"fa fa-hourglass-start\"><\/i> Smogon Timer<\/button>\n|j| PorygonTheBot\n|c| PorygonTheBot|y'all are stupid\n|c|\u2606rediyu|ty bot\n|c|\u26060oof|porygon loves us\n|j| Ash100985\n|j| Krusty_K\n|c|\u26060oof|glhf\n|c| Krusty_K|prague\n|c|\u26060oof|pragguers\n|c|\u26060oof|:catJam:\n|c| Ash100985|snek\n|\n|t:|1647549966\n|start\n|switch|p1a: Godsparce|Dunsparce, F, shiny|100\/100\n|switch|p2a: Crack|Necrozma|100\/100\n|turn|1\n|\n|t:|1647549974\n|move|p2a: Crack|Toxic|p1a: Godsparce\n|-status|p1a: Godsparce|tox\n|move|p1a: Godsparce|Stealth Rock|p2a: Crack\n|-sidestart|p2: rediyu|move: Stealth Rock\n|\n|-damage|p1a: Godsparce|94\/100 tox|[from] psn\n|upkeep\n|turn|2\n|\n|t:|1647549984\n|move|p2a: Crack|Stealth Rock|p1a: Godsparce\n|-sidestart|p1: 0oof|move: Stealth Rock\n|move|p1a: Godsparce|Thunder|p2a: Crack\n|-damage|p2a: Crack|83\/100\n|-status|p2a: Crack|par\n|\n|-damage|p1a: Godsparce|82\/100 tox|[from] psn\n|upkeep\n|turn|3\n|c| Krusty_K|0_0\n|\n|t:|1647550003\n|switch|p1a: Snake grass|Serperior, F|100\/100\n|-damage|p1a: Snake grass|88\/100|[from] Stealth Rock\n|move|p2a: Crack|Knock Off|p1a: Snake grass\n|-damage|p1a: Snake grass|59\/100\n|-enditem|p1a: Snake grass|Leftovers|[from] move: Knock Off|[of] p2a: Crack\n|\n|upkeep\n|turn|4\n|\n|t:|1647550022\n|switch|p2a: Bubba Cush|Celesteela|100\/100\n|-damage|p2a: Bubba Cush|88\/100|[from] Stealth Rock\n|move|p1a: Snake grass|Leaf Storm|p2a: Bubba Cush\n|-resisted|p2a: Bubba Cush\n|-damage|p2a: Bubba Cush|81\/100\n|-boost|p1a: Snake grass|spa|2\n|\n|-heal|p2a: Bubba Cush|87\/100|[from] item: Leftovers\n|upkeep\n|turn|5\n|\n|t:|1647550043\n|move|p1a: Snake grass|Hidden Power|p2a: Bubba Cush\n|-supereffective|p2a: Bubba Cush\n|-damage|p2a: Bubba Cush|47\/100\n|move|p2a: Bubba Cush|Air Slash|p1a: Snake grass|[miss]\n|-miss|p2a: Bubba Cush|p1a: Snake grass\n|\n|-heal|p2a: Bubba Cush|53\/100|[from] item: Leftovers\n|upkeep\n|turn|6\n|\n|t:|1647550053\n|move|p1a: Snake grass|Hidden Power|p2a: Bubba Cush\n|-supereffective|p2a: Bubba Cush\n|-damage|p2a: Bubba Cush|13\/100\n|move|p2a: Bubba Cush|Air Slash|p1a: Snake grass\n|-supereffective|p1a: Snake grass\n|-damage|p1a: Snake grass|0 fnt\n|faint|p1a: Snake grass\n|-ability|p2a: Bubba Cush|Beast Boost|boost\n|-boost|p2a: Bubba Cush|spd|1\n|\n|-heal|p2a: Bubba Cush|19\/100|[from] item: Leftovers\n|upkeep\n|j| 2020 is dead!\n|\n|t:|1647550065\n|switch|p1a: Snakes on a plane|Dragapult, M|100\/100\n|-damage|p1a: Snakes on a plane|88\/100|[from] Stealth Rock\n|turn|7\n|\n|t:|1647550082\n|move|p1a: Snakes on a plane|Dragon Darts|p2a: Bubba Cush\n|-resisted|p2a: Bubba Cush\n|-damage|p2a: Bubba Cush|6\/100\n|-anim|p1a: Snakes on a plane|Dragon Darts|p2a: Bubba Cush\n|-resisted|p2a: Bubba Cush\n|-damage|p2a: Bubba Cush|0 fnt\n|faint|p2a: Bubba Cush\n|-damage|p1a: Snakes on a plane|78\/100|[from] item: Life Orb\n|\n|upkeep\n|\n|t:|1647550095\n|switch|p2a: MDMA|Flygon, M|100\/100\n|-damage|p2a: MDMA|94\/100|[from] Stealth Rock\n|turn|8\n|\n|t:|1647550099\n|switch|p1a: Nimrodel|Milotic, F|100\/100\n|-damage|p1a: Nimrodel|88\/100|[from] Stealth Rock\n|move|p2a: MDMA|U-turn|p1a: Nimrodel\n|-damage|p1a: Nimrodel|71\/100\n|\n|t:|1647550101\n|switch|p2a: Cocaine|Ninetales-Alola, F|100\/100|[from]move: U-turn\n|-damage|p2a: Cocaine|76\/100|[from] Stealth Rock\n|-weather|Hail|[from] ability: Snow Warning|[of] p2a: Cocaine\n|\n|-weather|Hail|[upkeep]\n|-damage|p1a: Nimrodel|65\/100|[from] Hail\n|-heal|p1a: Nimrodel|71\/100|[from] item: Leftovers\n|upkeep\n|turn|9\n|\n|t:|1647550109\n|move|p2a: Cocaine|Freeze-Dry|p1a: Nimrodel\n|-supereffective|p1a: Nimrodel\n|-damage|p1a: Nimrodel|19\/100\n|move|p1a: Nimrodel|Toxic|p2a: Cocaine\n|-status|p2a: Cocaine|tox\n|\n|-weather|Hail|[upkeep]\n|-damage|p1a: Nimrodel|13\/100|[from] Hail\n|-heal|p1a: Nimrodel|19\/100|[from] item: Leftovers\n|-damage|p2a: Cocaine|70\/100 tox|[from] psn\n|upkeep\n|turn|10\n|\n|t:|1647550120\n|switch|p1a: Potential snek|Ditto|100\/100\n|-damage|p1a: Potential snek|88\/100|[from] Stealth Rock\n|-transform|p1a: Potential snek|p2a: Cocaine|[from] ability: Imposter\n|move|p2a: Cocaine|Freeze-Dry|p1a: Potential snek\n|-resisted|p1a: Potential snek\n|-damage|p1a: Potential snek|70\/100\n|\n|-weather|Hail|[upkeep]\n|-damage|p2a: Cocaine|58\/100 tox|[from] psn\n|upkeep\n|turn|11\n|c|\u26060oof|Lol nice\n|l| 2020 is dead!\n|\n|t:|1647550141\n|switch|p2a: Crack|Necrozma|83\/100 par\n|-damage|p2a: Crack|71\/100 par|[from] Stealth Rock\n|move|p1a: Potential snek|Freeze-Dry|p2a: Crack\n|-damage|p2a: Crack|43\/100 par\n|\n|-weather|Hail|[upkeep]\n|-damage|p2a: Crack|37\/100 par|[from] Hail\n|upkeep\n|turn|12\n|\n|t:|1647550162\n|switch|p1a: Nimrodel|Milotic, F|19\/100\n|-damage|p1a: Nimrodel|7\/100|[from] Stealth Rock\n|cant|p2a: Crack|par\n|\n|-weather|none\n|-heal|p1a: Nimrodel|13\/100|[from] item: Leftovers\n|upkeep\n|turn|13\n|\n|t:|1647550169\n|move|p1a: Nimrodel|Recover|p1a: Nimrodel\n|-heal|p1a: Nimrodel|63\/100\n|move|p2a: Crack|Toxic|p1a: Nimrodel\n|-status|p1a: Nimrodel|tox\n|\n|-heal|p1a: Nimrodel|69\/100 tox|[from] item: Leftovers\n|-damage|p1a: Nimrodel|63\/100 tox|[from] psn\n|upkeep\n|turn|14\n|\n|t:|1647550177\n|move|p1a: Nimrodel|Scald|p2a: Crack\n|-damage|p2a: Crack|12\/100 par\n|move|p2a: Crack|Morning Sun|p2a: Crack\n|-heal|p2a: Crack|62\/100 par\n|\n|-heal|p1a: Nimrodel|69\/100 tox|[from] item: Leftovers\n|-damage|p1a: Nimrodel|57\/100 tox|[from] psn\n|upkeep\n|turn|15\n|\n|t:|1647550182\n|move|p1a: Nimrodel|Flip Turn|p2a: Crack\n|-damage|p2a: Crack|54\/100 par\n|\n|t:|1647550197\n|switch|p1a: Basilisk|Gyarados, M|100\/100|[from]move: Flip Turn\n|-damage|p1a: Basilisk|76\/100|[from] Stealth Rock\n|-ability|p1a: Basilisk|Intimidate|boost\n|-unboost|p2a: Crack|atk|1\n|move|p2a: Crack|Morning Sun|p2a: Crack\n|-heal|p2a: Crack|100\/100 par\n|\n|upkeep\n|turn|16\n|\n|t:|1647550210\n|detailschange|p1a: Basilisk|Gyarados-Mega, M\n|-mega|p1a: Basilisk|Gyarados|Gyaradosite\n|-ability|p1a: Basilisk|Mold Breaker\n|move|p1a: Basilisk|Dragon Dance|p1a: Basilisk\n|-boost|p1a: Basilisk|atk|1\n|-boost|p1a: Basilisk|spe|1\n|move|p2a: Crack|Toxic|p1a: Basilisk\n|-status|p1a: Basilisk|tox\n|\n|-damage|p1a: Basilisk|70\/100 tox|[from] psn\n|upkeep\n|turn|17\n|\n|t:|1647550271\n|switch|p2a: Cocaine|Ninetales-Alola, F|58\/100 tox\n|-damage|p2a: Cocaine|33\/100 tox|[from] Stealth Rock\n|-weather|Hail|[from] ability: Snow Warning|[of] p2a: Cocaine\n|move|p1a: Basilisk|Dragon Dance|p1a: Basilisk\n|-boost|p1a: Basilisk|atk|1\n|-boost|p1a: Basilisk|spe|1\n|\n|-weather|Hail|[upkeep]\n|-damage|p1a: Basilisk|64\/100 tox|[from] Hail\n|-damage|p1a: Basilisk|52\/100 tox|[from] psn\n|-damage|p2a: Cocaine|27\/100 tox|[from] psn\n|upkeep\n|turn|18\n|j| Xernyl\n|\n|t:|1647550302\n|move|p2a: Cocaine|Ice Shard|p1a: Basilisk\n|-resisted|p1a: Basilisk\n|-damage|p1a: Basilisk|47\/100 tox\n|move|p1a: Basilisk|Crunch|p2a: Cocaine\n|-resisted|p2a: Cocaine\n|-damage|p2a: Cocaine|0 fnt\n|faint|p2a: Cocaine\n|\n|-weather|Hail|[upkeep]\n|-damage|p1a: Basilisk|41\/100 tox|[from] Hail\n|-damage|p1a: Basilisk|23\/100 tox|[from] psn\n|upkeep\n|\n|t:|1647550310\n|switch|p2a: Crack|Necrozma|100\/100 par\n|-damage|p2a: Crack|88\/100 par|[from] Stealth Rock\n|turn|19\n|\n|t:|1647550313\n|move|p1a: Basilisk|Crunch|p2a: Crack\n|-supereffective|p2a: Crack\n|-enditem|p2a: Crack|Colbur Berry|[eat]\n|-enditem|p2a: Crack|Colbur Berry|[weaken]\n|-damage|p2a: Crack|40\/100 par\n|move|p2a: Crack|Morning Sun|p2a: Crack\n|-heal|p2a: Crack|64\/100 par\n|\n|-weather|Hail|[upkeep]\n|-damage|p1a: Basilisk|17\/100 tox|[from] Hail\n|-damage|p2a: Crack|58\/100 par|[from] Hail\n|-damage|p1a: Basilisk|0 fnt|[from] psn\n|faint|p1a: Basilisk\n|upkeep\n|\n|t:|1647550373\n|switch|p1a: Snakes on a plane|Dragapult, M|78\/100\n|-damage|p1a: Snakes on a plane|66\/100|[from] Stealth Rock\n|turn|20\n|\n|t:|1647550417\n|move|p1a: Snakes on a plane|U-turn|p2a: Crack\n|-supereffective|p2a: Crack\n|-damage|p2a: Crack|27\/100 par\n|-damage|p1a: Snakes on a plane|56\/100|[from] item: Life Orb\n|\n|t:|1647550428\n|switch|p1a: Nimrodel|Milotic, F|57\/100 tox|[from]move: U-turn\n|-damage|p1a: Nimrodel|44\/100 tox|[from] Stealth Rock\n|cant|p2a: Crack|par\n|\n|-weather|Hail|[upkeep]\n|-damage|p1a: Nimrodel|38\/100 tox|[from] Hail\n|-damage|p2a: Crack|21\/100 par|[from] Hail\n|-heal|p1a: Nimrodel|44\/100 tox|[from] item: Leftovers\n|-damage|p1a: Nimrodel|38\/100 tox|[from] psn\n|upkeep\n|turn|21\n|\n|t:|1647550441\n|switch|p2a: LSD|Lanturn, F|100\/100\n|-damage|p2a: LSD|88\/100|[from] Stealth Rock\n|move|p1a: Nimrodel|Scald|p2a: LSD\n|-heal|p2a: LSD|100\/100|[from] ability: Water Absorb|[of] p1a: Nimrodel\n|\n|-weather|none\n|-heal|p1a: Nimrodel|44\/100 tox|[from] item: Leftovers\n|-damage|p1a: Nimrodel|32\/100 tox|[from] psn\n|upkeep\n|turn|22\n|\n|t:|1647550455\n|move|p1a: Nimrodel|Recover|p1a: Nimrodel\n|-heal|p1a: Nimrodel|82\/100 tox\n|move|p2a: LSD|Volt Switch|p1a: Nimrodel\n|-supereffective|p1a: Nimrodel\n|-damage|p1a: Nimrodel|56\/100 tox\n|\n|t:|1647550459\n|switch|p2a: Crack|Necrozma|21\/100 par|[from]move: Volt Switch\n|-damage|p2a: Crack|9\/100 par|[from] Stealth Rock\n|\n|-heal|p1a: Nimrodel|62\/100 tox|[from] item: Leftovers\n|-damage|p1a: Nimrodel|44\/100 tox|[from] psn\n|upkeep\n|turn|23\n|\n|t:|1647550471\n|switch|p2a: LSD|Lanturn, F|100\/100\n|-damage|p2a: LSD|88\/100|[from] Stealth Rock\n|move|p1a: Nimrodel|Scald|p2a: LSD\n|-heal|p2a: LSD|100\/100|[from] ability: Water Absorb|[of] p1a: Nimrodel\n|\n|-heal|p1a: Nimrodel|50\/100 tox|[from] item: Leftovers\n|-damage|p1a: Nimrodel|26\/100 tox|[from] psn\n|upkeep\n|turn|24\n|\n|t:|1647550489\n|move|p1a: Nimrodel|Toxic|p2a: LSD\n|-status|p2a: LSD|tox\n|move|p2a: LSD|Volt Switch|p1a: Nimrodel\n|-supereffective|p1a: Nimrodel\n|-damage|p1a: Nimrodel|0 fnt\n|faint|p1a: Nimrodel\n|\n|t:|1647550497\n|switch|p2a: MDMA|Flygon, M|94\/100|[from]move: Volt Switch\n|-damage|p2a: MDMA|88\/100|[from] Stealth Rock\n|\n|upkeep\n|\n|t:|1647550502\n|switch|p1a: Potential snek|Ditto|70\/100\n|-damage|p1a: Potential snek|58\/100|[from] Stealth Rock\n|-transform|p1a: Potential snek|p2a: MDMA|[from] ability: Imposter\n|turn|25\n|\n|t:|1647550507\n|switch|p2a: Crack|Necrozma|9\/100 par\n|-damage|p2a: Crack|0 fnt|[from] Stealth Rock\n|faint|p2a: Crack\n|move|p1a: Potential snek|Dragon Claw|p2: Crack|[notarget]\n|-fail|p1a: Potential snek\n|\n|upkeep\n|\n|t:|1647550517\n|switch|p2a: Crystal Meth|Arctovish|100\/100\n|-damage|p2a: Crystal Meth|76\/100|[from] Stealth Rock\n|turn|26\n|\n|t:|1647550526\n|switch|p1a: Godsparce|Dunsparce, F, shiny|82\/100 tox\n|-damage|p1a: Godsparce|70\/100 tox|[from] Stealth Rock\n|move|p2a: Crystal Meth|Icicle Crash|p1a: Godsparce\n|-damage|p1a: Godsparce|10\/100 tox\n|-damage|p2a: Crystal Meth|66\/100|[from] item: Life Orb\n|\n|-damage|p1a: Godsparce|4\/100 tox|[from] psn\n|upkeep\n|turn|27\n|\n|t:|1647550541\n|move|p2a: Crystal Meth|Protect|p2a: Crystal Meth\n|-singleturn|p2a: Crystal Meth|Protect\n|-zpower|p1a: Godsparce\n|move|p1a: Godsparce|Tectonic Rage|p2a: Crystal Meth|[zeffect]\n|-zbroken|p2a: Crystal Meth\n|-damage|p2a: Crystal Meth|56\/100\n|\n|-damage|p1a: Godsparce|0 fnt|[from] psn\n|faint|p1a: Godsparce\n|upkeep\n|c| Xernyl|lmaoo\n|c|\u2606rediyu|xD\n|c| Xernyl|praguechamp\n|c| Krusty_K|LMAOO\n|\n|t:|1647550564\n|switch|p1a: Snakes on a plane|Dragapult, M|56\/100\n|-damage|p1a: Snakes on a plane|44\/100|[from] Stealth Rock\n|turn|28\n|\n|t:|1647550567\n|move|p1a: Snakes on a plane|Dragon Darts|p2a: Crystal Meth\n|-damage|p2a: Crystal Meth|16\/100\n|-anim|p1a: Snakes on a plane|Dragon Darts|p2a: Crystal Meth\n|-damage|p2a: Crystal Meth|0 fnt\n|faint|p2a: Crystal Meth\n|-damage|p1a: Snakes on a plane|34\/100|[from] item: Life Orb\n|\n|upkeep\n|\n|t:|1647550570\n|switch|p2a: MDMA|Flygon, M|88\/100\n|-damage|p2a: MDMA|82\/100|[from] Stealth Rock\n|turn|29\n|\n|t:|1647550606\n|move|p1a: Snakes on a plane|Sucker Punch|p2a: MDMA\n|-damage|p2a: MDMA|40\/100\n|-damage|p1a: Snakes on a plane|24\/100|[from] item: Life Orb\n|move|p2a: MDMA|Dragon Claw|p1a: Snakes on a plane\n|-supereffective|p1a: Snakes on a plane\n|-damage|p1a: Snakes on a plane|0 fnt\n|faint|p1a: Snakes on a plane\n|\n|upkeep\n|\n|t:|1647550610\n|switch|p1a: Potential snek|Ditto|58\/100\n|-damage|p1a: Potential snek|45\/100|[from] Stealth Rock\n|-transform|p1a: Potential snek|p2a: MDMA|[from] ability: Imposter\n|turn|30\n|c|\u26060oof|gg\n|c|\u26060oof|At least i made it somewhat close\n|\n|t:|1647550640\n|move|p2a: MDMA|Dragon Claw|p1a: Potential snek\n|-supereffective|p1a: Potential snek\n|-damage|p1a: Potential snek|0 fnt\n|faint|p1a: Potential snek\n|\n|win|rediyu\n","uploadtime":1647550641,"views":57,"p1id":"0oof","p2id":"rediyu","formatid":"gen8nationaldexlegacy","rating":0,"private":0,"password":null}