{"id":"sports-gen8nationaldexdlclegacy-376634","p1":"TehranTyphlosions","p2":"Unviahacker","format":"gen8nationaldexdlclegacy","log":"|j|\u2606TehranTyphlosions\n|j|\u2606Unviahacker\n|t:|1616980908\n|player|p1|TehranTyphlosions|clair|\n|player|p2|Unviahacker|unviahacker.png|\n|teamsize|p1|6\n|teamsize|p2|6\n|gametype|singles\n|gen|8\n|tier|[Gen 8] National Dex DLC Legacy\n|rule|Sleep Clause Mod: Limit one foe put to sleep\n|rule|OHKO Clause: OHKO moves are banned\n|rule|Evasion Moves Clause: Evasion moves are banned\n|rule|Endless Battle Clause: Forcing endless battles is banned\n|rule|HP Percentage Mod: HP is shown in percentages\n|clearpoke\n|poke|p1|Whimsicott, M|\n|poke|p1|Zygarde|\n|poke|p1|Milotic, M|\n|poke|p1|Victini|\n|poke|p1|Beedrill, F|\n|poke|p1|Celesteela|\n|poke|p2|Tapu Koko|\n|poke|p2|Medicham, F|\n|poke|p2|Weavile, M|\n|poke|p2|Nihilego|\n|poke|p2|Blastoise, F|\n|poke|p2|Steelix, M|\n|rule|Dynamax Clause: You cannot dynamax\n|teampreview\n|html|<button name=\"send\" class=\"button\" value=\"\/timer ds\"><i class=\"fa fa-hourglass-start\"><\/i> DS Timer<\/button> <button name=\"send\" class=\"button\" value=\"\/timer smogon\"><i class=\"fa fa-hourglass-start\"><\/i> Smogon Timer<\/button>\n|c|\u2606Unviahacker|hf\n|c|\u2606TehranTyphlosions|you too\n|j| PorygonTheBot\n|c| PorygonTheBot|This game looks fun!\n|j| high nyoom\n|\n|t:|1616980948\n|start\n|switch|p1a: Whimsicott|Whimsicott, M|100\/100\n|switch|p2a: Steelix|Steelix, M|100\/100\n|turn|1\n|j| DevilShinra\n|\n|t:|1616981000\n|move|p1a: Whimsicott|U-turn|p2a: Steelix\n|-resisted|p2a: Steelix\n|-crit|p2a: Steelix\n|-damage|p2a: Steelix|98\/100\n|-damage|p1a: Whimsicott|84\/100|[from] item: Rocky Helmet|[of] p2a: Steelix\n|\n|t:|1616981005\n|switch|p1a: Milotic|Milotic, M|100\/100|[from]move: U-turn\n|move|p2a: Steelix|Stealth Rock|p1a: Milotic\n|-sidestart|p1: TehranTyphlosions|move: Stealth Rock\n|\n|-status|p1a: Milotic|brn|[from] item: Flame Orb\n|upkeep\n|turn|2\n|\n|t:|1616981011\n|switch|p2a: Tapu Koko|Tapu Koko|100\/100\n|-fieldstart|move: Electric Terrain|[from] ability: Electric Surge|[of] p2a: Tapu Koko\n|move|p1a: Milotic|Flip Turn|p2a: Tapu Koko\n|-damage|p2a: Tapu Koko|93\/100\n|\n|t:|1616981058\n|switch|p1a: Whimsicott|Whimsicott, M|84\/100|[from]move: Flip Turn\n|-damage|p1a: Whimsicott|72\/100|[from] Stealth Rock\n|\n|upkeep\n|turn|3\n|\n|t:|1616981064\n|move|p1a: Whimsicott|Defog|p2a: Tapu Koko\n|-unboost|p2a: Tapu Koko|evasion|1\n|-sideend|p1: TehranTyphlosions|Stealth Rock|[from] move: Defog|[of] p1a: Whimsicott\n|-fieldend|move: Electric Terrain\n|move|p2a: Tapu Koko|U-turn|p1a: Whimsicott\n|-damage|p1a: Whimsicott|50\/100\n|\n|t:|1616981070\n|switch|p2a: Weavile|Weavile, M|100\/100|[from]move: U-turn\n|-ability|p2a: Weavile|Pressure\n|\n|upkeep\n|turn|4\n|\n|t:|1616981076\n|switch|p1a: Milotic|Milotic, M|100\/100 brn\n|move|p2a: Weavile|Knock Off|p1a: Milotic\n|-damage|p1a: Milotic|69\/100 brn\n|-enditem|p1a: Milotic|Flame Orb|[from] move: Knock Off|[of] p2a: Weavile\n|\n|-damage|p1a: Milotic|62\/100 brn|[from] brn\n|upkeep\n|turn|5\n|\n|t:|1616981081\n|switch|p2a: Tapu Koko|Tapu Koko|93\/100\n|-fieldstart|move: Electric Terrain|[from] ability: Electric Surge|[of] p2a: Tapu Koko\n|move|p1a: Milotic|Flip Turn|p2a: Tapu Koko\n|-damage|p2a: Tapu Koko|85\/100\n|\n|t:|1616981090\n|switch|p1a: Victini|Victini|100\/100|[from]move: Flip Turn\n|\n|upkeep\n|turn|6\n|\n|t:|1616981100\n|switch|p2a: Blastoise|Blastoise, F|100\/100\n|move|p1a: Victini|Bolt Strike|p2a: Blastoise\n|-supereffective|p2a: Blastoise\n|-damage|p2a: Blastoise|0 fnt\n|faint|p2a: Blastoise\n|\n|upkeep\n|\n|t:|1616981106\n|switch|p2a: Steelix|Steelix, M|98\/100\n|turn|7\n|\n|t:|1616981111\n|switch|p1a: Milotic|Milotic, M|62\/100 brn\n|move|p2a: Steelix|Stealth Rock|p1a: Milotic\n|-sidestart|p1: TehranTyphlosions|move: Stealth Rock\n|\n|-damage|p1a: Milotic|56\/100 brn|[from] brn\n|upkeep\n|turn|8\n|\n|t:|1616981117\n|switch|p2a: Tapu Koko|Tapu Koko|85\/100\n|move|p1a: Milotic|Recover|p1a: Milotic\n|-heal|p1a: Milotic|100\/100 brn\n|\n|-damage|p1a: Milotic|94\/100 brn|[from] brn\n|upkeep\n|turn|9\n|\n|t:|1616981122\n|switch|p1a: Whimsicott|Whimsicott, M|50\/100\n|-damage|p1a: Whimsicott|38\/100|[from] Stealth Rock\n|move|p2a: Tapu Koko|Discharge|p1a: Whimsicott\n|-resisted|p1a: Whimsicott\n|-damage|p1a: Whimsicott|6\/100\n|\n|-fieldend|move: Electric Terrain\n|upkeep\n|turn|10\n|j| EGAegislash\n|\n|t:|1616981144\n|switch|p2a: Weavile|Weavile, M|100\/100\n|-ability|p2a: Weavile|Pressure\n|move|p1a: Whimsicott|Defog|p2a: Weavile\n|-hint|Since gen 7, Dark is immune to Prankster moves.\n|-immune|p2a: Weavile\n|\n|upkeep\n|turn|11\n|\n|t:|1616981150\n|switch|p1a: Milotic|Milotic, M|94\/100 brn\n|-damage|p1a: Milotic|82\/100 brn|[from] Stealth Rock\n|move|p2a: Weavile|Knock Off|p1a: Milotic\n|-damage|p1a: Milotic|58\/100 brn\n|\n|-damage|p1a: Milotic|52\/100 brn|[from] brn\n|upkeep\n|turn|12\n|\n|t:|1616981159\n|switch|p2a: Tapu Koko|Tapu Koko|85\/100\n|-fieldstart|move: Electric Terrain|[from] ability: Electric Surge|[of] p2a: Tapu Koko\n|move|p1a: Milotic|Flip Turn|p2a: Tapu Koko\n|-crit|p2a: Tapu Koko\n|-damage|p2a: Tapu Koko|73\/100\n|\n|t:|1616981164\n|switch|p1a: Victini|Victini|100\/100|[from]move: Flip Turn\n|-damage|p1a: Victini|76\/100|[from] Stealth Rock\n|\n|upkeep\n|turn|13\n|\n|t:|1616981190\n|switch|p2a: Steelix|Steelix, M|98\/100\n|move|p1a: Victini|V-create|p2a: Steelix\n|-supereffective|p2a: Steelix\n|-damage|p2a: Steelix|20\/100\n|-unboost|p1a: Victini|spe|1\n|-unboost|p1a: Victini|def|1\n|-unboost|p1a: Victini|spd|1\n|-damage|p1a: Victini|59\/100|[from] item: Rocky Helmet|[of] p2a: Steelix\n|\n|upkeep\n|turn|14\n|\n|t:|1616981194\n|move|p1a: Victini|V-create|p2a: Steelix\n|-supereffective|p2a: Steelix\n|-damage|p2a: Steelix|0 fnt\n|-unboost|p1a: Victini|spe|1\n|-unboost|p1a: Victini|def|1\n|-unboost|p1a: Victini|spd|1\n|-damage|p1a: Victini|43\/100|[from] item: Rocky Helmet|[of] p2a: Steelix\n|faint|p2a: Steelix\n|\n|upkeep\n|\n|t:|1616981200\n|switch|p2a: Weavile|Weavile, M|100\/100\n|-ability|p2a: Weavile|Pressure\n|turn|15\n|\n|t:|1616981205\n|switch|p1a: Whimsicott|Whimsicott, M|6\/100\n|-damage|p1a: Whimsicott|0 fnt|[from] Stealth Rock\n|faint|p1a: Whimsicott\n|move|p2a: Weavile|Knock Off|p1: Whimsicott|[notarget]\n|-fail|p2a: Weavile\n|\n|upkeep\n|\n|t:|1616981220\n|switch|p1a: Milotic|Milotic, M|52\/100 brn\n|-damage|p1a: Milotic|39\/100 brn|[from] Stealth Rock\n|turn|16\n|\n|t:|1616981232\n|switch|p2a: Tapu Koko|Tapu Koko|73\/100\n|move|p1a: Milotic|Recover|p1a: Milotic\n|-heal|p1a: Milotic|89\/100 brn\n|\n|-damage|p1a: Milotic|83\/100 brn|[from] brn\n|-fieldend|move: Electric Terrain\n|upkeep\n|turn|17\n|\n|t:|1616981240\n|move|p2a: Tapu Koko|Discharge|p1a: Milotic\n|-supereffective|p1a: Milotic\n|-damage|p1a: Milotic|31\/100 brn\n|move|p1a: Milotic|Flip Turn|p2a: Tapu Koko\n|-damage|p2a: Tapu Koko|65\/100\n|\n|t:|1616981242\n|switch|p1a: Zygarde|Zygarde|100\/100|[from]move: Flip Turn\n|-damage|p1a: Zygarde|94\/100|[from] Stealth Rock\n|-ability|p1a: Zygarde|Aura Break\n|\n|-heal|p1a: Zygarde|100\/100|[from] item: Leftovers\n|upkeep\n|turn|18\n|\n|t:|1616981247\n|move|p2a: Tapu Koko|Taunt|p1a: Zygarde\n|-start|p1a: Zygarde|move: Taunt\n|move|p1a: Zygarde|Thousand Arrows|p2a: Tapu Koko\n|-supereffective|p2a: Tapu Koko\n|-damage|p2a: Tapu Koko|0 fnt\n|faint|p2a: Tapu Koko\n|\n|upkeep\n|\n|t:|1616981250\n|switch|p2a: Weavile|Weavile, M|100\/100\n|-ability|p2a: Weavile|Pressure\n|turn|19\n|\n|t:|1616981259\n|switch|p1a: Milotic|Milotic, M|31\/100 brn\n|-damage|p1a: Milotic|19\/100 brn|[from] Stealth Rock\n|move|p2a: Weavile|Triple Axel|p1a: Milotic\n|-resisted|p1a: Milotic\n|-damage|p1a: Milotic|15\/100 brn\n|-resisted|p1a: Milotic\n|-damage|p1a: Milotic|7\/100 brn\n|-resisted|p1a: Milotic\n|-damage|p1a: Milotic|0 fnt\n|-hitcount|p1a: Milotic|3\n|faint|p1a: Milotic\n|\n|upkeep\n|\n|t:|1616981262\n|switch|p1a: Celesteela|Celesteela|100\/100\n|-damage|p1a: Celesteela|88\/100|[from] Stealth Rock\n|turn|20\n|\n|t:|1616981266\n|move|p2a: Weavile|Triple Axel|p1a: Celesteela\n|-damage|p1a: Celesteela|76\/100\n|-damage|p1a: Celesteela|51\/100\n|-damage|p1a: Celesteela|15\/100\n|-hitcount|p1a: Celesteela|3\n|move|p1a: Celesteela|Autotomize|p1a: Celesteela\n|-boost|p1a: Celesteela|spe|2\n|-start|p1a: Celesteela|Autotomize\n|\n|upkeep\n|turn|21\n|\n|t:|1616981298\n|switch|p2a: Nihilego|Nihilego|100\/100\n|move|p1a: Celesteela|Iron Head|p2a: Nihilego\n|-supereffective|p2a: Nihilego\n|-damage|p2a: Nihilego|0 fnt\n|-damage|p1a: Celesteela|5\/100|[from] item: Life Orb\n|faint|p2a: Nihilego\n|-ability|p1a: Celesteela|Beast Boost|boost\n|-boost|p1a: Celesteela|atk|1\n|\n|upkeep\n|j| SGS_Nim\n|\n|t:|1616981307\n|switch|p2a: Medicham|Medicham, F|100\/100\n|turn|22\n|\n|t:|1616981312\n|detailschange|p2a: Medicham|Medicham-Mega, F\n|-mega|p2a: Medicham|Medicham|Medichamite\n|move|p2a: Medicham|Bullet Punch|p1a: Celesteela\n|-resisted|p1a: Celesteela\n|-damage|p1a: Celesteela|0 fnt\n|faint|p1a: Celesteela\n|\n|upkeep\n|\n|t:|1616981337\n|switch|p1a: Victini|Victini|43\/100\n|-damage|p1a: Victini|18\/100|[from] Stealth Rock\n|turn|23\n|\n|t:|1616981400\n|switch|p2a: Weavile|Weavile, M|100\/100\n|-ability|p2a: Weavile|Pressure\n|move|p1a: Victini|V-create|p2a: Weavile\n|-supereffective|p2a: Weavile\n|-damage|p2a: Weavile|0 fnt\n|-unboost|p1a: Victini|spe|1\n|-unboost|p1a: Victini|def|1\n|-unboost|p1a: Victini|spd|1\n|faint|p2a: Weavile\n|\n|upkeep\n|\n|t:|1616981403\n|switch|p2a: Medicham|Medicham-Mega, F|100\/100\n|turn|24\n|\n|t:|1616981410\n|move|p2a: Medicham|High Jump Kick|p1a: Victini\n|-resisted|p1a: Victini\n|-damage|p1a: Victini|0 fnt\n|faint|p1a: Victini\n|\n|upkeep\n|j| EGALombres\n|\n|t:|1616981448\n|switch|p1a: Beedrill|Beedrill, F|100\/100\n|-damage|p1a: Beedrill|76\/100|[from] Stealth Rock\n|turn|25\n|\n|t:|1616981452\n|detailschange|p1a: Beedrill|Beedrill-Mega, F\n|-mega|p1a: Beedrill|Beedrill|Beedrillite\n|move|p2a: Medicham|Bullet Punch|p1a: Beedrill\n|-damage|p1a: Beedrill|14\/100\n|move|p1a: Beedrill|Poison Jab|p2a: Medicham\n|-damage|p2a: Medicham|0 fnt\n|faint|p2a: Medicham\n|\n|win|TehranTyphlosions\n","uploadtime":1616981454,"views":31,"p1id":"tehrantyphlosions","p2id":"unviahacker","formatid":"gen8nationaldexdlclegacy","rating":0,"private":0,"password":null}