{"id":"sports-gen8nationaldexdraft-662343","p1":"Johnrowing","p2":"DjezzeMwoan","format":"gen8nationaldexdraft","log":"|j|\u2606Johnrowing\n|j|\u2606DjezzeMwoan\n|t:|1654367639\n|gametype|singles\n|player|p1|Johnrowing|whitney|\n|player|p2|DjezzeMwoan|gambler|\n|teamsize|p1|6\n|teamsize|p2|6\n|gen|8\n|tier|[Gen 8] National Dex Draft\n|rule|Sleep Clause Mod: Limit one foe put to sleep\n|rule|OHKO Clause: OHKO moves are banned\n|rule|Evasion Moves Clause: Evasion moves are banned\n|rule|Endless Battle Clause: Forcing endless battles is banned\n|rule|HP Percentage Mod: HP is shown in percentages\n|rule|Dynamax Clause: You cannot dynamax\n|clearpoke\n|poke|p1|Blastoise, M|\n|poke|p1|Jirachi|\n|poke|p1|Reshiram|\n|poke|p1|Regieleki|\n|poke|p1|Miltank, F|\n|poke|p1|Ribombee, F|\n|poke|p2|Infernape, F|\n|poke|p2|Mewtwo|\n|poke|p2|Greninja, F|\n|poke|p2|Lycanroc-Dusk, M|\n|poke|p2|Hydreigon, F|\n|poke|p2|Galvantula, M|\n|teampreview\n|html|<button name=\"send\" class=\"button\" value=\"\/timer ds\"><i class=\"fa fa-hourglass-start\"><\/i> DS Timer<\/button> <button name=\"send\" class=\"button\" value=\"\/timer smogon\"><i class=\"fa fa-hourglass-start\"><\/i> Smogon Timer<\/button>\n|c|\u2606DjezzeMwoan|glhf\n|c|\u2606Johnrowing|hf\n|\n|t:|1654367766\n|start\n|switch|p1a: RAZER|Regieleki|100\/100\n|switch|p2a: Suki|Galvantula, M|100\/100\n|turn|1\n|j| CoxieNormous\n|\n|t:|1654367822\n|move|p1a: RAZER|Volt Switch|p2a: Suki\n|-resisted|p2a: Suki\n|-damage|p2a: Suki|60\/100\n|\n|t:|1654367832\n|switch|p1a: BURNBREAKER|Reshiram|100\/100|[from]move: Volt Switch\n|-ability|p1a: BURNBREAKER|Turboblaze\n|move|p2a: Suki|Volt Switch|p1a: BURNBREAKER\n|-resisted|p1a: BURNBREAKER\n|-damage|p1a: BURNBREAKER|91\/100\n|j| MoniqueSmit69420\n|\n|t:|1654367967\n|switch|p2a: Toph|Lycanroc-Dusk, M|100\/100|[from]move: Volt Switch\n|\n|upkeep\n|turn|2\n|\n|t:|1654367973\n|switch|p1a: BODYBUILDER|Jirachi|100\/100\n|move|p2a: Toph|Stealth Rock|p1a: BODYBUILDER\n|-sidestart|p1: Johnrowing|move: Stealth Rock\n|\n|upkeep\n|turn|3\n|\n|t:|1654368020\n|move|p1a: BODYBUILDER|Zen Headbutt|p2a: Toph\n|-damage|p2a: Toph|43\/100\n|move|p2a: Toph|Crunch|p1a: BODYBUILDER\n|-supereffective|p1a: BODYBUILDER\n|-damage|p1a: BODYBUILDER|35\/100\n|-unboost|p1a: BODYBUILDER|def|1\n|\n|upkeep\n|turn|4\n|\n|t:|1654368040\n|switch|p1a: JUGGERS|Miltank, F|100\/100\n|-damage|p1a: JUGGERS|88\/100|[from] Stealth Rock\n|move|p2a: Toph|Stone Edge|p1a: JUGGERS\n|-damage|p1a: JUGGERS|51\/100\n|\n|upkeep\n|turn|5\n|\n|t:|1654368087\n|move|p2a: Toph|Stone Edge|p1a: JUGGERS\n|-damage|p1a: JUGGERS|15\/100\n|move|p1a: JUGGERS|Stealth Rock|p2a: Toph\n|-sidestart|p2: DjezzeMwoan|move: Stealth Rock\n|\n|upkeep\n|turn|6\n|\n|t:|1654368092\n|move|p2a: Toph|Crunch|p1a: JUGGERS\n|-damage|p1a: JUGGERS|0 fnt\n|faint|p1a: JUGGERS\n|\n|upkeep\n|\n|t:|1654368106\n|switch|p1a: RAZER|Regieleki|100\/100\n|turn|7\n|\n|t:|1654368114\n|switch|p2a: Suki|Galvantula, M|60\/100\n|-damage|p2a: Suki|35\/100|[from] Stealth Rock\n|move|p1a: RAZER|Thunderbolt|p2a: Suki\n|-resisted|p2a: Suki\n|-damage|p2a: Suki|0 fnt\n|faint|p2a: Suki\n|\n|upkeep\n|\n|t:|1654368118\n|switch|p2a: Azula|Hydreigon, F|100\/100\n|-damage|p2a: Azula|88\/100|[from] Stealth Rock\n|turn|8\n|\n|t:|1654368140\n|move|p1a: RAZER|Volt Switch|p2a: Azula\n|-resisted|p2a: Azula\n|-damage|p2a: Azula|61\/100\n|\n|t:|1654368209\n|switch|p1a: HONEY|Ribombee, F|100\/100|[from]move: Volt Switch\n|-damage|p1a: HONEY|76\/100|[from] Stealth Rock\n|move|p2a: Azula|Dragon Dance|p2a: Azula\n|-boost|p2a: Azula|atk|1\n|-boost|p2a: Azula|spe|1\n|\n|upkeep\n|turn|9\n|\n|t:|1654368243\n|move|p2a: Azula|Dual Wingbeat|p1a: HONEY\n|-supereffective|p1a: HONEY\n|-damage|p1a: HONEY|0 fnt\n|faint|p1a: HONEY\n|-hitcount|p1: HONEY|1\n|-damage|p2a: Azula|51\/100|[from] item: Life Orb\n|\n|upkeep\n|\n|t:|1654368260\n|switch|p1a: BODYBUILDER|Jirachi|35\/100\n|-damage|p1a: BODYBUILDER|29\/100|[from] Stealth Rock\n|turn|10\n|\n|t:|1654368272\n|move|p1a: BODYBUILDER|Iron Head|p2a: Azula\n|-damage|p2a: Azula|15\/100\n|move|p2a: Azula|Crunch|p1a: BODYBUILDER\n|-supereffective|p1a: BODYBUILDER\n|-damage|p1a: BODYBUILDER|0 fnt\n|faint|p1a: BODYBUILDER\n|-damage|p2a: Azula|5\/100|[from] item: Life Orb\n|\n|upkeep\n|\n|t:|1654368281\n|switch|p1a: RAZER|Regieleki|100\/100\n|turn|11\n|\n|t:|1654368289\n|move|p1a: RAZER|Rapid Spin|p2a: Azula\n|-damage|p2a: Azula|0 fnt\n|-boost|p1a: RAZER|spe|1\n|-sideend|p1: Johnrowing|Stealth Rock|[from] move: Rapid Spin|[of] p1a: RAZER\n|faint|p2a: Azula\n|\n|upkeep\n|\n|t:|1654368349\n|switch|p2a: Roku|Mewtwo|100\/100\n|-ability|p2a: Roku|Unnerve\n|-damage|p2a: Roku|88\/100|[from] Stealth Rock\n|turn|12\n|\n|t:|1654368376\n|move|p1a: RAZER|Volt Switch|p2a: Roku\n|-damage|p2a: Roku|39\/100\n|\n|t:|1654368380\n|switch|p1a: BURNBREAKER|Reshiram|91\/100|[from]move: Volt Switch\n|-ability|p1a: BURNBREAKER|Turboblaze\n|move|p2a: Roku|Psystrike|p1a: BURNBREAKER\n|-damage|p1a: BURNBREAKER|46\/100\n|\n|upkeep\n|turn|13\n|\n|t:|1654368416\n|move|p2a: Roku|Recover|p2a: Roku\n|-heal|p2a: Roku|89\/100\n|move|p1a: BURNBREAKER|Roost|p1a: BURNBREAKER\n|-heal|p1a: BURNBREAKER|96\/100\n|-singleturn|p1a: BURNBREAKER|move: Roost\n|\n|upkeep\n|turn|14\n|\n|t:|1654368425\n|switch|p2a: Zuko|Infernape, F|100\/100\n|-damage|p2a: Zuko|88\/100|[from] Stealth Rock\n|move|p1a: BURNBREAKER|Blue Flare|p2a: Zuko\n|-resisted|p2a: Zuko\n|-damage|p2a: Zuko|41\/100\n|\n|upkeep\n|turn|15\n|\n|t:|1654368448\n|move|p2a: Zuko|Focus Blast|p1a: BURNBREAKER|[miss]\n|-miss|p2a: Zuko|p1a: BURNBREAKER\n|move|p1a: BURNBREAKER|Earth Power|p2a: Zuko\n|-supereffective|p2a: Zuko\n|-damage|p2a: Zuko|0 fnt\n|faint|p2a: Zuko\n|\n|upkeep\n|\n|t:|1654368454\n|switch|p2a: Toph|Lycanroc-Dusk, M|43\/100\n|-damage|p2a: Toph|31\/100|[from] Stealth Rock\n|turn|16\n|\n|t:|1654368471\n|move|p2a: Toph|Outrage|p1a: BURNBREAKER\n|-supereffective|p1a: BURNBREAKER\n|-damage|p1a: BURNBREAKER|19\/100\n|move|p1a: BURNBREAKER|Earth Power|p2a: Toph\n|-supereffective|p2a: Toph\n|-damage|p2a: Toph|0 fnt\n|faint|p2a: Toph\n|\n|upkeep\n|\n|t:|1654368476\n|switch|p2a: Roku|Mewtwo|89\/100\n|-ability|p2a: Roku|Unnerve\n|-damage|p2a: Roku|77\/100|[from] Stealth Rock\n|turn|17\n|\n|t:|1654368483\n|move|p2a: Roku|Psystrike|p1a: BURNBREAKER\n|-damage|p1a: BURNBREAKER|0 fnt\n|faint|p1a: BURNBREAKER\n|\n|upkeep\n|\n|t:|1654368519\n|switch|p1a: TURTLECANNON|Blastoise, M|100\/100\n|turn|18\n|\n|t:|1654368538\n|detailschange|p1a: TURTLECANNON|Blastoise-Mega, M\n|-mega|p1a: TURTLECANNON|Blastoise|Blastoisinite\n|move|p2a: Roku|Psystrike|p1a: TURTLECANNON\n|-damage|p1a: TURTLECANNON|42\/100\n|move|p1a: TURTLECANNON|Shell Smash|p1a: TURTLECANNON\n|-unboost|p1a: TURTLECANNON|def|1\n|-unboost|p1a: TURTLECANNON|spd|1\n|-boost|p1a: TURTLECANNON|atk|2\n|-boost|p1a: TURTLECANNON|spa|2\n|-boost|p1a: TURTLECANNON|spe|2\n|\n|upkeep\n|turn|19\n|\n|t:|1654368544\n|switch|p2a: Ty Lee|Greninja, F|100\/100\n|-damage|p2a: Ty Lee|88\/100|[from] Stealth Rock\n|move|p1a: TURTLECANNON|Dark Pulse|p2a: Ty Lee\n|-resisted|p2a: Ty Lee\n|-damage|p2a: Ty Lee|10\/100\n|\n|upkeep\n|turn|20\n|\n|t:|1654368561\n|move|p2a: Ty Lee|Grass Knot|p1a: TURTLECANNON\n|-start|p2a: Ty Lee|typechange|Grass|[from] ability: Protean\n|-supereffective|p1a: TURTLECANNON\n|-damage|p1a: TURTLECANNON|0 fnt\n|faint|p1a: TURTLECANNON\n|\n|upkeep\n|\n|t:|1654368571\n|switch|p1a: RAZER|Regieleki|100\/100\n|turn|21\n|\n|t:|1654368602\n|move|p2a: Ty Lee|Grass Knot|p1a: RAZER\n|-damage|p1a: RAZER|19\/100\n|move|p1a: RAZER|Rapid Spin|p2a: Ty Lee\n|-crit|p2a: Ty Lee\n|-damage|p2a: Ty Lee|0 fnt\n|-boost|p1a: RAZER|spe|1\n|faint|p2a: Ty Lee\n|\n|upkeep\n|\n|t:|1654368607\n|switch|p2a: Roku|Mewtwo|77\/100\n|-ability|p2a: Roku|Unnerve\n|-damage|p2a: Roku|65\/100|[from] Stealth Rock\n|turn|22\n|\n|t:|1654368611\n|move|p1a: RAZER|Thunderbolt|p2a: Roku\n|-damage|p2a: Roku|4\/100\n|move|p2a: Roku|Psystrike|p1a: RAZER\n|-damage|p1a: RAZER|0 fnt\n|faint|p1a: RAZER\n|\n|win|DjezzeMwoan\n|c|\u2606DjezzeMwoan|gg\n|c|\u2606Johnrowing|gg\n","uploadtime":1654368627,"views":21,"p1id":"johnrowing","p2id":"djezzemwoan","formatid":"gen8nationaldexdraft","rating":0,"private":0,"password":null}