{"id":"sports-gen8nationaldexdraft-556602","p1":"DjezzeMwoan","p2":"CharlotteKrabbys","format":"gen8nationaldexdraft","log":"|j|\u2606DjezzeMwoan\n|j|\u2606CharlotteKrabbys\n|t:|1639768279\n|gametype|singles\n|player|p1|DjezzeMwoan|52|\n|player|p2|CharlotteKrabbys|blaine|\n|teamsize|p1|6\n|teamsize|p2|6\n|gen|8\n|tier|[Gen 8] National Dex Draft\n|rule|Sleep Clause Mod: Limit one foe put to sleep\n|rule|OHKO Clause: OHKO moves are banned\n|rule|Evasion Moves Clause: Evasion moves are banned\n|rule|Endless Battle Clause: Forcing endless battles is banned\n|rule|HP Percentage Mod: HP is shown in percentages\n|rule|Dynamax Clause: You cannot dynamax\n|clearpoke\n|poke|p1|Typhlosion, F|\n|poke|p1|Landorus-Therian, M|\n|poke|p1|Avalugg, M|\n|poke|p1|Naganadel|\n|poke|p1|Silvally-*|\n|poke|p1|Corsola-Galar, M|\n|poke|p2|Aegislash, M|\n|poke|p2|Hydreigon, F|\n|poke|p2|Audino, M|\n|poke|p2|Weezing-Galar, M|\n|poke|p2|Infernape, F|\n|poke|p2|Cloyster, F|\n|teampreview\n|html|<button name=\"send\" class=\"button\" value=\"\/timer ds\"><i class=\"fa fa-hourglass-start\"><\/i> DS Timer<\/button> <button name=\"send\" class=\"button\" value=\"\/timer smogon\"><i class=\"fa fa-hourglass-start\"><\/i> Smogon Timer<\/button>\n|c|\u2606DjezzeMwoan|glhf man\n|\n|t:|1639768311\n|start\n|switch|p1a: Checo|Typhlosion, F|100\/100\n|switch|p2a: King Ghidorah|Hydreigon, F|100\/100\n|turn|1\n|\n|t:|1639768331\n|switch|p1a: Zuckerberg|Silvally-Fairy|100\/100\n|move|p2a: King Ghidorah|Dark Pulse|p1a: Zuckerberg\n|-resisted|p1a: Zuckerberg\n|-damage|p1a: Zuckerberg|87\/100\n|\n|upkeep\n|turn|2\n|\n|t:|1639768338\n|switch|p2a: Box Mascot|Aegislash, M|100\/100\n|move|p1a: Zuckerberg|Parting Shot|p2a: Box Mascot\n|-unboost|p2a: Box Mascot|atk|1\n|-unboost|p2a: Box Mascot|spa|1\n|\n|t:|1639768340\n|switch|p1a: Checo|Typhlosion, F|100\/100|[from]move: Parting Shot\n|\n|upkeep\n|turn|3\n|\n|t:|1639768346\n|switch|p2a: Joy|Audino, M|100\/100\n|move|p1a: Checo|Eruption|p2a: Joy\n|-damage|p2a: Joy|27\/100\n|\n|upkeep\n|turn|4\n|\n|t:|1639768356\n|move|p2a: Joy|Protect|p2a: Joy\n|-singleturn|p2a: Joy|Protect\n|move|p1a: Checo|Eruption|p2a: Joy\n|-activate|p2a: Joy|move: Protect\n|\n|upkeep\n|turn|5\n|\n|t:|1639768363\n|switch|p2a: King Ghidorah|Hydreigon, F|100\/100\n|move|p1a: Checo|Eruption|p2a: King Ghidorah\n|-resisted|p2a: King Ghidorah\n|-damage|p2a: King Ghidorah|43\/100\n|\n|upkeep\n|turn|6\n|\n|t:|1639768370\n|move|p2a: King Ghidorah|U-turn|p1a: Checo\n|-resisted|p1a: Checo\n|-damage|p1a: Checo|90\/100\n|\n|t:|1639768377\n|switch|p2a: Rafiki|Infernape, F|100\/100|[from]move: U-turn\n|move|p1a: Checo|Eruption|p2a: Rafiki\n|-resisted|p2a: Rafiki\n|-damage|p2a: Rafiki|32\/100\n|\n|upkeep\n|turn|7\n|\n|t:|1639768386\n|switch|p1a: Mosselman|Corsola-Galar, M|100\/100\n|move|p2a: Rafiki|Stealth Rock|p1a: Mosselman\n|-sidestart|p1: DjezzeMwoan|move: Stealth Rock\n|\n|upkeep\n|turn|8\n|\n|t:|1639768392\n|switch|p2a: Joy|Audino, M|60\/100\n|move|p1a: Mosselman|Stealth Rock|p2a: Joy\n|-sidestart|p2: CharlotteKrabbys|move: Stealth Rock\n|\n|upkeep\n|turn|9\n|\n|t:|1639768403\n|switch|p1a: Snorman|Landorus-Therian, M|100\/100\n|-damage|p1a: Snorman|88\/100|[from] Stealth Rock\n|-ability|p1a: Snorman|Intimidate|boost\n|-unboost|p2a: Joy|atk|1\n|move|p2a: Joy|Knock Off|p1a: Snorman\n|-damage|p1a: Snorman|76\/100\n|-enditem|p1a: Snorman|Leftovers|[from] move: Knock Off|[of] p2a: Joy\n|\n|upkeep\n|turn|10\n|\n|t:|1639768416\n|move|p2a: Joy|Protect|p2a: Joy\n|-singleturn|p2a: Joy|Protect\n|move|p1a: Snorman|U-turn|p2a: Joy\n|-activate|p2a: Joy|move: Protect\n|\n|upkeep\n|turn|11\n|\n|t:|1639768422\n|switch|p2a: Doug Dimmidome|Weezing-Galar, M|100\/100\n|-damage|p2a: Doug Dimmidome|88\/100|[from] Stealth Rock\n|move|p1a: Snorman|Toxic|p2a: Doug Dimmidome\n|-immune|p2a: Doug Dimmidome\n|\n|-heal|p2a: Doug Dimmidome|94\/100|[from] item: Black Sludge\n|upkeep\n|turn|12\n|\n|t:|1639768432\n|move|p1a: Snorman|U-turn|p2a: Doug Dimmidome\n|-resisted|p2a: Doug Dimmidome\n|-damage|p2a: Doug Dimmidome|88\/100\n|\n|t:|1639768434\n|switch|p1a: Checo|Typhlosion, F|90\/100|[from]move: U-turn\n|-damage|p1a: Checo|65\/100|[from] Stealth Rock\n|move|p2a: Doug Dimmidome|Strange Steam|p1a: Checo\n|-resisted|p1a: Checo\n|-damage|p1a: Checo|47\/100\n|\n|-heal|p2a: Doug Dimmidome|94\/100|[from] item: Black Sludge\n|upkeep\n|turn|13\n|\n|t:|1639768445\n|switch|p2a: Joy|Audino, M|93\/100\n|move|p1a: Checo|Flamethrower|p2a: Joy\n|-damage|p2a: Joy|54\/100\n|\n|upkeep\n|turn|14\n|\n|t:|1639768457\n|move|p1a: Checo|Flamethrower|p2a: Joy\n|-damage|p2a: Joy|15\/100\n|-status|p2a: Joy|brn\n|move|p2a: Joy|Wish|p2a: Joy\n|\n|-damage|p2a: Joy|9\/100 brn|[from] brn\n|upkeep\n|turn|15\n|\n|t:|1639768472\n|switch|p1a: MLG Popplio|Avalugg, M|100\/100\n|switch|p2a: King Ghidorah|Hydreigon, F|43\/100\n|-damage|p2a: King Ghidorah|31\/100|[from] Stealth Rock\n|\n|-heal|p2a: King Ghidorah|94\/100|[from] move: Wish|[wisher] Joy\n|upkeep\n|turn|16\n|\n|t:|1639768482\n|switch|p1a: Zuckerberg|Silvally-Fairy|87\/100\n|-damage|p1a: Zuckerberg|74\/100|[from] Stealth Rock\n|move|p2a: King Ghidorah|U-turn|p1a: Zuckerberg\n|-resisted|p1a: Zuckerberg\n|-damage|p1a: Zuckerberg|66\/100\n|\n|t:|1639768495\n|switch|p2a: Box Mascot|Aegislash, M|100\/100|[from]move: U-turn\n|-damage|p2a: Box Mascot|94\/100|[from] Stealth Rock\n|\n|-heal|p2a: Box Mascot|100\/100|[from] item: Leftovers\n|upkeep\n|turn|17\n|\n|t:|1639768511\n|move|p1a: Zuckerberg|Defog|p2a: Box Mascot\n|-unboost|p2a: Box Mascot|evasion|1\n|-sideend|p2: CharlotteKrabbys|Stealth Rock|[from] move: Defog|[of] p1a: Zuckerberg\n|-sideend|p1: DjezzeMwoan|Stealth Rock|[from] move: Defog|[of] p1a: Zuckerberg\n|-formechange|p2a: Box Mascot|Aegislash-Blade||[from] ability: Stance Change\n|move|p2a: Box Mascot|Flash Cannon|p1a: Zuckerberg\n|-supereffective|p1a: Zuckerberg\n|-damage|p1a: Zuckerberg|15\/100\n|\n|upkeep\n|turn|18\n|\n|t:|1639768526\n|move|p1a: Zuckerberg|Parting Shot|p2a: Box Mascot\n|-unboost|p2a: Box Mascot|atk|1\n|-unboost|p2a: Box Mascot|spa|1\n|\n|t:|1639768529\n|switch|p1a: Checo|Typhlosion, F|47\/100|[from]move: Parting Shot\n|move|p2a: Box Mascot|Flash Cannon|p1a: Checo\n|-resisted|p1a: Checo\n|-damage|p1a: Checo|32\/100\n|\n|upkeep\n|turn|19\n|\n|t:|1639768535\n|-formechange|p2a: Box Mascot|Aegislash||[from] ability: Stance Change\n|move|p2a: Box Mascot|King's Shield|p2a: Box Mascot\n|-singleturn|p2a: Box Mascot|Protect\n|move|p1a: Checo|Overheat|p2a: Box Mascot\n|-activate|p2a: Box Mascot|move: Protect\n|\n|upkeep\n|turn|20\n|\n|t:|1639768543\n|switch|p2a: King Ghidorah|Hydreigon, F|94\/100\n|move|p1a: Checo|Overheat|p2a: King Ghidorah|[miss]\n|-miss|p1a: Checo|p2a: King Ghidorah\n|\n|upkeep\n|turn|21\n|\n|t:|1639768549\n|switch|p1a: Zuckerberg|Silvally-Fairy|15\/100\n|move|p2a: King Ghidorah|Dark Pulse|p1a: Zuckerberg\n|-resisted|p1a: Zuckerberg\n|-damage|p1a: Zuckerberg|2\/100\n|\n|upkeep\n|turn|22\n|\n|t:|1639768553\n|move|p2a: King Ghidorah|Dark Pulse|p1a: Zuckerberg\n|-resisted|p1a: Zuckerberg\n|-damage|p1a: Zuckerberg|0 fnt\n|faint|p1a: Zuckerberg\n|\n|upkeep\n|\n|t:|1639768556\n|switch|p1a: Frikandel|Naganadel|100\/100\n|turn|23\n|\n|t:|1639768566\n|move|p2a: King Ghidorah|Dark Pulse|p1a: Frikandel\n|-damage|p1a: Frikandel|43\/100\n|move|p1a: Frikandel|Fire Blast|p2a: King Ghidorah\n|-resisted|p2a: King Ghidorah\n|-damage|p2a: King Ghidorah|66\/100\n|-damage|p1a: Frikandel|33\/100|[from] item: Life Orb\n|\n|upkeep\n|turn|24\n|\n|t:|1639768571\n|move|p2a: King Ghidorah|Dark Pulse|p1a: Frikandel\n|-damage|p1a: Frikandel|0 fnt\n|faint|p1a: Frikandel\n|\n|upkeep\n|\n|t:|1639768575\n|switch|p1a: Snorman|Landorus-Therian, M|76\/100\n|-ability|p1a: Snorman|Intimidate|boost\n|-unboost|p2a: King Ghidorah|atk|1\n|turn|25\n|\n|t:|1639768578\n|move|p2a: King Ghidorah|Dark Pulse|p1a: Snorman\n|-damage|p1a: Snorman|34\/100\n|cant|p1a: Snorman|flinch\n|\n|upkeep\n|turn|26\n|c|\u2606DjezzeMwoan|ye\n|c|\u2606DjezzeMwoan|that settles it then\n|\n|t:|1639768588\n|move|p2a: King Ghidorah|Dark Pulse|p1a: Snorman\n|-damage|p1a: Snorman|0 fnt\n|faint|p1a: Snorman\n|\n|upkeep\n|\n|t:|1639768592\n|switch|p1a: MLG Popplio|Avalugg, M|100\/100\n|turn|27\n|c|\u2606CharlotteKrabbys|sorry for flinch\n|c|\u2606DjezzeMwoan|np\n|\n|t:|1639768599\n|move|p2a: King Ghidorah|Dark Pulse|p1a: MLG Popplio\n|-damage|p1a: MLG Popplio|40\/100\n|move|p1a: MLG Popplio|Avalanche|p2a: King Ghidorah\n|-supereffective|p2a: King Ghidorah\n|-damage|p2a: King Ghidorah|0 fnt\n|faint|p2a: King Ghidorah\n|\n|upkeep\n|\n|t:|1639768610\n|switch|p2a: Rafiki|Infernape, F|32\/100\n|turn|28\n|\n|t:|1639768615\n|switch|p1a: Mosselman|Corsola-Galar, M|100\/100\n|move|p2a: Rafiki|Close Combat|p1a: Mosselman\n|-immune|p1a: Mosselman\n|\n|upkeep\n|turn|29\n|\n|t:|1639768630\n|switch|p1a: Checo|Typhlosion, F|32\/100\n|move|p2a: Rafiki|U-turn|p1a: Checo\n|-resisted|p1a: Checo\n|-damage|p1a: Checo|13\/100\n|-damage|p2a: Rafiki|22\/100|[from] item: Life Orb\n|\n|t:|1639768635\n|switch|p2a: hehehe|Cloyster, F|100\/100|[from]move: U-turn\n|\n|upkeep\n|turn|30\n|\n|t:|1639768643\n|move|p1a: Checo|Overheat|p2a: hehehe\n|-damage|p2a: hehehe|0 fnt\n|-unboost|p1a: Checo|spa|2\n|faint|p2a: hehehe\n|\n|upkeep\n|\n|t:|1639768648\n|switch|p2a: Joy|Audino, M|42\/100 brn\n|turn|31\n|\n|t:|1639768651\n|move|p1a: Checo|Overheat|p2a: Joy\n|-damage|p2a: Joy|0 fnt\n|-unboost|p1a: Checo|spa|2\n|faint|p2a: Joy\n|\n|upkeep\n|\n|t:|1639768667\n|switch|p2a: Doug Dimmidome|Weezing-Galar, M|94\/100\n|turn|32\n|\n|t:|1639768672\n|switch|p1a: Mosselman|Corsola-Galar, M|100\/100\n|move|p2a: Doug Dimmidome|Sludge Wave|p1a: Mosselman\n|-resisted|p1a: Mosselman\n|-damage|p1a: Mosselman|92\/100\n|\n|-heal|p2a: Doug Dimmidome|99\/100|[from] item: Black Sludge\n|upkeep\n|turn|33\n|\n|t:|1639768679\n|switch|p2a: Box Mascot|Aegislash, M|100\/100\n|move|p1a: Mosselman|Night Shade|p2a: Box Mascot\n|-damage|p2a: Box Mascot|70\/100\n|\n|-heal|p2a: Box Mascot|76\/100|[from] item: Leftovers\n|upkeep\n|turn|34\n|\n|t:|1639768685\n|switch|p1a: MLG Popplio|Avalugg, M|40\/100\n|-formechange|p2a: Box Mascot|Aegislash-Blade||[from] ability: Stance Change\n|move|p2a: Box Mascot|Flash Cannon|p1a: MLG Popplio\n|-supereffective|p1a: MLG Popplio\n|-damage|p1a: MLG Popplio|0 fnt\n|faint|p1a: MLG Popplio\n|\n|-heal|p2a: Box Mascot|82\/100|[from] item: Leftovers\n|upkeep\n|\n|t:|1639768687\n|switch|p1a: Checo|Typhlosion, F|13\/100\n|turn|35\n|\n|t:|1639768697\n|-formechange|p2a: Box Mascot|Aegislash||[from] ability: Stance Change\n|move|p2a: Box Mascot|King's Shield|p2a: Box Mascot\n|-singleturn|p2a: Box Mascot|Protect\n|move|p1a: Checo|Flamethrower|p2a: Box Mascot\n|-activate|p2a: Box Mascot|move: Protect\n|\n|-heal|p2a: Box Mascot|88\/100|[from] item: Leftovers\n|upkeep\n|turn|36\n|\n|t:|1639768707\n|switch|p2a: Doug Dimmidome|Weezing-Galar, M|99\/100\n|move|p1a: Checo|Flamethrower|p2a: Doug Dimmidome\n|-damage|p2a: Doug Dimmidome|21\/100\n|\n|-heal|p2a: Doug Dimmidome|27\/100|[from] item: Black Sludge\n|upkeep\n|turn|37\n|\n|t:|1639768722\n|move|p1a: Checo|Flamethrower|p2a: Doug Dimmidome\n|-damage|p2a: Doug Dimmidome|0 fnt\n|faint|p2a: Doug Dimmidome\n|\n|upkeep\n|\n|t:|1639768724\n|switch|p2a: Rafiki|Infernape, F|22\/100\n|turn|38\n|\n|t:|1639768728\n|move|p2a: Rafiki|Close Combat|p1a: Checo\n|-damage|p1a: Checo|0 fnt\n|-unboost|p2a: Rafiki|def|1\n|-unboost|p2a: Rafiki|spd|1\n|faint|p1a: Checo\n|-damage|p2a: Rafiki|12\/100|[from] item: Life Orb\n|\n|upkeep\n|\n|t:|1639768730\n|switch|p1a: Mosselman|Corsola-Galar, M|92\/100\n|turn|39\n|\n|t:|1639768736\n|move|p2a: Rafiki|Fire Blast|p1a: Mosselman|[miss]\n|-miss|p2a: Rafiki|p1a: Mosselman\n|move|p1a: Mosselman|Stealth Rock|p2a: Rafiki\n|-sidestart|p2: CharlotteKrabbys|move: Stealth Rock\n|\n|upkeep\n|turn|40\n|\n|t:|1639768740\n|move|p2a: Rafiki|Fire Blast|p1a: Mosselman\n|-damage|p1a: Mosselman|59\/100\n|-start|p2a: Rafiki|Disable|Fire Blast|[from] ability: Cursed Body|[of] p1a: Mosselman\n|-damage|p2a: Rafiki|2\/100|[from] item: Life Orb\n|move|p1a: Mosselman|Strength Sap|p2a: Rafiki\n|-unboost|p2a: Rafiki|atk|1\n|-heal|p1a: Mosselman|100\/100\n|\n|upkeep\n|turn|41\n|\n|t:|1639768746\n|move|p2a: Rafiki|U-turn|p1a: Mosselman\n|-resisted|p1a: Mosselman\n|-damage|p1a: Mosselman|95\/100\n|-damage|p2a: Rafiki|0 fnt|[from] item: Life Orb\n|faint|p2a: Rafiki\n|move|p1a: Mosselman|Night Shade|p2: Rafiki|[notarget]\n|-fail|p1a: Mosselman\n|\n|upkeep\n|\n|t:|1639768753\n|switch|p2a: Box Mascot|Aegislash, M|88\/100\n|-damage|p2a: Box Mascot|82\/100|[from] Stealth Rock\n|turn|42\n|c|\u2606DjezzeMwoan|ngl\n|\n|t:|1639768769\n|-formechange|p2a: Box Mascot|Aegislash-Blade||[from] ability: Stance Change\n|move|p2a: Box Mascot|Flash Cannon|p1a: Mosselman\n|-damage|p1a: Mosselman|75\/100\n|move|p1a: Mosselman|Night Shade|p2a: Box Mascot\n|-damage|p2a: Box Mascot|51\/100\n|\n|-heal|p2a: Box Mascot|57\/100|[from] item: Leftovers\n|upkeep\n|turn|43\n|\n|t:|1639768780\n|move|p2a: Box Mascot|Flash Cannon|p1a: Mosselman\n|-damage|p1a: Mosselman|54\/100\n|move|p1a: Mosselman|Strength Sap|p2a: Box Mascot\n|-unboost|p2a: Box Mascot|atk|1\n|-heal|p1a: Mosselman|100\/100\n|\n|-heal|p2a: Box Mascot|63\/100|[from] item: Leftovers\n|upkeep\n|turn|44\n|\n|t:|1639768784\n|move|p2a: Box Mascot|Flash Cannon|p1a: Mosselman\n|-damage|p1a: Mosselman|80\/100\n|move|p1a: Mosselman|Night Shade|p2a: Box Mascot\n|-damage|p2a: Box Mascot|33\/100\n|\n|-heal|p2a: Box Mascot|39\/100|[from] item: Leftovers\n|upkeep\n|turn|45\n|c|\u2606DjezzeMwoan|i thought i was getting 6-0d when you had that hydreigon in \n|\n|t:|1639768795\n|-formechange|p2a: Box Mascot|Aegislash||[from] ability: Stance Change\n|move|p2a: Box Mascot|King's Shield|p2a: Box Mascot\n|-singleturn|p2a: Box Mascot|Protect\n|move|p1a: Mosselman|Night Shade|p2a: Box Mascot\n|-activate|p2a: Box Mascot|move: Protect\n|\n|-heal|p2a: Box Mascot|45\/100|[from] item: Leftovers\n|upkeep\n|turn|46\n|\n|t:|1639768799\n|-formechange|p2a: Box Mascot|Aegislash-Blade||[from] ability: Stance Change\n|move|p2a: Box Mascot|Flash Cannon|p1a: Mosselman\n|-damage|p1a: Mosselman|58\/100\n|move|p1a: Mosselman|Night Shade|p2a: Box Mascot\n|-damage|p2a: Box Mascot|14\/100\n|\n|-heal|p2a: Box Mascot|20\/100|[from] item: Leftovers\n|upkeep\n|turn|47\n|\n|t:|1639768805\n|-formechange|p2a: Box Mascot|Aegislash||[from] ability: Stance Change\n|move|p2a: Box Mascot|King's Shield|p2a: Box Mascot\n|-singleturn|p2a: Box Mascot|Protect\n|move|p1a: Mosselman|Night Shade|p2a: Box Mascot\n|-activate|p2a: Box Mascot|move: Protect\n|\n|-heal|p2a: Box Mascot|26\/100|[from] item: Leftovers\n|upkeep\n|turn|48\n|c|\u2606CharlotteKrabbys|gg\n|\n|t:|1639768811\n|-formechange|p2a: Box Mascot|Aegislash-Blade||[from] ability: Stance Change\n|move|p2a: Box Mascot|Flash Cannon|p1a: Mosselman\n|-damage|p1a: Mosselman|35\/100\n|-start|p2a: Box Mascot|Disable|Flash Cannon|[from] ability: Cursed Body|[of] p1a: Mosselman\n|move|p1a: Mosselman|Strength Sap|p2a: Box Mascot\n|-unboost|p2a: Box Mascot|atk|1\n|-heal|p1a: Mosselman|99\/100\n|\n|-heal|p2a: Box Mascot|33\/100|[from] item: Leftovers\n|upkeep\n|turn|49\n|c|\u2606DjezzeMwoan|gg man\n|\n|t:|1639768815\n|move|p2a: Box Mascot|Air Slash|p1a: Mosselman\n|-damage|p1a: Mosselman|87\/100\n|move|p1a: Mosselman|Night Shade|p2a: Box Mascot\n|-damage|p2a: Box Mascot|2\/100\n|\n|-heal|p2a: Box Mascot|8\/100|[from] item: Leftovers\n|upkeep\n|turn|50\n|\n|t:|1639768819\n|move|p2a: Box Mascot|Air Slash|p1a: Mosselman\n|-damage|p1a: Mosselman|74\/100\n|move|p1a: Mosselman|Night Shade|p2a: Box Mascot\n|-damage|p2a: Box Mascot|0 fnt\n|faint|p2a: Box Mascot\n|\n|win|DjezzeMwoan\n|l|\u2606CharlotteKrabbys\n","uploadtime":1639768833,"views":12,"p1id":"djezzemwoan","p2id":"charlottekrabbys","formatid":"gen8nationaldexdraft","rating":0,"private":0,"password":null}