{"id":"sports-gen8nationaldexlegacy-745016","p1":"brettfavreguilty","p2":"gpickle","format":"gen8nationaldexlegacy","log":"|j|\u2606brettfavreguilty\n|j|\u2606gpickle\n|t:|1666913499\n|gametype|singles\n|player|p1|brettfavreguilty|265|\n|player|p2|gpickle|gpickle.png|\n|teamsize|p1|6\n|teamsize|p2|6\n|gen|8\n|tier|[Gen 8] National Dex Legacy\n|rule|Sleep Clause Mod: Limit one foe put to sleep\n|rule|OHKO Clause: OHKO moves are banned\n|rule|Evasion Moves Clause: Evasion moves are banned\n|rule|Endless Battle Clause: Forcing endless battles is banned\n|rule|HP Percentage Mod: HP is shown in percentages\n|rule|Dynamax Clause: You cannot dynamax\n|clearpoke\n|poke|p1|Conkeldurr, M|\n|poke|p1|Volcanion|\n|poke|p1|Excadrill, M|\n|poke|p1|Tyranitar, M|\n|poke|p1|Slowbro, M|\n|poke|p1|Gligar, F|\n|poke|p2|Espeon, M|\n|poke|p2|Melmetal|\n|poke|p2|Tangrowth, F|\n|poke|p2|Quagsire, F|\n|poke|p2|Moltres|\n|poke|p2|Garchomp, M|\n|teampreview\n|html|<button name=\"send\" class=\"button\" value=\"\/timer ds\"><i class=\"fa fa-hourglass-start\"><\/i> DS Timer<\/button> <button name=\"send\" class=\"button\" value=\"\/timer smogon\"><i class=\"fa fa-hourglass-start\"><\/i> Smogon Timer<\/button>\n|c|\u2606brettfavreguilty|glhf\n|c|\u2606gpickle|glhf\n|c|\u2606gpickle|put in active battles\n|c|\u2606brettfavreguilty|got it\n|\n|t:|1666913548\n|start\n|switch|p1a: B1LLYB0B|Tyranitar, M|100\/100\n|switch|p2a: Owen|Quagsire, F|100\/100\n|-weather|Sandstorm|[from] ability: Sand Stream|[of] p1a: B1LLYB0B\n|turn|1\n|\n|t:|1666913572\n|switch|p1a: CONKED|Conkeldurr, M|100\/100\n|move|p2a: Owen|Scald|p1a: CONKED\n|-damage|p1a: CONKED|74\/100\n|\n|-weather|Sandstorm|[upkeep]\n|-damage|p1a: CONKED|68\/100|[from] Sandstorm\n|-status|p1a: CONKED|brn|[from] item: Flame Orb\n|upkeep\n|turn|2\n|j| djbarara\n|\n|t:|1666913619\n|move|p1a: CONKED|Facade|p2a: Owen\n|-damage|p2a: Owen|44\/100\n|-damage|p1a: CONKED|51\/100 brn|[from] item: Rocky Helmet|[of] p2a: Owen\n|move|p2a: Owen|Recover|p2a: Owen\n|-heal|p2a: Owen|94\/100\n|\n|-weather|Sandstorm|[upkeep]\n|-damage|p1a: CONKED|45\/100 brn|[from] Sandstorm\n|-damage|p1a: CONKED|39\/100 brn|[from] brn\n|upkeep\n|turn|3\n|\n|t:|1666913656\n|switch|p1a: RYGAR|Gligar, F|100\/100\n|move|p2a: Owen|Recover|p2a: Owen\n|-heal|p2a: Owen|100\/100\n|\n|-weather|Sandstorm|[upkeep]\n|upkeep\n|turn|4\n|\n|t:|1666913683\n|switch|p2a: Stuffy|Melmetal|100\/100\n|move|p1a: RYGAR|Stealth Rock|p2a: Stuffy\n|-sidestart|p2: gpickle|move: Stealth Rock\n|\n|-weather|Sandstorm|[upkeep]\n|upkeep\n|turn|5\n|\n|t:|1666913710\n|move|p1a: RYGAR|Earthquake|p2a: Stuffy\n|-supereffective|p2a: Stuffy\n|-damage|p2a: Stuffy|70\/100\n|move|p2a: Stuffy|Double Iron Bash|p1a: RYGAR\n|-damage|p1a: RYGAR|72\/100\n|-damage|p1a: RYGAR|42\/100\n|-hitcount|p1a: RYGAR|2\n|\n|-weather|none\n|-heal|p2a: Stuffy|76\/100|[from] item: Leftovers\n|upkeep\n|turn|6\n|\n|t:|1666913737\n|switch|p2a: Turtle_Hands|Moltres|100\/100\n|move|p1a: RYGAR|U-turn|p2a: Turtle_Hands\n|-resisted|p2a: Turtle_Hands\n|-damage|p2a: Turtle_Hands|98\/100\n|\n|t:|1666913744\n|switch|p1a: B1LLYB0B|Tyranitar, M|100\/100|[from]move: U-turn\n|-weather|Sandstorm|[from] ability: Sand Stream|[of] p1a: B1LLYB0B\n|\n|-weather|Sandstorm|[upkeep]\n|-damage|p2a: Turtle_Hands|92\/100|[from] Sandstorm\n|upkeep\n|turn|7\n|\n|t:|1666913811\n|move|p2a: Turtle_Hands|Toxic|p1a: B1LLYB0B\n|-status|p1a: B1LLYB0B|tox\n|move|p1a: B1LLYB0B|Toxic|p2a: Turtle_Hands\n|-status|p2a: Turtle_Hands|tox\n|\n|-weather|Sandstorm|[upkeep]\n|-damage|p2a: Turtle_Hands|86\/100 tox|[from] Sandstorm\n|-damage|p2a: Turtle_Hands|79\/100 tox|[from] psn\n|-damage|p1a: B1LLYB0B|94\/100 tox|[from] psn\n|upkeep\n|turn|8\n|\n|t:|1666913828\n|-activate|p2a: Turtle_Hands|move: Pursuit\n|move|p1a: B1LLYB0B|Pursuit|p2a: Turtle_Hands|[from]Pursuit\n|-damage|p2a: Turtle_Hands|49\/100 tox\n|switch|p2a: Stuffy|Melmetal|76\/100\n|-damage|p2a: Stuffy|70\/100|[from] Stealth Rock\n|\n|-weather|Sandstorm|[upkeep]\n|-heal|p1a: B1LLYB0B|100\/100 tox|[from] item: Leftovers\n|-heal|p2a: Stuffy|76\/100|[from] item: Leftovers\n|-damage|p1a: B1LLYB0B|88\/100 tox|[from] psn\n|upkeep\n|turn|9\n|\n|t:|1666913863\n|switch|p1a: FUCKED UP|Slowbro, M|100\/100\n|move|p2a: Stuffy|Earthquake|p1a: FUCKED UP\n|-damage|p1a: FUCKED UP|74\/100\n|\n|-weather|Sandstorm|[upkeep]\n|-damage|p1a: FUCKED UP|68\/100|[from] Sandstorm\n|-heal|p2a: Stuffy|82\/100|[from] item: Leftovers\n|upkeep\n|turn|10\n|\n|t:|1666913896\n|detailschange|p1a: FUCKED UP|Slowbro-Mega, M\n|-mega|p1a: FUCKED UP|Slowbro|Slowbronite\n|move|p2a: Stuffy|Thunder Punch|p1a: FUCKED UP\n|-supereffective|p1a: FUCKED UP\n|-damage|p1a: FUCKED UP|32\/100\n|move|p1a: FUCKED UP|Body Press|p2a: Stuffy\n|-supereffective|p2a: Stuffy\n|-damage|p2a: Stuffy|46\/100\n|\n|-weather|none\n|-heal|p2a: Stuffy|52\/100|[from] item: Leftovers\n|upkeep\n|turn|11\n|\n|t:|1666913947\n|switch|p1a: RYGAR|Gligar, F|42\/100\n|move|p2a: Stuffy|Double Iron Bash|p1a: RYGAR\n|-damage|p1a: RYGAR|13\/100\n|-damage|p1a: RYGAR|0 fnt\n|faint|p1a: RYGAR\n|-hitcount|p1: RYGAR|2\n|\n|-heal|p2a: Stuffy|58\/100|[from] item: Leftovers\n|upkeep\n|\n|t:|1666913952\n|switch|p1a: MVP|Volcanion|100\/100\n|turn|12\n|\n|t:|1666913961\n|switch|p2a: Owen|Quagsire, F|100\/100\n|-damage|p2a: Owen|94\/100|[from] Stealth Rock\n|move|p1a: MVP|Substitute|p1a: MVP\n|-start|p1a: MVP|Substitute\n|-damage|p1a: MVP|76\/100\n|\n|upkeep\n|turn|13\n|\n|t:|1666913971\n|move|p1a: MVP|Solar Beam||[still]\n|-prepare|p1a: MVP|Solar Beam\n|-enditem|p1a: MVP|Power Herb\n|-anim|p1a: MVP|Solar Beam|p2a: Owen\n|-supereffective|p2a: Owen\n|-damage|p2a: Owen|0 fnt\n|faint|p2a: Owen\n|\n|upkeep\n|c|\u2606gpickle|I KNEW IT\n|c|\u2606gpickle|ur the goat\n|c|\u2606brettfavreguilty|obv u didnt\n|c|\u2606brettfavreguilty|ty\n|c| djbarara|if you knew...\n|\n|t:|1666914085\n|switch|p2a: Hitman|Espeon, M|100\/100\n|-damage|p2a: Hitman|88\/100|[from] Stealth Rock\n|turn|14\n|\n|t:|1666914103\n|move|p2a: Hitman|Expanding Force|p1a: MVP\n|-end|p1a: MVP|Substitute\n|-damage|p2a: Hitman|78\/100|[from] item: Life Orb\n|move|p1a: MVP|Steam Eruption|p2a: Hitman|[miss]\n|-miss|p1a: MVP|p2a: Hitman\n|\n|upkeep\n|turn|15\n|c|\u2606gpickle|srry\n|c| djbarara|tyus says pussy for apology \n|\n|t:|1666914199\n|move|p2a: Hitman|Calm Mind|p2a: Hitman\n|-boost|p2a: Hitman|spa|1\n|-boost|p2a: Hitman|spd|1\n|move|p1a: MVP|Flamethrower|p2a: Hitman\n|-damage|p2a: Hitman|33\/100\n|\n|upkeep\n|turn|16\n|\n|t:|1666914207\n|switch|p1a: B1LLYB0B|Tyranitar, M|88\/100 tox\n|-weather|Sandstorm|[from] ability: Sand Stream|[of] p1a: B1LLYB0B\n|move|p2a: Hitman|Expanding Force|p1a: B1LLYB0B\n|-immune|p1a: B1LLYB0B\n|\n|-weather|Sandstorm|[upkeep]\n|-damage|p2a: Hitman|27\/100|[from] Sandstorm\n|-heal|p1a: B1LLYB0B|94\/100 tox|[from] item: Leftovers\n|-damage|p1a: B1LLYB0B|88\/100 tox|[from] psn\n|upkeep\n|turn|17\n|\n|t:|1666914236\n|switch|p1a: ANTI HERO|Excadrill, M|100\/100\n|move|p2a: Hitman|Grass Knot|p1a: ANTI HERO\n|-damage|p1a: ANTI HERO|41\/100\n|-damage|p2a: Hitman|17\/100|[from] item: Life Orb\n|\n|-weather|Sandstorm|[upkeep]\n|-damage|p2a: Hitman|11\/100|[from] Sandstorm\n|upkeep\n|turn|18\n|\n|t:|1666914267\n|switch|p1a: CONKED|Conkeldurr, M|39\/100 brn\n|move|p2a: Hitman|Grass Knot|p1a: CONKED\n|-damage|p1a: CONKED|0 fnt\n|faint|p1a: CONKED\n|-damage|p2a: Hitman|1\/100|[from] item: Life Orb\n|\n|-weather|Sandstorm|[upkeep]\n|-damage|p2a: Hitman|0 fnt|[from] Sandstorm\n|faint|p2a: Hitman\n|upkeep\n|c|\u2606brettfavreguilty|who stays in there\n|c|\u2606brettfavreguilty|lucky n bad\n|\n|t:|1666914317\n|switch|p2a: Cheezballz|Garchomp, M|100\/100\n|switch|p1a: FUCKED UP|Slowbro-Mega, M|32\/100\n|-damage|p2a: Cheezballz|94\/100|[from] Stealth Rock\n|turn|19\n|\n|t:|1666914424\n|switch|p2a: Turtle_Hands|Moltres|49\/100 tox\n|move|p1a: FUCKED UP|Slack Off|p1a: FUCKED UP\n|-heal|p1a: FUCKED UP|82\/100\n|\n|-weather|Sandstorm|[upkeep]\n|-damage|p2a: Turtle_Hands|43\/100 tox|[from] Sandstorm\n|-damage|p1a: FUCKED UP|76\/100|[from] Sandstorm\n|-damage|p2a: Turtle_Hands|37\/100 tox|[from] psn\n|upkeep\n|turn|20\n|\n|t:|1666914479\n|switch|p1a: MVP|Volcanion|76\/100\n|move|p2a: Turtle_Hands|Toxic|p1a: MVP\n|-status|p1a: MVP|tox\n|\n|-weather|none\n|-damage|p2a: Turtle_Hands|24\/100 tox|[from] psn\n|-damage|p1a: MVP|69\/100 tox|[from] psn\n|upkeep\n|turn|21\n|\n|t:|1666914499\n|switch|p2a: Tyus|Tangrowth, F|100\/100\n|-damage|p2a: Tyus|88\/100|[from] Stealth Rock\n|move|p1a: MVP|Steam Eruption|p2a: Tyus\n|-resisted|p2a: Tyus\n|-damage|p2a: Tyus|68\/100\n|\n|-damage|p1a: MVP|57\/100 tox|[from] psn\n|upkeep\n|turn|22\n|\n|t:|1666914534\n|move|p1a: MVP|Flamethrower|p2a: Tyus\n|-supereffective|p2a: Tyus\n|-damage|p2a: Tyus|10\/100\n|move|p2a: Tyus|Giga Drain|p1a: MVP\n|-damage|p1a: MVP|23\/100 tox\n|-heal|p2a: Tyus|23\/100|[from] drain|[of] p1a: MVP\n|\n|-damage|p1a: MVP|5\/100 tox|[from] psn\n|upkeep\n|turn|23\n|\n|t:|1666914555\n|switch|p2a: Turtle_Hands|Moltres|24\/100 tox\n|move|p1a: MVP|Steam Eruption|p2a: Turtle_Hands\n|-supereffective|p2a: Turtle_Hands\n|-damage|p2a: Turtle_Hands|0 fnt\n|faint|p2a: Turtle_Hands\n|\n|-damage|p1a: MVP|0 fnt|[from] psn\n|faint|p1a: MVP\n|upkeep\n|\n|t:|1666914649\n|switch|p2a: Stuffy|Melmetal|58\/100\n|switch|p1a: B1LLYB0B|Tyranitar, M|88\/100 tox\n|-weather|Sandstorm|[from] ability: Sand Stream|[of] p1a: B1LLYB0B\n|-damage|p2a: Stuffy|52\/100|[from] Stealth Rock\n|turn|24\n|\n|t:|1666914678\n|move|p1a: B1LLYB0B|Flamethrower|p2a: Stuffy\n|-supereffective|p2a: Stuffy\n|-damage|p2a: Stuffy|13\/100\n|move|p2a: Stuffy|Double Iron Bash|p1a: B1LLYB0B\n|-supereffective|p1a: B1LLYB0B\n|-damage|p1a: B1LLYB0B|19\/100 tox\n|-supereffective|p1a: B1LLYB0B\n|-damage|p1a: B1LLYB0B|0 fnt\n|faint|p1a: B1LLYB0B\n|-hitcount|p1: B1LLYB0B|2\n|\n|-weather|Sandstorm|[upkeep]\n|-heal|p2a: Stuffy|19\/100|[from] item: Leftovers\n|upkeep\n|\n|t:|1666914689\n|switch|p1a: ANTI HERO|Excadrill, M|41\/100\n|turn|25\n|\n|t:|1666914703\n|move|p1a: ANTI HERO|Earthquake|p2a: Stuffy\n|-supereffective|p2a: Stuffy\n|-damage|p2a: Stuffy|0 fnt\n|faint|p2a: Stuffy\n|\n|-weather|Sandstorm|[upkeep]\n|upkeep\n|\n|t:|1666914865\n|switch|p2a: Tyus|Tangrowth, F|56\/100\n|-damage|p2a: Tyus|44\/100|[from] Stealth Rock\n|turn|26\n|\n|t:|1666914869\n|switch|p2a: Cheezballz|Garchomp, M|94\/100\n|-damage|p2a: Cheezballz|88\/100|[from] Stealth Rock\n|move|p1a: ANTI HERO|Earthquake|p2a: Cheezballz\n|-damage|p2a: Cheezballz|5\/100\n|\n|-weather|Sandstorm|[upkeep]\n|upkeep\n|turn|27\n|\n|t:|1666914878\n|move|p1a: ANTI HERO|Earthquake|p2a: Cheezballz\n|-damage|p2a: Cheezballz|0 fnt\n|faint|p2a: Cheezballz\n|\n|-weather|Sandstorm|[upkeep]\n|upkeep\n|\n|t:|1666914880\n|switch|p2a: Tyus|Tangrowth, F|77\/100\n|-damage|p2a: Tyus|65\/100|[from] Stealth Rock\n|turn|28\n|\n|t:|1666915081\n|move|p1a: ANTI HERO|Earthquake|p2a: Tyus\n|-resisted|p2a: Tyus\n|-damage|p2a: Tyus|36\/100\n|move|p2a: Tyus|Focus Blast|p1a: ANTI HERO\n|-supereffective|p1a: ANTI HERO\n|-damage|p1a: ANTI HERO|0 fnt\n|faint|p1a: ANTI HERO\n|\n|-weather|none\n|upkeep\n|c|\u2606brettfavreguilty|of course it hits lol\n|\n|t:|1666915099\n|switch|p1a: FUCKED UP|Slowbro-Mega, M|76\/100\n|turn|29\n|\n|t:|1666915120\n|move|p2a: Tyus|Giga Drain|p1a: FUCKED UP\n|-supereffective|p1a: FUCKED UP\n|-damage|p1a: FUCKED UP|24\/100\n|-heal|p2a: Tyus|61\/100|[from] drain|[of] p1a: FUCKED UP\n|move|p1a: FUCKED UP|Ice Beam|p2a: Tyus\n|-supereffective|p2a: Tyus\n|-damage|p2a: Tyus|29\/100\n|-status|p2a: Tyus|frz\n|\n|upkeep\n|turn|30\n|c|\u2606gpickle|wpw\n|c|\u2606gpickle|wow\n|\n|t:|1666915139\n|-curestatus|p2a: Tyus|frz|[msg]\n|move|p2a: Tyus|Giga Drain|p1a: FUCKED UP\n|-supereffective|p1a: FUCKED UP\n|-damage|p1a: FUCKED UP|0 fnt\n|-heal|p2a: Tyus|41\/100|[from] drain|[of] p1a: FUCKED UP\n|faint|p1a: FUCKED UP\n|\n|win|gpickle\n|c|\u2606gpickle|GOAT\n|c|\u2606brettfavreguilty|jesus christ\n|c|\u2606brettfavreguilty|gg\n|c|\u2606gpickle|gg\n|l|\u2606brettfavreguilty\n","uploadtime":1666915300,"views":32,"p1id":"brettfavreguilty","p2id":"gpickle","formatid":"gen8nationaldexlegacy","rating":0,"private":0,"password":null}