{"id":"sports-gen8nationaldexdlclegacy-41800","p1":"notagranalt","p2":"Walletinspector62","format":"gen8nationaldexdlclegacy","log":"|j|\u2606notagranalt\n|j|\u2606Walletinspector62\n|player|p1|notagranalt|102|\n|player|p2|Walletinspector62|2|\n|teamsize|p1|6\n|teamsize|p2|6\n|gametype|singles\n|gen|8\n|tier|[Gen 8] National Dex DLC Legacy\n|rule|Sleep Clause Mod: Limit one foe put to sleep\n|rule|Species Clause: Limit one of each Pok\u00e9mon\n|rule|OHKO Clause: OHKO moves are banned\n|rule|Evasion Moves Clause: Evasion moves are banned\n|rule|Endless Battle Clause: Forcing endless battles is banned\n|rule|HP Percentage Mod: HP is shown in percentages\n|clearpoke\n|poke|p1|Salazzle, F|\n|poke|p1|Hawlucha, F|\n|poke|p1|Excadrill, M|\n|poke|p1|Gigalith, F|\n|poke|p1|Musharna, F|\n|poke|p1|Grimmsnarl, M|\n|poke|p2|Ferrothorn, F|\n|poke|p2|Tapu Fini|\n|poke|p2|Minior|\n|poke|p2|Charizard, F|\n|poke|p2|Scolipede, M|\n|poke|p2|Ninetales-Alola, M|\n|rule|Dynamax Clause: You cannot dynamax\n|teampreview\n|c|\u2606notagranalt|hf\n|c|\u2606Walletinspector62|Glhf\n|\n|start\n|switch|p1a: Salazzle|Salazzle, F|100\/100\n|switch|p2a: Tapu Fini|Tapu Fini|100\/100\n|-fieldstart|move: Misty Terrain|[from] ability: Misty Surge|[of] p2a: Tapu Fini\n|turn|1\n|\n|switch|p1a: Musharna|Musharna, F|100\/100\n|switch|p2a: Minior|Minior|100\/100\n|-formechange|p2a: Minior|Minior-Meteor||[from] ability: Shields Down\n|\n|upkeep\n|turn|2\n|\n|switch|p2a: Tapu Fini|Tapu Fini|100\/100\n|move|p1a: Musharna|Trick|p2a: Tapu Fini\n|-activate|p1a: Musharna|move: Trick|[of] p2a: Tapu Fini\n|-item|p2a: Tapu Fini|Iron Ball|[from] move: Trick\n|-item|p1a: Musharna|Leftovers|[from] move: Trick\n|\n|upkeep\n|turn|3\n|\n|move|p2a: Tapu Fini|Taunt|p1a: Musharna\n|-start|p1a: Musharna|move: Taunt\n|cant|p1a: Musharna|move: Taunt|Baton Pass\n|\n|upkeep\n|turn|4\n|\n|move|p2a: Tapu Fini|Moonblast|p1a: Musharna\n|-damage|p1a: Musharna|83\/100\n|move|p1a: Musharna|Psychic|p2a: Tapu Fini\n|-damage|p2a: Tapu Fini|76\/100\n|\n|-heal|p1a: Musharna|89\/100|[from] item: Leftovers\n|upkeep\n|turn|5\n|\n|switch|p2a: Ferrothorn|Ferrothorn, F|100\/100\n|move|p1a: Musharna|Psychic|p2a: Ferrothorn\n|-resisted|p2a: Ferrothorn\n|-damage|p2a: Ferrothorn|86\/100\n|\n|-heal|p1a: Musharna|95\/100|[from] item: Leftovers\n|-end|p1a: Musharna|move: Taunt\n|-fieldend|Misty Terrain\n|upkeep\n|turn|6\n|\n|switch|p1a: Salazzle|Salazzle, F|100\/100\n|move|p2a: Ferrothorn|Leech Seed|p1a: Salazzle|[miss]\n|-miss|p2a: Ferrothorn|p1a: Salazzle\n|\n|upkeep\n|turn|7\n|\n|switch|p2a: Minior|Minior|100\/100\n|-formechange|p2a: Minior|Minior-Meteor||[from] ability: Shields Down\n|move|p1a: Salazzle|Substitute|p1a: Salazzle\n|-start|p1a: Salazzle|Substitute\n|-damage|p1a: Salazzle|76\/100\n|\n|upkeep\n|turn|8\n|\n|move|p1a: Salazzle|Dragon Pulse|p2a: Minior\n|-damage|p2a: Minior|67\/100\n|move|p2a: Minior|Power Gem|p1a: Salazzle\n|-supereffective|p1a: Salazzle\n|-end|p1a: Salazzle|Substitute\n|\n|-heal|p2a: Minior|73\/100|[from] item: Leftovers\n|upkeep\n|turn|9\n|\n|switch|p1a: Gigalith|Gigalith, F|100\/100\n|-weather|Sandstorm|[from] ability: Sand Stream|[of] p1a: Gigalith\n|move|p2a: Minior|Stealth Rock|p1a: Gigalith\n|-sidestart|p1: notagranalt|move: Stealth Rock\n|\n|-weather|Sandstorm|[upkeep]\n|-heal|p2a: Minior|79\/100|[from] item: Leftovers\n|upkeep\n|turn|10\n|\n|switch|p2a: Ferrothorn|Ferrothorn, F|86\/100\n|move|p1a: Gigalith|Stealth Rock|p2a: Ferrothorn\n|-sidestart|p2: Walletinspector62|move: Stealth Rock\n|\n|-weather|Sandstorm|[upkeep]\n|upkeep\n|turn|11\n|\n|switch|p1a: Salazzle|Salazzle, F|76\/100\n|move|p2a: Ferrothorn|Leech Seed|p1a: Salazzle\n|-start|p1a: Salazzle|move: Leech Seed\n|\n|-weather|Sandstorm|[upkeep]\n|-damage|p1a: Salazzle|69\/100|[from] Sandstorm\n|-damage|p1a: Salazzle|57\/100|[from] Leech Seed|[of] p2a: Ferrothorn\n|-heal|p2a: Ferrothorn|96\/100|[silent]\n|upkeep\n|turn|12\n|\n|switch|p2a: Tapu Fini|Tapu Fini|76\/100\n|-damage|p2a: Tapu Fini|64\/100|[from] Stealth Rock\n|-fieldstart|move: Misty Terrain|[from] ability: Misty Surge|[of] p2a: Tapu Fini\n|move|p1a: Salazzle|Flamethrower|p2a: Tapu Fini\n|-resisted|p2a: Tapu Fini\n|-damage|p2a: Tapu Fini|46\/100\n|\n|-weather|Sandstorm|[upkeep]\n|-damage|p1a: Salazzle|51\/100|[from] Sandstorm\n|-damage|p2a: Tapu Fini|40\/100|[from] Sandstorm\n|-damage|p1a: Salazzle|39\/100|[from] Leech Seed|[of] p2a: Tapu Fini\n|-heal|p2a: Tapu Fini|50\/100|[silent]\n|upkeep\n|turn|13\n|\n|move|p1a: Salazzle|Sludge Wave|p2a: Tapu Fini\n|-supereffective|p2a: Tapu Fini\n|-crit|p2a: Tapu Fini\n|-damage|p2a: Tapu Fini|0 fnt\n|faint|p2a: Tapu Fini\n|\n|-weather|Sandstorm|[upkeep]\n|-damage|p1a: Salazzle|33\/100|[from] Sandstorm\n|upkeep\n|\n|switch|p2a: Minior|Minior|79\/100\n|-damage|p2a: Minior|55\/100|[from] Stealth Rock\n|-formechange|p2a: Minior|Minior-Meteor||[from] ability: Shields Down\n|turn|14\n|\n|switch|p1a: Excadrill|Excadrill, M|100\/100\n|-damage|p1a: Excadrill|97\/100|[from] Stealth Rock\n|move|p2a: Minior|Shell Smash|p2a: Minior\n|-unboost|p2a: Minior|def|1\n|-unboost|p2a: Minior|spd|1\n|-boost|p2a: Minior|atk|2\n|-boost|p2a: Minior|spa|2\n|-boost|p2a: Minior|spe|2\n|\n|-weather|Sandstorm|[upkeep]\n|-heal|p1a: Excadrill|100\/100|[from] item: Leftovers\n|-heal|p2a: Minior|61\/100|[from] item: Leftovers\n|upkeep\n|turn|15\n|\n|move|p1a: Excadrill|Magnet Rise|p1a: Excadrill\n|-start|p1a: Excadrill|Magnet Rise\n|move|p2a: Minior|Power Gem|p1a: Excadrill\n|-resisted|p1a: Excadrill\n|-damage|p1a: Excadrill|89\/100\n|\n|-weather|Sandstorm|[upkeep]\n|-heal|p1a: Excadrill|95\/100|[from] item: Leftovers\n|-heal|p2a: Minior|67\/100|[from] item: Leftovers\n|upkeep\n|turn|16\n|\n|move|p1a: Excadrill|Iron Head|p2a: Minior\n|-supereffective|p2a: Minior\n|-damage|p2a: Minior|0 fnt\n|faint|p2a: Minior\n|\n|-weather|none\n|-heal|p1a: Excadrill|100\/100|[from] item: Leftovers\n|-fieldend|Misty Terrain\n|upkeep\n|\n|switch|p2a: Ferrothorn|Ferrothorn, F|96\/100\n|-damage|p2a: Ferrothorn|90\/100|[from] Stealth Rock\n|turn|17\n|\n|move|p1a: Excadrill|Swords Dance|p1a: Excadrill\n|-boost|p1a: Excadrill|atk|2\n|move|p2a: Ferrothorn|Leech Seed|p1a: Excadrill\n|-start|p1a: Excadrill|move: Leech Seed\n|\n|-damage|p1a: Excadrill|88\/100|[from] Leech Seed|[of] p2a: Ferrothorn\n|-heal|p2a: Ferrothorn|100\/100|[silent]\n|upkeep\n|turn|18\n|\n|move|p2a: Ferrothorn|Protect|p2a: Ferrothorn\n|-singleturn|p2a: Ferrothorn|Protect\n|move|p1a: Excadrill|Earthquake|p2a: Ferrothorn\n|-activate|p2a: Ferrothorn|move: Protect\n|\n|-heal|p1a: Excadrill|94\/100|[from] item: Leftovers\n|-damage|p1a: Excadrill|82\/100|[from] Leech Seed|[of] p2a: Ferrothorn\n|upkeep\n|turn|19\n|\n|move|p1a: Excadrill|Earthquake|p2a: Ferrothorn\n|-crit|p2a: Ferrothorn\n|-damage|p2a: Ferrothorn|1\/100\n|move|p2a: Ferrothorn|Body Press|p1a: Excadrill\n|-supereffective|p1a: Excadrill\n|-damage|p1a: Excadrill|7\/100\n|\n|-heal|p1a: Excadrill|13\/100|[from] item: Leftovers\n|-damage|p1a: Excadrill|0 fnt|[from] Leech Seed|[of] p2a: Ferrothorn\n|-heal|p2a: Ferrothorn|15\/100|[silent]\n|faint|p1a: Excadrill\n|upkeep\n|\n|switch|p1a: Hawlucha|Hawlucha, F|100\/100\n|-damage|p1a: Hawlucha|88\/100|[from] Stealth Rock\n|turn|20\n|\n|move|p1a: Hawlucha|Close Combat|p2a: Ferrothorn\n|-supereffective|p2a: Ferrothorn\n|-enditem|p2a: Ferrothorn|Chople Berry|[eat]\n|-enditem|p2a: Ferrothorn|Chople Berry|[weaken]\n|-damage|p2a: Ferrothorn|0 fnt\n|-unboost|p1a: Hawlucha|def|1\n|-unboost|p1a: Hawlucha|spd|1\n|-damage|p1a: Hawlucha|76\/100|[from] ability: Iron Barbs|[of] p2a: Ferrothorn\n|-enditem|p1a: Hawlucha|White Herb\n|-clearnegativeboost|p1a: Hawlucha|[silent]\n|faint|p2a: Ferrothorn\n|\n|upkeep\n|\n|switch|p2a: Ninetales|Ninetales-Alola, M|100\/100\n|-damage|p2a: Ninetales|76\/100|[from] Stealth Rock\n|-weather|Hail|[from] ability: Snow Warning|[of] p2a: Ninetales\n|turn|21\n|\n|move|p1a: Hawlucha|Close Combat|p2a: Ninetales\n|-damage|p2a: Ninetales|0 fnt\n|-unboost|p1a: Hawlucha|def|1\n|-unboost|p1a: Hawlucha|spd|1\n|faint|p2a: Ninetales\n|\n|-weather|Hail|[upkeep]\n|-damage|p1a: Hawlucha|70\/100|[from] Hail\n|upkeep\n|\n|switch|p2a: Charizard|Charizard, F|100\/100\n|-damage|p2a: Charizard|51\/100|[from] Stealth Rock\n|turn|22\n|\n|detailschange|p2a: Charizard|Charizard-Mega-X, F\n|-mega|p2a: Charizard|Charizard|Charizardite X\n|move|p1a: Hawlucha|Acrobatics|p2a: Charizard\n|-damage|p2a: Charizard|4\/100\n|move|p2a: Charizard|Flare Blitz|p1a: Hawlucha\n|-damage|p1a: Hawlucha|0 fnt\n|-damage|p2a: Charizard|0 fnt|[from] Recoil\n|faint|p1a: Hawlucha\n|faint|p2a: Charizard\n|\n|-weather|Hail|[upkeep]\n|upkeep\n|\n|switch|p1a: Salazzle|Salazzle, F|33\/100\n|switch|p2a: Scolipede|Scolipede, M|100\/100\n|-damage|p2a: Scolipede|76\/100|[from] Stealth Rock\n|turn|23\n|\n|move|p1a: Salazzle|Flamethrower|p2a: Scolipede\n|-supereffective|p2a: Scolipede\n|-damage|p2a: Scolipede|0 fnt\n|faint|p2a: Scolipede\n|\n|win|notagranalt\n|c|\u2606Walletinspector62|Gg\n|c|\u2606notagranalt|gg\n","uploadtime":1584480044,"views":8,"p1id":"notagranalt","p2id":"walletinspector62","formatid":"gen8nationaldexdlclegacy","rating":0,"private":0,"password":null}