{"id":"sports-gen5customgame-307218","p1":"K!ngSky","p2":"GeniusX","format":"gen5customgame","log":"|j|\u2606K!ngSky\n|j|\u2606GeniusX\n|t:|1609209533\n|player|p1|K!ngSky|red|\n|player|p2|GeniusX|geniusx.gif|\n|teamsize|p1|6\n|teamsize|p2|6\n|gametype|singles\n|gen|5\n|tier|[Gen 5] Custom Game\n|bigerror|Warning: One player isn't adhering to a 510 EV limit, and the other player is.\n|html|<button name=\"send\" class=\"button\" value=\"\/timer ds\"><i class=\"fa fa-hourglass-start\"><\/i> DS Timer<\/button> <button name=\"send\" class=\"button\" value=\"\/timer smogon\"><i class=\"fa fa-hourglass-start\"><\/i> Smogon Timer<\/button>\n|\n|t:|1609209533\n|start\n|switch|p1a: Roselia|Roselia, L30, F|73\/73\n|switch|p2a: Lopunny|Lopunny, L30, F|92\/92\n|turn|1\n|c|\u2606GeniusX|same moves\n|c|\u2606K!ngSky|yea\n|j| BasedTech\n|j| john w\n|j| RCV Deadbolt\n|\n|t:|1609209548\n|move|p2a: Lopunny|Fake Out|p1a: Roselia\n|-damage|p1a: Roselia|39\/73\n|cant|p1a: Roselia|flinch\n|\n|-heal|p1a: Roselia|43\/73|[from] item: Black Sludge\n|upkeep\n|turn|2\n|c| john w|LETS GO\n|\n|t:|1609209551\n|switch|p1a: Gabite|Gabite, L30, M|90\/90\n|move|p2a: Lopunny|Return|p1a: Gabite\n|-damage|p1a: Gabite|57\/90\n|-damage|p2a: Lopunny|81\/92|[from] ability: Rough Skin|[of] p1a: Gabite\n|\n|upkeep\n|turn|3\n|c| john w|CHIP\n|c|\u2606GeniusX|rougu kin\n|c|\u2606GeniusX|gabite\n|c|\u2606K!ngSky|LOL\n|c|\u2606GeniusX|ofc\n|c| john w|THEY THOUGHT I WAS GAY\n|\n|t:|1609209565\n|switch|p2a: Kaze|Shiftry, L30, F|108\/108\n|move|p1a: Gabite|Dragon Claw|p2a: Kaze\n|-damage|p2a: Kaze|65\/108\n|\n|-heal|p2a: Kaze|71\/108|[from] item: Leftovers\n|upkeep\n|turn|4\n|c|\u2606GeniusX|dragon cla...\n|c|\u2606GeniusX|wtff\n|c| john w|CHIPPPP\n|c|\u2606K!ngSky|it gets it with level up kek\n|\n|t:|1609209581\n|move|p2a: Kaze|Foul Play|p1a: Gabite\n|-damage|p1a: Gabite|24\/90\n|-damage|p2a: Kaze|58\/108|[from] ability: Rough Skin|[of] p1a: Gabite\n|move|p1a: Gabite|Dragon Claw|p2a: Kaze\n|-damage|p2a: Kaze|16\/108\n|\n|-heal|p2a: Kaze|22\/108|[from] item: Leftovers\n|upkeep\n|turn|5\n|c| john w|pick\n|c| john w|PICK\n|j| YGW Jake\n|c| YGW Jake|is that not\n|\n|t:|1609209599\n|move|p2a: Kaze|Nature Power|p2a: Kaze\n|move|p2a: Kaze|Earthquake|p1a: Gabite|[from]move: Nature Power\n|-damage|p1a: Gabite|0 fnt\n|faint|p1a: Gabite\n|\n|-heal|p2a: Kaze|28\/108|[from] item: Leftovers\n|upkeep\n|c| YGW Jake|3 shiftrys\n|c| john w|Huh\n|c| john w|just me and xing\n|\n|t:|1609209611\n|switch|p1a: Leavanny|Leavanny, L30, M|86\/86\n|turn|6\n|c| john w|.\n|c|\u2606GeniusX|john and i only\n|\n|t:|1609209616\n|switch|p2a: Crobat|Crobat, L30, M|116\/116\n|move|p1a: Leavanny|Bug Bite|p2a: Crobat\n|-resisted|p2a: Crobat\n|-damage|p2a: Crobat|110\/116\n|\n|-heal|p2a: Crobat|116\/116|[from] item: Black Sludge\n|upkeep\n|turn|7\n|c| YGW Jake|.\n|c| YGW Jake|SKY\n|c| YGW Jake|I FUCK\n|c| YGW Jake|n\n|c| YGW Jake|ivhudazxj\n|c| john w|SIP\n|\n|t:|1609209633\n|switch|p1a: Feraligatr|Feraligatr, L30, M|93\/93\n|move|p2a: Crobat|Wing Attack|p1a: Feraligatr\n|-damage|p1a: Feraligatr|68\/93\n|\n|-heal|p1a: Feraligatr|73\/93|[from] item: Leftovers\n|upkeep\n|turn|8\n|c| john w|LOL\n|c|\u2606GeniusX|what\n|c| john w|what\n|c| john w|LMAO\n|c| YGW Jake|sky i told u to change to xscissor\n|c| YGW Jake|holy moly\n|c|\u2606GeniusX|wait what\n|c| BasedTech|gatr kinda based\n|c|\u2606GeniusX|this evolves at 30\n|c| YGW Jake|Yeah\n|c|\u2606K!ngSky|yes\n|c| BasedTech|yessir\n|c| RCV Deadbolt|feraligastr evolves at 30 yeah\n|inactive|Battle timer is ON: inactive players will automatically lose when time's up. (requested by K!ngSky)\n|c| john w|LOL\n|\n|t:|1609209667\n|move|p2a: Crobat|Confuse Ray|p1a: Feraligatr\n|-start|p1a: Feraligatr|confusion\n|-activate|p1a: Feraligatr|confusion\n|move|p1a: Feraligatr|Ice Fang|p2a: Crobat\n|-supereffective|p2a: Crobat\n|-damage|p2a: Crobat|84\/116\n|\n|-heal|p2a: Crobat|91\/116|[from] item: Black Sludge\n|-heal|p1a: Feraligatr|78\/93|[from] item: Leftovers\n|upkeep\n|turn|9\n|c|\u2606K!ngSky|rather epic mon\n|c| john w|LOL\n|c| BasedTech|ok\n|c|\u2606K!ngSky|chief\n|c|\u2606K!ngSky|why did i do 27\n|c| john w|XING MOMENT\n|c| RCV Deadbolt|is this shit modest\n|c|\u2606K!ngSky|LOL\n|c| BasedTech|somethings not right\n|c| RCV Deadbolt|LOL\n|\n|t:|1609209685\n|switch|p2a: Crawdaunt|Crawdaunt, L30, M|91\/91\n|-end|p1a: Feraligatr|confusion\n|move|p1a: Feraligatr|Ice Fang|p2a: Crawdaunt\n|-resisted|p2a: Crawdaunt\n|-damage|p2a: Crawdaunt|80\/91\n|\n|-heal|p1a: Feraligatr|83\/93|[from] item: Leftovers\n|upkeep\n|turn|10\n|c| john w|LOL\n|\n|t:|1609209693\n|move|p1a: Feraligatr|Return|p2a: Crawdaunt\n|-damage|p2a: Crawdaunt|46\/91\n|move|p2a: Crawdaunt|Knock Off|p1a: Feraligatr\n|-damage|p1a: Feraligatr|71\/93\n|-enditem|p1a: Feraligatr|Leftovers|[from] move: Knock Off|[of] p2a: Crawdaunt\n|\n|upkeep\n|turn|11\n|c| BasedTech|Warning: One player isn't adhering to a 510 EV limit, and the other player is.\n|c| john w|,\n|c| YGW Jake|LMFAo\n|c| BasedTech|its the crobat btw\n|\n|t:|1609209703\n|move|p1a: Feraligatr|Return|p2a: Crawdaunt\n|-damage|p2a: Crawdaunt|9\/91\n|move|p2a: Crawdaunt|Return|p1a: Feraligatr\n|-damage|p1a: Feraligatr|40\/93\n|\n|upkeep\n|turn|12\n|c| john w|it says that every game breuh\n|\n|t:|1609209709\n|move|p1a: Feraligatr|Ice Fang|p2a: Crawdaunt\n|-resisted|p2a: Crawdaunt\n|-damage|p2a: Crawdaunt|0 fnt\n|faint|p2a: Crawdaunt\n|\n|upkeep\n|\n|t:|1609209712\n|switch|p2a: Lopunny|Lopunny, L30, F|81\/92\n|turn|13\n|\n|t:|1609209720\n|switch|p1a: Haunter|Haunter, L30, M|76\/76\n|move|p2a: Lopunny|Fake Out|p1a: Haunter\n|-immune|p1a: Haunter\n|\n|upkeep\n|turn|14\n|j| CRAM iPro\n|c|\u2606K!ngSky|come on cuh...\n|c| YGW Jake|LOL\n|c| john w|lmao\n|j| 1999 idm room\n|\n|t:|1609209741\n|switch|p2a: Hitsuji|Ampharos, L30, M|107\/107\n|move|p1a: Haunter|Venoshock|p2a: Hitsuji\n|-damage|p2a: Hitsuji|68\/107\n|-damage|p1a: Haunter|69\/76|[from] item: Life Orb\n|\n|upkeep\n|turn|15\n|c| 1999 idm room|GO SKY\n|\n|t:|1609209756\n|switch|p1a: Roselia|Roselia, L30, F|43\/73\n|switch|p2a: Crobat|Crobat, L30, M|91\/116\n|\n|-heal|p2a: Crobat|98\/116|[from] item: Black Sludge\n|-heal|p1a: Roselia|47\/73|[from] item: Black Sludge\n|upkeep\n|turn|16\n|c| john w|COOK EM\n|c| john w|LOL\n|c| 1999 idm room|.\n|c| john w|LOOOOOL\n|\n|t:|1609209764\n|move|p2a: Crobat|Wing Attack|p1a: Roselia\n|-supereffective|p1a: Roselia\n|-damage|p1a: Roselia|0 fnt\n|faint|p1a: Roselia\n|\n|-heal|p2a: Crobat|105\/116|[from] item: Black Sludge\n|upkeep\n|c| john w|LOL\n|c| 1999 idm room|xing moment\n|\n|t:|1609209772\n|switch|p1a: Feraligatr|Feraligatr, L30, M|40\/93\n|turn|17\n|c| YGW Jake|Perdemos\n|c| john w|CONFUSE RAY\n|\n|t:|1609209778\n|move|p2a: Crobat|Wing Attack|p1a: Feraligatr\n|-crit|p1a: Feraligatr\n|-damage|p1a: Feraligatr|0 fnt\n|faint|p1a: Feraligatr\n|\n|-heal|p2a: Crobat|112\/116|[from] item: Black Sludge\n|upkeep\n|c| john w|LETS GO\n|c| 1999 idm room|WTF\n|c| YGW Jake|yea\n|c| john w|LOL\n|c| 1999 idm room|WTF\n|c|\u2606K!ngSky|.\n|c| 1999 idm room|WTF\n|c| 1999 idm room|WT\n|c| 1999 idm room|WTF\n|\n|t:|1609209785\n|switch|p1a: Haunter|Haunter, L30, M|69\/76\n|turn|18\n|c| 1999 idm room|WTF\n|\n|t:|1609209787\n|move|p2a: Crobat|Wing Attack|p1a: Haunter\n|-damage|p1a: Haunter|20\/76\n|move|p1a: Haunter|Shadow Ball|p2a: Crobat\n|-damage|p2a: Crobat|68\/116\n|-damage|p1a: Haunter|13\/76|[from] item: Life Orb\n|\n|-heal|p2a: Crobat|75\/116|[from] item: Black Sludge\n|upkeep\n|turn|19\n|c| john w|THEY THOUGHT I WAS GAY \n|c| john w|LOL\n|c| YGW Jake|37\n|c|\u2606K!ngSky|chief\n|c| YGW Jake|What\n|c| john w|LOOOOOOOL\n|\n|t:|1609209795\n|move|p1a: Haunter|Sucker Punch|p2a: Crobat\n|-damage|p2a: Crobat|59\/116\n|-damage|p1a: Haunter|6\/76|[from] item: Life Orb\n|move|p2a: Crobat|Wing Attack|p1a: Haunter\n|-damage|p1a: Haunter|0 fnt\n|faint|p1a: Haunter\n|\n|-heal|p2a: Crobat|66\/116|[from] item: Black Sludge\n|upkeep\n|\n|t:|1609209799\n|switch|p1a: Swellow|Swellow, L30, M|88\/88\n|turn|20\n|c| BasedTech|this crobat is buffed out the ass\n|c|\u2606GeniusX|i have no evs\n|c|\u2606K!ngSky|why is this thing hof bulky\n|c| john w|he doesnt\n|c| john w|he sent the paste\n|c| john w|lmao\n|inactive|GeniusX has 270 seconds left.\n|\n|t:|1609209848\n|switch|p2a: Hitsuji|Ampharos, L30, M|68\/107\n|move|p1a: Swellow|Work Up|p1a: Swellow\n|-boost|p1a: Swellow|atk|1\n|-boost|p1a: Swellow|spa|1\n|\n|upkeep\n|turn|21\n|c| YGW Jake|PLS KILL\n|c| 1999 idm room|go for game\n|\n|t:|1609209855\n|move|p1a: Swellow|Return|p2a: Hitsuji\n|-damage|p2a: Hitsuji|0 fnt\n|faint|p2a: Hitsuji\n|\n|upkeep\n|c| 1999 idm room|KING SKY\n|c| YGW Jake|UR NOT STATIC\n|c| 1999 idm room|YESSSSS\n|\n|t:|1609209859\n|switch|p2a: Lopunny|Lopunny, L30, F|81\/92\n|turn|22\n|c| BasedTech|goatism\n|\n|t:|1609209861\n|move|p2a: Lopunny|Fake Out|p1a: Swellow\n|-damage|p1a: Swellow|63\/88\n|cant|p1a: Swellow|flinch\n|\n|upkeep\n|turn|23\n|c| YGW Jake|we stilll lose\n|c|\u2606K!ngSky|do we\n|inactive|GeniusX has 270 seconds left.\n|c| YGW Jake|idk\n|c| YGW Jake|u focus\n|c| YGW Jake|retard\n|\n|t:|1609209879\n|switch|p2a: Kaze|Shiftry, L30, F|28\/108\n|move|p1a: Swellow|Return|p2a: Kaze\n|-damage|p2a: Kaze|0 fnt\n|faint|p2a: Kaze\n|\n|upkeep\n|inactive|GeniusX has 270 seconds left.\n|c| john w|xing\n|c| john w|why did u throw\n|c| john w|breh\n|c| YGW Jake|he didnt\n|c| YGW Jake|he wins\n|c|\u2606GeniusX|i lose to this\n|c| YGW Jake|no u dont\n|c| YGW Jake|hof retard\n|\n|t:|1609209906\n|switch|p2a: Lopunny|Lopunny, L30, F|81\/92\n|turn|24\n|\n|t:|1609209909\n|move|p2a: Lopunny|Fake Out|p1a: Swellow\n|-damage|p1a: Swellow|38\/88\n|cant|p1a: Swellow|flinch\n|\n|upkeep\n|turn|25\n|c| 1999 idm room|i'm hof drink\n|c| 1999 idm room|win this sky\n|\n|t:|1609209915\n|switch|p2a: Dugtrio|Dugtrio, L30, F|88\/88\n|move|p1a: Swellow|Return|p2a: Dugtrio\n|-damage|p2a: Dugtrio|12\/88\n|\n|upkeep\n|turn|26\n|c| 1999 idm room|I can';'t play tonighth\n|c| YGW Jake|..\n|c| john w|LOL\n|c| 1999 idm room|DUGTRIO\n|\n|t:|1609209920\n|move|p1a: Swellow|Extreme Speed|p2a: Dugtrio\n|-damage|p2a: Dugtrio|0 fnt\n|faint|p2a: Dugtrio\n|\n|upkeep\n|c| 1999 idm room|.....\n|c| 1999 idm room|wtf\n|\n|t:|1609209922\n|switch|p2a: Lopunny|Lopunny, L30, F|81\/92\n|turn|27\n|c| john w|LOL\n|c| YGW Jake|oh right\n|\n|t:|1609209936\n|move|p2a: Lopunny|Fake Out|p1a: Swellow\n|-damage|p1a: Swellow|11\/88\n|cant|p1a: Swellow|flinch\n|\n|upkeep\n|turn|28\n|\n|t:|1609209939\n|move|p1a: Swellow|Extreme Speed|p2a: Lopunny\n|-damage|p2a: Lopunny|23\/92\n|move|p2a: Lopunny|Quick Attack|p1a: Swellow\n|-damage|p1a: Swellow|0 fnt\n|faint|p1a: Swellow\n|\n|upkeep\n|c| YGW Jake|SKY\n|c| john w|LOL\n|c|\u2606K!ngSky|wait\n|c| YGW Jake|YOU ARE \n|c| YGW Jake|AN IDIOT\n|c|\u2606K!ngSky|.\n|c| YGW Jake|HOLY FUCK\n|c|\u2606K!ngSky|.\n|c|\u2606K!ngSky|.\n|c|\u2606K!ngSky|.\n|c| 1999 idm room|.................\n|c|\u2606K!ngSky|.\n|c| CRAM iPro|WHY]\n|c|\u2606K!ngSky|.\n|c| 1999 idm room|..........\n|c| CRAM iPro|WHY\n|c| 1999 idm room|.............\n|c|\u2606K!ngSky|why did it live\n|c| 1999 idm room|............\n|c| john w|LOL\n|c| 1999 idm room|.............\n|c| 1999 idm room|.............\n|c|\u2606K!ngSky|chierf\n|c| 1999 idm room|...........\n|c| YGW Jake|SKY YOURE FKN FASTER\n|c|\u2606GeniusX|i went for\n|c| YGW Jake|holy moly\n|c|\u2606GeniusX|quick\n|c|\u2606GeniusX|attack\n|c|\u2606GeniusX|anyways\n|c| 1999 idm room|fucking RETARD\n|c| YGW Jake|Cap\n|c| YGW Jake|CAP\n|c|\u2606GeniusX|so he had to espeed\n|inactive|K!ngSky has 270 seconds left.\n|c|\u2606K!ngSky|he clicked it\n|c|\u2606K!ngSky|literally\n|c| BasedTech|he click qa\n|\n|t:|1609209972\n|switch|p1a: Leavanny|Leavanny, L30, M|86\/86\n|turn|29\n|c| BasedTech|what the fuck\n|\n|t:|1609209976\n|move|p2a: Lopunny|Return|p1a: Leavanny\n|-damage|p1a: Leavanny|43\/86\n|move|p1a: Leavanny|Return|p2a: Lopunny\n|-damage|p2a: Lopunny|0 fnt\n|faint|p2a: Lopunny\n|\n|upkeep\n|\n|t:|1609209979\n|switch|p2a: Crobat|Crobat, L30, M|66\/116\n|turn|30\n|\n|t:|1609209981\n|move|p2a: Crobat|Wing Attack|p1a: Leavanny\n|-supereffective|p1a: Leavanny\n|-damage|p1a: Leavanny|0 fnt\n|faint|p1a: Leavanny\n|\n|win|GeniusX\n|c| YGW Jake|Sigh\n|c|\u2606GeniusX|gg\n","uploadtime":1609209985,"views":67,"p1id":"kngsky","p2id":"geniusx","formatid":"gen5customgame","rating":0,"private":0,"password":null}