{"id":"sports-gen8nationaldexdraft-711174","p1":"Unviabriel","p2":"Princess Autumnchi","format":"gen8nationaldexdraft","log":"|j|\u2606Unviabriel\n|j|\u2606Princess Autumnchi\n|t:|1660942242\n|gametype|singles\n|player|p1|Unviabriel|unviabriel.png|\n|player|p2|Princess Autumnchi|princessautumnchi.png|\n|teamsize|p1|6\n|teamsize|p2|6\n|gen|8\n|tier|[Gen 8] National Dex Draft\n|rule|Sleep Clause Mod: Limit one foe put to sleep\n|rule|OHKO Clause: OHKO moves are banned\n|rule|Evasion Moves Clause: Evasion moves are banned\n|rule|Endless Battle Clause: Forcing endless battles is banned\n|rule|HP Percentage Mod: HP is shown in percentages\n|rule|Dynamax Clause: You cannot dynamax\n|clearpoke\n|poke|p1|Xerneas-*|\n|poke|p1|Arceus-*|\n|poke|p1|Lucario, M|\n|poke|p1|Kyurem-Black|\n|poke|p1|Hippowdon, M|\n|poke|p1|Zarude-Dada|\n|poke|p2|Calyrex-Ice|\n|poke|p2|Zekrom|\n|poke|p2|Tapu Fini|\n|poke|p2|Corviknight, F|\n|poke|p2|Arceus-*|\n|poke|p2|Blaziken, F|\n|teampreview\n|html|<button name=\"send\" class=\"button\" value=\"\/timer ds\"><i class=\"fa fa-hourglass-start\"><\/i> DS Timer<\/button> <button name=\"send\" class=\"button\" value=\"\/timer smogon\"><i class=\"fa fa-hourglass-start\"><\/i> Smogon Timer<\/button>\n|j| Wildform\n|l| Wildform\n|c|\u2606Princess Autumnchi|hf\n|j| UBA Moment\n|n| killerASCII|ubamoment\n|c| killerASCII|Abriel sucks so no button clicking from me\n|c| killerASCII|hf\n|c|\u2606Princess Autumnchi|F\n|c|\u2606Princess Autumnchi|is he still there at least\n|c|\u2606Unviabriel|yes\n|c|\u2606Princess Autumnchi|oki\n|c|\u2606Unviabriel|ascii just didn't know we were in the game\n|\n|t:|1660942475\n|start\n|switch|p1a: Zarude-Drip|Zarude-Dada|100\/100\n|switch|p2a: Beidou|Zekrom|100\/100\n|-ability|p2a: Beidou|Teravolt\n|turn|1\n|j| vmnunes\n|\n|t:|1660942504\n|move|p1a: Zarude-Drip|U-turn|p2a: Beidou\n|-damage|p2a: Beidou|73\/100\n|\n|t:|1660942537\n|switch|p1a: Hippowdon|Hippowdon, M|100\/100|[from]move: U-turn\n|-weather|Sandstorm|[from] ability: Sand Stream|[of] p1a: Hippowdon\n|move|p2a: Beidou|Draco Meteor|p1a: Hippowdon\n|-damage|p1a: Hippowdon|16\/100\n|-unboost|p2a: Beidou|spa|2\n|\n|-weather|Sandstorm|[upkeep]\n|-damage|p2a: Beidou|67\/100|[from] Sandstorm\n|-heal|p1a: Hippowdon|22\/100|[from] item: Leftovers\n|upkeep\n|turn|2\n|\n|t:|1660942724\n|switch|p1a: Xerneas|Xerneas|100\/100\n|-ability|p1a: Xerneas|Fairy Aura\n|move|p2a: Beidou|Draco Meteor|p1a: Xerneas\n|-immune|p1a: Xerneas\n|\n|-weather|Sandstorm|[upkeep]\n|-damage|p1a: Xerneas|94\/100|[from] Sandstorm\n|-damage|p2a: Beidou|61\/100|[from] Sandstorm\n|upkeep\n|turn|3\n|j| The Carkol Rider\n|\n|t:|1660942787\n|switch|p2a: Tsumugi Shirogane|Corviknight, F|100\/100\n|-ability|p2a: Tsumugi Shirogane|Pressure\n|move|p1a: Xerneas|Moonblast|p2a: Tsumugi Shirogane\n|-resisted|p2a: Tsumugi Shirogane\n|-damage|p2a: Tsumugi Shirogane|76\/100\n|\n|-weather|Sandstorm|[upkeep]\n|-damage|p1a: Xerneas|88\/100|[from] Sandstorm\n|-heal|p2a: Tsumugi Shirogane|82\/100|[from] item: Leftovers\n|upkeep\n|turn|4\n|\n|t:|1660942888\n|switch|p1a: Arceus|Arceus-Water|100\/100\n|move|p2a: Tsumugi Shirogane|Iron Head|p1a: Arceus\n|-resisted|p1a: Arceus\n|-damage|p1a: Arceus|94\/100\n|\n|-weather|Sandstorm|[upkeep]\n|-damage|p1a: Arceus|88\/100|[from] Sandstorm\n|-heal|p2a: Tsumugi Shirogane|88\/100|[from] item: Leftovers\n|upkeep\n|turn|5\n|\n|t:|1660942937\n|move|p1a: Arceus|Judgment|p2a: Tsumugi Shirogane\n|-damage|p2a: Tsumugi Shirogane|56\/100\n|move|p2a: Tsumugi Shirogane|U-turn|p1a: Arceus\n|-damage|p1a: Arceus|79\/100\n|\n|t:|1660942981\n|switch|p2a: Mona|Tapu Fini|100\/100|[from]move: U-turn\n|-fieldstart|move: Misty Terrain|[from] ability: Misty Surge|[of] p2a: Mona\n|\n|-weather|none\n|upkeep\n|turn|6\n|\n|t:|1660943070\n|switch|p1a: Hippowdon|Hippowdon, M|22\/100\n|-weather|Sandstorm|[from] ability: Sand Stream|[of] p1a: Hippowdon\n|move|p2a: Mona|Iron Defense|p2a: Mona\n|-boost|p2a: Mona|def|2\n|\n|-weather|Sandstorm|[upkeep]\n|-damage|p2a: Mona|94\/100|[from] Sandstorm\n|-heal|p1a: Hippowdon|29\/100|[from] item: Leftovers\n|upkeep\n|turn|7\n|\n|t:|1660943129\n|move|p2a: Mona|Taunt|p1a: Hippowdon\n|-start|p1a: Hippowdon|move: Taunt\n|cant|p1a: Hippowdon|move: Taunt|Stealth Rock\n|\n|-weather|Sandstorm|[upkeep]\n|-damage|p2a: Mona|88\/100|[from] Sandstorm\n|-heal|p1a: Hippowdon|35\/100|[from] item: Leftovers\n|upkeep\n|turn|8\n|\n|t:|1660943205\n|switch|p1a: Zarude-Drip|Zarude-Dada|100\/100\n|move|p2a: Mona|Calm Mind|p2a: Mona\n|-boost|p2a: Mona|spa|1\n|-boost|p2a: Mona|spd|1\n|\n|-weather|Sandstorm|[upkeep]\n|-damage|p1a: Zarude-Drip|94\/100|[from] Sandstorm\n|-damage|p2a: Mona|82\/100|[from] Sandstorm\n|upkeep\n|turn|9\n|\n|t:|1660943223\n|move|p1a: Zarude-Drip|Encore|p2a: Mona\n|-start|p2a: Mona|Encore\n|move|p2a: Mona|Calm Mind|p2a: Mona\n|-boost|p2a: Mona|spa|1\n|-boost|p2a: Mona|spd|1\n|\n|-weather|Sandstorm|[upkeep]\n|-damage|p1a: Zarude-Drip|88\/100|[from] Sandstorm\n|-damage|p2a: Mona|76\/100|[from] Sandstorm\n|upkeep\n|turn|10\n|j| i am hikertoad\n|j| ArctozoltCult\n|c| i am hikertoad|gm\n|\n|t:|1660943402\n|switch|p1a: Lucario|Lucario, M|100\/100\n|move|p2a: Mona|Calm Mind|p2a: Mona\n|-boost|p2a: Mona|spa|1\n|-boost|p2a: Mona|spd|1\n|\n|-weather|none\n|upkeep\n|turn|11\n|\n|t:|1660943427\n|detailschange|p1a: Lucario|Lucario-Mega, M\n|-mega|p1a: Lucario|Lucario|Lucarionite\n|move|p1a: Lucario|Swords Dance|p1a: Lucario\n|-boost|p1a: Lucario|atk|2\n|move|p2a: Mona|Calm Mind|p2a: Mona\n|-boost|p2a: Mona|spa|1\n|-boost|p2a: Mona|spd|1\n|\n|-end|p2a: Mona|Encore\n|upkeep\n|turn|12\n|\n|t:|1660943465\n|move|p1a: Lucario|Meteor Mash|p2a: Mona\n|-damage|p2a: Mona|35\/100\n|move|p2a: Mona|Draining Kiss|p1a: Lucario\n|-crit|p1a: Lucario\n|-damage|p1a: Lucario|0 fnt\n|-heal|p2a: Mona|100\/100|[from] drain|[of] p1a: Lucario\n|faint|p1a: Lucario\n|\n|-fieldend|Misty Terrain\n|upkeep\n|c|\u2606Unviabriel|wrong mon got crit\n|c| killerASCII|lol\n|c|\u2606Unviabriel|fuck this\n|c|\u2606Princess Autumnchi|moment\n|c| ArctozoltCult|Llol\n|\n|t:|1660943565\n|switch|p1a: Zarude-Drip|Zarude-Dada|88\/100\n|turn|13\n|\n|t:|1660943568\n|move|p1a: Zarude-Drip|Power Whip|p2a: Mona|[miss]\n|-miss|p1a: Zarude-Drip|p2a: Mona\n|move|p2a: Mona|Draining Kiss|p1a: Zarude-Drip\n|-supereffective|p1a: Zarude-Drip\n|-damage|p1a: Zarude-Drip|0 fnt\n|faint|p1a: Zarude-Drip\n|\n|upkeep\n|c| killerASCII|lmao\n|-message|Unviabriel forfeited.\n|\n|win|Princess Autumnchi\n|l|\u2606Unviabriel\n|c| killerASCII|gn\n|l| killerASCII\n|c| ArctozoltCult|LOL\n|l| ArctozoltCult\n|l| vmnunes\n","uploadtime":1660943578,"views":42,"p1id":"unviabriel","p2id":"princessautumnchi","formatid":"gen8nationaldexdraft","rating":0,"private":0,"password":null}