{"id":"sports-gen8nationaldexdlclegacy-298474","p1":"TehranTyphlosions","p2":"tylerb16","format":"gen8nationaldexdlclegacy","log":"|j|\u2606TehranTyphlosions\n|j|\u2606tylerb16\n|t:|1608013568\n|player|p1|TehranTyphlosions|clair|\n|player|p2|tylerb16|tylerb16.png|\n|teamsize|p1|6\n|teamsize|p2|6\n|gametype|singles\n|gen|8\n|tier|[Gen 8] National Dex DLC Legacy\n|rule|Sleep Clause Mod: Limit one foe put to sleep\n|rule|OHKO Clause: OHKO moves are banned\n|rule|Evasion Moves Clause: Evasion moves are banned\n|rule|Endless Battle Clause: Forcing endless battles is banned\n|rule|HP Percentage Mod: HP is shown in percentages\n|clearpoke\n|poke|p1|Urshifu-*, F|\n|poke|p1|Tornadus-Therian, M|\n|poke|p1|Rhyperior, M|\n|poke|p1|Altaria, F|\n|poke|p1|Milotic, M|\n|poke|p1|Gengar, M|\n|poke|p2|Tangrowth, F|\n|poke|p2|Sharpedo, F|\n|poke|p2|Regieleki|\n|poke|p2|Dragapult, F|\n|poke|p2|Gardevoir, F|\n|poke|p2|Tentacruel, M|\n|rule|Dynamax Clause: You cannot dynamax\n|teampreview\n|html|<button name=\"send\" class=\"button\" value=\"\/timer ds\"><i class=\"fa fa-hourglass-start\"><\/i> DS Timer<\/button> <button name=\"send\" class=\"button\" value=\"\/timer smogon\"><i class=\"fa fa-hourglass-start\"><\/i> Smogon Timer<\/button>\n|c|\u2606TehranTyphlosions|gl gl\n|j|@Hikertoad\n|c|\u2606tylerb16|u2\n|c|\u2606tylerb16|omg its hikergoat\n|j| okaP\n|j| EGADrifblims\n|c| okaP|Nerds playing at 1:30 in the morning smh \n|\n|t:|1608013626\n|start\n|switch|p1a: Rhyperior|Rhyperior, M|100\/100\n|switch|p2a: Curmudgeon|Tentacruel, M|100\/100\n|turn|1\n|c| EGADrifblims|POGKO POGKO\n|c|\u2606tylerb16|fluffy can u keep track of kills?\n|c| okaP|FLUFFY\n|\n|t:|1608013637\n|switch|p1a: Milotic|Milotic, M, shiny|100\/100\n|move|p2a: Curmudgeon|Knock Off|p1a: Milotic\n|-damage|p1a: Milotic|82\/100\n|-enditem|p1a: Milotic|Flame Orb|[from] move: Knock Off|[of] p2a: Curmudgeon\n|\n|upkeep\n|turn|2\n|c| EGADrifblims|No\n|\n|t:|1608013641\n|move|p2a: Curmudgeon|Toxic Spikes|p1a: Milotic\n|-sidestart|p1: TehranTyphlosions|move: Toxic Spikes\n|move|p1a: Milotic|Flip Turn|p2a: Curmudgeon\n|-resisted|p2a: Curmudgeon\n|-damage|p2a: Curmudgeon|91\/100\n|j| Bananacrazy111\n|\n|t:|1608013644\n|switch|p1a: Gengar|Gengar, M|100\/100|[from]move: Flip Turn\n|-sideend|p1: TehranTyphlosions|move: Toxic Spikes|[of] p1a: Gengar\n|\n|-heal|p2a: Curmudgeon|97\/100|[from] item: Black Sludge\n|upkeep\n|turn|3\n|c| EGADrifblims|im studying for finals \n|c|\u2606tylerb16|F\n|c| Bananacrazy111|fluffy can you not keep track of kills?\n|c| okaP|Bot will analyze when back up\n|c| EGADrifblims|hey plant track kills thanks \n|c|\u2606tylerb16|ah true\n|c|\u2606tylerb16|what pako said\n|c| Bananacrazy111|oh ok\n|j| 7ybot\n|\n|t:|1608013692\n|switch|p1a: Altaria|Altaria, F, shiny|100\/100\n|move|p2a: Curmudgeon|Knock Off|p1a: Altaria\n|-damage|p1a: Altaria|86\/100\n|\n|-heal|p2a: Curmudgeon|100\/100|[from] item: Black Sludge\n|upkeep\n|turn|4\n|c| okaP|Hey plant\n|c| Bananacrazy111|key pako\n|\n|t:|1608013708\n|move|p1a: Altaria|Earthquake|p2a: Curmudgeon\n|-supereffective|p2a: Curmudgeon\n|-damage|p2a: Curmudgeon|29\/100\n|move|p2a: Curmudgeon|Scald|p1a: Altaria\n|-resisted|p1a: Altaria\n|-damage|p1a: Altaria|70\/100\n|-status|p1a: Altaria|brn\n|\n|-heal|p2a: Curmudgeon|35\/100|[from] item: Black Sludge\n|-damage|p1a: Altaria|64\/100 brn|[from] brn\n|upkeep\n|turn|5\n|c| okaP|Do you like paleofrogs?\n|c| Bananacrazy111|lol\n|\n|t:|1608013719\n|switch|p2a: In Bloom|Tangrowth, F|100\/100\n|detailschange|p1a: Altaria|Altaria-Mega, F, shiny\n|-mega|p1a: Altaria|Altaria|Altarianite\n|move|p1a: Altaria|Fire Blast|p2a: In Bloom\n|-supereffective|p2a: In Bloom\n|-damage|p2a: In Bloom|4\/100\n|\n|-damage|p1a: Altaria|58\/100 brn|[from] brn\n|upkeep\n|turn|6\n|\n|t:|1608013728\n|move|p1a: Altaria|Return|p2a: In Bloom\n|-damage|p2a: In Bloom|0 fnt\n|-damage|p1a: Altaria|41\/100 brn|[from] item: Rocky Helmet|[of] p2a: In Bloom\n|faint|p2a: In Bloom\n|\n|-damage|p1a: Altaria|35\/100 brn|[from] brn\n|upkeep\n|c| okaP|That\u2019s hot\n|\n|t:|1608013733\n|switch|p2a: Teen Spirit|Dragapult, F|100\/100\n|turn|7\n|\n|t:|1608013739\n|move|p2a: Teen Spirit|Hex|p1a: Altaria\n|-damage|p1a: Altaria|0 fnt\n|faint|p1a: Altaria\n|\n|upkeep\n|c| Bananacrazy111|wait fluffy if you're studying for finals why are you watching tyler vs sean lol\n|\n|t:|1608013747\n|switch|p1a: Urshifu|Urshifu, F, shiny|100\/100\n|turn|8\n|\n|t:|1608013751\n|move|p1a: Urshifu|Wicked Blow|p2a: Teen Spirit\n|-supereffective|p2a: Teen Spirit\n|-crit|p2a: Teen Spirit\n|-damage|p2a: Teen Spirit|0 fnt\n|faint|p2a: Teen Spirit\n|\n|upkeep\n|c| Bananacrazy111|:0\n|\n|t:|1608013757\n|switch|p2a: Polly|Gardevoir, F|100\/100\n|turn|9\n|\n|t:|1608013761\n|switch|p1a: Milotic|Milotic, M, shiny|82\/100\n|move|p2a: Polly|Moonblast|p1a: Milotic\n|-crit|p1a: Milotic\n|-damage|p1a: Milotic|39\/100\n|\n|upkeep\n|turn|10\n|\n|t:|1608013765\n|move|p2a: Polly|Substitute|p2a: Polly\n|-start|p2a: Polly|Substitute\n|-damage|p2a: Polly|76\/100\n|move|p1a: Milotic|Recover|p1a: Milotic\n|-heal|p1a: Milotic|89\/100\n|\n|-heal|p2a: Polly|82\/100|[from] item: Leftovers\n|upkeep\n|turn|11\n|\n|t:|1608013770\n|move|p2a: Polly|Calm Mind|p2a: Polly\n|-boost|p2a: Polly|spa|1\n|-boost|p2a: Polly|spd|1\n|move|p1a: Milotic|Scald|p2a: Polly\n|-activate|p2a: Polly|move: Substitute|[damage]\n|\n|-heal|p2a: Polly|88\/100|[from] item: Leftovers\n|upkeep\n|turn|12\n|\n|t:|1608013772\n|move|p2a: Polly|Calm Mind|p2a: Polly\n|-boost|p2a: Polly|spa|1\n|-boost|p2a: Polly|spd|1\n|move|p1a: Milotic|Flip Turn|p2a: Polly\n|-end|p2a: Polly|Substitute\n|\n|t:|1608013788\n|switch|p1a: Urshifu|Urshifu, F, shiny|100\/100|[from]move: Flip Turn\n|\n|-heal|p2a: Polly|94\/100|[from] item: Leftovers\n|upkeep\n|turn|13\n|\n|t:|1608013791\n|move|p1a: Urshifu|Wicked Blow|p2a: Polly\n|-crit|p2a: Polly\n|-damage|p2a: Polly|0 fnt\n|faint|p2a: Polly\n|\n|upkeep\n|\n|t:|1608013797\n|switch|p2a: Marigold|Regieleki|100\/100\n|turn|14\n|\n|t:|1608013802\n|switch|p2a: Curmudgeon|Tentacruel, M|35\/100\n|switch|p1a: Rhyperior|Rhyperior, M|100\/100\n|\n|-heal|p2a: Curmudgeon|41\/100|[from] item: Black Sludge\n|upkeep\n|turn|15\n|c| Bananacrazy111|rn maltaria, dragapult, and urshifu all have kills with urshifu haveing 2\n|c| okaP|Pain\n|\n|t:|1608013811\n|switch|p1a: Milotic|Milotic, M, shiny|89\/100\n|move|p2a: Curmudgeon|Knock Off|p1a: Milotic\n|-damage|p1a: Milotic|77\/100\n|\n|-heal|p2a: Curmudgeon|47\/100|[from] item: Black Sludge\n|upkeep\n|turn|16\n|\n|t:|1608013816\n|move|p2a: Curmudgeon|Toxic Spikes|p1a: Milotic\n|-sidestart|p1: TehranTyphlosions|move: Toxic Spikes\n|move|p1a: Milotic|Flip Turn|p2a: Curmudgeon\n|-resisted|p2a: Curmudgeon\n|-damage|p2a: Curmudgeon|37\/100\n|\n|t:|1608013818\n|switch|p1a: Gengar|Gengar, M|100\/100|[from]move: Flip Turn\n|-sideend|p1: TehranTyphlosions|move: Toxic Spikes|[of] p1a: Gengar\n|\n|-heal|p2a: Curmudgeon|43\/100|[from] item: Black Sludge\n|upkeep\n|turn|17\n|l| 7ybot\n|c|\u2606tylerb16|i hate this mu\n|c|\u2606tylerb16|lol\n|\n|t:|1608013833\n|move|p1a: Gengar|Psychic|p2a: Curmudgeon\n|-supereffective|p2a: Curmudgeon\n|-damage|p2a: Curmudgeon|0 fnt\n|faint|p2a: Curmudgeon\n|\n|upkeep\n|c| okaP|Shark clutch rn\n|c| Bananacrazy111|oh gengar has one now too\n|\n|t:|1608013874\n|switch|p2a: Lake of Fire|Sharpedo, F|100\/100\n|turn|18\n|\n|t:|1608013877\n|switch|p1a: Milotic|Milotic, M, shiny|77\/100\n|move|p2a: Lake of Fire|Protect||[still]\n|-fail|p2a: Lake of Fire\n|\n|-ability|p2a: Lake of Fire|Speed Boost|boost\n|-boost|p2a: Lake of Fire|spe|1\n|upkeep\n|turn|19\n|\n|t:|1608013886\n|detailschange|p2a: Lake of Fire|Sharpedo-Mega, F\n|-mega|p2a: Lake of Fire|Sharpedo|Sharpedonite\n|move|p2a: Lake of Fire|Crunch|p1a: Milotic\n|-damage|p1a: Milotic|15\/100\n|-unboost|p1a: Milotic|def|1\n|move|p1a: Milotic|Scald|p2a: Lake of Fire\n|-resisted|p2a: Lake of Fire\n|-damage|p2a: Lake of Fire|79\/100\n|\n|upkeep\n|turn|20\n|c| Bananacrazy111|that did a lot\n|c| okaP|Goat not getting burned\n|c|\u2606tylerb16|no burn unfort tbh\n|\n|t:|1608013921\n|move|p2a: Lake of Fire|Crunch|p1a: Milotic\n|-damage|p1a: Milotic|0 fnt\n|faint|p1a: Milotic\n|\n|upkeep\n|c| EGADrifblims|hi sharky \n|c| okaP|:shark:\n|c| Bananacrazy111|ok now msharpedo has a kill\n|\n|t:|1608013947\n|switch|p1a: Urshifu|Urshifu, F, shiny|100\/100\n|turn|21\n|\n|t:|1608013950\n|move|p2a: Lake of Fire|Close Combat|p1a: Urshifu\n|-supereffective|p1a: Urshifu\n|-damage|p1a: Urshifu|13\/100\n|-unboost|p2a: Lake of Fire|def|1\n|-unboost|p2a: Lake of Fire|spd|1\n|move|p1a: Urshifu|Close Combat|p2a: Lake of Fire\n|-supereffective|p2a: Lake of Fire\n|-damage|p2a: Lake of Fire|0 fnt\n|-unboost|p1a: Urshifu|def|1\n|-unboost|p1a: Urshifu|spd|1\n|faint|p2a: Lake of Fire\n|\n|upkeep\n|c| okaP|Crit\n|c| okaP|Oh\n|c| okaP|wait\n|c|\u2606tylerb16|sadness\n|\n|t:|1608013957\n|switch|p2a: Marigold|Regieleki|100\/100\n|turn|22\n|c| Bananacrazy111|and urshifu has 3\n|c| okaP|Pain\n|\n|t:|1608013967\n|switch|p1a: Rhyperior|Rhyperior, M|100\/100\n|move|p2a: Marigold|Rapid Spin|p1a: Rhyperior\n|-resisted|p1a: Rhyperior\n|-damage|p1a: Rhyperior|98\/100\n|-boost|p2a: Marigold|spe|1\n|\n|-heal|p1a: Rhyperior|100\/100|[from] item: Leftovers\n|upkeep\n|turn|23\n|c| Bananacrazy111|oh now rhyperior has one as well\n|c| okaP|is all I feel for tyler rn\n|\n|t:|1608013971\n|move|p2a: Marigold|Rapid Spin|p1a: Rhyperior\n|-resisted|p1a: Rhyperior\n|-damage|p1a: Rhyperior|97\/100\n|-boost|p2a: Marigold|spe|1\n|move|p1a: Rhyperior|Earthquake|p2a: Marigold\n|-supereffective|p2a: Marigold\n|-damage|p2a: Marigold|0 fnt\n|faint|p2a: Marigold\n|\n|win|TehranTyphlosions\n|c|\u2606TehranTyphlosions|ggs\n|l| okaP\n|c|\u2606tylerb16|gg\n|c| Bananacrazy111|gg\n|l|\u2606TehranTyphlosions\n|c|\u2606tylerb16|send replay pls\n|c|\u2606tylerb16|o\n|l|@Hikertoad\n|c|\u2606tylerb16|i guess i will\n|l| EGADrifblims\n","uploadtime":1608013989,"views":25,"p1id":"tehrantyphlosions","p2id":"tylerb16","formatid":"gen8nationaldexdlclegacy","rating":0,"private":0,"password":null}