{"id":"sports-gen8galardexdraft-475332","p1":"AsterJ","p2":"Sharky King","format":"gen8galardexdraft","log":"|j|\u2606AsterJ\n|j|\u2606Sharky King\n|t:|1628483007\n|gametype|singles\n|player|p1|AsterJ|asterj.png|\n|player|p2|Sharky King|102|\n|teamsize|p1|6\n|teamsize|p2|6\n|gen|8\n|tier|[Gen 8] Galar Dex Draft\n|rule|Sleep Clause Mod: Limit one foe put to sleep\n|rule|OHKO Clause: OHKO moves are banned\n|rule|Evasion Moves Clause: Evasion moves are banned\n|rule|Endless Battle Clause: Forcing endless battles is banned\n|rule|HP Percentage Mod: HP is shown in percentages\n|rule|Dynamax Clause: You cannot dynamax\n|clearpoke\n|poke|p1|Rillaboom, M|\n|poke|p1|Latias, F|\n|poke|p1|Nihilego|\n|poke|p1|Golurk|\n|poke|p1|Incineroar, F|\n|poke|p1|Klefki, F|\n|poke|p2|Zeraora|\n|poke|p2|Klefki, F|\n|poke|p2|Persian-Alola, F|\n|poke|p2|Salamence, M|\n|poke|p2|Nidoking, M|\n|poke|p2|Victini|\n|teampreview\n|html|<button name=\"send\" class=\"button\" value=\"\/timer ds\"><i class=\"fa fa-hourglass-start\"><\/i> DS Timer<\/button> <button name=\"send\" class=\"button\" value=\"\/timer smogon\"><i class=\"fa fa-hourglass-start\"><\/i> Smogon Timer<\/button>\n|j| ddrakloaks\n|j| Gypsy King\n|j| Long Island Lugias\n|c|\u2606Sharky King|glhf\n|j| TTT Ves\n|j|@BoomBoomBoo\n|j| Los Amigos\n|c|\u2606AsterJ|u2\n|j| AkkiYT\n|j| KingMaryum\n|j| Epy_ll\n|j| xJustiPro\n|j| PikachuZappyZap\n|j| BeaverGanger69\n|j| TTT Sablo\n|j| mayoouran\n|j| Username553\n|j| IronFlashGaming\n|j| SBJC\n|j| Bread&Ketchup\n|j| deez streetz w\n|j| Skyho\n|\n|t:|1628483079\n|start\n|switch|p1a: Akki|Golurk|100\/100\n|switch|p2a: Persian|Persian-Alola, F|100\/100\n|turn|1\n|\n|t:|1628483083\n|switch|p1a: Carson|Klefki, F|100\/100\n|move|p2a: Persian|Knock Off|p1a: Carson\n|-resisted|p1a: Carson\n|-damage|p1a: Carson|89\/100\n|-enditem|p1a: Carson|Leftovers|[from] move: Knock Off|[of] p2a: Persian\n|\n|upkeep\n|turn|2\n|j| OuchMyRightNut\n|j| Rye6807\n|j| Shadowblast\n|\n|t:|1628483101\n|switch|p2a: Victini|Victini|100\/100\n|move|p1a: Carson|Spikes|p2a: Victini\n|-sidestart|p2: Sharky King|Spikes\n|\n|upkeep\n|turn|3\n|\n|t:|1628483103\n|switch|p1a: Turk|Incineroar, F|100\/100\n|-ability|p1a: Turk|Intimidate|boost\n|-unboost|p2a: Victini|atk|1\n|move|p2a: Victini|Focus Blast|p1a: Turk\n|-supereffective|p1a: Turk\n|-damage|p1a: Turk|60\/100\n|\n|upkeep\n|turn|4\n|j| Go AsterJ no johns\n|j|@st. ihiihuio \u266b\n|c| Go AsterJ no johns|Woo\n|j| EGADrifblims\n|j|^DL Sunny\n|j|^Bontz\n|\n|t:|1628483117\n|move|p2a: Victini|U-turn|p1a: Turk\n|-damage|p1a: Turk|50\/100\n|j| SGS_Nim\n|c| SGS_Nim|after 1000 year\n|c| SGS_Nim|years\n|j| killerASCII\n|\n|t:|1628483137\n|switch|p2a: Persian|Persian-Alola, F|100\/100|[from]move: U-turn\n|-damage|p2a: Persian|88\/100|[from] Spikes\n|move|p1a: Turk|Knock Off|p2a: Persian\n|-resisted|p2a: Persian\n|-damage|p2a: Persian|78\/100\n|-damage|p1a: Turk|34\/100|[from] item: Rocky Helmet|[of] p2a: Persian\n|-enditem|p2a: Persian|Rocky Helmet|[from] move: Knock Off|[of] p1a: Turk\n|\n|upkeep\n|turn|5\n|j| Bat on Mash\n|j| zen042O\n|\n|t:|1628483146\n|move|p2a: Persian|Foul Play|p1a: Turk\n|-resisted|p1a: Turk\n|-damage|p1a: Turk|16\/100\n|move|p1a: Turk|Parting Shot|p2a: Persian\n|-unboost|p2a: Persian|atk|1\n|-unboost|p2a: Persian|spa|1\n|c| zen042O|finally\n|l| KingMaryum\n|\n|t:|1628483152\n|switch|p1a: Carson|Klefki, F|89\/100|[from]move: Parting Shot\n|\n|upkeep\n|turn|6\n|j| NoCapeMyBazedMango\n|\n|t:|1628483157\n|switch|p2a: Klefki|Klefki, F|100\/100\n|-damage|p2a: Klefki|88\/100|[from] Spikes\n|move|p1a: Carson|Spikes|p2a: Klefki\n|-sidestart|p2: Sharky King|Spikes\n|\n|-heal|p2a: Klefki|94\/100|[from] item: Leftovers\n|upkeep\n|turn|7\n|c| Username553|Wow they are actually playing\n|j| KingMaryum\n|\n|t:|1628483166\n|move|p2a: Klefki|Spikes|p1a: Carson\n|-sidestart|p1: AsterJ|Spikes\n|move|p1a: Carson|Flash Cannon|p2a: Klefki\n|-damage|p2a: Klefki|74\/100\n|\n|-heal|p2a: Klefki|80\/100|[from] item: Leftovers\n|upkeep\n|turn|8\n|j| BOUGHT A BIG 17K\n|j| Pako B Jones\n|\n|t:|1628483170\n|move|p2a: Klefki|Spikes|p1a: Carson\n|-sidestart|p1: AsterJ|Spikes\n|move|p1a: Carson|Flash Cannon|p2a: Klefki\n|-crit|p2a: Klefki\n|-damage|p2a: Klefki|50\/100\n|\n|-heal|p2a: Klefki|56\/100|[from] item: Leftovers\n|upkeep\n|turn|9\n|n| Burrrger|breadketchup\n|l|^Bontz\n|j| JoshTheTurtwig\n|j|^Bontz\n|j| Darth Toran\n|\n|t:|1628483200\n|switch|p2a: Victini|Victini|100\/100\n|move|p1a: Carson|Spikes|p2a: Victini\n|-sidestart|p2: Sharky King|Spikes\n|\n|upkeep\n|turn|10\n|j| spookd\n|j| PokeFan4125\n|j|^TNI Gregulator\n|\n|t:|1628483242\n|switch|p1a: Turk|Incineroar, F|16\/100\n|-ability|p1a: Turk|Intimidate|boost\n|-unboost|p2a: Victini|atk|1\n|move|p2a: Victini|Blue Flare|p1a: Turk\n|-resisted|p1a: Turk\n|-damage|p1a: Turk|0 fnt\n|faint|p1a: Turk\n|\n|upkeep\n|j|@PerfecteBlu\n|\n|t:|1628483248\n|switch|p1a: Akki|Golurk|100\/100\n|-damage|p1a: Akki|84\/100|[from] Spikes\n|turn|11\n|j| Highjumpsean\n|\n|t:|1628483306\n|move|p2a: Victini|U-turn|p1a: Akki\n|-resisted|p1a: Akki\n|-damage|p1a: Akki|77\/100\n|\n|t:|1628483316\n|switch|p2a: Persian|Persian-Alola, F|78\/100|[from]move: U-turn\n|-damage|p2a: Persian|53\/100|[from] Spikes\n|move|p1a: Akki|High Horsepower|p2a: Persian\n|-damage|p2a: Persian|18\/100\n|\n|upkeep\n|turn|12\n|\n|t:|1628483320\n|switch|p1a: Carson|Klefki, F|89\/100\n|-damage|p1a: Carson|73\/100|[from] Spikes\n|move|p2a: Persian|Rest|p2a: Persian\n|-status|p2a: Persian|slp|[from] move: Rest\n|-heal|p2a: Persian|100\/100 slp|[silent]\n|\n|upkeep\n|turn|13\n|j| StreetCredCookie\n|j| GeniusX\n|j| Thrjehehehheh\n|l| Username553\n|j| WhatHappensinPKMN\n|j| Lemurro\n|l| WhatHappensinPKMN\n|\n|t:|1628483430\n|switch|p2a: Klefki|Klefki, F|56\/100\n|-damage|p2a: Klefki|31\/100|[from] Spikes\n|move|p1a: Carson|Toxic|p2a: Klefki\n|-immune|p2a: Klefki\n|\n|-heal|p2a: Klefki|37\/100|[from] item: Leftovers\n|upkeep\n|turn|14\n|\n|t:|1628483435\n|move|p2a: Klefki|Spikes|p1a: Carson\n|-sidestart|p1: AsterJ|Spikes\n|move|p1a: Carson|Flash Cannon|p2a: Klefki\n|-damage|p2a: Klefki|17\/100\n|\n|-heal|p2a: Klefki|23\/100|[from] item: Leftovers\n|upkeep\n|turn|15\n|j| WhatHappensinPKMN\n|\n|t:|1628483462\n|move|p1a: Carson|Flash Cannon|p2a: Klefki\n|-damage|p2a: Klefki|3\/100\n|move|p2a: Klefki|Flash Cannon|p1a: Carson\n|-damage|p1a: Carson|48\/100\n|\n|-heal|p2a: Klefki|9\/100|[from] item: Leftovers\n|upkeep\n|turn|16\n|j| wilkommenenreltcup\n|\n|t:|1628483467\n|move|p2a: Klefki|Rest|p2a: Klefki\n|-status|p2a: Klefki|slp|[from] move: Rest\n|-heal|p2a: Klefki|100\/100 slp|[silent]\n|move|p1a: Carson|Flash Cannon|p2a: Klefki\n|-damage|p2a: Klefki|82\/100 slp\n|\n|-heal|p2a: Klefki|88\/100 slp|[from] item: Leftovers\n|upkeep\n|turn|17\n|l| WhatHappensinPKMN\n|j| WhatHappensinPKMN\n|j| DOOM AM22\n|j| pandoom\n|c| Bat on Mash|whats series score rn\n|c| xJustiPro|3-3\n|c| Bat on Mash|ty\n|c| SBJC|why are there 50 users it is half past midnight on a sunday\/monday, please get off of the internet and get a life\n|c| zen042O|asked?\n|c| TTT Sablo|i have no life until two weeks\n|c| Pako B Jones|i dont know how to touch grass\n|c| killerASCII|you first\n|c| SGS_Nim|its 12:32 pm\n|c| TTT Sablo|11:32\n|\n|t:|1628483582\n|switch|p1a: Akki|Golurk|77\/100\n|-damage|p1a: Akki|52\/100|[from] Spikes\n|cant|p2a: Klefki|slp\n|\n|-heal|p2a: Klefki|94\/100 slp|[from] item: Leftovers\n|upkeep\n|turn|18\n|c| PikachuZappyZap|it is only 9:33 pm in the viable timezone\n|c| BOUGHT A BIG 17K|sbjc spittin\n|c| zen042O|sounds like this man's never heard of timezones \n|\n|t:|1628483617\n|switch|p2a: Persian|Persian-Alola, F|100\/100 slp\n|-damage|p2a: Persian|76\/100 slp|[from] Spikes\n|move|p1a: Akki|Dynamic Punch|p2a: Persian\n|-supereffective|p2a: Persian\n|-damage|p2a: Persian|21\/100 slp\n|-start|p2a: Persian|confusion\n|\n|upkeep\n|turn|19\n|l| Darth Toran\n|c| BeaverGanger69|any tz but est is unviable etc\n|c| SBJC|facts troy\n|c| PokeFan4125|Est best tz \n|c| zen042O|+5.5 most unviable shit \n|j| EGAZebstrikas\n|l| EGAZebstrikas\n|\n|t:|1628483666\n|switch|p1a: Carson|Klefki, F|48\/100\n|-damage|p1a: Carson|23\/100|[from] Spikes\n|cant|p2a: Persian|slp\n|-activate|p2a: Persian|confusion\n|move|p2a: Persian|Sleep Talk|p2a: Persian\n|move|p2a: Persian|Rest||[from]move: Sleep Talk|[still]\n|-fail|p2a: Persian\n|\n|upkeep\n|turn|20\n|c| IronFlashGaming|RUSH-MORE\n|j| Darth Toran\n|\n|t:|1628483691\n|switch|p2a: Klefki|Klefki, F|94\/100 slp\n|-damage|p2a: Klefki|69\/100 slp|[from] Spikes\n|move|p1a: Carson|Flash Cannon|p2a: Klefki\n|-damage|p2a: Klefki|48\/100 slp\n|\n|-heal|p2a: Klefki|53\/100 slp|[from] item: Leftovers\n|upkeep\n|turn|21\n|\n|t:|1628483701\n|move|p1a: Carson|Flash Cannon|p2a: Klefki\n|-damage|p2a: Klefki|33\/100 slp\n|cant|p2a: Klefki|slp\n|\n|-heal|p2a: Klefki|39\/100 slp|[from] item: Leftovers\n|upkeep\n|turn|22\n|\n|t:|1628483710\n|-curestatus|p2a: Klefki|slp|[msg]\n|move|p2a: Klefki|Rest|p2a: Klefki\n|-status|p2a: Klefki|slp|[from] move: Rest\n|-heal|p2a: Klefki|100\/100 slp|[silent]\n|move|p1a: Carson|Flash Cannon|p2a: Klefki\n|-damage|p2a: Klefki|83\/100 slp\n|\n|-heal|p2a: Klefki|89\/100 slp|[from] item: Leftovers\n|upkeep\n|turn|23\n|\n|t:|1628483718\n|move|p1a: Carson|Flash Cannon|p2a: Klefki\n|-damage|p2a: Klefki|70\/100 slp\n|-unboost|p2a: Klefki|spd|1\n|cant|p2a: Klefki|slp\n|\n|-heal|p2a: Klefki|76\/100 slp|[from] item: Leftovers\n|upkeep\n|turn|24\n|\n|t:|1628483722\n|move|p1a: Carson|Flash Cannon|p2a: Klefki\n|-damage|p2a: Klefki|46\/100 slp\n|cant|p2a: Klefki|slp\n|\n|-heal|p2a: Klefki|52\/100 slp|[from] item: Leftovers\n|upkeep\n|turn|25\n|j| GCS'Conspiracy\n|j| EGAZebstrikas\n|\n|t:|1628483739\n|-curestatus|p2a: Klefki|slp|[msg]\n|move|p2a: Klefki|Rest|p2a: Klefki\n|-status|p2a: Klefki|slp|[from] move: Rest\n|-heal|p2a: Klefki|100\/100 slp|[silent]\n|move|p1a: Carson|Flash Cannon|p2a: Klefki\n|-damage|p2a: Klefki|72\/100 slp\n|\n|-heal|p2a: Klefki|78\/100 slp|[from] item: Leftovers\n|upkeep\n|turn|26\n|\n|t:|1628483748\n|move|p1a: Carson|Flash Cannon|p2a: Klefki\n|-damage|p2a: Klefki|50\/100 slp\n|cant|p2a: Klefki|slp\n|\n|-heal|p2a: Klefki|56\/100 slp|[from] item: Leftovers\n|upkeep\n|turn|27\n|\n|t:|1628483754\n|move|p1a: Carson|Flash Cannon|p2a: Klefki\n|-damage|p2a: Klefki|26\/100 slp\n|cant|p2a: Klefki|slp\n|\n|-heal|p2a: Klefki|32\/100 slp|[from] item: Leftovers\n|upkeep\n|turn|28\n|\n|t:|1628483758\n|switch|p1a: Akki|Golurk|52\/100\n|-damage|p1a: Akki|28\/100|[from] Spikes\n|-curestatus|p2a: Klefki|slp|[msg]\n|move|p2a: Klefki|Rest|p2a: Klefki\n|-status|p2a: Klefki|slp|[from] move: Rest\n|-heal|p2a: Klefki|100\/100 slp|[silent]\n|\n|upkeep\n|turn|29\n|j| high nyoom\n|\n|t:|1628483772\n|switch|p2a: Persian|Persian-Alola, F|21\/100 slp\n|-damage|p2a: Persian|0 fnt|[from] Spikes\n|faint|p2a: Persian\n|move|p1a: Akki|Poltergeist|p2: Persian|[notarget]\n|-fail|p1a: Akki\n|\n|upkeep\n|j| istanbuldayim_406\n|\n|t:|1628483845\n|switch|p2a: Victini|Victini|100\/100\n|turn|30\n|\n|t:|1628483860\n|switch|p1a: Carson|Klefki, F|23\/100\n|-damage|p1a: Carson|0 fnt|[from] Spikes\n|faint|p1a: Carson\n|move|p2a: Victini|Blue Flare|p1: Carson|[notarget]\n|-fail|p2a: Victini\n|\n|upkeep\n|j| ROSE Silver96\n|\n|t:|1628483868\n|switch|p1a: Zazo|Latias, F, shiny|100\/100\n|turn|31\n|\n|t:|1628483886\n|move|p1a: Zazo|Dragon Pulse|p2a: Victini\n|-damage|p2a: Victini|82\/100\n|move|p2a: Victini|U-turn|p1a: Zazo\n|-supereffective|p1a: Zazo\n|-damage|p1a: Zazo|69\/100\n|c| mayoouran|LOL\n|c| EGAZebstrikas|yUM\n|c| xJustiPro|LOL\n|c| BOUGHT A BIG 17K|18\n|c| pandoom|18\n|c| ddrakloaks|,\n|c| JoshTheTurtwig|LOL\n|\n|t:|1628483897\n|switch|p2a: Zeraora|Zeraora|100\/100|[from]move: U-turn\n|\n|-heal|p1a: Zazo|75\/100|[from] item: Leftovers\n|upkeep\n|turn|32\n|c| PokeFan4125|18\n|c| ROSE Silver96|Bro\n|c| OuchMyRightNut|chip.\n|j| TTT The Rebel\n|c| ROSE Silver96|Latias is so trash\n|c| EGAZebstrikas|pulse is a bad move\n|c| ROSE Silver96|LOL\n|c| SBJC|\"latias is good\"\n|c| TTT The Rebel|18 wtf\n|\n|t:|1628483924\n|switch|p1a: Gypsy|Rillaboom, M|100\/100\n|-damage|p1a: Gypsy|75\/100|[from] Spikes\n|-fieldstart|move: Grassy Terrain|[from] ability: Grassy Surge|[of] p1a: Gypsy\n|move|p2a: Zeraora|Knock Off|p1a: Gypsy\n|-damage|p1a: Gypsy|46\/100\n|-enditem|p1a: Gypsy|Occa Berry|[from] move: Knock Off|[of] p2a: Zeraora\n|\n|-heal|p1a: Gypsy|53\/100|[from] Grassy Terrain\n|upkeep\n|turn|33\n|c| EGAZebstrikas|lati is good if u use it as a defogger tbh\n|\n|t:|1628483982\n|move|p2a: Zeraora|Blaze Kick|p1a: Gypsy\n|-supereffective|p1a: Gypsy\n|-damage|p1a: Gypsy|7\/100\n|move|p1a: Gypsy|Knock Off|p2a: Zeraora\n|-damage|p2a: Zeraora|63\/100\n|-enditem|p2a: Zeraora|Heavy-Duty Boots|[from] move: Knock Off|[of] p1a: Gypsy\n|\n|-heal|p2a: Zeraora|69\/100|[from] Grassy Terrain\n|-heal|p1a: Gypsy|13\/100|[from] Grassy Terrain\n|upkeep\n|turn|34\n|n| RIPAsterJnojohns|goasterjnojohns\n|c| TTT Ves|thanks EGAZebstrikas\n|\n|t:|1628483990\n|switch|p2a: Nidoking|Nidoking, M|100\/100\n|-damage|p2a: Nidoking|76\/100|[from] Spikes\n|move|p1a: Gypsy|Grassy Glide|p2a: Nidoking\n|-damage|p2a: Nidoking|36\/100\n|-damage|p1a: Gypsy|0 fnt|[from] item: Rocky Helmet|[of] p2a: Nidoking\n|faint|p1a: Gypsy\n|\n|-heal|p2a: Nidoking|42\/100|[from] Grassy Terrain\n|upkeep\n|\n|t:|1628483995\n|switch|p1a: Zazo|Latias, F, shiny|75\/100\n|turn|35\n|l| TTT The Rebel\n|l| Thrjehehehheh\n|j| Cccvbnnn\n|l| Darth Toran\n|j| Darth Toran\n|\n|t:|1628484111\n|move|p1a: Zazo|Mystical Fire|p2a: Nidoking\n|-damage|p2a: Nidoking|20\/100\n|-unboost|p2a: Nidoking|spa|1\n|move|p2a: Nidoking|Stealth Rock|p1a: Zazo\n|-sidestart|p1: AsterJ|move: Stealth Rock\n|\n|-heal|p1a: Zazo|81\/100|[from] item: Leftovers\n|-heal|p2a: Nidoking|26\/100|[from] Grassy Terrain\n|upkeep\n|turn|36\n|\n|t:|1628484133\n|move|p2a: Nidoking|Sucker Punch||[still]\n|-fail|p2a: Nidoking\n|move|p1a: Zazo|Calm Mind|p1a: Zazo\n|-boost|p1a: Zazo|spa|1\n|-boost|p1a: Zazo|spd|1\n|\n|-heal|p1a: Zazo|87\/100|[from] item: Leftovers\n|-heal|p2a: Nidoking|32\/100|[from] Grassy Terrain\n|-fieldend|move: Grassy Terrain\n|upkeep\n|turn|37\n|c| TTT Ves|latias go brr\n|\n|t:|1628484140\n|switch|p2a: Victini|Victini|82\/100\n|move|p1a: Zazo|Calm Mind|p1a: Zazo\n|-boost|p1a: Zazo|spa|1\n|-boost|p1a: Zazo|spd|1\n|\n|-heal|p1a: Zazo|94\/100|[from] item: Leftovers\n|upkeep\n|turn|38\n|c| RIPAsterJnojohns|Jerry\n|\n|t:|1628484147\n|move|p1a: Zazo|Dragon Pulse|p2a: Victini\n|-damage|p2a: Victini|46\/100\n|move|p2a: Victini|U-turn|p1a: Zazo\n|-supereffective|p1a: Zazo\n|-damage|p1a: Zazo|62\/100\n|c| PikachuZappyZap|I love doing 36 with my +2 neutral 85 stab move\n|c| BeaverGanger69|progression\n|c| OuchMyRightNut|32.. got this still sucks ass\n|n| GoAsterJnojohns|ripasterjnojohns\n|j| TTT The Rebel\n|\n|t:|1628484202\n|switch|p2a: Zeraora|Zeraora|69\/100|[from]move: U-turn\n|-damage|p2a: Zeraora|44\/100|[from] Spikes\n|\n|-heal|p1a: Zazo|69\/100|[from] item: Leftovers\n|upkeep\n|turn|39\n|l| Cccvbnnn\n|c| TTT The Rebel|non-invested base 110 spa against invested 100\/100 bulk, it\u2019s not as bad as it looks tbh\n|l| TTT The Rebel\n|c| TTT Ves|thanks for the breakdown narth\n|c| ddrakloaks|dropped that and dipped\n|j| gcboat\n|c| TTT Sablo|narth is so smort\n|c| BeaverGanger69|ty the rebel\n|c| TTT Sablo|i agree\n|c| BeaverGanger69|good input\n|j| Bananacrazy111\n|c| xJustiPro|god narth\n|j| luca doncic\n|j| TTT The Rebel\n|c| TTT The Rebel|I rebel against stupidity with the obvious \n|\n|t:|1628484305\n|move|p2a: Zeraora|Knock Off|p1a: Zazo\n|-supereffective|p1a: Zazo\n|-damage|p1a: Zazo|6\/100\n|-enditem|p1a: Zazo|Leftovers|[from] move: Knock Off|[of] p2a: Zeraora\n|move|p1a: Zazo|Dragon Pulse|p2a: Zeraora\n|-damage|p2a: Zeraora|0 fnt\n|faint|p2a: Zeraora\n|\n|upkeep\n|l| TTT The Rebel\n|c| Darth Toran|Goat Lati\n|c| IronFlashGaming|DUDE IS GETTING FUCKED HARDER THAN A TURKISH HORDER GIRL\n|l|@BoomBoomBoo\n|c| GoAsterJnojohns|Lmfao\n|c| Bat on Mash|what is a turkish horder girl\n|c| JoshTheTurtwig|after talking so much shit this lati reverse sweeps\n|c| AkkiYT|my gf\n|\n|t:|1628484352\n|switch|p2a: Victini|Victini|46\/100\n|turn|40\n|c| JoshTheTurtwig|tragic\n|c| Bat on Mash|o\n|\n|t:|1628484357\n|move|p1a: Zazo|Recover|p1a: Zazo\n|-heal|p1a: Zazo|56\/100\n|move|p2a: Victini|U-turn|p1a: Zazo\n|-supereffective|p1a: Zazo\n|-damage|p1a: Zazo|23\/100\n|c| TTT Ves|oh boy\n|c| TTT Ves|you lost to a latias\n|c| pandoom|o\n|c| TTT Ves|gotta retire\n|c| BeaverGanger69|no shot...\n|c| Darth Toran|POG\n|c| ROSE Silver96|Fax\n|\n|t:|1628484370\n|switch|p2a: Nidoking|Nidoking, M|32\/100|[from]move: U-turn\n|-damage|p2a: Nidoking|7\/100|[from] Spikes\n|\n|upkeep\n|turn|41\n|c| Rye6807|have to\n|l| KingMaryum\n|\n|t:|1628484374\n|move|p1a: Zazo|Recover|p1a: Zazo\n|-heal|p1a: Zazo|73\/100\n|move|p2a: Nidoking|Sludge Bomb|p1a: Zazo\n|-damage|p1a: Zazo|65\/100\n|\n|upkeep\n|turn|42\n|c| ddrakloaks|8\n|c|^TNI Gregulator|.\n|c| pandoom|.\n|c| BeaverGanger69|.\n|c| xJustiPro|,\n|c| AkkiYT|8\n|c| PikachuZappyZap|chip\n|c| Rye6807|.\n|c| wilkommenenreltcup|LOL\n|c| GoAsterJnojohns|8\n|c| pandoom|LOL\n|c| TTT Sablo|LOL\n|j| KingMaryum\n|c| high nyoom|8\n|c| xJustiPro|noth a single mon with toxic bro\n|\n|t:|1628484386\n|move|p2a: Nidoking|Sucker Punch|p1a: Zazo\n|-supereffective|p1a: Zazo\n|-damage|p1a: Zazo|34\/100\n|move|p1a: Zazo|Dragon Pulse|p2a: Nidoking\n|-damage|p2a: Nidoking|0 fnt\n|faint|p2a: Nidoking\n|\n|upkeep\n|c| ddrakloaks|chip\n|c| Darth Toran|LMAOOOO\n|c| PikachuZappyZap|chip\n|c| TTT Ves|dog no shot\n|c| TTT Ves|you lost to a latias\n|c| ROSE Silver96|We waited\n|\n|t:|1628484405\n|switch|p2a: Klefki|Klefki, F|100\/100 slp\n|-damage|p2a: Klefki|76\/100 slp|[from] Spikes\n|turn|43\n|c| ROSE Silver96|all night\n|c| ROSE Silver96|all day\n|c| ROSE Silver96|for this\n|c| pandoom|..\n|\n|t:|1628484411\n|cant|p2a: Klefki|slp\n|move|p1a: Zazo|Mystical Fire|p2a: Klefki\n|-supereffective|p2a: Klefki\n|-damage|p2a: Klefki|9\/100 slp\n|-unboost|p2a: Klefki|spa|1\n|\n|-heal|p2a: Klefki|15\/100 slp|[from] item: Leftovers\n|upkeep\n|turn|44\n|c| BeaverGanger69|this is like the most common set too...\n|c| TTT Ves|my lord\n|c| BeaverGanger69|just prep\n|\n|t:|1628484416\n|cant|p2a: Klefki|slp\n|move|p1a: Zazo|Mystical Fire|p2a: Klefki\n|-supereffective|p2a: Klefki\n|-damage|p2a: Klefki|0 fnt\n|faint|p2a: Klefki\n|\n|upkeep\n|c| AkkiYT|gg\n|c| GoAsterJnojohns|Sharky earned this for johning\n|\n|t:|1628484421\n|switch|p2a: Salamence|Salamence, M|100\/100\n|-ability|p2a: Salamence|Intimidate|boost\n|-unboost|p1a: Zazo|atk|1\n|turn|45\n|c| IronFlashGaming|gg\n|\n|t:|1628484424\n|move|p1a: Zazo|Dragon Pulse|p2a: Salamence\n|-supereffective|p2a: Salamence\n|-damage|p2a: Salamence|0 fnt\n|faint|p2a: Salamence\n|\n|upkeep\n|\n|t:|1628484425\n|switch|p2a: Victini|Victini|46\/100\n|turn|46\n|c| TTT Ves|yeah youre both shit\n|j| TTT The Rebel\n|c| ddrakloaks|jinkies\n|l| Shadowblast\n|c| PikachuZappyZap|no haban ddance\n|c| PikachuZappyZap|wtf\n|c| AkkiYT|lati with an ohko\n|c| TTT The Rebel|I too bring a Nidoking without Toxic or Ice Beam\n|c| TTT The Rebel|5head\n|l| AkkiYT\n|\n|t:|1628484445\n|move|p1a: Zazo|Dragon Pulse|p2a: Victini\n|-damage|p2a: Victini|7\/100\n|move|p2a: Victini|U-turn|p1a: Zazo\n|-supereffective|p1a: Zazo\n|-damage|p1a: Zazo|2\/100\n|\n|upkeep\n|turn|47\n|c| Darth Toran|GG\n|c| PikachuZappyZap|he just poisons\n|c| PikachuZappyZap|the lati\n|c| PikachuZappyZap|smh\n|\n|t:|1628484449\n|move|p1a: Zazo|Dragon Pulse|p2a: Victini\n|-damage|p2a: Victini|0 fnt\n|faint|p2a: Victini\n|\n|win|AsterJ\n|c|\u2606Sharky King|gg\n|c|\u2606AsterJ|gg man\n","uploadtime":1628484453,"views":271,"p1id":"asterj","p2id":"sharkyking","formatid":"gen8galardexdraft","rating":0,"private":0,"password":null}