{"id":"sports-gen8nationaldexlegacy-429897","p1":"WillTheRNGLord","p2":"TehranTyphlosions","format":"gen8nationaldexlegacy","log":"|j|\u2606WillTheRNGLord\n|j|\u2606TehranTyphlosions\n|t:|1623291035\n|gametype|singles\n|player|p1|WillTheRNGLord|willthernglord.png|\n|player|p2|TehranTyphlosions|clair|\n|teamsize|p1|6\n|teamsize|p2|6\n|gen|8\n|tier|[Gen 8] National Dex Legacy\n|rule|Sleep Clause Mod: Limit one foe put to sleep\n|rule|OHKO Clause: OHKO moves are banned\n|rule|Evasion Moves Clause: Evasion moves are banned\n|rule|Endless Battle Clause: Forcing endless battles is banned\n|rule|HP Percentage Mod: HP is shown in percentages\n|rule|Dynamax Clause: You cannot dynamax\n|clearpoke\n|poke|p1|Zarude|\n|poke|p1|Gallade, M|\n|poke|p1|Turtonator, F|\n|poke|p1|Klefki, F|\n|poke|p1|Zapdos|\n|poke|p1|Spectrier|\n|poke|p2|Kangaskhan, F|\n|poke|p2|Reuniclus, F|\n|poke|p2|Rillaboom, M|\n|poke|p2|Diancie|\n|poke|p2|Rotom-Wash|\n|poke|p2|Dragonite, F|\n|teampreview\n|html|<button name=\"send\" class=\"button\" value=\"\/timer ds\"><i class=\"fa fa-hourglass-start\"><\/i> DS Timer<\/button> <button name=\"send\" class=\"button\" value=\"\/timer smogon\"><i class=\"fa fa-hourglass-start\"><\/i> Smogon Timer<\/button>\n|j| EGALombres\n|c|\u2606WillTheRNGLord|hf\n|c|\u2606TehranTyphlosions|gl gl:))\n|j| EGADrifblims\n|\n|t:|1623291071\n|start\n|switch|p1a: Linhardt|Zarude|100\/100\n|switch|p2a: brzzz|Rotom-Wash, shiny|100\/100\n|turn|1\n|j| Sharky King\n|\n|t:|1623291082\n|switch|p2a: Dragonite|Dragonite, F|100\/100\n|move|p1a: Linhardt|U-turn|p2a: Dragonite\n|-resisted|p2a: Dragonite\n|-damage|p2a: Dragonite|95\/100\n|\n|t:|1623291090\n|switch|p1a: Caspar|Gallade, M, shiny|100\/100|[from]move: U-turn\n|\n|upkeep\n|turn|2\n|\n|t:|1623291100\n|switch|p2a: goober|Reuniclus, F, shiny|100\/100\n|detailschange|p1a: Caspar|Gallade-Mega, M, shiny\n|-mega|p1a: Caspar|Gallade|Galladite\n|move|p1a: Caspar|Ice Punch|p2a: goober\n|-damage|p2a: goober|78\/100\n|\n|upkeep\n|turn|3\n|\n|t:|1623291120\n|move|p1a: Caspar|Knock Off|p2a: goober\n|-supereffective|p2a: goober\n|-enditem|p2a: goober|Colbur Berry|[eat]\n|-enditem|p2a: goober|Colbur Berry|[weaken]\n|-damage|p2a: goober|51\/100\n|move|p2a: goober|Shadow Ball|p1a: Caspar\n|-supereffective|p1a: Caspar\n|-damage|p1a: Caspar|56\/100\n|\n|upkeep\n|turn|4\n|\n|t:|1623291130\n|switch|p1a: Linhardt|Zarude|100\/100\n|move|p2a: goober|Recover|p2a: goober\n|-heal|p2a: goober|100\/100\n|\n|upkeep\n|turn|5\n|\n|t:|1623291135\n|switch|p2a: Dragonite|Dragonite, F|95\/100\n|move|p1a: Linhardt|U-turn|p2a: Dragonite\n|-resisted|p2a: Dragonite\n|-damage|p2a: Dragonite|82\/100\n|\n|t:|1623291141\n|switch|p1a: Caspar|Gallade-Mega, M, shiny|56\/100|[from]move: U-turn\n|\n|upkeep\n|turn|6\n|\n|t:|1623291146\n|switch|p2a: goober|Reuniclus, F, shiny|100\/100\n|move|p1a: Caspar|Swords Dance|p1a: Caspar\n|-boost|p1a: Caspar|atk|2\n|\n|upkeep\n|turn|7\n|\n|t:|1623291150\n|move|p1a: Caspar|Knock Off|p2a: goober\n|-supereffective|p2a: goober\n|-damage|p2a: goober|31\/100\n|move|p2a: goober|Shadow Ball|p1a: Caspar\n|-supereffective|p1a: Caspar\n|-damage|p1a: Caspar|3\/100\n|\n|upkeep\n|turn|8\n|\n|t:|1623291157\n|move|p1a: Caspar|Ice Punch|p2a: goober\n|-damage|p2a: goober|0 fnt\n|faint|p2a: goober\n|\n|upkeep\n|\n|t:|1623291162\n|switch|p2a: Dragonite|Dragonite, F|82\/100\n|turn|9\n|\n|t:|1623291168\n|switch|p1a: Bernadetta|Klefki, F|100\/100\n|move|p2a: Dragonite|Dragon Claw|p1a: Bernadetta\n|-immune|p1a: Bernadetta\n|\n|upkeep\n|turn|10\n|\n|t:|1623291180\n|switch|p2a: brzzz|Rotom-Wash, shiny|100\/100\n|move|p1a: Bernadetta|Toxic|p2a: brzzz\n|-status|p2a: brzzz|tox\n|\n|-damage|p2a: brzzz|94\/100 tox|[from] psn\n|upkeep\n|turn|11\n|\n|t:|1623291186\n|move|p1a: Bernadetta|Light Screen|p1a: Bernadetta\n|-sidestart|p1: WillTheRNGLord|move: Light Screen\n|move|p2a: brzzz|Volt Switch|p1a: Bernadetta\n|-damage|p1a: Bernadetta|82\/100\n|\n|t:|1623291189\n|switch|p2a: Diancie|Diancie|100\/100|[from]move: Volt Switch\n|\n|upkeep\n|turn|12\n|\n|t:|1623291194\n|switch|p2a: brzzz|Rotom-Wash, shiny|94\/100 tox\n|move|p1a: Bernadetta|Steel Beam|p2a: brzzz|[miss]\n|-miss|p1a: Bernadetta|p2a: brzzz\n|-damage|p1a: Bernadetta|32\/100|[from] steelbeam\n|\n|-damage|p2a: brzzz|88\/100 tox|[from] psn\n|upkeep\n|turn|13\n|\n|t:|1623291219\n|move|p1a: Bernadetta|Reflect|p1a: Bernadetta\n|-sidestart|p1: WillTheRNGLord|Reflect\n|move|p2a: brzzz|Volt Switch|p1a: Bernadetta\n|-crit|p1a: Bernadetta\n|-damage|p1a: Bernadetta|0 fnt\n|faint|p1a: Bernadetta\n|\n|t:|1623291226\n|switch|p2a: Diancie|Diancie|100\/100|[from]move: Volt Switch\n|\n|upkeep\n|\n|t:|1623291236\n|switch|p1a: Edelgard|Turtonator, F|100\/100\n|turn|14\n|\n|t:|1623291257\n|switch|p2a: brzzz|Rotom-Wash, shiny|88\/100 tox\n|move|p1a: Edelgard|Shell Smash|p1a: Edelgard\n|-unboost|p1a: Edelgard|def|1\n|-unboost|p1a: Edelgard|spd|1\n|-boost|p1a: Edelgard|atk|2\n|-boost|p1a: Edelgard|spa|2\n|-boost|p1a: Edelgard|spe|2\n|\n|-damage|p2a: brzzz|82\/100 tox|[from] psn\n|upkeep\n|turn|15\n|\n|t:|1623291262\n|move|p1a: Edelgard|Solar Beam||[still]\n|-prepare|p1a: Edelgard|Solar Beam\n|-enditem|p1a: Edelgard|Power Herb\n|-anim|p1a: Edelgard|Solar Beam|p2a: brzzz\n|-supereffective|p2a: brzzz\n|-damage|p2a: brzzz|0 fnt\n|faint|p2a: brzzz\n|\n|-sideend|p1: WillTheRNGLord|move: Light Screen\n|upkeep\n|\n|t:|1623291268\n|switch|p2a: Diancie|Diancie|100\/100\n|turn|16\n|\n|t:|1623291298\n|detailschange|p2a: Diancie|Diancie-Mega\n|-mega|p2a: Diancie|Diancie|Diancite\n|move|p1a: Edelgard|Flash Cannon|p2a: Diancie\n|-supereffective|p2a: Diancie\n|-damage|p2a: Diancie|0 fnt\n|faint|p2a: Diancie\n|\n|upkeep\n|\n|t:|1623291302\n|switch|p2a: kangaCOCK|Kangaskhan, F|100\/100\n|turn|17\n|\n|t:|1623291306\n|move|p1a: Edelgard|Fire Blast|p2a: kangaCOCK\n|-damage|p2a: kangaCOCK|59\/100\n|move|p2a: kangaCOCK|Earthquake|p1a: Edelgard\n|-supereffective|p1a: Edelgard\n|-damage|p1a: Edelgard|66\/100\n|\n|-sideend|p1: WillTheRNGLord|Reflect\n|upkeep\n|turn|18\n|\n|t:|1623291314\n|move|p1a: Edelgard|Fire Blast|p2a: kangaCOCK\n|-damage|p2a: kangaCOCK|16\/100\n|move|p2a: kangaCOCK|Earthquake|p1a: Edelgard\n|-supereffective|p1a: Edelgard\n|-damage|p1a: Edelgard|1\/100\n|\n|upkeep\n|turn|19\n|\n|t:|1623291322\n|move|p2a: kangaCOCK|Sucker Punch|p1a: Edelgard\n|-damage|p1a: Edelgard|0 fnt\n|faint|p1a: Edelgard\n|\n|upkeep\n|\n|t:|1623291329\n|switch|p1a: Linhardt|Zarude|100\/100\n|turn|20\n|\n|t:|1623291335\n|switch|p2a: OUGH\ud83e\udd8dOUGH\ud83e\udd8d|Rillaboom, M, shiny|100\/100\n|move|p1a: Linhardt|U-turn|p2a: OUGH\ud83e\udd8dOUGH\ud83e\udd8d\n|-supereffective|p2a: OUGH\ud83e\udd8dOUGH\ud83e\udd8d\n|-damage|p2a: OUGH\ud83e\udd8dOUGH\ud83e\udd8d|45\/100\n|\n|t:|1623291338\n|switch|p1a: Ferdinand|Zapdos, shiny|100\/100|[from]move: U-turn\n|\n|upkeep\n|turn|21\n|\n|t:|1623291348\n|switch|p2a: Dragonite|Dragonite, F|82\/100\n|move|p1a: Ferdinand|Hurricane|p2a: Dragonite\n|-damage|p2a: Dragonite|44\/100\n|\n|upkeep\n|turn|22\n|\n|t:|1623291355\n|move|p1a: Ferdinand|Volt Switch|p2a: Dragonite\n|-damage|p2a: Dragonite|19\/100\n|\n|t:|1623291359\n|switch|p1a: Linhardt|Zarude|100\/100|[from]move: Volt Switch\n|move|p2a: Dragonite|Roost|p2a: Dragonite\n|-heal|p2a: Dragonite|69\/100\n|-singleturn|p2a: Dragonite|move: Roost\n|\n|upkeep\n|turn|23\n|\n|t:|1623291365\n|move|p1a: Linhardt|Darkest Lariat|p2a: Dragonite\n|-crit|p2a: Dragonite\n|-damage|p2a: Dragonite|4\/100\n|move|p2a: Dragonite|Roost|p2a: Dragonite\n|-heal|p2a: Dragonite|54\/100\n|-singleturn|p2a: Dragonite|move: Roost\n|\n|upkeep\n|turn|24\n|\n|t:|1623291371\n|move|p1a: Linhardt|Darkest Lariat|p2a: Dragonite\n|-damage|p2a: Dragonite|9\/100\n|move|p2a: Dragonite|Roost|p2a: Dragonite\n|-heal|p2a: Dragonite|59\/100\n|-singleturn|p2a: Dragonite|move: Roost\n|\n|upkeep\n|turn|25\n|\n|t:|1623291376\n|move|p1a: Linhardt|Darkest Lariat|p2a: Dragonite\n|-damage|p2a: Dragonite|17\/100\n|move|p2a: Dragonite|Roost|p2a: Dragonite\n|-heal|p2a: Dragonite|67\/100\n|-singleturn|p2a: Dragonite|move: Roost\n|\n|upkeep\n|turn|26\n|\n|t:|1623291385\n|switch|p1a: Ferdinand|Zapdos, shiny|100\/100\n|move|p2a: Dragonite|Dragon Claw|p1a: Ferdinand\n|-crit|p1a: Ferdinand\n|-damage|p1a: Ferdinand|50\/100\n|\n|upkeep\n|turn|27\n|\n|t:|1623291391\n|move|p1a: Ferdinand|Roost|p1a: Ferdinand\n|-heal|p1a: Ferdinand|99\/100\n|-singleturn|p1a: Ferdinand|move: Roost\n|move|p2a: Dragonite|Roost|p2a: Dragonite\n|-heal|p2a: Dragonite|100\/100\n|-singleturn|p2a: Dragonite|move: Roost\n|\n|upkeep\n|turn|28\n|\n|t:|1623291399\n|move|p1a: Ferdinand|Hurricane|p2a: Dragonite\n|-damage|p2a: Dragonite|81\/100\n|-start|p2a: Dragonite|confusion\n|-activate|p2a: Dragonite|confusion\n|move|p2a: Dragonite|Stone Edge|p1a: Ferdinand\n|-supereffective|p1a: Ferdinand\n|-damage|p1a: Ferdinand|44\/100\n|\n|upkeep\n|turn|29\n|\n|t:|1623291407\n|move|p1a: Ferdinand|Roost|p1a: Ferdinand\n|-heal|p1a: Ferdinand|94\/100\n|-singleturn|p1a: Ferdinand|move: Roost\n|-activate|p2a: Dragonite|confusion\n|move|p2a: Dragonite|Stone Edge|p1a: Ferdinand|[miss]\n|-miss|p2a: Dragonite|p1a: Ferdinand\n|\n|upkeep\n|turn|30\n|\n|t:|1623291415\n|move|p1a: Ferdinand|Volt Switch|p2a: Dragonite\n|-damage|p2a: Dragonite|53\/100\n|\n|t:|1623291421\n|switch|p1a: Linhardt|Zarude|100\/100|[from]move: Volt Switch\n|-activate|p2a: Dragonite|confusion\n|-damage|p2a: Dragonite|37\/100|[from] confusion\n|\n|upkeep\n|turn|31\n|\n|t:|1623291428\n|move|p1a: Linhardt|Darkest Lariat|p2a: Dragonite\n|-crit|p2a: Dragonite\n|-damage|p2a: Dragonite|0 fnt\n|faint|p2a: Dragonite\n|\n|upkeep\n|\n|t:|1623291430\n|switch|p2a: OUGH\ud83e\udd8dOUGH\ud83e\udd8d|Rillaboom, M, shiny|45\/100\n|turn|32\n|\n|t:|1623291434\n|move|p1a: Linhardt|Darkest Lariat|p2a: OUGH\ud83e\udd8dOUGH\ud83e\udd8d\n|-damage|p2a: OUGH\ud83e\udd8dOUGH\ud83e\udd8d|0 fnt\n|faint|p2a: OUGH\ud83e\udd8dOUGH\ud83e\udd8d\n|\n|upkeep\n|\n|t:|1623291436\n|switch|p2a: kangaCOCK|Kangaskhan, F|16\/100\n|turn|33\n|\n|t:|1623291438\n|move|p1a: Linhardt|Darkest Lariat|p2a: kangaCOCK\n|-damage|p2a: kangaCOCK|0 fnt\n|faint|p2a: kangaCOCK\n|\n|win|WillTheRNGLord\n|l|\u2606TehranTyphlosions\n","uploadtime":1623291448,"views":16,"p1id":"willthernglord","p2id":"tehrantyphlosions","formatid":"gen8nationaldexlegacy","rating":0,"private":0,"password":null}