{"id":"sports-gen6draftleague-747458","p1":"Elon Musk Rusk","p2":"SpicE Revenge","format":"gen6draftleague","log":"|j|\u2606Elon Musk Rusk\n|j|\u2606SpicE Revenge\n|t:|1667671571\n|gametype|singles\n|player|p1|Elon Musk Rusk|170|\n|player|p2|SpicE Revenge|n|\n|teamsize|p1|6\n|teamsize|p2|6\n|gen|6\n|tier|[Gen 6] Draft League\n|rule|Sleep Clause Mod: Limit one foe put to sleep\n|rule|OHKO Clause: OHKO moves are banned\n|rule|Evasion Moves Clause: Evasion moves are banned\n|rule|Endless Battle Clause: Forcing endless battles is banned\n|rule|HP Percentage Mod: HP is shown in percentages\n|clearpoke\n|poke|p1|Gardevoir, F|item\n|poke|p1|Tyranitar, M|item\n|poke|p1|Mienshao, M|item\n|poke|p1|Tangrowth, M|item\n|poke|p1|Gliscor, M|item\n|poke|p1|Scizor, M|item\n|poke|p2|Magnezone|item\n|poke|p2|Kyurem-Black|item\n|poke|p2|Blaziken, M|item\n|poke|p2|Slowbro, F|item\n|poke|p2|Landorus-Therian, M|item\n|poke|p2|Ninjask, F|item\n|teampreview\n|html|<button name=\"send\" class=\"button\" value=\"\/timer ds\"><i class=\"fa fa-hourglass-start\"><\/i> DS Timer<\/button> <button name=\"send\" class=\"button\" value=\"\/timer smogon\"><i class=\"fa fa-hourglass-start\"><\/i> Smogon Timer<\/button>\n|\n|t:|1667671655\n|start\n|switch|p1a: Gardevoir|Gardevoir, F|100\/100\n|switch|p2a: Kyurem|Kyurem-Black|100\/100\n|-ability|p2a: Kyurem|Teravolt\n|turn|1\n|\n|t:|1667671700\n|detailschange|p1a: Gardevoir|Gardevoir-Mega, F\n|-mega|p1a: Gardevoir|Gardevoir|Gardevoirite\n|move|p2a: Kyurem|Iron Head|p1a: Gardevoir\n|-supereffective|p1a: Gardevoir\n|-damage|p1a: Gardevoir|0 fnt\n|faint|p1a: Gardevoir\n|-damage|p2a: Kyurem|91\/100|[from] item: Life Orb\n|\n|upkeep\n|\n|t:|1667671736\n|switch|p1a: Mienshao|Mienshao, M|100\/100\n|turn|2\n|\n|t:|1667671740\n|move|p2a: Kyurem|Protect|p2a: Kyurem\n|-singleturn|p2a: Kyurem|Protect\n|move|p1a: Mienshao|U-turn|p2a: Kyurem\n|-activate|p2a: Kyurem|move: Protect\n|\n|upkeep\n|turn|3\n|\n|t:|1667671747\n|switch|p2a: Landorus|Landorus-Therian, M|100\/100\n|-ability|p2a: Landorus|Intimidate|boost\n|-unboost|p1a: Mienshao|atk|1\n|move|p1a: Mienshao|High Jump Kick|p2a: Landorus\n|-resisted|p2a: Landorus\n|-damage|p2a: Landorus|86\/100\n|\n|-heal|p2a: Landorus|92\/100|[from] item: Leftovers\n|upkeep\n|turn|4\n|\n|t:|1667671755\n|move|p1a: Mienshao|U-turn|p2a: Landorus\n|-resisted|p2a: Landorus\n|-damage|p2a: Landorus|87\/100\n|\n|t:|1667671756\n|switch|p1a: Gliscor|Gliscor, M|100\/100|[from]move: U-turn\n|move|p2a: Landorus|Stealth Rock|p1a: Gliscor\n|-sidestart|p1: Elon Musk Rusk|move: Stealth Rock\n|\n|-heal|p2a: Landorus|93\/100|[from] item: Leftovers\n|-status|p1a: Gliscor|tox|[from] item: Toxic Orb\n|upkeep\n|turn|5\n|\n|t:|1667671761\n|move|p1a: Gliscor|Stealth Rock|p2a: Landorus\n|-sidestart|p2: SpicE Revenge|move: Stealth Rock\n|move|p2a: Landorus|U-turn|p1a: Gliscor\n|-resisted|p1a: Gliscor\n|-damage|p1a: Gliscor|93\/100 tox\n|\n|t:|1667671765\n|switch|p2a: Kyurem|Kyurem-Black|91\/100|[from]move: U-turn\n|-damage|p2a: Kyurem|66\/100|[from] Stealth Rock\n|-ability|p2a: Kyurem|Teravolt\n|\n|-heal|p1a: Gliscor|100\/100 tox|[from] ability: Poison Heal\n|upkeep\n|turn|6\n|\n|t:|1667671771\n|switch|p1a: Scizor|Scizor, M|100\/100\n|-damage|p1a: Scizor|88\/100|[from] Stealth Rock\n|move|p2a: Kyurem|Ice Beam|p1a: Scizor\n|-resisted|p1a: Scizor\n|-damage|p1a: Scizor|51\/100\n|-status|p1a: Scizor|frz\n|-damage|p2a: Kyurem|56\/100|[from] item: Life Orb\n|\n|upkeep\n|turn|7\n|\n|t:|1667671778\n|cant|p1a: Scizor|frz\n|move|p2a: Kyurem|Fusion Bolt|p1a: Scizor\n|-damage|p1a: Scizor|3\/100 frz\n|-damage|p2a: Kyurem|46\/100|[from] item: Life Orb\n|\n|upkeep\n|turn|8\n|\n|t:|1667671788\n|cant|p1a: Scizor|frz\n|move|p2a: Kyurem|Ice Beam|p1a: Scizor\n|-resisted|p1a: Scizor\n|-damage|p1a: Scizor|0 fnt\n|faint|p1a: Scizor\n|-damage|p2a: Kyurem|36\/100|[from] item: Life Orb\n|\n|upkeep\n|\n|t:|1667671793\n|switch|p1a: Mienshao|Mienshao, M|100\/100\n|-damage|p1a: Mienshao|95\/100|[from] Stealth Rock\n|turn|9\n|\n|t:|1667671799\n|move|p1a: Mienshao|Fake Out|p2a: Kyurem\n|-damage|p2a: Kyurem|21\/100\n|cant|p2a: Kyurem|flinch\n|\n|upkeep\n|turn|10\n|\n|t:|1667671802\n|move|p2a: Kyurem|Protect|p2a: Kyurem\n|-singleturn|p2a: Kyurem|Protect\n|move|p1a: Mienshao|Knock Off|p2a: Kyurem\n|-activate|p2a: Kyurem|move: Protect\n|\n|upkeep\n|turn|11\n|\n|t:|1667671811\n|move|p1a: Mienshao|Knock Off|p2a: Kyurem\n|-damage|p2a: Kyurem|0 fnt\n|-enditem|p2a: Kyurem|Life Orb|[from] move: Knock Off|[of] p1a: Mienshao\n|faint|p2a: Kyurem\n|\n|upkeep\n|\n|t:|1667671815\n|switch|p2a: Slowbro|Slowbro, F|100\/100\n|-damage|p2a: Slowbro|88\/100|[from] Stealth Rock\n|turn|12\n|\n|t:|1667671818\n|move|p1a: Mienshao|Knock Off|p2a: Slowbro\n|-supereffective|p2a: Slowbro\n|-damage|p2a: Slowbro|33\/100\n|-enditem|p2a: Slowbro|Leftovers|[from] move: Knock Off|[of] p1a: Mienshao\n|move|p2a: Slowbro|Scald|p1a: Mienshao\n|-damage|p1a: Mienshao|56\/100\n|\n|upkeep\n|turn|13\n|\n|t:|1667671825\n|move|p1a: Mienshao|Knock Off|p2a: Slowbro\n|-supereffective|p2a: Slowbro\n|-damage|p2a: Slowbro|0 fnt\n|faint|p2a: Slowbro\n|\n|upkeep\n|\n|t:|1667671854\n|switch|p2a: Landorus|Landorus-Therian, M|93\/100\n|-damage|p2a: Landorus|80\/100|[from] Stealth Rock\n|-ability|p2a: Landorus|Intimidate|boost\n|-unboost|p1a: Mienshao|atk|1\n|turn|14\n|\n|t:|1667671881\n|move|p1a: Mienshao|U-turn|p2a: Landorus\n|-resisted|p2a: Landorus\n|-damage|p2a: Landorus|74\/100\n|\n|t:|1667671882\n|switch|p1a: Gliscor|Gliscor, M|100\/100 tox|[from]move: U-turn\n|-damage|p1a: Gliscor|88\/100 tox|[from] Stealth Rock\n|move|p2a: Landorus|Stone Edge|p1a: Gliscor\n|-damage|p1a: Gliscor|66\/100 tox\n|\n|-heal|p2a: Landorus|80\/100|[from] item: Leftovers\n|-heal|p1a: Gliscor|78\/100 tox|[from] ability: Poison Heal\n|upkeep\n|turn|15\n|\n|t:|1667671895\n|move|p1a: Gliscor|Toxic|p2a: Landorus\n|-status|p2a: Landorus|tox\n|move|p2a: Landorus|Stone Edge|p1a: Gliscor\n|-damage|p1a: Gliscor|57\/100 tox\n|\n|-heal|p2a: Landorus|86\/100 tox|[from] item: Leftovers\n|-heal|p1a: Gliscor|70\/100 tox|[from] ability: Poison Heal\n|-damage|p2a: Landorus|80\/100 tox|[from] psn\n|upkeep\n|turn|16\n|\n|t:|1667671927\n|move|p1a: Gliscor|Roost|p1a: Gliscor\n|-heal|p1a: Gliscor|100\/100 tox\n|-singleturn|p1a: Gliscor|move: Roost\n|move|p2a: Landorus|U-turn|p1a: Gliscor\n|-damage|p1a: Gliscor|86\/100 tox\n|\n|t:|1667671934\n|switch|p2a: Blaziken|Blaziken, M|100\/100|[from]move: U-turn\n|-damage|p2a: Blaziken|88\/100|[from] Stealth Rock\n|\n|-heal|p1a: Gliscor|98\/100 tox|[from] ability: Poison Heal\n|upkeep\n|turn|17\n|\n|t:|1667671938\n|move|p2a: Blaziken|Hidden Power|p1a: Gliscor\n|-supereffective|p1a: Gliscor\n|-damage|p1a: Gliscor|21\/100 tox\n|move|p1a: Gliscor|Earthquake|p2a: Blaziken\n|-supereffective|p2a: Blaziken\n|-damage|p2a: Blaziken|0 fnt\n|faint|p2a: Blaziken\n|\n|-heal|p1a: Gliscor|33\/100 tox|[from] ability: Poison Heal\n|upkeep\n|\n|t:|1667671942\n|switch|p2a: Magnezone|Magnezone|100\/100\n|-damage|p2a: Magnezone|94\/100|[from] Stealth Rock\n|turn|18\n|\n|t:|1667671951\n|move|p2a: Magnezone|Flash Cannon|p1a: Gliscor\n|-damage|p1a: Gliscor|0 fnt\n|faint|p1a: Gliscor\n|\n|upkeep\n|\n|t:|1667671954\n|switch|p1a: Mienshao|Mienshao, M|89\/100\n|-damage|p1a: Mienshao|83\/100|[from] Stealth Rock\n|turn|19\n|\n|t:|1667672009\n|switch|p2a: Landorus|Landorus-Therian, M|80\/100 tox\n|-damage|p2a: Landorus|68\/100 tox|[from] Stealth Rock\n|-ability|p2a: Landorus|Intimidate|boost\n|-unboost|p1a: Mienshao|atk|1\n|move|p1a: Mienshao|High Jump Kick|p2a: Landorus|[miss]\n|-miss|p1a: Mienshao|p2a: Landorus\n|-damage|p1a: Mienshao|33\/100|[from] highjumpkick\n|\n|-heal|p2a: Landorus|74\/100 tox|[from] item: Leftovers\n|-damage|p2a: Landorus|68\/100 tox|[from] psn\n|upkeep\n|turn|20\n|\n|t:|1667672057\n|move|p1a: Mienshao|U-turn|p2a: Landorus\n|-resisted|p2a: Landorus\n|-damage|p2a: Landorus|63\/100 tox\n|\n|t:|1667672059\n|switch|p1a: Tangrowth|Tangrowth, M|100\/100|[from]move: U-turn\n|-damage|p1a: Tangrowth|88\/100|[from] Stealth Rock\n|move|p2a: Landorus|Earthquake|p1a: Tangrowth\n|-resisted|p1a: Tangrowth\n|-damage|p1a: Tangrowth|72\/100\n|\n|-heal|p2a: Landorus|69\/100 tox|[from] item: Leftovers\n|-damage|p2a: Landorus|57\/100 tox|[from] psn\n|upkeep\n|turn|21\n|\n|t:|1667672069\n|move|p2a: Landorus|Earthquake|p1a: Tangrowth\n|-resisted|p1a: Tangrowth\n|-damage|p1a: Tangrowth|56\/100\n|move|p1a: Tangrowth|Focus Blast|p2a: Landorus|[miss]\n|-miss|p1a: Tangrowth|p2a: Landorus\n|\n|-heal|p2a: Landorus|63\/100 tox|[from] item: Leftovers\n|-damage|p2a: Landorus|44\/100 tox|[from] psn\n|upkeep\n|turn|22\n|\n|t:|1667672075\n|move|p2a: Landorus|Earthquake|p1a: Tangrowth\n|-resisted|p1a: Tangrowth\n|-damage|p1a: Tangrowth|39\/100\n|move|p1a: Tangrowth|Knock Off|p2a: Landorus\n|-damage|p2a: Landorus|30\/100 tox\n|-enditem|p2a: Landorus|Leftovers|[from] move: Knock Off|[of] p1a: Tangrowth\n|\n|-damage|p2a: Landorus|5\/100 tox|[from] psn\n|upkeep\n|turn|23\n|\n|t:|1667672080\n|move|p2a: Landorus|U-turn|p1a: Tangrowth\n|-supereffective|p1a: Tangrowth\n|-damage|p1a: Tangrowth|10\/100\n|\n|t:|1667672091\n|switch|p2a: Magnezone|Magnezone|94\/100|[from]move: U-turn\n|-damage|p2a: Magnezone|88\/100|[from] Stealth Rock\n|move|p1a: Tangrowth|Giga Drain|p2a: Magnezone\n|-resisted|p2a: Magnezone\n|-damage|p2a: Magnezone|71\/100\n|-heal|p1a: Tangrowth|16\/100|[from] drain|[of] p2a: Magnezone\n|\n|upkeep\n|turn|24\n|\n|t:|1667672108\n|move|p2a: Magnezone|Thunderbolt|p1a: Tangrowth\n|-resisted|p1a: Tangrowth\n|-damage|p1a: Tangrowth|1\/100\n|move|p1a: Tangrowth|Focus Blast|p2a: Magnezone|[miss]\n|-miss|p1a: Tangrowth|p2a: Magnezone\n|\n|upkeep\n|turn|25\n|c|\u2606SpicE Revenge|wow\n|\n|t:|1667672123\n|move|p2a: Magnezone|Thunderbolt|p1a: Tangrowth\n|-resisted|p1a: Tangrowth\n|-damage|p1a: Tangrowth|0 fnt\n|faint|p1a: Tangrowth\n|\n|upkeep\n|\n|t:|1667672172\n|switch|p1a: Mienshao|Mienshao, M|67\/100\n|-damage|p1a: Mienshao|61\/100|[from] Stealth Rock\n|turn|26\n|\n|t:|1667672177\n|switch|p2a: Landorus|Landorus-Therian, M|5\/100 tox\n|-damage|p2a: Landorus|0 fnt|[from] Stealth Rock\n|faint|p2a: Landorus\n|move|p1a: Mienshao|Knock Off|p2: Landorus|[notarget]\n|-fail|p1a: Mienshao\n|\n|upkeep\n|\n|t:|1667672183\n|switch|p2a: Ninjask|Ninjask, F|100\/100\n|-damage|p2a: Ninjask|51\/100|[from] Stealth Rock\n|turn|27\n|\n|t:|1667672190\n|move|p2a: Ninjask|Substitute|p2a: Ninjask\n|-start|p2a: Ninjask|Substitute\n|-damage|p2a: Ninjask|26\/100\n|move|p1a: Mienshao|Knock Off|p2a: Ninjask\n|-end|p2a: Ninjask|Substitute\n|\n|-ability|p2a: Ninjask|Speed Boost|boost\n|-boost|p2a: Ninjask|spe|1\n|upkeep\n|turn|28\n|\n|t:|1667672214\n|switch|p1a: Tyranitar|Tyranitar, M|100\/100\n|-damage|p1a: Tyranitar|88\/100|[from] Stealth Rock\n|-weather|Sandstorm|[from] ability: Sand Stream|[of] p1a: Tyranitar\n|move|p2a: Ninjask|Aerial Ace|p1a: Tyranitar\n|-resisted|p1a: Tyranitar\n|-damage|p1a: Tyranitar|75\/100\n|\n|-weather|Sandstorm|[upkeep]\n|-damage|p2a: Ninjask|20\/100|[from] Sandstorm\n|-ability|p2a: Ninjask|Speed Boost|boost\n|-boost|p2a: Ninjask|spe|1\n|upkeep\n|turn|29\n|\n|t:|1667672217\n|move|p2a: Ninjask|X-Scissor|p1a: Tyranitar\n|-supereffective|p1a: Tyranitar\n|-damage|p1a: Tyranitar|8\/100\n|move|p1a: Tyranitar|Crunch|p2a: Ninjask\n|-damage|p2a: Ninjask|0 fnt\n|faint|p2a: Ninjask\n|\n|-weather|Sandstorm|[upkeep]\n|upkeep\n|\n|t:|1667672220\n|switch|p2a: Magnezone|Magnezone|71\/100\n|-damage|p2a: Magnezone|65\/100|[from] Stealth Rock\n|turn|30\n|\n|t:|1667672230\n|move|p2a: Magnezone|Thunderbolt|p1a: Tyranitar\n|-damage|p1a: Tyranitar|0 fnt\n|faint|p1a: Tyranitar\n|\n|-weather|Sandstorm|[upkeep]\n|upkeep\n|\n|t:|1667672239\n|switch|p1a: Mienshao|Mienshao, M|94\/100\n|-damage|p1a: Mienshao|88\/100|[from] Stealth Rock\n|turn|31\n|\n|t:|1667672243\n|move|p1a: Mienshao|Fake Out|p2a: Magnezone\n|-resisted|p2a: Magnezone\n|-damage|p2a: Magnezone|58\/100\n|cant|p2a: Magnezone|flinch\n|\n|-weather|Sandstorm|[upkeep]\n|-damage|p1a: Mienshao|82\/100|[from] Sandstorm\n|upkeep\n|turn|32\n|\n|t:|1667672258\n|move|p2a: Magnezone|Thunderbolt|p1a: Mienshao\n|-damage|p1a: Mienshao|31\/100\n|move|p1a: Mienshao|High Jump Kick|p2a: Magnezone\n|-supereffective|p2a: Magnezone\n|-damage|p2a: Magnezone|0 fnt\n|faint|p2a: Magnezone\n|\n|win|Elon Musk Rusk\n|c|\u2606SpicE Revenge|gg\n|c|\u2606Elon Musk Rusk|gg\n|c|\u2606SpicE Revenge|can you grab replay\/\n|c|\u2606SpicE Revenge|?\n|c|\u2606Elon Musk Rusk|ye\n","uploadtime":1667672281,"views":8,"p1id":"elonmuskrusk","p2id":"spicerevenge","formatid":"gen6draftleague","rating":0,"private":0,"password":null}