{"id":"sports-gen8nationaldexunrestricted-721244","p1":"MrDarkington","p2":"Elon Musk Rusk","format":"gen8nationaldexunrestricted","log":"|j|\u2606MrDarkington\n|j|\u2606Elon Musk Rusk\n|t:|1662313933\n|gametype|singles\n|player|p1|MrDarkington|mrdarkington.png|\n|player|p2|Elon Musk Rusk|266|\n|teamsize|p1|6\n|teamsize|p2|6\n|gen|8\n|tier|[Gen 8] National Dex Unrestricted\n|rule|Sleep Clause Mod: Limit one foe put to sleep\n|rule|OHKO Clause: OHKO moves are banned\n|rule|Evasion Moves Clause: Evasion moves are banned\n|rule|Endless Battle Clause: Forcing endless battles is banned\n|rule|HP Percentage Mod: HP is shown in percentages\n|clearpoke\n|poke|p1|Medicham, M|\n|poke|p1|Greninja, M|\n|poke|p1|Torterra, F|\n|poke|p1|Mismagius, F|\n|poke|p1|Alcremie-Rainbow-Swirl, F|\n|poke|p1|Chatot, M|\n|poke|p2|Weezing-Galar, M|\n|poke|p2|Porygon|\n|poke|p2|Arceus-*|\n|poke|p2|Kommo-o, M|\n|poke|p2|Suicune|\n|poke|p2|Cinderace, F|\n|teampreview\n|html|<button name=\"send\" class=\"button\" value=\"\/timer ds\"><i class=\"fa fa-hourglass-start\"><\/i> DS Timer<\/button> <button name=\"send\" class=\"button\" value=\"\/timer smogon\"><i class=\"fa fa-hourglass-start\"><\/i> Smogon Timer<\/button>\n|c|\u2606MrDarkington|glhf\n|c|\u2606MrDarkington|3rd battle today i am so fucking tired\n|c|\u2606Elon Musk Rusk|I have homework to do so I would appreciate if it would be quick but yeah go on\n|\n|t:|1662313995\n|start\n|switch|p1a: Ghosts aint real|Mismagius, F|100\/100\n|switch|p2a: Arceus|Arceus-Bug|100\/100\n|turn|1\n|\n|t:|1662314003\n|switch|p2a: Porygon|Porygon|100\/100\n|move|p1a: Ghosts aint real|Boomburst|p2a: Porygon\n|-damage|p2a: Porygon|65\/100\n|\n|upkeep\n|turn|2\n|\n|t:|1662314010\n|switch|p1a: Trolley|Medicham, M, shiny|100\/100\n|move|p2a: Porygon|Toxic|p1a: Trolley\n|-status|p1a: Trolley|tox\n|\n|-damage|p1a: Trolley|94\/100 tox|[from] psn\n|upkeep\n|turn|3\n|\n|t:|1662314021\n|switch|p2a: Weezing|Weezing-Galar, M|100\/100\n|-ability|p2a: Weezing|Neutralizing Gas\n|detailschange|p1a: Trolley|Medicham-Mega, M, shiny\n|-mega|p1a: Trolley|Medicham|Medichamite\n|move|p1a: Trolley|Close Combat|p2a: Weezing\n|-resisted|p2a: Weezing\n|-damage|p2a: Weezing|91\/100\n|-unboost|p1a: Trolley|def|1\n|-unboost|p1a: Trolley|spd|1\n|\n|-damage|p1a: Trolley|82\/100 tox|[from] psn\n|upkeep\n|turn|4\n|\n|t:|1662314026\n|move|p1a: Trolley|Psychic Fangs|p2a: Weezing\n|-supereffective|p2a: Weezing\n|-enditem|p2a: Weezing|Payapa Berry|[eat]\n|-enditem|p2a: Weezing|Payapa Berry|[weaken]\n|-damage|p2a: Weezing|65\/100\n|move|p2a: Weezing|Strange Steam|p1a: Trolley\n|-supereffective|p1a: Trolley\n|-damage|p1a: Trolley|0 fnt\n|faint|p1a: Trolley\n|\n|upkeep\n|c|\u2606MrDarkington|well fuck\n|\n|t:|1662314043\n|switch|p1a: Frogge|Greninja, M|100\/100\n|turn|5\n|\n|t:|1662314049\n|-end|p2a: Weezing|ability: Neutralizing Gas\n|switch|p2a: Suicune|Suicune|100\/100\n|-ability|p2a: Suicune|Pressure\n|move|p1a: Frogge|Extrasensory|p2a: Suicune\n|-damage|p2a: Suicune|77\/100\n|\n|-heal|p2a: Suicune|83\/100|[from] item: Leftovers\n|upkeep\n|turn|6\n|\n|t:|1662314056\n|switch|p1a: Master Oogway|Torterra, F, shiny|100\/100\n|move|p2a: Suicune|Wish|p2a: Suicune\n|\n|-heal|p2a: Suicune|90\/100|[from] item: Leftovers\n|upkeep\n|turn|7\n|\n|t:|1662314060\n|switch|p2a: Weezing|Weezing-Galar, M|65\/100\n|-ability|p2a: Weezing|Neutralizing Gas\n|move|p1a: Master Oogway|Shell Smash|p1a: Master Oogway\n|-unboost|p1a: Master Oogway|def|1\n|-unboost|p1a: Master Oogway|spd|1\n|-boost|p1a: Master Oogway|atk|2\n|-boost|p1a: Master Oogway|spa|2\n|-boost|p1a: Master Oogway|spe|2\n|-enditem|p1a: Master Oogway|White Herb\n|-clearnegativeboost|p1a: Master Oogway|[silent]\n|\n|-heal|p2a: Weezing|100\/100|[from] move: Wish|[wisher] Suicune\n|upkeep\n|turn|8\n|\n|t:|1662314070\n|move|p1a: Master Oogway|Earthquake|p2a: Weezing\n|-supereffective|p2a: Weezing\n|-damage|p2a: Weezing|0 fnt\n|faint|p2a: Weezing\n|-end|p2a: Weezing|ability: Neutralizing Gas\n|\n|upkeep\n|\n|t:|1662314075\n|switch|p2a: Arceus|Arceus-Bug|100\/100\n|turn|9\n|\n|t:|1662314078\n|move|p1a: Master Oogway|Stone Edge|p2a: Arceus\n|-supereffective|p2a: Arceus\n|-damage|p2a: Arceus|20\/100\n|move|p2a: Arceus|U-turn|p1a: Master Oogway\n|-supereffective|p1a: Master Oogway\n|-damage|p1a: Master Oogway|23\/100\n|\n|t:|1662314084\n|switch|p2a: Cinderace|Cinderace, F|100\/100|[from]move: U-turn\n|\n|upkeep\n|turn|10\n|\n|t:|1662314089\n|switch|p1a: Frogge|Greninja, M|100\/100\n|move|p2a: Cinderace|Sucker Punch||[still]\n|-fail|p2a: Cinderace\n|\n|upkeep\n|turn|11\n|\n|t:|1662314095\n|switch|p2a: Suicune|Suicune|90\/100\n|-ability|p2a: Suicune|Pressure\n|move|p1a: Frogge|Surf|p2a: Suicune\n|-resisted|p2a: Suicune\n|-damage|p2a: Suicune|70\/100\n|\n|-heal|p2a: Suicune|76\/100|[from] item: Leftovers\n|upkeep\n|turn|12\n|\n|t:|1662314110\n|switch|p1a: Ghosts aint real|Mismagius, F|100\/100\n|move|p2a: Suicune|Scald|p1a: Ghosts aint real\n|-damage|p1a: Ghosts aint real|70\/100\n|\n|-heal|p2a: Suicune|83\/100|[from] item: Leftovers\n|upkeep\n|turn|13\n|\n|t:|1662314116\n|move|p1a: Ghosts aint real|Boomburst|p2a: Suicune\n|-damage|p2a: Suicune|44\/100\n|move|p2a: Suicune|Wish|p2a: Suicune\n|\n|-heal|p2a: Suicune|50\/100|[from] item: Leftovers\n|upkeep\n|turn|14\n|\n|t:|1662314119\n|move|p1a: Ghosts aint real|Boomburst|p2a: Suicune\n|-damage|p2a: Suicune|13\/100\n|move|p2a: Suicune|Calm Mind|p2a: Suicune\n|-boost|p2a: Suicune|spa|1\n|-boost|p2a: Suicune|spd|1\n|\n|-heal|p2a: Suicune|63\/100|[from] move: Wish|[wisher] Suicune\n|-heal|p2a: Suicune|69\/100|[from] item: Leftovers\n|upkeep\n|turn|15\n|\n|t:|1662314121\n|move|p1a: Ghosts aint real|Boomburst|p2a: Suicune\n|-damage|p2a: Suicune|43\/100\n|move|p2a: Suicune|Wish|p2a: Suicune\n|\n|-heal|p2a: Suicune|49\/100|[from] item: Leftovers\n|upkeep\n|turn|16\n|c|\u2606MrDarkington|well fuck\n|\n|t:|1662314126\n|move|p1a: Ghosts aint real|Boomburst|p2a: Suicune\n|-damage|p2a: Suicune|23\/100\n|move|p2a: Suicune|Scald|p1a: Ghosts aint real\n|-damage|p1a: Ghosts aint real|20\/100\n|\n|-heal|p2a: Suicune|73\/100|[from] move: Wish|[wisher] Suicune\n|-heal|p2a: Suicune|79\/100|[from] item: Leftovers\n|upkeep\n|turn|17\n|\n|t:|1662314129\n|move|p1a: Ghosts aint real|Boomburst|p2a: Suicune\n|-damage|p2a: Suicune|55\/100\n|move|p2a: Suicune|Wish|p2a: Suicune\n|\n|-heal|p2a: Suicune|61\/100|[from] item: Leftovers\n|upkeep\n|turn|18\n|\n|t:|1662314132\n|move|p1a: Ghosts aint real|Boomburst|p2a: Suicune\n|-damage|p2a: Suicune|38\/100\n|move|p2a: Suicune|Calm Mind|p2a: Suicune\n|-boost|p2a: Suicune|spa|1\n|-boost|p2a: Suicune|spd|1\n|\n|-heal|p2a: Suicune|88\/100|[from] move: Wish|[wisher] Suicune\n|-heal|p2a: Suicune|94\/100|[from] item: Leftovers\n|upkeep\n|turn|19\n|\n|t:|1662314136\n|move|p1a: Ghosts aint real|Boomburst|p2a: Suicune\n|-damage|p2a: Suicune|75\/100\n|move|p2a: Suicune|Calm Mind|p2a: Suicune\n|-boost|p2a: Suicune|spa|1\n|-boost|p2a: Suicune|spd|1\n|\n|-heal|p2a: Suicune|81\/100|[from] item: Leftovers\n|upkeep\n|turn|20\n|c|\u2606MrDarkington|yeah i threw hard\n|c|\u2606MrDarkington|ggs\n|\n|t:|1662314144\n|move|p1a: Ghosts aint real|Boomburst|p2a: Suicune\n|-damage|p2a: Suicune|67\/100\n|move|p2a: Suicune|Wish|p2a: Suicune\n|\n|-heal|p2a: Suicune|73\/100|[from] item: Leftovers\n|upkeep\n|turn|21\n|\n|t:|1662314147\n|-activate|p1a: Ghosts aint real|move: Struggle\n|move|p1a: Ghosts aint real|Struggle|p2a: Suicune\n|-damage|p2a: Suicune|70\/100\n|-damage|p1a: Ghosts aint real|0 fnt|[from] recoil\n|faint|p1a: Ghosts aint real\n|move|p2a: Suicune|Calm Mind|p2a: Suicune\n|-boost|p2a: Suicune|spa|1\n|-boost|p2a: Suicune|spd|1\n|\n|-heal|p2a: Suicune|100\/100|[from] move: Wish|[wisher] Suicune\n|upkeep\n|\n|t:|1662314154\n|switch|p1a: Frogge|Greninja, M|100\/100\n|turn|22\n|\n|t:|1662314157\n|move|p1a: Frogge|Grass Knot|p2a: Suicune\n|-supereffective|p2a: Suicune\n|-damage|p2a: Suicune|81\/100\n|move|p2a: Suicune|Scald|p1a: Frogge\n|-resisted|p1a: Frogge\n|-damage|p1a: Frogge|47\/100\n|\n|-heal|p2a: Suicune|87\/100|[from] item: Leftovers\n|upkeep\n|turn|23\n|\n|t:|1662314160\n|move|p1a: Frogge|Grass Knot|p2a: Suicune\n|-supereffective|p2a: Suicune\n|-damage|p2a: Suicune|68\/100\n|move|p2a: Suicune|Calm Mind|p2a: Suicune\n|-boost|p2a: Suicune|spa|1\n|-boost|p2a: Suicune|spd|1\n|\n|-heal|p2a: Suicune|74\/100|[from] item: Leftovers\n|upkeep\n|turn|24\n|\n|t:|1662314162\n|move|p1a: Frogge|Grass Knot|p2a: Suicune\n|-supereffective|p2a: Suicune\n|-damage|p2a: Suicune|57\/100\n|move|p2a: Suicune|Scald|p1a: Frogge\n|-resisted|p1a: Frogge\n|-crit|p1a: Frogge\n|-damage|p1a: Frogge|0 fnt\n|faint|p1a: Frogge\n|\n|-heal|p2a: Suicune|64\/100|[from] item: Leftovers\n|upkeep\n|\n|t:|1662314164\n|switch|p1a: Master Oogway|Torterra, F, shiny|23\/100\n|turn|25\n|\n|t:|1662314167\n|move|p1a: Master Oogway|Seed Bomb|p2a: Suicune\n|-supereffective|p2a: Suicune\n|-damage|p2a: Suicune|15\/100\n|move|p2a: Suicune|Scald|p1a: Master Oogway\n|-damage|p1a: Master Oogway|0 fnt\n|faint|p1a: Master Oogway\n|\n|-heal|p2a: Suicune|21\/100|[from] item: Leftovers\n|upkeep\n|c|\u2606MrDarkington|the fuck\n|c|\u2606MrDarkington|well i still lose\n|\n|t:|1662314177\n|switch|p1a: Taka|Chatot, M|100\/100\n|turn|26\n|\n|t:|1662314181\n|move|p2a: Suicune|Protect|p2a: Suicune\n|-singleturn|p2a: Suicune|Protect\n|move|p1a: Taka|Extreme Speed|p2a: Suicune\n|-activate|p2a: Suicune|move: Protect\n|\n|-heal|p2a: Suicune|27\/100|[from] item: Leftovers\n|upkeep\n|turn|27\n|\n|t:|1662314189\n|switch|p2a: Kommo-o|Kommo-o, M|100\/100\n|move|p1a: Taka|Extreme Speed|p2a: Kommo-o\n|-supereffective|p2a: Kommo-o\n|-damage|p2a: Kommo-o|39\/100\n|-damage|p1a: Taka|88\/100|[from] ability: Rough Skin|[of] p2a: Kommo-o\n|-damage|p1a: Taka|78\/100|[from] item: Life Orb\n|\n|upkeep\n|turn|28\n|\n|t:|1662314198\n|move|p1a: Taka|Boomburst|p2a: Kommo-o\n|-supereffective|p2a: Kommo-o\n|-damage|p2a: Kommo-o|0 fnt\n|faint|p2a: Kommo-o\n|-damage|p1a: Taka|68\/100|[from] item: Life Orb\n|\n|upkeep\n|\n|t:|1662314201\n|switch|p2a: Cinderace|Cinderace, F|100\/100\n|turn|29\n|\n|t:|1662314203\n|switch|p1a: Cream waifu|Alcremie-Rainbow-Swirl, F, shiny|100\/100\n|move|p2a: Cinderace|Pyro Ball|p1a: Cream waifu\n|-damage|p1a: Cream waifu|22\/100\n|\n|-heal|p1a: Cream waifu|28\/100|[from] item: Leftovers\n|upkeep\n|turn|30\n|c|\u2606MrDarkington|yeah ggs\n|\n|t:|1662314209\n|move|p2a: Cinderace|Pyro Ball|p1a: Cream waifu\n|-damage|p1a: Cream waifu|0 fnt\n|faint|p1a: Cream waifu\n|\n|upkeep\n|\n|t:|1662314210\n|switch|p1a: Taka|Chatot, M|68\/100\n|turn|31\n|\n|t:|1662314213\n|move|p2a: Cinderace|Pyro Ball|p1a: Taka\n|-damage|p1a: Taka|0 fnt\n|faint|p1a: Taka\n|\n|win|Elon Musk Rusk\n|c|\u2606Elon Musk Rusk|gg\n","uploadtime":1662314217,"views":6,"p1id":"mrdarkington","p2id":"elonmuskrusk","formatid":"gen8nationaldexunrestricted","rating":0,"private":0,"password":null}