{"id":"sports-gen8nationaldexdlc2draft-127350","p1":"Extremekz","p2":"GeniusX","format":"gen8nationaldexdlc2draft","log":"|j|\u2606Extremekz\n|j|\u2606GeniusX\n|player|p1|Extremekz|hugh|\n|player|p2|GeniusX|geniusx.gif|\n|teamsize|p1|6\n|teamsize|p2|6\n|gametype|singles\n|gen|8\n|tier|[Gen 8] National Dex DLC2 Draft\n|rule|Sleep Clause Mod: Limit one foe put to sleep\n|rule|OHKO Clause: OHKO moves are banned\n|rule|Evasion Moves Clause: Evasion moves are banned\n|rule|Endless Battle Clause: Forcing endless battles is banned\n|rule|HP Percentage Mod: HP is shown in percentages\n|clearpoke\n|poke|p1|Necrozma|\n|poke|p1|Scizor, M|\n|poke|p1|Rillaboom, F|\n|poke|p1|Electivire, M|\n|poke|p1|Zygarde-10%|\n|poke|p1|Comfey, M|\n|poke|p2|Diancie|\n|poke|p2|Garchomp, M|\n|poke|p2|Weavile, F|\n|poke|p2|Rotom-Fan|\n|poke|p2|Toxapex, M|\n|poke|p2|Tangela, M|\n|rule|Dynamax Clause: You cannot dynamax\n|teampreview\n|html|<button name=\"send\" class=\"button\" value=\"\/timer ds\"><i class=\"fa fa-hourglass-start\"><\/i> DS Timer<\/button> <button name=\"send\" class=\"button\" value=\"\/timer smogon\"><i class=\"fa fa-hourglass-start\"><\/i> Smogon Timer<\/button>\n|c|\u2606GeniusX|hf\n|c|\u2606Extremekz|hf man \n|j| EGALombres\n|inactive|Battle timer is ON: inactive players will automatically lose when time's up. (requested by GeniusX)\n|j| Pogko\n|j| GrandmasSidePiece\n|j| Ishi x peeps\n|inactive|Extremekz has 270 seconds left.\n|j| Bananacrazy111\n|\n|start\n|switch|p1a: Shocksquatch|Electivire, M, shiny|100\/100\n|switch|p2a: Toxapex|Toxapex, M|100\/100\n|turn|1\n|j| Xx_CheckM8_xX\n|j| Gandalf the grey47\n|c| Xx_CheckM8_xX|hi\n|c| GrandmasSidePiece|hi\n|inactive|Extremekz has 90 seconds left.\n|inactive|GeniusX has 90 seconds left.\n|l| Pogko\n|c| Gandalf the grey47|Let\u2019s go tangela  \n|j| Platdog\n|\n|move|p1a: Shocksquatch|Substitute|p1a: Shocksquatch\n|-start|p1a: Shocksquatch|Substitute\n|-damage|p1a: Shocksquatch|76\/100\n|move|p2a: Toxapex|Toxic||[still]\n|-fail|p2a: Toxapex\n|\n|upkeep\n|turn|2\n|c| Xx_CheckM8_xX|Tangela pog\n|\n|switch|p2a: Tangela|Tangela, M|100\/100\n|move|p1a: Shocksquatch|Thunderbolt|p2a: Tangela\n|-resisted|p2a: Tangela\n|-damage|p2a: Tangela|81\/100\n|\n|upkeep\n|turn|3\n|j| bananathatislocal\n|\n|move|p1a: Shocksquatch|Flamethrower|p2a: Tangela\n|-supereffective|p2a: Tangela\n|-damage|p2a: Tangela|34\/100\n|move|p2a: Tangela|Synthesis|p2a: Tangela\n|-heal|p2a: Tangela|84\/100\n|\n|upkeep\n|turn|4\n|\n|move|p1a: Shocksquatch|Flamethrower|p2a: Tangela\n|-supereffective|p2a: Tangela\n|-damage|p2a: Tangela|38\/100\n|move|p2a: Tangela|Synthesis|p2a: Tangela\n|-heal|p2a: Tangela|88\/100\n|\n|upkeep\n|turn|5\n|j| deez streetz w\n|\n|move|p1a: Shocksquatch|Flamethrower|p2a: Tangela\n|-supereffective|p2a: Tangela\n|-damage|p2a: Tangela|39\/100\n|move|p2a: Tangela|Leaf Storm|p1a: Shocksquatch\n|-end|p1a: Shocksquatch|Substitute\n|-unboost|p2a: Tangela|spa|2\n|\n|upkeep\n|turn|6\n|\n|switch|p2a: Diancie|Diancie|100\/100\n|move|p1a: Shocksquatch|Substitute|p1a: Shocksquatch\n|-start|p1a: Shocksquatch|Substitute\n|-damage|p1a: Shocksquatch|51\/100\n|\n|upkeep\n|turn|7\n|\n|detailschange|p2a: Diancie|Diancie-Mega\n|-mega|p2a: Diancie|Diancie|Diancite\n|move|p2a: Diancie|Encore|p1a: Shocksquatch\n|-start|p1a: Shocksquatch|Encore\n|move|p1a: Shocksquatch|Substitute|p1a: Shocksquatch\n|-fail|p1a: Shocksquatch|move: Substitute\n|\n|upkeep\n|turn|8\n|c| Xx_CheckM8_xX|yikes\n|inactive|Extremekz has 90 seconds left.\n|inactive|GeniusX has 90 seconds left.\n|c| Gandalf the grey47|Yikers \n|\n|switch|p1a: Wildmutt|Zygarde-10%, shiny|100\/100\n|-ability|p1a: Wildmutt|Aura Break\n|move|p2a: Diancie|Mystical Fire|p1a: Wildmutt\n|-resisted|p1a: Wildmutt\n|-damage|p1a: Wildmutt|70\/100\n|-unboost|p1a: Wildmutt|spa|1\n|\n|upkeep\n|turn|9\n|j| 4G3NC Fish\n|inactive|Extremekz has 90 seconds left.\n|c| Platdog|How did genius get a gif for his avatar\n|c| Xx_CheckM8_xX|^\n|c| Bananacrazy111|^\n|c| GrandmasSidePiece|^\n|\n|switch|p2a: Tangela|Tangela, M|72\/100\n|move|p1a: Wildmutt|Thousand Arrows|p2a: Tangela\n|-resisted|p2a: Tangela\n|-damage|p2a: Tangela|62\/100\n|\n|upkeep\n|turn|10\n|j| kloshitteroladelo\n|l| kloshitteroladelo\n|l|\u2606GeniusX\n|inactive|GeniusX disconnected and has 300 seconds to reconnect!\n|player|p2|\n|inactive|Extremekz has 90 seconds left.\n|l| Platdog\n|c| Gandalf the grey47|I can\u2019t even have a avatar with good quality \n|inactive|GeniusX has 270 seconds to reconnect!\n|inactive|Extremekz has 60 seconds left.\n|j|\u2606GeniusX\n|inactive|GeniusX reconnected and has 95 seconds left.\n|player|p2|GeniusX|geniusx.gif\n|inactive|GeniusX has 90 seconds left.\n|c| Gandalf the grey47|Wait what happened to it\n|\n|switch|p1a: Pesky Dust|Comfey, M, shiny|100\/100\n|move|p2a: Tangela|Sleep Powder|p1a: Pesky Dust\n|-status|p1a: Pesky Dust|slp|[from] move: Sleep Powder\n|\n|upkeep\n|turn|11\n|inactive|GeniusX has 90 seconds left.\n|inactive|Extremekz has 90 seconds left.\n|\n|switch|p1a: Shocksquatch|Electivire, M, shiny|51\/100\n|move|p2a: Tangela|Sludge Bomb|p1a: Shocksquatch\n|-damage|p1a: Shocksquatch|20\/100\n|\n|upkeep\n|turn|12\n|inactive|GeniusX has 90 seconds left.\n|\n|move|p1a: Shocksquatch|Flamethrower|p2a: Tangela\n|-supereffective|p2a: Tangela\n|-damage|p2a: Tangela|10\/100\n|move|p2a: Tangela|Synthesis|p2a: Tangela\n|-heal|p2a: Tangela|60\/100\n|\n|upkeep\n|turn|13\n|inactive|GeniusX has 90 seconds left.\n|\n|move|p1a: Shocksquatch|Thunderbolt|p2a: Tangela\n|-resisted|p2a: Tangela\n|-damage|p2a: Tangela|42\/100\n|move|p2a: Tangela|Synthesis|p2a: Tangela\n|-heal|p2a: Tangela|92\/100\n|\n|upkeep\n|turn|14\n|\n|switch|p1a: Diamondhead|Scizor, M, shiny|100\/100\n|move|p2a: Tangela|Sludge Bomb|p1a: Diamondhead\n|-immune|p1a: Diamondhead\n|\n|upkeep\n|turn|15\n|\n|switch|p1a: Shocksquatch|Electivire, M, shiny|20\/100\n|switch|p2a: Rotom|Rotom-Fan|100\/100\n|\n|upkeep\n|turn|16\n|inactive|GeniusX has 90 seconds left.\n|\n|switch|p2a: Tangela|Tangela, M|100\/100\n|move|p1a: Shocksquatch|Ice Punch|p2a: Tangela\n|-supereffective|p2a: Tangela\n|-damage|p2a: Tangela|73\/100\n|\n|upkeep\n|turn|17\n|\n|move|p1a: Shocksquatch|Flamethrower|p2a: Tangela\n|-supereffective|p2a: Tangela\n|-damage|p2a: Tangela|26\/100\n|move|p2a: Tangela|Sludge Bomb|p1a: Shocksquatch\n|-damage|p1a: Shocksquatch|0 fnt\n|faint|p1a: Shocksquatch\n|\n|upkeep\n|c| GrandmasSidePiece|damn tangela nabbed one\n|inactive|Extremekz has 90 seconds left.\n|\n|switch|p1a: Humungousaur|Rillaboom, F, shiny|100\/100\n|-fieldstart|move: Grassy Terrain|[from] ability: Grassy Surge|[of] p1a: Humungousaur\n|turn|18\n|\n|switch|p2a: Rotom|Rotom-Fan|100\/100\n|move|p1a: Humungousaur|U-turn|p2a: Rotom\n|-resisted|p2a: Rotom\n|-damage|p2a: Rotom|86\/100\n|\n|switch|p1a: Wildmutt|Zygarde-10%, shiny|70\/100|[from]move: U-turn\n|-ability|p1a: Wildmutt|Aura Break\n|\n|-heal|p1a: Wildmutt|76\/100|[from] Grassy Terrain\n|upkeep\n|turn|19\n|\n|switch|p2a: Tangela|Tangela, M|59\/100\n|move|p1a: Wildmutt|Dragon Dance|p1a: Wildmutt\n|-boost|p1a: Wildmutt|atk|1\n|-boost|p1a: Wildmutt|spe|1\n|\n|-heal|p1a: Wildmutt|82\/100|[from] Grassy Terrain\n|-heal|p2a: Tangela|65\/100|[from] Grassy Terrain\n|upkeep\n|turn|20\n|\n|move|p1a: Wildmutt|Thousand Arrows|p2a: Tangela\n|-resisted|p2a: Tangela\n|-damage|p2a: Tangela|48\/100\n|move|p2a: Tangela|Leaf Storm|p1a: Wildmutt\n|-damage|p1a: Wildmutt|0 fnt\n|-unboost|p2a: Tangela|spa|2\n|faint|p1a: Wildmutt\n|\n|-heal|p2a: Tangela|54\/100|[from] Grassy Terrain\n|upkeep\n|j| Pogko\n|inactive|Extremekz has 90 seconds left.\n|j|%mayoouran\n|j| Diviniya\n|c| Gandalf the grey47|Tangela pog \n|\n|switch|p1a: Chromastone|Necrozma, shiny|100\/100\n|turn|21\n|c| Bananacrazy111|stronk\n|c| Xx_CheckM8_xX|Tangela is stronk\n|\n|switch|p2a: Weavile|Weavile, F|100\/100\n|-ability|p2a: Weavile|Pressure\n|move|p1a: Chromastone|Dragon Dance|p1a: Chromastone\n|-boost|p1a: Chromastone|atk|1\n|-boost|p1a: Chromastone|spe|1\n|\n|upkeep\n|turn|22\n|c| GrandmasSidePiece|tangela really a baller\n|c| Gandalf the grey47|kz your legit getting clopped by a tangela \n|inactive|GeniusX has 90 seconds left.\n|\n|move|p1a: Chromastone|Brick Break|p2a: Weavile\n|-supereffective|p2a: Weavile\n|-damage|p2a: Weavile|0 fnt\n|faint|p2a: Weavile\n|\n|-fieldend|move: Grassy Terrain\n|upkeep\n|inactive|GeniusX has 90 seconds left.\n|\n|switch|p2a: Garchomp|Garchomp, M|100\/100\n|turn|23\n|inactive|Extremekz has 90 seconds left.\n|\n|move|p1a: Chromastone|Photon Geyser|p2a: Garchomp\n|-damage|p2a: Garchomp|40\/100\n|move|p2a: Garchomp|Dragon Tail|p1a: Chromastone\n|-damage|p1a: Chromastone|75\/100\n|drag|p1a: Diamondhead|Scizor, M, shiny|100\/100\n|\n|upkeep\n|turn|24\n|inactive|Extremekz has 90 seconds left.\n|\n|switch|p1a: Pesky Dust|Comfey, M, shiny|100\/100 slp\n|move|p2a: Garchomp|Stealth Rock|p1a: Pesky Dust\n|-sidestart|p1: Extremekz|move: Stealth Rock\n|\n|upkeep\n|turn|25\n|\n|switch|p2a: Diancie|Diancie-Mega|100\/100\n|cant|p1a: Pesky Dust|slp\n|\n|upkeep\n|turn|26\n|l|%mayoouran\n|\n|move|p2a: Diancie|Calm Mind|p2a: Diancie\n|-boost|p2a: Diancie|spa|1\n|-boost|p2a: Diancie|spd|1\n|-curestatus|p1a: Pesky Dust|slp|[msg]\n|move|p1a: Pesky Dust|Defog|p2a: Diancie\n|move|p2a: Diancie|Defog|p1a: Pesky Dust|[from]Magic Bounce\n|-unboost|p1a: Pesky Dust|evasion|1\n|-sideend|p1: Extremekz|Stealth Rock|[from] move: Defog|[of] p2a: Diancie\n|\n|upkeep\n|turn|27\n|inactive|Extremekz has 90 seconds left.\n|inactive|GeniusX has 90 seconds left.\n|\n|move|p1a: Pesky Dust|Draining Kiss|p2a: Diancie\n|-damage|p2a: Diancie|84\/100\n|move|p2a: Diancie|Moonblast|p1a: Pesky Dust\n|-damage|p1a: Pesky Dust|0 fnt\n|faint|p1a: Pesky Dust\n|\n|upkeep\n|\n|switch|p1a: Diamondhead|Scizor, M, shiny|100\/100\n|turn|28\n|\n|switch|p2a: Toxapex|Toxapex, M|100\/100\n|move|p1a: Diamondhead|Bullet Punch|p2a: Toxapex\n|-resisted|p2a: Toxapex\n|-crit|p2a: Toxapex\n|-damage|p2a: Toxapex|86\/100\n|\n|upkeep\n|turn|29\n|\n|move|p1a: Diamondhead|Swords Dance|p1a: Diamondhead\n|-boost|p1a: Diamondhead|atk|2\n|move|p2a: Toxapex|Scald|p1a: Diamondhead\n|-damage|p1a: Diamondhead|81\/100\n|\n|upkeep\n|turn|30\n|\n|move|p1a: Diamondhead|Psycho Cut|p2a: Toxapex\n|-supereffective|p2a: Toxapex\n|-enditem|p2a: Toxapex|Payapa Berry|[eat]\n|-enditem|p2a: Toxapex|Payapa Berry|[weaken]\n|-damage|p2a: Toxapex|53\/100\n|move|p2a: Toxapex|Haze|p2a: Toxapex\n|-clearallboost\n|\n|upkeep\n|turn|31\n|inactive|GeniusX has 90 seconds left.\n|inactive|Extremekz has 90 seconds left.\n|c| Gandalf the grey47|I forgot that berry existed\n|inactive|GeniusX has 60 seconds left.\n|inactive|Extremekz has 60 seconds left.\n|\n|switch|p1a: Chromastone|Necrozma, shiny|75\/100\n|switch|p2a: Rotom|Rotom-Fan|86\/100\n|\n|upkeep\n|turn|32\n|\n|move|p1a: Chromastone|Dragon Dance|p1a: Chromastone\n|-boost|p1a: Chromastone|atk|1\n|-boost|p1a: Chromastone|spe|1\n|move|p2a: Rotom|Will-O-Wisp|p1a: Chromastone\n|-status|p1a: Chromastone|brn\n|\n|-damage|p1a: Chromastone|69\/100 brn|[from] brn\n|upkeep\n|turn|33\n|\n|move|p1a: Chromastone|Dragon Dance|p1a: Chromastone\n|-boost|p1a: Chromastone|atk|1\n|-boost|p1a: Chromastone|spe|1\n|move|p2a: Rotom|Volt Switch|p1a: Chromastone\n|-damage|p1a: Chromastone|43\/100 brn\n|inactive|GeniusX has 90 seconds left.\n|j| KingofKrook\n|\n|switch|p2a: Tangela|Tangela, M|87\/100|[from]move: Volt Switch\n|\n|-damage|p1a: Chromastone|37\/100 brn|[from] brn\n|upkeep\n|turn|34\n|inactive|GeniusX has 90 seconds left.\n|j|%Venoxio\n|inactive|Extremekz has 90 seconds left.\n|inactive|GeniusX has 60 seconds left.\n|c|\u2606Extremekz|yea this game is over tho \n|\n|move|p1a: Chromastone|Heat Wave|p2a: Tangela\n|-supereffective|p2a: Tangela\n|-damage|p2a: Tangela|47\/100\n|move|p2a: Tangela|Sleep Powder||[still]\n|-fail|p2a: Tangela\n|\n|-damage|p1a: Chromastone|31\/100 brn|[from] brn\n|upkeep\n|turn|35\n|\n|move|p1a: Chromastone|Photon Geyser|p2a: Tangela\n|-damage|p2a: Tangela|17\/100\n|move|p2a: Tangela|Synthesis|p2a: Tangela\n|-heal|p2a: Tangela|67\/100\n|\n|-damage|p1a: Chromastone|25\/100 brn|[from] brn\n|upkeep\n|turn|36\n|\n|move|p1a: Chromastone|Heat Wave|p2a: Tangela\n|-supereffective|p2a: Tangela\n|-crit|p2a: Tangela\n|-damage|p2a: Tangela|4\/100\n|move|p2a: Tangela|Synthesis|p2a: Tangela\n|-heal|p2a: Tangela|54\/100\n|\n|-damage|p1a: Chromastone|19\/100 brn|[from] brn\n|upkeep\n|turn|37\n|j| john961\n|\n|move|p1a: Chromastone|Heat Wave|p2a: Tangela\n|-supereffective|p2a: Tangela\n|-damage|p2a: Tangela|15\/100\n|move|p2a: Tangela|Synthesis|p2a: Tangela\n|-heal|p2a: Tangela|65\/100\n|\n|-damage|p1a: Chromastone|13\/100 brn|[from] brn\n|upkeep\n|turn|38\n|\n|move|p1a: Chromastone|Heat Wave|p2a: Tangela\n|-supereffective|p2a: Tangela\n|-damage|p2a: Tangela|25\/100\n|move|p2a: Tangela|Leaf Storm|p1a: Chromastone\n|-damage|p1a: Chromastone|0 fnt\n|-unboost|p2a: Tangela|spa|2\n|faint|p1a: Chromastone\n|\n|upkeep\n|c| john961|Lets go kz\n|inactive|Extremekz has 90 seconds left.\n|c| GrandmasSidePiece|damn tangela grabbed 3\n|\n|switch|p1a: Humungousaur|Rillaboom, F, shiny|100\/100\n|-fieldstart|move: Grassy Terrain|[from] ability: Grassy Surge|[of] p1a: Humungousaur\n|turn|39\n|c| Bananacrazy111|tangela busted wdym\n|inactive|Extremekz has 90 seconds left.\n|inactive|GeniusX has 90 seconds left.\n|\n|move|p1a: Humungousaur|Wood Hammer|p2a: Tangela\n|-resisted|p2a: Tangela\n|-damage|p2a: Tangela|0 fnt\n|-damage|p1a: Humungousaur|93\/100|[from] Recoil\n|faint|p2a: Tangela\n|\n|-heal|p1a: Humungousaur|99\/100|[from] Grassy Terrain\n|upkeep\n|\n|switch|p2a: Rotom|Rotom-Fan|86\/100\n|turn|40\n|\n|move|p1a: Humungousaur|Wood Hammer|p2a: Rotom\n|-resisted|p2a: Rotom\n|-damage|p2a: Rotom|37\/100\n|-damage|p1a: Humungousaur|84\/100|[from] Recoil\n|move|p2a: Rotom|Will-O-Wisp|p1a: Humungousaur\n|-status|p1a: Humungousaur|brn\n|\n|-heal|p1a: Humungousaur|90\/100 brn|[from] Grassy Terrain\n|-damage|p1a: Humungousaur|84\/100 brn|[from] brn\n|upkeep\n|turn|41\n|c| Gandalf the grey47|I lose to bulky waters kz is losing to a tangela \ud83e\udd23\n|\n|move|p1a: Humungousaur|Wood Hammer|p2a: Rotom\n|-resisted|p2a: Rotom\n|-damage|p2a: Rotom|13\/100\n|-damage|p1a: Humungousaur|77\/100 brn|[from] Recoil\n|move|p2a: Rotom|Pain Split|p1a: Humungousaur\n|-sethp|p1a: Humungousaur|44\/100 brn|[from] move: Pain Split|[silent]\n|-sethp|p2a: Rotom|50\/100|[from] move: Pain Split\n|\n|-heal|p1a: Humungousaur|51\/100 brn|[from] Grassy Terrain\n|-damage|p1a: Humungousaur|44\/100 brn|[from] brn\n|upkeep\n|turn|42\n|\n|switch|p2a: Garchomp|Garchomp, M|40\/100\n|move|p1a: Humungousaur|Wood Hammer|p2a: Garchomp\n|-damage|p2a: Garchomp|0 fnt\n|-damage|p1a: Humungousaur|32\/100 brn|[from] ability: Rough Skin|[of] p2a: Garchomp\n|-damage|p1a: Humungousaur|16\/100 brn|[from] item: Rocky Helmet|[of] p2a: Garchomp\n|-damage|p1a: Humungousaur|0 fnt|[from] Recoil\n|faint|p2a: Garchomp\n|faint|p1a: Humungousaur\n|\n|upkeep\n|\n|switch|p2a: Rotom|Rotom-Fan|50\/100\n|switch|p1a: Diamondhead|Scizor, M, shiny|81\/100\n|turn|43\n|\n|move|p2a: Rotom|Will-O-Wisp|p1a: Diamondhead\n|-status|p1a: Diamondhead|brn\n|move|p1a: Diamondhead|Swords Dance|p1a: Diamondhead\n|-boost|p1a: Diamondhead|atk|2\n|\n|-heal|p1a: Diamondhead|87\/100 brn|[from] Grassy Terrain\n|-fieldend|move: Grassy Terrain\n|-damage|p1a: Diamondhead|81\/100 brn|[from] brn\n|upkeep\n|turn|44\n|\n|move|p1a: Diamondhead|Bullet Punch|p2a: Rotom\n|-resisted|p2a: Rotom\n|-damage|p2a: Rotom|37\/100\n|move|p2a: Rotom|Pain Split|p1a: Diamondhead\n|-sethp|p1a: Diamondhead|57\/100 brn|[from] move: Pain Split|[silent]\n|-sethp|p2a: Rotom|64\/100|[from] move: Pain Split\n|\n|-damage|p1a: Diamondhead|51\/100 brn|[from] brn\n|upkeep\n|turn|45\n|\n|move|p2a: Rotom|Air Slash|p1a: Diamondhead\n|-damage|p1a: Diamondhead|16\/100 brn\n|cant|p1a: Diamondhead|flinch\n|\n|-damage|p1a: Diamondhead|10\/100 brn|[from] brn\n|upkeep\n|turn|46\n|c| Xx_CheckM8_xX|Gandalf the Grey is the man with 1 W but 100 fans\n|c|\u2606GeniusX|gg\n|\n|move|p1a: Diamondhead|Bullet Punch|p2a: Rotom\n|-resisted|p2a: Rotom\n|-damage|p2a: Rotom|51\/100\n|move|p2a: Rotom|Volt Switch|p1a: Diamondhead\n|-damage|p1a: Diamondhead|0 fnt\n|faint|p1a: Diamondhead\n|\n|win|GeniusX\n|l| 4G3NC Fish\n|c|\u2606Extremekz|gg\n|c|\u2606GeniusX|can u sned the replay pls\n|l| john961\n|l| Ishi x peeps\n","uploadtime":1596124220,"views":87,"p1id":"extremekz","p2id":"geniusx","formatid":"gen8nationaldexdlc2draft","rating":0,"private":0,"password":null}