{"id":"sports-gen8nationaldexdraft-576461","p1":"Lukatsukio","p2":"MAVERICK SHOOTERS","format":"gen8nationaldexdraft","log":"|j|\u2606Lukatsukio\n|j|\u2606MAVERICK SHOOTERS\n|t:|1642687549\n|gametype|singles\n|player|p1|Lukatsukio|lucas|\n|player|p2|MAVERICK SHOOTERS|169|\n|teamsize|p1|6\n|teamsize|p2|6\n|gen|8\n|tier|[Gen 8] National Dex Draft\n|rule|Sleep Clause Mod: Limit one foe put to sleep\n|rule|OHKO Clause: OHKO moves are banned\n|rule|Evasion Moves Clause: Evasion moves are banned\n|rule|Endless Battle Clause: Forcing endless battles is banned\n|rule|HP Percentage Mod: HP is shown in percentages\n|rule|Dynamax Clause: You cannot dynamax\n|clearpoke\n|poke|p1|Zeraora|\n|poke|p1|Rotom-Wash|\n|poke|p1|Skarmory, M|\n|poke|p1|Greninja, M|\n|poke|p1|Blacephalon|\n|poke|p1|Chesnaught, M|\n|poke|p2|Landorus, M|\n|poke|p2|Milotic, F|\n|poke|p2|Aggron, M|\n|poke|p2|Infernape, F|\n|poke|p2|Boltund, F|\n|poke|p2|Silvally-*|\n|teampreview\n|html|<button name=\"send\" class=\"button\" value=\"\/timer ds\"><i class=\"fa fa-hourglass-start\"><\/i> DS Timer<\/button> <button name=\"send\" class=\"button\" value=\"\/timer smogon\"><i class=\"fa fa-hourglass-start\"><\/i> Smogon Timer<\/button>\n|c|\u2606MAVERICK SHOOTERS|hf\n|c|\u2606Lukatsukio|glhf\n|c|\u2606Lukatsukio|dude\n|c|\u2606Lukatsukio|i'll tell you after\n|c|\u2606Lukatsukio|there was a lati set\n|c|\u2606Lukatsukio|i just lost to lol\n|j| PorygonTheBot\n|c| PorygonTheBot|This game looks fun!\n|c|\u2606MAVERICK SHOOTERS|aka agility cm stored power wp \n|c|\u2606MAVERICK SHOOTERS|with some coverage \n|c|\u2606Lukatsukio|I'll tell you after\n|c|\u2606MAVERICK SHOOTERS|okie \n|c|\u2606MAVERICK SHOOTERS|hf \n|j| Meeto\n|j| honeybourbon\n|raw|<div class=\"broadcast-red\"><strong>Moderated chat was set to \u2606!<\/strong><br \/>Only users of rank \u2606 and higher can talk.<\/div>\n|c|\u2606Lukatsukio|thank you \n|\n|t:|1642687756\n|start\n|switch|p1a: Periant Golchi|Rotom-Wash|100\/100\n|switch|p2a: Silvally|Silvally-Dragon|100\/100\n|turn|1\n|\n|t:|1642687843\n|switch|p1a: Adolin|Chesnaught, M|100\/100\n|move|p2a: Silvally|Toxic|p1a: Adolin|[miss]\n|-miss|p2a: Silvally|p1a: Adolin\n|\n|upkeep\n|turn|2\n|c|\u2606Lukatsukio|sorry\n|\n|t:|1642687863\n|move|p2a: Silvally|Flamethrower|p1a: Adolin\n|-supereffective|p1a: Adolin\n|-damage|p1a: Adolin|59\/100\n|-status|p1a: Adolin|brn\n|move|p1a: Adolin|Leech Seed|p2a: Silvally\n|-start|p2a: Silvally|move: Leech Seed\n|\n|-damage|p2a: Silvally|88\/100|[from] Leech Seed|[of] p1a: Adolin\n|-heal|p1a: Adolin|72\/100 brn|[silent]\n|-damage|p1a: Adolin|66\/100 brn|[from] brn\n|upkeep\n|turn|3\n|c|\u2606Lukatsukio|can i stop getting burned by every move lol\n|c|\u2606MAVERICK SHOOTERS|i mean u would be toxicd rn which i preferred more \n|c|\u2606Lukatsukio|true\n|\n|t:|1642687934\n|move|p2a: Silvally|Parting Shot|p1a: Adolin\n|-unboost|p1a: Adolin|atk|1\n|-unboost|p1a: Adolin|spa|1\n|\n|t:|1642687970\n|switch|p2a: Infernape|Infernape, F|100\/100|[from]move: Parting Shot\n|move|p1a: Adolin|Synthesis|p1a: Adolin\n|-heal|p1a: Adolin|100\/100 brn\n|\n|-damage|p1a: Adolin|94\/100 brn|[from] brn\n|upkeep\n|turn|4\n|\n|t:|1642688006\n|switch|p1a: Periant Golchi|Rotom-Wash|100\/100\n|move|p2a: Infernape|Flare Blitz|p1a: Periant Golchi\n|-resisted|p1a: Periant Golchi\n|-damage|p1a: Periant Golchi|69\/100\n|-status|p1a: Periant Golchi|brn\n|-damage|p2a: Infernape|90\/100|[from] Recoil\n|\n|-heal|p1a: Periant Golchi|75\/100 brn|[from] item: Leftovers\n|-damage|p1a: Periant Golchi|69\/100 brn|[from] brn\n|upkeep\n|turn|5\n|c|\u2606MAVERICK SHOOTERS|lol\n|c|\u2606Lukatsukio|i didn't even know that could burn\n|\n|t:|1642688133\n|switch|p2a: Silvally|Silvally-Dragon|88\/100\n|move|p1a: Periant Golchi|Volt Switch|p2a: Silvally\n|-resisted|p2a: Silvally\n|-damage|p2a: Silvally|77\/100\n|\n|t:|1642688199\n|switch|p1a: Adolin|Chesnaught, M|94\/100 brn|[from]move: Volt Switch\n|\n|-damage|p1a: Adolin|88\/100 brn|[from] brn\n|upkeep\n|turn|6\n|\n|t:|1642688206\n|move|p2a: Silvally|Flamethrower|p1a: Adolin\n|-supereffective|p1a: Adolin\n|-damage|p1a: Adolin|42\/100 brn\n|move|p1a: Adolin|Leech Seed|p2a: Silvally\n|-start|p2a: Silvally|move: Leech Seed\n|\n|-damage|p2a: Silvally|64\/100|[from] Leech Seed|[of] p1a: Adolin\n|-heal|p1a: Adolin|55\/100 brn|[silent]\n|-damage|p1a: Adolin|49\/100 brn|[from] brn\n|upkeep\n|turn|7\n|\n|t:|1642688216\n|move|p2a: Silvally|Draco Meteor|p1a: Adolin\n|-damage|p1a: Adolin|4\/100 brn\n|-unboost|p2a: Silvally|spa|2\n|move|p1a: Adolin|Synthesis|p1a: Adolin\n|-heal|p1a: Adolin|54\/100 brn\n|\n|-damage|p2a: Silvally|52\/100|[from] Leech Seed|[of] p1a: Adolin\n|-heal|p1a: Adolin|67\/100 brn|[silent]\n|-damage|p1a: Adolin|61\/100 brn|[from] brn\n|upkeep\n|turn|8\n|\n|t:|1642688229\n|move|p2a: Silvally|Parting Shot|p1a: Adolin\n|-unboost|p1a: Adolin|atk|1\n|-unboost|p1a: Adolin|spa|1\n|\n|t:|1642688233\n|switch|p2a: Infernape|Infernape, F|90\/100|[from]move: Parting Shot\n|move|p1a: Adolin|Synthesis|p1a: Adolin\n|-heal|p1a: Adolin|100\/100 brn\n|\n|-damage|p1a: Adolin|94\/100 brn|[from] brn\n|upkeep\n|turn|9\n|\n|t:|1642688371\n|move|p2a: Infernape|Flare Blitz|p1a: Adolin\n|-supereffective|p1a: Adolin\n|-damage|p1a: Adolin|1\/100 brn\n|-damage|p2a: Infernape|50\/100|[from] Recoil\n|move|p1a: Adolin|Spikes|p2a: Infernape\n|-sidestart|p2: MAVERICK SHOOTERS|Spikes\n|\n|-damage|p1a: Adolin|0 fnt|[from] brn\n|faint|p1a: Adolin\n|upkeep\n|c|\u2606MAVERICK SHOOTERS|:catJam:\n|\n|t:|1642688476\n|switch|p1a: Dylan|Blacephalon|100\/100\n|turn|10\n|\n|t:|1642688516\n|switch|p2a: Milotic|Milotic, F|100\/100\n|move|p1a: Dylan|Toxic|p2a: Milotic\n|-status|p2a: Milotic|tox\n|\n|-damage|p2a: Milotic|94\/100 tox|[from] psn\n|upkeep\n|turn|11\n|\n|t:|1642688529\n|switch|p1a: Periant Golchi|Rotom-Wash|69\/100 brn\n|move|p2a: Milotic|Flip Turn|p1a: Periant Golchi\n|-resisted|p1a: Periant Golchi\n|-damage|p1a: Periant Golchi|64\/100 brn\n|\n|t:|1642688580\n|switch|p2a: Silvally|Silvally-Dragon|52\/100|[from]move: Flip Turn\n|-damage|p2a: Silvally|39\/100|[from] Spikes\n|\n|-heal|p1a: Periant Golchi|71\/100 brn|[from] item: Leftovers\n|-damage|p1a: Periant Golchi|64\/100 brn|[from] brn\n|upkeep\n|turn|12\n|\n|t:|1642688651\n|move|p2a: Silvally|Draco Meteor|p1a: Periant Golchi\n|-damage|p1a: Periant Golchi|21\/100 brn\n|-unboost|p2a: Silvally|spa|2\n|move|p1a: Periant Golchi|Volt Switch|p2a: Silvally\n|-resisted|p2a: Silvally\n|-damage|p2a: Silvally|28\/100\n|\n|t:|1642688721\n|switch|p1a: Dylan|Blacephalon|100\/100|[from]move: Volt Switch\n|\n|upkeep\n|turn|13\n|\n|t:|1642688738\n|switch|p1a: Clarence|Zeraora, shiny|100\/100\n|switch|p2a: Milotic|Milotic, F|94\/100 tox\n|\n|-damage|p2a: Milotic|88\/100 tox|[from] psn\n|upkeep\n|turn|14\n|\n|t:|1642688799\n|switch|p2a: Silvally|Silvally-Dragon|28\/100\n|-damage|p2a: Silvally|16\/100|[from] Spikes\n|move|p1a: Clarence|Knock Off|p2a: Silvally\n|-damage|p2a: Silvally|1\/100\n|\n|upkeep\n|turn|15\n|\n|t:|1642688826\n|move|p1a: Clarence|Knock Off|p2a: Silvally\n|-damage|p2a: Silvally|0 fnt\n|faint|p2a: Silvally\n|\n|upkeep\n|\n|t:|1642688829\n|switch|p2a: Aggron|Aggron, M|100\/100\n|-damage|p2a: Aggron|88\/100|[from] Spikes\n|turn|16\n|c|\u2606Lukatsukio|that was a cool silvally\n|c|\u2606Lukatsukio|i rate it\n|c|\u2606MAVERICK SHOOTERS|thx \n|\n|t:|1642688845\n|switch|p1a: Periant Golchi|Rotom-Wash|21\/100 brn\n|detailschange|p2a: Aggron|Aggron-Mega, M\n|-mega|p2a: Aggron|Aggron|Aggronite\n|move|p2a: Aggron|Body Press|p1a: Periant Golchi\n|-damage|p1a: Periant Golchi|0 fnt\n|faint|p1a: Periant Golchi\n|\n|upkeep\n|\n|t:|1642688941\n|switch|p1a: Dylan|Blacephalon|100\/100\n|turn|17\n|\n|t:|1642689015\n|switch|p1a: Clarence|Zeraora, shiny|100\/100\n|switch|p2a: Milotic|Milotic, F|88\/100 tox\n|\n|-damage|p2a: Milotic|82\/100 tox|[from] psn\n|upkeep\n|turn|18\n|\n|t:|1642689068\n|switch|p2a: Infernape|Infernape, F|50\/100\n|-damage|p2a: Infernape|38\/100|[from] Spikes\n|move|p1a: Clarence|Volt Switch|p2a: Infernape\n|-damage|p2a: Infernape|0 fnt\n|faint|p2a: Infernape\n|c|\u2606MAVERICK SHOOTERS|i think i lost \n|c|\u2606MAVERICK SHOOTERS|f \n|\n|t:|1642689152\n|switch|p1a: Kaladin|Greninja, M|100\/100|[from]move: Volt Switch\n|\n|upkeep\n|\n|t:|1642689159\n|switch|p2a: Boltund|Boltund, F|100\/100\n|-damage|p2a: Boltund|88\/100|[from] Spikes\n|turn|19\n|\n|t:|1642689326\n|move|p2a: Boltund|Thunder Fang|p1a: Kaladin\n|-supereffective|p1a: Kaladin\n|-damage|p1a: Kaladin|0 fnt\n|faint|p1a: Kaladin\n|\n|upkeep\n|\n|t:|1642689341\n|switch|p1a: Clarence|Zeraora, shiny|100\/100\n|turn|20\n|\n|t:|1642689411\n|switch|p2a: Landorus|Landorus, M|100\/100\n|move|p1a: Clarence|Volt Switch|p2a: Landorus\n|-immune|p2a: Landorus\n|\n|upkeep\n|turn|21\n|\n|t:|1642689427\n|switch|p1a: Birb|Skarmory, M|100\/100\n|move|p2a: Landorus|Gravity|p2a: Landorus\n|-fieldstart|move: Gravity\n|\n|upkeep\n|turn|22\n|c|\u2606Lukatsukio|gg\n|c|\u2606MAVERICK SHOOTERS|it still aint over i believe \n|\n|t:|1642689471\n|move|p2a: Landorus|Earth Power|p1a: Birb\n|-supereffective|p1a: Birb\n|-ability|p1a: Birb|Sturdy\n|-damage|p1a: Birb|1\/100\n|move|p1a: Birb|Brave Bird|p2a: Landorus\n|-damage|p2a: Landorus|61\/100\n|-damage|p1a: Birb|0 fnt|[from] Recoil\n|faint|p1a: Birb\n|\n|upkeep\n|\n|t:|1642689497\n|switch|p1a: Dylan|Blacephalon|100\/100\n|turn|23\n|\n|t:|1642689520\n|switch|p2a: Aggron|Aggron-Mega, M|88\/100\n|-damage|p2a: Aggron|76\/100|[from] Spikes\n|move|p1a: Dylan|Shadow Ball|p2a: Aggron\n|-damage|p2a: Aggron|28\/100\n|\n|upkeep\n|turn|24\n|\n|t:|1642689530\n|move|p1a: Dylan|Shadow Ball|p2a: Aggron\n|-damage|p2a: Aggron|0 fnt\n|faint|p2a: Aggron\n|-ability|p1a: Dylan|Beast Boost|boost\n|-boost|p1a: Dylan|spa|1\n|\n|upkeep\n|\n|t:|1642689544\n|switch|p2a: Boltund|Boltund, F|88\/100\n|-damage|p2a: Boltund|76\/100|[from] Spikes\n|turn|25\n|\n|t:|1642689620\n|switch|p1a: Clarence|Zeraora, shiny|100\/100\n|move|p2a: Boltund|Crunch|p1a: Clarence\n|-damage|p1a: Clarence|57\/100\n|\n|-fieldend|move: Gravity\n|upkeep\n|turn|26\n|c|\u2606MAVERICK SHOOTERS|gg\n|c|\u2606Lukatsukio|i think this is a 50 50 roll lol\n|\n|t:|1642689704\n|switch|p2a: Milotic|Milotic, F|82\/100 tox\n|move|p1a: Clarence|Close Combat|p2a: Milotic\n|-damage|p2a: Milotic|57\/100 tox\n|-unboost|p1a: Clarence|def|1\n|-unboost|p1a: Clarence|spd|1\n|\n|-damage|p2a: Milotic|51\/100 tox|[from] psn\n|upkeep\n|turn|27\n|c|\u2606MAVERICK SHOOTERS|nah there is no roll\n|c|\u2606MAVERICK SHOOTERS|i win \n|c|\u2606MAVERICK SHOOTERS|tho gg was a very close game \n|c|\u2606Lukatsukio|yeah nicely played round it\n|c|\u2606Lukatsukio|gg\n|\n|t:|1642689807\n|move|p1a: Clarence|Plasma Fists|p2a: Milotic\n|-supereffective|p2a: Milotic\n|-damage|p2a: Milotic|0 fnt\n|faint|p2a: Milotic\n|\n|upkeep\n|c|\u2606Lukatsukio|i'll take the diff\n|\n|t:|1642689882\n|switch|p2a: Landorus|Landorus, M|61\/100\n|turn|28\n|\n|t:|1642689892\n|move|p1a: Clarence|Knock Off|p2a: Landorus\n|-damage|p2a: Landorus|23\/100\n|-enditem|p2a: Landorus|Life Orb|[from] move: Knock Off|[of] p1a: Clarence\n|move|p2a: Landorus|Earth Power|p1a: Clarence\n|-supereffective|p1a: Clarence\n|-damage|p1a: Clarence|0 fnt\n|faint|p1a: Clarence\n|\n|upkeep\n|\n|t:|1642689900\n|switch|p1a: Dylan|Blacephalon|100\/100\n|turn|29\n|c|\u2606MAVERICK SHOOTERS|i could of saved myself a diff here if i went doggo but didnt wanna risk a min roll in case u had like 140 hp creeping lati and ignoring boltund \n|\n|t:|1642689935\n|move|p1a: Dylan|Flamethrower|p2a: Landorus\n|-damage|p2a: Landorus|0 fnt\n|faint|p2a: Landorus\n|-ability|p1a: Dylan|Beast Boost|boost\n|-boost|p1a: Dylan|spa|1\n|\n|upkeep\n|c|\u2606Lukatsukio|fair enough\n|\n|t:|1642689940\n|switch|p2a: Boltund|Boltund, F|76\/100\n|-damage|p2a: Boltund|64\/100|[from] Spikes\n|turn|30\n|\n|t:|1642689948\n|move|p2a: Boltund|Crunch|p1a: Dylan\n|-supereffective|p1a: Dylan\n|-damage|p1a: Dylan|0 fnt\n|faint|p1a: Dylan\n|\n|win|MAVERICK SHOOTERS\n","uploadtime":1642689949,"views":60,"p1id":"lukatsukio","p2id":"maverickshooters","formatid":"gen8nationaldexdraft","rating":0,"private":0,"password":null}