{"id":"sports-gen8nationaldexdraft-447573","p1":"MAVERICK SHOOTERS","p2":"IRazvannN","format":"gen8nationaldexdraft","log":"|j|\u2606MAVERICK SHOOTERS\n|j|\u2606IRazvannN\n|t:|1625243807\n|gametype|singles\n|player|p1|MAVERICK SHOOTERS|lucian|\n|player|p2|IRazvannN|irazvannn.png|\n|teamsize|p1|6\n|teamsize|p2|6\n|gen|8\n|tier|[Gen 8] National Dex Draft\n|rule|Sleep Clause Mod: Limit one foe put to sleep\n|rule|OHKO Clause: OHKO moves are banned\n|rule|Evasion Moves Clause: Evasion moves are banned\n|rule|Endless Battle Clause: Forcing endless battles is banned\n|rule|HP Percentage Mod: HP is shown in percentages\n|rule|Dynamax Clause: You cannot dynamax\n|clearpoke\n|poke|p1|Slowbro, M|\n|poke|p1|Urshifu-*, F|\n|poke|p1|Melmetal|\n|poke|p1|Dragalge, M|\n|poke|p1|Aromatisse, F|\n|poke|p1|Cryogonal|\n|poke|p2|Weezing-Galar, M|\n|poke|p2|Serperior, M|\n|poke|p2|Hydreigon, M|\n|poke|p2|Corsola-Galar, F|\n|poke|p2|Medicham, F|\n|poke|p2|Rotom-Wash|\n|teampreview\n|html|<button name=\"send\" class=\"button\" value=\"\/timer ds\"><i class=\"fa fa-hourglass-start\"><\/i> DS Timer<\/button> <button name=\"send\" class=\"button\" value=\"\/timer smogon\"><i class=\"fa fa-hourglass-start\"><\/i> Smogon Timer<\/button>\n|c|\u2606IRazvannN|hf\n|c|\u2606MAVERICK SHOOTERS|hf \n|c|\u2606MAVERICK SHOOTERS|u okay with timer?\n|j| PorygonTheBot\n|c| PorygonTheBot|y'all are stupid\n|c|\u2606IRazvannN|yeah idc\n|c|\u2606MAVERICK SHOOTERS|aight will turn it on after the leads r chosen\n|\n|t:|1625243875\n|start\n|switch|p1a: Aromatisse|Aromatisse, F|100\/100\n|switch|p2a: Medicham|Medicham, F|100\/100\n|turn|1\n|j| Lukatsukio\n|\n|t:|1625243921\n|switch|p2a: Weezing|Weezing-Galar, M|100\/100\n|move|p1a: Aromatisse|Protect||[still]\n|-fail|p1a: Aromatisse\n|\n|upkeep\n|turn|2\n|\n|t:|1625243940\n|switch|p2a: Serperior|Serperior, M|100\/100\n|switch|p1a: Dragalge|Dragalge, M|100\/100\n|\n|upkeep\n|turn|3\n|inactive|Battle timer is ON: inactive players will automatically lose when time's up. (requested by MAVERICK SHOOTERS)\n|inactive|MAVERICK SHOOTERS has 270 seconds left.\n|\n|t:|1625244053\n|switch|p2a: Corsola|Corsola-Galar, F|100\/100\n|move|p1a: Dragalge|Draco Meteor|p2a: Corsola\n|-damage|p2a: Corsola|43\/100\n|-unboost|p1a: Dragalge|spa|2\n|\n|upkeep\n|turn|4\n|inactive|MAVERICK SHOOTERS has 270 seconds left.\n|inactive|MAVERICK SHOOTERS has 240 seconds left.\n|\n|t:|1625244120\n|switch|p1a: Slowbro|Slowbro, M|100\/100\n|move|p2a: Corsola|Strength Sap|p1a: Slowbro\n|-unboost|p1a: Slowbro|atk|1\n|-heal|p2a: Corsola|91\/100\n|\n|upkeep\n|turn|5\n|inactive|MAVERICK SHOOTERS has 240 seconds left.\n|\n|t:|1625244126\n|move|p2a: Corsola|Stealth Rock|p1a: Slowbro\n|-sidestart|p1: MAVERICK SHOOTERS|move: Stealth Rock\n|move|p1a: Slowbro|Trick Room|p1a: Slowbro\n|-fieldstart|move: Trick Room|[of] p1a: Slowbro\n|\n|upkeep\n|turn|6\n|\n|t:|1625244137\n|move|p2a: Corsola|Night Shade|p1a: Slowbro\n|-damage|p1a: Slowbro|75\/100\n|move|p1a: Slowbro|Teleport|p1a: Slowbro\n|\n|t:|1625244151\n|switch|p1a: Melmetal|Melmetal|100\/100|[from]move: Teleport\n|-damage|p1a: Melmetal|94\/100|[from] Stealth Rock\n|\n|upkeep\n|turn|7\n|\n|t:|1625244171\n|switch|p2a: Rotom|Rotom-Wash|100\/100\n|move|p1a: Melmetal|Double Iron Bash|p2a: Rotom\n|-resisted|p2a: Rotom\n|-damage|p2a: Rotom|85\/100\n|-resisted|p2a: Rotom\n|-damage|p2a: Rotom|69\/100\n|-hitcount|p2a: Rotom|2\n|\n|-heal|p2a: Rotom|75\/100|[from] item: Leftovers\n|upkeep\n|turn|8\n|\n|t:|1625244183\n|switch|p1a: Dragalge|Dragalge, M|100\/100\n|-damage|p1a: Dragalge|88\/100|[from] Stealth Rock\n|move|p2a: Rotom|Volt Switch|p1a: Dragalge\n|-resisted|p1a: Dragalge\n|-damage|p1a: Dragalge|77\/100\n|\n|t:|1625244202\n|switch|p2a: Corsola|Corsola-Galar, F|91\/100|[from]move: Volt Switch\n|\n|upkeep\n|turn|9\n|\n|t:|1625244224\n|move|p1a: Dragalge|Draco Meteor|p2a: Corsola\n|-crit|p2a: Corsola\n|-damage|p2a: Corsola|0 fnt\n|-unboost|p1a: Dragalge|spa|2\n|faint|p2a: Corsola\n|\n|-fieldend|move: Trick Room\n|upkeep\n|c|\u2606MAVERICK SHOOTERS|so sorry \n|\n|t:|1625244232\n|switch|p2a: Serperior|Serperior, M|100\/100\n|turn|10\n|c|\u2606MAVERICK SHOOTERS|sadge \n|c|\u2606IRazvannN|np\n|\n|t:|1625244243\n|move|p2a: Serperior|Substitute|p2a: Serperior\n|-start|p2a: Serperior|Substitute\n|-damage|p2a: Serperior|76\/100\n|move|p1a: Dragalge|Draco Meteor|p2a: Serperior\n|-end|p2a: Serperior|Substitute\n|-unboost|p1a: Dragalge|spa|2\n|\n|-heal|p2a: Serperior|82\/100|[from] item: Leftovers\n|upkeep\n|turn|11\n|\n|t:|1625244252\n|switch|p1a: Melmetal|Melmetal|94\/100\n|-damage|p1a: Melmetal|88\/100|[from] Stealth Rock\n|move|p2a: Serperior|Substitute|p2a: Serperior\n|-start|p2a: Serperior|Substitute\n|-damage|p2a: Serperior|57\/100\n|\n|-heal|p2a: Serperior|63\/100|[from] item: Leftovers\n|upkeep\n|turn|12\n|\n|t:|1625244256\n|move|p2a: Serperior|Leaf Storm|p1a: Melmetal\n|-resisted|p1a: Melmetal\n|-damage|p1a: Melmetal|69\/100\n|-boost|p2a: Serperior|spa|2\n|move|p1a: Melmetal|Double Iron Bash|p2a: Serperior\n|-end|p2a: Serperior|Substitute\n|-damage|p2a: Serperior|0 fnt\n|faint|p2a: Serperior\n|-hitcount|p2: Serperior|2\n|\n|upkeep\n|c|\u2606IRazvannN|I should pay more attention\n|inactive|IRazvannN has 270 seconds left.\n|c|\u2606IRazvannN|I was talking to my sister lmao\n|c|\u2606IRazvannN|well gotta play for diff now\n|c|\u2606MAVERICK SHOOTERS|lol\n|\n|t:|1625244295\n|switch|p2a: Hydreigon|Hydreigon, M|100\/100\n|turn|13\n|inactive|IRazvannN has 270 seconds left.\n|inactive|MAVERICK SHOOTERS has 270 seconds left.\n|\n|t:|1625244312\n|switch|p1a: Aromatisse|Aromatisse, F|100\/100\n|-damage|p1a: Aromatisse|88\/100|[from] Stealth Rock\n|move|p2a: Hydreigon|Flamethrower|p1a: Aromatisse\n|-damage|p1a: Aromatisse|61\/100\n|-damage|p2a: Hydreigon|91\/100|[from] item: Life Orb\n|\n|-heal|p1a: Aromatisse|68\/100|[from] item: Leftovers\n|upkeep\n|turn|14\n|\n|t:|1625244321\n|switch|p2a: Weezing|Weezing-Galar, M|100\/100\n|move|p1a: Aromatisse|Wish|p1a: Aromatisse\n|\n|-heal|p1a: Aromatisse|74\/100|[from] item: Leftovers\n|upkeep\n|turn|15\n|\n|t:|1625244327\n|switch|p1a: Dragalge|Dragalge, M|77\/100\n|-damage|p1a: Dragalge|64\/100|[from] Stealth Rock\n|move|p2a: Weezing|Will-O-Wisp|p1a: Dragalge\n|-status|p1a: Dragalge|brn\n|\n|-heal|p1a: Dragalge|100\/100 brn|[from] move: Wish|[wisher] Aromatisse\n|-damage|p1a: Dragalge|94\/100 brn|[from] brn\n|upkeep\n|turn|16\n|\n|t:|1625244334\n|switch|p2a: Rotom|Rotom-Wash|75\/100\n|move|p1a: Dragalge|Sludge Wave|p2a: Rotom\n|-damage|p2a: Rotom|2\/100\n|\n|-heal|p2a: Rotom|8\/100|[from] item: Leftovers\n|-damage|p1a: Dragalge|88\/100 brn|[from] brn\n|upkeep\n|turn|17\n|\n|t:|1625244336\n|move|p2a: Rotom|Pain Split|p1a: Dragalge\n|-sethp|p1a: Dragalge|48\/100 brn|[from] move: Pain Split|[silent]\n|-sethp|p2a: Rotom|52\/100|[from] move: Pain Split\n|move|p1a: Dragalge|Sludge Wave|p2a: Rotom\n|-damage|p2a: Rotom|0 fnt\n|faint|p2a: Rotom\n|\n|-damage|p1a: Dragalge|42\/100 brn|[from] brn\n|upkeep\n|\n|t:|1625244343\n|switch|p2a: Hydreigon|Hydreigon, M|91\/100\n|turn|18\n|\n|t:|1625244358\n|switch|p1a: Cryogonal|Cryogonal|100\/100\n|move|p2a: Hydreigon|Dark Pulse|p1a: Cryogonal\n|-damage|p1a: Cryogonal|61\/100\n|-damage|p2a: Hydreigon|81\/100|[from] item: Life Orb\n|\n|upkeep\n|turn|19\n|\n|t:|1625244368\n|switch|p2a: Weezing|Weezing-Galar, M|100\/100\n|move|p1a: Cryogonal|Freeze-Dry|p2a: Weezing\n|-damage|p2a: Weezing|68\/100\n|\n|-heal|p2a: Weezing|74\/100|[from] item: Black Sludge\n|upkeep\n|turn|20\n|\n|t:|1625244380\n|switch|p2a: Hydreigon|Hydreigon, M|81\/100\n|move|p1a: Cryogonal|Defog|p2a: Hydreigon\n|-unboost|p2a: Hydreigon|evasion|1\n|-sideend|p1: MAVERICK SHOOTERS|Stealth Rock|[from] move: Defog|[of] p1a: Cryogonal\n|\n|upkeep\n|turn|21\n|\n|t:|1625244386\n|switch|p2a: Weezing|Weezing-Galar, M|74\/100\n|move|p1a: Cryogonal|Recover|p1a: Cryogonal\n|-heal|p1a: Cryogonal|100\/100\n|\n|-heal|p2a: Weezing|80\/100|[from] item: Black Sludge\n|upkeep\n|turn|22\n|\n|t:|1625244398\n|switch|p1a: Slowbro|Slowbro, M|100\/100\n|move|p2a: Weezing|Strange Steam|p1a: Slowbro\n|-damage|p1a: Slowbro|70\/100\n|-start|p1a: Slowbro|confusion\n|\n|-heal|p2a: Weezing|86\/100|[from] item: Black Sludge\n|upkeep\n|turn|23\n|\n|t:|1625244408\n|switch|p2a: Hydreigon|Hydreigon, M|81\/100\n|-activate|p1a: Slowbro|confusion\n|move|p1a: Slowbro|Trick Room|p1a: Slowbro\n|-fieldstart|move: Trick Room|[of] p1a: Slowbro\n|\n|upkeep\n|turn|24\n|\n|t:|1625244419\n|switch|p1a: Aromatisse|Aromatisse, F|74\/100\n|move|p2a: Hydreigon|Dark Pulse|p1a: Aromatisse\n|-resisted|p1a: Aromatisse\n|-damage|p1a: Aromatisse|56\/100\n|-damage|p2a: Hydreigon|71\/100|[from] item: Life Orb\n|\n|-heal|p1a: Aromatisse|62\/100|[from] item: Leftovers\n|upkeep\n|turn|25\n|\n|t:|1625244425\n|switch|p2a: Weezing|Weezing-Galar, M|86\/100\n|move|p1a: Aromatisse|Wish|p1a: Aromatisse\n|\n|-heal|p1a: Aromatisse|69\/100|[from] item: Leftovers\n|-heal|p2a: Weezing|92\/100|[from] item: Black Sludge\n|upkeep\n|turn|26\n|\n|t:|1625244430\n|switch|p1a: Dragalge|Dragalge, M|42\/100 brn\n|move|p2a: Weezing|Will-O-Wisp|p1a: Dragalge\n|-fail|p1a: Dragalge|brn\n|\n|-heal|p1a: Dragalge|100\/100 brn|[from] move: Wish|[wisher] Aromatisse\n|-heal|p2a: Weezing|98\/100|[from] item: Black Sludge\n|-damage|p1a: Dragalge|94\/100 brn|[from] brn\n|upkeep\n|turn|27\n|\n|t:|1625244435\n|move|p1a: Dragalge|Sludge Wave|p2a: Weezing\n|-damage|p2a: Weezing|0 fnt\n|faint|p2a: Weezing\n|\n|-damage|p1a: Dragalge|88\/100 brn|[from] brn\n|-fieldend|move: Trick Room\n|upkeep\n|\n|t:|1625244439\n|switch|p2a: Medicham|Medicham, F|100\/100\n|turn|28\n|\n|t:|1625244443\n|switch|p1a: Slowbro|Slowbro, M|100\/100\n|detailschange|p2a: Medicham|Medicham-Mega, F\n|-mega|p2a: Medicham|Medicham|Medichamite\n|move|p2a: Medicham|Power-Up Punch|p1a: Slowbro\n|-resisted|p1a: Slowbro\n|-damage|p1a: Slowbro|90\/100\n|-boost|p2a: Medicham|atk|1\n|\n|upkeep\n|turn|29\n|inactive|MAVERICK SHOOTERS has 270 seconds left.\n|\n|t:|1625244477\n|detailschange|p1a: Slowbro|Slowbro-Mega, M\n|-mega|p1a: Slowbro|Slowbro|Slowbronite\n|move|p2a: Medicham|Thunder Punch|p1a: Slowbro\n|-supereffective|p1a: Slowbro\n|-damage|p1a: Slowbro|37\/100\n|-status|p1a: Slowbro|par\n|cant|p1a: Slowbro|par\n|\n|upkeep\n|turn|30\n|inactive|MAVERICK SHOOTERS has 270 seconds left.\n|\n|t:|1625244489\n|move|p2a: Medicham|Thunder Punch|p1a: Slowbro\n|-supereffective|p1a: Slowbro\n|-damage|p1a: Slowbro|0 fnt\n|faint|p1a: Slowbro\n|\n|upkeep\n|inactive|MAVERICK SHOOTERS has 270 seconds left.\n|\n|t:|1625244496\n|switch|p1a: Urshifu|Urshifu, F|100\/100\n|turn|31\n|\n|t:|1625244499\n|move|p1a: Urshifu|U-turn|p2a: Medicham\n|-damage|p2a: Medicham|58\/100\n|inactive|MAVERICK SHOOTERS has 270 seconds left.\n|\n|t:|1625244519\n|switch|p1a: Cryogonal|Cryogonal|100\/100|[from]move: U-turn\n|move|p2a: Medicham|Drain Punch|p1a: Cryogonal\n|-supereffective|p1a: Cryogonal\n|-damage|p1a: Cryogonal|0 fnt\n|-heal|p2a: Medicham|100\/100|[from] drain|[of] p1a: Cryogonal\n|faint|p1a: Cryogonal\n|\n|upkeep\n|\n|t:|1625244535\n|switch|p1a: Urshifu|Urshifu, F|100\/100\n|turn|32\n|\n|t:|1625244559\n|move|p1a: Urshifu|U-turn|p2a: Medicham\n|-damage|p2a: Medicham|58\/100\n|inactive|MAVERICK SHOOTERS has 240 seconds left.\n|\n|t:|1625244575\n|switch|p1a: Dragalge|Dragalge, M|88\/100 brn|[from]move: U-turn\n|move|p2a: Medicham|Drain Punch|p1a: Dragalge\n|-resisted|p1a: Dragalge\n|-damage|p1a: Dragalge|34\/100 brn\n|-heal|p2a: Medicham|92\/100|[from] drain|[of] p1a: Dragalge\n|\n|-damage|p1a: Dragalge|28\/100 brn|[from] brn\n|upkeep\n|turn|33\n|\n|t:|1625244584\n|move|p2a: Medicham|Drain Punch|p1a: Dragalge\n|-resisted|p1a: Dragalge\n|-damage|p1a: Dragalge|0 fnt\n|-heal|p2a: Medicham|100\/100|[from] drain|[of] p1a: Dragalge\n|faint|p1a: Dragalge\n|\n|upkeep\n|\n|t:|1625244592\n|switch|p1a: Urshifu|Urshifu, F|100\/100\n|turn|34\n|\n|t:|1625244594\n|move|p1a: Urshifu|Wicked Blow|p2a: Medicham\n|-crit|p2a: Medicham\n|-damage|p2a: Medicham|6\/100\n|move|p2a: Medicham|Drain Punch|p1a: Urshifu\n|-supereffective|p1a: Urshifu\n|-damage|p1a: Urshifu|0 fnt\n|-heal|p2a: Medicham|74\/100|[from] drain|[of] p1a: Urshifu\n|faint|p1a: Urshifu\n|\n|upkeep\n|c|\u2606MAVERICK SHOOTERS|min role \n|\n|t:|1625244603\n|switch|p1a: Aromatisse|Aromatisse, F|69\/100\n|turn|35\n|\n|t:|1625244610\n|move|p2a: Medicham|Thunder Punch|p1a: Aromatisse\n|-damage|p1a: Aromatisse|0 fnt\n|faint|p1a: Aromatisse\n|\n|upkeep\n|\n|t:|1625244613\n|switch|p1a: Melmetal|Melmetal|69\/100\n|turn|36\n|c|\u2606IRazvannN|nah\n|c|\u2606IRazvannN|I had hp\n|c|\u2606IRazvannN|it was 50\/50 basically\n|c|\u2606MAVERICK SHOOTERS|how much\n|inactive|MAVERICK SHOOTERS has 270 seconds left.\n|c|\u2606MAVERICK SHOOTERS|u didnt have more than 32 hp\n|\n|t:|1625244641\n|move|p2a: Medicham|Drain Punch|p1a: Melmetal\n|-supereffective|p1a: Melmetal\n|-damage|p1a: Melmetal|0 fnt\n|-heal|p2a: Medicham|100\/100|[from] drain|[of] p1a: Melmetal\n|faint|p1a: Melmetal\n|\n|win|IRazvannN\n","uploadtime":1625244642,"views":52,"p1id":"maverickshooters","p2id":"irazvannn","formatid":"gen8nationaldexdraft","rating":0,"private":0,"password":null}