{"id":"sports-gen8nationaldexleakslegacy-506337","p1":"AsterJ","p2":"Aeriodon","format":"gen8nationaldexleakslegacy","log":"|j|\u2606AsterJ\n|j|\u2606Aeriodon\n|t:|1632272145\n|gametype|singles\n|player|p1|AsterJ|asterj.png|\n|player|p2|Aeriodon|aeriodon.png|\n|teamsize|p1|6\n|teamsize|p2|6\n|gen|8\n|tier|[Gen 8] National Dex Leaks Legacy\n|rule|Sleep Clause Mod: Limit one foe put to sleep\n|rule|OHKO Clause: OHKO moves are banned\n|rule|Evasion Moves Clause: Evasion moves are banned\n|rule|Endless Battle Clause: Forcing endless battles is banned\n|rule|HP Percentage Mod: HP is shown in percentages\n|rule|Dynamax Clause: You cannot dynamax\n|clearpoke\n|poke|p1|Zeraora|\n|poke|p1|Copperajah, M|\n|poke|p1|Mew|\n|poke|p1|Venomoth, M|\n|poke|p1|Kangaskhan, F|\n|poke|p1|Blacephalon|\n|poke|p2|Mamoswine, M|\n|poke|p2|Sylveon, F|\n|poke|p2|Spiritomb, M|\n|poke|p2|Salamence, M|\n|poke|p2|Umbreon, M|\n|poke|p2|Heatran, M|\n|teampreview\n|html|<button name=\"send\" class=\"button\" value=\"\/timer ds\"><i class=\"fa fa-hourglass-start\"><\/i> DS Timer<\/button> <button name=\"send\" class=\"button\" value=\"\/timer smogon\"><i class=\"fa fa-hourglass-start\"><\/i> Smogon Timer<\/button>\n|c|\u2606Aeriodon|glhf!\n|c|\u2606AsterJ|gl hf man\n|j| PorygonTheBot\n|c| PorygonTheBot|Porygon has digitized into the match... booting up... successfully calibrating stats!\n|l| PorygonTheBot\n|\n|t:|1632272217\n|start\n|switch|p1a: Jack|Copperajah, M|100\/100\n|switch|p2a: Sapp|Heatran, M|100\/100\n|turn|1\n|\n|t:|1632272262\n|move|p2a: Sapp|Flamethrower|p1a: Jack\n|-supereffective|p1a: Jack\n|-damage|p1a: Jack|2\/100\n|move|p1a: Jack|Earthquake|p2a: Sapp\n|-supereffective|p2a: Sapp\n|-damage|p2a: Sapp|0 fnt\n|faint|p2a: Sapp\n|\n|upkeep\n|\n|t:|1632272297\n|switch|p2a: Bruce|Mamoswine, M|100\/100\n|turn|2\n|j|^Bontz\n|\n|t:|1632272388\n|switch|p1a: Linlin|Kangaskhan, F|100\/100\n|move|p2a: Bruce|Knock Off|p1a: Linlin\n|-damage|p1a: Linlin|77\/100\n|\n|upkeep\n|turn|3\n|\n|t:|1632272412\n|switch|p2a: Carlton|Salamence, M|100\/100\n|-ability|p2a: Carlton|Intimidate|boost\n|-fail|p1a: Linlin|unboost|Attack|[from] ability: Scrappy|[of] p1a: Linlin\n|move|p1a: Linlin|Frustration|p2a: Carlton\n|-damage|p2a: Carlton|71\/100\n|\n|upkeep\n|turn|4\n|\n|t:|1632272432\n|switch|p1a: Merry|Mew|100\/100\n|switch|p2a: Tomi|Sylveon, F|100\/100\n|\n|upkeep\n|turn|5\n|j| Habaduh\n|\n|t:|1632272447\n|move|p1a: Merry|Taunt|p2a: Tomi\n|-start|p2a: Tomi|move: Taunt\n|cant|p2a: Tomi|move: Taunt|Wish\n|\n|upkeep\n|turn|6\n|j| QuangGang\n|l| QuangGang\n|\n|t:|1632272462\n|switch|p1a: Buggy|Blacephalon|100\/100\n|switch|p2a: mglw'nafh fhtagn|Spiritomb, M|100\/100\n|\n|upkeep\n|turn|7\n|\n|t:|1632272490\n|-activate|p1a: Buggy|move: Pursuit\n|move|p2a: mglw'nafh fhtagn|Pursuit|p1a: Buggy|[from]Pursuit\n|-supereffective|p1a: Buggy\n|-damage|p1a: Buggy|0 fnt\n|faint|p1a: Buggy\n|-hint|A Pokemon can't switch between when it runs out of HP and when it faints\n|\n|upkeep\n|\n|t:|1632272505\n|switch|p1a: Caesar|Venomoth, M, shiny|100\/100\n|turn|8\n|\n|t:|1632272525\n|switch|p2a: Carlton|Salamence, M|71\/100\n|-ability|p2a: Carlton|Intimidate|boost\n|-unboost|p1a: Caesar|atk|1\n|move|p1a: Caesar|Quiver Dance|p1a: Caesar\n|-boost|p1a: Caesar|spa|1\n|-boost|p1a: Caesar|spd|1\n|-boost|p1a: Caesar|spe|1\n|\n|upkeep\n|turn|9\n|j| QuangGang\n|\n|t:|1632272555\n|switch|p1a: Merry|Mew|100\/100\n|move|p2a: Carlton|Dual Wingbeat|p1a: Merry\n|-crit|p1a: Merry\n|-damage|p1a: Merry|80\/100\n|-damage|p2a: Carlton|54\/100|[from] item: Rocky Helmet|[of] p1a: Merry\n|-damage|p1a: Merry|67\/100\n|-damage|p2a: Carlton|38\/100|[from] item: Rocky Helmet|[of] p1a: Merry\n|-hitcount|p1a: Merry|2\n|\n|upkeep\n|turn|10\n|\n|t:|1632272578\n|switch|p2a: Cappa|Umbreon, M|100\/100\n|move|p1a: Merry|Ice Beam|p2a: Cappa\n|-damage|p2a: Cappa|88\/100\n|\n|-heal|p2a: Cappa|94\/100|[from] item: Leftovers\n|upkeep\n|turn|11\n|\n|t:|1632272590\n|move|p1a: Merry|Seismic Toss|p2a: Cappa\n|-damage|p2a: Cappa|69\/100\n|move|p2a: Cappa|Throat Chop|p1a: Merry\n|-supereffective|p1a: Merry\n|-damage|p1a: Merry|37\/100\n|-start|p1a: Merry|Throat Chop|[silent]\n|-damage|p2a: Cappa|52\/100|[from] item: Rocky Helmet|[of] p1a: Merry\n|\n|-heal|p2a: Cappa|58\/100|[from] item: Leftovers\n|upkeep\n|turn|12\n|\n|t:|1632272603\n|move|p1a: Merry|Roost|p1a: Merry\n|-heal|p1a: Merry|87\/100\n|-singleturn|p1a: Merry|move: Roost\n|move|p2a: Cappa|Wish|p2a: Cappa\n|\n|-heal|p2a: Cappa|64\/100|[from] item: Leftovers\n|-end|p1a: Merry|Throat Chop|[silent]\n|upkeep\n|turn|13\n|\n|t:|1632272617\n|switch|p2a: mglw'nafh fhtagn|Spiritomb, M|100\/100\n|move|p1a: Merry|Ice Beam|p2a: mglw'nafh fhtagn\n|-damage|p2a: mglw'nafh fhtagn|77\/100\n|\n|-heal|p2a: mglw'nafh fhtagn|100\/100|[from] move: Wish|[wisher] Cappa\n|upkeep\n|turn|14\n|\n|t:|1632272664\n|switch|p1a: Linlin|Kangaskhan, F|77\/100\n|move|p2a: mglw'nafh fhtagn|Trick||[still]\n|-fail|p2a: mglw'nafh fhtagn\n|\n|upkeep\n|turn|15\n|\n|t:|1632272685\n|switch|p1a: Jack|Copperajah, M|2\/100\n|switch|p2a: Cappa|Umbreon, M|64\/100\n|\n|-heal|p2a: Cappa|70\/100|[from] item: Leftovers\n|upkeep\n|turn|16\n|\n|t:|1632272698\n|move|p2a: Cappa|Throat Chop|p1a: Jack\n|-damage|p1a: Jack|0 fnt\n|faint|p1a: Jack\n|\n|-heal|p2a: Cappa|77\/100|[from] item: Leftovers\n|upkeep\n|\n|t:|1632272708\n|switch|p1a: Caesar|Venomoth, M, shiny|100\/100\n|turn|17\n|\n|t:|1632272721\n|move|p1a: Caesar|Quiver Dance|p1a: Caesar\n|-boost|p1a: Caesar|spa|1\n|-boost|p1a: Caesar|spd|1\n|-boost|p1a: Caesar|spe|1\n|move|p2a: Cappa|Throat Chop|p1a: Caesar\n|-damage|p1a: Caesar|67\/100\n|-start|p1a: Caesar|Throat Chop|[silent]\n|\n|-heal|p1a: Caesar|73\/100|[from] item: Black Sludge\n|-heal|p2a: Cappa|83\/100|[from] item: Leftovers\n|upkeep\n|turn|18\n|\n|t:|1632272738\n|switch|p2a: mglw'nafh fhtagn|Spiritomb, M|100\/100\n|move|p1a: Caesar|Infestation|p2a: mglw'nafh fhtagn\n|-damage|p2a: mglw'nafh fhtagn|85\/100\n|-activate|p2a: mglw'nafh fhtagn|move: Infestation|[of] p1a: Caesar\n|\n|-heal|p1a: Caesar|79\/100|[from] item: Black Sludge\n|-damage|p2a: mglw'nafh fhtagn|73\/100|[from] move: Infestation|[partiallytrapped]\n|-end|p1a: Caesar|Throat Chop|[silent]\n|upkeep\n|turn|19\n|j|^DL Sunny\n|\n|t:|1632272768\n|move|p2a: mglw'nafh fhtagn|Sucker Punch|p1a: Caesar\n|-damage|p1a: Caesar|2\/100\n|move|p1a: Caesar|Bug Buzz|p2a: mglw'nafh fhtagn\n|-damage|p2a: mglw'nafh fhtagn|15\/100\n|\n|-heal|p1a: Caesar|9\/100|[from] item: Black Sludge\n|-damage|p2a: mglw'nafh fhtagn|3\/100|[from] move: Infestation|[partiallytrapped]\n|upkeep\n|turn|20\n|\n|t:|1632272778\n|move|p2a: mglw'nafh fhtagn|Sucker Punch||[still]\n|-fail|p2a: mglw'nafh fhtagn\n|move|p1a: Caesar|Quiver Dance|p1a: Caesar\n|-boost|p1a: Caesar|spa|1\n|-boost|p1a: Caesar|spd|1\n|-boost|p1a: Caesar|spe|1\n|\n|-heal|p1a: Caesar|15\/100|[from] item: Black Sludge\n|-damage|p2a: mglw'nafh fhtagn|0 fnt|[from] move: Infestation|[partiallytrapped]\n|faint|p2a: mglw'nafh fhtagn\n|upkeep\n|\n|t:|1632272784\n|switch|p2a: Bruce|Mamoswine, M|100\/100\n|turn|21\n|\n|t:|1632272797\n|switch|p2a: Cappa|Umbreon, M|83\/100\n|move|p1a: Caesar|Bug Buzz|p2a: Cappa\n|-supereffective|p2a: Cappa\n|-damage|p2a: Cappa|0 fnt\n|faint|p2a: Cappa\n|\n|-heal|p1a: Caesar|21\/100|[from] item: Black Sludge\n|upkeep\n|\n|t:|1632272807\n|switch|p2a: Carlton|Salamence, M|38\/100\n|-ability|p2a: Carlton|Intimidate|boost\n|-unboost|p1a: Caesar|atk|1\n|turn|22\n|j| 1WildArcanine\n|\n|t:|1632272812\n|move|p1a: Caesar|Bug Buzz|p2a: Carlton\n|-resisted|p2a: Carlton\n|-damage|p2a: Carlton|0 fnt\n|faint|p2a: Carlton\n|\n|-heal|p1a: Caesar|27\/100|[from] item: Black Sludge\n|upkeep\n|\n|t:|1632272820\n|switch|p2a: Bruce|Mamoswine, M|100\/100\n|turn|23\n|\n|t:|1632272832\n|move|p1a: Caesar|Bug Buzz|p2a: Bruce\n|-crit|p2a: Bruce\n|-damage|p2a: Bruce|0 fnt\n|faint|p2a: Bruce\n|\n|-heal|p1a: Caesar|34\/100|[from] item: Black Sludge\n|upkeep\n|c|\u2606Aeriodon|gg man. good call on the scarf. or so I assume\n|\n|t:|1632272839\n|switch|p2a: Tomi|Sylveon, F|100\/100\n|turn|24\n|c|\u2606Aeriodon|very wp\n|c|\u2606AsterJ|i just assumed no ice shard\n|c|\u2606AsterJ|doesn't make a lot of sense in the matchup\n|c|\u2606AsterJ|ty\n|\n|t:|1632272859\n|move|p1a: Caesar|Bug Buzz|p2a: Tomi\n|-resisted|p2a: Tomi\n|-damage|p2a: Tomi|62\/100\n|move|p2a: Tomi|Hyper Voice|p1a: Caesar\n|-resisted|p1a: Caesar\n|-damage|p1a: Caesar|20\/100\n|\n|-heal|p1a: Caesar|26\/100|[from] item: Black Sludge\n|-heal|p2a: Tomi|68\/100|[from] item: Leftovers\n|upkeep\n|turn|25\n|\n|t:|1632272866\n|move|p1a: Caesar|Quiver Dance|p1a: Caesar\n|-boost|p1a: Caesar|spa|1\n|-boost|p1a: Caesar|spd|1\n|-boost|p1a: Caesar|spe|1\n|move|p2a: Tomi|Wish|p2a: Tomi\n|\n|-heal|p1a: Caesar|32\/100|[from] item: Black Sludge\n|-heal|p2a: Tomi|75\/100|[from] item: Leftovers\n|upkeep\n|turn|26\n|\n|t:|1632272874\n|move|p1a: Caesar|Bug Buzz|p2a: Tomi\n|-resisted|p2a: Tomi\n|-damage|p2a: Tomi|21\/100\n|move|p2a: Tomi|Hyper Voice|p1a: Caesar\n|-resisted|p1a: Caesar\n|-damage|p1a: Caesar|22\/100\n|\n|-heal|p2a: Tomi|70\/100|[from] move: Wish|[wisher] Tomi\n|-heal|p1a: Caesar|28\/100|[from] item: Black Sludge\n|-heal|p2a: Tomi|77\/100|[from] item: Leftovers\n|upkeep\n|turn|27\n|\n|t:|1632272880\n|move|p1a: Caesar|Infestation|p2a: Tomi\n|-resisted|p2a: Tomi\n|-damage|p2a: Tomi|65\/100\n|-activate|p2a: Tomi|move: Infestation|[of] p1a: Caesar\n|move|p2a: Tomi|Hyper Voice|p1a: Caesar\n|-resisted|p1a: Caesar\n|-damage|p1a: Caesar|18\/100\n|\n|-heal|p1a: Caesar|24\/100|[from] item: Black Sludge\n|-heal|p2a: Tomi|71\/100|[from] item: Leftovers\n|-damage|p2a: Tomi|59\/100|[from] move: Infestation|[partiallytrapped]\n|upkeep\n|turn|28\n|\n|t:|1632272885\n|move|p1a: Caesar|Bug Buzz|p2a: Tomi\n|-resisted|p2a: Tomi\n|-damage|p2a: Tomi|11\/100\n|move|p2a: Tomi|Hyper Voice|p1a: Caesar\n|-resisted|p1a: Caesar\n|-damage|p1a: Caesar|13\/100\n|\n|-heal|p1a: Caesar|19\/100|[from] item: Black Sludge\n|-heal|p2a: Tomi|17\/100|[from] item: Leftovers\n|-damage|p2a: Tomi|4\/100|[from] move: Infestation|[partiallytrapped]\n|upkeep\n|turn|29\n|\n|t:|1632272888\n|move|p1a: Caesar|Bug Buzz|p2a: Tomi\n|-resisted|p2a: Tomi\n|-damage|p2a: Tomi|0 fnt\n|faint|p2a: Tomi\n|\n|win|AsterJ\n|c|\u2606AsterJ|gg bro\n|c|\u2606Aeriodon|gg\n|l| QuangGang\n|c|\u2606AsterJ|nice tomb set\n|c|\u2606AsterJ|didn't see that coming\n|l|\u2606Aeriodon\n|l| Habaduh\n","uploadtime":1632272891,"views":44,"p1id":"asterj","p2id":"aeriodon","formatid":"gen8nationaldexleakslegacy","rating":0,"private":0,"password":null}