{"id":"sports-gen8nationaldexdraft-695165","p1":"SDL Tiger","p2":"DjezzeMwoan","format":"gen8nationaldexdraft","log":"|j|\u2606SDL Tiger\n|j|\u2606DjezzeMwoan\n|t:|1658780099\n|gametype|singles\n|player|p1|SDL Tiger|sdltiger.png|\n|player|p2|DjezzeMwoan|gambler|\n|teamsize|p1|6\n|teamsize|p2|6\n|gen|8\n|tier|[Gen 8] National Dex Draft\n|rule|Sleep Clause Mod: Limit one foe put to sleep\n|rule|OHKO Clause: OHKO moves are banned\n|rule|Evasion Moves Clause: Evasion moves are banned\n|rule|Endless Battle Clause: Forcing endless battles is banned\n|rule|HP Percentage Mod: HP is shown in percentages\n|rule|Dynamax Clause: You cannot dynamax\n|clearpoke\n|poke|p1|Mamoswine, F|\n|poke|p1|Greninja, M|\n|poke|p1|Pheromosa|\n|poke|p1|Dragapult, M|\n|poke|p1|Blissey, F|\n|poke|p1|Moltres|\n|poke|p2|Mewtwo|\n|poke|p2|Greninja, M|\n|poke|p2|Magearna|\n|poke|p2|Hydreigon, F|\n|poke|p2|Avalugg, F|\n|poke|p2|Gligar, F|\n|teampreview\n|html|<button name=\"send\" class=\"button\" value=\"\/timer ds\"><i class=\"fa fa-hourglass-start\"><\/i> DS Timer<\/button> <button name=\"send\" class=\"button\" value=\"\/timer smogon\"><i class=\"fa fa-hourglass-start\"><\/i> Smogon Timer<\/button>\n|c|\u2606DjezzeMwoan|glhf\n|c|\u2606SDL Tiger|Hf this will be interesting\n|c|\u2606DjezzeMwoan|ye\n|c|\u2606DjezzeMwoan|this took less then 5 mins\n|\n|t:|1658780145\n|start\n|switch|p1a: Greninja|Greninja, M|100\/100\n|switch|p2a: Ty Lee|Greninja, M|100\/100\n|turn|1\n|c|\u2606DjezzeMwoan|so i prob barely have checks for half your team\n|\n|t:|1658780155\n|move|p2a: Ty Lee|U-turn|p1a: Greninja\n|-supereffective|p1a: Greninja\n|-damage|p1a: Greninja|43\/100\n|\n|t:|1658780159\n|switch|p2a: Azula|Hydreigon, F|100\/100|[from]move: U-turn\n|move|p1a: Greninja|U-turn|p2a: Azula\n|-supereffective|p2a: Azula\n|-damage|p2a: Azula|73\/100\n|\n|t:|1658780167\n|switch|p1a: Pheromosa|Pheromosa|100\/100|[from]move: U-turn\n|\n|-heal|p2a: Azula|79\/100|[from] item: Leftovers\n|upkeep\n|turn|2\n|\n|t:|1658780197\n|switch|p2a: Bumi|Avalugg, F|100\/100\n|move|p1a: Pheromosa|Triple Axel|p2a: Bumi\n|-resisted|p2a: Bumi\n|-damage|p2a: Bumi|99\/100\n|-resisted|p2a: Bumi\n|-damage|p2a: Bumi|95\/100\n|-resisted|p2a: Bumi\n|-damage|p2a: Bumi|89\/100\n|-hitcount|p2a: Bumi|3\n|\n|-heal|p2a: Bumi|95\/100|[from] item: Leftovers\n|upkeep\n|turn|3\n|\n|t:|1658780204\n|move|p1a: Pheromosa|Close Combat|p2a: Bumi\n|-supereffective|p2a: Bumi\n|-damage|p2a: Bumi|30\/100\n|-unboost|p1a: Pheromosa|def|1\n|-unboost|p1a: Pheromosa|spd|1\n|move|p2a: Bumi|Avalanche|p1a: Pheromosa\n|-damage|p1a: Pheromosa|0 fnt\n|faint|p1a: Pheromosa\n|\n|-heal|p2a: Bumi|36\/100|[from] item: Leftovers\n|upkeep\n|c|\u2606SDL Tiger|You know whay well played\n|\n|t:|1658780233\n|switch|p1a: Dragapult|Dragapult, M|100\/100\n|turn|4\n|c|\u2606DjezzeMwoan|ty\n|\n|t:|1658780242\n|switch|p2a: Sokka|Gligar, F, shiny|100\/100\n|move|p1a: Dragapult|Dragon Dance|p1a: Dragapult\n|-boost|p1a: Dragapult|atk|1\n|-boost|p1a: Dragapult|spe|1\n|\n|upkeep\n|turn|5\n|\n|t:|1658780249\n|move|p1a: Dragapult|Substitute|p1a: Dragapult\n|-start|p1a: Dragapult|Substitute\n|-damage|p1a: Dragapult|76\/100\n|move|p2a: Sokka|U-turn|p1a: Dragapult\n|-resisted|p1a: Dragapult\n|-activate|p1a: Dragapult|move: Substitute|[damage]\n|\n|t:|1658780252\n|switch|p2a: Bumi|Avalugg, F|36\/100|[from]move: U-turn\n|\n|-heal|p1a: Dragapult|82\/100|[from] item: Leftovers\n|-heal|p2a: Bumi|42\/100|[from] item: Leftovers\n|upkeep\n|turn|6\n|\n|t:|1658780257\n|switch|p2a: Iroh|Magearna|100\/100\n|move|p1a: Dragapult|Dragon Dance|p1a: Dragapult\n|-boost|p1a: Dragapult|atk|1\n|-boost|p1a: Dragapult|spe|1\n|\n|-heal|p1a: Dragapult|88\/100|[from] item: Leftovers\n|upkeep\n|turn|7\n|\n|t:|1658780265\n|move|p1a: Dragapult|Phantom Force||[still]\n|-prepare|p1a: Dragapult|Phantom Force\n|move|p2a: Iroh|Iron Defense|p2a: Iroh\n|-boost|p2a: Iroh|def|2\n|\n|-heal|p1a: Dragapult|94\/100|[from] item: Leftovers\n|upkeep\n|turn|8\n|\n|t:|1658780272\n|move|p1a: Dragapult|Phantom Force|p2a: Iroh|[from]lockedmove\n|-damage|p2a: Iroh|57\/100\n|move|p2a: Iroh|Iron Defense|p2a: Iroh\n|-boost|p2a: Iroh|def|2\n|\n|-heal|p1a: Dragapult|99\/100|[from] item: Leftovers\n|-heal|p2a: Iroh|63\/100|[from] item: Leftovers\n|upkeep\n|turn|9\n|j| Aubergenius\n|c| Aubergenius|Joooooo\n|c|\u2606SDL Tiger|Thats just mean\n|\n|t:|1658780284\n|move|p1a: Dragapult|Dragon Dance|p1a: Dragapult\n|-boost|p1a: Dragapult|atk|1\n|-boost|p1a: Dragapult|spe|1\n|move|p2a: Iroh|Calm Mind|p2a: Iroh\n|-boost|p2a: Iroh|spa|1\n|-boost|p2a: Iroh|spd|1\n|\n|-heal|p1a: Dragapult|100\/100|[from] item: Leftovers\n|-heal|p2a: Iroh|69\/100|[from] item: Leftovers\n|upkeep\n|turn|10\n|c|\u2606DjezzeMwoan|yoo\n|c|\u2606DjezzeMwoan|is dit dvd\n|\n|t:|1658780292\n|move|p1a: Dragapult|Phantom Force||[still]\n|-prepare|p1a: Dragapult|Phantom Force\n|move|p2a: Iroh|Calm Mind|p2a: Iroh\n|-boost|p2a: Iroh|spa|1\n|-boost|p2a: Iroh|spd|1\n|\n|-heal|p2a: Iroh|75\/100|[from] item: Leftovers\n|upkeep\n|turn|11\n|\n|t:|1658780295\n|move|p1a: Dragapult|Phantom Force|p2a: Iroh|[from]lockedmove\n|-damage|p2a: Iroh|40\/100\n|move|p2a: Iroh|Flash Cannon|p1a: Dragapult\n|-end|p1a: Dragapult|Substitute\n|\n|-heal|p2a: Iroh|46\/100|[from] item: Leftovers\n|upkeep\n|turn|12\n|c| Aubergenius|De dvd\n|\n|t:|1658780304\n|move|p1a: Dragapult|Phantom Force||[still]\n|-prepare|p1a: Dragapult|Phantom Force\n|move|p2a: Iroh|Iron Defense|p2a: Iroh\n|-boost|p2a: Iroh|def|2\n|\n|-heal|p2a: Iroh|52\/100|[from] item: Leftovers\n|upkeep\n|turn|13\n|\n|t:|1658780307\n|move|p1a: Dragapult|Phantom Force|p2a: Iroh|[from]lockedmove\n|-damage|p2a: Iroh|29\/100\n|move|p2a: Iroh|Flash Cannon|p1a: Dragapult\n|-damage|p1a: Dragapult|14\/100\n|\n|-heal|p1a: Dragapult|21\/100|[from] item: Leftovers\n|-heal|p2a: Iroh|35\/100|[from] item: Leftovers\n|upkeep\n|turn|14\n|\n|t:|1658780322\n|move|p1a: Dragapult|Phantom Force||[still]\n|-prepare|p1a: Dragapult|Phantom Force\n|move|p2a: Iroh|Rest|p2a: Iroh\n|-status|p2a: Iroh|slp|[from] move: Rest\n|-heal|p2a: Iroh|100\/100 slp|[silent]\n|\n|-heal|p1a: Dragapult|27\/100|[from] item: Leftovers\n|upkeep\n|turn|15\n|\n|t:|1658780324\n|move|p1a: Dragapult|Phantom Force|p2a: Iroh|[from]lockedmove\n|-damage|p2a: Iroh|76\/100 slp\n|cant|p2a: Iroh|slp\n|\n|-heal|p1a: Dragapult|33\/100|[from] item: Leftovers\n|-heal|p2a: Iroh|82\/100 slp|[from] item: Leftovers\n|upkeep\n|turn|16\n|\n|t:|1658780328\n|move|p1a: Dragapult|Dragon Dance|p1a: Dragapult\n|-boost|p1a: Dragapult|atk|1\n|-boost|p1a: Dragapult|spe|1\n|cant|p2a: Iroh|slp\n|\n|-heal|p1a: Dragapult|39\/100|[from] item: Leftovers\n|-heal|p2a: Iroh|88\/100 slp|[from] item: Leftovers\n|upkeep\n|turn|17\n|\n|t:|1658780333\n|move|p1a: Dragapult|Substitute|p1a: Dragapult\n|-start|p1a: Dragapult|Substitute\n|-damage|p1a: Dragapult|14\/100\n|-curestatus|p2a: Iroh|slp|[msg]\n|move|p2a: Iroh|Calm Mind|p2a: Iroh\n|-boost|p2a: Iroh|spa|1\n|-boost|p2a: Iroh|spd|1\n|\n|-heal|p1a: Dragapult|20\/100|[from] item: Leftovers\n|-heal|p2a: Iroh|94\/100|[from] item: Leftovers\n|upkeep\n|turn|18\n|\n|t:|1658780337\n|move|p1a: Dragapult|Dragon Dance|p1a: Dragapult\n|-boost|p1a: Dragapult|atk|1\n|-boost|p1a: Dragapult|spe|1\n|move|p2a: Iroh|Flash Cannon|p1a: Dragapult\n|-end|p1a: Dragapult|Substitute\n|\n|-heal|p1a: Dragapult|26\/100|[from] item: Leftovers\n|-heal|p2a: Iroh|99\/100|[from] item: Leftovers\n|upkeep\n|turn|19\n|\n|t:|1658780340\n|move|p1a: Dragapult|Phantom Force||[still]\n|-prepare|p1a: Dragapult|Phantom Force\n|move|p2a: Iroh|Calm Mind|p2a: Iroh\n|-boost|p2a: Iroh|spa|1\n|-boost|p2a: Iroh|spd|1\n|\n|-heal|p1a: Dragapult|32\/100|[from] item: Leftovers\n|-heal|p2a: Iroh|100\/100|[from] item: Leftovers\n|upkeep\n|turn|20\n|\n|t:|1658780343\n|move|p1a: Dragapult|Phantom Force|p2a: Iroh|[from]lockedmove\n|-damage|p2a: Iroh|68\/100\n|move|p2a: Iroh|Flash Cannon|p1a: Dragapult\n|-damage|p1a: Dragapult|0 fnt\n|faint|p1a: Dragapult\n|-ability|p2a: Iroh|Soul-Heart|boost\n|-boost|p2a: Iroh|spa|1\n|\n|-heal|p2a: Iroh|74\/100|[from] item: Leftovers\n|upkeep\n|c|\u2606DjezzeMwoan|ok\n|\n|t:|1658780352\n|switch|p1a: Moltres|Moltres|100\/100\n|turn|21\n|c|\u2606DjezzeMwoan|phew\n|c|\u2606DjezzeMwoan|no crits\n|c|\u2606DjezzeMwoan|a crit wouldve been gg\n|\n|t:|1658780363\n|move|p1a: Moltres|Flamethrower|p2a: Iroh\n|-supereffective|p2a: Iroh\n|-damage|p2a: Iroh|57\/100\n|move|p2a: Iroh|Calm Mind|p2a: Iroh\n|-boost|p2a: Iroh|spa|1\n|-boost|p2a: Iroh|spd|1\n|\n|-heal|p2a: Iroh|63\/100|[from] item: Leftovers\n|upkeep\n|turn|22\n|c|\u2606SDL Tiger|If i got a crit i wouldve won\n|\n|t:|1658780369\n|move|p1a: Moltres|Flamethrower|p2a: Iroh\n|-supereffective|p2a: Iroh\n|-damage|p2a: Iroh|48\/100\n|move|p2a: Iroh|Flash Cannon|p1a: Moltres\n|-resisted|p1a: Moltres\n|-damage|p1a: Moltres|8\/100\n|\n|-heal|p2a: Iroh|54\/100|[from] item: Leftovers\n|upkeep\n|turn|23\n|\n|t:|1658780373\n|move|p1a: Moltres|Flamethrower|p2a: Iroh\n|-supereffective|p2a: Iroh\n|-damage|p2a: Iroh|41\/100\n|move|p2a: Iroh|Flash Cannon|p1a: Moltres\n|-resisted|p1a: Moltres\n|-damage|p1a: Moltres|0 fnt\n|faint|p1a: Moltres\n|\n|-heal|p2a: Iroh|47\/100|[from] item: Leftovers\n|upkeep\n|c|\u2606SDL Tiger|Yeah gg\n|\n|t:|1658780382\n|switch|p1a: Mamoswine|Mamoswine, F|100\/100\n|turn|24\n|c|\u2606DjezzeMwoan|i love magearna\n|\n|t:|1658780387\n|move|p1a: Mamoswine|Earthquake|p2a: Iroh\n|-supereffective|p2a: Iroh\n|-damage|p2a: Iroh|26\/100\n|move|p2a: Iroh|Flash Cannon|p1a: Mamoswine\n|-supereffective|p1a: Mamoswine\n|-damage|p1a: Mamoswine|0 fnt\n|faint|p1a: Mamoswine\n|\n|-heal|p2a: Iroh|32\/100|[from] item: Leftovers\n|upkeep\n|\n|t:|1658780391\n|switch|p1a: Greninja|Greninja, M|43\/100\n|turn|25\n|c|\u2606DjezzeMwoan|this set is op\n|\n|t:|1658780397\n|move|p1a: Greninja|Hydro Pump|p2a: Iroh\n|-damage|p2a: Iroh|22\/100\n|move|p2a: Iroh|Rest|p2a: Iroh\n|-status|p2a: Iroh|slp|[from] move: Rest\n|-heal|p2a: Iroh|100\/100 slp|[silent]\n|\n|upkeep\n|turn|26\n|\n|t:|1658780401\n|move|p1a: Greninja|Hydro Pump|p2a: Iroh|[miss]\n|-miss|p1a: Greninja|p2a: Iroh\n|cant|p2a: Iroh|slp\n|\n|upkeep\n|turn|27\n|\n|t:|1658780404\n|move|p1a: Greninja|Hydro Pump|p2a: Iroh\n|-damage|p2a: Iroh|91\/100 slp\n|cant|p2a: Iroh|slp\n|\n|-heal|p2a: Iroh|97\/100 slp|[from] item: Leftovers\n|upkeep\n|turn|28\n|\n|t:|1658780407\n|move|p1a: Greninja|Hydro Pump|p2a: Iroh\n|-damage|p2a: Iroh|88\/100 slp\n|-curestatus|p2a: Iroh|slp|[msg]\n|move|p2a: Iroh|Flash Cannon|p1a: Greninja\n|-resisted|p1a: Greninja\n|-damage|p1a: Greninja|0 fnt\n|faint|p1a: Greninja\n|\n|-heal|p2a: Iroh|94\/100|[from] item: Leftovers\n|upkeep\n|\n|t:|1658780410\n|switch|p1a: Blissey|Blissey, F|100\/100\n|turn|29\n|\n|t:|1658780412\n|move|p2a: Iroh|Flash Cannon|p1a: Blissey\n|-damage|p1a: Blissey|47\/100\n|move|p1a: Blissey|Seismic Toss|p2a: Iroh\n|-damage|p2a: Iroh|66\/100\n|\n|-heal|p2a: Iroh|72\/100|[from] item: Leftovers\n|upkeep\n|turn|30\n|\n|t:|1658780415\n|move|p2a: Iroh|Flash Cannon|p1a: Blissey\n|-crit|p1a: Blissey\n|-damage|p1a: Blissey|0 fnt\n|faint|p1a: Blissey\n|\n|win|DjezzeMwoan\n|c|\u2606DjezzeMwoan|gg man\n|c|\u2606DjezzeMwoan|wp\n|c|\u2606DjezzeMwoan|magearna w a back to back6-0\n|c|\u2606SDL Tiger|ggs this was just a fun game\n|c|\u2606SDL Tiger|Lol\n|c|\u2606DjezzeMwoan|ye haha\n|c|\u2606SDL Tiger|Im out of poffs no matter what\n|c|\u2606DjezzeMwoan|a rip\n|c|\u2606DjezzeMwoan|i think i was in no matter what\n|l|\u2606SDL Tiger\n|l| Aubergenius\n","uploadtime":1658780432,"views":16,"p1id":"sdltiger","p2id":"djezzemwoan","formatid":"gen8nationaldexdraft","rating":0,"private":0,"password":null}