{"id":"sports-gen8nationaldexdraft-700948","p1":"DamnDaTa","p2":"Unviabriel","format":"gen8nationaldexdraft","log":"|j|\u2606DamnDaTa\n|j|\u2606Unviabriel\n|t:|1659540446\n|gametype|singles\n|player|p1|DamnDaTa|damndata.png|\n|player|p2|Unviabriel|unviabriel.png|\n|teamsize|p1|6\n|teamsize|p2|6\n|gen|8\n|tier|[Gen 8] National Dex Draft\n|rule|Sleep Clause Mod: Limit one foe put to sleep\n|rule|OHKO Clause: OHKO moves are banned\n|rule|Evasion Moves Clause: Evasion moves are banned\n|rule|Endless Battle Clause: Forcing endless battles is banned\n|rule|HP Percentage Mod: HP is shown in percentages\n|rule|Dynamax Clause: You cannot dynamax\n|clearpoke\n|poke|p1|Darkrai|\n|poke|p1|Victini|\n|poke|p1|Nidoking, M|\n|poke|p1|Thundurus, M|\n|poke|p1|Heracross, M|\n|poke|p1|Altaria, F|\n|poke|p2|Cinderace, M|\n|poke|p2|Zapdos|\n|poke|p2|Slowbro, M|\n|poke|p2|Excadrill, M|\n|poke|p2|Tyranitar, M|\n|poke|p2|Altaria, M|\n|teampreview\n|html|<button name=\"send\" class=\"button\" value=\"\/timer ds\"><i class=\"fa fa-hourglass-start\"><\/i> DS Timer<\/button> <button name=\"send\" class=\"button\" value=\"\/timer smogon\"><i class=\"fa fa-hourglass-start\"><\/i> Smogon Timer<\/button>\n|c|\u2606DamnDaTa|gl hf!\n|c|\u2606Unviabriel|glhf \n|inactive|Battle timer is ON: inactive players will automatically lose when time's up. (requested by DamnDaTa)\n|j| Grookey Supremacy\n|l| Grookey Supremacy\n|inactive|Unviabriel has 270 seconds left.\n|\n|t:|1659540517\n|start\n|switch|p1a: Heracross|Heracross, M|100\/100\n|switch|p2a: Cinderace|Cinderace, M|100\/100\n|turn|1\n|inactive|Unviabriel has 270 seconds left.\n|\n|t:|1659540549\n|detailschange|p1a: Heracross|Heracross-Mega, M\n|-mega|p1a: Heracross|Heracross|Heracronite\n|move|p2a: Cinderace|Pyro Ball|p1a: Heracross\n|-supereffective|p1a: Heracross\n|-damage|p1a: Heracross|0 fnt\n|faint|p1a: Heracross\n|\n|upkeep\n|\n|t:|1659540562\n|switch|p1a: Nidoking|Nidoking, M|100\/100\n|turn|2\n|j| ImCrazyUwU\n|inactive|Unviabriel has 270 seconds left.\n|\n|t:|1659540582\n|switch|p2a: Slowbro|Slowbro, M|100\/100\n|move|p1a: Nidoking|Stealth Rock|p2a: Slowbro\n|-sidestart|p2: Unviabriel|move: Stealth Rock\n|\n|upkeep\n|turn|3\n|inactive|Unviabriel has 270 seconds left.\n|\n|t:|1659540600\n|switch|p1a: Thundurus|Thundurus, M|100\/100\n|move|p2a: Slowbro|Scald|p1a: Thundurus\n|-damage|p1a: Thundurus|68\/100\n|\n|upkeep\n|turn|4\n|inactive|Unviabriel has 240 seconds left.\n|inactive|DamnDaTa has 270 seconds left.\n|inactive|Unviabriel has 210 seconds left.\n|\n|t:|1659540678\n|move|p1a: Thundurus|Thunder Punch|p2a: Slowbro\n|-supereffective|p2a: Slowbro\n|-damage|p2a: Slowbro|48\/100\n|move|p2a: Slowbro|Ice Beam|p1a: Thundurus\n|-supereffective|p1a: Thundurus\n|-damage|p1a: Thundurus|24\/100\n|\n|upkeep\n|turn|5\n|\n|t:|1659540702\n|switch|p2a: Zapdos|Zapdos|100\/100\n|move|p1a: Thundurus|Thunder Punch|p2a: Zapdos\n|-damage|p2a: Zapdos|73\/100\n|\n|upkeep\n|turn|6\n|inactive|Unviabriel has 180 seconds left.\n|\n|t:|1659540719\n|move|p1a: Thundurus|U-turn|p2a: Zapdos\n|-resisted|p2a: Zapdos\n|-damage|p2a: Zapdos|64\/100\n|\n|t:|1659540722\n|switch|p1a: Nidoking|Nidoking, M|100\/100|[from]move: U-turn\n|move|p2a: Zapdos|Roost|p2a: Zapdos\n|-heal|p2a: Zapdos|100\/100\n|-singleturn|p2a: Zapdos|move: Roost\n|\n|upkeep\n|turn|7\n|inactive|Unviabriel has 180 seconds left.\n|inactive|Unviabriel has 150 seconds left.\n|\n|t:|1659540770\n|move|p1a: Nidoking|Sludge Wave|p2a: Zapdos\n|-damage|p2a: Zapdos|62\/100\n|move|p2a: Zapdos|Defog|p1a: Nidoking\n|-unboost|p1a: Nidoking|evasion|1\n|-sideend|p2: Unviabriel|Stealth Rock|[from] move: Defog|[of] p2a: Zapdos\n|\n|upkeep\n|turn|8\n|l| ImCrazyUwU\n|inactive|Unviabriel has 150 seconds left.\n|\n|t:|1659540784\n|move|p1a: Nidoking|Stealth Rock|p2a: Zapdos\n|-sidestart|p2: Unviabriel|move: Stealth Rock\n|move|p2a: Zapdos|Roost|p2a: Zapdos\n|-heal|p2a: Zapdos|100\/100\n|-singleturn|p2a: Zapdos|move: Roost\n|\n|upkeep\n|turn|9\n|\n|t:|1659540792\n|move|p1a: Nidoking|Sludge Wave|p2a: Zapdos\n|-damage|p2a: Zapdos|66\/100\n|move|p2a: Zapdos|Hurricane|p1a: Nidoking\n|-damage|p1a: Nidoking|46\/100\n|\n|upkeep\n|turn|10\n|\n|t:|1659540813\n|move|p1a: Nidoking|Sludge Wave|p2a: Zapdos\n|-damage|p2a: Zapdos|26\/100\n|move|p2a: Zapdos|Roost|p2a: Zapdos\n|-heal|p2a: Zapdos|76\/100\n|-singleturn|p2a: Zapdos|move: Roost\n|\n|upkeep\n|turn|11\n|\n|t:|1659540820\n|move|p1a: Nidoking|Sludge Wave|p2a: Zapdos\n|-damage|p2a: Zapdos|42\/100\n|move|p2a: Zapdos|Roost|p2a: Zapdos\n|-heal|p2a: Zapdos|92\/100\n|-singleturn|p2a: Zapdos|move: Roost\n|\n|upkeep\n|turn|12\n|\n|t:|1659540840\n|switch|p1a: Victini|Victini|100\/100\n|move|p2a: Zapdos|Hurricane|p1a: Victini|[miss]\n|-miss|p2a: Zapdos|p1a: Victini\n|\n|upkeep\n|turn|13\n|inactive|Unviabriel has 150 seconds left.\n|\n|t:|1659540865\n|move|p1a: Victini|Will-O-Wisp|p2a: Zapdos\n|-status|p2a: Zapdos|brn\n|move|p2a: Zapdos|Roost|p2a: Zapdos\n|-heal|p2a: Zapdos|100\/100 brn\n|-singleturn|p2a: Zapdos|move: Roost\n|\n|-damage|p2a: Zapdos|94\/100 brn|[from] brn\n|upkeep\n|turn|14\n|\n|t:|1659540885\n|switch|p1a: Thundurus|Thundurus, M|24\/100\n|move|p2a: Zapdos|Defog|p1a: Thundurus\n|-unboost|p1a: Thundurus|evasion|1\n|-ability|p1a: Thundurus|Defiant\n|-boost|p1a: Thundurus|atk|2\n|-sideend|p2: Unviabriel|Stealth Rock|[from] move: Defog|[of] p2a: Zapdos\n|\n|-damage|p2a: Zapdos|88\/100 brn|[from] brn\n|upkeep\n|turn|15\n|\n|t:|1659540896\n|move|p1a: Thundurus|Thunder Punch|p2a: Zapdos\n|-damage|p2a: Zapdos|36\/100 brn\n|move|p2a: Zapdos|Thunderbolt|p1a: Thundurus\n|-damage|p1a: Thundurus|0 fnt\n|faint|p1a: Thundurus\n|\n|-damage|p2a: Zapdos|30\/100 brn|[from] brn\n|upkeep\n|inactive|DamnDaTa has 240 seconds left.\n|\n|t:|1659540927\n|switch|p1a: Nidoking|Nidoking, M|46\/100\n|turn|16\n|inactive|Unviabriel has 150 seconds left.\n|j| ddrakloak\n|\n|t:|1659540939\n|move|p1a: Nidoking|Stealth Rock|p2a: Zapdos\n|-sidestart|p2: Unviabriel|move: Stealth Rock\n|move|p2a: Zapdos|Roost|p2a: Zapdos\n|-heal|p2a: Zapdos|80\/100 brn\n|-singleturn|p2a: Zapdos|move: Roost\n|\n|-damage|p2a: Zapdos|74\/100 brn|[from] brn\n|upkeep\n|turn|17\n|inactive|Unviabriel has 150 seconds left.\n|inactive|DamnDaTa has 240 seconds left.\n|\n|t:|1659540959\n|move|p1a: Nidoking|Sludge Wave|p2a: Zapdos\n|-damage|p2a: Zapdos|34\/100 brn\n|move|p2a: Zapdos|Roost|p2a: Zapdos\n|-heal|p2a: Zapdos|85\/100 brn\n|-singleturn|p2a: Zapdos|move: Roost\n|\n|-damage|p2a: Zapdos|79\/100 brn|[from] brn\n|upkeep\n|turn|18\n|\n|t:|1659540970\n|move|p1a: Nidoking|Sludge Wave|p2a: Zapdos\n|-damage|p2a: Zapdos|41\/100 brn\n|move|p2a: Zapdos|Roost|p2a: Zapdos\n|-heal|p2a: Zapdos|91\/100 brn\n|-singleturn|p2a: Zapdos|move: Roost\n|\n|-damage|p2a: Zapdos|85\/100 brn|[from] brn\n|upkeep\n|turn|19\n|inactive|Unviabriel has 150 seconds left.\n|\n|t:|1659540976\n|move|p1a: Nidoking|Sludge Wave|p2a: Zapdos\n|-damage|p2a: Zapdos|51\/100 brn\n|move|p2a: Zapdos|Hurricane|p1a: Nidoking\n|-damage|p1a: Nidoking|0 fnt\n|faint|p1a: Nidoking\n|\n|-damage|p2a: Zapdos|45\/100 brn|[from] brn\n|upkeep\n|inactive|DamnDaTa has 240 seconds left.\n|\n|t:|1659540984\n|switch|p1a: Darkrai|Darkrai|100\/100\n|turn|20\n|inactive|Unviabriel has 150 seconds left.\n|\n|t:|1659540999\n|move|p1a: Darkrai|Dark Pulse|p2a: Zapdos\n|-damage|p2a: Zapdos|0 fnt\n|faint|p2a: Zapdos\n|-damage|p1a: Darkrai|91\/100|[from] item: Life Orb\n|\n|upkeep\n|inactive|Unviabriel has 150 seconds left.\n|j| LatiGOD\n|inactive|Unviabriel has 120 seconds left.\n|l| LatiGOD\n|\n|t:|1659541058\n|switch|p2a: Altaria|Altaria, M|100\/100\n|-damage|p2a: Altaria|76\/100|[from] Stealth Rock\n|turn|21\n|inactive|DamnDaTa has 240 seconds left.\n|\n|t:|1659541095\n|detailschange|p2a: Altaria|Altaria-Mega, M\n|-mega|p2a: Altaria|Altaria|Altarianite\n|move|p1a: Darkrai|Sludge Bomb|p2a: Altaria\n|-supereffective|p2a: Altaria\n|-damage|p2a: Altaria|1\/100\n|-damage|p1a: Darkrai|81\/100|[from] item: Life Orb\n|move|p2a: Altaria|Body Slam|p1a: Darkrai\n|-supereffective|p1a: Darkrai\n|-damage|p1a: Darkrai|0 fnt\n|faint|p1a: Darkrai\n|\n|upkeep\n|\n|t:|1659541106\n|switch|p1a: Victini|Victini|100\/100\n|turn|22\n|\n|t:|1659541121\n|move|p1a: Victini|Energy Ball|p2a: Altaria\n|-resisted|p2a: Altaria\n|-damage|p2a: Altaria|0 fnt\n|faint|p2a: Altaria\n|\n|upkeep\n|inactive|Unviabriel has 90 seconds left.\n|\n|t:|1659541142\n|switch|p2a: Slowbro|Slowbro, M|81\/100\n|-damage|p2a: Slowbro|69\/100|[from] Stealth Rock\n|turn|23\n|\n|t:|1659541146\n|move|p1a: Victini|Energy Ball|p2a: Slowbro\n|-supereffective|p2a: Slowbro\n|-crit|p2a: Slowbro\n|-damage|p2a: Slowbro|40\/100\n|move|p2a: Slowbro|Scald|p1a: Victini\n|-supereffective|p1a: Victini\n|-damage|p1a: Victini|57\/100\n|\n|upkeep\n|turn|24\n|inactive|DamnDaTa has 240 seconds left.\n|inactive|DamnDaTa has 210 seconds left.\n|\n|t:|1659541201\n|move|p1a: Victini|Energy Ball|p2a: Slowbro\n|-supereffective|p2a: Slowbro\n|-damage|p2a: Slowbro|20\/100\n|move|p2a: Slowbro|Scald|p1a: Victini\n|-supereffective|p1a: Victini\n|-damage|p1a: Victini|13\/100\n|\n|upkeep\n|turn|25\n|\n|t:|1659541210\n|move|p1a: Victini|Will-O-Wisp|p2a: Slowbro\n|-status|p2a: Slowbro|brn\n|move|p2a: Slowbro|Scald|p1a: Victini\n|-supereffective|p1a: Victini\n|-damage|p1a: Victini|0 fnt\n|faint|p1a: Victini\n|\n|-damage|p2a: Slowbro|14\/100 brn|[from] brn\n|upkeep\n|\n|t:|1659541215\n|switch|p1a: Altaria|Altaria, F|100\/100\n|turn|26\n|\n|t:|1659541218\n|move|p1a: Altaria|Dragon Dance|p1a: Altaria\n|-boost|p1a: Altaria|atk|1\n|-boost|p1a: Altaria|spe|1\n|move|p2a: Slowbro|Ice Beam|p1a: Altaria\n|-supereffective|p1a: Altaria\n|-damage|p1a: Altaria|20\/100\n|\n|-damage|p2a: Slowbro|8\/100 brn|[from] brn\n|upkeep\n|turn|27\n|\n|t:|1659541223\n|move|p1a: Altaria|Roost|p1a: Altaria\n|-heal|p1a: Altaria|70\/100\n|-singleturn|p1a: Altaria|move: Roost\n|move|p2a: Slowbro|Ice Beam|p1a: Altaria\n|-supereffective|p1a: Altaria\n|-damage|p1a: Altaria|35\/100\n|\n|-damage|p2a: Slowbro|2\/100 brn|[from] brn\n|upkeep\n|turn|28\n|inactive|DamnDaTa has 240 seconds left.\n|\n|t:|1659541229\n|move|p1a: Altaria|Roost|p1a: Altaria\n|-heal|p1a: Altaria|85\/100\n|-singleturn|p1a: Altaria|move: Roost\n|move|p2a: Slowbro|Ice Beam|p1a: Altaria\n|-supereffective|p1a: Altaria\n|-damage|p1a: Altaria|48\/100\n|\n|-damage|p2a: Slowbro|0 fnt|[from] brn\n|faint|p2a: Slowbro\n|upkeep\n|inactive|Unviabriel has 120 seconds left.\n|inactive|Unviabriel has 90 seconds left.\n|\n|t:|1659541302\n|switch|p2a: Tyranitar|Tyranitar, M|100\/100\n|-damage|p2a: Tyranitar|88\/100|[from] Stealth Rock\n|-weather|Sandstorm|[from] ability: Sand Stream|[of] p2a: Tyranitar\n|turn|29\n|\n|t:|1659541312\n|move|p1a: Altaria|Cotton Guard|p1a: Altaria\n|-boost|p1a: Altaria|def|3\n|move|p2a: Tyranitar|Stone Edge|p1a: Altaria|[miss]\n|-miss|p2a: Tyranitar|p1a: Altaria\n|\n|-weather|Sandstorm|[upkeep]\n|-damage|p1a: Altaria|42\/100|[from] Sandstorm\n|upkeep\n|turn|30\n|\n|t:|1659541324\n|move|p1a: Altaria|Roost|p1a: Altaria\n|-heal|p1a: Altaria|92\/100\n|-singleturn|p1a: Altaria|move: Roost\n|move|p2a: Tyranitar|Stone Edge|p1a: Altaria|[miss]\n|-miss|p2a: Tyranitar|p1a: Altaria\n|\n|-weather|Sandstorm|[upkeep]\n|-damage|p1a: Altaria|85\/100|[from] Sandstorm\n|upkeep\n|turn|31\n|\n|t:|1659541331\n|move|p1a: Altaria|Cotton Guard|p1a: Altaria\n|-boost|p1a: Altaria|def|3\n|move|p2a: Tyranitar|Stone Edge|p1a: Altaria|[miss]\n|-miss|p2a: Tyranitar|p1a: Altaria\n|\n|-weather|Sandstorm|[upkeep]\n|-damage|p1a: Altaria|79\/100|[from] Sandstorm\n|upkeep\n|turn|32\n|inactive|DamnDaTa has 270 seconds left.\n|\n|t:|1659541343\n|move|p1a: Altaria|Dragon Dance|p1a: Altaria\n|-boost|p1a: Altaria|atk|1\n|-boost|p1a: Altaria|spe|1\n|move|p2a: Tyranitar|Stone Edge|p1a: Altaria\n|-supereffective|p1a: Altaria\n|-damage|p1a: Altaria|54\/100\n|\n|-weather|Sandstorm|[upkeep]\n|-damage|p1a: Altaria|48\/100|[from] Sandstorm\n|upkeep\n|turn|33\n|inactive|Unviabriel has 60 seconds left.\n|\n|t:|1659541381\n|move|p1a: Altaria|Roost|p1a: Altaria\n|-heal|p1a: Altaria|98\/100\n|-singleturn|p1a: Altaria|move: Roost\n|move|p2a: Tyranitar|Stone Edge|p1a: Altaria|[miss]\n|-miss|p2a: Tyranitar|p1a: Altaria\n|\n|-weather|none\n|upkeep\n|turn|34\n|inactive|Unviabriel has 60 seconds left.\n|c|\u2606Unviabriel|jfc\n|inactive|DamnDaTa has 270 seconds left.\n|\n|t:|1659541405\n|move|p1a: Altaria|Roost|p1a: Altaria\n|-heal|p1a: Altaria|100\/100\n|-singleturn|p1a: Altaria|move: Roost\n|move|p2a: Tyranitar|Stone Edge|p1a: Altaria\n|-damage|p1a: Altaria|89\/100\n|\n|upkeep\n|turn|35\n|inactive|DamnDaTa has 270 seconds left.\n|\n|t:|1659541415\n|move|p1a: Altaria|Roost|p1a: Altaria\n|-heal|p1a: Altaria|100\/100\n|-singleturn|p1a: Altaria|move: Roost\n|move|p2a: Tyranitar|High Horsepower|p1a: Altaria\n|-damage|p1a: Altaria|93\/100\n|\n|upkeep\n|turn|36\n|inactive|DamnDaTa has 270 seconds left.\n|\n|t:|1659541428\n|move|p1a: Altaria|Dragon Dance|p1a: Altaria\n|-boost|p1a: Altaria|atk|1\n|-boost|p1a: Altaria|spe|1\n|move|p2a: Tyranitar|High Horsepower|p1a: Altaria\n|-immune|p1a: Altaria\n|\n|upkeep\n|turn|37\n|\n|t:|1659541435\n|move|p1a: Altaria|Dragon Dance|p1a: Altaria\n|-boost|p1a: Altaria|atk|1\n|-boost|p1a: Altaria|spe|1\n|move|p2a: Tyranitar|Stone Edge|p1a: Altaria\n|-supereffective|p1a: Altaria\n|-damage|p1a: Altaria|68\/100\n|\n|upkeep\n|turn|38\n|\n|t:|1659541444\n|move|p1a: Altaria|Dragon Dance|p1a: Altaria\n|-boost|p1a: Altaria|atk|1\n|-boost|p1a: Altaria|spe|1\n|move|p2a: Tyranitar|High Horsepower|p1a: Altaria\n|-immune|p1a: Altaria\n|\n|upkeep\n|turn|39\n|\n|t:|1659541452\n|move|p1a: Altaria|Facade|p2a: Tyranitar\n|-resisted|p2a: Tyranitar\n|-damage|p2a: Tyranitar|72\/100\n|move|p2a: Tyranitar|Stone Edge|p1a: Altaria\n|-supereffective|p1a: Altaria\n|-crit|p1a: Altaria\n|-damage|p1a: Altaria|0 fnt\n|faint|p1a: Altaria\n|\n|win|Unviabriel\n|c|\u2606DamnDaTa|FUCK\n|c|\u2606Unviabriel|well\n|c|\u2606Unviabriel|gg I guess\n|c|\u2606DamnDaTa|gg lmao\n|c|\u2606Unviabriel|weird ending\n|c|\u2606DamnDaTa|I shoulda just roosted more often\n|l|\u2606Unviabriel\n|c|\u2606DamnDaTa|I didn't think you'd go for the crit chance so early\n|j| RCR Sub\n","uploadtime":1659541485,"views":62,"p1id":"damndata","p2id":"unviabriel","formatid":"gen8nationaldexdraft","rating":0,"private":0,"password":null}