{"id":"sports-gen8nationaldexdraft-688214","p1":"Elon Musk Rusk","p2":"BlazikenBlitz","format":"gen8nationaldexdraft","log":"|j|\u2606Elon Musk Rusk\n|j|\u2606BlazikenBlitz\n|t:|1657897391\n|gametype|singles\n|player|p1|Elon Musk Rusk|170|\n|player|p2|BlazikenBlitz|doubleteam|\n|teamsize|p1|6\n|teamsize|p2|6\n|gen|8\n|tier|[Gen 8] National Dex Draft\n|rule|Sleep Clause Mod: Limit one foe put to sleep\n|rule|OHKO Clause: OHKO moves are banned\n|rule|Evasion Moves Clause: Evasion moves are banned\n|rule|Endless Battle Clause: Forcing endless battles is banned\n|rule|HP Percentage Mod: HP is shown in percentages\n|rule|Dynamax Clause: You cannot dynamax\n|clearpoke\n|poke|p1|Medicham, M|\n|poke|p1|Swampert, F|\n|poke|p1|Zapdos|\n|poke|p1|Aegislash, F|\n|poke|p1|Magmortar, F|\n|poke|p1|Persian-Alola, M|\n|poke|p2|Hoopa-Unbound|\n|poke|p2|Vikavolt, F|\n|poke|p2|Tapu Fini|\n|poke|p2|Mawile, F|\n|poke|p2|Victini|\n|poke|p2|Noivern, M|\n|teampreview\n|html|<button name=\"send\" class=\"button\" value=\"\/timer ds\"><i class=\"fa fa-hourglass-start\"><\/i> DS Timer<\/button> <button name=\"send\" class=\"button\" value=\"\/timer smogon\"><i class=\"fa fa-hourglass-start\"><\/i> Smogon Timer<\/button>\n|c|\u2606BlazikenBlitz|glhf\n|\n|t:|1657897426\n|start\n|switch|p1a: Magmortar|Magmortar, F|100\/100\n|switch|p2a: Vermont Creamery|Victini|100\/100\n|turn|1\n|\n|t:|1657897445\n|move|p2a: Vermont Creamery|U-turn|p1a: Magmortar\n|-resisted|p1a: Magmortar\n|-damage|p1a: Magmortar|77\/100\n|\n|t:|1657897448\n|switch|p2a: Vital Farms|Noivern, M|100\/100|[from]move: U-turn\n|move|p1a: Magmortar|Thunderbolt|p2a: Vital Farms\n|-damage|p2a: Vital Farms|65\/100\n|-status|p2a: Vital Farms|par\n|\n|upkeep\n|turn|2\n|\n|t:|1657897460\n|switch|p1a: Zapdos|Zapdos|100\/100\n|cant|p2a: Vital Farms|par\n|\n|upkeep\n|turn|3\n|c|\u2606BlazikenBlitz|well then\n|\n|t:|1657897476\n|switch|p2a: Kerrygold|Vikavolt, F|100\/100\n|move|p1a: Zapdos|Thunderbolt|p2a: Kerrygold\n|-resisted|p2a: Kerrygold\n|-damage|p2a: Kerrygold|81\/100\n|\n|upkeep\n|turn|4\n|\n|t:|1657897481\n|move|p1a: Zapdos|Heat Wave|p2a: Kerrygold\n|-supereffective|p2a: Kerrygold\n|-damage|p2a: Kerrygold|33\/100\n|move|p2a: Kerrygold|Volt Switch|p1a: Zapdos\n|-damage|p1a: Zapdos|68\/100\n|l|\u2606Elon Musk Rusk\n|player|p1|\n|j|\u2606Elon Musk Rusk\n|player|p1|Elon Musk Rusk|170\n|\n|t:|1657897576\n|switch|p2a: Vermont Creamery|Victini|100\/100|[from]move: Volt Switch\n|\n|upkeep\n|turn|5\n|l|\u2606Elon Musk Rusk\n|player|p1|\n|j|\u2606Elon Musk Rusk\n|player|p1|Elon Musk Rusk|170\n|\n|t:|1657897624\n|switch|p1a: Swampert|Swampert, F|100\/100\n|move|p2a: Vermont Creamery|V-create|p1a: Swampert\n|-resisted|p1a: Swampert\n|-damage|p1a: Swampert|60\/100\n|-unboost|p2a: Vermont Creamery|spe|1\n|-unboost|p2a: Vermont Creamery|def|1\n|-unboost|p2a: Vermont Creamery|spd|1\n|\n|-heal|p1a: Swampert|66\/100|[from] item: Leftovers\n|upkeep\n|turn|6\n|\n|t:|1657897637\n|switch|p2a: Kerrygold|Vikavolt, F|33\/100\n|move|p1a: Swampert|Flip Turn|p2a: Kerrygold\n|-damage|p2a: Kerrygold|10\/100\n|\n|t:|1657897644\n|switch|p1a: Medicham|Medicham, M|100\/100|[from]move: Flip Turn\n|\n|upkeep\n|turn|7\n|\n|t:|1657897648\n|detailschange|p1a: Medicham|Medicham-Mega, M\n|-mega|p1a: Medicham|Medicham|Medichamite\n|move|p1a: Medicham|Poison Jab|p2a: Kerrygold\n|-damage|p2a: Kerrygold|0 fnt\n|faint|p2a: Kerrygold\n|\n|upkeep\n|\n|t:|1657897658\n|switch|p2a: Vermont Creamery|Victini|100\/100\n|turn|8\n|\n|t:|1657897663\n|switch|p1a: Magmortar|Magmortar, F|77\/100\n|move|p2a: Vermont Creamery|V-create|p1a: Magmortar\n|-resisted|p1a: Magmortar\n|-damage|p1a: Magmortar|0 fnt\n|-unboost|p2a: Vermont Creamery|spe|1\n|-unboost|p2a: Vermont Creamery|def|1\n|-unboost|p2a: Vermont Creamery|spd|1\n|faint|p1a: Magmortar\n|\n|upkeep\n|\n|t:|1657897669\n|switch|p1a: Swampert|Swampert, F|66\/100\n|turn|9\n|\n|t:|1657897673\n|switch|p2a: Vital Farms|Noivern, M|65\/100 par\n|move|p1a: Swampert|Flip Turn|p2a: Vital Farms\n|-resisted|p2a: Vital Farms\n|-damage|p2a: Vital Farms|51\/100 par\n|l|\u2606Elon Musk Rusk\n|player|p1|\n|j|\u2606Elon Musk Rusk\n|player|p1|Elon Musk Rusk|170\n|\n|t:|1657897725\n|switch|p1a: Medicham|Medicham-Mega, M|100\/100|[from]move: Flip Turn\n|\n|upkeep\n|turn|10\n|\n|t:|1657897731\n|move|p1a: Medicham|Zen Headbutt|p2a: Vital Farms\n|-damage|p2a: Vital Farms|0 fnt\n|faint|p2a: Vital Farms\n|\n|upkeep\n|\n|t:|1657897735\n|switch|p2a: Vermont Creamery|Victini|100\/100\n|turn|11\n|\n|t:|1657897749\n|move|p1a: Medicham|High Jump Kick|p2a: Vermont Creamery|[miss]\n|-miss|p1a: Medicham|p2a: Vermont Creamery\n|-damage|p1a: Medicham|51\/100|[from] highjumpkick\n|move|p2a: Vermont Creamery|V-create|p1a: Medicham\n|-damage|p1a: Medicham|0 fnt\n|-unboost|p2a: Vermont Creamery|spe|1\n|-unboost|p2a: Vermont Creamery|def|1\n|-unboost|p2a: Vermont Creamery|spd|1\n|faint|p1a: Medicham\n|\n|upkeep\n|c|\u2606Elon Musk Rusk|come on dudr\n|l|\u2606Elon Musk Rusk\n|player|p1|\n|c|\u2606BlazikenBlitz|f\n|j|\u2606Elon Musk Rusk\n|player|p1|Elon Musk Rusk|170\n|\n|t:|1657897787\n|switch|p1a: Persian|Persian-Alola, M|100\/100\n|turn|12\n|\n|t:|1657897796\n|switch|p2a: Cabot|Mawile, F|100\/100\n|-ability|p2a: Cabot|Intimidate|boost\n|-unboost|p1a: Persian|atk|1\n|move|p1a: Persian|Burning Jealousy|p2a: Cabot\n|-supereffective|p2a: Cabot\n|-damage|p2a: Cabot|52\/100\n|\n|upkeep\n|turn|13\n|\n|t:|1657897809\n|detailschange|p2a: Cabot|Mawile-Mega, F\n|-mega|p2a: Cabot|Mawile|Mawilite\n|move|p1a: Persian|Parting Shot|p2a: Cabot\n|-unboost|p2a: Cabot|atk|1\n|-unboost|p2a: Cabot|spa|1\n|\n|t:|1657897814\n|switch|p1a: Aegislash|Aegislash, F|100\/100|[from]move: Parting Shot\n|move|p2a: Cabot|Play Rough|p1a: Aegislash\n|-resisted|p1a: Aegislash\n|-damage|p1a: Aegislash|76\/100\n|\n|upkeep\n|turn|14\n|\n|t:|1657897830\n|-formechange|p1a: Aegislash|Aegislash-Blade||[from] ability: Stance Change\n|move|p1a: Aegislash|Shadow Ball|p2a: Cabot\n|-damage|p2a: Cabot|0 fnt\n|faint|p2a: Cabot\n|\n|upkeep\n|\n|t:|1657897835\n|switch|p2a: Vermont Creamery|Victini|100\/100\n|turn|15\n|\n|t:|1657897845\n|switch|p1a: Swampert|Swampert, F|66\/100\n|move|p2a: Vermont Creamery|V-create|p1a: Swampert\n|-resisted|p1a: Swampert\n|-damage|p1a: Swampert|29\/100\n|-unboost|p2a: Vermont Creamery|spe|1\n|-unboost|p2a: Vermont Creamery|def|1\n|-unboost|p2a: Vermont Creamery|spd|1\n|\n|-heal|p1a: Swampert|35\/100|[from] item: Leftovers\n|upkeep\n|turn|16\n|\n|t:|1657897854\n|switch|p2a: Land O Lakes|Tapu Fini|100\/100\n|-fieldstart|move: Misty Terrain|[from] ability: Misty Surge|[of] p2a: Land O Lakes\n|move|p1a: Swampert|Earthquake|p2a: Land O Lakes\n|-damage|p2a: Land O Lakes|74\/100\n|\n|-heal|p2a: Land O Lakes|80\/100|[from] item: Leftovers\n|-heal|p1a: Swampert|41\/100|[from] item: Leftovers\n|upkeep\n|turn|17\n|\n|t:|1657897859\n|move|p2a: Land O Lakes|Scald|p1a: Swampert\n|-damage|p1a: Swampert|19\/100\n|move|p1a: Swampert|Stealth Rock|p2a: Land O Lakes\n|-sidestart|p2: BlazikenBlitz|move: Stealth Rock\n|\n|-heal|p2a: Land O Lakes|86\/100|[from] item: Leftovers\n|-heal|p1a: Swampert|25\/100|[from] item: Leftovers\n|upkeep\n|turn|18\n|\n|t:|1657897863\n|switch|p1a: Aegislash|Aegislash, F|76\/100\n|move|p2a: Land O Lakes|Scald|p1a: Aegislash\n|-damage|p1a: Aegislash|50\/100\n|\n|-heal|p2a: Land O Lakes|92\/100|[from] item: Leftovers\n|upkeep\n|turn|19\n|\n|t:|1657897873\n|move|p2a: Land O Lakes|Scald|p1a: Aegislash\n|-damage|p1a: Aegislash|26\/100\n|-formechange|p1a: Aegislash|Aegislash-Blade||[from] ability: Stance Change\n|move|p1a: Aegislash|Steel Beam|p2a: Land O Lakes\n|-damage|p2a: Land O Lakes|0 fnt\n|-damage|p1a: Aegislash|0 fnt|[from] mindblown\n|faint|p1a: Aegislash\n|faint|p2a: Land O Lakes\n|\n|upkeep\n|\n|t:|1657897882\n|switch|p2a: Challenge|Hoopa-Unbound|100\/100\n|switch|p1a: Persian|Persian-Alola, M|100\/100\n|-damage|p2a: Challenge|88\/100|[from] Stealth Rock\n|turn|20\n|\n|t:|1657897887\n|move|p2a: Challenge|Drain Punch|p1a: Persian\n|-supereffective|p1a: Persian\n|-damage|p1a: Persian|55\/100\n|-heal|p2a: Challenge|100\/100|[from] drain|[of] p1a: Persian\n|-damage|p2a: Challenge|84\/100|[from] item: Rocky Helmet|[of] p1a: Persian\n|move|p1a: Persian|Parting Shot|p2a: Challenge\n|-unboost|p2a: Challenge|atk|1\n|-unboost|p2a: Challenge|spa|1\n|\n|t:|1657897896\n|switch|p1a: Zapdos|Zapdos|68\/100|[from]move: Parting Shot\n|\n|-fieldend|Misty Terrain\n|upkeep\n|turn|21\n|\n|t:|1657897898\n|switch|p2a: Vermont Creamery|Victini|100\/100\n|-damage|p2a: Vermont Creamery|76\/100|[from] Stealth Rock\n|move|p1a: Zapdos|Thunderbolt|p2a: Vermont Creamery\n|-damage|p2a: Vermont Creamery|37\/100\n|\n|upkeep\n|turn|22\n|\n|t:|1657897905\n|switch|p1a: Swampert|Swampert, F|25\/100\n|move|p2a: Vermont Creamery|V-create|p1a: Swampert\n|-resisted|p1a: Swampert\n|-damage|p1a: Swampert|0 fnt\n|-unboost|p2a: Vermont Creamery|spe|1\n|-unboost|p2a: Vermont Creamery|def|1\n|-unboost|p2a: Vermont Creamery|spd|1\n|faint|p1a: Swampert\n|\n|upkeep\n|\n|t:|1657897907\n|switch|p1a: Persian|Persian-Alola, M|55\/100\n|turn|23\n|\n|t:|1657897910\n|move|p1a: Persian|Knock Off|p2a: Vermont Creamery\n|-supereffective|p2a: Vermont Creamery\n|-damage|p2a: Vermont Creamery|0 fnt\n|-enditem|p2a: Vermont Creamery|Choice Band|[from] move: Knock Off|[of] p1a: Persian\n|faint|p2a: Vermont Creamery\n|\n|upkeep\n|\n|t:|1657897913\n|switch|p2a: Challenge|Hoopa-Unbound|84\/100\n|-damage|p2a: Challenge|72\/100|[from] Stealth Rock\n|turn|24\n|\n|t:|1657897918\n|move|p2a: Challenge|Hyperspace Fury|p1a: Persian\n|-resisted|p1a: Persian\n|-damage|p1a: Persian|32\/100\n|-unboost|p2a: Challenge|def|1\n|move|p1a: Persian|Parting Shot|p2a: Challenge\n|-unboost|p2a: Challenge|atk|1\n|-unboost|p2a: Challenge|spa|1\n|\n|t:|1657897924\n|switch|p1a: Zapdos|Zapdos|68\/100|[from]move: Parting Shot\n|\n|upkeep\n|turn|25\n|\n|t:|1657897928\n|move|p2a: Challenge|Hyperspace Fury|p1a: Zapdos\n|-damage|p1a: Zapdos|28\/100\n|-unboost|p2a: Challenge|def|1\n|move|p1a: Zapdos|Roost|p1a: Zapdos\n|-heal|p1a: Zapdos|78\/100\n|-singleturn|p1a: Zapdos|move: Roost\n|\n|upkeep\n|turn|26\n|\n|t:|1657897935\n|move|p2a: Challenge|Hyperspace Fury|p1a: Zapdos\n|-damage|p1a: Zapdos|39\/100\n|-unboost|p2a: Challenge|def|1\n|move|p1a: Zapdos|Thunderbolt|p2a: Challenge\n|-damage|p2a: Challenge|40\/100\n|\n|upkeep\n|turn|27\n|\n|t:|1657897944\n|move|p2a: Challenge|Hyperspace Fury|p1a: Zapdos\n|-damage|p1a: Zapdos|3\/100\n|-unboost|p2a: Challenge|def|1\n|move|p1a: Zapdos|Thunderbolt|p2a: Challenge\n|-damage|p2a: Challenge|5\/100\n|\n|upkeep\n|turn|28\n|\n|t:|1657897949\n|switch|p1a: Persian|Persian-Alola, M|32\/100\n|move|p2a: Challenge|Hyperspace Fury|p1a: Persian\n|-resisted|p1a: Persian\n|-damage|p1a: Persian|19\/100\n|-unboost|p2a: Challenge|def|1\n|\n|upkeep\n|turn|29\n|\n|t:|1657897963\n|move|p2a: Challenge|Hyperspace Fury|p1a: Persian\n|-resisted|p1a: Persian\n|-damage|p1a: Persian|4\/100\n|-unboost|p2a: Challenge|def|1\n|move|p1a: Persian|Knock Off|p2a: Challenge\n|-damage|p2a: Challenge|0 fnt\n|-enditem|p2a: Challenge|Choice Scarf|[from] move: Knock Off|[of] p1a: Persian\n|faint|p2a: Challenge\n|\n|win|Elon Musk Rusk\n|c|\u2606BlazikenBlitz|gg\n|c|\u2606Elon Musk Rusk|gg\n|l|\u2606Elon Musk Rusk\n|j| TheAncientChungus\n|l| TheAncientChungus\n|j| Porpoise\n|l| Porpoise\n|j| MeMeBigBooi\n","uploadtime":1657898046,"views":43,"p1id":"elonmuskrusk","p2id":"blazikenblitz","formatid":"gen8nationaldexdraft","rating":0,"private":0,"password":null}