{"id":"sports-gen8nationaldexdlcdraft-94392","p1":"Troy.tm","p2":"GeniusX","format":"gen8nationaldexdlcdraft","log":"|j|\u2606Troy.tm\n|j|\u2606GeniusX\n|player|p1|Troy.tm|unknown|\n|player|p2|GeniusX|geniusx.gif|\n|teamsize|p1|6\n|teamsize|p2|6\n|gametype|singles\n|gen|8\n|tier|[Gen 8] National Dex DLC Draft\n|rule|Sleep Clause Mod: Limit one foe put to sleep\n|rule|OHKO Clause: OHKO moves are banned\n|rule|Evasion Moves Clause: Evasion moves are banned\n|rule|Endless Battle Clause: Forcing endless battles is banned\n|rule|HP Percentage Mod: HP is shown in percentages\n|clearpoke\n|poke|p1|Gengar, F|\n|poke|p1|Hydreigon, F|\n|poke|p1|Swampert, M|\n|poke|p1|Medicham, F|\n|poke|p1|Tapu Koko|\n|poke|p1|Metagross|\n|poke|p2|Drapion, F|\n|poke|p2|Klefki, M|\n|poke|p2|Aerodactyl, F|\n|poke|p2|Infernape, M|\n|poke|p2|Seismitoad, M|\n|poke|p2|Mew|\n|rule|Dynamax Clause: You cannot dynamax\n|teampreview\n|j| Legits\n|c|\u2606GeniusX|hf\n|c|\u2606Troy.tm|glhf bro\n|\n|start\n|switch|p1a: Medicham|Medicham, F|100\/100\n|switch|p2a: Mew|Mew|100\/100\n|turn|1\n|j| Pandarob3rt34\n|\n|detailschange|p1a: Medicham|Medicham-Mega, F\n|-mega|p1a: Medicham|Medicham|Medichamite\n|move|p2a: Mew|Dazzling Gleam|p1a: Medicham\n|-supereffective|p1a: Medicham\n|-damage|p1a: Medicham|23\/100\n|move|p1a: Medicham|Toxic|p2a: Mew\n|-status|p2a: Mew|tox\n|-activate|p2a: Mew|ability: Synchronize\n|-status|p1a: Medicham|tox\n|\n|-damage|p2a: Mew|94\/100 tox|[from] psn\n|-damage|p1a: Medicham|17\/100 tox|[from] psn\n|upkeep\n|turn|2\n|j| Obi3\n|\n|switch|p1a: Metagross|Metagross|100\/100\n|move|p2a: Mew|Earth Power|p1a: Metagross\n|-supereffective|p1a: Metagross\n|-damage|p1a: Metagross|41\/100\n|\n|-damage|p2a: Mew|82\/100 tox|[from] psn\n|upkeep\n|turn|3\n|j| Goats eats grass\n|j| King Hot Dog W\n|c| King Hot Dog W|I forgot Monday night Japan is Monday morning USA lmao\n|j| Gdbrowwn\n|\n|switch|p1a: Medicham|Medicham-Mega, F|17\/100 tox\n|move|p2a: Mew|Earth Power|p1a: Medicham\n|-damage|p1a: Medicham|0 fnt\n|faint|p1a: Medicham\n|\n|-damage|p2a: Mew|64\/100 tox|[from] psn\n|upkeep\n|\n|switch|p1a: Gengar|Gengar, F|100\/100\n|turn|4\n|\n|switch|p2a: Drapion|Drapion, F|100\/100\n|move|p1a: Gengar|Shadow Ball|p2a: Drapion\n|-resisted|p2a: Drapion\n|-damage|p2a: Drapion|80\/100\n|\n|-heal|p2a: Drapion|87\/100|[from] item: Black Sludge\n|upkeep\n|turn|5\n|\n|move|p2a: Drapion|Knock Off|p1a: Gengar\n|-supereffective|p1a: Gengar\n|-enditem|p1a: Gengar|Colbur Berry|[eat]\n|-enditem|p1a: Gengar|Colbur Berry|[weaken]\n|-damage|p1a: Gengar|38\/100\n|move|p1a: Gengar|Counter|p2a: Drapion\n|-damage|p2a: Drapion|0 fnt\n|faint|p2a: Drapion\n|\n|upkeep\n|c| King Hot Dog W|Nice\n|\n|switch|p2a: Aerodactyl|Aerodactyl, F|100\/100\n|turn|6\n|\n|switch|p2a: Mew|Mew|64\/100 tox\n|switch|p1a: Swampert|Swampert, M|100\/100\n|\n|-damage|p2a: Mew|57\/100 tox|[from] psn\n|upkeep\n|turn|7\n|j| ProfChipboard\n|\n|switch|p1a: Metagross|Metagross|41\/100\n|move|p2a: Mew|Energy Ball|p1a: Metagross\n|-resisted|p1a: Metagross\n|-damage|p1a: Metagross|29\/100\n|\n|-damage|p2a: Mew|45\/100 tox|[from] psn\n|upkeep\n|turn|8\n|\n|move|p2a: Mew|Earth Power|p1a: Metagross\n|-supereffective|p1a: Metagross\n|-damage|p1a: Metagross|0 fnt\n|faint|p1a: Metagross\n|\n|-damage|p2a: Mew|27\/100 tox|[from] psn\n|upkeep\n|\n|switch|p1a: Tapu Koko|Tapu Koko|100\/100\n|-fieldstart|move: Electric Terrain|[from] ability: Electric Surge|[of] p1a: Tapu Koko\n|turn|9\n|\n|move|p1a: Tapu Koko|U-turn|p2a: Mew\n|-supereffective|p2a: Mew\n|-damage|p2a: Mew|0 fnt\n|faint|p2a: Mew\n|\n|switch|p1a: Hydreigon|Hydreigon, F|100\/100|[from]move: U-turn\n|\n|upkeep\n|\n|switch|p2a: Klefki|Klefki, M|100\/100\n|turn|10\n|j| K!ngSky\n|\n|switch|p1a: Swampert|Swampert, M|100\/100\n|move|p2a: Klefki|Light Screen|p2a: Klefki\n|-sidestart|p2: GeniusX|move: Light Screen\n|\n|upkeep\n|turn|11\n|\n|move|p2a: Klefki|Toxic|p1a: Swampert\n|-status|p1a: Swampert|tox\n|move|p1a: Swampert|Substitute|p1a: Swampert\n|-start|p1a: Swampert|Substitute\n|-damage|p1a: Swampert|75\/100 tox\n|\n|-heal|p1a: Swampert|82\/100 tox|[from] item: Leftovers\n|-damage|p1a: Swampert|75\/100 tox|[from] psn\n|upkeep\n|turn|12\n|\n|move|p2a: Klefki|Spikes|p1a: Swampert\n|-sidestart|p1: Troy.tm|Spikes\n|move|p1a: Swampert|Earthquake|p2a: Klefki\n|-supereffective|p2a: Klefki\n|-damage|p2a: Klefki|25\/100\n|\n|-heal|p1a: Swampert|82\/100 tox|[from] item: Leftovers\n|-damage|p1a: Swampert|69\/100 tox|[from] psn\n|upkeep\n|turn|13\n|\n|switch|p2a: Seismitoad|Seismitoad, M|100\/100\n|move|p1a: Swampert|Earthquake|p2a: Seismitoad\n|-damage|p2a: Seismitoad|66\/100\n|\n|-heal|p1a: Swampert|75\/100 tox|[from] item: Leftovers\n|-damage|p1a: Swampert|57\/100 tox|[from] psn\n|-fieldend|move: Electric Terrain\n|upkeep\n|turn|14\n|\n|move|p2a: Seismitoad|Stealth Rock|p1a: Swampert\n|-sidestart|p1: Troy.tm|move: Stealth Rock\n|move|p1a: Swampert|Toxic|p2a: Seismitoad|[miss]\n|-miss|p1a: Swampert|p2a: Seismitoad\n|\n|-heal|p1a: Swampert|63\/100 tox|[from] item: Leftovers\n|-damage|p1a: Swampert|38\/100 tox|[from] psn\n|upkeep\n|turn|15\n|j| AustrianAstoria\n|\n|switch|p2a: Aerodactyl|Aerodactyl, F|100\/100\n|move|p1a: Swampert|Earthquake|p2a: Aerodactyl\n|-immune|p2a: Aerodactyl\n|\n|-heal|p1a: Swampert|45\/100 tox|[from] item: Leftovers\n|-damage|p1a: Swampert|14\/100 tox|[from] psn\n|upkeep\n|turn|16\n|c| K!ngSky|goat\n|\n|switch|p2a: Seismitoad|Seismitoad, M|66\/100\n|move|p1a: Swampert|Toxic|p2a: Seismitoad\n|-status|p2a: Seismitoad|tox\n|\n|-heal|p1a: Swampert|20\/100 tox|[from] item: Leftovers\n|-damage|p2a: Seismitoad|60\/100 tox|[from] psn\n|-damage|p1a: Swampert|0 fnt|[from] psn\n|faint|p1a: Swampert\n|upkeep\n|j|\u203dKING SACW XVI\n|\n|switch|p1a: Hydreigon|Hydreigon, F|100\/100\n|-damage|p1a: Hydreigon|88\/100|[from] Stealth Rock\n|turn|17\n|\n|switch|p2a: Infernape|Infernape, M|100\/100\n|move|p1a: Hydreigon|Dragon Dance|p1a: Hydreigon\n|-boost|p1a: Hydreigon|atk|1\n|-boost|p1a: Hydreigon|spe|1\n|\n|-sideend|p2: GeniusX|move: Light Screen\n|upkeep\n|turn|18\n|\n|move|p2a: Infernape|Vacuum Wave|p1a: Hydreigon\n|-supereffective|p1a: Hydreigon\n|-enditem|p1a: Hydreigon|Chople Berry|[eat]\n|-enditem|p1a: Hydreigon|Chople Berry|[weaken]\n|-damage|p1a: Hydreigon|62\/100\n|-damage|p2a: Infernape|91\/100|[from] item: Life Orb\n|move|p1a: Hydreigon|Earthquake|p2a: Infernape\n|-supereffective|p2a: Infernape\n|-damage|p2a: Infernape|0 fnt\n|faint|p2a: Infernape\n|\n|upkeep\n|\n|switch|p2a: Seismitoad|Seismitoad, M|60\/100 tox\n|turn|19\n|\n|move|p1a: Hydreigon|Throat Chop|p2a: Seismitoad\n|-damage|p2a: Seismitoad|7\/100 tox\n|-start|p2a: Seismitoad|Throat Chop|[silent]\n|-damage|p1a: Hydreigon|45\/100|[from] item: Rocky Helmet|[of] p2a: Seismitoad\n|move|p2a: Seismitoad|Toxic|p1a: Hydreigon\n|-status|p1a: Hydreigon|tox\n|\n|-damage|p1a: Hydreigon|39\/100 tox|[from] psn\n|-damage|p2a: Seismitoad|0 fnt|[from] psn\n|faint|p2a: Seismitoad\n|upkeep\n|\n|switch|p2a: Klefki|Klefki, M|25\/100\n|turn|20\n|\n|move|p2a: Klefki|Light Screen|p2a: Klefki\n|-sidestart|p2: GeniusX|move: Light Screen\n|move|p1a: Hydreigon|Earthquake|p2a: Klefki\n|-supereffective|p2a: Klefki\n|-damage|p2a: Klefki|0 fnt\n|faint|p2a: Klefki\n|\n|-damage|p1a: Hydreigon|26\/100 tox|[from] psn\n|upkeep\n|\n|switch|p2a: Aerodactyl|Aerodactyl, F|100\/100\n|turn|21\n|\n|detailschange|p2a: Aerodactyl|Aerodactyl-Mega, F\n|-mega|p2a: Aerodactyl|Aerodactyl|Aerodactylite\n|move|p1a: Hydreigon|Outrage|p2a: Aerodactyl\n|-damage|p2a: Aerodactyl|0 fnt\n|faint|p2a: Aerodactyl\n|\n|win|Troy.tm\n|c|\u2606Troy.tm|gg bro\n|c|\u2606GeniusX|gg\n","uploadtime":1592229778,"views":137,"p1id":"troytm","p2id":"geniusx","formatid":"gen8nationaldexdlcdraft","rating":0,"private":0,"password":null}