{"id":"sports-gen8nationaldexdraft-725514","p1":"wreckitmike","p2":"Unviabriel","format":"gen8nationaldexdraft","log":"|j|\u2606wreckitmike\n|j|\u2606Unviabriel\n|t:|1662942189\n|gametype|singles\n|player|p1|wreckitmike|169|\n|player|p2|Unviabriel|unviabriel.png|\n|teamsize|p1|6\n|teamsize|p2|6\n|gen|8\n|tier|[Gen 8] National Dex Draft\n|rule|Sleep Clause Mod: Limit one foe put to sleep\n|rule|OHKO Clause: OHKO moves are banned\n|rule|Evasion Moves Clause: Evasion moves are banned\n|rule|Endless Battle Clause: Forcing endless battles is banned\n|rule|HP Percentage Mod: HP is shown in percentages\n|rule|Dynamax Clause: You cannot dynamax\n|clearpoke\n|poke|p1|Noivern, M|\n|poke|p1|Rillaboom, M|\n|poke|p1|Victini|\n|poke|p1|Obstagoon, M|\n|poke|p1|Diancie|\n|poke|p1|Bronzong|\n|poke|p2|Gallade, M|\n|poke|p2|Tapu Fini|\n|poke|p2|Greninja, M|\n|poke|p2|Nidoqueen, F|\n|poke|p2|Uxie|\n|poke|p2|Escavalier, M|\n|teampreview\n|html|<button name=\"send\" class=\"button\" value=\"\/timer ds\"><i class=\"fa fa-hourglass-start\"><\/i> DS Timer<\/button> <button name=\"send\" class=\"button\" value=\"\/timer smogon\"><i class=\"fa fa-hourglass-start\"><\/i> Smogon Timer<\/button>\n|c|\u2606Unviabriel|glhf \n|c|\u2606wreckitmike|u2\n|\n|t:|1662942253\n|start\n|switch|p1a: Rillaboom|Rillaboom, M|100\/100\n|switch|p2a: Greninja|Greninja, M|100\/100\n|-fieldstart|move: Grassy Terrain|[from] ability: Grassy Surge|[of] p1a: Rillaboom\n|turn|1\n|\n|t:|1662942291\n|switch|p2a: Escavalier|Escavalier, M|100\/100\n|move|p1a: Rillaboom|U-turn|p2a: Escavalier\n|-resisted|p2a: Escavalier\n|-damage|p2a: Escavalier|85\/100\n|\n|t:|1662942333\n|switch|p1a: Victini|Victini|100\/100|[from]move: U-turn\n|\n|-heal|p2a: Escavalier|91\/100|[from] Grassy Terrain\n|upkeep\n|turn|2\n|\n|t:|1662942354\n|switch|p2a: Uxie|Uxie|100\/100\n|move|p1a: Victini|V-create|p2a: Uxie\n|-damage|p2a: Uxie|53\/100\n|-unboost|p1a: Victini|spe|1\n|-unboost|p1a: Victini|def|1\n|-unboost|p1a: Victini|spd|1\n|\n|-heal|p2a: Uxie|59\/100|[from] item: Leftovers\n|upkeep\n|turn|3\n|j| Telekino City\n|\n|t:|1662942371\n|switch|p1a: Diancie|Diancie|100\/100\n|move|p2a: Uxie|Foul Play|p1a: Diancie\n|-resisted|p1a: Diancie\n|-damage|p1a: Diancie|91\/100\n|\n|-heal|p2a: Uxie|65\/100|[from] item: Leftovers\n|-heal|p1a: Diancie|98\/100|[from] Grassy Terrain\n|upkeep\n|turn|4\n|c| Telekino City|GO MIKE\n|\n|t:|1662942413\n|detailschange|p1a: Diancie|Diancie-Mega\n|-mega|p1a: Diancie|Diancie|Diancite\n|move|p1a: Diancie|Stealth Rock|p2a: Uxie\n|-sidestart|p2: Unviabriel|move: Stealth Rock\n|move|p2a: Uxie|Iron Tail|p1a: Diancie\n|-supereffective|p1a: Diancie\n|-damage|p1a: Diancie|6\/100\n|-unboost|p1a: Diancie|def|1\n|\n|-heal|p1a: Diancie|13\/100|[from] Grassy Terrain\n|-heal|p2a: Uxie|72\/100|[from] item: Leftovers\n|upkeep\n|turn|5\n|j| VIG Luffy\n|\n|t:|1662942442\n|switch|p1a: Rillaboom|Rillaboom, M|100\/100\n|move|p2a: Uxie|Foul Play|p1a: Rillaboom\n|-damage|p1a: Rillaboom|68\/100\n|\n|-heal|p1a: Rillaboom|74\/100|[from] Grassy Terrain\n|-heal|p2a: Uxie|78\/100|[from] item: Leftovers\n|-fieldend|move: Grassy Terrain\n|upkeep\n|turn|6\n|\n|t:|1662942475\n|move|p1a: Rillaboom|Knock Off|p2a: Uxie\n|-supereffective|p2a: Uxie\n|-damage|p2a: Uxie|17\/100\n|-enditem|p2a: Uxie|Leftovers|[from] move: Knock Off|[of] p1a: Rillaboom\n|move|p2a: Uxie|U-turn|p1a: Rillaboom\n|-supereffective|p1a: Rillaboom\n|-damage|p1a: Rillaboom|51\/100\n|\n|t:|1662942523\n|switch|p2a: Gallade|Gallade, M|100\/100|[from]move: U-turn\n|-damage|p2a: Gallade|94\/100|[from] Stealth Rock\n|\n|upkeep\n|turn|7\n|\n|t:|1662942531\n|switch|p1a: Bronzong|Bronzong|100\/100\n|detailschange|p2a: Gallade|Gallade-Mega, M\n|-mega|p2a: Gallade|Gallade|Galladite\n|move|p2a: Gallade|Ice Punch|p1a: Bronzong\n|-resisted|p1a: Bronzong\n|-damage|p1a: Bronzong|87\/100\n|\n|upkeep\n|turn|8\n|j| BurningDL\n|\n|t:|1662942674\n|switch|p2a: Nidoqueen|Nidoqueen, F|100\/100\n|-damage|p2a: Nidoqueen|94\/100|[from] Stealth Rock\n|switch|p1a: Noivern|Noivern, M|100\/100\n|-item|p2a: Nidoqueen|Shuca Berry|[from] ability: Frisk|[of] p1a: Noivern|[identify]\n|\n|upkeep\n|turn|9\n|\n|t:|1662942697\n|move|p1a: Noivern|Hurricane|p2a: Nidoqueen|[miss]\n|-miss|p1a: Noivern|p2a: Nidoqueen\n|move|p2a: Nidoqueen|Ice Beam|p1a: Noivern\n|-supereffective|p1a: Noivern\n|-damage|p1a: Noivern|0 fnt\n|faint|p1a: Noivern\n|\n|upkeep\n|\n|t:|1662942730\n|switch|p1a: Obstagoon|Obstagoon, M|100\/100\n|turn|10\n|l| Telekino City\n|\n|t:|1662942763\n|move|p1a: Obstagoon|Knock Off|p2a: Nidoqueen\n|-damage|p2a: Nidoqueen|44\/100\n|-enditem|p2a: Nidoqueen|Shuca Berry|[from] move: Knock Off|[of] p1a: Obstagoon\n|move|p2a: Nidoqueen|Stealth Rock|p1a: Obstagoon\n|-sidestart|p1: wreckitmike|move: Stealth Rock\n|\n|upkeep\n|turn|11\n|l| BurningDL\n|j| Telekino City\n|\n|t:|1662942792\n|switch|p2a: Uxie|Uxie|17\/100\n|-damage|p2a: Uxie|5\/100|[from] Stealth Rock\n|move|p1a: Obstagoon|Knock Off|p2a: Uxie\n|-supereffective|p2a: Uxie\n|-damage|p2a: Uxie|0 fnt\n|faint|p2a: Uxie\n|\n|upkeep\n|\n|t:|1662942822\n|switch|p2a: Gallade|Gallade-Mega, M|94\/100\n|-damage|p2a: Gallade|88\/100|[from] Stealth Rock\n|turn|12\n|\n|t:|1662942827\n|switch|p1a: Bronzong|Bronzong|87\/100\n|-damage|p1a: Bronzong|80\/100|[from] Stealth Rock\n|move|p2a: Gallade|Drain Punch|p1a: Bronzong\n|-damage|p1a: Bronzong|40\/100\n|-heal|p2a: Gallade|100\/100|[from] drain|[of] p1a: Bronzong\n|\n|upkeep\n|turn|13\n|\n|t:|1662942858\n|move|p2a: Gallade|Drain Punch|p1a: Bronzong\n|-damage|p1a: Bronzong|1\/100\n|move|p1a: Bronzong|Rest|p1a: Bronzong\n|-status|p1a: Bronzong|slp|[from] move: Rest\n|-heal|p1a: Bronzong|100\/100 slp|[silent]\n|\n|upkeep\n|turn|14\n|\n|t:|1662942878\n|move|p2a: Gallade|Bulk Up|p2a: Gallade\n|-boost|p2a: Gallade|atk|1\n|-boost|p2a: Gallade|def|1\n|cant|p1a: Bronzong|slp\n|move|p1a: Bronzong|Sleep Talk|p1a: Bronzong\n|move|p1a: Bronzong|Rest||[from]move: Sleep Talk|[still]\n|-fail|p1a: Bronzong\n|\n|upkeep\n|turn|15\n|j| goinforasmoke\n|\n|t:|1662942914\n|move|p2a: Gallade|Knock Off|p1a: Bronzong\n|-supereffective|p1a: Bronzong\n|-enditem|p1a: Bronzong|Colbur Berry|[eat]\n|-enditem|p1a: Bronzong|Colbur Berry|[weaken]\n|-damage|p1a: Bronzong|43\/100 slp\n|cant|p1a: Bronzong|slp\n|move|p1a: Bronzong|Sleep Talk|p1a: Bronzong\n|move|p1a: Bronzong|Iron Defense|p1a: Bronzong|[from]move: Sleep Talk\n|-boost|p1a: Bronzong|def|2\n|\n|upkeep\n|turn|16\n|\n|t:|1662942943\n|move|p2a: Gallade|Drain Punch|p1a: Bronzong\n|-damage|p1a: Bronzong|10\/100 slp\n|-curestatus|p1a: Bronzong|slp|[msg]\n|move|p1a: Bronzong|Body Press|p2a: Gallade\n|-resisted|p2a: Gallade\n|-damage|p2a: Gallade|82\/100\n|\n|upkeep\n|turn|17\n|\n|t:|1662942951\n|move|p2a: Gallade|Drain Punch|p1a: Bronzong\n|-damage|p1a: Bronzong|0 fnt\n|-heal|p2a: Gallade|88\/100|[from] drain|[of] p1a: Bronzong\n|faint|p1a: Bronzong\n|\n|upkeep\n|\n|t:|1662942980\n|switch|p1a: Diancie|Diancie-Mega|13\/100\n|-damage|p1a: Diancie|0 fnt|[from] Stealth Rock\n|faint|p1a: Diancie\n|\n|t:|1662943003\n|switch|p1a: Rillaboom|Rillaboom, M|51\/100\n|-damage|p1a: Rillaboom|39\/100|[from] Stealth Rock\n|-fieldstart|move: Grassy Terrain|[from] ability: Grassy Surge|[of] p1a: Rillaboom\n|turn|18\n|\n|t:|1662943011\n|move|p1a: Rillaboom|Grassy Glide|p2a: Gallade\n|-damage|p2a: Gallade|31\/100\n|move|p2a: Gallade|Drain Punch|p1a: Rillaboom\n|-damage|p1a: Rillaboom|0 fnt\n|-heal|p2a: Gallade|56\/100|[from] drain|[of] p1a: Rillaboom\n|faint|p1a: Rillaboom\n|\n|-heal|p2a: Gallade|62\/100|[from] Grassy Terrain\n|upkeep\n|\n|t:|1662943020\n|switch|p1a: Obstagoon|Obstagoon, M|100\/100\n|-damage|p1a: Obstagoon|88\/100|[from] Stealth Rock\n|turn|19\n|\n|t:|1662943025\n|move|p1a: Obstagoon|Double-Edge|p2a: Gallade\n|-damage|p2a: Gallade|6\/100\n|-damage|p1a: Obstagoon|74\/100|[from] Recoil\n|move|p2a: Gallade|Drain Punch|p1a: Obstagoon\n|-supereffective|p1a: Obstagoon\n|-damage|p1a: Obstagoon|0 fnt\n|-heal|p2a: Gallade|55\/100|[from] drain|[of] p1a: Obstagoon\n|faint|p1a: Obstagoon\n|\n|-heal|p2a: Gallade|61\/100|[from] Grassy Terrain\n|upkeep\n|c|\u2606wreckitmike|gg\n|c|\u2606Unviabriel|gg\n|\n|t:|1662943035\n|switch|p1a: Victini|Victini|100\/100\n|turn|20\n|l| Telekino City\n|\n|t:|1662943038\n|move|p2a: Gallade|Knock Off|p1a: Victini\n|-supereffective|p1a: Victini\n|-damage|p1a: Victini|0 fnt\n|-enditem|p1a: Victini|Heavy-Duty Boots|[from] move: Knock Off|[of] p2a: Gallade\n|faint|p1a: Victini\n|\n|win|Unviabriel\n|l| goinforasmoke\n","uploadtime":1662943044,"views":32,"p1id":"wreckitmike","p2id":"unviabriel","formatid":"gen8nationaldexdraft","rating":0,"private":0,"password":null}