{"id":"sports-gen8nationaldexdlclegacy-40785","p1":"Queen Quince","p2":"Walletinspector62","format":"gen8nationaldexdlclegacy","log":"|j|\u2606Queen Quince\n|j|\u2606Walletinspector62\n|player|p1|Queen Quince|madame|\n|player|p2|Walletinspector62|170|\n|teamsize|p1|6\n|teamsize|p2|6\n|gametype|singles\n|gen|8\n|tier|[Gen 8] National Dex DLC Legacy\n|rule|Sleep Clause Mod: Limit one foe put to sleep\n|rule|Species Clause: Limit one of each Pok\u00e9mon\n|rule|OHKO Clause: OHKO moves are banned\n|rule|Evasion Moves Clause: Evasion moves are banned\n|rule|Endless Battle Clause: Forcing endless battles is banned\n|rule|HP Percentage Mod: HP is shown in percentages\n|clearpoke\n|poke|p1|Tapu Koko|\n|poke|p1|Swampert, M|\n|poke|p1|Kingdra, F|\n|poke|p1|Pelipper, M|\n|poke|p1|Copperajah, F|\n|poke|p1|Tangrowth, F|\n|poke|p2|Glalie, M|\n|poke|p2|Clefable, M|\n|poke|p2|Melmetal|\n|poke|p2|Garchomp, M|\n|poke|p2|Mandibuzz, F|\n|poke|p2|Chesnaught, F|\n|rule|Dynamax Clause: You cannot dynamax\n|teampreview\n|c|\u2606Walletinspector62|Glhf\n|c|\u2606Queen Quince|glhf\n|\n|start\n|switch|p1a: Copperajah|Copperajah, F|100\/100\n|switch|p2a: Garchomp|Garchomp, M|100\/100\n|turn|1\n|j| TOOXIC860\n|\n|move|p2a: Garchomp|Substitute|p2a: Garchomp\n|-start|p2a: Garchomp|Substitute\n|-damage|p2a: Garchomp|76\/100\n|move|p1a: Copperajah|Heavy Slam|p2a: Garchomp\n|-end|p2a: Garchomp|Substitute\n|\n|upkeep\n|turn|2\n|\n|move|p2a: Garchomp|Earthquake|p1a: Copperajah\n|-supereffective|p1a: Copperajah\n|-enditem|p1a: Copperajah|Shuca Berry|[eat]\n|-enditem|p1a: Copperajah|Shuca Berry|[weaken]\n|-damage|p1a: Copperajah|64\/100\n|move|p1a: Copperajah|Heavy Slam|p2a: Garchomp\n|-damage|p2a: Garchomp|19\/100\n|-damage|p1a: Copperajah|52\/100|[from] ability: Rough Skin|[of] p2a: Garchomp\n|\n|upkeep\n|turn|3\n|\n|switch|p1a: Pelipper|Pelipper, M|100\/100\n|-weather|RainDance|[from] ability: Drizzle|[of] p1a: Pelipper\n|move|p2a: Garchomp|Earthquake|p1a: Pelipper\n|-immune|p1a: Pelipper\n|\n|-weather|RainDance|[upkeep]\n|upkeep\n|turn|4\n|\n|move|p2a: Garchomp|Dragon Claw|p1a: Pelipper\n|-damage|p1a: Pelipper|58\/100\n|move|p1a: Pelipper|U-turn|p2a: Garchomp\n|-damage|p2a: Garchomp|11\/100\n|-damage|p1a: Pelipper|46\/100|[from] ability: Rough Skin|[of] p2a: Garchomp\n|c|\u2606Walletinspector62|Um \n|c|\u2606Queen Quince|sorry\n|c|\u2606Queen Quince|had to do\n|c|\u2606Walletinspector62|It\u2019s fine \n|c|\u2606Queen Quince|laundry\n|\n|switch|p1a: Tapu Koko|Tapu Koko|100\/100|[from]move: U-turn\n|-fieldstart|move: Electric Terrain|[from] ability: Electric Surge|[of] p1a: Tapu Koko\n|\n|-weather|RainDance|[upkeep]\n|upkeep\n|turn|5\n|\n|move|p1a: Tapu Koko|Play Rough|p2a: Garchomp\n|-supereffective|p2a: Garchomp\n|-damage|p2a: Garchomp|0 fnt\n|-damage|p1a: Tapu Koko|88\/100|[from] ability: Rough Skin|[of] p2a: Garchomp\n|faint|p2a: Garchomp\n|\n|-weather|RainDance|[upkeep]\n|upkeep\n|\n|switch|p2a: Melmetal|Melmetal|100\/100\n|turn|6\n|\n|move|p1a: Tapu Koko|U-turn|p2a: Melmetal\n|-resisted|p2a: Melmetal\n|-damage|p2a: Melmetal|94\/100\n|\n|switch|p1a: Tangrowth|Tangrowth, F|100\/100|[from]move: U-turn\n|move|p2a: Melmetal|Toxic|p1a: Tangrowth\n|-status|p1a: Tangrowth|tox\n|\n|-weather|RainDance|[upkeep]\n|-heal|p2a: Melmetal|99\/100|[from] item: Leftovers\n|-damage|p1a: Tangrowth|94\/100 tox|[from] psn\n|upkeep\n|turn|7\n|\n|switch|p2a: Boomer|Glalie, M|100\/100\n|move|p1a: Tangrowth|Sludge Bomb|p2a: Boomer\n|-damage|p2a: Boomer|69\/100\n|\n|-weather|RainDance|[upkeep]\n|-heal|p1a: Tangrowth|100\/100 tox|[from] item: Leftovers\n|-damage|p1a: Tangrowth|88\/100 tox|[from] psn\n|upkeep\n|turn|8\n|\n|switch|p1a: Copperajah|Copperajah, F|52\/100\n|detailschange|p2a: Boomer|Glalie-Mega, M\n|-mega|p2a: Boomer|Glalie|Glalitite\n|move|p2a: Boomer|Freeze-Dry|p1a: Copperajah\n|-resisted|p1a: Copperajah\n|-damage|p1a: Copperajah|36\/100\n|\n|-weather|RainDance|[upkeep]\n|-fieldend|move: Electric Terrain\n|upkeep\n|turn|9\n|\n|switch|p2a: Melmetal|Melmetal|99\/100\n|move|p1a: Copperajah|Stealth Rock|p2a: Melmetal\n|-sidestart|p2: Walletinspector62|move: Stealth Rock\n|\n|-weather|RainDance|[upkeep]\n|-heal|p2a: Melmetal|100\/100|[from] item: Leftovers\n|upkeep\n|turn|10\n|\n|switch|p1a: Tangrowth|Tangrowth, F|100\/100 tox\n|move|p2a: Melmetal|Body Press|p1a: Tangrowth\n|-damage|p1a: Tangrowth|88\/100 tox\n|\n|-weather|none\n|-heal|p1a: Tangrowth|94\/100 tox|[from] item: Leftovers\n|-damage|p1a: Tangrowth|88\/100 tox|[from] psn\n|upkeep\n|turn|11\n|\n|move|p1a: Tangrowth|Sludge Bomb|p2a: Melmetal\n|-immune|p2a: Melmetal\n|move|p2a: Melmetal|Double Iron Bash|p1a: Tangrowth\n|-damage|p1a: Tangrowth|65\/100 tox\n|-damage|p1a: Tangrowth|43\/100 tox\n|-hitcount|p1a: Tangrowth|2\n|\n|-heal|p1a: Tangrowth|49\/100 tox|[from] item: Leftovers\n|-damage|p1a: Tangrowth|36\/100 tox|[from] psn\n|upkeep\n|turn|12\n|\n|move|p1a: Tangrowth|Synthesis|p1a: Tangrowth\n|-heal|p1a: Tangrowth|86\/100 tox\n|move|p2a: Melmetal|Double Iron Bash|p1a: Tangrowth\n|-damage|p1a: Tangrowth|63\/100 tox\n|-crit|p1a: Tangrowth\n|-damage|p1a: Tangrowth|27\/100 tox\n|-hitcount|p1a: Tangrowth|2\n|\n|-heal|p1a: Tangrowth|33\/100 tox|[from] item: Leftovers\n|-damage|p1a: Tangrowth|15\/100 tox|[from] psn\n|upkeep\n|turn|13\n|\n|switch|p1a: Swampert|Swampert, M|100\/100\n|move|p2a: Melmetal|Double Iron Bash|p1a: Swampert\n|-resisted|p1a: Swampert\n|-damage|p1a: Swampert|76\/100\n|-resisted|p1a: Swampert\n|-damage|p1a: Swampert|53\/100\n|-hitcount|p1a: Swampert|2\n|\n|upkeep\n|turn|14\n|\n|switch|p2a: Chesnaught|Chesnaught, F|100\/100\n|-damage|p2a: Chesnaught|94\/100|[from] Stealth Rock\n|detailschange|p1a: Swampert|Swampert-Mega, M\n|-mega|p1a: Swampert|Swampert|Swampertite\n|move|p1a: Swampert|Earthquake|p2a: Chesnaught\n|-resisted|p2a: Chesnaught\n|-damage|p2a: Chesnaught|78\/100\n|\n|upkeep\n|turn|15\n|\n|move|p1a: Swampert|Sludge Wave|p2a: Chesnaught\n|-supereffective|p2a: Chesnaught\n|-damage|p2a: Chesnaught|31\/100\n|move|p2a: Chesnaught|Spikes|p1a: Swampert\n|-sidestart|p1: Queen Quince|Spikes\n|\n|upkeep\n|turn|16\n|\n|move|p2a: Chesnaught|Spiky Shield|p2a: Chesnaught\n|-singleturn|p2a: Chesnaught|move: Protect\n|move|p1a: Swampert|Ice Punch|p2a: Chesnaught\n|-activate|p2a: Chesnaught|move: Protect\n|-damage|p1a: Swampert|40\/100|[from] Spiky Shield|[of] p2a: Chesnaught\n|\n|upkeep\n|turn|17\n|\n|move|p2a: Chesnaught|Spiky Shield||[still]\n|-fail|p2a: Chesnaught\n|move|p1a: Swampert|Sludge Wave|p2a: Chesnaught\n|-supereffective|p2a: Chesnaught\n|-damage|p2a: Chesnaught|0 fnt\n|faint|p2a: Chesnaught\n|\n|upkeep\n|\n|switch|p2a: Mandibuzz|Mandibuzz, F, shiny|100\/100\n|-damage|p2a: Mandibuzz|75\/100|[from] Stealth Rock\n|turn|18\n|\n|switch|p1a: Tapu Koko|Tapu Koko|88\/100\n|-damage|p1a: Tapu Koko|76\/100|[from] Spikes\n|-fieldstart|move: Electric Terrain|[from] ability: Electric Surge|[of] p1a: Tapu Koko\n|move|p2a: Mandibuzz|Foul Play|p1a: Tapu Koko\n|-resisted|p1a: Tapu Koko\n|-damage|p1a: Tapu Koko|42\/100\n|\n|-heal|p2a: Mandibuzz|82\/100|[from] item: Leftovers\n|upkeep\n|turn|19\n|\n|switch|p2a: Melmetal|Melmetal|100\/100\n|-damage|p2a: Melmetal|94\/100|[from] Stealth Rock\n|move|p1a: Tapu Koko|Wild Charge|p2a: Melmetal\n|-damage|p2a: Melmetal|61\/100\n|-damage|p1a: Tapu Koko|29\/100|[from] Recoil\n|\n|-heal|p2a: Melmetal|67\/100|[from] item: Leftovers\n|upkeep\n|turn|20\n|\n|move|p1a: Tapu Koko|Wild Charge|p2a: Melmetal\n|-damage|p2a: Melmetal|34\/100\n|-damage|p1a: Tapu Koko|16\/100|[from] Recoil\n|move|p2a: Melmetal|Double Iron Bash|p1a: Tapu Koko\n|-damage|p1a: Tapu Koko|0 fnt\n|-hitcount|p1a: Tapu Koko|1\n|faint|p1a: Tapu Koko\n|\n|-heal|p2a: Melmetal|40\/100|[from] item: Leftovers\n|upkeep\n|\n|switch|p1a: Pelipper|Pelipper, M|46\/100\n|-weather|RainDance|[from] ability: Drizzle|[of] p1a: Pelipper\n|turn|21\n|\n|switch|p1a: Tangrowth|Tangrowth, F|48\/100 tox\n|-damage|p1a: Tangrowth|35\/100 tox|[from] Spikes\n|move|p2a: Melmetal|Protect||[still]\n|-fail|p2a: Melmetal\n|\n|-weather|RainDance|[upkeep]\n|-heal|p1a: Tangrowth|42\/100 tox|[from] item: Leftovers\n|-heal|p2a: Melmetal|46\/100|[from] item: Leftovers\n|-damage|p1a: Tangrowth|35\/100 tox|[from] psn\n|upkeep\n|turn|22\n|\n|move|p1a: Tangrowth|Earthquake|p2a: Melmetal\n|-supereffective|p2a: Melmetal\n|-damage|p2a: Melmetal|22\/100\n|move|p2a: Melmetal|Double Iron Bash|p1a: Tangrowth\n|-damage|p1a: Tangrowth|13\/100 tox\n|-damage|p1a: Tangrowth|0 fnt\n|-hitcount|p1a: Tangrowth|2\n|faint|p1a: Tangrowth\n|\n|-weather|RainDance|[upkeep]\n|-heal|p2a: Melmetal|29\/100|[from] item: Leftovers\n|-fieldend|move: Electric Terrain\n|upkeep\n|\n|switch|p1a: Kingdra|Kingdra, F|100\/100\n|-damage|p1a: Kingdra|88\/100|[from] Spikes\n|turn|23\n|\n|move|p2a: Melmetal|Protect|p2a: Melmetal\n|-singleturn|p2a: Melmetal|Protect\n|move|p1a: Kingdra|Hydro Pump|p2a: Melmetal\n|-activate|p2a: Melmetal|move: Protect\n|\n|-weather|RainDance|[upkeep]\n|-heal|p2a: Melmetal|35\/100|[from] item: Leftovers\n|upkeep\n|turn|24\n|\n|move|p1a: Kingdra|Hydro Pump|p2a: Melmetal\n|-damage|p2a: Melmetal|0 fnt\n|faint|p2a: Melmetal\n|\n|-weather|RainDance|[upkeep]\n|upkeep\n|\n|switch|p2a: Clefable|Clefable, M|100\/100\n|turn|25\n|\n|switch|p1a: Copperajah|Copperajah, F|36\/100\n|-damage|p1a: Copperajah|24\/100|[from] Spikes\n|move|p2a: Clefable|Protect||[still]\n|-fail|p2a: Clefable\n|\n|-weather|RainDance|[upkeep]\n|upkeep\n|turn|26\n|\n|switch|p2a: Mandibuzz|Mandibuzz, F, shiny|82\/100\n|-damage|p2a: Mandibuzz|57\/100|[from] Stealth Rock\n|move|p1a: Copperajah|Heavy Slam|p2a: Mandibuzz\n|-damage|p2a: Mandibuzz|28\/100\n|\n|-weather|RainDance|[upkeep]\n|-heal|p2a: Mandibuzz|34\/100|[from] item: Leftovers\n|upkeep\n|turn|27\n|\n|switch|p1a: Kingdra|Kingdra, F|88\/100\n|-damage|p1a: Kingdra|76\/100|[from] Spikes\n|move|p2a: Mandibuzz|Roost|p2a: Mandibuzz\n|-heal|p2a: Mandibuzz|84\/100\n|-singleturn|p2a: Mandibuzz|move: Roost\n|\n|-weather|RainDance|[upkeep]\n|-heal|p2a: Mandibuzz|90\/100|[from] item: Leftovers\n|upkeep\n|turn|28\n|\n|move|p1a: Kingdra|Hydro Pump|p2a: Mandibuzz\n|-damage|p2a: Mandibuzz|5\/100\n|move|p2a: Mandibuzz|Roost|p2a: Mandibuzz\n|-heal|p2a: Mandibuzz|55\/100\n|-singleturn|p2a: Mandibuzz|move: Roost\n|\n|-weather|none\n|-heal|p2a: Mandibuzz|61\/100|[from] item: Leftovers\n|upkeep\n|turn|29\n|\n|switch|p2a: Clefable|Clefable, M|100\/100\n|move|p1a: Kingdra|Hydro Pump|p2a: Clefable\n|-damage|p2a: Clefable|52\/100\n|\n|-heal|p2a: Clefable|58\/100|[from] item: Leftovers\n|upkeep\n|turn|30\n|\n|switch|p1a: Pelipper|Pelipper, M|46\/100\n|-weather|RainDance|[from] ability: Drizzle|[of] p1a: Pelipper\n|move|p2a: Clefable|Moonblast|p1a: Pelipper\n|-damage|p1a: Pelipper|3\/100\n|-unboost|p1a: Pelipper|spa|1\n|\n|-weather|RainDance|[upkeep]\n|-heal|p2a: Clefable|64\/100|[from] item: Leftovers\n|upkeep\n|turn|31\n|\n|move|p2a: Clefable|Protect|p2a: Clefable\n|-singleturn|p2a: Clefable|Protect\n|move|p1a: Pelipper|Hurricane|p2a: Clefable\n|-activate|p2a: Clefable|move: Protect\n|\n|-weather|RainDance|[upkeep]\n|-heal|p2a: Clefable|70\/100|[from] item: Leftovers\n|upkeep\n|turn|32\n|\n|move|p1a: Pelipper|U-turn|p2a: Clefable\n|-resisted|p2a: Clefable\n|-damage|p2a: Clefable|65\/100\n|\n|switch|p1a: Copperajah|Copperajah, F|24\/100|[from]move: U-turn\n|-damage|p1a: Copperajah|11\/100|[from] Spikes\n|move|p2a: Clefable|Wish|p2a: Clefable\n|\n|-weather|RainDance|[upkeep]\n|-heal|p2a: Clefable|72\/100|[from] item: Leftovers\n|upkeep\n|turn|33\n|\n|move|p2a: Clefable|Protect|p2a: Clefable\n|-singleturn|p2a: Clefable|Protect\n|move|p1a: Copperajah|Heavy Slam|p2a: Clefable\n|-activate|p2a: Clefable|move: Protect\n|\n|-weather|RainDance|[upkeep]\n|-heal|p2a: Clefable|100\/100|[from] move: Wish|[wisher] Clefable\n|upkeep\n|turn|34\n|\n|move|p2a: Clefable|Moonblast|p1a: Copperajah\n|-resisted|p1a: Copperajah\n|-damage|p1a: Copperajah|0 fnt\n|faint|p1a: Copperajah\n|\n|-weather|RainDance|[upkeep]\n|upkeep\n|\n|switch|p1a: Swampert|Swampert-Mega, M|40\/100\n|-damage|p1a: Swampert|28\/100|[from] Spikes\n|turn|35\n|\n|move|p2a: Clefable|Protect|p2a: Clefable\n|-singleturn|p2a: Clefable|Protect\n|move|p1a: Swampert|Waterfall|p2a: Clefable\n|-activate|p2a: Clefable|move: Protect\n|\n|-weather|RainDance|[upkeep]\n|upkeep\n|turn|36\n|l| TOOXIC860\n|\n|move|p1a: Swampert|Waterfall|p2a: Clefable\n|-damage|p2a: Clefable|16\/100\n|cant|p2a: Clefable|flinch\n|\n|-weather|RainDance|[upkeep]\n|-heal|p2a: Clefable|22\/100|[from] item: Leftovers\n|upkeep\n|turn|37\n|\n|move|p2a: Clefable|Protect|p2a: Clefable\n|-singleturn|p2a: Clefable|Protect\n|move|p1a: Swampert|Waterfall|p2a: Clefable\n|-activate|p2a: Clefable|move: Protect\n|\n|-weather|none\n|-heal|p2a: Clefable|28\/100|[from] item: Leftovers\n|upkeep\n|turn|38\n|\n|switch|p2a: Mandibuzz|Mandibuzz, F, shiny|61\/100\n|-damage|p2a: Mandibuzz|36\/100|[from] Stealth Rock\n|move|p1a: Swampert|Waterfall|p2a: Mandibuzz\n|-damage|p2a: Mandibuzz|11\/100\n|\n|-heal|p2a: Mandibuzz|17\/100|[from] item: Leftovers\n|upkeep\n|turn|39\n|\n|move|p1a: Swampert|Waterfall|p2a: Mandibuzz\n|-damage|p2a: Mandibuzz|0 fnt\n|faint|p2a: Mandibuzz\n|\n|upkeep\n|\n|switch|p2a: Boomer|Glalie-Mega, M|69\/100\n|-damage|p2a: Boomer|44\/100|[from] Stealth Rock\n|turn|40\n|\n|switch|p1a: Pelipper|Pelipper, M|3\/100\n|-weather|RainDance|[from] ability: Drizzle|[of] p1a: Pelipper\n|move|p2a: Boomer|Freeze-Dry|p1a: Pelipper\n|-supereffective|p1a: Pelipper\n|-damage|p1a: Pelipper|0 fnt\n|faint|p1a: Pelipper\n|\n|-weather|RainDance|[upkeep]\n|upkeep\n|\n|switch|p1a: Swampert|Swampert-Mega, M|28\/100\n|-damage|p1a: Swampert|16\/100|[from] Spikes\n|turn|41\n|\n|move|p2a: Boomer|Ice Shard|p1a: Swampert\n|-damage|p1a: Swampert|0 fnt\n|faint|p1a: Swampert\n|\n|-weather|RainDance|[upkeep]\n|upkeep\n|\n|switch|p1a: Kingdra|Kingdra, F|76\/100\n|-damage|p1a: Kingdra|64\/100|[from] Spikes\n|turn|42\n|\n|move|p2a: Boomer|Ice Shard|p1a: Kingdra\n|-damage|p1a: Kingdra|39\/100\n|move|p1a: Kingdra|Hurricane|p2a: Boomer\n|-damage|p2a: Boomer|0 fnt\n|faint|p2a: Boomer\n|\n|-weather|RainDance|[upkeep]\n|upkeep\n|c|\u2606Queen Quince|gg\n|\n|switch|p2a: Clefable|Clefable, M|28\/100\n|turn|43\n|\n|move|p2a: Clefable|Protect|p2a: Clefable\n|-singleturn|p2a: Clefable|Protect\n|move|p1a: Kingdra|Hurricane|p2a: Clefable\n|-activate|p2a: Clefable|move: Protect\n|\n|-weather|RainDance|[upkeep]\n|-heal|p2a: Clefable|34\/100|[from] item: Leftovers\n|upkeep\n|turn|44\n|\n|move|p1a: Kingdra|Hurricane|p2a: Clefable\n|-damage|p2a: Clefable|4\/100\n|move|p2a: Clefable|Wish|p2a: Clefable\n|\n|-weather|RainDance|[upkeep]\n|-heal|p2a: Clefable|10\/100|[from] item: Leftovers\n|upkeep\n|turn|45\n|\n|move|p2a: Clefable|Protect|p2a: Clefable\n|-singleturn|p2a: Clefable|Protect\n|move|p1a: Kingdra|Hurricane|p2a: Clefable\n|-activate|p2a: Clefable|move: Protect\n|\n|-weather|RainDance|[upkeep]\n|-heal|p2a: Clefable|60\/100|[from] move: Wish|[wisher] Clefable\n|-heal|p2a: Clefable|66\/100|[from] item: Leftovers\n|upkeep\n|turn|46\n|c|\u2606Walletinspector62|Gg\n|\n|move|p1a: Kingdra|Hurricane|p2a: Clefable\n|-damage|p2a: Clefable|33\/100\n|move|p2a: Clefable|Wish|p2a: Clefable\n|\n|-weather|RainDance|[upkeep]\n|-heal|p2a: Clefable|39\/100|[from] item: Leftovers\n|upkeep\n|turn|47\n|\n|move|p2a: Clefable|Protect|p2a: Clefable\n|-singleturn|p2a: Clefable|Protect\n|move|p1a: Kingdra|Hurricane|p2a: Clefable\n|-activate|p2a: Clefable|move: Protect\n|\n|-weather|none\n|-heal|p2a: Clefable|89\/100|[from] move: Wish|[wisher] Clefable\n|-heal|p2a: Clefable|95\/100|[from] item: Leftovers\n|upkeep\n|turn|48\n|\n|move|p1a: Kingdra|Hurricane|p2a: Clefable\n|-damage|p2a: Clefable|66\/100\n|-start|p2a: Clefable|confusion\n|-activate|p2a: Clefable|confusion\n|move|p2a: Clefable|Moonblast|p1a: Kingdra\n|-supereffective|p1a: Kingdra\n|-damage|p1a: Kingdra|0 fnt\n|faint|p1a: Kingdra\n|\n|win|Walletinspector62\n","uploadtime":1584298075,"views":4,"p1id":"queenquince","p2id":"walletinspector62","formatid":"gen8nationaldexdlclegacy","rating":0,"private":0,"password":null}