{"id":"sports-gen8nationaldexdraft-603787","p1":"AsterJ","p2":"CDA_Aaron","format":"gen8nationaldexdraft","log":"|j|\u2606AsterJ\n|j|\u2606CDA_Aaron\n|t:|1646092013\n|gametype|singles\n|player|p1|AsterJ|asterj.png|\n|player|p2|CDA_Aaron|volkner|\n|teamsize|p1|6\n|teamsize|p2|6\n|gen|8\n|tier|[Gen 8] National Dex Draft\n|rule|Sleep Clause Mod: Limit one foe put to sleep\n|rule|OHKO Clause: OHKO moves are banned\n|rule|Evasion Moves Clause: Evasion moves are banned\n|rule|Endless Battle Clause: Forcing endless battles is banned\n|rule|HP Percentage Mod: HP is shown in percentages\n|rule|Dynamax Clause: You cannot dynamax\n|clearpoke\n|poke|p1|Metagross|\n|poke|p1|Arceus-*|\n|poke|p1|Mawile, M|\n|poke|p1|Tapu Fini|\n|poke|p1|Latios, M|\n|poke|p1|Nihilego|\n|poke|p2|Mewtwo|\n|poke|p2|Arceus-*|\n|poke|p2|Rotom-Heat|\n|poke|p2|Gourgeist-*, F|\n|poke|p2|Palkia|\n|poke|p2|Darkrai|\n|teampreview\n|html|<button name=\"send\" class=\"button\" value=\"\/timer ds\"><i class=\"fa fa-hourglass-start\"><\/i> DS Timer<\/button> <button name=\"send\" class=\"button\" value=\"\/timer smogon\"><i class=\"fa fa-hourglass-start\"><\/i> Smogon Timer<\/button>\n|c|\u2606AsterJ|Gl hf dude\n|c|\u2606CDA_Aaron|u2\n|l|\u2606AsterJ\n|player|p1|\n|j|\u2606AsterJ\n|player|p1|AsterJ|asterj.png\n|l|\u2606AsterJ\n|player|p1|\n|j|\u2606AsterJ\n|player|p1|AsterJ|asterj.png\n|l|\u2606AsterJ\n|player|p1|\n|j|\u2606AsterJ\n|player|p1|AsterJ|asterj.png\n|l|\u2606AsterJ\n|player|p1|\n|j|\u2606AsterJ\n|player|p1|AsterJ|asterj.png\n|\n|t:|1646092121\n|start\n|switch|p1a: Nihilego|Nihilego|100\/100\n|switch|p2a: Rotom|Rotom-Heat|100\/100\n|-item|p1a: Nihilego|Air Balloon\n|turn|1\n|\n|t:|1646092138\n|move|p1a: Nihilego|Stealth Rock|p2a: Rotom\n|-sidestart|p2: CDA_Aaron|move: Stealth Rock\n|move|p2a: Rotom|Volt Switch|p1a: Nihilego\n|-damage|p1a: Nihilego|80\/100\n|-enditem|p1a: Nihilego|Air Balloon\n|\n|t:|1646092141\n|switch|p2a: Mewtwo|Mewtwo|100\/100|[from]move: Volt Switch\n|-damage|p2a: Mewtwo|88\/100|[from] Stealth Rock\n|-ability|p2a: Mewtwo|Pressure\n|\n|upkeep\n|turn|2\n|\n|t:|1646092183\n|switch|p1a: Metagross|Metagross|100\/100\n|detailschange|p2a: Mewtwo|Mewtwo-Mega-X\n|-mega|p2a: Mewtwo|Mewtwo|Mewtwonite X\n|move|p2a: Mewtwo|Psycho Cut|p1a: Metagross\n|-resisted|p1a: Metagross\n|-damage|p1a: Metagross|93\/100\n|\n|-heal|p1a: Metagross|99\/100|[from] item: Leftovers\n|upkeep\n|turn|3\n|\n|t:|1646092197\n|move|p2a: Mewtwo|Low Kick|p1a: Metagross\n|-damage|p1a: Metagross|47\/100\n|move|p1a: Metagross|Zen Headbutt|p2a: Mewtwo\n|-damage|p2a: Mewtwo|53\/100\n|\n|-heal|p1a: Metagross|53\/100|[from] item: Leftovers\n|upkeep\n|turn|4\n|\n|t:|1646092239\n|switch|p1a: Mawile|Mawile, M|100\/100\n|-ability|p1a: Mawile|Intimidate|boost\n|-unboost|p2a: Mewtwo|atk|1\n|move|p2a: Mewtwo|Low Kick|p1a: Mawile\n|-damage|p1a: Mawile|74\/100\n|\n|upkeep\n|turn|5\n|\n|t:|1646092259\n|switch|p2a: Rotom|Rotom-Heat|100\/100\n|-damage|p2a: Rotom|76\/100|[from] Stealth Rock\n|detailschange|p1a: Mawile|Mawile-Mega, M\n|-mega|p1a: Mawile|Mawile|Mawilite\n|move|p1a: Mawile|Stone Edge|p2a: Rotom\n|-supereffective|p2a: Rotom\n|-damage|p2a: Rotom|0 fnt\n|faint|p2a: Rotom\n|\n|upkeep\n|\n|t:|1646092343\n|switch|p2a: Darkrai|Darkrai|100\/100\n|-damage|p2a: Darkrai|88\/100|[from] Stealth Rock\n|turn|6\n|\n|t:|1646092410\n|switch|p1a: Arceus|Arceus|100\/100\n|move|p2a: Darkrai|Incinerate|p1a: Arceus\n|-damage|p1a: Arceus|89\/100\n|\n|upkeep\n|turn|7\n|\n|t:|1646092423\n|switch|p2a: Mewtwo|Mewtwo-Mega-X|53\/100\n|-damage|p2a: Mewtwo|47\/100|[from] Stealth Rock\n|move|p1a: Arceus|Light Screen|p1a: Arceus\n|-sidestart|p1: AsterJ|move: Light Screen\n|\n|upkeep\n|turn|8\n|\n|t:|1646092494\n|switch|p1a: Nihilego|Nihilego|80\/100\n|move|p2a: Mewtwo|Recover|p2a: Mewtwo\n|-heal|p2a: Mewtwo|97\/100\n|\n|upkeep\n|turn|9\n|\n|t:|1646092501\n|move|p2a: Mewtwo|Psycho Cut|p1a: Nihilego\n|-supereffective|p1a: Nihilego\n|-damage|p1a: Nihilego|0 fnt\n|faint|p1a: Nihilego\n|\n|upkeep\n|\n|t:|1646092505\n|switch|p1a: Mawile|Mawile-Mega, M|74\/100\n|turn|10\n|\n|t:|1646092529\n|switch|p2a: Gourgeist|Gourgeist, F|100\/100\n|-damage|p2a: Gourgeist|88\/100|[from] Stealth Rock\n|-item|p1a: Mawile|Mawilite|[from] ability: Frisk|[of] p2a: Gourgeist|[identify]\n|move|p1a: Mawile|Iron Defense|p1a: Mawile\n|-boost|p1a: Mawile|def|2\n|\n|upkeep\n|turn|11\n|\n|t:|1646092540\n|move|p2a: Gourgeist|Will-O-Wisp|p1a: Mawile\n|-status|p1a: Mawile|brn\n|move|p1a: Mawile|Taunt|p2a: Gourgeist\n|-start|p2a: Gourgeist|move: Taunt\n|\n|-damage|p1a: Mawile|68\/100 brn|[from] brn\n|upkeep\n|turn|12\n|\n|t:|1646092544\n|move|p2a: Gourgeist|Poltergeist|p1a: Mawile\n|-activate|p1a: Mawile|move: Poltergeist|Mawilite\n|-damage|p1a: Mawile|50\/100 brn\n|move|p1a: Mawile|Iron Defense|p1a: Mawile\n|-boost|p1a: Mawile|def|2\n|\n|-damage|p1a: Mawile|44\/100 brn|[from] brn\n|upkeep\n|turn|13\n|\n|t:|1646092550\n|move|p2a: Gourgeist|Poltergeist|p1a: Mawile\n|-activate|p1a: Mawile|move: Poltergeist|Mawilite\n|-damage|p1a: Mawile|32\/100 brn\n|move|p1a: Mawile|Baton Pass|p1a: Mawile\n|\n|t:|1646092556\n|switch|p1a: Tapu Fini|Tapu Fini|100\/100|[from]move: Baton Pass\n|-fieldstart|move: Misty Terrain|[from] ability: Misty Surge|[of] p1a: Tapu Fini\n|\n|upkeep\n|turn|14\n|\n|t:|1646092560\n|switch|p2a: Darkrai|Darkrai|88\/100\n|-damage|p2a: Darkrai|76\/100|[from] Stealth Rock\n|move|p1a: Tapu Fini|Calm Mind|p1a: Tapu Fini\n|-boost|p1a: Tapu Fini|spa|1\n|-boost|p1a: Tapu Fini|spd|1\n|\n|-sideend|p1: AsterJ|move: Light Screen\n|upkeep\n|turn|15\n|\n|t:|1646092567\n|move|p2a: Darkrai|Trick|p1a: Tapu Fini\n|-activate|p2a: Darkrai|move: Trick|[of] p1a: Tapu Fini\n|-item|p1a: Tapu Fini|Choice Scarf|[from] move: Trick\n|-item|p2a: Darkrai|Weakness Policy|[from] move: Trick\n|move|p1a: Tapu Fini|Draining Kiss|p2a: Darkrai\n|-supereffective|p2a: Darkrai\n|-damage|p2a: Darkrai|11\/100\n|-enditem|p2a: Darkrai|Weakness Policy\n|-boost|p2a: Darkrai|atk|2|[from] item: Weakness Policy\n|-boost|p2a: Darkrai|spa|2|[from] item: Weakness Policy\n|\n|upkeep\n|turn|16\n|\n|t:|1646092574\n|move|p2a: Darkrai|Thunder|p1a: Tapu Fini\n|-supereffective|p1a: Tapu Fini\n|-damage|p1a: Tapu Fini|14\/100\n|move|p1a: Tapu Fini|Draining Kiss|p2a: Darkrai\n|-supereffective|p2a: Darkrai\n|-damage|p2a: Darkrai|0 fnt\n|-heal|p1a: Tapu Fini|21\/100|[from] drain|[of] p2a: Darkrai\n|faint|p2a: Darkrai\n|\n|upkeep\n|\n|t:|1646092588\n|switch|p2a: Arceus|Arceus-Fairy|100\/100\n|-damage|p2a: Arceus|88\/100|[from] Stealth Rock\n|turn|17\n|\n|t:|1646092598\n|switch|p1a: Arceus|Arceus|89\/100\n|move|p2a: Arceus|Calm Mind|p2a: Arceus\n|-boost|p2a: Arceus|spa|1\n|-boost|p2a: Arceus|spd|1\n|\n|-fieldend|Misty Terrain\n|upkeep\n|turn|18\n|\n|t:|1646092603\n|move|p2a: Arceus|Judgment|p1a: Arceus\n|-damage|p1a: Arceus|45\/100\n|move|p1a: Arceus|Light Screen|p1a: Arceus\n|-sidestart|p1: AsterJ|move: Light Screen\n|\n|upkeep\n|turn|19\n|\n|t:|1646092609\n|switch|p1a: Metagross|Metagross|53\/100\n|move|p2a: Arceus|Calm Mind|p2a: Arceus\n|-boost|p2a: Arceus|spa|1\n|-boost|p2a: Arceus|spd|1\n|\n|-heal|p1a: Metagross|59\/100|[from] item: Leftovers\n|upkeep\n|turn|20\n|\n|t:|1646092613\n|switch|p2a: Gourgeist|Gourgeist, F|88\/100\n|-damage|p2a: Gourgeist|76\/100|[from] Stealth Rock\n|-item|p1a: Metagross|Leftovers|[from] ability: Frisk|[of] p2a: Gourgeist|[identify]\n|move|p1a: Metagross|Meteor Mash|p2a: Gourgeist\n|-damage|p2a: Gourgeist|45\/100\n|\n|-heal|p1a: Metagross|65\/100|[from] item: Leftovers\n|upkeep\n|turn|21\n|\n|t:|1646092626\n|switch|p1a: Arceus|Arceus|45\/100\n|move|p2a: Gourgeist|Will-O-Wisp|p1a: Arceus\n|-status|p1a: Arceus|brn\n|\n|-damage|p1a: Arceus|39\/100 brn|[from] brn\n|upkeep\n|turn|22\n|\n|t:|1646092631\n|move|p1a: Arceus|Reflect|p1a: Arceus\n|-sidestart|p1: AsterJ|Reflect\n|move|p2a: Gourgeist|Synthesis|p2a: Gourgeist\n|-heal|p2a: Gourgeist|94\/100\n|\n|-damage|p1a: Arceus|32\/100 brn|[from] brn\n|upkeep\n|turn|23\n|\n|t:|1646092637\n|move|p1a: Arceus|Recover|p1a: Arceus\n|-heal|p1a: Arceus|82\/100 brn\n|move|p2a: Gourgeist|Power Whip|p1a: Arceus\n|-damage|p1a: Arceus|69\/100 brn\n|\n|-damage|p1a: Arceus|63\/100 brn|[from] brn\n|upkeep\n|turn|24\n|\n|t:|1646092653\n|switch|p1a: Mawile|Mawile-Mega, M|32\/100 brn\n|move|p2a: Gourgeist|Will-O-Wisp|p1a: Mawile\n|-fail|p1a: Mawile|brn\n|\n|-damage|p1a: Mawile|26\/100 brn|[from] brn\n|upkeep\n|turn|25\n|\n|t:|1646092660\n|move|p2a: Gourgeist|Poltergeist|p1a: Mawile\n|-activate|p1a: Mawile|move: Poltergeist|Mawilite\n|-damage|p1a: Mawile|9\/100 brn\n|move|p1a: Mawile|Iron Defense|p1a: Mawile\n|-boost|p1a: Mawile|def|2\n|\n|-damage|p1a: Mawile|3\/100 brn|[from] brn\n|-sideend|p1: AsterJ|move: Light Screen\n|upkeep\n|turn|26\n|\n|t:|1646092668\n|move|p2a: Gourgeist|Power Whip|p1a: Mawile\n|-resisted|p1a: Mawile\n|-damage|p1a: Mawile|0 fnt\n|faint|p1a: Mawile\n|\n|upkeep\n|\n|t:|1646092672\n|switch|p1a: Latios|Latios, M|100\/100\n|turn|27\n|\n|t:|1646092678\n|switch|p2a: Arceus|Arceus-Fairy|88\/100\n|-damage|p2a: Arceus|76\/100|[from] Stealth Rock\n|move|p1a: Latios|Agility|p1a: Latios\n|-boost|p1a: Latios|spe|2\n|\n|upkeep\n|turn|28\n|\n|t:|1646092685\n|switch|p1a: Arceus|Arceus|63\/100 brn\n|move|p2a: Arceus|Calm Mind|p2a: Arceus\n|-boost|p2a: Arceus|spa|1\n|-boost|p2a: Arceus|spd|1\n|\n|-damage|p1a: Arceus|57\/100 brn|[from] brn\n|upkeep\n|turn|29\n|\n|t:|1646092688\n|move|p2a: Arceus|Judgment|p1a: Arceus\n|-damage|p1a: Arceus|12\/100 brn\n|move|p1a: Arceus|Light Screen|p1a: Arceus\n|-sidestart|p1: AsterJ|move: Light Screen\n|\n|-damage|p1a: Arceus|6\/100 brn|[from] brn\n|-sideend|p1: AsterJ|Reflect\n|upkeep\n|turn|30\n|j| Shuckle15\n|\n|t:|1646092696\n|switch|p1a: Metagross|Metagross|65\/100\n|move|p2a: Arceus|Judgment|p1a: Metagross\n|-resisted|p1a: Metagross\n|-damage|p1a: Metagross|48\/100\n|\n|-heal|p1a: Metagross|54\/100|[from] item: Leftovers\n|upkeep\n|turn|31\n|\n|t:|1646092701\n|switch|p2a: Gourgeist|Gourgeist, F|94\/100\n|-damage|p2a: Gourgeist|82\/100|[from] Stealth Rock\n|-item|p1a: Metagross|Leftovers|[from] ability: Frisk|[of] p2a: Gourgeist|[identify]\n|move|p1a: Metagross|Ice Punch|p2a: Gourgeist\n|-supereffective|p2a: Gourgeist\n|-damage|p2a: Gourgeist|52\/100\n|\n|-heal|p1a: Metagross|61\/100|[from] item: Leftovers\n|upkeep\n|turn|32\n|\n|t:|1646092710\n|switch|p1a: Arceus|Arceus|6\/100 brn\n|move|p2a: Gourgeist|Will-O-Wisp|p1a: Arceus\n|-fail|p1a: Arceus|brn\n|\n|-damage|p1a: Arceus|0 fnt|[from] brn\n|faint|p1a: Arceus\n|upkeep\n|\n|t:|1646092721\n|switch|p1a: Latios|Latios, M|100\/100\n|turn|33\n|\n|t:|1646092727\n|move|p1a: Latios|Mystical Fire|p2a: Gourgeist\n|-supereffective|p2a: Gourgeist\n|-damage|p2a: Gourgeist|0 fnt\n|faint|p2a: Gourgeist\n|\n|upkeep\n|\n|t:|1646092740\n|switch|p2a: Palkia|Palkia|100\/100\n|-damage|p2a: Palkia|88\/100|[from] Stealth Rock\n|-ability|p2a: Palkia|Pressure\n|turn|34\n|\n|t:|1646092747\n|move|p2a: Palkia|Spacial Rend|p1a: Latios\n|-supereffective|p1a: Latios\n|-damage|p1a: Latios|59\/100\n|-enditem|p1a: Latios|Weakness Policy\n|-boost|p1a: Latios|atk|2|[from] item: Weakness Policy\n|-boost|p1a: Latios|spa|2|[from] item: Weakness Policy\n|move|p1a: Latios|Agility|p1a: Latios\n|-boost|p1a: Latios|spe|2\n|\n|upkeep\n|turn|35\n|\n|t:|1646092763\n|move|p1a: Latios|Stored Power|p2a: Palkia\n|-damage|p2a: Palkia|0 fnt\n|faint|p2a: Palkia\n|\n|upkeep\n|\n|t:|1646092767\n|switch|p2a: Arceus|Arceus-Fairy|76\/100\n|-damage|p2a: Arceus|63\/100|[from] Stealth Rock\n|turn|36\n|\n|t:|1646092769\n|move|p1a: Latios|Stored Power|p2a: Arceus\n|-damage|p2a: Arceus|0 fnt\n|faint|p2a: Arceus\n|\n|-sideend|p1: AsterJ|move: Light Screen\n|upkeep\n|\n|t:|1646092771\n|switch|p2a: Mewtwo|Mewtwo-Mega-X|97\/100\n|-damage|p2a: Mewtwo|91\/100|[from] Stealth Rock\n|turn|37\n|\n|t:|1646092773\n|move|p1a: Latios|Stored Power|p2a: Mewtwo\n|-damage|p2a: Mewtwo|0 fnt\n|faint|p2a: Mewtwo\n|\n|win|AsterJ\n|c|\u2606AsterJ|Gg\n|c|\u2606CDA_Aaron|gg i threw\n|c|\u2606CDA_Aaron|lol\n|c|\u2606AsterJ|A tad\n|c|\u2606AsterJ|But it was tough\n|c|\u2606CDA_Aaron|if I went arc fairy I think I had it a tad\n|c|\u2606CDA_Aaron|depends\n|c|\u2606CDA_Aaron|or mmx\n|c|\u2606AsterJ|Yea probably\n|c|\u2606AsterJ|I don't think I'd beat u with just mystical Fire\n|c|\u2606CDA_Aaron|ye\n|c|\u2606CDA_Aaron|thats why\n|c|\u2606CDA_Aaron|I thought u had draco or dpulse\n|c|\u2606CDA_Aaron|I was haban\n|c|\u2606AsterJ|Well, that sets an amazing show off for playoffs\n|c|\u2606AsterJ|A lot of mind games left to play here\n|c|\u2606AsterJ|I'll see u there ;)\n|l|\u2606CDA_Aaron\n","uploadtime":1646092896,"views":37,"p1id":"asterj","p2id":"cdaaaron","formatid":"gen8nationaldexdraft","rating":0,"private":0,"password":null}