{"id":"sports-gen8nationaldexdlclegacy-359347","p1":"WBGCharmdi","p2":"DjezzeMwoan","format":"gen8nationaldexdlclegacy","log":"|j|\u2606WBGCharmdi\n|j|\u2606DjezzeMwoan\n|t:|1615147789\n|player|p1|WBGCharmdi|argenta|\n|player|p2|DjezzeMwoan|52|\n|teamsize|p1|6\n|teamsize|p2|6\n|gametype|singles\n|gen|8\n|tier|[Gen 8] National Dex DLC Legacy\n|rule|Sleep Clause Mod: Limit one foe put to sleep\n|rule|OHKO Clause: OHKO moves are banned\n|rule|Evasion Moves Clause: Evasion moves are banned\n|rule|Endless Battle Clause: Forcing endless battles is banned\n|rule|HP Percentage Mod: HP is shown in percentages\n|clearpoke\n|poke|p1|Zapdos|\n|poke|p1|Aegislash, M|\n|poke|p1|Tapu Lele|\n|poke|p1|Mamoswine, M|\n|poke|p1|Druddigon, M|\n|poke|p1|Salazzle, F|\n|poke|p2|Blissey, F|\n|poke|p2|Melmetal|\n|poke|p2|Hippowdon, F|\n|poke|p2|Glalie, F|\n|poke|p2|Florges, F|\n|poke|p2|Rotom-Wash|\n|rule|Dynamax Clause: You cannot dynamax\n|teampreview\n|html|<button name=\"send\" class=\"button\" value=\"\/timer ds\"><i class=\"fa fa-hourglass-start\"><\/i> DS Timer<\/button> <button name=\"send\" class=\"button\" value=\"\/timer smogon\"><i class=\"fa fa-hourglass-start\"><\/i> Smogon Timer<\/button>\n|c|\u2606DjezzeMwoan|glhf\n|c|\u2606WBGCharmdi|u2\n|\n|t:|1615147827\n|start\n|switch|p1a: Druddigon|Druddigon, M|100\/100\n|switch|p2a: David Draiman|Glalie, F|100\/100\n|turn|1\n|\n|t:|1615147832\n|switch|p1a: Mamoswine|Mamoswine, M|100\/100\n|detailschange|p2a: David Draiman|Glalie-Mega, F\n|-mega|p2a: David Draiman|Glalie|Glalitite\n|move|p2a: David Draiman|Return|p1a: Mamoswine\n|-damage|p1a: Mamoswine|71\/100\n|\n|-heal|p1a: Mamoswine|77\/100|[from] item: Leftovers\n|upkeep\n|turn|2\n|\n|t:|1615147858\n|switch|p2a: Washmachine|Rotom-Wash|100\/100\n|move|p1a: Mamoswine|Superpower|p2a: Washmachine\n|-damage|p2a: Washmachine|53\/100\n|-unboost|p1a: Mamoswine|atk|1\n|-unboost|p1a: Mamoswine|def|1\n|\n|-heal|p2a: Washmachine|59\/100|[from] item: Leftovers\n|-heal|p1a: Mamoswine|83\/100|[from] item: Leftovers\n|upkeep\n|turn|3\n|\n|t:|1615147863\n|switch|p1a: Druddigon|Druddigon, M|100\/100\n|move|p2a: Washmachine|Pain Split|p1a: Druddigon\n|-sethp|p1a: Druddigon|75\/100|[from] move: Pain Split|[silent]\n|-sethp|p2a: Washmachine|88\/100|[from] move: Pain Split\n|\n|-heal|p2a: Washmachine|95\/100|[from] item: Leftovers\n|-heal|p1a: Druddigon|82\/100|[from] item: Leftovers\n|upkeep\n|turn|4\n|\n|t:|1615147872\n|move|p2a: Washmachine|Volt Switch|p1a: Druddigon\n|-resisted|p1a: Druddigon\n|-damage|p1a: Druddigon|72\/100\n|\n|t:|1615147879\n|switch|p2a: Zweefteef|Florges, F|100\/100|[from]move: Volt Switch\n|move|p1a: Druddigon|Stealth Rock|p2a: Zweefteef\n|-sidestart|p2: DjezzeMwoan|move: Stealth Rock\n|\n|-heal|p1a: Druddigon|79\/100|[from] item: Leftovers\n|upkeep\n|turn|5\n|\n|t:|1615147885\n|move|p2a: Zweefteef|Defog|p1a: Druddigon\n|-unboost|p1a: Druddigon|evasion|1\n|-sideend|p2: DjezzeMwoan|Stealth Rock|[from] move: Defog|[of] p2a: Zweefteef\n|move|p1a: Druddigon|Taunt|p2a: Zweefteef\n|-start|p2a: Zweefteef|move: Taunt\n|\n|-heal|p1a: Druddigon|85\/100|[from] item: Leftovers\n|upkeep\n|turn|6\n|\n|t:|1615147895\n|switch|p2a: Wilfred|Hippowdon, F|100\/100\n|switch|p1a: Aegislash|Aegislash, M|100\/100\n|\n|upkeep\n|turn|7\n|\n|t:|1615147899\n|move|p1a: Aegislash|Magnet Rise|p1a: Aegislash\n|-start|p1a: Aegislash|Magnet Rise\n|move|p2a: Wilfred|Toxic|p1a: Aegislash|[miss]\n|-miss|p2a: Wilfred|p1a: Aegislash\n|\n|upkeep\n|turn|8\n|c|\u2606DjezzeMwoan|nice prep\n|\n|t:|1615147914\n|switch|p2a: Mlg Popplio|Melmetal|100\/100\n|-formechange|p1a: Aegislash|Aegislash-Blade||[from] ability: Stance Change\n|move|p1a: Aegislash|Shadow Ball|p2a: Mlg Popplio\n|-damage|p2a: Mlg Popplio|81\/100\n|\n|upkeep\n|turn|9\n|\n|t:|1615147918\n|switch|p1a: Zapdos|Zapdos|100\/100\n|move|p2a: Mlg Popplio|Discharge|p1a: Zapdos\n|-damage|p1a: Zapdos|82\/100\n|\n|upkeep\n|turn|10\n|\n|t:|1615147924\n|switch|p2a: Wilfred|Hippowdon, F|100\/100\n|move|p1a: Zapdos|Volt Switch|p2a: Wilfred\n|-immune|p2a: Wilfred\n|\n|upkeep\n|turn|11\n|\n|t:|1615147931\n|switch|p1a: Aegislash|Aegislash, M|100\/100\n|move|p2a: Wilfred|Earthquake|p1a: Aegislash\n|-supereffective|p1a: Aegislash\n|-damage|p1a: Aegislash|41\/100\n|\n|-heal|p1a: Aegislash|47\/100|[from] item: Leftovers\n|upkeep\n|turn|12\n|\n|t:|1615147937\n|-formechange|p1a: Aegislash|Aegislash-Blade||[from] ability: Stance Change\n|move|p1a: Aegislash|Close Combat|p2a: Wilfred\n|-damage|p2a: Wilfred|65\/100\n|-unboost|p1a: Aegislash|def|1\n|-unboost|p1a: Aegislash|spd|1\n|move|p2a: Wilfred|Earthquake|p1a: Aegislash\n|-supereffective|p1a: Aegislash\n|-damage|p1a: Aegislash|0 fnt\n|faint|p1a: Aegislash\n|\n|-heal|p2a: Wilfred|71\/100|[from] item: Leftovers\n|upkeep\n|\n|t:|1615147943\n|switch|p1a: Mamoswine|Mamoswine, M|83\/100\n|turn|13\n|\n|t:|1615147957\n|switch|p2a: Washmachine|Rotom-Wash|95\/100\n|move|p1a: Mamoswine|Icicle Crash|p2a: Washmachine|[miss]\n|-miss|p1a: Mamoswine|p2a: Washmachine\n|\n|-heal|p2a: Washmachine|100\/100|[from] item: Leftovers\n|-heal|p1a: Mamoswine|89\/100|[from] item: Leftovers\n|upkeep\n|turn|14\n|c|\u2606DjezzeMwoan|sorry man\n|\n|t:|1615147965\n|switch|p1a: Zapdos|Zapdos|82\/100\n|move|p2a: Washmachine|Volt Switch|p1a: Zapdos\n|-damage|p1a: Zapdos|57\/100\n|c|\u2606WBGCharmdi|its fine\n|\n|t:|1615147968\n|switch|p2a: David Draiman|Glalie-Mega, F|100\/100|[from]move: Volt Switch\n|\n|upkeep\n|turn|15\n|\n|t:|1615147972\n|switch|p1a: Mamoswine|Mamoswine, M|89\/100\n|move|p2a: David Draiman|Iron Head|p1a: Mamoswine\n|-supereffective|p1a: Mamoswine\n|-crit|p1a: Mamoswine\n|-damage|p1a: Mamoswine|13\/100\n|\n|-heal|p1a: Mamoswine|19\/100|[from] item: Leftovers\n|upkeep\n|turn|16\n|c|\u2606WBGCharmdi|i lost anyway lol\n|c|\u2606DjezzeMwoan|damn\n|c|\u2606WBGCharmdi|yeah\n|c|\u2606WBGCharmdi|LOL\n|c|\u2606DjezzeMwoan|thats kind of unlucky lol\n|\n|t:|1615147991\n|move|p1a: Mamoswine|Ice Shard|p2a: David Draiman\n|-resisted|p2a: David Draiman\n|-damage|p2a: David Draiman|85\/100\n|move|p2a: David Draiman|Return|p1a: Mamoswine\n|-damage|p1a: Mamoswine|0 fnt\n|faint|p1a: Mamoswine\n|\n|upkeep\n|\n|t:|1615147993\n|switch|p1a: Salazzle|Salazzle, F|100\/100\n|turn|17\n|\n|t:|1615147998\n|switch|p2a: Penskweker|Blissey, F|100\/100\n|move|p1a: Salazzle|Nasty Plot|p1a: Salazzle\n|-boost|p1a: Salazzle|spa|2\n|\n|upkeep\n|turn|18\n|\n|t:|1615148002\n|move|p1a: Salazzle|Taunt|p2a: Penskweker\n|-start|p2a: Penskweker|move: Taunt\n|move|p2a: Penskweker|Bulldoze|p1a: Salazzle\n|-supereffective|p1a: Salazzle\n|-damage|p1a: Salazzle|75\/100\n|-unboost|p1a: Salazzle|spe|1\n|\n|upkeep\n|turn|19\n|\n|t:|1615148008\n|move|p1a: Salazzle|Sludge Wave|p2a: Penskweker\n|-damage|p2a: Penskweker|68\/100\n|move|p2a: Penskweker|Bulldoze|p1a: Salazzle\n|-supereffective|p1a: Salazzle\n|-damage|p1a: Salazzle|50\/100\n|-unboost|p1a: Salazzle|spe|1\n|\n|-heal|p2a: Penskweker|74\/100|[from] item: Leftovers\n|upkeep\n|turn|20\n|\n|t:|1615148013\n|move|p1a: Salazzle|Sludge Wave|p2a: Penskweker\n|-damage|p2a: Penskweker|41\/100\n|-status|p2a: Penskweker|psn\n|move|p2a: Penskweker|Bulldoze|p1a: Salazzle\n|-supereffective|p1a: Salazzle\n|-damage|p1a: Salazzle|23\/100\n|-unboost|p1a: Salazzle|spe|1\n|\n|-heal|p2a: Penskweker|48\/100 psn|[from] item: Leftovers\n|-damage|p2a: Penskweker|35\/100 psn|[from] psn\n|-end|p2a: Penskweker|move: Taunt\n|upkeep\n|turn|21\n|c|\u2606DjezzeMwoan|the virgin stoss blissey\n|c|\u2606DjezzeMwoan|vs the chad physical blissey\n|\n|t:|1615148033\n|move|p2a: Penskweker|Seismic Toss|p1a: Salazzle\n|-damage|p1a: Salazzle|0 fnt\n|faint|p1a: Salazzle\n|\n|-heal|p2a: Penskweker|41\/100 psn|[from] item: Leftovers\n|-damage|p2a: Penskweker|29\/100 psn|[from] psn\n|upkeep\n|\n|t:|1615148036\n|switch|p1a: Tapu Lele|Tapu Lele|100\/100\n|-fieldstart|move: Psychic Terrain|[from] ability: Psychic Surge|[of] p1a: Tapu Lele\n|turn|22\n|\n|t:|1615148043\n|switch|p2a: Zweefteef|Florges, F|100\/100\n|move|p1a: Tapu Lele|Calm Mind|p1a: Tapu Lele\n|-boost|p1a: Tapu Lele|spa|1\n|-boost|p1a: Tapu Lele|spd|1\n|\n|upkeep\n|turn|23\n|\n|t:|1615148053\n|move|p1a: Tapu Lele|Psyshock|p2a: Zweefteef\n|-damage|p2a: Zweefteef|24\/100\n|move|p2a: Zweefteef|Moonblast|p1a: Tapu Lele\n|-damage|p1a: Tapu Lele|78\/100\n|-unboost|p1a: Tapu Lele|spa|1\n|\n|upkeep\n|turn|24\n|\n|t:|1615148057\n|move|p1a: Tapu Lele|Calm Mind|p1a: Tapu Lele\n|-boost|p1a: Tapu Lele|spa|1\n|-boost|p1a: Tapu Lele|spd|1\n|move|p2a: Zweefteef|Moonblast|p1a: Tapu Lele\n|-damage|p1a: Tapu Lele|61\/100\n|-unboost|p1a: Tapu Lele|spa|1\n|\n|upkeep\n|turn|25\n|\n|t:|1615148061\n|move|p1a: Tapu Lele|Calm Mind|p1a: Tapu Lele\n|-boost|p1a: Tapu Lele|spa|1\n|-boost|p1a: Tapu Lele|spd|1\n|move|p2a: Zweefteef|Moonblast|p1a: Tapu Lele\n|-damage|p1a: Tapu Lele|45\/100\n|\n|upkeep\n|turn|26\n|\n|t:|1615148064\n|move|p1a: Tapu Lele|Focus Blast|p2a: Zweefteef|[miss]\n|-miss|p1a: Tapu Lele|p2a: Zweefteef\n|-enditem|p1a: Tapu Lele|Blunder Policy\n|-boost|p1a: Tapu Lele|spe|2\n|move|p2a: Zweefteef|Moonblast|p1a: Tapu Lele\n|-damage|p1a: Tapu Lele|30\/100\n|-unboost|p1a: Tapu Lele|spa|1\n|\n|-fieldend|move: Psychic Terrain\n|upkeep\n|turn|27\n|\n|t:|1615148071\n|move|p1a: Tapu Lele|Calm Mind|p1a: Tapu Lele\n|-boost|p1a: Tapu Lele|spa|1\n|-boost|p1a: Tapu Lele|spd|1\n|move|p2a: Zweefteef|Moonblast|p1a: Tapu Lele\n|-damage|p1a: Tapu Lele|18\/100\n|\n|upkeep\n|turn|28\n|c|\u2606DjezzeMwoan|wait\n|c|\u2606WBGCharmdi|i love how\n|c|\u2606WBGCharmdi|you got\n|c|\u2606WBGCharmdi|fucking\n|c|\u2606WBGCharmdi|3 \n|\n|t:|1615148098\n|move|p1a: Tapu Lele|Calm Mind|p1a: Tapu Lele\n|-boost|p1a: Tapu Lele|spa|1\n|-boost|p1a: Tapu Lele|spd|1\n|move|p2a: Zweefteef|Moonblast|p1a: Tapu Lele\n|-damage|p1a: Tapu Lele|7\/100\n|\n|upkeep\n|turn|29\n|c|\u2606DjezzeMwoan|its like scald it always burns lmao\n|\n|t:|1615148103\n|move|p1a: Tapu Lele|Psyshock|p2a: Zweefteef\n|-damage|p2a: Zweefteef|0 fnt\n|faint|p2a: Zweefteef\n|\n|upkeep\n|\n|t:|1615148105\n|switch|p2a: Mlg Popplio|Melmetal|81\/100\n|turn|30\n|c|\u2606WBGCharmdi|yeah but\n|c|\u2606WBGCharmdi|with a crit?\n|\n|t:|1615148117\n|move|p1a: Tapu Lele|Focus Blast|p2a: Mlg Popplio\n|-supereffective|p2a: Mlg Popplio\n|-damage|p2a: Mlg Popplio|0 fnt\n|faint|p2a: Mlg Popplio\n|\n|upkeep\n|c|\u2606DjezzeMwoan|ye ik lol\n|c|\u2606DjezzeMwoan|gg\n|\n|t:|1615148128\n|switch|p2a: Washmachine|Rotom-Wash|100\/100\n|turn|31\n|\n|t:|1615148133\n|move|p1a: Tapu Lele|Moonblast|p2a: Washmachine\n|-damage|p2a: Washmachine|0 fnt\n|faint|p2a: Washmachine\n|\n|upkeep\n|\n|t:|1615148137\n|switch|p2a: Wilfred|Hippowdon, F|71\/100\n|turn|32\n|\n|t:|1615148139\n|move|p1a: Tapu Lele|Moonblast|p2a: Wilfred\n|-crit|p2a: Wilfred\n|-damage|p2a: Wilfred|0 fnt\n|faint|p2a: Wilfred\n|\n|upkeep\n|\n|t:|1615148141\n|switch|p2a: Penskweker|Blissey, F|29\/100\n|turn|33\n|\n|t:|1615148145\n|move|p1a: Tapu Lele|Psyshock|p2a: Penskweker\n|-damage|p2a: Penskweker|0 fnt\n|faint|p2a: Penskweker\n|\n|upkeep\n|c|\u2606DjezzeMwoan|i was not ready for that\n|c|\u2606DjezzeMwoan|damn\n|\n|t:|1615148151\n|switch|p2a: David Draiman|Glalie-Mega, F|85\/100\n|turn|34\n|c|\u2606WBGCharmdi|wait.\n|c|\u2606WBGCharmdi|no ice shard?\n|\n|t:|1615148157\n|move|p1a: Tapu Lele|Moonblast|p2a: David Draiman\n|-damage|p2a: David Draiman|0 fnt\n|faint|p2a: David Draiman\n|\n|win|WBGCharmdi\n|c|\u2606DjezzeMwoan|i wish lol\n|c|\u2606WBGCharmdi|damn rip\n|c|\u2606WBGCharmdi|gg\n|c|\u2606WBGCharmdi|hopefully\n|c|\u2606DjezzeMwoan|im not gonna sack everything when i have ice shard in the back lmfao\n|c|\u2606DjezzeMwoan|ggs\n|c|\u2606WBGCharmdi|we can play again\n|c|\u2606DjezzeMwoan|can you upload replay\n|c|\u2606WBGCharmdi|no less hax\n|c|\u2606WBGCharmdi|we\n|c|\u2606DjezzeMwoan|ye true\n|c|\u2606DjezzeMwoan|hahaha\n|c|\u2606WBGCharmdi|wanna shar paste?\n","uploadtime":1615148194,"views":28,"p1id":"wbgcharmdi","p2id":"djezzemwoan","formatid":"gen8nationaldexdlclegacy","rating":0,"private":0,"password":null}