{"id":"sports-gen7draftleague-465349","p1":"AsterJ","p2":"ProfTRICKboard","format":"gen7draftleague","log":"|j|\u2606AsterJ\n|j|\u2606ProfTRICKboard\n|t:|1627239632\n|gametype|singles\n|player|p1|AsterJ|asterj.png|\n|player|p2|ProfTRICKboard|proftrickboard.png|\n|teamsize|p1|6\n|teamsize|p2|6\n|gen|7\n|tier|[Gen 7] Draft League\n|rule|Sleep Clause Mod: Limit one foe put to sleep\n|rule|OHKO Clause: OHKO moves are banned\n|rule|Evasion Moves Clause: Evasion moves are banned\n|rule|Endless Battle Clause: Forcing endless battles is banned\n|rule|HP Percentage Mod: HP is shown in percentages\n|clearpoke\n|poke|p1|Garchomp, M|item\n|poke|p1|Qwilfish, F|item\n|poke|p1|Piloswine, F|item\n|poke|p1|Aerodactyl, F|item\n|poke|p1|Mew|item\n|poke|p1|Serperior, F|item\n|poke|p2|Pidgeot, M|item\n|poke|p2|Necrozma|item\n|poke|p2|Celesteela|item\n|poke|p2|Zygarde|item\n|poke|p2|Terrakion|item\n|poke|p2|Tentacruel, M|item\n|teampreview\n|html|<button name=\"send\" class=\"button\" value=\"\/timer ds\"><i class=\"fa fa-hourglass-start\"><\/i> DS Timer<\/button> <button name=\"send\" class=\"button\" value=\"\/timer smogon\"><i class=\"fa fa-hourglass-start\"><\/i> Smogon Timer<\/button>\n|c|\u2606ProfTRICKboard|glhf\n|c|\u2606ProfTRICKboard|\/log ProfTRICKboard made this room public.\n|c|\u2606AsterJ|u2\n|j| Trick of Odin\n|j| ROSE Olli\n|j| Burrrger\n|j| DoogalHH\n|j| LT84JM yb\n|j| Blitzburgh\n|j| EGADrifblims\n|j| Count Riario\n|j| Shadowblast\n|j| xJustiPro\n|c| xJustiPro|yalls link\n|c| xJustiPro|doesnt work\n|j| Keep Larping\n|j| Sieeeffmon\n|j| john w\n|j| pult61a p\n|j| TTT Sablo\n|j| palkia62\n|j| TDNT\n|j| NoCapeMyBazedMango\n|j| Illegal Brelooms\n|\n|t:|1627239703\n|start\n|switch|p1a: Zazo|Mew|100\/100\n|switch|p2a: Necrozma|Necrozma|100\/100\n|turn|1\n|j| WillTheRNGLord\n|c|\u2606ProfTRICKboard|room is public so it should\n|\n|t:|1627239712\n|move|p1a: Zazo|Taunt|p2a: Necrozma\n|-start|p2a: Necrozma|move: Taunt\n|-enditem|p2a: Necrozma|Mental Herb\n|-end|p2a: Necrozma|move: Taunt\n|move|p2a: Necrozma|Toxic|p1a: Zazo\n|-status|p1a: Zazo|tox\n|-activate|p1a: Zazo|ability: Synchronize\n|-status|p2a: Necrozma|tox\n|\n|-damage|p1a: Zazo|94\/100 tox|[from] psn\n|-damage|p2a: Necrozma|94\/100 tox|[from] psn\n|upkeep\n|turn|2\n|l| TTT Sablo\n|j| TTT Sablo\n|j| PokeFan4125\n|j|^The Rissoux\n|j| AkkiYT\n|j| zzzSleepy Snorlax\n|\n|t:|1627239760\n|switch|p1a: Harris|Aerodactyl, F|100\/100\n|-ability|p1a: Harris|Pressure\n|move|p2a: Necrozma|Stealth Rock|p1a: Harris\n|-sidestart|p1: AsterJ|move: Stealth Rock\n|\n|-damage|p2a: Necrozma|82\/100 tox|[from] psn\n|upkeep\n|turn|3\n|j| fl jeron\n|j| TTT Ves\n|\n|t:|1627239772\n|detailschange|p1a: Harris|Aerodactyl-Mega, F\n|-mega|p1a: Harris|Aerodactyl|Aerodactylite\n|move|p1a: Harris|Taunt|p2a: Necrozma\n|-start|p2a: Necrozma|move: Taunt\n|cant|p2a: Necrozma|move: Taunt|Toxic\n|\n|-damage|p2a: Necrozma|64\/100 tox|[from] psn\n|upkeep\n|turn|4\n|l| Keep Larping\n|j| Keep Larping\n|j| DW5 Epy\n|\n|t:|1627239795\n|-activate|p2a: Necrozma|move: Pursuit\n|move|p1a: Harris|Pursuit|p2a: Necrozma|[from]Pursuit\n|-supereffective|p2a: Necrozma\n|-damage|p2a: Necrozma|30\/100 tox\n|switch|p2a: Terrakion|Terrakion|100\/100\n|\n|upkeep\n|turn|5\n|l|^The Rissoux\n|j| mjukost\n|\n|t:|1627239829\n|switch|p2a: Celesteela|Celesteela|100\/100\n|switch|p1a: Carson|Qwilfish, F|100\/100\n|-damage|p1a: Carson|88\/100|[from] Stealth Rock\n|-ability|p1a: Carson|Intimidate|boost\n|-unboost|p2a: Celesteela|atk|1\n|\n|upkeep\n|turn|6\n|j| obi3\n|\n|t:|1627239861\n|switch|p2a: Tentacruel|Tentacruel, M|100\/100\n|move|p1a: Carson|Thunder Wave|p2a: Tentacruel\n|-status|p2a: Tentacruel|par\n|\n|upkeep\n|turn|7\n|j| Tort6087\n|j| Lemurro\n|j| TG Darkrai\n|\n|t:|1627239941\n|switch|p1a: Gypsy|Garchomp, M|100\/100\n|-damage|p1a: Gypsy|94\/100|[from] Stealth Rock\n|move|p2a: Tentacruel|Scald|p1a: Gypsy\n|-damage|p1a: Gypsy|73\/100\n|-status|p1a: Gypsy|brn\n|\n|-damage|p1a: Gypsy|67\/100 brn|[from] brn\n|upkeep\n|turn|8\n|j| 2013 youtube room\n|j| MK Jake\n|l| TG Darkrai\n|\n|t:|1627239988\n|switch|p2a: Celesteela|Celesteela|100\/100\n|move|p1a: Gypsy|Outrage|p2a: Celesteela\n|-resisted|p2a: Celesteela\n|-crit|p2a: Celesteela\n|-damage|p2a: Celesteela|71\/100\n|\n|-damage|p1a: Gypsy|61\/100 brn|[from] brn\n|upkeep\n|turn|9\n|c| xJustiPro|sheeesh\n|\n|t:|1627240006\n|move|p1a: Gypsy|Outrage|p2a: Celesteela|[from]lockedmove\n|-resisted|p2a: Celesteela\n|-damage|p2a: Celesteela|51\/100\n|-start|p1a: Gypsy|confusion|[fatigue]\n|move|p2a: Celesteela|Heavy Slam|p1a: Gypsy\n|-damage|p1a: Gypsy|0 fnt\n|-damage|p2a: Celesteela|39\/100|[from] ability: Rough Skin|[of] p1a: Gypsy\n|faint|p1a: Gypsy\n|-ability|p2a: Celesteela|Beast Boost|boost\n|-boost|p2a: Celesteela|atk|1\n|\n|upkeep\n|j|^Trickno\n|\n|t:|1627240036\n|switch|p1a: Carson|Qwilfish, F|88\/100\n|-damage|p1a: Carson|76\/100|[from] Stealth Rock\n|-ability|p1a: Carson|Intimidate|boost\n|-unboost|p2a: Celesteela|atk|1\n|turn|10\n|j|^The Rissoux\n|\n|t:|1627240061\n|switch|p2a: Tentacruel|Tentacruel, M|100\/100 par\n|move|p1a: Carson|Liquidation|p2a: Tentacruel\n|-resisted|p2a: Tentacruel\n|-damage|p2a: Tentacruel|81\/100 par\n|\n|-heal|p2a: Tentacruel|87\/100 par|[from] item: Black Sludge\n|upkeep\n|turn|11\n|j|^mattybrollic\n|\n|t:|1627240079\n|move|p1a: Carson|Liquidation|p2a: Tentacruel\n|-resisted|p2a: Tentacruel\n|-damage|p2a: Tentacruel|69\/100 par\n|cant|p2a: Tentacruel|par\n|\n|-heal|p2a: Tentacruel|75\/100 par|[from] item: Black Sludge\n|upkeep\n|turn|12\n|\n|t:|1627240083\n|move|p1a: Carson|Liquidation|p2a: Tentacruel\n|-resisted|p2a: Tentacruel\n|-damage|p2a: Tentacruel|54\/100 par\n|move|p2a: Tentacruel|Scald|p1a: Carson\n|-resisted|p1a: Carson\n|-damage|p1a: Carson|58\/100\n|\n|-heal|p2a: Tentacruel|60\/100 par|[from] item: Black Sludge\n|upkeep\n|turn|13\n|\n|t:|1627240092\n|move|p1a: Carson|Liquidation|p2a: Tentacruel\n|-resisted|p2a: Tentacruel\n|-damage|p2a: Tentacruel|40\/100 par\n|move|p2a: Tentacruel|Scald|p1a: Carson\n|-resisted|p1a: Carson\n|-damage|p1a: Carson|40\/100\n|\n|-heal|p2a: Tentacruel|46\/100 par|[from] item: Black Sludge\n|upkeep\n|turn|14\n|\n|t:|1627240101\n|move|p1a: Carson|Liquidation|p2a: Tentacruel\n|-resisted|p2a: Tentacruel\n|-damage|p2a: Tentacruel|25\/100 par\n|move|p2a: Tentacruel|Scald|p1a: Carson\n|-resisted|p1a: Carson\n|-damage|p1a: Carson|21\/100\n|-enditem|p1a: Carson|Iapapa Berry|[eat]\n|-heal|p1a: Carson|70\/100|[from] item: Iapapa Berry\n|\n|-heal|p2a: Tentacruel|31\/100 par|[from] item: Black Sludge\n|upkeep\n|turn|15\n|\n|t:|1627240108\n|move|p1a: Carson|Liquidation|p2a: Tentacruel\n|-resisted|p2a: Tentacruel\n|-damage|p2a: Tentacruel|11\/100 par\n|move|p2a: Tentacruel|Scald|p1a: Carson\n|-resisted|p1a: Carson\n|-damage|p1a: Carson|52\/100\n|\n|-heal|p2a: Tentacruel|17\/100 par|[from] item: Black Sludge\n|upkeep\n|turn|16\n|l| TTT Sablo\n|\n|t:|1627240133\n|move|p1a: Carson|Liquidation|p2a: Tentacruel\n|-resisted|p2a: Tentacruel\n|-damage|p2a: Tentacruel|0 fnt\n|faint|p2a: Tentacruel\n|\n|upkeep\n|c| AkkiYT|1v1d\n|j| TTT Sablo\n|c| zzzSleepy Snorlax|only 1 para smh\n|c| palkia62|the superior water poison\n|j| BC Lukey\n|j| GCS'Conspiracy\n|\n|t:|1627240174\n|switch|p2a: Zygarde|Zygarde|100\/100\n|-ability|p2a: Zygarde|Aura Break\n|turn|17\n|j| bratty stepsis\n|\n|t:|1627240187\n|switch|p1a: Alpha|Piloswine, F|100\/100\n|-damage|p1a: Alpha|88\/100|[from] Stealth Rock\n|move|p2a: Zygarde|Thousand Arrows|p1a: Alpha\n|-damage|p1a: Alpha|71\/100\n|\n|upkeep\n|turn|18\n|l|^mattybrollic\n|l| pult61a p\n|c| AkkiYT|well qwiller is the best poison water around \n|c| AkkiYT|always has been\n|l| TTT Sablo\n|\n|t:|1627240252\n|switch|p2a: Celesteela|Celesteela|39\/100\n|move|p1a: Alpha|Stealth Rock|p2a: Celesteela\n|-sidestart|p2: ProfTRICKboard|move: Stealth Rock\n|\n|upkeep\n|turn|19\n|j| Large Father Dave\n|l| Large Father Dave\n|j|^Bontz\n|j| TTT Sablo\n|c| Sieeeffmon|put some respect on skrelp\n|\n|t:|1627240303\n|switch|p1a: Carson|Qwilfish, F|52\/100\n|-damage|p1a: Carson|39\/100|[from] Stealth Rock\n|-ability|p1a: Carson|Intimidate|boost\n|-unboost|p2a: Celesteela|atk|1\n|move|p2a: Celesteela|Heavy Slam|p1a: Carson\n|-resisted|p1a: Carson\n|-damage|p1a: Carson|14\/100\n|\n|upkeep\n|turn|20\n|\n|t:|1627240322\n|move|p1a: Carson|Liquidation|p2a: Celesteela\n|-damage|p2a: Celesteela|14\/100\n|move|p2a: Celesteela|Heavy Slam|p1a: Carson\n|-resisted|p1a: Carson\n|-damage|p1a: Carson|0 fnt\n|faint|p1a: Carson\n|-ability|p2a: Celesteela|Beast Boost|boost\n|-boost|p2a: Celesteela|atk|1\n|\n|upkeep\n|j| pult61a p\n|j| TG Darkrai\n|\n|t:|1627240333\n|switch|p1a: Zazo|Mew|94\/100 tox\n|-damage|p1a: Zazo|82\/100 tox|[from] Stealth Rock\n|turn|21\n|l| MK Jake\n|\n|t:|1627240354\n|move|p1a: Zazo|Thunderbolt|p2a: Celesteela\n|-supereffective|p2a: Celesteela\n|-damage|p2a: Celesteela|0 fnt\n|faint|p2a: Celesteela\n|\n|-heal|p1a: Zazo|88\/100 tox|[from] item: Leftovers\n|-damage|p1a: Zazo|82\/100 tox|[from] psn\n|upkeep\n|l| TG Darkrai\n|\n|t:|1627240426\n|switch|p2a: Pidgeot|Pidgeot, M|100\/100\n|-damage|p2a: Pidgeot|76\/100|[from] Stealth Rock\n|turn|22\n|\n|t:|1627240431\n|switch|p1a: Harris|Aerodactyl-Mega, F|100\/100\n|-damage|p1a: Harris|76\/100|[from] Stealth Rock\n|detailschange|p2a: Pidgeot|Pidgeot-Mega, M\n|-mega|p2a: Pidgeot|Pidgeot|Pidgeotite\n|move|p2a: Pidgeot|Hurricane|p1a: Harris\n|-resisted|p1a: Harris\n|-damage|p1a: Harris|54\/100\n|\n|upkeep\n|turn|23\n|\n|t:|1627240447\n|-activate|p2a: Pidgeot|move: Pursuit\n|move|p1a: Harris|Pursuit|p2a: Pidgeot|[from]Pursuit\n|-damage|p2a: Pidgeot|34\/100\n|switch|p2a: Terrakion|Terrakion|100\/100\n|-damage|p2a: Terrakion|94\/100|[from] Stealth Rock\n|\n|upkeep\n|turn|24\n|\n|t:|1627240476\n|move|p2a: Terrakion|Stone Edge|p1a: Harris\n|-supereffective|p1a: Harris\n|-crit|p1a: Harris\n|-damage|p1a: Harris|0 fnt\n|faint|p1a: Harris\n|\n|upkeep\n|l| TTT Sablo\n|c| AkkiYT|hax\n|c| AkkiYT|who hits\n|\n|t:|1627240569\n|switch|p1a: Alpha|Piloswine, F|71\/100\n|-damage|p1a: Alpha|59\/100|[from] Stealth Rock\n|turn|25\n|l| WillTheRNGLord\n|j| WillTheRNGLord\n|\n|t:|1627240638\n|switch|p2a: Necrozma|Necrozma|30\/100 tox\n|-damage|p2a: Necrozma|18\/100 tox|[from] Stealth Rock\n|move|p1a: Alpha|Earthquake|p2a: Necrozma\n|-damage|p2a: Necrozma|0 fnt\n|faint|p2a: Necrozma\n|\n|upkeep\n|\n|t:|1627240652\n|switch|p2a: Terrakion|Terrakion|94\/100\n|-damage|p2a: Terrakion|88\/100|[from] Stealth Rock\n|turn|26\n|j| TG Darkrai\n|\n|t:|1627240700\n|switch|p1a: Zazo|Mew|82\/100 tox\n|-damage|p1a: Zazo|69\/100 tox|[from] Stealth Rock\n|move|p2a: Terrakion|Close Combat|p1a: Zazo\n|-resisted|p1a: Zazo\n|-damage|p1a: Zazo|39\/100 tox\n|-unboost|p2a: Terrakion|def|1\n|-unboost|p2a: Terrakion|spd|1\n|\n|-heal|p1a: Zazo|45\/100 tox|[from] item: Leftovers\n|-damage|p1a: Zazo|39\/100 tox|[from] psn\n|upkeep\n|turn|27\n|l| WillTheRNGLord\n|j| WillTheRNGLord\n|l| NoCapeMyBazedMango\n|\n|t:|1627240817\n|switch|p2a: Zygarde|Zygarde|100\/100\n|-damage|p2a: Zygarde|94\/100|[from] Stealth Rock\n|-ability|p2a: Zygarde|Aura Break\n|move|p1a: Zazo|Roost|p1a: Zazo\n|-heal|p1a: Zazo|89\/100 tox\n|-singleturn|p1a: Zazo|move: Roost\n|\n|-heal|p1a: Zazo|95\/100 tox|[from] item: Leftovers\n|-damage|p1a: Zazo|83\/100 tox|[from] psn\n|upkeep\n|turn|28\n|l| WillTheRNGLord\n|j| NoCapeMyBazedMango\n|\n|t:|1627240860\n|move|p2a: Zygarde|Dragon Dance|p2a: Zygarde\n|-boost|p2a: Zygarde|atk|1\n|-boost|p2a: Zygarde|spe|1\n|move|p1a: Zazo|Will-O-Wisp|p2a: Zygarde\n|-status|p2a: Zygarde|brn\n|\n|-heal|p1a: Zazo|89\/100 tox|[from] item: Leftovers\n|-damage|p1a: Zazo|70\/100 tox|[from] psn\n|-damage|p2a: Zygarde|88\/100 brn|[from] brn\n|upkeep\n|turn|29\n|\n|t:|1627240874\n|switch|p1a: Alpha|Piloswine, F|59\/100\n|-damage|p1a: Alpha|46\/100|[from] Stealth Rock\n|move|p2a: Zygarde|Coil|p2a: Zygarde\n|-boost|p2a: Zygarde|atk|1\n|-boost|p2a: Zygarde|def|1\n|-boost|p2a: Zygarde|accuracy|1\n|\n|-damage|p2a: Zygarde|82\/100 brn|[from] brn\n|upkeep\n|turn|30\n|\n|t:|1627240900\n|-zpower|p2a: Zygarde\n|move|p2a: Zygarde|Devastating Drake|p1a: Alpha|[zeffect]\n|-damage|p1a: Alpha|14\/100\n|move|p1a: Alpha|Icicle Spear|p2a: Zygarde\n|-supereffective|p2a: Zygarde\n|-damage|p2a: Zygarde|65\/100 brn\n|-supereffective|p2a: Zygarde\n|-damage|p2a: Zygarde|49\/100 brn\n|-supereffective|p2a: Zygarde\n|-damage|p2a: Zygarde|32\/100 brn\n|-supereffective|p2a: Zygarde\n|-damage|p2a: Zygarde|15\/100 brn\n|-supereffective|p2a: Zygarde\n|-damage|p2a: Zygarde|0 fnt\n|faint|p2a: Zygarde\n|-hitcount|p2: Zygarde|5\n|\n|upkeep\n|c| TTT Ves|.\n|c| AkkiYT|big pilo\n|c| Tort6087|hax\n|\n|t:|1627240935\n|switch|p2a: Terrakion|Terrakion|88\/100\n|-damage|p2a: Terrakion|82\/100|[from] Stealth Rock\n|turn|31\n|\n|t:|1627240965\n|move|p1a: Alpha|Ice Shard|p2a: Terrakion\n|-damage|p2a: Terrakion|67\/100\n|move|p2a: Terrakion|Stone Edge|p1a: Alpha\n|-damage|p1a: Alpha|0 fnt\n|faint|p1a: Alpha\n|\n|upkeep\n|\n|t:|1627240969\n|switch|p1a: Akki|Serperior, F|100\/100\n|-damage|p1a: Akki|88\/100|[from] Stealth Rock\n|turn|32\n|\n|t:|1627240972\n|move|p1a: Akki|Grass Knot|p2a: Terrakion\n|-supereffective|p2a: Terrakion\n|-damage|p2a: Terrakion|0 fnt\n|faint|p2a: Terrakion\n|\n|upkeep\n|c|\u2606AsterJ|gg\n|\n|t:|1627240977\n|switch|p2a: Pidgeot|Pidgeot-Mega, M|34\/100\n|-damage|p2a: Pidgeot|9\/100|[from] Stealth Rock\n|turn|33\n|c|\u2606ProfTRICKboard|gg\n|\n|t:|1627240981\n|move|p1a: Akki|Grass Knot|p2a: Pidgeot\n|-resisted|p2a: Pidgeot\n|-damage|p2a: Pidgeot|0 fnt\n|faint|p2a: Pidgeot\n|\n|win|AsterJ\n|l| BC Lukey\n|l| zzzSleepy Snorlax\n|l| NoCapeMyBazedMango\n|l| DoogalHH\n|l| Trick of Odin\n|l| GCS'Conspiracy\n|l| PokeFan4125\n|l| Burrrger\n|l| AkkiYT\n|l| 2013 youtube room\n|l|^The Rissoux\n|l| palkia62\n|l| Illegal Brelooms\n|l| Keep Larping\n|l|^Trickno\n|l| DW5 Epy\n|l| Lemurro\n|l| TTT Ves\n|l| pult61a p\n|l| Blitzburgh\n|j| Blitzburgh\n|l| Blitzburgh\n|l| ROSE Olli\n|j|^mattybrollic\n|l| EGADrifblims\n|l|^mattybrollic\n|l| Count Riario\n","uploadtime":1627240986,"views":175,"p1id":"asterj","p2id":"proftrickboard","formatid":"gen7draftleague","rating":0,"private":0,"password":null}