{"id":"sports-gen8nationaldexdraft-565844","p1":"JAKESTEMMET","p2":"MAVERICK SHOOTERS","format":"gen8nationaldexdraft","log":"|j|\u2606JAKESTEMMET\n|j|\u2606MAVERICK SHOOTERS\n|t:|1641313428\n|gametype|singles\n|player|p1|JAKESTEMMET|jakestemmet.png|\n|player|p2|MAVERICK SHOOTERS|266|\n|teamsize|p1|6\n|teamsize|p2|6\n|gen|8\n|tier|[Gen 8] National Dex Draft\n|rule|Sleep Clause Mod: Limit one foe put to sleep\n|rule|OHKO Clause: OHKO moves are banned\n|rule|Evasion Moves Clause: Evasion moves are banned\n|rule|Endless Battle Clause: Forcing endless battles is banned\n|rule|HP Percentage Mod: HP is shown in percentages\n|rule|Dynamax Clause: You cannot dynamax\n|clearpoke\n|poke|p1|Kyurem|\n|poke|p1|Gliscor, F|\n|poke|p1|Tapu Lele|\n|poke|p1|Toxapex, F|\n|poke|p1|Melmetal|\n|poke|p1|Chansey, F|\n|poke|p2|Aggron, F|\n|poke|p2|Milotic, F|\n|poke|p2|Aromatisse, M|\n|poke|p2|Landorus, M|\n|poke|p2|Zarude|\n|poke|p2|Infernape, F|\n|teampreview\n|html|<button name=\"send\" class=\"button\" value=\"\/timer ds\"><i class=\"fa fa-hourglass-start\"><\/i> DS Timer<\/button> <button name=\"send\" class=\"button\" value=\"\/timer smogon\"><i class=\"fa fa-hourglass-start\"><\/i> Smogon Timer<\/button>\n|j| PorygonTheBot\n|c| PorygonTheBot|y'all suck\n|c|\u2606MAVERICK SHOOTERS|i do indeed\n|c|\u2606JAKESTEMMET|glhf\n|j| pinapple321\n|c|\u2606MAVERICK SHOOTERS|hf :)!\n|j| Bronzooor\n|\n|t:|1641313504\n|start\n|switch|p1a: Gliscor|Gliscor, F|100\/100\n|switch|p2a: Landorus|Landorus, M|100\/100\n|turn|1\n|\n|t:|1641313536\n|move|p2a: Landorus|Psychic|p1a: Gliscor\n|-damage|p1a: Gliscor|52\/100\n|move|p1a: Gliscor|Toxic|p2a: Landorus\n|-status|p2a: Landorus|tox\n|\n|-damage|p2a: Landorus|94\/100 tox|[from] psn\n|-status|p1a: Gliscor|tox|[from] item: Toxic Orb\n|upkeep\n|turn|2\n|\n|t:|1641313604\n|switch|p2a: Aggron|Aggron, F|100\/100\n|switch|p1a: Chansey|Chansey, F|100\/100\n|\n|upkeep\n|turn|3\n|\n|t:|1641313667\n|switch|p1a: Gliscor|Gliscor, F|52\/100 tox\n|detailschange|p2a: Aggron|Aggron-Mega, F\n|-mega|p2a: Aggron|Aggron|Aggronite\n|move|p2a: Aggron|Stealth Rock|p1a: Gliscor\n|-sidestart|p1: JAKESTEMMET|move: Stealth Rock\n|\n|-heal|p1a: Gliscor|64\/100 tox|[from] ability: Poison Heal\n|upkeep\n|turn|4\n|\n|t:|1641313701\n|move|p1a: Gliscor|U-turn|p2a: Aggron\n|-resisted|p2a: Aggron\n|-damage|p2a: Aggron|97\/100\n|\n|t:|1641313717\n|switch|p1a: Toxapex|Toxapex, F|100\/100|[from]move: U-turn\n|-damage|p1a: Toxapex|88\/100|[from] Stealth Rock\n|move|p2a: Aggron|Avalanche|p1a: Toxapex\n|-resisted|p1a: Toxapex\n|-damage|p1a: Toxapex|83\/100\n|\n|-heal|p1a: Toxapex|89\/100|[from] item: Black Sludge\n|upkeep\n|turn|5\n|\n|t:|1641313775\n|switch|p2a: Milotic|Milotic, F|100\/100\n|move|p1a: Toxapex|Toxic|p2a: Milotic\n|-status|p2a: Milotic|tox\n|\n|-heal|p1a: Toxapex|95\/100|[from] item: Black Sludge\n|-damage|p2a: Milotic|94\/100 tox|[from] psn\n|upkeep\n|turn|6\n|c|\u2606MAVERICK SHOOTERS|aight i am fucked \n|c|\u2606MAVERICK SHOOTERS|gg \n|\n|t:|1641313819\n|move|p2a: Milotic|Flip Turn|p1a: Toxapex\n|-resisted|p1a: Toxapex\n|-damage|p1a: Toxapex|91\/100\n|\n|t:|1641313823\n|switch|p2a: Zarude|Zarude|100\/100|[from]move: Flip Turn\n|move|p1a: Toxapex|Scald|p2a: Zarude\n|-resisted|p2a: Zarude\n|-damage|p2a: Zarude|93\/100\n|\n|-heal|p1a: Toxapex|98\/100|[from] item: Black Sludge\n|upkeep\n|turn|7\n|\n|t:|1641313855\n|move|p2a: Zarude|Bulk Up|p2a: Zarude\n|-boost|p2a: Zarude|atk|1\n|-boost|p2a: Zarude|def|1\n|move|p1a: Toxapex|Toxic|p2a: Zarude\n|-status|p2a: Zarude|tox\n|\n|-heal|p1a: Toxapex|100\/100|[from] item: Black Sludge\n|-damage|p2a: Zarude|87\/100 tox|[from] psn\n|upkeep\n|turn|8\n|\n|t:|1641313862\n|move|p2a: Zarude|Jungle Healing|p2a: Zarude\n|-heal|p2a: Zarude|100\/100 tox\n|-curestatus|p2a: Zarude|tox|[msg]\n|move|p1a: Toxapex|Haze|p1a: Toxapex\n|-clearallboost\n|\n|upkeep\n|turn|9\n|j| The Master Update\n|j| Meeto\n|\n|t:|1641313902\n|move|p2a: Zarude|Bulk Up|p2a: Zarude\n|-boost|p2a: Zarude|atk|1\n|-boost|p2a: Zarude|def|1\n|move|p1a: Toxapex|Toxic|p2a: Zarude\n|-status|p2a: Zarude|tox\n|\n|-damage|p2a: Zarude|94\/100 tox|[from] psn\n|upkeep\n|turn|10\n|\n|t:|1641313917\n|move|p2a: Zarude|Darkest Lariat|p1a: Toxapex\n|-damage|p1a: Toxapex|60\/100\n|move|p1a: Toxapex|Haze|p1a: Toxapex\n|-clearallboost\n|\n|-heal|p1a: Toxapex|66\/100|[from] item: Black Sludge\n|-damage|p2a: Zarude|82\/100 tox|[from] psn\n|upkeep\n|turn|11\n|\n|t:|1641313926\n|switch|p1a: Tapu Lele|Tapu Lele|100\/100\n|-damage|p1a: Tapu Lele|88\/100|[from] Stealth Rock\n|-fieldstart|move: Psychic Terrain|[from] ability: Psychic Surge|[of] p1a: Tapu Lele\n|move|p2a: Zarude|Darkest Lariat|p1a: Tapu Lele\n|-damage|p1a: Tapu Lele|29\/100\n|\n|-damage|p2a: Zarude|64\/100 tox|[from] psn\n|upkeep\n|turn|12\n|\n|t:|1641313951\n|switch|p2a: Aromatisse|Aromatisse, M|100\/100\n|move|p1a: Tapu Lele|Moonblast|p2a: Aromatisse\n|-damage|p2a: Aromatisse|66\/100\n|-unboost|p2a: Aromatisse|spa|1\n|\n|-heal|p2a: Aromatisse|72\/100|[from] item: Leftovers\n|upkeep\n|turn|13\n|\n|t:|1641313980\n|switch|p1a: Melmetal|Melmetal|100\/100\n|-damage|p1a: Melmetal|94\/100|[from] Stealth Rock\n|move|p2a: Aromatisse|Wish|p2a: Aromatisse\n|\n|-heal|p2a: Aromatisse|78\/100|[from] item: Leftovers\n|upkeep\n|turn|14\n|\n|t:|1641314009\n|switch|p2a: Milotic|Milotic, F|94\/100 tox\n|move|p1a: Melmetal|Thunder Punch|p2a: Milotic\n|-supereffective|p2a: Milotic\n|-damage|p2a: Milotic|61\/100 tox\n|\n|-heal|p2a: Milotic|100\/100 tox|[from] move: Wish|[wisher] Aromatisse\n|-damage|p2a: Milotic|94\/100 tox|[from] psn\n|upkeep\n|turn|15\n|j| Major_Mistake32\n|\n|t:|1641314075\n|switch|p1a: Chansey|Chansey, F|100\/100\n|-damage|p1a: Chansey|88\/100|[from] Stealth Rock\n|move|p2a: Milotic|Flip Turn|p1a: Chansey\n|-damage|p1a: Chansey|80\/100\n|\n|t:|1641314094\n|switch|p2a: Zarude|Zarude|64\/100 tox|[from]move: Flip Turn\n|\n|-damage|p2a: Zarude|57\/100 tox|[from] psn\n|-fieldend|move: Psychic Terrain\n|upkeep\n|turn|16\n|\n|t:|1641314108\n|move|p2a: Zarude|Jungle Healing|p2a: Zarude\n|-heal|p2a: Zarude|82\/100 tox\n|-curestatus|p2a: Zarude|tox|[msg]\n|move|p1a: Chansey|Stealth Rock|p2a: Zarude\n|-sidestart|p2: MAVERICK SHOOTERS|move: Stealth Rock\n|\n|upkeep\n|turn|17\n|\n|t:|1641314149\n|switch|p1a: Toxapex|Toxapex, F|99\/100\n|-damage|p1a: Toxapex|87\/100|[from] Stealth Rock\n|move|p2a: Zarude|Bulk Up|p2a: Zarude\n|-boost|p2a: Zarude|atk|1\n|-boost|p2a: Zarude|def|1\n|\n|-heal|p1a: Toxapex|93\/100|[from] item: Black Sludge\n|upkeep\n|turn|18\n|\n|t:|1641314186\n|move|p2a: Zarude|Darkest Lariat|p1a: Toxapex\n|-damage|p1a: Toxapex|55\/100\n|move|p1a: Toxapex|Haze|p1a: Toxapex\n|-clearallboost\n|\n|-heal|p1a: Toxapex|62\/100|[from] item: Black Sludge\n|upkeep\n|turn|19\n|\n|t:|1641314204\n|move|p2a: Zarude|Darkest Lariat|p1a: Toxapex\n|-damage|p1a: Toxapex|39\/100\n|move|p1a: Toxapex|Scald|p2a: Zarude\n|-resisted|p2a: Zarude\n|-damage|p2a: Zarude|75\/100\n|\n|-heal|p1a: Toxapex|45\/100|[from] item: Black Sludge\n|upkeep\n|turn|20\n|\n|t:|1641314213\n|move|p2a: Zarude|Bulk Up|p2a: Zarude\n|-boost|p2a: Zarude|atk|1\n|-boost|p2a: Zarude|def|1\n|move|p1a: Toxapex|Recover|p1a: Toxapex\n|-heal|p1a: Toxapex|95\/100\n|\n|-heal|p1a: Toxapex|100\/100|[from] item: Black Sludge\n|upkeep\n|turn|21\n|\n|t:|1641314218\n|move|p2a: Zarude|Darkest Lariat|p1a: Toxapex\n|-damage|p1a: Toxapex|61\/100\n|move|p1a: Toxapex|Haze|p1a: Toxapex\n|-clearallboost\n|\n|-heal|p1a: Toxapex|67\/100|[from] item: Black Sludge\n|upkeep\n|turn|22\n|\n|t:|1641314250\n|move|p2a: Zarude|Bulk Up|p2a: Zarude\n|-boost|p2a: Zarude|atk|1\n|-boost|p2a: Zarude|def|1\n|move|p1a: Toxapex|Toxic|p2a: Zarude\n|-status|p2a: Zarude|tox\n|\n|-heal|p1a: Toxapex|73\/100|[from] item: Black Sludge\n|-damage|p2a: Zarude|69\/100 tox|[from] psn\n|upkeep\n|turn|23\n|\n|t:|1641314281\n|move|p2a: Zarude|Darkest Lariat|p1a: Toxapex\n|-damage|p1a: Toxapex|34\/100\n|move|p1a: Toxapex|Recover|p1a: Toxapex\n|-heal|p1a: Toxapex|84\/100\n|\n|-heal|p1a: Toxapex|90\/100|[from] item: Black Sludge\n|-damage|p2a: Zarude|56\/100 tox|[from] psn\n|upkeep\n|turn|24\n|\n|t:|1641314299\n|move|p2a: Zarude|Jungle Healing|p2a: Zarude\n|-heal|p2a: Zarude|81\/100 tox\n|-curestatus|p2a: Zarude|tox|[msg]\n|move|p1a: Toxapex|Haze|p1a: Toxapex\n|-clearallboost\n|\n|-heal|p1a: Toxapex|96\/100|[from] item: Black Sludge\n|upkeep\n|turn|25\n|c| The Master Update|so I'm going to go ahead and say jake gets the glacier badge\n|c|\u2606MAVERICK SHOOTERS|whats glacier badge for \n|\n|t:|1641314319\n|move|p2a: Zarude|Bulk Up|p2a: Zarude\n|-boost|p2a: Zarude|atk|1\n|-boost|p2a: Zarude|def|1\n|move|p1a: Toxapex|Scald|p2a: Zarude\n|-resisted|p2a: Zarude\n|-damage|p2a: Zarude|73\/100\n|\n|-heal|p1a: Toxapex|100\/100|[from] item: Black Sludge\n|upkeep\n|turn|26\n|c| The Master Update|either 50 or 100+ turns\n|c|\u2606MAVERICK SHOOTERS|this gonna be the first 6-0 of the season as well\n|\n|t:|1641314344\n|switch|p2a: Landorus|Landorus, M|94\/100 tox\n|-damage|p2a: Landorus|82\/100 tox|[from] Stealth Rock\n|move|p1a: Toxapex|Toxic|p2a: Landorus\n|-fail|p2a: Landorus|tox\n|\n|-damage|p2a: Landorus|76\/100 tox|[from] psn\n|upkeep\n|turn|27\n|\n|t:|1641314361\n|switch|p1a: Melmetal|Melmetal|94\/100\n|-damage|p1a: Melmetal|88\/100|[from] Stealth Rock\n|move|p2a: Landorus|Knock Off|p1a: Melmetal\n|-damage|p1a: Melmetal|70\/100\n|-enditem|p1a: Melmetal|Assault Vest|[from] move: Knock Off|[of] p2a: Landorus\n|-damage|p2a: Landorus|66\/100 tox|[from] item: Life Orb\n|\n|-damage|p2a: Landorus|54\/100 tox|[from] psn\n|upkeep\n|turn|28\n|\n|t:|1641314467\n|switch|p1a: Gliscor|Gliscor, F|64\/100 tox\n|-damage|p1a: Gliscor|52\/100 tox|[from] Stealth Rock\n|move|p2a: Landorus|Earth Power|p1a: Gliscor\n|-immune|p1a: Gliscor\n|\n|-damage|p2a: Landorus|36\/100 tox|[from] psn\n|-heal|p1a: Gliscor|64\/100 tox|[from] ability: Poison Heal\n|upkeep\n|turn|29\n|c|\u2606MAVERICK SHOOTERS|wait orange why wont i get the glacier badge as well\n|c| The Master Update|you wont win\n|\n|t:|1641314478\n|switch|p2a: Aromatisse|Aromatisse, M|78\/100\n|-damage|p2a: Aromatisse|66\/100|[from] Stealth Rock\n|move|p1a: Gliscor|Roost|p1a: Gliscor\n|-heal|p1a: Gliscor|100\/100 tox\n|-singleturn|p1a: Gliscor|move: Roost\n|\n|-heal|p2a: Aromatisse|72\/100|[from] item: Leftovers\n|upkeep\n|turn|30\n|c|\u2606MAVERICK SHOOTERS|i c \n|\n|t:|1641314486\n|move|p1a: Gliscor|Toxic|p2a: Aromatisse\n|-status|p2a: Aromatisse|tox\n|move|p2a: Aromatisse|Wish|p2a: Aromatisse\n|\n|-heal|p2a: Aromatisse|78\/100 tox|[from] item: Leftovers\n|-damage|p2a: Aromatisse|72\/100 tox|[from] psn\n|upkeep\n|turn|31\n|\n|t:|1641314503\n|switch|p2a: Landorus|Landorus, M|36\/100 tox\n|-damage|p2a: Landorus|23\/100 tox|[from] Stealth Rock\n|move|p1a: Gliscor|U-turn|p2a: Landorus\n|-resisted|p2a: Landorus\n|-damage|p2a: Landorus|14\/100 tox\n|\n|t:|1641314532\n|switch|p1a: Tapu Lele|Tapu Lele|29\/100|[from]move: U-turn\n|-damage|p1a: Tapu Lele|17\/100|[from] Stealth Rock\n|-fieldstart|move: Psychic Terrain|[from] ability: Psychic Surge|[of] p1a: Tapu Lele\n|\n|-heal|p2a: Landorus|76\/100 tox|[from] move: Wish|[wisher] Aromatisse\n|-damage|p2a: Landorus|69\/100 tox|[from] psn\n|upkeep\n|turn|32\n|\n|t:|1641314612\n|switch|p2a: Aggron|Aggron-Mega, F|97\/100\n|-damage|p2a: Aggron|91\/100|[from] Stealth Rock\n|move|p1a: Tapu Lele|Focus Blast|p2a: Aggron\n|-supereffective|p2a: Aggron\n|-damage|p2a: Aggron|37\/100\n|\n|upkeep\n|turn|33\n|c|\u2606MAVERICK SHOOTERS|u aint gonna hit the next one \n|c|\u2606JAKESTEMMET|lmao\n|c|\u2606JAKESTEMMET|i know\n|c| The Master Update|Jake planned for this\n|c| The Master Update|i just know he did\n|\n|t:|1641314658\n|switch|p1a: Melmetal|Melmetal|70\/100\n|-damage|p1a: Melmetal|64\/100|[from] Stealth Rock\n|switch|p2a: Aromatisse|Aromatisse, M|72\/100 tox\n|-damage|p2a: Aromatisse|60\/100 tox|[from] Stealth Rock\n|\n|-heal|p2a: Aromatisse|66\/100 tox|[from] item: Leftovers\n|-damage|p2a: Aromatisse|60\/100 tox|[from] psn\n|upkeep\n|turn|34\n|c|\u2606MAVERICK SHOOTERS|imagine needing to plan for a 99-1 mu \n|\n|t:|1641314681\n|switch|p2a: Milotic|Milotic, F|94\/100 tox\n|-damage|p2a: Milotic|82\/100 tox|[from] Stealth Rock\n|move|p1a: Melmetal|Double Iron Bash|p2a: Milotic\n|-resisted|p2a: Milotic\n|-damage|p2a: Milotic|71\/100 tox\n|-resisted|p2a: Milotic\n|-damage|p2a: Milotic|60\/100 tox\n|-hitcount|p2a: Milotic|2\n|\n|-damage|p2a: Milotic|54\/100 tox|[from] psn\n|upkeep\n|turn|35\n|\n|t:|1641314714\n|move|p2a: Milotic|Recover|p2a: Milotic\n|-heal|p2a: Milotic|100\/100 tox\n|move|p1a: Melmetal|Double Iron Bash|p2a: Milotic\n|-resisted|p2a: Milotic\n|-damage|p2a: Milotic|89\/100 tox\n|-resisted|p2a: Milotic\n|-damage|p2a: Milotic|79\/100 tox\n|-hitcount|p2a: Milotic|2\n|\n|-damage|p2a: Milotic|66\/100 tox|[from] psn\n|-fieldend|move: Psychic Terrain\n|upkeep\n|turn|36\n|j| Amerillo\n|\n|t:|1641314766\n|move|p2a: Milotic|Scald|p1a: Melmetal\n|-damage|p1a: Melmetal|36\/100\n|move|p1a: Melmetal|Thunder Punch|p2a: Milotic\n|-supereffective|p2a: Milotic\n|-damage|p2a: Milotic|30\/100 tox\n|\n|-damage|p2a: Milotic|12\/100 tox|[from] psn\n|upkeep\n|turn|37\n|\n|t:|1641314779\n|move|p2a: Milotic|Recover|p2a: Milotic\n|-heal|p2a: Milotic|62\/100 tox\n|move|p1a: Melmetal|Thunder Punch|p2a: Milotic\n|-supereffective|p2a: Milotic\n|-damage|p2a: Milotic|26\/100 tox\n|\n|-damage|p2a: Milotic|1\/100 tox|[from] psn\n|upkeep\n|turn|38\n|\n|t:|1641314797\n|switch|p1a: Chansey|Chansey, F|80\/100\n|-damage|p1a: Chansey|68\/100|[from] Stealth Rock\n|move|p2a: Milotic|Scald|p1a: Chansey\n|-damage|p1a: Chansey|60\/100\n|-status|p1a: Chansey|brn\n|\n|-damage|p2a: Milotic|0 fnt|[from] psn\n|faint|p2a: Milotic\n|-damage|p1a: Chansey|54\/100 brn|[from] brn\n|upkeep\n|\n|t:|1641314817\n|switch|p2a: Aromatisse|Aromatisse, M|60\/100 tox\n|-damage|p2a: Aromatisse|47\/100 tox|[from] Stealth Rock\n|turn|39\n|\n|t:|1641314852\n|move|p2a: Aromatisse|Wish|p2a: Aromatisse\n|move|p1a: Chansey|Teleport|p1a: Chansey\n|j| this is kylar\n|l| Meeto\n|\n|t:|1641314955\n|-curestatus|p1a: Chansey|brn|[from] ability: Natural Cure\n|switch|p1a: Kyurem|Kyurem|100\/100|[from]move: Teleport\n|-damage|p1a: Kyurem|76\/100|[from] Stealth Rock\n|-ability|p1a: Kyurem|Pressure\n|\n|-heal|p2a: Aromatisse|53\/100 tox|[from] item: Leftovers\n|-damage|p2a: Aromatisse|47\/100 tox|[from] psn\n|upkeep\n|turn|40\n|\n|t:|1641314970\n|move|p2a: Aromatisse|Protect|p2a: Aromatisse\n|-singleturn|p2a: Aromatisse|Protect\n|move|p1a: Kyurem|Ice Beam|p2a: Aromatisse\n|-activate|p2a: Aromatisse|move: Protect\n|\n|-heal|p2a: Aromatisse|97\/100 tox|[from] move: Wish|[wisher] Aromatisse\n|-heal|p2a: Aromatisse|100\/100 tox|[from] item: Leftovers\n|-damage|p2a: Aromatisse|88\/100 tox|[from] psn\n|upkeep\n|turn|41\n|\n|t:|1641314983\n|move|p1a: Kyurem|Ice Beam|p2a: Aromatisse\n|-damage|p2a: Aromatisse|37\/100 tox\n|move|p2a: Aromatisse|Moonblast|p1a: Kyurem\n|-supereffective|p1a: Kyurem\n|-damage|p1a: Kyurem|24\/100\n|-unboost|p1a: Kyurem|spa|1\n|\n|-heal|p2a: Aromatisse|43\/100 tox|[from] item: Leftovers\n|-damage|p2a: Aromatisse|24\/100 tox|[from] psn\n|upkeep\n|turn|42\n|\n|t:|1641315046\n|move|p2a: Aromatisse|Protect|p2a: Aromatisse\n|-singleturn|p2a: Aromatisse|Protect\n|move|p1a: Kyurem|Ice Beam|p2a: Aromatisse\n|-activate|p2a: Aromatisse|move: Protect\n|\n|-heal|p2a: Aromatisse|31\/100 tox|[from] item: Leftovers\n|-damage|p2a: Aromatisse|6\/100 tox|[from] psn\n|upkeep\n|turn|43\n|\n|t:|1641315054\n|move|p1a: Kyurem|Ice Beam|p2a: Aromatisse\n|-damage|p2a: Aromatisse|0 fnt\n|faint|p2a: Aromatisse\n|\n|upkeep\n|\n|t:|1641315075\n|switch|p2a: Landorus|Landorus, M|69\/100 tox\n|-damage|p2a: Landorus|57\/100 tox|[from] Stealth Rock\n|turn|44\n|\n|t:|1641315081\n|move|p2a: Landorus|Psychic|p1a: Kyurem\n|-crit|p1a: Kyurem\n|-damage|p1a: Kyurem|0 fnt\n|faint|p1a: Kyurem\n|\n|-damage|p2a: Landorus|51\/100 tox|[from] psn\n|upkeep\n|c|\u2606MAVERICK SHOOTERS|OMG I GOT A KILL\n|c|\u2606MAVERICK SHOOTERS|this is indeed a poggers moment \n|c| Amerillo|:jamcat: \n|c|\u2606MAVERICK SHOOTERS|:catJam:\n|c| this is kylar|lol\n|c| Amerillo|Im not very smart \n|\n|t:|1641315123\n|switch|p1a: Tapu Lele|Tapu Lele|17\/100\n|-damage|p1a: Tapu Lele|4\/100|[from] Stealth Rock\n|-fieldstart|move: Psychic Terrain|[from] ability: Psychic Surge|[of] p1a: Tapu Lele\n|turn|45\n|c|\u2606MAVERICK SHOOTERS|not getting 6-0d is enough for me in this mu \n|\n|t:|1641315147\n|move|p1a: Tapu Lele|Moonblast|p2a: Landorus\n|-damage|p2a: Landorus|0 fnt\n|faint|p2a: Landorus\n|\n|upkeep\n|\n|t:|1641315153\n|switch|p2a: Aggron|Aggron-Mega, F|37\/100\n|-damage|p2a: Aggron|31\/100|[from] Stealth Rock\n|turn|46\n|\n|t:|1641315159\n|move|p1a: Tapu Lele|Moonblast|p2a: Aggron\n|-resisted|p2a: Aggron\n|-damage|p2a: Aggron|10\/100\n|-unboost|p2a: Aggron|spa|1\n|move|p2a: Aggron|Heavy Slam|p1a: Tapu Lele\n|-supereffective|p1a: Tapu Lele\n|-damage|p1a: Tapu Lele|0 fnt\n|faint|p1a: Tapu Lele\n|\n|upkeep\n|c| this is kylar|omg\n|c|\u2606MAVERICK SHOOTERS|le pog \n|\n|t:|1641315175\n|switch|p1a: Gliscor|Gliscor, F|100\/100 tox\n|-damage|p1a: Gliscor|88\/100 tox|[from] Stealth Rock\n|turn|47\n|j| Lukatsukio\n|c| Amerillo|Maybe ape escape will pull through \n|j| rooopos\n|\n|t:|1641315215\n|move|p1a: Gliscor|Earthquake|p2a: Aggron\n|-supereffective|p2a: Aggron\n|-damage|p2a: Aggron|0 fnt\n|faint|p2a: Aggron\n|\n|-heal|p1a: Gliscor|100\/100 tox|[from] ability: Poison Heal\n|upkeep\n|\n|t:|1641315223\n|switch|p2a: Zarude|Zarude|73\/100\n|-damage|p2a: Zarude|61\/100|[from] Stealth Rock\n|turn|48\n|\n|t:|1641315237\n|move|p2a: Zarude|Darkest Lariat|p1a: Gliscor\n|-damage|p1a: Gliscor|72\/100 tox\n|move|p1a: Gliscor|U-turn|p2a: Zarude\n|-supereffective|p2a: Zarude\n|-crit|p2a: Zarude\n|-damage|p2a: Zarude|0 fnt\n|faint|p2a: Zarude\n|\n|t:|1641315244\n|switch|p1a: Toxapex|Toxapex, F|100\/100|[from]move: U-turn\n|-damage|p1a: Toxapex|88\/100|[from] Stealth Rock\n|\n|-heal|p1a: Toxapex|94\/100|[from] item: Black Sludge\n|upkeep\n|\n|t:|1641315259\n|switch|p2a: Infernape|Infernape, F|100\/100\n|-damage|p2a: Infernape|88\/100|[from] Stealth Rock\n|turn|49\n|\n|t:|1641315274\n|move|p2a: Infernape|Taunt|p1a: Toxapex\n|-start|p1a: Toxapex|move: Taunt\n|cant|p1a: Toxapex|move: Taunt|Haze\n|\n|-heal|p1a: Toxapex|100\/100|[from] item: Black Sludge\n|-fieldend|move: Psychic Terrain\n|upkeep\n|turn|50\n|c|\u2606MAVERICK SHOOTERS|now watch this bullshittery \n|\n|t:|1641315281\n|move|p2a: Infernape|Calm Mind|p2a: Infernape\n|-boost|p2a: Infernape|spa|1\n|-boost|p2a: Infernape|spd|1\n|move|p1a: Toxapex|Scald|p2a: Infernape\n|-supereffective|p2a: Infernape\n|-damage|p2a: Infernape|61\/100\n|-enditem|p2a: Infernape|Weakness Policy\n|-boost|p2a: Infernape|atk|2|[from] item: Weakness Policy\n|-boost|p2a: Infernape|spa|2|[from] item: Weakness Policy\n|\n|upkeep\n|turn|51\n|c| The Master Update|I CALLED IT\n|c| Amerillo|And there it is \n|c|\u2606MAVERICK SHOOTERS|i would like to thank prison for this \n|c| this is kylar|reverse sweep???\n|\n|t:|1641315308\n|move|p2a: Infernape|Calm Mind|p2a: Infernape\n|-boost|p2a: Infernape|spa|1\n|-boost|p2a: Infernape|spd|1\n|move|p1a: Toxapex|Scald|p2a: Infernape\n|-supereffective|p2a: Infernape\n|-damage|p2a: Infernape|41\/100\n|\n|-end|p1a: Toxapex|move: Taunt\n|upkeep\n|turn|52\n|c|\u2606MAVERICK SHOOTERS|dont crit and we good \n|\n|t:|1641315332\n|move|p2a: Infernape|Taunt|p1a: Toxapex\n|-start|p1a: Toxapex|move: Taunt\n|move|p1a: Toxapex|Scald|p2a: Infernape\n|-supereffective|p2a: Infernape\n|-damage|p2a: Infernape|21\/100\n|\n|upkeep\n|turn|53\n|\n|t:|1641315345\n|move|p2a: Infernape|Slack Off|p2a: Infernape\n|-heal|p2a: Infernape|71\/100\n|move|p1a: Toxapex|Scald|p2a: Infernape\n|-supereffective|p2a: Infernape\n|-damage|p2a: Infernape|49\/100\n|\n|upkeep\n|turn|54\n|\n|t:|1641315353\n|move|p2a: Infernape|Slack Off|p2a: Infernape\n|-heal|p2a: Infernape|99\/100\n|move|p1a: Toxapex|Scald|p2a: Infernape\n|-supereffective|p2a: Infernape\n|-damage|p2a: Infernape|77\/100\n|\n|-end|p1a: Toxapex|move: Taunt\n|upkeep\n|turn|55\n|\n|t:|1641315364\n|move|p2a: Infernape|Taunt|p1a: Toxapex\n|-start|p1a: Toxapex|move: Taunt\n|move|p1a: Toxapex|Scald|p2a: Infernape\n|-supereffective|p2a: Infernape\n|-damage|p2a: Infernape|57\/100\n|\n|upkeep\n|turn|56\n|\n|t:|1641315372\n|move|p2a: Infernape|Calm Mind|p2a: Infernape\n|-boost|p2a: Infernape|spa|1\n|-boost|p2a: Infernape|spd|1\n|move|p1a: Toxapex|Scald|p2a: Infernape\n|-supereffective|p2a: Infernape\n|-damage|p2a: Infernape|42\/100\n|\n|upkeep\n|turn|57\n|\n|t:|1641315379\n|move|p2a: Infernape|Slack Off|p2a: Infernape\n|-heal|p2a: Infernape|92\/100\n|move|p1a: Toxapex|Scald|p2a: Infernape\n|-supereffective|p2a: Infernape\n|-damage|p2a: Infernape|74\/100\n|\n|-end|p1a: Toxapex|move: Taunt\n|upkeep\n|turn|58\n|\n|t:|1641315389\n|move|p2a: Infernape|Taunt|p1a: Toxapex\n|-start|p1a: Toxapex|move: Taunt\n|cant|p1a: Toxapex|move: Taunt|Haze\n|\n|upkeep\n|turn|59\n|\n|t:|1641315394\n|move|p2a: Infernape|Calm Mind|p2a: Infernape\n|-boost|p2a: Infernape|spa|1\n|-boost|p2a: Infernape|spd|1\n|move|p1a: Toxapex|Scald|p2a: Infernape\n|-supereffective|p2a: Infernape\n|-damage|p2a: Infernape|60\/100\n|\n|upkeep\n|turn|60\n|c|\u2606MAVERICK SHOOTERS|pls just dont crit no matter what \n|\n|t:|1641315418\n|move|p2a: Infernape|Slack Off|p2a: Infernape\n|-heal|p2a: Infernape|100\/100\n|move|p1a: Toxapex|Scald|p2a: Infernape\n|-supereffective|p2a: Infernape\n|-damage|p2a: Infernape|85\/100\n|\n|-end|p1a: Toxapex|move: Taunt\n|upkeep\n|turn|61\n|\n|t:|1641315432\n|move|p2a: Infernape|Taunt|p1a: Toxapex\n|-start|p1a: Toxapex|move: Taunt\n|move|p1a: Toxapex|Scald|p2a: Infernape\n|-supereffective|p2a: Infernape\n|-damage|p2a: Infernape|72\/100\n|\n|upkeep\n|turn|62\n|\n|t:|1641315448\n|move|p2a: Infernape|Flamethrower|p1a: Toxapex\n|-resisted|p1a: Toxapex\n|-damage|p1a: Toxapex|48\/100\n|move|p1a: Toxapex|Scald|p2a: Infernape\n|-supereffective|p2a: Infernape\n|-damage|p2a: Infernape|57\/100\n|\n|-heal|p1a: Toxapex|54\/100|[from] item: Black Sludge\n|upkeep\n|turn|63\n|\n|t:|1641315457\n|move|p2a: Infernape|Slack Off|p2a: Infernape\n|-heal|p2a: Infernape|100\/100\n|move|p1a: Toxapex|Scald|p2a: Infernape\n|-supereffective|p2a: Infernape\n|-damage|p2a: Infernape|86\/100\n|\n|-heal|p1a: Toxapex|60\/100|[from] item: Black Sludge\n|-end|p1a: Toxapex|move: Taunt\n|upkeep\n|turn|64\n|\n|t:|1641315464\n|move|p2a: Infernape|Taunt|p1a: Toxapex\n|-start|p1a: Toxapex|move: Taunt\n|move|p1a: Toxapex|Scald|p2a: Infernape\n|-supereffective|p2a: Infernape\n|-damage|p2a: Infernape|72\/100\n|\n|-heal|p1a: Toxapex|67\/100|[from] item: Black Sludge\n|upkeep\n|turn|65\n|\n|t:|1641315480\n|move|p2a: Infernape|Flamethrower|p1a: Toxapex\n|-resisted|p1a: Toxapex\n|-damage|p1a: Toxapex|17\/100\n|move|p1a: Toxapex|Scald|p2a: Infernape\n|-supereffective|p2a: Infernape\n|-damage|p2a: Infernape|57\/100\n|\n|-heal|p1a: Toxapex|23\/100|[from] item: Black Sludge\n|upkeep\n|turn|66\n|\n|t:|1641315491\n|move|p2a: Infernape|Flamethrower|p1a: Toxapex\n|-resisted|p1a: Toxapex\n|-damage|p1a: Toxapex|0 fnt\n|faint|p1a: Toxapex\n|\n|upkeep\n|\n|t:|1641315524\n|switch|p1a: Chansey|Chansey, F|54\/100\n|-damage|p1a: Chansey|41\/100|[from] Stealth Rock\n|turn|67\n|\n|t:|1641315534\n|move|p2a: Infernape|Taunt|p1a: Chansey\n|-start|p1a: Chansey|move: Taunt\n|cant|p1a: Chansey|move: Taunt|Soft-Boiled\n|\n|upkeep\n|turn|68\n|\n|t:|1641315542\n|move|p2a: Infernape|Flamethrower|p1a: Chansey\n|-crit|p1a: Chansey\n|-damage|p1a: Chansey|0 fnt\n|faint|p1a: Chansey\n|\n|upkeep\n|c|\u2606MAVERICK SHOOTERS|and that is GG\n|c|\u2606MAVERICK SHOOTERS|LOL\n|c|\u2606JAKESTEMMET|gg\n|l| this is kylar\n|\n|t:|1641315552\n|switch|p1a: Melmetal|Melmetal|36\/100\n|-damage|p1a: Melmetal|30\/100|[from] Stealth Rock\n|turn|69\n|c|\u2606MAVERICK SHOOTERS|HOW DID I PULL THIS ONE \n|c|\u2606MAVERICK SHOOTERS|PRISON IS GOATED\n|\n|t:|1641315557\n|move|p2a: Infernape|Flamethrower|p1a: Melmetal\n|-supereffective|p1a: Melmetal\n|-damage|p1a: Melmetal|0 fnt\n|faint|p1a: Melmetal\n|\n|upkeep\n|\n|t:|1641315560\n|switch|p1a: Gliscor|Gliscor, F|72\/100 tox\n|-damage|p1a: Gliscor|60\/100 tox|[from] Stealth Rock\n|turn|70\n|l| Major_Mistake32\n|c|\u2606MAVERICK SHOOTERS|hey orange so about that glacier badge u were talking about \n|c|\u2606MAVERICK SHOOTERS|who was gonna get it \n|c|\u2606MAVERICK SHOOTERS|:catJam:\n|\n|t:|1641315575\n|move|p2a: Infernape|Flamethrower|p1a: Gliscor\n|-damage|p1a: Gliscor|0 fnt\n|faint|p1a: Gliscor\n|\n|win|MAVERICK SHOOTERS\n|l| PorygonTheBot\n|c| The Master Update|that would be you\n|l|\u2606JAKESTEMMET\n|l| The Master Update\n|c| Amerillo|U used a fire move. So not u \n|j| this is kylar\n|c| Amerillo|Gg\n|l| Bronzooor\n|c|\u2606MAVERICK SHOOTERS|lol\n|c| this is kylar|wtf mav u gg'd turn 6\n|c| this is kylar|lmao\n","uploadtime":1641315576,"views":96,"p1id":"jakestemmet","p2id":"maverickshooters","formatid":"gen8nationaldexdraft","rating":0,"private":0,"password":null}