{"id":"sports-gen8nationaldexlegacy-726059","p1":"Heliolisk=GOAT","p2":"rooopos","format":"gen8nationaldexlegacy","log":"|j|\u2606Heliolisk=GOAT\n|j|\u2606rooopos\n|t:|1663087110\n|gametype|singles\n|player|p1|Heliolisk=GOAT|linebacker|\n|player|p2|rooopos|101|\n|teamsize|p1|6\n|teamsize|p2|6\n|gen|8\n|tier|[Gen 8] National Dex Legacy\n|rule|Sleep Clause Mod: Limit one foe put to sleep\n|rule|OHKO Clause: OHKO moves are banned\n|rule|Evasion Moves Clause: Evasion moves are banned\n|rule|Endless Battle Clause: Forcing endless battles is banned\n|rule|HP Percentage Mod: HP is shown in percentages\n|rule|Dynamax Clause: You cannot dynamax\n|clearpoke\n|poke|p1|Sneasel, F|\n|poke|p1|Landorus, M|\n|poke|p1|Vaporeon, M|\n|poke|p1|Charizard, F|\n|poke|p1|Heliolisk, M|\n|poke|p1|Kartana|\n|poke|p2|Cinderace, M|\n|poke|p2|Primarina, F|\n|poke|p2|Zapdos|\n|poke|p2|Scizor, M|\n|poke|p2|Dragapult, M|\n|poke|p2|Donphan, M|\n|teampreview\n|html|<button name=\"send\" class=\"button\" value=\"\/timer ds\"><i class=\"fa fa-hourglass-start\"><\/i> DS Timer<\/button> <button name=\"send\" class=\"button\" value=\"\/timer smogon\"><i class=\"fa fa-hourglass-start\"><\/i> Smogon Timer<\/button>\n|c|\u2606Heliolisk=GOAT|glhf\n|c|\u2606rooopos|u2\n|j| CG12\n|c| CG12|good luck to you both!\n|c|\u2606rooopos|ty\n|c|\u2606Heliolisk=GOAT|ty\n|\n|t:|1663087197\n|start\n|switch|p1a: Landorus|Landorus, M|100\/100\n|switch|p2a: Dragapult|Dragapult, M|100\/100\n|turn|1\n|\n|t:|1663087233\n|switch|p2a: Scizor|Scizor, M|100\/100\n|move|p1a: Landorus|Stealth Rock|p2a: Scizor\n|-sidestart|p2: rooopos|move: Stealth Rock\n|\n|upkeep\n|turn|2\n|\n|t:|1663087265\n|switch|p2a: Donphan|Donphan, M|100\/100\n|-damage|p2a: Donphan|94\/100|[from] Stealth Rock\n|move|p1a: Landorus|Earth Power|p2a: Donphan\n|-damage|p2a: Donphan|48\/100\n|\n|-heal|p2a: Donphan|54\/100|[from] item: Leftovers\n|upkeep\n|turn|3\n|\n|t:|1663087286\n|switch|p1a: Vaporeon|Vaporeon, M|100\/100\n|switch|p2a: Primarina|Primarina, F|100\/100\n|-damage|p2a: Primarina|88\/100|[from] Stealth Rock\n|\n|upkeep\n|turn|4\n|\n|t:|1663087293\n|switch|p2a: Zapdos|Zapdos|100\/100\n|move|p1a: Vaporeon|Toxic|p2a: Zapdos\n|-status|p2a: Zapdos|tox\n|\n|-damage|p2a: Zapdos|94\/100 tox|[from] psn\n|upkeep\n|turn|5\n|\n|t:|1663087308\n|move|p1a: Vaporeon|Protect|p1a: Vaporeon\n|-singleturn|p1a: Vaporeon|Protect\n|move|p2a: Zapdos|U-turn|p1a: Vaporeon\n|-activate|p1a: Vaporeon|move: Protect\n|\n|-damage|p2a: Zapdos|82\/100 tox|[from] psn\n|upkeep\n|turn|6\n|\n|t:|1663087318\n|switch|p1a: Landorus|Landorus, M|100\/100\n|move|p2a: Zapdos|U-turn|p1a: Landorus\n|-resisted|p1a: Landorus\n|-damage|p1a: Landorus|94\/100\n|\n|t:|1663087331\n|switch|p2a: Dragapult|Dragapult, M|100\/100|[from]move: U-turn\n|-damage|p2a: Dragapult|88\/100|[from] Stealth Rock\n|\n|-heal|p1a: Landorus|99\/100|[from] item: Leftovers\n|upkeep\n|turn|7\n|\n|t:|1663087336\n|move|p2a: Dragapult|Draco Meteor|p1a: Landorus\n|-damage|p1a: Landorus|6\/100\n|-unboost|p2a: Dragapult|spa|2\n|move|p1a: Landorus|Earth Power|p2a: Dragapult\n|-damage|p2a: Dragapult|44\/100\n|\n|-heal|p1a: Landorus|12\/100|[from] item: Leftovers\n|upkeep\n|turn|8\n|\n|t:|1663087364\n|switch|p2a: Zapdos|Zapdos|82\/100 tox\n|move|p1a: Landorus|U-turn|p2a: Zapdos\n|-resisted|p2a: Zapdos\n|-damage|p2a: Zapdos|75\/100 tox\n|\n|t:|1663087377\n|switch|p1a: Heliolisk|Heliolisk, M|100\/100|[from]move: U-turn\n|\n|-damage|p2a: Zapdos|69\/100 tox|[from] psn\n|upkeep\n|turn|9\n|\n|t:|1663087387\n|switch|p2a: Scizor|Scizor, M|100\/100\n|-damage|p2a: Scizor|88\/100|[from] Stealth Rock\n|move|p1a: Heliolisk|Hyper Voice|p2a: Scizor\n|-resisted|p2a: Scizor\n|-damage|p2a: Scizor|60\/100\n|\n|upkeep\n|turn|10\n|\n|t:|1663087401\n|switch|p1a: Landorus|Landorus, M|12\/100\n|detailschange|p2a: Scizor|Scizor-Mega, M\n|-mega|p2a: Scizor|Scizor|Scizorite\n|move|p2a: Scizor|Aerial Ace|p1a: Landorus\n|-damage|p1a: Landorus|0 fnt\n|faint|p1a: Landorus\n|\n|upkeep\n|\n|t:|1663087407\n|switch|p1a: Charizard|Charizard, F|100\/100\n|turn|11\n|\n|t:|1663087416\n|switch|p2a: Donphan|Donphan, M|54\/100\n|-damage|p2a: Donphan|48\/100|[from] Stealth Rock\n|detailschange|p1a: Charizard|Charizard-Mega-X, F\n|-mega|p1a: Charizard|Charizard|Charizardite X\n|move|p1a: Charizard|Flare Blitz|p2a: Donphan\n|-damage|p2a: Donphan|3\/100\n|-status|p2a: Donphan|brn\n|-damage|p1a: Charizard|81\/100|[from] Recoil\n|\n|-heal|p2a: Donphan|9\/100 brn|[from] item: Leftovers\n|-damage|p2a: Donphan|3\/100 brn|[from] brn\n|upkeep\n|turn|12\n|\n|t:|1663087421\n|switch|p1a: Vaporeon|Vaporeon, M|100\/100\n|move|p2a: Donphan|Stealth Rock|p1a: Vaporeon\n|-sidestart|p1: Heliolisk=GOAT|move: Stealth Rock\n|\n|-heal|p2a: Donphan|9\/100 brn|[from] item: Leftovers\n|-damage|p2a: Donphan|3\/100 brn|[from] brn\n|upkeep\n|turn|13\n|\n|t:|1663087434\n|move|p1a: Vaporeon|Scald|p2a: Donphan\n|-supereffective|p2a: Donphan\n|-damage|p2a: Donphan|0 fnt\n|faint|p2a: Donphan\n|\n|upkeep\n|\n|t:|1663087447\n|switch|p2a: Primarina|Primarina, F|88\/100\n|-damage|p2a: Primarina|76\/100|[from] Stealth Rock\n|turn|14\n|\n|t:|1663087450\n|move|p1a: Vaporeon|Toxic|p2a: Primarina\n|-status|p2a: Primarina|tox\n|move|p2a: Primarina|Moonblast|p1a: Vaporeon\n|-damage|p1a: Vaporeon|71\/100\n|\n|-heal|p1a: Vaporeon|77\/100|[from] item: Leftovers\n|-damage|p2a: Primarina|70\/100 tox|[from] psn\n|upkeep\n|turn|15\n|\n|t:|1663087455\n|move|p1a: Vaporeon|Wish|p1a: Vaporeon\n|move|p2a: Primarina|Moonblast|p1a: Vaporeon\n|-damage|p1a: Vaporeon|46\/100\n|-unboost|p1a: Vaporeon|spa|1\n|\n|-heal|p1a: Vaporeon|53\/100|[from] item: Leftovers\n|-damage|p2a: Primarina|58\/100 tox|[from] psn\n|upkeep\n|turn|16\n|\n|t:|1663087469\n|switch|p1a: Heliolisk|Heliolisk, M|100\/100\n|-damage|p1a: Heliolisk|88\/100|[from] Stealth Rock\n|switch|p2a: Zapdos|Zapdos|69\/100 tox\n|\n|-heal|p1a: Heliolisk|100\/100|[from] move: Wish|[wisher] Vaporeon\n|-damage|p2a: Zapdos|63\/100 tox|[from] psn\n|upkeep\n|turn|17\n|\n|t:|1663087475\n|move|p1a: Heliolisk|Volt Switch|p2a: Zapdos\n|-damage|p2a: Zapdos|14\/100 tox\n|\n|t:|1663087481\n|switch|p1a: Kartana|Kartana|100\/100|[from]move: Volt Switch\n|-damage|p1a: Kartana|94\/100|[from] Stealth Rock\n|move|p2a: Zapdos|Roost|p2a: Zapdos\n|-heal|p2a: Zapdos|64\/100 tox\n|-singleturn|p2a: Zapdos|move: Roost\n|\n|-damage|p2a: Zapdos|51\/100 tox|[from] psn\n|upkeep\n|turn|18\n|\n|t:|1663087488\n|move|p1a: Kartana|Knock Off|p2a: Zapdos\n|-damage|p2a: Zapdos|19\/100 tox\n|-status|p1a: Kartana|par|[from] ability: Static|[of] p2a: Zapdos\n|-enditem|p2a: Zapdos|Heavy-Duty Boots|[from] move: Knock Off|[of] p1a: Kartana\n|move|p2a: Zapdos|U-turn|p1a: Kartana\n|-damage|p1a: Kartana|81\/100 par\n|\n|t:|1663087494\n|switch|p2a: Dragapult|Dragapult, M|44\/100|[from]move: U-turn\n|-damage|p2a: Dragapult|32\/100|[from] Stealth Rock\n|\n|upkeep\n|turn|19\n|\n|t:|1663087500\n|move|p2a: Dragapult|Draco Meteor|p1a: Kartana|[miss]\n|-miss|p2a: Dragapult|p1a: Kartana\n|cant|p1a: Kartana|par\n|\n|upkeep\n|turn|20\n|\n|t:|1663087506\n|move|p2a: Dragapult|Draco Meteor|p1a: Kartana\n|-resisted|p1a: Kartana\n|-damage|p1a: Kartana|0 fnt\n|-unboost|p2a: Dragapult|spa|2\n|faint|p1a: Kartana\n|\n|upkeep\n|\n|t:|1663087512\n|switch|p1a: Sneasel|Sneasel, F|100\/100\n|-damage|p1a: Sneasel|76\/100|[from] Stealth Rock\n|turn|21\n|\n|t:|1663087524\n|switch|p2a: Zapdos|Zapdos|19\/100 tox\n|-damage|p2a: Zapdos|0 fnt|[from] Stealth Rock\n|faint|p2a: Zapdos\n|move|p1a: Sneasel|Knock Off|p2: Zapdos|[notarget]\n|-fail|p1a: Sneasel\n|\n|upkeep\n|\n|t:|1663087531\n|switch|p2a: Primarina|Primarina, F|58\/100 tox\n|-damage|p2a: Primarina|45\/100 tox|[from] Stealth Rock\n|turn|22\n|c| CG12|turn 19 was something\n|c| CG12|sheesh\n|c|\u2606Heliolisk=GOAT|lol\n|\n|t:|1663087550\n|switch|p1a: Vaporeon|Vaporeon, M|53\/100\n|-damage|p1a: Vaporeon|40\/100|[from] Stealth Rock\n|switch|p2a: Cinderace|Cinderace, M|100\/100\n|-damage|p2a: Cinderace|76\/100|[from] Stealth Rock\n|\n|-heal|p1a: Vaporeon|46\/100|[from] item: Leftovers\n|upkeep\n|turn|23\n|\n|t:|1663087555\n|move|p2a: Cinderace|Pyro Ball|p1a: Vaporeon\n|-resisted|p1a: Vaporeon\n|-damage|p1a: Vaporeon|14\/100\n|move|p1a: Vaporeon|Wish|p1a: Vaporeon\n|\n|-heal|p1a: Vaporeon|21\/100|[from] item: Leftovers\n|upkeep\n|turn|24\n|\n|t:|1663087561\n|move|p1a: Vaporeon|Protect|p1a: Vaporeon\n|-singleturn|p1a: Vaporeon|Protect\n|move|p2a: Cinderace|Pyro Ball|p1a: Vaporeon\n|-activate|p1a: Vaporeon|move: Protect\n|\n|-heal|p1a: Vaporeon|71\/100|[from] move: Wish|[wisher] Vaporeon\n|-heal|p1a: Vaporeon|77\/100|[from] item: Leftovers\n|upkeep\n|turn|25\n|\n|t:|1663087573\n|switch|p2a: Scizor|Scizor-Mega, M|60\/100\n|-damage|p2a: Scizor|48\/100|[from] Stealth Rock\n|move|p1a: Vaporeon|Scald|p2a: Scizor\n|-damage|p2a: Scizor|26\/100\n|\n|-heal|p1a: Vaporeon|83\/100|[from] item: Leftovers\n|upkeep\n|turn|26\n|\n|t:|1663087579\n|move|p2a: Scizor|Aerial Ace|p1a: Vaporeon\n|-damage|p1a: Vaporeon|62\/100\n|move|p1a: Vaporeon|Scald|p2a: Scizor\n|-damage|p2a: Scizor|3\/100\n|\n|-heal|p1a: Vaporeon|69\/100|[from] item: Leftovers\n|upkeep\n|turn|27\n|\n|t:|1663087585\n|move|p2a: Scizor|Aerial Ace|p1a: Vaporeon\n|-damage|p1a: Vaporeon|47\/100\n|move|p1a: Vaporeon|Scald|p2a: Scizor\n|-damage|p2a: Scizor|0 fnt\n|faint|p2a: Scizor\n|\n|-heal|p1a: Vaporeon|54\/100|[from] item: Leftovers\n|upkeep\n|\n|t:|1663087590\n|switch|p2a: Dragapult|Dragapult, M|32\/100\n|-damage|p2a: Dragapult|20\/100|[from] Stealth Rock\n|turn|28\n|\n|t:|1663087598\n|move|p2a: Dragapult|Thunderbolt|p1a: Vaporeon\n|-supereffective|p1a: Vaporeon\n|-damage|p1a: Vaporeon|0 fnt\n|faint|p1a: Vaporeon\n|\n|upkeep\n|\n|t:|1663087600\n|switch|p1a: Sneasel|Sneasel, F|76\/100\n|-damage|p1a: Sneasel|51\/100|[from] Stealth Rock\n|turn|29\n|\n|t:|1663087606\n|move|p1a: Sneasel|Knock Off|p2a: Dragapult\n|-supereffective|p2a: Dragapult\n|-damage|p2a: Dragapult|0 fnt\n|-enditem|p2a: Dragapult|Choice Specs|[from] move: Knock Off|[of] p1a: Sneasel\n|faint|p2a: Dragapult\n|\n|upkeep\n|\n|t:|1663087608\n|switch|p2a: Primarina|Primarina, F|45\/100 tox\n|-damage|p2a: Primarina|33\/100 tox|[from] Stealth Rock\n|turn|30\n|\n|t:|1663087662\n|switch|p1a: Heliolisk|Heliolisk, M|100\/100\n|-damage|p1a: Heliolisk|88\/100|[from] Stealth Rock\n|move|p2a: Primarina|Flip Turn|p1a: Heliolisk\n|-heal|p1a: Heliolisk|100\/100|[from] ability: Dry Skin|[of] p2a: Primarina\n|\n|-damage|p2a: Primarina|27\/100 tox|[from] psn\n|upkeep\n|turn|31\n|\n|t:|1663087671\n|move|p1a: Heliolisk|Thunderbolt|p2a: Primarina\n|-supereffective|p2a: Primarina\n|-damage|p2a: Primarina|0 fnt\n|faint|p2a: Primarina\n|\n|upkeep\n|\n|t:|1663087674\n|switch|p2a: Cinderace|Cinderace, M|76\/100\n|-damage|p2a: Cinderace|51\/100|[from] Stealth Rock\n|turn|32\n|\n|t:|1663087675\n|move|p2a: Cinderace|High Jump Kick|p1a: Heliolisk\n|-supereffective|p1a: Heliolisk\n|-damage|p1a: Heliolisk|0 fnt\n|faint|p1a: Heliolisk\n|\n|upkeep\n|\n|t:|1663087680\n|switch|p1a: Sneasel|Sneasel, F|51\/100\n|-damage|p1a: Sneasel|26\/100|[from] Stealth Rock\n|turn|33\n|\n|t:|1663087705\n|move|p1a: Sneasel|Knock Off|p2a: Cinderace\n|-damage|p2a: Cinderace|0 fnt\n|-enditem|p2a: Cinderace|Choice Band|[from] move: Knock Off|[of] p1a: Sneasel\n|faint|p2a: Cinderace\n|\n|win|Heliolisk=GOAT\n|c|\u2606Heliolisk=GOAT|gg\n|c| CG12|ggs\n|c|\u2606rooopos|gg\n","uploadtime":1663087753,"views":13,"p1id":"helioliskgoat","p2id":"rooopos","formatid":"gen8nationaldexlegacy","rating":0,"private":0,"password":null}