{"id":"sports-gen8nationaldexdraft-637676","p1":"sperpemert","p2":"DjezzeMwoan","format":"gen8nationaldexdraft","log":"|j|\u2606sperpemert\n|j|\u2606DjezzeMwoan\n|t:|1650657008\n|gametype|singles\n|player|p1|sperpemert|guzma|\n|player|p2|DjezzeMwoan|gambler|\n|teamsize|p1|6\n|teamsize|p2|6\n|gen|8\n|tier|[Gen 8] National Dex Draft\n|rule|Sleep Clause Mod: Limit one foe put to sleep\n|rule|OHKO Clause: OHKO moves are banned\n|rule|Evasion Moves Clause: Evasion moves are banned\n|rule|Endless Battle Clause: Forcing endless battles is banned\n|rule|HP Percentage Mod: HP is shown in percentages\n|rule|Dynamax Clause: You cannot dynamax\n|clearpoke\n|poke|p1|Kecleon, M|\n|poke|p1|Bewear, M|\n|poke|p1|Bibarel, M|\n|poke|p1|Silvally-*|\n|poke|p1|Diggersby, M|\n|poke|p1|Heliolisk, F|\n|poke|p2|Heatran, F|\n|poke|p2|Scizor, F|\n|poke|p2|Aegislash, F|\n|poke|p2|Skarmory, M|\n|poke|p2|Celesteela|\n|poke|p2|Excadrill, M|\n|teampreview\n|html|<button name=\"send\" class=\"button\" value=\"\/timer ds\"><i class=\"fa fa-hourglass-start\"><\/i> DS Timer<\/button> <button name=\"send\" class=\"button\" value=\"\/timer smogon\"><i class=\"fa fa-hourglass-start\"><\/i> Smogon Timer<\/button>\n|c|\u2606DjezzeMwoan|yo\n|c|\u2606DjezzeMwoan|the bibarel\n|c|\u2606sperpemert|glhf :D\n|c|\u2606DjezzeMwoan|threat\n|c|\u2606DjezzeMwoan|glhf\n|j| Kniops\n|\n|t:|1650657080\n|start\n|switch|p1a: Radio|Silvally|100\/100\n|switch|p2a: Warmwalk|Heatran, F|100\/100\n|turn|1\n|\n|t:|1650657111\n|move|p2a: Warmwalk|Eruption|p1a: Radio\n|-damage|p1a: Radio|16\/100\n|move|p1a: Radio|Metal Sound|p2a: Warmwalk\n|-unboost|p2a: Warmwalk|spd|2\n|\n|upkeep\n|turn|2\n|\n|t:|1650657134\n|switch|p1a: Joe|Kecleon, M|100\/100\n|move|p2a: Warmwalk|Eruption|p1a: Joe\n|-damage|p1a: Joe|46\/100\n|\n|upkeep\n|turn|3\n|\n|t:|1650657216\n|move|p1a: Joe|Sucker Punch|p2a: Warmwalk\n|-start|p1a: Joe|typechange|Dark|[from] ability: Protean\n|-damage|p2a: Warmwalk|69\/100\n|move|p2a: Warmwalk|Eruption|p1a: Joe\n|-damage|p1a: Joe|10\/100\n|\n|upkeep\n|turn|4\n|\n|t:|1650657224\n|move|p2a: Warmwalk|Eruption|p1a: Joe\n|-damage|p1a: Joe|0 fnt\n|faint|p1a: Joe\n|\n|upkeep\n|\n|t:|1650657232\n|switch|p1a: Meatball|Diggersby, M|100\/100\n|turn|5\n|\n|t:|1650657235\n|switch|p2a: Scamory|Skarmory, M|100\/100\n|move|p1a: Meatball|Earthquake|p2a: Scamory\n|-immune|p2a: Scamory\n|\n|upkeep\n|turn|6\n|\n|t:|1650657238\n|move|p1a: Meatball|Smack Down|p2a: Scamory\n|-damage|p2a: Scamory|89\/100\n|-start|p2a: Scamory|Smack Down\n|move|p2a: Scamory|Spikes|p1a: Meatball\n|-sidestart|p1: sperpemert|Spikes\n|\n|upkeep\n|turn|7\n|\n|t:|1650657242\n|move|p2a: Scamory|Endure|p2a: Scamory\n|-singleturn|p2a: Scamory|move: Endure\n|move|p1a: Meatball|Earthquake|p2a: Scamory\n|-supereffective|p2a: Scamory\n|-damage|p2a: Scamory|5\/100\n|\n|upkeep\n|turn|8\n|-enditem|p2a: Scamory|Custap Berry|[eat]\n|-activate|p2a: Scamory|item: Custap Berry|[consumed]\n|\n|t:|1650657265\n|move|p2a: Scamory|Body Press|p1a: Meatball\n|-supereffective|p1a: Meatball\n|-damage|p1a: Meatball|28\/100\n|move|p1a: Meatball|U-turn|p2a: Scamory\n|-resisted|p2a: Scamory\n|-damage|p2a: Scamory|1\/100\n|c|\u2606DjezzeMwoan|damn\n|c|\u2606DjezzeMwoan|that was a choke on my part\n|c|\u2606DjezzeMwoan|i thought eq would for sure ko lol\n|\n|t:|1650657289\n|switch|p1a: Lamo|Heliolisk, F|100\/100|[from]move: U-turn\n|-damage|p1a: Lamo|88\/100|[from] Spikes\n|\n|upkeep\n|turn|9\n|\n|t:|1650657294\n|switch|p2a: Mole Breaker|Excadrill, M|100\/100\n|-ability|p2a: Mole Breaker|Mold Breaker\n|move|p1a: Lamo|Volt Switch|p2a: Mole Breaker\n|-immune|p2a: Mole Breaker\n|\n|upkeep\n|turn|10\n|\n|t:|1650657300\n|switch|p1a: Radio|Silvally|16\/100\n|move|p2a: Mole Breaker|Earthquake|p1a: Radio\n|-damage|p1a: Radio|0 fnt\n|faint|p1a: Radio\n|\n|upkeep\n|\n|t:|1650657314\n|switch|p1a: Free Hugs|Bewear, M|100\/100\n|-damage|p1a: Free Hugs|88\/100|[from] Spikes\n|turn|11\n|\n|t:|1650657317\n|switch|p2a: Funny Joke|Scizor, F|100\/100\n|move|p1a: Free Hugs|Drain Punch|p2a: Funny Joke\n|-damage|p2a: Funny Joke|70\/100\n|-heal|p1a: Free Hugs|99\/100|[from] drain|[of] p2a: Funny Joke\n|\n|-heal|p1a: Free Hugs|100\/100|[from] item: Leftovers\n|upkeep\n|turn|12\n|\n|t:|1650657322\n|detailschange|p2a: Funny Joke|Scizor-Mega, F\n|-mega|p2a: Funny Joke|Scizor|Scizorite\n|move|p2a: Funny Joke|Roost|p2a: Funny Joke\n|-heal|p2a: Funny Joke|100\/100\n|-singleturn|p2a: Funny Joke|move: Roost\n|move|p1a: Free Hugs|Darkest Lariat|p2a: Funny Joke\n|-damage|p2a: Funny Joke|81\/100\n|\n|upkeep\n|turn|13\n|\n|t:|1650657326\n|move|p2a: Funny Joke|Dual Wingbeat|p1a: Free Hugs\n|-supereffective|p1a: Free Hugs\n|-damage|p1a: Free Hugs|82\/100\n|-supereffective|p1a: Free Hugs\n|-damage|p1a: Free Hugs|64\/100\n|-hitcount|p1a: Free Hugs|2\n|move|p1a: Free Hugs|Swords Dance|p1a: Free Hugs\n|-boost|p1a: Free Hugs|atk|2\n|\n|-heal|p1a: Free Hugs|70\/100|[from] item: Leftovers\n|upkeep\n|turn|14\n|\n|t:|1650657330\n|move|p2a: Funny Joke|Dual Wingbeat|p1a: Free Hugs|[miss]\n|-miss|p2a: Funny Joke|p1a: Free Hugs\n|move|p1a: Free Hugs|Drain Punch|p2a: Funny Joke\n|-damage|p2a: Funny Joke|31\/100\n|-heal|p1a: Free Hugs|89\/100|[from] drain|[of] p2a: Funny Joke\n|\n|-heal|p1a: Free Hugs|95\/100|[from] item: Leftovers\n|upkeep\n|turn|15\n|\n|t:|1650657334\n|move|p2a: Funny Joke|Superpower|p1a: Free Hugs\n|-supereffective|p1a: Free Hugs\n|-damage|p1a: Free Hugs|62\/100\n|-unboost|p2a: Funny Joke|atk|1\n|-unboost|p2a: Funny Joke|def|1\n|move|p1a: Free Hugs|Darkest Lariat|p2a: Funny Joke\n|-damage|p2a: Funny Joke|0 fnt\n|faint|p2a: Funny Joke\n|\n|-heal|p1a: Free Hugs|68\/100|[from] item: Leftovers\n|upkeep\n|\n|t:|1650657347\n|switch|p2a: Scamory|Skarmory, M|1\/100\n|turn|16\n|\n|t:|1650657357\n|move|p2a: Scamory|Body Press|p1a: Free Hugs\n|-supereffective|p1a: Free Hugs\n|-damage|p1a: Free Hugs|37\/100\n|move|p1a: Free Hugs|Drain Punch|p2a: Scamory\n|-damage|p2a: Scamory|0 fnt\n|-heal|p1a: Free Hugs|37\/100|[from] drain|[of] p2a: Scamory\n|faint|p2a: Scamory\n|\n|-heal|p1a: Free Hugs|43\/100|[from] item: Leftovers\n|upkeep\n|\n|t:|1650657478\n|switch|p2a: Warmwalk|Heatran, F|69\/100\n|turn|17\n|\n|t:|1650657484\n|switch|p1a: Hmm?|Bibarel, M|100\/100\n|-damage|p1a: Hmm?|88\/100|[from] Spikes\n|move|p2a: Warmwalk|Flamethrower|p1a: Hmm?\n|-resisted|p1a: Hmm?\n|-damage|p1a: Hmm?|54\/100\n|-status|p1a: Hmm?|brn\n|\n|-damage|p1a: Hmm?|47\/100 brn|[from] brn\n|upkeep\n|turn|18\n|c|\u2606DjezzeMwoan|sorry\n|c|\u2606DjezzeMwoan|that sucks\n|c|\u2606sperpemert|crie\n|\n|t:|1650657501\n|switch|p2a: Thicc Boi|Celesteela|100\/100\n|move|p1a: Hmm?|Super Fang|p2a: Thicc Boi\n|-damage|p2a: Thicc Boi|51\/100\n|\n|-damage|p1a: Hmm?|41\/100 brn|[from] brn\n|upkeep\n|turn|19\n|\n|t:|1650657506\n|move|p2a: Thicc Boi|Superpower|p1a: Hmm?\n|-supereffective|p1a: Hmm?\n|-damage|p1a: Hmm?|0 fnt\n|-unboost|p2a: Thicc Boi|atk|1\n|-unboost|p2a: Thicc Boi|def|1\n|faint|p1a: Hmm?\n|-ability|p2a: Thicc Boi|Beast Boost|boost\n|-boost|p2a: Thicc Boi|atk|1\n|\n|upkeep\n|\n|t:|1650657509\n|switch|p1a: Lamo|Heliolisk, F|88\/100\n|-damage|p1a: Lamo|76\/100|[from] Spikes\n|turn|20\n|\n|t:|1650657516\n|move|p2a: Thicc Boi|Superpower|p1a: Lamo\n|-supereffective|p1a: Lamo\n|-damage|p1a: Lamo|0 fnt\n|-unboost|p2a: Thicc Boi|atk|1\n|-unboost|p2a: Thicc Boi|def|1\n|faint|p1a: Lamo\n|-ability|p2a: Thicc Boi|Beast Boost|boost\n|-boost|p2a: Thicc Boi|atk|1\n|\n|upkeep\n|\n|t:|1650657522\n|switch|p1a: Free Hugs|Bewear, M|43\/100\n|-damage|p1a: Free Hugs|31\/100|[from] Spikes\n|turn|21\n|\n|t:|1650657537\n|move|p2a: Thicc Boi|Superpower|p1a: Free Hugs\n|-supereffective|p1a: Free Hugs\n|-damage|p1a: Free Hugs|1\/100\n|-unboost|p2a: Thicc Boi|atk|1\n|-unboost|p2a: Thicc Boi|def|1\n|move|p1a: Free Hugs|Drain Punch|p2a: Thicc Boi\n|-damage|p2a: Thicc Boi|0 fnt\n|-heal|p1a: Free Hugs|20\/100|[from] drain|[of] p2a: Thicc Boi\n|faint|p2a: Thicc Boi\n|\n|-heal|p1a: Free Hugs|26\/100|[from] item: Leftovers\n|upkeep\n|\n|t:|1650657541\n|switch|p2a: Warmwalk|Heatran, F|69\/100\n|turn|22\n|\n|t:|1650657543\n|move|p2a: Warmwalk|Flamethrower|p1a: Free Hugs\n|-damage|p1a: Free Hugs|0 fnt\n|faint|p1a: Free Hugs\n|\n|upkeep\n|\n|t:|1650657545\n|switch|p1a: Meatball|Diggersby, M|28\/100\n|-damage|p1a: Meatball|16\/100|[from] Spikes\n|turn|23\n|c|\u2606DjezzeMwoan|gg\n|c|\u2606sperpemert|gg\n|\n|t:|1650657549\n|move|p2a: Warmwalk|Flamethrower|p1a: Meatball\n|-damage|p1a: Meatball|0 fnt\n|faint|p1a: Meatball\n|\n|win|DjezzeMwoan\n|l|\u2606sperpemert\n|c|\u2606DjezzeMwoan|rip celesteela sweeping for one last time\n","uploadtime":1650657565,"views":14,"p1id":"sperpemert","p2id":"djezzemwoan","formatid":"gen8nationaldexdraft","rating":0,"private":0,"password":null}