{"id":"sports-gen8nationaldexlegacy-677282","p1":"rooopos","p2":"HamworthyHootHoots","format":"gen8nationaldexlegacy","log":"|j|\u2606rooopos\n|j|\u2606HamworthyHootHoots\n|t:|1656354564\n|gametype|singles\n|player|p1|rooopos|169|\n|player|p2|HamworthyHootHoots|170|\n|teamsize|p1|6\n|teamsize|p2|6\n|gen|8\n|tier|[Gen 8] National Dex Legacy\n|rule|Sleep Clause Mod: Limit one foe put to sleep\n|rule|OHKO Clause: OHKO moves are banned\n|rule|Evasion Moves Clause: Evasion moves are banned\n|rule|Endless Battle Clause: Forcing endless battles is banned\n|rule|HP Percentage Mod: HP is shown in percentages\n|rule|Dynamax Clause: You cannot dynamax\n|clearpoke\n|poke|p1|Dragapult, M|\n|poke|p1|Donphan, M|\n|poke|p1|Zapdos|\n|poke|p1|Scizor, F|\n|poke|p1|Primarina, F|\n|poke|p1|Zarude|\n|poke|p2|Muk-Alola, M|\n|poke|p2|Garchomp, F|\n|poke|p2|Gardevoir, F|\n|poke|p2|Slowbro, M|\n|poke|p2|Scizor, M|\n|poke|p2|Moltres|\n|teampreview\n|html|<button name=\"send\" class=\"button\" value=\"\/timer ds\"><i class=\"fa fa-hourglass-start\"><\/i> DS Timer<\/button> <button name=\"send\" class=\"button\" value=\"\/timer smogon\"><i class=\"fa fa-hourglass-start\"><\/i> Smogon Timer<\/button>\n|c|\u2606rooopos|hf\n|j| PorygonTheBot\n|c| PorygonTheBot|y'all are stupid\n|c|\u2606HamworthyHootHoots|gl hf\n|j| Preliminary Pex\n|c| Preliminary Pex|:pex:\n|\n|t:|1656354723\n|start\n|switch|p1a: Zarude|Zarude|100\/100\n|switch|p2a: Garchomp|Garchomp, F|100\/100\n|turn|1\n|j| Elliothol06\n|\n|t:|1656354750\n|switch|p2a: Scizor|Scizor, M|100\/100\n|move|p1a: Zarude|U-turn|p2a: Scizor\n|-resisted|p2a: Scizor\n|-damage|p2a: Scizor|86\/100\n|\n|t:|1656354756\n|switch|p1a: Zapdos|Zapdos|100\/100|[from]move: U-turn\n|\n|upkeep\n|turn|2\n|\n|t:|1656354796\n|switch|p2a: Garchomp|Garchomp, F|100\/100\n|move|p1a: Zapdos|Hurricane|p2a: Garchomp\n|-damage|p2a: Garchomp|48\/100\n|\n|upkeep\n|turn|3\n|c| Preliminary Pex|raw hurricant\n|\n|t:|1656354825\n|move|p2a: Garchomp|Stone Edge|p1a: Zapdos|[miss]\n|-miss|p2a: Garchomp|p1a: Zapdos\n|move|p1a: Zapdos|Hurricane|p2a: Garchomp\n|-damage|p2a: Garchomp|0 fnt\n|faint|p2a: Garchomp\n|\n|upkeep\n|c|\u2606rooopos|sorry\n|\n|t:|1656354836\n|switch|p2a: Slowbro|Slowbro, M|100\/100\n|turn|4\n|c| Elliothol06|Ouch\n|\n|t:|1656354850\n|switch|p2a: Scizor|Scizor, M|86\/100\n|move|p1a: Zapdos|Volt Switch|p2a: Scizor\n|-damage|p2a: Scizor|55\/100\n|c| Preliminary Pex|yikes\n|c|\u2606HamworthyHootHoots|right\n|\n|t:|1656354888\n|switch|p1a: Donphan|Donphan, M|100\/100|[from]move: Volt Switch\n|\n|upkeep\n|turn|5\n|\n|t:|1656354895\n|switch|p2a: Slowbro|Slowbro, M|100\/100\n|move|p1a: Donphan|Knock Off|p2a: Slowbro\n|-supereffective|p2a: Slowbro\n|-damage|p2a: Slowbro|68\/100\n|-enditem|p2a: Slowbro|Leftovers|[from] move: Knock Off|[of] p1a: Donphan\n|\n|upkeep\n|turn|6\n|\n|t:|1656354906\n|move|p1a: Donphan|Stealth Rock|p2a: Slowbro\n|-sidestart|p2: HamworthyHootHoots|move: Stealth Rock\n|move|p2a: Slowbro|Ice Beam|p1a: Donphan\n|-supereffective|p1a: Donphan\n|-damage|p1a: Donphan|47\/100\n|\n|-heal|p1a: Donphan|54\/100|[from] item: Leftovers\n|upkeep\n|turn|7\n|\n|t:|1656354937\n|switch|p1a: Primarina|Primarina, F|100\/100\n|move|p2a: Slowbro|Ice Beam|p1a: Primarina\n|-resisted|p1a: Primarina\n|-damage|p1a: Primarina|91\/100\n|\n|upkeep\n|turn|8\n|\n|t:|1656354948\n|switch|p2a: Muk|Muk-Alola, M|100\/100\n|-damage|p2a: Muk|88\/100|[from] Stealth Rock\n|move|p1a: Primarina|Hydro Pump|p2a: Muk|[miss]\n|-miss|p1a: Primarina|p2a: Muk\n|\n|upkeep\n|turn|9\n|\n|t:|1656354956\n|switch|p1a: Donphan|Donphan, M|54\/100\n|move|p2a: Muk|Poison Jab|p1a: Donphan\n|-resisted|p1a: Donphan\n|-damage|p1a: Donphan|38\/100\n|-status|p1a: Donphan|psn\n|\n|-heal|p1a: Donphan|44\/100 psn|[from] item: Leftovers\n|-damage|p1a: Donphan|32\/100 psn|[from] psn\n|upkeep\n|turn|10\n|\n|t:|1656354974\n|switch|p2a: Slowbro|Slowbro, M|100\/100\n|-damage|p2a: Slowbro|88\/100|[from] Stealth Rock\n|move|p1a: Donphan|Earthquake|p2a: Slowbro\n|-damage|p2a: Slowbro|63\/100\n|\n|-heal|p1a: Donphan|38\/100 psn|[from] item: Leftovers\n|-damage|p1a: Donphan|25\/100 psn|[from] psn\n|upkeep\n|turn|11\n|\n|t:|1656354990\n|switch|p1a: Primarina|Primarina, F|91\/100\n|move|p2a: Slowbro|Slack Off|p2a: Slowbro\n|-heal|p2a: Slowbro|100\/100\n|\n|upkeep\n|turn|12\n|\n|t:|1656355006\n|switch|p2a: Scizor|Scizor, M|55\/100\n|-damage|p2a: Scizor|42\/100|[from] Stealth Rock\n|move|p1a: Primarina|Moonblast|p2a: Scizor\n|-resisted|p2a: Scizor\n|-damage|p2a: Scizor|0 fnt\n|faint|p2a: Scizor\n|\n|upkeep\n|\n|t:|1656355016\n|switch|p2a: Gardevoir|Gardevoir, F|100\/100\n|-damage|p2a: Gardevoir|88\/100|[from] Stealth Rock\n|turn|13\n|\n|t:|1656355029\n|switch|p1a: Donphan|Donphan, M|25\/100 psn\n|detailschange|p2a: Gardevoir|Gardevoir-Mega, F\n|-mega|p2a: Gardevoir|Gardevoir|Gardevoirite\n|move|p2a: Gardevoir|Calm Mind|p2a: Gardevoir\n|-boost|p2a: Gardevoir|spa|1\n|-boost|p2a: Gardevoir|spd|1\n|\n|-heal|p1a: Donphan|32\/100 psn|[from] item: Leftovers\n|-damage|p1a: Donphan|19\/100 psn|[from] psn\n|upkeep\n|turn|14\n|\n|t:|1656355041\n|move|p1a: Donphan|Ice Shard|p2a: Gardevoir\n|-damage|p2a: Gardevoir|70\/100\n|move|p2a: Gardevoir|Moonblast|p1a: Donphan\n|-damage|p1a: Donphan|0 fnt\n|faint|p1a: Donphan\n|\n|upkeep\n|\n|t:|1656355095\n|switch|p1a: Scizor|Scizor, F|100\/100\n|turn|15\n|\n|t:|1656355100\n|switch|p2a: Moltres|Moltres|100\/100\n|detailschange|p1a: Scizor|Scizor-Mega, F\n|-mega|p1a: Scizor|Scizor|Scizorite\n|move|p1a: Scizor|Bullet Punch|p2a: Moltres\n|-resisted|p2a: Moltres\n|-damage|p2a: Moltres|89\/100\n|\n|upkeep\n|turn|16\n|\n|t:|1656355113\n|switch|p1a: Primarina|Primarina, F|91\/100\n|move|p2a: Moltres|Air Slash|p1a: Primarina\n|-damage|p1a: Primarina|54\/100\n|\n|upkeep\n|turn|17\n|\n|t:|1656355125\n|switch|p2a: Slowbro|Slowbro, M|100\/100\n|-damage|p2a: Slowbro|88\/100|[from] Stealth Rock\n|move|p1a: Primarina|Hydro Pump|p2a: Slowbro|[miss]\n|-miss|p1a: Primarina|p2a: Slowbro\n|\n|upkeep\n|turn|18\n|\n|t:|1656355140\n|switch|p2a: Muk|Muk-Alola, M|88\/100\n|-damage|p2a: Muk|76\/100|[from] Stealth Rock\n|move|p1a: Primarina|Hydro Pump|p2a: Muk\n|-damage|p2a: Muk|0 fnt\n|faint|p2a: Muk\n|\n|upkeep\n|c|\u2606HamworthyHootHoots|omg\n|\n|t:|1656355163\n|switch|p2a: Gardevoir|Gardevoir-Mega, F|70\/100\n|-damage|p2a: Gardevoir|58\/100|[from] Stealth Rock\n|turn|19\n|l| Elliothol06\n|\n|t:|1656355217\n|switch|p1a: Scizor|Scizor-Mega, F|100\/100\n|move|p2a: Gardevoir|Mystical Fire|p1a: Scizor\n|-supereffective|p1a: Scizor\n|-damage|p1a: Scizor|10\/100\n|-unboost|p1a: Scizor|spa|1\n|\n|upkeep\n|turn|20\n|\n|t:|1656355227\n|switch|p2a: Moltres|Moltres|89\/100\n|move|p1a: Scizor|Roost|p1a: Scizor\n|-heal|p1a: Scizor|60\/100\n|-singleturn|p1a: Scizor|move: Roost\n|\n|upkeep\n|turn|21\n|\n|t:|1656355238\n|switch|p1a: Zapdos|Zapdos|100\/100\n|move|p2a: Moltres|Air Slash|p1a: Zapdos\n|-resisted|p1a: Zapdos\n|-crit|p1a: Zapdos\n|-damage|p1a: Zapdos|75\/100\n|\n|upkeep\n|turn|22\n|\n|t:|1656355259\n|switch|p2a: Slowbro|Slowbro, M|100\/100\n|-damage|p2a: Slowbro|88\/100|[from] Stealth Rock\n|move|p1a: Zapdos|Volt Switch|p2a: Slowbro\n|-supereffective|p2a: Slowbro\n|-damage|p2a: Slowbro|22\/100\n|\n|t:|1656355269\n|switch|p1a: Scizor|Scizor-Mega, F|60\/100|[from]move: Volt Switch\n|\n|upkeep\n|turn|23\n|\n|t:|1656355273\n|move|p1a: Scizor|Roost|p1a: Scizor\n|-heal|p1a: Scizor|100\/100\n|-singleturn|p1a: Scizor|move: Roost\n|move|p2a: Slowbro|Slack Off|p2a: Slowbro\n|-heal|p2a: Slowbro|72\/100\n|\n|upkeep\n|turn|24\n|\n|t:|1656355281\n|move|p1a: Scizor|U-turn|p2a: Slowbro\n|-supereffective|p2a: Slowbro\n|-damage|p2a: Slowbro|32\/100\n|\n|t:|1656355285\n|switch|p1a: Zapdos|Zapdos|75\/100|[from]move: U-turn\n|move|p2a: Slowbro|Scald|p1a: Zapdos\n|-damage|p1a: Zapdos|48\/100\n|\n|upkeep\n|turn|25\n|\n|t:|1656355301\n|switch|p2a: Gardevoir|Gardevoir-Mega, F|58\/100\n|-damage|p2a: Gardevoir|46\/100|[from] Stealth Rock\n|move|p1a: Zapdos|Volt Switch|p2a: Gardevoir\n|-damage|p2a: Gardevoir|20\/100\n|\n|t:|1656355312\n|switch|p1a: Scizor|Scizor-Mega, F|100\/100|[from]move: Volt Switch\n|\n|upkeep\n|turn|26\n|\n|t:|1656355319\n|switch|p2a: Moltres|Moltres|89\/100\n|move|p1a: Scizor|U-turn|p2a: Moltres\n|-resisted|p2a: Moltres\n|-damage|p2a: Moltres|82\/100\n|\n|t:|1656355329\n|switch|p1a: Primarina|Primarina, F|54\/100|[from]move: U-turn\n|\n|upkeep\n|turn|27\n|\n|t:|1656355335\n|switch|p2a: Slowbro|Slowbro, M|65\/100\n|-damage|p2a: Slowbro|53\/100|[from] Stealth Rock\n|move|p1a: Primarina|Surf|p2a: Slowbro\n|-resisted|p2a: Slowbro\n|-damage|p2a: Slowbro|17\/100\n|\n|upkeep\n|turn|28\n|\n|t:|1656355342\n|move|p1a: Primarina|Surf|p2a: Slowbro\n|-resisted|p2a: Slowbro\n|-damage|p2a: Slowbro|0 fnt\n|faint|p2a: Slowbro\n|\n|upkeep\n|\n|t:|1656355347\n|switch|p2a: Gardevoir|Gardevoir-Mega, F|20\/100\n|-damage|p2a: Gardevoir|7\/100|[from] Stealth Rock\n|turn|29\n|\n|t:|1656355359\n|switch|p1a: Scizor|Scizor-Mega, F|100\/100\n|move|p2a: Gardevoir|Mystical Fire|p1a: Scizor\n|-supereffective|p1a: Scizor\n|-damage|p1a: Scizor|3\/100\n|-unboost|p1a: Scizor|spa|1\n|\n|upkeep\n|turn|30\n|\n|t:|1656355370\n|switch|p2a: Moltres|Moltres|82\/100\n|move|p1a: Scizor|Bullet Punch|p2a: Moltres\n|-resisted|p2a: Moltres\n|-damage|p2a: Moltres|71\/100\n|-status|p1a: Scizor|brn|[from] ability: Flame Body|[of] p2a: Moltres\n|\n|-damage|p1a: Scizor|0 fnt|[from] brn\n|faint|p1a: Scizor\n|upkeep\n|\n|t:|1656355374\n|switch|p1a: Primarina|Primarina, F|54\/100\n|turn|31\n|\n|t:|1656355383\n|move|p1a: Primarina|Surf|p2a: Moltres\n|-supereffective|p2a: Moltres\n|-crit|p2a: Moltres\n|-damage|p2a: Moltres|0 fnt\n|faint|p2a: Moltres\n|\n|upkeep\n|c|\u2606rooopos|gg\n|c|\u2606HamworthyHootHoots|gg\n|\n|t:|1656355391\n|switch|p2a: Gardevoir|Gardevoir-Mega, F|7\/100\n|-damage|p2a: Gardevoir|0 fnt|[from] Stealth Rock\n|faint|p2a: Gardevoir\n|\n|win|rooopos\n","uploadtime":1656355393,"views":23,"p1id":"rooopos","p2id":"hamworthyhoothoots","formatid":"gen8nationaldexlegacy","rating":0,"private":0,"password":null}