{"id":"sports-gen8nationaldexdlclegacy-324952","p1":"DjezzeMwoan","p2":"GoatedGogoat","format":"gen8nationaldexdlclegacy","log":"|j|\u2606DjezzeMwoan\n|j|\u2606GoatedGogoat\n|t:|1611346782\n|player|p1|DjezzeMwoan|52|\n|player|p2|GoatedGogoat|giovanni|\n|teamsize|p1|6\n|teamsize|p2|6\n|gametype|singles\n|gen|8\n|tier|[Gen 8] National Dex DLC Legacy\n|rule|Sleep Clause Mod: Limit one foe put to sleep\n|rule|OHKO Clause: OHKO moves are banned\n|rule|Evasion Moves Clause: Evasion moves are banned\n|rule|Endless Battle Clause: Forcing endless battles is banned\n|rule|HP Percentage Mod: HP is shown in percentages\n|clearpoke\n|poke|p1|Cresselia, F|\n|poke|p1|Weezing, F|\n|poke|p1|Rotom-Heat|\n|poke|p1|Bronzong|\n|poke|p1|Cryogonal|\n|poke|p1|Vikavolt, F|\n|poke|p2|Galvantula, M|\n|poke|p2|Lopunny, F|\n|poke|p2|Tapu Lele|\n|poke|p2|Incineroar, M|\n|poke|p2|Gastrodon, M|\n|poke|p2|Mandibuzz, F|\n|rule|Dynamax Clause: You cannot dynamax\n|teampreview\n|html|<button name=\"send\" class=\"button\" value=\"\/timer ds\"><i class=\"fa fa-hourglass-start\"><\/i> DS Timer<\/button> <button name=\"send\" class=\"button\" value=\"\/timer smogon\"><i class=\"fa fa-hourglass-start\"><\/i> Smogon Timer<\/button>\n|c|\u2606DjezzeMwoan|glhf\n|\n|t:|1611346789\n|start\n|switch|p1a: Vikavolt|Vikavolt, F|100\/100\n|switch|p2a: Galvantula|Galvantula, M|100\/100\n|turn|1\n|c|\u2606DjezzeMwoan|where is the chompo\n|c|\u2606GoatedGogoat|glhf\n|j| PorygonTheBot\n|c| PorygonTheBot|You got this!\n|c|\u2606DjezzeMwoan|got to get the bot\n|\n|t:|1611346826\n|move|p2a: Galvantula|Volt Switch|p1a: Vikavolt\n|-resisted|p1a: Vikavolt\n|-damage|p1a: Vikavolt|75\/100\n|\n|t:|1611346833\n|switch|p2a: Lopunny|Lopunny, F|100\/100|[from]move: Volt Switch\n|move|p1a: Vikavolt|Discharge|p2a: Lopunny\n|-crit|p2a: Lopunny\n|-damage|p2a: Lopunny|3\/100\n|\n|upkeep\n|turn|2\n|c|\u2606DjezzeMwoan|im sorry man\n|\n|t:|1611346843\n|switch|p1a: Cresselia|Cresselia, F|100\/100\n|detailschange|p2a: Lopunny|Lopunny-Mega, F\n|-mega|p2a: Lopunny|Lopunny|Lopunnite\n|move|p2a: Lopunny|Fake Out|p1a: Cresselia\n|-damage|p1a: Cresselia|88\/100\n|-damage|p2a: Lopunny|0 fnt|[from] item: Rocky Helmet|[of] p1a: Cresselia\n|faint|p2a: Lopunny\n|\n|upkeep\n|\n|t:|1611346850\n|switch|p2a: Incineroar|Incineroar, M|100\/100\n|-ability|p2a: Incineroar|Intimidate|boost\n|-unboost|p1a: Cresselia|atk|1\n|turn|3\n|j| 2020 is dead!\n|\n|t:|1611346857\n|switch|p1a: Weezing|Weezing, F|100\/100\n|move|p2a: Incineroar|Parting Shot|p1a: Weezing\n|-unboost|p1a: Weezing|atk|1\n|-unboost|p1a: Weezing|spa|1\n|l| 2020 is dead!\n|\n|t:|1611346863\n|switch|p2a: Tapu Lele|Tapu Lele|100\/100|[from]move: Parting Shot\n|-fieldstart|move: Psychic Terrain|[from] ability: Psychic Surge|[of] p2a: Tapu Lele\n|\n|upkeep\n|turn|4\n|j| EGALombres\n|\n|t:|1611346869\n|switch|p1a: Bronzong|Bronzong|100\/100\n|move|p2a: Tapu Lele|Psychic|p1a: Bronzong\n|-resisted|p1a: Bronzong\n|-damage|p1a: Bronzong|89\/100\n|\n|-heal|p1a: Bronzong|95\/100|[from] item: Leftovers\n|upkeep\n|turn|5\n|j| 2020 is dead!\n|\n|t:|1611346875\n|switch|p2a: Incineroar|Incineroar, M|100\/100\n|-ability|p2a: Incineroar|Intimidate|boost\n|-unboost|p1a: Bronzong|atk|1\n|move|p1a: Bronzong|Toxic|p2a: Incineroar\n|-status|p2a: Incineroar|tox\n|\n|-heal|p1a: Bronzong|100\/100|[from] item: Leftovers\n|-damage|p2a: Incineroar|94\/100 tox|[from] psn\n|upkeep\n|turn|6\n|\n|t:|1611346880\n|switch|p1a: Weezing|Weezing, F|100\/100\n|move|p2a: Incineroar|Parting Shot|p1a: Weezing\n|-unboost|p1a: Weezing|atk|1\n|-unboost|p1a: Weezing|spa|1\n|\n|t:|1611346882\n|switch|p2a: Tapu Lele|Tapu Lele|100\/100|[from]move: Parting Shot\n|\n|upkeep\n|turn|7\n|\n|t:|1611346888\n|switch|p1a: Bronzong|Bronzong|100\/100\n|move|p2a: Tapu Lele|Psychic|p1a: Bronzong\n|-resisted|p1a: Bronzong\n|-damage|p1a: Bronzong|89\/100\n|-unboost|p1a: Bronzong|spd|1\n|\n|-heal|p1a: Bronzong|95\/100|[from] item: Leftovers\n|-fieldend|move: Psychic Terrain\n|upkeep\n|turn|8\n|\n|t:|1611346892\n|switch|p2a: Incineroar|Incineroar, M|94\/100 tox\n|-ability|p2a: Incineroar|Intimidate|boost\n|-unboost|p1a: Bronzong|atk|1\n|move|p1a: Bronzong|Toxic|p2a: Incineroar\n|-fail|p2a: Incineroar|tox\n|\n|-heal|p1a: Bronzong|100\/100|[from] item: Leftovers\n|-damage|p2a: Incineroar|88\/100 tox|[from] psn\n|upkeep\n|turn|9\n|\n|t:|1611346896\n|switch|p1a: Weezing|Weezing, F|100\/100\n|move|p2a: Incineroar|Parting Shot|p1a: Weezing\n|-unboost|p1a: Weezing|atk|1\n|-unboost|p1a: Weezing|spa|1\n|\n|t:|1611346899\n|switch|p2a: Tapu Lele|Tapu Lele|100\/100|[from]move: Parting Shot\n|-fieldstart|move: Psychic Terrain|[from] ability: Psychic Surge|[of] p2a: Tapu Lele\n|\n|upkeep\n|turn|10\n|\n|t:|1611346902\n|switch|p1a: Bronzong|Bronzong|100\/100\n|move|p2a: Tapu Lele|Psychic|p1a: Bronzong\n|-resisted|p1a: Bronzong\n|-damage|p1a: Bronzong|89\/100\n|\n|-heal|p1a: Bronzong|95\/100|[from] item: Leftovers\n|upkeep\n|turn|11\n|\n|t:|1611346906\n|switch|p2a: Incineroar|Incineroar, M|88\/100 tox\n|-ability|p2a: Incineroar|Intimidate|boost\n|-unboost|p1a: Bronzong|atk|1\n|move|p1a: Bronzong|Gyro Ball|p2a: Incineroar\n|-resisted|p2a: Incineroar\n|-damage|p2a: Incineroar|82\/100 tox\n|\n|-heal|p1a: Bronzong|100\/100|[from] item: Leftovers\n|-damage|p2a: Incineroar|76\/100 tox|[from] psn\n|upkeep\n|turn|12\n|\n|t:|1611346910\n|switch|p1a: Weezing|Weezing, F|100\/100\n|move|p2a: Incineroar|Parting Shot|p1a: Weezing\n|-unboost|p1a: Weezing|atk|1\n|-unboost|p1a: Weezing|spa|1\n|\n|t:|1611346913\n|switch|p2a: Tapu Lele|Tapu Lele|100\/100|[from]move: Parting Shot\n|\n|upkeep\n|turn|13\n|\n|t:|1611346917\n|switch|p1a: Bronzong|Bronzong|100\/100\n|move|p2a: Tapu Lele|Shadow Ball|p1a: Bronzong\n|-supereffective|p1a: Bronzong\n|-damage|p1a: Bronzong|60\/100\n|\n|-heal|p1a: Bronzong|66\/100|[from] item: Leftovers\n|-fieldend|move: Psychic Terrain\n|upkeep\n|turn|14\n|\n|t:|1611346923\n|move|p2a: Tapu Lele|Shadow Ball|p1a: Bronzong\n|-supereffective|p1a: Bronzong\n|-damage|p1a: Bronzong|25\/100\n|-unboost|p1a: Bronzong|spd|1\n|move|p1a: Bronzong|Gyro Ball|p2a: Tapu Lele\n|-supereffective|p2a: Tapu Lele\n|-damage|p2a: Tapu Lele|0 fnt\n|faint|p2a: Tapu Lele\n|\n|-heal|p1a: Bronzong|31\/100|[from] item: Leftovers\n|upkeep\n|\n|t:|1611346928\n|switch|p2a: Incineroar|Incineroar, M|76\/100 tox\n|-ability|p2a: Incineroar|Intimidate|boost\n|-unboost|p1a: Bronzong|atk|1\n|turn|15\n|\n|t:|1611346931\n|switch|p1a: Weezing|Weezing, F|100\/100\n|move|p2a: Incineroar|Knock Off|p1a: Weezing\n|-damage|p1a: Weezing|71\/100\n|-enditem|p1a: Weezing|Black Sludge|[from] move: Knock Off|[of] p2a: Incineroar\n|\n|-damage|p2a: Incineroar|70\/100 tox|[from] psn\n|upkeep\n|turn|16\n|\n|t:|1611346935\n|move|p1a: Weezing|Toxic Spikes|p2a: Incineroar\n|-sidestart|p2: GoatedGogoat|move: Toxic Spikes\n|move|p2a: Incineroar|Parting Shot|p1a: Weezing\n|-unboost|p1a: Weezing|atk|1\n|-unboost|p1a: Weezing|spa|1\n|\n|t:|1611346939\n|switch|p2a: Galvantula|Galvantula, M|100\/100|[from]move: Parting Shot\n|-status|p2a: Galvantula|psn\n|\n|-damage|p2a: Galvantula|88\/100 psn|[from] psn\n|upkeep\n|turn|17\n|\n|t:|1611346944\n|switch|p1a: Rotom|Rotom-Heat|100\/100\n|move|p2a: Galvantula|Thunder|p1a: Rotom\n|-resisted|p1a: Rotom\n|-damage|p1a: Rotom|65\/100\n|\n|-damage|p2a: Galvantula|76\/100 psn|[from] psn\n|upkeep\n|turn|18\n|\n|t:|1611346951\n|switch|p2a: Gastrodon|Gastrodon, M|100\/100\n|-status|p2a: Gastrodon|psn\n|move|p1a: Rotom|Overheat|p2a: Gastrodon\n|-resisted|p2a: Gastrodon\n|-damage|p2a: Gastrodon|85\/100 psn\n|-unboost|p1a: Rotom|spa|2\n|\n|-heal|p2a: Gastrodon|91\/100 psn|[from] item: Leftovers\n|-damage|p2a: Gastrodon|79\/100 psn|[from] psn\n|upkeep\n|turn|19\n|\n|t:|1611346957\n|switch|p1a: Cryogonal|Cryogonal|100\/100\n|switch|p2a: Galvantula|Galvantula, M|76\/100 psn\n|\n|-damage|p2a: Galvantula|63\/100 psn|[from] psn\n|upkeep\n|turn|20\n|\n|t:|1611346966\n|switch|p1a: Rotom|Rotom-Heat|65\/100\n|move|p2a: Galvantula|Volt Switch|p1a: Rotom\n|-resisted|p1a: Rotom\n|-damage|p1a: Rotom|44\/100\n|\n|t:|1611346971\n|switch|p2a: Gastrodon|Gastrodon, M|79\/100 psn|[from]move: Volt Switch\n|\n|-heal|p2a: Gastrodon|85\/100 psn|[from] item: Leftovers\n|-damage|p2a: Gastrodon|72\/100 psn|[from] psn\n|upkeep\n|turn|21\n|\n|t:|1611346976\n|switch|p1a: Cryogonal|Cryogonal|100\/100\n|move|p2a: Gastrodon|Toxic|p1a: Cryogonal\n|-status|p1a: Cryogonal|tox\n|\n|-heal|p2a: Gastrodon|78\/100 psn|[from] item: Leftovers\n|-damage|p1a: Cryogonal|95\/100 tox|[from] psn\n|-damage|p2a: Gastrodon|66\/100 psn|[from] psn\n|upkeep\n|turn|22\n|\n|t:|1611346979\n|move|p1a: Cryogonal|Freeze-Dry|p2a: Gastrodon\n|-supereffective|p2a: Gastrodon\n|-damage|p2a: Gastrodon|0 fnt\n|faint|p2a: Gastrodon\n|\n|-damage|p1a: Cryogonal|83\/100 tox|[from] psn\n|upkeep\n|\n|t:|1611346982\n|switch|p2a: Incineroar|Incineroar, M|70\/100 tox\n|-ability|p2a: Incineroar|Intimidate|boost\n|-unboost|p1a: Cryogonal|atk|1\n|turn|23\n|\n|t:|1611346984\n|switch|p1a: Weezing|Weezing, F|71\/100\n|move|p2a: Incineroar|Fire Punch|p1a: Weezing\n|-damage|p1a: Weezing|50\/100\n|\n|-damage|p2a: Incineroar|64\/100 tox|[from] psn\n|upkeep\n|turn|24\n|\n|t:|1611346989\n|move|p1a: Weezing|Sludge Bomb|p2a: Incineroar\n|-damage|p2a: Incineroar|43\/100 tox\n|move|p2a: Incineroar|Parting Shot|p1a: Weezing\n|-unboost|p1a: Weezing|atk|1\n|-unboost|p1a: Weezing|spa|1\n|\n|t:|1611346993\n|switch|p2a: Galvantula|Galvantula, M|63\/100 psn|[from]move: Parting Shot\n|\n|-damage|p2a: Galvantula|51\/100 psn|[from] psn\n|upkeep\n|turn|25\n|\n|t:|1611346997\n|switch|p1a: Vikavolt|Vikavolt, F|75\/100\n|move|p2a: Galvantula|Volt Switch|p1a: Vikavolt\n|-resisted|p1a: Vikavolt\n|-damage|p1a: Vikavolt|47\/100\n|\n|t:|1611347000\n|switch|p2a: Incineroar|Incineroar, M|43\/100 tox|[from]move: Volt Switch\n|-ability|p2a: Incineroar|Intimidate|boost\n|-unboost|p1a: Vikavolt|atk|1\n|\n|-damage|p2a: Incineroar|37\/100 tox|[from] psn\n|upkeep\n|turn|26\n|\n|t:|1611347004\n|switch|p1a: Cresselia|Cresselia, F|88\/100\n|move|p2a: Incineroar|Fire Punch|p1a: Cresselia\n|-damage|p1a: Cresselia|72\/100\n|-damage|p2a: Incineroar|21\/100 tox|[from] item: Rocky Helmet|[of] p1a: Cresselia\n|\n|-damage|p2a: Incineroar|9\/100 tox|[from] psn\n|upkeep\n|turn|27\n|\n|t:|1611347008\n|move|p1a: Cresselia|Moonlight|p1a: Cresselia\n|-heal|p1a: Cresselia|100\/100\n|move|p2a: Incineroar|Knock Off|p1a: Cresselia\n|-supereffective|p1a: Cresselia\n|-damage|p1a: Cresselia|56\/100\n|-damage|p2a: Incineroar|0 fnt|[from] item: Rocky Helmet|[of] p1a: Cresselia\n|faint|p2a: Incineroar\n|\n|upkeep\n|\n|t:|1611347011\n|switch|p2a: Galvantula|Galvantula, M|51\/100 psn\n|turn|28\n|\n|t:|1611347017\n|move|p2a: Galvantula|Bug Buzz|p1a: Cresselia\n|-supereffective|p1a: Cresselia\n|-damage|p1a: Cresselia|0 fnt\n|faint|p1a: Cresselia\n|\n|-damage|p2a: Galvantula|38\/100 psn|[from] psn\n|upkeep\n|\n|t:|1611347023\n|switch|p1a: Cryogonal|Cryogonal|83\/100 tox\n|turn|29\n|\n|t:|1611347025\n|move|p1a: Cryogonal|Ice Beam|p2a: Galvantula\n|-damage|p2a: Galvantula|0 fnt\n|faint|p2a: Galvantula\n|\n|-damage|p1a: Cryogonal|77\/100 tox|[from] psn\n|upkeep\n|\n|t:|1611347032\n|switch|p2a: Mandibuzz|Mandibuzz, F|100\/100\n|turn|30\n|c|\u2606DjezzeMwoan|gg man\n|c|\u2606DjezzeMwoan|wp\n|\n|t:|1611347034\n|move|p1a: Cryogonal|Ice Beam|p2a: Mandibuzz\n|-supereffective|p2a: Mandibuzz\n|-damage|p2a: Mandibuzz|28\/100\n|move|p2a: Mandibuzz|Knock Off|p1a: Cryogonal\n|-damage|p1a: Cryogonal|30\/100 tox\n|-enditem|p1a: Cryogonal|Choice Specs|[from] move: Knock Off|[of] p2a: Mandibuzz\n|\n|-damage|p1a: Cryogonal|18\/100 tox|[from] psn\n|upkeep\n|turn|31\n|c|\u2606GoatedGogoat|gg\n|c|\u2606GoatedGogoat|not really lol i was so bad\n|\n|t:|1611347049\n|move|p1a: Cryogonal|Ice Beam|p2a: Mandibuzz\n|-supereffective|p2a: Mandibuzz\n|-damage|p2a: Mandibuzz|0 fnt\n|faint|p2a: Mandibuzz\n|\n|win|DjezzeMwoan\n|l| PorygonTheBot\n|c|\u2606DjezzeMwoan|the crit mattered a little\n|c|\u2606DjezzeMwoan|but that galvantula was a great brin\n|c|\u2606GoatedGogoat|a little yeah, all good though\n|c|\u2606GoatedGogoat|ty\n|c|\u2606DjezzeMwoan|was it specs?\n|c|\u2606GoatedGogoat|yeah\n|c|\u2606DjezzeMwoan|ye thought so\n|c|\u2606DjezzeMwoan|that damage jezus lmfoa\n|c|\u2606DjezzeMwoan|anyways\n|c|\u2606DjezzeMwoan|ggs man\n|c|\u2606DjezzeMwoan|nice brings\n|c|\u2606GoatedGogoat|hoping to get off specs volt switch into mega lop\n|l|\u2606DjezzeMwoan\n|j|\u2606DjezzeMwoan\n|player|p1|DjezzeMwoan|52\n|c|\u2606GoatedGogoat|didnt work out that way in the end lol\n|c|\u2606DjezzeMwoan|ye i kind of need a good ground type\n|c|\u2606DjezzeMwoan|but i can onlu use flygon\n|c|\u2606DjezzeMwoan|cuz of mono levitate\n|c|\u2606GoatedGogoat|yeah i reeally thought that was coming\n|c|\u2606GoatedGogoat|because a lot of your mons are special\n|c|\u2606DjezzeMwoan|mandibuzz is a hard counter to it tho\n|c|\u2606GoatedGogoat|yeah true\n|c|\u2606GoatedGogoat|anyways, gg\n|l|\u2606GoatedGogoat\n|c|\u2606DjezzeMwoan|ye gg\n|l|\u2606DjezzeMwoan\n|player|p1|\n|l| 2020 is dead!\n|j| FSF Iceik\n","uploadtime":1611347050,"views":15,"p1id":"djezzemwoan","p2id":"goatedgogoat","formatid":"gen8nationaldexdlclegacy","rating":0,"private":0,"password":null}