{"id":"sports-gen8nationaldexdraft-596339","p1":"LegendarySerperior","p2":"pizzalover420","format":"gen8nationaldexdraft","log":"|j|\u2606LegendarySerperior\n|j|\u2606pizzalover420\n|t:|1645214015\n|gametype|singles\n|player|p1|LegendarySerperior|legendaryserperior.png|\n|player|p2|pizzalover420|crasherwake|\n|teamsize|p1|6\n|teamsize|p2|6\n|gen|8\n|tier|[Gen 8] National Dex Draft\n|rule|Sleep Clause Mod: Limit one foe put to sleep\n|rule|OHKO Clause: OHKO moves are banned\n|rule|Evasion Moves Clause: Evasion moves are banned\n|rule|Endless Battle Clause: Forcing endless battles is banned\n|rule|HP Percentage Mod: HP is shown in percentages\n|rule|Dynamax Clause: You cannot dynamax\n|clearpoke\n|poke|p1|Heliolisk, M|\n|poke|p1|Chesnaught, F|\n|poke|p1|Sigilyph, M|\n|poke|p1|Scizor, F|\n|poke|p1|Kecleon, F|\n|poke|p1|Garchomp, F|\n|poke|p2|Tornadus-Therian, M|\n|poke|p2|Zeraora|\n|poke|p2|Clefable, M|\n|poke|p2|Milotic, M|\n|poke|p2|Nidoqueen, F|\n|poke|p2|Copperajah, F|\n|teampreview\n|html|<button name=\"send\" class=\"button\" value=\"\/timer ds\"><i class=\"fa fa-hourglass-start\"><\/i> DS Timer<\/button> <button name=\"send\" class=\"button\" value=\"\/timer smogon\"><i class=\"fa fa-hourglass-start\"><\/i> Smogon Timer<\/button>\n|j| BrrBrrStonksInc\n|c|\u2606pizzalover420|Hf\n|\n|t:|1645214042\n|start\n|switch|p1a: Stinky|Heliolisk, M|100\/100\n|switch|p2a: Tornadus|Tornadus-Therian, M|100\/100\n|turn|1\n|\n|t:|1645214048\n|switch|p2a: Nidoqueen|Nidoqueen, F|100\/100\n|move|p1a: Stinky|Thunderbolt|p2a: Nidoqueen\n|-immune|p2a: Nidoqueen\n|\n|upkeep\n|turn|2\n|\n|t:|1645214054\n|switch|p1a: Meister|Kecleon, F|100\/100\n|move|p2a: Nidoqueen|Stealth Rock|p1a: Meister\n|-sidestart|p1: LegendarySerperior|move: Stealth Rock\n|\n|upkeep\n|turn|3\n|\n|t:|1645214062\n|move|p2a: Nidoqueen|Toxic Spikes|p1a: Meister\n|-sidestart|p1: LegendarySerperior|move: Toxic Spikes\n|move|p1a: Meister|Stealth Rock|p2a: Nidoqueen\n|-sidestart|p2: pizzalover420|move: Stealth Rock\n|\n|upkeep\n|turn|4\n|\n|t:|1645214074\n|switch|p1a: Abstract|Sigilyph, M|100\/100\n|move|p2a: Nidoqueen|Toxic Spikes|p1a: Abstract\n|-sidestart|p1: LegendarySerperior|move: Toxic Spikes\n|\n|upkeep\n|turn|5\n|\n|t:|1645214097\n|switch|p2a: Copperajah|Copperajah, F|100\/100\n|-damage|p2a: Copperajah|94\/100|[from] Stealth Rock\n|move|p1a: Abstract|Defog|p2a: Copperajah\n|-unboost|p2a: Copperajah|evasion|1\n|-sideend|p2: pizzalover420|Stealth Rock|[from] move: Defog|[of] p1a: Abstract\n|-sideend|p1: LegendarySerperior|Toxic Spikes|[from] move: Defog|[of] p1a: Abstract\n|-sideend|p1: LegendarySerperior|Stealth Rock|[from] move: Defog|[of] p1a: Abstract\n|\n|upkeep\n|turn|6\n|\n|t:|1645214104\n|switch|p1a: McBadBat|Chesnaught, F|100\/100\n|move|p2a: Copperajah|Heavy Slam|p1a: McBadBat\n|-crit|p1a: McBadBat\n|-damage|p1a: McBadBat|47\/100\n|-damage|p2a: Copperajah|78\/100|[from] item: Rocky Helmet|[of] p1a: McBadBat\n|\n|upkeep\n|turn|7\n|\n|t:|1645214112\n|switch|p1a: Stinky|Heliolisk, M|100\/100\n|switch|p2a: Tornadus|Tornadus-Therian, M|100\/100\n|\n|upkeep\n|turn|8\n|\n|t:|1645214127\n|move|p2a: Tornadus|U-turn|p1a: Stinky\n|-damage|p1a: Stinky|74\/100\n|\n|t:|1645214130\n|switch|p2a: Nidoqueen|Nidoqueen, F|100\/100|[from]move: U-turn\n|move|p1a: Stinky|Hyper Voice|p2a: Nidoqueen\n|-damage|p2a: Nidoqueen|68\/100\n|\n|-heal|p2a: Nidoqueen|74\/100|[from] item: Black Sludge\n|upkeep\n|turn|9\n|\n|t:|1645214140\n|switch|p1a: Abstract|Sigilyph, M|100\/100\n|move|p2a: Nidoqueen|Stealth Rock|p1a: Abstract\n|-sidestart|p1: LegendarySerperior|move: Stealth Rock\n|\n|-heal|p2a: Nidoqueen|80\/100|[from] item: Black Sludge\n|upkeep\n|turn|10\n|\n|t:|1645214145\n|switch|p2a: Tornadus|Tornadus-Therian, M|100\/100\n|move|p1a: Abstract|Psychic|p2a: Tornadus\n|-damage|p2a: Tornadus|41\/100\n|\n|upkeep\n|turn|11\n|\n|t:|1645214153\n|switch|p1a: Meister|Kecleon, F|100\/100\n|-damage|p1a: Meister|88\/100|[from] Stealth Rock\n|move|p2a: Tornadus|U-turn|p1a: Meister\n|-damage|p1a: Meister|73\/100\n|-start|p1a: Meister|typechange|Bug|[from] ability: Color Change\n|c|\u2606LegendarySerperior|i forgot to put protean\n|c|\u2606LegendarySerperior|welp.\n|c|\u2606pizzalover420|Whoops\n|\n|t:|1645214195\n|switch|p2a: Nidoqueen|Nidoqueen, F|80\/100|[from]move: U-turn\n|\n|-heal|p2a: Nidoqueen|86\/100|[from] item: Black Sludge\n|-heal|p1a: Meister|79\/100|[from] item: Leftovers\n|upkeep\n|turn|12\n|\n|t:|1645214214\n|switch|p1a: Abstract|Sigilyph, M|100\/100\n|move|p2a: Nidoqueen|Toxic Spikes|p1a: Abstract\n|-sidestart|p1: LegendarySerperior|move: Toxic Spikes\n|\n|-heal|p2a: Nidoqueen|92\/100|[from] item: Black Sludge\n|upkeep\n|turn|13\n|\n|t:|1645214222\n|switch|p2a: Tornadus|Tornadus-Therian, M|74\/100\n|move|p1a: Abstract|Psychic|p2a: Tornadus\n|-damage|p2a: Tornadus|15\/100\n|\n|upkeep\n|turn|14\n|\n|t:|1645214235\n|move|p2a: Tornadus|Knock Off|p1a: Abstract\n|-supereffective|p1a: Abstract\n|-damage|p1a: Abstract|47\/100\n|-enditem|p1a: Abstract|Life Orb|[from] move: Knock Off|[of] p2a: Tornadus\n|move|p1a: Abstract|Heat Wave|p2a: Tornadus\n|-damage|p2a: Tornadus|0 fnt\n|faint|p2a: Tornadus\n|\n|upkeep\n|\n|t:|1645214239\n|switch|p2a: Zeraora|Zeraora|100\/100\n|turn|15\n|\n|t:|1645214258\n|switch|p1a: McBadBat|Chesnaught, F|47\/100\n|-damage|p1a: McBadBat|40\/100|[from] Stealth Rock\n|-status|p1a: McBadBat|psn\n|move|p2a: Zeraora|Play Rough|p1a: McBadBat\n|-supereffective|p1a: McBadBat\n|-crit|p1a: McBadBat\n|-damage|p1a: McBadBat|0 fnt\n|-damage|p2a: Zeraora|84\/100|[from] item: Rocky Helmet|[of] p1a: McBadBat\n|faint|p1a: McBadBat\n|\n|-heal|p2a: Zeraora|90\/100|[from] item: Leftovers\n|upkeep\n|\n|t:|1645214264\n|switch|p1a: Starfish|Garchomp, F|100\/100\n|-status|p1a: Starfish|psn\n|-damage|p1a: Starfish|94\/100 psn|[from] Stealth Rock\n|turn|16\n|\n|t:|1645214270\n|switch|p2a: Clefable|Clefable, M|100\/100\n|switch|p1a: Abstract|Sigilyph, M|47\/100\n|\n|upkeep\n|turn|17\n|\n|t:|1645214286\n|move|p1a: Abstract|Roost|p1a: Abstract\n|-heal|p1a: Abstract|97\/100\n|-singleturn|p1a: Abstract|move: Roost\n|move|p2a: Clefable|Calm Mind|p2a: Clefable\n|-boost|p2a: Clefable|spa|1\n|-boost|p2a: Clefable|spd|1\n|\n|upkeep\n|turn|18\n|\n|t:|1645214296\n|move|p1a: Abstract|Defog|p2a: Clefable\n|-unboost|p2a: Clefable|evasion|1\n|-sideend|p1: LegendarySerperior|Toxic Spikes|[from] move: Defog|[of] p1a: Abstract\n|-sideend|p1: LegendarySerperior|Stealth Rock|[from] move: Defog|[of] p1a: Abstract\n|move|p2a: Clefable|Calm Mind|p2a: Clefable\n|-boost|p2a: Clefable|spa|1\n|-boost|p2a: Clefable|spd|1\n|\n|upkeep\n|turn|19\n|\n|t:|1645214299\n|switch|p1a: Meister|Kecleon, F|79\/100\n|move|p2a: Clefable|Flamethrower|p1a: Meister\n|-damage|p1a: Meister|45\/100\n|-start|p1a: Meister|typechange|Fire|[from] ability: Color Change\n|\n|-heal|p1a: Meister|51\/100|[from] item: Leftovers\n|upkeep\n|turn|20\n|\n|t:|1645214306\n|switch|p2a: Nidoqueen|Nidoqueen, F|92\/100\n|move|p1a: Meister|Iron Tail|p2a: Nidoqueen|[miss]\n|-miss|p1a: Meister|p2a: Nidoqueen\n|\n|-heal|p2a: Nidoqueen|98\/100|[from] item: Black Sludge\n|-heal|p1a: Meister|57\/100|[from] item: Leftovers\n|upkeep\n|turn|21\n|\n|t:|1645214315\n|switch|p1a: Starfish|Garchomp, F|94\/100 psn\n|move|p2a: Nidoqueen|Stealth Rock|p1a: Starfish\n|-sidestart|p1: LegendarySerperior|move: Stealth Rock\n|\n|-heal|p1a: Starfish|100\/100 psn|[from] item: Leftovers\n|-heal|p2a: Nidoqueen|100\/100|[from] item: Black Sludge\n|-damage|p1a: Starfish|88\/100 psn|[from] psn\n|upkeep\n|turn|22\n|\n|t:|1645214321\n|switch|p2a: Clefable|Clefable, M|100\/100\n|move|p1a: Starfish|Swords Dance|p1a: Starfish\n|-boost|p1a: Starfish|atk|2\n|\n|-heal|p1a: Starfish|94\/100 psn|[from] item: Leftovers\n|-damage|p1a: Starfish|82\/100 psn|[from] psn\n|upkeep\n|turn|23\n|\n|t:|1645214350\n|move|p1a: Starfish|Poison Jab|p2a: Clefable\n|-supereffective|p2a: Clefable\n|-damage|p2a: Clefable|54\/100\n|move|p2a: Clefable|Moonblast|p1a: Starfish\n|-supereffective|p1a: Starfish\n|-damage|p1a: Starfish|18\/100 psn\n|\n|-heal|p1a: Starfish|24\/100 psn|[from] item: Leftovers\n|-heal|p2a: Clefable|60\/100|[from] item: Leftovers\n|-damage|p1a: Starfish|12\/100 psn|[from] psn\n|upkeep\n|turn|24\n|\n|t:|1645214354\n|move|p1a: Starfish|Poison Jab|p2a: Clefable\n|-supereffective|p2a: Clefable\n|-damage|p2a: Clefable|16\/100\n|-status|p2a: Clefable|psn\n|move|p2a: Clefable|Soft-Boiled|p2a: Clefable\n|-heal|p2a: Clefable|66\/100 psn\n|\n|-heal|p1a: Starfish|18\/100 psn|[from] item: Leftovers\n|-heal|p2a: Clefable|72\/100 psn|[from] item: Leftovers\n|-damage|p1a: Starfish|6\/100 psn|[from] psn\n|-damage|p2a: Clefable|60\/100 psn|[from] psn\n|upkeep\n|turn|25\n|\n|t:|1645214361\n|move|p1a: Starfish|Earthquake|p2a: Clefable\n|-damage|p2a: Clefable|20\/100 psn\n|move|p2a: Clefable|Soft-Boiled|p2a: Clefable\n|-heal|p2a: Clefable|70\/100 psn\n|\n|-heal|p1a: Starfish|12\/100 psn|[from] item: Leftovers\n|-heal|p2a: Clefable|76\/100 psn|[from] item: Leftovers\n|-damage|p1a: Starfish|0 fnt|[from] psn\n|faint|p1a: Starfish\n|-damage|p2a: Clefable|63\/100 psn|[from] psn\n|upkeep\n|\n|t:|1645214368\n|switch|p1a: Meister|Kecleon, F|57\/100\n|-damage|p1a: Meister|45\/100|[from] Stealth Rock\n|turn|26\n|\n|t:|1645214382\n|switch|p2a: Copperajah|Copperajah, F|78\/100\n|move|p1a: Meister|Recover|p1a: Meister\n|-heal|p1a: Meister|95\/100\n|\n|-heal|p1a: Meister|100\/100|[from] item: Leftovers\n|upkeep\n|turn|27\n|\n|t:|1645214386\n|move|p1a: Meister|Drain Punch|p2a: Copperajah\n|-supereffective|p2a: Copperajah\n|-damage|p2a: Copperajah|47\/100\n|move|p2a: Copperajah|Heavy Slam|p1a: Meister\n|-damage|p1a: Meister|40\/100\n|-start|p1a: Meister|typechange|Steel|[from] ability: Color Change\n|\n|-heal|p1a: Meister|46\/100|[from] item: Leftovers\n|upkeep\n|turn|28\n|\n|t:|1645214391\n|move|p1a: Meister|Drain Punch|p2a: Copperajah\n|-supereffective|p2a: Copperajah\n|-damage|p2a: Copperajah|14\/100\n|-heal|p1a: Meister|69\/100|[from] drain|[of] p2a: Copperajah\n|move|p2a: Copperajah|Heat Crash|p1a: Meister\n|-supereffective|p1a: Meister\n|-damage|p1a: Meister|0 fnt\n|faint|p1a: Meister\n|\n|upkeep\n|\n|t:|1645214400\n|switch|p1a: Stinky|Heliolisk, M|74\/100\n|-damage|p1a: Stinky|62\/100|[from] Stealth Rock\n|turn|29\n|\n|t:|1645214405\n|move|p1a: Stinky|Volt Switch|p2a: Copperajah\n|-damage|p2a: Copperajah|0 fnt\n|faint|p2a: Copperajah\n|\n|t:|1645214413\n|switch|p1a: Jackie|Scizor, F|100\/100|[from]move: Volt Switch\n|-damage|p1a: Jackie|88\/100|[from] Stealth Rock\n|\n|upkeep\n|\n|t:|1645214421\n|switch|p2a: Milotic|Milotic, M|100\/100\n|turn|30\n|\n|t:|1645214424\n|switch|p1a: Stinky|Heliolisk, M|62\/100\n|-damage|p1a: Stinky|50\/100|[from] Stealth Rock\n|move|p2a: Milotic|Scald|p1a: Stinky\n|-heal|p1a: Stinky|74\/100|[from] ability: Dry Skin|[of] p2a: Milotic\n|\n|upkeep\n|turn|31\n|\n|t:|1645214429\n|switch|p2a: Nidoqueen|Nidoqueen, F|100\/100\n|move|p1a: Stinky|Hyper Voice|p2a: Nidoqueen\n|-damage|p2a: Nidoqueen|70\/100\n|\n|-heal|p2a: Nidoqueen|76\/100|[from] item: Black Sludge\n|upkeep\n|turn|32\n|\n|t:|1645214445\n|move|p1a: Stinky|Surf|p2a: Nidoqueen\n|-supereffective|p2a: Nidoqueen\n|-damage|p2a: Nidoqueen|34\/100\n|move|p2a: Nidoqueen|Toxic Spikes|p1a: Stinky\n|-sidestart|p1: LegendarySerperior|move: Toxic Spikes\n|\n|-heal|p2a: Nidoqueen|40\/100|[from] item: Black Sludge\n|upkeep\n|turn|33\n|\n|t:|1645214460\n|move|p1a: Stinky|Surf|p2a: Nidoqueen\n|-supereffective|p2a: Nidoqueen\n|-damage|p2a: Nidoqueen|0 fnt\n|faint|p2a: Nidoqueen\n|\n|upkeep\n|\n|t:|1645214463\n|switch|p2a: Zeraora|Zeraora|90\/100\n|turn|34\n|\n|t:|1645214493\n|move|p2a: Zeraora|Bulk Up|p2a: Zeraora\n|-boost|p2a: Zeraora|atk|1\n|-boost|p2a: Zeraora|def|1\n|move|p1a: Stinky|Hyper Voice|p2a: Zeraora\n|-damage|p2a: Zeraora|29\/100\n|\n|-heal|p2a: Zeraora|35\/100|[from] item: Leftovers\n|upkeep\n|turn|35\n|\n|t:|1645214509\n|move|p2a: Zeraora|Play Rough|p1a: Stinky\n|-damage|p1a: Stinky|0 fnt\n|faint|p1a: Stinky\n|\n|-heal|p2a: Zeraora|41\/100|[from] item: Leftovers\n|upkeep\n|\n|t:|1645214513\n|switch|p1a: Jackie|Scizor, F|88\/100\n|-damage|p1a: Jackie|75\/100|[from] Stealth Rock\n|turn|36\n|\n|t:|1645214545\n|detailschange|p1a: Jackie|Scizor-Mega, F\n|-mega|p1a: Jackie|Scizor|Scizorite\n|move|p2a: Zeraora|Plasma Fists|p1a: Jackie\n|-damage|p1a: Jackie|18\/100\n|move|p1a: Jackie|Bug Bite|p2a: Zeraora\n|-damage|p2a: Zeraora|2\/100\n|\n|-heal|p2a: Zeraora|8\/100|[from] item: Leftovers\n|upkeep\n|turn|37\n|\n|t:|1645214554\n|switch|p2a: Clefable|Clefable, M|63\/100 psn\n|move|p1a: Jackie|Bullet Punch|p2a: Clefable\n|-supereffective|p2a: Clefable\n|-damage|p2a: Clefable|11\/100 psn\n|\n|-heal|p2a: Clefable|18\/100 psn|[from] item: Leftovers\n|-damage|p2a: Clefable|5\/100 psn|[from] psn\n|upkeep\n|turn|38\n|\n|t:|1645214589\n|move|p1a: Jackie|Bullet Punch|p2a: Clefable\n|-supereffective|p2a: Clefable\n|-damage|p2a: Clefable|0 fnt\n|faint|p2a: Clefable\n|\n|upkeep\n|\n|t:|1645214592\n|switch|p2a: Milotic|Milotic, M|100\/100\n|turn|39\n|\n|t:|1645214600\n|switch|p1a: Abstract|Sigilyph, M|97\/100\n|move|p2a: Milotic|Scald|p1a: Abstract\n|-damage|p1a: Abstract|59\/100\n|\n|upkeep\n|turn|40\n|\n|t:|1645214606\n|move|p1a: Abstract|Psychic|p2a: Milotic\n|-damage|p2a: Milotic|71\/100\n|move|p2a: Milotic|Scald|p1a: Abstract\n|-damage|p1a: Abstract|18\/100\n|\n|-heal|p2a: Milotic|77\/100|[from] item: Leftovers\n|upkeep\n|turn|41\n|\n|t:|1645214611\n|move|p1a: Abstract|Roost|p1a: Abstract\n|-heal|p1a: Abstract|68\/100\n|-singleturn|p1a: Abstract|move: Roost\n|move|p2a: Milotic|Flip Turn|p1a: Abstract\n|-crit|p1a: Abstract\n|-damage|p1a: Abstract|44\/100\n|\n|t:|1645214613\n|switch|p2a: Zeraora|Zeraora|8\/100|[from]move: Flip Turn\n|\n|-heal|p2a: Zeraora|14\/100|[from] item: Leftovers\n|upkeep\n|turn|42\n|\n|t:|1645214616\n|move|p2a: Zeraora|Plasma Fists|p1a: Abstract\n|-supereffective|p1a: Abstract\n|-damage|p1a: Abstract|0 fnt\n|faint|p1a: Abstract\n|\n|-heal|p2a: Zeraora|20\/100|[from] item: Leftovers\n|upkeep\n|\n|t:|1645214618\n|switch|p1a: Jackie|Scizor-Mega, F|18\/100\n|-damage|p1a: Jackie|5\/100|[from] Stealth Rock\n|turn|43\n|\n|t:|1645214620\n|move|p1a: Jackie|Bullet Punch|p2a: Zeraora\n|-resisted|p2a: Zeraora\n|-damage|p2a: Zeraora|0 fnt\n|faint|p2a: Zeraora\n|\n|upkeep\n|\n|t:|1645214622\n|switch|p2a: Milotic|Milotic, M|77\/100\n|turn|44\n|\n|t:|1645214623\n|move|p2a: Milotic|Scald|p1a: Jackie\n|-damage|p1a: Jackie|0 fnt\n|faint|p1a: Jackie\n|\n|win|pizzalover420\n|c|\u2606pizzalover420|gg\n|c|\u2606LegendarySerperior|gg\n","uploadtime":1645214633,"views":13,"p1id":"legendaryserperior","p2id":"pizzalover420","formatid":"gen8nationaldexdraft","rating":0,"private":0,"password":null}