{"id":"sports-gen8galardexdraft-657784","p1":"himynameisbobert","p2":"GeniusX","format":"gen8galardexdraft","log":"|j|\u2606himynameisbobert\n|j|\u2606GeniusX\n|t:|1653692443\n|gametype|singles\n|player|p1|himynameisbobert|himynameisbobert.png|\n|player|p2|GeniusX|geniusx.gif|\n|teamsize|p1|6\n|teamsize|p2|6\n|gen|8\n|tier|[Gen 8] Galar Dex Draft\n|rule|Sleep Clause Mod: Limit one foe put to sleep\n|rule|OHKO Clause: OHKO moves are banned\n|rule|Evasion Moves Clause: Evasion moves are banned\n|rule|Endless Battle Clause: Forcing endless battles is banned\n|rule|HP Percentage Mod: HP is shown in percentages\n|rule|Dynamax Clause: You cannot dynamax\n|clearpoke\n|poke|p1|Zeraora|\n|poke|p1|Hydreigon, M|\n|poke|p1|Buzzwole|\n|poke|p1|Mew|\n|poke|p1|Stunfisk, M|\n|poke|p1|Eldegoss, M|\n|poke|p2|Primarina, M|\n|poke|p2|Zapdos|\n|poke|p2|Scrafty, M|\n|poke|p2|Garchomp, F|\n|poke|p2|Spectrier|\n|poke|p2|Gloom, F|\n|teampreview\n|html|<button name=\"send\" class=\"button\" value=\"\/timer ds\"><i class=\"fa fa-hourglass-start\"><\/i> DS Timer<\/button> <button name=\"send\" class=\"button\" value=\"\/timer smogon\"><i class=\"fa fa-hourglass-start\"><\/i> Smogon Timer<\/button>\n|j| The Damn Goat\n|c|\u2606himynameisbobert|hf!\n|c|\u2606GeniusX|hf\n|j| ddrakloak\n|inactive|Battle timer is ON: inactive players will automatically lose when time's up. (requested by GeniusX)\n|j| CertifiedLarperBoy\n|j| VIG Luffy\n|j| BeaverGanger69\n|j| DOOR MONEY\n|\n|t:|1653692482\n|start\n|switch|p1a: Mew|Mew|100\/100\n|switch|p2a: Primarina|Primarina, M|100\/100\n|turn|1\n|j| PikachuZappyZap\n|j| DZ Odin\n|j| UnviaSlick\n|j| mrmiddleman\n|c| BeaverGanger69|GLOOM DOOM\n|j| pattek\n|j| TOE checkmate\n|j| hjkhj\n|\n|t:|1653692498\n|move|p1a: Mew|Knock Off|p2a: Primarina\n|-resisted|p2a: Primarina\n|-damage|p2a: Primarina|87\/100\n|-enditem|p2a: Primarina|Choice Specs|[from] move: Knock Off|[of] p1a: Mew\n|move|p2a: Primarina|Moonblast|p1a: Mew\n|-damage|p1a: Mew|61\/100\n|-unboost|p1a: Mew|spa|1\n|\n|upkeep\n|turn|2\n|j| ChilisGrillNBar\n|c| ChilisGrillNBar|wow\n|j| Lady Writer \u2740\n|j| blitty boy\n|c| ChilisGrillNBar|a dpl game?\n|l|blittyboy\n|inactive|himynameisbobert has 270 seconds left.\n|j| fruit rollups\n|j| Tgm birbtales\n|inactive|GeniusX has 270 seconds left.\n|j| fartballs45\n|j| Bobert W\n|c| Tgm birbtales|God i love bobert\n|c| fartballs45|Fuck you beaverganger69\n|\n|t:|1653692536\n|move|p1a: Mew|Spikes|p2a: Primarina\n|-sidestart|p2: GeniusX|Spikes\n|move|p2a: Primarina|Scald|p1a: Mew\n|-damage|p1a: Mew|27\/100\n|-status|p1a: Mew|brn\n|-activate|p1a: Mew|ability: Synchronize\n|-status|p2a: Primarina|brn\n|-enditem|p1a: Mew|Lum Berry|[eat]\n|-curestatus|p1a: Mew|brn|[msg]\n|\n|-damage|p2a: Primarina|80\/100 brn|[from] brn\n|upkeep\n|turn|3\n|j| sponsoredbyNordVPN\n|inactive|himynameisbobert has 270 seconds left.\n|inactive|GeniusX has 270 seconds left.\n|c| Bobert W|Hello gm dpl \n|l| Tgm birbtales\n|j| TGM Undead\n|j| The Master Update\n|j| bathe in her blood\n|c| BeaverGanger69|Fart balls I know I told you what to do last week\n|j| vinithewini\n|j| Tgm birbtales\n|j| Poor Dave Roberts\n|j| MoneyGuy9559\n|inactive|GeniusX has 240 seconds left.\n|\n|t:|1653692571\n|switch|p2a: Spectrier|Spectrier|100\/100\n|move|p1a: Mew|Roost|p1a: Mew\n|-heal|p1a: Mew|77\/100\n|-singleturn|p1a: Mew|move: Roost\n|\n|upkeep\n|turn|4\n|c| fartballs45|I do not care.\n|inactive|himynameisbobert has 270 seconds left.\n|c| PikachuZappyZap|fartballs45 why aren't you playing in DPL\n|c| ChilisGrillNBar|idt he got the message\n|l| TGM Undead\n|l| Tgm birbtales\n|c| fartballs45|The players are like cyans to me\n|\n|t:|1653692608\n|switch|p1a: Hydreigon|Hydreigon, M|100\/100\n|move|p2a: Spectrier|Will-O-Wisp|p1a: Hydreigon\n|-status|p1a: Hydreigon|brn\n|\n|-damage|p1a: Hydreigon|94\/100 brn|[from] brn\n|upkeep\n|turn|5\n|c| fartballs45|I dont need to waste my time on them..\n|c| PikachuZappyZap|so true\n|j| stfu fartballs\n|inactive|himynameisbobert has 240 seconds left.\n|inactive|GeniusX has 240 seconds left.\n|c| Bobert W|Fart balls.\n|j| professor tumble\n|\n|t:|1653692628\n|switch|p2a: Primarina|Primarina, M|80\/100 brn\n|-damage|p2a: Primarina|68\/100 brn|[from] Spikes\n|move|p1a: Hydreigon|Crunch|p2a: Primarina\n|-resisted|p2a: Primarina\n|-damage|p2a: Primarina|57\/100 brn\n|\n|-heal|p1a: Hydreigon|100\/100 brn|[from] item: Leftovers\n|-damage|p1a: Hydreigon|94\/100 brn|[from] brn\n|-damage|p2a: Primarina|51\/100 brn|[from] brn\n|upkeep\n|turn|6\n|inactive|himynameisbobert has 240 seconds left.\n|\n|t:|1653692658\n|move|p1a: Hydreigon|U-turn|p2a: Primarina\n|-resisted|p2a: Primarina\n|-damage|p2a: Primarina|44\/100 brn\n|j| IronFlashGaming\n|\n|t:|1653692661\n|switch|p1a: Eldegoss|Eldegoss, M|100\/100|[from]move: U-turn\n|move|p2a: Primarina|Moonblast|p1a: Eldegoss\n|-damage|p1a: Eldegoss|54\/100\n|-unboost|p1a: Eldegoss|spa|1\n|\n|-damage|p2a: Primarina|38\/100 brn|[from] brn\n|upkeep\n|turn|7\n|l|\u2606himynameisbobert\n|inactive|himynameisbobert disconnected and has 300 seconds to reconnect!\n|player|p1|\n|inactive|GeniusX has 240 seconds left.\n|j|^Bontz\n|c| Lady Writer \u2740|timer gonna be 3-0?\n|j|\u2606himynameisbobert\n|inactive|himynameisbobert reconnected and has 225 seconds left.\n|player|p1|himynameisbobert|himynameisbobert.png\n|c| Lady Writer \u2740|nvm\n|c| DOOR MONEY|Lady Writer you silly goose\n|\n|t:|1653692704\n|switch|p2a: Garchomp|Garchomp, F|100\/100\n|-damage|p2a: Garchomp|88\/100|[from] Spikes\n|move|p1a: Eldegoss|Aromatherapy|p1a: Eldegoss\n|-activate|p1a: Eldegoss|move: Aromatherapy\n|-curestatus|p1: Hydreigon|brn|[msg]\n|\n|upkeep\n|turn|8\n|j| TGM Undead\n|j| Tjb145\n|c| BeaverGanger69|One can only hope\n|c| ddrakloak|yo timer has to be off in the event of a dc\n|c| ddrakloak|jsyk\n|inactive|himynameisbobert has 210 seconds left.\n|\n|t:|1653692725\n|move|p2a: Garchomp|Stealth Rock|p1a: Eldegoss\n|-sidestart|p1: himynameisbobert|move: Stealth Rock\n|move|p1a: Eldegoss|Leech Seed|p2a: Garchomp\n|-start|p2a: Garchomp|move: Leech Seed\n|\n|-damage|p2a: Garchomp|76\/100|[from] Leech Seed|[of] p1a: Eldegoss\n|-heal|p1a: Eldegoss|68\/100|[silent]\n|upkeep\n|turn|9\n|inactive|himynameisbobert has 210 seconds left.\n|inactive|GeniusX has 240 seconds left.\n|j| J2411\n|l| TGM Undead\n|inactive|himynameisbobert has 180 seconds left.\n|\n|t:|1653692767\n|switch|p2a: Zapdos|Zapdos|100\/100\n|move|p1a: Eldegoss|Rapid Spin|p2a: Zapdos\n|-damage|p2a: Zapdos|95\/100\n|-boost|p1a: Eldegoss|spe|1\n|-sideend|p1: himynameisbobert|Stealth Rock|[from] move: Rapid Spin|[of] p1a: Eldegoss\n|\n|upkeep\n|turn|10\n|j| PokeFan4125\n|c| fartballs45|Ok ddrakloak fuckin Nerd LOL\n|inactive|himynameisbobert has 180 seconds left.\n|inactive|GeniusX has 240 seconds left.\n|j| ElevatedGodlyness\n|j| BurningDL\n|j| una vez\n|c| ddrakloak|mb\n|\n|t:|1653692793\n|switch|p1a: Stunfisk|Stunfisk, M|100\/100\n|move|p2a: Zapdos|Toxic|p1a: Stunfisk\n|-status|p1a: Stunfisk|tox\n|\n|-damage|p1a: Stunfisk|94\/100 tox|[from] psn\n|upkeep\n|turn|11\n|c| PikachuZappyZap|user stfu fartballs that is not a very nice username\n|inactive|GeniusX has 240 seconds left.\n|inactive|himynameisbobert has 150 seconds left.\n|\n|t:|1653692818\n|switch|p2a: Garchomp|Garchomp, F|76\/100\n|-damage|p2a: Garchomp|63\/100|[from] Spikes\n|switch|p1a: Mew|Mew|77\/100\n|\n|upkeep\n|turn|12\n|l| Bobert W\n|inactive|himynameisbobert has 150 seconds left.\n|\n|t:|1653692842\n|switch|p2a: Scrafty|Scrafty, M|100\/100\n|-damage|p2a: Scrafty|88\/100|[from] Spikes\n|-ability|p2a: Scrafty|Intimidate|boost\n|-unboost|p1a: Mew|atk|1\n|move|p1a: Mew|Knock Off|p2a: Scrafty\n|-resisted|p2a: Scrafty\n|-damage|p2a: Scrafty|86\/100\n|-enditem|p2a: Scrafty|Leftovers|[from] move: Knock Off|[of] p1a: Mew\n|\n|upkeep\n|turn|13\n|c| BeaverGanger69|Ok fartballs is pissing me off\n|j| Regi POOPIN\n|c| DOOR MONEY|yeah attacking veno was too much\n|c| BeaverGanger69|stop talking to ddrakloak that way\n|\n|t:|1653692865\n|switch|p1a: Eldegoss|Eldegoss, M|100\/100\n|move|p2a: Scrafty|Toxic|p1a: Eldegoss\n|-status|p1a: Eldegoss|tox\n|\n|-damage|p1a: Eldegoss|94\/100 tox|[from] psn\n|upkeep\n|turn|14\n|\n|t:|1653692871\n|move|p2a: Scrafty|Taunt|p1a: Eldegoss\n|-start|p1a: Eldegoss|move: Taunt\n|cant|p1a: Eldegoss|move: Taunt|Aromatherapy\n|\n|-damage|p1a: Eldegoss|82\/100 tox|[from] psn\n|upkeep\n|turn|15\n|c| stfu fartballs|this\n|inactive|himynameisbobert has 120 seconds left.\n|\n|t:|1653692904\n|switch|p1a: Buzzwole|Buzzwole|100\/100\n|move|p2a: Scrafty|Toxic|p1a: Buzzwole|[miss]\n|-miss|p2a: Scrafty|p1a: Buzzwole\n|\n|upkeep\n|turn|16\n|inactive|himynameisbobert has 120 seconds left.\n|inactive|GeniusX has 240 seconds left.\n|\n|t:|1653692921\n|switch|p2a: Zapdos|Zapdos|95\/100\n|move|p1a: Buzzwole|Toxic|p2a: Zapdos\n|-status|p2a: Zapdos|tox\n|\n|-damage|p2a: Zapdos|89\/100 tox|[from] psn\n|upkeep\n|turn|17\n|inactive|himynameisbobert has 120 seconds left.\n|j| arezuwu\n|j| CollectiveThinking\n|\n|t:|1653692947\n|switch|p1a: Zeraora|Zeraora|100\/100\n|move|p2a: Zapdos|Hurricane|p1a: Zeraora\n|-resisted|p1a: Zeraora\n|-damage|p1a: Zeraora|75\/100\n|\n|-damage|p2a: Zapdos|77\/100 tox|[from] psn\n|upkeep\n|turn|18\n|\n|t:|1653692965\n|move|p1a: Zeraora|Knock Off|p2a: Zapdos\n|-damage|p2a: Zapdos|33\/100 tox\n|-enditem|p2a: Zapdos|Heavy-Duty Boots|[from] move: Knock Off|[of] p1a: Zeraora\n|move|p2a: Zapdos|Toxic|p1a: Zeraora\n|-status|p1a: Zeraora|tox\n|\n|-damage|p1a: Zeraora|69\/100 tox|[from] psn\n|-damage|p2a: Zapdos|15\/100 tox|[from] psn\n|upkeep\n|turn|19\n|n| fartballs' father|pattek\n|\n|t:|1653692976\n|switch|p2a: Scrafty|Scrafty, M|86\/100\n|-damage|p2a: Scrafty|73\/100|[from] Spikes\n|-ability|p2a: Scrafty|Intimidate|boost\n|-unboost|p1a: Zeraora|atk|1\n|move|p1a: Zeraora|Knock Off|p2a: Scrafty\n|-resisted|p2a: Scrafty\n|-damage|p2a: Scrafty|70\/100\n|\n|-damage|p1a: Zeraora|56\/100 tox|[from] psn\n|upkeep\n|turn|20\n|c| fartballs' father|what did i tell you about acting up fartballs45\n|c| fartballs' father|*spanks fartballs45*\n|inactive|himynameisbobert has 90 seconds left.\n|c| DOOR MONEY|hi pattek aka fartballs' father\n|c| ElevatedGodlyness|dpl moment\n|j| doogalhh\n|inactive|himynameisbobert has 60 seconds left.\n|\n|t:|1653693041\n|switch|p1a: Stunfisk|Stunfisk, M|94\/100 tox\n|move|p2a: Scrafty|Toxic|p1a: Stunfisk\n|-fail|p1a: Stunfisk|tox\n|\n|-damage|p1a: Stunfisk|88\/100 tox|[from] psn\n|upkeep\n|turn|21\n|c| fartballs45|Shut up obesoid\n|inactive|himynameisbobert has 30 seconds left.\n|\n|t:|1653693062\n|move|p2a: Scrafty|Toxic|p1a: Stunfisk|[miss]\n|-miss|p2a: Scrafty|p1a: Stunfisk\n|move|p1a: Stunfisk|Thunderbolt|p2a: Scrafty\n|-damage|p2a: Scrafty|36\/100\n|\n|-damage|p1a: Stunfisk|76\/100 tox|[from] psn\n|upkeep\n|turn|22\n|c| fartballs' father|hes already poisoned man\n|inactive|himynameisbobert has 30 seconds left.\n|\n|t:|1653693080\n|move|p2a: Scrafty|Protect|p2a: Scrafty\n|-singleturn|p2a: Scrafty|Protect\n|move|p1a: Stunfisk|Earth Power|p2a: Scrafty\n|-activate|p2a: Scrafty|move: Protect\n|\n|-damage|p1a: Stunfisk|58\/100 tox|[from] psn\n|upkeep\n|turn|23\n|c| PikachuZappyZap|thank you fartballs' father aka pattek\n|inactive|himynameisbobert has 30 seconds left.\n|\n|t:|1653693099\n|move|p2a: Scrafty|Knock Off|p1a: Stunfisk\n|-damage|p1a: Stunfisk|23\/100 tox\n|-enditem|p1a: Stunfisk|Passho Berry|[from] move: Knock Off|[of] p2a: Scrafty\n|move|p1a: Stunfisk|Stealth Rock|p2a: Scrafty\n|-sidestart|p2: GeniusX|move: Stealth Rock\n|\n|-damage|p1a: Stunfisk|0 fnt|[from] psn\n|faint|p1a: Stunfisk\n|upkeep\n|inactive|himynameisbobert has 30 seconds left this turn.\n|inactive|himynameisbobert has 20 seconds left.\n|\n|t:|1653693110\n|switch|p1a: Buzzwole|Buzzwole|100\/100\n|turn|24\n|inactive|himynameisbobert has 30 seconds left this turn.\n|\n|t:|1653693117\n|switch|p2a: Zapdos|Zapdos|15\/100 tox\n|-damage|p2a: Zapdos|0 fnt|[from] Stealth Rock\n|faint|p2a: Zapdos\n|move|p1a: Buzzwole|Drain Punch|p2: Zapdos|[notarget]\n|-fail|p1a: Buzzwole\n|\n|upkeep\n|j| TGM Undead\n|\n|t:|1653693137\n|switch|p2a: Primarina|Primarina, M|38\/100 brn\n|-damage|p2a: Primarina|26\/100 brn|[from] Stealth Rock\n|-damage|p2a: Primarina|14\/100 brn|[from] Spikes\n|turn|25\n|l| TGM Undead\n|\n|t:|1653693149\n|switch|p1a: Eldegoss|Eldegoss, M|100\/100 tox\n|move|p2a: Primarina|Moonblast|p1a: Eldegoss\n|-damage|p1a: Eldegoss|55\/100 tox\n|\n|-damage|p1a: Eldegoss|49\/100 tox|[from] psn\n|-damage|p2a: Primarina|7\/100 brn|[from] brn\n|upkeep\n|turn|26\n|j| TGM Undead\n|\n|t:|1653693162\n|move|p2a: Primarina|Moonblast|p1a: Eldegoss\n|-damage|p1a: Eldegoss|7\/100 tox\n|-unboost|p1a: Eldegoss|spa|1\n|move|p1a: Eldegoss|Aromatherapy|p1a: Eldegoss\n|-activate|p1a: Eldegoss|move: Aromatherapy\n|-curestatus|p1a: Eldegoss|tox|[msg]\n|-curestatus|p1: Zeraora|tox|[msg]\n|\n|-damage|p2a: Primarina|1\/100 brn|[from] brn\n|upkeep\n|turn|27\n|l| PokeFan4125\n|j| deez streetz w\n|\n|t:|1653693173\n|switch|p1a: Mew|Mew|77\/100\n|move|p2a: Primarina|Hydro Cannon|p1a: Mew\n|-damage|p1a: Mew|0 fnt\n|-mustrecharge|p2a: Primarina\n|faint|p1a: Mew\n|\n|-damage|p2a: Primarina|0 fnt|[from] brn\n|faint|p2a: Primarina\n|upkeep\n|c| DOOR MONEY|LOL\n|inactive|GeniusX has 240 seconds left.\n|c| Regi POOPIN|o\n|c| CertifiedLarperBoy|Omg\n|c| ElevatedGodlyness|wow\n|c| The Damn Goat|smoked\n|c| professor tumble|gn\n|c| fartballs' father|wp\n|c| VIG Luffy|gn\n|c| Regi POOPIN|gn\n|c| PikachuZappyZap|CANNONED\n|l| TGM Undead\n|c| sponsoredbyNordVPN|yoooooooo\n|inactive|himynameisbobert has 30 seconds left.\n|c| ElevatedGodlyness|that cannon was man\n|c| ChilisGrillNBar|gn\n|c| IronFlashGaming|.\n|\n|t:|1653693195\n|switch|p1a: Zeraora|Zeraora|56\/100\n|switch|p2a: Gloom|Gloom, F|100\/100\n|-damage|p2a: Gloom|88\/100|[from] Spikes\n|-damage|p2a: Gloom|76\/100|[from] Stealth Rock\n|turn|28\n|l| deez streetz w\n|c| PikachuZappyZap|gg\n|j| TGM Undead\n|c| VIG Luffy|in\n|c| Regi POOPIN|in\n|inactive|himynameisbobert has 30 seconds left.\n|c| fartballs' father|what the fuck is that\n|c| fartballs45|Ur fucking face\n|j| aimlessghost\n|j| deez streetz w\n|inactive|himynameisbobert has 20 seconds left.\n|c| fartballs' father|?\n|l| Lady Writer \u2740\n|c| PikachuZappyZap|fartballs' father aka pattek that is a Gloom\n|inactive|himynameisbobert has 15 seconds left.\n|c| Regi POOPIN|timer w \n|c| fartballs' father|didnt i just tell u to stop acting up\n|inactive|himynameisbobert has 10 seconds left.\n|c| ddrakloak|timer sir\n|\n|t:|1653693227\n|switch|p1a: Hydreigon|Hydreigon, M|94\/100\n|move|p2a: Gloom|Strength Sap|p1a: Hydreigon\n|-unboost|p1a: Hydreigon|atk|1\n|-heal|p2a: Gloom|100\/100\n|\n|-heal|p1a: Hydreigon|100\/100|[from] item: Leftovers\n|upkeep\n|turn|29\n|inactive|himynameisbobert has 20 seconds left this turn.\n|c| fartballs' father|*Grabs Whip*\n|inactive|himynameisbobert has 15 seconds left.\n|inactive|GeniusX has 240 seconds left.\n|l| TGM Undead\n|c| fartballs45|Nah this next turn\n|inactive|himynameisbobert has 10 seconds left.\n|\n|t:|1653693237\n|move|p1a: Hydreigon|Crunch|p2a: Gloom\n|-damage|p2a: Gloom|85\/100\n|move|p2a: Gloom|Toxic|p1a: Hydreigon\n|-status|p1a: Hydreigon|tox\n|\n|-damage|p1a: Hydreigon|94\/100 tox|[from] psn\n|upkeep\n|turn|30\n|inactive|himynameisbobert has 20 seconds left this turn.\n|c| fartballs45|gonna be fire\n|c| ChilisGrillNBar|fartballs father is built like a gloom\n|c| professor tumble|,\n|c| fartballs45|Nvm\n|c| Regi POOPIN|common gloom w \n|c| sponsoredbyNordVPN|15\n|inactive|GeniusX has 240 seconds left.\n|l| deez streetz w\n|\n|t:|1653693248\n|move|p2a: Gloom|Infestation|p1a: Hydreigon\n|-supereffective|p1a: Hydreigon\n|-damage|p1a: Hydreigon|87\/100 tox\n|-activate|p1a: Hydreigon|move: Infestation|[of] p2a: Gloom\n|move|p1a: Hydreigon|Roar|p2a: Gloom\n|drag|p2a: Garchomp|Garchomp, F|63\/100\n|-damage|p2a: Garchomp|57\/100|[from] Stealth Rock\n|-damage|p2a: Garchomp|45\/100|[from] Spikes\n|\n|-heal|p1a: Hydreigon|93\/100 tox|[from] item: Leftovers\n|-damage|p1a: Hydreigon|81\/100 tox|[from] psn\n|-end|p1a: Hydreigon|Infestation|[partiallytrapped]|[silent]\n|upkeep\n|turn|31\n|inactive|himynameisbobert has 30 seconds left this turn.\n|c| ElevatedGodlyness|that crunch hit diff\n|c| fartballs' father|Bro had to roar out a gloom\n|inactive|GeniusX has 240 seconds left.\n|\n|t:|1653693262\n|switch|p1a: Eldegoss|Eldegoss, M|41\/100\n|move|p2a: Garchomp|Scale Shot|p1a: Eldegoss\n|-damage|p1a: Eldegoss|24\/100\n|-damage|p1a: Eldegoss|9\/100\n|-damage|p1a: Eldegoss|0 fnt\n|faint|p1a: Eldegoss\n|-hitcount|p1: Eldegoss|3\n|-unboost|p2a: Garchomp|def|1\n|-boost|p2a: Garchomp|spe|1\n|\n|upkeep\n|inactive|himynameisbobert has 30 seconds left this turn.\n|\n|t:|1653693269\n|switch|p1a: Buzzwole|Buzzwole|100\/100\n|turn|32\n|inactive|himynameisbobert has 30 seconds left.\n|\n|t:|1653693279\n|switch|p2a: Spectrier|Spectrier|100\/100\n|move|p1a: Buzzwole|Ice Punch|p2a: Spectrier\n|-damage|p2a: Spectrier|75\/100\n|-status|p2a: Spectrier|frz\n|\n|upkeep\n|turn|33\n|c| fartballs' father|Wp\n|j| TGM Undead\n|c| Regi POOPIN|gn\n|c| TOE checkmate|yessir\n|c| UnviaSlick|based\n|c| IronFlashGaming|wp\n|\n|t:|1653693289\n|switch|p1a: Hydreigon|Hydreigon, M|81\/100 tox\n|-curestatus|p2a: Spectrier|frz|[msg]\n|move|p2a: Spectrier|Will-O-Wisp||[still]\n|-fail|p2a: Spectrier\n|\n|-heal|p1a: Hydreigon|87\/100 tox|[from] item: Leftovers\n|-damage|p1a: Hydreigon|81\/100 tox|[from] psn\n|upkeep\n|turn|34\n|c| TOE checkmate|smoked\n|c| ElevatedGodlyness|freezed skillfully\n|c| TOE checkmate|.\n|c| ChilisGrillNBar|o\n|c| TOE checkmate|goddamn hax\n|c| sponsoredbyNordVPN|game moment\n|c| PikachuZappyZap|so good\n|c| fartballs' father|Wp\n|c| stfu fartballs|so lucky\n|inactive|himynameisbobert has 30 seconds left.\n|\n|t:|1653693311\n|switch|p2a: Scrafty|Scrafty, M|36\/100\n|-damage|p2a: Scrafty|24\/100|[from] Spikes\n|-damage|p2a: Scrafty|18\/100|[from] Stealth Rock\n|-ability|p2a: Scrafty|Intimidate|boost\n|-unboost|p1a: Hydreigon|atk|1\n|move|p1a: Hydreigon|Crunch|p2a: Scrafty\n|-resisted|p2a: Scrafty\n|-damage|p2a: Scrafty|14\/100\n|-unboost|p2a: Scrafty|def|1\n|\n|-heal|p1a: Hydreigon|87\/100 tox|[from] item: Leftovers\n|-damage|p1a: Hydreigon|75\/100 tox|[from] psn\n|upkeep\n|turn|35\n|c| TOE checkmate|why is this team solod by gloom wtf\n|l| TGM Undead\n|inactive|himynameisbobert has 30 seconds left.\n|\n|t:|1653693328\n|move|p2a: Scrafty|Protect|p2a: Scrafty\n|-singleturn|p2a: Scrafty|Protect\n|move|p1a: Hydreigon|Roar|p2a: Scrafty\n|drag|p2a: Garchomp|Garchomp, F|45\/100\n|-damage|p2a: Garchomp|38\/100|[from] Stealth Rock\n|-damage|p2a: Garchomp|26\/100|[from] Spikes\n|\n|-heal|p1a: Hydreigon|81\/100 tox|[from] item: Leftovers\n|-damage|p1a: Hydreigon|62\/100 tox|[from] psn\n|upkeep\n|turn|36\n|j| Chip in a WIG\n|inactive|himynameisbobert has 30 seconds left.\n|inactive|GeniusX has 240 seconds left.\n|\n|t:|1653693354\n|switch|p1a: Buzzwole|Buzzwole|100\/100\n|move|p2a: Garchomp|Stealth Rock|p1a: Buzzwole\n|-sidestart|p1: himynameisbobert|move: Stealth Rock\n|\n|upkeep\n|turn|37\n|l| Chip in a WIG\n|j| TOOXIC860\n|j| SB JC\n|inactive|himynameisbobert has 30 seconds left.\n|inactive|GeniusX has 240 seconds left.\n|c| sponsoredbyNordVPN|up\n|c| PikachuZappyZap|up\n|\n|t:|1653693368\n|switch|p2a: Scrafty|Scrafty, M|14\/100\n|-damage|p2a: Scrafty|2\/100|[from] Spikes\n|-damage|p2a: Scrafty|0 fnt|[from] Stealth Rock\n|faint|p2a: Scrafty\n|move|p1a: Buzzwole|Ice Punch|p2: Scrafty|[notarget]\n|-fail|p1a: Buzzwole\n|\n|upkeep\n|inactive|himynameisbobert has 30 seconds left this turn.\n|c| ElevatedGodlyness|the timer wincon\n|\n|t:|1653693371\n|switch|p2a: Spectrier|Spectrier|75\/100\n|turn|38\n|\n|t:|1653693377\n|move|p2a: Spectrier|Hex|p1a: Buzzwole\n|-damage|p1a: Buzzwole|63\/100\n|move|p1a: Buzzwole|Toxic|p2a: Spectrier\n|-status|p2a: Spectrier|tox\n|\n|-damage|p2a: Spectrier|69\/100 tox|[from] psn\n|upkeep\n|turn|39\n|j| WhatHappensinPKMN\n|\n|t:|1653693389\n|switch|p1a: Hydreigon|Hydreigon, M|62\/100 tox\n|-damage|p1a: Hydreigon|50\/100 tox|[from] Stealth Rock\n|move|p2a: Spectrier|Taunt|p1a: Hydreigon\n|-start|p1a: Hydreigon|move: Taunt\n|\n|-heal|p1a: Hydreigon|56\/100 tox|[from] item: Leftovers\n|-damage|p2a: Spectrier|56\/100 tox|[from] psn\n|-damage|p1a: Hydreigon|50\/100 tox|[from] psn\n|upkeep\n|turn|40\n|inactive|GeniusX has 240 seconds left.\n|\n|t:|1653693412\n|switch|p2a: Gloom|Gloom, F|85\/100\n|-damage|p2a: Gloom|73\/100|[from] Stealth Rock\n|-damage|p2a: Gloom|61\/100|[from] Spikes\n|move|p1a: Hydreigon|U-turn|p2a: Gloom\n|-damage|p2a: Gloom|48\/100\n|\n|t:|1653693416\n|switch|p1a: Zeraora|Zeraora|56\/100|[from]move: U-turn\n|-damage|p1a: Zeraora|44\/100|[from] Stealth Rock\n|\n|upkeep\n|turn|41\n|j| TGM Undead\n|\n|t:|1653693435\n|move|p1a: Zeraora|Blaze Kick|p2a: Gloom\n|-supereffective|p2a: Gloom\n|-damage|p2a: Gloom|0 fnt\n|faint|p2a: Gloom\n|\n|upkeep\n|\n|t:|1653693439\n|switch|p2a: Garchomp|Garchomp, F|26\/100\n|-damage|p2a: Garchomp|20\/100|[from] Stealth Rock\n|-damage|p2a: Garchomp|7\/100|[from] Spikes\n|turn|42\n|inactive|himynameisbobert has 30 seconds left.\n|l| TGM Undead\n|inactive|himynameisbobert has 20 seconds left.\n|inactive|himynameisbobert has 15 seconds left.\n|\n|t:|1653693478\n|move|p1a: Zeraora|Blaze Kick|p2a: Garchomp\n|-resisted|p2a: Garchomp\n|-damage|p2a: Garchomp|0 fnt\n|-damage|p1a: Zeraora|32\/100|[from] ability: Rough Skin|[of] p2a: Garchomp\n|faint|p2a: Garchomp\n|\n|upkeep\n|inactive|himynameisbobert has 20 seconds left this turn.\n|\n|t:|1653693480\n|switch|p2a: Spectrier|Spectrier|56\/100 tox\n|turn|43\n|inactive|himynameisbobert has 30 seconds left this turn.\n|\n|t:|1653693486\n|switch|p1a: Buzzwole|Buzzwole|63\/100\n|-damage|p1a: Buzzwole|51\/100|[from] Stealth Rock\n|move|p2a: Spectrier|Hex|p1a: Buzzwole\n|-damage|p1a: Buzzwole|14\/100\n|\n|-damage|p2a: Spectrier|50\/100 tox|[from] psn\n|upkeep\n|turn|44\n|\n|t:|1653693491\n|move|p2a: Spectrier|Hex|p1a: Buzzwole\n|-damage|p1a: Buzzwole|0 fnt\n|faint|p1a: Buzzwole\n|-ability|p2a: Spectrier|Grim Neigh|boost\n|-boost|p2a: Spectrier|spa|1\n|\n|-damage|p2a: Spectrier|38\/100 tox|[from] psn\n|upkeep\n|\n|t:|1653693495\n|switch|p1a: Zeraora|Zeraora|32\/100\n|-damage|p1a: Zeraora|19\/100|[from] Stealth Rock\n|turn|45\n|\n|t:|1653693499\n|move|p1a: Zeraora|Knock Off|p2a: Spectrier\n|-supereffective|p2a: Spectrier\n|-damage|p2a: Spectrier|0 fnt\n|-enditem|p2a: Spectrier|Heavy-Duty Boots|[from] move: Knock Off|[of] p1a: Zeraora\n|faint|p2a: Spectrier\n|\n|win|himynameisbobert\n|c| IronFlashGaming|gg\n|c|\u2606GeniusX|gg\n|c|\u2606himynameisbobert|gg\n|l| vinithewini\n|c| fartballs' father|gg\n|l| Regi POOPIN\n|l| TOOXIC860\n|l| MoneyGuy9559\n|l| PikachuZappyZap\n|l| VIG Luffy\n|l| SB JC\n|l| CertifiedLarperBoy\n|l| BeaverGanger69\n|l| ElevatedGodlyness\n|l| fartballs45\n|l| WhatHappensinPKMN\n|l| fartballs' father\n|l| BurningDL\n|l| doogalhh\n|l| stfu fartballs\n|l|^Bontz\n|l| UnviaSlick\n|l| mrmiddleman\n|j| TGM Undead\n|l| una vez\n|l|\u2606himynameisbobert\n|l| J2411\n|l| professor tumble\n|l| TGM Undead\n|l| arezuwu\n|l| Poor Dave Roberts\n","uploadtime":1653693506,"views":210,"p1id":"himynameisbobert","p2id":"geniusx","formatid":"gen8galardexdraft","rating":0,"private":0,"password":null}