{"id":"sports-gen8nationaldexdraft-708983","p1":"SB Shiny","p2":"Elon Musk Rusk","format":"gen8nationaldexdraft","log":"|j|\u2606SB Shiny\n|j|\u2606Elon Musk Rusk\n|t:|1660555422\n|gametype|singles\n|player|p1|SB Shiny|sbshiny.png|\n|player|p2|Elon Musk Rusk|266|\n|teamsize|p1|6\n|teamsize|p2|6\n|gen|8\n|tier|[Gen 8] National Dex Draft\n|rule|Sleep Clause Mod: Limit one foe put to sleep\n|rule|OHKO Clause: OHKO moves are banned\n|rule|Evasion Moves Clause: Evasion moves are banned\n|rule|Endless Battle Clause: Forcing endless battles is banned\n|rule|HP Percentage Mod: HP is shown in percentages\n|rule|Dynamax Clause: You cannot dynamax\n|clearpoke\n|poke|p1|Absol, M|\n|poke|p1|Darmanitan-Galar, F|\n|poke|p1|Zygarde|\n|poke|p1|Tapu Lele|\n|poke|p1|Alomomola, F|\n|poke|p1|Amoonguss, F|\n|poke|p2|Medicham, F|\n|poke|p2|Vaporeon, F|\n|poke|p2|Zapdos|\n|poke|p2|Whimsicott, F|\n|poke|p2|Deoxys-Defense|\n|poke|p2|Aegislash, M|\n|teampreview\n|html|<button name=\"send\" class=\"button\" value=\"\/timer ds\"><i class=\"fa fa-hourglass-start\"><\/i> DS Timer<\/button> <button name=\"send\" class=\"button\" value=\"\/timer smogon\"><i class=\"fa fa-hourglass-start\"><\/i> Smogon Timer<\/button>\n|\n|t:|1660555432\n|start\n|switch|p1a: Zygarde|Zygarde|100\/100\n|switch|p2a: Zapdos|Zapdos|100\/100\n|-ability|p1a: Zygarde|Aura Break\n|turn|1\n|\n|t:|1660555452\n|move|p2a: Zapdos|Toxic|p1a: Zygarde|[miss]\n|-miss|p2a: Zapdos|p1a: Zygarde\n|move|p1a: Zygarde|Toxic|p2a: Zapdos\n|-status|p2a: Zapdos|tox\n|\n|-damage|p2a: Zapdos|94\/100 tox|[from] psn\n|upkeep\n|turn|2\n|c|\u2606Elon Musk Rusk|:\/\n|\n|t:|1660555465\n|switch|p2a: Whimsicott|Whimsicott, F|100\/100\n|switch|p1a: Amoonguss|Amoonguss, F|100\/100\n|\n|upkeep\n|turn|3\n|\n|t:|1660555471\n|move|p2a: Whimsicott|U-turn|p1a: Amoonguss\n|-damage|p1a: Amoonguss|93\/100\n|l|\u2606Elon Musk Rusk\n|player|p2|\n|j|\u2606Elon Musk Rusk\n|player|p2|Elon Musk Rusk|266\n|\n|t:|1660555518\n|switch|p2a: Aegislash|Aegislash, M|100\/100|[from]move: U-turn\n|move|p1a: Amoonguss|Sludge Bomb|p2a: Aegislash\n|-immune|p2a: Aegislash\n|\n|upkeep\n|turn|4\n|\n|t:|1660555523\n|move|p2a: Aegislash|Substitute|p2a: Aegislash\n|-start|p2a: Aegislash|Substitute\n|-damage|p2a: Aegislash|76\/100\n|move|p1a: Amoonguss|Foul Play|p2a: Aegislash\n|-supereffective|p2a: Aegislash\n|-activate|p2a: Aegislash|move: Substitute|[damage]\n|\n|-heal|p2a: Aegislash|82\/100|[from] item: Leftovers\n|upkeep\n|turn|5\n|\n|t:|1660555530\n|move|p2a: Aegislash|King's Shield|p2a: Aegislash\n|-singleturn|p2a: Aegislash|Protect\n|move|p1a: Amoonguss|Foul Play|p2a: Aegislash\n|-activate|p2a: Aegislash|move: Protect\n|-unboost|p1a: Amoonguss|atk|1\n|\n|-heal|p2a: Aegislash|88\/100|[from] item: Leftovers\n|upkeep\n|turn|6\n|\n|t:|1660555537\n|-formechange|p2a: Aegislash|Aegislash-Blade||[from] ability: Stance Change\n|move|p2a: Aegislash|Shadow Ball|p1a: Amoonguss\n|-damage|p1a: Amoonguss|71\/100\n|move|p1a: Amoonguss|Foul Play|p2a: Aegislash\n|-supereffective|p2a: Aegislash\n|-end|p2a: Aegislash|Substitute\n|\n|-heal|p2a: Aegislash|94\/100|[from] item: Leftovers\n|upkeep\n|turn|7\n|\n|t:|1660555556\n|switch|p2a: Zapdos|Zapdos|94\/100 tox\n|move|p1a: Amoonguss|Foul Play|p2a: Zapdos\n|-damage|p2a: Zapdos|77\/100 tox\n|-status|p1a: Amoonguss|par|[from] ability: Static|[of] p2a: Zapdos\n|\n|-damage|p2a: Zapdos|71\/100 tox|[from] psn\n|upkeep\n|turn|8\n|\n|t:|1660555566\n|switch|p1a: Zygarde|Zygarde|100\/100\n|-ability|p1a: Zygarde|Aura Break\n|move|p2a: Zapdos|Hurricane|p1a: Zygarde\n|-damage|p1a: Zygarde|45\/100\n|\n|-damage|p2a: Zapdos|59\/100 tox|[from] psn\n|upkeep\n|turn|9\n|\n|t:|1660555574\n|move|p2a: Zapdos|Hurricane|p1a: Zygarde\n|-damage|p1a: Zygarde|0 fnt\n|faint|p1a: Zygarde\n|\n|-damage|p2a: Zapdos|41\/100 tox|[from] psn\n|upkeep\n|\n|t:|1660555577\n|switch|p1a: Darmanitan|Darmanitan-Galar, F|100\/100\n|turn|10\n|\n|t:|1660555592\n|switch|p2a: Aegislash|Aegislash, M|94\/100\n|move|p1a: Darmanitan|Icicle Crash|p2a: Aegislash\n|-resisted|p2a: Aegislash\n|-damage|p2a: Aegislash|54\/100\n|\n|-heal|p2a: Aegislash|61\/100|[from] item: Leftovers\n|upkeep\n|turn|11\n|\n|t:|1660555602\n|switch|p1a: Amoonguss|Amoonguss, F|100\/100 par\n|-formechange|p2a: Aegislash|Aegislash-Blade||[from] ability: Stance Change\n|move|p2a: Aegislash|Shadow Ball|p1a: Amoonguss\n|-damage|p1a: Amoonguss|82\/100 par\n|-unboost|p1a: Amoonguss|spd|1\n|\n|-heal|p2a: Aegislash|67\/100|[from] item: Leftovers\n|upkeep\n|turn|12\n|\n|t:|1660555607\n|switch|p2a: Vaporeon|Vaporeon, F|100\/100\n|cant|p1a: Amoonguss|par\n|\n|upkeep\n|turn|13\n|\n|t:|1660555614\n|move|p2a: Vaporeon|Heal Bell|p2a: Vaporeon\n|-activate|p2a: Vaporeon|move: Heal Bell\n|-curestatus|p2: Zapdos|tox|[msg]\n|move|p1a: Amoonguss|Giga Drain|p2a: Vaporeon\n|-supereffective|p2a: Vaporeon\n|-damage|p2a: Vaporeon|64\/100\n|-heal|p1a: Amoonguss|100\/100 par|[from] drain|[of] p2a: Vaporeon\n|\n|-heal|p2a: Vaporeon|70\/100|[from] item: Leftovers\n|upkeep\n|turn|14\n|\n|t:|1660555623\n|move|p2a: Vaporeon|Wish|p2a: Vaporeon\n|cant|p1a: Amoonguss|par\n|\n|-heal|p2a: Vaporeon|76\/100|[from] item: Leftovers\n|upkeep\n|turn|15\n|\n|t:|1660555634\n|move|p2a: Vaporeon|Ice Beam|p1a: Amoonguss\n|-supereffective|p1a: Amoonguss\n|-damage|p1a: Amoonguss|66\/100 par\n|move|p1a: Amoonguss|Giga Drain|p2a: Vaporeon\n|-supereffective|p2a: Vaporeon\n|-damage|p2a: Vaporeon|39\/100\n|-heal|p1a: Amoonguss|86\/100 par|[from] drain|[of] p2a: Vaporeon\n|\n|-heal|p2a: Vaporeon|89\/100|[from] move: Wish|[wisher] Vaporeon\n|-heal|p2a: Vaporeon|95\/100|[from] item: Leftovers\n|upkeep\n|turn|16\n|\n|t:|1660555641\n|switch|p2a: Zapdos|Zapdos|41\/100\n|switch|p1a: Alomomola|Alomomola, F|100\/100\n|\n|upkeep\n|turn|17\n|\n|t:|1660555649\n|switch|p1a: Amoonguss|Amoonguss, F|100\/100 par\n|move|p2a: Zapdos|Thunderbolt|p1a: Amoonguss\n|-resisted|p1a: Amoonguss\n|-damage|p1a: Amoonguss|87\/100 par\n|\n|upkeep\n|turn|18\n|\n|t:|1660555663\n|switch|p1a: Tapu Lele|Tapu Lele|100\/100\n|-fieldstart|move: Psychic Terrain|[from] ability: Psychic Surge|[of] p1a: Tapu Lele\n|move|p2a: Zapdos|Hurricane|p1a: Tapu Lele\n|-damage|p1a: Tapu Lele|45\/100\n|\n|upkeep\n|turn|19\n|\n|t:|1660555678\n|switch|p2a: Deoxys|Deoxys-Defense|100\/100\n|-ability|p2a: Deoxys|Pressure\n|move|p1a: Tapu Lele|Moonblast|p2a: Deoxys\n|-damage|p2a: Deoxys|71\/100\n|\n|-heal|p2a: Deoxys|77\/100|[from] item: Leftovers\n|upkeep\n|turn|20\n|\n|t:|1660555685\n|switch|p1a: Absol|Absol, M|100\/100\n|move|p2a: Deoxys|Stealth Rock|p1a: Absol\n|-sidestart|p1: SB Shiny|move: Stealth Rock\n|\n|-heal|p2a: Deoxys|83\/100|[from] item: Leftovers\n|upkeep\n|turn|21\n|\n|t:|1660555695\n|switch|p2a: Whimsicott|Whimsicott, F|100\/100\n|detailschange|p1a: Absol|Absol-Mega, M\n|-mega|p1a: Absol|Absol|Absolite\n|move|p1a: Absol|Knock Off|p2a: Whimsicott\n|-resisted|p2a: Whimsicott\n|-damage|p2a: Whimsicott|76\/100\n|-enditem|p2a: Whimsicott|Heavy-Duty Boots|[from] move: Knock Off|[of] p1a: Absol\n|\n|upkeep\n|turn|22\n|\n|t:|1660555729\n|switch|p1a: Amoonguss|Amoonguss, F|100\/100 par\n|-damage|p1a: Amoonguss|88\/100 par|[from] Stealth Rock\n|switch|p2a: Medicham|Medicham, F|100\/100\n|\n|-fieldend|move: Psychic Terrain\n|upkeep\n|turn|23\n|\n|t:|1660555741\n|switch|p1a: Alomomola|Alomomola, F|100\/100\n|-damage|p1a: Alomomola|88\/100|[from] Stealth Rock\n|detailschange|p2a: Medicham|Medicham-Mega, F\n|-mega|p2a: Medicham|Medicham|Medichamite\n|move|p2a: Medicham|Zen Headbutt|p1a: Alomomola\n|-damage|p1a: Alomomola|52\/100\n|\n|-heal|p1a: Alomomola|58\/100|[from] item: Leftovers\n|upkeep\n|turn|24\n|\n|t:|1660555749\n|move|p2a: Medicham|High Jump Kick|p1a: Alomomola\n|-damage|p1a: Alomomola|0 fnt\n|faint|p1a: Alomomola\n|\n|upkeep\n|\n|t:|1660555752\n|switch|p1a: Tapu Lele|Tapu Lele|45\/100\n|-damage|p1a: Tapu Lele|32\/100|[from] Stealth Rock\n|-fieldstart|move: Psychic Terrain|[from] ability: Psychic Surge|[of] p1a: Tapu Lele\n|turn|25\n|\n|t:|1660555763\n|switch|p2a: Deoxys|Deoxys-Defense|83\/100\n|-ability|p2a: Deoxys|Pressure\n|move|p1a: Tapu Lele|Shadow Ball|p2a: Deoxys\n|-supereffective|p2a: Deoxys\n|-damage|p2a: Deoxys|48\/100\n|\n|-heal|p2a: Deoxys|54\/100|[from] item: Leftovers\n|upkeep\n|turn|26\n|\n|t:|1660555770\n|switch|p1a: Absol|Absol-Mega, M|100\/100\n|-damage|p1a: Absol|88\/100|[from] Stealth Rock\n|move|p2a: Deoxys|Recover|p2a: Deoxys\n|-heal|p2a: Deoxys|100\/100\n|\n|upkeep\n|turn|27\n|\n|t:|1660555792\n|switch|p1a: Darmanitan|Darmanitan-Galar, F|100\/100\n|-damage|p1a: Darmanitan|76\/100|[from] Stealth Rock\n|move|p2a: Deoxys|Teleport|p2a: Deoxys\n|\n|t:|1660555796\n|switch|p2a: Vaporeon|Vaporeon, F|95\/100|[from]move: Teleport\n|\n|-heal|p2a: Vaporeon|100\/100|[from] item: Leftovers\n|upkeep\n|turn|28\n|\n|t:|1660555801\n|move|p1a: Darmanitan|U-turn|p2a: Vaporeon\n|-damage|p2a: Vaporeon|59\/100\n|\n|t:|1660555808\n|switch|p1a: Amoonguss|Amoonguss, F|100\/100 par|[from]move: U-turn\n|-damage|p1a: Amoonguss|88\/100 par|[from] Stealth Rock\n|move|p2a: Vaporeon|Wish|p2a: Vaporeon\n|\n|-heal|p2a: Vaporeon|65\/100|[from] item: Leftovers\n|upkeep\n|turn|29\n|\n|t:|1660555815\n|switch|p2a: Zapdos|Zapdos|41\/100\n|move|p1a: Amoonguss|Giga Drain|p2a: Zapdos\n|-resisted|p2a: Zapdos\n|-damage|p2a: Zapdos|28\/100\n|-heal|p1a: Amoonguss|93\/100 par|[from] drain|[of] p2a: Zapdos\n|\n|-heal|p2a: Zapdos|98\/100|[from] move: Wish|[wisher] Vaporeon\n|-fieldend|move: Psychic Terrain\n|upkeep\n|turn|30\n|\n|t:|1660555822\n|switch|p1a: Tapu Lele|Tapu Lele|32\/100\n|-damage|p1a: Tapu Lele|20\/100|[from] Stealth Rock\n|-fieldstart|move: Psychic Terrain|[from] ability: Psychic Surge|[of] p1a: Tapu Lele\n|move|p2a: Zapdos|Hurricane|p1a: Tapu Lele\n|-damage|p1a: Tapu Lele|0 fnt\n|faint|p1a: Tapu Lele\n|\n|upkeep\n|\n|t:|1660555824\n|switch|p1a: Darmanitan|Darmanitan-Galar, F|76\/100\n|-damage|p1a: Darmanitan|51\/100|[from] Stealth Rock\n|turn|31\n|\n|t:|1660555830\n|switch|p2a: Vaporeon|Vaporeon, F|65\/100\n|move|p1a: Darmanitan|Icicle Crash|p2a: Vaporeon|[miss]\n|-miss|p1a: Darmanitan|p2a: Vaporeon\n|\n|-heal|p2a: Vaporeon|71\/100|[from] item: Leftovers\n|upkeep\n|turn|32\n|\n|t:|1660555837\n|switch|p1a: Amoonguss|Amoonguss, F|100\/100 par\n|-damage|p1a: Amoonguss|88\/100 par|[from] Stealth Rock\n|move|p2a: Vaporeon|Scald|p1a: Amoonguss\n|-resisted|p1a: Amoonguss\n|-damage|p1a: Amoonguss|79\/100 par\n|\n|-heal|p2a: Vaporeon|77\/100|[from] item: Leftovers\n|upkeep\n|turn|33\n|\n|t:|1660555842\n|move|p2a: Vaporeon|Scald|p1a: Amoonguss\n|-resisted|p1a: Amoonguss\n|-damage|p1a: Amoonguss|71\/100 par\n|cant|p1a: Amoonguss|par\n|\n|-heal|p2a: Vaporeon|83\/100|[from] item: Leftovers\n|upkeep\n|turn|34\n|\n|t:|1660555847\n|switch|p2a: Medicham|Medicham-Mega, F|100\/100\n|cant|p1a: Amoonguss|par\n|\n|-fieldend|move: Psychic Terrain\n|upkeep\n|turn|35\n|\n|t:|1660555856\n|move|p2a: Medicham|High Jump Kick|p1a: Amoonguss\n|-resisted|p1a: Amoonguss\n|-damage|p1a: Amoonguss|29\/100 par\n|move|p1a: Amoonguss|Foul Play|p2a: Medicham\n|-damage|p2a: Medicham|57\/100\n|\n|upkeep\n|turn|36\n|\n|t:|1660555860\n|move|p2a: Medicham|Zen Headbutt|p1a: Amoonguss\n|-supereffective|p1a: Amoonguss\n|-damage|p1a: Amoonguss|0 fnt\n|faint|p1a: Amoonguss\n|\n|upkeep\n|\n|t:|1660555864\n|switch|p1a: Absol|Absol-Mega, M|88\/100\n|-damage|p1a: Absol|76\/100|[from] Stealth Rock\n|turn|37\n|\n|t:|1660555870\n|switch|p2a: Whimsicott|Whimsicott, F|76\/100\n|move|p1a: Absol|Knock Off|p2a: Whimsicott\n|-resisted|p2a: Whimsicott\n|-damage|p2a: Whimsicott|57\/100\n|\n|upkeep\n|turn|38\n|\n|t:|1660555880\n|switch|p1a: Darmanitan|Darmanitan-Galar, F|51\/100\n|-damage|p1a: Darmanitan|26\/100|[from] Stealth Rock\n|move|p2a: Whimsicott|Leech Seed|p1a: Darmanitan\n|-start|p1a: Darmanitan|move: Leech Seed\n|\n|-damage|p1a: Darmanitan|14\/100|[from] Leech Seed|[of] p2a: Whimsicott\n|-heal|p2a: Whimsicott|71\/100|[silent]\n|upkeep\n|turn|39\n|\n|t:|1660555885\n|switch|p2a: Vaporeon|Vaporeon, F|83\/100\n|move|p1a: Darmanitan|U-turn|p2a: Vaporeon\n|-damage|p2a: Vaporeon|40\/100\n|\n|t:|1660555888\n|switch|p1a: Absol|Absol-Mega, M|76\/100|[from]move: U-turn\n|-damage|p1a: Absol|64\/100|[from] Stealth Rock\n|\n|-heal|p2a: Vaporeon|46\/100|[from] item: Leftovers\n|upkeep\n|turn|40\n|\n|t:|1660555898\n|switch|p2a: Whimsicott|Whimsicott, F|71\/100\n|move|p1a: Absol|Knock Off|p2a: Whimsicott\n|-resisted|p2a: Whimsicott\n|-damage|p2a: Whimsicott|53\/100\n|\n|upkeep\n|turn|41\n|\n|t:|1660555903\n|move|p1a: Absol|Knock Off|p2a: Whimsicott\n|-resisted|p2a: Whimsicott\n|-damage|p2a: Whimsicott|36\/100\n|move|p2a: Whimsicott|Moonblast|p1a: Absol\n|-supereffective|p1a: Absol\n|-damage|p1a: Absol|0 fnt\n|faint|p1a: Absol\n|\n|upkeep\n|\n|t:|1660555906\n|switch|p1a: Darmanitan|Darmanitan-Galar, F|14\/100\n|-damage|p1a: Darmanitan|0 fnt|[from] Stealth Rock\n|faint|p1a: Darmanitan\n|\n|win|Elon Musk Rusk\n|c|\u2606SB Shiny|gg\n|l|\u2606SB Shiny\n","uploadtime":1660555912,"views":12,"p1id":"sbshiny","p2id":"elonmuskrusk","formatid":"gen8nationaldexdraft","rating":0,"private":0,"password":null}