{"id":"sports-gen8nationaldexlegacy-683686","p1":"Welsh Weaviles","p2":"rooopos","format":"gen8nationaldexlegacy","log":"|j|\u2606Welsh Weaviles\n|j|\u2606rooopos\n|t:|1657299567\n|gametype|singles\n|player|p1|Welsh Weaviles|2|\n|player|p2|rooopos|265|\n|teamsize|p1|6\n|teamsize|p2|6\n|gen|8\n|tier|[Gen 8] National Dex Legacy\n|rule|Sleep Clause Mod: Limit one foe put to sleep\n|rule|OHKO Clause: OHKO moves are banned\n|rule|Evasion Moves Clause: Evasion moves are banned\n|rule|Endless Battle Clause: Forcing endless battles is banned\n|rule|HP Percentage Mod: HP is shown in percentages\n|rule|Dynamax Clause: You cannot dynamax\n|clearpoke\n|poke|p1|Alakazam, M|\n|poke|p1|Heatran, M|\n|poke|p1|Toxapex, F|\n|poke|p1|Tornadus-Therian, M|\n|poke|p1|Terrakion|\n|poke|p1|Zygarde|\n|poke|p2|Dragapult, F|\n|poke|p2|Scizor, M|\n|poke|p2|Primarina, M|\n|poke|p2|Zarude|\n|poke|p2|Zapdos|\n|poke|p2|Donphan, M|\n|teampreview\n|html|<button name=\"send\" class=\"button\" value=\"\/timer ds\"><i class=\"fa fa-hourglass-start\"><\/i> DS Timer<\/button> <button name=\"send\" class=\"button\" value=\"\/timer smogon\"><i class=\"fa fa-hourglass-start\"><\/i> Smogon Timer<\/button>\n|c|\u2606rooopos|hf\n|c|\u2606Welsh Weaviles|Hf\n|l|\u2606Welsh Weaviles\n|player|p1|\n|j|\u2606Welsh Weaviles\n|player|p1|Welsh Weaviles|2\n|c|\u2606Welsh Weaviles|Mb\n|c|\u2606rooopos|np\n|\n|t:|1657299671\n|start\n|switch|p1a: Toxapex|Toxapex, F|100\/100\n|switch|p2a: Zapdos|Zapdos|100\/100\n|turn|1\n|\n|t:|1657299688\n|switch|p1a: Zygarde|Zygarde|100\/100\n|-ability|p1a: Zygarde|Aura Break\n|move|p2a: Zapdos|Thunderbolt|p1a: Zygarde\n|-immune|p1a: Zygarde\n|\n|upkeep\n|turn|2\n|\n|t:|1657299698\n|move|p1a: Zygarde|Substitute|p1a: Zygarde\n|-start|p1a: Zygarde|Substitute\n|-damage|p1a: Zygarde|75\/100\n|move|p2a: Zapdos|U-turn|p1a: Zygarde\n|-activate|p1a: Zygarde|move: Substitute|[damage]\n|\n|t:|1657299734\n|switch|p2a: Dragapult|Dragapult, F|100\/100|[from]move: U-turn\n|\n|-heal|p1a: Zygarde|82\/100|[from] item: Leftovers\n|upkeep\n|turn|3\n|\n|t:|1657299751\n|move|p2a: Dragapult|Draco Meteor|p1a: Zygarde\n|-supereffective|p1a: Zygarde\n|-damage|p1a: Zygarde|0 fnt\n|-unboost|p2a: Dragapult|spa|2\n|faint|p1a: Zygarde\n|\n|upkeep\n|\n|t:|1657299761\n|switch|p1a: Alakazam|Alakazam, M|100\/100\n|turn|4\n|\n|t:|1657299765\n|switch|p2a: Scizor|Scizor, M|100\/100\n|detailschange|p1a: Alakazam|Alakazam-Mega, M\n|-mega|p1a: Alakazam|Alakazam|Alakazite\n|-ability|p1a: Alakazam|Technician|[from] ability: Trace|[of] p2a: Scizor\n|move|p1a: Alakazam|Shadow Ball|p2a: Scizor\n|-damage|p2a: Scizor|63\/100\n|\n|upkeep\n|turn|5\n|\n|t:|1657299775\n|-activate|p1a: Alakazam|move: Pursuit\n|detailschange|p2a: Scizor|Scizor-Mega, M\n|-mega|p2a: Scizor|Scizor|Scizorite\n|move|p2a: Scizor|Pursuit|p1a: Alakazam|[from]Pursuit\n|-supereffective|p1a: Alakazam\n|-damage|p1a: Alakazam|0 fnt\n|faint|p1a: Alakazam\n|-hint|A Pokemon can't switch between when it runs out of HP and when it faints\n|\n|upkeep\n|c|\u2606Welsh Weaviles|Forgot about that lmao\n|\n|t:|1657299802\n|switch|p1a: Heatran|Heatran, M|100\/100\n|turn|6\n|\n|t:|1657299818\n|switch|p2a: Primarina|Primarina, M|100\/100\n|move|p1a: Heatran|Eruption|p2a: Primarina\n|-resisted|p2a: Primarina\n|-damage|p2a: Primarina|57\/100\n|\n|upkeep\n|turn|7\n|\n|t:|1657299833\n|switch|p1a: Tornadus|Tornadus-Therian, M|100\/100\n|move|p2a: Primarina|Surf|p1a: Tornadus\n|-damage|p1a: Tornadus|8\/100\n|-damage|p2a: Primarina|47\/100|[from] item: Life Orb\n|\n|upkeep\n|turn|8\n|\n|t:|1657299841\n|switch|p2a: Zapdos|Zapdos|100\/100\n|move|p1a: Tornadus|Hurricane|p2a: Zapdos|[miss]\n|-miss|p1a: Tornadus|p2a: Zapdos\n|\n|upkeep\n|turn|9\n|\n|t:|1657299848\n|move|p1a: Tornadus|U-turn|p2a: Zapdos\n|-resisted|p2a: Zapdos\n|-damage|p2a: Zapdos|93\/100\n|-status|p1a: Tornadus|par|[from] ability: Static|[of] p2a: Zapdos\n|\n|t:|1657299854\n|switch|p1a: Terrakion|Terrakion|100\/100|[from]move: U-turn\n|move|p2a: Zapdos|Thunderbolt|p1a: Terrakion\n|-damage|p1a: Terrakion|54\/100\n|\n|upkeep\n|turn|10\n|\n|t:|1657299861\n|switch|p2a: Donphan|Donphan, M|100\/100\n|move|p1a: Terrakion|Stone Edge|p2a: Donphan\n|-resisted|p2a: Donphan\n|-damage|p2a: Donphan|89\/100\n|\n|-heal|p2a: Donphan|95\/100|[from] item: Leftovers\n|upkeep\n|turn|11\n|\n|t:|1657299868\n|move|p1a: Terrakion|Earthquake|p2a: Donphan\n|-damage|p2a: Donphan|77\/100\n|move|p2a: Donphan|Stealth Rock|p1a: Terrakion\n|-sidestart|p1: Welsh Weaviles|move: Stealth Rock\n|\n|-heal|p2a: Donphan|83\/100|[from] item: Leftovers\n|upkeep\n|turn|12\n|\n|t:|1657299875\n|move|p1a: Terrakion|Close Combat|p2a: Donphan\n|-damage|p2a: Donphan|55\/100\n|-unboost|p1a: Terrakion|def|1\n|-unboost|p1a: Terrakion|spd|1\n|move|p2a: Donphan|Earthquake|p1a: Terrakion\n|-supereffective|p1a: Terrakion\n|-damage|p1a: Terrakion|0 fnt\n|faint|p1a: Terrakion\n|\n|-heal|p2a: Donphan|61\/100|[from] item: Leftovers\n|upkeep\n|\n|t:|1657299886\n|switch|p1a: Tornadus|Tornadus-Therian, M|41\/100 par\n|turn|13\n|j| Kniops\n|\n|t:|1657299916\n|move|p2a: Donphan|Ice Shard|p1a: Tornadus\n|-supereffective|p1a: Tornadus\n|-damage|p1a: Tornadus|12\/100 par\n|move|p1a: Tornadus|Hurricane|p2a: Donphan\n|-damage|p2a: Donphan|4\/100\n|\n|-heal|p2a: Donphan|10\/100|[from] item: Leftovers\n|upkeep\n|turn|14\n|\n|t:|1657299924\n|move|p2a: Donphan|Ice Shard|p1a: Tornadus\n|-supereffective|p1a: Tornadus\n|-damage|p1a: Tornadus|0 fnt\n|faint|p1a: Tornadus\n|\n|-heal|p2a: Donphan|16\/100|[from] item: Leftovers\n|upkeep\n|\n|t:|1657299926\n|switch|p1a: Heatran|Heatran, M|100\/100\n|-damage|p1a: Heatran|88\/100|[from] Stealth Rock\n|turn|15\n|\n|t:|1657299929\n|move|p2a: Donphan|Protect|p2a: Donphan\n|-singleturn|p2a: Donphan|Protect\n|move|p1a: Heatran|Eruption|p2a: Donphan\n|-activate|p2a: Donphan|move: Protect\n|\n|-heal|p2a: Donphan|22\/100|[from] item: Leftovers\n|upkeep\n|turn|16\n|\n|t:|1657299944\n|switch|p2a: Scizor|Scizor-Mega, M|63\/100\n|move|p1a: Heatran|Eruption|p2a: Scizor\n|-supereffective|p2a: Scizor\n|-damage|p2a: Scizor|0 fnt\n|faint|p2a: Scizor\n|\n|upkeep\n|\n|t:|1657299947\n|switch|p2a: Primarina|Primarina, M|47\/100\n|turn|17\n|\n|t:|1657299964\n|switch|p1a: Toxapex|Toxapex, F|100\/100\n|-damage|p1a: Toxapex|88\/100|[from] Stealth Rock\n|move|p2a: Primarina|Surf|p1a: Toxapex\n|-resisted|p1a: Toxapex\n|-damage|p1a: Toxapex|59\/100\n|-damage|p2a: Primarina|37\/100|[from] item: Life Orb\n|\n|upkeep\n|turn|18\n|\n|t:|1657299969\n|move|p2a: Primarina|Psychic|p1a: Toxapex\n|-supereffective|p1a: Toxapex\n|-damage|p1a: Toxapex|0 fnt\n|faint|p1a: Toxapex\n|-damage|p2a: Primarina|28\/100|[from] item: Life Orb\n|\n|upkeep\n|\n|t:|1657299972\n|switch|p1a: Heatran|Heatran, M|88\/100\n|-damage|p1a: Heatran|76\/100|[from] Stealth Rock\n|turn|19\n|\n|t:|1657299976\n|move|p1a: Heatran|Eruption|p2a: Primarina\n|-resisted|p2a: Primarina\n|-damage|p2a: Primarina|0 fnt\n|faint|p2a: Primarina\n|\n|upkeep\n|c|\u2606Welsh Weaviles|Gg\n|\n|t:|1657299981\n|switch|p2a: Dragapult|Dragapult, F|100\/100\n|turn|20\n|c|\u2606rooopos|gg\n|\n|t:|1657299988\n|move|p2a: Dragapult|Shadow Ball|p1a: Heatran\n|-damage|p1a: Heatran|25\/100\n|move|p1a: Heatran|Eruption|p2a: Dragapult\n|-resisted|p2a: Dragapult\n|-damage|p2a: Dragapult|87\/100\n|\n|upkeep\n|turn|21\n|\n|t:|1657299993\n|move|p2a: Dragapult|Shadow Ball|p1a: Heatran\n|-damage|p1a: Heatran|0 fnt\n|faint|p1a: Heatran\n|\n|win|rooopos\n","uploadtime":1657299998,"views":11,"p1id":"welshweaviles","p2id":"rooopos","formatid":"gen8nationaldexlegacy","rating":0,"private":0,"password":null}