{"id":"sports-gen8nationaldexdlcdraft-357284","p1":"g\/117013","p2":"GeniusX","format":"gen8nationaldexdlcdraft","log":"|j|\u2606g\/117013\n|j|\u2606GeniusX\n|t:|1614941637\n|player|p1|g\/117013|flint|\n|player|p2|GeniusX|geniusx.gif|\n|teamsize|p1|6\n|teamsize|p2|6\n|gametype|singles\n|gen|8\n|tier|[Gen 8] National Dex DLC Draft\n|rule|Sleep Clause Mod: Limit one foe put to sleep\n|rule|OHKO Clause: OHKO moves are banned\n|rule|Evasion Moves Clause: Evasion moves are banned\n|rule|Endless Battle Clause: Forcing endless battles is banned\n|rule|HP Percentage Mod: HP is shown in percentages\n|clearpoke\n|poke|p1|Slowking, F|\n|poke|p1|Gallade, M|\n|poke|p1|Mew|\n|poke|p1|Mr. Mime-Galar, F|\n|poke|p1|Swoobat, M|\n|poke|p1|Orbeetle, M|\n|poke|p2|Cramorant, F|\n|poke|p2|Lopunny, F|\n|poke|p2|Bibarel, M|\n|poke|p2|Regigigas|\n|poke|p2|Tapu Fini|\n|poke|p2|Qwilfish, M|\n|rule|Dynamax Clause: You cannot dynamax\n|teampreview\n|html|<button name=\"send\" class=\"button\" value=\"\/timer ds\"><i class=\"fa fa-hourglass-start\"><\/i> DS Timer<\/button> <button name=\"send\" class=\"button\" value=\"\/timer smogon\"><i class=\"fa fa-hourglass-start\"><\/i> Smogon Timer<\/button>\n|c|\u2606g\/117013|Fuck rip some of my tech\n|c|\u2606g\/117013|o well\n|c|\u2606GeniusX|hf\n|c|\u2606g\/117013|ye you too\n|\n|t:|1614941769\n|start\n|switch|p1a: Swoobat|Swoobat, M|100\/100\n|switch|p2a: Bibarel|Bibarel, M|100\/100\n|turn|1\n|j| thunderflight\n|c| thunderflight|go :cram:\n|\n|t:|1614941799\n|switch|p2a: Regigigas|Regigigas|100\/100\n|-start|p2a: Regigigas|ability: Slow Start\n|move|p1a: Swoobat|Thunder Wave|p2a: Regigigas\n|-status|p2a: Regigigas|par\n|\n|upkeep\n|turn|2\n|c|\u2606g\/117013|Im okay with this\n|\n|t:|1614941825\n|move|p1a: Swoobat|U-turn|p2a: Regigigas\n|-damage|p2a: Regigigas|95\/100 par\n|\n|t:|1614941834\n|switch|p1a: Mr. Mime|Mr. Mime-Galar, F|100\/100|[from]move: U-turn\n|move|p2a: Regigigas|Thunder Wave|p1a: Mr. Mime\n|-status|p1a: Mr. Mime|par\n|\n|upkeep\n|turn|3\n|j| DannyCao\n|\n|t:|1614941840\n|move|p1a: Mr. Mime|Infestation|p2a: Regigigas\n|-damage|p2a: Regigigas|92\/100 par\n|-activate|p2a: Regigigas|move: Infestation|[of] p1a: Mr. Mime\n|move|p2a: Regigigas|Knock Off|p1a: Mr. Mime\n|-supereffective|p1a: Mr. Mime\n|-damage|p1a: Mr. Mime|47\/100 par\n|-enditem|p1a: Mr. Mime|Grip Claw|[from] move: Knock Off|[of] p2a: Regigigas\n|\n|-damage|p2a: Regigigas|80\/100 par|[from] move: Infestation|[partiallytrapped]\n|upkeep\n|turn|4\n|\n|t:|1614941856\n|move|p1a: Mr. Mime|Rest|p1a: Mr. Mime\n|-fail|p1a: Mr. Mime|[from] ability: Vital Spirit|[of] p1a: Mr. Mime\n|move|p2a: Regigigas|Facade|p1a: Mr. Mime\n|-damage|p1a: Mr. Mime|0 fnt\n|faint|p1a: Mr. Mime\n|\n|-end|p2a: Regigigas|Infestation|[partiallytrapped]|[silent]\n|upkeep\n|c|\u2606g\/117013|oh ffs\n|c| DannyCao|WAIT\n|c|\u2606g\/117013|lel\n|c| DannyCao|lmaooo\n|\n|t:|1614941880\n|switch|p1a: Mew|Mew|100\/100\n|turn|5\n|c| thunderflight|wow\n|\n|t:|1614941884\n|move|p1a: Mew|Tailwind|p1a: Mew\n|-sidestart|p1: g\/117013|move: Tailwind\n|move|p2a: Regigigas|Thunder Wave|p1a: Mew\n|-status|p1a: Mew|par\n|-activate|p1a: Mew|ability: Synchronize\n|-fail|p2a: Regigigas|par\n|\n|-end|p2a: Regigigas|Slow Start\n|upkeep\n|turn|6\n|c| thunderflight|thats choke of the week\n|\n|t:|1614941889\n|cant|p2a: Regigigas|par\n|move|p1a: Mew|Teleport|p1a: Mew\n|\n|t:|1614941892\n|switch|p1a: Gallade|Gallade, M|100\/100|[from]move: Teleport\n|\n|upkeep\n|turn|7\n|\n|t:|1614941897\n|detailschange|p1a: Gallade|Gallade-Mega, M\n|-mega|p1a: Gallade|Gallade|Galladite\n|move|p1a: Gallade|Substitute|p1a: Gallade\n|-start|p1a: Gallade|Substitute\n|-damage|p1a: Gallade|76\/100\n|move|p2a: Regigigas|Facade|p1a: Gallade\n|-crit|p1a: Gallade\n|-end|p1a: Gallade|Substitute\n|\n|upkeep\n|turn|8\n|\n|t:|1614941902\n|move|p1a: Gallade|Substitute|p1a: Gallade\n|-start|p1a: Gallade|Substitute\n|-damage|p1a: Gallade|51\/100\n|move|p2a: Regigigas|Facade|p1a: Gallade\n|-end|p1a: Gallade|Substitute\n|\n|-sideend|p1: g\/117013|move: Tailwind\n|upkeep\n|turn|9\n|\n|t:|1614941905\n|move|p1a: Gallade|Substitute|p1a: Gallade\n|-start|p1a: Gallade|Substitute\n|-damage|p1a: Gallade|26\/100\n|move|p2a: Regigigas|Facade|p1a: Gallade\n|-end|p1a: Gallade|Substitute\n|\n|upkeep\n|turn|10\n|c|\u2606g\/117013|Cmon not this again\n|c|\u2606g\/117013|Please\n|c|\u2606g\/117013|Para\n|c|\u2606g\/117013|ffs\n|\n|t:|1614941917\n|move|p1a: Gallade|Substitute|p1a: Gallade\n|-start|p1a: Gallade|Substitute\n|-damage|p1a: Gallade|1\/100\n|move|p2a: Regigigas|Facade|p1a: Gallade\n|-end|p1a: Gallade|Substitute\n|\n|upkeep\n|turn|11\n|c|\u2606g\/117013|For fuck sake\n|c| DannyCao|omfg\n|\n|t:|1614941939\n|-end|p2a: Regigigas|Slow Start|[silent]\n|switch|p2a: Tapu Fini|Tapu Fini|100\/100\n|-fieldstart|move: Misty Terrain|[from] ability: Misty Surge|[of] p2a: Tapu Fini\n|move|p1a: Gallade|Drain Punch|p2a: Tapu Fini\n|-resisted|p2a: Tapu Fini\n|-damage|p2a: Tapu Fini|81\/100\n|-heal|p1a: Gallade|13\/100|[from] drain|[of] p2a: Tapu Fini\n|\n|upkeep\n|turn|12\n|j| Santeyan\n|\n|t:|1614941947\n|switch|p1a: Orbeetle|Orbeetle, M|100\/100\n|-item|p2a: Tapu Fini|Light Clay|[from] ability: Frisk|[of] p1a: Orbeetle|[identify]\n|move|p2a: Tapu Fini|Moonblast|p1a: Orbeetle\n|-damage|p1a: Orbeetle|72\/100\n|\n|upkeep\n|turn|13\n|\n|t:|1614941958\n|move|p1a: Orbeetle|Sticky Web|p2a: Tapu Fini\n|-sidestart|p2: GeniusX|move: Sticky Web\n|move|p2a: Tapu Fini|Light Screen|p2a: Tapu Fini\n|-sidestart|p2: GeniusX|move: Light Screen\n|\n|upkeep\n|turn|14\n|\n|t:|1614941962\n|move|p1a: Orbeetle|Energy Ball|p2a: Tapu Fini\n|-supereffective|p2a: Tapu Fini\n|-damage|p2a: Tapu Fini|64\/100\n|move|p2a: Tapu Fini|Reflect|p2a: Tapu Fini\n|-sidestart|p2: GeniusX|Reflect\n|\n|upkeep\n|turn|15\n|\n|t:|1614941967\n|switch|p2a: Cramorant|Cramorant, F|100\/100\n|move|p1a: Orbeetle|Energy Ball|p2a: Cramorant\n|-damage|p2a: Cramorant|84\/100\n|\n|-fieldend|Misty Terrain\n|upkeep\n|turn|16\n|\n|t:|1614941971\n|move|p2a: Cramorant|Agility|p2a: Cramorant\n|-boost|p2a: Cramorant|spe|2\n|move|p1a: Orbeetle|Psyshock|p2a: Cramorant\n|-damage|p2a: Cramorant|45\/100\n|\n|upkeep\n|turn|17\n|\n|t:|1614941980\n|move|p2a: Cramorant|Dual Wingbeat|p1a: Orbeetle\n|-supereffective|p1a: Orbeetle\n|-damage|p1a: Orbeetle|38\/100\n|-supereffective|p1a: Orbeetle\n|-damage|p1a: Orbeetle|4\/100\n|-hitcount|p1a: Orbeetle|2\n|move|p1a: Orbeetle|Recover|p1a: Orbeetle\n|-heal|p1a: Orbeetle|54\/100\n|\n|upkeep\n|turn|18\n|\n|t:|1614942032\n|switch|p1a: Slowking|Slowking, F|100\/100\n|move|p2a: Cramorant|Dual Wingbeat|p1a: Slowking\n|-damage|p1a: Slowking|83\/100\n|-damage|p1a: Slowking|64\/100\n|-hitcount|p1a: Slowking|2\n|\n|-heal|p1a: Slowking|71\/100|[from] item: Leftovers\n|upkeep\n|turn|19\n|\n|t:|1614942037\n|move|p2a: Cramorant|Surf|p1a: Slowking\n|-formechange|p2a: Cramorant|Cramorant-Gorging|\n|-resisted|p1a: Slowking\n|-crit|p1a: Slowking\n|-damage|p1a: Slowking|57\/100\n|move|p1a: Slowking|Toxic|p2a: Cramorant\n|-status|p2a: Cramorant|tox\n|\n|-heal|p1a: Slowking|63\/100|[from] item: Leftovers\n|-damage|p2a: Cramorant|39\/100 tox|[from] psn\n|upkeep\n|turn|20\n|\n|t:|1614942044\n|move|p2a: Cramorant|Dual Wingbeat|p1a: Slowking\n|-damage|p1a: Slowking|46\/100\n|-damage|p1a: Slowking|27\/100\n|-hitcount|p1a: Slowking|2\n|move|p1a: Slowking|Teleport|p1a: Slowking\n|\n|t:|1614942069\n|switch|p1a: Orbeetle|Orbeetle, M|54\/100|[from]move: Teleport\n|-item|p2a: Cramorant|Weakness Policy|[from] ability: Frisk|[of] p1a: Orbeetle|[identify]\n|\n|-damage|p2a: Cramorant|27\/100 tox|[from] psn\n|-sideend|p2: GeniusX|move: Light Screen\n|upkeep\n|turn|21\n|\n|t:|1614942080\n|move|p2a: Cramorant|Dual Wingbeat|p1a: Orbeetle|[miss]\n|-miss|p2a: Cramorant|p1a: Orbeetle\n|move|p1a: Orbeetle|Psyshock|p2a: Cramorant\n|-damage|p2a: Cramorant|0 fnt\n|-damage|p1a: Orbeetle|30\/100|[from] ability: Gulp Missile|[of] p2a: Cramorant\n|-status|p1a: Orbeetle|par\n|-formechange|p2a: Cramorant|Cramorant|\n|faint|p2a: Cramorant\n|\n|-sideend|p2: GeniusX|Reflect\n|upkeep\n|\n|t:|1614942091\n|switch|p2a: Bibarel|Bibarel, M|100\/100\n|-activate|p2a: Bibarel|move: Sticky Web\n|-unboost|p2a: Bibarel|spe|2\n|turn|22\n|c|\u2606g\/117013|So youre clicking sub and Im gonna get parad first turn\n|c|\u2606g\/117013|Got it\n|\n|t:|1614942118\n|move|p2a: Bibarel|Swords Dance|p2a: Bibarel\n|-boost|p2a: Bibarel|atk|4\n|cant|p1a: Orbeetle|par\n|\n|upkeep\n|turn|23\n|c|\u2606g\/117013|Or just that\n|c|\u2606g\/117013|That works too\n|c|\u2606g\/117013|thanks game\n|\n|t:|1614942132\n|move|p2a: Bibarel|Crunch|p1a: Orbeetle\n|-supereffective|p1a: Orbeetle\n|-damage|p1a: Orbeetle|0 fnt\n|faint|p1a: Orbeetle\n|\n|upkeep\n|c| thunderflight|go bibarel?\n|\n|t:|1614942154\n|switch|p1a: Swoobat|Swoobat, M|100\/100\n|turn|24\n|c| DannyCao|I think... that's gg?\n|\n|t:|1614942157\n|move|p1a: Swoobat|Thunder Wave|p2a: Bibarel\n|-status|p2a: Bibarel|par\n|move|p2a: Bibarel|Crunch|p1a: Swoobat\n|-supereffective|p1a: Swoobat\n|-damage|p1a: Swoobat|3\/100\n|\n|upkeep\n|turn|25\n|c| thunderflight|unaware\n|c| thunderflight|pogs\n|c|\u2606g\/117013|What the fuck\n|c|\u2606g\/117013|oh right\n|c| DannyCao|or not\n|\n|t:|1614942172\n|cant|p2a: Bibarel|par\n|move|p1a: Swoobat|Energy Ball|p2a: Bibarel\n|-supereffective|p2a: Bibarel\n|-damage|p2a: Bibarel|24\/100 par\n|\n|upkeep\n|turn|26\n|c| thunderflight|o-o\n|c|\u2606g\/117013|ez bop\n|c|\u2606g\/117013|tho\n|c| Santeyan|I thought bibarel got espeed for some reason\n|c| DannyCao|wait, the swoobat isn't simple???\n|\n|t:|1614942193\n|cant|p2a: Bibarel|par\n|move|p1a: Swoobat|Energy Ball|p2a: Bibarel\n|-supereffective|p2a: Bibarel\n|-damage|p2a: Bibarel|0 fnt\n|faint|p2a: Bibarel\n|\n|upkeep\n|c| thunderflight|well its not set up so\n|c|\u2606g\/117013|ez bop\n|\n|t:|1614942201\n|switch|p2a: Tapu Fini|Tapu Fini|64\/100\n|-activate|p2a: Tapu Fini|move: Sticky Web\n|-unboost|p2a: Tapu Fini|spe|1\n|-fieldstart|move: Misty Terrain|[from] ability: Misty Surge|[of] p2a: Tapu Fini\n|turn|27\n|\n|t:|1614942206\n|move|p1a: Swoobat|Energy Ball|p2a: Tapu Fini\n|-supereffective|p2a: Tapu Fini\n|-damage|p2a: Tapu Fini|37\/100\n|move|p2a: Tapu Fini|Knock Off|p1a: Swoobat\n|-supereffective|p1a: Swoobat\n|-damage|p1a: Swoobat|0 fnt\n|-enditem|p1a: Swoobat|Focus Sash|[from] move: Knock Off|[of] p2a: Tapu Fini\n|faint|p1a: Swoobat\n|\n|upkeep\n|c| Santeyan|the vital spirit rest earlier was amazing\n|l| Santeyan\n|j| Santeyan\n|c| thunderflight|santi if joke of the week was still a thing \n|c| thunderflight|would def go to that\n|c| Santeyan|absolutely\n|\n|t:|1614942268\n|switch|p1a: Gallade|Gallade-Mega, M|13\/100\n|turn|28\n|\n|t:|1614942297\n|move|p1a: Gallade|Leaf Blade|p2a: Tapu Fini\n|-supereffective|p2a: Tapu Fini\n|-damage|p2a: Tapu Fini|0 fnt\n|faint|p2a: Tapu Fini\n|\n|upkeep\n|\n|t:|1614942299\n|switch|p2a: Qwilfish|Qwilfish, M|100\/100\n|-activate|p2a: Qwilfish|move: Sticky Web\n|-unboost|p2a: Qwilfish|spe|1\n|-ability|p2a: Qwilfish|Intimidate|boost\n|-fail|p1a: Gallade|unboost|Attack|[from] ability: Inner Focus|[of] p1a: Gallade\n|turn|29\n|c|\u2606g\/117013|ez\n|\n|t:|1614942316\n|switch|p1a: Slowking|Slowking, F|60\/100\n|move|p2a: Qwilfish|Scald|p1a: Slowking\n|-resisted|p1a: Slowking\n|-damage|p1a: Slowking|56\/100\n|\n|-heal|p1a: Slowking|62\/100|[from] item: Leftovers\n|upkeep\n|turn|30\n|c| thunderflight|honestly mega gallade is so damn annoying to face\n|c|\u2606g\/117013|chip\n|\n|t:|1614942324\n|move|p2a: Qwilfish|Toxic Spikes|p1a: Slowking\n|-sidestart|p1: g\/117013|move: Toxic Spikes\n|move|p1a: Slowking|Teleport|p1a: Slowking\n|c| thunderflight|anti chip\n|\n|t:|1614942359\n|switch|p1a: Mew|Mew|100\/100 par|[from]move: Teleport\n|\n|upkeep\n|turn|31\n|\n|t:|1614942365\n|move|p2a: Qwilfish|Taunt|p1a: Mew\n|-start|p1a: Mew|move: Taunt\n|move|p1a: Mew|Leaf Blade|p2a: Qwilfish\n|-damage|p2a: Qwilfish|69\/100\n|\n|-heal|p2a: Qwilfish|75\/100|[from] item: Black Sludge\n|-fieldend|Misty Terrain\n|upkeep\n|turn|32\n|\n|t:|1614942371\n|move|p2a: Qwilfish|Toxic Spikes|p1a: Mew\n|-sidestart|p1: g\/117013|move: Toxic Spikes\n|move|p1a: Mew|Leaf Blade|p2a: Qwilfish\n|-damage|p2a: Qwilfish|43\/100\n|\n|-heal|p2a: Qwilfish|49\/100|[from] item: Black Sludge\n|upkeep\n|turn|33\n|c| thunderflight|:\/\n|c|\u2606g\/117013|wheres my crit game\n|c|\u2606g\/117013|cmon\n|\n|t:|1614942391\n|move|p2a: Qwilfish|Scald|p1a: Mew\n|-damage|p1a: Mew|84\/100 par\n|cant|p1a: Mew|par\n|\n|-heal|p2a: Qwilfish|55\/100|[from] item: Black Sludge\n|-heal|p1a: Mew|90\/100 par|[from] item: Leftovers\n|-end|p1a: Mew|move: Taunt\n|upkeep\n|turn|34\n|c|\u2606g\/117013|high crit move and stuff\n|c|\u2606g\/117013|aight ye theres that\n|\n|t:|1614942402\n|move|p2a: Qwilfish|Taunt|p1a: Mew\n|-start|p1a: Mew|move: Taunt\n|cant|p1a: Mew|par\n|\n|-heal|p2a: Qwilfish|61\/100|[from] item: Black Sludge\n|-heal|p1a: Mew|96\/100 par|[from] item: Leftovers\n|upkeep\n|turn|35\n|c|\u2606g\/117013|Aaaand another one for good measure\n|\n|t:|1614942412\n|move|p2a: Qwilfish|Scald|p1a: Mew\n|-damage|p1a: Mew|81\/100 par\n|cant|p1a: Mew|par\n|\n|-heal|p2a: Qwilfish|67\/100|[from] item: Black Sludge\n|-heal|p1a: Mew|87\/100 par|[from] item: Leftovers\n|upkeep\n|turn|36\n|c|\u2606GeniusX|can u hit me alrdy\n|c|\u2606g\/117013|Can i just forfeit already\n|\n|t:|1614942426\n|move|p2a: Qwilfish|Scald|p1a: Mew\n|-damage|p1a: Mew|72\/100 par\n|move|p1a: Mew|Leaf Blade|p2a: Qwilfish\n|-damage|p2a: Qwilfish|38\/100\n|\n|-heal|p2a: Qwilfish|44\/100|[from] item: Black Sludge\n|-heal|p1a: Mew|79\/100 par|[from] item: Leftovers\n|-end|p1a: Mew|move: Taunt\n|upkeep\n|turn|37\n|\n|t:|1614942429\n|move|p2a: Qwilfish|Taunt|p1a: Mew\n|-start|p1a: Mew|move: Taunt\n|move|p1a: Mew|Leaf Blade|p2a: Qwilfish\n|-damage|p2a: Qwilfish|16\/100\n|\n|-heal|p2a: Qwilfish|22\/100|[from] item: Black Sludge\n|-heal|p1a: Mew|85\/100 par|[from] item: Leftovers\n|upkeep\n|turn|38\n|\n|t:|1614942432\n|move|p2a: Qwilfish|Destiny Bond|p2a: Qwilfish\n|-singlemove|p2a: Qwilfish|Destiny Bond\n|cant|p1a: Mew|par\n|\n|-heal|p2a: Qwilfish|28\/100|[from] item: Black Sludge\n|-heal|p1a: Mew|91\/100 par|[from] item: Leftovers\n|upkeep\n|turn|39\n|c|\u2606g\/117013|ez\n|c| thunderflight|damn\n|c|\u2606g\/117013|big reads\n|\n|t:|1614942446\n|move|p2a: Qwilfish|Scald|p1a: Mew\n|-damage|p1a: Mew|75\/100 par\n|move|p1a: Mew|Leaf Blade|p2a: Qwilfish\n|-damage|p2a: Qwilfish|0 fnt\n|faint|p2a: Qwilfish\n|\n|-heal|p1a: Mew|81\/100 par|[from] item: Leftovers\n|-end|p1a: Mew|move: Taunt\n|upkeep\n|c| Santeyan|ahahahahaha\n|\n|t:|1614942448\n|switch|p2a: Regigigas|Regigigas|80\/100 par\n|-activate|p2a: Regigigas|move: Sticky Web\n|-unboost|p2a: Regigigas|spe|1\n|-start|p2a: Regigigas|ability: Slow Start\n|turn|40\n|c| thunderflight|literally happened to me in a prev game aswell\n|\n|t:|1614942458\n|move|p1a: Mew|Tailwind|p1a: Mew\n|-sidestart|p1: g\/117013|move: Tailwind\n|move|p2a: Regigigas|Knock Off|p1a: Mew\n|-supereffective|p1a: Mew\n|-damage|p1a: Mew|47\/100 par\n|-enditem|p1a: Mew|Leftovers|[from] move: Knock Off|[of] p2a: Regigigas\n|\n|upkeep\n|turn|41\n|\n|t:|1614942472\n|cant|p2a: Regigigas|par\n|cant|p1a: Mew|par\n|\n|upkeep\n|turn|42\n|c| thunderflight|i destiny bonded vs mienshao and it got paralyzed, then got aromatherapied later in the game and was a huge damn issue\n|c|\u2606g\/117013|For\n|c|\u2606g\/117013|Fuck\n|c|\u2606g\/117013|Sake\n|c|\u2606g\/117013|aaaaaaaa\n|\n|t:|1614942486\n|move|p2a: Regigigas|Facade|p1a: Mew\n|-damage|p1a: Mew|9\/100 par\n|move|p1a: Mew|Teleport|p1a: Mew\n|\n|t:|1614942490\n|switch|p1a: Gallade|Gallade-Mega, M|13\/100|[from]move: Teleport\n|-status|p1a: Gallade|tox\n|\n|-damage|p1a: Gallade|7\/100 tox|[from] psn\n|upkeep\n|turn|43\n|\n|t:|1614942496\n|move|p1a: Gallade|Drain Punch|p2a: Regigigas\n|-supereffective|p2a: Regigigas\n|-enditem|p2a: Regigigas|Chople Berry|[eat]\n|-enditem|p2a: Regigigas|Chople Berry|[weaken]\n|-damage|p2a: Regigigas|46\/100 par\n|-heal|p1a: Gallade|33\/100 tox|[from] drain|[of] p2a: Regigigas\n|move|p2a: Regigigas|Facade|p1a: Gallade\n|-damage|p1a: Gallade|0 fnt\n|faint|p1a: Gallade\n|\n|-sideend|p1: g\/117013|move: Tailwind\n|upkeep\n|c| DannyCao|oof\n|c|\u2606g\/117013|Yeah doesnt para that time\n|c| thunderflight|did ur gallade have zen \n|c|\u2606g\/117013|Makes sense\n|c|\u2606g\/117013|no\n|c| thunderflight|f\n|c|\u2606g\/117013|no real reason for it\n|c| thunderflight|qwilfish\n|c|\u2606g\/117013|meh\n|c| thunderflight|i mean thunder punch at least\n|c| DannyCao|earthquake would be better\n|c|\u2606g\/117013|had leaf blade cause i thought seis would come for elec spam\n|\n|t:|1614942556\n|switch|p1a: Mew|Mew|9\/100 par\n|turn|44\n|\n|t:|1614942560\n|move|p1a: Mew|Close Combat|p2a: Regigigas\n|-supereffective|p2a: Regigigas\n|-damage|p2a: Regigigas|2\/100 par\n|-unboost|p1a: Mew|def|1\n|-unboost|p1a: Mew|spd|1\n|move|p2a: Regigigas|Facade|p1a: Mew\n|-damage|p1a: Mew|0 fnt\n|faint|p1a: Mew\n|\n|-end|p2a: Regigigas|Slow Start\n|upkeep\n|\n|t:|1614942570\n|switch|p1a: Slowking|Slowking, F|95\/100\n|-status|p1a: Slowking|tox\n|turn|45\n|\n|t:|1614942576\n|move|p1a: Slowking|Grass Knot|p2a: Regigigas\n|-damage|p2a: Regigigas|0 fnt\n|faint|p2a: Regigigas\n|-end|p2a: Regigigas|Slow Start|[silent]\n|\n|-heal|p1a: Slowking|100\/100 tox|[from] item: Leftovers\n|-damage|p1a: Slowking|94\/100 tox|[from] psn\n|upkeep\n|\n|t:|1614942579\n|switch|p2a: Lopunny|Lopunny, F|100\/100\n|-activate|p2a: Lopunny|move: Sticky Web\n|-unboost|p2a: Lopunny|spe|1\n|turn|46\n|c| thunderflight|go slowking!\n|c|\u2606g\/117013|Nah I dont kill im not offensive enough\n|c|\u2606g\/117013|ggs\n|\n|t:|1614942600\n|move|p2a: Lopunny|Encore|p1a: Slowking\n|-start|p1a: Slowking|Encore\n|move|p1a: Slowking|Grass Knot|p2a: Lopunny\n|-damage|p2a: Lopunny|83\/100\n|\n|-heal|p1a: Slowking|100\/100 tox|[from] item: Leftovers\n|-damage|p1a: Slowking|88\/100 tox|[from] psn\n|upkeep\n|turn|47\n|c| thunderflight|def not now\n|c|\u2606g\/117013|oh\n|c| thunderflight|rip\n|\n|t:|1614942611\n|detailschange|p2a: Lopunny|Lopunny-Mega, F\n|-mega|p2a: Lopunny|Lopunny|Lopunnite\n|move|p2a: Lopunny|U-turn|p1a: Slowking\n|-supereffective|p1a: Slowking\n|-damage|p1a: Slowking|34\/100 tox\n|move|p1a: Slowking|Grass Knot|p2a: Lopunny\n|-damage|p2a: Lopunny|66\/100\n|\n|-heal|p1a: Slowking|40\/100 tox|[from] item: Leftovers\n|-damage|p1a: Slowking|22\/100 tox|[from] psn\n|upkeep\n|turn|48\n|c| DannyCao|damn no psychic movie?\n|c|\u2606g\/117013|Shoulda been oblivious\n|c|\u2606g\/117013|danny pls\n|c| thunderflight|i mean\n|c| thunderflight|you woulda been dead rn\n|\n|t:|1614942633\n|move|p2a: Lopunny|U-turn|p1a: Slowking\n|-supereffective|p1a: Slowking\n|-damage|p1a: Slowking|0 fnt\n|faint|p1a: Slowking\n|\n|win|GeniusX\n|c| thunderflight|you needed regen\n|c| thunderflight|to be at that health\n|c| Santeyan|gg\n|c|\u2606GeniusX|gg\n|c| DannyCao|gg\n|c|\u2606g\/117013|yes i know i was being sarcastic\n|c|\u2606g\/117013|ggs\n|l|\u2606GeniusX\n|l| Santeyan\n|c| thunderflight|gg bois\n|c|\u2606g\/117013|Can i just like\n|c|\u2606g\/117013|get something\n|c|\u2606g\/117013|going my way\n|c|\u2606g\/117013|this season\n|c|\u2606g\/117013|pls\n|c| thunderflight|f\n|c| DannyCao|f\n|c|\u2606g\/117013|This shit just happens every week\n|l| thunderflight\n|l|\u2606g\/117013\n","uploadtime":1614942641,"views":34,"p1id":"g117013","p2id":"geniusx","formatid":"gen8nationaldexdlcdraft","rating":0,"private":0,"password":null}