{"id":"sports-gen8nationaldexdraft-558839","p1":"Alfhan","p2":"DjezzeMwoan","format":"gen8nationaldexdraft","log":"|j|\u2606Alfhan\n|j|\u2606DjezzeMwoan\n|t:|1640105918\n|gametype|singles\n|player|p1|Alfhan|acetrainer-gen4dp|\n|player|p2|DjezzeMwoan|52|\n|teamsize|p1|6\n|teamsize|p2|6\n|gen|8\n|tier|[Gen 8] National Dex Draft\n|rule|Sleep Clause Mod: Limit one foe put to sleep\n|rule|OHKO Clause: OHKO moves are banned\n|rule|Evasion Moves Clause: Evasion moves are banned\n|rule|Endless Battle Clause: Forcing endless battles is banned\n|rule|HP Percentage Mod: HP is shown in percentages\n|rule|Dynamax Clause: You cannot dynamax\n|clearpoke\n|poke|p1|Diancie|\n|poke|p1|Melmetal|\n|poke|p1|Umbreon, M|\n|poke|p1|Heracross, M|\n|poke|p1|Slowbro, M|\n|poke|p1|Noivern, M|\n|poke|p2|Corsola-Galar, M|\n|poke|p2|Silvally-*|\n|poke|p2|Golem-Alola, M|\n|poke|p2|Heracross, F|\n|poke|p2|Vaporeon, M|\n|poke|p2|Landorus-Therian, M|\n|teampreview\n|html|<button name=\"send\" class=\"button\" value=\"\/timer ds\"><i class=\"fa fa-hourglass-start\"><\/i> DS Timer<\/button> <button name=\"send\" class=\"button\" value=\"\/timer smogon\"><i class=\"fa fa-hourglass-start\"><\/i> Smogon Timer<\/button>\n|c|\u2606DjezzeMwoan|glhf man\n|c|\u2606DjezzeMwoan|noivern\n|c|\u2606DjezzeMwoan|cute\n|c|\u2606Alfhan|u2!\n|c|\u2606Alfhan|is that a burn, i really cant tell\n|c|\u2606DjezzeMwoan|its not lol\n|c|\u2606DjezzeMwoan|im actually scared lol\n|c|\u2606DjezzeMwoan|where is the rotom\n|c|\u2606DjezzeMwoan|no\n|c|\u2606DjezzeMwoan|tfw u bring semi heat\n|c|\u2606DjezzeMwoan|and the opp doesnt bring rotom\n|c|\u2606Alfhan|yea this is not what i expected at all\n|c|\u2606Alfhan|haha\n|c|\u2606DjezzeMwoan|just ff and get rotom back\n|c|\u2606DjezzeMwoan|ill bring lele instead\n|c|\u2606Alfhan|nope\n|c|\u2606Alfhan|sorry\n|c|\u2606Alfhan|haha\n|c|\u2606DjezzeMwoan|what did you expect\n|c|\u2606DjezzeMwoan|like golem is kind of off\n|\n|t:|1640106044\n|start\n|switch|p1a: Candice|Diancie|100\/100\n|switch|p2a: Snorman|Landorus-Therian, M|100\/100\n|-ability|p2a: Snorman|Intimidate|boost\n|-fail|p1a: Candice|unboost|[from] ability: Clear Body|[of] p1a: Candice\n|turn|1\n|c|\u2606DjezzeMwoan|but the rest ive all used before\n|c|\u2606Alfhan|honestly, probably just surprised no lele\n|c|\u2606DjezzeMwoan|fair\n|\n|t:|1640106105\n|switch|p1a: Owl|Slowbro, M|100\/100\n|move|p2a: Snorman|U-turn|p1a: Owl\n|-supereffective|p1a: Owl\n|-damage|p1a: Owl|57\/100\n|c|\u2606DjezzeMwoan|but bro mel and rotom kind of deal\n|\n|t:|1640106146\n|switch|p2a: Boktor|Heracross, F|100\/100|[from]move: U-turn\n|\n|upkeep\n|turn|2\n|\n|t:|1640106155\n|switch|p1a: Gyarad\u00f3s|Heracross, M|100\/100\n|detailschange|p2a: Boktor|Heracross-Mega, F\n|-mega|p2a: Boktor|Heracross|Heracronite\n|move|p2a: Boktor|Rock Blast|p1a: Gyarad\u00f3s\n|-damage|p1a: Gyarad\u00f3s|87\/100\n|-damage|p1a: Gyarad\u00f3s|75\/100\n|-damage|p1a: Gyarad\u00f3s|60\/100\n|-damage|p1a: Gyarad\u00f3s|47\/100\n|-damage|p1a: Gyarad\u00f3s|35\/100\n|-hitcount|p1a: Gyarad\u00f3s|5\n|\n|-heal|p1a: Gyarad\u00f3s|41\/100|[from] item: Leftovers\n|upkeep\n|turn|3\n|\n|t:|1640106284\n|switch|p2a: Snorman|Landorus-Therian, M|100\/100\n|-ability|p2a: Snorman|Intimidate|boost\n|-unboost|p1a: Gyarad\u00f3s|atk|1\n|move|p1a: Gyarad\u00f3s|Aerial Ace|p2a: Snorman\n|-damage|p2a: Snorman|86\/100\n|\n|-heal|p1a: Gyarad\u00f3s|47\/100|[from] item: Leftovers\n|upkeep\n|turn|4\n|c|\u2606Alfhan|:(\n|c|\u2606Alfhan|LOL\n|c|\u2606DjezzeMwoan|:(\n|c|\u2606Alfhan|the tech\n|\n|t:|1640106301\n|move|p1a: Gyarad\u00f3s|Protect|p1a: Gyarad\u00f3s\n|-singleturn|p1a: Gyarad\u00f3s|Protect\n|move|p2a: Snorman|Stone Edge|p1a: Gyarad\u00f3s\n|-activate|p1a: Gyarad\u00f3s|move: Protect\n|\n|-heal|p1a: Gyarad\u00f3s|54\/100|[from] item: Leftovers\n|upkeep\n|turn|5\n|c|\u2606DjezzeMwoan|we dont do that here\n|\n|t:|1640106343\n|switch|p2a: Zuckerberg|Silvally-Electric|100\/100\n|move|p1a: Gyarad\u00f3s|Spikes|p2a: Zuckerberg\n|-sidestart|p2: DjezzeMwoan|Spikes\n|\n|-heal|p1a: Gyarad\u00f3s|60\/100|[from] item: Leftovers\n|upkeep\n|turn|6\n|c|\u2606DjezzeMwoan|i know this mon can learn that\n|c|\u2606DjezzeMwoan|i dont want to get screwed\n|\n|t:|1640106384\n|switch|p1a: Nutella|Melmetal|100\/100\n|move|p2a: Zuckerberg|Defog|p1a: Nutella\n|-unboost|p1a: Nutella|evasion|1\n|-sideend|p2: DjezzeMwoan|Spikes|[from] move: Defog|[of] p2a: Zuckerberg\n|\n|upkeep\n|turn|7\n|\n|t:|1640106405\n|move|p2a: Zuckerberg|Parting Shot|p1a: Nutella\n|-unboost|p1a: Nutella|atk|1\n|-unboost|p1a: Nutella|spa|1\n|\n|t:|1640106407\n|switch|p2a: Boktor|Heracross-Mega, F|100\/100|[from]move: Parting Shot\n|move|p1a: Nutella|Double Iron Bash|p2a: Boktor\n|-damage|p2a: Boktor|78\/100\n|-damage|p2a: Boktor|52\/100\n|-hitcount|p2a: Boktor|2\n|\n|upkeep\n|turn|8\n|\n|t:|1640106474\n|switch|p1a: Gyarad\u00f3s|Heracross, M|60\/100\n|move|p2a: Boktor|Close Combat|p1a: Gyarad\u00f3s\n|-resisted|p1a: Gyarad\u00f3s\n|-damage|p1a: Gyarad\u00f3s|13\/100\n|-unboost|p2a: Boktor|def|1\n|-unboost|p2a: Boktor|spd|1\n|\n|-heal|p1a: Gyarad\u00f3s|19\/100|[from] item: Leftovers\n|upkeep\n|turn|9\n|\n|t:|1640106485\n|switch|p2a: Snorman|Landorus-Therian, M|86\/100\n|-ability|p2a: Snorman|Intimidate|boost\n|-unboost|p1a: Gyarad\u00f3s|atk|1\n|move|p1a: Gyarad\u00f3s|Aerial Ace|p2a: Snorman\n|-damage|p2a: Snorman|71\/100\n|\n|-heal|p1a: Gyarad\u00f3s|25\/100|[from] item: Leftovers\n|upkeep\n|turn|10\n|\n|t:|1640106508\n|move|p1a: Gyarad\u00f3s|Protect|p1a: Gyarad\u00f3s\n|-singleturn|p1a: Gyarad\u00f3s|Protect\n|move|p2a: Snorman|Stone Edge|p1a: Gyarad\u00f3s\n|-activate|p1a: Gyarad\u00f3s|move: Protect\n|\n|-heal|p1a: Gyarad\u00f3s|32\/100|[from] item: Leftovers\n|upkeep\n|turn|11\n|\n|t:|1640106520\n|switch|p1a: Nutella|Melmetal|100\/100\n|move|p2a: Snorman|Stone Edge|p1a: Nutella\n|-resisted|p1a: Nutella\n|-damage|p1a: Nutella|82\/100\n|\n|upkeep\n|turn|12\n|\n|t:|1640106532\n|switch|p2a: Did you know that|Vaporeon, M|100\/100\n|move|p1a: Nutella|Earthquake|p2a: Did you know that\n|-damage|p2a: Did you know that|69\/100\n|\n|-heal|p2a: Did you know that|75\/100|[from] item: Leftovers\n|upkeep\n|turn|13\n|\n|t:|1640106558\n|switch|p1a: Nico|Noivern, M|100\/100\n|-item|p2a: Did you know that|Leftovers|[from] ability: Frisk|[of] p1a: Nico|[identify]\n|move|p2a: Did you know that|Flip Turn|p1a: Nico\n|-resisted|p1a: Nico\n|-damage|p1a: Nico|93\/100\n|\n|t:|1640106562\n|switch|p2a: Alolan Glowem|Golem-Alola, M|100\/100|[from]move: Flip Turn\n|\n|upkeep\n|turn|14\n|\n|t:|1640106587\n|switch|p1a: Gyarad\u00f3s|Heracross, M|32\/100\n|move|p2a: Alolan Glowem|Facade|p1a: Gyarad\u00f3s\n|-damage|p1a: Gyarad\u00f3s|0 fnt\n|faint|p1a: Gyarad\u00f3s\n|\n|upkeep\n|\n|t:|1640106634\n|switch|p1a: Candice|Diancie|100\/100\n|turn|15\n|\n|t:|1640106658\n|switch|p2a: Mosselman|Corsola-Galar, M|100\/100\n|detailschange|p1a: Candice|Diancie-Mega\n|-mega|p1a: Candice|Diancie|Diancite\n|move|p1a: Candice|Moonblast|p2a: Mosselman\n|-damage|p2a: Mosselman|68\/100\n|-unboost|p2a: Mosselman|spa|1\n|\n|upkeep\n|turn|16\n|\n|t:|1640106703\n|move|p1a: Candice|Moonblast|p2a: Mosselman\n|-damage|p2a: Mosselman|35\/100\n|-unboost|p2a: Mosselman|spa|1\n|-start|p1a: Candice|Disable|Moonblast|[from] ability: Cursed Body|[of] p2a: Mosselman\n|move|p2a: Mosselman|Night Shade|p1a: Candice\n|-damage|p1a: Candice|62\/100\n|\n|upkeep\n|turn|17\n|c|\u2606DjezzeMwoan|nice\n|\n|t:|1640106712\n|switch|p1a: Owl|Slowbro, M|90\/100\n|move|p2a: Mosselman|Rest|p2a: Mosselman\n|-status|p2a: Mosselman|slp|[from] move: Rest\n|-heal|p2a: Mosselman|100\/100 slp|[silent]\n|\n|upkeep\n|turn|18\n|\n|t:|1640106720\n|switch|p2a: Did you know that|Vaporeon, M|75\/100\n|move|p1a: Owl|Teleport|p1a: Owl\n|\n|t:|1640106743\n|switch|p1a: Nico|Noivern, M|93\/100|[from]move: Teleport\n|-item|p2a: Did you know that|Leftovers|[from] ability: Frisk|[of] p1a: Nico|[identify]\n|\n|-heal|p2a: Did you know that|82\/100|[from] item: Leftovers\n|upkeep\n|turn|19\n|\n|t:|1640106750\n|move|p1a: Nico|Switcheroo|p2a: Did you know that\n|-activate|p1a: Nico|move: Trick|[of] p2a: Did you know that\n|-item|p2a: Did you know that|Choice Scarf|[from] move: Switcheroo\n|-item|p1a: Nico|Leftovers|[from] move: Switcheroo\n|move|p2a: Did you know that|Wish|p2a: Did you know that\n|\n|-heal|p1a: Nico|99\/100|[from] item: Leftovers\n|upkeep\n|turn|20\n|\n|t:|1640106767\n|switch|p2a: Snorman|Landorus-Therian, M|71\/100\n|-ability|p2a: Snorman|Intimidate|boost\n|-unboost|p1a: Nico|atk|1\n|move|p1a: Nico|Hurricane|p2a: Snorman\n|-damage|p2a: Snorman|25\/100\n|-start|p2a: Snorman|confusion\n|\n|-heal|p2a: Snorman|98\/100|[from] move: Wish|[wisher] Did you know that\n|-heal|p1a: Nico|100\/100|[from] item: Leftovers\n|upkeep\n|turn|21\n|\n|t:|1640106780\n|switch|p1a: Owl|Slowbro, M|100\/100\n|-activate|p2a: Snorman|confusion\n|move|p2a: Snorman|U-turn|p1a: Owl\n|-supereffective|p1a: Owl\n|-damage|p1a: Owl|56\/100\n|\n|t:|1640106789\n|switch|p2a: Boktor|Heracross-Mega, F|52\/100|[from]move: U-turn\n|\n|upkeep\n|turn|22\n|\n|t:|1640106801\n|switch|p1a: Moony|Umbreon, M|100\/100\n|move|p2a: Boktor|Pin Missile|p1a: Moony\n|-supereffective|p1a: Moony\n|-damage|p1a: Moony|73\/100\n|-supereffective|p1a: Moony\n|-damage|p1a: Moony|41\/100\n|-supereffective|p1a: Moony\n|-damage|p1a: Moony|10\/100\n|-supereffective|p1a: Moony\n|-crit|p1a: Moony\n|-damage|p1a: Moony|0 fnt\n|faint|p1a: Moony\n|-hitcount|p1: Moony|4\n|\n|upkeep\n|\n|t:|1640106805\n|switch|p1a: Candice|Diancie-Mega|62\/100\n|turn|23\n|\n|t:|1640106825\n|switch|p2a: Mosselman|Corsola-Galar, M|100\/100 slp\n|move|p1a: Candice|Moonblast|p2a: Mosselman\n|-damage|p2a: Mosselman|67\/100 slp\n|-unboost|p2a: Mosselman|spa|1\n|-start|p1a: Candice|Disable|Moonblast|[from] ability: Cursed Body|[of] p2a: Mosselman\n|\n|upkeep\n|turn|24\n|\n|t:|1640106832\n|switch|p1a: Nutella|Melmetal|82\/100\n|cant|p2a: Mosselman|slp\n|move|p2a: Mosselman|Sleep Talk|p2a: Mosselman\n|move|p2a: Mosselman|Rest||[from]move: Sleep Talk|[still]\n|-fail|p2a: Mosselman\n|\n|upkeep\n|turn|25\n|\n|t:|1640106841\n|switch|p2a: Zuckerberg|Silvally-Electric|100\/100\n|move|p1a: Nutella|Double Iron Bash|p2a: Zuckerberg\n|-resisted|p2a: Zuckerberg\n|-damage|p2a: Zuckerberg|85\/100\n|-resisted|p2a: Zuckerberg\n|-damage|p2a: Zuckerberg|68\/100\n|-hitcount|p2a: Zuckerberg|2\n|\n|upkeep\n|turn|26\n|\n|t:|1640106849\n|move|p2a: Zuckerberg|Parting Shot|p1a: Nutella\n|-unboost|p1a: Nutella|atk|1\n|-unboost|p1a: Nutella|spa|1\n|\n|t:|1640106856\n|switch|p2a: Alolan Glowem|Golem-Alola, M|100\/100|[from]move: Parting Shot\n|move|p1a: Nutella|Ice Punch|p2a: Alolan Glowem\n|-damage|p2a: Alolan Glowem|79\/100\n|\n|-heal|p2a: Alolan Glowem|85\/100|[from] item: Leftovers\n|upkeep\n|turn|27\n|\n|t:|1640106863\n|move|p2a: Alolan Glowem|Facade|p1a: Nutella\n|-damage|p1a: Nutella|52\/100\n|move|p1a: Nutella|Earthquake|p2a: Alolan Glowem\n|-supereffective|p2a: Alolan Glowem\n|-damage|p2a: Alolan Glowem|0 fnt\n|faint|p2a: Alolan Glowem\n|\n|upkeep\n|\n|t:|1640106868\n|switch|p2a: Snorman|Landorus-Therian, M|98\/100\n|-ability|p2a: Snorman|Intimidate|boost\n|-unboost|p1a: Nutella|atk|1\n|turn|28\n|\n|t:|1640106873\n|switch|p1a: Nico|Noivern, M|100\/100\n|-item|p2a: Snorman|Choice Band|[from] ability: Frisk|[of] p1a: Nico|[identify]\n|move|p2a: Snorman|Earthquake|p1a: Nico\n|-immune|p1a: Nico\n|\n|upkeep\n|turn|29\n|\n|t:|1640106954\n|switch|p2a: Zuckerberg|Silvally-Electric|68\/100\n|move|p1a: Nico|Hurricane|p2a: Zuckerberg\n|-resisted|p2a: Zuckerberg\n|-damage|p2a: Zuckerberg|52\/100\n|-start|p2a: Zuckerberg|confusion\n|\n|upkeep\n|turn|30\n|\n|t:|1640106964\n|switch|p1a: Candice|Diancie-Mega|62\/100\n|-activate|p2a: Zuckerberg|confusion\n|move|p2a: Zuckerberg|Parting Shot|p1a: Candice\n|move|p1a: Candice|Parting Shot|p2a: Zuckerberg|[from]ability: Magic Bounce\n|-unboost|p2a: Zuckerberg|atk|1\n|-unboost|p2a: Zuckerberg|spa|1\n|c|\u2606DjezzeMwoan|damn\n|c|\u2606DjezzeMwoan|wp\n|c|\u2606Alfhan|it seems like a stunt\n|c|\u2606Alfhan|but i kinda wanted diancie in still LMAO\n|\n|t:|1640107029\n|switch|p1a: Owl|Slowbro, M|89\/100|[from]move: Parting Shot\n|\n|upkeep\n|turn|31\n|\n|t:|1640107038\n|switch|p2a: Did you know that|Vaporeon, M|82\/100\n|move|p1a: Owl|Teleport|p1a: Owl\n|\n|t:|1640107049\n|switch|p1a: Nutella|Melmetal|52\/100|[from]move: Teleport\n|\n|upkeep\n|turn|32\n|\n|t:|1640107051\n|switch|p1a: Owl|Slowbro, M|100\/100\n|move|p2a: Did you know that|Flip Turn|p1a: Owl\n|-resisted|p1a: Owl\n|-damage|p1a: Owl|96\/100\n|\n|t:|1640107053\n|switch|p2a: Boktor|Heracross-Mega, F|52\/100|[from]move: Flip Turn\n|\n|upkeep\n|turn|33\n|\n|t:|1640107059\n|switch|p1a: Nico|Noivern, M|100\/100\n|-item|p2a: Boktor|Heracronite|[from] ability: Frisk|[of] p1a: Nico|[identify]\n|move|p2a: Boktor|Rock Blast|p1a: Nico|[miss]\n|-miss|p2a: Boktor|p1a: Nico\n|\n|upkeep\n|turn|34\n|c|\u2606Alfhan|mb\n|c|\u2606DjezzeMwoan|np\n|\n|t:|1640107079\n|switch|p1a: Owl|Slowbro, M|100\/100\n|move|p2a: Boktor|Rock Blast|p1a: Owl|[miss]\n|-miss|p2a: Boktor|p1a: Owl\n|\n|upkeep\n|turn|35\n|c|\u2606DjezzeMwoan|lol\n|\n|t:|1640107086\n|move|p2a: Boktor|Pin Missile|p1a: Owl\n|-supereffective|p1a: Owl\n|-crit|p1a: Owl\n|-damage|p1a: Owl|70\/100\n|-supereffective|p1a: Owl\n|-damage|p1a: Owl|48\/100\n|-supereffective|p1a: Owl\n|-damage|p1a: Owl|25\/100\n|-supereffective|p1a: Owl\n|-damage|p1a: Owl|2\/100\n|-supereffective|p1a: Owl\n|-damage|p1a: Owl|0 fnt\n|faint|p1a: Owl\n|-hitcount|p1: Owl|5\n|\n|upkeep\n|c|\u2606Alfhan|i dont know why i thought this thing was choiced in some way\n|c|\u2606Alfhan|im actually an idiot\n|c|\u2606DjezzeMwoan|lol\n|c|\u2606Alfhan|LMAO\n|c|\u2606DjezzeMwoan|i mean\n|\n|t:|1640107118\n|switch|p1a: Candice|Diancie-Mega|62\/100\n|turn|36\n|c|\u2606DjezzeMwoan|id rather have the noivern dead lol\n|\n|t:|1640107123\n|switch|p2a: Did you know that|Vaporeon, M|82\/100\n|move|p1a: Candice|Moonblast|p2a: Did you know that\n|-damage|p2a: Did you know that|37\/100\n|\n|upkeep\n|turn|37\n|\n|t:|1640107128\n|move|p1a: Candice|Moonblast|p2a: Did you know that\n|-damage|p2a: Did you know that|0 fnt\n|faint|p2a: Did you know that\n|\n|upkeep\n|\n|t:|1640107131\n|switch|p2a: Snorman|Landorus-Therian, M|98\/100\n|-ability|p2a: Snorman|Intimidate|boost\n|-unboost|p1a: Candice|atk|1\n|turn|38\n|\n|t:|1640107134\n|move|p1a: Candice|Moonblast|p2a: Snorman\n|-damage|p2a: Snorman|30\/100\n|move|p2a: Snorman|Earthquake|p1a: Candice\n|-supereffective|p1a: Candice\n|-damage|p1a: Candice|0 fnt\n|faint|p1a: Candice\n|\n|upkeep\n|\n|t:|1640107141\n|switch|p1a: Nico|Noivern, M|100\/100\n|-item|p2a: Snorman|Choice Band|[from] ability: Frisk|[of] p1a: Nico|[identify]\n|turn|39\n|c|\u2606Alfhan|ah\n|c|\u2606Alfhan|damn\n|\n|t:|1640107146\n|switch|p2a: Zuckerberg|Silvally-Electric|52\/100\n|move|p1a: Nico|Hurricane|p2a: Zuckerberg|[miss]\n|-miss|p1a: Nico|p2a: Zuckerberg\n|\n|upkeep\n|turn|40\n|\n|t:|1640107153\n|move|p1a: Nico|Hurricane|p2a: Zuckerberg|[miss]\n|-miss|p1a: Nico|p2a: Zuckerberg\n|move|p2a: Zuckerberg|Parting Shot|p1a: Nico\n|-unboost|p1a: Nico|atk|1\n|-unboost|p1a: Nico|spa|1\n|\n|t:|1640107157\n|switch|p2a: Mosselman|Corsola-Galar, M|67\/100 slp|[from]move: Parting Shot\n|\n|upkeep\n|turn|41\n|\n|t:|1640107172\n|switch|p2a: Snorman|Landorus-Therian, M|30\/100\n|-ability|p2a: Snorman|Intimidate|boost\n|-unboost|p1a: Nico|atk|1\n|move|p1a: Nico|Switcheroo|p2a: Snorman\n|-activate|p1a: Nico|move: Trick|[of] p2a: Snorman\n|-item|p2a: Snorman|Leftovers|[from] move: Switcheroo\n|-item|p1a: Nico|Choice Band|[from] move: Switcheroo\n|\n|-heal|p2a: Snorman|36\/100|[from] item: Leftovers\n|upkeep\n|turn|42\n|c|\u2606Alfhan|f\n|c|\u2606Alfhan|uc\n|c|\u2606Alfhan|k\n|\n|t:|1640107185\n|move|p1a: Nico|Hurricane|p2a: Snorman\n|-damage|p2a: Snorman|7\/100\n|-start|p2a: Snorman|confusion\n|-activate|p2a: Snorman|confusion\n|-damage|p2a: Snorman|0 fnt|[from] confusion\n|faint|p2a: Snorman\n|\n|upkeep\n|c|\u2606DjezzeMwoan|gotem\n|c|\u2606DjezzeMwoan|bro\n|c|\u2606Alfhan|im so sorry \n|c|\u2606DjezzeMwoan|my luck is ass lol\n|c|\u2606Alfhan|this should not be this close\n|c|\u2606DjezzeMwoan|i needed this stone edge\n|c|\u2606Alfhan|not that its really close\n|c|\u2606DjezzeMwoan|idk if it killed\n|\n|t:|1640107223\n|switch|p2a: Mosselman|Corsola-Galar, M|67\/100 slp\n|turn|43\n|c|\u2606Alfhan|it absolutely did, ur banded\n|c|\u2606DjezzeMwoan|no\n|c|\u2606DjezzeMwoan|you took it\n|c|\u2606DjezzeMwoan|the band\n|c|\u2606Alfhan|oh\n|c|\u2606Alfhan|slow moment\n|c|\u2606Alfhan|then it didnt\n|\n|t:|1640107269\n|switch|p1a: Nutella|Melmetal|52\/100\n|cant|p2a: Mosselman|slp\n|move|p2a: Mosselman|Sleep Talk|p2a: Mosselman\n|move|p2a: Mosselman|Rest||[from]move: Sleep Talk|[still]\n|-fail|p2a: Mosselman\n|\n|upkeep\n|turn|44\n|\n|t:|1640107319\n|switch|p2a: Zuckerberg|Silvally-Electric|52\/100\n|move|p1a: Nutella|Double Iron Bash|p2a: Zuckerberg\n|-resisted|p2a: Zuckerberg\n|-damage|p2a: Zuckerberg|36\/100\n|-resisted|p2a: Zuckerberg\n|-damage|p2a: Zuckerberg|19\/100\n|-hitcount|p2a: Zuckerberg|2\n|\n|upkeep\n|turn|45\n|c|\u2606DjezzeMwoan|well\n|c|\u2606DjezzeMwoan|the damage still guaranteed a win\n|c|\u2606DjezzeMwoan|i think\n|\n|t:|1640107338\n|switch|p1a: Nico|Noivern, M|100\/100\n|-item|p2a: Zuckerberg|Electric Memory|[from] ability: Frisk|[of] p1a: Nico|[identify]\n|move|p2a: Zuckerberg|Parting Shot|p1a: Nico\n|-unboost|p1a: Nico|atk|1\n|-unboost|p1a: Nico|spa|1\n|\n|t:|1640107351\n|switch|p2a: Boktor|Heracross-Mega, F|52\/100|[from]move: Parting Shot\n|\n|upkeep\n|turn|46\n|\n|t:|1640107355\n|move|p1a: Nico|Hurricane|p2a: Boktor\n|-supereffective|p2a: Boktor\n|-damage|p2a: Boktor|0 fnt\n|faint|p2a: Boktor\n|\n|upkeep\n|c|\u2606Alfhan|??\n|c|\u2606DjezzeMwoan|ye i needed a miss there\n|\n|t:|1640107368\n|switch|p2a: Zuckerberg|Silvally-Electric|19\/100\n|turn|47\n|\n|t:|1640107372\n|move|p1a: Nico|Hurricane|p2a: Zuckerberg\n|-resisted|p2a: Zuckerberg\n|-damage|p2a: Zuckerberg|7\/100\n|move|p2a: Zuckerberg|Multi-Attack|p1a: Nico\n|-damage|p1a: Nico|59\/100\n|\n|upkeep\n|turn|48\n|\n|t:|1640107379\n|switch|p2a: Mosselman|Corsola-Galar, M|67\/100 slp\n|move|p1a: Nico|Hurricane|p2a: Mosselman\n|-damage|p2a: Mosselman|52\/100 slp\n|\n|upkeep\n|turn|49\n|\n|t:|1640107381\n|switch|p1a: Nutella|Melmetal|52\/100\n|-curestatus|p2a: Mosselman|slp|[msg]\n|move|p2a: Mosselman|Night Shade|p1a: Nutella\n|-damage|p1a: Nutella|28\/100\n|\n|upkeep\n|turn|50\n|\n|t:|1640107392\n|move|p1a: Nutella|Double Iron Bash|p2a: Mosselman\n|-damage|p2a: Mosselman|24\/100\n|-damage|p2a: Mosselman|0 fnt\n|faint|p2a: Mosselman\n|-hitcount|p2: Mosselman|2\n|\n|upkeep\n|\n|t:|1640107394\n|switch|p2a: Zuckerberg|Silvally-Electric|7\/100\n|turn|51\n|\n|t:|1640107399\n|move|p2a: Zuckerberg|Multi-Attack|p1a: Nutella\n|-damage|p1a: Nutella|5\/100\n|move|p1a: Nutella|Double Iron Bash|p2a: Zuckerberg\n|-resisted|p2a: Zuckerberg\n|-damage|p2a: Zuckerberg|0 fnt\n|faint|p2a: Zuckerberg\n|-hitcount|p2: Zuckerberg|1\n|\n|win|Alfhan\n|c|\u2606Alfhan|im so sorry\n|c|\u2606DjezzeMwoan|unlucky\n|c|\u2606DjezzeMwoan|gg man\n|c|\u2606DjezzeMwoan|wp\n|c|\u2606Alfhan|i did not deserve this\n|c|\u2606DjezzeMwoan|well\n|c|\u2606DjezzeMwoan|you had good plays too\n|c|\u2606Alfhan|yeah, but still some really 3head moments\n|c|\u2606DjezzeMwoan|its not undeserved\n","uploadtime":1640107432,"views":22,"p1id":"alfhan","p2id":"djezzemwoan","formatid":"gen8nationaldexdraft","rating":0,"private":0,"password":null}