{"id":"sports-gen8nationaldexdlcdraft-347079","p1":"Specs KD","p2":"Patcantwin","format":"gen8nationaldexdlcdraft","log":"|j|\u2606Specs KD\n|j|\u2606Patcantwin\n|t:|1613703472\n|player|p1|Specs KD|1|\n|player|p2|Patcantwin|266|\n|teamsize|p1|6\n|teamsize|p2|6\n|gametype|singles\n|gen|8\n|tier|[Gen 8] National Dex DLC Draft\n|rule|Sleep Clause Mod: Limit one foe put to sleep\n|rule|OHKO Clause: OHKO moves are banned\n|rule|Evasion Moves Clause: Evasion moves are banned\n|rule|Endless Battle Clause: Forcing endless battles is banned\n|rule|HP Percentage Mod: HP is shown in percentages\n|clearpoke\n|poke|p1|Medicham, M|\n|poke|p1|Clefable, M|\n|poke|p1|Gengar, F|\n|poke|p1|Deoxys-Defense|\n|poke|p1|Blissey, F|\n|poke|p1|Talonflame, F|\n|poke|p2|Garchomp, F|\n|poke|p2|Tapu Lele|\n|poke|p2|Hoopa-Unbound|\n|poke|p2|Rotom-Heat|\n|poke|p2|Primarina, M|\n|poke|p2|Venusaur, M|\n|rule|Dynamax Clause: You cannot dynamax\n|teampreview\n|html|<button name=\"send\" class=\"button\" value=\"\/timer ds\"><i class=\"fa fa-hourglass-start\"><\/i> DS Timer<\/button> <button name=\"send\" class=\"button\" value=\"\/timer smogon\"><i class=\"fa fa-hourglass-start\"><\/i> Smogon Timer<\/button>\n|j| tealnation\n|j| CyperKnight\n|\n|t:|1613703540\n|start\n|switch|p1a: Mark XLIV|Deoxys-Defense|100\/100\n|switch|p2a: Garchomp|Garchomp, F|100\/100\n|-ability|p1a: Mark XLIV|Pressure\n|turn|1\n|\n|t:|1613703582\n|move|p2a: Garchomp|Stealth Rock|p1a: Mark XLIV\n|-sidestart|p1: Specs KD|move: Stealth Rock\n|move|p1a: Mark XLIV|Stealth Rock|p2a: Garchomp\n|-sidestart|p2: Patcantwin|move: Stealth Rock\n|\n|upkeep\n|turn|2\n|c|\u2606Specs KD|handshake\n|\n|t:|1613703596\n|switch|p2a: Rotom|Rotom-Heat|100\/100\n|move|p1a: Mark XLIV|Knock Off|p2a: Rotom\n|-damage|p2a: Rotom|83\/100\n|-enditem|p2a: Rotom|Heavy-Duty Boots|[from] move: Knock Off|[of] p1a: Mark XLIV\n|\n|upkeep\n|turn|3\n|\n|t:|1613703605\n|move|p2a: Rotom|Will-O-Wisp|p1a: Mark XLIV\n|-status|p1a: Mark XLIV|brn\n|move|p1a: Mark XLIV|Teleport|p1a: Mark XLIV\n|l| CyperKnight\n|\n|t:|1613703617\n|switch|p1a: Aang|Medicham, M, shiny|100\/100|[from]move: Teleport\n|-damage|p1a: Aang|94\/100|[from] Stealth Rock\n|\n|upkeep\n|turn|4\n|\n|t:|1613703635\n|switch|p2a: Primarina|Primarina, M|100\/100\n|-damage|p2a: Primarina|88\/100|[from] Stealth Rock\n|detailschange|p1a: Aang|Medicham-Mega, M, shiny\n|-mega|p1a: Aang|Medicham|Medichamite\n|move|p1a: Aang|High Jump Kick|p2a: Primarina\n|-resisted|p2a: Primarina\n|-damage|p2a: Primarina|13\/100\n|\n|-heal|p2a: Primarina|19\/100|[from] item: Leftovers\n|upkeep\n|turn|5\n|\n|t:|1613703648\n|move|p1a: Aang|Zen Headbutt|p2a: Primarina\n|-damage|p2a: Primarina|0 fnt\n|faint|p2a: Primarina\n|\n|upkeep\n|\n|t:|1613703656\n|switch|p2a: Hoopa|Hoopa-Unbound|100\/100\n|-damage|p2a: Hoopa|88\/100|[from] Stealth Rock\n|turn|6\n|\n|t:|1613703664\n|switch|p1a: Yue|Clefable, M|100\/100\n|move|p2a: Hoopa|Hyperspace Fury|p1a: Yue\n|-resisted|p1a: Yue\n|-damage|p1a: Yue|75\/100\n|-unboost|p2a: Hoopa|def|1\n|\n|upkeep\n|turn|7\n|\n|t:|1613703685\n|switch|p2a: Rotom|Rotom-Heat|83\/100\n|-damage|p2a: Rotom|58\/100|[from] Stealth Rock\n|switch|p1a: Hawky|Talonflame, F|100\/100\n|\n|upkeep\n|turn|8\n|\n|t:|1613703698\n|move|p1a: Hawky|Toxic|p2a: Rotom\n|-status|p2a: Rotom|tox\n|move|p2a: Rotom|Defog|p1a: Hawky\n|-unboost|p1a: Hawky|evasion|1\n|-sideend|p1: Specs KD|Stealth Rock|[from] move: Defog|[of] p2a: Rotom\n|-sideend|p2: Patcantwin|Stealth Rock|[from] move: Defog|[of] p2a: Rotom\n|\n|-damage|p2a: Rotom|52\/100 tox|[from] psn\n|upkeep\n|turn|9\n|\n|t:|1613703705\n|move|p1a: Hawky|Substitute|p1a: Hawky\n|-start|p1a: Hawky|Substitute\n|-damage|p1a: Hawky|75\/100\n|move|p2a: Rotom|Volt Switch|p1a: Hawky\n|-supereffective|p1a: Hawky\n|-end|p1a: Hawky|Substitute\n|\n|t:|1613703714\n|switch|p2a: Hoopa|Hoopa-Unbound|88\/100|[from]move: Volt Switch\n|\n|upkeep\n|turn|10\n|\n|t:|1613703722\n|move|p2a: Hoopa|Thunder Punch|p1a: Hawky\n|-supereffective|p1a: Hawky\n|-damage|p1a: Hawky|15\/100\n|move|p1a: Hawky|Roost|p1a: Hawky\n|-heal|p1a: Hawky|65\/100\n|-singleturn|p1a: Hawky|move: Roost\n|\n|upkeep\n|turn|11\n|\n|t:|1613703733\n|switch|p1a: Yue|Clefable, M|75\/100\n|move|p2a: Hoopa|Thunder Punch|p1a: Yue\n|-damage|p1a: Yue|52\/100\n|\n|upkeep\n|turn|12\n|\n|t:|1613703741\n|switch|p2a: Venusaur|Venusaur, M|100\/100\n|move|p1a: Yue|Wish|p1a: Yue\n|\n|upkeep\n|turn|13\n|\n|t:|1613703748\n|detailschange|p2a: Venusaur|Venusaur-Mega, M\n|-mega|p2a: Venusaur|Venusaur|Venusaurite\n|move|p1a: Yue|Protect|p1a: Yue\n|-singleturn|p1a: Yue|Protect\n|move|p2a: Venusaur|Sludge Bomb|p1a: Yue\n|-activate|p1a: Yue|move: Protect\n|\n|-heal|p1a: Yue|100\/100|[from] move: Wish|[wisher] Yue\n|upkeep\n|turn|14\n|\n|t:|1613703757\n|switch|p1a: Mark XLIV|Deoxys-Defense|100\/100 brn\n|-ability|p1a: Mark XLIV|Pressure\n|move|p2a: Venusaur|Sludge Bomb|p1a: Mark XLIV\n|-damage|p1a: Mark XLIV|77\/100 brn\n|\n|-damage|p1a: Mark XLIV|71\/100 brn|[from] brn\n|upkeep\n|turn|15\n|\n|t:|1613703767\n|move|p1a: Mark XLIV|Stealth Rock|p2a: Venusaur\n|-sidestart|p2: Patcantwin|move: Stealth Rock\n|move|p2a: Venusaur|Sludge Bomb|p1a: Mark XLIV\n|-damage|p1a: Mark XLIV|51\/100 brn\n|\n|-damage|p1a: Mark XLIV|45\/100 brn|[from] brn\n|upkeep\n|turn|16\n|\n|t:|1613703779\n|move|p1a: Mark XLIV|Recover|p1a: Mark XLIV\n|-heal|p1a: Mark XLIV|95\/100 brn\n|move|p2a: Venusaur|Earth Power|p1a: Mark XLIV\n|-crit|p1a: Mark XLIV\n|-damage|p1a: Mark XLIV|72\/100 brn\n|-unboost|p1a: Mark XLIV|spd|1\n|\n|-damage|p1a: Mark XLIV|66\/100 brn|[from] brn\n|upkeep\n|turn|17\n|\n|t:|1613703787\n|switch|p1a: Humpty Dumpty|Blissey, F, shiny|100\/100\n|move|p2a: Venusaur|Sludge Bomb|p1a: Humpty Dumpty\n|-damage|p1a: Humpty Dumpty|88\/100\n|\n|-heal|p1a: Humpty Dumpty|94\/100|[from] item: Leftovers\n|upkeep\n|turn|18\n|\n|t:|1613703802\n|switch|p2a: Rotom|Rotom-Heat|52\/100 tox\n|-damage|p2a: Rotom|27\/100 tox|[from] Stealth Rock\n|switch|p1a: Mark XLIV|Deoxys-Defense|66\/100 brn\n|-ability|p1a: Mark XLIV|Pressure\n|\n|-damage|p2a: Rotom|21\/100 tox|[from] psn\n|-damage|p1a: Mark XLIV|60\/100 brn|[from] brn\n|upkeep\n|turn|19\n|\n|t:|1613703812\n|move|p2a: Rotom|Defog|p1a: Mark XLIV\n|-unboost|p1a: Mark XLIV|evasion|1\n|-sideend|p2: Patcantwin|Stealth Rock|[from] move: Defog|[of] p2a: Rotom\n|move|p1a: Mark XLIV|Stealth Rock|p2a: Rotom\n|-sidestart|p2: Patcantwin|move: Stealth Rock\n|\n|-damage|p2a: Rotom|9\/100 tox|[from] psn\n|-damage|p1a: Mark XLIV|53\/100 brn|[from] brn\n|upkeep\n|turn|20\n|\n|t:|1613703825\n|move|p2a: Rotom|Volt Switch|p1a: Mark XLIV\n|-damage|p1a: Mark XLIV|38\/100 brn\n|\n|t:|1613703833\n|switch|p2a: Hoopa|Hoopa-Unbound|88\/100|[from]move: Volt Switch\n|-damage|p2a: Hoopa|76\/100|[from] Stealth Rock\n|move|p1a: Mark XLIV|Stealth Rock||[still]\n|-fail|p1a: Mark XLIV\n|\n|-damage|p1a: Mark XLIV|32\/100 brn|[from] brn\n|upkeep\n|turn|21\n|j| HawaiianShaymin\n|\n|t:|1613703845\n|switch|p1a: Hawky|Talonflame, F|65\/100\n|move|p2a: Hoopa|Gunk Shot|p1a: Hawky|[miss]\n|-miss|p2a: Hoopa|p1a: Hawky\n|\n|upkeep\n|turn|22\n|\n|t:|1613703852\n|move|p2a: Hoopa|Gunk Shot|p1a: Hawky\n|-damage|p1a: Hawky|18\/100\n|move|p1a: Hawky|Roost|p1a: Hawky\n|-heal|p1a: Hawky|68\/100\n|-singleturn|p1a: Hawky|move: Roost\n|\n|upkeep\n|turn|23\n|\n|t:|1613703862\n|move|p2a: Hoopa|Gunk Shot|p1a: Hawky\n|-damage|p1a: Hawky|22\/100\n|move|p1a: Hawky|Toxic|p2a: Hoopa\n|-status|p2a: Hoopa|tox\n|\n|-damage|p2a: Hoopa|70\/100 tox|[from] psn\n|upkeep\n|turn|24\n|\n|t:|1613703885\n|switch|p2a: Rotom|Rotom-Heat|9\/100 tox\n|-damage|p2a: Rotom|0 fnt|[from] Stealth Rock\n|faint|p2a: Rotom\n|move|p1a: Hawky|Roost|p1a: Hawky\n|-heal|p1a: Hawky|72\/100\n|-singleturn|p1a: Hawky|move: Roost\n|\n|upkeep\n|\n|t:|1613703893\n|switch|p2a: Garchomp|Garchomp, F|100\/100\n|-damage|p2a: Garchomp|94\/100|[from] Stealth Rock\n|turn|25\n|\n|t:|1613703899\n|move|p1a: Hawky|Toxic|p2a: Garchomp\n|-status|p2a: Garchomp|tox\n|move|p2a: Garchomp|Stone Edge|p1a: Hawky\n|-supereffective|p1a: Hawky\n|-crit|p1a: Hawky\n|-damage|p1a: Hawky|0 fnt\n|faint|p1a: Hawky\n|\n|-damage|p2a: Garchomp|88\/100 tox|[from] psn\n|upkeep\n|\n|t:|1613703907\n|switch|p1a: Yue|Clefable, M|100\/100\n|turn|26\n|\n|t:|1613703911\n|move|p2a: Garchomp|Poison Jab|p1a: Yue\n|-supereffective|p1a: Yue\n|-enditem|p1a: Yue|Kebia Berry|[eat]\n|-enditem|p1a: Yue|Kebia Berry|[weaken]\n|-damage|p1a: Yue|78\/100\n|move|p1a: Yue|Moonblast|p2a: Garchomp\n|-supereffective|p2a: Garchomp\n|-damage|p2a: Garchomp|23\/100 tox\n|\n|-damage|p2a: Garchomp|10\/100 tox|[from] psn\n|upkeep\n|turn|27\n|\n|t:|1613703920\n|move|p1a: Yue|Protect|p1a: Yue\n|-singleturn|p1a: Yue|Protect\n|move|p2a: Garchomp|Stealth Rock|p1a: Yue\n|-sidestart|p1: Specs KD|move: Stealth Rock\n|\n|-damage|p2a: Garchomp|0 fnt|[from] psn\n|faint|p2a: Garchomp\n|upkeep\n|c|\u2606Specs KD|nice\n|\n|t:|1613703927\n|switch|p2a: Venusaur|Venusaur-Mega, M|100\/100\n|-damage|p2a: Venusaur|88\/100|[from] Stealth Rock\n|turn|28\n|\n|t:|1613703945\n|switch|p1a: Koh|Gengar, F, shiny|100\/100\n|-damage|p1a: Koh|88\/100|[from] Stealth Rock\n|move|p2a: Venusaur|Sludge Bomb|p1a: Koh\n|-resisted|p1a: Koh\n|-damage|p1a: Koh|74\/100\n|\n|upkeep\n|turn|29\n|\n|t:|1613703953\n|switch|p1a: Humpty Dumpty|Blissey, F, shiny|94\/100\n|-damage|p1a: Humpty Dumpty|81\/100|[from] Stealth Rock\n|move|p2a: Venusaur|Earth Power|p1a: Humpty Dumpty\n|-damage|p1a: Humpty Dumpty|72\/100\n|\n|-heal|p1a: Humpty Dumpty|79\/100|[from] item: Leftovers\n|upkeep\n|turn|30\n|\n|t:|1613703966\n|move|p2a: Venusaur|Sludge Bomb|p1a: Humpty Dumpty\n|-damage|p1a: Humpty Dumpty|65\/100\n|-status|p1a: Humpty Dumpty|psn\n|move|p1a: Humpty Dumpty|Teleport|p1a: Humpty Dumpty\n|\n|t:|1613703971\n|switch|p1a: Mark XLIV|Deoxys-Defense|32\/100 brn|[from]move: Teleport\n|-damage|p1a: Mark XLIV|20\/100 brn|[from] Stealth Rock\n|-ability|p1a: Mark XLIV|Pressure\n|\n|-damage|p1a: Mark XLIV|13\/100 brn|[from] brn\n|upkeep\n|turn|31\n|\n|t:|1613703978\n|move|p1a: Mark XLIV|Recover|p1a: Mark XLIV\n|-heal|p1a: Mark XLIV|63\/100 brn\n|move|p2a: Venusaur|Sludge Bomb|p1a: Mark XLIV\n|-damage|p1a: Mark XLIV|40\/100 brn\n|\n|-damage|p1a: Mark XLIV|34\/100 brn|[from] brn\n|upkeep\n|turn|32\n|\n|t:|1613703993\n|switch|p2a: Tapu Lele|Tapu Lele|100\/100\n|-damage|p2a: Tapu Lele|88\/100|[from] Stealth Rock\n|-fieldstart|move: Psychic Terrain|[from] ability: Psychic Surge|[of] p2a: Tapu Lele\n|move|p1a: Mark XLIV|Teleport|p1a: Mark XLIV\n|\n|t:|1613703997\n|switch|p1a: Koh|Gengar, F, shiny|74\/100|[from]move: Teleport\n|-damage|p1a: Koh|62\/100|[from] Stealth Rock\n|\n|upkeep\n|turn|33\n|\n|t:|1613704004\n|move|p1a: Koh|Shadow Ball|p2a: Tapu Lele\n|-supereffective|p2a: Tapu Lele\n|-damage|p2a: Tapu Lele|0 fnt\n|faint|p2a: Tapu Lele\n|\n|upkeep\n|\n|t:|1613704009\n|switch|p2a: Hoopa|Hoopa-Unbound|70\/100 tox\n|-damage|p2a: Hoopa|58\/100 tox|[from] Stealth Rock\n|turn|34\n|\n|t:|1613704021\n|switch|p1a: Yue|Clefable, M|78\/100\n|move|p2a: Hoopa|Hyperspace Fury|p1a: Yue\n|-resisted|p1a: Yue\n|-damage|p1a: Yue|57\/100\n|-unboost|p2a: Hoopa|def|1\n|\n|-damage|p2a: Hoopa|52\/100 tox|[from] psn\n|upkeep\n|turn|35\n|\n|t:|1613704032\n|switch|p2a: Venusaur|Venusaur-Mega, M|88\/100\n|-damage|p2a: Venusaur|76\/100|[from] Stealth Rock\n|move|p1a: Yue|Aromatherapy|p1a: Yue\n|-activate|p1a: Yue|move: Aromatherapy\n|-curestatus|p1: Mark XLIV|brn|[msg]\n|\n|upkeep\n|turn|36\n|\n|t:|1613704041\n|switch|p1a: Koh|Gengar, F, shiny|62\/100\n|-damage|p1a: Koh|50\/100|[from] Stealth Rock\n|move|p2a: Venusaur|Sludge Bomb|p1a: Koh\n|-resisted|p1a: Koh\n|-damage|p1a: Koh|36\/100\n|\n|-fieldend|move: Psychic Terrain\n|upkeep\n|turn|37\n|\n|t:|1613704049\n|move|p1a: Koh|Destiny Bond|p1a: Koh\n|-singlemove|p1a: Koh|Destiny Bond\n|move|p2a: Venusaur|Earth Power|p1a: Koh\n|-supereffective|p1a: Koh\n|-damage|p1a: Koh|0 fnt\n|-start|p2a: Venusaur|Disable|Earth Power|[from] ability: Cursed Body|[of] p1a: Koh\n|faint|p1a: Koh\n|-activate|p1a: Koh|move: Destiny Bond\n|faint|p2a: Venusaur\n|\n|upkeep\n|c|\u2606Patcantwin|dang \n|\n|t:|1613704061\n|switch|p1a: Aang|Medicham-Mega, M, shiny|94\/100\n|switch|p2a: Hoopa|Hoopa-Unbound|52\/100 tox\n|-damage|p2a: Hoopa|39\/100 tox|[from] Stealth Rock\n|-damage|p1a: Aang|88\/100|[from] Stealth Rock\n|turn|38\n|\n|t:|1613704071\n|move|p1a: Aang|Fake Out|p2a: Hoopa\n|-damage|p2a: Hoopa|0 fnt\n|faint|p2a: Hoopa\n|\n|win|Specs KD\n|c|\u2606Patcantwin|gg\n|c|\u2606Specs KD|gg\n|l| HawaiianShaymin\n","uploadtime":1613704093,"views":5,"p1id":"specskd","p2id":"patcantwin","formatid":"gen8nationaldexdlcdraft","rating":0,"private":0,"password":null}