{"id":"sports-gen8nationaldexdraft-596992","p1":"Slap14","p2":"AsterJ","format":"gen8nationaldexdraft","log":"|j|\u2606Slap14\n|j|\u2606AsterJ\n|t:|1645288969\n|gametype|singles\n|player|p1|Slap14|slap14.png|\n|player|p2|AsterJ|asterj.png|\n|teamsize|p1|6\n|teamsize|p2|6\n|gen|8\n|tier|[Gen 8] National Dex Draft\n|rule|Sleep Clause Mod: Limit one foe put to sleep\n|rule|OHKO Clause: OHKO moves are banned\n|rule|Evasion Moves Clause: Evasion moves are banned\n|rule|Endless Battle Clause: Forcing endless battles is banned\n|rule|HP Percentage Mod: HP is shown in percentages\n|rule|Dynamax Clause: You cannot dynamax\n|clearpoke\n|poke|p1|Garchomp, F|\n|poke|p1|Zapdos|\n|poke|p1|Scizor, F|\n|poke|p1|Gengar, F|\n|poke|p1|Slowbro, M|\n|poke|p1|Hariyama, F|\n|poke|p2|Bisharp, M|\n|poke|p2|Mandibuzz, F|\n|poke|p2|Salamence, M|\n|poke|p2|Gallade, M|\n|poke|p2|Tapu Fini|\n|poke|p2|Nidoqueen, F|\n|teampreview\n|html|<button name=\"send\" class=\"button\" value=\"\/timer ds\"><i class=\"fa fa-hourglass-start\"><\/i> DS Timer<\/button> <button name=\"send\" class=\"button\" value=\"\/timer smogon\"><i class=\"fa fa-hourglass-start\"><\/i> Smogon Timer<\/button>\n|c|\u2606AsterJ|Gl hf man\n|c|\u2606Slap14|hf \n|l|\u2606AsterJ\n|player|p2|\n|j|\u2606AsterJ\n|player|p2|AsterJ|asterj.png\n|j| UnviaBurrg\n|\n|t:|1645289056\n|start\n|switch|p1a: Garchomp|Garchomp, F|100\/100\n|switch|p2a: Tapu Fini|Tapu Fini|100\/100\n|-fieldstart|move: Misty Terrain|[from] ability: Misty Surge|[of] p2a: Tapu Fini\n|turn|1\n|\n|t:|1645289085\n|switch|p1a: Zapdos|Zapdos|100\/100\n|move|p2a: Tapu Fini|Surf|p1a: Zapdos\n|-crit|p1a: Zapdos\n|-damage|p1a: Zapdos|56\/100\n|\n|upkeep\n|turn|2\n|\n|t:|1645289126\n|switch|p1a: Garchomp|Garchomp, F|100\/100\n|switch|p2a: Nidoqueen|Nidoqueen, F|100\/100\n|\n|upkeep\n|turn|3\n|\n|t:|1645289133\n|switch|p2a: Mandibuzz|Mandibuzz, F|100\/100\n|move|p1a: Garchomp|Earthquake|p2a: Mandibuzz\n|-immune|p2a: Mandibuzz\n|\n|upkeep\n|turn|4\n|\n|t:|1645289143\n|move|p1a: Garchomp|Stone Edge|p2a: Mandibuzz\n|-supereffective|p2a: Mandibuzz\n|-damage|p2a: Mandibuzz|61\/100\n|move|p2a: Mandibuzz|Foul Play|p1a: Garchomp\n|-damage|p1a: Garchomp|52\/100\n|-damage|p2a: Mandibuzz|48\/100|[from] ability: Rough Skin|[of] p1a: Garchomp\n|\n|upkeep\n|turn|5\n|\n|t:|1645289154\n|switch|p1a: Zapdos|Zapdos|56\/100\n|move|p2a: Mandibuzz|Roost|p2a: Mandibuzz\n|-heal|p2a: Mandibuzz|98\/100\n|-singleturn|p2a: Mandibuzz|move: Roost\n|\n|-fieldend|Misty Terrain\n|upkeep\n|turn|6\n|\n|t:|1645289161\n|switch|p2a: Nidoqueen|Nidoqueen, F|100\/100\n|move|p1a: Zapdos|Hurricane|p2a: Nidoqueen\n|-damage|p2a: Nidoqueen|53\/100\n|\n|-heal|p2a: Nidoqueen|59\/100|[from] item: Black Sludge\n|upkeep\n|turn|7\n|\n|t:|1645289198\n|move|p2a: Nidoqueen|Ice Beam|p1a: Zapdos\n|-supereffective|p1a: Zapdos\n|-damage|p1a: Zapdos|0 fnt\n|faint|p1a: Zapdos\n|\n|-heal|p2a: Nidoqueen|66\/100|[from] item: Black Sludge\n|upkeep\n|\n|t:|1645289213\n|switch|p1a: Hariyama|Hariyama, F|100\/100\n|turn|8\n|\n|t:|1645289234\n|switch|p2a: Tapu Fini|Tapu Fini|100\/100\n|-fieldstart|move: Misty Terrain|[from] ability: Misty Surge|[of] p2a: Tapu Fini\n|move|p1a: Hariyama|Knock Off|p2a: Tapu Fini\n|-resisted|p2a: Tapu Fini\n|-damage|p2a: Tapu Fini|88\/100\n|-enditem|p2a: Tapu Fini|Leftovers|[from] move: Knock Off|[of] p1a: Hariyama\n|\n|upkeep\n|turn|9\n|\n|t:|1645289257\n|switch|p1a: Scizor|Scizor, F|100\/100\n|move|p2a: Tapu Fini|Moonblast|p1a: Scizor\n|-resisted|p1a: Scizor\n|-damage|p1a: Scizor|83\/100\n|-unboost|p1a: Scizor|spa|1\n|\n|upkeep\n|turn|10\n|\n|t:|1645289266\n|move|p2a: Tapu Fini|Surf|p1a: Scizor\n|-damage|p1a: Scizor|46\/100\n|move|p1a: Scizor|U-turn|p2a: Tapu Fini\n|-resisted|p2a: Tapu Fini\n|-damage|p2a: Tapu Fini|63\/100\n|\n|t:|1645289269\n|switch|p1a: Gengar|Gengar, F|100\/100|[from]move: U-turn\n|\n|upkeep\n|turn|11\n|\n|t:|1645289296\n|switch|p1a: Garchomp|Garchomp, F|52\/100\n|switch|p2a: Bisharp|Bisharp, M|100\/100\n|\n|upkeep\n|turn|12\n|\n|t:|1645289306\n|switch|p2a: Mandibuzz|Mandibuzz, F|98\/100\n|move|p1a: Garchomp|Stone Edge|p2a: Mandibuzz\n|-supereffective|p2a: Mandibuzz\n|-crit|p2a: Mandibuzz\n|-damage|p2a: Mandibuzz|37\/100\n|\n|-fieldend|Misty Terrain\n|upkeep\n|turn|13\n|c|\u2606Slap14|my b \n|\n|t:|1645289316\n|switch|p2a: Gallade|Gallade, M|100\/100\n|move|p1a: Garchomp|Stone Edge|p2a: Gallade|[miss]\n|-miss|p1a: Garchomp|p2a: Gallade\n|\n|upkeep\n|turn|14\n|\n|t:|1645289323\n|switch|p1a: Slowbro|Slowbro, M|100\/100\n|detailschange|p2a: Gallade|Gallade-Mega, M\n|-mega|p2a: Gallade|Gallade|Galladite\n|move|p2a: Gallade|Substitute|p2a: Gallade\n|-start|p2a: Gallade|Substitute\n|-damage|p2a: Gallade|76\/100\n|\n|upkeep\n|turn|15\n|\n|t:|1645289329\n|detailschange|p1a: Slowbro|Slowbro-Mega, M\n|-mega|p1a: Slowbro|Slowbro|Slowbronite\n|move|p2a: Gallade|Toxic|p1a: Slowbro\n|-status|p1a: Slowbro|tox\n|move|p1a: Slowbro|Scald|p2a: Gallade\n|-end|p2a: Gallade|Substitute\n|\n|-damage|p1a: Slowbro|94\/100 tox|[from] psn\n|upkeep\n|turn|16\n|j| Yahoodles\n|\n|t:|1645289352\n|switch|p2a: Tapu Fini|Tapu Fini|63\/100\n|-fieldstart|move: Misty Terrain|[from] ability: Misty Surge|[of] p2a: Tapu Fini\n|move|p1a: Slowbro|Teleport|p1a: Slowbro\n|\n|t:|1645289354\n|switch|p1a: Gengar|Gengar, F|100\/100|[from]move: Teleport\n|\n|upkeep\n|turn|17\n|c| Yahoodles|Not my megallade tech, lame\n|\n|t:|1645289372\n|switch|p1a: Garchomp|Garchomp, F|52\/100\n|switch|p2a: Bisharp|Bisharp, M|100\/100\n|\n|upkeep\n|turn|18\n|\n|t:|1645289394\n|switch|p2a: Salamence|Salamence, M|100\/100\n|-ability|p2a: Salamence|Intimidate|boost\n|-unboost|p1a: Garchomp|atk|1\n|move|p1a: Garchomp|Swords Dance|p1a: Garchomp\n|-boost|p1a: Garchomp|atk|2\n|\n|upkeep\n|turn|19\n|\n|t:|1645289411\n|switch|p2a: Mandibuzz|Mandibuzz, F|37\/100\n|move|p1a: Garchomp|Scale Shot|p2a: Mandibuzz\n|-damage|p2a: Mandibuzz|25\/100\n|-damage|p2a: Mandibuzz|13\/100\n|-damage|p2a: Mandibuzz|1\/100\n|-hitcount|p2a: Mandibuzz|3\n|-unboost|p1a: Garchomp|def|1\n|-boost|p1a: Garchomp|spe|1\n|\n|upkeep\n|turn|20\n|\n|t:|1645289424\n|move|p1a: Garchomp|Scale Shot|p2a: Mandibuzz\n|-damage|p2a: Mandibuzz|0 fnt\n|faint|p2a: Mandibuzz\n|-hitcount|p2: Mandibuzz|1\n|-unboost|p1a: Garchomp|def|1\n|-boost|p1a: Garchomp|spe|1\n|\n|-fieldend|Misty Terrain\n|upkeep\n|\n|t:|1645289429\n|switch|p2a: Bisharp|Bisharp, M|100\/100\n|turn|21\n|\n|t:|1645289435\n|switch|p1a: Hariyama|Hariyama, F|100\/100\n|move|p2a: Bisharp|Sucker Punch||[still]\n|-fail|p2a: Bisharp\n|\n|upkeep\n|turn|22\n|\n|t:|1645289444\n|switch|p2a: Tapu Fini|Tapu Fini|63\/100\n|-fieldstart|move: Misty Terrain|[from] ability: Misty Surge|[of] p2a: Tapu Fini\n|move|p1a: Hariyama|Poison Jab|p2a: Tapu Fini\n|-supereffective|p2a: Tapu Fini\n|-damage|p2a: Tapu Fini|22\/100\n|\n|upkeep\n|turn|23\n|\n|t:|1645289470\n|move|p2a: Tapu Fini|Moonblast|p1a: Hariyama\n|-supereffective|p1a: Hariyama\n|-damage|p1a: Hariyama|66\/100\n|move|p1a: Hariyama|Poison Jab|p2a: Tapu Fini\n|-supereffective|p2a: Tapu Fini\n|-damage|p2a: Tapu Fini|0 fnt\n|faint|p2a: Tapu Fini\n|\n|upkeep\n|\n|t:|1645289508\n|switch|p2a: Nidoqueen|Nidoqueen, F|66\/100\n|turn|24\n|\n|t:|1645289520\n|move|p2a: Nidoqueen|Stealth Rock|p1a: Hariyama\n|-sidestart|p1: Slap14|move: Stealth Rock\n|move|p1a: Hariyama|Knock Off|p2a: Nidoqueen\n|-crit|p2a: Nidoqueen\n|-damage|p2a: Nidoqueen|19\/100\n|-enditem|p2a: Nidoqueen|Black Sludge|[from] move: Knock Off|[of] p1a: Hariyama\n|\n|upkeep\n|turn|25\n|c|\u2606Slap14|damn\n|\n|t:|1645289565\n|move|p2a: Nidoqueen|Earth Power|p1a: Hariyama\n|-damage|p1a: Hariyama|45\/100\n|move|p1a: Hariyama|Knock Off|p2a: Nidoqueen\n|-damage|p2a: Nidoqueen|0 fnt\n|faint|p2a: Nidoqueen\n|\n|upkeep\n|\n|t:|1645289570\n|switch|p2a: Gallade|Gallade-Mega, M|76\/100\n|turn|26\n|\n|t:|1645289583\n|move|p2a: Gallade|Substitute|p2a: Gallade\n|-start|p2a: Gallade|Substitute\n|-damage|p2a: Gallade|51\/100\n|move|p1a: Hariyama|Knock Off|p2a: Gallade\n|-activate|p2a: Gallade|move: Substitute|[damage]\n|\n|-fieldend|Misty Terrain\n|upkeep\n|turn|27\n|\n|t:|1645289605\n|move|p2a: Gallade|Drain Punch|p1a: Hariyama\n|-damage|p1a: Hariyama|0 fnt\n|-heal|p2a: Gallade|80\/100|[from] drain|[of] p1a: Hariyama\n|faint|p1a: Hariyama\n|\n|upkeep\n|\n|t:|1645289608\n|switch|p1a: Slowbro|Slowbro-Mega, M|94\/100 tox\n|-damage|p1a: Slowbro|82\/100 tox|[from] Stealth Rock\n|turn|28\n|\n|t:|1645289611\n|move|p2a: Gallade|Knock Off|p1a: Slowbro\n|-supereffective|p1a: Slowbro\n|-damage|p1a: Slowbro|64\/100 tox\n|move|p1a: Slowbro|Scald|p2a: Gallade\n|-end|p2a: Gallade|Substitute\n|\n|-damage|p1a: Slowbro|57\/100 tox|[from] psn\n|upkeep\n|turn|29\n|\n|t:|1645289651\n|switch|p2a: Salamence|Salamence, M|100\/100\n|-ability|p2a: Salamence|Intimidate|boost\n|-unboost|p1a: Slowbro|atk|1\n|move|p1a: Slowbro|Scald|p2a: Salamence\n|-resisted|p2a: Salamence\n|-damage|p2a: Salamence|80\/100\n|-status|p2a: Salamence|brn\n|\n|-damage|p1a: Slowbro|45\/100 tox|[from] psn\n|-damage|p2a: Salamence|74\/100 brn|[from] brn\n|upkeep\n|turn|30\n|\n|t:|1645289662\n|move|p2a: Salamence|Hurricane|p1a: Slowbro|[miss]\n|-miss|p2a: Salamence|p1a: Slowbro\n|move|p1a: Slowbro|Slack Off|p1a: Slowbro\n|-heal|p1a: Slowbro|95\/100 tox\n|\n|-damage|p1a: Slowbro|77\/100 tox|[from] psn\n|-damage|p2a: Salamence|68\/100 brn|[from] brn\n|upkeep\n|turn|31\n|c|\u2606Slap14|damn u cant catch a break\n|\n|t:|1645289680\n|move|p2a: Salamence|Hurricane|p1a: Slowbro|[miss]\n|-miss|p2a: Salamence|p1a: Slowbro\n|move|p1a: Slowbro|Teleport|p1a: Slowbro\n|c|\u2606Slap14|now i just feel bad\n|c|\u2606Slap14|this isnt fair\n|\n|t:|1645289690\n|switch|p1a: Garchomp|Garchomp, F|52\/100|[from]move: Teleport\n|-damage|p1a: Garchomp|46\/100|[from] Stealth Rock\n|\n|-damage|p2a: Salamence|62\/100 brn|[from] brn\n|upkeep\n|turn|32\n|\n|t:|1645289701\n|move|p1a: Garchomp|Scale Shot|p2a: Salamence\n|-supereffective|p2a: Salamence\n|-damage|p2a: Salamence|24\/100 brn\n|-supereffective|p2a: Salamence\n|-crit|p2a: Salamence\n|-damage|p2a: Salamence|0 fnt\n|faint|p2a: Salamence\n|-hitcount|p2: Salamence|2\n|-unboost|p1a: Garchomp|def|1\n|-boost|p1a: Garchomp|spe|1\n|\n|upkeep\n|\n|t:|1645289706\n|switch|p2a: Bisharp|Bisharp, M|100\/100\n|turn|33\n|\n|t:|1645289730\n|move|p2a: Bisharp|Sucker Punch|p1a: Garchomp\n|-damage|p1a: Garchomp|0 fnt\n|-activate|p1a: Garchomp|ability: Rough Skin\n|-activate|p2a: Bisharp|item: Protective Pads\n|faint|p1a: Garchomp\n|\n|upkeep\n|\n|t:|1645289744\n|switch|p1a: Slowbro|Slowbro-Mega, M|77\/100 tox\n|-damage|p1a: Slowbro|65\/100 tox|[from] Stealth Rock\n|turn|34\n|\n|t:|1645289778\n|move|p2a: Bisharp|Swords Dance|p2a: Bisharp\n|-boost|p2a: Bisharp|atk|2\n|move|p1a: Slowbro|Flamethrower|p2a: Bisharp\n|-supereffective|p2a: Bisharp\n|-damage|p2a: Bisharp|23\/100\n|\n|-damage|p1a: Slowbro|59\/100 tox|[from] psn\n|upkeep\n|turn|35\n|\n|t:|1645289794\n|move|p2a: Bisharp|Sucker Punch|p1a: Slowbro\n|-supereffective|p1a: Slowbro\n|-damage|p1a: Slowbro|0 fnt\n|faint|p1a: Slowbro\n|\n|upkeep\n|\n|t:|1645289809\n|switch|p1a: Gengar|Gengar, F|100\/100\n|-damage|p1a: Gengar|88\/100|[from] Stealth Rock\n|turn|36\n|\n|t:|1645289813\n|move|p1a: Gengar|Trick|p2a: Bisharp\n|-activate|p1a: Gengar|move: Trick|[of] p2a: Bisharp\n|-item|p2a: Bisharp|Choice Scarf|[from] move: Trick\n|-item|p1a: Gengar|Protective Pads|[from] move: Trick\n|move|p2a: Bisharp|Beat Up|p1a: Gengar\n|-supereffective|p1a: Gengar\n|-damage|p1a: Gengar|16\/100\n|-start|p2a: Bisharp|Disable|Beat Up|[from] ability: Cursed Body|[of] p1a: Gengar\n|-supereffective|p1a: Gengar\n|-damage|p1a: Gengar|0 fnt\n|faint|p1a: Gengar\n|-hitcount|p1: Gengar|2\n|\n|upkeep\n|\n|t:|1645289817\n|switch|p1a: Scizor|Scizor, F|46\/100\n|-damage|p1a: Scizor|33\/100|[from] Stealth Rock\n|turn|37\n|\n|t:|1645289824\n|switch|p2a: Gallade|Gallade-Mega, M|80\/100\n|move|p1a: Scizor|Bullet Punch|p2a: Gallade\n|-damage|p2a: Gallade|33\/100\n|\n|upkeep\n|turn|38\n|c|\u2606Slap14|gg\n|\n|t:|1645289835\n|move|p1a: Scizor|Bullet Punch|p2a: Gallade\n|-damage|p2a: Gallade|0 fnt\n|faint|p2a: Gallade\n|\n|upkeep\n|\n|t:|1645289837\n|switch|p2a: Bisharp|Bisharp, M|23\/100\n|turn|39\n|\n|t:|1645289841\n|move|p2a: Bisharp|Sucker Punch|p1a: Scizor\n|-damage|p1a: Scizor|0 fnt\n|faint|p1a: Scizor\n|\n|win|AsterJ\n|c|\u2606AsterJ|Gg\n|l| UnviaBurrg\n|l|\u2606AsterJ\n|j|\u2606AsterJ\n|player|p2|AsterJ|asterj.png\n","uploadtime":1645289851,"views":44,"p1id":"slap14","p2id":"asterj","formatid":"gen8nationaldexdraft","rating":0,"private":0,"password":null}