{"id":"sports-gen8bdspbdspdraft-615779","p1":"AsterJ","p2":"Wraillow","format":"gen8bdspbdspdraft","log":"|j|\u2606AsterJ\n|j|\u2606Wraillow\n|t:|1647726236\n|gametype|singles\n|player|p1|AsterJ|asterj.png|\n|player|p2|Wraillow|lance|\n|teamsize|p1|6\n|teamsize|p2|6\n|gen|8\n|tier|[Gen 8 BDSP] BDSP Draft\n|rule|Sleep Clause Mod: Limit one foe put to sleep\n|rule|OHKO Clause: OHKO moves are banned\n|rule|Evasion Moves Clause: Evasion moves are banned\n|rule|Endless Battle Clause: Forcing endless battles is banned\n|rule|HP Percentage Mod: HP is shown in percentages\n|clearpoke\n|poke|p1|Arcanine, M|\n|poke|p1|Garchomp, M|\n|poke|p1|Suicune|\n|poke|p1|Blissey, F|\n|poke|p1|Tyranitar, F|\n|poke|p1|Swellow, F|\n|poke|p2|Swampert, F|\n|poke|p2|Umbreon, M|\n|poke|p2|Mew|\n|poke|p2|Lucario, M|\n|poke|p2|Roserade, F|\n|poke|p2|Gengar, M|\n|teampreview\n|html|<button name=\"send\" class=\"button\" value=\"\/timer ds\"><i class=\"fa fa-hourglass-start\"><\/i> DS Timer<\/button> <button name=\"send\" class=\"button\" value=\"\/timer smogon\"><i class=\"fa fa-hourglass-start\"><\/i> Smogon Timer<\/button>\n|c|\u2606Wraillow|hf ^^\n|j| PorygonTheBot\n|c| PorygonTheBot|This game looks fun!\n|c|\u2606AsterJ|U2!\n|\n|t:|1647726355\n|start\n|switch|p1a: Swellow|Swellow, F|100\/100\n|switch|p2a: Obito|Gengar, M|100\/100\n|turn|1\n|\n|t:|1647726446\n|switch|p2a: Saitama|Lucario, M, shiny|100\/100\n|move|p1a: Swellow|Facade|p2a: Saitama\n|-resisted|p2a: Saitama\n|-damage|p2a: Saitama|83\/100\n|\n|upkeep\n|turn|2\n|\n|t:|1647726523\n|switch|p2a: Mikasa|Umbreon, M, shiny|100\/100\n|move|p1a: Swellow|U-turn|p2a: Mikasa\n|-supereffective|p2a: Mikasa\n|-damage|p2a: Mikasa|79\/100\n|\n|t:|1647726531\n|switch|p1a: Tyranitar|Tyranitar, F|100\/100|[from]move: U-turn\n|-weather|Sandstorm|[from] ability: Sand Stream|[of] p1a: Tyranitar\n|\n|-weather|Sandstorm|[upkeep]\n|-damage|p2a: Mikasa|73\/100|[from] Sandstorm\n|-heal|p2a: Mikasa|79\/100|[from] item: Leftovers\n|upkeep\n|turn|3\n|\n|t:|1647726555\n|move|p2a: Mikasa|Yawn|p1a: Tyranitar\n|-start|p1a: Tyranitar|move: Yawn|[of] p2a: Mikasa\n|move|p1a: Tyranitar|Stealth Rock|p2a: Mikasa\n|-sidestart|p2: Wraillow|move: Stealth Rock\n|\n|-weather|Sandstorm|[upkeep]\n|-damage|p2a: Mikasa|73\/100|[from] Sandstorm\n|-heal|p2a: Mikasa|79\/100|[from] item: Leftovers\n|upkeep\n|turn|4\n|\n|t:|1647726566\n|switch|p1a: Blissey|Blissey, F|100\/100\n|move|p2a: Mikasa|Wish|p2a: Mikasa\n|\n|-weather|Sandstorm|[upkeep]\n|-damage|p2a: Mikasa|73\/100|[from] Sandstorm\n|-damage|p1a: Blissey|94\/100|[from] Sandstorm\n|-heal|p2a: Mikasa|79\/100|[from] item: Leftovers\n|-heal|p1a: Blissey|100\/100|[from] item: Leftovers\n|upkeep\n|turn|5\n|\n|t:|1647726587\n|switch|p2a: Bert|Swampert, F|100\/100\n|-damage|p2a: Bert|94\/100|[from] Stealth Rock\n|switch|p1a: Arcanine|Arcanine, M|100\/100\n|-ability|p1a: Arcanine|Intimidate|boost\n|-unboost|p2a: Bert|atk|1\n|\n|-weather|Sandstorm|[upkeep]\n|-damage|p1a: Arcanine|94\/100|[from] Sandstorm\n|-heal|p2a: Bert|100\/100|[from] move: Wish|[wisher] Mikasa\n|upkeep\n|turn|6\n|\n|t:|1647726605\n|move|p1a: Arcanine|Will-O-Wisp|p2a: Bert\n|-status|p2a: Bert|brn\n|move|p2a: Bert|Stealth Rock|p1a: Arcanine\n|-sidestart|p1: AsterJ|move: Stealth Rock\n|\n|-weather|none\n|-damage|p2a: Bert|94\/100 brn|[from] brn\n|upkeep\n|turn|7\n|\n|t:|1647726636\n|switch|p1a: Blissey|Blissey, F|100\/100\n|-damage|p1a: Blissey|88\/100|[from] Stealth Rock\n|move|p2a: Bert|Roar|p1a: Blissey\n|drag|p1a: Swellow|Swellow, F|100\/100\n|-damage|p1a: Swellow|76\/100|[from] Stealth Rock\n|\n|-heal|p2a: Bert|100\/100 brn|[from] item: Leftovers\n|-damage|p2a: Bert|94\/100 brn|[from] brn\n|upkeep\n|turn|8\n|\n|t:|1647726665\n|move|p1a: Swellow|U-turn|p2a: Bert\n|-damage|p2a: Bert|84\/100 brn\n|\n|t:|1647726667\n|switch|p1a: Blissey|Blissey, F|88\/100|[from]move: U-turn\n|-damage|p1a: Blissey|76\/100|[from] Stealth Rock\n|move|p2a: Bert|Ice Beam|p1a: Blissey\n|-damage|p1a: Blissey|68\/100\n|\n|-heal|p1a: Blissey|75\/100|[from] item: Leftovers\n|-heal|p2a: Bert|91\/100 brn|[from] item: Leftovers\n|-damage|p2a: Bert|84\/100 brn|[from] brn\n|upkeep\n|turn|9\n|\n|t:|1647726679\n|switch|p2a: Shinobu|Roserade, F|100\/100\n|-damage|p2a: Shinobu|88\/100|[from] Stealth Rock\n|move|p1a: Blissey|Seismic Toss|p2a: Shinobu\n|-damage|p2a: Shinobu|51\/100\n|\n|-heal|p2a: Shinobu|57\/100|[from] item: Black Sludge\n|-heal|p1a: Blissey|81\/100|[from] item: Leftovers\n|upkeep\n|turn|10\n|\n|t:|1647726689\n|move|p2a: Shinobu|Spikes|p1a: Blissey\n|-sidestart|p1: AsterJ|Spikes\n|move|p1a: Blissey|Seismic Toss|p2a: Shinobu\n|-damage|p2a: Shinobu|20\/100\n|\n|-heal|p2a: Shinobu|26\/100|[from] item: Black Sludge\n|-heal|p1a: Blissey|87\/100|[from] item: Leftovers\n|upkeep\n|turn|11\n|\n|t:|1647726696\n|switch|p1a: Swellow|Swellow, F|76\/100\n|-damage|p1a: Swellow|51\/100|[from] Stealth Rock\n|move|p2a: Shinobu|Synthesis|p2a: Shinobu\n|-heal|p2a: Shinobu|76\/100\n|\n|-heal|p2a: Shinobu|82\/100|[from] item: Black Sludge\n|upkeep\n|turn|12\n|\n|t:|1647726711\n|switch|p2a: Mikasa|Umbreon, M, shiny|79\/100\n|-damage|p2a: Mikasa|66\/100|[from] Stealth Rock\n|move|p1a: Swellow|Defog|p2a: Mikasa\n|-unboost|p2a: Mikasa|evasion|1\n|-sideend|p2: Wraillow|Stealth Rock|[from] move: Defog|[of] p1a: Swellow\n|-sideend|p1: AsterJ|Spikes|[from] move: Defog|[of] p1a: Swellow\n|-sideend|p1: AsterJ|Stealth Rock|[from] move: Defog|[of] p1a: Swellow\n|\n|-heal|p2a: Mikasa|72\/100|[from] item: Leftovers\n|upkeep\n|turn|13\n|\n|t:|1647726723\n|move|p1a: Swellow|Roost|p1a: Swellow\n|-heal|p1a: Swellow|100\/100\n|-singleturn|p1a: Swellow|move: Roost\n|move|p2a: Mikasa|Yawn|p1a: Swellow\n|-start|p1a: Swellow|move: Yawn|[of] p2a: Mikasa\n|\n|-heal|p2a: Mikasa|78\/100|[from] item: Leftovers\n|upkeep\n|turn|14\n|\n|t:|1647726742\n|switch|p1a: Tyranitar|Tyranitar, F|100\/100\n|-weather|Sandstorm|[from] ability: Sand Stream|[of] p1a: Tyranitar\n|move|p2a: Mikasa|Wish|p2a: Mikasa\n|\n|-weather|Sandstorm|[upkeep]\n|-damage|p2a: Mikasa|72\/100|[from] Sandstorm\n|-heal|p2a: Mikasa|78\/100|[from] item: Leftovers\n|upkeep\n|turn|15\n|\n|t:|1647726809\n|switch|p2a: Saitama|Lucario, M, shiny|83\/100\n|move|p1a: Tyranitar|Stealth Rock|p2a: Saitama\n|-sidestart|p2: Wraillow|move: Stealth Rock\n|\n|-weather|Sandstorm|[upkeep]\n|-heal|p2a: Saitama|100\/100|[from] move: Wish|[wisher] Mikasa\n|upkeep\n|turn|16\n|\n|t:|1647726825\n|switch|p2a: Bert|Swampert, F|84\/100 brn\n|-damage|p2a: Bert|78\/100 brn|[from] Stealth Rock\n|switch|p1a: Arcanine|Arcanine, M|94\/100\n|-ability|p1a: Arcanine|Intimidate|boost\n|-unboost|p2a: Bert|atk|1\n|\n|-weather|Sandstorm|[upkeep]\n|-damage|p1a: Arcanine|88\/100|[from] Sandstorm\n|-heal|p2a: Bert|84\/100 brn|[from] item: Leftovers\n|-damage|p2a: Bert|78\/100 brn|[from] brn\n|upkeep\n|turn|17\n|\n|t:|1647726847\n|switch|p1a: Blissey|Blissey, F|87\/100\n|move|p2a: Bert|Stealth Rock|p1a: Blissey\n|-sidestart|p1: AsterJ|move: Stealth Rock\n|\n|-weather|Sandstorm|[upkeep]\n|-damage|p1a: Blissey|81\/100|[from] Sandstorm\n|-heal|p1a: Blissey|87\/100|[from] item: Leftovers\n|-heal|p2a: Bert|84\/100 brn|[from] item: Leftovers\n|-damage|p2a: Bert|78\/100 brn|[from] brn\n|upkeep\n|turn|18\n|\n|t:|1647726938\n|switch|p2a: Mikasa|Umbreon, M, shiny|78\/100\n|-damage|p2a: Mikasa|66\/100|[from] Stealth Rock\n|move|p1a: Blissey|Seismic Toss|p2a: Mikasa\n|-damage|p2a: Mikasa|41\/100\n|\n|-weather|none\n|-heal|p2a: Mikasa|47\/100|[from] item: Leftovers\n|-heal|p1a: Blissey|93\/100|[from] item: Leftovers\n|upkeep\n|turn|19\n|\n|t:|1647726960\n|switch|p1a: Tyranitar|Tyranitar, F|100\/100\n|-damage|p1a: Tyranitar|88\/100|[from] Stealth Rock\n|-weather|Sandstorm|[from] ability: Sand Stream|[of] p1a: Tyranitar\n|move|p2a: Mikasa|Wish|p2a: Mikasa\n|\n|-weather|Sandstorm|[upkeep]\n|-damage|p2a: Mikasa|41\/100|[from] Sandstorm\n|-heal|p2a: Mikasa|47\/100|[from] item: Leftovers\n|-heal|p1a: Tyranitar|94\/100|[from] item: Leftovers\n|upkeep\n|turn|20\n|\n|t:|1647726975\n|switch|p2a: Bert|Swampert, F|78\/100 brn\n|-damage|p2a: Bert|72\/100 brn|[from] Stealth Rock\n|move|p1a: Tyranitar|Substitute|p1a: Tyranitar\n|-start|p1a: Tyranitar|Substitute\n|-damage|p1a: Tyranitar|69\/100\n|\n|-weather|Sandstorm|[upkeep]\n|-heal|p2a: Bert|100\/100 brn|[from] move: Wish|[wisher] Mikasa\n|-heal|p1a: Tyranitar|76\/100|[from] item: Leftovers\n|-damage|p2a: Bert|94\/100 brn|[from] brn\n|upkeep\n|turn|21\n|\n|t:|1647726988\n|move|p1a: Tyranitar|Crunch|p2a: Bert\n|-damage|p2a: Bert|68\/100 brn\n|move|p2a: Bert|Roar|p1a: Tyranitar\n|drag|p1a: Arcanine|Arcanine, M|88\/100\n|-damage|p1a: Arcanine|64\/100|[from] Stealth Rock\n|-ability|p1a: Arcanine|Intimidate|boost\n|-unboost|p2a: Bert|atk|1\n|\n|-weather|Sandstorm|[upkeep]\n|-damage|p1a: Arcanine|58\/100|[from] Sandstorm\n|-heal|p2a: Bert|74\/100 brn|[from] item: Leftovers\n|-damage|p2a: Bert|68\/100 brn|[from] brn\n|upkeep\n|turn|22\n|\n|t:|1647727001\n|move|p1a: Arcanine|Morning Sun|p1a: Arcanine\n|-heal|p1a: Arcanine|82\/100\n|move|p2a: Bert|Roar|p1a: Arcanine\n|drag|p1a: Blissey|Blissey, F|93\/100\n|-damage|p1a: Blissey|81\/100|[from] Stealth Rock\n|\n|-weather|Sandstorm|[upkeep]\n|-damage|p1a: Blissey|75\/100|[from] Sandstorm\n|-heal|p1a: Blissey|81\/100|[from] item: Leftovers\n|-heal|p2a: Bert|74\/100 brn|[from] item: Leftovers\n|-damage|p2a: Bert|68\/100 brn|[from] brn\n|upkeep\n|turn|23\n|\n|t:|1647727033\n|switch|p1a: Tyranitar|Tyranitar, F|76\/100\n|-damage|p1a: Tyranitar|63\/100|[from] Stealth Rock\n|switch|p2a: Saitama|Lucario, M, shiny|100\/100\n|-damage|p2a: Saitama|97\/100|[from] Stealth Rock\n|\n|-weather|none\n|-heal|p1a: Tyranitar|69\/100|[from] item: Leftovers\n|upkeep\n|turn|24\n|\n|t:|1647727046\n|switch|p1a: Arcanine|Arcanine, M|82\/100\n|-damage|p1a: Arcanine|58\/100|[from] Stealth Rock\n|-ability|p1a: Arcanine|Intimidate|boost\n|-unboost|p2a: Saitama|atk|1\n|move|p2a: Saitama|Close Combat|p1a: Arcanine\n|-damage|p1a: Arcanine|6\/100\n|-unboost|p2a: Saitama|def|1\n|-unboost|p2a: Saitama|spd|1\n|-damage|p2a: Saitama|88\/100|[from] item: Life Orb\n|\n|upkeep\n|turn|25\n|\n|t:|1647727057\n|switch|p1a: Garchomp|Garchomp, M, shiny|100\/100\n|-damage|p1a: Garchomp|94\/100|[from] Stealth Rock\n|move|p2a: Saitama|Extreme Speed|p1a: Garchomp\n|-damage|p1a: Garchomp|75\/100\n|-damage|p2a: Saitama|75\/100|[from] ability: Rough Skin|[of] p1a: Garchomp\n|-damage|p2a: Saitama|66\/100|[from] item: Life Orb\n|\n|upkeep\n|turn|26\n|\n|t:|1647727110\n|switch|p2a: Mikasa|Umbreon, M, shiny|47\/100\n|-damage|p2a: Mikasa|34\/100|[from] Stealth Rock\n|move|p1a: Garchomp|Earthquake|p2a: Mikasa\n|-damage|p2a: Mikasa|0 fnt\n|faint|p2a: Mikasa\n|\n|upkeep\n|\n|t:|1647727145\n|switch|p2a: All Might|Mew|100\/100\n|-damage|p2a: All Might|88\/100|[from] Stealth Rock\n|turn|27\n|\n|t:|1647727153\n|switch|p1a: Suicune|Suicune|100\/100\n|-damage|p1a: Suicune|88\/100|[from] Stealth Rock\n|move|p2a: All Might|Bulk Up|p2a: All Might\n|-boost|p2a: All Might|atk|1\n|-boost|p2a: All Might|def|1\n|\n|-heal|p2a: All Might|94\/100|[from] item: Leftovers\n|-heal|p1a: Suicune|94\/100|[from] item: Leftovers\n|upkeep\n|turn|28\n|\n|t:|1647727168\n|switch|p2a: Shinobu|Roserade, F|82\/100\n|-damage|p2a: Shinobu|69\/100|[from] Stealth Rock\n|move|p1a: Suicune|Scald|p2a: Shinobu\n|-resisted|p2a: Shinobu\n|-damage|p2a: Shinobu|55\/100\n|\n|-heal|p2a: Shinobu|61\/100|[from] item: Black Sludge\n|-heal|p1a: Suicune|100\/100|[from] item: Leftovers\n|upkeep\n|turn|29\n|\n|t:|1647727194\n|move|p2a: Shinobu|Spikes|p1a: Suicune\n|-sidestart|p1: AsterJ|Spikes\n|move|p1a: Suicune|Calm Mind|p1a: Suicune\n|-boost|p1a: Suicune|spa|1\n|-boost|p1a: Suicune|spd|1\n|\n|-heal|p2a: Shinobu|67\/100|[from] item: Black Sludge\n|upkeep\n|turn|30\n|\n|t:|1647727200\n|move|p2a: Shinobu|Psych Up|p1a: Suicune\n|-copyboost|p2a: Shinobu|p1a: Suicune|[from] move: Psych Up\n|move|p1a: Suicune|Ice Beam|p2a: Shinobu\n|-supereffective|p2a: Shinobu\n|-damage|p2a: Shinobu|19\/100\n|\n|-heal|p2a: Shinobu|25\/100|[from] item: Black Sludge\n|upkeep\n|turn|31\n|\n|t:|1647727207\n|move|p2a: Shinobu|Synthesis|p2a: Shinobu\n|-heal|p2a: Shinobu|75\/100\n|move|p1a: Suicune|Roar|p2a: Shinobu\n|drag|p2a: Bert|Swampert, F|68\/100 brn\n|-damage|p2a: Bert|61\/100 brn|[from] Stealth Rock\n|\n|-heal|p2a: Bert|68\/100 brn|[from] item: Leftovers\n|-damage|p2a: Bert|61\/100 brn|[from] brn\n|upkeep\n|turn|32\n|\n|t:|1647727216\n|move|p1a: Suicune|Roar|p2a: Bert\n|drag|p2a: All Might|Mew|94\/100\n|-damage|p2a: All Might|82\/100|[from] Stealth Rock\n|\n|-heal|p2a: All Might|88\/100|[from] item: Leftovers\n|upkeep\n|turn|33\n|\n|t:|1647727227\n|switch|p2a: Shinobu|Roserade, F|75\/100\n|-damage|p2a: Shinobu|63\/100|[from] Stealth Rock\n|move|p1a: Suicune|Scald|p2a: Shinobu\n|-resisted|p2a: Shinobu\n|-damage|p2a: Shinobu|39\/100\n|\n|-heal|p2a: Shinobu|45\/100|[from] item: Black Sludge\n|upkeep\n|turn|34\n|\n|t:|1647727253\n|move|p2a: Shinobu|Synthesis|p2a: Shinobu\n|-heal|p2a: Shinobu|95\/100\n|move|p1a: Suicune|Ice Beam|p2a: Shinobu\n|-supereffective|p2a: Shinobu\n|-damage|p2a: Shinobu|30\/100\n|\n|-heal|p2a: Shinobu|36\/100|[from] item: Black Sludge\n|upkeep\n|turn|35\n|\n|t:|1647727364\n|move|p2a: Shinobu|Giga Drain|p1a: Suicune\n|-supereffective|p1a: Suicune\n|-damage|p1a: Suicune|63\/100\n|-heal|p2a: Shinobu|64\/100|[from] drain|[of] p1a: Suicune\n|move|p1a: Suicune|Ice Beam|p2a: Shinobu\n|-supereffective|p2a: Shinobu\n|-damage|p2a: Shinobu|0 fnt\n|faint|p2a: Shinobu\n|\n|-heal|p1a: Suicune|69\/100|[from] item: Leftovers\n|upkeep\n|j|^Bontz\n|\n|t:|1647727411\n|switch|p2a: Saitama|Lucario, M, shiny|66\/100\n|-damage|p2a: Saitama|62\/100|[from] Stealth Rock\n|turn|36\n|\n|t:|1647727429\n|move|p2a: Saitama|Close Combat|p1a: Suicune\n|-damage|p1a: Suicune|13\/100\n|-unboost|p2a: Saitama|def|1\n|-unboost|p2a: Saitama|spd|1\n|-damage|p2a: Saitama|53\/100|[from] item: Life Orb\n|move|p1a: Suicune|Scald|p2a: Saitama\n|-damage|p2a: Saitama|0 fnt\n|faint|p2a: Saitama\n|\n|-heal|p1a: Suicune|19\/100|[from] item: Leftovers\n|upkeep\n|\n|t:|1647727446\n|switch|p2a: Obito|Gengar, M|100\/100\n|-damage|p2a: Obito|88\/100|[from] Stealth Rock\n|turn|37\n|\n|t:|1647727460\n|move|p2a: Obito|Sludge Bomb|p1a: Suicune\n|-damage|p1a: Suicune|0 fnt\n|faint|p1a: Suicune\n|\n|upkeep\n|\n|t:|1647727463\n|switch|p1a: Swellow|Swellow, F|100\/100\n|-damage|p1a: Swellow|76\/100|[from] Stealth Rock\n|turn|38\n|\n|t:|1647727467\n|move|p2a: Obito|Sludge Bomb|p1a: Swellow\n|-damage|p1a: Swellow|12\/100\n|-status|p1a: Swellow|psn\n|-enditem|p1a: Swellow|Liechi Berry|[eat]\n|-boost|p1a: Swellow|atk|1|[from] item: Liechi Berry\n|move|p1a: Swellow|Defog|p2a: Obito\n|-unboost|p2a: Obito|evasion|1\n|-sideend|p2: Wraillow|Stealth Rock|[from] move: Defog|[of] p1a: Swellow\n|-sideend|p1: AsterJ|Spikes|[from] move: Defog|[of] p1a: Swellow\n|-sideend|p1: AsterJ|Stealth Rock|[from] move: Defog|[of] p1a: Swellow\n|\n|-damage|p1a: Swellow|0 fnt|[from] psn\n|faint|p1a: Swellow\n|upkeep\n|\n|t:|1647727479\n|switch|p1a: Tyranitar|Tyranitar, F|69\/100\n|-weather|Sandstorm|[from] ability: Sand Stream|[of] p1a: Tyranitar\n|turn|39\n|\n|t:|1647727489\n|switch|p2a: Bert|Swampert, F|61\/100 brn\n|move|p1a: Tyranitar|Crunch|p2a: Bert\n|-damage|p2a: Bert|34\/100 brn\n|\n|-weather|Sandstorm|[upkeep]\n|-heal|p1a: Tyranitar|76\/100|[from] item: Leftovers\n|-heal|p2a: Bert|40\/100 brn|[from] item: Leftovers\n|-damage|p2a: Bert|34\/100 brn|[from] brn\n|upkeep\n|turn|40\n|\n|t:|1647727506\n|move|p1a: Tyranitar|Stealth Rock|p2a: Bert\n|-sidestart|p2: Wraillow|move: Stealth Rock\n|move|p2a: Bert|Stealth Rock|p1a: Tyranitar\n|-sidestart|p1: AsterJ|move: Stealth Rock\n|\n|-weather|Sandstorm|[upkeep]\n|-heal|p1a: Tyranitar|82\/100|[from] item: Leftovers\n|-heal|p2a: Bert|40\/100 brn|[from] item: Leftovers\n|-damage|p2a: Bert|34\/100 brn|[from] brn\n|upkeep\n|turn|41\n|\n|t:|1647727515\n|move|p1a: Tyranitar|Crunch|p2a: Bert\n|-damage|p2a: Bert|9\/100 brn\n|move|p2a: Bert|Roar|p1a: Tyranitar\n|drag|p1a: Arcanine|Arcanine, M|6\/100\n|-damage|p1a: Arcanine|0 fnt|[from] Stealth Rock\n|faint|p1a: Arcanine\n|\n|-weather|Sandstorm|[upkeep]\n|-heal|p2a: Bert|15\/100 brn|[from] item: Leftovers\n|-damage|p2a: Bert|9\/100 brn|[from] brn\n|upkeep\n|\n|t:|1647727541\n|switch|p1a: Tyranitar|Tyranitar, F|82\/100\n|-damage|p1a: Tyranitar|69\/100|[from] Stealth Rock\n|turn|42\n|\n|t:|1647727549\n|move|p1a: Tyranitar|Crunch|p2a: Bert\n|-damage|p2a: Bert|0 fnt\n|faint|p2a: Bert\n|\n|-weather|Sandstorm|[upkeep]\n|-heal|p1a: Tyranitar|76\/100|[from] item: Leftovers\n|upkeep\n|\n|t:|1647727555\n|switch|p2a: All Might|Mew|88\/100\n|-damage|p2a: All Might|76\/100|[from] Stealth Rock\n|turn|43\n|\n|t:|1647727561\n|move|p2a: All Might|Reflect Type|p1a: Tyranitar\n|-start|p2a: All Might|typechange|[from] move: Reflect Type|[of] p1a: Tyranitar\n|move|p1a: Tyranitar|Crunch|p2a: All Might\n|-resisted|p2a: All Might\n|-damage|p2a: All Might|56\/100\n|\n|-weather|none\n|-heal|p2a: All Might|62\/100|[from] item: Leftovers\n|-heal|p1a: Tyranitar|82\/100|[from] item: Leftovers\n|upkeep\n|turn|44\n|\n|t:|1647727572\n|switch|p1a: Garchomp|Garchomp, M, shiny|75\/100\n|-damage|p1a: Garchomp|69\/100|[from] Stealth Rock\n|move|p2a: All Might|Bulk Up|p2a: All Might\n|-boost|p2a: All Might|atk|1\n|-boost|p2a: All Might|def|1\n|\n|-heal|p2a: All Might|68\/100|[from] item: Leftovers\n|upkeep\n|turn|45\n|\n|t:|1647727611\n|move|p1a: Garchomp|Earthquake|p2a: All Might\n|-supereffective|p2a: All Might\n|-damage|p2a: All Might|6\/100\n|move|p2a: All Might|Avalanche|p1a: Garchomp\n|-supereffective|p1a: Garchomp\n|-damage|p1a: Garchomp|0 fnt\n|-damage|p2a: All Might|0 fnt|[from] ability: Rough Skin|[of] p1a: Garchomp\n|faint|p1a: Garchomp\n|faint|p2a: All Might\n|\n|upkeep\n|\n|t:|1647727632\n|switch|p2a: Obito|Gengar, M|88\/100\n|switch|p1a: Tyranitar|Tyranitar, F|82\/100\n|-damage|p2a: Obito|76\/100|[from] Stealth Rock\n|-damage|p1a: Tyranitar|69\/100|[from] Stealth Rock\n|-weather|Sandstorm|[from] ability: Sand Stream|[of] p1a: Tyranitar\n|turn|46\n|\n|t:|1647727639\n|move|p2a: Obito|Focus Blast|p1a: Tyranitar\n|-supereffective|p1a: Tyranitar\n|-damage|p1a: Tyranitar|0 fnt\n|faint|p1a: Tyranitar\n|\n|-weather|Sandstorm|[upkeep]\n|-damage|p2a: Obito|70\/100|[from] Sandstorm\n|upkeep\n|\n|t:|1647727642\n|switch|p1a: Blissey|Blissey, F|81\/100\n|-damage|p1a: Blissey|68\/100|[from] Stealth Rock\n|turn|47\n|\n|t:|1647727648\n|move|p2a: Obito|Focus Blast|p1a: Blissey\n|-supereffective|p1a: Blissey\n|-damage|p1a: Blissey|36\/100\n|move|p1a: Blissey|Soft-Boiled|p1a: Blissey\n|-heal|p1a: Blissey|87\/100\n|\n|-weather|Sandstorm|[upkeep]\n|-damage|p2a: Obito|64\/100|[from] Sandstorm\n|-damage|p1a: Blissey|80\/100|[from] Sandstorm\n|-heal|p1a: Blissey|87\/100|[from] item: Leftovers\n|upkeep\n|turn|48\n|\n|t:|1647727658\n|move|p2a: Obito|Focus Blast|p1a: Blissey\n|-supereffective|p1a: Blissey\n|-damage|p1a: Blissey|54\/100\n|move|p1a: Blissey|Soft-Boiled|p1a: Blissey\n|-heal|p1a: Blissey|100\/100\n|\n|-weather|Sandstorm|[upkeep]\n|-damage|p2a: Obito|58\/100|[from] Sandstorm\n|-damage|p1a: Blissey|94\/100|[from] Sandstorm\n|-heal|p1a: Blissey|100\/100|[from] item: Leftovers\n|upkeep\n|turn|49\n|\n|t:|1647727667\n|move|p2a: Obito|Focus Blast|p1a: Blissey\n|-supereffective|p1a: Blissey\n|-damage|p1a: Blissey|71\/100\n|move|p1a: Blissey|Shadow Ball|p2a: Obito\n|-supereffective|p2a: Obito\n|-damage|p2a: Obito|11\/100\n|\n|-weather|Sandstorm|[upkeep]\n|-damage|p2a: Obito|5\/100|[from] Sandstorm\n|-damage|p1a: Blissey|65\/100|[from] Sandstorm\n|-heal|p1a: Blissey|71\/100|[from] item: Leftovers\n|upkeep\n|turn|50\n|c|\u2606AsterJ|Gg man\n|c|\u2606Wraillow|ggs \n|c|\u2606AsterJ|Sick mew\n|\n|t:|1647727688\n|move|p2a: Obito|Focus Blast|p1a: Blissey\n|-supereffective|p1a: Blissey\n|-damage|p1a: Blissey|43\/100\n|move|p1a: Blissey|Shadow Ball|p2a: Obito\n|-supereffective|p2a: Obito\n|-damage|p2a: Obito|0 fnt\n|faint|p2a: Obito\n|\n|win|AsterJ\n|l| PorygonTheBot\n","uploadtime":1647727689,"views":16,"p1id":"asterj","p2id":"wraillow","formatid":"gen8bdspbdspdraft","rating":0,"private":0,"password":null}