{"id":"sports-gen8nationaldexdraft-717578","p1":"Elon Musk Rusk","p2":"mistersiri","format":"gen8nationaldexdraft","log":"|j|\u2606Elon Musk Rusk\n|j|\u2606mistersiri\n|t:|1661769102\n|gametype|singles\n|player|p1|Elon Musk Rusk|265|\n|player|p2|mistersiri|mistersiri.png|\n|teamsize|p1|6\n|teamsize|p2|6\n|gen|8\n|tier|[Gen 8] National Dex Draft\n|rule|Sleep Clause Mod: Limit one foe put to sleep\n|rule|OHKO Clause: OHKO moves are banned\n|rule|Evasion Moves Clause: Evasion moves are banned\n|rule|Endless Battle Clause: Forcing endless battles is banned\n|rule|HP Percentage Mod: HP is shown in percentages\n|rule|Dynamax Clause: You cannot dynamax\n|clearpoke\n|poke|p1|Rhyperior, F|\n|poke|p1|Appletun, F|\n|poke|p1|Magneton|\n|poke|p1|Heliolisk, M|\n|poke|p1|Aromatisse, F|\n|poke|p1|Sharpedo, F|\n|poke|p2|Persian-Alola, F|\n|poke|p2|Golurk|\n|poke|p2|Lapras, F|\n|poke|p2|Ampharos, M|\n|poke|p2|Toxicroak, M|\n|poke|p2|Chimecho, F|\n|teampreview\n|html|<button name=\"send\" class=\"button\" value=\"\/timer ds\"><i class=\"fa fa-hourglass-start\"><\/i> DS Timer<\/button> <button name=\"send\" class=\"button\" value=\"\/timer smogon\"><i class=\"fa fa-hourglass-start\"><\/i> Smogon Timer<\/button>\n|c|\u2606mistersiri|glhf\n|j| PorygonTheBot\n|c| PorygonTheBot|glhf :)\n|\n|t:|1661769134\n|start\n|switch|p1a: Heliolisk|Heliolisk, M|100\/100\n|switch|p2a: Gong Li|Chimecho, F|100\/100\n|turn|1\n|\n|t:|1661769152\n|move|p1a: Heliolisk|Thunderbolt|p2a: Gong Li\n|-damage|p2a: Gong Li|65\/100\n|move|p2a: Gong Li|Yawn|p1a: Heliolisk\n|-start|p1a: Heliolisk|move: Yawn|[of] p2a: Gong Li\n|\n|-heal|p2a: Gong Li|71\/100|[from] item: Leftovers\n|upkeep\n|turn|2\n|\n|t:|1661769157\n|move|p1a: Heliolisk|U-turn|p2a: Gong Li\n|-supereffective|p2a: Gong Li\n|-damage|p2a: Gong Li|46\/100\n|\n|t:|1661769159\n|switch|p1a: Sharpedo|Sharpedo, F|100\/100|[from]move: U-turn\n|move|p2a: Gong Li|Wish|p2a: Gong Li\n|\n|-heal|p2a: Gong Li|52\/100|[from] item: Leftovers\n|upkeep\n|turn|3\n|\n|t:|1661769177\n|switch|p2a: Felix|Persian-Alola, F|100\/100\n|move|p1a: Sharpedo|Crunch|p2a: Felix\n|-resisted|p2a: Felix\n|-damage|p2a: Felix|81\/100\n|-damage|p1a: Sharpedo|91\/100|[from] item: Life Orb\n|\n|-heal|p2a: Felix|100\/100|[from] move: Wish|[wisher] Gong Li\n|upkeep\n|turn|4\n|\n|t:|1661769188\n|switch|p1a: Aromatisse|Aromatisse, F|100\/100\n|move|p2a: Felix|Parting Shot|p1a: Aromatisse\n|-unboost|p1a: Aromatisse|atk|1\n|-unboost|p1a: Aromatisse|spa|1\n|\n|t:|1661769195\n|switch|p2a: Scipio Africanus|Golurk|100\/100|[from]move: Parting Shot\n|\n|upkeep\n|turn|5\n|\n|t:|1661769199\n|switch|p1a: Appletun|Appletun, F|100\/100\n|move|p2a: Scipio Africanus|Stealth Rock|p1a: Appletun\n|-sidestart|p1: Elon Musk Rusk|move: Stealth Rock\n|\n|upkeep\n|turn|6\n|\n|t:|1661769206\n|switch|p2a: Jon Jones|Toxicroak, M|100\/100\n|move|p1a: Appletun|Apple Acid|p2a: Jon Jones\n|-resisted|p2a: Jon Jones\n|-damage|p2a: Jon Jones|81\/100\n|-unboost|p2a: Jon Jones|spd|1\n|\n|upkeep\n|turn|7\n|\n|t:|1661769213\n|switch|p1a: Rhyperior|Rhyperior, F|100\/100\n|-damage|p1a: Rhyperior|94\/100|[from] Stealth Rock\n|move|p2a: Jon Jones|Fake Out|p1a: Rhyperior\n|-resisted|p1a: Rhyperior\n|-damage|p1a: Rhyperior|89\/100\n|-damage|p2a: Jon Jones|71\/100|[from] item: Life Orb\n|\n|upkeep\n|turn|8\n|\n|t:|1661769220\n|switch|p2a: Gong Li|Chimecho, F|52\/100\n|move|p1a: Rhyperior|Heavy Slam|p2a: Gong Li\n|-damage|p2a: Gong Li|0 fnt\n|faint|p2a: Gong Li\n|\n|upkeep\n|\n|t:|1661769229\n|switch|p2a: Lapislazzuli|Lapras, F|100\/100\n|turn|9\n|\n|t:|1661769234\n|switch|p1a: Aromatisse|Aromatisse, F|100\/100\n|-damage|p1a: Aromatisse|88\/100|[from] Stealth Rock\n|move|p2a: Lapislazzuli|Whirlpool|p1a: Aromatisse\n|-damage|p1a: Aromatisse|80\/100\n|-activate|p1a: Aromatisse|move: Whirlpool|[of] p2a: Lapislazzuli\n|\n|-damage|p1a: Aromatisse|67\/100|[from] move: Whirlpool|[partiallytrapped]\n|upkeep\n|turn|10\n|\n|t:|1661769238\n|move|p2a: Lapislazzuli|Perish Song|p2a: Lapislazzuli\n|-start|p1a: Aromatisse|perish3|[silent]\n|-start|p2a: Lapislazzuli|perish3|[silent]\n|-fieldactivate|move: Perish Song\n|move|p1a: Aromatisse|Wish|p1a: Aromatisse\n|\n|-damage|p1a: Aromatisse|55\/100|[from] move: Whirlpool|[partiallytrapped]\n|-start|p2a: Lapislazzuli|perish3\n|-start|p1a: Aromatisse|perish3\n|upkeep\n|turn|11\n|\n|t:|1661769242\n|move|p2a: Lapislazzuli|Ice Beam|p1a: Aromatisse\n|-damage|p1a: Aromatisse|37\/100\n|move|p1a: Aromatisse|Moonblast|p2a: Lapislazzuli\n|-damage|p2a: Lapislazzuli|74\/100\n|\n|-heal|p1a: Aromatisse|86\/100|[from] move: Wish|[wisher] Aromatisse\n|-damage|p1a: Aromatisse|74\/100|[from] move: Whirlpool|[partiallytrapped]\n|-start|p2a: Lapislazzuli|perish2\n|-start|p1a: Aromatisse|perish2\n|upkeep\n|turn|12\n|\n|t:|1661769253\n|move|p2a: Lapislazzuli|Ice Beam|p1a: Aromatisse\n|-damage|p1a: Aromatisse|55\/100\n|move|p1a: Aromatisse|Moonblast|p2a: Lapislazzuli\n|-damage|p2a: Lapislazzuli|50\/100\n|\n|-damage|p1a: Aromatisse|42\/100|[from] move: Whirlpool|[partiallytrapped]\n|-start|p2a: Lapislazzuli|perish1\n|-start|p1a: Aromatisse|perish1\n|upkeep\n|turn|13\n|\n|t:|1661769261\n|switch|p2a: Scipio Africanus|Golurk|100\/100\n|move|p1a: Aromatisse|Moonblast|p2a: Scipio Africanus\n|-damage|p2a: Scipio Africanus|67\/100\n|-unboost|p2a: Scipio Africanus|spa|1\n|\n|-heal|p2a: Scipio Africanus|73\/100|[from] item: Leftovers\n|-end|p1a: Aromatisse|Whirlpool|[partiallytrapped]\n|-start|p1a: Aromatisse|perish0\n|upkeep\n|faint|p1a: Aromatisse\n|\n|t:|1661769267\n|switch|p1a: Sharpedo|Sharpedo, F|91\/100\n|-damage|p1a: Sharpedo|78\/100|[from] Stealth Rock\n|turn|14\n|\n|t:|1661769271\n|switch|p2a: Jon Jones|Toxicroak, M|71\/100\n|move|p1a: Sharpedo|Liquidation|p2a: Jon Jones\n|-heal|p2a: Jon Jones|96\/100|[from] ability: Dry Skin|[of] p1a: Sharpedo\n|\n|upkeep\n|turn|15\n|\n|t:|1661769280\n|move|p1a: Sharpedo|Psychic Fangs|p2a: Jon Jones\n|-supereffective|p2a: Jon Jones\n|-damage|p2a: Jon Jones|0 fnt\n|faint|p2a: Jon Jones\n|-damage|p1a: Sharpedo|69\/100|[from] item: Life Orb\n|\n|upkeep\n|\n|t:|1661769291\n|switch|p2a: Felix|Persian-Alola, F|100\/100\n|turn|16\n|c|\u2606Elon Musk Rusk|I got the wrong ability kinda sad\n|c|\u2606mistersiri|yeah I noticed\n|\n|t:|1661769310\n|move|p2a: Felix|Knock Off|p1a: Sharpedo\n|-resisted|p1a: Sharpedo\n|-damage|p1a: Sharpedo|45\/100\n|-damage|p2a: Felix|88\/100|[from] ability: Rough Skin|[of] p1a: Sharpedo\n|-enditem|p1a: Sharpedo|Life Orb|[from] move: Knock Off|[of] p2a: Felix\n|move|p1a: Sharpedo|Liquidation|p2a: Felix\n|-damage|p2a: Felix|58\/100\n|\n|-heal|p2a: Felix|64\/100|[from] item: Leftovers\n|upkeep\n|turn|17\n|\n|t:|1661769325\n|move|p2a: Felix|Hypnosis|p1a: Sharpedo\n|-status|p1a: Sharpedo|slp|[from] move: Hypnosis\n|cant|p1a: Sharpedo|slp\n|\n|-heal|p2a: Felix|70\/100|[from] item: Leftovers\n|upkeep\n|turn|18\n|\n|t:|1661769331\n|switch|p2a: Folcher|Ampharos, M|100\/100\n|switch|p1a: Appletun|Appletun, F|100\/100\n|-damage|p1a: Appletun|88\/100|[from] Stealth Rock\n|\n|upkeep\n|turn|19\n|\n|t:|1661769343\n|switch|p2a: Felix|Persian-Alola, F|70\/100\n|switch|p1a: Magneton|Magneton|100\/100\n|-damage|p1a: Magneton|95\/100|[from] Stealth Rock\n|\n|-heal|p2a: Felix|76\/100|[from] item: Leftovers\n|upkeep\n|turn|20\n|\n|t:|1661769353\n|move|p2a: Felix|Knock Off|p1a: Magneton\n|-damage|p1a: Magneton|78\/100\n|-enditem|p1a: Magneton|Eviolite|[from] move: Knock Off|[of] p2a: Felix\n|move|p1a: Magneton|Thunderbolt|p2a: Felix\n|-damage|p2a: Felix|0 fnt\n|faint|p2a: Felix\n|\n|upkeep\n|\n|t:|1661769361\n|switch|p2a: Scipio Africanus|Golurk|73\/100\n|turn|21\n|\n|t:|1661769364\n|move|p1a: Magneton|Magnet Rise|p1a: Magneton\n|-start|p1a: Magneton|Magnet Rise\n|move|p2a: Scipio Africanus|Dynamic Punch|p1a: Magneton\n|-supereffective|p1a: Magneton\n|-damage|p1a: Magneton|5\/100\n|-start|p1a: Magneton|confusion\n|\n|-heal|p2a: Scipio Africanus|79\/100|[from] item: Leftovers\n|upkeep\n|turn|22\n|\n|t:|1661769374\n|switch|p2a: Folcher|Ampharos, M|100\/100\n|-activate|p1a: Magneton|confusion\n|move|p1a: Magneton|Flash Cannon|p2a: Folcher\n|-resisted|p2a: Folcher\n|-damage|p2a: Folcher|75\/100\n|\n|upkeep\n|turn|23\n|\n|t:|1661769379\n|detailschange|p2a: Folcher|Ampharos-Mega, M\n|-mega|p2a: Folcher|Ampharos|Ampharosite\n|-ability|p2a: Folcher|Mold Breaker\n|-activate|p1a: Magneton|confusion\n|-damage|p1a: Magneton|0 fnt|[from] confusion\n|faint|p1a: Magneton\n|move|p2a: Folcher|Agility|p2a: Folcher\n|-boost|p2a: Folcher|spe|2\n|\n|upkeep\n|\n|t:|1661769391\n|switch|p1a: Rhyperior|Rhyperior, F|89\/100\n|-damage|p1a: Rhyperior|82\/100|[from] Stealth Rock\n|turn|24\n|\n|t:|1661769432\n|switch|p2a: Scipio Africanus|Golurk|79\/100\n|move|p1a: Rhyperior|Earthquake|p2a: Scipio Africanus\n|-damage|p2a: Scipio Africanus|0 fnt\n|faint|p2a: Scipio Africanus\n|\n|upkeep\n|\n|t:|1661769437\n|switch|p2a: Lapislazzuli|Lapras, F|50\/100\n|turn|25\n|\n|t:|1661769443\n|switch|p1a: Sharpedo|Sharpedo, F|45\/100 slp\n|-damage|p1a: Sharpedo|32\/100 slp|[from] Stealth Rock\n|move|p2a: Lapislazzuli|Ice Beam|p1a: Sharpedo\n|-resisted|p1a: Sharpedo\n|-damage|p1a: Sharpedo|0 fnt\n|faint|p1a: Sharpedo\n|\n|upkeep\n|\n|t:|1661769445\n|switch|p1a: Heliolisk|Heliolisk, M|100\/100\n|-damage|p1a: Heliolisk|88\/100|[from] Stealth Rock\n|turn|26\n|\n|t:|1661769448\n|switch|p2a: Folcher|Ampharos-Mega, M|75\/100\n|-ability|p2a: Folcher|Mold Breaker\n|move|p1a: Heliolisk|Thunderbolt|p2a: Folcher\n|-resisted|p2a: Folcher\n|-damage|p2a: Folcher|65\/100\n|\n|upkeep\n|turn|27\n|\n|t:|1661769457\n|move|p1a: Heliolisk|Hyper Voice|p2a: Folcher\n|-crit|p2a: Folcher\n|-damage|p2a: Folcher|7\/100\n|move|p2a: Folcher|Dragon Pulse|p1a: Heliolisk\n|-damage|p1a: Heliolisk|20\/100\n|\n|upkeep\n|turn|28\n|\n|t:|1661769462\n|move|p1a: Heliolisk|Hyper Voice|p2a: Folcher\n|-damage|p2a: Folcher|0 fnt\n|faint|p2a: Folcher\n|\n|upkeep\n|c|\u2606mistersiri|gg \n|\n|t:|1661769466\n|switch|p2a: Lapislazzuli|Lapras, F|50\/100\n|turn|29\n|c|\u2606Elon Musk Rusk|gg\n|\n|t:|1661769472\n|move|p1a: Heliolisk|Thunderbolt|p2a: Lapislazzuli\n|-supereffective|p2a: Lapislazzuli\n|-damage|p2a: Lapislazzuli|0 fnt\n|faint|p2a: Lapislazzuli\n|\n|win|Elon Musk Rusk\n","uploadtime":1661769474,"views":12,"p1id":"elonmuskrusk","p2id":"mistersiri","formatid":"gen8nationaldexdraft","rating":0,"private":0,"password":null}