{"id":"sports-gen8nationaldexdlclegacy-390680","p1":"TehranTyphlosions","p2":"Bananacrazy111","format":"gen8nationaldexdlclegacy","log":"|j|\u2606TehranTyphlosions\n|j|\u2606Bananacrazy111\n|t:|1618803180\n|player|p1|TehranTyphlosions|clair|\n|player|p2|Bananacrazy111|steven|\n|teamsize|p1|6\n|teamsize|p2|6\n|gametype|singles\n|gen|8\n|tier|[Gen 8] National Dex DLC Legacy\n|rule|Sleep Clause Mod: Limit one foe put to sleep\n|rule|OHKO Clause: OHKO moves are banned\n|rule|Evasion Moves Clause: Evasion moves are banned\n|rule|Endless Battle Clause: Forcing endless battles is banned\n|rule|HP Percentage Mod: HP is shown in percentages\n|clearpoke\n|poke|p1|Milotic, F|\n|poke|p1|Zygarde|\n|poke|p1|Raichu, F|\n|poke|p1|Darmanitan-Galar, F|\n|poke|p1|Celesteela|\n|poke|p1|Whimsicott, M|\n|poke|p2|Quilladin, F|\n|poke|p2|Tyranitar, F|\n|poke|p2|Landorus, M|\n|poke|p2|Infernape, M|\n|poke|p2|Vaporeon, F|\n|poke|p2|Noivern, M|\n|rule|Dynamax Clause: You cannot dynamax\n|teampreview\n|html|<button name=\"send\" class=\"button\" value=\"\/timer ds\"><i class=\"fa fa-hourglass-start\"><\/i> DS Timer<\/button> <button name=\"send\" class=\"button\" value=\"\/timer smogon\"><i class=\"fa fa-hourglass-start\"><\/i> Smogon Timer<\/button>\n|c|\u2606Bananacrazy111|glhf\n|j| tylerb16\n|c|\u2606TehranTyphlosions|you too\n|j| PorygonTheBot\n|c| PorygonTheBot|y'all are stupid\n|j| pinorska\n|\n|t:|1618803263\n|start\n|switch|p1a: Milotic|Milotic, F, shiny|100\/100\n|switch|p2a: Noivern|Noivern, M|100\/100\n|turn|1\n|j| EGADrifblims\n|\n|t:|1618803275\n|move|p2a: Noivern|U-turn|p1a: Milotic\n|-damage|p1a: Milotic|92\/100\n|\n|t:|1618803281\n|switch|p2a: Quilladin|Quilladin, F|100\/100|[from]move: U-turn\n|move|p1a: Milotic|Toxic|p2a: Quilladin\n|-status|p2a: Quilladin|tox\n|\n|-damage|p2a: Quilladin|94\/100 tox|[from] psn\n|-status|p1a: Milotic|brn|[from] item: Flame Orb\n|upkeep\n|turn|2\n|\n|t:|1618803287\n|move|p1a: Milotic|Flip Turn|p2a: Quilladin\n|-resisted|p2a: Quilladin\n|-damage|p2a: Quilladin|92\/100 tox\n|\n|t:|1618803315\n|switch|p1a: Whimsicott|Whimsicott, M, shiny|100\/100|[from]move: Flip Turn\n|move|p2a: Quilladin|Spikes|p1a: Whimsicott\n|-sidestart|p1: TehranTyphlosions|Spikes\n|\n|-damage|p2a: Quilladin|80\/100 tox|[from] psn\n|upkeep\n|turn|3\n|\n|t:|1618803329\n|switch|p2a: Infernape|Infernape, M|100\/100\n|move|p1a: Whimsicott|Defog|p2a: Infernape\n|-unboost|p2a: Infernape|evasion|1\n|-sideend|p1: TehranTyphlosions|Spikes|[from] move: Defog|[of] p1a: Whimsicott\n|\n|upkeep\n|turn|4\n|\n|t:|1618803388\n|switch|p1a: Milotic|Milotic, F, shiny|92\/100 brn\n|move|p2a: Infernape|Swords Dance|p2a: Infernape\n|-boost|p2a: Infernape|atk|2\n|\n|-damage|p1a: Milotic|86\/100 brn|[from] brn\n|upkeep\n|turn|5\n|\n|t:|1618803402\n|move|p2a: Infernape|Swords Dance|p2a: Infernape\n|-boost|p2a: Infernape|atk|2\n|move|p1a: Milotic|Scald|p2a: Infernape\n|-supereffective|p2a: Infernape\n|-damage|p2a: Infernape|13\/100\n|\n|-damage|p1a: Milotic|80\/100 brn|[from] brn\n|upkeep\n|turn|6\n|\n|t:|1618803424\n|switch|p1a: Whimsicott|Whimsicott, M, shiny|100\/100\n|move|p2a: Infernape|Close Combat|p1a: Whimsicott\n|-resisted|p1a: Whimsicott\n|-damage|p1a: Whimsicott|0 fnt\n|-unboost|p2a: Infernape|def|1\n|-unboost|p2a: Infernape|spd|1\n|faint|p1a: Whimsicott\n|\n|upkeep\n|\n|t:|1618803448\n|switch|p1a: Milotic|Milotic, F, shiny|80\/100 brn\n|turn|7\n|\n|t:|1618803452\n|move|p2a: Infernape|Close Combat|p1a: Milotic\n|-damage|p1a: Milotic|0 fnt\n|-unboost|p2a: Infernape|def|1\n|-unboost|p2a: Infernape|spd|1\n|faint|p1a: Milotic\n|\n|upkeep\n|\n|t:|1618803463\n|switch|p1a: Zygarde|Zygarde, shiny|100\/100\n|-ability|p1a: Zygarde|Aura Break\n|turn|8\n|j| Juke Lones\n|\n|t:|1618803475\n|move|p1a: Zygarde|Extreme Speed|p2a: Infernape\n|-damage|p2a: Infernape|0 fnt\n|faint|p2a: Infernape\n|\n|upkeep\n|\n|t:|1618803503\n|switch|p2a: Noivern|Noivern, M|100\/100\n|turn|9\n|\n|t:|1618803554\n|switch|p1a: Celesteela|Celesteela, shiny|100\/100\n|move|p2a: Noivern|U-turn|p1a: Celesteela\n|-resisted|p1a: Celesteela\n|-damage|p1a: Celesteela|98\/100\n|\n|t:|1618803612\n|switch|p2a: Vaporeon|Vaporeon, F|100\/100|[from]move: U-turn\n|\n|upkeep\n|turn|10\n|\n|t:|1618803619\n|move|p1a: Celesteela|Giga Drain|p2a: Vaporeon\n|-supereffective|p2a: Vaporeon\n|-damage|p2a: Vaporeon|54\/100\n|-heal|p1a: Celesteela|100\/100|[from] drain|[of] p2a: Vaporeon\n|-damage|p1a: Celesteela|91\/100|[from] item: Life Orb\n|move|p2a: Vaporeon|Scald|p1a: Celesteela\n|-damage|p1a: Celesteela|60\/100\n|\n|-heal|p2a: Vaporeon|60\/100|[from] item: Leftovers\n|upkeep\n|turn|11\n|c| tylerb16|pirnha pant\n|\n|t:|1618803658\n|switch|p1a: Darmanitan|Darmanitan-Galar, F|100\/100\n|move|p2a: Vaporeon|Wish|p2a: Vaporeon\n|\n|-heal|p2a: Vaporeon|66\/100|[from] item: Leftovers\n|upkeep\n|turn|12\n|\n|t:|1618803673\n|move|p2a: Vaporeon|Protect|p2a: Vaporeon\n|-singleturn|p2a: Vaporeon|Protect\n|move|p1a: Darmanitan|U-turn|p2a: Vaporeon\n|-activate|p2a: Vaporeon|move: Protect\n|\n|-heal|p2a: Vaporeon|100\/100|[from] move: Wish|[wisher] Vaporeon\n|upkeep\n|turn|13\n|\n|t:|1618803687\n|move|p1a: Darmanitan|U-turn|p2a: Vaporeon\n|-crit|p2a: Vaporeon\n|-damage|p2a: Vaporeon|57\/100\n|\n|t:|1618803689\n|switch|p1a: Raichu|Raichu, F, shiny|100\/100|[from]move: U-turn\n|move|p2a: Vaporeon|Scald|p1a: Raichu\n|-damage|p1a: Raichu|56\/100\n|\n|-heal|p2a: Vaporeon|63\/100|[from] item: Leftovers\n|upkeep\n|turn|14\n|c|\u2606TehranTyphlosions|sry\n|c| tylerb16|crinkolas dinkolas\n|\n|t:|1618803728\n|switch|p2a: Landorus|Landorus, M|100\/100\n|move|p1a: Raichu|Thunderbolt|p2a: Landorus\n|-immune|p2a: Landorus\n|\n|upkeep\n|turn|15\n|\n|t:|1618803740\n|move|p1a: Raichu|Surf|p2a: Landorus\n|-supereffective|p2a: Landorus\n|-damage|p2a: Landorus|16\/100\n|-damage|p1a: Raichu|46\/100|[from] item: Life Orb\n|move|p2a: Landorus|Stealth Rock|p1a: Raichu\n|-sidestart|p1: TehranTyphlosions|move: Stealth Rock\n|\n|upkeep\n|turn|16\n|\n|t:|1618803802\n|move|p1a: Raichu|Surf|p2a: Landorus\n|-supereffective|p2a: Landorus\n|-damage|p2a: Landorus|0 fnt\n|-damage|p1a: Raichu|36\/100|[from] item: Life Orb\n|faint|p2a: Landorus\n|\n|upkeep\n|\n|t:|1618803817\n|switch|p2a: Noivern|Noivern, M|100\/100\n|turn|17\n|\n|t:|1618803821\n|move|p2a: Noivern|Flamethrower|p1a: Raichu\n|-damage|p1a: Raichu|0 fnt\n|faint|p1a: Raichu\n|\n|upkeep\n|\n|t:|1618803823\n|switch|p1a: Darmanitan|Darmanitan-Galar, F|100\/100\n|-damage|p1a: Darmanitan|76\/100|[from] Stealth Rock\n|turn|18\n|\n|t:|1618803863\n|switch|p2a: Quilladin|Quilladin, F|80\/100 tox\n|move|p1a: Darmanitan|U-turn|p2a: Quilladin\n|-supereffective|p2a: Quilladin\n|-damage|p2a: Quilladin|29\/100 tox\n|\n|t:|1618803865\n|switch|p1a: Celesteela|Celesteela, shiny|60\/100|[from]move: U-turn\n|-damage|p1a: Celesteela|48\/100|[from] Stealth Rock\n|\n|-damage|p2a: Quilladin|22\/100 tox|[from] psn\n|upkeep\n|turn|19\n|\n|t:|1618803880\n|move|p1a: Celesteela|Autotomize|p1a: Celesteela\n|-boost|p1a: Celesteela|spe|2\n|-start|p1a: Celesteela|Autotomize\n|move|p2a: Quilladin|Leech Seed|p1a: Celesteela\n|-start|p1a: Celesteela|move: Leech Seed\n|\n|-damage|p1a: Celesteela|36\/100|[from] Leech Seed|[of] p2a: Quilladin\n|-heal|p2a: Quilladin|36\/100 tox|[silent]\n|-damage|p2a: Quilladin|24\/100 tox|[from] psn\n|upkeep\n|turn|20\n|\n|t:|1618803891\n|move|p1a: Celesteela|Air Slash|p2a: Quilladin\n|-supereffective|p2a: Quilladin\n|-damage|p2a: Quilladin|0 fnt\n|-damage|p1a: Celesteela|26\/100|[from] item: Life Orb\n|faint|p2a: Quilladin\n|-ability|p1a: Celesteela|Beast Boost|boost\n|-boost|p1a: Celesteela|spa|1\n|\n|upkeep\n|\n|t:|1618803897\n|switch|p2a: Vaporeon|Vaporeon, F|63\/100\n|turn|21\n|\n|t:|1618803900\n|move|p2a: Vaporeon|Protect|p2a: Vaporeon\n|-singleturn|p2a: Vaporeon|Protect\n|move|p1a: Celesteela|Giga Drain|p2a: Vaporeon\n|-activate|p2a: Vaporeon|move: Protect\n|\n|-heal|p2a: Vaporeon|69\/100|[from] item: Leftovers\n|-damage|p1a: Celesteela|14\/100|[from] Leech Seed|[of] p2a: Vaporeon\n|-heal|p2a: Vaporeon|79\/100|[silent]\n|upkeep\n|turn|22\n|\n|t:|1618803909\n|switch|p2a: Noivern|Noivern, M|100\/100\n|move|p1a: Celesteela|Air Slash|p2a: Noivern\n|-damage|p2a: Noivern|8\/100\n|-damage|p1a: Celesteela|4\/100|[from] item: Life Orb\n|\n|-damage|p1a: Celesteela|0 fnt|[from] Leech Seed|[of] p2a: Noivern\n|-heal|p2a: Noivern|11\/100|[silent]\n|faint|p1a: Celesteela\n|upkeep\n|\n|t:|1618803927\n|switch|p1a: Zygarde|Zygarde, shiny|100\/100\n|-damage|p1a: Zygarde|94\/100|[from] Stealth Rock\n|-ability|p1a: Zygarde|Aura Break\n|turn|23\n|\n|t:|1618803944\n|switch|p2a: Vaporeon|Vaporeon, F|79\/100\n|move|p1a: Zygarde|Extreme Speed|p2a: Vaporeon\n|-damage|p2a: Vaporeon|59\/100\n|\n|-heal|p2a: Vaporeon|65\/100|[from] item: Leftovers\n|upkeep\n|turn|24\n|\n|t:|1618803957\n|move|p1a: Zygarde|Thousand Arrows|p2a: Vaporeon\n|-damage|p2a: Vaporeon|33\/100\n|move|p2a: Vaporeon|Wish|p2a: Vaporeon\n|\n|-heal|p2a: Vaporeon|40\/100|[from] item: Leftovers\n|upkeep\n|turn|25\n|\n|t:|1618803966\n|move|p1a: Zygarde|Dragon Dance|p1a: Zygarde\n|-boost|p1a: Zygarde|atk|1\n|-boost|p1a: Zygarde|spe|1\n|move|p2a: Vaporeon|Scald|p1a: Zygarde\n|-damage|p1a: Zygarde|65\/100\n|\n|-heal|p2a: Vaporeon|90\/100|[from] move: Wish|[wisher] Vaporeon\n|-heal|p2a: Vaporeon|96\/100|[from] item: Leftovers\n|upkeep\n|turn|26\n|\n|t:|1618803974\n|move|p1a: Zygarde|Thousand Arrows|p2a: Vaporeon\n|-damage|p2a: Vaporeon|49\/100\n|move|p2a: Vaporeon|Roar|p1a: Zygarde\n|drag|p1a: Darmanitan|Darmanitan-Galar, F|76\/100\n|-damage|p1a: Darmanitan|51\/100|[from] Stealth Rock\n|\n|-heal|p2a: Vaporeon|55\/100|[from] item: Leftovers\n|upkeep\n|turn|27\n|\n|t:|1618804000\n|move|p2a: Vaporeon|Protect|p2a: Vaporeon\n|-singleturn|p2a: Vaporeon|Protect\n|move|p1a: Darmanitan|U-turn|p2a: Vaporeon\n|-activate|p2a: Vaporeon|move: Protect\n|\n|-heal|p2a: Vaporeon|61\/100|[from] item: Leftovers\n|upkeep\n|turn|28\n|\n|t:|1618804006\n|move|p1a: Darmanitan|U-turn|p2a: Vaporeon\n|-damage|p2a: Vaporeon|33\/100\n|\n|t:|1618804008\n|switch|p1a: Zygarde|Zygarde, shiny|65\/100|[from]move: U-turn\n|-damage|p1a: Zygarde|58\/100|[from] Stealth Rock\n|-ability|p1a: Zygarde|Aura Break\n|move|p2a: Vaporeon|Wish|p2a: Vaporeon\n|\n|-heal|p2a: Vaporeon|39\/100|[from] item: Leftovers\n|upkeep\n|turn|29\n|\n|t:|1618804025\n|move|p1a: Zygarde|Toxic|p2a: Vaporeon|[miss]\n|-miss|p1a: Zygarde|p2a: Vaporeon\n|move|p2a: Vaporeon|Scald|p1a: Zygarde\n|-damage|p1a: Zygarde|29\/100\n|-status|p1a: Zygarde|brn\n|\n|-heal|p2a: Vaporeon|89\/100|[from] move: Wish|[wisher] Vaporeon\n|-heal|p2a: Vaporeon|95\/100|[from] item: Leftovers\n|-damage|p1a: Zygarde|23\/100 brn|[from] brn\n|upkeep\n|turn|30\n|c|\u2606Bananacrazy111|srry\n|c|\u2606TehranTyphlosions|nah dw about it\n|c|\u2606TehranTyphlosions|its over already\n|\n|t:|1618804045\n|move|p2a: Vaporeon|Protect|p2a: Vaporeon\n|-singleturn|p2a: Vaporeon|Protect\n|move|p1a: Zygarde|Toxic|p2a: Vaporeon\n|-activate|p2a: Vaporeon|move: Protect\n|\n|-heal|p2a: Vaporeon|100\/100|[from] item: Leftovers\n|-damage|p1a: Zygarde|17\/100 brn|[from] brn\n|upkeep\n|turn|31\n|\n|t:|1618804085\n|switch|p2a: Tyranitar|Tyranitar, F|100\/100\n|-weather|Sandstorm|[from] ability: Sand Stream|[of] p2a: Tyranitar\n|move|p1a: Zygarde|Toxic|p2a: Tyranitar\n|-status|p2a: Tyranitar|tox\n|\n|-weather|Sandstorm|[upkeep]\n|-damage|p1a: Zygarde|11\/100 brn|[from] brn\n|-damage|p2a: Tyranitar|94\/100 tox|[from] psn\n|upkeep\n|turn|32\n|\n|t:|1618804103\n|move|p1a: Zygarde|Thousand Arrows|p2a: Tyranitar\n|-supereffective|p2a: Tyranitar\n|-damage|p2a: Tyranitar|64\/100 tox\n|move|p2a: Tyranitar|Crunch|p1a: Zygarde\n|-damage|p1a: Zygarde|0 fnt\n|faint|p1a: Zygarde\n|\n|-weather|Sandstorm|[upkeep]\n|-damage|p2a: Tyranitar|51\/100 tox|[from] psn\n|upkeep\n|\n|t:|1618804105\n|switch|p1a: Darmanitan|Darmanitan-Galar, F|51\/100\n|-damage|p1a: Darmanitan|26\/100|[from] Stealth Rock\n|turn|33\n|\n|t:|1618804121\n|move|p1a: Darmanitan|Superpower|p2a: Tyranitar\n|-supereffective|p2a: Tyranitar\n|-damage|p2a: Tyranitar|0 fnt\n|-unboost|p1a: Darmanitan|atk|1\n|-unboost|p1a: Darmanitan|def|1\n|faint|p2a: Tyranitar\n|\n|-weather|Sandstorm|[upkeep]\n|-damage|p1a: Darmanitan|20\/100|[from] Sandstorm\n|upkeep\n|\n|t:|1618804132\n|switch|p2a: Vaporeon|Vaporeon, F|100\/100\n|turn|34\n|c|\u2606TehranTyphlosions|gg\n|c|\u2606Bananacrazy111|gg\n|\n|t:|1618804144\n|move|p1a: Darmanitan|Superpower|p2a: Vaporeon\n|-damage|p2a: Vaporeon|66\/100\n|-unboost|p1a: Darmanitan|atk|1\n|-unboost|p1a: Darmanitan|def|1\n|move|p2a: Vaporeon|Scald|p1a: Darmanitan\n|-damage|p1a: Darmanitan|0 fnt\n|faint|p1a: Darmanitan\n|\n|win|Bananacrazy111\n","uploadtime":1618804145,"views":37,"p1id":"tehrantyphlosions","p2id":"bananacrazy111","formatid":"gen8nationaldexdlclegacy","rating":0,"private":0,"password":null}