{"id":"sports-gen8lcnationaldexdraft-648499","p1":"LudwigFrog","p2":"Dicy","format":"gen8lcnationaldexdraft","log":"|j|\u2606LudwigFrog\n|j|\u2606Dicy\n|t:|1652224664\n|gametype|singles\n|player|p1|LudwigFrog|hilbert-wonderlauncher|\n|player|p2|Dicy|dicy.png|\n|teamsize|p1|6\n|teamsize|p2|6\n|gen|8\n|tier|[Gen 8] LC National Dex Draft\n|rule|Sleep Clause Mod: Limit one foe put to sleep\n|rule|OHKO Clause: OHKO moves are banned\n|rule|Evasion Moves Clause: Evasion moves are banned\n|rule|Endless Battle Clause: Forcing endless battles is banned\n|rule|HP Percentage Mod: HP is shown in percentages\n|rule|Double Item Clause: Limit two of each item\n|rule|Dynamax Clause: You cannot dynamax\n|clearpoke\n|poke|p1|Vullaby, L5, F|\n|poke|p1|Ferroseed, L5, F|\n|poke|p1|Froakie, L5, F|\n|poke|p1|Growlithe, L5, M|\n|poke|p1|Cubone, L5, F|\n|poke|p1|Larvitar, L5, F|\n|poke|p2|Cutiefly, L5, F|\n|poke|p2|Frillish, L5, M|\n|poke|p2|Chimchar, L5, F|\n|poke|p2|Cranidos, L5, M|\n|poke|p2|Darumaka-Galar, L5, M|\n|poke|p2|Diglett-Alola, L5, M|\n|teampreview\n|html|<button name=\"send\" class=\"button\" value=\"\/timer ds\"><i class=\"fa fa-hourglass-start\"><\/i> DS Timer<\/button> <button name=\"send\" class=\"button\" value=\"\/timer smogon\"><i class=\"fa fa-hourglass-start\"><\/i> Smogon Timer<\/button>\n|inactive|Battle timer is ON: inactive players will automatically lose when time's up. (requested by LudwigFrog)\n|inactiveoff|Battle timer is now OFF.\n|j| PorygonTheBot\n|\n|t:|1652224718\n|start\n|switch|p1a: Vullaby|Vullaby, L5, F|100\/100\n|switch|p2a: Diglett|Diglett-Alola, L5, M|100\/100\n|turn|1\n|c| PorygonTheBot|y'all are stupid\n|\n|t:|1652224725\n|move|p2a: Diglett|Rock Slide|p1a: Vullaby\n|-supereffective|p1a: Vullaby\n|-damage|p1a: Vullaby|48\/100\n|move|p1a: Vullaby|Brave Bird|p2a: Diglett\n|-resisted|p2a: Diglett\n|-damage|p2a: Diglett|30\/100\n|-ability|p2a: Diglett|Tangling Hair\n|-unboost|p1a: Vullaby|spe|1\n|-damage|p1a: Vullaby|31\/100|[from] Recoil\n|\n|upkeep\n|turn|2\n|c|\u2606LudwigFrog|hf\n|c|\u2606Dicy|glhf\n|\n|t:|1652224741\n|switch|p1a: Ferroseed|Ferroseed, L5, F|100\/100\n|move|p2a: Diglett|Rock Slide|p1a: Ferroseed\n|-resisted|p1a: Ferroseed\n|-damage|p1a: Ferroseed|91\/100\n|\n|upkeep\n|turn|3\n|\n|t:|1652224749\n|switch|p2a: Chimchar|Chimchar, L5, F|100\/100\n|move|p1a: Ferroseed|Knock Off|p2a: Chimchar\n|-damage|p2a: Chimchar|60\/100\n|-enditem|p2a: Chimchar|Focus Sash|[from] move: Knock Off|[of] p1a: Ferroseed\n|\n|upkeep\n|turn|4\n|\n|t:|1652224758\n|switch|p1a: Growlithe|Growlithe, L5, M|100\/100\n|-ability|p1a: Growlithe|Intimidate|boost\n|-unboost|p2a: Chimchar|atk|1\n|move|p2a: Chimchar|Stealth Rock|p1a: Growlithe\n|-sidestart|p1: LudwigFrog|move: Stealth Rock\n|\n|upkeep\n|turn|5\n|\n|t:|1652224767\n|switch|p2a: Frillish|Frillish, L5, M|100\/100\n|move|p1a: Growlithe|Flamethrower|p2a: Frillish\n|-resisted|p2a: Frillish\n|-damage|p2a: Frillish|88\/100\n|\n|upkeep\n|turn|6\n|\n|t:|1652224780\n|move|p1a: Growlithe|Will-O-Wisp|p2a: Frillish\n|-status|p2a: Frillish|brn\n|move|p2a: Frillish|Scald|p1a: Growlithe\n|-supereffective|p1a: Growlithe\n|-damage|p1a: Growlithe|4\/100\n|-enditem|p1a: Growlithe|Berry Juice\n|-heal|p1a: Growlithe|84\/100|[from] item: Berry Juice\n|\n|-damage|p2a: Frillish|84\/100 brn|[from] brn\n|upkeep\n|turn|7\n|\n|t:|1652224789\n|switch|p1a: Ferroseed|Ferroseed, L5, F|91\/100\n|-damage|p1a: Ferroseed|86\/100|[from] Stealth Rock\n|move|p2a: Frillish|Scald|p1a: Ferroseed\n|-resisted|p1a: Ferroseed\n|-damage|p1a: Ferroseed|72\/100\n|\n|-damage|p2a: Frillish|80\/100 brn|[from] brn\n|upkeep\n|turn|8\n|\n|t:|1652224795\n|move|p2a: Frillish|Will-O-Wisp|p1a: Ferroseed\n|-status|p1a: Ferroseed|brn\n|move|p1a: Ferroseed|Leech Seed|p2a: Frillish\n|-start|p2a: Frillish|move: Leech Seed\n|\n|-damage|p2a: Frillish|68\/100 brn|[from] Leech Seed|[of] p1a: Ferroseed\n|-heal|p1a: Ferroseed|86\/100 brn|[silent]\n|-damage|p2a: Frillish|64\/100 brn|[from] brn\n|-damage|p1a: Ferroseed|81\/100 brn|[from] brn\n|upkeep\n|turn|9\n|\n|t:|1652224802\n|switch|p2a: Chimchar|Chimchar, L5, F|60\/100\n|move|p1a: Ferroseed|Stealth Rock|p2a: Chimchar\n|-sidestart|p2: Dicy|move: Stealth Rock\n|\n|-damage|p1a: Ferroseed|77\/100 brn|[from] brn\n|upkeep\n|turn|10\n|\n|t:|1652224820\n|switch|p2a: Diglett|Diglett-Alola, L5, M|30\/100\n|-damage|p2a: Diglett|24\/100|[from] Stealth Rock\n|switch|p1a: Cubone|Cubone, L5, F|100\/100\n|-damage|p1a: Cubone|96\/100|[from] Stealth Rock\n|\n|upkeep\n|turn|11\n|\n|t:|1652224831\n|move|p2a: Diglett|Iron Head|p1a: Cubone\n|-damage|p1a: Cubone|34\/100\n|cant|p1a: Cubone|flinch\n|\n|upkeep\n|turn|12\n|\n|t:|1652224835\n|switch|p1a: Ferroseed|Ferroseed, L5, F|77\/100 brn\n|-damage|p1a: Ferroseed|72\/100 brn|[from] Stealth Rock\n|move|p2a: Diglett|Iron Head|p1a: Ferroseed\n|-resisted|p1a: Ferroseed\n|-damage|p1a: Ferroseed|53\/100 brn\n|-damage|p2a: Diglett|12\/100|[from] ability: Iron Barbs|[of] p1a: Ferroseed\n|\n|-damage|p1a: Ferroseed|48\/100 brn|[from] brn\n|upkeep\n|turn|13\n|\n|t:|1652224848\n|move|p2a: Diglett|Iron Head|p1a: Ferroseed\n|-resisted|p1a: Ferroseed\n|-damage|p1a: Ferroseed|29\/100 brn\n|-damage|p2a: Diglett|0 fnt|[from] ability: Iron Barbs|[of] p1a: Ferroseed\n|faint|p2a: Diglett\n|move|p1a: Ferroseed|Leech Seed|p2: Diglett|[notarget]\n|-fail|p1a: Ferroseed\n|\n|-damage|p1a: Ferroseed|24\/100 brn|[from] brn\n|upkeep\n|\n|t:|1652224862\n|switch|p2a: Cranidos|Cranidos, L5, M|100\/100\n|-damage|p2a: Cranidos|88\/100|[from] Stealth Rock\n|turn|14\n|\n|t:|1652224869\n|move|p2a: Cranidos|Fire Punch|p1a: Ferroseed\n|-supereffective|p1a: Ferroseed\n|-damage|p1a: Ferroseed|0 fnt\n|-damage|p2a: Cranidos|75\/100|[from] ability: Iron Barbs|[of] p1a: Ferroseed\n|faint|p1a: Ferroseed\n|\n|upkeep\n|\n|t:|1652224871\n|switch|p1a: Larvitar|Larvitar, L5, F|100\/100\n|-damage|p1a: Larvitar|96\/100|[from] Stealth Rock\n|turn|15\n|\n|t:|1652224879\n|move|p2a: Cranidos|Iron Head|p1a: Larvitar\n|-supereffective|p1a: Larvitar\n|-damage|p1a: Larvitar|0 fnt\n|faint|p1a: Larvitar\n|\n|upkeep\n|\n|t:|1652224884\n|switch|p1a: Froakie|Froakie, L5, F|100\/100\n|-damage|p1a: Froakie|90\/100|[from] Stealth Rock\n|turn|16\n|\n|t:|1652224890\n|switch|p2a: Frillish|Frillish, L5, M|64\/100 brn\n|-damage|p2a: Frillish|52\/100 brn|[from] Stealth Rock\n|move|p1a: Froakie|Ice Beam|p2a: Frillish\n|-start|p1a: Froakie|typechange|Ice|[from] ability: Protean\n|-resisted|p2a: Frillish\n|-damage|p2a: Frillish|36\/100 brn\n|-damage|p1a: Froakie|80\/100|[from] item: Life Orb\n|\n|-damage|p2a: Frillish|32\/100 brn|[from] brn\n|upkeep\n|turn|17\n|\n|t:|1652224900\n|move|p1a: Froakie|U-turn|p2a: Frillish\n|-start|p1a: Froakie|typechange|Bug|[from] ability: Protean\n|-resisted|p2a: Frillish\n|-damage|p2a: Frillish|20\/100 brn\n|-damage|p1a: Froakie|70\/100|[from] item: Life Orb\n|\n|t:|1652224903\n|switch|p1a: Vullaby|Vullaby, L5, F|31\/100|[from]move: U-turn\n|-damage|p1a: Vullaby|9\/100|[from] Stealth Rock\n|move|p2a: Frillish|Strength Sap|p1a: Vullaby\n|-unboost|p1a: Vullaby|atk|1\n|-heal|p2a: Frillish|80\/100 brn\n|\n|-damage|p2a: Frillish|76\/100 brn|[from] brn\n|upkeep\n|turn|18\n|\n|t:|1652224916\n|move|p1a: Vullaby|Roost|p1a: Vullaby\n|-heal|p1a: Vullaby|61\/100\n|-singleturn|p1a: Vullaby|move: Roost\n|move|p2a: Frillish|Scald|p1a: Vullaby\n|-damage|p1a: Vullaby|35\/100\n|-status|p1a: Vullaby|brn\n|\n|-damage|p1a: Vullaby|31\/100 brn|[from] brn\n|-damage|p2a: Frillish|72\/100 brn|[from] brn\n|upkeep\n|turn|19\n|\n|t:|1652224927\n|switch|p2a: Cranidos|Cranidos, L5, M|75\/100\n|-damage|p2a: Cranidos|63\/100|[from] Stealth Rock\n|move|p1a: Vullaby|Roost|p1a: Vullaby\n|-heal|p1a: Vullaby|83\/100 brn\n|-singleturn|p1a: Vullaby|move: Roost\n|\n|-damage|p1a: Vullaby|79\/100 brn|[from] brn\n|upkeep\n|turn|20\n|\n|t:|1652224935\n|move|p1a: Vullaby|Defog|p2a: Cranidos\n|-unboost|p2a: Cranidos|evasion|1\n|-sideend|p2: Dicy|Stealth Rock|[from] move: Defog|[of] p1a: Vullaby\n|-sideend|p1: LudwigFrog|Stealth Rock|[from] move: Defog|[of] p1a: Vullaby\n|move|p2a: Cranidos|Rock Slide|p1a: Vullaby\n|-supereffective|p1a: Vullaby\n|-damage|p1a: Vullaby|0 fnt\n|faint|p1a: Vullaby\n|\n|upkeep\n|\n|t:|1652224936\n|switch|p1a: Froakie|Froakie, L5, F|70\/100\n|turn|21\n|\n|t:|1652224951\n|switch|p1a: Cubone|Cubone, L5, F|34\/100\n|switch|p2a: Chimchar|Chimchar, L5, F|60\/100\n|\n|upkeep\n|turn|22\n|j| J2411\n|\n|t:|1652224957\n|move|p2a: Chimchar|Overheat|p1a: Cubone\n|-damage|p1a: Cubone|0 fnt\n|-unboost|p2a: Chimchar|spa|2\n|faint|p1a: Cubone\n|\n|upkeep\n|l| J2411\n|\n|t:|1652224959\n|switch|p1a: Froakie|Froakie, L5, F|70\/100\n|turn|23\n|\n|t:|1652224965\n|switch|p2a: Darumaka|Darumaka-Galar, L5, M|100\/100\n|move|p1a: Froakie|U-turn|p2a: Darumaka\n|-start|p1a: Froakie|typechange|Bug|[from] ability: Protean\n|-damage|p2a: Darumaka|54\/100\n|-damage|p1a: Froakie|60\/100|[from] item: Life Orb\n|\n|t:|1652224967\n|switch|p1a: Growlithe|Growlithe, L5, M|84\/100|[from]move: U-turn\n|-ability|p1a: Growlithe|Intimidate|boost\n|-unboost|p2a: Darumaka|atk|1\n|\n|upkeep\n|turn|24\n|\n|t:|1652224977\n|move|p2a: Darumaka|Superpower|p1a: Growlithe\n|-damage|p1a: Growlithe|16\/100\n|-unboost|p2a: Darumaka|atk|1\n|-unboost|p2a: Darumaka|def|1\n|move|p1a: Growlithe|Flamethrower|p2a: Darumaka\n|-supereffective|p2a: Darumaka\n|-damage|p2a: Darumaka|0 fnt\n|faint|p2a: Darumaka\n|\n|upkeep\n|\n|t:|1652224984\n|switch|p2a: Cutiefly|Cutiefly, L5, F|100\/100\n|turn|25\n|\n|t:|1652224988\n|move|p2a: Cutiefly|Moonblast|p1a: Growlithe\n|-resisted|p1a: Growlithe\n|-damage|p1a: Growlithe|0 fnt\n|faint|p1a: Growlithe\n|\n|upkeep\n|\n|t:|1652224990\n|switch|p1a: Froakie|Froakie, L5, F|60\/100\n|turn|26\n|\n|t:|1652224993\n|move|p2a: Cutiefly|Moonblast|p1a: Froakie\n|-damage|p1a: Froakie|0 fnt\n|faint|p1a: Froakie\n|\n|win|Dicy\n|l| PorygonTheBot\n|c|\u2606LudwigFrog|gg\n|l|\u2606LudwigFrog\n|c|\u2606Dicy|gg\n","uploadtime":1652224994,"views":10,"p1id":"ludwigfrog","p2id":"dicy","formatid":"gen8lcnationaldexdraft","rating":0,"private":0,"password":null}