{"id":"sports-gen8nationaldexdlclegacy-322858","p1":"TehranTyphlosions","p2":"MagMortyy","format":"gen8nationaldexdlclegacy","log":"|j|\u2606TehranTyphlosions\n|j|\u2606MagMortyy\n|t:|1611088871\n|player|p1|TehranTyphlosions|clair|\n|player|p2|MagMortyy|magmortyy.png|\n|teamsize|p1|6\n|teamsize|p2|6\n|gametype|singles\n|gen|8\n|tier|[Gen 8] National Dex DLC Legacy\n|rule|Sleep Clause Mod: Limit one foe put to sleep\n|rule|OHKO Clause: OHKO moves are banned\n|rule|Evasion Moves Clause: Evasion moves are banned\n|rule|Endless Battle Clause: Forcing endless battles is banned\n|rule|HP Percentage Mod: HP is shown in percentages\n|clearpoke\n|poke|p1|Altaria, M|\n|poke|p1|Urshifu-*, M|\n|poke|p1|Milotic, F|\n|poke|p1|Tornadus-Therian, M|\n|poke|p1|Entei|\n|poke|p1|Ferrothorn, F|\n|poke|p2|Silvally-*|\n|poke|p2|Aerodactyl, F|\n|poke|p2|Victini|\n|poke|p2|Alcremie, F|\n|poke|p2|Slowbro-Galar, F|\n|poke|p2|Polteageist|\n|rule|Dynamax Clause: You cannot dynamax\n|teampreview\n|html|<button name=\"send\" class=\"button\" value=\"\/timer ds\"><i class=\"fa fa-hourglass-start\"><\/i> DS Timer<\/button> <button name=\"send\" class=\"button\" value=\"\/timer smogon\"><i class=\"fa fa-hourglass-start\"><\/i> Smogon Timer<\/button>\n|j| Jespurr's Psychos\n|c|\u2606TehranTyphlosions|gl gl\n|c| Jespurr's Psychos|glhf\n|c|\u2606MagMortyy|glhf\n|j| PorygonTheBot\n|c| PorygonTheBot|Porygon has digitalized into the match... booting up... successfully calibrating stats!\n|j| EGADrifblims\n|j| EGASpheals\n|\n|t:|1611088969\n|start\n|switch|p1a: Entei|Entei, shiny|100\/100\n|switch|p2a: Victoryni|Victini|100\/100\n|turn|1\n|j| EGALombres\n|j| TeamDaniel\n|j| A Bunny in 3d\n|\n|t:|1611089046\n|move|p1a: Entei|Protect|p1a: Entei\n|-singleturn|p1a: Entei|Protect\n|move|p2a: Victoryni|U-turn|p1a: Entei\n|-activate|p1a: Entei|move: Protect\n|\n|upkeep\n|turn|2\n|\n|t:|1611089053\n|move|p2a: Victoryni|U-turn|p1a: Entei\n|-resisted|p1a: Entei\n|-damage|p1a: Entei|93\/100\n|l| A Bunny in 3d\n|\n|t:|1611089148\n|switch|p2a: I'm stoned|Aerodactyl, F|100\/100|[from]move: U-turn\n|move|p1a: Entei|Toxic|p2a: I'm stoned\n|-status|p2a: I'm stoned|tox\n|\n|-heal|p1a: Entei|99\/100|[from] item: Leftovers\n|-damage|p2a: I'm stoned|94\/100 tox|[from] psn\n|upkeep\n|turn|3\n|\n|t:|1611089172\n|switch|p1a: Milotic|Milotic, F, shiny|100\/100\n|detailschange|p2a: I'm stoned|Aerodactyl-Mega, F\n|-mega|p2a: I'm stoned|Aerodactyl|Aerodactylite\n|move|p2a: I'm stoned|Hone Claws|p2a: I'm stoned\n|-boost|p2a: I'm stoned|atk|1\n|-boost|p2a: I'm stoned|accuracy|1\n|\n|-damage|p2a: I'm stoned|82\/100 tox|[from] psn\n|-status|p1a: Milotic|brn|[from] item: Flame Orb\n|upkeep\n|turn|4\n|j| Levay\n|c|\u2606MagMortyy|oh god\n|\n|t:|1611089348\n|switch|p2a: Creamy boi|Alcremie, F|100\/100\n|move|p1a: Milotic|Scald|p2a: Creamy boi\n|-damage|p2a: Creamy boi|85\/100\n|\n|-heal|p2a: Creamy boi|91\/100|[from] item: Leftovers\n|-damage|p1a: Milotic|94\/100 brn|[from] brn\n|upkeep\n|turn|5\n|c| EGALombres|creamy boi but is female\n|c|\u2606MagMortyy|yes\n|\n|t:|1611089401\n|move|p1a: Milotic|Flip Turn|p2a: Creamy boi\n|-damage|p2a: Creamy boi|82\/100\n|j| Bananacrazy111\n|\n|t:|1611089413\n|switch|p1a: Entei|Entei, shiny|99\/100|[from]move: Flip Turn\n|move|p2a: Creamy boi|Aromatherapy|p2a: Creamy boi\n|-activate|p2a: Creamy boi|move: Aromatherapy\n|-curestatus|p2: I'm stoned|tox|[msg]\n|\n|-heal|p1a: Entei|100\/100|[from] item: Leftovers\n|-heal|p2a: Creamy boi|88\/100|[from] item: Leftovers\n|upkeep\n|turn|6\n|\n|t:|1611089443\n|switch|p2a: Slowbro|Slowbro-Galar, F|100\/100\n|move|p1a: Entei|Fire Blast|p2a: Slowbro\n|-damage|p2a: Slowbro|62\/100\n|\n|-heal|p2a: Slowbro|68\/100|[from] item: Black Sludge\n|upkeep\n|turn|7\n|\n|t:|1611089480\n|switch|p1a: Milotic|Milotic, F, shiny|94\/100 brn\n|move|p2a: Slowbro|Calm Mind|p2a: Slowbro\n|-boost|p2a: Slowbro|spa|1\n|-boost|p2a: Slowbro|spd|1\n|\n|-heal|p2a: Slowbro|74\/100|[from] item: Black Sludge\n|-damage|p1a: Milotic|88\/100 brn|[from] brn\n|upkeep\n|turn|8\n|\n|t:|1611089566\n|move|p2a: Slowbro|Calm Mind|p2a: Slowbro\n|-boost|p2a: Slowbro|spa|1\n|-boost|p2a: Slowbro|spd|1\n|move|p1a: Milotic|Dragon Tail|p2a: Slowbro\n|-damage|p2a: Slowbro|71\/100\n|drag|p2a: Pink boi|Silvally-Fairy|100\/100\n|\n|-damage|p1a: Milotic|82\/100 brn|[from] brn\n|upkeep\n|turn|9\n|j| okaP\n|\n|t:|1611089639\n|move|p2a: Pink boi|Parting Shot|p1a: Milotic\n|-unboost|p1a: Milotic|atk|1\n|-unboost|p1a: Milotic|spa|1\n|\n|t:|1611089662\n|switch|p2a: Slowbro|Slowbro-Galar, F|100\/100|[from]move: Parting Shot\n|move|p1a: Milotic|Flip Turn|p2a: Slowbro\n|-damage|p2a: Slowbro|98\/100\n|l| okaP\n|\n|t:|1611089672\n|switch|p1a: Urshifu|Urshifu, M, shiny|100\/100|[from]move: Flip Turn\n|\n|-heal|p2a: Slowbro|100\/100|[from] item: Black Sludge\n|upkeep\n|turn|10\n|\n|t:|1611089701\n|switch|p2a: Pink boi|Silvally-Fairy|100\/100\n|move|p1a: Urshifu|Wicked Blow|p2a: Pink boi\n|-resisted|p2a: Pink boi\n|-crit|p2a: Pink boi\n|-damage|p2a: Pink boi|79\/100\n|\n|upkeep\n|turn|11\n|j| okaP\n|j| EGADarmanitans\n|\n|t:|1611089719\n|switch|p1a: Entei|Entei, shiny|100\/100\n|move|p2a: Pink boi|Parting Shot|p1a: Entei\n|-unboost|p1a: Entei|atk|1\n|-unboost|p1a: Entei|spa|1\n|\n|t:|1611089741\n|switch|p2a: Jasmin Tea|Polteageist|100\/100|[from]move: Parting Shot\n|\n|upkeep\n|turn|12\n|j| tylerb16\n|\n|t:|1611089764\n|move|p2a: Jasmin Tea|Shell Smash|p2a: Jasmin Tea\n|-unboost|p2a: Jasmin Tea|def|1\n|-unboost|p2a: Jasmin Tea|spd|1\n|-boost|p2a: Jasmin Tea|atk|2\n|-boost|p2a: Jasmin Tea|spa|2\n|-boost|p2a: Jasmin Tea|spe|2\n|-enditem|p2a: Jasmin Tea|White Herb\n|-clearnegativeboost|p2a: Jasmin Tea|[silent]\n|move|p1a: Entei|Toxic|p2a: Jasmin Tea\n|-status|p2a: Jasmin Tea|tox\n|\n|-damage|p2a: Jasmin Tea|94\/100 tox|[from] psn\n|upkeep\n|turn|13\n|\n|t:|1611089823\n|move|p2a: Jasmin Tea|Stored Power|p1a: Entei\n|-damage|p1a: Entei|0 fnt\n|faint|p1a: Entei\n|\n|-damage|p2a: Jasmin Tea|82\/100 tox|[from] psn\n|upkeep\n|c| Bananacrazy111|:O\n|c|\u2606MagMortyy|you died zuko\n|\n|t:|1611089850\n|switch|p1a: Urshifu|Urshifu, M, shiny|100\/100\n|turn|14\n|l| TeamDaniel\n|\n|t:|1611089956\n|move|p1a: Urshifu|Wicked Blow|p2a: Jasmin Tea\n|-supereffective|p2a: Jasmin Tea\n|-crit|p2a: Jasmin Tea\n|-damage|p2a: Jasmin Tea|0 fnt\n|-start|p1a: Urshifu|Disable|Wicked Blow|[from] ability: Cursed Body|[of] p2a: Jasmin Tea\n|faint|p2a: Jasmin Tea\n|\n|upkeep\n|c| okaP|:wheelchair:\n|c|\u2606MagMortyy|lol\n|c| tylerb16|get blown\n|c| Bananacrazy111|yo that was kinda wicked\n|\n|t:|1611090006\n|switch|p2a: I'm stoned|Aerodactyl-Mega, F|82\/100\n|turn|15\n|\n|t:|1611090015\n|switch|p1a: Ferrothorn|Ferrothorn, F|100\/100\n|move|p2a: I'm stoned|Hone Claws|p2a: I'm stoned\n|-boost|p2a: I'm stoned|atk|1\n|-boost|p2a: I'm stoned|accuracy|1\n|\n|upkeep\n|turn|16\n|c| EGADarmanitans|should've struggled if real\n|l| Jespurr's Psychos\n|c|\u2606MagMortyy|im ded ohno\n|\n|t:|1611090128\n|move|p2a: I'm stoned|Dual Wingbeat|p1a: Ferrothorn\n|-damage|p1a: Ferrothorn|75\/100\n|-damage|p2a: I'm stoned|70\/100|[from] ability: Iron Barbs|[of] p1a: Ferrothorn\n|-damage|p1a: Ferrothorn|47\/100\n|-damage|p2a: I'm stoned|57\/100|[from] ability: Iron Barbs|[of] p1a: Ferrothorn\n|-hitcount|p1a: Ferrothorn|2\n|move|p1a: Ferrothorn|Gyro Ball|p2a: I'm stoned\n|-supereffective|p2a: I'm stoned\n|-damage|p2a: I'm stoned|0 fnt\n|faint|p2a: I'm stoned\n|\n|upkeep\n|c| EGASpheals|kidney safe\n|\n|t:|1611090219\n|switch|p2a: Creamy boi|Alcremie, F|88\/100\n|turn|17\n|\n|t:|1611090226\n|switch|p1a: Milotic|Milotic, F, shiny|82\/100 brn\n|move|p2a: Creamy boi|Mystical Fire|p1a: Milotic\n|-resisted|p1a: Milotic\n|-damage|p1a: Milotic|75\/100 brn\n|-unboost|p1a: Milotic|spa|1\n|\n|-heal|p2a: Creamy boi|94\/100|[from] item: Leftovers\n|-damage|p1a: Milotic|69\/100 brn|[from] brn\n|upkeep\n|turn|18\n|\n|t:|1611090295\n|switch|p2a: Slowbro|Slowbro-Galar, F|100\/100\n|move|p1a: Milotic|Flip Turn|p2a: Slowbro\n|-damage|p2a: Slowbro|96\/100\n|\n|t:|1611090313\n|switch|p1a: Urshifu|Urshifu, M, shiny|100\/100|[from]move: Flip Turn\n|\n|-heal|p2a: Slowbro|100\/100|[from] item: Black Sludge\n|upkeep\n|turn|19\n|\n|t:|1611090380\n|switch|p2a: Pink boi|Silvally-Fairy|79\/100\n|move|p1a: Urshifu|Poison Jab|p2a: Pink boi\n|-supereffective|p2a: Pink boi\n|-damage|p2a: Pink boi|45\/100\n|\n|upkeep\n|turn|20\n|c| tylerb16|jabbed\n|\n|t:|1611090393\n|switch|p1a: Altaria|Altaria, M, shiny|100\/100\n|move|p2a: Pink boi|Multi-Attack|p1a: Altaria\n|-supereffective|p1a: Altaria\n|-damage|p1a: Altaria|19\/100\n|\n|upkeep\n|turn|21\n|c| Bananacrazy111|:o\n|c| EGADarmanitans|two players throwing for content\n|c| EGALombres|dan's rude\n|c| EGALombres|and hurtful\n|j| TeamDaniel\n|\n|t:|1611090488\n|switch|p1a: Milotic|Milotic, F, shiny|69\/100 brn\n|move|p2a: Pink boi|Multi-Attack|p1a: Milotic\n|-damage|p1a: Milotic|48\/100 brn\n|\n|-damage|p1a: Milotic|42\/100 brn|[from] brn\n|upkeep\n|turn|22\n|\n|t:|1611090514\n|move|p2a: Pink boi|Parting Shot|p1a: Milotic\n|-unboost|p1a: Milotic|atk|1\n|-unboost|p1a: Milotic|spa|1\n|\n|t:|1611090526\n|switch|p2a: Slowbro|Slowbro-Galar, F|100\/100|[from]move: Parting Shot\n|move|p1a: Milotic|Recover|p1a: Milotic\n|-heal|p1a: Milotic|92\/100 brn\n|\n|-damage|p1a: Milotic|86\/100 brn|[from] brn\n|upkeep\n|turn|23\n|\n|t:|1611090541\n|move|p2a: Slowbro|Calm Mind|p2a: Slowbro\n|-boost|p2a: Slowbro|spa|1\n|-boost|p2a: Slowbro|spd|1\n|move|p1a: Milotic|Dragon Tail|p2a: Slowbro\n|-damage|p2a: Slowbro|98\/100\n|drag|p2a: Creamy boi|Alcremie, F|94\/100\n|\n|-heal|p2a: Creamy boi|99\/100|[from] item: Leftovers\n|-damage|p1a: Milotic|79\/100 brn|[from] brn\n|upkeep\n|turn|24\n|c|\u2606MagMortyy|that thing is really annoying lol\n|c| EGADarmanitans|especially when you don't bring your kartana\n|c| tylerb16|kinda toxic\n|\n|t:|1611090620\n|move|p1a: Milotic|Flip Turn|p2a: Creamy boi\n|-damage|p2a: Creamy boi|94\/100\n|c| EGADarmanitans|TM06 babyyyy\n|\n|t:|1611090626\n|switch|p1a: Tornadus|Tornadus-Therian, M|100\/100|[from]move: Flip Turn\n|move|p2a: Creamy boi|Dazzling Gleam|p1a: Tornadus\n|-damage|p1a: Tornadus|65\/100\n|\n|-heal|p1a: Tornadus|71\/100|[from] item: Leftovers\n|-heal|p2a: Creamy boi|99\/100|[from] item: Leftovers\n|upkeep\n|turn|25\n|c| Bananacrazy111|any gleamers in the chat?\n|c| tylerb16|me\n|c| EGADarmanitans|me\n|c|\u2606MagMortyy|wait are you physical or special\n|c| EGALombres|neither\n|c| EGADarmanitans|he's not gonna fucking answer that mid game is he??\n|c| Bananacrazy111|both\n|c| EGALombres|mono status\n|c| TeamDaniel|pivot\n|c| Bananacrazy111|it's zoroark\n|c|\u2606TehranTyphlosions|av mono status \n|c| tylerb16|taunt tailwind u-turn toxic\n|c|\u2606MagMortyy|hmm\n|c| TeamDaniel|specs u turn\n|c| EGALombres|struggle do be strong\n|c| EGADarmanitans|choice band icy wind\n|c| tylerb16|it do\n|c| EGASpheals|his only attack is gust\n|c| Bananacrazy111|BIG DAMAGE\n|c| TeamDaniel|scarf agility\n|\n|t:|1611090742\n|switch|p2a: Slowbro|Slowbro-Galar, F|100\/100\n|move|p1a: Tornadus|Hurricane|p2a: Slowbro|[miss]\n|-miss|p1a: Tornadus|p2a: Slowbro\n|\n|-heal|p1a: Tornadus|77\/100|[from] item: Leftovers\n|upkeep\n|turn|26\n|c|\u2606MagMortyy|nvm\n|c|\u2606MagMortyy|fuck\n|c| Bananacrazy111|cb hurricane\n|c|\u2606MagMortyy|that was lucky\n|\n|t:|1611090801\n|switch|p2a: Creamy boi|Alcremie, F|99\/100\n|move|p1a: Tornadus|Hurricane|p2a: Creamy boi|[miss]\n|-miss|p1a: Tornadus|p2a: Creamy boi\n|\n|-heal|p1a: Tornadus|83\/100|[from] item: Leftovers\n|-heal|p2a: Creamy boi|100\/100|[from] item: Leftovers\n|upkeep\n|turn|27\n|c|\u2606MagMortyy|LOL\n|\n|t:|1611090814\n|move|p1a: Tornadus|Hurricane|p2a: Creamy boi\n|-damage|p2a: Creamy boi|70\/100\n|-start|p2a: Creamy boi|confusion\n|-activate|p2a: Creamy boi|confusion\n|move|p2a: Creamy boi|Mystical Fire|p1a: Tornadus\n|-damage|p1a: Tornadus|63\/100\n|-unboost|p1a: Tornadus|spa|1\n|\n|-heal|p1a: Tornadus|69\/100|[from] item: Leftovers\n|-heal|p2a: Creamy boi|76\/100|[from] item: Leftovers\n|upkeep\n|turn|28\n|c| EGADarmanitans|the agency provides in the worst ways\n|\n|t:|1611090828\n|move|p1a: Tornadus|U-turn|p2a: Creamy boi\n|-resisted|p2a: Creamy boi\n|-damage|p2a: Creamy boi|67\/100\n|\n|t:|1611090830\n|switch|p1a: Milotic|Milotic, F, shiny|79\/100 brn|[from]move: U-turn\n|-activate|p2a: Creamy boi|confusion\n|-damage|p2a: Creamy boi|61\/100|[from] confusion\n|\n|-heal|p2a: Creamy boi|67\/100|[from] item: Leftovers\n|-damage|p1a: Milotic|73\/100 brn|[from] brn\n|upkeep\n|turn|29\n|j| Jespurr's Psychos\n|c| Jespurr's Psychos|GO MAGMORTY\n|\n|t:|1611090857\n|move|p1a: Milotic|Scald|p2a: Creamy boi\n|-damage|p2a: Creamy boi|52\/100\n|-status|p2a: Creamy boi|brn\n|-end|p2a: Creamy boi|confusion\n|move|p2a: Creamy boi|Recover|p2a: Creamy boi\n|-heal|p2a: Creamy boi|100\/100 brn\n|\n|-damage|p1a: Milotic|67\/100 brn|[from] brn\n|-damage|p2a: Creamy boi|94\/100 brn|[from] brn\n|upkeep\n|turn|30\n|\n|t:|1611090869\n|move|p1a: Milotic|Flip Turn|p2a: Creamy boi\n|-damage|p2a: Creamy boi|86\/100 brn\n|\n|t:|1611090873\n|switch|p1a: Tornadus|Tornadus-Therian, M|100\/100|[from]move: Flip Turn\n|move|p2a: Creamy boi|Mystical Fire|p1a: Tornadus\n|-damage|p1a: Tornadus|78\/100\n|-unboost|p1a: Tornadus|spa|1\n|\n|-heal|p1a: Tornadus|84\/100|[from] item: Leftovers\n|-heal|p2a: Creamy boi|92\/100 brn|[from] item: Leftovers\n|-damage|p2a: Creamy boi|86\/100 brn|[from] brn\n|upkeep\n|turn|31\n|c| Jespurr's Psychos|Niet je concentratie verliezen\n|c| EGADarmanitans|I agree \n|c|\u2606MagMortyy|lol\n|c| EGASpheals|he's pp stalling hurricane\n|c| Bananacrazy111|YO SAAME\n|c| EGASpheals|bright powder\n|\n|t:|1611090898\n|move|p1a: Tornadus|U-turn|p2a: Creamy boi\n|-resisted|p2a: Creamy boi\n|-damage|p2a: Creamy boi|78\/100 brn\n|\n|t:|1611090899\n|switch|p1a: Milotic|Milotic, F, shiny|67\/100 brn|[from]move: U-turn\n|move|p2a: Creamy boi|Mystical Fire|p1a: Milotic\n|-resisted|p1a: Milotic\n|-damage|p1a: Milotic|61\/100 brn\n|-unboost|p1a: Milotic|spa|1\n|\n|-heal|p2a: Creamy boi|84\/100 brn|[from] item: Leftovers\n|-damage|p1a: Milotic|55\/100 brn|[from] brn\n|-damage|p2a: Creamy boi|78\/100 brn|[from] brn\n|upkeep\n|turn|32\n|c|\u2606MagMortyy|i think he is pp stalling mystical fire\n|c|\u2606TehranTyphlosions|pp lol\n|c| Bananacrazy111|:cram:\n|c| TeamDaniel|for the inevitable sd ferro sweep\n|c| EGALombres|sean banger\n|c| EGASpheals|:wheelchair:\n|c|\u2606MagMortyy|:catJam:\n|\n|t:|1611090958\n|move|p1a: Milotic|Recover|p1a: Milotic\n|-heal|p1a: Milotic|100\/100 brn\n|move|p2a: Creamy boi|Mystical Fire|p1a: Milotic\n|-resisted|p1a: Milotic\n|-damage|p1a: Milotic|94\/100 brn\n|-unboost|p1a: Milotic|spa|1\n|\n|-heal|p2a: Creamy boi|84\/100 brn|[from] item: Leftovers\n|-damage|p1a: Milotic|88\/100 brn|[from] brn\n|-damage|p2a: Creamy boi|78\/100 brn|[from] brn\n|upkeep\n|turn|33\n|\n|t:|1611090972\n|move|p1a: Milotic|Flip Turn|p2a: Creamy boi\n|-damage|p2a: Creamy boi|69\/100 brn\n|\n|t:|1611090974\n|switch|p1a: Tornadus|Tornadus-Therian, M|100\/100|[from]move: Flip Turn\n|move|p2a: Creamy boi|Dazzling Gleam|p1a: Tornadus\n|-damage|p1a: Tornadus|66\/100\n|\n|-heal|p1a: Tornadus|72\/100|[from] item: Leftovers\n|-heal|p2a: Creamy boi|75\/100 brn|[from] item: Leftovers\n|-damage|p2a: Creamy boi|69\/100 brn|[from] brn\n|upkeep\n|turn|34\n|\n|t:|1611090984\n|move|p1a: Tornadus|Hurricane|p2a: Creamy boi|[miss]\n|-miss|p1a: Tornadus|p2a: Creamy boi\n|move|p2a: Creamy boi|Mystical Fire|p1a: Tornadus\n|-damage|p1a: Tornadus|50\/100\n|-unboost|p1a: Tornadus|spa|1\n|\n|-heal|p1a: Tornadus|56\/100|[from] item: Leftovers\n|-heal|p2a: Creamy boi|75\/100 brn|[from] item: Leftovers\n|-damage|p2a: Creamy boi|69\/100 brn|[from] brn\n|upkeep\n|turn|35\n|c|\u2606MagMortyy|you unlucky\n|c|\u2606MagMortyy|sorry\n|\n|t:|1611090994\n|move|p1a: Tornadus|U-turn|p2a: Creamy boi\n|-resisted|p2a: Creamy boi\n|-damage|p2a: Creamy boi|58\/100 brn\n|c|\u2606TehranTyphlosions|its chill\n|\n|t:|1611090998\n|switch|p1a: Milotic|Milotic, F, shiny|88\/100 brn|[from]move: U-turn\n|move|p2a: Creamy boi|Recover|p2a: Creamy boi\n|-heal|p2a: Creamy boi|100\/100 brn\n|\n|-damage|p1a: Milotic|82\/100 brn|[from] brn\n|-damage|p2a: Creamy boi|94\/100 brn|[from] brn\n|upkeep\n|turn|36\n|c|\u2606MagMortyy|what are you doing?\n|\n|t:|1611091038\n|move|p1a: Milotic|Scald|p2a: Creamy boi\n|-damage|p2a: Creamy boi|78\/100 brn\n|move|p2a: Creamy boi|Dazzling Gleam|p1a: Milotic\n|-damage|p1a: Milotic|62\/100 brn\n|\n|-heal|p2a: Creamy boi|84\/100 brn|[from] item: Leftovers\n|-damage|p1a: Milotic|56\/100 brn|[from] brn\n|-damage|p2a: Creamy boi|78\/100 brn|[from] brn\n|upkeep\n|turn|37\n|\n|t:|1611091051\n|move|p1a: Milotic|Recover|p1a: Milotic\n|-heal|p1a: Milotic|100\/100 brn\n|move|p2a: Creamy boi|Mystical Fire|p1a: Milotic\n|-resisted|p1a: Milotic\n|-damage|p1a: Milotic|94\/100 brn\n|-unboost|p1a: Milotic|spa|1\n|\n|-heal|p2a: Creamy boi|84\/100 brn|[from] item: Leftovers\n|-damage|p1a: Milotic|87\/100 brn|[from] brn\n|-damage|p2a: Creamy boi|78\/100 brn|[from] brn\n|upkeep\n|turn|38\n|c| Jespurr's Psychos|Dit heeft geen zin\n|c| Jespurr's Psychos|Hij kan gwn herstellen\n|c| EGASpheals|sean is stacking his scald burns\n|c| EGADrifblims|stop ghosting\n|c| Jespurr's Psychos|Sorry\n|c|\u2606MagMortyy|lol gwn nederlandse namen \n|c|\u2606MagMortyy|wat moet ik nu doen eee\n|c| Bananacrazy111|same\n|c| TeamDaniel|stop eens :)\n|c| EGADrifblims|i know moet\n|c| EGASpheals|ja\n|c| Jespurr's Psychos|Wait what\n|c| EGADarmanitans|stop talking play game\n|\n|t:|1611091141\n|move|p1a: Milotic|Flip Turn|p2a: Creamy boi\n|-damage|p2a: Creamy boi|69\/100 brn\n|\n|t:|1611091144\n|switch|p1a: Tornadus|Tornadus-Therian, M|89\/100|[from]move: Flip Turn\n|move|p2a: Creamy boi|Dazzling Gleam|p1a: Tornadus\n|-damage|p1a: Tornadus|55\/100\n|\n|-heal|p1a: Tornadus|61\/100|[from] item: Leftovers\n|-heal|p2a: Creamy boi|75\/100 brn|[from] item: Leftovers\n|-damage|p2a: Creamy boi|69\/100 brn|[from] brn\n|upkeep\n|turn|39\n|c| EGASpheals|oui\n|\n|t:|1611091201\n|move|p1a: Tornadus|Hurricane|p2a: Creamy boi\n|-damage|p2a: Creamy boi|41\/100 brn\n|move|p2a: Creamy boi|Mystical Fire|p1a: Tornadus\n|-damage|p1a: Tornadus|42\/100\n|-unboost|p1a: Tornadus|spa|1\n|\n|-heal|p1a: Tornadus|48\/100|[from] item: Leftovers\n|-heal|p2a: Creamy boi|47\/100 brn|[from] item: Leftovers\n|-damage|p2a: Creamy boi|41\/100 brn|[from] brn\n|upkeep\n|turn|40\n|\n|t:|1611091213\n|move|p1a: Tornadus|U-turn|p2a: Creamy boi\n|-resisted|p2a: Creamy boi\n|-damage|p2a: Creamy boi|31\/100 brn\n|\n|t:|1611091215\n|switch|p1a: Milotic|Milotic, F, shiny|87\/100 brn|[from]move: U-turn\n|move|p2a: Creamy boi|Recover|p2a: Creamy boi\n|-heal|p2a: Creamy boi|81\/100 brn\n|\n|-heal|p2a: Creamy boi|87\/100 brn|[from] item: Leftovers\n|-damage|p1a: Milotic|81\/100 brn|[from] brn\n|-damage|p2a: Creamy boi|81\/100 brn|[from] brn\n|upkeep\n|turn|41\n|c| Bananacrazy111|:catJam:\n|c| TeamDaniel|:catJam:\n|l| Jespurr's Psychos\n|\n|t:|1611091272\n|move|p1a: Milotic|Scald|p2a: Creamy boi\n|-damage|p2a: Creamy boi|66\/100 brn\n|move|p2a: Creamy boi|Dazzling Gleam|p1a: Milotic\n|-damage|p1a: Milotic|60\/100 brn\n|\n|-heal|p2a: Creamy boi|72\/100 brn|[from] item: Leftovers\n|-damage|p1a: Milotic|54\/100 brn|[from] brn\n|-damage|p2a: Creamy boi|66\/100 brn|[from] brn\n|upkeep\n|turn|42\n|\n|t:|1611091281\n|move|p1a: Milotic|Scald|p2a: Creamy boi\n|-damage|p2a: Creamy boi|50\/100 brn\n|move|p2a: Creamy boi|Mystical Fire|p1a: Milotic\n|-resisted|p1a: Milotic\n|-damage|p1a: Milotic|47\/100 brn\n|-unboost|p1a: Milotic|spa|1\n|\n|-heal|p2a: Creamy boi|56\/100 brn|[from] item: Leftovers\n|-damage|p1a: Milotic|41\/100 brn|[from] brn\n|-damage|p2a: Creamy boi|50\/100 brn|[from] brn\n|upkeep\n|turn|43\n|\n|t:|1611091300\n|move|p1a: Milotic|Recover|p1a: Milotic\n|-heal|p1a: Milotic|91\/100 brn\n|move|p2a: Creamy boi|Recover|p2a: Creamy boi\n|-heal|p2a: Creamy boi|99\/100 brn\n|\n|-heal|p2a: Creamy boi|100\/100 brn|[from] item: Leftovers\n|-damage|p1a: Milotic|85\/100 brn|[from] brn\n|-damage|p2a: Creamy boi|94\/100 brn|[from] brn\n|upkeep\n|turn|44\n|c| EGASpheals|:catJam:\n|\n|t:|1611091323\n|move|p1a: Milotic|Flip Turn|p2a: Creamy boi\n|-damage|p2a: Creamy boi|85\/100 brn\n|j| Jespurr's Psychos\n|\n|t:|1611091325\n|switch|p1a: Tornadus|Tornadus-Therian, M|81\/100|[from]move: Flip Turn\n|move|p2a: Creamy boi|Dazzling Gleam|p1a: Tornadus\n|-damage|p1a: Tornadus|49\/100\n|\n|-heal|p1a: Tornadus|55\/100|[from] item: Leftovers\n|-heal|p2a: Creamy boi|91\/100 brn|[from] item: Leftovers\n|-damage|p2a: Creamy boi|85\/100 brn|[from] brn\n|upkeep\n|turn|45\n|\n|t:|1611091336\n|move|p1a: Tornadus|U-turn|p2a: Creamy boi\n|-resisted|p2a: Creamy boi\n|-damage|p2a: Creamy boi|76\/100 brn\n|\n|t:|1611091337\n|switch|p1a: Milotic|Milotic, F, shiny|85\/100 brn|[from]move: U-turn\n|move|p2a: Creamy boi|Mystical Fire|p1a: Milotic\n|-resisted|p1a: Milotic\n|-damage|p1a: Milotic|78\/100 brn\n|-unboost|p1a: Milotic|spa|1\n|\n|-heal|p2a: Creamy boi|82\/100 brn|[from] item: Leftovers\n|-damage|p1a: Milotic|72\/100 brn|[from] brn\n|-damage|p2a: Creamy boi|76\/100 brn|[from] brn\n|upkeep\n|turn|46\n|\n|t:|1611091349\n|move|p1a: Milotic|Flip Turn|p2a: Creamy boi\n|-damage|p2a: Creamy boi|68\/100 brn\n|\n|t:|1611091350\n|switch|p1a: Tornadus|Tornadus-Therian, M|88\/100|[from]move: Flip Turn\n|move|p2a: Creamy boi|Dazzling Gleam|p1a: Tornadus\n|-damage|p1a: Tornadus|53\/100\n|\n|-heal|p1a: Tornadus|59\/100|[from] item: Leftovers\n|-heal|p2a: Creamy boi|74\/100 brn|[from] item: Leftovers\n|-damage|p2a: Creamy boi|68\/100 brn|[from] brn\n|upkeep\n|turn|47\n|l| okaP\n|\n|t:|1611091362\n|move|p1a: Tornadus|U-turn|p2a: Creamy boi\n|-resisted|p2a: Creamy boi\n|-damage|p2a: Creamy boi|59\/100 brn\n|j| EGA Hydreigons\n|\n|t:|1611091365\n|switch|p1a: Milotic|Milotic, F, shiny|72\/100 brn|[from]move: U-turn\n|move|p2a: Creamy boi|Dazzling Gleam|p1a: Milotic\n|-damage|p1a: Milotic|50\/100 brn\n|\n|-heal|p2a: Creamy boi|65\/100 brn|[from] item: Leftovers\n|-damage|p1a: Milotic|44\/100 brn|[from] brn\n|-damage|p2a: Creamy boi|59\/100 brn|[from] brn\n|upkeep\n|turn|48\n|c| EGASpheals|pp stall is fun -  this post was made by a kyurem user\n|c| EGADarmanitans|haha\n|c| EGADarmanitans|pp\n|c| TeamDaniel|pp\n|c| EGASpheals|banger\n|c| Bananacrazy111|:OMEGALUL:\n|\n|t:|1611091407\n|switch|p2a: Victoryni|Victini|100\/100\n|move|p1a: Milotic|Recover|p1a: Milotic\n|-heal|p1a: Milotic|94\/100 brn\n|\n|-damage|p1a: Milotic|88\/100 brn|[from] brn\n|upkeep\n|turn|49\n|\n|t:|1611091420\n|move|p2a: Victoryni|Fusion Bolt|p1a: Milotic\n|-supereffective|p1a: Milotic\n|-damage|p1a: Milotic|56\/100 brn\n|move|p1a: Milotic|Flip Turn|p2a: Victoryni\n|-supereffective|p2a: Victoryni\n|-damage|p2a: Victoryni|87\/100\n|l| Jespurr's Psychos\n|\n|t:|1611091437\n|switch|p1a: Urshifu|Urshifu, M, shiny|100\/100|[from]move: Flip Turn\n|\n|upkeep\n|turn|50\n|\n|t:|1611091470\n|switch|p2a: Pink boi|Silvally-Fairy|45\/100\n|move|p1a: Urshifu|Wicked Blow|p2a: Pink boi\n|-resisted|p2a: Pink boi\n|-crit|p2a: Pink boi\n|-damage|p2a: Pink boi|25\/100\n|\n|upkeep\n|turn|51\n|\n|t:|1611091484\n|switch|p1a: Ferrothorn|Ferrothorn, F|47\/100\n|move|p2a: Pink boi|Parting Shot|p1a: Ferrothorn\n|-unboost|p1a: Ferrothorn|atk|1\n|-unboost|p1a: Ferrothorn|spa|1\n|c| Bananacrazy111|:madden:\n|c| Bananacrazy111|:madden::\n|c| Bananacrazy111|:madden:\n|c| Bananacrazy111|:madden:\n|\n|t:|1611091557\n|switch|p2a: Victoryni|Victini|87\/100|[from]move: Parting Shot\n|\n|upkeep\n|turn|52\n|j| Jespurr's Psychos\n|c| EGASpheals|i too love boris yeltsin in my pokemon games \n|c| Bananacrazy111|no\n|c| EGALombres|:snek:\n|c| Bananacrazy111|:gladsnek:\n|c| Bananacrazy111|:gladsnake:\n|c| Bananacrazy111|:snake:\n|c| EGALombres|:BLUEFROG:\n|\n|t:|1611091621\n|switch|p1a: Milotic|Milotic, F, shiny|56\/100 brn\n|move|p2a: Victoryni|V-create|p1a: Milotic\n|-resisted|p1a: Milotic\n|-damage|p1a: Milotic|33\/100 brn\n|-unboost|p2a: Victoryni|spe|1\n|-unboost|p2a: Victoryni|def|1\n|-unboost|p2a: Victoryni|spd|1\n|\n|-damage|p1a: Milotic|27\/100 brn|[from] brn\n|upkeep\n|turn|53\n|c| EGADarmanitans|:snake:\n|c| Bananacrazy111|:worrysnake:\n|c| EGASpheals|wincon spotted\n|c|\u2606MagMortyy|jesper\n|c|\u2606MagMortyy|kan je discord?\n|c| EGADarmanitans|:ghost:\n|c| TeamDaniel|kan ook niet\n|c|\u2606TehranTyphlosions|add me to it\n|c| TeamDaniel|:)\n|c| Bananacrazy111|add me too\n|c| EGALombres|no calling on discord that is ghosting lol\n|c| tylerb16|i want in as well\n|c| EGADarmanitans|add me to your discord I'll ghost you\n|c|\u2606MagMortyy|V-create 28.4 - 33.5%\n|c|\u2606MagMortyy|oh oops\n|c| EGADarmanitans|NICE\n|c| Bananacrazy111|lmfao\n|c| TeamDaniel|:pauseChamp:\n|c| EGASpheals|he's in range\n|c| EGALombres|bro did u just like\n|c| tylerb16|lil chip\n|c| EGALombres|expose yourself\n|c| Bananacrazy111|:jammies:\n|c| EGADarmanitans|you actually just exposed yourself for ghosting\n|c|\u2606MagMortyy|but how did it do 23\n|c| EGALombres|idk \n|c| EGADarmanitans|Because your victini is dogshit\n|c|\u2606MagMortyy|oh marvel scale\n|c| EGADarmanitans|GOOD JOB MORTY\n|c| EGADarmanitans|WOOOO\n|j| stumbles23\n|c| EGADrifblims|5head\n|c| EGASpheals|:catJam:\n|c|\u2606MagMortyy|now i exposed my victini\n|c| EGADarmanitans|SEAN ALREADY SAW DAMAGE\n|l| EGA Hydreigons\n|c| EGADarmanitans|HE COULD HAVE CALCED IT HIMSELF\n|j| ThaWizzard\n|j| EGA Hydreigons\n|\n|t:|1611091825\n|switch|p2a: Creamy boi|Alcremie, F|59\/100 brn\n|move|p1a: Milotic|Recover|p1a: Milotic\n|-heal|p1a: Milotic|77\/100 brn\n|\n|-heal|p2a: Creamy boi|65\/100 brn|[from] item: Leftovers\n|-damage|p1a: Milotic|71\/100 brn|[from] brn\n|-damage|p2a: Creamy boi|59\/100 brn|[from] brn\n|upkeep\n|turn|54\n|c| ThaWizzard|Nederlandse ghosting :eyes:\n|\n|t:|1611091870\n|move|p1a: Milotic|Flip Turn|p2a: Creamy boi\n|-damage|p2a: Creamy boi|49\/100 brn\n|\n|t:|1611091873\n|switch|p1a: Tornadus|Tornadus-Therian, M|93\/100|[from]move: Flip Turn\n|move|p2a: Creamy boi|Mystical Fire|p1a: Tornadus\n|-damage|p1a: Tornadus|70\/100\n|-unboost|p1a: Tornadus|spa|1\n|\n|-heal|p1a: Tornadus|76\/100|[from] item: Leftovers\n|-heal|p2a: Creamy boi|55\/100 brn|[from] item: Leftovers\n|-damage|p2a: Creamy boi|49\/100 brn|[from] brn\n|upkeep\n|turn|55\n|c| EGALombres|ye idk what the fuck is happening wich\n|c| TeamDaniel|hoe was je dag ThaWizzard?\n|\n|t:|1611091885\n|move|p1a: Tornadus|U-turn|p2a: Creamy boi\n|-resisted|p2a: Creamy boi\n|-damage|p2a: Creamy boi|40\/100 brn\n|\n|t:|1611091888\n|switch|p1a: Milotic|Milotic, F, shiny|71\/100 brn|[from]move: U-turn\n|move|p2a: Creamy boi|Recover|p2a: Creamy boi\n|-heal|p2a: Creamy boi|90\/100 brn\n|\n|-heal|p2a: Creamy boi|96\/100 brn|[from] item: Leftovers\n|-damage|p1a: Milotic|65\/100 brn|[from] brn\n|-damage|p2a: Creamy boi|90\/100 brn|[from] brn\n|upkeep\n|turn|56\n|\n|t:|1611091901\n|move|p1a: Milotic|Scald|p2a: Creamy boi\n|-damage|p2a: Creamy boi|75\/100 brn\n|move|p2a: Creamy boi|Dazzling Gleam|p1a: Milotic\n|-damage|p1a: Milotic|43\/100 brn\n|\n|-heal|p2a: Creamy boi|81\/100 brn|[from] item: Leftovers\n|-damage|p1a: Milotic|37\/100 brn|[from] brn\n|-damage|p2a: Creamy boi|75\/100 brn|[from] brn\n|upkeep\n|turn|57\n|c| ThaWizzard|tja, ik heb het tot nu toe nog overleefd TeamDaniel\n|\n|t:|1611091915\n|move|p1a: Milotic|Recover|p1a: Milotic\n|-heal|p1a: Milotic|87\/100 brn\n|move|p2a: Creamy boi|Dazzling Gleam|p1a: Milotic\n|-crit|p1a: Milotic\n|-damage|p1a: Milotic|58\/100 brn\n|\n|-heal|p2a: Creamy boi|81\/100 brn|[from] item: Leftovers\n|-damage|p1a: Milotic|51\/100 brn|[from] brn\n|-damage|p2a: Creamy boi|75\/100 brn|[from] brn\n|upkeep\n|turn|58\n|c| EGASpheals|Ik ben een enorme aardappel\n|c| Bananacrazy111|YO SAME\n|c|\u2606MagMortyy|lol\n|c| EGADrifblims|eee\n|c| Bananacrazy111|eee\n|c| EGADarmanitans|eee\n|c| tylerb16|eee\n|c| ThaWizzard|eee\n|c|\u2606MagMortyy|E\n|c| TeamDaniel|eee\n|c| EGALombres|eee\n|c| Levay|Ee\n|c| tylerb16|do i speak dutch now\n|c|\u2606MagMortyy|ea\n|c| tylerb16|eee\n|c| EGASpheals|Wil je mijn zoontje bekijken?\n|l| Jespurr's Psychos\n|c| Bananacrazy111|j\n|c|\u2606MagMortyy|you have a son?\n|c| Bananacrazy111|lmfao\n|c| EGADarmanitans|nooo dude the ghoster left\n|c| Bananacrazy111|baby spheal\n|c| ThaWizzard|dat is een zeer um, bijzondere verwoording\n|l| EGA Hydreigons\n|\n|t:|1611091995\n|move|p1a: Milotic|Recover|p1a: Milotic\n|-heal|p1a: Milotic|100\/100 brn\n|move|p2a: Creamy boi|Dazzling Gleam|p1a: Milotic\n|-damage|p1a: Milotic|80\/100 brn\n|\n|-heal|p2a: Creamy boi|81\/100 brn|[from] item: Leftovers\n|-damage|p1a: Milotic|74\/100 brn|[from] brn\n|-damage|p2a: Creamy boi|75\/100 brn|[from] brn\n|upkeep\n|turn|59\n|c| Levay|Yo what is this 52 minute battle?\n|\n|t:|1611092007\n|move|p1a: Milotic|Scald|p2a: Creamy boi\n|-damage|p2a: Creamy boi|59\/100 brn\n|move|p2a: Creamy boi|Mystical Fire|p1a: Milotic\n|-resisted|p1a: Milotic\n|-damage|p1a: Milotic|68\/100 brn\n|-unboost|p1a: Milotic|spa|1\n|\n|-heal|p2a: Creamy boi|65\/100 brn|[from] item: Leftovers\n|-damage|p1a: Milotic|62\/100 brn|[from] brn\n|-damage|p2a: Creamy boi|59\/100 brn|[from] brn\n|upkeep\n|turn|60\n|c| EGALombres|no fucking clue\n|c| TeamDaniel|de kat krabt de krullen van de trap\n|\n|t:|1611092018\n|move|p1a: Milotic|Scald|p2a: Creamy boi\n|-damage|p2a: Creamy boi|48\/100 brn\n|move|p2a: Creamy boi|Recover|p2a: Creamy boi\n|-heal|p2a: Creamy boi|98\/100 brn\n|\n|-heal|p2a: Creamy boi|100\/100 brn|[from] item: Leftovers\n|-damage|p1a: Milotic|55\/100 brn|[from] brn\n|-damage|p2a: Creamy boi|94\/100 brn|[from] brn\n|upkeep\n|turn|61\n|c| Bananacrazy111|dutch do b a trap\n|\n|t:|1611092034\n|move|p1a: Milotic|Scald|p2a: Creamy boi\n|-damage|p2a: Creamy boi|83\/100 brn\n|move|p2a: Creamy boi|Aromatherapy|p2a: Creamy boi\n|-activate|p2a: Creamy boi|move: Aromatherapy\n|-curestatus|p2a: Creamy boi|brn|[msg]\n|\n|-heal|p2a: Creamy boi|89\/100|[from] item: Leftovers\n|-damage|p1a: Milotic|49\/100 brn|[from] brn\n|upkeep\n|turn|62\n|c| ThaWizzard|het is een nacht, die je normaal alleen in een film ziet\n|\n|t:|1611092045\n|move|p1a: Milotic|Recover|p1a: Milotic\n|-heal|p1a: Milotic|99\/100 brn\n|move|p2a: Creamy boi|Dazzling Gleam|p1a: Milotic\n|-damage|p1a: Milotic|77\/100 brn\n|\n|-heal|p2a: Creamy boi|95\/100|[from] item: Leftovers\n|-damage|p1a: Milotic|71\/100 brn|[from] brn\n|upkeep\n|turn|63\n|c| ThaWizzard|het is een nacht, die wordt bezongen in het mooiste lied\n|c| EGADrifblims|een am i right\n|\n|t:|1611092067\n|move|p1a: Milotic|Flip Turn|p2a: Creamy boi\n|-damage|p2a: Creamy boi|86\/100\n|c| Bananacrazy111|eee\n|\n|t:|1611092069\n|switch|p1a: Tornadus|Tornadus-Therian, M|100\/100|[from]move: Flip Turn\n|move|p2a: Creamy boi|Dazzling Gleam|p1a: Tornadus\n|-damage|p1a: Tornadus|65\/100\n|\n|-heal|p1a: Tornadus|71\/100|[from] item: Leftovers\n|-heal|p2a: Creamy boi|92\/100|[from] item: Leftovers\n|upkeep\n|turn|64\n|c| EGALombres|no ur wrong\n|c| Levay|I am honestly scared of this battle \n|c| EGASpheals|Er zitten veel konijnen in mijn broek.\n|c| ThaWizzard|het is een nacht, waarvan ik dacht dat ik hem  nooit beleven zal\n|c| EGALombres|as a native dutch\n|\n|t:|1611092080\n|move|p1a: Tornadus|Hurricane|p2a: Creamy boi\n|-damage|p2a: Creamy boi|62\/100\n|-start|p2a: Creamy boi|confusion\n|-activate|p2a: Creamy boi|confusion\n|move|p2a: Creamy boi|Mystical Fire|p1a: Tornadus\n|-damage|p1a: Tornadus|51\/100\n|-unboost|p1a: Tornadus|spa|1\n|\n|-heal|p1a: Tornadus|57\/100|[from] item: Leftovers\n|-heal|p2a: Creamy boi|68\/100|[from] item: Leftovers\n|upkeep\n|turn|65\n|c| EGALombres|human\n|c| TeamDaniel|mens\n|c| EGADrifblims|im an eener \n|\n|t:|1611092092\n|move|p1a: Tornadus|U-turn|p2a: Creamy boi\n|-resisted|p2a: Creamy boi\n|-damage|p2a: Creamy boi|58\/100\n|\n|t:|1611092093\n|switch|p1a: Milotic|Milotic, F, shiny|71\/100 brn|[from]move: U-turn\n|-activate|p2a: Creamy boi|confusion\n|move|p2a: Creamy boi|Recover|p2a: Creamy boi\n|-heal|p2a: Creamy boi|100\/100\n|\n|-damage|p1a: Milotic|64\/100 brn|[from] brn\n|upkeep\n|turn|66\n|c| EGADarmanitans|this battle radiates an energy that I can't describe\n|c|\u2606TehranTyphlosions|pain?\n|c| Bananacrazy111|Lack of energy?\n|j| JoeyToast\n|\n|t:|1611092108\n|move|p1a: Milotic|Scald|p2a: Creamy boi\n|-damage|p2a: Creamy boi|85\/100\n|-activate|p2a: Creamy boi|confusion\n|-damage|p2a: Creamy boi|79\/100|[from] confusion\n|\n|-heal|p2a: Creamy boi|85\/100|[from] item: Leftovers\n|-damage|p1a: Milotic|58\/100 brn|[from] brn\n|upkeep\n|turn|67\n|c| TeamDaniel|dutch people?\n|c| Bananacrazy111|emptiness?\n|\n|t:|1611092118\n|move|p1a: Milotic|Scald|p2a: Creamy boi\n|-damage|p2a: Creamy boi|68\/100\n|-status|p2a: Creamy boi|brn\n|-activate|p2a: Creamy boi|confusion\n|move|p2a: Creamy boi|Dazzling Gleam|p1a: Milotic\n|-damage|p1a: Milotic|38\/100 brn\n|\n|-heal|p2a: Creamy boi|74\/100 brn|[from] item: Leftovers\n|-damage|p1a: Milotic|31\/100 brn|[from] brn\n|-damage|p2a: Creamy boi|68\/100 brn|[from] brn\n|upkeep\n|turn|68\n|c| EGALombres|dutch people are built different\n|c| ThaWizzard|kolonisatie?\n|c| EGALombres|idk why they are all so cool\n|c| EGADarmanitans|yes the states of energy. Kinetic, Electric, Thermal, and Dutch\n|c| TeamDaniel|gekoloniseerd!\n|c| EGALombres|every dutch person i've met is epic\n|c| Levay|^^^\n|\n|t:|1611092151\n|move|p1a: Milotic|Recover|p1a: Milotic\n|-heal|p1a: Milotic|82\/100 brn\n|-end|p2a: Creamy boi|confusion\n|move|p2a: Creamy boi|Dazzling Gleam|p1a: Milotic\n|-damage|p1a: Milotic|60\/100 brn\n|\n|-heal|p2a: Creamy boi|74\/100 brn|[from] item: Leftovers\n|-damage|p1a: Milotic|54\/100 brn|[from] brn\n|-damage|p2a: Creamy boi|68\/100 brn|[from] brn\n|upkeep\n|turn|69\n|\n|t:|1611092160\n|move|p1a: Milotic|Scald|p2a: Creamy boi\n|-damage|p2a: Creamy boi|51\/100 brn\n|move|p2a: Creamy boi|Dazzling Gleam|p1a: Milotic\n|-damage|p1a: Milotic|34\/100 brn\n|\n|-heal|p2a: Creamy boi|57\/100 brn|[from] item: Leftovers\n|-damage|p1a: Milotic|28\/100 brn|[from] brn\n|-damage|p2a: Creamy boi|51\/100 brn|[from] brn\n|upkeep\n|turn|70\n|\n|t:|1611092174\n|switch|p2a: Victoryni|Victini|87\/100\n|move|p1a: Milotic|Recover|p1a: Milotic\n|-heal|p1a: Milotic|78\/100 brn\n|\n|-damage|p1a: Milotic|72\/100 brn|[from] brn\n|upkeep\n|turn|71\n|\n|t:|1611092184\n|move|p2a: Victoryni|Fusion Bolt|p1a: Milotic\n|-supereffective|p1a: Milotic\n|-damage|p1a: Milotic|39\/100 brn\n|move|p1a: Milotic|Recover|p1a: Milotic\n|-heal|p1a: Milotic|89\/100 brn\n|\n|-damage|p1a: Milotic|83\/100 brn|[from] brn\n|upkeep\n|turn|72\n|c| ThaWizzard|the switchup\n|c| tylerb16|lil chip\n|c|\u2606MagMortyy|i can't do anything\n|c| EGADarmanitans|you can click x\n|c| EGALombres|sean been mocking me too long, he's adopted my stall ways\n|c| Bananacrazy111|toxic\n|c| tylerb16|toxic smh\n|\n|t:|1611092211\n|switch|p2a: Slowbro|Slowbro-Galar, F|100\/100\n|move|p1a: Milotic|Flip Turn|p2a: Slowbro\n|-damage|p2a: Slowbro|96\/100\n|c| ThaWizzard|you are just not believing hard enough\n|c| Levay|Not being a choice specs victini makes me disappointed  \n|\n|t:|1611092230\n|switch|p1a: Urshifu|Urshifu, M, shiny|100\/100|[from]move: Flip Turn\n|\n|-heal|p2a: Slowbro|100\/100|[from] item: Black Sludge\n|upkeep\n|turn|73\n|\n|t:|1611092287\n|move|p1a: Urshifu|Wicked Blow|p2a: Slowbro\n|-supereffective|p2a: Slowbro\n|-crit|p2a: Slowbro\n|-damage|p2a: Slowbro|23\/100\n|move|p2a: Slowbro|Scald|p1a: Urshifu\n|-damage|p1a: Urshifu|72\/100\n|\n|-heal|p2a: Slowbro|29\/100|[from] item: Black Sludge\n|upkeep\n|turn|74\n|c| ThaWizzard|eat\n|c|\u2606MagMortyy|nooo\n|c| ThaWizzard|maar geen counter :pensive:\n|c| EGADarmanitans|imagine saying you can't do anything to a milotic after not bringing your kartana\n|c|\u2606MagMortyy|my only chance\n|j| A Bunny in 3d\n|c| JoeyToast|damn\n|\n|t:|1611092320\n|switch|p2a: Pink boi|Silvally-Fairy|25\/100\n|move|p1a: Urshifu|Wicked Blow|p2a: Pink boi\n|-resisted|p2a: Pink boi\n|-crit|p2a: Pink boi\n|-damage|p2a: Pink boi|3\/100\n|\n|upkeep\n|turn|75\n|\n|t:|1611092330\n|move|p1a: Urshifu|Wicked Blow|p2a: Pink boi\n|-resisted|p2a: Pink boi\n|-crit|p2a: Pink boi\n|-damage|p2a: Pink boi|0 fnt\n|faint|p2a: Pink boi\n|\n|upkeep\n|c| Levay|That crit mattered \n|c| Bananacrazy111|oml hax\n|\n|t:|1611092358\n|switch|p2a: Creamy boi|Alcremie, F|51\/100 brn\n|turn|76\n|c|\u2606MagMortyy|NOOOOOOO\n|\n|t:|1611092373\n|switch|p1a: Altaria|Altaria, M, shiny|19\/100\n|move|p2a: Creamy boi|Recover|p2a: Creamy boi\n|-heal|p2a: Creamy boi|100\/100 brn\n|\n|-damage|p2a: Creamy boi|94\/100 brn|[from] brn\n|upkeep\n|turn|77\n|c|\u2606MagMortyy|nvm\n|c|\u2606MagMortyy|lol\n|\n|t:|1611092390\n|move|p1a: Altaria|Roost|p1a: Altaria\n|-heal|p1a: Altaria|69\/100\n|-singleturn|p1a: Altaria|move: Roost\n|move|p2a: Creamy boi|Mystical Fire|p1a: Altaria\n|-resisted|p1a: Altaria\n|-damage|p1a: Altaria|63\/100\n|-unboost|p1a: Altaria|spa|1\n|\n|-heal|p2a: Creamy boi|100\/100 brn|[from] item: Leftovers\n|-damage|p2a: Creamy boi|94\/100 brn|[from] brn\n|upkeep\n|turn|78\n|c| EGALombres|lol\n|c| Bananacrazy111|uhhh\n|c| Bananacrazy111|nice mega\n|c| A Bunny in 3d|do quick draw and quick claw stack?\n|\n|t:|1611092423\n|switch|p2a: Slowbro|Slowbro-Galar, F|62\/100\n|move|p1a: Altaria|Roost|p1a: Altaria\n|-heal|p1a: Altaria|100\/100\n|-singleturn|p1a: Altaria|move: Roost\n|\n|-heal|p2a: Slowbro|68\/100|[from] item: Black Sludge\n|upkeep\n|turn|79\n|c| EGADarmanitans|A Bunny in 3d yes\n|c| Bananacrazy111|oh wait nvm\n|c| A Bunny in 3d|slowbro sweeps\n|c| A Bunny in 3d|ez\n|c| EGALombres|44% proc chance a bunny\n|\n|t:|1611092444\n|move|p1a: Altaria|Earthquake|p2a: Slowbro\n|-supereffective|p2a: Slowbro\n|-damage|p2a: Slowbro|45\/100\n|move|p2a: Slowbro|Calm Mind|p2a: Slowbro\n|-boost|p2a: Slowbro|spa|1\n|-boost|p2a: Slowbro|spd|1\n|\n|-heal|p2a: Slowbro|51\/100|[from] item: Black Sludge\n|upkeep\n|turn|80\n|c| EGALombres|but it's regen \n|c| A Bunny in 3d|oh\n|\n|t:|1611092453\n|detailschange|p1a: Altaria|Altaria-Mega, M, shiny\n|-mega|p1a: Altaria|Altaria|Altarianite\n|move|p1a: Altaria|Earthquake|p2a: Slowbro\n|-supereffective|p2a: Slowbro\n|-damage|p2a: Slowbro|20\/100\n|move|p2a: Slowbro|Slack Off|p2a: Slowbro\n|-heal|p2a: Slowbro|70\/100\n|\n|-heal|p2a: Slowbro|77\/100|[from] item: Black Sludge\n|upkeep\n|turn|81\n|\n|t:|1611092499\n|switch|p1a: Ferrothorn|Ferrothorn, F|47\/100\n|move|p2a: Slowbro|Slack Off|p2a: Slowbro\n|-heal|p2a: Slowbro|100\/100\n|\n|upkeep\n|turn|82\n|c| Bananacrazy111|no he's as one with both abilties \n|\n|t:|1611092540\n|switch|p2a: Victoryni|Victini|87\/100\n|move|p1a: Ferrothorn|Stealth Rock|p2a: Victoryni\n|-sidestart|p2: MagMortyy|move: Stealth Rock\n|\n|upkeep\n|turn|83\n|\n|t:|1611092570\n|switch|p1a: Milotic|Milotic, F, shiny|83\/100 brn\n|move|p2a: Victoryni|Fusion Bolt|p1a: Milotic\n|-supereffective|p1a: Milotic\n|-damage|p1a: Milotic|51\/100 brn\n|\n|-damage|p1a: Milotic|44\/100 brn|[from] brn\n|upkeep\n|turn|84\n|c| EGADarmanitans|lil chip\n|c|\u2606MagMortyy|gg i can't do anything vs that milotic\n|\n|t:|1611092610\n|switch|p1a: Altaria|Altaria-Mega, M, shiny|100\/100\n|move|p2a: Victoryni|Fusion Bolt|p1a: Altaria\n|-resisted|p1a: Altaria\n|-damage|p1a: Altaria|87\/100\n|\n|upkeep\n|turn|85\n|c| EGADarmanitans|bring your kart next time\n|c| Bananacrazy111|toxic dan\n|\n|t:|1611092631\n|switch|p2a: Slowbro|Slowbro-Galar, F|100\/100\n|-damage|p2a: Slowbro|88\/100|[from] Stealth Rock\n|move|p1a: Altaria|Earthquake|p2a: Slowbro\n|-supereffective|p2a: Slowbro\n|-damage|p2a: Slowbro|55\/100\n|\n|-heal|p2a: Slowbro|62\/100|[from] item: Black Sludge\n|upkeep\n|turn|86\n|\n|t:|1611092640\n|switch|p1a: Ferrothorn|Ferrothorn, F|47\/100\n|move|p2a: Slowbro|Slack Off|p2a: Slowbro\n|-heal|p2a: Slowbro|100\/100\n|\n|upkeep\n|turn|87\n|\n|t:|1611092656\n|switch|p2a: Victoryni|Victini|87\/100\n|-damage|p2a: Victoryni|62\/100|[from] Stealth Rock\n|move|p1a: Ferrothorn|Leech Seed|p2a: Victoryni|[miss]\n|-miss|p1a: Ferrothorn|p2a: Victoryni\n|\n|upkeep\n|turn|88\n|c| EGADarmanitans|nice\n|c| EGADarmanitans|let's go morty\n|\n|t:|1611092669\n|switch|p1a: Altaria|Altaria-Mega, M, shiny|87\/100\n|move|p2a: Victoryni|V-create|p1a: Altaria\n|-resisted|p1a: Altaria\n|-damage|p1a: Altaria|46\/100\n|-unboost|p2a: Victoryni|spe|1\n|-unboost|p2a: Victoryni|def|1\n|-unboost|p2a: Victoryni|spd|1\n|\n|upkeep\n|turn|89\n|c| EGADarmanitans|agency provides\n|\n|t:|1611092712\n|move|p2a: Victoryni|V-create|p1a: Altaria\n|-resisted|p1a: Altaria\n|-damage|p1a: Altaria|6\/100\n|-unboost|p2a: Victoryni|spe|1\n|-unboost|p2a: Victoryni|def|1\n|-unboost|p2a: Victoryni|spd|1\n|move|p1a: Altaria|Roost|p1a: Altaria\n|-heal|p1a: Altaria|56\/100\n|-singleturn|p1a: Altaria|move: Roost\n|\n|upkeep\n|turn|90\n|c| Bananacrazy111|lucky\n|c| Bananacrazy111|ass\n|c| Bananacrazy111|kid\n|c| EGALombres|no crits smh\n|c| EGALombres|hax\n|c| Bananacrazy111|is kec playing this game??\n|\n|t:|1611092733\n|switch|p2a: Creamy boi|Alcremie, F|94\/100 brn\n|-damage|p2a: Creamy boi|82\/100 brn|[from] Stealth Rock\n|move|p1a: Altaria|Roost|p1a: Altaria\n|-heal|p1a: Altaria|100\/100\n|-singleturn|p1a: Altaria|move: Roost\n|\n|-heal|p2a: Creamy boi|88\/100 brn|[from] item: Leftovers\n|-damage|p2a: Creamy boi|82\/100 brn|[from] brn\n|upkeep\n|turn|91\n|\n|t:|1611092756\n|move|p1a: Altaria|Double-Edge|p2a: Creamy boi\n|-damage|p2a: Creamy boi|12\/100 brn\n|-damage|p1a: Altaria|78\/100|[from] Recoil\n|move|p2a: Creamy boi|Aromatherapy|p2a: Creamy boi\n|-activate|p2a: Creamy boi|move: Aromatherapy\n|-curestatus|p2a: Creamy boi|brn|[msg]\n|\n|-heal|p2a: Creamy boi|18\/100|[from] item: Leftovers\n|upkeep\n|turn|92\n|c|\u2606MagMortyy|oops\n|\n|t:|1611092772\n|move|p1a: Altaria|Earthquake|p2a: Creamy boi\n|-damage|p2a: Creamy boi|0 fnt\n|faint|p2a: Creamy boi\n|\n|upkeep\n|\n|t:|1611092779\n|switch|p2a: Slowbro|Slowbro-Galar, F|100\/100\n|-damage|p2a: Slowbro|88\/100|[from] Stealth Rock\n|turn|93\n|\n|t:|1611092788\n|switch|p1a: Ferrothorn|Ferrothorn, F|47\/100\n|move|p2a: Slowbro|Shell Side Arm|p1a: Ferrothorn\n|-immune|p1a: Ferrothorn\n|\n|-heal|p2a: Slowbro|94\/100|[from] item: Black Sludge\n|upkeep\n|turn|94\n|\n|t:|1611092796\n|move|p2a: Slowbro|Calm Mind|p2a: Slowbro\n|-boost|p2a: Slowbro|spa|1\n|-boost|p2a: Slowbro|spd|1\n|move|p1a: Ferrothorn|Leech Seed|p2a: Slowbro\n|-start|p2a: Slowbro|move: Leech Seed\n|\n|-heal|p2a: Slowbro|99\/100|[from] item: Black Sludge\n|-damage|p2a: Slowbro|88\/100|[from] Leech Seed|[of] p1a: Ferrothorn\n|-heal|p1a: Ferrothorn|60\/100|[silent]\n|upkeep\n|turn|95\n|c| EGADarmanitans|read like front page news\n|l| A Bunny in 3d\n|\n|t:|1611092816\n|switch|p2a: Victoryni|Victini|62\/100\n|-damage|p2a: Victoryni|37\/100|[from] Stealth Rock\n|move|p1a: Ferrothorn|Gyro Ball|p2a: Victoryni\n|-resisted|p2a: Victoryni\n|-damage|p2a: Victoryni|11\/100\n|\n|upkeep\n|turn|96\n|c| EGALombres|wow that was actually somewhat original dan\n|c| EGALombres|nice try\n|\n|t:|1611092833\n|move|p2a: Victoryni|V-create|p1a: Ferrothorn\n|-supereffective|p1a: Ferrothorn\n|-damage|p1a: Ferrothorn|0 fnt\n|-unboost|p2a: Victoryni|spe|1\n|-unboost|p2a: Victoryni|def|1\n|-unboost|p2a: Victoryni|spd|1\n|-damage|p2a: Victoryni|0 fnt|[from] ability: Iron Barbs|[of] p1a: Ferrothorn\n|faint|p1a: Ferrothorn\n|faint|p2a: Victoryni\n|\n|upkeep\n|c|\u2606TehranTyphlosions|gg\n|\n|t:|1611092842\n|switch|p2a: Slowbro|Slowbro-Galar, F|100\/100\n|switch|p1a: Urshifu|Urshifu, M, shiny|72\/100\n|-damage|p2a: Slowbro|88\/100|[from] Stealth Rock\n|turn|97\n|c| EGALombres|get kinda wicked on him\n|c| ThaWizzard|if real he goes into milotic now\n|\n|t:|1611092858\n|move|p1a: Urshifu|Wicked Blow|p2a: Slowbro\n|-supereffective|p2a: Slowbro\n|-crit|p2a: Slowbro\n|-damage|p2a: Slowbro|10\/100\n|move|p2a: Slowbro|Shell Side Arm|p1a: Urshifu\n|-damage|p1a: Urshifu|25\/100\n|-hint|Special Shell Side Arm\n|\n|-heal|p2a: Slowbro|16\/100|[from] item: Black Sludge\n|upkeep\n|turn|98\n|c| Bananacrazy111|crit mattered\n|c|\u2606MagMortyy|gg\n|\n|t:|1611092871\n|move|p1a: Urshifu|Wicked Blow|p2a: Slowbro\n|-supereffective|p2a: Slowbro\n|-crit|p2a: Slowbro\n|-damage|p2a: Slowbro|0 fnt\n|faint|p2a: Slowbro\n|\n|win|TehranTyphlosions\n|l| PorygonTheBot\n|l|\u2606TehranTyphlosions\n|l| TeamDaniel\n|l|\u2606MagMortyy\n|c| JoeyToast|finally\n|l| tylerb16\n|l| EGADarmanitans\n|l| JoeyToast\n|l| ThaWizzard\n|l| EGADrifblims\n|c| Bananacrazy111|^\n","uploadtime":1611092872,"views":21,"p1id":"tehrantyphlosions","p2id":"magmortyy","formatid":"gen8nationaldexdlclegacy","rating":0,"private":0,"password":null}