{"id":"sports-gen8nationaldexdlclegacy-42520","p1":"ElectaCrow","p2":"Walletinspector62","format":"gen8nationaldexdlclegacy","log":"|j|\u2606ElectaCrow\n|j|\u2606Walletinspector62\n|player|p1|ElectaCrow|266|\n|player|p2|Walletinspector62|102|\n|teamsize|p1|6\n|teamsize|p2|6\n|gametype|singles\n|gen|8\n|tier|[Gen 8] National Dex DLC Legacy\n|rule|Sleep Clause Mod: Limit one foe put to sleep\n|rule|Species Clause: Limit one of each Pok\u00e9mon\n|rule|OHKO Clause: OHKO moves are banned\n|rule|Evasion Moves Clause: Evasion moves are banned\n|rule|Endless Battle Clause: Forcing endless battles is banned\n|rule|HP Percentage Mod: HP is shown in percentages\n|clearpoke\n|poke|p1|Morpeko, M|\n|poke|p1|Hawlucha, M|\n|poke|p1|Tapu Lele|\n|poke|p1|Pineco, F|\n|poke|p1|Talonflame, F|\n|poke|p1|Dragapult, F|\n|poke|p2|Torkoal, F|\n|poke|p2|Victini|\n|poke|p2|Golisopod, M|\n|poke|p2|Zapdos|\n|poke|p2|Houndoom, M|\n|poke|p2|Venusaur, F|\n|rule|Dynamax Clause: You cannot dynamax\n|teampreview\n|c|\u2606ElectaCrow|Glhf\n|c|\u2606Walletinspector62|Glhf\n|c|\u2606ElectaCrow|Thank god you weren\u2019t a nerd \n|\n|start\n|switch|p1a: Dragapult|Dragapult, F|100\/100\n|switch|p2a: Houndoom|Houndoom, M|100\/100\n|turn|1\n|\n|switch|p2a: Zapdos|Zapdos|100\/100\n|move|p1a: Dragapult|Substitute|p1a: Dragapult\n|-start|p1a: Dragapult|Substitute\n|-damage|p1a: Dragapult|76\/100\n|\n|-heal|p1a: Dragapult|82\/100|[from] item: Leftovers\n|upkeep\n|turn|2\n|\n|move|p1a: Dragapult|Draco Meteor|p2a: Zapdos\n|-damage|p2a: Zapdos|55\/100\n|-unboost|p1a: Dragapult|spa|2\n|move|p2a: Zapdos|Discharge|p1a: Dragapult\n|-resisted|p1a: Dragapult\n|-activate|p1a: Dragapult|move: Substitute|[damage]\n|\n|-heal|p1a: Dragapult|88\/100|[from] item: Leftovers\n|upkeep\n|turn|3\n|\n|switch|p1a: Tapu Lele|Tapu Lele|100\/100\n|-fieldstart|move: Psychic Terrain|[from] ability: Psychic Surge|[of] p1a: Tapu Lele\n|move|p2a: Zapdos|Discharge|p1a: Tapu Lele\n|-damage|p1a: Tapu Lele|66\/100\n|\n|-heal|p1a: Tapu Lele|72\/100|[from] item: Leftovers\n|upkeep\n|turn|4\n|\n|switch|p2a: Golisopod|Golisopod, M|100\/100\n|move|p1a: Tapu Lele|Moonblast|p2a: Golisopod\n|-damage|p2a: Golisopod|67\/100\n|\n|-heal|p1a: Tapu Lele|78\/100|[from] item: Leftovers\n|upkeep\n|turn|5\n|\n|switch|p1a: Talonflame|Talonflame, F|100\/100\n|move|p2a: Golisopod|Liquidation|p1a: Talonflame\n|-supereffective|p1a: Talonflame\n|-damage|p1a: Talonflame|0 fnt\n|faint|p1a: Talonflame\n|\n|upkeep\n|c|\u2606ElectaCrow|You know I forgot terrain blocked priority \n|\n|switch|p1a: Morpeko|Morpeko, M|100\/100\n|turn|6\n|\n|switch|p2a: Torkoal|Torkoal, F|100\/100\n|-weather|SunnyDay|[from] ability: Drought|[of] p2a: Torkoal\n|move|p1a: Morpeko|Aura Wheel|p2a: Torkoal\n|-damage|p2a: Torkoal|66\/100\n|-boost|p1a: Morpeko|spe|1\n|-damage|p1a: Morpeko|91\/100|[from] item: Life Orb\n|\n|-weather|SunnyDay|[upkeep]\n|-formechange|p1a: Morpeko|Morpeko-Hangry||[from] ability: Hunger Switch\n|upkeep\n|turn|7\n|\n|move|p1a: Morpeko|Aura Wheel|p2a: Torkoal\n|-damage|p2a: Torkoal|33\/100\n|-boost|p1a: Morpeko|spe|1\n|-damage|p1a: Morpeko|81\/100|[from] item: Life Orb\n|move|p2a: Torkoal|Lava Plume|p1a: Morpeko\n|-damage|p1a: Morpeko|12\/100\n|\n|-weather|SunnyDay|[upkeep]\n|-fieldend|move: Psychic Terrain\n|-formechange|p1a: Morpeko|Morpeko||[from] ability: Hunger Switch\n|upkeep\n|turn|8\n|\n|move|p1a: Morpeko|Aura Wheel|p2a: Torkoal\n|-damage|p2a: Torkoal|0 fnt\n|-boost|p1a: Morpeko|spe|1\n|-damage|p1a: Morpeko|2\/100|[from] item: Life Orb\n|faint|p2a: Torkoal\n|\n|-weather|SunnyDay|[upkeep]\n|-formechange|p1a: Morpeko|Morpeko-Hangry||[from] ability: Hunger Switch\n|upkeep\n|\n|switch|p2a: Victini|Victini|100\/100\n|turn|9\n|\n|move|p1a: Morpeko|Protect|p1a: Morpeko\n|-singleturn|p1a: Morpeko|Protect\n|move|p2a: Victini|U-turn|p1a: Morpeko\n|-activate|p1a: Morpeko|move: Protect\n|\n|-weather|SunnyDay|[upkeep]\n|-formechange|p1a: Morpeko|Morpeko||[from] ability: Hunger Switch\n|upkeep\n|turn|10\n|\n|move|p1a: Morpeko|Aura Wheel|p2a: Victini\n|-damage|p2a: Victini|41\/100\n|-boost|p1a: Morpeko|spe|1\n|-damage|p1a: Morpeko|0 fnt|[from] item: Life Orb\n|faint|p1a: Morpeko\n|move|p2a: Victini|U-turn|p1: Morpeko|[notarget]\n|-fail|p2a: Victini\n|\n|-weather|SunnyDay|[upkeep]\n|upkeep\n|\n|switch|p1a: Hawlucha|Hawlucha, M|100\/100\n|turn|11\n|\n|switch|p2a: Zapdos|Zapdos|55\/100\n|move|p1a: Hawlucha|Swords Dance|p1a: Hawlucha\n|-boost|p1a: Hawlucha|atk|2\n|\n|-weather|SunnyDay|[upkeep]\n|upkeep\n|turn|12\n|\n|move|p1a: Hawlucha|Stone Edge|p2a: Zapdos\n|-supereffective|p2a: Zapdos\n|-damage|p2a: Zapdos|0 fnt\n|faint|p2a: Zapdos\n|\n|-weather|SunnyDay|[upkeep]\n|upkeep\n|\n|switch|p2a: Victini|Victini|41\/100\n|turn|13\n|\n|move|p2a: Victini|V-create|p1a: Hawlucha\n|-damage|p1a: Hawlucha|0 fnt\n|-unboost|p2a: Victini|spe|1\n|-unboost|p2a: Victini|def|1\n|-unboost|p2a: Victini|spd|1\n|faint|p1a: Hawlucha\n|\n|-weather|none\n|upkeep\n|c|\u2606ElectaCrow|Oops\n|\n|switch|p1a: Pineco|Pineco, F|100\/100\n|turn|14\n|\n|move|p2a: Victini|V-create|p1a: Pineco\n|-supereffective|p1a: Pineco\n|-ability|p1a: Pineco|Sturdy\n|-damage|p1a: Pineco|1\/100\n|-unboost|p2a: Victini|spe|1\n|-unboost|p2a: Victini|def|1\n|-unboost|p2a: Victini|spd|1\n|move|p1a: Pineco|Stealth Rock|p2a: Victini\n|-sidestart|p2: Walletinspector62|move: Stealth Rock\n|\n|upkeep\n|turn|15\n|-enditem|p1a: Pineco|Custap Berry|[eat]\n|-activate|p1a: Pineco|item: Custap Berry|[consumed]\n|\n|move|p1a: Pineco|Explosion|p2a: Victini\n|-damage|p2a: Victini|0 fnt\n|faint|p1a: Pineco\n|faint|p2a: Victini\n|\n|upkeep\n|\n|switch|p2a: Houndoom|Houndoom, M|100\/100\n|switch|p1a: Dragapult|Dragapult, F|88\/100\n|-damage|p2a: Houndoom|76\/100|[from] Stealth Rock\n|turn|16\n|\n|switch|p2a: Venusaur|Venusaur, F|100\/100\n|-damage|p2a: Venusaur|88\/100|[from] Stealth Rock\n|move|p1a: Dragapult|Draco Meteor|p2a: Venusaur\n|-damage|p2a: Venusaur|22\/100\n|-unboost|p1a: Dragapult|spa|2\n|\n|-heal|p1a: Dragapult|94\/100|[from] item: Leftovers\n|upkeep\n|turn|17\n|\n|move|p1a: Dragapult|Substitute|p1a: Dragapult\n|-start|p1a: Dragapult|Substitute\n|-damage|p1a: Dragapult|70\/100\n|move|p2a: Venusaur|Hidden Power|p1a: Dragapult\n|-supereffective|p1a: Dragapult\n|-end|p1a: Dragapult|Substitute\n|-damage|p2a: Venusaur|12\/100|[from] item: Life Orb\n|\n|-heal|p1a: Dragapult|76\/100|[from] item: Leftovers\n|upkeep\n|turn|18\n|\n|move|p1a: Dragapult|Hex|p2a: Venusaur\n|-damage|p2a: Venusaur|0 fnt\n|faint|p2a: Venusaur\n|\n|-heal|p1a: Dragapult|82\/100|[from] item: Leftovers\n|upkeep\n|\n|switch|p2a: Houndoom|Houndoom, M|76\/100\n|-damage|p2a: Houndoom|51\/100|[from] Stealth Rock\n|turn|19\n|\n|detailschange|p2a: Houndoom|Houndoom-Mega, M\n|-mega|p2a: Houndoom|Houndoom|Houndoominite\n|move|p1a: Dragapult|Thunder Wave|p2a: Houndoom\n|-status|p2a: Houndoom|par\n|cant|p2a: Houndoom|par\n|\n|-heal|p1a: Dragapult|88\/100|[from] item: Leftovers\n|upkeep\n|turn|20\n|\n|switch|p1a: Tapu Lele|Tapu Lele|78\/100\n|-fieldstart|move: Psychic Terrain|[from] ability: Psychic Surge|[of] p1a: Tapu Lele\n|move|p2a: Houndoom|Dark Pulse|p1a: Tapu Lele\n|-damage|p1a: Tapu Lele|30\/100\n|\n|-heal|p1a: Tapu Lele|36\/100|[from] item: Leftovers\n|upkeep\n|turn|21\n|\n|move|p1a: Tapu Lele|Calm Mind|p1a: Tapu Lele\n|-boost|p1a: Tapu Lele|spa|1\n|-boost|p1a: Tapu Lele|spd|1\n|cant|p2a: Houndoom|par\n|\n|-heal|p1a: Tapu Lele|42\/100|[from] item: Leftovers\n|upkeep\n|turn|22\n|\n|move|p1a: Tapu Lele|Moonblast|p2a: Houndoom\n|-damage|p2a: Houndoom|0 fnt\n|faint|p2a: Houndoom\n|\n|-heal|p1a: Tapu Lele|48\/100|[from] item: Leftovers\n|upkeep\n|c|\u2606ElectaCrow|Oof\n|\n|switch|p2a: Golisopod|Golisopod, M|67\/100\n|-damage|p2a: Golisopod|42\/100|[from] Stealth Rock\n|turn|23\n|\n|move|p1a: Tapu Lele|Psychic|p2a: Golisopod\n|-damage|p2a: Golisopod|0 fnt\n|faint|p2a: Golisopod\n|\n|win|ElectaCrow\n|c|\u2606Walletinspector62|Gg\n|c|\u2606ElectaCrow|Gg\n|l|\u2606Walletinspector62\n","uploadtime":1584641832,"views":17,"p1id":"electacrow","p2id":"walletinspector62","formatid":"gen8nationaldexdlclegacy","rating":0,"private":0,"password":null}