{"id":"sports-gen8nationaldexdlclegacy-386067","p1":"TehranTyphlosions","p2":"4G3NC Fish","format":"gen8nationaldexdlclegacy","log":"|j|\u2606TehranTyphlosions\n|j|\u26064G3NC Fish\n|t:|1618212374\n|player|p1|TehranTyphlosions|clair|\n|player|p2|4G3NC Fish|4g3ncfish.png|\n|teamsize|p1|6\n|teamsize|p2|6\n|gametype|singles\n|gen|8\n|tier|[Gen 8] National Dex DLC Legacy\n|rule|Sleep Clause Mod: Limit one foe put to sleep\n|rule|OHKO Clause: OHKO moves are banned\n|rule|Evasion Moves Clause: Evasion moves are banned\n|rule|Endless Battle Clause: Forcing endless battles is banned\n|rule|HP Percentage Mod: HP is shown in percentages\n|clearpoke\n|poke|p1|Victini|\n|poke|p1|Regirock|\n|poke|p1|Darmanitan-Galar, M|\n|poke|p1|Zygarde|\n|poke|p1|Celesteela|\n|poke|p1|Whimsicott, M|\n|poke|p2|Latios, M|\n|poke|p2|Scizor, F|\n|poke|p2|Porygon2|\n|poke|p2|Crobat, M|\n|poke|p2|Pangoro, F|\n|poke|p2|Piloswine, F|\n|rule|Dynamax Clause: You cannot dynamax\n|teampreview\n|html|<button name=\"send\" class=\"button\" value=\"\/timer ds\"><i class=\"fa fa-hourglass-start\"><\/i> DS Timer<\/button> <button name=\"send\" class=\"button\" value=\"\/timer smogon\"><i class=\"fa fa-hourglass-start\"><\/i> Smogon Timer<\/button>\n|c|\u2606TehranTyphlosions|gl gl\n|c|\u26064G3NC Fish|u2\n|j| PorygonTheBot\n|c| PorygonTheBot|This game looks fun!\n|j| EGADrifblims\n|c|\u26064G3NC Fish|oml\n|c|\u26064G3NC Fish|i forgot my nicknames\n|c|\u26064G3NC Fish|apart from 2 of them\n|j| EGALombres\n|\n|t:|1618212472\n|start\n|switch|p1a: Darmanitan|Darmanitan-Galar, M, shiny|100\/100\n|switch|p2a: Pangoro|Pangoro, F|100\/100\n|turn|1\n|c| EGADrifblims|darmanual daniel \n|\n|t:|1618212548\n|move|p2a: Pangoro|Bullet Punch|p1a: Darmanitan\n|-supereffective|p1a: Darmanitan\n|-damage|p1a: Darmanitan|21\/100\n|move|p1a: Darmanitan|Superpower|p2a: Pangoro\n|-supereffective|p2a: Pangoro\n|-damage|p2a: Pangoro|0 fnt\n|-unboost|p1a: Darmanitan|atk|1\n|-unboost|p1a: Darmanitan|def|1\n|faint|p2a: Pangoro\n|\n|upkeep\n|\n|t:|1618212565\n|switch|p2a: Long|Latios, M|100\/100\n|turn|2\n|\n|t:|1618212573\n|switch|p1a: Whimsicott|Whimsicott, M, shiny|100\/100\n|move|p2a: Long|Thunderbolt|p1a: Whimsicott\n|-resisted|p1a: Whimsicott\n|-damage|p1a: Whimsicott|83\/100\n|\n|upkeep\n|turn|3\n|\n|t:|1618212580\n|switch|p2a: Scizor|Scizor, F|100\/100\n|move|p1a: Whimsicott|U-turn|p2a: Scizor\n|-resisted|p2a: Scizor\n|-damage|p2a: Scizor|96\/100\n|-damage|p1a: Whimsicott|66\/100|[from] item: Rocky Helmet|[of] p2a: Scizor\n|\n|t:|1618212582\n|switch|p1a: Victini|Victini|100\/100|[from]move: U-turn\n|\n|upkeep\n|turn|4\n|\n|t:|1618212590\n|switch|p2a: Long|Latios, M|100\/100\n|move|p1a: Victini|U-turn|p2a: Long\n|-supereffective|p2a: Long\n|-damage|p2a: Long|32\/100\n|\n|t:|1618212643\n|switch|p1a: Whimsicott|Whimsicott, M, shiny|66\/100|[from]move: U-turn\n|\n|-heal|p2a: Long|38\/100|[from] item: Leftovers\n|upkeep\n|turn|5\n|\n|t:|1618212667\n|switch|p2a: Scizor|Scizor, F|96\/100\n|move|p1a: Whimsicott|Knock Off|p2a: Scizor\n|-damage|p2a: Scizor|82\/100\n|-damage|p1a: Whimsicott|50\/100|[from] item: Rocky Helmet|[of] p2a: Scizor\n|-enditem|p2a: Scizor|Rocky Helmet|[from] move: Knock Off|[of] p1a: Whimsicott\n|\n|upkeep\n|turn|6\n|\n|t:|1618212683\n|switch|p1a: Celesteela|Celesteela, shiny|100\/100\n|move|p2a: Scizor|U-turn|p1a: Celesteela\n|-resisted|p1a: Celesteela\n|-damage|p1a: Celesteela|93\/100\n|\n|t:|1618212684\n|switch|p2a: Fuck|Porygon2|100\/100|[from]move: U-turn\n|-ability|p2a: Fuck|Download|boost\n|-boost|p2a: Fuck|spa|1\n|\n|-heal|p1a: Celesteela|99\/100|[from] item: Leftovers\n|upkeep\n|turn|7\n|\n|t:|1618212693\n|switch|p1a: UN UN UN|Regirock, shiny|100\/100\n|move|p2a: Fuck|Substitute|p2a: Fuck\n|-start|p2a: Fuck|Substitute\n|-damage|p2a: Fuck|76\/100\n|\n|upkeep\n|turn|8\n|\n|t:|1618212700\n|move|p2a: Fuck|Charge Beam|p1a: UN UN UN\n|-damage|p1a: UN UN UN|86\/100\n|-boost|p2a: Fuck|spa|1\n|move|p1a: UN UN UN|Body Press|p2a: Fuck\n|-supereffective|p2a: Fuck\n|-end|p2a: Fuck|Substitute\n|\n|upkeep\n|turn|9\n|\n|t:|1618212715\n|switch|p2a: Long|Latios, M|38\/100\n|move|p1a: UN UN UN|Stealth Rock|p2a: Long\n|-sidestart|p2: 4G3NC Fish|move: Stealth Rock\n|\n|-heal|p2a: Long|45\/100|[from] item: Leftovers\n|upkeep\n|turn|10\n|\n|t:|1618212738\n|move|p2a: Long|Roost|p2a: Long\n|-heal|p2a: Long|95\/100\n|-singleturn|p2a: Long|move: Roost\n|move|p1a: UN UN UN|Stone Edge|p2a: Long\n|-damage|p2a: Long|46\/100\n|\n|-heal|p2a: Long|52\/100|[from] item: Leftovers\n|upkeep\n|turn|11\n|\n|t:|1618212759\n|move|p2a: Long|Roost|p2a: Long\n|-heal|p2a: Long|100\/100\n|-singleturn|p2a: Long|move: Roost\n|move|p1a: UN UN UN|Toxic|p2a: Long\n|-status|p2a: Long|tox\n|\n|-damage|p2a: Long|94\/100 tox|[from] psn\n|upkeep\n|turn|12\n|\n|t:|1618212798\n|move|p2a: Long|Draco Meteor|p1a: UN UN UN\n|-damage|p1a: UN UN UN|30\/100\n|-unboost|p2a: Long|spa|2\n|move|p1a: UN UN UN|Stone Edge|p2a: Long\n|-crit|p2a: Long\n|-damage|p2a: Long|25\/100 tox\n|\n|-heal|p2a: Long|32\/100 tox|[from] item: Leftovers\n|-damage|p2a: Long|19\/100 tox|[from] psn\n|upkeep\n|turn|13\n|\n|t:|1618212845\n|switch|p2a: Scizor|Scizor, F|82\/100\n|-damage|p2a: Scizor|70\/100|[from] Stealth Rock\n|switch|p1a: Whimsicott|Whimsicott, M, shiny|50\/100\n|\n|upkeep\n|turn|14\n|\n|t:|1618212859\n|switch|p1a: Celesteela|Celesteela, shiny|99\/100\n|move|p2a: Scizor|Roost|p2a: Scizor\n|-heal|p2a: Scizor|100\/100\n|-singleturn|p2a: Scizor|move: Roost\n|\n|-heal|p1a: Celesteela|100\/100|[from] item: Leftovers\n|upkeep\n|turn|15\n|\n|t:|1618212897\n|move|p1a: Celesteela|Flash Cannon|p2a: Scizor\n|-resisted|p2a: Scizor\n|-damage|p2a: Scizor|75\/100\n|move|p2a: Scizor|U-turn|p1a: Celesteela\n|-resisted|p1a: Celesteela\n|-damage|p1a: Celesteela|93\/100\n|\n|t:|1618212943\n|switch|p2a: Fuck|Porygon2|76\/100|[from]move: U-turn\n|-damage|p2a: Fuck|63\/100|[from] Stealth Rock\n|-ability|p2a: Fuck|Download|boost\n|-boost|p2a: Fuck|spa|1\n|\n|-heal|p1a: Celesteela|99\/100|[from] item: Leftovers\n|upkeep\n|turn|16\n|j| maw over skewda\n|\n|t:|1618213024\n|move|p2a: Fuck|Charge Beam|p1a: Celesteela|[miss]\n|-miss|p2a: Fuck|p1a: Celesteela\n|move|p1a: Celesteela|Flash Cannon|p2a: Fuck\n|-crit|p2a: Fuck\n|-damage|p2a: Fuck|24\/100\n|\n|-heal|p1a: Celesteela|100\/100|[from] item: Leftovers\n|upkeep\n|turn|17\n|c|\u2606TehranTyphlosions|sry dude\n|c| EGALombres|f\n|c|\u2606TehranTyphlosions|thats trash\n|c|\u26064G3NC Fish|poggers\n|\n|t:|1618213100\n|move|p2a: Fuck|Recover|p2a: Fuck\n|-heal|p2a: Fuck|74\/100\n|move|p1a: Celesteela|Autotomize|p1a: Celesteela\n|-boost|p1a: Celesteela|spe|2\n|-start|p1a: Celesteela|Autotomize\n|\n|upkeep\n|turn|18\n|\n|t:|1618213117\n|switch|p1a: Victini|Victini|100\/100\n|move|p2a: Fuck|Charge Beam|p1a: Victini\n|-damage|p1a: Victini|83\/100\n|-boost|p2a: Fuck|spa|1\n|\n|upkeep\n|turn|19\n|\n|t:|1618213160\n|switch|p2a: Long|Latios, M|19\/100 tox\n|-damage|p2a: Long|7\/100 tox|[from] Stealth Rock\n|move|p1a: Victini|V-create|p2a: Long\n|-resisted|p2a: Long\n|-damage|p2a: Long|0 fnt\n|-unboost|p1a: Victini|spe|1\n|-unboost|p1a: Victini|def|1\n|-unboost|p1a: Victini|spd|1\n|faint|p2a: Long\n|\n|upkeep\n|\n|t:|1618213166\n|switch|p2a: Piloswine|Piloswine, F|100\/100\n|-damage|p2a: Piloswine|88\/100|[from] Stealth Rock\n|turn|20\n|\n|t:|1618213171\n|switch|p1a: Celesteela|Celesteela, shiny|100\/100\n|move|p2a: Piloswine|Stealth Rock|p1a: Celesteela\n|-sidestart|p1: TehranTyphlosions|move: Stealth Rock\n|\n|upkeep\n|turn|21\n|\n|t:|1618213207\n|switch|p1a: UN UN UN|Regirock, shiny|30\/100\n|-damage|p1a: UN UN UN|18\/100|[from] Stealth Rock\n|switch|p2a: Fuck|Porygon2|74\/100\n|-damage|p2a: Fuck|62\/100|[from] Stealth Rock\n|-ability|p2a: Fuck|Download|boost\n|-boost|p2a: Fuck|spa|1\n|\n|upkeep\n|turn|22\n|n| EGAKecleons|mawoverskewda\n|c| EGALombres|KEC THINKS MAW IS BETTER THAN SKEWDA\n|c| EGALombres|CONFIRMED\n|\n|t:|1618213272\n|move|p2a: Fuck|Ice Beam|p1a: UN UN UN\n|-damage|p1a: UN UN UN|0 fnt\n|faint|p1a: UN UN UN\n|\n|upkeep\n|\n|t:|1618213278\n|switch|p1a: Victini|Victini|83\/100\n|-damage|p1a: Victini|58\/100|[from] Stealth Rock\n|turn|23\n|\n|t:|1618213300\n|switch|p2a: Scizor|Scizor, F|75\/100\n|-damage|p2a: Scizor|62\/100|[from] Stealth Rock\n|move|p1a: Victini|V-create|p2a: Scizor\n|-supereffective|p2a: Scizor\n|-damage|p2a: Scizor|0 fnt\n|-unboost|p1a: Victini|spe|1\n|-unboost|p1a: Victini|def|1\n|-unboost|p1a: Victini|spd|1\n|faint|p2a: Scizor\n|\n|upkeep\n|\n|t:|1618213306\n|switch|p2a: Crobat|Crobat, M|100\/100\n|-damage|p2a: Crobat|76\/100|[from] Stealth Rock\n|turn|24\n|\n|t:|1618213569\n|move|p2a: Crobat|Super Fang|p1a: Victini\n|-damage|p1a: Victini|29\/100\n|move|p1a: Victini|V-create|p2a: Crobat\n|-damage|p2a: Crobat|0 fnt\n|-unboost|p1a: Victini|spe|1\n|-unboost|p1a: Victini|def|1\n|-unboost|p1a: Victini|spd|1\n|faint|p2a: Crobat\n|\n|upkeep\n|c| EGALombres|yo that was a psycho play\n|c| EGALombres|but it worked so i can't comment\n|j| Sharky King\n|c| Sharky King|IM HERE\n|c| Sharky King|Oh this is an ass whooping\n|\n|t:|1618213643\n|switch|p2a: Piloswine|Piloswine, F|88\/100\n|-damage|p2a: Piloswine|76\/100|[from] Stealth Rock\n|turn|25\n|\n|t:|1618213675\n|switch|p1a: Celesteela|Celesteela, shiny|100\/100\n|-damage|p1a: Celesteela|88\/100|[from] Stealth Rock\n|move|p2a: Piloswine|Icicle Spear|p1a: Celesteela\n|-damage|p1a: Celesteela|80\/100\n|-damage|p1a: Celesteela|71\/100\n|-damage|p1a: Celesteela|62\/100\n|-hitcount|p1a: Celesteela|3\n|\n|-heal|p1a: Celesteela|68\/100|[from] item: Leftovers\n|upkeep\n|turn|26\n|c|\u26064G3NC Fish|yea i not been on my game at all recently\n|c|\u26064G3NC Fish|starting to get a bit burnt out\n|\n|t:|1618213729\n|move|p1a: Celesteela|Flash Cannon|p2a: Piloswine\n|-supereffective|p2a: Piloswine\n|-damage|p2a: Piloswine|2\/100\n|move|p2a: Piloswine|Icicle Spear|p1a: Celesteela\n|-damage|p1a: Celesteela|60\/100\n|-damage|p1a: Celesteela|52\/100\n|-damage|p1a: Celesteela|44\/100\n|-damage|p1a: Celesteela|36\/100\n|-damage|p1a: Celesteela|28\/100\n|-hitcount|p1a: Celesteela|5\n|\n|-heal|p1a: Celesteela|34\/100|[from] item: Leftovers\n|upkeep\n|turn|27\n|\n|t:|1618213742\n|move|p1a: Celesteela|Giga Drain|p2a: Piloswine\n|-supereffective|p2a: Piloswine\n|-damage|p2a: Piloswine|0 fnt\n|-heal|p1a: Celesteela|35\/100|[from] drain|[of] p2a: Piloswine\n|faint|p2a: Piloswine\n|-ability|p1a: Celesteela|Beast Boost|boost\n|-boost|p1a: Celesteela|spa|1\n|\n|-heal|p1a: Celesteela|41\/100|[from] item: Leftovers\n|upkeep\n|\n|t:|1618213745\n|switch|p2a: Fuck|Porygon2|62\/100\n|-damage|p2a: Fuck|50\/100|[from] Stealth Rock\n|-ability|p2a: Fuck|Download|boost\n|-boost|p2a: Fuck|spa|1\n|turn|28\n|\n|t:|1618213765\n|move|p2a: Fuck|Recover|p2a: Fuck\n|-heal|p2a: Fuck|99\/100\n|move|p1a: Celesteela|Flash Cannon|p2a: Fuck\n|-damage|p2a: Fuck|63\/100\n|\n|-heal|p1a: Celesteela|47\/100|[from] item: Leftovers\n|upkeep\n|turn|29\n|\n|t:|1618213776\n|move|p2a: Fuck|Charge Beam|p1a: Celesteela\n|-supereffective|p1a: Celesteela\n|-damage|p1a: Celesteela|13\/100\n|move|p1a: Celesteela|Flash Cannon|p2a: Fuck\n|-damage|p2a: Fuck|25\/100\n|\n|-heal|p1a: Celesteela|19\/100|[from] item: Leftovers\n|upkeep\n|turn|30\n|\n|t:|1618213782\n|move|p2a: Fuck|Recover|p2a: Fuck\n|-heal|p2a: Fuck|75\/100\n|move|p1a: Celesteela|Flash Cannon|p2a: Fuck\n|-damage|p2a: Fuck|35\/100\n|-unboost|p2a: Fuck|spd|1\n|\n|-heal|p1a: Celesteela|25\/100|[from] item: Leftovers\n|upkeep\n|turn|31\n|\n|t:|1618213793\n|move|p2a: Fuck|Charge Beam|p1a: Celesteela\n|-supereffective|p1a: Celesteela\n|-damage|p1a: Celesteela|0 fnt\n|faint|p1a: Celesteela\n|\n|upkeep\n|\n|t:|1618213800\n|switch|p1a: Victini|Victini|29\/100\n|-damage|p1a: Victini|4\/100|[from] Stealth Rock\n|turn|32\n|c|\u2606TehranTyphlosions|ggs man\n|\n|t:|1618213809\n|move|p1a: Victini|V-create|p2a: Fuck\n|-crit|p2a: Fuck\n|-damage|p2a: Fuck|0 fnt\n|-unboost|p1a: Victini|spe|1\n|-unboost|p1a: Victini|def|1\n|-unboost|p1a: Victini|spd|1\n|faint|p2a: Fuck\n|\n|win|TehranTyphlosions\n","uploadtime":1618213810,"views":39,"p1id":"tehrantyphlosions","p2id":"4g3ncfish","formatid":"gen8nationaldexdlclegacy","rating":0,"private":0,"password":null}