{"id":"sports-gen8nationaldexdraft-399878","p1":"GaijinEagle","p2":"Jamin007","format":"gen8nationaldexdraft","log":"|j|\u2606GaijinEagle\n|j|\u2606Jamin007\n|t:|1619968377\n|player|p1|GaijinEagle|102|\n|player|p2|Jamin007|preschooler|\n|teamsize|p1|6\n|teamsize|p2|6\n|gametype|singles\n|gen|8\n|tier|[Gen 8] National Dex Draft\n|rule|Sleep Clause Mod: Limit one foe put to sleep\n|rule|OHKO Clause: OHKO moves are banned\n|rule|Evasion Moves Clause: Evasion moves are banned\n|rule|Endless Battle Clause: Forcing endless battles is banned\n|rule|HP Percentage Mod: HP is shown in percentages\n|clearpoke\n|poke|p1|Incineroar, M|\n|poke|p1|Salazzle, F|\n|poke|p1|Garchomp, F|\n|poke|p1|Serperior, F|\n|poke|p1|Aerodactyl, M|\n|poke|p1|Diancie|\n|poke|p2|Moltres|\n|poke|p2|Weavile, M|\n|poke|p2|Toxapex, M|\n|poke|p2|Claydol|\n|poke|p2|Manectric, M|\n|poke|p2|Cobalion|\n|rule|Dynamax Clause: You cannot dynamax\n|teampreview\n|html|<button name=\"send\" class=\"button\" value=\"\/timer ds\"><i class=\"fa fa-hourglass-start\"><\/i> DS Timer<\/button> <button name=\"send\" class=\"button\" value=\"\/timer smogon\"><i class=\"fa fa-hourglass-start\"><\/i> Smogon Timer<\/button>\n|c|\u2606GaijinEagle|gl hf\n|j| PorygonTheBot\n|c| PorygonTheBot|This game looks fun!\n|c|\u2606Jamin007|You too\n|j| Lemonance\n|\n|t:|1619968459\n|start\n|switch|p1a: Salazzle|Salazzle, F|100\/100\n|switch|p2a: Invention|Claydol|100\/100\n|turn|1\n|\n|t:|1619968466\n|switch|p1a: Aerodactyl|Aerodactyl, M|100\/100\n|-ability|p1a: Aerodactyl|Pressure\n|move|p2a: Invention|Stealth Rock|p1a: Aerodactyl\n|-sidestart|p1: GaijinEagle|move: Stealth Rock\n|\n|upkeep\n|turn|2\n|j| 3HeadedGoats\n|\n|t:|1619968523\n|detailschange|p1a: Aerodactyl|Aerodactyl-Mega, M\n|-mega|p1a: Aerodactyl|Aerodactyl|Aerodactylite\n|move|p1a: Aerodactyl|Dual Wingbeat|p2a: Invention\n|-damage|p2a: Invention|79\/100\n|-damage|p2a: Invention|60\/100\n|-hitcount|p2a: Invention|2\n|move|p2a: Invention|Teleport|p2a: Invention\n|\n|t:|1619968535\n|switch|p2a: Odium|Weavile, M|100\/100|[from]move: Teleport\n|-ability|p2a: Odium|Pressure\n|\n|upkeep\n|turn|3\n|\n|t:|1619968567\n|move|p2a: Odium|Icicle Crash|p1a: Aerodactyl\n|-supereffective|p1a: Aerodactyl\n|-damage|p1a: Aerodactyl|0 fnt\n|faint|p1a: Aerodactyl\n|\n|upkeep\n|j| vinithewini\n|l| vinithewini\n|\n|t:|1619968591\n|switch|p1a: Diancie|Diancie|100\/100\n|-damage|p1a: Diancie|88\/100|[from] Stealth Rock\n|turn|4\n|\n|t:|1619968625\n|switch|p2a: Preservation|Toxapex, M|100\/100\n|move|p1a: Diancie|Diamond Storm|p2a: Preservation\n|-damage|p2a: Preservation|83\/100\n|\n|-heal|p1a: Diancie|94\/100|[from] item: Leftovers\n|-heal|p2a: Preservation|89\/100|[from] item: Black Sludge\n|upkeep\n|turn|5\n|\n|t:|1619968637\n|switch|p1a: Salazzle|Salazzle, F|100\/100\n|move|p2a: Preservation|Knock Off|p1a: Salazzle\n|-damage|p1a: Salazzle|76\/100\n|-enditem|p1a: Salazzle|Heavy-Duty Boots|[from] move: Knock Off|[of] p2a: Preservation\n|\n|-heal|p2a: Preservation|95\/100|[from] item: Black Sludge\n|upkeep\n|turn|6\n|\n|t:|1619968703\n|move|p1a: Salazzle|Toxic|p2a: Preservation\n|-status|p2a: Preservation|tox\n|move|p2a: Preservation|Scald|p1a: Salazzle\n|-supereffective|p1a: Salazzle\n|-damage|p1a: Salazzle|15\/100\n|\n|-heal|p2a: Preservation|100\/100 tox|[from] item: Black Sludge\n|-damage|p2a: Preservation|95\/100 tox|[from] psn\n|upkeep\n|turn|7\n|\n|t:|1619968738\n|switch|p1a: Serperior|Serperior, F|100\/100\n|-damage|p1a: Serperior|88\/100|[from] Stealth Rock\n|move|p2a: Preservation|Scald|p1a: Serperior\n|-resisted|p1a: Serperior\n|-damage|p1a: Serperior|78\/100\n|\n|-heal|p2a: Preservation|100\/100 tox|[from] item: Black Sludge\n|-damage|p2a: Preservation|89\/100 tox|[from] psn\n|upkeep\n|turn|8\n|\n|t:|1619968744\n|switch|p2a: Ruin|Moltres|100\/100\n|move|p1a: Serperior|Leaf Storm|p2a: Ruin|[miss]\n|-miss|p1a: Serperior|p2a: Ruin\n|\n|upkeep\n|turn|9\n|l| Lemonance\n|\n|t:|1619968766\n|switch|p1a: Garchomp|Garchomp, F|100\/100\n|-damage|p1a: Garchomp|94\/100|[from] Stealth Rock\n|move|p2a: Ruin|Scorching Sands|p1a: Garchomp\n|-damage|p1a: Garchomp|67\/100\n|-status|p1a: Garchomp|brn\n|\n|-heal|p1a: Garchomp|73\/100 brn|[from] item: Leftovers\n|-damage|p1a: Garchomp|67\/100 brn|[from] brn\n|upkeep\n|turn|10\n|l| 3HeadedGoats\n|c|\u2606Jamin007|Oof\n|\n|t:|1619968798\n|switch|p1a: Diancie|Diancie|94\/100\n|-damage|p1a: Diancie|82\/100|[from] Stealth Rock\n|switch|p2a: Invention|Claydol|60\/100\n|\n|-heal|p2a: Invention|66\/100|[from] item: Leftovers\n|-heal|p1a: Diancie|88\/100|[from] item: Leftovers\n|upkeep\n|turn|11\n|\n|t:|1619968809\n|move|p1a: Diancie|Diamond Storm|p2a: Invention\n|-resisted|p2a: Invention\n|-damage|p2a: Invention|55\/100\n|move|p2a: Invention|Teleport|p2a: Invention\n|\n|t:|1619968817\n|switch|p2a: Honor|Cobalion|100\/100|[from]move: Teleport\n|\n|-heal|p1a: Diancie|94\/100|[from] item: Leftovers\n|upkeep\n|turn|12\n|\n|t:|1619968833\n|switch|p1a: Salazzle|Salazzle, F|15\/100\n|-damage|p1a: Salazzle|0 fnt|[from] Stealth Rock\n|faint|p1a: Salazzle\n|move|p2a: Honor|Iron Head|p1: Salazzle|[notarget]\n|-fail|p2a: Honor\n|\n|upkeep\n|\n|t:|1619968835\n|switch|p1a: Incineroar|Incineroar, M|100\/100\n|-ability|p1a: Incineroar|Intimidate|boost\n|-unboost|p2a: Honor|atk|1\n|turn|13\n|\n|t:|1619968842\n|switch|p2a: Preservation|Toxapex, M|100\/100 tox\n|move|p1a: Incineroar|Knock Off|p2a: Preservation\n|-damage|p2a: Preservation|78\/100 tox\n|-enditem|p2a: Preservation|Black Sludge|[from] move: Knock Off|[of] p1a: Incineroar\n|\n|-damage|p2a: Preservation|72\/100 tox|[from] psn\n|upkeep\n|turn|14\n|\n|t:|1619968848\n|move|p1a: Incineroar|U-turn|p2a: Preservation\n|-resisted|p2a: Preservation\n|-damage|p2a: Preservation|67\/100 tox\n|\n|t:|1619968852\n|switch|p1a: Serperior|Serperior, F|78\/100|[from]move: U-turn\n|-damage|p1a: Serperior|65\/100|[from] Stealth Rock\n|move|p2a: Preservation|Toxic Spikes|p1a: Serperior\n|-sidestart|p1: GaijinEagle|move: Toxic Spikes\n|\n|-damage|p2a: Preservation|55\/100 tox|[from] psn\n|upkeep\n|turn|15\n|\n|t:|1619968862\n|switch|p2a: Ruin|Moltres|100\/100\n|move|p1a: Serperior|Glare|p2a: Ruin\n|-status|p2a: Ruin|par\n|\n|upkeep\n|turn|16\n|\n|t:|1619968869\n|switch|p1a: Diancie|Diancie|94\/100\n|-status|p1a: Diancie|psn\n|-damage|p1a: Diancie|82\/100 psn|[from] Stealth Rock\n|move|p2a: Ruin|Flamethrower|p1a: Diancie\n|-resisted|p1a: Diancie\n|-damage|p1a: Diancie|69\/100 psn\n|\n|-heal|p1a: Diancie|75\/100 psn|[from] item: Leftovers\n|-damage|p1a: Diancie|63\/100 psn|[from] psn\n|upkeep\n|turn|17\n|\n|t:|1619968929\n|switch|p2a: Invention|Claydol|55\/100\n|move|p1a: Diancie|Diamond Storm|p2a: Invention\n|-resisted|p2a: Invention\n|-damage|p2a: Invention|44\/100\n|\n|-heal|p2a: Invention|50\/100|[from] item: Leftovers\n|-heal|p1a: Diancie|69\/100 psn|[from] item: Leftovers\n|-damage|p1a: Diancie|56\/100 psn|[from] psn\n|upkeep\n|turn|18\n|\n|t:|1619968944\n|move|p1a: Diancie|Diamond Storm|p2a: Invention\n|-resisted|p2a: Invention\n|-damage|p2a: Invention|39\/100\n|move|p2a: Invention|Teleport|p2a: Invention\n|j| Purplepiglis13\n|\n|t:|1619968950\n|switch|p2a: Preservation|Toxapex, M|89\/100 tox|[from]move: Teleport\n|\n|-heal|p1a: Diancie|63\/100 psn|[from] item: Leftovers\n|-damage|p1a: Diancie|50\/100 psn|[from] psn\n|-damage|p2a: Preservation|83\/100 tox|[from] psn\n|upkeep\n|turn|19\n|\n|t:|1619968960\n|move|p1a: Diancie|Diamond Storm|p2a: Preservation\n|-damage|p2a: Preservation|64\/100 tox\n|-boost|p1a: Diancie|def|2\n|move|p2a: Preservation|Toxic Spikes|p1a: Diancie\n|-sidestart|p1: GaijinEagle|move: Toxic Spikes\n|\n|-heal|p1a: Diancie|56\/100 psn|[from] item: Leftovers\n|-damage|p1a: Diancie|44\/100 psn|[from] psn\n|-damage|p2a: Preservation|52\/100 tox|[from] psn\n|upkeep\n|turn|20\n|\n|t:|1619968966\n|move|p1a: Diancie|Body Press|p2a: Preservation\n|-resisted|p2a: Preservation\n|-damage|p2a: Preservation|36\/100 tox\n|move|p2a: Preservation|Scald|p1a: Diancie\n|-supereffective|p1a: Diancie\n|-damage|p1a: Diancie|22\/100 psn\n|\n|-heal|p1a: Diancie|28\/100 psn|[from] item: Leftovers\n|-damage|p1a: Diancie|16\/100 psn|[from] psn\n|-damage|p2a: Preservation|18\/100 tox|[from] psn\n|upkeep\n|turn|21\n|\n|t:|1619968976\n|move|p1a: Diancie|Diamond Storm|p2a: Preservation\n|-damage|p2a: Preservation|0 fnt\n|faint|p2a: Preservation\n|\n|-heal|p1a: Diancie|22\/100 psn|[from] item: Leftovers\n|-damage|p1a: Diancie|10\/100 psn|[from] psn\n|upkeep\n|\n|t:|1619968994\n|switch|p2a: Invention|Claydol|39\/100\n|turn|22\n|\n|t:|1619968999\n|move|p2a: Invention|Ice Beam|p1a: Diancie\n|-damage|p1a: Diancie|0 fnt\n|faint|p1a: Diancie\n|\n|-heal|p2a: Invention|45\/100|[from] item: Leftovers\n|upkeep\n|\n|t:|1619969003\n|switch|p1a: Incineroar|Incineroar, M|100\/100\n|-ability|p1a: Incineroar|Intimidate|boost\n|-unboost|p2a: Invention|atk|1\n|turn|23\n|l| Purplepiglis13\n|\n|t:|1619969052\n|switch|p2a: Honor|Cobalion|100\/100\n|move|p1a: Incineroar|Knock Off|p2a: Honor\n|-resisted|p2a: Honor\n|-damage|p2a: Honor|85\/100\n|-ability|p2a: Honor|Justified|boost\n|-boost|p2a: Honor|atk|1\n|-enditem|p2a: Honor|Choice Band|[from] move: Knock Off|[of] p1a: Incineroar\n|\n|upkeep\n|turn|24\n|\n|t:|1619969090\n|move|p2a: Honor|Close Combat|p1a: Incineroar\n|-supereffective|p1a: Incineroar\n|-damage|p1a: Incineroar|0 fnt\n|-unboost|p2a: Honor|def|1\n|-unboost|p2a: Honor|spd|1\n|faint|p1a: Incineroar\n|\n|upkeep\n|\n|t:|1619969106\n|switch|p1a: Serperior|Serperior, F|65\/100\n|-status|p1a: Serperior|tox\n|-damage|p1a: Serperior|53\/100 tox|[from] Stealth Rock\n|turn|25\n|\n|t:|1619969109\n|move|p1a: Serperior|Leaf Storm|p2a: Honor\n|-resisted|p2a: Honor\n|-damage|p2a: Honor|40\/100\n|-boost|p1a: Serperior|spa|2\n|move|p2a: Honor|Close Combat|p1a: Serperior\n|-damage|p1a: Serperior|0 fnt\n|-unboost|p2a: Honor|def|1\n|-unboost|p2a: Honor|spd|1\n|faint|p1a: Serperior\n|\n|upkeep\n|\n|t:|1619969131\n|switch|p1a: Garchomp|Garchomp, F|67\/100 brn\n|-damage|p1a: Garchomp|61\/100 brn|[from] Stealth Rock\n|turn|26\n|c|\u2606GaijinEagle|gg\n|\n|t:|1619969136\n|move|p2a: Honor|Close Combat|p1a: Garchomp\n|-damage|p1a: Garchomp|0 fnt\n|-unboost|p2a: Honor|def|1\n|-unboost|p2a: Honor|spd|1\n|-damage|p2a: Honor|28\/100|[from] ability: Rough Skin|[of] p1a: Garchomp\n|faint|p1a: Garchomp\n|\n|win|Jamin007\n","uploadtime":1619969137,"views":34,"p1id":"gaijineagle","p2id":"jamin007","formatid":"gen8nationaldexdraft","rating":0,"private":0,"password":null}