{"id":"sports-gen8nationaldexdlclegacy-394156","p1":"Mineworker Lennart","p2":"TehranTyphlosions","format":"gen8nationaldexdlclegacy","log":"|j|\u2606Mineworker Lennart\n|j|\u2606TehranTyphlosions\n|t:|1619293168\n|player|p1|Mineworker Lennart|195|\n|player|p2|TehranTyphlosions|clair|\n|teamsize|p1|6\n|teamsize|p2|6\n|gametype|singles\n|gen|8\n|tier|[Gen 8] National Dex DLC Legacy\n|rule|Sleep Clause Mod: Limit one foe put to sleep\n|rule|OHKO Clause: OHKO moves are banned\n|rule|Evasion Moves Clause: Evasion moves are banned\n|rule|Endless Battle Clause: Forcing endless battles is banned\n|rule|HP Percentage Mod: HP is shown in percentages\n|clearpoke\n|poke|p1|Magmar, F|\n|poke|p1|Venusaur, M|\n|poke|p1|Hydreigon, F|\n|poke|p1|Diggersby, M|\n|poke|p1|Azelf|\n|poke|p1|Vikavolt, F|\n|poke|p2|Victini|\n|poke|p2|Beedrill, M|\n|poke|p2|Zygarde|\n|poke|p2|Milotic, F|\n|poke|p2|Darmanitan-Galar, M|\n|poke|p2|Celesteela|\n|rule|Dynamax Clause: You cannot dynamax\n|teampreview\n|html|<button name=\"send\" class=\"button\" value=\"\/timer ds\"><i class=\"fa fa-hourglass-start\"><\/i> DS Timer<\/button> <button name=\"send\" class=\"button\" value=\"\/timer smogon\"><i class=\"fa fa-hourglass-start\"><\/i> Smogon Timer<\/button>\n|c|\u2606TehranTyphlosions|there we go\n|c|\u2606TehranTyphlosions|gl gl\n|j| PorygonTheBot\n|c| PorygonTheBot|y'all are stupid\n|c|\u2606Mineworker Lennart|have fun!\n|j| LGBT Allies\n|j| Bananacrazy111\n|j| D-Awsumnes\n|\n|t:|1619293253\n|start\n|switch|p1a: Earl|Venusaur, M|100\/100\n|switch|p2a: Darmanitan|Darmanitan-Galar, M|100\/100\n|turn|1\n|\n|t:|1619293287\n|detailschange|p1a: Earl|Venusaur-Mega, M\n|-mega|p1a: Earl|Venusaur|Venusaurite\n|move|p2a: Darmanitan|Zen Headbutt|p1a: Earl\n|-supereffective|p1a: Earl\n|-damage|p1a: Earl|46\/100\n|cant|p1a: Earl|flinch\n|\n|upkeep\n|turn|2\n|c|\u2606TehranTyphlosions|sry\n|c|\u2606Mineworker Lennart|EGA doesn't like me this season\n|\n|t:|1619293313\n|switch|p2a: Milotic|Milotic, F|100\/100\n|switch|p1a: Panzer|Hydreigon, F, shiny|100\/100\n|\n|-status|p2a: Milotic|brn|[from] item: Flame Orb\n|upkeep\n|turn|3\n|\n|t:|1619293344\n|move|p1a: Panzer|Draco Meteor|p2a: Milotic\n|-crit|p2a: Milotic\n|-damage|p2a: Milotic|28\/100 brn\n|-unboost|p1a: Panzer|spa|2\n|move|p2a: Milotic|Flip Turn|p1a: Panzer\n|-resisted|p1a: Panzer\n|-damage|p1a: Panzer|97\/100\n|\n|t:|1619293348\n|switch|p2a: Beedrill|Beedrill, M|100\/100|[from]move: Flip Turn\n|\n|upkeep\n|turn|4\n|c|\u2606Mineworker Lennart|sry\n|j| EGADrifblims\n|c|\u2606Mineworker Lennart|what a game already \n|\n|t:|1619293372\n|switch|p1a: Birdo Inferno|Magmar, F|100\/100\n|detailschange|p2a: Beedrill|Beedrill-Mega, M\n|-mega|p2a: Beedrill|Beedrill|Beedrillite\n|move|p2a: Beedrill|Swords Dance|p2a: Beedrill\n|-boost|p2a: Beedrill|atk|2\n|\n|upkeep\n|turn|5\n|c|\u2606TehranTyphlosions|lmao yea\n|c| Bananacrazy111|uh oh\n|\n|t:|1619293404\n|move|p2a: Beedrill|Drill Run|p1a: Birdo Inferno\n|-supereffective|p1a: Birdo Inferno\n|-damage|p1a: Birdo Inferno|9\/100\n|-status|p2a: Beedrill|brn|[from] ability: Flame Body|[of] p1a: Birdo Inferno\n|move|p1a: Birdo Inferno|Lava Plume|p2a: Beedrill\n|-supereffective|p2a: Beedrill\n|-damage|p2a: Beedrill|20\/100 brn\n|\n|-damage|p2a: Beedrill|14\/100 brn|[from] brn\n|upkeep\n|turn|6\n|c| Bananacrazy111|what the\n|c| Bananacrazy111|beedrill\n|c|\u2606TehranTyphlosions|bee\n|\n|t:|1619293434\n|move|p2a: Beedrill|Poison Jab|p1a: Birdo Inferno\n|-damage|p1a: Birdo Inferno|0 fnt\n|faint|p1a: Birdo Inferno\n|\n|-damage|p2a: Beedrill|8\/100 brn|[from] brn\n|upkeep\n|c| EGADrifblims|mag W mar\n|c| EGADrifblims|WagWar \n|\n|t:|1619293466\n|switch|p1a: Earl|Venusaur-Mega, M|46\/100\n|turn|7\n|\n|t:|1619293469\n|move|p2a: Beedrill|U-turn|p1a: Earl\n|-crit|p1a: Earl\n|-damage|p1a: Earl|0 fnt\n|faint|p1a: Earl\n|c|\u2606Mineworker Lennart|nooo\n|c|\u2606TehranTyphlosions|BRUH\n|c|\u2606TehranTyphlosions|IM SORRY\n|c|\u2606TehranTyphlosions|that def mattered\n|c|\u2606Mineworker Lennart|yup\n|j| EGALombres\n|\n|t:|1619293492\n|switch|p2a: Darmanitan|Darmanitan-Galar, M|100\/100|[from]move: U-turn\n|\n|upkeep\n|c|\u2606Mineworker Lennart|why do I get haxed every week sadge\n|c|\u2606TehranTyphlosions|7 turns in and hax has been involved in all of them\n|c| D-Awsumnes|they hate the mineworker cuz they aint the mineworker\n|c| D-Awsumnes|:(\n|\n|t:|1619293541\n|switch|p1a: Amp\u00e8re|Vikavolt, F|100\/100\n|turn|8\n|\n|t:|1619293558\n|move|p2a: Darmanitan|Flare Blitz|p1a: Amp\u00e8re\n|-supereffective|p1a: Amp\u00e8re\n|-enditem|p1a: Amp\u00e8re|Occa Berry|[eat]\n|-enditem|p1a: Amp\u00e8re|Occa Berry|[weaken]\n|-damage|p1a: Amp\u00e8re|41\/100\n|-damage|p2a: Darmanitan|80\/100|[from] Recoil\n|move|p1a: Amp\u00e8re|Sticky Web|p2a: Darmanitan\n|-sidestart|p2: TehranTyphlosions|move: Sticky Web\n|\n|upkeep\n|turn|9\n|\n|t:|1619293582\n|switch|p2a: Beedrill|Beedrill-Mega, M|8\/100 brn\n|-activate|p2a: Beedrill|move: Sticky Web\n|-unboost|p2a: Beedrill|spe|1\n|move|p1a: Amp\u00e8re|Bug Buzz|p2a: Beedrill\n|-resisted|p2a: Beedrill\n|-damage|p2a: Beedrill|0 fnt\n|faint|p2a: Beedrill\n|\n|upkeep\n|\n|t:|1619293585\n|switch|p2a: Celesteela|Celesteela|100\/100\n|turn|10\n|\n|t:|1619293593\n|move|p2a: Celesteela|Flamethrower|p1a: Amp\u00e8re\n|-supereffective|p1a: Amp\u00e8re\n|-damage|p1a: Amp\u00e8re|0 fnt\n|faint|p1a: Amp\u00e8re\n|-ability|p2a: Celesteela|Beast Boost|boost\n|-boost|p2a: Celesteela|spa|1\n|\n|upkeep\n|\n|t:|1619293629\n|switch|p1a: Alkmaar|Azelf|100\/100\n|turn|11\n|\n|t:|1619293643\n|move|p1a: Alkmaar|Knock Off|p2a: Celesteela\n|-damage|p2a: Celesteela|75\/100\n|-enditem|p2a: Celesteela|Leftovers|[from] move: Knock Off|[of] p1a: Alkmaar\n|move|p2a: Celesteela|Autotomize|p2a: Celesteela\n|-boost|p2a: Celesteela|spe|2\n|-start|p2a: Celesteela|Autotomize\n|\n|upkeep\n|turn|12\n|\n|t:|1619293653\n|switch|p1a: Panzer|Hydreigon, F, shiny|97\/100\n|move|p2a: Celesteela|Air Slash|p1a: Panzer\n|-damage|p1a: Panzer|27\/100\n|\n|upkeep\n|turn|13\n|\n|t:|1619293658\n|move|p1a: Panzer|Fire Blast|p2a: Celesteela\n|-supereffective|p2a: Celesteela\n|-damage|p2a: Celesteela|5\/100\n|move|p2a: Celesteela|Flash Cannon|p1a: Panzer\n|-damage|p1a: Panzer|0 fnt\n|faint|p1a: Panzer\n|-ability|p2a: Celesteela|Beast Boost|boost\n|-boost|p2a: Celesteela|spa|1\n|\n|upkeep\n|\n|t:|1619293669\n|switch|p1a: Alkmaar|Azelf|100\/100\n|turn|14\n|c| D-Awsumnes|everybody says alkmaar but nobody says alkwaarom \n|\n|t:|1619293677\n|move|p1a: Alkmaar|Knock Off|p2a: Celesteela\n|-damage|p2a: Celesteela|0 fnt\n|faint|p2a: Celesteela\n|\n|upkeep\n|\n|t:|1619293708\n|switch|p2a: Milotic|Milotic, F|28\/100 brn\n|-activate|p2a: Milotic|move: Sticky Web\n|-unboost|p2a: Milotic|spe|1\n|turn|15\n|\n|t:|1619293727\n|switch|p1a: Reinier|Diggersby, M, shiny|100\/100\n|move|p2a: Milotic|Recover|p2a: Milotic\n|-heal|p2a: Milotic|78\/100 brn\n|\n|-damage|p2a: Milotic|72\/100 brn|[from] brn\n|upkeep\n|turn|16\n|\n|t:|1619293742\n|move|p1a: Reinier|Earthquake|p2a: Milotic\n|-damage|p2a: Milotic|31\/100 brn\n|-damage|p1a: Reinier|90\/100|[from] item: Life Orb\n|move|p2a: Milotic|Scald|p1a: Reinier\n|-supereffective|p1a: Reinier\n|-damage|p1a: Reinier|17\/100\n|\n|-damage|p2a: Milotic|25\/100 brn|[from] brn\n|upkeep\n|turn|17\n|\n|t:|1619293780\n|switch|p1a: Alkmaar|Azelf|100\/100\n|move|p2a: Milotic|Scald|p1a: Alkmaar\n|-damage|p1a: Alkmaar|56\/100\n|\n|-damage|p2a: Milotic|19\/100 brn|[from] brn\n|upkeep\n|turn|18\n|\n|t:|1619293798\n|move|p1a: Alkmaar|Trick|p2a: Milotic\n|-activate|p1a: Alkmaar|move: Trick|[of] p2a: Milotic\n|-item|p2a: Milotic|Choice Scarf|[from] move: Trick\n|-item|p1a: Alkmaar|Flame Orb|[from] move: Trick\n|move|p2a: Milotic|Scald|p1a: Alkmaar\n|-damage|p1a: Alkmaar|15\/100\n|-status|p1a: Alkmaar|brn\n|\n|-damage|p1a: Alkmaar|9\/100 brn|[from] brn\n|-damage|p2a: Milotic|13\/100 brn|[from] brn\n|upkeep\n|turn|19\n|n| TrickLuffy|lgbtallies\n|\n|t:|1619293822\n|move|p1a: Alkmaar|Explosion|p2a: Milotic\n|-damage|p2a: Milotic|0 fnt\n|faint|p1a: Alkmaar\n|faint|p2a: Milotic\n|\n|upkeep\n|\n|t:|1619293827\n|switch|p1a: Reinier|Diggersby, M, shiny|17\/100\n|switch|p2a: Zygarde|Zygarde|100\/100\n|-activate|p2a: Zygarde|move: Sticky Web\n|-unboost|p2a: Zygarde|spe|1\n|-ability|p2a: Zygarde|Aura Break\n|turn|20\n|j| ASword6\n|\n|t:|1619293831\n|move|p1a: Reinier|Ice Punch|p2a: Zygarde\n|-supereffective|p2a: Zygarde\n|-damage|p2a: Zygarde|0 fnt\n|-damage|p1a: Reinier|7\/100|[from] item: Life Orb\n|faint|p2a: Zygarde\n|\n|upkeep\n|c|\u2606TehranTyphlosions|ggs man\n|\n|t:|1619293834\n|switch|p2a: Darmanitan|Darmanitan-Galar, M|80\/100\n|-activate|p2a: Darmanitan|move: Sticky Web\n|-unboost|p2a: Darmanitan|spe|1\n|turn|21\n|c|\u2606Mineworker Lennart|gg :(\n|\n|t:|1619293839\n|move|p2a: Darmanitan|Earthquake|p1a: Reinier\n|-damage|p1a: Reinier|0 fnt\n|faint|p1a: Reinier\n|\n|win|TehranTyphlosions\n","uploadtime":1619293840,"views":23,"p1id":"mineworkerlennart","p2id":"tehrantyphlosions","formatid":"gen8nationaldexdlclegacy","rating":0,"private":0,"password":null}