{"id":"sports-gen8nationaldexdraft-610677","p1":"AsterJ","p2":"john_jr","format":"gen8nationaldexdraft","log":"|j|\u2606AsterJ\n|j|\u2606john_jr\n|t:|1647046734\n|gametype|singles\n|player|p1|AsterJ|asterj.png|\n|player|p2|john_jr|johnjr.png|\n|teamsize|p1|6\n|teamsize|p2|6\n|gen|8\n|tier|[Gen 8] National Dex Draft\n|rule|Sleep Clause Mod: Limit one foe put to sleep\n|rule|OHKO Clause: OHKO moves are banned\n|rule|Evasion Moves Clause: Evasion moves are banned\n|rule|Endless Battle Clause: Forcing endless battles is banned\n|rule|HP Percentage Mod: HP is shown in percentages\n|rule|Dynamax Clause: You cannot dynamax\n|clearpoke\n|poke|p1|Mawile, M|\n|poke|p1|Talonflame, M|\n|poke|p1|Arceus-*|\n|poke|p1|Zygarde|\n|poke|p1|Tapu Fini|\n|poke|p1|Nihilego|\n|poke|p2|Necrozma-Dusk-Mane|\n|poke|p2|Ho-Oh|\n|poke|p2|Lopunny, M|\n|poke|p2|Kyurem-White|\n|poke|p2|Arceus-*|\n|poke|p2|Clefable, F|\n|teampreview\n|html|<button name=\"send\" class=\"button\" value=\"\/timer ds\"><i class=\"fa fa-hourglass-start\"><\/i> DS Timer<\/button> <button name=\"send\" class=\"button\" value=\"\/timer smogon\"><i class=\"fa fa-hourglass-start\"><\/i> Smogon Timer<\/button>\n|c|\u2606john_jr|hf man!\n|c|\u2606AsterJ|Gl hf my dude\n|j| Jesse504\n|j| kurpie at work\n|c| Jesse504|Jom r u winning this?\n|j| InfernoSam1904\n|c| kurpie at work|Alright finish this in 16 minutes while I\u2019m on break\n|l|\u2606AsterJ\n|player|p1|\n|j|\u2606AsterJ\n|player|p1|AsterJ|asterj.png\n|c|\u2606john_jr|,\n|c| Jesse504|Skill issue jom\n|\n|t:|1647046825\n|start\n|switch|p1a: Talonflame|Talonflame, M|100\/100\n|switch|p2a: goldielocks|Ho-Oh, shiny|100\/100\n|turn|1\n|c| InfernoSam1904|Fire chicken fight\n|c| Jesse504|Bro why is there hooh and better hooh\n|c| kurpie at work|goldeez nuts \n|j| Nathan401\n|\n|t:|1647046855\n|move|p1a: Talonflame|U-turn|p2a: goldielocks\n|-resisted|p2a: goldielocks\n|-damage|p2a: goldielocks|98\/100\n|c| kurpie at work|Is anyone else actually impressed it did 2%?\n|\n|t:|1647046871\n|switch|p1a: Nihilego|Nihilego|100\/100|[from]move: U-turn\n|move|p2a: goldielocks|Brave Bird|p1a: Nihilego\n|-resisted|p1a: Nihilego\n|-damage|p1a: Nihilego|60\/100\n|-damage|p2a: goldielocks|86\/100|[from] Recoil\n|\n|-heal|p1a: Nihilego|66\/100|[from] item: Black Sludge\n|upkeep\n|turn|2\n|j| Nice cock john\n|c| Nice cock john|Nice cock\n|l| Jesse504\n|c| Nice cock john|Anybody agree \n|l| kurpie at work\n|j| LatiGOD\n|\n|t:|1647046966\n|switch|p2a: theodore|Arceus-Dark|100\/100\n|move|p1a: Nihilego|Power Gem|p2a: theodore\n|-damage|p2a: theodore|78\/100\n|\n|-heal|p1a: Nihilego|72\/100|[from] item: Black Sludge\n|upkeep\n|turn|3\n|l| LatiGOD\n|l| Nice cock john\n|\n|t:|1647047032\n|switch|p1a: Tapu Fini|Tapu Fini|100\/100\n|-fieldstart|move: Misty Terrain|[from] ability: Misty Surge|[of] p1a: Tapu Fini\n|switch|p2a: yin|Kyurem-White|100\/100\n|-ability|p2a: yin|Turboblaze\n|\n|upkeep\n|turn|4\n|\n|t:|1647047065\n|switch|p1a: Arceus|Arceus|100\/100\n|move|p2a: yin|Freeze-Dry|p1a: Arceus\n|-damage|p1a: Arceus|76\/100\n|\n|-heal|p1a: Arceus|82\/100|[from] item: Leftovers\n|upkeep\n|turn|5\n|\n|t:|1647047135\n|switch|p2a: sun eater|Necrozma-Dusk-Mane|100\/100\n|move|p1a: Arceus|Judgment|p2a: sun eater\n|-resisted|p2a: sun eater\n|-damage|p2a: sun eater|85\/100\n|\n|-heal|p1a: Arceus|89\/100|[from] item: Leftovers\n|upkeep\n|turn|6\n|\n|t:|1647047203\n|switch|p1a: Zygarde|Zygarde|100\/100\n|-ability|p1a: Zygarde|Aura Break\n|move|p2a: sun eater|Cosmic Power|p2a: sun eater\n|-boost|p2a: sun eater|def|1\n|-boost|p2a: sun eater|spd|1\n|\n|upkeep\n|turn|7\n|\n|t:|1647047247\n|move|p1a: Zygarde|Thousand Arrows|p2a: sun eater\n|-supereffective|p2a: sun eater\n|-crit|p2a: sun eater\n|-damage|p2a: sun eater|0 fnt\n|faint|p2a: sun eater\n|\n|-fieldend|Misty Terrain\n|upkeep\n|j| Bat on Mash\n|c|\u2606john_jr|no way\n|c|\u2606AsterJ|Damn sorry man\n|j| Lorde fan\n|c| Nathan401|restart\n|\n|t:|1647047281\n|switch|p2a: yin|Kyurem-White|100\/100\n|-ability|p2a: yin|Turboblaze\n|turn|8\n|\n|t:|1647047295\n|switch|p1a: Arceus|Arceus|89\/100\n|move|p2a: yin|Freeze-Dry|p1a: Arceus\n|-damage|p1a: Arceus|65\/100\n|\n|-heal|p1a: Arceus|71\/100|[from] item: Leftovers\n|upkeep\n|turn|9\n|\n|t:|1647047302\n|move|p1a: Arceus|Thunder Wave|p2a: yin\n|-status|p2a: yin|par\n|move|p2a: yin|Toxic|p1a: Arceus\n|-status|p1a: Arceus|tox\n|\n|-heal|p1a: Arceus|77\/100 tox|[from] item: Leftovers\n|-damage|p1a: Arceus|71\/100 tox|[from] psn\n|upkeep\n|turn|10\n|\n|t:|1647047331\n|switch|p1a: Nihilego|Nihilego|72\/100\n|move|p2a: yin|Fusion Flare|p1a: Nihilego\n|-resisted|p1a: Nihilego\n|-damage|p1a: Nihilego|58\/100\n|\n|-heal|p1a: Nihilego|64\/100|[from] item: Black Sludge\n|upkeep\n|turn|11\n|\n|t:|1647047349\n|switch|p2a: playboy|Lopunny, M, shiny|100\/100\n|move|p1a: Nihilego|Stealth Rock|p2a: playboy\n|-sidestart|p2: john_jr|move: Stealth Rock\n|\n|-heal|p1a: Nihilego|70\/100|[from] item: Black Sludge\n|upkeep\n|turn|12\n|\n|t:|1647047367\n|switch|p1a: Talonflame|Talonflame, M|100\/100\n|detailschange|p2a: playboy|Lopunny-Mega, M, shiny\n|-mega|p2a: playboy|Lopunny|Lopunnite\n|move|p2a: playboy|Close Combat|p1a: Talonflame\n|-resisted|p1a: Talonflame\n|-damage|p1a: Talonflame|69\/100\n|-unboost|p2a: playboy|def|1\n|-unboost|p2a: playboy|spd|1\n|\n|upkeep\n|turn|13\n|\n|t:|1647047411\n|switch|p2a: goldielocks|Ho-Oh, shiny|100\/100\n|move|p1a: Talonflame|Roost|p1a: Talonflame\n|-heal|p1a: Talonflame|100\/100\n|-singleturn|p1a: Talonflame|move: Roost\n|\n|upkeep\n|turn|14\n|\n|t:|1647047437\n|switch|p2a: yin|Kyurem-White|100\/100 par\n|-ability|p2a: yin|Turboblaze\n|move|p1a: Talonflame|U-turn|p2a: yin\n|-damage|p2a: yin|90\/100 par\n|\n|t:|1647047449\n|switch|p1a: Nihilego|Nihilego|70\/100|[from]move: U-turn\n|\n|-heal|p1a: Nihilego|76\/100|[from] item: Black Sludge\n|upkeep\n|turn|15\n|\n|t:|1647047455\n|switch|p2a: playboy|Lopunny-Mega, M, shiny|100\/100\n|-damage|p2a: playboy|94\/100|[from] Stealth Rock\n|move|p1a: Nihilego|Power Gem|p2a: playboy\n|-resisted|p2a: playboy\n|-damage|p2a: playboy|68\/100\n|\n|-heal|p1a: Nihilego|82\/100|[from] item: Black Sludge\n|upkeep\n|turn|16\n|\n|t:|1647047462\n|switch|p1a: Mawile|Mawile, M|100\/100\n|-ability|p1a: Mawile|Intimidate|boost\n|-fail|p2a: playboy|unboost|Attack|[from] ability: Scrappy|[of] p2a: playboy\n|move|p2a: playboy|Close Combat|p1a: Mawile\n|-damage|p1a: Mawile|9\/100\n|-unboost|p2a: playboy|def|1\n|-unboost|p2a: playboy|spd|1\n|\n|upkeep\n|turn|17\n|\n|t:|1647047478\n|switch|p1a: Talonflame|Talonflame, M|100\/100\n|move|p2a: playboy|Close Combat|p1a: Talonflame\n|-resisted|p1a: Talonflame\n|-damage|p1a: Talonflame|71\/100\n|-unboost|p2a: playboy|def|1\n|-unboost|p2a: playboy|spd|1\n|\n|upkeep\n|turn|18\n|\n|t:|1647047489\n|switch|p2a: goldielocks|Ho-Oh, shiny|100\/100\n|move|p1a: Talonflame|Roost|p1a: Talonflame\n|-heal|p1a: Talonflame|100\/100\n|-singleturn|p1a: Talonflame|move: Roost\n|\n|upkeep\n|turn|19\n|\n|t:|1647047496\n|move|p1a: Talonflame|U-turn|p2a: goldielocks\n|-resisted|p2a: goldielocks\n|-damage|p2a: goldielocks|98\/100\n|\n|t:|1647047500\n|switch|p1a: Zygarde|Zygarde|100\/100|[from]move: U-turn\n|-ability|p1a: Zygarde|Aura Break\n|move|p2a: goldielocks|Brave Bird|p1a: Zygarde\n|-damage|p1a: Zygarde|59\/100\n|-damage|p2a: goldielocks|86\/100|[from] Recoil\n|\n|upkeep\n|turn|20\n|\n|t:|1647047512\n|switch|p2a: cam's girl|Clefable, F|100\/100\n|-damage|p2a: cam's girl|88\/100|[from] Stealth Rock\n|move|p1a: Zygarde|Thousand Arrows|p2a: cam's girl\n|-damage|p2a: cam's girl|42\/100\n|\n|-heal|p2a: cam's girl|48\/100|[from] item: Leftovers\n|upkeep\n|turn|21\n|\n|t:|1647047524\n|switch|p1a: Mawile|Mawile, M|9\/100\n|-ability|p1a: Mawile|Intimidate|boost\n|-unboost|p2a: cam's girl|atk|1\n|move|p2a: cam's girl|Soft-Boiled|p2a: cam's girl\n|-heal|p2a: cam's girl|98\/100\n|\n|-heal|p2a: cam's girl|100\/100|[from] item: Leftovers\n|upkeep\n|turn|22\n|\n|t:|1647047550\n|switch|p2a: goldielocks|Ho-Oh, shiny|100\/100\n|detailschange|p1a: Mawile|Mawile-Mega, M\n|-mega|p1a: Mawile|Mawile|Mawilite\n|move|p1a: Mawile|Knock Off|p2a: goldielocks\n|-crit|p2a: goldielocks\n|-damage|p2a: goldielocks|36\/100\n|-enditem|p2a: goldielocks|Heavy-Duty Boots|[from] move: Knock Off|[of] p1a: Mawile\n|\n|upkeep\n|turn|23\n|\n|t:|1647047571\n|switch|p1a: Nihilego|Nihilego|82\/100\n|move|p2a: goldielocks|Brave Bird|p1a: Nihilego\n|-resisted|p1a: Nihilego\n|-damage|p1a: Nihilego|45\/100\n|-damage|p2a: goldielocks|26\/100|[from] Recoil\n|\n|-heal|p1a: Nihilego|51\/100|[from] item: Black Sludge\n|upkeep\n|turn|24\n|\n|t:|1647047585\n|switch|p2a: playboy|Lopunny-Mega, M, shiny|68\/100\n|-damage|p2a: playboy|62\/100|[from] Stealth Rock\n|move|p1a: Nihilego|Power Gem|p2a: playboy\n|-resisted|p2a: playboy\n|-crit|p2a: playboy\n|-damage|p2a: playboy|20\/100\n|\n|-heal|p1a: Nihilego|57\/100|[from] item: Black Sludge\n|upkeep\n|turn|25\n|c|\u2606john_jr|man\n|c|\u2606AsterJ|Omg\n|c|\u2606john_jr|not my game lmao\n|j| DyeItTight\n|c|\u2606AsterJ|Dude this is ridiculous\n|\n|t:|1647047617\n|switch|p1a: Talonflame|Talonflame, M|100\/100\n|move|p2a: playboy|Close Combat|p1a: Talonflame\n|-resisted|p1a: Talonflame\n|-damage|p1a: Talonflame|72\/100\n|-unboost|p2a: playboy|def|1\n|-unboost|p2a: playboy|spd|1\n|\n|upkeep\n|turn|26\n|\n|t:|1647047626\n|move|p2a: playboy|Close Combat|p1a: Talonflame\n|-resisted|p1a: Talonflame\n|-damage|p1a: Talonflame|43\/100\n|-unboost|p2a: playboy|def|1\n|-unboost|p2a: playboy|spd|1\n|move|p1a: Talonflame|Roost|p1a: Talonflame\n|-heal|p1a: Talonflame|93\/100\n|-singleturn|p1a: Talonflame|move: Roost\n|\n|upkeep\n|turn|27\n|\n|t:|1647047689\n|move|p2a: playboy|Close Combat|p1a: Talonflame\n|-resisted|p1a: Talonflame\n|-damage|p1a: Talonflame|62\/100\n|-unboost|p2a: playboy|def|1\n|-unboost|p2a: playboy|spd|1\n|-status|p2a: playboy|brn|[from] ability: Flame Body|[of] p1a: Talonflame\n|move|p1a: Talonflame|Tailwind|p1a: Talonflame\n|-sidestart|p1: AsterJ|move: Tailwind\n|\n|-damage|p2a: playboy|14\/100 brn|[from] brn\n|upkeep\n|turn|28\n|\n|t:|1647047725\n|switch|p2a: yin|Kyurem-White|90\/100 par\n|-ability|p2a: yin|Turboblaze\n|move|p1a: Talonflame|U-turn|p2a: yin\n|-damage|p2a: yin|80\/100 par\n|\n|t:|1647047731\n|switch|p1a: Mawile|Mawile-Mega, M|9\/100|[from]move: U-turn\n|\n|upkeep\n|turn|29\n|\n|t:|1647047744\n|move|p1a: Mawile|Play Rough|p2a: yin\n|-supereffective|p2a: yin\n|-damage|p2a: yin|0 fnt\n|faint|p2a: yin\n|\n|upkeep\n|\n|t:|1647047808\n|switch|p2a: playboy|Lopunny-Mega, M, shiny|14\/100 brn\n|-damage|p2a: playboy|8\/100 brn|[from] Stealth Rock\n|turn|30\n|\n|t:|1647047817\n|switch|p1a: Talonflame|Talonflame, M|62\/100\n|move|p2a: playboy|Fake Out|p1a: Talonflame\n|-damage|p1a: Talonflame|52\/100\n|\n|-damage|p2a: playboy|2\/100 brn|[from] brn\n|-sideend|p1: AsterJ|move: Tailwind\n|upkeep\n|turn|31\n|\n|t:|1647047831\n|move|p2a: playboy|Facade|p1a: Talonflame\n|-damage|p1a: Talonflame|0 fnt\n|faint|p1a: Talonflame\n|\n|-damage|p2a: playboy|0 fnt|[from] brn\n|faint|p2a: playboy\n|upkeep\n|\n|t:|1647047847\n|switch|p2a: goldielocks|Ho-Oh, shiny|59\/100\n|switch|p1a: Tapu Fini|Tapu Fini|100\/100\n|-fieldstart|move: Misty Terrain|[from] ability: Misty Surge|[of] p1a: Tapu Fini\n|-damage|p2a: goldielocks|9\/100|[from] Stealth Rock\n|turn|32\n|\n|t:|1647047852\n|switch|p1a: Nihilego|Nihilego|57\/100\n|move|p2a: goldielocks|Brave Bird|p1a: Nihilego\n|-resisted|p1a: Nihilego\n|-damage|p1a: Nihilego|18\/100\n|-damage|p2a: goldielocks|0 fnt|[from] Recoil\n|faint|p2a: goldielocks\n|\n|-heal|p1a: Nihilego|24\/100|[from] item: Black Sludge\n|upkeep\n|\n|t:|1647047855\n|switch|p2a: theodore|Arceus-Dark|78\/100\n|-damage|p2a: theodore|65\/100|[from] Stealth Rock\n|turn|33\n|\n|t:|1647047859\n|move|p1a: Nihilego|Clear Smog|p2a: theodore\n|-damage|p2a: theodore|50\/100\n|-clearboost|p2a: theodore\n|move|p2a: theodore|Calm Mind|p2a: theodore\n|-boost|p2a: theodore|spa|1\n|-boost|p2a: theodore|spd|1\n|\n|-heal|p1a: Nihilego|31\/100|[from] item: Black Sludge\n|upkeep\n|turn|34\n|\n|t:|1647047865\n|move|p1a: Nihilego|Clear Smog|p2a: theodore\n|-damage|p2a: theodore|39\/100\n|-clearboost|p2a: theodore\n|move|p2a: theodore|Recover|p2a: theodore\n|-heal|p2a: theodore|89\/100\n|\n|-heal|p1a: Nihilego|37\/100|[from] item: Black Sludge\n|upkeep\n|turn|35\n|\n|t:|1647047879\n|move|p1a: Nihilego|Power Gem|p2a: theodore\n|-damage|p2a: theodore|67\/100\n|move|p2a: theodore|Calm Mind|p2a: theodore\n|-boost|p2a: theodore|spa|1\n|-boost|p2a: theodore|spd|1\n|\n|-heal|p1a: Nihilego|43\/100|[from] item: Black Sludge\n|upkeep\n|turn|36\n|\n|t:|1647047884\n|move|p1a: Nihilego|Clear Smog|p2a: theodore\n|-damage|p2a: theodore|57\/100\n|-clearboost|p2a: theodore\n|move|p2a: theodore|Recover|p2a: theodore\n|-heal|p2a: theodore|100\/100\n|\n|-heal|p1a: Nihilego|49\/100|[from] item: Black Sludge\n|-fieldend|Misty Terrain\n|upkeep\n|turn|37\n|\n|t:|1647047891\n|move|p1a: Nihilego|Power Gem|p2a: theodore\n|-damage|p2a: theodore|78\/100\n|move|p2a: theodore|Judgment|p1a: Nihilego\n|-damage|p1a: Nihilego|13\/100\n|\n|-heal|p1a: Nihilego|19\/100|[from] item: Black Sludge\n|upkeep\n|turn|38\n|\n|t:|1647047897\n|move|p1a: Nihilego|Power Gem|p2a: theodore\n|-damage|p2a: theodore|54\/100\n|move|p2a: theodore|Recover|p2a: theodore\n|-heal|p2a: theodore|100\/100\n|\n|-heal|p1a: Nihilego|25\/100|[from] item: Black Sludge\n|upkeep\n|turn|39\n|\n|t:|1647047903\n|move|p1a: Nihilego|Power Gem|p2a: theodore\n|-damage|p2a: theodore|79\/100\n|move|p2a: theodore|Judgment|p1a: Nihilego\n|-damage|p1a: Nihilego|0 fnt\n|faint|p1a: Nihilego\n|\n|upkeep\n|l| Lorde fan\n|\n|t:|1647047914\n|switch|p1a: Arceus|Arceus|71\/100 tox\n|turn|40\n|l| Bat on Mash\n|\n|t:|1647047927\n|switch|p2a: cam's girl|Clefable, F|100\/100\n|-damage|p2a: cam's girl|88\/100|[from] Stealth Rock\n|move|p1a: Arceus|Thunder Wave|p2a: cam's girl\n|-status|p2a: cam's girl|par\n|\n|-heal|p1a: Arceus|77\/100 tox|[from] item: Leftovers\n|-heal|p2a: cam's girl|94\/100 par|[from] item: Leftovers\n|-damage|p1a: Arceus|71\/100 tox|[from] psn\n|upkeep\n|turn|41\n|\n|t:|1647047944\n|switch|p1a: Zygarde|Zygarde|59\/100\n|-ability|p1a: Zygarde|Aura Break\n|move|p2a: cam's girl|Moonblast|p1a: Zygarde\n|-supereffective|p1a: Zygarde\n|-damage|p1a: Zygarde|3\/100\n|\n|-heal|p2a: cam's girl|99\/100 par|[from] item: Leftovers\n|upkeep\n|turn|42\n|c|\u2606AsterJ|Oops\n|\n|t:|1647047967\n|move|p1a: Zygarde|Thousand Arrows|p2a: cam's girl\n|-damage|p2a: cam's girl|52\/100 par\n|move|p2a: cam's girl|Moonblast|p1a: Zygarde\n|-supereffective|p1a: Zygarde\n|-damage|p1a: Zygarde|0 fnt\n|faint|p1a: Zygarde\n|\n|-heal|p2a: cam's girl|58\/100 par|[from] item: Leftovers\n|upkeep\n|\n|t:|1647047979\n|switch|p1a: Mawile|Mawile-Mega, M|9\/100\n|turn|43\n|\n|t:|1647047982\n|move|p1a: Mawile|Play Rough|p2a: cam's girl\n|-damage|p2a: cam's girl|0 fnt\n|faint|p2a: cam's girl\n|\n|upkeep\n|\n|t:|1647047985\n|switch|p2a: theodore|Arceus-Dark|79\/100\n|-damage|p2a: theodore|67\/100|[from] Stealth Rock\n|turn|44\n|\n|t:|1647047989\n|move|p2a: theodore|Judgment|p1a: Mawile\n|-resisted|p1a: Mawile\n|-damage|p1a: Mawile|0 fnt\n|faint|p1a: Mawile\n|\n|upkeep\n|\n|t:|1647047992\n|switch|p1a: Tapu Fini|Tapu Fini|100\/100\n|-fieldstart|move: Misty Terrain|[from] ability: Misty Surge|[of] p1a: Tapu Fini\n|turn|45\n|\n|t:|1647047994\n|move|p2a: theodore|Calm Mind|p2a: theodore\n|-boost|p2a: theodore|spa|1\n|-boost|p2a: theodore|spd|1\n|move|p1a: Tapu Fini|Moonblast|p2a: theodore\n|-supereffective|p2a: theodore\n|-damage|p2a: theodore|12\/100\n|\n|upkeep\n|turn|46\n|\n|t:|1647047997\n|move|p2a: theodore|Recover|p2a: theodore\n|-heal|p2a: theodore|62\/100\n|move|p1a: Tapu Fini|Moonblast|p2a: theodore\n|-supereffective|p2a: theodore\n|-damage|p2a: theodore|13\/100\n|\n|upkeep\n|turn|47\n|\n|t:|1647047999\n|move|p2a: theodore|Recover|p2a: theodore\n|-heal|p2a: theodore|63\/100\n|move|p1a: Tapu Fini|Moonblast|p2a: theodore\n|-supereffective|p2a: theodore\n|-damage|p2a: theodore|11\/100\n|\n|upkeep\n|turn|48\n|\n|t:|1647048001\n|move|p2a: theodore|Recover|p2a: theodore\n|-heal|p2a: theodore|61\/100\n|move|p1a: Tapu Fini|Moonblast|p2a: theodore\n|-supereffective|p2a: theodore\n|-damage|p2a: theodore|11\/100\n|\n|upkeep\n|turn|49\n|\n|t:|1647048003\n|move|p2a: theodore|Recover|p2a: theodore\n|-heal|p2a: theodore|61\/100\n|move|p1a: Tapu Fini|Moonblast|p2a: theodore\n|-supereffective|p2a: theodore\n|-damage|p2a: theodore|7\/100\n|-unboost|p2a: theodore|spa|1\n|\n|-fieldend|Misty Terrain\n|upkeep\n|turn|50\n|\n|t:|1647048006\n|move|p2a: theodore|Recover|p2a: theodore\n|-heal|p2a: theodore|57\/100\n|move|p1a: Tapu Fini|Moonblast|p2a: theodore\n|-supereffective|p2a: theodore\n|-damage|p2a: theodore|5\/100\n|-unboost|p2a: theodore|spa|1\n|\n|upkeep\n|turn|51\n|\n|t:|1647048008\n|move|p2a: theodore|Judgment|p1a: Tapu Fini\n|-resisted|p1a: Tapu Fini\n|-damage|p1a: Tapu Fini|86\/100\n|move|p1a: Tapu Fini|Moonblast|p2a: theodore\n|-supereffective|p2a: theodore\n|-damage|p2a: theodore|0 fnt\n|faint|p2a: theodore\n|\n|win|AsterJ\n|c|\u2606AsterJ|Bg\n|c|\u2606john_jr|man im gonna be honest. not sure how i didnt win if u didnt crit necro\n|c|\u2606AsterJ|Really sorry dude\n|l| InfernoSam1904\n|c|\u2606AsterJ|What was the Necro?\n|c|\u2606john_jr|cosmic stored weakness morning sun heat wave\n|c|\u2606AsterJ|I did have a way around it with trick Fini in tail wind but yea that was dog shit\n|c|\u2606john_jr|gl in finals\n|c|\u2606AsterJ|Ty\n|l|\u2606john_jr\n|l| DyeItTight\n|l|\u2606AsterJ\n|j|\u2606AsterJ\n|player|p1|AsterJ|asterj.png\n","uploadtime":1647048099,"views":21,"p1id":"asterj","p2id":"johnjr","formatid":"gen8nationaldexdraft","rating":0,"private":0,"password":null}