{"id":"sports-gen8bdspbdspdraft-620407","p1":"Mon43","p2":"AsterJ","format":"gen8bdspbdspdraft","log":"|j|\u2606Mon43\n|j|\u2606AsterJ\n|t:|1648343017\n|gametype|singles\n|player|p1|Mon43|wallace|\n|player|p2|AsterJ|asterj.png|\n|teamsize|p1|6\n|teamsize|p2|6\n|gen|8\n|tier|[Gen 8 BDSP] BDSP Draft\n|rule|Sleep Clause Mod: Limit one foe put to sleep\n|rule|OHKO Clause: OHKO moves are banned\n|rule|Evasion Moves Clause: Evasion moves are banned\n|rule|Endless Battle Clause: Forcing endless battles is banned\n|rule|HP Percentage Mod: HP is shown in percentages\n|clearpoke\n|poke|p1|Gliscor, M|\n|poke|p1|Sceptile, F|\n|poke|p1|Scizor, M|\n|poke|p1|Froslass, F|\n|poke|p1|Dragonite, F|\n|poke|p1|Cresselia, F|\n|poke|p2|Suicune|\n|poke|p2|Rotom-Wash|\n|poke|p2|Garchomp, F|\n|poke|p2|Tyranitar, M|\n|poke|p2|Blissey, F|\n|poke|p2|Vileplume, M|\n|teampreview\n|html|<button name=\"send\" class=\"button\" value=\"\/timer ds\"><i class=\"fa fa-hourglass-start\"><\/i> DS Timer<\/button> <button name=\"send\" class=\"button\" value=\"\/timer smogon\"><i class=\"fa fa-hourglass-start\"><\/i> Smogon Timer<\/button>\n|c|\u2606AsterJ|Hf man\n|j| PorygonTheBot\n|c| PorygonTheBot|Porygon has digitized into the match... booting up... successfully calibrating stats!\n|c|\u2606Mon43|u2!\n|\n|t:|1648343091\n|start\n|switch|p1a: Sceptile|Sceptile, F|100\/100\n|switch|p2a: Tyranitar|Tyranitar, M|100\/100\n|-weather|Sandstorm|[from] ability: Sand Stream|[of] p2a: Tyranitar\n|turn|1\n|\n|t:|1648343099\n|switch|p2a: Vileplume|Vileplume, M|100\/100\n|move|p1a: Sceptile|Leech Seed|p2a: Vileplume\n|-immune|p2a: Vileplume\n|\n|-weather|Sandstorm|[upkeep]\n|-damage|p1a: Sceptile|94\/100|[from] Sandstorm\n|-damage|p2a: Vileplume|94\/100|[from] Sandstorm\n|-heal|p1a: Sceptile|100\/100|[from] item: Leftovers\n|-heal|p2a: Vileplume|100\/100|[from] item: Black Sludge\n|upkeep\n|turn|2\n|\n|t:|1648343114\n|switch|p1a: Scizor|Scizor, M|100\/100\n|move|p2a: Vileplume|Leech Seed|p1a: Scizor\n|-start|p1a: Scizor|move: Leech Seed\n|\n|-weather|Sandstorm|[upkeep]\n|-damage|p2a: Vileplume|94\/100|[from] Sandstorm\n|-heal|p2a: Vileplume|100\/100|[from] item: Black Sludge\n|-damage|p1a: Scizor|88\/100|[from] Leech Seed|[of] p2a: Vileplume\n|upkeep\n|turn|3\n|\n|t:|1648343124\n|move|p2a: Vileplume|Protect|p2a: Vileplume\n|-singleturn|p2a: Vileplume|Protect\n|move|p1a: Scizor|Swords Dance|p1a: Scizor\n|-boost|p1a: Scizor|atk|2\n|\n|-weather|Sandstorm|[upkeep]\n|-damage|p2a: Vileplume|94\/100|[from] Sandstorm\n|-heal|p1a: Scizor|94\/100|[from] item: Leftovers\n|-heal|p2a: Vileplume|100\/100|[from] item: Black Sludge\n|-damage|p1a: Scizor|82\/100|[from] Leech Seed|[of] p2a: Vileplume\n|upkeep\n|turn|4\n|\n|t:|1648343131\n|move|p1a: Scizor|U-turn|p2a: Vileplume\n|-damage|p2a: Vileplume|53\/100\n|\n|t:|1648343139\n|switch|p1a: Froslass|Froslass, F|100\/100|[from]move: U-turn\n|move|p2a: Vileplume|Strength Sap|p1a: Froslass\n|-unboost|p1a: Froslass|atk|1\n|-heal|p2a: Vileplume|95\/100\n|\n|-weather|Sandstorm|[upkeep]\n|-damage|p1a: Froslass|94\/100|[from] Sandstorm\n|-damage|p2a: Vileplume|88\/100|[from] Sandstorm\n|-heal|p2a: Vileplume|95\/100|[from] item: Black Sludge\n|upkeep\n|turn|5\n|\n|t:|1648343161\n|switch|p1a: Scizor|Scizor, M|82\/100\n|switch|p2a: Blissey|Blissey, F|100\/100\n|\n|-weather|none\n|-heal|p1a: Scizor|88\/100|[from] item: Leftovers\n|upkeep\n|turn|6\n|\n|t:|1648343168\n|move|p1a: Scizor|U-turn|p2a: Blissey\n|-damage|p2a: Blissey|60\/100\n|\n|t:|1648343176\n|switch|p1a: Dragonite|Dragonite, F|100\/100|[from]move: U-turn\n|move|p2a: Blissey|Stealth Rock|p1a: Dragonite\n|-sidestart|p1: Mon43|move: Stealth Rock\n|\n|-heal|p2a: Blissey|66\/100|[from] item: Leftovers\n|upkeep\n|turn|7\n|\n|t:|1648343211\n|switch|p2a: Suicune|Suicune|100\/100\n|move|p1a: Dragonite|Dragon Dance|p1a: Dragonite\n|-boost|p1a: Dragonite|atk|1\n|-boost|p1a: Dragonite|spe|1\n|\n|upkeep\n|turn|8\n|\n|t:|1648343228\n|move|p1a: Dragonite|Outrage|p2a: Suicune\n|-damage|p2a: Suicune|32\/100\n|move|p2a: Suicune|Roar|p1a: Dragonite\n|drag|p1a: Cresselia|Cresselia, F|100\/100\n|-damage|p1a: Cresselia|88\/100|[from] Stealth Rock\n|\n|-heal|p2a: Suicune|38\/100|[from] item: Leftovers\n|-heal|p1a: Cresselia|94\/100|[from] item: Leftovers\n|upkeep\n|turn|9\n|\n|t:|1648343248\n|switch|p2a: Tyranitar|Tyranitar, M|100\/100\n|-weather|Sandstorm|[from] ability: Sand Stream|[of] p2a: Tyranitar\n|move|p1a: Cresselia|Psychic|p2a: Tyranitar\n|-immune|p2a: Tyranitar\n|\n|-weather|Sandstorm|[upkeep]\n|-damage|p1a: Cresselia|88\/100|[from] Sandstorm\n|-heal|p1a: Cresselia|94\/100|[from] item: Leftovers\n|upkeep\n|turn|10\n|\n|t:|1648343256\n|switch|p1a: Scizor|Scizor, M|88\/100\n|-damage|p1a: Scizor|75\/100|[from] Stealth Rock\n|move|p2a: Tyranitar|Crunch|p1a: Scizor\n|-damage|p1a: Scizor|49\/100\n|\n|-weather|Sandstorm|[upkeep]\n|-heal|p1a: Scizor|55\/100|[from] item: Leftovers\n|upkeep\n|turn|11\n|\n|t:|1648343261\n|switch|p2a: Rotom|Rotom-Wash|100\/100\n|move|p1a: Scizor|Roost|p1a: Scizor\n|-heal|p1a: Scizor|100\/100\n|-singleturn|p1a: Scizor|move: Roost\n|\n|-weather|Sandstorm|[upkeep]\n|-damage|p2a: Rotom|95\/100|[from] Sandstorm\n|-heal|p2a: Rotom|100\/100|[from] item: Leftovers\n|upkeep\n|turn|12\n|\n|t:|1648343266\n|move|p2a: Rotom|Will-O-Wisp|p1a: Scizor\n|-status|p1a: Scizor|brn\n|move|p1a: Scizor|U-turn|p2a: Rotom\n|-damage|p2a: Rotom|81\/100\n|\n|t:|1648343269\n|switch|p1a: Sceptile|Sceptile, F|100\/100|[from]move: U-turn\n|-damage|p1a: Sceptile|88\/100|[from] Stealth Rock\n|\n|-weather|Sandstorm|[upkeep]\n|-damage|p1a: Sceptile|82\/100|[from] Sandstorm\n|-damage|p2a: Rotom|75\/100|[from] Sandstorm\n|-heal|p1a: Sceptile|88\/100|[from] item: Leftovers\n|-heal|p2a: Rotom|81\/100|[from] item: Leftovers\n|upkeep\n|turn|13\n|\n|t:|1648343276\n|switch|p2a: Vileplume|Vileplume, M|95\/100\n|move|p1a: Sceptile|Dragon Pulse|p2a: Vileplume\n|-damage|p2a: Vileplume|74\/100\n|\n|-weather|none\n|-heal|p1a: Sceptile|94\/100|[from] item: Leftovers\n|-heal|p2a: Vileplume|80\/100|[from] item: Black Sludge\n|upkeep\n|turn|14\n|\n|t:|1648343285\n|switch|p1a: Scizor|Scizor, M|100\/100 brn\n|-damage|p1a: Scizor|88\/100 brn|[from] Stealth Rock\n|move|p2a: Vileplume|Leech Seed|p1a: Scizor\n|-start|p1a: Scizor|move: Leech Seed\n|\n|-heal|p1a: Scizor|94\/100 brn|[from] item: Leftovers\n|-heal|p2a: Vileplume|86\/100|[from] item: Black Sludge\n|-damage|p1a: Scizor|82\/100 brn|[from] Leech Seed|[of] p2a: Vileplume\n|-heal|p2a: Vileplume|99\/100|[silent]\n|-damage|p1a: Scizor|75\/100 brn|[from] brn\n|upkeep\n|turn|15\n|\n|t:|1648343294\n|move|p1a: Scizor|Roost|p1a: Scizor\n|-heal|p1a: Scizor|100\/100 brn\n|-singleturn|p1a: Scizor|move: Roost\n|move|p2a: Vileplume|Leech Seed||[still]\n|-fail|p2a: Vileplume\n|\n|-heal|p2a: Vileplume|100\/100|[from] item: Black Sludge\n|-damage|p1a: Scizor|88\/100 brn|[from] Leech Seed|[of] p2a: Vileplume\n|-damage|p1a: Scizor|82\/100 brn|[from] brn\n|upkeep\n|turn|16\n|\n|t:|1648343306\n|move|p1a: Scizor|U-turn|p2a: Vileplume\n|-damage|p2a: Vileplume|89\/100\n|\n|t:|1648343308\n|switch|p1a: Froslass|Froslass, F|94\/100|[from]move: U-turn\n|-damage|p1a: Froslass|70\/100|[from] Stealth Rock\n|move|p2a: Vileplume|Sludge Bomb|p1a: Froslass\n|-resisted|p1a: Froslass\n|-damage|p1a: Froslass|44\/100\n|-start|p2a: Vileplume|Disable|Sludge Bomb|[from] ability: Cursed Body|[of] p1a: Froslass\n|\n|-heal|p2a: Vileplume|96\/100|[from] item: Black Sludge\n|upkeep\n|turn|17\n|\n|t:|1648343321\n|switch|p2a: Tyranitar|Tyranitar, M|100\/100\n|-weather|Sandstorm|[from] ability: Sand Stream|[of] p2a: Tyranitar\n|move|p1a: Froslass|Switcheroo|p2a: Tyranitar\n|-activate|p1a: Froslass|move: Trick|[of] p2a: Tyranitar\n|-item|p2a: Tyranitar|Choice Scarf|[from] move: Switcheroo\n|-item|p1a: Froslass|Choice Scarf|[from] move: Switcheroo\n|\n|-weather|Sandstorm|[upkeep]\n|-damage|p1a: Froslass|38\/100|[from] Sandstorm\n|upkeep\n|turn|18\n|\n|t:|1648343336\n|switch|p1a: Gliscor|Gliscor, M|100\/100\n|-damage|p1a: Gliscor|88\/100|[from] Stealth Rock\n|move|p2a: Tyranitar|Ice Beam|p1a: Gliscor\n|-supereffective|p1a: Gliscor\n|-damage|p1a: Gliscor|0 fnt\n|faint|p1a: Gliscor\n|\n|-weather|Sandstorm|[upkeep]\n|upkeep\n|\n|t:|1648343346\n|switch|p1a: Sceptile|Sceptile, F|94\/100\n|-damage|p1a: Sceptile|82\/100|[from] Stealth Rock\n|turn|19\n|\n|t:|1648343358\n|switch|p2a: Vileplume|Vileplume, M|96\/100\n|move|p1a: Sceptile|Giga Drain|p2a: Vileplume\n|-resisted|p2a: Vileplume\n|-damage|p2a: Vileplume|88\/100\n|-heal|p1a: Sceptile|86\/100|[from] drain|[of] p2a: Vileplume\n|\n|-weather|Sandstorm|[upkeep]\n|-damage|p1a: Sceptile|80\/100|[from] Sandstorm\n|-damage|p2a: Vileplume|82\/100|[from] Sandstorm\n|-heal|p1a: Sceptile|86\/100|[from] item: Leftovers\n|-heal|p2a: Vileplume|88\/100|[from] item: Black Sludge\n|upkeep\n|turn|20\n|\n|t:|1648343363\n|switch|p1a: Scizor|Scizor, M|82\/100 brn\n|-damage|p1a: Scizor|69\/100 brn|[from] Stealth Rock\n|move|p2a: Vileplume|Sludge Bomb|p1a: Scizor\n|-immune|p1a: Scizor\n|\n|-weather|Sandstorm|[upkeep]\n|-damage|p2a: Vileplume|82\/100|[from] Sandstorm\n|-heal|p1a: Scizor|75\/100 brn|[from] item: Leftovers\n|-heal|p2a: Vileplume|88\/100|[from] item: Black Sludge\n|-damage|p1a: Scizor|69\/100 brn|[from] brn\n|upkeep\n|turn|21\n|\n|t:|1648343370\n|move|p1a: Scizor|Swords Dance|p1a: Scizor\n|-boost|p1a: Scizor|atk|2\n|move|p2a: Vileplume|Leech Seed|p1a: Scizor\n|-start|p1a: Scizor|move: Leech Seed\n|\n|-weather|none\n|-heal|p1a: Scizor|75\/100 brn|[from] item: Leftovers\n|-heal|p2a: Vileplume|95\/100|[from] item: Black Sludge\n|-damage|p1a: Scizor|63\/100 brn|[from] Leech Seed|[of] p2a: Vileplume\n|-heal|p2a: Vileplume|100\/100|[silent]\n|-damage|p1a: Scizor|57\/100 brn|[from] brn\n|upkeep\n|turn|22\n|\n|t:|1648343377\n|move|p1a: Scizor|Roost|p1a: Scizor\n|-heal|p1a: Scizor|100\/100 brn\n|-singleturn|p1a: Scizor|move: Roost\n|move|p2a: Vileplume|Strength Sap|p1a: Scizor\n|-unboost|p1a: Scizor|atk|1\n|\n|-damage|p1a: Scizor|88\/100 brn|[from] Leech Seed|[of] p2a: Vileplume\n|-damage|p1a: Scizor|82\/100 brn|[from] brn\n|upkeep\n|turn|23\n|\n|t:|1648343383\n|switch|p2a: Rotom|Rotom-Wash|81\/100\n|move|p1a: Scizor|Swords Dance|p1a: Scizor\n|-boost|p1a: Scizor|atk|2\n|\n|-heal|p2a: Rotom|87\/100|[from] item: Leftovers\n|-heal|p1a: Scizor|88\/100 brn|[from] item: Leftovers\n|-damage|p1a: Scizor|75\/100 brn|[from] Leech Seed|[of] p2a: Rotom\n|-heal|p2a: Rotom|100\/100|[silent]\n|-damage|p1a: Scizor|69\/100 brn|[from] brn\n|upkeep\n|turn|24\n|\n|t:|1648343391\n|move|p2a: Rotom|Thunderbolt|p1a: Scizor\n|-damage|p1a: Scizor|22\/100 brn\n|move|p1a: Scizor|U-turn|p2a: Rotom\n|-damage|p2a: Rotom|50\/100\n|\n|t:|1648343397\n|switch|p1a: Sceptile|Sceptile, F|86\/100|[from]move: U-turn\n|-damage|p1a: Sceptile|74\/100|[from] Stealth Rock\n|\n|-heal|p1a: Sceptile|80\/100|[from] item: Leftovers\n|-heal|p2a: Rotom|56\/100|[from] item: Leftovers\n|upkeep\n|turn|25\n|\n|t:|1648343404\n|switch|p2a: Vileplume|Vileplume, M|100\/100\n|move|p1a: Sceptile|Dragon Pulse|p2a: Vileplume\n|-damage|p2a: Vileplume|80\/100\n|\n|-heal|p1a: Sceptile|86\/100|[from] item: Leftovers\n|-heal|p2a: Vileplume|86\/100|[from] item: Black Sludge\n|upkeep\n|turn|26\n|\n|t:|1648343415\n|switch|p1a: Scizor|Scizor, M|22\/100 brn\n|-damage|p1a: Scizor|10\/100 brn|[from] Stealth Rock\n|move|p2a: Vileplume|Sludge Bomb|p1a: Scizor\n|-immune|p1a: Scizor\n|\n|-heal|p1a: Scizor|16\/100 brn|[from] item: Leftovers\n|-heal|p2a: Vileplume|92\/100|[from] item: Black Sludge\n|-damage|p1a: Scizor|10\/100 brn|[from] brn\n|upkeep\n|turn|27\n|\n|t:|1648343419\n|switch|p2a: Garchomp|Garchomp, F|100\/100\n|move|p1a: Scizor|Roost|p1a: Scizor\n|-heal|p1a: Scizor|60\/100 brn\n|-singleturn|p1a: Scizor|move: Roost\n|\n|-heal|p1a: Scizor|66\/100 brn|[from] item: Leftovers\n|-damage|p1a: Scizor|60\/100 brn|[from] brn\n|upkeep\n|turn|28\n|\n|t:|1648343439\n|move|p2a: Garchomp|Earthquake|p1a: Scizor\n|-damage|p1a: Scizor|24\/100 brn\n|move|p1a: Scizor|Roost|p1a: Scizor\n|-heal|p1a: Scizor|74\/100 brn\n|-singleturn|p1a: Scizor|move: Roost\n|\n|-heal|p1a: Scizor|80\/100 brn|[from] item: Leftovers\n|-damage|p1a: Scizor|74\/100 brn|[from] brn\n|upkeep\n|turn|29\n|\n|t:|1648343445\n|move|p2a: Garchomp|Swords Dance|p2a: Garchomp\n|-boost|p2a: Garchomp|atk|2\n|move|p1a: Scizor|Roost|p1a: Scizor\n|-heal|p1a: Scizor|100\/100 brn\n|-singleturn|p1a: Scizor|move: Roost\n|\n|-damage|p1a: Scizor|94\/100 brn|[from] brn\n|upkeep\n|turn|30\n|\n|t:|1648343450\n|move|p2a: Garchomp|Dual Chop|p1a: Scizor\n|-resisted|p1a: Scizor\n|-damage|p1a: Scizor|80\/100 brn\n|-resisted|p1a: Scizor\n|-crit|p1a: Scizor\n|-damage|p1a: Scizor|59\/100 brn\n|-hitcount|p1a: Scizor|2\n|move|p1a: Scizor|U-turn|p2a: Garchomp\n|-damage|p2a: Garchomp|88\/100\n|-damage|p1a: Scizor|46\/100 brn|[from] ability: Rough Skin|[of] p2a: Garchomp\n|\n|t:|1648343467\n|switch|p1a: Froslass|Froslass, F|38\/100|[from]move: U-turn\n|-damage|p1a: Froslass|13\/100|[from] Stealth Rock\n|\n|-heal|p2a: Garchomp|95\/100|[from] item: Leftovers\n|upkeep\n|turn|31\n|\n|t:|1648343473\n|switch|p2a: Tyranitar|Tyranitar, M|100\/100\n|-weather|Sandstorm|[from] ability: Sand Stream|[of] p2a: Tyranitar\n|move|p1a: Froslass|Ice Beam|p2a: Tyranitar\n|-damage|p2a: Tyranitar|76\/100\n|\n|-weather|Sandstorm|[upkeep]\n|-damage|p1a: Froslass|7\/100|[from] Sandstorm\n|upkeep\n|turn|32\n|\n|t:|1648343486\n|move|p1a: Froslass|Ice Beam|p2a: Tyranitar\n|-damage|p2a: Tyranitar|53\/100\n|move|p2a: Tyranitar|Crunch|p1a: Froslass\n|-supereffective|p1a: Froslass\n|-damage|p1a: Froslass|0 fnt\n|-start|p2a: Tyranitar|Disable|Crunch|[from] ability: Cursed Body|[of] p1a: Froslass\n|faint|p1a: Froslass\n|\n|-weather|Sandstorm|[upkeep]\n|upkeep\n|\n|t:|1648343491\n|switch|p1a: Dragonite|Dragonite, F|100\/100\n|-damage|p1a: Dragonite|76\/100|[from] Stealth Rock\n|turn|33\n|\n|t:|1648343521\n|switch|p2a: Suicune|Suicune|38\/100\n|move|p1a: Dragonite|Dragon Dance|p1a: Dragonite\n|-boost|p1a: Dragonite|atk|1\n|-boost|p1a: Dragonite|spe|1\n|\n|-weather|Sandstorm|[upkeep]\n|-damage|p1a: Dragonite|70\/100|[from] Sandstorm\n|-damage|p2a: Suicune|32\/100|[from] Sandstorm\n|-heal|p2a: Suicune|38\/100|[from] item: Leftovers\n|upkeep\n|turn|34\n|\n|t:|1648343526\n|move|p1a: Dragonite|Outrage|p2a: Suicune\n|-damage|p2a: Suicune|0 fnt\n|faint|p2a: Suicune\n|\n|-weather|Sandstorm|[upkeep]\n|-damage|p1a: Dragonite|63\/100|[from] Sandstorm\n|upkeep\n|\n|t:|1648343528\n|switch|p2a: Vileplume|Vileplume, M|92\/100\n|turn|35\n|\n|t:|1648343531\n|move|p1a: Dragonite|Outrage|p2a: Vileplume|[from]lockedmove\n|-damage|p2a: Vileplume|6\/100\n|-status|p1a: Dragonite|psn|[from] ability: Effect Spore|[of] p2a: Vileplume\n|-enditem|p1a: Dragonite|Lum Berry|[eat]\n|-curestatus|p1a: Dragonite|psn|[msg]\n|move|p2a: Vileplume|Strength Sap|p1a: Dragonite\n|-unboost|p1a: Dragonite|atk|1\n|-heal|p2a: Vileplume|100\/100\n|\n|-weather|none\n|upkeep\n|turn|36\n|\n|t:|1648343539\n|move|p1a: Dragonite|Outrage|p2a: Vileplume|[from]lockedmove\n|-damage|p2a: Vileplume|44\/100\n|-status|p1a: Dragonite|slp|[from] ability: Effect Spore|[of] p2a: Vileplume\n|-start|p1a: Dragonite|confusion|[fatigue]\n|move|p2a: Vileplume|Leech Seed|p1a: Dragonite\n|-start|p1a: Dragonite|move: Leech Seed\n|\n|-heal|p2a: Vileplume|50\/100|[from] item: Black Sludge\n|-damage|p1a: Dragonite|51\/100 slp|[from] Leech Seed|[of] p2a: Vileplume\n|-heal|p2a: Vileplume|61\/100|[silent]\n|upkeep\n|turn|37\n|\n|t:|1648343555\n|switch|p1a: Cresselia|Cresselia, F|94\/100\n|-damage|p1a: Cresselia|82\/100|[from] Stealth Rock\n|move|p2a: Vileplume|Strength Sap|p1a: Cresselia\n|-unboost|p1a: Cresselia|atk|1\n|-heal|p2a: Vileplume|98\/100\n|\n|-heal|p1a: Cresselia|88\/100|[from] item: Leftovers\n|-heal|p2a: Vileplume|100\/100|[from] item: Black Sludge\n|upkeep\n|turn|38\n|\n|t:|1648343561\n|switch|p2a: Blissey|Blissey, F|66\/100\n|move|p1a: Cresselia|Calm Mind|p1a: Cresselia\n|-boost|p1a: Cresselia|spa|1\n|-boost|p1a: Cresselia|spd|1\n|\n|-heal|p1a: Cresselia|94\/100|[from] item: Leftovers\n|-heal|p2a: Blissey|72\/100|[from] item: Leftovers\n|upkeep\n|turn|39\n|\n|t:|1648343564\n|move|p1a: Cresselia|Calm Mind|p1a: Cresselia\n|-boost|p1a: Cresselia|spa|1\n|-boost|p1a: Cresselia|spd|1\n|move|p2a: Blissey|Calm Mind|p2a: Blissey\n|-boost|p2a: Blissey|spa|1\n|-boost|p2a: Blissey|spd|1\n|\n|-heal|p1a: Cresselia|99\/100|[from] item: Leftovers\n|-heal|p2a: Blissey|79\/100|[from] item: Leftovers\n|upkeep\n|turn|40\n|\n|t:|1648343574\n|move|p1a: Cresselia|Calm Mind|p1a: Cresselia\n|-boost|p1a: Cresselia|spa|1\n|-boost|p1a: Cresselia|spd|1\n|move|p2a: Blissey|Calm Mind|p2a: Blissey\n|-boost|p2a: Blissey|spa|1\n|-boost|p2a: Blissey|spd|1\n|\n|-heal|p1a: Cresselia|100\/100|[from] item: Leftovers\n|-heal|p2a: Blissey|85\/100|[from] item: Leftovers\n|upkeep\n|turn|41\n|\n|t:|1648343577\n|move|p1a: Cresselia|Psychic|p2a: Blissey\n|-damage|p2a: Blissey|76\/100\n|move|p2a: Blissey|Calm Mind|p2a: Blissey\n|-boost|p2a: Blissey|spa|1\n|-boost|p2a: Blissey|spd|1\n|\n|-heal|p2a: Blissey|82\/100|[from] item: Leftovers\n|upkeep\n|turn|42\n|j|^TheCanadianKid\n|\n|t:|1648343579\n|switch|p1a: Dragonite|Dragonite, F|51\/100 slp\n|-damage|p1a: Dragonite|26\/100 slp|[from] Stealth Rock\n|move|p2a: Blissey|Calm Mind|p2a: Blissey\n|-boost|p2a: Blissey|spa|1\n|-boost|p2a: Blissey|spd|1\n|\n|-heal|p2a: Blissey|88\/100|[from] item: Leftovers\n|upkeep\n|turn|43\n|\n|t:|1648343582\n|cant|p1a: Dragonite|slp\n|move|p2a: Blissey|Echoed Voice|p1a: Dragonite\n|-damage|p1a: Dragonite|0 fnt\n|faint|p1a: Dragonite\n|\n|-heal|p2a: Blissey|94\/100|[from] item: Leftovers\n|upkeep\n|\n|t:|1648343585\n|switch|p1a: Scizor|Scizor, M|46\/100 brn\n|-damage|p1a: Scizor|34\/100 brn|[from] Stealth Rock\n|turn|44\n|\n|t:|1648343588\n|move|p1a: Scizor|Roost|p1a: Scizor\n|-heal|p1a: Scizor|84\/100 brn\n|-singleturn|p1a: Scizor|move: Roost\n|move|p2a: Blissey|Echoed Voice|p1a: Scizor\n|-resisted|p1a: Scizor\n|-damage|p1a: Scizor|39\/100 brn\n|\n|-heal|p1a: Scizor|45\/100 brn|[from] item: Leftovers\n|-heal|p2a: Blissey|100\/100|[from] item: Leftovers\n|-damage|p1a: Scizor|39\/100 brn|[from] brn\n|upkeep\n|turn|45\n|\n|t:|1648343592\n|move|p1a: Scizor|Bullet Punch|p2a: Blissey\n|-damage|p2a: Blissey|86\/100\n|move|p2a: Blissey|Echoed Voice|p1a: Scizor\n|-resisted|p1a: Scizor\n|-damage|p1a: Scizor|0 fnt\n|faint|p1a: Scizor\n|\n|-heal|p2a: Blissey|92\/100|[from] item: Leftovers\n|upkeep\n|c|\u2606Mon43|gg\n|\n|t:|1648343597\n|switch|p1a: Sceptile|Sceptile, F|86\/100\n|-damage|p1a: Sceptile|74\/100|[from] Stealth Rock\n|turn|46\n|c|\u2606AsterJ|Gg bro\n|\n|t:|1648343603\n|move|p1a: Sceptile|Leech Seed|p2a: Blissey\n|-start|p2a: Blissey|move: Leech Seed\n|move|p2a: Blissey|Echoed Voice|p1a: Sceptile\n|-damage|p1a: Sceptile|0 fnt\n|faint|p1a: Sceptile\n|\n|-heal|p2a: Blissey|98\/100|[from] item: Leftovers\n|upkeep\n|\n|t:|1648343608\n|switch|p1a: Cresselia|Cresselia, F|100\/100\n|-damage|p1a: Cresselia|88\/100|[from] Stealth Rock\n|turn|47\n|\n|t:|1648343620\n|switch|p2a: Vileplume|Vileplume, M|100\/100\n|move|p1a: Cresselia|Calm Mind|p1a: Cresselia\n|-boost|p1a: Cresselia|spa|1\n|-boost|p1a: Cresselia|spd|1\n|\n|-heal|p1a: Cresselia|94\/100|[from] item: Leftovers\n|upkeep\n|turn|48\n|\n|t:|1648343623\n|move|p1a: Cresselia|Psychic|p2a: Vileplume\n|-supereffective|p2a: Vileplume\n|-damage|p2a: Vileplume|25\/100\n|move|p2a: Vileplume|Leech Seed|p1a: Cresselia\n|-start|p1a: Cresselia|move: Leech Seed\n|\n|-heal|p1a: Cresselia|99\/100|[from] item: Leftovers\n|-heal|p2a: Vileplume|31\/100|[from] item: Black Sludge\n|-damage|p1a: Cresselia|88\/100|[from] Leech Seed|[of] p2a: Vileplume\n|-heal|p2a: Vileplume|47\/100|[silent]\n|upkeep\n|turn|49\n|\n|t:|1648343627\n|switch|p2a: Tyranitar|Tyranitar, M|53\/100\n|-weather|Sandstorm|[from] ability: Sand Stream|[of] p2a: Tyranitar\n|move|p1a: Cresselia|Psychic|p2a: Tyranitar\n|-immune|p2a: Tyranitar\n|\n|-weather|Sandstorm|[upkeep]\n|-damage|p1a: Cresselia|82\/100|[from] Sandstorm\n|-heal|p1a: Cresselia|88\/100|[from] item: Leftovers\n|-damage|p1a: Cresselia|75\/100|[from] Leech Seed|[of] p2a: Tyranitar\n|-heal|p2a: Tyranitar|68\/100|[silent]\n|upkeep\n|turn|50\n|\n|t:|1648343629\n|move|p2a: Tyranitar|Crunch|p1a: Cresselia\n|-supereffective|p1a: Cresselia\n|-damage|p1a: Cresselia|40\/100\n|move|p1a: Cresselia|Moonblast|p2a: Tyranitar\n|-supereffective|p2a: Tyranitar\n|-damage|p2a: Tyranitar|28\/100\n|\n|-weather|Sandstorm|[upkeep]\n|-damage|p1a: Cresselia|34\/100|[from] Sandstorm\n|-heal|p1a: Cresselia|40\/100|[from] item: Leftovers\n|-damage|p1a: Cresselia|28\/100|[from] Leech Seed|[of] p2a: Tyranitar\n|-heal|p2a: Tyranitar|44\/100|[silent]\n|upkeep\n|turn|51\n|\n|t:|1648343633\n|move|p2a: Tyranitar|Crunch|p1a: Cresselia\n|-supereffective|p1a: Cresselia\n|-damage|p1a: Cresselia|0 fnt\n|faint|p1a: Cresselia\n|\n|win|AsterJ\n|l| PorygonTheBot\n|c|\u2606AsterJ|Scary ass dnite\n|c|\u2606AsterJ|I hate that thing\n|c|\u2606Mon43|haha the perfect effects spores to put it down\n|c|\u2606Mon43|it's so fun to use\n|c|\u2606AsterJ|Yea had to go off that\n|c|\u2606AsterJ|No fairy is so rough\n|c|\u2606AsterJ|Fuck bdsp XD\n|c|\u2606Mon43|ikr lol\n|c|\u2606Mon43|I was thinking earlier if I should dclaw over outrage then looked and noticed no one on your team could take it\n|c|\u2606AsterJ|Yea basically\n|c|\u2606AsterJ|Had to rely on speed and effect spores\/strength sap\n|c|\u2606Mon43|it came up in the end\n|c|\u2606AsterJ|Aight imma go beat Matt in finals for ya\n|c|\u2606Mon43|good\n|c|\u2606AsterJ|GG's bro, it's always fun playing u\n|c|\u2606Mon43|you better gg!\n|l|\u2606AsterJ\n|j|\u2606AsterJ\n|player|p2|AsterJ|asterj.png\n","uploadtime":1648343635,"views":13,"p1id":"mon43","p2id":"asterj","formatid":"gen8bdspbdspdraft","rating":0,"private":0,"password":null}