{"id":"sports-gen8galardexdraft-505203","p1":"Skyho","p2":"AsterJ","format":"gen8galardexdraft","log":"|j|\u2606Skyho\n|j|\u2606AsterJ\n|t:|1632095676\n|gametype|singles\n|player|p1|Skyho|skyho.png|\n|player|p2|AsterJ|asterj.png|\n|teamsize|p1|6\n|teamsize|p2|6\n|gen|8\n|tier|[Gen 8] Galar Dex Draft\n|rule|Sleep Clause Mod: Limit one foe put to sleep\n|rule|OHKO Clause: OHKO moves are banned\n|rule|Evasion Moves Clause: Evasion moves are banned\n|rule|Endless Battle Clause: Forcing endless battles is banned\n|rule|HP Percentage Mod: HP is shown in percentages\n|rule|Dynamax Clause: You cannot dynamax\n|clearpoke\n|poke|p1|Slowbro, M|\n|poke|p1|Garchomp, F|\n|poke|p1|Drapion, M|\n|poke|p1|Raikou|\n|poke|p1|Togekiss, F|\n|poke|p1|Registeel|\n|poke|p2|Landorus-Therian, M|\n|poke|p2|Latios, M|\n|poke|p2|Melmetal|\n|poke|p2|Moltres-Galar|\n|poke|p2|Golurk|\n|poke|p2|Whimsicott, M|\n|teampreview\n|html|<button name=\"send\" class=\"button\" value=\"\/timer ds\"><i class=\"fa fa-hourglass-start\"><\/i> DS Timer<\/button> <button name=\"send\" class=\"button\" value=\"\/timer smogon\"><i class=\"fa fa-hourglass-start\"><\/i> Smogon Timer<\/button>\n|c|\u2606AsterJ|gl hv man\n|c|\u2606AsterJ|and congrats again\n|c|\u2606Skyho|gl mate\n|c|\u2606AsterJ|hf*\n|c|\u2606Skyho|ty\n|c|\u2606Skyho|Hf with this one\n|c|\u2606AsterJ|of course\n|j| EGADrifblims\n|j| palkia62\n|j|^The Rissoux\n|j| Trick of Odin\n|j| Espada Ves\n|j| DevilShinra\n|j| NathanDevious\n|j| Epy_ll\n|j| CertifiedLarperBoy\n|\n|t:|1632095740\n|start\n|switch|p1a: Drapion|Drapion, M|100\/100\n|switch|p2a: Glopper|Golurk, shiny|100\/100\n|turn|1\n|\n|t:|1632095752\n|move|p1a: Drapion|Knock Off|p2a: Glopper\n|-supereffective|p2a: Glopper\n|-damage|p2a: Glopper|13\/100\n|-enditem|p2a: Glopper|Spell Tag|[from] move: Knock Off|[of] p1a: Drapion\n|move|p2a: Glopper|Stealth Rock|p1a: Drapion\n|-sidestart|p1: Skyho|move: Stealth Rock\n|\n|upkeep\n|turn|2\n|j| Omnipotent Olli\n|j| Hoot42\n|\n|t:|1632095759\n|move|p1a: Drapion|Knock Off|p2a: Glopper\n|-supereffective|p2a: Glopper\n|-damage|p2a: Glopper|0 fnt\n|faint|p2a: Glopper\n|\n|upkeep\n|j| DIE FOR MY BITCH\n|j| tortuga desnuda\n|\n|t:|1632095763\n|switch|p2a: Gypsy|Landorus-Therian, M|100\/100\n|-ability|p2a: Gypsy|Intimidate|boost\n|-unboost|p1a: Drapion|atk|1\n|turn|3\n|j| Blitzburgh\n|j| TheGreatSplurge\n|j| Shadowblast\n|\n|t:|1632095777\n|move|p1a: Drapion|Knock Off|p2a: Gypsy\n|-damage|p2a: Gypsy|78\/100\n|-enditem|p2a: Gypsy|Mago Berry|[from] move: Knock Off|[of] p1a: Drapion\n|move|p2a: Gypsy|Earthquake|p1a: Drapion\n|-supereffective|p1a: Drapion\n|-enditem|p1a: Drapion|Shuca Berry|[eat]\n|-enditem|p1a: Drapion|Shuca Berry|[weaken]\n|-damage|p1a: Drapion|54\/100\n|\n|upkeep\n|turn|4\n|j| UnviaSlick\n|j| IronFlashGaming\n|j| Blit gomv\n|c|\u2606Skyho|!dt mago berry\n|raw|<ul class=\"utilichart\"><li class=\"result\"><span class=\"col itemiconcol\"><psicon item=\"magoberry\"><\/span> <span class=\"col namecol\"><a href=\"https:\/\/dex.pokemonshowdown.com\/items\/magoberry\">Mago Berry<\/a><\/span> <span class=\"col itemdesccol\">Restores 33% max HP at 1\/4 max HP or less; confuses if -Spe Nature. Single use.<\/span> <\/li><li style=\"clear:both\"><\/li><\/ul>\n|raw|<font size=\"1\"><font color=\"#686868\">Gen:<\/font> 3&nbsp;|&ThickSpace;<font color=\"#686868\">Fling Base Power:<\/font> 10&nbsp;|&ThickSpace;<font color=\"#686868\">Fling Effect:<\/font> Activates the Berry's effect on the target.&nbsp;|&ThickSpace;<font color=\"#686868\">Natural Gift Type:<\/font> Ghost&nbsp;|&ThickSpace;<font color=\"#686868\">Natural Gift Base Power:<\/font> 80<\/font>\n\n|\n|t:|1632095797\n|move|p1a: Drapion|Ice Fang|p2a: Gypsy\n|-supereffective|p2a: Gypsy\n|-damage|p2a: Gypsy|33\/100\n|move|p2a: Gypsy|Earthquake|p1a: Drapion\n|-supereffective|p1a: Drapion\n|-damage|p1a: Drapion|0 fnt\n|faint|p1a: Drapion\n|\n|upkeep\n|j| obi3\n|j| PikachuZappyZap\n|j| Gypsy King\n|\n|t:|1632095811\n|switch|p1a: Raikou|Raikou|100\/100\n|-damage|p1a: Raikou|88\/100|[from] Stealth Rock\n|-ability|p1a: Raikou|Pressure\n|turn|5\n|\n|t:|1632095815\n|switch|p2a: Ben|Whimsicott, M, shiny|100\/100\n|move|p1a: Raikou|Scald|p2a: Ben\n|-resisted|p2a: Ben\n|-damage|p2a: Ben|81\/100\n|-status|p2a: Ben|brn\n|\n|-heal|p1a: Raikou|94\/100|[from] item: Leftovers\n|-damage|p2a: Ben|75\/100 brn|[from] brn\n|upkeep\n|turn|6\n|\n|t:|1632095826\n|switch|p1a: Registeel|Registeel|100\/100\n|-damage|p1a: Registeel|94\/100|[from] Stealth Rock\n|move|p2a: Ben|Moonblast|p1a: Registeel\n|-resisted|p1a: Registeel\n|-damage|p1a: Registeel|85\/100\n|\n|-heal|p1a: Registeel|91\/100|[from] item: Leftovers\n|-damage|p2a: Ben|69\/100 brn|[from] brn\n|upkeep\n|turn|7\n|\n|t:|1632095834\n|switch|p2a: Akki|Melmetal|100\/100\n|move|p1a: Registeel|Stealth Rock|p2a: Akki\n|-sidestart|p2: AsterJ|move: Stealth Rock\n|\n|-heal|p1a: Registeel|97\/100|[from] item: Leftovers\n|upkeep\n|turn|8\n|\n|t:|1632095837\n|move|p1a: Registeel|Iron Defense|p1a: Registeel\n|-boost|p1a: Registeel|def|2\n|move|p2a: Akki|Substitute|p2a: Akki\n|-start|p2a: Akki|Substitute\n|-damage|p2a: Akki|76\/100\n|\n|-heal|p1a: Registeel|100\/100|[from] item: Leftovers\n|-heal|p2a: Akki|82\/100|[from] item: Leftovers\n|upkeep\n|turn|9\n|j| Turkehy\n|\n|t:|1632095841\n|move|p1a: Registeel|Body Press|p2a: Akki\n|-supereffective|p2a: Akki\n|-end|p2a: Akki|Substitute\n|move|p2a: Akki|Acid Armor|p2a: Akki\n|-boost|p2a: Akki|def|2\n|\n|-heal|p2a: Akki|88\/100|[from] item: Leftovers\n|upkeep\n|turn|10\n|\n|t:|1632095857\n|move|p1a: Registeel|Iron Defense|p1a: Registeel\n|-boost|p1a: Registeel|def|2\n|move|p2a: Akki|Acid Armor|p2a: Akki\n|-boost|p2a: Akki|def|2\n|\n|-heal|p2a: Akki|94\/100|[from] item: Leftovers\n|upkeep\n|turn|11\n|l| CertifiedLarperBoy\n|j| tapuwae\n|j| Raichu Diabetico\n|\n|t:|1632095867\n|move|p1a: Registeel|Iron Defense|p1a: Registeel\n|-boost|p1a: Registeel|def|2\n|move|p2a: Akki|Acid Armor|p2a: Akki\n|-boost|p2a: Akki|def|2\n|\n|-heal|p2a: Akki|100\/100|[from] item: Leftovers\n|upkeep\n|turn|12\n|\n|t:|1632095873\n|move|p1a: Registeel|Body Press|p2a: Akki\n|-supereffective|p2a: Akki\n|-damage|p2a: Akki|71\/100\n|move|p2a: Akki|Body Press|p1a: Registeel\n|-supereffective|p1a: Registeel\n|-damage|p1a: Registeel|67\/100\n|\n|-heal|p1a: Registeel|73\/100|[from] item: Leftovers\n|-heal|p2a: Akki|77\/100|[from] item: Leftovers\n|upkeep\n|turn|13\n|j| simpleton0069\n|j| deez streetz w\n|\n|t:|1632095883\n|move|p1a: Registeel|Body Press|p2a: Akki\n|-supereffective|p2a: Akki\n|-damage|p2a: Akki|50\/100\n|move|p2a: Akki|Body Press|p1a: Registeel\n|-supereffective|p1a: Registeel\n|-damage|p1a: Registeel|39\/100\n|\n|-heal|p1a: Registeel|45\/100|[from] item: Leftovers\n|-heal|p2a: Akki|56\/100|[from] item: Leftovers\n|upkeep\n|turn|14\n|c| PikachuZappyZap|powerful\n|\n|t:|1632095897\n|move|p1a: Registeel|Body Press|p2a: Akki\n|-supereffective|p2a: Akki\n|-damage|p2a: Akki|30\/100\n|move|p2a: Akki|Body Press|p1a: Registeel\n|-supereffective|p1a: Registeel\n|-damage|p1a: Registeel|10\/100\n|\n|-heal|p1a: Registeel|16\/100|[from] item: Leftovers\n|-heal|p2a: Akki|36\/100|[from] item: Leftovers\n|upkeep\n|turn|15\n|j| sablolol\n|\n|t:|1632095903\n|move|p1a: Registeel|Body Press|p2a: Akki\n|-supereffective|p2a: Akki\n|-damage|p2a: Akki|6\/100\n|move|p2a: Akki|Body Press|p1a: Registeel\n|-supereffective|p1a: Registeel\n|-damage|p1a: Registeel|0 fnt\n|faint|p1a: Registeel\n|\n|-heal|p2a: Akki|12\/100|[from] item: Leftovers\n|upkeep\n|\n|t:|1632095909\n|switch|p1a: Raikou|Raikou|94\/100\n|-damage|p1a: Raikou|82\/100|[from] Stealth Rock\n|-ability|p1a: Raikou|Pressure\n|turn|16\n|\n|t:|1632095916\n|move|p1a: Raikou|Thunderbolt|p2a: Akki\n|-damage|p2a: Akki|0 fnt\n|faint|p2a: Akki\n|\n|-heal|p1a: Raikou|88\/100|[from] item: Leftovers\n|upkeep\n|j|@BoomBoomBoo\n|\n|t:|1632095924\n|switch|p2a: Lucky Dog|Latios, M, shiny|100\/100\n|-damage|p2a: Lucky Dog|88\/100|[from] Stealth Rock\n|turn|17\n|\n|t:|1632095930\n|move|p2a: Lucky Dog|Psyshock|p1a: Raikou\n|-damage|p1a: Raikou|18\/100\n|-damage|p2a: Lucky Dog|78\/100|[from] item: Life Orb\n|move|p1a: Raikou|Snarl|p2a: Lucky Dog\n|-supereffective|p2a: Lucky Dog\n|-damage|p2a: Lucky Dog|45\/100\n|-unboost|p2a: Lucky Dog|spa|1\n|\n|-heal|p1a: Raikou|24\/100|[from] item: Leftovers\n|upkeep\n|turn|18\n|j| Galarian Stampede\n|j| Turkitty\n|c| tortuga desnuda|epic \n|j| kurse\n|\n|t:|1632095960\n|switch|p1a: Slowbro|Slowbro, M|100\/100\n|-damage|p1a: Slowbro|88\/100|[from] Stealth Rock\n|move|p2a: Lucky Dog|Roost|p2a: Lucky Dog\n|-heal|p2a: Lucky Dog|95\/100\n|-singleturn|p2a: Lucky Dog|move: Roost\n|\n|upkeep\n|turn|19\n|\n|t:|1632095973\n|switch|p2a: Ben|Whimsicott, M, shiny|69\/100 brn\n|-damage|p2a: Ben|56\/100 brn|[from] Stealth Rock\n|move|p1a: Slowbro|Teleport|p1a: Slowbro\n|j| ddrakloak\n|l| Blit gomv\n|\n|t:|1632096004\n|switch|p1a: Togekiss|Togekiss, F|100\/100|[from]move: Teleport\n|\n|-damage|p2a: Ben|50\/100 brn|[from] brn\n|upkeep\n|turn|20\n|j| Foncts\n|\n|t:|1632096059\n|switch|p1a: Slowbro|Slowbro, M|100\/100\n|-damage|p1a: Slowbro|88\/100|[from] Stealth Rock\n|move|p2a: Ben|U-turn|p1a: Slowbro\n|-supereffective|p1a: Slowbro\n|-damage|p1a: Slowbro|81\/100\n|j| Gorila Tactics\n|\n|t:|1632096065\n|switch|p2a: Gypsy|Landorus-Therian, M|33\/100|[from]move: U-turn\n|-damage|p2a: Gypsy|21\/100|[from] Stealth Rock\n|-ability|p2a: Gypsy|Intimidate|boost\n|-unboost|p1a: Slowbro|atk|1\n|\n|upkeep\n|turn|21\n|j| CertifiedLarperBoy\n|\n|t:|1632096086\n|move|p2a: Gypsy|Knock Off|p1a: Slowbro\n|-supereffective|p1a: Slowbro\n|-damage|p1a: Slowbro|55\/100\n|move|p1a: Slowbro|Teleport|p1a: Slowbro\n|\n|t:|1632096099\n|switch|p1a: Garchomp|Garchomp, F|100\/100|[from]move: Teleport\n|-damage|p1a: Garchomp|94\/100|[from] Stealth Rock\n|\n|upkeep\n|turn|22\n|\n|t:|1632096103\n|move|p1a: Garchomp|Stone Edge|p2a: Gypsy|[miss]\n|-miss|p1a: Garchomp|p2a: Gypsy\n|move|p2a: Gypsy|Explosion|p1a: Garchomp\n|-damage|p1a: Garchomp|16\/100\n|faint|p2a: Gypsy\n|\n|upkeep\n|c| Turkehy|deserved?\n|c| Turkitty|Rhv moment\n|\n|t:|1632096128\n|switch|p2a: Ben|Whimsicott, M, shiny|50\/100 brn\n|-damage|p2a: Ben|38\/100 brn|[from] Stealth Rock\n|turn|23\n|j| Telekino City\n|\n|t:|1632096147\n|move|p2a: Ben|Moonblast|p1a: Garchomp\n|-supereffective|p1a: Garchomp\n|-damage|p1a: Garchomp|0 fnt\n|faint|p1a: Garchomp\n|\n|-damage|p2a: Ben|32\/100 brn|[from] brn\n|upkeep\n|\n|t:|1632096149\n|switch|p1a: Togekiss|Togekiss, F|100\/100\n|turn|24\n|l| Foncts\n|j| Baconborne\n|\n|t:|1632096200\n|switch|p2a: Lucky Dog|Latios, M, shiny|95\/100\n|-damage|p2a: Lucky Dog|83\/100|[from] Stealth Rock\n|move|p1a: Togekiss|Draining Kiss|p2a: Lucky Dog\n|-supereffective|p2a: Lucky Dog\n|-damage|p2a: Lucky Dog|28\/100\n|\n|upkeep\n|turn|25\n|j| OPJellicent\n|\n|t:|1632096267\n|move|p2a: Lucky Dog|Psyshock|p1a: Togekiss\n|-damage|p1a: Togekiss|45\/100\n|-damage|p2a: Lucky Dog|18\/100|[from] item: Life Orb\n|move|p1a: Togekiss|Draining Kiss|p2a: Lucky Dog\n|-supereffective|p2a: Lucky Dog\n|-damage|p2a: Lucky Dog|0 fnt\n|-heal|p1a: Togekiss|58\/100|[from] drain|[of] p2a: Lucky Dog\n|faint|p2a: Lucky Dog\n|\n|upkeep\n|\n|t:|1632096273\n|switch|p2a: Ben|Whimsicott, M, shiny|32\/100 brn\n|-damage|p2a: Ben|19\/100 brn|[from] Stealth Rock\n|turn|26\n|\n|t:|1632096276\n|move|p2a: Ben|Memento|p1a: Togekiss\n|-unboost|p1a: Togekiss|atk|2\n|-unboost|p1a: Togekiss|spa|2\n|faint|p2a: Ben\n|move|p1a: Togekiss|Draining Kiss|p2: Ben|[notarget]\n|-fail|p1a: Togekiss\n|\n|upkeep\n|\n|t:|1632096281\n|switch|p2a: Turk|Moltres-Galar|100\/100\n|-damage|p2a: Turk|76\/100|[from] Stealth Rock\n|turn|27\n|\n|t:|1632096286\n|move|p2a: Turk|Nasty Plot|p2a: Turk\n|-boost|p2a: Turk|spa|2\n|move|p1a: Togekiss|Nasty Plot|p1a: Togekiss\n|-boost|p1a: Togekiss|spa|2\n|\n|upkeep\n|turn|28\n|\n|t:|1632096290\n|move|p2a: Turk|Agility|p2a: Turk\n|-boost|p2a: Turk|spe|2\n|move|p1a: Togekiss|Draining Kiss|p2a: Turk\n|-supereffective|p2a: Turk\n|-damage|p2a: Turk|35\/100\n|-heal|p1a: Togekiss|90\/100|[from] drain|[of] p2a: Turk\n|-ability|p2a: Turk|Berserk|boost\n|-boost|p2a: Turk|spa|1\n|\n|upkeep\n|turn|29\n|\n|t:|1632096297\n|move|p2a: Turk|Hurricane|p1a: Togekiss\n|-damage|p1a: Togekiss|0 fnt\n|faint|p1a: Togekiss\n|\n|upkeep\n|j| TTTox\n|c| Turkehy|TURKEHY\n|c|\u2606Skyho|ah\n|c|\u2606Skyho|gg\n|c|\u2606AsterJ|gg my dude\n|\n|t:|1632096304\n|switch|p1a: Raikou|Raikou|24\/100\n|-damage|p1a: Raikou|12\/100|[from] Stealth Rock\n|-ability|p1a: Raikou|Pressure\n|turn|30\n|\n|t:|1632096310\n|move|p2a: Turk|Fiery Wrath|p1a: Raikou\n|-damage|p1a: Raikou|0 fnt\n|faint|p1a: Raikou\n|\n|upkeep\n|\n|t:|1632096312\n|switch|p1a: Slowbro|Slowbro, M|88\/100\n|-damage|p1a: Slowbro|76\/100|[from] Stealth Rock\n|turn|31\n|\n|t:|1632096314\n|move|p2a: Turk|Fiery Wrath|p1a: Slowbro\n|-supereffective|p1a: Slowbro\n|-damage|p1a: Slowbro|0 fnt\n|faint|p1a: Slowbro\n|\n|win|AsterJ\n|j| UnviaBurrg\n|l| Omnipotent Olli\n|l| simpleton0069\n|l| UnviaBurrg\n|l| sablolol\n|l| DevilShinra\n|l| UnviaSlick\n|l| Espada Ves\n|l| Trick of Odin\n|l| OPJellicent\n|l| Raichu Diabetico\n|j| Kerrigann\n|l| tapuwae\n|l| TTTox\n|l|\u2606Skyho\n|l| TheGreatSplurge\n|l| Gypsy King\n|l| DIE FOR MY BITCH\n|l| Galarian Stampede\n|l|^The Rissoux\n|l| Turkitty\n|l| CertifiedLarperBoy\n|l| EGADrifblims\n|l| Gorila Tactics\n|l| Kerrigann\n|l| Shadowblast\n","uploadtime":1632096326,"views":389,"p1id":"skyho","p2id":"asterj","formatid":"gen8galardexdraft","rating":0,"private":0,"password":null}