{"id":"sports-gen8nationaldexdlclegacy-303251","p1":"CaptainMcSpankies","p2":"TehranTyphlosions","format":"gen8nationaldexdlclegacy","log":"|j|\u2606CaptainMcSpankies\n|j|\u2606TehranTyphlosions\n|t:|1608525085\n|player|p1|CaptainMcSpankies|captainmcspankies.png|\n|player|p2|TehranTyphlosions|clair|\n|teamsize|p1|6\n|teamsize|p2|6\n|gametype|singles\n|gen|8\n|tier|[Gen 8] National Dex DLC Legacy\n|rule|Sleep Clause Mod: Limit one foe put to sleep\n|rule|OHKO Clause: OHKO moves are banned\n|rule|Evasion Moves Clause: Evasion moves are banned\n|rule|Endless Battle Clause: Forcing endless battles is banned\n|rule|HP Percentage Mod: HP is shown in percentages\n|clearpoke\n|poke|p1|Ambipom, M|\n|poke|p1|Urshifu-*, M|\n|poke|p1|Jirachi|\n|poke|p1|Toxtricity-Low-Key, F|\n|poke|p1|Runerigus, M|\n|poke|p1|Tangrowth, F|\n|poke|p2|Tapu Koko|\n|poke|p2|Charizard, M|\n|poke|p2|Hoopa-Unbound|\n|poke|p2|Melmetal|\n|poke|p2|Roselia, M|\n|poke|p2|Drifblim, M|\n|rule|Dynamax Clause: You cannot dynamax\n|teampreview\n|html|<button name=\"send\" class=\"button\" value=\"\/timer ds\"><i class=\"fa fa-hourglass-start\"><\/i> DS Timer<\/button> <button name=\"send\" class=\"button\" value=\"\/timer smogon\"><i class=\"fa fa-hourglass-start\"><\/i> Smogon Timer<\/button>\n|c|\u2606TehranTyphlosions|aight gl\n|j| EGACammy\n|c|\u2606CaptainMcSpankies|Glhf let's fucking gooooo\n|c|\u2606TehranTyphlosions|ima lose fs\n|j| jeanmachine22\n|\n|t:|1608525117\n|start\n|switch|p1a: Handyjob|Ambipom, M|100\/100\n|switch|p2a: Melmetal|Melmetal|100\/100\n|turn|1\n|j| EGADrifblims\n|\n|t:|1608525126\n|move|p1a: Handyjob|U-turn|p2a: Melmetal\n|-resisted|p2a: Melmetal\n|-damage|p2a: Melmetal|96\/100\n|-damage|p1a: Handyjob|91\/100|[from] item: Life Orb\n|\n|t:|1608525128\n|switch|p1a: Funny Noodle|Tangrowth, F|100\/100|[from]move: U-turn\n|move|p2a: Melmetal|Substitute|p2a: Melmetal\n|-start|p2a: Melmetal|Substitute\n|-damage|p2a: Melmetal|71\/100\n|\n|-heal|p2a: Melmetal|77\/100|[from] item: Leftovers\n|upkeep\n|turn|2\n|\n|t:|1608525133\n|move|p1a: Funny Noodle|Knock Off|p2a: Melmetal\n|-activate|p2a: Melmetal|move: Substitute|[damage]\n|move|p2a: Melmetal|Toxic|p1a: Funny Noodle\n|-status|p1a: Funny Noodle|tox\n|\n|-heal|p2a: Melmetal|83\/100|[from] item: Leftovers\n|-damage|p1a: Funny Noodle|94\/100 tox|[from] psn\n|upkeep\n|turn|3\n|\n|t:|1608525138\n|move|p1a: Funny Noodle|Knock Off|p2a: Melmetal\n|-activate|p2a: Melmetal|move: Substitute|[damage]\n|move|p2a: Melmetal|Double Iron Bash|p1a: Funny Noodle\n|-damage|p1a: Funny Noodle|78\/100 tox\n|-damage|p1a: Funny Noodle|60\/100 tox\n|-hitcount|p1a: Funny Noodle|2\n|\n|-heal|p1a: Funny Noodle|66\/100 tox|[from] item: Leftovers\n|-heal|p2a: Melmetal|89\/100|[from] item: Leftovers\n|-damage|p1a: Funny Noodle|54\/100 tox|[from] psn\n|upkeep\n|turn|4\n|j| 7ybot\n|\n|t:|1608525145\n|switch|p1a: Draft Punk|Toxtricity-Low-Key, F|100\/100\n|move|p2a: Melmetal|Double Iron Bash|p1a: Draft Punk\n|-resisted|p1a: Draft Punk\n|-damage|p1a: Draft Punk|78\/100\n|-resisted|p1a: Draft Punk\n|-damage|p1a: Draft Punk|57\/100\n|-hitcount|p1a: Draft Punk|2\n|\n|-heal|p2a: Melmetal|95\/100|[from] item: Leftovers\n|upkeep\n|turn|5\n|j| Bananacrazy111\n|l| 7ybot\n|\n|t:|1608525216\n|switch|p2a: Roselia|Roselia, M|100\/100\n|move|p1a: Draft Punk|Volt Switch|p2a: Roselia\n|-resisted|p2a: Roselia\n|-damage|p2a: Roselia|74\/100\n|\n|t:|1608525222\n|switch|p1a: Handyjob|Ambipom, M|91\/100|[from]move: Volt Switch\n|\n|upkeep\n|turn|6\n|\n|t:|1608525228\n|move|p1a: Handyjob|Knock Off|p2a: Roselia\n|-damage|p2a: Roselia|43\/100\n|-enditem|p2a: Roselia|Eviolite|[from] move: Knock Off|[of] p1a: Handyjob\n|-damage|p1a: Handyjob|81\/100|[from] item: Life Orb\n|move|p2a: Roselia|Sleep Powder|p1a: Handyjob\n|-status|p1a: Handyjob|slp|[from] move: Sleep Powder\n|\n|upkeep\n|turn|7\n|\n|t:|1608525244\n|switch|p1a: Draft Punk|Toxtricity-Low-Key, F|57\/100\n|move|p2a: Roselia|Spikes|p1a: Draft Punk\n|-sidestart|p1: CaptainMcSpankies|Spikes\n|\n|upkeep\n|turn|8\n|\n|t:|1608525266\n|move|p1a: Draft Punk|Boomburst|p2a: Roselia\n|-damage|p2a: Roselia|0 fnt\n|faint|p2a: Roselia\n|\n|upkeep\n|\n|t:|1608525279\n|switch|p2a: Hoopa|Hoopa-Unbound|100\/100\n|turn|9\n|j| zebstrikaPOG\n|\n|t:|1608525284\n|switch|p1a: Handyjob|Ambipom, M|81\/100 slp\n|-damage|p1a: Handyjob|68\/100 slp|[from] Spikes\n|move|p2a: Hoopa|Psychic|p1a: Handyjob\n|-damage|p1a: Handyjob|0 fnt\n|faint|p1a: Handyjob\n|\n|upkeep\n|\n|t:|1608525291\n|switch|p1a: Funny Noodle|Tangrowth, F|87\/100 tox\n|-damage|p1a: Funny Noodle|75\/100 tox|[from] Spikes\n|turn|10\n|\n|t:|1608525296\n|move|p2a: Hoopa|Psychic|p1a: Funny Noodle\n|-damage|p1a: Funny Noodle|0 fnt\n|faint|p1a: Funny Noodle\n|\n|upkeep\n|\n|t:|1608525308\n|switch|p1a: Kung F*ck you|Urshifu, M|100\/100\n|-damage|p1a: Kung F*ck you|88\/100|[from] Spikes\n|turn|11\n|\n|t:|1608525341\n|switch|p2a: Tapu Koko|Tapu Koko|100\/100\n|-fieldstart|move: Electric Terrain|[from] ability: Electric Surge|[of] p2a: Tapu Koko\n|move|p1a: Kung F*ck you|U-turn|p2a: Tapu Koko\n|-resisted|p2a: Tapu Koko\n|-damage|p2a: Tapu Koko|89\/100\n|\n|t:|1608525348\n|switch|p1a: MF Starboy|Jirachi|100\/100|[from]move: U-turn\n|-damage|p1a: MF Starboy|88\/100|[from] Spikes\n|\n|upkeep\n|turn|12\n|\n|t:|1608525352\n|move|p1a: MF Starboy|Iron Head|p2a: Tapu Koko\n|-damage|p2a: Tapu Koko|57\/100\n|cant|p2a: Tapu Koko|flinch\n|\n|upkeep\n|turn|13\n|\n|t:|1608525358\n|switch|p2a: Charizard|Charizard, M|100\/100\n|move|p1a: MF Starboy|Iron Head|p2a: Charizard\n|-resisted|p2a: Charizard\n|-damage|p2a: Charizard|76\/100\n|\n|upkeep\n|turn|14\n|\n|t:|1608525370\n|switch|p1a: Rune-ni\ud83c\udd71\ufe0f\ud83c\udd71\ufe0fa|Runerigus, M|100\/100\n|-damage|p1a: Rune-ni\ud83c\udd71\ufe0f\ud83c\udd71\ufe0fa|88\/100|[from] Spikes\n|move|p2a: Charizard|Dragon Dance|p2a: Charizard\n|-boost|p2a: Charizard|atk|1\n|-boost|p2a: Charizard|spe|1\n|\n|-heal|p1a: Rune-ni\ud83c\udd71\ufe0f\ud83c\udd71\ufe0fa|94\/100|[from] item: Leftovers\n|upkeep\n|turn|15\n|\n|t:|1608525378\n|move|p2a: Charizard|Flare Blitz|p1a: Rune-ni\ud83c\udd71\ufe0f\ud83c\udd71\ufe0fa\n|-damage|p1a: Rune-ni\ud83c\udd71\ufe0f\ud83c\udd71\ufe0fa|41\/100\n|-activate|p1a: Rune-ni\ud83c\udd71\ufe0f\ud83c\udd71\ufe0fa|ability: Wandering Spirit|Blaze|Wandering Spirit|[of] p2a: Charizard\n|-damage|p2a: Charizard|57\/100|[from] Recoil\n|move|p1a: Rune-ni\ud83c\udd71\ufe0f\ud83c\udd71\ufe0fa|Poltergeist|p2a: Charizard\n|-activate|p2a: Charizard|move: Poltergeist|Charizardite X\n|-damage|p2a: Charizard|9\/100\n|\n|-heal|p1a: Rune-ni\ud83c\udd71\ufe0f\ud83c\udd71\ufe0fa|48\/100|[from] item: Leftovers\n|-fieldend|move: Electric Terrain\n|upkeep\n|turn|16\n|\n|t:|1608525397\n|detailschange|p2a: Charizard|Charizard-Mega-X, M\n|-mega|p2a: Charizard|Charizard|Charizardite X\n|move|p2a: Charizard|Roost|p2a: Charizard\n|-heal|p2a: Charizard|59\/100\n|-singleturn|p2a: Charizard|move: Roost\n|move|p1a: Rune-ni\ud83c\udd71\ufe0f\ud83c\udd71\ufe0fa|Stealth Rock|p2a: Charizard\n|-sidestart|p2: TehranTyphlosions|move: Stealth Rock\n|\n|-heal|p1a: Rune-ni\ud83c\udd71\ufe0f\ud83c\udd71\ufe0fa|54\/100|[from] item: Leftovers\n|upkeep\n|turn|17\n|\n|t:|1608525403\n|move|p2a: Charizard|Flare Blitz|p1a: Rune-ni\ud83c\udd71\ufe0f\ud83c\udd71\ufe0fa\n|-damage|p1a: Rune-ni\ud83c\udd71\ufe0f\ud83c\udd71\ufe0fa|0 fnt\n|-damage|p2a: Charizard|40\/100|[from] Recoil\n|faint|p1a: Rune-ni\ud83c\udd71\ufe0f\ud83c\udd71\ufe0fa\n|\n|upkeep\n|\n|t:|1608525412\n|switch|p1a: MF Starboy|Jirachi|88\/100\n|-damage|p1a: MF Starboy|76\/100|[from] Spikes\n|turn|18\n|\n|t:|1608525415\n|move|p1a: MF Starboy|Iron Head|p2a: Charizard\n|-resisted|p2a: Charizard\n|-damage|p2a: Charizard|22\/100\n|move|p2a: Charizard|Roost|p2a: Charizard\n|-heal|p2a: Charizard|72\/100\n|-singleturn|p2a: Charizard|move: Roost\n|\n|upkeep\n|turn|19\n|\n|t:|1608525420\n|move|p1a: MF Starboy|Iron Head|p2a: Charizard\n|-resisted|p2a: Charizard\n|-crit|p2a: Charizard\n|-damage|p2a: Charizard|45\/100\n|cant|p2a: Charizard|flinch\n|\n|upkeep\n|turn|20\n|c| EGACammy|wrap\n|\n|t:|1608525427\n|move|p1a: MF Starboy|Iron Head|p2a: Charizard\n|-resisted|p2a: Charizard\n|-damage|p2a: Charizard|28\/100\n|move|p2a: Charizard|Roost|p2a: Charizard\n|-heal|p2a: Charizard|78\/100\n|-singleturn|p2a: Charizard|move: Roost\n|\n|upkeep\n|turn|21\n|\n|t:|1608525436\n|switch|p1a: Draft Punk|Toxtricity-Low-Key, F|57\/100\n|-damage|p1a: Draft Punk|45\/100|[from] Spikes\n|move|p2a: Charizard|Dragon Dance|p2a: Charizard\n|-boost|p2a: Charizard|atk|1\n|-boost|p2a: Charizard|spe|1\n|\n|upkeep\n|turn|22\n|\n|t:|1608525440\n|move|p2a: Charizard|Earthquake|p1a: Draft Punk\n|-supereffective|p1a: Draft Punk\n|-damage|p1a: Draft Punk|0 fnt\n|faint|p1a: Draft Punk\n|\n|upkeep\n|c|\u2606CaptainMcSpankies|I certainly messed up lmao\n|\n|t:|1608525455\n|switch|p1a: Kung F*ck you|Urshifu, M|88\/100\n|-damage|p1a: Kung F*ck you|76\/100|[from] Spikes\n|turn|23\n|\n|t:|1608525457\n|move|p2a: Charizard|Flare Blitz|p1a: Kung F*ck you\n|-damage|p1a: Kung F*ck you|0 fnt\n|-damage|p2a: Charizard|49\/100|[from] Recoil\n|faint|p1a: Kung F*ck you\n|\n|upkeep\n|\n|t:|1608525460\n|switch|p1a: MF Starboy|Jirachi|76\/100\n|-damage|p1a: MF Starboy|64\/100|[from] Spikes\n|turn|24\n|c|\u2606TehranTyphlosions|gg\n|\n|t:|1608525463\n|move|p2a: Charizard|Flare Blitz|p1a: MF Starboy\n|-supereffective|p1a: MF Starboy\n|-damage|p1a: MF Starboy|0 fnt\n|-damage|p2a: Charizard|25\/100|[from] Recoil\n|faint|p1a: MF Starboy\n|\n|win|TehranTyphlosions\n|l| EGADrifblims\n|l| jeanmachine22\n|l|\u2606TehranTyphlosions\n|c|\u2606CaptainMcSpankies|Not really but we take those lmao gg\n|l|\u2606CaptainMcSpankies\n|j|\u2606TehranTyphlosions\n|player|p2|TehranTyphlosions|clair\n","uploadtime":1608525489,"views":1,"p1id":"captainmcspankies","p2id":"tehrantyphlosions","formatid":"gen8nationaldexdlclegacy","rating":0,"private":0,"password":null}