{"id":"sports-gen8nationaldexdraft-473185","p1":"JK The Don","p2":"MAVERICK SHOOTERS","format":"gen8nationaldexdraft","log":"|j|\u2606JK The Don\n|j|\u2606MAVERICK SHOOTERS\n|t:|1628271088\n|gametype|singles\n|player|p1|JK The Don|benga|\n|player|p2|MAVERICK SHOOTERS|265|\n|teamsize|p1|6\n|teamsize|p2|6\n|gen|8\n|tier|[Gen 8] National Dex Draft\n|rule|Sleep Clause Mod: Limit one foe put to sleep\n|rule|OHKO Clause: OHKO moves are banned\n|rule|Evasion Moves Clause: Evasion moves are banned\n|rule|Endless Battle Clause: Forcing endless battles is banned\n|rule|HP Percentage Mod: HP is shown in percentages\n|rule|Dynamax Clause: You cannot dynamax\n|clearpoke\n|poke|p1|Garchomp, F|\n|poke|p1|Rotom-Heat|\n|poke|p1|Primarina, M|\n|poke|p1|Scizor, M|\n|poke|p1|Grotle, M|\n|poke|p1|Crobat, F|\n|poke|p2|Landorus-Therian, M|\n|poke|p2|Urshifu-*, M|\n|poke|p2|Talonflame, M|\n|poke|p2|Dragalge, F|\n|poke|p2|Melmetal|\n|poke|p2|Slowbro, M|\n|teampreview\n|html|<button name=\"send\" class=\"button\" value=\"\/timer ds\"><i class=\"fa fa-hourglass-start\"><\/i> DS Timer<\/button> <button name=\"send\" class=\"button\" value=\"\/timer smogon\"><i class=\"fa fa-hourglass-start\"><\/i> Smogon Timer<\/button>\n|j| PorygonTheBot\n|c| PorygonTheBot|I'm here now, the battle can get started!\n|c|\u2606MAVERICK SHOOTERS|oh god \n|j| CarlSHT\n|j| orange alt\n|j| LatiGOD\n|j| UrAboutToGetSwept\n|c|\u2606MAVERICK SHOOTERS|hf \n|c| CarlSHT|This should be a good one\n|c| LatiGOD|bruh wheres the lycanroc\n|c| UrAboutToGetSwept|grotle goat \n|c| LatiGOD|I knew grotle would be here\n|c| orange alt|show us the might of aegi\n|j| Lukatsukio\n|l| CarlSHT\n|j| Potatofam123\n|c| UrAboutToGetSwept|orn get in vc\n|j| CarlSHT\n|c| UrAboutToGetSwept|:catJam:\n|c| UrAboutToGetSwept|:catJam:\n|c| Lukatsukio|Gl both\n|c| CarlSHT|Grotle sweep incoming\n|l|potatofam123\n|l| CarlSHT\n|c| LatiGOD|:catJam::catJam::catJam::catJam::catJam::catJam::catJam::catJam::catJam::catJam:\n|j| pinapple321\n|j| CarlSHT\n|j| questrequested\n|c|\u2606MAVERICK SHOOTERS|aight boys will need no chatting for sometime unless something hype happens need to concentrate \n|j| NotZoog\n|c| UrAboutToGetSwept|:niceboots:\n|c| UrAboutToGetSwept|ignore specs\n|c| NotZoog|you got this g\n|c| orange alt|you can mute chat\n|c| orange alt|to mod+\n|c| LatiGOD|:niceboots::niceboots::niceboots::niceboots::niceboots::niceboots::niceboots::niceboots::niceboots::niceboots::niceboots::niceboots::niceboots:\n|c| orange alt|if you need ti at any point\n|c| UrAboutToGetSwept|:niceboots:\n|c| UrAboutToGetSwept|:catJam::catJam::catJam::catJam::catJam:\n|c| LatiGOD|:niceboots:\n|c| LatiGOD|:niceboots:\n|c| LatiGOD|:niceboots:\n|c| UrAboutToGetSwept|:catJam::catJam::catJam::catJam::catJam::catJam::catJam::catJam::catJam::catJam:\n|c| LatiGOD|:catJam::catJam::catJam::catJam::catJam::catJam::catJam::catJam::catJam:\n|c| orange alt|only my league woyld do thus\n|c| LatiGOD|cap\n|inactive|Battle timer is ON: inactive players will automatically lose when time's up. (requested by JK The Don)\n|inactiveoff|Battle timer is now OFF.\n|c| UrAboutToGetSwept|we have to troll the biggest troll\n|\n|t:|1628271390\n|start\n|switch|p1a: Mako|Garchomp, F|100\/100\n|switch|p2a: Landorus|Landorus-Therian, M|100\/100\n|-ability|p2a: Landorus|Intimidate|boost\n|-unboost|p1a: Mako|atk|1\n|turn|1\n|\n|t:|1628271407\n|move|p1a: Mako|Dragon Pulse|p2a: Landorus\n|-damage|p2a: Landorus|47\/100\n|-damage|p1a: Mako|91\/100|[from] item: Life Orb\n|move|p2a: Landorus|Earthquake|p1a: Mako\n|-damage|p1a: Mako|14\/100\n|\n|upkeep\n|turn|2\n|j| IRazvannN\n|\n|t:|1628271427\n|switch|p2a: Slowbro|Slowbro, M|100\/100\n|move|p1a: Mako|Dragon Pulse|p2a: Slowbro\n|-damage|p2a: Slowbro|54\/100\n|-damage|p1a: Mako|4\/100|[from] item: Life Orb\n|\n|upkeep\n|turn|3\n|\n|t:|1628271437\n|switch|p2a: Melmetal|Melmetal|100\/100\n|move|p1a: Mako|Draco Meteor|p2a: Melmetal\n|-resisted|p2a: Melmetal\n|-damage|p2a: Melmetal|87\/100\n|-unboost|p1a: Mako|spa|2\n|-damage|p1a: Mako|0 fnt|[from] item: Life Orb\n|faint|p1a: Mako\n|\n|upkeep\n|\n|t:|1628271442\n|switch|p1a: Cuca|Scizor, M|100\/100\n|turn|4\n|\n|t:|1628271445\n|switch|p2a: Talonflame|Talonflame, M|100\/100\n|detailschange|p1a: Cuca|Scizor-Mega, M\n|-mega|p1a: Cuca|Scizor|Scizorite\n|move|p1a: Cuca|Sand Tomb|p2a: Talonflame\n|-immune|p2a: Talonflame\n|\n|upkeep\n|turn|5\n|\n|t:|1628271454\n|switch|p1a: Tyrone Herro|Rotom-Heat|100\/100\n|move|p2a: Talonflame|Toxic|p1a: Tyrone Herro\n|-status|p1a: Tyrone Herro|tox\n|\n|-damage|p1a: Tyrone Herro|95\/100 tox|[from] psn\n|upkeep\n|turn|6\n|\n|t:|1628271470\n|switch|p1a: Kevin Durant|Primarina, M|100\/100\n|switch|p2a: Dragalge|Dragalge, F|100\/100\n|\n|upkeep\n|turn|7\n|\n|t:|1628271478\n|switch|p1a: Cuca|Scizor-Mega, M|100\/100\n|move|p2a: Dragalge|Scald|p1a: Cuca\n|-damage|p1a: Cuca|82\/100\n|\n|upkeep\n|turn|8\n|\n|t:|1628271488\n|switch|p1a: Kevin Durant|Primarina, M|100\/100\n|switch|p2a: Talonflame|Talonflame, M|100\/100\n|\n|upkeep\n|turn|9\n|\n|t:|1628271499\n|switch|p2a: Dragalge|Dragalge, F|100\/100\n|move|p1a: Kevin Durant|Calm Mind|p1a: Kevin Durant\n|-boost|p1a: Kevin Durant|spa|1\n|-boost|p1a: Kevin Durant|spd|1\n|\n|upkeep\n|turn|10\n|\n|t:|1628271506\n|move|p1a: Kevin Durant|Moonblast|p2a: Dragalge\n|-damage|p2a: Dragalge|73\/100\n|move|p2a: Dragalge|Sludge Wave|p1a: Kevin Durant\n|-supereffective|p1a: Kevin Durant\n|-enditem|p1a: Kevin Durant|Kebia Berry|[eat]\n|-enditem|p1a: Kevin Durant|Kebia Berry|[weaken]\n|-damage|p1a: Kevin Durant|77\/100\n|\n|upkeep\n|turn|11\n|\n|t:|1628271512\n|move|p1a: Kevin Durant|Moonblast|p2a: Dragalge\n|-damage|p2a: Dragalge|46\/100\n|move|p2a: Dragalge|Sludge Wave|p1a: Kevin Durant\n|-supereffective|p1a: Kevin Durant\n|-damage|p1a: Kevin Durant|30\/100\n|-status|p1a: Kevin Durant|psn\n|\n|-damage|p1a: Kevin Durant|17\/100 psn|[from] psn\n|upkeep\n|turn|12\n|\n|t:|1628271530\n|switch|p2a: Slowbro|Slowbro, M|88\/100\n|move|p1a: Kevin Durant|Moonblast|p2a: Slowbro\n|-damage|p2a: Slowbro|23\/100\n|\n|-damage|p1a: Kevin Durant|5\/100 psn|[from] psn\n|upkeep\n|turn|13\n|\n|t:|1628271561\n|move|p1a: Kevin Durant|Scald|p2a: Slowbro\n|-resisted|p2a: Slowbro\n|-damage|p2a: Slowbro|0 fnt\n|faint|p2a: Slowbro\n|\n|-damage|p1a: Kevin Durant|0 fnt|[from] psn\n|faint|p1a: Kevin Durant\n|upkeep\n|\n|t:|1628271574\n|switch|p1a: Gene|Crobat, F|100\/100\n|switch|p2a: Landorus|Landorus-Therian, M|47\/100\n|-ability|p2a: Landorus|Intimidate|boost\n|-unboost|p1a: Gene|atk|1\n|turn|14\n|\n|t:|1628271595\n|switch|p2a: Melmetal|Melmetal|87\/100\n|move|p1a: Gene|Hurricane|p2a: Melmetal\n|-resisted|p2a: Melmetal\n|-damage|p2a: Melmetal|76\/100\n|-start|p2a: Melmetal|confusion\n|\n|upkeep\n|turn|15\n|\n|t:|1628271602\n|switch|p1a: Cuca|Scizor-Mega, M|82\/100\n|-activate|p2a: Melmetal|confusion\n|-damage|p2a: Melmetal|69\/100|[from] confusion\n|\n|upkeep\n|turn|16\n|\n|t:|1628271629\n|switch|p1a: Tyrone Herro|Rotom-Heat|95\/100 tox\n|switch|p2a: Talonflame|Talonflame, M|100\/100\n|\n|-damage|p1a: Tyrone Herro|89\/100 tox|[from] psn\n|upkeep\n|turn|17\n|\n|t:|1628271636\n|switch|p2a: Dragalge|Dragalge, F|46\/100\n|move|p1a: Tyrone Herro|Volt Switch|p2a: Dragalge\n|-resisted|p2a: Dragalge\n|-damage|p2a: Dragalge|38\/100\n|\n|t:|1628271644\n|switch|p1a: Cuca|Scizor-Mega, M|82\/100|[from]move: Volt Switch\n|\n|upkeep\n|turn|18\n|\n|t:|1628271649\n|switch|p2a: Talonflame|Talonflame, M|100\/100\n|move|p1a: Cuca|Bullet Punch|p2a: Talonflame\n|-resisted|p2a: Talonflame\n|-crit|p2a: Talonflame\n|-damage|p2a: Talonflame|75\/100\n|-status|p1a: Cuca|brn|[from] ability: Flame Body|[of] p2a: Talonflame\n|\n|-damage|p1a: Cuca|76\/100 brn|[from] brn\n|upkeep\n|turn|19\n|\n|t:|1628271658\n|switch|p1a: Gene|Crobat, F|100\/100\n|move|p2a: Talonflame|Flamethrower|p1a: Gene\n|-damage|p1a: Gene|73\/100\n|\n|upkeep\n|turn|20\n|\n|t:|1628271664\n|move|p2a: Talonflame|U-turn|p1a: Gene\n|-resisted|p1a: Gene\n|-damage|p1a: Gene|69\/100\n|\n|t:|1628271674\n|switch|p2a: Melmetal|Melmetal|69\/100|[from]move: U-turn\n|move|p1a: Gene|Nasty Plot|p1a: Gene\n|-boost|p1a: Gene|spa|2\n|\n|upkeep\n|turn|21\n|\n|t:|1628271694\n|move|p1a: Gene|Heat Wave|p2a: Melmetal|[miss]\n|-miss|p1a: Gene|p2a: Melmetal\n|move|p2a: Melmetal|Double Iron Bash|p1a: Gene\n|-damage|p1a: Gene|32\/100\n|-damage|p1a: Gene|0 fnt\n|faint|p1a: Gene\n|-hitcount|p1: Gene|2\n|\n|upkeep\n|c|\u2606JK The Don|never punished\n|c| LatiGOD|punished\n|\n|t:|1628271705\n|switch|p1a: Tyrone Herro|Rotom-Heat|89\/100 tox\n|turn|22\n|c| orange alt|pain.\n|c| CarlSHT|:( \n|c| UrAboutToGetSwept|never punished\n|c|\u2606MAVERICK SHOOTERS|didnt matter much imo tho could of \n|\n|t:|1628271741\n|move|p1a: Tyrone Herro|Trick|p2a: Melmetal\n|-activate|p1a: Tyrone Herro|move: Trick|[of] p2a: Melmetal\n|-item|p2a: Melmetal|Choice Scarf|[from] move: Trick\n|-item|p1a: Tyrone Herro|Assault Vest|[from] move: Trick\n|move|p2a: Melmetal|Rock Slide|p1a: Tyrone Herro\n|-supereffective|p1a: Tyrone Herro\n|-damage|p1a: Tyrone Herro|29\/100 tox\n|\n|-damage|p1a: Tyrone Herro|23\/100 tox|[from] psn\n|upkeep\n|turn|23\n|\n|t:|1628271754\n|move|p1a: Tyrone Herro|Overheat|p2a: Melmetal\n|-supereffective|p2a: Melmetal\n|-damage|p2a: Melmetal|0 fnt\n|-unboost|p1a: Tyrone Herro|spa|2\n|faint|p2a: Melmetal\n|\n|-damage|p1a: Tyrone Herro|11\/100 tox|[from] psn\n|upkeep\n|\n|t:|1628271767\n|switch|p2a: Urshifu|Urshifu, M|100\/100\n|turn|24\n|\n|t:|1628271770\n|move|p2a: Urshifu|Close Combat|p1a: Tyrone Herro\n|-damage|p1a: Tyrone Herro|0 fnt\n|-unboost|p2a: Urshifu|def|1\n|-unboost|p2a: Urshifu|spd|1\n|faint|p1a: Tyrone Herro\n|\n|upkeep\n|\n|t:|1628271773\n|switch|p1a: Damn|Grotle, M|100\/100\n|turn|25\n|c| CarlSHT|Grotle can atill win\n|c| LatiGOD|GROTLE\n|c| LatiGOD|DO IT\n|c| LatiGOD|FOR THE CULTURE\n|c| UrAboutToGetSwept|do it grotle\n|c| UrAboutToGetSwept|goat\n|\n|t:|1628271808\n|move|p2a: Urshifu|Close Combat|p1a: Damn\n|-damage|p1a: Damn|46\/100\n|-unboost|p2a: Urshifu|def|1\n|-unboost|p2a: Urshifu|spd|1\n|move|p1a: Damn|Curse|p1a: Damn\n|-unboost|p1a: Damn|spe|1\n|-boost|p1a: Damn|atk|1\n|-boost|p1a: Damn|def|1\n|\n|upkeep\n|turn|26\n|c| IRazvannN|oml\n|\n|t:|1628271814\n|move|p2a: Urshifu|Close Combat|p1a: Damn\n|-damage|p1a: Damn|8\/100\n|-unboost|p2a: Urshifu|def|1\n|-unboost|p2a: Urshifu|spd|1\n|move|p1a: Damn|Synthesis|p1a: Damn\n|-heal|p1a: Damn|58\/100\n|\n|upkeep\n|turn|27\n|c|\u2606MAVERICK SHOOTERS|YOO ORN UR EXACT SET\n|\n|t:|1628271826\n|switch|p2a: Landorus|Landorus-Therian, M|47\/100\n|-ability|p2a: Landorus|Intimidate|boost\n|-unboost|p1a: Damn|atk|1\n|move|p1a: Damn|Synthesis|p1a: Damn\n|-heal|p1a: Damn|100\/100\n|\n|upkeep\n|turn|28\n|c| CarlSHT|YOU CAN DONIT CHAMP\n|\n|t:|1628271832\n|move|p2a: Landorus|Explosion|p1a: Damn\n|-damage|p1a: Damn|50\/100\n|faint|p2a: Landorus\n|move|p1a: Damn|Curse|p1a: Damn\n|-unboost|p1a: Damn|spe|1\n|-boost|p1a: Damn|atk|1\n|-boost|p1a: Damn|def|1\n|\n|upkeep\n|\n|t:|1628271840\n|switch|p2a: Dragalge|Dragalge, F|38\/100\n|turn|29\n|c| CarlSHT|Dont use a poisom attaxk \n|c| CarlSHT|Pls\n|c| CarlSHT|DONT\n|c| LatiGOD|Grotle pls\n|c| CarlSHT|GROTLE CAN STILL WIN\n|\n|t:|1628271862\n|switch|p1a: Cuca|Scizor-Mega, M|76\/100 brn\n|move|p2a: Dragalge|Sludge Wave|p1a: Cuca\n|-immune|p1a: Cuca\n|\n|-damage|p1a: Cuca|70\/100 brn|[from] brn\n|upkeep\n|turn|30\n|c|\u2606MAVERICK SHOOTERS|orn how did u know the curse grotle was coming lol \n|c| CarlSHT|NOOOOO DONT USE A POISON\n|c| CarlSHT|NOO\n|\n|t:|1628271870\n|switch|p2a: Urshifu|Urshifu, M|100\/100\n|move|p1a: Cuca|Roost|p1a: Cuca\n|-heal|p1a: Cuca|100\/100 brn\n|-singleturn|p1a: Cuca|move: Roost\n|\n|-damage|p1a: Cuca|94\/100 brn|[from] brn\n|upkeep\n|turn|31\n|c| LatiGOD|Its so good\n|\n|t:|1628271877\n|move|p2a: Urshifu|Wicked Blow|p1a: Cuca\n|-crit|p1a: Cuca\n|-damage|p1a: Cuca|33\/100 brn\n|move|p1a: Cuca|Sand Tomb|p2a: Urshifu\n|-damage|p2a: Urshifu|91\/100\n|-activate|p2a: Urshifu|move: Sand Tomb|[of] p1a: Cuca\n|\n|-damage|p1a: Cuca|27\/100 brn|[from] brn\n|-damage|p2a: Urshifu|78\/100|[from] move: Sand Tomb|[partiallytrapped]\n|upkeep\n|turn|32\n|c| LatiGOD|whats why\n|\n|t:|1628271883\n|move|p1a: Cuca|Bullet Punch|p2a: Urshifu\n|-damage|p2a: Urshifu|62\/100\n|move|p2a: Urshifu|Wicked Blow|p1a: Cuca\n|-crit|p1a: Cuca\n|-damage|p1a: Cuca|0 fnt\n|faint|p1a: Cuca\n|\n|-end|p2a: Urshifu|Sand Tomb|[partiallytrapped]|[silent]\n|upkeep\n|\n|t:|1628271885\n|switch|p1a: Damn|Grotle, M|50\/100\n|turn|33\n|\n|t:|1628271895\n|switch|p2a: Talonflame|Talonflame, M|75\/100\n|move|p1a: Damn|Curse|p1a: Damn\n|-unboost|p1a: Damn|spe|1\n|-boost|p1a: Damn|atk|1\n|-boost|p1a: Damn|def|1\n|\n|upkeep\n|turn|34\n|\n|t:|1628271899\n|move|p2a: Talonflame|Toxic|p1a: Damn\n|-status|p1a: Damn|tox\n|move|p1a: Damn|Synthesis|p1a: Damn\n|-heal|p1a: Damn|99\/100 tox\n|\n|-damage|p1a: Damn|94\/100 tox|[from] psn\n|upkeep\n|turn|35\n|\n|t:|1628271902\n|move|p2a: Talonflame|Flamethrower|p1a: Damn\n|-supereffective|p1a: Damn\n|-damage|p1a: Damn|49\/100 tox\n|move|p1a: Damn|Curse|p1a: Damn\n|-unboost|p1a: Damn|spe|1\n|-boost|p1a: Damn|atk|1\n|-boost|p1a: Damn|def|1\n|\n|-damage|p1a: Damn|37\/100 tox|[from] psn\n|upkeep\n|turn|36\n|c|\u2606MAVERICK SHOOTERS|gg\n|\n|t:|1628271907\n|move|p2a: Talonflame|Flamethrower|p1a: Damn\n|-supereffective|p1a: Damn\n|-damage|p1a: Damn|0 fnt\n|faint|p1a: Damn\n|\n|win|MAVERICK SHOOTERS\n","uploadtime":1628271908,"views":43,"p1id":"jkthedon","p2id":"maverickshooters","formatid":"gen8nationaldexdraft","rating":0,"private":0,"password":null}