{"id":"sports-gen8nationaldexdlclegacy-365306","p1":"2020 is dead!","p2":"DjezzeMwoan","format":"gen8nationaldexdlclegacy","log":"|j|\u26062020 is dead!\n|j|\u2606DjezzeMwoan\n|t:|1615746654\n|player|p1|2020 is dead!|aaron|\n|player|p2|DjezzeMwoan|52|\n|teamsize|p1|6\n|teamsize|p2|6\n|gametype|singles\n|gen|8\n|tier|[Gen 8] National Dex DLC Legacy\n|rule|Sleep Clause Mod: Limit one foe put to sleep\n|rule|OHKO Clause: OHKO moves are banned\n|rule|Evasion Moves Clause: Evasion moves are banned\n|rule|Endless Battle Clause: Forcing endless battles is banned\n|rule|HP Percentage Mod: HP is shown in percentages\n|clearpoke\n|poke|p1|Scizor, F|\n|poke|p1|Mamoswine, F|\n|poke|p1|Dodrio, M|\n|poke|p1|Zeraora|\n|poke|p1|Tyranitar, M|\n|poke|p1|Primarina, F|\n|poke|p2|Hydreigon, F|\n|poke|p2|Vikavolt, M|\n|poke|p2|Cresselia, F|\n|poke|p2|Latios, M|\n|poke|p2|Flygon, M|\n|poke|p2|Rotom-Heat|\n|rule|Dynamax Clause: You cannot dynamax\n|teampreview\n|html|<button name=\"send\" class=\"button\" value=\"\/timer ds\"><i class=\"fa fa-hourglass-start\"><\/i> DS Timer<\/button> <button name=\"send\" class=\"button\" value=\"\/timer smogon\"><i class=\"fa fa-hourglass-start\"><\/i> Smogon Timer<\/button>\n|j| PorygonTheBot\n|c| PorygonTheBot|Porygon has digitalized into the match... booting up... successfully calibrating stats!\n|c|\u26062020 is dead!|Glhf\n|c|\u2606DjezzeMwoan|glhf\n|c|\u2606DjezzeMwoan|all the threats\n|c|\u26062020 is dead!|Ah so you didn't expect mew\n|c|\u2606DjezzeMwoan|i did lol\n|c|\u2606DjezzeMwoan|but like\n|c|\u2606DjezzeMwoan|there is more then 6 threats on your team\n|c|\u26062020 is dead!|Ah\n|c|\u26062020 is dead!|I'm surprised you didn't bring Weezing\n|\n|t:|1615746786\n|start\n|switch|p1a: GRRR-OOOOOO|Tyranitar, M|100\/100\n|switch|p2a: drakenpoeier|Flygon, M|100\/100\n|-weather|Sandstorm|[from] ability: Sand Stream|[of] p1a: GRRR-OOOOOO\n|turn|1\n|\n|t:|1615746799\n|move|p2a: drakenpoeier|Earthquake|p1a: GRRR-OOOOOO\n|-supereffective|p1a: GRRR-OOOOOO\n|-damage|p1a: GRRR-OOOOOO|34\/100\n|move|p1a: GRRR-OOOOOO|Stealth Rock|p2a: drakenpoeier\n|-sidestart|p2: DjezzeMwoan|move: Stealth Rock\n|\n|-weather|Sandstorm|[upkeep]\n|-heal|p1a: GRRR-OOOOOO|40\/100|[from] item: Leftovers\n|upkeep\n|turn|2\n|\n|t:|1615746845\n|switch|p1a: Manny|Mamoswine, F|100\/100\n|move|p2a: drakenpoeier|Superpower|p1a: Manny\n|-supereffective|p1a: Manny\n|-damage|p1a: Manny|43\/100\n|-unboost|p2a: drakenpoeier|atk|1\n|-unboost|p2a: drakenpoeier|def|1\n|\n|-weather|Sandstorm|[upkeep]\n|upkeep\n|turn|3\n|\n|t:|1615746855\n|switch|p2a: De muur|Cresselia, F|100\/100\n|-damage|p2a: De muur|88\/100|[from] Stealth Rock\n|move|p1a: Manny|Knock Off|p2a: De muur\n|-supereffective|p2a: De muur\n|-enditem|p2a: De muur|Colbur Berry|[eat]\n|-enditem|p2a: De muur|Colbur Berry|[weaken]\n|-damage|p2a: De muur|64\/100\n|-damage|p1a: Manny|34\/100|[from] item: Life Orb\n|\n|-weather|Sandstorm|[upkeep]\n|-damage|p2a: De muur|58\/100|[from] Sandstorm\n|upkeep\n|turn|4\n|\n|t:|1615746864\n|switch|p1a: GRRR-OOOOOO|Tyranitar, M|40\/100\n|move|p2a: De muur|Moonlight|p2a: De muur\n|-heal|p2a: De muur|83\/100\n|\n|-weather|Sandstorm|[upkeep]\n|-damage|p2a: De muur|77\/100|[from] Sandstorm\n|-heal|p1a: GRRR-OOOOOO|46\/100|[from] item: Leftovers\n|upkeep\n|turn|5\n|\n|t:|1615746870\n|move|p2a: De muur|Signal Beam|p1a: GRRR-OOOOOO\n|-supereffective|p1a: GRRR-OOOOOO\n|-damage|p1a: GRRR-OOOOOO|36\/100\n|move|p1a: GRRR-OOOOOO|Crunch|p2a: De muur\n|-supereffective|p2a: De muur\n|-damage|p2a: De muur|43\/100\n|-unboost|p2a: De muur|def|1\n|\n|-weather|none\n|-heal|p1a: GRRR-OOOOOO|42\/100|[from] item: Leftovers\n|upkeep\n|turn|6\n|j| TheCrispyPanda\n|\n|t:|1615746877\n|-activate|p2a: De muur|move: Pursuit\n|move|p1a: GRRR-OOOOOO|Pursuit|p2a: De muur|[from]Pursuit\n|-supereffective|p2a: De muur\n|-damage|p2a: De muur|0 fnt\n|-hint|A Pokemon can't switch between when it runs out of HP and when it faints\n|faint|p2a: De muur\n|\n|-heal|p1a: GRRR-OOOOOO|48\/100|[from] item: Leftovers\n|upkeep\n|c|\u2606DjezzeMwoan|i dont like that def drop\n|c|\u2606DjezzeMwoan|im screwed lmao\n|\n|t:|1615746890\n|switch|p2a: Dreigdriehoek|Hydreigon, F|100\/100\n|-damage|p2a: Dreigdriehoek|88\/100|[from] Stealth Rock\n|turn|7\n|c|\u26062020 is dead!|Yea my b\n|\n|t:|1615746896\n|switch|p1a: Marineland|Primarina, F|100\/100\n|move|p2a: Dreigdriehoek|Superpower|p1a: Marineland\n|-resisted|p1a: Marineland\n|-damage|p1a: Marineland|83\/100\n|-unboost|p2a: Dreigdriehoek|atk|1\n|-unboost|p2a: Dreigdriehoek|def|1\n|\n|-heal|p2a: Dreigdriehoek|94\/100|[from] item: Leftovers\n|-heal|p1a: Marineland|89\/100|[from] item: Leftovers\n|upkeep\n|turn|8\n|\n|t:|1615746905\n|move|p2a: Dreigdriehoek|U-turn|p1a: Marineland\n|-resisted|p1a: Marineland\n|-damage|p1a: Marineland|82\/100\n|\n|t:|1615746906\n|switch|p2a: Vuurbalknokkel|Rotom-Heat|100\/100|[from]move: U-turn\n|-damage|p2a: Vuurbalknokkel|76\/100|[from] Stealth Rock\n|move|p1a: Marineland|Substitute|p1a: Marineland\n|-start|p1a: Marineland|Substitute\n|-damage|p1a: Marineland|57\/100\n|\n|-heal|p1a: Marineland|63\/100|[from] item: Leftovers\n|upkeep\n|turn|9\n|\n|t:|1615746909\n|move|p2a: Vuurbalknokkel|Discharge|p1a: Marineland\n|-supereffective|p1a: Marineland\n|-end|p1a: Marineland|Substitute\n|move|p1a: Marineland|Sparkling Aria|p2a: Vuurbalknokkel\n|-supereffective|p2a: Vuurbalknokkel\n|-damage|p2a: Vuurbalknokkel|0 fnt\n|faint|p2a: Vuurbalknokkel\n|\n|-heal|p1a: Marineland|69\/100|[from] item: Leftovers\n|upkeep\n|j| iWatermelone\n|\n|t:|1615746915\n|switch|p2a: Dikke inzekt|Vikavolt, M|100\/100\n|turn|10\n|\n|t:|1615746922\n|switch|p1a: Furry|Zeraora|100\/100\n|move|p2a: Dikke inzekt|Bug Buzz|p1a: Furry\n|-damage|p1a: Furry|46\/100\n|\n|upkeep\n|turn|11\n|\n|t:|1615746928\n|move|p1a: Furry|Knock Off|p2a: Dikke inzekt\n|-damage|p2a: Dikke inzekt|71\/100\n|-enditem|p2a: Dikke inzekt|Heavy-Duty Boots|[from] move: Knock Off|[of] p1a: Furry\n|-damage|p1a: Furry|36\/100|[from] item: Life Orb\n|move|p2a: Dikke inzekt|Bug Buzz|p1a: Furry\n|-damage|p1a: Furry|0 fnt\n|faint|p1a: Furry\n|\n|upkeep\n|\n|t:|1615746935\n|switch|p1a: Manny|Mamoswine, F|34\/100\n|turn|12\n|\n|t:|1615746938\n|move|p1a: Manny|Rock Slide|p2a: Dikke inzekt\n|-supereffective|p2a: Dikke inzekt\n|-damage|p2a: Dikke inzekt|18\/100\n|-damage|p1a: Manny|24\/100|[from] item: Life Orb\n|cant|p2a: Dikke inzekt|flinch\n|\n|upkeep\n|turn|13\n|\n|t:|1615746944\n|move|p1a: Manny|Substitute|p1a: Manny\n|-fail|p1a: Manny|move: Substitute|[weak]\n|move|p2a: Dikke inzekt|Roost|p2a: Dikke inzekt\n|-heal|p2a: Dikke inzekt|68\/100\n|-singleturn|p2a: Dikke inzekt|move: Roost\n|\n|upkeep\n|turn|14\n|\n|t:|1615746947\n|move|p1a: Manny|Rock Slide|p2a: Dikke inzekt\n|-supereffective|p2a: Dikke inzekt\n|-damage|p2a: Dikke inzekt|9\/100\n|-damage|p1a: Manny|14\/100|[from] item: Life Orb\n|move|p2a: Dikke inzekt|Roost|p2a: Dikke inzekt\n|-heal|p2a: Dikke inzekt|59\/100\n|-singleturn|p2a: Dikke inzekt|move: Roost\n|\n|upkeep\n|turn|15\n|\n|t:|1615746952\n|move|p1a: Manny|Rock Slide|p2a: Dikke inzekt\n|-supereffective|p2a: Dikke inzekt\n|-damage|p2a: Dikke inzekt|5\/100\n|-damage|p1a: Manny|4\/100|[from] item: Life Orb\n|cant|p2a: Dikke inzekt|flinch\n|\n|upkeep\n|turn|16\n|\n|t:|1615746956\n|move|p1a: Manny|Ice Shard|p2a: Dikke inzekt\n|-damage|p2a: Dikke inzekt|0 fnt\n|-damage|p1a: Manny|0 fnt|[from] item: Life Orb\n|faint|p2a: Dikke inzekt\n|faint|p1a: Manny\n|\n|upkeep\n|c|\u26062020 is dead!|I'm Sorry\n|\n|t:|1615746971\n|switch|p1a: Tripolar Bird|Dodrio, M|100\/100\n|switch|p2a: drakenpoeier|Flygon, M|100\/100\n|-damage|p2a: drakenpoeier|95\/100|[from] Stealth Rock\n|turn|17\n|\n|t:|1615746975\n|move|p1a: Tripolar Bird|Brave Bird|p2a: drakenpoeier\n|-damage|p2a: drakenpoeier|0 fnt\n|-damage|p1a: Tripolar Bird|65\/100|[from] Recoil\n|-damage|p1a: Tripolar Bird|55\/100|[from] item: Life Orb\n|faint|p2a: drakenpoeier\n|\n|upkeep\n|\n|t:|1615746979\n|switch|p2a: Dreigdriehoek|Hydreigon, F|94\/100\n|-damage|p2a: Dreigdriehoek|82\/100|[from] Stealth Rock\n|turn|18\n|\n|t:|1615746993\n|move|p1a: Tripolar Bird|Brave Bird|p2a: Dreigdriehoek\n|-damage|p2a: Dreigdriehoek|27\/100\n|-damage|p1a: Tripolar Bird|30\/100|[from] Recoil\n|-damage|p1a: Tripolar Bird|20\/100|[from] item: Life Orb\n|move|p2a: Dreigdriehoek|Flamethrower|p1a: Tripolar Bird\n|-damage|p1a: Tripolar Bird|0 fnt\n|faint|p1a: Tripolar Bird\n|\n|-heal|p2a: Dreigdriehoek|34\/100|[from] item: Leftovers\n|upkeep\n|\n|t:|1615747000\n|switch|p1a: Marineland|Primarina, F|69\/100\n|turn|19\n|\n|t:|1615747006\n|move|p2a: Dreigdriehoek|Flamethrower|p1a: Marineland\n|-resisted|p1a: Marineland\n|-damage|p1a: Marineland|62\/100\n|move|p1a: Marineland|Draining Kiss|p2a: Dreigdriehoek\n|-supereffective|p2a: Dreigdriehoek\n|-damage|p2a: Dreigdriehoek|0 fnt\n|-heal|p1a: Marineland|87\/100|[from] drain|[of] p2a: Dreigdriehoek\n|faint|p2a: Dreigdriehoek\n|\n|-heal|p1a: Marineland|93\/100|[from] item: Leftovers\n|upkeep\n|\n|t:|1615747009\n|switch|p2a: Tri pegasus|Latios, M|100\/100\n|-damage|p2a: Tri pegasus|88\/100|[from] Stealth Rock\n|turn|20\n|\n|t:|1615747012\n|move|p2a: Tri pegasus|Calm Mind|p2a: Tri pegasus\n|-boost|p2a: Tri pegasus|spa|1\n|-boost|p2a: Tri pegasus|spd|1\n|move|p1a: Marineland|Calm Mind|p1a: Marineland\n|-boost|p1a: Marineland|spa|1\n|-boost|p1a: Marineland|spd|1\n|\n|-heal|p1a: Marineland|99\/100|[from] item: Leftovers\n|upkeep\n|turn|21\n|\n|t:|1615747015\n|move|p2a: Tri pegasus|Mystical Fire|p1a: Marineland\n|-resisted|p1a: Marineland\n|-damage|p1a: Marineland|91\/100\n|-unboost|p1a: Marineland|spa|1\n|move|p1a: Marineland|Draining Kiss|p2a: Tri pegasus\n|-supereffective|p2a: Tri pegasus\n|-damage|p2a: Tri pegasus|61\/100\n|-heal|p1a: Marineland|100\/100|[from] drain|[of] p2a: Tri pegasus\n|\n|upkeep\n|turn|22\n|\n|t:|1615747018\n|switch|p1a: GRRR-OOOOOO|Tyranitar, M|48\/100\n|-weather|Sandstorm|[from] ability: Sand Stream|[of] p1a: GRRR-OOOOOO\n|move|p2a: Tri pegasus|Grass Knot|p1a: GRRR-OOOOOO\n|-supereffective|p1a: GRRR-OOOOOO\n|-damage|p1a: GRRR-OOOOOO|0 fnt\n|faint|p1a: GRRR-OOOOOO\n|\n|-weather|Sandstorm|[upkeep]\n|-damage|p2a: Tri pegasus|55\/100|[from] Sandstorm\n|upkeep\n|l| iWatermelone\n|\n|t:|1615747025\n|switch|p1a: Red ranger|Scizor, F|100\/100\n|turn|23\n|\n|t:|1615747028\n|detailschange|p1a: Red ranger|Scizor-Mega, F\n|-mega|p1a: Red ranger|Scizor|Scizorite\n|move|p1a: Red ranger|Bullet Punch|p2a: Tri pegasus\n|-damage|p2a: Tri pegasus|9\/100\n|move|p2a: Tri pegasus|Mystical Fire|p1a: Red ranger\n|-supereffective|p1a: Red ranger\n|-damage|p1a: Red ranger|0 fnt\n|faint|p1a: Red ranger\n|\n|-weather|Sandstorm|[upkeep]\n|-damage|p2a: Tri pegasus|3\/100|[from] Sandstorm\n|upkeep\n|\n|t:|1615747033\n|switch|p1a: Marineland|Primarina, F|100\/100\n|turn|24\n|c|\u2606DjezzeMwoan|now allow me to crit\n|\n|t:|1615747038\n|move|p2a: Tri pegasus|Grass Knot|p1a: Marineland\n|-supereffective|p1a: Marineland\n|-crit|p1a: Marineland\n|-damage|p1a: Marineland|42\/100\n|move|p1a: Marineland|Substitute|p1a: Marineland\n|-start|p1a: Marineland|Substitute\n|-damage|p1a: Marineland|17\/100\n|\n|-weather|Sandstorm|[upkeep]\n|-damage|p2a: Tri pegasus|0 fnt|[from] Sandstorm\n|-damage|p1a: Marineland|11\/100|[from] Sandstorm\n|faint|p2a: Tri pegasus\n|\n|win|2020 is dead!\n|upkeep\n","uploadtime":1615747039,"views":27,"p1id":"2020isdead","p2id":"djezzemwoan","formatid":"gen8nationaldexdlclegacy","rating":0,"private":0,"password":null}