{"id":"sports-gen8nationaldexdraft-661430","p1":"rooopos","p2":"SapphireBloom","format":"gen8nationaldexdraft","log":"|j|\u2606rooopos\n|j|\u2606SapphireBloom\n|t:|1654227930\n|gametype|singles\n|player|p1|rooopos|101|\n|player|p2|SapphireBloom|dawn-gen4pt|\n|teamsize|p1|6\n|teamsize|p2|6\n|gen|8\n|tier|[Gen 8] National Dex Draft\n|rule|Sleep Clause Mod: Limit one foe put to sleep\n|rule|OHKO Clause: OHKO moves are banned\n|rule|Evasion Moves Clause: Evasion moves are banned\n|rule|Endless Battle Clause: Forcing endless battles is banned\n|rule|HP Percentage Mod: HP is shown in percentages\n|rule|Dynamax Clause: You cannot dynamax\n|clearpoke\n|poke|p1|Landorus, M|\n|poke|p1|Aggron, M|\n|poke|p1|Vaporeon, M|\n|poke|p1|Weavile, F|\n|poke|p1|Weezing-Galar, F|\n|poke|p1|Terrakion|\n|poke|p2|Diancie|\n|poke|p2|Garchomp, F|\n|poke|p2|Volcarona, F|\n|poke|p2|Crobat, F|\n|poke|p2|Porygon-Z|\n|poke|p2|Chesnaught, F|\n|teampreview\n|html|<button name=\"send\" class=\"button\" value=\"\/timer ds\"><i class=\"fa fa-hourglass-start\"><\/i> DS Timer<\/button> <button name=\"send\" class=\"button\" value=\"\/timer smogon\"><i class=\"fa fa-hourglass-start\"><\/i> Smogon Timer<\/button>\n|j| PorygonTheBot\n|c| PorygonTheBot|Porygon has digitized into the match... booting up... successfully calibrating stats!\n|c|\u2606rooopos|hf\n|c|\u2606SapphireBloom|glfh!\n|j| NottaDoc\n|j| Dancing Roach\n|c|\u2606rooopos|lets see how rusty i am \n|j| Roma472\n|c| NottaDoc|Lets go Sapphire!\n|c|\u2606SapphireBloom|Thanks!\n|c|\u2606SapphireBloom|Can't wait for Herb to sweep to floor with me!\n|\n|t:|1654228024\n|start\n|switch|p1a: Aggron|Aggron, M|100\/100\n|switch|p2a: Bee|Crobat, F|100\/100\n|turn|1\n|c| Roma472|I didnt play for 2 months and know I suck :D. But you'll be fine after 1 week \n|\n|t:|1654228052\n|detailschange|p1a: Aggron|Aggron-Mega, M\n|-mega|p1a: Aggron|Aggron|Aggronite\n|move|p2a: Bee|U-turn|p1a: Aggron\n|-resisted|p1a: Aggron\n|-damage|p1a: Aggron|95\/100\n|-damage|p2a: Bee|91\/100|[from] item: Life Orb\n|\n|t:|1654228058\n|switch|p2a: Tree Beard|Chesnaught, F, shiny|100\/100|[from]move: U-turn\n|move|p1a: Aggron|Stealth Rock|p2a: Tree Beard\n|-sidestart|p2: SapphireBloom|move: Stealth Rock\n|\n|upkeep\n|turn|2\n|\n|t:|1654228073\n|switch|p1a: Weezing|Weezing-Galar, F|100\/100\n|move|p2a: Tree Beard|Spikes|p1a: Weezing\n|-sidestart|p1: rooopos|Spikes\n|\n|upkeep\n|turn|3\n|\n|t:|1654228107\n|switch|p2a: Seizure-Z|Porygon-Z|100\/100\n|-damage|p2a: Seizure-Z|88\/100|[from] Stealth Rock\n|move|p1a: Weezing|Toxic|p2a: Seizure-Z\n|-status|p2a: Seizure-Z|tox\n|\n|-damage|p2a: Seizure-Z|82\/100 tox|[from] psn\n|upkeep\n|turn|4\n|\n|t:|1654228121\n|switch|p1a: Vaporeon|Vaporeon, M|100\/100\n|-damage|p1a: Vaporeon|88\/100|[from] Spikes\n|move|p2a: Seizure-Z|Tri Attack|p1a: Vaporeon\n|-damage|p1a: Vaporeon|45\/100\n|\n|-heal|p1a: Vaporeon|51\/100|[from] item: Leftovers\n|-damage|p2a: Seizure-Z|70\/100 tox|[from] psn\n|upkeep\n|turn|5\n|\n|t:|1654228187\n|switch|p2a: Tree Beard|Chesnaught, F, shiny|100\/100\n|-damage|p2a: Tree Beard|94\/100|[from] Stealth Rock\n|move|p1a: Vaporeon|Wish|p1a: Vaporeon\n|\n|-heal|p1a: Vaporeon|57\/100|[from] item: Leftovers\n|upkeep\n|turn|6\n|\n|t:|1654228194\n|switch|p1a: Landorus|Landorus, M|100\/100\n|move|p2a: Tree Beard|Spikes|p1a: Landorus\n|-sidestart|p1: rooopos|Spikes\n|\n|upkeep\n|turn|7\n|\n|t:|1654228217\n|switch|p2a: Bee|Crobat, F|91\/100\n|-damage|p2a: Bee|66\/100|[from] Stealth Rock\n|move|p1a: Landorus|Sludge Wave|p2a: Bee\n|-resisted|p2a: Bee\n|-damage|p2a: Bee|32\/100\n|\n|upkeep\n|turn|8\n|\n|t:|1654228261\n|move|p2a: Bee|U-turn|p1a: Landorus\n|-resisted|p1a: Landorus\n|-damage|p1a: Landorus|84\/100\n|-damage|p2a: Bee|22\/100|[from] item: Life Orb\n|\n|t:|1654228266\n|switch|p2a: Seizure-Z|Porygon-Z|70\/100 tox|[from]move: U-turn\n|-damage|p2a: Seizure-Z|58\/100 tox|[from] Stealth Rock\n|move|p1a: Landorus|Psychic|p2a: Seizure-Z\n|-damage|p2a: Seizure-Z|0 fnt\n|faint|p2a: Seizure-Z\n|\n|upkeep\n|\n|t:|1654228288\n|switch|p2a: Cynthia|Garchomp, F|100\/100\n|-damage|p2a: Cynthia|94\/100|[from] Stealth Rock\n|turn|9\n|\n|t:|1654228294\n|switch|p1a: Weezing|Weezing-Galar, F|100\/100\n|move|p2a: Cynthia|Toxic|p1a: Weezing|[miss]\n|-miss|p2a: Cynthia|p1a: Weezing\n|\n|upkeep\n|turn|10\n|\n|t:|1654228306\n|move|p2a: Cynthia|Protect|p2a: Cynthia\n|-singleturn|p2a: Cynthia|Protect\n|move|p1a: Weezing|Toxic|p2a: Cynthia\n|-activate|p2a: Cynthia|move: Protect\n|\n|upkeep\n|turn|11\n|\n|t:|1654228330\n|switch|p2a: Bicho|Volcarona, F|100\/100\n|move|p1a: Weezing|Defog|p2a: Bicho\n|-unboost|p2a: Bicho|evasion|1\n|-sideend|p2: SapphireBloom|Stealth Rock|[from] move: Defog|[of] p1a: Weezing\n|-sideend|p1: rooopos|Spikes|[from] move: Defog|[of] p1a: Weezing\n|\n|upkeep\n|turn|12\n|c| NottaDoc|rip hazards :(\n|\n|t:|1654228352\n|move|p2a: Bicho|Quiver Dance|p2a: Bicho\n|-boost|p2a: Bicho|spa|1\n|-boost|p2a: Bicho|spd|1\n|-boost|p2a: Bicho|spe|1\n|move|p1a: Weezing|Toxic|p2a: Bicho\n|-status|p2a: Bicho|tox\n|\n|-damage|p2a: Bicho|94\/100 tox|[from] psn\n|upkeep\n|turn|13\n|\n|t:|1654228359\n|switch|p1a: Vaporeon|Vaporeon, M|57\/100\n|move|p2a: Bicho|Psychic|p1a: Vaporeon\n|-damage|p1a: Vaporeon|34\/100\n|\n|-heal|p1a: Vaporeon|40\/100|[from] item: Leftovers\n|-damage|p2a: Bicho|82\/100 tox|[from] psn\n|upkeep\n|turn|14\n|\n|t:|1654228414\n|move|p2a: Bicho|Bug Buzz|p1a: Vaporeon\n|-damage|p1a: Vaporeon|3\/100\n|-unboost|p1a: Vaporeon|spd|1\n|move|p1a: Vaporeon|Roar|p2a: Bicho\n|drag|p2a: Sailor Moon|Diancie, shiny|100\/100\n|\n|-heal|p1a: Vaporeon|10\/100|[from] item: Leftovers\n|upkeep\n|turn|15\n|c| Dancing Roach|zamn\n|c|\u2606SapphireBloom|Why...\n|\n|t:|1654228441\n|switch|p1a: Aggron|Aggron-Mega, M|95\/100\n|detailschange|p2a: Sailor Moon|Diancie-Mega, shiny\n|-mega|p2a: Sailor Moon|Diancie|Diancite\n|move|p2a: Sailor Moon|Earth Power|p1a: Aggron\n|-supereffective|p1a: Aggron\n|-damage|p1a: Aggron|48\/100\n|\n|upkeep\n|turn|16\n|c|\u2606rooopos|why do all ur mons do so much damage \n|\n|t:|1654228501\n|move|p2a: Sailor Moon|Earth Power|p1a: Aggron\n|-supereffective|p1a: Aggron\n|-damage|p1a: Aggron|0 fnt\n|faint|p1a: Aggron\n|\n|upkeep\n|\n|t:|1654228508\n|switch|p1a: Landorus|Landorus, M|84\/100\n|turn|17\n|l| PorygonTheBot\n|\n|t:|1654228563\n|switch|p2a: Cynthia|Garchomp, F|94\/100\n|move|p1a: Landorus|Earth Power|p2a: Cynthia\n|-damage|p2a: Cynthia|23\/100\n|\n|upkeep\n|turn|18\n|c| Dancing Roach|bruh porygon done left\n|c| Dancing Roach|porygone\n|c| NottaDoc|true!\n|c| Roma472|Porygon has been dying a lot lately\n|c| NottaDoc|it dies a lot all the time.\n|\n|t:|1654228604\n|switch|p1a: Weezing|Weezing-Galar, F|100\/100\n|move|p2a: Cynthia|Toxic|p1a: Weezing\n|-immune|p1a: Weezing\n|\n|upkeep\n|turn|19\n|c| Roma472|I wonder id he will run out of fabric\n|\n|t:|1654228625\n|switch|p2a: Bicho|Volcarona, F|82\/100 tox\n|switch|p1a: Terrakion|Terrakion|100\/100\n|\n|-damage|p2a: Bicho|76\/100 tox|[from] psn\n|upkeep\n|turn|20\n|c| Roma472|get it.... to die\n|c| Roma472|dye\n|c| NottaDoc|...\n|\n|t:|1654228642\n|switch|p2a: Tree Beard|Chesnaught, F, shiny|94\/100\n|move|p1a: Terrakion|Rock Slide|p2a: Tree Beard\n|-resisted|p2a: Tree Beard\n|-damage|p2a: Tree Beard|76\/100\n|-damage|p1a: Terrakion|91\/100|[from] item: Life Orb\n|\n|upkeep\n|turn|21\n|c| Dancing Roach|try sending the link again in live battles\n|c| Roma472|nah\n|c| Roma472|the bot has been doing weird stuff the whole week\n|\n|t:|1654228688\n|switch|p1a: Weezing|Weezing-Galar, F|100\/100\n|move|p2a: Tree Beard|Wood Hammer|p1a: Weezing\n|-resisted|p1a: Weezing\n|-damage|p1a: Weezing|79\/100\n|-damage|p2a: Tree Beard|70\/100|[from] Recoil\n|\n|-heal|p1a: Weezing|85\/100|[from] item: Black Sludge\n|upkeep\n|turn|22\n|\n|t:|1654228699\n|switch|p2a: Bicho|Volcarona, F|76\/100 tox\n|move|p1a: Weezing|Strange Steam|p2a: Bicho\n|-resisted|p2a: Bicho\n|-damage|p2a: Bicho|64\/100 tox\n|\n|-heal|p1a: Weezing|91\/100|[from] item: Black Sludge\n|-damage|p2a: Bicho|58\/100 tox|[from] psn\n|upkeep\n|turn|23\n|\n|t:|1654228707\n|switch|p1a: Terrakion|Terrakion|91\/100\n|move|p2a: Bicho|Roost|p2a: Bicho\n|-heal|p2a: Bicho|100\/100 tox\n|-singleturn|p2a: Bicho|move: Roost\n|\n|-damage|p2a: Bicho|88\/100 tox|[from] psn\n|upkeep\n|turn|24\n|c| NottaDoc|weezing-G the goat fr.\n|\n|t:|1654228729\n|switch|p2a: Tree Beard|Chesnaught, F, shiny|70\/100\n|move|p1a: Terrakion|Swords Dance|p1a: Terrakion\n|-boost|p1a: Terrakion|atk|2\n|\n|upkeep\n|turn|25\n|c| NottaDoc|its such a good mon.\n|\n|t:|1654228737\n|move|p1a: Terrakion|Close Combat|p2a: Tree Beard\n|-damage|p2a: Tree Beard|0 fnt\n|-unboost|p1a: Terrakion|def|1\n|-unboost|p1a: Terrakion|spd|1\n|-damage|p1a: Terrakion|74\/100|[from] item: Rocky Helmet|[of] p2a: Tree Beard\n|faint|p2a: Tree Beard\n|-damage|p1a: Terrakion|64\/100|[from] item: Life Orb\n|\n|upkeep\n|c| Roma472|oh\n|c| Roma472|that killed\n|c| Roma472|well.. I guess it was expected\n|\n|t:|1654228752\n|switch|p2a: Sailor Moon|Diancie-Mega, shiny|100\/100\n|turn|26\n|c|\u2606rooopos|its a terrak \n|c| Roma472|its an SD stab CC\n|c| NottaDoc|terrak stronk, and chesnaught little baby man.\n|c|\u2606SapphireBloom|Yeah it's GGs\n|c|\u2606rooopos|u have a volc bro \n|c| Roma472|dont give up sapphy\n|c|\u2606SapphireBloom|You have Galar-Weezing\n|c|\u2606rooopos|this wndgame is gonna be very tricky\n|c| Roma472|just breathe and keep playing \n|c| NottaDoc|it ain't over till the blissey sings\n|c| NottaDoc|does blissey get sing?\n|c| Roma472|yes\n|c| NottaDoc|aight cool.\n|\n|t:|1654228862\n|switch|p1a: Vaporeon|Vaporeon, M|10\/100\n|move|p2a: Sailor Moon|Moonblast|p1a: Vaporeon\n|-damage|p1a: Vaporeon|0 fnt\n|faint|p1a: Vaporeon\n|\n|upkeep\n|j| Jumping Jolteon\n|\n|t:|1654228867\n|switch|p1a: Landorus|Landorus, M|84\/100\n|turn|27\n|\n|t:|1654228929\n|move|p2a: Sailor Moon|Moonblast|p1a: Landorus\n|-damage|p1a: Landorus|16\/100\n|move|p1a: Landorus|Earth Power|p2a: Sailor Moon\n|-supereffective|p2a: Sailor Moon\n|-damage|p2a: Sailor Moon|0 fnt\n|faint|p2a: Sailor Moon\n|\n|upkeep\n|\n|t:|1654228943\n|switch|p2a: Bee|Crobat, F|22\/100\n|turn|28\n|l| Dancing Roach\n|\n|t:|1654229008\n|switch|p1a: Terrakion|Terrakion|64\/100\n|move|p2a: Bee|Taunt|p1a: Terrakion\n|-start|p1a: Terrakion|move: Taunt\n|\n|upkeep\n|turn|29\n|\n|t:|1654229020\n|move|p2a: Bee|U-turn|p1a: Terrakion\n|-resisted|p1a: Terrakion\n|-damage|p1a: Terrakion|49\/100\n|-damage|p2a: Bee|12\/100|[from] item: Life Orb\n|\n|t:|1654229024\n|switch|p2a: Cynthia|Garchomp, F|23\/100|[from]move: U-turn\n|move|p1a: Terrakion|Rock Slide|p2a: Cynthia\n|-resisted|p2a: Cynthia\n|-damage|p2a: Cynthia|3\/100\n|-damage|p1a: Terrakion|40\/100|[from] item: Life Orb\n|\n|upkeep\n|turn|30\n|\n|t:|1654229034\n|move|p2a: Cynthia|Protect|p2a: Cynthia\n|-singleturn|p2a: Cynthia|Protect\n|move|p1a: Terrakion|Close Combat|p2a: Cynthia\n|-activate|p2a: Cynthia|move: Protect\n|\n|-end|p1a: Terrakion|move: Taunt\n|upkeep\n|turn|31\n|\n|t:|1654229043\n|move|p2a: Cynthia|Earthquake|p1a: Terrakion\n|-supereffective|p1a: Terrakion\n|-damage|p1a: Terrakion|0 fnt\n|faint|p1a: Terrakion\n|\n|upkeep\n|c| Roma472|o\n|c| NottaDoc|o\n|\n|t:|1654229054\n|switch|p1a: Weavile|Weavile, F|100\/100\n|-ability|p1a: Weavile|Pressure\n|turn|32\n|\n|t:|1654229063\n|move|p2a: Cynthia|Protect|p2a: Cynthia\n|-singleturn|p2a: Cynthia|Protect\n|move|p1a: Weavile|Swords Dance|p1a: Weavile\n|-boost|p1a: Weavile|atk|2\n|\n|upkeep\n|turn|33\n|\n|t:|1654229071\n|move|p1a: Weavile|Ice Shard|p2a: Cynthia\n|-supereffective|p2a: Cynthia\n|-damage|p2a: Cynthia|0 fnt\n|faint|p2a: Cynthia\n|\n|upkeep\n|c|\u2606rooopos|didnt ev well\n|\n|t:|1654229075\n|switch|p2a: Bee|Crobat, F|12\/100\n|turn|34\n|\n|t:|1654229080\n|move|p1a: Weavile|Ice Shard|p2a: Bee\n|-supereffective|p2a: Bee\n|-damage|p2a: Bee|0 fnt\n|faint|p2a: Bee\n|\n|upkeep\n|c| Roma472|were you modest?\n|\n|t:|1654229088\n|switch|p2a: Bicho|Volcarona, F|88\/100 tox\n|turn|35\n|c| Roma472|or ev\n|\n|t:|1654229096\n|move|p1a: Weavile|Knock Off|p2a: Bicho\n|-damage|p2a: Bicho|0 fnt\n|-enditem|p2a: Bicho|Heavy-Duty Boots|[from] move: Knock Off|[of] p1a: Weavile\n|faint|p2a: Bicho\n|\n|win|rooopos\n|l| Jumping Jolteon\n|c| Roma472|gg guys!\n|c|\u2606rooopos|forgot chomp speed tier \n|c| Roma472|adamant*\n|c|\u2606rooopos|gg\n|l| Roma472\n|c|\u2606rooopos|i was jolly just forgot chomp hits 333\n|c|\u2606SapphireBloom|GG\n|c|\u2606rooopos|and only evd for volc \n|j| Roma472\n","uploadtime":1654229190,"views":32,"p1id":"rooopos","p2id":"sapphirebloom","formatid":"gen8nationaldexdraft","rating":0,"private":0,"password":null}