{"id":"sports-gen8nationaldexdlclegacy-348635","p1":"kec Meister real","p2":"TehranTyphlosions","format":"gen8nationaldexdlclegacy","log":"|j|\u2606kec Meister real\n|j|\u2606TehranTyphlosions\n|t:|1613871198\n|player|p1|kec Meister real|baker|\n|player|p2|TehranTyphlosions|clair|\n|teamsize|p1|6\n|teamsize|p2|6\n|gametype|singles\n|gen|8\n|tier|[Gen 8] National Dex DLC Legacy\n|rule|Sleep Clause Mod: Limit one foe put to sleep\n|rule|OHKO Clause: OHKO moves are banned\n|rule|Evasion Moves Clause: Evasion moves are banned\n|rule|Endless Battle Clause: Forcing endless battles is banned\n|rule|HP Percentage Mod: HP is shown in percentages\n|clearpoke\n|poke|p1|Tapu Koko|\n|poke|p1|Gliscor, F|\n|poke|p1|Latias, F|\n|poke|p1|Pinsir, M|\n|poke|p1|Drapion, F|\n|poke|p1|Escavalier, M|\n|poke|p2|Crobat, M|\n|poke|p2|Heatran, M|\n|poke|p2|Primarina, M|\n|poke|p2|Hydreigon, M|\n|poke|p2|Gallade, M|\n|poke|p2|Dugtrio-Alola, F|\n|rule|Dynamax Clause: You cannot dynamax\n|teampreview\n|html|<button name=\"send\" class=\"button\" value=\"\/timer ds\"><i class=\"fa fa-hourglass-start\"><\/i> DS Timer<\/button> <button name=\"send\" class=\"button\" value=\"\/timer smogon\"><i class=\"fa fa-hourglass-start\"><\/i> Smogon Timer<\/button>\n|\n|t:|1613871205\n|start\n|switch|p1a: skibidi scorpion|Drapion, F|100\/100\n|switch|p2a: Hydreigon|Hydreigon, M|100\/100\n|turn|1\n|\n|t:|1613871210\n|move|p2a: Hydreigon|Draco Meteor|p1a: skibidi scorpion|[miss]\n|-miss|p2a: Hydreigon|p1a: skibidi scorpion\n|move|p1a: skibidi scorpion|Poison Jab|p2a: Hydreigon\n|-crit|p2a: Hydreigon\n|-damage|p2a: Hydreigon|0 fnt\n|faint|p2a: Hydreigon\n|\n|upkeep\n|j| tylerb16\n|j| Bananacrazy111\n|c| Bananacrazy111|:wheelchair:\n|c| tylerb16|:wheelchair:\n|c| Bananacrazy111|:wheelchair:\n|\n|t:|1613871248\n|switch|p2a: Dugtrio|Dugtrio-Alola, F|100\/100\n|turn|2\n|\n|t:|1613871252\n|switch|p1a: skibidi batman|Gliscor, F|100\/100\n|move|p2a: Dugtrio|Stealth Rock|p1a: skibidi batman\n|-sidestart|p1: kec Meister real|move: Stealth Rock\n|\n|-status|p1a: skibidi batman|tox|[from] item: Toxic Orb\n|upkeep\n|turn|3\n|\n|t:|1613871257\n|switch|p2a: Primarina|Primarina, M|100\/100\n|move|p1a: skibidi batman|Defog|p2a: Primarina\n|-unboost|p2a: Primarina|evasion|1\n|-sideend|p1: kec Meister real|Stealth Rock|[from] move: Defog|[of] p1a: skibidi batman\n|\n|upkeep\n|turn|4\n|\n|t:|1613871260\n|switch|p1a: skibidi cavalier|Escavalier, M|100\/100\n|move|p2a: Primarina|Hydro Pump|p1a: skibidi cavalier\n|-damage|p1a: skibidi cavalier|34\/100\n|\n|-heal|p1a: skibidi cavalier|40\/100|[from] item: Leftovers\n|upkeep\n|turn|5\n|\n|t:|1613871266\n|move|p2a: Primarina|Hydro Pump|p1a: skibidi cavalier\n|-damage|p1a: skibidi cavalier|0 fnt\n|faint|p1a: skibidi cavalier\n|\n|upkeep\n|\n|t:|1613871272\n|switch|p1a: skibidi chicken|Tapu Koko|100\/100\n|-fieldstart|move: Electric Terrain|[from] ability: Electric Surge|[of] p1a: skibidi chicken\n|turn|6\n|\n|t:|1613871275\n|switch|p2a: Dugtrio|Dugtrio-Alola, F|100\/100\n|move|p1a: skibidi chicken|Thunderbolt|p2a: Dugtrio\n|-immune|p2a: Dugtrio\n|\n|upkeep\n|turn|7\n|\n|t:|1613871278\n|move|p1a: skibidi chicken|U-turn|p2a: Dugtrio\n|-resisted|p2a: Dugtrio\n|-damage|p2a: Dugtrio|71\/100\n|-ability|p2a: Dugtrio|Tangling Hair\n|-unboost|p1a: skibidi chicken|spe|1\n|\n|t:|1613871289\n|switch|p1a: skibidi batman|Gliscor, F|100\/100 tox|[from]move: U-turn\n|move|p2a: Dugtrio|Toxic|p1a: skibidi batman\n|-fail|p1a: skibidi batman|tox\n|\n|upkeep\n|turn|8\n|\n|t:|1613871294\n|switch|p2a: Crobat|Crobat, M|100\/100\n|move|p1a: skibidi batman|Earthquake|p2a: Crobat\n|-immune|p2a: Crobat\n|\n|upkeep\n|turn|9\n|\n|t:|1613871300\n|move|p2a: Crobat|U-turn|p1a: skibidi batman\n|-resisted|p1a: skibidi batman\n|-damage|p1a: skibidi batman|93\/100 tox\n|\n|t:|1613871302\n|switch|p2a: Primarina|Primarina, M|100\/100|[from]move: U-turn\n|move|p1a: skibidi batman|Facade|p2a: Primarina\n|-damage|p2a: Primarina|54\/100\n|\n|-heal|p1a: skibidi batman|100\/100 tox|[from] ability: Poison Heal\n|upkeep\n|turn|10\n|\n|t:|1613871321\n|switch|p1a: skibidi plane|Latias, F|100\/100\n|move|p2a: Primarina|Surf|p1a: skibidi plane\n|-resisted|p1a: skibidi plane\n|-damage|p1a: skibidi plane|66\/100\n|\n|-fieldend|move: Electric Terrain\n|upkeep\n|turn|11\n|\n|t:|1613871328\n|switch|p2a: Heatran|Heatran, M|100\/100\n|move|p1a: skibidi plane|Substitute|p1a: skibidi plane\n|-start|p1a: skibidi plane|Substitute\n|-damage|p1a: skibidi plane|41\/100\n|\n|upkeep\n|turn|12\n|\n|t:|1613871330\n|move|p1a: skibidi plane|Calm Mind|p1a: skibidi plane\n|-boost|p1a: skibidi plane|spa|1\n|-boost|p1a: skibidi plane|spd|1\n|move|p2a: Heatran|Magma Storm|p1a: skibidi plane|[miss]\n|-miss|p2a: Heatran|p1a: skibidi plane\n|\n|upkeep\n|turn|13\n|\n|t:|1613871333\n|move|p1a: skibidi plane|Aura Sphere|p2a: Heatran\n|-supereffective|p2a: Heatran\n|-damage|p2a: Heatran|43\/100\n|move|p2a: Heatran|Magma Storm|p1a: skibidi plane\n|-resisted|p1a: skibidi plane\n|-activate|p1a: skibidi plane|move: Substitute|[damage]\n|\n|-heal|p2a: Heatran|49\/100|[from] item: Leftovers\n|upkeep\n|turn|14\n|\n|t:|1613871339\n|move|p2a: Heatran|Protect|p2a: Heatran\n|-singleturn|p2a: Heatran|Protect\n|move|p1a: skibidi plane|Aura Sphere|p2a: Heatran\n|-activate|p2a: Heatran|move: Protect\n|\n|-heal|p2a: Heatran|55\/100|[from] item: Leftovers\n|upkeep\n|turn|15\n|\n|t:|1613871341\n|move|p1a: skibidi plane|Aura Sphere|p2a: Heatran\n|-supereffective|p2a: Heatran\n|-damage|p2a: Heatran|0 fnt\n|faint|p2a: Heatran\n|\n|upkeep\n|\n|t:|1613871344\n|switch|p2a: Crobat|Crobat, M|100\/100\n|turn|16\n|\n|t:|1613871347\n|move|p2a: Crobat|U-turn|p1a: skibidi plane\n|-supereffective|p1a: skibidi plane\n|-damage|p1a: skibidi plane|0 fnt\n|faint|p1a: skibidi plane\n|\n|t:|1613871352\n|switch|p2a: Dugtrio|Dugtrio-Alola, F|71\/100|[from]move: U-turn\n|\n|upkeep\n|\n|t:|1613871358\n|switch|p1a: skibidi batman|Gliscor, F|100\/100 tox\n|turn|17\n|\n|t:|1613871363\n|switch|p2a: Crobat|Crobat, M|100\/100\n|move|p1a: skibidi batman|Earthquake|p2a: Crobat\n|-immune|p2a: Crobat\n|\n|upkeep\n|turn|18\n|\n|t:|1613871367\n|move|p2a: Crobat|Brave Bird|p1a: skibidi batman\n|-damage|p1a: skibidi batman|58\/100 tox\n|-damage|p2a: Crobat|84\/100|[from] Recoil\n|move|p1a: skibidi batman|Facade|p2a: Crobat\n|-damage|p2a: Crobat|44\/100\n|\n|-heal|p2a: Crobat|50\/100|[from] item: Black Sludge\n|-heal|p1a: skibidi batman|70\/100 tox|[from] ability: Poison Heal\n|upkeep\n|turn|19\n|\n|t:|1613871380\n|move|p2a: Crobat|U-turn|p1a: skibidi batman\n|-resisted|p1a: skibidi batman\n|-damage|p1a: skibidi batman|62\/100 tox\n|\n|t:|1613871381\n|switch|p2a: Dugtrio|Dugtrio-Alola, F|71\/100|[from]move: U-turn\n|move|p1a: skibidi batman|Roost|p1a: skibidi batman\n|-heal|p1a: skibidi batman|100\/100 tox\n|-singleturn|p1a: skibidi batman|move: Roost\n|\n|upkeep\n|turn|20\n|\n|t:|1613871383\n|move|p2a: Dugtrio|Stealth Rock|p1a: skibidi batman\n|-sidestart|p1: kec Meister real|move: Stealth Rock\n|move|p1a: skibidi batman|Earthquake|p2a: Dugtrio\n|-supereffective|p2a: Dugtrio\n|-enditem|p2a: Dugtrio|Shuca Berry|[eat]\n|-enditem|p2a: Dugtrio|Shuca Berry|[weaken]\n|-damage|p2a: Dugtrio|0 fnt\n|faint|p2a: Dugtrio\n|\n|upkeep\n|\n|t:|1613871386\n|switch|p2a: Gallade|Gallade, M|100\/100\n|turn|21\n|\n|t:|1613871389\n|detailschange|p2a: Gallade|Gallade-Mega, M\n|-mega|p2a: Gallade|Gallade|Galladite\n|move|p2a: Gallade|Ice Punch|p1a: skibidi batman\n|-supereffective|p1a: skibidi batman\n|-damage|p1a: skibidi batman|0 fnt\n|faint|p1a: skibidi batman\n|\n|upkeep\n|\n|t:|1613871394\n|switch|p1a: skibidi scorpion|Drapion, F|100\/100\n|-damage|p1a: skibidi scorpion|88\/100|[from] Stealth Rock\n|turn|22\n|\n|t:|1613871401\n|switch|p2a: Crobat|Crobat, M|50\/100\n|move|p1a: skibidi scorpion|Night Slash|p2a: Crobat\n|-crit|p2a: Crobat\n|-damage|p2a: Crobat|0 fnt\n|faint|p2a: Crobat\n|\n|upkeep\n|\n|t:|1613871404\n|switch|p2a: Primarina|Primarina, M|54\/100\n|turn|23\n|\n|t:|1613871406\n|move|p1a: skibidi scorpion|Night Slash|p2a: Primarina\n|-resisted|p2a: Primarina\n|-damage|p2a: Primarina|25\/100\n|move|p2a: Primarina|Hydro Pump|p1a: skibidi scorpion|[miss]\n|-miss|p2a: Primarina|p1a: skibidi scorpion\n|\n|upkeep\n|turn|24\n|\n|t:|1613871416\n|move|p1a: skibidi scorpion|Night Slash|p2a: Primarina\n|-resisted|p2a: Primarina\n|-damage|p2a: Primarina|0 fnt\n|faint|p2a: Primarina\n|\n|upkeep\n|\n|t:|1613871418\n|switch|p2a: Gallade|Gallade-Mega, M|100\/100\n|turn|25\n|\n|t:|1613871420\n|move|p2a: Gallade|Close Combat|p1a: skibidi scorpion\n|-damage|p1a: skibidi scorpion|15\/100\n|-unboost|p2a: Gallade|def|1\n|-unboost|p2a: Gallade|spd|1\n|move|p1a: skibidi scorpion|Night Slash|p2a: Gallade\n|-damage|p2a: Gallade|18\/100\n|\n|upkeep\n|turn|26\n|\n|t:|1613871423\n|move|p2a: Gallade|Ice Punch|p1a: skibidi scorpion\n|-damage|p1a: skibidi scorpion|0 fnt\n|faint|p1a: skibidi scorpion\n|\n|upkeep\n|\n|t:|1613871424\n|switch|p1a: skibidi demon|Pinsir, M|100\/100\n|-damage|p1a: skibidi demon|76\/100|[from] Stealth Rock\n|turn|27\n|\n|t:|1613871426\n|detailschange|p1a: skibidi demon|Pinsir-Mega, M\n|-mega|p1a: skibidi demon|Pinsir|Pinsirite\n|move|p1a: skibidi demon|Quick Attack|p2a: Gallade\n|-supereffective|p2a: Gallade\n|-damage|p2a: Gallade|0 fnt\n|faint|p2a: Gallade\n|\n|win|kec Meister real\n","uploadtime":1613871431,"views":10,"p1id":"kecmeisterreal","p2id":"tehrantyphlosions","formatid":"gen8nationaldexdlclegacy","rating":0,"private":0,"password":null}