{"id":"sports-gen8nationaldexdraft-659974","p1":"Scefernape","p2":"DjezzeMwoan","format":"gen8nationaldexdraft","log":"|j|\u2606Scefernape\n|j|\u2606DjezzeMwoan\n|t:|1653998979\n|gametype|singles\n|player|p1|Scefernape|lucas|\n|player|p2|DjezzeMwoan|gambler|\n|teamsize|p1|6\n|teamsize|p2|6\n|gen|8\n|tier|[Gen 8] National Dex Draft\n|rule|Sleep Clause Mod: Limit one foe put to sleep\n|rule|OHKO Clause: OHKO moves are banned\n|rule|Evasion Moves Clause: Evasion moves are banned\n|rule|Endless Battle Clause: Forcing endless battles is banned\n|rule|HP Percentage Mod: HP is shown in percentages\n|rule|Dynamax Clause: You cannot dynamax\n|clearpoke\n|poke|p1|Mewtwo|\n|poke|p1|Celesteela|\n|poke|p1|Suicune|\n|poke|p1|Comfey, F|\n|poke|p1|Xurkitree|\n|poke|p1|Mudsdale, M|\n|poke|p2|Mewtwo|\n|poke|p2|Lycanroc-Dusk, M|\n|poke|p2|Tsareena, F|\n|poke|p2|Greninja, F|\n|poke|p2|Gligar, F|\n|poke|p2|Avalugg, M|\n|teampreview\n|html|<button name=\"send\" class=\"button\" value=\"\/timer ds\"><i class=\"fa fa-hourglass-start\"><\/i> DS Timer<\/button> <button name=\"send\" class=\"button\" value=\"\/timer smogon\"><i class=\"fa fa-hourglass-start\"><\/i> Smogon Timer<\/button>\n|c|\u2606DjezzeMwoan|glhf\n|c|\u2606DjezzeMwoan|ive been looking forward to this match\n|c|\u2606Scefernape|U2! \n|j| J2411\n|c|\u2606Scefernape|Well same but am not too stoked about our record lmao\n|c|\u2606DjezzeMwoan|a dw\n|\n|t:|1653999123\n|start\n|switch|p1a: ALOLA!|Comfey, F|100\/100\n|switch|p2a: Ty Lee|Greninja, F|100\/100\n|turn|1\n|\n|t:|1653999157\n|switch|p2a: Roku|Mewtwo|100\/100\n|-ability|p2a: Roku|Pressure\n|move|p1a: ALOLA!|Draining Kiss|p2a: Roku\n|-damage|p2a: Roku|81\/100\n|\n|-heal|p2a: Roku|87\/100|[from] item: Leftovers\n|upkeep\n|turn|2\n|\n|t:|1653999225\n|switch|p1a: KAT|Mewtwo|100\/100\n|-ability|p1a: KAT|Pressure\n|move|p2a: Roku|Thunderbolt|p1a: KAT\n|-damage|p1a: KAT|70\/100\n|\n|-heal|p2a: Roku|93\/100|[from] item: Leftovers\n|upkeep\n|turn|3\n|\n|t:|1653999249\n|detailschange|p1a: KAT|Mewtwo-Mega-X\n|-mega|p1a: KAT|Mewtwo|Mewtwonite X\n|move|p1a: KAT|Earthquake|p2a: Roku\n|-damage|p2a: Roku|63\/100\n|move|p2a: Roku|Will-O-Wisp|p1a: KAT\n|-status|p1a: KAT|brn\n|\n|-heal|p2a: Roku|69\/100|[from] item: Leftovers\n|-damage|p1a: KAT|63\/100 brn|[from] brn\n|upkeep\n|turn|4\n|c|\u2606DjezzeMwoan|my man named his mmx the dutch word for cat\n|c|\u2606DjezzeMwoan|goat\n|\n|t:|1653999296\n|switch|p1a: SKYDRIVE|Celesteela|100\/100\n|move|p2a: Roku|Thunderbolt|p1a: SKYDRIVE\n|-supereffective|p1a: SKYDRIVE\n|-damage|p1a: SKYDRIVE|63\/100\n|\n|-heal|p2a: Roku|75\/100|[from] item: Leftovers\n|-heal|p1a: SKYDRIVE|69\/100|[from] item: Leftovers\n|upkeep\n|turn|5\n|\n|t:|1653999310\n|move|p2a: Roku|Thunderbolt|p1a: SKYDRIVE\n|-supereffective|p1a: SKYDRIVE\n|-damage|p1a: SKYDRIVE|30\/100\n|move|p1a: SKYDRIVE|Leech Seed|p2a: Roku\n|-start|p2a: Roku|move: Leech Seed\n|\n|-heal|p2a: Roku|81\/100|[from] item: Leftovers\n|-heal|p1a: SKYDRIVE|36\/100|[from] item: Leftovers\n|-damage|p2a: Roku|69\/100|[from] Leech Seed|[of] p1a: SKYDRIVE\n|-heal|p1a: SKYDRIVE|48\/100|[silent]\n|upkeep\n|turn|6\n|\n|t:|1653999324\n|switch|p2a: Sokka|Gligar, F|100\/100\n|move|p1a: SKYDRIVE|Leech Seed|p2a: Sokka\n|-start|p2a: Sokka|move: Leech Seed\n|\n|-heal|p1a: SKYDRIVE|55\/100|[from] item: Leftovers\n|-damage|p2a: Sokka|88\/100|[from] Leech Seed|[of] p1a: SKYDRIVE\n|-heal|p1a: SKYDRIVE|65\/100|[silent]\n|upkeep\n|turn|7\n|\n|t:|1653999343\n|switch|p1a: ALOLA!|Comfey, F|100\/100\n|move|p2a: Sokka|U-turn|p1a: ALOLA!\n|-resisted|p1a: ALOLA!\n|-damage|p1a: ALOLA!|93\/100\n|\n|t:|1653999346\n|switch|p2a: Roku|Mewtwo|69\/100|[from]move: U-turn\n|-ability|p2a: Roku|Pressure\n|\n|-heal|p2a: Roku|75\/100|[from] item: Leftovers\n|upkeep\n|turn|8\n|\n|t:|1653999349\n|move|p2a: Roku|Will-O-Wisp|p1a: ALOLA!|[miss]\n|-miss|p2a: Roku|p1a: ALOLA!\n|move|p1a: ALOLA!|Leech Seed|p2a: Roku\n|-start|p2a: Roku|move: Leech Seed\n|\n|-heal|p2a: Roku|81\/100|[from] item: Leftovers\n|-damage|p2a: Roku|69\/100|[from] Leech Seed|[of] p1a: ALOLA!\n|-heal|p1a: ALOLA!|100\/100|[silent]\n|upkeep\n|turn|9\n|\n|t:|1653999358\n|switch|p2a: Mai|Tsareena, F|100\/100\n|switch|p1a: SKYDRIVE|Celesteela|65\/100\n|\n|-heal|p1a: SKYDRIVE|71\/100|[from] item: Leftovers\n|upkeep\n|turn|10\n|c|\u2606DjezzeMwoan|can you not run mono leech seed\n|\n|t:|1653999368\n|move|p2a: Mai|U-turn|p1a: SKYDRIVE\n|-resisted|p1a: SKYDRIVE\n|-damage|p1a: SKYDRIVE|67\/100\n|\n|t:|1653999377\n|switch|p2a: Sokka|Gligar, F|88\/100|[from]move: U-turn\n|move|p1a: SKYDRIVE|Air Slash|p2a: Sokka\n|-damage|p2a: Sokka|69\/100\n|\n|-heal|p1a: SKYDRIVE|73\/100|[from] item: Leftovers\n|upkeep\n|turn|11\n|\n|t:|1653999387\n|switch|p1a: KAT|Mewtwo-Mega-X|63\/100 brn\n|move|p2a: Sokka|Stealth Rock|p1a: KAT\n|-sidestart|p1: Scefernape|move: Stealth Rock\n|\n|-damage|p1a: KAT|57\/100 brn|[from] brn\n|upkeep\n|turn|12\n|\n|t:|1653999394\n|switch|p2a: Roku|Mewtwo|69\/100\n|-ability|p2a: Roku|Pressure\n|move|p1a: KAT|Ice Beam|p2a: Roku\n|-damage|p2a: Roku|46\/100\n|\n|-heal|p2a: Roku|52\/100|[from] item: Leftovers\n|-damage|p1a: KAT|51\/100 brn|[from] brn\n|upkeep\n|turn|13\n|\n|t:|1653999410\n|move|p1a: KAT|Ice Beam|p2a: Roku\n|-damage|p2a: Roku|27\/100\n|move|p2a: Roku|Recover|p2a: Roku\n|-heal|p2a: Roku|77\/100\n|\n|-heal|p2a: Roku|83\/100|[from] item: Leftovers\n|-damage|p1a: KAT|45\/100 brn|[from] brn\n|upkeep\n|turn|14\n|\n|t:|1653999447\n|switch|p1a: BUZZBOLT|Xurkitree, shiny|100\/100\n|-damage|p1a: BUZZBOLT|88\/100|[from] Stealth Rock\n|move|p2a: Roku|Will-O-Wisp|p1a: BUZZBOLT\n|-status|p1a: BUZZBOLT|brn\n|\n|-heal|p2a: Roku|89\/100|[from] item: Leftovers\n|-damage|p1a: BUZZBOLT|82\/100 brn|[from] brn\n|upkeep\n|turn|15\n|\n|t:|1653999458\n|switch|p2a: Sokka|Gligar, F|69\/100\n|move|p1a: BUZZBOLT|Energy Ball|p2a: Sokka\n|-damage|p2a: Sokka|43\/100\n|\n|-damage|p1a: BUZZBOLT|76\/100 brn|[from] brn\n|upkeep\n|turn|16\n|\n|t:|1653999477\n|switch|p1a: ALOLA!|Comfey, F|100\/100\n|-damage|p1a: ALOLA!|88\/100|[from] Stealth Rock\n|move|p2a: Sokka|Roost|p2a: Sokka\n|-heal|p2a: Sokka|93\/100\n|-singleturn|p2a: Sokka|move: Roost\n|\n|upkeep\n|turn|17\n|\n|t:|1653999489\n|move|p1a: ALOLA!|Defog|p2a: Sokka\n|-unboost|p2a: Sokka|evasion|1\n|-sideend|p1: Scefernape|Stealth Rock|[from] move: Defog|[of] p1a: ALOLA!\n|move|p2a: Sokka|U-turn|p1a: ALOLA!\n|-resisted|p1a: ALOLA!\n|-damage|p1a: ALOLA!|81\/100\n|\n|t:|1653999548\n|switch|p2a: Roku|Mewtwo|89\/100|[from]move: U-turn\n|-ability|p2a: Roku|Pressure\n|\n|-heal|p2a: Roku|95\/100|[from] item: Leftovers\n|upkeep\n|turn|18\n|\n|t:|1653999559\n|move|p2a: Roku|Psystrike|p1a: ALOLA!\n|-damage|p1a: ALOLA!|23\/100\n|move|p1a: ALOLA!|Leech Seed|p2a: Roku\n|-start|p2a: Roku|move: Leech Seed\n|\n|-heal|p2a: Roku|100\/100|[from] item: Leftovers\n|-damage|p2a: Roku|88\/100|[from] Leech Seed|[of] p1a: ALOLA!\n|-heal|p1a: ALOLA!|40\/100|[silent]\n|upkeep\n|turn|19\n|\n|t:|1653999567\n|switch|p1a: SKYDRIVE|Celesteela|73\/100\n|move|p2a: Roku|Psystrike|p1a: SKYDRIVE\n|-resisted|p1a: SKYDRIVE\n|-damage|p1a: SKYDRIVE|55\/100\n|\n|-heal|p2a: Roku|94\/100|[from] item: Leftovers\n|-heal|p1a: SKYDRIVE|61\/100|[from] item: Leftovers\n|-damage|p2a: Roku|82\/100|[from] Leech Seed|[of] p1a: SKYDRIVE\n|-heal|p1a: SKYDRIVE|74\/100|[silent]\n|upkeep\n|turn|20\n|c|\u2606DjezzeMwoan|i was wondering who the defogger was lol\n|c|\u2606DjezzeMwoan|didnt know comfey got that\n|\n|t:|1653999586\n|switch|p2a: Sokka|Gligar, F|93\/100\n|move|p1a: SKYDRIVE|Flash Cannon|p2a: Sokka\n|-damage|p2a: Sokka|74\/100\n|\n|-heal|p1a: SKYDRIVE|80\/100|[from] item: Leftovers\n|upkeep\n|turn|21\n|c|\u2606Scefernape|Yeah lol \n|\n|t:|1653999619\n|switch|p1a: NORTH WINDS|Suicune|100\/100\n|-ability|p1a: NORTH WINDS|Pressure\n|move|p2a: Sokka|Stealth Rock|p1a: NORTH WINDS\n|-sidestart|p1: Scefernape|move: Stealth Rock\n|\n|upkeep\n|turn|22\n|\n|t:|1653999632\n|switch|p2a: Mai|Tsareena, F|100\/100\n|switch|p1a: SKYDRIVE|Celesteela|80\/100\n|-damage|p1a: SKYDRIVE|67\/100|[from] Stealth Rock\n|\n|-heal|p1a: SKYDRIVE|73\/100|[from] item: Leftovers\n|upkeep\n|turn|23\n|\n|t:|1653999637\n|move|p2a: Mai|U-turn|p1a: SKYDRIVE\n|-resisted|p1a: SKYDRIVE\n|-damage|p1a: SKYDRIVE|70\/100\n|\n|t:|1653999641\n|switch|p2a: Roku|Mewtwo|82\/100|[from]move: U-turn\n|-ability|p2a: Roku|Pressure\n|move|p1a: SKYDRIVE|Leech Seed|p2a: Roku\n|-start|p2a: Roku|move: Leech Seed\n|\n|-heal|p2a: Roku|88\/100|[from] item: Leftovers\n|-heal|p1a: SKYDRIVE|76\/100|[from] item: Leftovers\n|-damage|p2a: Roku|76\/100|[from] Leech Seed|[of] p1a: SKYDRIVE\n|-heal|p1a: SKYDRIVE|88\/100|[silent]\n|upkeep\n|turn|24\n|\n|t:|1653999651\n|switch|p2a: Sokka|Gligar, F|74\/100\n|move|p1a: SKYDRIVE|Flash Cannon|p2a: Sokka\n|-damage|p2a: Sokka|52\/100\n|\n|-heal|p1a: SKYDRIVE|94\/100|[from] item: Leftovers\n|upkeep\n|turn|25\n|\n|t:|1653999657\n|move|p2a: Sokka|Roost|p2a: Sokka\n|-heal|p2a: Sokka|100\/100\n|-singleturn|p2a: Sokka|move: Roost\n|move|p1a: SKYDRIVE|Flash Cannon|p2a: Sokka\n|-crit|p2a: Sokka\n|-damage|p2a: Sokka|72\/100\n|-unboost|p2a: Sokka|spd|1\n|\n|-heal|p1a: SKYDRIVE|100\/100|[from] item: Leftovers\n|upkeep\n|turn|26\n|\n|t:|1653999668\n|move|p2a: Sokka|U-turn|p1a: SKYDRIVE\n|-resisted|p1a: SKYDRIVE\n|-damage|p1a: SKYDRIVE|98\/100\n|\n|t:|1653999670\n|switch|p2a: Roku|Mewtwo|76\/100|[from]move: U-turn\n|-ability|p2a: Roku|Pressure\n|move|p1a: SKYDRIVE|Air Slash|p2a: Roku\n|-damage|p2a: Roku|50\/100\n|\n|-heal|p2a: Roku|56\/100|[from] item: Leftovers\n|-heal|p1a: SKYDRIVE|100\/100|[from] item: Leftovers\n|upkeep\n|turn|27\n|\n|t:|1653999717\n|switch|p1a: UMM|Mudsdale, M, shiny|100\/100\n|-damage|p1a: UMM|94\/100|[from] Stealth Rock\n|move|p2a: Roku|Recover|p2a: Roku\n|-heal|p2a: Roku|100\/100\n|\n|-heal|p1a: UMM|100\/100|[from] item: Leftovers\n|upkeep\n|turn|28\n|\n|t:|1653999737\n|switch|p2a: Bumi|Avalugg, M|100\/100\n|move|p1a: UMM|Stealth Rock|p2a: Bumi\n|-sidestart|p2: DjezzeMwoan|move: Stealth Rock\n|\n|upkeep\n|turn|29\n|\n|t:|1653999750\n|switch|p1a: SKYDRIVE|Celesteela|100\/100\n|-damage|p1a: SKYDRIVE|88\/100|[from] Stealth Rock\n|move|p2a: Bumi|Avalanche|p1a: SKYDRIVE\n|-damage|p1a: SKYDRIVE|68\/100\n|\n|-heal|p1a: SKYDRIVE|74\/100|[from] item: Leftovers\n|upkeep\n|turn|30\n|\n|t:|1653999761\n|switch|p2a: Sokka|Gligar, F|72\/100\n|-damage|p2a: Sokka|59\/100|[from] Stealth Rock\n|move|p1a: SKYDRIVE|Flash Cannon|p2a: Sokka\n|-damage|p2a: Sokka|39\/100\n|\n|-heal|p1a: SKYDRIVE|80\/100|[from] item: Leftovers\n|upkeep\n|turn|31\n|\n|t:|1653999771\n|move|p2a: Sokka|Roost|p2a: Sokka\n|-heal|p2a: Sokka|89\/100\n|-singleturn|p2a: Sokka|move: Roost\n|move|p1a: SKYDRIVE|Leech Seed|p2a: Sokka\n|-start|p2a: Sokka|move: Leech Seed\n|\n|-heal|p1a: SKYDRIVE|86\/100|[from] item: Leftovers\n|-damage|p2a: Sokka|77\/100|[from] Leech Seed|[of] p1a: SKYDRIVE\n|-heal|p1a: SKYDRIVE|97\/100|[silent]\n|upkeep\n|turn|32\n|\n|t:|1653999776\n|move|p2a: Sokka|U-turn|p1a: SKYDRIVE\n|-resisted|p1a: SKYDRIVE\n|-crit|p1a: SKYDRIVE\n|-damage|p1a: SKYDRIVE|93\/100\n|\n|t:|1653999779\n|switch|p2a: Roku|Mewtwo|100\/100|[from]move: U-turn\n|-damage|p2a: Roku|88\/100|[from] Stealth Rock\n|-ability|p2a: Roku|Pressure\n|move|p1a: SKYDRIVE|Flash Cannon|p2a: Roku\n|-damage|p2a: Roku|60\/100\n|\n|-heal|p2a: Roku|67\/100|[from] item: Leftovers\n|-heal|p1a: SKYDRIVE|99\/100|[from] item: Leftovers\n|upkeep\n|turn|33\n|\n|t:|1653999799\n|move|p2a: Roku|Will-O-Wisp|p1a: SKYDRIVE\n|-status|p1a: SKYDRIVE|brn\n|move|p1a: SKYDRIVE|Flash Cannon|p2a: Roku\n|-damage|p2a: Roku|42\/100\n|-unboost|p2a: Roku|spd|1\n|\n|-heal|p2a: Roku|48\/100|[from] item: Leftovers\n|-heal|p1a: SKYDRIVE|100\/100 brn|[from] item: Leftovers\n|-damage|p1a: SKYDRIVE|94\/100 brn|[from] brn\n|upkeep\n|turn|34\n|l|\u2606Scefernape\n|player|p1|\n|j|\u2606Scefernape\n|player|p1|Scefernape|lucas\n|\n|t:|1653999834\n|move|p2a: Roku|Recover|p2a: Roku\n|-heal|p2a: Roku|98\/100\n|move|p1a: SKYDRIVE|Air Slash|p2a: Roku\n|-damage|p2a: Roku|63\/100\n|\n|-heal|p2a: Roku|69\/100|[from] item: Leftovers\n|-heal|p1a: SKYDRIVE|100\/100 brn|[from] item: Leftovers\n|-damage|p1a: SKYDRIVE|94\/100 brn|[from] brn\n|upkeep\n|turn|35\n|\n|t:|1653999847\n|switch|p2a: Sokka|Gligar, F|77\/100\n|-damage|p2a: Sokka|65\/100|[from] Stealth Rock\n|move|p1a: SKYDRIVE|Air Slash|p2a: Sokka\n|-damage|p2a: Sokka|47\/100\n|\n|-heal|p1a: SKYDRIVE|100\/100 brn|[from] item: Leftovers\n|-damage|p1a: SKYDRIVE|94\/100 brn|[from] brn\n|upkeep\n|turn|36\n|\n|t:|1653999857\n|move|p2a: Sokka|Roost|p2a: Sokka\n|-heal|p2a: Sokka|97\/100\n|-singleturn|p2a: Sokka|move: Roost\n|move|p1a: SKYDRIVE|Flash Cannon|p2a: Sokka\n|-damage|p2a: Sokka|78\/100\n|\n|-heal|p1a: SKYDRIVE|100\/100 brn|[from] item: Leftovers\n|-damage|p1a: SKYDRIVE|94\/100 brn|[from] brn\n|upkeep\n|turn|37\n|\n|t:|1653999862\n|switch|p1a: NORTH WINDS|Suicune|100\/100\n|-damage|p1a: NORTH WINDS|88\/100|[from] Stealth Rock\n|-ability|p1a: NORTH WINDS|Pressure\n|move|p2a: Sokka|Defog|p1a: NORTH WINDS\n|-unboost|p1a: NORTH WINDS|evasion|1\n|-sideend|p1: Scefernape|Stealth Rock|[from] move: Defog|[of] p2a: Sokka\n|-sideend|p2: DjezzeMwoan|Stealth Rock|[from] move: Defog|[of] p2a: Sokka\n|\n|-heal|p1a: NORTH WINDS|94\/100|[from] item: Leftovers\n|upkeep\n|turn|38\n|\n|t:|1653999869\n|switch|p2a: Mai|Tsareena, F|100\/100\n|move|p1a: NORTH WINDS|Ice Beam|p2a: Mai\n|-supereffective|p2a: Mai\n|-damage|p2a: Mai|73\/100\n|\n|-heal|p1a: NORTH WINDS|100\/100|[from] item: Leftovers\n|-heal|p2a: Mai|80\/100|[from] item: Leftovers\n|upkeep\n|turn|39\n|\n|t:|1653999886\n|switch|p1a: SKYDRIVE|Celesteela|94\/100 brn\n|move|p2a: Mai|Trop Kick|p1a: SKYDRIVE\n|-resisted|p1a: SKYDRIVE\n|-damage|p1a: SKYDRIVE|89\/100 brn\n|-unboost|p1a: SKYDRIVE|atk|1\n|\n|-heal|p2a: Mai|86\/100|[from] item: Leftovers\n|-heal|p1a: SKYDRIVE|95\/100 brn|[from] item: Leftovers\n|-damage|p1a: SKYDRIVE|89\/100 brn|[from] brn\n|upkeep\n|turn|40\n|\n|t:|1653999898\n|switch|p1a: NORTH WINDS|Suicune|100\/100\n|-ability|p1a: NORTH WINDS|Pressure\n|move|p2a: Mai|U-turn|p1a: NORTH WINDS\n|-damage|p1a: NORTH WINDS|88\/100\n|\n|t:|1653999902\n|switch|p2a: Ty Lee|Greninja, F|100\/100|[from]move: U-turn\n|\n|-heal|p1a: NORTH WINDS|94\/100|[from] item: Leftovers\n|upkeep\n|turn|41\n|\n|t:|1653999910\n|move|p2a: Ty Lee|U-turn|p1a: NORTH WINDS\n|-start|p2a: Ty Lee|typechange|Bug|[from] ability: Protean\n|-damage|p1a: NORTH WINDS|77\/100\n|\n|t:|1653999914\n|switch|p2a: Mai|Tsareena, F|86\/100|[from]move: U-turn\n|move|p1a: NORTH WINDS|Scald|p2a: Mai\n|-resisted|p2a: Mai\n|-damage|p2a: Mai|76\/100\n|\n|-heal|p1a: NORTH WINDS|83\/100|[from] item: Leftovers\n|-heal|p2a: Mai|82\/100|[from] item: Leftovers\n|upkeep\n|turn|42\n|\n|t:|1653999923\n|switch|p1a: SKYDRIVE|Celesteela|89\/100 brn\n|move|p2a: Mai|Trop Kick|p1a: SKYDRIVE\n|-resisted|p1a: SKYDRIVE\n|-damage|p1a: SKYDRIVE|83\/100 brn\n|-unboost|p1a: SKYDRIVE|atk|1\n|\n|-heal|p2a: Mai|88\/100|[from] item: Leftovers\n|-heal|p1a: SKYDRIVE|89\/100 brn|[from] item: Leftovers\n|-damage|p1a: SKYDRIVE|83\/100 brn|[from] brn\n|upkeep\n|turn|43\n|\n|t:|1653999943\n|move|p2a: Mai|U-turn|p1a: SKYDRIVE\n|-resisted|p1a: SKYDRIVE\n|-damage|p1a: SKYDRIVE|80\/100 brn\n|\n|t:|1653999946\n|switch|p2a: Sokka|Gligar, F|78\/100|[from]move: U-turn\n|move|p1a: SKYDRIVE|Leech Seed|p2a: Sokka\n|-start|p2a: Sokka|move: Leech Seed\n|\n|-heal|p1a: SKYDRIVE|86\/100 brn|[from] item: Leftovers\n|-damage|p2a: Sokka|65\/100|[from] Leech Seed|[of] p1a: SKYDRIVE\n|-heal|p1a: SKYDRIVE|96\/100 brn|[silent]\n|-damage|p1a: SKYDRIVE|90\/100 brn|[from] brn\n|upkeep\n|turn|44\n|\n|t:|1653999957\n|switch|p1a: ALOLA!|Comfey, F|40\/100\n|move|p2a: Sokka|U-turn|p1a: ALOLA!\n|-resisted|p1a: ALOLA!\n|-damage|p1a: ALOLA!|33\/100\n|\n|t:|1653999960\n|switch|p2a: Roku|Mewtwo|69\/100|[from]move: U-turn\n|-ability|p2a: Roku|Pressure\n|\n|-heal|p2a: Roku|75\/100|[from] item: Leftovers\n|upkeep\n|turn|45\n|\n|t:|1653999971\n|switch|p1a: BUZZBOLT|Xurkitree, shiny|76\/100 brn\n|move|p2a: Roku|Thunderbolt|p1a: BUZZBOLT\n|-resisted|p1a: BUZZBOLT\n|-damage|p1a: BUZZBOLT|54\/100 brn\n|\n|-heal|p2a: Roku|81\/100|[from] item: Leftovers\n|-damage|p1a: BUZZBOLT|47\/100 brn|[from] brn\n|upkeep\n|turn|46\n|\n|t:|1653999979\n|switch|p2a: Mai|Tsareena, F|88\/100\n|move|p1a: BUZZBOLT|Thunderbolt|p2a: Mai\n|-resisted|p2a: Mai\n|-damage|p2a: Mai|66\/100\n|\n|-heal|p2a: Mai|72\/100|[from] item: Leftovers\n|-damage|p1a: BUZZBOLT|41\/100 brn|[from] brn\n|upkeep\n|turn|47\n|\n|t:|1653999994\n|switch|p1a: SKYDRIVE|Celesteela|90\/100 brn\n|move|p2a: Mai|U-turn|p1a: SKYDRIVE\n|-resisted|p1a: SKYDRIVE\n|-damage|p1a: SKYDRIVE|86\/100 brn\n|\n|t:|1653999997\n|switch|p2a: Roku|Mewtwo|81\/100|[from]move: U-turn\n|-ability|p2a: Roku|Pressure\n|\n|-heal|p2a: Roku|87\/100|[from] item: Leftovers\n|-heal|p1a: SKYDRIVE|92\/100 brn|[from] item: Leftovers\n|-damage|p1a: SKYDRIVE|86\/100 brn|[from] brn\n|upkeep\n|turn|48\n|\n|t:|1654000025\n|switch|p1a: UMM|Mudsdale, M, shiny|100\/100\n|move|p2a: Roku|Thunderbolt|p1a: UMM\n|-immune|p1a: UMM\n|\n|-heal|p2a: Roku|94\/100|[from] item: Leftovers\n|upkeep\n|turn|49\n|\n|t:|1654000036\n|move|p2a: Roku|Will-O-Wisp|p1a: UMM\n|-status|p1a: UMM|brn\n|move|p1a: UMM|Stealth Rock|p2a: Roku\n|-sidestart|p2: DjezzeMwoan|move: Stealth Rock\n|\n|-heal|p2a: Roku|99\/100|[from] item: Leftovers\n|-damage|p1a: UMM|94\/100 brn|[from] brn\n|upkeep\n|turn|50\n|\n|t:|1654000042\n|switch|p2a: Mai|Tsareena, F|72\/100\n|-damage|p2a: Mai|59\/100|[from] Stealth Rock\n|move|p1a: UMM|Roar|p2a: Mai\n|drag|p2a: Bumi|Avalugg, M|100\/100\n|\n|-heal|p1a: UMM|100\/100 brn|[from] item: Leftovers\n|-damage|p1a: UMM|94\/100 brn|[from] brn\n|upkeep\n|turn|51\n|\n|t:|1654000053\n|switch|p1a: SKYDRIVE|Celesteela|86\/100 brn\n|move|p2a: Bumi|Body Press|p1a: SKYDRIVE\n|-damage|p1a: SKYDRIVE|60\/100 brn\n|\n|-heal|p1a: SKYDRIVE|66\/100 brn|[from] item: Leftovers\n|-damage|p1a: SKYDRIVE|60\/100 brn|[from] brn\n|upkeep\n|turn|52\n|\n|t:|1654000061\n|switch|p2a: Sokka|Gligar, F|65\/100\n|-damage|p2a: Sokka|53\/100|[from] Stealth Rock\n|move|p1a: SKYDRIVE|Leech Seed|p2a: Sokka\n|-start|p2a: Sokka|move: Leech Seed\n|\n|-heal|p1a: SKYDRIVE|66\/100 brn|[from] item: Leftovers\n|-damage|p2a: Sokka|41\/100|[from] Leech Seed|[of] p1a: SKYDRIVE\n|-heal|p1a: SKYDRIVE|76\/100 brn|[silent]\n|-damage|p1a: SKYDRIVE|70\/100 brn|[from] brn\n|upkeep\n|turn|53\n|\n|t:|1654000069\n|move|p2a: Sokka|Roost|p2a: Sokka\n|-heal|p2a: Sokka|91\/100\n|-singleturn|p2a: Sokka|move: Roost\n|move|p1a: SKYDRIVE|Flash Cannon|p2a: Sokka\n|-damage|p2a: Sokka|71\/100\n|-unboost|p2a: Sokka|spd|1\n|\n|-heal|p1a: SKYDRIVE|76\/100 brn|[from] item: Leftovers\n|-damage|p2a: Sokka|59\/100|[from] Leech Seed|[of] p1a: SKYDRIVE\n|-heal|p1a: SKYDRIVE|87\/100 brn|[silent]\n|-damage|p1a: SKYDRIVE|81\/100 brn|[from] brn\n|upkeep\n|turn|54\n|\n|t:|1654000090\n|move|p2a: Sokka|U-turn|p1a: SKYDRIVE\n|-resisted|p1a: SKYDRIVE\n|-damage|p1a: SKYDRIVE|78\/100 brn\n|\n|t:|1654000093\n|switch|p2a: Mai|Tsareena, F|59\/100|[from]move: U-turn\n|-damage|p2a: Mai|47\/100|[from] Stealth Rock\n|move|p1a: SKYDRIVE|Air Slash|p2a: Mai\n|-supereffective|p2a: Mai\n|-damage|p2a: Mai|7\/100\n|\n|-heal|p2a: Mai|13\/100|[from] item: Leftovers\n|-heal|p1a: SKYDRIVE|84\/100 brn|[from] item: Leftovers\n|-damage|p1a: SKYDRIVE|78\/100 brn|[from] brn\n|upkeep\n|turn|55\n|\n|t:|1654000101\n|move|p2a: Mai|Synthesis|p2a: Mai\n|-heal|p2a: Mai|63\/100\n|move|p1a: SKYDRIVE|Air Slash|p2a: Mai\n|-supereffective|p2a: Mai\n|-damage|p2a: Mai|21\/100\n|\n|-heal|p2a: Mai|27\/100|[from] item: Leftovers\n|-heal|p1a: SKYDRIVE|84\/100 brn|[from] item: Leftovers\n|-damage|p1a: SKYDRIVE|78\/100 brn|[from] brn\n|upkeep\n|turn|56\n|\n|t:|1654000110\n|switch|p1a: KAT|Mewtwo-Mega-X|45\/100 brn\n|move|p2a: Mai|Synthesis|p2a: Mai\n|-heal|p2a: Mai|77\/100\n|\n|-heal|p2a: Mai|83\/100|[from] item: Leftovers\n|-damage|p1a: KAT|38\/100 brn|[from] brn\n|upkeep\n|turn|57\n|\n|t:|1654000114\n|switch|p2a: Roku|Mewtwo|99\/100\n|-damage|p2a: Roku|87\/100|[from] Stealth Rock\n|-ability|p2a: Roku|Pressure\n|move|p1a: KAT|Ice Beam|p2a: Roku\n|-crit|p2a: Roku\n|-damage|p2a: Roku|49\/100\n|\n|-heal|p2a: Roku|55\/100|[from] item: Leftovers\n|-damage|p1a: KAT|32\/100 brn|[from] brn\n|upkeep\n|turn|58\n|j| sperpemert\n|\n|t:|1654000123\n|move|p1a: KAT|Ice Beam|p2a: Roku\n|-damage|p2a: Roku|30\/100\n|move|p2a: Roku|Recover|p2a: Roku\n|-heal|p2a: Roku|80\/100\n|\n|-heal|p2a: Roku|87\/100|[from] item: Leftovers\n|-damage|p1a: KAT|26\/100 brn|[from] brn\n|upkeep\n|turn|59\n|\n|t:|1654000134\n|move|p1a: KAT|Ice Beam|p2a: Roku\n|-damage|p2a: Roku|63\/100\n|move|p2a: Roku|Psystrike|p1a: KAT\n|-damage|p1a: KAT|0 fnt\n|faint|p1a: KAT\n|\n|-heal|p2a: Roku|69\/100|[from] item: Leftovers\n|upkeep\n|\n|t:|1654000162\n|switch|p1a: SKYDRIVE|Celesteela|78\/100 brn\n|turn|60\n|\n|t:|1654000170\n|move|p2a: Roku|Thunderbolt|p1a: SKYDRIVE\n|-supereffective|p1a: SKYDRIVE\n|-damage|p1a: SKYDRIVE|43\/100 brn\n|move|p1a: SKYDRIVE|Air Slash|p2a: Roku\n|-damage|p2a: Roku|43\/100\n|\n|-heal|p2a: Roku|49\/100|[from] item: Leftovers\n|-heal|p1a: SKYDRIVE|49\/100 brn|[from] item: Leftovers\n|-damage|p1a: SKYDRIVE|43\/100 brn|[from] brn\n|upkeep\n|turn|61\n|\n|t:|1654000186\n|switch|p1a: UMM|Mudsdale, M, shiny|94\/100 brn\n|move|p2a: Roku|Recover|p2a: Roku\n|-heal|p2a: Roku|99\/100\n|\n|-heal|p2a: Roku|100\/100|[from] item: Leftovers\n|-heal|p1a: UMM|100\/100 brn|[from] item: Leftovers\n|-damage|p1a: UMM|94\/100 brn|[from] brn\n|upkeep\n|turn|62\n|\n|t:|1654000191\n|switch|p2a: Sokka|Gligar, F|59\/100\n|-damage|p2a: Sokka|46\/100|[from] Stealth Rock\n|move|p1a: UMM|Roar|p2a: Sokka\n|drag|p2a: Toph|Lycanroc-Dusk, M|100\/100\n|-damage|p2a: Toph|88\/100|[from] Stealth Rock\n|\n|-heal|p1a: UMM|100\/100 brn|[from] item: Leftovers\n|-damage|p1a: UMM|94\/100 brn|[from] brn\n|upkeep\n|turn|63\n|\n|t:|1654000204\n|switch|p2a: Bumi|Avalugg, M|100\/100\n|switch|p1a: NORTH WINDS|Suicune|83\/100\n|-ability|p1a: NORTH WINDS|Pressure\n|\n|-heal|p1a: NORTH WINDS|89\/100|[from] item: Leftovers\n|upkeep\n|turn|64\n|\n|t:|1654000212\n|move|p1a: NORTH WINDS|Scald|p2a: Bumi\n|-damage|p2a: Bumi|74\/100\n|move|p2a: Bumi|Toxic|p1a: NORTH WINDS\n|-status|p1a: NORTH WINDS|tox\n|\n|-heal|p1a: NORTH WINDS|95\/100 tox|[from] item: Leftovers\n|-damage|p1a: NORTH WINDS|89\/100 tox|[from] psn\n|upkeep\n|turn|65\n|\n|t:|1654000222\n|switch|p2a: Mai|Tsareena, F|83\/100\n|-damage|p2a: Mai|71\/100|[from] Stealth Rock\n|move|p1a: NORTH WINDS|Scald|p2a: Mai\n|-resisted|p2a: Mai\n|-damage|p2a: Mai|62\/100\n|\n|-heal|p1a: NORTH WINDS|95\/100 tox|[from] item: Leftovers\n|-heal|p2a: Mai|68\/100|[from] item: Leftovers\n|-damage|p1a: NORTH WINDS|83\/100 tox|[from] psn\n|upkeep\n|turn|66\n|\n|t:|1654000250\n|move|p1a: NORTH WINDS|Ice Beam|p2a: Mai\n|-supereffective|p2a: Mai\n|-damage|p2a: Mai|40\/100\n|move|p2a: Mai|Rapid Spin|p1a: NORTH WINDS\n|-damage|p1a: NORTH WINDS|73\/100 tox\n|-boost|p2a: Mai|spe|1\n|-sideend|p2: DjezzeMwoan|Stealth Rock|[from] move: Rapid Spin|[of] p2a: Mai\n|\n|-heal|p2a: Mai|46\/100|[from] item: Leftovers\n|-heal|p1a: NORTH WINDS|79\/100 tox|[from] item: Leftovers\n|-damage|p1a: NORTH WINDS|61\/100 tox|[from] psn\n|upkeep\n|turn|67\n|\n|t:|1654000258\n|move|p2a: Mai|Synthesis|p2a: Mai\n|-heal|p2a: Mai|96\/100\n|move|p1a: NORTH WINDS|Ice Beam|p2a: Mai\n|-supereffective|p2a: Mai\n|-damage|p2a: Mai|68\/100\n|\n|-heal|p2a: Mai|74\/100|[from] item: Leftovers\n|-heal|p1a: NORTH WINDS|67\/100 tox|[from] item: Leftovers\n|-damage|p1a: NORTH WINDS|42\/100 tox|[from] psn\n|upkeep\n|turn|68\n|\n|t:|1654000262\n|move|p2a: Mai|Trop Kick|p1a: NORTH WINDS\n|-supereffective|p1a: NORTH WINDS\n|-damage|p1a: NORTH WINDS|0 fnt\n|faint|p1a: NORTH WINDS\n|\n|-heal|p2a: Mai|80\/100|[from] item: Leftovers\n|upkeep\n|\n|t:|1654000274\n|switch|p1a: SKYDRIVE|Celesteela|43\/100 brn\n|turn|69\n|\n|t:|1654000280\n|move|p2a: Mai|U-turn|p1a: SKYDRIVE\n|-resisted|p1a: SKYDRIVE\n|-damage|p1a: SKYDRIVE|39\/100 brn\n|\n|t:|1654000284\n|switch|p2a: Roku|Mewtwo|100\/100|[from]move: U-turn\n|-ability|p2a: Roku|Pressure\n|move|p1a: SKYDRIVE|Air Slash|p2a: Roku\n|-damage|p2a: Roku|77\/100\n|\n|-heal|p2a: Roku|83\/100|[from] item: Leftovers\n|-heal|p1a: SKYDRIVE|45\/100 brn|[from] item: Leftovers\n|-damage|p1a: SKYDRIVE|39\/100 brn|[from] brn\n|upkeep\n|turn|70\n|\n|t:|1654000297\n|move|p2a: Roku|Thunderbolt|p1a: SKYDRIVE\n|-supereffective|p1a: SKYDRIVE\n|-damage|p1a: SKYDRIVE|1\/100 brn\n|move|p1a: SKYDRIVE|Flash Cannon|p2a: Roku\n|-damage|p2a: Roku|58\/100\n|\n|-heal|p2a: Roku|64\/100|[from] item: Leftovers\n|-heal|p1a: SKYDRIVE|7\/100 brn|[from] item: Leftovers\n|-damage|p1a: SKYDRIVE|1\/100 brn|[from] brn\n|upkeep\n|turn|71\n|\n|t:|1654000308\n|move|p2a: Roku|Psystrike|p1a: SKYDRIVE\n|-resisted|p1a: SKYDRIVE\n|-damage|p1a: SKYDRIVE|0 fnt\n|faint|p1a: SKYDRIVE\n|\n|-heal|p2a: Roku|70\/100|[from] item: Leftovers\n|upkeep\n|\n|t:|1654000316\n|switch|p1a: BUZZBOLT|Xurkitree, shiny|41\/100 brn\n|turn|72\n|\n|t:|1654000319\n|move|p1a: BUZZBOLT|Energy Ball|p2a: Roku\n|-damage|p2a: Roku|34\/100\n|move|p2a: Roku|Psystrike|p1a: BUZZBOLT\n|-damage|p1a: BUZZBOLT|0 fnt\n|faint|p1a: BUZZBOLT\n|\n|-heal|p2a: Roku|40\/100|[from] item: Leftovers\n|upkeep\n|\n|t:|1654000325\n|switch|p1a: ALOLA!|Comfey, F|33\/100\n|turn|73\n|\n|t:|1654000328\n|move|p1a: ALOLA!|Draining Kiss|p2a: Roku\n|-damage|p2a: Roku|20\/100\n|-heal|p1a: ALOLA!|52\/100|[from] drain|[of] p2a: Roku\n|move|p2a: Roku|Psystrike|p1a: ALOLA!\n|-damage|p1a: ALOLA!|0 fnt\n|faint|p1a: ALOLA!\n|\n|-heal|p2a: Roku|27\/100|[from] item: Leftovers\n|upkeep\n|\n|t:|1654000335\n|switch|p1a: UMM|Mudsdale, M, shiny|94\/100 brn\n|turn|74\n|\n|t:|1654000338\n|move|p2a: Roku|Recover|p2a: Roku\n|-heal|p2a: Roku|77\/100\n|move|p1a: UMM|Earthquake|p2a: Roku\n|-damage|p2a: Roku|64\/100\n|\n|-heal|p2a: Roku|70\/100|[from] item: Leftovers\n|-heal|p1a: UMM|100\/100 brn|[from] item: Leftovers\n|-damage|p1a: UMM|94\/100 brn|[from] brn\n|upkeep\n|turn|75\n|c|\u2606Scefernape|gg \n|c|\u2606DjezzeMwoan|gg man\n|\n|t:|1654000349\n|move|p2a: Roku|Psystrike|p1a: UMM\n|-damage|p1a: UMM|64\/100 brn\n|-ability|p1a: UMM|Stamina|boost\n|-boost|p1a: UMM|def|1\n|move|p1a: UMM|Earthquake|p2a: Roku\n|-damage|p2a: Roku|57\/100\n|\n|-heal|p2a: Roku|63\/100|[from] item: Leftovers\n|-heal|p1a: UMM|70\/100 brn|[from] item: Leftovers\n|-damage|p1a: UMM|64\/100 brn|[from] brn\n|upkeep\n|turn|76\n|c|\u2606DjezzeMwoan|sorry for all the stall\n|c|\u2606DjezzeMwoan|i had to\n|c|\u2606Scefernape|Sorry that wasn't the match u wanted lol \n|c|\u2606DjezzeMwoan|to beat that leech seed mon lol\n|c|\u2606DjezzeMwoan|a np i dont mind stall\n|l| sperpemert\n|c|\u2606DjezzeMwoan|but iirc you hate it lol\n|c|\u2606Scefernape|I guess i severely underestimated this \n|c|\u2606DjezzeMwoan|ye this fat mewtwo is surprisingly good lol\n|c|\u2606Scefernape|I do lmao but it's fine when i am also a part of it \n|c|\u2606Scefernape|:p \n|\n|t:|1654000418\n|move|p2a: Roku|Psystrike|p1a: UMM\n|-damage|p1a: UMM|42\/100 brn\n|-ability|p1a: UMM|Stamina|boost\n|-boost|p1a: UMM|def|1\n|move|p1a: UMM|Earthquake|p2a: Roku\n|-damage|p2a: Roku|49\/100\n|\n|-heal|p2a: Roku|55\/100|[from] item: Leftovers\n|-heal|p1a: UMM|48\/100 brn|[from] item: Leftovers\n|-damage|p1a: UMM|42\/100 brn|[from] brn\n|upkeep\n|turn|77\n|c|\u2606DjezzeMwoan|:)\n|\n|t:|1654000428\n|move|p2a: Roku|Psystrike|p1a: UMM\n|-damage|p1a: UMM|26\/100 brn\n|-ability|p1a: UMM|Stamina|boost\n|-boost|p1a: UMM|def|1\n|move|p1a: UMM|Earthquake|p2a: Roku\n|-damage|p2a: Roku|43\/100\n|\n|-heal|p2a: Roku|49\/100|[from] item: Leftovers\n|-heal|p1a: UMM|32\/100 brn|[from] item: Leftovers\n|-damage|p1a: UMM|26\/100 brn|[from] brn\n|upkeep\n|turn|78\n|\n|t:|1654000432\n|move|p2a: Roku|Psystrike|p1a: UMM\n|-damage|p1a: UMM|12\/100 brn\n|-ability|p1a: UMM|Stamina|boost\n|-boost|p1a: UMM|def|1\n|move|p1a: UMM|Earthquake|p2a: Roku\n|-damage|p2a: Roku|36\/100\n|\n|-heal|p2a: Roku|42\/100|[from] item: Leftovers\n|-heal|p1a: UMM|19\/100 brn|[from] item: Leftovers\n|-damage|p1a: UMM|12\/100 brn|[from] brn\n|upkeep\n|turn|79\n|\n|t:|1654000436\n|move|p2a: Roku|Psystrike|p1a: UMM\n|-damage|p1a: UMM|2\/100 brn\n|-ability|p1a: UMM|Stamina|boost\n|-boost|p1a: UMM|def|1\n|move|p1a: UMM|Earthquake|p2a: Roku\n|-damage|p2a: Roku|29\/100\n|\n|-heal|p2a: Roku|35\/100|[from] item: Leftovers\n|-heal|p1a: UMM|8\/100 brn|[from] item: Leftovers\n|-damage|p1a: UMM|2\/100 brn|[from] brn\n|upkeep\n|turn|80\n|\n|t:|1654000439\n|move|p2a: Roku|Psystrike|p1a: UMM\n|-damage|p1a: UMM|0 fnt\n|faint|p1a: UMM\n|\n|win|DjezzeMwoan\n","uploadtime":1654000445,"views":13,"p1id":"scefernape","p2id":"djezzemwoan","formatid":"gen8nationaldexdraft","rating":0,"private":0,"password":null}