{"id":"sports-gen8nationaldexlegacy-638271","p1":"0oof","p2":"Rediyu","format":"gen8nationaldexlegacy","log":"|j|\u26060oof\n|j|\u2606Rediyu\n|t:|1650736994\n|gametype|singles\n|player|p1|0oof|0oof.png|\n|player|p2|Rediyu|guitarist|\n|teamsize|p1|6\n|teamsize|p2|6\n|gen|8\n|tier|[Gen 8] National Dex Legacy\n|rule|Sleep Clause Mod: Limit one foe put to sleep\n|rule|OHKO Clause: OHKO moves are banned\n|rule|Evasion Moves Clause: Evasion moves are banned\n|rule|Endless Battle Clause: Forcing endless battles is banned\n|rule|HP Percentage Mod: HP is shown in percentages\n|rule|Dynamax Clause: You cannot dynamax\n|clearpoke\n|poke|p1|Dragapult, F|\n|poke|p1|Serperior, F|\n|poke|p1|Milotic, M|\n|poke|p1|Ditto|\n|poke|p1|Goodra, F|\n|poke|p1|Steelix, F|\n|poke|p2|Whimsicott, F|\n|poke|p2|Raikou|\n|poke|p2|Flygon, F|\n|poke|p2|Lanturn, F|\n|poke|p2|Necrozma|\n|poke|p2|Celesteela|\n|teampreview\n|html|<button name=\"send\" class=\"button\" value=\"\/timer ds\"><i class=\"fa fa-hourglass-start\"><\/i> DS Timer<\/button> <button name=\"send\" class=\"button\" value=\"\/timer smogon\"><i class=\"fa fa-hourglass-start\"><\/i> Smogon Timer<\/button>\n|j| PorygonTheBot\n|c| PorygonTheBot|I'm here now, the battle can get started!\n|c|\u2606Rediyu|hf\n|c|\u26060oof|u2\n|j| takingamassiveshit\n|c|\u2606Rediyu|and more luck then next time\n|c|\u26060oof|I'd say gl but I feel like that would curse myself lol\n|j| MitchemMusic\n|c|\u2606Rediyu|last*\n|c| takingamassiveshit|w8 a sec\n|j| Cpt Impact\n|j| Hoiden Mooris\n|c| takingamassiveshit|let some people get in here :)\n|c|\u26060oof|takingamassiveshit\n|c| Hoiden Mooris|RNJesus take the wheel\n|c|\u26060oof|!dt Magmar\n|raw|<div class=\"message\"><ul class=\"utilichart\"><li class=\"result\"><span class=\"col numcol\">126<\/span> <span class=\"col iconcol\"><psicon pokemon=\"magmar\"\/><\/span> <span class=\"col pokemonnamecol\" style=\"white-space:nowrap\"><a href=\"https:\/\/dex.pokemonshowdown.com\/pokemon\/magmar\" target=\"_blank\">Magmar<\/a><\/span> <span class=\"col typecol\"><img src=\"https:\/\/play.pokemonshowdown.com\/sprites\/types\/Fire.png\" alt=\"Fire\" height=\"14\" width=\"32\"><\/span> <span style=\"float:left;min-height:26px\"><span class=\"col abilitycol\">Flame Body<\/span><span class=\"col abilitycol\"><em>Vital Spirit<\/em><\/span><\/span><span style=\"float:left;min-height:26px\"><span class=\"col statcol\"><em>HP<\/em><br \/>65<\/span> <span class=\"col statcol\"><em>Atk<\/em><br \/>95<\/span> <span class=\"col statcol\"><em>Def<\/em><br \/>57<\/span> <span class=\"col statcol\"><em>SpA<\/em><br \/>100<\/span> <span class=\"col statcol\"><em>SpD<\/em><br \/>85<\/span> <span class=\"col statcol\"><em>Spe<\/em><br \/>93<\/span> <span class=\"col bstcol\"><em>BST<br \/>495<\/em><\/span> <\/span><\/li><li style=\"clear:both\"><\/li><\/ul><\/div>\n|raw|<font size=\"1\"><font color=\"#686868\">Dex#:<\/font> 126&nbsp;|&ThickSpace;<font color=\"#686868\">Gen:<\/font> 1&nbsp;|&ThickSpace;<font color=\"#686868\">Height:<\/font> 1.3 m&nbsp;|&ThickSpace;<font color=\"#686868\">Weight:<\/font> 44.5 kg <em>(60 BP)<\/em>&nbsp;|&ThickSpace;<font color=\"#686868\">Dex Colour:<\/font> Red&nbsp;|&ThickSpace;<font color=\"#686868\">Egg Group(s):<\/font> Human-Like&nbsp;|&ThickSpace;<font color=\"#686868\">Evolution:<\/font> Magmortar (trade holding Magmarizer)<\/font>\n\n|\n|t:|1650737140\n|start\n|switch|p1a: Potential snek|Ditto|100\/100\n|switch|p2a: LSD|Lanturn, F|100\/100\n|-transform|p1a: Potential snek|p2a: LSD|[from] ability: Imposter\n|turn|1\n|\n|t:|1650737154\n|move|p1a: Potential snek|Toxic|p2a: LSD|[miss]\n|-miss|p1a: Potential snek|p2a: LSD\n|move|p2a: LSD|Toxic|p1a: Potential snek|[miss]\n|-miss|p2a: LSD|p1a: Potential snek\n|\n|upkeep\n|turn|2\n|c|\u2606Rediyu|nice\n|c|\u26060oof|poggers\n|c|\u2606Rediyu|xDDDDDDDDDD\n|c| Hoiden Mooris|He took the wheel and said fuck you all\n|\n|t:|1650737176\n|switch|p1a: Snakes on a plane|Dragapult, F|100\/100\n|move|p2a: LSD|Toxic|p1a: Snakes on a plane\n|-status|p1a: Snakes on a plane|tox\n|\n|-damage|p1a: Snakes on a plane|95\/100 tox|[from] psn\n|upkeep\n|turn|3\n|\n|t:|1650737188\n|move|p1a: Snakes on a plane|U-turn|p2a: LSD\n|-damage|p2a: LSD|72\/100\n|-damage|p1a: Snakes on a plane|85\/100 tox|[from] item: Life Orb\n|j| CF0RCE\n|\n|t:|1650737193\n|switch|p1a: Potential snek|Ditto|100\/100|[from]move: U-turn\n|-transform|p1a: Potential snek|p2a: LSD|[from] ability: Imposter\n|move|p2a: LSD|Ice Beam|p1a: Potential snek\n|-resisted|p1a: Potential snek\n|-damage|p1a: Potential snek|90\/100\n|\n|upkeep\n|turn|4\n|\n|t:|1650737199\n|move|p1a: Potential snek|Volt Switch|p2a: LSD\n|-damage|p2a: LSD|57\/100\n|\n|t:|1650737203\n|switch|p1a: Snakes on a plane|Dragapult, F|85\/100 tox|[from]move: Volt Switch\n|move|p2a: LSD|Volt Switch|p1a: Snakes on a plane\n|-resisted|p1a: Snakes on a plane\n|-damage|p1a: Snakes on a plane|71\/100 tox\n|\n|t:|1650737215\n|switch|p2a: MDMA|Flygon, F|100\/100|[from]move: Volt Switch\n|\n|-damage|p1a: Snakes on a plane|65\/100 tox|[from] psn\n|upkeep\n|turn|5\n|\n|t:|1650737220\n|switch|p1a: Nimrodel|Milotic, M|100\/100\n|move|p2a: MDMA|Dragon Dance|p2a: MDMA\n|-boost|p2a: MDMA|atk|1\n|-boost|p2a: MDMA|spe|1\n|\n|upkeep\n|turn|6\n|j| Krusty_K\n|\n|t:|1650737237\n|move|p2a: MDMA|Substitute|p2a: MDMA\n|-start|p2a: MDMA|Substitute\n|-damage|p2a: MDMA|76\/100\n|move|p1a: Nimrodel|Scald|p2a: MDMA\n|-end|p2a: MDMA|Substitute\n|\n|upkeep\n|turn|7\n|c| Krusty_K|Pog\n|\n|t:|1650737240\n|move|p2a: MDMA|Earthquake|p1a: Nimrodel\n|-damage|p1a: Nimrodel|36\/100\n|move|p1a: Nimrodel|Scald|p2a: MDMA\n|-damage|p2a: MDMA|41\/100\n|\n|-heal|p1a: Nimrodel|42\/100|[from] item: Leftovers\n|upkeep\n|turn|8\n|c|\u26060oof|That did so much lol\n|\n|t:|1650737267\n|move|p2a: MDMA|Earthquake|p1a: Nimrodel\n|-damage|p1a: Nimrodel|0 fnt\n|faint|p1a: Nimrodel\n|\n|upkeep\n|\n|t:|1650737271\n|switch|p1a: Potential snek|Ditto|90\/100\n|-transform|p1a: Potential snek|p2a: MDMA|[from] ability: Imposter\n|turn|9\n|\n|t:|1650737285\n|switch|p1a: Snakes on a plane|Dragapult, F|65\/100 tox\n|move|p2a: MDMA|Frustration|p1a: Snakes on a plane\n|-immune|p1a: Snakes on a plane\n|\n|-damage|p1a: Snakes on a plane|59\/100 tox|[from] psn\n|upkeep\n|turn|10\n|\n|t:|1650737289\n|move|p1a: Snakes on a plane|Sucker Punch|p2a: MDMA\n|-damage|p2a: MDMA|0 fnt\n|faint|p2a: MDMA\n|-damage|p1a: Snakes on a plane|49\/100 tox|[from] item: Life Orb\n|\n|-damage|p1a: Snakes on a plane|38\/100 tox|[from] psn\n|upkeep\n|c| takingamassiveshit|o shit\n|c|\u26060oof|Good prep\n|\n|t:|1650737297\n|switch|p2a: Weed-Chan|Whimsicott, F|100\/100\n|turn|11\n|\n|t:|1650737300\n|switch|p1a: Steelix deez nuts|Steelix, F|100\/100\n|move|p2a: Weed-Chan|Moonblast|p1a: Steelix deez nuts\n|-resisted|p1a: Steelix deez nuts\n|-damage|p1a: Steelix deez nuts|77\/100\n|\n|-heal|p1a: Steelix deez nuts|83\/100|[from] item: Leftovers\n|upkeep\n|turn|12\n|\n|t:|1650737334\n|switch|p2a: Crack|Necrozma|100\/100\n|move|p1a: Steelix deez nuts|Stealth Rock|p2a: Crack\n|-sidestart|p2: Rediyu|move: Stealth Rock\n|\n|-heal|p1a: Steelix deez nuts|89\/100|[from] item: Leftovers\n|upkeep\n|turn|13\n|c| Krusty_K|No cocaine? :(\n|c| takingamassiveshit|cocaina\n|n| Xernyl|takingamassiveshit\n|\n|t:|1650737372\n|switch|p1a: Lou Carcolh|Goodra, F|100\/100\n|move|p2a: Crack|Stealth Rock|p1a: Lou Carcolh\n|-sidestart|p1: 0oof|move: Stealth Rock\n|\n|upkeep\n|turn|14\n|c| Xernyl|:)\n|c| Xernyl|Kevin\n|\n|t:|1650737390\n|move|p2a: Crack|Toxic|p1a: Lou Carcolh\n|-status|p1a: Lou Carcolh|tox\n|move|p1a: Lou Carcolh|Draco Meteor|p2a: Crack\n|-damage|p2a: Crack|53\/100\n|-unboost|p1a: Lou Carcolh|spa|2\n|\n|-damage|p1a: Lou Carcolh|94\/100 tox|[from] psn\n|upkeep\n|turn|15\n|c| Xernyl|wanna guess what song im listening to rn\n|\n|t:|1650737395\n|move|p2a: Crack|Morning Sun|p2a: Crack\n|-heal|p2a: Crack|100\/100\n|move|p1a: Lou Carcolh|Dragon Tail|p2a: Crack\n|-damage|p2a: Crack|87\/100\n|drag|p2a: LSD|Lanturn, F|57\/100\n|-damage|p2a: LSD|44\/100|[from] Stealth Rock\n|\n|-damage|p1a: Lou Carcolh|82\/100 tox|[from] psn\n|upkeep\n|turn|16\n|\n|t:|1650737403\n|switch|p2a: Bubba Cush|Celesteela, shiny|100\/100\n|-damage|p2a: Bubba Cush|88\/100|[from] Stealth Rock\n|move|p1a: Lou Carcolh|Earthquake|p2a: Bubba Cush\n|-immune|p2a: Bubba Cush\n|\n|-heal|p2a: Bubba Cush|94\/100|[from] item: Leftovers\n|-damage|p1a: Lou Carcolh|64\/100 tox|[from] psn\n|upkeep\n|turn|17\n|\n|t:|1650737410\n|switch|p1a: Steelix deez nuts|Steelix, F|89\/100\n|-damage|p1a: Steelix deez nuts|86\/100|[from] Stealth Rock\n|move|p2a: Bubba Cush|Leech Seed|p1a: Steelix deez nuts|[miss]\n|-miss|p2a: Bubba Cush|p1a: Steelix deez nuts\n|\n|-heal|p2a: Bubba Cush|99\/100|[from] item: Leftovers\n|-heal|p1a: Steelix deez nuts|92\/100|[from] item: Leftovers\n|upkeep\n|turn|18\n|c| Krusty_K|YES KIMI NO\n|c| Xernyl|YES\n|c| Xernyl|I am :D\n|\n|t:|1650737421\n|move|p2a: Bubba Cush|Leech Seed|p1a: Steelix deez nuts\n|-start|p1a: Steelix deez nuts|move: Leech Seed\n|move|p1a: Steelix deez nuts|Head Smash|p2a: Bubba Cush\n|-damage|p2a: Bubba Cush|64\/100\n|\n|-heal|p2a: Bubba Cush|71\/100|[from] item: Leftovers\n|-heal|p1a: Steelix deez nuts|98\/100|[from] item: Leftovers\n|-damage|p1a: Steelix deez nuts|85\/100|[from] Leech Seed|[of] p2a: Bubba Cush\n|-heal|p2a: Bubba Cush|81\/100|[silent]\n|upkeep\n|turn|19\n|\n|t:|1650737428\n|switch|p1a: Lou Carcolh|Goodra, F|64\/100 tox\n|-damage|p1a: Lou Carcolh|52\/100 tox|[from] Stealth Rock\n|move|p2a: Bubba Cush|Air Slash|p1a: Lou Carcolh\n|-damage|p1a: Lou Carcolh|41\/100 tox\n|\n|-heal|p2a: Bubba Cush|87\/100|[from] item: Leftovers\n|-damage|p1a: Lou Carcolh|35\/100 tox|[from] psn\n|upkeep\n|turn|20\n|\n|t:|1650737434\n|move|p2a: Bubba Cush|Protect|p2a: Bubba Cush\n|-singleturn|p2a: Bubba Cush|Protect\n|move|p1a: Lou Carcolh|Flamethrower|p2a: Bubba Cush\n|-activate|p2a: Bubba Cush|move: Protect\n|\n|-heal|p2a: Bubba Cush|93\/100|[from] item: Leftovers\n|-damage|p1a: Lou Carcolh|23\/100 tox|[from] psn\n|upkeep\n|turn|21\n|c| Xernyl|bubba wubba\n|\n|t:|1650737445\n|switch|p2a: Crack|Necrozma|87\/100\n|-damage|p2a: Crack|75\/100|[from] Stealth Rock\n|move|p1a: Lou Carcolh|Flamethrower|p2a: Crack\n|-damage|p2a: Crack|49\/100\n|\n|-damage|p1a: Lou Carcolh|5\/100 tox|[from] psn\n|upkeep\n|turn|22\n|c| Xernyl|EVERYOEN WATCHING\n|c| Xernyl|TYPE SOMETHING HERE IN CHAT\n|\n|t:|1650737454\n|move|p2a: Crack|Morning Sun|p2a: Crack\n|-heal|p2a: Crack|99\/100\n|move|p1a: Lou Carcolh|Draco Meteor|p2a: Crack\n|-damage|p2a: Crack|44\/100\n|-unboost|p1a: Lou Carcolh|spa|2\n|\n|-damage|p1a: Lou Carcolh|0 fnt|[from] psn\n|faint|p1a: Lou Carcolh\n|upkeep\n|c| Xernyl|PROVE U WERE HERE\n|c| Xernyl|:D\n|c| Xernyl|...\n|c| Xernyl|:weirdchamp:\n|c| Cpt Impact|Noah being way too hyped as always\n|\n|t:|1650737498\n|switch|p1a: Snake grass|Serperior, F|100\/100\n|-damage|p1a: Snake grass|88\/100|[from] Stealth Rock\n|turn|23\n|\n|t:|1650737503\n|switch|p2a: Bubba Cush|Celesteela, shiny|93\/100\n|-damage|p2a: Bubba Cush|81\/100|[from] Stealth Rock\n|move|p1a: Snake grass|Leaf Storm|p2a: Bubba Cush\n|-resisted|p2a: Bubba Cush\n|-damage|p2a: Bubba Cush|74\/100\n|-boost|p1a: Snake grass|spa|2\n|\n|-heal|p1a: Snake grass|94\/100|[from] item: Leftovers\n|-heal|p2a: Bubba Cush|80\/100|[from] item: Leftovers\n|upkeep\n|turn|24\n|c| Xernyl|ah my bad for trying to keep this community as alive as possible\n|c| Xernyl|:catJam:\n|c|\u2606Rediyu|shame on you noah\n|c| Hoiden Mooris|:catJam:\n|c| Hoiden Mooris|kinda cringe ngl\n|c| Xernyl|CATJAMS IN CHAT COME ON\n|c| Xernyl|:0\n|c|\u26060oof|I love not having a steela answer on my draft lol\n|c| Xernyl|I'm like the weird drunk uncle at the bar mitzvah who is way too hype\n|c| Xernyl|Steela is the snake killer\n|\n|t:|1650737577\n|move|p1a: Snake grass|Hidden Power|p2a: Bubba Cush\n|-supereffective|p2a: Bubba Cush\n|-damage|p2a: Bubba Cush|43\/100\n|move|p2a: Bubba Cush|Air Slash|p1a: Snake grass|[miss]\n|-miss|p2a: Bubba Cush|p1a: Snake grass\n|\n|-heal|p1a: Snake grass|99\/100|[from] item: Leftovers\n|-heal|p2a: Bubba Cush|49\/100|[from] item: Leftovers\n|upkeep\n|turn|25\n|c| Xernyl|0.0\n|c|\u26060oof|I needed that lol\n|c|\u2606Rediyu|this happend\n|c|\u2606Rediyu|last time to\n|\n|t:|1650737598\n|move|p1a: Snake grass|Hidden Power|p2a: Bubba Cush\n|-supereffective|p2a: Bubba Cush\n|-damage|p2a: Bubba Cush|13\/100\n|move|p2a: Bubba Cush|Air Slash|p1a: Snake grass\n|-supereffective|p1a: Snake grass\n|-damage|p1a: Snake grass|37\/100\n|\n|-heal|p1a: Snake grass|43\/100|[from] item: Leftovers\n|-heal|p2a: Bubba Cush|19\/100|[from] item: Leftovers\n|upkeep\n|turn|26\n|c| Xernyl|camel gonna miss every leaf storm tho\n|c|\u26060oof|truue\n|\n|t:|1650737616\n|move|p1a: Snake grass|Hidden Power|p2a: Bubba Cush\n|-supereffective|p2a: Bubba Cush\n|-damage|p2a: Bubba Cush|0 fnt\n|faint|p2a: Bubba Cush\n|\n|-heal|p1a: Snake grass|49\/100|[from] item: Leftovers\n|upkeep\n|c|\u26060oof|Also I get rkilled\n|\n|t:|1650737623\n|switch|p2a: Weed-Chan|Whimsicott, F|100\/100\n|-damage|p2a: Weed-Chan|88\/100|[from] Stealth Rock\n|turn|27\n|c|\u26060oof|So I can't sweep from here\n|c| Xernyl|weed chan uwu\n|\n|t:|1650737639\n|switch|p1a: Steelix deez nuts|Steelix, F|85\/100\n|-damage|p1a: Steelix deez nuts|83\/100|[from] Stealth Rock\n|move|p2a: Weed-Chan|U-turn|p1a: Steelix deez nuts\n|-resisted|p1a: Steelix deez nuts\n|-damage|p1a: Steelix deez nuts|80\/100\n|\n|t:|1650737651\n|switch|p2a: Crack|Necrozma|44\/100|[from]move: U-turn\n|-damage|p2a: Crack|32\/100|[from] Stealth Rock\n|\n|-heal|p1a: Steelix deez nuts|86\/100|[from] item: Leftovers\n|upkeep\n|turn|28\n|\n|t:|1650737665\n|move|p2a: Crack|Morning Sun|p2a: Crack\n|-heal|p2a: Crack|82\/100\n|move|p1a: Steelix deez nuts|Earthquake|p2a: Crack\n|-damage|p2a: Crack|55\/100\n|\n|-heal|p1a: Steelix deez nuts|92\/100|[from] item: Leftovers\n|upkeep\n|turn|29\n|\n|t:|1650737669\n|move|p2a: Crack|Knock Off|p1a: Steelix deez nuts\n|-damage|p1a: Steelix deez nuts|80\/100\n|-enditem|p1a: Steelix deez nuts|Leftovers|[from] move: Knock Off|[of] p2a: Crack\n|move|p1a: Steelix deez nuts|Earthquake|p2a: Crack\n|-damage|p2a: Crack|31\/100\n|\n|upkeep\n|turn|30\n|\n|t:|1650737673\n|move|p2a: Crack|Morning Sun|p2a: Crack\n|-heal|p2a: Crack|81\/100\n|move|p1a: Steelix deez nuts|Earthquake|p2a: Crack\n|-damage|p2a: Crack|57\/100\n|\n|upkeep\n|turn|31\n|\n|t:|1650737678\n|move|p2a: Crack|Knock Off|p1a: Steelix deez nuts\n|-damage|p1a: Steelix deez nuts|71\/100\n|move|p1a: Steelix deez nuts|Earthquake|p2a: Crack\n|-damage|p2a: Crack|34\/100\n|\n|upkeep\n|turn|32\n|\n|t:|1650737680\n|move|p2a: Crack|Morning Sun|p2a: Crack\n|-heal|p2a: Crack|84\/100\n|move|p1a: Steelix deez nuts|Earthquake|p2a: Crack\n|-damage|p2a: Crack|56\/100\n|\n|upkeep\n|turn|33\n|\n|t:|1650737683\n|move|p2a: Crack|Knock Off|p1a: Steelix deez nuts\n|-damage|p1a: Steelix deez nuts|62\/100\n|move|p1a: Steelix deez nuts|Earthquake|p2a: Crack\n|-damage|p2a: Crack|30\/100\n|\n|upkeep\n|turn|34\n|\n|t:|1650737685\n|move|p2a: Crack|Morning Sun|p2a: Crack\n|-heal|p2a: Crack|80\/100\n|move|p1a: Steelix deez nuts|Earthquake|p2a: Crack\n|-damage|p2a: Crack|55\/100\n|\n|upkeep\n|turn|35\n|\n|t:|1650737693\n|move|p2a: Crack|Morning Sun|p2a: Crack\n|-heal|p2a: Crack|100\/100\n|move|p1a: Steelix deez nuts|Earthquake|p2a: Crack\n|-damage|p2a: Crack|76\/100\n|\n|upkeep\n|turn|36\n|c| Xernyl|the bulky necrozma doin the most rn\n|\n|t:|1650737695\n|move|p2a: Crack|Knock Off|p1a: Steelix deez nuts\n|-damage|p1a: Steelix deez nuts|54\/100\n|move|p1a: Steelix deez nuts|Earthquake|p2a: Crack\n|-damage|p2a: Crack|52\/100\n|\n|upkeep\n|turn|37\n|\n|t:|1650737700\n|move|p2a: Crack|Knock Off|p1a: Steelix deez nuts\n|-damage|p1a: Steelix deez nuts|46\/100\n|move|p1a: Steelix deez nuts|Earthquake|p2a: Crack\n|-damage|p2a: Crack|28\/100\n|\n|upkeep\n|turn|38\n|\n|t:|1650737705\n|move|p2a: Crack|Morning Sun|p2a: Crack\n|-heal|p2a: Crack|78\/100\n|move|p1a: Steelix deez nuts|Earthquake|p2a: Crack\n|-damage|p2a: Crack|52\/100\n|\n|upkeep\n|turn|39\n|\n|t:|1650737709\n|move|p2a: Crack|Knock Off|p1a: Steelix deez nuts\n|-damage|p1a: Steelix deez nuts|37\/100\n|move|p1a: Steelix deez nuts|Earthquake|p2a: Crack\n|-damage|p2a: Crack|27\/100\n|\n|upkeep\n|turn|40\n|\n|t:|1650737713\n|move|p2a: Crack|Knock Off|p1a: Steelix deez nuts\n|-damage|p1a: Steelix deez nuts|28\/100\n|move|p1a: Steelix deez nuts|Earthquake|p2a: Crack\n|-damage|p2a: Crack|3\/100\n|\n|upkeep\n|turn|41\n|\n|t:|1650737720\n|move|p2a: Crack|Knock Off|p1a: Steelix deez nuts\n|-damage|p1a: Steelix deez nuts|20\/100\n|move|p1a: Steelix deez nuts|Gyro Ball|p2a: Crack\n|-damage|p2a: Crack|0 fnt\n|faint|p2a: Crack\n|\n|upkeep\n|c|\u26060oof|This thing actually got me to 20 lol\n|\n|t:|1650737731\n|switch|p2a: Speed|Raikou|100\/100\n|-damage|p2a: Speed|88\/100|[from] Stealth Rock\n|-ability|p2a: Speed|Pressure\n|turn|42\n|\n|t:|1650737736\n|move|p2a: Speed|Shadow Ball|p1a: Steelix deez nuts\n|-damage|p1a: Steelix deez nuts|0 fnt\n|faint|p1a: Steelix deez nuts\n|\n|upkeep\n|c| Xernyl|lmao\n|\n|t:|1650737743\n|switch|p1a: Potential snek|Ditto|90\/100\n|-damage|p1a: Potential snek|78\/100|[from] Stealth Rock\n|-transform|p1a: Potential snek|p2a: Speed|[from] ability: Imposter\n|-ability|p1a: Potential snek|Pressure\n|turn|43\n|l| PorygonTheBot\n|c| Hoiden Mooris|Gay ass bot\n|\n|t:|1650737797\n|move|p1a: Potential snek|Shadow Ball|p2a: Speed\n|-damage|p2a: Speed|63\/100\n|move|p2a: Speed|Shadow Ball|p1a: Potential snek\n|-damage|p1a: Potential snek|46\/100\n|\n|upkeep\n|turn|44\n|c| Xernyl|bruh\n|c| Xernyl|mans rly just said im out\n|c| Xernyl|wtf\n|\n|t:|1650737804\n|move|p1a: Potential snek|Shadow Ball|p2a: Speed\n|-damage|p2a: Speed|36\/100\n|move|p2a: Speed|Shadow Ball|p1a: Potential snek\n|-damage|p1a: Potential snek|19\/100\n|\n|upkeep\n|turn|45\n|c|\u26060oof|ok\n|c|\u26060oof|win the speed tie\n|c| Xernyl|they do be ballin\n|c|\u26060oof|pls\n|c|\u26060oof|unless you're not scarf for some reason\n|\n|t:|1650737829\n|move|p1a: Potential snek|Shadow Ball|p2a: Speed\n|-damage|p2a: Speed|8\/100\n|move|p2a: Speed|Shadow Ball|p1a: Potential snek\n|-damage|p1a: Potential snek|0 fnt\n|faint|p1a: Potential snek\n|\n|upkeep\n|\n|t:|1650737837\n|switch|p1a: Snakes on a plane|Dragapult, F|38\/100 tox\n|-damage|p1a: Snakes on a plane|25\/100 tox|[from] Stealth Rock\n|turn|46\n|\n|t:|1650737843\n|move|p1a: Snakes on a plane|Sucker Punch|p2a: Speed\n|-damage|p2a: Speed|0 fnt\n|faint|p2a: Speed\n|-damage|p1a: Snakes on a plane|15\/100 tox|[from] item: Life Orb\n|\n|-damage|p1a: Snakes on a plane|9\/100 tox|[from] psn\n|upkeep\n|\n|t:|1650737849\n|switch|p2a: Weed-Chan|Whimsicott, F|88\/100\n|-damage|p2a: Weed-Chan|76\/100|[from] Stealth Rock\n|turn|47\n|c|\u26060oof|wait it might be scarf whimsi lol\n|c| Xernyl|it all comes down to weed-chan\n|c|\u26060oof|Then I probably lose\n|\n|t:|1650737863\n|move|p2a: Weed-Chan|Moonblast|p1a: Snakes on a plane\n|-supereffective|p1a: Snakes on a plane\n|-damage|p1a: Snakes on a plane|0 fnt\n|faint|p1a: Snakes on a plane\n|\n|upkeep\n|c|\u26060oof|yeah\n|c| Xernyl|damn\n|c|\u26060oof|gg\n|\n|t:|1650737868\n|switch|p1a: Snake grass|Serperior, F|49\/100\n|-damage|p1a: Snake grass|37\/100|[from] Stealth Rock\n|turn|48\n|c| Xernyl|weed chan did it\n|\n|t:|1650737875\n|move|p2a: Weed-Chan|Moonblast|p1a: Snake grass\n|-damage|p1a: Snake grass|0 fnt\n|faint|p1a: Snake grass\n|\n|win|Rediyu\n|c|\u2606Rediyu|gg\n|l| Krusty_K\n|c|\u26060oof|another runner up role pog\n|l| Hoiden Mooris\n|c| Xernyl|gotta catch em all\n|l|\u26060oof\n|l| Xernyl\n|j| Xernyl\n","uploadtime":1650737887,"views":30,"p1id":"0oof","p2id":"rediyu","formatid":"gen8nationaldexlegacy","rating":0,"private":0,"password":null}