{"id":"sports-gen8nationaldexdraft-748396","p1":"tourman","p2":"The Cakeling","format":"gen8nationaldexdraft","log":"|j|\u2606tourman\n|j|\u2606The Cakeling\n|t:|1668036735\n|gametype|singles\n|player|p1|tourman|tourman.png|\n|player|p2|The Cakeling|thecakeling.png|\n|teamsize|p1|6\n|teamsize|p2|6\n|gen|8\n|tier|[Gen 8] National Dex Draft\n|rule|Sleep Clause Mod: Limit one foe put to sleep\n|rule|OHKO Clause: OHKO moves are banned\n|rule|Evasion Moves Clause: Evasion moves are banned\n|rule|Endless Battle Clause: Forcing endless battles is banned\n|rule|HP Percentage Mod: HP is shown in percentages\n|rule|Dynamax Clause: You cannot dynamax\n|clearpoke\n|poke|p1|Zeraora|\n|poke|p1|Ferrothorn, M|\n|poke|p1|Kyurem|\n|poke|p1|Spiritomb, M|\n|poke|p1|Ralts, F|\n|poke|p1|Kangaskhan, F|\n|poke|p2|Rotom-Heat|\n|poke|p2|Alakazam, M|\n|poke|p2|Urshifu-*, F|\n|poke|p2|Nidoking, M|\n|poke|p2|Regidrago|\n|poke|p2|Togekiss, M|\n|teampreview\n|html|<button name=\"send\" class=\"button\" value=\"\/timer ds\"><i class=\"fa fa-hourglass-start\"><\/i> DS Timer<\/button> <button name=\"send\" class=\"button\" value=\"\/timer smogon\"><i class=\"fa fa-hourglass-start\"><\/i> Smogon Timer<\/button>\n|c|\u2606The Cakeling|glhf\n|\n|t:|1668036799\n|start\n|switch|p1a: Spiritomb|Spiritomb, M|100\/100\n|switch|p2a: Doing Kin|Nidoking, M|100\/100\n|-ability|p1a: Spiritomb|Pressure\n|turn|1\n|\n|t:|1668036817\n|move|p2a: Doing Kin|Stealth Rock|p1a: Spiritomb\n|-sidestart|p1: tourman|move: Stealth Rock\n|move|p1a: Spiritomb|Poltergeist|p2a: Doing Kin\n|-activate|p2a: Doing Kin|move: Poltergeist|Life Orb\n|-damage|p2a: Doing Kin|2\/100\n|\n|upkeep\n|turn|2\n|j| The Carkol Rider\n|\n|t:|1668036862\n|switch|p2a: Kiss This|Togekiss, M|100\/100\n|switch|p1a: Kangaskhan|Kangaskhan, F|100\/100\n|-damage|p1a: Kangaskhan|88\/100|[from] Stealth Rock\n|\n|upkeep\n|turn|3\n|\n|t:|1668036870\n|move|p1a: Kangaskhan|Substitute|p1a: Kangaskhan\n|-start|p1a: Kangaskhan|Substitute\n|-damage|p1a: Kangaskhan|63\/100\n|move|p2a: Kiss This|Baton Pass|p2a: Kiss This\n|\n|t:|1668036875\n|switch|p2a: 3 Count|Urshifu-Rapid-Strike, F|100\/100|[from]move: Baton Pass\n|\n|upkeep\n|turn|4\n|\n|t:|1668036885\n|move|p2a: 3 Count|Bulk Up|p2a: 3 Count\n|-boost|p2a: 3 Count|atk|1\n|-boost|p2a: 3 Count|def|1\n|move|p1a: Kangaskhan|Double-Edge|p2a: 3 Count\n|-damage|p2a: 3 Count|69\/100\n|-damage|p1a: Kangaskhan|53\/100|[from] Recoil\n|\n|upkeep\n|turn|5\n|\n|t:|1668036898\n|move|p2a: 3 Count|Drain Punch|p1a: Kangaskhan\n|-supereffective|p1a: Kangaskhan\n|-end|p1a: Kangaskhan|Substitute\n|-heal|p2a: 3 Count|81\/100|[from] drain|[of] p1a: Kangaskhan\n|move|p1a: Kangaskhan|Double-Edge|p2a: 3 Count\n|-damage|p2a: 3 Count|50\/100\n|-damage|p1a: Kangaskhan|43\/100|[from] Recoil\n|\n|upkeep\n|turn|6\n|\n|t:|1668036908\n|switch|p1a: Spiritomb|Spiritomb, M|100\/100\n|-damage|p1a: Spiritomb|88\/100|[from] Stealth Rock\n|-ability|p1a: Spiritomb|Pressure\n|move|p2a: 3 Count|Drain Punch|p1a: Spiritomb\n|-immune|p1a: Spiritomb\n|\n|upkeep\n|turn|7\n|\n|t:|1668036916\n|move|p2a: 3 Count|Surging Strikes|p1a: Spiritomb\n|-crit|p1a: Spiritomb\n|-damage|p1a: Spiritomb|56\/100\n|-crit|p1a: Spiritomb\n|-damage|p1a: Spiritomb|26\/100\n|-crit|p1a: Spiritomb\n|-damage|p1a: Spiritomb|0 fnt\n|faint|p1a: Spiritomb\n|-hitcount|p1: Spiritomb|3\n|\n|upkeep\n|\n|t:|1668036926\n|switch|p1a: Zeraora|Zeraora|100\/100\n|-damage|p1a: Zeraora|88\/100|[from] Stealth Rock\n|turn|8\n|\n|t:|1668036975\n|switch|p2a: Doing Kin|Nidoking, M|2\/100\n|move|p1a: Zeraora|Plasma Fists|p2a: Doing Kin\n|-immune|p2a: Doing Kin\n|\n|-heal|p1a: Zeraora|94\/100|[from] item: Leftovers\n|upkeep\n|turn|9\n|\n|t:|1668036987\n|move|p1a: Zeraora|Knock Off|p2a: Doing Kin\n|-damage|p2a: Doing Kin|0 fnt\n|-enditem|p2a: Doing Kin|Life Orb|[from] move: Knock Off|[of] p1a: Zeraora\n|faint|p2a: Doing Kin\n|\n|-heal|p1a: Zeraora|99\/100|[from] item: Leftovers\n|upkeep\n|\n|t:|1668037016\n|switch|p2a: Hate Motor|Rotom-Heat|100\/100\n|turn|10\n|\n|t:|1668037020\n|move|p1a: Zeraora|Substitute|p1a: Zeraora\n|-start|p1a: Zeraora|Substitute\n|-damage|p1a: Zeraora|75\/100\n|move|p2a: Hate Motor|Nasty Plot|p2a: Hate Motor\n|-boost|p2a: Hate Motor|spa|2\n|\n|-heal|p1a: Zeraora|81\/100|[from] item: Leftovers\n|upkeep\n|turn|11\n|\n|t:|1668037030\n|move|p1a: Zeraora|Bulk Up|p1a: Zeraora\n|-boost|p1a: Zeraora|atk|1\n|-boost|p1a: Zeraora|def|1\n|move|p2a: Hate Motor|Nasty Plot|p2a: Hate Motor\n|-boost|p2a: Hate Motor|spa|2\n|\n|-heal|p1a: Zeraora|87\/100|[from] item: Leftovers\n|upkeep\n|turn|12\n|\n|t:|1668037037\n|move|p1a: Zeraora|Knock Off|p2a: Hate Motor\n|-damage|p2a: Hate Motor|40\/100\n|-enditem|p2a: Hate Motor|Heavy-Duty Boots|[from] move: Knock Off|[of] p1a: Zeraora\n|move|p2a: Hate Motor|Overheat|p1a: Zeraora\n|-end|p1a: Zeraora|Substitute\n|-unboost|p2a: Hate Motor|spa|2\n|\n|-heal|p1a: Zeraora|93\/100|[from] item: Leftovers\n|upkeep\n|turn|13\n|\n|t:|1668037047\n|move|p1a: Zeraora|Substitute|p1a: Zeraora\n|-start|p1a: Zeraora|Substitute\n|-damage|p1a: Zeraora|68\/100\n|move|p2a: Hate Motor|Overheat|p1a: Zeraora\n|-end|p1a: Zeraora|Substitute\n|-unboost|p2a: Hate Motor|spa|2\n|\n|-heal|p1a: Zeraora|74\/100|[from] item: Leftovers\n|upkeep\n|turn|14\n|\n|t:|1668037058\n|move|p1a: Zeraora|Substitute|p1a: Zeraora\n|-start|p1a: Zeraora|Substitute\n|-damage|p1a: Zeraora|49\/100\n|move|p2a: Hate Motor|Overheat|p1a: Zeraora\n|-crit|p1a: Zeraora\n|-end|p1a: Zeraora|Substitute\n|-unboost|p2a: Hate Motor|spa|2\n|\n|-heal|p1a: Zeraora|55\/100|[from] item: Leftovers\n|upkeep\n|turn|15\n|\n|t:|1668037076\n|move|p1a: Zeraora|Substitute|p1a: Zeraora\n|-start|p1a: Zeraora|Substitute\n|-damage|p1a: Zeraora|30\/100\n|move|p2a: Hate Motor|Overheat|p1a: Zeraora\n|-end|p1a: Zeraora|Substitute\n|-unboost|p2a: Hate Motor|spa|2\n|\n|-heal|p1a: Zeraora|36\/100|[from] item: Leftovers\n|upkeep\n|turn|16\n|j| Lily\n|\n|t:|1668037085\n|move|p1a: Zeraora|Substitute|p1a: Zeraora\n|-start|p1a: Zeraora|Substitute\n|-damage|p1a: Zeraora|12\/100\n|move|p2a: Hate Motor|Overheat|p1a: Zeraora\n|-end|p1a: Zeraora|Substitute\n|-unboost|p2a: Hate Motor|spa|2\n|\n|-heal|p1a: Zeraora|18\/100|[from] item: Leftovers\n|upkeep\n|turn|17\n|\n|t:|1668037095\n|move|p1a: Zeraora|Plasma Fists|p2a: Hate Motor\n|-resisted|p2a: Hate Motor\n|-damage|p2a: Hate Motor|0 fnt\n|faint|p2a: Hate Motor\n|\n|-heal|p1a: Zeraora|24\/100|[from] item: Leftovers\n|upkeep\n|c|\u2606tourman|maybe all that \n|c|\u2606tourman|wasnt worth it\n|c|\u2606tourman|shoulda calced huh\n|\n|t:|1668037117\n|switch|p2a: Spoony Bard|Alakazam, M|100\/100\n|turn|18\n|\n|t:|1668037133\n|switch|p1a: Kangaskhan|Kangaskhan, F|43\/100\n|-damage|p1a: Kangaskhan|30\/100|[from] Stealth Rock\n|detailschange|p2a: Spoony Bard|Alakazam-Mega, M\n|-mega|p2a: Spoony Bard|Alakazam|Alakazite\n|-ability|p2a: Spoony Bard|Scrappy|[from] ability: Trace|[of] p1a: Kangaskhan\n|move|p2a: Spoony Bard|Substitute|p2a: Spoony Bard\n|-start|p2a: Spoony Bard|Substitute\n|-damage|p2a: Spoony Bard|76\/100\n|\n|upkeep\n|turn|19\n|\n|t:|1668037146\n|move|p1a: Kangaskhan|Sucker Punch|p2a: Spoony Bard\n|-supereffective|p2a: Spoony Bard\n|-end|p2a: Spoony Bard|Substitute\n|move|p2a: Spoony Bard|Psychic|p1a: Kangaskhan\n|-damage|p1a: Kangaskhan|0 fnt\n|faint|p1a: Kangaskhan\n|\n|upkeep\n|\n|t:|1668037150\n|switch|p1a: Ralts|Ralts, F|100\/100\n|-damage|p1a: Ralts|88\/100|[from] Stealth Rock\n|turn|20\n|c|\u2606tourman|its in\n|\n|t:|1668037191\n|move|p2a: Spoony Bard|Substitute|p2a: Spoony Bard\n|-start|p2a: Spoony Bard|Substitute\n|-damage|p2a: Spoony Bard|51\/100\n|move|p1a: Ralts|Encore|p2a: Spoony Bard\n|-start|p2a: Spoony Bard|Encore\n|\n|upkeep\n|turn|21\n|\n|t:|1668037204\n|switch|p2a: Kiss This|Togekiss, M|100\/100\n|move|p1a: Ralts|Trick Room|p1a: Ralts\n|-fieldstart|move: Trick Room|[of] p1a: Ralts\n|\n|upkeep\n|turn|22\n|\n|t:|1668037226\n|move|p2a: Kiss This|Dazzling Gleam|p1a: Ralts\n|-damage|p1a: Ralts|37\/100\n|move|p1a: Ralts|Teleport|p1a: Ralts\n|\n|t:|1668037230\n|switch|p1a: Ferrothorn|Ferrothorn, M|100\/100|[from]move: Teleport\n|-damage|p1a: Ferrothorn|95\/100|[from] Stealth Rock\n|\n|upkeep\n|turn|23\n|\n|t:|1668037267\n|move|p1a: Ferrothorn|Explosion|p2a: Kiss This\n|-damage|p2a: Kiss This|17\/100\n|faint|p1a: Ferrothorn\n|move|p2a: Kiss This|Dazzling Gleam|p1: Ferrothorn|[notarget]\n|-fail|p2a: Kiss This\n|\n|upkeep\n|\n|t:|1668037271\n|switch|p1a: Ralts|Ralts, F|37\/100\n|-damage|p1a: Ralts|25\/100|[from] Stealth Rock\n|turn|24\n|\n|t:|1668037276\n|move|p1a: Ralts|Disable|p2a: Kiss This\n|-start|p2a: Kiss This|Disable|Dazzling Gleam\n|move|p2a: Kiss This|Roost|p2a: Kiss This\n|-heal|p2a: Kiss This|67\/100\n|-singleturn|p2a: Kiss This|move: Roost\n|\n|upkeep\n|turn|25\n|\n|t:|1668037285\n|move|p1a: Ralts|Encore|p2a: Kiss This\n|-start|p2a: Kiss This|Encore\n|move|p2a: Kiss This|Roost|p2a: Kiss This\n|-heal|p2a: Kiss This|100\/100\n|-singleturn|p2a: Kiss This|move: Roost\n|\n|-fieldend|move: Trick Room\n|upkeep\n|turn|26\n|\n|t:|1668037294\n|move|p2a: Kiss This|Roost||[still]\n|-fail|p2a: Kiss This|heal\n|move|p1a: Ralts|Teleport|p1a: Ralts\n|\n|t:|1668037297\n|switch|p1a: Kyurem|Kyurem|100\/100|[from]move: Teleport\n|-damage|p1a: Kyurem|76\/100|[from] Stealth Rock\n|-ability|p1a: Kyurem|Pressure\n|\n|upkeep\n|turn|27\n|\n|t:|1668037311\n|move|p1a: Kyurem|Reflect|p1a: Kyurem\n|-sidestart|p1: tourman|Reflect\n|move|p2a: Kiss This|Roost||[still]\n|-fail|p2a: Kiss This|heal\n|\n|-end|p2a: Kiss This|Encore\n|-end|p2a: Kiss This|Disable\n|upkeep\n|turn|28\n|\n|t:|1668037317\n|move|p1a: Kyurem|Freeze-Dry|p2a: Kiss This\n|-supereffective|p2a: Kiss This\n|-damage|p2a: Kiss This|49\/100\n|move|p2a: Kiss This|Defog|p1a: Kyurem\n|-unboost|p1a: Kyurem|evasion|1\n|-sideend|p1: tourman|Reflect\n|-sideend|p1: tourman|Stealth Rock|[from] move: Defog|[of] p2a: Kiss This\n|\n|upkeep\n|turn|29\n|\n|t:|1668037324\n|move|p1a: Kyurem|Freeze-Dry|p2a: Kiss This\n|-supereffective|p2a: Kiss This\n|-damage|p2a: Kiss This|0 fnt\n|faint|p2a: Kiss This\n|\n|upkeep\n|\n|t:|1668037340\n|switch|p2a: 3 Count|Urshifu-Rapid-Strike, F|50\/100\n|turn|30\n|\n|t:|1668037348\n|switch|p1a: Ralts|Ralts, F|25\/100\n|move|p2a: 3 Count|Drain Punch|p1a: Ralts\n|-resisted|p1a: Ralts\n|-damage|p1a: Ralts|0 fnt\n|-heal|p2a: 3 Count|59\/100|[from] drain|[of] p1a: Ralts\n|faint|p1a: Ralts\n|\n|upkeep\n|\n|t:|1668037351\n|switch|p1a: Zeraora|Zeraora|24\/100\n|turn|31\n|\n|t:|1668037357\n|move|p2a: 3 Count|Aqua Jet|p1a: Zeraora\n|-damage|p1a: Zeraora|0 fnt\n|faint|p1a: Zeraora\n|\n|upkeep\n|\n|t:|1668037359\n|switch|p1a: Kyurem|Kyurem|76\/100\n|-ability|p1a: Kyurem|Pressure\n|turn|32\n|\n|t:|1668037364\n|move|p2a: 3 Count|Drain Punch|p1a: Kyurem\n|-supereffective|p1a: Kyurem\n|-damage|p1a: Kyurem|16\/100\n|-heal|p2a: 3 Count|99\/100|[from] drain|[of] p1a: Kyurem\n|move|p1a: Kyurem|Freeze-Dry|p2a: 3 Count\n|-supereffective|p2a: 3 Count\n|-damage|p2a: 3 Count|10\/100\n|-status|p2a: 3 Count|frz\n|\n|upkeep\n|turn|33\n|\n|t:|1668037374\n|cant|p2a: 3 Count|frz\n|move|p1a: Kyurem|Light Screen|p1a: Kyurem\n|-sidestart|p1: tourman|move: Light Screen\n|\n|upkeep\n|turn|34\n|\n|t:|1668037377\n|cant|p2a: 3 Count|frz\n|move|p1a: Kyurem|Freeze-Dry|p2a: 3 Count\n|-supereffective|p2a: 3 Count\n|-damage|p2a: 3 Count|0 fnt\n|faint|p2a: 3 Count\n|\n|upkeep\n|c|\u2606tourman|somehow idk\n|c|\u2606tourman|live\n|\n|t:|1668037383\n|switch|p2a: What a Drag|Regidrago|100\/100\n|turn|35\n|j| Epy_ll\n|\n|t:|1668037387\n|move|p2a: What a Drag|Dragon Energy|p1a: Kyurem\n|-supereffective|p1a: Kyurem\n|-damage|p1a: Kyurem|0 fnt\n|faint|p1a: Kyurem\n|\n|win|The Cakeling\n|c|\u2606tourman|gg\n|c|\u2606tourman|gl\n|c|\u2606The Cakeling|gg\n|l|\u2606tourman\n","uploadtime":1668037396,"views":6,"p1id":"tourman","p2id":"thecakeling","formatid":"gen8nationaldexdraft","rating":0,"private":0,"password":null}