{"id":"sports-gen7draftleague-680765","p1":"Checkmate TOE","p2":"GeniusX","format":"gen7draftleague","log":"|j|\u2606Checkmate TOE\n|j|\u2606GeniusX\n|t:|1656835123\n|gametype|singles\n|player|p1|Checkmate TOE|brawly|\n|player|p2|GeniusX|geniusx.gif|\n|teamsize|p1|6\n|teamsize|p2|6\n|gen|7\n|tier|[Gen 7] Draft League\n|rule|Sleep Clause Mod: Limit one foe put to sleep\n|rule|OHKO Clause: OHKO moves are banned\n|rule|Evasion Moves Clause: Evasion moves are banned\n|rule|Endless Battle Clause: Forcing endless battles is banned\n|rule|HP Percentage Mod: HP is shown in percentages\n|clearpoke\n|poke|p1|Gyarados, F|item\n|poke|p1|Celesteela|item\n|poke|p1|Uxie|item\n|poke|p1|Zygarde|item\n|poke|p1|Infernape, M|item\n|poke|p1|Whimsicott, M|item\n|poke|p2|Zeraora|item\n|poke|p2|Muk-Alola, M|item\n|poke|p2|Tangela, F|item\n|poke|p2|Latios, M|item\n|poke|p2|Excadrill, M|item\n|poke|p2|Slowbro, F|item\n|teampreview\n|html|<button name=\"send\" class=\"button\" value=\"\/timer ds\"><i class=\"fa fa-hourglass-start\"><\/i> DS Timer<\/button> <button name=\"send\" class=\"button\" value=\"\/timer smogon\"><i class=\"fa fa-hourglass-start\"><\/i> Smogon Timer<\/button>\n|c|\u2606GeniusX|hf\n|c|\u2606Checkmate TOE|you too mate\n|j| PikachuZappyZap\n|j| TGM Birbtales\n|j| Eeedfhhhfsssfgh\n|j| Snskssnsjs\n|j| ThinkingSceptile\n|c| Snskssnsjs|Good morning \n|\n|t:|1656835189\n|start\n|switch|p1a: Aeea Pakeneka 50|Zygarde|100\/100\n|switch|p2a: Excadrill|Excadrill, M|100\/100\n|-ability|p2a: Excadrill|Mold Breaker\n|-ability|p1a: Aeea Pakeneka 50|Aura Break\n|turn|1\n|j| arezuwu\n|c| Snskssnsjs|Eeedfhhhfsssfgh You are my hero\n|\n|t:|1656835210\n|switch|p2a: Slowbro|Slowbro, F|100\/100\n|move|p1a: Aeea Pakeneka 50|Thousand Waves|p2a: Slowbro\n|-damage|p2a: Slowbro|82\/100\n|-activate|p2a: Slowbro|trapped\n|\n|upkeep\n|turn|2\n|j| NV AM22\n|\n|t:|1656835217\n|move|p1a: Aeea Pakeneka 50|Grass Knot|p2a: Slowbro\n|-supereffective|p2a: Slowbro\n|-damage|p2a: Slowbro|42\/100\n|move|p2a: Slowbro|Ice Beam|p1a: Aeea Pakeneka 50\n|-supereffective|p1a: Aeea Pakeneka 50\n|-damage|p1a: Aeea Pakeneka 50|31\/100\n|\n|upkeep\n|turn|3\n|j| mom i miss you\n|j| Los Amigos\n|j| burrg\n|j| DOOR MONEY\n|\n|t:|1656835232\n|-zpower|p1a: Aeea Pakeneka 50\n|move|p1a: Aeea Pakeneka 50|Bloom Doom|p2a: Slowbro|[zeffect]\n|-supereffective|p2a: Slowbro\n|-damage|p2a: Slowbro|0 fnt\n|faint|p2a: Slowbro\n|\n|upkeep\n|\n|t:|1656835246\n|switch|p2a: Latios|Latios, M|100\/100\n|turn|4\n|j| ddrakloak\n|j| Skyho\n|l| Snskssnsjs\n|c| TGM Birbtales|really excited to see Greg ask how much would u pay for z move zygarde as a qotd\n|inactive|Battle timer is ON: inactive players will automatically lose when time's up. (requested by GeniusX)\n|inactiveoff|Battle timer is now OFF.\n|\n|t:|1656835280\n|move|p2a: Latios|Ice Beam|p1a: Aeea Pakeneka 50\n|-supereffective|p1a: Aeea Pakeneka 50\n|-damage|p1a: Aeea Pakeneka 50|0 fnt\n|faint|p1a: Aeea Pakeneka 50\n|\n|upkeep\n|c| PikachuZappyZap|so true TGM Birbtales\n|\n|t:|1656835288\n|switch|p1a: Titan|Celesteela|100\/100\n|turn|5\n|\n|t:|1656835308\n|switch|p2a: Tangela|Tangela, F|100\/100\n|move|p1a: Titan|Heavy Slam|p2a: Tangela\n|-damage|p2a: Tangela|68\/100\n|\n|upkeep\n|turn|6\n|\n|t:|1656835318\n|switch|p1a: A-Grade|Uxie|100\/100\n|move|p2a: Tangela|Leech Seed|p1a: A-Grade\n|-start|p1a: A-Grade|move: Leech Seed\n|\n|-damage|p1a: A-Grade|88\/100|[from] Leech Seed|[of] p2a: Tangela\n|-heal|p2a: Tangela|81\/100|[silent]\n|upkeep\n|turn|7\n|inactive|Battle timer is ON: inactive players will automatically lose when time's up. (requested by GeniusX)\n|\n|t:|1656835326\n|switch|p2a: Excadrill|Excadrill, M|100\/100\n|-ability|p2a: Excadrill|Mold Breaker\n|move|p1a: A-Grade|Stealth Rock|p2a: Excadrill\n|-sidestart|p2: GeniusX|move: Stealth Rock\n|\n|-damage|p1a: A-Grade|76\/100|[from] Leech Seed|[of] p2a: Excadrill\n|upkeep\n|turn|8\n|c| mom i miss you|zygarde shits on this team why is it dead turn 5\n|\n|t:|1656835329\n|move|p2a: Excadrill|Stealth Rock|p1a: A-Grade\n|-sidestart|p1: Checkmate TOE|move: Stealth Rock\n|move|p1a: A-Grade|Foul Play|p2a: Excadrill\n|-damage|p2a: Excadrill|77\/100\n|-damage|p1a: A-Grade|59\/100|[from] item: Rocky Helmet|[of] p2a: Excadrill\n|\n|-damage|p1a: A-Grade|47\/100|[from] Leech Seed|[of] p2a: Excadrill\n|-heal|p2a: Excadrill|87\/100|[silent]\n|upkeep\n|turn|9\n|\n|t:|1656835341\n|move|p2a: Excadrill|Rapid Spin|p1a: A-Grade\n|-damage|p1a: A-Grade|44\/100\n|-damage|p2a: Excadrill|70\/100|[from] item: Rocky Helmet|[of] p1a: A-Grade\n|-sideend|p2: GeniusX|Stealth Rock|[from] move: Rapid Spin|[of] p2a: Excadrill\n|move|p1a: A-Grade|U-turn|p2a: Excadrill\n|-resisted|p2a: Excadrill\n|-damage|p2a: Excadrill|65\/100\n|-damage|p1a: A-Grade|27\/100|[from] item: Rocky Helmet|[of] p2a: Excadrill\n|c| TGM Birbtales|@mom i miss you you must be new here. They always do this\n|c| mom i miss you|beast mode\n|inactive|Checkmate TOE has 270 seconds left.\n|c| PikachuZappyZap|I love rocky helmet\n|inactive|Checkmate TOE has 240 seconds left.\n|l| ddrakloak\n|inactive|Checkmate TOE has 210 seconds left.\n|\n|t:|1656835452\n|switch|p1a: The Hood|Infernape, M|100\/100|[from]move: U-turn\n|-damage|p1a: The Hood|88\/100|[from] Stealth Rock\n|\n|upkeep\n|turn|10\n|\n|t:|1656835466\n|move|p1a: The Hood|Overheat|p2a: Excadrill\n|-supereffective|p2a: Excadrill\n|-damage|p2a: Excadrill|0 fnt\n|-unboost|p1a: The Hood|spa|2\n|faint|p2a: Excadrill\n|\n|upkeep\n|j| MoneyGuy9559\n|l| Eeedfhhhfsssfgh\n|\n|t:|1656835472\n|switch|p2a: Latios|Latios, M|100\/100\n|turn|11\n|\n|t:|1656835487\n|switch|p1a: Titan|Celesteela|100\/100\n|-damage|p1a: Titan|88\/100|[from] Stealth Rock\n|move|p2a: Latios|Calm Mind|p2a: Latios\n|-boost|p2a: Latios|spa|1\n|-boost|p2a: Latios|spd|1\n|\n|upkeep\n|turn|12\n|j| Eeedfhhhfsssfgh\n|\n|t:|1656835495\n|move|p2a: Latios|Thunderbolt|p1a: Titan\n|-supereffective|p1a: Titan\n|-enditem|p1a: Titan|Wacan Berry|[eat]\n|-enditem|p1a: Titan|Wacan Berry|[weaken]\n|-damage|p1a: Titan|44\/100\n|move|p1a: Titan|Heavy Slam|p2a: Latios\n|-damage|p2a: Latios|32\/100\n|\n|upkeep\n|turn|13\n|inactive|Checkmate TOE has 180 seconds left.\n|\n|t:|1656835518\n|switch|p1a: A-Grade|Uxie|27\/100\n|-damage|p1a: A-Grade|15\/100|[from] Stealth Rock\n|move|p2a: Latios|Roost|p2a: Latios\n|-heal|p2a: Latios|82\/100\n|-singleturn|p2a: Latios|move: Roost\n|\n|upkeep\n|turn|14\n|\n|t:|1656835524\n|move|p2a: Latios|Thunderbolt|p1a: A-Grade\n|-damage|p1a: A-Grade|0 fnt\n|faint|p1a: A-Grade\n|\n|upkeep\n|\n|t:|1656835530\n|switch|p1a: Cotswolds BFO|Whimsicott, M|100\/100\n|-damage|p1a: Cotswolds BFO|88\/100|[from] Stealth Rock\n|turn|15\n|\n|t:|1656835539\n|move|p1a: Cotswolds BFO|Encore|p2a: Latios\n|-start|p2a: Latios|Encore\n|-enditem|p2a: Latios|Mental Herb\n|-end|p2a: Latios|Encore\n|move|p2a: Latios|Ice Beam|p1a: Cotswolds BFO\n|-supereffective|p1a: Cotswolds BFO\n|-damage|p1a: Cotswolds BFO|0 fnt\n|faint|p1a: Cotswolds BFO\n|\n|upkeep\n|c| NV AM22|goat\n|\n|t:|1656835548\n|switch|p1a: The Hood|Infernape, M|88\/100\n|-damage|p1a: The Hood|76\/100|[from] Stealth Rock\n|turn|16\n|c| mom i miss you|goat set\n|\n|t:|1656835581\n|move|p1a: The Hood|U-turn|p2a: Latios\n|-supereffective|p2a: Latios\n|-damage|p2a: Latios|20\/100\n|\n|t:|1656835584\n|switch|p1a: Titan|Celesteela|44\/100|[from]move: U-turn\n|-damage|p1a: Titan|32\/100|[from] Stealth Rock\n|move|p2a: Latios|Roost|p2a: Latios\n|-heal|p2a: Latios|70\/100\n|-singleturn|p2a: Latios|move: Roost\n|\n|upkeep\n|turn|17\n|\n|t:|1656835591\n|move|p2a: Latios|Thunderbolt|p1a: Titan\n|-supereffective|p1a: Titan\n|-damage|p1a: Titan|0 fnt\n|faint|p1a: Titan\n|\n|upkeep\n|\n|t:|1656835600\n|switch|p1a: The Hood|Infernape, M|76\/100\n|-damage|p1a: The Hood|63\/100|[from] Stealth Rock\n|turn|18\n|inactive|Checkmate TOE has 210 seconds left.\n|\n|t:|1656835618\n|move|p1a: The Hood|U-turn|p2a: Latios\n|-supereffective|p2a: Latios\n|-damage|p2a: Latios|8\/100\n|\n|t:|1656835621\n|switch|p1a: Bubba Gumps|Gyarados, F|100\/100|[from]move: U-turn\n|-damage|p1a: Bubba Gumps|76\/100|[from] Stealth Rock\n|-ability|p1a: Bubba Gumps|Intimidate|boost\n|-unboost|p2a: Latios|atk|1\n|move|p2a: Latios|Thunderbolt|p1a: Bubba Gumps\n|-supereffective|p1a: Bubba Gumps\n|-damage|p1a: Bubba Gumps|0 fnt\n|faint|p1a: Bubba Gumps\n|\n|upkeep\n|j| Kniops\n|\n|t:|1656835629\n|switch|p1a: The Hood|Infernape, M|63\/100\n|-damage|p1a: The Hood|51\/100|[from] Stealth Rock\n|turn|19\n|inactive|Checkmate TOE has 210 seconds left.\n|\n|t:|1656835635\n|move|p1a: The Hood|Flare Blitz|p2a: Latios\n|-resisted|p2a: Latios\n|-damage|p2a: Latios|0 fnt\n|faint|p2a: Latios\n|-damage|p1a: The Hood|48\/100|[from] Recoil\n|\n|upkeep\n|c|\u2606Checkmate TOE|gg\n|\n|t:|1656835639\n|switch|p2a: Muk|Muk-Alola, M|100\/100\n|turn|20\n|c|\u2606Checkmate TOE|great set\n|c|\u2606GeniusX|gg\n|\n|t:|1656835643\n|move|p1a: The Hood|Flare Blitz|p2a: Muk\n|-damage|p2a: Muk|55\/100\n|-damage|p1a: The Hood|28\/100|[from] Recoil\n|move|p2a: Muk|Poison Jab|p1a: The Hood\n|-damage|p1a: The Hood|0 fnt\n|faint|p1a: The Hood\n|\n|win|GeniusX\n|l| Kniops\n","uploadtime":1656835649,"views":188,"p1id":"checkmatetoe","p2id":"geniusx","formatid":"gen7draftleague","rating":0,"private":0,"password":null}