{"id":"sports-gen8nationaldexdraft-587098","p1":"AsterJ","p2":"Rabzzz","format":"gen8nationaldexdraft","log":"|j|\u2606AsterJ\n|j|\u2606Rabzzz\n|t:|1644110470\n|gametype|singles\n|player|p1|AsterJ|asterj.png|\n|player|p2|Rabzzz|rabzzz.png|\n|teamsize|p1|6\n|teamsize|p2|6\n|gen|8\n|tier|[Gen 8] National Dex Draft\n|rule|Sleep Clause Mod: Limit one foe put to sleep\n|rule|OHKO Clause: OHKO moves are banned\n|rule|Evasion Moves Clause: Evasion moves are banned\n|rule|Endless Battle Clause: Forcing endless battles is banned\n|rule|HP Percentage Mod: HP is shown in percentages\n|rule|Dynamax Clause: You cannot dynamax\n|clearpoke\n|poke|p1|Bisharp, F|\n|poke|p1|Gallade, M|\n|poke|p1|Ferrothorn, M|\n|poke|p1|Tapu Fini|\n|poke|p1|Regirock|\n|poke|p1|Nidoqueen, F|\n|poke|p2|Crobat, F|\n|poke|p2|Tapu Lele|\n|poke|p2|Tyranitar, F|\n|poke|p2|Slowbro-Galar, M|\n|poke|p2|Rotom-Heat|\n|poke|p2|Zygarde|\n|teampreview\n|html|<button name=\"send\" class=\"button\" value=\"\/timer ds\"><i class=\"fa fa-hourglass-start\"><\/i> DS Timer<\/button> <button name=\"send\" class=\"button\" value=\"\/timer smogon\"><i class=\"fa fa-hourglass-start\"><\/i> Smogon Timer<\/button>\n|c|\u2606Rabzzz|gl hf\n|c|\u2606AsterJ|u2\n|\n|t:|1644110547\n|start\n|switch|p1a: Regirock|Regirock|100\/100\n|switch|p2a: Higgins|Zygarde|100\/100\n|-ability|p2a: Higgins|Aura Break\n|turn|1\n|j| Littlebigness\n|\n|t:|1644110584\n|switch|p2a: Stafford|Tapu Lele|100\/100\n|-fieldstart|move: Psychic Terrain|[from] ability: Psychic Surge|[of] p2a: Stafford\n|move|p1a: Regirock|Stealth Rock|p2a: Stafford\n|-sidestart|p2: Rabzzz|move: Stealth Rock\n|\n|upkeep\n|turn|2\n|\n|t:|1644110608\n|move|p2a: Stafford|Nature's Madness|p1a: Regirock\n|-damage|p1a: Regirock|50\/100\n|move|p1a: Regirock|Rock Slide|p2a: Stafford\n|-damage|p2a: Stafford|80\/100\n|\n|upkeep\n|turn|3\n|\n|t:|1644110624\n|switch|p1a: Ferrothorn|Ferrothorn, M|100\/100\n|move|p2a: Stafford|Nature's Madness|p1a: Ferrothorn\n|-damage|p1a: Ferrothorn|50\/100\n|\n|-heal|p1a: Ferrothorn|57\/100|[from] item: Leftovers\n|upkeep\n|turn|4\n|j| qjz\n|\n|t:|1644110671\n|switch|p2a: Smith-Shuster|Rotom-Heat|100\/100\n|move|p1a: Ferrothorn|Toxic|p2a: Smith-Shuster\n|-status|p2a: Smith-Shuster|tox\n|\n|-heal|p1a: Ferrothorn|63\/100|[from] item: Leftovers\n|-damage|p2a: Smith-Shuster|95\/100 tox|[from] psn\n|upkeep\n|turn|5\n|\n|t:|1644110690\n|switch|p1a: Nidoqueen|Nidoqueen, F|100\/100\n|move|p2a: Smith-Shuster|Defog|p1a: Nidoqueen\n|-unboost|p1a: Nidoqueen|evasion|1\n|-sideend|p2: Rabzzz|Stealth Rock|[from] move: Defog|[of] p2a: Smith-Shuster\n|-fieldend|move: Psychic Terrain\n|\n|-damage|p2a: Smith-Shuster|83\/100 tox|[from] psn\n|upkeep\n|turn|6\n|\n|t:|1644110722\n|switch|p2a: Harris|Slowbro-Galar, M|100\/100\n|move|p1a: Nidoqueen|Ice Punch|p2a: Harris\n|-damage|p2a: Harris|89\/100\n|\n|upkeep\n|turn|7\n|\n|t:|1644110756\n|switch|p2a: Higgins|Zygarde|100\/100\n|-ability|p2a: Higgins|Aura Break\n|move|p1a: Nidoqueen|Earthquake|p2a: Higgins\n|-damage|p2a: Higgins|73\/100\n|\n|upkeep\n|turn|8\n|l| qjz\n|\n|t:|1644110793\n|move|p2a: Higgins|Thousand Arrows|p1a: Nidoqueen\n|-supereffective|p1a: Nidoqueen\n|-damage|p1a: Nidoqueen|0 fnt\n|faint|p1a: Nidoqueen\n|\n|upkeep\n|\n|t:|1644110806\n|switch|p1a: Gallade|Gallade, M|100\/100\n|turn|9\n|\n|t:|1644110831\n|switch|p2a: Stafford|Tapu Lele|80\/100\n|-fieldstart|move: Psychic Terrain|[from] ability: Psychic Surge|[of] p2a: Stafford\n|detailschange|p1a: Gallade|Gallade-Mega, M\n|-mega|p1a: Gallade|Gallade|Galladite\n|move|p1a: Gallade|Will-O-Wisp|p2a: Stafford\n|-status|p2a: Stafford|brn\n|\n|-damage|p2a: Stafford|73\/100 brn|[from] brn\n|upkeep\n|turn|10\n|\n|t:|1644110852\n|switch|p1a: Ferrothorn|Ferrothorn, M|63\/100\n|move|p2a: Stafford|Moonblast|p1a: Ferrothorn\n|-resisted|p1a: Ferrothorn\n|-damage|p1a: Ferrothorn|49\/100\n|\n|-heal|p1a: Ferrothorn|55\/100|[from] item: Leftovers\n|-damage|p2a: Stafford|67\/100 brn|[from] brn\n|upkeep\n|turn|11\n|\n|t:|1644110871\n|switch|p2a: Smith-Shuster|Rotom-Heat|83\/100 tox\n|move|p1a: Ferrothorn|Spikes|p2a: Smith-Shuster\n|-sidestart|p2: Rabzzz|Spikes\n|\n|-heal|p1a: Ferrothorn|61\/100|[from] item: Leftovers\n|-damage|p2a: Smith-Shuster|77\/100 tox|[from] psn\n|upkeep\n|turn|12\n|\n|t:|1644110911\n|switch|p1a: Regirock|Regirock|50\/100\n|move|p2a: Smith-Shuster|Volt Switch|p1a: Regirock\n|-damage|p1a: Regirock|27\/100\n|\n|t:|1644110932\n|switch|p2a: Higgins|Zygarde|73\/100|[from]move: Volt Switch\n|-damage|p2a: Higgins|61\/100|[from] Spikes\n|-ability|p2a: Higgins|Aura Break\n|\n|upkeep\n|turn|13\n|\n|t:|1644110937\n|move|p2a: Higgins|Thousand Arrows|p1a: Regirock\n|-supereffective|p1a: Regirock\n|-damage|p1a: Regirock|0 fnt\n|faint|p1a: Regirock\n|\n|-fieldend|move: Psychic Terrain\n|upkeep\n|\n|t:|1644110944\n|switch|p1a: Gallade|Gallade-Mega, M|100\/100\n|turn|14\n|\n|t:|1644110978\n|switch|p2a: Harris|Slowbro-Galar, M|100\/100\n|-damage|p2a: Harris|88\/100|[from] Spikes\n|move|p1a: Gallade|Wish|p1a: Gallade\n|\n|upkeep\n|turn|15\n|\n|t:|1644111020\n|move|p1a: Gallade|Zen Headbutt|p2a: Harris\n|-damage|p2a: Harris|60\/100\n|move|p2a: Harris|Flamethrower|p1a: Gallade\n|-damage|p1a: Gallade|81\/100\n|\n|-heal|p1a: Gallade|100\/100|[from] move: Wish|[wisher] Gallade\n|upkeep\n|turn|16\n|\n|t:|1644111034\n|move|p1a: Gallade|Wish|p1a: Gallade\n|move|p2a: Harris|Shell Side Arm|p1a: Gallade|[anim] Shell Side Arm Special\n|-damage|p1a: Gallade|72\/100\n|-hint|Special Shell Side Arm\n|\n|upkeep\n|turn|17\n|\n|t:|1644111060\n|move|p1a: Gallade|Zen Headbutt|p2a: Harris\n|-damage|p2a: Harris|30\/100\n|move|p2a: Harris|Slack Off|p2a: Harris\n|-heal|p2a: Harris|80\/100\n|\n|-heal|p1a: Gallade|100\/100|[from] move: Wish|[wisher] Gallade\n|upkeep\n|turn|18\n|\n|t:|1644111067\n|switch|p1a: Bisharp|Bisharp, F|100\/100\n|move|p2a: Harris|Shell Side Arm|p1a: Bisharp|[anim] Shell Side Arm Special\n|-immune|p1a: Bisharp\n|\n|upkeep\n|turn|19\n|\n|t:|1644111077\n|move|p1a: Bisharp|Knock Off|p2a: Harris\n|-supereffective|p2a: Harris\n|-damage|p2a: Harris|13\/100\n|-enditem|p2a: Harris|Shuca Berry|[from] move: Knock Off|[of] p1a: Bisharp\n|move|p2a: Harris|Flamethrower|p1a: Bisharp\n|-supereffective|p1a: Bisharp\n|-damage|p1a: Bisharp|37\/100\n|-status|p1a: Bisharp|brn\n|\n|-heal|p1a: Bisharp|43\/100 brn|[from] item: Leftovers\n|-damage|p1a: Bisharp|37\/100 brn|[from] brn\n|upkeep\n|turn|20\n|c|\u2606Rabzzz|srry\n|c|\u2606AsterJ|all good\n|\n|t:|1644111096\n|move|p1a: Bisharp|Knock Off|p2a: Harris\n|-supereffective|p2a: Harris\n|-damage|p2a: Harris|0 fnt\n|faint|p2a: Harris\n|\n|-heal|p1a: Bisharp|43\/100 brn|[from] item: Leftovers\n|-damage|p1a: Bisharp|37\/100 brn|[from] brn\n|upkeep\n|\n|t:|1644111115\n|switch|p2a: Higgins|Zygarde|61\/100\n|-damage|p2a: Higgins|49\/100|[from] Spikes\n|-ability|p2a: Higgins|Aura Break\n|turn|21\n|\n|t:|1644111120\n|move|p1a: Bisharp|Sucker Punch|p2a: Higgins\n|-damage|p2a: Higgins|34\/100\n|move|p2a: Higgins|Thousand Arrows|p1a: Bisharp\n|-supereffective|p1a: Bisharp\n|-damage|p1a: Bisharp|0 fnt\n|faint|p1a: Bisharp\n|\n|upkeep\n|\n|t:|1644111126\n|switch|p1a: Gallade|Gallade-Mega, M|100\/100\n|turn|22\n|\n|t:|1644111142\n|switch|p2a: Stafford|Tapu Lele|67\/100 brn\n|-damage|p2a: Stafford|55\/100 brn|[from] Spikes\n|-fieldstart|move: Psychic Terrain|[from] ability: Psychic Surge|[of] p2a: Stafford\n|move|p1a: Gallade|Wish|p1a: Gallade\n|\n|-damage|p2a: Stafford|49\/100 brn|[from] brn\n|upkeep\n|turn|23\n|\n|t:|1644111154\n|switch|p1a: Ferrothorn|Ferrothorn, M|61\/100\n|move|p2a: Stafford|Focus Blast|p1a: Ferrothorn|[miss]\n|-miss|p2a: Stafford|p1a: Ferrothorn\n|\n|-heal|p1a: Ferrothorn|100\/100|[from] move: Wish|[wisher] Gallade\n|-damage|p2a: Stafford|43\/100 brn|[from] brn\n|upkeep\n|turn|24\n|\n|t:|1644111187\n|switch|p2a: Smith-Shuster|Rotom-Heat|77\/100 tox\n|move|p1a: Ferrothorn|Gyro Ball|p2a: Smith-Shuster\n|-resisted|p2a: Smith-Shuster\n|-damage|p2a: Smith-Shuster|61\/100 tox\n|\n|-damage|p2a: Smith-Shuster|55\/100 tox|[from] psn\n|upkeep\n|turn|25\n|\n|t:|1644111203\n|switch|p1a: Tapu Fini|Tapu Fini|100\/100\n|-fieldstart|move: Misty Terrain|[from] ability: Misty Surge|[of] p1a: Tapu Fini\n|move|p2a: Smith-Shuster|Volt Switch|p1a: Tapu Fini\n|-supereffective|p1a: Tapu Fini\n|-damage|p1a: Tapu Fini|48\/100\n|c| Littlebigness|Hey Rabz\n|c| Littlebigness|You spelled Schuster wrong\n|\n|t:|1644111226\n|switch|p2a: Burrow|Crobat, F|100\/100|[from]move: Volt Switch\n|\n|-heal|p1a: Tapu Fini|54\/100|[from] item: Leftovers\n|upkeep\n|turn|26\n|c|\u2606Rabzzz|stfu bitch\n|\n|t:|1644111265\n|switch|p1a: Ferrothorn|Ferrothorn, M|100\/100\n|move|p2a: Burrow|Nasty Plot|p2a: Burrow\n|-boost|p2a: Burrow|spa|2\n|\n|upkeep\n|turn|27\n|\n|t:|1644111273\n|switch|p2a: Smith-Shuster|Rotom-Heat|55\/100 tox\n|move|p1a: Ferrothorn|Gyro Ball|p2a: Smith-Shuster\n|-resisted|p2a: Smith-Shuster\n|-damage|p2a: Smith-Shuster|39\/100 tox\n|\n|-damage|p2a: Smith-Shuster|33\/100 tox|[from] psn\n|upkeep\n|turn|28\n|\n|t:|1644111280\n|switch|p1a: Gallade|Gallade-Mega, M|100\/100\n|move|p2a: Smith-Shuster|Overheat|p1a: Gallade\n|-damage|p1a: Gallade|47\/100\n|-unboost|p2a: Smith-Shuster|spa|2\n|\n|-damage|p2a: Smith-Shuster|21\/100 tox|[from] psn\n|upkeep\n|turn|29\n|\n|t:|1644111293\n|move|p1a: Gallade|Zen Headbutt|p2a: Smith-Shuster\n|-damage|p2a: Smith-Shuster|0 fnt\n|faint|p2a: Smith-Shuster\n|\n|-fieldend|Misty Terrain\n|upkeep\n|\n|t:|1644111322\n|switch|p2a: Stafford|Tapu Lele|43\/100 brn\n|-damage|p2a: Stafford|31\/100 brn|[from] Spikes\n|-fieldstart|move: Psychic Terrain|[from] ability: Psychic Surge|[of] p2a: Stafford\n|turn|30\n|\n|t:|1644111392\n|switch|p1a: Ferrothorn|Ferrothorn, M|100\/100\n|move|p2a: Stafford|Moonblast|p1a: Ferrothorn\n|-resisted|p1a: Ferrothorn\n|-crit|p1a: Ferrothorn\n|-damage|p1a: Ferrothorn|81\/100\n|\n|-heal|p1a: Ferrothorn|87\/100|[from] item: Leftovers\n|-damage|p2a: Stafford|24\/100 brn|[from] brn\n|upkeep\n|turn|31\n|\n|t:|1644111402\n|move|p2a: Stafford|Nature's Madness|p1a: Ferrothorn\n|-damage|p1a: Ferrothorn|44\/100\n|move|p1a: Ferrothorn|Curse|p1a: Ferrothorn\n|-unboost|p1a: Ferrothorn|spe|1\n|-boost|p1a: Ferrothorn|atk|1\n|-boost|p1a: Ferrothorn|def|1\n|\n|-heal|p1a: Ferrothorn|50\/100|[from] item: Leftovers\n|-damage|p2a: Stafford|18\/100 brn|[from] brn\n|upkeep\n|turn|32\n|\n|t:|1644111416\n|switch|p1a: Gallade|Gallade-Mega, M|47\/100\n|move|p2a: Stafford|Focus Blast|p1a: Gallade\n|-resisted|p1a: Gallade\n|-damage|p1a: Gallade|32\/100\n|\n|-damage|p2a: Stafford|12\/100 brn|[from] brn\n|upkeep\n|turn|33\n|\n|t:|1644111428\n|move|p1a: Gallade|Zen Headbutt|p2a: Stafford\n|-resisted|p2a: Stafford\n|-damage|p2a: Stafford|0 fnt\n|faint|p2a: Stafford\n|\n|upkeep\n|\n|t:|1644111445\n|switch|p2a: Brown|Tyranitar, F, shiny|100\/100\n|-damage|p2a: Brown|88\/100|[from] Spikes\n|-weather|Sandstorm|[from] ability: Sand Stream|[of] p2a: Brown\n|turn|34\n|\n|t:|1644111455\n|move|p2a: Brown|Crunch|p1a: Gallade\n|-damage|p1a: Gallade|0 fnt\n|faint|p1a: Gallade\n|\n|-weather|Sandstorm|[upkeep]\n|-fieldend|move: Psychic Terrain\n|upkeep\n|\n|t:|1644111460\n|switch|p1a: Tapu Fini|Tapu Fini|54\/100\n|-fieldstart|move: Misty Terrain|[from] ability: Misty Surge|[of] p1a: Tapu Fini\n|turn|35\n|\n|t:|1644111485\n|switch|p2a: Burrow|Crobat, F|100\/100\n|move|p1a: Tapu Fini|Iron Defense|p1a: Tapu Fini\n|-boost|p1a: Tapu Fini|def|2\n|\n|-weather|Sandstorm|[upkeep]\n|-damage|p2a: Burrow|95\/100|[from] Sandstorm\n|-damage|p1a: Tapu Fini|48\/100|[from] Sandstorm\n|-heal|p2a: Burrow|100\/100|[from] item: Black Sludge\n|-heal|p1a: Tapu Fini|54\/100|[from] item: Leftovers\n|upkeep\n|turn|36\n|\n|t:|1644111495\n|switch|p1a: Ferrothorn|Ferrothorn, M|50\/100\n|move|p2a: Burrow|Nasty Plot|p2a: Burrow\n|-boost|p2a: Burrow|spa|2\n|\n|-weather|Sandstorm|[upkeep]\n|-damage|p2a: Burrow|95\/100|[from] Sandstorm\n|-heal|p2a: Burrow|100\/100|[from] item: Black Sludge\n|-heal|p1a: Ferrothorn|56\/100|[from] item: Leftovers\n|upkeep\n|turn|37\n|\n|t:|1644111500\n|move|p2a: Burrow|Hurricane|p1a: Ferrothorn\n|-damage|p1a: Ferrothorn|8\/100\n|move|p1a: Ferrothorn|Gyro Ball|p2a: Burrow\n|-damage|p2a: Burrow|42\/100\n|\n|-weather|Sandstorm|[upkeep]\n|-damage|p2a: Burrow|36\/100|[from] Sandstorm\n|-heal|p2a: Burrow|42\/100|[from] item: Black Sludge\n|-heal|p1a: Ferrothorn|14\/100|[from] item: Leftovers\n|upkeep\n|turn|38\n|\n|t:|1644111520\n|switch|p2a: Brown|Tyranitar, F, shiny|88\/100\n|-damage|p2a: Brown|76\/100|[from] Spikes\n|move|p1a: Ferrothorn|Gyro Ball|p2a: Brown\n|-supereffective|p2a: Brown\n|-damage|p2a: Brown|0 fnt\n|faint|p2a: Brown\n|\n|-weather|none\n|-heal|p1a: Ferrothorn|21\/100|[from] item: Leftovers\n|upkeep\n|\n|t:|1644111527\n|switch|p2a: Higgins|Zygarde|34\/100\n|-damage|p2a: Higgins|21\/100|[from] Spikes\n|-ability|p2a: Higgins|Aura Break\n|turn|39\n|\n|t:|1644111540\n|move|p2a: Higgins|Thousand Arrows|p1a: Ferrothorn\n|-damage|p1a: Ferrothorn|0 fnt\n|faint|p1a: Ferrothorn\n|\n|-fieldend|Misty Terrain\n|upkeep\n|\n|t:|1644111542\n|switch|p1a: Tapu Fini|Tapu Fini|54\/100\n|-fieldstart|move: Misty Terrain|[from] ability: Misty Surge|[of] p1a: Tapu Fini\n|turn|40\n|\n|t:|1644111577\n|move|p2a: Higgins|Thousand Arrows|p1a: Tapu Fini\n|-damage|p1a: Tapu Fini|0 fnt\n|faint|p1a: Tapu Fini\n|\n|win|Rabzzz\n|c|\u2606AsterJ|gg\n|c|\u2606Rabzzz|gg\n|c|\u2606AsterJ|nice team\n|l| Littlebigness\n|c|\u2606Rabzzz|thx\n|c|\u2606Rabzzz|the burn sucked but was pretty close regardless\n","uploadtime":1644111584,"views":55,"p1id":"asterj","p2id":"rabzzz","formatid":"gen8nationaldexdraft","rating":0,"private":0,"password":null}