{"id":"sports-gen8galardexdraft-651315","p1":"WIG Croagunk","p2":"AsterJ","format":"gen8galardexdraft","log":"|j|\u2606WIG Croagunk\n|j|\u2606AsterJ\n|t:|1652652517\n|gametype|singles\n|player|p1|WIG Croagunk|wigcroagunk.png|\n|player|p2|AsterJ|asterj.png|\n|teamsize|p1|6\n|teamsize|p2|6\n|gen|8\n|tier|[Gen 8] Galar Dex Draft\n|rule|Sleep Clause Mod: Limit one foe put to sleep\n|rule|OHKO Clause: OHKO moves are banned\n|rule|Evasion Moves Clause: Evasion moves are banned\n|rule|Endless Battle Clause: Forcing endless battles is banned\n|rule|HP Percentage Mod: HP is shown in percentages\n|rule|Dynamax Clause: You cannot dynamax\n|clearpoke\n|poke|p1|Swampert, F|\n|poke|p1|Slowking-Galar, M|\n|poke|p1|Hydreigon, F|\n|poke|p1|Bronzong|\n|poke|p1|Comfey, F|\n|poke|p1|Mienshao, F|\n|poke|p2|Zapdos|\n|poke|p2|Spectrier|\n|poke|p2|Pangoro, M|\n|poke|p2|Stakataka|\n|poke|p2|Clefairy, M|\n|poke|p2|Landorus-Therian, M|\n|teampreview\n|html|<button name=\"send\" class=\"button\" value=\"\/timer ds\"><i class=\"fa fa-hourglass-start\"><\/i> DS Timer<\/button> <button name=\"send\" class=\"button\" value=\"\/timer smogon\"><i class=\"fa fa-hourglass-start\"><\/i> Smogon Timer<\/button>\n|j| sablolol\n|j| hjkhj\n|j| UnviaSlick\n|c|\u2606WIG Croagunk|glhf\n|j| Chip in a wig\n|c|\u2606AsterJ|u2\n|j| ddrakloak\n|j| Noble Packwatch\n|j| clean cuts\n|j| SPS Birbtales\n|j| Rye6807\n|\n|t:|1652652558\n|start\n|switch|p1a: ProfComfboard|Comfey, F|100\/100\n|switch|p2a: Aimel|Landorus-Therian, M|100\/100\n|-ability|p2a: Aimel|Intimidate|boost\n|-unboost|p1a: ProfComfboard|atk|1\n|turn|1\n|j| burrg\n|j| Epy_ll\n|j| BeaverGanger69\n|j|@PerfecteBlu\n|j| DOOR MONEY\n|j| undeadlost2squirtl\n|\n|t:|1652652568\n|move|p1a: ProfComfboard|Trick|p2a: Aimel\n|-activate|p1a: ProfComfboard|move: Trick|[of] p2a: Aimel\n|-item|p2a: Aimel|Flame Orb|[from] move: Trick\n|-item|p1a: ProfComfboard|Lum Berry|[from] move: Trick\n|move|p2a: Aimel|Knock Off|p1a: ProfComfboard\n|-resisted|p1a: ProfComfboard\n|-damage|p1a: ProfComfboard|84\/100\n|-enditem|p1a: ProfComfboard|Lum Berry|[from] move: Knock Off|[of] p2a: Aimel\n|\n|-status|p2a: Aimel|brn|[from] item: Flame Orb\n|upkeep\n|turn|2\n|j| NuePika\n|j| I GRIEVE DIFFERENT\n|j| DZ Odin\n|j| TRowePrice\n|c| Noble Packwatch|sheesh\n|j| Erupquake24\n|j| HQ Darkrai\n|j| deez streetz w\n|\n|t:|1652652585\n|move|p1a: ProfComfboard|U-turn|p2a: Aimel\n|-resisted|p2a: Aimel\n|-damage|p2a: Aimel|98\/100 brn\n|\n|t:|1652652588\n|switch|p1a: Phil Nilzzong|Bronzong|100\/100|[from]move: U-turn\n|move|p2a: Aimel|Earthquake|p1a: Phil Nilzzong\n|-immune|p1a: Phil Nilzzong|[from] ability: Levitate\n|\n|-damage|p2a: Aimel|92\/100 brn|[from] brn\n|upkeep\n|turn|3\n|\n|t:|1652652592\n|move|p2a: Aimel|Knock Off|p1a: Phil Nilzzong\n|-supereffective|p1a: Phil Nilzzong\n|-enditem|p1a: Phil Nilzzong|Colbur Berry|[eat]\n|-enditem|p1a: Phil Nilzzong|Colbur Berry|[weaken]\n|-damage|p1a: Phil Nilzzong|89\/100\n|move|p1a: Phil Nilzzong|Stealth Rock|p2a: Aimel\n|-sidestart|p2: AsterJ|move: Stealth Rock\n|\n|-damage|p2a: Aimel|86\/100 brn|[from] brn\n|upkeep\n|turn|4\n|\n|t:|1652652597\n|move|p2a: Aimel|Defog|p1a: Phil Nilzzong\n|-unboost|p1a: Phil Nilzzong|evasion|1\n|-sideend|p2: AsterJ|Stealth Rock|[from] move: Defog|[of] p2a: Aimel\n|move|p1a: Phil Nilzzong|Future Sight|p2a: Aimel\n|-start|p1a: Phil Nilzzong|move: Future Sight\n|\n|-damage|p2a: Aimel|80\/100 brn|[from] brn\n|upkeep\n|turn|5\n|j| VIG Luffy\n|j| SB JC\n|j| mrmiddleman\n|j| Ema Skyemin\n|j| PokeFan4125\n|\n|t:|1652652623\n|move|p2a: Aimel|U-turn|p1a: Phil Nilzzong\n|-damage|p1a: Phil Nilzzong|79\/100\n|\n|t:|1652652629\n|switch|p2a: Habaduh|Pangoro, M|100\/100|[from]move: U-turn\n|move|p1a: Phil Nilzzong|Body Press|p2a: Habaduh\n|-supereffective|p2a: Habaduh\n|-damage|p2a: Habaduh|28\/100\n|\n|upkeep\n|turn|6\n|j| Giga z fart\n|j| tecc9\n|j| obi3\n|j| ThinkingSceptile\n|\n|t:|1652652715\n|switch|p1a: ProfComfboard|Comfey, F|84\/100\n|move|p2a: Habaduh|Gunk Shot|p1a: ProfComfboard\n|-supereffective|p1a: ProfComfboard\n|-damage|p1a: ProfComfboard|2\/100\n|\n|-end|p2a: Habaduh|move: Future Sight\n|-immune|p2a: Habaduh\n|upkeep\n|turn|7\n|j| palkia62\n|c| HQ Darkrai|Expert EVs\n|j|^Bontz\n|j| IronFlashGaming\n|\n|t:|1652652776\n|switch|p2a: Devin|Stakataka|100\/100\n|move|p1a: ProfComfboard|Draining Kiss|p2a: Devin\n|-resisted|p2a: Devin\n|-damage|p2a: Devin|94\/100\n|-heal|p1a: ProfComfboard|7\/100|[from] drain|[of] p2a: Devin\n|\n|upkeep\n|turn|8\n|j| CertifiedLarperBoy\n|\n|t:|1652652818\n|move|p1a: ProfComfboard|U-turn|p2a: Devin\n|-resisted|p2a: Devin\n|-damage|p2a: Devin|92\/100\n|\n|t:|1652652820\n|switch|p1a: Phil Nilzzong|Bronzong|79\/100|[from]move: U-turn\n|move|p2a: Devin|Stealth Rock|p1a: Phil Nilzzong\n|-sidestart|p1: WIG Croagunk|move: Stealth Rock\n|\n|upkeep\n|turn|9\n|j| gary martin\n|l| Giga z fart\n|j| MoneyGuy9559\n|j| 3.14 braincells\n|j| bbryann\n|\n|t:|1652652880\n|switch|p2a: KCric|Spectrier|100\/100\n|move|p1a: Phil Nilzzong|Stealth Rock|p2a: KCric\n|-sidestart|p2: AsterJ|move: Stealth Rock\n|\n|upkeep\n|turn|10\n|\n|t:|1652652890\n|switch|p1a: ProfComfboard|Comfey, F|7\/100\n|-damage|p1a: ProfComfboard|0 fnt|[from] Stealth Rock\n|faint|p1a: ProfComfboard\n|move|p2a: KCric|Calm Mind|p2a: KCric\n|-boost|p2a: KCric|spa|1\n|-boost|p2a: KCric|spd|1\n|\n|upkeep\n|\n|t:|1652652895\n|switch|p1a: Hydrythons|Hydreigon, F|100\/100\n|turn|11\n|c| bbryann|Please win my heart cant handle another loss\n|j| EGAWalreins\n|c| Rye6807|do it for bryann \n|\n|t:|1652652930\n|move|p2a: KCric|Calm Mind|p2a: KCric\n|-boost|p2a: KCric|spa|1\n|-boost|p2a: KCric|spd|1\n|move|p1a: Hydrythons|Thunder Wave|p2a: KCric\n|-status|p2a: KCric|par\n|\n|upkeep\n|turn|12\n|\n|t:|1652652947\n|move|p1a: Hydrythons|Dark Pulse|p2a: KCric\n|-supereffective|p2a: KCric\n|-damage|p2a: KCric|69\/100 par\n|move|p2a: KCric|Calm Mind|p2a: KCric\n|-boost|p2a: KCric|spa|1\n|-boost|p2a: KCric|spd|1\n|\n|upkeep\n|turn|13\n|\n|t:|1652652952\n|move|p1a: Hydrythons|Dark Pulse|p2a: KCric\n|-supereffective|p2a: KCric\n|-damage|p2a: KCric|42\/100 par\n|cant|p2a: KCric|par\n|\n|upkeep\n|turn|14\n|\n|t:|1652652956\n|move|p1a: Hydrythons|Dark Pulse|p2a: KCric\n|-supereffective|p2a: KCric\n|-damage|p2a: KCric|16\/100 par\n|move|p2a: KCric|Rest|p2a: KCric\n|-status|p2a: KCric|slp|[from] move: Rest\n|-heal|p2a: KCric|100\/100 slp|[silent]\n|-enditem|p2a: KCric|Chesto Berry|[eat]\n|-curestatus|p2a: KCric|slp|[msg]\n|\n|upkeep\n|turn|15\n|\n|t:|1652652967\n|move|p2a: KCric|Shadow Ball|p1a: Hydrythons\n|-resisted|p1a: Hydrythons\n|-damage|p1a: Hydrythons|63\/100\n|move|p1a: Hydrythons|Thunder Wave|p2a: KCric\n|-status|p2a: KCric|par\n|\n|upkeep\n|turn|16\n|j| The Damn Goat\n|\n|t:|1652652975\n|move|p1a: Hydrythons|Dark Pulse|p2a: KCric\n|-supereffective|p2a: KCric\n|-damage|p2a: KCric|76\/100 par\n|cant|p2a: KCric|par\n|\n|upkeep\n|turn|17\n|\n|t:|1652652979\n|move|p1a: Hydrythons|Dark Pulse|p2a: KCric\n|-supereffective|p2a: KCric\n|-damage|p2a: KCric|51\/100 par\n|move|p2a: KCric|Shadow Ball|p1a: Hydrythons\n|-resisted|p1a: Hydrythons\n|-damage|p1a: Hydrythons|30\/100\n|\n|upkeep\n|turn|18\n|\n|t:|1652652984\n|move|p1a: Hydrythons|Roost|p1a: Hydrythons\n|-heal|p1a: Hydrythons|80\/100\n|-singleturn|p1a: Hydrythons|move: Roost\n|cant|p2a: KCric|par\n|\n|upkeep\n|turn|19\n|\n|t:|1652652988\n|move|p1a: Hydrythons|Dark Pulse|p2a: KCric\n|-supereffective|p2a: KCric\n|-damage|p2a: KCric|27\/100 par\n|move|p2a: KCric|Rest|p2a: KCric\n|-status|p2a: KCric|slp|[from] move: Rest\n|-heal|p2a: KCric|100\/100 slp|[silent]\n|\n|upkeep\n|turn|20\n|\n|t:|1652652995\n|cant|p2a: KCric|slp\n|move|p2a: KCric|Sleep Talk|p2a: KCric\n|move|p2a: KCric|Shadow Ball|p1a: Hydrythons|[from]move: Sleep Talk\n|-resisted|p1a: Hydrythons\n|-damage|p1a: Hydrythons|42\/100\n|-unboost|p1a: Hydrythons|spd|1\n|move|p1a: Hydrythons|Dark Pulse|p2a: KCric\n|-supereffective|p2a: KCric\n|-damage|p2a: KCric|74\/100 slp\n|\n|upkeep\n|turn|21\n|c| The Damn Goat|Oml\n|l| gary martin\n|c| Rye6807|yung spec\n|\n|t:|1652653012\n|cant|p2a: KCric|slp\n|move|p2a: KCric|Sleep Talk|p2a: KCric\n|move|p2a: KCric|Calm Mind|p2a: KCric|[from]move: Sleep Talk\n|-boost|p2a: KCric|spa|1\n|-boost|p2a: KCric|spd|1\n|move|p1a: Hydrythons|Dark Pulse|p2a: KCric\n|-supereffective|p2a: KCric\n|-damage|p2a: KCric|51\/100 slp\n|\n|upkeep\n|turn|22\n|j| gary martin\n|c| SB JC|holy\n|c| sablolol|horsing time\n|j| Lady Writer \u2740\n|\n|t:|1652653055\n|-curestatus|p2a: KCric|slp|[msg]\n|move|p2a: KCric|Shadow Ball|p1a: Hydrythons\n|-resisted|p1a: Hydrythons\n|-damage|p1a: Hydrythons|0 fnt\n|faint|p1a: Hydrythons\n|-ability|p2a: KCric|Grim Neigh|boost\n|-boost|p2a: KCric|spa|1\n|\n|upkeep\n|c| bbryann|Who are we fighting again\n|\n|t:|1652653059\n|switch|p1a: Moneyshao|Mienshao, F|100\/100\n|-damage|p1a: Moneyshao|95\/100|[from] Stealth Rock\n|turn|23\n|c| Noble Packwatch|LOL\n|c| Noble Packwatch|NO SHOT\n|\n|t:|1652653063\n|move|p1a: Moneyshao|Knock Off|p2a: KCric\n|-supereffective|p2a: KCric\n|-damage|p2a: KCric|5\/100\n|move|p2a: KCric|Shadow Ball|p1a: Moneyshao\n|-damage|p1a: Moneyshao|0 fnt\n|faint|p1a: Moneyshao\n|-ability|p2a: KCric|Grim Neigh|boost\n|-boost|p2a: KCric|spa|1\n|\n|upkeep\n|j| Winagamechallenge\n|c| bbryann|Yay\n|c| Rye6807|yum\n|c| The Damn Goat|Oml\n|c| sablolol|delicious\n|c| IronFlashGaming|Wheel chair\n|c| Noble Packwatch|sheeeeeeesah\n|\n|t:|1652653079\n|switch|p1a: Theodore Swampy|Swampert, F|100\/100\n|-damage|p1a: Theodore Swampy|94\/100|[from] Stealth Rock\n|turn|24\n|c| bbryann|My heart has been saved\n|c| bbryann|Ty\n|\n|t:|1652653084\n|move|p2a: KCric|Shadow Ball|p1a: Theodore Swampy\n|-damage|p1a: Theodore Swampy|0 fnt\n|faint|p1a: Theodore Swampy\n|\n|upkeep\n|\n|t:|1652653087\n|switch|p1a: Slowking L5|Slowking-Galar, M|100\/100\n|-damage|p1a: Slowking L5|88\/100|[from] Stealth Rock\n|turn|25\n|l| IronFlashGaming\n|c|\u2606AsterJ|gg\n|c|\u2606WIG Croagunk|gg\n|\n|t:|1652653091\n|move|p2a: KCric|Shadow Ball|p1a: Slowking L5\n|-supereffective|p1a: Slowking L5\n|-damage|p1a: Slowking L5|0 fnt\n|faint|p1a: Slowking L5\n|\n|upkeep\n|\n|t:|1652653092\n|switch|p1a: Phil Nilzzong|Bronzong|79\/100\n|-damage|p1a: Phil Nilzzong|73\/100|[from] Stealth Rock\n|turn|26\n|\n|t:|1652653094\n|move|p2a: KCric|Shadow Ball|p1a: Phil Nilzzong\n|-supereffective|p1a: Phil Nilzzong\n|-damage|p1a: Phil Nilzzong|0 fnt\n|faint|p1a: Phil Nilzzong\n|\n|win|AsterJ\n|j| Tjb145\n|l| NuePika\n|l| obi3\n|l| ThinkingSceptile\n|c| The Damn Goat|Nice 6-0\n|l| UnviaSlick\n|l| HQ Darkrai\n|c| SB JC|HOLY GOAT\n|l| Erupquake24\n|l| burrg\n|l| I GRIEVE DIFFERENT\n|l| Noble Packwatch\n|l| Lady Writer \u2740\n|l| gary martin\n|l| palkia62\n|l| undeadlost2squirtl\n|l| DZ Odin\n|l| TRowePrice\n|l| The Damn Goat\n|l| sablolol\n|l|@PerfecteBlu\n|l| MoneyGuy9559\n|l| VIG Luffy\n|l| EGAWalreins\n|l| bbryann\n|l| Epy_ll\n|l| Winagamechallenge\n|j| Diviniya\n|l|\u2606AsterJ\n|j|\u2606AsterJ\n|player|p2|AsterJ|asterj.png\n|l| deez streetz w\n|l| Tjb145\n|l| SB JC\n|l| Rye6807\n|l| DOOR MONEY\n|l| Ema Skyemin\n|j| Rye6807\n|l| PokeFan4125\n|l| hjkhj\n|player|p1|WIG Croagunk|wigcroagunk.png\n|l| ddrakloak\n|l| 3.14 braincells\n|l| clean cuts\n|j| Joshtheturtwig\n|l| Joshtheturtwig\n|l| BeaverGanger69\n|l| Rye6807\n|j| Shuckleking87\n|l| Shuckleking87\n|l| Diviniya\n|l|\u2606WIG Croagunk\n|player|p1|\n|l| Chip in a wig\n|l| mrmiddleman\n|l| CertifiedLarperBoy\n","uploadtime":1652653210,"views":300,"p1id":"wigcroagunk","p2id":"asterj","formatid":"gen8galardexdraft","rating":0,"private":0,"password":null}