{"id":"sports-gen8nationaldexdraft-411263","p1":"gaijineagle","p2":"OldManChandy","format":"gen8nationaldexdraft","log":"|j|\u2606gaijineagle\n|j|\u2606OldManChandy\n|t:|1621091160\n|gametype|singles\n|player|p1|gaijineagle|169|\n|player|p2|OldManChandy|oldmanchandy.png|\n|teamsize|p1|6\n|teamsize|p2|6\n|gen|8\n|tier|[Gen 8] National Dex Draft\n|rule|Sleep Clause Mod: Limit one foe put to sleep\n|rule|OHKO Clause: OHKO moves are banned\n|rule|Evasion Moves Clause: Evasion moves are banned\n|rule|Endless Battle Clause: Forcing endless battles is banned\n|rule|HP Percentage Mod: HP is shown in percentages\n|clearpoke\n|poke|p1|Aerodactyl, M|\n|poke|p1|Garchomp, M|\n|poke|p1|Incineroar, F|\n|poke|p1|Diancie|\n|poke|p1|Salazzle, F|\n|poke|p1|Ferrothorn, M|\n|poke|p2|Urshifu-*, F|\n|poke|p2|Slowbro, F|\n|poke|p2|Aegislash, M|\n|poke|p2|Togekiss, F|\n|poke|p2|Nidoqueen, F|\n|poke|p2|Noivern, M|\n|rule|Dynamax Clause: You cannot dynamax\n|teampreview\n|html|<button name=\"send\" class=\"button\" value=\"\/timer ds\"><i class=\"fa fa-hourglass-start\"><\/i> DS Timer<\/button> <button name=\"send\" class=\"button\" value=\"\/timer smogon\"><i class=\"fa fa-hourglass-start\"><\/i> Smogon Timer<\/button>\n|c|\u2606OldManChandy|glhf\n|c|\u2606gaijineagle|u2\n|\n|t:|1621091200\n|start\n|switch|p1a: Salazzle|Salazzle, F|100\/100\n|switch|p2a: A Fat Rat|Noivern, M|100\/100\n|turn|1\n|j| Lin 4361\n|j| PorygonTheBot\n|c| PorygonTheBot|This game looks fun!\n|\n|t:|1621091241\n|switch|p1a: Diancie|Diancie|100\/100\n|move|p2a: A Fat Rat|Draco Meteor|p1a: Diancie\n|-immune|p1a: Diancie\n|\n|upkeep\n|turn|2\n|\n|t:|1621091255\n|move|p2a: A Fat Rat|U-turn|p1a: Diancie\n|-resisted|p1a: Diancie\n|-damage|p1a: Diancie|96\/100\n|j| Lemonance\n|\n|t:|1621091258\n|switch|p2a: ASword6|Aegislash, M, shiny|100\/100|[from]move: U-turn\n|move|p1a: Diancie|Diamond Storm|p2a: ASword6\n|-resisted|p2a: ASword6\n|-damage|p2a: ASword6|88\/100\n|\n|-heal|p1a: Diancie|100\/100|[from] item: Leftovers\n|upkeep\n|turn|3\n|\n|t:|1621091267\n|move|p1a: Diancie|Diamond Storm|p2a: ASword6\n|-resisted|p2a: ASword6\n|-damage|p2a: ASword6|76\/100\n|-formechange|p2a: ASword6|Aegislash-Blade||[from] ability: Stance Change\n|move|p2a: ASword6|Close Combat|p1a: Diancie\n|-damage|p1a: Diancie|48\/100\n|-unboost|p2a: ASword6|def|1\n|-unboost|p2a: ASword6|spd|1\n|\n|-heal|p1a: Diancie|54\/100|[from] item: Leftovers\n|upkeep\n|turn|4\n|\n|t:|1621091280\n|switch|p1a: Aerodactyl|Aerodactyl, M|100\/100\n|-ability|p1a: Aerodactyl|Unnerve\n|switch|p2a: Lin|Nidoqueen, F|100\/100\n|\n|upkeep\n|turn|5\n|c| Lemonance|oop the read\n|\n|t:|1621091297\n|move|p2a: Lin|Ice Beam|p1a: Aerodactyl\n|-supereffective|p1a: Aerodactyl\n|-damage|p1a: Aerodactyl|20\/100\n|move|p1a: Aerodactyl|Earthquake|p2a: Lin\n|-supereffective|p2a: Lin\n|-damage|p2a: Lin|0 fnt\n|faint|p2a: Lin\n|\n|upkeep\n|\n|t:|1621091309\n|switch|p2a: Muk Daddy|Slowbro, F|100\/100\n|turn|6\n|\n|t:|1621091325\n|switch|p1a: Incineroar|Incineroar, F|100\/100\n|-ability|p1a: Incineroar|Intimidate|boost\n|-unboost|p2a: Muk Daddy|atk|1\n|detailschange|p2a: Muk Daddy|Slowbro-Mega, F\n|-mega|p2a: Muk Daddy|Slowbro|Slowbronite\n|move|p2a: Muk Daddy|Scald|p1a: Incineroar\n|-supereffective|p1a: Incineroar\n|-damage|p1a: Incineroar|56\/100\n|\n|upkeep\n|turn|7\n|\n|t:|1621091348\n|move|p1a: Incineroar|Toxic|p2a: Muk Daddy\n|-status|p2a: Muk Daddy|tox\n|move|p2a: Muk Daddy|Scald|p1a: Incineroar\n|-supereffective|p1a: Incineroar\n|-damage|p1a: Incineroar|10\/100\n|\n|-damage|p2a: Muk Daddy|94\/100 tox|[from] psn\n|upkeep\n|turn|8\n|\n|t:|1621091353\n|move|p1a: Incineroar|Parting Shot|p2a: Muk Daddy\n|-unboost|p2a: Muk Daddy|atk|1\n|-unboost|p2a: Muk Daddy|spa|1\n|\n|t:|1621091363\n|switch|p1a: Ferrothorn|Ferrothorn, M|100\/100|[from]move: Parting Shot\n|move|p2a: Muk Daddy|Scald|p1a: Ferrothorn\n|-resisted|p1a: Ferrothorn\n|-damage|p1a: Ferrothorn|94\/100\n|-status|p1a: Ferrothorn|brn\n|\n|-heal|p1a: Ferrothorn|99\/100 brn|[from] item: Leftovers\n|-damage|p2a: Muk Daddy|82\/100 tox|[from] psn\n|-damage|p1a: Ferrothorn|94\/100 brn|[from] brn\n|upkeep\n|turn|9\n|\n|t:|1621091370\n|switch|p2a: A Fat Rat|Noivern, M|100\/100\n|move|p1a: Ferrothorn|Spikes|p2a: A Fat Rat\n|-sidestart|p2: OldManChandy|Spikes\n|\n|-heal|p1a: Ferrothorn|99\/100 brn|[from] item: Leftovers\n|-damage|p1a: Ferrothorn|94\/100 brn|[from] brn\n|upkeep\n|turn|10\n|\n|t:|1621091379\n|move|p2a: A Fat Rat|Flamethrower|p1a: Ferrothorn\n|-supereffective|p1a: Ferrothorn\n|-damage|p1a: Ferrothorn|24\/100 brn\n|move|p1a: Ferrothorn|Gyro Ball|p2a: A Fat Rat\n|-damage|p2a: A Fat Rat|68\/100\n|\n|-heal|p2a: A Fat Rat|74\/100|[from] item: Leftovers\n|-heal|p1a: Ferrothorn|31\/100 brn|[from] item: Leftovers\n|-damage|p1a: Ferrothorn|24\/100 brn|[from] brn\n|upkeep\n|turn|11\n|\n|t:|1621091387\n|switch|p1a: Salazzle|Salazzle, F|100\/100\n|move|p2a: A Fat Rat|Flamethrower|p1a: Salazzle\n|-resisted|p1a: Salazzle\n|-damage|p1a: Salazzle|73\/100\n|\n|-heal|p2a: A Fat Rat|80\/100|[from] item: Leftovers\n|upkeep\n|turn|12\n|\n|t:|1621091392\n|move|p1a: Salazzle|Will-O-Wisp|p2a: A Fat Rat\n|-status|p2a: A Fat Rat|brn\n|move|p2a: A Fat Rat|Draco Meteor|p1a: Salazzle\n|-damage|p1a: Salazzle|0 fnt\n|-unboost|p2a: A Fat Rat|spa|2\n|faint|p1a: Salazzle\n|\n|-heal|p2a: A Fat Rat|87\/100 brn|[from] item: Leftovers\n|-damage|p2a: A Fat Rat|80\/100 brn|[from] brn\n|upkeep\n|\n|t:|1621091397\n|switch|p1a: Garchomp|Garchomp, M|100\/100\n|turn|13\n|\n|t:|1621091411\n|switch|p2a: Helix|Togekiss, F|100\/100\n|switch|p1a: Diancie|Diancie|54\/100\n|\n|-heal|p1a: Diancie|60\/100|[from] item: Leftovers\n|upkeep\n|turn|14\n|\n|t:|1621091441\n|switch|p2a: Muk Daddy|Slowbro-Mega, F|82\/100 tox\n|-damage|p2a: Muk Daddy|70\/100 tox|[from] Spikes\n|move|p1a: Diancie|Diamond Storm|p2a: Muk Daddy\n|-damage|p2a: Muk Daddy|54\/100 tox\n|-boost|p1a: Diancie|def|2\n|\n|-heal|p1a: Diancie|66\/100|[from] item: Leftovers\n|-damage|p2a: Muk Daddy|47\/100 tox|[from] psn\n|upkeep\n|turn|15\n|j| ImCrazyUwU\n|\n|t:|1621091465\n|move|p1a: Diancie|Diamond Storm|p2a: Muk Daddy\n|-damage|p2a: Muk Daddy|33\/100 tox\n|move|p2a: Muk Daddy|Scald|p1a: Diancie\n|-supereffective|p1a: Diancie\n|-damage|p1a: Diancie|26\/100\n|-status|p1a: Diancie|brn\n|\n|-heal|p1a: Diancie|32\/100 brn|[from] item: Leftovers\n|-damage|p1a: Diancie|26\/100 brn|[from] brn\n|-damage|p2a: Muk Daddy|21\/100 tox|[from] psn\n|upkeep\n|turn|16\n|\n|t:|1621091470\n|move|p1a: Diancie|Diamond Storm|p2a: Muk Daddy\n|-damage|p2a: Muk Daddy|12\/100 tox\n|move|p2a: Muk Daddy|Slack Off|p2a: Muk Daddy\n|-heal|p2a: Muk Daddy|62\/100 tox\n|\n|-heal|p1a: Diancie|32\/100 brn|[from] item: Leftovers\n|-damage|p1a: Diancie|26\/100 brn|[from] brn\n|-damage|p2a: Muk Daddy|44\/100 tox|[from] psn\n|upkeep\n|turn|17\n|\n|t:|1621091478\n|move|p1a: Diancie|Moonblast|p2a: Muk Daddy\n|-damage|p2a: Muk Daddy|20\/100 tox\n|move|p2a: Muk Daddy|Scald|p1a: Diancie\n|-supereffective|p1a: Diancie\n|-damage|p1a: Diancie|0 fnt\n|faint|p1a: Diancie\n|\n|-damage|p2a: Muk Daddy|0 fnt|[from] psn\n|faint|p2a: Muk Daddy\n|upkeep\n|\n|t:|1621091485\n|switch|p1a: Incineroar|Incineroar, F|10\/100\n|switch|p2a: A Fat Rat|Noivern, M|80\/100 brn\n|-ability|p1a: Incineroar|Intimidate|boost\n|-unboost|p2a: A Fat Rat|atk|1\n|turn|18\n|l| Lin 4361\n|l| ImCrazyUwU\n|\n|t:|1621091528\n|move|p2a: A Fat Rat|Flamethrower|p1a: Incineroar\n|-resisted|p1a: Incineroar\n|-damage|p1a: Incineroar|0 fnt\n|faint|p1a: Incineroar\n|\n|-heal|p2a: A Fat Rat|87\/100 brn|[from] item: Leftovers\n|-damage|p2a: A Fat Rat|80\/100 brn|[from] brn\n|upkeep\n|\n|t:|1621091537\n|switch|p1a: Garchomp|Garchomp, M|100\/100\n|turn|19\n|\n|t:|1621091548\n|switch|p1a: Aerodactyl|Aerodactyl, M|20\/100\n|-ability|p1a: Aerodactyl|Unnerve\n|move|p2a: A Fat Rat|Draco Meteor|p1a: Aerodactyl\n|-damage|p1a: Aerodactyl|0 fnt\n|-unboost|p2a: A Fat Rat|spa|2\n|faint|p1a: Aerodactyl\n|\n|-heal|p2a: A Fat Rat|87\/100 brn|[from] item: Leftovers\n|-damage|p2a: A Fat Rat|80\/100 brn|[from] brn\n|upkeep\n|\n|t:|1621091551\n|switch|p1a: Garchomp|Garchomp, M|100\/100\n|turn|20\n|\n|t:|1621091555\n|move|p2a: A Fat Rat|Draco Meteor|p1a: Garchomp\n|-supereffective|p1a: Garchomp\n|-damage|p1a: Garchomp|35\/100\n|-unboost|p2a: A Fat Rat|spa|2\n|move|p1a: Garchomp|Substitute|p1a: Garchomp\n|-start|p1a: Garchomp|Substitute\n|-damage|p1a: Garchomp|10\/100\n|\n|-heal|p2a: A Fat Rat|87\/100 brn|[from] item: Leftovers\n|-heal|p1a: Garchomp|16\/100|[from] item: Leftovers\n|-damage|p2a: A Fat Rat|80\/100 brn|[from] brn\n|upkeep\n|turn|21\n|\n|t:|1621091560\n|move|p2a: A Fat Rat|Draco Meteor|p1a: Garchomp\n|-supereffective|p1a: Garchomp\n|-damage|p1a: Garchomp|0 fnt\n|-unboost|p2a: A Fat Rat|spa|2\n|faint|p1a: Garchomp\n|\n|-heal|p2a: A Fat Rat|87\/100 brn|[from] item: Leftovers\n|-damage|p2a: A Fat Rat|80\/100 brn|[from] brn\n|upkeep\n|\n|t:|1621091564\n|switch|p1a: Ferrothorn|Ferrothorn, M|24\/100 brn\n|turn|22\n|\n|t:|1621091567\n|move|p2a: A Fat Rat|Flamethrower|p1a: Ferrothorn\n|-supereffective|p1a: Ferrothorn\n|-damage|p1a: Ferrothorn|7\/100 brn\n|move|p1a: Ferrothorn|Knock Off|p2a: A Fat Rat\n|-damage|p2a: A Fat Rat|66\/100 brn\n|-enditem|p2a: A Fat Rat|Leftovers|[from] move: Knock Off|[of] p1a: Ferrothorn\n|\n|-heal|p1a: Ferrothorn|14\/100 brn|[from] item: Leftovers\n|-damage|p2a: A Fat Rat|60\/100 brn|[from] brn\n|-damage|p1a: Ferrothorn|7\/100 brn|[from] brn\n|upkeep\n|turn|23\n|c|\u2606gaijineagle|gg\n|\n|t:|1621091572\n|move|p2a: A Fat Rat|Flamethrower|p1a: Ferrothorn\n|-supereffective|p1a: Ferrothorn\n|-damage|p1a: Ferrothorn|0 fnt\n|faint|p1a: Ferrothorn\n|\n|win|OldManChandy\n","uploadtime":1621091573,"views":43,"p1id":"gaijineagle","p2id":"oldmanchandy","formatid":"gen8nationaldexdraft","rating":0,"private":0,"password":null}