{"id":"sports-gen8nationaldexlegacy-46779","p1":"Walletinspector62","p2":"squirrelphucker","format":"gen8nationaldexlegacy","log":"|j|\u2606Walletinspector62\n|j|\u2606squirrelphucker\n|player|p1|Walletinspector62|170|\n|player|p2|squirrelphucker|swimmerf|\n|teamsize|p1|6\n|teamsize|p2|6\n|gametype|singles\n|gen|8\n|tier|[Gen 8] National Dex Legacy\n|rule|Sleep Clause Mod: Limit one foe put to sleep\n|rule|OHKO Clause: OHKO moves are banned\n|rule|Evasion Moves Clause: Evasion moves are banned\n|rule|Endless Battle Clause: Forcing endless battles is banned\n|rule|HP Percentage Mod: HP is shown in percentages\n|clearpoke\n|poke|p1|Bronzong|\n|poke|p1|Incineroar, F|\n|poke|p1|Rayquaza|\n|poke|p1|Dugtrio, M|\n|poke|p1|Genesect-*|\n|poke|p1|Zapdos|\n|poke|p2|Tyranitar, F|\n|poke|p2|Reshiram|\n|poke|p2|Greninja, F|\n|poke|p2|Gliscor, M|\n|poke|p2|Rillaboom, M|\n|poke|p2|Clefable, M|\n|rule|Dynamax Clause: You cannot dynamax\n|teampreview\n|c|\u2606Walletinspector62|Glhf\n|c|\u2606squirrelphucker|glhf\n|j| AlphaDrops\n|j| sacred_td\n|c|\u2606Walletinspector62|Also can we make this quick? Kind of in a rush \n|c| sacred_td|gl bois\n|\n|start\n|switch|p1a: Dugtrio|Dugtrio, M|100\/100\n|switch|p2a: Pink Torpedo|Clefable, M|100\/100\n|turn|1\n|\n|move|p1a: Dugtrio|Earthquake|p2a: Pink Torpedo\n|-damage|p2a: Pink Torpedo|64\/100\n|move|p2a: Pink Torpedo|Thunder Wave|p1a: Dugtrio\n|-immune|p1a: Dugtrio\n|\n|-heal|p2a: Pink Torpedo|71\/100|[from] item: Leftovers\n|upkeep\n|turn|2\n|j| RecklessBat\n|\n|move|p1a: Dugtrio|Earthquake|p2a: Pink Torpedo\n|-damage|p2a: Pink Torpedo|39\/100\n|move|p2a: Pink Torpedo|Stealth Rock|p1a: Dugtrio\n|-sidestart|p1: Walletinspector62|move: Stealth Rock\n|\n|-heal|p2a: Pink Torpedo|45\/100|[from] item: Leftovers\n|upkeep\n|turn|3\n|\n|move|p1a: Dugtrio|Earthquake|p2a: Pink Torpedo\n|-damage|p2a: Pink Torpedo|13\/100\n|move|p2a: Pink Torpedo|Moonblast|p1a: Dugtrio\n|-damage|p1a: Dugtrio|29\/100\n|\n|-heal|p2a: Pink Torpedo|19\/100|[from] item: Leftovers\n|upkeep\n|turn|4\n|\n|move|p1a: Dugtrio|Earthquake|p2a: Pink Torpedo\n|-damage|p2a: Pink Torpedo|0 fnt\n|faint|p2a: Pink Torpedo\n|\n|upkeep\n|\n|switch|p2a: beaver basher|Greninja, F|100\/100\n|turn|5\n|c|\u2606Walletinspector62|First kill of the season boys\n|c|\u2606Walletinspector62|lets get it \n|c|\u2606Walletinspector62|More than I thought I would get\n|\n|switch|p1a: Zapdos|Zapdos|100\/100\n|-damage|p1a: Zapdos|75\/100|[from] Stealth Rock\n|-ability|p1a: Zapdos|Pressure\n|move|p2a: beaver basher|Surf|p1a: Zapdos\n|-damage|p1a: Zapdos|40\/100\n|\n|upkeep\n|turn|6\n|\n|switch|p2a: pork sword|Tyranitar, F|100\/100\n|-weather|Sandstorm|[from] ability: Sand Stream|[of] p2a: pork sword\n|move|p1a: Zapdos|Roost|p1a: Zapdos\n|-heal|p1a: Zapdos|90\/100\n|-singleturn|p1a: Zapdos|move: Roost\n|\n|-weather|Sandstorm|[upkeep]\n|-damage|p1a: Zapdos|84\/100|[from] Sandstorm\n|upkeep\n|turn|7\n|\n|move|p1a: Zapdos|Discharge|p2a: pork sword\n|-crit|p2a: pork sword\n|-damage|p2a: pork sword|71\/100\n|move|p2a: pork sword|Stone Edge|p1a: Zapdos\n|-supereffective|p1a: Zapdos\n|-enditem|p1a: Zapdos|Charti Berry|[eat]\n|-enditem|p1a: Zapdos|Charti Berry|[weaken]\n|-damage|p1a: Zapdos|39\/100\n|\n|-weather|Sandstorm|[upkeep]\n|-damage|p1a: Zapdos|32\/100|[from] Sandstorm\n|-heal|p2a: pork sword|77\/100|[from] item: Leftovers\n|upkeep\n|turn|8\n|\n|move|p1a: Zapdos|Roost|p1a: Zapdos\n|-heal|p1a: Zapdos|82\/100\n|-singleturn|p1a: Zapdos|move: Roost\n|move|p2a: pork sword|Stone Edge|p1a: Zapdos\n|-damage|p1a: Zapdos|34\/100\n|\n|-weather|Sandstorm|[upkeep]\n|-damage|p1a: Zapdos|28\/100|[from] Sandstorm\n|-heal|p2a: pork sword|83\/100|[from] item: Leftovers\n|upkeep\n|turn|9\n|\n|move|p1a: Zapdos|Roost|p1a: Zapdos\n|-heal|p1a: Zapdos|78\/100\n|-singleturn|p1a: Zapdos|move: Roost\n|move|p2a: pork sword|Crunch|p1a: Zapdos\n|-damage|p1a: Zapdos|44\/100\n|\n|-weather|Sandstorm|[upkeep]\n|-damage|p1a: Zapdos|37\/100|[from] Sandstorm\n|-heal|p2a: pork sword|89\/100|[from] item: Leftovers\n|upkeep\n|turn|10\n|\n|move|p1a: Zapdos|Roost|p1a: Zapdos\n|-heal|p1a: Zapdos|87\/100\n|-singleturn|p1a: Zapdos|move: Roost\n|move|p2a: pork sword|Stone Edge|p1a: Zapdos|[miss]\n|-miss|p2a: pork sword|p1a: Zapdos\n|\n|-weather|none\n|-heal|p2a: pork sword|95\/100|[from] item: Leftovers\n|upkeep\n|turn|11\n|\n|move|p1a: Zapdos|Roost|p1a: Zapdos\n|-heal|p1a: Zapdos|100\/100\n|-singleturn|p1a: Zapdos|move: Roost\n|move|p2a: pork sword|Crunch|p1a: Zapdos\n|-damage|p1a: Zapdos|62\/100\n|\n|-heal|p2a: pork sword|100\/100|[from] item: Leftovers\n|upkeep\n|turn|12\n|\n|move|p1a: Zapdos|Roost|p1a: Zapdos\n|-heal|p1a: Zapdos|100\/100\n|-singleturn|p1a: Zapdos|move: Roost\n|move|p2a: pork sword|Crunch|p1a: Zapdos\n|-damage|p1a: Zapdos|66\/100\n|\n|upkeep\n|turn|13\n|\n|switch|p1a: Genesect|Genesect, shiny|100\/100\n|-damage|p1a: Genesect|88\/100|[from] Stealth Rock\n|-ability|p1a: Genesect|Download|boost\n|-boost|p1a: Genesect|spa|1\n|switch|p2a: beef-whistle|Reshiram|100\/100\n|-ability|p2a: beef-whistle|Turboblaze\n|\n|upkeep\n|turn|14\n|\n|move|p1a: Genesect|U-turn|p2a: beef-whistle\n|-resisted|p2a: beef-whistle\n|-damage|p2a: beef-whistle|82\/100\n|\n|switch|p1a: Dugtrio|Dugtrio, M|29\/100|[from]move: U-turn\n|-damage|p1a: Dugtrio|23\/100|[from] Stealth Rock\n|move|p2a: beef-whistle|Dragon Dance|p2a: beef-whistle\n|-boost|p2a: beef-whistle|atk|1\n|-boost|p2a: beef-whistle|spe|1\n|\n|upkeep\n|turn|15\n|\n|move|p2a: beef-whistle|Dragon Claw|p1a: Dugtrio\n|-damage|p1a: Dugtrio|0 fnt\n|faint|p1a: Dugtrio\n|\n|upkeep\n|\n|switch|p1a: Incineroar|Incineroar, F|100\/100\n|-damage|p1a: Incineroar|76\/100|[from] Stealth Rock\n|-ability|p1a: Incineroar|Intimidate|boost\n|-unboost|p2a: beef-whistle|atk|1\n|turn|16\n|\n|switch|p2a: pocket rocket|Gliscor, M, shiny|100\/100\n|move|p1a: Incineroar|Knock Off|p2a: pocket rocket\n|-damage|p2a: pocket rocket|75\/100\n|-enditem|p2a: pocket rocket|Toxic Orb|[from] move: Knock Off|[of] p1a: Incineroar\n|\n|upkeep\n|turn|17\n|\n|switch|p1a: Zapdos|Zapdos|66\/100\n|-damage|p1a: Zapdos|41\/100|[from] Stealth Rock\n|-ability|p1a: Zapdos|Pressure\n|move|p2a: pocket rocket|Earthquake|p1a: Zapdos\n|-immune|p1a: Zapdos\n|\n|upkeep\n|turn|18\n|\n|move|p2a: pocket rocket|Earthquake|p1a: Zapdos\n|-immune|p1a: Zapdos\n|move|p1a: Zapdos|Defog|p2a: pocket rocket\n|-unboost|p2a: pocket rocket|evasion|1\n|-sideend|p1: Walletinspector62|Stealth Rock|[from] move: Defog|[of] p1a: Zapdos\n|\n|upkeep\n|turn|19\n|\n|move|p2a: pocket rocket|Ice Fang|p1a: Zapdos\n|-supereffective|p1a: Zapdos\n|-damage|p1a: Zapdos|16\/100\n|move|p1a: Zapdos|Roost|p1a: Zapdos\n|-heal|p1a: Zapdos|66\/100\n|-singleturn|p1a: Zapdos|move: Roost\n|\n|upkeep\n|turn|20\n|\n|move|p2a: pocket rocket|Stealth Rock|p1a: Zapdos\n|-sidestart|p1: Walletinspector62|move: Stealth Rock\n|move|p1a: Zapdos|Roost|p1a: Zapdos\n|-heal|p1a: Zapdos|100\/100\n|-singleturn|p1a: Zapdos|move: Roost\n|\n|upkeep\n|turn|21\n|\n|move|p2a: pocket rocket|U-turn|p1a: Zapdos\n|-resisted|p1a: Zapdos\n|-damage|p1a: Zapdos|93\/100\n|\n|switch|p2a: pork sword|Tyranitar, F|100\/100|[from]move: U-turn\n|-weather|Sandstorm|[from] ability: Sand Stream|[of] p2a: pork sword\n|move|p1a: Zapdos|Hidden Power|p2a: pork sword\n|-crit|p2a: pork sword\n|-damage|p2a: pork sword|84\/100\n|\n|-weather|Sandstorm|[upkeep]\n|-damage|p1a: Zapdos|86\/100|[from] Sandstorm\n|-heal|p2a: pork sword|90\/100|[from] item: Leftovers\n|upkeep\n|turn|22\n|\n|move|p1a: Zapdos|Roost|p1a: Zapdos\n|-heal|p1a: Zapdos|100\/100\n|-singleturn|p1a: Zapdos|move: Roost\n|move|p2a: pork sword|Crunch|p1a: Zapdos\n|-damage|p1a: Zapdos|63\/100\n|\n|-weather|Sandstorm|[upkeep]\n|-damage|p1a: Zapdos|57\/100|[from] Sandstorm\n|-heal|p2a: pork sword|96\/100|[from] item: Leftovers\n|upkeep\n|turn|23\n|\n|move|p1a: Zapdos|Roost|p1a: Zapdos\n|-heal|p1a: Zapdos|100\/100\n|-singleturn|p1a: Zapdos|move: Roost\n|move|p2a: pork sword|Crunch|p1a: Zapdos\n|-damage|p1a: Zapdos|63\/100\n|\n|-weather|Sandstorm|[upkeep]\n|-damage|p1a: Zapdos|57\/100|[from] Sandstorm\n|-heal|p2a: pork sword|100\/100|[from] item: Leftovers\n|upkeep\n|turn|24\n|\n|move|p1a: Zapdos|Roost|p1a: Zapdos\n|-heal|p1a: Zapdos|100\/100\n|-singleturn|p1a: Zapdos|move: Roost\n|move|p2a: pork sword|Crunch|p1a: Zapdos\n|-damage|p1a: Zapdos|64\/100\n|\n|-weather|Sandstorm|[upkeep]\n|-damage|p1a: Zapdos|58\/100|[from] Sandstorm\n|upkeep\n|turn|25\n|\n|move|p1a: Zapdos|Discharge|p2a: pork sword\n|-damage|p2a: pork sword|79\/100\n|-status|p2a: pork sword|par\n|move|p2a: pork sword|Crunch|p1a: Zapdos\n|-damage|p1a: Zapdos|22\/100\n|\n|-weather|none\n|-heal|p2a: pork sword|85\/100 par|[from] item: Leftovers\n|upkeep\n|turn|26\n|\n|move|p1a: Zapdos|Roost|p1a: Zapdos\n|-heal|p1a: Zapdos|72\/100\n|-singleturn|p1a: Zapdos|move: Roost\n|move|p2a: pork sword|Crunch|p1a: Zapdos\n|-damage|p1a: Zapdos|34\/100\n|\n|-heal|p2a: pork sword|91\/100 par|[from] item: Leftovers\n|upkeep\n|turn|27\n|\n|move|p1a: Zapdos|Roost|p1a: Zapdos\n|-heal|p1a: Zapdos|84\/100\n|-singleturn|p1a: Zapdos|move: Roost\n|cant|p2a: pork sword|par\n|\n|-heal|p2a: pork sword|98\/100 par|[from] item: Leftovers\n|upkeep\n|turn|28\n|\n|switch|p1a: Genesect|Genesect, shiny|88\/100\n|-damage|p1a: Genesect|76\/100|[from] Stealth Rock\n|-ability|p1a: Genesect|Download|boost\n|-boost|p1a: Genesect|spa|1\n|move|p2a: pork sword|Crunch|p1a: Genesect\n|-damage|p1a: Genesect|26\/100\n|\n|-heal|p2a: pork sword|100\/100 par|[from] item: Leftovers\n|upkeep\n|turn|29\n|\n|move|p1a: Genesect|U-turn|p2a: pork sword\n|-supereffective|p2a: pork sword\n|-damage|p2a: pork sword|51\/100 par\n|\n|switch|p1a: Incineroar|Incineroar, F|76\/100|[from]move: U-turn\n|-damage|p1a: Incineroar|51\/100|[from] Stealth Rock\n|-ability|p1a: Incineroar|Intimidate|boost\n|-unboost|p2a: pork sword|atk|1\n|move|p2a: pork sword|Crunch|p1a: Incineroar\n|-resisted|p1a: Incineroar\n|-damage|p1a: Incineroar|39\/100\n|\n|-heal|p2a: pork sword|57\/100 par|[from] item: Leftovers\n|upkeep\n|turn|30\n|\n|move|p1a: Incineroar|Earthquake|p2a: pork sword\n|-supereffective|p2a: pork sword\n|-damage|p2a: pork sword|24\/100 par\n|move|p2a: pork sword|Stone Edge|p1a: Incineroar\n|-supereffective|p1a: Incineroar\n|-damage|p1a: Incineroar|0 fnt\n|faint|p1a: Incineroar\n|\n|-heal|p2a: pork sword|30\/100 par|[from] item: Leftovers\n|upkeep\n|\n|switch|p1a: Zapdos|Zapdos|84\/100\n|-damage|p1a: Zapdos|59\/100|[from] Stealth Rock\n|-ability|p1a: Zapdos|Pressure\n|turn|31\n|\n|move|p1a: Zapdos|Defog|p2a: pork sword\n|-unboost|p2a: pork sword|evasion|1\n|-sideend|p1: Walletinspector62|Stealth Rock|[from] move: Defog|[of] p1a: Zapdos\n|move|p2a: pork sword|Crunch|p1a: Zapdos\n|-damage|p1a: Zapdos|34\/100\n|-unboost|p1a: Zapdos|def|1\n|\n|-heal|p2a: pork sword|36\/100 par|[from] item: Leftovers\n|upkeep\n|turn|32\n|\n|move|p1a: Zapdos|Roost|p1a: Zapdos\n|-heal|p1a: Zapdos|84\/100\n|-singleturn|p1a: Zapdos|move: Roost\n|move|p2a: pork sword|Stealth Rock|p1a: Zapdos\n|-sidestart|p1: Walletinspector62|move: Stealth Rock\n|\n|-heal|p2a: pork sword|43\/100 par|[from] item: Leftovers\n|upkeep\n|turn|33\n|\n|move|p1a: Zapdos|Defog|p2a: pork sword\n|-unboost|p2a: pork sword|evasion|1\n|-sideend|p1: Walletinspector62|Stealth Rock|[from] move: Defog|[of] p1a: Zapdos\n|move|p2a: pork sword|Crunch|p1a: Zapdos\n|-damage|p1a: Zapdos|47\/100\n|\n|-heal|p2a: pork sword|49\/100 par|[from] item: Leftovers\n|upkeep\n|turn|34\n|\n|move|p1a: Zapdos|Roost|p1a: Zapdos\n|-heal|p1a: Zapdos|97\/100\n|-singleturn|p1a: Zapdos|move: Roost\n|move|p2a: pork sword|Stealth Rock|p1a: Zapdos\n|-sidestart|p1: Walletinspector62|move: Stealth Rock\n|\n|-heal|p2a: pork sword|55\/100 par|[from] item: Leftovers\n|upkeep\n|turn|35\n|\n|switch|p1a: Bronzong|Bronzong|100\/100\n|-damage|p1a: Bronzong|94\/100|[from] Stealth Rock\n|cant|p2a: pork sword|par\n|\n|-heal|p1a: Bronzong|100\/100|[from] item: Leftovers\n|-heal|p2a: pork sword|61\/100 par|[from] item: Leftovers\n|upkeep\n|turn|36\n|\n|switch|p2a: boom stick|Rillaboom, M|100\/100\n|-fieldstart|move: Grassy Terrain|[from] ability: Grassy Surge|[of] p2a: boom stick\n|move|p1a: Bronzong|Body Press|p2a: boom stick\n|-damage|p2a: boom stick|76\/100\n|\n|-heal|p2a: boom stick|82\/100|[from] Grassy Terrain\n|upkeep\n|turn|37\n|\n|switch|p1a: Rayquaza|Rayquaza|100\/100\n|-damage|p1a: Rayquaza|76\/100|[from] Stealth Rock\n|-ability|p1a: Rayquaza|Air Lock\n|move|p2a: boom stick|U-turn|p1a: Rayquaza\n|-resisted|p1a: Rayquaza\n|-damage|p1a: Rayquaza|65\/100\n|\n|switch|p2a: beaver basher|Greninja, F|100\/100|[from]move: U-turn\n|\n|upkeep\n|turn|38\n|\n|switch|p1a: Bronzong|Bronzong|100\/100\n|-damage|p1a: Bronzong|94\/100|[from] Stealth Rock\n|move|p2a: beaver basher|Ice Beam|p1a: Bronzong\n|-resisted|p1a: Bronzong\n|-crit|p1a: Bronzong\n|-damage|p1a: Bronzong|75\/100\n|\n|-heal|p1a: Bronzong|81\/100|[from] item: Leftovers\n|upkeep\n|turn|39\n|\n|switch|p2a: beef-whistle|Reshiram|82\/100\n|-ability|p2a: beef-whistle|Turboblaze\n|move|p1a: Bronzong|Stealth Rock|p2a: beef-whistle\n|-sidestart|p2: squirrelphucker|move: Stealth Rock\n|\n|-heal|p2a: beef-whistle|88\/100|[from] Grassy Terrain\n|-heal|p1a: Bronzong|87\/100|[from] item: Leftovers\n|upkeep\n|turn|40\n|\n|move|p2a: beef-whistle|Dragon Dance|p2a: beef-whistle\n|-boost|p2a: beef-whistle|atk|1\n|-boost|p2a: beef-whistle|spe|1\n|move|p1a: Bronzong|Psywave|p2a: beef-whistle\n|-damage|p2a: beef-whistle|60\/100\n|\n|-heal|p2a: beef-whistle|67\/100|[from] Grassy Terrain\n|-heal|p1a: Bronzong|93\/100|[from] item: Leftovers\n|upkeep\n|turn|41\n|\n|move|p2a: beef-whistle|Dragon Dance|p2a: beef-whistle\n|-boost|p2a: beef-whistle|atk|1\n|-boost|p2a: beef-whistle|spe|1\n|move|p1a: Bronzong|Psywave|p2a: beef-whistle\n|-damage|p2a: beef-whistle|31\/100\n|\n|-heal|p2a: beef-whistle|37\/100|[from] Grassy Terrain\n|-heal|p1a: Bronzong|99\/100|[from] item: Leftovers\n|upkeep\n|turn|42\n|\n|move|p2a: beef-whistle|Rest|p2a: beef-whistle\n|-status|p2a: beef-whistle|slp|[from] move: Rest\n|-heal|p2a: beef-whistle|100\/100 slp|[silent]\n|-enditem|p2a: beef-whistle|Chesto Berry|[eat]\n|-curestatus|p2a: beef-whistle|slp|[msg]\n|move|p1a: Bronzong|Psywave|p2a: beef-whistle\n|-damage|p2a: beef-whistle|73\/100\n|\n|-heal|p2a: beef-whistle|79\/100|[from] Grassy Terrain\n|-heal|p1a: Bronzong|100\/100|[from] item: Leftovers\n|upkeep\n|turn|43\n|\n|move|p2a: beef-whistle|Heat Crash|p1a: Bronzong\n|-supereffective|p1a: Bronzong\n|-damage|p1a: Bronzong|40\/100\n|move|p1a: Bronzong|Psywave|p2a: beef-whistle\n|-damage|p2a: beef-whistle|60\/100\n|\n|-heal|p2a: beef-whistle|66\/100|[from] Grassy Terrain\n|-heal|p1a: Bronzong|46\/100|[from] item: Leftovers\n|-fieldend|move: Grassy Terrain\n|upkeep\n|turn|44\n|\n|move|p2a: beef-whistle|Heat Crash|p1a: Bronzong\n|-supereffective|p1a: Bronzong\n|-damage|p1a: Bronzong|0 fnt\n|faint|p1a: Bronzong\n|\n|upkeep\n|\n|switch|p1a: Genesect|Genesect, shiny|26\/100\n|-damage|p1a: Genesect|13\/100|[from] Stealth Rock\n|-ability|p1a: Genesect|Download|boost\n|-boost|p1a: Genesect|atk|1\n|turn|45\n|\n|move|p1a: Genesect|Extreme Speed|p2a: beef-whistle\n|-damage|p2a: beef-whistle|27\/100\n|move|p2a: beef-whistle|Heat Crash|p1a: Genesect\n|-supereffective|p1a: Genesect\n|-damage|p1a: Genesect|0 fnt\n|faint|p1a: Genesect\n|\n|upkeep\n|\n|switch|p1a: Rayquaza|Rayquaza|65\/100\n|-damage|p1a: Rayquaza|41\/100|[from] Stealth Rock\n|-ability|p1a: Rayquaza|Air Lock\n|turn|46\n|\n|move|p1a: Rayquaza|Extreme Speed|p2a: beef-whistle\n|-crit|p2a: beef-whistle\n|-damage|p2a: beef-whistle|0 fnt\n|faint|p2a: beef-whistle\n|\n|upkeep\n|\n|switch|p2a: beaver basher|Greninja, F|100\/100\n|-damage|p2a: beaver basher|88\/100|[from] Stealth Rock\n|turn|47\n|\n|move|p1a: Rayquaza|Extreme Speed|p2a: beaver basher\n|-damage|p2a: beaver basher|18\/100\n|move|p2a: beaver basher|Ice Beam|p1a: Rayquaza\n|-supereffective|p1a: Rayquaza\n|-damage|p1a: Rayquaza|0 fnt\n|faint|p1a: Rayquaza\n|\n|upkeep\n|\n|switch|p1a: Zapdos|Zapdos|97\/100\n|-damage|p1a: Zapdos|72\/100|[from] Stealth Rock\n|-ability|p1a: Zapdos|Pressure\n|turn|48\n|\n|move|p2a: beaver basher|Ice Beam|p1a: Zapdos\n|-supereffective|p1a: Zapdos\n|-damage|p1a: Zapdos|25\/100\n|move|p1a: Zapdos|Discharge|p2a: beaver basher\n|-supereffective|p2a: beaver basher\n|-damage|p2a: beaver basher|0 fnt\n|faint|p2a: beaver basher\n|\n|upkeep\n|\n|switch|p2a: pocket rocket|Gliscor, M, shiny|75\/100\n|-damage|p2a: pocket rocket|62\/100|[from] Stealth Rock\n|turn|49\n|\n|move|p2a: pocket rocket|Ice Fang|p1a: Zapdos\n|-supereffective|p1a: Zapdos\n|-damage|p1a: Zapdos|0 fnt\n|faint|p1a: Zapdos\n|\n|win|squirrelphucker\n|c|\u2606Walletinspector62|Gg\n|c|\u2606squirrelphucker|ggs\n|l|\u2606Walletinspector62\n","uploadtime":1585445770,"views":9,"p1id":"walletinspector62","p2id":"squirrelphucker","formatid":"gen8nationaldexlegacy","rating":0,"private":0,"password":null}