{"id":"sports-gen8bdspbdspdraft-624398","p1":"Diggletdreams","p2":"AsterJ","format":"gen8bdspbdspdraft","log":"|j|\u2606Diggletdreams\n|j|\u2606AsterJ\n|t:|1648849813\n|gametype|singles\n|player|p1|Diggletdreams|diggletdreams.png|\n|player|p2|AsterJ|asterj.png|\n|teamsize|p1|6\n|teamsize|p2|6\n|gen|8\n|tier|[Gen 8 BDSP] BDSP Draft\n|rule|Sleep Clause Mod: Limit one foe put to sleep\n|rule|OHKO Clause: OHKO moves are banned\n|rule|Evasion Moves Clause: Evasion moves are banned\n|rule|Endless Battle Clause: Forcing endless battles is banned\n|rule|HP Percentage Mod: HP is shown in percentages\n|clearpoke\n|poke|p1|Heracross, M|\n|poke|p1|Bronzong|\n|poke|p1|Granbull, F|\n|poke|p1|Abomasnow, F|\n|poke|p1|Starmie|\n|poke|p1|Flygon, F|\n|poke|p2|Suicune|\n|poke|p2|Blissey, F|\n|poke|p2|Dusknoir, M|\n|poke|p2|Garchomp, F|\n|poke|p2|Azelf|\n|poke|p2|Vileplume, F|\n|teampreview\n|html|<button name=\"send\" class=\"button\" value=\"\/timer ds\"><i class=\"fa fa-hourglass-start\"><\/i> DS Timer<\/button> <button name=\"send\" class=\"button\" value=\"\/timer smogon\"><i class=\"fa fa-hourglass-start\"><\/i> Smogon Timer<\/button>\n|c|\u2606AsterJ|Omg no\n|c|\u2606Diggletdreams|HAHAHA wow\n|c|\u2606AsterJ|Is there any way we can play without this shit?\n|c|\u2606Diggletdreams|I'm checking\n|c|\u2606AsterJ|BETA GARCHOMP XD\n|c|\u2606Diggletdreams|HAHAH it's pretty great\n|c|\u2606Diggletdreams|I'm not seeing any immediate way to change it haha\n|c|\u2606AsterJ|Ffs\n|c|\u2606AsterJ|Oh well\n|c|\u2606AsterJ|This embodies this season anyway\n|c|\u2606Diggletdreams|At least the replays won't be like this\n|c|\u2606AsterJ|Just for fun\n|c|\u2606AsterJ|Yea at least\n|c|\u2606Diggletdreams|Haha that's true\n|c|\u2606AsterJ|Aight man gl hf, let's do this\n|c|\u2606Diggletdreams|u2 man let's have some fun\n|\n|t:|1648850002\n|start\n|switch|p1a: For Whom|Bronzong|100\/100\n|switch|p2a: Dusknoir|Dusknoir, M|100\/100\n|-ability|p2a: Dusknoir|Pressure\n|turn|1\n|j| 1-800 Get Bitches\n|\n|t:|1648850036\n|move|p2a: Dusknoir|Taunt|p1a: For Whom\n|-start|p1a: For Whom|move: Taunt\n|cant|p1a: For Whom|move: Taunt|Stealth Rock\n|\n|upkeep\n|turn|2\n|\n|t:|1648850104\n|switch|p1a: Crossroads|Heracross, M|100\/100\n|move|p2a: Dusknoir|Will-O-Wisp|p1a: Crossroads\n|-status|p1a: Crossroads|brn\n|\n|-damage|p1a: Crossroads|95\/100 brn|[from] brn\n|upkeep\n|turn|3\n|\n|t:|1648850117\n|move|p1a: Crossroads|Throat Chop|p2a: Dusknoir\n|-supereffective|p2a: Dusknoir\n|-enditem|p2a: Dusknoir|Colbur Berry|[eat]\n|-enditem|p2a: Dusknoir|Colbur Berry|[weaken]\n|-damage|p2a: Dusknoir|71\/100\n|-start|p2a: Dusknoir|Throat Chop|[silent]\n|move|p2a: Dusknoir|Shadow Punch|p1a: Crossroads\n|-damage|p1a: Crossroads|65\/100 brn\n|\n|-damage|p1a: Crossroads|59\/100 brn|[from] brn\n|upkeep\n|turn|4\n|\n|t:|1648850133\n|move|p1a: Crossroads|Throat Chop|p2a: Dusknoir\n|-supereffective|p2a: Dusknoir\n|-damage|p2a: Dusknoir|9\/100\n|move|p2a: Dusknoir|Rest|p2a: Dusknoir\n|-status|p2a: Dusknoir|slp|[from] move: Rest\n|-heal|p2a: Dusknoir|100\/100 slp|[silent]\n|\n|-damage|p1a: Crossroads|53\/100 brn|[from] brn\n|-end|p2a: Dusknoir|Throat Chop|[silent]\n|upkeep\n|turn|5\n|\n|t:|1648850150\n|switch|p1a: For Whom|Bronzong|100\/100\n|switch|p2a: Vileplume|Vileplume, F|100\/100\n|\n|upkeep\n|turn|6\n|\n|t:|1648850164\n|move|p2a: Vileplume|Aromatherapy|p2a: Vileplume\n|-activate|p2a: Vileplume|move: Aromatherapy\n|-curestatus|p2: Dusknoir|slp|[msg]\n|move|p1a: For Whom|Stealth Rock|p2a: Vileplume\n|-sidestart|p2: AsterJ|move: Stealth Rock\n|\n|upkeep\n|turn|7\n|\n|t:|1648850179\n|switch|p2a: Dusknoir|Dusknoir, M|100\/100\n|-damage|p2a: Dusknoir|88\/100|[from] Stealth Rock\n|-ability|p2a: Dusknoir|Pressure\n|move|p1a: For Whom|Psychic|p2a: Dusknoir\n|-damage|p2a: Dusknoir|66\/100\n|\n|upkeep\n|turn|8\n|\n|t:|1648850257\n|switch|p1a: Crossroads|Heracross, M|53\/100 brn\n|move|p2a: Dusknoir|Shadow Punch|p1a: Crossroads\n|-damage|p1a: Crossroads|22\/100 brn\n|\n|-damage|p1a: Crossroads|16\/100 brn|[from] brn\n|upkeep\n|turn|9\n|\n|t:|1648850294\n|switch|p1a: Abominable|Abomasnow, F|100\/100\n|-weather|Hail|[from] ability: Snow Warning|[of] p1a: Abominable\n|move|p2a: Dusknoir|Rest|p2a: Dusknoir\n|-status|p2a: Dusknoir|slp|[from] move: Rest\n|-heal|p2a: Dusknoir|100\/100 slp|[silent]\n|\n|-weather|Hail|[upkeep]\n|-damage|p2a: Dusknoir|94\/100 slp|[from] Hail\n|upkeep\n|turn|10\n|\n|t:|1648850332\n|switch|p2a: Azelf|Azelf|100\/100\n|-damage|p2a: Azelf|88\/100|[from] Stealth Rock\n|move|p1a: Abominable|Blizzard|p2a: Azelf\n|-damage|p2a: Azelf|22\/100\n|-status|p2a: Azelf|frz\n|\n|-weather|Hail|[upkeep]\n|-damage|p2a: Azelf|16\/100 frz|[from] Hail\n|-heal|p2a: Azelf|22\/100 frz|[from] item: Leftovers\n|upkeep\n|turn|11\n|c|\u2606Diggletdreams|damn\n|\n|t:|1648850377\n|switch|p2a: Blissey|Blissey, F|100\/100\n|-damage|p2a: Blissey|88\/100|[from] Stealth Rock\n|move|p1a: Abominable|Ice Shard|p2a: Blissey\n|-damage|p2a: Blissey|71\/100\n|\n|-weather|Hail|[upkeep]\n|-damage|p2a: Blissey|64\/100|[from] Hail\n|-heal|p2a: Blissey|71\/100|[from] item: Leftovers\n|upkeep\n|turn|12\n|\n|t:|1648850406\n|-singleturn|p1a: Abominable|move: Focus Punch\n|move|p2a: Blissey|Soft-Boiled|p2a: Blissey\n|-heal|p2a: Blissey|100\/100\n|move|p1a: Abominable|Focus Punch|p2a: Blissey\n|-supereffective|p2a: Blissey\n|-damage|p2a: Blissey|14\/100\n|\n|-weather|Hail|[upkeep]\n|-damage|p2a: Blissey|8\/100|[from] Hail\n|-heal|p2a: Blissey|14\/100|[from] item: Leftovers\n|upkeep\n|turn|13\n|\n|t:|1648850426\n|move|p1a: Abominable|Blizzard|p2a: Blissey\n|-damage|p2a: Blissey|0 fnt\n|faint|p2a: Blissey\n|\n|-weather|none\n|upkeep\n|\n|t:|1648850441\n|switch|p2a: Vileplume|Vileplume, F|100\/100\n|-damage|p2a: Vileplume|88\/100|[from] Stealth Rock\n|turn|14\n|\n|t:|1648850456\n|switch|p1a: For Whom|Bronzong|100\/100\n|move|p2a: Vileplume|Toxic|p1a: For Whom\n|-immune|p1a: For Whom\n|\n|-heal|p2a: Vileplume|94\/100|[from] item: Black Sludge\n|upkeep\n|turn|15\n|\n|t:|1648850490\n|move|p2a: Vileplume|Aromatherapy|p2a: Vileplume\n|-activate|p2a: Vileplume|move: Aromatherapy\n|-curestatus|p2: Azelf|frz|[msg]\n|-curestatus|p2: Dusknoir|slp|[msg]\n|move|p1a: For Whom|Psychic|p2a: Vileplume\n|-supereffective|p2a: Vileplume\n|-crit|p2a: Vileplume\n|-damage|p2a: Vileplume|17\/100\n|\n|-heal|p2a: Vileplume|23\/100|[from] item: Black Sludge\n|upkeep\n|turn|16\n|c|\u2606Diggletdreams|good lord\n|\n|t:|1648850532\n|move|p2a: Vileplume|Strength Sap|p1a: For Whom\n|-unboost|p1a: For Whom|atk|1\n|-heal|p2a: Vileplume|84\/100\n|move|p1a: For Whom|Psychic|p2a: Vileplume\n|-supereffective|p2a: Vileplume\n|-damage|p2a: Vileplume|34\/100\n|\n|-heal|p2a: Vileplume|40\/100|[from] item: Black Sludge\n|upkeep\n|turn|17\n|\n|t:|1648850546\n|switch|p2a: Dusknoir|Dusknoir, M|94\/100\n|-damage|p2a: Dusknoir|82\/100|[from] Stealth Rock\n|-ability|p2a: Dusknoir|Pressure\n|move|p1a: For Whom|Psychic|p2a: Dusknoir\n|-damage|p2a: Dusknoir|58\/100\n|\n|upkeep\n|turn|18\n|\n|t:|1648850608\n|move|p2a: Dusknoir|Will-O-Wisp|p1a: For Whom\n|-status|p1a: For Whom|brn\n|move|p1a: For Whom|Psychic|p2a: Dusknoir\n|-damage|p2a: Dusknoir|34\/100\n|\n|-damage|p1a: For Whom|94\/100 brn|[from] brn\n|upkeep\n|turn|19\n|\n|t:|1648850683\n|switch|p1a: Abominable|Abomasnow, F|100\/100\n|-weather|Hail|[from] ability: Snow Warning|[of] p1a: Abominable\n|move|p2a: Dusknoir|Shadow Punch|p1a: Abominable\n|-damage|p1a: Abominable|71\/100\n|\n|-weather|Hail|[upkeep]\n|-damage|p2a: Dusknoir|28\/100|[from] Hail\n|-heal|p1a: Abominable|77\/100|[from] item: Leftovers\n|upkeep\n|turn|20\n|\n|t:|1648850714\n|switch|p2a: Suicune|Suicune|100\/100\n|-damage|p2a: Suicune|88\/100|[from] Stealth Rock\n|move|p1a: Abominable|Wood Hammer|p2a: Suicune\n|-supereffective|p2a: Suicune\n|-damage|p2a: Suicune|0 fnt\n|faint|p2a: Suicune\n|-damage|p1a: Abominable|46\/100|[from] Recoil\n|\n|-weather|Hail|[upkeep]\n|-heal|p1a: Abominable|52\/100|[from] item: Leftovers\n|upkeep\n|c|\u2606AsterJ|Yea idk I can't go anything now\n|c|\u2606Diggletdreams|obama is going crazy\n|c|\u2606Diggletdreams|I've gotten pretty lucky\n|c|\u2606AsterJ|Really wish I had set this for not April 1st lol\n|c|\u2606AsterJ|Congrats Matt u deserve it\n|c|\u2606Diggletdreams|Haha yeah didn't even think about that\n|-message|AsterJ forfeited.\n|\n|win|Diggletdreams\n|c|\u2606Diggletdreams|Thanks man GG\n|c|\u2606AsterJ|Gg\n|c|\u2606Diggletdreams|Just had to be april fools haha\n","uploadtime":1648850810,"views":26,"p1id":"diggletdreams","p2id":"asterj","formatid":"gen8bdspbdspdraft","rating":0,"private":0,"password":null}