{"id":"sports-gen8predlcnationaldlcdraft-116277","p1":"BoomBoomBoo","p2":"GeniusX","format":"gen8predlcnationaldlcdraft","log":"|j|\u2606BoomBoomBoo\n|j|\u2606GeniusX\n|player|p1|BoomBoomBoo|boomboomboo.png|\n|player|p2|GeniusX|geniusx.gif|\n|teamsize|p1|6\n|teamsize|p2|6\n|gametype|singles\n|gen|8\n|tier|[Gen 8] Pre-DLC National DLC Draft\n|rule|Sleep Clause Mod: Limit one foe put to sleep\n|rule|OHKO Clause: OHKO moves are banned\n|rule|Evasion Moves Clause: Evasion moves are banned\n|rule|Endless Battle Clause: Forcing endless battles is banned\n|rule|HP Percentage Mod: HP is shown in percentages\n|clearpoke\n|poke|p1|Diancie|\n|poke|p1|Rotom-Heat|\n|poke|p1|Krookodile, M|\n|poke|p1|Uxie|\n|poke|p1|Vaporeon, F|\n|poke|p1|Decidueye, M|\n|poke|p2|Victini|\n|poke|p2|Tapu Bulu|\n|poke|p2|Slowbro, M|\n|poke|p2|Nidoqueen, F|\n|poke|p2|Zeraora|\n|poke|p2|Hoopa-Unbound|\n|rule|Dynamax Clause: You cannot dynamax\n|teampreview\n|html|<button name=\"send\" class=\"button\" value=\"\/timer ds\"><i class=\"fa fa-hourglass-start\"><\/i> DS Timer<\/button> <button name=\"send\" class=\"button\" value=\"\/timer smogon\"><i class=\"fa fa-hourglass-start\"><\/i> Smogon Timer<\/button>\n|c|\u2606GeniusX|hf\n|c|\u2606BoomBoomBoo|u2\n|inactive|Battle timer is ON: inactive players will automatically lose when time's up. (requested by GeniusX)\n|\n|start\n|switch|p1a: count it from zero|Krookodile, M|100\/100\n|switch|p2a: Victini|Victini|100\/100\n|-ability|p1a: count it from zero|Intimidate|boost\n|-unboost|p2a: Victini|atk|1\n|turn|1\n|\n|move|p1a: count it from zero|Knock Off|p2a: Victini\n|-supereffective|p2a: Victini\n|-damage|p2a: Victini|20\/100\n|-enditem|p2a: Victini|Weakness Policy\n|-boost|p2a: Victini|atk|2|[from] item: Weakness Policy\n|-boost|p2a: Victini|spa|2|[from] item: Weakness Policy\n|move|p2a: Victini|Flame Charge|p1a: count it from zero\n|-damage|p1a: count it from zero|76\/100\n|-boost|p2a: Victini|spe|1\n|\n|upkeep\n|turn|2\n|inactive|BoomBoomBoo has 270 seconds left.\n|inactive|BoomBoomBoo has 240 seconds left.\n|inactive|BoomBoomBoo has 210 seconds left.\n|inactive|BoomBoomBoo has 180 seconds left.\n|inactive|BoomBoomBoo has 150 seconds left.\n|inactive|BoomBoomBoo has 120 seconds left.\n|\n|move|p2a: Victini|Blue Flare|p1a: count it from zero\n|-damage|p1a: count it from zero|0 fnt\n|faint|p1a: count it from zero\n|\n|upkeep\n|inactive|BoomBoomBoo has 90 seconds left.\n|\n|switch|p1a: grief|Uxie, shiny|100\/100\n|turn|3\n|j| RCV Deadbolt\n|\n|move|p2a: Victini|Blue Flare|p1a: grief\n|-damage|p1a: grief|21\/100\n|move|p1a: grief|Foul Play|p2a: Victini\n|-supereffective|p2a: Victini\n|-damage|p2a: Victini|0 fnt\n|faint|p2a: Victini\n|\n|upkeep\n|j| Dat boi dropped\n|\n|switch|p2a: Zeraora|Zeraora|100\/100\n|turn|4\n|\n|move|p2a: Zeraora|Plasma Fists|p1a: grief\n|-damage|p1a: grief|0 fnt\n|-fieldactivate|move: Ion Deluge\n|-damage|p2a: Zeraora|84\/100|[from] item: Rocky Helmet|[of] p1a: grief\n|faint|p1a: grief\n|\n|-heal|p2a: Zeraora|90\/100|[from] item: Leftovers\n|upkeep\n|\n|switch|p1a: point zero|Rotom-Heat, shiny|100\/100\n|turn|5\n|j| tortuga desnuda\n|\n|switch|p2a: Nidoqueen|Nidoqueen, F|100\/100\n|move|p1a: point zero|Nasty Plot|p1a: point zero\n|-boost|p1a: point zero|spa|2\n|\n|upkeep\n|turn|6\n|inactive|BoomBoomBoo has 90 seconds left.\n|j|%DoogalHH\n|inactive|BoomBoomBoo has 60 seconds left.\n|\n|move|p1a: point zero|Nasty Plot|p1a: point zero\n|-boost|p1a: point zero|spa|2\n|move|p2a: Nidoqueen|Toxic|p1a: point zero\n|-status|p1a: point zero|tox\n|\n|-damage|p1a: point zero|94\/100 tox|[from] psn\n|upkeep\n|turn|7\n|\n|switch|p2a: Slowbro|Slowbro, M|100\/100\n|move|p1a: point zero|Overheat|p2a: Slowbro\n|-resisted|p2a: Slowbro\n|-damage|p2a: Slowbro|27\/100\n|-unboost|p1a: point zero|spa|2\n|\n|-damage|p1a: point zero|82\/100 tox|[from] psn\n|upkeep\n|turn|8\n|inactive|BoomBoomBoo has 60 seconds left.\n|\n|detailschange|p2a: Slowbro|Slowbro-Mega, M\n|-mega|p2a: Slowbro|Slowbro|Slowbronite\n|move|p1a: point zero|Overheat|p2a: Slowbro\n|-resisted|p2a: Slowbro\n|-damage|p2a: Slowbro|0 fnt\n|-unboost|p1a: point zero|spa|2\n|faint|p2a: Slowbro\n|\n|-damage|p1a: point zero|63\/100 tox|[from] psn\n|upkeep\n|\n|switch|p2a: Hoopa|Hoopa-Unbound|100\/100\n|turn|9\n|inactive|BoomBoomBoo has 60 seconds left.\n|inactive|GeniusX has 270 seconds left.\n|\n|switch|p1a: silver moon|Diancie, shiny|100\/100\n|move|p2a: Hoopa|Substitute|p2a: Hoopa\n|-start|p2a: Hoopa|Substitute\n|-damage|p2a: Hoopa|76\/100\n|\n|upkeep\n|turn|10\n|inactive|GeniusX has 270 seconds left.\n|j| deez streetz w\n|j| jackUU96\n|\n|move|p2a: Hoopa|Substitute|p2a: Hoopa\n|-fail|p2a: Hoopa|move: Substitute\n|move|p1a: silver moon|Moonblast|p2a: Hoopa\n|-supereffective|p2a: Hoopa\n|-end|p2a: Hoopa|Substitute\n|\n|upkeep\n|turn|11\n|inactive|GeniusX has 270 seconds left.\n|inactive|BoomBoomBoo has 30 seconds left.\n|\n|switch|p2a: Nidoqueen|Nidoqueen, F|100\/100\n|move|p1a: silver moon|Calm Mind|p1a: silver moon\n|-boost|p1a: silver moon|spa|1\n|-boost|p1a: silver moon|spd|1\n|\n|upkeep\n|turn|12\n|inactive|BoomBoomBoo has 30 seconds left.\n|inactive|BoomBoomBoo has 20 seconds left.\n|\n|detailschange|p1a: silver moon|Diancie-Mega, shiny\n|-mega|p1a: silver moon|Diancie|Diancite\n|move|p1a: silver moon|Earth Power|p2a: Nidoqueen\n|-supereffective|p2a: Nidoqueen\n|-damage|p2a: Nidoqueen|15\/100\n|move|p2a: Nidoqueen|Earthquake|p1a: silver moon\n|-supereffective|p1a: silver moon\n|-damage|p1a: silver moon|22\/100\n|\n|-heal|p2a: Nidoqueen|21\/100|[from] item: Black Sludge\n|upkeep\n|turn|13\n|inactive|BoomBoomBoo has 30 seconds left this turn.\n|\n|move|p1a: silver moon|Earth Power|p2a: Nidoqueen\n|-supereffective|p2a: Nidoqueen\n|-damage|p2a: Nidoqueen|0 fnt\n|faint|p2a: Nidoqueen\n|\n|upkeep\n|inactive|BoomBoomBoo has 30 seconds left this turn.\n|\n|switch|p2a: Zeraora|Zeraora|90\/100\n|turn|14\n|inactive|BoomBoomBoo has 30 seconds left.\n|\n|switch|p1a: if you leave|Decidueye, M, shiny|100\/100\n|move|p2a: Zeraora|Plasma Fists|p1a: if you leave\n|-resisted|p1a: if you leave\n|-damage|p1a: if you leave|66\/100\n|-fieldactivate|move: Ion Deluge\n|\n|-heal|p2a: Zeraora|96\/100|[from] item: Leftovers\n|upkeep\n|turn|15\n|inactive|BoomBoomBoo has 30 seconds left.\n|inactive|BoomBoomBoo has 20 seconds left.\n|inactive|BoomBoomBoo has 15 seconds left.\n|inactive|BoomBoomBoo has 10 seconds left.\n|\n|switch|p1a: la sola|Vaporeon, F, shiny|100\/100\n|move|p2a: Zeraora|Bulk Up|p2a: Zeraora\n|-boost|p2a: Zeraora|atk|1\n|-boost|p2a: Zeraora|def|1\n|\n|-heal|p2a: Zeraora|100\/100|[from] item: Leftovers\n|upkeep\n|turn|16\n|inactive|BoomBoomBoo has 20 seconds left this turn.\n|inactive|BoomBoomBoo has 15 seconds left.\n|\n|switch|p1a: silver moon|Diancie-Mega, shiny|22\/100\n|move|p2a: Zeraora|Plasma Fists|p1a: silver moon\n|-damage|p1a: silver moon|0 fnt\n|-fieldactivate|move: Ion Deluge\n|faint|p1a: silver moon\n|\n|upkeep\n|inactive|BoomBoomBoo has 20 seconds left this turn.\n|\n|switch|p1a: point zero|Rotom-Heat, shiny|63\/100 tox\n|turn|17\n|inactive|BoomBoomBoo has 30 seconds left this turn.\n|l| jackUU96\n|j| jackUU96\n|\n|move|p2a: Zeraora|Bulk Up|p2a: Zeraora\n|-boost|p2a: Zeraora|atk|1\n|-boost|p2a: Zeraora|def|1\n|move|p1a: point zero|Overheat|p2a: Zeraora\n|-damage|p2a: Zeraora|32\/100\n|-unboost|p1a: point zero|spa|2\n|\n|-heal|p2a: Zeraora|38\/100|[from] item: Leftovers\n|-damage|p1a: point zero|57\/100 tox|[from] psn\n|upkeep\n|turn|18\n|inactive|BoomBoomBoo has 30 seconds left.\n|l| Dat boi dropped\n|\n|move|p2a: Zeraora|Knock Off|p1a: point zero\n|-damage|p1a: point zero|0 fnt\n|-enditem|p1a: point zero|Heavy-Duty Boots|[from] move: Knock Off|[of] p2a: Zeraora\n|faint|p1a: point zero\n|\n|-heal|p2a: Zeraora|44\/100|[from] item: Leftovers\n|upkeep\n|\n|switch|p1a: if you leave|Decidueye, M, shiny|66\/100\n|turn|19\n|\n|move|p2a: Zeraora|Knock Off|p1a: if you leave\n|-supereffective|p1a: if you leave\n|-damage|p1a: if you leave|0 fnt\n|-enditem|p1a: if you leave|Heavy-Duty Boots|[from] move: Knock Off|[of] p2a: Zeraora\n|faint|p1a: if you leave\n|\n|-heal|p2a: Zeraora|50\/100|[from] item: Leftovers\n|upkeep\n|\n|switch|p1a: la sola|Vaporeon, F, shiny|100\/100\n|turn|20\n|\n|move|p2a: Zeraora|Plasma Fists|p1a: la sola\n|-supereffective|p1a: la sola\n|-damage|p1a: la sola|0 fnt\n|-fieldactivate|move: Ion Deluge\n|faint|p1a: la sola\n|\n|win|GeniusX\n|c|\u2606BoomBoomBoo|gg\n|c|\u2606GeniusX|gg\n|c|\u2606GeniusX|can u post\n|c|\u2606GeniusX|th\n|c|\u2606GeniusX|x\n","uploadtime":1595038664,"views":73,"p1id":"boomboomboo","p2id":"geniusx","formatid":"gen8predlcnationaldlcdraft","rating":0,"private":0,"password":null}