{"id":"sports-gen8nationaldexdraft-421436","p1":"JolteadeVGC","p2":"gaijineagle","format":"gen8nationaldexdraft","log":"|j|\u2606JolteadeVGC\n|j|\u2606gaijineagle\n|t:|1622381477\n|gametype|singles\n|player|p1|JolteadeVGC|jolteadevgc.png|\n|player|p2|gaijineagle|101|\n|teamsize|p1|6\n|teamsize|p2|6\n|gen|8\n|tier|[Gen 8] National Dex Draft\n|rule|Sleep Clause Mod: Limit one foe put to sleep\n|rule|OHKO Clause: OHKO moves are banned\n|rule|Evasion Moves Clause: Evasion moves are banned\n|rule|Endless Battle Clause: Forcing endless battles is banned\n|rule|HP Percentage Mod: HP is shown in percentages\n|rule|Dynamax Clause: You cannot dynamax\n|clearpoke\n|poke|p1|Heatran, F|\n|poke|p1|Tapu Lele|\n|poke|p1|Hitmonlee, M|\n|poke|p1|Dragapult, M|\n|poke|p1|Mandibuzz, F|\n|poke|p1|Scolipede, F|\n|poke|p2|Diancie|\n|poke|p2|Aerodactyl, F|\n|poke|p2|Lapras, M|\n|poke|p2|Incineroar, F|\n|poke|p2|Garchomp, F|\n|poke|p2|Ferrothorn, F|\n|teampreview\n|html|<button name=\"send\" class=\"button\" value=\"\/timer ds\"><i class=\"fa fa-hourglass-start\"><\/i> DS Timer<\/button> <button name=\"send\" class=\"button\" value=\"\/timer smogon\"><i class=\"fa fa-hourglass-start\"><\/i> Smogon Timer<\/button>\n|j| PorygonTheBot\n|c| PorygonTheBot|glhf :)\n|\n|t:|1622381536\n|start\n|switch|p1a: Shayminpede|Scolipede, F|100\/100\n|switch|p2a: Incineroar|Incineroar, F|100\/100\n|-ability|p2a: Incineroar|Intimidate|boost\n|-unboost|p1a: Shayminpede|atk|1\n|turn|1\n|\n|t:|1622381560\n|move|p1a: Shayminpede|Spikes|p2a: Incineroar\n|-sidestart|p2: gaijineagle|Spikes\n|move|p2a: Incineroar|Knock Off|p1a: Shayminpede\n|-damage|p1a: Shayminpede|46\/100\n|-enditem|p1a: Shayminpede|Focus Sash|[from] move: Knock Off|[of] p2a: Incineroar\n|\n|-ability|p1a: Shayminpede|Speed Boost|boost\n|-boost|p1a: Shayminpede|spe|1\n|upkeep\n|turn|2\n|\n|t:|1622381568\n|move|p1a: Shayminpede|Spikes|p2a: Incineroar\n|-sidestart|p2: gaijineagle|Spikes\n|move|p2a: Incineroar|U-turn|p1a: Shayminpede\n|-resisted|p1a: Shayminpede\n|-damage|p1a: Shayminpede|33\/100\n|\n|t:|1622381574\n|switch|p2a: Aerodactyl|Aerodactyl, F|100\/100|[from]move: U-turn\n|-ability|p2a: Aerodactyl|Unnerve\n|\n|-ability|p1a: Shayminpede|Speed Boost|boost\n|-boost|p1a: Shayminpede|spe|1\n|upkeep\n|turn|3\n|\n|t:|1622381581\n|switch|p1a: Lin|Mandibuzz, F|100\/100\n|detailschange|p2a: Aerodactyl|Aerodactyl-Mega, F\n|-mega|p2a: Aerodactyl|Aerodactyl|Aerodactylite\n|move|p2a: Aerodactyl|Stone Edge|p1a: Lin|[miss]\n|-miss|p2a: Aerodactyl|p1a: Lin\n|\n|upkeep\n|turn|4\n|\n|t:|1622381585\n|move|p2a: Aerodactyl|Stone Edge|p1a: Lin\n|-supereffective|p1a: Lin\n|-damage|p1a: Lin|45\/100\n|move|p1a: Lin|Foul Play|p2a: Aerodactyl\n|-damage|p2a: Aerodactyl|34\/100\n|\n|-heal|p1a: Lin|51\/100|[from] item: Leftovers\n|upkeep\n|turn|5\n|\n|t:|1622381617\n|move|p2a: Aerodactyl|Stone Edge|p1a: Lin\n|-supereffective|p1a: Lin\n|-damage|p1a: Lin|0 fnt\n|faint|p1a: Lin\n|\n|upkeep\n|\n|t:|1622381621\n|switch|p1a: Tapu Phil|Tapu Lele|100\/100\n|-fieldstart|move: Psychic Terrain|[from] ability: Psychic Surge|[of] p1a: Tapu Phil\n|turn|6\n|\n|t:|1622381638\n|move|p1a: Tapu Phil|Focus Blast|p2a: Aerodactyl\n|-damage|p2a: Aerodactyl|0 fnt\n|faint|p2a: Aerodactyl\n|\n|upkeep\n|\n|t:|1622381640\n|switch|p2a: Ferrothorn|Ferrothorn, F|100\/100\n|-damage|p2a: Ferrothorn|84\/100|[from] Spikes\n|turn|7\n|\n|t:|1622381645\n|switch|p1a: Tyler1|Heatran, F|100\/100\n|move|p2a: Ferrothorn|Gyro Ball|p1a: Tyler1\n|-resisted|p1a: Tyler1\n|-crit|p1a: Tyler1\n|-damage|p1a: Tyler1|90\/100\n|-status|p2a: Ferrothorn|brn|[from] ability: Flame Body|[of] p1a: Tyler1\n|\n|-heal|p2a: Ferrothorn|90\/100 brn|[from] item: Leftovers\n|-damage|p2a: Ferrothorn|84\/100 brn|[from] brn\n|upkeep\n|turn|8\n|\n|t:|1622381656\n|switch|p2a: Garchomp|Garchomp, F|100\/100\n|-damage|p2a: Garchomp|84\/100|[from] Spikes\n|move|p1a: Tyler1|Lava Plume|p2a: Garchomp\n|-resisted|p2a: Garchomp\n|-damage|p2a: Garchomp|60\/100\n|-status|p2a: Garchomp|brn\n|\n|-heal|p2a: Garchomp|66\/100 brn|[from] item: Leftovers\n|-damage|p2a: Garchomp|60\/100 brn|[from] brn\n|upkeep\n|turn|9\n|\n|t:|1622381663\n|switch|p2a: Diancie|Diancie|100\/100\n|-damage|p2a: Diancie|84\/100|[from] Spikes\n|switch|p1a: Shayminpede|Scolipede, F|33\/100\n|\n|-heal|p2a: Diancie|90\/100|[from] item: Leftovers\n|upkeep\n|turn|10\n|\n|t:|1622381667\n|move|p1a: Shayminpede|Earthquake|p2a: Diancie\n|-supereffective|p2a: Diancie\n|-damage|p2a: Diancie|57\/100\n|move|p2a: Diancie|Diamond Storm|p1a: Shayminpede\n|-supereffective|p1a: Shayminpede\n|-damage|p1a: Shayminpede|0 fnt\n|faint|p1a: Shayminpede\n|\n|-heal|p2a: Diancie|63\/100|[from] item: Leftovers\n|-fieldend|move: Psychic Terrain\n|upkeep\n|\n|t:|1622381675\n|switch|p1a: Tyler1|Heatran, F|90\/100\n|turn|11\n|\n|t:|1622381678\n|move|p1a: Tyler1|Flash Cannon|p2a: Diancie\n|-supereffective|p2a: Diancie\n|-damage|p2a: Diancie|0 fnt\n|faint|p2a: Diancie\n|\n|upkeep\n|\n|t:|1622381680\n|switch|p2a: Garchomp|Garchomp, F|60\/100 brn\n|-damage|p2a: Garchomp|44\/100 brn|[from] Spikes\n|turn|12\n|c|\u2606gaijineagle|u there bro?\n|\n|t:|1622381761\n|move|p2a: Garchomp|Swords Dance|p2a: Garchomp\n|-boost|p2a: Garchomp|atk|2\n|move|p1a: Tyler1|Flash Cannon|p2a: Garchomp\n|-damage|p2a: Garchomp|0 fnt\n|faint|p2a: Garchomp\n|\n|upkeep\n|\n|t:|1622381776\n|switch|p2a: Incineroar|Incineroar, F|100\/100\n|-ability|p2a: Incineroar|Intimidate|boost\n|-unboost|p1a: Tyler1|atk|1\n|turn|13\n|\n|t:|1622381786\n|move|p1a: Tyler1|Earth Power|p2a: Incineroar\n|-supereffective|p2a: Incineroar\n|-damage|p2a: Incineroar|55\/100\n|move|p2a: Incineroar|Superpower|p1a: Tyler1\n|-supereffective|p1a: Tyler1\n|-damage|p1a: Tyler1|40\/100\n|-unboost|p2a: Incineroar|atk|1\n|-unboost|p2a: Incineroar|def|1\n|\n|upkeep\n|turn|14\n|\n|t:|1622381888\n|switch|p1a: Tapu Phil|Tapu Lele|100\/100\n|-fieldstart|move: Psychic Terrain|[from] ability: Psychic Surge|[of] p1a: Tapu Phil\n|move|p2a: Incineroar|Knock Off|p1a: Tapu Phil\n|-damage|p1a: Tapu Phil|67\/100\n|-enditem|p1a: Tapu Phil|Choice Scarf|[from] move: Knock Off|[of] p2a: Incineroar\n|\n|upkeep\n|turn|15\n|\n|t:|1622381900\n|switch|p2a: Ferrothorn|Ferrothorn, F|84\/100 brn\n|-damage|p2a: Ferrothorn|68\/100 brn|[from] Spikes\n|move|p1a: Tapu Phil|Moonblast|p2a: Ferrothorn\n|-resisted|p2a: Ferrothorn\n|-damage|p2a: Ferrothorn|53\/100 brn\n|-unboost|p2a: Ferrothorn|spa|1\n|\n|-heal|p2a: Ferrothorn|59\/100 brn|[from] item: Leftovers\n|-damage|p2a: Ferrothorn|53\/100 brn|[from] brn\n|upkeep\n|turn|16\n|\n|t:|1622381909\n|switch|p1a: Tyler1|Heatran, F|40\/100\n|move|p2a: Ferrothorn|Gyro Ball|p1a: Tyler1\n|-resisted|p1a: Tyler1\n|-damage|p1a: Tyler1|37\/100\n|\n|-heal|p2a: Ferrothorn|59\/100 brn|[from] item: Leftovers\n|-damage|p2a: Ferrothorn|53\/100 brn|[from] brn\n|upkeep\n|turn|17\n|\n|t:|1622381914\n|switch|p2a: Lapras|Lapras, M|100\/100\n|-damage|p2a: Lapras|84\/100|[from] Spikes\n|move|p1a: Tyler1|Earth Power|p2a: Lapras\n|-damage|p2a: Lapras|56\/100\n|\n|upkeep\n|turn|18\n|\n|t:|1622381922\n|switch|p1a: Tapu Phil|Tapu Lele|67\/100\n|move|p2a: Lapras|Hydro Pump|p1a: Tapu Phil\n|-damage|p1a: Tapu Phil|0 fnt\n|faint|p1a: Tapu Phil\n|\n|-fieldend|move: Psychic Terrain\n|upkeep\n|c|\u2606JolteadeVGC|dang\n|\n|t:|1622381933\n|switch|p1a: Vinee|Hitmonlee, M|100\/100\n|turn|19\n|\n|t:|1622381966\n|switch|p2a: Ferrothorn|Ferrothorn, F|53\/100 brn\n|-damage|p2a: Ferrothorn|37\/100 brn|[from] Spikes\n|move|p1a: Vinee|Bulk Up|p1a: Vinee\n|-boost|p1a: Vinee|atk|1\n|-boost|p1a: Vinee|def|1\n|\n|-heal|p2a: Ferrothorn|43\/100 brn|[from] item: Leftovers\n|-damage|p2a: Ferrothorn|37\/100 brn|[from] brn\n|upkeep\n|turn|20\n|\n|t:|1622381975\n|move|p1a: Vinee|Close Combat|p2a: Ferrothorn\n|-supereffective|p2a: Ferrothorn\n|-damage|p2a: Ferrothorn|0 fnt\n|-unboost|p1a: Vinee|def|1\n|-unboost|p1a: Vinee|spd|1\n|-damage|p1a: Vinee|88\/100|[from] ability: Iron Barbs|[of] p2a: Ferrothorn\n|faint|p2a: Ferrothorn\n|\n|upkeep\n|\n|t:|1622381977\n|switch|p2a: Incineroar|Incineroar, F|55\/100\n|-ability|p2a: Incineroar|Intimidate|boost\n|-unboost|p1a: Vinee|atk|1\n|turn|21\n|\n|t:|1622382003\n|move|p1a: Vinee|Close Combat|p2a: Incineroar\n|-supereffective|p2a: Incineroar\n|-damage|p2a: Incineroar|0 fnt\n|-unboost|p1a: Vinee|def|1\n|-unboost|p1a: Vinee|spd|1\n|faint|p2a: Incineroar\n|\n|upkeep\n|\n|t:|1622382007\n|switch|p2a: Lapras|Lapras, M|56\/100\n|-damage|p2a: Lapras|39\/100|[from] Spikes\n|turn|22\n|\n|t:|1622382012\n|move|p1a: Vinee|Close Combat|p2a: Lapras\n|-supereffective|p2a: Lapras\n|-damage|p2a: Lapras|0 fnt\n|-unboost|p1a: Vinee|def|1\n|-unboost|p1a: Vinee|spd|1\n|faint|p2a: Lapras\n|\n|win|JolteadeVGC\n","uploadtime":1622382014,"views":28,"p1id":"jolteadevgc","p2id":"gaijineagle","formatid":"gen8nationaldexdraft","rating":0,"private":0,"password":null}