{"id":"sports-gen8nationaldexdraft-445896","p1":"ThunderSkills811","p2":"MAVERICK SHOOTERS","format":"gen8nationaldexdraft","log":"|j|\u2606ThunderSkills811\n|j|\u2606MAVERICK SHOOTERS\n|t:|1625019031\n|gametype|singles\n|player|p1|ThunderSkills811|hilbert-dueldisk|\n|player|p2|MAVERICK SHOOTERS|265|\n|teamsize|p1|6\n|teamsize|p2|6\n|gen|8\n|tier|[Gen 8] National Dex Draft\n|rule|Sleep Clause Mod: Limit one foe put to sleep\n|rule|OHKO Clause: OHKO moves are banned\n|rule|Evasion Moves Clause: Evasion moves are banned\n|rule|Endless Battle Clause: Forcing endless battles is banned\n|rule|HP Percentage Mod: HP is shown in percentages\n|rule|Dynamax Clause: You cannot dynamax\n|clearpoke\n|poke|p1|Tapu Lele|\n|poke|p1|Dracovish|\n|poke|p1|Deoxys-Defense|\n|poke|p1|Ferrothorn, M|\n|poke|p1|Scrafty, M|\n|poke|p1|Pidgeot, F|\n|poke|p2|Urshifu-*, M|\n|poke|p2|Slowbro, F|\n|poke|p2|Landorus-Therian, M|\n|poke|p2|Melmetal|\n|poke|p2|Manectric, M|\n|poke|p2|Talonflame, M|\n|teampreview\n|html|<button name=\"send\" class=\"button\" value=\"\/timer ds\"><i class=\"fa fa-hourglass-start\"><\/i> DS Timer<\/button> <button name=\"send\" class=\"button\" value=\"\/timer smogon\"><i class=\"fa fa-hourglass-start\"><\/i> Smogon Timer<\/button>\n|j| PorygonTheBot\n|c| PorygonTheBot|Porygon has digitized into the match... booting up... successfully calibrating stats!\n|j| bhku2\n|inactive|Battle timer is ON: inactive players will automatically lose when time's up. (requested by MAVERICK SHOOTERS)\n|inactiveoff|Battle timer is now OFF.\n|j| ASaltyOrange\n|c| ASaltyOrange|big game\n|c|\u2606MAVERICK SHOOTERS|prepped my team in under 10 mins :catJam:\n|inactive|Battle timer is ON: inactive players will automatically lose when time's up. (requested by MAVERICK SHOOTERS)\n|\n|t:|1625019135\n|start\n|switch|p1a: Birb|Pidgeot, F|100\/100\n|switch|p2a: Urshifu|Urshifu, M|100\/100\n|turn|1\n|j| Arkcadian\n|inactive|ThunderSkills811 has 270 seconds left.\n|\n|t:|1625019171\n|detailschange|p1a: Birb|Pidgeot-Mega, F\n|-mega|p1a: Birb|Pidgeot|Pidgeotite\n|move|p2a: Urshifu|U-turn|p1a: Birb\n|-resisted|p1a: Birb\n|-damage|p1a: Birb|84\/100\n|\n|t:|1625019192\n|switch|p2a: Melmetal|Melmetal|100\/100|[from]move: U-turn\n|move|p1a: Birb|Hurricane|p2a: Melmetal\n|-resisted|p2a: Melmetal\n|-damage|p2a: Melmetal|87\/100\n|\n|upkeep\n|turn|2\n|inactive|ThunderSkills811 has 270 seconds left.\n|inactive|MAVERICK SHOOTERS has 270 seconds left.\n|\n|t:|1625019233\n|switch|p2a: Manectric|Manectric, M|100\/100\n|move|p1a: Birb|U-turn|p2a: Manectric\n|-damage|p2a: Manectric|79\/100\n|inactive|ThunderSkills811 has 240 seconds left.\n|\n|t:|1625019268\n|switch|p1a: DD|Deoxys-Defense, shiny|100\/100|[from]move: U-turn\n|-ability|p1a: DD|Pressure\n|\n|upkeep\n|turn|3\n|j| Fuhi\n|inactive|ThunderSkills811 has 210 seconds left.\n|inactive|ThunderSkills811 has 180 seconds left.\n|\n|t:|1625019336\n|switch|p1a: Lapu Tele|Tapu Lele, shiny|100\/100\n|-fieldstart|move: Psychic Terrain|[from] ability: Psychic Surge|[of] p1a: Lapu Tele\n|move|p2a: Manectric|Switcheroo|p1a: Lapu Tele\n|-activate|p2a: Manectric|move: Trick|[of] p1a: Lapu Tele\n|-item|p1a: Lapu Tele|Choice Scarf|[from] move: Switcheroo\n|-item|p2a: Manectric|Choice Specs|[from] move: Switcheroo\n|\n|upkeep\n|turn|4\n|inactive|MAVERICK SHOOTERS has 270 seconds left.\n|inactive|ThunderSkills811 has 150 seconds left.\n|\n|t:|1625019379\n|switch|p2a: Slowbro|Slowbro, F|100\/100\n|move|p1a: Lapu Tele|Focus Blast|p2a: Slowbro\n|-resisted|p2a: Slowbro\n|-damage|p2a: Slowbro|80\/100\n|\n|upkeep\n|turn|5\n|inactive|MAVERICK SHOOTERS has 270 seconds left.\n|inactive|ThunderSkills811 has 120 seconds left.\n|\n|t:|1625019408\n|switch|p1a: Birb|Pidgeot-Mega, F|84\/100\n|move|p2a: Slowbro|Teleport|p2a: Slowbro\n|c|\u2606ThunderSkills811|can we not have the timer\n|inactive|MAVERICK SHOOTERS has 240 seconds left.\n|\n|t:|1625019446\n|switch|p2a: Melmetal|Melmetal|87\/100|[from]move: Teleport\n|\n|upkeep\n|turn|6\n|j| 3HeadedGoats\n|\n|t:|1625019456\n|move|p1a: Birb|U-turn|p2a: Melmetal\n|-resisted|p2a: Melmetal\n|-damage|p2a: Melmetal|84\/100\n|\n|t:|1625019463\n|switch|p1a: SpikeyBoi|Ferrothorn, M|100\/100|[from]move: U-turn\n|move|p2a: Melmetal|Double Iron Bash|p1a: SpikeyBoi\n|-resisted|p1a: SpikeyBoi\n|-damage|p1a: SpikeyBoi|91\/100\n|-damage|p2a: Melmetal|71\/100|[from] ability: Iron Barbs|[of] p1a: SpikeyBoi\n|-damage|p2a: Melmetal|55\/100|[from] item: Rocky Helmet|[of] p1a: SpikeyBoi\n|-resisted|p1a: SpikeyBoi\n|-damage|p1a: SpikeyBoi|82\/100\n|-damage|p2a: Melmetal|42\/100|[from] ability: Iron Barbs|[of] p1a: SpikeyBoi\n|-damage|p2a: Melmetal|25\/100|[from] item: Rocky Helmet|[of] p1a: SpikeyBoi\n|-hitcount|p1a: SpikeyBoi|2\n|\n|upkeep\n|turn|7\n|l| Fuhi\n|inactive|MAVERICK SHOOTERS has 240 seconds left.\n|j| JK The Don\n|inactive|ThunderSkills811 has 120 seconds left.\n|\n|t:|1625019499\n|switch|p1a: DD|Deoxys-Defense, shiny|100\/100\n|-ability|p1a: DD|Pressure\n|move|p2a: Melmetal|Superpower|p1a: DD\n|-resisted|p1a: DD\n|-damage|p1a: DD|90\/100\n|-unboost|p2a: Melmetal|atk|1\n|-unboost|p2a: Melmetal|def|1\n|\n|-heal|p1a: DD|96\/100|[from] item: Leftovers\n|-fieldend|move: Psychic Terrain\n|upkeep\n|turn|8\n|j| DashingSceptile\n|j| Fuhi\n|inactive|MAVERICK SHOOTERS has 240 seconds left.\n|\n|t:|1625019518\n|move|p2a: Melmetal|Self-Destruct|p1a: DD\n|-damage|p1a: DD|74\/100\n|faint|p2a: Melmetal\n|move|p1a: DD|Teleport|p1a: DD\n|c| DashingSceptile|what\n|\n|t:|1625019527\n|switch|p1a: Birb|Pidgeot-Mega, F|84\/100|[from]move: Teleport\n|\n|upkeep\n|c| JK The Don|MI NO SABE\n|inactive|MAVERICK SHOOTERS has 240 seconds left.\n|c| JK The Don|MI NO SABE\n|\n|t:|1625019558\n|switch|p2a: Manectric|Manectric, M|79\/100\n|turn|9\n|l| Fuhi\n|inactive|ThunderSkills811 has 90 seconds left.\n|\n|t:|1625019598\n|move|p1a: Birb|U-turn|p2a: Manectric\n|-damage|p2a: Manectric|59\/100\n|c| ASaltyOrange|asking for timer off\n|j| Fuhi\n|inactive|ThunderSkills811 has 60 seconds left.\n|c| bhku2|thunder already asked for it to be off too\n|c|\u2606MAVERICK SHOOTERS|i only got 9 mins left\n|inactiveoff|Battle timer is now OFF.\n|\n|t:|1625019639\n|switch|p1a: 420iq|Dracovish, shiny|100\/100|[from]move: U-turn\n|move|p2a: Manectric|Volt Switch|p1a: 420iq\n|-damage|p1a: 420iq|36\/100\n|c|\u2606MAVERICK SHOOTERS|when did he ask for it to be off?\n|c| ASaltyOrange|turn 5\n|c| bhku2|turn 5\n|c|\u2606MAVERICK SHOOTERS|i c \n|c|\u2606MAVERICK SHOOTERS|i turned it off \n|c|\u2606MAVERICK SHOOTERS|tho thunder play quick i only have 9 mins before i gotta go \n|\n|t:|1625019687\n|switch|p2a: Urshifu|Urshifu, M|100\/100|[from]move: Volt Switch\n|\n|upkeep\n|turn|10\n|c|\u2606ThunderSkills811|why did you tell me to battle now then\n|c| ASaltyOrange|^^^^\n|\n|t:|1625019704\n|move|p2a: Urshifu|Close Combat|p1a: 420iq\n|-damage|p1a: 420iq|0 fnt\n|-unboost|p2a: Urshifu|def|1\n|-unboost|p2a: Urshifu|spd|1\n|faint|p1a: 420iq\n|\n|upkeep\n|\n|t:|1625019712\n|switch|p1a: Lapu Tele|Tapu Lele, shiny|100\/100\n|-fieldstart|move: Psychic Terrain|[from] ability: Psychic Surge|[of] p1a: Lapu Tele\n|turn|11\n|c|\u2606MAVERICK SHOOTERS|...\n|c|\u2606MAVERICK SHOOTERS|cuz u couldnt schedule on any other time \n|c|\u2606ThunderSkills811|scheduling is a 2 way street\n|\n|t:|1625019741\n|switch|p2a: Talonflame|Talonflame, M|100\/100\n|move|p1a: Lapu Tele|Moonblast|p2a: Talonflame\n|-resisted|p2a: Talonflame\n|-damage|p2a: Talonflame|61\/100\n|\n|upkeep\n|turn|12\n|l| Fuhi\n|j| Fuhi\n|\n|t:|1625019774\n|switch|p1a: DD|Deoxys-Defense, shiny|74\/100\n|-ability|p1a: DD|Pressure\n|move|p2a: Talonflame|Roost|p2a: Talonflame\n|-heal|p2a: Talonflame|100\/100\n|-singleturn|p2a: Talonflame|move: Roost\n|\n|-heal|p1a: DD|80\/100|[from] item: Leftovers\n|upkeep\n|turn|13\n|\n|t:|1625019832\n|move|p2a: Talonflame|Swords Dance|p2a: Talonflame\n|-boost|p2a: Talonflame|atk|2\n|move|p1a: DD|Thunder Wave|p2a: Talonflame\n|-status|p2a: Talonflame|par\n|\n|-heal|p1a: DD|86\/100|[from] item: Leftovers\n|upkeep\n|turn|14\n|l| Fuhi\n|\n|t:|1625019891\n|move|p2a: Talonflame|Flare Blitz|p1a: DD\n|-damage|p1a: DD|29\/100\n|-damage|p2a: Talonflame|82\/100 par|[from] Recoil\n|move|p1a: DD|Teleport|p1a: DD\n|\n|t:|1625019897\n|switch|p1a: Lapu Tele|Tapu Lele, shiny|100\/100|[from]move: Teleport\n|\n|upkeep\n|turn|15\n|c|\u2606MAVERICK SHOOTERS|orange i request can i turn the timer on i have only 6 mins left and i will have to go if we reach that time \n|j| LatiGOD\n|\n|t:|1625019906\n|move|p1a: Lapu Tele|Moonblast|p2a: Talonflame\n|-resisted|p2a: Talonflame\n|-damage|p2a: Talonflame|47\/100 par\n|move|p2a: Talonflame|Flare Blitz|p1a: Lapu Tele\n|-damage|p1a: Lapu Tele|0 fnt\n|faint|p1a: Lapu Tele\n|-damage|p2a: Talonflame|16\/100 par|[from] Recoil\n|\n|-fieldend|move: Psychic Terrain\n|upkeep\n|\n|t:|1625019913\n|switch|p1a: Birb|Pidgeot-Mega, F|84\/100\n|turn|16\n|\n|t:|1625019919\n|move|p1a: Birb|Hurricane|p2a: Talonflame\n|-damage|p2a: Talonflame|0 fnt\n|faint|p2a: Talonflame\n|\n|upkeep\n|\n|t:|1625019939\n|switch|p2a: Landorus|Landorus-Therian, M|100\/100\n|-ability|p2a: Landorus|Intimidate|boost\n|-unboost|p1a: Birb|atk|1\n|turn|17\n|\n|t:|1625019970\n|move|p2a: Landorus|Stone Edge|p1a: Birb\n|-supereffective|p1a: Birb\n|-damage|p1a: Birb|0 fnt\n|faint|p1a: Birb\n|\n|upkeep\n|\n|t:|1625019977\n|switch|p1a: SquirrelInMyPants|Scrafty, M|100\/100\n|-ability|p1a: SquirrelInMyPants|Intimidate|boost\n|-unboost|p2a: Landorus|atk|1\n|turn|18\n|l| 3HeadedGoats\n|\n|t:|1625020021\n|switch|p2a: Slowbro|Slowbro, F|100\/100\n|move|p1a: SquirrelInMyPants|Substitute|p1a: SquirrelInMyPants\n|-start|p1a: SquirrelInMyPants|Substitute\n|-damage|p1a: SquirrelInMyPants|76\/100\n|\n|-heal|p1a: SquirrelInMyPants|82\/100|[from] item: Leftovers\n|upkeep\n|turn|19\n|\n|t:|1625020030\n|move|p1a: SquirrelInMyPants|Bulk Up|p1a: SquirrelInMyPants\n|-boost|p1a: SquirrelInMyPants|atk|1\n|-boost|p1a: SquirrelInMyPants|def|1\n|move|p2a: Slowbro|Teleport|p2a: Slowbro\n|\n|t:|1625020034\n|switch|p2a: Manectric|Manectric, M|59\/100|[from]move: Teleport\n|\n|-heal|p1a: SquirrelInMyPants|88\/100|[from] item: Leftovers\n|upkeep\n|turn|20\n|\n|t:|1625020045\n|move|p2a: Manectric|Volt Switch|p1a: SquirrelInMyPants\n|-end|p1a: SquirrelInMyPants|Substitute\n|\n|t:|1625020050\n|switch|p2a: Landorus|Landorus-Therian, M|100\/100|[from]move: Volt Switch\n|-ability|p2a: Landorus|Intimidate|boost\n|-unboost|p1a: SquirrelInMyPants|atk|1\n|move|p1a: SquirrelInMyPants|Substitute|p1a: SquirrelInMyPants\n|-start|p1a: SquirrelInMyPants|Substitute\n|-damage|p1a: SquirrelInMyPants|63\/100\n|\n|-heal|p1a: SquirrelInMyPants|69\/100|[from] item: Leftovers\n|upkeep\n|turn|21\n|\n|t:|1625020082\n|move|p2a: Landorus|Earthquake|p1a: SquirrelInMyPants\n|-end|p1a: SquirrelInMyPants|Substitute\n|move|p1a: SquirrelInMyPants|Bulk Up|p1a: SquirrelInMyPants\n|-boost|p1a: SquirrelInMyPants|atk|1\n|-boost|p1a: SquirrelInMyPants|def|1\n|\n|-heal|p1a: SquirrelInMyPants|75\/100|[from] item: Leftovers\n|upkeep\n|turn|22\n|c|\u2606MAVERICK SHOOTERS|only got 2-3 mins \n|j| UrAboutToGetSwept\n|\n|t:|1625020134\n|move|p2a: Landorus|Earthquake|p1a: SquirrelInMyPants\n|-damage|p1a: SquirrelInMyPants|49\/100\n|move|p1a: SquirrelInMyPants|Bulk Up|p1a: SquirrelInMyPants\n|-boost|p1a: SquirrelInMyPants|atk|1\n|-boost|p1a: SquirrelInMyPants|def|1\n|\n|-heal|p1a: SquirrelInMyPants|55\/100|[from] item: Leftovers\n|upkeep\n|turn|23\n|\n|t:|1625020145\n|switch|p2a: Manectric|Manectric, M|59\/100\n|move|p1a: SquirrelInMyPants|Substitute|p1a: SquirrelInMyPants\n|-start|p1a: SquirrelInMyPants|Substitute\n|-damage|p1a: SquirrelInMyPants|30\/100\n|\n|-heal|p1a: SquirrelInMyPants|36\/100|[from] item: Leftovers\n|upkeep\n|turn|24\n|c| LatiGOD|just be late to class 4hed\n|\n|t:|1625020148\n|move|p2a: Manectric|Volt Switch|p1a: SquirrelInMyPants\n|-end|p1a: SquirrelInMyPants|Substitute\n|c| DashingSceptile|^\n|\n|t:|1625020160\n|switch|p2a: Slowbro|Slowbro, F|100\/100|[from]move: Volt Switch\n|move|p1a: SquirrelInMyPants|Drain Punch|p2a: Slowbro\n|-resisted|p2a: Slowbro\n|-damage|p2a: Slowbro|87\/100\n|-heal|p1a: SquirrelInMyPants|44\/100|[from] drain|[of] p2a: Slowbro\n|\n|-heal|p1a: SquirrelInMyPants|50\/100|[from] item: Leftovers\n|upkeep\n|turn|25\n|j| pinorska\n|\n|t:|1625020165\n|detailschange|p2a: Slowbro|Slowbro-Mega, F\n|-mega|p2a: Slowbro|Slowbro|Slowbronite\n|move|p1a: SquirrelInMyPants|Substitute|p1a: SquirrelInMyPants\n|-start|p1a: SquirrelInMyPants|Substitute\n|-damage|p1a: SquirrelInMyPants|25\/100\n|move|p2a: Slowbro|Teleport|p2a: Slowbro\n|\n|t:|1625020169\n|switch|p2a: Manectric|Manectric, M|59\/100|[from]move: Teleport\n|\n|-heal|p1a: SquirrelInMyPants|31\/100|[from] item: Leftovers\n|upkeep\n|turn|26\n|\n|t:|1625020174\n|move|p2a: Manectric|Volt Switch|p1a: SquirrelInMyPants\n|-end|p1a: SquirrelInMyPants|Substitute\n|\n|t:|1625020177\n|switch|p2a: Slowbro|Slowbro-Mega, F|87\/100|[from]move: Volt Switch\n|move|p1a: SquirrelInMyPants|Drain Punch|p2a: Slowbro\n|-resisted|p2a: Slowbro\n|-damage|p2a: Slowbro|78\/100\n|-heal|p1a: SquirrelInMyPants|36\/100|[from] drain|[of] p2a: Slowbro\n|\n|-heal|p1a: SquirrelInMyPants|42\/100|[from] item: Leftovers\n|upkeep\n|turn|27\n|\n|t:|1625020179\n|move|p1a: SquirrelInMyPants|Substitute|p1a: SquirrelInMyPants\n|-start|p1a: SquirrelInMyPants|Substitute\n|-damage|p1a: SquirrelInMyPants|18\/100\n|move|p2a: Slowbro|Teleport|p2a: Slowbro\n|\n|t:|1625020182\n|switch|p2a: Manectric|Manectric, M|59\/100|[from]move: Teleport\n|\n|-heal|p1a: SquirrelInMyPants|24\/100|[from] item: Leftovers\n|upkeep\n|turn|28\n|\n|t:|1625020185\n|move|p2a: Manectric|Volt Switch|p1a: SquirrelInMyPants\n|-end|p1a: SquirrelInMyPants|Substitute\n|\n|t:|1625020187\n|switch|p2a: Slowbro|Slowbro-Mega, F|78\/100|[from]move: Volt Switch\n|move|p1a: SquirrelInMyPants|Crunch|p2a: Slowbro\n|-supereffective|p2a: Slowbro\n|-damage|p2a: Slowbro|35\/100\n|\n|-heal|p1a: SquirrelInMyPants|30\/100|[from] item: Leftovers\n|upkeep\n|turn|29\n|\n|t:|1625020217\n|move|p1a: SquirrelInMyPants|Substitute|p1a: SquirrelInMyPants\n|-start|p1a: SquirrelInMyPants|Substitute\n|-damage|p1a: SquirrelInMyPants|5\/100\n|move|p2a: Slowbro|Teleport|p2a: Slowbro\n|j| Fuhi\n|\n|t:|1625020229\n|switch|p2a: Manectric|Manectric, M|59\/100|[from]move: Teleport\n|\n|-heal|p1a: SquirrelInMyPants|11\/100|[from] item: Leftovers\n|upkeep\n|turn|30\n|\n|t:|1625020278\n|move|p2a: Manectric|Volt Switch|p1a: SquirrelInMyPants\n|-end|p1a: SquirrelInMyPants|Substitute\n|\n|t:|1625020295\n|switch|p2a: Landorus|Landorus-Therian, M|100\/100|[from]move: Volt Switch\n|-ability|p2a: Landorus|Intimidate|boost\n|-unboost|p1a: SquirrelInMyPants|atk|1\n|move|p1a: SquirrelInMyPants|Drain Punch|p2a: Landorus\n|-resisted|p2a: Landorus\n|-damage|p2a: Landorus|81\/100\n|-heal|p1a: SquirrelInMyPants|21\/100|[from] drain|[of] p2a: Landorus\n|\n|-heal|p1a: SquirrelInMyPants|27\/100|[from] item: Leftovers\n|upkeep\n|turn|31\n|j| Dean Blaid\n|l| Arkcadian\n|\n|t:|1625020379\n|move|p2a: Landorus|Earthquake|p1a: SquirrelInMyPants\n|-damage|p1a: SquirrelInMyPants|7\/100\n|move|p1a: SquirrelInMyPants|Drain Punch|p2a: Landorus\n|-resisted|p2a: Landorus\n|-damage|p2a: Landorus|63\/100\n|-heal|p1a: SquirrelInMyPants|17\/100|[from] drain|[of] p2a: Landorus\n|\n|-heal|p1a: SquirrelInMyPants|23\/100|[from] item: Leftovers\n|upkeep\n|turn|32\n|\n|t:|1625020398\n|move|p2a: Landorus|Earthquake|p1a: SquirrelInMyPants\n|-damage|p1a: SquirrelInMyPants|3\/100\n|move|p1a: SquirrelInMyPants|Drain Punch|p2a: Landorus\n|-resisted|p2a: Landorus\n|-damage|p2a: Landorus|42\/100\n|-heal|p1a: SquirrelInMyPants|13\/100|[from] drain|[of] p2a: Landorus\n|\n|-heal|p1a: SquirrelInMyPants|19\/100|[from] item: Leftovers\n|upkeep\n|turn|33\n|\n|t:|1625020406\n|move|p2a: Landorus|Earthquake|p1a: SquirrelInMyPants\n|-damage|p1a: SquirrelInMyPants|0 fnt\n|faint|p1a: SquirrelInMyPants\n|\n|upkeep\n|\n|t:|1625020411\n|switch|p1a: DD|Deoxys-Defense, shiny|29\/100\n|-ability|p1a: DD|Pressure\n|turn|34\n|c| JK The Don|game set match\n|\n|t:|1625020418\n|move|p2a: Landorus|Earthquake|p1a: DD\n|-damage|p1a: DD|0 fnt\n|faint|p1a: DD\n|\n|upkeep\n|\n|t:|1625020421\n|switch|p1a: SpikeyBoi|Ferrothorn, M|82\/100\n|turn|35\n|\n|t:|1625020425\n|move|p2a: Landorus|Earthquake|p1a: SpikeyBoi\n|-damage|p1a: SpikeyBoi|48\/100\n|move|p1a: SpikeyBoi|Power Whip|p2a: Landorus\n|-damage|p2a: Landorus|0 fnt\n|faint|p2a: Landorus\n|\n|upkeep\n|\n|t:|1625020430\n|switch|p2a: Urshifu|Urshifu, M|100\/100\n|turn|36\n|c|\u2606MAVERICK SHOOTERS|gg\n|\n|t:|1625020435\n|move|p2a: Urshifu|Close Combat|p1a: SpikeyBoi\n|-supereffective|p1a: SpikeyBoi\n|-damage|p1a: SpikeyBoi|0 fnt\n|-unboost|p2a: Urshifu|def|1\n|-unboost|p2a: Urshifu|spd|1\n|-damage|p2a: Urshifu|88\/100|[from] ability: Iron Barbs|[of] p1a: SpikeyBoi\n|-damage|p2a: Urshifu|72\/100|[from] item: Rocky Helmet|[of] p1a: SpikeyBoi\n|faint|p1a: SpikeyBoi\n|\n|win|MAVERICK SHOOTERS\n","uploadtime":1625020436,"views":51,"p1id":"thunderskills811","p2id":"maverickshooters","formatid":"gen8nationaldexdraft","rating":0,"private":0,"password":null}