{"id":"sports-gen8nationaldexdraft-425987","p1":"Baldigrowlithe","p2":"DjezzeMwoan","format":"gen8nationaldexdraft","log":"|j|\u2606Baldigrowlithe\n|j|\u2606DjezzeMwoan\n|t:|1622925044\n|gametype|singles\n|player|p1|Baldigrowlithe|gentleman-gen4|\n|player|p2|DjezzeMwoan|52|\n|teamsize|p1|6\n|teamsize|p2|6\n|gen|8\n|tier|[Gen 8] National Dex Draft\n|rule|Sleep Clause Mod: Limit one foe put to sleep\n|rule|OHKO Clause: OHKO moves are banned\n|rule|Evasion Moves Clause: Evasion moves are banned\n|rule|Endless Battle Clause: Forcing endless battles is banned\n|rule|HP Percentage Mod: HP is shown in percentages\n|rule|Dynamax Clause: You cannot dynamax\n|clearpoke\n|poke|p1|Charizard, M|\n|poke|p1|Jolteon, M|\n|poke|p1|Tsareena, F|\n|poke|p1|Gigalith, M|\n|poke|p1|Excadrill, M|\n|poke|p1|Mandibuzz, F|\n|poke|p2|Hippowdon, M|\n|poke|p2|Gurdurr, F|\n|poke|p2|Drapion, F|\n|poke|p2|Tornadus-Therian, M|\n|poke|p2|Decidueye, F|\n|poke|p2|Aggron, M|\n|teampreview\n|html|<button name=\"send\" class=\"button\" value=\"\/timer ds\"><i class=\"fa fa-hourglass-start\"><\/i> DS Timer<\/button> <button name=\"send\" class=\"button\" value=\"\/timer smogon\"><i class=\"fa fa-hourglass-start\"><\/i> Smogon Timer<\/button>\n|c|\u2606DjezzeMwoan|glhf\n|c|\u2606Baldigrowlithe|Have fun :)\n|j| LegendarySerperior\n|j| thunderflight\n|\n|t:|1622925101\n|start\n|switch|p1a: Tsareena|Tsareena, F|100\/100\n|switch|p2a: Tornadus|Tornadus-Therian, M|100\/100\n|turn|1\n|\n|t:|1622925113\n|switch|p1a: Gigalith|Gigalith, M|100\/100\n|-weather|Sandstorm|[from] ability: Sand Stream|[of] p1a: Gigalith\n|move|p2a: Tornadus|U-turn|p1a: Gigalith\n|-damage|p1a: Gigalith|90\/100\n|-damage|p2a: Tornadus|84\/100|[from] item: Rocky Helmet|[of] p1a: Gigalith\n|\n|t:|1622925122\n|switch|p2a: Aggron|Aggron, M|100\/100|[from]move: U-turn\n|\n|-weather|Sandstorm|[upkeep]\n|upkeep\n|turn|2\n|\n|t:|1622925128\n|detailschange|p2a: Aggron|Aggron-Mega, M\n|-mega|p2a: Aggron|Aggron|Aggronite\n|move|p2a: Aggron|Toxic|p1a: Gigalith\n|-status|p1a: Gigalith|tox\n|move|p1a: Gigalith|Body Press|p2a: Aggron\n|-supereffective|p2a: Aggron\n|-damage|p2a: Aggron|85\/100\n|\n|-weather|Sandstorm|[upkeep]\n|-damage|p1a: Gigalith|84\/100 tox|[from] psn\n|upkeep\n|turn|3\n|j| samuelsonsinson\n|c|\u2606DjezzeMwoan|lole\n|\n|t:|1622925138\n|switch|p2a: Gurdurr|Gurdurr, F|100\/100\n|move|p1a: Gigalith|Stealth Rock|p2a: Gurdurr\n|-sidestart|p2: DjezzeMwoan|move: Stealth Rock\n|\n|-weather|Sandstorm|[upkeep]\n|-damage|p2a: Gurdurr|94\/100|[from] Sandstorm\n|-damage|p1a: Gigalith|72\/100 tox|[from] psn\n|upkeep\n|turn|4\n|c|\u2606Baldigrowlithe|BULK\n|\n|t:|1622925150\n|switch|p1a: Mandibuzz|Mandibuzz, F|100\/100\n|move|p2a: Gurdurr|Rock Tomb|p1a: Mandibuzz\n|-supereffective|p1a: Mandibuzz\n|-damage|p1a: Mandibuzz|82\/100\n|-unboost|p1a: Mandibuzz|spe|1\n|\n|-weather|Sandstorm|[upkeep]\n|-damage|p2a: Gurdurr|88\/100|[from] Sandstorm\n|upkeep\n|turn|5\n|\n|t:|1622925161\n|switch|p1a: Charizard|Charizard, M, shiny|100\/100\n|switch|p2a: Aggron|Aggron-Mega, M|85\/100\n|-damage|p2a: Aggron|79\/100|[from] Stealth Rock\n|\n|-weather|none\n|upkeep\n|turn|6\n|c|\u2606DjezzeMwoan|true lo\n|j| BFO Aquarius\n|\n|t:|1622925169\n|detailschange|p1a: Charizard|Charizard-Mega-X, M, shiny\n|-mega|p1a: Charizard|Charizard|Charizardite X\n|move|p1a: Charizard|Flare Blitz|p2a: Aggron\n|-supereffective|p2a: Aggron\n|-damage|p2a: Aggron|25\/100\n|-damage|p1a: Charizard|80\/100|[from] Recoil\n|move|p2a: Aggron|Stone Edge|p1a: Charizard\n|-supereffective|p1a: Charizard\n|-damage|p1a: Charizard|7\/100\n|\n|upkeep\n|turn|7\n|c|\u2606DjezzeMwoan|53% lmfao\n|\n|t:|1622925194\n|switch|p1a: Jolteon|Jolteon, M|100\/100\n|-item|p1a: Jolteon|Air Balloon\n|switch|p2a: Gurdurr|Gurdurr, F|88\/100\n|-damage|p2a: Gurdurr|82\/100|[from] Stealth Rock\n|\n|upkeep\n|turn|8\n|c|\u2606DjezzeMwoan|mega aggron is insane lmfao\n|c|\u2606Baldigrowlithe|it's mad haha\n|\n|t:|1622925213\n|switch|p1a: Mandibuzz|Mandibuzz, F|82\/100\n|move|p2a: Gurdurr|Mach Punch|p1a: Mandibuzz\n|-damage|p1a: Mandibuzz|71\/100\n|\n|upkeep\n|turn|9\n|\n|t:|1622925227\n|switch|p2a: Aggron|Aggron-Mega, M|25\/100\n|-damage|p2a: Aggron|19\/100|[from] Stealth Rock\n|move|p1a: Mandibuzz|Knock Off|p2a: Aggron\n|-damage|p2a: Aggron|11\/100\n|\n|upkeep\n|turn|10\n|\n|t:|1622925235\n|move|p1a: Mandibuzz|Taunt|p2a: Aggron\n|-start|p2a: Aggron|move: Taunt\n|move|p2a: Aggron|Heavy Slam|p1a: Mandibuzz\n|-damage|p1a: Mandibuzz|30\/100\n|\n|upkeep\n|turn|11\n|\n|t:|1622925239\n|move|p1a: Mandibuzz|Roost|p1a: Mandibuzz\n|-heal|p1a: Mandibuzz|80\/100\n|-singleturn|p1a: Mandibuzz|move: Roost\n|move|p2a: Aggron|Heavy Slam|p1a: Mandibuzz\n|-damage|p1a: Mandibuzz|32\/100\n|\n|upkeep\n|turn|12\n|j| 123berber\n|\n|t:|1622925250\n|switch|p1a: Tsareena|Tsareena, F|100\/100\n|move|p2a: Aggron|Heavy Slam|p1a: Tsareena\n|-damage|p1a: Tsareena|35\/100\n|\n|-heal|p1a: Tsareena|41\/100|[from] item: Leftovers\n|-end|p2a: Aggron|move: Taunt\n|upkeep\n|turn|13\n|\n|t:|1622925257\n|move|p1a: Tsareena|Synthesis|p1a: Tsareena\n|-heal|p1a: Tsareena|91\/100\n|move|p2a: Aggron|Heavy Slam|p1a: Tsareena\n|-damage|p1a: Tsareena|20\/100\n|\n|-heal|p1a: Tsareena|26\/100|[from] item: Leftovers\n|upkeep\n|turn|14\n|c|\u2606Baldigrowlithe|scary\n|c|\u2606DjezzeMwoan|damn\n|c|\u2606DjezzeMwoan|does this mon have metronome lmfao\n|\n|t:|1622925274\n|move|p1a: Tsareena|Trop Kick|p2a: Aggron\n|-resisted|p2a: Aggron\n|-damage|p2a: Aggron|5\/100\n|-unboost|p2a: Aggron|atk|1\n|move|p2a: Aggron|Heavy Slam|p1a: Tsareena\n|-damage|p1a: Tsareena|0 fnt\n|faint|p1a: Tsareena\n|\n|upkeep\n|c|\u2606DjezzeMwoan|keeps doing more\n|c| 123berber|Again m Aggron against horses :o\n|\n|t:|1622925327\n|switch|p1a: Jolteon|Jolteon, M|100\/100\n|-item|p1a: Jolteon|Air Balloon\n|turn|15\n|l| BFO Aquarius\n|\n|t:|1622925337\n|move|p1a: Jolteon|Volt Switch|p2a: Aggron\n|-damage|p2a: Aggron|0 fnt\n|faint|p2a: Aggron\n|c|\u2606DjezzeMwoan|sorry aggron\n|\n|t:|1622925348\n|switch|p1a: Excadrill|Excadrill, M|100\/100|[from]move: Volt Switch\n|-ability|p1a: Excadrill|Mold Breaker\n|\n|upkeep\n|\n|t:|1622925358\n|switch|p2a: Gurdurr|Gurdurr, F|82\/100\n|-damage|p2a: Gurdurr|76\/100|[from] Stealth Rock\n|turn|16\n|c|\u2606Baldigrowlithe|it did it's work!\n|\n|t:|1622925368\n|switch|p1a: Gigalith|Gigalith, M|72\/100 tox\n|-weather|Sandstorm|[from] ability: Sand Stream|[of] p1a: Gigalith\n|move|p2a: Gurdurr|Drain Punch|p1a: Gigalith\n|-supereffective|p1a: Gigalith\n|-damage|p1a: Gigalith|34\/100 tox\n|-heal|p2a: Gurdurr|95\/100|[from] drain|[of] p1a: Gigalith\n|-damage|p2a: Gurdurr|78\/100|[from] item: Rocky Helmet|[of] p1a: Gigalith\n|\n|-weather|Sandstorm|[upkeep]\n|-damage|p2a: Gurdurr|72\/100|[from] Sandstorm\n|-damage|p1a: Gigalith|28\/100 tox|[from] psn\n|upkeep\n|turn|17\n|c|\u2606DjezzeMwoan|you bet\n|\n|t:|1622925376\n|move|p2a: Gurdurr|Drain Punch|p1a: Gigalith\n|-supereffective|p1a: Gigalith\n|-damage|p1a: Gigalith|0 fnt\n|-heal|p2a: Gurdurr|86\/100|[from] drain|[of] p1a: Gigalith\n|-damage|p2a: Gurdurr|69\/100|[from] item: Rocky Helmet|[of] p1a: Gigalith\n|faint|p1a: Gigalith\n|\n|-weather|Sandstorm|[upkeep]\n|-damage|p2a: Gurdurr|63\/100|[from] Sandstorm\n|upkeep\n|\n|t:|1622925380\n|switch|p1a: Mandibuzz|Mandibuzz, F|32\/100\n|turn|18\n|\n|t:|1622925386\n|move|p1a: Mandibuzz|Brave Bird|p2a: Gurdurr\n|-supereffective|p2a: Gurdurr\n|-damage|p2a: Gurdurr|33\/100\n|-damage|p1a: Mandibuzz|23\/100|[from] Recoil\n|move|p2a: Gurdurr|Drain Punch|p1a: Mandibuzz\n|-damage|p1a: Mandibuzz|6\/100\n|-heal|p2a: Gurdurr|42\/100|[from] drain|[of] p1a: Mandibuzz\n|\n|-weather|Sandstorm|[upkeep]\n|-damage|p2a: Gurdurr|36\/100|[from] Sandstorm\n|upkeep\n|turn|19\n|\n|t:|1622925394\n|switch|p1a: Jolteon|Jolteon, M|100\/100\n|-item|p1a: Jolteon|Air Balloon\n|move|p2a: Gurdurr|Mach Punch|p1a: Jolteon\n|-damage|p1a: Jolteon|75\/100\n|-enditem|p1a: Jolteon|Air Balloon\n|\n|-weather|Sandstorm|[upkeep]\n|-damage|p1a: Jolteon|68\/100|[from] Sandstorm\n|-damage|p2a: Gurdurr|30\/100|[from] Sandstorm\n|upkeep\n|turn|20\n|c|\u2606DjezzeMwoan|bro my mons are thicc\n|c|\u2606DjezzeMwoan|holy damn\n|\n|t:|1622925402\n|switch|p2a: Drapion|Drapion, F|100\/100\n|-damage|p2a: Drapion|88\/100|[from] Stealth Rock\n|move|p1a: Jolteon|Toxic|p2a: Drapion\n|-immune|p2a: Drapion\n|\n|-weather|none\n|-heal|p2a: Drapion|94\/100|[from] item: Black Sludge\n|upkeep\n|turn|21\n|c|\u2606Baldigrowlithe|jeeez\n|c|\u2606DjezzeMwoan|gotem\n|\n|t:|1622925418\n|move|p1a: Jolteon|Thunderbolt|p2a: Drapion\n|-damage|p2a: Drapion|58\/100\n|move|p2a: Drapion|Knock Off|p1a: Jolteon\n|-damage|p1a: Jolteon|31\/100\n|\n|-heal|p2a: Drapion|64\/100|[from] item: Black Sludge\n|upkeep\n|turn|22\n|\n|t:|1622925426\n|switch|p2a: Hippowdon|Hippowdon, M|100\/100\n|-damage|p2a: Hippowdon|94\/100|[from] Stealth Rock\n|move|p1a: Jolteon|Volt Switch|p2a: Hippowdon\n|-immune|p2a: Hippowdon\n|\n|-heal|p2a: Hippowdon|100\/100|[from] item: Leftovers\n|upkeep\n|turn|23\n|\n|t:|1622925431\n|move|p1a: Jolteon|Toxic|p2a: Hippowdon\n|-status|p2a: Hippowdon|tox\n|move|p2a: Hippowdon|Stealth Rock|p1a: Jolteon\n|-sidestart|p1: Baldigrowlithe|move: Stealth Rock\n|\n|-damage|p2a: Hippowdon|94\/100 tox|[from] psn\n|upkeep\n|turn|24\n|\n|t:|1622925443\n|switch|p1a: Charizard|Charizard-Mega-X, M, shiny|7\/100\n|-damage|p1a: Charizard|0 fnt|[from] Stealth Rock\n|faint|p1a: Charizard\n|move|p2a: Hippowdon|Earthquake|p1: Charizard|[notarget]\n|-fail|p2a: Hippowdon\n|\n|-heal|p2a: Hippowdon|100\/100 tox|[from] item: Leftovers\n|-damage|p2a: Hippowdon|88\/100 tox|[from] psn\n|upkeep\n|\n|t:|1622925445\n|switch|p1a: Mandibuzz|Mandibuzz, F|6\/100\n|turn|25\n|\n|t:|1622925453\n|switch|p2a: Drapion|Drapion, F|64\/100\n|-damage|p2a: Drapion|52\/100|[from] Stealth Rock\n|move|p1a: Mandibuzz|Roost|p1a: Mandibuzz\n|-heal|p1a: Mandibuzz|56\/100\n|-singleturn|p1a: Mandibuzz|move: Roost\n|\n|-heal|p2a: Drapion|58\/100|[from] item: Black Sludge\n|upkeep\n|turn|26\n|l| samuelsonsinson\n|\n|t:|1622925460\n|move|p2a: Drapion|Knock Off|p1a: Mandibuzz\n|-resisted|p1a: Mandibuzz\n|-damage|p1a: Mandibuzz|47\/100\n|-enditem|p1a: Mandibuzz|Heavy-Duty Boots|[from] move: Knock Off|[of] p2a: Drapion\n|move|p1a: Mandibuzz|Roost|p1a: Mandibuzz\n|-heal|p1a: Mandibuzz|97\/100\n|-singleturn|p1a: Mandibuzz|move: Roost\n|\n|-heal|p2a: Drapion|64\/100|[from] item: Black Sludge\n|upkeep\n|turn|27\n|\n|t:|1622925464\n|move|p2a: Drapion|Poison Jab|p1a: Mandibuzz\n|-damage|p1a: Mandibuzz|80\/100\n|-status|p1a: Mandibuzz|psn\n|move|p1a: Mandibuzz|Knock Off|p2a: Drapion\n|-resisted|p2a: Drapion\n|-damage|p2a: Drapion|53\/100\n|-enditem|p2a: Drapion|Black Sludge|[from] move: Knock Off|[of] p1a: Mandibuzz\n|\n|-damage|p1a: Mandibuzz|68\/100 psn|[from] psn\n|upkeep\n|turn|28\n|\n|t:|1622925470\n|move|p2a: Drapion|Rock Tomb|p1a: Mandibuzz\n|-supereffective|p1a: Mandibuzz\n|-damage|p1a: Mandibuzz|50\/100 psn\n|-unboost|p1a: Mandibuzz|spe|1\n|move|p1a: Mandibuzz|Roost|p1a: Mandibuzz\n|-heal|p1a: Mandibuzz|99\/100 psn\n|-singleturn|p1a: Mandibuzz|move: Roost\n|\n|-damage|p1a: Mandibuzz|87\/100 psn|[from] psn\n|upkeep\n|turn|29\n|c|\u2606DjezzeMwoan|first try\n|c|\u2606DjezzeMwoan|dammn\n|\n|t:|1622925478\n|switch|p1a: Excadrill|Excadrill, M|100\/100\n|-damage|p1a: Excadrill|97\/100|[from] Stealth Rock\n|-ability|p1a: Excadrill|Mold Breaker\n|move|p2a: Drapion|Rock Tomb|p1a: Excadrill\n|-resisted|p1a: Excadrill\n|-damage|p1a: Excadrill|93\/100\n|-unboost|p1a: Excadrill|spe|1\n|\n|upkeep\n|turn|30\n|\n|t:|1622925484\n|switch|p2a: Decidueye|Decidueye, F|100\/100\n|-damage|p2a: Decidueye|88\/100|[from] Stealth Rock\n|move|p1a: Excadrill|Rock Slide|p2a: Decidueye\n|-damage|p2a: Decidueye|63\/100\n|\n|upkeep\n|turn|31\n|\n|t:|1622925488\n|move|p1a: Excadrill|Rock Slide|p2a: Decidueye\n|-damage|p2a: Decidueye|37\/100\n|cant|p2a: Decidueye|flinch\n|\n|upkeep\n|turn|32\n|\n|t:|1622925492\n|move|p1a: Excadrill|Rock Slide|p2a: Decidueye\n|-damage|p2a: Decidueye|12\/100\n|move|p2a: Decidueye|Roost|p2a: Decidueye\n|-heal|p2a: Decidueye|62\/100\n|-singleturn|p2a: Decidueye|move: Roost\n|\n|upkeep\n|turn|33\n|\n|t:|1622925497\n|move|p1a: Excadrill|Rock Slide|p2a: Decidueye\n|-damage|p2a: Decidueye|39\/100\n|move|p2a: Decidueye|Roost|p2a: Decidueye\n|-heal|p2a: Decidueye|90\/100\n|-singleturn|p2a: Decidueye|move: Roost\n|\n|upkeep\n|turn|34\n|\n|t:|1622925503\n|switch|p1a: Mandibuzz|Mandibuzz, F|87\/100 psn\n|-damage|p1a: Mandibuzz|63\/100 psn|[from] Stealth Rock\n|move|p2a: Decidueye|Spirit Shackle|p1a: Mandibuzz\n|-resisted|p1a: Mandibuzz\n|-damage|p1a: Mandibuzz|53\/100 psn\n|-activate|p1a: Mandibuzz|trapped\n|\n|-damage|p1a: Mandibuzz|41\/100 psn|[from] psn\n|upkeep\n|turn|35\n|\n|t:|1622925511\n|move|p1a: Mandibuzz|Roost|p1a: Mandibuzz\n|-heal|p1a: Mandibuzz|91\/100 psn\n|-singleturn|p1a: Mandibuzz|move: Roost\n|move|p2a: Decidueye|U-turn|p1a: Mandibuzz\n|-supereffective|p1a: Mandibuzz\n|-damage|p1a: Mandibuzz|70\/100 psn\n|\n|t:|1622925515\n|switch|p2a: Tornadus|Tornadus-Therian, M|100\/100|[from]move: U-turn\n|-damage|p2a: Tornadus|75\/100|[from] Stealth Rock\n|\n|-damage|p1a: Mandibuzz|57\/100 psn|[from] psn\n|upkeep\n|turn|36\n|\n|t:|1622925526\n|move|p2a: Tornadus|Hurricane|p1a: Mandibuzz\n|-damage|p1a: Mandibuzz|9\/100 psn\n|-start|p1a: Mandibuzz|confusion\n|-activate|p1a: Mandibuzz|confusion\n|-damage|p1a: Mandibuzz|5\/100 psn|[from] confusion\n|\n|-damage|p1a: Mandibuzz|0 fnt|[from] psn\n|faint|p1a: Mandibuzz\n|upkeep\n|c|\u2606DjezzeMwoan|im osrry\n|\n|t:|1622925539\n|switch|p1a: Excadrill|Excadrill, M|93\/100\n|-damage|p1a: Excadrill|90\/100|[from] Stealth Rock\n|-ability|p1a: Excadrill|Mold Breaker\n|turn|37\n|c|\u2606DjezzeMwoan|that is some insane luck\n|c|\u2606DjezzeMwoan|hit confusde and selfhit\n|\n|t:|1622925559\n|move|p1a: Excadrill|Rock Slide|p2a: Tornadus\n|-supereffective|p2a: Tornadus\n|-damage|p2a: Tornadus|5\/100\n|move|p2a: Tornadus|U-turn|p1a: Excadrill\n|-resisted|p1a: Excadrill\n|-damage|p1a: Excadrill|79\/100\n|\n|t:|1622925562\n|switch|p2a: Hippowdon|Hippowdon, M|88\/100 tox|[from]move: U-turn\n|-damage|p2a: Hippowdon|82\/100 tox|[from] Stealth Rock\n|\n|-heal|p2a: Hippowdon|88\/100 tox|[from] item: Leftovers\n|-damage|p2a: Hippowdon|82\/100 tox|[from] psn\n|upkeep\n|turn|38\n|c|\u2606Baldigrowlithe|I lost with the poison anyway\n|c|\u2606DjezzeMwoan|i suppose\n|\n|t:|1622925576\n|switch|p1a: Jolteon|Jolteon, M|31\/100\n|-damage|p1a: Jolteon|18\/100|[from] Stealth Rock\n|move|p2a: Hippowdon|Earthquake|p1a: Jolteon\n|-supereffective|p1a: Jolteon\n|-damage|p1a: Jolteon|0 fnt\n|faint|p1a: Jolteon\n|\n|-heal|p2a: Hippowdon|88\/100 tox|[from] item: Leftovers\n|-damage|p2a: Hippowdon|76\/100 tox|[from] psn\n|upkeep\n|\n|t:|1622925578\n|switch|p1a: Excadrill|Excadrill, M|79\/100\n|-damage|p1a: Excadrill|76\/100|[from] Stealth Rock\n|-ability|p1a: Excadrill|Mold Breaker\n|turn|39\n|c|\u2606DjezzeMwoan|gg man\n|c|\u2606DjezzeMwoan|well played\n|\n|t:|1622925583\n|move|p1a: Excadrill|Iron Head|p2a: Hippowdon\n|-damage|p2a: Hippowdon|51\/100 tox\n|cant|p2a: Hippowdon|flinch\n|\n|-heal|p2a: Hippowdon|57\/100 tox|[from] item: Leftovers\n|-damage|p2a: Hippowdon|38\/100 tox|[from] psn\n|upkeep\n|turn|40\n|c|\u2606DjezzeMwoan|i shouldnt speak too soon\n|\n|t:|1622925595\n|move|p1a: Excadrill|Iron Head|p2a: Hippowdon\n|-damage|p2a: Hippowdon|13\/100 tox\n|move|p2a: Hippowdon|Earthquake|p1a: Excadrill\n|-supereffective|p1a: Excadrill\n|-damage|p1a: Excadrill|0 fnt\n|faint|p1a: Excadrill\n|\n|win|DjezzeMwoan\n|c|\u2606Baldigrowlithe|gg\n|c|\u2606DjezzeMwoan|gg\n|l| 123berber\n|c|\u2606DjezzeMwoan|can you upload\n","uploadtime":1622925605,"views":17,"p1id":"baldigrowlithe","p2id":"djezzemwoan","formatid":"gen8nationaldexdraft","rating":0,"private":0,"password":null}