{"id":"sports-gen8nationaldexdraft-634298","p1":"Ebastia12","p2":"DjezzeMwoan","format":"gen8nationaldexdraft","log":"|j|\u2606Ebastia12\n|j|\u2606DjezzeMwoan\n|t:|1650138329\n|gametype|singles\n|player|p1|Ebastia12|n|\n|player|p2|DjezzeMwoan|gambler|\n|teamsize|p1|6\n|teamsize|p2|6\n|gen|8\n|tier|[Gen 8] National Dex Draft\n|rule|Sleep Clause Mod: Limit one foe put to sleep\n|rule|OHKO Clause: OHKO moves are banned\n|rule|Evasion Moves Clause: Evasion moves are banned\n|rule|Endless Battle Clause: Forcing endless battles is banned\n|rule|HP Percentage Mod: HP is shown in percentages\n|rule|Dynamax Clause: You cannot dynamax\n|clearpoke\n|poke|p1|Shaymin-Sky|\n|poke|p1|Ferrothorn, F|\n|poke|p1|Cradily, F|\n|poke|p1|Breloom, M|\n|poke|p1|Kartana|\n|poke|p1|Rillaboom, M|\n|poke|p2|Heatran, M|\n|poke|p2|Scizor, F|\n|poke|p2|Celesteela|\n|poke|p2|Skarmory, F|\n|poke|p2|Aegislash, F|\n|poke|p2|Bisharp, M|\n|teampreview\n|html|<button name=\"send\" class=\"button\" value=\"\/timer ds\"><i class=\"fa fa-hourglass-start\"><\/i> DS Timer<\/button> <button name=\"send\" class=\"button\" value=\"\/timer smogon\"><i class=\"fa fa-hourglass-start\"><\/i> Smogon Timer<\/button>\n|c|\u2606DjezzeMwoan|glhf\n|c|\u2606Ebastia12|You too\n|\n|t:|1650138359\n|start\n|switch|p1a: Ferrothorn|Ferrothorn, F|100\/100\n|switch|p2a: Razor|Bisharp, M|100\/100\n|turn|1\n|\n|t:|1650138367\n|move|p2a: Razor|Low Kick|p1a: Ferrothorn\n|-supereffective|p1a: Ferrothorn\n|-damage|p1a: Ferrothorn|45\/100\n|-damage|p2a: Razor|88\/100|[from] ability: Iron Barbs|[of] p1a: Ferrothorn\n|-damage|p2a: Razor|78\/100|[from] item: Life Orb\n|move|p1a: Ferrothorn|Spikes|p2a: Razor\n|-sidestart|p2: DjezzeMwoan|Spikes\n|\n|-heal|p1a: Ferrothorn|51\/100|[from] item: Leftovers\n|upkeep\n|turn|2\n|\n|t:|1650138379\n|switch|p1a: Shaymin|Shaymin-Sky|100\/100\n|move|p2a: Razor|Low Kick|p1a: Shaymin\n|-resisted|p1a: Shaymin\n|-damage|p1a: Shaymin|96\/100\n|-damage|p2a: Razor|68\/100|[from] item: Life Orb\n|\n|upkeep\n|turn|3\n|\n|t:|1650138385\n|move|p1a: Shaymin|Substitute|p1a: Shaymin\n|-start|p1a: Shaymin|Substitute\n|-damage|p1a: Shaymin|71\/100\n|move|p2a: Razor|Knock Off|p1a: Shaymin\n|-end|p1a: Shaymin|Substitute\n|-damage|p2a: Razor|59\/100|[from] item: Life Orb\n|\n|upkeep\n|turn|4\n|\n|t:|1650138392\n|switch|p2a: Heavyweight|Celesteela|100\/100\n|move|p1a: Shaymin|Earth Power|p2a: Heavyweight\n|-immune|p2a: Heavyweight\n|\n|upkeep\n|turn|5\n|\n|t:|1650138438\n|switch|p1a: Cradily|Cradily, F|100\/100\n|move|p2a: Heavyweight|Flamethrower|p1a: Cradily\n|-damage|p1a: Cradily|83\/100\n|\n|-heal|p1a: Cradily|90\/100|[from] item: Leftovers\n|upkeep\n|turn|6\n|\n|t:|1650138452\n|switch|p2a: I like|Scizor, F|100\/100\n|-damage|p2a: I like|88\/100|[from] Spikes\n|move|p1a: Cradily|Stealth Rock|p2a: I like\n|-sidestart|p2: DjezzeMwoan|move: Stealth Rock\n|\n|-heal|p1a: Cradily|96\/100|[from] item: Leftovers\n|upkeep\n|turn|7\n|\n|t:|1650138460\n|switch|p1a: Ferrothorn|Ferrothorn, F|51\/100\n|detailschange|p2a: I like|Scizor-Mega, F\n|-mega|p2a: I like|Scizor|Scizorite\n|move|p2a: I like|Defog|p1a: Ferrothorn\n|-unboost|p1a: Ferrothorn|evasion|1\n|-sideend|p2: DjezzeMwoan|Spikes|[from] move: Defog|[of] p2a: I like\n|-sideend|p2: DjezzeMwoan|Stealth Rock|[from] move: Defog|[of] p2a: I like\n|\n|-heal|p1a: Ferrothorn|58\/100|[from] item: Leftovers\n|upkeep\n|turn|8\n|\n|t:|1650138510\n|move|p2a: I like|U-turn|p1a: Ferrothorn\n|-damage|p1a: Ferrothorn|39\/100\n|-damage|p2a: I like|76\/100|[from] ability: Iron Barbs|[of] p1a: Ferrothorn\n|\n|t:|1650138513\n|switch|p2a: Heavyweight|Celesteela|100\/100|[from]move: U-turn\n|move|p1a: Ferrothorn|Leech Seed|p2a: Heavyweight\n|-start|p2a: Heavyweight|move: Leech Seed\n|\n|-heal|p1a: Ferrothorn|45\/100|[from] item: Leftovers\n|-damage|p2a: Heavyweight|88\/100|[from] Leech Seed|[of] p1a: Ferrothorn\n|-heal|p1a: Ferrothorn|57\/100|[silent]\n|upkeep\n|turn|9\n|\n|t:|1650138525\n|switch|p2a: Ozric|Heatran, M|100\/100\n|move|p1a: Ferrothorn|Knock Off|p2a: Ozric\n|-damage|p2a: Ozric|81\/100\n|-enditem|p2a: Ozric|Choice Scarf|[from] move: Knock Off|[of] p1a: Ferrothorn\n|\n|-heal|p1a: Ferrothorn|63\/100|[from] item: Leftovers\n|upkeep\n|turn|10\n|\n|t:|1650138557\n|switch|p1a: Cradily|Cradily, F|96\/100\n|move|p2a: Ozric|Magma Storm|p1a: Cradily\n|-damage|p1a: Cradily|66\/100\n|-activate|p1a: Cradily|move: Magma Storm|[of] p2a: Ozric\n|\n|-heal|p1a: Cradily|72\/100|[from] item: Leftovers\n|-damage|p1a: Cradily|60\/100|[from] move: Magma Storm|[partiallytrapped]\n|upkeep\n|turn|11\n|\n|t:|1650138568\n|move|p2a: Ozric|Flash Cannon|p1a: Cradily\n|-supereffective|p1a: Cradily\n|-damage|p1a: Cradily|10\/100\n|-unboost|p1a: Cradily|spd|1\n|move|p1a: Cradily|Earth Power|p2a: Ozric\n|-supereffective|p2a: Ozric\n|-damage|p2a: Ozric|15\/100\n|-unboost|p2a: Ozric|spd|1\n|\n|-heal|p1a: Cradily|16\/100|[from] item: Leftovers\n|-damage|p1a: Cradily|3\/100|[from] move: Magma Storm|[partiallytrapped]\n|upkeep\n|turn|12\n|\n|t:|1650138580\n|move|p2a: Ozric|Flamethrower|p1a: Cradily\n|-damage|p1a: Cradily|0 fnt\n|faint|p1a: Cradily\n|\n|upkeep\n|\n|t:|1650138616\n|switch|p1a: Kartana|Kartana|100\/100\n|turn|13\n|\n|t:|1650138692\n|switch|p2a: I like|Scizor-Mega, F|76\/100\n|move|p1a: Kartana|Knock Off|p2a: I like\n|-damage|p2a: I like|47\/100\n|\n|upkeep\n|turn|14\n|\n|t:|1650138726\n|switch|p1a: Ferrothorn|Ferrothorn, F|63\/100\n|move|p2a: I like|Roost|p2a: I like\n|-heal|p2a: I like|97\/100\n|-singleturn|p2a: I like|move: Roost\n|\n|-heal|p1a: Ferrothorn|69\/100|[from] item: Leftovers\n|upkeep\n|turn|15\n|\n|t:|1650138733\n|switch|p2a: Ozric|Heatran, M|15\/100\n|move|p1a: Ferrothorn|Leech Seed|p2a: Ozric\n|-start|p2a: Ozric|move: Leech Seed\n|\n|-heal|p1a: Ferrothorn|75\/100|[from] item: Leftovers\n|-damage|p2a: Ozric|3\/100|[from] Leech Seed|[of] p1a: Ferrothorn\n|-heal|p1a: Ferrothorn|87\/100|[silent]\n|upkeep\n|turn|16\n|\n|t:|1650138750\n|switch|p1a: Rillaboom|Rillaboom, M|100\/100\n|-fieldstart|move: Grassy Terrain|[from] ability: Grassy Surge|[of] p1a: Rillaboom\n|move|p2a: Ozric|Flamethrower|p1a: Rillaboom\n|-supereffective|p1a: Rillaboom\n|-damage|p1a: Rillaboom|26\/100\n|\n|-heal|p2a: Ozric|9\/100|[from] Grassy Terrain\n|-heal|p1a: Rillaboom|32\/100|[from] Grassy Terrain\n|-damage|p2a: Ozric|0 fnt|[from] Leech Seed|[of] p1a: Rillaboom\n|-heal|p1a: Rillaboom|39\/100|[silent]\n|faint|p2a: Ozric\n|upkeep\n|\n|t:|1650138754\n|switch|p2a: I like|Scizor-Mega, F|97\/100\n|turn|17\n|\n|t:|1650138763\n|move|p1a: Rillaboom|U-turn|p2a: I like\n|-resisted|p2a: I like\n|-damage|p2a: I like|90\/100\n|\n|t:|1650138767\n|switch|p1a: Ferrothorn|Ferrothorn, F|87\/100|[from]move: U-turn\n|move|p2a: I like|U-turn|p1a: Ferrothorn\n|-damage|p1a: Ferrothorn|68\/100\n|-damage|p2a: I like|77\/100|[from] ability: Iron Barbs|[of] p1a: Ferrothorn\n|\n|t:|1650138803\n|switch|p2a: Heavyweight|Celesteela|88\/100|[from]move: U-turn\n|\n|-heal|p2a: Heavyweight|94\/100|[from] item: Leftovers\n|-heal|p1a: Ferrothorn|74\/100|[from] Grassy Terrain\n|-heal|p1a: Ferrothorn|81\/100|[from] item: Leftovers\n|upkeep\n|turn|18\n|\n|t:|1650138839\n|switch|p1a: Rillaboom|Rillaboom, M|39\/100\n|move|p2a: Heavyweight|Flamethrower|p1a: Rillaboom\n|-supereffective|p1a: Rillaboom\n|-damage|p1a: Rillaboom|1\/100\n|\n|-heal|p2a: Heavyweight|99\/100|[from] item: Leftovers\n|-heal|p1a: Rillaboom|7\/100|[from] Grassy Terrain\n|upkeep\n|turn|19\n|\n|t:|1650138850\n|move|p2a: Heavyweight|Protect|p2a: Heavyweight\n|-singleturn|p2a: Heavyweight|Protect\n|move|p1a: Rillaboom|Knock Off|p2a: Heavyweight\n|-activate|p2a: Heavyweight|move: Protect\n|\n|-heal|p2a: Heavyweight|100\/100|[from] item: Leftovers\n|-heal|p1a: Rillaboom|13\/100|[from] Grassy Terrain\n|upkeep\n|turn|20\n|\n|t:|1650138862\n|move|p2a: Heavyweight|Flame Charge|p1a: Rillaboom\n|-supereffective|p1a: Rillaboom\n|-damage|p1a: Rillaboom|0 fnt\n|-boost|p2a: Heavyweight|spe|1\n|faint|p1a: Rillaboom\n|-ability|p2a: Heavyweight|Beast Boost|boost\n|-boost|p2a: Heavyweight|spa|1\n|\n|-fieldend|move: Grassy Terrain\n|upkeep\n|c|\u2606DjezzeMwoan|wait\n|c|\u2606Ebastia12|Oh no\n|c|\u2606DjezzeMwoan|i outspeed\n|c|\u2606DjezzeMwoan|lol\n|c|\u2606Ebastia12|I didn't expect that either\n|c|\u2606DjezzeMwoan|ye thats good lol\n|\n|t:|1650138971\n|switch|p1a: Breloom|Breloom, M|100\/100\n|turn|21\n|\n|t:|1650138994\n|move|p1a: Breloom|Mach Punch|p2a: Heavyweight\n|-damage|p2a: Heavyweight|59\/100\n|move|p2a: Heavyweight|Flamethrower|p1a: Breloom\n|-supereffective|p1a: Breloom\n|-damage|p1a: Breloom|0 fnt\n|faint|p1a: Breloom\n|-ability|p2a: Heavyweight|Beast Boost|boost\n|-boost|p2a: Heavyweight|spa|1\n|\n|-heal|p2a: Heavyweight|65\/100|[from] item: Leftovers\n|upkeep\n|c|\u2606DjezzeMwoan|ye gg\n|c|\u2606Ebastia12|Unfortunately I can't beat this\n|\n|t:|1650139013\n|switch|p1a: Kartana|Kartana|100\/100\n|turn|22\n|\n|t:|1650139018\n|move|p2a: Heavyweight|Flamethrower|p1a: Kartana\n|-supereffective|p1a: Kartana\n|-damage|p1a: Kartana|0 fnt\n|faint|p1a: Kartana\n|-ability|p2a: Heavyweight|Beast Boost|boost\n|-boost|p2a: Heavyweight|spa|1\n|\n|-heal|p2a: Heavyweight|71\/100|[from] item: Leftovers\n|upkeep\n|\n|t:|1650139025\n|switch|p1a: Shaymin|Shaymin-Sky|71\/100\n|turn|23\n|c|\u2606DjezzeMwoan|i understand\n|c|\u2606DjezzeMwoan|the mu was very hard last time too\n|\n|t:|1650139033\n|move|p2a: Heavyweight|Flamethrower|p1a: Shaymin\n|-supereffective|p1a: Shaymin\n|-damage|p1a: Shaymin|0 fnt\n|faint|p1a: Shaymin\n|-ability|p2a: Heavyweight|Beast Boost|boost\n|-boost|p2a: Heavyweight|spa|1\n|\n|-heal|p2a: Heavyweight|77\/100|[from] item: Leftovers\n|upkeep\n|c|\u2606Ebastia12|I think it was the same set lmao\n|c|\u2606DjezzeMwoan|yo\n|c|\u2606DjezzeMwoan|why is everything so slow\n|c|\u2606Ebastia12|But yeah, grass vs steel is rough\n|\n|t:|1650139052\n|switch|p1a: Ferrothorn|Ferrothorn, F|81\/100\n|turn|24\n|c|\u2606DjezzeMwoan|not exactly\n|c|\u2606DjezzeMwoan|ill post the teams in a sec\n|c|\u2606DjezzeMwoan|gg man\n|c|\u2606Ebastia12|They're all slow because I was creeping drill lol\n|\n|t:|1650139073\n|move|p2a: Heavyweight|Flamethrower|p1a: Ferrothorn\n|-supereffective|p1a: Ferrothorn\n|-damage|p1a: Ferrothorn|0 fnt\n|faint|p1a: Ferrothorn\n|\n|win|DjezzeMwoan\n|c|\u2606Ebastia12|gg\n","uploadtime":1650139086,"views":10,"p1id":"ebastia12","p2id":"djezzemwoan","formatid":"gen8nationaldexdraft","rating":0,"private":0,"password":null}