{"id":"sports-gen8nationaldexdraft-704412","p1":"GwydionZ","p2":"Unviabriel","format":"gen8nationaldexdraft","log":"|j|\u2606GwydionZ\n|j|\u2606Unviabriel\n|t:|1659928177\n|gametype|singles\n|player|p1|GwydionZ|gwydionz.png|\n|player|p2|Unviabriel|unviabriel.png|\n|teamsize|p1|6\n|teamsize|p2|6\n|gen|8\n|tier|[Gen 8] National Dex Draft\n|rule|Sleep Clause Mod: Limit one foe put to sleep\n|rule|OHKO Clause: OHKO moves are banned\n|rule|Evasion Moves Clause: Evasion moves are banned\n|rule|Endless Battle Clause: Forcing endless battles is banned\n|rule|HP Percentage Mod: HP is shown in percentages\n|rule|Dynamax Clause: You cannot dynamax\n|clearpoke\n|poke|p1|Weavile, M|\n|poke|p1|Tapu Fini|\n|poke|p1|Rhydon, M|\n|poke|p1|Thundurus-Therian, M|\n|poke|p1|Arcanine, M|\n|poke|p1|Gallade, M|\n|poke|p2|Cinderace, M|\n|poke|p2|Zapdos|\n|poke|p2|Slowbro, M|\n|poke|p2|Tyranitar, M|\n|poke|p2|Altaria, M|\n|poke|p2|Weezing-Galar, F|\n|teampreview\n|html|<button name=\"send\" class=\"button\" value=\"\/timer ds\"><i class=\"fa fa-hourglass-start\"><\/i> DS Timer<\/button> <button name=\"send\" class=\"button\" value=\"\/timer smogon\"><i class=\"fa fa-hourglass-start\"><\/i> Smogon Timer<\/button>\n|c|\u2606Unviabriel|glhf\n|c|\u2606GwydionZ|u2\n|j| ogma is hot\n|j| vinithewini\n|\n|t:|1659928248\n|start\n|switch|p1a: Saar|Rhydon, M|100\/100\n|switch|p2a: Cinderace|Cinderace, M|100\/100\n|turn|1\n|\n|t:|1659928283\n|move|p2a: Cinderace|U-turn|p1a: Saar\n|-start|p2a: Cinderace|typechange|Bug|[from] ability: Libero\n|-damage|p1a: Saar|82\/100\n|\n|t:|1659928296\n|switch|p2a: Slowbro|Slowbro, M|100\/100|[from]move: U-turn\n|move|p1a: Saar|Stealth Rock|p2a: Slowbro\n|-sidestart|p2: Unviabriel|move: Stealth Rock\n|\n|upkeep\n|turn|2\n|\n|t:|1659928306\n|switch|p1a: Athos|Thundurus-Therian, M|100\/100\n|move|p2a: Slowbro|Scald|p1a: Athos\n|-damage|p1a: Athos|77\/100\n|\n|upkeep\n|turn|3\n|\n|t:|1659928346\n|switch|p2a: Tyranitar|Tyranitar, M|100\/100\n|-damage|p2a: Tyranitar|88\/100|[from] Stealth Rock\n|-weather|Sandstorm|[from] ability: Sand Stream|[of] p2a: Tyranitar\n|move|p1a: Athos|Thunderbolt|p2a: Tyranitar\n|-damage|p2a: Tyranitar|55\/100\n|\n|-weather|Sandstorm|[upkeep]\n|-damage|p1a: Athos|71\/100|[from] Sandstorm\n|upkeep\n|turn|4\n|\n|t:|1659928393\n|move|p2a: Tyranitar|Stone Edge|p1a: Athos\n|-supereffective|p1a: Athos\n|-damage|p1a: Athos|0 fnt\n|faint|p1a: Athos\n|\n|-weather|Sandstorm|[upkeep]\n|upkeep\n|\n|t:|1659928407\n|switch|p1a: Sigurd|Gallade, M, shiny|100\/100\n|turn|5\n|\n|t:|1659928496\n|switch|p2a: Slowbro|Slowbro, M|100\/100\n|-damage|p2a: Slowbro|88\/100|[from] Stealth Rock\n|detailschange|p1a: Sigurd|Gallade-Mega, M, shiny\n|-mega|p1a: Sigurd|Gallade|Galladite\n|move|p1a: Sigurd|Knock Off|p2a: Slowbro\n|-supereffective|p2a: Slowbro\n|-enditem|p2a: Slowbro|Colbur Berry|[eat]\n|-enditem|p2a: Slowbro|Colbur Berry|[weaken]\n|-damage|p2a: Slowbro|63\/100\n|\n|-weather|Sandstorm|[upkeep]\n|-damage|p1a: Sigurd|94\/100|[from] Sandstorm\n|-damage|p2a: Slowbro|57\/100|[from] Sandstorm\n|upkeep\n|turn|6\n|\n|t:|1659928543\n|move|p1a: Sigurd|Swords Dance|p1a: Sigurd\n|-boost|p1a: Sigurd|atk|2\n|move|p2a: Slowbro|Teleport|p2a: Slowbro\n|\n|t:|1659928571\n|switch|p2a: Tyranitar|Tyranitar, M|55\/100|[from]move: Teleport\n|-damage|p2a: Tyranitar|43\/100|[from] Stealth Rock\n|\n|-weather|Sandstorm|[upkeep]\n|-damage|p1a: Sigurd|88\/100|[from] Sandstorm\n|upkeep\n|turn|7\n|\n|t:|1659928607\n|switch|p1a: Mist|Tapu Fini|100\/100\n|-fieldstart|move: Misty Terrain|[from] ability: Misty Surge|[of] p1a: Mist\n|move|p2a: Tyranitar|Foul Play|p1a: Mist\n|-resisted|p1a: Mist\n|-damage|p1a: Mist|93\/100\n|\n|-weather|none\n|upkeep\n|turn|8\n|\n|t:|1659928637\n|switch|p2a: Zapdos|Zapdos|100\/100\n|move|p1a: Mist|Surf|p2a: Zapdos\n|-damage|p2a: Zapdos|71\/100\n|\n|upkeep\n|turn|9\n|\n|t:|1659928661\n|switch|p1a: Saar|Rhydon, M|82\/100\n|move|p2a: Zapdos|U-turn|p1a: Saar\n|-damage|p1a: Saar|75\/100\n|\n|t:|1659928692\n|switch|p2a: Slowbro|Slowbro, M|90\/100|[from]move: U-turn\n|-damage|p2a: Slowbro|78\/100|[from] Stealth Rock\n|\n|upkeep\n|turn|10\n|\n|t:|1659928735\n|switch|p1a: Mist|Tapu Fini|93\/100\n|move|p2a: Slowbro|Scald|p1a: Mist\n|-resisted|p1a: Mist\n|-damage|p1a: Mist|82\/100\n|\n|upkeep\n|turn|11\n|\n|t:|1659928783\n|move|p1a: Mist|Moonblast|p2a: Slowbro\n|-damage|p2a: Slowbro|43\/100\n|-unboost|p2a: Slowbro|spa|1\n|move|p2a: Slowbro|Teleport|p2a: Slowbro\n|\n|t:|1659928864\n|switch|p2a: Zapdos|Zapdos|71\/100|[from]move: Teleport\n|\n|-fieldend|Misty Terrain\n|upkeep\n|turn|12\n|\n|t:|1659928906\n|switch|p1a: Xander|Arcanine, M, shiny|100\/100\n|-ability|p1a: Xander|Intimidate|boost\n|-unboost|p2a: Zapdos|atk|1\n|move|p2a: Zapdos|U-turn|p1a: Xander\n|-resisted|p1a: Xander\n|-damage|p1a: Xander|96\/100\n|j| sponsoredbyNordVPN\n|\n|t:|1659929004\n|switch|p2a: Tyranitar|Tyranitar, M|43\/100|[from]move: U-turn\n|-damage|p2a: Tyranitar|31\/100|[from] Stealth Rock\n|-weather|Sandstorm|[from] ability: Sand Stream|[of] p2a: Tyranitar\n|\n|-weather|Sandstorm|[upkeep]\n|-damage|p1a: Xander|90\/100|[from] Sandstorm\n|upkeep\n|turn|13\n|\n|t:|1659929020\n|switch|p1a: Saar|Rhydon, M|75\/100\n|move|p2a: Tyranitar|Stealth Rock|p1a: Saar\n|-sidestart|p1: GwydionZ|move: Stealth Rock\n|\n|-weather|Sandstorm|[upkeep]\n|upkeep\n|turn|14\n|j| FistToYourDoom\n|\n|t:|1659929106\n|switch|p2a: Altaria|Altaria, M|100\/100\n|-damage|p2a: Altaria|76\/100|[from] Stealth Rock\n|move|p1a: Saar|Megahorn|p2a: Altaria\n|-resisted|p2a: Altaria\n|-damage|p2a: Altaria|49\/100\n|\n|-weather|Sandstorm|[upkeep]\n|-damage|p2a: Altaria|43\/100|[from] Sandstorm\n|upkeep\n|turn|15\n|j| RCR Sub\n|\n|t:|1659929137\n|switch|p1a: Mist|Tapu Fini|82\/100\n|-damage|p1a: Mist|70\/100|[from] Stealth Rock\n|-fieldstart|move: Misty Terrain|[from] ability: Misty Surge|[of] p1a: Mist\n|detailschange|p2a: Altaria|Altaria-Mega, M\n|-mega|p2a: Altaria|Altaria|Altarianite\n|move|p2a: Altaria|Roost|p2a: Altaria\n|-heal|p2a: Altaria|93\/100\n|-singleturn|p2a: Altaria|move: Roost\n|\n|-weather|Sandstorm|[upkeep]\n|-damage|p1a: Mist|64\/100|[from] Sandstorm\n|-damage|p2a: Altaria|87\/100|[from] Sandstorm\n|upkeep\n|turn|16\n|l| FistToYourDoom\n|\n|t:|1659929206\n|switch|p2a: Zapdos|Zapdos|71\/100\n|move|p1a: Mist|Moonblast|p2a: Zapdos\n|-damage|p2a: Zapdos|37\/100\n|\n|-weather|none\n|upkeep\n|turn|17\n|\n|t:|1659929253\n|switch|p1a: Saar|Rhydon, M|75\/100\n|-damage|p1a: Saar|69\/100|[from] Stealth Rock\n|move|p2a: Zapdos|Roost|p2a: Zapdos\n|-heal|p2a: Zapdos|87\/100\n|-singleturn|p2a: Zapdos|move: Roost\n|\n|upkeep\n|turn|18\n|\n|t:|1659929287\n|move|p2a: Zapdos|U-turn|p1a: Saar\n|-damage|p1a: Saar|61\/100\n|\n|t:|1659929318\n|switch|p2a: Altaria|Altaria-Mega, M|87\/100|[from]move: U-turn\n|-damage|p2a: Altaria|74\/100|[from] Stealth Rock\n|move|p1a: Saar|Stone Edge|p2a: Altaria\n|-damage|p2a: Altaria|21\/100\n|\n|upkeep\n|turn|19\n|\n|t:|1659929327\n|move|p2a: Altaria|Earthquake|p1a: Saar\n|-supereffective|p1a: Saar\n|-damage|p1a: Saar|29\/100\n|move|p1a: Saar|Stone Edge|p2a: Altaria\n|-damage|p2a: Altaria|0 fnt\n|faint|p2a: Altaria\n|\n|-fieldend|Misty Terrain\n|upkeep\n|\n|t:|1659929358\n|switch|p2a: Cinderace|Cinderace, M|100\/100\n|turn|20\n|\n|t:|1659929381\n|move|p2a: Cinderace|High Jump Kick|p1a: Saar\n|-start|p2a: Cinderace|typechange|Fighting|[from] ability: Libero\n|-supereffective|p1a: Saar\n|-damage|p1a: Saar|0 fnt\n|faint|p1a: Saar\n|\n|upkeep\n|\n|t:|1659929390\n|switch|p1a: Mist|Tapu Fini|64\/100\n|-damage|p1a: Mist|51\/100|[from] Stealth Rock\n|-fieldstart|move: Misty Terrain|[from] ability: Misty Surge|[of] p1a: Mist\n|turn|21\n|\n|t:|1659929428\n|switch|p2a: Zapdos|Zapdos|87\/100\n|move|p1a: Mist|Moonblast|p2a: Zapdos\n|-damage|p2a: Zapdos|50\/100\n|\n|upkeep\n|turn|22\n|\n|t:|1659929445\n|switch|p1a: Sigurd|Gallade-Mega, M, shiny|88\/100\n|-damage|p1a: Sigurd|82\/100|[from] Stealth Rock\n|move|p2a: Zapdos|Thunderbolt|p1a: Sigurd\n|-damage|p1a: Sigurd|40\/100\n|\n|upkeep\n|turn|23\n|\n|t:|1659929559\n|move|p1a: Sigurd|Swords Dance|p1a: Sigurd\n|-boost|p1a: Sigurd|atk|2\n|move|p2a: Zapdos|U-turn|p1a: Sigurd\n|-damage|p1a: Sigurd|24\/100\n|\n|t:|1659929565\n|switch|p2a: Cinderace|Cinderace, M|100\/100|[from]move: U-turn\n|\n|upkeep\n|turn|24\n|\n|t:|1659929603\n|move|p2a: Cinderace|U-turn|p1a: Sigurd\n|-start|p2a: Cinderace|typechange|Bug|[from] ability: Libero\n|-damage|p1a: Sigurd|0 fnt\n|faint|p1a: Sigurd\n|\n|t:|1659929662\n|switch|p2a: Tyranitar|Tyranitar, M|31\/100|[from]move: U-turn\n|-damage|p2a: Tyranitar|18\/100|[from] Stealth Rock\n|-weather|Sandstorm|[from] ability: Sand Stream|[of] p2a: Tyranitar\n|\n|-weather|Sandstorm|[upkeep]\n|upkeep\n|\n|t:|1659929669\n|switch|p1a: Mist|Tapu Fini|51\/100\n|-damage|p1a: Mist|39\/100|[from] Stealth Rock\n|turn|25\n|\n|t:|1659929687\n|move|p1a: Mist|Moonblast|p2a: Tyranitar\n|-supereffective|p2a: Tyranitar\n|-crit|p2a: Tyranitar\n|-damage|p2a: Tyranitar|0 fnt\n|faint|p2a: Tyranitar\n|\n|-weather|Sandstorm|[upkeep]\n|-damage|p1a: Mist|33\/100|[from] Sandstorm\n|-fieldend|Misty Terrain\n|upkeep\n|\n|t:|1659929748\n|switch|p2a: Cinderace|Cinderace, M|100\/100\n|turn|26\n|\n|t:|1659929768\n|move|p1a: Mist|Moonblast|p2a: Cinderace\n|-resisted|p2a: Cinderace\n|-damage|p2a: Cinderace|77\/100\n|move|p2a: Cinderace|Gunk Shot|p1a: Mist\n|-start|p2a: Cinderace|typechange|Poison|[from] ability: Libero\n|-supereffective|p1a: Mist\n|-damage|p1a: Mist|0 fnt\n|faint|p1a: Mist\n|\n|-weather|Sandstorm|[upkeep]\n|-damage|p2a: Cinderace|71\/100|[from] Sandstorm\n|upkeep\n|\n|t:|1659929808\n|switch|p1a: Xander|Arcanine, M, shiny|90\/100\n|-damage|p1a: Xander|65\/100|[from] Stealth Rock\n|-ability|p1a: Xander|Intimidate|boost\n|-unboost|p2a: Cinderace|atk|1\n|turn|27\n|\n|t:|1659929823\n|switch|p2a: Slowbro|Slowbro, M|76\/100\n|-damage|p2a: Slowbro|64\/100|[from] Stealth Rock\n|move|p1a: Xander|Snarl|p2a: Slowbro\n|-supereffective|p2a: Slowbro\n|-damage|p2a: Slowbro|26\/100\n|-unboost|p2a: Slowbro|spa|1\n|\n|-weather|Sandstorm|[upkeep]\n|-damage|p1a: Xander|59\/100|[from] Sandstorm\n|-damage|p2a: Slowbro|20\/100|[from] Sandstorm\n|upkeep\n|turn|28\n|\n|t:|1659929897\n|switch|p2a: Zapdos|Zapdos|50\/100\n|move|p1a: Xander|Agility|p1a: Xander\n|-boost|p1a: Xander|spe|2\n|\n|-weather|none\n|upkeep\n|turn|29\n|\n|t:|1659929916\n|move|p1a: Xander|Snarl|p2a: Zapdos\n|-damage|p2a: Zapdos|34\/100\n|-unboost|p2a: Zapdos|spa|1\n|move|p2a: Zapdos|Thunderbolt|p1a: Xander\n|-damage|p1a: Xander|27\/100\n|-status|p1a: Xander|par\n|\n|upkeep\n|turn|30\n|c|\u2606GwydionZ|welp\n|\n|t:|1659929940\n|move|p2a: Zapdos|U-turn|p1a: Xander\n|-resisted|p1a: Xander\n|-damage|p1a: Xander|20\/100 par\n|\n|t:|1659929952\n|switch|p2a: Slowbro|Slowbro, M|53\/100|[from]move: U-turn\n|-damage|p2a: Slowbro|41\/100|[from] Stealth Rock\n|move|p1a: Xander|Flamethrower|p2a: Slowbro\n|-resisted|p2a: Slowbro\n|-damage|p2a: Slowbro|17\/100\n|-status|p2a: Slowbro|brn\n|\n|-damage|p2a: Slowbro|11\/100 brn|[from] brn\n|upkeep\n|turn|31\n|\n|t:|1659929965\n|move|p1a: Xander|Flamethrower|p2a: Slowbro\n|-resisted|p2a: Slowbro\n|-crit|p2a: Slowbro\n|-damage|p2a: Slowbro|0 fnt\n|faint|p2a: Slowbro\n|\n|upkeep\n|\n|t:|1659929974\n|switch|p2a: Cinderace|Cinderace, M|71\/100\n|turn|32\n|\n|t:|1659929980\n|move|p2a: Cinderace|High Jump Kick|p1a: Xander\n|-start|p2a: Cinderace|typechange|Fighting|[from] ability: Libero\n|-damage|p1a: Xander|0 fnt\n|faint|p1a: Xander\n|\n|upkeep\n|\n|t:|1659929987\n|switch|p1a: Jin|Weavile, M|100\/100\n|-ability|p1a: Jin|Pressure\n|turn|33\n|\n|t:|1659930005\n|move|p1a: Jin|Swords Dance|p1a: Jin\n|-boost|p1a: Jin|atk|2\n|move|p2a: Cinderace|High Jump Kick|p1a: Jin\n|-supereffective|p1a: Jin\n|-damage|p1a: Jin|0 fnt\n|faint|p1a: Jin\n|\n|win|Unviabriel\n|c|\u2606Unviabriel|gg\n","uploadtime":1659930010,"views":39,"p1id":"gwydionz","p2id":"unviabriel","formatid":"gen8nationaldexdraft","rating":0,"private":0,"password":null}