{"id":"sports-gen8nationaldexlegacy-707463","p1":"rooopos","p2":"ScicleX","format":"gen8nationaldexlegacy","log":"|j|\u2606rooopos\n|j|\u2606ScicleX\n|t:|1660392830\n|gametype|singles\n|player|p1|rooopos|2|\n|player|p2|ScicleX|265|\n|teamsize|p1|6\n|teamsize|p2|6\n|gen|8\n|tier|[Gen 8] National Dex Legacy\n|rule|Sleep Clause Mod: Limit one foe put to sleep\n|rule|OHKO Clause: OHKO moves are banned\n|rule|Evasion Moves Clause: Evasion moves are banned\n|rule|Endless Battle Clause: Forcing endless battles is banned\n|rule|HP Percentage Mod: HP is shown in percentages\n|rule|Dynamax Clause: You cannot dynamax\n|clearpoke\n|poke|p1|Scizor, F|\n|poke|p1|Passimian, F|\n|poke|p1|Dragapult, M|\n|poke|p1|Zarude|\n|poke|p1|Donphan, M|\n|poke|p1|Zapdos|\n|poke|p2|Blissey, F|\n|poke|p2|Abomasnow, F|\n|poke|p2|Jolteon, F|\n|poke|p2|Thundurus-Therian, M|\n|poke|p2|Hippowdon, M|\n|poke|p2|Klefki, M|\n|teampreview\n|html|<button name=\"send\" class=\"button\" value=\"\/timer ds\"><i class=\"fa fa-hourglass-start\"><\/i> DS Timer<\/button> <button name=\"send\" class=\"button\" value=\"\/timer smogon\"><i class=\"fa fa-hourglass-start\"><\/i> Smogon Timer<\/button>\n|c|\u2606ScicleX|Nhhf\n|j| PorygonTheBot\n|c|\u2606rooopos|u2\n|\n|t:|1660392917\n|start\n|switch|p1a: Donphan|Donphan, M|100\/100\n|switch|p2a: Ursala|Abomasnow, F, shiny|100\/100\n|-weather|Hail|[from] ability: Snow Warning|[of] p2a: Ursala\n|turn|1\n|\n|t:|1660392931\n|switch|p1a: Scizor|Scizor, F|100\/100\n|move|p2a: Ursala|Blizzard|p1a: Scizor\n|-resisted|p1a: Scizor\n|-damage|p1a: Scizor|80\/100\n|\n|-weather|Hail|[upkeep]\n|-damage|p1a: Scizor|74\/100|[from] Hail\n|upkeep\n|turn|2\n|\n|t:|1660392945\n|switch|p2a: Judge Doom|Hippowdon, M|100\/100\n|detailschange|p1a: Scizor|Scizor-Mega, F\n|-mega|p1a: Scizor|Scizor|Scizorite\n|move|p1a: Scizor|Roost|p1a: Scizor\n|-heal|p1a: Scizor|100\/100\n|-singleturn|p1a: Scizor|move: Roost\n|\n|-weather|Hail|[upkeep]\n|-damage|p1a: Scizor|94\/100|[from] Hail\n|-damage|p2a: Judge Doom|94\/100|[from] Hail\n|-heal|p2a: Judge Doom|100\/100|[from] item: Leftovers\n|upkeep\n|turn|3\n|\n|t:|1660392962\n|switch|p1a: Donphan|Donphan, M|100\/100\n|move|p2a: Judge Doom|Fire Fang|p1a: Donphan\n|-damage|p1a: Donphan|91\/100\n|\n|-weather|Hail|[upkeep]\n|-damage|p1a: Donphan|85\/100|[from] Hail\n|-damage|p2a: Judge Doom|94\/100|[from] Hail\n|-heal|p1a: Donphan|91\/100|[from] item: Leftovers\n|-heal|p2a: Judge Doom|100\/100|[from] item: Leftovers\n|upkeep\n|turn|4\n|\n|t:|1660392970\n|move|p1a: Donphan|Toxic|p2a: Judge Doom\n|-status|p2a: Judge Doom|tox\n|move|p2a: Judge Doom|Toxic|p1a: Donphan\n|-status|p1a: Donphan|tox\n|\n|-weather|Hail|[upkeep]\n|-damage|p1a: Donphan|85\/100 tox|[from] Hail\n|-damage|p2a: Judge Doom|94\/100 tox|[from] Hail\n|-heal|p1a: Donphan|91\/100 tox|[from] item: Leftovers\n|-heal|p2a: Judge Doom|100\/100 tox|[from] item: Leftovers\n|-damage|p1a: Donphan|85\/100 tox|[from] psn\n|-damage|p2a: Judge Doom|94\/100 tox|[from] psn\n|upkeep\n|turn|5\n|\n|t:|1660392996\n|switch|p2a: He Who Remains|Klefki, M, shiny|100\/100\n|move|p1a: Donphan|Stealth Rock|p2a: He Who Remains\n|-sidestart|p2: ScicleX|move: Stealth Rock\n|\n|-weather|Hail|[upkeep]\n|-damage|p2a: He Who Remains|95\/100|[from] Hail\n|-damage|p1a: Donphan|79\/100 tox|[from] Hail\n|-heal|p1a: Donphan|85\/100 tox|[from] item: Leftovers\n|-damage|p1a: Donphan|73\/100 tox|[from] psn\n|upkeep\n|turn|6\n|\n|t:|1660393007\n|switch|p2a: Zeus|Thundurus-Therian, M, shiny|100\/100\n|-damage|p2a: Zeus|75\/100|[from] Stealth Rock\n|move|p1a: Donphan|Earthquake|p2a: Zeus\n|-immune|p2a: Zeus\n|\n|-weather|Hail|[upkeep]\n|-damage|p2a: Zeus|69\/100|[from] Hail\n|-damage|p1a: Donphan|67\/100 tox|[from] Hail\n|-heal|p1a: Donphan|73\/100 tox|[from] item: Leftovers\n|-damage|p1a: Donphan|55\/100 tox|[from] psn\n|upkeep\n|turn|7\n|\n|t:|1660393021\n|switch|p1a: Scizor|Scizor-Mega, F|94\/100\n|move|p2a: Zeus|Weather Ball|p1a: Scizor\n|-resisted|p1a: Scizor\n|-damage|p1a: Scizor|61\/100\n|\n|-weather|Hail|[upkeep]\n|-damage|p2a: Zeus|63\/100|[from] Hail\n|-damage|p1a: Scizor|55\/100|[from] Hail\n|upkeep\n|turn|8\n|j| TalesDK\n|\n|t:|1660393040\n|switch|p2a: Judge Doom|Hippowdon, M|94\/100 tox\n|-damage|p2a: Judge Doom|88\/100 tox|[from] Stealth Rock\n|move|p1a: Scizor|Roost|p1a: Scizor\n|-heal|p1a: Scizor|100\/100\n|-singleturn|p1a: Scizor|move: Roost\n|\n|-weather|none\n|-heal|p2a: Judge Doom|94\/100 tox|[from] item: Leftovers\n|-damage|p2a: Judge Doom|88\/100 tox|[from] psn\n|upkeep\n|turn|9\n|\n|t:|1660393068\n|switch|p1a: Dragapult|Dragapult, M|100\/100\n|move|p2a: Judge Doom|Fire Fang|p1a: Dragapult\n|-resisted|p1a: Dragapult\n|-damage|p1a: Dragapult|91\/100\n|\n|-heal|p2a: Judge Doom|94\/100 tox|[from] item: Leftovers\n|-damage|p2a: Judge Doom|82\/100 tox|[from] psn\n|upkeep\n|turn|10\n|\n|t:|1660393087\n|switch|p2a: Ursala|Abomasnow, F, shiny|100\/100\n|-damage|p2a: Ursala|75\/100|[from] Stealth Rock\n|-weather|Hail|[from] ability: Snow Warning|[of] p2a: Ursala\n|move|p1a: Dragapult|Hydro Pump|p2a: Ursala\n|-resisted|p2a: Ursala\n|-crit|p2a: Ursala\n|-damage|p2a: Ursala|58\/100\n|\n|-weather|Hail|[upkeep]\n|-damage|p1a: Dragapult|85\/100|[from] Hail\n|upkeep\n|turn|11\n|\n|t:|1660393161\n|switch|p1a: Scizor|Scizor-Mega, F|100\/100\n|move|p2a: Ursala|Leech Seed|p1a: Scizor\n|-start|p1a: Scizor|move: Leech Seed\n|\n|-weather|Hail|[upkeep]\n|-damage|p1a: Scizor|94\/100|[from] Hail\n|-damage|p1a: Scizor|82\/100|[from] Leech Seed|[of] p2a: Ursala\n|-heal|p2a: Ursala|68\/100|[silent]\n|upkeep\n|turn|12\n|\n|t:|1660393179\n|switch|p1a: Dragapult|Dragapult, M|85\/100\n|move|p2a: Ursala|Protect||[still]\n|-fail|p2a: Ursala\n|\n|-weather|Hail|[upkeep]\n|-damage|p1a: Dragapult|79\/100|[from] Hail\n|upkeep\n|turn|13\n|\n|t:|1660393189\n|switch|p1a: Zapdos|Zapdos|100\/100\n|move|p2a: Ursala|Protect||[still]\n|-fail|p2a: Ursala\n|\n|-weather|Hail|[upkeep]\n|-damage|p1a: Zapdos|94\/100|[from] Hail\n|upkeep\n|turn|14\n|\n|t:|1660393201\n|switch|p2a: Bewilderbeast|Blissey, F, shiny|100\/100\n|-damage|p2a: Bewilderbeast|88\/100|[from] Stealth Rock\n|move|p1a: Zapdos|U-turn|p2a: Bewilderbeast\n|-damage|p2a: Bewilderbeast|60\/100\n|\n|t:|1660393208\n|switch|p1a: Passimian|Passimian, F|100\/100|[from]move: U-turn\n|\n|-weather|Hail|[upkeep]\n|-damage|p1a: Passimian|94\/100|[from] Hail\n|-damage|p2a: Bewilderbeast|54\/100|[from] Hail\n|-heal|p2a: Bewilderbeast|60\/100|[from] item: Leftovers\n|upkeep\n|turn|15\n|\n|t:|1660393222\n|switch|p2a: Judge Doom|Hippowdon, M|82\/100 tox\n|-damage|p2a: Judge Doom|76\/100 tox|[from] Stealth Rock\n|move|p1a: Passimian|Knock Off|p2a: Judge Doom\n|-damage|p2a: Judge Doom|52\/100 tox\n|-enditem|p2a: Judge Doom|Leftovers|[from] move: Knock Off|[of] p1a: Passimian\n|-damage|p1a: Passimian|84\/100|[from] item: Life Orb\n|\n|-weather|Hail|[upkeep]\n|-damage|p1a: Passimian|78\/100|[from] Hail\n|-damage|p2a: Judge Doom|46\/100 tox|[from] Hail\n|-damage|p2a: Judge Doom|40\/100 tox|[from] psn\n|upkeep\n|turn|16\n|\n|t:|1660393261\n|move|p1a: Passimian|Close Combat|p2a: Judge Doom\n|-damage|p2a: Judge Doom|1\/100 tox\n|-unboost|p1a: Passimian|def|1\n|-unboost|p1a: Passimian|spd|1\n|-damage|p1a: Passimian|68\/100|[from] item: Life Orb\n|move|p2a: Judge Doom|Slack Off|p2a: Judge Doom\n|-heal|p2a: Judge Doom|51\/100 tox\n|\n|-weather|Hail|[upkeep]\n|-damage|p1a: Passimian|62\/100|[from] Hail\n|-damage|p2a: Judge Doom|45\/100 tox|[from] Hail\n|-damage|p2a: Judge Doom|32\/100 tox|[from] psn\n|upkeep\n|turn|17\n|\n|t:|1660393277\n|move|p2a: Judge Doom|Protect|p2a: Judge Doom\n|-singleturn|p2a: Judge Doom|Protect\n|move|p1a: Passimian|Close Combat|p2a: Judge Doom\n|-activate|p2a: Judge Doom|move: Protect\n|\n|-weather|none\n|-damage|p2a: Judge Doom|14\/100 tox|[from] psn\n|upkeep\n|turn|18\n|\n|t:|1660393288\n|move|p1a: Passimian|Knock Off|p2a: Judge Doom\n|-damage|p2a: Judge Doom|0 fnt\n|faint|p2a: Judge Doom\n|-damage|p1a: Passimian|52\/100|[from] item: Life Orb\n|\n|upkeep\n|\n|t:|1660393298\n|switch|p2a: Emperor Palpitine|Jolteon, F|100\/100\n|-damage|p2a: Emperor Palpitine|88\/100|[from] Stealth Rock\n|turn|19\n|\n|t:|1660393309\n|switch|p1a: Donphan|Donphan, M|55\/100 tox\n|move|p2a: Emperor Palpitine|Volt Switch|p1a: Donphan\n|-immune|p1a: Donphan\n|\n|-heal|p1a: Donphan|61\/100 tox|[from] item: Leftovers\n|-damage|p1a: Donphan|55\/100 tox|[from] psn\n|-status|p2a: Emperor Palpitine|brn|[from] item: Flame Orb\n|upkeep\n|turn|20\n|\n|t:|1660393320\n|move|p2a: Emperor Palpitine|Protect|p2a: Emperor Palpitine\n|-singleturn|p2a: Emperor Palpitine|Protect\n|move|p1a: Donphan|Earthquake|p2a: Emperor Palpitine\n|-activate|p2a: Emperor Palpitine|move: Protect\n|\n|-heal|p1a: Donphan|61\/100 tox|[from] item: Leftovers\n|-damage|p1a: Donphan|49\/100 tox|[from] psn\n|-damage|p2a: Emperor Palpitine|82\/100 brn|[from] brn\n|upkeep\n|turn|21\n|\n|t:|1660393339\n|switch|p2a: Ursala|Abomasnow, F, shiny|68\/100\n|-damage|p2a: Ursala|43\/100|[from] Stealth Rock\n|-weather|Hail|[from] ability: Snow Warning|[of] p2a: Ursala\n|move|p1a: Donphan|Earthquake|p2a: Ursala\n|-resisted|p2a: Ursala\n|-damage|p2a: Ursala|21\/100\n|\n|-weather|Hail|[upkeep]\n|-damage|p1a: Donphan|43\/100 tox|[from] Hail\n|-heal|p1a: Donphan|49\/100 tox|[from] item: Leftovers\n|-damage|p1a: Donphan|31\/100 tox|[from] psn\n|upkeep\n|turn|22\n|\n|t:|1660393360\n|switch|p1a: Zapdos|Zapdos|94\/100\n|move|p2a: Ursala|Aurora Veil|p2a: Ursala\n|-sidestart|p2: ScicleX|move: Aurora Veil\n|\n|-weather|Hail|[upkeep]\n|-damage|p1a: Zapdos|88\/100|[from] Hail\n|upkeep\n|turn|23\n|\n|t:|1660393369\n|move|p1a: Zapdos|U-turn|p2a: Ursala\n|-supereffective|p2a: Ursala\n|-damage|p2a: Ursala|4\/100\n|\n|t:|1660393377\n|switch|p1a: Scizor|Scizor-Mega, F|82\/100|[from]move: U-turn\n|move|p2a: Ursala|Blizzard|p1a: Scizor\n|-resisted|p1a: Scizor\n|-damage|p1a: Scizor|64\/100\n|\n|-weather|Hail|[upkeep]\n|-damage|p1a: Scizor|57\/100|[from] Hail\n|upkeep\n|turn|24\n|\n|t:|1660393388\n|move|p1a: Scizor|Bullet Punch|p2a: Ursala\n|-supereffective|p2a: Ursala\n|-damage|p2a: Ursala|0 fnt\n|faint|p2a: Ursala\n|\n|-weather|Hail|[upkeep]\n|-damage|p1a: Scizor|51\/100|[from] Hail\n|upkeep\n|\n|t:|1660393395\n|switch|p2a: Zeus|Thundurus-Therian, M, shiny|63\/100\n|-damage|p2a: Zeus|38\/100|[from] Stealth Rock\n|turn|25\n|\n|t:|1660393452\n|switch|p1a: Donphan|Donphan, M|31\/100 tox\n|move|p2a: Zeus|Incinerate|p1a: Donphan\n|-damage|p1a: Donphan|0 fnt\n|faint|p1a: Donphan\n|\n|-weather|Hail|[upkeep]\n|-damage|p2a: Zeus|32\/100|[from] Hail\n|upkeep\n|\n|t:|1660393466\n|switch|p1a: Dragapult|Dragapult, M|79\/100\n|turn|26\n|\n|t:|1660393475\n|move|p2a: Zeus|Incinerate|p1a: Dragapult\n|-resisted|p1a: Dragapult\n|-damage|p1a: Dragapult|53\/100\n|move|p1a: Dragapult|Dragon Dance|p1a: Dragapult\n|-boost|p1a: Dragapult|atk|1\n|-boost|p1a: Dragapult|spe|1\n|\n|-weather|Hail|[upkeep]\n|-damage|p1a: Dragapult|47\/100|[from] Hail\n|-damage|p2a: Zeus|26\/100|[from] Hail\n|-sideend|p2: ScicleX|move: Aurora Veil\n|upkeep\n|turn|27\n|\n|t:|1660393486\n|move|p1a: Dragapult|Dragon Darts|p2a: Zeus\n|-damage|p2a: Zeus|0 fnt\n|faint|p2a: Zeus\n|\n|-weather|Hail|[upkeep]\n|-damage|p1a: Dragapult|41\/100|[from] Hail\n|upkeep\n|\n|t:|1660393488\n|switch|p2a: Emperor Palpitine|Jolteon, F|82\/100 brn\n|-damage|p2a: Emperor Palpitine|70\/100 brn|[from] Stealth Rock\n|turn|28\n|\n|t:|1660393493\n|switch|p1a: Zapdos|Zapdos|88\/100\n|move|p2a: Emperor Palpitine|Weather Ball|p1a: Zapdos\n|-supereffective|p1a: Zapdos\n|-damage|p1a: Zapdos|30\/100\n|\n|-weather|none\n|-damage|p2a: Emperor Palpitine|63\/100 brn|[from] brn\n|upkeep\n|turn|29\n|\n|t:|1660393504\n|move|p2a: Emperor Palpitine|Thunderbolt|p1a: Zapdos\n|-damage|p1a: Zapdos|0 fnt\n|faint|p1a: Zapdos\n|\n|-damage|p2a: Emperor Palpitine|57\/100 brn|[from] brn\n|upkeep\n|\n|t:|1660393508\n|switch|p1a: Zarude|Zarude|100\/100\n|turn|30\n|\n|t:|1660393542\n|move|p2a: Emperor Palpitine|Thunderbolt|p1a: Zarude\n|-resisted|p1a: Zarude\n|-damage|p1a: Zarude|79\/100\n|move|p1a: Zarude|Bulk Up|p1a: Zarude\n|-boost|p1a: Zarude|atk|1\n|-boost|p1a: Zarude|def|1\n|\n|-heal|p1a: Zarude|85\/100|[from] item: Leftovers\n|-damage|p2a: Emperor Palpitine|51\/100 brn|[from] brn\n|upkeep\n|turn|31\n|\n|t:|1660393549\n|move|p2a: Emperor Palpitine|Thunderbolt|p1a: Zarude\n|-resisted|p1a: Zarude\n|-damage|p1a: Zarude|66\/100\n|move|p1a: Zarude|Power Whip|p2a: Emperor Palpitine\n|-damage|p2a: Emperor Palpitine|0 fnt\n|faint|p2a: Emperor Palpitine\n|\n|-heal|p1a: Zarude|72\/100|[from] item: Leftovers\n|upkeep\n|\n|t:|1660393556\n|switch|p2a: He Who Remains|Klefki, M, shiny|95\/100\n|-damage|p2a: He Who Remains|89\/100|[from] Stealth Rock\n|turn|32\n|\n|t:|1660393559\n|move|p2a: He Who Remains|Iron Defense|p2a: He Who Remains\n|-boost|p2a: He Who Remains|def|2\n|move|p1a: Zarude|Close Combat|p2a: He Who Remains\n|-damage|p2a: He Who Remains|64\/100\n|-unboost|p1a: Zarude|def|1\n|-unboost|p1a: Zarude|spd|1\n|\n|-heal|p1a: Zarude|78\/100|[from] item: Leftovers\n|upkeep\n|turn|33\n|\n|t:|1660393571\n|move|p1a: Zarude|Bulk Up|p1a: Zarude\n|-boost|p1a: Zarude|atk|1\n|-boost|p1a: Zarude|def|1\n|move|p2a: He Who Remains|Draining Kiss|p1a: Zarude\n|-supereffective|p1a: Zarude\n|-damage|p1a: Zarude|21\/100\n|-heal|p2a: He Who Remains|100\/100|[from] drain|[of] p1a: Zarude\n|\n|-heal|p1a: Zarude|27\/100|[from] item: Leftovers\n|upkeep\n|turn|34\n|\n|t:|1660393577\n|switch|p1a: Scizor|Scizor-Mega, F|51\/100\n|move|p2a: He Who Remains|Draining Kiss|p1a: Scizor\n|-resisted|p1a: Scizor\n|-damage|p1a: Scizor|42\/100\n|\n|upkeep\n|turn|35\n|\n|t:|1660393582\n|move|p2a: He Who Remains|Iron Defense|p2a: He Who Remains\n|-boost|p2a: He Who Remains|def|2\n|move|p1a: Scizor|Roost|p1a: Scizor\n|-heal|p1a: Scizor|92\/100\n|-singleturn|p1a: Scizor|move: Roost\n|\n|upkeep\n|turn|36\n|\n|t:|1660393587\n|move|p2a: He Who Remains|Iron Defense|p2a: He Who Remains\n|-boost|p2a: He Who Remains|def|2\n|move|p1a: Scizor|Swords Dance|p1a: Scizor\n|-boost|p1a: Scizor|atk|2\n|\n|upkeep\n|turn|37\n|\n|t:|1660393612\n|move|p2a: He Who Remains|Calm Mind|p2a: He Who Remains\n|-boost|p2a: He Who Remains|spa|1\n|-boost|p2a: He Who Remains|spd|1\n|move|p1a: Scizor|Swords Dance|p1a: Scizor\n|-boost|p1a: Scizor|atk|2\n|\n|upkeep\n|turn|38\n|\n|t:|1660393641\n|move|p2a: He Who Remains|Calm Mind|p2a: He Who Remains\n|-boost|p2a: He Who Remains|spa|1\n|-boost|p2a: He Who Remains|spd|1\n|move|p1a: Scizor|Swords Dance|p1a: Scizor\n|-boost|p1a: Scizor|atk|2\n|\n|upkeep\n|turn|39\n|c|\u2606rooopos|test\n|\n|t:|1660393769\n|move|p1a: Scizor|Bullet Punch|p2a: He Who Remains\n|-damage|p2a: He Who Remains|70\/100\n|move|p2a: He Who Remains|Stored Power|p1a: Scizor\n|-resisted|p1a: Scizor\n|-damage|p1a: Scizor|49\/100\n|\n|upkeep\n|turn|40\n|\n|t:|1660393777\n|move|p2a: He Who Remains|Stored Power|p1a: Scizor\n|-resisted|p1a: Scizor\n|-damage|p1a: Scizor|4\/100\n|move|p1a: Scizor|Roost|p1a: Scizor\n|-heal|p1a: Scizor|55\/100\n|-singleturn|p1a: Scizor|move: Roost\n|\n|upkeep\n|turn|41\n|\n|t:|1660393785\n|move|p1a: Scizor|Bullet Punch|p2a: He Who Remains\n|-damage|p2a: He Who Remains|37\/100\n|move|p2a: He Who Remains|Stored Power|p1a: Scizor\n|-resisted|p1a: Scizor\n|-damage|p1a: Scizor|9\/100\n|\n|upkeep\n|turn|42\n|\n|t:|1660393796\n|move|p1a: Scizor|Bullet Punch|p2a: He Who Remains\n|-damage|p2a: He Who Remains|7\/100\n|move|p2a: He Who Remains|Calm Mind|p2a: He Who Remains\n|-boost|p2a: He Who Remains|spa|1\n|-boost|p2a: He Who Remains|spd|1\n|\n|upkeep\n|turn|43\n|\n|t:|1660393800\n|move|p1a: Scizor|Bullet Punch|p2a: He Who Remains\n|-crit|p2a: He Who Remains\n|-damage|p2a: He Who Remains|0 fnt\n|faint|p2a: He Who Remains\n|\n|upkeep\n|c|\u2606ScicleX|Gg\n|c|\u2606rooopos|gg\n|\n|t:|1660393805\n|switch|p2a: Bewilderbeast|Blissey, F, shiny|60\/100\n|-damage|p2a: Bewilderbeast|48\/100|[from] Stealth Rock\n|turn|44\n|\n|t:|1660393808\n|move|p1a: Scizor|Bullet Punch|p2a: Bewilderbeast\n|-damage|p2a: Bewilderbeast|0 fnt\n|faint|p2a: Bewilderbeast\n|\n|win|rooopos\n|l| TalesDK\n","uploadtime":1660393819,"views":20,"p1id":"rooopos","p2id":"sciclex","formatid":"gen8nationaldexlegacy","rating":0,"private":0,"password":null}