{"id":"sports-gen7draftleague-684941","p1":"gm cookie","p2":"GeniusX","format":"gen7draftleague","log":"|j|\u2606gm cookie\n|j|\u2606GeniusX\n|t:|1657463580\n|gametype|singles\n|player|p1|gm cookie|gmcookie.png|\n|player|p2|GeniusX|geniusx.gif|\n|teamsize|p1|6\n|teamsize|p2|6\n|gen|7\n|tier|[Gen 7] Draft League\n|rule|Sleep Clause Mod: Limit one foe put to sleep\n|rule|OHKO Clause: OHKO moves are banned\n|rule|Evasion Moves Clause: Evasion moves are banned\n|rule|Endless Battle Clause: Forcing endless battles is banned\n|rule|HP Percentage Mod: HP is shown in percentages\n|clearpoke\n|poke|p1|Donphan, F|item\n|poke|p1|Steelix, M|item\n|poke|p1|Kyurem-Black|item\n|poke|p1|Zapdos|item\n|poke|p1|Spiritomb, M|item\n|poke|p1|Diancie|item\n|poke|p2|Latios, M|item\n|poke|p2|Slowbro, M|item\n|poke|p2|Zeraora|item\n|poke|p2|Excadrill, M|item\n|poke|p2|Gigalith, M|item\n|poke|p2|Muk-Alola, F|item\n|teampreview\n|html|<button name=\"send\" class=\"button\" value=\"\/timer ds\"><i class=\"fa fa-hourglass-start\"><\/i> DS Timer<\/button> <button name=\"send\" class=\"button\" value=\"\/timer smogon\"><i class=\"fa fa-hourglass-start\"><\/i> Smogon Timer<\/button>\n|c|\u2606GeniusX|hf\n|c|\u2606gm cookie|hf\n|j| Igycsttdcyvj\n|c| Igycsttdcyvj|Let\u2019s go xing \n|j| palkia62\n|j| The Damn Goat\n|j| EGAWalreins\n|j| sirkill2134\n|l| Igycsttdcyvj\n|\n|t:|1657463643\n|start\n|switch|p1a: Charged Charlie|Zapdos|100\/100\n|switch|p2a: Slowbro|Slowbro, M|100\/100\n|turn|1\n|inactive|Battle timer is ON: inactive players will automatically lose when time's up. (requested by gm cookie)\n|j| Skyho\n|j| Odindark23\n|l| Skyho\n|j| The vcrrxtvbu\n|j| Glopper\n|inactive|GeniusX has 270 seconds left.\n|j| PokeFan4125\n|j| Kniops\n|\n|t:|1657463678\n|move|p1a: Charged Charlie|Thunderbolt|p2a: Slowbro\n|-supereffective|p2a: Slowbro\n|-damage|p2a: Slowbro|35\/100\n|move|p2a: Slowbro|Yawn|p1a: Charged Charlie\n|-start|p1a: Charged Charlie|move: Yawn|[of] p2a: Slowbro\n|\n|upkeep\n|turn|2\n|l| PokeFan4125\n|inactive|gm cookie has 270 seconds left.\n|inactive|GeniusX has 270 seconds left.\n|j| b0re\n|\n|t:|1657463721\n|switch|p2a: Muk|Muk-Alola, F|100\/100\n|move|p1a: Charged Charlie|Thunderbolt|p2a: Muk\n|-damage|p2a: Muk|72\/100\n|\n|-heal|p2a: Muk|78\/100|[from] item: Black Sludge\n|-end|p1a: Charged Charlie|move: Yawn|[silent]\n|-status|p1a: Charged Charlie|slp\n|upkeep\n|turn|3\n|j| DrinkingRedWine\n|inactive|gm cookie has 270 seconds left.\n|j| PokeFan4125\n|j| Troupe Pikapika\n|j| ddrakloak\n|j| Oceans of Mind\n|j| TGM Undead\n|l| Kniops\n|l|tgmundead\n|inactive|gm cookie has 240 seconds left.\n|j|^Bontz\n|\n|t:|1657463767\n|switch|p1a: Round 3 Rachel|Steelix, M|100\/100\n|move|p2a: Muk|Knock Off|p1a: Round 3 Rachel\n|-damage|p1a: Round 3 Rachel|80\/100\n|-enditem|p1a: Round 3 Rachel|Chople Berry|[from] move: Knock Off|[of] p2a: Muk\n|\n|-heal|p2a: Muk|84\/100|[from] item: Black Sludge\n|upkeep\n|turn|4\n|\n|t:|1657463775\n|move|p2a: Muk|Taunt|p1a: Round 3 Rachel\n|-start|p1a: Round 3 Rachel|move: Taunt\n|cant|p1a: Round 3 Rachel|move: Taunt|Stealth Rock\n|\n|-heal|p2a: Muk|90\/100|[from] item: Black Sludge\n|upkeep\n|turn|5\n|inactive|gm cookie has 240 seconds left.\n|\n|t:|1657463806\n|switch|p2a: Slowbro|Slowbro, M|68\/100\n|move|p1a: Round 3 Rachel|Earthquake|p2a: Slowbro\n|-damage|p2a: Slowbro|47\/100\n|\n|upkeep\n|turn|6\n|\n|t:|1657463824\n|switch|p1a: Charged Charlie|Zapdos|100\/100 slp\n|move|p2a: Slowbro|Slack Off|p2a: Slowbro\n|-heal|p2a: Slowbro|97\/100\n|\n|upkeep\n|turn|7\n|\n|t:|1657463830\n|switch|p2a: Latios|Latios, M|100\/100\n|cant|p1a: Charged Charlie|slp\n|\n|upkeep\n|turn|8\n|j| Skyho\n|\n|t:|1657463835\n|switch|p1a: Spooky Spencer|Spiritomb, M|100\/100\n|move|p2a: Latios|Draco Meteor|p1a: Spooky Spencer\n|-damage|p1a: Spooky Spencer|55\/100\n|-unboost|p2a: Latios|spa|2\n|-enditem|p2a: Latios|White Herb\n|-clearnegativeboost|p2a: Latios|[silent]\n|\n|upkeep\n|turn|9\n|inactive|gm cookie has 240 seconds left.\n|inactive|GeniusX has 270 seconds left.\n|\n|t:|1657463874\n|move|p2a: Latios|Wonder Room|p2a: Latios\n|-fieldstart|move: Wonder Room|[of] p2a: Latios\n|move|p1a: Spooky Spencer|Foul Play|p2a: Latios\n|-supereffective|p2a: Latios\n|-damage|p2a: Latios|60\/100\n|\n|upkeep\n|turn|10\n|\n|t:|1657463885\n|move|p1a: Spooky Spencer|Sucker Punch|p2a: Latios\n|-supereffective|p2a: Latios\n|-damage|p2a: Latios|10\/100\n|move|p2a: Latios|Draco Meteor|p1a: Spooky Spencer\n|-damage|p1a: Spooky Spencer|1\/100\n|-unboost|p2a: Latios|spa|2\n|\n|upkeep\n|turn|11\n|c| Glopper|Wonderful\n|inactive|GeniusX has 270 seconds left.\n|inactive|gm cookie has 210 seconds left.\n|inactive|GeniusX has 240 seconds left.\n|\n|t:|1657463936\n|move|p1a: Spooky Spencer|Shadow Sneak|p2a: Latios\n|-supereffective|p2a: Latios\n|-damage|p2a: Latios|0 fnt\n|faint|p2a: Latios\n|\n|upkeep\n|\n|t:|1657463938\n|switch|p2a: Muk|Muk-Alola, F|90\/100\n|turn|12\n|\n|t:|1657463948\n|-activate|p1a: Spooky Spencer|move: Pursuit\n|move|p2a: Muk|Pursuit|p1a: Spooky Spencer|[from]Pursuit\n|-damage|p1a: Spooky Spencer|0 fnt\n|faint|p1a: Spooky Spencer\n|-hint|A Pokemon can't switch between when it runs out of HP and when it faints\n|\n|-heal|p2a: Muk|96\/100|[from] item: Black Sludge\n|upkeep\n|inactive|gm cookie has 180 seconds left.\n|\n|t:|1657463988\n|switch|p1a: Round 3 Rachel|Steelix, M|80\/100\n|turn|13\n|j| BeaverGanger69\n|\n|t:|1657463997\n|move|p2a: Muk|Taunt|p1a: Round 3 Rachel\n|-start|p1a: Round 3 Rachel|move: Taunt\n|cant|p1a: Round 3 Rachel|move: Taunt|Stealth Rock\n|\n|-heal|p2a: Muk|100\/100|[from] item: Black Sludge\n|-fieldend|move: Wonder Room\n|upkeep\n|turn|14\n|inactive|gm cookie has 180 seconds left.\n|inactive|GeniusX has 270 seconds left.\n|\n|t:|1657464008\n|switch|p2a: Slowbro|Slowbro, M|100\/100\n|switch|p1a: Charged Charlie|Zapdos|100\/100 slp\n|\n|upkeep\n|turn|15\n|\n|t:|1657464014\n|switch|p2a: Gigalith|Gigalith, M|100\/100\n|-weather|Sandstorm|[from] ability: Sand Stream|[of] p2a: Gigalith\n|cant|p1a: Charged Charlie|slp\n|\n|-weather|Sandstorm|[upkeep]\n|-damage|p1a: Charged Charlie|94\/100 slp|[from] Sandstorm\n|upkeep\n|turn|16\n|\n|t:|1657464028\n|switch|p1a: Rollout Ronald|Donphan, F|100\/100\n|move|p2a: Gigalith|Stealth Rock|p1a: Rollout Ronald\n|-sidestart|p1: gm cookie|move: Stealth Rock\n|\n|-weather|Sandstorm|[upkeep]\n|upkeep\n|turn|17\n|\n|t:|1657464033\n|move|p2a: Gigalith|Toxic|p1a: Rollout Ronald|[miss]\n|-miss|p2a: Gigalith|p1a: Rollout Ronald\n|move|p1a: Rollout Ronald|Rapid Spin|p2a: Gigalith\n|-resisted|p2a: Gigalith\n|-damage|p2a: Gigalith|99\/100\n|-sideend|p1: gm cookie|Stealth Rock|[from] move: Rapid Spin|[of] p1a: Rollout Ronald\n|\n|-weather|Sandstorm|[upkeep]\n|upkeep\n|turn|18\n|l| BeaverGanger69\n|inactive|gm cookie has 180 seconds left.\n|\n|t:|1657464069\n|switch|p2a: Slowbro|Slowbro, M|100\/100\n|move|p1a: Rollout Ronald|Earthquake|p2a: Slowbro\n|-damage|p2a: Slowbro|71\/100\n|\n|-weather|Sandstorm|[upkeep]\n|-damage|p2a: Slowbro|65\/100|[from] Sandstorm\n|upkeep\n|turn|19\n|\n|t:|1657464086\n|switch|p1a: Charged Charlie|Zapdos|94\/100 slp\n|switch|p2a: Gigalith|Gigalith, M|99\/100\n|\n|-weather|Sandstorm|[upkeep]\n|-damage|p1a: Charged Charlie|88\/100 slp|[from] Sandstorm\n|upkeep\n|turn|20\n|inactive|gm cookie has 180 seconds left.\n|\n|t:|1657464093\n|switch|p1a: Rollout Ronald|Donphan, F|100\/100\n|move|p2a: Gigalith|Stealth Rock|p1a: Rollout Ronald\n|-sidestart|p1: gm cookie|move: Stealth Rock\n|\n|-weather|Sandstorm|[upkeep]\n|upkeep\n|turn|21\n|\n|t:|1657464099\n|move|p2a: Gigalith|Toxic|p1a: Rollout Ronald\n|-status|p1a: Rollout Ronald|tox\n|move|p1a: Rollout Ronald|Knock Off|p2a: Gigalith\n|-damage|p2a: Gigalith|80\/100\n|-enditem|p2a: Gigalith|Smooth Rock|[from] move: Knock Off|[of] p1a: Rollout Ronald\n|\n|-weather|Sandstorm|[upkeep]\n|-damage|p1a: Rollout Ronald|94\/100 tox|[from] psn\n|upkeep\n|turn|22\n|\n|t:|1657464118\n|switch|p2a: Slowbro|Slowbro, M|98\/100\n|move|p1a: Rollout Ronald|Rapid Spin|p2a: Slowbro\n|-damage|p2a: Slowbro|94\/100\n|-sideend|p1: gm cookie|Stealth Rock|[from] move: Rapid Spin|[of] p1a: Rollout Ronald\n|\n|-weather|none\n|-damage|p1a: Rollout Ronald|82\/100 tox|[from] psn\n|upkeep\n|turn|23\n|j| BeaverGanger69\n|\n|t:|1657464126\n|switch|p1a: Charged Charlie|Zapdos|88\/100 slp\n|switch|p2a: Gigalith|Gigalith, M|80\/100\n|-weather|Sandstorm|[from] ability: Sand Stream|[of] p2a: Gigalith\n|\n|-weather|Sandstorm|[upkeep]\n|-damage|p1a: Charged Charlie|82\/100 slp|[from] Sandstorm\n|upkeep\n|turn|24\n|\n|t:|1657464133\n|switch|p1a: Rollout Ronald|Donphan, F|82\/100 tox\n|move|p2a: Gigalith|Stealth Rock|p1a: Rollout Ronald\n|-sidestart|p1: gm cookie|move: Stealth Rock\n|\n|-weather|Sandstorm|[upkeep]\n|-damage|p1a: Rollout Ronald|75\/100 tox|[from] psn\n|upkeep\n|turn|25\n|\n|t:|1657464137\n|move|p2a: Gigalith|Explosion|p1a: Rollout Ronald\n|-damage|p1a: Rollout Ronald|29\/100 tox\n|faint|p2a: Gigalith\n|move|p1a: Rollout Ronald|Earthquake|p2: Gigalith|[notarget]\n|-fail|p1a: Rollout Ronald\n|\n|-weather|Sandstorm|[upkeep]\n|-damage|p1a: Rollout Ronald|17\/100 tox|[from] psn\n|upkeep\n|-enditem|p1a: Rollout Ronald|Iapapa Berry|[eat]\n|-heal|p1a: Rollout Ronald|67\/100 tox|[from] item: Iapapa Berry\n|\n|t:|1657464162\n|switch|p2a: Excadrill|Excadrill, M|100\/100\n|turn|26\n|inactive|GeniusX has 270 seconds left.\n|j| SAP Me\n|\n|t:|1657464196\n|move|p2a: Excadrill|Iron Defense|p2a: Excadrill\n|-boost|p2a: Excadrill|def|2\n|move|p1a: Rollout Ronald|Rapid Spin|p2a: Excadrill\n|-resisted|p2a: Excadrill\n|-damage|p2a: Excadrill|99\/100\n|-sideend|p1: gm cookie|Stealth Rock|[from] move: Rapid Spin|[of] p1a: Rollout Ronald\n|\n|-weather|Sandstorm|[upkeep]\n|-damage|p1a: Rollout Ronald|48\/100 tox|[from] psn\n|upkeep\n|turn|27\n|\n|t:|1657464213\n|move|p2a: Excadrill|Earthquake|p1a: Rollout Ronald\n|-damage|p1a: Rollout Ronald|14\/100 tox\n|move|p1a: Rollout Ronald|Earthquake|p2a: Excadrill\n|-supereffective|p2a: Excadrill\n|-damage|p2a: Excadrill|48\/100\n|-enditem|p2a: Excadrill|Weakness Policy\n|-boost|p2a: Excadrill|atk|2|[from] item: Weakness Policy\n|-boost|p2a: Excadrill|spa|2|[from] item: Weakness Policy\n|\n|-weather|none\n|-damage|p1a: Rollout Ronald|0 fnt|[from] psn\n|faint|p1a: Rollout Ronald\n|upkeep\n|j| Kniops\n|inactive|gm cookie has 210 seconds left.\n|\n|t:|1657464237\n|switch|p1a: Ruby Ruby|Diancie|100\/100\n|turn|28\n|inactive|GeniusX has 270 seconds left.\n|\n|t:|1657464244\n|switch|p2a: Slowbro|Slowbro, M|100\/100\n|detailschange|p1a: Ruby Ruby|Diancie-Mega\n|-mega|p1a: Ruby Ruby|Diancie|Diancite\n|move|p1a: Ruby Ruby|Earth Power|p2a: Slowbro\n|-damage|p2a: Slowbro|69\/100\n|\n|upkeep\n|turn|29\n|inactive|gm cookie has 210 seconds left.\n|\n|t:|1657464263\n|switch|p1a: Charged Charlie|Zapdos|82\/100 slp\n|move|p2a: Slowbro|Iron Tail|p1a: Charged Charlie\n|-resisted|p1a: Charged Charlie\n|-damage|p1a: Charged Charlie|74\/100 slp\n|\n|upkeep\n|turn|30\n|inactive|gm cookie has 210 seconds left.\n|inactive|GeniusX has 270 seconds left.\n|\n|t:|1657464286\n|switch|p2a: Muk|Muk-Alola, F|100\/100\n|cant|p1a: Charged Charlie|slp\n|\n|upkeep\n|turn|31\n|\n|t:|1657464291\n|switch|p1a: Round 3 Rachel|Steelix, M|80\/100\n|move|p2a: Muk|Taunt|p1a: Round 3 Rachel\n|-start|p1a: Round 3 Rachel|move: Taunt\n|\n|upkeep\n|turn|32\n|\n|t:|1657464304\n|switch|p2a: Slowbro|Slowbro, M|100\/100\n|move|p1a: Round 3 Rachel|Earthquake|p2a: Slowbro\n|-crit|p2a: Slowbro\n|-damage|p2a: Slowbro|66\/100\n|\n|upkeep\n|turn|33\n|j| bathe in her blood\n|\n|t:|1657464323\n|switch|p1a: Charged Charlie|Zapdos|74\/100 slp\n|move|p2a: Slowbro|Scald|p1a: Charged Charlie\n|-damage|p1a: Charged Charlie|51\/100 slp\n|\n|upkeep\n|turn|34\n|\n|t:|1657464336\n|switch|p2a: Muk|Muk-Alola, F|100\/100\n|-curestatus|p1a: Charged Charlie|slp|[msg]\n|move|p1a: Charged Charlie|Roost|p1a: Charged Charlie\n|-heal|p1a: Charged Charlie|100\/100\n|-singleturn|p1a: Charged Charlie|move: Roost\n|\n|upkeep\n|turn|35\n|\n|t:|1657464341\n|switch|p1a: Round 3 Rachel|Steelix, M|80\/100\n|move|p2a: Muk|Knock Off|p1a: Round 3 Rachel\n|-damage|p1a: Round 3 Rachel|66\/100\n|\n|upkeep\n|turn|36\n|\n|t:|1657464349\n|move|p2a: Muk|Taunt|p1a: Round 3 Rachel\n|-start|p1a: Round 3 Rachel|move: Taunt\n|move|p1a: Round 3 Rachel|Earthquake|p2a: Muk\n|-supereffective|p2a: Muk\n|-damage|p2a: Muk|36\/100\n|\n|-heal|p2a: Muk|42\/100|[from] item: Black Sludge\n|upkeep\n|turn|37\n|j| robjr\n|l| The vcrrxtvbu\n|inactive|gm cookie has 240 seconds left.\n|inactive|GeniusX has 270 seconds left.\n|\n|t:|1657464399\n|move|p2a: Muk|Knock Off|p1a: Round 3 Rachel\n|-damage|p1a: Round 3 Rachel|52\/100\n|move|p1a: Round 3 Rachel|Earthquake|p2a: Muk\n|-supereffective|p2a: Muk\n|-damage|p2a: Muk|0 fnt\n|faint|p2a: Muk\n|\n|upkeep\n|l| BeaverGanger69\n|j| Cuxydtdtdt\n|inactive|GeniusX has 240 seconds left.\n|inactive|GeniusX has 210 seconds left.\n|l| PokeFan4125\n|inactive|GeniusX has 180 seconds left.\n|\n|t:|1657464487\n|switch|p2a: Slowbro|Slowbro, M|99\/100\n|turn|38\n|inactive|GeniusX has 180 seconds left.\n|inactive|gm cookie has 240 seconds left.\n|\n|t:|1657464512\n|switch|p1a: Charged Charlie|Zapdos|100\/100\n|move|p2a: Slowbro|Yawn|p1a: Charged Charlie\n|-start|p1a: Charged Charlie|move: Yawn|[of] p2a: Slowbro\n|\n|upkeep\n|turn|39\n|inactive|gm cookie has 240 seconds left.\n|inactive|GeniusX has 180 seconds left.\n|\n|t:|1657464545\n|move|p1a: Charged Charlie|U-turn|p2a: Slowbro\n|-supereffective|p2a: Slowbro\n|-damage|p2a: Slowbro|82\/100\n|\n|t:|1657464548\n|switch|p1a: Round 3 Rachel|Steelix, M|52\/100|[from]move: U-turn\n|move|p2a: Slowbro|Scald|p1a: Round 3 Rachel\n|-supereffective|p1a: Round 3 Rachel\n|-damage|p1a: Round 3 Rachel|4\/100\n|-status|p1a: Round 3 Rachel|brn\n|\n|-damage|p1a: Round 3 Rachel|0 fnt|[from] brn\n|faint|p1a: Round 3 Rachel\n|upkeep\n|j| PokeFan4125\n|\n|t:|1657464555\n|switch|p1a: Charged Charlie|Zapdos|100\/100\n|turn|40\n|\n|t:|1657464562\n|move|p1a: Charged Charlie|Thunderbolt|p2a: Slowbro\n|-supereffective|p2a: Slowbro\n|-damage|p2a: Slowbro|13\/100\n|-status|p2a: Slowbro|par\n|move|p2a: Slowbro|Yawn|p1a: Charged Charlie\n|-start|p1a: Charged Charlie|move: Yawn|[of] p2a: Slowbro\n|\n|upkeep\n|turn|41\n|inactive|GeniusX has 180 seconds left.\n|j| Loser Penis League\n|j| VIG Kach\n|l|loserpenisleague\n|j| vinithewini\n|inactive|GeniusX has 150 seconds left.\n|inactive|GeniusX has 120 seconds left.\n|l| Kniops\n|\n|t:|1657464657\n|detailschange|p2a: Slowbro|Slowbro-Mega, M\n|-mega|p2a: Slowbro|Slowbro|Slowbronite\n|move|p1a: Charged Charlie|U-turn|p2a: Slowbro\n|-supereffective|p2a: Slowbro\n|-damage|p2a: Slowbro|0 fnt\n|faint|p2a: Slowbro\n|\n|t:|1657464668\n|switch|p1a: Monster Moe|Kyurem-Black|100\/100|[from]move: U-turn\n|-ability|p1a: Monster Moe|Teravolt\n|\n|upkeep\n|\n|t:|1657464673\n|switch|p2a: Zeraora|Zeraora|100\/100\n|turn|42\n|inactive|GeniusX has 120 seconds left.\n|\n|t:|1657464679\n|switch|p2a: Excadrill|Excadrill, M|48\/100\n|move|p1a: Monster Moe|Outrage|p2a: Excadrill\n|-resisted|p2a: Excadrill\n|-damage|p2a: Excadrill|0 fnt\n|faint|p2a: Excadrill\n|\n|upkeep\n|\n|t:|1657464684\n|switch|p2a: Zeraora|Zeraora|100\/100\n|turn|43\n|\n|t:|1657464692\n|move|p1a: Monster Moe|Outrage|p2a: Zeraora|[from]lockedmove\n|-damage|p2a: Zeraora|0 fnt\n|faint|p2a: Zeraora\n|-start|p1a: Monster Moe|confusion|[fatigue]\n|\n|win|gm cookie\n|c|\u2606gm cookie|gg\n|c|\u2606GeniusX|gg\n|l| Cuxydtdtdt\n|l| Oceans of Mind\n|l| palkia62\n|l| The Damn Goat\n|l| VIG Kach\n|l| Glopper\n|l| Troupe Pikapika\n|j| Glopper\n|l| Skyho\n|l| Glopper\n|l| Odindark23\n|l| PokeFan4125\n|l| DrinkingRedWine\n","uploadtime":1657464701,"views":182,"p1id":"gmcookie","p2id":"geniusx","formatid":"gen7draftleague","rating":0,"private":0,"password":null}