{"id":"sports-gen8nationaldexlegacy-696702","p1":"GLDCyber","p2":"Elon Musk Rusk","format":"gen8nationaldexlegacy","log":"|j|\u2606GLDCyber\n|j|\u2606Elon Musk Rusk\n|t:|1659027745\n|gametype|singles\n|player|p1|GLDCyber|gldcyber.png|\n|player|p2|Elon Musk Rusk|1|\n|teamsize|p1|6\n|teamsize|p2|6\n|gen|8\n|tier|[Gen 8] National Dex Legacy\n|rule|Sleep Clause Mod: Limit one foe put to sleep\n|rule|OHKO Clause: OHKO moves are banned\n|rule|Evasion Moves Clause: Evasion moves are banned\n|rule|Endless Battle Clause: Forcing endless battles is banned\n|rule|HP Percentage Mod: HP is shown in percentages\n|rule|Dynamax Clause: You cannot dynamax\n|clearpoke\n|poke|p1|Shaymin|\n|poke|p1|Mawile, F|\n|poke|p1|Nidoking, M|\n|poke|p1|Hydreigon, M|\n|poke|p1|Mew|\n|poke|p1|Talonflame, F|\n|poke|p2|Celesteela|\n|poke|p2|Volcarona, F|\n|poke|p2|Garchomp, F|\n|poke|p2|Comfey, F|\n|poke|p2|Tapu Koko|\n|poke|p2|Zarude-Dada|\n|teampreview\n|html|<button name=\"send\" class=\"button\" value=\"\/timer ds\"><i class=\"fa fa-hourglass-start\"><\/i> DS Timer<\/button> <button name=\"send\" class=\"button\" value=\"\/timer smogon\"><i class=\"fa fa-hourglass-start\"><\/i> Smogon Timer<\/button>\n|c|\u2606GLDCyber|hf\n|\n|t:|1659027810\n|start\n|switch|p1a: Mawile|Mawile, F|100\/100\n|switch|p2a: Volcarona|Volcarona, F|100\/100\n|-ability|p1a: Mawile|Intimidate|boost\n|-unboost|p2a: Volcarona|atk|1\n|turn|1\n|\n|t:|1659027814\n|switch|p1a: Talonflame|Talonflame, F|100\/100\n|move|p2a: Volcarona|Flamethrower|p1a: Talonflame\n|-resisted|p1a: Talonflame\n|-damage|p1a: Talonflame|72\/100\n|\n|upkeep\n|turn|2\n|\n|t:|1659027844\n|switch|p2a: Garchomp|Garchomp, F|100\/100\n|move|p1a: Talonflame|U-turn|p2a: Garchomp\n|-damage|p2a: Garchomp|83\/100\n|-damage|p1a: Talonflame|59\/100|[from] ability: Rough Skin|[of] p2a: Garchomp\n|j| Chimp uSer\n|\n|t:|1659027898\n|switch|p1a: Shaymin|Shaymin|100\/100|[from]move: U-turn\n|\n|upkeep\n|turn|3\n|\n|t:|1659027902\n|move|p2a: Garchomp|Fire Fang|p1a: Shaymin\n|-supereffective|p1a: Shaymin\n|-damage|p1a: Shaymin|63\/100\n|move|p1a: Shaymin|Leech Seed|p2a: Garchomp\n|-start|p2a: Garchomp|move: Leech Seed\n|\n|-heal|p1a: Shaymin|69\/100|[from] item: Leftovers\n|-damage|p2a: Garchomp|71\/100|[from] Leech Seed|[of] p1a: Shaymin\n|-heal|p1a: Shaymin|80\/100|[silent]\n|upkeep\n|turn|4\n|\n|t:|1659027951\n|switch|p2a: Zarude|Zarude-Dada|100\/100\n|move|p1a: Shaymin|Leech Seed|p2a: Zarude\n|-immune|p2a: Zarude\n|\n|-heal|p1a: Shaymin|86\/100|[from] item: Leftovers\n|upkeep\n|turn|5\n|\n|t:|1659027973\n|move|p2a: Zarude|U-turn|p1a: Shaymin\n|-supereffective|p1a: Shaymin\n|-crit|p1a: Shaymin\n|-damage|p1a: Shaymin|0 fnt\n|faint|p1a: Shaymin\n|c|\u2606GLDCyber|rip\n|c|\u2606Elon Musk Rusk|Mb\n|\n|t:|1659027984\n|switch|p2a: Tapu Koko|Tapu Koko|100\/100|[from]move: U-turn\n|-fieldstart|move: Electric Terrain|[from] ability: Electric Surge|[of] p2a: Tapu Koko\n|\n|upkeep\n|l| Chimp uSer\n|\n|t:|1659028006\n|switch|p1a: Nidoking|Nidoking, M|100\/100\n|turn|6\n|\n|t:|1659028008\n|move|p2a: Tapu Koko|U-turn|p1a: Nidoking\n|-resisted|p1a: Nidoking\n|-damage|p1a: Nidoking|91\/100\n|\n|t:|1659028011\n|switch|p2a: Celesteela|Celesteela|100\/100|[from]move: U-turn\n|move|p1a: Nidoking|Fire Blast|p2a: Celesteela\n|-supereffective|p2a: Celesteela\n|-damage|p2a: Celesteela|64\/100\n|\n|upkeep\n|turn|7\n|\n|t:|1659028027\n|switch|p1a: Talonflame|Talonflame, F|59\/100\n|move|p2a: Celesteela|Earthquake|p1a: Talonflame\n|-immune|p1a: Talonflame\n|\n|upkeep\n|turn|8\n|\n|t:|1659028050\n|move|p1a: Talonflame|U-turn|p2a: Celesteela\n|-resisted|p2a: Celesteela\n|-damage|p2a: Celesteela|61\/100\n|\n|t:|1659028058\n|switch|p1a: Mawile|Mawile, F|100\/100|[from]move: U-turn\n|-ability|p1a: Mawile|Intimidate|boost\n|-unboost|p2a: Celesteela|atk|1\n|move|p2a: Celesteela|Earthquake|p1a: Mawile\n|-supereffective|p1a: Mawile\n|-damage|p1a: Mawile|61\/100\n|\n|upkeep\n|turn|9\n|\n|t:|1659028065\n|detailschange|p1a: Mawile|Mawile-Mega, F\n|-mega|p1a: Mawile|Mawile|Mawilite\n|move|p1a: Mawile|Knock Off|p2a: Celesteela\n|-crit|p2a: Celesteela\n|-damage|p2a: Celesteela|0 fnt\n|-enditem|p2a: Celesteela|Assault Vest|[from] move: Knock Off|[of] p1a: Mawile\n|faint|p2a: Celesteela\n|\n|-fieldend|move: Electric Terrain\n|upkeep\n|\n|t:|1659028070\n|switch|p2a: Volcarona|Volcarona, F|100\/100\n|turn|10\n|\n|t:|1659028078\n|switch|p1a: Talonflame|Talonflame, F|59\/100\n|move|p2a: Volcarona|Flamethrower|p1a: Talonflame\n|-resisted|p1a: Talonflame\n|-damage|p1a: Talonflame|33\/100\n|\n|upkeep\n|turn|11\n|\n|t:|1659028085\n|switch|p2a: Tapu Koko|Tapu Koko|100\/100\n|-fieldstart|move: Electric Terrain|[from] ability: Electric Surge|[of] p2a: Tapu Koko\n|move|p1a: Talonflame|Will-O-Wisp|p2a: Tapu Koko\n|-status|p2a: Tapu Koko|brn\n|\n|-damage|p2a: Tapu Koko|94\/100 brn|[from] brn\n|upkeep\n|turn|12\n|\n|t:|1659028103\n|move|p2a: Tapu Koko|Hyper Voice|p1a: Talonflame\n|-damage|p1a: Talonflame|0 fnt\n|faint|p1a: Talonflame\n|\n|-damage|p2a: Tapu Koko|88\/100 brn|[from] brn\n|upkeep\n|\n|t:|1659028155\n|switch|p1a: Nidoking|Nidoking, M|91\/100\n|turn|13\n|\n|t:|1659028162\n|switch|p2a: Garchomp|Garchomp, F|71\/100\n|move|p1a: Nidoking|Sludge Wave|p2a: Garchomp\n|-resisted|p2a: Garchomp\n|-damage|p2a: Garchomp|45\/100\n|\n|upkeep\n|turn|14\n|\n|t:|1659028170\n|move|p2a: Garchomp|Earthquake|p1a: Nidoking\n|-supereffective|p1a: Nidoking\n|-enditem|p1a: Nidoking|Shuca Berry|[eat]\n|-enditem|p1a: Nidoking|Shuca Berry|[weaken]\n|-damage|p1a: Nidoking|27\/100\n|move|p1a: Nidoking|Ice Beam|p2a: Garchomp\n|-supereffective|p2a: Garchomp\n|-damage|p2a: Garchomp|0 fnt\n|faint|p2a: Garchomp\n|\n|upkeep\n|j| J2411\n|\n|t:|1659028179\n|switch|p2a: Volcarona|Volcarona, F|100\/100\n|turn|15\n|\n|t:|1659028188\n|move|p2a: Volcarona|Quiver Dance|p2a: Volcarona\n|-boost|p2a: Volcarona|spa|1\n|-boost|p2a: Volcarona|spd|1\n|-boost|p2a: Volcarona|spe|1\n|move|p1a: Nidoking|Taunt|p2a: Volcarona\n|-start|p2a: Volcarona|move: Taunt\n|\n|-fieldend|move: Electric Terrain\n|upkeep\n|turn|16\n|\n|t:|1659028195\n|move|p2a: Volcarona|Flamethrower|p1a: Nidoking\n|-damage|p1a: Nidoking|0 fnt\n|faint|p1a: Nidoking\n|\n|upkeep\n|\n|t:|1659028197\n|switch|p1a: Mew|Mew|100\/100\n|turn|17\n|\n|t:|1659028200\n|move|p2a: Volcarona|Bug Buzz|p1a: Mew\n|-supereffective|p1a: Mew\n|-damage|p1a: Mew|0 fnt\n|faint|p1a: Mew\n|\n|upkeep\n|c|\u2606GLDCyber|gg\n|\n|t:|1659028205\n|switch|p1a: Hydreigon|Hydreigon, M|100\/100\n|turn|18\n|c|\u2606Elon Musk Rusk|gg\n|\n|t:|1659028207\n|move|p1a: Hydreigon|Dark Pulse|p2a: Volcarona\n|-damage|p2a: Volcarona|77\/100\n|move|p2a: Volcarona|Bug Buzz|p1a: Hydreigon\n|-supereffective|p1a: Hydreigon\n|-damage|p1a: Hydreigon|0 fnt\n|faint|p1a: Hydreigon\n|\n|-end|p2a: Volcarona|move: Taunt\n|upkeep\n|\n|t:|1659028211\n|switch|p1a: Mawile|Mawile-Mega, F|61\/100\n|turn|19\n|\n|t:|1659028213\n|move|p1a: Mawile|Sucker Punch|p2a: Volcarona\n|-crit|p2a: Volcarona\n|-damage|p2a: Volcarona|7\/100\n|-status|p1a: Mawile|brn|[from] ability: Flame Body|[of] p2a: Volcarona\n|move|p2a: Volcarona|Flamethrower|p1a: Mawile\n|-supereffective|p1a: Mawile\n|-damage|p1a: Mawile|0 fnt\n|faint|p1a: Mawile\n|\n|win|Elon Musk Rusk\n","uploadtime":1659028221,"views":32,"p1id":"gldcyber","p2id":"elonmuskrusk","formatid":"gen8nationaldexlegacy","rating":0,"private":0,"password":null}