{"id":"sports-gen8predlcnationaldlcdraft-137685","p1":"le xrn","p2":"GeniusX","format":"gen8predlcnationaldlcdraft","log":"|j|\u2606le xrn\n|j|\u2606GeniusX\n|player|p1|le xrn|cress|\n|player|p2|GeniusX|geniusx.gif|\n|teamsize|p1|6\n|teamsize|p2|6\n|gametype|singles\n|gen|8\n|tier|[Gen 8] Pre-DLC National DLC Draft\n|rule|Sleep Clause Mod: Limit one foe put to sleep\n|rule|OHKO Clause: OHKO moves are banned\n|rule|Evasion Moves Clause: Evasion moves are banned\n|rule|Endless Battle Clause: Forcing endless battles is banned\n|rule|HP Percentage Mod: HP is shown in percentages\n|clearpoke\n|poke|p1|Pikachu, F|\n|poke|p1|Mew|\n|poke|p1|Venusaur, M|\n|poke|p1|Stunfisk, M|\n|poke|p1|Infernape, F|\n|poke|p1|Corviknight, F|\n|poke|p2|Victini|\n|poke|p2|Hoopa-Unbound|\n|poke|p2|Skarmory, M|\n|poke|p2|Slowbro, M|\n|poke|p2|Nidoqueen, F|\n|poke|p2|Zeraora|\n|rule|Dynamax Clause: You cannot dynamax\n|teampreview\n|html|<button name=\"send\" class=\"button\" value=\"\/timer ds\"><i class=\"fa fa-hourglass-start\"><\/i> DS Timer<\/button> <button name=\"send\" class=\"button\" value=\"\/timer smogon\"><i class=\"fa fa-hourglass-start\"><\/i> Smogon Timer<\/button>\n|c|\u2606GeniusX|hf\n|j| Shadowblast\n|c|\u2606le xrn|hf\n|j|%Venoxio\n|j|%Highjumpsean\n|c| Shadowblast|xrn are u bringing pikachu to every play off game\n|j|%fndfmnvr\n|c|\u2606le xrn|yea\n|c| Shadowblast|king\n|c|%Highjumpsean|Pikachu is godly\n|j| Sablolol\n|c|\u2606le xrn|this is likely to be its last\n|\n|start\n|switch|p1a: funny|Stunfisk, M|100\/100\n|switch|p2a: Zeraora|Zeraora|100\/100\n|turn|1\n|c| Shadowblast|;0\n|\n|move|p2a: Zeraora|Taunt|p1a: funny\n|-start|p1a: funny|move: Taunt\n|cant|p1a: funny|move: Taunt|Stealth Rock\n|\n|upkeep\n|turn|2\n|\n|switch|p2a: Slowbro|Slowbro, M|100\/100\n|move|p1a: funny|Discharge|p2a: Slowbro\n|-supereffective|p2a: Slowbro\n|-damage|p2a: Slowbro|65\/100\n|\n|upkeep\n|turn|3\n|c|%Venoxio|predicted\n|c| Shadowblast|how\n|c|\u2606le xrn|yep\n|c|%Highjumpsean|where the para\n|\n|move|p1a: funny|Discharge|p2a: Slowbro\n|-supereffective|p2a: Slowbro\n|-damage|p2a: Slowbro|30\/100\n|-status|p2a: Slowbro|par\n|move|p2a: Slowbro|Teleport|p2a: Slowbro\n|\n|switch|p2a: Nidoqueen|Nidoqueen, F|100\/100|[from]move: Teleport\n|\n|-end|p1a: funny|move: Taunt\n|upkeep\n|turn|4\n|c|%Highjumpsean|there it is\n|c|\u2606le xrn|lets go sean\n|\n|move|p2a: Nidoqueen|Stealth Rock|p1a: funny\n|-sidestart|p1: le xrn|move: Stealth Rock\n|move|p1a: funny|Stealth Rock|p2a: Nidoqueen\n|-sidestart|p2: GeniusX|move: Stealth Rock\n|\n|upkeep\n|turn|5\n|\n|move|p2a: Nidoqueen|Ice Beam|p1a: funny\n|-supereffective|p1a: funny\n|-damage|p1a: funny|68\/100\n|move|p1a: funny|Earth Power|p2a: Nidoqueen\n|-supereffective|p2a: Nidoqueen\n|-damage|p2a: Nidoqueen|51\/100\n|\n|-heal|p2a: Nidoqueen|57\/100|[from] item: Black Sludge\n|upkeep\n|turn|6\n|\n|move|p2a: Nidoqueen|Ice Beam|p1a: funny\n|-supereffective|p1a: funny\n|-damage|p1a: funny|34\/100\n|move|p1a: funny|Earth Power|p2a: Nidoqueen\n|-supereffective|p2a: Nidoqueen\n|-damage|p2a: Nidoqueen|7\/100\n|\n|-heal|p2a: Nidoqueen|13\/100|[from] item: Black Sludge\n|upkeep\n|turn|7\n|\n|move|p2a: Nidoqueen|Ice Beam|p1a: funny\n|-supereffective|p1a: funny\n|-damage|p1a: funny|0 fnt\n|faint|p1a: funny\n|\n|-heal|p2a: Nidoqueen|19\/100|[from] item: Black Sludge\n|upkeep\n|\n|switch|p1a: jej|Mew|100\/100\n|-damage|p1a: jej|88\/100|[from] Stealth Rock\n|turn|8\n|j| RCV Deadbolt\n|l|\u2606GeniusX\n|player|p2|\n|j| Retikai\n|j|\u2606GeniusX\n|player|p2|GeniusX|geniusx.gif\n|j| cena11\n|\n|move|p1a: jej|Taunt|p2a: Nidoqueen\n|-start|p2a: Nidoqueen|move: Taunt\n|cant|p2a: Nidoqueen|move: Taunt|Taunt\n|\n|-heal|p2a: Nidoqueen|25\/100|[from] item: Black Sludge\n|upkeep\n|turn|9\n|\n|switch|p2a: Zeraora|Zeraora|100\/100\n|move|p1a: jej|Cosmic Power|p1a: jej\n|-boost|p1a: jej|def|1\n|-boost|p1a: jej|spd|1\n|\n|upkeep\n|turn|10\n|\n|switch|p1a: shagroots|Venusaur, M|100\/100\n|-damage|p1a: shagroots|88\/100|[from] Stealth Rock\n|move|p2a: Zeraora|Taunt|p1a: shagroots\n|-start|p1a: shagroots|move: Taunt\n|\n|upkeep\n|turn|11\n|\n|switch|p2a: Skarmory|Skarmory, M|100\/100\n|-damage|p2a: Skarmory|88\/100|[from] Stealth Rock\n|switch|p1a: freakachu|Pikachu, F|100\/100\n|-damage|p1a: freakachu|88\/100|[from] Stealth Rock\n|\n|upkeep\n|turn|12\n|c|%Venoxio|in\n|c| Sablolol|in\n|j| king internal\n|\n|switch|p2a: Nidoqueen|Nidoqueen, F|25\/100\n|-damage|p2a: Nidoqueen|19\/100|[from] Stealth Rock\n|move|p1a: freakachu|Substitute|p1a: freakachu\n|-start|p1a: freakachu|Substitute\n|-damage|p1a: freakachu|64\/100\n|\n|-heal|p2a: Nidoqueen|25\/100|[from] item: Black Sludge\n|upkeep\n|turn|13\n|\n|move|p1a: freakachu|Surf|p2a: Nidoqueen\n|-supereffective|p2a: Nidoqueen\n|-damage|p2a: Nidoqueen|0 fnt\n|faint|p2a: Nidoqueen\n|\n|upkeep\n|c|%fndfmnvr|in\n|c|\u2606le xrn|in\n|c| RCV Deadbolt|IN\n|c|%Highjumpsean|in\n|\n|switch|p2a: Zeraora|Zeraora|100\/100\n|turn|14\n|c| Retikai|in\n|c|%Venoxio|in\n|l| cena11\n|\n|move|p2a: Zeraora|Knock Off|p1a: freakachu\n|-end|p1a: freakachu|Substitute\n|move|p1a: freakachu|Surf|p2a: Zeraora\n|-damage|p2a: Zeraora|62\/100\n|\n|upkeep\n|turn|15\n|c|\u2606le xrn|CHIP\n|j| cena11\n|c| Shadowblast|.\n|c|%fndfmnvr|chip.\n|c| Sablolol|big chip\n|c| RCV Deadbolt|CHIP\n|c|\u2606le xrn|this mon is top 5\n|\n|switch|p1a: shagroots|Venusaur, M|88\/100\n|-damage|p1a: shagroots|76\/100|[from] Stealth Rock\n|move|p2a: Zeraora|Knock Off|p1a: shagroots\n|-damage|p1a: shagroots|61\/100\n|\n|upkeep\n|turn|16\n|\n|switch|p2a: Skarmory|Skarmory, M|88\/100\n|-damage|p2a: Skarmory|76\/100|[from] Stealth Rock\n|detailschange|p1a: shagroots|Venusaur-Mega, M\n|-mega|p1a: shagroots|Venusaur|Venusaurite\n|move|p1a: shagroots|Giga Drain|p2a: Skarmory\n|-resisted|p2a: Skarmory\n|-damage|p2a: Skarmory|66\/100\n|-heal|p1a: shagroots|66\/100|[from] drain|[of] p2a: Skarmory\n|\n|upkeep\n|turn|17\n|\n|move|p2a: Skarmory|Spikes|p1a: shagroots\n|-sidestart|p1: le xrn|Spikes\n|move|p1a: shagroots|Leech Seed|p2a: Skarmory\n|-start|p2a: Skarmory|move: Leech Seed\n|\n|-damage|p2a: Skarmory|54\/100|[from] Leech Seed|[of] p1a: shagroots\n|-heal|p1a: shagroots|77\/100|[silent]\n|upkeep\n|turn|18\n|c|%fndfmnvr|preserved\n|\n|switch|p1a: corv|Corviknight, F|100\/100\n|-damage|p1a: corv|88\/100|[from] Stealth Rock\n|-ability|p1a: corv|Pressure\n|move|p2a: Skarmory|Spikes|p1a: corv\n|-sidestart|p1: le xrn|Spikes\n|\n|-damage|p2a: Skarmory|42\/100|[from] Leech Seed|[of] p1a: corv\n|-heal|p1a: corv|98\/100|[silent]\n|upkeep\n|turn|19\n|j| TNI Jake M\n|\n|move|p1a: corv|Taunt|p2a: Skarmory\n|-start|p2a: Skarmory|move: Taunt\n|cant|p2a: Skarmory|move: Taunt|Taunt\n|\n|-damage|p2a: Skarmory|29\/100|[from] Leech Seed|[of] p1a: corv\n|-heal|p1a: corv|100\/100|[silent]\n|upkeep\n|turn|20\n|\n|switch|p2a: Victini|Victini|100\/100\n|move|p1a: corv|Agility|p1a: corv\n|-boost|p1a: corv|spe|2\n|\n|upkeep\n|turn|21\n|c|%fndfmnvr|,\n|\n|move|p1a: corv|Taunt|p2a: Victini\n|-start|p2a: Victini|move: Taunt\n|cant|p2a: Victini|move: Taunt|Work Up\n|\n|upkeep\n|turn|22\n|c| Shadowblast|how\n|c| RCV Deadbolt|human?\n|c| Sablolol|how\n|c|%Venoxio|bruh\n|c|%fndfmnvr|.\n|c| king internal|oml\n|c|\u2606le xrn|transcendent \n|\n|move|p1a: corv|Agility|p1a: corv\n|-boost|p1a: corv|spe|2\n|move|p2a: Victini|Blue Flare|p1a: corv\n|-supereffective|p1a: corv\n|-damage|p1a: corv|0 fnt\n|faint|p1a: corv\n|\n|upkeep\n|c|\u2606GeniusX|ok\n|c|\u2606le xrn|LOL\n|c|%fndfmnvr|.\n|c|%Highjumpsean|LOL\n|c| Shadowblast|LMAOOOOO\n|c| Shadowblast|LOOOOL\n|c| Sablolol|nooooooooo\n|c|%Venoxio|LOL\n|c| Sablolol|perdemos\n|c|%fndfmnvr|was that\n|c| Retikai|??\n|c|%fndfmnvr|weakness policy \n|\n|switch|p1a: freakachu|Pikachu, F|64\/100\n|-damage|p1a: freakachu|47\/100|[from] Spikes\n|-damage|p1a: freakachu|35\/100|[from] Stealth Rock\n|turn|23\n|c|%fndfmnvr|power trip\n|c|\u2606GeniusX|yea\n|c|\u2606le xrn|yea\n|c|\u2606le xrn|obviously\n|c|%fndfmnvr|rip\n|j| deez streetz w\n|c|%Highjumpsean|he was sacking to get pika in for free duh\n|c|%Venoxio|perdemos\n|c|\u2606le xrn|in\n|\n|switch|p2a: Slowbro|Slowbro, M|63\/100 par\n|-damage|p2a: Slowbro|51\/100 par|[from] Stealth Rock\n|move|p1a: freakachu|Surf|p2a: Slowbro\n|-resisted|p2a: Slowbro\n|-damage|p2a: Slowbro|37\/100 par\n|\n|upkeep\n|turn|24\n|\n|move|p1a: freakachu|Surf|p2a: Slowbro\n|-resisted|p2a: Slowbro\n|-damage|p2a: Slowbro|20\/100 par\n|cant|p2a: Slowbro|par\n|\n|upkeep\n|turn|25\n|\n|switch|p2a: Zeraora|Zeraora|62\/100\n|move|p1a: freakachu|Surf|p2a: Zeraora\n|-damage|p2a: Zeraora|20\/100\n|\n|upkeep\n|turn|26\n|c|\u2606GeniusX|kek\n|c|\u2606le xrn|jesus?\n|c| deez streetz w|how\n|c|\u2606GeniusX|jesus\n|c| Sablolol|jesys\n|c| Shadowblast|such a xing play\n|c| Sablolol|quick attack pog?\n|\n|switch|p1a: shagroots|Venusaur-Mega, M|77\/100\n|-damage|p1a: shagroots|60\/100|[from] Spikes\n|-damage|p1a: shagroots|48\/100|[from] Stealth Rock\n|move|p2a: Zeraora|Knock Off|p1a: shagroots\n|-damage|p1a: shagroots|36\/100\n|\n|upkeep\n|turn|27\n|l| deez streetz w\n|c| Shadowblast|wheres the e speed\n|c|%fndfmnvr|no espeed sad\n|c|%Highjumpsean|it gets e speed, even better\n|c| Shadowblast|....\n|\n|switch|p2a: Skarmory|Skarmory, M|29\/100\n|-damage|p2a: Skarmory|17\/100|[from] Stealth Rock\n|move|p1a: shagroots|Giga Drain|p2a: Skarmory\n|-resisted|p2a: Skarmory\n|-damage|p2a: Skarmory|7\/100\n|-heal|p1a: shagroots|41\/100|[from] drain|[of] p2a: Skarmory\n|\n|upkeep\n|turn|28\n|\n|move|p2a: Skarmory|Roost|p2a: Skarmory\n|-heal|p2a: Skarmory|57\/100\n|-singleturn|p2a: Skarmory|move: Roost\n|move|p1a: shagroots|Giga Drain|p2a: Skarmory\n|-resisted|p2a: Skarmory\n|-damage|p2a: Skarmory|37\/100\n|-heal|p1a: shagroots|50\/100|[from] drain|[of] p2a: Skarmory\n|\n|upkeep\n|turn|29\n|\n|switch|p1a: ape|Infernape, F|100\/100\n|-damage|p1a: ape|84\/100|[from] Spikes\n|-damage|p1a: ape|72\/100|[from] Stealth Rock\n|move|p2a: Skarmory|Taunt|p1a: ape\n|-start|p1a: ape|move: Taunt\n|\n|upkeep\n|turn|30\n|\n|switch|p2a: Slowbro|Slowbro, M|54\/100 par\n|-damage|p2a: Slowbro|41\/100 par|[from] Stealth Rock\n|move|p1a: ape|Flamethrower|p2a: Slowbro\n|-resisted|p2a: Slowbro\n|-damage|p2a: Slowbro|24\/100 par\n|\n|upkeep\n|turn|31\n|\n|switch|p2a: Victini|Victini|100\/100\n|move|p1a: ape|Grass Knot|p2a: Victini\n|-resisted|p2a: Victini\n|-damage|p2a: Victini|98\/100\n|\n|-end|p1a: ape|move: Taunt\n|upkeep\n|turn|32\n|c|%Highjumpsean|2\n|\n|move|p1a: ape|Stone Edge|p2a: Victini\n|-supereffective|p2a: Victini\n|-damage|p2a: Victini|35\/100\n|move|p2a: Victini|Psychic|p1a: ape\n|-supereffective|p1a: ape\n|-damage|p1a: ape|0 fnt\n|faint|p1a: ape\n|\n|upkeep\n|\n|switch|p1a: freakachu|Pikachu, F|35\/100\n|-damage|p1a: freakachu|22\/100|[from] Stealth Rock\n|-damage|p1a: freakachu|6\/100|[from] Spikes\n|turn|33\n|c|\u2606le xrn|yessir\n|c|%Highjumpsean|IN\n|c| Sablolol|in\n|\n|switch|p2a: Slowbro|Slowbro, M|58\/100 par\n|-damage|p2a: Slowbro|45\/100 par|[from] Stealth Rock\n|move|p1a: freakachu|Surf|p2a: Slowbro\n|-resisted|p2a: Slowbro\n|-damage|p2a: Slowbro|31\/100 par\n|\n|upkeep\n|turn|34\n|\n|detailschange|p2a: Slowbro|Slowbro-Mega, M\n|-mega|p2a: Slowbro|Slowbro|Slowbronite\n|move|p1a: freakachu|Thunderbolt|p2a: Slowbro\n|-supereffective|p2a: Slowbro\n|-damage|p2a: Slowbro|0 fnt\n|faint|p2a: Slowbro\n|\n|upkeep\n|\n|switch|p2a: Zeraora|Zeraora|20\/100\n|turn|35\n|\n|switch|p1a: jej|Mew|88\/100\n|-damage|p1a: jej|71\/100|[from] Spikes\n|-damage|p1a: jej|59\/100|[from] Stealth Rock\n|move|p2a: Zeraora|Power-Up Punch|p1a: jej\n|-resisted|p1a: jej\n|-damage|p1a: jej|54\/100\n|-boost|p2a: Zeraora|atk|1\n|\n|upkeep\n|turn|36\n|\n|move|p2a: Zeraora|Knock Off|p1a: jej\n|-supereffective|p1a: jej\n|-damage|p1a: jej|0 fnt\n|-enditem|p1a: jej|Sitrus Berry|[from] move: Knock Off|[of] p2a: Zeraora\n|faint|p1a: jej\n|\n|upkeep\n|\n|switch|p1a: shagroots|Venusaur-Mega, M|50\/100\n|-damage|p1a: shagroots|37\/100|[from] Stealth Rock\n|-damage|p1a: shagroots|21\/100|[from] Spikes\n|turn|37\n|j|%BoomBoomBoo\n|\n|move|p2a: Zeraora|Knock Off|p1a: shagroots\n|-damage|p1a: shagroots|3\/100\n|move|p1a: shagroots|Giga Drain|p2a: Zeraora\n|-damage|p2a: Zeraora|0 fnt\n|-heal|p1a: shagroots|13\/100|[from] drain|[of] p2a: Zeraora\n|faint|p2a: Zeraora\n|\n|upkeep\n|\n|switch|p2a: Hoopa|Hoopa-Unbound|100\/100\n|-damage|p2a: Hoopa|88\/100|[from] Stealth Rock\n|turn|38\n|\n|switch|p1a: freakachu|Pikachu, F|6\/100\n|-damage|p1a: freakachu|0 fnt|[from] Stealth Rock\n|faint|p1a: freakachu\n|move|p2a: Hoopa|Psychic|p1: freakachu|[notarget]\n|-fail|p2a: Hoopa\n|\n|upkeep\n|c|%Venoxio|sad\n|\n|switch|p1a: shagroots|Venusaur-Mega, M|13\/100\n|-damage|p1a: shagroots|0 fnt|[from] Stealth Rock\n|faint|p1a: shagroots\n|\n|win|GeniusX\n|c|\u2606le xrn|no sir\n|c|\u2606GeniusX|gg\n|l| RCV Deadbolt\n","uploadtime":1597201575,"views":122,"p1id":"lexrn","p2id":"geniusx","formatid":"gen8predlcnationaldlcdraft","rating":0,"private":0,"password":null}