{"id":"sports-gen8nationaldexdraft-611914","p1":"gaijineagle","p2":"NK Tapu Oreo","format":"gen8nationaldexdraft","log":"|j|\u2606gaijineagle\n|j|\u2606NK Tapu Oreo\n|t:|1647186487\n|gametype|singles\n|player|p1|gaijineagle|266|\n|player|p2|NK Tapu Oreo|zinnia|\n|teamsize|p1|6\n|teamsize|p2|6\n|gen|8\n|tier|[Gen 8] National Dex Draft\n|rule|Sleep Clause Mod: Limit one foe put to sleep\n|rule|OHKO Clause: OHKO moves are banned\n|rule|Evasion Moves Clause: Evasion moves are banned\n|rule|Endless Battle Clause: Forcing endless battles is banned\n|rule|HP Percentage Mod: HP is shown in percentages\n|rule|Dynamax Clause: You cannot dynamax\n|clearpoke\n|poke|p1|Tapu Koko|\n|poke|p1|Hawlucha, M|\n|poke|p1|Hippopotas, M|\n|poke|p1|Volcanion|\n|poke|p1|Kartana|\n|poke|p1|Latias, F|\n|poke|p2|Zeraora|\n|poke|p2|Tapu Fini|\n|poke|p2|Scizor, F|\n|poke|p2|Moltres-Galar|\n|poke|p2|Victini|\n|poke|p2|Rhydon, M|\n|teampreview\n|html|<button name=\"send\" class=\"button\" value=\"\/timer ds\"><i class=\"fa fa-hourglass-start\"><\/i> DS Timer<\/button> <button name=\"send\" class=\"button\" value=\"\/timer smogon\"><i class=\"fa fa-hourglass-start\"><\/i> Smogon Timer<\/button>\n|c|\u2606gaijineagle|let me post the link brb\n|j| PorygonTheBot\n|c| PorygonTheBot|This game looks fun!\n|j| Demolthy\n|j| AmouranthOfDraft\n|j| Zaqwe51\n|j| dmac99\n|j| Ghoul Greninja's\n|c| Ghoul Greninja's|HF\n|j| Bowas\n|j| Lumaris\n|j| BB SkiDude\n|j| UnrealPeel\n|c| Lumaris|The don!\n|l| UnrealPeel\n|l| Ghoul Greninja's\n|j| WhenIsCincoDeMayo\n|c| Lumaris|Gl gaijin\n|\n|t:|1647186666\n|start\n|switch|p1a: War Birb|Tapu Koko, shiny|100\/100\n|switch|p2a: F in the lottery|Zeraora|100\/100\n|-fieldstart|move: Electric Terrain|[from] ability: Electric Surge|[of] p1a: War Birb\n|turn|1\n|\n|t:|1647186680\n|move|p2a: F in the lottery|Knock Off|p1a: War Birb\n|-resisted|p1a: War Birb\n|-damage|p1a: War Birb|83\/100\n|-enditem|p1a: War Birb|Heavy-Duty Boots|[from] move: Knock Off|[of] p2a: F in the lottery\n|move|p1a: War Birb|Toxic|p2a: F in the lottery\n|-status|p2a: F in the lottery|tox\n|\n|-damage|p2a: F in the lottery|95\/100 tox|[from] psn\n|upkeep\n|turn|2\n|j| Ghoul Greninja's\n|\n|t:|1647186693\n|move|p2a: F in the lottery|Volt Switch|p1a: War Birb\n|-resisted|p1a: War Birb\n|-damage|p1a: War Birb|66\/100\n|\n|t:|1647186749\n|switch|p2a: Victoria|Victini|100\/100|[from]move: Volt Switch\n|move|p1a: War Birb|U-turn|p2a: Victoria\n|-damage|p2a: Victoria|85\/100\n|j| BiggestPokeFan\n|c| BiggestPokeFan|I love Pok\u00e9mon!!!\n|\n|t:|1647186798\n|switch|p1a: Lockheed|Latias, F, shiny|100\/100|[from]move: U-turn\n|\n|upkeep\n|turn|3\n|\n|t:|1647186809\n|switch|p2a: be right there|Tapu Fini|100\/100\n|-fieldstart|move: Misty Terrain|[from] ability: Misty Surge|[of] p2a: be right there\n|move|p1a: Lockheed|Toxic|p2a: be right there\n|-activate|p2a: be right there|move: Misty Terrain\n|\n|upkeep\n|turn|4\n|l| BiggestPokeFan\n|\n|t:|1647186832\n|switch|p1a: Krakatoa|Volcanion|100\/100\n|move|p2a: be right there|Nature's Madness|p1a: Krakatoa\n|-damage|p1a: Krakatoa|51\/100\n|\n|upkeep\n|turn|5\n|\n|t:|1647186843\n|move|p2a: be right there|Nature's Madness|p1a: Krakatoa|[miss]\n|-miss|p2a: be right there|p1a: Krakatoa\n|move|p1a: Krakatoa|Fire Spin|p2a: be right there\n|-resisted|p2a: be right there\n|-damage|p2a: be right there|92\/100\n|-activate|p2a: be right there|move: Fire Spin|[of] p1a: Krakatoa\n|\n|-damage|p2a: be right there|80\/100|[from] move: Fire Spin|[partiallytrapped]\n|upkeep\n|turn|6\n|\n|t:|1647186854\n|move|p2a: be right there|Nature's Madness|p1a: Krakatoa\n|-damage|p1a: Krakatoa|26\/100\n|move|p1a: Krakatoa|Sludge Bomb|p2a: be right there\n|-supereffective|p2a: be right there\n|-damage|p2a: be right there|21\/100\n|\n|-damage|p2a: be right there|8\/100|[from] move: Fire Spin|[partiallytrapped]\n|upkeep\n|turn|7\n|\n|t:|1647186863\n|move|p2a: be right there|Nature's Madness|p1a: Krakatoa\n|-damage|p1a: Krakatoa|13\/100\n|move|p1a: Krakatoa|Sludge Bomb|p2a: be right there\n|-supereffective|p2a: be right there\n|-damage|p2a: be right there|0 fnt\n|faint|p2a: be right there\n|\n|-fieldend|Misty Terrain\n|upkeep\n|\n|t:|1647186874\n|switch|p2a: Victoria|Victini|85\/100\n|turn|8\n|j| Kevinnator159\n|\n|t:|1647186900\n|move|p2a: Victoria|Bolt Strike|p1a: Krakatoa\n|-supereffective|p1a: Krakatoa\n|-damage|p1a: Krakatoa|0 fnt\n|faint|p1a: Krakatoa\n|\n|upkeep\n|j| BurningDL\n|\n|t:|1647187043\n|switch|p1a: Lockheed|Latias, F, shiny|100\/100\n|turn|9\n|\n|t:|1647187066\n|switch|p2a: help im drowning|Moltres-Galar|100\/100\n|move|p1a: Lockheed|Toxic|p2a: help im drowning\n|-status|p2a: help im drowning|tox\n|\n|-damage|p2a: help im drowning|94\/100 tox|[from] psn\n|upkeep\n|turn|10\n|\n|t:|1647187072\n|move|p1a: Lockheed|Mystical Fire|p2a: help im drowning\n|-damage|p2a: help im drowning|79\/100 tox\n|-unboost|p2a: help im drowning|spa|1\n|move|p2a: help im drowning|Agility|p2a: help im drowning\n|-boost|p2a: help im drowning|spe|2\n|\n|-damage|p2a: help im drowning|66\/100 tox|[from] psn\n|upkeep\n|turn|11\n|\n|t:|1647187122\n|switch|p2a: Victoria|Victini|85\/100\n|move|p1a: Lockheed|Mystical Fire|p2a: Victoria\n|-resisted|p2a: Victoria\n|-damage|p2a: Victoria|77\/100\n|-unboost|p2a: Victoria|spa|1\n|\n|upkeep\n|turn|12\n|\n|t:|1647187126\n|move|p1a: Lockheed|Toxic|p2a: Victoria|[miss]\n|-miss|p1a: Lockheed|p2a: Victoria\n|move|p2a: Victoria|U-turn|p1a: Lockheed\n|-supereffective|p1a: Lockheed\n|-damage|p1a: Lockheed|63\/100\n|\n|t:|1647187129\n|switch|p2a: help im drowning|Moltres-Galar|66\/100 tox|[from]move: U-turn\n|\n|-damage|p2a: help im drowning|60\/100 tox|[from] psn\n|upkeep\n|turn|13\n|\n|t:|1647187134\n|move|p1a: Lockheed|Mystical Fire|p2a: help im drowning\n|-damage|p2a: help im drowning|45\/100 tox\n|-unboost|p2a: help im drowning|spa|1\n|-ability|p2a: help im drowning|Berserk|boost\n|-boost|p2a: help im drowning|spa|1\n|move|p2a: help im drowning|Fiery Wrath|p1a: Lockheed\n|-supereffective|p1a: Lockheed\n|-enditem|p1a: Lockheed|Colbur Berry|[eat]\n|-enditem|p1a: Lockheed|Colbur Berry|[weaken]\n|-damage|p1a: Lockheed|33\/100\n|\n|-damage|p2a: help im drowning|32\/100 tox|[from] psn\n|upkeep\n|turn|14\n|\n|t:|1647187180\n|switch|p1a: Meat Ball|Hippopotas, M, shiny|100\/100\n|move|p2a: help im drowning|Fiery Wrath|p1a: Meat Ball\n|-damage|p1a: Meat Ball|44\/100\n|\n|-damage|p2a: help im drowning|14\/100 tox|[from] psn\n|upkeep\n|turn|15\n|\n|t:|1647187185\n|move|p2a: help im drowning|Fiery Wrath|p1a: Meat Ball\n|-damage|p1a: Meat Ball|0 fnt\n|faint|p1a: Meat Ball\n|\n|-damage|p2a: help im drowning|0 fnt|[from] psn\n|faint|p2a: help im drowning\n|upkeep\n|\n|t:|1647187202\n|switch|p2a: Victoria|Victini|77\/100\n|switch|p1a: War Birb|Tapu Koko, shiny|66\/100\n|-fieldstart|move: Electric Terrain|[from] ability: Electric Surge|[of] p1a: War Birb\n|turn|16\n|\n|t:|1647187214\n|move|p1a: War Birb|Thunderbolt|p2a: Victoria\n|-damage|p2a: Victoria|34\/100\n|move|p2a: Victoria|Trick Room|p2a: Victoria\n|-fieldstart|move: Trick Room|[of] p2a: Victoria\n|\n|upkeep\n|turn|17\n|j| fournier series\n|j| MexicanPasta\n|\n|t:|1647187223\n|move|p2a: Victoria|V-create|p1a: War Birb\n|-damage|p1a: War Birb|0 fnt\n|-unboost|p2a: Victoria|spe|1\n|-unboost|p2a: Victoria|def|1\n|-unboost|p2a: Victoria|spd|1\n|faint|p1a: War Birb\n|\n|upkeep\n|\n|t:|1647187233\n|switch|p1a: Lockheed|Latias, F, shiny|33\/100\n|turn|18\n|\n|t:|1647187255\n|move|p2a: Victoria|U-turn|p1a: Lockheed\n|-supereffective|p1a: Lockheed\n|-damage|p1a: Lockheed|0 fnt\n|faint|p1a: Lockheed\n|\n|t:|1647187266\n|switch|p2a: Rocky's Twin|Rhydon, M|100\/100|[from]move: U-turn\n|\n|upkeep\n|\n|t:|1647187349\n|switch|p1a: Katagami|Kartana, shiny|100\/100\n|turn|19\n|\n|t:|1647187357\n|move|p2a: Rocky's Twin|Heat Crash|p1a: Katagami\n|-supereffective|p1a: Katagami\n|-damage|p1a: Katagami|0 fnt\n|faint|p1a: Katagami\n|\n|upkeep\n|\n|t:|1647187358\n|switch|p1a: El Santo|Hawlucha, M, shiny|100\/100\n|-enditem|p1a: El Santo|Electric Seed\n|-boost|p1a: El Santo|def|1|[from] item: Electric Seed\n|turn|20\n|\n|t:|1647187367\n|move|p2a: Rocky's Twin|Ice Punch|p1a: El Santo\n|-supereffective|p1a: El Santo\n|-damage|p1a: El Santo|51\/100\n|move|p1a: El Santo|Swords Dance|p1a: El Santo\n|-boost|p1a: El Santo|atk|2\n|\n|-fieldend|move: Trick Room\n|-fieldend|move: Electric Terrain\n|upkeep\n|turn|21\n|\n|t:|1647187389\n|move|p1a: El Santo|Close Combat|p2a: Rocky's Twin\n|-supereffective|p2a: Rocky's Twin\n|-damage|p2a: Rocky's Twin|2\/100\n|-unboost|p1a: El Santo|def|1\n|-unboost|p1a: El Santo|spd|1\n|move|p2a: Rocky's Twin|Ice Punch|p1a: El Santo\n|-supereffective|p1a: El Santo\n|-damage|p1a: El Santo|0 fnt\n|faint|p1a: El Santo\n|\n|win|NK Tapu Oreo\n|l| PorygonTheBot\n|c|\u2606gaijineagle|gg\n|c|\u2606NK Tapu Oreo|gg\n","uploadtime":1647187390,"views":14,"p1id":"gaijineagle","p2id":"nktapuoreo","formatid":"gen8nationaldexdraft","rating":0,"private":0,"password":null}