{"id":"sports-gen8nationaldexdlclegacy-43435","p1":"sacred_td","p2":"Walletinspector62","format":"gen8nationaldexdlclegacy","log":"|j|\u2606sacred_td\n|j|\u2606Walletinspector62\n|player|p1|sacred_td|12|\n|player|p2|Walletinspector62|266|\n|teamsize|p1|6\n|teamsize|p2|6\n|gametype|singles\n|gen|8\n|tier|[Gen 8] National Dex DLC Legacy\n|rule|Sleep Clause Mod: Limit one foe put to sleep\n|rule|OHKO Clause: OHKO moves are banned\n|rule|Evasion Moves Clause: Evasion moves are banned\n|rule|Endless Battle Clause: Forcing endless battles is banned\n|rule|HP Percentage Mod: HP is shown in percentages\n|clearpoke\n|poke|p1|Groudon|\n|poke|p1|Charizard, M|\n|poke|p1|Deoxys-Speed|\n|poke|p1|Carbink|\n|poke|p1|Grimmsnarl, M|\n|poke|p1|Tornadus-Therian, M|\n|poke|p2|Rayquaza|\n|poke|p2|Dugtrio, F|\n|poke|p2|Incineroar, M|\n|poke|p2|Zapdos|\n|poke|p2|Bronzong|\n|poke|p2|Mew|\n|rule|Dynamax Clause: You cannot dynamax\n|teampreview\n|c|\u2606Walletinspector62|Glhf \n|c|\u2606sacred_td|gl hf\n|j| squirrelphucker\n|j| RecklessBat\n|\n|start\n|switch|p1a: Diamond|Carbink, shiny|100\/100\n|switch|p2a: AppleBottomJeans|Zapdos, shiny|100\/100\n|turn|1\n|\n|move|p2a: AppleBottomJeans|Toxic|p1a: Diamond\n|-status|p1a: Diamond|tox\n|move|p1a: Diamond|Stealth Rock|p2a: AppleBottomJeans\n|-sidestart|p2: Walletinspector62|move: Stealth Rock\n|\n|-damage|p1a: Diamond|94\/100 tox|[from] psn\n|upkeep\n|turn|2\n|\n|move|p2a: AppleBottomJeans|Reflect|p2a: AppleBottomJeans\n|-sidestart|p2: Walletinspector62|Reflect\n|move|p1a: Diamond|Toxic|p2a: AppleBottomJeans\n|-status|p2a: AppleBottomJeans|tox\n|\n|-heal|p1a: Diamond|100\/100 tox|[from] item: Leftovers\n|-damage|p2a: AppleBottomJeans|94\/100 tox|[from] psn\n|-damage|p1a: Diamond|88\/100 tox|[from] psn\n|upkeep\n|turn|3\n|\n|move|p2a: AppleBottomJeans|Defog|p1a: Diamond\n|-fail|p1a: Diamond|unboost|[from] ability: Clear Body|[of] p1a: Diamond\n|-sideend|p2: Walletinspector62|Stealth Rock|[from] move: Defog|[of] p2a: AppleBottomJeans\n|move|p1a: Diamond|Reflect|p1a: Diamond\n|-sidestart|p1: sacred_td|Reflect\n|\n|-heal|p1a: Diamond|94\/100 tox|[from] item: Leftovers\n|-damage|p2a: AppleBottomJeans|82\/100 tox|[from] psn\n|-damage|p1a: Diamond|75\/100 tox|[from] psn\n|upkeep\n|turn|4\n|\n|move|p2a: AppleBottomJeans|Defog||[still]\n|-fail|p1a: Diamond|unboost|[from] ability: Clear Body|[of] p1a: Diamond\n|-sideend|p1: sacred_td|Reflect\n|-fail|p2a: AppleBottomJeans\n|move|p1a: Diamond|Stealth Rock|p2a: AppleBottomJeans\n|-sidestart|p2: Walletinspector62|move: Stealth Rock\n|\n|-heal|p1a: Diamond|82\/100 tox|[from] item: Leftovers\n|-damage|p2a: AppleBottomJeans|63\/100 tox|[from] psn\n|-damage|p1a: Diamond|57\/100 tox|[from] psn\n|upkeep\n|turn|5\n|\n|switch|p1a: Muscular|Grimmsnarl, M, shiny|100\/100\n|move|p2a: AppleBottomJeans|Defog|p1a: Muscular\n|-unboost|p1a: Muscular|evasion|1\n|-sideend|p2: Walletinspector62|Stealth Rock|[from] move: Defog|[of] p2a: AppleBottomJeans\n|\n|-damage|p2a: AppleBottomJeans|38\/100 tox|[from] psn\n|upkeep\n|turn|6\n|\n|switch|p2a: HugeHandsHans|Incineroar, M, shiny|100\/100\n|-ability|p2a: HugeHandsHans|Intimidate|boost\n|-unboost|p1a: Muscular|atk|1\n|switch|p1a: Diamond|Carbink, shiny|57\/100 tox\n|\n|-heal|p1a: Diamond|63\/100 tox|[from] item: Leftovers\n|-damage|p1a: Diamond|57\/100 tox|[from] psn\n|-sideend|p2: Walletinspector62|Reflect\n|upkeep\n|turn|7\n|\n|switch|p2a: AppleBottomJeans|Zapdos, shiny|38\/100 tox\n|move|p1a: Diamond|Body Press|p2a: AppleBottomJeans\n|-resisted|p2a: AppleBottomJeans\n|-damage|p2a: AppleBottomJeans|22\/100 tox\n|\n|-heal|p1a: Diamond|63\/100 tox|[from] item: Leftovers\n|-damage|p2a: AppleBottomJeans|16\/100 tox|[from] psn\n|-damage|p1a: Diamond|50\/100 tox|[from] psn\n|upkeep\n|turn|8\n|\n|move|p2a: AppleBottomJeans|Roost|p2a: AppleBottomJeans\n|-heal|p2a: AppleBottomJeans|66\/100 tox\n|-singleturn|p2a: AppleBottomJeans|move: Roost\n|move|p1a: Diamond|Stealth Rock|p2a: AppleBottomJeans\n|-sidestart|p2: Walletinspector62|move: Stealth Rock\n|\n|-heal|p1a: Diamond|57\/100 tox|[from] item: Leftovers\n|-damage|p2a: AppleBottomJeans|53\/100 tox|[from] psn\n|-damage|p1a: Diamond|38\/100 tox|[from] psn\n|upkeep\n|turn|9\n|\n|switch|p2a: Yuh|Bronzong|100\/100\n|-damage|p2a: Yuh|94\/100|[from] Stealth Rock\n|switch|p1a: Muscular|Grimmsnarl, M, shiny|100\/100\n|\n|upkeep\n|turn|10\n|\n|switch|p2a: HugeHandsHans|Incineroar, M, shiny|100\/100\n|-damage|p2a: HugeHandsHans|76\/100|[from] Stealth Rock\n|-ability|p2a: HugeHandsHans|Intimidate|boost\n|-unboost|p1a: Muscular|atk|1\n|move|p1a: Muscular|Bulk Up|p1a: Muscular\n|-boost|p1a: Muscular|atk|1\n|-boost|p1a: Muscular|def|1\n|\n|upkeep\n|turn|11\n|\n|move|p1a: Muscular|Bulk Up|p1a: Muscular\n|-boost|p1a: Muscular|atk|1\n|-boost|p1a: Muscular|def|1\n|move|p2a: HugeHandsHans|Knock Off|p1a: Muscular\n|-resisted|p1a: Muscular\n|-damage|p1a: Muscular|95\/100\n|-enditem|p1a: Muscular|Leftovers|[from] move: Knock Off|[of] p2a: HugeHandsHans\n|\n|upkeep\n|turn|12\n|\n|move|p1a: Muscular|Bulk Up|p1a: Muscular\n|-boost|p1a: Muscular|atk|1\n|-boost|p1a: Muscular|def|1\n|move|p2a: HugeHandsHans|Flare Blitz|p1a: Muscular\n|-damage|p1a: Muscular|73\/100\n|-damage|p2a: HugeHandsHans|68\/100|[from] Recoil\n|\n|upkeep\n|turn|13\n|\n|move|p1a: Muscular|Bulk Up|p1a: Muscular\n|-boost|p1a: Muscular|atk|1\n|-boost|p1a: Muscular|def|1\n|move|p2a: HugeHandsHans|Flare Blitz|p1a: Muscular\n|-damage|p1a: Muscular|55\/100\n|-damage|p2a: HugeHandsHans|62\/100|[from] Recoil\n|\n|upkeep\n|turn|14\n|\n|move|p1a: Muscular|Rest|p1a: Muscular\n|-status|p1a: Muscular|slp|[from] move: Rest\n|-heal|p1a: Muscular|100\/100 slp|[silent]\n|move|p2a: HugeHandsHans|Darkest Lariat|p1a: Muscular\n|-resisted|p1a: Muscular\n|-damage|p1a: Muscular|90\/100 slp\n|\n|upkeep\n|turn|15\n|\n|switch|p2a: Mew|Mew, shiny|100\/100\n|-damage|p2a: Mew|88\/100|[from] Stealth Rock\n|cant|p1a: Muscular|slp\n|move|p1a: Muscular|Sleep Talk|p1a: Muscular\n|move|p1a: Muscular|Darkest Lariat|p2a: Mew|[from]Sleep Talk\n|-supereffective|p2a: Mew\n|-damage|p2a: Mew|0 fnt\n|faint|p2a: Mew\n|\n|upkeep\n|\n|switch|p2a: TrapsAreGay|Dugtrio, F|100\/100\n|-damage|p2a: TrapsAreGay|94\/100|[from] Stealth Rock\n|turn|16\n|\n|cant|p1a: Muscular|slp\n|move|p1a: Muscular|Sleep Talk|p1a: Muscular\n|move|p1a: Muscular|Rest|p1a: Muscular|[from]Sleep Talk\n|-fail|p1a: Muscular\n|move|p2a: TrapsAreGay|Memento|p1a: Muscular\n|-unboost|p1a: Muscular|atk|2\n|-unboost|p1a: Muscular|spa|2\n|faint|p2a: TrapsAreGay\n|\n|upkeep\n|\n|switch|p2a: Green Bean|Rayquaza|100\/100\n|-damage|p2a: Green Bean|76\/100|[from] Stealth Rock\n|-ability|p2a: Green Bean|Air Lock\n|turn|17\n|\n|move|p2a: Green Bean|Dragon Dance|p2a: Green Bean\n|-boost|p2a: Green Bean|atk|1\n|-boost|p2a: Green Bean|spe|1\n|-curestatus|p1a: Muscular|slp|[msg]\n|move|p1a: Muscular|Darkest Lariat|p2a: Green Bean\n|-damage|p2a: Green Bean|24\/100\n|\n|upkeep\n|turn|18\n|\n|move|p2a: Green Bean|Dragon Ascent|p1a: Muscular\n|-damage|p1a: Muscular|33\/100\n|-unboost|p2a: Green Bean|def|1\n|-unboost|p2a: Green Bean|spd|1\n|-damage|p2a: Green Bean|14\/100|[from] item: Life Orb\n|move|p1a: Muscular|Darkest Lariat|p2a: Green Bean\n|-damage|p2a: Green Bean|0 fnt\n|faint|p2a: Green Bean\n|\n|upkeep\n|\n|switch|p2a: HugeHandsHans|Incineroar, M, shiny|62\/100\n|-damage|p2a: HugeHandsHans|37\/100|[from] Stealth Rock\n|-ability|p2a: HugeHandsHans|Intimidate|boost\n|-unboost|p1a: Muscular|atk|1\n|turn|19\n|\n|move|p1a: Muscular|Rest|p1a: Muscular\n|-status|p1a: Muscular|slp|[from] move: Rest\n|-heal|p1a: Muscular|100\/100 slp|[silent]\n|move|p2a: HugeHandsHans|Darkest Lariat|p1a: Muscular\n|-resisted|p1a: Muscular\n|-damage|p1a: Muscular|91\/100 slp\n|\n|upkeep\n|turn|20\n|\n|switch|p2a: AppleBottomJeans|Zapdos, shiny|53\/100 tox\n|cant|p1a: Muscular|slp\n|move|p1a: Muscular|Sleep Talk|p1a: Muscular\n|move|p1a: Muscular|Darkest Lariat|p2a: AppleBottomJeans|[from]Sleep Talk\n|-damage|p2a: AppleBottomJeans|16\/100 tox\n|\n|-damage|p2a: AppleBottomJeans|9\/100 tox|[from] psn\n|upkeep\n|turn|21\n|\n|cant|p1a: Muscular|slp\n|move|p1a: Muscular|Sleep Talk|p1a: Muscular\n|move|p1a: Muscular|Bulk Up|p1a: Muscular|[from]Sleep Talk\n|-boost|p1a: Muscular|atk|1\n|-boost|p1a: Muscular|def|1\n|move|p2a: AppleBottomJeans|Roost|p2a: AppleBottomJeans\n|-heal|p2a: AppleBottomJeans|59\/100 tox\n|-singleturn|p2a: AppleBottomJeans|move: Roost\n|\n|-damage|p2a: AppleBottomJeans|47\/100 tox|[from] psn\n|upkeep\n|turn|22\n|\n|-curestatus|p1a: Muscular|slp|[msg]\n|move|p1a: Muscular|Bulk Up|p1a: Muscular\n|-boost|p1a: Muscular|atk|1\n|-boost|p1a: Muscular|def|1\n|move|p2a: AppleBottomJeans|Roost|p2a: AppleBottomJeans\n|-heal|p2a: AppleBottomJeans|97\/100 tox\n|-singleturn|p2a: AppleBottomJeans|move: Roost\n|\n|-damage|p2a: AppleBottomJeans|78\/100 tox|[from] psn\n|upkeep\n|turn|23\n|\n|move|p2a: AppleBottomJeans|Toxic|p1a: Muscular\n|-status|p1a: Muscular|tox\n|move|p1a: Muscular|Darkest Lariat|p2a: AppleBottomJeans\n|-damage|p2a: AppleBottomJeans|13\/100 tox\n|\n|-damage|p2a: AppleBottomJeans|0 fnt|[from] psn\n|faint|p2a: AppleBottomJeans\n|-damage|p1a: Muscular|85\/100 tox|[from] psn\n|upkeep\n|\n|switch|p2a: HugeHandsHans|Incineroar, M, shiny|37\/100\n|-damage|p2a: HugeHandsHans|12\/100|[from] Stealth Rock\n|-ability|p2a: HugeHandsHans|Intimidate|boost\n|-unboost|p1a: Muscular|atk|1\n|turn|24\n|c|\u2606Walletinspector62|Gg\n|\n|move|p1a: Muscular|Darkest Lariat|p2a: HugeHandsHans\n|-resisted|p2a: HugeHandsHans\n|-damage|p2a: HugeHandsHans|0 fnt\n|faint|p2a: HugeHandsHans\n|\n|-damage|p1a: Muscular|73\/100 tox|[from] psn\n|upkeep\n|\n|switch|p2a: Yuh|Bronzong|94\/100\n|-damage|p2a: Yuh|88\/100|[from] Stealth Rock\n|turn|25\n|c|\u2606sacred_td|gg\n|\n|move|p2a: Yuh|Protect|p2a: Yuh\n|-singleturn|p2a: Yuh|Protect\n|move|p1a: Muscular|Darkest Lariat|p2a: Yuh\n|-activate|p2a: Yuh|move: Protect\n|\n|-damage|p1a: Muscular|55\/100 tox|[from] psn\n|upkeep\n|turn|26\n|\n|move|p2a: Yuh|Protect||[still]\n|-fail|p2a: Yuh\n|move|p1a: Muscular|Darkest Lariat|p2a: Yuh\n|-supereffective|p2a: Yuh\n|-damage|p2a: Yuh|26\/100\n|\n|-damage|p1a: Muscular|30\/100 tox|[from] psn\n|upkeep\n|turn|27\n|\n|move|p2a: Yuh|Protect|p2a: Yuh\n|-singleturn|p2a: Yuh|Protect\n|move|p1a: Muscular|Rest|p1a: Muscular\n|-status|p1a: Muscular|slp|[from] move: Rest\n|-heal|p1a: Muscular|100\/100 slp|[silent]\n|\n|upkeep\n|turn|28\n|\n|cant|p1a: Muscular|slp\n|move|p1a: Muscular|Sleep Talk|p1a: Muscular\n|move|p1a: Muscular|Darkest Lariat|p2a: Yuh|[from]Sleep Talk\n|-supereffective|p2a: Yuh\n|-damage|p2a: Yuh|0 fnt\n|faint|p2a: Yuh\n|\n|win|sacred_td\n|l|\u2606Walletinspector62\n|j| Michigan Mawiles\n","uploadtime":1584818768,"views":19,"p1id":"sacredtd","p2id":"walletinspector62","formatid":"gen8nationaldexdlclegacy","rating":0,"private":0,"password":null}