{"id":"sports-gen8nationaldexdraft-629478","p1":"squid bird","p2":"DjezzeMwoan","format":"gen8nationaldexdraft","log":"|j|\u2606squid bird\n|j|\u2606DjezzeMwoan\n|t:|1649529768\n|gametype|singles\n|player|p1|squid bird|squidbird.png|\n|player|p2|DjezzeMwoan|gambler|\n|teamsize|p1|6\n|teamsize|p2|6\n|gen|8\n|tier|[Gen 8] National Dex Draft\n|rule|Sleep Clause Mod: Limit one foe put to sleep\n|rule|OHKO Clause: OHKO moves are banned\n|rule|Evasion Moves Clause: Evasion moves are banned\n|rule|Endless Battle Clause: Forcing endless battles is banned\n|rule|HP Percentage Mod: HP is shown in percentages\n|rule|Dynamax Clause: You cannot dynamax\n|clearpoke\n|poke|p1|Pelipper, M|\n|poke|p1|Swampert, F|\n|poke|p1|Barraskewda, F|\n|poke|p1|Vaporeon, F|\n|poke|p1|Urshifu-*, M|\n|poke|p1|Toxapex, M|\n|poke|p2|Ferroseed, M|\n|poke|p2|Magnezone|\n|poke|p2|Scizor, M|\n|poke|p2|Aegislash, M|\n|poke|p2|Skarmory, F|\n|poke|p2|Bisharp, M|\n|teampreview\n|html|<button name=\"send\" class=\"button\" value=\"\/timer ds\"><i class=\"fa fa-hourglass-start\"><\/i> DS Timer<\/button> <button name=\"send\" class=\"button\" value=\"\/timer smogon\"><i class=\"fa fa-hourglass-start\"><\/i> Smogon Timer<\/button>\n|c|\u2606DjezzeMwoan|this is better\n|c|\u2606DjezzeMwoan|i had my week 1 team\n|c|\u2606DjezzeMwoan|apologies for that\n|c|\u2606squid bird|No problem\n|j| Ebastia12\n|\n|t:|1649529819\n|start\n|switch|p1a: Urshifu|Urshifu-Rapid-Strike, M|100\/100\n|switch|p2a: Bel de wouten|Magnezone|100\/100\n|turn|1\n|\n|t:|1649529882\n|move|p2a: Bel de wouten|Discharge|p1a: Urshifu\n|-supereffective|p1a: Urshifu\n|-damage|p1a: Urshifu|0 fnt\n|faint|p1a: Urshifu\n|\n|upkeep\n|c|\u2606DjezzeMwoan|well that worked out lol\n|c|\u2606squid bird|Whoops\n|\n|t:|1649529942\n|switch|p1a: Swampert|Swampert, F|100\/100\n|turn|2\n|\n|t:|1649529949\n|switch|p2a: Scamory|Skarmory, F|100\/100\n|detailschange|p1a: Swampert|Swampert-Mega, F\n|-mega|p1a: Swampert|Swampert|Swampertite\n|move|p1a: Swampert|Flip Turn|p2a: Scamory\n|-damage|p2a: Scamory|78\/100\n|\n|t:|1649529970\n|switch|p1a: Pelipper|Pelipper, M|100\/100|[from]move: Flip Turn\n|-weather|RainDance|[from] ability: Drizzle|[of] p1a: Pelipper\n|\n|-weather|RainDance|[upkeep]\n|-heal|p2a: Scamory|84\/100|[from] item: Leftovers\n|upkeep\n|turn|3\n|\n|t:|1649529980\n|switch|p2a: Bel de wouten|Magnezone|100\/100\n|move|p1a: Pelipper|Knock Off|p2a: Bel de wouten\n|-damage|p2a: Bel de wouten|89\/100\n|-enditem|p2a: Bel de wouten|Choice Scarf|[from] move: Knock Off|[of] p1a: Pelipper\n|\n|-weather|RainDance|[upkeep]\n|upkeep\n|turn|4\n|c|\u2606squid bird|Let's go\n|c|\u2606DjezzeMwoan|wp\n|\n|t:|1649529993\n|switch|p1a: Swampert|Swampert-Mega, F|100\/100\n|move|p2a: Bel de wouten|Toxic|p1a: Swampert\n|-status|p1a: Swampert|tox\n|\n|-weather|RainDance|[upkeep]\n|-damage|p1a: Swampert|94\/100 tox|[from] psn\n|upkeep\n|turn|5\n|\n|t:|1649530004\n|switch|p2a: Scamory|Skarmory, F|84\/100\n|move|p1a: Swampert|Liquidation|p2a: Scamory\n|-damage|p2a: Scamory|33\/100\n|-unboost|p2a: Scamory|def|1\n|\n|-weather|RainDance|[upkeep]\n|-heal|p2a: Scamory|39\/100|[from] item: Leftovers\n|-damage|p1a: Swampert|82\/100 tox|[from] psn\n|upkeep\n|turn|6\n|\n|t:|1649530019\n|move|p1a: Swampert|Flip Turn|p2a: Scamory\n|-damage|p2a: Scamory|0 fnt\n|faint|p2a: Scamory\n|\n|t:|1649530023\n|switch|p1a: Vaporeon|Vaporeon, F|100\/100|[from]move: Flip Turn\n|\n|-weather|none\n|upkeep\n|\n|t:|1649530034\n|switch|p2a: Chucks|Ferroseed, M|100\/100\n|turn|7\n|\n|t:|1649530038\n|move|p1a: Vaporeon|Heal Bell|p1a: Vaporeon\n|-activate|p1a: Vaporeon|move: Heal Bell\n|-curestatus|p1: Swampert|tox|[msg]\n|move|p2a: Chucks|Spikes|p1a: Vaporeon\n|-sidestart|p1: squid bird|Spikes\n|\n|upkeep\n|turn|8\n|\n|t:|1649530065\n|switch|p1a: Barraskewda|Barraskewda, F|100\/100\n|-damage|p1a: Barraskewda|88\/100|[from] Spikes\n|switch|p2a: Bel de wouten|Magnezone|89\/100\n|\n|upkeep\n|turn|9\n|\n|t:|1649530082\n|move|p1a: Barraskewda|Close Combat|p2a: Bel de wouten\n|-supereffective|p2a: Bel de wouten\n|-damage|p2a: Bel de wouten|0 fnt\n|-unboost|p1a: Barraskewda|def|1\n|-unboost|p1a: Barraskewda|spd|1\n|faint|p2a: Bel de wouten\n|-damage|p1a: Barraskewda|78\/100|[from] item: Life Orb\n|\n|upkeep\n|\n|t:|1649530087\n|switch|p2a: I like|Scizor, M|100\/100\n|turn|10\n|\n|t:|1649530109\n|switch|p1a: Toxapex|Toxapex, M|100\/100\n|-damage|p1a: Toxapex|88\/100|[from] Spikes\n|detailschange|p2a: I like|Scizor-Mega, M\n|-mega|p2a: I like|Scizor|Scizorite\n|move|p2a: I like|Bug Bite|p1a: Toxapex\n|-resisted|p1a: Toxapex\n|-damage|p1a: Toxapex|72\/100\n|\n|-heal|p1a: Toxapex|78\/100|[from] item: Black Sludge\n|upkeep\n|turn|11\n|\n|t:|1649530119\n|move|p2a: I like|Sand Tomb|p1a: Toxapex\n|-supereffective|p1a: Toxapex\n|-damage|p1a: Toxapex|52\/100\n|-activate|p1a: Toxapex|move: Sand Tomb|[of] p2a: I like\n|move|p1a: Toxapex|Knock Off|p2a: I like\n|-damage|p2a: I like|95\/100\n|\n|-heal|p1a: Toxapex|59\/100|[from] item: Black Sludge\n|-damage|p1a: Toxapex|46\/100|[from] move: Sand Tomb|[partiallytrapped]\n|upkeep\n|turn|12\n|j| LatiGOD\n|\n|t:|1649530128\n|move|p2a: I like|Curse|p2a: I like\n|-unboost|p2a: I like|spe|1\n|-boost|p2a: I like|atk|1\n|-boost|p2a: I like|def|1\n|move|p1a: Toxapex|Recover|p1a: Toxapex\n|-heal|p1a: Toxapex|96\/100\n|\n|-heal|p1a: Toxapex|100\/100|[from] item: Black Sludge\n|-damage|p1a: Toxapex|88\/100|[from] move: Sand Tomb|[partiallytrapped]\n|upkeep\n|turn|13\n|l| LatiGOD\n|\n|t:|1649530138\n|move|p2a: I like|Sand Tomb|p1a: Toxapex\n|-supereffective|p1a: Toxapex\n|-damage|p1a: Toxapex|47\/100\n|move|p1a: Toxapex|Haze|p1a: Toxapex\n|-clearallboost\n|\n|-heal|p1a: Toxapex|53\/100|[from] item: Black Sludge\n|-damage|p1a: Toxapex|40\/100|[from] move: Sand Tomb|[partiallytrapped]\n|upkeep\n|turn|14\n|\n|t:|1649530149\n|move|p2a: I like|Curse|p2a: I like\n|-unboost|p2a: I like|spe|1\n|-boost|p2a: I like|atk|1\n|-boost|p2a: I like|def|1\n|move|p1a: Toxapex|Recover|p1a: Toxapex\n|-heal|p1a: Toxapex|90\/100\n|\n|-heal|p1a: Toxapex|97\/100|[from] item: Black Sludge\n|-damage|p1a: Toxapex|84\/100|[from] move: Sand Tomb|[partiallytrapped]\n|upkeep\n|turn|15\n|\n|t:|1649530170\n|move|p2a: I like|Sand Tomb|p1a: Toxapex\n|-supereffective|p1a: Toxapex\n|-damage|p1a: Toxapex|42\/100\n|move|p1a: Toxapex|Haze|p1a: Toxapex\n|-clearallboost\n|\n|-heal|p1a: Toxapex|48\/100|[from] item: Black Sludge\n|-damage|p1a: Toxapex|36\/100|[from] move: Sand Tomb|[partiallytrapped]\n|upkeep\n|turn|16\n|\n|t:|1649530189\n|switch|p2a: Marcel|Bisharp, M|100\/100\n|move|p1a: Toxapex|Recover|p1a: Toxapex\n|-heal|p1a: Toxapex|86\/100\n|\n|-heal|p1a: Toxapex|92\/100|[from] item: Black Sludge\n|-end|p1a: Toxapex|Sand Tomb|[partiallytrapped]\n|upkeep\n|turn|17\n|\n|t:|1649530198\n|move|p2a: Marcel|Swords Dance|p2a: Marcel\n|-boost|p2a: Marcel|atk|2\n|move|p1a: Toxapex|Scald|p2a: Marcel\n|-damage|p2a: Marcel|72\/100\n|\n|-heal|p1a: Toxapex|98\/100|[from] item: Black Sludge\n|upkeep\n|turn|18\n|\n|t:|1649530205\n|move|p2a: Marcel|Knock Off|p1a: Toxapex\n|-damage|p1a: Toxapex|0 fnt\n|-enditem|p1a: Toxapex|Black Sludge|[from] move: Knock Off|[of] p2a: Marcel\n|faint|p1a: Toxapex\n|-damage|p2a: Marcel|62\/100|[from] item: Life Orb\n|\n|upkeep\n|\n|t:|1649530229\n|switch|p1a: Barraskewda|Barraskewda, F|78\/100\n|-damage|p1a: Barraskewda|66\/100|[from] Spikes\n|turn|19\n|\n|t:|1649530234\n|move|p2a: Marcel|Sucker Punch|p1a: Barraskewda\n|-damage|p1a: Barraskewda|0 fnt\n|faint|p1a: Barraskewda\n|-damage|p2a: Marcel|52\/100|[from] item: Life Orb\n|\n|upkeep\n|\n|t:|1649530250\n|switch|p1a: Vaporeon|Vaporeon, F|100\/100\n|-damage|p1a: Vaporeon|88\/100|[from] Spikes\n|turn|20\n|\n|t:|1649530254\n|move|p2a: Marcel|Knock Off|p1a: Vaporeon\n|-damage|p1a: Vaporeon|0 fnt\n|-enditem|p1a: Vaporeon|Leftovers|[from] move: Knock Off|[of] p2a: Marcel\n|faint|p1a: Vaporeon\n|-damage|p2a: Marcel|42\/100|[from] item: Life Orb\n|\n|upkeep\n|c|\u2606squid bird|Wh\n|c|\u2606DjezzeMwoan|ngl\n|\n|t:|1649530270\n|switch|p1a: Pelipper|Pelipper, M|100\/100\n|-weather|RainDance|[from] ability: Drizzle|[of] p1a: Pelipper\n|turn|21\n|c|\u2606DjezzeMwoan|idk why this mon is so strong\n|c|\u2606DjezzeMwoan|like wtf\n|\n|t:|1649530276\n|move|p2a: Marcel|Knock Off|p1a: Pelipper\n|-damage|p1a: Pelipper|0 fnt\n|-enditem|p1a: Pelipper|Heavy-Duty Boots|[from] move: Knock Off|[of] p2a: Marcel\n|faint|p1a: Pelipper\n|-damage|p2a: Marcel|32\/100|[from] item: Life Orb\n|\n|-weather|RainDance|[upkeep]\n|upkeep\n|\n|t:|1649530282\n|switch|p1a: Swampert|Swampert-Mega, F|82\/100\n|-damage|p1a: Swampert|69\/100|[from] Spikes\n|turn|22\n|\n|t:|1649530288\n|move|p2a: Marcel|Sucker Punch|p1a: Swampert\n|-damage|p1a: Swampert|0 fnt\n|faint|p1a: Swampert\n|-damage|p2a: Marcel|22\/100|[from] item: Life Orb\n|\n|win|DjezzeMwoan\n|c|\u2606DjezzeMwoan|gg ig\n|c|\u2606squid bird|Yeah gg\n|c|\u2606DjezzeMwoan|what\n|c|\u2606DjezzeMwoan|im so confused\n|c|\u2606squid bird|Me too\n|c|\u2606DjezzeMwoan|how did that work\n|c|\u2606DjezzeMwoan|who buffed bisharp\n","uploadtime":1649530312,"views":11,"p1id":"squidbird","p2id":"djezzemwoan","formatid":"gen8nationaldexdraft","rating":0,"private":0,"password":null}