{"id":"sports-gen7draftleague-681332","p1":"AsterJ","p2":"tommy ege","format":"gen7draftleague","log":"|j|\u2606AsterJ\n|j|\u2606tommy ege\n|t:|1656893018\n|gametype|singles\n|player|p1|AsterJ|asterj.png|\n|player|p2|tommy ege|1|\n|teamsize|p1|6\n|teamsize|p2|6\n|gen|7\n|tier|[Gen 7] Draft League\n|rule|Sleep Clause Mod: Limit one foe put to sleep\n|rule|OHKO Clause: OHKO moves are banned\n|rule|Evasion Moves Clause: Evasion moves are banned\n|rule|Endless Battle Clause: Forcing endless battles is banned\n|rule|HP Percentage Mod: HP is shown in percentages\n|clearpoke\n|poke|p1|Lapras, F|item\n|poke|p1|Necrozma|item\n|poke|p1|Infernape, F|item\n|poke|p1|Thundurus, M|item\n|poke|p1|Landorus-Therian, M|item\n|poke|p1|Sharpedo, F|item\n|poke|p2|Tornadus-Therian, M|item\n|poke|p2|Tapu Fini|item\n|poke|p2|Snorlax, F|item\n|poke|p2|Nidoqueen, F|item\n|poke|p2|Scizor, F|item\n|poke|p2|Quilladin, M|item\n|teampreview\n|html|<button name=\"send\" class=\"button\" value=\"\/timer ds\"><i class=\"fa fa-hourglass-start\"><\/i> DS Timer<\/button> <button name=\"send\" class=\"button\" value=\"\/timer smogon\"><i class=\"fa fa-hourglass-start\"><\/i> Smogon Timer<\/button>\n|c|\u2606tommy ege|hf\n|j| sablolol\n|c|\u2606AsterJ|u2\n|j| hungrymensznover\n|j| WIG Guildmaster\n|j| Jascha\n|j| TGM Undead\n|j| UnviaSlick\n|j| VIG Luffy\n|j|@PerfecteBlu\n|j| Shuckle15\n|j| Odindark23\n|j| PikachuZappyZap\n|j| Diviniya\n|c| UnviaSlick|Aster goat\n|j| QWAJ quiggles\n|c| WIG Guildmaster|oh gosh, i hope you both win :D\n|j| gm cookie\n|j| arezuwu\n|j| Blitzburgh\n|j| MoneyGuy9559\n|j| burrg\n|j| Spitfire arcanine\n|j| DrinkingRedWine\n|j| EGAWalreins\n|j| hjkhj \u32db\n|l| QWAJ quiggles\n|j| ddrakloak\n|j|^TheCanadianKid\n|c| gm cookie|go aster!\n|j| DOOR MONEY\n|j| mom lover\n|j| fndfmnvr\n|\n|t:|1656893075\n|start\n|switch|p1a: Thundurus|Thundurus, M|100\/100\n|switch|p2a: Snorlax|Snorlax, F|100\/100\n|turn|1\n|j| Dackt\n|j| Ryan Figon\n|j| Skyho\n|j| Juvia Lockshy\n|j| The Damn Goat\n|\n|t:|1656893124\n|switch|p1a: Infernape|Infernape, F|100\/100\n|move|p2a: Snorlax|Ice Punch|p1a: Infernape\n|-resisted|p1a: Infernape\n|-damage|p1a: Infernape|91\/100\n|\n|upkeep\n|turn|2\n|l| TGM Undead\n|j| TGM Undead\n|j| TOOXIC860\n|j| scrappy10\n|l| Skyho\n|\n|t:|1656893145\n|switch|p2a: Nidoqueen|Nidoqueen, F|100\/100\n|move|p1a: Infernape|Stealth Rock|p2a: Nidoqueen\n|-sidestart|p2: tommy ege|move: Stealth Rock\n|\n|upkeep\n|turn|3\n|j| TGM Birbtales\n|j| PokeFan4125\n|\n|t:|1656893185\n|switch|p1a: Lapras|Lapras, F|100\/100\n|move|p2a: Nidoqueen|Stealth Rock|p1a: Lapras\n|-sidestart|p1: AsterJ|move: Stealth Rock\n|\n|upkeep\n|turn|4\n|l| Spitfire arcanine\n|c| EGAWalreins|in\n|c| UnviaSlick|in\n|c| sablolol|in\n|j| Skyho\n|c| gm cookie|in\n|\n|t:|1656893203\n|switch|p2a: Tapu Fini|Tapu Fini|100\/100\n|-damage|p2a: Tapu Fini|88\/100|[from] Stealth Rock\n|-fieldstart|move: Misty Terrain|[from] ability: Misty Surge|[of] p2a: Tapu Fini\n|move|p1a: Lapras|Whirlpool|p2a: Tapu Fini\n|-resisted|p2a: Tapu Fini\n|-damage|p2a: Tapu Fini|84\/100\n|-activate|p2a: Tapu Fini|move: Whirlpool|[of] p1a: Lapras\n|\n|-damage|p2a: Tapu Fini|72\/100|[from] move: Whirlpool|[partiallytrapped]\n|upkeep\n|turn|5\n|\n|t:|1656893210\n|move|p2a: Tapu Fini|Trick|p1a: Lapras\n|-activate|p2a: Tapu Fini|move: Trick|[of] p1a: Lapras\n|-item|p1a: Lapras|Choice Scarf|[from] move: Trick\n|-item|p2a: Tapu Fini|Leftovers|[from] move: Trick\n|move|p1a: Lapras|Freeze-Dry|p2a: Tapu Fini\n|-supereffective|p2a: Tapu Fini\n|-damage|p2a: Tapu Fini|36\/100\n|\n|-heal|p2a: Tapu Fini|42\/100|[from] item: Leftovers\n|-damage|p2a: Tapu Fini|30\/100|[from] move: Whirlpool|[partiallytrapped]\n|upkeep\n|turn|6\n|\n|t:|1656893244\n|switch|p1a: Infernape|Infernape, F|91\/100\n|-damage|p1a: Infernape|79\/100|[from] Stealth Rock\n|move|p2a: Tapu Fini|Moonblast|p1a: Infernape\n|-damage|p1a: Infernape|33\/100\n|\n|-heal|p2a: Tapu Fini|36\/100|[from] item: Leftovers\n|-end|p2a: Tapu Fini|Whirlpool|[partiallytrapped]|[silent]\n|upkeep\n|turn|7\n|j| HunterZinfected\n|\n|t:|1656893328\n|switch|p1a: Thundurus|Thundurus, M|100\/100\n|-damage|p1a: Thundurus|76\/100|[from] Stealth Rock\n|switch|p2a: Nidoqueen|Nidoqueen, F|100\/100\n|-damage|p2a: Nidoqueen|94\/100|[from] Stealth Rock\n|\n|upkeep\n|turn|8\n|j| Joshtheturtwig\n|j| OPdragonite\n|\n|t:|1656893372\n|-zpower|p1a: Thundurus\n|move|p1a: Thundurus|Shattered Psyche|p2a: Nidoqueen|[zeffect]\n|-supereffective|p2a: Nidoqueen\n|-damage|p2a: Nidoqueen|0 fnt\n|faint|p2a: Nidoqueen\n|\n|-fieldend|Misty Terrain\n|upkeep\n|\n|t:|1656893383\n|switch|p2a: Tornadus|Tornadus-Therian, M|100\/100\n|-damage|p2a: Tornadus|76\/100|[from] Stealth Rock\n|turn|9\n|c| TOOXIC860|good prep\n|\n|t:|1656893391\n|move|p1a: Thundurus|Thunder Wave|p2a: Tornadus\n|-status|p2a: Tornadus|par\n|cant|p2a: Tornadus|par\n|\n|upkeep\n|turn|10\n|\n|t:|1656893398\n|switch|p2a: Snorlax|Snorlax, F|100\/100\n|-damage|p2a: Snorlax|88\/100|[from] Stealth Rock\n|move|p1a: Thundurus|Thunderbolt|p2a: Snorlax\n|-damage|p2a: Snorlax|67\/100\n|\n|upkeep\n|turn|11\n|c| WIG Guildmaster|gaming\n|c| PikachuZappyZap|ye\n|l| fndfmnvr\n|j| fndfmnvr\n|l| OPdragonite\n|\n|t:|1656893483\n|switch|p1a: Landorus|Landorus-Therian, M|100\/100\n|-damage|p1a: Landorus|88\/100|[from] Stealth Rock\n|-ability|p1a: Landorus|Intimidate|boost\n|-unboost|p2a: Snorlax|atk|1\n|move|p2a: Snorlax|Ice Punch|p1a: Landorus\n|-supereffective|p1a: Landorus\n|-damage|p1a: Landorus|34\/100\n|\n|upkeep\n|turn|12\n|c| WIG Guildmaster|hoW\n|j| Apply to DGBA\n|c| sablolol|insane\n|c| PikachuZappyZap|this\n|j| lexrn\n|\n|t:|1656893568\n|switch|p2a: Quilladin|Quilladin, M|100\/100\n|-damage|p2a: Quilladin|88\/100|[from] Stealth Rock\n|move|p1a: Landorus|U-turn|p2a: Quilladin\n|-supereffective|p2a: Quilladin\n|-damage|p2a: Quilladin|60\/100\n|\n|t:|1656893573\n|switch|p1a: Infernape|Infernape, F|33\/100|[from]move: U-turn\n|-damage|p1a: Infernape|21\/100|[from] Stealth Rock\n|\n|upkeep\n|turn|13\n|j|^Bontz\n|c| WIG Guildmaster|gg?\n|c| sablolol|mayb?\n|c| The Damn Goat|Def not\n|c| TGM Birbtales|if he had a pignite it was gg\n|l| EGAWalreins\n|j| EGAWalreins\n|c| sablolol|fair enough\n|\n|t:|1656893642\n|switch|p2a: Tapu Fini|Tapu Fini|36\/100\n|-damage|p2a: Tapu Fini|24\/100|[from] Stealth Rock\n|-fieldstart|move: Misty Terrain|[from] ability: Misty Surge|[of] p2a: Tapu Fini\n|move|p1a: Infernape|Slack Off|p1a: Infernape\n|-heal|p1a: Infernape|71\/100\n|\n|-heal|p2a: Tapu Fini|30\/100|[from] item: Leftovers\n|upkeep\n|turn|14\n|c| WIG Guildmaster|true\n|l|^Bontz\n|j|^Bontz\n|c| Skyho|Tactical torn para\n|\n|t:|1656893654\n|switch|p1a: Thundurus|Thundurus, M|76\/100\n|-damage|p1a: Thundurus|51\/100|[from] Stealth Rock\n|move|p2a: Tapu Fini|Moonblast|p1a: Thundurus\n|-damage|p1a: Thundurus|14\/100\n|\n|-heal|p2a: Tapu Fini|36\/100|[from] item: Leftovers\n|upkeep\n|turn|15\n|\n|t:|1656893661\n|switch|p2a: Snorlax|Snorlax, F|67\/100\n|-damage|p2a: Snorlax|55\/100|[from] Stealth Rock\n|move|p1a: Thundurus|Thunderbolt|p2a: Snorlax\n|-crit|p2a: Snorlax\n|-damage|p2a: Snorlax|26\/100\n|-enditem|p2a: Snorlax|Iapapa Berry|[eat]\n|-heal|p2a: Snorlax|76\/100|[from] item: Iapapa Berry\n|\n|upkeep\n|turn|16\n|c| WIG Guildmaster|sry 4 crit\n|j| SAP Me\n|\n|t:|1656893695\n|switch|p1a: Infernape|Infernape, F|71\/100\n|-damage|p1a: Infernape|59\/100|[from] Stealth Rock\n|move|p2a: Snorlax|Recycle|p2a: Snorlax\n|-item|p2a: Snorlax|Iapapa Berry|[from] move: Recycle\n|\n|upkeep\n|turn|17\n|c| PikachuZappyZap|it's ok WIG Guildmaster\n|l|^Bontz\n|c| PikachuZappyZap|I forgive you\n|j|^Bontz\n|j| Spitfire arcanine\n|\n|t:|1656893754\n|switch|p2a: Quilladin|Quilladin, M|60\/100\n|-damage|p2a: Quilladin|48\/100|[from] Stealth Rock\n|move|p1a: Infernape|Encore||[still]\n|-fail|p1a: Infernape\n|\n|-fieldend|Misty Terrain\n|upkeep\n|turn|18\n|c| Joshtheturtwig|.\n|c| UnviaSlick|bruh\n|j| ChilisGrillNBar\n|c| ddrakloak|bet\n|c| Skyho|\ud83d\ude02\n|\n|t:|1656893788\n|move|p1a: Infernape|Flare Blitz|p2a: Quilladin\n|-supereffective|p2a: Quilladin\n|-damage|p2a: Quilladin|0 fnt\n|faint|p2a: Quilladin\n|-damage|p1a: Infernape|44\/100|[from] Recoil\n|\n|upkeep\n|\n|t:|1656893797\n|switch|p2a: Tapu Fini|Tapu Fini|36\/100\n|-damage|p2a: Tapu Fini|24\/100|[from] Stealth Rock\n|-fieldstart|move: Misty Terrain|[from] ability: Misty Surge|[of] p2a: Tapu Fini\n|turn|19\n|c| WIG Guildmaster|remember when the fini died\n|c| ddrakloak|i dont actually\n|c| sablolol|that was a fun time that didnt happen\n|c| Skyho|I member\n|c| TGM Undead|on our way to a happy ending\n|c| The Damn Goat|\ud83c\udf46 \n|l| Ryan Figon\n|l| Spitfire arcanine\n|l| HunterZinfected\n|l|^Bontz\n|j|^Bontz\n|inactive|Battle timer is ON: inactive players will automatically lose when time's up. (requested by tommy ege)\n|\n|t:|1656893895\n|switch|p1a: Thundurus|Thundurus, M|14\/100\n|-damage|p1a: Thundurus|0 fnt|[from] Stealth Rock\n|faint|p1a: Thundurus\n|move|p2a: Tapu Fini|Moonblast|p1: Thundurus|[notarget]\n|-fail|p2a: Tapu Fini\n|\n|-heal|p2a: Tapu Fini|30\/100|[from] item: Leftovers\n|upkeep\n|inactive|AsterJ has 90 seconds left.\n|j| Ryan Figon\n|\n|t:|1656893919\n|switch|p1a: Sharpedo|Sharpedo, F|100\/100\n|-damage|p1a: Sharpedo|88\/100|[from] Stealth Rock\n|turn|20\n|c| PikachuZappyZap|pepperidge farm remembers\n|inactive|AsterJ has 90 seconds left.\n|inactive|tommy ege has 90 seconds left.\n|c| WIG Guildmaster|shoutout my homie pepperidge \n|c| PikachuZappyZap|true\n|\n|t:|1656893948\n|switch|p2a: Snorlax|Snorlax, F|76\/100\n|-damage|p2a: Snorlax|63\/100|[from] Stealth Rock\n|detailschange|p1a: Sharpedo|Sharpedo-Mega, F\n|-mega|p1a: Sharpedo|Sharpedo|Sharpedonite\n|move|p1a: Sharpedo|Poison Jab|p2a: Snorlax\n|-damage|p2a: Snorlax|36\/100\n|-enditem|p2a: Snorlax|Iapapa Berry|[eat]\n|-heal|p2a: Snorlax|86\/100|[from] item: Iapapa Berry\n|\n|upkeep\n|turn|21\n|inactive|AsterJ has 90 seconds left.\n|inactive|tommy ege has 90 seconds left.\n|\n|t:|1656893963\n|move|p1a: Sharpedo|Crunch|p2a: Snorlax\n|-damage|p2a: Snorlax|20\/100\n|move|p2a: Snorlax|Earthquake|p1a: Sharpedo\n|-damage|p1a: Sharpedo|49\/100\n|\n|upkeep\n|turn|22\n|\n|t:|1656893968\n|move|p1a: Sharpedo|Crunch|p2a: Snorlax\n|-damage|p2a: Snorlax|0 fnt\n|faint|p2a: Snorlax\n|\n|upkeep\n|\n|t:|1656893970\n|switch|p2a: Scizor|Scizor, F|100\/100\n|-damage|p2a: Scizor|88\/100|[from] Stealth Rock\n|turn|23\n|\n|t:|1656893974\n|detailschange|p2a: Scizor|Scizor-Mega, F\n|-mega|p2a: Scizor|Scizor|Scizorite\n|move|p1a: Sharpedo|Crunch|p2a: Scizor\n|-damage|p2a: Scizor|37\/100\n|move|p2a: Scizor|Swords Dance|p2a: Scizor\n|-boost|p2a: Scizor|atk|2\n|\n|-fieldend|Misty Terrain\n|upkeep\n|turn|24\n|c| WIG Guildmaster|cronch\n|\n|t:|1656893980\n|move|p2a: Scizor|Quick Attack|p1a: Sharpedo\n|-damage|p1a: Sharpedo|0 fnt\n|faint|p1a: Sharpedo\n|\n|upkeep\n|l| gm cookie\n|\n|t:|1656893990\n|switch|p1a: Lapras|Lapras, F|100\/100\n|-damage|p1a: Lapras|76\/100|[from] Stealth Rock\n|turn|25\n|inactive|tommy ege has 90 seconds left.\n|c| EGAWalreins|in\n|c| Joshtheturtwig|on god?\n|c| WIG Guildmaster|fr?\n|j|@st. ihiihuio \u266b\n|inactive|tommy ege has 60 seconds left.\n|j| Aimel\n|j| gm cookie\n|c| Skyho|It took 24 from rocks. No belly drum. \n|inactive|tommy ege has 30 seconds left.\n|\n|t:|1656894066\n|switch|p2a: Tapu Fini|Tapu Fini|30\/100\n|-damage|p2a: Tapu Fini|18\/100|[from] Stealth Rock\n|-fieldstart|move: Misty Terrain|[from] ability: Misty Surge|[of] p2a: Tapu Fini\n|move|p1a: Lapras|Hidden Power|p2a: Tapu Fini\n|-resisted|p2a: Tapu Fini\n|-damage|p2a: Tapu Fini|13\/100\n|\n|-heal|p2a: Tapu Fini|19\/100|[from] item: Leftovers\n|upkeep\n|turn|26\n|j| Bsbsbsvsvvavss\n|inactive|AsterJ has 90 seconds left.\n|\n|t:|1656894076\n|switch|p1a: Landorus|Landorus-Therian, M|34\/100\n|-damage|p1a: Landorus|21\/100|[from] Stealth Rock\n|-ability|p1a: Landorus|Intimidate|boost\n|-unboost|p2a: Tapu Fini|atk|1\n|move|p2a: Tapu Fini|Moonblast|p1a: Landorus\n|-damage|p1a: Landorus|0 fnt\n|faint|p1a: Landorus\n|\n|-heal|p2a: Tapu Fini|25\/100|[from] item: Leftovers\n|upkeep\n|c| PikachuZappyZap|forced\n|c| WIG Guildmaster|whirlpool freeze dry belly drum would be quite the set\n|c| TGM Undead|good prediction pee.\n|inactive|AsterJ has 90 seconds left.\n|c| TGM Undead|but please lose\n|l| MoneyGuy9559\n|c| WIG Guildmaster|lol he said pee\n|c| TGM Undead|LOL\n|c| TGM Undead|\ud83d\ude02\ud83d\ude02\ud83d\ude02\ud83d\ude02\ud83d\ude02\n|c| TGM Undead|\ud83d\ude02\n|inactive|AsterJ has 60 seconds left.\n|\n|t:|1656894120\n|switch|p1a: Infernape|Infernape, F|44\/100\n|-damage|p1a: Infernape|32\/100|[from] Stealth Rock\n|turn|27\n|j| MoneyGuy9559\n|\n|t:|1656894125\n|move|p1a: Infernape|Flare Blitz|p2a: Tapu Fini\n|-resisted|p2a: Tapu Fini\n|-damage|p2a: Tapu Fini|0 fnt\n|faint|p2a: Tapu Fini\n|-damage|p1a: Infernape|24\/100|[from] Recoil\n|\n|upkeep\n|\n|t:|1656894133\n|switch|p2a: Scizor|Scizor-Mega, F|37\/100\n|-damage|p2a: Scizor|25\/100|[from] Stealth Rock\n|turn|28\n|l| Jascha\n|l|^Bontz\n|\n|t:|1656894140\n|move|p2a: Scizor|Quick Attack|p1a: Infernape\n|-damage|p1a: Infernape|2\/100\n|move|p1a: Infernape|Flare Blitz|p2a: Scizor\n|-supereffective|p2a: Scizor\n|-damage|p2a: Scizor|0 fnt\n|faint|p2a: Scizor\n|-damage|p1a: Infernape|0 fnt|[from] Recoil\n|faint|p1a: Infernape\n|\n|upkeep\n|j| Jascha\n|c| WIG Guildmaster|ate\n|\n|t:|1656894146\n|switch|p1a: Necrozma|Necrozma|100\/100\n|switch|p2a: Tornadus|Tornadus-Therian, M|100\/100 par\n|-damage|p1a: Necrozma|88\/100|[from] Stealth Rock\n|-damage|p2a: Tornadus|76\/100 par|[from] Stealth Rock\n|turn|29\n|c| sablolol|chewed\n|c| hjkhj \u32db|nooo\n|c| Shuckle15|Boo\n|c| EGAWalreins|nooooo\n|c| Shuckle15|Send out the Lapras\n|c| EGAWalreins|free lapras\n|inactive|tommy ege has 90 seconds left.\n|j|^Bontz\n|c| hjkhj \u32db|win with lapras\n|c| Joshtheturtwig|????\n|c| WIG Guildmaster|we want lapras win\n|c| Shuckle15|For the fans!\n|c| Joshtheturtwig|wheres the lapras\n|\n|t:|1656894166\n|move|p1a: Necrozma|Calm Mind|p1a: Necrozma\n|-boost|p1a: Necrozma|spa|1\n|-boost|p1a: Necrozma|spd|1\n|move|p2a: Tornadus|Hurricane|p1a: Necrozma\n|-damage|p1a: Necrozma|57\/100\n|\n|-heal|p1a: Necrozma|63\/100|[from] item: Leftovers\n|-fieldend|Misty Terrain\n|upkeep\n|turn|30\n|c| UnviaSlick|cmon man\n|c| Joshtheturtwig|thats so sad\n|c| TGM Undead|no confusion?\n|c| TGM Undead|you gotta be kidding me\n|c| WIG Guildmaster|im pissed off rn\n|inactive|AsterJ has 90 seconds left.\n|c| hjkhj \u32db|please\n|l| Dackt\n|c| hjkhj \u32db|sac this\n|c| Joshtheturtwig|who lands paralyzed??\n|c| hjkhj \u32db|get lapras\n|c| TGM Birbtales|undead whos team r u on\n|l| Skyho\n|c| UnviaSlick|timer\n|\n|t:|1656894206\n|move|p1a: Necrozma|Calm Mind|p1a: Necrozma\n|-boost|p1a: Necrozma|spa|1\n|-boost|p1a: Necrozma|spd|1\n|cant|p2a: Tornadus|par\n|\n|-heal|p1a: Necrozma|69\/100|[from] item: Leftovers\n|upkeep\n|turn|31\n|c| TGM Undead|dude\n|\n|t:|1656894210\n|move|p1a: Necrozma|Stored Power|p2a: Tornadus\n|-damage|p2a: Tornadus|0 fnt\n|faint|p2a: Tornadus\n|\n|win|AsterJ\n|c| TGM Undead|he won\n|c| TGM Undead|holy shit.\n|c|\u2606AsterJ|gg\n|c| hjkhj \u32db|noooo\n|c| sablolol|geeg\n|l| lexrn\n|l| Aimel\n|l| Blitzburgh\n|l|@st. ihiihuio \u266b\n|l| DOOR MONEY\n|l| Jascha\n|c| hjkhj \u32db|not a real win\n|c|\u2606tommy ege|gg\n|l| The Damn Goat\n|l| scrappy10\n|c| TGM Undead|it was agility z dark lol\n|l|\u2606tommy ege\n|l| Bsbsbsvsvvavss\n|l| Apply to DGBA\n|l| Shuckle15\n|l| UnviaSlick\n|l|^Bontz\n|l| Juvia Lockshy\n|l| TOOXIC860\n|l| Odindark23\n|l| Joshtheturtwig\n","uploadtime":1656894235,"views":88,"p1id":"asterj","p2id":"tommyege","formatid":"gen7draftleague","rating":0,"private":0,"password":null}