{"id":"sports-gen8nationaldexdraft-715648","p1":"Thudgore","p2":"Unviabriel","format":"gen8nationaldexdraft","log":"|j|\u2606Thudgore\n|j|\u2606Unviabriel\n|t:|1661564395\n|gametype|singles\n|player|p1|Thudgore|teamrocket|\n|player|p2|Unviabriel|unviabriel.png|\n|teamsize|p1|6\n|teamsize|p2|6\n|gen|8\n|tier|[Gen 8] National Dex Draft\n|rule|Sleep Clause Mod: Limit one foe put to sleep\n|rule|OHKO Clause: OHKO moves are banned\n|rule|Evasion Moves Clause: Evasion moves are banned\n|rule|Endless Battle Clause: Forcing endless battles is banned\n|rule|HP Percentage Mod: HP is shown in percentages\n|rule|Dynamax Clause: You cannot dynamax\n|clearpoke\n|poke|p1|Heatran, F|\n|poke|p1|Tapu Koko|\n|poke|p1|Kangaskhan, F|\n|poke|p1|Nidoking, M|\n|poke|p1|Sharpedo, M|\n|poke|p1|Latios, M|\n|poke|p2|Gallade, M|\n|poke|p2|Tapu Fini|\n|poke|p2|Greninja, M|\n|poke|p2|Nidoqueen, F|\n|poke|p2|Uxie|\n|poke|p2|Escavalier, F|\n|teampreview\n|html|<button name=\"send\" class=\"button\" value=\"\/timer ds\"><i class=\"fa fa-hourglass-start\"><\/i> DS Timer<\/button> <button name=\"send\" class=\"button\" value=\"\/timer smogon\"><i class=\"fa fa-hourglass-start\"><\/i> Smogon Timer<\/button>\n|j| KingofKrook\n|c|\u2606Unviabriel|glhf\n|c|\u2606Thudgore|You too sir\n|j| Codythunder56\n|j| BurningDL\n|l| Codythunder56\n|j| Codythunder56\n|j| Lemurro\n|j| band of focusers\n|j| Aberforth\n|\n|t:|1661564494\n|start\n|switch|p1a: Kangaskhan|Kangaskhan, F|100\/100\n|switch|p2a: Greninja|Greninja, M|100\/100\n|turn|1\n|j| HawaiianShaymin\n|\n|t:|1661564527\n|switch|p2a: Uxie|Uxie|100\/100\n|move|p1a: Kangaskhan|Body Slam|p2a: Uxie\n|-damage|p2a: Uxie|59\/100\n|\n|-heal|p2a: Uxie|65\/100|[from] item: Leftovers\n|upkeep\n|turn|2\n|j| Fkfncldfndnfn\n|c| Fkfncldfndnfn|Regular kang is broken\n|\n|t:|1661564573\n|switch|p2a: Escavalier|Escavalier, F|100\/100\n|move|p1a: Kangaskhan|Body Slam|p2a: Escavalier\n|-resisted|p2a: Escavalier\n|-damage|p2a: Escavalier|73\/100\n|\n|upkeep\n|turn|3\n|\n|t:|1661564673\n|move|p1a: Kangaskhan|Body Slam|p2a: Escavalier\n|-resisted|p2a: Escavalier\n|-damage|p2a: Escavalier|47\/100\n|-status|p2a: Escavalier|par\n|cant|p2a: Escavalier|par\n|\n|upkeep\n|turn|4\n|c|\u2606Thudgore|I'm good at this Pokemon business\n|l| Fkfncldfndnfn\n|j| Shuckle15\n|\n|t:|1661564731\n|switch|p1a: Heatran|Heatran, F|100\/100\n|move|p2a: Escavalier|Megahorn|p1a: Heatran\n|-resisted|p1a: Heatran\n|-damage|p1a: Heatran|84\/100\n|\n|upkeep\n|turn|5\n|l| Shuckle15\n|\n|t:|1661564767\n|switch|p2a: Greninja|Greninja, M|100\/100\n|move|p1a: Heatran|Eruption|p2a: Greninja\n|-resisted|p2a: Greninja\n|-damage|p2a: Greninja|51\/100\n|\n|upkeep\n|turn|6\n|l| Codythunder56\n|j| Codythunder56\n|\n|t:|1661564884\n|move|p2a: Greninja|Water Shuriken|p1a: Heatran\n|-supereffective|p1a: Heatran\n|-damage|p1a: Heatran|64\/100\n|-supereffective|p1a: Heatran\n|-damage|p1a: Heatran|43\/100\n|-supereffective|p1a: Heatran\n|-damage|p1a: Heatran|24\/100\n|-hitcount|p1a: Heatran|3\n|move|p1a: Heatran|Eruption|p2a: Greninja\n|-resisted|p2a: Greninja\n|-damage|p2a: Greninja|37\/100\n|\n|upkeep\n|turn|7\n|c|\u2606Thudgore|That's cheating\n|\n|t:|1661564969\n|switch|p1a: Kangaskhan|Kangaskhan, F|100\/100\n|switch|p2a: Uxie|Uxie|65\/100\n|\n|-heal|p2a: Uxie|71\/100|[from] item: Leftovers\n|upkeep\n|turn|8\n|j| Just Achor\n|c| Just Achor|thuggoat\n|\n|t:|1661565059\n|move|p1a: Kangaskhan|Body Slam|p2a: Uxie\n|-damage|p2a: Uxie|33\/100\n|-status|p2a: Uxie|par\n|move|p2a: Uxie|Stealth Rock|p1a: Kangaskhan\n|-sidestart|p1: Thudgore|move: Stealth Rock\n|\n|-heal|p2a: Uxie|39\/100 par|[from] item: Leftovers\n|upkeep\n|turn|9\n|\n|t:|1661565093\n|move|p1a: Kangaskhan|Body Slam|p2a: Uxie\n|-damage|p2a: Uxie|1\/100 par\n|move|p2a: Uxie|U-turn|p1a: Kangaskhan\n|-damage|p1a: Kangaskhan|88\/100\n|\n|t:|1661565160\n|switch|p2a: Gallade|Gallade, M|100\/100|[from]move: U-turn\n|\n|upkeep\n|turn|10\n|\n|t:|1661565174\n|switch|p1a: Heatran|Heatran, F|24\/100\n|-damage|p1a: Heatran|11\/100|[from] Stealth Rock\n|detailschange|p2a: Gallade|Gallade-Mega, M\n|-mega|p2a: Gallade|Gallade|Galladite\n|move|p2a: Gallade|Close Combat|p1a: Heatran\n|-supereffective|p1a: Heatran\n|-damage|p1a: Heatran|0 fnt\n|-unboost|p2a: Gallade|def|1\n|-unboost|p2a: Gallade|spd|1\n|-status|p2a: Gallade|brn|[from] ability: Flame Body|[of] p1a: Heatran\n|faint|p1a: Heatran\n|\n|-damage|p2a: Gallade|94\/100 brn|[from] brn\n|upkeep\n|c|\u2606Unviabriel|god fucking damn it\n|c|\u2606Unviabriel|stop getting 30% chances\n|c|\u2606Thudgore|Man. \n|\n|t:|1661565206\n|switch|p1a: Kangaskhan|Kangaskhan, F|88\/100\n|-damage|p1a: Kangaskhan|76\/100|[from] Stealth Rock\n|turn|11\n|c|\u2606Thudgore|Guess whose back\n|c|\u2606Unviabriel|count your blessings this isn't dead to rocks\n|c|\u2606Thudgore|I will\n|j| Raj.Shoot\n|c| Raj.Shoot|Back again\n|\n|t:|1661565250\n|switch|p2a: Uxie|Uxie|1\/100 par\n|move|p1a: Kangaskhan|Body Slam|p2a: Uxie\n|-damage|p2a: Uxie|0 fnt\n|faint|p2a: Uxie\n|\n|upkeep\n|l| BurningDL\n|j| Shuckle15\n|\n|t:|1661565419\n|switch|p2a: Escavalier|Escavalier, F|47\/100 par\n|turn|12\n|c| Just Achor|does kang knows another move?\n|c|\u2606Thudgore|Does it need one?\n|l| Shuckle15\n|j| Burrg\n|c| Just Achor|you're right\n|\n|t:|1661565565\n|switch|p1a: Nidoking|Nidoking, M|100\/100\n|-damage|p1a: Nidoking|95\/100|[from] Stealth Rock\n|move|p2a: Escavalier|Megahorn|p1a: Nidoking\n|-resisted|p1a: Nidoking\n|-damage|p1a: Nidoking|49\/100\n|\n|upkeep\n|turn|13\n|\n|t:|1661565599\n|switch|p2a: Gallade|Gallade-Mega, M|94\/100 brn\n|move|p1a: Nidoking|Flamethrower|p2a: Gallade\n|-damage|p2a: Gallade|52\/100 brn\n|\n|-damage|p2a: Gallade|46\/100 brn|[from] brn\n|upkeep\n|turn|14\n|l| Raj.Shoot\n|\n|t:|1661565613\n|switch|p1a: Tapu Koko|Tapu Koko|100\/100\n|-fieldstart|move: Electric Terrain|[from] ability: Electric Surge|[of] p1a: Tapu Koko\n|move|p2a: Gallade|Zen Headbutt|p1a: Tapu Koko\n|-damage|p1a: Tapu Koko|65\/100\n|\n|-damage|p2a: Gallade|40\/100 brn|[from] brn\n|upkeep\n|turn|15\n|\n|t:|1661565645\n|move|p1a: Tapu Koko|Dazzling Gleam|p2a: Gallade\n|-supereffective|p2a: Gallade\n|-damage|p2a: Gallade|0 fnt\n|faint|p2a: Gallade\n|\n|upkeep\n|\n|t:|1661565675\n|switch|p2a: Nidoqueen|Nidoqueen, F|100\/100\n|turn|16\n|l| Aberforth\n|\n|t:|1661565703\n|move|p1a: Tapu Koko|U-turn|p2a: Nidoqueen\n|-resisted|p2a: Nidoqueen\n|-damage|p2a: Nidoqueen|92\/100\n|j| CabezazosAlTeclado\n|\n|t:|1661565718\n|switch|p1a: Latios|Latios, M|100\/100|[from]move: U-turn\n|-damage|p1a: Latios|88\/100|[from] Stealth Rock\n|move|p2a: Nidoqueen|Substitute|p2a: Nidoqueen\n|-start|p2a: Nidoqueen|Substitute\n|-damage|p2a: Nidoqueen|67\/100\n|\n|upkeep\n|turn|17\n|\n|t:|1661565730\n|move|p1a: Latios|Psychic|p2a: Nidoqueen\n|-supereffective|p2a: Nidoqueen\n|-end|p2a: Nidoqueen|Substitute\n|move|p2a: Nidoqueen|Sludge Wave|p1a: Latios\n|-damage|p1a: Latios|28\/100\n|\n|upkeep\n|turn|18\n|\n|t:|1661565806\n|switch|p2a: Escavalier|Escavalier, F|47\/100 par\n|move|p1a: Latios|Draco Meteor|p2a: Escavalier\n|-resisted|p2a: Escavalier\n|-damage|p2a: Escavalier|14\/100 par\n|-unboost|p1a: Latios|spa|2\n|\n|-fieldend|move: Electric Terrain\n|upkeep\n|turn|19\n|\n|t:|1661565827\n|move|p1a: Latios|Mystical Fire|p2a: Escavalier\n|-supereffective|p2a: Escavalier\n|-enditem|p2a: Escavalier|Occa Berry|[eat]\n|-enditem|p2a: Escavalier|Occa Berry|[weaken]\n|-damage|p2a: Escavalier|0 fnt\n|faint|p2a: Escavalier\n|\n|upkeep\n|j| Shuckle15\n|\n|t:|1661565840\n|switch|p2a: Greninja|Greninja, M|37\/100\n|turn|20\n|\n|t:|1661565877\n|move|p2a: Greninja|Surf|p1a: Latios\n|-resisted|p1a: Latios\n|-damage|p1a: Latios|1\/100\n|move|p1a: Latios|Draco Meteor|p2a: Greninja\n|-damage|p2a: Greninja|0 fnt\n|-unboost|p1a: Latios|spa|2\n|faint|p2a: Greninja\n|\n|upkeep\n|c| Shuckle15|Oh. Expert EVs\n|c|\u2606Unviabriel|how much hp\n|c|\u2606Thudgore|208\n|j| Keith goat\n|c|\u2606Unviabriel|you have to be shitting me\n|c| Keith goat|How does he do it\n|l| Shuckle15\n|\n|t:|1661566028\n|switch|p2a: Tapu Fini|Tapu Fini|100\/100\n|-fieldstart|move: Misty Terrain|[from] ability: Misty Surge|[of] p2a: Tapu Fini\n|turn|21\n|\n|t:|1661566036\n|switch|p1a: Kangaskhan|Kangaskhan, F|76\/100\n|-damage|p1a: Kangaskhan|64\/100|[from] Stealth Rock\n|move|p2a: Tapu Fini|Calm Mind|p2a: Tapu Fini\n|-boost|p2a: Tapu Fini|spa|1\n|-boost|p2a: Tapu Fini|spd|1\n|\n|upkeep\n|turn|22\n|\n|t:|1661566043\n|move|p1a: Kangaskhan|Double-Edge|p2a: Tapu Fini\n|-damage|p2a: Tapu Fini|51\/100\n|-damage|p1a: Kangaskhan|48\/100|[from] Recoil\n|move|p2a: Tapu Fini|Calm Mind|p2a: Tapu Fini\n|-boost|p2a: Tapu Fini|spa|1\n|-boost|p2a: Tapu Fini|spd|1\n|\n|-heal|p2a: Tapu Fini|57\/100|[from] item: Leftovers\n|upkeep\n|turn|23\n|\n|t:|1661566056\n|move|p1a: Kangaskhan|Double-Edge|p2a: Tapu Fini\n|-damage|p2a: Tapu Fini|8\/100\n|-damage|p1a: Kangaskhan|33\/100|[from] Recoil\n|move|p2a: Tapu Fini|Draining Kiss|p1a: Kangaskhan\n|-damage|p1a: Kangaskhan|0 fnt\n|-heal|p2a: Tapu Fini|33\/100|[from] drain|[of] p1a: Kangaskhan\n|faint|p1a: Kangaskhan\n|\n|-heal|p2a: Tapu Fini|39\/100|[from] item: Leftovers\n|upkeep\n|l| Burrg\n|\n|t:|1661566104\n|switch|p1a: Nidoking|Nidoking, M|49\/100\n|-damage|p1a: Nidoking|43\/100|[from] Stealth Rock\n|turn|24\n|\n|t:|1661566109\n|move|p1a: Nidoking|Sludge Wave|p2a: Tapu Fini\n|-supereffective|p2a: Tapu Fini\n|-crit|p2a: Tapu Fini\n|-damage|p2a: Tapu Fini|0 fnt\n|faint|p2a: Tapu Fini\n|\n|upkeep\n|\n|t:|1661566112\n|switch|p2a: Nidoqueen|Nidoqueen, F|67\/100\n|turn|25\n|\n|t:|1661566115\n|move|p1a: Nidoking|Earth Power|p2a: Nidoqueen\n|-supereffective|p2a: Nidoqueen\n|-damage|p2a: Nidoqueen|0 fnt\n|faint|p2a: Nidoqueen\n|\n|win|Thudgore\n|l| Lemurro\n|l| Codythunder56\n|l| KingofKrook\n|l| Keith goat\n|j| Shuckle15\n|c|\u2606Unviabriel|i'd say gg but i'm certainly not feeling that way rn\n|c|\u2606Thudgore|Fair enough man\n|j| Mogomomo\n|l| band of focusers\n|l| Shuckle15\n|l|\u2606Unviabriel\n|j| Raj.Shoot\n|j| vinithewini\n","uploadtime":1661566135,"views":80,"p1id":"thudgore","p2id":"unviabriel","formatid":"gen8nationaldexdraft","rating":0,"private":0,"password":null}