{"id":"sports-gen8nationaldexlegacy-705147","p1":"rooopos","p2":"Preliminary Pex","format":"gen8nationaldexlegacy","log":"|j|\u2606rooopos\n|j|\u2606Preliminary Pex\n|t:|1660066036\n|gametype|singles\n|player|p1|rooopos|2|\n|player|p2|Preliminary Pex|az|\n|teamsize|p1|6\n|teamsize|p2|6\n|gen|8\n|tier|[Gen 8] National Dex Legacy\n|rule|Sleep Clause Mod: Limit one foe put to sleep\n|rule|OHKO Clause: OHKO moves are banned\n|rule|Evasion Moves Clause: Evasion moves are banned\n|rule|Endless Battle Clause: Forcing endless battles is banned\n|rule|HP Percentage Mod: HP is shown in percentages\n|rule|Dynamax Clause: You cannot dynamax\n|clearpoke\n|poke|p1|Dragapult, F|\n|poke|p1|Scizor, M|\n|poke|p1|Primarina, F|\n|poke|p1|Zarude|\n|poke|p1|Zapdos|\n|poke|p1|Donphan, M|\n|poke|p2|Blacephalon|\n|poke|p2|Zapdos-Galar|\n|poke|p2|Charjabug, M|\n|poke|p2|Purugly, F|\n|poke|p2|Corviknight, M|\n|poke|p2|Gyarados, M|\n|teampreview\n|html|<button name=\"send\" class=\"button\" value=\"\/timer ds\"><i class=\"fa fa-hourglass-start\"><\/i> DS Timer<\/button> <button name=\"send\" class=\"button\" value=\"\/timer smogon\"><i class=\"fa fa-hourglass-start\"><\/i> Smogon Timer<\/button>\n|c|\u2606Preliminary Pex|glhf\n|c|\u2606rooopos|u2\n|\n|t:|1660066081\n|start\n|switch|p1a: Zapdos|Zapdos|100\/100\n|switch|p2a: Blacephalon|Blacephalon|100\/100\n|turn|1\n|\n|t:|1660066123\n|switch|p1a: Primarina|Primarina, F|100\/100\n|move|p2a: Blacephalon|Flamethrower|p1a: Primarina\n|-resisted|p1a: Primarina\n|-damage|p1a: Primarina|83\/100\n|\n|upkeep\n|turn|2\n|\n|t:|1660066135\n|switch|p2a: Charjabug|Charjabug, M|100\/100\n|move|p1a: Primarina|Flip Turn|p2a: Charjabug\n|-damage|p2a: Charjabug|89\/100\n|\n|t:|1660066142\n|switch|p1a: Dragapult|Dragapult, F|100\/100|[from]move: Flip Turn\n|\n|upkeep\n|turn|3\n|\n|t:|1660066147\n|move|p1a: Dragapult|Fire Blast|p2a: Charjabug|[miss]\n|-miss|p1a: Dragapult|p2a: Charjabug\n|move|p2a: Charjabug|Toxic|p1a: Dragapult\n|-status|p1a: Dragapult|tox\n|\n|-damage|p1a: Dragapult|94\/100 tox|[from] psn\n|upkeep\n|turn|4\n|\n|t:|1660066151\n|move|p1a: Dragapult|Fire Blast|p2a: Charjabug\n|-supereffective|p2a: Charjabug\n|-damage|p2a: Charjabug|28\/100\n|move|p2a: Charjabug|Sticky Web|p1a: Dragapult\n|-sidestart|p1: rooopos|move: Sticky Web\n|\n|-damage|p1a: Dragapult|82\/100 tox|[from] psn\n|upkeep\n|turn|5\n|\n|t:|1660066165\n|switch|p1a: Zapdos|Zapdos|100\/100\n|move|p2a: Charjabug|Volt Switch|p1a: Zapdos\n|-damage|p1a: Zapdos|87\/100\n|\n|t:|1660066179\n|switch|p2a: Purugly|Purugly, F|100\/100|[from]move: Volt Switch\n|\n|upkeep\n|turn|6\n|\n|t:|1660066183\n|move|p2a: Purugly|Fake Out|p1a: Zapdos\n|-damage|p1a: Zapdos|76\/100\n|-status|p2a: Purugly|par|[from] ability: Static|[of] p1a: Zapdos\n|cant|p1a: Zapdos|flinch\n|\n|upkeep\n|turn|7\n|\n|t:|1660066194\n|move|p1a: Zapdos|Thunderbolt|p2a: Purugly\n|-damage|p2a: Purugly|54\/100 par\n|move|p2a: Purugly|Return|p1a: Zapdos\n|-damage|p1a: Zapdos|49\/100\n|\n|upkeep\n|turn|8\n|\n|t:|1660066200\n|move|p1a: Zapdos|Roost|p1a: Zapdos\n|-heal|p1a: Zapdos|99\/100\n|-singleturn|p1a: Zapdos|move: Roost\n|move|p2a: Purugly|Knock Off|p1a: Zapdos\n|-damage|p1a: Zapdos|79\/100\n|-enditem|p1a: Zapdos|Heavy-Duty Boots|[from] move: Knock Off|[of] p2a: Purugly\n|\n|upkeep\n|turn|9\n|\n|t:|1660066210\n|move|p1a: Zapdos|Thunderbolt|p2a: Purugly\n|-damage|p2a: Purugly|11\/100 par\n|move|p2a: Purugly|Return|p1a: Zapdos\n|-damage|p1a: Zapdos|49\/100\n|\n|upkeep\n|turn|10\n|\n|t:|1660066215\n|move|p1a: Zapdos|Roost|p1a: Zapdos\n|-heal|p1a: Zapdos|99\/100\n|-singleturn|p1a: Zapdos|move: Roost\n|move|p2a: Purugly|Return|p1a: Zapdos\n|-damage|p1a: Zapdos|69\/100\n|\n|upkeep\n|turn|11\n|\n|t:|1660066221\n|move|p1a: Zapdos|Thunderbolt|p2a: Purugly\n|-damage|p2a: Purugly|0 fnt\n|faint|p2a: Purugly\n|\n|upkeep\n|\n|t:|1660066295\n|switch|p2a: Charjabug|Charjabug, M|28\/100\n|turn|12\n|\n|t:|1660066300\n|switch|p1a: Scizor|Scizor, M|100\/100\n|-activate|p1a: Scizor|move: Sticky Web\n|-unboost|p1a: Scizor|spe|1\n|move|p2a: Charjabug|Toxic|p1a: Scizor\n|-immune|p1a: Scizor\n|\n|upkeep\n|turn|13\n|\n|t:|1660066308\n|detailschange|p1a: Scizor|Scizor-Mega, M\n|-mega|p1a: Scizor|Scizor|Scizorite\n|move|p1a: Scizor|Pursuit|p2a: Charjabug\n|-damage|p2a: Charjabug|10\/100\n|move|p2a: Charjabug|Volt Switch|p1a: Scizor\n|-damage|p1a: Scizor|88\/100\n|\n|t:|1660066315\n|switch|p2a: Blacephalon|Blacephalon|100\/100|[from]move: Volt Switch\n|\n|upkeep\n|turn|14\n|\n|t:|1660066319\n|switch|p1a: Primarina|Primarina, F|83\/100\n|-activate|p1a: Primarina|move: Sticky Web\n|-unboost|p1a: Primarina|spe|1\n|move|p2a: Blacephalon|Flamethrower|p1a: Primarina\n|-resisted|p1a: Primarina\n|-damage|p1a: Primarina|68\/100\n|\n|upkeep\n|turn|15\n|\n|t:|1660066323\n|switch|p2a: Corviknight|Corviknight, M|100\/100\n|move|p1a: Primarina|Flip Turn|p2a: Corviknight\n|-damage|p2a: Corviknight|90\/100\n|\n|t:|1660066327\n|switch|p1a: Zapdos|Zapdos|69\/100|[from]move: Flip Turn\n|\n|-heal|p2a: Corviknight|96\/100|[from] item: Leftovers\n|upkeep\n|turn|16\n|\n|t:|1660066331\n|move|p1a: Zapdos|Roost|p1a: Zapdos\n|-heal|p1a: Zapdos|100\/100\n|-singleturn|p1a: Zapdos|move: Roost\n|move|p2a: Corviknight|Iron Defense|p2a: Corviknight\n|-boost|p2a: Corviknight|def|2\n|\n|-heal|p2a: Corviknight|100\/100|[from] item: Leftovers\n|upkeep\n|turn|17\n|\n|t:|1660066337\n|move|p1a: Zapdos|Defog|p2a: Corviknight\n|-ability|p2a: Corviknight|Mirror Armor\n|-unboost|p1a: Zapdos|evasion|1\n|-sideend|p1: rooopos|Sticky Web|[from] move: Defog|[of] p1a: Zapdos\n|move|p2a: Corviknight|Body Press|p1a: Zapdos\n|-resisted|p1a: Zapdos\n|-damage|p1a: Zapdos|81\/100\n|\n|upkeep\n|turn|18\n|\n|t:|1660066347\n|move|p1a: Zapdos|Thunderbolt|p2a: Corviknight\n|-supereffective|p2a: Corviknight\n|-damage|p2a: Corviknight|29\/100\n|move|p2a: Corviknight|Brave Bird|p1a: Zapdos\n|-resisted|p1a: Zapdos\n|-damage|p1a: Zapdos|68\/100\n|-damage|p2a: Corviknight|25\/100|[from] Recoil\n|\n|-heal|p2a: Corviknight|31\/100|[from] item: Leftovers\n|upkeep\n|turn|19\n|\n|t:|1660066356\n|switch|p2a: Charjabug|Charjabug, M|10\/100\n|move|p1a: Zapdos|Thunderbolt|p2a: Charjabug\n|-resisted|p2a: Charjabug\n|-damage|p2a: Charjabug|0 fnt\n|faint|p2a: Charjabug\n|\n|upkeep\n|\n|t:|1660066367\n|switch|p2a: Zapdos|Zapdos-Galar|100\/100\n|turn|20\n|\n|t:|1660066375\n|move|p2a: Zapdos|U-turn|p1a: Zapdos\n|-resisted|p1a: Zapdos\n|-damage|p1a: Zapdos|54\/100\n|-status|p2a: Zapdos|par|[from] ability: Static|[of] p1a: Zapdos\n|\n|t:|1660066378\n|switch|p2a: Corviknight|Corviknight, M|31\/100|[from]move: U-turn\n|move|p1a: Zapdos|Roost|p1a: Zapdos\n|-heal|p1a: Zapdos|100\/100\n|-singleturn|p1a: Zapdos|move: Roost\n|\n|-heal|p2a: Corviknight|37\/100|[from] item: Leftovers\n|upkeep\n|turn|21\n|\n|t:|1660066383\n|move|p1a: Zapdos|Thunderbolt|p2a: Corviknight\n|-supereffective|p2a: Corviknight\n|-damage|p2a: Corviknight|0 fnt\n|faint|p2a: Corviknight\n|\n|upkeep\n|\n|t:|1660066388\n|switch|p2a: Gyarados|Gyarados, M|100\/100\n|-ability|p2a: Gyarados|Intimidate|boost\n|-unboost|p1a: Zapdos|atk|1\n|turn|22\n|\n|t:|1660066393\n|switch|p2a: Zapdos|Zapdos-Galar|100\/100 par\n|move|p1a: Zapdos|Thunderbolt|p2a: Zapdos\n|-supereffective|p2a: Zapdos\n|-damage|p2a: Zapdos|16\/100 par\n|\n|upkeep\n|turn|23\n|\n|t:|1660066399\n|move|p1a: Zapdos|Thunderbolt|p2a: Zapdos\n|-supereffective|p2a: Zapdos\n|-crit|p2a: Zapdos\n|-damage|p2a: Zapdos|0 fnt\n|faint|p2a: Zapdos\n|\n|upkeep\n|\n|t:|1660066403\n|switch|p2a: Blacephalon|Blacephalon|100\/100\n|turn|24\n|\n|t:|1660066411\n|switch|p1a: Zarude|Zarude|100\/100\n|move|p2a: Blacephalon|Shadow Ball|p1a: Zarude\n|-resisted|p1a: Zarude\n|-damage|p1a: Zarude|82\/100\n|\n|upkeep\n|turn|25\n|\n|t:|1660066419\n|move|p2a: Blacephalon|Shadow Ball|p1a: Zarude\n|-resisted|p1a: Zarude\n|-damage|p1a: Zarude|60\/100\n|-unboost|p1a: Zarude|spd|1\n|move|p1a: Zarude|Power Whip|p2a: Blacephalon\n|-resisted|p2a: Blacephalon\n|-damage|p2a: Blacephalon|42\/100\n|\n|upkeep\n|turn|26\n|\n|t:|1660066464\n|move|p2a: Blacephalon|Shadow Ball|p1a: Zarude\n|-resisted|p1a: Zarude\n|-damage|p1a: Zarude|30\/100\n|move|p1a: Zarude|Power Whip|p2a: Blacephalon|[miss]\n|-miss|p1a: Zarude|p2a: Blacephalon\n|\n|upkeep\n|turn|27\n|\n|t:|1660066472\n|switch|p1a: Primarina|Primarina, F|68\/100\n|move|p2a: Blacephalon|Shadow Ball|p1a: Primarina\n|-damage|p1a: Primarina|38\/100\n|-unboost|p1a: Primarina|spd|1\n|\n|upkeep\n|turn|28\n|\n|t:|1660066475\n|move|p2a: Blacephalon|Shadow Ball|p1a: Primarina\n|-damage|p1a: Primarina|0 fnt\n|faint|p1a: Primarina\n|-ability|p2a: Blacephalon|Beast Boost|boost\n|-boost|p2a: Blacephalon|spa|1\n|\n|upkeep\n|c|\u2606Preliminary Pex|lets go\n|c|\u2606Preliminary Pex|not a 6-0\n|c|\u2606Preliminary Pex|lol\n|c|\u2606rooopos|might lose now\n|\n|t:|1660066504\n|switch|p1a: Donphan|Donphan, M|100\/100\n|turn|29\n|\n|t:|1660066508\n|move|p2a: Blacephalon|Shadow Ball|p1a: Donphan\n|-damage|p1a: Donphan|13\/100\n|move|p1a: Donphan|Earthquake|p2a: Blacephalon\n|-supereffective|p2a: Blacephalon\n|-damage|p2a: Blacephalon|0 fnt\n|faint|p2a: Blacephalon\n|\n|-heal|p1a: Donphan|19\/100|[from] item: Leftovers\n|upkeep\n|\n|t:|1660066512\n|switch|p2a: Gyarados|Gyarados, M|100\/100\n|-ability|p2a: Gyarados|Intimidate|boost\n|-unboost|p1a: Donphan|atk|1\n|turn|30\n|\n|t:|1660066520\n|switch|p1a: Zapdos|Zapdos|100\/100\n|move|p2a: Gyarados|Waterfall|p1a: Zapdos\n|-damage|p1a: Zapdos|68\/100\n|-status|p2a: Gyarados|par|[from] ability: Static|[of] p1a: Zapdos\n|\n|upkeep\n|turn|31\n|\n|t:|1660066528\n|detailschange|p2a: Gyarados|Gyarados-Mega, M\n|-mega|p2a: Gyarados|Gyarados|Gyaradosite\n|-ability|p2a: Gyarados|Mold Breaker\n|move|p1a: Zapdos|Thunderbolt|p2a: Gyarados\n|-supereffective|p2a: Gyarados\n|-damage|p2a: Gyarados|32\/100 par\n|move|p2a: Gyarados|Crunch|p1a: Zapdos\n|-damage|p1a: Zapdos|35\/100\n|-unboost|p1a: Zapdos|def|1\n|\n|upkeep\n|turn|32\n|c|\u2606Preliminary Pex|do you know if mold breaker ignores static?\n|c|\u2606Preliminary Pex|cause ik it doesnt say for when you do Dt static\n|\n|t:|1660066564\n|move|p1a: Zapdos|Thunderbolt|p2a: Gyarados\n|-supereffective|p2a: Gyarados\n|-damage|p2a: Gyarados|0 fnt\n|faint|p2a: Gyarados\n|\n|win|rooopos\n|c|\u2606rooopos|no it dosent \n|c|\u2606Preliminary Pex|sadge\n|c|\u2606rooopos|gg\n|c|\u2606Preliminary Pex|ggsa\n","uploadtime":1660066630,"views":14,"p1id":"rooopos","p2id":"preliminarypex","formatid":"gen8nationaldexlegacy","rating":0,"private":0,"password":null}