{"id":"sports-gen8nationaldexleakslegacy-489502","p1":"FC Victini Plzen","p2":"AsterJ","format":"gen8nationaldexleakslegacy","log":"|j|\u2606FC Victini Plzen\n|j|\u2606AsterJ\n|t:|1630273283\n|gametype|singles\n|player|p1|FC Victini Plzen|jasmine|\n|player|p2|AsterJ|asterj.png|\n|teamsize|p1|6\n|teamsize|p2|6\n|gen|8\n|tier|[Gen 8] National Dex Leaks Legacy\n|rule|Sleep Clause Mod: Limit one foe put to sleep\n|rule|OHKO Clause: OHKO moves are banned\n|rule|Evasion Moves Clause: Evasion moves are banned\n|rule|Endless Battle Clause: Forcing endless battles is banned\n|rule|HP Percentage Mod: HP is shown in percentages\n|rule|Dynamax Clause: You cannot dynamax\n|clearpoke\n|poke|p1|Zapdos-Galar|\n|poke|p1|Slowbro, F|\n|poke|p1|Amoonguss, F|\n|poke|p1|Cinderace, M|\n|poke|p1|Thundurus-Therian, M|\n|poke|p1|Aggron, M|\n|poke|p2|Blacephalon|\n|poke|p2|Zeraora|\n|poke|p2|Kangaskhan, F|\n|poke|p2|Mew|\n|poke|p2|Mandibuzz, F|\n|poke|p2|Venomoth, M|\n|teampreview\n|html|<button name=\"send\" class=\"button\" value=\"\/timer ds\"><i class=\"fa fa-hourglass-start\"><\/i> DS Timer<\/button> <button name=\"send\" class=\"button\" value=\"\/timer smogon\"><i class=\"fa fa-hourglass-start\"><\/i> Smogon Timer<\/button>\n|c|\u2606AsterJ|Gl hf man\n|c|\u2606FC Victini Plzen|u2\n|\n|t:|1630273318\n|start\n|switch|p1a: Thundurus|Thundurus-Therian, M|100\/100\n|switch|p2a: Zeraora|Zeraora|100\/100\n|turn|1\n|\n|t:|1630273324\n|move|p2a: Zeraora|Fake Out|p1a: Thundurus\n|-damage|p1a: Thundurus|82\/100\n|cant|p1a: Thundurus|flinch\n|\n|upkeep\n|turn|2\n|\n|t:|1630273339\n|switch|p1a: Amoonguss|Amoonguss, F|100\/100\n|move|p2a: Zeraora|Knock Off|p1a: Amoonguss\n|-damage|p1a: Amoonguss|78\/100\n|-enditem|p1a: Amoonguss|Black Sludge|[from] move: Knock Off|[of] p2a: Zeraora\n|\n|upkeep\n|turn|3\n|\n|t:|1630273348\n|move|p2a: Zeraora|Volt Switch|p1a: Amoonguss\n|-resisted|p1a: Amoonguss\n|-damage|p1a: Amoonguss|66\/100\n|\n|t:|1630273351\n|switch|p2a: Venomoth|Venomoth, M|100\/100|[from]move: Volt Switch\n|move|p1a: Amoonguss|Sludge Bomb|p2a: Venomoth\n|-resisted|p2a: Venomoth\n|-damage|p2a: Venomoth|87\/100\n|\n|upkeep\n|turn|4\n|\n|t:|1630273360\n|move|p2a: Venomoth|Bug Buzz|p1a: Amoonguss\n|-crit|p1a: Amoonguss\n|-damage|p1a: Amoonguss|29\/100\n|-unboost|p1a: Amoonguss|spd|1\n|move|p1a: Amoonguss|Spore|p2a: Venomoth\n|-status|p2a: Venomoth|slp|[from] move: Spore\n|\n|upkeep\n|turn|5\n|\n|t:|1630273367\n|switch|p2a: Mew|Mew|100\/100\n|switch|p1a: Aggron|Aggron, M|100\/100\n|\n|upkeep\n|turn|6\n|\n|t:|1630273403\n|detailschange|p1a: Aggron|Aggron-Mega, M\n|-mega|p1a: Aggron|Aggron|Aggronite\n|move|p2a: Mew|Psychic|p1a: Aggron\n|-resisted|p1a: Aggron\n|-damage|p1a: Aggron|75\/100\n|move|p1a: Aggron|Rock Polish|p1a: Aggron\n|-boost|p1a: Aggron|spe|2\n|\n|upkeep\n|turn|7\n|\n|t:|1630273420\n|move|p1a: Aggron|Hone Claws|p1a: Aggron\n|-boost|p1a: Aggron|atk|1\n|-boost|p1a: Aggron|accuracy|1\n|move|p2a: Mew|Psychic|p1a: Aggron\n|-resisted|p1a: Aggron\n|-damage|p1a: Aggron|51\/100\n|\n|upkeep\n|turn|8\n|\n|t:|1630273477\n|move|p1a: Aggron|Heavy Slam|p2a: Mew\n|-damage|p2a: Mew|15\/100\n|move|p2a: Mew|Volt Switch|p1a: Aggron\n|-damage|p1a: Aggron|24\/100\n|\n|t:|1630273484\n|switch|p2a: Mandibuzz|Mandibuzz, F|100\/100|[from]move: Volt Switch\n|\n|upkeep\n|turn|9\n|\n|t:|1630273486\n|move|p1a: Aggron|Stone Edge|p2a: Mandibuzz\n|-supereffective|p2a: Mandibuzz\n|-damage|p2a: Mandibuzz|38\/100\n|move|p2a: Mandibuzz|Foul Play|p1a: Aggron\n|-damage|p1a: Aggron|0 fnt\n|faint|p1a: Aggron\n|\n|upkeep\n|c|\u2606FC Victini Plzen|wow I was hoping that'd do slightly more\n|c|\u2606AsterJ|Crit woulda finished me lol\n|\n|t:|1630273543\n|switch|p1a: Thundurus|Thundurus-Therian, M|82\/100\n|turn|10\n|\n|t:|1630273547\n|switch|p2a: Zeraora|Zeraora|100\/100\n|move|p1a: Thundurus|Toxic|p2a: Zeraora\n|-status|p2a: Zeraora|tox\n|\n|-damage|p2a: Zeraora|94\/100 tox|[from] psn\n|upkeep\n|turn|11\n|j|^Bontz\n|\n|t:|1630273555\n|switch|p1a: Amoonguss|Amoonguss, F|62\/100\n|move|p2a: Zeraora|Knock Off|p1a: Amoonguss\n|-damage|p1a: Amoonguss|45\/100\n|\n|-damage|p2a: Zeraora|82\/100 tox|[from] psn\n|upkeep\n|turn|12\n|c|\u2606AsterJ|?\n|c|\u2606FC Victini Plzen|?\n|c|\u2606AsterJ|Ahh okay makes sense\n|\n|t:|1630273609\n|move|p2a: Zeraora|Volt Switch|p1a: Amoonguss\n|-resisted|p1a: Amoonguss\n|-damage|p1a: Amoonguss|35\/100\n|\n|t:|1630273616\n|switch|p2a: Venomoth|Venomoth, M|87\/100 slp|[from]move: Volt Switch\n|move|p1a: Amoonguss|Sludge Bomb|p2a: Venomoth\n|-resisted|p2a: Venomoth\n|-damage|p2a: Venomoth|74\/100 slp\n|\n|upkeep\n|turn|13\n|\n|t:|1630273628\n|switch|p2a: Mandibuzz|Mandibuzz, F|38\/100\n|switch|p1a: Zapdos|Zapdos-Galar|100\/100\n|\n|upkeep\n|turn|14\n|j|@st. ihiihuio \u266b\n|\n|t:|1630273643\n|switch|p2a: Venomoth|Venomoth, M|74\/100 slp\n|move|p1a: Zapdos|U-turn|p2a: Venomoth\n|-resisted|p2a: Venomoth\n|-damage|p2a: Venomoth|56\/100 slp\n|\n|t:|1630273654\n|switch|p1a: Cinderace|Cinderace, M|100\/100|[from]move: U-turn\n|\n|upkeep\n|turn|15\n|\n|t:|1630273665\n|move|p1a: Cinderace|Pyro Ball|p2a: Venomoth\n|-supereffective|p2a: Venomoth\n|-damage|p2a: Venomoth|0 fnt\n|faint|p2a: Venomoth\n|\n|upkeep\n|\n|t:|1630273671\n|switch|p2a: Zeraora|Zeraora|82\/100 tox\n|turn|16\n|\n|t:|1630273677\n|switch|p1a: Amoonguss|Amoonguss, F|68\/100\n|move|p2a: Zeraora|Fake Out|p1a: Amoonguss\n|-damage|p1a: Amoonguss|58\/100\n|\n|-damage|p2a: Zeraora|76\/100 tox|[from] psn\n|upkeep\n|turn|17\n|\n|t:|1630273685\n|move|p2a: Zeraora|Volt Switch|p1a: Amoonguss\n|-resisted|p1a: Amoonguss\n|-damage|p1a: Amoonguss|48\/100\n|\n|t:|1630273688\n|switch|p2a: Mandibuzz|Mandibuzz, F|38\/100|[from]move: Volt Switch\n|move|p1a: Amoonguss|Sludge Bomb|p2a: Mandibuzz\n|-crit|p2a: Mandibuzz\n|-damage|p2a: Mandibuzz|7\/100\n|\n|upkeep\n|turn|18\n|\n|t:|1630273707\n|switch|p1a: Thundurus|Thundurus-Therian, M|82\/100\n|move|p2a: Mandibuzz|Roost|p2a: Mandibuzz\n|-heal|p2a: Mandibuzz|57\/100\n|-singleturn|p2a: Mandibuzz|move: Roost\n|\n|upkeep\n|turn|19\n|\n|t:|1630273714\n|move|p1a: Thundurus|Thunderbolt|p2a: Mandibuzz\n|-supereffective|p2a: Mandibuzz\n|-damage|p2a: Mandibuzz|0 fnt\n|faint|p2a: Mandibuzz\n|\n|upkeep\n|\n|t:|1630273718\n|switch|p2a: Blacephalon|Blacephalon|100\/100\n|turn|20\n|\n|t:|1630273731\n|move|p1a: Thundurus|Thunderbolt|p2a: Blacephalon\n|-damage|p2a: Blacephalon|10\/100\n|move|p2a: Blacephalon|Flamethrower|p1a: Thundurus\n|-damage|p1a: Thundurus|0 fnt\n|faint|p1a: Thundurus\n|-ability|p2a: Blacephalon|Beast Boost|boost\n|-boost|p2a: Blacephalon|spa|1\n|\n|upkeep\n|\n|t:|1630273742\n|switch|p1a: Zapdos|Zapdos-Galar|100\/100\n|turn|21\n|\n|t:|1630273756\n|move|p1a: Zapdos|U-turn|p2a: Blacephalon\n|-resisted|p2a: Blacephalon\n|-damage|p2a: Blacephalon|0 fnt\n|faint|p2a: Blacephalon\n|j|^DL Sunny\n|\n|t:|1630273768\n|switch|p1a: Cinderace|Cinderace, M|100\/100|[from]move: U-turn\n|\n|upkeep\n|\n|t:|1630273771\n|switch|p2a: Zeraora|Zeraora|76\/100 tox\n|turn|22\n|\n|t:|1630273774\n|switch|p1a: Amoonguss|Amoonguss, F|82\/100\n|move|p2a: Zeraora|Volt Switch|p1a: Amoonguss\n|-resisted|p1a: Amoonguss\n|-damage|p1a: Amoonguss|71\/100\n|\n|t:|1630273778\n|switch|p2a: Mew|Mew|15\/100|[from]move: Volt Switch\n|\n|upkeep\n|turn|23\n|\n|t:|1630273784\n|switch|p1a: Slowbro|Slowbro, F|100\/100\n|move|p2a: Mew|Roost|p2a: Mew\n|-heal|p2a: Mew|65\/100\n|-singleturn|p2a: Mew|move: Roost\n|\n|upkeep\n|turn|24\n|\n|t:|1630273787\n|move|p2a: Mew|Toxic|p1a: Slowbro\n|-status|p1a: Slowbro|tox\n|move|p1a: Slowbro|Scald||[still]\n|-damage|p2a: Mew|40\/100\n|-status|p2a: Mew|brn\n|-activate|p2a: Mew|ability: Synchronize\n|-fail|p2a: Mew\n|-enditem|p2a: Mew|Lum Berry|[eat]\n|-curestatus|p2a: Mew|brn|[msg]\n|\n|-damage|p1a: Slowbro|94\/100 tox|[from] psn\n|upkeep\n|turn|25\n|\n|t:|1630273794\n|move|p2a: Mew|Roost|p2a: Mew\n|-heal|p2a: Mew|90\/100\n|-singleturn|p2a: Mew|move: Roost\n|move|p1a: Slowbro|Teleport|p1a: Slowbro\n|j| Keep larping\n|\n|t:|1630273854\n|switch|p1a: Cinderace|Cinderace, M|100\/100|[from]move: Teleport\n|\n|upkeep\n|turn|26\n|\n|t:|1630273858\n|move|p1a: Cinderace|U-turn|p2a: Mew\n|-start|p1a: Cinderace|typechange|Bug|[from] ability: Libero\n|-supereffective|p2a: Mew\n|-damage|p2a: Mew|22\/100\n|\n|t:|1630273862\n|switch|p1a: Slowbro|Slowbro, F|100\/100 tox|[from]move: U-turn\n|move|p2a: Mew|Roost|p2a: Mew\n|-heal|p2a: Mew|72\/100\n|-singleturn|p2a: Mew|move: Roost\n|\n|-damage|p1a: Slowbro|94\/100 tox|[from] psn\n|upkeep\n|turn|27\n|\n|t:|1630273868\n|move|p2a: Mew|Roost|p2a: Mew\n|-heal|p2a: Mew|100\/100\n|-singleturn|p2a: Mew|move: Roost\n|move|p1a: Slowbro|Teleport|p1a: Slowbro\n|\n|t:|1630273871\n|switch|p1a: Cinderace|Cinderace, M|100\/100|[from]move: Teleport\n|\n|upkeep\n|turn|28\n|\n|t:|1630273874\n|move|p1a: Cinderace|U-turn|p2a: Mew\n|-start|p1a: Cinderace|typechange|Bug|[from] ability: Libero\n|-supereffective|p2a: Mew\n|-crit|p2a: Mew\n|-damage|p2a: Mew|3\/100\n|\n|t:|1630273882\n|switch|p1a: Slowbro|Slowbro, F|100\/100 tox|[from]move: U-turn\n|move|p2a: Mew|Roost|p2a: Mew\n|-heal|p2a: Mew|53\/100\n|-singleturn|p2a: Mew|move: Roost\n|\n|-damage|p1a: Slowbro|94\/100 tox|[from] psn\n|upkeep\n|turn|29\n|\n|t:|1630273885\n|move|p2a: Mew|Roost|p2a: Mew\n|-heal|p2a: Mew|100\/100\n|-singleturn|p2a: Mew|move: Roost\n|move|p1a: Slowbro|Scald|p2a: Mew\n|-damage|p2a: Mew|77\/100\n|\n|-damage|p1a: Slowbro|82\/100 tox|[from] psn\n|upkeep\n|turn|30\n|\n|t:|1630273899\n|move|p2a: Mew|Volt Switch|p1a: Slowbro\n|-supereffective|p1a: Slowbro\n|-damage|p1a: Slowbro|52\/100 tox\n|\n|t:|1630273901\n|switch|p2a: Zeraora|Zeraora|76\/100 tox|[from]move: Volt Switch\n|move|p1a: Slowbro|Teleport|p1a: Slowbro\n|\n|t:|1630273909\n|switch|p1a: Amoonguss|Amoonguss, F|100\/100|[from]move: Teleport\n|\n|-damage|p2a: Zeraora|70\/100 tox|[from] psn\n|upkeep\n|turn|31\n|\n|t:|1630273912\n|move|p2a: Zeraora|Volt Switch|p1a: Amoonguss\n|-resisted|p1a: Amoonguss\n|-damage|p1a: Amoonguss|89\/100\n|\n|t:|1630273913\n|switch|p2a: Kangaskhan|Kangaskhan, F|100\/100|[from]move: Volt Switch\n|move|p1a: Amoonguss|Spore|p2a: Kangaskhan\n|-status|p2a: Kangaskhan|slp|[from] move: Spore\n|\n|upkeep\n|turn|32\n|\n|t:|1630273918\n|detailschange|p2a: Kangaskhan|Kangaskhan-Mega, F\n|-mega|p2a: Kangaskhan|Kangaskhan|Kangaskhanite\n|cant|p2a: Kangaskhan|slp\n|move|p2a: Kangaskhan|Sleep Talk|p2a: Kangaskhan\n|move|p2a: Kangaskhan|Secret Power|p1a: Amoonguss|[from]move: Sleep Talk\n|-damage|p1a: Amoonguss|68\/100\n|-damage|p1a: Amoonguss|62\/100\n|-hitcount|p1a: Amoonguss|2\n|move|p1a: Amoonguss|Giga Drain|p2a: Kangaskhan\n|-damage|p2a: Kangaskhan|86\/100 slp\n|-heal|p1a: Amoonguss|69\/100|[from] drain|[of] p2a: Kangaskhan\n|\n|upkeep\n|turn|33\n|\n|t:|1630273950\n|cant|p2a: Kangaskhan|slp\n|move|p2a: Kangaskhan|Sleep Talk|p2a: Kangaskhan\n|move|p2a: Kangaskhan|Rest||[from]move: Sleep Talk|[still]\n|-fail|p2a: Kangaskhan\n|move|p1a: Amoonguss|Giga Drain|p2a: Kangaskhan\n|-damage|p2a: Kangaskhan|69\/100 slp\n|-heal|p1a: Amoonguss|77\/100|[from] drain|[of] p2a: Kangaskhan\n|\n|upkeep\n|turn|34\n|\n|t:|1630273958\n|cant|p2a: Kangaskhan|slp\n|move|p1a: Amoonguss|Giga Drain|p2a: Kangaskhan\n|-damage|p2a: Kangaskhan|53\/100 slp\n|-heal|p1a: Amoonguss|85\/100|[from] drain|[of] p2a: Kangaskhan\n|\n|upkeep\n|turn|35\n|\n|t:|1630273965\n|-curestatus|p2a: Kangaskhan|slp|[msg]\n|move|p2a: Kangaskhan|Power-Up Punch|p1a: Amoonguss\n|-resisted|p1a: Amoonguss\n|-damage|p1a: Amoonguss|80\/100\n|-boost|p2a: Kangaskhan|atk|1\n|-resisted|p1a: Amoonguss\n|-damage|p1a: Amoonguss|79\/100\n|-boost|p2a: Kangaskhan|atk|1\n|-hitcount|p1a: Amoonguss|2\n|move|p1a: Amoonguss|Giga Drain|p2a: Kangaskhan\n|-damage|p2a: Kangaskhan|37\/100\n|-heal|p1a: Amoonguss|86\/100|[from] drain|[of] p2a: Kangaskhan\n|\n|upkeep\n|turn|36\n|\n|t:|1630273968\n|move|p2a: Kangaskhan|Rest|p2a: Kangaskhan\n|-status|p2a: Kangaskhan|slp|[from] move: Rest\n|-heal|p2a: Kangaskhan|100\/100 slp|[silent]\n|move|p1a: Amoonguss|Spore|p2a: Kangaskhan\n|-fail|p2a: Kangaskhan|slp\n|\n|upkeep\n|turn|37\n|\n|t:|1630273974\n|switch|p1a: Slowbro|Slowbro, F|85\/100 tox\n|cant|p2a: Kangaskhan|slp\n|move|p2a: Kangaskhan|Sleep Talk|p2a: Kangaskhan\n|move|p2a: Kangaskhan|Power-Up Punch|p1a: Slowbro|[from]move: Sleep Talk\n|-resisted|p1a: Slowbro\n|-crit|p1a: Slowbro\n|-damage|p1a: Slowbro|69\/100 tox\n|-boost|p2a: Kangaskhan|atk|1\n|-damage|p2a: Kangaskhan|84\/100 slp|[from] item: Rocky Helmet|[of] p1a: Slowbro\n|-resisted|p1a: Slowbro\n|-damage|p1a: Slowbro|66\/100 tox\n|-boost|p2a: Kangaskhan|atk|1\n|-damage|p2a: Kangaskhan|68\/100 slp|[from] item: Rocky Helmet|[of] p1a: Slowbro\n|-hitcount|p1a: Slowbro|2\n|\n|-damage|p1a: Slowbro|60\/100 tox|[from] psn\n|upkeep\n|turn|38\n|\n|t:|1630273990\n|cant|p2a: Kangaskhan|slp\n|move|p2a: Kangaskhan|Sleep Talk|p2a: Kangaskhan\n|move|p2a: Kangaskhan|Power-Up Punch|p1a: Slowbro|[from]move: Sleep Talk\n|-resisted|p1a: Slowbro\n|-damage|p1a: Slowbro|46\/100 tox\n|-boost|p2a: Kangaskhan|atk|1\n|-damage|p2a: Kangaskhan|51\/100 slp|[from] item: Rocky Helmet|[of] p1a: Slowbro\n|-resisted|p1a: Slowbro\n|-damage|p1a: Slowbro|42\/100 tox\n|-boost|p2a: Kangaskhan|atk|1\n|-damage|p2a: Kangaskhan|35\/100 slp|[from] item: Rocky Helmet|[of] p1a: Slowbro\n|-hitcount|p1a: Slowbro|2\n|move|p1a: Slowbro|Teleport|p1a: Slowbro\n|\n|t:|1630273997\n|switch|p1a: Zapdos|Zapdos-Galar|100\/100|[from]move: Teleport\n|\n|upkeep\n|turn|39\n|\n|t:|1630274020\n|switch|p2a: Zeraora|Zeraora|70\/100 tox\n|move|p1a: Zapdos|Brave Bird|p2a: Zeraora\n|-resisted|p2a: Zeraora\n|-damage|p2a: Zeraora|25\/100 tox\n|-damage|p1a: Zapdos|85\/100|[from] Recoil\n|\n|-damage|p2a: Zeraora|19\/100 tox|[from] psn\n|upkeep\n|turn|40\n|c|\u2606AsterJ|Incredible pulls there\n|\n|t:|1630274029\n|move|p2a: Zeraora|Fake Out|p1a: Zapdos\n|-damage|p1a: Zapdos|70\/100\n|cant|p1a: Zapdos|flinch\n|\n|-damage|p2a: Zeraora|7\/100 tox|[from] psn\n|upkeep\n|turn|41\n|\n|t:|1630274034\n|move|p1a: Zapdos|Brave Bird|p2a: Zeraora\n|-resisted|p2a: Zeraora\n|-damage|p2a: Zeraora|0 fnt\n|faint|p2a: Zeraora\n|-damage|p1a: Zapdos|68\/100|[from] Recoil\n|\n|upkeep\n|\n|t:|1630274035\n|switch|p2a: Mew|Mew|77\/100\n|turn|42\n|\n|t:|1630274038\n|switch|p1a: Slowbro|Slowbro, F|76\/100 tox\n|move|p2a: Mew|Roost|p2a: Mew\n|-heal|p2a: Mew|100\/100\n|-singleturn|p2a: Mew|move: Roost\n|\n|-damage|p1a: Slowbro|70\/100 tox|[from] psn\n|upkeep\n|turn|43\n|\n|t:|1630274041\n|move|p2a: Mew|Psychic|p1a: Slowbro\n|-resisted|p1a: Slowbro\n|-damage|p1a: Slowbro|55\/100 tox\n|move|p1a: Slowbro|Teleport|p1a: Slowbro\n|\n|t:|1630274046\n|switch|p1a: Cinderace|Cinderace, M|100\/100|[from]move: Teleport\n|\n|upkeep\n|turn|44\n|\n|t:|1630274052\n|move|p1a: Cinderace|U-turn|p2a: Mew\n|-start|p1a: Cinderace|typechange|Bug|[from] ability: Libero\n|-supereffective|p2a: Mew\n|-damage|p2a: Mew|39\/100\n|\n|t:|1630274055\n|switch|p1a: Slowbro|Slowbro, F|89\/100 tox|[from]move: U-turn\n|move|p2a: Mew|Volt Switch|p1a: Slowbro\n|-supereffective|p1a: Slowbro\n|-damage|p1a: Slowbro|54\/100 tox\n|\n|t:|1630274058\n|switch|p2a: Kangaskhan|Kangaskhan-Mega, F|35\/100 slp|[from]move: Volt Switch\n|\n|-damage|p1a: Slowbro|48\/100 tox|[from] psn\n|upkeep\n|turn|45\n|\n|t:|1630274060\n|-curestatus|p2a: Kangaskhan|slp|[msg]\n|move|p2a: Kangaskhan|Rest|p2a: Kangaskhan\n|-status|p2a: Kangaskhan|slp|[from] move: Rest\n|-heal|p2a: Kangaskhan|100\/100 slp|[silent]\n|move|p1a: Slowbro|Teleport|p1a: Slowbro\n|\n|t:|1630274064\n|switch|p1a: Zapdos|Zapdos-Galar|68\/100|[from]move: Teleport\n|\n|upkeep\n|turn|46\n|\n|t:|1630274075\n|move|p1a: Zapdos|Close Combat|p2a: Kangaskhan\n|-supereffective|p2a: Kangaskhan\n|-damage|p2a: Kangaskhan|0 fnt\n|-unboost|p1a: Zapdos|def|1\n|-unboost|p1a: Zapdos|spd|1\n|faint|p2a: Kangaskhan\n|\n|upkeep\n|\n|t:|1630274078\n|switch|p2a: Mew|Mew|39\/100\n|turn|47\n|\n|t:|1630274085\n|move|p1a: Zapdos|Close Combat|p2a: Mew\n|-resisted|p2a: Mew\n|-damage|p2a: Mew|12\/100\n|-unboost|p1a: Zapdos|def|1\n|-unboost|p1a: Zapdos|spd|1\n|move|p2a: Mew|Roost|p2a: Mew\n|-heal|p2a: Mew|62\/100\n|-singleturn|p2a: Mew|move: Roost\n|\n|upkeep\n|turn|48\n|\n|t:|1630274098\n|switch|p1a: Amoonguss|Amoonguss, F|100\/100\n|move|p2a: Mew|Toxic|p1a: Amoonguss\n|-immune|p1a: Amoonguss\n|\n|upkeep\n|turn|49\n|\n|t:|1630274102\n|move|p2a: Mew|Roost|p2a: Mew\n|-heal|p2a: Mew|100\/100\n|-singleturn|p2a: Mew|move: Roost\n|move|p1a: Amoonguss|Spore|p2a: Mew\n|-status|p2a: Mew|slp|[from] move: Spore\n|\n|upkeep\n|turn|50\n|\n|t:|1630274105\n|switch|p1a: Zapdos|Zapdos-Galar|68\/100\n|cant|p2a: Mew|slp\n|\n|upkeep\n|turn|51\n|\n|t:|1630274108\n|move|p1a: Zapdos|U-turn|p2a: Mew\n|-supereffective|p2a: Mew\n|-damage|p2a: Mew|59\/100 slp\n|\n|t:|1630274110\n|switch|p1a: Cinderace|Cinderace, M|100\/100|[from]move: U-turn\n|-curestatus|p2a: Mew|slp|[msg]\n|move|p2a: Mew|Roost|p2a: Mew\n|-heal|p2a: Mew|100\/100\n|-singleturn|p2a: Mew|move: Roost\n|\n|upkeep\n|turn|52\n|\n|t:|1630274115\n|move|p1a: Cinderace|U-turn|p2a: Mew\n|-start|p1a: Cinderace|typechange|Bug|[from] ability: Libero\n|-supereffective|p2a: Mew\n|-damage|p2a: Mew|40\/100\n|\n|t:|1630274120\n|switch|p1a: Slowbro|Slowbro, F|81\/100 tox|[from]move: U-turn\n|move|p2a: Mew|Psychic|p1a: Slowbro\n|-resisted|p1a: Slowbro\n|-damage|p1a: Slowbro|66\/100 tox\n|\n|-damage|p1a: Slowbro|60\/100 tox|[from] psn\n|upkeep\n|turn|53\n|\n|t:|1630274123\n|move|p2a: Mew|Roost|p2a: Mew\n|-heal|p2a: Mew|90\/100\n|-singleturn|p2a: Mew|move: Roost\n|move|p1a: Slowbro|Teleport|p1a: Slowbro\n|\n|t:|1630274125\n|switch|p1a: Amoonguss|Amoonguss, F|100\/100|[from]move: Teleport\n|\n|upkeep\n|turn|54\n|\n|t:|1630274128\n|move|p2a: Mew|Psychic|p1a: Amoonguss\n|-supereffective|p1a: Amoonguss\n|-damage|p1a: Amoonguss|15\/100\n|move|p1a: Amoonguss|Spore|p2a: Mew\n|-status|p2a: Mew|slp|[from] move: Spore\n|\n|upkeep\n|turn|55\n|\n|t:|1630274133\n|switch|p1a: Cinderace|Cinderace, M|100\/100\n|cant|p2a: Mew|slp\n|\n|upkeep\n|turn|56\n|\n|t:|1630274135\n|move|p1a: Cinderace|Pyro Ball|p2a: Mew\n|-damage|p2a: Mew|36\/100 slp\n|-curestatus|p2a: Mew|slp|[msg]\n|move|p2a: Mew|Roost|p2a: Mew\n|-heal|p2a: Mew|87\/100\n|-singleturn|p2a: Mew|move: Roost\n|\n|upkeep\n|turn|57\n|\n|t:|1630274139\n|move|p1a: Cinderace|Pyro Ball|p2a: Mew\n|-damage|p2a: Mew|34\/100\n|move|p2a: Mew|Volt Switch|p1a: Cinderace\n|-damage|p1a: Cinderace|70\/100\n|\n|upkeep\n|turn|58\n|c|\u2606FC Victini Plzen|gg\n|\n|t:|1630274142\n|move|p1a: Cinderace|U-turn|p2a: Mew\n|-start|p1a: Cinderace|typechange|Bug|[from] ability: Libero\n|-supereffective|p2a: Mew\n|-damage|p2a: Mew|0 fnt\n|faint|p2a: Mew\n|\n|win|FC Victini Plzen\n|c|\u2606AsterJ|Wp\n|l|@st. ihiihuio \u266b\n|l|^Bontz\n|l| Keep larping\n","uploadtime":1630274146,"views":47,"p1id":"fcvictiniplzen","p2id":"asterj","formatid":"gen8nationaldexleakslegacy","rating":0,"private":0,"password":null}