{"id":"sports-gen8nationaldexdraft-720482","p1":"rooopos","p2":"Zebstrikem Down","format":"gen8nationaldexdraft","log":"|j|\u2606rooopos\n|j|\u2606Zebstrikem Down\n|t:|1662226964\n|gametype|singles\n|player|p1|rooopos|1|\n|player|p2|Zebstrikem Down|elesa|\n|teamsize|p1|6\n|teamsize|p2|6\n|gen|8\n|tier|[Gen 8] National Dex Draft\n|rule|Sleep Clause Mod: Limit one foe put to sleep\n|rule|OHKO Clause: OHKO moves are banned\n|rule|Evasion Moves Clause: Evasion moves are banned\n|rule|Endless Battle Clause: Forcing endless battles is banned\n|rule|HP Percentage Mod: HP is shown in percentages\n|rule|Dynamax Clause: You cannot dynamax\n|clearpoke\n|poke|p1|Medicham, M|\n|poke|p1|Gengar, M|\n|poke|p1|Weavile, M|\n|poke|p1|Comfey, F|\n|poke|p1|Skarmory, F|\n|poke|p1|Seismitoad, F|\n|poke|p2|Scizor, F|\n|poke|p2|Zapdos|\n|poke|p2|Victini|\n|poke|p2|Primarina, F|\n|poke|p2|Muk-Alola, M|\n|poke|p2|Druddigon, M|\n|teampreview\n|html|<button name=\"send\" class=\"button\" value=\"\/timer ds\"><i class=\"fa fa-hourglass-start\"><\/i> DS Timer<\/button> <button name=\"send\" class=\"button\" value=\"\/timer smogon\"><i class=\"fa fa-hourglass-start\"><\/i> Smogon Timer<\/button>\n|\n|t:|1662227004\n|start\n|switch|p1a: Seismitoad|Seismitoad, F|100\/100\n|switch|p2a: Primarina|Primarina, F|100\/100\n|turn|1\n|\n|t:|1662227019\n|switch|p1a: Comfey|Comfey, F|100\/100\n|move|p2a: Primarina|Energy Ball|p1a: Comfey\n|-damage|p1a: Comfey|79\/100\n|\n|-heal|p1a: Comfey|85\/100|[from] item: Leftovers\n|upkeep\n|turn|2\n|\n|t:|1662227029\n|switch|p2a: Victini|Victini|100\/100\n|move|p1a: Comfey|U-turn|p2a: Victini\n|-damage|p2a: Victini|91\/100\n|\n|t:|1662227050\n|switch|p1a: Weavile|Weavile, M|100\/100|[from]move: U-turn\n|-ability|p1a: Weavile|Pressure\n|\n|upkeep\n|turn|3\n|\n|t:|1662227058\n|switch|p1a: Seismitoad|Seismitoad, F|100\/100\n|switch|p2a: Scizor|Scizor, F|100\/100\n|\n|upkeep\n|turn|4\n|\n|t:|1662227063\n|detailschange|p2a: Scizor|Scizor-Mega, F\n|-mega|p2a: Scizor|Scizor|Scizorite\n|move|p2a: Scizor|U-turn|p1a: Seismitoad\n|-damage|p1a: Seismitoad|76\/100\n|\n|t:|1662227085\n|switch|p2a: Primarina|Primarina, F|100\/100|[from]move: U-turn\n|move|p1a: Seismitoad|Stealth Rock|p2a: Primarina\n|-sidestart|p2: Zebstrikem Down|move: Stealth Rock\n|\n|upkeep\n|turn|5\n|\n|t:|1662227092\n|move|p2a: Primarina|Flip Turn|p1a: Seismitoad\n|-heal|p1a: Seismitoad|100\/100|[from] ability: Water Absorb|[of] p2a: Primarina\n|move|p1a: Seismitoad|Toxic|p2a: Primarina|[miss]\n|-miss|p1a: Seismitoad|p2a: Primarina\n|\n|upkeep\n|turn|6\n|\n|t:|1662227101\n|switch|p2a: Scizor|Scizor-Mega, F|100\/100\n|-damage|p2a: Scizor|88\/100|[from] Stealth Rock\n|switch|p1a: Gengar|Gengar, M|100\/100\n|\n|upkeep\n|turn|7\n|\n|t:|1662227110\n|switch|p1a: Seismitoad|Seismitoad, F|100\/100\n|switch|p2a: Muk|Muk-Alola, M|100\/100\n|-damage|p2a: Muk|88\/100|[from] Stealth Rock\n|\n|-heal|p2a: Muk|94\/100|[from] item: Leftovers\n|upkeep\n|turn|8\n|\n|t:|1662227118\n|move|p1a: Seismitoad|Earthquake|p2a: Muk\n|-supereffective|p2a: Muk\n|-damage|p2a: Muk|42\/100\n|move|p2a: Muk|Giga Drain|p1a: Seismitoad\n|-supereffective|p1a: Seismitoad\n|-enditem|p1a: Seismitoad|Rindo Berry|[eat]\n|-enditem|p1a: Seismitoad|Rindo Berry|[weaken]\n|-damage|p1a: Seismitoad|75\/100\n|-heal|p2a: Muk|54\/100|[from] drain|[of] p1a: Seismitoad\n|\n|-heal|p2a: Muk|60\/100|[from] item: Leftovers\n|upkeep\n|turn|9\n|\n|t:|1662227131\n|switch|p1a: Weavile|Weavile, M|100\/100\n|-ability|p1a: Weavile|Pressure\n|move|p2a: Muk|Giga Drain|p1a: Weavile\n|-damage|p1a: Weavile|84\/100\n|-heal|p2a: Muk|66\/100|[from] drain|[of] p1a: Weavile\n|\n|-heal|p2a: Muk|72\/100|[from] item: Leftovers\n|upkeep\n|turn|10\n|\n|t:|1662227147\n|-singleturn|p1a: Weavile|move: Focus Punch\n|switch|p2a: Scizor|Scizor-Mega, F|88\/100\n|-damage|p2a: Scizor|76\/100|[from] Stealth Rock\n|move|p1a: Weavile|Focus Punch|p2a: Scizor\n|-damage|p2a: Scizor|30\/100\n|\n|upkeep\n|turn|11\n|\n|t:|1662227160\n|switch|p1a: Medicham|Medicham, M|100\/100\n|move|p2a: Scizor|Roost|p2a: Scizor\n|-heal|p2a: Scizor|80\/100\n|-singleturn|p2a: Scizor|move: Roost\n|\n|upkeep\n|turn|12\n|\n|t:|1662227175\n|switch|p2a: Victini|Victini|91\/100\n|detailschange|p1a: Medicham|Medicham-Mega, M\n|-mega|p1a: Medicham|Medicham|Medichamite\n|move|p1a: Medicham|Fire Punch|p2a: Victini\n|-resisted|p2a: Victini\n|-damage|p2a: Victini|66\/100\n|\n|upkeep\n|turn|13\n|\n|t:|1662227190\n|move|p2a: Victini|V-create|p1a: Medicham\n|-damage|p1a: Medicham|14\/100\n|-unboost|p2a: Victini|spe|1\n|-unboost|p2a: Victini|def|1\n|-unboost|p2a: Victini|spd|1\n|move|p1a: Medicham|Thunder Punch|p2a: Victini\n|-damage|p2a: Victini|0 fnt\n|faint|p2a: Victini\n|\n|upkeep\n|\n|t:|1662227203\n|switch|p2a: Scizor|Scizor-Mega, F|80\/100\n|-damage|p2a: Scizor|68\/100|[from] Stealth Rock\n|turn|14\n|\n|t:|1662227207\n|switch|p1a: Skarmory|Skarmory, F|100\/100\n|move|p2a: Scizor|Bullet Punch|p1a: Skarmory\n|-resisted|p1a: Skarmory\n|-damage|p1a: Skarmory|87\/100\n|\n|-heal|p1a: Skarmory|93\/100|[from] item: Leftovers\n|upkeep\n|turn|15\n|\n|t:|1662227215\n|move|p2a: Scizor|Roost|p2a: Scizor\n|-heal|p2a: Scizor|100\/100\n|-singleturn|p2a: Scizor|move: Roost\n|move|p1a: Skarmory|Roar|p2a: Scizor\n|drag|p2a: Druddigon|Druddigon, M|100\/100\n|-damage|p2a: Druddigon|88\/100|[from] Stealth Rock\n|\n|-heal|p1a: Skarmory|99\/100|[from] item: Leftovers\n|upkeep\n|turn|16\n|\n|t:|1662227219\n|move|p1a: Skarmory|Toxic|p2a: Druddigon|[miss]\n|-miss|p1a: Skarmory|p2a: Druddigon\n|move|p2a: Druddigon|Stealth Rock|p1a: Skarmory\n|-sidestart|p1: rooopos|move: Stealth Rock\n|\n|-heal|p1a: Skarmory|100\/100|[from] item: Leftovers\n|upkeep\n|turn|17\n|\n|t:|1662227226\n|switch|p2a: Scizor|Scizor-Mega, F|100\/100\n|-damage|p2a: Scizor|88\/100|[from] Stealth Rock\n|move|p1a: Skarmory|Toxic|p2a: Scizor\n|-immune|p2a: Scizor\n|\n|upkeep\n|turn|18\n|\n|t:|1662227242\n|move|p2a: Scizor|U-turn|p1a: Skarmory\n|-resisted|p1a: Skarmory\n|-damage|p1a: Skarmory|93\/100\n|\n|t:|1662227244\n|switch|p2a: Zapdos|Zapdos|100\/100|[from]move: U-turn\n|move|p1a: Skarmory|Defog|p2a: Zapdos\n|-unboost|p2a: Zapdos|evasion|1\n|-sideend|p2: Zebstrikem Down|Stealth Rock|[from] move: Defog|[of] p1a: Skarmory\n|-sideend|p1: rooopos|Stealth Rock|[from] move: Defog|[of] p1a: Skarmory\n|\n|-heal|p1a: Skarmory|99\/100|[from] item: Leftovers\n|upkeep\n|turn|19\n|\n|t:|1662227250\n|switch|p1a: Seismitoad|Seismitoad, F|75\/100\n|move|p2a: Zapdos|U-turn|p1a: Seismitoad\n|-damage|p1a: Seismitoad|65\/100\n|\n|t:|1662227256\n|switch|p2a: Primarina|Primarina, F|100\/100|[from]move: U-turn\n|\n|upkeep\n|turn|20\n|\n|t:|1662227263\n|switch|p1a: Comfey|Comfey, F|85\/100\n|move|p2a: Primarina|Moonblast|p1a: Comfey\n|-damage|p1a: Comfey|47\/100\n|\n|-heal|p1a: Comfey|53\/100|[from] item: Leftovers\n|upkeep\n|turn|21\n|\n|t:|1662227300\n|switch|p2a: Scizor|Scizor-Mega, F|88\/100\n|switch|p1a: Seismitoad|Seismitoad, F|65\/100\n|\n|upkeep\n|turn|22\n|\n|t:|1662227304\n|move|p2a: Scizor|U-turn|p1a: Seismitoad\n|-damage|p1a: Seismitoad|39\/100\n|\n|t:|1662227307\n|switch|p2a: Zapdos|Zapdos|100\/100|[from]move: U-turn\n|move|p1a: Seismitoad|Stealth Rock|p2a: Zapdos\n|-sidestart|p2: Zebstrikem Down|move: Stealth Rock\n|\n|upkeep\n|turn|23\n|\n|t:|1662227312\n|move|p2a: Zapdos|U-turn|p1a: Seismitoad\n|-damage|p1a: Seismitoad|29\/100\n|\n|t:|1662227315\n|switch|p2a: Scizor|Scizor-Mega, F|88\/100|[from]move: U-turn\n|-damage|p2a: Scizor|76\/100|[from] Stealth Rock\n|move|p1a: Seismitoad|Toxic|p2a: Scizor\n|-immune|p2a: Scizor\n|\n|upkeep\n|turn|24\n|\n|t:|1662227322\n|move|p2a: Scizor|U-turn|p1a: Seismitoad\n|-damage|p1a: Seismitoad|4\/100\n|\n|t:|1662227324\n|switch|p2a: Zapdos|Zapdos|100\/100|[from]move: U-turn\n|move|p1a: Seismitoad|Scald|p2a: Zapdos\n|-damage|p2a: Zapdos|77\/100\n|\n|upkeep\n|turn|25\n|\n|t:|1662227330\n|move|p2a: Zapdos|U-turn|p1a: Seismitoad\n|-damage|p1a: Seismitoad|0 fnt\n|faint|p1a: Seismitoad\n|\n|t:|1662227377\n|switch|p2a: Scizor|Scizor-Mega, F|76\/100|[from]move: U-turn\n|-damage|p2a: Scizor|64\/100|[from] Stealth Rock\n|\n|upkeep\n|\n|t:|1662227390\n|switch|p1a: Medicham|Medicham-Mega, M|14\/100\n|turn|26\n|\n|t:|1662227394\n|move|p1a: Medicham|Fake Out|p2a: Scizor\n|-resisted|p2a: Scizor\n|-damage|p2a: Scizor|56\/100\n|cant|p2a: Scizor|flinch\n|\n|upkeep\n|turn|27\n|\n|t:|1662227398\n|move|p2a: Scizor|Bullet Punch|p1a: Medicham\n|-damage|p1a: Medicham|0 fnt\n|faint|p1a: Medicham\n|\n|upkeep\n|\n|t:|1662227412\n|switch|p1a: Gengar|Gengar, M|100\/100\n|turn|28\n|\n|t:|1662227428\n|switch|p2a: Muk|Muk-Alola, M|72\/100\n|-damage|p2a: Muk|60\/100|[from] Stealth Rock\n|move|p1a: Gengar|Substitute|p1a: Gengar\n|-start|p1a: Gengar|Substitute\n|-damage|p1a: Gengar|76\/100\n|\n|-heal|p1a: Gengar|82\/100|[from] item: Black Sludge\n|-heal|p2a: Muk|66\/100|[from] item: Leftovers\n|upkeep\n|turn|29\n|\n|t:|1662227432\n|move|p1a: Gengar|Nasty Plot|p1a: Gengar\n|-boost|p1a: Gengar|spa|2\n|move|p2a: Muk|Knock Off|p1a: Gengar\n|-supereffective|p1a: Gengar\n|-end|p1a: Gengar|Substitute\n|\n|-heal|p1a: Gengar|88\/100|[from] item: Black Sludge\n|-heal|p2a: Muk|72\/100|[from] item: Leftovers\n|upkeep\n|turn|30\n|\n|t:|1662227436\n|move|p1a: Gengar|Disable|p2a: Muk\n|-start|p2a: Muk|Disable|Knock Off\n|cant|p2a: Muk|Disable|Knock Off\n|\n|-heal|p1a: Gengar|94\/100|[from] item: Black Sludge\n|-heal|p2a: Muk|78\/100|[from] item: Leftovers\n|upkeep\n|turn|31\n|\n|t:|1662227442\n|move|p1a: Gengar|Substitute|p1a: Gengar\n|-start|p1a: Gengar|Substitute\n|-damage|p1a: Gengar|69\/100\n|move|p2a: Muk|Fire Blast|p1a: Gengar\n|-crit|p1a: Gengar\n|-end|p1a: Gengar|Substitute\n|\n|-heal|p1a: Gengar|75\/100|[from] item: Black Sludge\n|-heal|p2a: Muk|84\/100|[from] item: Leftovers\n|upkeep\n|turn|32\n|\n|t:|1662227449\n|move|p1a: Gengar|Nasty Plot|p1a: Gengar\n|-boost|p1a: Gengar|spa|2\n|move|p2a: Muk|Fire Blast|p1a: Gengar\n|-damage|p1a: Gengar|45\/100\n|\n|-heal|p1a: Gengar|51\/100|[from] item: Black Sludge\n|-heal|p2a: Muk|90\/100|[from] item: Leftovers\n|upkeep\n|turn|33\n|\n|t:|1662227455\n|move|p1a: Gengar|Shadow Ball|p2a: Muk\n|-resisted|p2a: Muk\n|-damage|p2a: Muk|46\/100\n|move|p2a: Muk|Fire Blast|p1a: Gengar\n|-crit|p1a: Gengar\n|-damage|p1a: Gengar|9\/100\n|\n|-heal|p1a: Gengar|15\/100|[from] item: Black Sludge\n|-heal|p2a: Muk|52\/100|[from] item: Leftovers\n|-end|p2a: Muk|Disable\n|upkeep\n|turn|34\n|\n|t:|1662227462\n|move|p1a: Gengar|Shadow Ball|p2a: Muk\n|-resisted|p2a: Muk\n|-damage|p2a: Muk|8\/100\n|-unboost|p2a: Muk|spd|1\n|move|p2a: Muk|Knock Off|p1a: Gengar\n|-supereffective|p1a: Gengar\n|-damage|p1a: Gengar|0 fnt\n|-enditem|p1a: Gengar|Black Sludge|[from] move: Knock Off|[of] p2a: Muk\n|faint|p1a: Gengar\n|\n|-heal|p2a: Muk|15\/100|[from] item: Leftovers\n|upkeep\n|\n|t:|1662227471\n|switch|p1a: Weavile|Weavile, M|84\/100\n|-ability|p1a: Weavile|Pressure\n|turn|35\n|\n|t:|1662227485\n|move|p1a: Weavile|Assurance|p2a: Muk\n|-resisted|p2a: Muk\n|-damage|p2a: Muk|0 fnt\n|faint|p2a: Muk\n|\n|upkeep\n|\n|t:|1662227497\n|switch|p2a: Scizor|Scizor-Mega, F|56\/100\n|-damage|p2a: Scizor|44\/100|[from] Stealth Rock\n|turn|36\n|\n|t:|1662227499\n|move|p2a: Scizor|Bullet Punch|p1a: Weavile\n|-supereffective|p1a: Weavile\n|-damage|p1a: Weavile|0 fnt\n|faint|p1a: Weavile\n|\n|upkeep\n|c|\u2606rooopos|gg\n|\n|t:|1662227514\n|switch|p1a: Comfey|Comfey, F|53\/100\n|turn|37\n|\n|t:|1662227517\n|move|p2a: Scizor|Bullet Punch|p1a: Comfey\n|-supereffective|p1a: Comfey\n|-damage|p1a: Comfey|0 fnt\n|faint|p1a: Comfey\n|\n|upkeep\n|\n|t:|1662227519\n|switch|p1a: Skarmory|Skarmory, F|99\/100\n|turn|38\n|c|\u2606Zebstrikem Down|gg\n|\n|t:|1662227523\n|move|p2a: Scizor|Roost|p2a: Scizor\n|-heal|p2a: Scizor|94\/100\n|-singleturn|p2a: Scizor|move: Roost\n|move|p1a: Skarmory|Defog|p2a: Scizor\n|-unboost|p2a: Scizor|evasion|1\n|-sideend|p2: Zebstrikem Down|Stealth Rock|[from] move: Defog|[of] p1a: Skarmory\n|\n|-heal|p1a: Skarmory|100\/100|[from] item: Leftovers\n|upkeep\n|turn|39\n|\n|t:|1662227526\n|move|p2a: Scizor|U-turn|p1a: Skarmory\n|-resisted|p1a: Skarmory\n|-damage|p1a: Skarmory|94\/100\n|\n|t:|1662227527\n|switch|p2a: Zapdos|Zapdos|77\/100|[from]move: U-turn\n|move|p1a: Skarmory|Roar|p2a: Zapdos\n|drag|p2a: Primarina|Primarina, F|100\/100\n|\n|-heal|p1a: Skarmory|99\/100|[from] item: Leftovers\n|upkeep\n|turn|40\n|\n|t:|1662227530\n|move|p2a: Primarina|Scald|p1a: Skarmory\n|-damage|p1a: Skarmory|59\/100\n|move|p1a: Skarmory|Roar|p2a: Primarina\n|drag|p2a: Zapdos|Zapdos|77\/100\n|\n|-heal|p1a: Skarmory|65\/100|[from] item: Leftovers\n|upkeep\n|turn|41\n|\n|t:|1662227534\n|move|p2a: Zapdos|Thunderbolt|p1a: Skarmory\n|-supereffective|p1a: Skarmory\n|-damage|p1a: Skarmory|0 fnt\n|faint|p1a: Skarmory\n|\n|win|Zebstrikem Down\n","uploadtime":1662227538,"views":12,"p1id":"rooopos","p2id":"zebstrikemdown","formatid":"gen8nationaldexdraft","rating":0,"private":0,"password":null}