{"id":"sports-gen8nationaldexdlcdraft-415433","p1":"Specs KD","p2":"Patcantwin","format":"gen8nationaldexdlcdraft","log":"|j|\u2606Specs KD\n|j|\u2606Patcantwin\n|t:|1621562306\n|gametype|singles\n|player|p1|Specs KD|swimmerf|\n|player|p2|Patcantwin|265|\n|teamsize|p1|6\n|teamsize|p2|6\n|gen|8\n|tier|[Gen 8] National Dex DLC Draft\n|rule|Sleep Clause Mod: Limit one foe put to sleep\n|rule|OHKO Clause: OHKO moves are banned\n|rule|Evasion Moves Clause: Evasion moves are banned\n|rule|Endless Battle Clause: Forcing endless battles is banned\n|rule|HP Percentage Mod: HP is shown in percentages\n|rule|Dynamax Clause: You cannot dynamax\n|clearpoke\n|poke|p1|Landorus-Therian, M|\n|poke|p1|Rillaboom, M|\n|poke|p1|Reuniclus, M|\n|poke|p1|Regieleki|\n|poke|p1|Nidoking, M|\n|poke|p1|Banette, M|\n|poke|p2|Tapu Koko|\n|poke|p2|Medicham, M|\n|poke|p2|Heatran, F|\n|poke|p2|Bisharp, F|\n|poke|p2|Crobat, M|\n|poke|p2|Rotom-Wash|\n|teampreview\n|html|<button name=\"send\" class=\"button\" value=\"\/timer ds\"><i class=\"fa fa-hourglass-start\"><\/i> DS Timer<\/button> <button name=\"send\" class=\"button\" value=\"\/timer smogon\"><i class=\"fa fa-hourglass-start\"><\/i> Smogon Timer<\/button>\n|c|\u2606Specs KD|whats your team name?\n|c|\u2606Specs KD|is it tampa or mia?\n|c|\u2606Patcantwin|Tampa\n|j| rofokidd\n|c| rofokidd|super excited gl boys\n|\n|t:|1621562420\n|start\n|switch|p1a: Beez|Regieleki|100\/100\n|switch|p2a: Bisharp|Bisharp, F|100\/100\n|turn|1\n|c|\u2606Patcantwin|lets get it\n|\n|t:|1621562438\n|move|p1a: Beez|Volt Switch|p2a: Bisharp\n|-damage|p2a: Bisharp|0 fnt\n|faint|p2a: Bisharp\n|c|\u2606Patcantwin|now lets get it\n|c|\u2606Specs KD|beez\n|\n|t:|1621562472\n|switch|p1a: Anabelle|Banette, M|100\/100|[from]move: Volt Switch\n|\n|upkeep\n|\n|t:|1621562493\n|switch|p2a: Rotom|Rotom-Wash|100\/100\n|turn|2\n|\n|t:|1621562503\n|detailschange|p1a: Anabelle|Banette-Mega, M\n|-mega|p1a: Anabelle|Banette|Banettite\n|move|p1a: Anabelle|Taunt|p2a: Rotom\n|-start|p2a: Rotom|move: Taunt\n|cant|p2a: Rotom|move: Taunt|Will-O-Wisp\n|\n|upkeep\n|turn|3\n|\n|t:|1621562510\n|move|p2a: Rotom|Volt Switch|p1a: Anabelle\n|-damage|p1a: Anabelle|68\/100\n|\n|t:|1621562514\n|switch|p2a: Crobat|Crobat, M|100\/100|[from]move: Volt Switch\n|move|p1a: Anabelle|Shadow Claw|p2a: Crobat\n|-damage|p2a: Crobat|41\/100\n|\n|upkeep\n|turn|4\n|\n|t:|1621562526\n|move|p1a: Anabelle|Taunt|p2a: Crobat\n|-start|p2a: Crobat|move: Taunt\n|move|p2a: Crobat|Brave Bird|p1a: Anabelle\n|-damage|p1a: Anabelle|7\/100\n|-damage|p2a: Crobat|19\/100|[from] Recoil\n|\n|upkeep\n|turn|5\n|\n|t:|1621562536\n|move|p1a: Anabelle|Destiny Bond|p1a: Anabelle\n|-singlemove|p1a: Anabelle|Destiny Bond\n|move|p2a: Crobat|Brave Bird|p1a: Anabelle\n|-damage|p1a: Anabelle|0 fnt\n|faint|p1a: Anabelle\n|-activate|p1a: Anabelle|move: Destiny Bond\n|faint|p2a: Crobat\n|\n|upkeep\n|\n|t:|1621562551\n|switch|p2a: Heatran|Heatran, F|100\/100\n|switch|p1a: Beez|Regieleki|100\/100\n|turn|6\n|\n|t:|1621562575\n|move|p1a: Beez|Volt Switch|p2a: Heatran\n|-damage|p2a: Heatran|57\/100\n|\n|t:|1621562577\n|switch|p1a: Venom|Nidoking, M, shiny|100\/100|[from]move: Volt Switch\n|move|p2a: Heatran|Stealth Rock|p1a: Venom\n|-sidestart|p1: Specs KD|move: Stealth Rock\n|\n|-heal|p2a: Heatran|63\/100|[from] item: Leftovers\n|upkeep\n|turn|7\n|\n|t:|1621562591\n|switch|p2a: Rotom|Rotom-Wash|100\/100\n|move|p1a: Venom|Sludge Wave|p2a: Rotom\n|-damage|p2a: Rotom|31\/100\n|\n|-heal|p2a: Rotom|37\/100|[from] item: Leftovers\n|upkeep\n|turn|8\n|\n|t:|1621562614\n|move|p1a: Venom|Sludge Wave|p2a: Rotom\n|-damage|p2a: Rotom|0 fnt\n|faint|p2a: Rotom\n|\n|upkeep\n|\n|t:|1621562624\n|switch|p2a: Medicham|Medicham, M|100\/100\n|turn|9\n|c|\u2606Specs KD|damn that slowwww rotom\n|c|\u2606Specs KD|fat*\n|\n|t:|1621562644\n|detailschange|p2a: Medicham|Medicham-Mega, M\n|-mega|p2a: Medicham|Medicham|Medichamite\n|move|p2a: Medicham|Ice Punch|p1a: Venom\n|-supereffective|p1a: Venom\n|-damage|p1a: Venom|0 fnt\n|faint|p1a: Venom\n|\n|upkeep\n|\n|t:|1621562649\n|switch|p1a: Beez|Regieleki|100\/100\n|-damage|p1a: Beez|88\/100|[from] Stealth Rock\n|turn|10\n|\n|t:|1621562679\n|switch|p2a: Heatran|Heatran, F|63\/100\n|move|p1a: Beez|Rising Voltage|p2a: Heatran\n|-damage|p2a: Heatran|14\/100\n|\n|-heal|p2a: Heatran|20\/100|[from] item: Leftovers\n|upkeep\n|turn|11\n|\n|t:|1621562688\n|move|p1a: Beez|Rising Voltage|p2a: Heatran\n|-damage|p2a: Heatran|0 fnt\n|faint|p2a: Heatran\n|\n|upkeep\n|\n|t:|1621562693\n|switch|p2a: Medicham|Medicham-Mega, M|100\/100\n|turn|12\n|\n|t:|1621562703\n|switch|p1a: Gaarafield|Landorus-Therian, M|100\/100\n|-damage|p1a: Gaarafield|88\/100|[from] Stealth Rock\n|-ability|p1a: Gaarafield|Intimidate|boost\n|-unboost|p2a: Medicham|atk|1\n|move|p2a: Medicham|Ice Punch|p1a: Gaarafield\n|-supereffective|p1a: Gaarafield\n|-damage|p1a: Gaarafield|0 fnt\n|-damage|p2a: Medicham|84\/100|[from] item: Rocky Helmet|[of] p1a: Gaarafield\n|faint|p1a: Gaarafield\n|\n|upkeep\n|\n|t:|1621562726\n|switch|p1a: Beez|Regieleki|88\/100\n|-damage|p1a: Beez|76\/100|[from] Stealth Rock\n|turn|13\n|\n|t:|1621562734\n|move|p1a: Beez|Volt Switch|p2a: Medicham\n|-damage|p2a: Medicham|0 fnt\n|faint|p2a: Medicham\n|\n|t:|1621562740\n|switch|p1a: Haribo|Reuniclus, M, shiny|100\/100|[from]move: Volt Switch\n|\n|upkeep\n|\n|t:|1621562743\n|switch|p2a: Tapu Koko|Tapu Koko|100\/100\n|-fieldstart|move: Electric Terrain|[from] ability: Electric Surge|[of] p2a: Tapu Koko\n|turn|14\n|\n|t:|1621562773\n|move|p2a: Tapu Koko|Thunderbolt|p1a: Haribo\n|-damage|p1a: Haribo|52\/100\n|-status|p1a: Haribo|par\n|move|p1a: Haribo|Calm Mind|p1a: Haribo\n|-boost|p1a: Haribo|spa|1\n|-boost|p1a: Haribo|spd|1\n|\n|upkeep\n|turn|15\n|\n|t:|1621562793\n|move|p2a: Tapu Koko|U-turn|p1a: Haribo\n|-supereffective|p1a: Haribo\n|-damage|p1a: Haribo|29\/100 par\n|move|p1a: Haribo|Psychic|p2a: Tapu Koko\n|-crit|p2a: Tapu Koko\n|-damage|p2a: Tapu Koko|0 fnt\n|faint|p2a: Tapu Koko\n|\n|win|Specs KD\n|c|\u2606Patcantwin|gg\n|c|\u2606Specs KD|gg\n","uploadtime":1621562826,"views":5,"p1id":"specskd","p2id":"patcantwin","formatid":"gen8nationaldexdlcdraft","rating":0,"private":0,"password":null}