{"id":"sports-gen8nationaldexdraft-597871","p1":"PuckbudLadder","p2":"AsterJ","format":"gen8nationaldexdraft","log":"|j|\u2606PuckbudLadder\n|j|\u2606AsterJ\n|t:|1645373463\n|gametype|singles\n|player|p1|PuckbudLadder|supernerd|\n|player|p2|AsterJ|asterj.png|\n|teamsize|p1|6\n|teamsize|p2|6\n|gen|8\n|tier|[Gen 8] National Dex Draft\n|rule|Sleep Clause Mod: Limit one foe put to sleep\n|rule|OHKO Clause: OHKO moves are banned\n|rule|Evasion Moves Clause: Evasion moves are banned\n|rule|Endless Battle Clause: Forcing endless battles is banned\n|rule|HP Percentage Mod: HP is shown in percentages\n|rule|Dynamax Clause: You cannot dynamax\n|clearpoke\n|poke|p1|Swampert, M|\n|poke|p1|Arceus-*|\n|poke|p1|Mew|\n|poke|p1|Magearna|\n|poke|p1|Darmanitan-Galar, M|\n|poke|p1|Greninja, M|\n|poke|p2|Arceus-*|\n|poke|p2|Zygarde|\n|poke|p2|Pheromosa|\n|poke|p2|Tapu Fini|\n|poke|p2|Talonflame, M|\n|poke|p2|Metagross|\n|teampreview\n|html|<button name=\"send\" class=\"button\" value=\"\/timer ds\"><i class=\"fa fa-hourglass-start\"><\/i> DS Timer<\/button> <button name=\"send\" class=\"button\" value=\"\/timer smogon\"><i class=\"fa fa-hourglass-start\"><\/i> Smogon Timer<\/button>\n|c|\u2606AsterJ|Gl hf man\n|c|\u2606PuckbudLadder|hello\n|c|\u2606PuckbudLadder|u2\n|c|\u2606PuckbudLadder|sorry bit of a crazy morning\n|\n|t:|1645373502\n|start\n|switch|p1a: Darmanitan|Darmanitan-Galar, M|100\/100\n|switch|p2a: Talonflame|Talonflame, M|100\/100\n|turn|1\n|\n|t:|1645373544\n|move|p2a: Talonflame|U-turn|p1a: Darmanitan\n|-damage|p1a: Darmanitan|72\/100\n|\n|t:|1645373546\n|switch|p2a: Metagross|Metagross|100\/100|[from]move: U-turn\n|move|p1a: Darmanitan|U-turn|p2a: Metagross\n|-damage|p2a: Metagross|71\/100\n|\n|t:|1645373551\n|switch|p1a: Mew|Mew|100\/100|[from]move: U-turn\n|\n|upkeep\n|turn|2\n|\n|t:|1645373570\n|move|p1a: Mew|Iron Defense|p1a: Mew\n|-boost|p1a: Mew|def|2\n|move|p2a: Metagross|Toxic|p1a: Mew\n|-status|p1a: Mew|tox\n|-activate|p1a: Mew|ability: Synchronize\n|-immune|p2a: Metagross\n|\n|-damage|p1a: Mew|94\/100 tox|[from] psn\n|upkeep\n|turn|3\n|\n|t:|1645373580\n|move|p1a: Mew|Calm Mind|p1a: Mew\n|-boost|p1a: Mew|spa|1\n|-boost|p1a: Mew|spd|1\n|move|p2a: Metagross|Stealth Rock|p1a: Mew\n|-sidestart|p1: PuckbudLadder|move: Stealth Rock\n|\n|-damage|p1a: Mew|82\/100 tox|[from] psn\n|upkeep\n|turn|4\n|\n|t:|1645373598\n|move|p1a: Mew|Calm Mind|p1a: Mew\n|-boost|p1a: Mew|spa|1\n|-boost|p1a: Mew|spd|1\n|move|p2a: Metagross|Earthquake|p1a: Mew\n|-damage|p1a: Mew|68\/100 tox\n|\n|-damage|p1a: Mew|50\/100 tox|[from] psn\n|upkeep\n|turn|5\n|\n|t:|1645373609\n|move|p1a: Mew|Baton Pass|p1a: Mew\n|\n|t:|1645373611\n|switch|p1a: Magearna|Magearna|100\/100|[from]move: Baton Pass\n|-damage|p1a: Magearna|94\/100|[from] Stealth Rock\n|move|p2a: Metagross|Earthquake|p1a: Magearna\n|-supereffective|p1a: Magearna\n|-damage|p1a: Magearna|62\/100\n|-enditem|p1a: Magearna|Weakness Policy\n|-boost|p1a: Magearna|atk|2|[from] item: Weakness Policy\n|-boost|p1a: Magearna|spa|2|[from] item: Weakness Policy\n|\n|upkeep\n|turn|6\n|c|\u2606AsterJ|Um\n|c|\u2606AsterJ|What\n|c|\u2606AsterJ|Gimme a sec\n|c|\u2606AsterJ|Ah okay cool\n|\n|t:|1645373698\n|move|p1a: Magearna|Shift Gear|p1a: Magearna\n|-boost|p1a: Magearna|spe|2\n|-boost|p1a: Magearna|atk|1\n|move|p2a: Metagross|Earthquake|p1a: Magearna\n|-supereffective|p1a: Magearna\n|-damage|p1a: Magearna|29\/100\n|\n|upkeep\n|turn|7\n|c|\u2606PuckbudLadder|you good?\n|\n|t:|1645373821\n|move|p1a: Magearna|Stored Power|p2a: Metagross\n|-resisted|p2a: Metagross\n|-damage|p2a: Metagross|0 fnt\n|faint|p2a: Metagross\n|-ability|p1a: Magearna|Soul-Heart|boost\n|-boost|p1a: Magearna|spa|1\n|\n|upkeep\n|\n|t:|1645373825\n|switch|p2a: Talonflame|Talonflame, M|100\/100\n|turn|8\n|\n|t:|1645373837\n|move|p2a: Talonflame|Flare Blitz|p1a: Magearna\n|-supereffective|p1a: Magearna\n|-damage|p1a: Magearna|0 fnt\n|faint|p1a: Magearna\n|-damage|p2a: Talonflame|91\/100|[from] Recoil\n|\n|upkeep\n|\n|t:|1645373841\n|switch|p1a: Greninja|Greninja, M|100\/100\n|-damage|p1a: Greninja|88\/100|[from] Stealth Rock\n|turn|9\n|\n|t:|1645373846\n|switch|p2a: Tapu Fini|Tapu Fini|100\/100\n|-fieldstart|move: Misty Terrain|[from] ability: Misty Surge|[of] p2a: Tapu Fini\n|move|p1a: Greninja|Gunk Shot|p2a: Tapu Fini\n|-supereffective|p2a: Tapu Fini\n|-damage|p2a: Tapu Fini|45\/100\n|-damage|p1a: Greninja|78\/100|[from] item: Life Orb\n|\n|upkeep\n|turn|10\n|\n|t:|1645373861\n|switch|p2a: Zygarde|Zygarde|100\/100\n|move|p1a: Greninja|Dark Pulse|p2a: Zygarde\n|-damage|p2a: Zygarde|66\/100\n|-damage|p1a: Greninja|69\/100|[from] item: Life Orb\n|\n|upkeep\n|turn|11\n|\n|t:|1645373869\n|switch|p1a: Darmanitan|Darmanitan-Galar, M|72\/100\n|-damage|p1a: Darmanitan|48\/100|[from] Stealth Rock\n|switch|p2a: Talonflame|Talonflame, M|91\/100\n|\n|upkeep\n|turn|12\n|\n|t:|1645373893\n|switch|p1a: Swampert|Swampert, M|100\/100\n|-damage|p1a: Swampert|94\/100|[from] Stealth Rock\n|move|p2a: Talonflame|Brave Bird|p1a: Swampert\n|-damage|p1a: Swampert|64\/100\n|-damage|p2a: Talonflame|78\/100|[from] Recoil\n|\n|-heal|p1a: Swampert|71\/100|[from] item: Leftovers\n|upkeep\n|turn|13\n|c|\u2606PuckbudLadder|i need one more iron defense on mew before bp\n|c|\u2606PuckbudLadder|eq did more than I expected it to\n|\n|t:|1645373909\n|switch|p2a: Tapu Fini|Tapu Fini|45\/100\n|move|p1a: Swampert|Flip Turn|p2a: Tapu Fini\n|-resisted|p2a: Tapu Fini\n|-crit|p2a: Tapu Fini\n|-damage|p2a: Tapu Fini|34\/100\n|\n|t:|1645373922\n|switch|p1a: Greninja|Greninja, M|69\/100|[from]move: Flip Turn\n|-damage|p1a: Greninja|56\/100|[from] Stealth Rock\n|\n|-fieldend|Misty Terrain\n|upkeep\n|turn|14\n|\n|t:|1645373934\n|switch|p2a: Zygarde|Zygarde|66\/100\n|move|p1a: Greninja|Gunk Shot|p2a: Zygarde|[miss]\n|-miss|p1a: Greninja|p2a: Zygarde\n|\n|upkeep\n|turn|15\n|\n|t:|1645373942\n|move|p1a: Greninja|Dark Pulse|p2a: Zygarde\n|-damage|p2a: Zygarde|29\/100\n|-damage|p1a: Greninja|46\/100|[from] item: Life Orb\n|move|p2a: Zygarde|Dragon Dance|p2a: Zygarde\n|-boost|p2a: Zygarde|atk|1\n|-boost|p2a: Zygarde|spe|1\n|\n|-activate|p2a: Zygarde|ability: Power Construct\n|detailschange|p2a: Zygarde|Zygarde-Complete\n|-heal|p2a: Zygarde|56\/100|[silent]\n|upkeep\n|turn|16\n|\n|t:|1645373954\n|move|p1a: Greninja|Water Shuriken|p2a: Zygarde\n|-damage|p2a: Zygarde|51\/100\n|-damage|p2a: Zygarde|47\/100\n|-damage|p2a: Zygarde|43\/100\n|-damage|p2a: Zygarde|38\/100\n|-damage|p2a: Zygarde|34\/100\n|-hitcount|p2a: Zygarde|5\n|-damage|p1a: Greninja|37\/100|[from] item: Life Orb\n|move|p2a: Zygarde|Thousand Arrows|p1a: Greninja\n|-damage|p1a: Greninja|0 fnt\n|faint|p1a: Greninja\n|\n|upkeep\n|\n|t:|1645373964\n|switch|p1a: Darmanitan|Darmanitan-Galar, M|48\/100\n|-damage|p1a: Darmanitan|23\/100|[from] Stealth Rock\n|turn|17\n|\n|t:|1645373974\n|move|p1a: Darmanitan|Icicle Crash|p2a: Zygarde\n|-supereffective|p2a: Zygarde\n|-damage|p2a: Zygarde|0 fnt\n|faint|p2a: Zygarde\n|\n|upkeep\n|\n|t:|1645373978\n|switch|p2a: Talonflame|Talonflame, M|78\/100\n|turn|18\n|\n|t:|1645374015\n|move|p2a: Talonflame|U-turn|p1a: Darmanitan\n|-damage|p1a: Darmanitan|0 fnt\n|faint|p1a: Darmanitan\n|\n|t:|1645374032\n|switch|p2a: Arceus|Arceus|100\/100|[from]move: U-turn\n|\n|upkeep\n|\n|t:|1645374040\n|switch|p1a: Arceus|Arceus-Ghost|100\/100\n|-damage|p1a: Arceus|88\/100|[from] Stealth Rock\n|turn|19\n|\n|t:|1645374044\n|switch|p2a: Talonflame|Talonflame, M|78\/100\n|move|p1a: Arceus|Substitute|p1a: Arceus\n|-start|p1a: Arceus|Substitute\n|-damage|p1a: Arceus|63\/100\n|\n|upkeep\n|turn|20\n|\n|t:|1645374053\n|move|p2a: Talonflame|Brave Bird|p1a: Arceus\n|-end|p1a: Arceus|Substitute\n|-damage|p2a: Talonflame|68\/100|[from] Recoil|[of] p1a: Arceus\n|move|p1a: Arceus|Recover|p1a: Arceus\n|-heal|p1a: Arceus|100\/100\n|\n|upkeep\n|turn|21\n|j| BJ Nim\n|l| BJ Nim\n|\n|t:|1645374083\n|switch|p2a: Arceus|Arceus|100\/100\n|move|p1a: Arceus|Substitute|p1a: Arceus\n|-start|p1a: Arceus|Substitute\n|-damage|p1a: Arceus|76\/100\n|\n|upkeep\n|turn|22\n|\n|t:|1645374089\n|move|p1a: Arceus|Focus Blast|p2a: Arceus\n|-supereffective|p2a: Arceus\n|-damage|p2a: Arceus|47\/100\n|move|p2a: Arceus|Shadow Claw|p1a: Arceus\n|-supereffective|p1a: Arceus\n|-end|p1a: Arceus|Substitute\n|\n|-heal|p2a: Arceus|53\/100|[from] item: Leftovers\n|upkeep\n|turn|23\n|\n|t:|1645374098\n|move|p1a: Arceus|Focus Blast|p2a: Arceus\n|-supereffective|p2a: Arceus\n|-damage|p2a: Arceus|0 fnt\n|faint|p2a: Arceus\n|\n|upkeep\n|\n|t:|1645374104\n|switch|p2a: Talonflame|Talonflame, M|68\/100\n|turn|24\n|\n|t:|1645374113\n|move|p2a: Talonflame|Will-O-Wisp|p1a: Arceus\n|-status|p1a: Arceus|brn\n|move|p1a: Arceus|Substitute|p1a: Arceus\n|-start|p1a: Arceus|Substitute\n|-damage|p1a: Arceus|51\/100 brn\n|\n|-damage|p1a: Arceus|45\/100 brn|[from] brn\n|upkeep\n|turn|25\n|\n|t:|1645374121\n|switch|p2a: Tapu Fini|Tapu Fini|34\/100\n|-fieldstart|move: Misty Terrain|[from] ability: Misty Surge|[of] p2a: Tapu Fini\n|move|p1a: Arceus|Recover|p1a: Arceus\n|-heal|p1a: Arceus|95\/100 brn\n|\n|-damage|p1a: Arceus|89\/100 brn|[from] brn\n|upkeep\n|turn|26\n|\n|t:|1645374129\n|move|p1a: Arceus|Judgment|p2a: Tapu Fini\n|-damage|p2a: Tapu Fini|0 fnt\n|faint|p2a: Tapu Fini\n|\n|-damage|p1a: Arceus|83\/100 brn|[from] brn\n|upkeep\n|\n|t:|1645374133\n|switch|p2a: Talonflame|Talonflame, M|68\/100\n|turn|27\n|\n|t:|1645374140\n|move|p2a: Talonflame|Brave Bird|p1a: Arceus\n|-end|p1a: Arceus|Substitute\n|-damage|p2a: Talonflame|58\/100|[from] Recoil|[of] p1a: Arceus\n|move|p1a: Arceus|Substitute|p1a: Arceus\n|-start|p1a: Arceus|Substitute\n|-damage|p1a: Arceus|58\/100 brn\n|\n|-damage|p1a: Arceus|52\/100 brn|[from] brn\n|upkeep\n|turn|28\n|\n|t:|1645374148\n|move|p2a: Talonflame|Brave Bird|p1a: Arceus\n|-end|p1a: Arceus|Substitute\n|-damage|p2a: Talonflame|47\/100|[from] Recoil|[of] p1a: Arceus\n|move|p1a: Arceus|Recover|p1a: Arceus\n|-heal|p1a: Arceus|100\/100 brn\n|\n|-damage|p1a: Arceus|94\/100 brn|[from] brn\n|upkeep\n|turn|29\n|\n|t:|1645374154\n|switch|p2a: Pheromosa|Pheromosa|100\/100\n|move|p1a: Arceus|Substitute|p1a: Arceus\n|-start|p1a: Arceus|Substitute\n|-damage|p1a: Arceus|70\/100 brn\n|\n|-damage|p1a: Arceus|64\/100 brn|[from] brn\n|-fieldend|Misty Terrain\n|upkeep\n|turn|30\n|\n|t:|1645374159\n|move|p2a: Pheromosa|Throat Chop|p1a: Arceus\n|-supereffective|p1a: Arceus\n|-end|p1a: Arceus|Substitute\n|-damage|p2a: Pheromosa|91\/100|[from] item: Life Orb\n|move|p1a: Arceus|Judgment|p2a: Pheromosa\n|-crit|p2a: Pheromosa\n|-damage|p2a: Pheromosa|0 fnt\n|faint|p2a: Pheromosa\n|\n|-damage|p1a: Arceus|58\/100 brn|[from] brn\n|upkeep\n|c|\u2606AsterJ|Gg\n|\n|t:|1645374176\n|switch|p2a: Talonflame|Talonflame, M|47\/100\n|turn|31\n|c|\u2606PuckbudLadder|gg\n|\n|t:|1645374180\n|move|p2a: Talonflame|Brave Bird|p1a: Arceus\n|-damage|p1a: Arceus|24\/100 brn\n|-damage|p2a: Talonflame|33\/100|[from] Recoil\n|move|p1a: Arceus|Judgment|p2a: Talonflame\n|-damage|p2a: Talonflame|0 fnt\n|faint|p2a: Talonflame\n|\n|win|PuckbudLadder\n|c|\u2606AsterJ|Can I ask why u subbed in front of Arceus?\n|c|\u2606AsterJ|Just curious\n|c|\u2606PuckbudLadder|if i was gonna win i needed to\n","uploadtime":1645374186,"views":19,"p1id":"puckbudladder","p2id":"asterj","formatid":"gen8nationaldexdraft","rating":0,"private":0,"password":null}