{"id":"sports-gen8nationaldexdlc2draft-115077","p1":"GeniusX","p2":"el_biribon","format":"gen8nationaldexdlc2draft","log":"|j|\u2606GeniusX\n|j|\u2606el_biribon\n|player|p1|GeniusX|geniusx.gif|\n|player|p2|el_biribon|blaine|\n|teamsize|p1|6\n|teamsize|p2|6\n|gametype|singles\n|gen|8\n|tier|[Gen 8] National Dex DLC2 Draft\n|rule|Sleep Clause Mod: Limit one foe put to sleep\n|rule|OHKO Clause: OHKO moves are banned\n|rule|Evasion Moves Clause: Evasion moves are banned\n|rule|Endless Battle Clause: Forcing endless battles is banned\n|rule|HP Percentage Mod: HP is shown in percentages\n|clearpoke\n|poke|p1|Diancie|\n|poke|p1|Garchomp, F|\n|poke|p1|Weavile, M|\n|poke|p1|Toxapex, M|\n|poke|p1|Ferrothorn, F|\n|poke|p1|Musharna, M|\n|poke|p2|Aegislash, F|\n|poke|p2|Abomasnow, M|\n|poke|p2|Nidoqueen, F|\n|poke|p2|Vaporeon, M|\n|poke|p2|Lycanroc-Dusk, M|\n|poke|p2|Hydreigon, M|\n|rule|Dynamax Clause: You cannot dynamax\n|teampreview\n|html|<button name=\"send\" class=\"button\" value=\"\/timer ds\"><i class=\"fa fa-hourglass-start\"><\/i> DS Timer<\/button> <button name=\"send\" class=\"button\" value=\"\/timer smogon\"><i class=\"fa fa-hourglass-start\"><\/i> Smogon Timer<\/button>\n|c|\u2606el_biribon|gl hf\n|c|\u2606GeniusX|u2\n|\n|start\n|switch|p1a: Garchomp|Garchomp, F|100\/100\n|switch|p2a: Nidoqueen|Nidoqueen, F|100\/100\n|turn|1\n|\n|move|p1a: Garchomp|Earthquake|p2a: Nidoqueen\n|-supereffective|p2a: Nidoqueen\n|-damage|p2a: Nidoqueen|0 fnt\n|faint|p2a: Nidoqueen\n|\n|upkeep\n|\n|switch|p2a: Abomasnow|Abomasnow, M|100\/100\n|-weather|Hail|[from] ability: Snow Warning|[of] p2a: Abomasnow\n|turn|2\n|\n|switch|p1a: Ferrothorn|Ferrothorn, F|100\/100\n|detailschange|p2a: Abomasnow|Abomasnow-Mega, M\n|-mega|p2a: Abomasnow|Abomasnow|Abomasite\n|move|p2a: Abomasnow|Substitute|p2a: Abomasnow\n|-start|p2a: Abomasnow|Substitute\n|-damage|p2a: Abomasnow|76\/100\n|\n|-weather|Hail|[upkeep]\n|-damage|p1a: Ferrothorn|95\/100|[from] Hail\n|-heal|p1a: Ferrothorn|100\/100|[from] item: Leftovers\n|upkeep\n|turn|3\n|\n|-singleturn|p2a: Abomasnow|move: Focus Punch\n|move|p1a: Ferrothorn|Body Press|p2a: Abomasnow\n|-supereffective|p2a: Abomasnow\n|-end|p2a: Abomasnow|Substitute\n|move|p2a: Abomasnow|Focus Punch|p1a: Ferrothorn\n|-supereffective|p1a: Ferrothorn\n|-crit|p1a: Ferrothorn\n|-damage|p1a: Ferrothorn|17\/100\n|-damage|p2a: Abomasnow|63\/100|[from] ability: Iron Barbs|[of] p1a: Ferrothorn\n|\n|-weather|Hail|[upkeep]\n|-damage|p1a: Ferrothorn|11\/100|[from] Hail\n|-heal|p1a: Ferrothorn|17\/100|[from] item: Leftovers\n|upkeep\n|turn|4\n|\n|move|p2a: Abomasnow|Ice Shard|p1a: Ferrothorn\n|-damage|p1a: Ferrothorn|4\/100\n|move|p1a: Ferrothorn|Stealth Rock|p2a: Abomasnow\n|-sidestart|p2: el_biribon|move: Stealth Rock\n|\n|-weather|Hail|[upkeep]\n|-damage|p1a: Ferrothorn|0 fnt|[from] Hail\n|faint|p1a: Ferrothorn\n|upkeep\n|\n|switch|p1a: Diancie|Diancie|100\/100\n|turn|5\n|\n|detailschange|p1a: Diancie|Diancie-Mega\n|-mega|p1a: Diancie|Diancie|Diancite\n|move|p2a: Abomasnow|Ice Shard|p1a: Diancie\n|-damage|p1a: Diancie|76\/100\n|move|p1a: Diancie|Power Gem|p2a: Abomasnow\n|-supereffective|p2a: Abomasnow\n|-damage|p2a: Abomasnow|0 fnt\n|faint|p2a: Abomasnow\n|\n|-weather|Hail|[upkeep]\n|-damage|p1a: Diancie|70\/100|[from] Hail\n|upkeep\n|\n|switch|p2a: Vaporeon|Vaporeon, M|100\/100\n|-damage|p2a: Vaporeon|88\/100|[from] Stealth Rock\n|turn|6\n|\n|switch|p1a: Toxapex|Toxapex, M|100\/100\n|move|p2a: Vaporeon|Flip Turn|p1a: Toxapex\n|-resisted|p1a: Toxapex\n|-crit|p1a: Toxapex\n|-damage|p1a: Toxapex|93\/100\n|\n|switch|p2a: Hydreigon|Hydreigon, M|100\/100|[from]move: Flip Turn\n|-damage|p2a: Hydreigon|88\/100|[from] Stealth Rock\n|\n|-weather|none\n|-heal|p2a: Hydreigon|94\/100|[from] item: Leftovers\n|-heal|p1a: Toxapex|99\/100|[from] item: Black Sludge\n|upkeep\n|turn|7\n|\n|move|p2a: Hydreigon|Substitute|p2a: Hydreigon\n|-start|p2a: Hydreigon|Substitute\n|-damage|p2a: Hydreigon|69\/100\n|move|p1a: Toxapex|Gunk Shot|p2a: Hydreigon\n|-end|p2a: Hydreigon|Substitute\n|\n|-heal|p2a: Hydreigon|75\/100|[from] item: Leftovers\n|-heal|p1a: Toxapex|100\/100|[from] item: Black Sludge\n|upkeep\n|turn|8\n|\n|switch|p1a: Diancie|Diancie-Mega|70\/100\n|move|p2a: Hydreigon|Substitute|p2a: Hydreigon\n|-start|p2a: Hydreigon|Substitute\n|-damage|p2a: Hydreigon|50\/100\n|\n|-heal|p2a: Hydreigon|56\/100|[from] item: Leftovers\n|upkeep\n|turn|9\n|\n|switch|p1a: Toxapex|Toxapex, M|100\/100\n|move|p2a: Hydreigon|Flash Cannon|p1a: Toxapex\n|-resisted|p1a: Toxapex\n|-damage|p1a: Toxapex|91\/100\n|\n|-heal|p2a: Hydreigon|63\/100|[from] item: Leftovers\n|-heal|p1a: Toxapex|97\/100|[from] item: Black Sludge\n|upkeep\n|turn|10\n|\n|move|p2a: Hydreigon|Dark Pulse|p1a: Toxapex\n|-damage|p1a: Toxapex|69\/100\n|move|p1a: Toxapex|Gunk Shot|p2a: Hydreigon\n|-end|p2a: Hydreigon|Substitute\n|\n|-heal|p2a: Hydreigon|69\/100|[from] item: Leftovers\n|-heal|p1a: Toxapex|75\/100|[from] item: Black Sludge\n|upkeep\n|turn|11\n|\n|move|p2a: Hydreigon|Substitute|p2a: Hydreigon\n|-start|p2a: Hydreigon|Substitute\n|-damage|p2a: Hydreigon|44\/100\n|move|p1a: Toxapex|Gunk Shot|p2a: Hydreigon\n|-end|p2a: Hydreigon|Substitute\n|\n|-heal|p2a: Hydreigon|50\/100|[from] item: Leftovers\n|-heal|p1a: Toxapex|82\/100|[from] item: Black Sludge\n|upkeep\n|turn|12\n|\n|switch|p2a: Aegislash|Aegislash, F|100\/100\n|-damage|p2a: Aegislash|94\/100|[from] Stealth Rock\n|move|p1a: Toxapex|Gunk Shot|p2a: Aegislash\n|-immune|p2a: Aegislash\n|\n|-heal|p2a: Aegislash|100\/100|[from] item: Leftovers\n|-heal|p1a: Toxapex|88\/100|[from] item: Black Sludge\n|upkeep\n|turn|13\n|\n|move|p2a: Aegislash|Substitute|p2a: Aegislash\n|-start|p2a: Aegislash|Substitute\n|-damage|p2a: Aegislash|76\/100\n|move|p1a: Toxapex|Scald|p2a: Aegislash\n|-activate|p2a: Aegislash|move: Substitute|[damage]\n|\n|-heal|p2a: Aegislash|82\/100|[from] item: Leftovers\n|-heal|p1a: Toxapex|94\/100|[from] item: Black Sludge\n|upkeep\n|turn|14\n|\n|move|p2a: Aegislash|Metal Sound|p1a: Toxapex\n|-unboost|p1a: Toxapex|spd|2\n|move|p1a: Toxapex|Scald|p2a: Aegislash\n|-end|p2a: Aegislash|Substitute\n|\n|-heal|p2a: Aegislash|88\/100|[from] item: Leftovers\n|-heal|p1a: Toxapex|100\/100|[from] item: Black Sludge\n|upkeep\n|turn|15\n|\n|switch|p1a: Weavile|Weavile, M|100\/100\n|-ability|p1a: Weavile|Pressure\n|move|p2a: Aegislash|Substitute|p2a: Aegislash\n|-start|p2a: Aegislash|Substitute\n|-damage|p2a: Aegislash|63\/100\n|\n|-heal|p2a: Aegislash|70\/100|[from] item: Leftovers\n|upkeep\n|turn|16\n|\n|switch|p1a: Toxapex|Toxapex, M|100\/100\n|-formechange|p2a: Aegislash|Aegislash-Blade||[from] ability: Stance Change\n|move|p2a: Aegislash|Shadow Ball|p1a: Toxapex\n|-damage|p1a: Toxapex|69\/100\n|-unboost|p1a: Toxapex|spd|1\n|\n|-heal|p2a: Aegislash|76\/100|[from] item: Leftovers\n|-heal|p1a: Toxapex|75\/100|[from] item: Black Sludge\n|upkeep\n|turn|17\n|\n|move|p2a: Aegislash|Shadow Ball|p1a: Toxapex\n|-damage|p1a: Toxapex|30\/100\n|move|p1a: Toxapex|Recover|p1a: Toxapex\n|-heal|p1a: Toxapex|80\/100\n|\n|-heal|p2a: Aegislash|82\/100|[from] item: Leftovers\n|-heal|p1a: Toxapex|86\/100|[from] item: Black Sludge\n|upkeep\n|turn|18\n|\n|-formechange|p2a: Aegislash|Aegislash||[from] ability: Stance Change\n|move|p2a: Aegislash|King's Shield|p2a: Aegislash\n|-singleturn|p2a: Aegislash|Protect\n|move|p1a: Toxapex|Haze|p1a: Toxapex\n|-clearallboost\n|\n|-heal|p2a: Aegislash|88\/100|[from] item: Leftovers\n|-heal|p1a: Toxapex|92\/100|[from] item: Black Sludge\n|upkeep\n|turn|19\n|\n|move|p2a: Aegislash|Metal Sound|p1a: Toxapex\n|-unboost|p1a: Toxapex|spd|2\n|move|p1a: Toxapex|Haze|p1a: Toxapex\n|-clearallboost\n|\n|-heal|p2a: Aegislash|94\/100|[from] item: Leftovers\n|-heal|p1a: Toxapex|99\/100|[from] item: Black Sludge\n|upkeep\n|turn|20\n|\n|move|p2a: Aegislash|Metal Sound|p1a: Toxapex\n|-unboost|p1a: Toxapex|spd|2\n|move|p1a: Toxapex|Haze|p1a: Toxapex\n|-clearallboost\n|\n|-heal|p2a: Aegislash|100\/100|[from] item: Leftovers\n|-heal|p1a: Toxapex|100\/100|[from] item: Black Sludge\n|upkeep\n|turn|21\n|\n|move|p2a: Aegislash|Metal Sound|p1a: Toxapex\n|-unboost|p1a: Toxapex|spd|2\n|move|p1a: Toxapex|Scald|p2a: Aegislash\n|-activate|p2a: Aegislash|move: Substitute|[damage]\n|\n|upkeep\n|turn|22\n|\n|-formechange|p2a: Aegislash|Aegislash-Blade||[from] ability: Stance Change\n|move|p2a: Aegislash|Shadow Ball|p1a: Toxapex\n|-damage|p1a: Toxapex|41\/100\n|move|p1a: Toxapex|Haze|p1a: Toxapex\n|-clearallboost\n|\n|-heal|p1a: Toxapex|48\/100|[from] item: Black Sludge\n|upkeep\n|turn|23\n|j|%Venoxio\n|\n|move|p2a: Aegislash|Metal Sound|p1a: Toxapex\n|-unboost|p1a: Toxapex|spd|2\n|move|p1a: Toxapex|Recover|p1a: Toxapex\n|-heal|p1a: Toxapex|98\/100\n|\n|-heal|p1a: Toxapex|100\/100|[from] item: Black Sludge\n|upkeep\n|turn|24\n|\n|move|p2a: Aegislash|Shadow Ball|p1a: Toxapex\n|-damage|p1a: Toxapex|33\/100\n|move|p1a: Toxapex|Haze|p1a: Toxapex\n|-clearallboost\n|\n|-heal|p1a: Toxapex|39\/100|[from] item: Black Sludge\n|upkeep\n|turn|25\n|\n|move|p2a: Aegislash|Metal Sound|p1a: Toxapex\n|-unboost|p1a: Toxapex|spd|2\n|move|p1a: Toxapex|Recover|p1a: Toxapex\n|-heal|p1a: Toxapex|89\/100\n|\n|-heal|p1a: Toxapex|96\/100|[from] item: Black Sludge\n|upkeep\n|turn|26\n|\n|move|p2a: Aegislash|Shadow Ball|p1a: Toxapex\n|-damage|p1a: Toxapex|37\/100\n|move|p1a: Toxapex|Haze|p1a: Toxapex\n|-clearallboost\n|\n|-heal|p1a: Toxapex|43\/100|[from] item: Black Sludge\n|upkeep\n|turn|27\n|\n|move|p2a: Aegislash|Metal Sound|p1a: Toxapex\n|-unboost|p1a: Toxapex|spd|2\n|move|p1a: Toxapex|Recover|p1a: Toxapex\n|-heal|p1a: Toxapex|93\/100\n|\n|-heal|p1a: Toxapex|99\/100|[from] item: Black Sludge\n|upkeep\n|turn|28\n|\n|move|p2a: Aegislash|Metal Sound|p1a: Toxapex\n|-unboost|p1a: Toxapex|spd|2\n|move|p1a: Toxapex|Haze|p1a: Toxapex\n|-clearallboost\n|\n|-heal|p1a: Toxapex|100\/100|[from] item: Black Sludge\n|upkeep\n|turn|29\n|\n|switch|p1a: Garchomp|Garchomp, F|100\/100\n|-formechange|p2a: Aegislash|Aegislash||[from] ability: Stance Change\n|move|p2a: Aegislash|King's Shield||[still]\n|-fail|p2a: Aegislash\n|\n|upkeep\n|turn|30\n|\n|move|p1a: Garchomp|Earthquake|p2a: Aegislash\n|-supereffective|p2a: Aegislash\n|-end|p2a: Aegislash|Substitute\n|-formechange|p2a: Aegislash|Aegislash-Blade||[from] ability: Stance Change\n|move|p2a: Aegislash|Shadow Ball|p1a: Garchomp\n|-damage|p1a: Garchomp|59\/100\n|\n|upkeep\n|turn|31\n|\n|switch|p2a: Vaporeon|Vaporeon, M|88\/100\n|-damage|p2a: Vaporeon|75\/100|[from] Stealth Rock\n|move|p1a: Garchomp|Earthquake|p2a: Vaporeon\n|-damage|p2a: Vaporeon|35\/100\n|\n|-heal|p2a: Vaporeon|41\/100|[from] item: Leftovers\n|upkeep\n|turn|32\n|j| Pandarob3rt34\n|\n|move|p1a: Garchomp|Earthquake|p2a: Vaporeon\n|-damage|p2a: Vaporeon|2\/100\n|move|p2a: Vaporeon|Wish|p2a: Vaporeon\n|\n|-heal|p2a: Vaporeon|9\/100|[from] item: Leftovers\n|upkeep\n|turn|33\n|\n|move|p2a: Vaporeon|Protect|p2a: Vaporeon\n|-singleturn|p2a: Vaporeon|Protect\n|move|p1a: Garchomp|Swords Dance|p1a: Garchomp\n|-boost|p1a: Garchomp|atk|2\n|\n|-heal|p2a: Vaporeon|59\/100|[from] move: Wish|[wisher] Vaporeon\n|-heal|p2a: Vaporeon|65\/100|[from] item: Leftovers\n|upkeep\n|turn|34\n|\n|move|p1a: Garchomp|Earthquake|p2a: Vaporeon\n|-damage|p2a: Vaporeon|0 fnt\n|faint|p2a: Vaporeon\n|\n|upkeep\n|\n|switch|p2a: Lycanroc|Lycanroc-Dusk, M|100\/100\n|-damage|p2a: Lycanroc|88\/100|[from] Stealth Rock\n|turn|35\n|\n|move|p2a: Lycanroc|Close Combat|p1a: Garchomp\n|-damage|p1a: Garchomp|9\/100\n|-unboost|p2a: Lycanroc|def|1\n|-unboost|p2a: Lycanroc|spd|1\n|-damage|p2a: Lycanroc|76\/100|[from] ability: Rough Skin|[of] p1a: Garchomp\n|move|p1a: Garchomp|Earthquake|p2a: Lycanroc\n|-supereffective|p2a: Lycanroc\n|-damage|p2a: Lycanroc|0 fnt\n|faint|p2a: Lycanroc\n|\n|upkeep\n|c|\u2606el_biribon|rip\n|c|\u2606GeniusX|gg\n|c|\u2606el_biribon|why did u click eq turn 1\n|c|\u2606GeniusX|im yache\n|c|\u2606el_biribon|nice\n|c|\u2606el_biribon|wp\n|\n|switch|p2a: Aegislash|Aegislash, F|100\/100\n|-damage|p2a: Aegislash|94\/100|[from] Stealth Rock\n|turn|36\n|c|\u2606GeniusX|can u send replay after i gotta run\n|\n|move|p1a: Garchomp|Earthquake|p2a: Aegislash\n|-supereffective|p2a: Aegislash\n|-damage|p2a: Aegislash|0 fnt\n|faint|p2a: Aegislash\n|\n|upkeep\n|c|\u2606GeniusX|u2\n|c|\u2606el_biribon|np\n|\n|switch|p2a: Hydreigon|Hydreigon, M|50\/100\n|-damage|p2a: Hydreigon|37\/100|[from] Stealth Rock\n|turn|37\n|c|\u2606GeniusX|thanks alot\n|\n|move|p1a: Garchomp|Dragon Claw|p2a: Hydreigon\n|-supereffective|p2a: Hydreigon\n|-damage|p2a: Hydreigon|0 fnt\n|faint|p2a: Hydreigon\n|\n|win|GeniusX\n|l|\u2606GeniusX\n|l|%Venoxio\n|c| Pandarob3rt34|gotta run isnt it like midnight\n|c| Pandarob3rt34|kek\n","uploadtime":1594913613,"views":71,"p1id":"geniusx","p2id":"elbiribon","formatid":"gen8nationaldexdlc2draft","rating":0,"private":0,"password":null}