{"id":"sports-gen8nationaldexdraft-571567","p1":"rufus623","p2":"DjezzeMwoan","format":"gen8nationaldexdraft","log":"|j|\u2606rufus623\n|j|\u2606DjezzeMwoan\n|t:|1642092879\n|gametype|singles\n|player|p1|rufus623|101|\n|player|p2|DjezzeMwoan|52|\n|teamsize|p1|6\n|teamsize|p2|6\n|gen|8\n|tier|[Gen 8] National Dex Draft\n|rule|Sleep Clause Mod: Limit one foe put to sleep\n|rule|OHKO Clause: OHKO moves are banned\n|rule|Evasion Moves Clause: Evasion moves are banned\n|rule|Endless Battle Clause: Forcing endless battles is banned\n|rule|HP Percentage Mod: HP is shown in percentages\n|rule|Dynamax Clause: You cannot dynamax\n|clearpoke\n|poke|p1|Slurpuff, M|\n|poke|p1|Shaymin-Sky|\n|poke|p1|Chandelure, F|\n|poke|p1|Excadrill, F|\n|poke|p1|Deoxys-Defense|\n|poke|p1|Mienshao, M|\n|poke|p2|Corsola-Galar, F|\n|poke|p2|Silvally-*|\n|poke|p2|Heracross, M|\n|poke|p2|Landorus-Therian, M|\n|poke|p2|Vaporeon, F|\n|poke|p2|Ferrothorn, F|\n|teampreview\n|html|<button name=\"send\" class=\"button\" value=\"\/timer ds\"><i class=\"fa fa-hourglass-start\"><\/i> DS Timer<\/button> <button name=\"send\" class=\"button\" value=\"\/timer smogon\"><i class=\"fa fa-hourglass-start\"><\/i> Smogon Timer<\/button>\n|c|\u2606DjezzeMwoan|glhf\n|c|\u2606DjezzeMwoan|damn\n|c|\u2606DjezzeMwoan|no sand\n|c|\u2606DjezzeMwoan|i am surprised\n|c|\u2606rufus623|glhf and 3 threats not there.. noice \n|c|\u2606DjezzeMwoan|tfw you cant find out which is number 3\n|c|\u2606DjezzeMwoan|lol\n|\n|t:|1642092987\n|start\n|switch|p1a: Mienshao|Mienshao, M|100\/100\n|switch|p2a: Snorman|Landorus-Therian, M|100\/100\n|-ability|p2a: Snorman|Intimidate|boost\n|-unboost|p1a: Mienshao|atk|1\n|turn|1\n|\n|t:|1642093007\n|move|p1a: Mienshao|Knock Off|p2a: Snorman\n|-damage|p2a: Snorman|74\/100\n|-enditem|p2a: Snorman|Chesto Berry|[from] move: Knock Off|[of] p1a: Mienshao\n|move|p2a: Snorman|Stone Edge|p1a: Mienshao\n|-resisted|p1a: Mienshao\n|-damage|p1a: Mienshao|68\/100\n|\n|upkeep\n|turn|2\n|\n|t:|1642093012\n|move|p1a: Mienshao|U-turn|p2a: Snorman\n|-resisted|p2a: Snorman\n|-damage|p2a: Snorman|66\/100\n|\n|t:|1642093018\n|switch|p1a: Deoxys|Deoxys-Defense|100\/100|[from]move: U-turn\n|-ability|p1a: Deoxys|Pressure\n|move|p2a: Snorman|Earthquake|p1a: Deoxys\n|-damage|p1a: Deoxys|56\/100\n|\n|-heal|p1a: Deoxys|62\/100|[from] item: Leftovers\n|upkeep\n|turn|3\n|\n|t:|1642093037\n|move|p2a: Snorman|U-turn|p1a: Deoxys\n|-supereffective|p1a: Deoxys\n|-damage|p1a: Deoxys|19\/100\n|\n|t:|1642093143\n|switch|p2a: Zuckerberg|Silvally-Steel|100\/100|[from]move: U-turn\n|move|p1a: Deoxys|Recover|p1a: Deoxys\n|-heal|p1a: Deoxys|69\/100\n|\n|-heal|p1a: Deoxys|75\/100|[from] item: Leftovers\n|upkeep\n|turn|4\n|\n|t:|1642093153\n|move|p2a: Zuckerberg|U-turn|p1a: Deoxys\n|-supereffective|p1a: Deoxys\n|-damage|p1a: Deoxys|45\/100\n|\n|t:|1642093156\n|switch|p2a: Treehugger|Ferrothorn, F|100\/100|[from]move: U-turn\n|move|p1a: Deoxys|Taunt|p2a: Treehugger\n|-start|p2a: Treehugger|move: Taunt\n|\n|-heal|p1a: Deoxys|51\/100|[from] item: Leftovers\n|upkeep\n|turn|5\n|\n|t:|1642093166\n|switch|p2a: Boktor|Heracross, M|100\/100\n|move|p1a: Deoxys|Spikes|p2a: Boktor\n|-sidestart|p2: DjezzeMwoan|Spikes\n|\n|-heal|p1a: Deoxys|57\/100|[from] item: Leftovers\n|upkeep\n|turn|6\n|\n|t:|1642093174\n|switch|p1a: Excadrill|Excadrill, F|100\/100\n|-ability|p1a: Excadrill|Mold Breaker\n|detailschange|p2a: Boktor|Heracross-Mega, M\n|-mega|p2a: Boktor|Heracross|Heracronite\n|move|p2a: Boktor|Substitute|p2a: Boktor\n|-start|p2a: Boktor|Substitute\n|-damage|p2a: Boktor|76\/100\n|\n|upkeep\n|turn|7\n|\n|t:|1642093250\n|switch|p1a: Chandelure|Chandelure, F|100\/100\n|move|p2a: Boktor|Close Combat|p1a: Chandelure\n|-immune|p1a: Chandelure\n|\n|upkeep\n|turn|8\n|\n|t:|1642093256\n|move|p1a: Chandelure|Flamethrower|p2a: Boktor\n|-supereffective|p2a: Boktor\n|-end|p2a: Boktor|Substitute\n|move|p2a: Boktor|Rock Blast|p1a: Chandelure\n|-supereffective|p1a: Chandelure\n|-crit|p1a: Chandelure\n|-damage|p1a: Chandelure|63\/100\n|-supereffective|p1a: Chandelure\n|-damage|p1a: Chandelure|36\/100\n|-supereffective|p1a: Chandelure\n|-damage|p1a: Chandelure|8\/100\n|-supereffective|p1a: Chandelure\n|-damage|p1a: Chandelure|0 fnt\n|faint|p1a: Chandelure\n|-hitcount|p1: Chandelure|4\n|\n|upkeep\n|c|\u2606DjezzeMwoan|phew\n|c|\u2606DjezzeMwoan|i tried to cancel in case of infiltrator lmao\n|\n|t:|1642093277\n|switch|p1a: Shaymin|Shaymin-Sky|100\/100\n|turn|9\n|c|\u2606DjezzeMwoan|and i just missed it\n|\n|t:|1642093284\n|switch|p2a: Zuckerberg|Silvally-Steel|100\/100\n|-damage|p2a: Zuckerberg|88\/100|[from] Spikes\n|move|p1a: Shaymin|Substitute|p1a: Shaymin\n|-start|p1a: Shaymin|Substitute\n|-damage|p1a: Shaymin|76\/100\n|\n|upkeep\n|turn|10\n|\n|t:|1642093290\n|move|p1a: Shaymin|Leech Seed|p2a: Zuckerberg|[miss]\n|-miss|p1a: Shaymin|p2a: Zuckerberg\n|move|p2a: Zuckerberg|Multi-Attack|p1a: Shaymin\n|-end|p1a: Shaymin|Substitute\n|\n|upkeep\n|turn|11\n|\n|t:|1642093295\n|move|p1a: Shaymin|Air Slash|p2a: Zuckerberg\n|-resisted|p2a: Zuckerberg\n|-damage|p2a: Zuckerberg|71\/100\n|cant|p2a: Zuckerberg|flinch\n|\n|upkeep\n|turn|12\n|\n|t:|1642093303\n|switch|p1a: Excadrill|Excadrill, F|100\/100\n|-ability|p1a: Excadrill|Mold Breaker\n|move|p2a: Zuckerberg|U-turn|p1a: Excadrill\n|-resisted|p1a: Excadrill\n|-damage|p1a: Excadrill|89\/100\n|\n|t:|1642093306\n|switch|p2a: Boktor|Heracross-Mega, M|76\/100|[from]move: U-turn\n|-damage|p2a: Boktor|63\/100|[from] Spikes\n|\n|-heal|p1a: Excadrill|95\/100|[from] item: Leftovers\n|upkeep\n|turn|13\n|\n|t:|1642093318\n|move|p2a: Boktor|Rock Blast|p1a: Excadrill\n|-resisted|p1a: Excadrill\n|-damage|p1a: Excadrill|92\/100\n|-resisted|p1a: Excadrill\n|-damage|p1a: Excadrill|88\/100\n|-resisted|p1a: Excadrill\n|-damage|p1a: Excadrill|85\/100\n|-resisted|p1a: Excadrill\n|-damage|p1a: Excadrill|82\/100\n|-resisted|p1a: Excadrill\n|-damage|p1a: Excadrill|79\/100\n|-hitcount|p1a: Excadrill|5\n|move|p1a: Excadrill|Earthquake|p2a: Boktor\n|-resisted|p2a: Boktor\n|-damage|p2a: Boktor|46\/100\n|\n|-heal|p1a: Excadrill|85\/100|[from] item: Leftovers\n|upkeep\n|turn|14\n|\n|t:|1642093334\n|move|p2a: Boktor|Substitute|p2a: Boktor\n|-start|p2a: Boktor|Substitute\n|-damage|p2a: Boktor|22\/100\n|move|p1a: Excadrill|Rapid Spin|p2a: Boktor\n|-activate|p2a: Boktor|move: Substitute|[damage]\n|-boost|p1a: Excadrill|spe|1\n|\n|-heal|p1a: Excadrill|91\/100|[from] item: Leftovers\n|upkeep\n|turn|15\n|\n|t:|1642093342\n|move|p1a: Excadrill|Earthquake|p2a: Boktor\n|-resisted|p2a: Boktor\n|-end|p2a: Boktor|Substitute\n|move|p2a: Boktor|Close Combat|p1a: Excadrill\n|-supereffective|p1a: Excadrill\n|-damage|p1a: Excadrill|0 fnt\n|-unboost|p2a: Boktor|def|1\n|-unboost|p2a: Boktor|spd|1\n|faint|p1a: Excadrill\n|\n|upkeep\n|\n|t:|1642093379\n|switch|p1a: Shaymin|Shaymin-Sky|76\/100\n|turn|16\n|\n|t:|1642093387\n|move|p1a: Shaymin|Air Slash|p2a: Boktor\n|-supereffective|p2a: Boktor\n|-damage|p2a: Boktor|0 fnt\n|faint|p2a: Boktor\n|\n|upkeep\n|\n|t:|1642093396\n|switch|p2a: Zuckerberg|Silvally-Steel|71\/100\n|-damage|p2a: Zuckerberg|58\/100|[from] Spikes\n|turn|17\n|\n|t:|1642093404\n|move|p1a: Shaymin|Leech Seed|p2a: Zuckerberg|[miss]\n|-miss|p1a: Shaymin|p2a: Zuckerberg\n|move|p2a: Zuckerberg|Multi-Attack|p1a: Shaymin\n|-damage|p1a: Shaymin|10\/100\n|\n|upkeep\n|turn|18\n|c|\u2606rufus623|yo\n|c|\u2606DjezzeMwoan|im osrry\n|\n|t:|1642093415\n|switch|p1a: Mienshao|Mienshao, M|100\/100\n|move|p2a: Zuckerberg|U-turn|p1a: Mienshao\n|-resisted|p1a: Mienshao\n|-damage|p1a: Mienshao|83\/100\n|\n|t:|1642093419\n|switch|p2a: Snorman|Landorus-Therian, M|66\/100|[from]move: U-turn\n|-ability|p2a: Snorman|Intimidate|boost\n|-unboost|p1a: Mienshao|atk|1\n|\n|upkeep\n|turn|19\n|c|\u2606rufus623|bit unfort really\n|\n|t:|1642093429\n|move|p1a: Mienshao|U-turn|p2a: Snorman\n|-resisted|p2a: Snorman\n|-damage|p2a: Snorman|57\/100\n|\n|t:|1642093431\n|switch|p1a: Shaymin|Shaymin-Sky|10\/100|[from]move: U-turn\n|move|p2a: Snorman|U-turn|p1a: Shaymin\n|-damage|p1a: Shaymin|0 fnt\n|faint|p1a: Shaymin\n|\n|t:|1642093453\n|switch|p2a: Dont say it|Vaporeon, F|100\/100|[from]move: U-turn\n|-damage|p2a: Dont say it|88\/100|[from] Spikes\n|\n|-heal|p2a: Dont say it|94\/100|[from] item: Leftovers\n|upkeep\n|\n|t:|1642093457\n|switch|p1a: Deoxys|Deoxys-Defense|57\/100\n|-ability|p1a: Deoxys|Pressure\n|turn|20\n|\n|t:|1642093465\n|move|p1a: Deoxys|Taunt|p2a: Dont say it\n|-start|p2a: Dont say it|move: Taunt\n|cant|p2a: Dont say it|move: Taunt|Wish\n|\n|-heal|p1a: Deoxys|64\/100|[from] item: Leftovers\n|-heal|p2a: Dont say it|99\/100|[from] item: Leftovers\n|upkeep\n|turn|21\n|\n|t:|1642093476\n|move|p1a: Deoxys|Recover|p1a: Deoxys\n|-heal|p1a: Deoxys|100\/100\n|move|p2a: Dont say it|Flip Turn|p1a: Deoxys\n|-damage|p1a: Deoxys|89\/100\n|\n|t:|1642093478\n|switch|p2a: Snorman|Landorus-Therian, M|57\/100|[from]move: Flip Turn\n|-ability|p2a: Snorman|Intimidate|boost\n|-unboost|p1a: Deoxys|atk|1\n|\n|-heal|p1a: Deoxys|96\/100|[from] item: Leftovers\n|upkeep\n|turn|22\n|\n|t:|1642093492\n|move|p2a: Snorman|Earthquake|p1a: Deoxys\n|-damage|p1a: Deoxys|56\/100\n|move|p1a: Deoxys|Spikes|p2a: Snorman\n|-sidestart|p2: DjezzeMwoan|Spikes\n|\n|-heal|p1a: Deoxys|62\/100|[from] item: Leftovers\n|upkeep\n|turn|23\n|\n|t:|1642093497\n|move|p2a: Snorman|Earthquake|p1a: Deoxys\n|-damage|p1a: Deoxys|19\/100\n|move|p1a: Deoxys|Recover|p1a: Deoxys\n|-heal|p1a: Deoxys|69\/100\n|\n|-heal|p1a: Deoxys|75\/100|[from] item: Leftovers\n|upkeep\n|turn|24\n|\n|t:|1642093503\n|move|p2a: Snorman|Earthquake|p1a: Deoxys\n|-damage|p1a: Deoxys|35\/100\n|move|p1a: Deoxys|Recover|p1a: Deoxys\n|-heal|p1a: Deoxys|85\/100\n|\n|-heal|p1a: Deoxys|91\/100|[from] item: Leftovers\n|upkeep\n|turn|25\n|\n|t:|1642093522\n|move|p2a: Snorman|U-turn|p1a: Deoxys\n|-supereffective|p1a: Deoxys\n|-damage|p1a: Deoxys|54\/100\n|\n|t:|1642093524\n|switch|p2a: Mosselman|Corsola-Galar, F|100\/100|[from]move: U-turn\n|-damage|p2a: Mosselman|84\/100|[from] Spikes\n|move|p1a: Deoxys|Spikes|p2a: Mosselman\n|-sidestart|p2: DjezzeMwoan|Spikes\n|\n|-heal|p1a: Deoxys|60\/100|[from] item: Leftovers\n|upkeep\n|turn|26\n|\n|t:|1642093529\n|move|p1a: Deoxys|Taunt|p2a: Mosselman\n|-start|p2a: Mosselman|move: Taunt\n|move|p2a: Mosselman|Icy Wind|p1a: Deoxys\n|-damage|p1a: Deoxys|55\/100\n|-unboost|p1a: Deoxys|spe|1\n|\n|-heal|p1a: Deoxys|61\/100|[from] item: Leftovers\n|upkeep\n|turn|27\n|\n|t:|1642093542\n|move|p1a: Deoxys|Recover|p1a: Deoxys\n|-heal|p1a: Deoxys|100\/100\n|move|p2a: Mosselman|Icy Wind|p1a: Deoxys\n|-damage|p1a: Deoxys|95\/100\n|-unboost|p1a: Deoxys|spe|1\n|\n|-heal|p1a: Deoxys|100\/100|[from] item: Leftovers\n|upkeep\n|turn|28\n|\n|t:|1642093545\n|switch|p1a: Mienshao|Mienshao, M|100\/100\n|switch|p2a: Treehugger|Ferrothorn, F|100\/100\n|-damage|p2a: Treehugger|76\/100|[from] Spikes\n|\n|upkeep\n|turn|29\n|\n|t:|1642093551\n|switch|p2a: Snorman|Landorus-Therian, M|57\/100\n|-ability|p2a: Snorman|Intimidate|boost\n|-unboost|p1a: Mienshao|atk|1\n|move|p1a: Mienshao|Close Combat|p2a: Snorman\n|-resisted|p2a: Snorman\n|-damage|p2a: Snorman|36\/100\n|-unboost|p1a: Mienshao|def|1\n|-unboost|p1a: Mienshao|spd|1\n|\n|upkeep\n|turn|30\n|\n|t:|1642093562\n|move|p1a: Mienshao|U-turn|p2a: Snorman\n|-resisted|p2a: Snorman\n|-damage|p2a: Snorman|27\/100\n|\n|t:|1642093565\n|switch|p1a: Deoxys|Deoxys-Defense|100\/100|[from]move: U-turn\n|-ability|p1a: Deoxys|Pressure\n|move|p2a: Snorman|Rest|p2a: Snorman\n|-status|p2a: Snorman|slp|[from] move: Rest\n|-heal|p2a: Snorman|100\/100 slp|[silent]\n|\n|upkeep\n|turn|31\n|\n|t:|1642093581\n|cant|p2a: Snorman|slp\n|move|p1a: Deoxys|Psychic|p2a: Snorman\n|-damage|p2a: Snorman|74\/100 slp\n|\n|upkeep\n|turn|32\n|\n|t:|1642093589\n|cant|p2a: Snorman|slp\n|move|p1a: Deoxys|Taunt|p2a: Snorman\n|-start|p2a: Snorman|move: Taunt\n|\n|upkeep\n|turn|33\n|\n|t:|1642093594\n|-curestatus|p2a: Snorman|slp|[msg]\n|move|p2a: Snorman|Earthquake|p1a: Deoxys\n|-damage|p1a: Deoxys|58\/100\n|move|p1a: Deoxys|Psychic|p2a: Snorman\n|-damage|p2a: Snorman|47\/100\n|\n|-heal|p1a: Deoxys|64\/100|[from] item: Leftovers\n|upkeep\n|turn|34\n|\n|t:|1642093606\n|move|p2a: Snorman|U-turn|p1a: Deoxys\n|-supereffective|p1a: Deoxys\n|-damage|p1a: Deoxys|23\/100\n|\n|t:|1642093610\n|switch|p2a: Zuckerberg|Silvally-Steel|58\/100|[from]move: U-turn\n|-damage|p2a: Zuckerberg|33\/100|[from] Spikes\n|move|p1a: Deoxys|Recover|p1a: Deoxys\n|-heal|p1a: Deoxys|73\/100\n|\n|-heal|p1a: Deoxys|79\/100|[from] item: Leftovers\n|upkeep\n|turn|35\n|\n|t:|1642093620\n|switch|p1a: Mienshao|Mienshao, M|100\/100\n|move|p2a: Zuckerberg|Rest|p2a: Zuckerberg\n|-status|p2a: Zuckerberg|slp|[from] move: Rest\n|-heal|p2a: Zuckerberg|100\/100 slp|[silent]\n|\n|upkeep\n|turn|36\n|\n|t:|1642093631\n|move|p1a: Mienshao|Close Combat|p2a: Zuckerberg\n|-supereffective|p2a: Zuckerberg\n|-damage|p2a: Zuckerberg|0 fnt\n|-unboost|p1a: Mienshao|def|1\n|-unboost|p1a: Mienshao|spd|1\n|faint|p2a: Zuckerberg\n|\n|upkeep\n|\n|t:|1642093634\n|switch|p2a: Snorman|Landorus-Therian, M|47\/100\n|-ability|p2a: Snorman|Intimidate|boost\n|-unboost|p1a: Mienshao|atk|1\n|turn|37\n|\n|t:|1642093656\n|move|p1a: Mienshao|U-turn|p2a: Snorman\n|-resisted|p2a: Snorman\n|-damage|p2a: Snorman|39\/100\n|\n|t:|1642093658\n|switch|p1a: Deoxys|Deoxys-Defense|79\/100|[from]move: U-turn\n|-ability|p1a: Deoxys|Pressure\n|move|p2a: Snorman|Earthquake|p1a: Deoxys\n|-damage|p1a: Deoxys|40\/100\n|\n|-heal|p1a: Deoxys|46\/100|[from] item: Leftovers\n|upkeep\n|turn|38\n|\n|t:|1642093665\n|move|p2a: Snorman|U-turn|p1a: Deoxys\n|-supereffective|p1a: Deoxys\n|-damage|p1a: Deoxys|9\/100\n|\n|t:|1642093670\n|switch|p2a: Treehugger|Ferrothorn, F|76\/100|[from]move: U-turn\n|-damage|p2a: Treehugger|51\/100|[from] Spikes\n|move|p1a: Deoxys|Recover|p1a: Deoxys\n|-heal|p1a: Deoxys|59\/100\n|\n|-heal|p1a: Deoxys|66\/100|[from] item: Leftovers\n|upkeep\n|turn|39\n|\n|t:|1642093679\n|move|p1a: Deoxys|Taunt|p2a: Treehugger\n|-start|p2a: Treehugger|move: Taunt\n|move|p2a: Treehugger|Knock Off|p1a: Deoxys\n|-supereffective|p1a: Deoxys\n|-damage|p1a: Deoxys|33\/100\n|-enditem|p1a: Deoxys|Leftovers|[from] move: Knock Off|[of] p2a: Treehugger\n|\n|upkeep\n|turn|40\n|\n|t:|1642093685\n|move|p1a: Deoxys|Recover|p1a: Deoxys\n|-heal|p1a: Deoxys|83\/100\n|move|p2a: Treehugger|Power Whip|p1a: Deoxys\n|-damage|p1a: Deoxys|55\/100\n|\n|upkeep\n|turn|41\n|\n|t:|1642093699\n|move|p1a: Deoxys|Recover|p1a: Deoxys\n|-heal|p1a: Deoxys|100\/100\n|move|p2a: Treehugger|Power Whip|p1a: Deoxys\n|-damage|p1a: Deoxys|74\/100\n|\n|-end|p2a: Treehugger|move: Taunt\n|upkeep\n|turn|42\n|\n|t:|1642093704\n|move|p1a: Deoxys|Taunt|p2a: Treehugger\n|-start|p2a: Treehugger|move: Taunt\n|move|p2a: Treehugger|Knock Off|p1a: Deoxys\n|-supereffective|p1a: Deoxys\n|-damage|p1a: Deoxys|52\/100\n|\n|upkeep\n|turn|43\n|\n|t:|1642093707\n|move|p1a: Deoxys|Recover|p1a: Deoxys\n|-heal|p1a: Deoxys|100\/100\n|move|p2a: Treehugger|Power Whip|p1a: Deoxys\n|-damage|p1a: Deoxys|69\/100\n|\n|upkeep\n|turn|44\n|\n|t:|1642093711\n|move|p1a: Deoxys|Psychic|p2a: Treehugger\n|-resisted|p2a: Treehugger\n|-crit|p2a: Treehugger\n|-damage|p2a: Treehugger|40\/100\n|move|p2a: Treehugger|Knock Off|p1a: Deoxys\n|-supereffective|p1a: Deoxys\n|-damage|p1a: Deoxys|48\/100\n|\n|-end|p2a: Treehugger|move: Taunt\n|upkeep\n|turn|45\n|\n|t:|1642093714\n|move|p1a: Deoxys|Taunt|p2a: Treehugger\n|-start|p2a: Treehugger|move: Taunt\n|move|p2a: Treehugger|Knock Off|p1a: Deoxys\n|-supereffective|p1a: Deoxys\n|-damage|p1a: Deoxys|25\/100\n|\n|upkeep\n|turn|46\n|\n|t:|1642093716\n|move|p1a: Deoxys|Recover|p1a: Deoxys\n|-heal|p1a: Deoxys|75\/100\n|move|p2a: Treehugger|Power Whip|p1a: Deoxys\n|-damage|p1a: Deoxys|46\/100\n|\n|upkeep\n|turn|47\n|\n|t:|1642093719\n|move|p1a: Deoxys|Recover|p1a: Deoxys\n|-heal|p1a: Deoxys|96\/100\n|move|p2a: Treehugger|Power Whip|p1a: Deoxys\n|-damage|p1a: Deoxys|67\/100\n|\n|-end|p2a: Treehugger|move: Taunt\n|upkeep\n|turn|48\n|\n|t:|1642093723\n|move|p1a: Deoxys|Taunt|p2a: Treehugger\n|-start|p2a: Treehugger|move: Taunt\n|cant|p2a: Treehugger|move: Taunt|Leech Seed\n|\n|upkeep\n|turn|49\n|\n|t:|1642093747\n|switch|p1a: Mienshao|Mienshao, M|100\/100\n|move|p2a: Treehugger|Knock Off|p1a: Mienshao\n|-resisted|p1a: Mienshao\n|-damage|p1a: Mienshao|82\/100\n|-enditem|p1a: Mienshao|Lum Berry|[from] move: Knock Off|[of] p2a: Treehugger\n|\n|upkeep\n|turn|50\n|\n|t:|1642093779\n|switch|p2a: Dont say it|Vaporeon, F|99\/100\n|-damage|p2a: Dont say it|75\/100|[from] Spikes\n|move|p1a: Mienshao|Close Combat|p2a: Dont say it\n|-damage|p2a: Dont say it|24\/100\n|-unboost|p1a: Mienshao|def|1\n|-unboost|p1a: Mienshao|spd|1\n|\n|-heal|p2a: Dont say it|30\/100|[from] item: Leftovers\n|upkeep\n|turn|51\n|\n|t:|1642093810\n|move|p1a: Mienshao|Knock Off|p2a: Dont say it\n|-damage|p2a: Dont say it|2\/100\n|-enditem|p2a: Dont say it|Leftovers|[from] move: Knock Off|[of] p1a: Mienshao\n|move|p2a: Dont say it|Flip Turn|p1a: Mienshao\n|-damage|p1a: Mienshao|41\/100\n|\n|t:|1642093823\n|switch|p2a: Snorman|Landorus-Therian, M|39\/100|[from]move: Flip Turn\n|-ability|p2a: Snorman|Intimidate|boost\n|-unboost|p1a: Mienshao|atk|1\n|\n|upkeep\n|turn|52\n|\n|t:|1642093850\n|move|p1a: Mienshao|U-turn|p2a: Snorman\n|-resisted|p2a: Snorman\n|-damage|p2a: Snorman|30\/100\n|\n|t:|1642093853\n|switch|p1a: Deoxys|Deoxys-Defense|67\/100|[from]move: U-turn\n|-ability|p1a: Deoxys|Pressure\n|move|p2a: Snorman|Earthquake|p1a: Deoxys\n|-damage|p1a: Deoxys|25\/100\n|\n|upkeep\n|turn|53\n|\n|t:|1642093862\n|switch|p1a: Mienshao|Mienshao, M|75\/100\n|move|p2a: Snorman|U-turn|p1a: Mienshao\n|-resisted|p1a: Mienshao\n|-damage|p1a: Mienshao|53\/100\n|\n|t:|1642093870\n|switch|p2a: Dont say it|Vaporeon, F|2\/100|[from]move: U-turn\n|-damage|p2a: Dont say it|0 fnt|[from] Spikes\n|faint|p2a: Dont say it\n|\n|upkeep\n|\n|t:|1642093872\n|switch|p2a: Snorman|Landorus-Therian, M|30\/100\n|-ability|p2a: Snorman|Intimidate|boost\n|-unboost|p1a: Mienshao|atk|1\n|turn|54\n|j| Moose Gangoose\n|\n|t:|1642093880\n|move|p1a: Mienshao|U-turn|p2a: Snorman\n|-resisted|p2a: Snorman\n|-damage|p2a: Snorman|21\/100\n|\n|t:|1642093887\n|switch|p1a: Deoxys|Deoxys-Defense|25\/100|[from]move: U-turn\n|-ability|p1a: Deoxys|Pressure\n|move|p2a: Snorman|Stone Edge|p1a: Deoxys\n|-damage|p1a: Deoxys|0 fnt\n|faint|p1a: Deoxys\n|\n|upkeep\n|\n|t:|1642093894\n|switch|p1a: Slurpuff|Slurpuff, M|100\/100\n|turn|55\n|\n|t:|1642093898\n|move|p2a: Snorman|Earthquake|p1a: Slurpuff\n|-damage|p1a: Slurpuff|35\/100\n|-enditem|p1a: Slurpuff|Sitrus Berry|[eat]\n|-heal|p1a: Slurpuff|60\/100|[from] item: Sitrus Berry\n|move|p1a: Slurpuff|Calm Mind|p1a: Slurpuff\n|-boost|p1a: Slurpuff|spa|1\n|-boost|p1a: Slurpuff|spd|1\n|\n|upkeep\n|turn|56\n|\n|t:|1642093905\n|switch|p2a: Mosselman|Corsola-Galar, F|84\/100\n|-damage|p2a: Mosselman|59\/100|[from] Spikes\n|move|p1a: Slurpuff|Draining Kiss|p2a: Mosselman\n|-damage|p2a: Mosselman|43\/100\n|-heal|p1a: Slurpuff|70\/100|[from] drain|[of] p2a: Mosselman\n|\n|upkeep\n|turn|57\n|\n|t:|1642093911\n|move|p1a: Slurpuff|Calm Mind|p1a: Slurpuff\n|-boost|p1a: Slurpuff|spa|1\n|-boost|p1a: Slurpuff|spd|1\n|move|p2a: Mosselman|Haze|p2a: Mosselman\n|-clearallboost\n|\n|upkeep\n|turn|58\n|\n|t:|1642093922\n|switch|p1a: Mienshao|Mienshao, M|86\/100\n|move|p2a: Mosselman|Rest|p2a: Mosselman\n|-status|p2a: Mosselman|slp|[from] move: Rest\n|-heal|p2a: Mosselman|100\/100 slp|[silent]\n|\n|upkeep\n|turn|59\n|\n|t:|1642093929\n|switch|p2a: Treehugger|Ferrothorn, F|40\/100\n|-damage|p2a: Treehugger|15\/100|[from] Spikes\n|move|p1a: Mienshao|Knock Off|p2a: Treehugger\n|-damage|p2a: Treehugger|0 fnt\n|-damage|p1a: Mienshao|74\/100|[from] ability: Iron Barbs|[of] p2a: Treehugger\n|-enditem|p2a: Treehugger|Chople Berry|[from] move: Knock Off|[of] p1a: Mienshao\n|faint|p2a: Treehugger\n|\n|upkeep\n|\n|t:|1642093931\n|switch|p2a: Snorman|Landorus-Therian, M|21\/100\n|-ability|p2a: Snorman|Intimidate|boost\n|-unboost|p1a: Mienshao|atk|1\n|turn|60\n|\n|t:|1642093958\n|move|p1a: Mienshao|U-turn|p2a: Snorman\n|-resisted|p2a: Snorman\n|-damage|p2a: Snorman|13\/100\n|\n|t:|1642093960\n|switch|p1a: Slurpuff|Slurpuff, M|70\/100|[from]move: U-turn\n|move|p2a: Snorman|Rest|p2a: Snorman\n|-status|p2a: Snorman|slp|[from] move: Rest\n|-heal|p2a: Snorman|100\/100 slp|[silent]\n|\n|upkeep\n|turn|61\n|\n|t:|1642093965\n|cant|p2a: Snorman|slp\n|move|p1a: Slurpuff|Calm Mind|p1a: Slurpuff\n|-boost|p1a: Slurpuff|spa|1\n|-boost|p1a: Slurpuff|spd|1\n|\n|upkeep\n|turn|62\n|\n|t:|1642093974\n|switch|p2a: Mosselman|Corsola-Galar, F|100\/100 slp\n|-damage|p2a: Mosselman|75\/100 slp|[from] Spikes\n|move|p1a: Slurpuff|Calm Mind|p1a: Slurpuff\n|-boost|p1a: Slurpuff|spa|1\n|-boost|p1a: Slurpuff|spd|1\n|\n|upkeep\n|turn|63\n|\n|t:|1642093987\n|move|p1a: Slurpuff|Calm Mind|p1a: Slurpuff\n|-boost|p1a: Slurpuff|spa|1\n|-boost|p1a: Slurpuff|spd|1\n|cant|p2a: Mosselman|slp\n|move|p2a: Mosselman|Sleep Talk|p2a: Mosselman\n|move|p2a: Mosselman|Icy Wind|p1a: Slurpuff|[from]move: Sleep Talk\n|-damage|p1a: Slurpuff|65\/100\n|-unboost|p1a: Slurpuff|spe|1\n|\n|upkeep\n|turn|64\n|\n|t:|1642094038\n|move|p1a: Slurpuff|Draining Kiss|p2a: Mosselman\n|-damage|p2a: Mosselman|48\/100 slp\n|-heal|p1a: Slurpuff|84\/100|[from] drain|[of] p2a: Mosselman\n|cant|p2a: Mosselman|slp\n|move|p2a: Mosselman|Sleep Talk|p2a: Mosselman\n|move|p2a: Mosselman|Rest||[from]move: Sleep Talk|[still]\n|-fail|p2a: Mosselman\n|\n|upkeep\n|turn|65\n|\n|t:|1642094043\n|move|p1a: Slurpuff|Psychic|p2a: Mosselman\n|-damage|p2a: Mosselman|13\/100 slp\n|-curestatus|p2a: Mosselman|slp|[msg]\n|move|p2a: Mosselman|Haze|p2a: Mosselman\n|-clearallboost\n|\n|upkeep\n|turn|66\n|\n|t:|1642094053\n|move|p1a: Slurpuff|Psychic|p2a: Mosselman\n|-damage|p2a: Mosselman|0 fnt\n|faint|p2a: Mosselman\n|\n|upkeep\n|\n|t:|1642094056\n|switch|p2a: Snorman|Landorus-Therian, M|100\/100 slp\n|-ability|p2a: Snorman|Intimidate|boost\n|-unboost|p1a: Slurpuff|atk|1\n|turn|67\n|c|\u2606DjezzeMwoan|gg\n|\n|t:|1642094073\n|cant|p2a: Snorman|slp\n|move|p1a: Slurpuff|Calm Mind|p1a: Slurpuff\n|-boost|p1a: Slurpuff|spa|1\n|-boost|p1a: Slurpuff|spd|1\n|\n|upkeep\n|turn|68\n|\n|t:|1642094079\n|-curestatus|p2a: Snorman|slp|[msg]\n|move|p2a: Snorman|Stone Edge|p1a: Slurpuff\n|-damage|p1a: Slurpuff|40\/100\n|move|p1a: Slurpuff|Draining Kiss|p2a: Snorman\n|-damage|p2a: Snorman|60\/100\n|-heal|p1a: Slurpuff|67\/100|[from] drain|[of] p2a: Snorman\n|\n|upkeep\n|turn|69\n|\n|t:|1642094088\n|move|p2a: Snorman|Earthquake|p1a: Slurpuff\n|-damage|p1a: Slurpuff|11\/100\n|move|p1a: Slurpuff|Draining Kiss|p2a: Snorman\n|-damage|p2a: Snorman|21\/100\n|-heal|p1a: Slurpuff|37\/100|[from] drain|[of] p2a: Snorman\n|\n|upkeep\n|turn|70\n|\n|t:|1642094098\n|move|p2a: Snorman|Stone Edge|p1a: Slurpuff\n|-damage|p1a: Slurpuff|0 fnt\n|faint|p1a: Slurpuff\n|\n|upkeep\n|\n|t:|1642094101\n|switch|p1a: Mienshao|Mienshao, M|100\/100\n|turn|71\n|c|\u2606DjezzeMwoan|i dont think i can kiull you\n|c|\u2606DjezzeMwoan|and i have to eat dinner\n|c|\u2606DjezzeMwoan|so im not gonna pp stall\n|c|\u2606DjezzeMwoan|you can have the w\n|c|\u2606DjezzeMwoan|pls upload the replay on discord\n|-message|DjezzeMwoan forfeited.\n|\n|win|rufus623\n|l|\u2606DjezzeMwoan\n|c|\u2606rufus623|your team brought their glasses\n|c|\u2606rufus623|i had acro for the win btw\n","uploadtime":1642094153,"views":16,"p1id":"rufus623","p2id":"djezzemwoan","formatid":"gen8nationaldexdraft","rating":0,"private":0,"password":null}