{"id":"sports-gen8predlcnationaldlcdraft-149599","p1":"Shadowblast","p2":"geniusx","format":"gen8predlcnationaldlcdraft","log":"|j|\u2606Shadowblast\n|j|\u2606geniusx\n|t:|1598709611\n|player|p1|Shadowblast|2|\n|player|p2|geniusx|geniusx.gif|\n|teamsize|p1|6\n|teamsize|p2|6\n|gametype|singles\n|gen|8\n|tier|[Gen 8] Pre-DLC National DLC Draft\n|rule|Sleep Clause Mod: Limit one foe put to sleep\n|rule|OHKO Clause: OHKO moves are banned\n|rule|Evasion Moves Clause: Evasion moves are banned\n|rule|Endless Battle Clause: Forcing endless battles is banned\n|rule|HP Percentage Mod: HP is shown in percentages\n|clearpoke\n|poke|p1|Landorus, M|\n|poke|p1|Blacephalon|\n|poke|p1|Muk-Alola, F|\n|poke|p1|Druddigon, M|\n|poke|p1|Tapu Fini|\n|poke|p1|Aerodactyl, F|\n|poke|p2|Victini|\n|poke|p2|Tapu Bulu|\n|poke|p2|Skarmory, M|\n|poke|p2|Slowbro, F|\n|poke|p2|Nidoqueen, F|\n|poke|p2|Zeraora|\n|rule|Dynamax Clause: You cannot dynamax\n|teampreview\n|html|<button name=\"send\" class=\"button\" value=\"\/timer ds\"><i class=\"fa fa-hourglass-start\"><\/i> DS Timer<\/button> <button name=\"send\" class=\"button\" value=\"\/timer smogon\"><i class=\"fa fa-hourglass-start\"><\/i> Smogon Timer<\/button>\n|c|\u2606Shadowblast|hf\n|c|\u2606geniusx|hf\n|j|%mayoouran\n|j|%lapis lazi\n|inactive|Battle timer is ON: inactive players will automatically lose when time's up. (requested by geniusx)\n|\n|t:|1598709636\n|start\n|switch|p1a: Tapu Fini|Tapu Fini|100\/100\n|switch|p2a: Victini|Victini|100\/100\n|-fieldstart|move: Misty Terrain|[from] ability: Misty Surge|[of] p1a: Tapu Fini\n|turn|1\n|j| joint34\n|inactive|Shadowblast has 90 seconds left.\n|\n|t:|1598709652\n|switch|p1a: Druddigon|Druddigon, M|100\/100\n|move|p2a: Victini|Final Gambit|p1a: Druddigon\n|-damage|p1a: Druddigon|0 fnt\n|faint|p2a: Victini\n|faint|p1a: Druddigon\n|\n|upkeep\n|j| it i2 what it i2\n|c|%mayoouran|.....\n|inactive|Shadowblast has 90 seconds left.\n|inactive|geniusx has 90 seconds left.\n|j| BatonMash\n|j| xJustiPro\n|inactiveoff|Battle timer is now OFF.\n|inactive|Battle timer is ON: inactive players will automatically lose when time's up. (requested by geniusx)\n|c| BatonMash|bruh\n|j|%Turkehy\n|\n|t:|1598709702\n|switch|p2a: Slowbro|Slowbro, F|100\/100\n|switch|p1a: Tapu Fini|Tapu Fini|100\/100\n|turn|2\n|\n|t:|1598709712\n|move|p1a: Tapu Fini|Taunt|p2a: Slowbro\n|-start|p2a: Slowbro|move: Taunt\n|cant|p2a: Slowbro|move: Taunt|Teleport\n|\n|upkeep\n|turn|3\n|\n|t:|1598709731\n|move|p1a: Tapu Fini|Moonblast|p2a: Slowbro\n|-damage|p2a: Slowbro|59\/100\n|-unboost|p2a: Slowbro|spa|1\n|-damage|p1a: Tapu Fini|91\/100|[from] item: Life Orb\n|move|p2a: Slowbro|Future Sight|p1a: Tapu Fini\n|-start|p2a: Slowbro|move: Future Sight\n|\n|upkeep\n|turn|4\n|inactive|geniusx has 270 seconds left.\n|\n|t:|1598709783\n|switch|p2a: Skarmory|Skarmory, M|100\/100\n|move|p1a: Tapu Fini|Moonblast|p2a: Skarmory\n|-resisted|p2a: Skarmory\n|-damage|p2a: Skarmory|64\/100\n|-damage|p1a: Tapu Fini|81\/100|[from] item: Life Orb\n|\n|upkeep\n|turn|5\n|j|%Hikertoad\n|inactive|geniusx has 240 seconds left.\n|\n|t:|1598709802\n|switch|p1a: Muk|Muk-Alola, F|100\/100\n|switch|p2a: Slowbro|Slowbro, F|92\/100\n|\n|-end|p1a: Muk|move: Future Sight\n|-immune|p1a: Muk\n|-fieldend|Misty Terrain\n|upkeep\n|turn|6\n|\n|t:|1598709814\n|move|p1a: Muk|Poison Fang|p2a: Slowbro\n|-damage|p2a: Slowbro|80\/100\n|-status|p2a: Slowbro|tox\n|move|p2a: Slowbro|Teleport|p2a: Slowbro\n|\n|t:|1598709818\n|switch|p2a: Nidoqueen|Nidoqueen, F|100\/100|[from]move: Teleport\n|\n|upkeep\n|turn|7\n|\n|t:|1598709821\n|switch|p1a: Aerodactyl|Aerodactyl, F|100\/100\n|move|p2a: Nidoqueen|Stealth Rock|p1a: Aerodactyl\n|-sidestart|p1: Shadowblast|move: Stealth Rock\n|\n|upkeep\n|turn|8\n|c|%mayoouran|gg\n|\n|t:|1598709832\n|switch|p2a: Skarmory|Skarmory, M|64\/100\n|detailschange|p1a: Aerodactyl|Aerodactyl-Mega, F\n|-mega|p1a: Aerodactyl|Aerodactyl|Aerodactylite\n|move|p1a: Aerodactyl|Defog|p2a: Skarmory\n|-unboost|p2a: Skarmory|evasion|1\n|-sideend|p1: Shadowblast|Stealth Rock|[from] move: Defog|[of] p1a: Aerodactyl\n|\n|upkeep\n|turn|9\n|inactive|geniusx has 240 seconds left.\n|j| IronFlashGaming\n|inactive|Shadowblast has 270 seconds left.\n|inactive|geniusx has 210 seconds left.\n|inactive|Shadowblast has 240 seconds left.\n|\n|t:|1598709913\n|switch|p1a: Tapu Fini|Tapu Fini|81\/100\n|-fieldstart|move: Misty Terrain|[from] ability: Misty Surge|[of] p1a: Tapu Fini\n|switch|p2a: Slowbro|Slowbro, F|100\/100 tox\n|\n|-damage|p2a: Slowbro|94\/100 tox|[from] psn\n|upkeep\n|turn|10\n|inactive|Shadowblast has 240 seconds left.\n|j| Jeremy D Goat\n|\n|t:|1598709922\n|move|p1a: Tapu Fini|Moonblast|p2a: Slowbro\n|-damage|p2a: Slowbro|54\/100 tox\n|-damage|p1a: Tapu Fini|71\/100|[from] item: Life Orb\n|move|p2a: Slowbro|Teleport|p2a: Slowbro\n|\n|t:|1598709924\n|switch|p2a: Tapu Bulu|Tapu Bulu|100\/100|[from]move: Teleport\n|-fieldstart|move: Grassy Terrain|[from] ability: Grassy Surge|[of] p2a: Tapu Bulu\n|\n|-heal|p1a: Tapu Fini|77\/100|[from] Grassy Terrain\n|upkeep\n|turn|11\n|\n|t:|1598709931\n|switch|p1a: Muk|Muk-Alola, F|100\/100\n|move|p2a: Tapu Bulu|Substitute|p2a: Tapu Bulu\n|-start|p2a: Tapu Bulu|Substitute\n|-damage|p2a: Tapu Bulu|76\/100\n|\n|-heal|p2a: Tapu Bulu|82\/100|[from] Grassy Terrain\n|upkeep\n|turn|12\n|l| IronFlashGaming\n|\n|t:|1598709935\n|move|p2a: Tapu Bulu|High Horsepower|p1a: Muk\n|-supereffective|p1a: Muk\n|-damage|p1a: Muk|44\/100\n|move|p1a: Muk|Poison Fang|p2a: Tapu Bulu\n|-supereffective|p2a: Tapu Bulu\n|-end|p2a: Tapu Bulu|Substitute\n|\n|-heal|p2a: Tapu Bulu|88\/100|[from] Grassy Terrain\n|-heal|p1a: Muk|50\/100|[from] item: Black Sludge\n|-heal|p1a: Muk|56\/100|[from] Grassy Terrain\n|upkeep\n|turn|13\n|inactive|Shadowblast has 270 seconds left.\n|inactive|geniusx has 210 seconds left.\n|n| Jeremy D Goat|jeremydgoat\n|inactive|Shadowblast has 240 seconds left.\n|\n|t:|1598709988\n|move|p2a: Tapu Bulu|Substitute|p2a: Tapu Bulu\n|-start|p2a: Tapu Bulu|Substitute\n|-damage|p2a: Tapu Bulu|63\/100\n|move|p1a: Muk|Poison Fang|p2a: Tapu Bulu\n|-supereffective|p2a: Tapu Bulu\n|-end|p2a: Tapu Bulu|Substitute\n|\n|-heal|p2a: Tapu Bulu|69\/100|[from] Grassy Terrain\n|-heal|p1a: Muk|62\/100|[from] item: Black Sludge\n|-heal|p1a: Muk|68\/100|[from] Grassy Terrain\n|upkeep\n|turn|14\n|j|&Miocchi\n|inactive|Shadowblast has 210 seconds left.\n|inactive|geniusx has 180 seconds left.\n|j| IronFlashGaming\n|inactive|Shadowblast has 180 seconds left.\n|\n|t:|1598710066\n|move|p2a: Tapu Bulu|Substitute|p2a: Tapu Bulu\n|-start|p2a: Tapu Bulu|Substitute\n|-damage|p2a: Tapu Bulu|45\/100\n|move|p1a: Muk|Knock Off|p2a: Tapu Bulu\n|-resisted|p2a: Tapu Bulu\n|-activate|p2a: Tapu Bulu|move: Substitute|[damage]\n|\n|-heal|p2a: Tapu Bulu|51\/100|[from] Grassy Terrain\n|-heal|p1a: Muk|74\/100|[from] item: Black Sludge\n|-heal|p1a: Muk|80\/100|[from] Grassy Terrain\n|-fieldend|move: Grassy Terrain\n|upkeep\n|turn|15\n|\n|t:|1598710073\n|move|p2a: Tapu Bulu|High Horsepower|p1a: Muk\n|-supereffective|p1a: Muk\n|-damage|p1a: Muk|26\/100\n|move|p1a: Muk|Poison Fang|p2a: Tapu Bulu\n|-supereffective|p2a: Tapu Bulu\n|-end|p2a: Tapu Bulu|Substitute\n|\n|-heal|p1a: Muk|32\/100|[from] item: Black Sludge\n|upkeep\n|turn|16\n|\n|t:|1598710084\n|move|p2a: Tapu Bulu|High Horsepower|p1a: Muk\n|-supereffective|p1a: Muk\n|-damage|p1a: Muk|0 fnt\n|faint|p1a: Muk\n|\n|upkeep\n|inactive|Shadowblast has 150 seconds left.\n|j| flamecrusader\n|l| flamecrusader\n|inactive|Shadowblast has 120 seconds left.\n|inactive|Shadowblast has 90 seconds left.\n|j| deez streetz w\n|\n|t:|1598710185\n|switch|p1a: Tapu Fini|Tapu Fini|77\/100\n|-fieldstart|move: Misty Terrain|[from] ability: Misty Surge|[of] p1a: Tapu Fini\n|turn|17\n|inactive|geniusx has 180 seconds left.\n|inactive|geniusx has 150 seconds left.\n|l| deez streetz w\n|inactive|geniusx has 120 seconds left.\n|j| deez streetz w\n|\n|t:|1598710256\n|switch|p2a: Skarmory|Skarmory, M|64\/100\n|move|p1a: Tapu Fini|Moonblast|p2a: Skarmory\n|-resisted|p2a: Skarmory\n|-damage|p2a: Skarmory|31\/100\n|-damage|p1a: Tapu Fini|67\/100|[from] item: Life Orb\n|\n|upkeep\n|turn|18\n|inactive|Shadowblast has 90 seconds left.\n|inactive|geniusx has 120 seconds left.\n|\n|t:|1598710270\n|move|p1a: Tapu Fini|Moonblast|p2a: Skarmory\n|-resisted|p2a: Skarmory\n|-damage|p2a: Skarmory|0 fnt\n|-damage|p1a: Tapu Fini|57\/100|[from] item: Life Orb\n|faint|p2a: Skarmory\n|\n|upkeep\n|\n|t:|1598710280\n|switch|p2a: Slowbro|Slowbro, F|88\/100 tox\n|turn|19\n|\n|t:|1598710285\n|move|p1a: Tapu Fini|Taunt|p2a: Slowbro\n|-start|p2a: Slowbro|move: Taunt\n|move|p2a: Slowbro|Future Sight|p1a: Tapu Fini\n|-start|p2a: Slowbro|move: Future Sight\n|\n|-damage|p2a: Slowbro|82\/100 tox|[from] psn\n|upkeep\n|turn|20\n|inactive|geniusx has 120 seconds left.\n|inactive|geniusx has 90 seconds left.\n|\n|t:|1598710347\n|switch|p2a: Tapu Bulu|Tapu Bulu|51\/100\n|-fieldstart|move: Grassy Terrain|[from] ability: Grassy Surge|[of] p2a: Tapu Bulu\n|move|p1a: Tapu Fini|Moonblast|p2a: Tapu Bulu\n|-damage|p2a: Tapu Bulu|0 fnt\n|-damage|p1a: Tapu Fini|47\/100|[from] item: Life Orb\n|faint|p2a: Tapu Bulu\n|\n|-heal|p1a: Tapu Fini|53\/100|[from] Grassy Terrain\n|upkeep\n|\n|t:|1598710351\n|switch|p2a: Zeraora|Zeraora|100\/100\n|turn|21\n|inactive|Shadowblast has 120 seconds left.\n|inactive|geniusx has 60 seconds left.\n|c| xJustiPro|gayo\n|\n|t:|1598710381\n|switch|p1a: Aerodactyl|Aerodactyl-Mega, F|100\/100\n|move|p2a: Zeraora|Plasma Fists|p1a: Aerodactyl\n|-supereffective|p1a: Aerodactyl\n|-damage|p1a: Aerodactyl|0 fnt\n|-fieldactivate|move: Ion Deluge\n|faint|p1a: Aerodactyl\n|\n|-hint|Future Sight did not hit because the target is the user.\n|upkeep\n|\n|t:|1598710386\n|switch|p1a: Landorus|Landorus, M|100\/100\n|turn|22\n|j| Abbychi\n|l| IronFlashGaming\n|inactive|geniusx has 60 seconds left.\n|j| IronFlashGaming\n|\n|t:|1598710413\n|switch|p2a: Slowbro|Slowbro, F|100\/100 tox\n|move|p1a: Landorus|Earth Power|p2a: Slowbro\n|-damage|p2a: Slowbro|43\/100 tox\n|\n|-heal|p2a: Slowbro|49\/100 tox|[from] Grassy Terrain\n|-damage|p2a: Slowbro|43\/100 tox|[from] psn\n|upkeep\n|turn|23\n|j| jackUU96\n|j| Rinnegan frs\n|inactive|geniusx has 30 seconds left.\n|l| Rinnegan frs\n|inactive|Shadowblast has 90 seconds left.\n|inactive|geniusx has 20 seconds left.\n|inactive|geniusx has 15 seconds left.\n|\n|t:|1598710463\n|detailschange|p2a: Slowbro|Slowbro-Mega, F\n|-mega|p2a: Slowbro|Slowbro|Slowbronite\n|move|p1a: Landorus|Earth Power|p2a: Slowbro\n|-damage|p2a: Slowbro|0 fnt\n|faint|p2a: Slowbro\n|\n|upkeep\n|inactive|geniusx has 20 seconds left this turn.\n|inactive|geniusx has 15 seconds left.\n|\n|t:|1598710472\n|switch|p2a: Nidoqueen|Nidoqueen, F|100\/100\n|turn|24\n|inactive|geniusx has 25 seconds left this turn.\n|inactive|geniusx has 20 seconds left.\n|inactive|geniusx has 15 seconds left.\n|\n|t:|1598710482\n|switch|p1a: Tapu Fini|Tapu Fini|53\/100\n|-fieldstart|move: Misty Terrain|[from] ability: Misty Surge|[of] p1a: Tapu Fini\n|move|p2a: Nidoqueen|Sucker Punch||[still]\n|-fail|p2a: Nidoqueen\n|\n|upkeep\n|turn|25\n|inactive|geniusx has 25 seconds left this turn.\n|inactive|geniusx has 20 seconds left.\n|inactive|geniusx has 15 seconds left.\n|\n|t:|1598710497\n|move|p1a: Tapu Fini|Hydro Pump|p2a: Nidoqueen\n|-supereffective|p2a: Nidoqueen\n|-damage|p2a: Nidoqueen|9\/100\n|-damage|p1a: Tapu Fini|43\/100|[from] item: Life Orb\n|move|p2a: Nidoqueen|Stealth Rock|p1a: Tapu Fini\n|-sidestart|p1: Shadowblast|move: Stealth Rock\n|\n|-heal|p2a: Nidoqueen|15\/100|[from] item: Black Sludge\n|upkeep\n|turn|26\n|inactive|geniusx has 25 seconds left this turn.\n|inactive|geniusx has 20 seconds left.\n|inactive|geniusx has 15 seconds left.\n|j| LT74PF Rinn\n|inactive|geniusx has 10 seconds left.\n|inactive|Shadowblast has 90 seconds left.\n|c| LT74PF Rinn|damn\n|inactive|Shadowblast has 60 seconds left.\n|\n|t:|1598710555\n|switch|p2a: Zeraora|Zeraora|100\/100\n|-enditem|p2a: Zeraora|Misty Seed\n|-boost|p2a: Zeraora|spd|1|[from] item: Misty Seed\n|move|p1a: Tapu Fini|Moonblast|p2a: Zeraora\n|-damage|p2a: Zeraora|64\/100\n|-damage|p1a: Tapu Fini|33\/100|[from] item: Life Orb\n|\n|upkeep\n|turn|27\n|inactive|geniusx has 20 seconds left this turn.\n|inactive|geniusx has 15 seconds left.\n|inactive|Shadowblast has 60 seconds left.\n|inactive|geniusx has 10 seconds left.\n|\n|t:|1598710570\n|move|p2a: Zeraora|Bulk Up|p2a: Zeraora\n|-boost|p2a: Zeraora|atk|1\n|-boost|p2a: Zeraora|def|1\n|move|p1a: Tapu Fini|Moonblast|p2a: Zeraora\n|-damage|p2a: Zeraora|28\/100\n|-damage|p1a: Tapu Fini|23\/100|[from] item: Life Orb\n|\n|upkeep\n|turn|28\n|inactive|geniusx has 20 seconds left this turn.\n|\n|t:|1598710574\n|move|p2a: Zeraora|Acrobatics|p1a: Tapu Fini\n|-damage|p1a: Tapu Fini|0 fnt\n|faint|p1a: Tapu Fini\n|\n|-fieldend|Misty Terrain\n|upkeep\n|inactive|geniusx has 25 seconds left this turn.\n|inactive|Shadowblast has 60 seconds left.\n|\n|t:|1598710599\n|switch|p1a: Blacephalon|Blacephalon|100\/100\n|-damage|p1a: Blacephalon|76\/100|[from] Stealth Rock\n|turn|29\n|\n|t:|1598710604\n|move|p1a: Blacephalon|Flamethrower|p2a: Zeraora\n|-damage|p2a: Zeraora|0 fnt\n|faint|p2a: Zeraora\n|-ability|p1a: Blacephalon|Beast Boost|boost\n|-boost|p1a: Blacephalon|spa|1\n|\n|upkeep\n|c|\u2606geniusx|gg\n|\n|t:|1598710606\n|switch|p2a: Nidoqueen|Nidoqueen, F|15\/100\n|turn|30\n|c|\u2606Shadowblast|gg\n|\n|t:|1598710608\n|move|p2a: Nidoqueen|Sucker Punch|p1a: Blacephalon\n|-supereffective|p1a: Blacephalon\n|-damage|p1a: Blacephalon|0 fnt\n|faint|p1a: Blacephalon\n|\n|-heal|p2a: Nidoqueen|21\/100|[from] item: Black Sludge\n|upkeep\n|l| deez streetz w\n|\n|t:|1598710610\n|switch|p1a: Landorus|Landorus, M|100\/100\n|-damage|p1a: Landorus|88\/100|[from] Stealth Rock\n|turn|31\n|c|\u2606geniusx|i choked this\n|c|%mayoouran|gggs\n|inactive|geniusx has 60 seconds left.\n|\n|t:|1598710618\n|move|p2a: Nidoqueen|Sucker Punch|p1a: Landorus\n|-damage|p1a: Landorus|70\/100\n|move|p1a: Landorus|Earth Power|p2a: Nidoqueen\n|-supereffective|p2a: Nidoqueen\n|-damage|p2a: Nidoqueen|0 fnt\n|faint|p2a: Nidoqueen\n|\n|win|Shadowblast\n|l| BatonMash\n|l| jackUU96\n","uploadtime":1598710625,"views":273,"p1id":"shadowblast","p2id":"geniusx","formatid":"gen8predlcnationaldlcdraft","rating":0,"private":0,"password":null}