{"id":"uberssuspecttest-147833524","p1":"Metal Brellow","p2":"zig100","format":"uberssuspecttest","log":"|join|Metal Brellow\n|join|zig100\n|player|p1|Metal Brellow|30\n|player|p2|zig100|78\n|gametype|singles\n|gen|6\n|tier|Ubers (suspect test)\n|rated\n|rule|Swagger Clause: Swagger is banned\n|clearpoke\n|poke|p1|Scolipede, M\n|poke|p1|Mew\n|poke|p1|Smeargle, M\n|poke|p1|Espeon, M\n|poke|p1|Mr. Mime, F\n|poke|p1|Sylveon, F\n|poke|p2|Tyranitar, M\n|poke|p2|Aegislash, F\n|poke|p2|Arceus-*\n|poke|p2|Mewtwo, shiny\n|poke|p2|Malamar, F\n|poke|p2|Excadrill, M\n|rule|Sleep Clause Mod: Limit one foe put to sleep\n|rule|Species Clause: Limit one of each Pok\u00e9mon\n|rule|Moody Clause: Moody is banned\n|rule|OHKO Clause: OHKO moves are banned\n|rule|Endless Battle Clause: Forcing endless battles is banned\n|rule|HP Percentage Mod: HP is reported as percentages\n|teampreview\n|join|Admiral Arcanine\n|\n|start\n|switch|p1a: Scolipede|Scolipede, M|311\/311\n|switch|p2a: Arceus|Arceus|382\/382\n|turn|1\n|\n|move|p2a: Arceus|Swords Dance|p2a: Arceus\n|-boost|p2a: Arceus|atk|2\n|move|p1a: Scolipede|Iron Defense|p1a: Scolipede\n|-boost|p1a: Scolipede|def|2\n|\n|-boost|p1a: Scolipede|spe|1|[from] ability: Speed Boost\n|turn|2\n|\n|move|p2a: Arceus|Extreme Speed|p1a: Scolipede\n|-damage|p1a: Scolipede|133\/311\n|move|p1a: Scolipede|Iron Defense|p1a: Scolipede\n|-boost|p1a: Scolipede|def|2\n|\n|-boost|p1a: Scolipede|spe|1|[from] ability: Speed Boost\n|turn|3\n|\n|move|p2a: Arceus|Extreme Speed|p1a: Scolipede\n|-damage|p1a: Scolipede|27\/311\n|move|p1a: Scolipede|Baton Pass|p1a: Scolipede\n|\n|switch|p1a: Mew|Mew|404\/404\n|\n|turn|4\n|\n|move|p1a: Mew|Amnesia|p1a: Mew\n|-boost|p1a: Mew|spd|2\n|move|p2a: Arceus|Shadow Claw|p1a: Mew\n|-supereffective|p1a: Mew\n|-damage|p1a: Mew|296\/404\n|-enditem|p1a: Mew|Red Card|[of] p2a: Arceus\n|drag|p2a: Hi Genesect|Aegislash, F|273\/273\n|\n|turn|5\n|\n|move|p1a: Mew|Baton Pass|p1a: Mew\n|\n|switch|p1a: Smeargle|Smeargle, M|291\/291\n|-formechange|p2a: Hi Genesect|Aegislash-Blade\n|move|p2a: Hi Genesect|Shadow Ball|p1a: Smeargle\n|-immune|p1a: Smeargle|[msg]\n|\n|turn|6\n|\n|switch|p2a: Malamar|Malamar, F|313\/313\n|move|p1a: Smeargle|Minimize|p1a: Smeargle\n|-boost|p1a: Smeargle|evasion|2\n|\n|turn|7\n|\n|move|p1a: Smeargle|Spore|p2a: Malamar\n|-status|p2a: Malamar|slp\n|-enditem|p2a: Malamar|Lum Berry|[eat]\n|-curestatus|p2a: Malamar|slp\n|move|p2a: Malamar|Topsy-Turvy|p1a: Smeargle\n|-invertboost|p1a: Smeargle|[from] move: Topsy-turvy\n|\n|turn|8\n|chat|zig100|get rekt\n|chat|Admiral Arcanine|That is nothing short of absolutely hilarious.\n|\n|move|p2a: Malamar|Superpower|p1a: Smeargle\n|-supereffective|p1a: Smeargle\n|-enditem|p1a: Smeargle|Focus Sash\n|-damage|p1a: Smeargle|1\/291\n|-boost|p2a: Malamar|atk|1\n|-boost|p2a: Malamar|def|1\n|move|p1a: Smeargle|Heart Swap|p2a: Malamar\n|-swapboost|p1a: Smeargle|p2a: Malamar|[from] move: Heart Swap\n|\n|turn|9\n|chat|zig100|Thank you :)\n|chat|zig100|LOOOOOL\n|chat|zig100|im done\n|chat|Admiral Arcanine|Even funnier\n|\n|move|p1a: Smeargle|Baton Pass|p1a: Smeargle\n|\n|switch|p1a: Espeon|Espeon, M|334\/334\n|move|p2a: Malamar|Topsy-Turvy|p1a: Espeon\n|move|p1a: Espeon|Topsy-Turvy|p2a: Malamar|[from]Magic Bounce\n|-invertboost|p2a: Malamar|[from] move: Topsy-turvy\n|\n|turn|10\n|chat|zig100|Haha too easy to anticipate though\n|chat|Metal Brellow|a;lkfndakljfndlckandcalkncad;kcac\n|chat|zig100|GASP\n|chat|Metal Brellow|aaaaaaaaaaaaaaaaaaaaah\n|chat|zig100|LOOOOOOL\n|chat|zig100|I'm fuckin dyin here\n|chat|Metal Brellow|I'm extra dead\n|chat|Admiral Arcanine|There are no words\n|chat|Metal Brellow|omfg\n|chat|Metal Brellow|its over\n|chat|zig100|Never seen so many stat messing moves in one game\n|chat|zig100|gg\n|chat|Metal Brellow|I forgot how topsy turvy works for a split second\n|chat|zig100|yeah, I didn't know there was anything that reflected it either O.o\n|\n|move|p2a: Malamar|Night Slash|p1a: Espeon\n|-supereffective|p1a: Espeon\n|-damage|p1a: Espeon|98\/334\n|move|p1a: Espeon|Baton Pass|p1a: Espeon\n|chat|Admiral Arcanine|And this is why I enjoy spectating ubers games. they're hilarious.\n|chat|zig100|NU my ass, I friggin love malamar\n|\n|switch|p1a: Sylveon|Sylveon, F|394\/394\n|\n|turn|11\n|chat|Admiral Arcanine|NU doesn't mean bad.\n|chat|zig100|yeah\n|chat|Admiral Arcanine|Just means it's not used that much.\n|chat|zig100|true\n|\n|move|p2a: Malamar|Topsy-Turvy|p1a: Sylveon\n|-invertboost|p1a: Sylveon|[from] move: Topsy-turvy\n|move|p1a: Sylveon|Hyper Voice|p2a: Malamar\n|-miss|p1a: Sylveon|p2a: Malamar\n|\n|turn|12\n|\n|move|p2a: Malamar|Superpower|p1a: Sylveon\n|-resisted|p1a: Sylveon\n|-damage|p1a: Sylveon|270\/394\n|-boost|p2a: Malamar|atk|1\n|-boost|p2a: Malamar|def|1\n|move|p1a: Sylveon|Hyper Voice|p2a: Malamar\n|-supereffective|p2a: Malamar\n|-damage|p2a: Malamar|119\/313\n|\n|-heal|p1a: Sylveon|294\/394|[from] item: Leftovers\n|turn|13\n|\n|move|p2a: Malamar|Superpower|p1a: Sylveon\n|-resisted|p1a: Sylveon\n|-damage|p1a: Sylveon|104\/394\n|-boost|p2a: Malamar|atk|1\n|-boost|p2a: Malamar|def|1\n|move|p1a: Sylveon|Hyper Voice|p2a: Malamar\n|-supereffective|p2a: Malamar\n|-damage|p2a: Malamar|0 fnt\n|faint|p2a: Malamar\n|\n|-heal|p1a: Sylveon|128\/394|[from] item: Leftovers\n|\n|switch|p2a: Arceus|Arceus|382\/382\n|turn|14\n|\n|switch|p1a: Smeargle|Smeargle, M|1\/291\n|move|p2a: Arceus|Swords Dance|p2a: Arceus\n|-boost|p2a: Arceus|atk|2\n|\n|turn|15\n|chat|zig100|never seen heart swap before\n|\n|move|p2a: Arceus|Extreme Speed|p1a: Smeargle\n|-damage|p1a: Smeargle|0 fnt\n|faint|p1a: Smeargle\n|\n|chat|Metal Brellow|shrecked\n|chat|Metal Brellow|nice team\n|\n|switch|p1a: Scolipede|Scolipede, M|27\/311\n|turn|16\n|chat|Admiral Arcanine|60% accurate hyper voice and he hit two of them on you\n|chat|zig100|ty\n|chat|zig100|oh, is it only 60%?\n|chat|Admiral Arcanine|with the evasion\n|chat|zig100|right\n|\n|move|p2a: Arceus|Extreme Speed|p1a: Scolipede\n|-damage|p1a: Scolipede|0 fnt\n|faint|p1a: Scolipede\n|\n|chat|Metal Brellow|I thought it was 75 at level 2\n|chat|zig100|what are the numbers for the evasion levels? Inverse of the evasion?\n|chat|Admiral Arcanine|Maybe I just did my math wrong\n|chat|Metal Brellow|because at x2.33 its 50% chance\n|\n|switch|p1a: Mew|Mew|296\/404\n|turn|17\n|\n|move|p2a: Arceus|Extreme Speed|p1a: Mew\n|-damage|p1a: Mew|0 fnt\n|faint|p1a: Mew\n|\n|chat|Admiral Arcanine|Yeah I just miscalculated\n|\n|switch|p1a: Sylveon|Sylveon, F|128\/394\n|turn|18\n|chat|zig100|I would think 75%\n|\n|move|p2a: Arceus|Extreme Speed|p1a: Sylveon\n|-damage|p1a: Sylveon|0 fnt\n|faint|p1a: Sylveon\n|\n|chat|Metal Brellow|Hitting a hypervoice twice is like hitting thunder without rain twice\n|chat|zig100|My instinct would be the inverse of the evasion level is the hit chance, don't actually know\n|\n|switch|p1a: Mr. Mime|Mr. Mime, F|284\/284\n|turn|19\n|\n|move|p2a: Arceus|Extreme Speed|p1a: Mr. Mime\n|-damage|p1a: Mr. Mime|0 fnt\n|faint|p1a: Mr. Mime\n|\n|\n|switch|p1a: Espeon|Espeon, M|98\/334\n|turn|20\n|\n|move|p2a: Arceus|Extreme Speed|p1a: Espeon\n|-crit|p1a: Espeon\n|-damage|p1a: Espeon|0 fnt\n|faint|p1a: Espeon\n|\n|win|zig100\n|raw|Ladder updating...\n|chat|zig100|gg\n|raw|Metal Brellow's rating: 1471 &rarr; <strong>1440<\/strong><br \/>(-31 for losing)\n|raw|zig100's rating: 1257 &rarr; <strong>1295<\/strong><br \/>(+38 for winning)\n|chat|zig100|so funny\n|leave|Admiral Arcanine\n|chat|Metal Brellow|:\/ gg","inputlog":null,"uploadtime":1407003022,"views":974,"p1id":"metalbrellow","p2id":"zig100","formatid":"uberssuspecttest","rating":1295,"private":0,"password":null}