{"id":"ubers-251184741","p1":"The Teal Scizor","p2":"Afonso2","format":"ubers","log":"|join|The Teal Scizor\n|join|Afonso2\n|player|p1|The Teal Scizor|270\n|player|p2|Afonso2|265\n|gametype|singles\n|gen|6\n|tier|Ubers\n|rule|Swagger Clause: Swagger is banned\n|clearpoke\n|poke|p1|Greninja, M\n|poke|p1|Slowbro, M, shiny\n|poke|p1|Mantine, F\n|poke|p1|Feraligatr, M, shiny\n|poke|p1|Swampert, F\n|poke|p1|Gyarados, F, shiny\n|poke|p2|Aerodactyl, F\n|poke|p2|Crobat, F\n|poke|p2|Gyarados, F\n|poke|p2|Gliscor, F\n|poke|p2|Jumpluff, F\n|poke|p2|Talonflame, F\n|rule|Mega Rayquaza Clause: You cannot mega evolve Rayquaza\n|rule|Sleep Clause Mod: Limit one foe put to sleep\n|rule|Species Clause: Limit one of each Pok\u00e9mon\n|rule|OHKO Clause: OHKO moves are banned\n|rule|Moody Clause: Moody is banned\n|rule|Evasion Moves Clause: Evasion moves are banned\n|rule|Endless Battle Clause: Forcing endless battles is banned\n|rule|HP Percentage Mod: HP is shown in percentages\n|teampreview\n|c|\u2605Afonso2|Or yveal\n|\n|start\n|switch|p1a: Niagara|Swampert, F|404\/404\n|switch|p2a: Talonflame|Talonflame, F|297\/297\n|turn|1\n|\n|move|p2a: Talonflame|Swords Dance|p2a: Talonflame\n|-boost|p2a: Talonflame|atk|2\n|move|p1a: Niagara|Yawn|p2a: Talonflame\n|-start|p2a: Talonflame|move: Yawn|[of] p1a: Niagara\n|\n|turn|2\n|\n|switch|p2a: Jumpluff|Jumpluff, F|328\/328\n|move|p1a: Niagara|Stealth Rock|p2a: Jumpluff\n|-sidestart|p2: Afonso2|move: Stealth Rock\n|\n|turn|3\n|\n|switch|p1a: yung kyogre|Mantine, F|334\/334\n|move|p2a: Jumpluff|Energy Ball|p1a: yung kyogre\n|-damage|p1a: yung kyogre|297\/334\n|\n|-heal|p1a: yung kyogre|317\/334|[from] item: Leftovers\n|turn|4\n|c|\u2605Afonso2|Misclivk :(\n|\n|move|p2a: Jumpluff|Leech Seed|p1a: yung kyogre\n|-start|p1a: yung kyogre|move: Leech Seed\n|move|p1a: yung kyogre|Air Slash|p2a: Jumpluff\n|-supereffective|p2a: Jumpluff\n|-damage|p2a: Jumpluff|220\/328\n|\n|-heal|p2a: Jumpluff|240\/328|[from] item: Leftovers\n|-heal|p1a: yung kyogre|334\/334|[from] item: Leftovers\n|-damage|p1a: yung kyogre|293\/334|[from] Leech Seed|[of] p2a: Jumpluff\n|-heal|p2a: Jumpluff|281\/328|[silent]\n|turn|5\n|\n|move|p2a: Jumpluff|Energy Ball|p1a: yung kyogre\n|-damage|p1a: yung kyogre|257\/334\n|move|p1a: yung kyogre|Toxic|p2a: Jumpluff\n|-status|p2a: Jumpluff|tox\n|\n|-heal|p2a: Jumpluff|301\/328 tox|[from] item: Leftovers\n|-heal|p1a: yung kyogre|277\/334|[from] item: Leftovers\n|-damage|p1a: yung kyogre|236\/334|[from] Leech Seed|[of] p2a: Jumpluff\n|-heal|p2a: Jumpluff|328\/328 tox|[silent]\n|-damage|p2a: Jumpluff|308\/328 tox|[from] psn\n|turn|6\n|\n|switch|p1a: Garnet|Gyarados, F, shiny|331\/331\n|-ability|p1a: Garnet|Intimidate|[of] p2a: Jumpluff\n|-unboost|p2a: Jumpluff|atk|1\n|move|p2a: Jumpluff|Aromatherapy|p2a: Jumpluff\n|-cureteam|p2a: Jumpluff|[from] move: Aromatherapy\n|\n|-heal|p2a: Jumpluff|328\/328|[from] item: Leftovers\n|turn|7\n|\n|switch|p2a: Talonflame|Talonflame, F|297\/297\n|-damage|p2a: Talonflame|149\/297|[from] Stealth Rock\n|move|p1a: Garnet|Substitute|p1a: Garnet\n|-start|p1a: Garnet|Substitute\n|-damage|p1a: Garnet|249\/331\n|\n|-heal|p1a: Garnet|269\/331|[from] item: Leftovers\n|turn|8\n|\n|move|p2a: Talonflame|Roost|p2a: Talonflame\n|-heal|p2a: Talonflame|297\/297\n|move|p1a: Garnet|Waterfall|p2a: Talonflame\n|-supereffective|p2a: Talonflame\n|-enditem|p2a: Talonflame|Focus Sash\n|-damage|p2a: Talonflame|1\/297\n|\n|-heal|p1a: Garnet|289\/331|[from] item: Leftovers\n|turn|9\n|\n|move|p2a: Talonflame|Acrobatics|p1a: Garnet\n|-end|p1a: Garnet|Substitute\n|move|p1a: Garnet|Waterfall|p2a: Talonflame\n|-supereffective|p2a: Talonflame\n|-damage|p2a: Talonflame|0 fnt\n|faint|p2a: Talonflame\n|\n|-heal|p1a: Garnet|309\/331|[from] item: Leftovers\n|\n|switch|p2a: Crobat|Crobat, F|311\/311\n|-damage|p2a: Crobat|234\/311|[from] Stealth Rock\n|turn|10\n|\n|switch|p1a: Niagara|Swampert, F|404\/404\n|move|p2a: Crobat|Brave Bird|p1a: Niagara\n|-damage|p1a: Niagara|277\/404\n|-damage|p2a: Crobat|192\/311|[from] recoil|[of] p1a: Niagara\n|\n|-heal|p1a: Niagara|302\/404|[from] item: Leftovers\n|turn|11\n|\n|move|p2a: Crobat|Brave Bird|p1a: Niagara\n|-damage|p1a: Niagara|164\/404\n|-damage|p2a: Crobat|146\/311|[from] recoil|[of] p1a: Niagara\n|move|p1a: Niagara|Yawn|p2a: Crobat\n|-start|p2a: Crobat|move: Yawn|[of] p1a: Niagara\n|\n|-heal|p1a: Niagara|189\/404|[from] item: Leftovers\n|turn|12\n|\n|switch|p2a: Jumpluff|Jumpluff, F|328\/328\n|-damage|p2a: Jumpluff|246\/328|[from] Stealth Rock\n|move|p1a: Niagara|Scald|p2a: Jumpluff\n|-resisted|p2a: Jumpluff\n|-damage|p2a: Jumpluff|217\/328\n|\n|-heal|p2a: Jumpluff|237\/328|[from] item: Leftovers\n|-heal|p1a: Niagara|214\/404|[from] item: Leftovers\n|turn|13\n|\n|switch|p1a: yung kyogre|Mantine, F|236\/334\n|move|p2a: Jumpluff|Energy Ball|p1a: yung kyogre\n|-damage|p1a: yung kyogre|197\/334\n|\n|-heal|p2a: Jumpluff|257\/328|[from] item: Leftovers\n|-heal|p1a: yung kyogre|217\/334|[from] item: Leftovers\n|turn|14\n|\n|move|p2a: Jumpluff|Leech Seed|p1a: yung kyogre\n|-start|p1a: yung kyogre|move: Leech Seed\n|move|p1a: yung kyogre|Toxic|p2a: Jumpluff\n|-status|p2a: Jumpluff|tox\n|\n|-heal|p2a: Jumpluff|277\/328 tox|[from] item: Leftovers\n|-heal|p1a: yung kyogre|237\/334|[from] item: Leftovers\n|-damage|p1a: yung kyogre|196\/334|[from] Leech Seed|[of] p2a: Jumpluff\n|-heal|p2a: Jumpluff|318\/328 tox|[silent]\n|-damage|p2a: Jumpluff|298\/328 tox|[from] psn\n|turn|15\n|\n|switch|p1a: Garnet|Gyarados, F, shiny|309\/331\n|-ability|p1a: Garnet|Intimidate|[of] p2a: Jumpluff\n|-unboost|p2a: Jumpluff|atk|1\n|move|p2a: Jumpluff|Leech Seed|p1a: Garnet\n|-start|p1a: Garnet|move: Leech Seed\n|\n|-heal|p1a: Garnet|329\/331|[from] item: Leftovers\n|-heal|p2a: Jumpluff|318\/328 tox|[from] item: Leftovers\n|-damage|p1a: Garnet|288\/331|[from] Leech Seed|[of] p2a: Jumpluff\n|-heal|p2a: Jumpluff|328\/328 tox|[silent]\n|-damage|p2a: Jumpluff|288\/328 tox|[from] psn\n|turn|16\n|\n|switch|p1a: yung kyogre|Mantine, F|196\/334\n|switch|p2a: Crobat|Crobat, F|146\/311\n|-damage|p2a: Crobat|69\/311|[from] Stealth Rock\n|\n|-heal|p1a: yung kyogre|216\/334|[from] item: Leftovers\n|turn|17\n|\n|switch|p1a: Niagara|Swampert, F|214\/404\n|move|p2a: Crobat|Defog|p1a: Niagara\n|-unboost|p1a: Niagara|evasion|1\n|-sideend|p2: Afonso2|Stealth Rock|[from] move: Defog|[of] p2a: Crobat\n|\n|-heal|p1a: Niagara|239\/404|[from] item: Leftovers\n|turn|18\n|\n|move|p2a: Crobat|Defog|p1a: Niagara\n|-unboost|p1a: Niagara|evasion|1\n|move|p1a: Niagara|Stealth Rock|p2a: Crobat\n|-sidestart|p2: Afonso2|move: Stealth Rock\n|\n|-heal|p1a: Niagara|264\/404|[from] item: Leftovers\n|turn|19\n|\n|move|p2a: Crobat|Defog|p1a: Niagara\n|-unboost|p1a: Niagara|evasion|1\n|-sideend|p2: Afonso2|Stealth Rock|[from] move: Defog|[of] p2a: Crobat\n|move|p1a: Niagara|Yawn|p2a: Crobat\n|-start|p2a: Crobat|move: Yawn|[of] p1a: Niagara\n|\n|-heal|p1a: Niagara|289\/404|[from] item: Leftovers\n|turn|20\n|\n|switch|p2a: Gyarados|Gyarados, F|353\/353\n|move|p1a: Niagara|Yawn|p2a: Gyarados\n|-start|p2a: Gyarados|move: Yawn|[of] p1a: Niagara\n|\n|-heal|p1a: Niagara|314\/404|[from] item: Leftovers\n|turn|21\n|\n|move|p2a: Gyarados|Outrage|p1a: Niagara\n|-damage|p1a: Niagara|166\/404\n|move|p1a: Niagara|Stealth Rock|p2a: Gyarados\n|-sidestart|p2: Afonso2|move: Stealth Rock\n|\n|-end|p2a: Gyarados|move: Yawn|[silent]\n|-status|p2a: Gyarados|slp\n|-heal|p1a: Niagara|191\/404|[from] item: Leftovers\n|turn|22\n|\n|switch|p1a: Smogon Frog|Greninja, M|285\/285\n|cant|p2a: Gyarados|slp\n|\n|turn|23\n|\n|move|p1a: Smogon Frog|Ice Beam|p2a: Gyarados\n|-start|p1a: Smogon Frog|typechange|Ice|[from] Protean\n|-damage|p2a: Gyarados|189\/353 slp\n|-damage|p1a: Smogon Frog|257\/285|[from] item: Life Orb\n|cant|p2a: Gyarados|slp\n|\n|turn|24\n|\n|move|p1a: Smogon Frog|Dark Pulse|p2a: Gyarados\n|-start|p1a: Smogon Frog|typechange|Dark|[from] Protean\n|-damage|p2a: Gyarados|47\/353 slp\n|-damage|p1a: Smogon Frog|229\/285|[from] item: Life Orb\n|cant|p2a: Gyarados|slp\n|\n|turn|25\n|-message|Afonso2 forfeited.\n|\n|win|The Teal Scizor\n|leave|Afonso2\n|player|p2","inputlog":null,"uploadtime":1437338709,"views":2,"p1id":"thetealscizor","p2id":"afonso2","formatid":"ubers","rating":0,"private":0,"password":null}