{"id":"ubers-391361178","p1":"Changing Alts","p2":"therockcena","format":"ubers","log":"|j|Changing Alts\n|j|therockcena\n|player|p1|Changing Alts|19\n|player|p2|therockcena|101\n|gametype|singles\n|gen|6\n|tier|Ubers\n|rated\n|seed|\n|rule|Swagger Clause: Swagger is banned\n|clearpoke\n|poke|p1|Groudon|item\n|poke|p1|Xerneas|item\n|poke|p1|Kyogre|item\n|poke|p1|Gengar, M, shiny|item\n|poke|p1|Giratina-Origin|item\n|poke|p1|Arceus-*|item\n|poke|p2|Deoxys-Defense|item\n|poke|p2|Dialga, shiny|item\n|poke|p2|Groudon, shiny|item\n|poke|p2|Giratina|item\n|poke|p2|Kangaskhan, F|item\n|poke|p2|Shaymin-Sky|item\n|rule|Mega Rayquaza Clause: You cannot mega evolve Rayquaza\n|rule|Sleep Clause Mod: Limit one foe put to sleep\n|rule|Species Clause: Limit one of each Pok\u00e9mon\n|rule|OHKO Clause: OHKO moves are banned\n|rule|Moody Clause: Moody is banned\n|rule|Evasion Moves Clause: Evasion moves are banned\n|rule|Endless Battle Clause: Forcing endless battles is banned\n|rule|HP Percentage Mod: HP is shown in percentages\n|teampreview\n|choice||\n|\n|start\n|switch|p1a: Giratina|Giratina-Origin|100\/100\n|switch|p2a: Groudon|Groudon, shiny|100\/100\n|detailschange|p2a: Groudon|Groudon-Primal, shiny\n|-primal|p2a: Groudon\n|-weather|DesolateLand|[from] ability: Desolate Land|[of] p2a: Groudon\n|turn|1\n|choice||\n|\n|move|p1a: Giratina|Draco Meteor|p2a: Groudon\n|-damage|p2a: Groudon|45\/100\n|-unboost|p1a: Giratina|spa|2\n|move|p2a: Groudon|Hone Claws|p2a: Groudon\n|-boost|p2a: Groudon|atk|1\n|-boost|p2a: Groudon|accuracy|1\n|\n|-weather|DesolateLand|[upkeep]\n|turn|2\n|choice||\n|\n|switch|p1a: Kyogre|Kyogre|100\/100\n|detailschange|p1a: Kyogre|Kyogre-Primal\n|-primal|p1a: Kyogre\n|-weather|PrimordialSea|[from] ability: Primordial Sea|[of] p1a: Kyogre\n|move|p2a: Groudon|Fire Punch|p1a: Kyogre\n|-fail|p1a: Kyogre|Fire Punch|[from] Primordial Sea\n|\n|-weather|PrimordialSea|[upkeep]\n|turn|3\n|choice||\n|\n|switch|p2a: Kangaskhan|Kangaskhan, F|100\/100\n|move|p1a: Kyogre|Origin Pulse|p2a: Kangaskhan\n|-crit|p2a: Kangaskhan\n|-damage|p2a: Kangaskhan|0 fnt\n|faint|p2a: Kangaskhan\n|\n|-weather|PrimordialSea|[upkeep]\n|choice||\n|\n|switch|p2a: Giratina|Giratina|100\/100\n|-ability|p2a: Giratina|Pressure\n|turn|4\n|choice||\n|\n|-weather|none\n|switch|p1a: Gengar|Gengar, M, shiny|100\/100\n|move|p2a: Giratina|Dark Pulse|p1a: Gengar\n|-supereffective|p1a: Gengar\n|-damage|p1a: Gengar|32\/100\n|\n|turn|5\n|choice||\n|\n|detailschange|p1a: Gengar|Gengar-Mega, M, shiny\n|-mega|p1a: Gengar|Gengar|Gengarite\n|move|p1a: Gengar|Destiny Bond|p1a: Gengar\n|-singlemove|p1a: Gengar|Destiny Bond\n|move|p2a: Giratina|Dark Pulse|p1a: Gengar\n|-supereffective|p1a: Gengar\n|-damage|p1a: Gengar|0 fnt\n|faint|p1a: Gengar\n|-activate|p1a: Gengar|Destiny Bond\n|faint|p2a: Giratina\n|\n|choice||\n|\n|switch|p2a: Shaymin|Shaymin-Sky|100\/100\n|switch|p1a: Groudon|Groudon|100\/100\n|detailschange|p1a: Groudon|Groudon-Primal\n|-primal|p1a: Groudon\n|-weather|DesolateLand|[from] ability: Desolate Land|[of] p1a: Groudon\n|turn|6\n|choice||\n|\n|move|p2a: Shaymin|Air Slash|p1a: Groudon\n|-damage|p1a: Groudon|56\/100\n|cant|p1a: Groudon|flinch\n|\n|-weather|DesolateLand|[upkeep]\n|turn|7\n|choice||\n|\n|move|p2a: Shaymin|Air Slash|p1a: Groudon\n|-damage|p1a: Groudon|14\/100\n|cant|p1a: Groudon|flinch\n|\n|-weather|DesolateLand|[upkeep]\n|turn|8\n|choice||\n|\n|move|p2a: Shaymin|Air Slash|p1a: Groudon\n|-damage|p1a: Groudon|0 fnt\n|faint|p1a: Groudon\n|-weather|none\n|\n|c|\u2605therockcena|flinch\n|choice||\n|\n|switch|p1a: Arceus|Arceus|100\/100\n|turn|9\n|choice||\n|\n|move|p1a: Arceus|Extreme Speed|p2a: Shaymin\n|-damage|p2a: Shaymin|35\/100\n|-damage|p1a: Arceus|91\/100|[from] item: Life Orb\n|move|p2a: Shaymin|Air Slash|p1a: Arceus\n|-damage|p1a: Arceus|47\/100\n|\n|turn|10\n|choice||\n|\n|move|p1a: Arceus|Extreme Speed|p2a: Shaymin\n|-damage|p2a: Shaymin|0 fnt\n|-damage|p1a: Arceus|37\/100|[from] item: Life Orb\n|faint|p2a: Shaymin\n|\n|choice||\n|\n|switch|p2a: Dialga|Dialga, shiny|100\/100\n|-ability|p2a: Dialga|Pressure\n|turn|11\n|choice||\n|\n|move|p1a: Arceus|Earthquake|p2a: Dialga\n|-supereffective|p2a: Dialga\n|-damage|p2a: Dialga|28\/100\n|-damage|p1a: Arceus|27\/100|[from] item: Life Orb\n|move|p2a: Dialga|Flash Cannon|p1a: Arceus\n|-damage|p1a: Arceus|0 fnt\n|faint|p1a: Arceus\n|\n|-heal|p2a: Dialga|34\/100|[from] item: Leftovers\n|choice||\n|\n|switch|p1a: Kyogre|Kyogre-Primal|100\/100\n|-weather|PrimordialSea|[from] ability: Primordial Sea|[of] p1a: Kyogre\n|turn|12\n|choice||\n|\n|switch|p2a: Groudon|Groudon-Primal, shiny|45\/100\n|-weather|DesolateLand|[from] ability: Desolate Land|[of] p2a: Groudon\n|move|p1a: Kyogre|Calm Mind|p1a: Kyogre\n|-boost|p1a: Kyogre|spa|1\n|-boost|p1a: Kyogre|spd|1\n|\n|-weather|DesolateLand|[upkeep]\n|turn|13\n|choice||\n|\n|move|p1a: Kyogre|Ice Beam|p2a: Groudon\n|-crit|p2a: Groudon\n|-damage|p2a: Groudon|0 fnt\n|faint|p2a: Groudon\n|-weather|none\n|\n|choice||\n|\n|switch|p2a: Dialga|Dialga, shiny|34\/100\n|-ability|p2a: Dialga|Pressure\n|turn|14\n|-message|therockcena forfeited.\n|\n|win|Changing Alts\n|player|p1\n|player|p2\n|l|therockcena\n|raw|Changing Alts's rating: 1636 &rarr; <strong>1644<\/strong><br \/>(+8 for winning)\n|raw|therockcena's rating: 1391 &rarr; <strong>1383<\/strong><br \/>(-8 for losing)\n|c|\u2605Changing Alts|gg","inputlog":null,"uploadtime":1466888081,"views":6,"p1id":"changingalts","p2id":"therockcena","formatid":"ubers","rating":1383,"private":0,"password":null}