{"id":"ubers-251182686","p1":"The Teal Scizor","p2":"Afonso2","format":"ubers","log":"|join|The Teal Scizor\n|join|Afonso2\n|player|p1|The Teal Scizor|270\n|player|p2|Afonso2|265\n|gametype|singles\n|gen|6\n|tier|Ubers\n|rule|Swagger Clause: Swagger is banned\n|clearpoke\n|poke|p1|Greninja, M\n|poke|p1|Slowbro, M, shiny\n|poke|p1|Mantine, F\n|poke|p1|Feraligatr, M, shiny\n|poke|p1|Swampert, F\n|poke|p1|Gyarados, F, shiny\n|poke|p2|Aerodactyl, M\n|poke|p2|Crobat, F\n|poke|p2|Gyarados, F\n|poke|p2|Gliscor, F\n|poke|p2|Jumpluff, M\n|poke|p2|Talonflame, F\n|rule|Mega Rayquaza Clause: You cannot mega evolve Rayquaza\n|rule|Sleep Clause Mod: Limit one foe put to sleep\n|rule|Species Clause: Limit one of each Pok\u00e9mon\n|rule|OHKO Clause: OHKO moves are banned\n|rule|Moody Clause: Moody is banned\n|rule|Evasion Moves Clause: Evasion moves are banned\n|rule|Endless Battle Clause: Forcing endless battles is banned\n|rule|HP Percentage Mod: HP is shown in percentages\n|teampreview\n|\n|start\n|switch|p1a: Smogon Frog|Greninja, M|285\/285\n|switch|p2a: Crobat|Crobat, F|311\/311\n|turn|1\n|\n|switch|p1a: Niagara|Swampert, F|404\/404\n|move|p2a: Crobat|U-turn|p1a: Niagara\n|-damage|p1a: Niagara|351\/404\n|\n|switch|p2a: Jumpluff|Jumpluff, M|328\/328\n|\n|-heal|p1a: Niagara|376\/404|[from] item: Leftovers\n|turn|2\n|\n|switch|p1a: yung kyogre|Mantine, F|334\/334\n|move|p2a: Jumpluff|Energy Ball|p1a: yung kyogre\n|-damage|p1a: yung kyogre|295\/334\n|\n|-heal|p1a: yung kyogre|315\/334|[from] item: Leftovers\n|turn|3\n|\n|switch|p1a: Smogon Frog|Greninja, M|285\/285\n|move|p2a: Jumpluff|Leech Seed|p1a: Smogon Frog\n|-start|p1a: Smogon Frog|move: Leech Seed\n|\n|-damage|p1a: Smogon Frog|250\/285|[from] Leech Seed|[of] p2a: Jumpluff\n|turn|4\n|\n|move|p1a: Smogon Frog|Ice Beam|p2a: Jumpluff\n|-start|p1a: Smogon Frog|typechange|Ice|[from] Protean\n|-supereffective|p2a: Jumpluff\n|-damage|p2a: Jumpluff|0 fnt\n|-damage|p1a: Smogon Frog|222\/285|[from] item: Life Orb\n|faint|p2a: Jumpluff\n|\n|\n|switch|p2a: Gyarados|Gyarados, F|353\/353\n|turn|5\n|\n|move|p1a: Smogon Frog|Dark Pulse|p2a: Gyarados\n|-start|p1a: Smogon Frog|typechange|Dark|[from] Protean\n|-damage|p2a: Gyarados|200\/353\n|-damage|p1a: Smogon Frog|194\/285|[from] item: Life Orb\n|move|p2a: Gyarados|Outrage|p1a: Smogon Frog\n|-damage|p1a: Smogon Frog|0 fnt\n|faint|p1a: Smogon Frog\n|-boost|p2a: Gyarados|atk|1|[from] ability: Moxie\n|\n|\n|switch|p1a: Niagara|Swampert, F|376\/404\n|turn|6\n|\n|move|p2a: Gyarados|Outrage|p1a: Niagara\n|-damage|p1a: Niagara|162\/404\n|move|p1a: Niagara|Yawn|p2a: Gyarados\n|-start|p2a: Gyarados|move: Yawn|[of] p1a: Niagara\n|\n|-heal|p1a: Niagara|187\/404|[from] item: Leftovers\n|turn|7\n|\n|switch|p1a: Slowbruh|Slowbro, M, shiny|331\/331\n|move|p2a: Gyarados|Outrage|p1a: Slowbruh\n|-damage|p1a: Slowbruh|67\/331\n|-start|p2a: Gyarados|confusion|[fatigue]\n|\n|-end|p2a: Gyarados|move: Yawn|[silent]\n|-status|p2a: Gyarados|slp\n|turn|8\n|\n|switch|p2a: Crobat|Crobat, F|311\/311\n|switch|p1a: Niagara|Swampert, F|187\/404\n|\n|-heal|p1a: Niagara|212\/404|[from] item: Leftovers\n|turn|9\n|\n|move|p2a: Crobat|U-turn|p1a: Niagara\n|-crit|p1a: Niagara\n|-damage|p1a: Niagara|140\/404\n|\n|switch|p2a: Gliscor|Gliscor, F|337\/337\n|move|p1a: Niagara|Stealth Rock|p2a: Gliscor\n|-sidestart|p2: Afonso2|move: Stealth Rock\n|\n|-heal|p1a: Niagara|165\/404|[from] item: Leftovers\n|-status|p2a: Gliscor|tox|[from] item: Toxic Orb\n|turn|10\n|\n|move|p2a: Gliscor|Fling|p1a: Niagara\n|-enditem|p2a: Gliscor|Toxic Orb|[from] move: Fling\n|-damage|p1a: Niagara|138\/404\n|-status|p1a: Niagara|tox\n|move|p1a: Niagara|Scald|p2a: Gliscor\n|-supereffective|p2a: Gliscor\n|-damage|p2a: Gliscor|143\/337 tox\n|\n|-heal|p1a: Niagara|163\/404 tox|[from] item: Leftovers\n|-heal|p2a: Gliscor|185\/337 tox|[from] ability: Poison Heal\n|-damage|p1a: Niagara|138\/404 tox|[from] psn\n|turn|11\n|\n|move|p2a: Gliscor|Protect|p2a: Gliscor\n|-singleturn|p2a: Gliscor|Protect\n|move|p1a: Niagara|Scald|p2a: Gliscor\n|-activate|p2a: Gliscor|Protect\n|\n|-heal|p1a: Niagara|163\/404 tox|[from] item: Leftovers\n|-heal|p2a: Gliscor|227\/337 tox|[from] ability: Poison Heal\n|-damage|p1a: Niagara|113\/404 tox|[from] psn\n|turn|12\n|\n|move|p2a: Gliscor|Acrobatics|p1a: Niagara\n|-damage|p1a: Niagara|0 fnt\n|faint|p1a: Niagara\n|\n|-heal|p2a: Gliscor|269\/337 tox|[from] ability: Poison Heal\n|\n|switch|p1a: Gatorade|Feraligatr, M, shiny|311\/311\n|turn|13\n|\n|switch|p2a: Gyarados|Gyarados, F|200\/353 slp\n|-damage|p2a: Gyarados|112\/353 slp|[from] Stealth Rock\n|move|p1a: Gatorade|Dragon Dance|p1a: Gatorade\n|-boost|p1a: Gatorade|atk|1\n|-boost|p1a: Gatorade|spe|1\n|\n|turn|14\n|\n|move|p1a: Gatorade|Dragon Dance|p1a: Gatorade\n|-boost|p1a: Gatorade|atk|1\n|-boost|p1a: Gatorade|spe|1\n|cant|p2a: Gyarados|slp\n|\n|turn|15\n|\n|move|p1a: Gatorade|Ice Punch|p2a: Gyarados\n|-damage|p2a: Gyarados|0 fnt\n|faint|p2a: Gyarados\n|\n|\n|switch|p2a: Crobat|Crobat, F|311\/311\n|-damage|p2a: Crobat|234\/311|[from] Stealth Rock\n|turn|16\n|\n|move|p1a: Gatorade|Ice Punch|p2a: Crobat\n|-supereffective|p2a: Crobat\n|-damage|p2a: Crobat|0 fnt\n|faint|p2a: Crobat\n|\n|\n|switch|p2a: Talonflame|Talonflame, F|297\/297\n|-damage|p2a: Talonflame|149\/297|[from] Stealth Rock\n|turn|17\n|\n|move|p1a: Gatorade|Waterfall|p2a: Talonflame\n|-supereffective|p2a: Talonflame\n|-damage|p2a: Talonflame|0 fnt\n|faint|p2a: Talonflame\n|\n|\n|switch|p2a: Gliscor|Gliscor, F|269\/337 tox\n|-damage|p2a: Gliscor|227\/337 tox|[from] Stealth Rock\n|turn|18\n|c|\u2605The Teal Scizor|:(\n|\n|move|p1a: Gatorade|Dragon Dance|p1a: Gatorade\n|-boost|p1a: Gatorade|atk|1\n|-boost|p1a: Gatorade|spe|1\n|move|p2a: Gliscor|Acrobatics|p1a: Gatorade\n|-damage|p1a: Gatorade|142\/311\n|\n|-heal|p2a: Gliscor|269\/337 tox|[from] ability: Poison Heal\n|turn|19\n|\n|move|p1a: Gatorade|Ice Punch|p2a: Gliscor\n|-crit|p2a: Gliscor\n|-supereffective|p2a: Gliscor\n|-damage|p2a: Gliscor|0 fnt\n|faint|p2a: Gliscor\n|\n|\n|switch|p2a: Aerodactyl|Aerodactyl, M|301\/301\n|-damage|p2a: Aerodactyl|226\/301|[from] Stealth Rock\n|turn|20\n|\n|detailschange|p2a: Aerodactyl|Aerodactyl-Mega, M\n|-mega|p2a: Aerodactyl|Aerodactyl|Aerodactylite\n|move|p1a: Gatorade|Waterfall|p2a: Aerodactyl\n|-supereffective|p2a: Aerodactyl\n|-damage|p2a: Aerodactyl|0 fnt\n|faint|p2a: Aerodactyl\n|\n|win|The Teal Scizor\n|leave|Afonso2","inputlog":null,"uploadtime":1437338223,"views":2,"p1id":"thetealscizor","p2id":"afonso2","formatid":"ubers","rating":0,"private":0,"password":null}