{"id":"ubers-251188828","p1":"The Teal Scizor","p2":"Elite Four Damion","format":"ubers","log":"|join|The Teal Scizor\n|join|Elite Four Damion\n|player|p1|The Teal Scizor|270\n|player|p2|Elite Four Damion|153\n|gametype|singles\n|gen|6\n|tier|Ubers\n|rule|Swagger Clause: Swagger is banned\n|clearpoke\n|poke|p1|Greninja, M\n|poke|p1|Slowbro, M, shiny\n|poke|p1|Mantine, F\n|poke|p1|Feraligatr, M, shiny\n|poke|p1|Swampert, F\n|poke|p1|Gyarados, F, shiny\n|poke|p2|Garchomp, M\n|poke|p2|Hippowdon, M\n|poke|p2|Swampert, F\n|poke|p2|Excadrill, M\n|poke|p2|Camerupt, M, shiny\n|poke|p2|Landorus-Therian, M\n|rule|Mega Rayquaza Clause: You cannot mega evolve Rayquaza\n|rule|Sleep Clause Mod: Limit one foe put to sleep\n|rule|Species Clause: Limit one of each Pok\u00e9mon\n|rule|OHKO Clause: OHKO moves are banned\n|rule|Moody Clause: Moody is banned\n|rule|Evasion Moves Clause: Evasion moves are banned\n|rule|Endless Battle Clause: Forcing endless battles is banned\n|rule|HP Percentage Mod: HP is shown in percentages\n|teampreview\n|\n|start\n|switch|p1a: Niagara|Swampert, F|404\/404\n|switch|p2a: Hippowdon|Hippowdon, M|420\/420\n|-weather|Sandstorm\n|turn|1\n|\n|move|p1a: Niagara|Scald|p2a: Hippowdon\n|-supereffective|p2a: Hippowdon\n|-damage|p2a: Hippowdon|190\/420\n|-status|p2a: Hippowdon|brn\n|move|p2a: Hippowdon|Toxic|p1a: Niagara\n|-status|p1a: Niagara|tox\n|\n|-weather|Sandstorm|[upkeep]\n|-heal|p2a: Hippowdon|216\/420 brn|[from] item: Leftovers\n|-damage|p1a: Niagara|379\/404 tox|[from] psn\n|-damage|p2a: Hippowdon|164\/420 brn|[from] brn\n|turn|2\n|\n|move|p1a: Niagara|Stealth Rock|p2a: Hippowdon\n|-sidestart|p2: Elite Four Damion|move: Stealth Rock\n|move|p2a: Hippowdon|Slack Off|p2a: Hippowdon\n|-heal|p2a: Hippowdon|374\/420 brn\n|\n|-weather|Sandstorm|[upkeep]\n|-heal|p1a: Niagara|404\/404 tox|[from] item: Leftovers\n|-heal|p2a: Hippowdon|400\/420 brn|[from] item: Leftovers\n|-damage|p1a: Niagara|354\/404 tox|[from] psn\n|-damage|p2a: Hippowdon|348\/420 brn|[from] brn\n|turn|3\n|\n|switch|p2a: Camerupt|Camerupt, M, shiny|281\/281\n|-damage|p2a: Camerupt|246\/281|[from] Stealth Rock\n|move|p1a: Niagara|Scald|p2a: Camerupt\n|-supereffective|p2a: Camerupt\n|-damage|p2a: Camerupt|0 fnt\n|faint|p2a: Camerupt\n|\n|-weather|Sandstorm|[upkeep]\n|-heal|p1a: Niagara|379\/404 tox|[from] item: Leftovers\n|-damage|p1a: Niagara|304\/404 tox|[from] psn\n|\n|switch|p2a: Excadrill|Excadrill, M|361\/361\n|-damage|p2a: Excadrill|350\/361|[from] Stealth Rock\n|turn|4\n|\n|switch|p1a: Garnet|Gyarados, F, shiny|331\/331\n|-ability|p1a: Garnet|Intimidate|[of] p2a: Excadrill\n|-unboost|p2a: Excadrill|atk|1\n|move|p2a: Excadrill|Earthquake|p1a: Garnet\n|-immune|p1a: Garnet|[msg]\n|\n|-weather|Sandstorm|[upkeep]\n|-damage|p1a: Garnet|311\/331|[from] sandstorm\n|-heal|p1a: Garnet|331\/331|[from] item: Leftovers\n|turn|5\n|\n|switch|p1a: Niagara|Swampert, F|304\/404 tox\n|move|p2a: Excadrill|Rock Slide|p1a: Niagara\n|-resisted|p1a: Niagara\n|-damage|p1a: Niagara|275\/404 tox\n|\n|-weather|none\n|-heal|p1a: Niagara|300\/404 tox|[from] item: Leftovers\n|-damage|p1a: Niagara|275\/404 tox|[from] psn\n|turn|6\n|\n|switch|p2a: Hippowdon|Hippowdon, M|348\/420 brn\n|-damage|p2a: Hippowdon|322\/420 brn|[from] Stealth Rock\n|-weather|Sandstorm\n|move|p1a: Niagara|Scald|p2a: Hippowdon\n|-supereffective|p2a: Hippowdon\n|-damage|p2a: Hippowdon|122\/420 brn\n|\n|-weather|Sandstorm|[upkeep]\n|-heal|p1a: Niagara|300\/404 tox|[from] item: Leftovers\n|-heal|p2a: Hippowdon|148\/420 brn|[from] item: Leftovers\n|-damage|p1a: Niagara|250\/404 tox|[from] psn\n|-damage|p2a: Hippowdon|96\/420 brn|[from] brn\n|turn|7\n|\n|switch|p2a: Garchomp|Garchomp, M|357\/357\n|-damage|p2a: Garchomp|335\/357|[from] Stealth Rock\n|move|p1a: Niagara|Scald|p2a: Garchomp\n|-damage|p2a: Garchomp|241\/357\n|\n|-weather|Sandstorm|[upkeep]\n|-heal|p1a: Niagara|275\/404 tox|[from] item: Leftovers\n|-damage|p1a: Niagara|200\/404 tox|[from] psn\n|turn|8\n|\n|switch|p1a: Garnet|Gyarados, F, shiny|331\/331\n|-ability|p1a: Garnet|Intimidate|[of] p2a: Garchomp\n|-unboost|p2a: Garchomp|atk|1\n|move|p2a: Garchomp|Dragon Claw|p1a: Garnet\n|-damage|p1a: Garnet|214\/331\n|\n|-weather|Sandstorm|[upkeep]\n|-damage|p1a: Garnet|194\/331|[from] sandstorm\n|-heal|p1a: Garnet|214\/331|[from] item: Leftovers\n|turn|9\n|\n|switch|p1a: Slowbruh|Slowbro, M, shiny|331\/331\n|move|p2a: Garchomp|Rock Slide|p1a: Slowbruh\n|-damage|p1a: Slowbruh|280\/331\n|\n|-weather|Sandstorm|[upkeep]\n|-damage|p1a: Slowbruh|260\/331|[from] sandstorm\n|turn|10\n|\n|move|p2a: Garchomp|Iron Head|p1a: Slowbruh\n|-resisted|p1a: Slowbruh\n|-damage|p1a: Slowbruh|232\/331\n|move|p1a: Slowbruh|Ice Beam|p2a: Garchomp\n|-supereffective|p2a: Garchomp\n|-damage|p2a: Garchomp|0 fnt\n|faint|p2a: Garchomp\n|\n|-weather|none\n|\n|switch|p2a: Hippowdon|Hippowdon, M|96\/420 brn\n|-damage|p2a: Hippowdon|70\/420 brn|[from] Stealth Rock\n|-weather|Sandstorm\n|turn|11\n|\n|move|p1a: Slowbruh|Scald|p2a: Hippowdon\n|-supereffective|p2a: Hippowdon\n|-damage|p2a: Hippowdon|0 fnt\n|faint|p2a: Hippowdon\n|\n|-weather|Sandstorm|[upkeep]\n|-damage|p1a: Slowbruh|212\/331|[from] sandstorm\n|\n|switch|p2a: Excadrill|Excadrill, M|350\/361\n|-damage|p2a: Excadrill|339\/361|[from] Stealth Rock\n|turn|12\n|\n|switch|p1a: Garnet|Gyarados, F, shiny|214\/331\n|-ability|p1a: Garnet|Intimidate|[of] p2a: Excadrill\n|-unboost|p2a: Excadrill|atk|1\n|move|p2a: Excadrill|Swords Dance|p2a: Excadrill\n|-boost|p2a: Excadrill|atk|2\n|\n|-weather|Sandstorm|[upkeep]\n|-damage|p1a: Garnet|194\/331|[from] sandstorm\n|-heal|p1a: Garnet|214\/331|[from] item: Leftovers\n|turn|13\n|\n|switch|p1a: Niagara|Swampert, F|200\/404 tox\n|move|p2a: Excadrill|Rock Slide|p1a: Niagara\n|-resisted|p1a: Niagara\n|-damage|p1a: Niagara|136\/404 tox\n|\n|-weather|Sandstorm|[upkeep]\n|-heal|p1a: Niagara|161\/404 tox|[from] item: Leftovers\n|-damage|p1a: Niagara|136\/404 tox|[from] psn\n|turn|14\n|\n|move|p2a: Excadrill|Iron Head|p1a: Niagara\n|-resisted|p1a: Niagara\n|-damage|p1a: Niagara|32\/404 tox\n|move|p1a: Niagara|Earthquake|p2a: Excadrill\n|-supereffective|p2a: Excadrill\n|-damage|p2a: Excadrill|0 fnt\n|faint|p2a: Excadrill\n|\n|-weather|Sandstorm|[upkeep]\n|-heal|p1a: Niagara|57\/404 tox|[from] item: Leftovers\n|-damage|p1a: Niagara|7\/404 tox|[from] psn\n|\n|switch|p2a: Landorus-Therian|Landorus-Therian, M|320\/320\n|-damage|p2a: Landorus-Therian|280\/320|[from] Stealth Rock\n|-ability|p2a: Landorus-Therian|Intimidate|[of] p1a: Niagara\n|-unboost|p1a: Niagara|atk|1\n|turn|15\n|\n|move|p2a: Landorus-Therian|U-turn|p1a: Niagara\n|-damage|p1a: Niagara|0 fnt\n|faint|p1a: Niagara\n|\n|switch|p2a: Swampert|Swampert, F|341\/341\n|-damage|p2a: Swampert|320\/341|[from] Stealth Rock\n|\n|-weather|none\n|\n|switch|p1a: Garnet|Gyarados, F, shiny|214\/331\n|-ability|p1a: Garnet|Intimidate|[of] p2a: Swampert\n|-unboost|p2a: Swampert|atk|1\n|turn|16\n|\n|move|p1a: Garnet|Substitute|p1a: Garnet\n|-start|p1a: Garnet|Substitute\n|-damage|p1a: Garnet|132\/331\n|move|p2a: Swampert|Curse|p2a: Swampert\n|-boost|p2a: Swampert|atk|1\n|-boost|p2a: Swampert|def|1\n|-unboost|p2a: Swampert|spe|1\n|\n|-heal|p1a: Garnet|152\/331|[from] item: Leftovers\n|turn|17\n|\n|move|p1a: Garnet|Waterfall|p2a: Swampert\n|-damage|p2a: Swampert|209\/341\n|cant|p2a: Swampert|flinch\n|\n|-heal|p1a: Garnet|172\/331|[from] item: Leftovers\n|turn|18\n|\n|move|p1a: Garnet|Waterfall|p2a: Swampert\n|-damage|p2a: Swampert|98\/341\n|move|p2a: Swampert|Curse|p2a: Swampert\n|-boost|p2a: Swampert|atk|1\n|-boost|p2a: Swampert|def|1\n|-unboost|p2a: Swampert|spe|1\n|\n|-heal|p1a: Garnet|192\/331|[from] item: Leftovers\n|turn|19\n|\n|move|p1a: Garnet|Waterfall|p2a: Swampert\n|-damage|p2a: Swampert|7\/341\n|move|p2a: Swampert|Ice Punch|p1a: Garnet\n|-end|p1a: Garnet|Substitute\n|\n|-heal|p1a: Garnet|212\/331|[from] item: Leftovers\n|turn|20\n|\n|move|p1a: Garnet|Waterfall|p2a: Swampert\n|-damage|p2a: Swampert|0 fnt\n|faint|p2a: Swampert\n|\n|-heal|p1a: Garnet|232\/331|[from] item: Leftovers\n|\n|switch|p2a: Landorus-Therian|Landorus-Therian, M|280\/320\n|-damage|p2a: Landorus-Therian|240\/320|[from] Stealth Rock\n|-ability|p2a: Landorus-Therian|Intimidate|[of] p1a: Garnet\n|-unboost|p1a: Garnet|atk|1\n|turn|21\n|\n|switch|p1a: Slowbruh|Slowbro, M, shiny|322\/331\n|move|p2a: Landorus-Therian|Knock Off|p1a: Slowbruh\n|-supereffective|p1a: Slowbruh\n|-damage|p1a: Slowbruh|164\/331\n|\n|turn|22\n|\n|detailschange|p1a: Slowbruh|Slowbro-Mega, M, shiny\n|-mega|p1a: Slowbruh|Slowbro|Slowbronite\n|move|p2a: Landorus-Therian|Knock Off|p1a: Slowbruh\n|-supereffective|p1a: Slowbruh\n|-damage|p1a: Slowbruh|50\/331\n|move|p1a: Slowbruh|Ice Beam|p2a: Landorus-Therian\n|-supereffective|p2a: Landorus-Therian\n|-damage|p2a: Landorus-Therian|0 fnt\n|faint|p2a: Landorus-Therian\n|\n|win|The Teal Scizor\n|leave|Elite Four Damion\n|player|p2","inputlog":null,"uploadtime":1437340041,"views":0,"p1id":"thetealscizor","p2id":"elitefourdamion","formatid":"ubers","rating":0,"private":0,"password":null}