{"id":"uu-105508172","p1":"Swamp Link","p2":"rig@mortus","format":"uu","log":"|join|Swamp Link\n|join|rig@mortus\n|player|p1|Swamp Link|290\n|player|p2|rig@mortus|1\n|gametype|singles\n|gen|6\n|tier|UU\n|rated\n|clearpoke\n|poke|p1|Snorlax, M\n|poke|p1|Vaporeon, F\n|poke|p1|Crobat, M\n|poke|p1|Manectric, M\n|poke|p1|Toxicroak, M\n|poke|p1|Azelf\n|poke|p2|Qwilfish, M\n|poke|p2|Houndoom, F\n|poke|p2|Celebi\n|poke|p2|Heracross, F\n|poke|p2|Nidoqueen, F\n|poke|p2|Mismagius, M\n|rule|Sleep Clause Mod: Limit one foe put to sleep\n|rule|Species Clause: Limit one of each Pokemon\n|rule|OHKO Clause: OHKO moves are banned\n|rule|Moody Clause: Moody is banned\n|rule|Evasion Moves Clause: Evasion moves are banned\n|rule|Endless Battle Clause: Forcing endless battles is banned.\n|rule|HP Percentage Mod: HP is reported as percentages\n|teampreview\n|\n|start\n|switch|p1a: Azelf|Azelf|291\/291\n|switch|p2a: Nidoqueen|Nidoqueen, F|369\/369\n|turn|1\n|\n|switch|p2a: Houndoom|Houndoom, F|291\/291\n|move|p1a: Azelf|Psyshock|p2a: Houndoom\n|-immune|p2a: Houndoom|[msg]\n|\n|turn|2\n|\n|-formechange|p2a: Houndoom|Houndoom-Mega\n|message|Houndoom has Mega Evolved into Mega Houndoom!\n|move|p1a: Azelf|U-turn|p2a: Houndoom\n|-damage|p2a: Houndoom|188\/291\n|-damage|p1a: Azelf|262\/291|[from] item: Life Orb\n|\n|switch|p1a: Snorlax|Snorlax, M|461\/461\n|move|p2a: Houndoom|Dark Pulse|p1a: Snorlax\n|-damage|p1a: Snorlax|388\/461\n|\n|turn|3\n|\n|move|p1a: Snorlax|Pursuit|p2a: Houndoom|[from]Pursuit\n|-resisted|p2a: Houndoom\n|-damage|p2a: Houndoom|135\/291\n|switch|p2a: Qwilfish|Qwilfish, M|271\/271\n|-ability|p2a: Qwilfish|Intimidate|[of] p1a: Snorlax\n|-unboost|p1a: Snorlax|atk|1\n|\n|turn|4\n|\n|switch|p1a: Toxicroak|Toxicroak, M|307\/307\n|move|p2a: Qwilfish|Spikes|p1a: Toxicroak\n|-sidestart|p1: Swamp Link|Spikes\n|\n|turn|5\n|\n|move|p2a: Qwilfish|Taunt|p1a: Toxicroak\n|-start|p1a: Toxicroak|move: Taunt\n|cant|p1a: Toxicroak|move: Taunt|Swords Dance\n|\n|turn|6\n|\n|switch|p1a: Crobat|Crobat, M|325\/325\n|move|p2a: Qwilfish|Spikes|p1a: Crobat\n|-sidestart|p1: Swamp Link|Spikes\n|\n|turn|7\n|\n|move|p1a: Crobat|Taunt|p2a: Qwilfish\n|-start|p2a: Qwilfish|move: Taunt\n|move|p2a: Qwilfish|Waterfall|p1a: Crobat\n|-damage|p1a: Crobat|183\/325\n|\n|-heal|p1a: Crobat|203\/325|[from] item: Black Sludge\n|turn|8\n|\n|switch|p2a: Nidoqueen|Nidoqueen, F|369\/369\n|move|p1a: Crobat|Defog|p2a: Nidoqueen\n|-unboost|p2a: Nidoqueen|evasion|1\n|-sideend|p1: Swamp Link|Spikes|[from] move: Defog|[of] p1a: Crobat\n|\n|-heal|p1a: Crobat|223\/325|[from] item: Black Sludge\n|turn|9\n|\n|move|p1a: Crobat|Brave Bird|p2a: Nidoqueen\n|-damage|p2a: Nidoqueen|189\/369\n|-damage|p1a: Crobat|164\/325|[from] recoil|[of] p2a: Nidoqueen\n|move|p2a: Nidoqueen|Ice Beam|p1a: Crobat\n|-supereffective|p1a: Crobat\n|-damage|p1a: Crobat|0 fnt\n|faint|p1a: Crobat\n|\n|\n|switch|p1a: Azelf|Azelf|262\/291\n|turn|10\n|\n|switch|p2a: Houndoom|Houndoom, F|135\/291\n|-formechange|p2a: Houndoom|Houndoom-Mega\n|move|p1a: Azelf|U-turn|p2a: Houndoom\n|-damage|p2a: Houndoom|38\/291\n|-damage|p1a: Azelf|233\/291|[from] item: Life Orb\n|\n|switch|p1a: Snorlax|Snorlax, M|388\/461\n|\n|turn|11\n|\n|switch|p2a: Qwilfish|Qwilfish, M|271\/271\n|-ability|p2a: Qwilfish|Intimidate|[of] p1a: Snorlax\n|-unboost|p1a: Snorlax|atk|1\n|move|p1a: Snorlax|Earthquake|p2a: Qwilfish\n|-supereffective|p2a: Qwilfish\n|-damage|p2a: Qwilfish|85\/271\n|\n|turn|12\n|\n|move|p2a: Qwilfish|Spikes|p1a: Snorlax\n|-sidestart|p1: Swamp Link|Spikes\n|move|p1a: Snorlax|Earthquake|p2a: Qwilfish\n|-supereffective|p2a: Qwilfish\n|-damage|p2a: Qwilfish|0 fnt\n|faint|p2a: Qwilfish\n|\n|\n|switch|p2a: Nidoqueen|Nidoqueen, F|189\/369\n|turn|13\n|\n|move|p2a: Nidoqueen|Stealth Rock|p1a: Snorlax\n|-sidestart|p1: Swamp Link|move: Stealth Rock\n|move|p1a: Snorlax|Earthquake|p2a: Nidoqueen\n|-supereffective|p2a: Nidoqueen\n|-damage|p2a: Nidoqueen|11\/369\n|\n|turn|14\n|\n|move|p2a: Nidoqueen|Earth Power|p1a: Snorlax\n|-damage|p1a: Snorlax|275\/461\n|move|p1a: Snorlax|Pursuit|p2a: Nidoqueen\n|-damage|p2a: Nidoqueen|0 fnt\n|faint|p2a: Nidoqueen\n|\n|\n|switch|p2a: Heracross|Heracross, F|301\/301\n|turn|15\n|\n|switch|p1a: Azelf|Azelf|233\/291\n|-damage|p1a: Azelf|197\/291|[from] Stealth Rock\n|move|p2a: Heracross|Close Combat|p1a: Azelf\n|-resisted|p1a: Azelf\n|-damage|p1a: Azelf|53\/291\n|-unboost|p2a: Heracross|def|1\n|-unboost|p2a: Heracross|spd|1\n|\n|turn|16\n|\n|move|p2a: Heracross|Close Combat|p1a: Azelf\n|-resisted|p1a: Azelf\n|-damage|p1a: Azelf|0 fnt\n|-unboost|p2a: Heracross|def|1\n|-unboost|p2a: Heracross|spd|1\n|faint|p1a: Azelf\n|-boost|p2a: Heracross|atk|1|[from] ability: Moxie\n|\n|\n|switch|p1a: Toxicroak|Toxicroak, M|307\/307\n|-damage|p1a: Toxicroak|288\/307|[from] Stealth Rock\n|-damage|p1a: Toxicroak|250\/307|[from] Spikes\n|turn|17\n|\n|switch|p2a: Mismagius|Mismagius, M|261\/261\n|move|p1a: Toxicroak|Gunk Shot|p2a: Mismagius\n|-resisted|p2a: Mismagius\n|-damage|p2a: Mismagius|70\/261\n|-status|p2a: Mismagius|psn\n|-damage|p1a: Toxicroak|220\/307|[from] item: Life Orb\n|\n|-heal|p2a: Mismagius|86\/261 psn|[from] item: Leftovers\n|-damage|p2a: Mismagius|54\/261 psn|[from] psn\n|turn|18\n|\n|switch|p1a: Snorlax|Snorlax, M|275\/461\n|-damage|p1a: Snorlax|218\/461|[from] Spikes\n|-damage|p1a: Snorlax|161\/461|[from] Stealth Rock\n|move|p2a: Mismagius|Shadow Ball|p1a: Snorlax\n|-immune|p1a: Snorlax|[msg]\n|\n|-heal|p2a: Mismagius|70\/261 psn|[from] item: Leftovers\n|-damage|p2a: Mismagius|38\/261 psn|[from] psn\n|turn|19\n|\n|move|p2a: Mismagius|Hidden Power|p1a: Snorlax\n|-supereffective|p1a: Snorlax\n|-damage|p1a: Snorlax|99\/461\n|move|p1a: Snorlax|Pursuit|p2a: Mismagius\n|-supereffective|p2a: Mismagius\n|-damage|p2a: Mismagius|0 fnt\n|faint|p2a: Mismagius\n|\n|\n|switch|p2a: Heracross|Heracross, F|301\/301\n|turn|20\n|\n|move|p2a: Heracross|Close Combat|p1a: Snorlax\n|-crit|p1a: Snorlax\n|-supereffective|p1a: Snorlax\n|-damage|p1a: Snorlax|0 fnt\n|-unboost|p2a: Heracross|def|1\n|-unboost|p2a: Heracross|spd|1\n|faint|p1a: Snorlax\n|-boost|p2a: Heracross|atk|1|[from] ability: Moxie\n|\n|\n|switch|p1a: Vaporeon|Vaporeon, F|464\/464\n|-damage|p1a: Vaporeon|406\/464|[from] Stealth Rock\n|-damage|p1a: Vaporeon|348\/464|[from] Spikes\n|turn|21\n|\n|switch|p2a: Celebi|Celebi|341\/341\n|move|p1a: Vaporeon|Scald|p2a: Celebi\n|-resisted|p2a: Celebi\n|-damage|p2a: Celebi|286\/341\n|\n|-heal|p1a: Vaporeon|377\/464|[from] item: Leftovers\n|turn|22\n|\n|move|p2a: Celebi|Nasty Plot|p2a: Celebi\n|-boost|p2a: Celebi|spa|2\n|move|p1a: Vaporeon|Wish|p1a: Vaporeon\n|\n|-heal|p1a: Vaporeon|406\/464|[from] item: Leftovers\n|turn|23\n|\n|move|p2a: Celebi|Giga Drain|p1a: Vaporeon\n|-supereffective|p1a: Vaporeon\n|-damage|p1a: Vaporeon|0 fnt\n|-heal|p2a: Celebi|341\/341|[from] drain|[of] p1a: Vaporeon\n|-damage|p2a: Celebi|307\/341|[from] item: Life Orb\n|faint|p1a: Vaporeon\n|\n|\n|switch|p1a: Toxicroak|Toxicroak, M|220\/307\n|-damage|p1a: Toxicroak|182\/307|[from] Spikes\n|-damage|p1a: Toxicroak|163\/307|[from] Stealth Rock\n|turn|24\n|\n|move|p2a: Celebi|Psychic|p1a: Toxicroak\n|-supereffective|p1a: Toxicroak\n|-damage|p1a: Toxicroak|0 fnt\n|-damage|p2a: Celebi|273\/341|[from] item: Life Orb\n|faint|p1a: Toxicroak\n|\n|\n|switch|p1a: Manectric|Manectric, M|281\/281\n|-damage|p1a: Manectric|246\/281|[from] Stealth Rock\n|-damage|p1a: Manectric|211\/281|[from] Spikes\n|turn|25\n|\n|-formechange|p1a: Manectric|Manectric-Mega\n|message|Manectric has Mega Evolved into Mega Manectric!\n|-ability|p1a: Manectric|Intimidate|[of] p2a: Celebi\n|-unboost|p2a: Celebi|atk|1\n|move|p1a: Manectric|Thunderbolt|p2a: Celebi\n|-resisted|p2a: Celebi\n|-damage|p2a: Celebi|198\/341\n|move|p2a: Celebi|Earth Power|p1a: Manectric\n|-supereffective|p1a: Manectric\n|-damage|p1a: Manectric|0 fnt\n|-damage|p2a: Celebi|164\/341|[from] item: Life Orb\n|faint|p1a: Manectric\n|\n|win|rig@mortus\n|raw|Ladder updating...\n|raw|Swamp Link's rating: 1513 &rarr; <strong>1486<\/strong><br \/>(-27 for losing)\n|raw|rig@mortus's rating: 1391 &rarr; <strong>1418<\/strong><br \/>(+27 for winning)\n|chat|Swamp Link|gg\n|chat|rig@mortus|gg\n|leave|Swamp Link\n|player|p1","inputlog":null,"uploadtime":1396477673,"views":5,"p1id":"swamplink","p2id":"rigmortus","formatid":"uu","rating":1418,"private":0,"password":null}