{"id":"uu-105505372","p1":"rig@mortus","p2":"Dat-Hax99","format":"uu","log":"|join|rig@mortus\n|join|Dat-Hax99\n|player|p1|rig@mortus|1\n|player|p2|Dat-Hax99|162\n|gametype|singles\n|gen|6\n|tier|UU\n|rated\n|clearpoke\n|poke|p1|Qwilfish, M\n|poke|p1|Houndoom, F\n|poke|p1|Celebi\n|poke|p1|Heracross, M\n|poke|p1|Nidoqueen, F\n|poke|p1|Mismagius, F\n|poke|p2|Carbink\n|poke|p2|Tangrowth, M\n|poke|p2|Nidoking, M\n|poke|p2|Victini\n|poke|p2|Honchkrow, F\n|poke|p2|Blastoise, M\n|rule|Sleep Clause Mod: Limit one foe put to sleep\n|rule|Species Clause: Limit one of each Pokemon\n|rule|OHKO Clause: OHKO moves are banned\n|rule|Moody Clause: Moody is banned\n|rule|Evasion Moves Clause: Evasion moves are banned\n|rule|Endless Battle Clause: Forcing endless battles is banned.\n|rule|HP Percentage Mod: HP is reported as percentages\n|teampreview\n|\n|start\n|switch|p1a: Qwilfish|Qwilfish, M|271\/271\n|switch|p2a: Victini|Victini|341\/341\n|-ability|p1a: Qwilfish|Intimidate|[of] p2a: Victini\n|-unboost|p2a: Victini|atk|1\n|turn|1\n|\n|move|p2a: Victini|Bolt Strike|p1a: Qwilfish|[miss]\n|-miss|p2a: Victini|p1a: Qwilfish\n|move|p1a: Qwilfish|Spikes|p2a: Victini\n|-sidestart|p2: Dat-Hax99|Spikes\n|\n|turn|2\n|\n|move|p2a: Victini|Bolt Strike|p1a: Qwilfish\n|-crit|p1a: Qwilfish\n|-supereffective|p1a: Qwilfish\n|-enditem|p1a: Qwilfish|Focus Sash\n|-damage|p1a: Qwilfish|1\/271\n|move|p1a: Qwilfish|Spikes|p2a: Victini\n|-sidestart|p2: Dat-Hax99|Spikes\n|\n|turn|3\n|\n|switch|p1a: Nidoqueen|Nidoqueen, F|369\/369\n|move|p2a: Victini|Bolt Strike|p1a: Nidoqueen\n|-immune|p1a: Nidoqueen|[msg]\n|\n|turn|4\n|\n|switch|p2a: Honchkrow|Honchkrow, F|404\/404\n|move|p1a: Nidoqueen|Sludge Wave|p2a: Honchkrow\n|-damage|p2a: Honchkrow|57\/404\n|\n|-heal|p2a: Honchkrow|82\/404|[from] item: Leftovers\n|turn|5\n|\n|move|p1a: Nidoqueen|Stealth Rock|p2a: Honchkrow\n|-sidestart|p2: Dat-Hax99|move: Stealth Rock\n|move|p2a: Honchkrow|Defog|p1a: Nidoqueen\n|-unboost|p1a: Nidoqueen|evasion|1\n|-sideend|p2: Dat-Hax99|Spikes|[from] move: Defog|[of] p2a: Honchkrow\n|-sideend|p2: Dat-Hax99|Stealth Rock|[from] move: Defog|[of] p2a: Honchkrow\n|\n|-heal|p2a: Honchkrow|107\/404|[from] item: Leftovers\n|turn|6\n|\n|switch|p2a: Nidoking|Nidoking, M|304\/304\n|move|p1a: Nidoqueen|Stealth Rock|p2a: Nidoking\n|-sidestart|p2: Dat-Hax99|move: Stealth Rock\n|\n|turn|7\n|\n|switch|p1a: Qwilfish|Qwilfish, M|1\/271\n|-ability|p1a: Qwilfish|Intimidate|[of] p2a: Nidoking\n|-unboost|p2a: Nidoking|atk|1\n|move|p2a: Nidoking|Earth Power|p1a: Qwilfish\n|-supereffective|p1a: Qwilfish\n|-damage|p1a: Qwilfish|0 fnt\n|faint|p1a: Qwilfish\n|\n|\n|switch|p1a: Mismagius|Mismagius, F|261\/261\n|turn|8\n|\n|switch|p2a: Carbink|Carbink|304\/304\n|-damage|p2a: Carbink|266\/304|[from] Stealth Rock\n|move|p1a: Mismagius|Nasty Plot|p1a: Mismagius\n|-boost|p1a: Mismagius|spa|2\n|\n|-heal|p2a: Carbink|285\/304|[from] item: Leftovers\n|turn|9\n|\n|move|p1a: Mismagius|Shadow Ball|p2a: Carbink\n|-damage|p2a: Carbink|156\/304\n|move|p2a: Carbink|Toxic|p1a: Mismagius\n|-status|p1a: Mismagius|tox\n|\n|-heal|p2a: Carbink|175\/304|[from] item: Leftovers\n|-damage|p1a: Mismagius|245\/261 tox|[from] psn\n|turn|10\n|\n|move|p1a: Mismagius|Shadow Ball|p2a: Carbink\n|-damage|p2a: Carbink|39\/304\n|move|p2a: Carbink|Moonblast|p1a: Mismagius\n|-damage|p1a: Mismagius|182\/261 tox\n|-unboost|p1a: Mismagius|spa|1\n|\n|-heal|p1a: Mismagius|198\/261 tox|[from] item: Leftovers\n|-heal|p2a: Carbink|58\/304|[from] item: Leftovers\n|-damage|p1a: Mismagius|166\/261 tox|[from] psn\n|turn|11\n|\n|move|p2a: Carbink|Protect|p2a: Carbink\n|-singleturn|p2a: Carbink|Protect\n|move|p1a: Mismagius|Shadow Ball|p2a: Carbink\n|-activate|p2a: Carbink|Protect\n|\n|-heal|p1a: Mismagius|182\/261 tox|[from] item: Leftovers\n|-heal|p2a: Carbink|77\/304|[from] item: Leftovers\n|-damage|p1a: Mismagius|134\/261 tox|[from] psn\n|turn|12\n|\n|switch|p2a: Blastoise|Blastoise, M|362\/362\n|-damage|p2a: Blastoise|317\/362|[from] Stealth Rock\n|move|p1a: Mismagius|Shadow Ball|p2a: Blastoise\n|-damage|p2a: Blastoise|127\/362\n|\n|-heal|p1a: Mismagius|150\/261 tox|[from] item: Leftovers\n|-damage|p1a: Mismagius|86\/261 tox|[from] psn\n|turn|13\n|\n|-formechange|p2a: Blastoise|Blastoise-Mega\n|message|Blastoise has Mega Evolved into Mega Blastoise!\n|move|p1a: Mismagius|Thunderbolt|p2a: Blastoise\n|-supereffective|p2a: Blastoise\n|-damage|p2a: Blastoise|0 fnt\n|faint|p2a: Blastoise\n|\n|-heal|p1a: Mismagius|102\/261 tox|[from] item: Leftovers\n|-damage|p1a: Mismagius|22\/261 tox|[from] psn\n|\n|switch|p2a: Nidoking|Nidoking, M|304\/304\n|-damage|p2a: Nidoking|285\/304|[from] Stealth Rock\n|turn|14\n|\n|move|p2a: Nidoking|Ice Beam|p1a: Mismagius\n|-damage|p1a: Mismagius|0 fnt\n|faint|p1a: Mismagius\n|\n|\n|switch|p1a: Houndoom|Houndoom, F|291\/291\n|turn|15\n|\n|switch|p2a: Carbink|Carbink|77\/304\n|-damage|p2a: Carbink|39\/304|[from] Stealth Rock\n|-formechange|p1a: Houndoom|Houndoom-Mega\n|message|Houndoom has Mega Evolved into Mega Houndoom!\n|move|p1a: Houndoom|Substitute|p1a: Houndoom\n|-start|p1a: Houndoom|Substitute\n|-damage|p1a: Houndoom|219\/291\n|\n|-heal|p2a: Carbink|58\/304|[from] item: Leftovers\n|turn|16\n|\n|move|p1a: Houndoom|Nasty Plot|p1a: Houndoom\n|-boost|p1a: Houndoom|spa|2\n|move|p2a: Carbink|Moonblast|p1a: Houndoom\n|-end|p1a: Houndoom|Substitute\n|\n|-heal|p2a: Carbink|77\/304|[from] item: Leftovers\n|turn|17\n|\n|move|p2a: Carbink|Protect|p2a: Carbink\n|-singleturn|p2a: Carbink|Protect\n|move|p1a: Houndoom|Dark Pulse|p2a: Carbink\n|-activate|p2a: Carbink|Protect\n|\n|-heal|p2a: Carbink|96\/304|[from] item: Leftovers\n|turn|18\n|\n|move|p1a: Houndoom|Fire Blast|p2a: Carbink\n|-resisted|p2a: Carbink\n|-damage|p2a: Carbink|0 fnt\n|faint|p2a: Carbink\n|\n|\n|switch|p2a: Honchkrow|Honchkrow, F|107\/404\n|-damage|p2a: Honchkrow|6\/404|[from] Stealth Rock\n|turn|19\n|\n|move|p2a: Honchkrow|Sucker Punch|p1a: Houndoom\n|-fail|p1a: Houndoom\n|move|p1a: Houndoom|Substitute|p1a: Houndoom\n|-start|p1a: Houndoom|Substitute\n|-damage|p1a: Houndoom|147\/291\n|\n|-heal|p2a: Honchkrow|31\/404|[from] item: Leftovers\n|turn|20\n|\n|move|p1a: Houndoom|Dark Pulse|p2a: Honchkrow\n|-resisted|p2a: Honchkrow\n|-damage|p2a: Honchkrow|0 fnt\n|faint|p2a: Honchkrow\n|\n|\n|switch|p2a: Nidoking|Nidoking, M|285\/304\n|-damage|p2a: Nidoking|266\/304|[from] Stealth Rock\n|turn|21\n|\n|move|p2a: Nidoking|Earth Power|p1a: Houndoom\n|-supereffective|p1a: Houndoom\n|-end|p1a: Houndoom|Substitute\n|move|p1a: Houndoom|Dark Pulse|p2a: Nidoking\n|-damage|p2a: Nidoking|0 fnt\n|faint|p2a: Nidoking\n|\n|\n|switch|p2a: Victini|Victini|341\/341\n|-damage|p2a: Victini|256\/341|[from] Stealth Rock\n|turn|22\n|\n|switch|p1a: Nidoqueen|Nidoqueen, F|369\/369\n|move|p2a: Victini|U-turn|p1a: Nidoqueen\n|-resisted|p1a: Nidoqueen\n|-damage|p1a: Nidoqueen|312\/369\n|\n|switch|p2a: Tangrowth|Tangrowth, M|404\/404\n|-damage|p2a: Tangrowth|354\/404|[from] Stealth Rock\n|\n|-heal|p2a: Tangrowth|379\/404|[from] item: Leftovers\n|turn|23\n|\n|move|p1a: Nidoqueen|Sludge Wave|p2a: Tangrowth\n|-supereffective|p2a: Tangrowth\n|-damage|p2a: Tangrowth|0 fnt\n|faint|p2a: Tangrowth\n|\n|\n|switch|p2a: Victini|Victini|256\/341\n|-damage|p2a: Victini|171\/341|[from] Stealth Rock\n|turn|24\n|\n|move|p2a: Victini|V-create|p1a: Nidoqueen\n|-damage|p1a: Nidoqueen|0 fnt\n|-unboost|p2a: Victini|def|1\n|-unboost|p2a: Victini|spd|1\n|-unboost|p2a: Victini|spe|1\n|faint|p1a: Nidoqueen\n|\n|\n|switch|p1a: Houndoom|Houndoom, F|147\/291\n|-formechange|p1a: Houndoom|Houndoom-Mega\n|turn|25\n|chat|Dat-Hax99|gg\n|\n|move|p1a: Houndoom|Dark Pulse|p2a: Victini\n|-supereffective|p2a: Victini\n|-damage|p2a: Victini|0 fnt\n|faint|p2a: Victini\n|\n|win|rig@mortus\n|raw|Ladder updating...\n|chat|rig@mortus|gg\n|raw|rig@mortus's rating: 1376 &rarr; <strong>1391<\/strong><br \/>(+15 for winning)\n|raw|Dat-Hax99's rating: 1299 &rarr; <strong>1280<\/strong><br \/>(-19 for losing)\n|leave|Dat-Hax99\n|player|p2","inputlog":null,"uploadtime":1396477050,"views":5,"p1id":"rigmortus","p2id":"dathax99","formatid":"uu","rating":1280,"private":0,"password":null}