{"id":"uu-105561130","p1":"rig@mortus","p2":"salamence66","format":"uu","log":"|join|rig@mortus\n|join|salamence66\n|player|p1|rig@mortus|1\n|player|p2|salamence66|281\n|gametype|singles\n|gen|6\n|tier|UU\n|rated\n|clearpoke\n|poke|p1|Florges, F\n|poke|p1|Aggron, F\n|poke|p1|Qwilfish, M\n|poke|p1|Hitmontop, M\n|poke|p1|Sableye, M\n|poke|p1|Moltres\n|poke|p2|Blastoise, M\n|poke|p2|Leafeon, M\n|poke|p2|Nidoking, M\n|poke|p2|Galvantula, F\n|poke|p2|Darmanitan, F\n|poke|p2|Drifblim, M\n|rule|Sleep Clause Mod: Limit one foe put to sleep\n|rule|Species Clause: Limit one of each Pokemon\n|rule|OHKO Clause: OHKO moves are banned\n|rule|Moody Clause: Moody is banned\n|rule|Evasion Moves Clause: Evasion moves are banned\n|rule|Endless Battle Clause: Forcing endless battles is banned.\n|rule|HP Percentage Mod: HP is reported as percentages\n|teampreview\n|\n|start\n|switch|p1a: Sableye|Sableye, M|303\/303\n|switch|p2a: Nidoking|Nidoking, M|304\/304\n|turn|1\n|\n|move|p2a: Nidoking|Earth Power|p1a: Sableye\n|-damage|p1a: Sableye|76\/303\n|move|p1a: Sableye|Knock Off|p2a: Nidoking\n|-damage|p2a: Nidoking|195\/304\n|-enditem|p2a: Nidoking|Life Orb|[from] move: Knock Off|[of] p1a: Sableye\n|\n|-heal|p1a: Sableye|94\/303|[from] item: Leftovers\n|turn|2\n|\n|move|p1a: Sableye|Recover|p1a: Sableye\n|-heal|p1a: Sableye|246\/303\n|move|p2a: Nidoking|Earth Power|p1a: Sableye\n|-damage|p1a: Sableye|75\/303\n|\n|-heal|p1a: Sableye|93\/303|[from] item: Leftovers\n|turn|3\n|\n|move|p1a: Sableye|Recover|p1a: Sableye\n|-heal|p1a: Sableye|245\/303\n|move|p2a: Nidoking|Earth Power|p1a: Sableye\n|-damage|p1a: Sableye|61\/303\n|\n|-heal|p1a: Sableye|79\/303|[from] item: Leftovers\n|turn|4\n|\n|switch|p1a: Florges|Florges, F|359\/359\n|move|p2a: Nidoking|Earth Power|p1a: Florges\n|-damage|p1a: Florges|254\/359\n|\n|-heal|p1a: Florges|276\/359|[from] item: Leftovers\n|turn|5\n|\n|move|p2a: Nidoking|Sludge Wave|p1a: Florges\n|-supereffective|p1a: Florges\n|-damage|p1a: Florges|70\/359\n|move|p1a: Florges|Wish|p1a: Florges\n|\n|-heal|p1a: Florges|92\/359|[from] item: Leftovers\n|turn|6\n|\n|move|p1a: Florges|Protect|p1a: Florges\n|-singleturn|p1a: Florges|Protect\n|move|p2a: Nidoking|Earth Power|p1a: Florges\n|-activate|p1a: Florges|Protect\n|\n|-heal|p1a: Florges|271\/359|[from] move: Wish|[wisher] Florges\n|-heal|p1a: Florges|293\/359|[from] item: Leftovers\n|turn|7\n|\n|move|p2a: Nidoking|Sludge Wave|p1a: Florges\n|-supereffective|p1a: Florges\n|-damage|p1a: Florges|63\/359\n|move|p1a: Florges|Wish|p1a: Florges\n|\n|-heal|p1a: Florges|85\/359|[from] item: Leftovers\n|turn|8\n|\n|move|p1a: Florges|Protect|p1a: Florges\n|-singleturn|p1a: Florges|Protect\n|move|p2a: Nidoking|Earth Power|p1a: Florges\n|-activate|p1a: Florges|Protect\n|\n|-heal|p1a: Florges|264\/359|[from] move: Wish|[wisher] Florges\n|-heal|p1a: Florges|286\/359|[from] item: Leftovers\n|turn|9\n|\n|move|p2a: Nidoking|Sludge Wave|p1a: Florges\n|-supereffective|p1a: Florges\n|-damage|p1a: Florges|74\/359\n|move|p1a: Florges|Wish|p1a: Florges\n|\n|-heal|p1a: Florges|96\/359|[from] item: Leftovers\n|turn|10\n|chat|salamence66|the point of this?\n|\n|move|p1a: Florges|Protect|p1a: Florges\n|-singleturn|p1a: Florges|Protect\n|move|p2a: Nidoking|Earth Power|p1a: Florges\n|-activate|p1a: Florges|Protect\n|\n|-heal|p1a: Florges|275\/359|[from] move: Wish|[wisher] Florges\n|-heal|p1a: Florges|297\/359|[from] item: Leftovers\n|turn|11\n|\n|switch|p1a: Moltres|Moltres|383\/383\n|-ability|p1a: Moltres|Pressure\n|move|p2a: Nidoking|Sludge Wave|p1a: Moltres\n|-crit|p1a: Moltres\n|-damage|p1a: Moltres|55\/383\n|\n|-heal|p1a: Moltres|78\/383|[from] item: Leftovers\n|turn|12\n|\n|move|p1a: Moltres|Roost|p1a: Moltres\n|-heal|p1a: Moltres|270\/383\n|move|p2a: Nidoking|Sludge Wave|p1a: Moltres\n|-damage|p1a: Moltres|54\/383\n|\n|-heal|p1a: Moltres|77\/383|[from] item: Leftovers\n|turn|13\n|\n|move|p1a: Moltres|Roost|p1a: Moltres\n|-heal|p1a: Moltres|269\/383\n|move|p2a: Nidoking|Earth Power|p1a: Moltres\n|-supereffective|p1a: Moltres\n|-damage|p1a: Moltres|0 fnt\n|faint|p1a: Moltres\n|\n|\n|switch|p1a: Aggron|Aggron, F|343\/343\n|turn|14\n|\n|-formechange|p1a: Aggron|Aggron-Mega\n|message|Aggron has Mega Evolved into Mega Aggron!\n|move|p2a: Nidoking|Earth Power|p1a: Aggron\n|-supereffective|p1a: Aggron\n|-damage|p1a: Aggron|117\/343\n|move|p1a: Aggron|Earthquake|p2a: Nidoking\n|-supereffective|p2a: Nidoking\n|-damage|p2a: Nidoking|0 fnt\n|faint|p2a: Nidoking\n|\n|\n|switch|p2a: Blastoise|Blastoise, M|362\/362\n|turn|15\n|\n|switch|p1a: Florges|Florges, F|297\/359\n|-formechange|p2a: Blastoise|Blastoise-Mega\n|message|Blastoise has Mega Evolved into Mega Blastoise!\n|move|p2a: Blastoise|Scald|p1a: Florges\n|-damage|p1a: Florges|189\/359\n|\n|-heal|p1a: Florges|211\/359|[from] item: Leftovers\n|turn|16\n|\n|switch|p2a: Darmanitan|Darmanitan, F|352\/352\n|move|p1a: Florges|Wish|p1a: Florges\n|\n|-heal|p1a: Florges|233\/359|[from] item: Leftovers\n|turn|17\n|\n|move|p1a: Florges|Protect|p1a: Florges\n|-singleturn|p1a: Florges|Protect\n|move|p2a: Darmanitan|Flare Blitz|p1a: Florges\n|-activate|p1a: Florges|Protect\n|\n|-heal|p1a: Florges|359\/359|[from] move: Wish|[wisher] Florges\n|turn|18\n|\n|switch|p1a: Qwilfish|Qwilfish, M|333\/333\n|-ability|p1a: Qwilfish|Intimidate|[of] p2a: Darmanitan\n|-unboost|p2a: Darmanitan|atk|1\n|move|p2a: Darmanitan|Flare Blitz|p1a: Qwilfish\n|-resisted|p1a: Qwilfish\n|-damage|p1a: Qwilfish|247\/333\n|-damage|p2a: Darmanitan|324\/352|[from] recoil|[of] p1a: Qwilfish\n|\n|-heal|p1a: Qwilfish|267\/333|[from] item: Black Sludge\n|turn|19\n|\n|switch|p2a: Galvantula|Galvantula, F|281\/281\n|move|p1a: Qwilfish|Toxic Spikes|p2a: Galvantula\n|-sidestart|p2: salamence66|move: Toxic Spikes\n|\n|-heal|p1a: Qwilfish|287\/333|[from] item: Black Sludge\n|turn|20\n|\n|switch|p1a: Florges|Florges, F|359\/359\n|move|p2a: Galvantula|Thunder|p1a: Florges|[miss]\n|-miss|p2a: Galvantula|p1a: Florges\n|\n|turn|21\n|\n|move|p2a: Galvantula|Sticky Web|p1a: Florges\n|-sidestart|p1: rig@mortus|move: Sticky Web\n|move|p1a: Florges|Moonblast|p2a: Galvantula\n|-damage|p2a: Galvantula|82\/281\n|\n|turn|22\n|\n|switch|p2a: Blastoise|Blastoise, M|362\/362\n|-formechange|p2a: Blastoise|Blastoise-Mega\n|-status|p2a: Blastoise|psn\n|move|p1a: Florges|Moonblast|p2a: Blastoise\n|-damage|p2a: Blastoise|250\/362 psn\n|\n|-damage|p2a: Blastoise|205\/362 psn|[from] psn\n|turn|23\n|\n|move|p1a: Florges|Protect|p1a: Florges\n|-singleturn|p1a: Florges|Protect\n|move|p2a: Blastoise|Rapid Spin|p1a: Florges\n|-activate|p1a: Florges|Protect\n|\n|-damage|p2a: Blastoise|160\/362 psn|[from] psn\n|turn|24\n|\n|move|p2a: Blastoise|Rapid Spin|p1a: Florges\n|-damage|p1a: Florges|345\/359\n|-sideend|p2: salamence66|Toxic Spikes|[from] move: Rapid Spin|[of] p2a: Blastoise\n|move|p1a: Florges|Moonblast|p2a: Blastoise\n|-damage|p2a: Blastoise|52\/362 psn\n|-unboost|p2a: Blastoise|spa|1\n|\n|-heal|p1a: Florges|359\/359|[from] item: Leftovers\n|-damage|p2a: Blastoise|7\/362 psn|[from] psn\n|turn|25\n|\n|switch|p2a: Leafeon|Leafeon, M|271\/271\n|move|p1a: Florges|Wish|p1a: Florges\n|\n|turn|26\n|\n|switch|p1a: Aggron|Aggron, F|117\/343\n|-formechange|p1a: Aggron|Aggron-Mega\n|-activate|p1a: Aggron|move: Sticky Web\n|-unboost|p1a: Aggron|spe|1\n|move|p2a: Leafeon|Swords Dance|p2a: Leafeon\n|-boost|p2a: Leafeon|atk|2\n|\n|-heal|p1a: Aggron|296\/343|[from] move: Wish|[wisher] Florges\n|turn|27\n|\n|move|p2a: Leafeon|Knock Off|p1a: Aggron\n|-damage|p1a: Aggron|240\/343\n|move|p1a: Aggron|Roar|p2a: Leafeon\n|drag|p2a: Darmanitan|Darmanitan, F|324\/352\n|\n|turn|28\n|\n|switch|p2a: Blastoise|Blastoise, M|7\/362 psn\n|-formechange|p2a: Blastoise|Blastoise-Mega\n|switch|p1a: Qwilfish|Qwilfish, M|287\/333\n|-activate|p1a: Qwilfish|move: Sticky Web\n|-unboost|p1a: Qwilfish|spe|1\n|-ability|p1a: Qwilfish|Intimidate|[of] p2a: Blastoise\n|-unboost|p2a: Blastoise|atk|1\n|\n|-heal|p1a: Qwilfish|307\/333|[from] item: Black Sludge\n|-damage|p2a: Blastoise|0 fnt|[from] psn\n|faint|p2a: Blastoise\n|\n|switch|p2a: Drifblim|Drifblim, M|441\/441\n|turn|29\n|\n|switch|p1a: Aggron|Aggron, F|240\/343\n|-formechange|p1a: Aggron|Aggron-Mega\n|-activate|p1a: Aggron|move: Sticky Web\n|-unboost|p1a: Aggron|spe|1\n|move|p2a: Drifblim|Thunderbolt|p1a: Aggron\n|-damage|p1a: Aggron|165\/343\n|\n|turn|30\n|\n|switch|p2a: Darmanitan|Darmanitan, F|324\/352\n|move|p1a: Aggron|Stealth Rock|p2a: Darmanitan\n|-sidestart|p2: salamence66|move: Stealth Rock\n|\n|turn|31\n|\n|switch|p1a: Qwilfish|Qwilfish, M|307\/333\n|-activate|p1a: Qwilfish|move: Sticky Web\n|-unboost|p1a: Qwilfish|spe|1\n|-ability|p1a: Qwilfish|Intimidate|[of] p2a: Darmanitan\n|-unboost|p2a: Darmanitan|atk|1\n|move|p2a: Darmanitan|Flare Blitz|p1a: Qwilfish\n|-resisted|p1a: Qwilfish\n|-damage|p1a: Qwilfish|217\/333\n|-damage|p2a: Darmanitan|294\/352|[from] recoil|[of] p1a: Qwilfish\n|\n|-heal|p1a: Qwilfish|237\/333|[from] item: Black Sludge\n|turn|32\n|\n|switch|p2a: Leafeon|Leafeon, M|271\/271\n|-damage|p2a: Leafeon|238\/271|[from] Stealth Rock\n|move|p1a: Qwilfish|Spikes|p2a: Leafeon\n|-sidestart|p2: salamence66|Spikes\n|\n|-heal|p2a: Leafeon|254\/271|[from] item: Leftovers\n|-heal|p1a: Qwilfish|257\/333|[from] item: Black Sludge\n|turn|33\n|-message|salamence66 forfeited.\n|\n|win|rig@mortus\n|raw|Ladder updating...\n|leave|salamence66\n|player|p2\n|raw|rig@mortus's rating: 1437 &rarr; <strong>1449<\/strong><br \/>(+12 for winning)\n|raw|salamence66's rating: 1276 &rarr; <strong>1262<\/strong><br \/>(-14 for losing)","inputlog":null,"uploadtime":1396487992,"views":6,"p1id":"rigmortus","p2id":"salamence66","formatid":"uu","rating":1262,"private":0,"password":null}