{"id":"uususpecttest-396371530","p1":"therockcena","p2":"SonicBoomBox","format":"uususpecttest","log":"|j|therockcena\n|j|SonicBoomBox\n|player|p1|therockcena|1\n|player|p2|SonicBoomBox|12\n|gametype|singles\n|gen|6\n|tier|UU (suspect test)\n|rated\n|seed|\n|rule|Sleep Clause Mod: Limit one foe put to sleep\n|rule|Species Clause: Limit one of each Pok\u00e9mon\n|rule|OHKO Clause: OHKO moves are banned\n|rule|Moody Clause: Moody is banned\n|rule|Evasion Moves Clause: Evasion moves are banned\n|rule|Endless Battle Clause: Forcing endless battles is banned\n|rule|HP Percentage Mod: HP is shown in percentages\n|clearpoke\n|poke|p1|Umbreon, F, shiny|item\n|poke|p1|Espeon, F|item\n|poke|p1|Nidoking, M|item\n|poke|p1|Krookodile, F, shiny|item\n|poke|p1|Haxorus, M|item\n|poke|p1|Snorlax, M|item\n|poke|p2|Absol, F|item\n|poke|p2|Sylveon, F, shiny|item\n|poke|p2|Conkeldurr, M|item\n|poke|p2|Heliolisk, F|item\n|poke|p2|Whimsicott, M|item\n|poke|p2|Gyarados, F|item\n|rule|Swagger Clause: Swagger is banned\n|rule|Baton Pass Clause: Limit one Baton Passer, can't pass Spe and other stats simultaneously\n|teampreview\n|choice||\n|\n|start\n|switch|p1a: Snorlax|Snorlax, M|100\/100\n|switch|p2a: Witty Name Pls|Whimsicott, M|100\/100\n|turn|1\n|choice||\n|\n|move|p2a: Witty Name Pls|Taunt|p1a: Snorlax\n|-start|p1a: Snorlax|move: Taunt\n|cant|p1a: Snorlax|move: Taunt|Curse\n|\n|turn|2\n|choice||\n|\n|move|p2a: Witty Name Pls|Nature Power|p1a: Snorlax\n|move|p2a: Witty Name Pls|Tri Attack|p1a: Snorlax|[from]Nature Power\n|-damage|p1a: Snorlax|90\/100\n|-damage|p2a: Witty Name Pls|91\/100|[from] item: Life Orb\n|move|p1a: Snorlax|Return|p2a: Witty Name Pls\n|-damage|p2a: Witty Name Pls|36\/100\n|\n|-heal|p1a: Snorlax|96\/100|[from] item: Leftovers\n|turn|3\n|choice||\n|\n|move|p2a: Witty Name Pls|Memento|p1a: Snorlax\n|-unboost|p1a: Snorlax|atk|2\n|-unboost|p1a: Snorlax|spa|2\n|faint|p2a: Witty Name Pls\n|move|p1a: Snorlax|Return|p2: Witty Name Pls|[notarget]\n|-notarget\n|\n|-heal|p1a: Snorlax|100\/100|[from] item: Leftovers\n|-end|p1a: Snorlax|move: Taunt\n|choice||\n|\n|switch|p2a: Gyara-ddos|Gyarados, F|100\/100\n|turn|4\n|choice||\n|\n|switch|p1a: Espeon|Espeon, F|100\/100\n|move|p2a: Gyara-ddos|Substitute|p2a: Gyara-ddos\n|-start|p2a: Gyara-ddos|Substitute\n|-damage|p2a: Gyara-ddos|76\/100\n|\n|-heal|p2a: Gyara-ddos|82\/100|[from] item: Leftovers\n|turn|5\n|choice||\n|\n|move|p1a: Espeon|Psychic|p2a: Gyara-ddos\n|-crit|p2a: Gyara-ddos\n|-end|p2a: Gyara-ddos|Substitute\n|-damage|p1a: Espeon|91\/100|[from] item: Life Orb\n|move|p2a: Gyara-ddos|Dragon Dance|p2a: Gyara-ddos\n|-boost|p2a: Gyara-ddos|atk|1\n|-boost|p2a: Gyara-ddos|spe|1\n|\n|-heal|p2a: Gyara-ddos|88\/100|[from] item: Leftovers\n|turn|6\n|choice||\n|\n|move|p2a: Gyara-ddos|Waterfall|p1a: Espeon\n|-damage|p1a: Espeon|0 fnt\n|faint|p1a: Espeon\n|-ability|p2a: Gyara-ddos|Moxie|boost\n|-boost|p2a: Gyara-ddos|atk|1\n|\n|-heal|p2a: Gyara-ddos|94\/100|[from] item: Leftovers\n|choice||\n|\n|switch|p1a: Nidoking|Nidoking, M|100\/100\n|turn|7\n|choice||\n|\n|move|p2a: Gyara-ddos|Waterfall|p1a: Nidoking\n|-supereffective|p1a: Nidoking\n|-damage|p1a: Nidoking|0 fnt\n|faint|p1a: Nidoking\n|-ability|p2a: Gyara-ddos|Moxie|boost\n|-boost|p2a: Gyara-ddos|atk|1\n|\n|-heal|p2a: Gyara-ddos|99\/100|[from] item: Leftovers\n|choice||\n|\n|switch|p1a: Umbreon|Umbreon, F, shiny|100\/100\n|turn|8\n|choice||\n|\n|move|p2a: Gyara-ddos|Substitute|p2a: Gyara-ddos\n|-start|p2a: Gyara-ddos|Substitute\n|-damage|p2a: Gyara-ddos|75\/100\n|move|p1a: Umbreon|Wish|p1a: Umbreon\n|\n|-heal|p2a: Gyara-ddos|81\/100|[from] item: Leftovers\n|turn|9\n|choice||\n|\n|move|p2a: Gyara-ddos|Dragon Dance|p2a: Gyara-ddos\n|-boost|p2a: Gyara-ddos|atk|1\n|-boost|p2a: Gyara-ddos|spe|1\n|move|p1a: Umbreon|Foul Play|p2a: Gyara-ddos\n|-end|p2a: Gyara-ddos|Substitute\n|\n|-heal|p2a: Gyara-ddos|87\/100|[from] item: Leftovers\n|turn|10\n|choice||\n|\n|move|p2a: Gyara-ddos|Substitute|p2a: Gyara-ddos\n|-start|p2a: Gyara-ddos|Substitute\n|-damage|p2a: Gyara-ddos|62\/100\n|move|p1a: Umbreon|Wish|p1a: Umbreon\n|\n|-heal|p2a: Gyara-ddos|68\/100|[from] item: Leftovers\n|turn|11\n|choice||\n|\n|move|p2a: Gyara-ddos|Waterfall|p1a: Umbreon\n|-damage|p1a: Umbreon|18\/100\n|move|p1a: Umbreon|Foul Play|p2a: Gyara-ddos\n|-end|p2a: Gyara-ddos|Substitute\n|\n|-heal|p1a: Umbreon|68\/100|[from] move: Wish|[wisher] Umbreon\n|-heal|p2a: Gyara-ddos|75\/100|[from] item: Leftovers\n|-heal|p1a: Umbreon|74\/100|[from] item: Leftovers\n|turn|12\n|choice||\n|\n|move|p2a: Gyara-ddos|Waterfall|p1a: Umbreon\n|-damage|p1a: Umbreon|2\/100\n|cant|p1a: Umbreon|flinch\n|\n|-heal|p2a: Gyara-ddos|81\/100|[from] item: Leftovers\n|-heal|p1a: Umbreon|8\/100|[from] item: Leftovers\n|turn|13\n|choice||\n|\n|move|p2a: Gyara-ddos|Waterfall|p1a: Umbreon\n|-damage|p1a: Umbreon|0 fnt\n|faint|p1a: Umbreon\n|-ability|p2a: Gyara-ddos|Moxie|boost\n|-boost|p2a: Gyara-ddos|atk|1\n|\n|-heal|p2a: Gyara-ddos|87\/100|[from] item: Leftovers\n|choice||\n|\n|switch|p1a: Snorlax|Snorlax, M|100\/100\n|turn|14\n|choice||\n|\n|move|p2a: Gyara-ddos|Substitute|p2a: Gyara-ddos\n|-start|p2a: Gyara-ddos|Substitute\n|-damage|p2a: Gyara-ddos|62\/100\n|move|p1a: Snorlax|Curse|p1a: Snorlax\n|-unboost|p1a: Snorlax|spe|1\n|-boost|p1a: Snorlax|atk|1\n|-boost|p1a: Snorlax|def|1\n|\n|-heal|p2a: Gyara-ddos|68\/100|[from] item: Leftovers\n|turn|15\n|choice||\n|\n|move|p2a: Gyara-ddos|Dragon Dance|p2a: Gyara-ddos\n|-boost|p2a: Gyara-ddos|atk|1\n|-boost|p2a: Gyara-ddos|spe|1\n|move|p1a: Snorlax|Curse|p1a: Snorlax\n|-unboost|p1a: Snorlax|spe|1\n|-boost|p1a: Snorlax|atk|1\n|-boost|p1a: Snorlax|def|1\n|\n|-heal|p2a: Gyara-ddos|74\/100|[from] item: Leftovers\n|turn|16\n|choice||\n|\n|move|p2a: Gyara-ddos|Waterfall|p1a: Snorlax\n|-damage|p1a: Snorlax|31\/100\n|move|p1a: Snorlax|Curse|p1a: Snorlax\n|-unboost|p1a: Snorlax|spe|1\n|-boost|p1a: Snorlax|atk|1\n|-boost|p1a: Snorlax|def|1\n|\n|-heal|p2a: Gyara-ddos|80\/100|[from] item: Leftovers\n|-heal|p1a: Snorlax|37\/100|[from] item: Leftovers\n|turn|17\n|choice||\n|\n|move|p2a: Gyara-ddos|Waterfall|p1a: Snorlax\n|-damage|p1a: Snorlax|0 fnt\n|faint|p1a: Snorlax\n|-boost|p2a: Gyara-ddos|atk|0\n|\n|-heal|p2a: Gyara-ddos|86\/100|[from] item: Leftovers\n|-message|therockcena forfeited.\n|\n|win|SonicBoomBox\n|player|p1\n|player|p2\n|l|therockcena\n|raw|therockcena's rating: 1040 &rarr; <strong>1026<\/strong><br \/>(-14 for losing)\n|raw|SonicBoomBox's rating: 1084 &rarr; <strong>1108<\/strong><br \/>(+24 for winning)","inputlog":null,"uploadtime":1467871462,"views":0,"p1id":"therockcena","p2id":"sonicboombox","formatid":"uususpecttest","rating":1026,"private":0,"password":null}