{"id":"china-gen7ou-1894872","p1":"ghost888","p2":"EEEEEvolto\u6df1\u6eba","format":"gen7ou","log":"|j|\u2606ghost888\n|j|\u2606EEEEEvolto\u6df1\u6eba\n|t:|1627113822\n|gametype|singles\n|player|p1|ghost888|agatha-gen3|1329\n|player|p2|EEEEEvolto\u6df1\u6eba|266|1323\n|teamsize|p1|6\n|teamsize|p2|6\n|gen|7\n|tier|[Gen 7] OU\n|rated|\n|rule|Sleep Clause Mod: Limit one foe put to sleep\n|rule|Species Clause: Limit one of each Pok\u00e9mon\n|rule|OHKO Clause: OHKO moves are banned\n|rule|Moody Clause: Moody is banned\n|rule|Evasion Moves Clause: Evasion moves are banned\n|rule|Endless Battle Clause: Forcing endless battles is banned\n|rule|HP Percentage Mod: HP is shown in percentages\n|clearpoke\n|poke|p1|Tornadus-Therian, M|item\n|poke|p1|Charizard, F|item\n|poke|p1|Rotom-Wash|item\n|poke|p1|Bisharp, F|item\n|poke|p1|Heatran, F|item\n|poke|p1|Tapu Bulu|item\n|poke|p2|Sableye, F|item\n|poke|p2|Celesteela|item\n|poke|p2|Pyukumuku, M|item\n|poke|p2|Chansey, F|item\n|poke|p2|Gliscor, M|item\n|poke|p2|Volcarona, M|item\n|teampreview\n|\n|t:|1627113834\n|start\n|switch|p1a: Tornadus|Tornadus-Therian, M|100\/100\n|switch|p2a: Sableye|Sableye, F|100\/100\n|turn|1\n|\n|t:|1627113842\n|detailschange|p2a: Sableye|Sableye-Mega, F\n|-mega|p2a: Sableye|Sableye|Sablenite\n|move|p1a: Tornadus|Hurricane|p2a: Sableye|[miss]\n|-miss|p1a: Tornadus|p2a: Sableye\n|move|p2a: Sableye|Knock Off|p1a: Tornadus\n|-damage|p1a: Tornadus|71\/100\n|\n|upkeep\n|turn|2\n|\n|t:|1627113850\n|switch|p2a: Gliscor|Gliscor, M|100\/100\n|move|p1a: Tornadus|U-turn|p2a: Gliscor\n|-resisted|p2a: Gliscor\n|-damage|p2a: Gliscor|95\/100\n|\n|t:|1627113855\n|switch|p1a: Rotom|Rotom-Wash|100\/100|[from]move: U-turn\n|\n|-status|p2a: Gliscor|tox|[from] item: Toxic Orb\n|upkeep\n|turn|3\n|c|\u2606EEEEEvolto\u6df1\u6eba|\u98deZ\n|\n|t:|1627113860\n|switch|p2a: Chansey|Chansey, F|100\/100\n|move|p1a: Rotom|Volt Switch|p2a: Chansey\n|-damage|p2a: Chansey|94\/100\n|\n|t:|1627113866\n|switch|p1a: Bisharp|Bisharp, F|100\/100|[from]move: Volt Switch\n|\n|upkeep\n|turn|4\n|c|\u2606EEEEEvolto\u6df1\u6eba|\u4f60\u600e\u4e48\u6562\u7684\n|\n|t:|1627113880\n|switch|p2a: Gliscor|Gliscor, M|95\/100 tox\n|move|p1a: Bisharp|Swords Dance|p1a: Bisharp\n|-boost|p1a: Bisharp|atk|2\n|\n|-heal|p2a: Gliscor|100\/100 tox|[from] ability: Poison Heal\n|upkeep\n|turn|5\n|c|\u2606ghost888|\u7ecf\u5e38\u8fd9\u6837\u5bf9\u7740\u571f\u732b\u70b9\n|\n|t:|1627113888\n|switch|p1a: Rotom|Rotom-Wash|100\/100\n|move|p2a: Gliscor|Earthquake|p1a: Rotom\n|-immune|p1a: Rotom|[from] ability: Levitate\n|\n|upkeep\n|turn|6\n|j| duolong\n|\n|t:|1627113893\n|move|p2a: Gliscor|Toxic|p1a: Rotom\n|-status|p1a: Rotom|tox\n|move|p1a: Rotom|Hydro Pump|p2a: Gliscor\n|-supereffective|p2a: Gliscor\n|-damage|p2a: Gliscor|15\/100 tox\n|\n|-heal|p2a: Gliscor|27\/100 tox|[from] ability: Poison Heal\n|-damage|p1a: Rotom|94\/100 tox|[from] psn\n|upkeep\n|turn|7\n|\n|t:|1627113899\n|move|p2a: Gliscor|Roost|p2a: Gliscor\n|-heal|p2a: Gliscor|77\/100 tox\n|-singleturn|p2a: Gliscor|move: Roost\n|move|p1a: Rotom|Hydro Pump|p2a: Gliscor|[miss]\n|-miss|p1a: Rotom|p2a: Gliscor\n|\n|-heal|p1a: Rotom|100\/100 tox|[from] item: Leftovers\n|-heal|p2a: Gliscor|90\/100 tox|[from] ability: Poison Heal\n|-damage|p1a: Rotom|88\/100 tox|[from] psn\n|upkeep\n|turn|8\n|\n|t:|1627113904\n|switch|p2a: Chansey|Chansey, F|94\/100\n|move|p1a: Rotom|Volt Switch|p2a: Chansey\n|-damage|p2a: Chansey|88\/100\n|\n|t:|1627113910\n|switch|p1a: Bisharp|Bisharp, F|100\/100|[from]move: Volt Switch\n|\n|upkeep\n|turn|9\n|\n|t:|1627113915\n|move|p1a: Bisharp|Knock Off|p2a: Chansey\n|-damage|p2a: Chansey|35\/100\n|-enditem|p2a: Chansey|Eviolite|[from] move: Knock Off|[of] p1a: Bisharp\n|-damage|p1a: Bisharp|91\/100|[from] item: Life Orb\n|move|p2a: Chansey|Stealth Rock|p1a: Bisharp\n|-sidestart|p1: ghost888|move: Stealth Rock\n|\n|upkeep\n|turn|10\n|j| chenyangqiao\n|\n|t:|1627113923\n|switch|p2a: Gliscor|Gliscor, M|90\/100 tox\n|move|p1a: Bisharp|Knock Off|p2a: Gliscor\n|-damage|p2a: Gliscor|32\/100 tox\n|-enditem|p2a: Gliscor|Toxic Orb|[from] move: Knock Off|[of] p1a: Bisharp\n|-damage|p1a: Bisharp|81\/100|[from] item: Life Orb\n|\n|-heal|p2a: Gliscor|44\/100 tox|[from] ability: Poison Heal\n|upkeep\n|turn|11\n|\n|t:|1627113931\n|switch|p1a: Rotom|Rotom-Wash|88\/100 tox\n|-damage|p1a: Rotom|75\/100 tox|[from] Stealth Rock\n|move|p2a: Gliscor|Roost|p2a: Gliscor\n|-heal|p2a: Gliscor|94\/100 tox\n|-singleturn|p2a: Gliscor|move: Roost\n|\n|-heal|p1a: Rotom|82\/100 tox|[from] item: Leftovers\n|-heal|p2a: Gliscor|100\/100 tox|[from] ability: Poison Heal\n|-damage|p1a: Rotom|75\/100 tox|[from] psn\n|upkeep\n|turn|12\n|\n|t:|1627113937\n|move|p2a: Gliscor|Earthquake|p1a: Rotom\n|-immune|p1a: Rotom|[from] ability: Levitate\n|move|p1a: Rotom|Defog|p2a: Gliscor\n|-unboost|p2a: Gliscor|evasion|1\n|-sideend|p1: ghost888|Stealth Rock|[from] move: Defog|[of] p1a: Rotom\n|\n|-heal|p1a: Rotom|82\/100 tox|[from] item: Leftovers\n|-damage|p1a: Rotom|69\/100 tox|[from] psn\n|upkeep\n|turn|13\n|\n|t:|1627113943\n|switch|p2a: Chansey|Chansey, F|35\/100\n|move|p1a: Rotom|Hydro Pump|p2a: Chansey|[miss]\n|-miss|p1a: Rotom|p2a: Chansey\n|\n|-heal|p1a: Rotom|75\/100 tox|[from] item: Leftovers\n|-damage|p1a: Rotom|57\/100 tox|[from] psn\n|upkeep\n|turn|14\n|\n|t:|1627113946\n|move|p1a: Rotom|Volt Switch|p2a: Chansey\n|-damage|p2a: Chansey|27\/100\n|\n|t:|1627113949\n|switch|p1a: Bisharp|Bisharp, F|81\/100|[from]move: Volt Switch\n|move|p2a: Chansey|Soft-Boiled|p2a: Chansey\n|-heal|p2a: Chansey|77\/100\n|\n|upkeep\n|turn|15\n|\n|t:|1627113954\n|switch|p2a: Gliscor|Gliscor, M|100\/100 tox\n|move|p1a: Bisharp|Iron Head|p2a: Gliscor\n|-damage|p2a: Gliscor|57\/100 tox\n|-damage|p1a: Bisharp|71\/100|[from] item: Life Orb\n|\n|-heal|p2a: Gliscor|70\/100 tox|[from] ability: Poison Heal\n|upkeep\n|turn|16\n|\n|t:|1627113968\n|switch|p2a: Volcarona|Volcarona, M|100\/100\n|switch|p1a: Tapu Bulu|Tapu Bulu|100\/100\n|-fieldstart|move: Grassy Terrain|[from] ability: Grassy Surge|[of] p1a: Tapu Bulu\n|\n|upkeep\n|turn|17\n|\n|t:|1627113972\n|move|p2a: Volcarona|Quiver Dance|p2a: Volcarona\n|-boost|p2a: Volcarona|spa|1\n|-boost|p2a: Volcarona|spd|1\n|-boost|p2a: Volcarona|spe|1\n|move|p1a: Tapu Bulu|Stone Edge|p2a: Volcarona\n|-supereffective|p2a: Volcarona\n|-damage|p2a: Volcarona|0 fnt\n|faint|p2a: Volcarona\n|\n|upkeep\n|\n|t:|1627113978\n|switch|p2a: Celesteela|Celesteela, shiny|100\/100\n|turn|18\n|\n|t:|1627113984\n|move|p1a: Tapu Bulu|Stone Edge|p2a: Celesteela\n|-damage|p2a: Celesteela|55\/100\n|move|p2a: Celesteela|Leech Seed|p1a: Tapu Bulu\n|-immune|p1a: Tapu Bulu\n|\n|-heal|p2a: Celesteela|61\/100|[from] item: Leftovers\n|upkeep\n|turn|19\n|\n|t:|1627113991\n|switch|p1a: Heatran|Heatran, F|100\/100\n|move|p2a: Celesteela|Protect||[still]\n|-fail|p2a: Celesteela\n|\n|-heal|p2a: Celesteela|67\/100|[from] item: Leftovers\n|upkeep\n|turn|20\n|\n|t:|1627113995\n|switch|p2a: Gliscor|Gliscor, M|70\/100 tox\n|move|p1a: Heatran|Magma Storm|p2a: Gliscor\n|-damage|p2a: Gliscor|12\/100 tox\n|-activate|p2a: Gliscor|move: Magma Storm|[of] p1a: Heatran\n|\n|-heal|p2a: Gliscor|24\/100 tox|[from] ability: Poison Heal\n|-damage|p2a: Gliscor|12\/100 tox|[from] move: Magma Storm|[partiallytrapped]\n|-fieldend|move: Grassy Terrain\n|upkeep\n|turn|21\n|\n|t:|1627114006\n|switch|p1a: Tapu Bulu|Tapu Bulu|100\/100\n|-fieldstart|move: Grassy Terrain|[from] ability: Grassy Surge|[of] p1a: Tapu Bulu\n|move|p2a: Gliscor|Earthquake|p1a: Tapu Bulu\n|-resisted|p1a: Tapu Bulu\n|-damage|p1a: Tapu Bulu|92\/100\n|\n|-heal|p1a: Tapu Bulu|98\/100|[from] Grassy Terrain\n|-heal|p2a: Gliscor|24\/100 tox|[from] ability: Poison Heal\n|-end|p2a: Gliscor|Magma Storm|[partiallytrapped]|[silent]\n|upkeep\n|turn|22\n|\n|t:|1627114011\n|switch|p2a: Pyukumuku|Pyukumuku, M|100\/100\n|move|p1a: Tapu Bulu|Stone Edge|p2a: Pyukumuku\n|-damage|p2a: Pyukumuku|66\/100\n|\n|-heal|p1a: Tapu Bulu|100\/100|[from] Grassy Terrain\n|-heal|p2a: Pyukumuku|72\/100|[from] Grassy Terrain\n|-heal|p2a: Pyukumuku|78\/100|[from] item: Leftovers\n|upkeep\n|turn|23\n|\n|t:|1627114018\n|switch|p1a: Bisharp|Bisharp, F|71\/100\n|move|p2a: Pyukumuku|Toxic|p1a: Bisharp\n|-immune|p1a: Bisharp\n|\n|-heal|p1a: Bisharp|77\/100|[from] Grassy Terrain\n|-heal|p2a: Pyukumuku|84\/100|[from] Grassy Terrain\n|-heal|p2a: Pyukumuku|90\/100|[from] item: Leftovers\n|upkeep\n|turn|24\n|\n|t:|1627114024\n|move|p1a: Bisharp|Knock Off|p2a: Pyukumuku\n|-damage|p2a: Pyukumuku|41\/100\n|-enditem|p2a: Pyukumuku|Leftovers|[from] move: Knock Off|[of] p1a: Bisharp\n|-damage|p1a: Bisharp|67\/100|[from] item: Life Orb\n|move|p2a: Pyukumuku|Block|p1a: Bisharp\n|-activate|p1a: Bisharp|trapped\n|\n|-heal|p1a: Bisharp|72\/100|[from] Grassy Terrain\n|-heal|p2a: Pyukumuku|47\/100|[from] Grassy Terrain\n|upkeep\n|turn|25\n|\n|t:|1627114031\n|move|p1a: Bisharp|Knock Off|p2a: Pyukumuku\n|-damage|p2a: Pyukumuku|15\/100\n|-damage|p1a: Bisharp|62\/100|[from] item: Life Orb\n|move|p2a: Pyukumuku|Recover|p2a: Pyukumuku\n|-heal|p2a: Pyukumuku|65\/100\n|\n|-heal|p1a: Bisharp|68\/100|[from] Grassy Terrain\n|-heal|p2a: Pyukumuku|71\/100|[from] Grassy Terrain\n|-fieldend|move: Grassy Terrain\n|upkeep\n|turn|26\n|\n|t:|1627114038\n|move|p1a: Bisharp|Iron Head|p2a: Pyukumuku\n|-resisted|p2a: Pyukumuku\n|-damage|p2a: Pyukumuku|53\/100\n|-damage|p1a: Bisharp|58\/100|[from] item: Life Orb\n|move|p2a: Pyukumuku|Recover|p2a: Pyukumuku\n|-heal|p2a: Pyukumuku|100\/100\n|\n|upkeep\n|turn|27\n|c|\u2606EEEEEvolto\u6df1\u6eba|\u5288\u65a9\u5e9f\u4e86\n|\n|t:|1627114049\n|move|p1a: Bisharp|Knock Off|p2a: Pyukumuku\n|-damage|p2a: Pyukumuku|68\/100\n|-damage|p1a: Bisharp|48\/100|[from] item: Life Orb\n|move|p2a: Pyukumuku|Spite|p1a: Bisharp\n|-activate|p1a: Bisharp|move: Spite|Knock Off|4\n|\n|upkeep\n|turn|28\n|c|\u2606ghost888|\u4f46\u662f\u4e0d\u614c\n|\n|t:|1627114057\n|move|p1a: Bisharp|Knock Off|p2a: Pyukumuku\n|-crit|p2a: Pyukumuku\n|-damage|p2a: Pyukumuku|18\/100\n|-damage|p1a: Bisharp|39\/100|[from] item: Life Orb\n|move|p2a: Pyukumuku|Recover|p2a: Pyukumuku\n|-heal|p2a: Pyukumuku|68\/100\n|\n|upkeep\n|turn|29\n|\n|t:|1627114064\n|move|p1a: Bisharp|Knock Off|p2a: Pyukumuku\n|-damage|p2a: Pyukumuku|36\/100\n|-damage|p1a: Bisharp|29\/100|[from] item: Life Orb\n|move|p2a: Pyukumuku|Recover|p2a: Pyukumuku\n|-heal|p2a: Pyukumuku|86\/100\n|\n|upkeep\n|turn|30\n|\n|t:|1627114070\n|move|p1a: Bisharp|Knock Off|p2a: Pyukumuku\n|-damage|p2a: Pyukumuku|55\/100\n|-damage|p1a: Bisharp|19\/100|[from] item: Life Orb\n|move|p2a: Pyukumuku|Spite|p1a: Bisharp\n|-activate|p1a: Bisharp|move: Spite|Knock Off|4\n|\n|upkeep\n|turn|31\n|\n|t:|1627114075\n|move|p1a: Bisharp|Knock Off|p2a: Pyukumuku\n|-damage|p2a: Pyukumuku|23\/100\n|-damage|p1a: Bisharp|9\/100|[from] item: Life Orb\n|move|p2a: Pyukumuku|Recover|p2a: Pyukumuku\n|-heal|p2a: Pyukumuku|73\/100\n|\n|upkeep\n|turn|32\n|\n|t:|1627114077\n|move|p1a: Bisharp|Knock Off|p2a: Pyukumuku\n|-damage|p2a: Pyukumuku|44\/100\n|-damage|p1a: Bisharp|0 fnt|[from] item: Life Orb\n|faint|p1a: Bisharp\n|move|p2a: Pyukumuku|Recover|p2a: Pyukumuku\n|-heal|p2a: Pyukumuku|94\/100\n|\n|upkeep\n|\n|t:|1627114083\n|switch|p1a: Tapu Bulu|Tapu Bulu|100\/100\n|-fieldstart|move: Grassy Terrain|[from] ability: Grassy Surge|[of] p1a: Tapu Bulu\n|turn|33\n|\n|t:|1627114091\n|switch|p1a: Heatran|Heatran, F|100\/100\n|switch|p2a: Celesteela|Celesteela, shiny|67\/100\n|\n|-heal|p2a: Celesteela|73\/100|[from] item: Leftovers\n|upkeep\n|turn|34\n|\n|t:|1627114098\n|move|p2a: Celesteela|Protect|p2a: Celesteela\n|-singleturn|p2a: Celesteela|Protect\n|move|p1a: Heatran|Magma Storm|p2a: Celesteela\n|-activate|p2a: Celesteela|move: Protect\n|\n|-heal|p2a: Celesteela|79\/100|[from] item: Leftovers\n|upkeep\n|turn|35\n|\n|t:|1627114103\n|move|p1a: Heatran|Magma Storm|p2a: Celesteela\n|-supereffective|p2a: Celesteela\n|-damage|p2a: Celesteela|10\/100\n|-activate|p2a: Celesteela|move: Magma Storm|[of] p1a: Heatran\n|move|p2a: Celesteela|Leech Seed|p1a: Heatran\n|-start|p1a: Heatran|move: Leech Seed\n|\n|-heal|p2a: Celesteela|16\/100|[from] item: Leftovers\n|-damage|p1a: Heatran|88\/100|[from] Leech Seed|[of] p2a: Celesteela\n|-heal|p2a: Celesteela|26\/100|[silent]\n|-damage|p2a: Celesteela|13\/100|[from] move: Magma Storm|[partiallytrapped]\n|upkeep\n|turn|36\n|\n|t:|1627114109\n|move|p2a: Celesteela|Protect|p2a: Celesteela\n|-singleturn|p2a: Celesteela|Protect\n|move|p1a: Heatran|Stealth Rock|p2a: Celesteela\n|-sidestart|p2: EEEEEvolto\u6df1\u6eba|move: Stealth Rock\n|\n|-heal|p1a: Heatran|94\/100|[from] Grassy Terrain\n|-heal|p2a: Celesteela|19\/100|[from] item: Leftovers\n|-damage|p1a: Heatran|82\/100|[from] Leech Seed|[of] p2a: Celesteela\n|-heal|p2a: Celesteela|29\/100|[silent]\n|-damage|p2a: Celesteela|17\/100|[from] move: Magma Storm|[partiallytrapped]\n|upkeep\n|turn|37\n|\n|t:|1627114113\n|move|p2a: Celesteela|Protect|p2a: Celesteela\n|-singleturn|p2a: Celesteela|Protect\n|move|p1a: Heatran|Magma Storm|p2a: Celesteela\n|-activate|p2a: Celesteela|move: Protect\n|\n|-heal|p1a: Heatran|88\/100|[from] Grassy Terrain\n|-heal|p2a: Celesteela|23\/100|[from] item: Leftovers\n|-damage|p1a: Heatran|76\/100|[from] Leech Seed|[of] p2a: Celesteela\n|-heal|p2a: Celesteela|33\/100|[silent]\n|-damage|p2a: Celesteela|21\/100|[from] move: Magma Storm|[partiallytrapped]\n|-fieldend|move: Grassy Terrain\n|upkeep\n|turn|38\n|\n|t:|1627114123\n|move|p1a: Heatran|Magma Storm|p2a: Celesteela|[miss]\n|-miss|p1a: Heatran|p2a: Celesteela\n|move|p2a: Celesteela|Heavy Slam|p1a: Heatran\n|-resisted|p1a: Heatran\n|-damage|p1a: Heatran|71\/100\n|\n|-heal|p2a: Celesteela|27\/100|[from] item: Leftovers\n|-damage|p1a: Heatran|58\/100|[from] Leech Seed|[of] p2a: Celesteela\n|-heal|p2a: Celesteela|37\/100|[silent]\n|-damage|p2a: Celesteela|25\/100|[from] move: Magma Storm|[partiallytrapped]\n|upkeep\n|turn|39\n|\n|t:|1627114135\n|switch|p1a: Charizard|Charizard, F|100\/100\n|move|p2a: Celesteela|Protect||[still]\n|-fail|p2a: Celesteela\n|\n|-heal|p2a: Celesteela|31\/100|[from] item: Leftovers\n|-end|p2a: Celesteela|Magma Storm|[partiallytrapped]\n|upkeep\n|turn|40\n|\n|t:|1627114139\n|detailschange|p1a: Charizard|Charizard-Mega-X, F\n|-mega|p1a: Charizard|Charizard|Charizardite X\n|move|p1a: Charizard|Flare Blitz|p2a: Celesteela\n|-supereffective|p2a: Celesteela\n|-damage|p2a: Celesteela|0 fnt\n|faint|p2a: Celesteela\n|-damage|p1a: Charizard|87\/100|[from] Recoil\n|\n|upkeep\n|\n|t:|1627114144\n|switch|p2a: Pyukumuku|Pyukumuku, M|94\/100\n|-damage|p2a: Pyukumuku|82\/100|[from] Stealth Rock\n|turn|41\n|\n|t:|1627114150\n|switch|p1a: Tapu Bulu|Tapu Bulu|100\/100\n|-fieldstart|move: Grassy Terrain|[from] ability: Grassy Surge|[of] p1a: Tapu Bulu\n|move|p2a: Pyukumuku|Block|p1a: Tapu Bulu\n|-activate|p1a: Tapu Bulu|trapped\n|\n|-heal|p2a: Pyukumuku|88\/100|[from] Grassy Terrain\n|upkeep\n|turn|42\n|\n|t:|1627114153\n|move|p1a: Tapu Bulu|Horn Leech|p2a: Pyukumuku\n|-supereffective|p2a: Pyukumuku\n|-damage|p2a: Pyukumuku|0 fnt\n|faint|p2a: Pyukumuku\n|\n|upkeep\n|-message|EEEEEvolto\u6df1\u6eba forfeited.\n|\n|win|ghost888\n|raw|ghost888's rating: 1329 &rarr; <strong>1345<\/strong><br \/>(+16 for winning)\n|raw|EEEEEvolto\u6df1\u6eba's rating: 1323 &rarr; <strong>1308<\/strong><br \/>(-15 for losing)\n|l|\u2606EEEEEvolto\u6df1\u6eba\n","uploadtime":1627114166,"views":25,"p1id":"ghost888","p2id":"eeeeevolto","formatid":"gen7ou","rating":0,"private":0,"password":null}