{"id":"china-gen8petmode-950546","p1":"lonietzzz","p2":"PS China Bot","format":"gen8petmode","log":"|j|\u2606lonietzzz\n|j|\u2606PS China Bot\n|t:|1625643020\n|gametype|singles\n|player|p1|lonietzzz|pokemonbreederf|\n|player|p2|PS China Bot|120|\n|teamsize|p1|6\n|teamsize|p2|6\n|gen|8\n|tier|[Gen 8] Pet Mode \u5ba0\u7269\u6a21\u5f0f\n|rule|Dynamax Clause: You cannot dynamax\n|html|<div class=\"broadcast-green\"><strong>\u8bad\u7ec3\u5bb6PS China Bot\u5f00\u59cb\u6311\u6218\u575a\u6bc5\u9053\u9986!<\/strong><\/div>\n|rule|Evasion Moves Clause: Evasion moves are banned\n|rule|Sleep Clause Mod: Limit one foe put to sleep\n|\n|t:|1625643020\n|start\n|message|\u8fd9\u91cc\u662f\u52c7\u8005\u4fee\u884c\u7684\u7b2c\u4e00\u7ad9\uff0c\u4e0e\u4e4b\u524d\u76f8\u6bd4\uff0c\u8fd9\u91cc\u7684\u4fee\u884c\u6050\u6015\u4f1a\u66f4\u52a0\u7684\u4ee4\u4eba\u7edd\u671b\u3002\u7a7f\u4e0a\u8fd9\u4ef6\u78c1\u529b\u670d\uff0c\u5728\u8fd9\u91cc\uff0c\u575a\u5b9a\u7684\u610f\u5fd7\u5c06\u4f7f\u5c5e\u6027\u514b\u5236\u4e0d\u518d\u90a3\u4e48\u91cd\u8981\uff0c\u4e0d\u8fc7\u5982\u679c\u60f3\u8981\u5077\u61d2\u56de\u590d\u7684\u8bdd\uff0c\u53ef\u8981\u505a\u597d\u88ab\u573a\u5730\u7535\u51fb\u6253\u65ad\u7684\u51c6\u5907\u3002\n|switch|p1a: Torkoal|Torkoal, L40, F|139\/139\n|switch|p2a: Duraludon|Duraludon, L43, M|153\/153\n|-ability|p2a: Duraludon|Teravolt\n|-weather|SunnyDay|[from] ability: Drought|[of] p1a: Torkoal\n|turn|1\n|\n|t:|1625643024\n|-fieldstart|move: Steel Terrain\n|-message|The battlefield was covered in Steel!\n|move|p2a: Duraludon|Dragon Pulse|p1a: Torkoal\n|-damage|p1a: Torkoal|30\/139\n|move|p1a: Torkoal|Yawn|p2a: Duraludon\n|-start|p2a: Duraludon|move: Yawn|[of] p1a: Torkoal\n|\n|-weather|SunnyDay|[upkeep]\n|upkeep\n|turn|2\n|\n|t:|1625643033\n|move|p2a: Duraludon|Flash Cannon|p1a: Torkoal\n|-resisted|p1a: Torkoal\n|-damage|p1a: Torkoal|0 fnt\n|faint|p1a: Torkoal\n|\n|-weather|SunnyDay|[upkeep]\n|-end|p2a: Duraludon|move: Yawn|[silent]\n|-status|p2a: Duraludon|slp\n|upkeep\n|\n|t:|1625643035\n|switch|p1a: Vivillon|Vivillon, L40, F|142\/142\n|turn|3\n|\n|t:|1625643041\n|cant|p2a: Duraludon|slp\n|move|p1a: Vivillon|Infestation|p2a: Duraludon\n|-resisted|p2a: Duraludon\n|-damage|p2a: Duraludon|149\/153 slp\n|-activate|p2a: Duraludon|move: Infestation|[of] p1a: Vivillon\n|\n|-weather|SunnyDay|[upkeep]\n|-damage|p2a: Duraludon|130\/153 slp|[from] move: Infestation|[partiallytrapped]\n|upkeep\n|turn|4\n|\n|t:|1625643044\n|cant|p2a: Duraludon|slp\n|move|p1a: Vivillon|Substitute|p1a: Vivillon\n|-start|p1a: Vivillon|Substitute\n|-damage|p1a: Vivillon|107\/142\n|\n|-weather|SunnyDay|[upkeep]\n|-heal|p1a: Vivillon|115\/142|[from] item: Leftovers\n|-damage|p2a: Duraludon|111\/153 slp|[from] move: Infestation|[partiallytrapped]\n|upkeep\n|turn|5\n|\n|t:|1625643049\n|cant|p2a: Duraludon|slp\n|move|p1a: Vivillon|Sleep Powder|p2a: Duraludon\n|-fail|p2a: Duraludon|slp\n|\n|-weather|none\n|-heal|p1a: Vivillon|123\/142|[from] item: Leftovers\n|-damage|p2a: Duraludon|92\/153 slp|[from] move: Infestation|[partiallytrapped]\n|-fieldend|move: Steel Terrain\n|-message|The battlefield is no longer covered in Steel.\n|upkeep\n|turn|6\n|\n|t:|1625643053\n|-fieldstart|move: Steel Terrain\n|-message|The battlefield was covered in Steel!\n|-curestatus|p2a: Duraludon|slp|[msg]\n|move|p2a: Duraludon|Dragon Pulse|p1a: Vivillon\n|-end|p1a: Vivillon|Substitute\n|move|p1a: Vivillon|Sleep Powder|p2a: Duraludon\n|-status|p2a: Duraludon|slp|[from] move: Sleep Powder\n|\n|-heal|p1a: Vivillon|131\/142|[from] item: Leftovers\n|-damage|p2a: Duraludon|73\/153 slp|[from] move: Infestation|[partiallytrapped]\n|upkeep\n|turn|7\n|\n|t:|1625643059\n|cant|p2a: Duraludon|slp\n|move|p1a: Vivillon|Substitute|p1a: Vivillon\n|-start|p1a: Vivillon|Substitute\n|-damage|p1a: Vivillon|96\/142\n|\n|-heal|p1a: Vivillon|104\/142|[from] item: Leftovers\n|-end|p2a: Duraludon|Infestation|[partiallytrapped]\n|upkeep\n|turn|8\n|\n|t:|1625643065\n|cant|p2a: Duraludon|slp\n|move|p1a: Vivillon|Infestation|p2a: Duraludon\n|-resisted|p2a: Duraludon\n|-damage|p2a: Duraludon|68\/153 slp\n|-activate|p2a: Duraludon|move: Infestation|[of] p1a: Vivillon\n|\n|-heal|p1a: Vivillon|112\/142|[from] item: Leftovers\n|-damage|p2a: Duraludon|49\/153 slp|[from] move: Infestation|[partiallytrapped]\n|upkeep\n|turn|9\n|\n|t:|1625643069\n|-curestatus|p2a: Duraludon|slp|[msg]\n|move|p2a: Duraludon|Flash Cannon|p1a: Vivillon\n|-end|p1a: Vivillon|Substitute\n|move|p1a: Vivillon|Sleep Powder|p2a: Duraludon\n|-status|p2a: Duraludon|slp|[from] move: Sleep Powder\n|\n|-heal|p1a: Vivillon|120\/142|[from] item: Leftovers\n|-damage|p2a: Duraludon|30\/153 slp|[from] move: Infestation|[partiallytrapped]\n|upkeep\n|turn|10\n|\n|t:|1625643074\n|cant|p2a: Duraludon|slp\n|move|p1a: Vivillon|Substitute|p1a: Vivillon\n|-start|p1a: Vivillon|Substitute\n|-damage|p1a: Vivillon|85\/142\n|\n|-heal|p1a: Vivillon|93\/142|[from] item: Leftovers\n|-damage|p2a: Duraludon|11\/153 slp|[from] move: Infestation|[partiallytrapped]\n|-fieldend|move: Steel Terrain\n|-message|The battlefield is no longer covered in Steel.\n|upkeep\n|turn|11\n|\n|t:|1625643078\n|-fieldstart|move: Steel Terrain\n|-message|The battlefield was covered in Steel!\n|move|p1a: Vivillon|Protect|p1a: Vivillon\n|-singleturn|p1a: Vivillon|Protect\n|cant|p2a: Duraludon|slp\n|\n|-heal|p1a: Vivillon|101\/142|[from] item: Leftovers\n|-damage|p2a: Duraludon|0 fnt|[from] move: Infestation|[partiallytrapped]\n|faint|p2a: Duraludon\n|upkeep\n|\n|t:|1625643078\n|switch|p2a: Celesteela|Celesteela, L43|176\/176\n|turn|12\n|\n|t:|1625643083\n|move|p1a: Vivillon|Sleep Powder|p2a: Celesteela\n|-status|p2a: Celesteela|slp|[from] move: Sleep Powder\n|cant|p2a: Celesteela|slp\n|\n|-heal|p1a: Vivillon|109\/142|[from] item: Leftovers\n|upkeep\n|turn|13\n|\n|t:|1625643086\n|move|p1a: Vivillon|Infestation|p2a: Celesteela\n|-resisted|p2a: Celesteela\n|-damage|p2a: Celesteela|175\/176 slp\n|-activate|p2a: Celesteela|move: Infestation|[of] p1a: Vivillon\n|cant|p2a: Celesteela|slp\n|\n|-heal|p1a: Vivillon|117\/142|[from] item: Leftovers\n|-damage|p2a: Celesteela|153\/176 slp|[from] move: Infestation|[partiallytrapped]\n|upkeep\n|turn|14\n|\n|t:|1625643094\n|move|p1a: Vivillon|Infestation|p2a: Celesteela\n|-resisted|p2a: Celesteela\n|-damage|p2a: Celesteela|152\/176 slp\n|cant|p2a: Celesteela|slp\n|\n|-heal|p1a: Vivillon|125\/142|[from] item: Leftovers\n|-damage|p2a: Celesteela|130\/176 slp|[from] move: Infestation|[partiallytrapped]\n|upkeep\n|turn|15\n|\n|t:|1625643099\n|move|p1a: Vivillon|Infestation|p2a: Celesteela\n|-resisted|p2a: Celesteela\n|-damage|p2a: Celesteela|129\/176 slp\n|-curestatus|p2a: Celesteela|slp|[msg]\n|move|p2a: Celesteela|Heavy Slam|p1a: Vivillon\n|-end|p1a: Vivillon|Substitute\n|\n|-heal|p1a: Vivillon|133\/142|[from] item: Leftovers\n|-damage|p2a: Celesteela|107\/176|[from] move: Infestation|[partiallytrapped]\n|-fieldend|move: Steel Terrain\n|-message|The battlefield is no longer covered in Steel.\n|upkeep\n|turn|16\n|\n|t:|1625643101\n|-fieldstart|move: Steel Terrain\n|-message|The battlefield was covered in Steel!\n|move|p1a: Vivillon|Sleep Powder|p2a: Celesteela\n|-status|p2a: Celesteela|slp|[from] move: Sleep Powder\n|cant|p2a: Celesteela|slp\n|\n|-heal|p1a: Vivillon|141\/142|[from] item: Leftovers\n|-damage|p2a: Celesteela|85\/176 slp|[from] move: Infestation|[partiallytrapped]\n|upkeep\n|turn|17\n|\n|t:|1625643105\n|move|p1a: Vivillon|Substitute|p1a: Vivillon\n|-start|p1a: Vivillon|Substitute\n|-damage|p1a: Vivillon|106\/142\n|-curestatus|p2a: Celesteela|slp|[msg]\n|move|p2a: Celesteela|Flamethrower|p1a: Vivillon\n|-supereffective|p1a: Vivillon\n|-end|p1a: Vivillon|Substitute\n|\n|-heal|p1a: Vivillon|114\/142|[from] item: Leftovers\n|-end|p2a: Celesteela|Infestation|[partiallytrapped]\n|upkeep\n|turn|18\n|\n|t:|1625643109\n|move|p1a: Vivillon|Sleep Powder|p2a: Celesteela\n|-status|p2a: Celesteela|slp|[from] move: Sleep Powder\n|cant|p2a: Celesteela|slp\n|\n|-heal|p1a: Vivillon|122\/142|[from] item: Leftovers\n|upkeep\n|turn|19\n|\n|t:|1625643114\n|move|p1a: Vivillon|Substitute|p1a: Vivillon\n|-start|p1a: Vivillon|Substitute\n|-damage|p1a: Vivillon|87\/142\n|-curestatus|p2a: Celesteela|slp|[msg]\n|move|p2a: Celesteela|Aeroblast|p1a: Vivillon\n|-supereffective|p1a: Vivillon\n|-end|p1a: Vivillon|Substitute\n|\n|-heal|p1a: Vivillon|95\/142|[from] item: Leftovers\n|upkeep\n|turn|20\n|\n|t:|1625643117\n|move|p1a: Vivillon|Sleep Powder|p2a: Celesteela\n|-status|p2a: Celesteela|slp|[from] move: Sleep Powder\n|cant|p2a: Celesteela|slp\n|\n|-heal|p1a: Vivillon|103\/142|[from] item: Leftovers\n|-fieldend|move: Steel Terrain\n|-message|The battlefield is no longer covered in Steel.\n|upkeep\n|turn|21\n|\n|t:|1625643120\n|-fieldstart|move: Steel Terrain\n|-message|The battlefield was covered in Steel!\n|move|p1a: Vivillon|Substitute|p1a: Vivillon\n|-start|p1a: Vivillon|Substitute\n|-damage|p1a: Vivillon|68\/142\n|-curestatus|p2a: Celesteela|slp|[msg]\n|move|p2a: Celesteela|Aeroblast|p1a: Vivillon\n|-supereffective|p1a: Vivillon\n|-crit|p1a: Vivillon\n|-end|p1a: Vivillon|Substitute\n|\n|-heal|p1a: Vivillon|76\/142|[from] item: Leftovers\n|upkeep\n|turn|22\n|\n|t:|1625643122\n|move|p1a: Vivillon|Sleep Powder|p2a: Celesteela\n|-status|p2a: Celesteela|slp|[from] move: Sleep Powder\n|cant|p2a: Celesteela|slp\n|\n|-heal|p1a: Vivillon|84\/142|[from] item: Leftovers\n|upkeep\n|turn|23\n|\n|t:|1625643124\n|move|p1a: Vivillon|Substitute|p1a: Vivillon\n|-start|p1a: Vivillon|Substitute\n|-damage|p1a: Vivillon|49\/142\n|cant|p2a: Celesteela|slp\n|\n|-heal|p1a: Vivillon|57\/142|[from] item: Leftovers\n|upkeep\n|turn|24\n|\n|t:|1625643129\n|move|p1a: Vivillon|Infestation|p2a: Celesteela\n|-resisted|p2a: Celesteela\n|-damage|p2a: Celesteela|84\/176 slp\n|-activate|p2a: Celesteela|move: Infestation|[of] p1a: Vivillon\n|-curestatus|p2a: Celesteela|slp|[msg]\n|move|p2a: Celesteela|Flamethrower|p1a: Vivillon\n|-supereffective|p1a: Vivillon\n|-end|p1a: Vivillon|Substitute\n|\n|-heal|p1a: Vivillon|65\/142|[from] item: Leftovers\n|-damage|p2a: Celesteela|62\/176|[from] move: Infestation|[partiallytrapped]\n|upkeep\n|turn|25\n|\n|t:|1625643133\n|move|p1a: Vivillon|Sleep Powder|p2a: Celesteela\n|-status|p2a: Celesteela|slp|[from] move: Sleep Powder\n|cant|p2a: Celesteela|slp\n|\n|-heal|p1a: Vivillon|73\/142|[from] item: Leftovers\n|-damage|p2a: Celesteela|40\/176 slp|[from] move: Infestation|[partiallytrapped]\n|-fieldend|move: Steel Terrain\n|-message|The battlefield is no longer covered in Steel.\n|upkeep\n|turn|26\n|\n|t:|1625643136\n|-fieldstart|move: Steel Terrain\n|-message|The battlefield was covered in Steel!\n|move|p1a: Vivillon|Substitute|p1a: Vivillon\n|-start|p1a: Vivillon|Substitute\n|-damage|p1a: Vivillon|38\/142\n|cant|p2a: Celesteela|slp\n|\n|-heal|p1a: Vivillon|46\/142|[from] item: Leftovers\n|-damage|p2a: Celesteela|18\/176 slp|[from] move: Infestation|[partiallytrapped]\n|upkeep\n|turn|27\n|\n|t:|1625643143\n|move|p1a: Vivillon|Protect|p1a: Vivillon\n|-singleturn|p1a: Vivillon|Protect\n|cant|p2a: Celesteela|slp\n|\n|-heal|p1a: Vivillon|54\/142|[from] item: Leftovers\n|-damage|p2a: Celesteela|0 fnt|[from] move: Infestation|[partiallytrapped]\n|faint|p2a: Celesteela\n|upkeep\n|\n|t:|1625643143\n|switch|p2a: Bisharp|Bisharp, L43, M|149\/149\n|turn|28\n|\n|t:|1625643150\n|move|p2a: Bisharp|Sucker Punch||[still]\n|-fail|p2a: Bisharp\n|move|p1a: Vivillon|Sleep Powder|p2a: Bisharp\n|-status|p2a: Bisharp|slp|[from] move: Sleep Powder\n|\n|-heal|p1a: Vivillon|62\/142|[from] item: Leftovers\n|upkeep\n|turn|29\n|\n|t:|1625643165\n|cant|p2a: Bisharp|slp\n|move|p1a: Vivillon|Infestation|p2a: Bisharp\n|-damage|p2a: Bisharp|140\/149 slp\n|-activate|p2a: Bisharp|move: Infestation|[of] p1a: Vivillon\n|\n|-heal|p1a: Vivillon|70\/142|[from] item: Leftovers\n|-damage|p2a: Bisharp|122\/149 slp|[from] move: Infestation|[partiallytrapped]\n|upkeep\n|turn|30\n|\n|t:|1625643171\n|-curestatus|p2a: Bisharp|slp|[msg]\n|move|p2a: Bisharp|Sucker Punch||[still]\n|-fail|p2a: Bisharp\n|move|p1a: Vivillon|Sleep Powder|p2a: Bisharp\n|-status|p2a: Bisharp|slp|[from] move: Sleep Powder\n|\n|-heal|p1a: Vivillon|78\/142|[from] item: Leftovers\n|-damage|p2a: Bisharp|104\/149 slp|[from] move: Infestation|[partiallytrapped]\n|-fieldend|move: Steel Terrain\n|-message|The battlefield is no longer covered in Steel.\n|upkeep\n|turn|31\n|\n|t:|1625643178\n|-fieldstart|move: Steel Terrain\n|-message|The battlefield was covered in Steel!\n|cant|p2a: Bisharp|slp\n|move|p1a: Vivillon|Infestation|p2a: Bisharp\n|-damage|p2a: Bisharp|95\/149 slp\n|\n|-heal|p1a: Vivillon|86\/142|[from] item: Leftovers\n|-damage|p2a: Bisharp|77\/149 slp|[from] move: Infestation|[partiallytrapped]\n|upkeep\n|turn|32\n|\n|t:|1625643182\n|-curestatus|p2a: Bisharp|slp|[msg]\n|move|p2a: Bisharp|Knock Off|p1a: Vivillon\n|-end|p1a: Vivillon|Substitute\n|-damage|p2a: Bisharp|63\/149|[from] item: Life Orb\n|move|p1a: Vivillon|Sleep Powder|p2a: Bisharp\n|-status|p2a: Bisharp|slp|[from] move: Sleep Powder\n|\n|-heal|p1a: Vivillon|94\/142|[from] item: Leftovers\n|-damage|p2a: Bisharp|45\/149 slp|[from] move: Infestation|[partiallytrapped]\n|upkeep\n|turn|33\n|\n|t:|1625643188\n|cant|p2a: Bisharp|slp\n|move|p1a: Vivillon|Substitute|p1a: Vivillon\n|-start|p1a: Vivillon|Substitute\n|-damage|p1a: Vivillon|59\/142\n|\n|-heal|p1a: Vivillon|67\/142|[from] item: Leftovers\n|-damage|p2a: Bisharp|27\/149 slp|[from] move: Infestation|[partiallytrapped]\n|upkeep\n|turn|34\n|\n|t:|1625643195\n|cant|p2a: Bisharp|slp\n|move|p1a: Vivillon|Sleep Powder|p2a: Bisharp\n|-fail|p2a: Bisharp|slp\n|\n|-heal|p1a: Vivillon|75\/142|[from] item: Leftovers\n|-end|p2a: Bisharp|Infestation|[partiallytrapped]\n|upkeep\n|turn|35\n|\n|t:|1625643200\n|-curestatus|p2a: Bisharp|slp|[msg]\n|move|p2a: Bisharp|Sucker Punch||[still]\n|-fail|p2a: Bisharp\n|move|p1a: Vivillon|Sleep Powder|p2a: Bisharp\n|-status|p2a: Bisharp|slp|[from] move: Sleep Powder\n|\n|-heal|p1a: Vivillon|83\/142|[from] item: Leftovers\n|-fieldend|move: Steel Terrain\n|-message|The battlefield is no longer covered in Steel.\n|upkeep\n|turn|36\n|\n|t:|1625643204\n|-fieldstart|move: Steel Terrain\n|-message|The battlefield was covered in Steel!\n|cant|p2a: Bisharp|slp\n|move|p1a: Vivillon|Infestation|p2a: Bisharp\n|-damage|p2a: Bisharp|18\/149 slp\n|-activate|p2a: Bisharp|move: Infestation|[of] p1a: Vivillon\n|\n|-heal|p1a: Vivillon|91\/142|[from] item: Leftovers\n|-damage|p2a: Bisharp|0 fnt|[from] move: Infestation|[partiallytrapped]\n|faint|p2a: Bisharp\n|upkeep\n|\n|t:|1625643204\n|switch|p2a: Kartana|Kartana, L43|144\/144\n|turn|37\n|\n|t:|1625643234\n|move|p1a: Vivillon|Protect|p1a: Vivillon\n|-singleturn|p1a: Vivillon|Protect\n|move|p2a: Kartana|Sunsteel Strike|p1a: Vivillon\n|-activate|p1a: Vivillon|move: Protect\n|\n|-heal|p1a: Vivillon|99\/142|[from] item: Leftovers\n|upkeep\n|turn|38\n|\n|t:|1625643237\n|move|p2a: Kartana|Spectral Thief|p1a: Vivillon\n|-damage|p1a: Vivillon|0 fnt\n|faint|p1a: Vivillon\n|\n|upkeep\n|\n|t:|1625643257\n|switch|p1a: Staraptor|Staraptor, L40, F|146\/146\n|-ability|p1a: Staraptor|Intimidate|boost\n|-unboost|p2a: Kartana|atk|1\n|turn|39\n|\n|t:|1625643274\n|move|p2a: Kartana|Sunsteel Strike|p1a: Staraptor\n|-damage|p1a: Staraptor|49\/146\n|move|p1a: Staraptor|Wing Attack|p2a: Kartana\n|-damage|p2a: Kartana|120\/144\n|\n|upkeep\n|turn|40\n|-message|lonietzzz forfeited.\n|\n|win|PS China Bot\n","uploadtime":1625643285,"views":13,"p1id":"lonietzzz","p2id":"pschinabot","formatid":"gen8petmode","rating":0,"private":0,"password":null}