{"id":"china-gen6lc-5087086","p1":"gostop","p2":"GDW Yuudachi","format":"gen6lc","log":"|html|<b>\u5c06\u5bf9\u6218\u94fe\u63a5\u516c\u5f00\u5230:<\/b> <button class=\"button\" name=\"send\" value=\"\/reportto skypillar\">Sky Pillar<\/button><button class=\"button\" name=\"send\" value=\"\/reportto shinx\">Shinx<\/button>\n|j|\u2606gostop\n|j|\u2606GDW Yuudachi\n|t:|1657462456\n|gametype|singles\n|player|p1|gostop|cdl2022miragephantom.png|\n|player|p2|GDW Yuudachi|xili.png|\n|teamsize|p1|6\n|teamsize|p2|6\n|gen|6\n|tier|[Gen 6] LC\n|rule|Sleep Clause Mod: Limit one foe put to sleep\n|rule|Species Clause: Limit one of each Pok\u00e9mon\n|rule|OHKO Clause: OHKO moves are banned\n|rule|Moody Clause: Moody is banned\n|rule|Evasion Moves Clause: Evasion moves are banned\n|rule|Endless Battle Clause: Forcing endless battles is banned\n|rule|HP Percentage Mod: HP is shown in percentages\n|clearpoke\n|poke|p1|Mienfoo, L5, M|item\n|poke|p1|Pawniard, L5, F|item\n|poke|p1|Spritzee, L5, M|item\n|poke|p1|Porygon, L5|item\n|poke|p1|Diglett, L5, M|item\n|poke|p1|Vullaby, L5, F|item\n|poke|p2|Porygon, L5|item\n|poke|p2|Snivy, L5, F|item\n|poke|p2|Ferroseed, L5, F|item\n|poke|p2|Mienfoo, L5, F|item\n|poke|p2|Onix, L5, F|item\n|poke|p2|Snubbull, L5, M|item\n|teampreview\n|c|\u2606GDW Yuudachi|hf\n|c|\u2606gostop|\u5f00\u4e00\u4e0b\u623f\u95f4\uff1f\n|j|\u265aMetallica126\n|c|\u2606gostop|\u6211\u6ca1\u6253\u52fe\n|c|\u2606gostop|\u4f60\u6253\u4e86\u5427\n|j| Renwu\n|c|\u2606GDW Yuudachi|\u6211\u6253\u4e86\u597d\u50cf\n|c|\u2606GDW Yuudachi|\u4ee3\u7801\u662f\u5565\u6765\u7740\n|l|\u2606GDW Yuudachi\n|player|p2|\n|j| sisiyoguang\n|\n|t:|1657462592\n|start\n|switch|p1a: Mienfoo|Mienfoo, L5, M|100\/100\n|switch|p2a: \u6df7\u4e71\u60ca\u5f02\u7684\u594f\u9e23\u66f2|Onix, L5, F|100\/100\n|turn|1\n|j|\u2606GDW Yuudachi\n|player|p2|GDW Yuudachi|xili.png\n|l|\u2606GDW Yuudachi\n|player|p2|\n|j|\u2606GDW Yuudachi\n|player|p2|GDW Yuudachi|xili.png\n|c|\u2606GDW Yuudachi|\/log GDW Yuudachi made this room public.\n|c|\u2606GDW Yuudachi|ok\u4e86\n|j|\u265aqdhwefdw\n|\n|t:|1657462620\n|move|p2a: \u6df7\u4e71\u60ca\u5f02\u7684\u594f\u9e23\u66f2|Protect|p2a: \u6df7\u4e71\u60ca\u5f02\u7684\u594f\u9e23\u66f2\n|-singleturn|p2a: \u6df7\u4e71\u60ca\u5f02\u7684\u594f\u9e23\u66f2|Protect\n|move|p1a: Mienfoo|Knock Off|p2a: \u6df7\u4e71\u60ca\u5f02\u7684\u594f\u9e23\u66f2\n|-activate|p2a: \u6df7\u4e71\u60ca\u5f02\u7684\u594f\u9e23\u66f2|move: Protect\n|\n|upkeep\n|turn|2\n|\n|t:|1657462631\n|switch|p2a: \u6f06\u9ed1\u9634\u6697\u7684\u72c2\u60f3\u66f2|Snubbull, L5, M|100\/100\n|-ability|p2a: \u6f06\u9ed1\u9634\u6697\u7684\u72c2\u60f3\u66f2|Intimidate|boost\n|-unboost|p1a: Mienfoo|atk|1\n|move|p1a: Mienfoo|Knock Off|p2a: \u6f06\u9ed1\u9634\u6697\u7684\u72c2\u60f3\u66f2\n|-resisted|p2a: \u6f06\u9ed1\u9634\u6697\u7684\u72c2\u60f3\u66f2\n|-damage|p2a: \u6f06\u9ed1\u9634\u6697\u7684\u72c2\u60f3\u66f2|92\/100\n|-enditem|p2a: \u6f06\u9ed1\u9634\u6697\u7684\u72c2\u60f3\u66f2|Eviolite|[from] move: Knock Off|[of] p1a: Mienfoo\n|\n|upkeep\n|turn|3\n|j| yiyiyi2\n|\n|t:|1657462679\n|move|p1a: Mienfoo|U-turn|p2a: \u6f06\u9ed1\u9634\u6697\u7684\u72c2\u60f3\u66f2\n|-resisted|p2a: \u6f06\u9ed1\u9634\u6697\u7684\u72c2\u60f3\u66f2\n|-damage|p2a: \u6f06\u9ed1\u9634\u6697\u7684\u72c2\u60f3\u66f2|84\/100\n|j| drogba in shenhua\n|\n|t:|1657462711\n|switch|p1a: Pawniard|Pawniard, L5, F|100\/100|[from]move: U-turn\n|move|p2a: \u6f06\u9ed1\u9634\u6697\u7684\u72c2\u60f3\u66f2|Thief|p1a: Pawniard\n|-resisted|p1a: Pawniard\n|-damage|p1a: Pawniard|91\/100\n|-enditem|p1a: Pawniard|Eviolite|[silent]|[from] move: Thief|[of] p2a: \u6f06\u9ed1\u9634\u6697\u7684\u72c2\u60f3\u66f2\n|-item|p2a: \u6f06\u9ed1\u9634\u6697\u7684\u72c2\u60f3\u66f2|Eviolite|[from] move: Thief|[of] p1a: Pawniard\n|\n|upkeep\n|turn|4\n|\n|t:|1657462732\n|switch|p2a: \u5d29\u574f\u7834\u706d\u7684\u4ea4\u54cd\u4e50|Mienfoo, L5, F|100\/100\n|move|p1a: Pawniard|Knock Off|p2a: \u5d29\u574f\u7834\u706d\u7684\u4ea4\u54cd\u4e50\n|-resisted|p2a: \u5d29\u574f\u7834\u706d\u7684\u4ea4\u54cd\u4e50\n|-damage|p2a: \u5d29\u574f\u7834\u706d\u7684\u4ea4\u54cd\u4e50|80\/100\n|-enditem|p2a: \u5d29\u574f\u7834\u706d\u7684\u4ea4\u54cd\u4e50|Eviolite|[from] move: Knock Off|[of] p1a: Pawniard\n|\n|upkeep\n|turn|5\n|j|+Chaos23333\n|j|\u265aIGJackeylove\u8f7b\u8bed\n|l|\u265aqdhwefdw\n|\n|t:|1657462810\n|switch|p1a: Spritzee|Spritzee, L5, M|100\/100\n|move|p2a: \u5d29\u574f\u7834\u706d\u7684\u4ea4\u54cd\u4e50|U-turn|p1a: Spritzee\n|-resisted|p1a: Spritzee\n|-crit|p1a: Spritzee\n|-damage|p1a: Spritzee|89\/100\n|j|\u265abaibaiats\n|j|\u265aqdhwefdw\n|l|\u265aqdhwefdw\n|\n|t:|1657462846\n|switch|p2a: \u6df7\u4e71\u60ca\u5f02\u7684\u594f\u9e23\u66f2|Onix, L5, F|100\/100|[from]move: U-turn\n|\n|upkeep\n|turn|6\n|\n|t:|1657462863\n|move|p2a: \u6df7\u4e71\u60ca\u5f02\u7684\u594f\u9e23\u66f2|Stealth Rock|p1a: Spritzee\n|-sidestart|p1: gostop|move: Stealth Rock\n|move|p1a: Spritzee|Moonblast|p2a: \u6df7\u4e71\u60ca\u5f02\u7684\u594f\u9e23\u66f2\n|-damage|p2a: \u6df7\u4e71\u60ca\u5f02\u7684\u594f\u9e23\u66f2|65\/100\n|\n|upkeep\n|turn|7\n|\n|t:|1657462881\n|move|p2a: \u6df7\u4e71\u60ca\u5f02\u7684\u594f\u9e23\u66f2|Earthquake|p1a: Spritzee\n|-damage|p1a: Spritzee|56\/100\n|move|p1a: Spritzee|Wish|p1a: Spritzee\n|\n|upkeep\n|turn|8\n|l|\u265aIGJackeylove\u8f7b\u8bed\n|j| Bird of belief \u2740\n|j|\u265aIGJackeylove\u8f7b\u8bed\n|\n|t:|1657462938\n|move|p2a: \u6df7\u4e71\u60ca\u5f02\u7684\u594f\u9e23\u66f2|Earthquake|p1a: Spritzee\n|-damage|p1a: Spritzee|23\/100\n|move|p1a: Spritzee|Moonblast|p2a: \u6df7\u4e71\u60ca\u5f02\u7684\u594f\u9e23\u66f2\n|-damage|p2a: \u6df7\u4e71\u60ca\u5f02\u7684\u594f\u9e23\u66f2|20\/100\n|-unboost|p2a: \u6df7\u4e71\u60ca\u5f02\u7684\u594f\u9e23\u66f2|spa|1\n|\n|-heal|p1a: Spritzee|71\/100|[from] move: Wish|[wisher] Spritzee\n|upkeep\n|turn|9\n|\n|t:|1657462950\n|move|p1a: Spritzee|Protect|p1a: Spritzee\n|-singleturn|p1a: Spritzee|Protect\n|move|p2a: \u6df7\u4e71\u60ca\u5f02\u7684\u594f\u9e23\u66f2|Rock Blast|p1a: Spritzee\n|-activate|p1a: Spritzee|move: Protect\n|\n|upkeep\n|turn|10\n|j|\u265aqdhwefdw\n|\n|t:|1657462968\n|move|p2a: \u6df7\u4e71\u60ca\u5f02\u7684\u594f\u9e23\u66f2|Earthquake|p1a: Spritzee\n|-damage|p1a: Spritzee|38\/100\n|move|p1a: Spritzee|Wish|p1a: Spritzee\n|\n|upkeep\n|turn|11\n|l|\u265aIGJackeylove\u8f7b\u8bed\n|l|\u265aqdhwefdw\n|\n|t:|1657463023\n|move|p1a: Spritzee|Protect|p1a: Spritzee\n|-singleturn|p1a: Spritzee|Protect\n|move|p2a: \u6df7\u4e71\u60ca\u5f02\u7684\u594f\u9e23\u66f2|Rock Blast|p1a: Spritzee\n|-activate|p1a: Spritzee|move: Protect\n|\n|-heal|p1a: Spritzee|86\/100|[from] move: Wish|[wisher] Spritzee\n|upkeep\n|turn|12\n|j|\u265aIGJackeylove\u8f7b\u8bed\n|\n|t:|1657463035\n|move|p2a: \u6df7\u4e71\u60ca\u5f02\u7684\u594f\u9e23\u66f2|Earthquake|p1a: Spritzee\n|-damage|p1a: Spritzee|52\/100\n|move|p1a: Spritzee|Wish|p1a: Spritzee\n|\n|upkeep\n|turn|13\n|\n|t:|1657463045\n|move|p1a: Spritzee|Protect|p1a: Spritzee\n|-singleturn|p1a: Spritzee|Protect\n|move|p2a: \u6df7\u4e71\u60ca\u5f02\u7684\u594f\u9e23\u66f2|Earthquake|p1a: Spritzee\n|-activate|p1a: Spritzee|move: Protect\n|\n|-heal|p1a: Spritzee|100\/100|[from] move: Wish|[wisher] Spritzee\n|upkeep\n|turn|14\n|\n|t:|1657463048\n|move|p2a: \u6df7\u4e71\u60ca\u5f02\u7684\u594f\u9e23\u66f2|Earthquake|p1a: Spritzee\n|-damage|p1a: Spritzee|67\/100\n|move|p1a: Spritzee|Wish|p1a: Spritzee\n|\n|upkeep\n|turn|15\n|\n|t:|1657463058\n|move|p2a: \u6df7\u4e71\u60ca\u5f02\u7684\u594f\u9e23\u66f2|Earthquake|p1a: Spritzee\n|-damage|p1a: Spritzee|34\/100\n|move|p1a: Spritzee|Moonblast|p2a: \u6df7\u4e71\u60ca\u5f02\u7684\u594f\u9e23\u66f2\n|-damage|p2a: \u6df7\u4e71\u60ca\u5f02\u7684\u594f\u9e23\u66f2|0 fnt\n|faint|p2a: \u6df7\u4e71\u60ca\u5f02\u7684\u594f\u9e23\u66f2\n|\n|-heal|p1a: Spritzee|82\/100|[from] move: Wish|[wisher] Spritzee\n|upkeep\n|\n|t:|1657463067\n|switch|p2a: \u53d8\u9769\u4e4b\u4eba\u7684\u73b0\u5b9e\u8c08|Snivy, L5, F|100\/100\n|turn|16\n|l|\u265aIGJackeylove\u8f7b\u8bed\n|j|\u265aIGJackeylove\u8f7b\u8bed\n|\n|t:|1657463169\n|switch|p1a: Vullaby|Vullaby, L5, F|100\/100\n|-damage|p1a: Vullaby|76\/100|[from] Stealth Rock\n|move|p2a: \u53d8\u9769\u4e4b\u4eba\u7684\u73b0\u5b9e\u8c08|Substitute|p2a: \u53d8\u9769\u4e4b\u4eba\u7684\u73b0\u5b9e\u8c08\n|-start|p2a: \u53d8\u9769\u4e4b\u4eba\u7684\u73b0\u5b9e\u8c08|Substitute\n|-damage|p2a: \u53d8\u9769\u4e4b\u4eba\u7684\u73b0\u5b9e\u8c08|77\/100\n|\n|upkeep\n|turn|17\n|l|\u265aIGJackeylove\u8f7b\u8bed\n|j|\u265aIGJackeylove\u8f7b\u8bed\n|\n|t:|1657463207\n|move|p2a: \u53d8\u9769\u4e4b\u4eba\u7684\u73b0\u5b9e\u8c08|Glare|p1a: Vullaby\n|-status|p1a: Vullaby|par\n|move|p1a: Vullaby|Knock Off|p2a: \u53d8\u9769\u4e4b\u4eba\u7684\u73b0\u5b9e\u8c08\n|-end|p2a: \u53d8\u9769\u4e4b\u4eba\u7684\u73b0\u5b9e\u8c08|Substitute\n|\n|upkeep\n|turn|18\n|\n|t:|1657463223\n|switch|p2a: \u81f3\u65e0\u540d\u8005\u7684\u611a\u5f04\u72b6|Ferroseed, L5, F|100\/100\n|move|p1a: Vullaby|Brave Bird|p2a: \u81f3\u65e0\u540d\u8005\u7684\u611a\u5f04\u72b6\n|-damage|p2a: \u81f3\u65e0\u540d\u8005\u7684\u611a\u5f04\u72b6|39\/100\n|-damage|p1a: Vullaby|64\/100 par|[from] ability: Iron Barbs|[of] p2a: \u81f3\u65e0\u540d\u8005\u7684\u611a\u5f04\u72b6\n|-enditem|p2a: \u81f3\u65e0\u540d\u8005\u7684\u611a\u5f04\u72b6|Berry Juice\n|-heal|p2a: \u81f3\u65e0\u540d\u8005\u7684\u611a\u5f04\u72b6|100\/100|[from] item: Berry Juice\n|-damage|p1a: Vullaby|48\/100 par|[from] Recoil\n|\n|upkeep\n|turn|19\n|\n|t:|1657463243\n|move|p2a: \u81f3\u65e0\u540d\u8005\u7684\u611a\u5f04\u72b6|Spikes|p1a: Vullaby\n|-sidestart|p1: gostop|Spikes\n|move|p1a: Vullaby|Roost|p1a: Vullaby\n|-heal|p1a: Vullaby|100\/100 par\n|-singleturn|p1a: Vullaby|move: Roost\n|\n|upkeep\n|turn|20\n|l|\u265aIGJackeylove\u8f7b\u8bed\n|j| CrayonFunny\n|j|\u265aIGJackeylove\u8f7b\u8bed\n|inactive|Battle timer is ON: inactive players will automatically lose when time's up. (requested by GDW Yuudachi)\n|j| mk1145141919810\n|inactive|gostop has 270 seconds left.\n|l|\u265abaibaiats\n|j|\u265asup city\n|inactive|gostop has 240 seconds left.\n|c|\u2606GDW Yuudachi|\u5f00timer\u4e86\uff08\n|l|\u265aIGJackeylove\u8f7b\u8bed\n|\n|t:|1657463398\n|switch|p1a: Porygon|Porygon, L5|100\/100\n|-damage|p1a: Porygon|88\/100|[from] Stealth Rock\n|-damage|p1a: Porygon|76\/100|[from] Spikes\n|-ability|p1a: Porygon|Download|boost\n|-boost|p1a: Porygon|spa|1\n|move|p2a: \u81f3\u65e0\u540d\u8005\u7684\u611a\u5f04\u72b6|Knock Off|p1a: Porygon\n|-damage|p1a: Porygon|57\/100\n|-enditem|p1a: Porygon|Eviolite|[from] move: Knock Off|[of] p2a: \u81f3\u65e0\u540d\u8005\u7684\u611a\u5f04\u72b6\n|\n|upkeep\n|turn|21\n|c| CrayonFunny|\u4e3a\u4ec0\u4e48\u4e0d\u7ed9\u591a\u8fb9\u517d\u6539\u540d\n|\n|t:|1657463419\n|move|p1a: Porygon|Tri Attack|p2a: \u81f3\u65e0\u540d\u8005\u7684\u611a\u5f04\u72b6\n|-resisted|p2a: \u81f3\u65e0\u540d\u8005\u7684\u611a\u5f04\u72b6\n|-damage|p2a: \u81f3\u65e0\u540d\u8005\u7684\u611a\u5f04\u72b6|67\/100\n|move|p2a: \u81f3\u65e0\u540d\u8005\u7684\u611a\u5f04\u72b6|Bullet Seed|p1a: Porygon\n|-damage|p1a: Porygon|44\/100\n|-damage|p1a: Porygon|32\/100\n|-damage|p1a: Porygon|20\/100\n|-hitcount|p1a: Porygon|3\n|\n|upkeep\n|turn|22\n|inactive|gostop has 270 seconds left.\n|\n|t:|1657463434\n|switch|p2a: \u5d29\u574f\u7834\u706d\u7684\u4ea4\u54cd\u4e50|Mienfoo, L5, F|100\/100\n|move|p1a: Porygon|Hidden Power|p2a: \u5d29\u574f\u7834\u706d\u7684\u4ea4\u54cd\u4e50\n|-damage|p2a: \u5d29\u574f\u7834\u706d\u7684\u4ea4\u54cd\u4e50|55\/100\n|\n|upkeep\n|turn|23\n|\n|t:|1657463442\n|move|p2a: \u5d29\u574f\u7834\u706d\u7684\u4ea4\u54cd\u4e50|U-turn|p1a: Porygon\n|-damage|p1a: Porygon|0 fnt\n|faint|p1a: Porygon\n|\n|t:|1657463450\n|switch|p2a: \u81f3\u65e0\u540d\u8005\u7684\u611a\u5f04\u72b6|Ferroseed, L5, F|67\/100|[from]move: U-turn\n|\n|upkeep\n|\n|t:|1657463455\n|switch|p1a: Mienfoo|Mienfoo, L5, M|100\/100\n|-damage|p1a: Mienfoo|96\/100|[from] Stealth Rock\n|-damage|p1a: Mienfoo|87\/100|[from] Spikes\n|turn|24\n|j|\u265aIGJackeylove\u8f7b\u8bed\n|\n|t:|1657463463\n|switch|p2a: \u6f06\u9ed1\u9634\u6697\u7684\u72c2\u60f3\u66f2|Snubbull, L5, M|84\/100\n|-ability|p2a: \u6f06\u9ed1\u9634\u6697\u7684\u72c2\u60f3\u66f2|Intimidate|boost\n|-unboost|p1a: Mienfoo|atk|1\n|move|p1a: Mienfoo|High Jump Kick|p2a: \u6f06\u9ed1\u9634\u6697\u7684\u72c2\u60f3\u66f2|[miss]\n|-miss|p1a: Mienfoo|p2a: \u6f06\u9ed1\u9634\u6697\u7684\u72c2\u60f3\u66f2\n|-damage|p1a: Mienfoo|37\/100|[from] highjumpkick\n|\n|upkeep\n|turn|25\n|\n|t:|1657463474\n|move|p1a: Mienfoo|U-turn|p2a: \u6f06\u9ed1\u9634\u6697\u7684\u72c2\u60f3\u66f2\n|-resisted|p2a: \u6f06\u9ed1\u9634\u6697\u7684\u72c2\u60f3\u66f2\n|-damage|p2a: \u6f06\u9ed1\u9634\u6697\u7684\u72c2\u60f3\u66f2|75\/100\n|\n|t:|1657463477\n|switch|p1a: Pawniard|Pawniard, L5, F|91\/100|[from]move: U-turn\n|-damage|p1a: Pawniard|86\/100|[from] Stealth Rock\n|-damage|p1a: Pawniard|77\/100|[from] Spikes\n|move|p2a: \u6f06\u9ed1\u9634\u6697\u7684\u72c2\u60f3\u66f2|Play Rough|p1a: Pawniard\n|-damage|p1a: Pawniard|15\/100\n|\n|upkeep\n|turn|26\n|\n|t:|1657463490\n|switch|p2a: \u5d29\u574f\u7834\u706d\u7684\u4ea4\u54cd\u4e50|Mienfoo, L5, F|88\/100\n|move|p1a: Pawniard|Stealth Rock|p2a: \u5d29\u574f\u7834\u706d\u7684\u4ea4\u54cd\u4e50\n|-sidestart|p2: GDW Yuudachi|move: Stealth Rock\n|\n|upkeep\n|turn|27\n|l|\u265asup city\n|\n|t:|1657463501\n|move|p1a: Pawniard|Iron Head|p2a: \u5d29\u574f\u7834\u706d\u7684\u4ea4\u54cd\u4e50\n|-damage|p2a: \u5d29\u574f\u7834\u706d\u7684\u4ea4\u54cd\u4e50|38\/100\n|cant|p2a: \u5d29\u574f\u7834\u706d\u7684\u4ea4\u54cd\u4e50|flinch\n|\n|upkeep\n|turn|28\n|j| burstbean\n|\n|t:|1657463531\n|switch|p2a: \u81f3\u65e0\u540d\u8005\u7684\u611a\u5f04\u72b6|Ferroseed, L5, F|67\/100\n|-damage|p2a: \u81f3\u65e0\u540d\u8005\u7684\u611a\u5f04\u72b6|62\/100|[from] Stealth Rock\n|move|p1a: Pawniard|Knock Off|p2a: \u81f3\u65e0\u540d\u8005\u7684\u611a\u5f04\u72b6\n|-damage|p2a: \u81f3\u65e0\u540d\u8005\u7684\u611a\u5f04\u72b6|29\/100\n|-damage|p1a: Pawniard|5\/100|[from] ability: Iron Barbs|[of] p2a: \u81f3\u65e0\u540d\u8005\u7684\u611a\u5f04\u72b6\n|\n|upkeep\n|turn|29\n|j| youke\n|\n|t:|1657463546\n|move|p1a: Pawniard|Knock Off|p2a: \u81f3\u65e0\u540d\u8005\u7684\u611a\u5f04\u72b6\n|-damage|p2a: \u81f3\u65e0\u540d\u8005\u7684\u611a\u5f04\u72b6|0 fnt\n|-damage|p1a: Pawniard|0 fnt|[from] ability: Iron Barbs|[of] p2a: \u81f3\u65e0\u540d\u8005\u7684\u611a\u5f04\u72b6\n|faint|p1a: Pawniard\n|faint|p2a: \u81f3\u65e0\u540d\u8005\u7684\u611a\u5f04\u72b6\n|\n|upkeep\n|j|\u265aqdhwefdw\n|\n|t:|1657463569\n|switch|p1a: Mienfoo|Mienfoo, L5, M|69\/100\n|switch|p2a: \u5d29\u574f\u7834\u706d\u7684\u4ea4\u54cd\u4e50|Mienfoo, L5, F|71\/100\n|-damage|p2a: \u5d29\u574f\u7834\u706d\u7684\u4ea4\u54cd\u4e50|67\/100|[from] Stealth Rock\n|-damage|p1a: Mienfoo|64\/100|[from] Stealth Rock\n|-damage|p1a: Mienfoo|55\/100|[from] Spikes\n|turn|30\n|inactive|gostop has 270 seconds left.\n|\n|t:|1657463590\n|move|p2a: \u5d29\u574f\u7834\u706d\u7684\u4ea4\u54cd\u4e50|U-turn|p1a: Mienfoo\n|-resisted|p1a: Mienfoo\n|-damage|p1a: Mienfoo|46\/100\n|l| mk1145141919810\n|\n|t:|1657463594\n|switch|p2a: \u6f06\u9ed1\u9634\u6697\u7684\u72c2\u60f3\u66f2|Snubbull, L5, M|75\/100|[from]move: U-turn\n|-damage|p2a: \u6f06\u9ed1\u9634\u6697\u7684\u72c2\u60f3\u66f2|63\/100|[from] Stealth Rock\n|-ability|p2a: \u6f06\u9ed1\u9634\u6697\u7684\u72c2\u60f3\u66f2|Intimidate|boost\n|-unboost|p1a: Mienfoo|atk|1\n|move|p1a: Mienfoo|High Jump Kick|p2a: \u6f06\u9ed1\u9634\u6697\u7684\u72c2\u60f3\u66f2\n|-resisted|p2a: \u6f06\u9ed1\u9634\u6697\u7684\u72c2\u60f3\u66f2\n|-damage|p2a: \u6f06\u9ed1\u9634\u6697\u7684\u72c2\u60f3\u66f2|46\/100\n|\n|upkeep\n|turn|31\n|inactive|gostop has 270 seconds left.\n|\n|t:|1657463609\n|move|p1a: Mienfoo|U-turn|p2a: \u6f06\u9ed1\u9634\u6697\u7684\u72c2\u60f3\u66f2\n|-resisted|p2a: \u6f06\u9ed1\u9634\u6697\u7684\u72c2\u60f3\u66f2\n|-damage|p2a: \u6f06\u9ed1\u9634\u6697\u7684\u72c2\u60f3\u66f2|38\/100\n|\n|t:|1657463612\n|switch|p1a: Spritzee|Spritzee, L5, M|82\/100|[from]move: U-turn\n|-damage|p1a: Spritzee|71\/100|[from] Stealth Rock\n|-damage|p1a: Spritzee|60\/100|[from] Spikes\n|move|p2a: \u6f06\u9ed1\u9634\u6697\u7684\u72c2\u60f3\u66f2|Play Rough|p1a: Spritzee\n|-damage|p1a: Spritzee|26\/100\n|\n|upkeep\n|turn|32\n|\n|t:|1657463624\n|move|p2a: \u6f06\u9ed1\u9634\u6697\u7684\u72c2\u60f3\u66f2|Play Rough|p1a: Spritzee\n|-damage|p1a: Spritzee|0 fnt\n|faint|p1a: Spritzee\n|\n|upkeep\n|\n|t:|1657463631\n|switch|p1a: Diglett|Diglett, L5, M|100\/100\n|-damage|p1a: Diglett|95\/100|[from] Stealth Rock\n|-damage|p1a: Diglett|84\/100|[from] Spikes\n|turn|33\n|\n|t:|1657463635\n|move|p1a: Diglett|Earthquake|p2a: \u6f06\u9ed1\u9634\u6697\u7684\u72c2\u60f3\u66f2\n|-damage|p2a: \u6f06\u9ed1\u9634\u6697\u7684\u72c2\u60f3\u66f2|0 fnt\n|faint|p2a: \u6f06\u9ed1\u9634\u6697\u7684\u72c2\u60f3\u66f2\n|-damage|p1a: Diglett|78\/100|[from] item: Life Orb\n|\n|upkeep\n|l|\u265aIGJackeylove\u8f7b\u8bed\n|\n|t:|1657463648\n|switch|p2a: \u5d29\u574f\u7834\u706d\u7684\u4ea4\u54cd\u4e50|Mienfoo, L5, F|100\/100\n|-damage|p2a: \u5d29\u574f\u7834\u706d\u7684\u4ea4\u54cd\u4e50|96\/100|[from] Stealth Rock\n|turn|34\n|j|\u265aIGJackeylove\u8f7b\u8bed\n|inactive|gostop has 270 seconds left.\n|l|\u265aqdhwefdw\n|inactive|gostop has 240 seconds left.\n|inactive|gostop has 210 seconds left.\n|l|\u265aIGJackeylove\u8f7b\u8bed\n|inactive|gostop has 180 seconds left.\n|l|\u2606GDW Yuudachi\n|inactive|GDW Yuudachi disconnected and has 300 seconds to reconnect!\n|player|p2|\n|j|\u265aIGJackeylove\u8f7b\u8bed\n|inactive|gostop has 150 seconds left.\n|\n|t:|1657463800\n|move|p2a: \u5d29\u574f\u7834\u706d\u7684\u4ea4\u54cd\u4e50|Fake Out|p1a: Diglett\n|-damage|p1a: Diglett|45\/100\n|cant|p1a: Diglett|flinch\n|\n|upkeep\n|turn|35\n|j|\u2606GDW Yuudachi\n|inactive|GDW Yuudachi reconnected and has 300 seconds left.\n|player|p2|GDW Yuudachi|xili.png\n|inactive|gostop has 150 seconds left.\n|j|\u265aqdhwefdw\n|\n|t:|1657463825\n|move|p1a: Diglett|Earthquake|p2a: \u5d29\u574f\u7834\u706d\u7684\u4ea4\u54cd\u4e50\n|-damage|p2a: \u5d29\u574f\u7834\u706d\u7684\u4ea4\u54cd\u4e50|30\/100\n|-damage|p1a: Diglett|39\/100|[from] item: Life Orb\n|move|p2a: \u5d29\u574f\u7834\u706d\u7684\u4ea4\u54cd\u4e50|Knock Off|p1a: Diglett\n|-damage|p1a: Diglett|0 fnt\n|-enditem|p1a: Diglett|Life Orb|[from] move: Knock Off|[of] p2a: \u5d29\u574f\u7834\u706d\u7684\u4ea4\u54cd\u4e50\n|faint|p1a: Diglett\n|\n|upkeep\n|\n|t:|1657463833\n|switch|p1a: Mienfoo|Mienfoo, L5, M|78\/100\n|-damage|p1a: Mienfoo|73\/100|[from] Stealth Rock\n|-damage|p1a: Mienfoo|64\/100|[from] Spikes\n|turn|36\n|\n|t:|1657463843\n|move|p2a: \u5d29\u574f\u7834\u706d\u7684\u4ea4\u54cd\u4e50|High Jump Kick|p1a: Mienfoo\n|-damage|p1a: Mienfoo|10\/100\n|move|p1a: Mienfoo|Acrobatics|p2a: \u5d29\u574f\u7834\u706d\u7684\u4ea4\u54cd\u4e50\n|-supereffective|p2a: \u5d29\u574f\u7834\u706d\u7684\u4ea4\u54cd\u4e50\n|-damage|p2a: \u5d29\u574f\u7834\u706d\u7684\u4ea4\u54cd\u4e50|0 fnt\n|faint|p2a: \u5d29\u574f\u7834\u706d\u7684\u4ea4\u54cd\u4e50\n|\n|upkeep\n|\n|t:|1657463849\n|switch|p2a: \u53d8\u9769\u4e4b\u4eba\u7684\u73b0\u5b9e\u8c08|Snivy, L5, F|77\/100\n|-damage|p2a: \u53d8\u9769\u4e4b\u4eba\u7684\u73b0\u5b9e\u8c08|67\/100|[from] Stealth Rock\n|turn|37\n|inactive|gostop has 150 seconds left.\n|\n|t:|1657463869\n|switch|p1a: Vullaby|Vullaby, L5, F|100\/100 par\n|-damage|p1a: Vullaby|76\/100 par|[from] Stealth Rock\n|move|p2a: \u53d8\u9769\u4e4b\u4eba\u7684\u73b0\u5b9e\u8c08|Leaf Storm|p1a: Vullaby\n|-resisted|p1a: Vullaby\n|-damage|p1a: Vullaby|57\/100 par\n|-boost|p2a: \u53d8\u9769\u4e4b\u4eba\u7684\u73b0\u5b9e\u8c08|spa|2\n|\n|upkeep\n|turn|38\n|inactive|gostop has 150 seconds left.\n|l|\u2606GDW Yuudachi\n|inactive|GDW Yuudachi disconnected and has 300 seconds to reconnect!\n|player|p2|\n|inactive|gostop has 120 seconds left.\n|l|\u265aqdhwefdw\n|\n|t:|1657463921\n|move|p2a: \u53d8\u9769\u4e4b\u4eba\u7684\u73b0\u5b9e\u8c08|Substitute|p2a: \u53d8\u9769\u4e4b\u4eba\u7684\u73b0\u5b9e\u8c08\n|-start|p2a: \u53d8\u9769\u4e4b\u4eba\u7684\u73b0\u5b9e\u8c08|Substitute\n|-damage|p2a: \u53d8\u9769\u4e4b\u4eba\u7684\u73b0\u5b9e\u8c08|43\/100\n|-enditem|p2a: \u53d8\u9769\u4e4b\u4eba\u7684\u73b0\u5b9e\u8c08|Berry Juice\n|-heal|p2a: \u53d8\u9769\u4e4b\u4eba\u7684\u73b0\u5b9e\u8c08|100\/100|[from] item: Berry Juice\n|cant|p1a: Vullaby|par\n|\n|upkeep\n|turn|39\n|j|\u2606GDW Yuudachi\n|inactive|GDW Yuudachi reconnected and has 300 seconds left.\n|player|p2|GDW Yuudachi|xili.png\n|\n|t:|1657463934\n|move|p2a: \u53d8\u9769\u4e4b\u4eba\u7684\u73b0\u5b9e\u8c08|Leaf Storm|p1a: Vullaby\n|-resisted|p1a: Vullaby\n|-damage|p1a: Vullaby|20\/100 par\n|-boost|p2a: \u53d8\u9769\u4e4b\u4eba\u7684\u73b0\u5b9e\u8c08|spa|2\n|cant|p1a: Vullaby|par\n|\n|upkeep\n|turn|40\n|c|\u2606GDW Yuudachi|sry\n|\n|t:|1657463943\n|move|p2a: \u53d8\u9769\u4e4b\u4eba\u7684\u73b0\u5b9e\u8c08|Hidden Power|p1a: Vullaby\n|-damage|p1a: Vullaby|0 fnt\n|faint|p1a: Vullaby\n|\n|upkeep\n|\n|t:|1657463945\n|switch|p1a: Mienfoo|Mienfoo, L5, M|41\/100\n|-damage|p1a: Mienfoo|37\/100|[from] Stealth Rock\n|-damage|p1a: Mienfoo|28\/100|[from] Spikes\n|turn|41\n|l|\u265aIGJackeylove\u8f7b\u8bed\n|\n|t:|1657463949\n|move|p2a: \u53d8\u9769\u4e4b\u4eba\u7684\u73b0\u5b9e\u8c08|Hidden Power|p1a: Mienfoo\n|-damage|p1a: Mienfoo|0 fnt\n|faint|p1a: Mienfoo\n|\n|win|GDW Yuudachi\n","uploadtime":1657463957,"views":12,"p1id":"gostop","p2id":"gdwyuudachi","formatid":"gen6lc","rating":0,"private":0,"password":null}