{"id":"china-gen7ou-1727514","p1":"liujiguobulao","p2":"EEEEEvolto\u6df1\u6eba","format":"gen7ou","log":"|j|\u2606liujiguobulao\n|j|\u2606EEEEEvolto\u6df1\u6eba\n|t:|1626603949\n|gametype|singles\n|player|p1|liujiguobulao|picnicker|1365\n|player|p2|EEEEEvolto\u6df1\u6eba|169|1364\n|teamsize|p1|6\n|teamsize|p2|6\n|gen|7\n|tier|[Gen 7] OU\n|rated|\n|rule|Sleep Clause Mod: Limit one foe put to sleep\n|rule|Species Clause: Limit one of each Pok\u00e9mon\n|rule|OHKO Clause: OHKO moves are banned\n|rule|Moody Clause: Moody is banned\n|rule|Evasion Moves Clause: Evasion moves are banned\n|rule|Endless Battle Clause: Forcing endless battles is banned\n|rule|HP Percentage Mod: HP is shown in percentages\n|clearpoke\n|poke|p1|Bisharp, M|item\n|poke|p1|Infernape, F|item\n|poke|p1|Tapu Bulu|item\n|poke|p1|Kyurem|item\n|poke|p1|Latias, F|item\n|poke|p1|Jirachi|item\n|poke|p2|Sableye, F|item\n|poke|p2|Celesteela|item\n|poke|p2|Pyukumuku, M|item\n|poke|p2|Chansey, F|item\n|poke|p2|Gliscor, M|item\n|poke|p2|Volcarona, F|item\n|teampreview\n|\n|t:|1626603998\n|start\n|switch|p1a: Bisharp|Bisharp, M|100\/100\n|switch|p2a: Sableye|Sableye, F|100\/100\n|turn|1\n|\n|t:|1626604002\n|detailschange|p2a: Sableye|Sableye-Mega, F\n|-mega|p2a: Sableye|Sableye|Sablenite\n|move|p1a: Bisharp|Substitute|p1a: Bisharp\n|-start|p1a: Bisharp|Substitute\n|-damage|p1a: Bisharp|76\/100\n|move|p2a: Sableye|Knock Off|p1a: Bisharp\n|-resisted|p1a: Bisharp\n|-activate|p1a: Bisharp|move: Substitute|[damage]\n|\n|upkeep\n|turn|2\n|\n|t:|1626604011\n|move|p1a: Bisharp|Iron Head|p2a: Sableye\n|-damage|p2a: Sableye|71\/100\n|move|p2a: Sableye|Knock Off|p1a: Bisharp\n|-resisted|p1a: Bisharp\n|-activate|p1a: Bisharp|move: Substitute|[damage]\n|\n|upkeep\n|turn|3\n|\n|t:|1626604017\n|move|p1a: Bisharp|Swords Dance|p1a: Bisharp\n|-boost|p1a: Bisharp|atk|2\n|move|p2a: Sableye|Foul Play|p1a: Bisharp\n|-resisted|p1a: Bisharp\n|-end|p1a: Bisharp|Substitute\n|\n|upkeep\n|turn|4\n|\n|t:|1626604019\n|move|p1a: Bisharp|Substitute|p1a: Bisharp\n|-start|p1a: Bisharp|Substitute\n|-damage|p1a: Bisharp|51\/100\n|move|p2a: Sableye|Foul Play|p1a: Bisharp\n|-resisted|p1a: Bisharp\n|-end|p1a: Bisharp|Substitute\n|\n|upkeep\n|turn|5\n|\n|t:|1626604021\n|-zpower|p1a: Bisharp\n|move|p1a: Bisharp|Black Hole Eclipse|p2a: Sableye|[zeffect]\n|-damage|p2a: Sableye|0 fnt\n|faint|p2a: Sableye\n|\n|upkeep\n|\n|t:|1626604025\n|switch|p2a: Gliscor|Gliscor, M|100\/100\n|turn|6\n|\n|t:|1626604031\n|move|p1a: Bisharp|Sucker Punch||[still]\n|-fail|p1a: Bisharp\n|move|p2a: Gliscor|Toxic|p1a: Bisharp\n|-immune|p1a: Bisharp\n|\n|-status|p2a: Gliscor|tox|[from] item: Toxic Orb\n|upkeep\n|turn|7\n|\n|t:|1626604037\n|move|p1a: Bisharp|Sucker Punch|p2a: Gliscor\n|-damage|p2a: Gliscor|38\/100 tox\n|move|p2a: Gliscor|Earthquake|p1a: Bisharp\n|-supereffective|p1a: Bisharp\n|-damage|p1a: Bisharp|0 fnt\n|faint|p1a: Bisharp\n|\n|-heal|p2a: Gliscor|50\/100 tox|[from] ability: Poison Heal\n|upkeep\n|\n|t:|1626604044\n|switch|p1a: Tapu Bulu|Tapu Bulu|100\/100\n|-fieldstart|move: Grassy Terrain|[from] ability: Grassy Surge|[of] p1a: Tapu Bulu\n|turn|8\n|\n|t:|1626604048\n|move|p1a: Tapu Bulu|Wood Hammer|p2a: Gliscor\n|-damage|p2a: Gliscor|0 fnt\n|faint|p2a: Gliscor\n|-damage|p1a: Tapu Bulu|80\/100|[from] Recoil\n|\n|-heal|p1a: Tapu Bulu|86\/100|[from] Grassy Terrain\n|upkeep\n|\n|t:|1626604053\n|switch|p2a: Volcarona|Volcarona, F|100\/100\n|turn|9\n|inactive|Battle timer is ON: inactive players will automatically lose when time's up. (requested by EEEEEvolto\u6df1\u6eba)\n|\n|t:|1626604092\n|switch|p1a: Jirachi|Jirachi|100\/100\n|move|p2a: Volcarona|Flamethrower|p1a: Jirachi\n|-supereffective|p1a: Jirachi\n|-damage|p1a: Jirachi|44\/100\n|\n|-heal|p1a: Jirachi|50\/100|[from] Grassy Terrain\n|upkeep\n|turn|10\n|\n|t:|1626604098\n|switch|p1a: Infernape|Infernape, F|100\/100\n|move|p2a: Volcarona|Flamethrower|p1a: Infernape\n|-resisted|p1a: Infernape\n|-damage|p1a: Infernape|70\/100\n|\n|-heal|p1a: Infernape|76\/100|[from] Grassy Terrain\n|upkeep\n|turn|11\n|\n|t:|1626604103\n|move|p1a: Infernape|Stealth Rock|p2a: Volcarona\n|-sidestart|p2: EEEEEvolto\u6df1\u6eba|move: Stealth Rock\n|move|p2a: Volcarona|Hidden Power|p1a: Infernape\n|-supereffective|p1a: Infernape\n|-damage|p1a: Infernape|23\/100\n|\n|-heal|p1a: Infernape|29\/100|[from] Grassy Terrain\n|upkeep\n|turn|12\n|\n|t:|1626604107\n|move|p1a: Infernape|Endeavor|p2a: Volcarona\n|-damage|p2a: Volcarona|23\/100\n|move|p2a: Volcarona|Flamethrower|p1a: Infernape\n|-resisted|p1a: Infernape\n|-damage|p1a: Infernape|0 fnt\n|faint|p1a: Infernape\n|\n|-heal|p2a: Volcarona|29\/100|[from] Grassy Terrain\n|-heal|p2a: Volcarona|35\/100|[from] item: Leftovers\n|-fieldend|move: Grassy Terrain\n|upkeep\n|\n|t:|1626604109\n|switch|p1a: Latias|Latias, F|100\/100\n|turn|13\n|\n|t:|1626604114\n|detailschange|p1a: Latias|Latias-Mega, F\n|-mega|p1a: Latias|Latias|Latiasite\n|move|p1a: Latias|Surf|p2a: Volcarona\n|-supereffective|p2a: Volcarona\n|-damage|p2a: Volcarona|0 fnt\n|faint|p2a: Volcarona\n|\n|upkeep\n|\n|t:|1626604133\n|switch|p2a: Celesteela|Celesteela, shiny|100\/100\n|-damage|p2a: Celesteela|88\/100|[from] Stealth Rock\n|turn|14\n|\n|t:|1626604136\n|move|p1a: Latias|Surf|p2a: Celesteela\n|-damage|p2a: Celesteela|70\/100\n|move|p2a: Celesteela|Leech Seed|p1a: Latias|[miss]\n|-miss|p2a: Celesteela|p1a: Latias\n|\n|-heal|p2a: Celesteela|76\/100|[from] item: Leftovers\n|upkeep\n|turn|15\n|\n|t:|1626604144\n|switch|p1a: Tapu Bulu|Tapu Bulu|86\/100\n|-fieldstart|move: Grassy Terrain|[from] ability: Grassy Surge|[of] p1a: Tapu Bulu\n|move|p2a: Celesteela|Heavy Slam|p1a: Tapu Bulu\n|-supereffective|p1a: Tapu Bulu\n|-damage|p1a: Tapu Bulu|0 fnt\n|faint|p1a: Tapu Bulu\n|-ability|p2a: Celesteela|Beast Boost|boost\n|-boost|p2a: Celesteela|spd|1\n|\n|-heal|p2a: Celesteela|82\/100|[from] item: Leftovers\n|upkeep\n|\n|t:|1626604147\n|switch|p1a: Jirachi|Jirachi|50\/100\n|turn|16\n|\n|t:|1626604149\n|move|p1a: Jirachi|Body Slam|p2a: Celesteela\n|-resisted|p2a: Celesteela\n|-crit|p2a: Celesteela\n|-damage|p2a: Celesteela|68\/100\n|move|p2a: Celesteela|Flamethrower|p1a: Jirachi\n|-supereffective|p1a: Jirachi\n|-damage|p1a: Jirachi|23\/100\n|\n|-heal|p1a: Jirachi|29\/100|[from] Grassy Terrain\n|-heal|p2a: Celesteela|74\/100|[from] item: Leftovers\n|upkeep\n|turn|17\n|\n|t:|1626604155\n|move|p2a: Celesteela|Protect|p2a: Celesteela\n|-singleturn|p2a: Celesteela|Protect\n|move|p1a: Jirachi|Body Slam|p2a: Celesteela\n|-activate|p2a: Celesteela|move: Protect\n|\n|-heal|p1a: Jirachi|35\/100|[from] Grassy Terrain\n|-heal|p2a: Celesteela|80\/100|[from] item: Leftovers\n|upkeep\n|turn|18\n|\n|t:|1626604157\n|move|p1a: Jirachi|Body Slam|p2a: Celesteela\n|-resisted|p2a: Celesteela\n|-crit|p2a: Celesteela\n|-damage|p2a: Celesteela|65\/100\n|-status|p2a: Celesteela|par\n|move|p2a: Celesteela|Leech Seed|p1a: Jirachi\n|-start|p1a: Jirachi|move: Leech Seed\n|\n|-heal|p1a: Jirachi|41\/100|[from] Grassy Terrain\n|-heal|p2a: Celesteela|71\/100 par|[from] item: Leftovers\n|-damage|p1a: Jirachi|29\/100|[from] Leech Seed|[of] p2a: Celesteela\n|-heal|p2a: Celesteela|82\/100 par|[silent]\n|upkeep\n|turn|19\n|\n|t:|1626604165\n|switch|p1a: Kyurem|Kyurem|100\/100\n|-ability|p1a: Kyurem|Pressure\n|move|p2a: Celesteela|Heavy Slam|p1a: Kyurem\n|-supereffective|p1a: Kyurem\n|-damage|p1a: Kyurem|52\/100\n|\n|-heal|p1a: Kyurem|59\/100|[from] Grassy Terrain\n|-heal|p2a: Celesteela|88\/100 par|[from] item: Leftovers\n|-fieldend|move: Grassy Terrain\n|upkeep\n|turn|20\n|\n|t:|1626604171\n|move|p1a: Kyurem|Substitute|p1a: Kyurem\n|-start|p1a: Kyurem|Substitute\n|-damage|p1a: Kyurem|34\/100\n|move|p2a: Celesteela|Heavy Slam|p1a: Kyurem\n|-supereffective|p1a: Kyurem\n|-end|p1a: Kyurem|Substitute\n|\n|-heal|p2a: Celesteela|94\/100 par|[from] item: Leftovers\n|upkeep\n|turn|21\n|\n|t:|1626604175\n|move|p1a: Kyurem|Roost|p1a: Kyurem\n|-heal|p1a: Kyurem|84\/100\n|-singleturn|p1a: Kyurem|move: Roost\n|move|p2a: Celesteela|Heavy Slam|p1a: Kyurem\n|-supereffective|p1a: Kyurem\n|-crit|p1a: Kyurem\n|-damage|p1a: Kyurem|12\/100\n|\n|-heal|p2a: Celesteela|99\/100 par|[from] item: Leftovers\n|upkeep\n|turn|22\n|\n|t:|1626604179\n|move|p1a: Kyurem|Roost|p1a: Kyurem\n|-heal|p1a: Kyurem|62\/100\n|-singleturn|p1a: Kyurem|move: Roost\n|move|p2a: Celesteela|Heavy Slam|p1a: Kyurem\n|-supereffective|p1a: Kyurem\n|-damage|p1a: Kyurem|13\/100\n|\n|-heal|p2a: Celesteela|100\/100 par|[from] item: Leftovers\n|upkeep\n|turn|23\n|\n|t:|1626604184\n|move|p1a: Kyurem|Roost|p1a: Kyurem\n|-heal|p1a: Kyurem|63\/100\n|-singleturn|p1a: Kyurem|move: Roost\n|move|p2a: Celesteela|Flamethrower|p1a: Kyurem\n|-damage|p1a: Kyurem|44\/100\n|\n|upkeep\n|turn|24\n|\n|t:|1626604186\n|move|p1a: Kyurem|Substitute|p1a: Kyurem\n|-start|p1a: Kyurem|Substitute\n|-damage|p1a: Kyurem|19\/100\n|move|p2a: Celesteela|Heavy Slam|p1a: Kyurem\n|-supereffective|p1a: Kyurem\n|-end|p1a: Kyurem|Substitute\n|\n|upkeep\n|turn|25\n|\n|t:|1626604190\n|move|p1a: Kyurem|Roost|p1a: Kyurem\n|-heal|p1a: Kyurem|69\/100\n|-singleturn|p1a: Kyurem|move: Roost\n|move|p2a: Celesteela|Heavy Slam|p1a: Kyurem\n|-supereffective|p1a: Kyurem\n|-damage|p1a: Kyurem|17\/100\n|\n|upkeep\n|turn|26\n|\n|t:|1626604194\n|move|p1a: Kyurem|Roost|p1a: Kyurem\n|-heal|p1a: Kyurem|67\/100\n|-singleturn|p1a: Kyurem|move: Roost\n|move|p2a: Celesteela|Heavy Slam|p1a: Kyurem\n|-supereffective|p1a: Kyurem\n|-damage|p1a: Kyurem|11\/100\n|\n|upkeep\n|turn|27\n|\n|t:|1626604204\n|switch|p2a: Pyukumuku|Pyukumuku, M|100\/100\n|-damage|p2a: Pyukumuku|88\/100|[from] Stealth Rock\n|move|p1a: Kyurem|Roost|p1a: Kyurem\n|-heal|p1a: Kyurem|61\/100\n|-singleturn|p1a: Kyurem|move: Roost\n|\n|-heal|p2a: Pyukumuku|94\/100|[from] item: Leftovers\n|upkeep\n|turn|28\n|\n|t:|1626604208\n|move|p1a: Kyurem|Substitute|p1a: Kyurem\n|-start|p1a: Kyurem|Substitute\n|-damage|p1a: Kyurem|36\/100\n|move|p2a: Pyukumuku|Toxic||[still]\n|-fail|p2a: Pyukumuku\n|\n|-heal|p2a: Pyukumuku|99\/100|[from] item: Leftovers\n|upkeep\n|turn|29\n|\n|t:|1626604211\n|move|p1a: Kyurem|Roost|p1a: Kyurem\n|-heal|p1a: Kyurem|86\/100\n|-singleturn|p1a: Kyurem|move: Roost\n|move|p2a: Pyukumuku|Spite|p1a: Kyurem\n|-activate|p1a: Kyurem|move: Spite|Roost|4\n|\n|-heal|p2a: Pyukumuku|100\/100|[from] item: Leftovers\n|upkeep\n|turn|30\n|\n|t:|1626604214\n|move|p1a: Kyurem|Earth Power|p2a: Pyukumuku\n|-crit|p2a: Pyukumuku\n|-damage|p2a: Pyukumuku|58\/100\n|-unboost|p2a: Pyukumuku|spd|1\n|move|p2a: Pyukumuku|Spite|p1a: Kyurem\n|-activate|p1a: Kyurem|move: Spite|Earth Power|4\n|\n|-heal|p2a: Pyukumuku|64\/100|[from] item: Leftovers\n|upkeep\n|turn|31\n|\n|t:|1626604218\n|switch|p2a: Celesteela|Celesteela, shiny|100\/100 par\n|-damage|p2a: Celesteela|88\/100 par|[from] Stealth Rock\n|move|p1a: Kyurem|Earth Power|p2a: Celesteela\n|-immune|p2a: Celesteela\n|\n|-heal|p2a: Celesteela|94\/100 par|[from] item: Leftovers\n|upkeep\n|turn|32\n|\n|t:|1626604220\n|move|p1a: Kyurem|Ice Beam|p2a: Celesteela\n|-damage|p2a: Celesteela|65\/100 par\n|move|p2a: Celesteela|Heavy Slam|p1a: Kyurem\n|-supereffective|p1a: Kyurem\n|-end|p1a: Kyurem|Substitute\n|\n|-heal|p2a: Celesteela|71\/100 par|[from] item: Leftovers\n|upkeep\n|turn|33\n|\n|t:|1626604224\n|switch|p2a: Pyukumuku|Pyukumuku, M|64\/100\n|-damage|p2a: Pyukumuku|51\/100|[from] Stealth Rock\n|move|p1a: Kyurem|Ice Beam|p2a: Pyukumuku\n|-resisted|p2a: Pyukumuku\n|-damage|p2a: Pyukumuku|25\/100\n|\n|-heal|p2a: Pyukumuku|31\/100|[from] item: Leftovers\n|upkeep\n|turn|34\n|\n|t:|1626604227\n|move|p1a: Kyurem|Earth Power|p2a: Pyukumuku\n|-damage|p2a: Pyukumuku|3\/100\n|move|p2a: Pyukumuku|Recover|p2a: Pyukumuku\n|-heal|p2a: Pyukumuku|53\/100\n|\n|-heal|p2a: Pyukumuku|59\/100|[from] item: Leftovers\n|upkeep\n|turn|35\n|\n|t:|1626604230\n|move|p1a: Kyurem|Earth Power|p2a: Pyukumuku\n|-damage|p2a: Pyukumuku|22\/100\n|move|p2a: Pyukumuku|Recover|p2a: Pyukumuku\n|-heal|p2a: Pyukumuku|72\/100\n|\n|-heal|p2a: Pyukumuku|78\/100|[from] item: Leftovers\n|upkeep\n|turn|36\n|\n|t:|1626604232\n|move|p1a: Kyurem|Substitute|p1a: Kyurem\n|-start|p1a: Kyurem|Substitute\n|-damage|p1a: Kyurem|61\/100\n|move|p2a: Pyukumuku|Toxic||[still]\n|-fail|p2a: Pyukumuku\n|\n|-heal|p2a: Pyukumuku|84\/100|[from] item: Leftovers\n|upkeep\n|turn|37\n|\n|t:|1626604236\n|switch|p2a: Celesteela|Celesteela, shiny|71\/100 par\n|-damage|p2a: Celesteela|58\/100 par|[from] Stealth Rock\n|move|p1a: Kyurem|Earth Power|p2a: Celesteela\n|-immune|p2a: Celesteela\n|\n|-heal|p2a: Celesteela|64\/100 par|[from] item: Leftovers\n|upkeep\n|turn|38\n|\n|t:|1626604240\n|move|p1a: Kyurem|Ice Beam|p2a: Celesteela\n|-damage|p2a: Celesteela|33\/100 par\n|cant|p2a: Celesteela|par\n|\n|-heal|p2a: Celesteela|39\/100 par|[from] item: Leftovers\n|upkeep\n|turn|39\n|\n|t:|1626604242\n|move|p1a: Kyurem|Ice Beam|p2a: Celesteela\n|-damage|p2a: Celesteela|2\/100 par\n|cant|p2a: Celesteela|par\n|\n|-heal|p2a: Celesteela|8\/100 par|[from] item: Leftovers\n|upkeep\n|turn|40\n|\n|t:|1626604243\n|move|p1a: Kyurem|Ice Beam|p2a: Celesteela\n|-damage|p2a: Celesteela|0 fnt\n|faint|p2a: Celesteela\n|\n|upkeep\n|\n|t:|1626604245\n|switch|p2a: Chansey|Chansey, F|100\/100\n|-damage|p2a: Chansey|88\/100|[from] Stealth Rock\n|turn|41\n|\n|t:|1626604254\n|move|p1a: Kyurem|Earth Power|p2a: Chansey\n|-damage|p2a: Chansey|80\/100\n|move|p2a: Chansey|Stealth Rock|p1a: Kyurem\n|-sidestart|p1: liujiguobulao|move: Stealth Rock\n|\n|upkeep\n|turn|42\n|\n|t:|1626604258\n|move|p1a: Kyurem|Earth Power|p2a: Chansey\n|-damage|p2a: Chansey|69\/100\n|move|p2a: Chansey|Seismic Toss|p1a: Kyurem\n|-activate|p1a: Kyurem|move: Substitute|[damage]\n|\n|upkeep\n|turn|43\n|\n|t:|1626604260\n|move|p1a: Kyurem|Ice Beam|p2a: Chansey\n|-damage|p2a: Chansey|56\/100\n|move|p2a: Chansey|Seismic Toss|p1a: Kyurem\n|-end|p1a: Kyurem|Substitute\n|\n|upkeep\n|turn|44\n|\n|t:|1626604263\n|move|p1a: Kyurem|Substitute|p1a: Kyurem\n|-start|p1a: Kyurem|Substitute\n|-damage|p1a: Kyurem|36\/100\n|move|p2a: Chansey|Seismic Toss|p1a: Kyurem\n|-activate|p1a: Kyurem|move: Substitute|[damage]\n|\n|upkeep\n|turn|45\n|\n|t:|1626604267\n|move|p1a: Kyurem|Roost|p1a: Kyurem\n|-heal|p1a: Kyurem|86\/100\n|-singleturn|p1a: Kyurem|move: Roost\n|move|p2a: Chansey|Seismic Toss|p1a: Kyurem\n|-end|p1a: Kyurem|Substitute\n|\n|upkeep\n|turn|46\n|\n|t:|1626604274\n|switch|p2a: Pyukumuku|Pyukumuku, M|84\/100\n|-damage|p2a: Pyukumuku|71\/100|[from] Stealth Rock\n|move|p1a: Kyurem|Substitute|p1a: Kyurem\n|-start|p1a: Kyurem|Substitute\n|-damage|p1a: Kyurem|61\/100\n|\n|-heal|p2a: Pyukumuku|77\/100|[from] item: Leftovers\n|upkeep\n|turn|47\n|\n|t:|1626604276\n|move|p1a: Kyurem|Earth Power|p2a: Pyukumuku\n|-damage|p2a: Pyukumuku|49\/100\n|move|p2a: Pyukumuku|Spite|p1a: Kyurem\n|-activate|p1a: Kyurem|move: Spite|Earth Power|4\n|\n|-heal|p2a: Pyukumuku|55\/100|[from] item: Leftovers\n|upkeep\n|turn|48\n|\n|t:|1626604281\n|move|p1a: Kyurem|Ice Beam|p2a: Pyukumuku\n|-resisted|p2a: Pyukumuku\n|-damage|p2a: Pyukumuku|33\/100\n|move|p2a: Pyukumuku|Recover|p2a: Pyukumuku\n|-heal|p2a: Pyukumuku|83\/100\n|\n|-heal|p2a: Pyukumuku|89\/100|[from] item: Leftovers\n|upkeep\n|turn|49\n|\n|t:|1626604283\n|move|p1a: Kyurem|Ice Beam|p2a: Pyukumuku\n|-resisted|p2a: Pyukumuku\n|-damage|p2a: Pyukumuku|60\/100\n|move|p2a: Pyukumuku|Spite|p1a: Kyurem\n|-activate|p1a: Kyurem|move: Spite|Ice Beam|4\n|\n|-heal|p2a: Pyukumuku|66\/100|[from] item: Leftovers\n|upkeep\n|turn|50\n|\n|t:|1626604285\n|move|p1a: Kyurem|Ice Beam|p2a: Pyukumuku\n|-resisted|p2a: Pyukumuku\n|-damage|p2a: Pyukumuku|36\/100\n|move|p2a: Pyukumuku|Spite|p1a: Kyurem\n|-activate|p1a: Kyurem|move: Spite|Ice Beam|3\n|\n|-heal|p2a: Pyukumuku|43\/100|[from] item: Leftovers\n|upkeep\n|turn|51\n|\n|t:|1626604292\n|move|p1a: Kyurem|Roost|p1a: Kyurem\n|-heal|p1a: Kyurem|100\/100\n|-singleturn|p1a: Kyurem|move: Roost\n|move|p2a: Pyukumuku|Recover|p2a: Pyukumuku\n|-heal|p2a: Pyukumuku|93\/100\n|\n|-heal|p2a: Pyukumuku|99\/100|[from] item: Leftovers\n|upkeep\n|turn|52\n|\n|t:|1626604297\n|switch|p1a: Latias|Latias-Mega, F|100\/100\n|-damage|p1a: Latias|88\/100|[from] Stealth Rock\n|move|p2a: Pyukumuku|Spite||[still]\n|-fail|p2a: Pyukumuku\n|\n|-heal|p2a: Pyukumuku|100\/100|[from] item: Leftovers\n|upkeep\n|turn|53\n|\n|t:|1626604301\n|move|p1a: Latias|Draco Meteor|p2a: Pyukumuku\n|-damage|p2a: Pyukumuku|49\/100\n|-unboost|p1a: Latias|spa|2\n|move|p2a: Pyukumuku|Block|p1a: Latias\n|-activate|p1a: Latias|trapped\n|\n|-heal|p2a: Pyukumuku|55\/100|[from] item: Leftovers\n|upkeep\n|turn|54\n|\n|t:|1626604306\n|move|p1a: Latias|Draco Meteor|p2a: Pyukumuku\n|-damage|p2a: Pyukumuku|5\/100\n|-unboost|p1a: Latias|spa|2\n|move|p2a: Pyukumuku|Toxic|p1a: Latias\n|-status|p1a: Latias|tox\n|\n|-heal|p2a: Pyukumuku|11\/100|[from] item: Leftovers\n|-damage|p1a: Latias|82\/100 tox|[from] psn\n|upkeep\n|turn|55\n|\n|t:|1626604311\n|move|p1a: Latias|Draco Meteor|p2a: Pyukumuku\n|-damage|p2a: Pyukumuku|0 fnt\n|-unboost|p1a: Latias|spa|2\n|faint|p2a: Pyukumuku\n|\n|-damage|p1a: Latias|70\/100 tox|[from] psn\n|upkeep\n|\n|t:|1626604314\n|switch|p2a: Chansey|Chansey, F|56\/100\n|-damage|p2a: Chansey|44\/100|[from] Stealth Rock\n|turn|56\n|\n|t:|1626604322\n|move|p1a: Latias|Roost|p1a: Latias\n|-heal|p1a: Latias|100\/100 tox\n|-singleturn|p1a: Latias|move: Roost\n|move|p2a: Chansey|Soft-Boiled|p2a: Chansey\n|-heal|p2a: Chansey|94\/100\n|\n|-damage|p1a: Latias|82\/100 tox|[from] psn\n|upkeep\n|turn|57\n|j| PIG6\n|\n|t:|1626604327\n|move|p1a: Latias|Roost|p1a: Latias\n|-heal|p1a: Latias|100\/100 tox\n|-singleturn|p1a: Latias|move: Roost\n|move|p2a: Chansey|Seismic Toss|p1a: Latias\n|-damage|p1a: Latias|73\/100 tox\n|\n|-damage|p1a: Latias|49\/100 tox|[from] psn\n|upkeep\n|turn|58\n|\n|t:|1626604330\n|switch|p1a: Kyurem|Kyurem|100\/100\n|-damage|p1a: Kyurem|75\/100|[from] Stealth Rock\n|-ability|p1a: Kyurem|Pressure\n|move|p2a: Chansey|Seismic Toss|p1a: Kyurem\n|-damage|p1a: Kyurem|51\/100\n|\n|upkeep\n|turn|59\n|\n|t:|1626604335\n|move|p1a: Kyurem|Substitute|p1a: Kyurem\n|-start|p1a: Kyurem|Substitute\n|-damage|p1a: Kyurem|26\/100\n|move|p2a: Chansey|Seismic Toss|p1a: Kyurem\n|-activate|p1a: Kyurem|move: Substitute|[damage]\n|\n|upkeep\n|turn|60\n|\n|t:|1626604337\n|move|p1a: Kyurem|Roost|p1a: Kyurem\n|-heal|p1a: Kyurem|76\/100\n|-singleturn|p1a: Kyurem|move: Roost\n|move|p2a: Chansey|Seismic Toss|p1a: Kyurem\n|-end|p1a: Kyurem|Substitute\n|\n|upkeep\n|turn|61\n|\n|t:|1626604340\n|move|p1a: Kyurem|Substitute|p1a: Kyurem\n|-start|p1a: Kyurem|Substitute\n|-damage|p1a: Kyurem|51\/100\n|move|p2a: Chansey|Seismic Toss|p1a: Kyurem\n|-activate|p1a: Kyurem|move: Substitute|[damage]\n|\n|upkeep\n|turn|62\n|\n|t:|1626604343\n|move|p1a: Kyurem|Substitute|p1a: Kyurem\n|-fail|p1a: Kyurem|move: Substitute\n|move|p2a: Chansey|Seismic Toss|p1a: Kyurem\n|-end|p1a: Kyurem|Substitute\n|\n|upkeep\n|turn|63\n|\n|t:|1626604346\n|move|p1a: Kyurem|Substitute|p1a: Kyurem\n|-start|p1a: Kyurem|Substitute\n|-damage|p1a: Kyurem|26\/100\n|move|p2a: Chansey|Seismic Toss|p1a: Kyurem\n|-activate|p1a: Kyurem|move: Substitute|[damage]\n|\n|upkeep\n|turn|64\n|\n|t:|1626604349\n|move|p1a: Kyurem|Roost|p1a: Kyurem\n|-heal|p1a: Kyurem|76\/100\n|-singleturn|p1a: Kyurem|move: Roost\n|move|p2a: Chansey|Seismic Toss|p1a: Kyurem\n|-end|p1a: Kyurem|Substitute\n|\n|upkeep\n|turn|65\n|\n|t:|1626604355\n|move|p1a: Kyurem|Substitute|p1a: Kyurem\n|-start|p1a: Kyurem|Substitute\n|-damage|p1a: Kyurem|51\/100\n|move|p2a: Chansey|Seismic Toss|p1a: Kyurem\n|-activate|p1a: Kyurem|move: Substitute|[damage]\n|\n|upkeep\n|turn|66\n|\n|t:|1626604358\n|move|p1a: Kyurem|Substitute|p1a: Kyurem\n|-fail|p1a: Kyurem|move: Substitute\n|move|p2a: Chansey|Seismic Toss|p1a: Kyurem\n|-end|p1a: Kyurem|Substitute\n|\n|upkeep\n|turn|67\n|\n|t:|1626604360\n|move|p1a: Kyurem|Substitute|p1a: Kyurem\n|-start|p1a: Kyurem|Substitute\n|-damage|p1a: Kyurem|26\/100\n|move|p2a: Chansey|Seismic Toss|p1a: Kyurem\n|-activate|p1a: Kyurem|move: Substitute|[damage]\n|\n|upkeep\n|turn|68\n|\n|t:|1626604362\n|move|p1a: Kyurem|Roost|p1a: Kyurem\n|-heal|p1a: Kyurem|76\/100\n|-singleturn|p1a: Kyurem|move: Roost\n|move|p2a: Chansey|Seismic Toss|p1a: Kyurem\n|-end|p1a: Kyurem|Substitute\n|\n|upkeep\n|turn|69\n|\n|t:|1626604364\n|move|p1a: Kyurem|Substitute|p1a: Kyurem\n|-start|p1a: Kyurem|Substitute\n|-damage|p1a: Kyurem|51\/100\n|move|p2a: Chansey|Seismic Toss|p1a: Kyurem\n|-activate|p1a: Kyurem|move: Substitute|[damage]\n|\n|upkeep\n|turn|70\n|c|\u2606EEEEEvolto\u6df1\u6eba|PP\u653b\n|c|\u2606EEEEEvolto\u6df1\u6eba|\u5475\u5475\uff0c\u4e0d\u662f\u5f88\u5f3a\uff0c\n|-message|EEEEEvolto\u6df1\u6eba forfeited.\n|\n|win|liujiguobulao\n|raw|liujiguobulao's rating: 1365 &rarr; <strong>1385<\/strong><br \/>(+20 for winning)\n|raw|EEEEEvolto\u6df1\u6eba's rating: 1364 &rarr; <strong>1344<\/strong><br \/>(-20 for losing)\n|l|\u2606EEEEEvolto\u6df1\u6eba\n|l| PIG6\n","uploadtime":1626604476,"views":4,"p1id":"liujiguobulao","p2id":"eeeeevolto","formatid":"gen7ou","rating":0,"private":0,"password":null}