{"id":"china-gen8randombattle-469996","p1":"youke","p2":"gostop","format":"gen8randombattle","log":"|j|\u2606youke\n|j|\u2606gostop\n|t:|1621859652\n|gametype|singles\n|player|p1|youke|korrina|\n|player|p2|gostop|gostop.gif|\n|teamsize|p1|6\n|teamsize|p2|6\n|gen|8\n|tier|[Gen 8] Random Battle\n|rule|Species Clause: Limit one of each Pok\u00e9mon\n|rule|HP Percentage Mod: HP is shown in percentages\n|rule|Sleep Clause Mod: Limit one foe put to sleep\n|\n|t:|1621859652\n|start\n|switch|p1a: Kyogre|Kyogre, L72|263\/263\n|switch|p2a: Salazzle|Salazzle, L82, F|246\/246\n|-weather|RainDance|[from] ability: Drizzle|[of] p1a: Kyogre\n|turn|1\n|j|\u265aJanBeatJustin\n|j|\u265aAllen-xia\n|j| Ban Volca\n|j| yuer2333\n|j| xiaoaimi\n|j| vusty fans3\n|j| hidskfsl\n|j| youke fans200\n|j| aaa_skd\n|j| SplatoonVGC\n|l|\u265aAllen-xia\n|j| 4.aa.m\n|\n|t:|1621859718\n|move|p1a: Kyogre|Water Spout|p2a: Salazzle\n|-supereffective|p2a: Salazzle\n|-damage|p2a: Salazzle|0 fnt\n|faint|p2a: Salazzle\n|\n|-weather|RainDance|[upkeep]\n|upkeep\n|j|\u265aAllen-xia\n|\n|t:|1621859740\n|switch|p2a: Regieleki|Regieleki, L78|253\/253\n|turn|2\n|\n|t:|1621859744\n|switch|p1a: Seismitoad|Seismitoad, L84, F|314\/314\n|move|p2a: Regieleki|Volt Switch|p1a: Seismitoad\n|-immune|p1a: Seismitoad\n|\n|-weather|RainDance|[upkeep]\n|upkeep\n|turn|3\n|inactive|Battle timer is ON: inactive players will automatically lose when time's up. (requested by youke)\n|\n|t:|1621859778\n|switch|p2a: Wobbuffet|Wobbuffet, L91, M|494\/494\n|move|p1a: Seismitoad|Stealth Rock|p2a: Wobbuffet\n|-sidestart|p2: gostop|move: Stealth Rock\n|\n|-weather|RainDance|[upkeep]\n|upkeep\n|turn|4\n|l|\u265aAllen-xia\n|\n|t:|1621859804\n|move|p1a: Seismitoad|Stealth Rock||[still]\n|-fail|p1a: Seismitoad\n|move|p2a: Wobbuffet|Counter||[still]\n|-fail|p2a: Wobbuffet\n|\n|-weather|RainDance|[upkeep]\n|upkeep\n|turn|5\n|inactive|gostop has 270 seconds left.\n|j| XPSH\n|\n|t:|1621859822\n|move|p1a: Seismitoad|Stealth Rock||[still]\n|-fail|p1a: Seismitoad\n|move|p2a: Wobbuffet|Encore|p1a: Seismitoad\n|-start|p1a: Seismitoad|Encore\n|\n|-weather|none\n|upkeep\n|turn|6\n|inactive|gostop has 270 seconds left.\n|inactive|gostop has 240 seconds left.\n|j|\u265aAllen-xia\n|\n|t:|1621859877\n|switch|p2a: Kyogre|Kyogre, L72|263\/263\n|-damage|p2a: Kyogre|231\/263|[from] Stealth Rock\n|-weather|RainDance|[from] ability: Drizzle|[of] p2a: Kyogre\n|move|p1a: Seismitoad|Stealth Rock||[still]\n|-fail|p1a: Seismitoad\n|\n|-weather|RainDance|[upkeep]\n|-heal|p2a: Kyogre|247\/263|[from] item: Leftovers\n|upkeep\n|turn|7\n|l|\u265aAllen-xia\n|\n|t:|1621859892\n|-start|p1a: Seismitoad|Dynamax\n|-heal|p1a: Seismitoad|628\/628|[silent]\n|move|p1a: Seismitoad|Max Quake|p2a: Kyogre\n|-damage|p2a: Kyogre|40\/263\n|-boost|p1a: Seismitoad|spd|1\n|-damage|p1a: Seismitoad|597\/628|[from] item: Life Orb\n|move|p2a: Kyogre|Calm Mind|p2a: Kyogre\n|-boost|p2a: Kyogre|spa|1\n|-boost|p2a: Kyogre|spd|1\n|\n|-weather|RainDance|[upkeep]\n|-heal|p2a: Kyogre|56\/263|[from] item: Leftovers\n|upkeep\n|turn|8\n|\n|t:|1621859907\n|move|p1a: Seismitoad|Max Quake|p2a: Kyogre\n|-damage|p2a: Kyogre|0 fnt\n|-boost|p1a: Seismitoad|spd|1\n|faint|p2a: Kyogre\n|-damage|p1a: Seismitoad|566\/628|[from] item: Life Orb\n|\n|-weather|RainDance|[upkeep]\n|-end|p1a: Seismitoad|Encore\n|upkeep\n|j|\u265aAllen-xia\n|\n|t:|1621859917\n|switch|p2a: Wobbuffet|Wobbuffet, L91, M|494\/494\n|-damage|p2a: Wobbuffet|433\/494|[from] Stealth Rock\n|turn|9\n|\n|t:|1621859928\n|move|p1a: Seismitoad|Max Geyser|p2a: Wobbuffet\n|-damage|p2a: Wobbuffet|92\/494\n|-enditem|p2a: Wobbuffet|Sitrus Berry|[eat]\n|-heal|p2a: Wobbuffet|215\/494|[from] item: Sitrus Berry\n|-damage|p1a: Seismitoad|535\/628|[from] item: Life Orb\n|move|p2a: Wobbuffet|Charm|p1a: Seismitoad\n|-unboost|p1a: Seismitoad|atk|2\n|\n|-weather|RainDance|[upkeep]\n|-end|p1a: Seismitoad|Dynamax\n|-heal|p1a: Seismitoad|268\/314|[silent]\n|upkeep\n|turn|10\n|j|&drogba in shenhua\n|\n|t:|1621859948\n|move|p1a: Seismitoad|Stealth Rock||[still]\n|-fail|p1a: Seismitoad\n|move|p2a: Wobbuffet|Counter||[still]\n|-fail|p2a: Wobbuffet\n|\n|-weather|none\n|upkeep\n|turn|11\n|\n|t:|1621859955\n|move|p1a: Seismitoad|Stealth Rock||[still]\n|-fail|p1a: Seismitoad\n|move|p2a: Wobbuffet|Counter||[still]\n|-fail|p2a: Wobbuffet\n|\n|upkeep\n|turn|12\n|\n|t:|1621859964\n|move|p1a: Seismitoad|Stealth Rock||[still]\n|-fail|p1a: Seismitoad\n|move|p2a: Wobbuffet|Counter||[still]\n|-fail|p2a: Wobbuffet\n|\n|upkeep\n|turn|13\n|\n|t:|1621859971\n|move|p1a: Seismitoad|Stealth Rock||[still]\n|-fail|p1a: Seismitoad\n|move|p2a: Wobbuffet|Counter||[still]\n|-fail|p2a: Wobbuffet\n|\n|upkeep\n|turn|14\n|\n|t:|1621859974\n|move|p1a: Seismitoad|Stealth Rock||[still]\n|-fail|p1a: Seismitoad\n|move|p2a: Wobbuffet|Charm|p1a: Seismitoad\n|-unboost|p1a: Seismitoad|atk|2\n|\n|upkeep\n|turn|15\n|\n|t:|1621859978\n|move|p1a: Seismitoad|Stealth Rock||[still]\n|-fail|p1a: Seismitoad\n|move|p2a: Wobbuffet|Counter||[still]\n|-fail|p2a: Wobbuffet\n|\n|upkeep\n|turn|16\n|\n|t:|1621859981\n|move|p1a: Seismitoad|Stealth Rock||[still]\n|-fail|p1a: Seismitoad\n|move|p2a: Wobbuffet|Counter||[still]\n|-fail|p2a: Wobbuffet\n|\n|upkeep\n|turn|17\n|l|&drogba in shenhua\n|j|&drogba in shenhua\n|\n|t:|1621859992\n|move|p1a: Seismitoad|Stealth Rock||[still]\n|-fail|p1a: Seismitoad\n|move|p2a: Wobbuffet|Counter||[still]\n|-fail|p2a: Wobbuffet\n|\n|upkeep\n|turn|18\n|\n|t:|1621859999\n|move|p1a: Seismitoad|Stealth Rock||[still]\n|-fail|p1a: Seismitoad\n|move|p2a: Wobbuffet|Charm|p1a: Seismitoad\n|-unboost|p1a: Seismitoad|atk|2\n|\n|upkeep\n|turn|19\n|\n|t:|1621860005\n|move|p1a: Seismitoad|Stealth Rock||[still]\n|-fail|p1a: Seismitoad\n|move|p2a: Wobbuffet|Counter||[still]\n|-fail|p2a: Wobbuffet\n|\n|upkeep\n|turn|20\n|\n|t:|1621860027\n|move|p1a: Seismitoad|Stealth Rock||[still]\n|-fail|p1a: Seismitoad\n|move|p2a: Wobbuffet|Encore|p1a: Seismitoad\n|-start|p1a: Seismitoad|Encore\n|\n|upkeep\n|turn|21\n|\n|t:|1621860033\n|switch|p2a: Polteageist|Polteageist, L78|222\/222\n|-damage|p2a: Polteageist|195\/222|[from] Stealth Rock\n|move|p1a: Seismitoad|Stealth Rock||[still]\n|-fail|p1a: Seismitoad\n|\n|upkeep\n|turn|22\n|\n|t:|1621860051\n|switch|p1a: Kyogre|Kyogre, L72|263\/263\n|-weather|RainDance|[from] ability: Drizzle|[of] p1a: Kyogre\n|move|p2a: Polteageist|Shell Smash|p2a: Polteageist\n|-unboost|p2a: Polteageist|def|1\n|-unboost|p2a: Polteageist|spd|1\n|-boost|p2a: Polteageist|atk|2\n|-boost|p2a: Polteageist|spa|2\n|-boost|p2a: Polteageist|spe|2\n|-enditem|p2a: Polteageist|White Herb\n|-clearnegativeboost|p2a: Polteageist|[silent]\n|\n|-weather|RainDance|[upkeep]\n|upkeep\n|turn|23\n|\n|t:|1621860065\n|move|p2a: Polteageist|Stored Power|p1a: Kyogre\n|-damage|p1a: Kyogre|83\/263\n|move|p1a: Kyogre|Origin Pulse|p2a: Polteageist\n|-damage|p2a: Polteageist|33\/222\n|\n|-weather|RainDance|[upkeep]\n|upkeep\n|turn|24\n|\n|t:|1621860088\n|move|p2a: Polteageist|Strength Sap|p1a: Kyogre\n|-unboost|p1a: Kyogre|atk|1\n|-heal|p2a: Polteageist|182\/222\n|move|p1a: Kyogre|Origin Pulse|p2a: Polteageist\n|-damage|p2a: Polteageist|10\/222\n|\n|-weather|RainDance|[upkeep]\n|upkeep\n|turn|25\n|\n|t:|1621860097\n|move|p2a: Polteageist|Stored Power|p1a: Kyogre\n|-damage|p1a: Kyogre|0 fnt\n|faint|p1a: Kyogre\n|\n|-weather|RainDance|[upkeep]\n|upkeep\n|\n|t:|1621860100\n|switch|p1a: Seismitoad|Seismitoad, L84, F|268\/314\n|turn|26\n|\n|t:|1621860113\n|move|p1a: Seismitoad|Earthquake|p2a: Polteageist\n|-damage|p2a: Polteageist|0 fnt\n|faint|p2a: Polteageist\n|-damage|p1a: Seismitoad|237\/314|[from] item: Life Orb\n|\n|-weather|none\n|upkeep\n|inactive|gostop has 270 seconds left.\n|\n|t:|1621860159\n|switch|p2a: Regieleki|Regieleki, L78|253\/253\n|-damage|p2a: Regieleki|222\/253|[from] Stealth Rock\n|turn|27\n|inactive|gostop has 240 seconds left.\n|\n|t:|1621860183\n|move|p2a: Regieleki|Explosion|p1a: Seismitoad\n|-damage|p1a: Seismitoad|70\/314\n|faint|p2a: Regieleki\n|move|p1a: Seismitoad|Earthquake|p2: Regieleki|[notarget]\n|-fail|p1a: Seismitoad\n|\n|upkeep\n|inactive|gostop has 240 seconds left.\n|\n|t:|1621860197\n|switch|p2a: Wobbuffet|Wobbuffet, L91, M|215\/494\n|-damage|p2a: Wobbuffet|154\/494|[from] Stealth Rock\n|turn|28\n|\n|t:|1621860206\n|move|p1a: Seismitoad|Rain Dance|p1a: Seismitoad\n|-weather|RainDance\n|move|p2a: Wobbuffet|Encore|p1a: Seismitoad\n|-start|p1a: Seismitoad|Encore\n|\n|-weather|RainDance|[upkeep]\n|upkeep\n|turn|29\n|\n|t:|1621860219\n|move|p1a: Seismitoad|Rain Dance||[still]\n|-fail|p1a: Seismitoad\n|move|p2a: Wobbuffet|Charm|p1a: Seismitoad\n|-unboost|p1a: Seismitoad|atk|2\n|\n|-weather|RainDance|[upkeep]\n|upkeep\n|turn|30\n|\n|t:|1621860224\n|move|p1a: Seismitoad|Rain Dance||[still]\n|-fail|p1a: Seismitoad\n|move|p2a: Wobbuffet|Charm|p1a: Seismitoad\n|-unboost|p1a: Seismitoad|atk|2\n|\n|-weather|RainDance|[upkeep]\n|upkeep\n|turn|31\n|\n|t:|1621860226\n|move|p1a: Seismitoad|Rain Dance||[still]\n|-fail|p1a: Seismitoad\n|move|p2a: Wobbuffet|Charm|p1a: Seismitoad\n|-unboost|p1a: Seismitoad|atk|2\n|\n|-weather|RainDance|[upkeep]\n|-end|p1a: Seismitoad|Encore\n|upkeep\n|turn|32\n|\n|t:|1621860232\n|move|p1a: Seismitoad|Stealth Rock||[still]\n|-fail|p1a: Seismitoad\n|move|p2a: Wobbuffet|Encore|p1a: Seismitoad\n|-start|p1a: Seismitoad|Encore\n|\n|-weather|none\n|upkeep\n|turn|33\n|inactive|gostop has 270 seconds left.\n|l| XPSH\n|l|\u265aAllen-xia\n|\n|t:|1621860264\n|switch|p2a: Palossand|Palossand, L86, F|286\/286\n|-damage|p2a: Palossand|269\/286|[from] Stealth Rock\n|move|p1a: Seismitoad|Stealth Rock||[still]\n|-fail|p1a: Seismitoad\n|\n|-heal|p2a: Palossand|286\/286|[from] item: Leftovers\n|upkeep\n|turn|34\n|j|\u265aAllen-xia\n|\n|t:|1621860281\n|switch|p1a: Scyther|Scyther, L80, M|243\/243\n|move|p2a: Palossand|Shadow Ball|p1a: Scyther\n|-damage|p1a: Scyther|137\/243\n|\n|upkeep\n|turn|35\n|\n|t:|1621860293\n|-start|p2a: Palossand|Dynamax\n|-heal|p2a: Palossand|572\/572|[silent]\n|move|p1a: Scyther|Swords Dance|p1a: Scyther\n|-boost|p1a: Scyther|atk|2\n|move|p2a: Palossand|Max Phantasm|p1a: Scyther\n|-damage|p1a: Scyther|0 fnt\n|faint|p1a: Scyther\n|\n|upkeep\n|inactive|youke has 270 seconds left.\n|\n|t:|1621860318\n|switch|p1a: Indeedee|Indeedee-F, L84, F|255\/255\n|-fieldstart|move: Psychic Terrain|[from] ability: Psychic Surge|[of] p1a: Indeedee\n|turn|36\n|\n|t:|1621860325\n|move|p1a: Indeedee|Calm Mind|p1a: Indeedee\n|-boost|p1a: Indeedee|spa|1\n|-boost|p1a: Indeedee|spd|1\n|move|p2a: Palossand|Max Quake|p1a: Indeedee\n|-damage|p1a: Indeedee|174\/255\n|-boost|p2a: Palossand|spd|1\n|\n|upkeep\n|turn|37\n|\n|t:|1621860334\n|move|p1a: Indeedee|Mystical Fire|p2a: Palossand\n|-damage|p2a: Palossand|498\/572\n|-unboost|p2a: Palossand|spa|1\n|-damage|p1a: Indeedee|149\/255|[from] item: Life Orb\n|move|p2a: Palossand|Max Quake|p1a: Indeedee\n|-damage|p1a: Indeedee|91\/255\n|-boost|p2a: Palossand|spd|1\n|\n|-heal|p2a: Palossand|515\/572|[from] item: Leftovers\n|-end|p2a: Palossand|Dynamax\n|-heal|p2a: Palossand|258\/286|[silent]\n|upkeep\n|turn|38\n|inactive|gostop has 270 seconds left.\n|\n|t:|1621860349\n|move|p1a: Indeedee|Expanding Force|p2a: Palossand\n|-damage|p2a: Palossand|98\/286\n|-damage|p1a: Indeedee|66\/255|[from] item: Life Orb\n|move|p2a: Palossand|Toxic|p1a: Indeedee\n|-status|p1a: Indeedee|tox\n|\n|-heal|p2a: Palossand|115\/286|[from] item: Leftovers\n|-damage|p1a: Indeedee|51\/255 tox|[from] psn\n|upkeep\n|turn|39\n|inactive|gostop has 270 seconds left.\n|\n|t:|1621860361\n|switch|p2a: Wobbuffet|Wobbuffet, L91, M|154\/494\n|-damage|p2a: Wobbuffet|93\/494|[from] Stealth Rock\n|move|p1a: Indeedee|Expanding Force|p2a: Wobbuffet\n|-resisted|p2a: Wobbuffet\n|-damage|p2a: Wobbuffet|0 fnt\n|faint|p2a: Wobbuffet\n|-damage|p1a: Indeedee|26\/255 tox|[from] item: Life Orb\n|\n|-damage|p1a: Indeedee|0 fnt|[from] psn\n|faint|p1a: Indeedee\n|upkeep\n|inactive|gostop has 270 seconds left.\n|\n|t:|1621860368\n|switch|p1a: Seismitoad|Seismitoad, L84, F|70\/314\n|switch|p2a: Palossand|Palossand, L86, F|115\/286\n|-damage|p2a: Palossand|98\/286|[from] Stealth Rock\n|turn|40\n|\n|t:|1621860371\n|move|p1a: Seismitoad|Liquidation|p2a: Palossand\n|-supereffective|p2a: Palossand\n|-damage|p2a: Palossand|0 fnt\n|faint|p2a: Palossand\n|-damage|p1a: Seismitoad|39\/314|[from] item: Life Orb\n|\n|win|youke\n|c|\u2606youke|sry for hax\n|c|\u2606youke|gg\n","inputlog":">version 0025f653c28627c932206d8372f4e4d06f6ee6cc\n>version-origin 3918ebd609a2bd57e0326bf76fca79306b37a61f\n>start {\"formatid\":\"gen8randombattle\",\"seed\":[47716,61775,15800,62647]}\n>player p1 {\"name\":\"youke\",\"avatar\":\"korrina\",\"rating\":0,\"seed\":[27593,29162,64956,4434]}\n>player p2 {\"name\":\"gostop\",\"avatar\":\"gostop.gif\",\"rating\":0,\"seed\":[81,21854,12108,15892]}\n>p1 move waterspout\n>p2 move toxic\n>p2 switch 2\n>p1 switch 3\n>p2 move voltswitch\n>p1 move stealthrock\n>p2 switch 4\n>p1 move stealthrock\n>p2 move counter\n>p1 move stealthrock\n>p2 move encore\n>p1 move stealthrock\n>p2 switch 6\n>p1 move earthquake dynamax\n>p2 move calmmind\n>p1 move earthquake dynamax\n>p2 move originpulse\n>p2 switch 6\n>p1 move liquidation dynamax\n>p2 move charm\n>p1 move stealthrock\n>p2 move counter\n>p1 move stealthrock\n>p2 move counter\n>p1 move stealthrock\n>p2 move counter\n>p1 move stealthrock\n>p2 move counter\n>p1 move stealthrock\n>p2 move charm\n>p1 move stealthrock\n>p2 move counter\n>p1 move stealthrock\n>p2 move counter\n>p1 move stealthrock\n>p2 move counter\n>p1 move stealthrock\n>p2 move charm\n>p1 move stealthrock\n>p2 move counter\n>p1 move stealthrock\n>p2 move encore\n>p1 move stealthrock\n>p2 switch 3\n>p1 switch 3\n>p2 move shellsmash\n>p1 move originpulse\n>p2 move storedpower\n>p1 move originpulse\n>p2 move strengthsap\n>p1 move originpulse\n>p2 move storedpower\n>p1 switch 3\n>p1 move earthquake\n>p2 move storedpower\n>p2 switch 4\n>p1 move earthquake\n>p2 move explosion\n>p2 switch 3\n>p1 move raindance\n>p2 move encore\n>p1 move raindance\n>p2 move charm\n>p1 move raindance\n>p2 move charm\n>p1 move raindance\n>p2 move charm\n>p1 move stealthrock\n>p2 move encore\n>p1 move stealthrock\n>p2 switch 5\n>p1 switch 4\n>p2 move shadowball\n>p1 move swordsdance\n>p2 move shadowball dynamax\n>p1 switch 6\n>p1 move calmmind\n>p2 move earthpower dynamax\n>p1 move mysticalfire\n>p2 move earthpower dynamax\n>p1 move expandingforce\n>p2 move toxic\n>p1 move expandingforce\n>p2 switch 5\n>p1 switch 4\n>p2 switch 5\n>p1 move liquidation\n>p2 move earthpower","uploadtime":1621860385,"views":37,"p1id":"youke","p2id":"gostop","formatid":"gen8randombattle","rating":0,"private":0,"password":null}