{"id":"china-gen7ou-1856078","p1":"EEEEEvolto\u6df1\u6eba","p2":"9fk","format":"gen7ou","log":"|j|\u2606EEEEEvolto\u6df1\u6eba\n|j|\u26069fk\n|t:|1627012836\n|gametype|singles\n|player|p1|EEEEEvolto\u6df1\u6eba|265|1416\n|player|p2|9fk|cynthia-gen4|1416\n|teamsize|p1|6\n|teamsize|p2|6\n|gen|7\n|tier|[Gen 7] OU\n|rated|\n|rule|Sleep Clause Mod: Limit one foe put to sleep\n|rule|Species Clause: Limit one of each Pok\u00e9mon\n|rule|OHKO Clause: OHKO moves are banned\n|rule|Moody Clause: Moody is banned\n|rule|Evasion Moves Clause: Evasion moves are banned\n|rule|Endless Battle Clause: Forcing endless battles is banned\n|rule|HP Percentage Mod: HP is shown in percentages\n|clearpoke\n|poke|p1|Sableye, M|item\n|poke|p1|Celesteela|item\n|poke|p1|Pyukumuku, M|item\n|poke|p1|Chansey, F|item\n|poke|p1|Gliscor, M|item\n|poke|p1|Volcarona, M|item\n|poke|p2|Tyranitar, F|item\n|poke|p2|Kyurem-Black|item\n|poke|p2|Mawile, F|item\n|poke|p2|Magearna|item\n|poke|p2|Zapdos|item\n|poke|p2|Smeargle, F|item\n|teampreview\n|\n|t:|1627012846\n|start\n|switch|p1a: Sableye|Sableye, M|100\/100\n|switch|p2a: Magearna|Magearna|100\/100\n|turn|1\n|\n|t:|1627012854\n|detailschange|p1a: Sableye|Sableye-Mega, M\n|-mega|p1a: Sableye|Sableye|Sablenite\n|move|p1a: Sableye|Protect|p1a: Sableye\n|-singleturn|p1a: Sableye|Protect\n|move|p2a: Magearna|Fleur Cannon|p1a: Sableye\n|-activate|p1a: Sableye|move: Protect\n|\n|upkeep\n|turn|2\n|\n|t:|1627012876\n|switch|p1a: Gliscor|Gliscor, M|100\/100\n|move|p2a: Magearna|Ice Beam|p1a: Gliscor\n|-supereffective|p1a: Gliscor\n|-damage|p1a: Gliscor|0 fnt\n|faint|p1a: Gliscor\n|-ability|p2a: Magearna|Soul-Heart|boost\n|-boost|p2a: Magearna|spa|1\n|\n|upkeep\n|inactive|Battle timer is ON: inactive players will automatically lose when time's up. (requested by 9fk)\n|\n|t:|1627012883\n|switch|p1a: Volcarona|Volcarona, M|100\/100\n|turn|3\n|\n|t:|1627012899\n|move|p1a: Volcarona|Quiver Dance|p1a: Volcarona\n|-boost|p1a: Volcarona|spa|1\n|-boost|p1a: Volcarona|spd|1\n|-boost|p1a: Volcarona|spe|1\n|move|p2a: Magearna|Volt Switch|p1a: Volcarona\n|-damage|p1a: Volcarona|77\/100\n|\n|t:|1627012901\n|switch|p2a: Tyranitar|Tyranitar, F, shiny|100\/100|[from]move: Volt Switch\n|-weather|Sandstorm|[from] ability: Sand Stream|[of] p2a: Tyranitar\n|\n|-weather|Sandstorm|[upkeep]\n|-damage|p1a: Volcarona|71\/100|[from] Sandstorm\n|-heal|p1a: Volcarona|77\/100|[from] item: Leftovers\n|upkeep\n|turn|4\n|\n|t:|1627012907\n|move|p1a: Volcarona|Quiver Dance|p1a: Volcarona\n|-boost|p1a: Volcarona|spa|1\n|-boost|p1a: Volcarona|spd|1\n|-boost|p1a: Volcarona|spe|1\n|move|p2a: Tyranitar|Stone Edge|p1a: Volcarona\n|-supereffective|p1a: Volcarona\n|-crit|p1a: Volcarona\n|-damage|p1a: Volcarona|0 fnt\n|faint|p1a: Volcarona\n|\n|-weather|Sandstorm|[upkeep]\n|upkeep\n|\n|t:|1627012913\n|switch|p1a: Celesteela|Celesteela, shiny|100\/100\n|turn|5\n|\n|t:|1627012924\n|switch|p2a: Zapdos|Zapdos, shiny|100\/100\n|-ability|p2a: Zapdos|Pressure\n|move|p1a: Celesteela|Leech Seed|p2a: Zapdos\n|-start|p2a: Zapdos|move: Leech Seed\n|\n|-weather|Sandstorm|[upkeep]\n|-damage|p2a: Zapdos|94\/100|[from] Sandstorm\n|-heal|p2a: Zapdos|100\/100|[from] item: Leftovers\n|-damage|p2a: Zapdos|88\/100|[from] Leech Seed|[of] p1a: Celesteela\n|upkeep\n|turn|6\n|\n|t:|1627012936\n|switch|p2a: Magearna|Magearna|100\/100\n|move|p1a: Celesteela|Protect||[still]\n|-fail|p1a: Celesteela\n|\n|-weather|Sandstorm|[upkeep]\n|upkeep\n|turn|7\n|\n|t:|1627012941\n|move|p2a: Magearna|Volt Switch|p1a: Celesteela\n|-supereffective|p1a: Celesteela\n|-damage|p1a: Celesteela|69\/100\n|\n|t:|1627012944\n|switch|p2a: Smeargle|Smeargle, F, shiny|100\/100|[from]move: Volt Switch\n|move|p1a: Celesteela|Leech Seed|p2a: Smeargle\n|-start|p2a: Smeargle|move: Leech Seed\n|\n|-weather|none\n|-heal|p1a: Celesteela|75\/100|[from] item: Leftovers\n|-damage|p2a: Smeargle|88\/100|[from] Leech Seed|[of] p1a: Celesteela\n|-heal|p1a: Celesteela|85\/100|[silent]\n|upkeep\n|turn|8\n|\n|t:|1627012951\n|switch|p1a: Sableye|Sableye-Mega, M|100\/100\n|move|p2a: Smeargle|Nuzzle|p1a: Sableye\n|-damage|p1a: Sableye|99\/100\n|-status|p1a: Sableye|par\n|\n|-damage|p2a: Smeargle|76\/100|[from] Leech Seed|[of] p1a: Sableye\n|-heal|p1a: Sableye|100\/100 par|[silent]\n|upkeep\n|turn|9\n|\n|t:|1627012960\n|switch|p1a: Celesteela|Celesteela, shiny|85\/100\n|move|p2a: Smeargle|Whirlwind|p1a: Celesteela\n|drag|p1a: Sableye|Sableye-Mega, M|100\/100 par\n|\n|-damage|p2a: Smeargle|63\/100|[from] Leech Seed|[of] p1a: Sableye\n|upkeep\n|turn|10\n|\n|t:|1627012966\n|switch|p1a: Celesteela|Celesteela, shiny|85\/100\n|move|p2a: Smeargle|Nuzzle|p1a: Celesteela\n|-supereffective|p1a: Celesteela\n|-damage|p1a: Celesteela|81\/100\n|-status|p1a: Celesteela|par\n|\n|-heal|p1a: Celesteela|87\/100 par|[from] item: Leftovers\n|-damage|p2a: Smeargle|51\/100|[from] Leech Seed|[of] p1a: Celesteela\n|-heal|p1a: Celesteela|97\/100 par|[silent]\n|upkeep\n|turn|11\n|\n|t:|1627012971\n|move|p1a: Celesteela|Heavy Slam|p2a: Smeargle\n|-damage|p2a: Smeargle|0 fnt\n|faint|p2a: Smeargle\n|-ability|p1a: Celesteela|Beast Boost|boost\n|-boost|p1a: Celesteela|spd|1\n|\n|-heal|p1a: Celesteela|100\/100 par|[from] item: Leftovers\n|upkeep\n|\n|t:|1627012981\n|switch|p2a: Kyurem|Kyurem-Black, shiny|100\/100\n|-ability|p2a: Kyurem|Teravolt\n|turn|12\n|\n|t:|1627012983\n|move|p2a: Kyurem|Fusion Bolt|p1a: Celesteela\n|-supereffective|p1a: Celesteela\n|-damage|p1a: Celesteela|28\/100 par\n|move|p1a: Celesteela|Leech Seed|p2a: Kyurem\n|-start|p2a: Kyurem|move: Leech Seed\n|\n|-heal|p1a: Celesteela|34\/100 par|[from] item: Leftovers\n|-damage|p2a: Kyurem|88\/100|[from] Leech Seed|[of] p1a: Celesteela\n|-heal|p1a: Celesteela|46\/100 par|[silent]\n|upkeep\n|turn|13\n|\n|t:|1627012992\n|cant|p1a: Celesteela|par\n|move|p2a: Kyurem|Fusion Bolt|p1a: Celesteela\n|-supereffective|p1a: Celesteela\n|-damage|p1a: Celesteela|0 fnt\n|faint|p1a: Celesteela\n|\n|upkeep\n|\n|t:|1627012996\n|switch|p1a: Chansey|Chansey, F|100\/100\n|turn|14\n|\n|t:|1627013008\n|switch|p2a: Mawile|Mawile, F, shiny|100\/100\n|move|p1a: Chansey|Soft-Boiled||[still]\n|-fail|p1a: Chansey|heal\n|\n|upkeep\n|turn|15\n|\n|t:|1627013013\n|switch|p1a: Pyukumuku|Pyukumuku, M|100\/100\n|detailschange|p2a: Mawile|Mawile-Mega, F, shiny\n|-mega|p2a: Mawile|Mawile|Mawilite\n|move|p2a: Mawile|Swords Dance|p2a: Mawile\n|-boost|p2a: Mawile|atk|2\n|\n|upkeep\n|turn|16\n|\n|t:|1627013023\n|switch|p2a: Zapdos|Zapdos, shiny|88\/100\n|-ability|p2a: Zapdos|Pressure\n|move|p1a: Pyukumuku|Recover||[still]\n|-fail|p1a: Pyukumuku|heal\n|\n|-heal|p2a: Zapdos|94\/100|[from] item: Leftovers\n|upkeep\n|turn|17\n|\n|t:|1627013028\n|switch|p2a: Kyurem|Kyurem-Black, shiny|88\/100\n|-ability|p2a: Kyurem|Teravolt\n|switch|p1a: Chansey|Chansey, F|100\/100\n|\n|upkeep\n|turn|18\n|\n|t:|1627013035\n|move|p2a: Kyurem|Fusion Bolt|p1a: Chansey\n|-damage|p1a: Chansey|69\/100\n|move|p1a: Chansey|Soft-Boiled|p1a: Chansey\n|-heal|p1a: Chansey|100\/100\n|\n|upkeep\n|turn|19\n|\n|t:|1627013042\n|move|p2a: Kyurem|Freeze Shock||[still]\n|-prepare|p2a: Kyurem|Freeze Shock\n|move|p1a: Chansey|Soft-Boiled||[still]\n|-fail|p1a: Chansey|heal\n|\n|upkeep\n|turn|20\n|\n|t:|1627013047\n|move|p2a: Kyurem|Freeze Shock|p1a: Chansey|[from]lockedmove\n|-damage|p1a: Chansey|31\/100\n|move|p1a: Chansey|Soft-Boiled|p1a: Chansey\n|-heal|p1a: Chansey|81\/100\n|\n|upkeep\n|turn|21\n|\n|t:|1627013052\n|move|p2a: Kyurem|Freeze Shock||[still]\n|-prepare|p2a: Kyurem|Freeze Shock\n|move|p1a: Chansey|Soft-Boiled|p1a: Chansey\n|-heal|p1a: Chansey|100\/100\n|\n|upkeep\n|turn|22\n|\n|t:|1627013055\n|move|p2a: Kyurem|Freeze Shock|p1a: Chansey|[from]lockedmove|[miss]\n|-miss|p2a: Kyurem|p1a: Chansey\n|move|p1a: Chansey|Soft-Boiled||[still]\n|-fail|p1a: Chansey|heal\n|\n|upkeep\n|turn|23\n|\n|t:|1627013058\n|move|p2a: Kyurem|Freeze Shock||[still]\n|-prepare|p2a: Kyurem|Freeze Shock\n|move|p1a: Chansey|Toxic|p2a: Kyurem\n|-status|p2a: Kyurem|tox\n|\n|-damage|p2a: Kyurem|82\/100 tox|[from] psn\n|upkeep\n|turn|24\n|\n|t:|1627013063\n|move|p2a: Kyurem|Freeze Shock|p1a: Chansey|[from]lockedmove\n|-damage|p1a: Chansey|32\/100\n|move|p1a: Chansey|Soft-Boiled|p1a: Chansey\n|-heal|p1a: Chansey|82\/100\n|\n|-damage|p2a: Kyurem|70\/100 tox|[from] psn\n|upkeep\n|turn|25\n|\n|t:|1627013067\n|-zpower|p2a: Kyurem\n|move|p2a: Kyurem|Subzero Slammer|p1a: Chansey|[zeffect]\n|-damage|p1a: Chansey|0 fnt\n|faint|p1a: Chansey\n|\n|-damage|p2a: Kyurem|51\/100 tox|[from] psn\n|upkeep\n|\n|t:|1627013071\n|switch|p1a: Pyukumuku|Pyukumuku, M|100\/100\n|turn|26\n|-message|EEEEEvolto\u6df1\u6eba forfeited.\n|\n|win|9fk\n|raw|EEEEEvolto\u6df1\u6eba's rating: 1416 &rarr; <strong>1396<\/strong><br \/>(-20 for losing)\n|raw|9fk's rating: 1416 &rarr; <strong>1436<\/strong><br \/>(+20 for winning)\n|l|\u2606EEEEEvolto\u6df1\u6eba\n","uploadtime":1627013079,"views":7,"p1id":"eeeeevolto","p2id":"9fk","formatid":"gen7ou","rating":0,"private":0,"password":null}