{"id":"china-gen7ou-1883949","p1":"wharb","p2":"EEEEEvolto\u6df1\u6eba","format":"gen7ou","log":"|j|\u2606wharb\n|j|\u2606EEEEEvolto\u6df1\u6eba\n|t:|1627090887\n|gametype|singles\n|player|p1|wharb|266|1141\n|player|p2|EEEEEvolto\u6df1\u6eba|101|1418\n|teamsize|p1|6\n|teamsize|p2|6\n|gen|7\n|tier|[Gen 7] OU\n|rated|\n|rule|Sleep Clause Mod: Limit one foe put to sleep\n|rule|Species Clause: Limit one of each Pok\u00e9mon\n|rule|OHKO Clause: OHKO moves are banned\n|rule|Moody Clause: Moody is banned\n|rule|Evasion Moves Clause: Evasion moves are banned\n|rule|Endless Battle Clause: Forcing endless battles is banned\n|rule|HP Percentage Mod: HP is shown in percentages\n|clearpoke\n|poke|p1|Quagsire, M|item\n|poke|p1|Altaria, F|item\n|poke|p1|Magearna|item\n|poke|p1|Chansey, F|item\n|poke|p1|Toxapex, M|item\n|poke|p1|Tornadus-Therian, M|item\n|poke|p2|Sableye, M|item\n|poke|p2|Celesteela|item\n|poke|p2|Pyukumuku, F|item\n|poke|p2|Chansey, F|item\n|poke|p2|Gliscor, M|item\n|poke|p2|Volcarona, M|item\n|teampreview\n|\n|t:|1627090897\n|start\n|switch|p1a: Toxapex|Toxapex, M|100\/100\n|switch|p2a: Sableye|Sableye, M|100\/100\n|turn|1\n|\n|t:|1627090910\n|switch|p1a: Magearna|Magearna|100\/100\n|detailschange|p2a: Sableye|Sableye-Mega, M\n|-mega|p2a: Sableye|Sableye|Sablenite\n|move|p2a: Sableye|Knock Off|p1a: Magearna\n|-resisted|p1a: Magearna\n|-damage|p1a: Magearna|88\/100\n|-enditem|p1a: Magearna|Assault Vest|[from] move: Knock Off|[of] p2a: Sableye\n|\n|upkeep\n|turn|2\n|\n|t:|1627090922\n|switch|p2a: Gliscor|Gliscor, M|100\/100\n|move|p1a: Magearna|Volt Switch|p2a: Gliscor\n|-immune|p2a: Gliscor\n|\n|-status|p2a: Gliscor|tox|[from] item: Toxic Orb\n|upkeep\n|turn|3\n|\n|t:|1627090935\n|switch|p2a: Volcarona|Volcarona, M|100\/100\n|move|p1a: Magearna|Fleur Cannon|p2a: Volcarona\n|-resisted|p2a: Volcarona\n|-damage|p2a: Volcarona|76\/100\n|-unboost|p1a: Magearna|spa|2\n|\n|-heal|p2a: Volcarona|82\/100|[from] item: Leftovers\n|upkeep\n|turn|4\n|\n|t:|1627090944\n|move|p2a: Volcarona|Quiver Dance|p2a: Volcarona\n|-boost|p2a: Volcarona|spa|1\n|-boost|p2a: Volcarona|spd|1\n|-boost|p2a: Volcarona|spe|1\n|move|p1a: Magearna|Volt Switch|p2a: Volcarona\n|-damage|p2a: Volcarona|76\/100\n|\n|t:|1627090953\n|switch|p1a: Quagsire|Quagsire, M|100\/100|[from]move: Volt Switch\n|\n|-heal|p2a: Volcarona|82\/100|[from] item: Leftovers\n|upkeep\n|turn|5\n|\n|t:|1627090958\n|switch|p2a: Sableye|Sableye-Mega, M|100\/100\n|move|p1a: Quagsire|Haze|p1a: Quagsire\n|-clearallboost\n|\n|upkeep\n|turn|6\n|\n|t:|1627090964\n|move|p1a: Quagsire|Scald|p2a: Sableye\n|-damage|p2a: Sableye|81\/100\n|move|p2a: Sableye|Knock Off|p1a: Quagsire\n|-damage|p1a: Quagsire|80\/100\n|-enditem|p1a: Quagsire|Leftovers|[from] move: Knock Off|[of] p2a: Sableye\n|\n|upkeep\n|turn|7\n|j| gf\u6211\u2600nm\n|l| gf\u6211\u2600nm\n|\n|t:|1627090973\n|switch|p2a: Chansey|Chansey, F|100\/100\n|move|p1a: Quagsire|Scald|p2a: Chansey\n|-damage|p2a: Chansey|96\/100\n|\n|upkeep\n|turn|8\n|\n|t:|1627090980\n|switch|p2a: Sableye|Sableye-Mega, M|81\/100\n|switch|p1a: Toxapex|Toxapex, M|100\/100\n|\n|upkeep\n|turn|9\n|\n|t:|1627090988\n|move|p1a: Toxapex|Scald|p2a: Sableye\n|-damage|p2a: Sableye|64\/100\n|move|p2a: Sableye|Knock Off|p1a: Toxapex\n|-damage|p1a: Toxapex|82\/100\n|-enditem|p1a: Toxapex|Black Sludge|[from] move: Knock Off|[of] p2a: Sableye\n|\n|upkeep\n|turn|10\n|\n|t:|1627090993\n|move|p1a: Toxapex|Scald|p2a: Sableye\n|-damage|p2a: Sableye|47\/100\n|move|p2a: Sableye|Recover|p2a: Sableye\n|-heal|p2a: Sableye|97\/100\n|\n|upkeep\n|turn|11\n|\n|t:|1627090998\n|switch|p2a: Gliscor|Gliscor, M|100\/100 tox\n|move|p1a: Toxapex|Scald|p2a: Gliscor\n|-supereffective|p2a: Gliscor\n|-damage|p2a: Gliscor|68\/100 tox\n|\n|-heal|p2a: Gliscor|80\/100 tox|[from] ability: Poison Heal\n|upkeep\n|turn|12\n|\n|t:|1627091004\n|move|p2a: Gliscor|Toxic|p1a: Toxapex\n|-immune|p1a: Toxapex\n|move|p1a: Toxapex|Toxic Spikes|p2a: Gliscor\n|-sidestart|p2: EEEEEvolto\u6df1\u6eba|move: Toxic Spikes\n|\n|-heal|p2a: Gliscor|93\/100 tox|[from] ability: Poison Heal\n|upkeep\n|turn|13\n|\n|t:|1627091014\n|move|p2a: Gliscor|Defog|p1a: Toxapex\n|-unboost|p1a: Toxapex|evasion|1\n|-sideend|p2: EEEEEvolto\u6df1\u6eba|Toxic Spikes|[from] move: Defog|[of] p2a: Gliscor\n|move|p1a: Toxapex|Scald|p2a: Gliscor\n|-supereffective|p2a: Gliscor\n|-crit|p2a: Gliscor\n|-damage|p2a: Gliscor|38\/100 tox\n|\n|-heal|p2a: Gliscor|50\/100 tox|[from] ability: Poison Heal\n|upkeep\n|turn|14\n|\n|t:|1627091030\n|move|p2a: Gliscor|Earthquake|p1a: Toxapex\n|-supereffective|p1a: Toxapex\n|-damage|p1a: Toxapex|40\/100\n|move|p1a: Toxapex|Recover|p1a: Toxapex\n|-heal|p1a: Toxapex|90\/100\n|\n|-heal|p2a: Gliscor|63\/100 tox|[from] ability: Poison Heal\n|upkeep\n|turn|15\n|\n|t:|1627091036\n|move|p2a: Gliscor|Earthquake|p1a: Toxapex\n|-supereffective|p1a: Toxapex\n|-damage|p1a: Toxapex|48\/100\n|move|p1a: Toxapex|Scald|p2a: Gliscor\n|-supereffective|p2a: Gliscor\n|-damage|p2a: Gliscor|25\/100 tox\n|\n|-heal|p2a: Gliscor|38\/100 tox|[from] ability: Poison Heal\n|upkeep\n|turn|16\n|\n|t:|1627091042\n|move|p2a: Gliscor|Roost|p2a: Gliscor\n|-heal|p2a: Gliscor|88\/100 tox\n|-singleturn|p2a: Gliscor|move: Roost\n|move|p1a: Toxapex|Recover|p1a: Toxapex\n|-heal|p1a: Toxapex|98\/100\n|\n|-heal|p2a: Gliscor|100\/100 tox|[from] ability: Poison Heal\n|upkeep\n|turn|17\n|\n|t:|1627091051\n|move|p2a: Gliscor|Earthquake|p1a: Toxapex\n|-supereffective|p1a: Toxapex\n|-damage|p1a: Toxapex|59\/100\n|move|p1a: Toxapex|Scald|p2a: Gliscor\n|-supereffective|p2a: Gliscor\n|-damage|p2a: Gliscor|68\/100 tox\n|\n|-heal|p2a: Gliscor|80\/100 tox|[from] ability: Poison Heal\n|upkeep\n|turn|18\n|\n|t:|1627091062\n|move|p2a: Gliscor|Earthquake|p1a: Toxapex\n|-supereffective|p1a: Toxapex\n|-damage|p1a: Toxapex|17\/100\n|move|p1a: Toxapex|Recover|p1a: Toxapex\n|-heal|p1a: Toxapex|67\/100\n|\n|-heal|p2a: Gliscor|93\/100 tox|[from] ability: Poison Heal\n|upkeep\n|turn|19\n|\n|t:|1627091066\n|switch|p1a: Tornadus|Tornadus-Therian, M|100\/100\n|move|p2a: Gliscor|Earthquake|p1a: Tornadus\n|-immune|p1a: Tornadus\n|\n|-heal|p2a: Gliscor|100\/100 tox|[from] ability: Poison Heal\n|upkeep\n|turn|20\n|\n|t:|1627091073\n|move|p1a: Tornadus|Knock Off|p2a: Gliscor\n|-damage|p2a: Gliscor|85\/100 tox\n|-enditem|p2a: Gliscor|Toxic Orb|[from] move: Knock Off|[of] p1a: Tornadus\n|move|p2a: Gliscor|Earthquake|p1a: Tornadus\n|-immune|p1a: Tornadus\n|\n|-heal|p2a: Gliscor|97\/100 tox|[from] ability: Poison Heal\n|upkeep\n|turn|21\n|\n|t:|1627091091\n|-zpower|p1a: Tornadus\n|move|p1a: Tornadus|Supersonic Skystrike|p2a: Gliscor|[zeffect]\n|-damage|p2a: Gliscor|3\/100 tox\n|move|p2a: Gliscor|Toxic|p1a: Tornadus\n|-status|p1a: Tornadus|tox\n|\n|-damage|p1a: Tornadus|94\/100 tox|[from] psn\n|-heal|p2a: Gliscor|16\/100 tox|[from] ability: Poison Heal\n|upkeep\n|turn|22\n|inactive|Battle timer is ON: inactive players will automatically lose when time's up. (requested by EEEEEvolto\u6df1\u6eba)\n|\n|t:|1627091105\n|switch|p2a: Sableye|Sableye-Mega, M|97\/100\n|move|p1a: Tornadus|Hurricane|p2a: Sableye\n|-damage|p2a: Sableye|47\/100\n|\n|-damage|p1a: Tornadus|82\/100 tox|[from] psn\n|upkeep\n|turn|23\n|\n|t:|1627091112\n|move|p2a: Sableye|Protect|p2a: Sableye\n|-singleturn|p2a: Sableye|Protect\n|move|p1a: Tornadus|Taunt|p2a: Sableye\n|-activate|p2a: Sableye|move: Protect\n|\n|-damage|p1a: Tornadus|64\/100 tox|[from] psn\n|upkeep\n|turn|24\n|\n|t:|1627091116\n|move|p1a: Tornadus|Taunt|p2a: Sableye\n|move|p2a: Sableye|Taunt|p1a: Tornadus|[from]ability: Magic Bounce\n|-start|p1a: Tornadus|move: Taunt\n|move|p2a: Sableye|Recover|p2a: Sableye\n|-heal|p2a: Sableye|98\/100\n|\n|-damage|p1a: Tornadus|40\/100 tox|[from] psn\n|upkeep\n|turn|25\n|\n|t:|1627091125\n|switch|p2a: Gliscor|Gliscor, M|16\/100 tox\n|move|p1a: Tornadus|U-turn|p2a: Gliscor\n|-resisted|p2a: Gliscor\n|-damage|p2a: Gliscor|10\/100 tox\n|\n|t:|1627091140\n|switch|p1a: Quagsire|Quagsire, M|80\/100|[from]move: U-turn\n|\n|-heal|p2a: Gliscor|23\/100 tox|[from] ability: Poison Heal\n|upkeep\n|turn|26\n|c|\u2606EEEEEvolto\u6df1\u6eba|\u8d5a\u6b7b\u4e86\n|\n|t:|1627091145\n|move|p2a: Gliscor|Roost|p2a: Gliscor\n|-heal|p2a: Gliscor|73\/100 tox\n|-singleturn|p2a: Gliscor|move: Roost\n|move|p1a: Quagsire|Scald|p2a: Gliscor\n|-supereffective|p2a: Gliscor\n|-damage|p2a: Gliscor|30\/100 tox\n|\n|-heal|p2a: Gliscor|43\/100 tox|[from] ability: Poison Heal\n|upkeep\n|turn|27\n|\n|t:|1627091151\n|move|p2a: Gliscor|Roost|p2a: Gliscor\n|-heal|p2a: Gliscor|93\/100 tox\n|-singleturn|p2a: Gliscor|move: Roost\n|move|p1a: Quagsire|Scald|p2a: Gliscor\n|-supereffective|p2a: Gliscor\n|-damage|p2a: Gliscor|56\/100 tox\n|\n|-heal|p2a: Gliscor|69\/100 tox|[from] ability: Poison Heal\n|upkeep\n|turn|28\n|\n|t:|1627091159\n|move|p2a: Gliscor|Toxic|p1a: Quagsire\n|-status|p1a: Quagsire|tox\n|move|p1a: Quagsire|Scald|p2a: Gliscor\n|-supereffective|p2a: Gliscor\n|-damage|p2a: Gliscor|31\/100 tox\n|\n|-heal|p2a: Gliscor|43\/100 tox|[from] ability: Poison Heal\n|-damage|p1a: Quagsire|74\/100 tox|[from] psn\n|upkeep\n|turn|29\n|\n|t:|1627091165\n|switch|p1a: Chansey|Chansey, F|100\/100\n|move|p2a: Gliscor|Roost|p2a: Gliscor\n|-heal|p2a: Gliscor|93\/100 tox\n|-singleturn|p2a: Gliscor|move: Roost\n|\n|-heal|p2a: Gliscor|100\/100 tox|[from] ability: Poison Heal\n|upkeep\n|turn|30\n|\n|t:|1627091170\n|move|p2a: Gliscor|Toxic|p1a: Chansey\n|-status|p1a: Chansey|tox\n|move|p1a: Chansey|Heal Bell|p1a: Chansey\n|-activate|p1a: Chansey|move: Heal Bell\n|-curestatus|p1a: Chansey|tox|[msg]\n|-curestatus|p1: Tornadus|tox|[msg]\n|-curestatus|p1: Quagsire|tox|[msg]\n|\n|upkeep\n|turn|31\n|\n|t:|1627091177\n|switch|p1a: Altaria|Altaria, F|100\/100\n|move|p2a: Gliscor|Toxic|p1a: Altaria\n|-status|p1a: Altaria|tox\n|\n|-damage|p1a: Altaria|94\/100 tox|[from] psn\n|upkeep\n|turn|32\n|\n|t:|1627091183\n|switch|p2a: Celesteela|Celesteela, shiny|100\/100\n|detailschange|p1a: Altaria|Altaria-Mega, F\n|-mega|p1a: Altaria|Altaria|Altarianite\n|move|p1a: Altaria|Body Slam|p2a: Celesteela\n|-resisted|p2a: Celesteela\n|-damage|p2a: Celesteela|85\/100\n|\n|-heal|p2a: Celesteela|91\/100|[from] item: Leftovers\n|-damage|p1a: Altaria|82\/100 tox|[from] psn\n|upkeep\n|turn|33\n|\n|t:|1627091200\n|switch|p1a: Magearna|Magearna|88\/100\n|move|p2a: Celesteela|Heavy Slam|p1a: Magearna\n|-damage|p1a: Magearna|50\/100\n|\n|-heal|p2a: Celesteela|97\/100|[from] item: Leftovers\n|upkeep\n|turn|34\n|\n|t:|1627091209\n|move|p2a: Celesteela|Protect|p2a: Celesteela\n|-singleturn|p2a: Celesteela|Protect\n|move|p1a: Magearna|Fleur Cannon|p2a: Celesteela\n|-activate|p2a: Celesteela|move: Protect\n|\n|-heal|p2a: Celesteela|100\/100|[from] item: Leftovers\n|upkeep\n|turn|35\n|\n|t:|1627091222\n|move|p1a: Magearna|Volt Switch|p2a: Celesteela\n|-supereffective|p2a: Celesteela\n|-damage|p2a: Celesteela|73\/100\n|\n|t:|1627091225\n|switch|p1a: Toxapex|Toxapex, M|100\/100|[from]move: Volt Switch\n|move|p2a: Celesteela|Flamethrower|p1a: Toxapex\n|-resisted|p1a: Toxapex\n|-damage|p1a: Toxapex|91\/100\n|\n|-heal|p2a: Celesteela|79\/100|[from] item: Leftovers\n|upkeep\n|turn|36\n|\n|t:|1627091236\n|move|p2a: Celesteela|Leech Seed|p1a: Toxapex\n|-start|p1a: Toxapex|move: Leech Seed\n|move|p1a: Toxapex|Scald|p2a: Celesteela\n|-damage|p2a: Celesteela|68\/100\n|\n|-heal|p2a: Celesteela|74\/100|[from] item: Leftovers\n|-damage|p1a: Toxapex|79\/100|[from] Leech Seed|[of] p2a: Celesteela\n|-heal|p2a: Celesteela|84\/100|[silent]\n|upkeep\n|turn|37\n|\n|t:|1627091243\n|switch|p2a: Sableye|Sableye-Mega, M|98\/100\n|move|p1a: Toxapex|Toxic Spikes|p2a: Sableye\n|move|p2a: Sableye|Toxic Spikes|p1a: Toxapex|[from]ability: Magic Bounce\n|-sidestart|p1: wharb|move: Toxic Spikes\n|\n|-damage|p1a: Toxapex|66\/100|[from] Leech Seed|[of] p2a: Sableye\n|-heal|p2a: Sableye|100\/100|[silent]\n|upkeep\n|turn|38\n|\n|t:|1627091249\n|switch|p1a: Tornadus|Tornadus-Therian, M|74\/100\n|switch|p2a: Gliscor|Gliscor, M|100\/100 tox\n|\n|upkeep\n|turn|39\n|j| zhemeduoren\n|\n|t:|1627091257\n|move|p1a: Tornadus|Hurricane|p2a: Gliscor\n|-crit|p2a: Gliscor\n|-damage|p2a: Gliscor|24\/100 tox\n|move|p2a: Gliscor|Earthquake|p1a: Tornadus\n|-immune|p1a: Tornadus\n|\n|-heal|p2a: Gliscor|36\/100 tox|[from] ability: Poison Heal\n|upkeep\n|turn|40\n|\n|t:|1627091263\n|switch|p2a: Celesteela|Celesteela, shiny|84\/100\n|move|p1a: Tornadus|Hurricane|p2a: Celesteela\n|-resisted|p2a: Celesteela\n|-damage|p2a: Celesteela|67\/100\n|\n|-heal|p2a: Celesteela|73\/100|[from] item: Leftovers\n|upkeep\n|turn|41\n|\n|t:|1627091270\n|switch|p2a: Gliscor|Gliscor, M|36\/100 tox\n|move|p1a: Tornadus|Taunt|p2a: Gliscor\n|-start|p2a: Gliscor|move: Taunt\n|\n|-heal|p2a: Gliscor|49\/100 tox|[from] ability: Poison Heal\n|upkeep\n|turn|42\n|l| zhemeduoren\n|inactive|EEEEEvolto\u6df1\u6eba has 120 seconds left.\n|\n|t:|1627091306\n|switch|p2a: Celesteela|Celesteela, shiny|73\/100\n|move|p1a: Tornadus|Hurricane|p2a: Celesteela|[miss]\n|-miss|p1a: Tornadus|p2a: Celesteela\n|\n|-heal|p2a: Celesteela|79\/100|[from] item: Leftovers\n|upkeep\n|turn|43\n|\n|t:|1627091313\n|move|p2a: Celesteela|Protect|p2a: Celesteela\n|-singleturn|p2a: Celesteela|Protect\n|move|p1a: Tornadus|Taunt|p2a: Celesteela\n|-activate|p2a: Celesteela|move: Protect\n|\n|-heal|p2a: Celesteela|85\/100|[from] item: Leftovers\n|upkeep\n|turn|44\n|inactive|EEEEEvolto\u6df1\u6eba has 120 seconds left.\n|inactive|EEEEEvolto\u6df1\u6eba has 90 seconds left.\n|inactive|EEEEEvolto\u6df1\u6eba has 60 seconds left.\n|inactive|EEEEEvolto\u6df1\u6eba has 30 seconds left.\n|inactive|EEEEEvolto\u6df1\u6eba has 20 seconds left.\n|inactive|EEEEEvolto\u6df1\u6eba has 15 seconds left.\n|inactive|EEEEEvolto\u6df1\u6eba has 10 seconds left.\n|inactive|EEEEEvolto\u6df1\u6eba has 5 seconds left.\n|-message|EEEEEvolto\u6df1\u6eba lost due to inactivity.\n|\n|win|wharb\n|raw|wharb's rating: 1141 &rarr; <strong>1192<\/strong><br \/>(+51 for winning)\n|raw|EEEEEvolto\u6df1\u6eba's rating: 1418 &rarr; <strong>1385<\/strong><br \/>(-33 for losing)\n","uploadtime":1627091452,"views":59,"p1id":"wharb","p2id":"eeeeevolto","formatid":"gen7ou","rating":0,"private":0,"password":null}