{"id":"china-gen8ru-5340492","p1":"sleepdrawirnig","p2":"AlIoutdragadarts","format":"gen8ru","log":"|uhtml|report-battle|<b>\u5c06\u5bf9\u6218\u94fe\u63a5\u516c\u5f00\u5230:<\/b> <button class=\"button\" name=\"send\" value=\"\/reportto skypillar\">Sky Pillar<\/button><button class=\"button\" name=\"send\" value=\"\/reportto shinx\">Shinx<\/button>\n|j|\u2606sleepdrawirnig\n|j|\u2606AlIoutdragadarts\n|inactive|Battle timer is ON: inactive players will automatically lose when time's up.\n|t:|1661933788\n|gametype|singles\n|player|p1|sleepdrawirnig|n|\n|player|p2|AlIoutdragadarts|acerola-masters|\n|teamsize|p1|6\n|teamsize|p2|6\n|gen|8\n|tier|[Gen 8] RU\n|rated|Tournament battle\n|rule|Sleep Clause Mod: Limit one foe put to sleep\n|rule|Species Clause: Limit one of each Pok\u00e9mon\n|rule|OHKO Clause: OHKO moves are banned\n|rule|Evasion Items Clause: Evasion items are banned\n|rule|Evasion Moves Clause: Evasion moves are banned\n|rule|Endless Battle Clause: Forcing endless battles is banned\n|rule|HP Percentage Mod: HP is shown in percentages\n|rule|Dynamax Clause: You cannot dynamax\n|clearpoke\n|poke|p1|Marowak-Alola, M|\n|poke|p1|Metagross|\n|poke|p1|Mimikyu, M|\n|poke|p1|Xurkitree|\n|poke|p1|Polteageist-Antique|\n|poke|p1|Flygon, F|\n|poke|p2|Quagsire, M|\n|poke|p2|Metagross|\n|poke|p2|Weezing-Galar, M|\n|poke|p2|Umbreon, M|\n|poke|p2|Bewear, M|\n|poke|p2|Nidoqueen, F|\n|teampreview\n|c|\u2606sleepdrawirnig|\u5982\u679c\u6211\u8d62\u4e86\u7684\u8bdd\n|c|\u2606sleepdrawirnig|\u4f60\u53ef\u4ee5\u7ed9\u6211\u78d5\u4e00\u4e2a\u5417\n|\n|t:|1661933807\n|start\n|switch|p1a: Metagross|Metagross|100\/100\n|switch|p2a: Nidoqueen|Nidoqueen, F, shiny|100\/100\n|turn|1\n|\n|t:|1661933817\n|move|p1a: Metagross|Agility|p1a: Metagross\n|-boost|p1a: Metagross|spe|2\n|move|p2a: Nidoqueen|Toxic Spikes|p1a: Metagross\n|-sidestart|p1: sleepdrawirnig|move: Toxic Spikes\n|\n|upkeep\n|turn|2\n|j| igiegie\n|c|\u2606sleepdrawirnig|\u6bd4\u57fa\u5c3c\n|\n|t:|1661933826\n|move|p1a: Metagross|Zen Headbutt|p2a: Nidoqueen\n|-supereffective|p2a: Nidoqueen\n|-damage|p2a: Nidoqueen|13\/100\n|move|p2a: Nidoqueen|Stealth Rock|p1a: Metagross\n|-sidestart|p1: sleepdrawirnig|move: Stealth Rock\n|\n|-heal|p2a: Nidoqueen|19\/100|[from] item: Black Sludge\n|upkeep\n|turn|3\n|\n|t:|1661933833\n|switch|p2a: Metagross|Metagross, shiny|100\/100\n|move|p1a: Metagross|Meteor Mash|p2a: Metagross\n|-resisted|p2a: Metagross\n|-damage|p2a: Metagross|80\/100\n|\n|-heal|p2a: Metagross|86\/100|[from] item: Leftovers\n|upkeep\n|turn|4\n|\n|t:|1661933841\n|switch|p2a: Umbreon|Umbreon, M, shiny|100\/100\n|move|p1a: Metagross|Zen Headbutt|p2a: Umbreon\n|-immune|p2a: Umbreon\n|\n|upkeep\n|turn|5\n|\n|t:|1661933844\n|move|p1a: Metagross|Meteor Mash|p2a: Umbreon|[miss]\n|-miss|p1a: Metagross|p2a: Umbreon\n|move|p2a: Umbreon|Wish|p2a: Umbreon\n|\n|upkeep\n|turn|6\n|\n|t:|1661933849\n|move|p1a: Metagross|Meteor Mash|p2a: Umbreon\n|-damage|p2a: Umbreon|60\/100\n|move|p2a: Umbreon|Foul Play|p1a: Metagross\n|-supereffective|p1a: Metagross\n|-damage|p1a: Metagross|8\/100\n|-enditem|p1a: Metagross|Weakness Policy\n|-boost|p1a: Metagross|atk|2|[from] item: Weakness Policy\n|-boost|p1a: Metagross|spa|2|[from] item: Weakness Policy\n|\n|-heal|p2a: Umbreon|100\/100|[from] move: Wish|[wisher] Umbreon\n|upkeep\n|turn|7\n|\n|t:|1661933853\n|switch|p2a: Quagsire|Quagsire, M, shiny|100\/100\n|move|p1a: Metagross|Meteor Mash|p2a: Quagsire\n|-resisted|p2a: Quagsire\n|-damage|p2a: Quagsire|84\/100\n|\n|-heal|p2a: Quagsire|90\/100|[from] item: Leftovers\n|upkeep\n|turn|8\n|\n|t:|1661933857\n|move|p1a: Metagross|Zen Headbutt|p2a: Quagsire\n|-damage|p2a: Quagsire|59\/100\n|move|p2a: Quagsire|Recover|p2a: Quagsire\n|-heal|p2a: Quagsire|100\/100\n|\n|upkeep\n|turn|9\n|c| igiegie|\u4e0d\u5e26\u6253\u8349\u7ed3\n|\n|t:|1661933863\n|move|p1a: Metagross|Zen Headbutt|p2a: Quagsire\n|-crit|p2a: Quagsire\n|-damage|p2a: Quagsire|52\/100\n|move|p2a: Quagsire|Scald|p1a: Metagross\n|-damage|p1a: Metagross|0 fnt\n|faint|p1a: Metagross\n|\n|-heal|p2a: Quagsire|58\/100|[from] item: Leftovers\n|upkeep\n|c| igiegie|\u7b11\u5566\n|\n|t:|1661933870\n|switch|p1a: Xurkitree|Xurkitree|100\/100\n|-status|p1a: Xurkitree|psn\n|-damage|p1a: Xurkitree|88\/100 psn|[from] Stealth Rock\n|turn|10\n|\n|t:|1661933876\n|switch|p2a: Metagross|Metagross, shiny|86\/100\n|move|p1a: Xurkitree|Volt Switch|p2a: Metagross\n|-damage|p2a: Metagross|51\/100\n|\n|t:|1661933882\n|switch|p1a: Polteageist|Polteageist-Antique|100\/100|[from]move: Volt Switch\n|-status|p1a: Polteageist|psn\n|-damage|p1a: Polteageist|88\/100 psn|[from] Stealth Rock\n|\n|-heal|p2a: Metagross|57\/100|[from] item: Leftovers\n|-damage|p1a: Polteageist|76\/100 psn|[from] psn\n|upkeep\n|turn|11\n|\n|t:|1661933889\n|switch|p2a: Umbreon|Umbreon, M, shiny|100\/100\n|move|p1a: Polteageist|Shadow Ball|p2a: Umbreon\n|-resisted|p2a: Umbreon\n|-crit|p2a: Umbreon\n|-damage|p2a: Umbreon|84\/100\n|\n|-heal|p2a: Umbreon|90\/100|[from] item: Leftovers\n|-damage|p1a: Polteageist|64\/100 psn|[from] psn\n|upkeep\n|turn|12\n|\n|t:|1661933893\n|switch|p1a: Flygon|Flygon, F|100\/100\n|-damage|p1a: Flygon|95\/100|[from] Stealth Rock\n|move|p2a: Umbreon|Wish|p2a: Umbreon\n|\n|-heal|p1a: Flygon|100\/100|[from] item: Leftovers\n|-heal|p2a: Umbreon|96\/100|[from] item: Leftovers\n|upkeep\n|turn|13\n|\n|t:|1661933900\n|move|p1a: Flygon|Dragon Dance|p1a: Flygon\n|-boost|p1a: Flygon|atk|1\n|-boost|p1a: Flygon|spe|1\n|move|p2a: Umbreon|Foul Play|p1a: Flygon\n|-damage|p1a: Flygon|5\/100\n|\n|-heal|p2a: Umbreon|100\/100|[from] move: Wish|[wisher] Umbreon\n|-heal|p1a: Flygon|11\/100|[from] item: Leftovers\n|upkeep\n|turn|14\n|\n|t:|1661933911\n|switch|p2a: Nidoqueen|Nidoqueen, F, shiny|19\/100\n|move|p1a: Flygon|Earthquake|p2a: Nidoqueen\n|-supereffective|p2a: Nidoqueen\n|-damage|p2a: Nidoqueen|0 fnt\n|faint|p2a: Nidoqueen\n|\n|-heal|p1a: Flygon|17\/100|[from] item: Leftovers\n|upkeep\n|\n|t:|1661933913\n|switch|p2a: Quagsire|Quagsire, M, shiny|58\/100\n|turn|15\n|\n|t:|1661933923\n|move|p1a: Flygon|Earthquake|p2a: Quagsire\n|-damage|p2a: Quagsire|24\/100\n|move|p2a: Quagsire|Recover|p2a: Quagsire\n|-heal|p2a: Quagsire|74\/100\n|\n|-heal|p1a: Flygon|23\/100|[from] item: Leftovers\n|-heal|p2a: Quagsire|80\/100|[from] item: Leftovers\n|upkeep\n|turn|16\n|\n|t:|1661933928\n|move|p1a: Flygon|Earthquake|p2a: Quagsire\n|-damage|p2a: Quagsire|46\/100\n|move|p2a: Quagsire|Recover|p2a: Quagsire\n|-heal|p2a: Quagsire|96\/100\n|\n|-heal|p1a: Flygon|29\/100|[from] item: Leftovers\n|-heal|p2a: Quagsire|100\/100|[from] item: Leftovers\n|upkeep\n|turn|17\n|\n|t:|1661933933\n|move|p1a: Flygon|Earthquake|p2a: Quagsire\n|-damage|p2a: Quagsire|70\/100\n|move|p2a: Quagsire|Scald|p1a: Flygon\n|-damage|p1a: Flygon|6\/100\n|\n|-heal|p1a: Flygon|12\/100|[from] item: Leftovers\n|-heal|p2a: Quagsire|76\/100|[from] item: Leftovers\n|upkeep\n|turn|18\n|\n|t:|1661933939\n|move|p1a: Flygon|Earthquake|p2a: Quagsire\n|-damage|p2a: Quagsire|45\/100\n|move|p2a: Quagsire|Recover|p2a: Quagsire\n|-heal|p2a: Quagsire|95\/100\n|\n|-heal|p1a: Flygon|18\/100|[from] item: Leftovers\n|-heal|p2a: Quagsire|100\/100|[from] item: Leftovers\n|upkeep\n|turn|19\n|j| Bird of belief\n|\n|t:|1661933947\n|move|p1a: Flygon|Earthquake|p2a: Quagsire\n|-damage|p2a: Quagsire|64\/100\n|move|p2a: Quagsire|Scald|p1a: Flygon\n|-damage|p1a: Flygon|0 fnt\n|faint|p1a: Flygon\n|\n|-heal|p2a: Quagsire|71\/100|[from] item: Leftovers\n|upkeep\n|l| igiegie\n|\n|t:|1661933955\n|switch|p1a: Xurkitree|Xurkitree|88\/100 psn\n|-damage|p1a: Xurkitree|76\/100 psn|[from] Stealth Rock\n|turn|20\n|c| Bird of belief|\u624b\u81c2\uff01\n|\n|t:|1661933963\n|switch|p2a: Metagross|Metagross, shiny|57\/100\n|move|p1a: Xurkitree|Energy Ball|p2a: Metagross\n|-resisted|p2a: Metagross\n|-damage|p2a: Metagross|41\/100\n|\n|-heal|p2a: Metagross|47\/100|[from] item: Leftovers\n|-damage|p1a: Xurkitree|63\/100 psn|[from] psn\n|upkeep\n|turn|21\n|\n|t:|1661933970\n|switch|p1a: Polteageist|Polteageist-Antique|64\/100 psn\n|-damage|p1a: Polteageist|51\/100 psn|[from] Stealth Rock\n|move|p2a: Metagross|Meteor Mash|p1a: Polteageist\n|-damage|p1a: Polteageist|0 fnt\n|faint|p1a: Polteageist\n|\n|-heal|p2a: Metagross|53\/100|[from] item: Leftovers\n|upkeep\n|\n|t:|1661933977\n|switch|p1a: Marowak|Marowak-Alola, M|100\/100\n|-status|p1a: Marowak|psn\n|-damage|p1a: Marowak|76\/100 psn|[from] Stealth Rock\n|turn|22\n|\n|t:|1661933981\n|switch|p2a: Bewear|Bewear, M, shiny|100\/100\n|move|p1a: Marowak|Flame Charge|p2a: Bewear\n|-damage|p2a: Bewear|75\/100\n|-boost|p1a: Marowak|spe|1\n|\n|-heal|p2a: Bewear|81\/100|[from] item: Leftovers\n|-damage|p1a: Marowak|63\/100 psn|[from] psn\n|upkeep\n|turn|23\n|\n|t:|1661933985\n|move|p1a: Marowak|Flare Blitz|p2a: Bewear\n|-damage|p2a: Bewear|22\/100\n|move|p2a: Bewear|Bulk Up|p2a: Bewear\n|-boost|p2a: Bewear|atk|1\n|-boost|p2a: Bewear|def|1\n|\n|-heal|p2a: Bewear|28\/100|[from] item: Leftovers\n|-damage|p1a: Marowak|51\/100 psn|[from] psn\n|upkeep\n|turn|24\n|\n|t:|1661933988\n|move|p1a: Marowak|Flare Blitz|p2a: Bewear\n|-damage|p2a: Bewear|0 fnt\n|faint|p2a: Bewear\n|\n|-damage|p1a: Marowak|39\/100 psn|[from] psn\n|upkeep\n|\n|t:|1661933989\n|switch|p2a: Quagsire|Quagsire, M, shiny|71\/100\n|turn|25\n|\n|t:|1661933990\n|move|p1a: Marowak|Poltergeist|p2a: Quagsire\n|-activate|p2a: Quagsire|move: Poltergeist|Leftovers\n|-damage|p2a: Quagsire|15\/100\n|move|p2a: Quagsire|Recover|p2a: Quagsire\n|-heal|p2a: Quagsire|65\/100\n|\n|-heal|p2a: Quagsire|71\/100|[from] item: Leftovers\n|-damage|p1a: Marowak|27\/100 psn|[from] psn\n|upkeep\n|turn|26\n|\n|t:|1661933994\n|move|p1a: Marowak|Poltergeist|p2a: Quagsire\n|-activate|p2a: Quagsire|move: Poltergeist|Leftovers\n|-damage|p2a: Quagsire|12\/100\n|move|p2a: Quagsire|Recover|p2a: Quagsire\n|-heal|p2a: Quagsire|62\/100\n|\n|-heal|p2a: Quagsire|68\/100|[from] item: Leftovers\n|-damage|p1a: Marowak|14\/100 psn|[from] psn\n|upkeep\n|turn|27\n|\n|t:|1661933996\n|move|p1a: Marowak|Poltergeist|p2a: Quagsire\n|-activate|p2a: Quagsire|move: Poltergeist|Leftovers\n|-damage|p2a: Quagsire|6\/100\n|move|p2a: Quagsire|Recover|p2a: Quagsire\n|-heal|p2a: Quagsire|56\/100\n|\n|-heal|p2a: Quagsire|62\/100|[from] item: Leftovers\n|-damage|p1a: Marowak|2\/100 psn|[from] psn\n|upkeep\n|turn|28\n|\n|t:|1661934000\n|move|p1a: Marowak|Poltergeist|p2a: Quagsire\n|-activate|p2a: Quagsire|move: Poltergeist|Leftovers\n|-damage|p2a: Quagsire|8\/100\n|move|p2a: Quagsire|Recover|p2a: Quagsire\n|-heal|p2a: Quagsire|58\/100\n|\n|-heal|p2a: Quagsire|64\/100|[from] item: Leftovers\n|-damage|p1a: Marowak|0 fnt|[from] psn\n|faint|p1a: Marowak\n|upkeep\n|\n|t:|1661934003\n|switch|p1a: Xurkitree|Xurkitree|63\/100 psn\n|-damage|p1a: Xurkitree|51\/100 psn|[from] Stealth Rock\n|turn|29\n|\n|t:|1661934010\n|switch|p2a: Umbreon|Umbreon, M, shiny|100\/100\n|move|p1a: Xurkitree|Energy Ball|p2a: Umbreon\n|-damage|p2a: Umbreon|81\/100\n|\n|-heal|p2a: Umbreon|87\/100|[from] item: Leftovers\n|-damage|p1a: Xurkitree|39\/100 psn|[from] psn\n|upkeep\n|turn|30\n|\n|t:|1661934012\n|switch|p1a: Mimikyu|Mimikyu, M|100\/100\n|-status|p1a: Mimikyu|psn\n|-damage|p1a: Mimikyu|88\/100 psn|[from] Stealth Rock\n|move|p2a: Umbreon|Wish|p2a: Umbreon\n|\n|-heal|p2a: Umbreon|93\/100|[from] item: Leftovers\n|-damage|p1a: Mimikyu|76\/100 psn|[from] psn\n|upkeep\n|turn|31\n|\n|t:|1661934020\n|switch|p2a: Quagsire|Quagsire, M, shiny|64\/100\n|move|p1a: Mimikyu|Swords Dance|p1a: Mimikyu\n|-boost|p1a: Mimikyu|atk|2\n|\n|-heal|p2a: Quagsire|100\/100|[from] move: Wish|[wisher] Umbreon\n|-damage|p1a: Mimikyu|63\/100 psn|[from] psn\n|upkeep\n|turn|32\n|l| Bird of belief\n|j|@pet lottery\n|\n|t:|1661934027\n|move|p1a: Mimikyu|Play Rough|p2a: Quagsire\n|-damage|p2a: Quagsire|69\/100\n|-damage|p1a: Mimikyu|53\/100 psn|[from] item: Life Orb\n|move|p2a: Quagsire|Earthquake|p1a: Mimikyu\n|-activate|p1a: Mimikyu|ability: Disguise\n|-damage|p1a: Mimikyu|53\/100 psn\n|detailschange|p1a: Mimikyu|Mimikyu-Busted, M\n|-damage|p1a: Mimikyu|41\/100 psn|[from] pokemon: Mimikyu-Busted\n|\n|-heal|p2a: Quagsire|75\/100|[from] item: Leftovers\n|-damage|p1a: Mimikyu|29\/100 psn|[from] psn\n|upkeep\n|turn|33\n|\n|t:|1661934040\n|move|p1a: Mimikyu|Play Rough|p2a: Quagsire\n|-damage|p2a: Quagsire|43\/100\n|-damage|p1a: Mimikyu|19\/100 psn|[from] item: Life Orb\n|move|p2a: Quagsire|Earthquake|p1a: Mimikyu\n|-damage|p1a: Mimikyu|0 fnt\n|faint|p1a: Mimikyu\n|\n|-heal|p2a: Quagsire|49\/100|[from] item: Leftovers\n|upkeep\n|\n|t:|1661934042\n|switch|p1a: Xurkitree|Xurkitree|39\/100 psn\n|-damage|p1a: Xurkitree|26\/100 psn|[from] Stealth Rock\n|turn|34\n|\n|t:|1661934048\n|move|p1a: Xurkitree|Dazzling Gleam|p2a: Quagsire\n|-damage|p2a: Quagsire|3\/100\n|move|p2a: Quagsire|Earthquake|p1a: Xurkitree\n|-supereffective|p1a: Xurkitree\n|-damage|p1a: Xurkitree|0 fnt\n|faint|p1a: Xurkitree\n|\n|win|AlIoutdragadarts\n|n|\u2606sleepdrawirnig|sleepdrawirnig\n|n|\u2606AlIoutdragadarts|alioutdragadarts\n|n|@pet lottery|petlottery\n","uploadtime":1661934051,"views":10,"p1id":"sleepdrawirnig","p2id":"alioutdragadarts","formatid":"gen8ru","rating":0,"private":0,"password":null}