{"id":"china-gen4ou-5272543","p1":"AlIoutdragadarts","p2":"aronova","format":"gen4ou","log":"|uhtml|report-battle|<b>\u5c06\u5bf9\u6218\u94fe\u63a5\u516c\u5f00\u5230:<\/b> <button class=\"button\" name=\"send\" value=\"\/reportto skypillar\">Sky Pillar<\/button><button class=\"button\" name=\"send\" value=\"\/reportto shinx\">Shinx<\/button>\n|j|\u2606AlIoutdragadarts\n|j|\u2606aronova\n|inactive|Battle timer is ON: inactive players will automatically lose when time's up.\n|t:|1660825264\n|gametype|singles\n|player|p1|AlIoutdragadarts|battlegirl-gen4|\n|player|p2|aronova|aronova.png|\n|teamsize|p1|6\n|teamsize|p2|6\n|gen|4\n|tier|[Gen 4] OU\n|rated|Tournament battle\n|rule|Sleep Clause Mod: Limit one foe put to sleep\n|rule|Species Clause: Limit one of each Pok\u00e9mon\n|rule|OHKO Clause: OHKO moves are banned\n|rule|Evasion Items Clause: Evasion items are banned\n|rule|Evasion Moves Clause: Evasion moves are banned\n|rule|Endless Battle Clause: Forcing endless battles is banned\n|rule|HP Percentage Mod: HP is shown in percentages\n|rule|Freeze Clause Mod: Limit one foe frozen\n|\n|t:|1660825264\n|start\n|switch|p1a: Empoleon|Empoleon, M, shiny|100\/100\n|switch|p2a: Empoleon|Empoleon, M|100\/100\n|turn|1\n|j| wdzkz\n|\n|t:|1660825271\n|move|p1a: Empoleon|Stealth Rock|p2a: Empoleon\n|-sidestart|p2: aronova|move: Stealth Rock\n|move|p2a: Empoleon|Stealth Rock|p1a: Empoleon\n|-sidestart|p1: AlIoutdragadarts|move: Stealth Rock\n|\n|upkeep\n|turn|2\n|\n|t:|1660825275\n|move|p2a: Empoleon|Knock Off|p1a: Empoleon\n|-resisted|p1a: Empoleon\n|-crit|p1a: Empoleon\n|-damage|p1a: Empoleon|96\/100\n|-enditem|p1a: Empoleon|Leftovers|[from] move: Knock Off\n|-hint|In Gens 3-4, Knock Off only makes the target's item unusable; it cannot obtain a new item.\n|move|p1a: Empoleon|Roar|p2a: Empoleon\n|drag|p2a: Lucario|Lucario, F|100\/100\n|-damage|p2a: Lucario|98\/100|[from] Stealth Rock\n|\n|upkeep\n|turn|3\n|j| igiegie\n|\n|t:|1660825282\n|switch|p1a: Rotom|Rotom-Heat|100\/100\n|-damage|p1a: Rotom|88\/100|[from] Stealth Rock\n|move|p2a: Lucario|Copycat|p2a: Lucario\n|move|p2a: Lucario|Roar|p1a: Rotom|[from]move: Copycat\n|drag|p1a: Flygon|Flygon, M, shiny|100\/100\n|-damage|p1a: Flygon|95\/100|[from] Stealth Rock\n|\n|upkeep\n|turn|4\n|j| AquaRotom\n|\n|t:|1660825308\n|switch|p2a: Skarmory|Skarmory, M|100\/100\n|-damage|p2a: Skarmory|88\/100|[from] Stealth Rock\n|move|p1a: Flygon|Fire Blast|p2a: Skarmory\n|-supereffective|p2a: Skarmory\n|-crit|p2a: Skarmory\n|-damage|p2a: Skarmory|0 fnt\n|faint|p2a: Skarmory\n|-damage|p1a: Flygon|85\/100|[from] item: Life Orb\n|\n|upkeep\n|\n|t:|1660825319\n|switch|p2a: Lucario|Lucario, F|98\/100\n|-damage|p2a: Lucario|95\/100|[from] Stealth Rock\n|turn|5\n|\n|t:|1660825323\n|move|p2a: Lucario|Ice Punch|p1a: Flygon\n|-supereffective|p1a: Flygon\n|-damage|p1a: Flygon|0 fnt\n|faint|p1a: Flygon\n|\n|upkeep\n|\n|t:|1660825327\n|switch|p1a: Latias|Latias, F, shiny|100\/100\n|-damage|p1a: Latias|88\/100|[from] Stealth Rock\n|turn|6\n|\n|t:|1660825330\n|switch|p2a: Empoleon|Empoleon, M|100\/100\n|-damage|p2a: Empoleon|94\/100|[from] Stealth Rock\n|move|p1a: Latias|Recover|p1a: Latias\n|-heal|p1a: Latias|100\/100\n|\n|-heal|p2a: Empoleon|100\/100|[from] item: Leftovers\n|upkeep\n|turn|7\n|\n|t:|1660825337\n|switch|p1a: Empoleon|Empoleon, M, shiny|96\/100\n|-damage|p1a: Empoleon|90\/100|[from] Stealth Rock\n|move|p2a: Empoleon|Roar|p1a: Empoleon\n|drag|p1a: Blissey|Blissey, F, shiny|100\/100\n|-damage|p1a: Blissey|88\/100|[from] Stealth Rock\n|\n|-heal|p1a: Blissey|94\/100|[from] item: Leftovers\n|upkeep\n|turn|8\n|\n|t:|1660825341\n|move|p2a: Empoleon|Knock Off|p1a: Blissey\n|-damage|p1a: Blissey|91\/100\n|-enditem|p1a: Blissey|Leftovers|[from] move: Knock Off\n|move|p1a: Blissey|Thunder Wave|p2a: Empoleon\n|-status|p2a: Empoleon|par\n|\n|upkeep\n|turn|9\n|\n|t:|1660825348\n|switch|p2a: Rotom|Rotom-Wash|100\/100\n|-damage|p2a: Rotom|88\/100|[from] Stealth Rock\n|move|p1a: Blissey|Seismic Toss|p2a: Rotom\n|-immune|p2a: Rotom\n|\n|-heal|p2a: Rotom|94\/100|[from] item: Leftovers\n|upkeep\n|turn|10\n|\n|t:|1660825353\n|move|p2a: Rotom|Will-O-Wisp|p1a: Blissey\n|-status|p1a: Blissey|brn\n|move|p1a: Blissey|Ice Beam|p2a: Rotom\n|-damage|p2a: Rotom|74\/100\n|\n|-heal|p2a: Rotom|80\/100|[from] item: Leftovers\n|-damage|p1a: Blissey|79\/100 brn|[from] brn\n|upkeep\n|turn|11\n|\n|t:|1660825362\n|move|p2a: Rotom|Thunderbolt|p1a: Blissey\n|-damage|p1a: Blissey|66\/100 brn\n|move|p1a: Blissey|Ice Beam|p2a: Rotom\n|-damage|p2a: Rotom|62\/100\n|\n|-heal|p2a: Rotom|69\/100|[from] item: Leftovers\n|-damage|p1a: Blissey|54\/100 brn|[from] brn\n|upkeep\n|turn|12\n|\n|t:|1660825367\n|switch|p2a: Lucario|Lucario, F|95\/100\n|-damage|p2a: Lucario|92\/100|[from] Stealth Rock\n|move|p1a: Blissey|Soft-Boiled|p1a: Blissey\n|-heal|p1a: Blissey|100\/100 brn\n|\n|-damage|p1a: Blissey|88\/100 brn|[from] brn\n|upkeep\n|turn|13\n|\n|t:|1660825372\n|-curestatus|p1a: Blissey|brn|[from] ability: Natural Cure\n|switch|p1a: Skarmory|Skarmory, M, shiny|100\/100\n|-damage|p1a: Skarmory|88\/100|[from] Stealth Rock\n|move|p2a: Lucario|Ice Punch|p1a: Skarmory\n|-damage|p1a: Skarmory|73\/100\n|\n|-heal|p1a: Skarmory|79\/100|[from] item: Leftovers\n|upkeep\n|turn|14\n|\n|t:|1660825382\n|switch|p2a: Flygon|Flygon, M|100\/100\n|-damage|p2a: Flygon|95\/100|[from] Stealth Rock\n|move|p1a: Skarmory|Whirlwind|p2a: Flygon\n|drag|p2a: Tyranitar|Tyranitar, M|100\/100\n|-damage|p2a: Tyranitar|88\/100|[from] Stealth Rock\n|-weather|Sandstorm|[from] ability: Sand Stream|[of] p2a: Tyranitar\n|\n|-weather|Sandstorm|[upkeep]\n|-heal|p1a: Skarmory|85\/100|[from] item: Leftovers\n|upkeep\n|turn|15\n|\n|t:|1660825387\n|move|p2a: Tyranitar|Fire Punch|p1a: Skarmory\n|-supereffective|p1a: Skarmory\n|-damage|p1a: Skarmory|55\/100\n|move|p1a: Skarmory|Spikes|p2a: Tyranitar\n|-sidestart|p2: aronova|Spikes\n|\n|-weather|Sandstorm|[upkeep]\n|-heal|p1a: Skarmory|61\/100|[from] item: Leftovers\n|upkeep\n|turn|16\n|\n|t:|1660825390\n|move|p2a: Tyranitar|Dragon Dance|p2a: Tyranitar\n|-boost|p2a: Tyranitar|atk|1\n|-boost|p2a: Tyranitar|spe|1\n|move|p1a: Skarmory|Roost|p1a: Skarmory\n|-heal|p1a: Skarmory|100\/100\n|-singleturn|p1a: Skarmory|move: Roost\n|\n|-weather|Sandstorm|[upkeep]\n|upkeep\n|turn|17\n|\n|t:|1660825392\n|move|p2a: Tyranitar|Fire Punch|p1a: Skarmory\n|-supereffective|p1a: Skarmory\n|-damage|p1a: Skarmory|52\/100\n|move|p1a: Skarmory|Counter|p2a: Tyranitar\n|-damage|p2a: Tyranitar|0 fnt\n|faint|p2a: Tyranitar\n|\n|-weather|Sandstorm|[upkeep]\n|-heal|p1a: Skarmory|58\/100|[from] item: Leftovers\n|upkeep\n|\n|t:|1660825394\n|switch|p2a: Flygon|Flygon, M|95\/100\n|-damage|p2a: Flygon|89\/100|[from] Stealth Rock\n|turn|18\n|\n|t:|1660825404\n|switch|p1a: Blissey|Blissey, F, shiny|88\/100\n|-damage|p1a: Blissey|76\/100|[from] Stealth Rock\n|move|p2a: Flygon|Fire Blast|p1a: Blissey\n|-damage|p1a: Blissey|59\/100\n|-damage|p2a: Flygon|79\/100|[from] item: Life Orb\n|\n|-weather|Sandstorm|[upkeep]\n|-damage|p1a: Blissey|53\/100|[from] Sandstorm\n|upkeep\n|turn|19\n|\n|t:|1660825415\n|switch|p1a: Latias|Latias, F, shiny|100\/100\n|-damage|p1a: Latias|88\/100|[from] Stealth Rock\n|move|p2a: Flygon|Draco Meteor|p1a: Latias\n|-supereffective|p1a: Latias\n|-damage|p1a: Latias|0 fnt\n|-unboost|p2a: Flygon|spa|2\n|faint|p1a: Latias\n|-damage|p2a: Flygon|69\/100|[from] item: Life Orb\n|\n|-weather|Sandstorm|[upkeep]\n|upkeep\n|\n|t:|1660825420\n|switch|p1a: Rotom|Rotom-Heat|88\/100\n|-damage|p1a: Rotom|76\/100|[from] Stealth Rock\n|turn|20\n|\n|t:|1660825426\n|switch|p2a: Rotom|Rotom-Wash|69\/100\n|-damage|p2a: Rotom|56\/100|[from] Stealth Rock\n|move|p1a: Rotom|Trick|p2a: Rotom\n|-activate|p1a: Rotom|move: Trick|[of] p2a: Rotom\n|-item|p2a: Rotom|Choice Scarf|[from] move: Trick\n|-item|p1a: Rotom|Leftovers|[from] move: Trick\n|\n|-weather|Sandstorm|[upkeep]\n|-damage|p2a: Rotom|50\/100|[from] Sandstorm\n|-damage|p1a: Rotom|70\/100|[from] Sandstorm\n|-heal|p1a: Rotom|76\/100|[from] item: Leftovers\n|upkeep\n|turn|21\n|\n|t:|1660825441\n|switch|p1a: Empoleon|Empoleon, M, shiny|90\/100\n|-damage|p1a: Empoleon|84\/100|[from] Stealth Rock\n|move|p2a: Rotom|Rest|p2a: Rotom\n|-status|p2a: Rotom|slp|[from] move: Rest\n|-heal|p2a: Rotom|100\/100 slp|[silent]\n|\n|-weather|Sandstorm|[upkeep]\n|-damage|p2a: Rotom|94\/100 slp|[from] Sandstorm\n|upkeep\n|turn|22\n|\n|t:|1660825449\n|switch|p2a: Empoleon|Empoleon, M|100\/100 par\n|-damage|p2a: Empoleon|94\/100 par|[from] Stealth Rock\n|-damage|p2a: Empoleon|82\/100 par|[from] Spikes\n|move|p1a: Empoleon|Surf|p2a: Empoleon\n|-resisted|p2a: Empoleon\n|-damage|p2a: Empoleon|62\/100 par\n|\n|-weather|Sandstorm|[upkeep]\n|-heal|p2a: Empoleon|69\/100 par|[from] item: Leftovers\n|upkeep\n|turn|23\n|\n|t:|1660825455\n|move|p1a: Empoleon|Surf|p2a: Empoleon\n|-resisted|p2a: Empoleon\n|-damage|p2a: Empoleon|50\/100 par\n|cant|p2a: Empoleon|par\n|\n|-weather|Sandstorm|[upkeep]\n|-heal|p2a: Empoleon|56\/100 par|[from] item: Leftovers\n|upkeep\n|turn|24\n|\n|t:|1660825459\n|move|p1a: Empoleon|Knock Off|p2a: Empoleon\n|-resisted|p2a: Empoleon\n|-damage|p2a: Empoleon|54\/100 par\n|-enditem|p2a: Empoleon|Leftovers|[from] move: Knock Off\n|move|p2a: Empoleon|Surf|p1a: Empoleon\n|-resisted|p1a: Empoleon\n|-damage|p1a: Empoleon|63\/100\n|\n|-weather|Sandstorm|[upkeep]\n|upkeep\n|turn|25\n|\n|t:|1660825467\n|move|p1a: Empoleon|Surf|p2a: Empoleon\n|-resisted|p2a: Empoleon\n|-damage|p2a: Empoleon|34\/100 par\n|cant|p2a: Empoleon|par\n|\n|-weather|Sandstorm|[upkeep]\n|upkeep\n|turn|26\n|\n|t:|1660825484\n|move|p1a: Empoleon|Surf|p2a: Empoleon\n|-resisted|p2a: Empoleon\n|-damage|p2a: Empoleon|15\/100 par\n|move|p2a: Empoleon|Roar|p1a: Empoleon\n|drag|p1a: Rotom|Rotom-Heat|76\/100\n|-damage|p1a: Rotom|64\/100|[from] Stealth Rock\n|\n|-weather|Sandstorm|[upkeep]\n|-damage|p1a: Rotom|58\/100|[from] Sandstorm\n|-heal|p1a: Rotom|64\/100|[from] item: Leftovers\n|upkeep\n|turn|27\n|\n|t:|1660825493\n|switch|p2a: Rotom|Rotom-Wash|94\/100 slp\n|-damage|p2a: Rotom|82\/100 slp|[from] Stealth Rock\n|move|p1a: Rotom|Thunderbolt|p2a: Rotom\n|-resisted|p2a: Rotom\n|-damage|p2a: Rotom|60\/100 slp\n|\n|-weather|Sandstorm|[upkeep]\n|-damage|p2a: Rotom|54\/100 slp|[from] Sandstorm\n|-damage|p1a: Rotom|58\/100|[from] Sandstorm\n|-heal|p1a: Rotom|64\/100|[from] item: Leftovers\n|upkeep\n|turn|28\n|\n|t:|1660825497\n|cant|p2a: Rotom|slp\n|move|p2a: Rotom|Sleep Talk|p2a: Rotom\n|move|p2a: Rotom|Rest||[from]move: Sleep Talk|[still]\n|-fail|p2a: Rotom\n|move|p1a: Rotom|Thunderbolt|p2a: Rotom\n|-resisted|p2a: Rotom\n|-damage|p2a: Rotom|33\/100 slp\n|\n|-weather|Sandstorm|[upkeep]\n|-damage|p2a: Rotom|27\/100 slp|[from] Sandstorm\n|-damage|p1a: Rotom|58\/100|[from] Sandstorm\n|-heal|p1a: Rotom|64\/100|[from] item: Leftovers\n|upkeep\n|turn|29\n|\n|t:|1660825507\n|switch|p2a: Empoleon|Empoleon, M|15\/100 par\n|-damage|p2a: Empoleon|9\/100 par|[from] Stealth Rock\n|-damage|p2a: Empoleon|0 fnt|[from] Spikes\n|faint|p2a: Empoleon\n|move|p1a: Rotom|Thunderbolt|p2: Empoleon|[notarget]\n|-notarget|p1a: Rotom\n|\n|-weather|Sandstorm|[upkeep]\n|-damage|p1a: Rotom|58\/100|[from] Sandstorm\n|-heal|p1a: Rotom|64\/100|[from] item: Leftovers\n|upkeep\n|\n|t:|1660825508\n|switch|p2a: Flygon|Flygon, M|69\/100\n|-damage|p2a: Flygon|63\/100|[from] Stealth Rock\n|turn|30\n|\n|t:|1660825516\n|move|p1a: Rotom|Hidden Power|p2a: Flygon\n|-supereffective|p2a: Flygon\n|-damage|p2a: Flygon|0 fnt\n|faint|p2a: Flygon\n|\n|-weather|Sandstorm|[upkeep]\n|-damage|p1a: Rotom|58\/100|[from] Sandstorm\n|-heal|p1a: Rotom|64\/100|[from] item: Leftovers\n|upkeep\n|-message|aronova forfeited.\n|\n|win|AlIoutdragadarts\n|n|\u2606AlIoutdragadarts|alioutdragadarts\n|n|\u2606aronova|aronova\n|n| wdzkz|wdzkz\n|n| igiegie|igiegie\n|n| AquaRotom|aquarotom\n","uploadtime":1660825522,"views":6,"p1id":"alioutdragadarts","p2id":"aronova","formatid":"gen4ou","rating":0,"private":0,"password":null}