{"id":"china-gen8lc-5204864","p1":"zigza","p2":"AlIoutdragadarts","format":"gen8lc","log":"|uhtml|report-battle|<b>\u5c06\u5bf9\u6218\u94fe\u63a5\u516c\u5f00\u5230:<\/b> <button class=\"button\" name=\"send\" value=\"\/reportto skypillar\">Sky Pillar<\/button><button class=\"button\" name=\"send\" value=\"\/reportto shinx\">Shinx<\/button>\n|j|\u2606zigza\n|j|\u2606AlIoutdragadarts\n|inactive|Battle timer is ON: inactive players will automatically lose when time's up.\n|t:|1659504044\n|gametype|singles\n|player|p1|zigza|1|\n|player|p2|AlIoutdragadarts|lucas|\n|teamsize|p1|6\n|teamsize|p2|6\n|gen|8\n|tier|[Gen 8] LC\n|rated|Tournament battle\n|rule|Sleep Clause Mod: Limit one foe put to sleep\n|rule|Species Clause: Limit one of each Pok\u00e9mon\n|rule|OHKO Clause: OHKO moves are banned\n|rule|Evasion Moves Clause: Evasion moves are banned\n|rule|Endless Battle Clause: Forcing endless battles is banned\n|rule|HP Percentage Mod: HP is shown in percentages\n|rule|Dynamax Clause: You cannot dynamax\n|clearpoke\n|poke|p1|Abra, L5, M|\n|poke|p1|Carvanha, L5, M|\n|poke|p1|Dwebble, L5, M|\n|poke|p1|Grookey, L5, F|\n|poke|p1|Ponyta, L5, F|\n|poke|p1|Timburr, L5, M|\n|poke|p2|Diglett, L5, M|\n|poke|p2|Mienfoo, L5, M|\n|poke|p2|Ferroseed, L5, M|\n|poke|p2|Koffing, L5, M|\n|poke|p2|Carvanha, L5, M|\n|poke|p2|Natu, L5, M|\n|teampreview\n|\n|t:|1659504061\n|start\n|switch|p1a: Dwebble|Dwebble, L5, M|100\/100\n|switch|p2a: Carvanha|Carvanha, L5, M, shiny|100\/100\n|turn|1\n|\n|t:|1659504068\n|move|p1a: Dwebble|Rock Blast|p2a: Carvanha\n|-damage|p2a: Carvanha|64\/100\n|-damage|p2a: Carvanha|32\/100\n|-hitcount|p2a: Carvanha|2\n|move|p2a: Carvanha|Flip Turn|p1a: Dwebble\n|-supereffective|p1a: Dwebble\n|-damage|p1a: Dwebble|24\/100\n|-ability|p1a: Dwebble|Weak Armor|boost\n|-unboost|p1a: Dwebble|def|1\n|-boost|p1a: Dwebble|spe|2\n|-damage|p2a: Carvanha|27\/100|[from] item: Life Orb\n|\n|t:|1659504078\n|switch|p2a: Mienfoo|Mienfoo, L5, M, shiny|100\/100|[from]move: Flip Turn\n|\n|upkeep\n|turn|2\n|\n|t:|1659504083\n|move|p2a: Mienfoo|Fake Out|p1a: Dwebble\n|-resisted|p1a: Dwebble\n|-damage|p1a: Dwebble|20\/100\n|-ability|p1a: Dwebble|Weak Armor|boost\n|-unboost|p1a: Dwebble|def|1\n|-boost|p1a: Dwebble|spe|2\n|cant|p1a: Dwebble|flinch\n|\n|upkeep\n|turn|3\n|\n|t:|1659504088\n|switch|p2a: Natu|Natu, L5, M, shiny|100\/100\n|move|p1a: Dwebble|Stealth Rock|p2a: Natu\n|move|p2a: Natu|Stealth Rock|p1a: Dwebble|[from]ability: Magic Bounce\n|-sidestart|p1: zigza|move: Stealth Rock\n|\n|upkeep\n|turn|4\n|\n|t:|1659504093\n|move|p2a: Natu|Sucker Punch||[still]\n|-fail|p2a: Natu\n|move|p1a: Dwebble|Stealth Rock|p2a: Natu\n|move|p2a: Natu|Stealth Rock||[from]ability: Magic Bounce|[still]\n|-fail|p2a: Natu\n|\n|upkeep\n|turn|5\n|\n|t:|1659504096\n|move|p2a: Natu|Sucker Punch|p1a: Dwebble\n|-damage|p1a: Dwebble|0 fnt\n|faint|p1a: Dwebble\n|-damage|p2a: Natu|95\/100|[from] item: Life Orb\n|\n|upkeep\n|c|\u2606zigza|\u5567\n|\n|t:|1659504107\n|switch|p1a: Grookey|Grookey, L5, F|100\/100\n|-damage|p1a: Grookey|91\/100|[from] Stealth Rock\n|-fieldstart|move: Grassy Terrain|[from] ability: Grassy Surge|[of] p1a: Grookey\n|-enditem|p1a: Grookey|Grassy Seed\n|-boost|p1a: Grookey|def|1|[from] item: Grassy Seed\n|turn|6\n|\n|t:|1659504115\n|move|p2a: Natu|Heat Wave|p1a: Grookey\n|-supereffective|p1a: Grookey\n|-damage|p1a: Grookey|0 fnt\n|faint|p1a: Grookey\n|-damage|p2a: Natu|90\/100|[from] item: Life Orb\n|\n|upkeep\n|c|\u2606zigza|\u4e00\u6b21\u90fd\u6ca1\u62fc\u8d62\n|inactive|zigza has 120 seconds left.\n|c|\u2606zigza|\u592a\u79bb\u8c31\u4e86\n|\n|t:|1659504156\n|switch|p1a: Carvanha|Carvanha, L5, M|100\/100\n|-damage|p1a: Carvanha|90\/100|[from] Stealth Rock\n|turn|7\n|c|\u2606AlIoutdragadarts|.\n|\n|t:|1659504162\n|move|p1a: Carvanha|Protect|p1a: Carvanha\n|-singleturn|p1a: Carvanha|Protect\n|move|p2a: Natu|Giga Drain|p1a: Carvanha\n|-activate|p1a: Carvanha|move: Protect\n|\n|-heal|p1a: Carvanha|95\/100|[from] Grassy Terrain\n|-ability|p1a: Carvanha|Speed Boost|boost\n|-boost|p1a: Carvanha|spe|1\n|upkeep\n|turn|8\n|\n|t:|1659504166\n|switch|p2a: Mienfoo|Mienfoo, L5, M, shiny|100\/100\n|move|p1a: Carvanha|Crunch|p2a: Mienfoo\n|-resisted|p2a: Mienfoo\n|-damage|p2a: Mienfoo|77\/100\n|-damage|p1a: Carvanha|90\/100|[from] item: Life Orb\n|\n|-heal|p1a: Carvanha|95\/100|[from] Grassy Terrain\n|-heal|p2a: Mienfoo|81\/100|[from] Grassy Terrain\n|-ability|p1a: Carvanha|Speed Boost|boost\n|-boost|p1a: Carvanha|spe|1\n|upkeep\n|turn|9\n|\n|t:|1659504172\n|switch|p2a: Ferroseed|Ferroseed, L5, M, shiny|100\/100\n|move|p1a: Carvanha|Protect||[still]\n|-fail|p1a: Carvanha\n|\n|-heal|p1a: Carvanha|100\/100|[from] Grassy Terrain\n|-ability|p1a: Carvanha|Speed Boost|boost\n|-boost|p1a: Carvanha|spe|1\n|upkeep\n|turn|10\n|\n|t:|1659504176\n|switch|p1a: Timburr|Timburr, L5, M|100\/100\n|-damage|p1a: Timburr|97\/100|[from] Stealth Rock\n|move|p2a: Ferroseed|Giga Drain|p1a: Timburr\n|-damage|p1a: Timburr|74\/100\n|\n|-heal|p1a: Timburr|77\/100|[from] Grassy Terrain\n|-fieldend|move: Grassy Terrain\n|upkeep\n|turn|11\n|\n|t:|1659504185\n|switch|p2a: Koffing|Koffing, L5, M, shiny|100\/100\n|-ability|p2a: Koffing|Neutralizing Gas\n|move|p1a: Timburr|Knock Off|p2a: Koffing\n|-damage|p2a: Koffing|65\/100\n|-enditem|p2a: Koffing|Eviolite|[from] move: Knock Off|[of] p1a: Timburr\n|\n|upkeep\n|turn|12\n|\n|t:|1659504189\n|switch|p1a: Ponyta|Ponyta, L5, F|100\/100\n|-damage|p1a: Ponyta|78\/100|[from] Stealth Rock\n|move|p2a: Koffing|Sludge Bomb|p1a: Ponyta\n|-damage|p1a: Ponyta|19\/100\n|-enditem|p1a: Ponyta|Berry Juice\n|-heal|p1a: Ponyta|100\/100|[from] item: Berry Juice\n|\n|upkeep\n|turn|13\n|j| ssssssun6\n|\n|t:|1659504203\n|move|p1a: Ponyta|Flame Charge|p2a: Koffing\n|-damage|p2a: Koffing|30\/100\n|-boost|p1a: Ponyta|spe|1\n|move|p2a: Koffing|Sludge Bomb|p1a: Ponyta\n|-damage|p1a: Ponyta|46\/100\n|\n|upkeep\n|turn|14\n|l| ssssssun6\n|\n|t:|1659504209\n|move|p1a: Ponyta|Flare Blitz|p2a: Koffing\n|-damage|p2a: Koffing|0 fnt\n|faint|p2a: Koffing\n|-end|p2a: Koffing|ability: Neutralizing Gas\n|-damage|p1a: Ponyta|37\/100|[from] Recoil\n|\n|upkeep\n|\n|t:|1659504212\n|switch|p2a: Mienfoo|Mienfoo, L5, M, shiny|100\/100\n|turn|15\n|\n|t:|1659504218\n|move|p2a: Mienfoo|Fake Out|p1a: Ponyta\n|-damage|p1a: Ponyta|19\/100\n|-status|p2a: Mienfoo|brn|[from] ability: Flame Body|[of] p1a: Ponyta\n|cant|p1a: Ponyta|flinch\n|\n|-damage|p2a: Mienfoo|96\/100 brn|[from] brn\n|upkeep\n|turn|16\n|\n|t:|1659504226\n|move|p1a: Ponyta|Flare Blitz|p2a: Mienfoo\n|-damage|p2a: Mienfoo|39\/100 brn\n|-damage|p1a: Ponyta|0 fnt|[from] Recoil\n|faint|p1a: Ponyta\n|move|p2a: Mienfoo|U-turn|p1: Ponyta|[notarget]\n|-fail|p2a: Mienfoo\n|\n|-damage|p2a: Mienfoo|34\/100 brn|[from] brn\n|upkeep\n|\n|t:|1659504234\n|switch|p1a: Abra|Abra, L5, M|100\/100\n|turn|17\n|\n|t:|1659504241\n|move|p1a: Abra|Psychic|p2a: Mienfoo\n|-supereffective|p2a: Mienfoo\n|-damage|p2a: Mienfoo|0 fnt\n|faint|p2a: Mienfoo\n|\n|upkeep\n|\n|t:|1659504246\n|switch|p2a: Carvanha|Carvanha, L5, M, shiny|27\/100\n|turn|18\n|\n|t:|1659504252\n|switch|p1a: Timburr|Timburr, L5, M|77\/100\n|-damage|p1a: Timburr|74\/100|[from] Stealth Rock\n|move|p2a: Carvanha|Protect||[still]\n|-fail|p2a: Carvanha\n|\n|-ability|p2a: Carvanha|Speed Boost|boost\n|-boost|p2a: Carvanha|spe|1\n|upkeep\n|turn|19\n|\n|t:|1659504258\n|move|p1a: Timburr|Mach Punch|p2a: Carvanha\n|-supereffective|p2a: Carvanha\n|-damage|p2a: Carvanha|0 fnt\n|faint|p2a: Carvanha\n|\n|upkeep\n|\n|t:|1659504262\n|switch|p2a: Natu|Natu, L5, M, shiny|90\/100\n|turn|20\n|\n|t:|1659504270\n|move|p2a: Natu|Psychic|p1a: Timburr\n|-supereffective|p1a: Timburr\n|-damage|p1a: Timburr|0 fnt\n|faint|p1a: Timburr\n|-damage|p2a: Natu|85\/100|[from] item: Life Orb\n|\n|upkeep\n|\n|t:|1659504275\n|switch|p1a: Abra|Abra, L5, M|100\/100\n|turn|21\n|\n|t:|1659504284\n|move|p2a: Natu|Sucker Punch|p1a: Abra\n|-supereffective|p1a: Abra\n|-damage|p1a: Abra|0 fnt\n|faint|p1a: Abra\n|-damage|p2a: Natu|79\/100|[from] item: Life Orb\n|\n|upkeep\n|\n|t:|1659504287\n|switch|p1a: Carvanha|Carvanha, L5, M|100\/100\n|-damage|p1a: Carvanha|90\/100|[from] Stealth Rock\n|turn|22\n|\n|t:|1659504290\n|move|p1a: Carvanha|Protect|p1a: Carvanha\n|-singleturn|p1a: Carvanha|Protect\n|move|p2a: Natu|Giga Drain|p1a: Carvanha\n|-activate|p1a: Carvanha|move: Protect\n|\n|-ability|p1a: Carvanha|Speed Boost|boost\n|-boost|p1a: Carvanha|spe|1\n|upkeep\n|turn|23\n|\n|t:|1659504294\n|move|p2a: Natu|Sucker Punch|p1a: Carvanha\n|-resisted|p1a: Carvanha\n|-damage|p1a: Carvanha|69\/100\n|-damage|p2a: Natu|74\/100|[from] item: Life Orb\n|move|p1a: Carvanha|Crunch|p2a: Natu\n|-supereffective|p2a: Natu\n|-damage|p2a: Natu|0 fnt\n|faint|p2a: Natu\n|-damage|p1a: Carvanha|64\/100|[from] item: Life Orb\n|\n|-ability|p1a: Carvanha|Speed Boost|boost\n|-boost|p1a: Carvanha|spe|1\n|upkeep\n|\n|t:|1659504300\n|switch|p2a: Diglett|Diglett, L5, M, shiny|100\/100\n|turn|24\n|c|\u2606zigza|\u4e0a\u9519\u4e86\n|\n|t:|1659504307\n|move|p1a: Carvanha|Flip Turn|p2a: Diglett\n|-supereffective|p2a: Diglett\n|-enditem|p2a: Diglett|Focus Sash\n|-damage|p2a: Diglett|6\/100\n|-damage|p1a: Carvanha|58\/100|[from] item: Life Orb\n|move|p2a: Diglett|Sludge Bomb|p1a: Carvanha\n|-damage|p1a: Carvanha|6\/100\n|\n|-ability|p1a: Carvanha|Speed Boost|boost\n|-boost|p1a: Carvanha|spe|1\n|upkeep\n|turn|25\n|\n|t:|1659504318\n|move|p1a: Carvanha|Protect|p1a: Carvanha\n|-singleturn|p1a: Carvanha|Protect\n|move|p2a: Diglett|Sludge Bomb|p1a: Carvanha\n|-activate|p1a: Carvanha|move: Protect\n|\n|-ability|p1a: Carvanha|Speed Boost|boost\n|-boost|p1a: Carvanha|spe|1\n|upkeep\n|turn|26\n|\n|t:|1659504324\n|move|p1a: Carvanha|Flip Turn|p2a: Diglett\n|-supereffective|p2a: Diglett\n|-damage|p2a: Diglett|0 fnt\n|faint|p2a: Diglett\n|-damage|p1a: Carvanha|0 fnt|[from] item: Life Orb\n|faint|p1a: Carvanha\n|\n|win|AlIoutdragadarts\n|n|\u2606zigza|zigza\n|n|\u2606AlIoutdragadarts|alioutdragadarts\n","uploadtime":1659504325,"views":9,"p1id":"zigza","p2id":"alioutdragadarts","formatid":"gen8lc","rating":0,"private":0,"password":null}