{"id":"china-gen8randombattle-406279","p1":"ta1onfIame\u6e05\u6b22","p2":"gostop","format":"gen8randombattle","log":"|j|\u2606ta1onfIame\u6e05\u6b22\n|j|\u2606gostop\n|t:|1618149209\n|gametype|singles\n|player|p1|ta1onfIame\u6e05\u6b22|whitney|\n|player|p2|gostop|gostop.gif|\n|teamsize|p1|6\n|teamsize|p2|6\n|gen|8\n|tier|[Gen 8] Random Battle\n|rule|Species Clause: Limit one of each Pok\u00e9mon\n|rule|HP Percentage Mod: HP is shown in percentages\n|rule|Sleep Clause Mod: Limit one foe put to sleep\n|\n|t:|1618149209\n|start\n|switch|p1a: Dialga|Dialga, L74|270\/270\n|switch|p2a: Hitmonchan|Hitmonchan, L86, M|226\/226\n|-ability|p1a: Dialga|Pressure\n|turn|1\n|j|\u265aChizuru Mizuhara\n|j|\u265aThe Steel Shadow\n|\n|t:|1618149232\n|switch|p1a: Gastrodon|Gastrodon, L84, M|324\/324\n|move|p2a: Hitmonchan|Drain Punch|p1a: Gastrodon\n|-damage|p1a: Gastrodon|191\/324\n|\n|-heal|p1a: Gastrodon|211\/324|[from] item: Leftovers\n|upkeep\n|turn|2\n|j| niaosui\n|l| niaosui\n|j| niaosui\n|inactive|Battle timer is ON: inactive players will automatically lose when time's up. (requested by ta1onfIame\u6e05\u6b22)\n|inactive|gostop has 270 seconds left.\n|\n|t:|1618149308\n|switch|p2a: Suicune|Suicune, L80|291\/291\n|-ability|p2a: Suicune|Pressure\n|move|p1a: Gastrodon|Recover|p1a: Gastrodon\n|-heal|p1a: Gastrodon|324\/324\n|\n|upkeep\n|turn|3\n|\n|t:|1618149312\n|move|p2a: Suicune|Ice Beam|p1a: Gastrodon\n|-damage|p1a: Gastrodon|262\/324\n|-status|p1a: Gastrodon|frz\n|-curestatus|p1a: Gastrodon|frz|[msg]\n|move|p1a: Gastrodon|Toxic|p2a: Suicune\n|-status|p2a: Suicune|tox\n|\n|-heal|p1a: Gastrodon|282\/324|[from] item: Leftovers\n|-damage|p2a: Suicune|273\/291 tox|[from] psn\n|upkeep\n|turn|4\n|\n|t:|1618149330\n|move|p2a: Suicune|Ice Beam|p1a: Gastrodon\n|-damage|p1a: Gastrodon|225\/324\n|move|p1a: Gastrodon|Earthquake|p2a: Suicune\n|-damage|p2a: Suicune|191\/291 tox\n|\n|-heal|p2a: Suicune|209\/291 tox|[from] item: Leftovers\n|-heal|p1a: Gastrodon|245\/324|[from] item: Leftovers\n|-damage|p2a: Suicune|173\/291 tox|[from] psn\n|upkeep\n|turn|5\n|\n|t:|1618149338\n|move|p2a: Suicune|Rest|p2a: Suicune\n|-status|p2a: Suicune|slp|[from] move: Rest\n|-heal|p2a: Suicune|291\/291 slp|[silent]\n|move|p1a: Gastrodon|Earthquake|p2a: Suicune\n|-damage|p2a: Suicune|216\/291 slp\n|\n|-heal|p2a: Suicune|234\/291 slp|[from] item: Leftovers\n|-heal|p1a: Gastrodon|265\/324|[from] item: Leftovers\n|upkeep\n|turn|6\n|\n|t:|1618149348\n|switch|p2a: Thundurus|Thundurus-Therian, L80, M|258\/258\n|switch|p1a: Comfey|Comfey, L86, F|228\/228\n|\n|upkeep\n|turn|7\n|inactive|gostop has 270 seconds left.\n|\n|t:|1618149392\n|move|p1a: Comfey|Calm Mind|p1a: Comfey\n|-boost|p1a: Comfey|spa|1\n|-boost|p1a: Comfey|spd|1\n|move|p2a: Thundurus|Volt Switch|p1a: Comfey\n|-damage|p1a: Comfey|146\/228\n|\n|t:|1618149416\n|switch|p2a: Solgaleo|Solgaleo, L74|325\/325\n|\n|upkeep\n|turn|8\n|inactive|gostop has 240 seconds left.\n|j| XPSH\n|\n|t:|1618149437\n|switch|p1a: Gastrodon|Gastrodon, L84, M|265\/324\n|move|p2a: Solgaleo|Knock Off|p1a: Gastrodon\n|-damage|p1a: Gastrodon|180\/324\n|-enditem|p1a: Gastrodon|Leftovers|[from] move: Knock Off|[of] p2a: Solgaleo\n|\n|upkeep\n|turn|9\n|inactive|gostop has 240 seconds left.\n|\n|t:|1618149460\n|switch|p2a: Suicune|Suicune, L80|234\/291 slp\n|-ability|p2a: Suicune|Pressure\n|move|p1a: Gastrodon|Toxic||[still]\n|-fail|p1a: Gastrodon\n|\n|-heal|p2a: Suicune|252\/291 slp|[from] item: Leftovers\n|upkeep\n|turn|10\n|\n|t:|1618149478\n|switch|p2a: Thundurus|Thundurus-Therian, L80, M|258\/258\n|move|p1a: Gastrodon|Recover|p1a: Gastrodon\n|-heal|p1a: Gastrodon|324\/324\n|\n|upkeep\n|turn|11\n|\n|t:|1618149488\n|switch|p1a: Dialga|Dialga, L74|270\/270\n|-ability|p1a: Dialga|Pressure\n|move|p2a: Thundurus|Grass Knot|p1a: Dialga\n|-resisted|p1a: Dialga\n|-damage|p1a: Dialga|232\/270\n|\n|upkeep\n|turn|12\n|j| burstbean\n|inactive|gostop has 210 seconds left.\n|\n|t:|1618149513\n|switch|p2a: Hitmonchan|Hitmonchan, L86, M|226\/226\n|move|p1a: Dialga|Draco Meteor|p2a: Hitmonchan\n|-damage|p2a: Hitmonchan|111\/226\n|-unboost|p1a: Dialga|spa|2\n|\n|upkeep\n|turn|13\n|\n|t:|1618149521\n|switch|p1a: Gastrodon|Gastrodon, L84, M|324\/324\n|move|p2a: Hitmonchan|Drain Punch|p1a: Gastrodon\n|-damage|p1a: Gastrodon|206\/324\n|-heal|p2a: Hitmonchan|170\/226|[from] drain|[of] p1a: Gastrodon\n|\n|upkeep\n|turn|14\n|\n|t:|1618149528\n|switch|p1a: Dragonite|Dragonite, L76, F|263\/263\n|move|p2a: Hitmonchan|Drain Punch|p1a: Dragonite\n|-resisted|p1a: Dragonite\n|-damage|p1a: Dragonite|235\/263\n|-heal|p2a: Hitmonchan|184\/226|[from] drain|[of] p1a: Dragonite\n|\n|upkeep\n|turn|15\n|l|\u265aThe Steel Shadow\n|inactive|gostop has 210 seconds left.\n|inactive|ta1onfIame\u6e05\u6b22 has 270 seconds left.\n|\n|t:|1618149588\n|switch|p1a: Gastrodon|Gastrodon, L84, M|206\/324\n|move|p2a: Hitmonchan|Ice Punch|p1a: Gastrodon\n|-crit|p1a: Gastrodon\n|-damage|p1a: Gastrodon|82\/324\n|\n|upkeep\n|turn|16\n|\n|t:|1618149596\n|move|p2a: Hitmonchan|Drain Punch|p1a: Gastrodon\n|-damage|p1a: Gastrodon|0 fnt\n|-heal|p2a: Hitmonchan|225\/226|[from] drain|[of] p1a: Gastrodon\n|faint|p1a: Gastrodon\n|\n|upkeep\n|\n|t:|1618149601\n|switch|p1a: Comfey|Comfey, L86, F|146\/228\n|turn|17\n|inactive|ta1onfIame\u6e05\u6b22 has 270 seconds left.\n|inactive|gostop has 210 seconds left.\n|\n|t:|1618149614\n|switch|p1a: Dialga|Dialga, L74|232\/270\n|-ability|p1a: Dialga|Pressure\n|switch|p2a: Solgaleo|Solgaleo, L74|325\/325\n|\n|upkeep\n|turn|18\n|inactive|gostop has 210 seconds left.\n|j| Crossfire burning\n|inactive|gostop has 180 seconds left.\n|\n|t:|1618149656\n|switch|p2a: Hitmonchan|Hitmonchan, L86, M|225\/226\n|move|p1a: Dialga|Fire Blast|p2a: Hitmonchan\n|-damage|p2a: Hitmonchan|157\/226\n|\n|upkeep\n|turn|19\n|inactive|gostop has 180 seconds left.\n|\n|t:|1618149671\n|-start|p1a: Dialga|Dynamax\n|-heal|p1a: Dialga|464\/540|[silent]\n|move|p2a: Hitmonchan|Drain Punch|p1a: Dialga\n|-supereffective|p1a: Dialga\n|-damage|p1a: Dialga|272\/540\n|-heal|p2a: Hitmonchan|226\/226|[from] drain|[of] p1a: Dialga\n|move|p1a: Dialga|Max Steelspike|p2a: Hitmonchan\n|-damage|p2a: Hitmonchan|147\/226\n|-boost|p1a: Dialga|def|1\n|\n|upkeep\n|turn|20\n|inactive|gostop has 180 seconds left.\n|\n|t:|1618149704\n|move|p2a: Hitmonchan|Drain Punch|p1a: Dialga\n|-supereffective|p1a: Dialga\n|-damage|p1a: Dialga|146\/540\n|-heal|p2a: Hitmonchan|210\/226|[from] drain|[of] p1a: Dialga\n|move|p1a: Dialga|Max Wyrmwind|p2a: Hitmonchan\n|-damage|p2a: Hitmonchan|117\/226\n|-unboost|p2a: Hitmonchan|atk|1\n|\n|upkeep\n|turn|21\n|\n|t:|1618149715\n|move|p2a: Hitmonchan|Drain Punch|p1a: Dialga\n|-supereffective|p1a: Dialga\n|-damage|p1a: Dialga|60\/540\n|-heal|p2a: Hitmonchan|160\/226|[from] drain|[of] p1a: Dialga\n|move|p1a: Dialga|Max Wyrmwind|p2a: Hitmonchan\n|-damage|p2a: Hitmonchan|67\/226\n|-unboost|p2a: Hitmonchan|atk|1\n|\n|-end|p1a: Dialga|Dynamax\n|-heal|p1a: Dialga|30\/270|[silent]\n|upkeep\n|turn|22\n|\n|t:|1618149725\n|move|p2a: Hitmonchan|Drain Punch|p1a: Dialga\n|-supereffective|p1a: Dialga\n|-damage|p1a: Dialga|0 fnt\n|-heal|p2a: Hitmonchan|82\/226|[from] drain|[of] p1a: Dialga\n|faint|p1a: Dialga\n|\n|upkeep\n|\n|t:|1618149727\n|switch|p1a: Dragonite|Dragonite, L76, F|235\/263\n|turn|23\n|inactive|gostop has 150 seconds left.\n|\n|t:|1618149766\n|switch|p2a: Alcremie|Alcremie, L86, F|252\/252\n|move|p1a: Dragonite|Dual Wingbeat|p2a: Alcremie\n|-damage|p2a: Alcremie|206\/252\n|-damage|p2a: Alcremie|157\/252\n|-hitcount|p2a: Alcremie|2\n|\n|-heal|p2a: Alcremie|172\/252|[from] item: Leftovers\n|upkeep\n|turn|24\n|inactive|gostop has 150 seconds left.\n|\n|t:|1618149792\n|switch|p1a: Lapras|Lapras, L86, F|363\/363\n|move|p2a: Alcremie|Dazzling Gleam|p1a: Lapras\n|-damage|p1a: Lapras|273\/363\n|\n|-heal|p2a: Alcremie|187\/252|[from] item: Leftovers\n|-heal|p1a: Lapras|295\/363|[from] item: Leftovers\n|upkeep\n|turn|25\n|inactive|gostop has 120 seconds left.\n|\n|t:|1618149835\n|switch|p2a: Thundurus|Thundurus-Therian, L80, M|258\/258\n|move|p1a: Lapras|Toxic|p2a: Thundurus|[miss]\n|-miss|p1a: Lapras|p2a: Thundurus\n|\n|-heal|p1a: Lapras|317\/363|[from] item: Leftovers\n|upkeep\n|turn|26\n|\n|t:|1618149847\n|move|p1a: Lapras|Protect|p1a: Lapras\n|-singleturn|p1a: Lapras|Protect\n|move|p2a: Thundurus|Thunderbolt|p1a: Lapras\n|-activate|p1a: Lapras|move: Protect\n|\n|-heal|p1a: Lapras|339\/363|[from] item: Leftovers\n|upkeep\n|turn|27\n|\n|t:|1618149852\n|move|p2a: Thundurus|Thunderbolt|p1a: Lapras\n|-supereffective|p1a: Lapras\n|-damage|p1a: Lapras|0 fnt\n|faint|p1a: Lapras\n|\n|upkeep\n|\n|t:|1618149856\n|switch|p1a: Frosmoth|Frosmoth, L82, F|249\/249\n|turn|28\n|l| niaosui\n|inactive|gostop has 120 seconds left.\n|\n|t:|1618149899\n|move|p2a: Thundurus|Thunderbolt|p1a: Frosmoth\n|-damage|p1a: Frosmoth|155\/249\n|move|p1a: Frosmoth|Quiver Dance|p1a: Frosmoth\n|-boost|p1a: Frosmoth|spa|1\n|-boost|p1a: Frosmoth|spd|1\n|-boost|p1a: Frosmoth|spe|1\n|\n|upkeep\n|turn|29\n|\n|t:|1618149906\n|switch|p2a: Solgaleo|Solgaleo, L74|325\/325\n|move|p1a: Frosmoth|Ice Beam|p2a: Solgaleo\n|-resisted|p2a: Solgaleo\n|-damage|p2a: Solgaleo|232\/325\n|\n|upkeep\n|turn|30\n|j| TheCui\u8106\u8106\n|\n|t:|1618149926\n|switch|p1a: Dragonite|Dragonite, L76, F|235\/263\n|move|p2a: Solgaleo|Sunsteel Strike|p1a: Dragonite\n|-damage|p1a: Dragonite|130\/263\n|\n|upkeep\n|turn|31\n|\n|t:|1618149946\n|-start|p2a: Solgaleo|Dynamax\n|-heal|p2a: Solgaleo|464\/650|[silent]\n|move|p2a: Solgaleo|Max Steelspike|p1a: Dragonite\n|-damage|p1a: Dragonite|0 fnt\n|-boost|p2a: Solgaleo|def|1\n|faint|p1a: Dragonite\n|\n|upkeep\n|c|\u2606ta1onfIame\u6e05\u6b22|gg\n|c|\u2606gostop|gg\n|-message|ta1onfIame\u6e05\u6b22 forfeited.\n|\n|win|gostop\n","inputlog":">version 22112daaf1082300e90e36913e64ccd28eebc393\n>version-origin 3918ebd609a2bd57e0326bf76fca79306b37a61f\n>start {\"formatid\":\"gen8randombattle\",\"seed\":[29933,48852,47026,16211]}\n>player p1 {\"name\":\"ta1onfIame\u6e05\u6b22\",\"avatar\":\"whitney\",\"rating\":0,\"seed\":[40425,37327,1305,54120]}\n>player p2 {\"name\":\"gostop\",\"avatar\":\"gostop.gif\",\"rating\":0,\"seed\":[11857,17168,5441,48523]}\n>p1 switch 2\n>p2 move drainpunch\n>p1 move recover\n>p2 switch 6\n>p1 move toxic\n>p2 move icebeam\n>p1 move earthquake\n>p2 move icebeam\n>p1 move earthquake\n>p2 move rest\n>p1 switch 4\n>p2 switch 5\n>p1 move calmmind\n>p2 move voltswitch\n>p2 switch 2\n>p1 switch 4\n>p2 move knockoff\n>p1 move toxic\n>p2 switch 5\n>p1 move recover\n>p2 switch 2\n>p1 switch 2\n>p2 move grassknot\n>p1 move dracometeor\n>p2 switch 6\n>p1 switch 2\n>p2 move drainpunch\n>p1 switch 6\n>p2 move drainpunch\n>p1 switch 6\n>p2 move icepunch\n>p1 move recover\n>p2 move drainpunch\n>p1 switch 4\n>p1 switch 2\n>p2 switch 5\n>p1 move fireblast\n>p2 switch 5\n>p1 move flashcannon dynamax\n>p2 move drainpunch\n>p1 move dracometeor dynamax\n>p2 move drainpunch\n>p1 move dracometeor dynamax\n>p2 move drainpunch\n>p1 move fireblast\n>p2 move drainpunch\n>p1 switch 6\n>p1 move dualwingbeat\n>p2 switch 4\n>p1 switch 5\n>p2 move dazzlinggleam\n>p1 move toxic\n>p2 switch 6\n>p1 move protect\n>p2 move thunderbolt\n>p1 move toxic\n>p2 move thunderbolt\n>p1 switch 3\n>p1 move quiverdance\n>p2 move thunderbolt\n>p1 move icebeam\n>p2 switch 5\n>p1 switch 5\n>p2 move sunsteelstrike\n>p1 move dragondance\n>p2 move sunsteelstrike dynamax\n>chat \u2606ta1onfIame\u6e05\u6b22|gg\n>chat \u2606gostop|gg\n>forcelose p1","uploadtime":1618149992,"views":31,"p1id":"ta1onfiame","p2id":"gostop","formatid":"gen8randombattle","rating":0,"private":0,"password":null}