{"id":"china-gen8petmode-798733","p1":"lonietzzz","p2":"PS China Bot","format":"gen8petmode","log":"|j|\u2606lonietzzz\n|j|\u2606PS China Bot\n|t:|1625419540\n|gametype|singles\n|player|p1|lonietzzz|pokemonbreederf|\n|player|p2|PS China Bot|120|\n|teamsize|p1|6\n|teamsize|p2|6\n|gen|8\n|tier|[Gen 8] Pet Mode \u5ba0\u7269\u6a21\u5f0f\n|rule|Dynamax Clause: You cannot dynamax\n|html|<div class=\"broadcast-green\"><strong>\u8bad\u7ec3\u5bb6PS China Bot\u5f00\u59cb\u6311\u6218\u575a\u6bc5\u9053\u9986!<\/strong><\/div>\n|rule|Evasion Moves Clause: Evasion moves are banned\n|rule|Sleep Clause Mod: Limit one foe put to sleep\n|\n|t:|1625419540\n|start\n|message|\u8fd9\u91cc\u662f\u52c7\u8005\u4fee\u884c\u7684\u7b2c\u4e00\u7ad9\uff0c\u4e0e\u4e4b\u524d\u76f8\u6bd4\uff0c\u8fd9\u91cc\u7684\u4fee\u884c\u6050\u6015\u4f1a\u66f4\u52a0\u7684\u4ee4\u4eba\u7edd\u671b\u3002\u7a7f\u4e0a\u8fd9\u4ef6\u78c1\u529b\u670d\uff0c\u5728\u8fd9\u91cc\uff0c\u575a\u5b9a\u7684\u610f\u5fd7\u5c06\u4f7f\u5c5e\u6027\u514b\u5236\u4e0d\u518d\u90a3\u4e48\u91cd\u8981\uff0c\u4e0d\u8fc7\u5982\u679c\u60f3\u8981\u5077\u61d2\u56de\u590d\u7684\u8bdd\uff0c\u53ef\u8981\u505a\u597d\u88ab\u573a\u5730\u7535\u51fb\u6253\u65ad\u7684\u51c6\u5907\u3002\n|switch|p1a: Araquanid|Araquanid, L30, F|83\/83\n|switch|p2a: Duraludon|Duraludon, L43, M|153\/153\n|-ability|p2a: Duraludon|Teravolt\n|turn|1\n|inactive|Battle timer is ON: inactive players will automatically lose when time's up. (requested by lonietzzz)\n|j| dhdbd\n|j|+wistwind\n|inactive|PS China Bot has 30 seconds left.\n|inactive|PS China Bot has 20 seconds left.\n|inactive|PS China Bot has 15 seconds left.\n|inactive|PS China Bot has 10 seconds left.\n|inactive|PS China Bot has 5 seconds left.\n|\n|t:|1625419604\n|-fieldstart|move: Steel Terrain\n|-message|The battlefield was covered in Steel!\n|move|p2a: Duraludon|Flash Cannon|p1a: Araquanid\n|-resisted|p1a: Araquanid\n|-damage|p1a: Araquanid|48\/83\n|move|p1a: Araquanid|Sticky Web|p2a: Duraludon\n|-sidestart|p2: PS China Bot|move: Sticky Web\n|\n|upkeep\n|turn|2\n|\n|t:|1625419608\n|move|p2a: Duraludon|Flash Cannon|p1a: Araquanid\n|-resisted|p1a: Araquanid\n|-damage|p1a: Araquanid|16\/83\n|-unboost|p1a: Araquanid|spd|1\n|move|p1a: Araquanid|Skitter Smack|p2a: Duraludon\n|-resisted|p2a: Duraludon\n|-damage|p2a: Duraludon|145\/153\n|-unboost|p2a: Duraludon|spa|1\n|\n|upkeep\n|turn|3\n|inactive|PS China Bot has 30 seconds left.\n|inactive|PS China Bot has 20 seconds left.\n|inactive|PS China Bot has 15 seconds left.\n|j|%Separation\n|inactive|PS China Bot has 10 seconds left.\n|inactive|PS China Bot has 5 seconds left.\n|\n|t:|1625419668\n|move|p2a: Duraludon|Flash Cannon|p1a: Araquanid\n|-resisted|p1a: Araquanid\n|-damage|p1a: Araquanid|0 fnt\n|faint|p1a: Araquanid\n|\n|upkeep\n|\n|t:|1625419671\n|switch|p1a: Dugtrio|Dugtrio, L40, M|89\/89\n|turn|4\n|inactive|PS China Bot has 30 seconds left.\n|inactive|PS China Bot has 20 seconds left.\n|inactive|PS China Bot has 15 seconds left.\n|inactive|PS China Bot has 10 seconds left.\n|inactive|PS China Bot has 5 seconds left.\n|\n|t:|1625419731\n|move|p2a: Duraludon|Flash Cannon|p1a: Dugtrio\n|-damage|p1a: Dugtrio|34\/89\n|move|p1a: Dugtrio|Memento|p2a: Duraludon\n|-unboost|p2a: Duraludon|atk|2\n|-unboost|p2a: Duraludon|spa|2\n|faint|p1a: Dugtrio\n|\n|upkeep\n|\n|t:|1625419737\n|switch|p1a: Cinderace|Cinderace, L40, M|126\/126\n|turn|5\n|\n|t:|1625419738\n|switch|p2a: Kartana|Kartana, L43|144\/144\n|-activate|p2a: Kartana|move: Sticky Web\n|-unboost|p2a: Kartana|spe|1\n|move|p1a: Cinderace|Bulk Up|p1a: Cinderace\n|-boost|p1a: Cinderace|atk|1\n|-boost|p1a: Cinderace|def|1\n|\n|-fieldend|move: Steel Terrain\n|-message|The battlefield is no longer covered in Steel.\n|upkeep\n|turn|6\n|l| dhdbd\n|c|\u2606lonietzzz|\u8fd9\u91cc\u8981\u6362\n|inactive|PS China Bot has 30 seconds left.\n|inactive|PS China Bot has 20 seconds left.\n|inactive|PS China Bot has 15 seconds left.\n|inactive|PS China Bot has 10 seconds left.\n|inactive|PS China Bot has 5 seconds left.\n|\n|t:|1625419798\n|-fieldstart|move: Steel Terrain\n|-message|The battlefield was covered in Steel!\n|move|p1a: Cinderace|Bulk Up|p1a: Cinderace\n|-boost|p1a: Cinderace|atk|1\n|-boost|p1a: Cinderace|def|1\n|move|p2a: Kartana|Leaf Blade|p1a: Cinderace\n|-resisted|p1a: Cinderace\n|-crit|p1a: Cinderace\n|-damage|p1a: Cinderace|35\/126\n|\n|upkeep\n|turn|7\n|\n|t:|1625419808\n|move|p1a: Cinderace|Pyro Ball|p2a: Kartana\n|-supereffective|p2a: Kartana\n|-damage|p2a: Kartana|0 fnt\n|faint|p2a: Kartana\n|\n|upkeep\n|\n|t:|1625419810\n|switch|p2a: Duraludon|Duraludon, L43, M|145\/153\n|-activate|p2a: Duraludon|move: Sticky Web\n|-unboost|p2a: Duraludon|spe|1\n|-ability|p2a: Duraludon|Teravolt\n|turn|8\n|\n|t:|1625419815\n|move|p1a: Cinderace|Pyro Ball|p2a: Duraludon\n|-damage|p2a: Duraludon|0 fnt\n|faint|p2a: Duraludon\n|\n|upkeep\n|j| Silveryed\n|inactive|PS China Bot has 30 seconds left.\n|inactive|PS China Bot has 20 seconds left.\n|inactive|PS China Bot has 15 seconds left.\n|inactive|PS China Bot has 10 seconds left.\n|inactive|PS China Bot has 5 seconds left.\n|\n|t:|1625419875\n|switch|p2a: Bisharp|Bisharp, L43, M|149\/149\n|-activate|p2a: Bisharp|move: Sticky Web\n|-unboost|p2a: Bisharp|spe|1\n|-ability|p2a: Bisharp|Defiant\n|-boost|p2a: Bisharp|atk|2\n|turn|9\n|\n|t:|1625419885\n|move|p1a: Cinderace|Bulk Up|p1a: Cinderace\n|-boost|p1a: Cinderace|atk|1\n|-boost|p1a: Cinderace|def|1\n|move|p2a: Bisharp|Iron Head|p1a: Cinderace\n|-resisted|p1a: Cinderace\n|-damage|p1a: Cinderace|0 fnt\n|faint|p1a: Cinderace\n|-damage|p2a: Bisharp|135\/149|[from] item: Life Orb\n|\n|upkeep\n|c|%Separation|\u8bfb\u4e0d\u610f\u6253\u8fd8\u884c\n|\n|t:|1625419903\n|switch|p1a: Blaziken|Blaziken, L40, M|126\/126\n|turn|10\n|c|\u2606lonietzzz|\u6ca1\u8bfb\u5bf9\u8fc7\n|c|\u2606lonietzzz|\u5e94\u8be5\u8bfb\u7684\u540e\u53f0\u6570\u636e\u5427\n|\n|t:|1625419919\n|move|p1a: Blaziken|High Jump Kick|p2a: Bisharp\n|-supereffective|p2a: Bisharp\n|-damage|p2a: Bisharp|0 fnt\n|faint|p2a: Bisharp\n|\n|-fieldend|move: Steel Terrain\n|-message|The battlefield is no longer covered in Steel.\n|upkeep\n|\n|t:|1625419922\n|switch|p2a: Melmetal|Melmetal, L43|209\/209\n|-activate|p2a: Melmetal|move: Sticky Web\n|-unboost|p2a: Melmetal|spe|1\n|turn|11\n|j|\u265aMaster Origami\u2655\n|\n|t:|1625419928\n|-fieldstart|move: Steel Terrain\n|-message|The battlefield was covered in Steel!\n|switch|p1a: Corviknight|Corviknight, L40, M|157\/157\n|-ability|p1a: Corviknight|Pressure\n|move|p2a: Melmetal|Sunsteel Strike|p1a: Corviknight\n|-resisted|p1a: Corviknight\n|-damage|p1a: Corviknight|109\/157\n|\n|-heal|p1a: Corviknight|118\/157|[from] item: Leftovers\n|upkeep\n|turn|12\n|c|%Separation|\u4e0d\u4f1a\u4e0d\u610f\u6253\u5427\n|c|\u2606lonietzzz|\uff1f\n|c|\u2606lonietzzz|\u4e0d\u4f1a\u5417\n|c|\u2606lonietzzz|\u90a3\u6211\u50bb\u4e86\n|c|%Separation|\u4e0d\u77e5\u9053\uff0c\u611f\u89c9\u4e0d\u4f1a\n|inactive|PS China Bot has 30 seconds left.\n|inactive|PS China Bot has 20 seconds left.\n|inactive|PS China Bot has 15 seconds left.\n|inactive|PS China Bot has 10 seconds left.\n|inactive|PS China Bot has 5 seconds left.\n|\n|t:|1625419988\n|move|p1a: Corviknight|Protect|p1a: Corviknight\n|-singleturn|p1a: Corviknight|Protect\n|move|p2a: Melmetal|Double Iron Bash|p1a: Corviknight\n|-activate|p1a: Corviknight|move: Protect\n|\n|-heal|p1a: Corviknight|127\/157|[from] item: Leftovers\n|upkeep\n|turn|13\n|\n|t:|1625419994\n|move|p1a: Corviknight|Iron Defense|p1a: Corviknight\n|-boost|p1a: Corviknight|def|2\n|move|p2a: Melmetal|Sunsteel Strike|p1a: Corviknight\n|-resisted|p1a: Corviknight\n|-damage|p1a: Corviknight|77\/157\n|\n|-heal|p1a: Corviknight|86\/157|[from] item: Leftovers\n|upkeep\n|turn|14\n|\n|t:|1625420001\n|switch|p2a: Celesteela|Celesteela, L43|176\/176\n|move|p1a: Corviknight|Protect||[still]\n|-fail|p1a: Corviknight\n|\n|-heal|p1a: Corviknight|95\/157|[from] item: Leftovers\n|upkeep\n|turn|15\n|\n|t:|1625420004\n|move|p1a: Corviknight|Protect|p1a: Corviknight\n|-singleturn|p1a: Corviknight|Protect\n|move|p2a: Celesteela|Flamethrower|p1a: Corviknight\n|-activate|p1a: Corviknight|move: Protect\n|\n|-heal|p1a: Corviknight|104\/157|[from] item: Leftovers\n|-fieldend|move: Steel Terrain\n|-message|The battlefield is no longer covered in Steel.\n|upkeep\n|turn|16\n|\n|t:|1625420007\n|-fieldstart|move: Steel Terrain\n|-message|The battlefield was covered in Steel!\n|move|p2a: Celesteela|Aeroblast|p1a: Corviknight\n|-resisted|p1a: Corviknight\n|-damage|p1a: Corviknight|60\/157\n|move|p1a: Corviknight|Body Press|p2a: Celesteela\n|-damage|p2a: Celesteela|137\/176\n|\n|-heal|p1a: Corviknight|69\/157|[from] item: Leftovers\n|upkeep\n|turn|17\n|\n|t:|1625420013\n|move|p1a: Corviknight|Protect|p1a: Corviknight\n|-singleturn|p1a: Corviknight|Protect\n|move|p2a: Celesteela|Aeroblast|p1a: Corviknight\n|-activate|p1a: Corviknight|move: Protect\n|\n|-heal|p1a: Corviknight|78\/157|[from] item: Leftovers\n|upkeep\n|turn|18\n|\n|t:|1625420017\n|move|p2a: Celesteela|Aeroblast|p1a: Corviknight\n|-resisted|p1a: Corviknight\n|-damage|p1a: Corviknight|34\/157\n|move|p1a: Corviknight|Body Press|p2a: Celesteela\n|-damage|p2a: Celesteela|99\/176\n|\n|-heal|p1a: Corviknight|43\/157|[from] item: Leftovers\n|upkeep\n|turn|19\n|\n|t:|1625420021\n|move|p1a: Corviknight|Protect|p1a: Corviknight\n|-singleturn|p1a: Corviknight|Protect\n|move|p2a: Celesteela|Flamethrower|p1a: Corviknight\n|-activate|p1a: Corviknight|move: Protect\n|\n|-heal|p1a: Corviknight|52\/157|[from] item: Leftovers\n|upkeep\n|turn|20\n|\n|t:|1625420042\n|move|p2a: Celesteela|Flamethrower|p1a: Corviknight\n|-supereffective|p1a: Corviknight\n|-damage|p1a: Corviknight|0 fnt\n|faint|p1a: Corviknight\n|\n|-fieldend|move: Steel Terrain\n|-message|The battlefield is no longer covered in Steel.\n|upkeep\n|\n|t:|1625420046\n|switch|p1a: Urshifu|Urshifu-Rapid-Strike, L40, M|142\/142\n|turn|21\n|\n|t:|1625420047\n|-fieldstart|move: Steel Terrain\n|-message|The battlefield was covered in Steel!\n|switch|p2a: Melmetal|Melmetal, L43|209\/209\n|-activate|p2a: Melmetal|move: Sticky Web\n|-unboost|p2a: Melmetal|spe|1\n|move|p1a: Urshifu|V-create|p2a: Melmetal\n|-supereffective|p2a: Melmetal\n|-damage|p2a: Melmetal|83\/209\n|-unboost|p1a: Urshifu|spe|1\n|-unboost|p1a: Urshifu|def|1\n|-unboost|p1a: Urshifu|spd|1\n|\n|upkeep\n|turn|22\n|\n|t:|1625420051\n|move|p1a: Urshifu|V-create|p2a: Melmetal\n|-supereffective|p2a: Melmetal\n|-damage|p2a: Melmetal|0 fnt\n|-unboost|p1a: Urshifu|spe|1\n|-unboost|p1a: Urshifu|def|1\n|-unboost|p1a: Urshifu|spd|1\n|faint|p2a: Melmetal\n|\n|upkeep\n|\n|t:|1625420053\n|switch|p2a: Celesteela|Celesteela, L43|99\/176\n|turn|23\n|\n|t:|1625420057\n|switch|p1a: Blaziken|Blaziken, L40, M|126\/126\n|move|p2a: Celesteela|Aeroblast|p1a: Blaziken\n|-supereffective|p1a: Blaziken\n|-damage|p1a: Blaziken|0 fnt\n|faint|p1a: Blaziken\n|\n|upkeep\n|\n|t:|1625420059\n|switch|p1a: Urshifu|Urshifu-Rapid-Strike, L40, M|142\/142\n|turn|24\n|j|&WwlWss\n|inactive|PS China Bot has 30 seconds left.\n|inactive|PS China Bot has 20 seconds left.\n|inactive|PS China Bot has 15 seconds left.\n|inactive|PS China Bot has 10 seconds left.\n|inactive|PS China Bot has 5 seconds left.\n|\n|t:|1625420119\n|move|p1a: Urshifu|V-create|p2a: Celesteela|[miss]\n|-miss|p1a: Urshifu|p2a: Celesteela\n|move|p2a: Celesteela|Heavy Slam|p1a: Urshifu\n|-resisted|p1a: Urshifu\n|-damage|p1a: Urshifu|102\/142\n|\n|upkeep\n|turn|25\n|\n|t:|1625420121\n|move|p1a: Urshifu|V-create|p2a: Celesteela\n|-supereffective|p2a: Celesteela\n|-damage|p2a: Celesteela|33\/176\n|-unboost|p1a: Urshifu|spe|1\n|-unboost|p1a: Urshifu|def|1\n|-unboost|p1a: Urshifu|spd|1\n|move|p2a: Celesteela|Aeroblast|p1a: Urshifu\n|-supereffective|p1a: Urshifu\n|-crit|p1a: Urshifu\n|-damage|p1a: Urshifu|0 fnt\n|faint|p1a: Urshifu\n|message|\u5c0f\u5b50\uff0c\u8fde\u8fd9\u7b2c\u4e00\u5173\u90fd\u8fc7\u4e0d\u53bb\uff0c\u8fd8\u60f3\u6210\u4e3a\u9876\u5c16\u7684\u8bad\u7ec3\u5e08\uff1f\n|\n|win|PS China Bot\n|l|\u2606PS China Bot\n|l|\u2606lonietzzz\n","uploadtime":1625420131,"views":18,"p1id":"lonietzzz","p2id":"pschinabot","formatid":"gen8petmode","rating":0,"private":0,"password":null}