{"id":"china-gen8randombattle-406200","p1":"ta1onfIame\u6e05\u6b22","p2":"gostop","format":"gen8randombattle","log":"|j|\u2606ta1onfIame\u6e05\u6b22\n|j|\u2606gostop\n|t:|1618147612\n|gametype|singles\n|player|p1|ta1onfIame\u6e05\u6b22|whitney|\n|player|p2|gostop|gostop.gif|\n|teamsize|p1|6\n|teamsize|p2|6\n|gen|8\n|tier|[Gen 8] Random Battle\n|rule|Species Clause: Limit one of each Pok\u00e9mon\n|rule|HP Percentage Mod: HP is shown in percentages\n|rule|Sleep Clause Mod: Limit one foe put to sleep\n|\n|t:|1618147612\n|start\n|switch|p1a: Lurantis|Lurantis, L86, M|261\/261\n|switch|p2a: Rayquaza|Rayquaza, L74|277\/277\n|-ability|p2a: Rayquaza|Air Lock\n|turn|1\n|j| chocolate milktea\n|j|\u265aThe Steel Shadow\n|c|\u265aThe Steel Shadow|\uff1f\n|\n|t:|1618147671\n|switch|p1a: Seismitoad|Seismitoad, L84, F|314\/314\n|move|p2a: Rayquaza|Dragon Ascent|p1a: Seismitoad\n|-damage|p1a: Seismitoad|163\/314\n|-unboost|p2a: Rayquaza|def|1\n|-unboost|p2a: Rayquaza|spd|1\n|\n|upkeep\n|turn|2\n|c|\u2606ta1onfIame\u6e05\u6b22|\u54c8\u54c8\n|c|\u265aThe Steel Shadow|\u4ec0\u4e48\u610f\u601d\u554a \u5229\u5a01\u5c14\n|\n|t:|1618147732\n|switch|p2a: Toxapex|Toxapex, L82, M|216\/216\n|move|p1a: Seismitoad|Stealth Rock|p2a: Toxapex\n|-sidestart|p2: gostop|move: Stealth Rock\n|\n|upkeep\n|turn|3\n|\n|t:|1618147743\n|switch|p1a: Jolteon|Jolteon, L82, M|241\/241\n|move|p2a: Toxapex|Toxic Spikes|p1a: Jolteon\n|-sidestart|p1: ta1onfIame\u6e05\u6b22|move: Toxic Spikes\n|\n|upkeep\n|turn|4\n|j| noobzhan233\n|j|\u265aChizuru Mizuhara\n|\n|t:|1618147775\n|switch|p1a: Celesteela|Celesteela, L78|279\/279\n|move|p2a: Toxapex|Baneful Bunker||[still]\n|-fail|p2a: Toxapex\n|\n|upkeep\n|turn|5\n|\n|t:|1618147813\n|move|p1a: Celesteela|Leech Seed|p2a: Toxapex\n|-start|p2a: Toxapex|move: Leech Seed\n|move|p2a: Toxapex|Scald|p1a: Celesteela\n|-damage|p1a: Celesteela|228\/279\n|-status|p1a: Celesteela|brn\n|\n|-heal|p1a: Celesteela|245\/279 brn|[from] item: Leftovers\n|-damage|p2a: Toxapex|189\/216|[from] Leech Seed|[of] p1a: Celesteela\n|-heal|p1a: Celesteela|272\/279 brn|[silent]\n|-damage|p1a: Celesteela|255\/279 brn|[from] brn\n|upkeep\n|turn|6\n|\n|t:|1618147829\n|switch|p2a: Rotom|Rotom-Frost, L84|221\/221\n|move|p1a: Celesteela|Air Slash|p2a: Rotom\n|-resisted|p2a: Rotom\n|-damage|p2a: Rotom|190\/221\n|\n|-heal|p1a: Celesteela|272\/279 brn|[from] item: Leftovers\n|-damage|p1a: Celesteela|255\/279 brn|[from] brn\n|upkeep\n|turn|7\n|\n|t:|1618147848\n|move|p1a: Celesteela|Protect|p1a: Celesteela\n|-singleturn|p1a: Celesteela|Protect\n|move|p2a: Rotom|Blizzard|p1a: Celesteela\n|-activate|p1a: Celesteela|move: Protect\n|\n|-heal|p1a: Celesteela|272\/279 brn|[from] item: Leftovers\n|-damage|p1a: Celesteela|255\/279 brn|[from] brn\n|upkeep\n|turn|8\n|j| Gkotta\n|c| Gkotta|\u4e00\u54b3\u55fd\n|\n|t:|1618147861\n|move|p2a: Rotom|Thunderbolt|p1a: Celesteela\n|-supereffective|p1a: Celesteela\n|-damage|p1a: Celesteela|73\/279 brn\n|move|p1a: Celesteela|Flash Cannon|p2a: Rotom\n|-damage|p2a: Rotom|124\/221\n|\n|-heal|p1a: Celesteela|90\/279 brn|[from] item: Leftovers\n|-damage|p1a: Celesteela|73\/279 brn|[from] brn\n|upkeep\n|turn|9\n|\n|t:|1618147871\n|switch|p1a: Jolteon|Jolteon, L82, M|241\/241\n|-status|p1a: Jolteon|psn\n|move|p2a: Rotom|Blizzard|p1a: Jolteon|[miss]\n|-miss|p2a: Rotom|p1a: Jolteon\n|\n|-damage|p1a: Jolteon|211\/241 psn|[from] psn\n|upkeep\n|turn|10\n|\n|t:|1618147896\n|move|p1a: Jolteon|Hyper Voice|p2a: Rotom\n|-damage|p2a: Rotom|41\/221\n|move|p2a: Rotom|Blizzard|p1a: Jolteon\n|-damage|p1a: Jolteon|84\/241 psn\n|\n|-damage|p1a: Jolteon|54\/241 psn|[from] psn\n|upkeep\n|turn|11\n|\n|t:|1618147905\n|switch|p2a: Trevenant|Trevenant, L86, M|286\/286\n|-damage|p2a: Trevenant|251\/286|[from] Stealth Rock\n|move|p1a: Jolteon|Hyper Voice|p2a: Trevenant\n|-immune|p2a: Trevenant\n|\n|-damage|p1a: Jolteon|24\/241 psn|[from] psn\n|upkeep\n|turn|12\n|\n|t:|1618147928\n|switch|p2a: Rotom|Rotom-Frost, L84|41\/221\n|move|p1a: Jolteon|Hyper Voice|p2a: Rotom\n|-damage|p2a: Rotom|0 fnt\n|faint|p2a: Rotom\n|\n|-damage|p1a: Jolteon|0 fnt|[from] psn\n|faint|p1a: Jolteon\n|upkeep\n|\n|t:|1618147952\n|switch|p1a: Indeedee|Indeedee, L82, M|233\/233\n|switch|p2a: Porygon-Z|Porygon-Z, L80|267\/267\n|-status|p1a: Indeedee|psn\n|-fieldstart|move: Psychic Terrain|[from] ability: Psychic Surge|[of] p1a: Indeedee\n|-damage|p2a: Porygon-Z|234\/267|[from] Stealth Rock\n|-ability|p2a: Porygon-Z|Download|boost\n|-boost|p2a: Porygon-Z|atk|1\n|turn|13\n|\n|t:|1618147963\n|move|p1a: Indeedee|Calm Mind|p1a: Indeedee\n|-boost|p1a: Indeedee|spa|1\n|-boost|p1a: Indeedee|spd|1\n|move|p2a: Porygon-Z|Dark Pulse|p1a: Indeedee\n|-supereffective|p1a: Indeedee\n|-damage|p1a: Indeedee|126\/233 psn\n|-damage|p2a: Porygon-Z|208\/267|[from] item: Life Orb\n|\n|-damage|p1a: Indeedee|97\/233 psn|[from] psn\n|upkeep\n|turn|14\n|\n|t:|1618147970\n|switch|p2a: Weavile|Weavile, L79, M|240\/240\n|move|p1a: Indeedee|Expanding Force|p2a: Weavile\n|-immune|p2a: Weavile\n|\n|-damage|p1a: Indeedee|68\/233 psn|[from] psn\n|upkeep\n|turn|15\n|c|\u2606ta1onfIame\u6e05\u6b22|...\n|c| Gkotta|...\n|j|\u265agzy\n|\n|t:|1618148016\n|switch|p1a: Celesteela|Celesteela, L78|73\/279 brn\n|move|p2a: Weavile|Knock Off|p1a: Celesteela\n|-damage|p1a: Celesteela|0 fnt\n|-enditem|p1a: Celesteela|Leftovers|[from] move: Knock Off|[of] p2a: Weavile\n|faint|p1a: Celesteela\n|\n|upkeep\n|\n|t:|1618148020\n|switch|p1a: Dialga|Dialga, L74|270\/270\n|-ability|p1a: Dialga|Pressure\n|turn|16\n|\n|t:|1618148082\n|switch|p2a: Toxapex|Toxapex, L82, M|216\/216\n|-damage|p2a: Toxapex|189\/216|[from] Stealth Rock\n|move|p1a: Dialga|Dragon Tail|p2a: Toxapex\n|-damage|p2a: Toxapex|149\/216\n|drag|p2a: Trevenant|Trevenant, L86, M|251\/286\n|-damage|p2a: Trevenant|216\/286|[from] Stealth Rock\n|\n|upkeep\n|turn|17\n|\n|t:|1618148098\n|move|p1a: Dialga|Toxic|p2a: Trevenant\n|-status|p2a: Trevenant|tox\n|move|p2a: Trevenant|Earthquake|p1a: Dialga\n|-supereffective|p1a: Dialga\n|-damage|p1a: Dialga|96\/270\n|-damage|p2a: Trevenant|188\/286 tox|[from] item: Life Orb\n|\n|-heal|p1a: Dialga|112\/270|[from] item: Leftovers\n|-damage|p2a: Trevenant|171\/286 tox|[from] psn\n|-fieldend|move: Psychic Terrain\n|upkeep\n|turn|18\n|l|\u265agzy\n|\n|t:|1618148120\n|switch|p1a: Lurantis|Lurantis, L86, M|261\/261\n|-status|p1a: Lurantis|psn\n|move|p2a: Trevenant|Earthquake|p1a: Lurantis\n|-resisted|p1a: Lurantis\n|-damage|p1a: Lurantis|208\/261 psn\n|-damage|p2a: Trevenant|143\/286 tox|[from] item: Life Orb\n|\n|-damage|p1a: Lurantis|176\/261 psn|[from] psn\n|-damage|p2a: Trevenant|109\/286 tox|[from] psn\n|upkeep\n|turn|19\n|inactive|Battle timer is ON: inactive players will automatically lose when time's up. (requested by ta1onfIame\u6e05\u6b22)\n|inactive|gostop has 270 seconds left.\n|\n|t:|1618148163\n|switch|p2a: Weavile|Weavile, L79, M|240\/240\n|move|p1a: Lurantis|Knock Off|p2a: Weavile\n|-resisted|p2a: Weavile\n|-damage|p2a: Weavile|178\/240\n|-enditem|p2a: Weavile|Heavy-Duty Boots|[from] move: Knock Off|[of] p1a: Lurantis\n|-enditem|p1a: Lurantis|Life Orb|[silent]|[from] ability: Pickpocket|[of] p1a: Lurantis\n|-item|p2a: Weavile|Life Orb|[from] ability: Pickpocket|[of] p1a: Lurantis\n|\n|-damage|p1a: Lurantis|144\/261 psn|[from] psn\n|upkeep\n|turn|20\n|j| wertyyyy\n|\n|t:|1618148185\n|move|p2a: Weavile|Icicle Crash|p1a: Lurantis\n|-supereffective|p1a: Lurantis\n|-damage|p1a: Lurantis|0 fnt\n|-damage|p2a: Weavile|154\/240|[from] item: Life Orb\n|faint|p1a: Lurantis\n|\n|upkeep\n|\n|t:|1618148189\n|switch|p1a: Dialga|Dialga, L74|112\/270\n|-ability|p1a: Dialga|Pressure\n|turn|21\n|\n|t:|1618148209\n|move|p2a: Weavile|Knock Off|p1a: Dialga\n|-damage|p1a: Dialga|0 fnt\n|-enditem|p1a: Dialga|Leftovers|[from] move: Knock Off|[of] p2a: Weavile\n|-damage|p2a: Weavile|130\/240|[from] item: Life Orb\n|faint|p1a: Dialga\n|\n|upkeep\n|\n|t:|1618148218\n|switch|p1a: Seismitoad|Seismitoad, L84, F|163\/314\n|-status|p1a: Seismitoad|psn\n|turn|22\n|\n|t:|1618148222\n|move|p2a: Weavile|Knock Off|p1a: Seismitoad\n|-damage|p1a: Seismitoad|3\/314 psn\n|-enditem|p1a: Seismitoad|Life Orb|[from] move: Knock Off|[of] p2a: Weavile\n|-damage|p2a: Weavile|106\/240|[from] item: Life Orb\n|move|p1a: Seismitoad|Liquidation|p2a: Weavile\n|-damage|p2a: Weavile|0 fnt\n|faint|p2a: Weavile\n|\n|-damage|p1a: Seismitoad|0 fnt|[from] psn\n|faint|p1a: Seismitoad\n|upkeep\n|l| wertyyyy\n|\n|t:|1618148243\n|switch|p2a: Porygon-Z|Porygon-Z, L80|208\/267\n|switch|p1a: Indeedee|Indeedee, L82, M|68\/233 psn\n|-fieldstart|move: Psychic Terrain|[from] ability: Psychic Surge|[of] p1a: Indeedee\n|-damage|p2a: Porygon-Z|175\/267|[from] Stealth Rock\n|-ability|p2a: Porygon-Z|Download|boost\n|-boost|p2a: Porygon-Z|atk|1\n|turn|23\n|\n|t:|1618148249\n|-start|p2a: Porygon-Z|Dynamax\n|-heal|p2a: Porygon-Z|350\/534|[silent]\n|move|p1a: Indeedee|Expanding Force|p2a: Porygon-Z\n|-damage|p2a: Porygon-Z|107\/534\n|-damage|p1a: Indeedee|45\/233 psn|[from] item: Life Orb\n|move|p2a: Porygon-Z|Max Darkness|p1a: Indeedee\n|-supereffective|p1a: Indeedee\n|-damage|p1a: Indeedee|0 fnt\n|-damage|p2a: Porygon-Z|81\/534|[from] item: Life Orb\n|faint|p1a: Indeedee\n|\n|win|gostop\n|c|\u2606ta1onfIame\u6e05\u6b22|gg\n|l| Gkotta\n|c|\u2606gostop|gg\n","inputlog":">version 22112daaf1082300e90e36913e64ccd28eebc393\n>version-origin 3918ebd609a2bd57e0326bf76fca79306b37a61f\n>start {\"formatid\":\"gen8randombattle\",\"seed\":[37679,56484,18902,44878]}\n>player p1 {\"name\":\"ta1onfIame\u6e05\u6b22\",\"avatar\":\"whitney\",\"rating\":0,\"seed\":[34598,15925,61801,10621]}\n>player p2 {\"name\":\"gostop\",\"avatar\":\"gostop.gif\",\"rating\":0,\"seed\":[20691,8679,21579,27733]}\n>chat \u265aThe Steel Shadow|\uff1f\n>p1 switch 2\n>p2 move dragonascent\n>chat \u2606ta1onfIame\u6e05\u6b22|\u54c8\u54c8\n>chat \u265aThe Steel Shadow|\u4ec0\u4e48\u610f\u601d\u554a \u5229\u5a01\u5c14\n>p1 move stealthrock\n>p2 switch 6\n>p1 switch 5\n>p2 move toxicspikes\n>p1 switch 4\n>p2 move banefulbunker\n>p1 move leechseed\n>p2 move scald\n>p1 move airslash\n>p2 switch 3\n>p1 move protect\n>p2 move blizzard\n>chat  Gkotta|\u4e00\u54b3\u55fd\n>p1 move flashcannon\n>p2 move thunderbolt\n>p1 switch 4\n>p2 move blizzard\n>p1 move hypervoice\n>p2 move blizzard\n>p1 move hypervoice\n>p2 switch 2\n>p1 move hypervoice\n>p2 switch 2\n>p1 switch 3\n>p2 switch 4\n>p1 move calmmind\n>p2 move darkpulse\n>p1 move expandingforce\n>p2 switch 5\n>chat \u2606ta1onfIame\u6e05\u6b22|...\n>chat  Gkotta|...\n>p1 switch 4\n>p2 move knockoff\n>p1 switch 6\n>p1 move dragontail\n>p2 switch 3\n>p1 move toxic\n>p2 move earthquake\n>p1 switch 2\n>p2 move earthquake\n>p1 move knockoff\n>p2 switch 3\n>p1 move superpower\n>p2 move iciclecrash\n>p1 switch 2\n>p1 move flashcannon\n>p2 move knockoff\n>p1 switch 5\n>p1 move liquidation\n>p2 move knockoff\n>p1 switch 4\n>p2 switch 5\n>p1 move expandingforce\n>p2 move darkpulse dynamax","uploadtime":1618148287,"views":44,"p1id":"ta1onfiame","p2id":"gostop","formatid":"gen8randombattle","rating":0,"private":0,"password":null}