{"id":"china-gen3ou-5126221","p1":"February flower","p2":"gostop","format":"gen3ou","log":"|html|<b>\u5c06\u5bf9\u6218\u94fe\u63a5\u516c\u5f00\u5230:<\/b> <button class=\"button\" name=\"send\" value=\"\/reportto skypillar\">Sky Pillar<\/button><button class=\"button\" name=\"send\" value=\"\/reportto shinx\">Shinx<\/button>\n|j|\u2606February flower\n|j|\u2606gostop\n|t:|1658062388\n|gametype|singles\n|player|p1|February flower|cplp2022platform9.png|\n|player|p2|gostop|cplp2022angelotto.png|\n|teamsize|p1|6\n|teamsize|p2|6\n|gen|3\n|tier|[Gen 3] OU\n|rule|Sleep Clause Mod: Limit one foe put to sleep\n|rule|Switch Priority Clause Mod: Faster Pok\u00e9mon switch first\n|rule|Species Clause: Limit one of each Pok\u00e9mon\n|rule|OHKO Clause: OHKO moves are banned\n|rule|Evasion Moves Clause: Evasion moves are banned\n|rule|Endless Battle Clause: Forcing endless battles is banned\n|rule|HP Percentage Mod: HP is shown in percentages\n|rule|One Boost Passer Clause: Limit one Baton Passer that has a way to boost its stats\n|rule|Freeze Clause Mod: Limit one foe frozen\n|\n|t:|1658062388\n|start\n|switch|p1a: Milotic|Milotic, F|100\/100\n|switch|p2a: Skarmory|Skarmory, M|100\/100\n|turn|1\n|c|\u2606February flower|gl  hf\n|j| Ivehadenoughshit\n|j| rachel19738\n|j|&starmind\n|j|+hybone\n|j|\u265alzaaaaa\n|j|\u265aAllen-xia\n|j| name-calling yjh\n|j|%yoppie\n|j| Pichiu\n|inactive|Battle timer is ON: inactive players will automatically lose when time's up. (requested by February flower)\n|j| yiyiyi2\n|j| igiegie\n|j| halili\n|j| gyptv\n|\n|t:|1658062450\n|move|p1a: Milotic|Surf|p2a: Skarmory\n|-crit|p2a: Skarmory\n|-damage|p2a: Skarmory|35\/100\n|move|p2a: Skarmory|Spikes|p1a: Milotic\n|-sidestart|p1: February flower|Spikes\n|\n|-heal|p2a: Skarmory|41\/100|[from] item: Leftovers\n|upkeep\n|turn|2\n|\n|t:|1658062461\n|move|p2a: Skarmory|Protect|p2a: Skarmory\n|-singleturn|p2a: Skarmory|Protect\n|move|p1a: Milotic|Surf|p2a: Skarmory\n|-activate|p2a: Skarmory|Protect\n|\n|-heal|p2a: Skarmory|47\/100|[from] item: Leftovers\n|upkeep\n|turn|3\n|j| cbz123\n|\n|t:|1658062473\n|switch|p2a: Blissey|Blissey, F|100\/100\n|move|p1a: Milotic|Surf|p2a: Blissey\n|-damage|p2a: Blissey|89\/100\n|\n|-heal|p2a: Blissey|95\/100|[from] item: Leftovers\n|upkeep\n|turn|4\n|j|\u265aMusashi 109\n|j| Arnold Corner\n|\n|t:|1658062502\n|move|p1a: Milotic|Toxic|p2a: Blissey\n|-status|p2a: Blissey|tox\n|move|p2a: Blissey|Toxic|p1a: Milotic\n|-status|p1a: Milotic|tox\n|\n|-damage|p1a: Milotic|94\/100 tox|[from] psn\n|-heal|p2a: Blissey|100\/100 tox|[from] item: Leftovers\n|-damage|p2a: Blissey|94\/100 tox|[from] psn\n|upkeep\n|turn|5\n|inactive|gostop has 270 seconds left.\n|j|\u265acscl\n|\n|t:|1658062527\n|-curestatus|p2a: Blissey|tox|[from] ability: Natural Cure\n|switch|p2a: Starmie|Starmie|100\/100\n|move|p1a: Milotic|Refresh|p1a: Milotic\n|-curestatus|p1a: Milotic|tox|[msg]\n|\n|-heal|p1a: Milotic|100\/100|[from] item: Leftovers\n|upkeep\n|turn|6\n|inactive|gostop has 270 seconds left.\n|\n|t:|1658062537\n|switch|p2a: Blissey|Blissey, F|94\/100\n|switch|p1a: Blissey|Blissey, F|100\/100\n|-damage|p1a: Blissey|88\/100|[from] Spikes\n|\n|-heal|p2a: Blissey|100\/100|[from] item: Leftovers\n|-heal|p1a: Blissey|94\/100|[from] item: Leftovers\n|upkeep\n|turn|7\n|inactive|gostop has 270 seconds left.\n|j| yhvgc\n|j| Indulge in dreams\n|l| yhvgc\n|j| wdzkz\n|\n|t:|1658062572\n|move|p2a: Blissey|Toxic|p1a: Blissey\n|-status|p1a: Blissey|tox\n|move|p1a: Blissey|Ice Beam|p2a: Blissey\n|-damage|p2a: Blissey|91\/100\n|\n|-heal|p2a: Blissey|98\/100|[from] item: Leftovers\n|-heal|p1a: Blissey|99\/100 tox|[from] item: Leftovers\n|-damage|p1a: Blissey|94\/100 tox|[from] psn\n|upkeep\n|turn|8\n|j| AjiroShinpei\n|inactive|February flower has 270 seconds left.\n|\n|t:|1658062588\n|switch|p2a: Starmie|Starmie|100\/100\n|-curestatus|p1a: Blissey|tox|[from] ability: Natural Cure\n|switch|p1a: Milotic|Milotic, F|100\/100\n|-damage|p1a: Milotic|88\/100|[from] Spikes\n|\n|-heal|p1a: Milotic|94\/100|[from] item: Leftovers\n|upkeep\n|turn|9\n|j| ceobee\n|inactive|February flower has 270 seconds left.\n|\n|t:|1658062599\n|switch|p2a: Blissey|Blissey, F|98\/100\n|switch|p1a: Blissey|Blissey, F|94\/100\n|-damage|p1a: Blissey|82\/100|[from] Spikes\n|\n|-heal|p2a: Blissey|100\/100|[from] item: Leftovers\n|-heal|p1a: Blissey|88\/100|[from] item: Leftovers\n|upkeep\n|turn|10\n|inactive|February flower has 270 seconds left.\n|l| wdzkz\n|\n|t:|1658062618\n|switch|p2a: Starmie|Starmie|100\/100\n|switch|p1a: Skarmory|Skarmory, M|100\/100\n|\n|upkeep\n|turn|11\n|\n|t:|1658062624\n|switch|p1a: Zapdos|Zapdos|100\/100\n|move|p2a: Starmie|Surf|p1a: Zapdos\n|-damage|p1a: Zapdos|77\/100\n|\n|-heal|p1a: Zapdos|83\/100|[from] item: Leftovers\n|upkeep\n|turn|12\n|\n|t:|1658062631\n|switch|p2a: Blissey|Blissey, F|100\/100\n|switch|p1a: Skarmory|Skarmory, M|100\/100\n|\n|upkeep\n|turn|13\n|inactive|gostop has 240 seconds left.\n|j| trifall citi\n|inactive|gostop has 210 seconds left.\n|j|%kitoothe\n|j| gangbanrichuan\n|inactive|gostop has 180 seconds left.\n|\n|t:|1658062735\n|switch|p2a: Starmie|Starmie|100\/100\n|move|p1a: Skarmory|Spikes|p2a: Starmie\n|-sidestart|p2: gostop|Spikes\n|\n|upkeep\n|turn|14\n|j| gala cross\n|\n|t:|1658062744\n|move|p1a: Skarmory|Protect|p1a: Skarmory\n|-singleturn|p1a: Skarmory|Protect\n|move|p2a: Starmie|Rapid Spin|p1a: Skarmory\n|-activate|p1a: Skarmory|Protect\n|\n|upkeep\n|turn|15\n|inactive|gostop has 180 seconds left.\n|j|%dragonitenb\n|\n|t:|1658062756\n|switch|p1a: Zapdos|Zapdos|83\/100\n|move|p2a: Starmie|Rapid Spin|p1a: Zapdos\n|-crit|p1a: Zapdos\n|-damage|p1a: Zapdos|77\/100\n|-sideend|p2: gostop|Spikes|[from] move: Rapid Spin|[of] p2a: Starmie\n|\n|-heal|p1a: Zapdos|83\/100|[from] item: Leftovers\n|upkeep\n|turn|16\n|inactive|gostop has 180 seconds left.\n|l| Indulge in dreams\n|\n|t:|1658062763\n|switch|p2a: Blissey|Blissey, F|100\/100\n|move|p1a: Zapdos|Thunderbolt|p2a: Blissey\n|-damage|p2a: Blissey|85\/100\n|\n|-heal|p1a: Zapdos|89\/100|[from] item: Leftovers\n|-heal|p2a: Blissey|91\/100|[from] item: Leftovers\n|upkeep\n|turn|17\n|inactive|gostop has 180 seconds left.\n|\n|t:|1658062776\n|switch|p1a: Blissey|Blissey, F|88\/100\n|-damage|p1a: Blissey|75\/100|[from] Spikes\n|move|p2a: Blissey|Seismic Toss|p1a: Blissey\n|-damage|p1a: Blissey|60\/100\n|\n|-heal|p2a: Blissey|97\/100|[from] item: Leftovers\n|-heal|p1a: Blissey|66\/100|[from] item: Leftovers\n|upkeep\n|turn|18\n|l|\u265aMusashi 109\n|j| Indulge in dreams\n|inactive|gostop has 180 seconds left.\n|\n|t:|1658062788\n|switch|p2a: Starmie|Starmie|100\/100\n|move|p1a: Blissey|Soft-Boiled|p1a: Blissey\n|-heal|p1a: Blissey|100\/100\n|\n|upkeep\n|turn|19\n|j|\u265aMusashi 109\n|l| Indulge in dreams\n|l|\u265acscl\n|\n|t:|1658062796\n|switch|p2a: Blissey|Blissey, F|97\/100\n|move|p1a: Blissey|Calm Mind|p1a: Blissey\n|-boost|p1a: Blissey|spa|1\n|-boost|p1a: Blissey|spd|1\n|\n|-heal|p2a: Blissey|100\/100|[from] item: Leftovers\n|upkeep\n|turn|20\n|l|%kitoothe\n|l|rachel19738\n|inactive|gostop has 180 seconds left.\n|\n|t:|1658062815\n|switch|p1a: Skarmory|Skarmory, M|100\/100\n|move|p2a: Blissey|Toxic|p1a: Skarmory\n|-immune|p1a: Skarmory\n|\n|upkeep\n|turn|21\n|n| ZUIYAN|igiegie\n|j| leotung\u5c0f\u8463\n|\n|t:|1658062822\n|switch|p2a: Starmie|Starmie|100\/100\n|move|p1a: Skarmory|Spikes|p2a: Starmie\n|-sidestart|p2: gostop|Spikes\n|\n|upkeep\n|turn|22\n|\n|t:|1658062827\n|move|p1a: Skarmory|Protect|p1a: Skarmory\n|-singleturn|p1a: Skarmory|Protect\n|move|p2a: Starmie|Rapid Spin|p1a: Skarmory\n|-activate|p1a: Skarmory|Protect\n|\n|upkeep\n|turn|23\n|j|%kitoothe\n|\n|t:|1658062834\n|switch|p1a: Zapdos|Zapdos|89\/100\n|move|p2a: Starmie|Rapid Spin|p1a: Zapdos\n|-damage|p1a: Zapdos|86\/100\n|-sideend|p2: gostop|Spikes|[from] move: Rapid Spin|[of] p2a: Starmie\n|\n|-heal|p1a: Zapdos|92\/100|[from] item: Leftovers\n|upkeep\n|turn|24\n|j|\u265aMetallica126\n|\n|t:|1658062848\n|switch|p2a: Blissey|Blissey, F|100\/100\n|move|p1a: Zapdos|Thunderbolt|p2a: Blissey\n|-damage|p2a: Blissey|87\/100\n|\n|-heal|p1a: Zapdos|98\/100|[from] item: Leftovers\n|-heal|p2a: Blissey|93\/100|[from] item: Leftovers\n|upkeep\n|turn|25\n|\n|t:|1658062856\n|switch|p1a: Claydol|Claydol|100\/100\n|move|p2a: Blissey|Seismic Toss|p1a: Claydol\n|-damage|p1a: Claydol|70\/100\n|\n|-heal|p1a: Claydol|76\/100|[from] item: Leftovers\n|-heal|p2a: Blissey|99\/100|[from] item: Leftovers\n|upkeep\n|turn|26\n|inactive|gostop has 210 seconds left.\n|\n|t:|1658062866\n|switch|p2a: Skarmory|Skarmory, M|47\/100\n|move|p1a: Claydol|Rapid Spin|p2a: Skarmory\n|-resisted|p2a: Skarmory\n|-damage|p2a: Skarmory|46\/100\n|-sideend|p1: February flower|Spikes|[from] move: Rapid Spin|[of] p1a: Claydol\n|\n|-heal|p2a: Skarmory|52\/100|[from] item: Leftovers\n|-heal|p1a: Claydol|82\/100|[from] item: Leftovers\n|upkeep\n|turn|27\n|j| Alonge\n|\n|t:|1658062872\n|switch|p1a: Zapdos|Zapdos|98\/100\n|move|p2a: Skarmory|Spikes|p1a: Zapdos\n|-sidestart|p1: February flower|Spikes\n|\n|-heal|p1a: Zapdos|100\/100|[from] item: Leftovers\n|-heal|p2a: Skarmory|58\/100|[from] item: Leftovers\n|upkeep\n|turn|28\n|\n|t:|1658062881\n|switch|p2a: Blissey|Blissey, F|99\/100\n|move|p1a: Zapdos|Thunderbolt|p2a: Blissey\n|-damage|p2a: Blissey|85\/100\n|\n|-heal|p2a: Blissey|91\/100|[from] item: Leftovers\n|upkeep\n|turn|29\n|l| trifall citi\n|j| youke\n|j| wudikrunnis\n|n| hot_dogs777|zuiyan\n|l| gala cross\n|j| Indulge in dreams\n|l| Indulge in dreams\n|l| hot_dogs777\n|l|+hybone\n|inactive|gostop has 210 seconds left.\n|\n|t:|1658062912\n|switch|p1a: Skarmory|Skarmory, M|100\/100\n|move|p2a: Blissey|Seismic Toss|p1a: Skarmory\n|-damage|p1a: Skarmory|70\/100\n|\n|-heal|p1a: Skarmory|76\/100|[from] item: Leftovers\n|-heal|p2a: Blissey|97\/100|[from] item: Leftovers\n|upkeep\n|turn|30\n|l|%dragonitenb\n|inactive|gostop has 210 seconds left.\n|j| Indulge in dreams\n|\n|t:|1658062926\n|switch|p2a: Starmie|Starmie|100\/100\n|move|p1a: Skarmory|Spikes|p2a: Starmie\n|-sidestart|p2: gostop|Spikes\n|\n|-heal|p1a: Skarmory|82\/100|[from] item: Leftovers\n|upkeep\n|turn|31\n|l| halili\n|l| gangbanrichuan\n|\n|t:|1658062929\n|move|p1a: Skarmory|Protect|p1a: Skarmory\n|-singleturn|p1a: Skarmory|Protect\n|move|p2a: Starmie|Surf|p1a: Skarmory\n|-activate|p1a: Skarmory|Protect\n|\n|-heal|p1a: Skarmory|88\/100|[from] item: Leftovers\n|upkeep\n|turn|32\n|j| past wind\u266b\n|\n|t:|1658062936\n|switch|p1a: Zapdos|Zapdos|100\/100\n|move|p2a: Starmie|Rapid Spin|p1a: Zapdos\n|-damage|p1a: Zapdos|97\/100\n|-sideend|p2: gostop|Spikes|[from] move: Rapid Spin|[of] p2a: Starmie\n|\n|-heal|p1a: Zapdos|100\/100|[from] item: Leftovers\n|upkeep\n|turn|33\n|j| gangbanrichuan\n|\n|t:|1658062949\n|switch|p2a: Blissey|Blissey, F|97\/100\n|switch|p1a: Skarmory|Skarmory, M|88\/100\n|\n|-heal|p1a: Skarmory|94\/100|[from] item: Leftovers\n|-heal|p2a: Blissey|100\/100|[from] item: Leftovers\n|upkeep\n|turn|34\n|\n|t:|1658062960\n|move|p1a: Skarmory|Spikes|p2a: Blissey\n|-sidestart|p2: gostop|Spikes\n|move|p2a: Blissey|Thunder Wave|p1a: Skarmory\n|-status|p1a: Skarmory|par\n|\n|-heal|p1a: Skarmory|100\/100 par|[from] item: Leftovers\n|upkeep\n|turn|35\n|l| Indulge in dreams\n|\n|t:|1658062972\n|switch|p2a: Skarmory|Skarmory, M|58\/100\n|switch|p1a: Zapdos|Zapdos|100\/100\n|\n|-heal|p2a: Skarmory|64\/100|[from] item: Leftovers\n|upkeep\n|turn|36\n|\n|t:|1658062984\n|switch|p2a: Blissey|Blissey, F|100\/100\n|-damage|p2a: Blissey|88\/100|[from] Spikes\n|move|p1a: Zapdos|Thunderbolt|p2a: Blissey\n|-damage|p2a: Blissey|75\/100\n|\n|-heal|p2a: Blissey|81\/100|[from] item: Leftovers\n|upkeep\n|turn|37\n|j| gala cross\n|j| halili\n|\n|t:|1658062999\n|move|p1a: Zapdos|Thunderbolt|p2a: Blissey\n|-damage|p2a: Blissey|65\/100\n|move|p2a: Blissey|Seismic Toss|p1a: Zapdos\n|-damage|p1a: Zapdos|74\/100\n|\n|-heal|p1a: Zapdos|80\/100|[from] item: Leftovers\n|-heal|p2a: Blissey|71\/100|[from] item: Leftovers\n|upkeep\n|turn|38\n|\n|t:|1658063013\n|switch|p1a: Skarmory|Skarmory, M|100\/100 par\n|move|p2a: Blissey|Soft-Boiled|p2a: Blissey\n|-heal|p2a: Blissey|100\/100\n|\n|upkeep\n|turn|39\n|l| halili\n|inactive|gostop has 210 seconds left.\n|\n|t:|1658063045\n|switch|p2a: Skarmory|Skarmory, M|64\/100\n|switch|p1a: Zapdos|Zapdos|80\/100\n|\n|-heal|p1a: Zapdos|86\/100|[from] item: Leftovers\n|-heal|p2a: Skarmory|70\/100|[from] item: Leftovers\n|upkeep\n|turn|40\n|inactive|gostop has 210 seconds left.\n|\n|t:|1658063061\n|move|p2a: Skarmory|Protect|p2a: Skarmory\n|-singleturn|p2a: Skarmory|Protect\n|move|p1a: Zapdos|Thunderbolt|p2a: Skarmory\n|-activate|p2a: Skarmory|Protect\n|\n|-heal|p1a: Zapdos|92\/100|[from] item: Leftovers\n|-heal|p2a: Skarmory|76\/100|[from] item: Leftovers\n|upkeep\n|turn|41\n|\n|t:|1658063073\n|switch|p2a: Blissey|Blissey, F|100\/100\n|-damage|p2a: Blissey|88\/100|[from] Spikes\n|move|p1a: Zapdos|Roar|p2a: Blissey\n|drag|p2a: Tyranitar|Tyranitar, F|100\/100\n|-damage|p2a: Tyranitar|88\/100|[from] Spikes\n|-weather|Sandstorm|[from] ability: Sand Stream|[of] p2a: Tyranitar\n|\n|-weather|Sandstorm|[upkeep]\n|-damage|p1a: Zapdos|86\/100|[from] Sandstorm\n|-heal|p1a: Zapdos|92\/100|[from] item: Leftovers\n|-heal|p2a: Tyranitar|94\/100|[from] item: Leftovers\n|upkeep\n|turn|42\n|inactive|gostop has 210 seconds left.\n|j| Indulge in dreams\n|j|&zerodragon123\n|\n|t:|1658063101\n|switch|p1a: Milotic|Milotic, F|94\/100\n|-damage|p1a: Milotic|82\/100|[from] Spikes\n|move|p2a: Tyranitar|Rock Slide|p1a: Milotic\n|-damage|p1a: Milotic|55\/100\n|\n|-weather|Sandstorm|[upkeep]\n|-damage|p1a: Milotic|49\/100|[from] Sandstorm\n|-heal|p2a: Tyranitar|100\/100|[from] item: Leftovers\n|-heal|p1a: Milotic|55\/100|[from] item: Leftovers\n|upkeep\n|turn|43\n|l|&zerodragon123\n|j| dare2lovesearabbit\n|l| dare2lovesearabbit\n|\n|t:|1658063128\n|switch|p2a: Starmie|Starmie|100\/100\n|-damage|p2a: Starmie|88\/100|[from] Spikes\n|move|p1a: Milotic|Recover|p1a: Milotic\n|-heal|p1a: Milotic|100\/100\n|\n|-weather|Sandstorm|[upkeep]\n|-damage|p2a: Starmie|82\/100|[from] Sandstorm\n|-damage|p1a: Milotic|94\/100|[from] Sandstorm\n|-heal|p2a: Starmie|88\/100|[from] item: Leftovers\n|-heal|p1a: Milotic|100\/100|[from] item: Leftovers\n|upkeep\n|turn|44\n|\n|t:|1658063152\n|switch|p1a: Zapdos|Zapdos|92\/100\n|move|p2a: Starmie|Rapid Spin|p1a: Zapdos\n|-damage|p1a: Zapdos|89\/100\n|-sideend|p2: gostop|Spikes|[from] move: Rapid Spin|[of] p2a: Starmie\n|\n|-weather|Sandstorm|[upkeep]\n|-damage|p2a: Starmie|82\/100|[from] Sandstorm\n|-damage|p1a: Zapdos|83\/100|[from] Sandstorm\n|-heal|p2a: Starmie|88\/100|[from] item: Leftovers\n|-heal|p1a: Zapdos|89\/100|[from] item: Leftovers\n|upkeep\n|turn|45\n|j| SiriCelebi\n|j| Litang Tenzing\n|l| SiriCelebi\n|inactive|gostop has 180 seconds left.\n|\n|t:|1658063174\n|switch|p2a: Blissey|Blissey, F|88\/100\n|switch|p1a: Skarmory|Skarmory, M|100\/100 par\n|\n|-weather|Sandstorm|[upkeep]\n|-damage|p2a: Blissey|82\/100|[from] Sandstorm\n|-heal|p2a: Blissey|88\/100|[from] item: Leftovers\n|upkeep\n|turn|46\n|\n|t:|1658063181\n|switch|p2a: Skarmory|Skarmory, M|76\/100\n|move|p1a: Skarmory|Spikes|p2a: Skarmory\n|-sidestart|p2: gostop|Spikes\n|\n|-weather|Sandstorm|[upkeep]\n|-heal|p2a: Skarmory|82\/100|[from] item: Leftovers\n|upkeep\n|turn|47\n|l| Ivehadenoughshit\n|\n|t:|1658063186\n|move|p2a: Skarmory|Spikes|p1a: Skarmory\n|-sidestart|p1: February flower|Spikes\n|cant|p1a: Skarmory|par\n|\n|-weather|Sandstorm|[upkeep]\n|-heal|p2a: Skarmory|88\/100|[from] item: Leftovers\n|upkeep\n|turn|48\n|\n|t:|1658063194\n|move|p2a: Skarmory|Whirlwind|p1a: Skarmory\n|drag|p1a: Dugtrio|Dugtrio, M|100\/100\n|-damage|p1a: Dugtrio|84\/100|[from] Spikes\n|\n|-weather|Sandstorm|[upkeep]\n|-heal|p2a: Skarmory|94\/100|[from] item: Leftovers\n|upkeep\n|turn|49\n|\n|t:|1658063212\n|switch|p1a: Zapdos|Zapdos|89\/100\n|move|p2a: Skarmory|Whirlwind|p1a: Zapdos\n|drag|p1a: Claydol|Claydol|82\/100\n|\n|-weather|Sandstorm|[upkeep]\n|-heal|p2a: Skarmory|99\/100|[from] item: Leftovers\n|-heal|p1a: Claydol|88\/100|[from] item: Leftovers\n|upkeep\n|turn|50\n|j| dare2loveburstbean\n|inactive|gostop has 180 seconds left.\n|inactive|gostop has 150 seconds left.\n|\n|t:|1658063290\n|switch|p2a: Gengar|Gengar, M|100\/100\n|move|p1a: Claydol|Rapid Spin|p2a: Gengar\n|-immune|p2a: Gengar\n|\n|-weather|Sandstorm|[upkeep]\n|-damage|p2a: Gengar|94\/100|[from] Sandstorm\n|-heal|p2a: Gengar|100\/100|[from] item: Leftovers\n|-heal|p1a: Claydol|94\/100|[from] item: Leftovers\n|upkeep\n|turn|51\n|j| jianzhang106\u8230\u957f\n|inactive|gostop has 120 seconds left.\n|inactive|gostop has 90 seconds left.\n|j| xiaomiaomiao\n|j| Nobeta\n|\n|t:|1658063352\n|switch|p2a: Tyranitar|Tyranitar, F|100\/100\n|-damage|p2a: Tyranitar|88\/100|[from] Spikes\n|move|p1a: Claydol|Psychic|p2a: Tyranitar\n|-immune|p2a: Tyranitar\n|\n|-weather|Sandstorm|[upkeep]\n|-heal|p2a: Tyranitar|94\/100|[from] item: Leftovers\n|-heal|p1a: Claydol|100\/100|[from] item: Leftovers\n|upkeep\n|turn|52\n|\n|t:|1658063380\n|switch|p1a: Milotic|Milotic, F|100\/100\n|-damage|p1a: Milotic|84\/100|[from] Spikes\n|move|p2a: Tyranitar|Hidden Power|p1a: Milotic\n|-damage|p1a: Milotic|67\/100\n|\n|-weather|Sandstorm|[upkeep]\n|-damage|p1a: Milotic|61\/100|[from] Sandstorm\n|-heal|p2a: Tyranitar|100\/100|[from] item: Leftovers\n|-heal|p1a: Milotic|67\/100|[from] item: Leftovers\n|upkeep\n|turn|53\n|j| mentalsoft\n|j|%dragonitenb\n|inactive|gostop has 60 seconds left.\n|j| old_zhiming\n|\n|t:|1658063403\n|switch|p2a: Starmie|Starmie|88\/100\n|-damage|p2a: Starmie|76\/100|[from] Spikes\n|move|p1a: Milotic|Toxic|p2a: Starmie\n|-status|p2a: Starmie|tox\n|\n|-weather|Sandstorm|[upkeep]\n|-damage|p2a: Starmie|70\/100 tox|[from] Sandstorm\n|-damage|p1a: Milotic|61\/100|[from] Sandstorm\n|-heal|p2a: Starmie|76\/100 tox|[from] item: Leftovers\n|-damage|p2a: Starmie|70\/100 tox|[from] psn\n|-heal|p1a: Milotic|67\/100|[from] item: Leftovers\n|upkeep\n|turn|54\n|inactive|gostop has 60 seconds left.\n|\n|t:|1658063412\n|move|p2a: Starmie|Rapid Spin|p1a: Milotic\n|-damage|p1a: Milotic|64\/100\n|-sideend|p2: gostop|Spikes|[from] move: Rapid Spin|[of] p2a: Starmie\n|move|p1a: Milotic|Recover|p1a: Milotic\n|-heal|p1a: Milotic|100\/100\n|\n|-weather|Sandstorm|[upkeep]\n|-damage|p2a: Starmie|63\/100 tox|[from] Sandstorm\n|-damage|p1a: Milotic|94\/100|[from] Sandstorm\n|-heal|p2a: Starmie|70\/100 tox|[from] item: Leftovers\n|-damage|p2a: Starmie|57\/100 tox|[from] psn\n|-heal|p1a: Milotic|100\/100|[from] item: Leftovers\n|upkeep\n|turn|55\n|\n|t:|1658063422\n|switch|p1a: Skarmory|Skarmory, M|100\/100 par\n|move|p2a: Starmie|Recover|p2a: Starmie\n|-heal|p2a: Starmie|100\/100 tox\n|\n|-weather|Sandstorm|[upkeep]\n|-damage|p2a: Starmie|94\/100 tox|[from] Sandstorm\n|-heal|p2a: Starmie|100\/100 tox|[from] item: Leftovers\n|-damage|p2a: Starmie|82\/100 tox|[from] psn\n|upkeep\n|turn|56\n|\n|t:|1658063438\n|-curestatus|p2a: Starmie|tox|[from] ability: Natural Cure\n|switch|p2a: Skarmory|Skarmory, M|99\/100\n|cant|p1a: Skarmory|par\n|\n|-weather|Sandstorm|[upkeep]\n|-heal|p2a: Skarmory|100\/100|[from] item: Leftovers\n|upkeep\n|turn|57\n|\n|t:|1658063449\n|move|p2a: Skarmory|Spikes|p1a: Skarmory\n|-sidestart|p1: February flower|Spikes\n|move|p1a: Skarmory|Spikes|p2a: Skarmory\n|-sidestart|p2: gostop|Spikes\n|\n|-weather|Sandstorm|[upkeep]\n|upkeep\n|turn|58\n|\n|t:|1658063462\n|move|p1a: Skarmory|Spikes|p2a: Skarmory\n|-sidestart|p2: gostop|Spikes\n|move|p2a: Skarmory|Whirlwind|p1a: Skarmory\n|drag|p1a: Milotic|Milotic, F|100\/100\n|-damage|p1a: Milotic|76\/100|[from] Spikes\n|\n|-weather|Sandstorm|[upkeep]\n|-damage|p1a: Milotic|70\/100|[from] Sandstorm\n|-heal|p1a: Milotic|76\/100|[from] item: Leftovers\n|upkeep\n|turn|59\n|\n|t:|1658063474\n|move|p1a: Milotic|Recover|p1a: Milotic\n|-heal|p1a: Milotic|100\/100\n|move|p2a: Skarmory|Toxic|p1a: Milotic\n|-status|p1a: Milotic|tox\n|\n|-weather|Sandstorm|[upkeep]\n|-damage|p1a: Milotic|94\/100 tox|[from] Sandstorm\n|-heal|p1a: Milotic|100\/100 tox|[from] item: Leftovers\n|-damage|p1a: Milotic|94\/100 tox|[from] psn\n|upkeep\n|turn|60\n|\n|t:|1658063485\n|move|p1a: Milotic|Refresh|p1a: Milotic\n|-curestatus|p1a: Milotic|tox|[msg]\n|move|p2a: Skarmory|Whirlwind|p1a: Milotic\n|drag|p1a: Zapdos|Zapdos|89\/100\n|\n|-weather|Sandstorm|[upkeep]\n|-damage|p1a: Zapdos|83\/100|[from] Sandstorm\n|-heal|p1a: Zapdos|89\/100|[from] item: Leftovers\n|upkeep\n|turn|61\n|\n|t:|1658063494\n|switch|p2a: Blissey|Blissey, F|88\/100\n|-damage|p2a: Blissey|71\/100|[from] Spikes\n|move|p1a: Zapdos|Thunderbolt|p2a: Blissey\n|-damage|p2a: Blissey|56\/100\n|\n|-weather|Sandstorm|[upkeep]\n|-damage|p1a: Zapdos|83\/100|[from] Sandstorm\n|-damage|p2a: Blissey|50\/100|[from] Sandstorm\n|-heal|p1a: Zapdos|89\/100|[from] item: Leftovers\n|-heal|p2a: Blissey|56\/100|[from] item: Leftovers\n|upkeep\n|turn|62\n|\n|t:|1658063504\n|switch|p1a: Claydol|Claydol|100\/100\n|move|p2a: Blissey|Soft-Boiled|p2a: Blissey\n|-heal|p2a: Blissey|100\/100\n|\n|-weather|Sandstorm|[upkeep]\n|-damage|p2a: Blissey|94\/100|[from] Sandstorm\n|-heal|p2a: Blissey|100\/100|[from] item: Leftovers\n|upkeep\n|turn|63\n|j| M\u5f71\u82e5\u5b64\u9e3f\u6708\u4f3c\u94a9.\u27640023\n|j|\u265apyernhuy\n|inactive|gostop has 60 seconds left.\n|l| past wind\u266b\n|j| past wind\u266b\n|j|\u265acscl\n|inactive|gostop has 30 seconds left.\n|l|\u265aMusashi 109\n|inactive|gostop has 20 seconds left.\n|\n|t:|1658063577\n|switch|p2a: Gengar|Gengar, M|100\/100\n|move|p1a: Claydol|Rapid Spin|p2a: Gengar\n|-immune|p2a: Gengar\n|\n|-weather|Sandstorm|[upkeep]\n|-damage|p2a: Gengar|94\/100|[from] Sandstorm\n|-heal|p2a: Gengar|100\/100|[from] item: Leftovers\n|upkeep\n|turn|64\n|inactive|gostop has 30 seconds left this turn.\n|inactive|gostop has 20 seconds left.\n|\n|t:|1658063590\n|switch|p2a: Tyranitar|Tyranitar, F|100\/100\n|-damage|p2a: Tyranitar|84\/100|[from] Spikes\n|move|p1a: Claydol|Psychic|p2a: Tyranitar\n|-immune|p2a: Tyranitar\n|\n|-weather|Sandstorm|[upkeep]\n|-heal|p2a: Tyranitar|90\/100|[from] item: Leftovers\n|upkeep\n|turn|65\n|inactive|gostop has 30 seconds left this turn.\n|\n|t:|1658063599\n|move|p2a: Tyranitar|Dragon Dance|p2a: Tyranitar\n|-boost|p2a: Tyranitar|atk|1\n|-boost|p2a: Tyranitar|spe|1\n|move|p1a: Claydol|Rapid Spin|p2a: Tyranitar\n|-resisted|p2a: Tyranitar\n|-damage|p2a: Tyranitar|89\/100\n|-sideend|p1: February flower|Spikes|[from] move: Rapid Spin|[of] p1a: Claydol\n|\n|-weather|Sandstorm|[upkeep]\n|-heal|p2a: Tyranitar|95\/100|[from] item: Leftovers\n|upkeep\n|turn|66\n|inactive|gostop has 30 seconds left.\n|inactive|gostop has 20 seconds left.\n|\n|t:|1658063615\n|switch|p1a: Milotic|Milotic, F|94\/100\n|move|p2a: Tyranitar|Rock Slide|p1a: Milotic\n|-damage|p1a: Milotic|53\/100\n|\n|-weather|Sandstorm|[upkeep]\n|-damage|p1a: Milotic|47\/100|[from] Sandstorm\n|-heal|p2a: Tyranitar|100\/100|[from] item: Leftovers\n|-heal|p1a: Milotic|53\/100|[from] item: Leftovers\n|upkeep\n|turn|67\n|inactive|gostop has 30 seconds left this turn.\n|l| name-calling yjh\n|inactive|gostop has 20 seconds left.\n|\n|t:|1658063627\n|move|p2a: Tyranitar|Rock Slide|p1a: Milotic\n|-damage|p1a: Milotic|14\/100\n|move|p1a: Milotic|Recover|p1a: Milotic\n|-heal|p1a: Milotic|64\/100\n|\n|-weather|Sandstorm|[upkeep]\n|-damage|p1a: Milotic|58\/100|[from] Sandstorm\n|-heal|p1a: Milotic|64\/100|[from] item: Leftovers\n|upkeep\n|turn|68\n|inactive|gostop has 30 seconds left this turn.\n|\n|t:|1658063635\n|move|p2a: Tyranitar|Rock Slide|p1a: Milotic\n|-damage|p1a: Milotic|21\/100\n|move|p1a: Milotic|Recover|p1a: Milotic\n|-heal|p1a: Milotic|71\/100\n|\n|-weather|Sandstorm|[upkeep]\n|-damage|p1a: Milotic|65\/100|[from] Sandstorm\n|-heal|p1a: Milotic|71\/100|[from] item: Leftovers\n|upkeep\n|turn|69\n|\n|t:|1658063641\n|move|p2a: Tyranitar|Rock Slide|p1a: Milotic\n|-damage|p1a: Milotic|29\/100\n|cant|p1a: Milotic|flinch\n|\n|-weather|Sandstorm|[upkeep]\n|-damage|p1a: Milotic|23\/100|[from] Sandstorm\n|-heal|p1a: Milotic|29\/100|[from] item: Leftovers\n|upkeep\n|turn|70\n|inactive|gostop has 30 seconds left.\n|\n|t:|1658063657\n|switch|p1a: Skarmory|Skarmory, M|100\/100 par\n|move|p2a: Tyranitar|Rock Slide|p1a: Skarmory\n|-damage|p1a: Skarmory|55\/100 par\n|\n|-weather|Sandstorm|[upkeep]\n|-heal|p1a: Skarmory|61\/100 par|[from] item: Leftovers\n|upkeep\n|turn|71\n|\n|t:|1658063665\n|move|p2a: Tyranitar|Rock Slide|p1a: Skarmory\n|-damage|p1a: Skarmory|13\/100 par\n|move|p1a: Skarmory|Roar|p2a: Tyranitar\n|drag|p2a: Skarmory|Skarmory, M|100\/100\n|\n|-weather|Sandstorm|[upkeep]\n|-heal|p1a: Skarmory|19\/100 par|[from] item: Leftovers\n|upkeep\n|turn|72\n|inactive|gostop has 30 seconds left.\n|\n|t:|1658063687\n|switch|p2a: Tyranitar|Tyranitar, F|100\/100\n|-damage|p2a: Tyranitar|84\/100|[from] Spikes\n|cant|p1a: Skarmory|par\n|\n|-weather|Sandstorm|[upkeep]\n|-heal|p2a: Tyranitar|90\/100|[from] item: Leftovers\n|-heal|p1a: Skarmory|25\/100 par|[from] item: Leftovers\n|upkeep\n|turn|73\n|inactive|gostop has 30 seconds left.\n|inactive|gostop has 20 seconds left.\n|\n|t:|1658063706\n|move|p2a: Tyranitar|Rock Slide|p1a: Skarmory\n|-damage|p1a: Skarmory|0 fnt\n|faint|p1a: Skarmory\n|inactive|gostop has 25 seconds left this turn.\n|\n|t:|1658063709\n|switch|p1a: Milotic|Milotic, F|29\/100\n|\n|-weather|Sandstorm|[upkeep]\n|-damage|p1a: Milotic|23\/100|[from] Sandstorm\n|-heal|p2a: Tyranitar|96\/100|[from] item: Leftovers\n|-heal|p1a: Milotic|29\/100|[from] item: Leftovers\n|upkeep\n|turn|74\n|inactive|gostop has 30 seconds left.\n|\n|t:|1658063717\n|move|p2a: Tyranitar|Rock Slide|p1a: Milotic\n|-damage|p1a: Milotic|1\/100\n|move|p1a: Milotic|Recover|p1a: Milotic\n|-heal|p1a: Milotic|51\/100\n|\n|-weather|Sandstorm|[upkeep]\n|-damage|p1a: Milotic|45\/100|[from] Sandstorm\n|-heal|p2a: Tyranitar|100\/100|[from] item: Leftovers\n|-heal|p1a: Milotic|51\/100|[from] item: Leftovers\n|upkeep\n|turn|75\n|\n|t:|1658063727\n|switch|p2a: Starmie|Starmie|82\/100\n|-damage|p2a: Starmie|65\/100|[from] Spikes\n|move|p1a: Milotic|Recover|p1a: Milotic\n|-heal|p1a: Milotic|100\/100\n|\n|-weather|Sandstorm|[upkeep]\n|-damage|p2a: Starmie|59\/100|[from] Sandstorm\n|-damage|p1a: Milotic|94\/100|[from] Sandstorm\n|-heal|p2a: Starmie|65\/100|[from] item: Leftovers\n|-heal|p1a: Milotic|100\/100|[from] item: Leftovers\n|upkeep\n|turn|76\n|j|\u265aDudutest\n|j|\u265aMusashi 109\n|inactive|February flower has 270 seconds left.\n|\n|t:|1658063768\n|switch|p1a: Dugtrio|Dugtrio, M|84\/100\n|move|p2a: Starmie|Rapid Spin|p1a: Dugtrio\n|-damage|p1a: Dugtrio|76\/100\n|-sideend|p2: gostop|Spikes|[from] move: Rapid Spin|[of] p2a: Starmie\n|\n|-weather|Sandstorm|[upkeep]\n|-damage|p2a: Starmie|59\/100|[from] Sandstorm\n|-heal|p2a: Starmie|65\/100|[from] item: Leftovers\n|upkeep\n|turn|77\n|inactive|gostop has 30 seconds left.\n|\n|t:|1658063793\n|move|p1a: Dugtrio|Earthquake|p2a: Starmie\n|-damage|p2a: Starmie|0 fnt\n|faint|p2a: Starmie\n|l| Indulge in dreams\n|inactive|gostop has 30 seconds left.\n|\n|t:|1658063800\n|switch|p2a: Skarmory|Skarmory, M|100\/100\n|\n|-weather|Sandstorm|[upkeep]\n|upkeep\n|turn|78\n|l|%dragonitenb\n|\n|t:|1658063815\n|switch|p1a: Claydol|Claydol|100\/100\n|move|p2a: Skarmory|Toxic|p1a: Claydol\n|-status|p1a: Claydol|tox\n|\n|-weather|Sandstorm|[upkeep]\n|-damage|p1a: Claydol|94\/100 tox|[from] psn\n|upkeep\n|turn|79\n|l| Nobeta\n|l| mentalsoft\n|\n|t:|1658063823\n|move|p2a: Skarmory|Spikes|p1a: Claydol\n|-sidestart|p1: February flower|Spikes\n|move|p1a: Claydol|Refresh|p1a: Claydol\n|-curestatus|p1a: Claydol|tox|[msg]\n|\n|-weather|Sandstorm|[upkeep]\n|-heal|p1a: Claydol|100\/100|[from] item: Leftovers\n|upkeep\n|turn|80\n|inactive|gostop has 30 seconds left.\n|\n|t:|1658063848\n|switch|p2a: Blissey|Blissey, F|100\/100\n|move|p1a: Claydol|Rapid Spin|p2a: Blissey\n|-damage|p2a: Blissey|97\/100\n|-sideend|p1: February flower|Spikes|[from] move: Rapid Spin|[of] p1a: Claydol\n|\n|-weather|Sandstorm|[upkeep]\n|-damage|p2a: Blissey|91\/100|[from] Sandstorm\n|-heal|p2a: Blissey|97\/100|[from] item: Leftovers\n|upkeep\n|turn|81\n|l| leotung\u5c0f\u8463\n|\n|t:|1658063861\n|switch|p1a: Zapdos|Zapdos|89\/100\n|switch|p2a: Skarmory|Skarmory, M|100\/100\n|\n|-weather|Sandstorm|[upkeep]\n|-damage|p1a: Zapdos|83\/100|[from] Sandstorm\n|-heal|p1a: Zapdos|89\/100|[from] item: Leftovers\n|upkeep\n|turn|82\n|\n|t:|1658063869\n|switch|p1a: Dugtrio|Dugtrio, M|76\/100\n|switch|p2a: Blissey|Blissey, F|97\/100\n|\n|-weather|Sandstorm|[upkeep]\n|-damage|p2a: Blissey|91\/100|[from] Sandstorm\n|-heal|p2a: Blissey|97\/100|[from] item: Leftovers\n|upkeep\n|turn|83\n|\n|t:|1658063888\n|move|p1a: Dugtrio|Earthquake|p2a: Blissey\n|-damage|p2a: Blissey|47\/100\n|move|p2a: Blissey|Soft-Boiled|p2a: Blissey\n|-heal|p2a: Blissey|97\/100\n|\n|-weather|Sandstorm|[upkeep]\n|-damage|p2a: Blissey|91\/100|[from] Sandstorm\n|-heal|p2a: Blissey|97\/100|[from] item: Leftovers\n|upkeep\n|turn|84\n|j| dare2lovesearabbit\n|\n|t:|1658063902\n|move|p1a: Dugtrio|Earthquake|p2a: Blissey\n|-damage|p2a: Blissey|44\/100\n|move|p2a: Blissey|Soft-Boiled|p2a: Blissey\n|-heal|p2a: Blissey|94\/100\n|\n|-weather|Sandstorm|[upkeep]\n|-damage|p2a: Blissey|88\/100|[from] Sandstorm\n|-heal|p2a: Blissey|94\/100|[from] item: Leftovers\n|upkeep\n|turn|85\n|j| Indulge in dreams\n|\n|t:|1658063919\n|move|p1a: Dugtrio|Earthquake|p2a: Blissey\n|-damage|p2a: Blissey|48\/100\n|move|p2a: Blissey|Soft-Boiled|p2a: Blissey\n|-heal|p2a: Blissey|98\/100\n|\n|-weather|Sandstorm|[upkeep]\n|-damage|p2a: Blissey|92\/100|[from] Sandstorm\n|-heal|p2a: Blissey|98\/100|[from] item: Leftovers\n|upkeep\n|turn|86\n|\n|t:|1658063927\n|move|p1a: Dugtrio|Earthquake|p2a: Blissey\n|-damage|p2a: Blissey|47\/100\n|move|p2a: Blissey|Soft-Boiled|p2a: Blissey\n|-heal|p2a: Blissey|97\/100\n|\n|-weather|Sandstorm|[upkeep]\n|-damage|p2a: Blissey|91\/100|[from] Sandstorm\n|-heal|p2a: Blissey|97\/100|[from] item: Leftovers\n|upkeep\n|turn|87\n|\n|t:|1658063934\n|move|p1a: Dugtrio|Earthquake|p2a: Blissey\n|-damage|p2a: Blissey|52\/100\n|move|p2a: Blissey|Soft-Boiled|p2a: Blissey\n|-heal|p2a: Blissey|100\/100\n|\n|-weather|Sandstorm|[upkeep]\n|-damage|p2a: Blissey|94\/100|[from] Sandstorm\n|-heal|p2a: Blissey|100\/100|[from] item: Leftovers\n|upkeep\n|turn|88\n|\n|t:|1658063948\n|switch|p1a: Zapdos|Zapdos|89\/100\n|move|p2a: Blissey|Toxic|p1a: Zapdos\n|-status|p1a: Zapdos|tox\n|\n|-weather|Sandstorm|[upkeep]\n|-damage|p1a: Zapdos|83\/100 tox|[from] Sandstorm\n|-damage|p2a: Blissey|94\/100|[from] Sandstorm\n|-heal|p1a: Zapdos|89\/100 tox|[from] item: Leftovers\n|-damage|p1a: Zapdos|83\/100 tox|[from] psn\n|-heal|p2a: Blissey|100\/100|[from] item: Leftovers\n|upkeep\n|turn|89\n|inactive|gostop has 60 seconds left.\n|l| gyptv\n|j| gyptv\n|inactive|February flower has 270 seconds left.\n|\n|t:|1658063984\n|move|p1a: Zapdos|Thunderbolt|p2a: Blissey\n|-damage|p2a: Blissey|85\/100\n|move|p2a: Blissey|Seismic Toss|p1a: Zapdos\n|-damage|p1a: Zapdos|57\/100 tox\n|\n|-weather|Sandstorm|[upkeep]\n|-damage|p1a: Zapdos|51\/100 tox|[from] Sandstorm\n|-damage|p2a: Blissey|79\/100|[from] Sandstorm\n|-heal|p1a: Zapdos|57\/100 tox|[from] item: Leftovers\n|-damage|p1a: Zapdos|45\/100 tox|[from] psn\n|-heal|p2a: Blissey|85\/100|[from] item: Leftovers\n|upkeep\n|turn|90\n|\n|t:|1658063999\n|move|p1a: Zapdos|Rest|p1a: Zapdos\n|-status|p1a: Zapdos|slp|[from] move: Rest\n|-heal|p1a: Zapdos|100\/100 slp|[silent]\n|move|p2a: Blissey|Soft-Boiled|p2a: Blissey\n|-heal|p2a: Blissey|100\/100\n|\n|-weather|Sandstorm|[upkeep]\n|-damage|p1a: Zapdos|94\/100 slp|[from] Sandstorm\n|-damage|p2a: Blissey|94\/100|[from] Sandstorm\n|-heal|p1a: Zapdos|100\/100 slp|[from] item: Leftovers\n|-heal|p2a: Blissey|100\/100|[from] item: Leftovers\n|upkeep\n|turn|91\n|\n|t:|1658064013\n|switch|p1a: Claydol|Claydol|100\/100\n|switch|p2a: Swampert|Swampert, M|100\/100\n|\n|-weather|Sandstorm|[upkeep]\n|upkeep\n|turn|92\n|\n|t:|1658064022\n|switch|p1a: Milotic|Milotic, F|100\/100\n|move|p2a: Swampert|Ice Beam|p1a: Milotic\n|-resisted|p1a: Milotic\n|-damage|p1a: Milotic|93\/100\n|-status|p1a: Milotic|frz\n|\n|-weather|Sandstorm|[upkeep]\n|-damage|p1a: Milotic|87\/100 frz|[from] Sandstorm\n|-heal|p1a: Milotic|93\/100 frz|[from] item: Leftovers\n|upkeep\n|turn|93\n|\n|t:|1658064043\n|cant|p1a: Milotic|frz\n|move|p2a: Swampert|Surf|p1a: Milotic\n|-resisted|p1a: Milotic\n|-damage|p1a: Milotic|83\/100 frz\n|\n|-weather|Sandstorm|[upkeep]\n|-damage|p1a: Milotic|77\/100 frz|[from] Sandstorm\n|-heal|p1a: Milotic|83\/100 frz|[from] item: Leftovers\n|upkeep\n|turn|94\n|l| M\u5f71\u82e5\u5b64\u9e3f\u6708\u4f3c\u94a9.\u27640023\n|\n|t:|1658064054\n|cant|p1a: Milotic|frz\n|move|p2a: Swampert|Earthquake|p1a: Milotic\n|-damage|p1a: Milotic|64\/100 frz\n|\n|-weather|Sandstorm|[upkeep]\n|-damage|p1a: Milotic|58\/100 frz|[from] Sandstorm\n|-heal|p1a: Milotic|64\/100 frz|[from] item: Leftovers\n|upkeep\n|turn|95\n|\n|t:|1658064063\n|cant|p1a: Milotic|frz\n|move|p2a: Swampert|Earthquake|p1a: Milotic\n|-damage|p1a: Milotic|47\/100 frz\n|\n|-weather|Sandstorm|[upkeep]\n|-damage|p1a: Milotic|41\/100 frz|[from] Sandstorm\n|-heal|p1a: Milotic|47\/100 frz|[from] item: Leftovers\n|upkeep\n|turn|96\n|\n|t:|1658064080\n|switch|p2a: Tyranitar|Tyranitar, F|100\/100\n|cant|p1a: Milotic|frz\n|\n|-weather|Sandstorm|[upkeep]\n|-damage|p1a: Milotic|41\/100 frz|[from] Sandstorm\n|-heal|p1a: Milotic|47\/100 frz|[from] item: Leftovers\n|upkeep\n|turn|97\n|j| NganaRindu\n|\n|t:|1658064101\n|switch|p1a: Claydol|Claydol|100\/100\n|move|p2a: Tyranitar|Dragon Dance|p2a: Tyranitar\n|-boost|p2a: Tyranitar|atk|1\n|-boost|p2a: Tyranitar|spe|1\n|\n|-weather|Sandstorm|[upkeep]\n|upkeep\n|turn|98\n|j|&zerodragon123\n|l|&zerodragon123\n|inactive|gostop has 30 seconds left.\n|l| Indulge in dreams\n|inactive|gostop has 20 seconds left.\n|inactive|gostop has 15 seconds left.\n|l| dare2loveburstbean\n|\n|t:|1658064148\n|move|p2a: Tyranitar|Dragon Dance|p2a: Tyranitar\n|-boost|p2a: Tyranitar|atk|1\n|-boost|p2a: Tyranitar|spe|1\n|move|p1a: Claydol|Earthquake|p2a: Tyranitar\n|-supereffective|p2a: Tyranitar\n|-damage|p2a: Tyranitar|59\/100\n|\n|-weather|Sandstorm|[upkeep]\n|-heal|p2a: Tyranitar|65\/100|[from] item: Leftovers\n|upkeep\n|turn|99\n|inactive|gostop has 25 seconds left this turn.\n|\n|t:|1658064156\n|move|p2a: Tyranitar|Hidden Power|p1a: Claydol\n|-supereffective|p1a: Claydol\n|-damage|p1a: Claydol|19\/100\n|move|p1a: Claydol|Earthquake|p2a: Tyranitar\n|-supereffective|p2a: Tyranitar\n|-damage|p2a: Tyranitar|21\/100\n|\n|-weather|Sandstorm|[upkeep]\n|-heal|p2a: Tyranitar|27\/100|[from] item: Leftovers\n|-heal|p1a: Claydol|25\/100|[from] item: Leftovers\n|upkeep\n|turn|100\n|inactive|gostop has 30 seconds left.\n|j| wind777\n|l|%kitoothe\n|\n|t:|1658064173\n|switch|p1a: Zapdos|Zapdos|100\/100 slp\n|move|p2a: Tyranitar|Hidden Power|p1a: Zapdos\n|-resisted|p1a: Zapdos\n|-damage|p1a: Zapdos|75\/100 slp\n|\n|-weather|Sandstorm|[upkeep]\n|-damage|p1a: Zapdos|68\/100 slp|[from] Sandstorm\n|-heal|p2a: Tyranitar|33\/100|[from] item: Leftovers\n|-heal|p1a: Zapdos|75\/100 slp|[from] item: Leftovers\n|upkeep\n|turn|101\n|inactive|gostop has 30 seconds left.\n|\n|t:|1658064184\n|move|p2a: Tyranitar|Rock Slide|p1a: Zapdos\n|-supereffective|p1a: Zapdos\n|-damage|p1a: Zapdos|0 fnt\n|faint|p1a: Zapdos\n|inactive|gostop has 30 seconds left this turn.\n|\n|t:|1658064196\n|switch|p1a: Milotic|Milotic, F|47\/100 frz\n|\n|-weather|Sandstorm|[upkeep]\n|-damage|p1a: Milotic|41\/100 frz|[from] Sandstorm\n|-heal|p2a: Tyranitar|39\/100|[from] item: Leftovers\n|-heal|p1a: Milotic|47\/100 frz|[from] item: Leftovers\n|upkeep\n|turn|102\n|inactive|gostop has 30 seconds left.\n|l|\u265aDudutest\n|\n|t:|1658064212\n|move|p2a: Tyranitar|Rock Slide|p1a: Milotic\n|-damage|p1a: Milotic|8\/100 frz\n|cant|p1a: Milotic|frz\n|\n|-weather|Sandstorm|[upkeep]\n|-damage|p1a: Milotic|2\/100 frz|[from] Sandstorm\n|-heal|p2a: Tyranitar|46\/100|[from] item: Leftovers\n|-heal|p1a: Milotic|8\/100 frz|[from] item: Leftovers\n|upkeep\n|turn|103\n|inactive|gostop has 30 seconds left.\n|\n|t:|1658064220\n|move|p2a: Tyranitar|Hidden Power|p1a: Milotic\n|-damage|p1a: Milotic|0 fnt\n|faint|p1a: Milotic\n|\n|t:|1658064224\n|switch|p1a: Dugtrio|Dugtrio, M|76\/100\n|\n|-weather|Sandstorm|[upkeep]\n|-heal|p2a: Tyranitar|52\/100|[from] item: Leftovers\n|upkeep\n|turn|104\n|\n|t:|1658064229\n|move|p2a: Tyranitar|Earthquake|p1a: Dugtrio\n|-damage|p1a: Dugtrio|0 fnt\n|faint|p1a: Dugtrio\n|\n|t:|1658064232\n|switch|p1a: Blissey|Blissey, F|100\/100\n|\n|-weather|Sandstorm|[upkeep]\n|-damage|p1a: Blissey|94\/100|[from] Sandstorm\n|-heal|p2a: Tyranitar|58\/100|[from] item: Leftovers\n|-heal|p1a: Blissey|100\/100|[from] item: Leftovers\n|upkeep\n|turn|105\n|j| Strlke-Freedom\n|\n|t:|1658064245\n|move|p2a: Tyranitar|Earthquake|p1a: Blissey\n|-damage|p1a: Blissey|30\/100\n|move|p1a: Blissey|Ice Beam|p2a: Tyranitar\n|-damage|p2a: Tyranitar|38\/100\n|\n|-weather|Sandstorm|[upkeep]\n|-damage|p1a: Blissey|24\/100|[from] Sandstorm\n|-heal|p2a: Tyranitar|44\/100|[from] item: Leftovers\n|-heal|p1a: Blissey|30\/100|[from] item: Leftovers\n|upkeep\n|turn|106\n|\n|t:|1658064254\n|move|p2a: Tyranitar|Earthquake|p1a: Blissey\n|-damage|p1a: Blissey|0 fnt\n|faint|p1a: Blissey\n|j|\u265aqdhwefdw\n|l| dare2lovesearabbit\n|l|\u265acscl\n|\n|t:|1658064262\n|switch|p1a: Claydol|Claydol|25\/100\n|\n|-weather|Sandstorm|[upkeep]\n|-heal|p2a: Tyranitar|50\/100|[from] item: Leftovers\n|-heal|p1a: Claydol|32\/100|[from] item: Leftovers\n|upkeep\n|turn|107\n|-message|February flower forfeited.\n|\n|win|gostop\n|l|\u2606February flower\n|l| Strlke-Freedom\n|l| gala cross\n|l| past wind\u266b\n|l|%yoppie\n|c|\u2606gostop|sry for hax\n|l| gangbanrichuan\n|c|\u2606gostop|gg\n|l| ceobee\n|l| Pichiu\n|l| Arnold Corner\n|l| Litang Tenzing\n|l|\u265aMetallica126\n","uploadtime":1658064269,"views":50,"p1id":"februaryflower","p2id":"gostop","formatid":"gen3ou","rating":0,"private":0,"password":null}