{"id":"china-gen7ou-1855878","p1":"EEEEEvolto\u6df1\u6eba","p2":"benhuanglll","format":"gen7ou","log":"|j|\u2606EEEEEvolto\u6df1\u6eba\n|j|\u2606benhuanglll\n|t:|1627012503\n|gametype|singles\n|player|p1|EEEEEvolto\u6df1\u6eba|265|1409\n|player|p2|benhuanglll|janine|1137\n|teamsize|p1|6\n|teamsize|p2|6\n|gen|7\n|tier|[Gen 7] OU\n|rated|\n|rule|Sleep Clause Mod: Limit one foe put to sleep\n|rule|Species Clause: Limit one of each Pok\u00e9mon\n|rule|OHKO Clause: OHKO moves are banned\n|rule|Moody Clause: Moody is banned\n|rule|Evasion Moves Clause: Evasion moves are banned\n|rule|Endless Battle Clause: Forcing endless battles is banned\n|rule|HP Percentage Mod: HP is shown in percentages\n|clearpoke\n|poke|p1|Sableye, F|item\n|poke|p1|Celesteela|item\n|poke|p1|Pyukumuku, M|item\n|poke|p1|Chansey, F|item\n|poke|p1|Gliscor, M|item\n|poke|p1|Volcarona, F|item\n|poke|p2|Mawile, F|item\n|poke|p2|Rotom-Wash|item\n|poke|p2|Heatran, M|item\n|poke|p2|Landorus-Therian, M|item\n|poke|p2|Tapu Bulu|item\n|poke|p2|Kartana|item\n|teampreview\n|\n|t:|1627012513\n|start\n|switch|p1a: Sableye|Sableye, F|100\/100\n|switch|p2a: Heatran|Heatran, M, shiny|100\/100\n|turn|1\n|\n|t:|1627012519\n|detailschange|p1a: Sableye|Sableye-Mega, F\n|-mega|p1a: Sableye|Sableye|Sablenite\n|move|p1a: Sableye|Protect|p1a: Sableye\n|-singleturn|p1a: Sableye|Protect\n|move|p2a: Heatran|Earth Power|p1a: Sableye\n|-activate|p1a: Sableye|move: Protect\n|\n|upkeep\n|turn|2\n|\n|t:|1627012526\n|switch|p1a: Gliscor|Gliscor, M|100\/100\n|move|p2a: Heatran|Magma Storm|p1a: Gliscor\n|-damage|p1a: Gliscor|43\/100\n|-activate|p1a: Gliscor|move: Magma Storm|[of] p2a: Heatran\n|\n|-damage|p1a: Gliscor|31\/100|[from] move: Magma Storm|[partiallytrapped]\n|-status|p1a: Gliscor|tox|[from] item: Toxic Orb\n|upkeep\n|turn|3\n|\n|t:|1627012539\n|switch|p2a: Landorus|Landorus-Therian, M, shiny|100\/100\n|-ability|p2a: Landorus|Intimidate|boost\n|-unboost|p1a: Gliscor|atk|1\n|move|p1a: Gliscor|Roost|p1a: Gliscor\n|-heal|p1a: Gliscor|81\/100 tox\n|-singleturn|p1a: Gliscor|move: Roost\n|\n|-heal|p1a: Gliscor|93\/100 tox|[from] ability: Poison Heal\n|-end|p1a: Gliscor|Magma Storm|[partiallytrapped]|[silent]\n|upkeep\n|turn|4\n|\n|t:|1627012550\n|switch|p1a: Sableye|Sableye-Mega, F|100\/100\n|move|p2a: Landorus|Hidden Power|p1a: Sableye\n|-damage|p1a: Sableye|85\/100\n|\n|upkeep\n|turn|5\n|\n|t:|1627012558\n|switch|p2a: Heatran|Heatran, M, shiny|100\/100\n|move|p1a: Sableye|Recover|p1a: Sableye\n|-heal|p1a: Sableye|100\/100\n|\n|upkeep\n|turn|6\n|\n|t:|1627012565\n|switch|p1a: Volcarona|Volcarona, F|100\/100\n|move|p2a: Heatran|Magma Storm|p1a: Volcarona\n|-damage|p1a: Volcarona|54\/100\n|-activate|p1a: Volcarona|move: Magma Storm|[of] p2a: Heatran\n|\n|-heal|p1a: Volcarona|60\/100|[from] item: Leftovers\n|-damage|p1a: Volcarona|48\/100|[from] move: Magma Storm|[partiallytrapped]\n|upkeep\n|turn|7\n|\n|t:|1627012574\n|move|p1a: Volcarona|Quiver Dance|p1a: Volcarona\n|-boost|p1a: Volcarona|spa|1\n|-boost|p1a: Volcarona|spd|1\n|-boost|p1a: Volcarona|spe|1\n|move|p2a: Heatran|Magma Storm|p1a: Volcarona|[miss]\n|-miss|p2a: Heatran|p1a: Volcarona\n|\n|-heal|p1a: Volcarona|54\/100|[from] item: Leftovers\n|-damage|p1a: Volcarona|42\/100|[from] move: Magma Storm|[partiallytrapped]\n|upkeep\n|turn|8\n|\n|t:|1627012583\n|move|p1a: Volcarona|Roost|p1a: Volcarona\n|-heal|p1a: Volcarona|92\/100\n|-singleturn|p1a: Volcarona|move: Roost\n|move|p2a: Heatran|Will-O-Wisp|p1a: Volcarona\n|-immune|p1a: Volcarona\n|\n|-heal|p1a: Volcarona|98\/100|[from] item: Leftovers\n|-damage|p1a: Volcarona|85\/100|[from] move: Magma Storm|[partiallytrapped]\n|upkeep\n|turn|9\n|\n|t:|1627012591\n|move|p1a: Volcarona|Quiver Dance|p1a: Volcarona\n|-boost|p1a: Volcarona|spa|1\n|-boost|p1a: Volcarona|spd|1\n|-boost|p1a: Volcarona|spe|1\n|move|p2a: Heatran|Earth Power|p1a: Volcarona\n|-damage|p1a: Volcarona|69\/100\n|\n|-heal|p1a: Volcarona|76\/100|[from] item: Leftovers\n|-damage|p1a: Volcarona|63\/100|[from] move: Magma Storm|[partiallytrapped]\n|upkeep\n|turn|10\n|\n|t:|1627012601\n|move|p1a: Volcarona|Quiver Dance|p1a: Volcarona\n|-boost|p1a: Volcarona|spa|1\n|-boost|p1a: Volcarona|spd|1\n|-boost|p1a: Volcarona|spe|1\n|move|p2a: Heatran|Magma Storm|p1a: Volcarona\n|-damage|p1a: Volcarona|45\/100\n|\n|-heal|p1a: Volcarona|51\/100|[from] item: Leftovers\n|-damage|p1a: Volcarona|39\/100|[from] move: Magma Storm|[partiallytrapped]\n|upkeep\n|turn|11\n|\n|t:|1627012611\n|move|p1a: Volcarona|Roost|p1a: Volcarona\n|-heal|p1a: Volcarona|89\/100\n|-singleturn|p1a: Volcarona|move: Roost\n|move|p2a: Heatran|Magma Storm|p1a: Volcarona\n|-damage|p1a: Volcarona|69\/100\n|\n|-heal|p1a: Volcarona|75\/100|[from] item: Leftovers\n|-end|p1a: Volcarona|Magma Storm|[partiallytrapped]\n|upkeep\n|turn|12\n|\n|t:|1627012618\n|move|p1a: Volcarona|Quiver Dance|p1a: Volcarona\n|-boost|p1a: Volcarona|spa|1\n|-boost|p1a: Volcarona|spd|1\n|-boost|p1a: Volcarona|spe|1\n|move|p2a: Heatran|Magma Storm|p1a: Volcarona\n|-damage|p1a: Volcarona|58\/100\n|-activate|p1a: Volcarona|move: Magma Storm|[of] p2a: Heatran\n|\n|-heal|p1a: Volcarona|65\/100|[from] item: Leftovers\n|-damage|p1a: Volcarona|52\/100|[from] move: Magma Storm|[partiallytrapped]\n|upkeep\n|turn|13\n|\n|t:|1627012628\n|switch|p2a: Rotom|Rotom-Wash, shiny|100\/100\n|move|p1a: Volcarona|Roost|p1a: Volcarona\n|-heal|p1a: Volcarona|100\/100\n|-singleturn|p1a: Volcarona|move: Roost\n|\n|-end|p1a: Volcarona|Magma Storm|[partiallytrapped]|[silent]\n|upkeep\n|turn|14\n|\n|t:|1627012633\n|move|p1a: Volcarona|Flamethrower|p2a: Rotom\n|-resisted|p2a: Rotom\n|-damage|p2a: Rotom|54\/100\n|-status|p2a: Rotom|brn\n|move|p2a: Rotom|Hydro Pump|p1a: Volcarona|[miss]\n|-miss|p2a: Rotom|p1a: Volcarona\n|\n|-damage|p2a: Rotom|48\/100 brn|[from] brn\n|upkeep\n|turn|15\n|\n|t:|1627012644\n|move|p1a: Volcarona|Quiver Dance|p1a: Volcarona\n|-boost|p1a: Volcarona|spa|1\n|-boost|p1a: Volcarona|spd|1\n|-boost|p1a: Volcarona|spe|1\n|move|p2a: Rotom|Volt Switch|p1a: Volcarona\n|-damage|p1a: Volcarona|95\/100\n|\n|t:|1627012652\n|switch|p2a: Landorus|Landorus-Therian, M, shiny|100\/100|[from]move: Volt Switch\n|-ability|p2a: Landorus|Intimidate|boost\n|-unboost|p1a: Volcarona|atk|1\n|\n|-heal|p1a: Volcarona|100\/100|[from] item: Leftovers\n|upkeep\n|turn|16\n|\n|t:|1627012660\n|move|p1a: Volcarona|Flamethrower|p2a: Landorus\n|-damage|p2a: Landorus|0 fnt\n|faint|p2a: Landorus\n|\n|upkeep\n|\n|t:|1627012665\n|switch|p2a: Heatran|Heatran, M, shiny|100\/100\n|turn|17\n|\n|t:|1627012668\n|move|p1a: Volcarona|Quiver Dance|p1a: Volcarona\n|-boost|p1a: Volcarona|spa|1\n|-boost|p1a: Volcarona|spd|1\n|-boost|p1a: Volcarona|spe|1\n|move|p2a: Heatran|Magma Storm|p1a: Volcarona\n|-damage|p1a: Volcarona|87\/100\n|-activate|p1a: Volcarona|move: Magma Storm|[of] p2a: Heatran\n|\n|-heal|p1a: Volcarona|94\/100|[from] item: Leftovers\n|-damage|p1a: Volcarona|81\/100|[from] move: Magma Storm|[partiallytrapped]\n|upkeep\n|turn|18\n|\n|t:|1627012678\n|move|p1a: Volcarona|Hidden Power|p2a: Heatran\n|-supereffective|p2a: Heatran\n|-damage|p2a: Heatran|0 fnt\n|faint|p2a: Heatran\n|\n|-heal|p1a: Volcarona|87\/100|[from] item: Leftovers\n|-end|p1a: Volcarona|Magma Storm|[partiallytrapped]|[silent]\n|upkeep\n|\n|t:|1627012684\n|switch|p2a: Rotom|Rotom-Wash, shiny|48\/100 brn\n|turn|19\n|\n|t:|1627012688\n|move|p1a: Volcarona|Flamethrower|p2a: Rotom\n|-resisted|p2a: Rotom\n|-damage|p2a: Rotom|0 fnt\n|faint|p2a: Rotom\n|\n|-heal|p1a: Volcarona|94\/100|[from] item: Leftovers\n|upkeep\n|\n|t:|1627012695\n|switch|p2a: Mawile|Mawile, F, shiny|100\/100\n|-ability|p2a: Mawile|Intimidate|boost\n|-unboost|p1a: Volcarona|atk|1\n|turn|20\n|\n|t:|1627012700\n|detailschange|p2a: Mawile|Mawile-Mega, F, shiny\n|-mega|p2a: Mawile|Mawile|Mawilite\n|move|p2a: Mawile|Sucker Punch|p1a: Volcarona\n|-damage|p1a: Volcarona|46\/100\n|-status|p2a: Mawile|brn|[from] ability: Flame Body|[of] p1a: Volcarona\n|move|p1a: Volcarona|Flamethrower|p2a: Mawile\n|-supereffective|p2a: Mawile\n|-damage|p2a: Mawile|0 fnt\n|faint|p2a: Mawile\n|\n|-heal|p1a: Volcarona|52\/100|[from] item: Leftovers\n|upkeep\n|\n|t:|1627012710\n|switch|p2a: Kartana|Kartana, shiny|100\/100\n|turn|21\n|\n|t:|1627012713\n|move|p1a: Volcarona|Flamethrower|p2a: Kartana\n|-supereffective|p2a: Kartana\n|-damage|p2a: Kartana|0 fnt\n|faint|p2a: Kartana\n|\n|-heal|p1a: Volcarona|58\/100|[from] item: Leftovers\n|upkeep\n|-message|benhuanglll forfeited.\n|\n|win|EEEEEvolto\u6df1\u6eba\n|raw|EEEEEvolto\u6df1\u6eba's rating: 1409 &rarr; <strong>1416<\/strong><br \/>(+7 for winning)\n|raw|benhuanglll's rating: 1137 &rarr; <strong>1131<\/strong><br \/>(-6 for losing)\n|l|\u2606benhuanglll\n","uploadtime":1627012724,"views":6,"p1id":"eeeeevolto","p2id":"benhuanglll","formatid":"gen7ou","rating":0,"private":0,"password":null}