{"id":"china-gen7ou-4673178","p1":"EEEEEvolto\u6df1\u6eba","p2":"yhvgc","format":"gen7ou","log":"|j|\u2606EEEEEvolto\u6df1\u6eba\n|j|\u2606yhvgc\n|t:|1652527699\n|gametype|singles\n|player|p1|EEEEEvolto\u6df1\u6eba|harlequin|\n|player|p2|yhvgc|dawn-gen4pt|\n|teamsize|p1|6\n|teamsize|p2|6\n|gen|7\n|tier|[Gen 7] OU\n|rule|Sleep Clause Mod: Limit one foe put to sleep\n|rule|Species Clause: Limit one of each Pok\u00e9mon\n|rule|OHKO Clause: OHKO moves are banned\n|rule|Moody Clause: Moody is banned\n|rule|Evasion Moves Clause: Evasion moves are banned\n|rule|Endless Battle Clause: Forcing endless battles is banned\n|rule|HP Percentage Mod: HP is shown in percentages\n|clearpoke\n|poke|p1|Mawile, F|item\n|poke|p1|Hoopa-Unbound|item\n|poke|p1|Volcarona, M|item\n|poke|p1|Ferrothorn, F|item\n|poke|p1|Rotom-Wash|item\n|poke|p1|Landorus-Therian, M|item\n|poke|p2|Rotom-Wash|item\n|poke|p2|Magearna|item\n|poke|p2|Landorus-Therian, M|item\n|poke|p2|Hoopa-Unbound|item\n|poke|p2|Kartana|item\n|poke|p2|Medicham, F|item\n|teampreview\n|inactive|Battle timer is ON: inactive players will automatically lose when time's up. (requested by EEEEEvolto\u6df1\u6eba)\n|inactive|yhvgc also wants the timer to be on.\n|inactive|yhvgc has 270 seconds left.\n|\n|t:|1652527734\n|start\n|switch|p1a: Landorus|Landorus-Therian, M|100\/100\n|switch|p2a: Landorus|Landorus-Therian, M|100\/100\n|-ability|p1a: Landorus|Intimidate|boost\n|-unboost|p2a: Landorus|atk|1\n|-ability|p2a: Landorus|Intimidate|boost\n|-unboost|p1a: Landorus|atk|1\n|turn|1\n|\n|t:|1652527738\n|move|p1a: Landorus|U-turn|p2a: Landorus\n|-resisted|p2a: Landorus\n|-damage|p2a: Landorus|95\/100\n|\n|t:|1652527741\n|switch|p1a: Rotom|Rotom-Wash|100\/100|[from]move: U-turn\n|move|p2a: Landorus|Stealth Rock|p1a: Rotom\n|-sidestart|p1: EEEEEvolto\u6df1\u6eba|move: Stealth Rock\n|\n|-heal|p2a: Landorus|100\/100|[from] item: Leftovers\n|upkeep\n|turn|2\n|\n|t:|1652527749\n|switch|p2a: Magearna|Magearna|100\/100\n|move|p1a: Rotom|Defog|p2a: Magearna\n|-unboost|p2a: Magearna|evasion|1\n|-sideend|p1: EEEEEvolto\u6df1\u6eba|Stealth Rock|[from] move: Defog|[of] p1a: Rotom\n|\n|upkeep\n|turn|3\n|\n|t:|1652527752\n|move|p1a: Rotom|Volt Switch|p2a: Magearna\n|-damage|p2a: Magearna|90\/100\n|\n|t:|1652527755\n|switch|p1a: Landorus|Landorus-Therian, M|100\/100|[from]move: Volt Switch\n|-ability|p1a: Landorus|Intimidate|boost\n|-unboost|p2a: Magearna|atk|1\n|move|p2a: Magearna|Ice Beam|p1a: Landorus\n|-supereffective|p1a: Landorus\n|-damage|p1a: Landorus|0 fnt\n|faint|p1a: Landorus\n|-ability|p2a: Magearna|Soul-Heart|boost\n|-boost|p2a: Magearna|spa|1\n|\n|upkeep\n|\n|t:|1652527759\n|switch|p1a: Volcarona|Volcarona, M|100\/100\n|turn|4\n|\n|t:|1652527762\n|move|p1a: Volcarona|Quiver Dance|p1a: Volcarona\n|-boost|p1a: Volcarona|spa|1\n|-boost|p1a: Volcarona|spd|1\n|-boost|p1a: Volcarona|spe|1\n|move|p2a: Magearna|Volt Switch|p1a: Volcarona\n|-damage|p1a: Volcarona|84\/100\n|\n|t:|1652527781\n|switch|p2a: Rotom|Rotom-Wash|100\/100|[from]move: Volt Switch\n|\n|upkeep\n|turn|5\n|\n|t:|1652527786\n|switch|p1a: Ferrothorn|Ferrothorn, F|100\/100\n|move|p2a: Rotom|Hydro Pump|p1a: Ferrothorn|[miss]\n|-miss|p2a: Rotom|p1a: Ferrothorn\n|\n|upkeep\n|turn|6\n|\n|t:|1652527793\n|move|p2a: Rotom|Will-O-Wisp|p1a: Ferrothorn\n|-status|p1a: Ferrothorn|brn\n|move|p1a: Ferrothorn|Stealth Rock|p2a: Rotom\n|-sidestart|p2: yhvgc|move: Stealth Rock\n|\n|-damage|p1a: Ferrothorn|94\/100 brn|[from] brn\n|upkeep\n|turn|7\n|\n|t:|1652527796\n|move|p2a: Rotom|Defog|p1a: Ferrothorn\n|-unboost|p1a: Ferrothorn|evasion|1\n|-sideend|p2: yhvgc|Stealth Rock|[from] move: Defog|[of] p2a: Rotom\n|move|p1a: Ferrothorn|Leech Seed|p2a: Rotom\n|-start|p2a: Rotom|move: Leech Seed\n|\n|-heal|p1a: Ferrothorn|100\/100 brn|[from] item: Leftovers\n|-damage|p2a: Rotom|88\/100|[from] Leech Seed|[of] p1a: Ferrothorn\n|-damage|p1a: Ferrothorn|94\/100 brn|[from] brn\n|upkeep\n|turn|8\n|\n|t:|1652527798\n|move|p2a: Rotom|Volt Switch|p1a: Ferrothorn\n|-resisted|p1a: Ferrothorn\n|-damage|p1a: Ferrothorn|87\/100 brn\n|\n|t:|1652527800\n|switch|p2a: Medicham|Medicham, F, shiny|100\/100|[from]move: Volt Switch\n|move|p1a: Ferrothorn|Stealth Rock|p2a: Medicham\n|-sidestart|p2: yhvgc|move: Stealth Rock\n|\n|-heal|p1a: Ferrothorn|93\/100 brn|[from] item: Leftovers\n|-damage|p1a: Ferrothorn|87\/100 brn|[from] brn\n|upkeep\n|turn|9\n|\n|t:|1652527804\n|detailschange|p2a: Medicham|Medicham-Mega, F, shiny\n|-mega|p2a: Medicham|Medicham|Medichamite\n|move|p2a: Medicham|Fake Out|p1a: Ferrothorn\n|-resisted|p1a: Ferrothorn\n|-damage|p1a: Ferrothorn|77\/100 brn\n|-damage|p2a: Medicham|88\/100|[from] ability: Iron Barbs|[of] p1a: Ferrothorn\n|cant|p1a: Ferrothorn|flinch\n|\n|-heal|p1a: Ferrothorn|83\/100 brn|[from] item: Leftovers\n|-damage|p1a: Ferrothorn|77\/100 brn|[from] brn\n|upkeep\n|turn|10\n|\n|t:|1652527809\n|move|p2a: Medicham|High Jump Kick|p1a: Ferrothorn\n|-supereffective|p1a: Ferrothorn\n|-damage|p1a: Ferrothorn|0 fnt\n|-damage|p2a: Medicham|76\/100|[from] ability: Iron Barbs|[of] p1a: Ferrothorn\n|faint|p1a: Ferrothorn\n|\n|upkeep\n|\n|t:|1652527812\n|switch|p1a: Volcarona|Volcarona, M|84\/100\n|turn|11\n|\n|t:|1652527816\n|move|p2a: Medicham|Zen Headbutt|p1a: Volcarona\n|-damage|p1a: Volcarona|21\/100\n|move|p1a: Volcarona|Quiver Dance|p1a: Volcarona\n|-boost|p1a: Volcarona|spa|1\n|-boost|p1a: Volcarona|spd|1\n|-boost|p1a: Volcarona|spe|1\n|\n|upkeep\n|turn|12\n|\n|t:|1652527821\n|move|p1a: Volcarona|Roost|p1a: Volcarona\n|-heal|p1a: Volcarona|72\/100\n|-singleturn|p1a: Volcarona|move: Roost\n|move|p2a: Medicham|Zen Headbutt|p1a: Volcarona\n|-damage|p1a: Volcarona|9\/100\n|\n|upkeep\n|turn|13\n|\n|t:|1652527832\n|move|p1a: Volcarona|Roost|p1a: Volcarona\n|-heal|p1a: Volcarona|59\/100\n|-singleturn|p1a: Volcarona|move: Roost\n|move|p2a: Medicham|Zen Headbutt|p1a: Volcarona\n|-crit|p1a: Volcarona\n|-damage|p1a: Volcarona|0 fnt\n|faint|p1a: Volcarona\n|\n|upkeep\n|\n|t:|1652527836\n|switch|p1a: Mawile|Mawile, F|100\/100\n|-ability|p1a: Mawile|Intimidate|boost\n|-unboost|p2a: Medicham|atk|1\n|turn|14\n|\n|t:|1652527842\n|switch|p2a: Rotom|Rotom-Wash|88\/100\n|-damage|p2a: Rotom|76\/100|[from] Stealth Rock\n|detailschange|p1a: Mawile|Mawile-Mega, F\n|-mega|p1a: Mawile|Mawile|Mawilite\n|move|p1a: Mawile|Swords Dance|p1a: Mawile\n|-boost|p1a: Mawile|atk|2\n|\n|-heal|p2a: Rotom|82\/100|[from] item: Leftovers\n|upkeep\n|turn|15\n|\n|t:|1652527844\n|move|p2a: Rotom|Will-O-Wisp|p1a: Mawile\n|-status|p1a: Mawile|brn\n|move|p1a: Mawile|Knock Off|p2a: Rotom\n|-damage|p2a: Rotom|28\/100\n|-enditem|p2a: Rotom|Leftovers|[from] move: Knock Off|[of] p1a: Mawile\n|\n|-damage|p1a: Mawile|94\/100 brn|[from] brn\n|upkeep\n|turn|16\n|\n|t:|1652527848\n|move|p2a: Rotom|Defog|p1a: Mawile\n|-unboost|p1a: Mawile|evasion|1\n|-sideend|p2: yhvgc|Stealth Rock|[from] move: Defog|[of] p2a: Rotom\n|move|p1a: Mawile|Swords Dance|p1a: Mawile\n|-boost|p1a: Mawile|atk|2\n|\n|-damage|p1a: Mawile|88\/100 brn|[from] brn\n|upkeep\n|turn|17\n|\n|t:|1652527853\n|move|p2a: Rotom|Volt Switch|p1a: Mawile\n|-damage|p1a: Mawile|53\/100 brn\n|\n|t:|1652527856\n|switch|p2a: Landorus|Landorus-Therian, M|100\/100|[from]move: Volt Switch\n|-ability|p2a: Landorus|Intimidate|boost\n|-unboost|p1a: Mawile|atk|1\n|move|p1a: Mawile|Swords Dance|p1a: Mawile\n|-boost|p1a: Mawile|atk|2\n|\n|-damage|p1a: Mawile|47\/100 brn|[from] brn\n|upkeep\n|turn|18\n|\n|t:|1652527861\n|move|p1a: Mawile|Sucker Punch||[still]\n|-fail|p1a: Mawile\n|move|p2a: Landorus|Stealth Rock|p1a: Mawile\n|-sidestart|p1: EEEEEvolto\u6df1\u6eba|move: Stealth Rock\n|\n|-damage|p1a: Mawile|41\/100 brn|[from] brn\n|upkeep\n|turn|19\n|\n|t:|1652527864\n|switch|p2a: Rotom|Rotom-Wash|28\/100\n|move|p1a: Mawile|Sucker Punch||[still]\n|-fail|p1a: Mawile\n|\n|-damage|p1a: Mawile|35\/100 brn|[from] brn\n|upkeep\n|turn|20\n|\n|t:|1652527869\n|move|p1a: Mawile|Sucker Punch|p2a: Rotom\n|-damage|p2a: Rotom|0 fnt\n|faint|p2a: Rotom\n|\n|-damage|p1a: Mawile|29\/100 brn|[from] brn\n|upkeep\n|\n|t:|1652527872\n|switch|p2a: Medicham|Medicham-Mega, F, shiny|76\/100\n|turn|21\n|\n|t:|1652527877\n|switch|p1a: Rotom|Rotom-Wash|100\/100\n|-damage|p1a: Rotom|88\/100|[from] Stealth Rock\n|move|p2a: Medicham|Fake Out|p1a: Rotom\n|-damage|p1a: Rotom|69\/100\n|\n|-heal|p1a: Rotom|75\/100|[from] item: Leftovers\n|upkeep\n|turn|22\n|\n|t:|1652527882\n|move|p2a: Medicham|High Jump Kick|p1a: Rotom\n|-damage|p1a: Rotom|0 fnt\n|faint|p1a: Rotom\n|\n|upkeep\n|\n|t:|1652527896\n|switch|p1a: Hoopa|Hoopa-Unbound|100\/100\n|-damage|p1a: Hoopa|88\/100|[from] Stealth Rock\n|turn|23\n|\n|t:|1652527919\n|move|p2a: Medicham|High Jump Kick|p1a: Hoopa\n|-damage|p1a: Hoopa|0 fnt\n|faint|p1a: Hoopa\n|\n|upkeep\n|\n|t:|1652527923\n|switch|p1a: Mawile|Mawile-Mega, F|29\/100 brn\n|-damage|p1a: Mawile|23\/100 brn|[from] Stealth Rock\n|turn|24\n|\n|t:|1652527926\n|move|p1a: Mawile|Sucker Punch|p2a: Medicham\n|-damage|p2a: Medicham|39\/100\n|move|p2a: Medicham|High Jump Kick|p1a: Mawile\n|-crit|p1a: Mawile\n|-damage|p1a: Mawile|0 fnt\n|faint|p1a: Mawile\n|\n|win|yhvgc\n|l|\u2606EEEEEvolto\u6df1\u6eba\n","uploadtime":1652527934,"views":31,"p1id":"eeeeevolto","p2id":"yhvgc","formatid":"gen7ou","rating":0,"private":0,"password":null}