{"id":"china-gen7ou-151980","p1":"uuuuiiii","p2":"popolinq","format":"gen7ou","log":"|j|\u2606uuuuiiii\n|j|\u2606popolinq\n|player|p1|uuuuiiii|7\n|player|p2|popolinq|233\n|teamsize|p1|6\n|teamsize|p2|6\n|gametype|singles\n|gen|7\n|tier|[Gen 7] OU\n|rated|\n|rule|Sleep Clause Mod: Limit one foe put to sleep\n|rule|Species Clause: Limit one of each Pok\u00e9mon\n|rule|OHKO Clause: OHKO moves are banned\n|rule|Moody Clause: Moody is banned\n|rule|Evasion Moves Clause: Evasion moves are banned\n|rule|Endless Battle Clause: Forcing endless battles is banned\n|rule|HP Percentage Mod: HP is shown in percentages\n|clearpoke\n|poke|p1|Beedrill, M|item\n|poke|p1|Tapu Lele|item\n|poke|p1|Landorus-Therian, M|item\n|poke|p1|Smeargle, M|item\n|poke|p1|Blacephalon|item\n|poke|p1|Kartana|item\n|poke|p2|Victini|item\n|poke|p2|Charizard, M|item\n|poke|p2|Blissey, F|item\n|poke|p2|Skarmory, M|item\n|poke|p2|Golem-Alola, F|item\n|poke|p2|Quagsire, F|item\n|teampreview\n|inactive|Battle timer is ON: inactive players will automatically lose when time's up. (requested by popolinq)\n|\n|start\n|switch|p1a: Smeargle|Smeargle, M|100\/100\n|switch|p2a: Victini|Victini|100\/100\n|turn|1\n|\n|move|p2a: Victini|U-turn|p1a: Smeargle\n|-damage|p1a: Smeargle|28\/100\n|\n|switch|p2a: Charizard|Charizard, M|100\/100\n|move|p1a: Smeargle|Sticky Web|p2a: Charizard\n|-sidestart|p2: popolinq|move: Sticky Web\n|\n|upkeep\n|turn|2\n|\n|detailschange|p2a: Charizard|Charizard-Mega-Y, M\n|-mega|p2a: Charizard|Charizard|Charizardite Y\n|-weather|SunnyDay|[from] ability: Drought|[of] p2a: Charizard\n|move|p2a: Charizard|Solar Beam||[still]\n|-prepare|p2a: Charizard|Solar Beam|p1a: Smeargle\n|-anim|p2a: Charizard|Solar Beam|p1a: Smeargle\n|-damage|p1a: Smeargle|0 fnt\n|faint|p1a: Smeargle\n|\n|-weather|SunnyDay|[upkeep]\n|upkeep\n|\n|switch|p1a: Tapu Lele|Tapu Lele|100\/100\n|-fieldstart|move: Psychic Terrain|[from] ability: Psychic Surge|[of] p1a: Tapu Lele\n|turn|3\n|\n|move|p2a: Charizard|Fire Blast|p1a: Tapu Lele\n|-damage|p1a: Tapu Lele|0 fnt\n|faint|p1a: Tapu Lele\n|\n|-weather|SunnyDay|[upkeep]\n|upkeep\n|\n|switch|p1a: Beedrill|Beedrill, M, shiny|100\/100\n|turn|4\n|\n|switch|p2a: Skarmory|Skarmory, M|100\/100\n|detailschange|p1a: Beedrill|Beedrill-Mega, M, shiny\n|-mega|p1a: Beedrill|Beedrill|Beedrillite\n|move|p1a: Beedrill|Poison Jab|p2a: Skarmory\n|-immune|p2a: Skarmory\n|\n|-weather|SunnyDay|[upkeep]\n|upkeep\n|turn|5\n|\n|move|p1a: Beedrill|U-turn|p2a: Skarmory\n|-resisted|p2a: Skarmory\n|-damage|p2a: Skarmory|92\/100\n|-damage|p1a: Beedrill|84\/100|[from] item: Rocky Helmet|[of] p2a: Skarmory\n|\n|switch|p1a: Blacephalon|Blacephalon|100\/100\n|move|p2a: Skarmory|Toxic|p1a: Blacephalon\n|-status|p1a: Blacephalon|tox\n|\n|-weather|SunnyDay|[upkeep]\n|-damage|p1a: Blacephalon|94\/100 tox|[from] psn\n|upkeep\n|turn|6\n|\n|switch|p2a: Blissey|Blissey, F|100\/100\n|-activate|p2a: Blissey|move: Sticky Web\n|-unboost|p2a: Blissey|spe|1\n|move|p1a: Blacephalon|Flamethrower|p2a: Blissey\n|-damage|p2a: Blissey|71\/100\n|\n|-weather|none\n|-damage|p1a: Blacephalon|82\/100 tox|[from] psn\n|upkeep\n|turn|7\n|\n|switch|p1a: Kartana|Kartana|100\/100\n|move|p2a: Blissey|Reflect|p2a: Blissey\n|-sidestart|p2: popolinq|Reflect\n|\n|-fieldend|move: Psychic Terrain\n|upkeep\n|turn|8\n|\n|switch|p2a: Golem|Golem-Alola, F|100\/100\n|-activate|p2a: Golem|move: Sticky Web\n|-unboost|p2a: Golem|spe|1\n|move|p1a: Kartana|Knock Off|p2a: Golem\n|-damage|p2a: Golem|83\/100\n|-enditem|p2a: Golem|Choice Scarf|[from] move: Knock Off|[of] p1a: Kartana\n|\n|upkeep\n|turn|9\n|inactive|uuuuiiii has 120 seconds left.\n|-message|uuuuiiii forfeited.\n|\n|win|popolinq\n|raw|uuuuiiii's rating: 1323 &rarr; <strong>1293<\/strong><br \/>(-30 for losing)\n|raw|popolinq's rating: 1263 &rarr; <strong>1292<\/strong><br \/>(+29 for winning)\n|l|\u2606uuuuiiii\n","uploadtime":1544351112,"views":13,"p1id":"uuuuiiii","p2id":"popolinq","formatid":"gen7ou","rating":0,"private":0,"password":null}