{"id":"china-gen7ubers-379526","p1":"gostop","p2":"64 squares","format":"gen7ubers","log":"|j|\u2606gostop\n|j|\u260664 squares\n|t:|1616308693\n|player|p1|gostop|gostop.gif|\n|player|p2|64 squares|janine|\n|teamsize|p1|6\n|teamsize|p2|6\n|gametype|singles\n|gen|7\n|tier|[Gen 7] Ubers\n|clearpoke\n|poke|p1|Groudon|item\n|poke|p1|Arceus-*|item\n|poke|p1|Yveltal|item\n|poke|p1|Kyogre|item\n|poke|p1|Necrozma-Dusk-Mane|item\n|poke|p1|Marshadow|item\n|poke|p2|Arceus-*|item\n|poke|p2|Gengar, M|item\n|poke|p2|Xerneas|item\n|poke|p2|Groudon|item\n|poke|p2|Yveltal|item\n|poke|p2|Necrozma-Dusk-Mane|item\n|rule|Sleep Clause Mod: Limit one foe put to sleep\n|rule|Species Clause: Limit one of each Pok\u00e9mon\n|rule|OHKO Clause: OHKO moves are banned\n|rule|Moody Clause: Moody is banned\n|rule|Evasion Moves Clause: Evasion moves are banned\n|rule|Endless Battle Clause: Forcing endless battles is banned\n|rule|HP Percentage Mod: HP is shown in percentages\n|rule|Mega Rayquaza Clause: You cannot mega evolve Rayquaza\n|teampreview\n|c|\u260664 squares|glhf\n|c|\u2606gostop|glhf\n|j| tinsel towngirl\n|j| Raiden Mei\n|j| Metallica126\n|inactive|Battle timer is ON: inactive players will automatically lose when time's up. (requested by gostop)\n|j| Deep State\n|j|\u265an zyy\n|j| wzgn-s13\n|j| cscl\n|inactive|64 squares has 270 seconds left.\n|\n|t:|1616308780\n|start\n|switch|p1a: Kyogre|Kyogre|100\/100\n|switch|p2a: Arceus|Arceus-Ground|100\/100\n|detailschange|p1a: Kyogre|Kyogre-Primal\n|-primal|p1a: Kyogre\n|-weather|PrimordialSea|[from] ability: Primordial Sea|[of] p1a: Kyogre\n|turn|1\n|\n|t:|1616308790\n|switch|p2a: Groudon|Groudon|100\/100\n|detailschange|p2a: Groudon|Groudon-Primal\n|-primal|p2a: Groudon\n|-weather|DesolateLand|[from] ability: Desolate Land|[of] p2a: Groudon\n|move|p1a: Kyogre|Toxic|p2a: Groudon\n|-status|p2a: Groudon|tox\n|\n|-weather|DesolateLand|[upkeep]\n|-damage|p2a: Groudon|94\/100 tox|[from] psn\n|upkeep\n|turn|2\n|j| loving1096\n|l| wzgn-s13\n|inactive|64 squares has 270 seconds left.\n|\n|t:|1616308821\n|switch|p1a: Arceus|Arceus-Ground|100\/100\n|move|p2a: Groudon|Overheat|p1a: Arceus\n|-damage|p1a: Arceus|26\/100\n|-unboost|p2a: Groudon|spa|2\n|\n|-weather|DesolateLand|[upkeep]\n|-damage|p2a: Groudon|82\/100 tox|[from] psn\n|upkeep\n|turn|3\n|\n|t:|1616308831\n|-weather|none\n|switch|p2a: Arceus|Arceus-Ground|100\/100\n|move|p1a: Arceus|Recover|p1a: Arceus\n|-heal|p1a: Arceus|76\/100\n|\n|upkeep\n|turn|4\n|\n|t:|1616308851\n|switch|p1a: Kyogre|Kyogre-Primal|100\/100\n|-weather|PrimordialSea|[from] ability: Primordial Sea|[of] p1a: Kyogre\n|move|p2a: Arceus|Stealth Rock|p1a: Kyogre\n|-sidestart|p1: gostop|move: Stealth Rock\n|\n|-weather|PrimordialSea|[upkeep]\n|upkeep\n|turn|5\n|j| light's sister\n|\n|t:|1616308861\n|switch|p2a: Groudon|Groudon-Primal|82\/100 tox\n|-weather|DesolateLand|[from] ability: Desolate Land|[of] p2a: Groudon\n|switch|p1a: Arceus|Arceus-Ground|76\/100\n|-damage|p1a: Arceus|70\/100|[from] Stealth Rock\n|\n|-weather|DesolateLand|[upkeep]\n|-damage|p2a: Groudon|76\/100 tox|[from] psn\n|upkeep\n|turn|6\n|\n|t:|1616308875\n|-weather|none\n|switch|p2a: Yveltal|Yveltal|100\/100\n|-ability|p2a: Yveltal|Dark Aura\n|move|p1a: Arceus|Recover|p1a: Arceus\n|-heal|p1a: Arceus|100\/100\n|\n|upkeep\n|turn|7\n|j| Chengjl\n|inactive|gostop has 270 seconds left.\n|l| Chengjl\n|\n|t:|1616308912\n|switch|p1a: Yveltal|Yveltal|100\/100\n|-damage|p1a: Yveltal|76\/100|[from] Stealth Rock\n|-ability|p1a: Yveltal|Dark Aura\n|move|p2a: Yveltal|Toxic|p1a: Yveltal\n|-status|p1a: Yveltal|tox\n|\n|-damage|p1a: Yveltal|70\/100 tox|[from] psn\n|upkeep\n|turn|8\n|inactive|gostop has 270 seconds left.\n|inactive|64 squares has 270 seconds left.\n|\n|t:|1616308959\n|switch|p2a: Arceus|Arceus-Ground|100\/100\n|move|p1a: Yveltal|Oblivion Wing|p2a: Arceus\n|-damage|p2a: Arceus|69\/100\n|-heal|p1a: Yveltal|93\/100 tox|[from] drain|[of] p2a: Arceus\n|\n|-damage|p1a: Yveltal|81\/100 tox|[from] psn\n|upkeep\n|turn|9\n|inactive|gostop has 270 seconds left.\n|\n|t:|1616308969\n|move|p2a: Arceus|Recover|p2a: Arceus\n|-heal|p2a: Arceus|100\/100\n|move|p1a: Yveltal|Oblivion Wing|p2a: Arceus\n|-damage|p2a: Arceus|64\/100\n|-heal|p1a: Yveltal|100\/100 tox|[from] drain|[of] p2a: Arceus\n|\n|-damage|p1a: Yveltal|82\/100 tox|[from] psn\n|upkeep\n|turn|10\n|inactive|gostop has 270 seconds left.\n|\n|t:|1616308995\n|switch|p2a: Necrozma|Necrozma-Dusk-Mane|100\/100\n|switch|p1a: Arceus|Arceus-Ground|100\/100\n|-damage|p1a: Arceus|94\/100|[from] Stealth Rock\n|\n|upkeep\n|turn|11\n|inactive|gostop has 240 seconds left.\n|j| TrueNora\n|\n|t:|1616309043\n|switch|p2a: Yveltal|Yveltal|100\/100\n|-ability|p2a: Yveltal|Dark Aura\n|move|p1a: Arceus|Judgment|p2a: Yveltal\n|-immune|p2a: Yveltal\n|\n|upkeep\n|turn|12\n|\n|t:|1616309056\n|switch|p1a: Kyogre|Kyogre-Primal|100\/100\n|-damage|p1a: Kyogre|88\/100|[from] Stealth Rock\n|-weather|PrimordialSea|[from] ability: Primordial Sea|[of] p1a: Kyogre\n|move|p2a: Yveltal|Toxic|p1a: Kyogre\n|-status|p1a: Kyogre|tox\n|\n|-weather|PrimordialSea|[upkeep]\n|-damage|p1a: Kyogre|82\/100 tox|[from] psn\n|upkeep\n|turn|13\n|l| TrueNora\n|inactive|64 squares has 240 seconds left.\n|\n|t:|1616309080\n|-weather|none\n|switch|p1a: Arceus|Arceus-Ground|94\/100\n|-damage|p1a: Arceus|88\/100|[from] Stealth Rock\n|move|p2a: Yveltal|U-turn|p1a: Arceus\n|-damage|p1a: Arceus|75\/100\n|inactive|64 squares has 210 seconds left.\n|\n|t:|1616309125\n|switch|p2a: Xerneas|Xerneas|100\/100|[from]move: U-turn\n|-ability|p2a: Xerneas|Fairy Aura\n|\n|upkeep\n|turn|14\n|\n|t:|1616309138\n|move|p2a: Xerneas|Moonblast|p1a: Arceus\n|-damage|p1a: Arceus|27\/100\n|-unboost|p1a: Arceus|spa|1\n|move|p1a: Arceus|Defog|p2a: Xerneas\n|-unboost|p2a: Xerneas|evasion|1\n|-sideend|p1: gostop|Stealth Rock|[from] move: Defog|[of] p1a: Arceus\n|\n|upkeep\n|turn|15\n|j| Slow_Dream\n|\n|t:|1616309149\n|switch|p2a: Yveltal|Yveltal|100\/100\n|-ability|p2a: Yveltal|Dark Aura\n|switch|p1a: Groudon|Groudon|100\/100\n|detailschange|p1a: Groudon|Groudon-Primal\n|-primal|p1a: Groudon\n|-weather|DesolateLand|[from] ability: Desolate Land|[of] p1a: Groudon\n|\n|-weather|DesolateLand|[upkeep]\n|upkeep\n|turn|16\n|inactive|64 squares has 180 seconds left.\n|\n|t:|1616309202\n|move|p2a: Yveltal|Toxic|p1a: Groudon\n|-status|p1a: Groudon|tox\n|move|p1a: Groudon|Stealth Rock|p2a: Yveltal\n|-sidestart|p2: 64 squares|move: Stealth Rock\n|\n|-weather|DesolateLand|[upkeep]\n|-damage|p1a: Groudon|94\/100 tox|[from] psn\n|upkeep\n|turn|17\n|inactive|gostop has 210 seconds left.\n|inactive|64 squares has 150 seconds left.\n|\n|t:|1616309224\n|move|p2a: Yveltal|Foul Play|p1a: Groudon\n|-damage|p1a: Groudon|57\/100 tox\n|move|p1a: Groudon|Overheat|p2a: Yveltal|[miss]\n|-miss|p1a: Groudon|p2a: Yveltal\n|\n|-weather|DesolateLand|[upkeep]\n|-damage|p1a: Groudon|44\/100 tox|[from] psn\n|upkeep\n|turn|18\n|inactive|gostop has 210 seconds left.\n|inactive|64 squares has 150 seconds left.\n|j| colorfulchocolate\n|inactive|64 squares has 120 seconds left.\n|\n|t:|1616309275\n|-weather|none\n|switch|p1a: Kyogre|Kyogre-Primal|82\/100 tox\n|-weather|PrimordialSea|[from] ability: Primordial Sea|[of] p1a: Kyogre\n|-zpower|p2a: Yveltal\n|move|p2a: Yveltal|Black Hole Eclipse|p1a: Kyogre|[zeffect]\n|-damage|p1a: Kyogre|4\/100 tox\n|\n|-weather|PrimordialSea|[upkeep]\n|-damage|p1a: Kyogre|0 fnt|[from] psn\n|faint|p1a: Kyogre\n|-weather|none\n|upkeep\n|inactive|gostop has 180 seconds left.\n|\n|t:|1616309293\n|switch|p1a: Yveltal|Yveltal|82\/100 tox\n|-ability|p1a: Yveltal|Dark Aura\n|turn|19\n|inactive|64 squares has 120 seconds left.\n|inactive|64 squares has 90 seconds left.\n|\n|t:|1616309357\n|switch|p2a: Arceus|Arceus-Ground|64\/100\n|-damage|p2a: Arceus|58\/100|[from] Stealth Rock\n|move|p1a: Yveltal|Oblivion Wing|p2a: Arceus\n|-damage|p2a: Arceus|27\/100\n|-heal|p1a: Yveltal|100\/100 tox|[from] drain|[of] p2a: Arceus\n|\n|-damage|p1a: Yveltal|94\/100 tox|[from] psn\n|upkeep\n|turn|20\n|j| TrueNora\n|\n|t:|1616309367\n|move|p2a: Arceus|Recover|p2a: Arceus\n|-heal|p2a: Arceus|77\/100\n|move|p1a: Yveltal|Oblivion Wing|p2a: Arceus\n|-damage|p2a: Arceus|39\/100\n|-heal|p1a: Yveltal|100\/100 tox|[from] drain|[of] p2a: Arceus\n|\n|-damage|p1a: Yveltal|88\/100 tox|[from] psn\n|upkeep\n|turn|21\n|\n|t:|1616309377\n|move|p2a: Arceus|Recover|p2a: Arceus\n|-heal|p2a: Arceus|89\/100\n|move|p1a: Yveltal|Oblivion Wing|p2a: Arceus\n|-damage|p2a: Arceus|52\/100\n|-heal|p1a: Yveltal|100\/100 tox|[from] drain|[of] p2a: Arceus\n|\n|-damage|p1a: Yveltal|82\/100 tox|[from] psn\n|upkeep\n|turn|22\n|l| Slow_Dream\n|inactive|64 squares has 90 seconds left.\n|\n|t:|1616309386\n|move|p2a: Arceus|Stealth Rock|p1a: Yveltal\n|-sidestart|p1: gostop|move: Stealth Rock\n|move|p1a: Yveltal|Oblivion Wing|p2a: Arceus\n|-damage|p2a: Arceus|9\/100\n|-heal|p1a: Yveltal|100\/100 tox|[from] drain|[of] p2a: Arceus\n|\n|-damage|p1a: Yveltal|76\/100 tox|[from] psn\n|upkeep\n|turn|23\n|l| TrueNora\n|inactive|64 squares has 90 seconds left.\n|\n|t:|1616309397\n|move|p2a: Arceus|Recover|p2a: Arceus\n|-heal|p2a: Arceus|59\/100\n|move|p1a: Yveltal|Oblivion Wing|p2a: Arceus\n|-damage|p2a: Arceus|10\/100\n|-heal|p1a: Yveltal|100\/100 tox|[from] drain|[of] p2a: Arceus\n|\n|-damage|p1a: Yveltal|70\/100 tox|[from] psn\n|upkeep\n|turn|24\n|inactive|gostop has 210 seconds left.\n|inactive|64 squares has 90 seconds left.\n|\n|t:|1616309412\n|move|p2a: Arceus|Recover|p2a: Arceus\n|-heal|p2a: Arceus|60\/100\n|move|p1a: Yveltal|Oblivion Wing|p2a: Arceus\n|-damage|p2a: Arceus|7\/100\n|-heal|p1a: Yveltal|100\/100 tox|[from] drain|[of] p2a: Arceus\n|\n|-damage|p1a: Yveltal|64\/100 tox|[from] psn\n|upkeep\n|turn|25\n|inactive|64 squares has 90 seconds left.\n|inactive|64 squares has 60 seconds left.\n|j| TrueNora\n|\n|t:|1616309466\n|move|p2a: Arceus|Recover|p2a: Arceus\n|-heal|p2a: Arceus|57\/100\n|move|p1a: Yveltal|Oblivion Wing|p2a: Arceus\n|-damage|p2a: Arceus|0 fnt\n|-heal|p1a: Yveltal|100\/100 tox|[from] drain|[of] p2a: Arceus\n|faint|p2a: Arceus\n|\n|-damage|p1a: Yveltal|58\/100 tox|[from] psn\n|upkeep\n|\n|t:|1616309473\n|switch|p2a: Xerneas|Xerneas|100\/100\n|-damage|p2a: Xerneas|88\/100|[from] Stealth Rock\n|-ability|p2a: Xerneas|Fairy Aura\n|turn|26\n|l| colorfulchocolate\n|l| TrueNora\n|j| colorfulchocolate\n|inactive|gostop has 210 seconds left.\n|j| 2222mm\n|l| 2222mm\n|\n|t:|1616309519\n|switch|p1a: Groudon|Groudon-Primal|44\/100 tox\n|-damage|p1a: Groudon|32\/100 tox|[from] Stealth Rock\n|-weather|DesolateLand|[from] ability: Desolate Land|[of] p1a: Groudon\n|move|p2a: Xerneas|Moonblast|p1a: Groudon\n|-resisted|p1a: Groudon\n|-damage|p1a: Groudon|7\/100 tox\n|\n|-weather|DesolateLand|[upkeep]\n|-damage|p1a: Groudon|0 fnt|[from] psn\n|faint|p1a: Groudon\n|-weather|none\n|upkeep\n|inactive|gostop has 180 seconds left.\n|\n|t:|1616309540\n|switch|p1a: Necrozma|Necrozma-Dusk-Mane|100\/100\n|-damage|p1a: Necrozma|95\/100|[from] Stealth Rock\n|turn|27\n|inactive|64 squares has 60 seconds left.\n|j| TrueNora\n|j| Slow_Dream\n|inactive|64 squares has 30 seconds left.\n|inactive|64 squares has 20 seconds left.\n|inactive|64 squares has 15 seconds left.\n|\n|t:|1616309592\n|switch|p2a: Necrozma|Necrozma-Dusk-Mane|100\/100\n|-damage|p2a: Necrozma|94\/100|[from] Stealth Rock\n|move|p1a: Necrozma|Earthquake|p2a: Necrozma\n|-supereffective|p2a: Necrozma\n|-damage|p2a: Necrozma|52\/100\n|-enditem|p2a: Necrozma|Weakness Policy\n|-boost|p2a: Necrozma|atk|2|[from] item: Weakness Policy\n|-boost|p2a: Necrozma|spa|2|[from] item: Weakness Policy\n|\n|upkeep\n|turn|28\n|inactive|64 squares has 25 seconds left this turn.\n|inactive|64 squares has 20 seconds left.\n|inactive|64 squares has 15 seconds left.\n|inactive|64 squares has 10 seconds left.\n|inactive|gostop has 150 seconds left.\n|l| Slow_Dream\n|inactive|gostop has 120 seconds left.\n|j| Slow_Dream\n|inactive|gostop has 90 seconds left.\n|\n|t:|1616309694\n|switch|p1a: Arceus|Arceus-Ground|27\/100\n|-damage|p1a: Arceus|21\/100|[from] Stealth Rock\n|move|p2a: Necrozma|Sunsteel Strike|p1a: Arceus\n|-damage|p1a: Arceus|0 fnt\n|faint|p1a: Arceus\n|\n|upkeep\n|inactive|64 squares has 15 seconds left this turn.\n|\n|t:|1616309697\n|switch|p1a: Marshadow|Marshadow|100\/100\n|-damage|p1a: Marshadow|94\/100|[from] Stealth Rock\n|turn|29\n|inactive|64 squares has 25 seconds left this turn.\n|\n|t:|1616309720\n|switch|p2a: Yveltal|Yveltal|100\/100\n|-damage|p2a: Yveltal|76\/100|[from] Stealth Rock\n|-ability|p2a: Yveltal|Dark Aura\n|move|p1a: Marshadow|Bulk Up|p1a: Marshadow\n|-boost|p1a: Marshadow|atk|1\n|-boost|p1a: Marshadow|def|1\n|\n|upkeep\n|turn|30\n|inactive|64 squares has 30 seconds left.\n|inactive|gostop has 60 seconds left.\n|inactive|gostop has 30 seconds left.\n|\n|t:|1616309773\n|move|p1a: Marshadow|Bulk Up|p1a: Marshadow\n|-boost|p1a: Marshadow|atk|1\n|-boost|p1a: Marshadow|def|1\n|move|p2a: Yveltal|Foul Play|p1a: Marshadow\n|-damage|p1a: Marshadow|17\/100\n|\n|upkeep\n|turn|31\n|inactive|gostop has 30 seconds left.\n|inactive|64 squares has 30 seconds left.\n|inactive|64 squares has 20 seconds left.\n|inactive|64 squares has 15 seconds left.\n|\n|t:|1616309800\n|switch|p2a: Necrozma|Necrozma-Dusk-Mane|52\/100\n|-damage|p2a: Necrozma|46\/100|[from] Stealth Rock\n|move|p1a: Marshadow|Low Kick|p2a: Necrozma\n|-damage|p2a: Necrozma|0 fnt\n|faint|p2a: Necrozma\n|\n|upkeep\n|inactive|gostop has 30 seconds left this turn.\n|inactive|64 squares has 20 seconds left this turn.\n|\n|t:|1616309803\n|switch|p2a: Xerneas|Xerneas|88\/100\n|-damage|p2a: Xerneas|76\/100|[from] Stealth Rock\n|-ability|p2a: Xerneas|Fairy Aura\n|turn|32\n|inactive|64 squares has 30 seconds left this turn.\n|inactive|gostop has 30 seconds left.\n|inactive|gostop has 20 seconds left.\n|inactive|gostop has 15 seconds left.\n|inactive|gostop has 10 seconds left.\n|\n|t:|1616309835\n|move|p1a: Marshadow|Shadow Sneak|p2a: Xerneas\n|-damage|p2a: Xerneas|19\/100\n|move|p2a: Xerneas|Moonblast|p1a: Marshadow\n|-supereffective|p1a: Marshadow\n|-damage|p1a: Marshadow|0 fnt\n|faint|p1a: Marshadow\n|\n|upkeep\n|inactive|gostop has 15 seconds left this turn.\n|inactive|gostop has 10 seconds left.\n|\n|t:|1616309844\n|switch|p1a: Necrozma|Necrozma-Dusk-Mane|95\/100\n|-damage|p1a: Necrozma|89\/100|[from] Stealth Rock\n|turn|33\n|inactive|gostop has 20 seconds left this turn.\n|inactive|gostop has 15 seconds left.\n|\n|t:|1616309853\n|switch|p2a: Yveltal|Yveltal|76\/100\n|-damage|p2a: Yveltal|51\/100|[from] Stealth Rock\n|-ability|p2a: Yveltal|Dark Aura\n|move|p1a: Necrozma|Photon Geyser|p2a: Yveltal\n|-immune|p2a: Yveltal\n|\n|upkeep\n|turn|34\n|inactive|gostop has 25 seconds left this turn.\n|inactive|gostop has 20 seconds left.\n|\n|t:|1616309862\n|move|p2a: Yveltal|Foul Play|p1a: Necrozma\n|-supereffective|p1a: Necrozma\n|-damage|p1a: Necrozma|0 fnt\n|faint|p1a: Necrozma\n|\n|upkeep\n|inactive|gostop has 25 seconds left this turn.\n|j| Flaming Wielder\n|\n|t:|1616309866\n|switch|p1a: Yveltal|Yveltal|58\/100 tox\n|-damage|p1a: Yveltal|33\/100 tox|[from] Stealth Rock\n|-ability|p1a: Yveltal|Dark Aura\n|turn|35\n|\n|t:|1616309869\n|move|p2a: Yveltal|Foul Play|p1a: Yveltal\n|-resisted|p1a: Yveltal\n|-damage|p1a: Yveltal|15\/100 tox\n|move|p1a: Yveltal|Oblivion Wing|p2a: Yveltal\n|-damage|p2a: Yveltal|14\/100\n|-heal|p1a: Yveltal|43\/100 tox|[from] drain|[of] p2a: Yveltal\n|\n|-damage|p1a: Yveltal|37\/100 tox|[from] psn\n|upkeep\n|turn|36\n|\n|t:|1616309878\n|move|p2a: Yveltal|Roost|p2a: Yveltal\n|-heal|p2a: Yveltal|64\/100\n|-singleturn|p2a: Yveltal|move: Roost\n|move|p1a: Yveltal|Oblivion Wing|p2a: Yveltal\n|-damage|p2a: Yveltal|24\/100\n|-heal|p1a: Yveltal|68\/100 tox|[from] drain|[of] p2a: Yveltal\n|\n|-damage|p1a: Yveltal|56\/100 tox|[from] psn\n|upkeep\n|turn|37\n|\n|t:|1616309883\n|move|p2a: Yveltal|Roost|p2a: Yveltal\n|-heal|p2a: Yveltal|74\/100\n|-singleturn|p2a: Yveltal|move: Roost\n|move|p1a: Yveltal|Oblivion Wing|p2a: Yveltal\n|-damage|p2a: Yveltal|20\/100\n|-heal|p1a: Yveltal|97\/100 tox|[from] drain|[of] p2a: Yveltal\n|\n|-damage|p1a: Yveltal|79\/100 tox|[from] psn\n|upkeep\n|turn|38\n|l| TrueNora\n|\n|t:|1616309893\n|move|p2a: Yveltal|Foul Play|p1a: Yveltal\n|-resisted|p1a: Yveltal\n|-damage|p1a: Yveltal|58\/100 tox\n|move|p1a: Yveltal|Oblivion Wing|p2a: Yveltal\n|-damage|p2a: Yveltal|0 fnt\n|-heal|p1a: Yveltal|73\/100 tox|[from] drain|[of] p2a: Yveltal\n|faint|p2a: Yveltal\n|\n|-damage|p1a: Yveltal|49\/100 tox|[from] psn\n|upkeep\n|c|\u260664 squares|test\n|inactive|64 squares has 60 seconds left.\n|\n|t:|1616309921\n|switch|p2a: Gengar|Gengar, M|100\/100\n|-damage|p2a: Gengar|88\/100|[from] Stealth Rock\n|turn|39\n|\n|t:|1616309926\n|detailschange|p2a: Gengar|Gengar-Mega, M\n|-mega|p2a: Gengar|Gengar|Gengarite\n|move|p1a: Yveltal|Sucker Punch||[still]\n|-fail|p1a: Yveltal\n|move|p2a: Gengar|Substitute|p2a: Gengar\n|-start|p2a: Gengar|Substitute\n|-damage|p2a: Gengar|63\/100\n|\n|-damage|p1a: Yveltal|19\/100 tox|[from] psn\n|upkeep\n|turn|40\n|\n|t:|1616309934\n|move|p1a: Yveltal|Sucker Punch|p2a: Gengar\n|-supereffective|p2a: Gengar\n|-end|p2a: Gengar|Substitute\n|move|p2a: Gengar|Shadow Ball|p1a: Yveltal\n|-resisted|p1a: Yveltal\n|-damage|p1a: Yveltal|0 fnt\n|faint|p1a: Yveltal\n|\n|win|64 squares\n|l| Slow_Dream\n|c|\u260664 squares|gg\n|l| Raiden Mei\n|l| colorfulchocolate\n|l| Metallica126\n|l| tinsel towngirl\n","uploadtime":1616309956,"views":133,"p1id":"gostop","p2id":"64squares","formatid":"gen7ubers","rating":0,"private":0,"password":null}