{"id":"china-gen8randombattle-420910","p1":"shengbiao","p2":"gostop","format":"gen8randombattle","log":"|j|\u2606shengbiao\n|j|\u2606gostop\n|t:|1619186336\n|gametype|singles\n|player|p1|shengbiao|shengbiao.png|\n|player|p2|gostop|gostop.gif|\n|teamsize|p1|6\n|teamsize|p2|6\n|gen|8\n|tier|[Gen 8] Random Battle\n|rule|Species Clause: Limit one of each Pok\u00e9mon\n|rule|HP Percentage Mod: HP is shown in percentages\n|rule|Sleep Clause Mod: Limit one foe put to sleep\n|\n|t:|1619186336\n|start\n|switch|p1a: Victini|Victini, L78|283\/283\n|switch|p2a: Ninetales|Ninetales-Alola, L80, F|247\/247\n|-weather|Hail|[from] ability: Snow Warning|[of] p2a: Ninetales\n|turn|1\n|j|\u265aAllen-xia\u5bfb\u6b22\n|\n|t:|1619186381\n|switch|p2a: Entei|Entei, L80|315\/315\n|move|p1a: Victini|U-turn|p2a: Entei\n|-resisted|p2a: Entei\n|-crit|p2a: Entei\n|-damage|p2a: Entei|278\/315\n|\n|t:|1619186392\n|switch|p1a: Keldeo|Keldeo-Resolute, L80|277\/277\n|\n|-weather|Hail|[upkeep]\n|-damage|p1a: Keldeo|260\/277|[from] Hail\n|-damage|p2a: Entei|259\/315|[from] Hail\n|-heal|p1a: Keldeo|277\/277|[from] item: Leftovers\n|upkeep\n|turn|2\n|j|\u265aChizuru mizuhara\n|inactive|Battle timer is ON: inactive players will automatically lose when time's up. (requested by shengbiao)\n|j|+wistwind\n|\n|t:|1619186451\n|switch|p2a: Eternatus|Eternatus, L70|312\/312\n|-ability|p2a: Eternatus|Pressure\n|move|p1a: Keldeo|Substitute|p1a: Keldeo\n|-start|p1a: Keldeo|Substitute\n|-damage|p1a: Keldeo|208\/277\n|\n|-weather|Hail|[upkeep]\n|-damage|p2a: Eternatus|293\/312|[from] Hail\n|-damage|p1a: Keldeo|191\/277|[from] Hail\n|-heal|p1a: Keldeo|208\/277|[from] item: Leftovers\n|upkeep\n|turn|3\n|\n|t:|1619186465\n|move|p2a: Eternatus|Dynamax Cannon|p1a: Keldeo\n|-end|p1a: Keldeo|Substitute\n|move|p1a: Keldeo|Scald|p2a: Eternatus\n|-resisted|p2a: Eternatus\n|-damage|p2a: Eternatus|238\/312\n|\n|-weather|Hail|[upkeep]\n|-damage|p2a: Eternatus|219\/312|[from] Hail\n|-damage|p1a: Keldeo|191\/277|[from] Hail\n|-heal|p1a: Keldeo|208\/277|[from] item: Leftovers\n|upkeep\n|turn|4\n|\n|t:|1619186471\n|switch|p1a: Alcremie|Alcremie, L86, F|252\/252\n|move|p2a: Eternatus|Sludge Wave|p1a: Alcremie\n|-supereffective|p1a: Alcremie\n|-damage|p1a: Alcremie|90\/252\n|\n|-weather|Hail|[upkeep]\n|-damage|p2a: Eternatus|200\/312|[from] Hail\n|-damage|p1a: Alcremie|75\/252|[from] Hail\n|upkeep\n|turn|5\n|\n|t:|1619186477\n|move|p2a: Eternatus|Sludge Wave|p1a: Alcremie\n|-supereffective|p1a: Alcremie\n|-damage|p1a: Alcremie|0 fnt\n|faint|p1a: Alcremie\n|\n|-weather|none\n|upkeep\n|\n|t:|1619186488\n|switch|p1a: Victini|Victini, L78|283\/283\n|turn|6\n|inactive|gostop has 270 seconds left.\n|\n|t:|1619186540\n|switch|p2a: Wailord|Wailord, L88, F|442\/442\n|move|p1a: Victini|Zen Headbutt|p2a: Wailord\n|-damage|p2a: Wailord|319\/442\n|\n|upkeep\n|turn|7\n|inactive|shengbiao has 270 seconds left.\n|\n|t:|1619186576\n|move|p1a: Victini|U-turn|p2a: Wailord\n|-damage|p2a: Wailord|254\/442\n|\n|t:|1619186583\n|switch|p1a: Slowbro|Slowbro-Galar, L86, M|304\/304\n|move|p2a: Wailord|Hydro Pump|p1a: Slowbro\n|-damage|p1a: Slowbro|94\/304\n|\n|upkeep\n|turn|8\n|inactive|shengbiao has 270 seconds left.\n|\n|t:|1619186589\n|move|p2a: Wailord|Hydro Pump|p1a: Slowbro|[miss]\n|-miss|p2a: Wailord|p1a: Slowbro\n|move|p1a: Slowbro|Shell Side Arm|p2a: Wailord\n|-damage|p2a: Wailord|50\/442\n|-hint|Physical Shell Side Arm\n|-damage|p1a: Slowbro|64\/304|[from] item: Life Orb\n|\n|upkeep\n|turn|9\n|j| emzzf\n|inactive|shengbiao has 270 seconds left.\n|\n|t:|1619186602\n|switch|p1a: Keldeo|Keldeo-Resolute, L80|208\/277\n|move|p2a: Wailord|Hydro Pump|p1a: Keldeo\n|-resisted|p1a: Keldeo\n|-damage|p1a: Keldeo|120\/277\n|\n|-heal|p1a: Keldeo|137\/277|[from] item: Leftovers\n|upkeep\n|turn|10\n|inactive|gostop has 270 seconds left.\n|inactive|shengbiao has 270 seconds left.\n|j| Ninetales snow\n|\n|t:|1619186626\n|switch|p2a: Eternatus|Eternatus, L70|200\/312\n|-ability|p2a: Eternatus|Pressure\n|move|p1a: Keldeo|Secret Sword|p2a: Eternatus\n|-resisted|p2a: Eternatus\n|-crit|p2a: Eternatus\n|-damage|p2a: Eternatus|115\/312\n|\n|-heal|p1a: Keldeo|154\/277|[from] item: Leftovers\n|upkeep\n|turn|11\n|inactive|shengbiao has 270 seconds left.\n|\n|t:|1619186635\n|switch|p1a: Slowbro|Slowbro-Galar, L86, M|165\/304\n|move|p2a: Eternatus|Recover|p2a: Eternatus\n|-heal|p2a: Eternatus|271\/312\n|\n|upkeep\n|turn|12\n|inactive|gostop has 240 seconds left.\n|\n|t:|1619186669\n|switch|p2a: Wailord|Wailord, L88, F|50\/442\n|move|p1a: Slowbro|Trick Room|p1a: Slowbro\n|-fieldstart|move: Trick Room|[of] p1a: Slowbro\n|\n|upkeep\n|turn|13\n|inactive|gostop has 240 seconds left.\n|\n|t:|1619186684\n|move|p1a: Slowbro|Psychic|p2a: Wailord\n|-damage|p2a: Wailord|0 fnt\n|-damage|p1a: Slowbro|135\/304|[from] item: Life Orb\n|faint|p2a: Wailord\n|\n|upkeep\n|inactive|gostop has 240 seconds left.\n|\n|t:|1619186689\n|switch|p2a: Hatterene|Hatterene, L86, F|238\/238\n|turn|14\n|\n|t:|1619186698\n|move|p2a: Hatterene|Psychic|p1a: Slowbro\n|-damage|p1a: Slowbro|0 fnt\n|-damage|p2a: Hatterene|215\/238|[from] item: Life Orb\n|faint|p1a: Slowbro\n|\n|upkeep\n|\n|t:|1619186710\n|switch|p1a: Exploud|Exploud, L84, F|312\/312\n|turn|15\n|inactive|gostop has 240 seconds left.\n|\n|t:|1619186732\n|move|p2a: Hatterene|Psychic|p1a: Exploud\n|-damage|p1a: Exploud|117\/312\n|-damage|p2a: Hatterene|192\/238|[from] item: Life Orb\n|move|p1a: Exploud|Boomburst|p2a: Hatterene\n|-damage|p2a: Hatterene|24\/238\n|\n|upkeep\n|turn|16\n|inactive|gostop has 240 seconds left.\n|\n|t:|1619186749\n|move|p2a: Hatterene|Psychic|p1a: Exploud\n|-damage|p1a: Exploud|0 fnt\n|-damage|p2a: Hatterene|1\/238|[from] item: Life Orb\n|faint|p1a: Exploud\n|\n|-fieldend|move: Trick Room\n|upkeep\n|inactive|shengbiao has 270 seconds left.\n|\n|t:|1619186774\n|switch|p1a: Victini|Victini, L78|283\/283\n|turn|17\n|\n|t:|1619186780\n|move|p1a: Victini|Zen Headbutt|p2a: Hatterene\n|-resisted|p2a: Hatterene\n|-damage|p2a: Hatterene|0 fnt\n|faint|p2a: Hatterene\n|\n|upkeep\n|inactive|gostop has 240 seconds left.\n|\n|t:|1619186813\n|switch|p2a: Entei|Entei, L80|259\/315\n|turn|18\n|inactive|shengbiao has 270 seconds left.\n|\n|t:|1619186837\n|move|p2a: Entei|Extreme Speed|p1a: Victini\n|-damage|p1a: Victini|199\/283\n|move|p1a: Victini|U-turn|p2a: Entei\n|-resisted|p2a: Entei\n|-damage|p2a: Entei|235\/315\n|\n|t:|1619186841\n|switch|p1a: Keldeo|Keldeo-Resolute, L80|154\/277\n|\n|-heal|p1a: Keldeo|171\/277|[from] item: Leftovers\n|upkeep\n|turn|19\n|inactive|gostop has 240 seconds left.\n|\n|t:|1619186857\n|switch|p2a: Ninetales|Ninetales-Alola, L80, F|247\/247\n|-weather|Hail|[from] ability: Snow Warning|[of] p2a: Ninetales\n|move|p1a: Keldeo|Calm Mind|p1a: Keldeo\n|-boost|p1a: Keldeo|spa|1\n|-boost|p1a: Keldeo|spd|1\n|\n|-weather|Hail|[upkeep]\n|-damage|p1a: Keldeo|154\/277|[from] Hail\n|-heal|p1a: Keldeo|171\/277|[from] item: Leftovers\n|upkeep\n|turn|20\n|\n|t:|1619186880\n|move|p2a: Ninetales|Nasty Plot|p2a: Ninetales\n|-boost|p2a: Ninetales|spa|2\n|move|p1a: Keldeo|Calm Mind|p1a: Keldeo\n|-boost|p1a: Keldeo|spa|1\n|-boost|p1a: Keldeo|spd|1\n|\n|-weather|Hail|[upkeep]\n|-damage|p1a: Keldeo|154\/277|[from] Hail\n|-heal|p1a: Keldeo|171\/277|[from] item: Leftovers\n|upkeep\n|turn|21\n|\n|t:|1619186889\n|move|p2a: Ninetales|Moonblast|p1a: Keldeo\n|-supereffective|p1a: Keldeo\n|-damage|p1a: Keldeo|13\/277\n|move|p1a: Keldeo|Scald|p2a: Ninetales\n|-damage|p2a: Ninetales|73\/247\n|\n|-weather|Hail|[upkeep]\n|-damage|p1a: Keldeo|0 fnt|[from] Hail\n|faint|p1a: Keldeo\n|upkeep\n|\n|t:|1619186893\n|switch|p1a: Genesect|Genesect, L74|227\/227\n|-ability|p1a: Genesect|Download|boost\n|-boost|p1a: Genesect|atk|1\n|turn|22\n|\n|t:|1619186902\n|move|p2a: Ninetales|Blizzard|p1a: Genesect\n|-resisted|p1a: Genesect\n|-damage|p1a: Genesect|125\/227\n|move|p1a: Genesect|Shift Gear|p1a: Genesect\n|-boost|p1a: Genesect|spe|2\n|-boost|p1a: Genesect|atk|1\n|\n|-weather|Hail|[upkeep]\n|-damage|p1a: Genesect|111\/227|[from] Hail\n|upkeep\n|turn|23\n|inactive|gostop has 240 seconds left.\n|\n|t:|1619186933\n|move|p1a: Genesect|Blaze Kick|p2a: Ninetales\n|-supereffective|p2a: Ninetales\n|-damage|p2a: Ninetales|0 fnt\n|-damage|p1a: Genesect|89\/227|[from] item: Life Orb\n|faint|p2a: Ninetales\n|\n|-weather|none\n|upkeep\n|\n|t:|1619186947\n|switch|p2a: Entei|Entei, L80|235\/315\n|turn|24\n|l|\u265aAllen-xia\u5bfb\u6b22\n|inactive|gostop has 210 seconds left.\n|\n|t:|1619186962\n|-start|p1a: Genesect|Dynamax\n|-heal|p1a: Genesect|178\/454|[silent]\n|-start|p2a: Entei|Dynamax\n|-heal|p2a: Entei|470\/630|[silent]\n|move|p1a: Genesect|Max Steelspike|p2a: Entei\n|-resisted|p2a: Entei\n|-damage|p2a: Entei|308\/630\n|-boost|p1a: Genesect|def|1\n|-damage|p1a: Genesect|156\/454|[from] item: Life Orb\n|move|p2a: Entei|Max Flare|p1a: Genesect\n|-supereffective|p1a: Genesect\n|-damage|p1a: Genesect|0 fnt\n|-weather|SunnyDay\n|faint|p1a: Genesect\n|\n|-weather|SunnyDay|[upkeep]\n|upkeep\n|\n|t:|1619186971\n|switch|p1a: Victini|Victini, L78|199\/283\n|turn|25\n|\n|t:|1619186980\n|move|p2a: Entei|Max Rockfall|p1a: Victini\n|-supereffective|p1a: Victini\n|-damage|p1a: Victini|5\/283\n|-weather|Sandstorm\n|move|p1a: Victini|Zen Headbutt|p2a: Entei\n|-damage|p2a: Entei|223\/630\n|\n|-weather|Sandstorm|[upkeep]\n|-damage|p2a: Entei|204\/630|[from] Sandstorm\n|-damage|p1a: Victini|0 fnt|[from] Sandstorm\n|faint|p1a: Victini\n|\n|win|gostop\n|upkeep\n|l|+wistwind\n|l|\u2606shengbiao\n","inputlog":">version e2015f030898526ffd5a066217038af11880bd59\n>version-origin 3918ebd609a2bd57e0326bf76fca79306b37a61f\n>start {\"formatid\":\"gen8randombattle\",\"seed\":[11225,13333,17321,52696]}\n>player p1 {\"name\":\"shengbiao\",\"avatar\":\"shengbiao.png\",\"rating\":0,\"seed\":[13073,10124,14388,16382]}\n>player p2 {\"name\":\"gostop\",\"avatar\":\"gostop.gif\",\"rating\":0,\"seed\":[60138,31115,27029,38049]}\n>p1 move uturn\n>p2 switch 6\n>p1 switch 2\n>p1 move substitute\n>p2 switch 5\n>p1 move scald\n>p2 move dynamaxcannon\n>p1 switch 5\n>p2 move sludgewave\n>p1 move recover\n>p2 move sludgewave\n>p1 switch 2\n>p1 move zenheadbutt\n>p2 switch 2\n>p1 move uturn\n>p2 move hydropump\n>p1 switch 4\n>p1 move shellsidearm\n>p2 move hydropump\n>p1 switch 5\n>p2 move hydropump\n>p1 move secretsword\n>p2 switch 2\n>p1 switch 5\n>p2 move recover\n>p1 move trickroom\n>p2 switch 2\n>p1 move psychic\n>p2 move hydropump\n>p2 switch 3\n>p1 move shellsidearm\n>p2 move psychic\n>p1 switch 6\n>p1 move boomburst\n>p2 move psychic\n>p1 move boomburst\n>p2 move psychic\n>p1 switch 4\n>p1 move zenheadbutt\n>p2 move psychic\n>p2 switch 5\n>p1 move uturn\n>p2 move extremespeed\n>p1 switch 5\n>p1 move calmmind\n>p2 switch 6\n>p1 move calmmind\n>p2 move nastyplot\n>p1 move scald\n>p2 move moonblast\n>p1 switch 3\n>p1 move shiftgear\n>p2 move blizzard\n>p1 move blazekick\n>p2 move blizzard\n>p2 switch 6\n>p1 move ironhead dynamax\n>p2 move flareblitz dynamax\n>p1 switch 5\n>p1 move zenheadbutt\n>p2 move stoneedge dynamax","uploadtime":1619186984,"views":66,"p1id":"shengbiao","p2id":"gostop","formatid":"gen8randombattle","rating":0,"private":0,"password":null}