{"id":"china-gen5randombattle-401724","p1":"sunlight shadow","p2":"Swordsman.N","format":"gen5randombattle","log":"|j|\u2606sunlight shadow\n|j|\u2606Swordsman.N\n|t:|1617890472\n|gametype|singles\n|player|p1|sunlight shadow|elesa|\n|player|p2|Swordsman.N|249|\n|teamsize|p1|6\n|teamsize|p2|6\n|gen|5\n|tier|[Gen 5] Random Battle\n|rated|Tournament battle\n|rule|Sleep Clause Mod: Limit one foe put to sleep\n|rule|HP Percentage Mod: HP is shown in percentages\n|\n|t:|1617890472\n|start\n|switch|p1a: Volbeat|Volbeat, L88, M|258\/258\n|switch|p2a: Unown|Unown-B|258\/258\n|turn|1\n|j| fumigate\n|j| 17\u65e5\u30c6\u30fc\u30eb\u30e9\u30f3\u30d7xiaokh\n|inactive|Battle timer is ON: inactive players will automatically lose when time's up. (requested by Swordsman.N)\n|c|\u2606sunlight shadow|hf\n|c|\u2606Swordsman.N|u2\n|\n|t:|1617890517\n|move|p1a: Volbeat|Substitute|p1a: Volbeat\n|-start|p1a: Volbeat|Substitute\n|-damage|p1a: Volbeat|194\/258\n|move|p2a: Unown|Hidden Power|p1a: Volbeat\n|-end|p1a: Volbeat|Substitute\n|\n|-heal|p1a: Volbeat|210\/258|[from] item: Leftovers\n|upkeep\n|turn|2\n|\n|t:|1617890524\n|move|p1a: Volbeat|Bug Buzz|p2a: Unown\n|-supereffective|p2a: Unown\n|-damage|p2a: Unown|88\/258\n|move|p2a: Unown|Hidden Power|p1a: Volbeat\n|-damage|p1a: Volbeat|68\/258\n|\n|-heal|p1a: Volbeat|84\/258|[from] item: Leftovers\n|upkeep\n|turn|3\n|\n|t:|1617890531\n|move|p1a: Volbeat|Bug Buzz|p2a: Unown\n|-supereffective|p2a: Unown\n|-damage|p2a: Unown|0 fnt\n|faint|p2a: Unown\n|\n|-heal|p1a: Volbeat|100\/258|[from] item: Leftovers\n|upkeep\n|\n|t:|1617890541\n|switch|p2a: Seaking|Seaking, L88, F|284\/284\n|turn|4\n|\n|t:|1617890552\n|move|p1a: Volbeat|Thunder Wave|p2a: Seaking\n|-ability|p2a: Seaking|Lightning Rod|boost\n|-boost|p2a: Seaking|spa|1\n|move|p2a: Seaking|Waterfall|p1a: Volbeat\n|-damage|p1a: Volbeat|0 fnt\n|-damage|p2a: Seaking|256\/284|[from] item: Life Orb\n|faint|p1a: Volbeat\n|\n|upkeep\n|c|\u2606sunlight shadow|oh\n|\n|t:|1617890566\n|switch|p1a: Manaphy|Manaphy, L76|277\/277\n|turn|5\n|\n|t:|1617890589\n|move|p1a: Manaphy|Tail Glow|p1a: Manaphy\n|-boost|p1a: Manaphy|spa|3\n|move|p2a: Seaking|Return|p1a: Manaphy\n|-damage|p1a: Manaphy|178\/277\n|-damage|p2a: Seaking|228\/284|[from] item: Life Orb\n|\n|-heal|p1a: Manaphy|195\/277|[from] item: Leftovers\n|upkeep\n|turn|6\n|\n|t:|1617890597\n|move|p1a: Manaphy|Energy Ball|p2a: Seaking\n|-supereffective|p2a: Seaking\n|-crit|p2a: Seaking\n|-damage|p2a: Seaking|0 fnt\n|faint|p2a: Seaking\n|\n|-heal|p1a: Manaphy|212\/277|[from] item: Leftovers\n|upkeep\n|j| sisiyoGuang\n|l| sisiyoGuang\n|\n|t:|1617890605\n|switch|p2a: Steelix|Steelix, L84, M|263\/263\n|turn|7\n|\n|t:|1617890613\n|move|p1a: Manaphy|Surf|p2a: Steelix\n|-supereffective|p2a: Steelix\n|-ability|p2a: Steelix|Sturdy\n|-damage|p2a: Steelix|1\/263\n|move|p2a: Steelix|Toxic|p1a: Manaphy\n|-status|p1a: Manaphy|tox\n|\n|-heal|p1a: Manaphy|229\/277 tox|[from] item: Leftovers\n|-heal|p2a: Steelix|17\/263|[from] item: Leftovers\n|-damage|p1a: Manaphy|212\/277 tox|[from] psn\n|upkeep\n|turn|8\n|j| nuozi\n|\n|t:|1617890623\n|switch|p2a: Gastrodon|Gastrodon-East, L80, M|309\/309\n|move|p1a: Manaphy|Ice Beam|p2a: Gastrodon\n|-damage|p2a: Gastrodon|150\/309\n|\n|-heal|p1a: Manaphy|229\/277 tox|[from] item: Leftovers\n|-heal|p2a: Gastrodon|169\/309|[from] item: Leftovers\n|-damage|p1a: Manaphy|195\/277 tox|[from] psn\n|upkeep\n|turn|9\n|\n|t:|1617890634\n|switch|p2a: Tyranitar|Tyranitar, L80, F|291\/291\n|-weather|Sandstorm|[from] ability: Sand Stream|[of] p2a: Tyranitar\n|move|p1a: Manaphy|Energy Ball|p2a: Tyranitar\n|-supereffective|p2a: Tyranitar\n|-damage|p2a: Tyranitar|135\/291\n|\n|-weather|Sandstorm|[upkeep]\n|-damage|p1a: Manaphy|178\/277 tox|[from] Sandstorm\n|-heal|p1a: Manaphy|195\/277 tox|[from] item: Leftovers\n|-heal|p2a: Tyranitar|153\/291|[from] item: Leftovers\n|-damage|p1a: Manaphy|144\/277 tox|[from] psn\n|upkeep\n|turn|10\n|\n|t:|1617890647\n|switch|p2a: Steelix|Steelix, L84, M|17\/263\n|move|p1a: Manaphy|Energy Ball|p2a: Steelix\n|-damage|p2a: Steelix|0 fnt\n|faint|p2a: Steelix\n|\n|-weather|Sandstorm|[upkeep]\n|-damage|p1a: Manaphy|127\/277 tox|[from] Sandstorm\n|-heal|p1a: Manaphy|144\/277 tox|[from] item: Leftovers\n|-damage|p1a: Manaphy|76\/277 tox|[from] psn\n|upkeep\n|\n|t:|1617890656\n|switch|p2a: Typhlosion|Typhlosion, L84, M|267\/267\n|turn|11\n|\n|t:|1617890667\n|move|p2a: Typhlosion|Eruption|p1a: Manaphy\n|-resisted|p1a: Manaphy\n|-damage|p1a: Manaphy|0 fnt\n|faint|p1a: Manaphy\n|\n|-weather|Sandstorm|[upkeep]\n|-damage|p2a: Typhlosion|251\/267|[from] Sandstorm\n|upkeep\n|\n|t:|1617890672\n|switch|p1a: Rampardos|Rampardos, L88, M|314\/314\n|turn|12\n|\n|t:|1617890678\n|move|p2a: Typhlosion|Eruption|p1a: Rampardos\n|-resisted|p1a: Rampardos\n|-damage|p1a: Rampardos|242\/314\n|move|p1a: Rampardos|Earthquake|p2a: Typhlosion\n|-supereffective|p2a: Typhlosion\n|-damage|p2a: Typhlosion|0 fnt\n|-damage|p1a: Rampardos|211\/314|[from] item: Life Orb\n|faint|p2a: Typhlosion\n|\n|-weather|Sandstorm|[upkeep]\n|upkeep\n|\n|t:|1617890689\n|switch|p2a: Gastrodon|Gastrodon-East, L80, M|169\/309\n|turn|13\n|\n|t:|1617890695\n|move|p1a: Rampardos|Earthquake|p2a: Gastrodon\n|-damage|p2a: Gastrodon|0 fnt\n|-damage|p1a: Rampardos|180\/314|[from] item: Life Orb\n|faint|p2a: Gastrodon\n|\n|-weather|Sandstorm|[upkeep]\n|upkeep\n|c|\u2606Swordsman.N|gg\n|c|\u2606sunlight shadow|gg\n|\n|t:|1617890708\n|switch|p2a: Tyranitar|Tyranitar, L80, F|153\/291\n|turn|14\n|l| 17\u65e5\u30c6\u30fc\u30eb\u30e9\u30f3\u30d7xiaokh\n|\n|t:|1617890713\n|move|p1a: Rampardos|Superpower|p2a: Tyranitar\n|-supereffective|p2a: Tyranitar\n|-damage|p2a: Tyranitar|0 fnt\n|-unboost|p1a: Rampardos|atk|1\n|-unboost|p1a: Rampardos|def|1\n|-damage|p1a: Rampardos|149\/314|[from] item: Life Orb\n|faint|p2a: Tyranitar\n|\n|win|sunlight shadow\n|n|\u2606sunlight shadow|sunlightshadow\n|n|\u2606Swordsman.N|swordsmann\n|n| fumigate|fumigate\n|n| nuozi|nuozi\n","inputlog":">version f7a6230088c467575e49a5e45e776160941456b4\n>version-origin 3918ebd609a2bd57e0326bf76fca79306b37a61f\n>start {\"formatid\":\"gen5randombattle\",\"seed\":[18263,18060,50777,1230],\"rated\":\"Tournament battle\"}\n>player p1 {\"name\":\"sunlight shadow\",\"avatar\":\"elesa\",\"rating\":0,\"seed\":[27417,48414,28028,17923]}\n>player p2 {\"name\":\"Swordsman.N\",\"avatar\":\"249\",\"rating\":0,\"seed\":[31695,61423,50288,62099]}\n>chat \u2606sunlight shadow|hf\n>chat \u2606Swordsman.N|u2\n>p1 move substitute\n>p2 move hiddenpower\n>p1 move bugbuzz\n>p2 move hiddenpower\n>p1 move bugbuzz\n>p2 move hiddenpower\n>p2 switch 5\n>p1 move thunderwave\n>p2 move waterfall\n>chat \u2606sunlight shadow|oh\n>p1 switch 5\n>p1 move tailglow\n>p2 move return\n>p1 move energyball\n>p2 move return\n>p2 switch 4\n>p1 move surf\n>p2 move toxic\n>p1 move icebeam\n>p2 switch 2\n>p1 move energyball\n>p2 switch 3\n>p1 move energyball\n>p2 switch 2\n>p2 switch 6\n>p1 move surf\n>p2 move eruption\n>p1 switch 4\n>p1 move earthquake\n>p2 move eruption\n>p2 switch 3\n>p1 move earthquake\n>p2 move recover\n>chat \u2606Swordsman.N|gg\n>chat \u2606sunlight shadow|gg\n>p2 switch 2\n>p1 move superpower\n>p2 move crunch","uploadtime":1617890714,"views":35,"p1id":"sunlightshadow","p2id":"swordsmann","formatid":"gen5randombattle","rating":0,"private":0,"password":null}