{"id":"china-gen6ou-5243160","p1":"AlIoutdragadarts","p2":"zhenghuoren","format":"gen6ou","log":"|uhtml|report-battle|<b>\u5c06\u5bf9\u6218\u94fe\u63a5\u516c\u5f00\u5230:<\/b> <button class=\"button\" name=\"send\" value=\"\/reportto skypillar\">Sky Pillar<\/button><button class=\"button\" name=\"send\" value=\"\/reportto shinx\">Shinx<\/button>\n|j|\u2606AlIoutdragadarts\n|j|\u2606zhenghuoren\n|inactive|Battle timer is ON: inactive players will automatically lose when time's up.\n|t:|1660393460\n|gametype|singles\n|player|p1|AlIoutdragadarts|battlegirl-gen4|\n|player|p2|zhenghuoren|clown|\n|teamsize|p1|6\n|teamsize|p2|6\n|gen|6\n|tier|[Gen 6] OU\n|rated|Tournament battle\n|rule|Sleep Clause Mod: Limit one foe put to sleep\n|rule|Species Clause: Limit one of each Pok\u00e9mon\n|rule|OHKO Clause: OHKO moves are banned\n|rule|Moody Clause: Moody is banned\n|rule|Evasion Moves Clause: Evasion moves are banned\n|rule|Endless Battle Clause: Forcing endless battles is banned\n|rule|HP Percentage Mod: HP is shown in percentages\n|rule|Swagger Clause: Swagger is banned\n|clearpoke\n|poke|p1|Clefable, F|item\n|poke|p1|Lopunny, M|item\n|poke|p1|Tornadus-Therian, M|item\n|poke|p1|Excadrill, M|item\n|poke|p1|Thundurus-Therian, M|item\n|poke|p1|Volcanion|item\n|poke|p2|Manectric, M|item\n|poke|p2|Keldeo-Resolute|item\n|poke|p2|Ferrothorn, F|item\n|poke|p2|Heatran, M|item\n|poke|p2|Latios, M|item\n|poke|p2|Landorus-Therian, M|item\n|teampreview\n|j| wdzkz\n|\n|t:|1660393478\n|start\n|switch|p1a: Excadrill|Excadrill, M, shiny|100\/100\n|switch|p2a: Latios|Latios, M|100\/100\n|-ability|p1a: Excadrill|Mold Breaker\n|turn|1\n|\n|t:|1660393484\n|switch|p1a: Tornadus|Tornadus-Therian, M, shiny|100\/100\n|move|p2a: Latios|Surf|p1a: Tornadus\n|-damage|p1a: Tornadus|56\/100\n|-damage|p2a: Latios|91\/100|[from] item: Life Orb\n|\n|upkeep\n|turn|2\n|\n|t:|1660393490\n|move|p1a: Tornadus|U-turn|p2a: Latios\n|-supereffective|p2a: Latios\n|-damage|p2a: Latios|52\/100\n|\n|t:|1660393491\n|switch|p1a: Clefable|Clefable, F, shiny|100\/100|[from]move: U-turn\n|move|p2a: Latios|Draco Meteor|p1a: Clefable\n|-immune|p1a: Clefable\n|\n|upkeep\n|turn|3\n|\n|t:|1660393496\n|switch|p2a: Heatran|Heatran, M|100\/100\n|move|p1a: Clefable|Moonblast|p2a: Heatran\n|-resisted|p2a: Heatran\n|-damage|p2a: Heatran|94\/100\n|\n|-heal|p2a: Heatran|99\/100|[from] item: Leftovers\n|upkeep\n|turn|4\n|\n|t:|1660393502\n|switch|p1a: Volcanion|Volcanion|100\/100\n|move|p2a: Heatran|Stealth Rock|p1a: Volcanion\n|-sidestart|p1: AlIoutdragadarts|move: Stealth Rock\n|\n|-heal|p2a: Heatran|100\/100|[from] item: Leftovers\n|upkeep\n|turn|5\n|\n|t:|1660393505\n|switch|p2a: Latios|Latios, M|52\/100\n|move|p1a: Volcanion|Steam Eruption|p2a: Latios\n|-resisted|p2a: Latios\n|-damage|p2a: Latios|24\/100\n|\n|upkeep\n|turn|6\n|\n|t:|1660393509\n|move|p2a: Latios|Recover|p2a: Latios\n|-heal|p2a: Latios|74\/100\n|move|p1a: Volcanion|Toxic|p2a: Latios\n|-status|p2a: Latios|tox\n|\n|-damage|p2a: Latios|68\/100 tox|[from] psn\n|upkeep\n|turn|7\n|\n|t:|1660393518\n|switch|p1a: Clefable|Clefable, F, shiny|100\/100\n|move|p2a: Latios|Psyshock|p1a: Clefable\n|-damage|p1a: Clefable|57\/100\n|-damage|p2a: Latios|59\/100 tox|[from] item: Life Orb\n|\n|-heal|p1a: Clefable|64\/100|[from] item: Leftovers\n|-damage|p2a: Latios|47\/100 tox|[from] psn\n|upkeep\n|turn|8\n|j| DuGuo\n|\n|t:|1660393522\n|switch|p2a: Heatran|Heatran, M|100\/100\n|move|p1a: Clefable|Soft-Boiled|p1a: Clefable\n|-heal|p1a: Clefable|100\/100\n|\n|upkeep\n|turn|9\n|\n|t:|1660393527\n|switch|p1a: Tornadus|Tornadus-Therian, M, shiny|90\/100\n|-damage|p1a: Tornadus|65\/100|[from] Stealth Rock\n|move|p2a: Heatran|Earth Power|p1a: Tornadus\n|-immune|p1a: Tornadus\n|\n|upkeep\n|turn|10\n|\n|t:|1660393530\n|move|p1a: Tornadus|Knock Off|p2a: Heatran\n|-damage|p2a: Heatran|82\/100\n|-enditem|p2a: Heatran|Leftovers|[from] move: Knock Off|[of] p1a: Tornadus\n|move|p2a: Heatran|Lava Plume|p1a: Tornadus\n|-damage|p1a: Tornadus|16\/100\n|\n|upkeep\n|turn|11\n|\n|t:|1660393534\n|move|p1a: Tornadus|U-turn|p2a: Heatran\n|-resisted|p2a: Heatran\n|-damage|p2a: Heatran|79\/100\n|\n|t:|1660393535\n|switch|p1a: Thundurus|Thundurus-Therian, M, shiny|100\/100|[from]move: U-turn\n|-damage|p1a: Thundurus|76\/100|[from] Stealth Rock\n|move|p2a: Heatran|Earth Power|p1a: Thundurus\n|-immune|p1a: Thundurus\n|\n|-heal|p1a: Thundurus|82\/100|[from] item: Leftovers\n|upkeep\n|turn|12\n|\n|t:|1660393541\n|switch|p2a: Manectric|Manectric, M|100\/100\n|move|p1a: Thundurus|Thunderbolt|p2a: Manectric\n|-ability|p2a: Manectric|Lightning Rod|boost\n|-boost|p2a: Manectric|spa|1\n|\n|-heal|p1a: Thundurus|88\/100|[from] item: Leftovers\n|upkeep\n|turn|13\n|\n|t:|1660393548\n|detailschange|p2a: Manectric|Manectric-Mega, M\n|-mega|p2a: Manectric|Manectric|Manectite\n|-ability|p2a: Manectric|Intimidate|boost\n|-unboost|p1a: Thundurus|atk|1\n|move|p2a: Manectric|Hidden Power|p1a: Thundurus\n|-supereffective|p1a: Thundurus\n|-damage|p1a: Thundurus|0 fnt\n|faint|p1a: Thundurus\n|\n|upkeep\n|\n|t:|1660393552\n|switch|p1a: Lopunny|Lopunny, M, shiny|100\/100\n|-damage|p1a: Lopunny|88\/100|[from] Stealth Rock\n|turn|14\n|\n|t:|1660393562\n|switch|p2a: Ferrothorn|Ferrothorn, F|100\/100\n|detailschange|p1a: Lopunny|Lopunny-Mega, M, shiny\n|-mega|p1a: Lopunny|Lopunny|Lopunnite\n|move|p1a: Lopunny|Fake Out|p2a: Ferrothorn\n|-resisted|p2a: Ferrothorn\n|-damage|p2a: Ferrothorn|94\/100\n|-damage|p1a: Lopunny|76\/100|[from] ability: Iron Barbs|[of] p2a: Ferrothorn\n|\n|-heal|p2a: Ferrothorn|99\/100|[from] item: Leftovers\n|upkeep\n|turn|15\n|\n|t:|1660393567\n|switch|p2a: Landorus|Landorus-Therian, M|100\/100\n|-ability|p2a: Landorus|Intimidate|boost\n|-unboost|p1a: Lopunny|atk|1\n|move|p1a: Lopunny|High Jump Kick|p2a: Landorus\n|-resisted|p2a: Landorus\n|-damage|p2a: Landorus|74\/100\n|\n|upkeep\n|turn|16\n|\n|t:|1660393573\n|switch|p1a: Clefable|Clefable, F, shiny|100\/100\n|move|p2a: Landorus|U-turn|p1a: Clefable\n|-resisted|p1a: Clefable\n|-damage|p1a: Clefable|90\/100\n|\n|t:|1660393577\n|switch|p2a: Heatran|Heatran, M|79\/100|[from]move: U-turn\n|\n|-heal|p1a: Clefable|96\/100|[from] item: Leftovers\n|upkeep\n|turn|17\n|\n|t:|1660393581\n|switch|p1a: Volcanion|Volcanion|100\/100\n|-damage|p1a: Volcanion|76\/100|[from] Stealth Rock\n|move|p2a: Heatran|Lava Plume|p1a: Volcanion\n|-resisted|p1a: Volcanion\n|-damage|p1a: Volcanion|66\/100\n|\n|-heal|p1a: Volcanion|72\/100|[from] item: Leftovers\n|upkeep\n|turn|18\n|\n|t:|1660393587\n|switch|p2a: Latios|Latios, M|47\/100 tox\n|move|p1a: Volcanion|Steam Eruption|p2a: Latios\n|-resisted|p2a: Latios\n|-damage|p2a: Latios|22\/100 tox\n|\n|-heal|p1a: Volcanion|78\/100|[from] item: Leftovers\n|-damage|p2a: Latios|16\/100 tox|[from] psn\n|upkeep\n|turn|19\n|\n|t:|1660393599\n|switch|p1a: Excadrill|Excadrill, M, shiny|100\/100\n|-damage|p1a: Excadrill|97\/100|[from] Stealth Rock\n|-ability|p1a: Excadrill|Mold Breaker\n|move|p2a: Latios|Recover|p2a: Latios\n|-heal|p2a: Latios|66\/100 tox\n|\n|-heal|p1a: Excadrill|100\/100|[from] item: Leftovers\n|-damage|p2a: Latios|54\/100 tox|[from] psn\n|upkeep\n|turn|20\n|l| DuGuo\n|\n|t:|1660393602\n|switch|p2a: Ferrothorn|Ferrothorn, F|99\/100\n|move|p1a: Excadrill|Stealth Rock|p2a: Ferrothorn\n|-sidestart|p2: zhenghuoren|move: Stealth Rock\n|\n|-heal|p2a: Ferrothorn|100\/100|[from] item: Leftovers\n|upkeep\n|turn|21\n|\n|t:|1660393609\n|move|p1a: Excadrill|Earthquake|p2a: Ferrothorn\n|-damage|p2a: Ferrothorn|71\/100\n|move|p2a: Ferrothorn|Leech Seed|p1a: Excadrill\n|-start|p1a: Excadrill|move: Leech Seed\n|\n|-heal|p2a: Ferrothorn|77\/100|[from] item: Leftovers\n|-damage|p1a: Excadrill|88\/100|[from] Leech Seed|[of] p2a: Ferrothorn\n|-heal|p2a: Ferrothorn|90\/100|[silent]\n|upkeep\n|turn|22\n|j| YANZUI\n|\n|t:|1660393613\n|move|p1a: Excadrill|Rapid Spin|p2a: Ferrothorn\n|-resisted|p2a: Ferrothorn\n|-damage|p2a: Ferrothorn|88\/100\n|-damage|p1a: Excadrill|76\/100|[from] ability: Iron Barbs|[of] p2a: Ferrothorn\n|-end|p1a: Excadrill|Leech Seed|[from] move: Rapid Spin|[of] p1a: Excadrill\n|-sideend|p1: AlIoutdragadarts|Stealth Rock|[from] move: Rapid Spin|[of] p1a: Excadrill\n|move|p2a: Ferrothorn|Spikes|p1a: Excadrill\n|-sidestart|p1: AlIoutdragadarts|Spikes\n|\n|-heal|p1a: Excadrill|82\/100|[from] item: Leftovers\n|-heal|p2a: Ferrothorn|94\/100|[from] item: Leftovers\n|upkeep\n|turn|23\n|j| DuGuo\n|\n|t:|1660393620\n|switch|p1a: Clefable|Clefable, F, shiny|96\/100\n|move|p2a: Ferrothorn|Leech Seed|p1a: Clefable\n|-start|p1a: Clefable|move: Leech Seed\n|\n|-heal|p1a: Clefable|100\/100|[from] item: Leftovers\n|-heal|p2a: Ferrothorn|99\/100|[from] item: Leftovers\n|upkeep\n|turn|24\n|\n|t:|1660393624\n|switch|p1a: Excadrill|Excadrill, M, shiny|82\/100\n|-damage|p1a: Excadrill|69\/100|[from] Spikes\n|-ability|p1a: Excadrill|Mold Breaker\n|move|p2a: Ferrothorn|Thunder Wave|p1a: Excadrill\n|-immune|p1a: Excadrill\n|\n|-heal|p1a: Excadrill|75\/100|[from] item: Leftovers\n|-heal|p2a: Ferrothorn|100\/100|[from] item: Leftovers\n|upkeep\n|turn|25\n|l| DuGuo\n|\n|t:|1660393640\n|switch|p1a: Tornadus|Tornadus-Therian, M, shiny|49\/100\n|move|p2a: Ferrothorn|Spikes|p1a: Tornadus\n|-sidestart|p1: AlIoutdragadarts|Spikes\n|\n|upkeep\n|turn|26\n|\n|t:|1660393645\n|switch|p2a: Manectric|Manectric-Mega, M|100\/100\n|-damage|p2a: Manectric|88\/100|[from] Stealth Rock\n|-ability|p2a: Manectric|Intimidate|boost\n|-unboost|p1a: Tornadus|atk|1\n|move|p1a: Tornadus|Taunt|p2a: Manectric\n|-start|p2a: Manectric|move: Taunt\n|\n|upkeep\n|turn|27\n|\n|t:|1660393651\n|switch|p1a: Excadrill|Excadrill, M, shiny|75\/100\n|-damage|p1a: Excadrill|59\/100|[from] Spikes\n|-ability|p1a: Excadrill|Mold Breaker\n|move|p2a: Manectric|Hidden Power|p1a: Excadrill\n|-damage|p1a: Excadrill|39\/100\n|\n|-heal|p1a: Excadrill|45\/100|[from] item: Leftovers\n|upkeep\n|turn|28\n|\n|t:|1660393655\n|move|p2a: Manectric|Overheat|p1a: Excadrill\n|-supereffective|p1a: Excadrill\n|-damage|p1a: Excadrill|0 fnt\n|-unboost|p2a: Manectric|spa|2\n|faint|p1a: Excadrill\n|\n|-end|p2a: Manectric|move: Taunt\n|upkeep\n|\n|t:|1660393657\n|switch|p1a: Clefable|Clefable, F, shiny|100\/100\n|turn|29\n|\n|t:|1660393659\n|move|p2a: Manectric|Volt Switch|p1a: Clefable\n|-damage|p1a: Clefable|82\/100\n|\n|t:|1660393660\n|switch|p2a: Heatran|Heatran, M|79\/100|[from]move: Volt Switch\n|-damage|p2a: Heatran|66\/100|[from] Stealth Rock\n|move|p1a: Clefable|Calm Mind|p1a: Clefable\n|-boost|p1a: Clefable|spa|1\n|-boost|p1a: Clefable|spd|1\n|\n|-heal|p1a: Clefable|88\/100|[from] item: Leftovers\n|upkeep\n|turn|30\n|\n|t:|1660393663\n|move|p2a: Heatran|Taunt|p1a: Clefable\n|-start|p1a: Clefable|move: Taunt\n|cant|p1a: Clefable|move: Taunt|Calm Mind\n|\n|-heal|p1a: Clefable|94\/100|[from] item: Leftovers\n|upkeep\n|turn|31\n|\n|t:|1660393665\n|move|p2a: Heatran|Lava Plume|p1a: Clefable\n|-damage|p1a: Clefable|70\/100\n|-status|p1a: Clefable|brn\n|move|p1a: Clefable|Moonblast|p2a: Heatran\n|-resisted|p2a: Heatran\n|-damage|p2a: Heatran|57\/100\n|\n|-heal|p1a: Clefable|77\/100 brn|[from] item: Leftovers\n|upkeep\n|turn|32\n|\n|t:|1660393668\n|move|p2a: Heatran|Lava Plume|p1a: Clefable\n|-damage|p1a: Clefable|51\/100 brn\n|move|p1a: Clefable|Moonblast|p2a: Heatran\n|-resisted|p2a: Heatran\n|-damage|p2a: Heatran|47\/100\n|\n|-heal|p1a: Clefable|57\/100 brn|[from] item: Leftovers\n|-end|p1a: Clefable|move: Taunt\n|upkeep\n|turn|33\n|\n|t:|1660393674\n|move|p2a: Heatran|Taunt|p1a: Clefable\n|-start|p1a: Clefable|move: Taunt\n|move|p1a: Clefable|Moonblast|p2a: Heatran\n|-resisted|p2a: Heatran\n|-damage|p2a: Heatran|38\/100\n|-unboost|p2a: Heatran|spa|1\n|\n|-heal|p1a: Clefable|63\/100 brn|[from] item: Leftovers\n|upkeep\n|turn|34\n|\n|t:|1660393676\n|move|p2a: Heatran|Earth Power|p1a: Clefable\n|-damage|p1a: Clefable|51\/100 brn\n|move|p1a: Clefable|Moonblast|p2a: Heatran\n|-resisted|p2a: Heatran\n|-damage|p2a: Heatran|28\/100\n|\n|-heal|p1a: Clefable|57\/100 brn|[from] item: Leftovers\n|upkeep\n|turn|35\n|\n|t:|1660393686\n|switch|p2a: Ferrothorn|Ferrothorn, F|100\/100\n|-damage|p2a: Ferrothorn|94\/100|[from] Stealth Rock\n|switch|p1a: Tornadus|Tornadus-Therian, M, shiny|83\/100\n|\n|-heal|p2a: Ferrothorn|100\/100|[from] item: Leftovers\n|upkeep\n|turn|36\n|\n|t:|1660393693\n|switch|p2a: Heatran|Heatran, M|28\/100\n|-damage|p2a: Heatran|16\/100|[from] Stealth Rock\n|move|p1a: Tornadus|Taunt|p2a: Heatran\n|-start|p2a: Heatran|move: Taunt\n|\n|upkeep\n|turn|37\n|j| bBing_Feng\u51b0\u8451\n|\n|t:|1660393698\n|move|p1a: Tornadus|Hurricane|p2a: Heatran\n|-resisted|p2a: Heatran\n|-damage|p2a: Heatran|0 fnt\n|faint|p2a: Heatran\n|\n|upkeep\n|\n|t:|1660393700\n|switch|p2a: Manectric|Manectric-Mega, M|88\/100\n|-damage|p2a: Manectric|76\/100|[from] Stealth Rock\n|-ability|p2a: Manectric|Intimidate|boost\n|-unboost|p1a: Tornadus|atk|1\n|turn|38\n|\n|t:|1660393706\n|switch|p1a: Lopunny|Lopunny-Mega, M, shiny|76\/100\n|-damage|p1a: Lopunny|60\/100|[from] Spikes\n|move|p2a: Manectric|Thunderbolt|p1a: Lopunny\n|-damage|p1a: Lopunny|0 fnt\n|faint|p1a: Lopunny\n|\n|upkeep\n|j| DuGuo\n|\n|t:|1660393709\n|switch|p1a: Clefable|Clefable, F, shiny|57\/100 brn\n|turn|39\n|\n|t:|1660393711\n|move|p2a: Manectric|Thunderbolt|p1a: Clefable\n|-damage|p1a: Clefable|12\/100 brn\n|move|p1a: Clefable|Soft-Boiled|p1a: Clefable\n|-heal|p1a: Clefable|63\/100 brn\n|\n|-heal|p1a: Clefable|69\/100 brn|[from] item: Leftovers\n|upkeep\n|turn|40\n|\n|t:|1660393714\n|move|p2a: Manectric|Volt Switch|p1a: Clefable\n|-damage|p1a: Clefable|31\/100 brn\n|\n|t:|1660393716\n|switch|p2a: Ferrothorn|Ferrothorn, F|100\/100|[from]move: Volt Switch\n|-damage|p2a: Ferrothorn|94\/100|[from] Stealth Rock\n|move|p1a: Clefable|Soft-Boiled|p1a: Clefable\n|-heal|p1a: Clefable|81\/100 brn\n|\n|-heal|p1a: Clefable|88\/100 brn|[from] item: Leftovers\n|-heal|p2a: Ferrothorn|100\/100|[from] item: Leftovers\n|upkeep\n|turn|41\n|\n|t:|1660393718\n|move|p1a: Clefable|Calm Mind|p1a: Clefable\n|-boost|p1a: Clefable|spa|1\n|-boost|p1a: Clefable|spd|1\n|move|p2a: Ferrothorn|Iron Head|p1a: Clefable\n|-supereffective|p1a: Clefable\n|-damage|p1a: Clefable|47\/100 brn\n|\n|-heal|p1a: Clefable|53\/100 brn|[from] item: Leftovers\n|upkeep\n|turn|42\n|\n|t:|1660393720\n|move|p1a: Clefable|Soft-Boiled|p1a: Clefable\n|-heal|p1a: Clefable|100\/100 brn\n|move|p2a: Ferrothorn|Iron Head|p1a: Clefable\n|-supereffective|p1a: Clefable\n|-damage|p1a: Clefable|62\/100 brn\n|\n|-heal|p1a: Clefable|68\/100 brn|[from] item: Leftovers\n|upkeep\n|turn|43\n|\n|t:|1660393739\n|switch|p1a: Volcanion|Volcanion|78\/100\n|-damage|p1a: Volcanion|61\/100|[from] Spikes\n|move|p2a: Ferrothorn|Iron Head|p1a: Volcanion\n|-resisted|p1a: Volcanion\n|-damage|p1a: Volcanion|57\/100\n|\n|-heal|p1a: Volcanion|63\/100|[from] item: Leftovers\n|upkeep\n|turn|44\n|\n|t:|1660393745\n|switch|p2a: Latios|Latios, M|54\/100 tox\n|-damage|p2a: Latios|42\/100 tox|[from] Stealth Rock\n|move|p1a: Volcanion|Flamethrower|p2a: Latios\n|-resisted|p2a: Latios\n|-damage|p2a: Latios|22\/100 tox\n|\n|-heal|p1a: Volcanion|69\/100|[from] item: Leftovers\n|-damage|p2a: Latios|16\/100 tox|[from] psn\n|upkeep\n|turn|45\n|\n|t:|1660393752\n|switch|p1a: Tornadus|Tornadus-Therian, M, shiny|100\/100\n|move|p2a: Latios|Psyshock|p1a: Tornadus\n|-damage|p1a: Tornadus|48\/100\n|-damage|p2a: Latios|6\/100 tox|[from] item: Life Orb\n|\n|-damage|p2a: Latios|0 fnt|[from] psn\n|faint|p2a: Latios\n|upkeep\n|\n|t:|1660393756\n|switch|p2a: Manectric|Manectric-Mega, M|76\/100\n|-damage|p2a: Manectric|63\/100|[from] Stealth Rock\n|-ability|p2a: Manectric|Intimidate|boost\n|-unboost|p1a: Tornadus|atk|1\n|turn|46\n|\n|t:|1660393759\n|move|p2a: Manectric|Volt Switch|p1a: Tornadus\n|-supereffective|p1a: Tornadus\n|-damage|p1a: Tornadus|0 fnt\n|faint|p1a: Tornadus\n|\n|t:|1660393764\n|switch|p2a: Keldeo|Keldeo-Resolute|100\/100|[from]move: Volt Switch\n|-damage|p2a: Keldeo|94\/100|[from] Stealth Rock\n|\n|upkeep\n|\n|t:|1660393769\n|switch|p1a: Volcanion|Volcanion|69\/100\n|-damage|p1a: Volcanion|53\/100|[from] Spikes\n|turn|47\n|\n|t:|1660393773\n|move|p1a: Volcanion|Protect|p1a: Volcanion\n|-singleturn|p1a: Volcanion|Protect\n|move|p2a: Keldeo|Secret Sword|p1a: Volcanion\n|-activate|p1a: Volcanion|move: Protect\n|\n|-heal|p1a: Volcanion|59\/100|[from] item: Leftovers\n|upkeep\n|turn|48\n|\n|t:|1660393778\n|switch|p2a: Ferrothorn|Ferrothorn, F|100\/100\n|-damage|p2a: Ferrothorn|94\/100|[from] Stealth Rock\n|switch|p1a: Clefable|Clefable, F, shiny|68\/100 brn\n|\n|-heal|p1a: Clefable|74\/100 brn|[from] item: Leftovers\n|-heal|p2a: Ferrothorn|100\/100|[from] item: Leftovers\n|upkeep\n|turn|49\n|j| woshixinshou123-\u683c\u6597\n|l| bBing_Feng\u51b0\u8451\n|\n|t:|1660393792\n|move|p1a: Clefable|Soft-Boiled|p1a: Clefable\n|-heal|p1a: Clefable|100\/100 brn\n|move|p2a: Ferrothorn|Iron Head|p1a: Clefable\n|-supereffective|p1a: Clefable\n|-damage|p1a: Clefable|59\/100 brn\n|\n|-heal|p1a: Clefable|65\/100 brn|[from] item: Leftovers\n|upkeep\n|turn|50\n|\n|t:|1660393796\n|move|p1a: Clefable|Calm Mind|p1a: Clefable\n|-boost|p1a: Clefable|spa|1\n|-boost|p1a: Clefable|spd|1\n|move|p2a: Ferrothorn|Iron Head|p1a: Clefable\n|-supereffective|p1a: Clefable\n|-damage|p1a: Clefable|25\/100 brn\n|\n|-heal|p1a: Clefable|31\/100 brn|[from] item: Leftovers\n|upkeep\n|turn|51\n|\n|t:|1660393798\n|move|p1a: Clefable|Soft-Boiled|p1a: Clefable\n|-heal|p1a: Clefable|81\/100 brn\n|move|p2a: Ferrothorn|Iron Head|p1a: Clefable\n|-supereffective|p1a: Clefable\n|-damage|p1a: Clefable|42\/100 brn\n|\n|-heal|p1a: Clefable|48\/100 brn|[from] item: Leftovers\n|upkeep\n|turn|52\n|\n|t:|1660393800\n|move|p1a: Clefable|Calm Mind|p1a: Clefable\n|-boost|p1a: Clefable|spa|1\n|-boost|p1a: Clefable|spd|1\n|move|p2a: Ferrothorn|Iron Head|p1a: Clefable\n|-supereffective|p1a: Clefable\n|-damage|p1a: Clefable|11\/100 brn\n|\n|-heal|p1a: Clefable|17\/100 brn|[from] item: Leftovers\n|upkeep\n|turn|53\n|\n|t:|1660393802\n|move|p1a: Clefable|Soft-Boiled|p1a: Clefable\n|-heal|p1a: Clefable|67\/100 brn\n|move|p2a: Ferrothorn|Iron Head|p1a: Clefable\n|-supereffective|p1a: Clefable\n|-damage|p1a: Clefable|24\/100 brn\n|\n|-heal|p1a: Clefable|30\/100 brn|[from] item: Leftovers\n|upkeep\n|turn|54\n|\n|t:|1660393804\n|move|p1a: Clefable|Soft-Boiled|p1a: Clefable\n|-heal|p1a: Clefable|80\/100 brn\n|move|p2a: Ferrothorn|Iron Head|p1a: Clefable\n|-supereffective|p1a: Clefable\n|-damage|p1a: Clefable|41\/100 brn\n|\n|-heal|p1a: Clefable|47\/100 brn|[from] item: Leftovers\n|upkeep\n|turn|55\n|\n|t:|1660393805\n|move|p1a: Clefable|Calm Mind|p1a: Clefable\n|-boost|p1a: Clefable|spa|1\n|-boost|p1a: Clefable|spd|1\n|move|p2a: Ferrothorn|Iron Head|p1a: Clefable\n|-supereffective|p1a: Clefable\n|-damage|p1a: Clefable|7\/100 brn\n|\n|-heal|p1a: Clefable|13\/100 brn|[from] item: Leftovers\n|upkeep\n|turn|56\n|\n|t:|1660393806\n|move|p1a: Clefable|Soft-Boiled|p1a: Clefable\n|-heal|p1a: Clefable|63\/100 brn\n|move|p2a: Ferrothorn|Iron Head|p1a: Clefable\n|-supereffective|p1a: Clefable\n|-damage|p1a: Clefable|24\/100 brn\n|\n|-heal|p1a: Clefable|30\/100 brn|[from] item: Leftovers\n|upkeep\n|turn|57\n|\n|t:|1660393808\n|move|p1a: Clefable|Soft-Boiled|p1a: Clefable\n|-heal|p1a: Clefable|80\/100 brn\n|move|p2a: Ferrothorn|Iron Head|p1a: Clefable\n|-supereffective|p1a: Clefable\n|-damage|p1a: Clefable|40\/100 brn\n|\n|-heal|p1a: Clefable|46\/100 brn|[from] item: Leftovers\n|upkeep\n|turn|58\n|l| woshixinshou123-\u683c\u6597\n|\n|t:|1660393815\n|move|p1a: Clefable|Soft-Boiled|p1a: Clefable\n|-heal|p1a: Clefable|96\/100 brn\n|move|p2a: Ferrothorn|Iron Head|p1a: Clefable\n|-supereffective|p1a: Clefable\n|-damage|p1a: Clefable|53\/100 brn\n|\n|-heal|p1a: Clefable|59\/100 brn|[from] item: Leftovers\n|upkeep\n|turn|59\n|\n|t:|1660393817\n|move|p1a: Clefable|Calm Mind|p1a: Clefable\n|-boost|p1a: Clefable|spa|1\n|-boost|p1a: Clefable|spd|1\n|move|p2a: Ferrothorn|Iron Head|p1a: Clefable\n|-supereffective|p1a: Clefable\n|-damage|p1a: Clefable|16\/100 brn\n|\n|-heal|p1a: Clefable|22\/100 brn|[from] item: Leftovers\n|upkeep\n|turn|60\n|\n|t:|1660393818\n|move|p1a: Clefable|Soft-Boiled|p1a: Clefable\n|-heal|p1a: Clefable|72\/100 brn\n|move|p2a: Ferrothorn|Iron Head|p1a: Clefable\n|-supereffective|p1a: Clefable\n|-damage|p1a: Clefable|28\/100 brn\n|\n|-heal|p1a: Clefable|34\/100 brn|[from] item: Leftovers\n|upkeep\n|turn|61\n|\n|t:|1660393821\n|move|p1a: Clefable|Soft-Boiled|p1a: Clefable\n|-heal|p1a: Clefable|84\/100 brn\n|move|p2a: Ferrothorn|Iron Head|p1a: Clefable\n|-supereffective|p1a: Clefable\n|-damage|p1a: Clefable|41\/100 brn\n|\n|-heal|p1a: Clefable|48\/100 brn|[from] item: Leftovers\n|upkeep\n|turn|62\n|\n|t:|1660393823\n|move|p1a: Clefable|Ice Beam|p2a: Ferrothorn\n|-damage|p2a: Ferrothorn|57\/100\n|move|p2a: Ferrothorn|Iron Head|p1a: Clefable\n|-supereffective|p1a: Clefable\n|-damage|p1a: Clefable|6\/100 brn\n|\n|-heal|p1a: Clefable|12\/100 brn|[from] item: Leftovers\n|-heal|p2a: Ferrothorn|63\/100|[from] item: Leftovers\n|upkeep\n|turn|63\n|\n|t:|1660393825\n|move|p1a: Clefable|Soft-Boiled|p1a: Clefable\n|-heal|p1a: Clefable|62\/100 brn\n|move|p2a: Ferrothorn|Iron Head|p1a: Clefable\n|-supereffective|p1a: Clefable\n|-damage|p1a: Clefable|25\/100 brn\n|\n|-heal|p1a: Clefable|31\/100 brn|[from] item: Leftovers\n|-heal|p2a: Ferrothorn|69\/100|[from] item: Leftovers\n|upkeep\n|turn|64\n|\n|t:|1660393826\n|move|p1a: Clefable|Soft-Boiled|p1a: Clefable\n|-heal|p1a: Clefable|81\/100 brn\n|move|p2a: Ferrothorn|Iron Head|p1a: Clefable\n|-supereffective|p1a: Clefable\n|-crit|p1a: Clefable\n|-damage|p1a: Clefable|20\/100 brn\n|\n|-heal|p1a: Clefable|26\/100 brn|[from] item: Leftovers\n|-heal|p2a: Ferrothorn|75\/100|[from] item: Leftovers\n|upkeep\n|turn|65\n|\n|t:|1660393828\n|move|p1a: Clefable|Soft-Boiled|p1a: Clefable\n|-heal|p1a: Clefable|76\/100 brn\n|move|p2a: Ferrothorn|Iron Head|p1a: Clefable\n|-supereffective|p1a: Clefable\n|-damage|p1a: Clefable|39\/100 brn\n|\n|-heal|p1a: Clefable|45\/100 brn|[from] item: Leftovers\n|-heal|p2a: Ferrothorn|82\/100|[from] item: Leftovers\n|upkeep\n|turn|66\n|\n|t:|1660393830\n|move|p1a: Clefable|Ice Beam|p2a: Ferrothorn\n|-damage|p2a: Ferrothorn|38\/100\n|move|p2a: Ferrothorn|Iron Head|p1a: Clefable\n|-supereffective|p1a: Clefable\n|-damage|p1a: Clefable|5\/100 brn\n|\n|-heal|p1a: Clefable|11\/100 brn|[from] item: Leftovers\n|-heal|p2a: Ferrothorn|44\/100|[from] item: Leftovers\n|upkeep\n|turn|67\n|\n|t:|1660393831\n|move|p1a: Clefable|Ice Beam|p2a: Ferrothorn\n|-damage|p2a: Ferrothorn|0 fnt\n|faint|p2a: Ferrothorn\n|\n|-heal|p1a: Clefable|17\/100 brn|[from] item: Leftovers\n|upkeep\n|\n|t:|1660393834\n|switch|p2a: Landorus|Landorus-Therian, M|74\/100\n|-damage|p2a: Landorus|62\/100|[from] Stealth Rock\n|-ability|p2a: Landorus|Intimidate|boost\n|-unboost|p1a: Clefable|atk|1\n|turn|68\n|c|\u2606AlIoutdragadarts|Gg\n|-message|AlIoutdragadarts forfeited.\n|\n|win|zhenghuoren\n|n|\u2606AlIoutdragadarts|alioutdragadarts\n|n|\u2606zhenghuoren|zhenghuoren\n|n| wdzkz|wdzkz\n|n| YANZUI|yanzui\n|n| DuGuo|duguo\n","uploadtime":1660393845,"views":8,"p1id":"alioutdragadarts","p2id":"zhenghuoren","formatid":"gen6ou","rating":0,"private":0,"password":null}