{"id":"china-gen6lc-4824402","p1":"Residual red soul","p2":"gostop","format":"gen6lc","log":"|j|\u2606Residual red soul\n|j|\u2606gostop\n|t:|1655647106\n|gametype|singles\n|player|p1|Residual red soul|supernerd|\n|player|p2|gostop|cdl2022miragephantom.png|\n|teamsize|p1|6\n|teamsize|p2|6\n|gen|6\n|tier|[Gen 6] LC\n|rule|Sleep Clause Mod: Limit one foe put to sleep\n|rule|Species Clause: Limit one of each Pok\u00e9mon\n|rule|OHKO Clause: OHKO moves are banned\n|rule|Moody Clause: Moody is banned\n|rule|Evasion Moves Clause: Evasion moves are banned\n|rule|Endless Battle Clause: Forcing endless battles is banned\n|rule|HP Percentage Mod: HP is shown in percentages\n|clearpoke\n|poke|p1|Pancham, L5, M|item\n|poke|p1|Mienfoo, L5, M|item\n|poke|p1|Chinchou, L5, M|item\n|poke|p1|Fletchling, L5, F|\n|poke|p1|Archen, L5, M|item\n|poke|p1|Gastly, L5, M|item\n|poke|p2|Pawniard, L5, F|item\n|poke|p2|Chinchou, L5, M|item\n|poke|p2|Abra, L5, M|item\n|poke|p2|Foongus, L5, M|item\n|poke|p2|Archen, L5, M|item\n|poke|p2|Mienfoo, L5, F|item\n|teampreview\n|j| idol1900\n|c|\u2606gostop|\u5f00\u4e00\u4e0b\u9501\n|c|\u2606Residual red soul|\u548b\u5f00\n|c|\u2606Residual red soul|\u6307\u4ee4\u662f\u5565\n|c|\u2606gostop|\/\/publicroom\n|j| burstbean\n|c|\u2606Residual red soul|\/log Residual red soul made this room public.\n|c|\u2606Residual red soul|\u5f00\u4e86\n|j| jianzhang106\u8230\u957f\n|j| snow toon\n|j| Indulge in dreams\n|j|\u265axujing691691\n|j| A-Soul\u7684D1ana\u672c\u4eba\n|\n|t:|1655647340\n|start\n|switch|p1a: \u6211\u957f\u5f97\u50cf\u8c46\u835a|Archen, L5, M|100\/100\n|switch|p2a: Archen|Archen, L5, M|100\/100\n|turn|1\n|\n|t:|1655647406\n|move|p1a: \u6211\u957f\u5f97\u50cf\u8c46\u835a|Rock Slide|p2a: Archen\n|-supereffective|p2a: Archen\n|-damage|p2a: Archen|0 fnt\n|faint|p2a: Archen\n|\n|upkeep\n|j| yiyiyi2\n|j| youke\n|\n|t:|1655647450\n|switch|p2a: Foongus|Foongus, L5, M|100\/100\n|turn|2\n|\n|t:|1655647461\n|switch|p1a: \u4f60\u770b\u6211\u60f3\u8c46\u835a\u561b|Chinchou, L5, M|100\/100\n|move|p2a: Foongus|Spore|p1a: \u4f60\u770b\u6211\u60f3\u8c46\u835a\u561b\n|-status|p1a: \u4f60\u770b\u6211\u60f3\u8c46\u835a\u561b|slp|[from] move: Spore\n|\n|upkeep\n|turn|3\n|j| wind777\n|\n|t:|1655647492\n|switch|p1a: \u8c46\u835a\u98de\u8e22|Mienfoo, L5, M|100\/100\n|switch|p2a: Pawniard|Pawniard, L5, F|100\/100\n|\n|upkeep\n|turn|4\n|\n|t:|1655647507\n|switch|p2a: Foongus|Foongus, L5, M|100\/100\n|move|p1a: \u8c46\u835a\u98de\u8e22|Drain Punch|p2a: Foongus\n|-resisted|p2a: Foongus\n|-damage|p2a: Foongus|88\/100\n|\n|upkeep\n|turn|5\n|\n|t:|1655647518\n|move|p1a: \u8c46\u835a\u98de\u8e22|Knock Off|p2a: Foongus\n|-damage|p2a: Foongus|68\/100\n|-enditem|p2a: Foongus|Eviolite|[from] move: Knock Off|[of] p1a: \u8c46\u835a\u98de\u8e22\n|move|p2a: Foongus|Sludge Bomb|p1a: \u8c46\u835a\u98de\u8e22\n|-damage|p1a: \u8c46\u835a\u98de\u8e22|67\/100\n|\n|upkeep\n|turn|6\n|\n|t:|1655647528\n|move|p1a: \u8c46\u835a\u98de\u8e22|U-turn|p2a: Foongus\n|-damage|p2a: Foongus|44\/100\n|\n|t:|1655647532\n|switch|p1a: \u4f60\u770b\u6211\u60f3\u8c46\u835a\u561b|Chinchou, L5, M|100\/100 slp|[from]move: U-turn\n|move|p2a: Foongus|Sludge Bomb|p1a: \u4f60\u770b\u6211\u60f3\u8c46\u835a\u561b\n|-damage|p1a: \u4f60\u770b\u6211\u60f3\u8c46\u835a\u561b|60\/100 slp\n|\n|upkeep\n|turn|7\n|\n|t:|1655647543\n|switch|p1a: \u8c46\u835a\u9985\u7684\u5305\u5b50|Pancham, L5, M, shiny|100\/100\n|-ability|p1a: \u8c46\u835a\u9985\u7684\u5305\u5b50|Mold Breaker\n|move|p2a: Foongus|Giga Drain|p1a: \u8c46\u835a\u9985\u7684\u5305\u5b50\n|-damage|p1a: \u8c46\u835a\u9985\u7684\u5305\u5b50|57\/100\n|-heal|p2a: Foongus|64\/100|[from] drain|[of] p1a: \u8c46\u835a\u9985\u7684\u5305\u5b50\n|\n|upkeep\n|turn|8\n|j| DuGuo\n|\n|t:|1655647661\n|switch|p1a: \u8c46\u835a\u98de\u8e22|Mienfoo, L5, M|100\/100\n|switch|p2a: Pawniard|Pawniard, L5, F|100\/100\n|\n|upkeep\n|turn|9\n|\n|t:|1655647679\n|move|p2a: Pawniard|Knock Off|p1a: \u8c46\u835a\u98de\u8e22\n|-resisted|p1a: \u8c46\u835a\u98de\u8e22\n|-damage|p1a: \u8c46\u835a\u98de\u8e22|72\/100\n|-enditem|p1a: \u8c46\u835a\u98de\u8e22|Eviolite|[from] move: Knock Off|[of] p2a: Pawniard\n|move|p1a: \u8c46\u835a\u98de\u8e22|U-turn|p2a: Pawniard\n|-damage|p2a: Pawniard|67\/100\n|\n|t:|1655647685\n|switch|p1a: \u6211\u957f\u5f97\u50cf\u8c46\u835a|Archen, L5, M|100\/100|[from]move: U-turn\n|\n|upkeep\n|turn|10\n|\n|t:|1655647740\n|move|p2a: Pawniard|Knock Off|p1a: \u6211\u957f\u5f97\u50cf\u8c46\u835a\n|-damage|p1a: \u6211\u957f\u5f97\u50cf\u8c46\u835a|22\/100\n|-enditem|p1a: \u6211\u957f\u5f97\u50cf\u8c46\u835a|Berry Juice|[from] move: Knock Off|[of] p2a: Pawniard\n|move|p1a: \u6211\u957f\u5f97\u50cf\u8c46\u835a|Earthquake|p2a: Pawniard\n|-supereffective|p2a: Pawniard\n|-damage|p2a: Pawniard|10\/100\n|\n|upkeep\n|turn|11\n|j| ok sir\n|\n|t:|1655647762\n|move|p2a: Pawniard|Knock Off|p1a: \u6211\u957f\u5f97\u50cf\u8c46\u835a\n|-damage|p1a: \u6211\u957f\u5f97\u50cf\u8c46\u835a|0 fnt\n|faint|p1a: \u6211\u957f\u5f97\u50cf\u8c46\u835a\n|\n|upkeep\n|\n|t:|1655647764\n|switch|p1a: \u8c46\u835a\u98de\u8e22|Mienfoo, L5, M|100\/100\n|turn|12\n|\n|t:|1655647776\n|switch|p2a: Foongus|Foongus, L5, M|96\/100\n|move|p1a: \u8c46\u835a\u98de\u8e22|U-turn|p2a: Foongus\n|-damage|p2a: Foongus|68\/100\n|\n|t:|1655647785\n|switch|p1a: \u6211\u662f\u8c46\u835a|Fletchling, L5, F, shiny|100\/100|[from]move: U-turn\n|\n|upkeep\n|turn|13\n|\n|t:|1655647871\n|switch|p2a: Chinchou|Chinchou, L5, M|100\/100\n|move|p1a: \u6211\u662f\u8c46\u835a|Acrobatics|p2a: Chinchou\n|-resisted|p2a: Chinchou\n|-damage|p2a: Chinchou|76\/100\n|\n|upkeep\n|turn|14\n|j|\u265aaro nova\n|\n|t:|1655647891\n|switch|p1a: \u4f60\u770b\u6211\u60f3\u8c46\u835a\u561b|Chinchou, L5, M|60\/100 slp\n|move|p2a: Chinchou|Scald|p1a: \u4f60\u770b\u6211\u60f3\u8c46\u835a\u561b\n|-resisted|p1a: \u4f60\u770b\u6211\u60f3\u8c46\u835a\u561b\n|-damage|p1a: \u4f60\u770b\u6211\u60f3\u8c46\u835a\u561b|40\/100 slp\n|-enditem|p1a: \u4f60\u770b\u6211\u60f3\u8c46\u835a\u561b|Berry Juice\n|-heal|p1a: \u4f60\u770b\u6211\u60f3\u8c46\u835a\u561b|100\/100 slp|[from] item: Berry Juice\n|\n|upkeep\n|turn|15\n|l| youke\n|\n|t:|1655647929\n|switch|p1a: \u8c46\u835a\u9985\u7684\u5305\u5b50|Pancham, L5, M, shiny|57\/100\n|-ability|p1a: \u8c46\u835a\u9985\u7684\u5305\u5b50|Mold Breaker\n|switch|p2a: Mienfoo|Mienfoo, L5, F|100\/100\n|\n|upkeep\n|turn|16\n|\n|t:|1655647984\n|move|p1a: \u8c46\u835a\u9985\u7684\u5305\u5b50|Parting Shot|p2a: Mienfoo\n|-unboost|p2a: Mienfoo|atk|1\n|-unboost|p2a: Mienfoo|spa|1\n|\n|t:|1655647987\n|switch|p1a: \u8c46\u835a\u98de\u8e22|Mienfoo, L5, M|100\/100|[from]move: Parting Shot\n|move|p2a: Mienfoo|Acrobatics|p1a: \u8c46\u835a\u98de\u8e22\n|-supereffective|p1a: \u8c46\u835a\u98de\u8e22\n|-crit|p1a: \u8c46\u835a\u98de\u8e22\n|-damage|p1a: \u8c46\u835a\u98de\u8e22|34\/100\n|\n|upkeep\n|turn|17\n|\n|t:|1655648026\n|switch|p1a: \u4f60\u770b\u6211\u60f3\u8c46\u835a\u561b|Chinchou, L5, M|100\/100 slp\n|move|p2a: Mienfoo|Knock Off|p1a: \u4f60\u770b\u6211\u60f3\u8c46\u835a\u561b\n|-damage|p1a: \u4f60\u770b\u6211\u60f3\u8c46\u835a\u561b|84\/100 slp\n|\n|upkeep\n|turn|18\n|j| youke\n|\n|t:|1655648033\n|switch|p1a: \u8c46\u835a\u98de\u8e22|Mienfoo, L5, M|67\/100\n|move|p2a: Mienfoo|U-turn|p1a: \u8c46\u835a\u98de\u8e22\n|-resisted|p1a: \u8c46\u835a\u98de\u8e22\n|-damage|p1a: \u8c46\u835a\u98de\u8e22|58\/100\n|\n|t:|1655648048\n|switch|p2a: Abra|Abra, L5, M|100\/100|[from]move: U-turn\n|\n|upkeep\n|turn|19\n|\n|t:|1655648162\n|move|p1a: \u8c46\u835a\u98de\u8e22|Fake Out|p2a: Abra\n|-damage|p2a: Abra|58\/100\n|cant|p2a: Abra|flinch\n|\n|upkeep\n|turn|20\n|\n|t:|1655648212\n|switch|p1a: \u4f60\u770b\u6211\u60f3\u8c46\u835a\u561b|Chinchou, L5, M|84\/100 slp\n|move|p2a: Abra|Psychic|p1a: \u4f60\u770b\u6211\u60f3\u8c46\u835a\u561b\n|-damage|p1a: \u4f60\u770b\u6211\u60f3\u8c46\u835a\u561b|8\/100 slp\n|\n|upkeep\n|turn|21\n|\n|t:|1655648222\n|move|p2a: Abra|Psychic|p1a: \u4f60\u770b\u6211\u60f3\u8c46\u835a\u561b\n|-damage|p1a: \u4f60\u770b\u6211\u60f3\u8c46\u835a\u561b|0 fnt\n|faint|p1a: \u4f60\u770b\u6211\u60f3\u8c46\u835a\u561b\n|\n|upkeep\n|\n|t:|1655648226\n|switch|p1a: \u6211\u624d\u662f\u8c46\u835a|Gastly, L5, M|100\/100\n|turn|22\n|j|+hybone\n|\n|t:|1655648376\n|move|p2a: Abra|Psychic|p1a: \u6211\u624d\u662f\u8c46\u835a\n|-supereffective|p1a: \u6211\u624d\u662f\u8c46\u835a\n|-enditem|p1a: \u6211\u624d\u662f\u8c46\u835a|Focus Sash\n|-damage|p1a: \u6211\u624d\u662f\u8c46\u835a|6\/100\n|move|p1a: \u6211\u624d\u662f\u8c46\u835a|Shadow Ball|p2a: Abra\n|-supereffective|p2a: Abra\n|-damage|p2a: Abra|0 fnt\n|faint|p2a: Abra\n|\n|upkeep\n|l|\u265axujing691691\n|j|\u265axujing691691\n|j|%Cure\u2605Persona\n|\n|t:|1655648399\n|switch|p2a: Pawniard|Pawniard, L5, F|10\/100\n|turn|23\n|j| A-SOUL jiaran\n|\n|t:|1655648421\n|move|p1a: \u6211\u624d\u662f\u8c46\u835a|Sucker Punch|p2a: Pawniard\n|-resisted|p2a: Pawniard\n|-damage|p2a: Pawniard|0 fnt\n|faint|p2a: Pawniard\n|\n|upkeep\n|\n|t:|1655648466\n|switch|p2a: Foongus|Foongus, L5, M|100\/100\n|turn|24\n|l| youke\n|\n|t:|1655648499\n|move|p1a: \u6211\u624d\u662f\u8c46\u835a|Sludge Bomb|p2a: Foongus\n|-damage|p2a: Foongus|36\/100\n|move|p2a: Foongus|Spore|p1a: \u6211\u624d\u662f\u8c46\u835a\n|-status|p1a: \u6211\u624d\u662f\u8c46\u835a|slp|[from] move: Spore\n|\n|upkeep\n|turn|25\n|j| youke\n|\n|t:|1655648513\n|switch|p2a: Mienfoo|Mienfoo, L5, F|100\/100\n|cant|p1a: \u6211\u624d\u662f\u8c46\u835a|slp\n|\n|upkeep\n|turn|26\n|\n|t:|1655648520\n|cant|p1a: \u6211\u624d\u662f\u8c46\u835a|slp\n|move|p2a: Mienfoo|U-turn|p1a: \u6211\u624d\u662f\u8c46\u835a\n|-resisted|p1a: \u6211\u624d\u662f\u8c46\u835a\n|-crit|p1a: \u6211\u624d\u662f\u8c46\u835a\n|-damage|p1a: \u6211\u624d\u662f\u8c46\u835a|0 fnt\n|faint|p1a: \u6211\u624d\u662f\u8c46\u835a\n|l| youke\n|j| youke\n|\n|t:|1655648608\n|switch|p2a: Foongus|Foongus, L5, M|68\/100|[from]move: U-turn\n|\n|upkeep\n|\n|t:|1655648615\n|switch|p1a: \u6211\u662f\u8c46\u835a|Fletchling, L5, F, shiny|100\/100\n|turn|27\n|\n|t:|1655648696\n|switch|p2a: Chinchou|Chinchou, L5, M|76\/100\n|move|p1a: \u6211\u662f\u8c46\u835a|U-turn|p2a: Chinchou\n|-damage|p2a: Chinchou|52\/100\n|\n|t:|1655648699\n|switch|p1a: \u8c46\u835a\u9985\u7684\u5305\u5b50|Pancham, L5, M, shiny|57\/100|[from]move: U-turn\n|-ability|p1a: \u8c46\u835a\u9985\u7684\u5305\u5b50|Mold Breaker\n|\n|upkeep\n|turn|28\n|l| youke\n|\n|t:|1655648708\n|switch|p2a: Foongus|Foongus, L5, M|100\/100\n|move|p1a: \u8c46\u835a\u9985\u7684\u5305\u5b50|Gunk Shot|p2a: Foongus\n|-damage|p2a: Foongus|48\/100\n|\n|upkeep\n|turn|29\n|\n|t:|1655648724\n|move|p1a: \u8c46\u835a\u9985\u7684\u5305\u5b50|Gunk Shot|p2a: Foongus\n|-damage|p2a: Foongus|0 fnt\n|faint|p2a: Foongus\n|\n|upkeep\n|\n|t:|1655648730\n|switch|p2a: Mienfoo|Mienfoo, L5, F|100\/100\n|turn|30\n|\n|t:|1655648738\n|move|p1a: \u8c46\u835a\u9985\u7684\u5305\u5b50|Gunk Shot|p2a: Mienfoo\n|-crit|p2a: Mienfoo\n|-damage|p2a: Mienfoo|50\/100\n|-status|p2a: Mienfoo|psn\n|move|p2a: Mienfoo|Acrobatics|p1a: \u8c46\u835a\u9985\u7684\u5305\u5b50\n|-supereffective|p1a: \u8c46\u835a\u9985\u7684\u5305\u5b50\n|-damage|p1a: \u8c46\u835a\u9985\u7684\u5305\u5b50|5\/100\n|\n|-damage|p2a: Mienfoo|41\/100 psn|[from] psn\n|upkeep\n|turn|31\n|\n|t:|1655648746\n|move|p1a: \u8c46\u835a\u9985\u7684\u5305\u5b50|Gunk Shot|p2a: Mienfoo\n|-damage|p2a: Mienfoo|5\/100 psn\n|move|p2a: Mienfoo|Acrobatics|p1a: \u8c46\u835a\u9985\u7684\u5305\u5b50\n|-supereffective|p1a: \u8c46\u835a\u9985\u7684\u5305\u5b50\n|-damage|p1a: \u8c46\u835a\u9985\u7684\u5305\u5b50|0 fnt\n|faint|p1a: \u8c46\u835a\u9985\u7684\u5305\u5b50\n|\n|-damage|p2a: Mienfoo|0 fnt|[from] psn\n|faint|p2a: Mienfoo\n|upkeep\n|\n|t:|1655648749\n|switch|p1a: \u8c46\u835a\u98de\u8e22|Mienfoo, L5, M|91\/100\n|switch|p2a: Chinchou|Chinchou, L5, M|52\/100\n|turn|32\n|\n|t:|1655648756\n|move|p1a: \u8c46\u835a\u98de\u8e22|Knock Off|p2a: Chinchou\n|-damage|p2a: Chinchou|16\/100\n|-enditem|p2a: Chinchou|Berry Juice|[from] move: Knock Off|[of] p1a: \u8c46\u835a\u98de\u8e22\n|move|p2a: Chinchou|Scald|p1a: \u8c46\u835a\u98de\u8e22\n|-damage|p1a: \u8c46\u835a\u98de\u8e22|34\/100\n|\n|upkeep\n|turn|33\n|\n|t:|1655648759\n|move|p1a: \u8c46\u835a\u98de\u8e22|Drain Punch|p2a: Chinchou\n|-crit|p2a: Chinchou\n|-damage|p2a: Chinchou|0 fnt\n|-heal|p1a: \u8c46\u835a\u98de\u8e22|43\/100|[from] drain|[of] p2a: Chinchou\n|faint|p2a: Chinchou\n|\n|win|Residual red soul\n|l|\u265axujing691691\n|l| snow toon\n|l| A-SOUL jiaran\n|j| youke\n|l| youke\n","uploadtime":1655648770,"views":30,"p1id":"residualredsoul","p2id":"gostop","formatid":"gen6lc","rating":0,"private":0,"password":null}