{"id":"china-gen8randombattle-420864","p1":"shengbiao","p2":"gostop","format":"gen8randombattle","log":"|j|\u2606shengbiao\n|j|\u2606gostop\n|t:|1619184912\n|gametype|singles\n|player|p1|shengbiao|shengbiao.png|\n|player|p2|gostop|gostop.gif|\n|teamsize|p1|6\n|teamsize|p2|6\n|gen|8\n|tier|[Gen 8] Random Battle\n|rule|Species Clause: Limit one of each Pok\u00e9mon\n|rule|HP Percentage Mod: HP is shown in percentages\n|rule|Sleep Clause Mod: Limit one foe put to sleep\n|\n|t:|1619184912\n|start\n|switch|p1a: Articuno|Articuno-Galar, L80|275\/275\n|switch|p2a: Ribombee|Ribombee, L82, F|233\/233\n|turn|1\n|j|\u265aChizuru mizuhara\n|inactive|Battle timer is ON: inactive players will automatically lose when time's up. (requested by shengbiao)\n|\n|t:|1619184983\n|move|p2a: Ribombee|Sticky Web|p1a: Articuno\n|-sidestart|p1: shengbiao|move: Sticky Web\n|move|p1a: Articuno|Calm Mind|p1a: Articuno\n|-boost|p1a: Articuno|spa|1\n|-boost|p1a: Articuno|spd|1\n|\n|upkeep\n|turn|2\n|\n|t:|1619185010\n|move|p2a: Ribombee|U-turn|p1a: Articuno\n|-damage|p1a: Articuno|224\/275\n|\n|t:|1619185013\n|switch|p2a: Snorlax|Snorlax, L82, M|397\/397\n|move|p1a: Articuno|Air Slash|p2a: Snorlax\n|-damage|p2a: Snorlax|291\/397\n|\n|upkeep\n|turn|3\n|\n|t:|1619185024\n|move|p1a: Articuno|Freezing Glare|p2a: Snorlax\n|-damage|p2a: Snorlax|150\/397\n|move|p2a: Snorlax|Darkest Lariat|p1a: Articuno\n|-supereffective|p1a: Articuno\n|-damage|p1a: Articuno|32\/275\n|\n|upkeep\n|turn|4\n|\n|t:|1619185031\n|move|p1a: Articuno|Freezing Glare|p2a: Snorlax\n|-damage|p2a: Snorlax|5\/397\n|move|p2a: Snorlax|Darkest Lariat|p1a: Articuno\n|-supereffective|p1a: Articuno\n|-damage|p1a: Articuno|0 fnt\n|faint|p1a: Articuno\n|\n|upkeep\n|\n|t:|1619185041\n|switch|p1a: Tornadus|Tornadus-Therian, L78, M|251\/251\n|turn|5\n|j|\u265aAllen-xia\u5bfb\u6b22\n|inactive|gostop has 270 seconds left.\n|\n|t:|1619185081\n|move|p1a: Tornadus|Defog|p2a: Snorlax\n|-unboost|p2a: Snorlax|evasion|1\n|-sideend|p1: shengbiao|Sticky Web|[from] move: Defog|[of] p1a: Tornadus\n|move|p2a: Snorlax|Darkest Lariat|p1a: Tornadus\n|-damage|p1a: Tornadus|150\/251\n|\n|upkeep\n|turn|6\n|inactive|gostop has 270 seconds left.\n|inactive|shengbiao has 270 seconds left.\n|\n|t:|1619185111\n|move|p1a: Tornadus|U-turn|p2a: Snorlax\n|-damage|p2a: Snorlax|0 fnt\n|faint|p2a: Snorlax\n|\n|t:|1619185115\n|switch|p1a: Shiinotic|Shiinotic, L86, M|243\/243\n|\n|upkeep\n|inactive|gostop has 270 seconds left.\n|j| glockie bae\n|\n|t:|1619185154\n|switch|p2a: Scolipede|Scolipede, L80, F|227\/227\n|turn|7\n|\n|t:|1619185162\n|switch|p1a: Genesect|Genesect-Douse, L74|227\/227\n|-ability|p1a: Genesect|Download|boost\n|-boost|p1a: Genesect|spa|1\n|move|p2a: Scolipede|Poison Jab|p1a: Genesect\n|-immune|p1a: Genesect\n|\n|-ability|p2a: Scolipede|Speed Boost|boost\n|-boost|p2a: Scolipede|spe|1\n|upkeep\n|turn|8\n|inactive|gostop has 240 seconds left.\n|inactive|gostop has 210 seconds left.\n|inactive|gostop has 180 seconds left.\n|\n|t:|1619185258\n|switch|p2a: Drapion|Drapion, L82, F|249\/249\n|move|p1a: Genesect|Flamethrower|p2a: Drapion\n|-damage|p2a: Drapion|144\/249\n|\n|upkeep\n|turn|9\n|inactive|shengbiao has 270 seconds left.\n|\n|t:|1619185290\n|move|p2a: Drapion|Knock Off|p1a: Genesect\n|-damage|p1a: Genesect|148\/227\n|-damage|p2a: Drapion|120\/249|[from] item: Life Orb\n|move|p1a: Genesect|Bug Buzz|p2a: Drapion\n|-crit|p2a: Drapion\n|-damage|p2a: Drapion|0 fnt\n|faint|p2a: Drapion\n|\n|upkeep\n|inactive|gostop has 150 seconds left.\n|\n|t:|1619185329\n|switch|p2a: Ribombee|Ribombee, L82, F|233\/233\n|turn|10\n|c|\u2606shengbiao|\u5427\u8001\u5e08\u90a3\u513f\u662f\u5728\u6253\u4ec0\u4e48\u6bd4\u8d5b\n|inactive|shengbiao has 270 seconds left.\n|c|\u2606shengbiao|\u770b\u56fd\u670d\u623f\u95f4\u91cc\u597d\u591a\u4eba\u5728\u8bf4\n|c| glockie bae|\u63a2\u9669\u8005\n|\n|t:|1619185351\n|move|p2a: Ribombee|Sticky Web|p1a: Genesect\n|-sidestart|p1: shengbiao|move: Sticky Web\n|move|p1a: Genesect|Iron Head|p2a: Ribombee\n|-supereffective|p2a: Ribombee\n|-damage|p2a: Ribombee|33\/233\n|\n|upkeep\n|turn|11\n|c|\u2606shengbiao|\u54e6\u54e6\n|\n|t:|1619185362\n|move|p2a: Ribombee|Moonblast|p1a: Genesect\n|-resisted|p1a: Genesect\n|-damage|p1a: Genesect|95\/227\n|-unboost|p1a: Genesect|spa|1\n|move|p1a: Genesect|Flamethrower|p2a: Ribombee\n|-supereffective|p2a: Ribombee\n|-damage|p2a: Ribombee|0 fnt\n|faint|p2a: Ribombee\n|\n|upkeep\n|\n|t:|1619185379\n|switch|p2a: Silvally|Silvally-Flying, L84|297\/297\n|turn|12\n|\n|t:|1619185401\n|switch|p1a: Cresselia|Cresselia, L80, F|323\/323\n|-start|p2a: Silvally|Dynamax\n|-heal|p2a: Silvally|594\/594|[silent]\n|move|p2a: Silvally|Max Airstream|p1a: Cresselia\n|-damage|p1a: Cresselia|233\/323\n|-boost|p2a: Silvally|spe|1\n|\n|-heal|p1a: Cresselia|253\/323|[from] item: Leftovers\n|upkeep\n|turn|13\n|inactive|gostop has 120 seconds left.\n|\n|t:|1619185427\n|move|p2a: Silvally|Max Steelspike|p1a: Cresselia\n|-damage|p1a: Cresselia|182\/323\n|-boost|p2a: Silvally|def|1\n|move|p1a: Cresselia|Toxic|p2a: Silvally\n|-status|p2a: Silvally|tox\n|\n|-heal|p1a: Cresselia|202\/323|[from] item: Leftovers\n|-damage|p2a: Silvally|576\/594 tox|[from] psn\n|upkeep\n|turn|14\n|inactive|gostop has 120 seconds left.\n|\n|t:|1619185435\n|move|p2a: Silvally|Max Rockfall|p1a: Cresselia\n|-damage|p1a: Cresselia|126\/323\n|-weather|Sandstorm\n|move|p1a: Cresselia|Moonlight|p1a: Cresselia\n|-heal|p1a: Cresselia|207\/323\n|\n|-weather|Sandstorm|[upkeep]\n|-damage|p2a: Silvally|558\/594 tox|[from] Sandstorm\n|-damage|p1a: Cresselia|187\/323|[from] Sandstorm\n|-heal|p1a: Cresselia|207\/323|[from] item: Leftovers\n|-damage|p2a: Silvally|522\/594 tox|[from] psn\n|-end|p2a: Silvally|Dynamax\n|-heal|p2a: Silvally|261\/297 tox|[silent]\n|upkeep\n|turn|15\n|\n|t:|1619185444\n|move|p2a: Silvally|Swords Dance|p2a: Silvally\n|-boost|p2a: Silvally|atk|2\n|move|p1a: Cresselia|Moonlight|p1a: Cresselia\n|-heal|p1a: Cresselia|288\/323\n|\n|-weather|Sandstorm|[upkeep]\n|-damage|p2a: Silvally|243\/297 tox|[from] Sandstorm\n|-damage|p1a: Cresselia|268\/323|[from] Sandstorm\n|-heal|p1a: Cresselia|288\/323|[from] item: Leftovers\n|-damage|p2a: Silvally|189\/297 tox|[from] psn\n|upkeep\n|turn|16\n|\n|t:|1619185451\n|move|p2a: Silvally|Multi-Attack|p1a: Cresselia\n|-damage|p1a: Cresselia|80\/323\n|move|p1a: Cresselia|Psyshock|p2a: Silvally\n|-damage|p2a: Silvally|149\/297 tox\n|\n|-weather|Sandstorm|[upkeep]\n|-damage|p2a: Silvally|131\/297 tox|[from] Sandstorm\n|-damage|p1a: Cresselia|60\/323|[from] Sandstorm\n|-heal|p1a: Cresselia|80\/323|[from] item: Leftovers\n|-damage|p2a: Silvally|59\/297 tox|[from] psn\n|upkeep\n|turn|17\n|inactive|shengbiao has 270 seconds left.\n|\n|t:|1619185470\n|move|p2a: Silvally|Multi-Attack|p1a: Cresselia\n|-damage|p1a: Cresselia|0 fnt\n|faint|p1a: Cresselia\n|\n|-weather|Sandstorm|[upkeep]\n|-damage|p2a: Silvally|41\/297 tox|[from] Sandstorm\n|-damage|p2a: Silvally|0 fnt|[from] psn\n|faint|p2a: Silvally\n|upkeep\n|\n|t:|1619185480\n|switch|p2a: Scolipede|Scolipede, L80, F|227\/227\n|switch|p1a: Galvantula|Galvantula, L82, F|249\/249\n|turn|18\n|j| akaza akarinn\n|l| akaza akarinn\n|\n|t:|1619185499\n|switch|p1a: Tornadus|Tornadus-Therian, L78, M|233\/251\n|move|p2a: Scolipede|Swords Dance|p2a: Scolipede\n|-boost|p2a: Scolipede|atk|2\n|\n|-weather|none\n|-ability|p2a: Scolipede|Speed Boost|boost\n|-boost|p2a: Scolipede|spe|1\n|upkeep\n|turn|19\n|\n|t:|1619185505\n|-start|p1a: Tornadus|Dynamax\n|-heal|p1a: Tornadus|466\/502|[silent]\n|move|p2a: Scolipede|Poison Jab|p1a: Tornadus\n|-damage|p1a: Tornadus|228\/502\n|-status|p1a: Tornadus|psn\n|-damage|p2a: Scolipede|205\/227|[from] item: Life Orb\n|move|p1a: Tornadus|Max Airstream|p2a: Scolipede\n|-supereffective|p2a: Scolipede\n|-damage|p2a: Scolipede|0 fnt\n|-boost|p1a: Tornadus|spe|1\n|faint|p2a: Scolipede\n|\n|-damage|p1a: Tornadus|197\/502 psn|[from] psn\n|upkeep\n|\n|t:|1619185510\n|switch|p2a: Tangrowth|Tangrowth, L84, F|305\/305\n|turn|20\n|inactive|shengbiao has 270 seconds left.\n|\n|t:|1619185521\n|move|p1a: Tornadus|Max Airstream|p2a: Tangrowth\n|-supereffective|p2a: Tangrowth\n|-damage|p2a: Tangrowth|0 fnt\n|-boost|p1a: Tornadus|spe|1\n|faint|p2a: Tangrowth\n|\n|win|shengbiao\n|c|\u2606shengbiao|gg\n|c|\u2606gostop|gg\n","inputlog":">version e2015f030898526ffd5a066217038af11880bd59\n>version-origin 3918ebd609a2bd57e0326bf76fca79306b37a61f\n>start {\"formatid\":\"gen8randombattle\",\"seed\":[61120,54801,62838,23796]}\n>player p1 {\"name\":\"shengbiao\",\"avatar\":\"shengbiao.png\",\"rating\":0,\"seed\":[33463,63417,25683,16435]}\n>player p2 {\"name\":\"gostop\",\"avatar\":\"gostop.gif\",\"rating\":0,\"seed\":[45835,61576,7537,10853]}\n>p1 move calmmind\n>p2 move stickyweb\n>p1 move airslash\n>p2 move uturn\n>p2 switch 3\n>p1 move freezingglare\n>p2 move darkestlariat\n>p1 move freezingglare\n>p2 move darkestlariat\n>p1 switch 6\n>p1 move defog\n>p2 move darkestlariat\n>p1 move uturn\n>p2 move darkestlariat\n>p1 switch 5\n>p2 switch 6\n>p1 switch 4\n>p2 move poisonjab\n>p1 move flamethrower\n>p2 switch 5\n>p1 move bugbuzz\n>p2 move knockoff\n>p2 switch 3\n>chat \u2606shengbiao|\u5427\u8001\u5e08\u90a3\u513f\u662f\u5728\u6253\u4ec0\u4e48\u6bd4\u8d5b\n>chat \u2606shengbiao|\u770b\u56fd\u670d\u623f\u95f4\u91cc\u597d\u591a\u4eba\u5728\u8bf4\n>chat  glockie bae|\u63a2\u9669\u8005\n>p1 move ironhead\n>p2 move stickyweb\n>chat \u2606shengbiao|\u54e6\u54e6\n>p1 move flamethrower\n>p2 move moonblast\n>p2 switch 2\n>p1 switch 3\n>p2 move multiattack dynamax\n>p1 move toxic\n>p2 move ironhead dynamax\n>p1 move moonlight\n>p2 move rockslide dynamax\n>p1 move moonlight\n>p2 move swordsdance\n>p1 move psyshock\n>p2 move multiattack\n>p1 move psyshock\n>p2 move multiattack\n>p1 switch 2\n>p2 switch 5\n>p1 switch 5\n>p2 move swordsdance\n>p1 move hurricane dynamax\n>p2 move poisonjab\n>p2 switch 4\n>p1 move hurricane dynamax\n>p2 move sludgebomb","uploadtime":1619185539,"views":46,"p1id":"shengbiao","p2id":"gostop","formatid":"gen8randombattle","rating":0,"private":0,"password":null}