{"id":"china-gen8randombattle-3891272","p1":"rubv","p2":"swordsman.n","format":"gen8randombattle","log":"|j|\u2606rubv\n|j|\u2606swordsman.n\n|t:|1637320873\n|gametype|singles\n|player|p1|rubv|camper|\n|player|p2|swordsman.n|249|\n|teamsize|p1|6\n|teamsize|p2|6\n|gen|8\n|tier|[Gen 8] Random Battle\n|rule|Species Clause: Limit one of each Pok\u00e9mon\n|rule|HP Percentage Mod: HP is shown in percentages\n|rule|Sleep Clause Mod: Limit one foe put to sleep\n|\n|t:|1637320873\n|start\n|switch|p1a: Mudsdale|Mudsdale, L82, F|298\/298\n|switch|p2a: Naganadel|Naganadel, L74|230\/230\n|turn|1\n|\n|t:|1637320901\n|switch|p2a: Oranguru|Oranguru, L86, M|295\/295\n|move|p1a: Mudsdale|Stealth Rock|p2a: Oranguru\n|-sidestart|p2: swordsman.n|move: Stealth Rock\n|\n|upkeep\n|turn|2\n|\n|t:|1637320910\n|switch|p1a: Bisharp|Bisharp, L80, M|235\/235\n|move|p2a: Oranguru|Psychic|p1a: Bisharp\n|-immune|p1a: Bisharp\n|\n|upkeep\n|turn|3\n|\n|t:|1637320916\n|move|p1a: Bisharp|Knock Off|p2a: Oranguru\n|-supereffective|p2a: Oranguru\n|-damage|p2a: Oranguru|0 fnt\n|-enditem|p2a: Oranguru|Leftovers|[from] move: Knock Off|[of] p1a: Bisharp\n|faint|p2a: Oranguru\n|-damage|p1a: Bisharp|212\/235|[from] item: Life Orb\n|\n|upkeep\n|\n|t:|1637320925\n|switch|p2a: Drapion|Drapion, L82, M|249\/249\n|-damage|p2a: Drapion|218\/249|[from] Stealth Rock\n|turn|4\n|\n|t:|1637320949\n|switch|p1a: Mudsdale|Mudsdale, L82, F|298\/298\n|move|p2a: Drapion|Swords Dance|p2a: Drapion\n|-boost|p2a: Drapion|atk|2\n|\n|upkeep\n|turn|5\n|\n|t:|1637320956\n|move|p2a: Drapion|Knock Off|p1a: Mudsdale\n|-damage|p1a: Mudsdale|87\/298\n|-ability|p1a: Mudsdale|Stamina|boost\n|-boost|p1a: Mudsdale|def|1\n|-enditem|p1a: Mudsdale|Leftovers|[from] move: Knock Off|[of] p2a: Drapion\n|-damage|p2a: Drapion|194\/249|[from] item: Life Orb\n|move|p1a: Mudsdale|Earthquake|p2a: Drapion\n|-supereffective|p2a: Drapion\n|-damage|p2a: Drapion|0 fnt\n|faint|p2a: Drapion\n|\n|upkeep\n|\n|t:|1637320965\n|switch|p2a: Tapu Fini|Tapu Fini, L78|237\/237\n|-damage|p2a: Tapu Fini|208\/237|[from] Stealth Rock\n|-fieldstart|move: Misty Terrain|[from] ability: Misty Surge|[of] p2a: Tapu Fini\n|turn|6\n|\n|t:|1637320987\n|move|p2a: Tapu Fini|Calm Mind|p2a: Tapu Fini\n|-boost|p2a: Tapu Fini|spa|1\n|-boost|p2a: Tapu Fini|spd|1\n|move|p1a: Mudsdale|Earthquake|p2a: Tapu Fini\n|-damage|p2a: Tapu Fini|94\/237\n|\n|-heal|p2a: Tapu Fini|108\/237|[from] item: Leftovers\n|upkeep\n|turn|7\n|\n|t:|1637321012\n|switch|p1a: Mr. Mime|Mr. Mime, L86, M|209\/209\n|move|p2a: Tapu Fini|Moonblast|p1a: Mr. Mime\n|-damage|p1a: Mr. Mime|118\/209\n|\n|-heal|p2a: Tapu Fini|122\/237|[from] item: Leftovers\n|upkeep\n|turn|8\n|\n|t:|1637321022\n|move|p1a: Mr. Mime|Nasty Plot|p1a: Mr. Mime\n|-boost|p1a: Mr. Mime|spa|2\n|move|p2a: Tapu Fini|Moonblast|p1a: Mr. Mime\n|-damage|p1a: Mr. Mime|18\/209\n|\n|-heal|p2a: Tapu Fini|136\/237|[from] item: Leftovers\n|upkeep\n|turn|9\n|\n|t:|1637321031\n|move|p1a: Mr. Mime|Psychic|p2a: Tapu Fini\n|-damage|p2a: Tapu Fini|6\/237\n|-damage|p1a: Mr. Mime|0 fnt|[from] item: Life Orb\n|faint|p1a: Mr. Mime\n|move|p2a: Tapu Fini|Calm Mind|p2a: Tapu Fini\n|-boost|p2a: Tapu Fini|spa|1\n|-boost|p2a: Tapu Fini|spd|1\n|\n|-heal|p2a: Tapu Fini|20\/237|[from] item: Leftovers\n|upkeep\n|\n|t:|1637321056\n|switch|p1a: Barraskewda|Barraskewda, L80, F|229\/229\n|turn|10\n|\n|t:|1637321065\n|move|p1a: Barraskewda|Liquidation|p2a: Tapu Fini\n|-resisted|p2a: Tapu Fini\n|-damage|p2a: Tapu Fini|0 fnt\n|faint|p2a: Tapu Fini\n|\n|-fieldend|Misty Terrain\n|upkeep\n|\n|t:|1637321071\n|switch|p2a: Metagross|Metagross, L79|256\/256\n|-damage|p2a: Metagross|240\/256|[from] Stealth Rock\n|turn|11\n|\n|t:|1637321078\n|move|p1a: Barraskewda|Liquidation|p2a: Metagross\n|-damage|p2a: Metagross|129\/256\n|move|p2a: Metagross|Earthquake|p1a: Barraskewda\n|-damage|p1a: Barraskewda|120\/229\n|\n|upkeep\n|turn|12\n|\n|t:|1637321084\n|move|p1a: Barraskewda|Liquidation|p2a: Metagross\n|-damage|p2a: Metagross|17\/256\n|move|p2a: Metagross|Earthquake|p1a: Barraskewda\n|-damage|p1a: Barraskewda|12\/229\n|\n|upkeep\n|turn|13\n|\n|t:|1637321093\n|move|p1a: Barraskewda|Liquidation|p2a: Metagross\n|-damage|p2a: Metagross|0 fnt\n|faint|p2a: Metagross\n|\n|upkeep\n|\n|t:|1637321103\n|switch|p2a: Naganadel|Naganadel, L74|230\/230\n|-damage|p2a: Naganadel|202\/230|[from] Stealth Rock\n|turn|14\n|\n|t:|1637321116\n|-start|p1a: Barraskewda|Dynamax\n|-heal|p1a: Barraskewda|24\/458|[silent]\n|-start|p2a: Naganadel|Dynamax\n|-heal|p2a: Naganadel|404\/460|[silent]\n|move|p1a: Barraskewda|Max Mindstorm|p2a: Naganadel\n|-supereffective|p2a: Naganadel\n|-damage|p2a: Naganadel|116\/460\n|-fieldstart|move: Psychic Terrain\n|move|p2a: Naganadel|Max Flare|p1a: Barraskewda\n|-resisted|p1a: Barraskewda\n|-damage|p1a: Barraskewda|0 fnt\n|-weather|SunnyDay\n|faint|p1a: Barraskewda\n|-ability|p2a: Naganadel|Beast Boost|boost\n|-boost|p2a: Naganadel|spa|1\n|-damage|p2a: Naganadel|93\/460|[from] item: Life Orb\n|\n|-weather|SunnyDay|[upkeep]\n|upkeep\n|\n|t:|1637321131\n|switch|p1a: Mudsdale|Mudsdale, L82, F|87\/298\n|turn|15\n|\n|t:|1637321135\n|move|p2a: Naganadel|Max Wyrmwind|p1a: Mudsdale\n|-damage|p1a: Mudsdale|0 fnt\n|faint|p1a: Mudsdale\n|-ability|p2a: Naganadel|Beast Boost|boost\n|-boost|p2a: Naganadel|spa|1\n|-damage|p2a: Naganadel|70\/460|[from] item: Life Orb\n|\n|-weather|SunnyDay|[upkeep]\n|upkeep\n|\n|t:|1637321149\n|switch|p1a: Bisharp|Bisharp, L80, M|212\/235\n|turn|16\n|\n|t:|1637321152\n|move|p1a: Bisharp|Sucker Punch|p2a: Naganadel\n|-activate|p2a: Naganadel|move: Psychic Terrain\n|move|p2a: Naganadel|Max Flare|p1a: Bisharp\n|-supereffective|p1a: Bisharp\n|-damage|p1a: Bisharp|0 fnt\n|faint|p1a: Bisharp\n|-ability|p2a: Naganadel|Beast Boost|boost\n|-boost|p2a: Naganadel|spa|1\n|-damage|p2a: Naganadel|47\/460|[from] item: Life Orb\n|\n|-weather|SunnyDay|[upkeep]\n|-end|p2a: Naganadel|Dynamax\n|-heal|p2a: Naganadel|24\/230|[silent]\n|upkeep\n|\n|t:|1637321157\n|switch|p1a: Latios|Latios, L78, M|253\/253\n|turn|17\n|\n|t:|1637321166\n|move|p2a: Naganadel|Sludge Wave|p1a: Latios\n|-damage|p1a: Latios|0 fnt\n|faint|p1a: Latios\n|-ability|p2a: Naganadel|Beast Boost|boost\n|-boost|p2a: Naganadel|spa|1\n|-damage|p2a: Naganadel|1\/230|[from] item: Life Orb\n|\n|-weather|SunnyDay|[upkeep]\n|upkeep\n|\n|t:|1637321168\n|switch|p1a: Coalossal|Coalossal, L86, F|329\/329\n|turn|18\n|\n|t:|1637321177\n|move|p2a: Naganadel|Draco Meteor|p1a: Coalossal\n|-damage|p1a: Coalossal|0 fnt\n|-unboost|p2a: Naganadel|spa|2\n|faint|p1a: Coalossal\n|-damage|p2a: Naganadel|0 fnt|[from] item: Life Orb\n|faint|p2a: Naganadel\n|\n|win|swordsman.n\n","inputlog":">version 5f9d7c5fd7d7784ad2f0d0f4b61ea6e75791baaf\n>version-origin 3918ebd609a2bd57e0326bf76fca79306b37a61f\n>start {\"formatid\":\"gen8randombattle\",\"seed\":[10534,60330,37944,63986]}\n>player p1 {\"name\":\"rubv\",\"avatar\":\"camper\",\"rating\":0,\"seed\":[65079,26374,57103,21440]}\n>player p2 {\"name\":\"swordsman.n\",\"avatar\":\"249\",\"rating\":0,\"seed\":[64714,43566,5566,7151]}\n>p1 move stealthrock\n>p2 switch 4\n>p1 switch 3\n>p2 move psychic\n>p1 move knockoff\n>p2 move focusblast\n>p2 switch 2\n>p1 switch 3\n>p2 move swordsdance\n>p1 move earthquake\n>p2 move knockoff\n>p2 switch 5\n>p1 move earthquake\n>p2 move calmmind\n>p1 switch 5\n>p2 move moonblast\n>p1 move nastyplot\n>p2 move moonblast\n>p1 move psychic\n>p2 move calmmind\n>p1 switch 4\n>p1 move liquidation\n>p2 move moonblast\n>p2 switch 3\n>p1 move liquidation\n>p2 move earthquake\n>p1 move liquidation\n>p2 move earthquake\n>p1 move liquidation\n>p2 move earthquake\n>p2 switch 4\n>p1 move psychicfangs dynamax\n>p2 move fireblast dynamax\n>p1 switch 5\n>p1 move earthquake\n>p2 move dracometeor dynamax\n>p1 switch 3\n>p1 move suckerpunch\n>p2 move fireblast dynamax\n>p1 switch 6\n>p1 move psyshock\n>p2 move sludgewave\n>p1 switch 2\n>p1 move rapidspin\n>p2 move dracometeor","uploadtime":1637321186,"views":9,"p1id":"rubv","p2id":"swordsmann","formatid":"gen8randombattle","rating":0,"private":0,"password":null}