{"id":"china-gen7ou-3667012","p1":"Shootingwolf","p2":"yeluolin","format":"gen7ou","log":"|j|\u2606Shootingwolf\n|j|\u2606yeluolin\n|t:|1634395382\n|gametype|singles\n|player|p1|Shootingwolf|102|\n|player|p2|yeluolin|101|\n|teamsize|p1|6\n|teamsize|p2|6\n|gen|7\n|tier|[Gen 7] OU\n|rule|Sleep Clause Mod: Limit one foe put to sleep\n|rule|Species Clause: Limit one of each Pok\u00e9mon\n|rule|OHKO Clause: OHKO moves are banned\n|rule|Moody Clause: Moody is banned\n|rule|Evasion Moves Clause: Evasion moves are banned\n|rule|Endless Battle Clause: Forcing endless battles is banned\n|rule|HP Percentage Mod: HP is shown in percentages\n|clearpoke\n|poke|p1|Hoopa-Unbound|item\n|poke|p1|Serperior, F|item\n|poke|p1|Skarmory, M|item\n|poke|p1|Scizor, M|item\n|poke|p1|Garchomp, M|item\n|poke|p1|Azumarill, M|item\n|poke|p2|Garchomp, M|item\n|poke|p2|Tyranitar, F|item\n|poke|p2|Kartana|item\n|poke|p2|Zapdos|item\n|poke|p2|Tapu Fini|item\n|poke|p2|Ferrothorn, F|item\n|teampreview\n|inactive|Battle timer is ON: inactive players will automatically lose when time's up. (requested by yeluolin)\n|j| Sawra2.71828\n|\n|t:|1634395407\n|start\n|switch|p1a: Crash|Garchomp, M|100\/100\n|switch|p2a: Zapdos|Zapdos|100\/100\n|turn|1\n|j| anlonggod\n|j|\u265aThe Steel Shadow\n|\n|t:|1634395424\n|switch|p1a: Aero Smith|Skarmory, M|100\/100\n|switch|p2a: Tapu Fini|Tapu Fini|100\/100\n|-fieldstart|move: Misty Terrain|[from] ability: Misty Surge|[of] p2a: Tapu Fini\n|\n|upkeep\n|turn|2\n|\n|t:|1634395433\n|move|p2a: Tapu Fini|Taunt|p1a: Aero Smith\n|-start|p1a: Aero Smith|move: Taunt\n|cant|p1a: Aero Smith|move: Taunt|Stealth Rock\n|\n|upkeep\n|turn|3\n|inactive|Shootingwolf has 270 seconds left.\n|\n|t:|1634395480\n|switch|p2a: Ferrothorn|Ferrothorn, F|100\/100\n|switch|p1a: Sticky Fingers|Scizor, M|100\/100\n|\n|upkeep\n|turn|4\n|l| anlonggod\n|\n|t:|1634395488\n|detailschange|p1a: Sticky Fingers|Scizor-Mega, M\n|-mega|p1a: Sticky Fingers|Scizor|Scizorite\n|move|p1a: Sticky Fingers|Swords Dance|p1a: Sticky Fingers\n|-boost|p1a: Sticky Fingers|atk|2\n|move|p2a: Ferrothorn|Stealth Rock|p1a: Sticky Fingers\n|-sidestart|p1: Shootingwolf|move: Stealth Rock\n|\n|upkeep\n|turn|5\n|inactive|Shootingwolf has 270 seconds left.\n|\n|t:|1634395497\n|switch|p2a: Zapdos|Zapdos|100\/100\n|move|p1a: Sticky Fingers|U-turn|p2a: Zapdos\n|-resisted|p2a: Zapdos\n|-damage|p2a: Zapdos|70\/100\n|inactive|Shootingwolf has 270 seconds left.\n|\n|t:|1634395504\n|switch|p1a: Star-platinum|Hoopa-Unbound|100\/100|[from]move: U-turn\n|-damage|p1a: Star-platinum|88\/100|[from] Stealth Rock\n|\n|-heal|p2a: Zapdos|76\/100|[from] item: Leftovers\n|-fieldend|Misty Terrain\n|upkeep\n|turn|6\n|\n|t:|1634395530\n|switch|p2a: Tyranitar|Tyranitar, F, shiny|100\/100\n|-weather|Sandstorm|[from] ability: Sand Stream|[of] p2a: Tyranitar\n|move|p1a: Star-platinum|Knock Off|p2a: Tyranitar\n|-resisted|p2a: Tyranitar\n|-damage|p2a: Tyranitar|57\/100\n|-enditem|p2a: Tyranitar|Choice Band|[from] move: Knock Off|[of] p1a: Star-platinum\n|\n|-weather|Sandstorm|[upkeep]\n|-damage|p1a: Star-platinum|82\/100|[from] Sandstorm\n|upkeep\n|turn|7\n|j| jianzhang106\u8230\u957f\n|\n|t:|1634395542\n|-activate|p1a: Star-platinum|move: Pursuit\n|move|p2a: Tyranitar|Pursuit|p1a: Star-platinum|[from]Pursuit\n|-damage|p1a: Star-platinum|3\/100\n|switch|p1a: Aero Smith|Skarmory, M|100\/100\n|-damage|p1a: Aero Smith|88\/100|[from] Stealth Rock\n|\n|-weather|Sandstorm|[upkeep]\n|upkeep\n|turn|8\n|c| jianzhang106\u8230\u957f|\u4f60\u4eec\u597d\n|\n|t:|1634395556\n|switch|p2a: Garchomp|Garchomp, M, shiny|100\/100\n|move|p1a: Aero Smith|Stealth Rock|p2a: Garchomp\n|-sidestart|p2: yeluolin|move: Stealth Rock\n|\n|-weather|Sandstorm|[upkeep]\n|upkeep\n|turn|9\n|inactive|yeluolin has 270 seconds left.\n|\n|t:|1634395583\n|detailschange|p2a: Garchomp|Garchomp-Mega, M, shiny\n|-mega|p2a: Garchomp|Garchomp|Garchompite\n|move|p2a: Garchomp|Whirlpool|p1a: Aero Smith|[miss]\n|-miss|p2a: Garchomp|p1a: Aero Smith\n|move|p1a: Aero Smith|Roost|p1a: Aero Smith\n|-heal|p1a: Aero Smith|100\/100\n|-singleturn|p1a: Aero Smith|move: Roost\n|\n|-weather|Sandstorm|[upkeep]\n|upkeep\n|turn|10\n|\n|t:|1634395594\n|switch|p1a: Star-platinum|Hoopa-Unbound|3\/100\n|-damage|p1a: Star-platinum|0 fnt|[from] Stealth Rock\n|faint|p1a: Star-platinum\n|move|p2a: Garchomp|Whirlpool|p1: Star-platinum|[notarget]\n|-fail|p2a: Garchomp\n|\n|-weather|none\n|upkeep\n|\n|t:|1634395599\n|switch|p1a: Crash|Garchomp, M|100\/100\n|-damage|p1a: Crash|94\/100|[from] Stealth Rock\n|turn|11\n|inactive|yeluolin has 270 seconds left.\n|\n|t:|1634395606\n|-zpower|p1a: Crash\n|move|p1a: Crash|Devastating Drake|p2a: Garchomp|[zeffect]\n|-supereffective|p2a: Garchomp\n|-damage|p2a: Garchomp|0 fnt\n|faint|p2a: Garchomp\n|\n|upkeep\n|inactive|yeluolin has 270 seconds left.\n|\n|t:|1634395623\n|switch|p2a: Ferrothorn|Ferrothorn, F|100\/100\n|-damage|p2a: Ferrothorn|94\/100|[from] Stealth Rock\n|turn|12\n|\n|t:|1634395628\n|move|p1a: Crash|Swords Dance|p1a: Crash\n|-boost|p1a: Crash|atk|2\n|move|p2a: Ferrothorn|Leech Seed|p1a: Crash\n|-start|p1a: Crash|move: Leech Seed\n|\n|-heal|p2a: Ferrothorn|100\/100|[from] item: Leftovers\n|-damage|p1a: Crash|82\/100|[from] Leech Seed|[of] p2a: Ferrothorn\n|upkeep\n|turn|13\n|inactive|yeluolin has 270 seconds left.\n|l|\u265aThe Steel Shadow\n|\n|t:|1634395644\n|switch|p2a: Zapdos|Zapdos|76\/100\n|-damage|p2a: Zapdos|51\/100|[from] Stealth Rock\n|move|p1a: Crash|Fire Fang|p2a: Zapdos\n|-damage|p2a: Zapdos|17\/100\n|\n|-heal|p2a: Zapdos|23\/100|[from] item: Leftovers\n|-damage|p1a: Crash|70\/100|[from] Leech Seed|[of] p2a: Zapdos\n|-heal|p2a: Zapdos|35\/100|[silent]\n|upkeep\n|turn|14\n|j| burstbean\n|inactive|Shootingwolf has 270 seconds left.\n|\n|t:|1634395680\n|move|p1a: Crash|Outrage|p2a: Zapdos\n|-damage|p2a: Zapdos|0 fnt\n|faint|p2a: Zapdos\n|\n|upkeep\n|inactive|yeluolin has 240 seconds left.\n|j| qdhwefdw\n|\n|t:|1634395696\n|switch|p2a: Tapu Fini|Tapu Fini|100\/100\n|-damage|p2a: Tapu Fini|88\/100|[from] Stealth Rock\n|-fieldstart|move: Misty Terrain|[from] ability: Misty Surge|[of] p2a: Tapu Fini\n|turn|15\n|inactive|yeluolin has 240 seconds left.\n|\n|t:|1634395702\n|move|p1a: Crash|Outrage|p2a: Tapu Fini|[from]lockedmove\n|-immune|p2a: Tapu Fini\n|move|p2a: Tapu Fini|Moonblast|p1a: Crash\n|-supereffective|p1a: Crash\n|-damage|p1a: Crash|4\/100\n|\n|-heal|p2a: Tapu Fini|94\/100|[from] item: Leftovers\n|-damage|p1a: Crash|0 fnt|[from] Leech Seed|[of] p2a: Tapu Fini\n|-heal|p2a: Tapu Fini|98\/100|[silent]\n|faint|p1a: Crash\n|upkeep\n|\n|t:|1634395712\n|switch|p1a: Sticky Fingers|Scizor-Mega, M|100\/100\n|-damage|p1a: Sticky Fingers|88\/100|[from] Stealth Rock\n|turn|16\n|\n|t:|1634395718\n|move|p1a: Sticky Fingers|Swords Dance|p1a: Sticky Fingers\n|-boost|p1a: Sticky Fingers|atk|2\n|move|p2a: Tapu Fini|Taunt|p1a: Sticky Fingers\n|-start|p1a: Sticky Fingers|move: Taunt\n|\n|-heal|p2a: Tapu Fini|100\/100|[from] item: Leftovers\n|upkeep\n|turn|17\n|inactive|yeluolin has 240 seconds left.\n|\n|t:|1634395741\n|move|p1a: Sticky Fingers|Bullet Punch|p2a: Tapu Fini\n|-damage|p2a: Tapu Fini|52\/100\n|move|p2a: Tapu Fini|Surf|p1a: Sticky Fingers\n|-damage|p1a: Sticky Fingers|54\/100\n|\n|-heal|p2a: Tapu Fini|59\/100|[from] item: Leftovers\n|upkeep\n|turn|18\n|\n|t:|1634395750\n|switch|p2a: Ferrothorn|Ferrothorn, F|100\/100\n|-damage|p2a: Ferrothorn|94\/100|[from] Stealth Rock\n|move|p1a: Sticky Fingers|Bullet Punch|p2a: Ferrothorn\n|-resisted|p2a: Ferrothorn\n|-damage|p2a: Ferrothorn|65\/100\n|-damage|p1a: Sticky Fingers|42\/100|[from] ability: Iron Barbs|[of] p2a: Ferrothorn\n|\n|-heal|p2a: Ferrothorn|72\/100|[from] item: Leftovers\n|upkeep\n|turn|19\n|inactive|yeluolin has 240 seconds left.\n|\n|t:|1634395766\n|move|p1a: Sticky Fingers|U-turn|p2a: Ferrothorn\n|-damage|p2a: Ferrothorn|13\/100\n|-damage|p1a: Sticky Fingers|30\/100|[from] ability: Iron Barbs|[of] p2a: Ferrothorn\n|\n|t:|1634395769\n|switch|p1a: Aero Smith|Skarmory, M|100\/100|[from]move: U-turn\n|-damage|p1a: Aero Smith|88\/100|[from] Stealth Rock\n|move|p2a: Ferrothorn|Leech Seed|p1a: Aero Smith\n|-start|p1a: Aero Smith|move: Leech Seed\n|\n|-heal|p2a: Ferrothorn|20\/100|[from] item: Leftovers\n|-damage|p1a: Aero Smith|76\/100|[from] Leech Seed|[of] p2a: Ferrothorn\n|-heal|p2a: Ferrothorn|31\/100|[silent]\n|-fieldend|Misty Terrain\n|upkeep\n|turn|20\n|inactive|yeluolin has 240 seconds left.\n|\n|t:|1634395795\n|switch|p2a: Tapu Fini|Tapu Fini|59\/100\n|-damage|p2a: Tapu Fini|46\/100|[from] Stealth Rock\n|-fieldstart|move: Misty Terrain|[from] ability: Misty Surge|[of] p2a: Tapu Fini\n|move|p1a: Aero Smith|Spikes|p2a: Tapu Fini\n|-sidestart|p2: yeluolin|Spikes\n|\n|-heal|p2a: Tapu Fini|52\/100|[from] item: Leftovers\n|-damage|p1a: Aero Smith|64\/100|[from] Leech Seed|[of] p2a: Tapu Fini\n|-heal|p2a: Tapu Fini|64\/100|[silent]\n|upkeep\n|turn|21\n|\n|t:|1634395806\n|switch|p1a: Act 3|Serperior, F|100\/100\n|-damage|p1a: Act 3|88\/100|[from] Stealth Rock\n|move|p2a: Tapu Fini|Defog|p1a: Act 3\n|-boost|p1a: Act 3|evasion|1\n|-sideend|p1: Shootingwolf|Stealth Rock|[from] move: Defog|[of] p2a: Tapu Fini\n|-sideend|p2: yeluolin|Spikes|[from] move: Defog|[of] p2a: Tapu Fini\n|-sideend|p2: yeluolin|Stealth Rock|[from] move: Defog|[of] p2a: Tapu Fini\n|\n|-heal|p2a: Tapu Fini|70\/100|[from] item: Leftovers\n|upkeep\n|turn|22\n|\n|t:|1634395821\n|switch|p2a: Ferrothorn|Ferrothorn, F|31\/100\n|move|p1a: Act 3|Leaf Storm|p2a: Ferrothorn\n|-resisted|p2a: Ferrothorn\n|-damage|p2a: Ferrothorn|24\/100\n|-boost|p1a: Act 3|spa|2\n|\n|-heal|p2a: Ferrothorn|30\/100|[from] item: Leftovers\n|upkeep\n|turn|23\n|\n|t:|1634395831\n|move|p1a: Act 3|Leaf Storm|p2a: Ferrothorn|[miss]\n|-miss|p1a: Act 3|p2a: Ferrothorn\n|move|p2a: Ferrothorn|Gyro Ball|p1a: Act 3\n|-damage|p1a: Act 3|23\/100\n|\n|-heal|p2a: Ferrothorn|36\/100|[from] item: Leftovers\n|upkeep\n|turn|24\n|\n|t:|1634395840\n|switch|p1a: Aero Smith|Skarmory, M|64\/100\n|move|p2a: Ferrothorn|Gyro Ball|p1a: Aero Smith\n|-resisted|p1a: Aero Smith\n|-damage|p1a: Aero Smith|52\/100\n|-damage|p2a: Ferrothorn|20\/100|[from] item: Rocky Helmet|[of] p1a: Aero Smith\n|\n|-heal|p2a: Ferrothorn|26\/100|[from] item: Leftovers\n|-fieldend|Misty Terrain\n|upkeep\n|turn|25\n|inactive|yeluolin has 240 seconds left.\n|\n|t:|1634395851\n|move|p1a: Aero Smith|Spikes|p2a: Ferrothorn\n|-sidestart|p2: yeluolin|Spikes\n|move|p2a: Ferrothorn|Leech Seed|p1a: Aero Smith\n|-start|p1a: Aero Smith|move: Leech Seed\n|\n|-heal|p2a: Ferrothorn|32\/100|[from] item: Leftovers\n|-damage|p1a: Aero Smith|40\/100|[from] Leech Seed|[of] p2a: Ferrothorn\n|-heal|p2a: Ferrothorn|44\/100|[silent]\n|upkeep\n|turn|26\n|inactive|yeluolin has 240 seconds left.\n|\n|t:|1634395870\n|switch|p1a: Sticky Fingers|Scizor-Mega, M|30\/100\n|move|p2a: Ferrothorn|Stealth Rock|p1a: Sticky Fingers\n|-sidestart|p1: Shootingwolf|move: Stealth Rock\n|\n|-heal|p2a: Ferrothorn|50\/100|[from] item: Leftovers\n|upkeep\n|turn|27\n|j| JAMKRE\n|\n|t:|1634395878\n|move|p1a: Sticky Fingers|Roost|p1a: Sticky Fingers\n|-heal|p1a: Sticky Fingers|80\/100\n|-singleturn|p1a: Sticky Fingers|move: Roost\n|move|p2a: Ferrothorn|Leech Seed|p1a: Sticky Fingers\n|-start|p1a: Sticky Fingers|move: Leech Seed\n|\n|-heal|p2a: Ferrothorn|56\/100|[from] item: Leftovers\n|-damage|p1a: Sticky Fingers|68\/100|[from] Leech Seed|[of] p2a: Ferrothorn\n|-heal|p2a: Ferrothorn|67\/100|[silent]\n|upkeep\n|turn|28\n|inactive|yeluolin has 240 seconds left.\n|\n|t:|1634395895\n|switch|p2a: Tyranitar|Tyranitar, F, shiny|57\/100\n|-damage|p2a: Tyranitar|45\/100|[from] Spikes\n|-weather|Sandstorm|[from] ability: Sand Stream|[of] p2a: Tyranitar\n|move|p1a: Sticky Fingers|Swords Dance|p1a: Sticky Fingers\n|-boost|p1a: Sticky Fingers|atk|2\n|\n|-weather|Sandstorm|[upkeep]\n|-damage|p1a: Sticky Fingers|55\/100|[from] Leech Seed|[of] p2a: Tyranitar\n|-heal|p2a: Tyranitar|56\/100|[silent]\n|upkeep\n|turn|29\n|\n|t:|1634395907\n|move|p1a: Sticky Fingers|Bullet Punch|p2a: Tyranitar\n|-supereffective|p2a: Tyranitar\n|-damage|p2a: Tyranitar|0 fnt\n|faint|p2a: Tyranitar\n|\n|-weather|Sandstorm|[upkeep]\n|upkeep\n|\n|t:|1634395914\n|switch|p2a: Kartana|Kartana|100\/100\n|-damage|p2a: Kartana|88\/100|[from] Spikes\n|turn|30\n|\n|t:|1634395920\n|move|p2a: Kartana|Sacred Sword|p1a: Sticky Fingers\n|-damage|p1a: Sticky Fingers|21\/100\n|move|p1a: Sticky Fingers|U-turn|p2a: Kartana\n|-damage|p2a: Kartana|0 fnt\n|faint|p2a: Kartana\n|\n|t:|1634395938\n|switch|p1a: Act 3|Serperior, F|23\/100|[from]move: U-turn\n|-damage|p1a: Act 3|11\/100|[from] Stealth Rock\n|\n|-weather|Sandstorm|[upkeep]\n|-damage|p1a: Act 3|5\/100|[from] Sandstorm\n|upkeep\n|inactive|yeluolin has 240 seconds left.\n|\n|t:|1634395946\n|switch|p2a: Ferrothorn|Ferrothorn, F|67\/100\n|-damage|p2a: Ferrothorn|55\/100|[from] Spikes\n|turn|31\n|\n|t:|1634395951\n|move|p1a: Act 3|Hidden Power|p2a: Ferrothorn\n|-supereffective|p2a: Ferrothorn\n|-damage|p2a: Ferrothorn|13\/100\n|move|p2a: Ferrothorn|Gyro Ball|p1a: Act 3\n|-damage|p1a: Act 3|0 fnt\n|faint|p1a: Act 3\n|\n|-weather|Sandstorm|[upkeep]\n|-heal|p2a: Ferrothorn|19\/100|[from] item: Leftovers\n|upkeep\n|\n|t:|1634395961\n|switch|p1a: Dragon Killer|Azumarill, M|100\/100\n|-damage|p1a: Dragon Killer|88\/100|[from] Stealth Rock\n|turn|32\n|\n|t:|1634395969\n|move|p1a: Dragon Killer|Knock Off|p2a: Ferrothorn\n|-damage|p2a: Ferrothorn|0 fnt\n|-damage|p1a: Dragon Killer|76\/100|[from] ability: Iron Barbs|[of] p2a: Ferrothorn\n|-enditem|p2a: Ferrothorn|Leftovers|[from] move: Knock Off|[of] p1a: Dragon Killer\n|faint|p2a: Ferrothorn\n|\n|-weather|none\n|upkeep\n|\n|t:|1634395978\n|switch|p2a: Tapu Fini|Tapu Fini|70\/100\n|-damage|p2a: Tapu Fini|58\/100|[from] Spikes\n|-fieldstart|move: Misty Terrain|[from] ability: Misty Surge|[of] p2a: Tapu Fini\n|turn|33\n|\n|t:|1634395985\n|move|p2a: Tapu Fini|Taunt|p1a: Dragon Killer\n|-start|p1a: Dragon Killer|move: Taunt\n|move|p1a: Dragon Killer|Play Rough|p2a: Tapu Fini\n|-damage|p2a: Tapu Fini|21\/100\n|\n|-heal|p2a: Tapu Fini|27\/100|[from] item: Leftovers\n|upkeep\n|turn|34\n|inactive|yeluolin has 270 seconds left.\n|\n|t:|1634395994\n|move|p2a: Tapu Fini|Moonblast|p1a: Dragon Killer\n|-damage|p1a: Dragon Killer|37\/100\n|-enditem|p1a: Dragon Killer|Sitrus Berry|[eat]\n|-heal|p1a: Dragon Killer|61\/100|[from] item: Sitrus Berry\n|move|p1a: Dragon Killer|Play Rough|p2a: Tapu Fini\n|-damage|p2a: Tapu Fini|0 fnt\n|faint|p2a: Tapu Fini\n|\n|win|Shootingwolf\n|l| JAMKRE\n|l|\u2606Shootingwolf\n|l| qdhwefdw\n","uploadtime":1634396014,"views":9,"p1id":"shootingwolf","p2id":"yeluolin","formatid":"gen7ou","rating":0,"private":0,"password":null}