{"id":"china-gen8randombattle-5209692","p1":"Boy student","p2":"AlIoutdragadarts","format":"gen8randombattle","log":"|uhtml|report-battle|<b>\u5c06\u5bf9\u6218\u94fe\u63a5\u516c\u5f00\u5230:<\/b> <button class=\"button\" name=\"send\" value=\"\/reportto skypillar\">Sky Pillar<\/button><button class=\"button\" name=\"send\" value=\"\/reportto shinx\">Shinx<\/button>\n|j|\u2606Boy student\n|j|\u2606AlIoutdragadarts\n|inactive|Battle timer is ON: inactive players will automatically lose when time's up.\n|t:|1659611380\n|gametype|singles\n|player|p1|Boy student|hugh|\n|player|p2|AlIoutdragadarts|lucas|\n|teamsize|p1|6\n|teamsize|p2|6\n|gen|8\n|tier|[Gen 8] Random Battle\n|rated|Tournament battle\n|rule|Species Clause: Limit one of each Pok\u00e9mon\n|rule|HP Percentage Mod: HP is shown in percentages\n|rule|Sleep Clause Mod: Limit one foe put to sleep\n|rule|OHKO Clause: OHKO moves are banned\n|rule|Evasion Moves Clause: Evasion moves are banned\n|rule|Endless Battle Clause: Forcing endless battles is banned\n|rule|Dynamax Clause: You cannot dynamax\n|rule|Camomons Mod: Pok\u00e9mon have their types set to match their first two moves.\n|clearpoke\n|poke|p1|Mr. Rime, L88, M|\n|poke|p1|Gurdurr, L88, F|\n|poke|p1|Lugia, L76|\n|poke|p1|Weezing, L88, F|\n|poke|p1|Coalossal, L88, F|\n|poke|p1|Arctozolt, L88|\n|poke|p2|Weezing, L88, F|\n|poke|p2|Landorus, L76, M|\n|poke|p2|Seaking, L88, F|\n|poke|p2|Tapu Fini, L80|\n|poke|p2|Sigilyph, L85, F|\n|poke|p2|Pikachu-World, L92, M|\n|teampreview\n|j|&zerodragon123\n|inactive|Boy student has 120 seconds left.\n|\n|t:|1659611431\n|start\n|switch|p1a: Lugia|Lugia, L76|286\/286\n|switch|p2a: Weezing|Weezing, L88, F|258\/258\n|-ability|p2a: Weezing|Neutralizing Gas\n|-start|p1a: Lugia|typechange|Poison\/Flying|[silent]\n|-start|p2a: Weezing|typechange|Fire\/Poison|[silent]\n|-start|p1a: Lugia|typechange|Poison\/Flying|[silent]\n|-start|p2a: Weezing|typechange|Fire\/Poison|[silent]\n|turn|1\n|inactive|AlIoutdragadarts has 120 seconds left.\n|\n|t:|1659611476\n|move|p1a: Lugia|Substitute|p1a: Lugia\n|-start|p1a: Lugia|Substitute\n|-damage|p1a: Lugia|215\/286\n|move|p2a: Weezing|Toxic Spikes|p1a: Lugia\n|-sidestart|p1: Boy student|move: Toxic Spikes\n|\n|upkeep\n|turn|2\n|\n|t:|1659611504\n|move|p1a: Lugia|Air Slash|p2a: Weezing\n|-damage|p2a: Weezing|185\/258\n|move|p2a: Weezing|Fire Blast|p1a: Lugia|[miss]\n|-miss|p2a: Weezing|p1a: Lugia\n|\n|-heal|p2a: Weezing|201\/258|[from] item: Black Sludge\n|upkeep\n|turn|3\n|inactive|AlIoutdragadarts has 120 seconds left.\n|\n|t:|1659611511\n|move|p1a: Lugia|Air Slash|p2a: Weezing\n|-damage|p2a: Weezing|129\/258\n|move|p2a: Weezing|Fire Blast|p1a: Lugia\n|-end|p1a: Lugia|Substitute\n|\n|-heal|p2a: Weezing|145\/258|[from] item: Black Sludge\n|upkeep\n|turn|4\n|\n|t:|1659611519\n|switch|p1a: Coalossal|Coalossal, L88, F|337\/337\n|-start|p1a: Coalossal|typechange|Rock\/Fire|[silent]\n|-end|p2a: Weezing|ability: Neutralizing Gas\n|switch|p2a: Pikachu|Pikachu-World, L92, M|214\/214\n|-start|p2a: Pikachu|typechange|Electric\/Dark|[silent]\n|\n|upkeep\n|-start|p2a: Pikachu|typechange|Electric\/Dark|[silent]\n|turn|5\n|inactive|AlIoutdragadarts has 120 seconds left.\n|inactive|AlIoutdragadarts has 90 seconds left.\n|\n|t:|1659611567\n|move|p2a: Pikachu|Surf|p1a: Coalossal\n|-supereffective|p1a: Coalossal\n|-damage|p1a: Coalossal|0 fnt\n|faint|p1a: Coalossal\n|\n|upkeep\n|\n|t:|1659611583\n|switch|p1a: Arctozolt|Arctozolt, L88|302\/302\n|-start|p1a: Arctozolt|typechange|Ground\/Electric|[silent]\n|-start|p1a: Arctozolt|typechange|Ground\/Electric|[silent]\n|turn|6\n|\n|t:|1659611590\n|move|p2a: Pikachu|Surf|p1a: Arctozolt\n|-supereffective|p1a: Arctozolt\n|-damage|p1a: Arctozolt|118\/302\n|move|p1a: Arctozolt|Stomping Tantrum|p2a: Pikachu\n|-supereffective|p2a: Pikachu\n|-damage|p2a: Pikachu|0 fnt\n|faint|p2a: Pikachu\n|\n|upkeep\n|\n|t:|1659611599\n|switch|p2a: Landorus|Landorus, L76, M|260\/260\n|-start|p2a: Landorus|typechange|Rock\/Ground|[silent]\n|-start|p2a: Landorus|typechange|Rock\/Ground|[silent]\n|turn|7\n|\n|t:|1659611607\n|move|p2a: Landorus|Earth Power|p1a: Arctozolt\n|-supereffective|p1a: Arctozolt\n|-damage|p1a: Arctozolt|0 fnt\n|faint|p1a: Arctozolt\n|\n|upkeep\n|\n|t:|1659611612\n|switch|p1a: Mr. Rime|Mr. Rime, L88, M|284\/284\n|-start|p1a: Mr. Rime|typechange|Normal\/Psychic|[silent]\n|-start|p1a: Mr. Rime|typechange|Normal\/Psychic|[silent]\n|turn|8\n|inactive|AlIoutdragadarts has 120 seconds left.\n|\n|t:|1659611633\n|move|p2a: Landorus|Knock Off|p1a: Mr. Rime\n|-supereffective|p1a: Mr. Rime\n|-damage|p1a: Mr. Rime|76\/284\n|-enditem|p1a: Mr. Rime|Heavy-Duty Boots|[from] move: Knock Off|[of] p2a: Landorus\n|-damage|p2a: Landorus|234\/260|[from] item: Life Orb\n|move|p1a: Mr. Rime|Rapid Spin|p2a: Landorus\n|-resisted|p2a: Landorus\n|-damage|p2a: Landorus|204\/260\n|-boost|p1a: Mr. Rime|spe|1\n|-sideend|p1: Boy student|Toxic Spikes|[from] move: Rapid Spin|[of] p1a: Mr. Rime\n|\n|upkeep\n|turn|9\n|\n|t:|1659611642\n|move|p1a: Mr. Rime|Slack Off|p1a: Mr. Rime\n|-heal|p1a: Mr. Rime|218\/284\n|move|p2a: Landorus|Earth Power|p1a: Mr. Rime\n|-damage|p1a: Mr. Rime|93\/284\n|\n|upkeep\n|turn|10\n|inactive|Boy student has 120 seconds left.\n|\n|t:|1659611672\n|move|p1a: Mr. Rime|Slack Off|p1a: Mr. Rime\n|-heal|p1a: Mr. Rime|235\/284\n|move|p2a: Landorus|Earth Power|p1a: Mr. Rime\n|-damage|p1a: Mr. Rime|102\/284\n|\n|upkeep\n|turn|11\n|\n|t:|1659611677\n|move|p1a: Mr. Rime|Slack Off|p1a: Mr. Rime\n|-heal|p1a: Mr. Rime|244\/284\n|move|p2a: Landorus|Earth Power|p1a: Mr. Rime\n|-damage|p1a: Mr. Rime|102\/284\n|\n|upkeep\n|turn|12\n|\n|t:|1659611680\n|move|p1a: Mr. Rime|Slack Off|p1a: Mr. Rime\n|-heal|p1a: Mr. Rime|244\/284\n|move|p2a: Landorus|Earth Power|p1a: Mr. Rime\n|-damage|p1a: Mr. Rime|100\/284\n|\n|upkeep\n|turn|13\n|\n|t:|1659611704\n|move|p1a: Mr. Rime|Slack Off|p1a: Mr. Rime\n|-heal|p1a: Mr. Rime|242\/284\n|move|p2a: Landorus|Earth Power|p1a: Mr. Rime\n|-damage|p1a: Mr. Rime|104\/284\n|\n|upkeep\n|turn|14\n|\n|t:|1659611712\n|move|p1a: Mr. Rime|Slack Off|p1a: Mr. Rime\n|-heal|p1a: Mr. Rime|246\/284\n|move|p2a: Landorus|Earth Power|p1a: Mr. Rime\n|-damage|p1a: Mr. Rime|117\/284\n|\n|upkeep\n|turn|15\n|\n|t:|1659611725\n|move|p1a: Mr. Rime|Slack Off|p1a: Mr. Rime\n|-heal|p1a: Mr. Rime|259\/284\n|move|p2a: Landorus|Earth Power|p1a: Mr. Rime\n|-damage|p1a: Mr. Rime|115\/284\n|\n|upkeep\n|turn|16\n|\n|t:|1659611744\n|move|p1a: Mr. Rime|Slack Off|p1a: Mr. Rime\n|-heal|p1a: Mr. Rime|257\/284\n|move|p2a: Landorus|Earth Power|p1a: Mr. Rime\n|-damage|p1a: Mr. Rime|123\/284\n|\n|upkeep\n|turn|17\n|\n|t:|1659611757\n|move|p1a: Mr. Rime|Slack Off|p1a: Mr. Rime\n|-heal|p1a: Mr. Rime|265\/284\n|move|p2a: Landorus|Earth Power|p1a: Mr. Rime\n|-damage|p1a: Mr. Rime|127\/284\n|\n|upkeep\n|turn|18\n|\n|t:|1659611768\n|move|p1a: Mr. Rime|Freeze-Dry|p2a: Landorus\n|-supereffective|p2a: Landorus\n|-damage|p2a: Landorus|64\/260\n|-status|p2a: Landorus|frz\n|-curestatus|p2a: Landorus|frz|[msg]\n|move|p2a: Landorus|Earth Power|p1a: Mr. Rime\n|-damage|p1a: Mr. Rime|1\/284\n|\n|upkeep\n|turn|19\n|\n|t:|1659611786\n|move|p1a: Mr. Rime|Psychic|p2a: Landorus\n|-damage|p2a: Landorus|0 fnt\n|faint|p2a: Landorus\n|\n|upkeep\n|inactive|AlIoutdragadarts has 120 seconds left.\n|\n|t:|1659611809\n|switch|p2a: Seaking|Seaking, L88, F|284\/284\n|-start|p2a: Seaking|typechange|Water\/Dark|[silent]\n|-start|p2a: Seaking|typechange|Water\/Dark|[silent]\n|turn|20\n|\n|t:|1659611820\n|move|p1a: Mr. Rime|Slack Off|p1a: Mr. Rime\n|-heal|p1a: Mr. Rime|143\/284\n|move|p2a: Seaking|Knock Off|p1a: Mr. Rime\n|-supereffective|p1a: Mr. Rime\n|-damage|p1a: Mr. Rime|0 fnt\n|faint|p1a: Mr. Rime\n|-damage|p2a: Seaking|256\/284|[from] item: Life Orb\n|\n|upkeep\n|\n|t:|1659611828\n|switch|p1a: Gurdurr|Gurdurr, L88, F|293\/293\n|-start|p1a: Gurdurr|typechange|Fighting|[silent]\n|turn|21\n|\n|t:|1659611844\n|switch|p2a: Tapu Fini|Tapu Fini, L80|243\/243\n|-start|p2a: Tapu Fini|typechange|Water\/Psychic|[silent]\n|-fieldstart|move: Misty Terrain|[from] ability: Misty Surge|[of] p2a: Tapu Fini\n|move|p1a: Gurdurr|Bulk Up|p1a: Gurdurr\n|-boost|p1a: Gurdurr|atk|1\n|-boost|p1a: Gurdurr|def|1\n|\n|upkeep\n|-start|p2a: Tapu Fini|typechange|Water\/Psychic|[silent]\n|turn|22\n|\n|t:|1659611854\n|move|p2a: Tapu Fini|Moonblast|p1a: Gurdurr\n|-supereffective|p1a: Gurdurr\n|-damage|p1a: Gurdurr|185\/293\n|-unboost|p1a: Gurdurr|spa|1\n|move|p1a: Gurdurr|Knock Off|p2a: Tapu Fini\n|-supereffective|p2a: Tapu Fini\n|-damage|p2a: Tapu Fini|37\/243\n|-enditem|p2a: Tapu Fini|Leftovers|[from] move: Knock Off|[of] p1a: Gurdurr\n|\n|upkeep\n|turn|23\n|\n|t:|1659611862\n|move|p2a: Tapu Fini|Moonblast|p1a: Gurdurr\n|-supereffective|p1a: Gurdurr\n|-damage|p1a: Gurdurr|67\/293\n|move|p1a: Gurdurr|Knock Off|p2a: Tapu Fini\n|-supereffective|p2a: Tapu Fini\n|-damage|p2a: Tapu Fini|0 fnt\n|faint|p2a: Tapu Fini\n|\n|upkeep\n|\n|t:|1659611866\n|switch|p2a: Sigilyph|Sigilyph, L85, F|261\/261\n|-start|p2a: Sigilyph|typechange|Grass\/Flying|[silent]\n|-start|p2a: Sigilyph|typechange|Grass\/Flying|[silent]\n|turn|24\n|\n|t:|1659611874\n|switch|p1a: Weezing|Weezing, L88, F|258\/258\n|-start|p1a: Weezing|typechange|Fire|[silent]\n|move|p2a: Sigilyph|Air Slash|p1a: Weezing\n|-damage|p1a: Weezing|140\/258\n|\n|-damage|p1a: Weezing|108\/258|[from] item: Black Sludge\n|upkeep\n|-start|p1a: Weezing|typechange|Fire|[silent]\n|turn|25\n|\n|t:|1659611879\n|move|p2a: Sigilyph|Air Slash|p1a: Weezing\n|-damage|p1a: Weezing|0 fnt\n|faint|p1a: Weezing\n|\n|-fieldend|Misty Terrain\n|upkeep\n|\n|t:|1659611883\n|switch|p1a: Lugia|Lugia, L76|215\/286\n|-start|p1a: Lugia|typechange|Poison\/Flying|[silent]\n|-start|p1a: Lugia|typechange|Poison\/Flying|[silent]\n|turn|26\n|\n|t:|1659611887\n|move|p2a: Sigilyph|Air Slash|p1a: Lugia\n|-damage|p1a: Lugia|136\/286\n|move|p1a: Lugia|Roost|p1a: Lugia\n|-heal|p1a: Lugia|279\/286\n|-singleturn|p1a: Lugia|move: Roost\n|\n|upkeep\n|turn|27\n|\n|t:|1659611895\n|switch|p2a: Seaking|Seaking, L88, F|256\/284\n|-start|p2a: Seaking|typechange|Water\/Dark|[silent]\n|move|p1a: Lugia|Air Slash|p2a: Seaking\n|-damage|p2a: Seaking|189\/284\n|\n|upkeep\n|-start|p2a: Seaking|typechange|Water\/Dark|[silent]\n|turn|28\n|\n|t:|1659611903\n|move|p1a: Lugia|Substitute|p1a: Lugia\n|-start|p1a: Lugia|Substitute\n|-damage|p1a: Lugia|208\/286\n|move|p2a: Seaking|Swords Dance|p2a: Seaking\n|-boost|p2a: Seaking|atk|2\n|\n|upkeep\n|turn|29\n|\n|t:|1659611908\n|move|p1a: Lugia|Air Slash|p2a: Seaking\n|-damage|p2a: Seaking|131\/284\n|cant|p2a: Seaking|flinch\n|\n|upkeep\n|turn|30\n|\n|t:|1659611919\n|move|p1a: Lugia|Toxic|p2a: Seaking\n|-status|p2a: Seaking|tox\n|move|p2a: Seaking|Waterfall|p1a: Lugia\n|-end|p1a: Lugia|Substitute\n|-damage|p2a: Seaking|103\/284 tox|[from] item: Life Orb\n|\n|-damage|p2a: Seaking|86\/284 tox|[from] psn\n|upkeep\n|turn|31\n|\n|t:|1659611922\n|move|p1a: Lugia|Substitute|p1a: Lugia\n|-start|p1a: Lugia|Substitute\n|-damage|p1a: Lugia|137\/286\n|move|p2a: Seaking|Knock Off|p1a: Lugia\n|-end|p1a: Lugia|Substitute\n|-damage|p2a: Seaking|58\/284 tox|[from] item: Life Orb\n|\n|-damage|p2a: Seaking|24\/284 tox|[from] psn\n|upkeep\n|turn|32\n|\n|t:|1659611930\n|move|p1a: Lugia|Substitute|p1a: Lugia\n|-start|p1a: Lugia|Substitute\n|-damage|p1a: Lugia|66\/286\n|move|p2a: Seaking|Knock Off|p1a: Lugia\n|-end|p1a: Lugia|Substitute\n|-damage|p2a: Seaking|0 fnt|[from] item: Life Orb\n|faint|p2a: Seaking\n|\n|upkeep\n|\n|t:|1659611950\n|switch|p2a: Sigilyph|Sigilyph, L85, F|261\/261\n|-start|p2a: Sigilyph|typechange|Grass\/Flying|[silent]\n|-start|p2a: Sigilyph|typechange|Grass\/Flying|[silent]\n|turn|33\n|\n|t:|1659611954\n|move|p2a: Sigilyph|Air Slash|p1a: Lugia\n|-damage|p1a: Lugia|0 fnt\n|faint|p1a: Lugia\n|\n|upkeep\n|\n|t:|1659611956\n|switch|p1a: Gurdurr|Gurdurr, L88, F|67\/293\n|-start|p1a: Gurdurr|typechange|Fighting|[silent]\n|turn|34\n|\n|t:|1659611957\n|move|p2a: Sigilyph|Air Slash|p1a: Gurdurr\n|-supereffective|p1a: Gurdurr\n|-damage|p1a: Gurdurr|0 fnt\n|faint|p1a: Gurdurr\n|\n|win|AlIoutdragadarts\n|n|\u2606Boy student|boystudent\n|n|\u2606AlIoutdragadarts|alioutdragadarts\n|n|&zerodragon123|zerodragon123\n","inputlog":">version 0b3e32d1995ec91706b265b83a7e9d12d298377a\n>version-origin 3918ebd609a2bd57e0326bf76fca79306b37a61f\n>start {\"formatid\":\"gen8randombattle@@@camomons\",\"seed\":[9395,8873,59529,34643],\"rated\":\"Tournament battle\"}\n>player p1 {\"name\":\"Boy student\",\"avatar\":\"hugh\",\"rating\":0,\"seed\":[3357,33092,30036,15023]}\n>player p2 {\"name\":\"AlIoutdragadarts\",\"avatar\":\"lucas\",\"rating\":0,\"seed\":[36927,19481,55901,9988]}\n>p1 team 3, 2, 1, 4, 5, 6\n>p2 team 1, 2, 3, 4, 5, 6\n>p1 move substitute\n>p2 move toxicspikes\n>p1 move airslash\n>p2 move fireblast\n>p1 move airslash\n>p2 move fireblast\n>p1 switch 5\n>p2 switch 6\n>p1 move stealthrock\n>p2 move surf\n>p1 switch 6\n>p1 move stompingtantrum\n>p2 move surf\n>p2 switch 2\n>p1 move iciclecrash\n>p2 move earthpower\n>p1 switch 3\n>p1 move rapidspin\n>p2 move knockoff\n>p1 move slackoff\n>p2 move earthpower\n>p1 move slackoff\n>p2 move earthpower\n>p1 move slackoff\n>p2 move earthpower\n>p1 move slackoff\n>p2 move earthpower\n>p1 move slackoff\n>p2 move earthpower\n>p1 move slackoff\n>p2 move earthpower\n>p1 move slackoff\n>p2 move earthpower\n>p1 move slackoff\n>p2 move earthpower\n>p1 move slackoff\n>p2 move earthpower\n>p1 move freezedry\n>p2 move earthpower\n>p1 move psychic\n>p2 move earthpower\n>p2 switch 3\n>p1 move slackoff\n>p2 move knockoff\n>p1 switch 2\n>p1 move bulkup\n>p2 switch 4\n>p1 move knockoff\n>p2 move moonblast\n>p1 move knockoff\n>p2 move moonblast\n>p2 switch 5\n>p1 switch 4\n>p2 move airslash\n>p1 move painsplit\n>p2 move airslash\n>p1 switch 5\n>p1 move roost\n>p2 move airslash\n>p1 move airslash\n>p2 switch 4\n>p1 move substitute\n>p2 move swordsdance\n>p1 move airslash\n>p2 move waterfall\n>p1 move toxic\n>p2 move waterfall\n>p1 move substitute\n>p2 move knockoff\n>p1 move substitute\n>p2 move knockoff\n>p2 switch 4\n>p1 move roost\n>p2 move airslash\n>p1 switch 4\n>p1 move knockoff\n>p2 move airslash","uploadtime":1659611959,"views":7,"p1id":"boystudent","p2id":"alioutdragadarts","formatid":"gen8randombattle","rating":0,"private":0,"password":null}