{"id":"china-gen8randombattle-3904752","p1":"swordsman.n","p2":"FiniFiniLove","format":"gen8randombattle","log":"|j|\u2606swordsman.n\n|j|\u2606FiniFiniLove\n|t:|1637486729\n|gametype|singles\n|player|p1|swordsman.n|249|\n|player|p2|FiniFiniLove|1|\n|teamsize|p1|6\n|teamsize|p2|6\n|gen|8\n|tier|[Gen 8] Random Battle\n|rule|Species Clause: Limit one of each Pok\u00e9mon\n|rule|HP Percentage Mod: HP is shown in percentages\n|rule|Sleep Clause Mod: Limit one foe put to sleep\n|\n|t:|1637486729\n|start\n|switch|p1a: Zekrom|Zekrom, L69|252\/252\n|switch|p2a: Heracross|Heracross, L82, F|265\/265\n|-ability|p1a: Zekrom|Teravolt\n|turn|1\n|j| zinc98\n|\n|t:|1637486800\n|switch|p2a: Dugtrio|Dugtrio, L82, M|192\/192\n|move|p1a: Zekrom|Dragon Dance|p1a: Zekrom\n|-boost|p1a: Zekrom|atk|1\n|-boost|p1a: Zekrom|spe|1\n|\n|upkeep\n|turn|2\n|\n|t:|1637486811\n|-start|p1a: Zekrom|Dynamax\n|-heal|p1a: Zekrom|504\/504|[silent]\n|-start|p2a: Dugtrio|Dynamax\n|-heal|p2a: Dugtrio|384\/384|[silent]\n|move|p1a: Zekrom|Max Wyrmwind|p2a: Dugtrio\n|-damage|p2a: Dugtrio|45\/384\n|-unboost|p2a: Dugtrio|atk|1\n|move|p2a: Dugtrio|Max Quake|p1a: Zekrom\n|-supereffective|p1a: Zekrom\n|-damage|p1a: Zekrom|346\/504\n|-boost|p2a: Dugtrio|spd|1\n|\n|upkeep\n|turn|3\n|c|\u2606FiniFiniLove|\u6211\u9760\u5fd8\u4e86\n|j| woflw\n|\n|t:|1637486856\n|move|p2a: Dugtrio|Max Guard|p2a: Dugtrio\n|-singleturn|p2a: Dugtrio|Max Guard\n|move|p1a: Zekrom|Max Wyrmwind|p2a: Dugtrio\n|-activate|p2a: Dugtrio|move: Max Guard\n|\n|upkeep\n|turn|4\n|l| woflw\n|j| woflw\n|j| nonefacials\n|\n|t:|1637486934\n|move|p1a: Zekrom|Max Wyrmwind|p2a: Dugtrio\n|-damage|p2a: Dugtrio|0 fnt\n|faint|p2a: Dugtrio\n|\n|-end|p1a: Zekrom|Dynamax\n|-heal|p1a: Zekrom|173\/252|[silent]\n|upkeep\n|\n|t:|1637486955\n|switch|p2a: Regice|Regice, L84|271\/271\n|turn|5\n|\n|t:|1637486968\n|move|p1a: Zekrom|Outrage|p2a: Regice\n|-damage|p2a: Regice|109\/271\n|move|p2a: Regice|Ice Beam|p1a: Zekrom\n|-supereffective|p1a: Zekrom\n|-damage|p1a: Zekrom|0 fnt\n|faint|p1a: Zekrom\n|\n|upkeep\n|\n|t:|1637486981\n|switch|p1a: Urshifu|Urshifu-Rapid-Strike, L78, M|284\/284\n|turn|6\n|\n|t:|1637486997\n|switch|p2a: Jellicent|Jellicent, L84, F|305\/305\n|move|p1a: Urshifu|Surging Strikes|p2a: Jellicent\n|-immune|p2a: Jellicent|[from] ability: Water Absorb\n|\n|upkeep\n|turn|7\n|\n|t:|1637487007\n|switch|p1a: Dragalge|Dragalge, L86, M|252\/252\n|move|p2a: Jellicent|Toxic|p1a: Dragalge\n|-immune|p1a: Dragalge\n|\n|upkeep\n|turn|8\n|\n|t:|1637487019\n|move|p2a: Jellicent|Shadow Ball|p1a: Dragalge\n|-damage|p1a: Dragalge|195\/252\n|move|p1a: Dragalge|Toxic Spikes|p2a: Jellicent\n|-sidestart|p2: FiniFiniLove|move: Toxic Spikes\n|\n|-heal|p1a: Dragalge|210\/252|[from] item: Black Sludge\n|upkeep\n|turn|9\n|l| woflw\n|\n|t:|1637487030\n|move|p2a: Jellicent|Shadow Ball|p1a: Dragalge\n|-damage|p1a: Dragalge|158\/252\n|move|p1a: Dragalge|Dragon Pulse|p2a: Jellicent\n|-damage|p2a: Jellicent|189\/305\n|\n|-heal|p2a: Jellicent|208\/305|[from] item: Leftovers\n|-heal|p1a: Dragalge|173\/252|[from] item: Black Sludge\n|upkeep\n|turn|10\n|\n|t:|1637487041\n|switch|p1a: Arctozolt|Arctozolt, L86|295\/295\n|move|p2a: Jellicent|Shadow Ball|p1a: Arctozolt\n|-damage|p1a: Arctozolt|238\/295\n|\n|-heal|p2a: Jellicent|227\/305|[from] item: Leftovers\n|upkeep\n|turn|11\n|\n|t:|1637487074\n|switch|p2a: Regice|Regice, L84|109\/271\n|-status|p2a: Regice|psn\n|move|p1a: Arctozolt|Bolt Beak|p2a: Regice\n|-damage|p2a: Regice|0 fnt\n|faint|p2a: Regice\n|\n|upkeep\n|\n|t:|1637487081\n|switch|p2a: Heracross|Heracross, L82, F|265\/265\n|-status|p2a: Heracross|psn\n|turn|12\n|\n|t:|1637487101\n|switch|p1a: Dragalge|Dragalge, L86, M|173\/252\n|move|p2a: Heracross|Close Combat|p1a: Dragalge\n|-resisted|p1a: Dragalge\n|-damage|p1a: Dragalge|75\/252\n|-unboost|p2a: Heracross|def|1\n|-unboost|p2a: Heracross|spd|1\n|\n|-heal|p1a: Dragalge|90\/252|[from] item: Black Sludge\n|-damage|p2a: Heracross|232\/265 psn|[from] psn\n|upkeep\n|turn|13\n|\n|t:|1637487123\n|move|p2a: Heracross|Close Combat|p1a: Dragalge\n|-resisted|p1a: Dragalge\n|-crit|p1a: Dragalge\n|-damage|p1a: Dragalge|0 fnt\n|-unboost|p2a: Heracross|def|1\n|-unboost|p2a: Heracross|spd|1\n|faint|p1a: Dragalge\n|\n|-damage|p2a: Heracross|199\/265 psn|[from] psn\n|upkeep\n|\n|t:|1637487133\n|switch|p1a: Urshifu|Urshifu-Rapid-Strike, L78, M|284\/284\n|turn|14\n|l| nonefacials\n|\n|t:|1637487192\n|switch|p2a: Jellicent|Jellicent, L84, F|227\/305\n|-status|p2a: Jellicent|psn\n|move|p1a: Urshifu|Surging Strikes|p2a: Jellicent\n|-heal|p2a: Jellicent|303\/305 psn|[from] ability: Water Absorb|[of] p1a: Urshifu\n|\n|-heal|p2a: Jellicent|305\/305 psn|[from] item: Leftovers\n|-damage|p2a: Jellicent|267\/305 psn|[from] psn\n|upkeep\n|turn|15\n|\n|t:|1637487210\n|switch|p1a: Arctozolt|Arctozolt, L86|238\/295\n|move|p2a: Jellicent|Toxic|p1a: Arctozolt\n|-status|p1a: Arctozolt|tox\n|\n|-heal|p2a: Jellicent|286\/305 psn|[from] item: Leftovers\n|-damage|p2a: Jellicent|248\/305 psn|[from] psn\n|-damage|p1a: Arctozolt|220\/295 tox|[from] psn\n|upkeep\n|turn|16\n|\n|t:|1637487261\n|switch|p2a: Raikou|Raikou, L80|275\/275\n|-status|p2a: Raikou|psn\n|-ability|p2a: Raikou|Pressure\n|move|p1a: Arctozolt|Bolt Beak|p2a: Raikou\n|-resisted|p2a: Raikou\n|-damage|p2a: Raikou|167\/275 psn\n|\n|-heal|p2a: Raikou|184\/275 psn|[from] item: Leftovers\n|-damage|p2a: Raikou|150\/275 psn|[from] psn\n|-damage|p1a: Arctozolt|184\/295 tox|[from] psn\n|upkeep\n|turn|17\n|\n|t:|1637487287\n|switch|p1a: Slowking|Slowking-Galar, L84, F|297\/297\n|move|p2a: Raikou|Scald|p1a: Slowking\n|-damage|p1a: Slowking|249\/297\n|\n|-heal|p2a: Raikou|167\/275 psn|[from] item: Leftovers\n|-heal|p1a: Slowking|267\/297|[from] item: Black Sludge\n|-damage|p2a: Raikou|133\/275 psn|[from] psn\n|upkeep\n|turn|18\n|\n|t:|1637487377\n|move|p2a: Raikou|Thunderbolt|p1a: Slowking\n|-damage|p1a: Slowking|174\/297\n|move|p1a: Slowking|Psyshock|p2a: Raikou\n|-damage|p2a: Raikou|27\/275 psn\n|\n|-heal|p2a: Raikou|44\/275 psn|[from] item: Leftovers\n|-heal|p1a: Slowking|192\/297|[from] item: Black Sludge\n|-damage|p2a: Raikou|10\/275 psn|[from] psn\n|upkeep\n|turn|19\n|\n|t:|1637487387\n|move|p2a: Raikou|Thunderbolt|p1a: Slowking\n|-damage|p1a: Slowking|105\/297\n|move|p1a: Slowking|Slack Off|p1a: Slowking\n|-heal|p1a: Slowking|254\/297\n|\n|-heal|p2a: Raikou|27\/275 psn|[from] item: Leftovers\n|-heal|p1a: Slowking|272\/297|[from] item: Black Sludge\n|-damage|p2a: Raikou|0 fnt|[from] psn\n|faint|p2a: Raikou\n|upkeep\n|\n|t:|1637487415\n|switch|p2a: Jellicent|Jellicent, L84, F|248\/305 psn\n|turn|20\n|\n|t:|1637487426\n|move|p2a: Jellicent|Shadow Ball|p1a: Slowking\n|-supereffective|p1a: Slowking\n|-damage|p1a: Slowking|144\/297\n|-unboost|p1a: Slowking|spd|1\n|move|p1a: Slowking|Psyshock|p2a: Jellicent\n|-damage|p2a: Jellicent|137\/305 psn\n|\n|-heal|p2a: Jellicent|156\/305 psn|[from] item: Leftovers\n|-heal|p1a: Slowking|162\/297|[from] item: Black Sludge\n|-damage|p2a: Jellicent|118\/305 psn|[from] psn\n|upkeep\n|turn|21\n|\n|t:|1637487438\n|switch|p1a: Arctozolt|Arctozolt, L86|184\/295 tox\n|move|p2a: Jellicent|Recover|p2a: Jellicent\n|-heal|p2a: Jellicent|271\/305 psn\n|\n|-heal|p2a: Jellicent|290\/305 psn|[from] item: Leftovers\n|-damage|p2a: Jellicent|252\/305 psn|[from] psn\n|-damage|p1a: Arctozolt|166\/295 tox|[from] psn\n|upkeep\n|turn|22\n|\n|t:|1637487461\n|switch|p2a: Heracross|Heracross, L82, F|199\/265 psn\n|move|p1a: Arctozolt|Bolt Beak|p2a: Heracross\n|-damage|p2a: Heracross|0 fnt\n|faint|p2a: Heracross\n|\n|-damage|p1a: Arctozolt|130\/295 tox|[from] psn\n|upkeep\n|\n|t:|1637487464\n|switch|p2a: Gengar|Gengar, L80, F|227\/227\n|-sideend|p2: FiniFiniLove|move: Toxic Spikes|[of] p2a: Gengar\n|turn|23\n|j| eghthtr\n|l| eghthtr\n|j| eghthtr\n|\n|t:|1637487477\n|move|p2a: Gengar|Shadow Ball|p1a: Arctozolt\n|-damage|p1a: Arctozolt|44\/295 tox\n|-damage|p2a: Gengar|205\/227|[from] item: Life Orb\n|move|p1a: Arctozolt|Stomping Tantrum|p2a: Gengar\n|-supereffective|p2a: Gengar\n|-damage|p2a: Gengar|59\/227\n|\n|-damage|p1a: Arctozolt|0 fnt|[from] psn\n|faint|p1a: Arctozolt\n|upkeep\n|\n|t:|1637487486\n|switch|p1a: Vespiquen|Vespiquen, L96, F|290\/290\n|-ability|p1a: Vespiquen|Pressure\n|turn|24\n|\n|t:|1637487504\n|move|p2a: Gengar|Shadow Ball|p1a: Vespiquen\n|-damage|p1a: Vespiquen|195\/290\n|-damage|p2a: Gengar|37\/227|[from] item: Life Orb\n|move|p1a: Vespiquen|Air Slash|p2a: Gengar\n|-damage|p2a: Gengar|0 fnt\n|faint|p2a: Gengar\n|\n|upkeep\n|\n|t:|1637487509\n|switch|p2a: Jellicent|Jellicent, L84, F|252\/305 psn\n|turn|25\n|\n|t:|1637487519\n|move|p2a: Jellicent|Toxic|p1a: Vespiquen\n|-status|p1a: Vespiquen|tox\n|move|p1a: Vespiquen|Air Slash|p2a: Jellicent\n|-damage|p2a: Jellicent|180\/305 psn\n|\n|-heal|p2a: Jellicent|199\/305 psn|[from] item: Leftovers\n|-damage|p2a: Jellicent|161\/305 psn|[from] psn\n|-damage|p1a: Vespiquen|177\/290 tox|[from] psn\n|upkeep\n|turn|26\n|l| eghthtr\n|\n|t:|1637487530\n|move|p2a: Jellicent|Recover|p2a: Jellicent\n|-heal|p2a: Jellicent|305\/305 psn\n|move|p1a: Vespiquen|Roost|p1a: Vespiquen\n|-heal|p1a: Vespiquen|290\/290 tox\n|-singleturn|p1a: Vespiquen|move: Roost\n|\n|-damage|p2a: Jellicent|267\/305 psn|[from] psn\n|-damage|p1a: Vespiquen|254\/290 tox|[from] psn\n|upkeep\n|turn|27\n|\n|t:|1637487539\n|move|p2a: Jellicent|Shadow Ball|p1a: Vespiquen\n|-damage|p1a: Vespiquen|199\/290 tox\n|move|p1a: Vespiquen|U-turn|p2a: Jellicent\n|-resisted|p2a: Jellicent\n|-damage|p2a: Jellicent|217\/305 psn\n|\n|t:|1637487544\n|switch|p1a: Slowking|Slowking-Galar, L84, F|261\/297\n|\n|-heal|p2a: Jellicent|236\/305 psn|[from] item: Leftovers\n|-heal|p1a: Slowking|279\/297|[from] item: Black Sludge\n|-damage|p2a: Jellicent|198\/305 psn|[from] psn\n|upkeep\n|turn|28\n|\n|t:|1637487551\n|move|p2a: Jellicent|Scald|p1a: Slowking\n|-damage|p1a: Slowking|216\/297\n|move|p1a: Slowking|Psyshock|p2a: Jellicent\n|-damage|p2a: Jellicent|78\/305 psn\n|\n|-heal|p2a: Jellicent|97\/305 psn|[from] item: Leftovers\n|-heal|p1a: Slowking|234\/297|[from] item: Black Sludge\n|-damage|p2a: Jellicent|59\/305 psn|[from] psn\n|upkeep\n|turn|29\n|\n|t:|1637487561\n|move|p2a: Jellicent|Recover|p2a: Jellicent\n|-heal|p2a: Jellicent|212\/305 psn\n|move|p1a: Slowking|Psyshock|p2a: Jellicent\n|-damage|p2a: Jellicent|110\/305 psn\n|\n|-heal|p2a: Jellicent|129\/305 psn|[from] item: Leftovers\n|-heal|p1a: Slowking|252\/297|[from] item: Black Sludge\n|-damage|p2a: Jellicent|91\/305 psn|[from] psn\n|upkeep\n|turn|30\n|\n|t:|1637487570\n|move|p2a: Jellicent|Recover|p2a: Jellicent\n|-heal|p2a: Jellicent|244\/305 psn\n|move|p1a: Slowking|Psyshock|p2a: Jellicent\n|-damage|p2a: Jellicent|126\/305 psn\n|\n|-heal|p2a: Jellicent|145\/305 psn|[from] item: Leftovers\n|-heal|p1a: Slowking|270\/297|[from] item: Black Sludge\n|-damage|p2a: Jellicent|107\/305 psn|[from] psn\n|upkeep\n|turn|31\n|\n|t:|1637487578\n|move|p2a: Jellicent|Recover|p2a: Jellicent\n|-heal|p2a: Jellicent|260\/305 psn\n|move|p1a: Slowking|Psyshock|p2a: Jellicent\n|-damage|p2a: Jellicent|155\/305 psn\n|\n|-heal|p2a: Jellicent|174\/305 psn|[from] item: Leftovers\n|-heal|p1a: Slowking|288\/297|[from] item: Black Sludge\n|-damage|p2a: Jellicent|136\/305 psn|[from] psn\n|upkeep\n|turn|32\n|\n|t:|1637487587\n|move|p2a: Jellicent|Recover|p2a: Jellicent\n|-heal|p2a: Jellicent|289\/305 psn\n|move|p1a: Slowking|Psyshock|p2a: Jellicent\n|-damage|p2a: Jellicent|180\/305 psn\n|\n|-heal|p2a: Jellicent|199\/305 psn|[from] item: Leftovers\n|-heal|p1a: Slowking|297\/297|[from] item: Black Sludge\n|-damage|p2a: Jellicent|161\/305 psn|[from] psn\n|upkeep\n|turn|33\n|\n|t:|1637487598\n|move|p2a: Jellicent|Shadow Ball|p1a: Slowking\n|-supereffective|p1a: Slowking\n|-damage|p1a: Slowking|175\/297\n|move|p1a: Slowking|Psyshock|p2a: Jellicent\n|-damage|p2a: Jellicent|53\/305 psn\n|\n|-heal|p2a: Jellicent|72\/305 psn|[from] item: Leftovers\n|-heal|p1a: Slowking|193\/297|[from] item: Black Sludge\n|-damage|p2a: Jellicent|34\/305 psn|[from] psn\n|upkeep\n|turn|34\n|\n|t:|1637487610\n|move|p2a: Jellicent|Recover|p2a: Jellicent\n|-heal|p2a: Jellicent|187\/305 psn\n|move|p1a: Slowking|Psyshock|p2a: Jellicent\n|-damage|p2a: Jellicent|85\/305 psn\n|\n|-heal|p2a: Jellicent|104\/305 psn|[from] item: Leftovers\n|-heal|p1a: Slowking|211\/297|[from] item: Black Sludge\n|-damage|p2a: Jellicent|66\/305 psn|[from] psn\n|upkeep\n|turn|35\n|\n|t:|1637487619\n|move|p2a: Jellicent|Recover|p2a: Jellicent\n|-heal|p2a: Jellicent|219\/305 psn\n|move|p1a: Slowking|Psyshock|p2a: Jellicent\n|-damage|p2a: Jellicent|101\/305 psn\n|\n|-heal|p2a: Jellicent|120\/305 psn|[from] item: Leftovers\n|-heal|p1a: Slowking|229\/297|[from] item: Black Sludge\n|-damage|p2a: Jellicent|82\/305 psn|[from] psn\n|upkeep\n|turn|36\n|\n|t:|1637487629\n|switch|p1a: Vespiquen|Vespiquen, L96, F|199\/290 tox\n|-ability|p1a: Vespiquen|Pressure\n|move|p2a: Jellicent|Recover|p2a: Jellicent\n|-heal|p2a: Jellicent|235\/305 psn\n|\n|-heal|p2a: Jellicent|254\/305 psn|[from] item: Leftovers\n|-damage|p2a: Jellicent|216\/305 psn|[from] psn\n|-damage|p1a: Vespiquen|181\/290 tox|[from] psn\n|upkeep\n|turn|37\n|\n|t:|1637487641\n|move|p2a: Jellicent|Shadow Ball|p1a: Vespiquen\n|-damage|p1a: Vespiquen|117\/290 tox\n|move|p1a: Vespiquen|Roost|p1a: Vespiquen\n|-heal|p1a: Vespiquen|262\/290 tox\n|-singleturn|p1a: Vespiquen|move: Roost\n|\n|-heal|p2a: Jellicent|235\/305 psn|[from] item: Leftovers\n|-damage|p2a: Jellicent|197\/305 psn|[from] psn\n|-damage|p1a: Vespiquen|226\/290 tox|[from] psn\n|upkeep\n|turn|38\n|\n|t:|1637487651\n|move|p2a: Jellicent|Shadow Ball|p1a: Vespiquen\n|-damage|p1a: Vespiquen|168\/290 tox\n|move|p1a: Vespiquen|U-turn|p2a: Jellicent\n|-resisted|p2a: Jellicent\n|-damage|p2a: Jellicent|146\/305 psn\n|\n|t:|1637487656\n|switch|p1a: Slowking|Slowking-Galar, L84, F|297\/297\n|\n|-heal|p2a: Jellicent|165\/305 psn|[from] item: Leftovers\n|-damage|p2a: Jellicent|127\/305 psn|[from] psn\n|upkeep\n|turn|39\n|\n|t:|1637487662\n|move|p2a: Jellicent|Recover|p2a: Jellicent\n|-heal|p2a: Jellicent|280\/305 psn\n|move|p1a: Slowking|Sludge Bomb|p2a: Jellicent\n|-resisted|p2a: Jellicent\n|-damage|p2a: Jellicent|230\/305 psn\n|\n|-heal|p2a: Jellicent|249\/305 psn|[from] item: Leftovers\n|-damage|p2a: Jellicent|211\/305 psn|[from] psn\n|upkeep\n|turn|40\n|\n|t:|1637487676\n|switch|p1a: Vespiquen|Vespiquen, L96, F|168\/290 tox\n|-ability|p1a: Vespiquen|Pressure\n|move|p2a: Jellicent|Shadow Ball|p1a: Vespiquen\n|-damage|p1a: Vespiquen|113\/290 tox\n|\n|-heal|p2a: Jellicent|230\/305 psn|[from] item: Leftovers\n|-damage|p2a: Jellicent|192\/305 psn|[from] psn\n|-damage|p1a: Vespiquen|95\/290 tox|[from] psn\n|upkeep\n|turn|41\n|\n|t:|1637487686\n|move|p2a: Jellicent|Shadow Ball|p1a: Vespiquen\n|-damage|p1a: Vespiquen|40\/290 tox\n|move|p1a: Vespiquen|Roost|p1a: Vespiquen\n|-heal|p1a: Vespiquen|185\/290 tox\n|-singleturn|p1a: Vespiquen|move: Roost\n|\n|-heal|p2a: Jellicent|211\/305 psn|[from] item: Leftovers\n|-damage|p2a: Jellicent|173\/305 psn|[from] psn\n|-damage|p1a: Vespiquen|149\/290 tox|[from] psn\n|upkeep\n|turn|42\n|\n|t:|1637487695\n|move|p2a: Jellicent|Shadow Ball|p1a: Vespiquen\n|-crit|p1a: Vespiquen\n|-damage|p1a: Vespiquen|55\/290 tox\n|-unboost|p1a: Vespiquen|spd|1\n|move|p1a: Vespiquen|Roost|p1a: Vespiquen\n|-heal|p1a: Vespiquen|200\/290 tox\n|-singleturn|p1a: Vespiquen|move: Roost\n|\n|-heal|p2a: Jellicent|192\/305 psn|[from] item: Leftovers\n|-damage|p2a: Jellicent|154\/305 psn|[from] psn\n|-damage|p1a: Vespiquen|146\/290 tox|[from] psn\n|upkeep\n|turn|43\n|l| zinc98\n|\n|t:|1637487707\n|switch|p1a: Urshifu|Urshifu-Rapid-Strike, L78, M|284\/284\n|move|p2a: Jellicent|Shadow Ball|p1a: Urshifu\n|-damage|p1a: Urshifu|179\/284\n|\n|-heal|p2a: Jellicent|173\/305 psn|[from] item: Leftovers\n|-damage|p2a: Jellicent|135\/305 psn|[from] psn\n|upkeep\n|turn|44\n|\n|t:|1637487717\n|move|p1a: Urshifu|Ice Punch|p2a: Jellicent\n|-resisted|p2a: Jellicent\n|-damage|p2a: Jellicent|93\/305 psn\n|-damage|p1a: Urshifu|151\/284|[from] item: Life Orb\n|move|p2a: Jellicent|Recover|p2a: Jellicent\n|-heal|p2a: Jellicent|246\/305 psn\n|\n|-heal|p2a: Jellicent|265\/305 psn|[from] item: Leftovers\n|-damage|p2a: Jellicent|227\/305 psn|[from] psn\n|upkeep\n|turn|45\n|\n|t:|1637487732\n|move|p1a: Urshifu|Bulk Up|p1a: Urshifu\n|-boost|p1a: Urshifu|atk|1\n|-boost|p1a: Urshifu|def|1\n|move|p2a: Jellicent|Shadow Ball|p1a: Urshifu\n|-damage|p1a: Urshifu|51\/284\n|\n|-heal|p2a: Jellicent|246\/305 psn|[from] item: Leftovers\n|-damage|p2a: Jellicent|208\/305 psn|[from] psn\n|upkeep\n|turn|46\n|\n|t:|1637487750\n|move|p1a: Urshifu|Ice Punch|p2a: Jellicent\n|-resisted|p2a: Jellicent\n|-damage|p2a: Jellicent|147\/305 psn\n|-damage|p1a: Urshifu|23\/284|[from] item: Life Orb\n|move|p2a: Jellicent|Shadow Ball|p1a: Urshifu\n|-damage|p1a: Urshifu|0 fnt\n|faint|p1a: Urshifu\n|\n|-heal|p2a: Jellicent|166\/305 psn|[from] item: Leftovers\n|-damage|p2a: Jellicent|128\/305 psn|[from] psn\n|upkeep\n|\n|t:|1637487760\n|switch|p1a: Vespiquen|Vespiquen, L96, F|146\/290 tox\n|-ability|p1a: Vespiquen|Pressure\n|turn|47\n|\n|t:|1637487768\n|move|p2a: Jellicent|Scald|p1a: Vespiquen\n|-damage|p1a: Vespiquen|88\/290 tox\n|move|p1a: Vespiquen|Roost|p1a: Vespiquen\n|-heal|p1a: Vespiquen|233\/290 tox\n|-singleturn|p1a: Vespiquen|move: Roost\n|\n|-heal|p2a: Jellicent|147\/305 psn|[from] item: Leftovers\n|-damage|p2a: Jellicent|109\/305 psn|[from] psn\n|-damage|p1a: Vespiquen|215\/290 tox|[from] psn\n|upkeep\n|turn|48\n|\n|t:|1637487778\n|move|p2a: Jellicent|Recover|p2a: Jellicent\n|-heal|p2a: Jellicent|262\/305 psn\n|move|p1a: Vespiquen|Roost|p1a: Vespiquen\n|-heal|p1a: Vespiquen|290\/290 tox\n|-singleturn|p1a: Vespiquen|move: Roost\n|\n|-heal|p2a: Jellicent|281\/305 psn|[from] item: Leftovers\n|-damage|p2a: Jellicent|243\/305 psn|[from] psn\n|-damage|p1a: Vespiquen|254\/290 tox|[from] psn\n|upkeep\n|turn|49\n|\n|t:|1637487791\n|switch|p1a: Slowking|Slowking-Galar, L84, F|297\/297\n|move|p2a: Jellicent|Scald|p1a: Slowking\n|-damage|p1a: Slowking|230\/297\n|\n|-heal|p2a: Jellicent|262\/305 psn|[from] item: Leftovers\n|-heal|p1a: Slowking|248\/297|[from] item: Black Sludge\n|-damage|p2a: Jellicent|224\/305 psn|[from] psn\n|upkeep\n|turn|50\n|\n|t:|1637487800\n|move|p2a: Jellicent|Scald|p1a: Slowking\n|-damage|p1a: Slowking|185\/297\n|-status|p1a: Slowking|brn\n|move|p1a: Slowking|Slack Off|p1a: Slowking\n|-heal|p1a: Slowking|297\/297 brn\n|\n|-heal|p2a: Jellicent|243\/305 psn|[from] item: Leftovers\n|-damage|p2a: Jellicent|205\/305 psn|[from] psn\n|-damage|p1a: Slowking|279\/297 brn|[from] brn\n|upkeep\n|turn|51\n|\n|t:|1637487810\n|move|p2a: Jellicent|Shadow Ball|p1a: Slowking\n|-supereffective|p1a: Slowking\n|-damage|p1a: Slowking|141\/297 brn\n|move|p1a: Slowking|Psyshock|p2a: Jellicent\n|-damage|p2a: Jellicent|90\/305 psn\n|\n|-heal|p2a: Jellicent|109\/305 psn|[from] item: Leftovers\n|-heal|p1a: Slowking|159\/297 brn|[from] item: Black Sludge\n|-damage|p2a: Jellicent|71\/305 psn|[from] psn\n|-damage|p1a: Slowking|141\/297 brn|[from] brn\n|upkeep\n|turn|52\n|j| Suta Pulachina\n|\n|t:|1637487840\n|switch|p1a: Vespiquen|Vespiquen, L96, F|254\/290 tox\n|-ability|p1a: Vespiquen|Pressure\n|move|p2a: Jellicent|Scald|p1a: Vespiquen\n|-damage|p1a: Vespiquen|193\/290 tox\n|\n|-heal|p2a: Jellicent|90\/305 psn|[from] item: Leftovers\n|-damage|p2a: Jellicent|52\/305 psn|[from] psn\n|-damage|p1a: Vespiquen|175\/290 tox|[from] psn\n|upkeep\n|turn|53\n|\n|t:|1637487850\n|move|p2a: Jellicent|Recover|p2a: Jellicent\n|-heal|p2a: Jellicent|205\/305 psn\n|move|p1a: Vespiquen|Roost|p1a: Vespiquen\n|-heal|p1a: Vespiquen|290\/290 tox\n|-singleturn|p1a: Vespiquen|move: Roost\n|\n|-heal|p2a: Jellicent|224\/305 psn|[from] item: Leftovers\n|-damage|p2a: Jellicent|186\/305 psn|[from] psn\n|-damage|p1a: Vespiquen|254\/290 tox|[from] psn\n|upkeep\n|turn|54\n|\n|t:|1637487868\n|move|p2a: Jellicent|Scald|p1a: Vespiquen\n|-damage|p1a: Vespiquen|191\/290 tox\n|move|p1a: Vespiquen|U-turn|p2a: Jellicent\n|-resisted|p2a: Jellicent\n|-damage|p2a: Jellicent|133\/305 psn\n|\n|t:|1637487873\n|switch|p1a: Slowking|Slowking-Galar, L84, F|240\/297 brn\n|\n|-heal|p2a: Jellicent|152\/305 psn|[from] item: Leftovers\n|-heal|p1a: Slowking|258\/297 brn|[from] item: Black Sludge\n|-damage|p2a: Jellicent|114\/305 psn|[from] psn\n|-damage|p1a: Slowking|240\/297 brn|[from] brn\n|upkeep\n|turn|55\n|\n|t:|1637487881\n|move|p2a: Jellicent|Recover|p2a: Jellicent\n|-heal|p2a: Jellicent|267\/305 psn\n|move|p1a: Slowking|Psyshock|p2a: Jellicent\n|-damage|p2a: Jellicent|159\/305 psn\n|\n|-heal|p2a: Jellicent|178\/305 psn|[from] item: Leftovers\n|-heal|p1a: Slowking|258\/297 brn|[from] item: Black Sludge\n|-damage|p2a: Jellicent|140\/305 psn|[from] psn\n|-damage|p1a: Slowking|240\/297 brn|[from] brn\n|upkeep\n|turn|56\n|\n|t:|1637487893\n|move|p2a: Jellicent|Recover|p2a: Jellicent\n|-heal|p2a: Jellicent|293\/305 psn\n|move|p1a: Slowking|Psyshock|p2a: Jellicent\n|-damage|p2a: Jellicent|179\/305 psn\n|\n|-heal|p2a: Jellicent|198\/305 psn|[from] item: Leftovers\n|-heal|p1a: Slowking|258\/297 brn|[from] item: Black Sludge\n|-damage|p2a: Jellicent|160\/305 psn|[from] psn\n|-damage|p1a: Slowking|240\/297 brn|[from] brn\n|upkeep\n|turn|57\n|\n|t:|1637487903\n|move|p2a: Jellicent|Shadow Ball|p1a: Slowking\n|-supereffective|p1a: Slowking\n|-damage|p1a: Slowking|102\/297 brn\n|move|p1a: Slowking|Slack Off|p1a: Slowking\n|-heal|p1a: Slowking|251\/297 brn\n|\n|-heal|p2a: Jellicent|179\/305 psn|[from] item: Leftovers\n|-heal|p1a: Slowking|269\/297 brn|[from] item: Black Sludge\n|-damage|p2a: Jellicent|141\/305 psn|[from] psn\n|-damage|p1a: Slowking|251\/297 brn|[from] brn\n|upkeep\n|turn|58\n|\n|t:|1637487915\n|move|p2a: Jellicent|Recover|p2a: Jellicent\n|-heal|p2a: Jellicent|294\/305 psn\n|move|p1a: Slowking|Psyshock|p2a: Jellicent\n|-damage|p2a: Jellicent|185\/305 psn\n|\n|-heal|p2a: Jellicent|204\/305 psn|[from] item: Leftovers\n|-heal|p1a: Slowking|269\/297 brn|[from] item: Black Sludge\n|-damage|p2a: Jellicent|166\/305 psn|[from] psn\n|-damage|p1a: Slowking|251\/297 brn|[from] brn\n|upkeep\n|turn|59\n|\n|t:|1637487928\n|move|p2a: Jellicent|Scald|p1a: Slowking\n|-crit|p1a: Slowking\n|-damage|p1a: Slowking|154\/297 brn\n|move|p1a: Slowking|Slack Off|p1a: Slowking\n|-heal|p1a: Slowking|297\/297 brn\n|\n|-heal|p2a: Jellicent|185\/305 psn|[from] item: Leftovers\n|-damage|p2a: Jellicent|147\/305 psn|[from] psn\n|-damage|p1a: Slowking|279\/297 brn|[from] brn\n|upkeep\n|turn|60\n|\n|t:|1637487938\n|move|p2a: Jellicent|Shadow Ball|p1a: Slowking\n|-supereffective|p1a: Slowking\n|-damage|p1a: Slowking|147\/297 brn\n|-unboost|p1a: Slowking|spd|1\n|move|p1a: Slowking|Slack Off|p1a: Slowking\n|-heal|p1a: Slowking|296\/297 brn\n|\n|-heal|p2a: Jellicent|166\/305 psn|[from] item: Leftovers\n|-heal|p1a: Slowking|297\/297 brn|[from] item: Black Sludge\n|-damage|p2a: Jellicent|128\/305 psn|[from] psn\n|-damage|p1a: Slowking|279\/297 brn|[from] brn\n|upkeep\n|turn|61\n|\n|t:|1637487953\n|move|p2a: Jellicent|Shadow Ball|p1a: Slowking\n|-supereffective|p1a: Slowking\n|-damage|p1a: Slowking|75\/297 brn\n|-unboost|p1a: Slowking|spd|1\n|move|p1a: Slowking|Psyshock|p2a: Jellicent\n|-damage|p2a: Jellicent|8\/305 psn\n|\n|-heal|p2a: Jellicent|27\/305 psn|[from] item: Leftovers\n|-heal|p1a: Slowking|93\/297 brn|[from] item: Black Sludge\n|-damage|p2a: Jellicent|0 fnt|[from] psn\n|faint|p2a: Jellicent\n|\n|win|swordsman.n\n|upkeep\n","inputlog":">version 5f9d7c5fd7d7784ad2f0d0f4b61ea6e75791baaf\n>version-origin 3918ebd609a2bd57e0326bf76fca79306b37a61f\n>start {\"formatid\":\"gen8randombattle\",\"seed\":[54219,39395,40954,39823]}\n>player p1 {\"name\":\"swordsman.n\",\"avatar\":\"249\",\"rating\":0,\"seed\":[15410,29787,38836,35423]}\n>player p2 {\"name\":\"FiniFiniLove\",\"avatar\":\"1\",\"rating\":0,\"seed\":[13623,17955,23876,30392]}\n>p1 move dragondance\n>p2 switch 2\n>p1 move outrage dynamax\n>p2 move earthquake dynamax\n>chat \u2606FiniFiniLove|\u6211\u9760\u5fd8\u4e86\n>p1 move outrage dynamax\n>p2 move memento dynamax\n>p1 move outrage dynamax\n>p2 move earthquake dynamax\n>p2 switch 3\n>p1 move outrage\n>p2 move icebeam\n>p1 switch 2\n>p1 move surgingstrikes\n>p2 switch 6\n>p1 switch 5\n>p2 move toxic\n>p1 move toxicspikes\n>p2 move shadowball\n>p1 move dragonpulse\n>p2 move shadowball\n>p1 switch 3\n>p2 move shadowball\n>p1 move boltbeak\n>p2 switch 6\n>p2 switch 2\n>p1 switch 3\n>p2 move closecombat\n>p1 move dragonpulse\n>p2 move closecombat\n>p1 switch 5\n>p1 move surgingstrikes\n>p2 switch 6\n>p1 switch 3\n>p2 move toxic\n>p1 move boltbeak\n>p2 switch 5\n>p1 switch 6\n>p2 move scald\n>p1 move psyshock\n>p2 move thunderbolt\n>p1 move slackoff\n>p2 move thunderbolt\n>p2 switch 5\n>p1 move psyshock\n>p2 move shadowball\n>p1 switch 6\n>p2 move recover\n>p1 move boltbeak\n>p2 switch 6\n>p2 switch 4\n>p1 move stompingtantrum\n>p2 move shadowball\n>p1 switch 4\n>p1 move airslash\n>p2 move shadowball\n>p2 switch 6\n>p1 move airslash\n>p2 move toxic\n>p1 move roost\n>p2 move recover\n>p1 move uturn\n>p2 move shadowball\n>p1 switch 6\n>p1 move psyshock\n>p2 move scald\n>p1 move psyshock\n>p2 move recover\n>p1 move psyshock\n>p2 move recover\n>p1 move psyshock\n>p2 move recover\n>p1 move psyshock\n>p2 move recover\n>p1 move psyshock\n>p2 move shadowball\n>p1 move psyshock\n>p2 move recover\n>p1 move psyshock\n>p2 move recover\n>p1 switch 6\n>p2 move recover\n>p1 move roost\n>p2 move shadowball\n>p1 move uturn\n>p2 move shadowball\n>p1 switch 6\n>p1 move sludgebomb\n>p2 move recover\n>p1 switch 6\n>p2 move shadowball\n>p1 move roost\n>p2 move shadowball\n>p1 move roost\n>p2 move shadowball\n>p1 switch 3\n>p2 move shadowball\n>p1 move icepunch\n>p2 move recover\n>p1 move bulkup\n>p2 move shadowball\n>p1 move icepunch\n>p2 move shadowball\n>p1 switch 3\n>p1 move roost\n>p2 move scald\n>p1 move roost\n>p2 move recover\n>p1 switch 6\n>p2 move scald\n>p1 move slackoff\n>p2 move scald\n>p1 move psyshock\n>p2 move shadowball\n>p1 switch 6\n>p2 move scald\n>p1 move roost\n>p2 move recover\n>p1 move uturn\n>p2 move scald\n>p1 switch 6\n>p1 move psyshock\n>p2 move recover\n>p1 move psyshock\n>p2 move recover\n>p1 move slackoff\n>p2 move shadowball\n>p1 move psyshock\n>p2 move recover\n>p1 move slackoff\n>p2 move scald\n>p1 move slackoff\n>p2 move shadowball\n>p1 move psyshock\n>p2 move shadowball","uploadtime":1637487965,"views":8,"p1id":"swordsmann","p2id":"finifinilove","formatid":"gen8randombattle","rating":0,"private":0,"password":null}