{"id":"china-gen8randombattle-469915","p1":"youke","p2":"gostop","format":"gen8randombattle","log":"|j|\u2606youke\n|j|\u2606gostop\n|t:|1621857801\n|gametype|singles\n|player|p1|youke|korrina|\n|player|p2|gostop|gostop.gif|\n|teamsize|p1|6\n|teamsize|p2|6\n|gen|8\n|tier|[Gen 8] Random Battle\n|rule|Species Clause: Limit one of each Pok\u00e9mon\n|rule|HP Percentage Mod: HP is shown in percentages\n|rule|Sleep Clause Mod: Limit one foe put to sleep\n|\n|t:|1621857801\n|start\n|switch|p1a: Gyarados|Gyarados, L76, F|269\/269\n|switch|p2a: Clefable|Clefable, L82, F|290\/290\n|turn|1\n|j|\u265aAllen-xia\n|j| SplatoonVGC\n|\n|t:|1621857840\n|switch|p1a: Groudon|Groudon, L73|266\/266\n|-weather|SunnyDay|[from] ability: Drought|[of] p1a: Groudon\n|move|p2a: Clefable|Stealth Rock|p1a: Groudon\n|-sidestart|p1: youke|move: Stealth Rock\n|\n|-weather|SunnyDay|[upkeep]\n|upkeep\n|turn|2\n|j| Ban Volca\n|l|\u265aAllen-xia\n|j|\u265aAllen-xia\n|j|\u265aJanBeatJustin\n|c|\u2606youke|\u9489\u5b50\u51fa\u4e86\u4e2a\u5bc2\u5bde\n|j| vusty fans3\n|j| 4.aa.m\n|j| youke fans200\n|\n|t:|1621857919\n|move|p1a: Groudon|Stealth Rock|p2a: Clefable\n|-sidestart|p2: gostop|move: Stealth Rock\n|move|p2a: Clefable|Fire Blast|p1a: Groudon\n|-damage|p1a: Groudon|97\/266\n|\n|-weather|SunnyDay|[upkeep]\n|-heal|p1a: Groudon|113\/266|[from] item: Leftovers\n|upkeep\n|turn|3\n|\n|t:|1621857927\n|move|p1a: Groudon|Thunder Wave|p2a: Clefable\n|-status|p2a: Clefable|par\n|move|p2a: Clefable|Moonblast|p1a: Groudon\n|-damage|p1a: Groudon|0 fnt\n|faint|p1a: Groudon\n|\n|-weather|SunnyDay|[upkeep]\n|upkeep\n|n| youke fans200|youkefans200\n|\n|t:|1621857931\n|switch|p1a: Nidoking|Nidoking, L82, M|267\/267\n|-damage|p1a: Nidoking|251\/267|[from] Stealth Rock\n|turn|4\n|j|\u265aChizuru mizuhara\n|\n|t:|1621857986\n|move|p1a: Nidoking|Substitute|p1a: Nidoking\n|-start|p1a: Nidoking|Substitute\n|-damage|p1a: Nidoking|185\/267\n|move|p2a: Clefable|Fire Blast|p1a: Nidoking\n|-end|p1a: Nidoking|Substitute\n|\n|-weather|SunnyDay|[upkeep]\n|upkeep\n|turn|5\n|\n|t:|1621857996\n|switch|p2a: Krookodile|Krookodile, L78, M|276\/276\n|-damage|p2a: Krookodile|259\/276|[from] Stealth Rock\n|move|p1a: Nidoking|Sludge Wave|p2a: Krookodile\n|-resisted|p2a: Krookodile\n|-damage|p2a: Krookodile|168\/276\n|\n|-weather|none\n|upkeep\n|turn|6\n|\n|t:|1621858022\n|switch|p1a: Poliwrath|Poliwrath, L84, M|288\/288\n|-damage|p1a: Poliwrath|270\/288|[from] Stealth Rock\n|move|p2a: Krookodile|Knock Off|p1a: Poliwrath\n|-resisted|p1a: Poliwrath\n|-damage|p1a: Poliwrath|219\/288\n|-enditem|p1a: Poliwrath|Life Orb|[from] move: Knock Off|[of] p2a: Krookodile\n|\n|upkeep\n|turn|7\n|\n|t:|1621858048\n|switch|p2a: Beheeyem|Beheeyem, L86, M|269\/269\n|-damage|p2a: Beheeyem|236\/269|[from] Stealth Rock\n|move|p1a: Poliwrath|Rain Dance|p1a: Poliwrath\n|-weather|RainDance\n|\n|-weather|RainDance|[upkeep]\n|upkeep\n|turn|8\n|j| hidskfsl\n|\n|t:|1621858138\n|move|p1a: Poliwrath|Liquidation|p2a: Beheeyem\n|-damage|p2a: Beheeyem|86\/269\n|move|p2a: Beheeyem|Trick Room|p2a: Beheeyem\n|-fieldstart|move: Trick Room|[of] p2a: Beheeyem\n|\n|-weather|RainDance|[upkeep]\n|upkeep\n|turn|9\n|\n|t:|1621858151\n|move|p2a: Beheeyem|Psychic|p1a: Poliwrath\n|-supereffective|p1a: Poliwrath\n|-damage|p1a: Poliwrath|0 fnt\n|faint|p1a: Poliwrath\n|-damage|p2a: Beheeyem|60\/269|[from] item: Life Orb\n|\n|-weather|RainDance|[upkeep]\n|upkeep\n|\n|t:|1621858153\n|switch|p1a: Vikavolt|Vikavolt, L82, M|260\/260\n|turn|10\n|\n|t:|1621858177\n|move|p2a: Beheeyem|Psychic|p1a: Vikavolt\n|-damage|p1a: Vikavolt|69\/260\n|-unboost|p1a: Vikavolt|spd|1\n|-damage|p2a: Beheeyem|34\/269|[from] item: Life Orb\n|move|p1a: Vikavolt|Sticky Web|p2a: Beheeyem\n|-sidestart|p2: gostop|move: Sticky Web\n|\n|-weather|RainDance|[upkeep]\n|upkeep\n|turn|11\n|\n|t:|1621858203\n|move|p2a: Beheeyem|Psychic|p1a: Vikavolt\n|-damage|p1a: Vikavolt|0 fnt\n|faint|p1a: Vikavolt\n|-damage|p2a: Beheeyem|8\/269|[from] item: Life Orb\n|\n|-weather|none\n|upkeep\n|\n|t:|1621858215\n|switch|p1a: Nidoking|Nidoking, L82, M|185\/267\n|-damage|p1a: Nidoking|169\/267|[from] Stealth Rock\n|turn|12\n|\n|t:|1621858220\n|switch|p1a: Gyarados|Gyarados, L76, F|269\/269\n|-damage|p1a: Gyarados|202\/269|[from] Stealth Rock\n|move|p2a: Beheeyem|Psychic|p1a: Gyarados\n|-damage|p1a: Gyarados|0 fnt\n|faint|p1a: Gyarados\n|-damage|p2a: Beheeyem|0 fnt|[from] item: Life Orb\n|faint|p2a: Beheeyem\n|\n|-fieldend|move: Trick Room\n|upkeep\n|c|\u2606gostop|\uff1f\n|l| SplatoonVGC\n|\n|t:|1621858259\n|switch|p1a: Nidoking|Nidoking, L82, M|169\/267\n|switch|p2a: Sandaconda|Sandaconda, L84, M|258\/258\n|-damage|p1a: Nidoking|153\/267|[from] Stealth Rock\n|-activate|p2a: Sandaconda|move: Sticky Web\n|-unboost|p2a: Sandaconda|spe|1\n|-damage|p2a: Sandaconda|242\/258|[from] Stealth Rock\n|turn|13\n|j| SplatoonVGC\n|\n|t:|1621858283\n|move|p1a: Nidoking|Ice Beam|p2a: Sandaconda\n|-supereffective|p2a: Sandaconda\n|-damage|p2a: Sandaconda|5\/258\n|move|p2a: Sandaconda|Earthquake|p1a: Nidoking\n|-supereffective|p1a: Nidoking\n|-damage|p1a: Nidoking|0 fnt\n|faint|p1a: Nidoking\n|\n|-heal|p2a: Sandaconda|21\/258|[from] item: Leftovers\n|upkeep\n|\n|t:|1621858286\n|switch|p1a: Chandelure|Chandelure, L82, M|233\/233\n|turn|14\n|\n|t:|1621858297\n|move|p1a: Chandelure|Shadow Ball|p2a: Sandaconda\n|-damage|p2a: Sandaconda|0 fnt\n|faint|p2a: Sandaconda\n|\n|upkeep\n|l|\u265aChizuru mizuhara\n|\n|t:|1621858331\n|switch|p2a: Thundurus|Thundurus, L80, M|258\/258\n|turn|15\n|\n|t:|1621858342\n|-start|p1a: Chandelure|Dynamax\n|-heal|p1a: Chandelure|466\/466|[silent]\n|move|p1a: Chandelure|Max Guard|p1a: Chandelure\n|-singleturn|p1a: Chandelure|Max Guard\n|move|p2a: Thundurus|Knock Off|p1a: Chandelure\n|-activate|p1a: Chandelure|move: Max Guard\n|\n|upkeep\n|turn|16\n|\n|t:|1621858348\n|move|p2a: Thundurus|Knock Off|p1a: Chandelure\n|-supereffective|p1a: Chandelure\n|-damage|p1a: Chandelure|316\/466\n|-enditem|p1a: Chandelure|Heavy-Duty Boots|[from] move: Knock Off|[of] p2a: Thundurus\n|move|p1a: Chandelure|Max Flare|p2a: Thundurus\n|-damage|p2a: Thundurus|30\/258\n|-weather|SunnyDay\n|\n|-weather|SunnyDay|[upkeep]\n|upkeep\n|turn|17\n|\n|t:|1621858370\n|move|p2a: Thundurus|Knock Off|p1a: Chandelure\n|-supereffective|p1a: Chandelure\n|-damage|p1a: Chandelure|224\/466\n|move|p1a: Chandelure|Max Phantasm|p2a: Thundurus\n|-damage|p2a: Thundurus|0 fnt\n|faint|p2a: Thundurus\n|\n|-weather|SunnyDay|[upkeep]\n|-end|p1a: Chandelure|Dynamax\n|-heal|p1a: Chandelure|112\/233|[silent]\n|upkeep\n|\n|t:|1621858373\n|switch|p2a: Krookodile|Krookodile, L78, M|168\/276\n|-damage|p2a: Krookodile|151\/276|[from] Stealth Rock\n|-activate|p2a: Krookodile|move: Sticky Web\n|-unboost|p2a: Krookodile|spe|1\n|turn|18\n|\n|t:|1621858379\n|-start|p2a: Krookodile|Dynamax\n|-heal|p2a: Krookodile|302\/552|[silent]\n|move|p1a: Chandelure|Fire Blast|p2a: Krookodile\n|-damage|p2a: Krookodile|13\/552\n|move|p2a: Krookodile|Max Quake|p1a: Chandelure\n|-supereffective|p1a: Chandelure\n|-damage|p1a: Chandelure|0 fnt\n|-boost|p2a: Krookodile|spd|1\n|faint|p1a: Chandelure\n|\n|win|gostop\n|l| hidskfsl\n|c|\u2606youke|gg\n|l| SplatoonVGC\n|j| SplatoonVGC\n|l| SplatoonVGC\n","inputlog":">version 0025f653c28627c932206d8372f4e4d06f6ee6cc\n>version-origin 3918ebd609a2bd57e0326bf76fca79306b37a61f\n>start {\"formatid\":\"gen8randombattle\",\"seed\":[51227,18482,39533,58324]}\n>player p1 {\"name\":\"youke\",\"avatar\":\"korrina\",\"rating\":0,\"seed\":[13813,11849,29943,45769]}\n>player p2 {\"name\":\"gostop\",\"avatar\":\"gostop.gif\",\"rating\":0,\"seed\":[32718,48402,12806,17848]}\n>p1 switch 6\n>p2 move stealthrock\n>chat \u2606youke|\u9489\u5b50\u51fa\u4e86\u4e2a\u5bc2\u5bde\n>p1 move stealthrock\n>p2 move fireblast\n>p1 move thunderwave\n>p2 move moonblast\n>p1 switch 3\n>p1 move substitute\n>p2 move fireblast\n>p1 move sludgewave\n>p2 switch 4\n>p1 switch 4\n>p2 move knockoff\n>p1 move raindance\n>p2 switch 2\n>p1 move liquidation\n>p2 move trickroom\n>p1 move liquidation\n>p2 move psychic\n>p1 switch 5\n>p1 move stickyweb\n>p2 move psychic\n>p1 move bugbuzz\n>p2 move psychic\n>p1 switch 4\n>p1 switch 6\n>p2 move psychic\n>chat \u2606gostop|\uff1f\n>p1 switch 6\n>p2 switch 3\n>p1 move icebeam\n>p2 move earthquake\n>p1 switch 2\n>p1 move shadowball\n>p2 move earthquake\n>p2 switch 6\n>p1 move substitute dynamax\n>p2 move knockoff\n>p1 move fireblast dynamax\n>p2 move knockoff\n>p1 move shadowball dynamax\n>p2 move knockoff\n>p2 switch 2\n>p1 move fireblast\n>p2 move earthquake dynamax","uploadtime":1621858440,"views":81,"p1id":"youke","p2id":"gostop","formatid":"gen8randombattle","rating":0,"private":0,"password":null}