{"id":"china-gen8ubers-5299767","p1":"AlIoutdragadarts","p2":"AquaRotom","format":"gen8ubers","log":"|uhtml|report-battle|<b>\u5c06\u5bf9\u6218\u94fe\u63a5\u516c\u5f00\u5230:<\/b> <button class=\"button\" name=\"send\" value=\"\/reportto skypillar\">Sky Pillar<\/button><button class=\"button\" name=\"send\" value=\"\/reportto shinx\">Shinx<\/button>\n|j|\u2606AlIoutdragadarts\n|j|\u2606AquaRotom\n|inactive|Battle timer is ON: inactive players will automatically lose when time's up.\n|t:|1661156315\n|gametype|singles\n|player|p1|AlIoutdragadarts|psychic-gen6|\n|player|p2|AquaRotom|dawn-masters|\n|teamsize|p1|6\n|teamsize|p2|6\n|gen|8\n|tier|[Gen 8] Ubers\n|rated|Tournament battle\n|rule|Sleep Clause Mod: Limit one foe put to sleep\n|rule|Species Clause: Limit one of each Pok\u00e9mon\n|rule|OHKO Clause: OHKO moves are banned\n|rule|Evasion Items Clause: Evasion items are banned\n|rule|Evasion Moves Clause: Evasion moves are banned\n|rule|Endless Battle Clause: Forcing endless battles is banned\n|rule|HP Percentage Mod: HP is shown in percentages\n|rule|Dynamax Clause: You cannot dynamax\n|clearpoke\n|poke|p1|Slurpuff, M|\n|poke|p1|Calyrex-Shadow|\n|poke|p1|Weavile, M|\n|poke|p1|Necrozma-Dusk-Mane|\n|poke|p1|Kyogre|\n|poke|p1|Yveltal|\n|poke|p2|Slurpuff, F|\n|poke|p2|Landorus, M|\n|poke|p2|Calyrex-Shadow|\n|poke|p2|Eternatus|\n|poke|p2|Necrozma-Dusk-Mane|\n|poke|p2|Yveltal|\n|teampreview\n|\n|t:|1661156331\n|start\n|switch|p1a: Weavile|Weavile, M|100\/100\n|switch|p2a: Slurpuff|Slurpuff, F, shiny|100\/100\n|-ability|p1a: Weavile|Pressure\n|turn|1\n|j| q2675876516\n|\n|t:|1661156339\n|move|p1a: Weavile|Swords Dance|p1a: Weavile\n|-boost|p1a: Weavile|atk|2\n|move|p2a: Slurpuff|Sticky Web|p1a: Weavile\n|-sidestart|p1: AlIoutdragadarts|move: Sticky Web\n|\n|upkeep\n|turn|2\n|\n|t:|1661156345\n|move|p1a: Weavile|Triple Axel|p2a: Slurpuff\n|-damage|p2a: Slurpuff|64\/100\n|-damage|p2a: Slurpuff|0 fnt\n|faint|p2a: Slurpuff\n|-hitcount|p2: Slurpuff|2\n|\n|upkeep\n|j| ban123456\n|\n|t:|1661156358\n|switch|p2a: Calyrex|Calyrex-Shadow|100\/100\n|-ability|p2a: Calyrex|As One\n|-ability|p2a: Calyrex|Unnerve\n|turn|3\n|\n|t:|1661156366\n|move|p2a: Calyrex|Astral Barrage|p1a: Weavile\n|-resisted|p1a: Weavile\n|-damage|p1a: Weavile|52\/100\n|move|p1a: Weavile|Knock Off|p2a: Calyrex\n|-supereffective|p2a: Calyrex\n|-enditem|p2a: Calyrex|Focus Sash\n|-damage|p2a: Calyrex|1\/100\n|\n|upkeep\n|turn|4\n|j| b\u51b0\u8451Bing_Feng\n|\n|t:|1661156379\n|move|p1a: Weavile|Ice Shard|p2a: Calyrex\n|-damage|p2a: Calyrex|0 fnt\n|faint|p2a: Calyrex\n|\n|upkeep\n|\n|t:|1661156381\n|switch|p2a: Yveltal|Yveltal, shiny|100\/100\n|-ability|p2a: Yveltal|Dark Aura\n|turn|5\n|\n|t:|1661156394\n|move|p1a: Weavile|Triple Axel|p2a: Yveltal\n|-supereffective|p2a: Yveltal\n|-damage|p2a: Yveltal|62\/100\n|-supereffective|p2a: Yveltal\n|-damage|p2a: Yveltal|0 fnt\n|faint|p2a: Yveltal\n|-hitcount|p2: Yveltal|2\n|\n|upkeep\n|j| wdzkz\n|\n|t:|1661156401\n|switch|p2a: Eternatus|Eternatus|100\/100\n|-ability|p2a: Eternatus|Pressure\n|turn|6\n|l| q2675876516\n|inactive|AlIoutdragadarts has 120 seconds left.\n|l| b\u51b0\u8451Bing_Feng\n|\n|t:|1661156441\n|move|p1a: Weavile|Ice Shard|p2a: Eternatus\n|-supereffective|p2a: Eternatus\n|-damage|p2a: Eternatus|31\/100\n|move|p2a: Eternatus|Meteor Beam||[still]\n|-prepare|p2a: Eternatus|Meteor Beam\n|-boost|p2a: Eternatus|spa|1\n|-enditem|p2a: Eternatus|Power Herb\n|-anim|p2a: Eternatus|Meteor Beam|p1a: Weavile|[miss]\n|-miss|p2a: Eternatus|p1a: Weavile\n|\n|upkeep\n|turn|7\n|c| ban123456|\u7b11\u5566\n|c|\u2606AlIoutdragadarts|soz\n|\n|t:|1661156458\n|switch|p2a: Necrozma|Necrozma-Dusk-Mane|100\/100\n|move|p1a: Weavile|Ice Shard|p2a: Necrozma\n|-resisted|p2a: Necrozma\n|-damage|p2a: Necrozma|83\/100\n|\n|upkeep\n|turn|8\n|c| ban123456|\u739b\u7ebd\u62c9\u5f88\u5f3a\u54d2\n|\n|t:|1661156462\n|move|p1a: Weavile|Knock Off|p2a: Necrozma\n|-supereffective|p2a: Necrozma\n|-damage|p2a: Necrozma|0 fnt\n|-enditem|p2a: Necrozma|Life Orb|[from] move: Knock Off|[of] p1a: Weavile\n|faint|p2a: Necrozma\n|\n|upkeep\n|\n|t:|1661156465\n|switch|p2a: Landorus|Landorus, M|100\/100\n|turn|9\n|\n|t:|1661156467\n|move|p1a: Weavile|Ice Shard|p2a: Landorus\n|-supereffective|p2a: Landorus\n|-damage|p2a: Landorus|0 fnt\n|faint|p2a: Landorus\n|\n|upkeep\n|\n|t:|1661156470\n|switch|p2a: Eternatus|Eternatus|31\/100\n|-ability|p2a: Eternatus|Pressure\n|turn|10\n|\n|t:|1661156472\n|move|p1a: Weavile|Ice Shard|p2a: Eternatus\n|-supereffective|p2a: Eternatus\n|-damage|p2a: Eternatus|0 fnt\n|faint|p2a: Eternatus\n|\n|win|AlIoutdragadarts\n|n|\u2606AlIoutdragadarts|alioutdragadarts\n|n|\u2606AquaRotom|aquarotom\n|n| ban123456|ban123456\n|n| wdzkz|wdzkz\n|l|\u2606AquaRotom\n|l|\u2606AlIoutdragadarts\n|l| wdzkz\n|j|\u2606AquaRotom\n|player|p2|AquaRotom|dawn-masters\n|l|\u2606AquaRotom\n|player|p2|\n|j| b\u51b0\u8451Bing_Feng\n|l| b\u51b0\u8451Bing_Feng\n|j| gthsb\n","uploadtime":1661156474,"views":11,"p1id":"alioutdragadarts","p2id":"aquarotom","formatid":"gen8ubers","rating":0,"private":0,"password":null}