{"id":"china-gen7ou-3865417","p1":"Shootingwolf","p2":"cbz123","format":"gen7ou","log":"|j|\u2606Shootingwolf\n|j|\u2606cbz123\n|t:|1636970858\n|gametype|singles\n|player|p1|Shootingwolf|266|\n|player|p2|cbz123|bugcatcher-gen4dp|\n|teamsize|p1|6\n|teamsize|p2|6\n|gen|7\n|tier|[Gen 7] OU\n|rated|Tournament battle\n|rule|Sleep Clause Mod: Limit one foe put to sleep\n|rule|Species Clause: Limit one of each Pok\u00e9mon\n|rule|OHKO Clause: OHKO moves are banned\n|rule|Moody Clause: Moody is banned\n|rule|Evasion Moves Clause: Evasion moves are banned\n|rule|Endless Battle Clause: Forcing endless battles is banned\n|rule|HP Percentage Mod: HP is shown in percentages\n|clearpoke\n|poke|p1|Kartana|item\n|poke|p1|Tapu Koko|item\n|poke|p1|Landorus-Therian, M|item\n|poke|p1|Greninja, M|item\n|poke|p1|Magearna|item\n|poke|p1|Medicham, F|item\n|poke|p2|Medicham, F|item\n|poke|p2|Tornadus-Therian, M|item\n|poke|p2|Landorus-Therian, M|item\n|poke|p2|Greninja, M|item\n|poke|p2|Rotom-Wash|item\n|poke|p2|Magearna|item\n|teampreview\n|j| Residual red soul\n|\n|t:|1636970881\n|start\n|switch|p1a: RedHotChiliPeppers|Tapu Koko|100\/100\n|switch|p2a: Landorus|Landorus-Therian, M|100\/100\n|-fieldstart|move: Electric Terrain|[from] ability: Electric Surge|[of] p1a: RedHotChiliPeppers\n|-ability|p2a: Landorus|Intimidate|boost\n|-unboost|p1a: RedHotChiliPeppers|atk|1\n|turn|1\n|inactive|Battle timer is ON: inactive players will automatically lose when time's up. (requested by Shootingwolf)\n|\n|t:|1636970885\n|switch|p2a: Magearna|Magearna|100\/100\n|move|p1a: RedHotChiliPeppers|U-turn|p2a: Magearna\n|-resisted|p2a: Magearna\n|-damage|p2a: Magearna|98\/100\n|\n|t:|1636970899\n|switch|p1a: King Crimson|Medicham, F|100\/100|[from]move: U-turn\n|\n|upkeep\n|turn|2\n|\n|t:|1636970916\n|detailschange|p1a: King Crimson|Medicham-Mega, F\n|-mega|p1a: King Crimson|Medicham|Medichamite\n|move|p1a: King Crimson|Ice Punch|p2a: Magearna\n|-resisted|p2a: Magearna\n|-damage|p2a: Magearna|80\/100\n|move|p2a: Magearna|Volt Switch|p1a: King Crimson\n|-damage|p1a: King Crimson|60\/100\n|\n|t:|1636970923\n|switch|p2a: Tornadus|Tornadus-Therian, M|100\/100|[from]move: Volt Switch\n|\n|upkeep\n|turn|3\n|\n|t:|1636970927\n|switch|p1a: D4C|Magearna|100\/100\n|move|p2a: Tornadus|U-turn|p1a: D4C\n|-resisted|p1a: D4C\n|-damage|p1a: D4C|97\/100\n|\n|t:|1636970932\n|switch|p2a: Landorus|Landorus-Therian, M|100\/100|[from]move: U-turn\n|-ability|p2a: Landorus|Intimidate|boost\n|-unboost|p1a: D4C|atk|1\n|\n|upkeep\n|turn|4\n|\n|t:|1636970937\n|switch|p1a: Killer Queen|Landorus-Therian, M|100\/100\n|-ability|p1a: Killer Queen|Intimidate|boost\n|-unboost|p2a: Landorus|atk|1\n|move|p2a: Landorus|Stealth Rock|p1a: Killer Queen\n|-sidestart|p1: Shootingwolf|move: Stealth Rock\n|\n|upkeep\n|turn|5\n|\n|t:|1636970949\n|move|p2a: Landorus|Swords Dance|p2a: Landorus\n|-boost|p2a: Landorus|atk|2\n|move|p1a: Killer Queen|Defog|p2a: Landorus\n|-unboost|p2a: Landorus|evasion|1\n|-sideend|p1: Shootingwolf|Stealth Rock|[from] move: Defog|[of] p1a: Killer Queen\n|\n|-fieldend|move: Electric Terrain\n|upkeep\n|turn|6\n|\n|t:|1636970952\n|move|p2a: Landorus|Stealth Rock|p1a: Killer Queen\n|-sidestart|p1: Shootingwolf|move: Stealth Rock\n|move|p1a: Killer Queen|Stealth Rock|p2a: Landorus\n|-sidestart|p2: cbz123|move: Stealth Rock\n|\n|upkeep\n|turn|7\n|\n|t:|1636970958\n|switch|p1a: D4C|Magearna|97\/100\n|-damage|p1a: D4C|91\/100|[from] Stealth Rock\n|-zpower|p2a: Landorus\n|move|p2a: Landorus|Continental Crush|p1a: D4C|[zeffect]\n|-resisted|p1a: D4C\n|-damage|p1a: D4C|53\/100\n|\n|upkeep\n|turn|8\n|\n|t:|1636970961\n|switch|p1a: Killer Queen|Landorus-Therian, M|100\/100\n|-damage|p1a: Killer Queen|88\/100|[from] Stealth Rock\n|-ability|p1a: Killer Queen|Intimidate|boost\n|-unboost|p2a: Landorus|atk|1\n|move|p2a: Landorus|Earthquake|p1a: Killer Queen\n|-immune|p1a: Killer Queen\n|\n|upkeep\n|turn|9\n|\n|t:|1636970963\n|switch|p1a: Emerald Spray|Greninja, M|100\/100\n|-damage|p1a: Emerald Spray|88\/100|[from] Stealth Rock\n|move|p2a: Landorus|Swords Dance|p2a: Landorus\n|-boost|p2a: Landorus|atk|2\n|\n|upkeep\n|turn|10\n|\n|t:|1636970978\n|switch|p1a: King Crimson|Medicham-Mega, F|60\/100\n|-damage|p1a: King Crimson|54\/100|[from] Stealth Rock\n|switch|p2a: Magearna|Magearna|80\/100\n|-damage|p2a: Magearna|74\/100|[from] Stealth Rock\n|\n|upkeep\n|turn|11\n|\n|t:|1636970985\n|switch|p2a: Landorus|Landorus-Therian, M|100\/100\n|-damage|p2a: Landorus|88\/100|[from] Stealth Rock\n|-ability|p2a: Landorus|Intimidate|boost\n|-unboost|p1a: King Crimson|atk|1\n|move|p1a: King Crimson|High Jump Kick|p2a: Landorus\n|-resisted|p2a: Landorus\n|-damage|p2a: Landorus|51\/100\n|\n|upkeep\n|turn|12\n|\n|t:|1636970994\n|switch|p1a: Killer Queen|Landorus-Therian, M|88\/100\n|-damage|p1a: Killer Queen|76\/100|[from] Stealth Rock\n|-ability|p1a: Killer Queen|Intimidate|boost\n|-unboost|p2a: Landorus|atk|1\n|switch|p2a: Rotom|Rotom-Wash|100\/100\n|-damage|p2a: Rotom|88\/100|[from] Stealth Rock\n|\n|upkeep\n|turn|13\n|\n|t:|1636970999\n|switch|p1a: D4C|Magearna|53\/100\n|-damage|p1a: D4C|47\/100|[from] Stealth Rock\n|move|p2a: Rotom|Hydro Pump|p1a: D4C\n|-damage|p1a: D4C|32\/100\n|\n|upkeep\n|turn|14\n|\n|t:|1636971003\n|move|p2a: Rotom|Hydro Pump|p1a: D4C\n|-damage|p1a: D4C|13\/100\n|move|p1a: D4C|Ice Beam|p2a: Rotom\n|-resisted|p2a: Rotom\n|-damage|p2a: Rotom|74\/100\n|\n|upkeep\n|turn|15\n|j| nonefacials\n|\n|t:|1636971008\n|move|p2a: Rotom|Hydro Pump|p1a: D4C\n|-damage|p1a: D4C|0 fnt\n|faint|p1a: D4C\n|\n|upkeep\n|\n|t:|1636971012\n|switch|p1a: Silver Chariot|Kartana, shiny|100\/100\n|-damage|p1a: Silver Chariot|94\/100|[from] Stealth Rock\n|turn|16\n|\n|t:|1636971021\n|switch|p2a: Tornadus|Tornadus-Therian, M|100\/100\n|-damage|p2a: Tornadus|76\/100|[from] Stealth Rock\n|-zpower|p1a: Silver Chariot\n|move|p1a: Silver Chariot|Breakneck Blitz|p2a: Tornadus|[zeffect]\n|-damage|p2a: Tornadus|0 fnt\n|faint|p2a: Tornadus\n|-ability|p1a: Silver Chariot|Beast Boost|boost\n|-boost|p1a: Silver Chariot|atk|1\n|\n|upkeep\n|\n|t:|1636971032\n|switch|p2a: Greninja|Greninja, M|100\/100\n|-damage|p2a: Greninja|88\/100|[from] Stealth Rock\n|turn|17\n|\n|t:|1636971038\n|move|p2a: Greninja|Dark Pulse|p1a: Silver Chariot\n|-damage|p1a: Silver Chariot|0 fnt\n|faint|p1a: Silver Chariot\n|-activate|p2a: Greninja|ability: Battle Bond\n|detailschange|p2a: Greninja|Greninja-Ash, M\n|\n|upkeep\n|j|@Metallica126\n|\n|t:|1636971041\n|switch|p1a: RedHotChiliPeppers|Tapu Koko|100\/100\n|-damage|p1a: RedHotChiliPeppers|88\/100|[from] Stealth Rock\n|-fieldstart|move: Electric Terrain|[from] ability: Electric Surge|[of] p1a: RedHotChiliPeppers\n|turn|18\n|\n|t:|1636971049\n|switch|p2a: Landorus|Landorus-Therian, M|51\/100\n|-damage|p2a: Landorus|39\/100|[from] Stealth Rock\n|-ability|p2a: Landorus|Intimidate|boost\n|-unboost|p1a: RedHotChiliPeppers|atk|1\n|move|p1a: RedHotChiliPeppers|Thunderbolt|p2a: Landorus\n|-immune|p2a: Landorus\n|\n|upkeep\n|turn|19\n|\n|t:|1636971059\n|switch|p1a: Killer Queen|Landorus-Therian, M|76\/100\n|-damage|p1a: Killer Queen|64\/100|[from] Stealth Rock\n|-ability|p1a: Killer Queen|Intimidate|boost\n|-unboost|p2a: Landorus|atk|1\n|move|p2a: Landorus|Stone Edge|p1a: Killer Queen\n|-damage|p1a: Killer Queen|47\/100\n|\n|upkeep\n|turn|20\n|\n|t:|1636971065\n|switch|p1a: Emerald Spray|Greninja, M|88\/100\n|-damage|p1a: Emerald Spray|76\/100|[from] Stealth Rock\n|move|p2a: Landorus|Swords Dance|p2a: Landorus\n|-boost|p2a: Landorus|atk|2\n|\n|upkeep\n|turn|21\n|\n|t:|1636971073\n|move|p1a: Emerald Spray|Surf|p2a: Landorus\n|-supereffective|p2a: Landorus\n|-damage|p2a: Landorus|0 fnt\n|faint|p2a: Landorus\n|-activate|p1a: Emerald Spray|ability: Battle Bond\n|detailschange|p1a: Emerald Spray|Greninja-Ash, M\n|\n|upkeep\n|\n|t:|1636971077\n|switch|p2a: Magearna|Magearna|74\/100\n|-damage|p2a: Magearna|68\/100|[from] Stealth Rock\n|turn|22\n|\n|t:|1636971084\n|switch|p1a: Killer Queen|Landorus-Therian, M|47\/100\n|-damage|p1a: Killer Queen|34\/100|[from] Stealth Rock\n|-ability|p1a: Killer Queen|Intimidate|boost\n|-unboost|p2a: Magearna|atk|1\n|move|p2a: Magearna|Ice Beam|p1a: Killer Queen\n|-supereffective|p1a: Killer Queen\n|-damage|p1a: Killer Queen|0 fnt\n|faint|p1a: Killer Queen\n|-ability|p2a: Magearna|Soul-Heart|boost\n|-boost|p2a: Magearna|spa|1\n|\n|-fieldend|move: Electric Terrain\n|upkeep\n|l| nonefacials\n|\n|t:|1636971087\n|switch|p1a: King Crimson|Medicham-Mega, F|54\/100\n|-damage|p1a: King Crimson|48\/100|[from] Stealth Rock\n|turn|23\n|\n|t:|1636971096\n|switch|p2a: Medicham|Medicham, F|100\/100\n|-damage|p2a: Medicham|94\/100|[from] Stealth Rock\n|move|p1a: King Crimson|High Jump Kick|p2a: Medicham\n|-resisted|p2a: Medicham\n|-damage|p2a: Medicham|0 fnt\n|faint|p2a: Medicham\n|\n|upkeep\n|\n|t:|1636971100\n|switch|p2a: Greninja|Greninja-Ash, M|88\/100\n|-damage|p2a: Greninja|76\/100|[from] Stealth Rock\n|turn|24\n|\n|t:|1636971109\n|move|p1a: King Crimson|Bullet Punch|p2a: Greninja\n|-resisted|p2a: Greninja\n|-damage|p2a: Greninja|55\/100\n|move|p2a: Greninja|Hydro Pump|p1a: King Crimson\n|-damage|p1a: King Crimson|0 fnt\n|faint|p1a: King Crimson\n|\n|upkeep\n|\n|t:|1636971114\n|switch|p1a: RedHotChiliPeppers|Tapu Koko|88\/100\n|-damage|p1a: RedHotChiliPeppers|76\/100|[from] Stealth Rock\n|-fieldstart|move: Electric Terrain|[from] ability: Electric Surge|[of] p1a: RedHotChiliPeppers\n|turn|25\n|\n|t:|1636971119\n|switch|p2a: Magearna|Magearna|68\/100\n|-damage|p2a: Magearna|61\/100|[from] Stealth Rock\n|move|p1a: RedHotChiliPeppers|Thunderbolt|p2a: Magearna\n|-damage|p2a: Magearna|36\/100\n|\n|upkeep\n|turn|26\n|\n|t:|1636971127\n|move|p1a: RedHotChiliPeppers|Thunderbolt|p2a: Magearna\n|-damage|p2a: Magearna|11\/100\n|move|p2a: Magearna|Iron Head|p1a: RedHotChiliPeppers\n|-damage|p1a: RedHotChiliPeppers|37\/100\n|\n|upkeep\n|turn|27\n|\n|t:|1636971130\n|move|p1a: RedHotChiliPeppers|Thunderbolt|p2a: Magearna\n|-damage|p2a: Magearna|0 fnt\n|faint|p2a: Magearna\n|\n|upkeep\n|\n|t:|1636971131\n|switch|p2a: Greninja|Greninja-Ash, M|55\/100\n|-damage|p2a: Greninja|43\/100|[from] Stealth Rock\n|turn|28\n|\n|t:|1636971136\n|switch|p1a: Emerald Spray|Greninja-Ash, M|76\/100\n|-damage|p1a: Emerald Spray|64\/100|[from] Stealth Rock\n|move|p2a: Greninja|Water Shuriken|p1a: Emerald Spray\n|-resisted|p1a: Emerald Spray\n|-damage|p1a: Emerald Spray|49\/100\n|-resisted|p1a: Emerald Spray\n|-damage|p1a: Emerald Spray|33\/100\n|-resisted|p1a: Emerald Spray\n|-damage|p1a: Emerald Spray|20\/100\n|-hitcount|p1a: Emerald Spray|3\n|\n|upkeep\n|turn|29\n|\n|t:|1636971148\n|move|p2a: Greninja|Water Shuriken|p1a: Emerald Spray\n|-resisted|p1a: Emerald Spray\n|-damage|p1a: Emerald Spray|7\/100\n|-resisted|p1a: Emerald Spray\n|-damage|p1a: Emerald Spray|0 fnt\n|faint|p1a: Emerald Spray\n|-hitcount|p1: Emerald Spray|2\n|\n|-fieldend|move: Electric Terrain\n|upkeep\n|-message|Shootingwolf forfeited.\n|\n|win|cbz123\n|n|\u2606Shootingwolf|shootingwolf\n|n|\u2606cbz123|cbz123\n|n| Residual red soul|residualredsoul\n|n| Metallica126|metallica126\n","uploadtime":1636971153,"views":10,"p1id":"shootingwolf","p2id":"cbz123","formatid":"gen7ou","rating":0,"private":0,"password":null}