{"id":"china-gen2randombattle-3891940","p1":"yuudachi0811\u5915\u7acb","p2":"swordsman.n","format":"gen2randombattle","log":"|j|\u2606yuudachi0811\u5915\u7acb\n|j|\u2606swordsman.n\n|t:|1637331084\n|gametype|singles\n|player|p1|yuudachi0811\u5915\u7acb|170|\n|player|p2|swordsman.n|249|\n|teamsize|p1|6\n|teamsize|p2|6\n|gen|2\n|tier|[Gen 2] Random Battle\n|rule|Sleep Clause Mod: Limit one foe put to sleep\n|rule|Freeze Clause Mod: Limit one foe frozen\n|rule|Species Clause: Limit one of each Pok\u00e9mon\n|rule|OHKO Clause: OHKO moves are banned\n|rule|Evasion Moves Clause: Evasion moves are banned\n|rule|Endless Battle Clause: Forcing endless battles is banned\n|rule|HP Percentage Mod: HP is shown in percentages\n|\n|t:|1637331084\n|start\n|switch|p1a: Omastar|Omastar, L69, M|228\/228\n|switch|p2a: Ampharos|Ampharos, L69, M|267\/267\n|turn|1\n|\n|t:|1637331097\n|switch|p1a: Celebi|Celebi, L61|249\/249\n|move|p2a: Ampharos|Thunder Wave|p1a: Celebi\n|-status|p1a: Celebi|par\n|\n|upkeep\n|turn|2\n|j| peyko\n|j| yinfoxfreak\n|c|\u2606swordsman.n|\u6211\u67e5\u70b9\u770b\u4e0d\u61c2\u7684\u4e1c\u897f\n|c| peyko|\u5f00\u5e55\u96f7\u51fb\uff08\u7269\u7406\uff09\n|c|\u2606yuudachi0811\u5915\u7acb|1\n|\n|t:|1637331148\n|switch|p2a: Typhlosion|Typhlosion, L67, M|243\/243\n|move|p1a: Celebi|Psychic|p2a: Typhlosion\n|-damage|p2a: Typhlosion|181\/243\n|\n|-heal|p2a: Typhlosion|196\/243|[from] item: Leftovers\n|upkeep\n|turn|3\n|c| peyko|\u8bdd\u8bf4\u4e3a\u5565\u7535\u9f99\u5148\u51fa\u624b\n|c|\u2606swordsman.n|\u4ed6\u6362\u4eba\u554a\n|\n|t:|1637331179\n|switch|p1a: Magmar|Magmar, L73, M|245\/245\n|move|p2a: Typhlosion|Fire Blast|p1a: Magmar\n|-resisted|p1a: Magmar\n|-damage|p1a: Magmar|195\/245\n|\n|-heal|p2a: Typhlosion|211\/243|[from] item: Leftovers\n|upkeep\n|turn|4\n|c|\u2606yuudachi0811\u5915\u7acb|\u4ed6\u6362\u4eba\u554a\n|c| peyko|\u54e6\u54e6\n|\n|t:|1637331190\n|move|p1a: Magmar|Thief|p2a: Typhlosion\n|-damage|p2a: Typhlosion|182\/243\n|-item|p1a: Magmar|Leftovers|[from] move: Thief|[of] p2a: Typhlosion\n|move|p2a: Typhlosion|Earthquake|p1a: Magmar\n|-supereffective|p1a: Magmar\n|-damage|p1a: Magmar|72\/245\n|\n|-heal|p1a: Magmar|87\/245|[from] item: Leftovers\n|upkeep\n|turn|5\n|\n|t:|1637331202\n|switch|p1a: Weezing|Weezing, L73, M|245\/245\n|move|p2a: Typhlosion|Earthquake|p1a: Weezing\n|-supereffective|p1a: Weezing\n|-damage|p1a: Weezing|171\/245\n|\n|-heal|p1a: Weezing|186\/245|[from] item: Leftovers\n|upkeep\n|turn|6\n|c|\u2606yuudachi0811\u5915\u7acb|\u6211\u6321\u4e0d\u4f4f\u8fd9\u73a9\u610f\n|\n|t:|1637331222\n|switch|p2a: Piloswine|Piloswine, L69, M|281\/281\n|move|p1a: Weezing|Thunder|p2a: Piloswine\n|-immune|p2a: Piloswine\n|\n|-heal|p1a: Weezing|201\/245|[from] item: Leftovers\n|upkeep\n|turn|7\n|\n|t:|1637331233\n|switch|p1a: Scizor|Scizor, L67, M|233\/233\n|move|p2a: Piloswine|Earthquake|p1a: Scizor\n|-damage|p1a: Scizor|150\/233\n|\n|-heal|p1a: Scizor|164\/233|[from] item: Leftovers\n|upkeep\n|turn|8\n|\n|t:|1637331240\n|switch|p2a: Typhlosion|Typhlosion, L67, M|182\/243\n|move|p1a: Scizor|Agility|p1a: Scizor\n|-boost|p1a: Scizor|spe|2\n|\n|-heal|p1a: Scizor|178\/233|[from] item: Leftovers\n|upkeep\n|turn|9\n|\n|t:|1637331247\n|move|p1a: Scizor|Baton Pass|p1a: Scizor\n|\n|t:|1637331259\n|switch|p1a: Weezing|Weezing, L73, M|201\/245\n|move|p2a: Typhlosion|Fire Blast|p1a: Weezing\n|-damage|p1a: Weezing|79\/245\n|\n|-heal|p1a: Weezing|94\/245|[from] item: Leftovers\n|upkeep\n|turn|10\n|\n|t:|1637331276\n|switch|p2a: Piloswine|Piloswine, L69, M|281\/281\n|move|p1a: Weezing|Explosion|p2a: Piloswine\n|-crit|p2a: Piloswine\n|-damage|p2a: Piloswine|0 fnt\n|faint|p1a: Weezing\n|faint|p2a: Piloswine\n|c|\u2606swordsman.n|\u679c\u7136\n|\n|t:|1637331294\n|switch|p1a: Electrode|Electrode, L69|225\/225\n|switch|p2a: Ampharos|Ampharos, L69, M|267\/267\n|\n|upkeep\n|turn|11\n|\n|t:|1637331299\n|switch|p1a: Celebi|Celebi, L61|249\/249 par\n|move|p2a: Ampharos|Thunder Wave|p1a: Celebi\n|-fail|p1a: Celebi|par\n|\n|upkeep\n|turn|12\n|\n|t:|1637331311\n|switch|p2a: Typhlosion|Typhlosion, L67, M|182\/243\n|cant|p1a: Celebi|par\n|\n|upkeep\n|turn|13\n|\n|t:|1637331318\n|switch|p1a: Omastar|Omastar, L69, M|228\/228\n|move|p2a: Typhlosion|Earthquake|p1a: Omastar\n|-supereffective|p1a: Omastar\n|-damage|p1a: Omastar|153\/228\n|\n|-heal|p1a: Omastar|167\/228|[from] item: Leftovers\n|upkeep\n|turn|14\n|\n|t:|1637331329\n|switch|p2a: Ampharos|Ampharos, L69, M|267\/267\n|move|p1a: Omastar|Rest|p1a: Omastar\n|-status|p1a: Omastar|slp|[from] move: Rest\n|-heal|p1a: Omastar|228\/228 slp|[silent]\n|\n|upkeep\n|turn|15\n|j| syelza\n|\n|t:|1637331359\n|switch|p1a: Celebi|Celebi, L61|249\/249 par\n|switch|p2a: Typhlosion|Typhlosion, L67, M|182\/243\n|\n|upkeep\n|turn|16\n|\n|t:|1637331368\n|switch|p1a: Omastar|Omastar, L69, M|228\/228 slp\n|move|p2a: Typhlosion|Earthquake|p1a: Omastar\n|-supereffective|p1a: Omastar\n|-damage|p1a: Omastar|153\/228 slp\n|\n|-heal|p1a: Omastar|167\/228 slp|[from] item: Leftovers\n|upkeep\n|turn|17\n|c|\u2606yuudachi0811\u5915\u7acb|\u6211\u7239\u68a6\u8bdd\u6551\u6211\uff01\n|c|\u2606swordsman.n|\u8c01\u7ed9\u6211\u79d1\u666e\u4e0bg2\u7684\u7761\u7720\n|\n|t:|1637331401\n|switch|p2a: Ampharos|Ampharos, L69, M|267\/267\n|cant|p1a: Omastar|slp\n|move|p1a: Omastar|Sleep Talk|p1a: Omastar\n|move|p1a: Omastar|Hidden Power|p2a: Ampharos|[from]Sleep Talk\n|-resisted|p2a: Ampharos\n|-damage|p2a: Ampharos|244\/267\n|\n|-heal|p1a: Omastar|181\/228 slp|[from] item: Leftovers\n|-heal|p2a: Ampharos|260\/267|[from] item: Leftovers\n|upkeep\n|turn|18\n|c|\u2606yuudachi0811\u5915\u7acb|\u68a6\u8bddROLL\u5230\u7761\u89c9\u53ef\u4ee5\u7ee7\u7eed\u7761\n|\n|t:|1637331414\n|switch|p2a: Typhlosion|Typhlosion, L67, M|182\/243\n|switch|p1a: Celebi|Celebi, L61|249\/249 par\n|\n|upkeep\n|turn|19\n|\n|t:|1637331419\n|switch|p1a: Omastar|Omastar, L69, M|181\/228 slp\n|move|p2a: Typhlosion|Earthquake|p1a: Omastar\n|-supereffective|p1a: Omastar\n|-damage|p1a: Omastar|104\/228 slp\n|\n|-heal|p1a: Omastar|118\/228 slp|[from] item: Leftovers\n|upkeep\n|turn|20\n|\n|t:|1637331426\n|move|p2a: Typhlosion|Earthquake|p1a: Omastar\n|-supereffective|p1a: Omastar\n|-damage|p1a: Omastar|38\/228 slp\n|cant|p1a: Omastar|slp\n|move|p1a: Omastar|Sleep Talk|p1a: Omastar\n|move|p1a: Omastar|Surf|p2a: Typhlosion|[from]Sleep Talk\n|-supereffective|p2a: Typhlosion\n|-damage|p2a: Typhlosion|0 fnt\n|faint|p2a: Typhlosion\n|c|\u2606swordsman.n|\u574f\u4e86\n|c|\u2606yuudachi0811\u5915\u7acb|\u574f\u4e86\n|\n|t:|1637331454\n|switch|p2a: Persian|Persian, L73, M|245\/245\n|\n|-heal|p1a: Omastar|52\/228 slp|[from] item: Leftovers\n|upkeep\n|turn|21\n|\n|t:|1637331475\n|move|p2a: Persian|Thunder|p1a: Omastar\n|-supereffective|p1a: Omastar\n|-damage|p1a: Omastar|0 fnt\n|faint|p1a: Omastar\n|\n|t:|1637331488\n|switch|p1a: Celebi|Celebi, L61|249\/249 par\n|\n|upkeep\n|turn|22\n|\n|t:|1637331492\n|move|p2a: Persian|Body Slam|p1a: Celebi\n|-damage|p1a: Celebi|176\/249 par\n|cant|p1a: Celebi|par\n|\n|-heal|p1a: Celebi|191\/249 par|[from] item: Leftovers\n|upkeep\n|turn|23\n|\n|t:|1637331498\n|move|p2a: Persian|Body Slam|p1a: Celebi\n|-damage|p1a: Celebi|121\/249 par\n|move|p1a: Celebi|Heal Bell|p1a: Celebi\n|-cureteam|p1a: Celebi|[from] move: Heal Bell\n|\n|-heal|p1a: Celebi|136\/249|[from] item: Leftovers\n|upkeep\n|turn|24\n|\n|t:|1637331505\n|move|p2a: Persian|Body Slam|p1a: Celebi\n|-damage|p1a: Celebi|67\/249\n|move|p1a: Celebi|Recover|p1a: Celebi\n|-heal|p1a: Celebi|192\/249\n|\n|-heal|p1a: Celebi|207\/249|[from] item: Leftovers\n|upkeep\n|turn|25\n|\n|t:|1637331513\n|switch|p2a: Dragonite|Dragonite, L67, M|250\/250\n|move|p1a: Celebi|Psychic|p2a: Dragonite\n|-damage|p2a: Dragonite|191\/250\n|\n|-heal|p1a: Celebi|222\/249|[from] item: Leftovers\n|upkeep\n|turn|26\n|\n|t:|1637331520\n|move|p1a: Celebi|Psychic|p2a: Dragonite\n|-damage|p2a: Dragonite|134\/250\n|move|p2a: Dragonite|Ice Beam|p1a: Celebi\n|-supereffective|p1a: Celebi\n|-damage|p1a: Celebi|103\/249\n|\n|-heal|p1a: Celebi|118\/249|[from] item: Leftovers\n|upkeep\n|turn|27\n|\n|t:|1637331527\n|move|p1a: Celebi|Recover|p1a: Celebi\n|-heal|p1a: Celebi|243\/249\n|move|p2a: Dragonite|Thunder|p1a: Celebi\n|-resisted|p1a: Celebi\n|-damage|p1a: Celebi|206\/249\n|-status|p1a: Celebi|par\n|\n|-heal|p1a: Celebi|221\/249 par|[from] item: Leftovers\n|upkeep\n|turn|28\n|\n|t:|1637331536\n|switch|p1a: Electrode|Electrode, L69|225\/225\n|move|p2a: Dragonite|Ice Beam|p1a: Electrode\n|-damage|p1a: Electrode|168\/225\n|\n|-heal|p1a: Electrode|182\/225|[from] item: Leftovers\n|upkeep\n|turn|29\n|\n|t:|1637331548\n|switch|p1a: Magmar|Magmar, L73, M|87\/245\n|switch|p2a: Ampharos|Ampharos, L69, M|260\/267\n|\n|-heal|p1a: Magmar|102\/245|[from] item: Leftovers\n|-heal|p2a: Ampharos|267\/267|[from] item: Leftovers\n|upkeep\n|turn|30\n|\n|t:|1637331560\n|move|p1a: Magmar|Fire Blast|p2a: Ampharos\n|-damage|p2a: Ampharos|149\/267\n|move|p2a: Ampharos|Thunderbolt|p1a: Magmar\n|-damage|p1a: Magmar|14\/245\n|\n|-heal|p1a: Magmar|29\/245|[from] item: Leftovers\n|-heal|p2a: Ampharos|165\/267|[from] item: Leftovers\n|upkeep\n|turn|31\n|\n|t:|1637331574\n|move|p1a: Magmar|Fire Blast|p2a: Ampharos\n|-damage|p2a: Ampharos|41\/267\n|move|p2a: Ampharos|Thunderbolt|p1a: Magmar\n|-damage|p1a: Magmar|0 fnt\n|faint|p1a: Magmar\n|\n|t:|1637331580\n|switch|p1a: Celebi|Celebi, L61|221\/249 par\n|\n|-heal|p2a: Ampharos|57\/267|[from] item: Leftovers\n|-heal|p1a: Celebi|236\/249 par|[from] item: Leftovers\n|upkeep\n|turn|32\n|j| uffm\n|\n|t:|1637331585\n|move|p2a: Ampharos|Rest|p2a: Ampharos\n|-status|p2a: Ampharos|slp|[from] move: Rest\n|-heal|p2a: Ampharos|267\/267 slp|[silent]\n|move|p1a: Celebi|Psychic|p2a: Ampharos\n|-crit|p2a: Ampharos\n|-damage|p2a: Ampharos|150\/267 slp\n|-unboost|p2a: Ampharos|spd|1\n|\n|-heal|p2a: Ampharos|166\/267 slp|[from] item: Leftovers\n|-heal|p1a: Celebi|249\/249 par|[from] item: Leftovers\n|upkeep\n|turn|33\n|\n|t:|1637331601\n|switch|p2a: Dragonite|Dragonite, L67, M|134\/250\n|cant|p1a: Celebi|par\n|\n|upkeep\n|turn|34\n|\n|t:|1637331607\n|switch|p1a: Electrode|Electrode, L69|182\/225\n|move|p2a: Dragonite|Ice Beam|p1a: Electrode\n|-damage|p1a: Electrode|127\/225\n|\n|-heal|p1a: Electrode|141\/225|[from] item: Leftovers\n|upkeep\n|turn|35\n|\n|t:|1637331617\n|switch|p2a: Ampharos|Ampharos, L69, M|166\/267 slp\n|move|p1a: Electrode|Hidden Power|p2a: Ampharos\n|-damage|p2a: Ampharos|130\/267 slp\n|\n|-heal|p1a: Electrode|155\/225|[from] item: Leftovers\n|-heal|p2a: Ampharos|146\/267 slp|[from] item: Leftovers\n|upkeep\n|turn|36\n|\n|t:|1637331626\n|switch|p1a: Celebi|Celebi, L61|249\/249 par\n|cant|p2a: Ampharos|slp\n|move|p2a: Ampharos|Sleep Talk|p2a: Ampharos\n|move|p2a: Ampharos|Rest|p2a: Ampharos|[from]Sleep Talk\n|-status|p2a: Ampharos|slp|[from] move: Rest\n|-heal|p2a: Ampharos|267\/267 slp|[silent]\n|\n|upkeep\n|turn|37\n|c|\u2606swordsman.n|\u597d\u795e\u5947\n|c|\u2606yuudachi0811\u5915\u7acb|\u662f\u8fd9\u6837\n|c|\u2606yuudachi0811\u5915\u7acb|\u4e8c\u4ee3\u7279\u8272\n|\n|t:|1637331655\n|switch|p2a: Dragonite|Dragonite, L67, M|134\/250\n|move|p1a: Celebi|Psychic|p2a: Dragonite\n|-damage|p2a: Dragonite|70\/250\n|\n|upkeep\n|turn|38\n|c| peyko|\u597d\u53d7\n|\n|t:|1637331667\n|switch|p1a: Electrode|Electrode, L69|155\/225\n|move|p2a: Dragonite|Rest|p2a: Dragonite\n|-status|p2a: Dragonite|slp|[from] move: Rest\n|-heal|p2a: Dragonite|250\/250 slp|[silent]\n|-enditem|p2a: Dragonite|Mint Berry|[eat]\n|-curestatus|p2a: Dragonite|slp|[msg]\n|\n|-heal|p1a: Electrode|169\/225|[from] item: Leftovers\n|upkeep\n|turn|39\n|\n|t:|1637331681\n|switch|p1a: Celebi|Celebi, L61|249\/249 par\n|switch|p2a: Persian|Persian, L73, M|245\/245\n|\n|upkeep\n|turn|40\n|c| peyko|\u8be5\u4f7f\u7528\u9970\u62f3\u4e86\n|\n|t:|1637331686\n|switch|p2a: Dragonite|Dragonite, L67, M|250\/250\n|move|p1a: Celebi|Psychic|p2a: Dragonite\n|-damage|p2a: Dragonite|186\/250\n|-unboost|p2a: Dragonite|spd|1\n|\n|upkeep\n|turn|41\n|\n|t:|1637331692\n|move|p2a: Dragonite|Ice Beam|p1a: Celebi\n|-supereffective|p1a: Celebi\n|-damage|p1a: Celebi|146\/249 par\n|move|p1a: Celebi|Psychic|p2a: Dragonite\n|-damage|p2a: Dragonite|102\/250\n|-unboost|p2a: Dragonite|spd|1\n|\n|-heal|p1a: Celebi|161\/249 par|[from] item: Leftovers\n|upkeep\n|turn|42\n|\n|t:|1637331700\n|switch|p1a: Electrode|Electrode, L69|169\/225\n|move|p2a: Dragonite|Ice Beam|p1a: Electrode\n|-damage|p1a: Electrode|111\/225\n|\n|-heal|p1a: Electrode|125\/225|[from] item: Leftovers\n|upkeep\n|turn|43\n|\n|t:|1637331714\n|switch|p2a: Persian|Persian, L73, M|245\/245\n|move|p1a: Electrode|Thunderbolt|p2a: Persian\n|-crit|p2a: Persian\n|-damage|p2a: Persian|67\/245\n|\n|-heal|p1a: Electrode|139\/225|[from] item: Leftovers\n|upkeep\n|turn|44\n|\n|t:|1637331725\n|switch|p2a: Ampharos|Ampharos, L69, M|267\/267 slp\n|move|p1a: Electrode|Thunderbolt|p2a: Ampharos\n|-resisted|p2a: Ampharos\n|-damage|p2a: Ampharos|229\/267 slp\n|\n|-heal|p1a: Electrode|153\/225|[from] item: Leftovers\n|-heal|p2a: Ampharos|245\/267 slp|[from] item: Leftovers\n|upkeep\n|turn|45\n|\n|t:|1637331736\n|switch|p1a: Celebi|Celebi, L61|161\/249 par\n|cant|p2a: Ampharos|slp\n|move|p2a: Ampharos|Sleep Talk|p2a: Ampharos\n|move|p2a: Ampharos|Thunderbolt|p1a: Celebi|[from]Sleep Talk\n|-resisted|p1a: Celebi\n|-damage|p1a: Celebi|116\/249 par\n|\n|-heal|p2a: Ampharos|261\/267 slp|[from] item: Leftovers\n|-heal|p1a: Celebi|131\/249 par|[from] item: Leftovers\n|upkeep\n|turn|46\n|\n|t:|1637331745\n|switch|p2a: Dragonite|Dragonite, L67, M|102\/250\n|cant|p1a: Celebi|par\n|\n|-heal|p1a: Celebi|146\/249 par|[from] item: Leftovers\n|upkeep\n|turn|47\n|\n|t:|1637331751\n|switch|p1a: Electrode|Electrode, L69|153\/225\n|move|p2a: Dragonite|Hidden Power|p1a: Electrode\n|-resisted|p1a: Electrode\n|-damage|p1a: Electrode|112\/225\n|\n|-heal|p1a: Electrode|126\/225|[from] item: Leftovers\n|upkeep\n|turn|48\n|c|\u2606yuudachi0811\u5915\u7acb|\u89c9\u5565\u554a\u8fd9\u662f\n|\n|t:|1637331792\n|switch|p2a: Ampharos|Ampharos, L69, M|261\/267 slp\n|move|p1a: Electrode|Thunderbolt|p2a: Ampharos\n|-resisted|p2a: Ampharos\n|-damage|p2a: Ampharos|226\/267 slp\n|\n|-heal|p1a: Electrode|140\/225|[from] item: Leftovers\n|-heal|p2a: Ampharos|242\/267 slp|[from] item: Leftovers\n|upkeep\n|turn|49\n|\n|t:|1637331799\n|switch|p1a: Celebi|Celebi, L61|146\/249 par\n|cant|p2a: Ampharos|slp\n|move|p2a: Ampharos|Sleep Talk|p2a: Ampharos\n|move|p2a: Ampharos|Thunder Wave|p1a: Celebi|[from]Sleep Talk\n|-fail|p1a: Celebi|par\n|\n|-heal|p2a: Ampharos|258\/267 slp|[from] item: Leftovers\n|-heal|p1a: Celebi|161\/249 par|[from] item: Leftovers\n|upkeep\n|turn|50\n|\n|t:|1637331812\n|-curestatus|p2a: Ampharos|slp|[msg]\n|move|p2a: Ampharos|Thunderbolt|p1a: Celebi\n|-resisted|p1a: Celebi\n|-damage|p1a: Celebi|110\/249 par\n|move|p1a: Celebi|Heal Bell|p1a: Celebi\n|-cureteam|p1a: Celebi|[from] move: Heal Bell\n|\n|-heal|p1a: Celebi|125\/249|[from] item: Leftovers\n|-heal|p2a: Ampharos|267\/267|[from] item: Leftovers\n|upkeep\n|turn|51\n|c| peyko|\u7535\uff1f\n|\n|t:|1637331821\n|move|p1a: Celebi|Recover|p1a: Celebi\n|-heal|p1a: Celebi|249\/249\n|move|p2a: Ampharos|Thunder Wave|p1a: Celebi\n|-status|p1a: Celebi|par\n|\n|upkeep\n|turn|52\n|c|\u2606yuudachi0811\u5915\u7acb|\u6253\u96f7\u89c9\u7535\n|\n|t:|1637331828\n|move|p2a: Ampharos|Thunderbolt|p1a: Celebi\n|-resisted|p1a: Celebi\n|-damage|p1a: Celebi|199\/249 par\n|move|p1a: Celebi|Psychic|p2a: Ampharos\n|-damage|p2a: Ampharos|206\/267\n|\n|-heal|p2a: Ampharos|222\/267|[from] item: Leftovers\n|-heal|p1a: Celebi|214\/249 par|[from] item: Leftovers\n|upkeep\n|turn|53\n|c| peyko|\u300arb\u300b\n|\n|t:|1637331846\n|move|p2a: Ampharos|Thunderbolt|p1a: Celebi\n|-resisted|p1a: Celebi\n|-damage|p1a: Celebi|167\/249 par\n|move|p1a: Celebi|Psychic|p2a: Ampharos\n|-damage|p2a: Ampharos|159\/267\n|\n|-heal|p2a: Ampharos|175\/267|[from] item: Leftovers\n|-heal|p1a: Celebi|182\/249 par|[from] item: Leftovers\n|upkeep\n|turn|54\n|\n|t:|1637331854\n|move|p2a: Ampharos|Thunderbolt|p1a: Celebi\n|-resisted|p1a: Celebi\n|-damage|p1a: Celebi|137\/249 par\n|move|p1a: Celebi|Psychic|p2a: Ampharos\n|-damage|p2a: Ampharos|108\/267\n|\n|-heal|p2a: Ampharos|124\/267|[from] item: Leftovers\n|-heal|p1a: Celebi|152\/249 par|[from] item: Leftovers\n|upkeep\n|turn|55\n|\n|t:|1637331865\n|move|p2a: Ampharos|Thunderbolt|p1a: Celebi\n|-crit|p1a: Celebi\n|-resisted|p1a: Celebi\n|-damage|p1a: Celebi|64\/249 par\n|move|p1a: Celebi|Giga Drain|p2a: Ampharos\n|-damage|p2a: Ampharos|84\/267\n|-heal|p1a: Celebi|84\/249 par|[from] drain|[of] p2a: Ampharos\n|\n|-heal|p2a: Ampharos|100\/267|[from] item: Leftovers\n|-heal|p1a: Celebi|99\/249 par|[from] item: Leftovers\n|upkeep\n|turn|56\n|\n|t:|1637331875\n|move|p2a: Ampharos|Thunderbolt|p1a: Celebi\n|-resisted|p1a: Celebi\n|-damage|p1a: Celebi|52\/249 par\n|move|p1a: Celebi|Recover|p1a: Celebi\n|-heal|p1a: Celebi|177\/249 par\n|\n|-heal|p2a: Ampharos|116\/267|[from] item: Leftovers\n|-heal|p1a: Celebi|192\/249 par|[from] item: Leftovers\n|upkeep\n|turn|57\n|\n|t:|1637331887\n|move|p2a: Ampharos|Rest|p2a: Ampharos\n|-status|p2a: Ampharos|slp|[from] move: Rest\n|-heal|p2a: Ampharos|267\/267 slp|[silent]\n|move|p1a: Celebi|Giga Drain|p2a: Ampharos\n|-damage|p2a: Ampharos|222\/267 slp\n|-heal|p1a: Celebi|214\/249 par|[from] drain|[of] p2a: Ampharos\n|\n|-heal|p2a: Ampharos|238\/267 slp|[from] item: Leftovers\n|-heal|p1a: Celebi|229\/249 par|[from] item: Leftovers\n|upkeep\n|turn|58\n|\n|t:|1637331896\n|switch|p1a: Scizor|Scizor, L67, M|178\/233\n|cant|p2a: Ampharos|slp\n|move|p2a: Ampharos|Sleep Talk|p2a: Ampharos\n|move|p2a: Ampharos|Rest|p2a: Ampharos|[from]Sleep Talk\n|-status|p2a: Ampharos|slp|[from] move: Rest\n|-heal|p2a: Ampharos|267\/267 slp|[silent]\n|\n|-heal|p1a: Scizor|192\/233|[from] item: Leftovers\n|upkeep\n|turn|59\n|\n|t:|1637331907\n|move|p1a: Scizor|Return|p2a: Ampharos\n|-damage|p2a: Ampharos|186\/267 slp\n|cant|p2a: Ampharos|slp\n|move|p2a: Ampharos|Sleep Talk|p2a: Ampharos\n|move|p2a: Ampharos|Rest|p2a: Ampharos|[from]Sleep Talk\n|-status|p2a: Ampharos|slp|[from] move: Rest\n|-heal|p2a: Ampharos|267\/267 slp|[silent]\n|\n|-heal|p1a: Scizor|206\/233|[from] item: Leftovers\n|upkeep\n|turn|60\n|\n|t:|1637331917\n|move|p1a: Scizor|Return|p2a: Ampharos\n|-damage|p2a: Ampharos|187\/267 slp\n|cant|p2a: Ampharos|slp\n|move|p2a: Ampharos|Sleep Talk|p2a: Ampharos\n|move|p2a: Ampharos|Thunderbolt|p1a: Scizor|[from]Sleep Talk\n|-damage|p1a: Scizor|106\/233\n|\n|-heal|p1a: Scizor|120\/233|[from] item: Leftovers\n|-heal|p2a: Ampharos|203\/267 slp|[from] item: Leftovers\n|upkeep\n|turn|61\n|\n|t:|1637331934\n|move|p1a: Scizor|Hidden Power|p2a: Ampharos\n|-damage|p2a: Ampharos|122\/267 slp\n|cant|p2a: Ampharos|slp\n|move|p2a: Ampharos|Sleep Talk|p2a: Ampharos\n|move|p2a: Ampharos|Thunderbolt|p1a: Scizor|[from]Sleep Talk\n|-damage|p1a: Scizor|20\/233\n|\n|-heal|p1a: Scizor|34\/233|[from] item: Leftovers\n|-heal|p2a: Ampharos|138\/267 slp|[from] item: Leftovers\n|upkeep\n|turn|62\n|\n|t:|1637331958\n|move|p1a: Scizor|Baton Pass|p1a: Scizor\n|\n|t:|1637331960\n|switch|p1a: Celebi|Celebi, L61|229\/249 par\n|-curestatus|p2a: Ampharos|slp|[msg]\n|move|p2a: Ampharos|Sleep Talk|p2a: Ampharos\n|\n|-heal|p2a: Ampharos|154\/267|[from] item: Leftovers\n|-heal|p1a: Celebi|244\/249 par|[from] item: Leftovers\n|upkeep\n|turn|63\n|c|\u2606yuudachi0811\u5915\u7acb|\u5bf9\u624b\u7684\u7535\u9f99\u4f7f\u7528\u4e86\u68a6\u8bdd!\n|\n|t:|1637331980\n|move|p2a: Ampharos|Thunderbolt|p1a: Celebi\n|-resisted|p1a: Celebi\n|-damage|p1a: Celebi|195\/249 par\n|cant|p1a: Celebi|par\n|\n|-heal|p2a: Ampharos|170\/267|[from] item: Leftovers\n|-heal|p1a: Celebi|210\/249 par|[from] item: Leftovers\n|upkeep\n|turn|64\n|\n|t:|1637331989\n|move|p2a: Ampharos|Thunderbolt|p1a: Celebi\n|-resisted|p1a: Celebi\n|-damage|p1a: Celebi|160\/249 par\n|move|p1a: Celebi|Recover|p1a: Celebi\n|-heal|p1a: Celebi|249\/249 par\n|\n|-heal|p2a: Ampharos|186\/267|[from] item: Leftovers\n|upkeep\n|turn|65\n|\n|t:|1637331996\n|switch|p2a: Dragonite|Dragonite, L67, M|102\/250\n|move|p1a: Celebi|Recover|p1a: Celebi\n|-fail|p1a: Celebi\n|\n|upkeep\n|turn|66\n|\n|t:|1637332007\n|switch|p1a: Electrode|Electrode, L69|140\/225\n|move|p2a: Dragonite|Ice Beam|p1a: Electrode\n|-damage|p1a: Electrode|85\/225\n|\n|-heal|p1a: Electrode|99\/225|[from] item: Leftovers\n|upkeep\n|turn|67\n|\n|t:|1637332017\n|switch|p1a: Scizor|Scizor, L67, M|34\/233\n|switch|p2a: Tyranitar|Tyranitar, L65, M|265\/265\n|\n|-heal|p1a: Scizor|48\/233|[from] item: Leftovers\n|upkeep\n|turn|68\n|\n|t:|1637332027\n|move|p1a: Scizor|Hidden Power|p2a: Tyranitar\n|-supereffective|p2a: Tyranitar\n|-damage|p2a: Tyranitar|148\/265\n|move|p2a: Tyranitar|Rock Slide|p1a: Scizor\n|-damage|p1a: Scizor|0 fnt\n|faint|p1a: Scizor\n|\n|t:|1637332034\n|switch|p1a: Celebi|Celebi, L61|249\/249 par\n|\n|upkeep\n|turn|69\n|\n|t:|1637332043\n|switch|p2a: Dragonite|Dragonite, L67, M|102\/250\n|cant|p1a: Celebi|par\n|\n|upkeep\n|turn|70\n|\n|t:|1637332049\n|move|p2a: Dragonite|Ice Beam|p1a: Celebi\n|-supereffective|p1a: Celebi\n|-damage|p1a: Celebi|139\/249 par\n|cant|p1a: Celebi|par\n|\n|-heal|p1a: Celebi|154\/249 par|[from] item: Leftovers\n|upkeep\n|turn|71\n|\n|t:|1637332055\n|move|p2a: Dragonite|Hidden Power|p1a: Celebi\n|-supereffective|p1a: Celebi\n|-damage|p1a: Celebi|0 fnt\n|faint|p1a: Celebi\n|\n|t:|1637332059\n|switch|p1a: Electrode|Electrode, L69|99\/225\n|\n|-heal|p1a: Electrode|113\/225|[from] item: Leftovers\n|upkeep\n|turn|72\n|c|\u2606swordsman.n|g\n|\n|t:|1637332070\n|move|p1a: Electrode|Hidden Power|p2a: Dragonite\n|-supereffective|p2a: Dragonite\n|-damage|p2a: Dragonite|0 fnt\n|faint|p2a: Dragonite\n|\n|t:|1637332079\n|switch|p2a: Ampharos|Ampharos, L69, M|186\/267\n|\n|-heal|p1a: Electrode|127\/225|[from] item: Leftovers\n|-heal|p2a: Ampharos|202\/267|[from] item: Leftovers\n|upkeep\n|turn|73\n|c|\u2606yuudachi0811\u5915\u7acb|g\n|\n|t:|1637332086\n|move|p1a: Electrode|Hidden Power|p2a: Ampharos\n|-damage|p2a: Ampharos|164\/267\n|move|p2a: Ampharos|Thunder Wave|p1a: Electrode\n|-status|p1a: Electrode|par\n|\n|-heal|p2a: Ampharos|180\/267|[from] item: Leftovers\n|-heal|p1a: Electrode|141\/225 par|[from] item: Leftovers\n|upkeep\n|turn|74\n|\n|t:|1637332095\n|move|p2a: Ampharos|Thunderbolt|p1a: Electrode\n|-resisted|p1a: Electrode\n|-damage|p1a: Electrode|88\/225 par\n|move|p1a: Electrode|Hidden Power|p2a: Ampharos\n|-damage|p2a: Ampharos|143\/267\n|\n|-heal|p2a: Ampharos|159\/267|[from] item: Leftovers\n|-heal|p1a: Electrode|102\/225 par|[from] item: Leftovers\n|upkeep\n|turn|75\n|\n|t:|1637332103\n|move|p2a: Ampharos|Thunderbolt|p1a: Electrode\n|-resisted|p1a: Electrode\n|-damage|p1a: Electrode|54\/225 par\n|move|p1a: Electrode|Hidden Power|p2a: Ampharos\n|-damage|p2a: Ampharos|122\/267\n|\n|-heal|p2a: Ampharos|138\/267|[from] item: Leftovers\n|-heal|p1a: Electrode|68\/225 par|[from] item: Leftovers\n|upkeep\n|turn|76\n|\n|t:|1637332111\n|move|p2a: Ampharos|Thunderbolt|p1a: Electrode\n|-resisted|p1a: Electrode\n|-damage|p1a: Electrode|20\/225 par\n|move|p1a: Electrode|Explosion|p2a: Ampharos\n|-damage|p2a: Ampharos|0 fnt\n|faint|p1a: Electrode\n|faint|p2a: Ampharos\n|\n|win|swordsman.n\n","inputlog":">version 5f9d7c5fd7d7784ad2f0d0f4b61ea6e75791baaf\n>version-origin 3918ebd609a2bd57e0326bf76fca79306b37a61f\n>start {\"formatid\":\"gen2randombattle\",\"seed\":[50841,35663,28280,21945]}\n>player p1 {\"name\":\"yuudachi0811\u5915\u7acb\",\"avatar\":\"170\",\"rating\":0,\"seed\":[24634,45154,60473,15044]}\n>player p2 {\"name\":\"swordsman.n\",\"avatar\":\"249\",\"rating\":0,\"seed\":[55296,24636,41602,47702]}\n>p1 switch 3\n>p2 move thunderwave\n>chat \u2606swordsman.n|\u6211\u67e5\u70b9\u770b\u4e0d\u61c2\u7684\u4e1c\u897f\n>chat  peyko|\u5f00\u5e55\u96f7\u51fb\uff08\u7269\u7406\uff09\n>chat \u2606yuudachi0811\u5915\u7acb|1\n>p1 move psychic\n>p2 switch 5\n>chat  peyko|\u8bdd\u8bf4\u4e3a\u5565\u7535\u9f99\u5148\u51fa\u624b\n>chat \u2606swordsman.n|\u4ed6\u6362\u4eba\u554a\n>p1 switch 6\n>p2 move fireblast\n>chat \u2606yuudachi0811\u5915\u7acb|\u4ed6\u6362\u4eba\u554a\n>chat  peyko|\u54e6\u54e6\n>p1 move thief\n>p2 move earthquake\n>p1 switch 4\n>p2 move earthquake\n>chat \u2606yuudachi0811\u5915\u7acb|\u6211\u6321\u4e0d\u4f4f\u8fd9\u73a9\u610f\n>p1 move thunder\n>p2 switch 4\n>p1 switch 2\n>p2 move earthquake\n>p1 move agility\n>p2 switch 4\n>p1 move batonpass\n>p2 move fireblast\n>p1 switch 2\n>p1 move explosion\n>p2 switch 4\n>chat \u2606swordsman.n|\u679c\u7136\n>p1 switch 5\n>p2 switch 5\n>p1 switch 6\n>p2 move thunderwave\n>p1 move psychic\n>p2 switch 4\n>p1 switch 3\n>p2 move earthquake\n>p1 move rest\n>p2 switch 4\n>p1 switch 3\n>p2 switch 4\n>p1 switch 3\n>p2 move earthquake\n>chat \u2606yuudachi0811\u5915\u7acb|\u6211\u7239\u68a6\u8bdd\u6551\u6211\uff01\n>chat \u2606swordsman.n|\u8c01\u7ed9\u6211\u79d1\u666e\u4e0bg2\u7684\u7761\u7720\n>p1 move sleeptalk\n>p2 switch 4\n>chat \u2606yuudachi0811\u5915\u7acb|\u68a6\u8bddROLL\u5230\u7761\u89c9\u53ef\u4ee5\u7ee7\u7eed\u7761\n>p1 switch 3\n>p2 switch 4\n>p1 switch 3\n>p2 move earthquake\n>p1 move sleeptalk\n>p2 move earthquake\n>chat \u2606swordsman.n|\u574f\u4e86\n>chat \u2606yuudachi0811\u5915\u7acb|\u574f\u4e86\n>p2 switch 6\n>p1 move rest\n>p2 move thunder\n>p1 switch 3\n>p1 move healbell\n>p2 move bodyslam\n>p1 move healbell\n>p2 move bodyslam\n>p1 move recover\n>p2 move bodyslam\n>p1 move psychic\n>p2 switch 3\n>p1 move psychic\n>p2 move icebeam\n>p1 move recover\n>p2 move thunder\n>p1 switch 6\n>p2 move icebeam\n>p1 switch 4\n>p2 switch 4\n>p1 move fireblast\n>p2 move thunderbolt\n>p1 move fireblast\n>p2 move thunderbolt\n>p1 switch 6\n>p1 move psychic\n>p2 move rest\n>p1 move healbell\n>p2 switch 4\n>p1 switch 4\n>p2 move icebeam\n>p1 move hiddenpower\n>p2 switch 4\n>p1 switch 4\n>p2 move sleeptalk\n>chat \u2606swordsman.n|\u597d\u795e\u5947\n>chat \u2606yuudachi0811\u5915\u7acb|\u662f\u8fd9\u6837\n>chat \u2606yuudachi0811\u5915\u7acb|\u4e8c\u4ee3\u7279\u8272\n>p1 move psychic\n>p2 switch 4\n>chat  peyko|\u597d\u53d7\n>p1 switch 4\n>p2 move rest\n>p1 switch 4\n>p2 switch 3\n>chat  peyko|\u8be5\u4f7f\u7528\u9970\u62f3\u4e86\n>p1 move psychic\n>p2 switch 3\n>p1 move psychic\n>p2 move icebeam\n>p1 switch 4\n>p2 move icebeam\n>p1 move thunderbolt\n>p2 switch 3\n>p1 move thunderbolt\n>p2 switch 4\n>p1 switch 4\n>p2 move sleeptalk\n>p1 move healbell\n>p2 switch 3\n>p1 switch 4\n>p2 move hiddenpower\n>chat \u2606yuudachi0811\u5915\u7acb|\u89c9\u5565\u554a\u8fd9\u662f\n>p1 move thunderbolt\n>p2 switch 3\n>p1 switch 4\n>p2 move sleeptalk\n>p1 move healbell\n>p2 move thunderbolt\n>chat  peyko|\u7535\uff1f\n>p1 move recover\n>p2 move thunderwave\n>chat \u2606yuudachi0811\u5915\u7acb|\u6253\u96f7\u89c9\u7535\n>p1 move psychic\n>p2 move thunderbolt\n>chat  peyko|\u300arb\u300b\n>p1 move psychic\n>p2 move thunderbolt\n>p1 move psychic\n>p2 move thunderbolt\n>p1 move gigadrain\n>p2 move thunderbolt\n>p1 move recover\n>p2 move thunderbolt\n>p1 move gigadrain\n>p2 move rest\n>p1 switch 2\n>p2 move sleeptalk\n>p1 move return\n>p2 move sleeptalk\n>p1 move return\n>p2 move sleeptalk\n>p1 move hiddenpower\n>p2 move sleeptalk\n>p1 move batonpass\n>p2 move sleeptalk\n>p1 switch 2\n>chat \u2606yuudachi0811\u5915\u7acb|\u5bf9\u624b\u7684\u7535\u9f99\u4f7f\u7528\u4e86\u68a6\u8bdd!\n>p1 move recover\n>p2 move thunderbolt\n>p1 move recover\n>p2 move thunderbolt\n>p1 move recover\n>p2 switch 3\n>p1 switch 4\n>p2 move icebeam\n>p1 switch 2\n>p2 switch 2\n>p1 move hiddenpower\n>p2 move rockslide\n>p1 switch 4\n>p1 move healbell\n>p2 switch 2\n>p1 move healbell\n>p2 move icebeam\n>p1 move healbell\n>p2 move hiddenpower\n>p1 switch 2\n>chat \u2606swordsman.n|g\n>p1 move hiddenpower\n>p2 move icebeam\n>p2 switch 3\n>chat \u2606yuudachi0811\u5915\u7acb|g\n>p1 move hiddenpower\n>p2 move thunderwave\n>p1 move hiddenpower\n>p2 move thunderbolt\n>p1 move hiddenpower\n>p2 move thunderbolt\n>p1 move explosion\n>p2 move thunderbolt","uploadtime":1637332120,"views":2,"p1id":"yuudachi0811","p2id":"swordsmann","formatid":"gen2randombattle","rating":0,"private":0,"password":null}