{"id":"china-gen8freeforallrandombattle-399351","p1":"lunan0713","p2":"Swordsman.N","format":"gen8freeforallrandombattle","log":"|uhtml|invites|<div class=\"broadcast broadcast-blue\"><strong>This is a 4-player challenge battle<\/strong><br \/>The players will need to add more players before the battle can start.<\/div>\n|j|\u2606lunan0713\n|j|\u2606Swordsman.N\n|t:|1617711350\n|gametype|freeforall\n|player|p1|lunan0713|juan|\n|player|p2|Swordsman.N|249|\n||Invite sent to Zinc98!\n|j| Zinc98\n|n|\u2606Zinc98|zinc98\n|n|\u2606Zinc98|zinc98\n|player|p3|Zinc98|211\n|player|p3|Zinc98|211|\n||Invite sent to pekyo!\n|j| pekyo\n|n|\u2606pekyo|pekyo\n|n|\u2606pekyo|pekyo\n|player|p4|pekyo|blackbelt-gen4dp\n|uhtmlchange|invites|\n|player|p4|pekyo|blackbelt-gen4dp|\n|teamsize|p1|6\n|teamsize|p2|6\n|teamsize|p3|6\n|teamsize|p4|6\n|gen|8\n|tier|[Gen 8] Free-For-All Random Battle\n|rule|Species Clause: Limit one of each Pok\u00e9mon\n|rule|HP Percentage Mod: HP is shown in percentages\n|rule|Sleep Clause Mod: Limit one foe put to sleep\n|\n|t:|1617711391\n|start\n|switch|p1a: Braviary|Braviary, L82, M|298\/298\n|switch|p2a: Mudsdale|Mudsdale, L86, M|312\/312\n|switch|p3b: Wailord|Wailord, L88, F|442\/442\n|switch|p4b: Landorus|Landorus, L80, M|274\/274\n|turn|1\n|\n|t:|1617711410\n|move|p4b: Landorus|Protect|p4b: Landorus\n|-singleturn|p4b: Landorus|Protect\n|move|p1a: Braviary|Protect|p1a: Braviary\n|-singleturn|p1a: Braviary|Protect\n|move|p2a: Mudsdale|Protect|p2a: Mudsdale\n|-singleturn|p2a: Mudsdale|Protect\n|move|p3b: Wailord|Water Spout|p1a: Braviary|[spread] \n|-activate|p1a: Braviary|move: Protect\n|-activate|p2a: Mudsdale|move: Protect\n|-activate|p4b: Landorus|move: Protect\n|\n|upkeep\n|turn|2\n|c|\u2606lunan0713|\u597d \u6211\u6709\u4e2a\u65e0\u654c\u7684\u4e1c\u897f\n|\n|t:|1617711436\n|switch|p4b: Goodra|Goodra, L86, M|295\/295\n|switch|p2a: Lapras|Lapras, L84, M|355\/355\n|move|p3b: Wailord|Water Spout|p4b: Goodra|[spread] p1a,p4b\n|-immune|p2a: Lapras|[from] ability: Water Absorb\n|-resisted|p4b: Goodra\n|-damage|p1a: Braviary|208\/298\n|-damage|p4b: Goodra|268\/295\n|move|p1a: Braviary|Brave Bird|p3b: Wailord\n|-damage|p3b: Wailord|231\/442\n|-damage|p1a: Braviary|138\/298|[from] Recoil\n|-enditem|p1a: Braviary|Sitrus Berry|[eat]\n|-heal|p1a: Braviary|212\/298|[from] item: Sitrus Berry\n|\n|upkeep\n|turn|3\n|c|\u2606Zinc98|\u600e\u4e48\u56de\u4e8b\uff0c\u6211\u662f\u4e0d\u662f\u5632\u8bbd\u62c9\u6ee1\u4e86\n|c|\u2606pekyo|\u603b\u4e4b\u5148\u4fdd\u62a4\u4e00\u4e0b\n|\n|t:|1617711464\n|move|p3b: Wailord|Water Spout|p2a: Lapras|[spread] p1a,p4b\n|-immune|p2a: Lapras|[from] ability: Water Absorb\n|-resisted|p4b: Goodra\n|-damage|p1a: Braviary|167\/298\n|-damage|p4b: Goodra|255\/295\n|move|p4b: Goodra|Power Whip|p2a: Lapras\n|-supereffective|p2a: Lapras\n|-crit|p2a: Lapras\n|-damage|p2a: Lapras|83\/355\n|-enditem|p2a: Lapras|Sitrus Berry|[eat]\n|-heal|p2a: Lapras|171\/355|[from] item: Sitrus Berry\n|move|p1a: Braviary|Close Combat|p2a: Lapras\n|-supereffective|p2a: Lapras\n|-damage|p2a: Lapras|0 fnt\n|-unboost|p1a: Braviary|def|1\n|-unboost|p1a: Braviary|spd|1\n|faint|p2a: Lapras\n|\n|upkeep\n|c|\u2606Zinc98|\u4f46\u6211\u53ea\u662f\u522e\u75e7\u554a\n|\n|t:|1617711485\n|switch|p2a: Nihilego|Nihilego, L82, shiny|313\/313\n|turn|4\n|c|\u2606lunan0713|N\u805a\u2014\u2014\n|c|\u2606pekyo|\u62c9\u2014\u2014\u666e\u2014\u2014\u62c9\u2014\u2014\u65af\u2014\u2014\n|c|\u2606Swordsman.N|\u4f60\u4eec\n|\n|t:|1617711510\n|switch|p3b: Golurk|Golurk, L86|293\/293\n|move|p2a: Nihilego|Protect|p2a: Nihilego\n|-singleturn|p2a: Nihilego|Protect\n|move|p4b: Goodra|Protect|p4b: Goodra\n|-singleturn|p4b: Goodra|Protect\n|move|p1a: Braviary|Protect||[still]\n|-fail|p1a: Braviary\n|\n|upkeep\n|turn|5\n|j| July Leaves\n|l| July Leaves\n|\n|t:|1617711532\n|move|p1a: Braviary|Protect|p1a: Braviary\n|-singleturn|p1a: Braviary|Protect\n|move|p2a: Nihilego|Grass Knot|p3b: Golurk\n|-supereffective|p3b: Golurk\n|-damage|p3b: Golurk|149\/293\n|move|p4b: Goodra|Sludge Bomb|p1a: Braviary\n|-activate|p1a: Braviary|move: Protect\n|move|p3b: Golurk|Dynamic Punch|p4b: Goodra\n|-damage|p4b: Goodra|147\/295\n|-start|p4b: Goodra|confusion\n|-enditem|p4b: Goodra|Sitrus Berry|[eat]\n|-heal|p4b: Goodra|220\/295|[from] item: Sitrus Berry\n|\n|upkeep\n|turn|6\n|\n|t:|1617711558\n|switch|p2a: Mudsdale|Mudsdale, L86, M|312\/312\n|switch|p4b: Landorus|Landorus, L80, M|274\/274\n|switch|p1a: Passimian|Passimian, L86, F|312\/312\n|move|p3b: Golurk|High Horsepower|p2a: Mudsdale\n|-damage|p2a: Mudsdale|195\/312\n|-ability|p2a: Mudsdale|Stamina|boost\n|-boost|p2a: Mudsdale|def|1\n|\n|upkeep\n|turn|7\n|\n|t:|1617711590\n|move|p2a: Mudsdale|Protect|p2a: Mudsdale\n|-singleturn|p2a: Mudsdale|Protect\n|move|p1a: Passimian|Knock Off|p4b: Landorus\n|-damage|p4b: Landorus|183\/274\n|-enditem|p4b: Landorus|Life Orb|[from] move: Knock Off|[of] p1a: Passimian\n|move|p4b: Landorus|Psychic|p1a: Passimian\n|-supereffective|p1a: Passimian\n|-damage|p1a: Passimian|96\/312\n|move|p3b: Golurk|Ice Punch|p4b: Landorus\n|-supereffective|p4b: Landorus\n|-damage|p4b: Landorus|0 fnt\n|faint|p4b: Landorus\n|\n|upkeep\n|c|\u2606lunan0713|\u6211\u5c31\u77e5\u9053\u6709\u4eba\u8981\u5bb3\u6211\n|\n|t:|1617711614\n|switch|p4b: Goodra|Goodra, L86, M|220\/295\n|turn|8\n|\n|t:|1617711625\n|move|p4b: Goodra|Protect|p4b: Goodra\n|-singleturn|p4b: Goodra|Protect\n|move|p1a: Passimian|Knock Off|p2a: Mudsdale\n|-damage|p2a: Mudsdale|142\/312\n|-ability|p2a: Mudsdale|Stamina|boost\n|-boost|p2a: Mudsdale|def|1\n|-enditem|p2a: Mudsdale|Sitrus Berry|[from] move: Knock Off|[of] p1a: Passimian\n|move|p3b: Golurk|Dynamic Punch|p4b: Goodra\n|-activate|p4b: Goodra|move: Protect\n|move|p2a: Mudsdale|High Horsepower|p4b: Goodra\n|-activate|p4b: Goodra|move: Protect\n|\n|upkeep\n|turn|9\n|c|\u2606pekyo|\u6211\u5c31\u77e5\u9053\u6709\u4eba\u8981\u5bb3\u6211+1\n|\n|t:|1617711660\n|move|p1a: Passimian|Knock Off|p3b: Golurk\n|-supereffective|p3b: Golurk\n|-damage|p3b: Golurk|0 fnt\n|-enditem|p3b: Golurk|Assault Vest|[from] move: Knock Off|[of] p1a: Passimian\n|faint|p3b: Golurk\n|move|p4b: Goodra|Power Whip|p3: Golurk|[notarget]\n|-fail|p4b: Goodra\n|move|p2a: Mudsdale|High Horsepower|p4b: Goodra\n|-damage|p4b: Goodra|69\/295\n|\n|upkeep\n|\n|t:|1617711683\n|switch|p3b: Wailord|Wailord, L88, F|231\/442\n|turn|10\n|\n|t:|1617711693\n|move|p4b: Goodra|Protect|p4b: Goodra\n|-singleturn|p4b: Goodra|Protect\n|move|p2a: Mudsdale|Protect|p2a: Mudsdale\n|-singleturn|p2a: Mudsdale|Protect\n|move|p1a: Passimian|Knock Off|p4b: Goodra\n|-activate|p4b: Goodra|move: Protect\n|move|p3b: Wailord|Ice Beam|p2a: Mudsdale\n|-activate|p2a: Mudsdale|move: Protect\n|\n|upkeep\n|turn|11\n|\n|t:|1617711711\n|switch|p2a: Rotom|Rotom-Frost, L86|226\/226\n|move|p1a: Passimian|Knock Off|p4b: Goodra\n|-damage|p4b: Goodra|3\/295\n|move|p3b: Wailord|Ice Beam|p4b: Goodra\n|-supereffective|p4b: Goodra\n|-damage|p4b: Goodra|0 fnt\n|faint|p4b: Goodra\n|\n|upkeep\n|c|\u2606lunan0713|pika\u2014\u2014\n|\n|t:|1617711726\n|switch|p4b: Jolteon|Jolteon, L86, M|252\/252\n|turn|12\n|\n|t:|1617711735\n|move|p4b: Jolteon|Protect|p4b: Jolteon\n|-singleturn|p4b: Jolteon|Protect\n|move|p1a: Passimian|Knock Off|p2a: Rotom\n|-damage|p2a: Rotom|156\/226\n|-enditem|p2a: Rotom|Blunder Policy|[from] move: Knock Off|[of] p1a: Passimian\n|move|p3b: Wailord|Ice Beam|p1a: Passimian\n|-damage|p1a: Passimian|16\/312\n|move|p2a: Rotom|Nasty Plot|p2a: Rotom\n|-boost|p2a: Rotom|spa|2\n|\n|upkeep\n|turn|13\n|\n|t:|1617711752\n|switch|p1a: Magmortar|Magmortar, L88, M|275\/275\n|move|p4b: Jolteon|Thunderbolt|p3b: Wailord\n|-supereffective|p3b: Wailord\n|-damage|p3b: Wailord|0 fnt\n|faint|p3b: Wailord\n|move|p2a: Rotom|Blizzard|p1a: Magmortar|[spread] p4b\n|-miss|p2a: Rotom|p1a: Magmortar\n|-damage|p4b: Jolteon|135\/252\n|\n|upkeep\n|\n|t:|1617711772\n|switch|p3b: Mamoswine|Mamoswine, L84, M|322\/322\n|turn|14\n|\n|t:|1617711784\n|move|p4b: Jolteon|Protect|p4b: Jolteon\n|-singleturn|p4b: Jolteon|Protect\n|move|p2a: Rotom|Protect|p2a: Rotom\n|-singleturn|p2a: Rotom|Protect\n|move|p1a: Magmortar|Focus Blast|p3b: Mamoswine\n|-supereffective|p3b: Mamoswine\n|-damage|p3b: Mamoswine|0 fnt\n|-damage|p1a: Magmortar|248\/275|[from] item: Life Orb\n|faint|p3b: Mamoswine\n|\n|upkeep\n|\n|t:|1617711799\n|switch|p3b: Pelipper|Pelipper, L82, F|233\/233\n|-weather|RainDance|[from] ability: Drizzle|[of] p3b: Pelipper\n|turn|15\n|c|\u2606lunan0713|\u5636\n|c|\u2606Swordsman.N|\u4f60\u7535\u54ea\u4e2a(\n|\n|t:|1617711844\n|switch|p1a: Braviary|Braviary, L82, M|167\/298\n|move|p4b: Jolteon|Thunder Wave|p1a: Braviary\n|-status|p1a: Braviary|par\n|move|p2a: Rotom|Thunderbolt|p1a: Braviary\n|-supereffective|p1a: Braviary\n|-damage|p1a: Braviary|0 fnt\n|faint|p1a: Braviary\n|move|p3b: Pelipper|Tailwind|p3b: Pelipper\n|-sidestart|p3: Zinc98|move: Tailwind\n|\n|-weather|RainDance|[upkeep]\n|upkeep\n|c|\u2606Swordsman.N|\u602a\n|\n|t:|1617711865\n|switch|p1a: Passimian|Passimian, L86, F|16\/312\n|turn|16\n|\n|t:|1617711882\n|move|p2a: Rotom|Protect|p2a: Rotom\n|-singleturn|p2a: Rotom|Protect\n|move|p3b: Pelipper|Hydro Pump|p2a: Rotom\n|-activate|p2a: Rotom|move: Protect\n|move|p1a: Passimian|Rock Slide|p4b: Jolteon|[spread] p3b,p4b\n|-activate|p2a: Rotom|move: Protect\n|-supereffective|p3b: Pelipper\n|-damage|p3b: Pelipper|171\/233\n|-damage|p4b: Jolteon|95\/252\n|-enditem|p4b: Jolteon|Sitrus Berry|[eat]\n|-heal|p4b: Jolteon|158\/252|[from] item: Sitrus Berry\n|move|p4b: Jolteon|Thunderbolt|p3b: Pelipper\n|-supereffective|p3b: Pelipper\n|-damage|p3b: Pelipper|0 fnt\n|faint|p3b: Pelipper\n|\n|-weather|RainDance|[upkeep]\n|upkeep\n|\n|t:|1617711889\n|switch|p3b: Cresselia|Cresselia, L84, F|339\/339\n|turn|17\n|\n|t:|1617711906\n|move|p4b: Jolteon|Protect|p4b: Jolteon\n|-singleturn|p4b: Jolteon|Protect\n|move|p3b: Cresselia|Psychic|p2a: Rotom\n|-damage|p2a: Rotom|92\/226\n|move|p1a: Passimian|Rock Slide|p4b: Jolteon|[spread] p2a,p3b\n|-activate|p4b: Jolteon|move: Protect\n|-supereffective|p2a: Rotom\n|-damage|p2a: Rotom|42\/226\n|-damage|p3b: Cresselia|314\/339\n|move|p2a: Rotom|Thunderbolt|p3b: Cresselia\n|-damage|p3b: Cresselia|155\/339\n|-enditem|p3b: Cresselia|Sitrus Berry|[eat]\n|-heal|p3b: Cresselia|239\/339|[from] item: Sitrus Berry\n|\n|-weather|RainDance|[upkeep]\n|upkeep\n|turn|18\n|\n|t:|1617711924\n|move|p2a: Rotom|Protect|p2a: Rotom\n|-singleturn|p2a: Rotom|Protect\n|move|p3b: Cresselia|Psychic|p2a: Rotom\n|-activate|p2a: Rotom|move: Protect\n|move|p1a: Passimian|Rock Slide|p2a: Rotom|[spread] p3b,p4b\n|-activate|p2a: Rotom|move: Protect\n|-damage|p3b: Cresselia|211\/339\n|-damage|p4b: Jolteon|119\/252\n|move|p4b: Jolteon|Shadow Ball|p2a: Rotom\n|-activate|p2a: Rotom|move: Protect\n|\n|-weather|RainDance|[upkeep]\n|-sideend|p3: Zinc98|move: Tailwind\n|upkeep\n|turn|19\n|\n|t:|1617711949\n|move|p4b: Jolteon|Protect|p4b: Jolteon\n|-singleturn|p4b: Jolteon|Protect\n|move|p1a: Passimian|Rock Slide|p4b: Jolteon|[spread] p2a,p3b\n|-activate|p4b: Jolteon|move: Protect\n|-supereffective|p2a: Rotom\n|-damage|p2a: Rotom|0 fnt\n|-damage|p3b: Cresselia|187\/339\n|faint|p2a: Rotom\n|cant|p3b: Cresselia|flinch\n|\n|-weather|none\n|upkeep\n|\n|t:|1617711959\n|switch|p2a: Mudsdale|Mudsdale, L86, M|142\/312\n|turn|20\n|\n|t:|1617711970\n|switch|p1a: Amoonguss|Amoonguss, L81, F|317\/317\n|move|p4b: Jolteon|Shadow Ball|p2a: Mudsdale\n|-damage|p2a: Mudsdale|78\/312\n|-ability|p2a: Mudsdale|Stamina|boost\n|-boost|p2a: Mudsdale|def|1\n|move|p3b: Cresselia|Moonlight|p3b: Cresselia\n|-heal|p3b: Cresselia|339\/339\n|move|p2a: Mudsdale|High Horsepower|p1a: Amoonguss\n|-damage|p1a: Amoonguss|158\/317\n|-enditem|p1a: Amoonguss|Sitrus Berry|[eat]\n|-heal|p1a: Amoonguss|237\/317|[from] item: Sitrus Berry\n|\n|upkeep\n|turn|21\n|\n|t:|1617711991\n|move|p1a: Amoonguss|Protect|p1a: Amoonguss\n|-singleturn|p1a: Amoonguss|Protect\n|move|p4b: Jolteon|Shadow Ball|p2a: Mudsdale\n|-damage|p2a: Mudsdale|16\/312\n|-ability|p2a: Mudsdale|Stamina|boost\n|-boost|p2a: Mudsdale|def|1\n|move|p3b: Cresselia|Icy Wind|p4b: Jolteon|[spread] p4b\n|-activate|p1a: Amoonguss|move: Protect\n|-miss|p3b: Cresselia|p2a: Mudsdale\n|-damage|p4b: Jolteon|106\/252\n|-unboost|p4b: Jolteon|spe|1\n|move|p2a: Mudsdale|High Horsepower|p1a: Amoonguss\n|-activate|p1a: Amoonguss|move: Protect\n|\n|upkeep\n|turn|22\n|\n|t:|1617712013\n|move|p4b: Jolteon|Protect|p4b: Jolteon\n|-singleturn|p4b: Jolteon|Protect\n|move|p2a: Mudsdale|Protect|p2a: Mudsdale\n|-singleturn|p2a: Mudsdale|Protect\n|move|p3b: Cresselia|Icy Wind|p1a: Amoonguss|[spread] p1a\n|-activate|p2a: Mudsdale|move: Protect\n|-activate|p4b: Jolteon|move: Protect\n|-supereffective|p1a: Amoonguss\n|-damage|p1a: Amoonguss|199\/317\n|-unboost|p1a: Amoonguss|spe|1\n|move|p1a: Amoonguss|Pollen Puff|p2a: Mudsdale\n|-activate|p2a: Mudsdale|move: Protect\n|\n|upkeep\n|turn|23\n|\n|t:|1617712034\n|switch|p2a: Slowking|Slowking, L88, F|310\/310\n|move|p3b: Cresselia|Icy Wind|p4b: Jolteon|[spread] p1a,p2a,p4b\n|-supereffective|p1a: Amoonguss\n|-resisted|p2a: Slowking\n|-damage|p1a: Amoonguss|161\/317\n|-damage|p2a: Slowking|304\/310\n|-damage|p4b: Jolteon|92\/252\n|-unboost|p1a: Amoonguss|spe|1\n|-unboost|p2a: Slowking|spe|1\n|-unboost|p4b: Jolteon|spe|1\n|move|p4b: Jolteon|Thunder Wave|p3b: Cresselia\n|-status|p3b: Cresselia|par\n|move|p1a: Amoonguss|Pollen Puff|p2a: Slowking\n|-supereffective|p2a: Slowking\n|-damage|p2a: Slowking|222\/310\n|\n|upkeep\n|turn|24\n|\n|t:|1617712055\n|move|p1a: Amoonguss|Protect|p1a: Amoonguss\n|-singleturn|p1a: Amoonguss|Protect\n|move|p4b: Jolteon|Thunderbolt|p2a: Slowking\n|-supereffective|p2a: Slowking\n|-crit|p2a: Slowking\n|-damage|p2a: Slowking|0 fnt\n|faint|p2a: Slowking\n|move|p3b: Cresselia|Psychic|p4b: Jolteon\n|-damage|p4b: Jolteon|17\/252\n|\n|upkeep\n|\n|t:|1617712066\n|switch|p2a: Nihilego|Nihilego, L82, shiny|313\/313\n|turn|25\n|c|\u2606lunan0713|n\u805a\u600e\u4e48\u603b\u88abct\u554a\n|c|\u2606Swordsman.N|\u6211\u600e\u4e48\u603b\u88abct\u554a\n|\n|t:|1617712085\n|switch|p4b: Klinklang|Klinklang, L88|249\/249\n|move|p2a: Nihilego|Protect|p2a: Nihilego\n|-singleturn|p2a: Nihilego|Protect\n|move|p1a: Amoonguss|Protect||[still]\n|-fail|p1a: Amoonguss\n|move|p3b: Cresselia|Icy Wind|p2a: Nihilego|[spread] p1a,p4b\n|-activate|p2a: Nihilego|move: Protect\n|-supereffective|p1a: Amoonguss\n|-resisted|p4b: Klinklang\n|-damage|p1a: Amoonguss|123\/317\n|-damage|p4b: Klinklang|242\/249\n|-unboost|p1a: Amoonguss|spe|1\n|\n|upkeep\n|turn|26\n|\n|t:|1617712142\n|move|p4b: Klinklang|Protect|p4b: Klinklang\n|-singleturn|p4b: Klinklang|Protect\n|move|p2a: Nihilego|Sludge Bomb|p3b: Cresselia\n|-damage|p3b: Cresselia|263\/339 par\n|move|p3b: Cresselia|Icy Wind|p4b: Klinklang|[spread] p1a,p2a\n|-activate|p4b: Klinklang|move: Protect\n|-supereffective|p1a: Amoonguss\n|-damage|p1a: Amoonguss|87\/317\n|-damage|p2a: Nihilego|302\/313\n|-unboost|p1a: Amoonguss|spe|1\n|-unboost|p2a: Nihilego|spe|1\n|move|p1a: Amoonguss|Pollen Puff|p3b: Cresselia\n|-supereffective|p3b: Cresselia\n|-damage|p3b: Cresselia|181\/339 par\n|\n|upkeep\n|turn|27\n|\n|t:|1617712174\n|move|p4b: Klinklang|Shift Gear|p4b: Klinklang\n|-boost|p4b: Klinklang|spe|2\n|-boost|p4b: Klinklang|atk|1\n|move|p2a: Nihilego|Meteor Beam||[still]\n|-prepare|p2a: Nihilego|Meteor Beam\n|-boost|p2a: Nihilego|spa|1\n|-enditem|p2a: Nihilego|Power Herb\n|-anim|p2a: Nihilego|Meteor Beam|p3b: Cresselia\n|-damage|p3b: Cresselia|18\/339 par\n|move|p3b: Cresselia|Moonlight|p3b: Cresselia\n|-heal|p3b: Cresselia|187\/339 par\n|move|p1a: Amoonguss|Pollen Puff|p3b: Cresselia\n|-supereffective|p3b: Cresselia\n|-damage|p3b: Cresselia|113\/339 par\n|\n|upkeep\n|turn|28\n|\n|t:|1617712201\n|move|p4b: Klinklang|Gear Grind|p1a: Amoonguss\n|-damage|p1a: Amoonguss|0 fnt\n|-hitcount|p1a: Amoonguss|1\n|faint|p1a: Amoonguss\n|move|p2a: Nihilego|Sludge Bomb|p1: Amoonguss|[notarget]\n|-fail|p2a: Nihilego\n|cant|p3b: Cresselia|par\n|\n|upkeep\n|\n|t:|1617712211\n|switch|p1a: Passimian|Passimian, L86, F|16\/312\n|turn|29\n|c|\u2606Zinc98|\u6211\u660e\u660e\u5728\u5e2e\u4f60\u4eec\u6309\u6469\uff0c\u4e3a\u4ec0\u4e48\u6253\u6211\n|\n|t:|1617712226\n|move|p4b: Klinklang|Gear Grind|p1a: Passimian\n|-damage|p1a: Passimian|0 fnt\n|-hitcount|p1a: Passimian|1\n|faint|p1a: Passimian\n|move|p2a: Nihilego|Sludge Bomb|p3b: Cresselia\n|-damage|p3b: Cresselia|0 fnt\n|faint|p3b: Cresselia\n|-ability|p2a: Nihilego|Beast Boost|boost\n|-boost|p2a: Nihilego|spa|1\n|\n|upkeep\n|\n|t:|1617712243\n|switch|p3b: Scyther|Scyther, L84, M|255\/255\n|switch|p1a: Magmortar|Magmortar, L88, M|248\/275\n|turn|30\n|\n|t:|1617712264\n|-start|p3b: Scyther|Dynamax\n|-heal|p3b: Scyther|510\/510|[silent]\n|move|p2a: Nihilego|Protect|p2a: Nihilego\n|-singleturn|p2a: Nihilego|Protect\n|move|p4b: Klinklang|Gear Grind|p2a: Nihilego\n|-activate|p2a: Nihilego|move: Protect\n|move|p3b: Scyther|Max Airstream|p1a: Magmortar\n|-damage|p1a: Magmortar|82\/275\n|-boost|p3b: Scyther|spe|1\n|move|p1a: Magmortar|Fire Blast|p4b: Klinklang\n|-supereffective|p4b: Klinklang\n|-damage|p4b: Klinklang|0 fnt\n|-damage|p1a: Magmortar|55\/275|[from] item: Life Orb\n|faint|p4b: Klinklang\n|\n|upkeep\n|\n|t:|1617712281\n|switch|p4b: Jolteon|Jolteon, L86, M|17\/252\n|turn|31\n|\n|t:|1617712291\n|-start|p2a: Nihilego|Dynamax\n|-heal|p2a: Nihilego|604\/626|[silent]\n|move|p1a: Magmortar|Protect|p1a: Magmortar\n|-singleturn|p1a: Magmortar|Protect\n|move|p3b: Scyther|Max Knuckle|p4b: Jolteon\n|-damage|p4b: Jolteon|0 fnt\n|-boost|p3b: Scyther|atk|1\n|faint|p4b: Jolteon\n|move|p2a: Nihilego|Max Rockfall|p3b: Scyther\n|-supereffective|p3b: Scyther\n|-damage|p3b: Scyther|0 fnt\n|-weather|Sandstorm\n|faint|p3b: Scyther\n|-ability|p2a: Nihilego|Beast Boost|boost\n|-boost|p2a: Nihilego|spa|1\n|\n|-weather|Sandstorm|[upkeep]\n|-damage|p1a: Magmortar|38\/275|[from] Sandstorm\n|upkeep\n|\n|t:|1617712311\n|switch|p4b: Dialga|Dialga, L74|270\/270\n|turn|32\n|c|\u2606lunan0713|?\n|\n|t:|1617712325\n|-start|p4b: Dialga|Dynamax\n|-heal|p4b: Dialga|540\/540|[silent]\n|move|p1a: Magmortar|Focus Blast|p4b: Dialga\n|-supereffective|p4b: Dialga\n|-damage|p4b: Dialga|210\/540\n|-damage|p1a: Magmortar|11\/275|[from] item: Life Orb\n|move|p4b: Dialga|Max Quake|p1a: Magmortar\n|-supereffective|p1a: Magmortar\n|-damage|p1a: Magmortar|0 fnt\n|-boost|p4b: Dialga|spd|1\n|faint|p1a: Magmortar\n|move|p2a: Nihilego|Max Rockfall|p4b: Dialga\n|-resisted|p4b: Dialga\n|-damage|p4b: Dialga|71\/540\n|\n|-weather|Sandstorm|[upkeep]\n|upkeep\n|\n|t:|1617712344\n|switch|p1a: Dracovish|Dracovish, L80|275\/275\n|turn|33\n|c|\u2606lunan0713|\u52a0\u6cb9\u554a\u4e00\u53e3\u4eba\n|\n|t:|1617712364\n|move|p2a: Nihilego|Max Guard|p2a: Nihilego\n|-singleturn|p2a: Nihilego|Max Guard\n|move|p1a: Dracovish|Fishious Rend|p2a: Nihilego\n|-activate|p2a: Nihilego|move: Max Guard\n|move|p4b: Dialga|Max Steelspike|p2a: Nihilego\n|-activate|p2a: Nihilego|move: Max Guard\n|\n|-weather|Sandstorm|[upkeep]\n|-damage|p1a: Dracovish|258\/275|[from] Sandstorm\n|-end|p2a: Nihilego|Dynamax\n|-heal|p2a: Nihilego|302\/313|[silent]\n|upkeep\n|turn|34\n|\n|t:|1617712381\n|switch|p2a: Mudsdale|Mudsdale, L86, M|16\/312\n|move|p1a: Dracovish|Fishious Rend|p2a: Mudsdale\n|-supereffective|p2a: Mudsdale\n|-crit|p2a: Mudsdale\n|-damage|p2a: Mudsdale|0 fnt\n|faint|p2a: Mudsdale\n|move|p4b: Dialga|Max Steelspike|p2: Mudsdale|[notarget]\n|-fail|p4b: Dialga\n|\n|-weather|Sandstorm|[upkeep]\n|-damage|p1a: Dracovish|241\/275|[from] Sandstorm\n|-end|p4b: Dialga|Dynamax\n|-heal|p4b: Dialga|36\/270|[silent]\n|upkeep\n|\n|t:|1617712405\n|switch|p2a: Nihilego|Nihilego, L82, shiny|302\/313\n|turn|35\n|\n|t:|1617712416\n|move|p2a: Nihilego|Protect|p2a: Nihilego\n|-singleturn|p2a: Nihilego|Protect\n|move|p1a: Dracovish|Fishious Rend|p4b: Dialga\n|-resisted|p4b: Dialga\n|-damage|p4b: Dialga|0 fnt\n|faint|p4b: Dialga\n|\n|-weather|none\n|upkeep\n|\n|t:|1617712423\n|switch|p4b: Marowak|Marowak-Alola, L82, F|233\/233\n|turn|36\n|\n|t:|1617712431\n|move|p2a: Nihilego|Protect||[still]\n|-fail|p2a: Nihilego\n|move|p4b: Marowak|Protect|p4b: Marowak\n|-singleturn|p4b: Marowak|Protect\n|move|p1a: Dracovish|Fishious Rend|p2a: Nihilego\n|-supereffective|p2a: Nihilego\n|-damage|p2a: Nihilego|0 fnt\n|faint|p2a: Nihilego\n|\n|upkeep\n|\n|t:|1617712439\n|switch|p2a: Zamazenta|Zamazenta, L74|258\/258\n|-ability|p2a: Zamazenta|Dauntless Shield|boost\n|-boost|p2a: Zamazenta|def|1\n|turn|37\n|c|\u2606lunan0713|?\n|\n|t:|1617712460\n|move|p1a: Dracovish|Fishious Rend|p4b: Marowak\n|-supereffective|p4b: Marowak\n|-damage|p4b: Marowak|0 fnt\n|faint|p4b: Marowak\n|move|p2a: Zamazenta|Play Rough|p1a: Dracovish\n|-supereffective|p1a: Dracovish\n|-damage|p1a: Dracovish|115\/275\n|\n|upkeep\n|turn|38\n|\n|t:|1617712478\n|move|p1a: Dracovish|Fishious Rend|p2a: Zamazenta\n|-damage|p2a: Zamazenta|113\/258\n|-enditem|p2a: Zamazenta|Sitrus Berry|[eat]\n|-heal|p2a: Zamazenta|177\/258|[from] item: Sitrus Berry\n|move|p2a: Zamazenta|Play Rough|p1a: Dracovish\n|-supereffective|p1a: Dracovish\n|-damage|p1a: Dracovish|0 fnt\n|faint|p1a: Dracovish\n|\n|upkeep\n|\n|t:|1617712487\n|switch|p1a: Sceptile|Sceptile, L88, F|266\/266\n|turn|39\n|\n|t:|1617712508\n|-start|p1a: Sceptile|Dynamax\n|-heal|p1a: Sceptile|532\/532|[silent]\n|move|p2a: Zamazenta|Protect|p2a: Zamazenta\n|-singleturn|p2a: Zamazenta|Protect\n|move|p1a: Sceptile|Max Overgrowth|p2a: Zamazenta\n|-crit|p2a: Zamazenta\n|-zbroken|p2a: Zamazenta\n|-damage|p2a: Zamazenta|120\/258\n|-fieldstart|move: Grassy Terrain\n|\n|-heal|p2a: Zamazenta|136\/258|[from] Grassy Terrain\n|upkeep\n|turn|40\n|\n|t:|1617712527\n|move|p1a: Sceptile|Max Overgrowth|p2a: Zamazenta\n|-damage|p2a: Zamazenta|0 fnt\n|faint|p2a: Zamazenta\n|\n|win|lunan0713\n|l|\u2606Swordsman.N\n|l|\u2606Zinc98\n","inputlog":">version a4193701ad7eaf58faa2476ce8ad2b90abb9acfa\n>version-origin 3918ebd609a2bd57e0326bf76fca79306b37a61f\n>start {\"formatid\":\"gen8freeforallrandombattle\",\"seed\":[926,34666,3969,45838]}\n>player p1 {\"name\":\"lunan0713\",\"avatar\":\"juan\",\"rating\":0,\"seed\":[42992,28603,63242,45882]}\n>player p2 {\"name\":\"Swordsman.N\",\"avatar\":\"249\",\"rating\":0,\"seed\":[6608,56393,54528,33472]}\n>player p3 {\"name\":\"Zinc98\",\"avatar\":\"211\",\"seed\":[4742,38689,19615,60494]}\n>player p4 {\"name\":\"pekyo\",\"avatar\":\"blackbelt-gen4dp\",\"seed\":[55675,43520,28295,25623]}\n>p1 move protect\n>p2 move protect\n>p3 move waterspout\n>p4 move protect\n>chat \u2606lunan0713|\u597d \u6211\u6709\u4e2a\u65e0\u654c\u7684\u4e1c\u897f\n>p1 move bravebird\n>p2 switch 3\n>p3 move waterspout\n>p4 switch 6\n>chat \u2606Zinc98|\u600e\u4e48\u56de\u4e8b\uff0c\u6211\u662f\u4e0d\u662f\u5632\u8bbd\u62c9\u6ee1\u4e86\n>chat \u2606pekyo|\u603b\u4e4b\u5148\u4fdd\u62a4\u4e00\u4e0b\n>p1 move closecombat\n>p2 move icywind\n>p3 move waterspout\n>p4 move powerwhip\n>chat \u2606Zinc98|\u4f46\u6211\u53ea\u662f\u522e\u75e7\u554a\n>p2 switch 5\n>chat \u2606lunan0713|N\u805a\u2014\u2014\n>chat \u2606pekyo|\u62c9\u2014\u2014\u666e\u2014\u2014\u62c9\u2014\u2014\u65af\u2014\u2014\n>chat \u2606Swordsman.N|\u4f60\u4eec\n>p1 move protect\n>p2 move protect\n>p3 switch 3\n>p4 move protect\n>p1 move protect\n>p2 move grassknot\n>p3 move dynamicpunch\n>p4 move sludgebomb\n>p1 switch 5\n>p2 switch 3\n>p3 move highhorsepower\n>p4 switch 6\n>p1 move knockoff\n>p2 move protect\n>p3 move icepunch\n>p4 move psychic\n>chat \u2606lunan0713|\u6211\u5c31\u77e5\u9053\u6709\u4eba\u8981\u5bb3\u6211\n>p4 switch 6\n>p1 move knockoff\n>p2 move highhorsepower\n>p3 move dynamicpunch\n>p4 move protect\n>chat \u2606pekyo|\u6211\u5c31\u77e5\u9053\u6709\u4eba\u8981\u5bb3\u6211+1\n>p1 move knockoff\n>p2 move highhorsepower\n>p3 move dynamicpunch\n>p4 move powerwhip\n>p3 switch 3\n>p1 move knockoff\n>p2 move protect\n>p3 move icebeam\n>p4 move protect\n>p1 move knockoff\n>p2 switch 2\n>p3 move icebeam\n>p4 move powerwhip\n>chat \u2606lunan0713|pika\u2014\u2014\n>p4 switch 3\n>p1 move knockoff\n>p2 move nastyplot\n>p3 move icebeam\n>p4 move protect\n>p1 switch 6\n>p2 move blizzard\n>p3 move icebeam\n>p4 move thunderbolt\n>p3 switch 6\n>p1 move focusblast\n>p2 move protect\n>p3 move highhorsepower\n>p4 move protect\n>p3 switch 4\n>chat \u2606lunan0713|\u5636\n>chat \u2606Swordsman.N|\u4f60\u7535\u54ea\u4e2a(\n>p1 switch 5\n>p2 move thunderbolt\n>p3 move tailwind\n>p4 move thunderwave\n>chat \u2606Swordsman.N|\u602a\n>p1 switch 6\n>p1 move rockslide\n>p2 move protect\n>p3 move hydropump\n>p4 move thunderbolt\n>p3 switch 2\n>p1 move rockslide\n>p2 move thunderbolt\n>p3 move psychic\n>p4 move protect\n>p1 move rockslide\n>p2 move protect\n>p3 move psychic\n>p4 move shadowball\n>p1 move rockslide\n>p2 move blizzard\n>p3 move psychic\n>p4 move protect\n>p2 switch 2\n>p1 switch 2\n>p2 move highhorsepower\n>p3 move moonlight\n>p4 move shadowball\n>p1 move protect\n>p2 move highhorsepower\n>p3 move icywind\n>p4 move shadowball\n>p1 move pollenpuff\n>p2 move protect\n>p3 move icywind\n>p4 move protect\n>p1 move pollenpuff\n>p2 switch 6\n>p3 move icywind\n>p4 move thunderwave\n>p1 move protect\n>p2 move psychic\n>p3 move psychic\n>p4 move thunderbolt\n>p2 switch 3\n>chat \u2606lunan0713|n\u805a\u600e\u4e48\u603b\u88abct\u554a\n>chat \u2606Swordsman.N|\u6211\u600e\u4e48\u603b\u88abct\u554a\n>p1 move protect\n>p2 move protect\n>p3 move icywind\n>p4 switch 4\n>p1 move pollenpuff\n>p2 move sludgebomb\n>p3 move icywind\n>p4 move protect\n>p1 move pollenpuff\n>p2 move meteorbeam\n>p3 move moonlight\n>p4 move shiftgear\n>p1 move pollenpuff\n>p2 move sludgebomb\n>p3 move moonlight\n>p4 move geargrind\n>p1 switch 2\n>chat \u2606Zinc98|\u6211\u660e\u660e\u5728\u5e2e\u4f60\u4eec\u6309\u6469\uff0c\u4e3a\u4ec0\u4e48\u6253\u6211\n>p1 move closecombat\n>p2 move sludgebomb\n>p3 move moonlight\n>p4 move geargrind\n>p1 switch 5\n>p3 switch 5\n>p1 move fireblast\n>p2 move protect\n>p3 move dualwingbeat dynamax\n>p4 move geargrind\n>p4 switch 4\n>p1 move protect\n>p2 move meteorbeam dynamax\n>p3 move brickbreak dynamax\n>p4 move thunderwave\n>p4 switch 5\n>chat \u2606lunan0713|?\n>p1 move focusblast\n>p2 move meteorbeam dynamax\n>p4 move earthpower dynamax\n>p1 switch 4\n>chat \u2606lunan0713|\u52a0\u6cb9\u554a\u4e00\u53e3\u4eba\n>p1 move fishiousrend\n>p2 move protect dynamax\n>p4 move flashcannon dynamax\n>p1 move fishiousrend\n>p2 switch 6\n>p4 move flashcannon dynamax\n>p2 switch 6\n>p1 move fishiousrend\n>p2 move protect\n>p4 move earthpower\n>p4 switch 2\n>p1 move fishiousrend\n>p2 move protect\n>p4 move protect\n>p2 switch 4\n>chat \u2606lunan0713|?\n>p1 move fishiousrend\n>p2 move playrough\n>p4 move flamecharge\n>p1 move fishiousrend\n>p2 move playrough\n>p1 switch 3\n>p1 move leafstorm dynamax\n>p2 move protect\n>p1 move leafstorm dynamax\n>p2 move crunch","uploadtime":1617712551,"views":26,"p1id":"lunan0713","p2id":"swordsmann","formatid":"gen8freeforallrandombattle","rating":0,"private":0,"password":null}