{"id":"china-gen8uu-5287378","p1":"cbz123","p2":"AlIoutdragadarts","format":"gen8uu","log":"|uhtml|report-battle|<b>\u5c06\u5bf9\u6218\u94fe\u63a5\u516c\u5f00\u5230:<\/b> <button class=\"button\" name=\"send\" value=\"\/reportto skypillar\">Sky Pillar<\/button><button class=\"button\" name=\"send\" value=\"\/reportto shinx\">Shinx<\/button>\n|j|\u2606cbz123\n|j|\u2606AlIoutdragadarts\n|inactive|Battle timer is ON: inactive players will automatically lose when time's up.\n|t:|1660973263\n|gametype|singles\n|player|p1|cbz123|coronzon333.png|\n|player|p2|AlIoutdragadarts|battlegirl-gen4|\n|teamsize|p1|6\n|teamsize|p2|6\n|gen|8\n|tier|[Gen 8] UU\n|rated|Tournament battle\n|rule|Sleep Clause Mod: Limit one foe put to sleep\n|rule|Species Clause: Limit one of each Pok\u00e9mon\n|rule|OHKO Clause: OHKO moves are banned\n|rule|Evasion Items Clause: Evasion items are banned\n|rule|Evasion Moves Clause: Evasion moves are banned\n|rule|Endless Battle Clause: Forcing endless battles is banned\n|rule|HP Percentage Mod: HP is shown in percentages\n|rule|Dynamax Clause: You cannot dynamax\n|clearpoke\n|poke|p1|Excadrill, F|\n|poke|p1|Celesteela|\n|poke|p1|Gyarados, M|\n|poke|p1|Scizor, F|\n|poke|p1|Azelf|\n|poke|p1|Keldeo-Resolute|\n|poke|p2|Amoonguss, F|\n|poke|p2|Hippowdon, M|\n|poke|p2|Gyarados, M|\n|poke|p2|Celesteela|\n|poke|p2|Hatterene, F|\n|poke|p2|Keldeo-Resolute|\n|teampreview\n|j| woshixinshou123\n|\n|t:|1660973274\n|start\n|switch|p1a: Excadrill|Excadrill, F|100\/100\n|switch|p2a: Kiwi|Keldeo-Resolute|100\/100\n|-ability|p1a: Excadrill|Mold Breaker\n|turn|1\n|l| woshixinshou123\n|\n|t:|1660973279\n|move|p2a: Kiwi|Substitute|p2a: Kiwi\n|-start|p2a: Kiwi|Substitute\n|-damage|p2a: Kiwi|76\/100\n|move|p1a: Excadrill|Stealth Rock|p2a: Kiwi\n|-sidestart|p2: AlIoutdragadarts|move: Stealth Rock\n|\n|-heal|p2a: Kiwi|82\/100|[from] item: Leftovers\n|upkeep\n|turn|2\n|\n|t:|1660973281\n|move|p2a: Kiwi|Scald|p1a: Excadrill\n|-supereffective|p1a: Excadrill\n|-enditem|p1a: Excadrill|Focus Sash\n|-damage|p1a: Excadrill|1\/100\n|move|p1a: Excadrill|Earthquake|p2a: Kiwi\n|-end|p2a: Kiwi|Substitute\n|\n|-heal|p2a: Kiwi|88\/100|[from] item: Leftovers\n|upkeep\n|turn|3\n|\n|t:|1660973284\n|move|p2a: Kiwi|Scald|p1a: Excadrill\n|-supereffective|p1a: Excadrill\n|-crit|p1a: Excadrill\n|-damage|p1a: Excadrill|0 fnt\n|faint|p1a: Excadrill\n|\n|-heal|p2a: Kiwi|94\/100|[from] item: Leftovers\n|upkeep\n|j| wdzkz\n|\n|t:|1660973290\n|switch|p1a: Azelf|Azelf|100\/100\n|turn|4\n|\n|t:|1660973299\n|move|p1a: Azelf|Psyshock|p2a: Kiwi\n|-supereffective|p2a: Kiwi\n|-damage|p2a: Kiwi|0 fnt\n|faint|p2a: Kiwi\n|\n|upkeep\n|\n|t:|1660973304\n|switch|p2a: Cherry|Gyarados, M, shiny|100\/100\n|-damage|p2a: Cherry|76\/100|[from] Stealth Rock\n|turn|5\n|\n|t:|1660973311\n|move|p1a: Azelf|Psyshock|p2a: Cherry\n|-damage|p2a: Cherry|22\/100\n|move|p2a: Cherry|Dragon Dance|p2a: Cherry\n|-boost|p2a: Cherry|atk|1\n|-boost|p2a: Cherry|spe|1\n|\n|upkeep\n|turn|6\n|j| AquaRotom\n|\n|t:|1660973328\n|move|p2a: Cherry|Waterfall|p1a: Azelf\n|-crit|p1a: Azelf\n|-damage|p1a: Azelf|0 fnt\n|faint|p1a: Azelf\n|-ability|p2a: Cherry|Moxie|boost\n|-boost|p2a: Cherry|atk|1\n|\n|upkeep\n|\n|t:|1660973330\n|switch|p1a: Scizor|Scizor, F|100\/100\n|turn|7\n|j|\u265ahot_dogs666\n|\n|t:|1660973351\n|move|p1a: Scizor|Bullet Punch|p2a: Cherry\n|-resisted|p2a: Cherry\n|-damage|p2a: Cherry|0 fnt\n|faint|p2a: Cherry\n|-damage|p1a: Scizor|91\/100|[from] item: Life Orb\n|\n|upkeep\n|\n|t:|1660973366\n|switch|p2a: Coconut|Celesteela, shiny|100\/100\n|-damage|p2a: Coconut|88\/100|[from] Stealth Rock\n|turn|8\n|\n|t:|1660973369\n|move|p1a: Scizor|Knock Off|p2a: Coconut\n|-damage|p2a: Coconut|45\/100\n|-enditem|p2a: Coconut|Leftovers|[from] move: Knock Off|[of] p1a: Scizor\n|-damage|p1a: Scizor|81\/100|[from] item: Life Orb\n|move|p2a: Coconut|Flamethrower|p1a: Scizor\n|-supereffective|p1a: Scizor\n|-damage|p1a: Scizor|0 fnt\n|faint|p1a: Scizor\n|-ability|p2a: Coconut|Beast Boost|boost\n|-boost|p2a: Coconut|spd|1\n|\n|upkeep\n|\n|t:|1660973391\n|switch|p1a: Keldeo|Keldeo-Resolute|100\/100\n|turn|9\n|\n|t:|1660973399\n|switch|p2a: Acai|Amoonguss, F, shiny|100\/100\n|-damage|p2a: Acai|88\/100|[from] Stealth Rock\n|move|p1a: Keldeo|Calm Mind|p1a: Keldeo\n|-boost|p1a: Keldeo|spa|1\n|-boost|p1a: Keldeo|spd|1\n|\n|upkeep\n|turn|10\n|\n|t:|1660973404\n|move|p1a: Keldeo|Air Slash|p2a: Acai\n|-supereffective|p2a: Acai\n|-damage|p2a: Acai|20\/100\n|cant|p2a: Acai|flinch\n|\n|upkeep\n|turn|11\n|-message|AlIoutdragadarts forfeited.\n|\n|win|cbz123\n|n|\u2606cbz123|cbz123\n|n|\u2606AlIoutdragadarts|alioutdragadarts\n|n| wdzkz|wdzkz\n|n| AquaRotom|aquarotom\n|n|\u265ahot_dogs666|hotdogs666\n","uploadtime":1660973418,"views":5,"p1id":"cbz123","p2id":"alioutdragadarts","formatid":"gen8uu","rating":0,"private":0,"password":null}