{"id":"china-gen8ou-5221379","p1":"AlIoutdragadarts","p2":"WENCHAOJIAYANG","format":"gen8ou","log":"|uhtml|report-battle|<b>\u5c06\u5bf9\u6218\u94fe\u63a5\u516c\u5f00\u5230:<\/b> <button class=\"button\" name=\"send\" value=\"\/reportto skypillar\">Sky Pillar<\/button><button class=\"button\" name=\"send\" value=\"\/reportto shinx\">Shinx<\/button>\n|j|\u2606AlIoutdragadarts\n|j|\u2606WENCHAOJIAYANG\n|inactive|Battle timer is ON: inactive players will automatically lose when time's up.\n|t:|1659879144\n|gametype|singles\n|player|p1|AlIoutdragadarts|dawn|\n|player|p2|WENCHAOJIAYANG|265|\n|teamsize|p1|6\n|teamsize|p2|6\n|gen|8\n|tier|[Gen 8] OU\n|rated|Tournament battle\n|rule|Sleep Clause Mod: Limit one foe put to sleep\n|rule|Species Clause: Limit one of each Pok\u00e9mon\n|rule|OHKO Clause: OHKO moves are banned\n|rule|Evasion Moves Clause: Evasion moves are banned\n|rule|Endless Battle Clause: Forcing endless battles is banned\n|rule|HP Percentage Mod: HP is shown in percentages\n|rule|Dynamax Clause: You cannot dynamax\n|clearpoke\n|poke|p1|Tyranitar, M|\n|poke|p1|Excadrill, M|\n|poke|p1|Slowking, M|\n|poke|p1|Heatran, M|\n|poke|p1|Tangrowth, M|\n|poke|p1|Clefable, F|\n|poke|p2|Gastrodon-East, M|\n|poke|p2|Clefable, F|\n|poke|p2|Tornadus-Therian, M|\n|poke|p2|Skarmory, M|\n|poke|p2|Ferrothorn, F|\n|poke|p2|Tyranitar, F|\n|teampreview\n|inactive|WENCHAOJIAYANG has 120 seconds left.\n|j| Opera O\n|inactive|WENCHAOJIAYANG has 90 seconds left.\n|\n|t:|1659879227\n|start\n|switch|p1a: Clefable|Clefable, F, shiny|100\/100\n|switch|p2a: Ferrothorn|Ferrothorn, F|100\/100\n|turn|1\n|\n|t:|1659879234\n|move|p1a: Clefable|Knock Off|p2a: Ferrothorn\n|-damage|p2a: Ferrothorn|89\/100\n|-activate|p2a: Ferrothorn|ability: Iron Barbs\n|-enditem|p2a: Ferrothorn|Leftovers|[from] move: Knock Off|[of] p1a: Clefable\n|move|p2a: Ferrothorn|Gyro Ball|p1a: Clefable\n|-supereffective|p1a: Clefable\n|-damage|p1a: Clefable|55\/100\n|-damage|p2a: Ferrothorn|72\/100|[from] item: Rocky Helmet|[of] p1a: Clefable\n|\n|upkeep\n|turn|2\n|\n|t:|1659879248\n|move|p1a: Clefable|Soft-Boiled|p1a: Clefable\n|-heal|p1a: Clefable|100\/100\n|move|p2a: Ferrothorn|Gyro Ball|p1a: Clefable\n|-supereffective|p1a: Clefable\n|-damage|p1a: Clefable|53\/100\n|-damage|p2a: Ferrothorn|56\/100|[from] item: Rocky Helmet|[of] p1a: Clefable\n|\n|upkeep\n|turn|3\n|j| whxnp\n|\n|t:|1659879256\n|move|p1a: Clefable|Soft-Boiled|p1a: Clefable\n|-heal|p1a: Clefable|100\/100\n|move|p2a: Ferrothorn|Curse|p2a: Ferrothorn\n|-unboost|p2a: Ferrothorn|spe|1\n|-boost|p2a: Ferrothorn|atk|1\n|-boost|p2a: Ferrothorn|def|1\n|\n|upkeep\n|turn|4\n|j|%gggguang\n|\n|t:|1659879262\n|switch|p1a: Tangrowth|Tangrowth, M, shiny|100\/100\n|move|p2a: Ferrothorn|Knock Off|p1a: Tangrowth\n|-damage|p1a: Tangrowth|85\/100\n|-damage|p2a: Ferrothorn|39\/100|[from] item: Rocky Helmet|[of] p1a: Tangrowth\n|-enditem|p1a: Tangrowth|Rocky Helmet|[from] move: Knock Off|[of] p2a: Ferrothorn\n|\n|upkeep\n|turn|5\n|l|%gggguang\n|inactive|WENCHAOJIAYANG has 120 seconds left.\n|\n|t:|1659879292\n|switch|p2a: Skarmory|Skarmory, M|100\/100\n|move|p1a: Tangrowth|Focus Blast|p2a: Skarmory\n|-crit|p2a: Skarmory\n|-damage|p2a: Skarmory|38\/100\n|\n|upkeep\n|turn|6\n|inactive|WENCHAOJIAYANG has 120 seconds left.\n|\n|t:|1659879320\n|move|p2a: Skarmory|Roost|p2a: Skarmory\n|-heal|p2a: Skarmory|88\/100\n|-singleturn|p2a: Skarmory|move: Roost\n|move|p1a: Tangrowth|Focus Blast|p2a: Skarmory\n|-supereffective|p2a: Skarmory\n|-damage|p2a: Skarmory|8\/100\n|\n|upkeep\n|turn|7\n|\n|t:|1659879335\n|switch|p1a: Clefable|Clefable, F, shiny|100\/100\n|move|p2a: Skarmory|Roost|p2a: Skarmory\n|-heal|p2a: Skarmory|58\/100\n|-singleturn|p2a: Skarmory|move: Roost\n|\n|upkeep\n|turn|8\n|j| wdzkz\n|\n|t:|1659879346\n|move|p2a: Skarmory|Stealth Rock|p1a: Clefable\n|-sidestart|p1: AlIoutdragadarts|move: Stealth Rock\n|move|p1a: Clefable|Stealth Rock|p2a: Skarmory\n|-sidestart|p2: WENCHAOJIAYANG|move: Stealth Rock\n|\n|upkeep\n|turn|9\n|j|&starmind\n|\n|t:|1659879352\n|move|p2a: Skarmory|Roost|p2a: Skarmory\n|-heal|p2a: Skarmory|100\/100\n|-singleturn|p2a: Skarmory|move: Roost\n|move|p1a: Clefable|Knock Off|p2a: Skarmory\n|-damage|p2a: Skarmory|91\/100\n|-enditem|p2a: Skarmory|Rocky Helmet|[from] move: Knock Off|[of] p1a: Clefable\n|\n|upkeep\n|turn|10\n|j| Exus1ai\n|inactive|WENCHAOJIAYANG has 90 seconds left.\n|\n|t:|1659879382\n|switch|p2a: Gastrodon|Gastrodon-East, M|100\/100\n|-damage|p2a: Gastrodon|94\/100|[from] Stealth Rock\n|move|p1a: Clefable|Moonblast|p2a: Gastrodon\n|-damage|p2a: Gastrodon|69\/100\n|\n|upkeep\n|turn|11\n|\n|t:|1659879393\n|move|p1a: Clefable|Knock Off|p2a: Gastrodon\n|-damage|p2a: Gastrodon|56\/100\n|-enditem|p2a: Gastrodon|Rocky Helmet|[from] move: Knock Off|[of] p1a: Clefable\n|move|p2a: Gastrodon|Toxic|p1a: Clefable\n|-status|p1a: Clefable|tox\n|\n|upkeep\n|turn|12\n|j|\u265aaro nova\n|\n|t:|1659879403\n|move|p1a: Clefable|Moonblast|p2a: Gastrodon\n|-damage|p2a: Gastrodon|32\/100\n|-unboost|p2a: Gastrodon|spa|1\n|move|p2a: Gastrodon|Recover|p2a: Gastrodon\n|-heal|p2a: Gastrodon|82\/100\n|\n|upkeep\n|turn|13\n|\n|t:|1659879411\n|move|p1a: Clefable|Moonblast|p2a: Gastrodon\n|-damage|p2a: Gastrodon|56\/100\n|-unboost|p2a: Gastrodon|spa|1\n|move|p2a: Gastrodon|Earthquake|p1a: Clefable\n|-damage|p1a: Clefable|76\/100 tox\n|\n|upkeep\n|turn|14\n|\n|t:|1659879420\n|switch|p1a: Tangrowth|Tangrowth, M, shiny|100\/100\n|-damage|p1a: Tangrowth|88\/100|[from] Stealth Rock\n|move|p2a: Gastrodon|Recover|p2a: Gastrodon\n|-heal|p2a: Gastrodon|100\/100\n|\n|upkeep\n|turn|15\n|\n|t:|1659879430\n|move|p1a: Tangrowth|Giga Drain|p2a: Gastrodon\n|-supereffective|p2a: Gastrodon\n|-damage|p2a: Gastrodon|15\/100\n|-heal|p1a: Tangrowth|100\/100|[from] drain|[of] p2a: Gastrodon\n|move|p2a: Gastrodon|Toxic|p1a: Tangrowth\n|-status|p1a: Tangrowth|tox\n|\n|-damage|p1a: Tangrowth|94\/100 tox|[from] psn\n|upkeep\n|turn|16\n|\n|t:|1659879454\n|move|p1a: Tangrowth|Giga Drain|p2a: Gastrodon\n|-supereffective|p2a: Gastrodon\n|-damage|p2a: Gastrodon|0 fnt\n|-heal|p1a: Tangrowth|100\/100 tox|[from] drain|[of] p2a: Gastrodon\n|faint|p2a: Gastrodon\n|\n|-damage|p1a: Tangrowth|88\/100 tox|[from] psn\n|upkeep\n|\n|t:|1659879464\n|switch|p2a: Tornadus|Tornadus-Therian, M|100\/100\n|-damage|p2a: Tornadus|75\/100|[from] Stealth Rock\n|turn|17\n|j| dare2loveburstbean\n|l| dare2loveburstbean\n|\n|t:|1659879472\n|switch|p1a: Slowking|Slowking, M, shiny|100\/100\n|move|p2a: Tornadus|Knock Off|p1a: Slowking\n|-supereffective|p1a: Slowking\n|-damage|p1a: Slowking|49\/100\n|-enditem|p1a: Slowking|Heavy-Duty Boots|[from] move: Knock Off|[of] p2a: Tornadus\n|\n|upkeep\n|turn|18\n|\n|t:|1659879481\n|move|p2a: Tornadus|Knock Off|p1a: Slowking\n|-supereffective|p1a: Slowking\n|-damage|p1a: Slowking|11\/100\n|move|p1a: Slowking|Slack Off|p1a: Slowking\n|-heal|p1a: Slowking|62\/100\n|\n|upkeep\n|turn|19\n|\n|t:|1659879488\n|switch|p2a: Tyranitar|Tyranitar, F|100\/100\n|-damage|p2a: Tyranitar|88\/100|[from] Stealth Rock\n|-weather|Sandstorm|[from] ability: Sand Stream|[of] p2a: Tyranitar\n|move|p1a: Slowking|Slack Off|p1a: Slowking\n|-heal|p1a: Slowking|100\/100\n|\n|-weather|Sandstorm|[upkeep]\n|-damage|p1a: Slowking|94\/100|[from] Sandstorm\n|upkeep\n|turn|20\n|inactive|WENCHAOJIAYANG has 120 seconds left.\n|\n|t:|1659879510\n|switch|p1a: Tangrowth|Tangrowth, M, shiny|100\/100 tox\n|-damage|p1a: Tangrowth|88\/100 tox|[from] Stealth Rock\n|move|p2a: Tyranitar|Stone Edge|p1a: Tangrowth\n|-damage|p1a: Tangrowth|40\/100 tox\n|\n|-weather|Sandstorm|[upkeep]\n|-damage|p1a: Tangrowth|33\/100 tox|[from] Sandstorm\n|-damage|p1a: Tangrowth|27\/100 tox|[from] psn\n|upkeep\n|turn|21\n|inactive|WENCHAOJIAYANG has 120 seconds left.\n|\n|t:|1659879520\n|switch|p1a: Excadrill|Excadrill, M, shiny|100\/100\n|-damage|p1a: Excadrill|97\/100|[from] Stealth Rock\n|move|p2a: Tyranitar|Stone Edge|p1a: Excadrill\n|-resisted|p1a: Excadrill\n|-damage|p1a: Excadrill|68\/100\n|\n|-weather|Sandstorm|[upkeep]\n|-heal|p1a: Excadrill|74\/100|[from] item: Leftovers\n|upkeep\n|turn|22\n|inactive|WENCHAOJIAYANG has 120 seconds left.\n|\n|t:|1659879531\n|switch|p2a: Tornadus|Tornadus-Therian, M|100\/100\n|-damage|p2a: Tornadus|75\/100|[from] Stealth Rock\n|move|p1a: Excadrill|Rapid Spin|p2a: Tornadus\n|-damage|p2a: Tornadus|52\/100\n|-boost|p1a: Excadrill|spe|1\n|-sideend|p1: AlIoutdragadarts|Stealth Rock|[from] move: Rapid Spin|[of] p1a: Excadrill\n|\n|-weather|Sandstorm|[upkeep]\n|-damage|p2a: Tornadus|46\/100|[from] Sandstorm\n|-heal|p1a: Excadrill|81\/100|[from] item: Leftovers\n|upkeep\n|turn|23\n|inactive|WENCHAOJIAYANG has 120 seconds left.\n|\n|t:|1659879542\n|move|p1a: Excadrill|Iron Head|p2a: Tornadus\n|-damage|p2a: Tornadus|0 fnt\n|faint|p2a: Tornadus\n|\n|-weather|none\n|-heal|p1a: Excadrill|87\/100|[from] item: Leftovers\n|upkeep\n|j| cbz123\n|inactive|WENCHAOJIAYANG has 120 seconds left.\n|\n|t:|1659879555\n|switch|p2a: Skarmory|Skarmory, M|91\/100\n|-damage|p2a: Skarmory|79\/100|[from] Stealth Rock\n|turn|24\n|inactive|WENCHAOJIAYANG has 120 seconds left.\n|\n|t:|1659879580\n|move|p1a: Excadrill|Iron Head|p2a: Skarmory\n|-resisted|p2a: Skarmory\n|-damage|p2a: Skarmory|66\/100\n|move|p2a: Skarmory|Stealth Rock|p1a: Excadrill\n|-sidestart|p1: AlIoutdragadarts|move: Stealth Rock\n|\n|-heal|p1a: Excadrill|93\/100|[from] item: Leftovers\n|upkeep\n|turn|25\n|\n|t:|1659879587\n|switch|p1a: Slowking|Slowking, M, shiny|100\/100\n|-damage|p1a: Slowking|88\/100|[from] Stealth Rock\n|move|p2a: Skarmory|Iron Defense|p2a: Skarmory\n|-boost|p2a: Skarmory|def|2\n|\n|upkeep\n|turn|26\n|\n|t:|1659879596\n|move|p2a: Skarmory|Roost|p2a: Skarmory\n|-heal|p2a: Skarmory|100\/100\n|-singleturn|p2a: Skarmory|move: Roost\n|move|p1a: Slowking|Scald|p2a: Skarmory\n|-damage|p2a: Skarmory|64\/100\n|\n|upkeep\n|turn|27\n|\n|t:|1659879611\n|switch|p2a: Clefable|Clefable, F|100\/100\n|-damage|p2a: Clefable|88\/100|[from] Stealth Rock\n|move|p1a: Slowking|Scald|p2a: Clefable\n|-damage|p2a: Clefable|68\/100\n|\n|-heal|p2a: Clefable|74\/100|[from] item: Leftovers\n|upkeep\n|turn|28\n|l|&starmind\n|\n|t:|1659879635\n|move|p2a: Clefable|Moonblast|p1a: Slowking\n|-damage|p1a: Slowking|70\/100\n|-unboost|p1a: Slowking|spa|1\n|move|p1a: Slowking|Future Sight|p2a: Clefable\n|-start|p1a: Slowking|move: Future Sight\n|\n|-heal|p2a: Clefable|80\/100|[from] item: Leftovers\n|upkeep\n|turn|29\n|inactive|WENCHAOJIAYANG has 120 seconds left.\n|\n|t:|1659879655\n|switch|p2a: Tyranitar|Tyranitar, F|88\/100\n|-damage|p2a: Tyranitar|76\/100|[from] Stealth Rock\n|-weather|Sandstorm|[from] ability: Sand Stream|[of] p2a: Tyranitar\n|move|p1a: Slowking|Teleport|p1a: Slowking\n|\n|t:|1659879679\n|switch|p1a: Excadrill|Excadrill, M, shiny|93\/100|[from]move: Teleport\n|-damage|p1a: Excadrill|90\/100|[from] Stealth Rock\n|\n|-weather|Sandstorm|[upkeep]\n|-heal|p1a: Excadrill|96\/100|[from] item: Leftovers\n|upkeep\n|turn|30\n|\n|t:|1659879687\n|move|p1a: Excadrill|Earthquake|p2a: Tyranitar\n|-supereffective|p2a: Tyranitar\n|-damage|p2a: Tyranitar|0 fnt\n|faint|p2a: Tyranitar\n|\n|-weather|Sandstorm|[upkeep]\n|-hint|Future Sight did not hit because the target is fainted.\n|-heal|p1a: Excadrill|100\/100|[from] item: Leftovers\n|upkeep\n|j| wlg123123\n|\n|t:|1659879695\n|switch|p2a: Skarmory|Skarmory, M|64\/100\n|-damage|p2a: Skarmory|51\/100|[from] Stealth Rock\n|turn|31\n|\n|t:|1659879700\n|switch|p1a: Slowking|Slowking, M, shiny|100\/100\n|-damage|p1a: Slowking|88\/100|[from] Stealth Rock\n|move|p2a: Skarmory|Iron Defense|p2a: Skarmory\n|-boost|p2a: Skarmory|def|2\n|\n|-weather|Sandstorm|[upkeep]\n|-damage|p1a: Slowking|82\/100|[from] Sandstorm\n|upkeep\n|turn|32\n|\n|t:|1659879712\n|move|p2a: Skarmory|Iron Defense|p2a: Skarmory\n|-boost|p2a: Skarmory|def|2\n|move|p1a: Slowking|Scald|p2a: Skarmory\n|-damage|p2a: Skarmory|12\/100\n|\n|-weather|Sandstorm|[upkeep]\n|-damage|p1a: Slowking|76\/100|[from] Sandstorm\n|upkeep\n|turn|33\n|j| halili\n|\n|t:|1659879719\n|move|p2a: Skarmory|Roost|p2a: Skarmory\n|-heal|p2a: Skarmory|62\/100\n|-singleturn|p2a: Skarmory|move: Roost\n|move|p1a: Slowking|Scald|p2a: Skarmory\n|-damage|p2a: Skarmory|23\/100\n|\n|-weather|none\n|upkeep\n|turn|34\n|\n|t:|1659879726\n|move|p2a: Skarmory|Roost|p2a: Skarmory\n|-heal|p2a: Skarmory|73\/100\n|-singleturn|p2a: Skarmory|move: Roost\n|move|p1a: Slowking|Scald|p2a: Skarmory\n|-damage|p2a: Skarmory|36\/100\n|\n|upkeep\n|turn|35\n|\n|t:|1659879736\n|move|p2a: Skarmory|Roost|p2a: Skarmory\n|-heal|p2a: Skarmory|86\/100\n|-singleturn|p2a: Skarmory|move: Roost\n|move|p1a: Slowking|Scald|p2a: Skarmory\n|-damage|p2a: Skarmory|50\/100\n|\n|upkeep\n|turn|36\n|\n|t:|1659879742\n|move|p2a: Skarmory|Roost|p2a: Skarmory\n|-heal|p2a: Skarmory|99\/100\n|-singleturn|p2a: Skarmory|move: Roost\n|move|p1a: Slowking|Scald|p2a: Skarmory\n|-damage|p2a: Skarmory|62\/100\n|\n|upkeep\n|turn|37\n|\n|t:|1659879750\n|move|p2a: Skarmory|Iron Defense|p2a: Skarmory\n|-boost|p2a: Skarmory|def|2\n|move|p1a: Slowking|Scald|p2a: Skarmory\n|-damage|p2a: Skarmory|25\/100\n|-status|p2a: Skarmory|brn\n|\n|-damage|p2a: Skarmory|19\/100 brn|[from] brn\n|upkeep\n|turn|38\n|\n|t:|1659879762\n|move|p2a: Skarmory|Body Press|p1a: Slowking\n|-resisted|p1a: Slowking\n|-damage|p1a: Slowking|43\/100\n|move|p1a: Slowking|Teleport|p1a: Slowking\n|-message|WENCHAOJIAYANG forfeited.\n|\n|win|AlIoutdragadarts\n|n|\u2606AlIoutdragadarts|alioutdragadarts\n|n|\u2606WENCHAOJIAYANG|wenchaojiayang\n|n| Opera O|operao\n|n| whxnp|whxnp\n|n| wdzkz|wdzkz\n|n| Exus1ai|exus1ai\n|n|\u265aaro nova|aronova\n|n| cbz123|cbz123\n|n| wlg123123|wlg123123\n|n| halili|halili\n","uploadtime":1659879770,"views":55,"p1id":"alioutdragadarts","p2id":"wenchaojiayang","formatid":"gen8ou","rating":0,"private":0,"password":null}