{"id":"china-gen8freeforallrandombattle-404344","p1":"lunan0713","p2":"swordsman.n","format":"gen8freeforallrandombattle","log":"|uhtml|invites|<div class=\"broadcast broadcast-blue\"><strong>This is a 4-player challenge battle<\/strong><br \/>The players will need to add more players before the battle can start.<\/div>\n|j|\u2606lunan0713\n|j|\u2606swordsman.n\n|t:|1618058776\n|gametype|freeforall\n|player|p1|lunan0713|winona|\n|player|p2|swordsman.n|caitlin|\n||Invite sent to NoNoLingKou!\n|j| NoNoLingKou\n|n|\u2606NoNoLingKou|nonolingkou\n|n|\u2606NoNoLingKou|nonolingkou\n|player|p3|NoNoLingKou|veteranf\n|player|p3|NoNoLingKou|veteranf|\n||Invite sent to peyko!\n|j| peyko\n|c| peyko|\u7a9d\n|c|\u2606swordsman.n|pekyo\n|n|\u2606peyko|peyko\n|n|\u2606peyko|peyko\n|player|p4|peyko|blackbelt-gen4dp\n|uhtmlchange|invites|\n|player|p4|peyko|blackbelt-gen4dp|\n|teamsize|p1|6\n|teamsize|p2|6\n|teamsize|p3|6\n|teamsize|p4|6\n|gen|8\n|tier|[Gen 8] Free-For-All Random Battle\n|rule|Species Clause: Limit one of each Pok\u00e9mon\n|rule|HP Percentage Mod: HP is shown in percentages\n|rule|Sleep Clause Mod: Limit one foe put to sleep\n|\n|t:|1618058843\n|start\n|switch|p1a: Carbink|Carbink, L90|236\/236\n|switch|p2a: Kingdra|Kingdra, L82, F|257\/257\n|switch|p3b: Alcremie|Alcremie, L84, F|246\/246\n|switch|p4b: Rapidash|Rapidash, L88, M|258\/258\n|turn|1\n|\n|t:|1618058887\n|move|p3b: Alcremie|Protect|p3b: Alcremie\n|-singleturn|p3b: Alcremie|Protect\n|move|p2a: Kingdra|Muddy Water|p3b: Alcremie|[spread] p1a,p4b\n|-activate|p3b: Alcremie|move: Protect\n|-supereffective|p1a: Carbink\n|-supereffective|p4b: Rapidash\n|-damage|p1a: Carbink|186\/236\n|-damage|p4b: Rapidash|172\/258\n|-unboost|p1a: Carbink|accuracy|1\n|move|p4b: Rapidash|High Horsepower|p2a: Kingdra\n|-damage|p2a: Kingdra|181\/257\n|move|p1a: Carbink|Stealth Rock|p3b: Alcremie\n|-sidestart|p2: swordsman.n|move: Stealth Rock\n|-sidestart|p3: NoNoLingKou|move: Stealth Rock\n|-sidestart|p4: peyko|move: Stealth Rock\n|\n|upkeep\n|turn|2\n|\n|t:|1618058907\n|move|p4b: Rapidash|Protect|p4b: Rapidash\n|-singleturn|p4b: Rapidash|Protect\n|move|p2a: Kingdra|Muddy Water|p1a: Carbink|[spread] p1a,p3b\n|-activate|p4b: Rapidash|move: Protect\n|-supereffective|p1a: Carbink\n|-crit|p1a: Carbink\n|-damage|p1a: Carbink|100\/236\n|-damage|p3b: Alcremie|212\/246\n|-unboost|p1a: Carbink|accuracy|1\n|-enditem|p1a: Carbink|Sitrus Berry|[eat]\n|-heal|p1a: Carbink|159\/236|[from] item: Sitrus Berry\n|move|p3b: Alcremie|Decorate|p2a: Kingdra\n|-boost|p2a: Kingdra|atk|2\n|-boost|p2a: Kingdra|spa|2\n|move|p1a: Carbink|Iron Defense|p1a: Carbink\n|-boost|p1a: Carbink|def|2\n|\n|upkeep\n|turn|3\n|c|\u2606peyko|\u592a\u574f\u4e86\n|c|\u2606NoNoLingKou|\u6709\u70b9\u60f3\u5148\u6253\u6492\u9489\u5b50\u7684\n|\n|t:|1618058942\n|move|p3b: Alcremie|Protect|p3b: Alcremie\n|-singleturn|p3b: Alcremie|Protect\n|move|p2a: Kingdra|Muddy Water|p4b: Rapidash|[spread] p4b\n|-activate|p3b: Alcremie|move: Protect\n|-miss|p2a: Kingdra|p1a: Carbink\n|-supereffective|p4b: Rapidash\n|-damage|p4b: Rapidash|0 fnt\n|faint|p4b: Rapidash\n|move|p1a: Carbink|Body Press|p2a: Kingdra|[miss]\n|-miss|p1a: Carbink|p2a: Kingdra\n|\n|upkeep\n|c|\u2606swordsman.n|\u54a6\n|c|\u2606NoNoLingKou|\u8fd9\u4e5f\u592a\u5f00\u5fc3\u4e86\n|c|\u2606peyko|\u8fd9\u9f99\u738b\u8981\u65e0\u53cc\u4e86\n|c|\u2606lunan0713|Pika\u2014\u2014\n|\n|t:|1618058968\n|switch|p4b: Tauros|Tauros, L84, M|263\/263\n|-damage|p4b: Tauros|231\/263|[from] Stealth Rock\n|-ability|p4b: Tauros|Intimidate|boost\n|-unboost|p1a: Carbink|atk|1\n|-unboost|p2a: Kingdra|atk|1\n|-unboost|p3b: Alcremie|atk|1\n|turn|4\n|\n|t:|1618058987\n|move|p2a: Kingdra|Muddy Water|p3b: Alcremie|[spread] p1a,p3b,p4b\n|-supereffective|p1a: Carbink\n|-crit|p1a: Carbink\n|-damage|p1a: Carbink|3\/236\n|-damage|p3b: Alcremie|137\/246\n|-damage|p4b: Tauros|134\/263\n|move|p4b: Tauros|Body Slam|p2a: Kingdra\n|-damage|p2a: Kingdra|71\/257\n|-status|p2a: Kingdra|par\n|-damage|p4b: Tauros|108\/263|[from] item: Life Orb\n|move|p3b: Alcremie|Decorate|p2a: Kingdra\n|-boost|p2a: Kingdra|atk|2\n|-boost|p2a: Kingdra|spa|2\n|move|p1a: Carbink|Body Press|p2a: Kingdra|[miss]\n|-miss|p1a: Carbink|p2a: Kingdra\n|\n|upkeep\n|turn|5\n|\n|t:|1618059007\n|move|p4b: Tauros|Body Slam|p2a: Kingdra\n|-damage|p2a: Kingdra|0 fnt\n|-damage|p4b: Tauros|82\/263|[from] item: Life Orb\n|faint|p2a: Kingdra\n|move|p3b: Alcremie|Decorate|p4b: Tauros\n|-boost|p4b: Tauros|atk|2\n|-boost|p4b: Tauros|spa|2\n|move|p1a: Carbink|Body Press|p2: Kingdra|[notarget]\n|-fail|p1a: Carbink\n|\n|upkeep\n|\n|t:|1618059028\n|switch|p2a: Bronzong|Bronzong, L88|261\/261\n|-damage|p2a: Bronzong|245\/261|[from] Stealth Rock\n|turn|6\n|c|\u2606lunan0713|\u5c31\n|c|\u2606peyko|\u6709\u4eba\u4e00\u809a\u5b50\u574f\u6c34\uff0c\u4f46\u662f\u6211\u4e0d\u8bf4\n|c|\u2606NoNoLingKou|www\n|\n|t:|1618059045\n|move|p4b: Tauros|Protect|p4b: Tauros\n|-singleturn|p4b: Tauros|Protect\n|move|p3b: Alcremie|Protect|p3b: Alcremie\n|-singleturn|p3b: Alcremie|Protect\n|move|p1a: Carbink|Body Press|p2a: Bronzong\n|-damage|p2a: Bronzong|95\/261\n|-enditem|p2a: Bronzong|Sitrus Berry|[eat]\n|-heal|p2a: Bronzong|160\/261|[from] item: Sitrus Berry\n|move|p2a: Bronzong|Trick Room|p2a: Bronzong\n|-fieldstart|move: Trick Room|[of] p2a: Bronzong\n|\n|upkeep\n|turn|7\n|\n|t:|1618059064\n|move|p2a: Bronzong|Body Press|p1a: Carbink\n|-damage|p1a: Carbink|0 fnt\n|faint|p1a: Carbink\n|move|p3b: Alcremie|Decorate|p2a: Bronzong\n|-boost|p2a: Bronzong|atk|2\n|-boost|p2a: Bronzong|spa|2\n|move|p4b: Tauros|Body Slam|p3b: Alcremie\n|-damage|p3b: Alcremie|0 fnt\n|-damage|p4b: Tauros|56\/263|[from] item: Life Orb\n|faint|p3b: Alcremie\n|\n|upkeep\n|c|\u2606NoNoLingKou|\u53ef\u6076\n|\n|t:|1618059080\n|switch|p1a: Stakataka|Stakataka, L82|234\/234\n|switch|p3b: Registeel|Registeel, L86|278\/278\n|-damage|p3b: Registeel|261\/278|[from] Stealth Rock\n|turn|8\n|c|\u2606peyko|\uff1f\n|c|\u2606lunan0713|\u8fd9\u7a7a\u95f4\u53ef\u592a\u68d2\u4e86\n|\n|t:|1618059101\n|move|p1a: Stakataka|Body Press|p2a: Bronzong\n|-damage|p2a: Bronzong|35\/261\n|move|p2a: Bronzong|Body Press|p1a: Stakataka\n|-supereffective|p1a: Stakataka\n|-damage|p1a: Stakataka|98\/234\n|move|p3b: Registeel|Curse|p3b: Registeel\n|-unboost|p3b: Registeel|spe|1\n|-boost|p3b: Registeel|atk|1\n|-boost|p3b: Registeel|def|1\n|move|p4b: Tauros|Close Combat|p1a: Stakataka\n|-supereffective|p1a: Stakataka\n|-damage|p1a: Stakataka|0 fnt\n|-unboost|p4b: Tauros|def|1\n|-unboost|p4b: Tauros|spd|1\n|-damage|p4b: Tauros|30\/263|[from] item: Life Orb\n|faint|p1a: Stakataka\n|\n|upkeep\n|c|\u2606lunan0713|\uff1f\n|c|\u2606swordsman.n|\u53ef\u592a\u68d2\u4e86\n|\n|t:|1618059118\n|switch|p1a: Steelix|Steelix, L88, M|275\/275\n|turn|9\n|c|\u2606NoNoLingKou|\u786e\u5b9e\n|c|\u2606lunan0713|\u53ef\u592a\u68d2\u4e86\n|\n|t:|1618059149\n|move|p2a: Bronzong|Body Press|p3b: Registeel\n|-supereffective|p3b: Registeel\n|-damage|p3b: Registeel|195\/278\n|move|p3b: Registeel|Body Press|p4b: Tauros\n|-supereffective|p4b: Tauros\n|-damage|p4b: Tauros|0 fnt\n|faint|p4b: Tauros\n|move|p1a: Steelix|High Horsepower|p3b: Registeel\n|-supereffective|p3b: Registeel\n|-damage|p3b: Registeel|115\/278\n|\n|upkeep\n|c|\u2606NoNoLingKou|\u5f00\u59cb\u4e86\u5f00\u59cb\u4e86\n|c|\u2606lunan0713|\u6709\u4eba\u5f3a\u5316 \u63cd\u4ed6\n|\n|t:|1618059179\n|switch|p4b: Lunala|Lunala, L74|325\/325\n|-damage|p4b: Lunala|285\/325|[from] Stealth Rock\n|turn|10\n|c|\u2606swordsman.n|\uff1f\n|\n|t:|1618059197\n|move|p4b: Lunala|Protect|p4b: Lunala\n|-singleturn|p4b: Lunala|Protect\n|move|p2a: Bronzong|Iron Head|p4b: Lunala\n|-activate|p4b: Lunala|move: Protect\n|move|p3b: Registeel|Body Press|p1a: Steelix\n|-supereffective|p1a: Steelix\n|-damage|p1a: Steelix|153\/275\n|move|p1a: Steelix|Head Smash|p4b: Lunala\n|-activate|p4b: Lunala|move: Protect\n|\n|-fieldend|move: Trick Room\n|upkeep\n|turn|11\n|c|\u2606peyko|\uff1f\n|\n|t:|1618059225\n|move|p4b: Lunala|Moongeist Beam|p2a: Bronzong\n|-supereffective|p2a: Bronzong\n|-damage|p2a: Bronzong|0 fnt\n|faint|p2a: Bronzong\n|move|p1a: Steelix|High Horsepower|p3b: Registeel\n|-supereffective|p3b: Registeel\n|-damage|p3b: Registeel|19\/278\n|move|p3b: Registeel|Rest|p3b: Registeel\n|-status|p3b: Registeel|slp|[from] move: Rest\n|-heal|p3b: Registeel|278\/278 slp|[silent]\n|-enditem|p3b: Registeel|Chesto Berry|[eat]\n|-curestatus|p3b: Registeel|slp|[msg]\n|\n|upkeep\n|\n|t:|1618059244\n|switch|p2a: Tangrowth|Tangrowth, L85, M|309\/309\n|-damage|p2a: Tangrowth|271\/309|[from] Stealth Rock\n|turn|12\n|\n|t:|1618059261\n|move|p4b: Lunala|Protect|p4b: Lunala\n|-singleturn|p4b: Lunala|Protect\n|move|p2a: Tangrowth|Focus Blast|p3b: Registeel|[miss]\n|-miss|p2a: Tangrowth|p3b: Registeel\n|move|p1a: Steelix|High Horsepower|p3b: Registeel\n|-supereffective|p3b: Registeel\n|-damage|p3b: Registeel|194\/278\n|move|p3b: Registeel|Curse|p3b: Registeel\n|-unboost|p3b: Registeel|spe|1\n|-boost|p3b: Registeel|atk|1\n|-boost|p3b: Registeel|def|1\n|\n|upkeep\n|turn|13\n|\n|t:|1618059282\n|switch|p4b: Noctowl|Noctowl, L84, F|305\/305\n|-damage|p4b: Noctowl|229\/305|[from] Stealth Rock\n|move|p2a: Tangrowth|Knock Off|p4b: Noctowl\n|-damage|p4b: Noctowl|114\/305\n|-enditem|p4b: Noctowl|Sitrus Berry|[from] move: Knock Off|[of] p2a: Tangrowth\n|move|p1a: Steelix|High Horsepower|p3b: Registeel\n|-supereffective|p3b: Registeel\n|-damage|p3b: Registeel|134\/278\n|move|p3b: Registeel|Body Press|p1a: Steelix\n|-supereffective|p1a: Steelix\n|-damage|p1a: Steelix|0 fnt\n|faint|p1a: Steelix\n|\n|upkeep\n|c|\u2606NoNoLingKou|\u53ef\u6076\u8fd9\u4e2a\u5375\u600e\u4e48\u56de\u4e8b\u561b\n|c|\u2606peyko|\u8def\u5357\u2014\u2014\n|\n|t:|1618059309\n|switch|p1a: Trevenant|Trevenant, L88, F|293\/293\n|turn|14\n|c|\u2606lunan0713|\u6709\u4eba\u5f3a\u5316.jpg\n|\n|t:|1618059331\n|move|p4b: Noctowl|Heat Wave|p3b: Registeel|[spread] p1a,p2a,p3b\n|-supereffective|p1a: Trevenant\n|-supereffective|p2a: Tangrowth\n|-supereffective|p3b: Registeel\n|-damage|p1a: Trevenant|231\/293\n|-damage|p2a: Tangrowth|183\/309\n|-damage|p3b: Registeel|98\/278\n|move|p2a: Tangrowth|Knock Off|p1a: Trevenant\n|-supereffective|p1a: Trevenant\n|-damage|p1a: Trevenant|75\/293\n|-enditem|p1a: Trevenant|Sitrus Berry|[from] move: Knock Off|[of] p2a: Tangrowth\n|move|p1a: Trevenant|Will-O-Wisp|p3b: Registeel\n|-status|p3b: Registeel|brn\n|move|p3b: Registeel|Body Press|p2a: Tangrowth\n|-damage|p2a: Tangrowth|119\/309\n|-enditem|p2a: Tangrowth|Sitrus Berry|[eat]\n|-heal|p2a: Tangrowth|196\/309|[from] item: Sitrus Berry\n|\n|-damage|p3b: Registeel|81\/278 brn|[from] brn\n|upkeep\n|turn|15\n|\n|t:|1618059352\n|move|p4b: Noctowl|Heat Wave|p1a: Trevenant|[spread] p1a,p2a,p3b\n|-supereffective|p1a: Trevenant\n|-supereffective|p2a: Tangrowth\n|-supereffective|p3b: Registeel\n|-damage|p1a: Trevenant|17\/293\n|-damage|p2a: Tangrowth|106\/309\n|-damage|p3b: Registeel|41\/278 brn\n|move|p2a: Tangrowth|Focus Blast|p3b: Registeel\n|-supereffective|p3b: Registeel\n|-damage|p3b: Registeel|0 fnt\n|faint|p3b: Registeel\n|move|p1a: Trevenant|Poltergeist||[still]\n|-fail|p1a: Trevenant\n|\n|upkeep\n|\n|t:|1618059365\n|switch|p3b: Thundurus|Thundurus, L82, M|263\/263\n|-damage|p3b: Thundurus|198\/263|[from] Stealth Rock\n|turn|16\n|c|\u2606lunan0713|\u54e6\u6211\u5fd8\u4e86\n|c|\u2606peyko|\u4e0d\u597d\u8036\n|j| sh_haha\n|c|\u2606swordsman.n|\u6211\u8ba9\u4f60\u4eec\u4e00\u4e2apm\n|l| sh_haha\n|\n|t:|1618059400\n|switch|p2a: Shedinja|Shedinja, L94|1\/1\n|-damage|p2a: Shedinja|0 fnt|[from] Stealth Rock\n|faint|p2a: Shedinja\n|move|p3b: Thundurus|Protect|p3b: Thundurus\n|-singleturn|p3b: Thundurus|Protect\n|move|p4b: Noctowl|Roost|p4b: Noctowl\n|-heal|p4b: Noctowl|267\/305\n|-singleturn|p4b: Noctowl|move: Roost\n|move|p1a: Trevenant|Will-O-Wisp|p2: Shedinja|[notarget]\n|-fail|p1a: Trevenant\n|\n|upkeep\n|c|\u2606NoNoLingKou|hhhhh\n|\n|t:|1618059413\n|switch|p2a: Cresselia|Cresselia, L84, F|339\/339\n|-damage|p2a: Cresselia|297\/339|[from] Stealth Rock\n|turn|17\n|c|\u2606peyko|\uff1f\n|c|\u2606peyko|\u600e\u4e48\u53c8\u662f\n|\n|t:|1618059429\n|move|p3b: Thundurus|Nasty Plot|p3b: Thundurus\n|-boost|p3b: Thundurus|spa|2\n|move|p2a: Cresselia|Icy Wind|p4b: Noctowl|[spread] p1a,p3b,p4b\n|-supereffective|p1a: Trevenant\n|-supereffective|p3b: Thundurus\n|-supereffective|p4b: Noctowl\n|-damage|p1a: Trevenant|0 fnt\n|-damage|p3b: Thundurus|160\/263\n|-damage|p4b: Noctowl|235\/305\n|-unboost|p3b: Thundurus|spe|1\n|-unboost|p4b: Noctowl|spe|1\n|faint|p1a: Trevenant\n|move|p4b: Noctowl|Hyper Voice|p3b: Thundurus|[spread] p2a,p3b\n|-damage|p2a: Cresselia|267\/339\n|-damage|p3b: Thundurus|112\/263\n|-enditem|p3b: Thundurus|Sitrus Berry|[eat]\n|-heal|p3b: Thundurus|177\/263|[from] item: Sitrus Berry\n|\n|upkeep\n|c|\u2606lunan0713|\u592a\u53d7\u4e86\n|\n|t:|1618059442\n|switch|p1a: Sylveon|Sylveon, L80, M|283\/283\n|turn|18\n|\n|t:|1618059464\n|move|p2a: Cresselia|Psychic|p3b: Thundurus\n|-damage|p3b: Thundurus|96\/263\n|move|p3b: Thundurus|Thunderbolt|p2a: Cresselia\n|-damage|p2a: Cresselia|96\/339\n|-enditem|p2a: Cresselia|Sitrus Berry|[eat]\n|-heal|p2a: Cresselia|180\/339|[from] item: Sitrus Berry\n|move|p1a: Sylveon|Calm Mind|p1a: Sylveon\n|-boost|p1a: Sylveon|spa|1\n|-boost|p1a: Sylveon|spd|1\n|move|p4b: Noctowl|Hyper Voice|p3b: Thundurus|[spread] p1a,p2a,p3b\n|-damage|p1a: Sylveon|264\/283\n|-damage|p2a: Cresselia|147\/339\n|-damage|p3b: Thundurus|47\/263\n|\n|upkeep\n|turn|19\n|\n|t:|1618059534\n|move|p1a: Sylveon|Protect|p1a: Sylveon\n|-singleturn|p1a: Sylveon|Protect\n|move|p2a: Cresselia|Moonlight|p2a: Cresselia\n|-heal|p2a: Cresselia|316\/339\n|move|p3b: Thundurus|Thunderbolt|p2a: Cresselia\n|-damage|p2a: Cresselia|144\/339\n|move|p4b: Noctowl|Hyper Voice|p1a: Sylveon|[spread] p2a,p3b\n|-activate|p1a: Sylveon|move: Protect\n|-damage|p2a: Cresselia|111\/339\n|-damage|p3b: Thundurus|0 fnt\n|faint|p3b: Thundurus\n|\n|upkeep\n|j| xiaoyong\n|\n|t:|1618059550\n|switch|p3b: Dubwool|Dubwool, L90, F|276\/276\n|-damage|p3b: Dubwool|242\/276|[from] Stealth Rock\n|turn|20\n|\n|t:|1618059557\n|move|p2a: Cresselia|Helping Hand|p3b: Dubwool\n|-singleturn|p3b: Dubwool|Helping Hand|[of] p2a: Cresselia\n|move|p3b: Dubwool|Thunder Wave|p2a: Cresselia\n|-status|p2a: Cresselia|par\n|move|p1a: Sylveon|Hyper Voice|p3b: Dubwool|[spread] p2a,p3b,p4b\n|-damage|p2a: Cresselia|50\/339 par\n|-damage|p3b: Dubwool|164\/276\n|-damage|p4b: Noctowl|150\/305\n|move|p4b: Noctowl|Nasty Plot|p4b: Noctowl\n|-boost|p4b: Noctowl|spa|2\n|\n|upkeep\n|turn|21\n|c|\u2606swordsman.n|\u5582\n|\n|t:|1618059583\n|cant|p2a: Cresselia|par\n|move|p3b: Dubwool|Double-Edge|p4b: Noctowl\n|-damage|p4b: Noctowl|0 fnt\n|-damage|p3b: Dubwool|114\/276|[from] Recoil\n|-enditem|p3b: Dubwool|Sitrus Berry|[eat]\n|-heal|p3b: Dubwool|183\/276|[from] item: Sitrus Berry\n|faint|p4b: Noctowl\n|move|p1a: Sylveon|Calm Mind|p1a: Sylveon\n|-boost|p1a: Sylveon|spa|1\n|-boost|p1a: Sylveon|spd|1\n|\n|upkeep\n|\n|t:|1618059595\n|switch|p4b: Toxtricity|Toxtricity, L84, F|263\/263\n|-damage|p4b: Toxtricity|231\/263|[from] Stealth Rock\n|turn|22\n|\n|t:|1618059609\n|move|p2a: Cresselia|Helping Hand|p3b: Dubwool\n|-singleturn|p3b: Dubwool|Helping Hand|[of] p2a: Cresselia\n|move|p1a: Sylveon|Protect|p1a: Sylveon\n|-singleturn|p1a: Sylveon|Protect\n|move|p3b: Dubwool|Double-Edge|p1a: Sylveon\n|-activate|p1a: Sylveon|move: Protect\n|move|p4b: Toxtricity|Boomburst|p1a: Sylveon|[spread] p2a,p3b\n|-activate|p1a: Sylveon|move: Protect\n|-damage|p2a: Cresselia|0 fnt\n|-damage|p3b: Dubwool|114\/276\n|-enditem|p4b: Toxtricity|Throat Spray\n|-boost|p4b: Toxtricity|spa|1|[from] item: Throat Spray\n|faint|p2a: Cresselia\n|\n|upkeep\n|c|\u2606lunan0713|\u6211\u5c31\u77e5\u9053\u67090\u8981\u5bb3\u6211\n|\n|t:|1618059628\n|switch|p2a: Milotic|Milotic, L80, F|283\/283\n|-damage|p2a: Milotic|248\/283|[from] Stealth Rock\n|turn|23\n|c|\u2606NoNoLingKou|\u6709\u4eba\u5f3a\u5316\n|\n|t:|1618059641\n|move|p3b: Dubwool|Double-Edge|p1a: Sylveon\n|-damage|p1a: Sylveon|92\/283\n|-enditem|p1a: Sylveon|Sitrus Berry|[eat]\n|-heal|p1a: Sylveon|162\/283|[from] item: Sitrus Berry\n|-damage|p3b: Dubwool|57\/276|[from] Recoil\n|move|p2a: Milotic|Hypnosis|p1a: Sylveon\n|-status|p1a: Sylveon|slp|[from] move: Hypnosis\n|move|p4b: Toxtricity|Overdrive|p1a: Sylveon|[spread] p1a,p2a,p3b\n|-supereffective|p2a: Milotic\n|-damage|p1a: Sylveon|125\/283 slp\n|-damage|p2a: Milotic|110\/283\n|-damage|p3b: Dubwool|0 fnt\n|-enditem|p2a: Milotic|Sitrus Berry|[eat]\n|-heal|p2a: Milotic|180\/283|[from] item: Sitrus Berry\n|faint|p3b: Dubwool\n|cant|p1a: Sylveon|slp\n|\n|upkeep\n|c|\u2606lunan0713|\u574f\u4e86\n|\n|t:|1618059666\n|switch|p3b: Palkia|Palkia, L74|255\/255\n|-damage|p3b: Palkia|224\/255|[from] Stealth Rock\n|turn|24\n|c|\u2606swordsman.n|\u53cd\u6b63\u6211\u8fd9\u5c40\u6ca1\u4e86\n|c|\u2606peyko|\uff1f\n|c|\u2606lunan0713|\uff1f\n|c|\u2606peyko|\u51fa\u73b0\n|\n|t:|1618059682\n|-start|p2a: Milotic|Dynamax\n|-heal|p2a: Milotic|360\/566|[silent]\n|move|p3b: Palkia|Spacial Rend|p4b: Toxtricity\n|-damage|p4b: Toxtricity|99\/263\n|move|p2a: Milotic|Max Geyser|p4b: Toxtricity\n|-damage|p4b: Toxtricity|0 fnt\n|-weather|RainDance\n|faint|p4b: Toxtricity\n|cant|p1a: Sylveon|slp\n|\n|-weather|RainDance|[upkeep]\n|upkeep\n|c|\u2606peyko|\uff1f\n|c|\u2606lunan0713|\u6b64\u65f6\u4f0a\u5e03\u4f9d\u65e7\u5728\u7761\u89c9\n|\n|t:|1618059697\n|switch|p4b: Lunala|Lunala, L74|285\/325\n|-damage|p4b: Lunala|245\/325|[from] Stealth Rock\n|turn|25\n|\n|t:|1618059706\n|-start|p3b: Palkia|Dynamax\n|-heal|p3b: Palkia|448\/510|[silent]\n|-curestatus|p1a: Sylveon|slp|[msg]\n|move|p1a: Sylveon|Protect|p1a: Sylveon\n|-singleturn|p1a: Sylveon|Protect\n|move|p3b: Palkia|Max Geyser|p1a: Sylveon\n|-zbroken|p1a: Sylveon\n|-damage|p1a: Sylveon|101\/283\n|move|p4b: Lunala|Calm Mind|p4b: Lunala\n|-boost|p4b: Lunala|spa|1\n|-boost|p4b: Lunala|spd|1\n|move|p2a: Milotic|Max Geyser|p1a: Sylveon\n|-zbroken|p1a: Sylveon\n|-damage|p1a: Sylveon|83\/283\n|\n|-weather|RainDance|[upkeep]\n|upkeep\n|turn|26\n|c|\u2606NoNoLingKou|\u602a\u4e1c\u897f\n|\n|t:|1618059737\n|-start|p4b: Lunala|Dynamax\n|-heal|p4b: Lunala|490\/650|[silent]\n|move|p3b: Palkia|Max Geyser|p1a: Sylveon\n|-damage|p1a: Sylveon|0 fnt\n|faint|p1a: Sylveon\n|move|p4b: Lunala|Max Starfall|p3b: Palkia\n|-supereffective|p3b: Palkia\n|-damage|p3b: Palkia|190\/510\n|-fieldstart|move: Misty Terrain\n|-enditem|p3b: Palkia|Sitrus Berry|[eat]\n|-heal|p3b: Palkia|253\/510|[from] item: Sitrus Berry\n|move|p2a: Milotic|Max Geyser|p4b: Lunala\n|-damage|p4b: Lunala|352\/650\n|\n|-weather|RainDance|[upkeep]\n|-end|p2a: Milotic|Dynamax\n|-heal|p2a: Milotic|180\/283|[silent]\n|upkeep\n|\n|t:|1618059752\n|switch|p1a: Zekrom|Zekrom, L72|263\/263\n|-ability|p1a: Zekrom|Teravolt\n|turn|27\n|c|\u2606lunan0713|\u5bb3\n|c|\u2606NoNoLingKou|\u6211\u8981\u6ca1\u4e86\n|c|\u2606peyko|\uff1f\n|c|\u2606swordsman.n|\u600e\u4e48\u5c31\u6211\u6ca1ub\u7684\uff01\n|c|\u2606lunan0713|\u6211\u8981\u62a5\u4ec7\u529b\n|\n|t:|1618059778\n|-start|p1a: Zekrom|Dynamax\n|-heal|p1a: Zekrom|526\/526|[silent]\n|move|p3b: Palkia|Max Geyser|p4b: Lunala\n|-damage|p4b: Lunala|177\/650\n|-enditem|p4b: Lunala|Sitrus Berry|[eat]\n|-heal|p4b: Lunala|258\/650|[from] item: Sitrus Berry\n|move|p4b: Lunala|Max Starfall|p1a: Zekrom\n|-supereffective|p1a: Zekrom\n|-damage|p1a: Zekrom|254\/526\n|-enditem|p1a: Zekrom|Sitrus Berry|[eat]\n|-heal|p1a: Zekrom|319\/526|[from] item: Sitrus Berry\n|move|p2a: Milotic|Muddy Water|p1a: Zekrom|[spread] p1a,p3b,p4b\n|-resisted|p1a: Zekrom\n|-resisted|p3b: Palkia\n|-damage|p1a: Zekrom|284\/526\n|-damage|p3b: Palkia|238\/510\n|-damage|p4b: Lunala|216\/650\n|move|p1a: Zekrom|Max Wyrmwind|p3b: Palkia\n|-supereffective|p3b: Palkia\n|-damage|p3b: Palkia|94\/510\n|-unboost|p2a: Milotic|atk|1\n|-ability|p2a: Milotic|Competitive\n|-boost|p2a: Milotic|spa|2\n|-unboost|p3b: Palkia|atk|1\n|-unboost|p4b: Lunala|atk|1\n|\n|-weather|RainDance|[upkeep]\n|-end|p3b: Palkia|Dynamax\n|-heal|p3b: Palkia|47\/255|[silent]\n|upkeep\n|turn|28\n|c|\u2606lunan0713|\u8fd9\u73a9\u610f\u529b\u5ea6\u597d\u83dc\u554a\n|c|\u2606peyko|\u9ed1\u9f99\u529b\u5ea6\u8fd9\u4e48\u9e21\u5417\n|c|\u2606swordsman.n|\u4ed9\u573a\n|\n|t:|1618059832\n|move|p3b: Palkia|Hydro Pump|p4b: Lunala\n|-crit|p4b: Lunala\n|-damage|p4b: Lunala|0 fnt\n|faint|p4b: Lunala\n|move|p2a: Milotic|Muddy Water|p3b: Palkia|[spread] p3b\n|-miss|p2a: Milotic|p1a: Zekrom\n|-resisted|p3b: Palkia\n|-damage|p3b: Palkia|15\/255\n|move|p1a: Zekrom|Max Lightning|p2a: Milotic\n|-supereffective|p2a: Milotic\n|-damage|p2a: Milotic|0 fnt\n|-fieldstart|move: Electric Terrain\n|faint|p2a: Milotic\n|\n|-weather|none\n|upkeep\n|c|\u2606peyko|\uff1f\n|\n|t:|1618059846\n|switch|p4b: Heatran|Heatran, L80, F|277\/277\n|switch|p2a: Tangrowth|Tangrowth, L85, M|209\/309\n|-damage|p4b: Heatran|243\/277|[from] Stealth Rock\n|-damage|p2a: Tangrowth|171\/309|[from] Stealth Rock\n|turn|29\n|c|\u2606NoNoLingKou|\u81f4\u547dct\n|\n|t:|1618059865\n|move|p4b: Heatran|Eruption|p3b: Palkia|[spread] p1a,p2a,p3b\n|-resisted|p1a: Zekrom\n|-supereffective|p2a: Tangrowth\n|-resisted|p3b: Palkia\n|-damage|p1a: Zekrom|242\/526\n|-damage|p2a: Tangrowth|0 fnt\n|-damage|p3b: Palkia|0 fnt\n|faint|p2a: Tangrowth\n|faint|p3b: Palkia\n|move|p1a: Zekrom|Max Lightning|p3: Palkia|[notarget]\n|-fail|p1a: Zekrom\n|\n|-end|p1a: Zekrom|Dynamax\n|-heal|p1a: Zekrom|121\/263|[silent]\n|upkeep\n|\n|t:|1618059874\n|switch|p3b: Grapploct|Grapploct, L88, F|284\/284\n|-damage|p3b: Grapploct|267\/284|[from] Stealth Rock\n|turn|30\n|c|\u2606peyko|\u8349\uff0c\u624d\u53d1\u73b0\u662f\u56f4\u5dfe\n|\n|t:|1618059897\n|move|p4b: Heatran|Eruption|p3b: Grapploct|[spread] p1a,p3b\n|-resisted|p1a: Zekrom\n|-damage|p1a: Zekrom|76\/263\n|-damage|p3b: Grapploct|183\/284\n|move|p1a: Zekrom|Roost|p1a: Zekrom\n|-heal|p1a: Zekrom|208\/263\n|-singleturn|p1a: Zekrom|move: Roost\n|move|p3b: Grapploct|Drain Punch|p4b: Heatran\n|-supereffective|p4b: Heatran\n|-damage|p4b: Heatran|39\/277\n|-heal|p3b: Grapploct|284\/284|[from] drain|[of] p4b: Heatran\n|\n|upkeep\n|turn|31\n|c|\u2606swordsman.n|\u706b\u94a2\u53ef\u4ee5\u653e\u7740\u4e0d\u7ba1\u4e86\n|\n|t:|1618059926\n|move|p4b: Heatran|Eruption|p1a: Zekrom|[spread] p1a,p3b\n|-resisted|p1a: Zekrom\n|-damage|p1a: Zekrom|202\/263\n|-damage|p3b: Grapploct|272\/284\n|move|p1a: Zekrom|Dragon Dance|p1a: Zekrom\n|-boost|p1a: Zekrom|atk|1\n|-boost|p1a: Zekrom|spe|1\n|move|p3b: Grapploct|Ice Punch|p1a: Zekrom\n|-supereffective|p1a: Zekrom\n|-damage|p1a: Zekrom|72\/263\n|\n|upkeep\n|turn|32\n|c|\u2606peyko|\u7cdf\u4e86\n|c|\u2606peyko|\u516b\u722a\u9c7c\u7684\u80dc\u5229\n|\n|t:|1618059948\n|move|p1a: Zekrom|Bolt Strike|p3b: Grapploct|[miss]\n|-miss|p1a: Zekrom|p3b: Grapploct\n|move|p4b: Heatran|Eruption|p3b: Grapploct|[spread] p1a,p3b\n|-resisted|p1a: Zekrom\n|-damage|p1a: Zekrom|66\/263\n|-damage|p3b: Grapploct|260\/284\n|move|p3b: Grapploct|Ice Punch|p1a: Zekrom\n|-supereffective|p1a: Zekrom\n|-damage|p1a: Zekrom|0 fnt\n|faint|p1a: Zekrom\n|\n|-fieldend|move: Electric Terrain\n|upkeep\n|turn|33\n|c|\u2606NoNoLingKou|\u5657\n|c|\u2606lunan0713|\uff1f\n|\n|t:|1618059961\n|move|p4b: Heatran|Eruption|p3b: Grapploct\n|-damage|p3b: Grapploct|232\/284\n|move|p3b: Grapploct|Drain Punch|p4b: Heatran\n|-supereffective|p4b: Heatran\n|-damage|p4b: Heatran|0 fnt\n|-heal|p3b: Grapploct|252\/284|[from] drain|[of] p4b: Heatran\n|faint|p4b: Heatran\n|\n|win|NoNoLingKou\n|c|\u2606lunan0713|\u81f4\u547dmiss\n|c|\u2606NoNoLingKou|\u592a\u6f14\u4e86\n|l|\u2606swordsman.n\n|l|\u2606NoNoLingKou\n","inputlog":">version f7a6230088c467575e49a5e45e776160941456b4\n>version-origin 3918ebd609a2bd57e0326bf76fca79306b37a61f\n>start {\"formatid\":\"gen8freeforallrandombattle\",\"seed\":[55955,49007,20397,16950]}\n>player p1 {\"name\":\"lunan0713\",\"avatar\":\"winona\",\"rating\":0,\"seed\":[37351,60017,22134,47346]}\n>player p2 {\"name\":\"swordsman.n\",\"avatar\":\"caitlin\",\"rating\":0,\"seed\":[37861,64891,6286,36408]}\n>player p3 {\"name\":\"NoNoLingKou\",\"avatar\":\"veteranf\",\"seed\":[27651,41272,36187,29879]}\n>chat  peyko|\u7a9d\n>chat \u2606swordsman.n|pekyo\n>player p4 {\"name\":\"peyko\",\"avatar\":\"blackbelt-gen4dp\",\"seed\":[42973,18684,48609,58301]}\n>p1 move stealthrock\n>p2 move muddywater\n>p3 move protect\n>p4 move highhorsepower\n>p1 move irondefense\n>p2 move muddywater\n>p3 move decorate\n>p4 move protect\n>chat \u2606peyko|\u592a\u574f\u4e86\n>chat \u2606NoNoLingKou|\u6709\u70b9\u60f3\u5148\u6253\u6492\u9489\u5b50\u7684\n>p1 move bodypress\n>p2 move muddywater\n>p3 move protect\n>p4 move highhorsepower\n>chat \u2606swordsman.n|\u54a6\n>chat \u2606NoNoLingKou|\u8fd9\u4e5f\u592a\u5f00\u5fc3\u4e86\n>chat \u2606peyko|\u8fd9\u9f99\u738b\u8981\u65e0\u53cc\u4e86\n>chat \u2606lunan0713|Pika\u2014\u2014\n>p4 switch 4\n>p1 move bodypress\n>p2 move muddywater\n>p3 move decorate\n>p4 move bodyslam\n>p1 move bodypress\n>p2 move muddywater\n>p3 move decorate\n>p4 move bodyslam\n>p2 switch 4\n>chat \u2606lunan0713|\u5c31\n>chat \u2606peyko|\u6709\u4eba\u4e00\u809a\u5b50\u574f\u6c34\uff0c\u4f46\u662f\u6211\u4e0d\u8bf4\n>chat \u2606NoNoLingKou|www\n>p1 move bodypress\n>p2 move trickroom\n>p3 move protect\n>p4 move protect\n>p1 move bodypress\n>p2 move bodypress\n>p3 move decorate\n>p4 move bodyslam\n>chat \u2606NoNoLingKou|\u53ef\u6076\n>p1 switch 4\n>p3 switch 2\n>chat \u2606peyko|\uff1f\n>chat \u2606lunan0713|\u8fd9\u7a7a\u95f4\u53ef\u592a\u68d2\u4e86\n>p1 move bodypress\n>p2 move bodypress\n>p3 move curse\n>p4 move closecombat\n>chat \u2606lunan0713|\uff1f\n>chat \u2606swordsman.n|\u53ef\u592a\u68d2\u4e86\n>p1 switch 6\n>chat \u2606NoNoLingKou|\u786e\u5b9e\n>chat \u2606lunan0713|\u53ef\u592a\u68d2\u4e86\n>p1 move highhorsepower\n>p2 move bodypress\n>p3 move bodypress\n>p4 move closecombat\n>chat \u2606NoNoLingKou|\u5f00\u59cb\u4e86\u5f00\u59cb\u4e86\n>chat \u2606lunan0713|\u6709\u4eba\u5f3a\u5316 \u63cd\u4ed6\n>p4 switch 6\n>chat \u2606swordsman.n|\uff1f\n>p1 move headsmash\n>p2 move ironhead\n>p3 move bodypress\n>p4 move protect\n>chat \u2606peyko|\uff1f\n>p1 move highhorsepower\n>p2 move trickroom\n>p3 move rest\n>p4 move moongeistbeam\n>p2 switch 3\n>p1 move highhorsepower\n>p2 move focusblast\n>p3 move curse\n>p4 move protect\n>p1 move highhorsepower\n>p2 move knockoff\n>p3 move bodypress\n>p4 switch 2\n>chat \u2606NoNoLingKou|\u53ef\u6076\u8fd9\u4e2a\u5375\u600e\u4e48\u56de\u4e8b\u561b\n>chat \u2606peyko|\u8def\u5357\u2014\u2014\n>p1 switch 5\n>chat \u2606lunan0713|\u6709\u4eba\u5f3a\u5316.jpg\n>p1 move willowisp\n>p2 move knockoff\n>p3 move bodypress\n>p4 move heatwave\n>p1 move poltergeist\n>p2 move focusblast\n>p3 move rest\n>p4 move heatwave\n>p3 switch 5\n>chat \u2606lunan0713|\u54e6\u6211\u5fd8\u4e86\n>chat \u2606peyko|\u4e0d\u597d\u8036\n>chat \u2606swordsman.n|\u6211\u8ba9\u4f60\u4eec\u4e00\u4e2apm\n>p1 move willowisp\n>p2 switch 5\n>p3 move protect\n>p4 move roost\n>chat \u2606NoNoLingKou|hhhhh\n>p2 switch 6\n>chat \u2606peyko|\uff1f\n>chat \u2606peyko|\u600e\u4e48\u53c8\u662f\n>p1 move poltergeist\n>p2 move icywind\n>p3 move nastyplot\n>p4 move hypervoice\n>chat \u2606lunan0713|\u592a\u53d7\u4e86\n>p1 switch 2\n>p1 move calmmind\n>p2 move psychic\n>p3 move thunderbolt\n>p4 move hypervoice\n>p1 move protect\n>p2 move moonlight\n>p3 move thunderbolt\n>p4 move hypervoice\n>p3 switch 4\n>p1 move hypervoice\n>p2 move helpinghand\n>p3 move thunderwave\n>p4 move nastyplot\n>chat \u2606swordsman.n|\u5582\n>p1 move calmmind\n>p2 move helpinghand\n>p3 move doubleedge\n>p4 move heatwave\n>p4 switch 5\n>p1 move protect\n>p2 move helpinghand\n>p3 move doubleedge\n>p4 move boomburst\n>chat \u2606lunan0713|\u6211\u5c31\u77e5\u9053\u67090\u8981\u5bb3\u6211\n>p2 switch 2\n>chat \u2606NoNoLingKou|\u6709\u4eba\u5f3a\u5316\n>p1 move mysticalfire\n>p2 move hypnosis\n>p3 move doubleedge\n>p4 move overdrive\n>chat \u2606lunan0713|\u574f\u4e86\n>p3 switch 6\n>chat \u2606swordsman.n|\u53cd\u6b63\u6211\u8fd9\u5c40\u6ca1\u4e86\n>chat \u2606peyko|\uff1f\n>chat \u2606lunan0713|\uff1f\n>chat \u2606peyko|\u51fa\u73b0\n>p1 move hypervoice\n>p2 move muddywater dynamax\n>p3 move spacialrend\n>p4 move snarl\n>chat \u2606peyko|\uff1f\n>chat \u2606lunan0713|\u6b64\u65f6\u4f0a\u5e03\u4f9d\u65e7\u5728\u7761\u89c9\n>p4 switch 2\n>p1 move protect\n>p2 move muddywater dynamax\n>p3 move hydropump dynamax\n>p4 move calmmind\n>chat \u2606NoNoLingKou|\u602a\u4e1c\u897f\n>p1 move hypervoice\n>p2 move muddywater dynamax\n>p3 move hydropump dynamax\n>p4 move moonblast dynamax\n>p1 switch 3\n>chat \u2606lunan0713|\u5bb3\n>chat \u2606NoNoLingKou|\u6211\u8981\u6ca1\u4e86\n>chat \u2606peyko|\uff1f\n>chat \u2606swordsman.n|\u600e\u4e48\u5c31\u6211\u6ca1ub\u7684\uff01\n>chat \u2606lunan0713|\u6211\u8981\u62a5\u4ec7\u529b\n>p1 move dragonclaw dynamax\n>p2 move muddywater\n>p3 move hydropump dynamax\n>p4 move moonblast dynamax\n>chat \u2606lunan0713|\u8fd9\u73a9\u610f\u529b\u5ea6\u597d\u83dc\u554a\n>chat \u2606peyko|\u9ed1\u9f99\u529b\u5ea6\u8fd9\u4e48\u9e21\u5417\n>chat \u2606swordsman.n|\u4ed9\u573a\n>p1 move boltstrike dynamax\n>p2 move muddywater\n>p3 move hydropump\n>p4 move moongeistbeam dynamax\n>chat \u2606peyko|\uff1f\n>p2 switch 5\n>p4 switch 3\n>chat \u2606NoNoLingKou|\u81f4\u547dct\n>p1 move boltstrike dynamax\n>p2 move focusblast\n>p3 move spacialrend\n>p4 move eruption\n>p3 switch 3\n>chat \u2606peyko|\u8349\uff0c\u624d\u53d1\u73b0\u662f\u56f4\u5dfe\n>p1 move roost\n>p3 move drainpunch\n>p4 move eruption\n>chat \u2606swordsman.n|\u706b\u94a2\u53ef\u4ee5\u653e\u7740\u4e0d\u7ba1\u4e86\n>p1 move dragondance\n>p3 move icepunch\n>p4 move eruption\n>chat \u2606peyko|\u7cdf\u4e86\n>chat \u2606peyko|\u516b\u722a\u9c7c\u7684\u80dc\u5229\n>p1 move boltstrike\n>p3 move icepunch\n>p4 move eruption\n>chat \u2606NoNoLingKou|\u5657\n>chat \u2606lunan0713|\uff1f\n>p3 move drainpunch\n>p4 move eruption","uploadtime":1618060010,"views":14,"p1id":"lunan0713","p2id":"swordsmann","formatid":"gen8freeforallrandombattle","rating":0,"private":0,"password":null}