{"id":"china-gen7ou-1717254","p1":"EEEEEvolto\u6df1\u6eba","p2":"paohui521","format":"gen7ou","log":"|j|\u2606EEEEEvolto\u6df1\u6eba\n|j|\u2606paohui521\n|t:|1626583902\n|gametype|singles\n|player|p1|EEEEEvolto\u6df1\u6eba|266|1305\n|player|p2|paohui521|proton|1193\n|teamsize|p1|6\n|teamsize|p2|6\n|gen|7\n|tier|[Gen 7] OU\n|rated|\n|rule|Sleep Clause Mod: Limit one foe put to sleep\n|rule|Species Clause: Limit one of each Pok\u00e9mon\n|rule|OHKO Clause: OHKO moves are banned\n|rule|Moody Clause: Moody is banned\n|rule|Evasion Moves Clause: Evasion moves are banned\n|rule|Endless Battle Clause: Forcing endless battles is banned\n|rule|HP Percentage Mod: HP is shown in percentages\n|clearpoke\n|poke|p1|Sableye, F|item\n|poke|p1|Celesteela|item\n|poke|p1|Pyukumuku, M|item\n|poke|p1|Chansey, F|item\n|poke|p1|Gliscor, F|item\n|poke|p1|Volcarona, F|item\n|poke|p2|Quagsire, M|item\n|poke|p2|Chansey, F|item\n|poke|p2|Lopunny, M|item\n|poke|p2|Kartana|item\n|poke|p2|Talonflame, F|item\n|poke|p2|Magearna|item\n|teampreview\n|inactive|Battle timer is ON: inactive players will automatically lose when time's up. (requested by paohui521)\n|\n|t:|1626583920\n|start\n|switch|p1a: Sableye|Sableye, F|100\/100\n|switch|p2a: Talonflame|Talonflame, F|100\/100\n|turn|1\n|j| DIOAVAV\n|c| DIOAVAV|\u624b\u81c2e\n|\n|t:|1626583947\n|detailschange|p1a: Sableye|Sableye-Mega, F\n|-mega|p1a: Sableye|Sableye|Sablenite\n|move|p1a: Sableye|Protect|p1a: Sableye\n|-singleturn|p1a: Sableye|Protect\n|move|p2a: Talonflame|Swords Dance|p2a: Talonflame\n|-boost|p2a: Talonflame|atk|2\n|\n|upkeep\n|turn|2\n|\n|t:|1626583954\n|switch|p1a: Pyukumuku|Pyukumuku, M|100\/100\n|move|p2a: Talonflame|Swords Dance|p2a: Talonflame\n|-boost|p2a: Talonflame|atk|2\n|\n|upkeep\n|turn|3\n|c| DIOAVAV|\u5c0f\u5fc3\u52fe\u9b42\u773c\u5185\u9b3c\n|\n|t:|1626583960\n|move|p2a: Talonflame|Taunt|p1a: Pyukumuku\n|-start|p1a: Pyukumuku|move: Taunt\n|cant|p1a: Pyukumuku|move: Taunt|Block\n|\n|upkeep\n|turn|4\n|\n|t:|1626583979\n|switch|p1a: Gliscor|Gliscor, F|100\/100\n|move|p2a: Talonflame|Brave Bird|p1a: Gliscor\n|-damage|p1a: Gliscor|12\/100\n|-damage|p2a: Talonflame|72\/100|[from] Recoil\n|\n|-heal|p2a: Talonflame|78\/100|[from] item: Leftovers\n|-status|p1a: Gliscor|tox|[from] item: Toxic Orb\n|upkeep\n|turn|5\n|\n|t:|1626583986\n|move|p2a: Talonflame|Brave Bird|p1a: Gliscor\n|-damage|p1a: Gliscor|0 fnt\n|faint|p1a: Gliscor\n|-damage|p2a: Talonflame|74\/100|[from] Recoil\n|\n|-heal|p2a: Talonflame|80\/100|[from] item: Leftovers\n|upkeep\n|\n|t:|1626583998\n|switch|p1a: Sableye|Sableye-Mega, F|100\/100\n|turn|6\n|\n|t:|1626584002\n|move|p2a: Talonflame|Brave Bird|p1a: Sableye\n|-damage|p1a: Sableye|33\/100\n|-damage|p2a: Talonflame|62\/100|[from] Recoil\n|move|p1a: Sableye|Foul Play|p2a: Talonflame\n|-damage|p2a: Talonflame|0 fnt\n|faint|p2a: Talonflame\n|\n|upkeep\n|\n|t:|1626584010\n|switch|p2a: Lopunny|Lopunny, M|100\/100\n|turn|7\n|\n|t:|1626584014\n|switch|p1a: Celesteela|Celesteela, shiny|100\/100\n|detailschange|p2a: Lopunny|Lopunny-Mega, M\n|-mega|p2a: Lopunny|Lopunny|Lopunnite\n|move|p2a: Lopunny|Power-Up Punch|p1a: Celesteela\n|-damage|p1a: Celesteela|83\/100\n|-boost|p2a: Lopunny|atk|1\n|\n|-heal|p1a: Celesteela|89\/100|[from] item: Leftovers\n|upkeep\n|turn|8\n|\n|t:|1626584032\n|move|p2a: Lopunny|Return|p1a: Celesteela\n|-resisted|p1a: Celesteela\n|-damage|p1a: Celesteela|58\/100\n|move|p1a: Celesteela|Leech Seed|p2a: Lopunny|[miss]\n|-miss|p1a: Celesteela|p2a: Lopunny\n|\n|-heal|p1a: Celesteela|64\/100|[from] item: Leftovers\n|upkeep\n|turn|9\n|\n|t:|1626584038\n|move|p2a: Lopunny|High Jump Kick|p1a: Celesteela\n|-damage|p1a: Celesteela|0 fnt\n|faint|p1a: Celesteela\n|\n|upkeep\n|\n|t:|1626584041\n|switch|p1a: Pyukumuku|Pyukumuku, M|100\/100\n|turn|10\n|\n|t:|1626584046\n|move|p2a: Lopunny|Power-Up Punch|p1a: Pyukumuku\n|-damage|p1a: Pyukumuku|87\/100\n|-boost|p2a: Lopunny|atk|1\n|move|p1a: Pyukumuku|Block|p2a: Lopunny\n|-activate|p2a: Lopunny|trapped\n|\n|-heal|p1a: Pyukumuku|93\/100|[from] item: Leftovers\n|upkeep\n|turn|11\n|\n|t:|1626584052\n|move|p2a: Lopunny|High Jump Kick|p1a: Pyukumuku\n|-damage|p1a: Pyukumuku|46\/100\n|move|p1a: Pyukumuku|Toxic|p2a: Lopunny\n|-status|p2a: Lopunny|tox\n|\n|-heal|p1a: Pyukumuku|52\/100|[from] item: Leftovers\n|-damage|p2a: Lopunny|95\/100 tox|[from] psn\n|upkeep\n|turn|12\n|\n|t:|1626584058\n|move|p2a: Lopunny|Facade|p1a: Pyukumuku\n|-damage|p1a: Pyukumuku|0 fnt\n|faint|p1a: Pyukumuku\n|\n|-damage|p2a: Lopunny|83\/100 tox|[from] psn\n|upkeep\n|\n|t:|1626584063\n|switch|p1a: Volcarona|Volcarona, F|100\/100\n|turn|13\n|\n|t:|1626584067\n|move|p2a: Lopunny|Facade|p1a: Volcarona\n|-damage|p1a: Volcarona|0 fnt\n|faint|p1a: Volcarona\n|\n|-damage|p2a: Lopunny|65\/100 tox|[from] psn\n|upkeep\n|-message|EEEEEvolto\u6df1\u6eba forfeited.\n|\n|win|paohui521\n|raw|EEEEEvolto\u6df1\u6eba's rating: 1305 &rarr; <strong>1284<\/strong><br \/>(-21 for losing)\n|raw|paohui521's rating: 1193 &rarr; <strong>1227<\/strong><br \/>(+34 for winning)\n|l|\u2606EEEEEvolto\u6df1\u6eba\n|l| DIOAVAV\n|j|\u2606EEEEEvolto\u6df1\u6eba\n|player|p1|EEEEEvolto\u6df1\u6eba|266\n","uploadtime":1626584082,"views":9,"p1id":"eeeeevolto","p2id":"paohui521","formatid":"gen7ou","rating":0,"private":0,"password":null}