{"id":"china-gen8bdspou-4262075","p1":"qwpqwq","p2":"Shootingwolf","format":"gen8bdspou","log":"|j|\u2606qwpqwq\n|j|\u2606Shootingwolf\n|t:|1643439748\n|gametype|singles\n|player|p1|qwpqwq|102|\n|player|p2|Shootingwolf|bugcatcher-gen4dp|\n|teamsize|p1|6\n|teamsize|p2|6\n|gen|8\n|tier|[Gen 8 BDSP] OU\n|rule|Sleep Clause Mod: Limit one foe put to sleep\n|rule|Species Clause: Limit one of each Pok\u00e9mon\n|rule|OHKO Clause: OHKO moves are banned\n|rule|Evasion Moves Clause: Evasion moves are banned\n|rule|Endless Battle Clause: Forcing endless battles is banned\n|rule|HP Percentage Mod: HP is shown in percentages\n|clearpoke\n|poke|p1|Gengar, F|\n|poke|p1|Aerodactyl, F|\n|poke|p1|Latios, M|\n|poke|p1|Scizor, F|\n|poke|p1|Lucario, F|\n|poke|p1|Staraptor, M|\n|poke|p2|Alakazam, F|\n|poke|p2|Garchomp, F|\n|poke|p2|Infernape, M|\n|poke|p2|Weavile, M|\n|poke|p2|Rotom-Wash|\n|poke|p2|Scizor, F|\n|teampreview\n|j| niubao\n|j| 127l\n|\n|t:|1643439781\n|start\n|switch|p1a: Aerodactyl|Aerodactyl, F|100\/100\n|switch|p2a: Rotom|Rotom-Wash, shiny|100\/100\n|-ability|p1a: Aerodactyl|Pressure\n|turn|1\n|\n|t:|1643439786\n|move|p2a: Rotom|Volt Switch|p1a: Aerodactyl\n|-supereffective|p1a: Aerodactyl\n|-damage|p1a: Aerodactyl|39\/100\n|\n|t:|1643439794\n|switch|p2a: Scizor|Scizor, F, shiny|100\/100|[from]move: Volt Switch\n|move|p1a: Aerodactyl|Stealth Rock|p2a: Scizor\n|-sidestart|p2: Shootingwolf|move: Stealth Rock\n|\n|upkeep\n|turn|2\n|\n|t:|1643439803\n|move|p2a: Scizor|Bullet Punch|p1a: Aerodactyl\n|-supereffective|p1a: Aerodactyl\n|-damage|p1a: Aerodactyl|0 fnt\n|faint|p1a: Aerodactyl\n|\n|upkeep\n|\n|t:|1643439807\n|switch|p1a: Lucario|Lucario, F|100\/100\n|turn|3\n|c|\u2606qwpqwq|1\n|j| aaa-Sableye\n|l| niubao\n|\n|t:|1643439863\n|move|p1a: Lucario|Aura Sphere|p2a: Scizor\n|-damage|p2a: Scizor|24\/100\n|-damage|p1a: Lucario|91\/100|[from] item: Life Orb\n|move|p2a: Scizor|Brick Break|p1a: Lucario\n|-supereffective|p1a: Lucario\n|-damage|p1a: Lucario|0 fnt\n|faint|p1a: Lucario\n|\n|-heal|p2a: Scizor|30\/100|[from] item: Leftovers\n|upkeep\n|j| somniloquy\n|c| aaa-Sableye|\u87b3\u8782\u79f0\u9738\u4e86\n|\n|t:|1643439903\n|switch|p1a: Gengar|Gengar, F|100\/100\n|turn|4\n|j| qpoert\n|\n|t:|1643439918\n|move|p2a: Scizor|Bullet Punch|p1a: Gengar\n|-damage|p1a: Gengar|30\/100\n|move|p1a: Gengar|Shadow Ball|p2a: Scizor\n|-damage|p2a: Scizor|0 fnt\n|faint|p2a: Scizor\n|\n|upkeep\n|j|\u265aThe Steel Shadow\n|\n|t:|1643439938\n|switch|p2a: Garchomp|Garchomp, F, shiny|100\/100\n|-damage|p2a: Garchomp|94\/100|[from] Stealth Rock\n|turn|5\n|c|\u2606qwpqwq|\u6211\u731c\u8981\u5bc4\n|\n|t:|1643439950\n|move|p1a: Gengar|Shadow Ball|p2a: Garchomp\n|-damage|p2a: Garchomp|56\/100\n|move|p2a: Garchomp|Stealth Rock|p1a: Gengar\n|-sidestart|p1: qwpqwq|move: Stealth Rock\n|\n|upkeep\n|turn|6\n|\n|t:|1643439968\n|switch|p1a: Latios|Latios, M|100\/100\n|-damage|p1a: Latios|88\/100|[from] Stealth Rock\n|move|p2a: Garchomp|Flamethrower|p1a: Latios\n|-resisted|p1a: Latios\n|-damage|p1a: Latios|80\/100\n|\n|upkeep\n|turn|7\n|\n|t:|1643440009\n|move|p1a: Latios|Draco Meteor|p2a: Garchomp\n|-supereffective|p2a: Garchomp\n|-enditem|p2a: Garchomp|Haban Berry|[eat]\n|-enditem|p2a: Garchomp|Haban Berry|[weaken]\n|-damage|p2a: Garchomp|0 fnt\n|-unboost|p1a: Latios|spa|2\n|faint|p2a: Garchomp\n|\n|upkeep\n|l|\u265aThe Steel Shadow\n|\n|t:|1643440031\n|switch|p2a: Weavile|Weavile, M, shiny|100\/100\n|-damage|p2a: Weavile|76\/100|[from] Stealth Rock\n|-ability|p2a: Weavile|Pressure\n|turn|8\n|\n|t:|1643440034\n|switch|p1a: Scizor|Scizor, F|100\/100\n|-damage|p1a: Scizor|88\/100|[from] Stealth Rock\n|move|p2a: Weavile|Night Slash|p1a: Scizor\n|-damage|p1a: Scizor|36\/100\n|\n|upkeep\n|turn|9\n|j| niubao\n|\n|t:|1643440054\n|switch|p2a: Infernape|Infernape, M, shiny|100\/100\n|-damage|p2a: Infernape|88\/100|[from] Stealth Rock\n|move|p1a: Scizor|U-turn|p2a: Infernape\n|-resisted|p2a: Infernape\n|-damage|p2a: Infernape|65\/100\n|\n|t:|1643440061\n|switch|p1a: Staraptor|Staraptor, M|100\/100|[from]move: U-turn\n|-damage|p1a: Staraptor|76\/100|[from] Stealth Rock\n|\n|upkeep\n|turn|10\n|j| judgement cut end\n|j| sstj is a goat\n|\n|t:|1643440070\n|move|p2a: Infernape|Flare Blitz|p1a: Staraptor\n|-damage|p1a: Staraptor|3\/100\n|-damage|p2a: Infernape|39\/100|[from] Recoil\n|move|p1a: Staraptor|Double-Edge|p2a: Infernape\n|-damage|p2a: Infernape|0 fnt\n|faint|p2a: Infernape\n|-damage|p1a: Staraptor|0 fnt|[from] Recoil\n|faint|p1a: Staraptor\n|\n|upkeep\n|\n|t:|1643440100\n|switch|p2a: Alakazam|Alakazam, F, shiny|100\/100\n|switch|p1a: Scizor|Scizor, F|36\/100\n|-damage|p1a: Scizor|24\/100|[from] Stealth Rock\n|turn|11\n|\n|t:|1643440113\n|move|p1a: Scizor|Bullet Punch|p2a: Alakazam\n|-enditem|p2a: Alakazam|Focus Sash\n|-damage|p2a: Alakazam|1\/100\n|move|p2a: Alakazam|Shadow Ball|p1a: Scizor\n|-damage|p1a: Scizor|0 fnt\n|faint|p1a: Scizor\n|\n|upkeep\n|\n|t:|1643440120\n|switch|p1a: Gengar|Gengar, F|30\/100\n|-damage|p1a: Gengar|18\/100|[from] Stealth Rock\n|turn|12\n|\n|t:|1643440151\n|move|p1a: Gengar|Sludge Bomb|p2a: Alakazam\n|-damage|p2a: Alakazam|0 fnt\n|faint|p2a: Alakazam\n|\n|upkeep\n|\n|t:|1643440156\n|switch|p2a: Weavile|Weavile, M, shiny|76\/100\n|-damage|p2a: Weavile|51\/100|[from] Stealth Rock\n|-ability|p2a: Weavile|Pressure\n|turn|13\n|\n|t:|1643440161\n|move|p2a: Weavile|Ice Shard|p1a: Gengar\n|-crit|p1a: Gengar\n|-damage|p1a: Gengar|0 fnt\n|faint|p1a: Gengar\n|\n|upkeep\n|\n|t:|1643440163\n|switch|p1a: Latios|Latios, M|80\/100\n|-damage|p1a: Latios|67\/100|[from] Stealth Rock\n|turn|14\n|\n|t:|1643440166\n|switch|p2a: Rotom|Rotom-Wash, shiny|100\/100\n|-damage|p2a: Rotom|88\/100|[from] Stealth Rock\n|move|p1a: Latios|Psychic|p2a: Rotom\n|-damage|p2a: Rotom|14\/100\n|\n|upkeep\n|turn|15\n|\n|t:|1643440171\n|move|p2a: Rotom|Hydro Pump|p1a: Latios|[miss]\n|-miss|p2a: Rotom|p1a: Latios\n|move|p1a: Latios|Psychic|p2a: Rotom\n|-damage|p2a: Rotom|0 fnt\n|faint|p2a: Rotom\n|\n|upkeep\n|\n|t:|1643440173\n|switch|p2a: Weavile|Weavile, M, shiny|51\/100\n|-damage|p2a: Weavile|26\/100|[from] Stealth Rock\n|-ability|p2a: Weavile|Pressure\n|turn|16\n|-message|qwpqwq forfeited.\n|\n|win|Shootingwolf\n|l|\u2606qwpqwq\n|l| sstj is a goat\n|l|\u2606Shootingwolf\n|l| judgement cut end\n|l| aaa-Sableye\n","uploadtime":1643440214,"views":37,"p1id":"qwpqwq","p2id":"shootingwolf","formatid":"gen8bdspou","rating":0,"private":0,"password":null}