{"id":"china-gen8randombattle-3895641","p1":"syelza","p2":"swordsman.n","format":"gen8randombattle","log":"|j|\u2606syelza\n|j|\u2606swordsman.n\n|t:|1637396786\n|gametype|singles\n|player|p1|syelza|pokemonrangerf-gen4|\n|player|p2|swordsman.n|caitlin|\n|teamsize|p1|6\n|teamsize|p2|6\n|gen|8\n|tier|[Gen 8] Random Battle\n|rule|Species Clause: Limit one of each Pok\u00e9mon\n|rule|HP Percentage Mod: HP is shown in percentages\n|rule|Sleep Clause Mod: Limit one foe put to sleep\n|\n|t:|1637396786\n|start\n|switch|p1a: Mantine|Mantine, L86, M|286\/286\n|switch|p2a: Arctozolt|Arctozolt, L86|295\/295\n|turn|1\n|j| rx56786\n|\n|t:|1637396804\n|switch|p1a: Reshiram|Reshiram, L74|270\/270\n|-ability|p1a: Reshiram|Turboblaze\n|move|p2a: Arctozolt|Bolt Beak|p1a: Reshiram\n|-resisted|p1a: Reshiram\n|-damage|p1a: Reshiram|174\/270\n|\n|upkeep\n|turn|2\n|\n|t:|1637396814\n|switch|p2a: Politoed|Politoed, L86, M|295\/295\n|-weather|RainDance|[from] ability: Drizzle|[of] p2a: Politoed\n|move|p1a: Reshiram|Blue Flare|p2a: Politoed\n|-resisted|p2a: Politoed\n|-damage|p2a: Politoed|261\/295\n|\n|-weather|RainDance|[upkeep]\n|-heal|p2a: Politoed|279\/295|[from] item: Leftovers\n|upkeep\n|turn|3\n|\n|t:|1637396828\n|switch|p1a: Mr. Mime|Mr. Mime-Galar, L86, M|226\/226\n|move|p2a: Politoed|Toxic|p1a: Mr. Mime\n|-status|p1a: Mr. Mime|tox\n|\n|-weather|RainDance|[upkeep]\n|-heal|p2a: Politoed|295\/295|[from] item: Leftovers\n|-damage|p1a: Mr. Mime|212\/226 tox|[from] psn\n|upkeep\n|turn|4\n|\n|t:|1637396845\n|switch|p2a: Sceptile|Sceptile, L86, M|261\/261\n|move|p1a: Mr. Mime|Nasty Plot|p1a: Mr. Mime\n|-boost|p1a: Mr. Mime|spa|2\n|\n|-weather|RainDance|[upkeep]\n|-damage|p1a: Mr. Mime|184\/226 tox|[from] psn\n|upkeep\n|turn|5\n|\n|t:|1637396856\n|move|p2a: Sceptile|Substitute|p2a: Sceptile\n|-start|p2a: Sceptile|Substitute\n|-damage|p2a: Sceptile|196\/261\n|move|p1a: Mr. Mime|Freeze-Dry|p2a: Sceptile\n|-supereffective|p2a: Sceptile\n|-end|p2a: Sceptile|Substitute\n|\n|-weather|RainDance|[upkeep]\n|-heal|p2a: Sceptile|212\/261|[from] item: Leftovers\n|-damage|p1a: Mr. Mime|142\/226 tox|[from] psn\n|upkeep\n|turn|6\n|\n|t:|1637396867\n|switch|p1a: Mantine|Mantine, L86, M|286\/286\n|move|p2a: Sceptile|Substitute|p2a: Sceptile\n|-start|p2a: Sceptile|Substitute\n|-damage|p2a: Sceptile|147\/261\n|\n|-weather|none\n|-heal|p2a: Sceptile|163\/261|[from] item: Leftovers\n|upkeep\n|turn|7\n|\n|t:|1637396875\n|move|p2a: Sceptile|Leech Seed|p1a: Mantine\n|-start|p1a: Mantine|move: Leech Seed\n|move|p1a: Mantine|Hurricane|p2a: Sceptile\n|-supereffective|p2a: Sceptile\n|-end|p2a: Sceptile|Substitute\n|\n|-heal|p2a: Sceptile|179\/261|[from] item: Leftovers\n|-damage|p1a: Mantine|251\/286|[from] Leech Seed|[of] p2a: Sceptile\n|-heal|p2a: Sceptile|214\/261|[silent]\n|upkeep\n|turn|8\n|\n|t:|1637396887\n|switch|p1a: Reshiram|Reshiram, L74|174\/270\n|-ability|p1a: Reshiram|Turboblaze\n|move|p2a: Sceptile|Substitute|p2a: Sceptile\n|-start|p2a: Sceptile|Substitute\n|-damage|p2a: Sceptile|149\/261\n|\n|-heal|p2a: Sceptile|165\/261|[from] item: Leftovers\n|upkeep\n|turn|9\n|\n|t:|1637396910\n|move|p2a: Sceptile|Leech Seed|p1a: Reshiram\n|-start|p1a: Reshiram|move: Leech Seed\n|move|p1a: Reshiram|Roost|p1a: Reshiram\n|-heal|p1a: Reshiram|270\/270\n|-singleturn|p1a: Reshiram|move: Roost\n|\n|-heal|p2a: Sceptile|181\/261|[from] item: Leftovers\n|-damage|p1a: Reshiram|237\/270|[from] Leech Seed|[of] p2a: Sceptile\n|-heal|p2a: Sceptile|214\/261|[silent]\n|upkeep\n|turn|10\n|\n|t:|1637396918\n|move|p2a: Sceptile|Rock Slide|p1a: Reshiram|[miss]\n|-miss|p2a: Sceptile|p1a: Reshiram\n|move|p1a: Reshiram|Blue Flare|p2a: Sceptile\n|-supereffective|p2a: Sceptile\n|-end|p2a: Sceptile|Substitute\n|\n|-heal|p2a: Sceptile|230\/261|[from] item: Leftovers\n|-damage|p1a: Reshiram|204\/270|[from] Leech Seed|[of] p2a: Sceptile\n|-heal|p2a: Sceptile|261\/261|[silent]\n|upkeep\n|turn|11\n|\n|t:|1637396938\n|-start|p1a: Reshiram|Dynamax\n|-heal|p1a: Reshiram|408\/540|[silent]\n|move|p2a: Sceptile|Substitute|p2a: Sceptile\n|-start|p2a: Sceptile|Substitute\n|-damage|p2a: Sceptile|196\/261\n|move|p1a: Reshiram|Max Flare|p2a: Sceptile\n|-supereffective|p2a: Sceptile\n|-end|p2a: Sceptile|Substitute\n|-weather|SunnyDay\n|\n|-weather|SunnyDay|[upkeep]\n|-heal|p2a: Sceptile|212\/261|[from] item: Leftovers\n|-damage|p1a: Reshiram|375\/540|[from] Leech Seed|[of] p2a: Sceptile\n|-heal|p2a: Sceptile|245\/261|[silent]\n|upkeep\n|turn|12\n|\n|t:|1637396951\n|move|p2a: Sceptile|Substitute|p2a: Sceptile\n|-start|p2a: Sceptile|Substitute\n|-damage|p2a: Sceptile|180\/261\n|move|p1a: Reshiram|Max Flare|p2a: Sceptile\n|-supereffective|p2a: Sceptile\n|-end|p2a: Sceptile|Substitute\n|\n|-weather|SunnyDay|[upkeep]\n|-heal|p2a: Sceptile|196\/261|[from] item: Leftovers\n|-damage|p1a: Reshiram|342\/540|[from] Leech Seed|[of] p2a: Sceptile\n|-heal|p2a: Sceptile|229\/261|[silent]\n|upkeep\n|turn|13\n|\n|t:|1637396965\n|move|p2a: Sceptile|Substitute|p2a: Sceptile\n|-start|p2a: Sceptile|Substitute\n|-damage|p2a: Sceptile|164\/261\n|move|p1a: Reshiram|Max Flare|p2a: Sceptile\n|-supereffective|p2a: Sceptile\n|-end|p2a: Sceptile|Substitute\n|\n|-weather|SunnyDay|[upkeep]\n|-heal|p2a: Sceptile|180\/261|[from] item: Leftovers\n|-damage|p1a: Reshiram|309\/540|[from] Leech Seed|[of] p2a: Sceptile\n|-heal|p2a: Sceptile|213\/261|[silent]\n|-end|p1a: Reshiram|Dynamax\n|-heal|p1a: Reshiram|155\/270|[silent]\n|upkeep\n|turn|14\n|\n|t:|1637396976\n|move|p2a: Sceptile|Substitute|p2a: Sceptile\n|-start|p2a: Sceptile|Substitute\n|-damage|p2a: Sceptile|148\/261\n|move|p1a: Reshiram|Blue Flare|p2a: Sceptile\n|-supereffective|p2a: Sceptile\n|-end|p2a: Sceptile|Substitute\n|\n|-weather|SunnyDay|[upkeep]\n|-heal|p2a: Sceptile|164\/261|[from] item: Leftovers\n|-damage|p1a: Reshiram|122\/270|[from] Leech Seed|[of] p2a: Sceptile\n|-heal|p2a: Sceptile|197\/261|[silent]\n|upkeep\n|turn|15\n|\n|t:|1637396985\n|move|p2a: Sceptile|Substitute|p2a: Sceptile\n|-start|p2a: Sceptile|Substitute\n|-damage|p2a: Sceptile|132\/261\n|move|p1a: Reshiram|Blue Flare|p2a: Sceptile\n|-supereffective|p2a: Sceptile\n|-end|p2a: Sceptile|Substitute\n|\n|-weather|none\n|-heal|p2a: Sceptile|148\/261|[from] item: Leftovers\n|-damage|p1a: Reshiram|89\/270|[from] Leech Seed|[of] p2a: Sceptile\n|-heal|p2a: Sceptile|181\/261|[silent]\n|upkeep\n|turn|16\n|\n|t:|1637396995\n|move|p2a: Sceptile|Substitute|p2a: Sceptile\n|-start|p2a: Sceptile|Substitute\n|-damage|p2a: Sceptile|116\/261\n|move|p1a: Reshiram|Blue Flare|p2a: Sceptile\n|-supereffective|p2a: Sceptile\n|-end|p2a: Sceptile|Substitute\n|\n|-heal|p2a: Sceptile|132\/261|[from] item: Leftovers\n|-damage|p1a: Reshiram|56\/270|[from] Leech Seed|[of] p2a: Sceptile\n|-heal|p2a: Sceptile|165\/261|[silent]\n|upkeep\n|turn|17\n|\n|t:|1637397008\n|move|p2a: Sceptile|Substitute|p2a: Sceptile\n|-start|p2a: Sceptile|Substitute\n|-damage|p2a: Sceptile|100\/261\n|move|p1a: Reshiram|Draco Meteor|p2a: Sceptile\n|-end|p2a: Sceptile|Substitute\n|-unboost|p1a: Reshiram|spa|2\n|\n|-heal|p2a: Sceptile|116\/261|[from] item: Leftovers\n|-damage|p1a: Reshiram|23\/270|[from] Leech Seed|[of] p2a: Sceptile\n|-heal|p2a: Sceptile|149\/261|[silent]\n|upkeep\n|turn|18\n|j| Suta Pulachina\n|\n|t:|1637397022\n|move|p2a: Sceptile|Substitute|p2a: Sceptile\n|-start|p2a: Sceptile|Substitute\n|-damage|p2a: Sceptile|84\/261\n|move|p1a: Reshiram|Draco Meteor|p2a: Sceptile\n|-end|p2a: Sceptile|Substitute\n|-unboost|p1a: Reshiram|spa|2\n|\n|-heal|p2a: Sceptile|100\/261|[from] item: Leftovers\n|-damage|p1a: Reshiram|0 fnt|[from] Leech Seed|[of] p2a: Sceptile\n|-heal|p2a: Sceptile|123\/261|[silent]\n|faint|p1a: Reshiram\n|upkeep\n|\n|t:|1637397033\n|switch|p1a: Spiritomb|Spiritomb, L88, F|231\/231\n|turn|19\n|\n|t:|1637397046\n|switch|p2a: Politoed|Politoed, L86, M|295\/295\n|-weather|RainDance|[from] ability: Drizzle|[of] p2a: Politoed\n|move|p1a: Spiritomb|Poltergeist|p2a: Politoed\n|-activate|p2a: Politoed|move: Poltergeist|Leftovers\n|-damage|p2a: Politoed|96\/295\n|\n|-weather|RainDance|[upkeep]\n|-heal|p2a: Politoed|114\/295|[from] item: Leftovers\n|upkeep\n|turn|20\n|\n|t:|1637397055\n|move|p2a: Politoed|Protect|p2a: Politoed\n|-singleturn|p2a: Politoed|Protect\n|move|p1a: Spiritomb|Poltergeist|p2a: Politoed\n|-activate|p2a: Politoed|move: Protect\n|\n|-weather|RainDance|[upkeep]\n|-heal|p2a: Politoed|132\/295|[from] item: Leftovers\n|upkeep\n|turn|21\n|\n|t:|1637397065\n|move|p2a: Politoed|Scald|p1a: Spiritomb\n|-damage|p1a: Spiritomb|120\/231\n|move|p1a: Spiritomb|Poltergeist|p2a: Politoed\n|-activate|p2a: Politoed|move: Poltergeist|Leftovers\n|-damage|p2a: Politoed|0 fnt\n|faint|p2a: Politoed\n|\n|-weather|RainDance|[upkeep]\n|upkeep\n|\n|t:|1637397073\n|switch|p2a: Arctozolt|Arctozolt, L86|295\/295\n|turn|22\n|\n|t:|1637397081\n|move|p2a: Arctozolt|Bolt Beak|p1a: Spiritomb\n|-damage|p1a: Spiritomb|0 fnt\n|faint|p1a: Spiritomb\n|\n|-weather|RainDance|[upkeep]\n|upkeep\n|\n|t:|1637397088\n|switch|p1a: Lycanroc|Lycanroc-Midnight, L82, M|274\/274\n|turn|23\n|\n|t:|1637397103\n|move|p1a: Lycanroc|Stone Edge|p2a: Arctozolt\n|-supereffective|p2a: Arctozolt\n|-damage|p2a: Arctozolt|0 fnt\n|faint|p2a: Arctozolt\n|\n|-weather|none\n|upkeep\n|\n|t:|1637397109\n|switch|p2a: Urshifu|Urshifu, L76, F|277\/277\n|turn|24\n|\n|t:|1637397127\n|switch|p1a: Mantine|Mantine, L86, M|251\/286\n|move|p2a: Urshifu|Wicked Blow|p1a: Mantine\n|-crit|p1a: Mantine\n|-damage|p1a: Mantine|20\/286\n|\n|upkeep\n|turn|25\n|\n|t:|1637397132\n|move|p2a: Urshifu|Wicked Blow|p1a: Mantine\n|-crit|p1a: Mantine\n|-damage|p1a: Mantine|0 fnt\n|faint|p1a: Mantine\n|\n|upkeep\n|\n|t:|1637397138\n|switch|p1a: Lycanroc|Lycanroc-Midnight, L82, M|274\/274\n|turn|26\n|\n|t:|1637397147\n|switch|p2a: Amoonguss|Amoonguss, L84, M|329\/329\n|move|p1a: Lycanroc|Close Combat|p2a: Amoonguss\n|-resisted|p2a: Amoonguss\n|-damage|p2a: Amoonguss|245\/329\n|-unboost|p1a: Lycanroc|def|1\n|-unboost|p1a: Lycanroc|spd|1\n|\n|-heal|p2a: Amoonguss|265\/329|[from] item: Black Sludge\n|upkeep\n|turn|27\n|\n|t:|1637397161\n|switch|p1a: Mr. Mime|Mr. Mime-Galar, L86, M|142\/226 tox\n|switch|p2a: Sceptile|Sceptile, L86, M|123\/261\n|\n|-heal|p2a: Sceptile|139\/261|[from] item: Leftovers\n|-damage|p1a: Mr. Mime|128\/226 tox|[from] psn\n|upkeep\n|turn|28\n|j| rami3e\n|\n|t:|1637397168\n|move|p2a: Sceptile|Substitute|p2a: Sceptile\n|-start|p2a: Sceptile|Substitute\n|-damage|p2a: Sceptile|74\/261\n|move|p1a: Mr. Mime|Psychic|p2a: Sceptile\n|-end|p2a: Sceptile|Substitute\n|\n|-heal|p2a: Sceptile|90\/261|[from] item: Leftovers\n|-damage|p1a: Mr. Mime|100\/226 tox|[from] psn\n|upkeep\n|turn|29\n|\n|t:|1637397176\n|move|p2a: Sceptile|Substitute|p2a: Sceptile\n|-start|p2a: Sceptile|Substitute\n|-damage|p2a: Sceptile|25\/261\n|move|p1a: Mr. Mime|Psychic|p2a: Sceptile\n|-end|p2a: Sceptile|Substitute\n|\n|-heal|p2a: Sceptile|41\/261|[from] item: Leftovers\n|-damage|p1a: Mr. Mime|58\/226 tox|[from] psn\n|upkeep\n|turn|30\n|\n|t:|1637397185\n|move|p2a: Sceptile|Giga Drain|p1a: Mr. Mime\n|-damage|p1a: Mr. Mime|0 fnt\n|-heal|p2a: Sceptile|70\/261|[from] drain|[of] p1a: Mr. Mime\n|faint|p1a: Mr. Mime\n|\n|-heal|p2a: Sceptile|86\/261|[from] item: Leftovers\n|upkeep\n|\n|t:|1637397191\n|switch|p1a: Absol|Absol, L84, F|246\/246\n|turn|31\n|\n|t:|1637397203\n|move|p2a: Sceptile|Substitute|p2a: Sceptile\n|-start|p2a: Sceptile|Substitute\n|-damage|p2a: Sceptile|21\/261\n|move|p1a: Absol|Knock Off|p2a: Sceptile\n|-end|p2a: Sceptile|Substitute\n|-damage|p1a: Absol|222\/246|[from] item: Life Orb\n|\n|-heal|p2a: Sceptile|37\/261|[from] item: Leftovers\n|upkeep\n|turn|32\n|\n|t:|1637397211\n|move|p1a: Absol|Sucker Punch|p2a: Sceptile\n|-damage|p2a: Sceptile|0 fnt\n|faint|p2a: Sceptile\n|-damage|p1a: Absol|198\/246|[from] item: Life Orb\n|\n|upkeep\n|\n|t:|1637397216\n|switch|p2a: Urshifu|Urshifu, L76, F|277\/277\n|turn|33\n|\n|t:|1637397219\n|move|p2a: Urshifu|Close Combat|p1a: Absol\n|-supereffective|p1a: Absol\n|-damage|p1a: Absol|0 fnt\n|-unboost|p2a: Urshifu|def|1\n|-unboost|p2a: Urshifu|spd|1\n|faint|p1a: Absol\n|\n|upkeep\n|\n|t:|1637397222\n|switch|p1a: Lycanroc|Lycanroc-Midnight, L82, M|274\/274\n|turn|34\n|\n|t:|1637397229\n|move|p2a: Urshifu|Close Combat|p1a: Lycanroc\n|-supereffective|p1a: Lycanroc\n|-damage|p1a: Lycanroc|0 fnt\n|-unboost|p2a: Urshifu|def|1\n|-unboost|p2a: Urshifu|spd|1\n|faint|p1a: Lycanroc\n|\n|win|swordsman.n\n|l|\u2606syelza\n|l| rx56786\n|l| rami3e\n","inputlog":">version 5f9d7c5fd7d7784ad2f0d0f4b61ea6e75791baaf\n>version-origin 3918ebd609a2bd57e0326bf76fca79306b37a61f\n>start {\"formatid\":\"gen8randombattle\",\"seed\":[53632,52641,6055,58695]}\n>player p1 {\"name\":\"syelza\",\"avatar\":\"pokemonrangerf-gen4\",\"rating\":0,\"seed\":[17694,33611,48396,54636]}\n>player p2 {\"name\":\"swordsman.n\",\"avatar\":\"caitlin\",\"rating\":0,\"seed\":[36562,8619,11890,17638]}\n>p1 switch 6\n>p2 move boltbeak\n>p1 move blueflare\n>p2 switch 6\n>p1 switch 5\n>p2 move toxic\n>p1 move nastyplot\n>p2 switch 3\n>p1 move freezedry\n>p2 move substitute\n>p1 switch 6\n>p2 move substitute\n>p1 move hurricane\n>p2 move leechseed\n>p1 switch 5\n>p2 move substitute\n>p1 move roost\n>p2 move leechseed\n>p1 move blueflare\n>p2 move rockslide\n>p1 move blueflare dynamax\n>p2 move substitute\n>p1 move blueflare dynamax\n>p2 move substitute\n>p1 move blueflare dynamax\n>p2 move substitute\n>p1 move blueflare\n>p2 move substitute\n>p1 move blueflare\n>p2 move substitute\n>p1 move blueflare\n>p2 move substitute\n>p1 move dracometeor\n>p2 move substitute\n>p1 move dracometeor\n>p2 move substitute\n>p1 switch 3\n>p1 move poltergeist\n>p2 switch 3\n>p1 move poltergeist\n>p2 move protect\n>p1 move poltergeist\n>p2 move scald\n>p2 switch 6\n>p1 move poltergeist\n>p2 move boltbeak\n>p1 switch 2\n>p1 move stoneedge\n>p2 move thunderwave\n>p2 switch 2\n>p1 switch 5\n>p2 move wickedblow\n>p1 move hurricane\n>p2 move wickedblow\n>p1 switch 5\n>p1 move closecombat\n>p2 switch 5\n>p1 switch 6\n>p2 switch 3\n>p1 move psychic\n>p2 move substitute\n>p1 move psychic\n>p2 move substitute\n>p1 move psychic\n>p2 move gigadrain\n>p1 switch 4\n>p1 move knockoff\n>p2 move substitute\n>p1 move suckerpunch\n>p2 move gigadrain\n>p2 switch 5\n>p1 move playrough\n>p2 move closecombat\n>p1 switch 6\n>p1 move irontail\n>p2 move closecombat","uploadtime":1637397237,"views":8,"p1id":"syelza","p2id":"swordsmann","formatid":"gen8randombattle","rating":0,"private":0,"password":null}