{"id":"china-gen8randombattle-3891575","p1":"swordsman.n","p2":"yuudachi0811\u5915\u7acb","format":"gen8randombattle","log":"|j|\u2606swordsman.n\n|j|\u2606yuudachi0811\u5915\u7acb\n|t:|1637329076\n|gametype|singles\n|player|p1|swordsman.n|249|\n|player|p2|yuudachi0811\u5915\u7acb|170|\n|teamsize|p1|6\n|teamsize|p2|6\n|gen|8\n|tier|[Gen 8] Random Battle\n|rule|Species Clause: Limit one of each Pok\u00e9mon\n|rule|HP Percentage Mod: HP is shown in percentages\n|rule|Sleep Clause Mod: Limit one foe put to sleep\n|\n|t:|1637329076\n|start\n|switch|p1a: Calyrex|Calyrex-Ice, L72|263\/263\n|switch|p2a: Kommo-o|Kommo-o, L80, M|251\/251\n|-ability|p1a: Calyrex|As One\n|-ability|p1a: Calyrex|Unnerve\n|turn|1\n|c|\u2606swordsman.n|\uff1f\n|c|\u2606yuudachi0811\u5915\u7acb|\uff1f\n|\n|t:|1637329101\n|switch|p2a: Solrock|Solrock, L88|302\/302\n|move|p1a: Calyrex|Agility|p1a: Calyrex\n|-boost|p1a: Calyrex|spe|2\n|\n|upkeep\n|turn|2\n|\n|t:|1637329113\n|switch|p1a: Rotom|Rotom-Wash, L82|216\/216\n|move|p2a: Solrock|Will-O-Wisp|p1a: Rotom|[miss]\n|-miss|p2a: Solrock|p1a: Rotom\n|\n|upkeep\n|turn|3\n|c|\u2606yuudachi0811\u5915\u7acb|\uff1f\n|\n|t:|1637329123\n|switch|p2a: Exeggutor|Exeggutor-Alola, L87, F|307\/307\n|-item|p1a: Rotom|Leftovers|[from] ability: Frisk|[of] p2a: Exeggutor|[identify]\n|move|p1a: Rotom|Volt Switch|p2a: Exeggutor\n|-resisted|p2a: Exeggutor\n|-damage|p2a: Exeggutor|286\/307\n|\n|t:|1637329133\n|switch|p1a: Arctovish|Arctovish, L86|295\/295\n|\n|upkeep\n|turn|4\n|c|\u2606yuudachi0811\u5915\u7acb|[\u6930\u86cb\u6811\u7684\u5bdf\u89c9]\n|c|\u2606yuudachi0811\u5915\u7acb|Exeggutor frisked the opposing Rotom and found its Leftovers!\n|\n|t:|1637329152\n|switch|p2a: Slowbro|Slowbro, L84, F|297\/297\n|move|p1a: Arctovish|Fishious Rend|p2a: Slowbro\n|-resisted|p2a: Slowbro\n|-damage|p2a: Slowbro|179\/297\n|\n|-heal|p2a: Slowbro|197\/297|[from] item: Leftovers\n|upkeep\n|turn|5\n|c|\u2606yuudachi0811\u5915\u7acb|\u9cc3\u54ac!\n|\n|t:|1637329170\n|switch|p1a: Rotom|Rotom-Wash, L82|216\/216\n|move|p2a: Slowbro|Teleport|p2a: Slowbro\n|\n|t:|1637329173\n|switch|p2a: Exeggutor|Exeggutor-Alola, L87, F|286\/307\n|-item|p1a: Rotom|Leftovers|[from] ability: Frisk|[of] p2a: Exeggutor|[identify]\n|\n|upkeep\n|turn|6\n|c|\u2606swordsman.n|\u592a\u53d7\u4e86\n|\n|t:|1637329186\n|move|p1a: Rotom|Volt Switch|p2a: Exeggutor\n|-resisted|p2a: Exeggutor\n|-damage|p2a: Exeggutor|265\/307\n|\n|t:|1637329192\n|switch|p1a: Drampa|Drampa, L86, M|274\/274\n|move|p2a: Exeggutor|Giga Drain|p1a: Drampa\n|-resisted|p1a: Drampa\n|-damage|p1a: Drampa|216\/274\n|-heal|p2a: Exeggutor|294\/307|[from] drain|[of] p1a: Drampa\n|-damage|p2a: Exeggutor|264\/307|[from] item: Life Orb\n|\n|-heal|p1a: Drampa|233\/274|[from] item: Leftovers\n|upkeep\n|turn|7\n|\n|t:|1637329214\n|switch|p1a: Rotom|Rotom-Wash, L82|216\/216\n|switch|p2a: Lycanroc|Lycanroc, L80, M|251\/251\n|\n|upkeep\n|turn|8\n|j| 13579vv\n|\n|t:|1637329225\n|move|p2a: Lycanroc|Swords Dance|p2a: Lycanroc\n|-boost|p2a: Lycanroc|atk|2\n|move|p1a: Rotom|Will-O-Wisp|p2a: Lycanroc\n|-status|p2a: Lycanroc|brn\n|\n|-damage|p2a: Lycanroc|236\/251 brn|[from] brn\n|upkeep\n|turn|9\n|\n|t:|1637329233\n|move|p2a: Lycanroc|Stone Edge|p1a: Rotom\n|-damage|p1a: Rotom|91\/216\n|-damage|p2a: Lycanroc|211\/251 brn|[from] item: Life Orb\n|move|p1a: Rotom|Hydro Pump|p2a: Lycanroc\n|-supereffective|p2a: Lycanroc\n|-damage|p2a: Lycanroc|0 fnt\n|faint|p2a: Lycanroc\n|\n|-heal|p1a: Rotom|104\/216|[from] item: Leftovers\n|upkeep\n|\n|t:|1637329238\n|switch|p2a: Exeggutor|Exeggutor-Alola, L87, F|264\/307\n|-item|p1a: Rotom|Leftovers|[from] ability: Frisk|[of] p2a: Exeggutor|[identify]\n|turn|10\n|\n|t:|1637329250\n|move|p1a: Rotom|Volt Switch|p2a: Exeggutor\n|-resisted|p2a: Exeggutor\n|-damage|p2a: Exeggutor|243\/307\n|\n|t:|1637329254\n|switch|p1a: Drampa|Drampa, L86, M|233\/274\n|move|p2a: Exeggutor|Draco Meteor|p1a: Drampa\n|-supereffective|p1a: Drampa\n|-damage|p1a: Drampa|0 fnt\n|-unboost|p2a: Exeggutor|spa|2\n|faint|p1a: Drampa\n|-damage|p2a: Exeggutor|213\/307|[from] item: Life Orb\n|\n|upkeep\n|c|\u2606yuudachi0811\u5915\u7acb|\u5f00\u521b\uff01\n|c|\u2606yuudachi0811\u5915\u7acb|\u6211\u521b\u6b7b\u4f60.jpg\n|\n|t:|1637329274\n|switch|p1a: Tangrowth|Tangrowth, L84, F|305\/305\n|turn|11\n|\n|t:|1637329281\n|switch|p2a: Cursola|Cursola, L86, M|243\/243\n|move|p1a: Tangrowth|Sleep Powder|p2a: Cursola\n|-status|p2a: Cursola|slp|[from] move: Sleep Powder\n|\n|upkeep\n|turn|12\n|\n|t:|1637329301\n|switch|p2a: Kommo-o|Kommo-o, L80, M|251\/251\n|move|p1a: Tangrowth|Sludge Bomb|p2a: Kommo-o\n|-immune|p2a: Kommo-o|[from] ability: Bulletproof\n|\n|upkeep\n|turn|13\n|\n|t:|1637329314\n|move|p2a: Kommo-o|Clangorous Soul|p2a: Kommo-o\n|-boost|p2a: Kommo-o|atk|1\n|-boost|p2a: Kommo-o|def|1\n|-boost|p2a: Kommo-o|spa|1\n|-boost|p2a: Kommo-o|spd|1\n|-boost|p2a: Kommo-o|spe|1\n|-damage|p2a: Kommo-o|169\/251\n|-enditem|p2a: Kommo-o|Throat Spray\n|-boost|p2a: Kommo-o|spa|1|[from] item: Throat Spray\n|move|p1a: Tangrowth|Leech Seed|p2a: Kommo-o\n|-start|p2a: Kommo-o|move: Leech Seed\n|\n|-damage|p2a: Kommo-o|138\/251|[from] Leech Seed|[of] p1a: Tangrowth\n|upkeep\n|turn|14\n|\n|t:|1637329334\n|switch|p1a: Arctovish|Arctovish, L86|295\/295\n|-start|p2a: Kommo-o|Dynamax\n|-heal|p2a: Kommo-o|276\/502|[silent]\n|move|p2a: Kommo-o|Max Ooze|p1a: Arctovish\n|-damage|p1a: Arctovish|208\/295\n|-boost|p2a: Kommo-o|spa|1\n|\n|-damage|p2a: Kommo-o|245\/502|[from] Leech Seed|[of] p1a: Arctovish\n|-heal|p1a: Arctovish|239\/295|[silent]\n|upkeep\n|turn|15\n|\n|t:|1637329348\n|move|p2a: Kommo-o|Max Wyrmwind|p1a: Arctovish\n|-damage|p1a: Arctovish|0 fnt\n|faint|p1a: Arctovish\n|\n|upkeep\n|\n|t:|1637329352\n|switch|p1a: Calyrex|Calyrex-Ice, L72|263\/263\n|-ability|p1a: Calyrex|As One\n|-ability|p1a: Calyrex|Unnerve\n|turn|16\n|\n|t:|1637329365\n|-start|p1a: Calyrex|Dynamax\n|-heal|p1a: Calyrex|526\/526|[silent]\n|move|p2a: Kommo-o|Max Wyrmwind|p1a: Calyrex\n|-damage|p1a: Calyrex|229\/526\n|-unboost|p1a: Calyrex|atk|1\n|move|p1a: Calyrex|Max Hailstorm|p2a: Kommo-o\n|-supereffective|p2a: Kommo-o\n|-damage|p2a: Kommo-o|119\/502\n|-weather|Hail\n|\n|-weather|Hail|[upkeep]\n|-damage|p2a: Kommo-o|104\/502|[from] Hail\n|-damage|p2a: Kommo-o|73\/502|[from] Leech Seed|[of] p1a: Calyrex\n|-heal|p1a: Calyrex|260\/526|[silent]\n|-end|p2a: Kommo-o|Dynamax\n|-heal|p2a: Kommo-o|37\/251|[silent]\n|upkeep\n|turn|17\n|\n|t:|1637329388\n|move|p1a: Calyrex|Max Guard|p1a: Calyrex\n|-singleturn|p1a: Calyrex|Max Guard\n|move|p2a: Kommo-o|Clanging Scales|p1a: Calyrex\n|-activate|p1a: Calyrex|move: Max Guard\n|\n|-weather|Hail|[upkeep]\n|-damage|p2a: Kommo-o|22\/251|[from] Hail\n|-damage|p2a: Kommo-o|0 fnt|[from] Leech Seed|[of] p1a: Calyrex\n|-heal|p1a: Calyrex|282\/526|[silent]\n|faint|p2a: Kommo-o\n|upkeep\n|\n|t:|1637329407\n|switch|p2a: Solrock|Solrock, L88|302\/302\n|turn|18\n|\n|t:|1637329414\n|move|p2a: Solrock|Will-O-Wisp|p1a: Calyrex\n|-status|p1a: Calyrex|brn\n|move|p1a: Calyrex|Max Hailstorm|p2a: Solrock\n|-damage|p2a: Solrock|251\/302\n|\n|-weather|Hail|[upkeep]\n|-damage|p2a: Solrock|233\/302|[from] Hail\n|-heal|p2a: Solrock|251\/302|[from] item: Leftovers\n|-damage|p1a: Calyrex|266\/526 brn|[from] brn\n|-end|p1a: Calyrex|Dynamax\n|-heal|p1a: Calyrex|133\/263 brn|[silent]\n|upkeep\n|turn|19\n|\n|t:|1637329428\n|move|p2a: Solrock|Will-O-Wisp|p1a: Calyrex\n|-fail|p1a: Calyrex|brn\n|move|p1a: Calyrex|Glacial Lance|p2a: Solrock\n|-damage|p2a: Solrock|200\/302\n|\n|-weather|Hail|[upkeep]\n|-damage|p2a: Solrock|182\/302|[from] Hail\n|-heal|p2a: Solrock|200\/302|[from] item: Leftovers\n|-damage|p1a: Calyrex|117\/263 brn|[from] brn\n|upkeep\n|turn|20\n|\n|t:|1637329442\n|switch|p1a: Tangrowth|Tangrowth, L84, F|305\/305\n|move|p2a: Solrock|Will-O-Wisp|p1a: Tangrowth\n|-status|p1a: Tangrowth|brn\n|\n|-weather|none\n|-heal|p2a: Solrock|218\/302|[from] item: Leftovers\n|-damage|p1a: Tangrowth|286\/305 brn|[from] brn\n|upkeep\n|turn|21\n|l| 13579vv\n|\n|t:|1637329458\n|switch|p2a: Exeggutor|Exeggutor-Alola, L87, F|213\/307\n|-item|p1a: Tangrowth|Rocky Helmet|[from] ability: Frisk|[of] p2a: Exeggutor|[identify]\n|move|p1a: Tangrowth|Giga Drain|p2a: Exeggutor\n|-resisted|p2a: Exeggutor\n|-damage|p2a: Exeggutor|192\/307\n|-heal|p1a: Tangrowth|297\/305 brn|[from] drain|[of] p2a: Exeggutor\n|\n|-damage|p1a: Tangrowth|278\/305 brn|[from] brn\n|upkeep\n|turn|22\n|\n|t:|1637329473\n|switch|p1a: Calyrex|Calyrex-Ice, L72|117\/263 brn\n|-ability|p1a: Calyrex|As One\n|-ability|p1a: Calyrex|Unnerve\n|move|p2a: Exeggutor|Flamethrower|p1a: Calyrex\n|-supereffective|p1a: Calyrex\n|-damage|p1a: Calyrex|0 fnt\n|faint|p1a: Calyrex\n|-damage|p2a: Exeggutor|162\/307|[from] item: Life Orb\n|\n|upkeep\n|\n|t:|1637329486\n|switch|p1a: Zacian|Zacian, L68|238\/238\n|-ability|p1a: Zacian|Intrepid Sword|boost\n|-boost|p1a: Zacian|atk|1\n|turn|23\n|c|\u2606yuudachi0811\u5915\u7acb|?\n|\n|t:|1637329535\n|switch|p2a: Slowbro|Slowbro, L84, F|296\/297\n|move|p1a: Zacian|Swords Dance|p1a: Zacian\n|-boost|p1a: Zacian|atk|2\n|\n|-heal|p2a: Slowbro|297\/297|[from] item: Leftovers\n|upkeep\n|turn|24\n|c|\u2606swordsman.n|go zacian!\n|\n|t:|1637329560\n|move|p1a: Zacian|Swords Dance|p1a: Zacian\n|-boost|p1a: Zacian|atk|2\n|move|p2a: Slowbro|Scald|p1a: Zacian\n|-damage|p1a: Zacian|153\/238\n|\n|upkeep\n|turn|25\n|\n|t:|1637329601\n|move|p1a: Zacian|Play Rough|p2a: Slowbro\n|-damage|p2a: Slowbro|59\/297\n|move|p2a: Slowbro|Scald|p1a: Zacian\n|-damage|p1a: Zacian|68\/238\n|-status|p1a: Zacian|brn\n|-enditem|p1a: Zacian|Lum Berry|[eat]\n|-curestatus|p1a: Zacian|brn|[msg]\n|\n|-heal|p2a: Slowbro|77\/297|[from] item: Leftovers\n|upkeep\n|turn|26\n|c|\u2606yuudachi0811\u5915\u7acb|?\n|c|\u2606swordsman.n|\u6562\u518d\u83dc\u70b9\u4e0d\n|\n|t:|1637329626\n|switch|p2a: Cursola|Cursola, L86, M|243\/243 slp\n|move|p1a: Zacian|Play Rough|p2a: Cursola\n|-damage|p2a: Cursola|0 fnt\n|faint|p2a: Cursola\n|\n|upkeep\n|\n|t:|1637329636\n|switch|p2a: Slowbro|Slowbro, L84, F|176\/297\n|turn|27\n|\n|t:|1637329656\n|switch|p2a: Solrock|Solrock, L88|218\/302\n|move|p1a: Zacian|Play Rough|p2a: Solrock\n|-damage|p2a: Solrock|0 fnt\n|faint|p2a: Solrock\n|\n|upkeep\n|\n|t:|1637329659\n|switch|p2a: Slowbro|Slowbro, L84, F|275\/297\n|turn|28\n|\n|t:|1637329666\n|move|p1a: Zacian|Play Rough|p2a: Slowbro\n|-damage|p2a: Slowbro|41\/297\n|move|p2a: Slowbro|Scald|p1a: Zacian\n|-damage|p1a: Zacian|0 fnt\n|faint|p1a: Zacian\n|\n|-heal|p2a: Slowbro|59\/297|[from] item: Leftovers\n|upkeep\n|\n|t:|1637329675\n|switch|p1a: Tangrowth|Tangrowth, L84, F|305\/305 brn\n|turn|29\n|\n|t:|1637329680\n|move|p1a: Tangrowth|Sludge Bomb|p2a: Slowbro\n|-damage|p2a: Slowbro|0 fnt\n|faint|p2a: Slowbro\n|\n|-damage|p1a: Tangrowth|286\/305 brn|[from] brn\n|upkeep\n|\n|t:|1637329682\n|switch|p2a: Exeggutor|Exeggutor-Alola, L87, F|162\/307\n|-item|p1a: Tangrowth|Rocky Helmet|[from] ability: Frisk|[of] p2a: Exeggutor|[identify]\n|turn|30\n|\n|t:|1637329693\n|switch|p1a: Rotom|Rotom-Wash, L82|104\/216\n|move|p2a: Exeggutor|Trick Room|p2a: Exeggutor\n|-fieldstart|move: Trick Room|[of] p2a: Exeggutor\n|\n|-heal|p1a: Rotom|117\/216|[from] item: Leftovers\n|upkeep\n|turn|31\n|\n|t:|1637329709\n|switch|p1a: Tangrowth|Tangrowth, L84, F|305\/305 brn\n|move|p2a: Exeggutor|Giga Drain|p1a: Tangrowth\n|-resisted|p1a: Tangrowth\n|-damage|p1a: Tangrowth|211\/305 brn\n|-heal|p2a: Exeggutor|209\/307|[from] drain|[of] p1a: Tangrowth\n|-damage|p2a: Exeggutor|179\/307|[from] item: Life Orb\n|\n|-damage|p1a: Tangrowth|192\/305 brn|[from] brn\n|upkeep\n|turn|32\n|\n|t:|1637329720\n|switch|p1a: Rotom|Rotom-Wash, L82|117\/216\n|move|p2a: Exeggutor|Flamethrower|p1a: Rotom\n|-resisted|p1a: Rotom\n|-damage|p1a: Rotom|66\/216\n|-damage|p2a: Exeggutor|149\/307|[from] item: Life Orb\n|\n|-heal|p1a: Rotom|79\/216|[from] item: Leftovers\n|upkeep\n|turn|33\n|\n|t:|1637329736\n|move|p2a: Exeggutor|Giga Drain|p1a: Rotom\n|-supereffective|p1a: Rotom\n|-damage|p1a: Rotom|0 fnt\n|-heal|p2a: Exeggutor|189\/307|[from] drain|[of] p1a: Rotom\n|faint|p1a: Rotom\n|-damage|p2a: Exeggutor|159\/307|[from] item: Life Orb\n|\n|upkeep\n|\n|t:|1637329742\n|switch|p1a: Tangrowth|Tangrowth, L84, F|293\/305 brn\n|turn|34\n|\n|t:|1637329751\n|move|p2a: Exeggutor|Flamethrower|p1a: Tangrowth\n|-supereffective|p1a: Tangrowth\n|-crit|p1a: Tangrowth\n|-damage|p1a: Tangrowth|0 fnt\n|faint|p1a: Tangrowth\n|-damage|p2a: Exeggutor|129\/307|[from] item: Life Orb\n|\n|win|yuudachi0811\u5915\u7acb\n|c|\u2606yuudachi0811\u5915\u7acb|\u51fb\u4e2d\u4e86\u8981\u5bb3\uff01\n","inputlog":">version 5f9d7c5fd7d7784ad2f0d0f4b61ea6e75791baaf\n>version-origin 3918ebd609a2bd57e0326bf76fca79306b37a61f\n>start {\"formatid\":\"gen8randombattle\",\"seed\":[41942,21557,34799,49460]}\n>player p1 {\"name\":\"swordsman.n\",\"avatar\":\"249\",\"rating\":0,\"seed\":[979,56389,25744,51935]}\n>player p2 {\"name\":\"yuudachi0811\u5915\u7acb\",\"avatar\":\"170\",\"rating\":0,\"seed\":[47167,52158,20134,42655]}\n>chat \u2606swordsman.n|\uff1f\n>chat \u2606yuudachi0811\u5915\u7acb|\uff1f\n>p1 move agility\n>p2 switch 2\n>p1 switch 6\n>p2 move willowisp\n>chat \u2606yuudachi0811\u5915\u7acb|\uff1f\n>p1 move voltswitch\n>p2 switch 4\n>p1 switch 3\n>chat \u2606yuudachi0811\u5915\u7acb|[\u6930\u86cb\u6811\u7684\u5bdf\u89c9]\n>chat \u2606yuudachi0811\u5915\u7acb|Exeggutor frisked the opposing Rotom and found its Leftovers!\n>p1 move fishiousrend\n>p2 switch 3\n>chat \u2606yuudachi0811\u5915\u7acb|\u9cc3\u54ac!\n>p1 switch 3\n>p2 move teleport\n>p2 switch 3\n>chat \u2606swordsman.n|\u592a\u53d7\u4e86\n>p1 move voltswitch\n>p2 move gigadrain\n>p1 switch 4\n>p1 switch 4\n>p2 switch 5\n>p1 move willowisp\n>p2 move swordsdance\n>p1 move hydropump\n>p2 move stoneedge\n>p2 switch 5\n>p1 move voltswitch\n>p2 move dracometeor\n>p1 switch 4\n>chat \u2606yuudachi0811\u5915\u7acb|\u5f00\u521b\uff01\n>chat \u2606yuudachi0811\u5915\u7acb|\u6211\u521b\u6b7b\u4f60.jpg\n>p1 switch 5\n>p1 move sleeppowder\n>p2 switch 6\n>p1 move sludgebomb\n>p2 switch 2\n>p1 move leechseed\n>p2 move clangoroussoul\n>p1 switch 3\n>p2 move poisonjab dynamax\n>p1 move iciclecrash\n>p2 move clangingscales dynamax\n>p1 switch 6\n>p1 move glaciallance dynamax\n>p2 move clangingscales dynamax\n>p1 move agility dynamax\n>p2 move clangingscales\n>p2 switch 4\n>p1 move glaciallance dynamax\n>p2 move willowisp\n>p1 move glaciallance\n>p2 move willowisp\n>p1 switch 3\n>p2 move willowisp\n>p1 move gigadrain\n>p2 switch 6\n>p1 switch 3\n>p2 move flamethrower\n>p1 switch 2\n>chat \u2606yuudachi0811\u5915\u7acb|?\n>p1 move swordsdance\n>p2 switch 3\n>chat \u2606swordsman.n|go zacian!\n>p1 move swordsdance\n>p2 move scald\n>p1 move playrough\n>p2 move scald\n>chat \u2606yuudachi0811\u5915\u7acb|?\n>chat \u2606swordsman.n|\u6562\u518d\u83dc\u70b9\u4e0d\n>p1 move playrough\n>p2 switch 2\n>p2 switch 2\n>p1 move playrough\n>p2 switch 6\n>p2 switch 6\n>p1 move playrough\n>p2 move scald\n>p1 switch 3\n>p1 move sludgebomb\n>p2 move teleport\n>p2 switch 3\n>p1 switch 4\n>p2 move trickroom\n>p1 switch 4\n>p2 move gigadrain\n>p1 switch 4\n>p2 move flamethrower\n>p1 move voltswitch\n>p2 move gigadrain\n>p1 switch 4\n>p1 move sludgebomb\n>p2 move flamethrower","uploadtime":1637329760,"views":13,"p1id":"swordsmann","p2id":"yuudachi0811","formatid":"gen8randombattle","rating":0,"private":0,"password":null}