{"id":"china-gen7ou-1829479","p1":"9fk","p2":"EEEEEvolto\u6df1\u6eba","format":"gen7ou","log":"|j|\u26069fk\n|j|\u2606EEEEEvolto\u6df1\u6eba\n|t:|1626930069\n|gametype|singles\n|player|p1|9fk|169|1370\n|player|p2|EEEEEvolto\u6df1\u6eba|102|1338\n|teamsize|p1|6\n|teamsize|p2|6\n|gen|7\n|tier|[Gen 7] OU\n|rated|\n|rule|Sleep Clause Mod: Limit one foe put to sleep\n|rule|Species Clause: Limit one of each Pok\u00e9mon\n|rule|OHKO Clause: OHKO moves are banned\n|rule|Moody Clause: Moody is banned\n|rule|Evasion Moves Clause: Evasion moves are banned\n|rule|Endless Battle Clause: Forcing endless battles is banned\n|rule|HP Percentage Mod: HP is shown in percentages\n|clearpoke\n|poke|p1|Tyranitar, F|item\n|poke|p1|Kyurem-Black|item\n|poke|p1|Mawile, F|item\n|poke|p1|Magearna|item\n|poke|p1|Zapdos|item\n|poke|p1|Smeargle, F|item\n|poke|p2|Sableye, F|item\n|poke|p2|Celesteela|item\n|poke|p2|Pyukumuku, F|item\n|poke|p2|Chansey, F|item\n|poke|p2|Gliscor, M|item\n|poke|p2|Volcarona, M|item\n|teampreview\n|inactive|Battle timer is ON: inactive players will automatically lose when time's up. (requested by 9fk)\n|inactive|EEEEEvolto\u6df1\u6eba has 120 seconds left.\n|\n|t:|1626930120\n|start\n|switch|p1a: Magearna|Magearna|100\/100\n|switch|p2a: Sableye|Sableye, F|100\/100\n|turn|1\n|\n|t:|1626930124\n|detailschange|p2a: Sableye|Sableye-Mega, F\n|-mega|p2a: Sableye|Sableye|Sablenite\n|move|p2a: Sableye|Protect|p2a: Sableye\n|-singleturn|p2a: Sableye|Protect\n|move|p1a: Magearna|Fleur Cannon|p2a: Sableye\n|-activate|p2a: Sableye|move: Protect\n|\n|upkeep\n|turn|2\n|\n|t:|1626930129\n|switch|p2a: Chansey|Chansey, F|100\/100\n|move|p1a: Magearna|Volt Switch|p2a: Chansey\n|-damage|p2a: Chansey|94\/100\n|\n|t:|1626930144\n|switch|p1a: Kyurem|Kyurem-Black, shiny|100\/100|[from]move: Volt Switch\n|-ability|p1a: Kyurem|Teravolt\n|\n|upkeep\n|turn|3\n|j| zealandin\n|\n|t:|1626930159\n|move|p1a: Kyurem|Freeze Shock||[still]\n|-prepare|p1a: Kyurem|Freeze Shock\n|move|p2a: Chansey|Toxic|p1a: Kyurem\n|-status|p1a: Kyurem|tox\n|\n|-damage|p1a: Kyurem|94\/100 tox|[from] psn\n|upkeep\n|turn|4\n|\n|t:|1626930165\n|move|p1a: Kyurem|Freeze Shock|p2a: Chansey|[from]lockedmove\n|-damage|p2a: Chansey|28\/100\n|move|p2a: Chansey|Soft-Boiled|p2a: Chansey\n|-heal|p2a: Chansey|78\/100\n|\n|-damage|p1a: Kyurem|82\/100 tox|[from] psn\n|upkeep\n|turn|5\n|\n|t:|1626930173\n|-zpower|p1a: Kyurem\n|move|p1a: Kyurem|Subzero Slammer|p2a: Chansey|[zeffect]\n|-damage|p2a: Chansey|0 fnt\n|faint|p2a: Chansey\n|\n|-damage|p1a: Kyurem|64\/100 tox|[from] psn\n|upkeep\n|\n|t:|1626930176\n|switch|p2a: Celesteela|Celesteela, shiny|100\/100\n|turn|6\n|\n|t:|1626930186\n|move|p1a: Kyurem|Fusion Bolt|p2a: Celesteela\n|-supereffective|p2a: Celesteela\n|-damage|p2a: Celesteela|34\/100\n|move|p2a: Celesteela|Heavy Slam|p1a: Kyurem\n|-supereffective|p1a: Kyurem\n|-damage|p1a: Kyurem|19\/100 tox\n|\n|-heal|p2a: Celesteela|40\/100|[from] item: Leftovers\n|-damage|p1a: Kyurem|0 fnt|[from] psn\n|faint|p1a: Kyurem\n|upkeep\n|\n|t:|1626930205\n|switch|p1a: Magearna|Magearna|100\/100\n|turn|7\n|\n|t:|1626930208\n|move|p2a: Celesteela|Protect|p2a: Celesteela\n|-singleturn|p2a: Celesteela|Protect\n|move|p1a: Magearna|Volt Switch|p2a: Celesteela\n|-activate|p2a: Celesteela|move: Protect\n|\n|-heal|p2a: Celesteela|46\/100|[from] item: Leftovers\n|upkeep\n|turn|8\n|j| Taizhoudama\n|\n|t:|1626930214\n|move|p1a: Magearna|Volt Switch|p2a: Celesteela\n|-supereffective|p2a: Celesteela\n|-damage|p2a: Celesteela|14\/100\n|l| Taizhoudama\n|\n|t:|1626930223\n|switch|p1a: Zapdos|Zapdos, shiny|100\/100|[from]move: Volt Switch\n|-ability|p1a: Zapdos|Pressure\n|move|p2a: Celesteela|Leech Seed|p1a: Zapdos\n|-start|p1a: Zapdos|move: Leech Seed\n|\n|-heal|p2a: Celesteela|20\/100|[from] item: Leftovers\n|-damage|p1a: Zapdos|88\/100|[from] Leech Seed|[of] p2a: Celesteela\n|-heal|p2a: Celesteela|31\/100|[silent]\n|upkeep\n|turn|9\n|\n|t:|1626930239\n|switch|p1a: Smeargle|Smeargle, F, shiny|100\/100\n|move|p2a: Celesteela|Protect||[still]\n|-fail|p2a: Celesteela\n|\n|-heal|p2a: Celesteela|37\/100|[from] item: Leftovers\n|upkeep\n|turn|10\n|\n|t:|1626930245\n|switch|p2a: Gliscor|Gliscor, M|100\/100\n|move|p1a: Smeargle|Whirlwind|p2a: Gliscor\n|drag|p2a: Celesteela|Celesteela, shiny|37\/100\n|\n|-heal|p2a: Celesteela|43\/100|[from] item: Leftovers\n|upkeep\n|turn|11\n|\n|t:|1626930252\n|switch|p2a: Gliscor|Gliscor, M|100\/100\n|move|p1a: Smeargle|Nuzzle|p2a: Gliscor\n|-immune|p2a: Gliscor\n|\n|-status|p2a: Gliscor|tox|[from] item: Toxic Orb\n|upkeep\n|turn|12\n|\n|t:|1626930269\n|move|p2a: Gliscor|Toxic|p1a: Smeargle\n|-status|p1a: Smeargle|tox\n|move|p1a: Smeargle|Whirlwind|p2a: Gliscor\n|drag|p2a: Pyukumuku|Pyukumuku, F|100\/100\n|\n|-damage|p1a: Smeargle|94\/100 tox|[from] psn\n|upkeep\n|turn|13\n|\n|t:|1626930279\n|switch|p1a: Magearna|Magearna|100\/100\n|switch|p2a: Gliscor|Gliscor, M|100\/100 tox\n|\n|upkeep\n|turn|14\n|\n|t:|1626930286\n|move|p2a: Gliscor|Earthquake|p1a: Magearna\n|-supereffective|p1a: Magearna\n|-enditem|p1a: Magearna|Shuca Berry|[eat]\n|-enditem|p1a: Magearna|Shuca Berry|[weaken]\n|-damage|p1a: Magearna|75\/100\n|move|p1a: Magearna|Ice Beam|p2a: Gliscor\n|-supereffective|p2a: Gliscor\n|-damage|p2a: Gliscor|0 fnt\n|faint|p2a: Gliscor\n|-ability|p1a: Magearna|Soul-Heart|boost\n|-boost|p1a: Magearna|spa|1\n|\n|upkeep\n|\n|t:|1626930294\n|switch|p2a: Volcarona|Volcarona, M|100\/100\n|turn|15\n|\n|t:|1626930308\n|switch|p1a: Tyranitar|Tyranitar, F, shiny|100\/100\n|-weather|Sandstorm|[from] ability: Sand Stream|[of] p1a: Tyranitar\n|move|p2a: Volcarona|Flamethrower|p1a: Tyranitar\n|-resisted|p1a: Tyranitar\n|-damage|p1a: Tyranitar|95\/100\n|\n|-weather|Sandstorm|[upkeep]\n|-damage|p2a: Volcarona|94\/100|[from] Sandstorm\n|-heal|p2a: Volcarona|100\/100|[from] item: Leftovers\n|upkeep\n|turn|16\n|\n|t:|1626930319\n|move|p2a: Volcarona|Hidden Power|p1a: Tyranitar\n|-supereffective|p1a: Tyranitar\n|-damage|p1a: Tyranitar|84\/100\n|move|p1a: Tyranitar|Stone Edge|p2a: Volcarona\n|-supereffective|p2a: Volcarona\n|-damage|p2a: Volcarona|0 fnt\n|faint|p2a: Volcarona\n|\n|-weather|Sandstorm|[upkeep]\n|upkeep\n|\n|t:|1626930324\n|switch|p2a: Sableye|Sableye-Mega, F|100\/100\n|turn|17\n|c|\u26069fk|\uff1f\n|\n|t:|1626930330\n|switch|p1a: Smeargle|Smeargle, F, shiny|94\/100 tox\n|move|p2a: Sableye|Foul Play|p1a: Smeargle\n|-damage|p1a: Smeargle|67\/100 tox\n|\n|-weather|Sandstorm|[upkeep]\n|-damage|p1a: Smeargle|61\/100 tox|[from] Sandstorm\n|-damage|p2a: Sableye|95\/100|[from] Sandstorm\n|-damage|p1a: Smeargle|55\/100 tox|[from] psn\n|upkeep\n|turn|18\n|\n|t:|1626930334\n|move|p1a: Smeargle|Nuzzle|p2a: Sableye\n|-damage|p2a: Sableye|93\/100\n|-status|p2a: Sableye|par\n|move|p2a: Sableye|Knock Off|p1a: Smeargle\n|-damage|p1a: Smeargle|0 fnt\n|-enditem|p1a: Smeargle|Focus Sash|[from] move: Knock Off|[of] p2a: Sableye\n|faint|p1a: Smeargle\n|\n|-weather|Sandstorm|[upkeep]\n|-damage|p2a: Sableye|87\/100 par|[from] Sandstorm\n|upkeep\n|c|\u26069fk|gg\n|\n|t:|1626930344\n|switch|p1a: Magearna|Magearna|75\/100\n|turn|19\n|\n|t:|1626930349\n|move|p2a: Sableye|Protect|p2a: Sableye\n|-singleturn|p2a: Sableye|Protect\n|move|p1a: Magearna|Fleur Cannon|p2a: Sableye\n|-activate|p2a: Sableye|move: Protect\n|\n|-weather|none\n|upkeep\n|turn|20\n|\n|t:|1626930355\n|switch|p2a: Pyukumuku|Pyukumuku, F|100\/100\n|move|p1a: Magearna|Fleur Cannon|p2a: Pyukumuku|[miss]\n|-miss|p1a: Magearna|p2a: Pyukumuku\n|\n|upkeep\n|turn|21\n|\n|t:|1626930360\n|move|p1a: Magearna|Energy Ball|p2a: Pyukumuku\n|-supereffective|p2a: Pyukumuku\n|-damage|p2a: Pyukumuku|39\/100\n|move|p2a: Pyukumuku|Recover|p2a: Pyukumuku\n|-heal|p2a: Pyukumuku|89\/100\n|\n|-heal|p2a: Pyukumuku|95\/100|[from] item: Leftovers\n|upkeep\n|turn|22\n|\n|t:|1626930364\n|switch|p2a: Celesteela|Celesteela, shiny|43\/100\n|move|p1a: Magearna|Energy Ball|p2a: Celesteela\n|-resisted|p2a: Celesteela\n|-damage|p2a: Celesteela|38\/100\n|\n|-heal|p2a: Celesteela|44\/100|[from] item: Leftovers\n|upkeep\n|turn|23\n|\n|t:|1626930369\n|move|p2a: Celesteela|Protect|p2a: Celesteela\n|-singleturn|p2a: Celesteela|Protect\n|move|p1a: Magearna|Volt Switch|p2a: Celesteela\n|-activate|p2a: Celesteela|move: Protect\n|\n|-heal|p2a: Celesteela|50\/100|[from] item: Leftovers\n|upkeep\n|turn|24\n|\n|t:|1626930372\n|move|p1a: Magearna|Ice Beam|p2a: Celesteela\n|-damage|p2a: Celesteela|30\/100\n|move|p2a: Celesteela|Leech Seed|p1a: Magearna\n|-start|p1a: Magearna|move: Leech Seed\n|\n|-heal|p2a: Celesteela|36\/100|[from] item: Leftovers\n|-damage|p1a: Magearna|62\/100|[from] Leech Seed|[of] p2a: Celesteela\n|-heal|p2a: Celesteela|47\/100|[silent]\n|upkeep\n|turn|25\n|\n|t:|1626930376\n|switch|p1a: Zapdos|Zapdos, shiny|88\/100\n|-ability|p1a: Zapdos|Pressure\n|move|p2a: Celesteela|Leech Seed|p1a: Zapdos\n|-start|p1a: Zapdos|move: Leech Seed\n|\n|-heal|p1a: Zapdos|94\/100|[from] item: Leftovers\n|-heal|p2a: Celesteela|53\/100|[from] item: Leftovers\n|-damage|p1a: Zapdos|82\/100|[from] Leech Seed|[of] p2a: Celesteela\n|-heal|p2a: Celesteela|65\/100|[silent]\n|upkeep\n|turn|26\n|\n|t:|1626930382\n|switch|p1a: Magearna|Magearna|62\/100\n|move|p2a: Celesteela|Protect||[still]\n|-fail|p2a: Celesteela\n|\n|-heal|p2a: Celesteela|71\/100|[from] item: Leftovers\n|upkeep\n|turn|27\n|\n|t:|1626930386\n|move|p1a: Magearna|Volt Switch|p2a: Celesteela\n|-supereffective|p2a: Celesteela\n|-damage|p2a: Celesteela|36\/100\n|\n|t:|1626930390\n|switch|p1a: Zapdos|Zapdos, shiny|82\/100|[from]move: Volt Switch\n|-ability|p1a: Zapdos|Pressure\n|move|p2a: Celesteela|Leech Seed|p1a: Zapdos\n|-start|p1a: Zapdos|move: Leech Seed\n|\n|-heal|p1a: Zapdos|88\/100|[from] item: Leftovers\n|-heal|p2a: Celesteela|42\/100|[from] item: Leftovers\n|-damage|p1a: Zapdos|76\/100|[from] Leech Seed|[of] p2a: Celesteela\n|-heal|p2a: Celesteela|54\/100|[silent]\n|upkeep\n|turn|28\n|\n|t:|1626930396\n|move|p2a: Celesteela|Protect|p2a: Celesteela\n|-singleturn|p2a: Celesteela|Protect\n|move|p1a: Zapdos|Thunderbolt|p2a: Celesteela\n|-activate|p2a: Celesteela|move: Protect\n|\n|-heal|p1a: Zapdos|82\/100|[from] item: Leftovers\n|-heal|p2a: Celesteela|60\/100|[from] item: Leftovers\n|-damage|p1a: Zapdos|69\/100|[from] Leech Seed|[of] p2a: Celesteela\n|-heal|p2a: Celesteela|72\/100|[silent]\n|upkeep\n|turn|29\n|\n|t:|1626930405\n|move|p1a: Zapdos|Thunderbolt|p2a: Celesteela\n|-supereffective|p2a: Celesteela\n|-damage|p2a: Celesteela|22\/100\n|-status|p2a: Celesteela|par\n|cant|p2a: Celesteela|par\n|\n|-heal|p1a: Zapdos|75\/100|[from] item: Leftovers\n|-heal|p2a: Celesteela|28\/100 par|[from] item: Leftovers\n|-damage|p1a: Zapdos|63\/100|[from] Leech Seed|[of] p2a: Celesteela\n|-heal|p2a: Celesteela|40\/100 par|[silent]\n|upkeep\n|turn|30\n|\n|t:|1626930411\n|switch|p1a: Magearna|Magearna|62\/100\n|move|p2a: Celesteela|Protect||[still]\n|-fail|p2a: Celesteela\n|\n|-heal|p2a: Celesteela|46\/100 par|[from] item: Leftovers\n|upkeep\n|turn|31\n|\n|t:|1626930417\n|move|p1a: Magearna|Ice Beam|p2a: Celesteela\n|-damage|p2a: Celesteela|26\/100 par\n|move|p2a: Celesteela|Leech Seed|p1a: Magearna\n|-start|p1a: Magearna|move: Leech Seed\n|\n|-heal|p2a: Celesteela|32\/100 par|[from] item: Leftovers\n|-damage|p1a: Magearna|50\/100|[from] Leech Seed|[of] p2a: Celesteela\n|-heal|p2a: Celesteela|43\/100 par|[silent]\n|upkeep\n|turn|32\n|\n|t:|1626930422\n|cant|p2a: Celesteela|par\n|move|p1a: Magearna|Volt Switch|p2a: Celesteela\n|-supereffective|p2a: Celesteela\n|-damage|p2a: Celesteela|9\/100 par\n|\n|t:|1626930424\n|switch|p1a: Zapdos|Zapdos, shiny|63\/100|[from]move: Volt Switch\n|-ability|p1a: Zapdos|Pressure\n|\n|-heal|p1a: Zapdos|69\/100|[from] item: Leftovers\n|-heal|p2a: Celesteela|15\/100 par|[from] item: Leftovers\n|upkeep\n|turn|33\n|j| nonefacials\n|-message|EEEEEvolto\u6df1\u6eba forfeited.\n|\n|win|9fk\n|raw|9fk's rating: 1370 &rarr; <strong>1388<\/strong><br \/>(+18 for winning)\n|raw|EEEEEvolto\u6df1\u6eba's rating: 1338 &rarr; <strong>1324<\/strong><br \/>(-14 for losing)\n|l|\u2606EEEEEvolto\u6df1\u6eba\n","uploadtime":1626930435,"views":5,"p1id":"9fk","p2id":"eeeeevolto","formatid":"gen7ou","rating":0,"private":0,"password":null}