{"id":"china-gen7ou-4673166","p1":"EEEEEvolto\u6df1\u6eba","p2":"yhvgc","format":"gen7ou","log":"|j|\u2606EEEEEvolto\u6df1\u6eba\n|j|\u2606yhvgc\n|t:|1652527027\n|gametype|singles\n|player|p1|EEEEEvolto\u6df1\u6eba|harlequin|\n|player|p2|yhvgc|dawn-gen4pt|\n|teamsize|p1|6\n|teamsize|p2|6\n|gen|7\n|tier|[Gen 7] OU\n|rule|Sleep Clause Mod: Limit one foe put to sleep\n|rule|Species Clause: Limit one of each Pok\u00e9mon\n|rule|OHKO Clause: OHKO moves are banned\n|rule|Moody Clause: Moody is banned\n|rule|Evasion Moves Clause: Evasion moves are banned\n|rule|Endless Battle Clause: Forcing endless battles is banned\n|rule|HP Percentage Mod: HP is shown in percentages\n|clearpoke\n|poke|p1|Sableye, M|item\n|poke|p1|Shedinja|item\n|poke|p1|Chansey, F|item\n|poke|p1|Volcarona, M|item\n|poke|p1|Ditto|item\n|poke|p1|Skarmory, M|item\n|poke|p2|Kyurem|item\n|poke|p2|Gliscor, M|item\n|poke|p2|Toxapex, M|item\n|poke|p2|Ditto|item\n|poke|p2|Reuniclus, F|item\n|poke|p2|Scizor, M|item\n|teampreview\n|inactive|Battle timer is ON: inactive players will automatically lose when time's up. (requested by EEEEEvolto\u6df1\u6eba)\n|inactive|yhvgc also wants the timer to be on.\n|\n|t:|1652527039\n|start\n|switch|p1a: Sableye|Sableye, M, shiny|100\/100\n|switch|p2a: Ditto|Ditto, shiny|100\/100\n|-transform|p2a: Ditto|p1a: Sableye|[from] ability: Imposter\n|turn|1\n|\n|t:|1652527051\n|switch|p2a: Reuniclus|Reuniclus, F, shiny|100\/100\n|move|p1a: Sableye|Will-O-Wisp|p2a: Reuniclus\n|-status|p2a: Reuniclus|brn\n|\n|upkeep\n|turn|2\n|\n|t:|1652527062\n|switch|p2a: Kyurem|Kyurem, shiny|100\/100\n|-ability|p2a: Kyurem|Pressure\n|detailschange|p1a: Sableye|Sableye-Mega, M, shiny\n|-mega|p1a: Sableye|Sableye|Sablenite\n|move|p1a: Sableye|Protect||[still]\n|-fail|p1a: Sableye\n|\n|upkeep\n|turn|3\n|\n|t:|1652527066\n|switch|p1a: Chansey|Chansey, F|100\/100\n|move|p2a: Kyurem|Substitute|p2a: Kyurem\n|-start|p2a: Kyurem|Substitute\n|-damage|p2a: Kyurem|76\/100\n|\n|upkeep\n|turn|4\n|\n|t:|1652527072\n|move|p2a: Kyurem|Roost|p2a: Kyurem\n|-heal|p2a: Kyurem|100\/100\n|-singleturn|p2a: Kyurem|move: Roost\n|move|p1a: Chansey|Stealth Rock|p2a: Kyurem\n|-sidestart|p2: yhvgc|move: Stealth Rock\n|\n|upkeep\n|turn|5\n|j| haiwang666\n|\n|t:|1652527080\n|switch|p1a: Shedinja|Shedinja|100\/100\n|move|p2a: Kyurem|Earth Power|p1a: Shedinja\n|-immune|p1a: Shedinja|[from] ability: Wonder Guard\n|\n|upkeep\n|turn|6\n|\n|t:|1652527086\n|move|p2a: Kyurem|Ice Beam|p1a: Shedinja\n|-immune|p1a: Shedinja|[from] ability: Wonder Guard\n|move|p1a: Shedinja|Will-O-Wisp||[still]\n|-fail|p1a: Shedinja\n|\n|upkeep\n|turn|7\n|\n|t:|1652527090\n|move|p2a: Kyurem|Ice Beam|p1a: Shedinja\n|-immune|p1a: Shedinja|[from] ability: Wonder Guard\n|move|p1a: Shedinja|Toxic||[still]\n|-fail|p1a: Shedinja\n|\n|upkeep\n|turn|8\n|\n|t:|1652527095\n|move|p2a: Kyurem|Substitute|p2a: Kyurem\n|-fail|p2a: Kyurem|move: Substitute\n|move|p1a: Shedinja|Toxic||[still]\n|-fail|p1a: Shedinja\n|\n|upkeep\n|turn|9\n|\n|t:|1652527102\n|switch|p2a: Toxapex|Toxapex, M|100\/100\n|-damage|p2a: Toxapex|88\/100|[from] Stealth Rock\n|switch|p1a: Volcarona|Volcarona, M|100\/100\n|\n|-heal|p2a: Toxapex|94\/100|[from] item: Black Sludge\n|upkeep\n|turn|10\n|\n|t:|1652527109\n|switch|p1a: Sableye|Sableye-Mega, M, shiny|100\/100\n|move|p2a: Toxapex|Toxic Spikes|p1a: Sableye\n|move|p1a: Sableye|Toxic Spikes|p2a: Toxapex|[from]ability: Magic Bounce\n|-sidestart|p2: yhvgc|move: Toxic Spikes\n|\n|-heal|p2a: Toxapex|100\/100|[from] item: Black Sludge\n|upkeep\n|turn|11\n|\n|t:|1652527117\n|move|p1a: Sableye|Protect|p1a: Sableye\n|-singleturn|p1a: Sableye|Protect\n|move|p2a: Toxapex|Scald|p1a: Sableye\n|-activate|p1a: Sableye|move: Protect\n|\n|upkeep\n|turn|12\n|\n|t:|1652527119\n|move|p2a: Toxapex|Scald|p1a: Sableye\n|-damage|p1a: Sableye|87\/100\n|move|p1a: Sableye|Will-O-Wisp|p2a: Toxapex\n|-status|p2a: Toxapex|brn\n|\n|-damage|p2a: Toxapex|94\/100 brn|[from] brn\n|upkeep\n|turn|13\n|\n|t:|1652527124\n|switch|p1a: Ditto|Ditto|100\/100\n|-transform|p1a: Ditto|p2a: Toxapex|[from] ability: Imposter\n|move|p2a: Toxapex|Scald|p1a: Ditto\n|-resisted|p1a: Ditto\n|-damage|p1a: Ditto|95\/100\n|-status|p1a: Ditto|brn\n|\n|-heal|p2a: Toxapex|100\/100 brn|[from] item: Black Sludge\n|-damage|p1a: Ditto|89\/100 brn|[from] brn\n|-damage|p2a: Toxapex|94\/100 brn|[from] brn\n|upkeep\n|turn|14\n|\n|t:|1652527128\n|switch|p1a: Sableye|Sableye-Mega, M, shiny|87\/100\n|move|p2a: Toxapex|Toxic Spikes|p1a: Sableye\n|move|p1a: Sableye|Toxic Spikes|p2a: Toxapex|[from]ability: Magic Bounce\n|-sidestart|p2: yhvgc|move: Toxic Spikes\n|\n|-heal|p2a: Toxapex|100\/100 brn|[from] item: Black Sludge\n|-damage|p2a: Toxapex|94\/100 brn|[from] brn\n|upkeep\n|turn|15\n|\n|t:|1652527133\n|move|p2a: Toxapex|Scald|p1a: Sableye\n|-damage|p1a: Sableye|74\/100\n|move|p1a: Sableye|Metal Burst|p2a: Toxapex\n|-damage|p2a: Toxapex|75\/100 brn\n|\n|-heal|p2a: Toxapex|81\/100 brn|[from] item: Black Sludge\n|-damage|p2a: Toxapex|75\/100 brn|[from] brn\n|upkeep\n|turn|16\n|\n|t:|1652527139\n|move|p2a: Toxapex|Scald|p1a: Sableye\n|-damage|p1a: Sableye|63\/100\n|move|p1a: Sableye|Recover|p1a: Sableye\n|-heal|p1a: Sableye|100\/100\n|\n|-heal|p2a: Toxapex|81\/100 brn|[from] item: Black Sludge\n|-damage|p2a: Toxapex|75\/100 brn|[from] brn\n|upkeep\n|turn|17\n|\n|t:|1652527143\n|switch|p1a: Shedinja|Shedinja|100\/100\n|move|p2a: Toxapex|Scald|p1a: Shedinja\n|-immune|p1a: Shedinja|[from] ability: Wonder Guard\n|\n|-heal|p2a: Toxapex|81\/100 brn|[from] item: Black Sludge\n|-damage|p2a: Toxapex|75\/100 brn|[from] brn\n|upkeep\n|turn|18\n|\n|t:|1652527146\n|switch|p1a: Sableye|Sableye-Mega, M, shiny|100\/100\n|move|p2a: Toxapex|Toxic Spikes|p1a: Sableye\n|move|p1a: Sableye|Toxic Spikes||[from]ability: Magic Bounce|[still]\n|-fail|p1a: Sableye\n|\n|-heal|p2a: Toxapex|81\/100 brn|[from] item: Black Sludge\n|-damage|p2a: Toxapex|75\/100 brn|[from] brn\n|upkeep\n|turn|19\n|\n|t:|1652527152\n|switch|p1a: Shedinja|Shedinja|100\/100\n|move|p2a: Toxapex|Scald|p1a: Shedinja\n|-immune|p1a: Shedinja|[from] ability: Wonder Guard\n|\n|-heal|p2a: Toxapex|81\/100 brn|[from] item: Black Sludge\n|-damage|p2a: Toxapex|75\/100 brn|[from] brn\n|upkeep\n|turn|20\n|\n|t:|1652527156\n|switch|p1a: Sableye|Sableye-Mega, M, shiny|100\/100\n|move|p2a: Toxapex|Scald|p1a: Sableye\n|-damage|p1a: Sableye|87\/100\n|\n|-heal|p2a: Toxapex|81\/100 brn|[from] item: Black Sludge\n|-damage|p2a: Toxapex|75\/100 brn|[from] brn\n|upkeep\n|turn|21\n|j|\u265avulpot\n|\n|t:|1652527160\n|move|p1a: Sableye|Protect|p1a: Sableye\n|-singleturn|p1a: Sableye|Protect\n|move|p2a: Toxapex|Toxic Spikes|p1a: Sableye\n|move|p1a: Sableye|Toxic Spikes||[from]ability: Magic Bounce|[still]\n|-fail|p1a: Sableye\n|\n|-heal|p2a: Toxapex|81\/100 brn|[from] item: Black Sludge\n|-damage|p2a: Toxapex|75\/100 brn|[from] brn\n|upkeep\n|turn|22\n|\n|t:|1652527171\n|switch|p1a: Ditto|Ditto|100\/100 brn\n|-transform|p1a: Ditto|p2a: Toxapex|[from] ability: Imposter\n|move|p2a: Toxapex|Scald|p1a: Ditto\n|-resisted|p1a: Ditto\n|-damage|p1a: Ditto|95\/100 brn\n|\n|-heal|p2a: Toxapex|81\/100 brn|[from] item: Black Sludge\n|-damage|p1a: Ditto|89\/100 brn|[from] brn\n|-damage|p2a: Toxapex|75\/100 brn|[from] brn\n|upkeep\n|turn|23\n|\n|t:|1652527174\n|switch|p1a: Sableye|Sableye-Mega, M, shiny|87\/100\n|move|p2a: Toxapex|Scald|p1a: Sableye\n|-damage|p1a: Sableye|74\/100\n|\n|-heal|p2a: Toxapex|81\/100 brn|[from] item: Black Sludge\n|-damage|p2a: Toxapex|75\/100 brn|[from] brn\n|upkeep\n|turn|24\n|\n|t:|1652527177\n|move|p1a: Sableye|Protect|p1a: Sableye\n|-singleturn|p1a: Sableye|Protect\n|move|p2a: Toxapex|Scald|p1a: Sableye\n|-activate|p1a: Sableye|move: Protect\n|\n|-heal|p2a: Toxapex|81\/100 brn|[from] item: Black Sludge\n|-damage|p2a: Toxapex|75\/100 brn|[from] brn\n|upkeep\n|turn|25\n|\n|t:|1652527181\n|move|p2a: Toxapex|Scald|p1a: Sableye\n|-damage|p1a: Sableye|61\/100\n|move|p1a: Sableye|Recover|p1a: Sableye\n|-heal|p1a: Sableye|100\/100\n|\n|-heal|p2a: Toxapex|81\/100 brn|[from] item: Black Sludge\n|-damage|p2a: Toxapex|75\/100 brn|[from] brn\n|upkeep\n|turn|26\n|\n|t:|1652527185\n|move|p1a: Sableye|Protect|p1a: Sableye\n|-singleturn|p1a: Sableye|Protect\n|move|p2a: Toxapex|Scald|p1a: Sableye\n|-activate|p1a: Sableye|move: Protect\n|\n|-heal|p2a: Toxapex|81\/100 brn|[from] item: Black Sludge\n|-damage|p2a: Toxapex|75\/100 brn|[from] brn\n|upkeep\n|turn|27\n|\n|t:|1652527188\n|switch|p1a: Shedinja|Shedinja|100\/100\n|move|p2a: Toxapex|Scald|p1a: Shedinja\n|-immune|p1a: Shedinja|[from] ability: Wonder Guard\n|\n|-heal|p2a: Toxapex|81\/100 brn|[from] item: Black Sludge\n|-damage|p2a: Toxapex|75\/100 brn|[from] brn\n|upkeep\n|turn|28\n|\n|t:|1652527191\n|switch|p1a: Sableye|Sableye-Mega, M, shiny|100\/100\n|move|p2a: Toxapex|Scald|p1a: Sableye\n|-damage|p1a: Sableye|89\/100\n|\n|-heal|p2a: Toxapex|81\/100 brn|[from] item: Black Sludge\n|-damage|p2a: Toxapex|75\/100 brn|[from] brn\n|upkeep\n|turn|29\n|\n|t:|1652527197\n|move|p1a: Sableye|Protect|p1a: Sableye\n|-singleturn|p1a: Sableye|Protect\n|move|p2a: Toxapex|Haze|p2a: Toxapex\n|-clearallboost\n|\n|-heal|p2a: Toxapex|81\/100 brn|[from] item: Black Sludge\n|-damage|p2a: Toxapex|75\/100 brn|[from] brn\n|upkeep\n|turn|30\n|l|\u2606yhvgc\n|inactive|yhvgc disconnected and has 300 seconds to reconnect!\n|player|p2|\n|\n|t:|1652527203\n|switch|p1a: Chansey|Chansey, F|100\/100\n|move|p2a: Toxapex|Toxic Spikes|p1a: Chansey\n|-sidestart|p1: EEEEEvolto\u6df1\u6eba|move: Toxic Spikes\n|\n|-heal|p2a: Toxapex|81\/100 brn|[from] item: Black Sludge\n|-damage|p2a: Toxapex|75\/100 brn|[from] brn\n|upkeep\n|turn|31\n|j|\u2606yhvgc\n|inactive|yhvgc reconnected and has 300 seconds left.\n|player|p2|yhvgc|dawn-gen4pt\n|\n|t:|1652527213\n|switch|p2a: Gliscor|Gliscor, M, shiny|100\/100\n|-damage|p2a: Gliscor|88\/100|[from] Stealth Rock\n|move|p1a: Chansey|Wish|p1a: Chansey\n|\n|-status|p2a: Gliscor|tox|[from] item: Toxic Orb\n|upkeep\n|turn|32\n|\n|t:|1652527217\n|switch|p1a: Skarmory|Skarmory, M|100\/100\n|move|p2a: Gliscor|Knock Off|p1a: Skarmory\n|-damage|p1a: Skarmory|88\/100\n|-damage|p2a: Gliscor|72\/100 tox|[from] item: Rocky Helmet|[of] p1a: Skarmory\n|-enditem|p1a: Skarmory|Rocky Helmet|[from] move: Knock Off|[of] p2a: Gliscor\n|\n|-heal|p1a: Skarmory|100\/100|[from] move: Wish|[wisher] Chansey\n|-heal|p2a: Gliscor|84\/100 tox|[from] ability: Poison Heal\n|upkeep\n|turn|33\n|\n|t:|1652527221\n|move|p2a: Gliscor|Stealth Rock|p1a: Skarmory\n|-sidestart|p1: EEEEEvolto\u6df1\u6eba|move: Stealth Rock\n|move|p1a: Skarmory|Defog|p2a: Gliscor\n|-unboost|p2a: Gliscor|evasion|1\n|-sideend|p2: yhvgc|Toxic Spikes|[from] move: Defog|[of] p1a: Skarmory\n|-sideend|p2: yhvgc|Stealth Rock|[from] move: Defog|[of] p1a: Skarmory\n|-sideend|p1: EEEEEvolto\u6df1\u6eba|Toxic Spikes|[from] move: Defog|[of] p1a: Skarmory\n|-sideend|p1: EEEEEvolto\u6df1\u6eba|Stealth Rock|[from] move: Defog|[of] p1a: Skarmory\n|\n|-heal|p2a: Gliscor|97\/100 tox|[from] ability: Poison Heal\n|upkeep\n|turn|34\n|\n|t:|1652527225\n|switch|p1a: Sableye|Sableye-Mega, M, shiny|89\/100\n|move|p2a: Gliscor|Earthquake|p1a: Sableye\n|-damage|p1a: Sableye|58\/100\n|\n|-heal|p2a: Gliscor|100\/100 tox|[from] ability: Poison Heal\n|upkeep\n|turn|35\n|\n|t:|1652527229\n|move|p2a: Gliscor|Earthquake|p1a: Sableye\n|-damage|p1a: Sableye|25\/100\n|move|p1a: Sableye|Recover|p1a: Sableye\n|-heal|p1a: Sableye|75\/100\n|\n|upkeep\n|turn|36\n|\n|t:|1652527236\n|switch|p2a: Toxapex|Toxapex, M|100\/100 brn\n|move|p1a: Sableye|Metal Burst||[still]\n|-fail|p1a: Sableye\n|\n|-damage|p2a: Toxapex|94\/100 brn|[from] brn\n|upkeep\n|turn|37\n|\n|t:|1652527242\n|switch|p1a: Chansey|Chansey, F|100\/100\n|move|p2a: Toxapex|Haze|p2a: Toxapex\n|-clearallboost\n|\n|-heal|p2a: Toxapex|100\/100 brn|[from] item: Black Sludge\n|-damage|p2a: Toxapex|94\/100 brn|[from] brn\n|upkeep\n|turn|38\n|\n|t:|1652527244\n|move|p1a: Chansey|Stealth Rock|p2a: Toxapex\n|-sidestart|p2: yhvgc|move: Stealth Rock\n|move|p2a: Toxapex|Scald|p1a: Chansey\n|-damage|p1a: Chansey|96\/100\n|-status|p1a: Chansey|brn\n|\n|-heal|p2a: Toxapex|100\/100 brn|[from] item: Black Sludge\n|-damage|p1a: Chansey|90\/100 brn|[from] brn\n|-damage|p2a: Toxapex|94\/100 brn|[from] brn\n|upkeep\n|turn|39\n|\n|t:|1652527248\n|-curestatus|p1a: Chansey|brn|[from] ability: Natural Cure\n|switch|p1a: Sableye|Sableye-Mega, M, shiny|75\/100\n|move|p2a: Toxapex|Scald|p1a: Sableye\n|-damage|p1a: Sableye|63\/100\n|\n|-heal|p2a: Toxapex|100\/100 brn|[from] item: Black Sludge\n|-damage|p2a: Toxapex|94\/100 brn|[from] brn\n|upkeep\n|turn|40\n|\n|t:|1652527258\n|move|p2a: Toxapex|Haze|p2a: Toxapex\n|-clearallboost\n|move|p1a: Sableye|Recover|p1a: Sableye\n|-heal|p1a: Sableye|100\/100\n|\n|-heal|p2a: Toxapex|100\/100 brn|[from] item: Black Sludge\n|-damage|p2a: Toxapex|94\/100 brn|[from] brn\n|upkeep\n|turn|41\n|\n|t:|1652527262\n|switch|p1a: Chansey|Chansey, F|90\/100\n|move|p2a: Toxapex|Haze|p2a: Toxapex\n|-clearallboost\n|\n|-heal|p2a: Toxapex|100\/100 brn|[from] item: Black Sludge\n|-damage|p2a: Toxapex|94\/100 brn|[from] brn\n|upkeep\n|turn|42\n|\n|t:|1652527266\n|move|p1a: Chansey|Seismic Toss|p2a: Toxapex\n|-damage|p2a: Toxapex|61\/100 brn\n|move|p2a: Toxapex|Toxic Spikes|p1a: Chansey\n|-sidestart|p1: EEEEEvolto\u6df1\u6eba|move: Toxic Spikes\n|\n|-heal|p2a: Toxapex|68\/100 brn|[from] item: Black Sludge\n|-damage|p2a: Toxapex|61\/100 brn|[from] brn\n|upkeep\n|turn|43\n|\n|t:|1652527270\n|switch|p2a: Gliscor|Gliscor, M, shiny|100\/100 tox\n|-damage|p2a: Gliscor|88\/100 tox|[from] Stealth Rock\n|move|p1a: Chansey|Wish|p1a: Chansey\n|\n|-heal|p2a: Gliscor|100\/100 tox|[from] ability: Poison Heal\n|upkeep\n|turn|44\n|\n|t:|1652527275\n|switch|p1a: Skarmory|Skarmory, M|100\/100\n|move|p2a: Gliscor|Knock Off|p1a: Skarmory\n|-damage|p1a: Skarmory|92\/100\n|\n|-heal|p1a: Skarmory|100\/100|[from] move: Wish|[wisher] Chansey\n|upkeep\n|turn|45\n|\n|t:|1652527281\n|move|p2a: Gliscor|Stealth Rock|p1a: Skarmory\n|-sidestart|p1: EEEEEvolto\u6df1\u6eba|move: Stealth Rock\n|move|p1a: Skarmory|Defog|p2a: Gliscor\n|-unboost|p2a: Gliscor|evasion|1\n|-sideend|p2: yhvgc|Stealth Rock|[from] move: Defog|[of] p1a: Skarmory\n|-sideend|p1: EEEEEvolto\u6df1\u6eba|Toxic Spikes|[from] move: Defog|[of] p1a: Skarmory\n|-sideend|p1: EEEEEvolto\u6df1\u6eba|Stealth Rock|[from] move: Defog|[of] p1a: Skarmory\n|\n|upkeep\n|turn|46\n|\n|t:|1652527283\n|switch|p1a: Sableye|Sableye-Mega, M, shiny|100\/100\n|move|p2a: Gliscor|Earthquake|p1a: Sableye\n|-damage|p1a: Sableye|69\/100\n|\n|upkeep\n|turn|47\n|\n|t:|1652527288\n|move|p2a: Gliscor|Earthquake|p1a: Sableye\n|-damage|p1a: Sableye|41\/100\n|move|p1a: Sableye|Recover|p1a: Sableye\n|-heal|p1a: Sableye|91\/100\n|\n|upkeep\n|turn|48\n|\n|t:|1652527292\n|switch|p1a: Ditto|Ditto|100\/100 brn\n|-transform|p1a: Ditto|p2a: Gliscor|[from] ability: Imposter\n|move|p2a: Gliscor|Earthquake|p1a: Ditto\n|-immune|p1a: Ditto\n|\n|-damage|p1a: Ditto|94\/100 brn|[from] brn\n|upkeep\n|turn|49\n|\n|t:|1652527296\n|switch|p1a: Sableye|Sableye-Mega, M, shiny|91\/100\n|move|p2a: Gliscor|Stealth Rock|p1a: Sableye\n|move|p1a: Sableye|Stealth Rock|p2a: Gliscor|[from]ability: Magic Bounce\n|-sidestart|p2: yhvgc|move: Stealth Rock\n|\n|upkeep\n|turn|50\n|\n|t:|1652527299\n|move|p2a: Gliscor|Earthquake|p1a: Sableye\n|-damage|p1a: Sableye|57\/100\n|move|p1a: Sableye|Metal Burst|p2a: Gliscor\n|-damage|p2a: Gliscor|57\/100 tox\n|\n|-heal|p2a: Gliscor|70\/100 tox|[from] ability: Poison Heal\n|upkeep\n|turn|51\n|\n|t:|1652527304\n|move|p2a: Gliscor|Knock Off|p1a: Sableye\n|-damage|p1a: Sableye|43\/100\n|move|p1a: Sableye|Recover|p1a: Sableye\n|-heal|p1a: Sableye|93\/100\n|\n|-heal|p2a: Gliscor|82\/100 tox|[from] ability: Poison Heal\n|upkeep\n|turn|52\n|\n|t:|1652527308\n|move|p1a: Sableye|Protect|p1a: Sableye\n|-singleturn|p1a: Sableye|Protect\n|move|p2a: Gliscor|Stealth Rock|p1a: Sableye\n|move|p1a: Sableye|Stealth Rock||[from]ability: Magic Bounce|[still]\n|-fail|p1a: Sableye\n|\n|-heal|p2a: Gliscor|95\/100 tox|[from] ability: Poison Heal\n|upkeep\n|turn|53\n|\n|t:|1652527314\n|switch|p1a: Volcarona|Volcarona, M|100\/100\n|move|p2a: Gliscor|Stealth Rock|p1a: Volcarona\n|-sidestart|p1: EEEEEvolto\u6df1\u6eba|move: Stealth Rock\n|\n|-heal|p2a: Gliscor|100\/100 tox|[from] ability: Poison Heal\n|upkeep\n|turn|54\n|\n|t:|1652527318\n|move|p2a: Gliscor|Knock Off|p1a: Volcarona\n|-damage|p1a: Volcarona|87\/100\n|move|p1a: Volcarona|Quiver Dance|p1a: Volcarona\n|-boost|p1a: Volcarona|spa|1\n|-boost|p1a: Volcarona|spd|1\n|-boost|p1a: Volcarona|spe|1\n|\n|upkeep\n|turn|55\n|\n|t:|1652527321\n|switch|p2a: Toxapex|Toxapex, M|95\/100 brn\n|-damage|p2a: Toxapex|82\/100 brn|[from] Stealth Rock\n|move|p1a: Volcarona|Flamethrower|p2a: Toxapex\n|-resisted|p2a: Toxapex\n|-damage|p2a: Toxapex|61\/100 brn\n|\n|-heal|p2a: Toxapex|67\/100 brn|[from] item: Black Sludge\n|-damage|p2a: Toxapex|61\/100 brn|[from] brn\n|upkeep\n|turn|56\n|\n|t:|1652527328\n|move|p1a: Volcarona|Bug Buzz|p2a: Toxapex\n|-resisted|p2a: Toxapex\n|-damage|p2a: Toxapex|40\/100 brn\n|move|p2a: Toxapex|Haze|p2a: Toxapex\n|-clearallboost\n|\n|-heal|p2a: Toxapex|47\/100 brn|[from] item: Black Sludge\n|-damage|p2a: Toxapex|40\/100 brn|[from] brn\n|upkeep\n|turn|57\n|\n|t:|1652527330\n|move|p1a: Volcarona|Quiver Dance|p1a: Volcarona\n|-boost|p1a: Volcarona|spa|1\n|-boost|p1a: Volcarona|spd|1\n|-boost|p1a: Volcarona|spe|1\n|move|p2a: Toxapex|Recover|p2a: Toxapex\n|-heal|p2a: Toxapex|90\/100 brn\n|\n|-heal|p2a: Toxapex|97\/100 brn|[from] item: Black Sludge\n|-damage|p2a: Toxapex|90\/100 brn|[from] brn\n|upkeep\n|turn|58\n|\n|t:|1652527335\n|move|p1a: Volcarona|Quiver Dance|p1a: Volcarona\n|-boost|p1a: Volcarona|spa|1\n|-boost|p1a: Volcarona|spd|1\n|-boost|p1a: Volcarona|spe|1\n|move|p2a: Toxapex|Haze|p2a: Toxapex\n|-clearallboost\n|\n|-heal|p2a: Toxapex|97\/100 brn|[from] item: Black Sludge\n|-damage|p2a: Toxapex|90\/100 brn|[from] brn\n|upkeep\n|turn|59\n|\n|t:|1652527337\n|move|p1a: Volcarona|Quiver Dance|p1a: Volcarona\n|-boost|p1a: Volcarona|spa|1\n|-boost|p1a: Volcarona|spd|1\n|-boost|p1a: Volcarona|spe|1\n|move|p2a: Toxapex|Scald|p1a: Volcarona\n|-supereffective|p1a: Volcarona\n|-damage|p1a: Volcarona|65\/100\n|\n|-heal|p2a: Toxapex|97\/100 brn|[from] item: Black Sludge\n|-damage|p2a: Toxapex|90\/100 brn|[from] brn\n|upkeep\n|turn|60\n|\n|t:|1652527340\n|move|p1a: Volcarona|Roost|p1a: Volcarona\n|-heal|p1a: Volcarona|100\/100\n|-singleturn|p1a: Volcarona|move: Roost\n|move|p2a: Toxapex|Haze|p2a: Toxapex\n|-clearallboost\n|\n|-heal|p2a: Toxapex|97\/100 brn|[from] item: Black Sludge\n|-damage|p2a: Toxapex|90\/100 brn|[from] brn\n|upkeep\n|turn|61\n|\n|t:|1652527346\n|move|p1a: Volcarona|Quiver Dance|p1a: Volcarona\n|-boost|p1a: Volcarona|spa|1\n|-boost|p1a: Volcarona|spd|1\n|-boost|p1a: Volcarona|spe|1\n|move|p2a: Toxapex|Toxic Spikes|p1a: Volcarona\n|-sidestart|p1: EEEEEvolto\u6df1\u6eba|move: Toxic Spikes\n|\n|-heal|p2a: Toxapex|97\/100 brn|[from] item: Black Sludge\n|-damage|p2a: Toxapex|90\/100 brn|[from] brn\n|upkeep\n|turn|62\n|\n|t:|1652527348\n|move|p1a: Volcarona|Quiver Dance|p1a: Volcarona\n|-boost|p1a: Volcarona|spa|1\n|-boost|p1a: Volcarona|spd|1\n|-boost|p1a: Volcarona|spe|1\n|move|p2a: Toxapex|Haze|p2a: Toxapex\n|-clearallboost\n|\n|-heal|p2a: Toxapex|97\/100 brn|[from] item: Black Sludge\n|-damage|p2a: Toxapex|90\/100 brn|[from] brn\n|upkeep\n|turn|63\n|\n|t:|1652527356\n|move|p1a: Volcarona|Bug Buzz|p2a: Toxapex\n|-resisted|p2a: Toxapex\n|-damage|p2a: Toxapex|77\/100 brn\n|move|p2a: Toxapex|Toxic Spikes|p1a: Volcarona\n|-sidestart|p1: EEEEEvolto\u6df1\u6eba|move: Toxic Spikes\n|\n|-heal|p2a: Toxapex|84\/100 brn|[from] item: Black Sludge\n|-damage|p2a: Toxapex|77\/100 brn|[from] brn\n|upkeep\n|turn|64\n|\n|t:|1652527359\n|move|p1a: Volcarona|Quiver Dance|p1a: Volcarona\n|-boost|p1a: Volcarona|spa|1\n|-boost|p1a: Volcarona|spd|1\n|-boost|p1a: Volcarona|spe|1\n|move|p2a: Toxapex|Scald|p1a: Volcarona\n|-supereffective|p1a: Volcarona\n|-damage|p1a: Volcarona|82\/100\n|\n|-heal|p2a: Toxapex|84\/100 brn|[from] item: Black Sludge\n|-damage|p2a: Toxapex|77\/100 brn|[from] brn\n|upkeep\n|turn|65\n|\n|t:|1652527363\n|move|p1a: Volcarona|Bug Buzz|p2a: Toxapex\n|-resisted|p2a: Toxapex\n|-damage|p2a: Toxapex|59\/100 brn\n|move|p2a: Toxapex|Haze|p2a: Toxapex\n|-clearallboost\n|\n|-heal|p2a: Toxapex|66\/100 brn|[from] item: Black Sludge\n|-damage|p2a: Toxapex|59\/100 brn|[from] brn\n|upkeep\n|turn|66\n|\n|t:|1652527366\n|move|p1a: Volcarona|Quiver Dance|p1a: Volcarona\n|-boost|p1a: Volcarona|spa|1\n|-boost|p1a: Volcarona|spd|1\n|-boost|p1a: Volcarona|spe|1\n|move|p2a: Toxapex|Scald|p1a: Volcarona\n|-supereffective|p1a: Volcarona\n|-damage|p1a: Volcarona|61\/100\n|\n|-heal|p2a: Toxapex|66\/100 brn|[from] item: Black Sludge\n|-damage|p2a: Toxapex|59\/100 brn|[from] brn\n|upkeep\n|turn|67\n|\n|t:|1652527372\n|move|p1a: Volcarona|Bug Buzz|p2a: Toxapex\n|-resisted|p2a: Toxapex\n|-damage|p2a: Toxapex|40\/100 brn\n|move|p2a: Toxapex|Haze|p2a: Toxapex\n|-clearallboost\n|\n|-heal|p2a: Toxapex|46\/100 brn|[from] item: Black Sludge\n|-damage|p2a: Toxapex|40\/100 brn|[from] brn\n|upkeep\n|turn|68\n|\n|t:|1652527375\n|move|p1a: Volcarona|Quiver Dance|p1a: Volcarona\n|-boost|p1a: Volcarona|spa|1\n|-boost|p1a: Volcarona|spd|1\n|-boost|p1a: Volcarona|spe|1\n|move|p2a: Toxapex|Recover|p2a: Toxapex\n|-heal|p2a: Toxapex|90\/100 brn\n|\n|-heal|p2a: Toxapex|96\/100 brn|[from] item: Black Sludge\n|-damage|p2a: Toxapex|90\/100 brn|[from] brn\n|upkeep\n|turn|69\n|\n|t:|1652527377\n|move|p1a: Volcarona|Bug Buzz|p2a: Toxapex\n|-resisted|p2a: Toxapex\n|-damage|p2a: Toxapex|71\/100 brn\n|move|p2a: Toxapex|Haze|p2a: Toxapex\n|-clearallboost\n|\n|-heal|p2a: Toxapex|77\/100 brn|[from] item: Black Sludge\n|-damage|p2a: Toxapex|71\/100 brn|[from] brn\n|upkeep\n|turn|70\n|\n|t:|1652527384\n|move|p1a: Volcarona|Quiver Dance|p1a: Volcarona\n|-boost|p1a: Volcarona|spa|1\n|-boost|p1a: Volcarona|spd|1\n|-boost|p1a: Volcarona|spe|1\n|move|p2a: Toxapex|Scald|p1a: Volcarona\n|-supereffective|p1a: Volcarona\n|-damage|p1a: Volcarona|42\/100\n|\n|-heal|p2a: Toxapex|77\/100 brn|[from] item: Black Sludge\n|-damage|p2a: Toxapex|71\/100 brn|[from] brn\n|upkeep\n|turn|71\n|\n|t:|1652527388\n|move|p1a: Volcarona|Roost|p1a: Volcarona\n|-heal|p1a: Volcarona|92\/100\n|-singleturn|p1a: Volcarona|move: Roost\n|move|p2a: Toxapex|Haze|p2a: Toxapex\n|-clearallboost\n|\n|-heal|p2a: Toxapex|77\/100 brn|[from] item: Black Sludge\n|-damage|p2a: Toxapex|71\/100 brn|[from] brn\n|upkeep\n|turn|72\n|\n|t:|1652527392\n|move|p1a: Volcarona|Quiver Dance|p1a: Volcarona\n|-boost|p1a: Volcarona|spa|1\n|-boost|p1a: Volcarona|spd|1\n|-boost|p1a: Volcarona|spe|1\n|move|p2a: Toxapex|Haze|p2a: Toxapex\n|-clearallboost\n|\n|-heal|p2a: Toxapex|77\/100 brn|[from] item: Black Sludge\n|-damage|p2a: Toxapex|71\/100 brn|[from] brn\n|upkeep\n|turn|73\n|\n|t:|1652527395\n|move|p1a: Volcarona|Bug Buzz|p2a: Toxapex\n|-resisted|p2a: Toxapex\n|-damage|p2a: Toxapex|59\/100 brn\n|move|p2a: Toxapex|Haze|p2a: Toxapex\n|-clearallboost\n|\n|-heal|p2a: Toxapex|66\/100 brn|[from] item: Black Sludge\n|-damage|p2a: Toxapex|59\/100 brn|[from] brn\n|upkeep\n|turn|74\n|\n|t:|1652527398\n|move|p1a: Volcarona|Flamethrower|p2a: Toxapex\n|-resisted|p2a: Toxapex\n|-damage|p2a: Toxapex|48\/100 brn\n|move|p2a: Toxapex|Haze|p2a: Toxapex\n|-clearallboost\n|\n|-heal|p2a: Toxapex|54\/100 brn|[from] item: Black Sludge\n|-damage|p2a: Toxapex|48\/100 brn|[from] brn\n|upkeep\n|turn|75\n|\n|t:|1652527400\n|move|p1a: Volcarona|Flamethrower|p2a: Toxapex\n|-resisted|p2a: Toxapex\n|-damage|p2a: Toxapex|35\/100 brn\n|move|p2a: Toxapex|Recover|p2a: Toxapex\n|-heal|p2a: Toxapex|85\/100 brn\n|\n|-heal|p2a: Toxapex|91\/100 brn|[from] item: Black Sludge\n|-damage|p2a: Toxapex|85\/100 brn|[from] brn\n|upkeep\n|turn|76\n|\n|t:|1652527404\n|move|p1a: Volcarona|Flamethrower|p2a: Toxapex\n|-resisted|p2a: Toxapex\n|-damage|p2a: Toxapex|72\/100 brn\n|move|p2a: Toxapex|Haze|p2a: Toxapex\n|-clearallboost\n|\n|-heal|p2a: Toxapex|78\/100 brn|[from] item: Black Sludge\n|-damage|p2a: Toxapex|72\/100 brn|[from] brn\n|upkeep\n|turn|77\n|\n|t:|1652527408\n|move|p1a: Volcarona|Flamethrower|p2a: Toxapex\n|-resisted|p2a: Toxapex\n|-damage|p2a: Toxapex|59\/100 brn\n|move|p2a: Toxapex|Scald|p1a: Volcarona\n|-supereffective|p1a: Volcarona\n|-damage|p1a: Volcarona|63\/100\n|\n|-heal|p2a: Toxapex|66\/100 brn|[from] item: Black Sludge\n|-damage|p2a: Toxapex|59\/100 brn|[from] brn\n|upkeep\n|turn|78\n|\n|t:|1652527415\n|move|p1a: Volcarona|Quiver Dance|p1a: Volcarona\n|-boost|p1a: Volcarona|spa|1\n|-boost|p1a: Volcarona|spd|1\n|-boost|p1a: Volcarona|spe|1\n|move|p2a: Toxapex|Haze|p2a: Toxapex\n|-clearallboost\n|\n|-heal|p2a: Toxapex|66\/100 brn|[from] item: Black Sludge\n|-damage|p2a: Toxapex|59\/100 brn|[from] brn\n|upkeep\n|turn|79\n|\n|t:|1652527417\n|move|p1a: Volcarona|Roost|p1a: Volcarona\n|-heal|p1a: Volcarona|100\/100\n|-singleturn|p1a: Volcarona|move: Roost\n|move|p2a: Toxapex|Recover|p2a: Toxapex\n|-heal|p2a: Toxapex|100\/100 brn\n|\n|-damage|p2a: Toxapex|94\/100 brn|[from] brn\n|upkeep\n|turn|80\n|\n|t:|1652527429\n|switch|p2a: Gliscor|Gliscor, M, shiny|100\/100 tox\n|-damage|p2a: Gliscor|88\/100 tox|[from] Stealth Rock\n|move|p1a: Volcarona|Quiver Dance|p1a: Volcarona\n|-boost|p1a: Volcarona|spa|1\n|-boost|p1a: Volcarona|spd|1\n|-boost|p1a: Volcarona|spe|1\n|\n|-heal|p2a: Gliscor|100\/100 tox|[from] ability: Poison Heal\n|upkeep\n|turn|81\n|\n|t:|1652527439\n|switch|p2a: Toxapex|Toxapex, M|100\/100 brn\n|-damage|p2a: Toxapex|88\/100 brn|[from] Stealth Rock\n|-zpower|p1a: Volcarona\n|move|p1a: Volcarona|Inferno Overdrive|p2a: Toxapex|[zeffect]\n|-resisted|p2a: Toxapex\n|-damage|p2a: Toxapex|53\/100 brn\n|\n|-heal|p2a: Toxapex|60\/100 brn|[from] item: Black Sludge\n|-damage|p2a: Toxapex|53\/100 brn|[from] brn\n|upkeep\n|turn|82\n|\n|t:|1652527444\n|move|p1a: Volcarona|Quiver Dance|p1a: Volcarona\n|-boost|p1a: Volcarona|spa|1\n|-boost|p1a: Volcarona|spd|1\n|-boost|p1a: Volcarona|spe|1\n|move|p2a: Toxapex|Recover|p2a: Toxapex\n|-heal|p2a: Toxapex|100\/100 brn\n|\n|-damage|p2a: Toxapex|94\/100 brn|[from] brn\n|upkeep\n|turn|83\n|\n|t:|1652527446\n|move|p1a: Volcarona|Bug Buzz|p2a: Toxapex\n|-resisted|p2a: Toxapex\n|-damage|p2a: Toxapex|67\/100 brn\n|move|p2a: Toxapex|Haze|p2a: Toxapex\n|-clearallboost\n|\n|-heal|p2a: Toxapex|73\/100 brn|[from] item: Black Sludge\n|-damage|p2a: Toxapex|67\/100 brn|[from] brn\n|upkeep\n|turn|84\n|\n|t:|1652527451\n|switch|p1a: Skarmory|Skarmory, M|100\/100\n|-damage|p1a: Skarmory|88\/100|[from] Stealth Rock\n|move|p2a: Toxapex|Haze|p2a: Toxapex\n|-clearallboost\n|\n|-heal|p2a: Toxapex|73\/100 brn|[from] item: Black Sludge\n|-damage|p2a: Toxapex|67\/100 brn|[from] brn\n|upkeep\n|turn|85\n|\n|t:|1652527454\n|move|p2a: Toxapex|Toxic Spikes||[still]\n|-fail|p2a: Toxapex\n|move|p1a: Skarmory|Counter||[still]\n|-fail|p1a: Skarmory\n|\n|-heal|p2a: Toxapex|73\/100 brn|[from] item: Black Sludge\n|-damage|p2a: Toxapex|67\/100 brn|[from] brn\n|upkeep\n|turn|86\n|\n|t:|1652527458\n|move|p1a: Skarmory|Defog|p2a: Toxapex\n|-unboost|p2a: Toxapex|evasion|1\n|-sideend|p2: yhvgc|Stealth Rock|[from] move: Defog|[of] p1a: Skarmory\n|-sideend|p1: EEEEEvolto\u6df1\u6eba|Toxic Spikes|[from] move: Defog|[of] p1a: Skarmory\n|-sideend|p1: EEEEEvolto\u6df1\u6eba|Stealth Rock|[from] move: Defog|[of] p1a: Skarmory\n|move|p2a: Toxapex|Recover|p2a: Toxapex\n|-heal|p2a: Toxapex|100\/100 brn\n|\n|-damage|p2a: Toxapex|94\/100 brn|[from] brn\n|upkeep\n|turn|87\n|\n|t:|1652527461\n|switch|p1a: Sableye|Sableye-Mega, M, shiny|93\/100\n|move|p2a: Toxapex|Scald|p1a: Sableye\n|-damage|p1a: Sableye|80\/100\n|-status|p1a: Sableye|brn\n|\n|-heal|p2a: Toxapex|100\/100 brn|[from] item: Black Sludge\n|-damage|p2a: Toxapex|94\/100 brn|[from] brn\n|-damage|p1a: Sableye|74\/100 brn|[from] brn\n|upkeep\n|turn|88\n|\n|t:|1652527468\n|switch|p2a: Gliscor|Gliscor, M, shiny|100\/100 tox\n|move|p1a: Sableye|Recover|p1a: Sableye\n|-heal|p1a: Sableye|100\/100 brn\n|\n|-damage|p1a: Sableye|95\/100 brn|[from] brn\n|upkeep\n|turn|89\n|\n|t:|1652527474\n|switch|p1a: Volcarona|Volcarona, M|100\/100\n|move|p2a: Gliscor|Knock Off|p1a: Volcarona\n|-damage|p1a: Volcarona|86\/100\n|\n|upkeep\n|turn|90\n|\n|t:|1652527479\n|move|p2a: Gliscor|Earthquake|p1a: Volcarona\n|-damage|p1a: Volcarona|51\/100\n|move|p1a: Volcarona|Quiver Dance|p1a: Volcarona\n|-boost|p1a: Volcarona|spa|1\n|-boost|p1a: Volcarona|spd|1\n|-boost|p1a: Volcarona|spe|1\n|\n|upkeep\n|turn|91\n|\n|t:|1652527488\n|move|p1a: Volcarona|Roost|p1a: Volcarona\n|-heal|p1a: Volcarona|100\/100\n|-singleturn|p1a: Volcarona|move: Roost\n|move|p2a: Gliscor|Earthquake|p1a: Volcarona\n|-damage|p1a: Volcarona|71\/100\n|\n|upkeep\n|turn|92\n|\n|t:|1652527492\n|switch|p2a: Toxapex|Toxapex, M|100\/100 brn\n|move|p1a: Volcarona|Quiver Dance|p1a: Volcarona\n|-boost|p1a: Volcarona|spa|1\n|-boost|p1a: Volcarona|spd|1\n|-boost|p1a: Volcarona|spe|1\n|\n|-damage|p2a: Toxapex|94\/100 brn|[from] brn\n|upkeep\n|turn|93\n|\n|t:|1652527494\n|move|p1a: Volcarona|Flamethrower|p2a: Toxapex\n|-resisted|p2a: Toxapex\n|-damage|p2a: Toxapex|68\/100 brn\n|move|p2a: Toxapex|Haze|p2a: Toxapex\n|-clearallboost\n|\n|-heal|p2a: Toxapex|74\/100 brn|[from] item: Black Sludge\n|-damage|p2a: Toxapex|68\/100 brn|[from] brn\n|upkeep\n|turn|94\n|\n|t:|1652527498\n|switch|p1a: Sableye|Sableye-Mega, M, shiny|95\/100 brn\n|move|p2a: Toxapex|Toxic Spikes|p1a: Sableye\n|move|p1a: Sableye|Toxic Spikes|p2a: Toxapex|[from]ability: Magic Bounce\n|-sidestart|p2: yhvgc|move: Toxic Spikes\n|\n|-heal|p2a: Toxapex|74\/100 brn|[from] item: Black Sludge\n|-damage|p2a: Toxapex|68\/100 brn|[from] brn\n|-damage|p1a: Sableye|89\/100 brn|[from] brn\n|upkeep\n|turn|95\n|\n|t:|1652527502\n|switch|p2a: Gliscor|Gliscor, M, shiny|100\/100 tox\n|switch|p1a: Volcarona|Volcarona, M|71\/100\n|\n|upkeep\n|turn|96\n|\n|t:|1652527505\n|switch|p2a: Toxapex|Toxapex, M|100\/100 brn\n|-sideend|p2: yhvgc|move: Toxic Spikes|[of] p2a: Toxapex\n|move|p1a: Volcarona|Flamethrower|p2a: Toxapex\n|-resisted|p2a: Toxapex\n|-damage|p2a: Toxapex|88\/100 brn\n|\n|-heal|p2a: Toxapex|94\/100 brn|[from] item: Black Sludge\n|-damage|p2a: Toxapex|88\/100 brn|[from] brn\n|upkeep\n|turn|97\n|\n|t:|1652527509\n|switch|p1a: Shedinja|Shedinja|100\/100\n|move|p2a: Toxapex|Toxic Spikes|p1a: Shedinja\n|-sidestart|p1: EEEEEvolto\u6df1\u6eba|move: Toxic Spikes\n|\n|-heal|p2a: Toxapex|94\/100 brn|[from] item: Black Sludge\n|-damage|p2a: Toxapex|88\/100 brn|[from] brn\n|upkeep\n|turn|98\n|\n|t:|1652527513\n|switch|p1a: Skarmory|Skarmory, M|88\/100\n|switch|p2a: Gliscor|Gliscor, M, shiny|100\/100 tox\n|\n|upkeep\n|turn|99\n|\n|t:|1652527519\n|move|p2a: Gliscor|Knock Off|p1a: Skarmory\n|-damage|p1a: Skarmory|80\/100\n|move|p1a: Skarmory|Defog|p2a: Gliscor\n|-unboost|p2a: Gliscor|evasion|1\n|-sideend|p1: EEEEEvolto\u6df1\u6eba|Toxic Spikes|[from] move: Defog|[of] p1a: Skarmory\n|\n|upkeep\n|turn|100\n|\n|t:|1652527523\n|switch|p1a: Sableye|Sableye-Mega, M, shiny|89\/100 brn\n|move|p2a: Gliscor|Knock Off|p1a: Sableye\n|-damage|p1a: Sableye|75\/100 brn\n|\n|-damage|p1a: Sableye|69\/100 brn|[from] brn\n|upkeep\n|turn|101\n|\n|t:|1652527528\n|switch|p1a: Skarmory|Skarmory, M|80\/100\n|move|p2a: Gliscor|Knock Off|p1a: Skarmory\n|-damage|p1a: Skarmory|72\/100\n|\n|upkeep\n|turn|102\n|\n|t:|1652527530\n|switch|p1a: Ditto|Ditto|94\/100 brn\n|-transform|p1a: Ditto|p2a: Gliscor|[from] ability: Imposter\n|move|p2a: Gliscor|Knock Off|p1a: Ditto\n|-damage|p1a: Ditto|73\/100 brn\n|-enditem|p1a: Ditto|Choice Scarf|[from] move: Knock Off|[of] p2a: Gliscor\n|\n|-damage|p1a: Ditto|67\/100 brn|[from] brn\n|upkeep\n|turn|103\n|\n|t:|1652527541\n|move|p1a: Ditto|Stealth Rock|p2a: Gliscor\n|-sidestart|p2: yhvgc|move: Stealth Rock\n|move|p2a: Gliscor|Stealth Rock|p1a: Ditto\n|-sidestart|p1: EEEEEvolto\u6df1\u6eba|move: Stealth Rock\n|\n|-damage|p1a: Ditto|61\/100 brn|[from] brn\n|upkeep\n|turn|104\n|\n|t:|1652527553\n|switch|p2a: Toxapex|Toxapex, M|100\/100 brn\n|-damage|p2a: Toxapex|88\/100 brn|[from] Stealth Rock\n|move|p1a: Ditto|Roost|p1a: Ditto\n|-heal|p1a: Ditto|100\/100 brn\n|-singleturn|p1a: Ditto|move: Roost\n|\n|-heal|p2a: Toxapex|94\/100 brn|[from] item: Black Sludge\n|-damage|p1a: Ditto|94\/100 brn|[from] brn\n|-damage|p2a: Toxapex|88\/100 brn|[from] brn\n|upkeep\n|turn|105\n|\n|t:|1652527558\n|move|p1a: Ditto|Knock Off|p2a: Toxapex\n|-damage|p2a: Toxapex|80\/100 brn\n|-enditem|p2a: Toxapex|Black Sludge|[from] move: Knock Off|[of] p1a: Ditto\n|move|p2a: Toxapex|Toxic Spikes|p1a: Ditto\n|-sidestart|p1: EEEEEvolto\u6df1\u6eba|move: Toxic Spikes\n|\n|-damage|p1a: Ditto|88\/100 brn|[from] brn\n|-damage|p2a: Toxapex|74\/100 brn|[from] brn\n|upkeep\n|turn|106\n|\n|t:|1652527568\n|switch|p2a: Kyurem|Kyurem, shiny|100\/100\n|-damage|p2a: Kyurem|76\/100|[from] Stealth Rock\n|-ability|p2a: Kyurem|Pressure\n|move|p1a: Ditto|Earthquake|p2a: Kyurem\n|-damage|p2a: Kyurem|61\/100\n|\n|-damage|p1a: Ditto|82\/100 brn|[from] brn\n|upkeep\n|turn|107\nEEEEEvolto\u6df1\u6eba is offering a tie.\n|\n|t:|1652527576\n|switch|p1a: Chansey|Chansey, F|90\/100\n|-status|p1a: Chansey|psn\n|-damage|p1a: Chansey|77\/100 psn|[from] Stealth Rock\n|move|p2a: Kyurem|Substitute|p2a: Kyurem\n|-start|p2a: Kyurem|Substitute\n|-damage|p2a: Kyurem|36\/100\n|\n|-damage|p1a: Chansey|65\/100 psn|[from] psn\n|upkeep\n|turn|108\n|\n|t:|1652527579\n|move|p2a: Kyurem|Roost|p2a: Kyurem\n|-heal|p2a: Kyurem|86\/100\n|-singleturn|p2a: Kyurem|move: Roost\n|move|p1a: Chansey|Wish|p1a: Chansey\n|\n|-damage|p1a: Chansey|52\/100 psn|[from] psn\n|upkeep\n|turn|109\n|\n|t:|1652527586\n|move|p2a: Kyurem|Earth Power|p1a: Chansey\n|-damage|p1a: Chansey|42\/100 psn\n|move|p1a: Chansey|Seismic Toss|p2a: Kyurem\n|-activate|p2a: Kyurem|move: Substitute|[damage]\n|\n|-heal|p1a: Chansey|92\/100 psn|[from] move: Wish|[wisher] Chansey\n|-damage|p1a: Chansey|80\/100 psn|[from] psn\n|upkeep\n|turn|110\n|\n|t:|1652527592\n|move|p2a: Kyurem|Ice Beam|p1a: Chansey\n|-damage|p1a: Chansey|66\/100 psn\n|move|p1a: Chansey|Wish|p1a: Chansey\n|\n|-damage|p1a: Chansey|54\/100 psn|[from] psn\n|upkeep\n|turn|111\n|\n|t:|1652527597\n|move|p2a: Kyurem|Ice Beam|p1a: Chansey\n|-damage|p1a: Chansey|39\/100 psn\n|move|p1a: Chansey|Soft-Boiled|p1a: Chansey\n|-heal|p1a: Chansey|89\/100 psn\n|\n|-heal|p1a: Chansey|100\/100 psn|[from] move: Wish|[wisher] Chansey\n|-damage|p1a: Chansey|88\/100 psn|[from] psn\n|upkeep\n|turn|112\n|\n|t:|1652527605\n|move|p2a: Kyurem|Ice Beam|p1a: Chansey\n|-damage|p1a: Chansey|73\/100 psn\n|move|p1a: Chansey|Wish|p1a: Chansey\n|\n|-damage|p1a: Chansey|60\/100 psn|[from] psn\n|upkeep\n|turn|113\n|\n|t:|1652527610\n|move|p2a: Kyurem|Ice Beam|p1a: Chansey\n|-damage|p1a: Chansey|47\/100 psn\n|move|p1a: Chansey|Soft-Boiled|p1a: Chansey\n|-heal|p1a: Chansey|97\/100 psn\n|\n|-heal|p1a: Chansey|100\/100 psn|[from] move: Wish|[wisher] Chansey\n|-damage|p1a: Chansey|88\/100 psn|[from] psn\n|upkeep\n|turn|114\n|\n|t:|1652527616\n|move|p2a: Kyurem|Earth Power|p1a: Chansey\n|-damage|p1a: Chansey|79\/100 psn\n|-unboost|p1a: Chansey|spd|1\n|move|p1a: Chansey|Wish|p1a: Chansey\n|\n|-damage|p1a: Chansey|67\/100 psn|[from] psn\n|upkeep\n|turn|115\n|\n|t:|1652527622\n|move|p2a: Kyurem|Earth Power|p1a: Chansey\n|-damage|p1a: Chansey|52\/100 psn\n|-unboost|p1a: Chansey|spd|1\n|move|p1a: Chansey|Soft-Boiled|p1a: Chansey\n|-heal|p1a: Chansey|100\/100 psn\n|\n|-damage|p1a: Chansey|88\/100 psn|[from] psn\n|upkeep\n|turn|116\n|\n|t:|1652527627\n|move|p2a: Kyurem|Ice Beam|p1a: Chansey\n|-damage|p1a: Chansey|61\/100 psn\n|move|p1a: Chansey|Wish|p1a: Chansey\n|\n|-damage|p1a: Chansey|48\/100 psn|[from] psn\n|upkeep\n|turn|117\n|\n|t:|1652527639\n|-curestatus|p1a: Chansey|psn|[from] ability: Natural Cure\n|switch|p1a: Sableye|Sableye-Mega, M, shiny|69\/100 brn\n|-damage|p1a: Sableye|57\/100 brn|[from] Stealth Rock\n|-zpower|p2a: Kyurem\n|move|p2a: Kyurem|Subzero Slammer|p1a: Sableye|[zeffect]\n|-damage|p1a: Sableye|0 fnt\n|faint|p1a: Sableye\n|\n|upkeep\n|-message|EEEEEvolto\u6df1\u6eba forfeited.\n|\n|win|yhvgc\n|l|\u2606EEEEEvolto\u6df1\u6eba\n","uploadtime":1652527651,"views":21,"p1id":"eeeeevolto","p2id":"yhvgc","formatid":"gen7ou","rating":0,"private":0,"password":null}