{"id":"china-gen8randombattle-3904551","p1":"swordsman.n","p2":"FiniFiniLove","format":"gen8randombattle","log":"|j|\u2606swordsman.n\n|j|\u2606FiniFiniLove\n|t:|1637485060\n|gametype|singles\n|player|p1|swordsman.n|249|\n|player|p2|FiniFiniLove|1|\n|teamsize|p1|6\n|teamsize|p2|6\n|gen|8\n|tier|[Gen 8] Random Battle\n|rule|Species Clause: Limit one of each Pok\u00e9mon\n|rule|HP Percentage Mod: HP is shown in percentages\n|rule|Sleep Clause Mod: Limit one foe put to sleep\n|\n|t:|1637485060\n|start\n|switch|p1a: Espeon|Espeon, L82, M|241\/241\n|switch|p2a: Salazzle|Salazzle, L82, F|246\/246\n|turn|1\n|c|\u2606swordsman.n|\u62bd\u5230\u4e2a\u4e0d\u6015\u706b\u8725\u7684\u771f\u4e0d\u5bb9\u6613\n|\n|t:|1637485153\n|switch|p2a: Raichu|Raichu-Alola, L84, F|238\/238\n|move|p1a: Espeon|Psychic|p2a: Raichu\n|-resisted|p2a: Raichu\n|-damage|p2a: Raichu|160\/238\n|-damage|p1a: Espeon|217\/241|[from] item: Life Orb\n|\n|upkeep\n|turn|2\n|\n|t:|1637485189\n|move|p2a: Raichu|Psyshock|p1a: Espeon\n|-resisted|p1a: Espeon\n|-damage|p1a: Espeon|134\/241\n|move|p1a: Espeon|Shadow Ball|p2a: Raichu\n|-supereffective|p2a: Raichu\n|-damage|p2a: Raichu|0 fnt\n|faint|p2a: Raichu\n|-damage|p1a: Espeon|110\/241|[from] item: Life Orb\n|\n|upkeep\n|\n|t:|1637485227\n|switch|p2a: Salazzle|Salazzle, L82, F|246\/246\n|turn|3\n|\n|t:|1637485232\n|move|p2a: Salazzle|Substitute|p2a: Salazzle\n|-start|p2a: Salazzle|Substitute\n|-damage|p2a: Salazzle|185\/246\n|move|p1a: Espeon|Morning Sun|p1a: Espeon\n|-heal|p1a: Espeon|230\/241\n|\n|-heal|p2a: Salazzle|200\/246|[from] item: Black Sludge\n|upkeep\n|turn|4\n|\n|t:|1637485240\n|move|p2a: Salazzle|Flamethrower|p1a: Espeon\n|-damage|p1a: Espeon|137\/241\n|move|p1a: Espeon|Morning Sun|p1a: Espeon\n|-heal|p1a: Espeon|241\/241\n|\n|-heal|p2a: Salazzle|215\/246|[from] item: Black Sludge\n|upkeep\n|turn|5\n|\n|t:|1637485248\n|move|p2a: Salazzle|Flamethrower|p1a: Espeon\n|-damage|p1a: Espeon|144\/241\n|move|p1a: Espeon|Shadow Ball|p2a: Salazzle\n|-end|p2a: Salazzle|Substitute\n|-damage|p1a: Espeon|120\/241|[from] item: Life Orb\n|\n|-heal|p2a: Salazzle|230\/246|[from] item: Black Sludge\n|upkeep\n|turn|6\n|\n|t:|1637485258\n|move|p2a: Salazzle|Substitute|p2a: Salazzle\n|-start|p2a: Salazzle|Substitute\n|-damage|p2a: Salazzle|169\/246\n|move|p1a: Espeon|Morning Sun|p1a: Espeon\n|-heal|p1a: Espeon|240\/241\n|\n|-heal|p2a: Salazzle|184\/246|[from] item: Black Sludge\n|upkeep\n|turn|7\n|\n|t:|1637485265\n|move|p2a: Salazzle|Flamethrower|p1a: Espeon\n|-damage|p1a: Espeon|134\/241\n|move|p1a: Espeon|Shadow Ball|p2a: Salazzle\n|-end|p2a: Salazzle|Substitute\n|-damage|p1a: Espeon|110\/241|[from] item: Life Orb\n|\n|-heal|p2a: Salazzle|199\/246|[from] item: Black Sludge\n|upkeep\n|turn|8\n|\n|t:|1637485275\n|move|p2a: Salazzle|Substitute|p2a: Salazzle\n|-start|p2a: Salazzle|Substitute\n|-damage|p2a: Salazzle|138\/246\n|move|p1a: Espeon|Morning Sun|p1a: Espeon\n|-heal|p1a: Espeon|230\/241\n|\n|-heal|p2a: Salazzle|153\/246|[from] item: Black Sludge\n|upkeep\n|turn|9\n|\n|t:|1637485283\n|move|p2a: Salazzle|Protect|p2a: Salazzle\n|-singleturn|p2a: Salazzle|Protect\n|move|p1a: Espeon|Shadow Ball|p2a: Salazzle\n|-activate|p2a: Salazzle|move: Protect\n|\n|-heal|p2a: Salazzle|168\/246|[from] item: Black Sludge\n|upkeep\n|turn|10\n|\n|t:|1637485290\n|move|p2a: Salazzle|Flamethrower|p1a: Espeon\n|-damage|p1a: Espeon|139\/241\n|move|p1a: Espeon|Shadow Ball|p2a: Salazzle\n|-end|p2a: Salazzle|Substitute\n|-damage|p1a: Espeon|115\/241|[from] item: Life Orb\n|\n|-heal|p2a: Salazzle|183\/246|[from] item: Black Sludge\n|upkeep\n|turn|11\n|\n|t:|1637485303\n|move|p2a: Salazzle|Flamethrower|p1a: Espeon\n|-damage|p1a: Espeon|15\/241\n|move|p1a: Espeon|Morning Sun|p1a: Espeon\n|-heal|p1a: Espeon|135\/241\n|\n|-heal|p2a: Salazzle|198\/246|[from] item: Black Sludge\n|upkeep\n|turn|12\n|\n|t:|1637485312\n|move|p2a: Salazzle|Substitute|p2a: Salazzle\n|-start|p2a: Salazzle|Substitute\n|-damage|p2a: Salazzle|137\/246\n|move|p1a: Espeon|Psychic|p2a: Salazzle\n|-supereffective|p2a: Salazzle\n|-end|p2a: Salazzle|Substitute\n|-damage|p1a: Espeon|111\/241|[from] item: Life Orb\n|\n|-heal|p2a: Salazzle|152\/246|[from] item: Black Sludge\n|upkeep\n|turn|13\n|\n|t:|1637485325\n|move|p2a: Salazzle|Substitute|p2a: Salazzle\n|-start|p2a: Salazzle|Substitute\n|-damage|p2a: Salazzle|91\/246\n|move|p1a: Espeon|Morning Sun|p1a: Espeon\n|-heal|p1a: Espeon|231\/241\n|\n|-heal|p2a: Salazzle|106\/246|[from] item: Black Sludge\n|upkeep\n|turn|14\n|\n|t:|1637485332\n|move|p2a: Salazzle|Protect|p2a: Salazzle\n|-singleturn|p2a: Salazzle|Protect\n|move|p1a: Espeon|Psychic|p2a: Salazzle\n|-activate|p2a: Salazzle|move: Protect\n|\n|-heal|p2a: Salazzle|121\/246|[from] item: Black Sludge\n|upkeep\n|turn|15\n|\n|t:|1637485339\n|move|p2a: Salazzle|Flamethrower|p1a: Espeon\n|-crit|p1a: Espeon\n|-damage|p1a: Espeon|84\/241\n|move|p1a: Espeon|Psychic|p2a: Salazzle\n|-supereffective|p2a: Salazzle\n|-end|p2a: Salazzle|Substitute\n|-damage|p1a: Espeon|60\/241|[from] item: Life Orb\n|\n|-heal|p2a: Salazzle|136\/246|[from] item: Black Sludge\n|upkeep\n|turn|16\n|\n|t:|1637485374\n|switch|p1a: Stoutland|Stoutland, L86, F|286\/286\n|-ability|p1a: Stoutland|Intimidate|boost\n|-unboost|p2a: Salazzle|atk|1\n|move|p2a: Salazzle|Substitute|p2a: Salazzle\n|-start|p2a: Salazzle|Substitute\n|-damage|p2a: Salazzle|75\/246\n|\n|-heal|p2a: Salazzle|90\/246|[from] item: Black Sludge\n|upkeep\n|turn|17\n|\n|t:|1637485385\n|move|p2a: Salazzle|Protect|p2a: Salazzle\n|-singleturn|p2a: Salazzle|Protect\n|move|p1a: Stoutland|Facade|p2a: Salazzle\n|-activate|p2a: Salazzle|move: Protect\n|\n|-heal|p2a: Salazzle|105\/246|[from] item: Black Sludge\n|upkeep\n|turn|18\n|\n|t:|1637485395\n|move|p2a: Salazzle|Toxic|p1a: Stoutland\n|-status|p1a: Stoutland|tox\n|move|p1a: Stoutland|Facade|p2a: Salazzle\n|-end|p2a: Salazzle|Substitute\n|\n|-heal|p2a: Salazzle|120\/246|[from] item: Black Sludge\n|-damage|p1a: Stoutland|269\/286 tox|[from] psn\n|upkeep\n|turn|19\n|\n|t:|1637485406\n|move|p2a: Salazzle|Substitute|p2a: Salazzle\n|-start|p2a: Salazzle|Substitute\n|-damage|p2a: Salazzle|59\/246\n|move|p1a: Stoutland|Facade|p2a: Salazzle\n|-end|p2a: Salazzle|Substitute\n|\n|-heal|p2a: Salazzle|74\/246|[from] item: Black Sludge\n|-damage|p1a: Stoutland|235\/286 tox|[from] psn\n|upkeep\n|turn|20\n|\n|t:|1637485416\n|move|p2a: Salazzle|Protect|p2a: Salazzle\n|-singleturn|p2a: Salazzle|Protect\n|move|p1a: Stoutland|Facade|p2a: Salazzle\n|-activate|p2a: Salazzle|move: Protect\n|\n|-heal|p2a: Salazzle|89\/246|[from] item: Black Sludge\n|-damage|p1a: Stoutland|184\/286 tox|[from] psn\n|upkeep\n|turn|21\n|\n|t:|1637485433\n|move|p2a: Salazzle|Substitute|p2a: Salazzle\n|-start|p2a: Salazzle|Substitute\n|-damage|p2a: Salazzle|28\/246\n|move|p1a: Stoutland|Facade|p2a: Salazzle\n|-end|p2a: Salazzle|Substitute\n|\n|-heal|p2a: Salazzle|43\/246|[from] item: Black Sludge\n|-damage|p1a: Stoutland|116\/286 tox|[from] psn\n|upkeep\n|turn|22\n|\n|t:|1637485443\n|move|p2a: Salazzle|Protect|p2a: Salazzle\n|-singleturn|p2a: Salazzle|Protect\n|move|p1a: Stoutland|Facade|p2a: Salazzle\n|-activate|p2a: Salazzle|move: Protect\n|\n|-heal|p2a: Salazzle|58\/246|[from] item: Black Sludge\n|-damage|p1a: Stoutland|31\/286 tox|[from] psn\n|upkeep\n|turn|23\n|\n|t:|1637485451\n|move|p2a: Salazzle|Flamethrower|p1a: Stoutland\n|-damage|p1a: Stoutland|0 fnt\n|faint|p1a: Stoutland\n|\n|-heal|p2a: Salazzle|73\/246|[from] item: Black Sludge\n|upkeep\n|\n|t:|1637485460\n|switch|p1a: Nidoking|Nidoking, L82, M|267\/267\n|turn|24\n|\n|t:|1637485470\n|move|p2a: Salazzle|Protect|p2a: Salazzle\n|-singleturn|p2a: Salazzle|Protect\n|move|p1a: Nidoking|Earth Power|p2a: Salazzle\n|-activate|p2a: Salazzle|move: Protect\n|\n|-heal|p2a: Salazzle|88\/246|[from] item: Black Sludge\n|upkeep\n|turn|25\n|\n|t:|1637485576\n|move|p2a: Salazzle|Flamethrower|p1a: Nidoking\n|-damage|p1a: Nidoking|158\/267\n|move|p1a: Nidoking|Earth Power|p2a: Salazzle\n|-supereffective|p2a: Salazzle\n|-damage|p2a: Salazzle|0 fnt\n|faint|p2a: Salazzle\n|\n|upkeep\n|\n|t:|1637485597\n|switch|p2a: Swampert|Swampert, L80, F|291\/291\n|turn|26\n|\n|t:|1637485612\n|switch|p1a: Espeon|Espeon, L82, M|60\/241\n|move|p2a: Swampert|Earthquake|p1a: Espeon\n|-damage|p1a: Espeon|0 fnt\n|faint|p1a: Espeon\n|\n|upkeep\n|\n|t:|1637485621\n|switch|p1a: Nidoking|Nidoking, L82, M|158\/267\n|turn|27\n|\n|t:|1637485657\n|move|p2a: Swampert|Protect|p2a: Swampert\n|-singleturn|p2a: Swampert|Protect\n|move|p1a: Nidoking|Earth Power|p2a: Swampert\n|-activate|p2a: Swampert|move: Protect\n|\n|upkeep\n|turn|28\n|j| woflw\n|\n|t:|1637485667\n|move|p1a: Nidoking|Substitute|p1a: Nidoking\n|-start|p1a: Nidoking|Substitute\n|-damage|p1a: Nidoking|92\/267\n|move|p2a: Swampert|Earthquake|p1a: Nidoking\n|-supereffective|p1a: Nidoking\n|-end|p1a: Nidoking|Substitute\n|\n|upkeep\n|turn|29\n|\n|t:|1637485675\n|move|p1a: Nidoking|Earth Power|p2a: Swampert\n|-damage|p2a: Swampert|153\/291\n|move|p2a: Swampert|Earthquake|p1a: Nidoking\n|-supereffective|p1a: Nidoking\n|-damage|p1a: Nidoking|0 fnt\n|faint|p1a: Nidoking\n|\n|-heal|p2a: Swampert|171\/291|[from] item: Leftovers\n|upkeep\n|\n|t:|1637485684\n|switch|p1a: Raichu|Raichu-Alola, L84, F|238\/238\n|turn|30\n|\n|t:|1637485725\n|move|p1a: Raichu|Nasty Plot|p1a: Raichu\n|-boost|p1a: Raichu|spa|2\n|move|p2a: Swampert|Earthquake|p1a: Raichu\n|-supereffective|p1a: Raichu\n|-damage|p1a: Raichu|0 fnt\n|faint|p1a: Raichu\n|\n|-heal|p2a: Swampert|189\/291|[from] item: Leftovers\n|upkeep\n|c|\u2606swordsman.n|g\uff0c\u6253\u4e0d\u52a8\u8fd9\u4e2a\n|-message|swordsman.n forfeited.\n|\n|win|FiniFiniLove\n|l|\u2606swordsman.n\n|j|\u2606swordsman.n\n|player|p1|swordsman.n|249\n","inputlog":">version 5f9d7c5fd7d7784ad2f0d0f4b61ea6e75791baaf\n>version-origin 3918ebd609a2bd57e0326bf76fca79306b37a61f\n>start {\"formatid\":\"gen8randombattle\",\"seed\":[4185,25120,24755,21685]}\n>player p1 {\"name\":\"swordsman.n\",\"avatar\":\"249\",\"rating\":0,\"seed\":[31243,34520,18293,14167]}\n>player p2 {\"name\":\"FiniFiniLove\",\"avatar\":\"1\",\"rating\":0,\"seed\":[57234,22042,51761,46475]}\n>chat \u2606swordsman.n|\u62bd\u5230\u4e2a\u4e0d\u6015\u706b\u8725\u7684\u771f\u4e0d\u5bb9\u6613\n>p1 move psychic\n>p2 switch 3\n>p1 move shadowball\n>p2 move psyshock\n>p2 switch 3\n>p1 move morningsun\n>p2 move substitute\n>p1 move morningsun\n>p2 move flamethrower\n>p1 move shadowball\n>p2 move flamethrower\n>p1 move morningsun\n>p2 move substitute\n>p1 move shadowball\n>p2 move flamethrower\n>p1 move morningsun\n>p2 move substitute\n>p1 move shadowball\n>p2 move protect\n>p1 move shadowball\n>p2 move flamethrower\n>p1 move morningsun\n>p2 move flamethrower\n>p1 move psychic\n>p2 move substitute\n>p1 move morningsun\n>p2 move substitute\n>p1 move psychic\n>p2 move protect\n>p1 move psychic\n>p2 move flamethrower\n>p1 switch 4\n>p2 move substitute\n>p1 move facade\n>p2 move protect\n>p1 move facade\n>p2 move toxic\n>p1 move facade\n>p2 move substitute\n>p1 move facade\n>p2 move protect\n>p1 move facade\n>p2 move substitute\n>p1 move facade\n>p2 move protect\n>p1 move facade\n>p2 move flamethrower\n>p1 switch 6\n>p1 move earthpower\n>p2 move protect\n>p1 move earthpower\n>p2 move flamethrower\n>p2 switch 2\n>p1 switch 4\n>p2 move earthquake\n>p1 switch 4\n>p1 move earthpower\n>p2 move protect\n>p1 move substitute\n>p2 move earthquake\n>p1 move earthpower\n>p2 move earthquake\n>p1 switch 2\n>p1 move nastyplot\n>p2 move earthquake\n>chat \u2606swordsman.n|g\uff0c\u6253\u4e0d\u52a8\u8fd9\u4e2a\n>forcelose p1","uploadtime":1637485760,"views":10,"p1id":"swordsmann","p2id":"finifinilove","formatid":"gen8randombattle","rating":0,"private":0,"password":null}