{"id":"china-gen8randombattle-406234","p1":"ta1onfIame\u6e05\u6b22","p2":"gostop","format":"gen8randombattle","log":"|j|\u2606ta1onfIame\u6e05\u6b22\n|j|\u2606gostop\n|t:|1618148312\n|gametype|singles\n|player|p1|ta1onfIame\u6e05\u6b22|whitney|\n|player|p2|gostop|gostop.gif|\n|teamsize|p1|6\n|teamsize|p2|6\n|gen|8\n|tier|[Gen 8] Random Battle\n|rule|Species Clause: Limit one of each Pok\u00e9mon\n|rule|HP Percentage Mod: HP is shown in percentages\n|rule|Sleep Clause Mod: Limit one foe put to sleep\n|\n|t:|1618148312\n|start\n|switch|p1a: Sandslash|Sandslash, L86, M|269\/269\n|switch|p2a: Pangoro|Pangoro, L84, M|297\/297\n|turn|1\n|j|\u265aThe Steel Shadow\n|l|\u2606gostop\n|player|p2|\n|j| noobzhan233\n|j|\u2606gostop\n|player|p2|gostop|gostop.gif\n|j|\u265aChizuru Mizuhara\n|inactive|Battle timer is ON: inactive players will automatically lose when time's up. (requested by ta1onfIame\u6e05\u6b22)\n|\n|t:|1618148381\n|move|p1a: Sandslash|Swords Dance|p1a: Sandslash\n|-boost|p1a: Sandslash|atk|2\n|move|p2a: Pangoro|Knock Off|p1a: Sandslash\n|-damage|p1a: Sandslash|112\/269\n|-enditem|p1a: Sandslash|Focus Sash|[from] move: Knock Off|[of] p2a: Pangoro\n|\n|upkeep\n|turn|2\n|\n|t:|1618148403\n|switch|p2a: Weezing|Weezing, L86, M|252\/252\n|-ability|p2a: Weezing|Neutralizing Gas\n|move|p1a: Sandslash|Earthquake|p2a: Weezing\n|-supereffective|p2a: Weezing\n|-damage|p2a: Weezing|0 fnt\n|faint|p2a: Weezing\n|-end|p2a: Weezing|ability: Neutralizing Gas\n|\n|upkeep\n|inactive|gostop has 270 seconds left.\n|\n|t:|1618148433\n|switch|p2a: Zygarde|Zygarde, L72|272\/272\n|turn|3\n|c|\u265aThe Steel Shadow|\u5173\u4e86\u5427\uff0c\u6ca1\u610f\u601d\n|inactive|gostop has 240 seconds left.\n|\n|t:|1618148480\n|switch|p1a: Slowbro|Slowbro, L84, M|297\/297\n|move|p2a: Zygarde|Dragon Dance|p2a: Zygarde\n|-boost|p2a: Zygarde|atk|1\n|-boost|p2a: Zygarde|spe|1\n|\n|upkeep\n|turn|4\n|inactive|gostop has 210 seconds left.\n|\n|t:|1618148517\n|switch|p2a: Clawitzer|Clawitzer, L84, M|256\/256\n|move|p1a: Slowbro|Ice Beam|p2a: Clawitzer\n|-resisted|p2a: Clawitzer\n|-damage|p2a: Clawitzer|226\/256\n|\n|upkeep\n|turn|5\n|\n|t:|1618148529\n|switch|p1a: Moltres|Moltres-Galar, L76|262\/262\n|move|p2a: Clawitzer|Dark Pulse|p1a: Moltres\n|-resisted|p1a: Moltres\n|-damage|p1a: Moltres|199\/262\n|\n|upkeep\n|turn|6\n|inactive|gostop has 180 seconds left.\n|\n|t:|1618148561\n|switch|p1a: Slowbro|Slowbro, L84, M|297\/297\n|switch|p2a: Metagross|Metagross, L79|256\/256\n|\n|upkeep\n|turn|7\n|inactive|gostop has 180 seconds left.\n|\n|t:|1618148566\n|switch|p2a: Clawitzer|Clawitzer, L84, M|226\/256\n|move|p1a: Slowbro|Thunder Wave|p2a: Clawitzer\n|-status|p2a: Clawitzer|par\n|\n|upkeep\n|turn|8\n|\n|t:|1618148594\n|switch|p1a: Reuniclus|Reuniclus, L84, M|322\/322\n|move|p2a: Clawitzer|U-turn|p1a: Reuniclus\n|-supereffective|p1a: Reuniclus\n|-damage|p1a: Reuniclus|234\/322\n|inactive|gostop has 180 seconds left.\n|\n|t:|1618148624\n|switch|p2a: Pangoro|Pangoro, L84, M|297\/297\n|\n|upkeep\n|turn|9\n|\n|t:|1618148639\n|switch|p1a: Diancie|Diancie, L82|216\/216\n|move|p2a: Pangoro|Close Combat|p1a: Diancie\n|-damage|p1a: Diancie|65\/216\n|-unboost|p2a: Pangoro|def|1\n|-unboost|p2a: Pangoro|spd|1\n|\n|-heal|p1a: Diancie|78\/216|[from] item: Leftovers\n|upkeep\n|turn|10\n|\n|t:|1618148652\n|switch|p1a: Reuniclus|Reuniclus, L84, M|234\/322\n|move|p2a: Pangoro|Close Combat|p1a: Reuniclus\n|-resisted|p1a: Reuniclus\n|-damage|p1a: Reuniclus|114\/322\n|-unboost|p2a: Pangoro|def|1\n|-unboost|p2a: Pangoro|spd|1\n|\n|upkeep\n|turn|11\n|\n|t:|1618148659\n|move|p2a: Pangoro|Close Combat|p1a: Reuniclus\n|-resisted|p1a: Reuniclus\n|-damage|p1a: Reuniclus|0 fnt\n|-unboost|p2a: Pangoro|def|1\n|-unboost|p2a: Pangoro|spd|1\n|faint|p1a: Reuniclus\n|\n|upkeep\n|\n|t:|1618148668\n|switch|p1a: Moltres|Moltres-Galar, L76|199\/262\n|turn|12\n|inactive|gostop has 180 seconds left.\n|inactive|gostop has 150 seconds left.\n|\n|t:|1618148725\n|move|p1a: Moltres|Nasty Plot|p1a: Moltres\n|-boost|p1a: Moltres|spa|2\n|move|p2a: Pangoro|Close Combat|p1a: Moltres\n|-damage|p1a: Moltres|0 fnt\n|-unboost|p2a: Pangoro|def|1\n|-unboost|p2a: Pangoro|spd|1\n|faint|p1a: Moltres\n|\n|upkeep\n|\n|t:|1618148736\n|switch|p1a: Slowbro|Slowbro, L84, M|297\/297\n|turn|13\n|\n|t:|1618148750\n|switch|p2a: Clawitzer|Clawitzer, L84, M|226\/256 par\n|move|p1a: Slowbro|Scald|p2a: Clawitzer\n|-resisted|p2a: Clawitzer\n|-damage|p2a: Clawitzer|184\/256 par\n|\n|upkeep\n|turn|14\n|inactive|ta1onfIame\u6e05\u6b22 has 270 seconds left.\n|\n|t:|1618148781\n|move|p1a: Slowbro|Scald|p2a: Clawitzer\n|-resisted|p2a: Clawitzer\n|-damage|p2a: Clawitzer|138\/256 par\n|move|p2a: Clawitzer|U-turn|p1a: Slowbro\n|-supereffective|p1a: Slowbro\n|-damage|p1a: Slowbro|229\/297\n|\n|t:|1618148789\n|switch|p2a: Pangoro|Pangoro, L84, M|297\/297\n|\n|-heal|p1a: Slowbro|247\/297|[from] item: Leftovers\n|upkeep\n|turn|15\n|\n|t:|1618148796\n|switch|p1a: Diancie|Diancie, L82|78\/216\n|move|p2a: Pangoro|Knock Off|p1a: Diancie\n|-resisted|p1a: Diancie\n|-damage|p1a: Diancie|15\/216\n|-enditem|p1a: Diancie|Leftovers|[from] move: Knock Off|[of] p2a: Pangoro\n|\n|upkeep\n|turn|16\n|\n|t:|1618148801\n|move|p2a: Pangoro|Knock Off|p1a: Diancie\n|-resisted|p1a: Diancie\n|-damage|p1a: Diancie|0 fnt\n|faint|p1a: Diancie\n|\n|upkeep\n|\n|t:|1618148814\n|switch|p1a: Landorus|Landorus, L76, M|260\/260\n|turn|17\n|inactive|gostop has 150 seconds left.\n|\n|t:|1618148867\n|switch|p2a: Copperajah|Copperajah, L84, M|342\/342\n|-start|p1a: Landorus|Dynamax\n|-heal|p1a: Landorus|520\/520|[silent]\n|move|p1a: Landorus|Max Ooze|p2a: Copperajah\n|-immune|p2a: Copperajah\n|\n|upkeep\n|turn|18\n|inactive|gostop has 120 seconds left.\n|\n|t:|1618148899\n|move|p1a: Landorus|Max Quake|p2a: Copperajah\n|-supereffective|p2a: Copperajah\n|-damage|p2a: Copperajah|0 fnt\n|-boost|p1a: Landorus|spd|1\n|-damage|p1a: Landorus|494\/520|[from] item: Life Orb\n|faint|p2a: Copperajah\n|\n|upkeep\n|inactive|gostop has 90 seconds left.\n|j|@Northumberland\n|j| XPSH\n|l|@Northumberland\n|inactive|gostop has 60 seconds left.\n|\n|t:|1618148970\n|switch|p2a: Zygarde|Zygarde, L72|272\/272\n|turn|19\n|j| burstbean\n|\n|t:|1618148984\n|move|p1a: Landorus|Max Ooze|p2a: Zygarde\n|-resisted|p2a: Zygarde\n|-damage|p2a: Zygarde|228\/272\n|-boost|p1a: Landorus|spa|1\n|-damage|p1a: Landorus|468\/520|[from] item: Life Orb\n|move|p2a: Zygarde|Dragon Dance|p2a: Zygarde\n|-boost|p2a: Zygarde|atk|1\n|-boost|p2a: Zygarde|spe|1\n|\n|-heal|p2a: Zygarde|245\/272|[from] item: Leftovers\n|-end|p1a: Landorus|Dynamax\n|-heal|p1a: Landorus|234\/260|[silent]\n|upkeep\n|turn|20\n|inactive|gostop has 30 seconds left.\n|inactive|gostop has 20 seconds left.\n|\n|t:|1618149019\n|-start|p2a: Zygarde|Dynamax\n|-heal|p2a: Zygarde|490\/544|[silent]\n|move|p2a: Zygarde|Max Wyrmwind|p1a: Landorus\n|-damage|p1a: Landorus|42\/260\n|-unboost|p1a: Landorus|atk|1\n|move|p1a: Landorus|Earth Power|p2a: Zygarde\n|-damage|p2a: Zygarde|244\/544\n|\n|-heal|p2a: Zygarde|261\/544|[from] item: Leftovers\n|-activate|p2a: Zygarde|ability: Power Construct\n|detailschange|p2a: Zygarde|Zygarde-Complete, L72\n|-heal|p2a: Zygarde|573\/856|[silent]\n|upkeep\n|turn|21\n|inactive|gostop has 30 seconds left this turn.\n|\n|t:|1618149026\n|move|p2a: Zygarde|Max Wyrmwind|p1a: Landorus\n|-damage|p1a: Landorus|0 fnt\n|faint|p1a: Landorus\n|\n|-heal|p2a: Zygarde|599\/856|[from] item: Leftovers\n|upkeep\n|\n|t:|1618149028\n|switch|p1a: Slowbro|Slowbro, L84, M|297\/297\n|turn|22\n|\n|t:|1618149041\n|move|p2a: Zygarde|Max Quake|p1a: Slowbro\n|-damage|p1a: Slowbro|167\/297\n|-boost|p2a: Zygarde|spd|1\n|move|p1a: Slowbro|Ice Beam|p2a: Zygarde\n|-supereffective|p2a: Zygarde\n|-damage|p2a: Zygarde|423\/856\n|-status|p2a: Zygarde|frz\n|\n|-heal|p2a: Zygarde|449\/856 frz|[from] item: Leftovers\n|-heal|p1a: Slowbro|185\/297|[from] item: Leftovers\n|-end|p2a: Zygarde|Dynamax\n|-heal|p2a: Zygarde|225\/428 frz|[silent]\n|upkeep\n|turn|23\n|inactive|gostop has 30 seconds left.\n|\n|t:|1618149058\n|cant|p2a: Zygarde|frz\n|move|p1a: Slowbro|Slack Off|p1a: Slowbro\n|-heal|p1a: Slowbro|297\/297\n|\n|-heal|p2a: Zygarde|251\/428 frz|[from] item: Leftovers\n|upkeep\n|turn|24\n|c|\u2606ta1onfIame\u6e05\u6b22|sry\n|inactive|gostop has 30 seconds left.\n|\n|t:|1618149068\n|cant|p2a: Zygarde|frz\n|move|p1a: Slowbro|Ice Beam|p2a: Zygarde\n|-supereffective|p2a: Zygarde\n|-damage|p2a: Zygarde|51\/428 frz\n|\n|-heal|p2a: Zygarde|77\/428 frz|[from] item: Leftovers\n|upkeep\n|turn|25\n|inactive|gostop has 30 seconds left.\n|\n|t:|1618149082\n|-curestatus|p2a: Zygarde|frz|[msg]\n|move|p2a: Zygarde|Outrage|p1a: Slowbro\n|-damage|p1a: Slowbro|182\/297\n|move|p1a: Slowbro|Ice Beam|p2a: Zygarde\n|-supereffective|p2a: Zygarde\n|-damage|p2a: Zygarde|0 fnt\n|faint|p2a: Zygarde\n|\n|-heal|p1a: Slowbro|200\/297|[from] item: Leftovers\n|upkeep\n|\n|t:|1618149086\n|switch|p2a: Pangoro|Pangoro, L84, M|297\/297\n|turn|26\n|\n|t:|1618149091\n|move|p2a: Pangoro|Knock Off|p1a: Slowbro\n|-supereffective|p1a: Slowbro\n|-damage|p1a: Slowbro|0 fnt\n|-enditem|p1a: Slowbro|Leftovers|[from] move: Knock Off|[of] p2a: Pangoro\n|faint|p1a: Slowbro\n|\n|upkeep\n|\n|t:|1618149093\n|switch|p1a: Sandslash|Sandslash, L86, M|112\/269\n|turn|27\n|\n|t:|1618149098\n|move|p1a: Sandslash|Earthquake|p2a: Pangoro\n|-damage|p2a: Pangoro|179\/297\n|move|p2a: Pangoro|Knock Off|p1a: Sandslash\n|-damage|p1a: Sandslash|16\/269\n|\n|upkeep\n|turn|28\n|\n|t:|1618149103\n|move|p1a: Sandslash|Earthquake|p2a: Pangoro\n|-damage|p2a: Pangoro|59\/297\n|move|p2a: Pangoro|Knock Off|p1a: Sandslash\n|-damage|p1a: Sandslash|0 fnt\n|faint|p1a: Sandslash\n|\n|win|gostop\n|c|\u2606ta1onfIame\u6e05\u6b22|gg\n|l| burstbean\n|c|\u2606gostop|gg\n","inputlog":">version 22112daaf1082300e90e36913e64ccd28eebc393\n>version-origin 3918ebd609a2bd57e0326bf76fca79306b37a61f\n>start {\"formatid\":\"gen8randombattle\",\"seed\":[9811,13709,38238,7088]}\n>player p1 {\"name\":\"ta1onfIame\u6e05\u6b22\",\"avatar\":\"whitney\",\"rating\":0,\"seed\":[11688,14927,39730,9565]}\n>player p2 {\"name\":\"gostop\",\"avatar\":\"gostop.gif\",\"rating\":0,\"seed\":[37507,35116,57615,60986]}\n>p1 move swordsdance\n>p2 move knockoff\n>p1 move earthquake\n>p2 switch 6\n>p2 switch 2\n>chat \u265aThe Steel Shadow|\u5173\u4e86\u5427\uff0c\u6ca1\u610f\u601d\n>p1 switch 5\n>p2 move dragondance\n>p1 move icebeam\n>p2 switch 5\n>p1 switch 4\n>p2 move darkpulse\n>p1 switch 4\n>p2 switch 3\n>p1 move thunderwave\n>p2 switch 3\n>p1 switch 2\n>p2 move uturn\n>p2 switch 6\n>p1 switch 3\n>p2 move closecombat\n>p1 switch 3\n>p2 move closecombat\n>p1 move recover\n>p2 move closecombat\n>p1 switch 4\n>p1 move nastyplot\n>p2 move closecombat\n>p1 switch 2\n>p1 move scald\n>p2 switch 6\n>p1 move scald\n>p2 move uturn\n>p2 switch 6\n>p1 switch 3\n>p2 move knockoff\n>p1 move moonblast\n>p2 move knockoff\n>p1 switch 6\n>p1 move sludgewave dynamax\n>p2 switch 4\n>p1 move earthpower dynamax\n>p2 move ironhead\n>p2 switch 5\n>p1 move sludgewave dynamax\n>p2 move dragondance\n>p1 move earthpower\n>p2 move outrage dynamax\n>p1 move earthpower\n>p2 move outrage dynamax\n>p1 switch 3\n>p1 move icebeam\n>p2 move thousandarrows dynamax\n>p1 move slackoff\n>p2 move outrage\n>chat \u2606ta1onfIame\u6e05\u6b22|sry\n>p1 move icebeam\n>p2 move outrage\n>p1 move icebeam\n>p2 move outrage\n>p2 switch 4\n>p1 move scald\n>p2 move knockoff\n>p1 switch 5\n>p1 move earthquake\n>p2 move knockoff\n>p1 move earthquake\n>p2 move knockoff","uploadtime":1618149131,"views":35,"p1id":"ta1onfiame","p2id":"gostop","formatid":"gen8randombattle","rating":0,"private":0,"password":null}