{"id":"china-gen8monotyperandombattle-7315552","p1":"The shy missing","p2":"gostop","format":"gen8monotyperandombattle","log":"|uhtml|report-battle|<b>\u5c06\u5bf9\u6218\u94fe\u63a5\u516c\u5f00\u5230:<\/b> <button class=\"button\" name=\"send\" value=\"\/reportto skypillar\">Sky Pillar<\/button><button class=\"button\" name=\"send\" value=\"\/reportto shinx\">Shinx<\/button>\n|j|\u2606The shy missing\n|j|\u2606gostop\n|t:|1667654599\n|gametype|singles\n|player|p1|The shy missing|medium|\n|player|p2|gostop|cplp2022angelotto.png|\n|teamsize|p1|6\n|teamsize|p2|6\n|gen|8\n|tier|[Gen 8] Monotype Random Battle\n|rule|Same Type Clause: Pok\u00e9mon in a team must share a type\n|rule|HP Percentage Mod: HP is shown in percentages\n|rule|Sleep Clause Mod: Limit one foe put to sleep\n|\n|t:|1667654599\n|start\n|switch|p1a: Lucario|Lucario, L82, F|249\/249\n|switch|p2a: Regieleki|Regieleki, L78|253\/253\n|turn|1\n|c|\u2606The shy missing|\/log The shy missing made this room public.\n|\n|t:|1667654657\n|switch|p1a: Excadrill|Excadrill, L78, M|300\/300\n|-ability|p1a: Excadrill|Mold Breaker\n|move|p2a: Regieleki|Substitute|p2a: Regieleki\n|-start|p2a: Regieleki|Substitute\n|-damage|p2a: Regieleki|190\/253\n|\n|upkeep\n|turn|2\n|j|@XPSH\n|\n|t:|1667654706\n|switch|p2a: Thundurus|Thundurus, L80, M|258\/258\n|move|p1a: Excadrill|Rapid Spin|p2a: Thundurus\n|-damage|p2a: Thundurus|212\/258\n|-boost|p1a: Excadrill|spe|1\n|\n|upkeep\n|turn|3\n|\n|t:|1667654868\n|switch|p1a: Jirachi|Jirachi, L79|288\/288\n|switch|p2a: Regieleki|Regieleki, L78|190\/253\n|\n|upkeep\n|turn|4\n|c|@XPSH|t\n|\n|t:|1667654914\n|switch|p2a: Dracozolt|Dracozolt, L78|268\/268\n|move|p1a: Jirachi|Stealth Rock|p2a: Dracozolt\n|-sidestart|p2: gostop|move: Stealth Rock\n|\n|upkeep\n|turn|5\n|\n|t:|1667654964\n|move|p2a: Dracozolt|Earthquake|p1a: Jirachi\n|-supereffective|p1a: Jirachi\n|-damage|p1a: Jirachi|114\/288\n|move|p1a: Jirachi|Toxic|p2a: Dracozolt\n|-status|p2a: Dracozolt|tox\n|\n|-heal|p1a: Jirachi|132\/288|[from] item: Leftovers\n|-damage|p2a: Dracozolt|252\/268 tox|[from] psn\n|upkeep\n|turn|6\n|\n|t:|1667654973\n|switch|p1a: Aggron|Aggron, L85, M|258\/258\n|-item|p1a: Aggron|Air Balloon\n|move|p2a: Dracozolt|Earthquake|p1a: Aggron\n|-immune|p1a: Aggron\n|\n|-damage|p2a: Dracozolt|220\/268 tox|[from] psn\n|upkeep\n|turn|7\n|\n|t:|1667654995\n|switch|p2a: Regieleki|Regieleki, L78|190\/253\n|-damage|p2a: Regieleki|159\/253|[from] Stealth Rock\n|move|p1a: Aggron|Rock Polish|p1a: Aggron\n|-boost|p1a: Aggron|spe|2\n|\n|upkeep\n|turn|8\n|\n|t:|1667655006\n|switch|p1a: Excadrill|Excadrill, L78, M|300\/300\n|-ability|p1a: Excadrill|Mold Breaker\n|move|p2a: Regieleki|Volt Switch|p1a: Excadrill\n|-immune|p1a: Excadrill\n|\n|upkeep\n|turn|9\n|\n|t:|1667655013\n|move|p2a: Regieleki|Explosion|p1a: Excadrill\n|-resisted|p1a: Excadrill\n|-damage|p1a: Excadrill|189\/300\n|faint|p2a: Regieleki\n|move|p1a: Excadrill|Rapid Spin|p2: Regieleki|[notarget]\n|-fail|p1a: Excadrill\n|\n|-heal|p1a: Excadrill|207\/300|[from] item: Leftovers\n|upkeep\n|\n|t:|1667655026\n|switch|p2a: Dracozolt|Dracozolt, L78|220\/268 tox\n|-damage|p2a: Dracozolt|187\/268 tox|[from] Stealth Rock\n|turn|10\n|c|@XPSH|\u6025\u6025\u6025\n|\n|t:|1667655053\n|switch|p1a: Registeel|Registeel, L83|268\/268\n|move|p2a: Dracozolt|Bolt Beak|p1a: Registeel\n|-damage|p1a: Registeel|112\/268\n|\n|-heal|p1a: Registeel|128\/268|[from] item: Leftovers\n|-damage|p2a: Dracozolt|171\/268 tox|[from] psn\n|upkeep\n|turn|11\n|\n|t:|1667655065\n|switch|p2a: Raichu|Raichu, L86, M|243\/243\n|-damage|p2a: Raichu|213\/243|[from] Stealth Rock\n|switch|p1a: Excadrill|Excadrill, L78, M|207\/300\n|-ability|p1a: Excadrill|Mold Breaker\n|\n|-heal|p1a: Excadrill|225\/300|[from] item: Leftovers\n|upkeep\n|turn|12\n|\n|t:|1667655105\n|switch|p1a: Doublade|Doublade, L82, F|231\/231\n|move|p2a: Raichu|Nasty Plot|p2a: Raichu\n|-boost|p2a: Raichu|spa|2\n|\n|upkeep\n|turn|13\n|c|\u2606The shy missing|\u611f\u89c9\u8981\u88ab\u5243\u5149\u5934\u4e86\n|\n|t:|1667655172\n|move|p2a: Raichu|Thunderbolt|p1a: Doublade\n|-damage|p1a: Doublade|0 fnt\n|faint|p1a: Doublade\n|-damage|p2a: Raichu|189\/243|[from] item: Life Orb\n|\n|upkeep\n|\n|t:|1667655175\n|switch|p1a: Lucario|Lucario, L82, F|249\/249\n|turn|14\n|\n|t:|1667655264\n|move|p2a: Raichu|Thunderbolt|p1a: Lucario\n|-enditem|p1a: Lucario|Focus Sash\n|-damage|p1a: Lucario|1\/249\n|-damage|p2a: Raichu|165\/243|[from] item: Life Orb\n|move|p1a: Lucario|Close Combat|p2a: Raichu\n|-damage|p2a: Raichu|0 fnt\n|-unboost|p1a: Lucario|def|1\n|-unboost|p1a: Lucario|spd|1\n|faint|p2a: Raichu\n|\n|upkeep\n|j| guimingyoulingsha\n|\n|t:|1667655340\n|switch|p2a: Thundurus|Thundurus, L80, M|212\/258\n|turn|15\n|c|\u2606gostop|mu\u7684\u5389\u5bb3\n|c|\u2606gostop|\u4e0d\u597d\u6253\n|c|\u2606gostop|\u5c3d\u529b\u4e86\n|\n|t:|1667655377\n|move|p1a: Lucario|Extreme Speed|p2a: Thundurus\n|-damage|p2a: Thundurus|138\/258\n|move|p2a: Thundurus|Thunderbolt|p1a: Lucario\n|-damage|p1a: Lucario|0 fnt\n|faint|p1a: Lucario\n|\n|upkeep\n|\n|t:|1667655400\n|switch|p1a: Aggron|Aggron, L85, M|258\/258\n|-item|p1a: Aggron|Air Balloon\n|turn|16\n|c|\u2606The shy missing|\u80fd\u4e0d\u80fd\u7ed9\u6211\u6765\u4e2amiss\n|\n|t:|1667655460\n|switch|p1a: Jirachi|Jirachi, L79|132\/288\n|move|p2a: Thundurus|Thunderbolt|p1a: Jirachi\n|-damage|p1a: Jirachi|29\/288\n|\n|-heal|p1a: Jirachi|47\/288|[from] item: Leftovers\n|upkeep\n|turn|17\n|\n|t:|1667655479\n|move|p2a: Thundurus|Thunderbolt|p1a: Jirachi\n|-crit|p1a: Jirachi\n|-damage|p1a: Jirachi|0 fnt\n|faint|p1a: Jirachi\n|\n|upkeep\n|\n|t:|1667655487\n|switch|p1a: Aggron|Aggron, L85, M|258\/258\n|-item|p1a: Aggron|Air Balloon\n|turn|18\n|\n|t:|1667655498\n|move|p2a: Thundurus|Thunderbolt|p1a: Aggron\n|-damage|p1a: Aggron|116\/258\n|-status|p1a: Aggron|par\n|-enditem|p1a: Aggron|Air Balloon\n|move|p1a: Aggron|Rock Polish|p1a: Aggron\n|-boost|p1a: Aggron|spe|2\n|\n|upkeep\n|turn|19\n|c|\u2606The shy missing|g\n|c|\u2606The shy missing|\u4f60\u540e\u6392\u662f\u5565 \u6211\u770b\u770b\n|c|\u2606The shy missing|\u8fd9\u628a\u6ca1\u4e86\n|\n|t:|1667655526\n|-start|p1a: Aggron|Dynamax|\n|-heal|p1a: Aggron|232\/516 par|[silent]\n|move|p2a: Thundurus|Thunderbolt|p1a: Aggron\n|-crit|p1a: Aggron\n|-damage|p1a: Aggron|13\/516 par\n|move|p1a: Aggron|Max Rockfall|p2a: Thundurus\n|-supereffective|p2a: Thundurus\n|-damage|p2a: Thundurus|0 fnt\n|-weather|Sandstorm\n|faint|p2a: Thundurus\n|\n|-weather|Sandstorm|[upkeep]\n|upkeep\n|c|\u2606The shy missing|\u4e0d\u5bf9\n|c|\u2606The shy missing|\u6211\u662f\u4e0d\u662f\n|c|\u2606The shy missing|\u6709\u70b9\u673a\u4f1a\n|c|\u2606gostop|\u662f\u554a\n|c|\u2606The shy missing|\u522b\u6765\u6d17\u8863\u673a\u6c42\u4f60\u4e86\n|c|\u2606gostop|\u6211\u89c9\u5f97\u4f60\u80fd\u8d62\u5176\u5b9e\n|\n|t:|1667655573\n|switch|p2a: Dracozolt|Dracozolt, L78|171\/268 tox\n|-damage|p2a: Dracozolt|138\/268 tox|[from] Stealth Rock\n|turn|20\n|\n|t:|1667655599\n|move|p2a: Dracozolt|Earthquake|p1a: Aggron\n|-supereffective|p1a: Aggron\n|-damage|p1a: Aggron|0 fnt\n|faint|p1a: Aggron\n|\n|-weather|Sandstorm|[upkeep]\n|-damage|p2a: Dracozolt|122\/268 tox|[from] Sandstorm\n|-damage|p2a: Dracozolt|106\/268 tox|[from] psn\n|upkeep\n|\n|t:|1667655602\n|switch|p1a: Excadrill|Excadrill, L78, M|225\/300\n|-ability|p1a: Excadrill|Mold Breaker\n|turn|21\n|j|&WwlWss\n|\n|t:|1667655616\n|move|p2a: Dracozolt|Earthquake|p1a: Excadrill\n|-supereffective|p1a: Excadrill\n|-damage|p1a: Excadrill|0 fnt\n|faint|p1a: Excadrill\n|\n|-weather|Sandstorm|[upkeep]\n|-damage|p2a: Dracozolt|90\/268 tox|[from] Sandstorm\n|-damage|p2a: Dracozolt|58\/268 tox|[from] psn\n|upkeep\n|c|&WwlWss|\u8fd9\u662f\u6bd4\u8d5b\u5417\n|\n|t:|1667655621\n|switch|p1a: Registeel|Registeel, L83|128\/268\n|turn|22\n|c|\u2606gostop|\u662f\n|\n|t:|1667655629\n|move|p2a: Dracozolt|Earthquake|p1a: Registeel|[miss]\n|-miss|p2a: Dracozolt|p1a: Registeel\n|move|p1a: Registeel|Curse|p1a: Registeel\n|-unboost|p1a: Registeel|spe|1\n|-boost|p1a: Registeel|atk|1\n|-boost|p1a: Registeel|def|1\n|\n|-weather|Sandstorm|[upkeep]\n|-damage|p2a: Dracozolt|42\/268 tox|[from] Sandstorm\n|-heal|p1a: Registeel|144\/268|[from] item: Leftovers\n|-damage|p2a: Dracozolt|0 fnt|[from] psn\n|faint|p2a: Dracozolt\n|upkeep\n|c|&WwlWss|\u6bd4rb\uff1f\n|\n|t:|1667655645\n|switch|p2a: Toxtricity|Toxtricity-Low-Key, L82, M|257\/257\n|-damage|p2a: Toxtricity|225\/257|[from] Stealth Rock\n|turn|23\n|\n|t:|1667655660\n|move|p2a: Toxtricity|Overdrive|p1a: Registeel\n|-damage|p1a: Registeel|71\/268\n|move|p1a: Registeel|Rest|p1a: Registeel\n|-status|p1a: Registeel|slp|[from] move: Rest\n|-heal|p1a: Registeel|268\/268 slp|[silent]\n|\n|-weather|none\n|upkeep\n|turn|24\n|\n|t:|1667655680\n|move|p2a: Toxtricity|Overdrive|p1a: Registeel\n|-damage|p1a: Registeel|192\/268 slp\n|cant|p1a: Registeel|slp\n|move|p1a: Registeel|Sleep Talk|p1a: Registeel\n|move|p1a: Registeel|Rest||[from]move: Sleep Talk|[still]\n|-fail|p1a: Registeel\n|\n|-heal|p1a: Registeel|208\/268 slp|[from] item: Leftovers\n|upkeep\n|turn|25\n|\n|t:|1667655682\n|move|p2a: Toxtricity|Overdrive|p1a: Registeel\n|-damage|p1a: Registeel|136\/268 slp\n|cant|p1a: Registeel|slp\n|move|p1a: Registeel|Sleep Talk|p1a: Registeel\n|move|p1a: Registeel|Curse|p1a: Registeel|[from]move: Sleep Talk\n|-unboost|p1a: Registeel|spe|1\n|-boost|p1a: Registeel|atk|1\n|-boost|p1a: Registeel|def|1\n|\n|-heal|p1a: Registeel|152\/268 slp|[from] item: Leftovers\n|upkeep\n|turn|26\n|\n|t:|1667655686\n|move|p2a: Toxtricity|Overdrive|p1a: Registeel\n|-damage|p1a: Registeel|73\/268 slp\n|-curestatus|p1a: Registeel|slp|[msg]\n|move|p1a: Registeel|Rest|p1a: Registeel\n|-status|p1a: Registeel|slp|[from] move: Rest\n|-heal|p1a: Registeel|268\/268 slp|[silent]\n|\n|upkeep\n|turn|27\n|\n|t:|1667655689\n|move|p2a: Toxtricity|Overdrive|p1a: Registeel\n|-crit|p1a: Registeel\n|-damage|p1a: Registeel|141\/268 slp\n|cant|p1a: Registeel|slp\n|move|p1a: Registeel|Sleep Talk|p1a: Registeel\n|move|p1a: Registeel|Curse|p1a: Registeel|[from]move: Sleep Talk\n|-unboost|p1a: Registeel|spe|1\n|-boost|p1a: Registeel|atk|1\n|-boost|p1a: Registeel|def|1\n|\n|-heal|p1a: Registeel|157\/268 slp|[from] item: Leftovers\n|upkeep\n|turn|28\n|\n|t:|1667655692\n|move|p2a: Toxtricity|Overdrive|p1a: Registeel\n|-damage|p1a: Registeel|78\/268 slp\n|cant|p1a: Registeel|slp\n|move|p1a: Registeel|Sleep Talk|p1a: Registeel\n|move|p1a: Registeel|Curse|p1a: Registeel|[from]move: Sleep Talk\n|-unboost|p1a: Registeel|spe|1\n|-boost|p1a: Registeel|atk|1\n|-boost|p1a: Registeel|def|1\n|\n|-heal|p1a: Registeel|94\/268 slp|[from] item: Leftovers\n|upkeep\n|turn|29\n|c|@XPSH|\u4f60\u8fd9Miss\u8981\u547d\u4e86\n|\n|t:|1667655701\n|-start|p2a: Toxtricity|Dynamax|\n|-heal|p2a: Toxtricity|450\/514|[silent]\n|move|p2a: Toxtricity|Max Lightning|p1a: Registeel\n|-damage|p1a: Registeel|1\/268 slp\n|-fieldstart|move: Electric Terrain\n|-curestatus|p1a: Registeel|slp|[msg]\n|move|p1a: Registeel|Rest||[still]\n|-activate|p1a: Registeel|move: Electric Terrain\n|-fail|p1a: Registeel\n|\n|-heal|p1a: Registeel|17\/268|[from] item: Leftovers\n|upkeep\n|turn|30\n|c|\u2606gostop|\u54c8\u54c8\n|c|\u2606The shy missing|ggggg\n|\n|t:|1667655721\n|move|p2a: Toxtricity|Max Lightning|p1a: Registeel\n|-damage|p1a: Registeel|0 fnt\n|faint|p1a: Registeel\n|\n|win|gostop\n|c|\u2606The shy missing|\u8fd8\u6709\u4e00\u4e2a\u662f\u5565\n|c|@XPSH|\u5e05\n|c|@XPSH|3-0 +0\n|l|@XPSH\n|c|\u2606The shy missing|\u6211\u611f\u89c9\u8fd9\u4e24\u628a\u6709\u673a\u4f1a\n|j|@XPSH\n|c|\u2606The shy missing|g\u4e86\n|c|\u2606The shy missing|\u7b2c\u4e00\u628a\u662f\u771f\u7edd\u671b\n","inputlog":">version eedcf082da675110d16497d5c6926103d6e622ae\n>version-origin 3918ebd609a2bd57e0326bf76fca79306b37a61f\n>start {\"formatid\":\"gen8monotyperandombattle\",\"seed\":[26504,41965,4640,41535]}\n>player p1 {\"name\":\"The shy missing\",\"avatar\":\"medium\",\"rating\":0,\"seed\":[20496,46136,7049,30657]}\n>player p2 {\"name\":\"gostop\",\"avatar\":\"cplp2022angelotto.png\",\"rating\":0,\"seed\":[2437,49543,62903,20648]}\n>p1 switch 2\n>p2 move substitute\n>p1 move rapidspin\n>p2 switch 6\n>p1 switch 4\n>p2 switch 6\n>chat @XPSH|t\n>p1 move stealthrock\n>p2 switch 4\n>p1 move toxic\n>p2 move earthquake\n>p1 switch 5\n>p2 move earthquake\n>p1 move rockpolish\n>p2 switch 4\n>p1 switch 4\n>p2 move voltswitch\n>p1 move rapidspin\n>p2 move explosion\n>p2 switch 4\n>chat @XPSH|\u6025\u6025\u6025\n>p1 switch 3\n>p2 move boltbeak\n>p1 switch 3\n>p2 switch 2\n>p1 switch 6\n>p2 move nastyplot\n>chat \u2606The shy missing|\u611f\u89c9\u8981\u88ab\u5243\u5149\u5934\u4e86\n>p1 move closecombat\n>p2 move thunderbolt\n>p1 switch 2\n>p1 move closecombat\n>p2 move thunderbolt\n>p2 switch 6\n>chat \u2606gostop|mu\u7684\u5389\u5bb3\n>chat \u2606gostop|\u4e0d\u597d\u6253\n>chat \u2606gostop|\u5c3d\u529b\u4e86\n>p1 move extremespeed\n>p2 move thunderbolt\n>p1 switch 4\n>chat \u2606The shy missing|\u80fd\u4e0d\u80fd\u7ed9\u6211\u6765\u4e2amiss\n>p1 switch 5\n>p2 move thunderbolt\n>p1 move ironhead\n>p2 move thunderbolt\n>p1 switch 5\n>p1 move rockpolish\n>p2 move thunderbolt\n>chat \u2606The shy missing|g\n>chat \u2606The shy missing|\u4f60\u540e\u6392\u662f\u5565 \u6211\u770b\u770b\n>chat \u2606The shy missing|\u8fd9\u628a\u6ca1\u4e86\n>p1 move headsmash dynamax\n>p2 move thunderbolt\n>chat \u2606The shy missing|\u4e0d\u5bf9\n>chat \u2606The shy missing|\u6211\u662f\u4e0d\u662f\n>chat \u2606The shy missing|\u6709\u70b9\u673a\u4f1a\n>chat \u2606gostop|\u662f\u554a\n>chat \u2606The shy missing|\u522b\u6765\u6d17\u8863\u673a\u6c42\u4f60\u4e86\n>chat \u2606gostop|\u6211\u89c9\u5f97\u4f60\u80fd\u8d62\u5176\u5b9e\n>p2 switch 2\n>p1 move headsmash dynamax\n>p2 move earthquake\n>p1 switch 6\n>p1 move earthquake\n>p2 move earthquake\n>chat &WwlWss|\u8fd9\u662f\u6bd4\u8d5b\u5417\n>p1 switch 3\n>chat \u2606gostop|\u662f\n>p1 move curse\n>p2 move earthquake\n>chat &WwlWss|\u6bd4rb\uff1f\n>p2 switch 3\n>p1 move rest\n>p2 move overdrive\n>p1 move sleeptalk\n>p2 move overdrive\n>p1 move sleeptalk\n>p2 move overdrive\n>p1 move rest\n>p2 move overdrive\n>p1 move sleeptalk\n>p2 move overdrive\n>p1 move sleeptalk\n>p2 move overdrive\n>chat @XPSH|\u4f60\u8fd9Miss\u8981\u547d\u4e86\n>p1 move rest\n>p2 move overdrive dynamax\n>chat \u2606gostop|\u54c8\u54c8\n>chat \u2606The shy missing|ggggg\n>p1 move ironhead\n>p2 move overdrive dynamax","uploadtime":1667655999,"views":6,"p1id":"theshymissing","p2id":"gostop","formatid":"gen8monotyperandombattle","rating":0,"private":0,"password":null}