{"id":"china-gen6ou-500422","p1":"swordsman.n","p2":"vusty fans3","format":"gen6ou","log":"|j|\u2606swordsman.n\n|j|\u2606vusty fans3\n|t:|1623478335\n|gametype|singles\n|player|p1|swordsman.n|caitlin|\n|player|p2|vusty fans3|vustyfans3.png|\n|teamsize|p1|6\n|teamsize|p2|6\n|gen|6\n|tier|[Gen 6] OU\n|rule|Sleep Clause Mod: Limit one foe put to sleep\n|rule|Species Clause: Limit one of each Pok\u00e9mon\n|rule|OHKO Clause: OHKO moves are banned\n|rule|Moody Clause: Moody is banned\n|rule|Evasion Moves Clause: Evasion moves are banned\n|rule|Endless Battle Clause: Forcing endless battles is banned\n|rule|HP Percentage Mod: HP is shown in percentages\n|rule|Swagger Clause: Swagger is banned\n|clearpoke\n|poke|p1|Slowbro, M|item\n|poke|p1|Excadrill, F|item\n|poke|p1|Serperior, F|item\n|poke|p1|Heracross, F|item\n|poke|p1|Heatran, M|item\n|poke|p1|Tyranitar, M|item\n|poke|p2|Suicune|item\n|poke|p2|Ferrothorn, F|item\n|poke|p2|Metagross|item\n|poke|p2|Clefable, M|item\n|poke|p2|Landorus-Therian, M|item\n|poke|p2|Latios, M|item\n|teampreview\n|j| SvvordsnnaM\n|j| different12345\n|l| different12345\n|\n|t:|1623478380\n|start\n|switch|p1a: Slowbro|Slowbro, M|100\/100\n|switch|p2a: Metagross|Metagross, shiny|100\/100\n|turn|1\n|\n|t:|1623478406\n|switch|p2a: Clefable|Clefable, M|100\/100\n|move|p1a: Slowbro|Scald|p2a: Clefable\n|-damage|p2a: Clefable|75\/100\n|-status|p2a: Clefable|brn\n|\n|-heal|p2a: Clefable|81\/100 brn|[from] item: Leftovers\n|upkeep\n|turn|2\n|j| Nobeta\n|\n|t:|1623478438\n|switch|p2a: Suicune|Suicune|100\/100\n|-ability|p2a: Suicune|Pressure\n|switch|p1a: Heatran|Heatran, M|100\/100\n|\n|upkeep\n|turn|3\n|\n|t:|1623478454\n|move|p1a: Heatran|Toxic|p2a: Suicune\n|-status|p2a: Suicune|tox\n|move|p2a: Suicune|Substitute|p2a: Suicune\n|-start|p2a: Suicune|Substitute\n|-damage|p2a: Suicune|75\/100 tox\n|\n|-heal|p2a: Suicune|82\/100 tox|[from] item: Leftovers\n|-damage|p2a: Suicune|75\/100 tox|[from] psn\n|upkeep\n|turn|4\n|\n|t:|1623478463\n|move|p1a: Heatran|Taunt|p2a: Suicune\n|-start|p2a: Suicune|move: Taunt\n|cant|p2a: Suicune|move: Taunt|Calm Mind\n|\n|-heal|p2a: Suicune|82\/100 tox|[from] item: Leftovers\n|-damage|p2a: Suicune|69\/100 tox|[from] psn\n|upkeep\n|turn|5\n|\n|t:|1623478473\n|switch|p1a: Serperior|Serperior, F|100\/100\n|switch|p2a: Latios|Latios, M|100\/100\n|\n|upkeep\n|turn|6\n|\n|t:|1623478509\n|switch|p2a: Ferrothorn|Ferrothorn, F|100\/100\n|move|p1a: Serperior|Glare|p2a: Ferrothorn\n|-status|p2a: Ferrothorn|par\n|\n|upkeep\n|turn|7\n|\n|t:|1623478515\n|move|p1a: Serperior|Leaf Storm|p2a: Ferrothorn\n|-resisted|p2a: Ferrothorn\n|-damage|p2a: Ferrothorn|93\/100 par\n|-boost|p1a: Serperior|spa|2\n|move|p2a: Ferrothorn|Spikes|p1a: Serperior\n|-sidestart|p1: swordsman.n|Spikes\n|\n|-heal|p2a: Ferrothorn|99\/100 par|[from] item: Leftovers\n|upkeep\n|turn|8\n|\n|t:|1623478531\n|switch|p2a: Latios|Latios, M|100\/100\n|move|p1a: Serperior|Leaf Storm|p2a: Latios\n|-resisted|p2a: Latios\n|-damage|p2a: Latios|56\/100\n|-boost|p1a: Serperior|spa|2\n|\n|upkeep\n|turn|9\n|\n|t:|1623478538\n|move|p1a: Serperior|Dragon Pulse|p2a: Latios\n|-supereffective|p2a: Latios\n|-damage|p2a: Latios|0 fnt\n|faint|p2a: Latios\n|\n|upkeep\n|\n|t:|1623478542\n|switch|p2a: Landorus|Landorus-Therian, M|100\/100\n|-ability|p2a: Landorus|Intimidate|boost\n|-boost|p1a: Serperior|atk|1\n|turn|10\n|\n|t:|1623478548\n|move|p2a: Landorus|U-turn|p1a: Serperior\n|-supereffective|p1a: Serperior\n|-damage|p1a: Serperior|41\/100\n|\n|t:|1623478553\n|switch|p2a: Ferrothorn|Ferrothorn, F|99\/100 par|[from]move: U-turn\n|move|p1a: Serperior|Leaf Storm|p2a: Ferrothorn\n|-resisted|p2a: Ferrothorn\n|-damage|p2a: Ferrothorn|75\/100 par\n|-boost|p1a: Serperior|spa|2\n|\n|-heal|p1a: Serperior|47\/100|[from] item: Leftovers\n|-heal|p2a: Ferrothorn|81\/100 par|[from] item: Leftovers\n|upkeep\n|turn|11\n|j|\u265aGDW yuudachi\n|\n|t:|1623478563\n|move|p1a: Serperior|Hidden Power|p2a: Ferrothorn\n|-supereffective|p2a: Ferrothorn\n|-damage|p2a: Ferrothorn|0 fnt\n|faint|p2a: Ferrothorn\n|\n|-heal|p1a: Serperior|53\/100|[from] item: Leftovers\n|upkeep\n|\n|t:|1623478569\n|switch|p2a: Landorus|Landorus-Therian, M|100\/100\n|-ability|p2a: Landorus|Intimidate|boost\n|-boost|p1a: Serperior|atk|1\n|turn|12\n|\n|t:|1623478581\n|switch|p1a: Slowbro|Slowbro, M|100\/100\n|-damage|p1a: Slowbro|88\/100|[from] Spikes\n|move|p2a: Landorus|U-turn|p1a: Slowbro\n|-supereffective|p1a: Slowbro\n|-damage|p1a: Slowbro|55\/100\n|\n|t:|1623478587\n|switch|p2a: Clefable|Clefable, M|81\/100 brn|[from]move: U-turn\n|\n|-heal|p2a: Clefable|87\/100 brn|[from] item: Leftovers\n|-heal|p1a: Slowbro|61\/100|[from] item: Leftovers\n|upkeep\n|turn|13\n|\n|t:|1623478596\n|switch|p1a: Excadrill|Excadrill, F|100\/100\n|-damage|p1a: Excadrill|88\/100|[from] Spikes\n|move|p2a: Clefable|Calm Mind|p2a: Clefable\n|-boost|p2a: Clefable|spa|1\n|-boost|p2a: Clefable|spd|1\n|\n|-heal|p1a: Excadrill|94\/100|[from] item: Leftovers\n|-heal|p2a: Clefable|93\/100 brn|[from] item: Leftovers\n|upkeep\n|turn|14\n|\n|t:|1623478605\n|switch|p2a: Landorus|Landorus-Therian, M|100\/100\n|-ability|p2a: Landorus|Intimidate|boost\n|-unboost|p1a: Excadrill|atk|1\n|move|p1a: Excadrill|Iron Head|p2a: Landorus\n|-damage|p2a: Landorus|67\/100\n|\n|-heal|p1a: Excadrill|100\/100|[from] item: Leftovers\n|upkeep\n|turn|15\n|\n|t:|1623478614\n|switch|p1a: Slowbro|Slowbro, M|94\/100\n|-damage|p1a: Slowbro|82\/100|[from] Spikes\n|move|p2a: Landorus|U-turn|p1a: Slowbro\n|-supereffective|p1a: Slowbro\n|-damage|p1a: Slowbro|49\/100\n|\n|t:|1623478624\n|switch|p2a: Suicune|Suicune|69\/100 tox|[from]move: U-turn\n|-ability|p2a: Suicune|Pressure\n|\n|-heal|p2a: Suicune|75\/100 tox|[from] item: Leftovers\n|-heal|p1a: Slowbro|55\/100|[from] item: Leftovers\n|-damage|p2a: Suicune|69\/100 tox|[from] psn\n|upkeep\n|turn|16\n|\n|t:|1623478654\n|switch|p1a: Serperior|Serperior, F|53\/100\n|-damage|p1a: Serperior|41\/100|[from] Spikes\n|move|p2a: Suicune|Calm Mind|p2a: Suicune\n|-boost|p2a: Suicune|spa|1\n|-boost|p2a: Suicune|spd|1\n|\n|-heal|p1a: Serperior|47\/100|[from] item: Leftovers\n|-heal|p2a: Suicune|75\/100 tox|[from] item: Leftovers\n|-damage|p2a: Suicune|63\/100 tox|[from] psn\n|upkeep\n|turn|17\n|\n|t:|1623478664\n|move|p1a: Serperior|Leaf Storm|p2a: Suicune\n|-supereffective|p2a: Suicune\n|-damage|p2a: Suicune|18\/100 tox\n|-boost|p1a: Serperior|spa|2\n|move|p2a: Suicune|Scald|p1a: Serperior\n|-resisted|p1a: Serperior\n|-damage|p1a: Serperior|24\/100\n|-status|p1a: Serperior|brn\n|\n|-heal|p1a: Serperior|31\/100 brn|[from] item: Leftovers\n|-heal|p2a: Suicune|24\/100 tox|[from] item: Leftovers\n|-damage|p2a: Suicune|6\/100 tox|[from] psn\n|-damage|p1a: Serperior|18\/100 brn|[from] brn\n|upkeep\n|turn|18\n|\n|t:|1623478678\n|move|p1a: Serperior|Dragon Pulse|p2a: Suicune\n|-damage|p2a: Suicune|0 fnt\n|faint|p2a: Suicune\n|\n|-heal|p1a: Serperior|24\/100 brn|[from] item: Leftovers\n|-damage|p1a: Serperior|12\/100 brn|[from] brn\n|upkeep\n|\n|t:|1623478680\n|switch|p2a: Landorus|Landorus-Therian, M|67\/100\n|-ability|p2a: Landorus|Intimidate|boost\n|-boost|p1a: Serperior|atk|1\n|turn|19\n|\n|t:|1623478697\n|move|p2a: Landorus|U-turn|p1a: Serperior\n|-supereffective|p1a: Serperior\n|-damage|p1a: Serperior|0 fnt\n|faint|p1a: Serperior\n|j| lI123\n|\n|t:|1623478700\n|switch|p2a: Metagross|Metagross, shiny|100\/100|[from]move: U-turn\n|\n|upkeep\n|c| lI123|123456\n|\n|t:|1623478717\n|switch|p1a: Slowbro|Slowbro, M|89\/100\n|-damage|p1a: Slowbro|76\/100|[from] Spikes\n|turn|20\n|\n|t:|1623478725\n|detailschange|p2a: Metagross|Metagross-Mega, shiny\n|-mega|p2a: Metagross|Metagross|Metagrossite\n|move|p2a: Metagross|Thunder Punch|p1a: Slowbro\n|-supereffective|p1a: Slowbro\n|-damage|p1a: Slowbro|35\/100\n|move|p1a: Slowbro|Scald|p2a: Metagross\n|-damage|p2a: Metagross|72\/100\n|-status|p2a: Metagross|brn\n|\n|-heal|p1a: Slowbro|41\/100|[from] item: Leftovers\n|-damage|p2a: Metagross|60\/100 brn|[from] brn\n|upkeep\n|turn|21\n|\n|t:|1623478736\n|move|p2a: Metagross|Stealth Rock|p1a: Slowbro\n|-sidestart|p1: swordsman.n|move: Stealth Rock\n|move|p1a: Slowbro|Slack Off|p1a: Slowbro\n|-heal|p1a: Slowbro|91\/100\n|\n|-heal|p1a: Slowbro|97\/100|[from] item: Leftovers\n|-damage|p2a: Metagross|48\/100 brn|[from] brn\n|upkeep\n|turn|22\n|c|\u265aGDW yuudachi|\u9b3c\u706b\uff1f\n|\n|t:|1623478745\n|switch|p2a: Clefable|Clefable, M|93\/100 brn\n|switch|p1a: Excadrill|Excadrill, F|100\/100\n|-damage|p1a: Excadrill|98\/100|[from] Stealth Rock\n|-damage|p1a: Excadrill|85\/100|[from] Spikes\n|\n|-heal|p1a: Excadrill|91\/100|[from] item: Leftovers\n|-heal|p2a: Clefable|99\/100 brn|[from] item: Leftovers\n|upkeep\n|turn|23\n|\n|t:|1623478756\n|move|p1a: Excadrill|Rapid Spin|p2a: Clefable\n|-damage|p2a: Clefable|94\/100 brn\n|-sideend|p1: swordsman.n|Spikes|[from] move: Rapid Spin|[of] p1a: Excadrill\n|-sideend|p1: swordsman.n|Stealth Rock|[from] move: Rapid Spin|[of] p1a: Excadrill\n|move|p2a: Clefable|Ice Beam|p1a: Excadrill\n|-damage|p1a: Excadrill|68\/100\n|\n|-heal|p1a: Excadrill|74\/100|[from] item: Leftovers\n|-heal|p2a: Clefable|99\/100 brn|[from] item: Leftovers\n|upkeep\n|turn|24\n|\n|t:|1623478765\n|switch|p2a: Landorus|Landorus-Therian, M|67\/100\n|-ability|p2a: Landorus|Intimidate|boost\n|-unboost|p1a: Excadrill|atk|1\n|move|p1a: Excadrill|Iron Head|p2a: Landorus\n|-damage|p2a: Landorus|34\/100\n|\n|-heal|p1a: Excadrill|80\/100|[from] item: Leftovers\n|upkeep\n|turn|25\n|\n|t:|1623478777\n|switch|p1a: Heracross|Heracross, F|100\/100\n|move|p2a: Landorus|Earthquake|p1a: Heracross\n|-resisted|p1a: Heracross\n|-damage|p1a: Heracross|57\/100\n|\n|upkeep\n|turn|26\n|\n|t:|1623478800\n|switch|p2a: Clefable|Clefable, M|99\/100 brn\n|detailschange|p1a: Heracross|Heracross-Mega, F\n|-mega|p1a: Heracross|Heracross|Heracronite\n|move|p1a: Heracross|Rock Blast|p2a: Clefable\n|-damage|p2a: Clefable|91\/100 brn\n|-damage|p2a: Clefable|81\/100 brn\n|-damage|p2a: Clefable|70\/100 brn\n|-damage|p2a: Clefable|61\/100 brn\n|-damage|p2a: Clefable|52\/100 brn\n|-hitcount|p2a: Clefable|5\n|\n|-heal|p2a: Clefable|58\/100 brn|[from] item: Leftovers\n|upkeep\n|turn|27\n|\n|t:|1623478812\n|switch|p1a: Excadrill|Excadrill, F|80\/100\n|move|p2a: Clefable|Soft-Boiled|p2a: Clefable\n|-heal|p2a: Clefable|100\/100 brn\n|\n|-heal|p1a: Excadrill|87\/100|[from] item: Leftovers\n|upkeep\n|turn|28\n|\n|t:|1623478819\n|switch|p2a: Metagross|Metagross-Mega, shiny|48\/100 brn\n|move|p1a: Excadrill|Iron Head|p2a: Metagross\n|-resisted|p2a: Metagross\n|-damage|p2a: Metagross|31\/100 brn\n|\n|-heal|p1a: Excadrill|93\/100|[from] item: Leftovers\n|-damage|p2a: Metagross|18\/100 brn|[from] brn\n|upkeep\n|turn|29\n|\n|t:|1623478840\n|switch|p1a: Tyranitar|Tyranitar, M|100\/100\n|-weather|Sandstorm|[from] ability: Sand Stream|[of] p1a: Tyranitar\n|move|p2a: Metagross|Stealth Rock|p1a: Tyranitar\n|-sidestart|p1: swordsman.n|move: Stealth Rock\n|\n|-weather|Sandstorm|[upkeep]\n|-damage|p2a: Metagross|6\/100 brn|[from] brn\n|upkeep\n|turn|30\n|\n|t:|1623478848\n|move|p2a: Metagross|Meteor Mash|p1a: Tyranitar\n|-supereffective|p1a: Tyranitar\n|-damage|p1a: Tyranitar|57\/100\n|move|p1a: Tyranitar|Stealth Rock|p2a: Metagross\n|-sidestart|p2: vusty fans3|move: Stealth Rock\n|\n|-weather|Sandstorm|[upkeep]\n|-damage|p2a: Metagross|0 fnt|[from] brn\n|faint|p2a: Metagross\n|upkeep\n|\n|t:|1623478863\n|switch|p2a: Landorus|Landorus-Therian, M|34\/100\n|-damage|p2a: Landorus|22\/100|[from] Stealth Rock\n|-ability|p2a: Landorus|Intimidate|boost\n|-unboost|p1a: Tyranitar|atk|1\n|turn|31\n|\n|t:|1623478875\n|move|p2a: Landorus|Earthquake|p1a: Tyranitar\n|-supereffective|p1a: Tyranitar\n|-damage|p1a: Tyranitar|0 fnt\n|faint|p1a: Tyranitar\n|\n|-weather|Sandstorm|[upkeep]\n|upkeep\n|\n|t:|1623478879\n|switch|p1a: Excadrill|Excadrill, F|93\/100\n|-damage|p1a: Excadrill|90\/100|[from] Stealth Rock\n|turn|32\n|\n|t:|1623478883\n|move|p1a: Excadrill|Iron Head|p2a: Landorus\n|-damage|p2a: Landorus|0 fnt\n|faint|p2a: Landorus\n|\n|-weather|Sandstorm|[upkeep]\n|-heal|p1a: Excadrill|96\/100|[from] item: Leftovers\n|upkeep\n|\n|t:|1623478885\n|switch|p2a: Clefable|Clefable, M|100\/100 brn\n|turn|33\n|\n|t:|1623478890\n|move|p1a: Excadrill|Iron Head|p2a: Clefable\n|-supereffective|p2a: Clefable\n|-damage|p2a: Clefable|37\/100 brn\n|move|p2a: Clefable|Ice Beam|p1a: Excadrill\n|-damage|p1a: Excadrill|70\/100\n|\n|-weather|none\n|-heal|p1a: Excadrill|77\/100|[from] item: Leftovers\n|-heal|p2a: Clefable|43\/100 brn|[from] item: Leftovers\n|upkeep\n|turn|34\n|\n|t:|1623478899\n|move|p1a: Excadrill|Iron Head|p2a: Clefable\n|-supereffective|p2a: Clefable\n|-damage|p2a: Clefable|0 fnt\n|faint|p2a: Clefable\n|\n|win|swordsman.n\n|l|\u2606vusty fans3\n","uploadtime":1623478909,"views":77,"p1id":"swordsmann","p2id":"vustyfans3","formatid":"gen6ou","rating":0,"private":0,"password":null}