{"id":"china-gen8ou-374327","p1":"sadongxi","p2":"Swordsman.N","format":"gen8ou","log":"|j|\u2606sadongxi\n|j|\u2606Swordsman.N\n|t:|1615691768\n|player|p1|sadongxi|sadongxi.png|\n|player|p2|Swordsman.N|249|\n|teamsize|p1|6\n|teamsize|p2|6\n|gametype|singles\n|gen|8\n|tier|[Gen 8] OU\n|clearpoke\n|poke|p1|Kartana|\n|poke|p1|Togekiss, F|\n|poke|p1|Heatran, M|\n|poke|p1|Garchomp, F|\n|poke|p1|Slowking, M|\n|poke|p1|Mandibuzz, F|\n|poke|p2|Mandibuzz, F|\n|poke|p2|Tapu Koko|\n|poke|p2|Victini|\n|poke|p2|Nidoking, M|\n|poke|p2|Scizor, F|\n|poke|p2|Slowking, F|\n|rule|Sleep Clause Mod: Limit one foe put to sleep\n|rule|Species Clause: Limit one of each Pok\u00e9mon\n|rule|OHKO Clause: OHKO moves are banned\n|rule|Evasion Moves Clause: Evasion moves are banned\n|rule|Endless Battle Clause: Forcing endless battles is banned\n|rule|HP Percentage Mod: HP is shown in percentages\n|rule|Dynamax Clause: You cannot dynamax\n|teampreview\n|j| lunan0713\n|\n|t:|1615691806\n|start\n|switch|p1a: Garchomp|Garchomp, F|100\/100\n|switch|p2a: Slowking|Slowking, F|100\/100\n|turn|1\n|\n|t:|1615691816\n|move|p1a: Garchomp|Toxic|p2a: Slowking\n|-status|p2a: Slowking|tox\n|move|p2a: Slowking|Scald|p1a: Garchomp\n|-damage|p1a: Garchomp|76\/100\n|-status|p1a: Garchomp|brn\n|\n|-damage|p1a: Garchomp|70\/100 brn|[from] brn\n|-damage|p2a: Slowking|94\/100 tox|[from] psn\n|upkeep\n|turn|2\n|\n|t:|1615691832\n|move|p1a: Garchomp|Stealth Rock|p2a: Slowking\n|-sidestart|p2: Swordsman.N|move: Stealth Rock\n|move|p2a: Slowking|Future Sight|p1a: Garchomp\n|-start|p2a: Slowking|move: Future Sight\n|\n|-damage|p1a: Garchomp|64\/100 brn|[from] brn\n|-damage|p2a: Slowking|82\/100 tox|[from] psn\n|upkeep\n|turn|3\n|\n|t:|1615691840\n|switch|p1a: Mandibuzz|Mandibuzz, F|100\/100\n|move|p2a: Slowking|Teleport|p2a: Slowking\n|\n|t:|1615691861\n|switch|p2a: Nidoking|Nidoking, M|100\/100|[from]move: Teleport\n|-damage|p2a: Nidoking|95\/100|[from] Stealth Rock\n|\n|upkeep\n|turn|4\n|\n|t:|1615691883\n|switch|p1a: Slowking|Slowking, M|100\/100\n|move|p2a: Nidoking|Thunderbolt|p1a: Slowking\n|-supereffective|p1a: Slowking\n|-damage|p1a: Slowking|52\/100\n|\n|-end|p1a: Slowking|move: Future Sight\n|-resisted|p1a: Slowking\n|-damage|p1a: Slowking|39\/100\n|upkeep\n|turn|5\n|\n|t:|1615691911\n|switch|p1a: Garchomp|Garchomp, F|64\/100 brn\n|move|p2a: Nidoking|Earth Power|p1a: Garchomp\n|-damage|p1a: Garchomp|5\/100 brn\n|\n|-damage|p1a: Garchomp|0 fnt|[from] brn\n|faint|p1a: Garchomp\n|upkeep\n|\n|t:|1615691921\n|switch|p1a: Kartana|Kartana|100\/100\n|turn|6\n|\n|t:|1615691935\n|switch|p2a: Mandibuzz|Mandibuzz, F|100\/100\n|move|p1a: Kartana|Knock Off|p2a: Mandibuzz\n|-resisted|p2a: Mandibuzz\n|-damage|p2a: Mandibuzz|83\/100\n|-enditem|p2a: Mandibuzz|Heavy-Duty Boots|[from] move: Knock Off|[of] p1a: Kartana\n|\n|upkeep\n|turn|7\n|\n|t:|1615691955\n|switch|p1a: Togekiss|Togekiss, F|100\/100\n|move|p2a: Mandibuzz|Defog|p1a: Togekiss\n|-unboost|p1a: Togekiss|evasion|1\n|-sideend|p2: Swordsman.N|Stealth Rock|[from] move: Defog|[of] p2a: Mandibuzz\n|\n|upkeep\n|turn|8\n|\n|t:|1615691971\n|switch|p1a: Heatran|Heatran, M|100\/100\n|switch|p2a: Nidoking|Nidoking, M|95\/100\n|\n|upkeep\n|turn|9\n|\n|t:|1615692002\n|switch|p2a: Slowking|Slowking, F|100\/100 tox\n|move|p1a: Heatran|Earth Power|p2a: Slowking\n|-damage|p2a: Slowking|80\/100 tox\n|\n|-damage|p2a: Slowking|74\/100 tox|[from] psn\n|upkeep\n|turn|10\n|\n|t:|1615692015\n|switch|p1a: Slowking|Slowking, M|73\/100\n|move|p2a: Slowking|Teleport|p2a: Slowking\n|\n|t:|1615692020\n|switch|p2a: Tapu Koko|Tapu Koko|100\/100|[from]move: Teleport\n|-fieldstart|move: Electric Terrain|[from] ability: Electric Surge|[of] p2a: Tapu Koko\n|\n|upkeep\n|turn|11\n|\n|t:|1615692039\n|switch|p1a: Kartana|Kartana|100\/100\n|move|p2a: Tapu Koko|Thunderbolt|p1a: Kartana\n|-resisted|p1a: Kartana\n|-damage|p1a: Kartana|26\/100\n|\n|upkeep\n|turn|12\n|\n|t:|1615692087\n|switch|p2a: Mandibuzz|Mandibuzz, F|83\/100\n|move|p1a: Kartana|Leaf Blade|p2a: Mandibuzz\n|-resisted|p2a: Mandibuzz\n|-damage|p2a: Mandibuzz|55\/100\n|\n|upkeep\n|turn|13\n|\n|t:|1615692101\n|switch|p1a: Togekiss|Togekiss, F|100\/100\n|move|p2a: Mandibuzz|Roost|p2a: Mandibuzz\n|-heal|p2a: Mandibuzz|100\/100\n|-singleturn|p2a: Mandibuzz|move: Roost\n|\n|upkeep\n|turn|14\n|\n|t:|1615692111\n|switch|p2a: Tapu Koko|Tapu Koko|100\/100\n|move|p1a: Togekiss|Air Slash|p2a: Tapu Koko\n|-resisted|p2a: Tapu Koko\n|-damage|p2a: Tapu Koko|74\/100\n|\n|-fieldend|move: Electric Terrain\n|upkeep\n|turn|15\n|\n|t:|1615692117\n|move|p1a: Togekiss|Air Slash|p2a: Tapu Koko\n|-resisted|p2a: Tapu Koko\n|-damage|p2a: Tapu Koko|44\/100\n|move|p2a: Tapu Koko|U-turn|p1a: Togekiss\n|-resisted|p1a: Togekiss\n|-damage|p1a: Togekiss|96\/100\n|\n|t:|1615692122\n|switch|p2a: Scizor|Scizor, F|100\/100|[from]move: U-turn\n|\n|upkeep\n|turn|16\n|\n|t:|1615692137\n|switch|p1a: Heatran|Heatran, M|100\/100\n|move|p2a: Scizor|Knock Off|p1a: Heatran\n|-damage|p1a: Heatran|77\/100\n|-enditem|p1a: Heatran|Leftovers|[from] move: Knock Off|[of] p2a: Scizor\n|\n|upkeep\n|turn|17\n|\n|t:|1615692158\n|switch|p2a: Slowking|Slowking, F|100\/100 tox\n|move|p1a: Heatran|Magma Storm|p2a: Slowking\n|-resisted|p2a: Slowking\n|-damage|p2a: Slowking|85\/100 tox\n|-activate|p2a: Slowking|move: Magma Storm|[of] p1a: Heatran\n|\n|-damage|p2a: Slowking|79\/100 tox|[from] psn\n|-damage|p2a: Slowking|67\/100 tox|[from] move: Magma Storm|[partiallytrapped]\n|upkeep\n|turn|18\n|\n|t:|1615692166\n|move|p1a: Heatran|Taunt|p2a: Slowking\n|-start|p2a: Slowking|move: Taunt\n|cant|p2a: Slowking|move: Taunt|Teleport\n|\n|-damage|p2a: Slowking|54\/100 tox|[from] psn\n|-damage|p2a: Slowking|42\/100 tox|[from] move: Magma Storm|[partiallytrapped]\n|upkeep\n|turn|19\n|\n|t:|1615692173\n|move|p1a: Heatran|Earth Power|p2a: Slowking\n|-damage|p2a: Slowking|21\/100 tox\n|-unboost|p2a: Slowking|spd|1\n|move|p2a: Slowking|Scald|p1a: Heatran\n|-supereffective|p1a: Heatran\n|-damage|p1a: Heatran|39\/100\n|\n|-damage|p2a: Slowking|3\/100 tox|[from] psn\n|-damage|p2a: Slowking|0 fnt|[from] move: Magma Storm|[partiallytrapped]\n|faint|p2a: Slowking\n|upkeep\n|\n|t:|1615692187\n|switch|p2a: Nidoking|Nidoking, M|95\/100\n|turn|20\n|\n|t:|1615692219\n|move|p2a: Nidoking|Stealth Rock|p1a: Heatran\n|-sidestart|p1: sadongxi|move: Stealth Rock\n|move|p1a: Heatran|Earth Power|p2a: Nidoking\n|-supereffective|p2a: Nidoking\n|-damage|p2a: Nidoking|21\/100\n|\n|upkeep\n|turn|21\n|\n|t:|1615692235\n|move|p2a: Nidoking|Thunderbolt|p1a: Heatran\n|-crit|p1a: Heatran\n|-damage|p1a: Heatran|4\/100\n|move|p1a: Heatran|Earth Power|p2a: Nidoking\n|-supereffective|p2a: Nidoking\n|-damage|p2a: Nidoking|0 fnt\n|faint|p2a: Nidoking\n|\n|upkeep\n|\n|t:|1615692247\n|switch|p2a: Tapu Koko|Tapu Koko|44\/100\n|-fieldstart|move: Electric Terrain|[from] ability: Electric Surge|[of] p2a: Tapu Koko\n|turn|22\n|\n|t:|1615692253\n|move|p2a: Tapu Koko|Thunderbolt|p1a: Heatran\n|-damage|p1a: Heatran|0 fnt\n|faint|p1a: Heatran\n|\n|upkeep\n|\n|t:|1615692272\n|switch|p1a: Togekiss|Togekiss, F|96\/100\n|-damage|p1a: Togekiss|71\/100|[from] Stealth Rock\n|turn|23\n|\n|t:|1615692292\n|switch|p2a: Mandibuzz|Mandibuzz, F|100\/100\n|move|p1a: Togekiss|Air Slash|p2a: Mandibuzz\n|-damage|p2a: Mandibuzz|72\/100\n|\n|upkeep\n|turn|24\n|\n|t:|1615692298\n|move|p1a: Togekiss|Air Slash|p2a: Mandibuzz\n|-damage|p2a: Mandibuzz|41\/100\n|cant|p2a: Mandibuzz|flinch\n|\n|upkeep\n|turn|25\n|\n|t:|1615692303\n|switch|p2a: Scizor|Scizor, F|100\/100\n|move|p1a: Togekiss|Air Slash|p2a: Scizor\n|-damage|p2a: Scizor|63\/100\n|\n|upkeep\n|turn|26\n|\n|t:|1615692312\n|switch|p1a: Mandibuzz|Mandibuzz, F|100\/100\n|move|p2a: Scizor|Knock Off|p1a: Mandibuzz\n|-resisted|p1a: Mandibuzz\n|-damage|p1a: Mandibuzz|93\/100\n|-enditem|p1a: Mandibuzz|Heavy-Duty Boots|[from] move: Knock Off|[of] p2a: Scizor\n|\n|-fieldend|move: Electric Terrain\n|upkeep\n|turn|27\n|\n|t:|1615692338\n|switch|p2a: Tapu Koko|Tapu Koko|44\/100\n|-fieldstart|move: Electric Terrain|[from] ability: Electric Surge|[of] p2a: Tapu Koko\n|move|p1a: Mandibuzz|Defog|p2a: Tapu Koko\n|-unboost|p2a: Tapu Koko|evasion|1\n|-sideend|p1: sadongxi|Stealth Rock|[from] move: Defog|[of] p1a: Mandibuzz\n|-fieldend|move: Electric Terrain\n|\n|upkeep\n|turn|28\n|\n|t:|1615692355\n|switch|p1a: Kartana|Kartana|26\/100\n|move|p2a: Tapu Koko|Roost|p2a: Tapu Koko\n|-heal|p2a: Tapu Koko|94\/100\n|-singleturn|p2a: Tapu Koko|move: Roost\n|\n|upkeep\n|turn|29\n|\n|t:|1615692390\n|move|p2a: Tapu Koko|Thunderbolt|p1a: Kartana\n|-resisted|p1a: Kartana\n|-damage|p1a: Kartana|0 fnt\n|faint|p1a: Kartana\n|\n|upkeep\n|\n|t:|1615692405\n|switch|p1a: Slowking|Slowking, M|100\/100\n|turn|30\n|\n|t:|1615692411\n|move|p2a: Tapu Koko|U-turn|p1a: Slowking\n|-supereffective|p1a: Slowking\n|-damage|p1a: Slowking|64\/100\n|\n|t:|1615692417\n|switch|p2a: Mandibuzz|Mandibuzz, F|41\/100|[from]move: U-turn\n|move|p1a: Slowking|Scald|p2a: Mandibuzz\n|-damage|p2a: Mandibuzz|17\/100\n|\n|upkeep\n|turn|31\n|j| Kamen Torchic V3\n|\n|t:|1615692427\n|move|p2a: Mandibuzz|Roost|p2a: Mandibuzz\n|-heal|p2a: Mandibuzz|67\/100\n|-singleturn|p2a: Mandibuzz|move: Roost\n|move|p1a: Slowking|Thunder Wave|p2a: Mandibuzz\n|-status|p2a: Mandibuzz|par\n|\n|upkeep\n|turn|32\n|\n|t:|1615692436\n|move|p2a: Mandibuzz|Roost|p2a: Mandibuzz\n|-heal|p2a: Mandibuzz|100\/100 par\n|-singleturn|p2a: Mandibuzz|move: Roost\n|move|p1a: Slowking|Teleport|p1a: Slowking\n|\n|t:|1615692441\n|switch|p1a: Togekiss|Togekiss, F|71\/100|[from]move: Teleport\n|\n|upkeep\n|turn|33\n|j|\u265aAllen-xia\u5bfb\u6b22\n|\n|t:|1615692460\n|move|p1a: Togekiss|Air Slash|p2a: Mandibuzz\n|-damage|p2a: Mandibuzz|70\/100 par\n|cant|p2a: Mandibuzz|par\n|\n|upkeep\n|turn|34\n|\n|t:|1615692467\n|move|p1a: Togekiss|Air Slash|p2a: Mandibuzz\n|-damage|p2a: Mandibuzz|43\/100 par\n|cant|p2a: Mandibuzz|par\n|\n|upkeep\n|turn|35\n|\n|t:|1615692472\n|move|p1a: Togekiss|Air Slash|p2a: Mandibuzz\n|-damage|p2a: Mandibuzz|14\/100 par\n|cant|p2a: Mandibuzz|flinch\n|\n|upkeep\n|turn|36\n|l|\u265aAllen-xia\u5bfb\u6b22\n|\n|t:|1615692476\n|move|p1a: Togekiss|Air Slash|p2a: Mandibuzz\n|-damage|p2a: Mandibuzz|0 fnt\n|faint|p2a: Mandibuzz\n|\n|upkeep\n|\n|t:|1615692480\n|switch|p2a: Tapu Koko|Tapu Koko|94\/100\n|-fieldstart|move: Electric Terrain|[from] ability: Electric Surge|[of] p2a: Tapu Koko\n|turn|37\n|j|\u265aAllen-xia\u5bfb\u6b22\n|\n|t:|1615692502\n|move|p1a: Togekiss|Air Slash|p2a: Tapu Koko\n|-resisted|p2a: Tapu Koko\n|-damage|p2a: Tapu Koko|64\/100\n|cant|p2a: Tapu Koko|flinch\n|\n|upkeep\n|turn|38\n|\n|t:|1615692508\n|move|p1a: Togekiss|Air Slash|p2a: Tapu Koko\n|-resisted|p2a: Tapu Koko\n|-damage|p2a: Tapu Koko|37\/100\n|cant|p2a: Tapu Koko|flinch\n|\n|upkeep\n|turn|39\n|\n|t:|1615692513\n|move|p1a: Togekiss|Air Slash|p2a: Tapu Koko\n|-resisted|p2a: Tapu Koko\n|-damage|p2a: Tapu Koko|9\/100\n|cant|p2a: Tapu Koko|flinch\n|\n|upkeep\n|turn|40\n|\n|t:|1615692519\n|switch|p2a: Scizor|Scizor, F|63\/100\n|move|p1a: Togekiss|Air Slash|p2a: Scizor\n|-damage|p2a: Scizor|28\/100\n|\n|upkeep\n|turn|41\n|c| lunan0713|KOKO\u2014\u2014\n|\n|t:|1615692539\n|switch|p1a: Mandibuzz|Mandibuzz, F|93\/100\n|move|p2a: Scizor|Bullet Punch|p1a: Mandibuzz\n|-damage|p1a: Mandibuzz|76\/100\n|\n|-fieldend|move: Electric Terrain\n|upkeep\n|turn|42\n|\n|t:|1615692554\n|move|p1a: Mandibuzz|Foul Play|p2a: Scizor\n|-damage|p2a: Scizor|0 fnt\n|faint|p2a: Scizor\n|\n|upkeep\n|\n|t:|1615692558\n|switch|p2a: Tapu Koko|Tapu Koko|9\/100\n|-fieldstart|move: Electric Terrain|[from] ability: Electric Surge|[of] p2a: Tapu Koko\n|turn|43\n|\n|t:|1615692579\n|move|p2a: Tapu Koko|Roost|p2a: Tapu Koko\n|-heal|p2a: Tapu Koko|59\/100\n|-singleturn|p2a: Tapu Koko|move: Roost\n|move|p1a: Mandibuzz|U-turn|p2a: Tapu Koko\n|-resisted|p2a: Tapu Koko\n|-damage|p2a: Tapu Koko|51\/100\n|\n|t:|1615692588\n|switch|p1a: Slowking|Slowking, M|98\/100|[from]move: U-turn\n|\n|upkeep\n|turn|44\n|\n|t:|1615692593\n|move|p2a: Tapu Koko|U-turn|p1a: Slowking\n|-supereffective|p1a: Slowking\n|-damage|p1a: Slowking|63\/100\n|\n|t:|1615692595\n|switch|p2a: Victini|Victini|100\/100|[from]move: U-turn\n|move|p1a: Slowking|Scald|p2a: Victini\n|-supereffective|p2a: Victini\n|-damage|p2a: Victini|45\/100\n|\n|upkeep\n|turn|45\n|\n|t:|1615692608\n|switch|p1a: Mandibuzz|Mandibuzz, F|76\/100\n|move|p2a: Victini|Bolt Strike|p1a: Mandibuzz|[miss]\n|-miss|p2a: Victini|p1a: Mandibuzz\n|\n|upkeep\n|turn|46\n|\n|t:|1615692616\n|move|p2a: Victini|Bolt Strike|p1a: Mandibuzz\n|-supereffective|p1a: Mandibuzz\n|-damage|p1a: Mandibuzz|16\/100\n|-status|p1a: Mandibuzz|par\n|move|p1a: Mandibuzz|Foul Play|p2a: Victini\n|-supereffective|p2a: Victini\n|-damage|p2a: Victini|0 fnt\n|faint|p2a: Victini\n|\n|upkeep\n|\n|t:|1615692623\n|switch|p2a: Tapu Koko|Tapu Koko|51\/100\n|turn|47\n|\n|t:|1615692641\n|move|p2a: Tapu Koko|Roost|p2a: Tapu Koko\n|-heal|p2a: Tapu Koko|100\/100\n|-singleturn|p2a: Tapu Koko|move: Roost\n|cant|p1a: Mandibuzz|par\n|\n|-fieldend|move: Electric Terrain\n|upkeep\n|turn|48\n|j| Metallica126\n|\n|t:|1615692660\n|move|p2a: Tapu Koko|Thunderbolt|p1a: Mandibuzz\n|-supereffective|p1a: Mandibuzz\n|-damage|p1a: Mandibuzz|0 fnt\n|faint|p1a: Mandibuzz\n|\n|upkeep\n|\n|t:|1615692664\n|switch|p1a: Slowking|Slowking, M|96\/100\n|turn|49\n|\n|t:|1615692669\n|move|p2a: Tapu Koko|Thunderbolt|p1a: Slowking\n|-supereffective|p1a: Slowking\n|-damage|p1a: Slowking|47\/100\n|move|p1a: Slowking|Scald|p2a: Tapu Koko\n|-damage|p2a: Tapu Koko|62\/100\n|\n|upkeep\n|turn|50\n|\n|t:|1615692680\n|move|p2a: Tapu Koko|Thunderbolt|p1a: Slowking\n|-supereffective|p1a: Slowking\n|-damage|p1a: Slowking|0 fnt\n|faint|p1a: Slowking\n|\n|upkeep\n|\n|t:|1615692683\n|switch|p1a: Togekiss|Togekiss, F|71\/100\n|turn|51\n|\n|t:|1615692700\n|move|p1a: Togekiss|Air Slash|p2a: Tapu Koko\n|-resisted|p2a: Tapu Koko\n|-damage|p2a: Tapu Koko|34\/100\n|cant|p2a: Tapu Koko|flinch\n|\n|upkeep\n|turn|52\n|\n|t:|1615692711\n|move|p1a: Togekiss|Air Slash|p2a: Tapu Koko\n|-resisted|p2a: Tapu Koko\n|-damage|p2a: Tapu Koko|4\/100\n|move|p2a: Tapu Koko|Thunderbolt|p1a: Togekiss\n|-supereffective|p1a: Togekiss\n|-damage|p1a: Togekiss|0 fnt\n|faint|p1a: Togekiss\n|\n|win|Swordsman.N\n","uploadtime":1615692723,"views":23,"p1id":"sadongxi","p2id":"swordsmann","formatid":"gen8ou","rating":0,"private":0,"password":null}