{"id":"china-gen7ou-1649513","p1":"DIOAVAV","p2":"EEEEEvolto\u6df1\u6eba","format":"gen7ou","log":"|j|\u2606DIOAVAV\n|j|\u2606EEEEEvolto\u6df1\u6eba\n|t:|1626400923\n|gametype|singles\n|player|p1|DIOAVAV|red|1211\n|player|p2|EEEEEvolto\u6df1\u6eba|2|1410\n|teamsize|p1|6\n|teamsize|p2|6\n|gen|7\n|tier|[Gen 7] OU\n|rated|\n|rule|Sleep Clause Mod: Limit one foe put to sleep\n|rule|Species Clause: Limit one of each Pok\u00e9mon\n|rule|OHKO Clause: OHKO moves are banned\n|rule|Moody Clause: Moody is banned\n|rule|Evasion Moves Clause: Evasion moves are banned\n|rule|Endless Battle Clause: Forcing endless battles is banned\n|rule|HP Percentage Mod: HP is shown in percentages\n|clearpoke\n|poke|p1|Lopunny, F|item\n|poke|p1|Serperior, F|item\n|poke|p1|Kommo-o, F|item\n|poke|p1|Zapdos|item\n|poke|p1|Kartana|item\n|poke|p1|Thundurus, M|item\n|poke|p2|Skarmory, M|item\n|poke|p2|Clefable, F|item\n|poke|p2|Chansey, F|item\n|poke|p2|Sableye, M|item\n|poke|p2|Toxapex, M|item\n|poke|p2|Gliscor, M|item\n|teampreview\n|\n|t:|1626400947\n|start\n|switch|p1a: Kartana|Kartana|100\/100\n|switch|p2a: Sableye|Sableye, M|100\/100\n|turn|1\n|\n|t:|1626400958\n|move|p2a: Sableye|Will-O-Wisp|p1a: Kartana\n|-status|p1a: Kartana|brn\n|move|p1a: Kartana|Swords Dance|p1a: Kartana\n|-boost|p1a: Kartana|atk|2\n|\n|-damage|p1a: Kartana|94\/100 brn|[from] brn\n|upkeep\n|turn|2\n|\n|t:|1626400963\n|detailschange|p2a: Sableye|Sableye-Mega, M\n|-mega|p2a: Sableye|Sableye|Sablenite\n|move|p2a: Sableye|Protect|p2a: Sableye\n|-singleturn|p2a: Sableye|Protect\n|move|p1a: Kartana|Swords Dance|p1a: Kartana\n|-boost|p1a: Kartana|atk|2\n|\n|-damage|p1a: Kartana|88\/100 brn|[from] brn\n|upkeep\n|turn|3\n|j| mamap4.0\n|\n|t:|1626400971\n|switch|p2a: Clefable|Clefable, F|100\/100\n|move|p1a: Kartana|Leaf Blade|p2a: Clefable\n|-crit|p2a: Clefable\n|-damage|p2a: Clefable|68\/100\n|\n|-heal|p2a: Clefable|74\/100|[from] item: Leftovers\n|-damage|p1a: Kartana|82\/100 brn|[from] brn\n|upkeep\n|turn|4\n|\n|t:|1626400976\n|move|p1a: Kartana|Smart Strike|p2a: Clefable\n|-supereffective|p2a: Clefable\n|-damage|p2a: Clefable|38\/100\n|move|p2a: Clefable|Wish|p2a: Clefable\n|\n|-heal|p2a: Clefable|44\/100|[from] item: Leftovers\n|-damage|p1a: Kartana|76\/100 brn|[from] brn\n|upkeep\n|turn|5\n|\n|t:|1626400981\n|move|p2a: Clefable|Protect|p2a: Clefable\n|-singleturn|p2a: Clefable|Protect\n|move|p1a: Kartana|Swords Dance|p1a: Kartana\n|-boost|p1a: Kartana|atk|2\n|\n|-heal|p2a: Clefable|94\/100|[from] move: Wish|[wisher] Clefable\n|-heal|p2a: Clefable|99\/100|[from] item: Leftovers\n|-damage|p1a: Kartana|70\/100 brn|[from] brn\n|upkeep\n|turn|6\n|\n|t:|1626400985\n|move|p1a: Kartana|Smart Strike|p2a: Clefable\n|-supereffective|p2a: Clefable\n|-damage|p2a: Clefable|64\/100\n|move|p2a: Clefable|Wish|p2a: Clefable\n|\n|-heal|p2a: Clefable|71\/100|[from] item: Leftovers\n|-damage|p1a: Kartana|63\/100 brn|[from] brn\n|upkeep\n|turn|7\n|\n|t:|1626400989\n|move|p1a: Kartana|Smart Strike|p2a: Clefable\n|-supereffective|p2a: Clefable\n|-damage|p2a: Clefable|38\/100\n|move|p2a: Clefable|Moonblast|p1a: Kartana\n|-resisted|p1a: Kartana\n|-damage|p1a: Kartana|11\/100 brn\n|\n|-heal|p2a: Clefable|88\/100|[from] move: Wish|[wisher] Clefable\n|-heal|p2a: Clefable|94\/100|[from] item: Leftovers\n|-damage|p1a: Kartana|5\/100 brn|[from] brn\n|upkeep\n|turn|8\n|\n|t:|1626400992\n|move|p1a: Kartana|Smart Strike|p2a: Clefable\n|-supereffective|p2a: Clefable\n|-damage|p2a: Clefable|60\/100\n|move|p2a: Clefable|Wish|p2a: Clefable\n|\n|-heal|p2a: Clefable|66\/100|[from] item: Leftovers\n|-damage|p1a: Kartana|0 fnt|[from] brn\n|faint|p1a: Kartana\n|upkeep\n|\n|t:|1626400995\n|switch|p1a: Kommo-o|Kommo-o, F|100\/100\n|turn|9\n|\n|t:|1626400999\n|switch|p1a: Thundurus|Thundurus, M|100\/100\n|move|p2a: Clefable|Moonblast|p1a: Thundurus\n|-damage|p1a: Thundurus|71\/100\n|\n|-heal|p2a: Clefable|100\/100|[from] move: Wish|[wisher] Clefable\n|upkeep\n|turn|10\n|\n|t:|1626401004\n|switch|p2a: Gliscor|Gliscor, M|100\/100\n|move|p1a: Thundurus|Thunder Wave|p2a: Gliscor\n|-immune|p2a: Gliscor\n|\n|-status|p2a: Gliscor|tox|[from] item: Toxic Orb\n|upkeep\n|turn|11\n|\n|t:|1626401009\n|move|p1a: Thundurus|Taunt|p2a: Gliscor\n|-start|p2a: Gliscor|move: Taunt\n|move|p2a: Gliscor|U-turn|p1a: Thundurus\n|-resisted|p1a: Thundurus\n|-damage|p1a: Thundurus|62\/100\n|\n|t:|1626401017\n|switch|p2a: Chansey|Chansey, F|100\/100|[from]move: U-turn\n|\n|upkeep\n|turn|12\n|\n|t:|1626401021\n|move|p1a: Thundurus|Taunt|p2a: Chansey\n|-start|p2a: Chansey|move: Taunt\n|move|p2a: Chansey|Seismic Toss|p1a: Thundurus\n|-damage|p1a: Thundurus|35\/100\n|\n|upkeep\n|turn|13\n|\n|t:|1626401024\n|switch|p2a: Gliscor|Gliscor, M|100\/100 tox\n|move|p1a: Thundurus|Swagger|p2a: Gliscor\n|-boost|p2a: Gliscor|atk|2\n|-start|p2a: Gliscor|confusion\n|\n|upkeep\n|turn|14\n|\n|t:|1626401031\n|switch|p1a: Zapdos|Zapdos|100\/100\n|-activate|p2a: Gliscor|confusion\n|move|p2a: Gliscor|U-turn|p1a: Zapdos\n|-resisted|p1a: Zapdos\n|-damage|p1a: Zapdos|81\/100\n|-damage|p2a: Gliscor|84\/100 tox|[from] item: Rocky Helmet|[of] p1a: Zapdos\n|l| mamap4.0\n|\n|t:|1626401036\n|switch|p2a: Chansey|Chansey, F|100\/100|[from]move: U-turn\n|\n|upkeep\n|turn|15\n|\n|t:|1626401041\n|switch|p1a: Kommo-o|Kommo-o, F|100\/100\n|move|p2a: Chansey|Stealth Rock|p1a: Kommo-o\n|-sidestart|p1: DIOAVAV|move: Stealth Rock\n|\n|upkeep\n|turn|16\n|\n|t:|1626401046\n|-zpower|p1a: Kommo-o\n|move|p1a: Kommo-o|Clangorous Soulblaze|p2a: Chansey|[zeffect]\n|-damage|p2a: Chansey|76\/100\n|-boost|p1a: Kommo-o|atk|1\n|-boost|p1a: Kommo-o|def|1\n|-boost|p1a: Kommo-o|spa|1\n|-boost|p1a: Kommo-o|spd|1\n|-boost|p1a: Kommo-o|spe|1\n|move|p2a: Chansey|Toxic|p1a: Kommo-o\n|-status|p1a: Kommo-o|tox\n|\n|-damage|p1a: Kommo-o|94\/100 tox|[from] psn\n|upkeep\n|turn|17\n|c|\u2606EEEEEvolto\u6df1\u6eba|\uff1f\n|\n|t:|1626401058\n|switch|p2a: Clefable|Clefable, F|100\/100\n|move|p1a: Kommo-o|Focus Blast|p2a: Clefable\n|-resisted|p2a: Clefable\n|-damage|p2a: Clefable|75\/100\n|\n|-heal|p2a: Clefable|81\/100|[from] item: Leftovers\n|-damage|p1a: Kommo-o|82\/100 tox|[from] psn\n|upkeep\n|turn|18\n|c|\u2606EEEEEvolto\u6df1\u6eba|\u9ad8\u5174\u5417\n|\n|t:|1626401064\n|move|p1a: Kommo-o|Flash Cannon|p2a: Clefable\n|-supereffective|p2a: Clefable\n|-crit|p2a: Clefable\n|-damage|p2a: Clefable|15\/100\n|move|p2a: Clefable|Wish|p2a: Clefable\n|\n|-heal|p2a: Clefable|21\/100|[from] item: Leftovers\n|-damage|p1a: Kommo-o|63\/100 tox|[from] psn\n|upkeep\n|turn|19\n|\n|t:|1626401073\n|switch|p1a: Lopunny|Lopunny, F|100\/100\n|-damage|p1a: Lopunny|88\/100|[from] Stealth Rock\n|move|p2a: Clefable|Protect||[still]\n|-fail|p2a: Clefable\n|\n|-heal|p2a: Clefable|71\/100|[from] move: Wish|[wisher] Clefable\n|-heal|p2a: Clefable|77\/100|[from] item: Leftovers\n|upkeep\n|turn|20\n|\n|t:|1626401083\n|switch|p2a: Toxapex|Toxapex, M|100\/100\n|detailschange|p1a: Lopunny|Lopunny-Mega, F\n|-mega|p1a: Lopunny|Lopunny|Lopunnite\n|move|p1a: Lopunny|Power-Up Punch|p2a: Toxapex\n|-resisted|p2a: Toxapex\n|-damage|p2a: Toxapex|92\/100\n|-boost|p1a: Lopunny|atk|1\n|\n|-heal|p2a: Toxapex|98\/100|[from] item: Black Sludge\n|upkeep\n|turn|21\n|\n|t:|1626401095\n|move|p1a: Lopunny|High Jump Kick|p2a: Toxapex\n|-resisted|p2a: Toxapex\n|-damage|p2a: Toxapex|54\/100\n|move|p2a: Toxapex|Haze|p2a: Toxapex\n|-clearallboost\n|\n|-heal|p2a: Toxapex|61\/100|[from] item: Black Sludge\n|upkeep\n|turn|22\n|\n|t:|1626401101\n|move|p1a: Lopunny|Power-Up Punch|p2a: Toxapex\n|-resisted|p2a: Toxapex\n|-damage|p2a: Toxapex|52\/100\n|-boost|p1a: Lopunny|atk|1\n|move|p2a: Toxapex|Scald|p1a: Lopunny\n|-damage|p1a: Lopunny|67\/100\n|-status|p1a: Lopunny|brn\n|\n|-heal|p2a: Toxapex|58\/100|[from] item: Black Sludge\n|-damage|p1a: Lopunny|61\/100 brn|[from] brn\n|upkeep\n|turn|23\n|\n|t:|1626401108\n|move|p1a: Lopunny|Power-Up Punch|p2a: Toxapex\n|-resisted|p2a: Toxapex\n|-damage|p2a: Toxapex|52\/100\n|-boost|p1a: Lopunny|atk|1\n|move|p2a: Toxapex|Haze|p2a: Toxapex\n|-clearallboost\n|\n|-heal|p2a: Toxapex|58\/100|[from] item: Black Sludge\n|-damage|p1a: Lopunny|55\/100 brn|[from] brn\n|upkeep\n|turn|24\n|\n|t:|1626401111\n|move|p1a: Lopunny|Return|p2a: Toxapex\n|-damage|p2a: Toxapex|37\/100\n|move|p2a: Toxapex|Recover|p2a: Toxapex\n|-heal|p2a: Toxapex|87\/100\n|\n|-heal|p2a: Toxapex|94\/100|[from] item: Black Sludge\n|-damage|p1a: Lopunny|49\/100 brn|[from] brn\n|upkeep\n|turn|25\n|\n|t:|1626401117\n|switch|p1a: Serperior|Serperior, F|100\/100\n|-damage|p1a: Serperior|88\/100|[from] Stealth Rock\n|move|p2a: Toxapex|Toxic Spikes|p1a: Serperior\n|-sidestart|p1: DIOAVAV|move: Toxic Spikes\n|\n|-heal|p1a: Serperior|94\/100|[from] item: Leftovers\n|-heal|p2a: Toxapex|99\/100|[from] item: Black Sludge\n|upkeep\n|turn|26\n|\n|t:|1626401124\n|switch|p2a: Chansey|Chansey, F|76\/100\n|move|p1a: Serperior|Leaf Storm|p2a: Chansey|[miss]\n|-miss|p1a: Serperior|p2a: Chansey\n|\n|-heal|p1a: Serperior|100\/100|[from] item: Leftovers\n|upkeep\n|turn|27\n|\n|t:|1626401129\n|move|p1a: Serperior|Leaf Storm|p2a: Chansey\n|-damage|p2a: Chansey|61\/100\n|-boost|p1a: Serperior|spa|2\n|move|p2a: Chansey|Toxic|p1a: Serperior\n|-status|p1a: Serperior|tox\n|\n|-damage|p1a: Serperior|94\/100 tox|[from] psn\n|upkeep\n|turn|28\n|\n|t:|1626401133\n|switch|p2a: Clefable|Clefable, F|77\/100\n|move|p1a: Serperior|Leaf Storm|p2a: Clefable\n|-damage|p2a: Clefable|32\/100\n|-boost|p1a: Serperior|spa|2\n|\n|-heal|p1a: Serperior|100\/100 tox|[from] item: Leftovers\n|-heal|p2a: Clefable|38\/100|[from] item: Leftovers\n|-damage|p1a: Serperior|88\/100 tox|[from] psn\n|upkeep\n|turn|29\n|\n|t:|1626401138\n|move|p2a: Clefable|Protect|p2a: Clefable\n|-singleturn|p2a: Clefable|Protect\n|move|p1a: Serperior|Leaf Storm|p2a: Clefable\n|-activate|p2a: Clefable|move: Protect\n|\n|-heal|p1a: Serperior|94\/100 tox|[from] item: Leftovers\n|-heal|p2a: Clefable|44\/100|[from] item: Leftovers\n|-damage|p1a: Serperior|76\/100 tox|[from] psn\n|upkeep\n|turn|30\n|\n|t:|1626401143\n|switch|p2a: Skarmory|Skarmory, M|100\/100\n|move|p1a: Serperior|Leaf Storm|p2a: Skarmory\n|-resisted|p2a: Skarmory\n|-damage|p2a: Skarmory|53\/100\n|-boost|p1a: Serperior|spa|2\n|\n|-heal|p1a: Serperior|82\/100 tox|[from] item: Leftovers\n|-damage|p1a: Serperior|57\/100 tox|[from] psn\n|upkeep\n|turn|31\n|\n|t:|1626401146\n|move|p1a: Serperior|Hidden Power|p2a: Skarmory\n|-damage|p2a: Skarmory|0 fnt\n|faint|p2a: Skarmory\n|\n|-heal|p1a: Serperior|63\/100 tox|[from] item: Leftovers\n|-damage|p1a: Serperior|32\/100 tox|[from] psn\n|upkeep\n|\n|t:|1626401149\n|switch|p2a: Clefable|Clefable, F|44\/100\n|turn|32\n|\n|t:|1626401152\n|move|p2a: Clefable|Protect|p2a: Clefable\n|-singleturn|p2a: Clefable|Protect\n|move|p1a: Serperior|Leaf Storm|p2a: Clefable\n|-activate|p2a: Clefable|move: Protect\n|\n|-heal|p1a: Serperior|39\/100 tox|[from] item: Leftovers\n|-heal|p2a: Clefable|50\/100|[from] item: Leftovers\n|-damage|p1a: Serperior|2\/100 tox|[from] psn\n|upkeep\n|turn|33\n|\n|t:|1626401156\n|move|p1a: Serperior|Leaf Storm|p2a: Clefable\n|-damage|p2a: Clefable|2\/100\n|move|p2a: Clefable|Wish|p2a: Clefable\n|\n|-heal|p1a: Serperior|8\/100 tox|[from] item: Leftovers\n|-heal|p2a: Clefable|8\/100|[from] item: Leftovers\n|-damage|p1a: Serperior|0 fnt|[from] psn\n|faint|p1a: Serperior\n|upkeep\n|\n|t:|1626401159\n|switch|p1a: Lopunny|Lopunny-Mega, F|49\/100 brn\n|-damage|p1a: Lopunny|43\/100 brn|[from] Stealth Rock\n|turn|34\n|\n|t:|1626401168\n|move|p2a: Clefable|Protect|p2a: Clefable\n|-singleturn|p2a: Clefable|Protect\n|move|p1a: Lopunny|Return|p2a: Clefable\n|-activate|p2a: Clefable|move: Protect\n|\n|-heal|p2a: Clefable|58\/100|[from] move: Wish|[wisher] Clefable\n|-heal|p2a: Clefable|64\/100|[from] item: Leftovers\n|-damage|p1a: Lopunny|37\/100 brn|[from] brn\n|upkeep\n|turn|35\n|\n|t:|1626401171\n|move|p1a: Lopunny|Return|p2a: Clefable\n|-damage|p2a: Clefable|44\/100\n|move|p2a: Clefable|Wish|p2a: Clefable\n|\n|-heal|p2a: Clefable|50\/100|[from] item: Leftovers\n|-damage|p1a: Lopunny|31\/100 brn|[from] brn\n|upkeep\n|turn|36\n|\n|t:|1626401174\n|switch|p1a: Zapdos|Zapdos|81\/100\n|-damage|p1a: Zapdos|56\/100|[from] Stealth Rock\n|move|p2a: Clefable|Moonblast|p1a: Zapdos\n|-damage|p1a: Zapdos|19\/100\n|\n|-heal|p2a: Clefable|99\/100|[from] move: Wish|[wisher] Clefable\n|-heal|p2a: Clefable|100\/100|[from] item: Leftovers\n|upkeep\n|turn|37\n|\n|t:|1626401176\n|move|p1a: Zapdos|Defog|p2a: Clefable\n|-unboost|p2a: Clefable|evasion|1\n|-sideend|p1: DIOAVAV|Toxic Spikes|[from] move: Defog|[of] p1a: Zapdos\n|-sideend|p1: DIOAVAV|Stealth Rock|[from] move: Defog|[of] p1a: Zapdos\n|move|p2a: Clefable|Moonblast|p1a: Zapdos\n|-damage|p1a: Zapdos|0 fnt\n|faint|p1a: Zapdos\n|\n|upkeep\n|\n|t:|1626401178\n|switch|p1a: Kommo-o|Kommo-o, F|63\/100 tox\n|turn|38\n|\n|t:|1626401181\n|move|p1a: Kommo-o|Flash Cannon|p2a: Clefable\n|-supereffective|p2a: Clefable\n|-damage|p2a: Clefable|56\/100\n|move|p2a: Clefable|Wish|p2a: Clefable\n|\n|-heal|p2a: Clefable|62\/100|[from] item: Leftovers\n|-damage|p1a: Kommo-o|57\/100 tox|[from] psn\n|upkeep\n|turn|39\n|\n|t:|1626401185\n|move|p1a: Kommo-o|Flash Cannon|p2a: Clefable\n|-supereffective|p2a: Clefable\n|-crit|p2a: Clefable\n|-damage|p2a: Clefable|0 fnt\n|faint|p2a: Clefable\n|\n|-damage|p1a: Kommo-o|45\/100 tox|[from] psn\n|upkeep\n|\n|t:|1626401189\n|switch|p2a: Gliscor|Gliscor, M|84\/100 tox\n|turn|40\n|\n|t:|1626401194\n|move|p2a: Gliscor|Earthquake|p1a: Kommo-o\n|-damage|p1a: Kommo-o|15\/100 tox\n|move|p1a: Kommo-o|Clanging Scales|p2a: Gliscor\n|-damage|p2a: Gliscor|30\/100 tox\n|-unboost|p1a: Kommo-o|def|1\n|\n|-heal|p2a: Gliscor|43\/100 tox|[from] ability: Poison Heal\n|-damage|p1a: Kommo-o|0 fnt|[from] psn\n|faint|p1a: Kommo-o\n|upkeep\n|\n|t:|1626401199\n|switch|p1a: Lopunny|Lopunny-Mega, F|31\/100 brn\n|turn|41\n|\n|t:|1626401202\n|move|p1a: Lopunny|Power-Up Punch|p2a: Gliscor\n|-resisted|p2a: Gliscor\n|-crit|p2a: Gliscor\n|-damage|p2a: Gliscor|36\/100 tox\n|-boost|p1a: Lopunny|atk|1\n|move|p2a: Gliscor|Roost|p2a: Gliscor\n|-heal|p2a: Gliscor|86\/100 tox\n|-singleturn|p2a: Gliscor|move: Roost\n|\n|-heal|p2a: Gliscor|98\/100 tox|[from] ability: Poison Heal\n|-damage|p1a: Lopunny|26\/100 brn|[from] brn\n|upkeep\n|turn|42\n|\n|t:|1626401206\n|move|p1a: Lopunny|Ice Punch|p2a: Gliscor\n|-supereffective|p2a: Gliscor\n|-damage|p2a: Gliscor|31\/100 tox\n|move|p2a: Gliscor|Earthquake|p1a: Lopunny\n|-damage|p1a: Lopunny|0 fnt\n|faint|p1a: Lopunny\n|\n|-heal|p2a: Gliscor|43\/100 tox|[from] ability: Poison Heal\n|upkeep\n|\n|t:|1626401209\n|switch|p1a: Thundurus|Thundurus, M|35\/100\n|turn|43\n|\n|t:|1626401212\n|move|p1a: Thundurus|Taunt|p2a: Gliscor\n|-start|p2a: Gliscor|move: Taunt\n|cant|p2a: Gliscor|move: Taunt|Roost\n|\n|-heal|p2a: Gliscor|56\/100 tox|[from] ability: Poison Heal\n|upkeep\n|turn|44\n|\n|t:|1626401216\n|move|p1a: Thundurus|Swagger|p2a: Gliscor\n|-boost|p2a: Gliscor|atk|2\n|-start|p2a: Gliscor|confusion\n|-activate|p2a: Gliscor|confusion\n|move|p2a: Gliscor|U-turn|p1a: Thundurus\n|-resisted|p1a: Thundurus\n|-damage|p1a: Thundurus|17\/100\n|-enditem|p1a: Thundurus|Aguav Berry|[eat]\n|-heal|p1a: Thundurus|67\/100|[from] item: Aguav Berry\n|\n|t:|1626401226\n|switch|p2a: Toxapex|Toxapex, M|100\/100|[from]move: U-turn\n|\n|upkeep\n|turn|45\n|\n|t:|1626401231\n|switch|p2a: Gliscor|Gliscor, M|56\/100 tox\n|move|p1a: Thundurus|Taunt|p2a: Gliscor\n|-start|p2a: Gliscor|move: Taunt\n|\n|-heal|p2a: Gliscor|68\/100 tox|[from] ability: Poison Heal\n|upkeep\n|turn|46\n|\n|t:|1626401234\n|move|p1a: Thundurus|Swagger|p2a: Gliscor\n|-boost|p2a: Gliscor|atk|2\n|-start|p2a: Gliscor|confusion\n|-activate|p2a: Gliscor|confusion\n|-damage|p2a: Gliscor|55\/100 tox|[from] confusion\n|\n|-heal|p2a: Gliscor|67\/100 tox|[from] ability: Poison Heal\n|upkeep\n|turn|47\n|\n|t:|1626401243\n|move|p1a: Thundurus|Swagger|p2a: Gliscor\n|-boost|p2a: Gliscor|atk|2\n|-activate|p2a: Gliscor|confusion\n|-damage|p2a: Gliscor|47\/100 tox|[from] confusion\n|\n|-heal|p2a: Gliscor|59\/100 tox|[from] ability: Poison Heal\n|-end|p2a: Gliscor|move: Taunt\n|upkeep\n|turn|48\n|\n|t:|1626401250\n|move|p1a: Thundurus|Taunt|p2a: Gliscor\n|-start|p2a: Gliscor|move: Taunt\n|-activate|p2a: Gliscor|confusion\n|move|p2a: Gliscor|U-turn|p1a: Thundurus\n|-resisted|p1a: Thundurus\n|-damage|p1a: Thundurus|40\/100\n|\n|t:|1626401256\n|switch|p2a: Chansey|Chansey, F|61\/100|[from]move: U-turn\n|\n|upkeep\n|turn|49\n|\n|t:|1626401260\n|switch|p2a: Gliscor|Gliscor, M|59\/100 tox\n|move|p1a: Thundurus|Swagger|p2a: Gliscor|[miss]\n|-miss|p1a: Thundurus|p2a: Gliscor\n|\n|-heal|p2a: Gliscor|72\/100 tox|[from] ability: Poison Heal\n|upkeep\n|turn|50\n|\n|t:|1626401267\n|move|p1a: Thundurus|Swagger|p2a: Gliscor\n|-boost|p2a: Gliscor|atk|2\n|-start|p2a: Gliscor|confusion\n|-activate|p2a: Gliscor|confusion\n|move|p2a: Gliscor|Toxic|p1a: Thundurus\n|-status|p1a: Thundurus|tox\n|\n|-heal|p2a: Gliscor|84\/100 tox|[from] ability: Poison Heal\n|-damage|p1a: Thundurus|34\/100 tox|[from] psn\n|upkeep\n|turn|51\n|\n|t:|1626401272\n|move|p1a: Thundurus|Swagger|p2a: Gliscor|[miss]\n|-miss|p1a: Thundurus|p2a: Gliscor\n|-activate|p2a: Gliscor|confusion\n|move|p2a: Gliscor|U-turn|p1a: Thundurus\n|-resisted|p1a: Thundurus\n|-damage|p1a: Thundurus|17\/100 tox\n|\n|t:|1626401276\n|switch|p2a: Chansey|Chansey, F|61\/100|[from]move: U-turn\n|\n|-damage|p1a: Thundurus|5\/100 tox|[from] psn\n|upkeep\n|turn|52\n|\n|t:|1626401281\n|switch|p2a: Toxapex|Toxapex, M|100\/100\n|move|p1a: Thundurus|Taunt|p2a: Toxapex\n|-start|p2a: Toxapex|move: Taunt\n|\n|-damage|p1a: Thundurus|0 fnt|[from] psn\n|faint|p1a: Thundurus\n|\n|win|EEEEEvolto\u6df1\u6eba\n|upkeep\n|raw|DIOAVAV's rating: 1211 &rarr; <strong>1203<\/strong><br \/>(-8 for losing)\n|raw|EEEEEvolto\u6df1\u6eba's rating: 1410 &rarr; <strong>1419<\/strong><br \/>(+9 for winning)\n|l|\u2606DIOAVAV\n","uploadtime":1626401291,"views":9,"p1id":"dioavav","p2id":"eeeeevolto","formatid":"gen7ou","rating":0,"private":0,"password":null}