{"id":"china-gen8ou-7062613","p1":"badslowking","p2":"EEEEEvolto","format":"gen8ou","log":"|uhtml|report-battle|<b>\u5c06\u5bf9\u6218\u94fe\u63a5\u516c\u5f00\u5230:<\/b> <button class=\"button\" name=\"send\" value=\"\/reportto skypillar\">Sky Pillar<\/button><button class=\"button\" name=\"send\" value=\"\/reportto shinx\">Shinx<\/button>\n|j|\u2606badslowking\n|j|\u2606EEEEEvolto\n|t:|1667113320\n|gametype|singles\n|player|p1|badslowking|lusamine-nihilego|\n|player|p2|EEEEEvolto|eeeeevolto.png|\n|teamsize|p1|6\n|teamsize|p2|6\n|gen|8\n|tier|[Gen 8] OU\n|rule|Sleep Clause Mod: Limit one foe put to sleep\n|rule|Species Clause: Limit one of each Pok\u00e9mon\n|rule|OHKO Clause: OHKO moves are banned\n|rule|Evasion Items Clause: Evasion items are banned\n|rule|Evasion Moves Clause: Evasion moves are banned\n|rule|Endless Battle Clause: Forcing endless battles is banned\n|rule|HP Percentage Mod: HP is shown in percentages\n|rule|Dynamax Clause: You cannot dynamax\n|clearpoke\n|poke|p1|Melmetal|\n|poke|p1|Porygon2|\n|poke|p1|Cresselia, F|\n|poke|p1|Marowak-Alola, F|\n|poke|p1|Hatterene, F|\n|poke|p1|Crawdaunt, M|\n|poke|p2|Kartana|\n|poke|p2|Heatran, M|\n|poke|p2|Landorus-Therian, M|\n|poke|p2|Slowbro, F|\n|poke|p2|Umbreon, M|\n|poke|p2|Tapu Koko|\n|teampreview\n|\n|t:|1667113332\n|start\n|switch|p1a: \u6ca1\u5403\u5403\u6211\u4e00\u62f3*2|Crawdaunt, M|100\/100\n|switch|p2a: Landorus|Landorus-Therian, M|100\/100\n|-ability|p2a: Landorus|Intimidate|boost\n|-unboost|p1a: \u6ca1\u5403\u5403\u6211\u4e00\u62f3*2|atk|1\n|turn|1\n|\n|t:|1667113338\n|move|p2a: Landorus|U-turn|p1a: \u6ca1\u5403\u5403\u6211\u4e00\u62f3*2\n|-supereffective|p1a: \u6ca1\u5403\u5403\u6211\u4e00\u62f3*2\n|-damage|p1a: \u6ca1\u5403\u5403\u6211\u4e00\u62f3*2|44\/100\n|\n|t:|1667113341\n|switch|p2a: Umbreon|Umbreon, M|100\/100|[from]move: U-turn\n|move|p1a: \u6ca1\u5403\u5403\u6211\u4e00\u62f3*2|Knock Off|p2a: Umbreon\n|-resisted|p2a: Umbreon\n|-damage|p2a: Umbreon|84\/100\n|-enditem|p2a: Umbreon|Leftovers|[from] move: Knock Off|[of] p1a: \u6ca1\u5403\u5403\u6211\u4e00\u62f3*2\n|-damage|p1a: \u6ca1\u5403\u5403\u6211\u4e00\u62f3*2|34\/100|[from] item: Life Orb\n|\n|upkeep\n|turn|2\n|\n|t:|1667113346\n|switch|p2a: Landorus|Landorus-Therian, M|100\/100\n|-ability|p2a: Landorus|Intimidate|boost\n|-unboost|p1a: \u6ca1\u5403\u5403\u6211\u4e00\u62f3*2|atk|1\n|switch|p1a: \u4e0d\u662f\u77f3\u8111\u7684|Marowak-Alola, F|100\/100\n|\n|upkeep\n|turn|3\n|\n|t:|1667113352\n|switch|p1a: \u6b7b\u9e2d\u5b50\u54ea\u90fd\u786c|Porygon2|100\/100\n|-ability|p1a: \u6b7b\u9e2d\u5b50\u54ea\u90fd\u786c|Intimidate|[from] ability: Trace|[of] p2a: Landorus\n|-ability|p1a: \u6b7b\u9e2d\u5b50\u54ea\u90fd\u786c|Intimidate|boost\n|-unboost|p2a: Landorus|atk|1\n|move|p2a: Landorus|U-turn|p1a: \u6b7b\u9e2d\u5b50\u54ea\u90fd\u786c\n|-damage|p1a: \u6b7b\u9e2d\u5b50\u54ea\u90fd\u786c|91\/100\n|\n|t:|1667113355\n|switch|p2a: Kartana|Kartana|100\/100|[from]move: U-turn\n|\n|upkeep\n|turn|4\n|\n|t:|1667113358\n|switch|p1a: \u4f60\u6c34\u6d41\u8fde\u6253\u4e00\u4e2a\u8bd5\u8bd5\uff1f|Cresselia, F|100\/100\n|move|p2a: Kartana|Sacred Sword|p1a: \u4f60\u6c34\u6d41\u8fde\u6253\u4e00\u4e2a\u8bd5\u8bd5\uff1f\n|-resisted|p1a: \u4f60\u6c34\u6d41\u8fde\u6253\u4e00\u4e2a\u8bd5\u8bd5\uff1f\n|-damage|p1a: \u4f60\u6c34\u6d41\u8fde\u6253\u4e00\u4e2a\u8bd5\u8bd5\uff1f|86\/100\n|-damage|p2a: Kartana|84\/100|[from] item: Rocky Helmet|[of] p1a: \u4f60\u6c34\u6d41\u8fde\u6253\u4e00\u4e2a\u8bd5\u8bd5\uff1f\n|\n|upkeep\n|turn|5\n|\n|t:|1667113362\n|switch|p2a: Heatran|Heatran, M|100\/100\n|move|p1a: \u4f60\u6c34\u6d41\u8fde\u6253\u4e00\u4e2a\u8bd5\u8bd5\uff1f|Trick Room|p1a: \u4f60\u6c34\u6d41\u8fde\u6253\u4e00\u4e2a\u8bd5\u8bd5\uff1f\n|-fieldstart|move: Trick Room|[of] p1a: \u4f60\u6c34\u6d41\u8fde\u6253\u4e00\u4e2a\u8bd5\u8bd5\uff1f\n|\n|upkeep\n|turn|6\n|\n|t:|1667113366\n|switch|p1a: \u6b7b\u9e2d\u5b50\u54ea\u90fd\u786c|Porygon2|91\/100\n|-ability|p1a: \u6b7b\u9e2d\u5b50\u54ea\u90fd\u786c|Flame Body|[from] ability: Trace|[of] p2a: Heatran\n|move|p2a: Heatran|Stealth Rock|p1a: \u6b7b\u9e2d\u5b50\u54ea\u90fd\u786c\n|-sidestart|p1: badslowking|move: Stealth Rock\n|\n|upkeep\n|turn|7\n|\n|t:|1667113378\n|switch|p1a: \u4e0d\u662f\u77f3\u8111\u7684|Marowak-Alola, F|100\/100\n|-damage|p1a: \u4e0d\u662f\u77f3\u8111\u7684|76\/100|[from] Stealth Rock\n|move|p2a: Heatran|Toxic|p1a: \u4e0d\u662f\u77f3\u8111\u7684\n|-status|p1a: \u4e0d\u662f\u77f3\u8111\u7684|tox\n|\n|-damage|p1a: \u4e0d\u662f\u77f3\u8111\u7684|70\/100 tox|[from] psn\n|upkeep\n|turn|8\n|\n|t:|1667113382\n|move|p2a: Heatran|Protect|p2a: Heatran\n|-singleturn|p2a: Heatran|Protect\n|move|p1a: \u4e0d\u662f\u77f3\u8111\u7684|Swords Dance|p1a: \u4e0d\u662f\u77f3\u8111\u7684\n|-boost|p1a: \u4e0d\u662f\u77f3\u8111\u7684|atk|2\n|\n|-damage|p1a: \u4e0d\u662f\u77f3\u8111\u7684|57\/100 tox|[from] psn\n|upkeep\n|turn|9\n|\n|t:|1667113386\n|switch|p2a: Umbreon|Umbreon, M|84\/100\n|move|p1a: \u4e0d\u662f\u77f3\u8111\u7684|Poltergeist||[still]\n|-fail|p1a: \u4e0d\u662f\u77f3\u8111\u7684\n|\n|-damage|p1a: \u4e0d\u662f\u77f3\u8111\u7684|39\/100 tox|[from] psn\n|-fieldend|move: Trick Room\n|upkeep\n|turn|10\n|\n|t:|1667113394\n|switch|p1a: \u5403\u4e86\u5417\uff0c\u6ca1\u5403\u5403\u6211\u4e24\u62f3|Melmetal|100\/100\n|-damage|p1a: \u5403\u4e86\u5417\uff0c\u6ca1\u5403\u5403\u6211\u4e24\u62f3|94\/100|[from] Stealth Rock\n|move|p2a: Umbreon|Foul Play|p1a: \u5403\u4e86\u5417\uff0c\u6ca1\u5403\u5403\u6211\u4e24\u62f3\n|-damage|p1a: \u5403\u4e86\u5417\uff0c\u6ca1\u5403\u5403\u6211\u4e24\u62f3|63\/100\n|\n|upkeep\n|turn|11\n|\n|t:|1667113400\n|move|p2a: Umbreon|Protect|p2a: Umbreon\n|-singleturn|p2a: Umbreon|Protect\n|move|p1a: \u5403\u4e86\u5417\uff0c\u6ca1\u5403\u5403\u6211\u4e24\u62f3|Superpower|p2a: Umbreon\n|-activate|p2a: Umbreon|move: Protect\n|\n|upkeep\n|turn|12\n|\n|t:|1667113406\n|switch|p1a: \u4f60\u6c34\u6d41\u8fde\u6253\u4e00\u4e2a\u8bd5\u8bd5\uff1f|Cresselia, F|86\/100\n|-damage|p1a: \u4f60\u6c34\u6d41\u8fde\u6253\u4e00\u4e2a\u8bd5\u8bd5\uff1f|73\/100|[from] Stealth Rock\n|move|p2a: Umbreon|Foul Play|p1a: \u4f60\u6c34\u6d41\u8fde\u6253\u4e00\u4e2a\u8bd5\u8bd5\uff1f\n|-supereffective|p1a: \u4f60\u6c34\u6d41\u8fde\u6253\u4e00\u4e2a\u8bd5\u8bd5\uff1f\n|-damage|p1a: \u4f60\u6c34\u6d41\u8fde\u6253\u4e00\u4e2a\u8bd5\u8bd5\uff1f|54\/100\n|-damage|p2a: Umbreon|67\/100|[from] item: Rocky Helmet|[of] p1a: \u4f60\u6c34\u6d41\u8fde\u6253\u4e00\u4e2a\u8bd5\u8bd5\uff1f\n|\n|upkeep\n|turn|13\n|\n|t:|1667113411\n|switch|p2a: Kartana|Kartana|84\/100\n|move|p1a: \u4f60\u6c34\u6d41\u8fde\u6253\u4e00\u4e2a\u8bd5\u8bd5\uff1f|Toxic|p2a: Kartana\n|-immune|p2a: Kartana\n|\n|upkeep\n|turn|14\n|\n|t:|1667113415\n|move|p2a: Kartana|Knock Off|p1a: \u4f60\u6c34\u6d41\u8fde\u6253\u4e00\u4e2a\u8bd5\u8bd5\uff1f\n|-supereffective|p1a: \u4f60\u6c34\u6d41\u8fde\u6253\u4e00\u4e2a\u8bd5\u8bd5\uff1f\n|-damage|p1a: \u4f60\u6c34\u6d41\u8fde\u6253\u4e00\u4e2a\u8bd5\u8bd5\uff1f|0 fnt\n|-damage|p2a: Kartana|67\/100|[from] item: Rocky Helmet|[of] p1a: \u4f60\u6c34\u6d41\u8fde\u6253\u4e00\u4e2a\u8bd5\u8bd5\uff1f\n|-enditem|p1a: \u4f60\u6c34\u6d41\u8fde\u6253\u4e00\u4e2a\u8bd5\u8bd5\uff1f|Rocky Helmet|[from] move: Knock Off|[of] p2a: Kartana\n|faint|p1a: \u4f60\u6c34\u6d41\u8fde\u6253\u4e00\u4e2a\u8bd5\u8bd5\uff1f\n|-ability|p2a: Kartana|Beast Boost|boost\n|-boost|p2a: Kartana|atk|1\n|\n|upkeep\n|\n|t:|1667113421\n|switch|p1a: \u4e00\u53f7\u70ae\u7070|Hatterene, F|100\/100\n|-damage|p1a: \u4e00\u53f7\u70ae\u7070|88\/100|[from] Stealth Rock\n|turn|15\n|\n|t:|1667113423\n|move|p2a: Kartana|Knock Off|p1a: \u4e00\u53f7\u70ae\u7070\n|-crit|p1a: \u4e00\u53f7\u70ae\u7070\n|-damage|p1a: \u4e00\u53f7\u70ae\u7070|0 fnt\n|-enditem|p1a: \u4e00\u53f7\u70ae\u7070|Focus Sash|[from] move: Knock Off|[of] p2a: Kartana\n|faint|p1a: \u4e00\u53f7\u70ae\u7070\n|-ability|p2a: Kartana|Beast Boost|boost\n|-boost|p2a: Kartana|atk|1\n|\n|upkeep\n|\n|t:|1667113428\n|switch|p1a: \u5403\u4e86\u5417\uff0c\u6ca1\u5403\u5403\u6211\u4e24\u62f3|Melmetal|63\/100\n|-damage|p1a: \u5403\u4e86\u5417\uff0c\u6ca1\u5403\u5403\u6211\u4e24\u62f3|57\/100|[from] Stealth Rock\n|turn|16\n|\n|t:|1667113429\n|move|p2a: Kartana|Knock Off|p1a: \u5403\u4e86\u5417\uff0c\u6ca1\u5403\u5403\u6211\u4e24\u62f3\n|-crit|p1a: \u5403\u4e86\u5417\uff0c\u6ca1\u5403\u5403\u6211\u4e24\u62f3\n|-damage|p1a: \u5403\u4e86\u5417\uff0c\u6ca1\u5403\u5403\u6211\u4e24\u62f3|0 fnt\n|-enditem|p1a: \u5403\u4e86\u5417\uff0c\u6ca1\u5403\u5403\u6211\u4e24\u62f3|Choice Band|[from] move: Knock Off|[of] p2a: Kartana\n|faint|p1a: \u5403\u4e86\u5417\uff0c\u6ca1\u5403\u5403\u6211\u4e24\u62f3\n|-ability|p2a: Kartana|Beast Boost|boost\n|-boost|p2a: Kartana|atk|1\n|\n|upkeep\n|\n|t:|1667113436\n|switch|p1a: \u6b7b\u9e2d\u5b50\u54ea\u90fd\u786c|Porygon2|91\/100\n|-damage|p1a: \u6b7b\u9e2d\u5b50\u54ea\u90fd\u786c|79\/100|[from] Stealth Rock\n|-ability|p1a: \u6b7b\u9e2d\u5b50\u54ea\u90fd\u786c|Beast Boost|[from] ability: Trace|[of] p2a: Kartana\n|turn|17\n|\n|t:|1667113438\n|move|p2a: Kartana|Knock Off|p1a: \u6b7b\u9e2d\u5b50\u54ea\u90fd\u786c\n|-damage|p1a: \u6b7b\u9e2d\u5b50\u54ea\u90fd\u786c|0 fnt\n|-enditem|p1a: \u6b7b\u9e2d\u5b50\u54ea\u90fd\u786c|Eviolite|[from] move: Knock Off|[of] p2a: Kartana\n|faint|p1a: \u6b7b\u9e2d\u5b50\u54ea\u90fd\u786c\n|-ability|p2a: Kartana|Beast Boost|boost\n|-boost|p2a: Kartana|atk|1\n|\n|upkeep\n|-message|badslowking forfeited.\n|\n|win|EEEEEvolto\n|l|\u2606badslowking\n|l|\u2606EEEEEvolto\n|j|\u2606EEEEEvolto\n|player|p2|EEEEEvolto|eeeeevolto.png\n","uploadtime":1667113491,"views":28,"p1id":"badslowking","p2id":"eeeeevolto","formatid":"gen8ou","rating":0,"private":0,"password":null}