{"id":"china-gen8randombattle-420978","p1":"shengbiao","p2":"gostop","format":"gen8randombattle","log":"|j|\u2606shengbiao\n|j|\u2606gostop\n|t:|1619187718\n|gametype|singles\n|player|p1|shengbiao|shengbiao.png|\n|player|p2|gostop|gostop.gif|\n|teamsize|p1|6\n|teamsize|p2|6\n|gen|8\n|tier|[Gen 8] Random Battle\n|rule|Species Clause: Limit one of each Pok\u00e9mon\n|rule|HP Percentage Mod: HP is shown in percentages\n|rule|Sleep Clause Mod: Limit one foe put to sleep\n|\n|t:|1619187718\n|start\n|switch|p1a: Lanturn|Lanturn, L86, F|355\/355\n|switch|p2a: Rotom|Rotom-Heat, L82|216\/216\n|turn|1\n|j|\u265aChizuru mizuhara\n|j| baiqin\n|j| emzzf\n|j|+wistwind\n|\n|t:|1619187773\n|switch|p2a: Garchomp|Garchomp, L76, M|289\/289\n|move|p1a: Lanturn|Scald|p2a: Garchomp\n|-damage|p2a: Garchomp|205\/289\n|-status|p2a: Garchomp|brn\n|-enditem|p2a: Garchomp|Lum Berry|[eat]\n|-curestatus|p2a: Garchomp|brn|[msg]\n|\n|upkeep\n|turn|2\n|\n|t:|1619187810\n|switch|p1a: Uxie|Uxie, L82|257\/257\n|move|p2a: Garchomp|Earthquake|p1a: Uxie\n|-immune|p1a: Uxie|[from] ability: Levitate\n|\n|upkeep\n|turn|3\n|l| baiqin\n|\n|t:|1619187857\n|switch|p2a: Magnezone|Magnezone, L84|255\/255\n|move|p1a: Uxie|Yawn|p2a: Magnezone\n|-start|p2a: Magnezone|move: Yawn|[of] p1a: Uxie\n|\n|upkeep\n|turn|4\n|\n|t:|1619187884\n|switch|p2a: Garchomp|Garchomp, L76, M|205\/289\n|move|p1a: Uxie|Stealth Rock|p2a: Garchomp\n|-sidestart|p2: gostop|move: Stealth Rock\n|\n|upkeep\n|turn|5\n|j|%CurePersona\n|j|&WwlWss\n|\n|t:|1619187921\n|switch|p2a: Magnezone|Magnezone, L84|255\/255\n|-damage|p2a: Magnezone|240\/255|[from] Stealth Rock\n|move|p1a: Uxie|Yawn|p2a: Magnezone\n|-start|p2a: Magnezone|move: Yawn|[of] p1a: Uxie\n|\n|upkeep\n|turn|6\n|\n|t:|1619187951\n|switch|p2a: Mantine|Mantine, L86, F|286\/286\n|move|p1a: Uxie|Psychic|p2a: Mantine\n|-damage|p2a: Mantine|238\/286\n|\n|upkeep\n|turn|7\n|\n|t:|1619187962\n|move|p1a: Uxie|Yawn|p2a: Mantine\n|-start|p2a: Mantine|move: Yawn|[of] p1a: Uxie\n|move|p2a: Mantine|Toxic|p1a: Uxie|[miss]\n|-miss|p2a: Mantine|p1a: Uxie\n|\n|upkeep\n|turn|8\n|j| lunan0713\n|\n|t:|1619187988\n|move|p1a: Uxie|Yawn||[still]\n|-fail|p1a: Uxie\n|move|p2a: Mantine|Toxic|p1a: Uxie\n|-status|p1a: Uxie|tox\n|\n|-damage|p1a: Uxie|241\/257 tox|[from] psn\n|-end|p2a: Mantine|move: Yawn|[silent]\n|-status|p2a: Mantine|slp\n|upkeep\n|turn|9\n|\n|t:|1619188015\n|switch|p2a: Garchomp|Garchomp, L76, M|205\/289\n|-damage|p2a: Garchomp|187\/289|[from] Stealth Rock\n|move|p1a: Uxie|Heal Bell|p1a: Uxie\n|-activate|p1a: Uxie|move: Heal Bell\n|-curestatus|p1a: Uxie|tox|[msg]\n|\n|-heal|p1a: Uxie|257\/257|[from] item: Leftovers\n|upkeep\n|turn|10\n|\n|t:|1619188038\n|switch|p2a: Magnezone|Magnezone, L84|240\/255\n|-damage|p2a: Magnezone|225\/255|[from] Stealth Rock\n|move|p1a: Uxie|Psychic|p2a: Magnezone\n|-resisted|p2a: Magnezone\n|-damage|p2a: Magnezone|199\/255\n|\n|upkeep\n|turn|11\n|\n|t:|1619188043\n|switch|p1a: Lanturn|Lanturn, L86, F|355\/355\n|move|p2a: Magnezone|Flash Cannon|p1a: Lanturn\n|-resisted|p1a: Lanturn\n|-damage|p1a: Lanturn|328\/355\n|\n|-heal|p1a: Lanturn|350\/355|[from] item: Leftovers\n|upkeep\n|turn|12\n|j| IMP_N\n|\n|t:|1619188054\n|switch|p2a: Mantine|Mantine, L86, F|238\/286 slp\n|move|p1a: Lanturn|Scald|p2a: Mantine\n|-heal|p2a: Mantine|286\/286 slp|[from] ability: Water Absorb|[of] p1a: Lanturn\n|\n|-heal|p1a: Lanturn|355\/355|[from] item: Leftovers\n|upkeep\n|turn|13\n|\n|t:|1619188071\n|cant|p2a: Mantine|slp\n|move|p1a: Lanturn|Ice Beam|p2a: Mantine\n|-damage|p2a: Mantine|249\/286 slp\n|\n|upkeep\n|turn|14\n|\n|t:|1619188076\n|switch|p2a: Mienshao|Mienshao, L82, M|241\/241\n|-damage|p2a: Mienshao|226\/241|[from] Stealth Rock\n|move|p1a: Lanturn|Ice Beam|p2a: Mienshao\n|-damage|p2a: Mienshao|157\/241\n|\n|upkeep\n|turn|15\n|\n|t:|1619188094\n|switch|p1a: Slowking|Slowking, L86, F|304\/304\n|move|p2a: Mienshao|Swords Dance|p2a: Mienshao\n|-boost|p2a: Mienshao|atk|2\n|\n|upkeep\n|turn|16\n|\n|t:|1619188099\n|move|p2a: Mienshao|Knock Off|p1a: Slowking\n|-supereffective|p1a: Slowking\n|-damage|p1a: Slowking|0 fnt\n|-enditem|p1a: Slowking|Leftovers|[from] move: Knock Off|[of] p2a: Mienshao\n|-damage|p2a: Mienshao|133\/241|[from] item: Life Orb\n|faint|p1a: Slowking\n|\n|upkeep\n|\n|t:|1619188107\n|switch|p1a: Ninjask|Ninjask, L86, M|245\/245\n|turn|17\n|\n|t:|1619188125\n|switch|p2a: Rotom|Rotom-Heat, L82|216\/216\n|move|p1a: Ninjask|Acrobatics|p2a: Rotom\n|-resisted|p2a: Rotom\n|-damage|p2a: Rotom|167\/216\n|\n|-ability|p1a: Ninjask|Speed Boost|boost\n|-boost|p1a: Ninjask|spe|1\n|upkeep\n|turn|18\n|\n|t:|1619188138\n|move|p1a: Ninjask|U-turn|p2a: Rotom\n|-resisted|p2a: Rotom\n|-damage|p2a: Rotom|137\/216\n|\n|t:|1619188141\n|switch|p1a: Uxie|Uxie, L82|257\/257\n|move|p2a: Rotom|Will-O-Wisp|p1a: Uxie\n|-status|p1a: Uxie|brn\n|\n|-damage|p1a: Uxie|241\/257 brn|[from] brn\n|upkeep\n|turn|19\n|\n|t:|1619188164\n|switch|p1a: Lanturn|Lanturn, L86, F|355\/355\n|move|p2a: Rotom|Thunderbolt|p1a: Lanturn\n|-immune|p1a: Lanturn|[from] ability: Volt Absorb\n|\n|upkeep\n|turn|20\n|\n|t:|1619188227\n|switch|p2a: Magnezone|Magnezone, L84|199\/255\n|-damage|p2a: Magnezone|184\/255|[from] Stealth Rock\n|move|p1a: Lanturn|Thunderbolt|p2a: Magnezone\n|-resisted|p2a: Magnezone\n|-damage|p2a: Magnezone|156\/255\n|\n|upkeep\n|turn|21\n|\n|t:|1619188244\n|switch|p2a: Wailord|Wailord, L88, M|442\/442\n|-damage|p2a: Wailord|387\/442|[from] Stealth Rock\n|move|p1a: Lanturn|Scald|p2a: Wailord\n|-resisted|p2a: Wailord\n|-damage|p2a: Wailord|333\/442\n|\n|upkeep\n|turn|22\n|\n|t:|1619188249\n|move|p1a: Lanturn|Thunderbolt|p2a: Wailord\n|-supereffective|p2a: Wailord\n|-crit|p2a: Wailord\n|-damage|p2a: Wailord|0 fnt\n|faint|p2a: Wailord\n|\n|upkeep\n|\n|t:|1619188255\n|switch|p2a: Garchomp|Garchomp, L76, M|187\/289\n|-damage|p2a: Garchomp|169\/289|[from] Stealth Rock\n|turn|23\n|\n|t:|1619188276\n|switch|p1a: Pangoro|Pangoro, L84, M|297\/297\n|move|p2a: Garchomp|Earthquake|p1a: Pangoro\n|-damage|p1a: Pangoro|182\/297\n|\n|upkeep\n|turn|24\n|l|&WwlWss\n|\n|t:|1619188301\n|switch|p2a: Magnezone|Magnezone, L84|156\/255\n|-damage|p2a: Magnezone|141\/255|[from] Stealth Rock\n|move|p1a: Pangoro|Knock Off|p2a: Magnezone\n|-damage|p2a: Magnezone|0 fnt\n|-enditem|p2a: Magnezone|Assault Vest|[from] move: Knock Off|[of] p1a: Pangoro\n|faint|p2a: Magnezone\n|\n|upkeep\n|\n|t:|1619188304\n|switch|p2a: Mienshao|Mienshao, L82, M|213\/241\n|-damage|p2a: Mienshao|198\/241|[from] Stealth Rock\n|turn|25\n|\n|t:|1619188350\n|move|p2a: Mienshao|Close Combat|p1a: Pangoro\n|-supereffective|p1a: Pangoro\n|-damage|p1a: Pangoro|0 fnt\n|-unboost|p2a: Mienshao|def|1\n|-unboost|p2a: Mienshao|spd|1\n|-damage|p2a: Mienshao|174\/241|[from] item: Life Orb\n|faint|p1a: Pangoro\n|\n|upkeep\n|\n|t:|1619188357\n|switch|p1a: Ninjask|Ninjask, L86, M|245\/245\n|turn|26\n|\n|t:|1619188367\n|switch|p2a: Rotom|Rotom-Heat, L82|137\/216\n|move|p1a: Ninjask|U-turn|p2a: Rotom\n|-resisted|p2a: Rotom\n|-damage|p2a: Rotom|104\/216\n|\n|t:|1619188374\n|switch|p1a: Lanturn|Lanturn, L86, F|355\/355\n|\n|upkeep\n|turn|27\n|l| emzzf\n|\n|t:|1619188415\n|switch|p2a: Mantine|Mantine, L86, F|249\/286 slp\n|move|p1a: Lanturn|Scald|p2a: Mantine\n|-heal|p2a: Mantine|286\/286 slp|[from] ability: Water Absorb|[of] p1a: Lanturn\n|\n|upkeep\n|turn|28\n|inactive|Battle timer is ON: inactive players will automatically lose when time's up. (requested by shengbiao)\n|\n|t:|1619188421\n|-curestatus|p2a: Mantine|slp|[msg]\n|move|p2a: Mantine|Toxic|p1a: Lanturn\n|-status|p1a: Lanturn|tox\n|move|p1a: Lanturn|Thunderbolt|p2a: Mantine\n|-supereffective|p2a: Mantine\n|-crit|p2a: Mantine\n|-damage|p2a: Mantine|0 fnt\n|faint|p2a: Mantine\n|\n|-damage|p1a: Lanturn|333\/355 tox|[from] psn\n|upkeep\n|\n|t:|1619188438\n|switch|p2a: Garchomp|Garchomp, L76, M|169\/289\n|-damage|p2a: Garchomp|151\/289|[from] Stealth Rock\n|turn|29\n|\n|t:|1619188453\n|switch|p1a: Rhyperior|Rhyperior, L82, M|323\/323\n|move|p2a: Garchomp|Swords Dance|p2a: Garchomp\n|-boost|p2a: Garchomp|atk|2\n|\n|upkeep\n|turn|30\n|\n|t:|1619188467\n|move|p2a: Garchomp|Earthquake|p1a: Rhyperior\n|-supereffective|p1a: Rhyperior\n|-damage|p1a: Rhyperior|80\/323\n|-enditem|p1a: Rhyperior|Weakness Policy\n|-boost|p1a: Rhyperior|atk|2|[from] item: Weakness Policy\n|-boost|p1a: Rhyperior|spa|2|[from] item: Weakness Policy\n|move|p1a: Rhyperior|Rock Polish|p1a: Rhyperior\n|-boost|p1a: Rhyperior|spe|2\n|\n|upkeep\n|turn|31\n|\n|t:|1619188480\n|-start|p1a: Rhyperior|Dynamax\n|-heal|p1a: Rhyperior|160\/646|[silent]\n|move|p1a: Rhyperior|Max Quake|p2a: Garchomp\n|-damage|p2a: Garchomp|0 fnt\n|-boost|p1a: Rhyperior|spd|1\n|faint|p2a: Garchomp\n|\n|upkeep\n|\n|t:|1619188490\n|switch|p2a: Mienshao|Mienshao, L82, M|241\/241\n|-damage|p2a: Mienshao|226\/241|[from] Stealth Rock\n|turn|32\n|\n|t:|1619188508\n|-start|p2a: Mienshao|Dynamax\n|-heal|p2a: Mienshao|452\/482|[silent]\n|move|p1a: Rhyperior|Max Quake|p2a: Mienshao\n|-damage|p2a: Mienshao|0 fnt\n|-boost|p1a: Rhyperior|spd|1\n|faint|p2a: Mienshao\n|\n|upkeep\n|\n|t:|1619188510\n|switch|p2a: Rotom|Rotom-Heat, L82|104\/216\n|turn|33\n|\n|t:|1619188517\n|move|p1a: Rhyperior|Max Rockfall|p2a: Rotom\n|-supereffective|p2a: Rotom\n|-damage|p2a: Rotom|0 fnt\n|-weather|Sandstorm\n|faint|p2a: Rotom\n|\n|win|shengbiao\n|l|+wistwind\n|j| DIABLOSISNaga\n|j|\u265aAllen-xia\u5bfb\u6b22\n|l| DIABLOSISNaga\n|l| IMP_N\n|c|\u2606shengbiao|gg\n","inputlog":">version e2015f030898526ffd5a066217038af11880bd59\n>version-origin 3918ebd609a2bd57e0326bf76fca79306b37a61f\n>start {\"formatid\":\"gen8randombattle\",\"seed\":[45060,17782,28797,19337]}\n>player p1 {\"name\":\"shengbiao\",\"avatar\":\"shengbiao.png\",\"rating\":0,\"seed\":[64793,30470,58127,35717]}\n>player p2 {\"name\":\"gostop\",\"avatar\":\"gostop.gif\",\"rating\":0,\"seed\":[32124,39976,4879,23578]}\n>p1 move scald\n>p2 switch 3\n>p1 switch 3\n>p2 move earthquake\n>p1 move yawn\n>p2 switch 4\n>p1 move stealthrock\n>p2 switch 4\n>p1 move yawn\n>p2 switch 4\n>p1 move psychic\n>p2 switch 6\n>p1 move yawn\n>p2 move toxic\n>p1 move yawn\n>p2 move toxic\n>p1 move healbell\n>p2 switch 4\n>p1 move psychic\n>p2 switch 6\n>p1 switch 3\n>p2 move flashcannon\n>p1 move scald\n>p2 switch 4\n>p1 move icebeam\n>p2 move defog\n>p1 move icebeam\n>p2 switch 5\n>p1 switch 4\n>p2 move swordsdance\n>p1 move psyshock\n>p2 move knockoff\n>p1 switch 2\n>p1 move acrobatics\n>p2 switch 3\n>p1 move uturn\n>p2 move willowisp\n>p1 switch 3\n>p1 switch 4\n>p2 move thunderbolt\n>p1 move thunderbolt\n>p2 switch 4\n>p1 move scald\n>p2 switch 2\n>p1 move thunderbolt\n>p2 move hypervoice\n>p2 switch 6\n>p1 switch 5\n>p2 move earthquake\n>p1 move knockoff\n>p2 switch 2\n>p2 switch 3\n>p1 move knockoff\n>p2 move closecombat\n>p1 switch 3\n>p1 move uturn\n>p2 switch 4\n>p1 switch 5\n>p1 move scald\n>p2 switch 5\n>p1 move thunderbolt\n>p2 move toxic\n>p2 switch 2\n>p1 switch 6\n>p2 move swordsdance\n>p1 move rockpolish\n>p2 move earthquake\n>p1 move earthquake dynamax\n>p2 move earthquake\n>p2 switch 4\n>p1 move earthquake dynamax\n>p2 move closecombat dynamax\n>p2 switch 5\n>p1 move stoneedge dynamax\n>p2 move willowisp","uploadtime":1619188571,"views":29,"p1id":"shengbiao","p2id":"gostop","formatid":"gen8randombattle","rating":0,"private":0,"password":null}