{"id":"china-gen8petmode-1242205","p1":"lonietzzz","p2":"kitoothe","format":"gen8petmode","log":"|j|\u2606lonietzzz\n|j|\u2606kitoothe\n|inactive|Battle timer is ON: inactive players will automatically lose when time's up.\n|t:|1625901126\n|gametype|singles\n|player|p1|lonietzzz|pokemonbreederf|\n|player|p2|kitoothe|kitoothe.png|\n|teamsize|p1|6\n|teamsize|p2|6\n|gen|8\n|tier|[Gen 8] Pet Mode \u5ba0\u7269\u6a21\u5f0f\n|rated|Tournament battle\n|rule|Dynamax Clause: You cannot dynamax\n|rule|Sleep Clause Mod: Limit one foe put to sleep\n|\n|t:|1625901126\n|start\n|switch|p1a: Urshifu|Urshifu-Rapid-Strike, L50, M|175\/175\n|switch|p2a: Clefable|Clefable, L50, M|196\/196\n|turn|1\n|j| JAMKRE\n|j| gyptv\n|c|\u2606kitoothe|\u522b\u6ce1\n|c| gyptv|\u5f00\u5e55\u96f7\u51fb\n|j|@QY_CS\n|c|\u2606lonietzzz|\u8dd1\u4e86\n|\n|t:|1625901147\n|move|p1a: Urshifu|U-turn|p2a: Clefable\n|-resisted|p2a: Clefable\n|-damage|p2a: Clefable|166\/196\n|\n|t:|1625901150\n|switch|p1a: Klefki|Klefki, L50, F|157\/157\n|move|p2a: Clefable|Moonblast|p1a: Klefki\n|-resisted|p1a: Klefki\n|-damage|p1a: Klefki|118\/157\n|\n|upkeep\n|turn|2\n|c| JAMKRE|\u5f00\u5c4f\u96f7\u51fb\n|\n|t:|1625901157\n|switch|p1a: Urshifu|Urshifu-Rapid-Strike, L50, M|175\/175\n|switch|p2a: Ferrothorn|Ferrothorn, L50, M|166\/166\n|\n|upkeep\n|turn|3\n|\n|t:|1625901167\n|switch|p2a: Talonflame|Talonflame, L50, F|157\/157\n|move|p1a: Urshifu|Close Combat|p2a: Talonflame\n|-resisted|p2a: Talonflame\n|-damage|p2a: Talonflame|42\/157\n|-unboost|p1a: Urshifu|def|1\n|-unboost|p1a: Urshifu|spd|1\n|\n|upkeep\n|turn|4\n|\n|t:|1625901173\n|switch|p1a: Pelipper|Pelipper, L50, M|155\/155\n|-weather|RainDance|[from] ability: Drizzle|[of] p1a: Pelipper\n|move|p2a: Talonflame|Roost|p2a: Talonflame\n|-heal|p2a: Talonflame|121\/157\n|-singleturn|p2a: Talonflame|move: Roost\n|\n|-weather|RainDance|[upkeep]\n|upkeep\n|turn|5\n|j|@zerodragon123\n|\n|t:|1625901183\n|switch|p2a: Ferrothorn|Ferrothorn, L50, M|166\/166\n|move|p1a: Pelipper|U-turn|p2a: Ferrothorn\n|-damage|p2a: Ferrothorn|157\/166\n|-damage|p1a: Pelipper|136\/155|[from] ability: Iron Barbs|[of] p2a: Ferrothorn\n|\n|t:|1625901186\n|switch|p1a: Urshifu|Urshifu-Rapid-Strike, L50, M|175\/175\n|\n|-weather|RainDance|[upkeep]\n|-heal|p2a: Ferrothorn|166\/166|[from] item: Leftovers\n|upkeep\n|turn|6\n|\n|t:|1625901188\n|switch|p2a: Talonflame|Talonflame, L50, F|121\/157\n|move|p1a: Urshifu|Surging Strikes|p2a: Talonflame\n|-supereffective|p2a: Talonflame\n|-crit|p2a: Talonflame\n|-damage|p2a: Talonflame|0 fnt\n|-status|p1a: Urshifu|brn|[from] ability: Flame Body|[of] p2a: Talonflame\n|faint|p2a: Talonflame\n|-hitcount|p2: Talonflame|1\n|\n|-weather|RainDance|[upkeep]\n|-damage|p1a: Urshifu|165\/175 brn|[from] brn\n|upkeep\n|\n|t:|1625901191\n|switch|p2a: Breloom|Breloom, L50, M|133\/133\n|turn|7\n|c|\u2606lonietzzz|\u5b8c\u4e86\n|\n|t:|1625901200\n|move|p1a: Urshifu|Surging Strikes|p2a: Breloom\n|-resisted|p2a: Breloom\n|-crit|p2a: Breloom\n|-damage|p2a: Breloom|109\/133\n|-resisted|p2a: Breloom\n|-crit|p2a: Breloom\n|-damage|p2a: Breloom|85\/133\n|-resisted|p2a: Breloom\n|-crit|p2a: Breloom\n|-damage|p2a: Breloom|59\/133\n|-hitcount|p2a: Breloom|3\n|move|p2a: Breloom|Substitute|p2a: Breloom\n|-start|p2a: Breloom|Substitute\n|-damage|p2a: Breloom|26\/133\n|\n|-weather|RainDance|[upkeep]\n|-damage|p1a: Urshifu|155\/175 brn|[from] brn\n|-status|p2a: Breloom|tox|[from] item: Toxic Orb\n|upkeep\n|turn|8\n|j| cute huanhuan\n|\n|t:|1625901207\n|move|p1a: Urshifu|Surging Strikes|p2a: Breloom\n|-resisted|p2a: Breloom\n|-crit|p2a: Breloom\n|-activate|p2a: Breloom|move: Substitute|[damage]\n|-resisted|p2a: Breloom\n|-crit|p2a: Breloom\n|-end|p2a: Breloom|Substitute\n|-resisted|p2a: Breloom\n|-crit|p2a: Breloom\n|-damage|p2a: Breloom|2\/133 tox\n|-hitcount|p2a: Breloom|3\n|move|p2a: Breloom|Seed Bomb|p1a: Urshifu\n|-supereffective|p1a: Urshifu\n|-damage|p1a: Urshifu|9\/175 brn\n|\n|-weather|RainDance|[upkeep]\n|-heal|p2a: Breloom|18\/133 tox|[from] ability: Poison Heal\n|-damage|p1a: Urshifu|0 fnt|[from] brn\n|faint|p1a: Urshifu\n|upkeep\n|c| cute huanhuan|\u8fd9\u4eba\u600e\u4e48\u90a3\u4e48\u773c\u719f\n|c|\u2606kitoothe|\u771f\u75bc\u554a\n|\n|t:|1625901221\n|switch|p1a: Seismitoad|Seismitoad, L50, F|176\/176\n|turn|9\n|j| IWantYouZZZ\n|c| gyptv|\u600e\u4e48\u6709\u706b\u8eaf\u7684\u8fa3\u7fc5\u7684\n|j| rakukeika\n|\n|t:|1625901232\n|switch|p2a: Ferrothorn|Ferrothorn, L50, M|166\/166\n|move|p1a: Seismitoad|Earth Power|p2a: Ferrothorn\n|-damage|p2a: Ferrothorn|96\/166\n|-damage|p1a: Seismitoad|159\/176|[from] item: Life Orb\n|\n|-weather|RainDance|[upkeep]\n|-heal|p2a: Ferrothorn|106\/166|[from] item: Leftovers\n|upkeep\n|turn|10\n|j| 126l\n|\n|t:|1625901242\n|switch|p1a: Ferrothorn|Ferrothorn, L50, M|178\/178\n|move|p2a: Ferrothorn|Leech Seed|p1a: Ferrothorn\n|-immune|p1a: Ferrothorn\n|\n|-weather|RainDance|[upkeep]\n|-heal|p2a: Ferrothorn|116\/166|[from] item: Leftovers\n|upkeep\n|turn|11\n|c| JAMKRE|\u5237\u4e0d\u5230\u75be\u98ce\u4e4b\u7ffc\uff1f\n|j| arcv123\n|c|@QY_CS|\u706b\u8eaf\u5c31\u662f\u6807\u51c6\u7279\u6027\u554a\n|\n|t:|1625901252\n|move|p1a: Ferrothorn|Knock Off|p2a: Ferrothorn\n|-damage|p2a: Ferrothorn|94\/166\n|-damage|p1a: Ferrothorn|156\/178|[from] ability: Iron Barbs|[of] p2a: Ferrothorn\n|-enditem|p2a: Ferrothorn|Leftovers|[from] move: Knock Off|[of] p1a: Ferrothorn\n|move|p2a: Ferrothorn|Spikes|p1a: Ferrothorn\n|-sidestart|p1: lonietzzz|Spikes\n|\n|-weather|none\n|-heal|p1a: Ferrothorn|167\/178|[from] item: Leftovers\n|upkeep\n|turn|12\n|c|@QY_CS|\u800c\u4e14\u633a\u597d\u7528\u7684\n|j| ghost888\n|\n|t:|1625901258\n|move|p1a: Ferrothorn|Stealth Rock|p2a: Ferrothorn\n|-sidestart|p2: kitoothe|move: Stealth Rock\n|move|p2a: Ferrothorn|Spikes|p1a: Ferrothorn\n|-sidestart|p1: lonietzzz|Spikes\n|\n|-heal|p1a: Ferrothorn|178\/178|[from] item: Leftovers\n|upkeep\n|turn|13\n|l| rakukeika\n|c|@QY_CS|\u53d7\u706b\u9e1f\u5c31\u559c\u6b22\u8fd9\u4e2a\n|\n|t:|1625901263\n|switch|p2a: Clefable|Clefable, L50, M|166\/196\n|move|p1a: Ferrothorn|Body Press|p2a: Clefable\n|-resisted|p2a: Clefable\n|-damage|p2a: Clefable|147\/196\n|\n|upkeep\n|turn|14\n|\n|t:|1625901267\n|move|p2a: Clefable|Calm Mind|p2a: Clefable\n|-boost|p2a: Clefable|spa|1\n|-boost|p2a: Clefable|spd|1\n|move|p1a: Ferrothorn|Iron Head|p2a: Clefable\n|-supereffective|p2a: Clefable\n|-damage|p2a: Clefable|63\/196\n|\n|upkeep\n|turn|15\n|\n|t:|1625901271\n|switch|p1a: Pelipper|Pelipper, L50, M|136\/155\n|-weather|RainDance|[from] ability: Drizzle|[of] p1a: Pelipper\n|move|p2a: Clefable|Soft-Boiled|p2a: Clefable\n|-heal|p2a: Clefable|161\/196\n|\n|-weather|RainDance|[upkeep]\n|upkeep\n|turn|16\n|\n|t:|1625901277\n|move|p1a: Pelipper|U-turn|p2a: Clefable\n|-resisted|p2a: Clefable\n|-damage|p2a: Clefable|154\/196\n|\n|t:|1625901278\n|switch|p1a: Klefki|Klefki, L50, F|118\/157\n|-damage|p1a: Klefki|92\/157|[from] Spikes\n|move|p2a: Clefable|Moonblast|p1a: Klefki\n|-resisted|p1a: Klefki\n|-damage|p1a: Klefki|37\/157\n|\n|-weather|RainDance|[upkeep]\n|upkeep\n|turn|17\n|c| JAMKRE|\u5e26\u5251\u821e\u7684\u53d7\u706b\u96bc\u5417....\n|j| Ryuhiu\n|\n|t:|1625901286\n|switch|p2a: Nidoqueen|Nidoqueen, L50, F|182\/182\n|-damage|p2a: Nidoqueen|171\/182|[from] Stealth Rock\n|move|p1a: Klefki|Thunder Wave|p2a: Nidoqueen\n|-immune|p2a: Nidoqueen\n|\n|-weather|RainDance|[upkeep]\n|-heal|p2a: Nidoqueen|182\/182|[from] item: Black Sludge\n|upkeep\n|turn|18\n|\n|t:|1625901291\n|switch|p1a: Mantine|Mantine, L50, F|160\/160\n|move|p2a: Nidoqueen|Stealth Rock|p1a: Mantine\n|-sidestart|p1: lonietzzz|move: Stealth Rock\n|\n|-weather|RainDance|[upkeep]\n|upkeep\n|turn|19\n|\n|t:|1625901301\n|switch|p2a: Breloom|Breloom, L50, M|18\/133 tox\n|-damage|p2a: Breloom|10\/133 tox|[from] Stealth Rock\n|move|p1a: Mantine|Defog|p2a: Breloom\n|-unboost|p2a: Breloom|evasion|1\n|-sideend|p2: kitoothe|Stealth Rock|[from] move: Defog|[of] p1a: Mantine\n|-sideend|p1: lonietzzz|Spikes|[from] move: Defog|[of] p1a: Mantine\n|-sideend|p1: lonietzzz|Stealth Rock|[from] move: Defog|[of] p1a: Mantine\n|\n|-weather|RainDance|[upkeep]\n|-heal|p2a: Breloom|26\/133 tox|[from] ability: Poison Heal\n|upkeep\n|turn|20\n|\n|t:|1625901307\n|move|p1a: Mantine|Air Slash|p2a: Breloom\n|-supereffective|p2a: Breloom\n|-damage|p2a: Breloom|0 fnt\n|faint|p2a: Breloom\n|\n|-weather|RainDance|[upkeep]\n|upkeep\n|c|\u2606kitoothe|cao \n|\n|t:|1625901316\n|switch|p2a: Clefable|Clefable, L50, M|154\/196\n|turn|21\n|\n|t:|1625901324\n|switch|p1a: Klefki|Klefki, L50, F|37\/157\n|move|p2a: Clefable|Calm Mind|p2a: Clefable\n|-boost|p2a: Clefable|spa|1\n|-boost|p2a: Clefable|spd|1\n|\n|-weather|RainDance|[upkeep]\n|upkeep\n|turn|22\n|\n|t:|1625901334\n|move|p1a: Klefki|Spikes|p2a: Clefable\n|-sidestart|p2: kitoothe|Spikes\n|move|p2a: Clefable|Calm Mind|p2a: Clefable\n|-boost|p2a: Clefable|spa|1\n|-boost|p2a: Clefable|spd|1\n|\n|-weather|none\n|upkeep\n|turn|23\n|c| JAMKRE|swift swim \u5de8\u7fc5\u98de\u9c7c\uff1f\n|\n|t:|1625901336\n|move|p1a: Klefki|Thunder Wave|p2a: Clefable\n|-status|p2a: Clefable|par\n|move|p2a: Clefable|Calm Mind|p2a: Clefable\n|-boost|p2a: Clefable|spa|1\n|-boost|p2a: Clefable|spd|1\n|\n|upkeep\n|turn|24\n|c|\u2606kitoothe|\u6211\u89c9\u5f97\u6211\u8d62\u4e86\u554a\n|c|\u2606lonietzzz|\u6211\u6709\u70b9\u6162\n|\n|t:|1625901355\n|switch|p1a: Ferrothorn|Ferrothorn, L50, M|178\/178\n|move|p2a: Clefable|Calm Mind|p2a: Clefable\n|-boost|p2a: Clefable|spa|1\n|-boost|p2a: Clefable|spd|1\n|\n|upkeep\n|turn|25\n|c|\u2606kitoothe|\u4f60\u4e0d\u80fd\u8fd8\u6709haze\u5427\n|\n|t:|1625901360\n|cant|p2a: Clefable|par\n|move|p1a: Ferrothorn|Iron Head|p2a: Clefable\n|-supereffective|p2a: Clefable\n|-damage|p2a: Clefable|64\/196 par\n|\n|upkeep\n|turn|26\n|\n|t:|1625901364\n|cant|p2a: Clefable|par\n|move|p1a: Ferrothorn|Iron Head|p2a: Clefable\n|-supereffective|p2a: Clefable\n|-damage|p2a: Clefable|0 fnt\n|faint|p2a: Clefable\n|\n|upkeep\n|c| JAMKRE|\u54c8\u54c8\u54c8\u54c8\u54c8\u54c8\n|\n|t:|1625901369\n|switch|p2a: Nidoqueen|Nidoqueen, L50, F|182\/182\n|-damage|p2a: Nidoqueen|160\/182|[from] Spikes\n|turn|27\n|c| gyptv|hhhhhh\n|c|\u2606lonietzzz|\u6211\u6bd4\u8f83\u72d7\n|\n|t:|1625901375\n|switch|p1a: Pelipper|Pelipper, L50, M|136\/155\n|-weather|RainDance|[from] ability: Drizzle|[of] p1a: Pelipper\n|move|p2a: Nidoqueen|Stealth Rock|p1a: Pelipper\n|-sidestart|p1: lonietzzz|move: Stealth Rock\n|\n|-weather|RainDance|[upkeep]\n|-heal|p2a: Nidoqueen|171\/182|[from] item: Black Sludge\n|upkeep\n|turn|28\n|\n|t:|1625901383\n|switch|p1a: Klefki|Klefki, L50, F|37\/157\n|-damage|p1a: Klefki|28\/157|[from] Stealth Rock\n|move|p2a: Nidoqueen|Toxic Spikes|p1a: Klefki\n|-sidestart|p1: lonietzzz|move: Toxic Spikes\n|\n|-weather|RainDance|[upkeep]\n|-heal|p2a: Nidoqueen|182\/182|[from] item: Black Sludge\n|upkeep\n|turn|29\n|\n|t:|1625901387\n|move|p1a: Klefki|Spikes|p2a: Nidoqueen\n|-sidestart|p2: kitoothe|Spikes\n|move|p2a: Nidoqueen|Earthquake|p1a: Klefki\n|-supereffective|p1a: Klefki\n|-damage|p1a: Klefki|0 fnt\n|faint|p1a: Klefki\n|\n|-weather|RainDance|[upkeep]\n|upkeep\n|\n|t:|1625901396\n|switch|p1a: Seismitoad|Seismitoad, L50, F|159\/176\n|-damage|p1a: Seismitoad|148\/176|[from] Stealth Rock\n|-status|p1a: Seismitoad|psn\n|turn|30\n|\n|t:|1625901401\n|move|p1a: Seismitoad|Earth Power|p2a: Nidoqueen\n|-supereffective|p2a: Nidoqueen\n|-damage|p2a: Nidoqueen|0 fnt\n|faint|p2a: Nidoqueen\n|-damage|p1a: Seismitoad|131\/176 psn|[from] item: Life Orb\n|\n|-weather|RainDance|[upkeep]\n|-damage|p1a: Seismitoad|109\/176 psn|[from] psn\n|upkeep\n|\n|t:|1625901404\n|switch|p2a: Ferrothorn|Ferrothorn, L50, M|94\/166\n|-damage|p2a: Ferrothorn|67\/166|[from] Spikes\n|turn|31\n|\n|t:|1625901411\n|move|p1a: Seismitoad|Earth Power|p2a: Ferrothorn\n|-damage|p2a: Ferrothorn|1\/166\n|-damage|p1a: Seismitoad|92\/176 psn|[from] item: Life Orb\n|move|p2a: Ferrothorn|Body Press|p1a: Seismitoad\n|-damage|p1a: Seismitoad|28\/176 psn\n|\n|-weather|RainDance|[upkeep]\n|-damage|p1a: Seismitoad|6\/176 psn|[from] psn\n|upkeep\n|turn|32\n|\n|t:|1625901414\n|move|p1a: Seismitoad|Weather Ball|p2a: Ferrothorn\n|-resisted|p2a: Ferrothorn\n|-damage|p2a: Ferrothorn|0 fnt\n|faint|p2a: Ferrothorn\n|-damage|p1a: Seismitoad|0 fnt|[from] item: Life Orb\n|faint|p1a: Seismitoad\n|\n|-weather|RainDance|[upkeep]\n|upkeep\n|c|\u2606kitoothe|\u8fd8\u6709\u673a\u4f1a\uff01\n|\n|t:|1625901420\n|switch|p1a: Mantine|Mantine, L50, F|160\/160\n|switch|p2a: Weavile|Weavile, L50, F|130\/130\n|-ability|p2a: Weavile|Pressure\n|turn|33\n|\n|t:|1625901425\n|move|p1a: Mantine|Scald|p2a: Weavile\n|-damage|p2a: Weavile|37\/130\n|-status|p2a: Weavile|brn\n|move|p2a: Weavile|Triple Axel|p1a: Mantine\n|-damage|p1a: Mantine|149\/160\n|-damage|p1a: Mantine|129\/160\n|-hitcount|p1a: Mantine|2\n|\n|-weather|RainDance|[upkeep]\n|-damage|p2a: Weavile|29\/130 brn|[from] brn\n|upkeep\n|turn|34\n|\n|t:|1625901430\n|move|p2a: Weavile|Ice Shard|p1a: Mantine\n|-damage|p1a: Mantine|110\/160\n|move|p1a: Mantine|Scald|p2a: Weavile\n|-crit|p2a: Weavile\n|-damage|p2a: Weavile|0 fnt\n|faint|p2a: Weavile\n|\n|win|lonietzzz\n|n|\u2606lonietzzz|lonietzzz\n|n|\u2606kitoothe|kitoothe\n|n| JAMKRE|jamkre\n|n| gyptv|gyptv\n|n|@QY_CS|qycs\n|n|@zerodragon123|zerodragon123\n|n| cute huanhuan|cutehuanhuan\n|n| IWantYouZZZ|iwantyouzzz\n|n| 126l|126l\n|n| arcv123|arcv123\n|n| ghost888|ghost888\n|n| Ryuhiu|ryuhiu\n","uploadtime":1625901432,"views":42,"p1id":"lonietzzz","p2id":"kitoothe","formatid":"gen8petmode","rating":0,"private":0,"password":null}