{"id":"china-gen5ou-5214148","p1":"shuo\u7855\u5fb7er","p2":"AlIoutdragadarts","format":"gen5ou","log":"|uhtml|report-battle|<b>\u5c06\u5bf9\u6218\u94fe\u63a5\u516c\u5f00\u5230:<\/b> <button class=\"button\" name=\"send\" value=\"\/reportto skypillar\">Sky Pillar<\/button><button class=\"button\" name=\"send\" value=\"\/reportto shinx\">Shinx<\/button>\n|j|\u2606shuo\u7855\u5fb7er\n|j|\u2606AlIoutdragadarts\n|inactive|Battle timer is ON: inactive players will automatically lose when time's up.\n|t:|1659702226\n|gametype|singles\n|player|p1|shuo\u7855\u5fb7er|shuoer.jpg|\n|player|p2|AlIoutdragadarts|dawn|\n|teamsize|p1|6\n|teamsize|p2|6\n|gen|5\n|tier|[Gen 5] OU\n|rated|Tournament battle\n|rule|Species Clause: Limit one of each Pok\u00e9mon\n|rule|OHKO Clause: OHKO moves are banned\n|rule|Moody Clause: Moody is banned\n|rule|Evasion Moves Clause: Evasion moves are banned\n|rule|Endless Battle Clause: Forcing endless battles is banned\n|rule|HP Percentage Mod: HP is shown in percentages\n|rule|Evasion Abilities Clause: Evasion abilities are banned\n|rule|Sleep Clause: Sleep-inducing moves are banned\n|rule|Swagger Clause: Swagger is banned\n|clearpoke\n|poke|p1|Politoed, F|item\n|poke|p1|Thundurus-Therian, M|item\n|poke|p1|Ferrothorn, M|item\n|poke|p1|Tentacruel, M|item\n|poke|p1|Latios, M|item\n|poke|p1|Mamoswine, M|item\n|poke|p2|Ninetales, F|item\n|poke|p2|Charizard, M|item\n|poke|p2|Golduck, M|item\n|poke|p2|Xatu, F|item\n|poke|p2|Donphan, F|item\n|poke|p2|Jellicent, M|item\n|teampreview\n|inactive|shuo\u7855\u5fb7er has 120 seconds left.\n|\n|t:|1659702261\n|start\n|switch|p1a: Sweet Creature|Politoed, F|100\/100\n|switch|p2a: Psyclone|Xatu, F|100\/100\n|-weather|RainDance|[from] ability: Drizzle|[of] p1a: Sweet Creature\n|turn|1\n|\n|t:|1659702268\n|move|p2a: Psyclone|Light Screen|p2a: Psyclone\n|-sidestart|p2: AlIoutdragadarts|move: Light Screen\n|move|p1a: Sweet Creature|Scald|p2a: Psyclone\n|-damage|p2a: Psyclone|73\/100\n|-status|p2a: Psyclone|brn\n|\n|-weather|RainDance|[upkeep]\n|-damage|p2a: Psyclone|61\/100 brn|[from] brn\n|upkeep\n|turn|2\n|\n|t:|1659702280\n|move|p2a: Psyclone|U-turn|p1a: Sweet Creature\n|-damage|p1a: Sweet Creature|95\/100\n|\n|t:|1659702283\n|switch|p2a: Bianca|Ninetales, F|100\/100|[from]move: U-turn\n|-weather|SunnyDay|[from] ability: Drought|[of] p2a: Bianca\n|move|p1a: Sweet Creature|Scald|p2a: Bianca\n|-supereffective|p2a: Bianca\n|-damage|p2a: Bianca|89\/100\n|\n|-weather|SunnyDay|[upkeep]\n|-heal|p2a: Bianca|95\/100|[from] item: Leftovers\n|-heal|p1a: Sweet Creature|100\/100|[from] item: Leftovers\n|upkeep\n|turn|3\n|\n|t:|1659702290\n|move|p1a: Sweet Creature|Protect|p1a: Sweet Creature\n|-singleturn|p1a: Sweet Creature|Protect\n|move|p2a: Bianca|Will-O-Wisp|p1a: Sweet Creature\n|-activate|p1a: Sweet Creature|move: Protect\n|\n|-weather|SunnyDay|[upkeep]\n|-heal|p2a: Bianca|100\/100|[from] item: Leftovers\n|upkeep\n|turn|4\n|\n|t:|1659702295\n|switch|p1a: Fine Line|Latios, M|100\/100\n|move|p2a: Bianca|Will-O-Wisp|p1a: Fine Line\n|-status|p1a: Fine Line|brn\n|\n|-weather|SunnyDay|[upkeep]\n|-damage|p1a: Fine Line|88\/100 brn|[from] brn\n|upkeep\n|turn|5\n|\n|t:|1659702303\n|switch|p1a: Sweet Creature|Politoed, F|100\/100\n|-weather|RainDance|[from] ability: Drizzle|[of] p1a: Sweet Creature\n|switch|p2a: Razza|Golduck, M, shiny|100\/100\n|-ability|p2a: Razza|Cloud Nine\n|\n|-weather|RainDance|[upkeep]\n|-sideend|p2: AlIoutdragadarts|move: Light Screen\n|upkeep\n|turn|6\n|\n|t:|1659702318\n|switch|p2a: Bianca|Ninetales, F|100\/100\n|-weather|SunnyDay|[from] ability: Drought|[of] p2a: Bianca\n|move|p1a: Sweet Creature|Perish Song|p1a: Sweet Creature\n|-start|p1a: Sweet Creature|perish3|[silent]\n|-start|p2a: Bianca|perish3|[silent]\n|-fieldactivate|move: Perish Song\n|\n|-weather|SunnyDay|[upkeep]\n|-start|p2a: Bianca|perish3\n|-start|p1a: Sweet Creature|perish3\n|upkeep\n|turn|7\n|\n|t:|1659702332\n|move|p1a: Sweet Creature|Protect|p1a: Sweet Creature\n|-singleturn|p1a: Sweet Creature|Protect\n|move|p2a: Bianca|Will-O-Wisp|p1a: Sweet Creature\n|-activate|p1a: Sweet Creature|move: Protect\n|\n|-weather|SunnyDay|[upkeep]\n|-start|p2a: Bianca|perish2\n|-start|p1a: Sweet Creature|perish2\n|upkeep\n|turn|8\n|\n|t:|1659702345\n|switch|p1a: Fine Line|Latios, M|88\/100 brn\n|move|p2a: Bianca|Will-O-Wisp|p1a: Fine Line\n|-fail|p1a: Fine Line|brn\n|\n|-weather|SunnyDay|[upkeep]\n|-damage|p1a: Fine Line|76\/100 brn|[from] brn\n|-start|p2a: Bianca|perish1\n|upkeep\n|turn|9\n|\n|t:|1659702351\n|switch|p2a: Julius|Jellicent, M|100\/100\n|move|p1a: Fine Line|Draco Meteor|p2a: Julius\n|-damage|p2a: Julius|55\/100\n|-unboost|p1a: Fine Line|spa|2\n|\n|-weather|SunnyDay|[upkeep]\n|-damage|p1a: Fine Line|64\/100 brn|[from] brn\n|upkeep\n|turn|10\n|\n|t:|1659702356\n|switch|p1a: Thundurus|Thundurus-Therian, M|100\/100\n|move|p2a: Julius|Recover|p2a: Julius\n|-heal|p2a: Julius|100\/100\n|\n|-weather|SunnyDay|[upkeep]\n|upkeep\n|turn|11\n|\n|t:|1659702360\n|switch|p2a: Sophie|Donphan, F|100\/100\n|move|p1a: Thundurus|Substitute|p1a: Thundurus\n|-start|p1a: Thundurus|Substitute\n|-damage|p1a: Thundurus|76\/100\n|\n|-weather|SunnyDay|[upkeep]\n|-heal|p1a: Thundurus|82\/100|[from] item: Leftovers\n|upkeep\n|turn|12\n|\n|t:|1659702367\n|move|p2a: Sophie|Ice Shard|p1a: Thundurus\n|-supereffective|p1a: Thundurus\n|-end|p1a: Thundurus|Substitute\n|move|p1a: Thundurus|Hidden Power|p2a: Sophie\n|-supereffective|p2a: Sophie\n|-damage|p2a: Sophie|14\/100\n|\n|-weather|SunnyDay|[upkeep]\n|-heal|p1a: Thundurus|88\/100|[from] item: Leftovers\n|-heal|p2a: Sophie|20\/100|[from] item: Leftovers\n|upkeep\n|turn|13\n|\n|t:|1659702376\n|switch|p1a: Sweet Creature|Politoed, F|100\/100\n|-weather|RainDance|[from] ability: Drizzle|[of] p1a: Sweet Creature\n|move|p2a: Sophie|Ice Shard|p1a: Sweet Creature\n|-resisted|p1a: Sweet Creature\n|-damage|p1a: Sweet Creature|94\/100\n|\n|-weather|RainDance|[upkeep]\n|-heal|p1a: Sweet Creature|99\/100|[from] item: Leftovers\n|-heal|p2a: Sophie|27\/100|[from] item: Leftovers\n|upkeep\n|turn|14\n|\n|t:|1659702381\n|move|p1a: Sweet Creature|Scald|p2a: Sophie\n|-supereffective|p2a: Sophie\n|-damage|p2a: Sophie|0 fnt\n|faint|p2a: Sophie\n|\n|-weather|RainDance|[upkeep]\n|-heal|p1a: Sweet Creature|100\/100|[from] item: Leftovers\n|upkeep\n|\n|t:|1659702384\n|switch|p2a: Bianca|Ninetales, F|100\/100\n|-weather|SunnyDay|[from] ability: Drought|[of] p2a: Bianca\n|turn|15\n|\n|t:|1659702392\n|move|p2a: Bianca|Will-O-Wisp|p1a: Sweet Creature\n|-status|p1a: Sweet Creature|brn\n|move|p1a: Sweet Creature|Perish Song|p1a: Sweet Creature\n|-start|p1a: Sweet Creature|perish3|[silent]\n|-start|p2a: Bianca|perish3|[silent]\n|-fieldactivate|move: Perish Song\n|\n|-weather|SunnyDay|[upkeep]\n|-damage|p1a: Sweet Creature|88\/100 brn|[from] brn\n|-start|p2a: Bianca|perish3\n|-start|p1a: Sweet Creature|perish3\n|upkeep\n|turn|16\n|j| cbz123\n|\n|t:|1659702410\n|move|p2a: Bianca|Overheat|p1a: Sweet Creature|[miss]\n|-miss|p2a: Bianca|p1a: Sweet Creature\n|move|p1a: Sweet Creature|Encore|p2a: Bianca\n|-start|p2a: Bianca|Encore\n|\n|-weather|SunnyDay|[upkeep]\n|-heal|p1a: Sweet Creature|94\/100 brn|[from] item: Leftovers\n|-damage|p1a: Sweet Creature|82\/100 brn|[from] brn\n|-start|p2a: Bianca|perish2\n|-start|p1a: Sweet Creature|perish2\n|upkeep\n|turn|17\n|\n|t:|1659702427\n|switch|p2a: Rick|Charizard, M|100\/100\n|move|p1a: Sweet Creature|Perish Song|p1a: Sweet Creature\n|-start|p2a: Rick|perish3|[silent]\n|-fieldactivate|move: Perish Song\n|\n|-weather|SunnyDay|[upkeep]\n|-damage|p2a: Rick|88\/100|[from] ability: Solar Power|[of] p2a: Rick\n|-heal|p1a: Sweet Creature|88\/100 brn|[from] item: Leftovers\n|-damage|p1a: Sweet Creature|76\/100 brn|[from] brn\n|-start|p2a: Rick|perish3\n|-start|p1a: Sweet Creature|perish1\n|upkeep\n|turn|18\n|\n|t:|1659702443\n|switch|p1a: Watermelon Sugar|Tentacruel, M|100\/100\n|move|p2a: Rick|Overheat|p1a: Watermelon Sugar\n|-resisted|p1a: Watermelon Sugar\n|-damage|p1a: Watermelon Sugar|24\/100\n|-unboost|p2a: Rick|spa|2\n|\n|-weather|SunnyDay|[upkeep]\n|-damage|p2a: Rick|76\/100|[from] ability: Solar Power|[of] p2a: Rick\n|-heal|p1a: Watermelon Sugar|30\/100|[from] item: Black Sludge\n|-start|p2a: Rick|perish2\n|upkeep\n|turn|19\n|\n|t:|1659702447\n|move|p1a: Watermelon Sugar|Protect|p1a: Watermelon Sugar\n|-singleturn|p1a: Watermelon Sugar|Protect\n|move|p2a: Rick|Overheat|p1a: Watermelon Sugar\n|-activate|p1a: Watermelon Sugar|move: Protect\n|\n|-weather|SunnyDay|[upkeep]\n|-damage|p2a: Rick|63\/100|[from] ability: Solar Power|[of] p2a: Rick\n|-heal|p1a: Watermelon Sugar|36\/100|[from] item: Black Sludge\n|-start|p2a: Rick|perish1\n|upkeep\n|turn|20\n|\n|t:|1659702452\n|switch|p2a: Julius|Jellicent, M|100\/100\n|switch|p1a: Sweet Creature|Politoed, F|76\/100 brn\n|-weather|RainDance|[from] ability: Drizzle|[of] p1a: Sweet Creature\n|\n|-weather|RainDance|[upkeep]\n|-heal|p1a: Sweet Creature|82\/100 brn|[from] item: Leftovers\n|-damage|p1a: Sweet Creature|69\/100 brn|[from] brn\n|upkeep\n|turn|21\n|\n|t:|1659702457\n|switch|p1a: Thundurus|Thundurus-Therian, M|88\/100\n|move|p2a: Julius|Night Shade|p1a: Thundurus\n|-damage|p1a: Thundurus|54\/100\n|\n|-weather|RainDance|[upkeep]\n|-heal|p1a: Thundurus|60\/100|[from] item: Leftovers\n|upkeep\n|turn|22\n|\n|t:|1659702467\n|switch|p2a: Bianca|Ninetales, F|100\/100\n|-weather|SunnyDay|[from] ability: Drought|[of] p2a: Bianca\n|move|p1a: Thundurus|Thunder|p2a: Bianca\n|-damage|p2a: Bianca|40\/100\n|\n|-weather|SunnyDay|[upkeep]\n|-heal|p1a: Thundurus|66\/100|[from] item: Leftovers\n|-heal|p2a: Bianca|46\/100|[from] item: Leftovers\n|upkeep\n|turn|23\n|\n|t:|1659702473\n|switch|p1a: Sweet Creature|Politoed, F|69\/100 brn\n|-weather|RainDance|[from] ability: Drizzle|[of] p1a: Sweet Creature\n|move|p2a: Bianca|Overheat|p1a: Sweet Creature|[miss]\n|-miss|p2a: Bianca|p1a: Sweet Creature\n|\n|-weather|RainDance|[upkeep]\n|-heal|p2a: Bianca|52\/100|[from] item: Leftovers\n|-heal|p1a: Sweet Creature|75\/100 brn|[from] item: Leftovers\n|-damage|p1a: Sweet Creature|63\/100 brn|[from] brn\n|upkeep\n|turn|24\n|\n|t:|1659702482\n|switch|p2a: Razza|Golduck, M, shiny|100\/100\n|-ability|p2a: Razza|Cloud Nine\n|switch|p1a: Golden|Mamoswine, M, shiny|100\/100\n|\n|-weather|RainDance|[upkeep]\n|upkeep\n|turn|25\n|inactive|AlIoutdragadarts has 120 seconds left.\n|\n|t:|1659702529\n|switch|p1a: Falling|Ferrothorn, M|100\/100\n|move|p2a: Razza|Focus Blast|p1a: Falling|[miss]\n|-miss|p2a: Razza|p1a: Falling\n|\n|-weather|RainDance|[upkeep]\n|upkeep\n|turn|26\n|\n|t:|1659702541\n|switch|p2a: Rick|Charizard, M|63\/100\n|switch|p1a: Fine Line|Latios, M|64\/100 brn\n|\n|-weather|RainDance|[upkeep]\n|-damage|p1a: Fine Line|51\/100 brn|[from] brn\n|upkeep\n|turn|27\n|\n|t:|1659702549\n|switch|p2a: Julius|Jellicent, M|100\/100\n|move|p1a: Fine Line|Draco Meteor|p2a: Julius\n|-damage|p2a: Julius|53\/100\n|-unboost|p1a: Fine Line|spa|2\n|\n|-weather|RainDance|[upkeep]\n|-damage|p1a: Fine Line|39\/100 brn|[from] brn\n|upkeep\n|turn|28\n|inactive|AlIoutdragadarts has 120 seconds left.\n|\n|t:|1659702555\n|switch|p1a: Thundurus|Thundurus-Therian, M|66\/100\n|move|p2a: Julius|Will-O-Wisp|p1a: Thundurus|[miss]\n|-miss|p2a: Julius|p1a: Thundurus\n|\n|-weather|RainDance|[upkeep]\n|-heal|p1a: Thundurus|72\/100|[from] item: Leftovers\n|upkeep\n|turn|29\n|\n|t:|1659702563\n|switch|p2a: Bianca|Ninetales, F|52\/100\n|-weather|SunnyDay|[from] ability: Drought|[of] p2a: Bianca\n|move|p1a: Thundurus|Substitute|p1a: Thundurus\n|-start|p1a: Thundurus|Substitute\n|-damage|p1a: Thundurus|48\/100\n|\n|-weather|SunnyDay|[upkeep]\n|-heal|p1a: Thundurus|54\/100|[from] item: Leftovers\n|-heal|p2a: Bianca|58\/100|[from] item: Leftovers\n|upkeep\n|turn|30\n|\n|t:|1659702567\n|move|p1a: Thundurus|Thunder|p2a: Bianca\n|-damage|p2a: Bianca|0 fnt\n|faint|p2a: Bianca\n|\n|-weather|SunnyDay|[upkeep]\n|-heal|p1a: Thundurus|60\/100|[from] item: Leftovers\n|upkeep\n|-message|AlIoutdragadarts forfeited.\n|\n|win|shuo\u7855\u5fb7er\n|n|\u2606shuo\u7855\u5fb7er|shuoer\n|n|\u2606AlIoutdragadarts|alioutdragadarts\n|n| cbz123|cbz123\n","uploadtime":1659702573,"views":11,"p1id":"shuoer","p2id":"alioutdragadarts","formatid":"gen5ou","rating":0,"private":0,"password":null}