{"id":"china-gen7randombattle-3891803","p1":"yuudachi0811\u5915\u7acb","p2":"swordsman.n","format":"gen7randombattle","log":"|j|\u2606yuudachi0811\u5915\u7acb\n|j|\u2606swordsman.n\n|t:|1637330697\n|gametype|singles\n|player|p1|yuudachi0811\u5915\u7acb|170|\n|player|p2|swordsman.n|249|\n|teamsize|p1|6\n|teamsize|p2|6\n|gen|7\n|tier|[Gen 7] Random Battle\n|rule|Sleep Clause Mod: Limit one foe put to sleep\n|rule|HP Percentage Mod: HP is shown in percentages\n|\n|t:|1637330697\n|start\n|switch|p1a: Rotom|Rotom-Frost, L88|231\/231\n|switch|p2a: Abomasnow|Abomasnow, L86, F|295\/295\n|-weather|Hail|[from] ability: Snow Warning|[of] p2a: Abomasnow\n|turn|1\n|\n|t:|1637330716\n|detailschange|p2a: Abomasnow|Abomasnow-Mega, L86, F\n|-mega|p2a: Abomasnow|Abomasnow|Abomasite\n|move|p1a: Rotom|Volt Switch|p2a: Abomasnow\n|-resisted|p2a: Abomasnow\n|-damage|p2a: Abomasnow|256\/295\n|j| peyko\n|\n|t:|1637330722\n|switch|p1a: Delibird|Delibird, M|251\/251\n|move|p2a: Abomasnow|Hidden Power|p1a: Delibird\n|-supereffective|p1a: Delibird\n|-damage|p1a: Delibird|85\/251\n|\n|-weather|Hail|[upkeep]\n|-heal|p1a: Delibird|100\/251|[from] item: Leftovers\n|upkeep\n|turn|2\n|\n|t:|1637330732\n|move|p1a: Delibird|Destiny Bond|p1a: Delibird\n|-singlemove|p1a: Delibird|Destiny Bond\n|move|p2a: Abomasnow|Blizzard|p1a: Delibird\n|-damage|p1a: Delibird|0 fnt\n|faint|p1a: Delibird\n|-activate|p1a: Delibird|move: Destiny Bond\n|faint|p2a: Abomasnow\n|\n|-weather|Hail|[upkeep]\n|upkeep\n|\n|t:|1637330747\n|switch|p1a: Rotom|Rotom-Frost, L88|231\/231\n|switch|p2a: Nihilego|Nihilego, L82|313\/313\n|-item|p2a: Nihilego|Air Balloon\n|turn|3\n|\n|t:|1637330752\n|move|p1a: Rotom|Volt Switch|p2a: Nihilego\n|-damage|p2a: Nihilego|240\/313\n|-enditem|p2a: Nihilego|Air Balloon\n|\n|t:|1637330756\n|switch|p1a: Garchomp|Garchomp, L80, M|304\/304\n|move|p2a: Nihilego|Stealth Rock|p1a: Garchomp\n|-sidestart|p1: yuudachi0811\u5915\u7acb|move: Stealth Rock\n|\n|-weather|Hail|[upkeep]\n|-damage|p2a: Nihilego|221\/313|[from] Hail\n|-damage|p1a: Garchomp|285\/304|[from] Hail\n|upkeep\n|turn|4\n|\n|t:|1637330767\n|switch|p2a: Dodrio|Dodrio, L88, F|249\/249\n|move|p1a: Garchomp|Earthquake|p2a: Dodrio\n|-immune|p2a: Dodrio\n|\n|-weather|Hail|[upkeep]\n|-damage|p2a: Dodrio|234\/249|[from] Hail\n|-damage|p1a: Garchomp|266\/304|[from] Hail\n|upkeep\n|turn|5\n|\n|t:|1637330775\n|move|p2a: Dodrio|Swords Dance|p2a: Dodrio\n|-boost|p2a: Dodrio|atk|2\n|move|p1a: Garchomp|Stone Edge|p2a: Dodrio\n|-supereffective|p2a: Dodrio\n|-damage|p2a: Dodrio|46\/249\n|\n|-weather|none\n|upkeep\n|turn|6\n|\n|t:|1637330791\n|switch|p1a: Rotom|Rotom-Frost, L88|231\/231\n|-damage|p1a: Rotom|174\/231|[from] Stealth Rock\n|-zpower|p2a: Dodrio\n|move|p2a: Dodrio|Supersonic Skystrike|p1a: Rotom|[zeffect]\n|-resisted|p1a: Rotom\n|-damage|p1a: Rotom|0 fnt\n|faint|p1a: Rotom\n|\n|upkeep\n|c|\u2606yuudachi0811\u5915\u7acb|\u5bf9\u624b\u7684\u561f\u561f\u5229\u4f7f\u7528\u4e86\u6781\u901f\u4fef\u51b2\u8f70\u70c8\u649e!\n|c|\u2606yuudachi0811\u5915\u7acb|\u574f\u4e86\n|c|\u2606yuudachi0811\u5915\u7acb|\u6211\u8fd9\u6ca1Z\u7136\u540e\u5fd8\u4e86\u8fd9\u662f7\u4e86\n|\n|t:|1637330816\n|switch|p1a: Aerodactyl|Aerodactyl, L86, F|278\/278\n|-damage|p1a: Aerodactyl|209\/278|[from] Stealth Rock\n|turn|7\n|\n|t:|1637330839\n|move|p1a: Aerodactyl|Double-Edge|p2a: Dodrio\n|-damage|p2a: Dodrio|0 fnt\n|faint|p2a: Dodrio\n|\n|-heal|p1a: Aerodactyl|226\/278|[from] item: Leftovers\n|upkeep\n|\n|t:|1637330844\n|switch|p2a: Dialga|Dialga, L76|277\/277\n|-ability|p2a: Dialga|Pressure\n|turn|8\n|\n|t:|1637330875\n|move|p1a: Aerodactyl|Double-Edge|p2a: Dialga\n|-resisted|p2a: Dialga\n|-damage|p2a: Dialga|234\/277\n|move|p2a: Dialga|Flash Cannon|p1a: Aerodactyl\n|-supereffective|p1a: Aerodactyl\n|-damage|p1a: Aerodactyl|0 fnt\n|faint|p1a: Aerodactyl\n|\n|-heal|p2a: Dialga|251\/277|[from] item: Leftovers\n|upkeep\n|\n|t:|1637330887\n|switch|p1a: Garchomp|Garchomp, L80, M|266\/304\n|-damage|p1a: Garchomp|247\/304|[from] Stealth Rock\n|turn|9\n|j| syelza\n|\n|t:|1637330899\n|move|p1a: Garchomp|Earthquake|p2a: Dialga\n|-supereffective|p2a: Dialga\n|-damage|p2a: Dialga|27\/277\n|move|p2a: Dialga|Draco Meteor|p1a: Garchomp\n|-supereffective|p1a: Garchomp\n|-damage|p1a: Garchomp|0 fnt\n|-unboost|p2a: Dialga|spa|2\n|faint|p1a: Garchomp\n|\n|-heal|p2a: Dialga|44\/277|[from] item: Leftovers\n|upkeep\n|\n|t:|1637330905\n|switch|p1a: Scolipede|Scolipede, L82, F|233\/233\n|-damage|p1a: Scolipede|175\/233|[from] Stealth Rock\n|turn|10\n|\n|t:|1637330915\n|move|p1a: Scolipede|Swords Dance|p1a: Scolipede\n|-boost|p1a: Scolipede|atk|2\n|move|p2a: Dialga|Roar|p1a: Scolipede\n|drag|p1a: Tapu Bulu|Tapu Bulu, L80|243\/243\n|-damage|p1a: Tapu Bulu|213\/243|[from] Stealth Rock\n|-fieldstart|move: Grassy Terrain|[from] ability: Grassy Surge|[of] p1a: Tapu Bulu\n|\n|-heal|p2a: Dialga|61\/277|[from] Grassy Terrain\n|-heal|p2a: Dialga|78\/277|[from] item: Leftovers\n|-heal|p1a: Tapu Bulu|228\/243|[from] Grassy Terrain\n|-heal|p1a: Tapu Bulu|243\/243|[from] item: Leftovers\n|upkeep\n|turn|11\n|\n|t:|1637330928\n|move|p2a: Dialga|Toxic|p1a: Tapu Bulu\n|-status|p1a: Tapu Bulu|tox\n|move|p1a: Tapu Bulu|Bulk Up|p1a: Tapu Bulu\n|-boost|p1a: Tapu Bulu|atk|1\n|-boost|p1a: Tapu Bulu|def|1\n|\n|-heal|p2a: Dialga|95\/277|[from] Grassy Terrain\n|-heal|p2a: Dialga|112\/277|[from] item: Leftovers\n|-damage|p1a: Tapu Bulu|228\/243 tox|[from] psn\n|upkeep\n|turn|12\n|\n|t:|1637330944\n|move|p1a: Tapu Bulu|Horn Leech|p2a: Dialga\n|-resisted|p2a: Dialga\n|-damage|p2a: Dialga|71\/277\n|-heal|p1a: Tapu Bulu|243\/243 tox|[from] drain|[of] p2a: Dialga\n|move|p2a: Dialga|Roar|p1a: Tapu Bulu\n|drag|p1a: Scolipede|Scolipede, L82, F|175\/233\n|-damage|p1a: Scolipede|117\/233|[from] Stealth Rock\n|\n|-heal|p1a: Scolipede|131\/233|[from] Grassy Terrain\n|-heal|p2a: Dialga|88\/277|[from] Grassy Terrain\n|-heal|p2a: Dialga|105\/277|[from] item: Leftovers\n|upkeep\n|turn|13\n|\n|t:|1637330956\n|move|p1a: Scolipede|Earthquake|p2a: Dialga\n|-supereffective|p2a: Dialga\n|-damage|p2a: Dialga|19\/277\n|-damage|p1a: Scolipede|108\/233|[from] item: Life Orb\n|move|p2a: Dialga|Roar|p1a: Scolipede\n|drag|p1a: Tapu Bulu|Tapu Bulu, L80|243\/243 tox\n|-damage|p1a: Tapu Bulu|213\/243 tox|[from] Stealth Rock\n|\n|-heal|p2a: Dialga|36\/277|[from] Grassy Terrain\n|-heal|p2a: Dialga|53\/277|[from] item: Leftovers\n|-heal|p1a: Tapu Bulu|228\/243 tox|[from] Grassy Terrain\n|-heal|p1a: Tapu Bulu|243\/243 tox|[from] item: Leftovers\n|-damage|p1a: Tapu Bulu|228\/243 tox|[from] psn\n|upkeep\n|turn|14\n|\n|t:|1637330970\n|move|p2a: Dialga|Flash Cannon|p1a: Tapu Bulu\n|-supereffective|p1a: Tapu Bulu\n|-damage|p1a: Tapu Bulu|132\/243 tox\n|move|p1a: Tapu Bulu|Megahorn|p2a: Dialga\n|-resisted|p2a: Dialga\n|-damage|p2a: Dialga|8\/277\n|\n|-heal|p2a: Dialga|25\/277|[from] Grassy Terrain\n|-heal|p2a: Dialga|42\/277|[from] item: Leftovers\n|-heal|p1a: Tapu Bulu|147\/243 tox|[from] Grassy Terrain\n|-heal|p1a: Tapu Bulu|162\/243 tox|[from] item: Leftovers\n|-damage|p1a: Tapu Bulu|132\/243 tox|[from] psn\n|-fieldend|move: Grassy Terrain\n|upkeep\n|turn|15\n|\n|t:|1637330990\n|move|p1a: Tapu Bulu|Horn Leech|p2a: Dialga\n|-resisted|p2a: Dialga\n|-damage|p2a: Dialga|23\/277\n|-heal|p1a: Tapu Bulu|142\/243 tox|[from] drain|[of] p2a: Dialga\n|move|p2a: Dialga|Roar|p1a: Tapu Bulu\n|drag|p1a: Scolipede|Scolipede, L82, F|108\/233\n|-damage|p1a: Scolipede|50\/233|[from] Stealth Rock\n|\n|-heal|p2a: Dialga|40\/277|[from] item: Leftovers\n|upkeep\n|turn|16\n|\n|t:|1637331002\n|move|p1a: Scolipede|Swords Dance|p1a: Scolipede\n|-boost|p1a: Scolipede|atk|2\n|move|p2a: Dialga|Roar|p1a: Scolipede\n|drag|p1a: Tapu Bulu|Tapu Bulu, L80|142\/243 tox\n|-damage|p1a: Tapu Bulu|112\/243 tox|[from] Stealth Rock\n|-fieldstart|move: Grassy Terrain|[from] ability: Grassy Surge|[of] p1a: Tapu Bulu\n|\n|-heal|p2a: Dialga|57\/277|[from] Grassy Terrain\n|-heal|p2a: Dialga|74\/277|[from] item: Leftovers\n|-heal|p1a: Tapu Bulu|127\/243 tox|[from] Grassy Terrain\n|-heal|p1a: Tapu Bulu|142\/243 tox|[from] item: Leftovers\n|-damage|p1a: Tapu Bulu|127\/243 tox|[from] psn\n|upkeep\n|turn|17\n|\n|t:|1637331015\n|move|p2a: Dialga|Flash Cannon|p1a: Tapu Bulu\n|-supereffective|p1a: Tapu Bulu\n|-damage|p1a: Tapu Bulu|25\/243 tox\n|move|p1a: Tapu Bulu|Megahorn|p2a: Dialga\n|-resisted|p2a: Dialga\n|-damage|p2a: Dialga|31\/277\n|\n|-heal|p2a: Dialga|48\/277|[from] Grassy Terrain\n|-heal|p2a: Dialga|65\/277|[from] item: Leftovers\n|-heal|p1a: Tapu Bulu|40\/243 tox|[from] Grassy Terrain\n|-heal|p1a: Tapu Bulu|55\/243 tox|[from] item: Leftovers\n|-damage|p1a: Tapu Bulu|25\/243 tox|[from] psn\n|upkeep\n|turn|18\n|\n|t:|1637331027\n|move|p2a: Dialga|Flash Cannon|p1a: Tapu Bulu\n|-supereffective|p1a: Tapu Bulu\n|-damage|p1a: Tapu Bulu|0 fnt\n|faint|p1a: Tapu Bulu\n|\n|-heal|p2a: Dialga|82\/277|[from] Grassy Terrain\n|-heal|p2a: Dialga|99\/277|[from] item: Leftovers\n|upkeep\n|\n|t:|1637331028\n|switch|p1a: Scolipede|Scolipede, L82, F|50\/233\n|-damage|p1a: Scolipede|0 fnt|[from] Stealth Rock\n|faint|p1a: Scolipede\n|\n|win|swordsman.n\n","inputlog":">version 5f9d7c5fd7d7784ad2f0d0f4b61ea6e75791baaf\n>version-origin 3918ebd609a2bd57e0326bf76fca79306b37a61f\n>start {\"formatid\":\"gen7randombattle\",\"seed\":[49590,5952,21098,19302]}\n>player p1 {\"name\":\"yuudachi0811\u5915\u7acb\",\"avatar\":\"170\",\"rating\":0,\"seed\":[1333,15619,27426,27348]}\n>player p2 {\"name\":\"swordsman.n\",\"avatar\":\"249\",\"rating\":0,\"seed\":[7197,34715,59095,45509]}\n>p1 move voltswitch\n>p2 move hiddenpower mega\n>p1 switch 4\n>p1 move destinybond\n>p2 move blizzard\n>p1 switch 4\n>p2 switch 6\n>p1 move voltswitch\n>p2 move stealthrock\n>p1 switch 5\n>p1 move earthquake\n>p2 switch 2\n>p1 move stoneedge\n>p2 move swordsdance\n>p1 switch 5\n>p2 move bravebird zmove\n>chat \u2606yuudachi0811\u5915\u7acb|\u5bf9\u624b\u7684\u561f\u561f\u5229\u4f7f\u7528\u4e86\u6781\u901f\u4fef\u51b2\u8f70\u70c8\u649e!\n>chat \u2606yuudachi0811\u5915\u7acb|\u574f\u4e86\n>chat \u2606yuudachi0811\u5915\u7acb|\u6211\u8fd9\u6ca1Z\u7136\u540e\u5fd8\u4e86\u8fd9\u662f7\u4e86\n>p1 switch 2\n>p1 move doubleedge\n>p2 move jumpkick\n>p2 switch 4\n>p1 move doubleedge\n>p2 move flashcannon\n>p1 switch 5\n>p1 move earthquake\n>p2 move dracometeor\n>p1 switch 3\n>p1 move swordsdance\n>p2 move roar\n>p1 move bulkup\n>p2 move toxic\n>p1 move hornleech\n>p2 move roar\n>p1 move earthquake\n>p2 move roar\n>p1 move megahorn\n>p2 move flashcannon\n>p1 move hornleech\n>p2 move roar\n>p1 move swordsdance\n>p2 move roar\n>p1 move megahorn\n>p2 move flashcannon\n>p1 move megahorn\n>p2 move flashcannon\n>p1 switch 6","uploadtime":1637331038,"views":9,"p1id":"yuudachi0811","p2id":"swordsmann","formatid":"gen7randombattle","rating":0,"private":0,"password":null}