{"id":"china-gen6ou-5288298","p1":"AlIoutdragadarts","p2":"AquaRotom","format":"gen6ou","log":"|uhtml|report-battle|<b>\u5c06\u5bf9\u6218\u94fe\u63a5\u516c\u5f00\u5230:<\/b> <button class=\"button\" name=\"send\" value=\"\/reportto skypillar\">Sky Pillar<\/button><button class=\"button\" name=\"send\" value=\"\/reportto shinx\">Shinx<\/button>\n|j|\u2606AlIoutdragadarts\n|j|\u2606AquaRotom\n|inactive|Battle timer is ON: inactive players will automatically lose when time's up.\n|t:|1660998391\n|gametype|singles\n|player|p1|AlIoutdragadarts|2|\n|player|p2|AquaRotom|dawn-masters|\n|teamsize|p1|6\n|teamsize|p2|6\n|gen|6\n|tier|[Gen 6] OU\n|rated|Tournament battle\n|rule|Sleep Clause Mod: Limit one foe put to sleep\n|rule|Species Clause: Limit one of each Pok\u00e9mon\n|rule|OHKO Clause: OHKO moves are banned\n|rule|Moody Clause: Moody is banned\n|rule|Evasion Items Clause: Evasion items are banned\n|rule|Evasion Moves Clause: Evasion moves are banned\n|rule|Endless Battle Clause: Forcing endless battles is banned\n|rule|HP Percentage Mod: HP is shown in percentages\n|rule|Swagger Clause: Swagger is banned\n|clearpoke\n|poke|p1|Latias, F|item\n|poke|p1|Cofagrigus, M|item\n|poke|p1|Clefable, F|item\n|poke|p1|Volcanion|item\n|poke|p1|Tornadus-Therian, M|item\n|poke|p1|Excadrill, M|item\n|poke|p2|Clefable, F|item\n|poke|p2|Crawdaunt, M|item\n|poke|p2|Metagross|item\n|poke|p2|Garchomp, M|item\n|poke|p2|Rotom-Wash|item\n|poke|p2|Tornadus-Therian, M|item\n|teampreview\n|j| cbz123\n|j| wdzkz\n|\n|t:|1660998408\n|start\n|switch|p1a: Volcanion|Volcanion|100\/100\n|switch|p2a: Garchomp|Garchomp, M, shiny|100\/100\n|turn|1\n|\n|t:|1660998421\n|switch|p1a: Clefable|Clefable, F, shiny|100\/100\n|move|p2a: Garchomp|Earthquake|p1a: Clefable\n|-damage|p1a: Clefable|70\/100\n|\n|-heal|p1a: Clefable|76\/100|[from] item: Leftovers\n|upkeep\n|turn|2\n|j| I \u53ea\u4f1a\u75bcgiegie\n|\n|t:|1660998432\n|move|p2a: Garchomp|Stealth Rock|p1a: Clefable\n|-sidestart|p1: AlIoutdragadarts|move: Stealth Rock\n|move|p1a: Clefable|Moonblast|p2a: Garchomp\n|-supereffective|p2a: Garchomp\n|-damage|p2a: Garchomp|43\/100\n|\n|-heal|p1a: Clefable|82\/100|[from] item: Leftovers\n|upkeep\n|turn|3\n|j| shuoer\n|\n|t:|1660998439\n|switch|p2a: Tornadus|Tornadus-Therian, M, shiny|100\/100\n|move|p1a: Clefable|Thunder Wave|p2a: Tornadus\n|-status|p2a: Tornadus|par\n|\n|-heal|p1a: Clefable|88\/100|[from] item: Leftovers\n|upkeep\n|turn|4\n|\n|t:|1660998450\n|move|p1a: Clefable|Soft-Boiled|p1a: Clefable\n|-heal|p1a: Clefable|100\/100\n|move|p2a: Tornadus|Knock Off|p1a: Clefable\n|-resisted|p1a: Clefable\n|-crit|p1a: Clefable\n|-damage|p1a: Clefable|88\/100\n|-enditem|p1a: Clefable|Leftovers|[from] move: Knock Off|[of] p2a: Tornadus\n|\n|upkeep\n|turn|5\n|\n|t:|1660998452\n|move|p1a: Clefable|Moonblast|p2a: Tornadus\n|-damage|p2a: Tornadus|78\/100 par\n|-unboost|p2a: Tornadus|spa|1\n|move|p2a: Tornadus|U-turn|p1a: Clefable\n|-resisted|p1a: Clefable\n|-damage|p1a: Clefable|82\/100\n|\n|t:|1660998458\n|switch|p2a: Metagross|Metagross, shiny|100\/100|[from]move: U-turn\n|\n|upkeep\n|turn|6\n|\n|t:|1660998460\n|switch|p1a: Cofagrigus|Cofagrigus, M, shiny|100\/100\n|-damage|p1a: Cofagrigus|88\/100|[from] Stealth Rock\n|detailschange|p2a: Metagross|Metagross-Mega, shiny\n|-mega|p2a: Metagross|Metagross|Metagrossite\n|move|p2a: Metagross|Bullet Punch|p1a: Cofagrigus\n|-damage|p1a: Cofagrigus|69\/100\n|-activate|p1a: Cofagrigus|ability: Mummy|Tough Claws|[of] p2a: Metagross\n|\n|-heal|p1a: Cofagrigus|75\/100|[from] item: Leftovers\n|upkeep\n|turn|7\n|\n|t:|1660998469\n|switch|p2a: Tornadus|Tornadus-Therian, M, shiny|100\/100 par\n|move|p1a: Cofagrigus|Toxic Spikes|p2a: Tornadus\n|-sidestart|p2: AquaRotom|move: Toxic Spikes\n|\n|-heal|p1a: Cofagrigus|81\/100|[from] item: Leftovers\n|upkeep\n|turn|8\n|\n|t:|1660998477\n|switch|p1a: Clefable|Clefable, F, shiny|82\/100\n|move|p2a: Tornadus|Knock Off|p1a: Clefable\n|-resisted|p1a: Clefable\n|-damage|p1a: Clefable|77\/100\n|\n|upkeep\n|turn|9\n|\n|t:|1660998480\n|move|p1a: Clefable|Soft-Boiled|p1a: Clefable\n|-heal|p1a: Clefable|100\/100\n|move|p2a: Tornadus|U-turn|p1a: Clefable\n|-resisted|p1a: Clefable\n|-damage|p1a: Clefable|94\/100\n|\n|t:|1660998483\n|switch|p2a: Metagross|Metagross-Mega, shiny|100\/100|[from]move: U-turn\n|\n|upkeep\n|turn|10\n|\n|t:|1660998495\n|move|p2a: Metagross|Bullet Punch|p1a: Clefable\n|-supereffective|p1a: Clefable\n|-damage|p1a: Clefable|48\/100\n|move|p1a: Clefable|Thunder Wave|p2a: Metagross\n|-status|p2a: Metagross|par\n|\n|upkeep\n|turn|11\n|\n|t:|1660998504\n|move|p1a: Clefable|Soft-Boiled|p1a: Clefable\n|-heal|p1a: Clefable|98\/100\n|move|p2a: Metagross|Zen Headbutt|p1a: Clefable\n|-damage|p1a: Clefable|51\/100\n|\n|upkeep\n|turn|12\n|j| 0icg\n|inactive|AlIoutdragadarts has 120 seconds left.\n|\n|t:|1660998535\n|switch|p1a: Cofagrigus|Cofagrigus, M, shiny|81\/100\n|-damage|p1a: Cofagrigus|69\/100|[from] Stealth Rock\n|move|p2a: Metagross|Bullet Punch|p1a: Cofagrigus\n|-damage|p1a: Cofagrigus|52\/100\n|-activate|p1a: Cofagrigus|ability: Mummy|Tough Claws|[of] p2a: Metagross\n|\n|-heal|p1a: Cofagrigus|58\/100|[from] item: Leftovers\n|upkeep\n|turn|13\n|j|%Cure\u2605Persona\n|c| 0icg|\u52a0\u6cb9\u554a\n|c| 0icg|\u9f99\u7bad\n|j| Alove_55kai \u83e0\u841d\u2740\n|inactive|AlIoutdragadarts has 120 seconds left.\n|\n|t:|1660998548\n|switch|p2a: Tornadus|Tornadus-Therian, M, shiny|100\/100 par\n|move|p1a: Cofagrigus|Pain Split|p2a: Tornadus\n|-sethp|p2a: Tornadus|76\/100 par|[from] move: Pain Split|[silent]\n|-sethp|p1a: Cofagrigus|85\/100|[from] move: Pain Split\n|\n|-heal|p1a: Cofagrigus|91\/100|[from] item: Leftovers\n|upkeep\n|turn|14\n|\n|t:|1660998556\n|switch|p1a: Tornadus|Tornadus-Therian, M, shiny|100\/100\n|-damage|p1a: Tornadus|76\/100|[from] Stealth Rock\n|cant|p2a: Tornadus|par\n|\n|upkeep\n|turn|15\n|\n|t:|1660998570\n|move|p1a: Tornadus|Knock Off|p2a: Tornadus\n|-damage|p2a: Tornadus|51\/100 par\n|-enditem|p2a: Tornadus|Assault Vest|[from] move: Knock Off|[of] p1a: Tornadus\n|move|p2a: Tornadus|U-turn|p1a: Tornadus\n|-resisted|p1a: Tornadus\n|-damage|p1a: Tornadus|67\/100\n|-damage|p2a: Tornadus|34\/100 par|[from] item: Rocky Helmet|[of] p1a: Tornadus\n|\n|t:|1660998575\n|switch|p2a: Rotom|Rotom-Wash|100\/100|[from]move: U-turn\n|\n|upkeep\n|turn|16\n|\n|t:|1660998582\n|move|p1a: Tornadus|U-turn|p2a: Rotom\n|-damage|p2a: Rotom|88\/100\n|\n|t:|1660998586\n|switch|p1a: Latias|Latias, F, shiny|100\/100|[from]move: U-turn\n|-damage|p1a: Latias|88\/100|[from] Stealth Rock\n|move|p2a: Rotom|Volt Switch|p1a: Latias\n|-resisted|p1a: Latias\n|-damage|p1a: Latias|78\/100\n|\n|t:|1660998600\n|switch|p2a: Clefable|Clefable, F|100\/100|[from]move: Volt Switch\n|-status|p2a: Clefable|psn\n|\n|upkeep\n|turn|17\n|\n|t:|1660998607\n|detailschange|p1a: Latias|Latias-Mega, F, shiny\n|-mega|p1a: Latias|Latias|Latiasite\n|move|p1a: Latias|Calm Mind|p1a: Latias\n|-boost|p1a: Latias|spa|1\n|-boost|p1a: Latias|spd|1\n|move|p2a: Clefable|Flamethrower|p1a: Latias\n|-resisted|p1a: Latias\n|-damage|p1a: Latias|74\/100\n|\n|upkeep\n|turn|18\n|\n|t:|1660998621\n|move|p1a: Latias|Ice Beam|p2a: Clefable\n|-damage|p2a: Clefable|64\/100 psn\n|move|p2a: Clefable|Calm Mind|p2a: Clefable\n|-boost|p2a: Clefable|spa|1\n|-boost|p2a: Clefable|spd|1\n|\n|-heal|p2a: Clefable|70\/100 psn|[from] item: Leftovers\n|upkeep\n|turn|19\n|\n|t:|1660998624\n|move|p1a: Latias|Calm Mind|p1a: Latias\n|-boost|p1a: Latias|spa|1\n|-boost|p1a: Latias|spd|1\n|move|p2a: Clefable|Soft-Boiled|p2a: Clefable\n|-heal|p2a: Clefable|100\/100 psn\n|\n|upkeep\n|turn|20\n|\n|t:|1660998626\n|move|p1a: Latias|Calm Mind|p1a: Latias\n|-boost|p1a: Latias|spa|1\n|-boost|p1a: Latias|spd|1\n|move|p2a: Clefable|Calm Mind|p2a: Clefable\n|-boost|p2a: Clefable|spa|1\n|-boost|p2a: Clefable|spd|1\n|\n|upkeep\n|turn|21\n|\n|t:|1660998630\n|move|p1a: Latias|Calm Mind|p1a: Latias\n|-boost|p1a: Latias|spa|1\n|-boost|p1a: Latias|spd|1\n|move|p2a: Clefable|Calm Mind|p2a: Clefable\n|-boost|p2a: Clefable|spa|1\n|-boost|p2a: Clefable|spd|1\n|\n|upkeep\n|turn|22\n|\n|t:|1660998634\n|move|p1a: Latias|Calm Mind|p1a: Latias\n|-boost|p1a: Latias|spa|1\n|-boost|p1a: Latias|spd|1\n|move|p2a: Clefable|Calm Mind|p2a: Clefable\n|-boost|p2a: Clefable|spa|1\n|-boost|p2a: Clefable|spd|1\n|\n|upkeep\n|turn|23\n|\n|t:|1660998638\n|move|p1a: Latias|Calm Mind|p1a: Latias\n|-boost|p1a: Latias|spa|1\n|-boost|p1a: Latias|spd|1\n|move|p2a: Clefable|Calm Mind|p2a: Clefable\n|-boost|p2a: Clefable|spa|1\n|-boost|p2a: Clefable|spd|1\n|\n|upkeep\n|turn|24\n|\n|t:|1660998640\n|move|p1a: Latias|Stored Power|p2a: Clefable\n|-damage|p2a: Clefable|0 fnt\n|faint|p2a: Clefable\n|\n|upkeep\n|c| 0icg|.....\n|-message|AquaRotom forfeited.\n|\n|win|AlIoutdragadarts\n|n|\u2606AlIoutdragadarts|alioutdragadarts\n|n|\u2606AquaRotom|aquarotom\n|n| cbz123|cbz123\n|n| wdzkz|wdzkz\n|n| I \u53ea\u4f1a\u75bcgiegie|igiegie\n|n| shuoer|shuoer\n|n| 0icg|0icg\n|n|%Cure\u2605Persona|curepersona\n|n| Alove_55kai \u83e0\u841d\u2740|alove55kai\n","uploadtime":1660998652,"views":17,"p1id":"alioutdragadarts","p2id":"aquarotom","formatid":"gen6ou","rating":0,"private":0,"password":null}