{"id":"china-gen8ou-6442729","p1":"rakukeika","p2":"yokobaby","format":"gen8ou","log":"|uhtml|report-battle|<b>\u5c06\u5bf9\u6218\u94fe\u63a5\u516c\u5f00\u5230:<\/b> <button class=\"button\" name=\"send\" value=\"\/reportto skypillar\">Sky Pillar<\/button><button class=\"button\" name=\"send\" value=\"\/reportto shinx\">Shinx<\/button>\n|j|\u2606rakukeika\n|j|\u2606yokobaby\n|t:|1666182249\n|gametype|singles\n|player|p1|rakukeika|rakukeika.png|\n|player|p2|yokobaby|cynthia-masters|\n|teamsize|p1|6\n|teamsize|p2|6\n|gen|8\n|tier|[Gen 8] OU\n|rule|Sleep Clause Mod: Limit one foe put to sleep\n|rule|Species Clause: Limit one of each Pok\u00e9mon\n|rule|OHKO Clause: OHKO moves are banned\n|rule|Evasion Items Clause: Evasion items are banned\n|rule|Evasion Moves Clause: Evasion moves are banned\n|rule|Endless Battle Clause: Forcing endless battles is banned\n|rule|HP Percentage Mod: HP is shown in percentages\n|rule|Dynamax Clause: You cannot dynamax\n|clearpoke\n|poke|p1|Clefable, M|\n|poke|p1|Heatran, F|\n|poke|p1|Rillaboom, M|\n|poke|p1|Tornadus-Therian, M|\n|poke|p1|Melmetal|\n|poke|p1|Gastrodon-East, M|\n|poke|p2|Blaziken, F|\n|poke|p2|Charizard, M|\n|poke|p2|Grimmsnarl, M|\n|poke|p2|Kartana|\n|poke|p2|Dragapult, F|\n|poke|p2|Lycanroc-Dusk, M|\n|teampreview\n|inactive|Battle timer is ON: inactive players will automatically lose when time's up. (requested by yokobaby)\n|j| Yaeiko\n|j| yiyue\n|inactive|rakukeika has 270 seconds left.\n|inactive|rakukeika has 240 seconds left.\n|j|@XPSH\n|\n|t:|1666182343\n|start\n|switch|p1a: Melmetal|Melmetal|100\/100\n|switch|p2a: Lycanroc|Lycanroc-Dusk, M, shiny|100\/100\n|turn|1\n|\n|t:|1666182353\n|move|p2a: Lycanroc|Stealth Rock|p1a: Melmetal\n|-sidestart|p1: rakukeika|move: Stealth Rock\n|move|p1a: Melmetal|Double Iron Bash|p2a: Lycanroc\n|-supereffective|p2a: Lycanroc\n|-crit|p2a: Lycanroc\n|-enditem|p2a: Lycanroc|Focus Sash\n|-damage|p2a: Lycanroc|1\/100\n|-supereffective|p2a: Lycanroc\n|-damage|p2a: Lycanroc|0 fnt\n|faint|p2a: Lycanroc\n|-hitcount|p2: Lycanroc|2\n|\n|upkeep\n|\n|t:|1666182364\n|switch|p2a: Grimmsnarl|Grimmsnarl, M|100\/100\n|turn|2\n|j| nightsuwu\n|inactive|rakukeika has 270 seconds left.\n|inactive|rakukeika has 240 seconds left.\n|inactive|rakukeika has 210 seconds left.\n|\n|t:|1666182455\n|move|p2a: Grimmsnarl|Reflect|p2a: Grimmsnarl\n|-sidestart|p2: yokobaby|Reflect\n|move|p1a: Melmetal|Double Iron Bash|p2a: Grimmsnarl\n|-supereffective|p2a: Grimmsnarl\n|-damage|p2a: Grimmsnarl|58\/100\n|-supereffective|p2a: Grimmsnarl\n|-damage|p2a: Grimmsnarl|15\/100\n|-hitcount|p2a: Grimmsnarl|2\n|\n|upkeep\n|turn|3\n|inactive|rakukeika has 210 seconds left.\n|inactive|rakukeika has 180 seconds left.\n|inactive|rakukeika has 150 seconds left.\n|\n|t:|1666182551\n|switch|p1a: Clefable|Clefable, M|100\/100\n|move|p2a: Grimmsnarl|Light Screen|p2a: Grimmsnarl\n|-sidestart|p2: yokobaby|move: Light Screen\n|\n|upkeep\n|turn|4\n|inactive|rakukeika has 120 seconds left.\n|\n|t:|1666182567\n|switch|p1a: Tornadus|Tornadus-Therian, M|100\/100\n|move|p2a: Grimmsnarl|Taunt|p1a: Tornadus\n|-start|p1a: Tornadus|move: Taunt\n|\n|upkeep\n|turn|5\n|\n|t:|1666182576\n|switch|p1a: Melmetal|Melmetal|100\/100\n|-damage|p1a: Melmetal|94\/100|[from] Stealth Rock\n|move|p2a: Grimmsnarl|Spirit Break|p1a: Melmetal\n|-resisted|p1a: Melmetal\n|-damage|p1a: Melmetal|86\/100\n|-unboost|p1a: Melmetal|spa|1\n|\n|-heal|p1a: Melmetal|92\/100|[from] item: Leftovers\n|upkeep\n|turn|6\n|inactive|rakukeika has 120 seconds left.\n|\n|t:|1666182594\n|switch|p1a: Tornadus|Tornadus-Therian, M|100\/100\n|move|p2a: Grimmsnarl|Spirit Break|p1a: Tornadus\n|-damage|p1a: Tornadus|71\/100\n|-unboost|p1a: Tornadus|spa|1\n|\n|upkeep\n|turn|7\n|inactive|rakukeika has 120 seconds left.\n|\n|t:|1666182605\n|move|p2a: Grimmsnarl|Taunt|p1a: Tornadus\n|-start|p1a: Tornadus|move: Taunt\n|cant|p1a: Tornadus|move: Taunt|Defog\n|\n|upkeep\n|turn|8\n|\n|t:|1666182618\n|switch|p2a: Charizard|Charizard, M, shiny|100\/100\n|move|p1a: Tornadus|U-turn|p2a: Charizard\n|-resisted|p2a: Charizard\n|-damage|p2a: Charizard|98\/100\n|inactive|rakukeika has 120 seconds left.\n|\n|t:|1666182650\n|switch|p1a: Gastrodon|Gastrodon-East, M|100\/100|[from]move: U-turn\n|\n|upkeep\n|turn|9\n|\n|t:|1666182660\n|switch|p2a: Kartana|Kartana|100\/100\n|move|p1a: Gastrodon|Toxic|p2a: Kartana\n|-immune|p2a: Kartana\n|\n|-sideend|p2: yokobaby|Reflect\n|upkeep\n|turn|10\n|\n|t:|1666182689\n|switch|p1a: Tornadus|Tornadus-Therian, M|100\/100\n|move|p2a: Kartana|Swords Dance|p2a: Kartana\n|-boost|p2a: Kartana|atk|2\n|\n|-sideend|p2: yokobaby|move: Light Screen\n|upkeep\n|turn|11\n|\n|t:|1666182693\n|move|p1a: Tornadus|Hurricane|p2a: Kartana\n|-damage|p2a: Kartana|0 fnt\n|faint|p2a: Kartana\n|\n|upkeep\n|\n|t:|1666182700\n|switch|p2a: Grimmsnarl|Grimmsnarl, M|15\/100\n|turn|12\n|\n|t:|1666182720\n|move|p2a: Grimmsnarl|Light Screen|p2a: Grimmsnarl\n|-sidestart|p2: yokobaby|move: Light Screen\n|move|p1a: Tornadus|Defog|p2a: Grimmsnarl\n|-unboost|p2a: Grimmsnarl|evasion|1\n|-sideend|p2: yokobaby|move: Light Screen\n|-sideend|p1: rakukeika|Stealth Rock|[from] move: Defog|[of] p1a: Tornadus\n|\n|upkeep\n|turn|13\n|\n|t:|1666182733\n|move|p2a: Grimmsnarl|Light Screen|p2a: Grimmsnarl\n|-sidestart|p2: yokobaby|move: Light Screen\n|move|p1a: Tornadus|Knock Off|p2a: Grimmsnarl\n|-resisted|p2a: Grimmsnarl\n|-damage|p2a: Grimmsnarl|10\/100\n|-enditem|p2a: Grimmsnarl|Light Clay|[from] move: Knock Off|[of] p1a: Tornadus\n|\n|upkeep\n|turn|14\n|\n|t:|1666182737\n|move|p2a: Grimmsnarl|Reflect|p2a: Grimmsnarl\n|-sidestart|p2: yokobaby|Reflect\n|move|p1a: Tornadus|Defog|p2a: Grimmsnarl\n|-unboost|p2a: Grimmsnarl|evasion|1\n|-sideend|p2: yokobaby|Reflect\n|-sideend|p2: yokobaby|move: Light Screen\n|\n|upkeep\n|turn|15\n|inactive|rakukeika has 120 seconds left.\n|inactive|rakukeika has 90 seconds left.\n|l|nightsuwu\n|inactive|rakukeika has 60 seconds left.\n|inactive|rakukeika has 30 seconds left.\n|\n|t:|1666182842\n|switch|p1a: Clefable|Clefable, M|100\/100\n|move|p2a: Grimmsnarl|Light Screen|p2a: Grimmsnarl\n|-sidestart|p2: yokobaby|move: Light Screen\n|\n|upkeep\n|turn|16\n|j| kaifengyyds\n|\n|t:|1666182850\n|move|p2a: Grimmsnarl|Taunt|p1a: Clefable\n|-start|p1a: Clefable|move: Taunt\n|cant|p1a: Clefable|move: Taunt|Stealth Rock\n|\n|upkeep\n|turn|17\n|j| nightsuwu\n|\n|t:|1666182857\n|switch|p1a: Gastrodon|Gastrodon-East, M|100\/100\n|move|p2a: Grimmsnarl|Reflect|p2a: Grimmsnarl\n|-sidestart|p2: yokobaby|Reflect\n|\n|upkeep\n|turn|18\n|\n|t:|1666182879\n|switch|p1a: Tornadus|Tornadus-Therian, M|100\/100\n|move|p2a: Grimmsnarl|Taunt|p1a: Tornadus\n|-start|p1a: Tornadus|move: Taunt\n|\n|upkeep\n|turn|19\n|\n|t:|1666182883\n|switch|p2a: Charizard|Charizard, M, shiny|98\/100\n|move|p1a: Tornadus|U-turn|p2a: Charizard\n|-resisted|p2a: Charizard\n|-damage|p2a: Charizard|96\/100\n|\n|t:|1666182900\n|switch|p1a: Gastrodon|Gastrodon-East, M|100\/100|[from]move: U-turn\n|\n|-sideend|p2: yokobaby|move: Light Screen\n|upkeep\n|turn|20\n|\n|t:|1666182911\n|move|p2a: Charizard|Belly Drum|p2a: Charizard\n|-damage|p2a: Charizard|46\/100\n|-setboost|p2a: Charizard|atk|6|[from] move: Belly Drum\n|-enditem|p2a: Charizard|Sitrus Berry|[eat]\n|-heal|p2a: Charizard|71\/100|[from] item: Sitrus Berry\n|move|p1a: Gastrodon|Scald|p2a: Charizard\n|-supereffective|p2a: Charizard\n|-damage|p2a: Charizard|0 fnt\n|faint|p2a: Charizard\n|\n|upkeep\n|\n|t:|1666182922\n|switch|p2a: Dragapult|Dragapult, F|100\/100\n|turn|21\n|\n|t:|1666182934\n|move|p2a: Dragapult|Dragon Dance|p2a: Dragapult\n|-boost|p2a: Dragapult|atk|1\n|-boost|p2a: Dragapult|spe|1\n|move|p1a: Gastrodon|Toxic|p2a: Dragapult\n|-status|p2a: Dragapult|tox\n|\n|-damage|p2a: Dragapult|94\/100 tox|[from] psn\n|-sideend|p2: yokobaby|Reflect\n|upkeep\n|turn|22\n|\n|t:|1666182946\n|switch|p1a: Melmetal|Melmetal|92\/100\n|move|p2a: Dragapult|Phantom Force||[still]\n|-prepare|p2a: Dragapult|Phantom Force\n|\n|-heal|p1a: Melmetal|98\/100|[from] item: Leftovers\n|-damage|p2a: Dragapult|82\/100 tox|[from] psn\n|upkeep\n|turn|23\n|\n|t:|1666182964\n|move|p2a: Dragapult|Phantom Force|p1a: Melmetal|[from]lockedmove\n|-damage|p1a: Melmetal|51\/100\n|move|p1a: Melmetal|Double Iron Bash|p2a: Dragapult\n|-damage|p2a: Dragapult|20\/100 tox\n|-damage|p2a: Dragapult|0 fnt\n|faint|p2a: Dragapult\n|-hitcount|p2: Dragapult|2\n|\n|-heal|p1a: Melmetal|57\/100|[from] item: Leftovers\n|upkeep\n|\n|t:|1666182978\n|switch|p2a: Blaziken|Blaziken, F|100\/100\n|turn|24\n|\n|t:|1666182996\n|move|p2a: Blaziken|Close Combat|p1a: Melmetal\n|-supereffective|p1a: Melmetal\n|-crit|p1a: Melmetal\n|-damage|p1a: Melmetal|0 fnt\n|-unboost|p2a: Blaziken|def|1\n|-unboost|p2a: Blaziken|spd|1\n|faint|p1a: Melmetal\n|\n|-ability|p2a: Blaziken|Speed Boost|boost\n|-boost|p2a: Blaziken|spe|1\n|upkeep\n|\n|t:|1666183009\n|switch|p1a: Gastrodon|Gastrodon-East, M|100\/100\n|turn|25\n|\n|t:|1666183016\n|switch|p2a: Grimmsnarl|Grimmsnarl, M|10\/100\n|move|p1a: Gastrodon|Earth Power|p2a: Grimmsnarl\n|-damage|p2a: Grimmsnarl|0 fnt\n|faint|p2a: Grimmsnarl\n|\n|upkeep\n|\n|t:|1666183019\n|switch|p2a: Blaziken|Blaziken, F|100\/100\n|turn|26\n|\n|t:|1666183024\n|move|p2a: Blaziken|Swords Dance|p2a: Blaziken\n|-boost|p2a: Blaziken|atk|2\n|move|p1a: Gastrodon|Earth Power|p2a: Blaziken\n|-supereffective|p2a: Blaziken\n|-damage|p2a: Blaziken|13\/100\n|\n|-heal|p2a: Blaziken|19\/100|[from] item: Leftovers\n|-ability|p2a: Blaziken|Speed Boost|boost\n|-boost|p2a: Blaziken|spe|1\n|upkeep\n|turn|27\n|\n|t:|1666183034\n|move|p2a: Blaziken|Close Combat|p1a: Gastrodon\n|-crit|p1a: Gastrodon\n|-damage|p1a: Gastrodon|0 fnt\n|-unboost|p2a: Blaziken|def|1\n|-unboost|p2a: Blaziken|spd|1\n|faint|p1a: Gastrodon\n|\n|-heal|p2a: Blaziken|25\/100|[from] item: Leftovers\n|-ability|p2a: Blaziken|Speed Boost|boost\n|-boost|p2a: Blaziken|spe|1\n|upkeep\n|\n|t:|1666183050\n|switch|p1a: Heatran|Heatran, F|100\/100\n|turn|28\n|\n|t:|1666183061\n|move|p2a: Blaziken|Thunder Punch|p1a: Heatran\n|-damage|p1a: Heatran|55\/100\n|move|p1a: Heatran|Earth Power|p2a: Blaziken\n|-supereffective|p2a: Blaziken\n|-damage|p2a: Blaziken|0 fnt\n|faint|p2a: Blaziken\n|\n|win|rakukeika\n|c|\u2606yokobaby|gg\n|l|\u2606yokobaby\n|l| yiyue\n|c|\u2606rakukeika|bg\n","uploadtime":1666183152,"views":36,"p1id":"rakukeika","p2id":"yokobaby","formatid":"gen8ou","rating":0,"private":0,"password":null}