{"id":"china-gen2randombattle-3895865","p1":"syelza","p2":"swordsman.n","format":"gen2randombattle","log":"|j|\u2606syelza\n|j|\u2606swordsman.n\n|t:|1637398475\n|gametype|singles\n|player|p1|syelza|pokemonrangerf-gen4|\n|player|p2|swordsman.n|caitlin|\n|teamsize|p1|6\n|teamsize|p2|6\n|gen|2\n|tier|[Gen 2] Random Battle\n|rule|Sleep Clause Mod: Limit one foe put to sleep\n|rule|Freeze Clause Mod: Limit one foe frozen\n|rule|Species Clause: Limit one of each Pok\u00e9mon\n|rule|OHKO Clause: OHKO moves are banned\n|rule|Evasion Moves Clause: Evasion moves are banned\n|rule|Endless Battle Clause: Forcing endless battles is banned\n|rule|HP Percentage Mod: HP is shown in percentages\n|\n|t:|1637398475\n|start\n|switch|p1a: Stantler|Stantler, L73, M|257\/257\n|switch|p2a: Stantler|Stantler, L73, M|257\/257\n|turn|1\n|j| yuudachi0811\u5915\u7acb\n|\n|t:|1637398516\n|switch|p2a: Rhydon|Rhydon, L65, M|271\/271\n|move|p1a: Stantler|Curse|p1a: Stantler\n|-unboost|p1a: Stantler|spe|1\n|-boost|p1a: Stantler|atk|1\n|-boost|p1a: Stantler|def|1\n|\n|upkeep\n|turn|2\n|j| woflw\n|\n|t:|1637398573\n|switch|p1a: Vaporeon|Vaporeon, L65, M|304\/304\n|move|p2a: Rhydon|Curse|p2a: Rhydon\n|-unboost|p2a: Rhydon|spe|1\n|-boost|p2a: Rhydon|atk|1\n|-boost|p2a: Rhydon|def|1\n|\n|upkeep\n|turn|3\n|j| yinfoxfreak\n|\n|t:|1637398590\n|switch|p2a: Celebi|Celebi, L61|249\/249\n|move|p1a: Vaporeon|Ice Beam|p2a: Celebi\n|-supereffective|p2a: Celebi\n|-damage|p2a: Celebi|129\/249\n|\n|-heal|p2a: Celebi|144\/249|[from] item: Leftovers\n|upkeep\n|turn|4\n|\n|t:|1637398613\n|switch|p1a: Dragonite|Dragonite, L67, M|250\/250\n|move|p2a: Celebi|Toxic|p1a: Dragonite\n|-status|p1a: Dragonite|tox\n|\n|-heal|p2a: Celebi|159\/249|[from] item: Leftovers\n|upkeep\n|turn|5\n|\n|t:|1637398643\n|switch|p2a: Blastoise|Blastoise, L69, M|252\/252\n|move|p1a: Dragonite|Thunder|p2a: Blastoise\n|-supereffective|p2a: Blastoise\n|-damage|p2a: Blastoise|126\/252\n|-damage|p1a: Dragonite|235\/250 tox|[from] psn\n|\n|-heal|p2a: Blastoise|141\/252|[from] item: Leftovers\n|upkeep\n|turn|6\n|\n|t:|1637398674\n|switch|p1a: Vaporeon|Vaporeon, L65, M|304\/304\n|move|p2a: Blastoise|Ice Beam|p1a: Vaporeon\n|-resisted|p1a: Vaporeon\n|-damage|p1a: Vaporeon|279\/304\n|\n|-heal|p2a: Blastoise|156\/252|[from] item: Leftovers\n|-heal|p1a: Vaporeon|298\/304|[from] item: Leftovers\n|upkeep\n|turn|7\n|\n|t:|1637398685\n|move|p2a: Blastoise|Rest|p2a: Blastoise\n|-status|p2a: Blastoise|slp|[from] move: Rest\n|-heal|p2a: Blastoise|252\/252 slp|[silent]\n|move|p1a: Vaporeon|Surf|p2a: Blastoise\n|-resisted|p2a: Blastoise\n|-damage|p2a: Blastoise|214\/252 slp\n|\n|-heal|p2a: Blastoise|229\/252 slp|[from] item: Leftovers\n|-heal|p1a: Vaporeon|304\/304|[from] item: Leftovers\n|upkeep\n|turn|8\n|\n|t:|1637398712\n|cant|p2a: Blastoise|slp\n|move|p2a: Blastoise|Sleep Talk|p2a: Blastoise\n|move|p2a: Blastoise|Surf|p1a: Vaporeon|[from]Sleep Talk\n|-resisted|p1a: Vaporeon\n|-damage|p1a: Vaporeon|263\/304\n|move|p1a: Vaporeon|Surf|p2a: Blastoise\n|-resisted|p2a: Blastoise\n|-damage|p2a: Blastoise|192\/252 slp\n|\n|-heal|p2a: Blastoise|207\/252 slp|[from] item: Leftovers\n|-heal|p1a: Vaporeon|282\/304|[from] item: Leftovers\n|upkeep\n|turn|9\n|j| rami3e\n|j| mqsh\n|\n|t:|1637398748\n|cant|p2a: Blastoise|slp\n|move|p2a: Blastoise|Sleep Talk|p2a: Blastoise\n|move|p2a: Blastoise|Surf|p1a: Vaporeon|[from]Sleep Talk\n|-crit|p1a: Vaporeon\n|-resisted|p1a: Vaporeon\n|-damage|p1a: Vaporeon|206\/304\n|move|p1a: Vaporeon|Surf|p2a: Blastoise\n|-resisted|p2a: Blastoise\n|-damage|p2a: Blastoise|173\/252 slp\n|\n|-heal|p2a: Blastoise|188\/252 slp|[from] item: Leftovers\n|-heal|p1a: Vaporeon|225\/304|[from] item: Leftovers\n|upkeep\n|turn|10\n|\n|t:|1637398759\n|-curestatus|p2a: Blastoise|slp|[msg]\n|move|p2a: Blastoise|Sleep Talk|p2a: Blastoise\n|move|p1a: Vaporeon|Rest|p1a: Vaporeon\n|-status|p1a: Vaporeon|slp|[from] move: Rest\n|-heal|p1a: Vaporeon|304\/304 slp|[silent]\n|\n|-heal|p2a: Blastoise|203\/252|[from] item: Leftovers\n|upkeep\n|turn|11\n|\n|t:|1637398767\n|move|p2a: Blastoise|Rest|p2a: Blastoise\n|-status|p2a: Blastoise|slp|[from] move: Rest\n|-heal|p2a: Blastoise|252\/252 slp|[silent]\n|cant|p1a: Vaporeon|slp\n|move|p1a: Vaporeon|Sleep Talk|p1a: Vaporeon\n|move|p1a: Vaporeon|Rest|p1a: Vaporeon|[from]Sleep Talk\n|-fail|p1a: Vaporeon\n|\n|upkeep\n|turn|12\n|c| woflw|\u6298\u78e8\n|\n|t:|1637398801\n|cant|p2a: Blastoise|slp\n|cant|p1a: Vaporeon|slp\n|move|p1a: Vaporeon|Sleep Talk|p1a: Vaporeon\n|move|p1a: Vaporeon|Surf|p2a: Blastoise|[from]Sleep Talk\n|-resisted|p2a: Blastoise\n|-damage|p2a: Blastoise|219\/252 slp\n|\n|-heal|p2a: Blastoise|234\/252 slp|[from] item: Leftovers\n|upkeep\n|turn|13\n|\n|t:|1637398812\n|switch|p1a: Qwilfish|Qwilfish, L69, M|232\/232\n|cant|p2a: Blastoise|slp\n|\n|-heal|p2a: Blastoise|249\/252 slp|[from] item: Leftovers\n|upkeep\n|turn|14\n|c| rami3e|zzz\n|\n|t:|1637398835\n|switch|p2a: Stantler|Stantler, L73, M|257\/257\n|move|p1a: Qwilfish|Spikes|p2a: Stantler\n|-sidestart|p2: swordsman.n|Spikes\n|\n|upkeep\n|turn|15\n|j| nonefacials\n|\n|t:|1637398858\n|move|p2a: Stantler|Return|p1a: Qwilfish\n|-damage|p1a: Qwilfish|115\/232\n|move|p1a: Qwilfish|Sludge Bomb|p2a: Stantler\n|-damage|p2a: Stantler|163\/257\n|\n|-heal|p2a: Stantler|179\/257|[from] item: Leftovers\n|-heal|p1a: Qwilfish|129\/232|[from] item: Leftovers\n|upkeep\n|turn|16\n|\n|t:|1637398867\n|switch|p1a: Dragonite|Dragonite, L67, M|235\/250 tox\n|-status|p1a: Dragonite|psn|[silent]\n|-damage|p1a: Dragonite|204\/250 psn|[from] psn\n|move|p2a: Stantler|Return|p1a: Dragonite\n|-damage|p1a: Dragonite|106\/250 psn\n|\n|-heal|p2a: Stantler|195\/257|[from] item: Leftovers\n|upkeep\n|turn|17\n|\n|t:|1637398876\n|move|p2a: Stantler|Return|p1a: Dragonite\n|-damage|p1a: Dragonite|3\/250 psn\n|move|p1a: Dragonite|Rest|p1a: Dragonite\n|-status|p1a: Dragonite|slp|[from] move: Rest\n|-heal|p1a: Dragonite|250\/250 slp|[silent]\n|-enditem|p1a: Dragonite|Mint Berry|[eat]\n|-curestatus|p1a: Dragonite|slp|[msg]\n|\n|-heal|p2a: Stantler|211\/257|[from] item: Leftovers\n|upkeep\n|turn|18\n|\n|t:|1637398887\n|switch|p1a: Stantler|Stantler, L73, M|257\/257\n|move|p2a: Stantler|Return|p1a: Stantler\n|-damage|p1a: Stantler|140\/257\n|\n|-heal|p2a: Stantler|227\/257|[from] item: Leftovers\n|-heal|p1a: Stantler|156\/257|[from] item: Leftovers\n|upkeep\n|turn|19\n|\n|t:|1637398909\n|move|p1a: Stantler|Rest|p1a: Stantler\n|-status|p1a: Stantler|slp|[from] move: Rest\n|-heal|p1a: Stantler|257\/257 slp|[silent]\n|move|p2a: Stantler|Return|p1a: Stantler\n|-damage|p1a: Stantler|136\/257 slp\n|\n|-heal|p1a: Stantler|152\/257 slp|[from] item: Leftovers\n|-heal|p2a: Stantler|243\/257|[from] item: Leftovers\n|upkeep\n|turn|20\n|l| nonefacials\n|\n|t:|1637398922\n|move|p2a: Stantler|Return|p1a: Stantler\n|-damage|p1a: Stantler|41\/257 slp\n|cant|p1a: Stantler|slp\n|move|p1a: Stantler|Sleep Talk|p1a: Stantler\n|move|p1a: Stantler|Curse|p1a: Stantler|[from]Sleep Talk\n|-unboost|p1a: Stantler|spe|1\n|-boost|p1a: Stantler|atk|1\n|-boost|p1a: Stantler|def|1\n|\n|-heal|p2a: Stantler|257\/257|[from] item: Leftovers\n|-heal|p1a: Stantler|57\/257 slp|[from] item: Leftovers\n|upkeep\n|turn|21\n|\n|t:|1637398936\n|switch|p1a: Dragonite|Dragonite, L67, M|250\/250\n|move|p2a: Stantler|Return|p1a: Dragonite\n|-damage|p1a: Dragonite|147\/250\n|\n|upkeep\n|turn|22\n|\n|t:|1637398950\n|move|p2a: Stantler|Return|p1a: Dragonite\n|-damage|p1a: Dragonite|50\/250\n|move|p1a: Dragonite|Thunder|p2a: Stantler|[miss]\n|-miss|p1a: Dragonite\n|\n|upkeep\n|turn|23\n|c|\u2606swordsman.n|\u597d\u8036\n|\n|t:|1637398966\n|move|p2a: Stantler|Return|p1a: Dragonite\n|-damage|p1a: Dragonite|0 fnt\n|faint|p1a: Dragonite\n|\n|t:|1637398970\n|switch|p1a: Dugtrio|Dugtrio, L73, M|201\/201\n|\n|upkeep\n|turn|24\n|\n|t:|1637398989\n|switch|p2a: Celebi|Celebi, L61|159\/249\n|-damage|p2a: Celebi|128\/249|[from] Spikes\n|move|p1a: Dugtrio|Earthquake|p2a: Celebi\n|-resisted|p2a: Celebi\n|-damage|p2a: Celebi|86\/249\n|\n|-heal|p2a: Celebi|101\/249|[from] item: Leftovers\n|upkeep\n|turn|25\n|c| rami3e|\u80a5\u80a5\u2014\u2014\n|\n|t:|1637398998\n|move|p1a: Dugtrio|Sludge Bomb|p2a: Celebi\n|-crit|p2a: Celebi\n|-supereffective|p2a: Celebi\n|-damage|p2a: Celebi|0 fnt\n|faint|p2a: Celebi\n|\n|t:|1637399007\n|switch|p2a: Blastoise|Blastoise, L69, M|249\/252 slp\n|-damage|p2a: Blastoise|218\/252 slp|[from] Spikes\n|\n|-heal|p2a: Blastoise|233\/252 slp|[from] item: Leftovers\n|upkeep\n|turn|26\n|\n|t:|1637399012\n|move|p1a: Dugtrio|Substitute|p1a: Dugtrio\n|-start|p1a: Dugtrio|Substitute\n|-damage|p1a: Dugtrio|151\/201\n|-curestatus|p2a: Blastoise|slp|[msg]\n|move|p2a: Blastoise|Sleep Talk|p2a: Blastoise\n|\n|-heal|p1a: Dugtrio|163\/201|[from] item: Leftovers\n|-heal|p2a: Blastoise|248\/252|[from] item: Leftovers\n|upkeep\n|turn|27\n|\n|t:|1637399023\n|move|p1a: Dugtrio|Earthquake|p2a: Blastoise\n|-crit|p2a: Blastoise\n|-damage|p2a: Blastoise|103\/252\n|move|p2a: Blastoise|Surf|p1a: Dugtrio\n|-supereffective|p1a: Dugtrio\n|-end|p1a: Dugtrio|Substitute\n|\n|-heal|p1a: Dugtrio|175\/201|[from] item: Leftovers\n|-heal|p2a: Blastoise|118\/252|[from] item: Leftovers\n|upkeep\n|turn|28\n|\n|t:|1637399033\n|move|p1a: Dugtrio|Substitute|p1a: Dugtrio\n|-start|p1a: Dugtrio|Substitute\n|-damage|p1a: Dugtrio|125\/201\n|move|p2a: Blastoise|Rest|p2a: Blastoise\n|-status|p2a: Blastoise|slp|[from] move: Rest\n|-heal|p2a: Blastoise|252\/252 slp|[silent]\n|\n|-heal|p1a: Dugtrio|137\/201|[from] item: Leftovers\n|upkeep\n|turn|29\n|\n|t:|1637399041\n|move|p1a: Dugtrio|Earthquake|p2a: Blastoise\n|-damage|p2a: Blastoise|178\/252 slp\n|cant|p2a: Blastoise|slp\n|move|p2a: Blastoise|Sleep Talk|p2a: Blastoise\n|move|p2a: Blastoise|Ice Beam|p1a: Dugtrio|[from]Sleep Talk\n|-supereffective|p1a: Dugtrio\n|-end|p1a: Dugtrio|Substitute\n|\n|-heal|p1a: Dugtrio|149\/201|[from] item: Leftovers\n|-heal|p2a: Blastoise|193\/252 slp|[from] item: Leftovers\n|upkeep\n|turn|30\n|\n|t:|1637399082\n|switch|p1a: Vaporeon|Vaporeon, L65, M|304\/304 slp\n|cant|p2a: Blastoise|slp\n|move|p2a: Blastoise|Sleep Talk|p2a: Blastoise\n|move|p2a: Blastoise|Rest|p2a: Blastoise|[from]Sleep Talk\n|-status|p2a: Blastoise|slp|[from] move: Rest\n|-heal|p2a: Blastoise|252\/252 slp|[silent]\n|\n|upkeep\n|turn|31\n|\n|t:|1637399104\n|cant|p2a: Blastoise|slp\n|-curestatus|p1a: Vaporeon|slp|[msg]\n|move|p1a: Vaporeon|Surf|p2a: Blastoise\n|-resisted|p2a: Blastoise\n|-damage|p2a: Blastoise|218\/252 slp\n|\n|-heal|p2a: Blastoise|233\/252 slp|[from] item: Leftovers\n|upkeep\n|turn|32\n|\n|t:|1637399113\n|cant|p2a: Blastoise|slp\n|move|p1a: Vaporeon|Surf|p2a: Blastoise\n|-resisted|p2a: Blastoise\n|-damage|p2a: Blastoise|199\/252 slp\n|\n|-heal|p2a: Blastoise|214\/252 slp|[from] item: Leftovers\n|upkeep\n|turn|33\n|\n|t:|1637399120\n|switch|p1a: Stantler|Stantler, L73, M|57\/257 slp\n|-curestatus|p2a: Blastoise|slp|[msg]\n|move|p2a: Blastoise|Rest|p2a: Blastoise\n|-status|p2a: Blastoise|slp|[from] move: Rest\n|-heal|p2a: Blastoise|252\/252 slp|[silent]\n|\n|-heal|p1a: Stantler|73\/257 slp|[from] item: Leftovers\n|upkeep\n|turn|34\n|\n|t:|1637399132\n|switch|p2a: Rhydon|Rhydon, L65, M|271\/271\n|-damage|p2a: Rhydon|238\/271|[from] Spikes\n|cant|p1a: Stantler|slp\n|\n|-heal|p1a: Stantler|89\/257 slp|[from] item: Leftovers\n|upkeep\n|turn|35\n|\n|t:|1637399138\n|switch|p1a: Vaporeon|Vaporeon, L65, M|304\/304\n|move|p2a: Rhydon|Earthquake|p1a: Vaporeon\n|-damage|p1a: Vaporeon|173\/304\n|\n|-heal|p1a: Vaporeon|192\/304|[from] item: Leftovers\n|upkeep\n|turn|36\n|\n|t:|1637399145\n|switch|p2a: Blastoise|Blastoise, L69, M|252\/252 slp\n|-damage|p2a: Blastoise|221\/252 slp|[from] Spikes\n|move|p1a: Vaporeon|Surf|p2a: Blastoise\n|-resisted|p2a: Blastoise\n|-damage|p2a: Blastoise|185\/252 slp\n|\n|-heal|p2a: Blastoise|200\/252 slp|[from] item: Leftovers\n|-heal|p1a: Vaporeon|211\/304|[from] item: Leftovers\n|upkeep\n|turn|37\n|\n|t:|1637399155\n|cant|p2a: Blastoise|slp\n|move|p2a: Blastoise|Sleep Talk|p2a: Blastoise\n|move|p2a: Blastoise|Rest|p2a: Blastoise|[from]Sleep Talk\n|-status|p2a: Blastoise|slp|[from] move: Rest\n|-heal|p2a: Blastoise|252\/252 slp|[silent]\n|move|p1a: Vaporeon|Rest|p1a: Vaporeon\n|-status|p1a: Vaporeon|slp|[from] move: Rest\n|-heal|p1a: Vaporeon|304\/304 slp|[silent]\n|\n|upkeep\n|turn|38\n|\n|t:|1637399165\n|switch|p2a: Stantler|Stantler, L73, M|257\/257\n|-damage|p2a: Stantler|225\/257|[from] Spikes\n|switch|p1a: Stantler|Stantler, L73, M|89\/257 slp\n|\n|-heal|p2a: Stantler|241\/257|[from] item: Leftovers\n|-heal|p1a: Stantler|105\/257 slp|[from] item: Leftovers\n|upkeep\n|turn|39\n|\n|t:|1637399190\n|switch|p1a: Vaporeon|Vaporeon, L65, M|304\/304 slp\n|move|p2a: Stantler|Return|p1a: Vaporeon\n|-damage|p1a: Vaporeon|169\/304 slp\n|\n|-heal|p2a: Stantler|257\/257|[from] item: Leftovers\n|-heal|p1a: Vaporeon|188\/304 slp|[from] item: Leftovers\n|upkeep\n|turn|40\n|\n|t:|1637399198\n|move|p2a: Stantler|Return|p1a: Vaporeon\n|-damage|p1a: Vaporeon|53\/304 slp\n|cant|p1a: Vaporeon|slp\n|move|p1a: Vaporeon|Sleep Talk|p1a: Vaporeon\n|move|p1a: Vaporeon|Ice Beam|p2a: Stantler|[from]Sleep Talk\n|-damage|p2a: Stantler|195\/257\n|\n|-heal|p2a: Stantler|211\/257|[from] item: Leftovers\n|-heal|p1a: Vaporeon|72\/304 slp|[from] item: Leftovers\n|upkeep\n|turn|41\n|\n|t:|1637399214\n|switch|p1a: Stantler|Stantler, L73, M|105\/257 slp\n|move|p2a: Stantler|Return|p1a: Stantler\n|-crit|p1a: Stantler\n|-damage|p1a: Stantler|0 fnt\n|faint|p1a: Stantler\n|\n|t:|1637399216\n|switch|p1a: Nidoking|Nidoking, L65, M|240\/240\n|\n|-heal|p2a: Stantler|227\/257|[from] item: Leftovers\n|upkeep\n|turn|42\n|j| nonefacials\n|l| nonefacials\n|\n|t:|1637399257\n|move|p2a: Stantler|Return|p1a: Nidoking\n|-damage|p1a: Nidoking|135\/240\n|move|p1a: Nidoking|Earthquake|p2a: Stantler\n|-damage|p2a: Stantler|132\/257\n|\n|-heal|p2a: Stantler|148\/257|[from] item: Leftovers\n|-heal|p1a: Nidoking|150\/240|[from] item: Leftovers\n|upkeep\n|turn|43\n|\n|t:|1637399271\n|move|p2a: Stantler|Return|p1a: Nidoking\n|-damage|p1a: Nidoking|28\/240\n|move|p1a: Nidoking|Earthquake|p2a: Stantler\n|-damage|p2a: Stantler|59\/257\n|\n|-heal|p2a: Stantler|75\/257|[from] item: Leftovers\n|-heal|p1a: Nidoking|43\/240|[from] item: Leftovers\n|upkeep\n|turn|44\n|\n|t:|1637399279\n|move|p2a: Stantler|Return|p1a: Nidoking\n|-damage|p1a: Nidoking|0 fnt\n|faint|p1a: Nidoking\n|\n|t:|1637399284\n|switch|p1a: Dugtrio|Dugtrio, L73, M|149\/201\n|\n|-heal|p1a: Dugtrio|161\/201|[from] item: Leftovers\n|-heal|p2a: Stantler|91\/257|[from] item: Leftovers\n|upkeep\n|turn|45\n|\n|t:|1637399301\n|switch|p1a: Qwilfish|Qwilfish, L69, M|129\/232\n|switch|p2a: Blastoise|Blastoise, L69, M|252\/252 slp\n|-damage|p2a: Blastoise|221\/252 slp|[from] Spikes\n|\n|-heal|p1a: Qwilfish|143\/232|[from] item: Leftovers\n|-heal|p2a: Blastoise|236\/252 slp|[from] item: Leftovers\n|upkeep\n|turn|46\n|\n|t:|1637399315\n|switch|p2a: Wobbuffet|Wobbuffet, L83, M|485\/485\n|-damage|p2a: Wobbuffet|425\/485|[from] Spikes\n|move|p1a: Qwilfish|Curse|p1a: Qwilfish\n|-unboost|p1a: Qwilfish|spe|1\n|-boost|p1a: Qwilfish|atk|1\n|-boost|p1a: Qwilfish|def|1\n|\n|-heal|p2a: Wobbuffet|455\/485|[from] item: Leftovers\n|-heal|p1a: Qwilfish|157\/232|[from] item: Leftovers\n|upkeep\n|turn|47\n|\n|t:|1637399357\n|move|p2a: Wobbuffet|Mimic|p1a: Qwilfish\n|-activate|p2a: Wobbuffet|move: Mimic|Curse\n|move|p1a: Qwilfish|Sludge Bomb|p2a: Wobbuffet\n|-damage|p2a: Wobbuffet|332\/485\n|\n|-heal|p2a: Wobbuffet|362\/485|[from] item: Leftovers\n|-heal|p1a: Qwilfish|171\/232|[from] item: Leftovers\n|upkeep\n|turn|48\n|\n|t:|1637399369\n|move|p2a: Wobbuffet|Safeguard|p2a: Wobbuffet\n|-sidestart|p2: swordsman.n|Safeguard\n|move|p1a: Qwilfish|Curse|p1a: Qwilfish\n|-unboost|p1a: Qwilfish|spe|1\n|-boost|p1a: Qwilfish|atk|1\n|-boost|p1a: Qwilfish|def|1\n|\n|-heal|p2a: Wobbuffet|392\/485|[from] item: Leftovers\n|-heal|p1a: Qwilfish|185\/232|[from] item: Leftovers\n|upkeep\n|turn|49\n|\n|t:|1637399377\n|move|p2a: Wobbuffet|Curse|p2a: Wobbuffet\n|-unboost|p2a: Wobbuffet|spe|1\n|-boost|p2a: Wobbuffet|atk|1\n|-boost|p2a: Wobbuffet|def|1\n|move|p1a: Qwilfish|Curse|p1a: Qwilfish\n|-unboost|p1a: Qwilfish|spe|1\n|-boost|p1a: Qwilfish|atk|1\n|-boost|p1a: Qwilfish|def|1\n|\n|-heal|p2a: Wobbuffet|422\/485|[from] item: Leftovers\n|-heal|p1a: Qwilfish|199\/232|[from] item: Leftovers\n|upkeep\n|turn|50\n|\n|t:|1637399388\n|move|p2a: Wobbuffet|Curse|p2a: Wobbuffet\n|-unboost|p2a: Wobbuffet|spe|1\n|-boost|p2a: Wobbuffet|atk|1\n|-boost|p2a: Wobbuffet|def|1\n|move|p1a: Qwilfish|Curse|p1a: Qwilfish\n|-unboost|p1a: Qwilfish|spe|1\n|-boost|p1a: Qwilfish|atk|1\n|-boost|p1a: Qwilfish|def|1\n|\n|-heal|p2a: Wobbuffet|452\/485|[from] item: Leftovers\n|-heal|p1a: Qwilfish|213\/232|[from] item: Leftovers\n|upkeep\n|turn|51\n|\n|t:|1637399398\n|move|p2a: Wobbuffet|Curse|p2a: Wobbuffet\n|-unboost|p2a: Wobbuffet|spe|1\n|-boost|p2a: Wobbuffet|atk|1\n|-boost|p2a: Wobbuffet|def|1\n|move|p1a: Qwilfish|Curse|p1a: Qwilfish\n|-unboost|p1a: Qwilfish|spe|1\n|-boost|p1a: Qwilfish|atk|1\n|-boost|p1a: Qwilfish|def|1\n|\n|-heal|p2a: Wobbuffet|482\/485|[from] item: Leftovers\n|-heal|p1a: Qwilfish|227\/232|[from] item: Leftovers\n|upkeep\n|turn|52\n|\n|t:|1637399414\n|move|p2a: Wobbuffet|Safeguard|p2a: Wobbuffet\n|-fail|p2a: Wobbuffet\n|move|p1a: Qwilfish|Curse|p1a: Qwilfish\n|-unboost|p1a: Qwilfish|spe|1\n|-boost|p1a: Qwilfish|atk|1\n|-boost|p1a: Qwilfish|def|1\n|\n|-heal|p2a: Wobbuffet|485\/485|[from] item: Leftovers\n|-heal|p1a: Qwilfish|232\/232|[from] item: Leftovers\n|-sideend|p2: swordsman.n|Safeguard\n|upkeep\n|turn|53\n|\n|t:|1637399422\n|move|p1a: Qwilfish|Spikes|p2a: Wobbuffet\n|-fail|p2a: Wobbuffet\n|move|p2a: Wobbuffet|Counter|p1a: Qwilfish\n|-fail|p1a: Qwilfish\n|\n|upkeep\n|turn|54\n|\n|t:|1637399430\n|move|p1a: Qwilfish|Hydro Pump|p2a: Wobbuffet|[miss]\n|-miss|p1a: Qwilfish\n|move|p2a: Wobbuffet|Counter|p1a: Qwilfish\n|-fail|p1a: Qwilfish\n|\n|upkeep\n|turn|55\n|\n|t:|1637399448\n|move|p1a: Qwilfish|Hydro Pump|p2a: Wobbuffet\n|-damage|p2a: Wobbuffet|409\/485\n|move|p2a: Wobbuffet|Counter|p1a: Qwilfish\n|-fail|p1a: Qwilfish\n|\n|-heal|p2a: Wobbuffet|439\/485|[from] item: Leftovers\n|upkeep\n|turn|56\n|\n|t:|1637399462\n|move|p1a: Qwilfish|Hydro Pump|p2a: Wobbuffet\n|-crit|p2a: Wobbuffet\n|-damage|p2a: Wobbuffet|287\/485\n|move|p2a: Wobbuffet|Counter|p1a: Qwilfish\n|-fail|p1a: Qwilfish\n|\n|-heal|p2a: Wobbuffet|317\/485|[from] item: Leftovers\n|upkeep\n|turn|57\n|\n|t:|1637399470\n|move|p1a: Qwilfish|Hydro Pump|p2a: Wobbuffet\n|-crit|p2a: Wobbuffet\n|-damage|p2a: Wobbuffet|153\/485\n|move|p2a: Wobbuffet|Counter|p1a: Qwilfish\n|-fail|p1a: Qwilfish\n|\n|-heal|p2a: Wobbuffet|183\/485|[from] item: Leftovers\n|upkeep\n|turn|58\n|\n|t:|1637399476\n|move|p1a: Qwilfish|Hydro Pump|p2a: Wobbuffet|[miss]\n|-miss|p1a: Qwilfish\n|move|p2a: Wobbuffet|Counter|p1a: Qwilfish\n|-fail|p1a: Qwilfish\n|\n|-heal|p2a: Wobbuffet|213\/485|[from] item: Leftovers\n|upkeep\n|turn|59\n|\n|t:|1637399482\n|move|p1a: Qwilfish|Hydro Pump|p2a: Wobbuffet\n|-crit|p2a: Wobbuffet\n|-damage|p2a: Wobbuffet|58\/485\n|move|p2a: Wobbuffet|Mirror Coat|p1a: Qwilfish\n|-damage|p1a: Qwilfish|0 fnt\n|faint|p1a: Qwilfish\n|c|\u2606swordsman.n|\u597dct\n|c|\u2606syelza|\u3002\u3002\n|l| mqsh\n|c|\u2606syelza|\u6211\u4ee5\u4e3a\u56db\u4e2a\u6280\u80fd\u3002\u3002\n|-message|syelza forfeited.\n|\n|win|swordsman.n\n|l|\u2606syelza\n","inputlog":">version 5f9d7c5fd7d7784ad2f0d0f4b61ea6e75791baaf\n>version-origin 3918ebd609a2bd57e0326bf76fca79306b37a61f\n>start {\"formatid\":\"gen2randombattle\",\"seed\":[23222,35378,47907,17254]}\n>player p1 {\"name\":\"syelza\",\"avatar\":\"pokemonrangerf-gen4\",\"rating\":0,\"seed\":[63701,41789,51745,48383]}\n>player p2 {\"name\":\"swordsman.n\",\"avatar\":\"caitlin\",\"rating\":0,\"seed\":[776,57091,23317,18533]}\n>p1 move curse\n>p2 switch 3\n>p1 switch 2\n>p2 move curse\n>p1 move icebeam\n>p2 switch 6\n>p1 switch 5\n>p2 move toxic\n>p1 move thunder\n>p2 switch 4\n>p1 switch 5\n>p2 move icebeam\n>p1 move surf\n>p2 move rest\n>p1 move surf\n>p2 move sleeptalk\n>p1 move surf\n>p2 move sleeptalk\n>p1 move rest\n>p2 move sleeptalk\n>p1 move sleeptalk\n>p2 move rest\n>chat  woflw|\u6298\u78e8\n>p1 move sleeptalk\n>p2 move rest\n>p1 switch 3\n>p2 move rest\n>chat  rami3e|zzz\n>p1 move spikes\n>p2 switch 3\n>p1 move sludgebomb\n>p2 move return\n>p1 switch 5\n>p2 move return\n>p1 move rest\n>p2 move return\n>p1 switch 2\n>p2 move return\n>p1 move rest\n>p2 move return\n>p1 move sleeptalk\n>p2 move return\n>p1 switch 2\n>p2 move return\n>p1 move thunder\n>p2 move return\n>chat \u2606swordsman.n|\u597d\u8036\n>p1 move thunder\n>p2 move return\n>p1 switch 4\n>p1 move earthquake\n>p2 switch 4\n>chat  rami3e|\u80a5\u80a5\u2014\u2014\n>p1 move sludgebomb\n>p2 move recover\n>p2 switch 3\n>p1 move substitute\n>p2 move sleeptalk\n>p1 move earthquake\n>p2 move surf\n>p1 move substitute\n>p2 move rest\n>p1 move earthquake\n>p2 move sleeptalk\n>p1 switch 3\n>p2 move sleeptalk\n>p1 move surf\n>p2 move rest\n>p1 move surf\n>p2 move rest\n>p1 switch 2\n>p2 move rest\n>p1 move rest\n>p2 switch 6\n>p1 switch 2\n>p2 move earthquake\n>p1 move surf\n>p2 switch 6\n>p1 move rest\n>p2 move sleeptalk\n>p1 switch 2\n>p2 switch 4\n>p1 switch 2\n>p2 move return\n>p1 move sleeptalk\n>p2 move return\n>p1 switch 2\n>p2 move return\n>p1 switch 6\n>p1 move earthquake\n>p2 move return\n>p1 move earthquake\n>p2 move return\n>p1 move earthquake\n>p2 move return\n>p1 switch 3\n>p1 switch 5\n>p2 switch 4\n>p1 move curse\n>p2 switch 2\n>p1 move sludgebomb\n>p2 move mimic\n>p1 move curse\n>p2 move safeguard\n>p1 move curse\n>p2 move curse\n>p1 move curse\n>p2 move curse\n>p1 move curse\n>p2 move curse\n>p1 move curse\n>p2 move safeguard\n>p1 move spikes\n>p2 move counter\n>p1 move hydropump\n>p2 move counter\n>p1 move hydropump\n>p2 move counter\n>p1 move hydropump\n>p2 move counter\n>p1 move hydropump\n>p2 move counter\n>p1 move hydropump\n>p2 move counter\n>p1 move hydropump\n>p2 move mirrorcoat\n>chat \u2606swordsman.n|\u597dct\n>chat \u2606syelza|\u3002\u3002\n>chat \u2606syelza|\u6211\u4ee5\u4e3a\u56db\u4e2a\u6280\u80fd\u3002\u3002\n>forcelose p1","uploadtime":1637399527,"views":12,"p1id":"syelza","p2id":"swordsmann","formatid":"gen2randombattle","rating":0,"private":0,"password":null}