{"id":"china-gen8ou-4656196","p1":"Swordsman.N","p2":"rimarinalove","format":"gen8ou","log":"|j|\u2606Swordsman.N\n|j|\u2606rimarinalove\n|t:|1652012662\n|gametype|singles\n|player|p1|Swordsman.N|caitlin|\n|player|p2|rimarinalove|roxie|\n|teamsize|p1|6\n|teamsize|p2|6\n|gen|8\n|tier|[Gen 8] OU\n|rule|Sleep Clause Mod: Limit one foe put to sleep\n|rule|Species Clause: Limit one of each Pok\u00e9mon\n|rule|OHKO Clause: OHKO moves are banned\n|rule|Evasion Moves Clause: Evasion moves are banned\n|rule|Endless Battle Clause: Forcing endless battles is banned\n|rule|HP Percentage Mod: HP is shown in percentages\n|rule|Dynamax Clause: You cannot dynamax\n|clearpoke\n|poke|p1|Cobalion|\n|poke|p1|Garchomp, M|\n|poke|p1|Slowbro-Galar, F|\n|poke|p1|Diggersby, M|\n|poke|p1|Torkoal, M|\n|poke|p1|Zapdos-Galar|\n|poke|p2|Thundurus-Therian, M|\n|poke|p2|Regieleki|\n|poke|p2|Rotom-Frost|\n|poke|p2|Weavile, M|\n|poke|p2|Latios, M|\n|poke|p2|Salamence, F|\n|teampreview\n|j| peyko\n|j| gyptv\n|j| AlIoutdragadarts\n|l| AlIoutdragadarts\n|l| gyptv\n|\n|t:|1652012714\n|start\n|switch|p1a: Slowbro|Slowbro-Galar, F|100\/100\n|switch|p2a: Rotom|Rotom-Frost|100\/100\n|turn|1\n|\n|t:|1652012725\n|move|p2a: Rotom|Volt Switch|p1a: Slowbro\n|-damage|p1a: Slowbro|81\/100\n|\n|t:|1652012728\n|switch|p2a: Latios|Latios, M|100\/100|[from]move: Volt Switch\n|move|p1a: Slowbro|Shell Side Arm|p2a: Latios|[anim] Shell Side Arm Physical\n|-damage|p2a: Latios|67\/100\n|-hint|Physical Shell Side Arm\n|-status|p2a: Latios|psn\n|\n|-heal|p2a: Latios|73\/100 psn|[from] item: Leftovers\n|-damage|p2a: Latios|61\/100 psn|[from] psn\n|upkeep\n|turn|2\n|\n|t:|1652012743\n|move|p2a: Latios|Psychic|p1a: Slowbro\n|-damage|p1a: Slowbro|60\/100\n|move|p1a: Slowbro|Ice Beam|p2a: Latios\n|-supereffective|p2a: Latios\n|-damage|p2a: Latios|26\/100 psn\n|\n|-heal|p2a: Latios|32\/100 psn|[from] item: Leftovers\n|-damage|p2a: Latios|19\/100 psn|[from] psn\n|upkeep\n|turn|3\n|\n|t:|1652012763\n|move|p2a: Latios|Roost|p2a: Latios\n|-heal|p2a: Latios|69\/100 psn\n|-singleturn|p2a: Latios|move: Roost\n|move|p1a: Slowbro|Shell Side Arm|p2a: Latios|[anim] Shell Side Arm Physical\n|-damage|p2a: Latios|37\/100 psn\n|-hint|Physical Shell Side Arm\n|\n|-heal|p2a: Latios|43\/100 psn|[from] item: Leftovers\n|-damage|p2a: Latios|31\/100 psn|[from] psn\n|upkeep\n|turn|4\n|\n|t:|1652012776\n|switch|p2a: Weavile|Weavile, M|100\/100\n|-ability|p2a: Weavile|Pressure\n|move|p1a: Slowbro|Shell Side Arm|p2a: Weavile|[anim] Shell Side Arm Physical\n|-damage|p2a: Weavile|44\/100\n|-hint|Physical Shell Side Arm\n|-status|p2a: Weavile|psn\n|\n|-damage|p2a: Weavile|31\/100 psn|[from] psn\n|upkeep\n|turn|5\n|\n|t:|1652012814\n|switch|p1a: Cobalion|Cobalion|100\/100\n|move|p2a: Weavile|Knock Off|p1a: Cobalion\n|-resisted|p1a: Cobalion\n|-damage|p1a: Cobalion|70\/100\n|-ability|p1a: Cobalion|Justified|boost\n|-boost|p1a: Cobalion|atk|1\n|-enditem|p1a: Cobalion|Leftovers|[from] move: Knock Off|[of] p2a: Weavile\n|\n|-damage|p2a: Weavile|19\/100 psn|[from] psn\n|upkeep\n|turn|6\n|\n|t:|1652012830\n|switch|p2a: Thundurus|Thundurus-Therian, M|100\/100\n|move|p1a: Cobalion|Toxic|p2a: Thundurus\n|-status|p2a: Thundurus|tox\n|\n|-damage|p2a: Thundurus|95\/100 tox|[from] psn\n|upkeep\n|turn|7\n|\n|t:|1652012839\n|switch|p1a: Slowbro|Slowbro-Galar, F|93\/100\n|move|p2a: Thundurus|Focus Blast|p1a: Slowbro\n|-resisted|p1a: Slowbro\n|-damage|p1a: Slowbro|87\/100\n|\n|-damage|p2a: Thundurus|83\/100 tox|[from] psn\n|upkeep\n|turn|8\n|\n|t:|1652012851\n|switch|p2a: Weavile|Weavile, M|19\/100 psn\n|-ability|p2a: Weavile|Pressure\n|move|p1a: Slowbro|Shell Side Arm|p2a: Weavile|[anim] Shell Side Arm Physical\n|-damage|p2a: Weavile|0 fnt\n|-hint|Physical Shell Side Arm\n|faint|p2a: Weavile\n|\n|upkeep\n|\n|t:|1652012859\n|switch|p2a: Rotom|Rotom-Frost|100\/100\n|turn|9\n|j| rami3e\n|\n|t:|1652012885\n|move|p2a: Rotom|Will-O-Wisp|p1a: Slowbro\n|-status|p1a: Slowbro|brn\n|move|p1a: Slowbro|Shell Side Arm|p2a: Rotom|[anim] Shell Side Arm Special\n|-damage|p2a: Rotom|59\/100\n|-hint|Special Shell Side Arm\n|-status|p2a: Rotom|psn\n|\n|-damage|p2a: Rotom|47\/100 psn|[from] psn\n|-damage|p1a: Slowbro|81\/100 brn|[from] brn\n|upkeep\n|turn|10\n|j| vusty fans3\n|\n|t:|1652012919\n|move|p2a: Rotom|Blizzard|p1a: Slowbro|[miss]\n|-miss|p2a: Rotom|p1a: Slowbro\n|move|p1a: Slowbro|Shell Side Arm|p2a: Rotom|[anim] Shell Side Arm Special\n|-damage|p2a: Rotom|6\/100 psn\n|-hint|Special Shell Side Arm\n|\n|-damage|p2a: Rotom|0 fnt|[from] psn\n|faint|p2a: Rotom\n|-damage|p1a: Slowbro|74\/100 brn|[from] brn\n|upkeep\n|\n|t:|1652012933\n|switch|p2a: Thundurus|Thundurus-Therian, M|83\/100 tox\n|turn|11\n|\n|t:|1652012939\n|move|p2a: Thundurus|Psychic|p1a: Slowbro\n|-damage|p1a: Slowbro|57\/100 brn\n|move|p1a: Slowbro|Ice Beam|p2a: Thundurus\n|-supereffective|p2a: Thundurus\n|-damage|p2a: Thundurus|27\/100 tox\n|\n|-damage|p2a: Thundurus|21\/100 tox|[from] psn\n|-damage|p1a: Slowbro|51\/100 brn|[from] brn\n|upkeep\n|turn|12\n|\n|t:|1652012955\n|switch|p1a: Cobalion|Cobalion|70\/100\n|move|p2a: Thundurus|Psychic|p1a: Cobalion\n|-damage|p1a: Cobalion|30\/100\n|\n|-damage|p2a: Thundurus|9\/100 tox|[from] psn\n|upkeep\n|turn|13\n|\n|t:|1652012971\n|switch|p2a: Latios|Latios, M|31\/100 psn\n|move|p1a: Cobalion|Close Combat|p2a: Latios\n|-resisted|p2a: Latios\n|-damage|p2a: Latios|7\/100 psn\n|-unboost|p1a: Cobalion|def|1\n|-unboost|p1a: Cobalion|spd|1\n|\n|-heal|p2a: Latios|13\/100 psn|[from] item: Leftovers\n|-damage|p2a: Latios|1\/100 psn|[from] psn\n|upkeep\n|turn|14\n|\n|t:|1652012987\n|switch|p1a: Slowbro|Slowbro-Galar, F|84\/100 brn\n|move|p2a: Latios|Draco Meteor|p1a: Slowbro\n|-damage|p1a: Slowbro|53\/100 brn\n|-unboost|p2a: Latios|spa|2\n|\n|-heal|p2a: Latios|7\/100 psn|[from] item: Leftovers\n|-damage|p2a: Latios|0 fnt|[from] psn\n|faint|p2a: Latios\n|-damage|p1a: Slowbro|47\/100 brn|[from] brn\n|upkeep\n|\n|t:|1652012998\n|switch|p2a: Salamence|Salamence, F|100\/100\n|turn|15\n|\n|t:|1652013013\n|switch|p2a: Regieleki|Regieleki|100\/100\n|move|p1a: Slowbro|Ice Beam|p2a: Regieleki\n|-damage|p2a: Regieleki|59\/100\n|\n|-damage|p1a: Slowbro|40\/100 brn|[from] brn\n|upkeep\n|turn|16\n|\n|t:|1652013035\n|switch|p1a: Diggersby|Diggersby, M|100\/100\n|move|p2a: Regieleki|Explosion|p1a: Diggersby\n|-damage|p1a: Diggersby|37\/100\n|faint|p2a: Regieleki\n|\n|upkeep\n|\n|t:|1652013041\n|switch|p2a: Salamence|Salamence, F|100\/100\n|turn|17\n|\n|t:|1652013058\n|move|p1a: Diggersby|Quick Attack|p2a: Salamence\n|-damage|p2a: Salamence|60\/100\n|move|p2a: Salamence|Dragon Dance|p2a: Salamence\n|-boost|p2a: Salamence|atk|1\n|-boost|p2a: Salamence|spe|1\n|\n|upkeep\n|turn|18\n|\n|t:|1652013065\n|move|p1a: Diggersby|Quick Attack|p2a: Salamence\n|-damage|p2a: Salamence|20\/100\n|move|p2a: Salamence|Roost|p2a: Salamence\n|-heal|p2a: Salamence|70\/100\n|-singleturn|p2a: Salamence|move: Roost\n|\n|upkeep\n|turn|19\n|\n|t:|1652013073\n|switch|p1a: \u7528\u65e0\u654c\u7684\u7164\u70ad\u9f9f\u55b7\u6b7b\u4ed6!|Torkoal, M|100\/100\n|-weather|SunnyDay|[from] ability: Drought|[of] p1a: \u7528\u65e0\u654c\u7684\u7164\u70ad\u9f9f\u55b7\u6b7b\u4ed6!\n|move|p2a: Salamence|Dragon Claw|p1a: \u7528\u65e0\u654c\u7684\u7164\u70ad\u9f9f\u55b7\u6b7b\u4ed6!\n|-damage|p1a: \u7528\u65e0\u654c\u7684\u7164\u70ad\u9f9f\u55b7\u6b7b\u4ed6!|63\/100\n|\n|-weather|SunnyDay|[upkeep]\n|upkeep\n|turn|20\n|\n|t:|1652013090\n|move|p2a: Salamence|Dragon Dance|p2a: Salamence\n|-boost|p2a: Salamence|atk|1\n|-boost|p2a: Salamence|spe|1\n|move|p1a: \u7528\u65e0\u654c\u7684\u7164\u70ad\u9f9f\u55b7\u6b7b\u4ed6!|Will-O-Wisp|p2a: Salamence\n|-status|p2a: Salamence|brn\n|\n|-weather|SunnyDay|[upkeep]\n|-damage|p2a: Salamence|64\/100 brn|[from] brn\n|upkeep\n|turn|21\n|j| Residual red soul\n|\n|t:|1652013148\n|move|p2a: Salamence|Dragon Dance|p2a: Salamence\n|-boost|p2a: Salamence|atk|1\n|-boost|p2a: Salamence|spe|1\n|move|p1a: \u7528\u65e0\u654c\u7684\u7164\u70ad\u9f9f\u55b7\u6b7b\u4ed6!|Clear Smog|p2a: Salamence\n|-damage|p2a: Salamence|53\/100 brn\n|-clearboost|p2a: Salamence\n|\n|-weather|SunnyDay|[upkeep]\n|-damage|p2a: Salamence|47\/100 brn|[from] brn\n|upkeep\n|turn|22\n|\n|t:|1652013159\n|switch|p1a: Zapdos|Zapdos-Galar|100\/100\n|move|p2a: Salamence|Dragon Claw|p1a: Zapdos\n|-damage|p1a: Zapdos|71\/100\n|\n|-weather|SunnyDay|[upkeep]\n|-damage|p2a: Salamence|41\/100 brn|[from] brn\n|upkeep\n|turn|23\n|\n|t:|1652013168\n|move|p1a: Zapdos|Brave Bird|p2a: Salamence\n|-damage|p2a: Salamence|0 fnt\n|faint|p2a: Salamence\n|-damage|p1a: Zapdos|55\/100|[from] Recoil\n|\n|-weather|none\n|upkeep\n|\n|t:|1652013173\n|switch|p2a: Thundurus|Thundurus-Therian, M|9\/100 tox\n|turn|24\n|\n|t:|1652013180\n|move|p2a: Thundurus|Thunderbolt|p1a: Zapdos\n|-supereffective|p1a: Zapdos\n|-damage|p1a: Zapdos|0 fnt\n|faint|p1a: Zapdos\n|\n|-damage|p2a: Thundurus|3\/100 tox|[from] psn\n|upkeep\n|\n|t:|1652013187\n|switch|p1a: Diggersby|Diggersby, M|37\/100\n|turn|25\n|\n|t:|1652013190\n|move|p1a: Diggersby|Quick Attack|p2a: Thundurus\n|-crit|p2a: Thundurus\n|-damage|p2a: Thundurus|0 fnt\n|faint|p2a: Thundurus\n|\n|win|Swordsman.N\n|l| Residual red soul\n","uploadtime":1652013202,"views":29,"p1id":"swordsmann","p2id":"rimarinalove","formatid":"gen8ou","rating":0,"private":0,"password":null}