{"id":"china-gen7ou-146630","p1":"uuuuiiii","p2":"knight of death","format":"gen7ou","log":"|j|\u2606uuuuiiii\n|j|\u2606knight of death\n|player|p1|uuuuiiii|1\n|player|p2|knight of death|251\n|teamsize|p1|6\n|teamsize|p2|6\n|gametype|singles\n|gen|7\n|tier|[Gen 7] OU\n|rated|\n|rule|Sleep Clause Mod: Limit one foe put to sleep\n|rule|Species Clause: Limit one of each Pok\u00e9mon\n|rule|OHKO Clause: OHKO moves are banned\n|rule|Moody Clause: Moody is banned\n|rule|Evasion Moves Clause: Evasion moves are banned\n|rule|Endless Battle Clause: Forcing endless battles is banned\n|rule|HP Percentage Mod: HP is shown in percentages\n|clearpoke\n|poke|p1|Beedrill, M|item\n|poke|p1|Tapu Koko|item\n|poke|p1|Landorus-Therian, M|item\n|poke|p1|Greninja, M|item\n|poke|p1|Latios, M|item\n|poke|p1|Kartana|item\n|poke|p2|Greninja, F|item\n|poke|p2|Scizor, M|item\n|poke|p2|Tangrowth, F|item\n|poke|p2|Heatran, M|item\n|poke|p2|Tornadus-Therian, M|item\n|poke|p2|Tapu Lele|item\n|teampreview\n|inactive|Battle timer is ON: inactive players will automatically lose when time's up. (requested by knight of death)\n|\n|start\n|switch|p1a: Beedrill|Beedrill, M, shiny|100\/100\n|switch|p2a: Greninja|Greninja, F|100\/100\n|turn|1\n|\n|switch|p2a: Scizor|Scizor, M|100\/100\n|detailschange|p1a: Beedrill|Beedrill-Mega, M, shiny\n|-mega|p1a: Beedrill|Beedrill|Beedrillite\n|move|p1a: Beedrill|U-turn|p2a: Scizor\n|-resisted|p2a: Scizor\n|-damage|p2a: Scizor|81\/100\n|\n|switch|p1a: Kartana|Kartana|100\/100\n|\n|upkeep\n|turn|2\n|\n|detailschange|p2a: Scizor|Scizor-Mega, M\n|-mega|p2a: Scizor|Scizor|Scizorite\n|move|p1a: Kartana|Swords Dance|p1a: Kartana\n|-boost|p1a: Kartana|atk|2\n|move|p2a: Scizor|Roost|p2a: Scizor\n|-heal|p2a: Scizor|100\/100\n|\n|upkeep\n|turn|3\n|\n|switch|p2a: Tornadus|Tornadus-Therian, M|100\/100\n|move|p1a: Kartana|Sacred Sword|p2a: Tornadus\n|-resisted|p2a: Tornadus\n|-damage|p2a: Tornadus|55\/100\n|-damage|p1a: Kartana|84\/100|[from] item: Rocky Helmet|[of] p2a: Tornadus\n|\n|upkeep\n|turn|4\n|\n|switch|p1a: Tapu Koko|Tapu Koko|100\/100\n|-fieldstart|move: Electric Terrain|[from] ability: Electric Surge|[of] p1a: Tapu Koko\n|move|p2a: Tornadus|U-turn|p1a: Tapu Koko\n|-resisted|p1a: Tapu Koko\n|-damage|p1a: Tapu Koko|90\/100\n|\n|switch|p2a: Tangrowth|Tangrowth, F|100\/100\n|\n|upkeep\n|turn|5\n|\n|move|p1a: Tapu Koko|Volt Switch|p2a: Tangrowth\n|-resisted|p2a: Tangrowth\n|-damage|p2a: Tangrowth|86\/100\n|\n|switch|p1a: Beedrill|Beedrill-Mega, M, shiny|100\/100\n|move|p2a: Tangrowth|Knock Off|p1a: Beedrill\n|-damage|p1a: Beedrill|61\/100\n|\n|upkeep\n|turn|6\n|j| zzs is my goddess\n|\n|switch|p2a: Scizor|Scizor-Mega, M|100\/100\n|move|p1a: Beedrill|U-turn|p2a: Scizor\n|-resisted|p2a: Scizor\n|-damage|p2a: Scizor|82\/100\n|\n|switch|p1a: Kartana|Kartana|84\/100\n|\n|upkeep\n|turn|7\n|\n|move|p1a: Kartana|Smart Strike|p2a: Scizor\n|-resisted|p2a: Scizor\n|-damage|p2a: Scizor|68\/100\n|move|p2a: Scizor|U-turn|p1a: Kartana\n|-damage|p1a: Kartana|45\/100\n|\n|switch|p2a: Greninja|Greninja, F|100\/100\n|\n|upkeep\n|turn|8\n|\n|switch|p1a: Tapu Koko|Tapu Koko|90\/100\n|move|p2a: Greninja|U-turn|p1a: Tapu Koko\n|-start|p2a: Greninja|typechange|Bug|[from] Protean\n|-resisted|p1a: Tapu Koko\n|-damage|p1a: Tapu Koko|70\/100\n|\n|switch|p2a: Tangrowth|Tangrowth, F|100\/100\n|\n|-fieldend|move: Electric Terrain\n|upkeep\n|turn|9\n|\n|move|p1a: Tapu Koko|U-turn|p2a: Tangrowth\n|-supereffective|p2a: Tangrowth\n|-damage|p2a: Tangrowth|80\/100\n|\n|switch|p1a: Landorus|Landorus-Therian, M|100\/100\n|-ability|p1a: Landorus|Intimidate|boost\n|-unboost|p2a: Tangrowth|atk|1\n|move|p2a: Tangrowth|Earthquake|p1a: Landorus\n|-immune|p1a: Landorus\n|\n|upkeep\n|turn|10\n|\n|switch|p2a: Tornadus|Tornadus-Therian, M|89\/100\n|move|p1a: Landorus|Swords Dance|p1a: Landorus\n|-boost|p1a: Landorus|atk|2\n|\n|upkeep\n|turn|11\n|\n|move|p2a: Tornadus|Hurricane|p1a: Landorus\n|-damage|p1a: Landorus|43\/100\n|move|p1a: Landorus|Explosion|p2a: Tornadus\n|-damage|p2a: Tornadus|0 fnt\n|faint|p1a: Landorus\n|faint|p2a: Tornadus\n|\n|upkeep\n|\n|switch|p2a: Tapu Lele|Tapu Lele|100\/100\n|switch|p1a: Greninja|Greninja, M|100\/100\n|-fieldstart|move: Psychic Terrain|[from] ability: Psychic Surge|[of] p2a: Tapu Lele\n|turn|12\n|\n|switch|p2a: Heatran|Heatran, M|100\/100\n|move|p1a: Greninja|Toxic Spikes|p2a: Heatran\n|-start|p1a: Greninja|typechange|Poison|[from] Protean\n|-sidestart|p2: knight of death|move: Toxic Spikes\n|\n|upkeep\n|turn|13\n|\n|switch|p1a: Latios|Latios, M|100\/100\n|move|p2a: Heatran|Stealth Rock|p1a: Latios\n|-sidestart|p1: uuuuiiii|move: Stealth Rock\n|\n|upkeep\n|turn|14\n|\n|switch|p2a: Scizor|Scizor-Mega, M|68\/100\n|move|p1a: Latios|Defog|p2a: Scizor\n|-unboost|p2a: Scizor|evasion|1\n|-sideend|p2: knight of death|Toxic Spikes|[from] move: Defog|[of] p2a: Scizor\n|-sideend|p1: uuuuiiii|Stealth Rock|[from] move: Defog|[of] p1a: Latios\n|\n|upkeep\n|turn|15\n|\n|switch|p1a: Tapu Koko|Tapu Koko|70\/100\n|-fieldstart|move: Electric Terrain|[from] ability: Electric Surge|[of] p1a: Tapu Koko\n|move|p2a: Scizor|U-turn|p1a: Tapu Koko\n|-resisted|p1a: Tapu Koko\n|-damage|p1a: Tapu Koko|43\/100\n|\n|switch|p2a: Tangrowth|Tangrowth, F|100\/100\n|\n|upkeep\n|turn|16\n|\n|move|p1a: Tapu Koko|Thunderbolt|p2a: Tangrowth\n|-resisted|p2a: Tangrowth\n|-damage|p2a: Tangrowth|84\/100\n|-status|p2a: Tangrowth|par\n|move|p2a: Tangrowth|Earthquake|p1a: Tapu Koko\n|-supereffective|p1a: Tapu Koko\n|-enditem|p1a: Tapu Koko|Shuca Berry|[eat]\n|-enditem|p1a: Tapu Koko|Shuca Berry|[weaken]\n|-damage|p1a: Tapu Koko|11\/100\n|\n|upkeep\n|turn|17\n|\n|move|p1a: Tapu Koko|Thunderbolt|p2a: Tangrowth\n|-resisted|p2a: Tangrowth\n|-damage|p2a: Tangrowth|67\/100 par\n|cant|p2a: Tangrowth|par\n|\n|upkeep\n|turn|18\n|\n|move|p1a: Tapu Koko|Thunderbolt|p2a: Tangrowth\n|-resisted|p2a: Tangrowth\n|-damage|p2a: Tangrowth|50\/100 par\n|move|p2a: Tangrowth|Giga Drain|p1a: Tapu Koko\n|-damage|p1a: Tapu Koko|0 fnt\n|-heal|p2a: Tangrowth|53\/100 par|[from] drain|[of] p1a: Tapu Koko\n|faint|p1a: Tapu Koko\n|\n|upkeep\n|\n|switch|p1a: Kartana|Kartana|45\/100\n|turn|19\n|\n|switch|p2a: Greninja|Greninja, F|100\/100\n|move|p1a: Kartana|Swords Dance|p1a: Kartana\n|-boost|p1a: Kartana|atk|2\n|\n|-fieldend|move: Electric Terrain\n|upkeep\n|turn|20\n|\n|switch|p1a: Latios|Latios, M|100\/100\n|move|p2a: Greninja|Ice Beam|p1a: Latios\n|-start|p2a: Greninja|typechange|Ice|[from] Protean\n|-supereffective|p1a: Latios\n|-damage|p1a: Latios|26\/100\n|\n|upkeep\n|turn|21\n|\n|switch|p2a: Tapu Lele|Tapu Lele|100\/100\n|-fieldstart|move: Psychic Terrain|[from] ability: Psychic Surge|[of] p2a: Tapu Lele\n|move|p1a: Latios|Draco Meteor|p2a: Tapu Lele\n|-immune|p2a: Tapu Lele\n|\n|upkeep\n|turn|22\n|\n|move|p1a: Latios|Draco Meteor|p2a: Tapu Lele\n|-immune|p2a: Tapu Lele\n|move|p2a: Tapu Lele|Psychic|p1a: Latios\n|-resisted|p1a: Latios\n|-damage|p1a: Latios|0 fnt\n|faint|p1a: Latios\n|\n|upkeep\n|\n|switch|p1a: Greninja|Greninja, M|100\/100\n|turn|23\n|\n|switch|p2a: Tangrowth|Tangrowth, F|87\/100 par\n|move|p1a: Greninja|Spikes|p2a: Tangrowth\n|-start|p1a: Greninja|typechange|Ground|[from] Protean\n|-sidestart|p2: knight of death|Spikes\n|\n|upkeep\n|turn|24\n|\n|move|p1a: Greninja|Ice Beam|p2a: Tangrowth\n|-start|p1a: Greninja|typechange|Ice|[from] Protean\n|-supereffective|p2a: Tangrowth\n|-damage|p2a: Tangrowth|39\/100 par\n|move|p2a: Tangrowth|Earthquake|p1a: Greninja\n|-damage|p1a: Greninja|64\/100\n|\n|upkeep\n|turn|25\n|\n|move|p1a: Greninja|Spikes|p2a: Tangrowth\n|-start|p1a: Greninja|typechange|Ground|[from] Protean\n|-sidestart|p2: knight of death|Spikes\n|move|p2a: Tangrowth|Earthquake|p1a: Greninja\n|-damage|p1a: Greninja|24\/100\n|\n|-fieldend|move: Psychic Terrain\n|upkeep\n|turn|26\n|\n|move|p1a: Greninja|Ice Beam|p2a: Tangrowth\n|-start|p1a: Greninja|typechange|Ice|[from] Protean\n|-supereffective|p2a: Tangrowth\n|-damage|p2a: Tangrowth|0 fnt\n|faint|p2a: Tangrowth\n|\n|upkeep\n|\n|switch|p2a: Tapu Lele|Tapu Lele|100\/100\n|-damage|p2a: Tapu Lele|84\/100|[from] Spikes\n|-fieldstart|move: Psychic Terrain|[from] ability: Psychic Surge|[of] p2a: Tapu Lele\n|turn|27\n|c|\u2606knight of death|gg\n|\n|move|p2a: Tapu Lele|Psychic|p1a: Greninja\n|-damage|p1a: Greninja|0 fnt\n|faint|p1a: Greninja\n|\n|upkeep\n|\n|switch|p1a: Beedrill|Beedrill-Mega, M, shiny|61\/100\n|turn|28\n|\n|move|p2a: Tapu Lele|Psychic|p1a: Beedrill\n|-supereffective|p1a: Beedrill\n|-crit|p1a: Beedrill\n|-damage|p1a: Beedrill|0 fnt\n|faint|p1a: Beedrill\n|\n|upkeep\n|-message|uuuuiiii forfeited.\n|\n|win|knight of death\n|raw|uuuuiiii's rating: 1358 &rarr; <strong>1339<\/strong><br \/>(-19 for losing)\n|raw|knight of death's rating: 1372 &rarr; <strong>1392<\/strong><br \/>(+20 for winning)\n|l|\u2606uuuuiiii\n","uploadtime":1544251210,"views":12,"p1id":"uuuuiiii","p2id":"knightofdeath","formatid":"gen7ou","rating":0,"private":0,"password":null}