{"id":"china-gen6ou-5217634","p1":"AlIoutdragadarts","p2":"YANZUI\u70df\u9189","format":"gen6ou","log":"|uhtml|report-battle|<b>\u5c06\u5bf9\u6218\u94fe\u63a5\u516c\u5f00\u5230:<\/b> <button class=\"button\" name=\"send\" value=\"\/reportto skypillar\">Sky Pillar<\/button><button class=\"button\" name=\"send\" value=\"\/reportto shinx\">Shinx<\/button>\n|j|\u2606AlIoutdragadarts\n|j|\u2606YANZUI\u70df\u9189\n|inactive|Battle timer is ON: inactive players will automatically lose when time's up.\n|t:|1659788722\n|gametype|singles\n|player|p1|AlIoutdragadarts|dawn|\n|player|p2|YANZUI\u70df\u9189|cpl2022slateporttorpedo.png|\n|teamsize|p1|6\n|teamsize|p2|6\n|gen|6\n|tier|[Gen 6] OU\n|rated|Tournament battle\n|rule|Sleep Clause Mod: Limit one foe put to sleep\n|rule|Species Clause: Limit one of each Pok\u00e9mon\n|rule|OHKO Clause: OHKO moves are banned\n|rule|Moody Clause: Moody is banned\n|rule|Evasion Moves Clause: Evasion moves are banned\n|rule|Endless Battle Clause: Forcing endless battles is banned\n|rule|HP Percentage Mod: HP is shown in percentages\n|rule|Swagger Clause: Swagger is banned\n|clearpoke\n|poke|p1|Suicune|item\n|poke|p1|Altaria, F|item\n|poke|p1|Weavile, M|item\n|poke|p1|Excadrill, M|item\n|poke|p1|Cofagrigus, M|item\n|poke|p1|Talonflame, M|item\n|poke|p2|Tyrantrum, F|item\n|poke|p2|Scizor, F|item\n|poke|p2|Serperior, M|item\n|poke|p2|Landorus-Therian, M|item\n|poke|p2|Volcarona, M|item\n|poke|p2|Latias, F|item\n|teampreview\n|j| wlg123123\n|\n|t:|1659788732\n|start\n|switch|p1a: Cofagrigus|Cofagrigus, M, shiny|100\/100\n|switch|p2a: Landorus|Landorus-Therian, M|100\/100\n|-ability|p2a: Landorus|Intimidate|boost\n|-unboost|p1a: Cofagrigus|atk|1\n|turn|1\n|\n|t:|1659788738\n|move|p2a: Landorus|Stealth Rock|p1a: Cofagrigus\n|-sidestart|p1: AlIoutdragadarts|move: Stealth Rock\n|move|p1a: Cofagrigus|Toxic Spikes|p2a: Landorus\n|-sidestart|p2: YANZUI\u70df\u9189|move: Toxic Spikes\n|\n|upkeep\n|turn|2\n|j|\u265abaibaiats\n|\n|t:|1659788756\n|switch|p2a: Serperior|Serperior, M|100\/100\n|-status|p2a: Serperior|psn\n|move|p1a: Cofagrigus|Will-O-Wisp||[still]\n|-fail|p1a: Cofagrigus\n|\n|-damage|p2a: Serperior|88\/100 psn|[from] psn\n|upkeep\n|turn|3\n|\n|t:|1659788773\n|switch|p1a: Altaria|Altaria, F, shiny|100\/100\n|-damage|p1a: Altaria|76\/100|[from] Stealth Rock\n|-ability|p1a: Altaria|Cloud Nine\n|move|p2a: Serperior|Light Screen|p2a: Serperior\n|-sidestart|p2: YANZUI\u70df\u9189|move: Light Screen\n|\n|-damage|p2a: Serperior|76\/100 psn|[from] psn\n|upkeep\n|turn|4\n|\n|t:|1659788776\n|detailschange|p1a: Altaria|Altaria-Mega, F, shiny\n|-mega|p1a: Altaria|Altaria|Altarianite\n|move|p2a: Serperior|Glare|p1a: Altaria\n|-status|p1a: Altaria|par\n|move|p1a: Altaria|Roost|p1a: Altaria\n|-heal|p1a: Altaria|100\/100 par\n|-singleturn|p1a: Altaria|move: Roost\n|\n|-damage|p2a: Serperior|63\/100 psn|[from] psn\n|upkeep\n|turn|5\n|\n|t:|1659788785\n|move|p2a: Serperior|Reflect|p2a: Serperior\n|-sidestart|p2: YANZUI\u70df\u9189|Reflect\n|cant|p1a: Altaria|par\n|\n|-damage|p2a: Serperior|51\/100 psn|[from] psn\n|upkeep\n|turn|6\n|\n|t:|1659788788\n|move|p2a: Serperior|Leaf Storm|p1a: Altaria\n|-resisted|p1a: Altaria\n|-damage|p1a: Altaria|84\/100 par\n|-boost|p2a: Serperior|spa|2\n|cant|p1a: Altaria|par\n|\n|-damage|p2a: Serperior|38\/100 psn|[from] psn\n|upkeep\n|turn|7\n|\n|t:|1659788792\n|move|p2a: Serperior|Leaf Storm|p1a: Altaria\n|-resisted|p1a: Altaria\n|-damage|p1a: Altaria|53\/100 par\n|-boost|p2a: Serperior|spa|2\n|move|p1a: Altaria|Facade|p2a: Serperior\n|-damage|p2a: Serperior|0 fnt\n|faint|p2a: Serperior\n|\n|upkeep\n|c|\u2606YANZUI\u70df\u9189|\u5443\u5443\n|c|\u2606YANZUI\u70df\u9189|sry\n|\n|t:|1659788807\n|switch|p2a: Scizor|Scizor, F|100\/100\n|turn|8\n|c|\u2606AlIoutdragadarts|\u4e0d\u5c31\u9ebb\u75f9\u4e86\u4e00\u4e0b\n|c|\u2606AlIoutdragadarts|sry\u4ec0\u4e48\n|c|\u2606YANZUI\u70df\u9189|\u4e24\u4e0b\n|j| cbz123\n|c|\u2606AlIoutdragadarts|\u65e0\u6240\u8c13\n|c|\u2606YANZUI\u70df\u9189|\u4e00\u4e0b\u6211\u624d\u4e0d\u8bf4\u5462\n|\n|t:|1659788829\n|switch|p2a: Latias|Latias, F|100\/100\n|move|p1a: Altaria|Flamethrower|p2a: Latias\n|-resisted|p2a: Latias\n|-damage|p2a: Latias|97\/100\n|\n|upkeep\n|turn|9\n|\n|t:|1659788840\n|move|p2a: Latias|Defog|p1a: Altaria\n|-unboost|p1a: Altaria|evasion|1\n|-sideend|p1: AlIoutdragadarts|Stealth Rock|[from] move: Defog|[of] p2a: Latias\n|-sideend|p2: YANZUI\u70df\u9189|Toxic Spikes|[from] move: Defog|[of] p2a: Latias\n|move|p1a: Altaria|Roost|p1a: Altaria\n|-heal|p1a: Altaria|100\/100 par\n|-singleturn|p1a: Altaria|move: Roost\n|\n|upkeep\n|turn|10\n|j| Sanxuan\n|\n|t:|1659788848\n|switch|p2a: Landorus|Landorus-Therian, M|100\/100\n|-ability|p2a: Landorus|Intimidate|boost\n|-unboost|p1a: Altaria|atk|1\n|cant|p1a: Altaria|par\n|\n|-sideend|p2: YANZUI\u70df\u9189|move: Light Screen\n|upkeep\n|turn|11\n|\n|t:|1659788853\n|switch|p1a: Cofagrigus|Cofagrigus, M, shiny|100\/100\n|move|p2a: Landorus|Stealth Rock|p1a: Cofagrigus\n|-sidestart|p1: AlIoutdragadarts|move: Stealth Rock\n|\n|upkeep\n|turn|12\n|\n|t:|1659788859\n|switch|p2a: Volcarona|Volcarona, M|100\/100\n|move|p1a: Cofagrigus|Will-O-Wisp|p2a: Volcarona\n|-immune|p2a: Volcarona\n|\n|-sideend|p2: YANZUI\u70df\u9189|Reflect\n|upkeep\n|turn|13\n|\n|t:|1659788866\n|switch|p1a: Altaria|Altaria-Mega, F, shiny|100\/100 par\n|-damage|p1a: Altaria|88\/100 par|[from] Stealth Rock\n|move|p2a: Volcarona|Quiver Dance|p2a: Volcarona\n|-boost|p2a: Volcarona|spa|1\n|-boost|p2a: Volcarona|spd|1\n|-boost|p2a: Volcarona|spe|1\n|\n|upkeep\n|turn|14\n|\n|t:|1659788876\n|move|p2a: Volcarona|Flamethrower|p1a: Altaria\n|-resisted|p1a: Altaria\n|-damage|p1a: Altaria|52\/100 par\n|cant|p1a: Altaria|par\n|\n|upkeep\n|turn|15\n|\n|t:|1659788881\n|move|p2a: Volcarona|Flamethrower|p1a: Altaria\n|-resisted|p1a: Altaria\n|-damage|p1a: Altaria|18\/100 par\n|move|p1a: Altaria|Roost|p1a: Altaria\n|-heal|p1a: Altaria|68\/100 par\n|-singleturn|p1a: Altaria|move: Roost\n|\n|upkeep\n|turn|16\n|\n|t:|1659788885\n|move|p2a: Volcarona|Quiver Dance|p2a: Volcarona\n|-boost|p2a: Volcarona|spa|1\n|-boost|p2a: Volcarona|spd|1\n|-boost|p2a: Volcarona|spe|1\n|cant|p1a: Altaria|par\n|\n|upkeep\n|turn|17\n|j| VACM RED\u5609\u5fc3\u7cd6\n|\n|t:|1659788888\n|move|p2a: Volcarona|Flamethrower|p1a: Altaria\n|-resisted|p1a: Altaria\n|-damage|p1a: Altaria|26\/100 par\n|move|p1a: Altaria|Facade|p2a: Volcarona\n|-resisted|p2a: Volcarona\n|-damage|p2a: Volcarona|32\/100\n|\n|upkeep\n|turn|18\n|\n|t:|1659788891\n|move|p2a: Volcarona|Flamethrower|p1a: Altaria\n|-resisted|p1a: Altaria\n|-damage|p1a: Altaria|0 fnt\n|faint|p1a: Altaria\n|\n|upkeep\n|\n|t:|1659788893\n|switch|p1a: Talonflame|Talonflame, M, shiny|100\/100\n|-damage|p1a: Talonflame|51\/100|[from] Stealth Rock\n|turn|19\n|\n|t:|1659788897\n|switch|p2a: Landorus|Landorus-Therian, M|100\/100\n|-ability|p2a: Landorus|Intimidate|boost\n|-unboost|p1a: Talonflame|atk|1\n|move|p1a: Talonflame|Brave Bird|p2a: Landorus\n|-damage|p2a: Landorus|72\/100\n|-damage|p1a: Talonflame|42\/100|[from] Recoil\n|\n|-heal|p1a: Talonflame|48\/100|[from] item: Leftovers\n|upkeep\n|turn|20\n|\n|t:|1659788901\n|switch|p1a: Cofagrigus|Cofagrigus, M, shiny|100\/100\n|-damage|p1a: Cofagrigus|88\/100|[from] Stealth Rock\n|move|p2a: Landorus|Stealth Rock||[still]\n|-fail|p2a: Landorus\n|\n|-heal|p1a: Cofagrigus|94\/100|[from] item: Leftovers\n|upkeep\n|turn|21\n|\n|t:|1659788909\n|switch|p2a: Latias|Latias, F|97\/100\n|move|p1a: Cofagrigus|Toxic Spikes|p2a: Latias\n|-sidestart|p2: YANZUI\u70df\u9189|move: Toxic Spikes\n|\n|-heal|p1a: Cofagrigus|100\/100|[from] item: Leftovers\n|upkeep\n|turn|22\n|\n|t:|1659788916\n|switch|p1a: Excadrill|Excadrill, M, shiny|100\/100\n|-damage|p1a: Excadrill|97\/100|[from] Stealth Rock\n|-ability|p1a: Excadrill|Mold Breaker\n|move|p2a: Latias|Light Screen|p2a: Latias\n|-sidestart|p2: YANZUI\u70df\u9189|move: Light Screen\n|\n|-heal|p1a: Excadrill|100\/100|[from] item: Leftovers\n|upkeep\n|turn|23\n|\n|t:|1659788921\n|move|p2a: Latias|Reflect|p2a: Latias\n|-sidestart|p2: YANZUI\u70df\u9189|Reflect\n|move|p1a: Excadrill|Rapid Spin|p2a: Latias\n|-damage|p2a: Latias|94\/100\n|-sideend|p1: AlIoutdragadarts|Stealth Rock|[from] move: Rapid Spin|[of] p1a: Excadrill\n|\n|upkeep\n|turn|24\n|\n|t:|1659788923\n|move|p2a: Latias|Defog|p1a: Excadrill\n|-unboost|p1a: Excadrill|evasion|1\n|-sideend|p2: YANZUI\u70df\u9189|Toxic Spikes|[from] move: Defog|[of] p2a: Latias\n|move|p1a: Excadrill|Stealth Rock|p2a: Latias\n|-sidestart|p2: YANZUI\u70df\u9189|move: Stealth Rock\n|\n|upkeep\n|turn|25\n|\n|t:|1659788931\n|move|p2a: Latias|Defog|p1a: Excadrill\n|-unboost|p1a: Excadrill|evasion|1\n|-sideend|p2: YANZUI\u70df\u9189|Stealth Rock|[from] move: Defog|[of] p2a: Latias\n|move|p1a: Excadrill|Toxic|p2a: Latias\n|-status|p2a: Latias|tox\n|\n|-damage|p2a: Latias|88\/100 tox|[from] psn\n|upkeep\n|turn|26\n|l| VACM RED\u5609\u5fc3\u7cd6\n|\n|t:|1659788936\n|switch|p2a: Landorus|Landorus-Therian, M|72\/100\n|-ability|p2a: Landorus|Intimidate|boost\n|-unboost|p1a: Excadrill|atk|1\n|move|p1a: Excadrill|Stealth Rock|p2a: Landorus\n|-sidestart|p2: YANZUI\u70df\u9189|move: Stealth Rock\n|\n|upkeep\n|turn|27\n|l|\u265abaibaiats\n|j|\u265aMetallica126\n|\n|t:|1659788953\n|switch|p1a: Weavile|Weavile, M, shiny|100\/100\n|-ability|p1a: Weavile|Pressure\n|move|p2a: Landorus|Imprison|p2a: Landorus\n|-start|p2a: Landorus|move: Imprison\n|\n|upkeep\n|turn|28\n|\n|t:|1659788958\n|move|p1a: Weavile|Icicle Crash|p2a: Landorus\n|-supereffective|p2a: Landorus\n|-damage|p2a: Landorus|0 fnt\n|faint|p2a: Landorus\n|\n|upkeep\n|l|\u265aMetallica126\n|\n|t:|1659788960\n|switch|p2a: Latias|Latias, F|88\/100 tox\n|-damage|p2a: Latias|75\/100 tox|[from] Stealth Rock\n|turn|29\n|\n|t:|1659788963\n|move|p1a: Weavile|Icicle Crash|p2a: Latias\n|-supereffective|p2a: Latias\n|-damage|p2a: Latias|13\/100 tox\n|cant|p2a: Latias|flinch\n|\n|-damage|p2a: Latias|7\/100 tox|[from] psn\n|-sideend|p2: YANZUI\u70df\u9189|move: Light Screen\n|upkeep\n|turn|30\n|\n|t:|1659788969\n|switch|p2a: Scizor|Scizor, F|100\/100\n|-damage|p2a: Scizor|88\/100|[from] Stealth Rock\n|move|p1a: Weavile|Icicle Crash|p2a: Scizor\n|-resisted|p2a: Scizor\n|-damage|p2a: Scizor|68\/100\n|\n|-sideend|p2: YANZUI\u70df\u9189|Reflect\n|upkeep\n|turn|31\n|\n|t:|1659788987\n|switch|p1a: Suicune|Suicune, shiny|100\/100\n|-ability|p1a: Suicune|Pressure\n|detailschange|p2a: Scizor|Scizor-Mega, F\n|-mega|p2a: Scizor|Scizor|Scizorite\n|move|p2a: Scizor|Bullet Punch|p1a: Suicune\n|-resisted|p1a: Suicune\n|-damage|p1a: Suicune|85\/100\n|\n|-heal|p1a: Suicune|91\/100|[from] item: Leftovers\n|upkeep\n|turn|32\n|\n|t:|1659788992\n|move|p1a: Suicune|Scald|p2a: Scizor\n|-damage|p2a: Scizor|36\/100\n|move|p2a: Scizor|Swords Dance|p2a: Scizor\n|-boost|p2a: Scizor|atk|2\n|\n|-heal|p1a: Suicune|97\/100|[from] item: Leftovers\n|upkeep\n|turn|33\n|\n|t:|1659788996\n|move|p1a: Suicune|Scald|p2a: Scizor\n|-damage|p2a: Scizor|3\/100\n|-status|p2a: Scizor|brn\n|move|p2a: Scizor|Bug Bite|p1a: Suicune\n|-damage|p1a: Suicune|56\/100\n|\n|-heal|p1a: Suicune|63\/100|[from] item: Leftovers\n|-damage|p2a: Scizor|0 fnt|[from] brn\n|faint|p2a: Scizor\n|upkeep\n|\n|t:|1659788999\n|switch|p2a: Tyrantrum|Tyrantrum, F|100\/100\n|-damage|p2a: Tyrantrum|88\/100|[from] Stealth Rock\n|turn|34\n|\n|t:|1659789002\n|move|p1a: Suicune|Scald|p2a: Tyrantrum\n|-damage|p2a: Tyrantrum|45\/100\n|move|p2a: Tyrantrum|Dragon Dance|p2a: Tyrantrum\n|-boost|p2a: Tyrantrum|atk|1\n|-boost|p2a: Tyrantrum|spe|1\n|\n|-heal|p1a: Suicune|69\/100|[from] item: Leftovers\n|upkeep\n|turn|35\n|\n|t:|1659789009\n|move|p2a: Tyrantrum|Head Smash|p1a: Suicune\n|-damage|p1a: Suicune|0 fnt\n|faint|p1a: Suicune\n|\n|upkeep\n|\n|t:|1659789017\n|switch|p1a: Weavile|Weavile, M, shiny|100\/100\n|-ability|p1a: Weavile|Pressure\n|turn|36\n|\n|t:|1659789019\n|move|p1a: Weavile|Ice Shard|p2a: Tyrantrum\n|-supereffective|p2a: Tyrantrum\n|-damage|p2a: Tyrantrum|0 fnt\n|faint|p2a: Tyrantrum\n|\n|upkeep\n|\n|t:|1659789021\n|switch|p2a: Volcarona|Volcarona, M|32\/100\n|-damage|p2a: Volcarona|0 fnt|[from] Stealth Rock\n|faint|p2a: Volcarona\n|\n|t:|1659789022\n|switch|p2a: Latias|Latias, F|7\/100 tox\n|-damage|p2a: Latias|0 fnt|[from] Stealth Rock\n|faint|p2a: Latias\n|\n|win|AlIoutdragadarts\n|n|\u2606AlIoutdragadarts|alioutdragadarts\n|n|\u2606YANZUI\u70df\u9189|yanzui\n|n| wlg123123|wlg123123\n|n| cbz123|cbz123\n|n| Sanxuan|sanxuan\n","uploadtime":1659789023,"views":17,"p1id":"alioutdragadarts","p2id":"yanzui","formatid":"gen6ou","rating":0,"private":0,"password":null}