{"id":"china-gen8randombattle-420942","p1":"shengbiao","p2":"gostop","format":"gen8randombattle","log":"|j|\u2606shengbiao\n|j|\u2606gostop\n|t:|1619187058\n|gametype|singles\n|player|p1|shengbiao|shengbiao.png|\n|player|p2|gostop|gostop.gif|\n|teamsize|p1|6\n|teamsize|p2|6\n|gen|8\n|tier|[Gen 8] Random Battle\n|rule|Species Clause: Limit one of each Pok\u00e9mon\n|rule|HP Percentage Mod: HP is shown in percentages\n|rule|Sleep Clause Mod: Limit one foe put to sleep\n|\n|t:|1619187058\n|start\n|switch|p1a: Tapu Fini|Tapu Fini, L78|237\/237\n|switch|p2a: Jolteon|Jolteon, L82, M|241\/241\n|-fieldstart|move: Misty Terrain|[from] ability: Misty Surge|[of] p1a: Tapu Fini\n|turn|1\n|\n|t:|1619187076\n|switch|p1a: Dracozolt|Dracozolt, L79|272\/272\n|move|p2a: Jolteon|Volt Switch|p1a: Dracozolt\n|-resisted|p1a: Dracozolt\n|-damage|p1a: Dracozolt|238\/272\n|inactive|Battle timer is ON: inactive players will automatically lose when time's up. (requested by shengbiao)\n|j| lunan0713\n|inactive|gostop has 270 seconds left.\n|j| emzzf\n|\n|t:|1619187140\n|switch|p2a: Garchomp|Garchomp, L76, F|289\/289\n|\n|upkeep\n|turn|2\n|\n|t:|1619187149\n|move|p1a: Dracozolt|Outrage|p2a: Garchomp\n|-supereffective|p2a: Garchomp\n|-damage|p2a: Garchomp|121\/289\n|-damage|p1a: Dracozolt|204\/272|[from] ability: Rough Skin|[of] p2a: Garchomp\n|-damage|p1a: Dracozolt|159\/272|[from] item: Rocky Helmet|[of] p2a: Garchomp\n|move|p2a: Garchomp|Stealth Rock|p1a: Dracozolt\n|-sidestart|p1: shengbiao|move: Stealth Rock\n|\n|upkeep\n|turn|3\n|j|+wistwind\n|\n|t:|1619187165\n|switch|p2a: Aegislash|Aegislash, L80, F|227\/227\n|move|p1a: Dracozolt|Outrage|p2a: Aegislash|[from]lockedmove\n|-resisted|p2a: Aegislash\n|-damage|p2a: Aegislash|198\/227\n|\n|upkeep\n|turn|4\n|\n|t:|1619187172\n|move|p1a: Dracozolt|Outrage|p2a: Aegislash|[from]lockedmove|[miss]\n|-miss|p1a: Dracozolt|p2a: Aegislash\n|move|p2a: Aegislash|Swords Dance|p2a: Aegislash\n|-boost|p2a: Aegislash|atk|2\n|\n|upkeep\n|turn|5\n|\n|t:|1619187191\n|switch|p1a: Lapras|Lapras, L86, M|363\/363\n|-damage|p1a: Lapras|273\/363|[from] Stealth Rock\n|-formechange|p2a: Aegislash|Aegislash-Blade||[from] ability: Stance Change\n|move|p2a: Aegislash|Iron Head|p1a: Lapras\n|-damage|p1a: Lapras|0 fnt\n|-damage|p2a: Aegislash|176\/227|[from] item: Life Orb\n|faint|p1a: Lapras\n|\n|-fieldend|Misty Terrain\n|upkeep\n|inactive|shengbiao has 270 seconds left.\n|\n|t:|1619187213\n|switch|p1a: Tapu Koko|Tapu Koko, L78|237\/237\n|-damage|p1a: Tapu Koko|208\/237|[from] Stealth Rock\n|-fieldstart|move: Electric Terrain|[from] ability: Electric Surge|[of] p1a: Tapu Koko\n|turn|6\n|j|%CurePersona\n|inactive|gostop has 270 seconds left.\n|j|\u265aAllen-xia\u5bfb\u6b22\n|\n|t:|1619187268\n|switch|p2a: Jolteon|Jolteon, L82, M|241\/241\n|move|p1a: Tapu Koko|Substitute|p1a: Tapu Koko\n|-start|p1a: Tapu Koko|Substitute\n|-damage|p1a: Tapu Koko|149\/237\n|\n|-heal|p1a: Tapu Koko|163\/237|[from] item: Leftovers\n|upkeep\n|turn|7\n|\n|t:|1619187274\n|move|p2a: Jolteon|Hyper Voice|p1a: Tapu Koko\n|-damage|p1a: Tapu Koko|46\/237\n|move|p1a: Tapu Koko|Calm Mind|p1a: Tapu Koko\n|-boost|p1a: Tapu Koko|spa|1\n|-boost|p1a: Tapu Koko|spd|1\n|\n|-heal|p1a: Tapu Koko|60\/237|[from] item: Leftovers\n|upkeep\n|turn|8\n|j|\u265aChizuru mizuhara\n|j| Ninetales snow\n|\n|t:|1619187289\n|move|p2a: Jolteon|Hyper Voice|p1a: Tapu Koko\n|-damage|p1a: Tapu Koko|0 fnt\n|faint|p1a: Tapu Koko\n|\n|upkeep\n|\n|t:|1619187308\n|switch|p1a: Salamence|Salamence, L76, M|269\/269\n|-damage|p1a: Salamence|202\/269|[from] Stealth Rock\n|-ability|p1a: Salamence|Intimidate|boost\n|-unboost|p2a: Jolteon|atk|1\n|turn|9\n|inactive|gostop has 270 seconds left.\n|inactive|gostop has 240 seconds left.\n|\n|t:|1619187371\n|-start|p1a: Salamence|Dynamax\n|-heal|p1a: Salamence|404\/538|[silent]\n|-start|p2a: Jolteon|Dynamax\n|-heal|p2a: Jolteon|482\/482|[silent]\n|move|p2a: Jolteon|Max Lightning|p1a: Salamence\n|-damage|p1a: Salamence|184\/538\n|move|p1a: Salamence|Max Airstream|p2a: Jolteon\n|-resisted|p2a: Jolteon\n|-damage|p2a: Jolteon|383\/482\n|-boost|p1a: Salamence|spe|1\n|\n|upkeep\n|turn|10\n|inactive|shengbiao has 270 seconds left.\n|inactive|gostop has 210 seconds left.\n|\n|t:|1619187388\n|move|p1a: Salamence|Max Quake|p2a: Jolteon\n|-supereffective|p2a: Jolteon\n|-damage|p2a: Jolteon|139\/482\n|-boost|p1a: Salamence|spd|1\n|move|p2a: Jolteon|Max Lightning|p1a: Salamence\n|-damage|p1a: Salamence|24\/538\n|\n|-fieldend|move: Electric Terrain\n|upkeep\n|turn|11\n|l|\u265aAllen-xia\u5bfb\u6b22\n|inactive|shengbiao has 270 seconds left.\n|inactive|gostop has 210 seconds left.\n|\n|t:|1619187416\n|move|p1a: Salamence|Max Quake|p2a: Jolteon\n|-supereffective|p2a: Jolteon\n|-damage|p2a: Jolteon|0 fnt\n|-boost|p1a: Salamence|spd|1\n|faint|p2a: Jolteon\n|\n|-end|p1a: Salamence|Dynamax\n|-heal|p1a: Salamence|12\/269|[silent]\n|upkeep\n|\n|t:|1619187434\n|switch|p2a: Accelgor|Accelgor, L86, M|278\/278\n|turn|12\n|inactive|shengbiao has 270 seconds left.\n|\n|t:|1619187450\n|move|p1a: Salamence|Dual Wingbeat|p2a: Accelgor\n|-supereffective|p2a: Accelgor\n|-damage|p2a: Accelgor|120\/278\n|-supereffective|p2a: Accelgor\n|-damage|p2a: Accelgor|0 fnt\n|-hitcount|p2a: Accelgor|2\n|faint|p2a: Accelgor\n|\n|upkeep\n|\n|t:|1619187460\n|switch|p2a: Aegislash|Aegislash, L80, F|176\/227\n|turn|13\n|\n|t:|1619187469\n|move|p1a: Salamence|Dual Wingbeat|p2a: Aegislash\n|-resisted|p2a: Aegislash\n|-damage|p2a: Aegislash|161\/227\n|-resisted|p2a: Aegislash\n|-damage|p2a: Aegislash|144\/227\n|-hitcount|p2a: Aegislash|2\n|move|p2a: Aegislash|Swords Dance|p2a: Aegislash\n|-boost|p2a: Aegislash|atk|2\n|\n|upkeep\n|turn|14\n|\n|t:|1619187483\n|move|p1a: Salamence|Dual Wingbeat|p2a: Aegislash|[miss]\n|-miss|p1a: Salamence|p2a: Aegislash\n|move|p2a: Aegislash|Swords Dance|p2a: Aegislash\n|-boost|p2a: Aegislash|atk|2\n|\n|upkeep\n|turn|15\n|\n|t:|1619187487\n|move|p1a: Salamence|Dual Wingbeat|p2a: Aegislash\n|-resisted|p2a: Aegislash\n|-crit|p2a: Aegislash\n|-damage|p2a: Aegislash|117\/227\n|-resisted|p2a: Aegislash\n|-damage|p2a: Aegislash|100\/227\n|-hitcount|p2a: Aegislash|2\n|move|p2a: Aegislash|Swords Dance|p2a: Aegislash\n|-boost|p2a: Aegislash|atk|2\n|\n|upkeep\n|turn|16\n|\n|t:|1619187490\n|-formechange|p2a: Aegislash|Aegislash-Blade||[from] ability: Stance Change\n|move|p2a: Aegislash|Shadow Sneak|p1a: Salamence\n|-damage|p1a: Salamence|0 fnt\n|-damage|p2a: Aegislash|78\/227|[from] item: Life Orb\n|faint|p1a: Salamence\n|\n|upkeep\n|\n|t:|1619187512\n|switch|p1a: Tapu Fini|Tapu Fini, L78|237\/237\n|-damage|p1a: Tapu Fini|208\/237|[from] Stealth Rock\n|-fieldstart|move: Misty Terrain|[from] ability: Misty Surge|[of] p1a: Tapu Fini\n|turn|17\n|\n|t:|1619187519\n|move|p2a: Aegislash|Shadow Sneak|p1a: Tapu Fini\n|-damage|p1a: Tapu Fini|0 fnt\n|-damage|p2a: Aegislash|56\/227|[from] item: Life Orb\n|faint|p1a: Tapu Fini\n|\n|upkeep\n|\n|t:|1619187522\n|switch|p1a: Exploud|Exploud, L84, F|312\/312\n|-damage|p1a: Exploud|273\/312|[from] Stealth Rock\n|turn|18\n|inactive|gostop has 240 seconds left.\n|\n|t:|1619187546\n|move|p1a: Exploud|Surf|p2a: Aegislash\n|-damage|p2a: Aegislash|0 fnt\n|faint|p2a: Aegislash\n|\n|upkeep\n|inactive|gostop has 210 seconds left.\n|\n|t:|1619187572\n|switch|p2a: Latios|Latios, L78, M|253\/253\n|turn|19\n|inactive|gostop has 210 seconds left.\n|\n|t:|1619187599\n|move|p2a: Latios|Psyshock|p1a: Exploud\n|-damage|p1a: Exploud|128\/312\n|move|p1a: Exploud|Surf|p2a: Latios\n|-resisted|p2a: Latios\n|-damage|p2a: Latios|211\/253\n|\n|upkeep\n|turn|20\n|\n|t:|1619187602\n|move|p2a: Latios|Psyshock|p1a: Exploud\n|-damage|p1a: Exploud|0 fnt\n|faint|p1a: Exploud\n|\n|upkeep\n|\n|t:|1619187604\n|switch|p1a: Dracozolt|Dracozolt, L79|159\/272\n|-damage|p1a: Dracozolt|125\/272|[from] Stealth Rock\n|turn|21\n|l| Ninetales snow\n|\n|t:|1619187615\n|move|p1a: Dracozolt|Outrage|p2a: Latios\n|-supereffective|p2a: Latios\n|-damage|p2a: Latios|0 fnt\n|faint|p2a: Latios\n|\n|-fieldend|Misty Terrain\n|upkeep\n|\n|t:|1619187620\n|switch|p2a: Yveltal|Yveltal, L71|296\/296\n|-ability|p2a: Yveltal|Dark Aura\n|turn|22\n|\n|t:|1619187624\n|move|p2a: Yveltal|Sucker Punch|p1a: Dracozolt\n|-damage|p1a: Dracozolt|32\/272\n|move|p1a: Dracozolt|Outrage|p2a: Yveltal|[from]lockedmove\n|-damage|p2a: Yveltal|107\/296\n|-start|p1a: Dracozolt|confusion|[fatigue]\n|\n|upkeep\n|turn|23\n|\n|t:|1619187630\n|move|p2a: Yveltal|Sucker Punch|p1a: Dracozolt\n|-damage|p1a: Dracozolt|0 fnt\n|faint|p1a: Dracozolt\n|\n|win|gostop\n|l|+wistwind\n|c|\u2606shengbiao|\u592a\u96be\u4e86\n|l|\u2606shengbiao\n","inputlog":">version e2015f030898526ffd5a066217038af11880bd59\n>version-origin 3918ebd609a2bd57e0326bf76fca79306b37a61f\n>start {\"formatid\":\"gen8randombattle\",\"seed\":[3973,56925,17397,11609]}\n>player p1 {\"name\":\"shengbiao\",\"avatar\":\"shengbiao.png\",\"rating\":0,\"seed\":[63053,32797,56115,32805]}\n>player p2 {\"name\":\"gostop\",\"avatar\":\"gostop.gif\",\"rating\":0,\"seed\":[32993,42025,15519,719]}\n>p1 switch 2\n>p2 move voltswitch\n>p2 switch 5\n>p1 move outrage\n>p2 move stealthrock\n>p1 move outrage\n>p2 switch 6\n>p1 move outrage\n>p2 move swordsdance\n>p1 switch 6\n>p2 move ironhead\n>p1 switch 3\n>p1 move substitute\n>p2 switch 5\n>p1 move calmmind\n>p2 move hypervoice\n>p1 move dazzlinggleam\n>p2 move hypervoice\n>p1 switch 4\n>p1 move dualwingbeat dynamax\n>p2 move thunderbolt dynamax\n>p1 move earthquake dynamax\n>p2 move thunderbolt dynamax\n>p1 move earthquake dynamax\n>p2 move hypervoice dynamax\n>p2 switch 2\n>p1 move dualwingbeat\n>p2 move bugbuzz\n>p2 switch 5\n>p1 move dualwingbeat\n>p2 move swordsdance\n>p1 move dualwingbeat\n>p2 move swordsdance\n>p1 move dualwingbeat\n>p2 move swordsdance\n>p1 move dualwingbeat\n>p2 move shadowsneak\n>p1 switch 2\n>p1 move surf\n>p2 move shadowsneak\n>p1 switch 5\n>p1 move surf\n>p2 move ironhead\n>p2 switch 3\n>p1 move surf\n>p2 move psyshock\n>p1 move surf\n>p2 move psyshock\n>p1 switch 6\n>p1 move outrage\n>p2 move psyshock\n>p2 switch 4\n>p1 move outrage\n>p2 move suckerpunch\n>p1 move outrage\n>p2 move suckerpunch","uploadtime":1619187642,"views":35,"p1id":"shengbiao","p2id":"gostop","formatid":"gen8randombattle","rating":0,"private":0,"password":null}