{"id":"china-gen6randombattle-3904805","p1":"FiniFiniLove","p2":"swordsman.n","format":"gen6randombattle","log":"|j|\u2606FiniFiniLove\n|j|\u2606swordsman.n\n|t:|1637489023\n|gametype|singles\n|player|p1|FiniFiniLove|1|\n|player|p2|swordsman.n|249|\n|teamsize|p1|6\n|teamsize|p2|6\n|gen|6\n|tier|[Gen 6] Random Battle\n|rule|Sleep Clause Mod: Limit one foe put to sleep\n|rule|HP Percentage Mod: HP is shown in percentages\n|\n|t:|1637489023\n|start\n|switch|p1a: Xerneas|Xerneas, L76|317\/317\n|switch|p2a: Dragonite|Dragonite, L80, F|277\/277\n|-ability|p1a: Xerneas|Fairy Aura\n|turn|1\n|c|\u2606swordsman.n|\uff1f\uff1f\n|c|\u2606FiniFiniLove|\u5f00\u5c40\u653e\u5927\u62db\n|c|\u2606swordsman.n|\u8fd9\u5c31\u662f\u5929\u610f\u5417\n|\n|t:|1637489063\n|switch|p2a: Swalot|Swalot, L88, M|319\/319\n|move|p1a: Xerneas|Moonblast|p2a: Swalot\n|-resisted|p2a: Swalot\n|-damage|p2a: Swalot|248\/319\n|-unboost|p2a: Swalot|spa|1\n|\n|-heal|p2a: Swalot|267\/319|[from] item: Black Sludge\n|upkeep\n|turn|2\n|\n|t:|1637489093\n|switch|p1a: Bronzong|Bronzong, L84|250\/250\n|move|p2a: Swalot|Yawn|p1a: Bronzong\n|-start|p1a: Bronzong|move: Yawn|[of] p2a: Swalot\n|\n|-heal|p2a: Swalot|286\/319|[from] item: Black Sludge\n|upkeep\n|turn|3\n|\n|t:|1637489120\n|switch|p2a: Dragonite|Dragonite, L80, F|277\/277\n|switch|p1a: Vileplume|Vileplume, L86, M|269\/269\n|\n|upkeep\n|turn|4\n|\n|t:|1637489144\n|switch|p1a: Drifblim|Drifblim, L88, M|407\/407\n|move|p2a: Dragonite|Dragon Dance|p2a: Dragonite\n|-boost|p2a: Dragonite|atk|1\n|-boost|p2a: Dragonite|spe|1\n|\n|upkeep\n|turn|5\n|j| miaogg\n|\n|t:|1637489157\n|move|p2a: Dragonite|Fire Punch|p1a: Drifblim\n|-damage|p1a: Drifblim|265\/407\n|-enditem|p1a: Drifblim|Red Card|[of] p2a: Dragonite\n|drag|p2a: Swalot|Swalot, L88, M|286\/319\n|move|p1a: Drifblim|Destiny Bond|p1a: Drifblim\n|-singlemove|p1a: Drifblim|Destiny Bond\n|\n|-heal|p2a: Swalot|305\/319|[from] item: Black Sludge\n|upkeep\n|turn|6\n|c|\u2606FiniFiniLove|\u8bf6\n|c|\u2606swordsman.n|\u597d\u5bb6\u4f19\n|c|\u2606FiniFiniLove|\u8fd9\u4e48\u8089\u5417\n|c|\u2606FiniFiniLove|\u6211\u50bb\u4e86\n|c|\u2606FiniFiniLove|\u54e6\u8840\u9ad8\n|c|\u2606FiniFiniLove|\u6211\u53ea\u770bdef\u53bb\u4e86\n|\n|t:|1637489192\n|move|p1a: Drifblim|Acrobatics|p2a: Swalot\n|-damage|p2a: Swalot|202\/319\n|move|p2a: Swalot|Yawn|p1a: Drifblim\n|-start|p1a: Drifblim|move: Yawn|[of] p2a: Swalot\n|\n|-heal|p2a: Swalot|221\/319|[from] item: Black Sludge\n|upkeep\n|turn|7\n|\n|t:|1637489207\n|switch|p1a: Bronzong|Bronzong, L84|250\/250\n|switch|p2a: Cobalion|Cobalion, L82|283\/283\n|\n|upkeep\n|turn|8\n|\n|t:|1637489231\n|switch|p2a: Rhyperior|Rhyperior, L84, M|330\/330\n|move|p1a: Bronzong|Earthquake|p2a: Rhyperior\n|-supereffective|p2a: Rhyperior\n|-damage|p2a: Rhyperior|263\/330\n|-enditem|p2a: Rhyperior|Weakness Policy\n|-boost|p2a: Rhyperior|atk|2|[from] item: Weakness Policy\n|-boost|p2a: Rhyperior|spa|2|[from] item: Weakness Policy\n|\n|upkeep\n|turn|9\n|\n|t:|1637489243\n|switch|p1a: Drifblim|Drifblim, L88, M|265\/407\n|move|p2a: Rhyperior|Megahorn|p1a: Drifblim\n|-resisted|p1a: Drifblim\n|-damage|p1a: Drifblim|181\/407\n|\n|upkeep\n|turn|10\n|\n|t:|1637489255\n|move|p1a: Drifblim|Will-O-Wisp|p2a: Rhyperior\n|-status|p2a: Rhyperior|brn\n|move|p2a: Rhyperior|Rock Polish|p2a: Rhyperior\n|-boost|p2a: Rhyperior|spe|2\n|\n|-damage|p2a: Rhyperior|222\/330 brn|[from] brn\n|upkeep\n|turn|11\n|\n|t:|1637489305\n|move|p2a: Rhyperior|Megahorn|p1a: Drifblim\n|-resisted|p1a: Drifblim\n|-crit|p1a: Drifblim\n|-damage|p1a: Drifblim|117\/407\n|move|p1a: Drifblim|Destiny Bond|p1a: Drifblim\n|-singlemove|p1a: Drifblim|Destiny Bond\n|\n|-damage|p2a: Rhyperior|181\/330 brn|[from] brn\n|upkeep\n|turn|12\n|\n|t:|1637489313\n|move|p2a: Rhyperior|Megahorn|p1a: Drifblim\n|-resisted|p1a: Drifblim\n|-damage|p1a: Drifblim|78\/407\n|move|p1a: Drifblim|Shadow Ball|p2a: Rhyperior\n|-damage|p2a: Rhyperior|55\/330 brn\n|\n|-damage|p2a: Rhyperior|14\/330 brn|[from] brn\n|upkeep\n|turn|13\n|\n|t:|1637489328\n|move|p2a: Rhyperior|Megahorn|p1a: Drifblim\n|-resisted|p1a: Drifblim\n|-damage|p1a: Drifblim|33\/407\n|move|p1a: Drifblim|Shadow Ball|p2a: Rhyperior\n|-damage|p2a: Rhyperior|0 fnt\n|faint|p2a: Rhyperior\n|\n|upkeep\n|j| Suta Pulachina\n|\n|t:|1637489340\n|switch|p2a: Deoxys|Deoxys, L76|201\/201\n|-ability|p2a: Deoxys|Pressure\n|turn|14\n|l| Suta Pulachina\n|\n|t:|1637489353\n|move|p2a: Deoxys|Fire Punch|p1a: Drifblim\n|-damage|p1a: Drifblim|0 fnt\n|faint|p1a: Drifblim\n|\n|upkeep\n|\n|t:|1637489394\n|switch|p1a: Xerneas|Xerneas, L76|317\/317\n|-ability|p1a: Xerneas|Fairy Aura\n|turn|15\n|\n|t:|1637489399\n|move|p2a: Deoxys|Taunt|p1a: Xerneas\n|-start|p1a: Xerneas|move: Taunt\n|move|p1a: Xerneas|Moonblast|p2a: Deoxys\n|-crit|p2a: Deoxys\n|-damage|p2a: Deoxys|0 fnt\n|faint|p2a: Deoxys\n|\n|upkeep\n|\n|t:|1637489409\n|switch|p2a: Cobalion|Cobalion, L82|283\/283\n|turn|16\n|\n|t:|1637489428\n|switch|p1a: Vileplume|Vileplume, L86, M|269\/269\n|move|p2a: Cobalion|Swords Dance|p2a: Cobalion\n|-boost|p2a: Cobalion|atk|2\n|\n|upkeep\n|turn|17\n|\n|t:|1637489438\n|move|p2a: Cobalion|Substitute|p2a: Cobalion\n|-start|p2a: Cobalion|Substitute\n|-damage|p2a: Cobalion|213\/283\n|move|p1a: Vileplume|Sleep Powder|p2a: Cobalion|[miss]\n|-miss|p1a: Vileplume|p2a: Cobalion\n|\n|-heal|p2a: Cobalion|230\/283|[from] item: Leftovers\n|upkeep\n|turn|18\n|\n|t:|1637489445\n|move|p2a: Cobalion|Swords Dance|p2a: Cobalion\n|-boost|p2a: Cobalion|atk|2\n|move|p1a: Vileplume|Hidden Power|p2a: Cobalion\n|-supereffective|p2a: Cobalion\n|-end|p2a: Cobalion|Substitute\n|\n|-heal|p2a: Cobalion|247\/283|[from] item: Leftovers\n|upkeep\n|turn|19\n|\n|t:|1637489457\n|move|p2a: Cobalion|Substitute|p2a: Cobalion\n|-start|p2a: Cobalion|Substitute\n|-damage|p2a: Cobalion|177\/283\n|move|p1a: Vileplume|Hidden Power|p2a: Cobalion\n|-supereffective|p2a: Cobalion\n|-end|p2a: Cobalion|Substitute\n|\n|-heal|p2a: Cobalion|194\/283|[from] item: Leftovers\n|upkeep\n|turn|20\n|\n|t:|1637489519\n|move|p2a: Cobalion|Swords Dance|p2a: Cobalion\n|-boost|p2a: Cobalion|atk|2\n|move|p1a: Vileplume|Hidden Power|p2a: Cobalion\n|-supereffective|p2a: Cobalion\n|-damage|p2a: Cobalion|68\/283\n|\n|-heal|p2a: Cobalion|85\/283|[from] item: Leftovers\n|upkeep\n|turn|21\n|\n|t:|1637489526\n|move|p2a: Cobalion|Iron Head|p1a: Vileplume\n|-damage|p1a: Vileplume|0 fnt\n|faint|p1a: Vileplume\n|\n|-heal|p2a: Cobalion|102\/283|[from] item: Leftovers\n|upkeep\n|\n|t:|1637489559\n|switch|p1a: Bronzong|Bronzong, L84|250\/250\n|turn|22\n|\n|t:|1637489574\n|move|p2a: Cobalion|Close Combat|p1a: Bronzong\n|-damage|p1a: Bronzong|0 fnt\n|-unboost|p2a: Cobalion|def|1\n|-unboost|p2a: Cobalion|spd|1\n|faint|p1a: Bronzong\n|\n|-heal|p2a: Cobalion|119\/283|[from] item: Leftovers\n|upkeep\n|\n|t:|1637489583\n|switch|p1a: Xerneas|Xerneas, L76|317\/317\n|-ability|p1a: Xerneas|Fairy Aura\n|turn|23\n|j| ggghc27\n|\n|t:|1637489599\n|move|p2a: Cobalion|Iron Head|p1a: Xerneas\n|-supereffective|p1a: Xerneas\n|-damage|p1a: Xerneas|0 fnt\n|faint|p1a: Xerneas\n|\n|-heal|p2a: Cobalion|136\/283|[from] item: Leftovers\n|upkeep\n|\n|t:|1637489601\n|switch|p1a: Seviper|Seviper, L88, F|272\/272\n|turn|24\n|\n|t:|1637489606\n|move|p2a: Cobalion|Iron Head|p1a: Seviper\n|-damage|p1a: Seviper|0 fnt\n|faint|p1a: Seviper\n|\n|-heal|p2a: Cobalion|153\/283|[from] item: Leftovers\n|upkeep\n|\n|t:|1637489608\n|switch|p1a: Carracosta|Carracosta, L88, F|274\/274\n|turn|25\n|c|\u2606swordsman.n|gg\n|\n|t:|1637489616\n|move|p2a: Cobalion|Close Combat|p1a: Carracosta\n|-supereffective|p1a: Carracosta\n|-damage|p1a: Carracosta|0 fnt\n|-unboost|p2a: Cobalion|def|1\n|-unboost|p2a: Cobalion|spd|1\n|faint|p1a: Carracosta\n|\n|win|swordsman.n\n","inputlog":">version 5f9d7c5fd7d7784ad2f0d0f4b61ea6e75791baaf\n>version-origin 3918ebd609a2bd57e0326bf76fca79306b37a61f\n>start {\"formatid\":\"gen6randombattle\",\"seed\":[22957,9952,10823,61122]}\n>player p1 {\"name\":\"FiniFiniLove\",\"avatar\":\"1\",\"rating\":0,\"seed\":[38660,48991,43515,54301]}\n>player p2 {\"name\":\"swordsman.n\",\"avatar\":\"249\",\"rating\":0,\"seed\":[3108,64766,30907,11349]}\n>chat \u2606swordsman.n|\uff1f\uff1f\n>chat \u2606FiniFiniLove|\u5f00\u5c40\u653e\u5927\u62db\n>chat \u2606swordsman.n|\u8fd9\u5c31\u662f\u5929\u610f\u5417\n>p1 move moonblast\n>p2 switch 4\n>p1 switch 6\n>p2 move yawn\n>p1 switch 3\n>p2 switch 4\n>p1 switch 4\n>p2 move dragondance\n>p1 move destinybond\n>p2 move firepunch\n>chat \u2606FiniFiniLove|\u8bf6\n>chat \u2606swordsman.n|\u597d\u5bb6\u4f19\n>chat \u2606FiniFiniLove|\u8fd9\u4e48\u8089\u5417\n>chat \u2606FiniFiniLove|\u6211\u50bb\u4e86\n>chat \u2606FiniFiniLove|\u54e6\u8840\u9ad8\n>chat \u2606FiniFiniLove|\u6211\u53ea\u770bdef\u53bb\u4e86\n>p1 move acrobatics\n>p2 move yawn\n>p1 switch 3\n>p2 switch 5\n>p1 move earthquake\n>p2 switch 2\n>p1 switch 3\n>p2 move megahorn\n>p1 move willowisp\n>p2 move rockpolish\n>p1 move destinybond\n>p2 move megahorn\n>p1 move shadowball\n>p2 move megahorn\n>p1 move shadowball\n>p2 move megahorn\n>p2 switch 3\n>p1 move destinybond\n>p2 move firepunch\n>p1 switch 6\n>p1 move moonblast\n>p2 move taunt\n>p2 switch 2\n>p1 switch 4\n>p2 move swordsdance\n>p1 move sleeppowder\n>p2 move substitute\n>p1 move hiddenpower\n>p2 move swordsdance\n>p1 move hiddenpower\n>p2 move substitute\n>p1 move hiddenpower\n>p2 move swordsdance\n>p1 move hiddenpower\n>p2 move ironhead\n>p1 switch 3\n>p1 move earthquake\n>p2 move closecombat\n>p1 switch 4\n>p1 move geomancy\n>p2 move ironhead\n>p1 switch 2\n>p1 move earthquake\n>p2 move ironhead\n>p1 switch 5\n>chat \u2606swordsman.n|gg\n>p1 move shellsmash\n>p2 move closecombat","uploadtime":1637489624,"views":18,"p1id":"finifinilove","p2id":"swordsmann","formatid":"gen6randombattle","rating":0,"private":0,"password":null}