{"id":"china-gen6ou-503006","p1":"SvvordsnnaM-VMax","p2":"Swordsman.N","format":"gen6ou","log":"|j|\u2606SvvordsnnaM-VMax\n|j|\u2606Swordsman.N\n|t:|1623569524\n|gametype|singles\n|player|p1|SvvordsnnaM-VMax|winona|\n|player|p2|Swordsman.N|caitlin|\n|teamsize|p1|6\n|teamsize|p2|6\n|gen|6\n|tier|[Gen 6] OU\n|rule|Sleep Clause Mod: Limit one foe put to sleep\n|rule|Species Clause: Limit one of each Pok\u00e9mon\n|rule|OHKO Clause: OHKO moves are banned\n|rule|Moody Clause: Moody is banned\n|rule|Evasion Moves Clause: Evasion moves are banned\n|rule|Endless Battle Clause: Forcing endless battles is banned\n|rule|HP Percentage Mod: HP is shown in percentages\n|rule|Swagger Clause: Swagger is banned\n|clearpoke\n|poke|p1|Bisharp, F|item\n|poke|p1|Diancie|item\n|poke|p1|Thundurus-Therian, M|item\n|poke|p1|Rotom-Wash|item\n|poke|p1|Forretress, F|item\n|poke|p1|Talonflame, M|item\n|poke|p2|Rotom-Wash|item\n|poke|p2|Mamoswine, M|item\n|poke|p2|Magnezone|item\n|poke|p2|Beedrill, M|item\n|poke|p2|Starmie|item\n|poke|p2|Garchomp, M|item\n|teampreview\n|\n|t:|1623569551\n|start\n|switch|p1a: Diancie|Diancie|100\/100\n|switch|p2a: Beedrill|Beedrill, M|100\/100\n|turn|1\n|\n|t:|1623569565\n|detailschange|p2a: Beedrill|Beedrill-Mega, M\n|-mega|p2a: Beedrill|Beedrill|Beedrillite\n|detailschange|p1a: Diancie|Diancie-Mega\n|-mega|p1a: Diancie|Diancie|Diancite\n|move|p1a: Diancie|Protect|p1a: Diancie\n|-singleturn|p1a: Diancie|Protect\n|move|p2a: Beedrill|U-turn|p1a: Diancie\n|-activate|p1a: Diancie|move: Protect\n|\n|upkeep\n|turn|2\n|j| hxyong\n|\n|t:|1623569627\n|move|p2a: Beedrill|U-turn|p1a: Diancie\n|-resisted|p1a: Diancie\n|-damage|p1a: Diancie|57\/100\n|\n|t:|1623569630\n|switch|p2a: Starmie|Starmie|100\/100|[from]move: U-turn\n|move|p1a: Diancie|Moonblast|p2a: Starmie\n|-damage|p2a: Starmie|39\/100\n|\n|-heal|p2a: Starmie|45\/100|[from] item: Leftovers\n|upkeep\n|turn|3\n|\n|t:|1623569640\n|switch|p1a: Rotom|Rotom-Wash|100\/100\n|move|p2a: Starmie|Recover|p2a: Starmie\n|-heal|p2a: Starmie|95\/100\n|\n|-heal|p2a: Starmie|100\/100|[from] item: Leftovers\n|upkeep\n|turn|4\n|\n|t:|1623569650\n|move|p2a: Starmie|Scald|p1a: Rotom\n|-resisted|p1a: Rotom\n|-damage|p1a: Rotom|86\/100\n|move|p1a: Rotom|Volt Switch|p2a: Starmie\n|-supereffective|p2a: Starmie\n|-damage|p2a: Starmie|42\/100\n|j| Calem the Undying\n|\n|t:|1623569679\n|switch|p1a: Bisharp|Bisharp, F|100\/100|[from]move: Volt Switch\n|\n|-heal|p2a: Starmie|48\/100|[from] item: Leftovers\n|upkeep\n|turn|5\n|\n|t:|1623569684\n|switch|p2a: Garchomp|Garchomp, M|100\/100\n|move|p1a: Bisharp|Knock Off|p2a: Garchomp\n|-damage|p2a: Garchomp|59\/100\n|-damage|p1a: Bisharp|88\/100|[from] ability: Rough Skin|[of] p2a: Garchomp\n|-damage|p1a: Bisharp|72\/100|[from] item: Rocky Helmet|[of] p2a: Garchomp\n|-enditem|p2a: Garchomp|Rocky Helmet|[from] move: Knock Off|[of] p1a: Bisharp\n|-damage|p1a: Bisharp|62\/100|[from] item: Life Orb\n|\n|upkeep\n|turn|6\n|\n|t:|1623569706\n|switch|p1a: Rotom|Rotom-Wash|86\/100\n|move|p2a: Garchomp|Earthquake|p1a: Rotom\n|-immune|p1a: Rotom|[from] ability: Levitate\n|\n|-heal|p1a: Rotom|92\/100|[from] item: Leftovers\n|upkeep\n|turn|7\n|\n|t:|1623569719\n|switch|p1a: Diancie|Diancie-Mega|57\/100\n|move|p2a: Garchomp|Toxic|p1a: Diancie\n|move|p1a: Diancie|Toxic|p2a: Garchomp|[from]ability: Magic Bounce\n|-status|p2a: Garchomp|tox\n|\n|-damage|p2a: Garchomp|53\/100 tox|[from] psn\n|upkeep\n|turn|8\n|\n|t:|1623569731\n|switch|p2a: Rotom|Rotom-Wash|100\/100\n|move|p1a: Diancie|Moonblast|p2a: Rotom\n|-damage|p2a: Rotom|58\/100\n|\n|-heal|p2a: Rotom|64\/100|[from] item: Leftovers\n|upkeep\n|turn|9\n|\n|t:|1623569746\n|move|p1a: Diancie|Protect|p1a: Diancie\n|-singleturn|p1a: Diancie|Protect\n|move|p2a: Rotom|Hydro Pump|p1a: Diancie\n|-activate|p1a: Diancie|move: Protect\n|\n|-heal|p2a: Rotom|70\/100|[from] item: Leftovers\n|upkeep\n|turn|10\n|\n|t:|1623569754\n|switch|p1a: Rotom|Rotom-Wash|92\/100\n|move|p2a: Rotom|Hydro Pump|p1a: Rotom\n|-resisted|p1a: Rotom\n|-damage|p1a: Rotom|72\/100\n|\n|-heal|p1a: Rotom|78\/100|[from] item: Leftovers\n|-heal|p2a: Rotom|76\/100|[from] item: Leftovers\n|upkeep\n|turn|11\n|\n|t:|1623569763\n|move|p1a: Rotom|Will-O-Wisp|p2a: Rotom|[miss]\n|-miss|p1a: Rotom|p2a: Rotom\n|move|p2a: Rotom|Will-O-Wisp|p1a: Rotom\n|-status|p1a: Rotom|brn\n|\n|-heal|p1a: Rotom|84\/100 brn|[from] item: Leftovers\n|-heal|p2a: Rotom|83\/100|[from] item: Leftovers\n|-damage|p1a: Rotom|72\/100 brn|[from] brn\n|upkeep\n|turn|12\n|\n|t:|1623569774\n|move|p1a: Rotom|Volt Switch|p2a: Rotom\n|-damage|p2a: Rotom|60\/100\n|\n|t:|1623569778\n|switch|p1a: Thundurus|Thundurus-Therian, M|100\/100|[from]move: Volt Switch\n|move|p2a: Rotom|Volt Switch|p1a: Thundurus\n|-immune|p1a: Thundurus|[from] ability: Volt Absorb\n|\n|-heal|p2a: Rotom|66\/100|[from] item: Leftovers\n|upkeep\n|turn|13\n|\n|t:|1623569786\n|move|p1a: Thundurus|Nasty Plot|p1a: Thundurus\n|-boost|p1a: Thundurus|spa|2\n|move|p2a: Rotom|Hydro Pump|p1a: Thundurus|[miss]\n|-miss|p2a: Rotom|p1a: Thundurus\n|\n|-heal|p2a: Rotom|73\/100|[from] item: Leftovers\n|upkeep\n|turn|14\n|\n|t:|1623569839\n|switch|p2a: Garchomp|Garchomp, M|53\/100 tox\n|move|p1a: Thundurus|Focus Blast|p2a: Garchomp\n|-damage|p2a: Garchomp|0 fnt\n|faint|p2a: Garchomp\n|\n|upkeep\n|\n|t:|1623569870\n|switch|p2a: Mamoswine|Mamoswine, M|100\/100\n|turn|15\n|\n|t:|1623569906\n|switch|p1a: Rotom|Rotom-Wash|72\/100 brn\n|move|p2a: Mamoswine|Ice Shard|p1a: Rotom\n|-resisted|p1a: Rotom\n|-damage|p1a: Rotom|59\/100 brn\n|\n|-heal|p1a: Rotom|65\/100 brn|[from] item: Leftovers\n|-damage|p1a: Rotom|53\/100 brn|[from] brn\n|upkeep\n|turn|16\n|\n|t:|1623569934\n|switch|p2a: Rotom|Rotom-Wash|73\/100\n|move|p1a: Rotom|Volt Switch|p2a: Rotom\n|-damage|p2a: Rotom|52\/100\n|\n|t:|1623569965\n|switch|p1a: Thundurus|Thundurus-Therian, M|100\/100|[from]move: Volt Switch\n|\n|-heal|p2a: Rotom|59\/100|[from] item: Leftovers\n|upkeep\n|turn|17\n|\n|t:|1623569980\n|move|p1a: Thundurus|Thunderbolt|p2a: Rotom\n|-damage|p2a: Rotom|17\/100\n|move|p2a: Rotom|Hydro Pump|p1a: Thundurus\n|-damage|p1a: Thundurus|48\/100\n|\n|-heal|p1a: Thundurus|54\/100|[from] item: Leftovers\n|-heal|p2a: Rotom|24\/100|[from] item: Leftovers\n|upkeep\n|turn|18\n|\n|t:|1623569990\n|switch|p2a: Beedrill|Beedrill-Mega, M|100\/100\n|move|p1a: Thundurus|Focus Blast|p2a: Beedrill\n|-resisted|p2a: Beedrill\n|-damage|p2a: Beedrill|82\/100\n|\n|-heal|p1a: Thundurus|60\/100|[from] item: Leftovers\n|upkeep\n|turn|19\n|\n|t:|1623570030\n|switch|p1a: Forretress|Forretress, F|100\/100\n|move|p2a: Beedrill|U-turn|p1a: Forretress\n|-resisted|p1a: Forretress\n|-damage|p1a: Forretress|84\/100\n|\n|t:|1623570037\n|switch|p2a: Magnezone|Magnezone|100\/100|[from]move: U-turn\n|\n|-heal|p1a: Forretress|90\/100|[from] item: Leftovers\n|upkeep\n|turn|20\n|l| hxyong\n|\n|t:|1623570065\n|move|p2a: Magnezone|Volt Switch|p1a: Forretress\n|-damage|p1a: Forretress|45\/100\n|\n|t:|1623570069\n|switch|p2a: Mamoswine|Mamoswine, M|100\/100|[from]move: Volt Switch\n|move|p1a: Forretress|Stealth Rock|p2a: Mamoswine\n|-sidestart|p2: Swordsman.N|move: Stealth Rock\n|\n|-heal|p1a: Forretress|51\/100|[from] item: Leftovers\n|upkeep\n|turn|21\n|\n|t:|1623570117\n|switch|p1a: Rotom|Rotom-Wash|53\/100 brn\n|move|p2a: Mamoswine|Earthquake|p1a: Rotom\n|-immune|p1a: Rotom|[from] ability: Levitate\n|\n|-heal|p1a: Rotom|59\/100 brn|[from] item: Leftovers\n|-damage|p1a: Rotom|47\/100 brn|[from] brn\n|upkeep\n|turn|22\n|\n|t:|1623570125\n|move|p2a: Mamoswine|Freeze-Dry|p1a: Rotom\n|-supereffective|p1a: Rotom\n|-damage|p1a: Rotom|0 fnt\n|faint|p1a: Rotom\n|\n|upkeep\n|c|\u2606SvvordsnnaM-VMax|\u4e0a\u5f53\u4e86\n|c|\u2606SvvordsnnaM-VMax|\u6211\u60f3\u60f3\n|\n|t:|1623570200\n|switch|p1a: Diancie|Diancie-Mega|57\/100\n|turn|23\n|\n|t:|1623570229\n|switch|p2a: Rotom|Rotom-Wash|24\/100\n|-damage|p2a: Rotom|11\/100|[from] Stealth Rock\n|move|p1a: Diancie|Moonblast|p2a: Rotom\n|-damage|p2a: Rotom|0 fnt\n|faint|p2a: Rotom\n|\n|upkeep\n|\n|t:|1623570236\n|switch|p2a: Starmie|Starmie|48\/100\n|-damage|p2a: Starmie|36\/100|[from] Stealth Rock\n|turn|24\n|\n|t:|1623570243\n|move|p2a: Starmie|Rapid Spin|p1a: Diancie\n|-resisted|p1a: Diancie\n|-damage|p1a: Diancie|55\/100\n|-sideend|p2: Swordsman.N|Stealth Rock|[from] move: Rapid Spin|[of] p2a: Starmie\n|move|p1a: Diancie|Moonblast|p2a: Starmie\n|-damage|p2a: Starmie|0 fnt\n|faint|p2a: Starmie\n|\n|upkeep\n|\n|t:|1623570252\n|switch|p2a: Beedrill|Beedrill-Mega, M|82\/100\n|turn|25\n|\n|t:|1623570262\n|move|p2a: Beedrill|U-turn|p1a: Diancie\n|-resisted|p1a: Diancie\n|-damage|p1a: Diancie|15\/100\n|\n|t:|1623570267\n|switch|p2a: Magnezone|Magnezone|100\/100|[from]move: U-turn\n|move|p1a: Diancie|Earth Power|p2a: Magnezone\n|-supereffective|p2a: Magnezone\n|-damage|p2a: Magnezone|0 fnt\n|faint|p2a: Magnezone\n|\n|upkeep\n|c|\u2606Swordsman.N|gg\n|c|\u2606SvvordsnnaM-VMax|gg\n|\n|t:|1623570278\n|switch|p2a: Mamoswine|Mamoswine, M|100\/100\n|turn|26\n|\n|t:|1623570287\n|move|p2a: Mamoswine|Ice Shard|p1a: Diancie\n|-crit|p1a: Diancie\n|-damage|p1a: Diancie|0 fnt\n|faint|p1a: Diancie\n|\n|upkeep\n|\n|t:|1623570295\n|switch|p1a: Bisharp|Bisharp, F|62\/100\n|turn|27\n|\n|t:|1623570301\n|move|p2a: Mamoswine|Ice Shard|p1a: Bisharp\n|-resisted|p1a: Bisharp\n|-damage|p1a: Bisharp|45\/100\n|move|p1a: Bisharp|Sucker Punch||[still]\n|-fail|p1a: Bisharp\n|\n|upkeep\n|turn|28\n|\n|t:|1623570314\n|move|p2a: Mamoswine|Ice Shard|p1a: Bisharp\n|-resisted|p1a: Bisharp\n|-damage|p1a: Bisharp|28\/100\n|move|p1a: Bisharp|Sucker Punch||[still]\n|-fail|p1a: Bisharp\n|\n|upkeep\n|turn|29\n|\n|t:|1623570326\n|move|p2a: Mamoswine|Ice Shard|p1a: Bisharp\n|-resisted|p1a: Bisharp\n|-damage|p1a: Bisharp|12\/100\n|move|p1a: Bisharp|Sucker Punch||[still]\n|-fail|p1a: Bisharp\n|\n|upkeep\n|turn|30\n|\n|t:|1623570332\n|move|p2a: Mamoswine|Ice Shard|p1a: Bisharp\n|-resisted|p1a: Bisharp\n|-damage|p1a: Bisharp|0 fnt\n|faint|p1a: Bisharp\n|\n|upkeep\n|\n|t:|1623570336\n|switch|p1a: Talonflame|Talonflame, M|100\/100\n|turn|31\n|\n|t:|1623570389\n|move|p1a: Talonflame|U-turn|p2a: Mamoswine\n|-damage|p2a: Mamoswine|68\/100\n|\n|t:|1623570400\n|switch|p1a: Forretress|Forretress, F|51\/100|[from]move: U-turn\n|move|p2a: Mamoswine|Icicle Crash|p1a: Forretress\n|-resisted|p1a: Forretress\n|-damage|p1a: Forretress|35\/100\n|\n|-heal|p1a: Forretress|41\/100|[from] item: Leftovers\n|upkeep\n|turn|32\n|\n|t:|1623570410\n|move|p2a: Mamoswine|Earthquake|p1a: Forretress\n|-damage|p1a: Forretress|6\/100\n|move|p1a: Forretress|Earthquake|p2a: Mamoswine\n|-damage|p2a: Mamoswine|45\/100\n|\n|-heal|p1a: Forretress|12\/100|[from] item: Leftovers\n|upkeep\n|turn|33\n|\n|t:|1623570417\n|move|p2a: Mamoswine|Icicle Crash|p1a: Forretress|[miss]\n|-miss|p2a: Mamoswine|p1a: Forretress\n|move|p1a: Forretress|Earthquake|p2a: Mamoswine\n|-damage|p2a: Mamoswine|20\/100\n|\n|-heal|p1a: Forretress|19\/100|[from] item: Leftovers\n|upkeep\n|turn|34\n|\n|t:|1623570424\n|move|p2a: Mamoswine|Earthquake|p1a: Forretress\n|-damage|p1a: Forretress|0 fnt\n|faint|p1a: Forretress\n|\n|upkeep\n|\n|t:|1623570428\n|switch|p1a: Talonflame|Talonflame, M|100\/100\n|turn|35\n|\n|t:|1623570437\n|move|p1a: Talonflame|Brave Bird|p2a: Mamoswine\n|-damage|p2a: Mamoswine|0 fnt\n|faint|p2a: Mamoswine\n|-damage|p1a: Talonflame|93\/100|[from] Recoil\n|\n|upkeep\n|\n|t:|1623570443\n|switch|p2a: Beedrill|Beedrill-Mega, M|82\/100\n|turn|36\n|j| tail OVO\n|\n|t:|1623570447\n|move|p1a: Talonflame|Brave Bird|p2a: Beedrill\n|-supereffective|p2a: Beedrill\n|-damage|p2a: Beedrill|0 fnt\n|faint|p2a: Beedrill\n|-damage|p1a: Talonflame|68\/100|[from] Recoil\n|\n|win|SvvordsnnaM-VMax\n|l|\u2606Swordsman.N\n|l| Calem the Undying\n","uploadtime":1623570456,"views":48,"p1id":"svvordsnnamvmax","p2id":"swordsmann","formatid":"gen6ou","rating":0,"private":0,"password":null}