{"id":"china-gen7ou-3461433","p1":"PokeQAQ\u2764\ufe0f","p2":"Shootingwolf","format":"gen7ou","log":"|j|\u2606PokeQAQ\u2764\ufe0f\n|j|\u2606Shootingwolf\n|t:|1632294372\n|gametype|singles\n|player|p1|PokeQAQ\u2764\ufe0f|tateandliza-gen3|\n|player|p2|Shootingwolf|101|\n|teamsize|p1|6\n|teamsize|p2|6\n|gen|7\n|tier|[Gen 7] OU\n|rule|Sleep Clause Mod: Limit one foe put to sleep\n|rule|Species Clause: Limit one of each Pok\u00e9mon\n|rule|OHKO Clause: OHKO moves are banned\n|rule|Moody Clause: Moody is banned\n|rule|Evasion Moves Clause: Evasion moves are banned\n|rule|Endless Battle Clause: Forcing endless battles is banned\n|rule|HP Percentage Mod: HP is shown in percentages\n|clearpoke\n|poke|p1|Rotom-Wash|item\n|poke|p1|Magearna|item\n|poke|p1|Landorus-Therian, M|item\n|poke|p1|Hoopa-Unbound|item\n|poke|p1|Kartana|item\n|poke|p1|Medicham, M|item\n|poke|p2|Rotom-Wash|item\n|poke|p2|Medicham, F|item\n|poke|p2|Landorus-Therian, M|item\n|poke|p2|Magearna|item\n|poke|p2|Greninja, M|item\n|poke|p2|Tangrowth, M|item\n|teampreview\n|c|\u2606Shootingwolf|\u597d\u5bb6\u4f19\n|c|\u2606Shootingwolf|\u548c\u6211\u662f\u540c\u4e00\u4e2a\u7c7b\u578b\u7684\u66ff\u8eab\u4f7f\u8005\u5462\n|c|\u2606PokeQAQ\u2764\ufe0f|\u4e0d\u9519\n|\n|t:|1632294426\n|start\n|switch|p1a: Landorus|Landorus-Therian, M|100\/100\n|switch|p2a: Medicham|Medicham, F|100\/100\n|-ability|p1a: Landorus|Intimidate|boost\n|-unboost|p2a: Medicham|atk|1\n|turn|1\n|\n|t:|1632294439\n|switch|p1a: Kartana|Kartana|100\/100\n|detailschange|p2a: Medicham|Medicham-Mega, F\n|-mega|p2a: Medicham|Medicham|Medichamite\n|move|p2a: Medicham|High Jump Kick|p1a: Kartana\n|-supereffective|p1a: Kartana\n|-damage|p1a: Kartana|0 fnt\n|faint|p1a: Kartana\n|\n|upkeep\n|\n|t:|1632294447\n|switch|p1a: Medicham|Medicham, M, shiny|100\/100\n|turn|2\n|\n|t:|1632294456\n|switch|p2a: Rotom|Rotom-Wash|100\/100\n|detailschange|p1a: Medicham|Medicham-Mega, M, shiny\n|-mega|p1a: Medicham|Medicham|Medichamite\n|move|p1a: Medicham|Ice Punch|p2a: Rotom\n|-resisted|p2a: Rotom\n|-damage|p2a: Rotom|82\/100\n|\n|upkeep\n|turn|3\n|\n|t:|1632294465\n|switch|p2a: Landorus|Landorus-Therian, M|100\/100\n|-ability|p2a: Landorus|Intimidate|boost\n|-unboost|p1a: Medicham|atk|1\n|move|p1a: Medicham|High Jump Kick|p2a: Landorus\n|-resisted|p2a: Landorus\n|-damage|p2a: Landorus|56\/100\n|\n|upkeep\n|turn|4\n|\n|t:|1632294474\n|switch|p2a: Tangrowth|Tangrowth, M|100\/100\n|move|p1a: Medicham|Ice Punch|p2a: Tangrowth\n|-supereffective|p2a: Tangrowth\n|-damage|p2a: Tangrowth|61\/100\n|-status|p2a: Tangrowth|frz\n|\n|upkeep\n|turn|5\n|c|\u2606Shootingwolf|\u4f60\u8fd9\n|\n|t:|1632294490\n|move|p1a: Medicham|High Jump Kick|p2a: Tangrowth|[miss]\n|-miss|p1a: Medicham|p2a: Tangrowth\n|-damage|p1a: Medicham|51\/100|[from] highjumpkick\n|cant|p2a: Tangrowth|frz\n|\n|upkeep\n|turn|6\n|c|\u2606PokeQAQ\u2764\ufe0f|\u4e00\u6837\u4e00\u6837\n|c|\u2606Shootingwolf|\u53ef\u4ee5\n|\n|t:|1632294501\n|move|p1a: Medicham|High Jump Kick|p2a: Tangrowth|[miss]\n|-miss|p1a: Medicham|p2a: Tangrowth\n|-damage|p1a: Medicham|1\/100|[from] highjumpkick\n|-curestatus|p2a: Tangrowth|frz|[msg]\n|move|p2a: Tangrowth|Giga Drain|p1a: Medicham\n|-damage|p1a: Medicham|0 fnt\n|-heal|p2a: Tangrowth|61\/100|[from] drain|[of] p1a: Medicham\n|faint|p1a: Medicham\n|\n|upkeep\n|c|\u2606Shootingwolf|\u54c8\u54c8\u54c8\u54c8\u54c8\u54c8\u54c8\u54c8\u54c8\n|c|\u2606Shootingwolf|\u7b11\u6b7b\u6211\u4e86\n|\n|t:|1632294524\n|switch|p1a: Hoopa|Hoopa-Unbound|100\/100\n|turn|7\n|c|\u2606Shootingwolf|\u628a\u81ea\u5df1\u8e22\u6b7b\u4e86\n|\n|t:|1632294534\n|switch|p2a: Landorus|Landorus-Therian, M|56\/100\n|-ability|p2a: Landorus|Intimidate|boost\n|-unboost|p1a: Hoopa|atk|1\n|move|p1a: Hoopa|Nasty Plot|p1a: Hoopa\n|-boost|p1a: Hoopa|spa|2\n|\n|upkeep\n|turn|8\n|\n|t:|1632294544\n|-zpower|p2a: Landorus\n|move|p2a: Landorus|Continental Crush|p1a: Hoopa|[zeffect]\n|-damage|p1a: Hoopa|0 fnt\n|faint|p1a: Hoopa\n|\n|upkeep\n|-message|PokeQAQ\u2764\ufe0f forfeited.\n|\n|win|Shootingwolf\n|l|\u2606PokeQAQ\u2764\ufe0f\n","uploadtime":1632294558,"views":47,"p1id":"pokeqaq","p2id":"shootingwolf","formatid":"gen7ou","rating":0,"private":0,"password":null}