{"id":"china-gen7uu-447910","p1":"n zyy","p2":"gostop","format":"gen7uu","log":"|j|\u2606n zyy\n|j|\u2606gostop\n|t:|1620573268\n|gametype|singles\n|player|p1|n zyy|nzyy.gif|\n|player|p2|gostop|gostop.gif|\n|teamsize|p1|6\n|teamsize|p2|6\n|gen|7\n|tier|[Gen 7] UU\n|clearpoke\n|poke|p1|Chandelure, M|item\n|poke|p1|Hydreigon, F|item\n|poke|p1|Sharpedo, F|item\n|poke|p1|Scizor, M|item\n|poke|p1|Klefki, F|item\n|poke|p1|Necrozma|item\n|poke|p2|Kyurem|item\n|poke|p2|Cobalion|item\n|poke|p2|Nidoqueen, F|item\n|poke|p2|Starmie|item\n|poke|p2|Klefki, M|item\n|poke|p2|Rotom-Heat|item\n|rule|Sleep Clause Mod: Limit one foe put to sleep\n|rule|Species Clause: Limit one of each Pok\u00e9mon\n|rule|OHKO Clause: OHKO moves are banned\n|rule|Moody Clause: Moody is banned\n|rule|Evasion Moves Clause: Evasion moves are banned\n|rule|Endless Battle Clause: Forcing endless battles is banned\n|rule|HP Percentage Mod: HP is shown in percentages\n|teampreview\n|j|\u265acompection\n|j| yiyue\n|j| luck_yue\n|j| ta1onfIame\u6e05\u6b22\n|j|%Lusteristic\n|j| burstbean\n|j| Stall has died\n|j|\u265aDYWY\u2740\n|j|%CurePersona\n|l|\u2606gostop\n|player|p2|\n|l|%Lusteristic\n|inactive|Battle timer is ON: inactive players will automatically lose when time's up. (requested by n zyy)\n|j| Rampagewebber\n|inactive|gostop has 270 seconds to reconnect!\n|j|%Lusteristic\n|j| rbqian\n|j|\u2606gostop\n|inactive|gostop reconnected and has 300 seconds left.\n|player|p2|gostop|gostop.gif\n|\n|t:|1620573408\n|start\n|switch|p1a: Necrozma|Necrozma|100\/100\n|switch|p2a: Nidoqueen|Nidoqueen, F|100\/100\n|turn|1\n|\n|t:|1620573415\n|switch|p2a: Klefki|Klefki, M|100\/100\n|move|p1a: Necrozma|Photon Geyser|p2a: Klefki\n|-resisted|p2a: Klefki\n|-damage|p2a: Klefki|74\/100\n|\n|-heal|p2a: Klefki|80\/100|[from] item: Leftovers\n|upkeep\n|turn|2\n|\n|t:|1620573425\n|move|p2a: Klefki|Thunder Wave|p1a: Necrozma\n|-status|p1a: Necrozma|par\n|move|p1a: Necrozma|Stealth Rock|p2a: Klefki\n|-sidestart|p2: gostop|move: Stealth Rock\n|\n|-heal|p2a: Klefki|86\/100|[from] item: Leftovers\n|upkeep\n|turn|3\n|\n|t:|1620573431\n|move|p2a: Klefki|Spikes|p1a: Necrozma\n|-sidestart|p1: n zyy|Spikes\n|move|p1a: Necrozma|Swords Dance|p1a: Necrozma\n|-boost|p1a: Necrozma|atk|2\n|\n|-heal|p2a: Klefki|92\/100|[from] item: Leftovers\n|upkeep\n|turn|4\n|\n|t:|1620573435\n|move|p2a: Klefki|Foul Play|p1a: Necrozma\n|-supereffective|p1a: Necrozma\n|-damage|p1a: Necrozma|0 fnt\n|faint|p1a: Necrozma\n|\n|-heal|p2a: Klefki|98\/100|[from] item: Leftovers\n|upkeep\n|\n|t:|1620573441\n|switch|p1a: Chandelure|Chandelure, M, shiny|100\/100\n|-damage|p1a: Chandelure|88\/100|[from] Spikes\n|turn|5\n|inactive|gostop has 270 seconds left.\n|j| wanxianana\n|inactive|gostop has 240 seconds left.\n|\n|t:|1620573502\n|move|p2a: Klefki|Thunder Wave|p1a: Chandelure\n|-status|p1a: Chandelure|par\n|move|p1a: Chandelure|Fire Blast|p2a: Klefki\n|-supereffective|p2a: Klefki\n|-damage|p2a: Klefki|0 fnt\n|faint|p2a: Klefki\n|\n|upkeep\n|inactive|gostop has 240 seconds left.\n|inactive|gostop has 210 seconds left.\n|\n|t:|1620573539\n|switch|p2a: Nidoqueen|Nidoqueen, F|100\/100\n|-damage|p2a: Nidoqueen|94\/100|[from] Stealth Rock\n|turn|6\n|inactive|gostop has 210 seconds left.\n|\n|t:|1620573556\n|switch|p1a: Hydreigon|Hydreigon, F|100\/100\n|move|p2a: Nidoqueen|Stealth Rock|p1a: Hydreigon\n|-sidestart|p1: n zyy|move: Stealth Rock\n|\n|upkeep\n|turn|7\n|inactive|gostop has 210 seconds left.\n|inactive|gostop has 180 seconds left.\n|\n|t:|1620573613\n|move|p1a: Hydreigon|Draco Meteor|p2a: Nidoqueen\n|-damage|p2a: Nidoqueen|0 fnt\n|-unboost|p1a: Hydreigon|spa|2\n|faint|p2a: Nidoqueen\n|\n|upkeep\n|\n|t:|1620573620\n|switch|p2a: Cobalion|Cobalion|100\/100\n|-damage|p2a: Cobalion|97\/100|[from] Stealth Rock\n|turn|8\n|\n|t:|1620573630\n|move|p2a: Cobalion|Calm Mind|p2a: Cobalion\n|-boost|p2a: Cobalion|spa|1\n|-boost|p2a: Cobalion|spd|1\n|move|p1a: Hydreigon|Draco Meteor|p2a: Cobalion\n|-resisted|p2a: Cobalion\n|-damage|p2a: Cobalion|76\/100\n|-unboost|p1a: Hydreigon|spa|2\n|\n|upkeep\n|turn|9\n|\n|t:|1620573634\n|switch|p1a: Chandelure|Chandelure, M, shiny|88\/100 par\n|-damage|p1a: Chandelure|76\/100 par|[from] Spikes\n|-damage|p1a: Chandelure|51\/100 par|[from] Stealth Rock\n|move|p2a: Cobalion|Calm Mind|p2a: Cobalion\n|-boost|p2a: Cobalion|spa|1\n|-boost|p2a: Cobalion|spd|1\n|\n|upkeep\n|turn|10\n|\n|t:|1620573644\n|move|p2a: Cobalion|Volt Switch|p1a: Chandelure\n|-damage|p1a: Chandelure|0 fnt\n|faint|p1a: Chandelure\n|\n|t:|1620573662\n|switch|p2a: Starmie|Starmie|100\/100|[from]move: Volt Switch\n|-damage|p2a: Starmie|88\/100|[from] Stealth Rock\n|\n|-heal|p2a: Starmie|94\/100|[from] item: Leftovers\n|upkeep\n|inactive|n zyy has 270 seconds left.\n|j|+hybone\n|inactive|n zyy has 240 seconds left.\n|inactive|n zyy has 210 seconds left.\n|j| Corrupting Skadi\n|inactive|n zyy has 180 seconds left.\n|j| yuemingxingxi\n|inactive|n zyy has 150 seconds left.\n|j|&WwlWss\n|\n|t:|1620573833\n|switch|p1a: Sharpedo|Sharpedo, F|100\/100\n|-damage|p1a: Sharpedo|88\/100|[from] Stealth Rock\n|-damage|p1a: Sharpedo|76\/100|[from] Spikes\n|turn|11\n|inactive|gostop has 150 seconds left.\n|\n|t:|1620573880\n|move|p1a: Sharpedo|Protect|p1a: Sharpedo\n|-singleturn|p1a: Sharpedo|Protect\n|move|p2a: Starmie|Scald|p1a: Sharpedo\n|-activate|p1a: Sharpedo|move: Protect\n|\n|-heal|p2a: Starmie|100\/100|[from] item: Leftovers\n|-ability|p1a: Sharpedo|Speed Boost|boost\n|-boost|p1a: Sharpedo|spe|1\n|upkeep\n|turn|12\n|j| xxxxxS\n|l| xxxxxS\n|l|&WwlWss\n|j| chengshingman\n|inactive|n zyy has 120 seconds left.\n|\n|t:|1620573938\n|switch|p2a: Cobalion|Cobalion|76\/100\n|-damage|p2a: Cobalion|73\/100|[from] Stealth Rock\n|detailschange|p1a: Sharpedo|Sharpedo-Mega, F\n|-mega|p1a: Sharpedo|Sharpedo|Sharpedonite\n|move|p1a: Sharpedo|Crunch|p2a: Cobalion\n|-resisted|p2a: Cobalion\n|-damage|p2a: Cobalion|42\/100\n|-ability|p2a: Cobalion|Justified|boost\n|-boost|p2a: Cobalion|atk|1\n|\n|upkeep\n|turn|13\n|inactive|gostop has 120 seconds left.\n|inactive|gostop has 90 seconds left.\n|j| indulge in dreams\n|l| chengshingman\n|\n|t:|1620573999\n|move|p1a: Sharpedo|Earthquake|p2a: Cobalion\n|-supereffective|p2a: Cobalion\n|-damage|p2a: Cobalion|0 fnt\n|faint|p2a: Cobalion\n|\n|upkeep\n|\n|t:|1620574004\n|switch|p2a: Kyurem|Kyurem|100\/100\n|-damage|p2a: Kyurem|76\/100|[from] Stealth Rock\n|-ability|p2a: Kyurem|Pressure\n|turn|14\n|inactive|gostop has 90 seconds left.\n|inactive|n zyy has 90 seconds left.\n|j| chengshingman\n|j|&WwlWss\n|\n|t:|1620574049\n|move|p1a: Sharpedo|Crunch|p2a: Kyurem\n|-damage|p2a: Kyurem|4\/100\n|-unboost|p2a: Kyurem|def|1\n|move|p2a: Kyurem|Earth Power|p1a: Sharpedo\n|-crit|p1a: Sharpedo\n|-damage|p1a: Sharpedo|4\/100\n|\n|upkeep\n|turn|15\n|inactive|gostop has 90 seconds left.\n|\n|t:|1620574065\n|move|p1a: Sharpedo|Crunch|p2a: Kyurem\n|-damage|p2a: Kyurem|0 fnt\n|faint|p2a: Kyurem\n|\n|upkeep\n|\n|t:|1620574073\n|switch|p2a: Rotom|Rotom-Heat|100\/100\n|-damage|p2a: Rotom|76\/100|[from] Stealth Rock\n|turn|16\n|\n|t:|1620574083\n|move|p1a: Sharpedo|Crunch|p2a: Rotom\n|-damage|p2a: Rotom|0 fnt\n|faint|p2a: Rotom\n|\n|upkeep\n|\n|t:|1620574085\n|switch|p2a: Starmie|Starmie|100\/100\n|-damage|p2a: Starmie|88\/100|[from] Stealth Rock\n|turn|17\n|\n|t:|1620574087\n|move|p1a: Sharpedo|Crunch|p2a: Starmie\n|-supereffective|p2a: Starmie\n|-damage|p2a: Starmie|0 fnt\n|faint|p2a: Starmie\n|\n|win|n zyy\n|c|\u2606n zyy|gg\n","uploadtime":1620574090,"views":97,"p1id":"nzyy","p2id":"gostop","formatid":"gen7uu","rating":0,"private":0,"password":null}