{"id":"china-gen7ou-5329701","p1":"AlIoutdragadarts","p2":"b\u51b0\u8451Bing_Feng","format":"gen7ou","log":"|uhtml|report-battle|<b>\u5c06\u5bf9\u6218\u94fe\u63a5\u516c\u5f00\u5230:<\/b> <button class=\"button\" name=\"send\" value=\"\/reportto skypillar\">Sky Pillar<\/button><button class=\"button\" name=\"send\" value=\"\/reportto shinx\">Shinx<\/button>\n|j|\u2606AlIoutdragadarts\n|j|\u2606b\u51b0\u8451Bing_Feng\n|inactive|Battle timer is ON: inactive players will automatically lose when time's up.\n|t:|1661690241\n|gametype|singles\n|player|p1|AlIoutdragadarts|acerola-masters|\n|player|p2|b\u51b0\u8451Bing_Feng|nyar202210.png|\n|teamsize|p1|6\n|teamsize|p2|6\n|gen|7\n|tier|[Gen 7] OU\n|rated|Tournament battle\n|rule|Sleep Clause Mod: Limit one foe put to sleep\n|rule|Species Clause: Limit one of each Pok\u00e9mon\n|rule|OHKO Clause: OHKO moves are banned\n|rule|Moody Clause: Moody is banned\n|rule|Evasion Items Clause: Evasion items are banned\n|rule|Evasion Moves Clause: Evasion moves are banned\n|rule|Endless Battle Clause: Forcing endless battles is banned\n|rule|HP Percentage Mod: HP is shown in percentages\n|clearpoke\n|poke|p1|Serperior, F|item\n|poke|p1|Diancie|item\n|poke|p1|Volcarona, F|item\n|poke|p1|Magearna|item\n|poke|p1|Victini|item\n|poke|p1|Dragonite, M|item\n|poke|p2|Hawlucha, F|item\n|poke|p2|Medicham, F|item\n|poke|p2|Kyurem-Black|item\n|poke|p2|Magearna|item\n|poke|p2|Tapu Koko|item\n|poke|p2|Landorus-Therian, M|item\n|teampreview\n|inactive|b\u51b0\u8451Bing_Feng also wants the timer to be on.\n|\n|t:|1661690246\n|start\n|switch|p1a: Diancie|Diancie, shiny|100\/100\n|switch|p2a: Landorus|Landorus-Therian, M, shiny|100\/100\n|-ability|p2a: Landorus|Intimidate|boost\n|-fail|p1a: Diancie|unboost|[from] ability: Clear Body|[of] p1a: Diancie\n|turn|1\n|\n|t:|1661690249\n|move|p2a: Landorus|Stealth Rock|p1a: Diancie\n|-sidestart|p1: AlIoutdragadarts|move: Stealth Rock\n|move|p1a: Diancie|Stealth Rock|p2a: Landorus\n|-sidestart|p2: b\u51b0\u8451Bing_Feng|move: Stealth Rock\n|\n|upkeep\n|turn|2\n|\n|t:|1661690254\n|switch|p1a: Serperior|Serperior, F, shiny|100\/100\n|-damage|p1a: Serperior|88\/100|[from] Stealth Rock\n|move|p2a: Landorus|Earthquake|p1a: Serperior\n|-resisted|p1a: Serperior\n|-damage|p1a: Serperior|61\/100\n|\n|upkeep\n|turn|3\n|\n|t:|1661690256\n|move|p1a: Serperior|Defog|p2a: Landorus\n|-unboost|p2a: Landorus|evasion|1\n|-sideend|p2: b\u51b0\u8451Bing_Feng|Stealth Rock|[from] move: Defog|[of] p1a: Serperior\n|-sideend|p1: AlIoutdragadarts|Stealth Rock|[from] move: Defog|[of] p1a: Serperior\n|move|p2a: Landorus|U-turn|p1a: Serperior\n|-supereffective|p1a: Serperior\n|-damage|p1a: Serperior|5\/100\n|-damage|p2a: Landorus|84\/100|[from] item: Rocky Helmet|[of] p1a: Serperior\n|\n|t:|1661690259\n|switch|p2a: Tapu Koko|Tapu Koko, shiny|100\/100|[from]move: U-turn\n|-fieldstart|move: Electric Terrain|[from] ability: Electric Surge|[of] p2a: Tapu Koko\n|\n|upkeep\n|turn|4\n|\n|t:|1661690262\n|move|p2a: Tapu Koko|Volt Switch|p1a: Serperior\n|-resisted|p1a: Serperior\n|-crit|p1a: Serperior\n|-damage|p1a: Serperior|0 fnt\n|faint|p1a: Serperior\n|j| shuo\u7855\u5fb7er\n|\n|t:|1661690265\n|switch|p2a: Landorus|Landorus-Therian, M, shiny|84\/100|[from]move: Volt Switch\n|\n|upkeep\n|\n|t:|1661690267\n|switch|p1a: Diancie|Diancie, shiny|100\/100\n|turn|5\n|\n|t:|1661690270\n|detailschange|p1a: Diancie|Diancie-Mega, shiny\n|-mega|p1a: Diancie|Diancie|Diancite\n|move|p1a: Diancie|Substitute|p1a: Diancie\n|-start|p1a: Diancie|Substitute\n|-damage|p1a: Diancie|76\/100\n|move|p2a: Landorus|Earthquake|p1a: Diancie\n|-supereffective|p1a: Diancie\n|-end|p1a: Diancie|Substitute\n|\n|upkeep\n|turn|6\n|\n|t:|1661690273\n|move|p1a: Diancie|Substitute|p1a: Diancie\n|-start|p1a: Diancie|Substitute\n|-damage|p1a: Diancie|51\/100\n|move|p2a: Landorus|Earthquake|p1a: Diancie\n|-supereffective|p1a: Diancie\n|-end|p1a: Diancie|Substitute\n|\n|upkeep\n|turn|7\n|\n|t:|1661690275\n|move|p1a: Diancie|Stealth Rock|p2a: Landorus\n|-sidestart|p2: b\u51b0\u8451Bing_Feng|move: Stealth Rock\n|move|p2a: Landorus|Earthquake|p1a: Diancie\n|-supereffective|p1a: Diancie\n|-damage|p1a: Diancie|0 fnt\n|faint|p1a: Diancie\n|\n|-fieldend|move: Electric Terrain\n|upkeep\n|\n|t:|1661690285\n|switch|p1a: Victini|Victini|100\/100\n|turn|8\n|\n|t:|1661690293\n|-zpower|p1a: Victini\n|move|p1a: Victini|Z-Celebrate|p1a: Victini|[anim]Celebrate\n|-boost|p1a: Victini|atk|1|[zeffect]\n|-boost|p1a: Victini|def|1|[zeffect]\n|-boost|p1a: Victini|spa|1|[zeffect]\n|-boost|p1a: Victini|spd|1|[zeffect]\n|-boost|p1a: Victini|spe|1|[zeffect]\n|-activate|p1a: Victini|move: Celebrate\n|move|p2a: Landorus|Earthquake|p1a: Victini\n|-supereffective|p1a: Victini\n|-damage|p1a: Victini|21\/100\n|\n|upkeep\n|turn|9\n|j| wdzkz\n|\n|t:|1661690298\n|move|p1a: Victini|Stored Power|p2a: Landorus\n|-damage|p2a: Landorus|0 fnt\n|faint|p2a: Landorus\n|\n|upkeep\n|\n|t:|1661690305\n|switch|p2a: Tapu Koko|Tapu Koko, shiny|100\/100\n|-damage|p2a: Tapu Koko|88\/100|[from] Stealth Rock\n|-fieldstart|move: Electric Terrain|[from] ability: Electric Surge|[of] p2a: Tapu Koko\n|turn|10\n|\n|t:|1661690308\n|move|p2a: Tapu Koko|Volt Switch|p1a: Victini\n|-damage|p1a: Victini|0 fnt\n|faint|p1a: Victini\n|\n|t:|1661690315\n|switch|p2a: Hawlucha|Hawlucha, F, shiny|100\/100|[from]move: Volt Switch\n|-damage|p2a: Hawlucha|88\/100|[from] Stealth Rock\n|-enditem|p2a: Hawlucha|Electric Seed\n|-boost|p2a: Hawlucha|def|1|[from] item: Electric Seed\n|\n|upkeep\n|\n|t:|1661690321\n|switch|p1a: Magearna|Magearna|100\/100\n|turn|11\n|l| wdzkz\n|j| rachel19738\n|\n|t:|1661690333\n|move|p2a: Hawlucha|Substitute|p2a: Hawlucha\n|-start|p2a: Hawlucha|Substitute\n|-damage|p2a: Hawlucha|63\/100\n|move|p1a: Magearna|Thunderbolt|p2a: Hawlucha\n|-supereffective|p2a: Hawlucha\n|-end|p2a: Hawlucha|Substitute\n|\n|upkeep\n|turn|12\n|c| rachel19738|\uff1f\uff1f\uff1f\n|j| igiegie\n|c| rachel19738|ali?\n|\n|t:|1661690342\n|move|p2a: Hawlucha|High Jump Kick|p1a: Magearna\n|-damage|p1a: Magearna|48\/100\n|move|p1a: Magearna|Thunderbolt|p2a: Hawlucha\n|-supereffective|p2a: Hawlucha\n|-damage|p2a: Hawlucha|0 fnt\n|faint|p2a: Hawlucha\n|-ability|p1a: Magearna|Soul-Heart|boost\n|-boost|p1a: Magearna|spa|1\n|\n|-heal|p1a: Magearna|54\/100|[from] item: Leftovers\n|upkeep\n|\n|t:|1661690349\n|switch|p2a: Magearna|Magearna|100\/100\n|-damage|p2a: Magearna|94\/100|[from] Stealth Rock\n|turn|13\n|\n|t:|1661690351\n|move|p1a: Magearna|Shift Gear|p1a: Magearna\n|-boost|p1a: Magearna|spe|2\n|-boost|p1a: Magearna|atk|1\n|move|p2a: Magearna|Volt Switch|p1a: Magearna\n|-damage|p1a: Magearna|25\/100\n|\n|t:|1661690355\n|switch|p2a: Medicham|Medicham, F, shiny|100\/100|[from]move: Volt Switch\n|-damage|p2a: Medicham|94\/100|[from] Stealth Rock\n|\n|-heal|p1a: Magearna|31\/100|[from] item: Leftovers\n|upkeep\n|turn|14\n|\n|t:|1661690357\n|detailschange|p2a: Medicham|Medicham-Mega, F, shiny\n|-mega|p2a: Medicham|Medicham|Medichamite\n|move|p2a: Medicham|Fake Out|p1a: Magearna\n|-resisted|p1a: Magearna\n|-damage|p1a: Magearna|18\/100\n|cant|p1a: Magearna|flinch\n|\n|-heal|p1a: Magearna|24\/100|[from] item: Leftovers\n|-fieldend|move: Electric Terrain\n|upkeep\n|turn|15\n|\n|t:|1661690361\n|move|p1a: Magearna|Fleur Cannon|p2a: Medicham|[miss]\n|-miss|p1a: Magearna|p2a: Medicham\n|move|p2a: Medicham|High Jump Kick|p1a: Magearna\n|-damage|p1a: Magearna|0 fnt\n|faint|p1a: Magearna\n|\n|upkeep\n|c| rachel19738|ali?\n|c| igiegie|hax\u221a\n|c| rachel19738|\u4f60\u5728\u5e72\u4ec0\u4e48\u554a\n|\n|t:|1661690374\n|switch|p1a: Dragonite|Dragonite, M, shiny|100\/100\n|turn|16\n|\n|t:|1661690377\n|move|p2a: Medicham|Ice Punch|p1a: Dragonite\n|-supereffective|p1a: Dragonite\n|-damage|p1a: Dragonite|3\/100\n|move|p1a: Dragonite|Dragon Dance|p1a: Dragonite\n|-boost|p1a: Dragonite|atk|1\n|-boost|p1a: Dragonite|spe|1\n|\n|upkeep\n|turn|17\n|\n|t:|1661690381\n|move|p1a: Dragonite|Earthquake|p2a: Medicham\n|-damage|p2a: Medicham|10\/100\n|move|p2a: Medicham|Zen Headbutt|p1a: Dragonite\n|-crit|p1a: Dragonite\n|-damage|p1a: Dragonite|0 fnt\n|faint|p1a: Dragonite\n|\n|upkeep\n|\n|t:|1661690383\n|switch|p1a: Volcarona|Volcarona, F, shiny|100\/100\n|turn|18\n|c| shuo\u7855\u5fb7er|\u62fcmu\u5443\u5443\u961f\u4f0d\u662f\u8fd9\u6837\u7684\n|\n|t:|1661690386\n|move|p1a: Volcarona|Giga Drain|p2a: Medicham\n|-damage|p2a: Medicham|0 fnt\n|faint|p2a: Medicham\n|\n|upkeep\n|\n|t:|1661690391\n|switch|p2a: Tapu Koko|Tapu Koko, shiny|88\/100\n|-damage|p2a: Tapu Koko|76\/100|[from] Stealth Rock\n|-fieldstart|move: Electric Terrain|[from] ability: Electric Surge|[of] p2a: Tapu Koko\n|turn|19\n|j| wdzkz\n|\n|t:|1661690396\n|move|p2a: Tapu Koko|Thunderbolt|p1a: Volcarona\n|-damage|p1a: Volcarona|41\/100\n|move|p1a: Volcarona|Quiver Dance|p1a: Volcarona\n|-boost|p1a: Volcarona|spa|1\n|-boost|p1a: Volcarona|spd|1\n|-boost|p1a: Volcarona|spe|1\n|\n|upkeep\n|turn|20\n|c| igiegie|\u52a0\u6cb9\u554a\n|c| igiegie|\u86fe\u5b50\u54e5\u54e5\n|\n|t:|1661690404\n|move|p2a: Tapu Koko|Thunderbolt|p1a: Volcarona\n|-damage|p1a: Volcarona|0 fnt\n|faint|p1a: Volcarona\n|\n|win|b\u51b0\u8451Bing_Feng\n|n|\u2606AlIoutdragadarts|alioutdragadarts\n|n|\u2606b\u51b0\u8451Bing_Feng|bbingfeng\n|n| shuo\u7855\u5fb7er|shuoer\n|n| rachel19738|rachel19738\n|n| igiegie|igiegie\n|n| wdzkz|wdzkz\n","uploadtime":1661690405,"views":10,"p1id":"alioutdragadarts","p2id":"bbingfeng","formatid":"gen7ou","rating":0,"private":0,"password":null}