{"id":"china-gen4randombattle-3904794","p1":"swordsman.n","p2":"FiniFiniLove","format":"gen4randombattle","log":"|j|\u2606swordsman.n\n|j|\u2606FiniFiniLove\n|t:|1637488162\n|gametype|singles\n|player|p1|swordsman.n|249|\n|player|p2|FiniFiniLove|1|\n|teamsize|p1|6\n|teamsize|p2|6\n|gen|4\n|tier|[Gen 4] Random Battle\n|rule|Sleep Clause Mod: Limit one foe put to sleep\n|rule|HP Percentage Mod: HP is shown in percentages\n|\n|t:|1637488162\n|start\n|switch|p1a: Torterra|Torterra, L84, F|297\/297\n|switch|p2a: Girafarig|Girafarig, L88, F|266\/266\n|turn|1\n|\n|t:|1637488209\n|move|p2a: Girafarig|Psychic|p1a: Torterra\n|-damage|p1a: Torterra|186\/297\n|move|p1a: Torterra|Stealth Rock|p2a: Girafarig\n|-sidestart|p2: FiniFiniLove|move: Stealth Rock\n|\n|-heal|p1a: Torterra|204\/297|[from] item: Leftovers\n|upkeep\n|turn|2\n|\n|t:|1637488223\n|move|p2a: Girafarig|Psychic|p1a: Torterra\n|-damage|p1a: Torterra|110\/297\n|move|p1a: Torterra|Wood Hammer|p2a: Girafarig\n|-damage|p2a: Girafarig|92\/266\n|-damage|p1a: Torterra|52\/297|[from] Recoil\n|\n|-heal|p1a: Torterra|70\/297|[from] item: Leftovers\n|upkeep\n|turn|3\n|c|\u2606swordsman.n|\u600e\u4e48\u5c31\u5c0f\u968f\u673a\u6570\u4e86\n|\n|t:|1637488264\n|move|p2a: Girafarig|Psychic|p1a: Torterra\n|-damage|p1a: Torterra|0 fnt\n|faint|p1a: Torterra\n|\n|upkeep\n|\n|t:|1637488270\n|switch|p1a: Infernape|Infernape, L80, F|253\/253\n|turn|4\n|\n|t:|1637488307\n|move|p1a: Infernape|Close Combat|p2a: Girafarig\n|-damage|p2a: Girafarig|0 fnt\n|-unboost|p1a: Infernape|def|1\n|-unboost|p1a: Infernape|spd|1\n|faint|p2a: Girafarig\n|-damage|p1a: Infernape|228\/253|[from] item: Life Orb\n|\n|upkeep\n|\n|t:|1637488338\n|switch|p2a: Aerodactyl|Aerodactyl, L80, M|259\/259\n|-damage|p2a: Aerodactyl|195\/259|[from] Stealth Rock\n|-ability|p2a: Aerodactyl|Pressure\n|turn|5\n|\n|t:|1637488357\n|switch|p1a: Stantler|Stantler, L88, M|272\/272\n|-ability|p1a: Stantler|Intimidate|boost\n|-unboost|p2a: Aerodactyl|atk|1\n|move|p2a: Aerodactyl|Stone Edge|p1a: Stantler\n|-damage|p1a: Stantler|182\/272\n|\n|-heal|p2a: Aerodactyl|211\/259|[from] item: Leftovers\n|upkeep\n|turn|6\n|\n|t:|1637488374\n|switch|p2a: Wormadam|Wormadam-Trash, L88, F|249\/249\n|-damage|p2a: Wormadam|218\/249|[from] Stealth Rock\n|move|p1a: Stantler|Return|p2a: Wormadam\n|-resisted|p2a: Wormadam\n|-damage|p2a: Wormadam|153\/249\n|-damage|p1a: Stantler|155\/272|[from] item: Life Orb\n|\n|-heal|p2a: Wormadam|168\/249|[from] item: Leftovers\n|upkeep\n|turn|7\n|\n|t:|1637488383\n|switch|p1a: Moltres|Moltres, L84|288\/288\n|-ability|p1a: Moltres|Pressure\n|move|p2a: Wormadam|Stealth Rock|p1a: Moltres\n|-sidestart|p1: swordsman.n|move: Stealth Rock\n|\n|-heal|p2a: Wormadam|183\/249|[from] item: Leftovers\n|upkeep\n|turn|8\n|\n|t:|1637488415\n|move|p1a: Moltres|Flamethrower|p2a: Wormadam\n|-supereffective|p2a: Wormadam\n|-damage|p2a: Wormadam|0 fnt\n|faint|p2a: Wormadam\n|-damage|p1a: Moltres|260\/288|[from] item: Life Orb\n|\n|upkeep\n|\n|t:|1637488432\n|switch|p2a: Aerodactyl|Aerodactyl, L80, M|211\/259\n|-damage|p2a: Aerodactyl|147\/259|[from] Stealth Rock\n|-ability|p2a: Aerodactyl|Pressure\n|turn|9\n|j| hxyoni\n|\n|t:|1637488460\n|move|p2a: Aerodactyl|Roost|p2a: Aerodactyl\n|-heal|p2a: Aerodactyl|259\/259\n|-singleturn|p2a: Aerodactyl|move: Roost\n|move|p1a: Moltres|Hidden Power|p2a: Aerodactyl\n|-supereffective|p2a: Aerodactyl\n|-damage|p2a: Aerodactyl|67\/259\n|-damage|p1a: Moltres|232\/288|[from] item: Life Orb\n|\n|-heal|p2a: Aerodactyl|83\/259|[from] item: Leftovers\n|upkeep\n|turn|10\n|\n|t:|1637488470\n|move|p2a: Aerodactyl|Stone Edge|p1a: Moltres\n|-supereffective|p1a: Moltres\n|-damage|p1a: Moltres|0 fnt\n|faint|p1a: Moltres\n|\n|-heal|p2a: Aerodactyl|99\/259|[from] item: Leftovers\n|upkeep\n|\n|t:|1637488485\n|switch|p1a: Victreebel|Victreebel, L88, F|284\/284\n|-damage|p1a: Victreebel|249\/284|[from] Stealth Rock\n|turn|11\n|\n|t:|1637488516\n|switch|p2a: Drapion|Drapion, L84, F|255\/255\n|-damage|p2a: Drapion|224\/255|[from] Stealth Rock\n|move|p1a: Victreebel|Leaf Blade|p2a: Drapion\n|-resisted|p2a: Drapion\n|-crit|p2a: Drapion\n|-damage|p2a: Drapion|101\/255\n|-damage|p1a: Victreebel|221\/284|[from] item: Life Orb\n|\n|upkeep\n|turn|12\n|\n|t:|1637488540\n|move|p2a: Drapion|Ice Fang|p1a: Victreebel|[miss]\n|-miss|p2a: Drapion|p1a: Victreebel\n|move|p1a: Victreebel|Leaf Storm|p2a: Drapion\n|-resisted|p2a: Drapion\n|-damage|p2a: Drapion|0 fnt\n|-unboost|p1a: Victreebel|spa|2\n|faint|p2a: Drapion\n|-damage|p1a: Victreebel|193\/284|[from] item: Life Orb\n|\n|upkeep\n|l| hxyoni\n|\n|t:|1637488558\n|switch|p2a: Raticate|Raticate, L88, F|240\/240\n|-damage|p2a: Raticate|210\/240|[from] Stealth Rock\n|turn|13\n|\n|t:|1637488570\n|move|p2a: Raticate|Protect|p2a: Raticate\n|-singleturn|p2a: Raticate|Protect\n|move|p1a: Victreebel|Leaf Blade|p2a: Raticate\n|-activate|p2a: Raticate|Protect\n|\n|-status|p2a: Raticate|tox|[from] item: Toxic Orb\n|upkeep\n|turn|14\n|\n|t:|1637488578\n|move|p1a: Victreebel|Sucker Punch|p2a: Raticate\n|-damage|p2a: Raticate|97\/240 tox\n|-damage|p1a: Victreebel|165\/284|[from] item: Life Orb\n|move|p2a: Raticate|Facade|p1a: Victreebel\n|-damage|p1a: Victreebel|0 fnt\n|faint|p1a: Victreebel\n|\n|-damage|p2a: Raticate|82\/240 tox|[from] psn\n|upkeep\n|\n|t:|1637488587\n|switch|p1a: Infernape|Infernape, L80, F|228\/253\n|-damage|p1a: Infernape|197\/253|[from] Stealth Rock\n|turn|15\n|\n|t:|1637488632\n|move|p1a: Infernape|Mach Punch|p2a: Raticate\n|-supereffective|p2a: Raticate\n|-damage|p2a: Raticate|0 fnt\n|faint|p2a: Raticate\n|-damage|p1a: Infernape|172\/253|[from] item: Life Orb\n|\n|upkeep\n|c|\u2606FiniFiniLove|\u8bf6\n|j| hxyoni\n|l| hxyoni\n|c|\u2606FiniFiniLove|\u6211\u5fd8\u4e86\u7334\u5b50\u8fd8\u6709\u8fd9\u62db\n|\n|t:|1637488653\n|switch|p2a: Sableye|Sableye, L88, F|231\/231\n|-damage|p2a: Sableye|203\/231|[from] Stealth Rock\n|turn|16\n|\n|t:|1637488661\n|switch|p1a: Butterfree|Butterfree, L88, F|249\/249\n|-damage|p1a: Butterfree|125\/249|[from] Stealth Rock\n|move|p2a: Sableye|Toxic|p1a: Butterfree\n|-status|p1a: Butterfree|tox\n|\n|-heal|p1a: Butterfree|140\/249 tox|[from] item: Leftovers\n|-damage|p1a: Butterfree|125\/249 tox|[from] psn\n|-heal|p2a: Sableye|217\/231|[from] item: Leftovers\n|upkeep\n|turn|17\n|j| hxyoni\n|\n|t:|1637488710\n|move|p1a: Butterfree|Bug Buzz|p2a: Sableye\n|-crit|p2a: Sableye\n|-damage|p2a: Sableye|0 fnt\n|faint|p2a: Sableye\n|\n|-heal|p1a: Butterfree|140\/249 tox|[from] item: Leftovers\n|-damage|p1a: Butterfree|110\/249 tox|[from] psn\n|upkeep\n|\n|t:|1637488713\n|switch|p2a: Aerodactyl|Aerodactyl, L80, M|99\/259\n|-damage|p2a: Aerodactyl|35\/259|[from] Stealth Rock\n|-ability|p2a: Aerodactyl|Pressure\n|turn|18\n|\n|t:|1637488725\n|move|p2a: Aerodactyl|Roost|p2a: Aerodactyl\n|-heal|p2a: Aerodactyl|164\/259\n|-singleturn|p2a: Aerodactyl|move: Roost\n|move|p1a: Butterfree|Stun Spore|p2a: Aerodactyl\n|-status|p2a: Aerodactyl|par\n|\n|-heal|p1a: Butterfree|125\/249 tox|[from] item: Leftovers\n|-damage|p1a: Butterfree|80\/249 tox|[from] psn\n|-heal|p2a: Aerodactyl|180\/259 par|[from] item: Leftovers\n|upkeep\n|turn|19\n|\n|t:|1637488742\n|move|p1a: Butterfree|Bug Buzz|p2a: Aerodactyl\n|-resisted|p2a: Aerodactyl\n|-damage|p2a: Aerodactyl|129\/259 par\n|move|p2a: Aerodactyl|Roost|p2a: Aerodactyl\n|-heal|p2a: Aerodactyl|258\/259 par\n|-singleturn|p2a: Aerodactyl|move: Roost\n|\n|-heal|p1a: Butterfree|95\/249 tox|[from] item: Leftovers\n|-damage|p1a: Butterfree|35\/249 tox|[from] psn\n|-heal|p2a: Aerodactyl|259\/259 par|[from] item: Leftovers\n|upkeep\n|turn|20\n|\n|t:|1637488754\n|move|p1a: Butterfree|Bug Buzz|p2a: Aerodactyl\n|-resisted|p2a: Aerodactyl\n|-damage|p2a: Aerodactyl|208\/259 par\n|move|p2a: Aerodactyl|Roost|p2a: Aerodactyl\n|-heal|p2a: Aerodactyl|259\/259 par\n|-singleturn|p2a: Aerodactyl|move: Roost\n|\n|-heal|p1a: Butterfree|50\/249 tox|[from] item: Leftovers\n|-damage|p1a: Butterfree|0 fnt|[from] psn\n|faint|p1a: Butterfree\n|upkeep\n|j| miaogg\n|\n|t:|1637488763\n|switch|p1a: Stantler|Stantler, L88, M|155\/272\n|-damage|p1a: Stantler|121\/272|[from] Stealth Rock\n|-ability|p1a: Stantler|Intimidate|boost\n|-unboost|p2a: Aerodactyl|atk|1\n|turn|21\n|\n|t:|1637488775\n|move|p1a: Stantler|Return|p2a: Aerodactyl\n|-resisted|p2a: Aerodactyl\n|-damage|p2a: Aerodactyl|163\/259 par\n|-damage|p1a: Stantler|94\/272|[from] item: Life Orb\n|move|p2a: Aerodactyl|Roost|p2a: Aerodactyl\n|-heal|p2a: Aerodactyl|259\/259 par\n|-singleturn|p2a: Aerodactyl|move: Roost\n|\n|upkeep\n|turn|22\n|\n|t:|1637488784\n|move|p1a: Stantler|Return|p2a: Aerodactyl\n|-resisted|p2a: Aerodactyl\n|-crit|p2a: Aerodactyl\n|-damage|p2a: Aerodactyl|46\/259 par\n|-damage|p1a: Stantler|67\/272|[from] item: Life Orb\n|move|p2a: Aerodactyl|Roost|p2a: Aerodactyl\n|-heal|p2a: Aerodactyl|175\/259 par\n|-singleturn|p2a: Aerodactyl|move: Roost\n|\n|-heal|p2a: Aerodactyl|191\/259 par|[from] item: Leftovers\n|upkeep\n|turn|23\n|\n|t:|1637488794\n|move|p1a: Stantler|Return|p2a: Aerodactyl\n|-resisted|p2a: Aerodactyl\n|-damage|p2a: Aerodactyl|83\/259 par\n|-damage|p1a: Stantler|40\/272|[from] item: Life Orb\n|move|p2a: Aerodactyl|Roost|p2a: Aerodactyl\n|-heal|p2a: Aerodactyl|212\/259 par\n|-singleturn|p2a: Aerodactyl|move: Roost\n|\n|-heal|p2a: Aerodactyl|228\/259 par|[from] item: Leftovers\n|upkeep\n|turn|24\n|\n|t:|1637488809\n|move|p1a: Stantler|Return|p2a: Aerodactyl\n|-resisted|p2a: Aerodactyl\n|-damage|p2a: Aerodactyl|127\/259 par\n|-damage|p1a: Stantler|13\/272|[from] item: Life Orb\n|move|p2a: Aerodactyl|Roost|p2a: Aerodactyl\n|-heal|p2a: Aerodactyl|256\/259 par\n|-singleturn|p2a: Aerodactyl|move: Roost\n|\n|-heal|p2a: Aerodactyl|259\/259 par|[from] item: Leftovers\n|upkeep\n|turn|25\n|\n|t:|1637488818\n|move|p1a: Stantler|Return|p2a: Aerodactyl\n|-resisted|p2a: Aerodactyl\n|-damage|p2a: Aerodactyl|168\/259 par\n|-damage|p1a: Stantler|0 fnt|[from] item: Life Orb\n|faint|p1a: Stantler\n|move|p2a: Aerodactyl|Roost|p2a: Aerodactyl\n|-heal|p2a: Aerodactyl|259\/259 par\n|-singleturn|p2a: Aerodactyl|move: Roost\n|\n|upkeep\n|c|\u2606swordsman.n|\u5047\u7684\u9ebb\u75f9\n|\n|t:|1637488832\n|switch|p1a: Infernape|Infernape, L80, F|172\/253\n|-damage|p1a: Infernape|141\/253|[from] Stealth Rock\n|turn|26\n|\n|t:|1637488836\n|move|p1a: Infernape|Swords Dance|p1a: Infernape\n|-boost|p1a: Infernape|atk|2\n|cant|p2a: Aerodactyl|par\n|\n|upkeep\n|turn|27\n|c|\u2606swordsman.n|\u54e6\uff0c\u5728\u8fd9\u7b49\u7740\u5462\n|c|\u2606FiniFiniLove|\u8349\n|\n|t:|1637488849\n|move|p1a: Infernape|Close Combat|p2a: Aerodactyl\n|-damage|p2a: Aerodactyl|0 fnt\n|-unboost|p1a: Infernape|def|1\n|-unboost|p1a: Infernape|spd|1\n|faint|p2a: Aerodactyl\n|-damage|p1a: Infernape|116\/253|[from] item: Life Orb\n|\n|win|swordsman.n\n","inputlog":">version 5f9d7c5fd7d7784ad2f0d0f4b61ea6e75791baaf\n>version-origin 3918ebd609a2bd57e0326bf76fca79306b37a61f\n>start {\"formatid\":\"gen4randombattle\",\"seed\":[56034,36166,53850,34631]}\n>player p1 {\"name\":\"swordsman.n\",\"avatar\":\"249\",\"rating\":0,\"seed\":[21391,61681,51990,11426]}\n>player p2 {\"name\":\"FiniFiniLove\",\"avatar\":\"1\",\"rating\":0,\"seed\":[18259,4818,24066,6978]}\n>p1 move stealthrock\n>p2 move psychic\n>p1 move woodhammer\n>p2 move psychic\n>chat \u2606swordsman.n|\u600e\u4e48\u5c31\u5c0f\u968f\u673a\u6570\u4e86\n>p1 move woodhammer\n>p2 move psychic\n>p1 switch 2\n>p1 move closecombat\n>p2 move psychic\n>p2 switch 5\n>p1 switch 4\n>p2 move stoneedge\n>p1 move return\n>p2 switch 4\n>p1 switch 5\n>p2 move stealthrock\n>p1 move flamethrower\n>p2 move toxic\n>p2 switch 4\n>p1 move hiddenpower\n>p2 move roost\n>p1 move hiddenpower\n>p2 move stoneedge\n>p1 switch 3\n>p1 move leafblade\n>p2 switch 2\n>p1 move leafstorm\n>p2 move icefang\n>p2 switch 3\n>p1 move leafblade\n>p2 move protect\n>p1 move suckerpunch\n>p2 move facade\n>p1 switch 4\n>p1 move machpunch\n>p2 move facade\n>chat \u2606FiniFiniLove|\u8bf6\n>chat \u2606FiniFiniLove|\u6211\u5fd8\u4e86\u7334\u5b50\u8fd8\u6709\u8fd9\u62db\n>p2 switch 6\n>p1 switch 6\n>p2 move toxic\n>p1 move bugbuzz\n>p2 move taunt\n>p2 switch 2\n>p1 move stunspore\n>p2 move roost\n>p1 move bugbuzz\n>p2 move roost\n>p1 move bugbuzz\n>p2 move roost\n>p1 switch 5\n>p1 move return\n>p2 move roost\n>p1 move return\n>p2 move roost\n>p1 move return\n>p2 move roost\n>p1 move return\n>p2 move roost\n>p1 move return\n>p2 move roost\n>chat \u2606swordsman.n|\u5047\u7684\u9ebb\u75f9\n>p1 switch 6\n>p1 move swordsdance\n>p2 move earthquake\n>chat \u2606swordsman.n|\u54e6\uff0c\u5728\u8fd9\u7b49\u7740\u5462\n>chat \u2606FiniFiniLove|\u8349\n>p1 move closecombat\n>p2 move earthquake","uploadtime":1637488857,"views":10,"p1id":"swordsmann","p2id":"finifinilove","formatid":"gen4randombattle","rating":0,"private":0,"password":null}