{"id":"dawn-gen8nationaldexfieldsag-143309","p1":"Viperio","p2":"misplayin","format":"gen8nationaldexfieldsag","log":"|j|\u2606Viperio\n|j|\u2606misplayin\n|t:|1663796030\n|gametype|singles\n|player|p1|Viperio|266|\n|player|p2|misplayin|bugsy|\n|teamsize|p1|6\n|teamsize|p2|6\n|gen|8\n|tier|[Gen 8] National Dex Fields AG\n|raw|<center><divstyle=\"background: url(&quot;https:\/\/www.sirvisual.com\/Attachment\/100\/5860_32763_100-706%20Principale.jpg&quot;);background-size: cover;border: double 1px #000000 ;color: black ;padding: 4px 0px;border-radius: 12px 12px;z-index=-1;\"><button name=\"send\" style=\"height:35px;width:195px\" value=\"\/setfield junglefield\">Jungle Field (Bug)<\/button><button name=\"send\" style=\"height:35px;width:195px\" value=\"\/setfield eclipsefield\">Eclipse Field (Dark)<\/button><button name=\"send\" style=\"height:35px;width:195px\" value=\"\/setfield dragonsden\">Dragon's Den (Dragon)<\/button><button name=\"send\" style=\"height:35px;width:195px\" value=\"\/setfield thunderstormfield\">Thunder-Storm Field (Electric)<\/button><button name=\"send\" style=\"height:35px;width:195px\" value=\"\/setfield starlightarena\">Starlight Arena (Fairy)<\/button><button name=\"send\" style=\"height:35px;width:195px\" value=\"\/setfield ringarena\">Ring Arena (Fighting)<\/button><button name=\"send\" style=\"height:35px;width:195px\" value=\"\/setfield volcanictop\">Volcanic Top (Fire)<\/button><button name=\"send\" style=\"height:35px;width:195px\" value=\"\/setfield skyfield\">Sky Field (Flying)<\/button><button name=\"send\" style=\"height:35px;width:195px\" value=\"\/setfield hauntedgraveyard\">Haunted Graveyard (Ghost)<\/button><button name=\"send\" style=\"height:35px;width:195px\" value=\"\/setfield flowergarden\">Flower Garden (Grass)<\/button><button name=\"send\" style=\"height:35px;width:195px\" value=\"\/setfield desertfield\">Desert Field (Ground)<\/button><button name=\"send\" style=\"height:35px;width:195px\" value=\"\/setfield snowypeaks\">Snowy Peaks (Ice)<\/button><button name=\"send\" style=\"height:35px;width:195px\" value=\"\/setfield blessedsanctum\">Blessed Sanctum (Normal)<\/button><button name=\"send\" style=\"height:35px;width:195px\" value=\"\/setfield acidicwasteland\">Acidic Wasteland (Poison)<\/button><button name=\"send\" style=\"height:35px;width:195px\" value=\"\/setfield ancientruins\">Ancient Ruins (Psychic)<\/button><button name=\"send\" style=\"height:35px;width:195px\" value=\"\/setfield cave\">Cave (Rock)<\/button><button name=\"send\" style=\"height:35px;width:195px\" value=\"\/setfield factoryfield\">Factory Field (Steel)<\/button><button name=\"send\" style=\"height:35px;width:195px\" value=\"\/setfield waterssurface\">Water's Surface (Water)<\/button><button name=\"send\" style=\"height:35px;width:195px\" value=\"\/setfield underwater\">Underwater (Water)<\/button><button name=\"send\" style=\"height:35px;width:195px\" value=\"\/setfield rainbowfield\">Rainbow Field (Eevee)<\/button><button name=\"send\" style=\"height:35px;width:195px\" value=\"\/setfield bewitchedwoods\">Bewitched Woods<\/button><button name=\"send\" style=\"height:35px;width:195px\" value=\"\/setfield ashenbeach\">Ashen Beach<\/button><button name=\"send\" style=\"height:35px;width:195px\" value=\"\/setfield mountainfield\">Mountain Field<\/button><button name=\"send\" style=\"height:35px;width:195px\" value=\"\/setfield corrosivemist\">Corrosive Mist<\/button><button name=\"send\" style=\"height:35px;width:195px\" value=\"\/setfield hivework\">Hivework<\/button><button name=\"send\" style=\"height:35px;width:195px\" value=\"\/setfield forgottenbattlefield\">Forgotten Battlefield<\/button><button name=\"send\" style=\"height:35px;width:195px\" value=\"\/setfield inverse\">Inverse Field<\/button><button name=\"send\" style=\"height:35px;width:195px\" value=\"\/setfield fable\">Fable<\/button><button name=\"send\" style=\"height:35px;width:195px\" value=\"\/setfield none\">None (removes the field)<\/button><button name=\"send\" style=\"height:35px;width:195px\" value=\"\/setfield random\">LOCK FIELDS (Random)<\/button><\/div><\/center>\n|rule|HP Percentage Mod: HP is shown in percentages\n|rule|Endless Battle Clause: Forcing endless battles is banned\n|clearpoke\n|poke|p1|Landorus, M|\n|poke|p1|Tapu Koko|\n|poke|p1|Manaphy|\n|poke|p1|Bronzong|\n|poke|p1|Venusaur, F|\n|poke|p1|Aurorus, M|\n|poke|p2|Charizard, F|\n|poke|p2|Darmanitan-Galar, F|\n|poke|p2|Slowking, M|\n|poke|p2|Amoonguss, M|\n|poke|p2|Dragonite, M|\n|poke|p2|Rotom-Heat|\n|teampreview\n|inactive|Battle timer is ON: inactive players will automatically lose when time's up. (requested by misplayin)\n|c|\u2606Viperio|gl hf\n|-fieldstart|move: Underwater\n|-message|Blub blub...\n|c|\u2606misplayin|u2 friend \n|inactive|misplayin has 270 seconds left.\n|-fieldend|move: Underwater\n|-fieldstart|move: Underwater\n|-message|Blub blub...\n|\n|t:|1663796106\n|start\n|switch|p1a: Volta|Tapu Koko|100\/100\n|switch|p2a: Snowbunny Crisis|Darmanitan-Galar, F|100\/100\n|-enditem|p1a: Volta|Prism Scale\n|move|p1a: Volta|Soak2|p1a: Volta|[from][Gen 8] National Dex Fields AG\n|-start|p1a: Volta|typechange|Water\n|-boost|p1a: Volta|spe|1\n|-fieldstart|move: Electric Terrain|[from] ability: Electric Surge|[of] p1a: Volta\n|turn|1\n|\n|t:|1663796123\n|switch|p2a: Amoonguss|Amoonguss, M|100\/100\n|move|p1a: Volta|Calm Mind|p1a: Volta\n|-boost|p1a: Volta|spa|1\n|-boost|p1a: Volta|spd|1\n|\n|upkeep\n|turn|2\n|\n|t:|1663796127\n|move|p1a: Volta|Calm Mind|p1a: Volta\n|-boost|p1a: Volta|spa|1\n|-boost|p1a: Volta|spd|1\n|move|p2a: Amoonguss|Clear Smog|p1a: Volta\n|-damage|p1a: Volta|89\/100\n|-clearboost|p1a: Volta\n|\n|upkeep\n|turn|3\n|\n|t:|1663796133\n|move|p1a: Volta|Calm Mind|p1a: Volta\n|-boost|p1a: Volta|spa|1\n|-boost|p1a: Volta|spd|1\n|move|p2a: Amoonguss|Giga Drain|p1a: Volta\n|-supereffective|p1a: Volta\n|-damage|p1a: Volta|50\/100\n|\n|upkeep\n|turn|4\n|\n|t:|1663796143\n|move|p1a: Volta|Stored Power|p2a: Amoonguss\n|-supereffective|p2a: Amoonguss\n|-damage|p2a: Amoonguss|67\/100\n|move|p2a: Amoonguss|Clear Smog|p1a: Volta\n|-damage|p1a: Volta|36\/100\n|-clearboost|p1a: Volta\n|\n|-heal|p2a: Amoonguss|73\/100|[from] item: Black Sludge\n|upkeep\n|turn|5\n|\n|t:|1663796148\n|move|p1a: Volta|Roost|p1a: Volta\n|-heal|p1a: Volta|86\/100\n|-singleturn|p1a: Volta|move: Roost\n|move|p2a: Amoonguss|Giga Drain|p1a: Volta\n|-supereffective|p1a: Volta\n|-damage|p1a: Volta|17\/100\n|-heal|p2a: Amoonguss|98\/100|[from] drain|[of] p1a: Volta\n|\n|-heal|p2a: Amoonguss|100\/100|[from] item: Black Sludge\n|-fieldend|move: Electric Terrain\n|upkeep\n|turn|6\n|\n|t:|1663796159\n|switch|p1a: Flora|Venusaur, F|100\/100\n|move|p2a: Amoonguss|Spore|p1a: Flora\n|-immune|p1a: Flora\n|\n|upkeep\n|turn|7\n|\n|t:|1663796170\n|switch|p2a: Fahrenheit|Rotom-Heat|100\/100\n|detailschange|p1a: Flora|Venusaur-Mega, F\n|-mega|p1a: Flora|Venusaur|Venusaurite\n|move|p1a: Flora|Nature Power|p2a: Fahrenheit\n|move|p1a: Flora|Dive||[from]move: Nature Power|[still]\n|-message|The attack rode the current!\n|-anim|p1a: Flora|Dive|p2a: Fahrenheit\n|-supereffective|p2a: Fahrenheit\n|-damage|p2a: Fahrenheit|64\/100\n|\n|-heal|p2a: Fahrenheit|70\/100|[from] item: Leftovers\n|upkeep\n|turn|8\n|\n|t:|1663796181\n|move|p2a: Fahrenheit|Thunder Wave|p1a: Flora\n|-status|p1a: Flora|par\n|move|p1a: Flora|Knock Off|p2a: Fahrenheit\n|-damage|p2a: Fahrenheit|46\/100\n|-enditem|p2a: Fahrenheit|Leftovers|[from] move: Knock Off|[of] p1a: Flora\n|\n|upkeep\n|turn|9\n|\n|t:|1663796190\n|move|p2a: Fahrenheit|Volt Switch|p1a: Flora\n|-resisted|p1a: Flora\n|-damage|p1a: Flora|90\/100 par\n|\n|t:|1663796192\n|switch|p2a: Fake mandibuzz|Dragonite, M|100\/100|[from]move: Volt Switch\n|move|p1a: Flora|Nature Power|p2a: Fake mandibuzz\n|move|p1a: Flora|Dive||[from]move: Nature Power|[still]\n|-message|The attack rode the current!\n|-anim|p1a: Flora|Dive|p2a: Fake mandibuzz\n|-resisted|p2a: Fake mandibuzz\n|-crit|p2a: Fake mandibuzz\n|-damage|p2a: Fake mandibuzz|95\/100\n|\n|upkeep\n|turn|10\n|\n|t:|1663796200\n|switch|p2a: Snowbunny Crisis|Darmanitan-Galar, F|100\/100\n|cant|p1a: Flora|par\n|\n|upkeep\n|turn|11\n|\n|t:|1663796208\n|move|p2a: Snowbunny Crisis|U-turn|p1a: Flora\n|-damage|p1a: Flora|63\/100 par\n|\n|t:|1663796211\n|switch|p2a: Fake mandibuzz|Dragonite, M|95\/100|[from]move: U-turn\n|move|p1a: Flora|Sludge Bomb|p2a: Fake mandibuzz\n|-damage|p2a: Fake mandibuzz|67\/100\n|\n|upkeep\n|turn|12\n|\n|t:|1663796216\n|switch|p1a: Saki|Bronzong|100\/100\n|move|p2a: Fake mandibuzz|Dual Wingbeat|p1a: Saki\n|-resisted|p1a: Saki\n|-damage|p1a: Saki|94\/100\n|-resisted|p1a: Saki\n|-damage|p1a: Saki|88\/100\n|-hitcount|p1a: Saki|2\n|\n|-heal|p1a: Saki|94\/100|[from] item: Leftovers\n|upkeep\n|turn|13\n|\n|t:|1663796224\n|switch|p2a: Redeyes Blackdrag|Charizard, F, shiny|100\/100\n|move|p1a: Saki|Stealth Rock|p2a: Redeyes Blackdrag\n|-sidestart|p2: misplayin|move: Stealth Rock\n|\n|-heal|p1a: Saki|100\/100|[from] item: Leftovers\n|upkeep\n|turn|14\n|inactive|Viperio has 270 seconds left.\n|\n|t:|1663796257\n|switch|p1a: Valarie|Manaphy|100\/100\n|detailschange|p2a: Redeyes Blackdrag|Charizard-Mega-Y, F, shiny\n|-mega|p2a: Redeyes Blackdrag|Charizard|Charizardite Y\n|-message|The deep water blocks out the sun.\n|move|p2a: Redeyes Blackdrag|Weather Ball|p1a: Valarie\n|-damage|p1a: Valarie|80\/100\n|\n|upkeep\n|turn|15\n|inactive|Viperio has 270 seconds left.\n|\n|t:|1663796282\n|switch|p2a: Group leader|Slowking, M|100\/100\n|-damage|p2a: Group leader|88\/100|[from] Stealth Rock\n|move|p1a: Valarie|Tail Glow|p1a: Valarie\n|-boost|p1a: Valarie|spa|3\n|\n|-heal|p2a: Group leader|94\/100|[from] item: Leftovers\n|upkeep\n|turn|16\n|\n|t:|1663796288\n|move|p1a: Valarie|Energy Ball|p2a: Group leader\n|-supereffective|p2a: Group leader\n|-damage|p2a: Group leader|2\/100\n|move|p2a: Group leader|Future Sight|p1a: Valarie\n|-start|p2a: Group leader|move: Future Sight\n|\n|-heal|p2a: Group leader|8\/100|[from] item: Leftovers\n|upkeep\n|turn|17\n|\n|t:|1663796298\n|switch|p2a: Fahrenheit|Rotom-Heat|46\/100\n|-damage|p2a: Fahrenheit|21\/100|[from] Stealth Rock\n|move|p1a: Valarie|Energy Ball|p2a: Fahrenheit\n|-resisted|p2a: Fahrenheit\n|-damage|p2a: Fahrenheit|0 fnt\n|faint|p2a: Fahrenheit\n|\n|upkeep\n|\n|t:|1663796314\n|switch|p2a: Snowbunny Crisis|Darmanitan-Galar, F|100\/100\n|-damage|p2a: Snowbunny Crisis|76\/100|[from] Stealth Rock\n|turn|18\n|inactive|Viperio has 270 seconds left.\n|\n|t:|1663796326\n|switch|p1a: Saki|Bronzong|100\/100\n|move|p2a: Snowbunny Crisis|U-turn|p1a: Saki\n|-damage|p1a: Saki|73\/100\n|\n|t:|1663796331\n|switch|p2a: Fake mandibuzz|Dragonite, M|67\/100|[from]move: U-turn\n|\n|-end|p1a: Saki|move: Future Sight\n|-resisted|p1a: Saki\n|-damage|p1a: Saki|63\/100\n|-heal|p1a: Saki|69\/100|[from] item: Leftovers\n|upkeep\n|turn|19\n|\n|t:|1663796335\n|move|p2a: Fake mandibuzz|Roost|p2a: Fake mandibuzz\n|-heal|p2a: Fake mandibuzz|100\/100\n|-singleturn|p2a: Fake mandibuzz|move: Roost\n|move|p1a: Saki|Rock Slide|p2a: Fake mandibuzz\n|-damage|p2a: Fake mandibuzz|95\/100\n|\n|-heal|p1a: Saki|76\/100|[from] item: Leftovers\n|upkeep\n|turn|20\n|\n|t:|1663796339\n|move|p2a: Fake mandibuzz|Defog|p1a: Saki\n|-unboost|p1a: Saki|evasion|1\n|-sideend|p2: misplayin|Stealth Rock|[from] move: Defog|[of] p2a: Fake mandibuzz\n|move|p1a: Saki|Toxic|p2a: Fake mandibuzz\n|-status|p2a: Fake mandibuzz|tox\n|\n|-heal|p1a: Saki|82\/100|[from] item: Leftovers\n|-damage|p2a: Fake mandibuzz|88\/100 tox|[from] psn\n|upkeep\n|turn|21\n|\n|t:|1663796345\n|switch|p2a: Amoonguss|Amoonguss, M|100\/100\n|move|p1a: Saki|Stealth Rock|p2a: Amoonguss\n|-sidestart|p2: misplayin|move: Stealth Rock\n|\n|-heal|p1a: Saki|88\/100|[from] item: Leftovers\n|upkeep\n|turn|22\n|\n|t:|1663796349\n|switch|p2a: Fake mandibuzz|Dragonite, M|88\/100 tox\n|switch|p1a: Volta|Tapu Koko|17\/100\n|-fieldstart|move: Electric Terrain|[from] ability: Electric Surge|[of] p1a: Volta\n|\n|-damage|p2a: Fake mandibuzz|82\/100 tox|[from] psn\n|upkeep\n|turn|23\n|\n|t:|1663796364\n|switch|p1a: Saki|Bronzong|88\/100\n|move|p2a: Fake mandibuzz|Defog|p1a: Saki\n|-unboost|p1a: Saki|evasion|1\n|-sideend|p2: misplayin|Stealth Rock|[from] move: Defog|[of] p2a: Fake mandibuzz\n|-fieldend|move: Electric Terrain\n|\n|-heal|p1a: Saki|94\/100|[from] item: Leftovers\n|-damage|p2a: Fake mandibuzz|70\/100 tox|[from] psn\n|upkeep\n|turn|24\n|\n|t:|1663796369\n|switch|p2a: Redeyes Blackdrag|Charizard-Mega-Y, F, shiny|100\/100\n|-message|The deep water blocks out the sun.\n|move|p1a: Saki|Stealth Rock|p2a: Redeyes Blackdrag\n|-sidestart|p2: misplayin|move: Stealth Rock\n|\n|-heal|p1a: Saki|100\/100|[from] item: Leftovers\n|upkeep\n|turn|25\n|\n|t:|1663796373\n|move|p2a: Redeyes Blackdrag|Flamethrower|p1a: Saki\n|-supereffective|p1a: Saki\n|-damage|p1a: Saki|0 fnt\n|faint|p1a: Saki\n|\n|upkeep\n|\n|t:|1663796382\n|switch|p1a: Valarie|Manaphy|80\/100\n|turn|26\n|\n|t:|1663796389\n|move|p1a: Valarie|Surf|p2a: Redeyes Blackdrag\n|-supereffective|p2a: Redeyes Blackdrag\n|-damage|p2a: Redeyes Blackdrag|6\/100\n|move|p2a: Redeyes Blackdrag|Focus Blast|p1a: Valarie|[miss]\n|-miss|p2a: Redeyes Blackdrag|p1a: Valarie\n|\n|upkeep\n|turn|27\n|\n|t:|1663796418\n|move|p1a: Valarie|Ice Beam|p2a: Redeyes Blackdrag\n|-damage|p2a: Redeyes Blackdrag|0 fnt\n|faint|p2a: Redeyes Blackdrag\n|\n|upkeep\n|\n|t:|1663796427\n|switch|p2a: Snowbunny Crisis|Darmanitan-Galar, F|76\/100\n|-damage|p2a: Snowbunny Crisis|51\/100|[from] Stealth Rock\n|turn|28\n|j| Kalib_32\n|\n|t:|1663796441\n|switch|p1a: Ryland|Landorus, M|100\/100\n|move|p2a: Snowbunny Crisis|U-turn|p1a: Ryland\n|-resisted|p1a: Ryland\n|-damage|p1a: Ryland|75\/100\n|\n|t:|1663796446\n|switch|p2a: Fake mandibuzz|Dragonite, M|70\/100 tox|[from]move: U-turn\n|\n|-damage|p2a: Fake mandibuzz|63\/100 tox|[from] psn\n|upkeep\n|turn|29\n|\n|t:|1663796456\n|move|p1a: Ryland|Calm Mind|p1a: Ryland\n|-boost|p1a: Ryland|spa|1\n|-boost|p1a: Ryland|spd|1\n|move|p2a: Fake mandibuzz|Defog|p1a: Ryland\n|-unboost|p1a: Ryland|evasion|1\n|-sideend|p2: misplayin|Stealth Rock|[from] move: Defog|[of] p2a: Fake mandibuzz\n|\n|-damage|p2a: Fake mandibuzz|51\/100 tox|[from] psn\n|upkeep\n|turn|30\n|\n|t:|1663796462\n|move|p1a: Ryland|Rock Polish|p1a: Ryland\n|-boost|p1a: Ryland|spe|2\n|move|p2a: Fake mandibuzz|Toxic|p1a: Ryland\n|-status|p1a: Ryland|tox\n|\n|-damage|p1a: Ryland|69\/100 tox|[from] psn\n|-damage|p2a: Fake mandibuzz|32\/100 tox|[from] psn\n|upkeep\n|turn|31\n|\n|t:|1663796467\n|move|p1a: Ryland|Sludge Wave|p2a: Fake mandibuzz\n|-damage|p2a: Fake mandibuzz|0 fnt\n|faint|p2a: Fake mandibuzz\n|\n|-damage|p1a: Ryland|56\/100 tox|[from] psn\n|upkeep\n|\n|t:|1663796473\n|switch|p2a: Group leader|Slowking, M|42\/100\n|turn|32\n|\n|t:|1663796480\n|switch|p2a: Amoonguss|Amoonguss, M|100\/100\n|move|p1a: Ryland|Sludge Wave|p2a: Amoonguss\n|-damage|p2a: Amoonguss|30\/100\n|\n|-heal|p2a: Amoonguss|37\/100|[from] item: Black Sludge\n|-damage|p1a: Ryland|38\/100 tox|[from] psn\n|upkeep\n|turn|33\n|\n|t:|1663796485\n|switch|p2a: Group leader|Slowking, M|75\/100\n|move|p1a: Ryland|Sludge Wave|p2a: Group leader\n|-damage|p2a: Group leader|8\/100\n|\n|-heal|p2a: Group leader|14\/100|[from] item: Leftovers\n|-damage|p1a: Ryland|13\/100 tox|[from] psn\n|upkeep\n|turn|34\n|\n|t:|1663796493\n|move|p1a: Ryland|Sludge Wave|p2a: Group leader\n|-damage|p2a: Group leader|0 fnt\n|faint|p2a: Group leader\n|\n|-damage|p1a: Ryland|0 fnt|[from] psn\n|faint|p1a: Ryland\n|upkeep\n|\n|t:|1663796501\n|switch|p1a: Anju|Aurorus, M|100\/100\n|switch|p2a: Snowbunny Crisis|Darmanitan-Galar, F|51\/100\n|turn|35\n|\n|t:|1663796521\n|move|p1a: Anju|Endure|p1a: Anju\n|-singleturn|p1a: Anju|move: Endure\n|move|p2a: Snowbunny Crisis|Iron Head|p1a: Anju\n|-supereffective|p1a: Anju\n|-activate|p1a: Anju|move: Endure\n|-damage|p1a: Anju|1\/100\n|\n|upkeep\n|turn|36\n|-enditem|p1a: Anju|Custap Berry|[eat]\n|-activate|p1a: Anju|item: Custap Berry|[consumed]\n|\n|t:|1663796532\n|switch|p2a: Amoonguss|Amoonguss, M|70\/100\n|move|p1a: Anju|Ancient Power|p2a: Amoonguss\n|-damage|p2a: Amoonguss|53\/100\n|\n|-heal|p2a: Amoonguss|59\/100|[from] item: Black Sludge\n|upkeep\n|turn|37\n|\n|t:|1663796538\n|switch|p2a: Snowbunny Crisis|Darmanitan-Galar, F|51\/100\n|move|p1a: Anju|Hyper Voice|p2a: Snowbunny Crisis\n|-resisted|p2a: Snowbunny Crisis\n|-damage|p2a: Snowbunny Crisis|9\/100\n|\n|upkeep\n|turn|38\n|\n|t:|1663796548\n|switch|p1a: Flora|Venusaur-Mega, F|63\/100 par\n|move|p2a: Snowbunny Crisis|Earthquake|p1a: Flora\n|-damage|p1a: Flora|24\/100 par\n|\n|upkeep\n|turn|39\n|\n|t:|1663796555\n|move|p2a: Snowbunny Crisis|Earthquake|p1a: Flora\n|-damage|p1a: Flora|0 fnt\n|faint|p1a: Flora\n|\n|upkeep\n|\n|t:|1663796556\n|switch|p1a: Valarie|Manaphy|80\/100\n|turn|40\n|\n|t:|1663796568\n|switch|p2a: Amoonguss|Amoonguss, M|92\/100\n|switch|p1a: Anju|Aurorus, M|1\/100\n|\n|-heal|p2a: Amoonguss|98\/100|[from] item: Black Sludge\n|upkeep\n|turn|41\n|\n|t:|1663796571\n|move|p1a: Anju|Hyper Voice|p2a: Amoonguss\n|-supereffective|p2a: Amoonguss\n|-damage|p2a: Amoonguss|29\/100\n|move|p2a: Amoonguss|Giga Drain|p1a: Anju\n|-supereffective|p1a: Anju\n|-damage|p1a: Anju|0 fnt\n|-heal|p2a: Amoonguss|29\/100|[from] drain|[of] p1a: Anju\n|faint|p1a: Anju\n|\n|-heal|p2a: Amoonguss|35\/100|[from] item: Black Sludge\n|upkeep\n|\n|t:|1663796578\n|switch|p1a: Volta|Tapu Koko|17\/100\n|-fieldstart|move: Electric Terrain|[from] ability: Electric Surge|[of] p1a: Volta\n|turn|42\n|\n|t:|1663796582\n|move|p1a: Volta|Roost|p1a: Volta\n|-heal|p1a: Volta|67\/100\n|-singleturn|p1a: Volta|move: Roost\n|move|p2a: Amoonguss|Giga Drain|p1a: Volta\n|-damage|p1a: Volta|35\/100\n|-heal|p2a: Amoonguss|47\/100|[from] drain|[of] p1a: Volta\n|\n|-heal|p2a: Amoonguss|53\/100|[from] item: Black Sludge\n|upkeep\n|turn|43\n|\n|t:|1663796590\n|move|p1a: Volta|Discharge|p2a: Amoonguss\n|-message|The water super-conducted the attack!\n|-resisted|p2a: Amoonguss\n|-damage|p2a: Amoonguss|32\/100\n|move|p2a: Amoonguss|Giga Drain|p1a: Volta\n|-damage|p1a: Volta|3\/100\n|-heal|p2a: Amoonguss|44\/100|[from] drain|[of] p1a: Volta\n|\n|-heal|p2a: Amoonguss|50\/100|[from] item: Black Sludge\n|upkeep\n|turn|44\n|\n|t:|1663796593\n|move|p1a: Volta|Roost|p1a: Volta\n|-heal|p1a: Volta|53\/100\n|-singleturn|p1a: Volta|move: Roost\n|move|p2a: Amoonguss|Giga Drain|p1a: Volta\n|-damage|p1a: Volta|23\/100\n|-heal|p2a: Amoonguss|61\/100|[from] drain|[of] p1a: Volta\n|\n|-heal|p2a: Amoonguss|67\/100|[from] item: Black Sludge\n|upkeep\n|turn|45\n|\n|t:|1663796596\n|move|p1a: Volta|Roost|p1a: Volta\n|-heal|p1a: Volta|73\/100\n|-singleturn|p1a: Volta|move: Roost\n|move|p2a: Amoonguss|Giga Drain|p1a: Volta\n|-damage|p1a: Volta|41\/100\n|-heal|p2a: Amoonguss|78\/100|[from] drain|[of] p1a: Volta\n|\n|-heal|p2a: Amoonguss|85\/100|[from] item: Black Sludge\n|upkeep\n|turn|46\n|\n|t:|1663796603\n|move|p1a: Volta|Calm Mind|p1a: Volta\n|-boost|p1a: Volta|spa|1\n|-boost|p1a: Volta|spd|1\n|move|p2a: Amoonguss|Giga Drain|p1a: Volta\n|-damage|p1a: Volta|22\/100\n|-heal|p2a: Amoonguss|91\/100|[from] drain|[of] p1a: Volta\n|\n|-heal|p2a: Amoonguss|98\/100|[from] item: Black Sludge\n|-fieldend|move: Electric Terrain\n|upkeep\n|turn|47\n|\n|t:|1663796607\n|move|p1a: Volta|Stored Power|p2a: Amoonguss\n|-supereffective|p2a: Amoonguss\n|-damage|p2a: Amoonguss|65\/100\n|move|p2a: Amoonguss|Spore|p1a: Volta\n|-status|p1a: Volta|slp|[from] move: Spore\n|\n|-heal|p2a: Amoonguss|71\/100|[from] item: Black Sludge\n|upkeep\n|turn|48\n|\n|t:|1663796610\n|cant|p1a: Volta|slp\n|move|p2a: Amoonguss|Clear Smog|p1a: Volta\n|-supereffective|p1a: Volta\n|-damage|p1a: Volta|0 fnt\n|-clearboost|p1a: Volta\n|faint|p1a: Volta\n|\n|-heal|p2a: Amoonguss|77\/100|[from] item: Black Sludge\n|upkeep\n|\n|t:|1663796612\n|switch|p1a: Valarie|Manaphy|80\/100\n|turn|49\n|\n|t:|1663796615\n|move|p1a: Valarie|Tail Glow|p1a: Valarie\n|-boost|p1a: Valarie|spa|3\n|move|p2a: Amoonguss|Spore|p1a: Valarie\n|-status|p1a: Valarie|slp|[from] move: Spore\n|\n|-heal|p2a: Amoonguss|84\/100|[from] item: Black Sludge\n|upkeep\n|turn|50\n|\n|t:|1663796618\n|cant|p1a: Valarie|slp\n|move|p2a: Amoonguss|Giga Drain|p1a: Valarie\n|-supereffective|p1a: Valarie\n|-damage|p1a: Valarie|38\/100 slp\n|-heal|p2a: Amoonguss|100\/100|[from] drain|[of] p1a: Valarie\n|\n|upkeep\n|turn|51\n|\n|t:|1663796620\n|cant|p1a: Valarie|slp\n|move|p2a: Amoonguss|Giga Drain|p1a: Valarie\n|-supereffective|p1a: Valarie\n|-damage|p1a: Valarie|0 fnt\n|faint|p1a: Valarie\n|\n|win|misplayin\n|c|\u2606Viperio|gg\n|c|\u2606misplayin|gg\n|l| Kalib_32\n|l|\u2606Viperio\n","uploadtime":1663796702,"views":24,"p1id":"viperio","p2id":"misplayin","formatid":"gen8nationaldexfieldsag","rating":0,"private":0,"password":null}