{"id":"doublesou-329287380","p1":"AHackerRiolu","p2":"HauntersNightmare","format":"doublesou","log":"|j|AHackerRiolu\n|j|HauntersNightmare\n|player|p1|AHackerRiolu|120\n|player|p2|HauntersNightmare|153\n|gametype|doubles\n|gen|6\n|tier|Doubles OU\n|rated\n|seed|60056,9266,45368,828\n|clearpoke\n|poke|p1|Keldeo-Resolute\n|poke|p1|Tornadus-Therian, M\n|poke|p1|Kangaskhan, F\n|poke|p1|Jirachi\n|poke|p1|Greninja, F, shiny\n|poke|p1|Alakazam, F\n|poke|p2|Charizard, M\n|poke|p2|Aegislash, F, shiny\n|poke|p2|Venusaur, M\n|poke|p2|Landorus-Therian, M\n|poke|p2|Cresselia, F\n|poke|p2|Keldeo\n|rule|Species Clause: Limit one of each Pok\u00e9mon\n|rule|OHKO Clause: OHKO moves are banned\n|rule|Moody Clause: Moody is banned\n|rule|Evasion Abilities Clause: Evasion abilities are banned\n|rule|Evasion Moves Clause: Evasion moves are banned\n|rule|Endless Battle Clause: Forcing endless battles is banned\n|rule|HP Percentage Mod: HP is shown in percentages\n|teampreview\n|c|\u2605AHackerRiolu|gl hf\n|c|\u2605HauntersNightmare|u2\n|choice|team 5|team 312456\n|\n|start\n|switch|p1a: Greninja|Greninja, F, shiny|285\/285\n|switch|p1b: Tornadus|Tornadus-Therian, M|299\/299\n|switch|p2a: Venusaur|Venusaur, M|341\/341\n|switch|p2b: Charizard|Charizard, M|359\/359\n|turn|1\n|choice|move 1 2, move 2 1|move 4,move 3 mega\n|\n|detailschange|p2b: Charizard|Charizard-Mega-Y, M\n|-mega|p2b: Charizard|Charizard|Charizardite Y\n|-weather|SunnyDay|[from] ability: Drought|[of] p2b: Charizard\n|move|p2b: Charizard|Protect|p2b: Charizard\n|-singleturn|p2b: Charizard|Protect\n|move|p2a: Venusaur|Protect|p2a: Venusaur\n|-singleturn|p2a: Venusaur|Protect\n|move|p1a: Greninja|Hydro Pump|p2b: Charizard\n|-start|p1a: Greninja|typechange|Water|[from] Protean\n|-activate|p2b: Charizard|Protect\n|move|p1b: Tornadus|Hurricane|p2a: Venusaur\n|-activate|p2a: Venusaur|Protect\n|\n|-weather|SunnyDay|[upkeep]\n|turn|2\n|choice|move 1 2, move 4|move 3 2,move 1\n|\n|move|p2a: Venusaur|Sleep Powder|p1b: Tornadus\n|-status|p1b: Tornadus|slp\n|move|p1a: Greninja|Hydro Pump|p2b: Charizard\n|-supereffective|p2b: Charizard\n|-damage|p2b: Charizard|172\/359\n|-damage|p1a: Greninja|257\/285|[from] item: Life Orb\n|cant|p1b: Tornadus|slp\n|move|p2b: Charizard|Heat Wave|p1a: Greninja\n|-resisted|p1a: Greninja\n|-damage|p1a: Greninja|114\/285\n|-damage|p1b: Tornadus|79\/299 slp\n|\n|-weather|SunnyDay|[upkeep]\n|turn|3\n|choice|move 1 2, move 4|move 1 1,move 1\n|\n|move|p2a: Venusaur|Giga Drain|p1a: Greninja\n|-supereffective|p1a: Greninja\n|-damage|p1a: Greninja|0 fnt\n|-damage|p2a: Venusaur|307\/341|[from] item: Life Orb\n|faint|p1a: Greninja\n|cant|p1b: Tornadus|slp\n|move|p2b: Charizard|Heat Wave|p1b: Tornadus\n|-damage|p1b: Tornadus|0 fnt\n|faint|p1b: Tornadus\n|\n|-weather|SunnyDay|[upkeep]\n|choice|switch 6, switch 5|\n|\n|switch|p1a: Alakazam|Alakazam, F|251\/251\n|switch|p1b: Keldeo|Keldeo-Resolute|323\/323\n|turn|4\n|choice|move 2 1, move 1 2|move 3 1,switch 5\n|\n|switch|p2b: Cresselia|Cresselia, F|443\/443\n|move|p2a: Venusaur|Sleep Powder|p1a: Alakazam\n|-status|p1a: Alakazam|slp\n|cant|p1a: Alakazam|slp\n|move|p1b: Keldeo|Hydro Pump|p2b: Cresselia\n|-damage|p2b: Cresselia|349\/443\n|-damage|p1b: Keldeo|291\/323|[from] item: Life Orb\n|\n|-weather|SunnyDay|[upkeep]\n|turn|5\n|choice|move 2 1, move 1 2|move 1 2,move 1\n|\n|move|p2a: Venusaur|Giga Drain|p1b: Keldeo\n|-supereffective|p1b: Keldeo\n|-damage|p1b: Keldeo|0 fnt\n|-heal|p2a: Venusaur|341\/341|[from] drain|[of] p1b: Keldeo\n|-damage|p2a: Venusaur|307\/341|[from] item: Life Orb\n|faint|p1b: Keldeo\n|cant|p1a: Alakazam|slp\n|move|p2b: Cresselia|Trick Room|p2b: Cresselia\n|-fieldstart|move: Trick Room|[of] p2b: Cresselia\n|\n|-weather|none\n|choice|pass, switch 4|\n|\n|switch|p1b: Jirachi|Jirachi|341\/341\n|turn|6\n|choice|move 2 1, move 2 1|move 3 2,move 2\n|\n|move|p2b: Cresselia|Lunar Dance|p2b: Cresselia\n|faint|p2b: Cresselia\n|move|p2a: Venusaur|Sleep Powder|p1b: Jirachi|[miss]\n|-miss|p2a: Venusaur|p1b: Jirachi\n|-curestatus|p1a: Alakazam|slp\n|move|p1a: Alakazam|Psychic|p2a: Venusaur\n|-supereffective|p2a: Venusaur\n|-damage|p2a: Venusaur|0 fnt\n|faint|p2a: Venusaur\n|move|p1b: Jirachi|Zen Headbutt|p2: Cresselia|[notarget]\n|-notarget\n|\n|choice||switch 3,switch 5\n|\n|switch|p2b: Charizard|Charizard-Mega-Y, M|172\/359\n|switch|p2a: Aegislash|Aegislash, F, shiny|324\/324\n|-heal|p2b: Charizard|359\/359|[from] move: Lunar Dance\n|-weather|SunnyDay|[from] ability: Drought|[of] p2b: Charizard\n|turn|7\n|choice|move 2 2, move 2 2|move 1 2,move 1\n|\n|-formechange|p2a: Aegislash|Aegislash-Blade|[from] ability: Stance Change\n|move|p2a: Aegislash|Shadow Ball|p1b: Jirachi\n|-supereffective|p1b: Jirachi\n|-damage|p1b: Jirachi|0 fnt\n|faint|p1b: Jirachi\n|move|p2b: Charizard|Heat Wave|p1: Jirachi\n|-crit|p1a: Alakazam\n|-damage|p1a: Alakazam|0 fnt\n|faint|p1a: Alakazam\n|\n|-weather|SunnyDay|[upkeep]\n|choice|pass, switch 3|\n|\n|switch|p1b: Kangaskhan|Kangaskhan, F|351\/351\n|turn|8\n|choice|pass, move 2 mega 1|move 2 2,move 4 2\n|\n|detailschange|p1b: Kangaskhan|Kangaskhan-Mega, F\n|-mega|p1b: Kangaskhan|Kangaskhan|Kangaskhanite\n|move|p2a: Aegislash|Flash Cannon|p1b: Kangaskhan\n|-crit|p1b: Kangaskhan\n|-damage|p1b: Kangaskhan|89\/351\n|move|p2b: Charizard|Overheat|p1b: Kangaskhan\n|-damage|p1b: Kangaskhan|0 fnt\n|-unboost|p2b: Charizard|spa|2\n|faint|p1b: Kangaskhan\n|\n|win|HauntersNightmare\n|c|\u2605AHackerRiolu|gg\n|player|p1\n|player|p2\n|l|AHackerRiolu\n|raw|AHackerRiolu's rating: 1179 &rarr; <strong>1155<\/strong><br \/>(-24 for losing)\n|raw|HauntersNightmare's rating: 1182 &rarr; <strong>1207<\/strong><br \/>(+25 for winning)\n|c|\u2605HauntersNightmare|gg","inputlog":null,"uploadtime":1455156853,"views":0,"p1id":"ahackerriolu","p2id":"hauntersnightmare","formatid":"doublesou","rating":1155,"private":0,"password":null}