{"id":"gen1randombattle-1675060771","p1":"LoSconosciuto","p2":"TarremBOO!","format":"gen1randombattle","log":"|j|\u2606LoSconosciuto\n|j|\u2606TarremBOO!\n|t:|1664639706\n|gametype|singles\n|player|p1|LoSconosciuto|#teamgapdos|\n|player|p2|TarremBOO!|#teamskymin|\n|teamsize|p1|6\n|teamsize|p2|6\n|gen|1\n|tier|[Gen 1] Random Battle\n|rule|Desync Clause Mod: Desyncs changed to move failure.\n|rule|Sleep Clause Mod: Limit one foe put to sleep\n|rule|Freeze Clause Mod: Limit one foe frozen\n|rule|Species Clause: Limit one of each Pok\u00e9mon\n|rule|OHKO Clause: OHKO moves are banned\n|rule|Evasion Moves Clause: Evasion moves are banned\n|rule|Endless Battle Clause: Forcing endless battles is banned\n|rule|HP Percentage Mod: HP is shown in percentages\n|\n|t:|1664639706\n|start\n|switch|p1a: Primeape|Primeape, L77|258\/258\n|switch|p2a: Flareon|Flareon, L77|258\/258\n|turn|1\n|inactive|Battle timer is ON: inactive players will automatically lose when time's up. (requested by LoSconosciuto)\n|c|\u2606TarremBOO!|hf\n|c|\u2606LoSconosciuto|hf\n|j| Comentine\n|inactive|LoSconosciuto has 270 seconds left.\n|inactive|LoSconosciuto has 240 seconds left.\n|\n|t:|1664639776\n|switch|p2a: Gengar|Gengar, L68|222\/222\n|move|p1a: Primeape|Rock Slide|p2a: Gengar\n|-damage|p2a: Gengar|155\/222\n|\n|upkeep\n|turn|2\n|c|\u2606TarremBOO!|sorcery\n|\n|t:|1664639792\n|switch|p1a: Pidgey|Pidgey, L88|250\/250\n|move|p2a: Gengar|Hypnosis|p1a: Pidgey|[miss]\n|-miss|p2a: Gengar\n|\n|upkeep\n|turn|3\n|c|\u2606TarremBOO!|thanks pidgey\n|\n|t:|1664639802\n|switch|p1a: Dugtrio|Dugtrio, L74|204\/204\n|move|p2a: Gengar|Thunderbolt|p1a: Dugtrio\n|-immune|p1a: Dugtrio\n|\n|upkeep\n|turn|4\n|\n|t:|1664639808\n|switch|p2a: Lickitung|Lickitung, L77|297\/297\n|move|p1a: Dugtrio|Earthquake|p2a: Lickitung\n|-damage|p2a: Lickitung|206\/297\n|\n|upkeep\n|turn|5\n|c|\u2606LoSconosciuto|ok lickitung\n|c|\u2606LoSconosciuto|chill\n|\n|t:|1664639831\n|move|p1a: Dugtrio|Earthquake|p2a: Lickitung\n|-damage|p2a: Lickitung|124\/297\n|move|p2a: Lickitung|Body Slam|p1a: Dugtrio\n|-damage|p1a: Dugtrio|117\/204\n|-status|p1a: Dugtrio|par\n|\n|upkeep\n|turn|6\n|\n|t:|1664639842\n|switch|p1a: Primeape|Primeape, L77|258\/258\n|move|p2a: Lickitung|Hyper Beam|p1a: Primeape\n|-crit|p1a: Primeape\n|-damage|p1a: Primeape|0 fnt\n|faint|p1a: Primeape\n|c|\u2606TarremBOO!|well\n|c|\u2606LoSconosciuto|i said chill\n|c|\u2606TarremBOO!|it doesn't want to listen to you apparently\n|inactive|LoSconosciuto has 270 seconds left.\n|\n|t:|1664639861\n|switch|p1a: Rapidash|Rapidash, L77|258\/258\n|turn|7\n|\n|t:|1664639871\n|switch|p2a: Flareon|Flareon, L77|258\/258\n|move|p1a: Rapidash|Fire Blast|p2a: Flareon\n|-crit|p2a: Flareon\n|-resisted|p2a: Flareon\n|-damage|p2a: Flareon|171\/258\n|\n|upkeep\n|turn|8\n|\n|t:|1664639880\n|move|p1a: Rapidash|Body Slam|p2a: Flareon\n|-damage|p2a: Flareon|97\/258\n|move|p2a: Flareon|Body Slam|p1a: Rapidash\n|-damage|p1a: Rapidash|187\/258\n|\n|upkeep\n|turn|9\n|\n|t:|1664639889\n|move|p1a: Rapidash|Hyper Beam|p2a: Flareon\n|-damage|p2a: Flareon|0 fnt\n|faint|p2a: Flareon\n|\n|t:|1664639894\n|switch|p2a: Poliwhirl|Poliwhirl, L77|258\/258\n|turn|10\n|\n|t:|1664639900\n|switch|p1a: Chansey|Chansey, L68|481\/481\n|move|p2a: Poliwhirl|Counter|p1a: Chansey\n|-damage|p1a: Chansey|287\/481\n|\n|upkeep\n|turn|11\n|c|\u2606TarremBOO!|40\n|c|\u2606LoSconosciuto|not bad\n|c|\u2606TarremBOO!|pogwhirl\n|inactive|TarremBOO! has 270 seconds left.\n|\n|t:|1664639933\n|switch|p2a: Gengar|Gengar, L68|155\/222\n|move|p1a: Chansey|Thunder Wave|p2a: Gengar\n|-status|p2a: Gengar|par\n|\n|upkeep\n|turn|12\n|\n|t:|1664639942\n|switch|p1a: Dugtrio|Dugtrio, L74|117\/204 par\n|move|p2a: Gengar|Mega Drain|p1a: Dugtrio\n|-supereffective|p1a: Dugtrio\n|-damage|p1a: Dugtrio|49\/204 par\n|-heal|p2a: Gengar|189\/222 par|[from] drain|[of] p1a: Dugtrio\n|\n|upkeep\n|turn|13\n|\n|t:|1664639949\n|switch|p2a: Scyther|Scyther, L77|266\/266\n|move|p1a: Dugtrio|Earthquake|p2a: Scyther\n|-immune|p2a: Scyther\n|\n|upkeep\n|turn|14\n|\n|t:|1664639963\n|switch|p1a: Seaking|Seaking, L77|281\/281\n|move|p2a: Scyther|Slash|p1a: Seaking\n|-crit|p1a: Seaking\n|-damage|p1a: Seaking|161\/281\n|\n|upkeep\n|turn|15\n|\n|t:|1664639972\n|switch|p2a: Poliwhirl|Poliwhirl, L77|258\/258\n|move|p1a: Seaking|Blizzard|p2a: Poliwhirl\n|-resisted|p2a: Poliwhirl\n|-damage|p2a: Poliwhirl|208\/258\n|\n|upkeep\n|turn|16\n|\n|t:|1664639982\n|switch|p2a: Gengar|Gengar, L68|189\/222 par\n|move|p1a: Seaking|Double-Edge|p2a: Gengar\n|-immune|p2a: Gengar\n|\n|upkeep\n|turn|17\n|\n|t:|1664639993\n|move|p1a: Seaking|Surf|p2a: Gengar\n|-damage|p2a: Gengar|118\/222 par\n|move|p2a: Gengar|Hypnosis|p1a: Seaking|[miss]\n|-miss|p2a: Gengar\n|\n|upkeep\n|turn|18\n|\n|t:|1664640000\n|move|p1a: Seaking|Surf|p2a: Gengar\n|-damage|p2a: Gengar|45\/222 par\n|move|p2a: Gengar|Thunderbolt|p1a: Seaking\n|-supereffective|p1a: Seaking\n|-damage|p1a: Seaking|24\/281\n|\n|upkeep\n|turn|19\n|\n|t:|1664640008\n|switch|p2a: Poliwhirl|Poliwhirl, L77|208\/258\n|move|p1a: Seaking|Blizzard|p2a: Poliwhirl|[miss]\n|-miss|p1a: Seaking\n|\n|upkeep\n|turn|20\n|\n|t:|1664640014\n|switch|p1a: Chansey|Chansey, L68|287\/481\n|move|p2a: Poliwhirl|Surf|p1a: Chansey\n|-crit|p1a: Chansey\n|-damage|p1a: Chansey|166\/481\n|\n|upkeep\n|turn|21\n|\n|t:|1664640018\n|move|p2a: Poliwhirl|Blizzard|p1a: Chansey\n|-damage|p1a: Chansey|112\/481\n|move|p1a: Chansey|Soft-Boiled|p1a: Chansey\n|-heal|p1a: Chansey|352\/481\n|\n|upkeep\n|turn|22\n|\n|t:|1664640024\n|switch|p2a: Gengar|Gengar, L68|45\/222 par\n|move|p1a: Chansey|Ice Beam|p2a: Gengar\n|-damage|p2a: Gengar|3\/222 par\n|\n|upkeep\n|turn|23\n|\n|t:|1664640028\n|move|p1a: Chansey|Ice Beam|p2a: Gengar\n|-damage|p2a: Gengar|0 fnt\n|faint|p2a: Gengar\n|\n|t:|1664640040\n|switch|p2a: Lickitung|Lickitung, L77|124\/297\n|turn|24\n|\n|t:|1664640060\n|switch|p1a: Seaking|Seaking, L77|24\/281\n|move|p2a: Lickitung|Body Slam|p1a: Seaking\n|-damage|p1a: Seaking|0 fnt\n|faint|p1a: Seaking\n|\n|t:|1664640063\n|switch|p1a: Rapidash|Rapidash, L77|187\/258\n|turn|25\n|\n|t:|1664640071\n|switch|p2a: Poliwhirl|Poliwhirl, L77|208\/258\n|move|p1a: Rapidash|Fire Blast|p2a: Poliwhirl\n|-resisted|p2a: Poliwhirl\n|-damage|p2a: Poliwhirl|143\/258\n|\n|upkeep\n|turn|26\n|\n|t:|1664640077\n|switch|p1a: Chansey|Chansey, L68|352\/481\n|move|p2a: Poliwhirl|Blizzard|p1a: Chansey\n|-damage|p1a: Chansey|300\/481\n|-status|p1a: Chansey|frz\n|\n|upkeep\n|turn|27\n|c|\u2606TarremBOO!|hurray\n|\n|t:|1664640086\n|switch|p1a: Dugtrio|Dugtrio, L74|49\/204 par\n|move|p2a: Poliwhirl|Amnesia|p2a: Poliwhirl\n|-boost|p2a: Poliwhirl|spd|2\n|-boost|p2a: Poliwhirl|spa|2\n|\n|upkeep\n|turn|28\n|\n|t:|1664640090\n|move|p2a: Poliwhirl|Surf|p1a: Dugtrio\n|-supereffective|p1a: Dugtrio\n|-damage|p1a: Dugtrio|0 fnt\n|faint|p1a: Dugtrio\n|\n|t:|1664640092\n|switch|p1a: Pidgey|Pidgey, L88|250\/250\n|turn|29\n|\n|t:|1664640097\n|move|p2a: Poliwhirl|Blizzard|p1a: Pidgey\n|-supereffective|p1a: Pidgey\n|-damage|p1a: Pidgey|0 fnt\n|faint|p1a: Pidgey\n|\n|t:|1664640100\n|switch|p1a: Rapidash|Rapidash, L77|187\/258\n|turn|30\n|\n|t:|1664640102\n|move|p1a: Rapidash|Body Slam|p2a: Poliwhirl\n|-damage|p2a: Poliwhirl|77\/258\n|-status|p2a: Poliwhirl|par\n|cant|p2a: Poliwhirl|par\n|\n|upkeep\n|turn|31\n|c|\u2606LoSconosciuto|lets g\n|c|\u2606LoSconosciuto|o\n|\n|t:|1664640114\n|move|p1a: Rapidash|Hyper Beam|p2a: Poliwhirl|[miss]\n|-miss|p1a: Rapidash\n|move|p2a: Poliwhirl|Surf|p1a: Rapidash\n|-supereffective|p1a: Rapidash\n|-damage|p1a: Rapidash|0 fnt\n|faint|p1a: Rapidash\n|c|\u2606LoSconosciuto|noo\n|c|\u2606TarremBOO!|:o\n|c|\u2606LoSconosciuto|gg\n|c|\u2606TarremBOO!|gg\n|c|\u2606LoSconosciuto|last?\n|-message|LoSconosciuto forfeited.\n|\n|win|TarremBOO!\n|c|\u2606TarremBOO!|zam\n|l| Comentine\n|l|\u2606TarremBOO!\n","inputlog":">version ada2e1bce654ffdfc9a93da4ff105a49d2af2ffc\n>start {\"formatid\":\"gen1randombattle\",\"seed\":[25999,32634,4518,42689]}\n>player p1 {\"name\":\"LoSconosciuto\",\"avatar\":\"#teamgapdos\",\"rating\":0,\"seed\":[39508,18374,18203,61776]}\n>player p2 {\"name\":\"TarremBOO!\",\"avatar\":\"#teamskymin\",\"rating\":0,\"seed\":[56987,43523,7533,61075]}\n>chat \u2606TarremBOO!|hf\n>chat \u2606LoSconosciuto|hf\n>p1 move rockslide\n>p2 switch 2\n>chat \u2606TarremBOO!|sorcery\n>p1 switch 2\n>p2 move hypnosis\n>chat \u2606TarremBOO!|thanks pidgey\n>p1 switch 5\n>p2 move thunderbolt\n>p1 move earthquake\n>p2 switch 4\n>chat \u2606LoSconosciuto|ok lickitung\n>chat \u2606LoSconosciuto|chill\n>p1 move earthquake\n>p2 move bodyslam\n>p1 switch 2\n>p2 move hyperbeam\n>chat \u2606TarremBOO!|well\n>chat \u2606LoSconosciuto|i said chill\n>chat \u2606TarremBOO!|it doesn't want to listen to you apparently\n>p1 switch 6\n>p1 move fireblast\n>p2 switch 2\n>p1 move bodyslam\n>p2 move bodyslam\n>p1 move hyperbeam\n>p2 move bodyslam\n>p2 switch 6\n>p1 switch 3\n>p2 move counter\n>chat \u2606TarremBOO!|40\n>chat \u2606LoSconosciuto|not bad\n>chat \u2606TarremBOO!|pogwhirl\n>p1 move thunderwave\n>p2 switch 4\n>p1 switch 2\n>p2 move megadrain\n>p1 move earthquake\n>p2 switch 3\n>p1 switch 4\n>p2 move slash\n>p1 move blizzard\n>p2 switch 4\n>p1 move doubleedge\n>p2 switch 3\n>p1 move surf\n>p2 move hypnosis\n>p1 move surf\n>p2 move thunderbolt\n>p1 move blizzard\n>p2 switch 3\n>p1 switch 2\n>p2 move surf\n>p1 move softboiled\n>p2 move blizzard\n>p1 move icebeam\n>p2 switch 3\n>p1 move icebeam\n>p2 move hypnosis\n>p2 switch 2\n>p1 switch 2\n>p2 move bodyslam\n>p1 switch 3\n>p1 move fireblast\n>p2 switch 3\n>p1 switch 2\n>p2 move blizzard\n>chat \u2606TarremBOO!|hurray\n>p1 switch 4\n>p2 move amnesia\n>p1 move earthquake\n>p2 move surf\n>p1 switch 5\n>p1 move doubleedge\n>p2 move blizzard\n>p1 switch 2\n>p1 move bodyslam\n>p2 move surf\n>chat \u2606LoSconosciuto|lets g\n>chat \u2606LoSconosciuto|o\n>p1 move hyperbeam\n>p2 move surf\n>chat \u2606LoSconosciuto|noo\n>chat \u2606TarremBOO!|:o\n>chat \u2606LoSconosciuto|gg\n>chat \u2606TarremBOO!|gg\n>chat \u2606LoSconosciuto|last?\n>forcelose p1","uploadtime":1664640141,"views":9,"p1id":"losconosciuto","p2id":"tarremboo","formatid":"gen1randombattle","rating":0,"private":0,"password":null}