{"id":"gen1randombattle-1105426552","p1":"calze6","p2":"A","format":"gen1randombattle","log":"|j|\u2606calze6\n|j|\u2606A\n|inactive|Battle timer is ON: inactive players will automatically lose when time's up.\n|player|p1|calze6|265|\n|player|p2|A|clemont|\n|teamsize|p1|6\n|teamsize|p2|6\n|gametype|singles\n|gen|1\n|tier|[Gen 1] Random Battle\n|rated|Tournament battle\n|rule|Freeze Clause Mod: Limit one foe frozen\n|rule|Species Clause: Limit one of each Pok\u00e9mon\n|rule|OHKO Clause: OHKO moves are banned\n|rule|Evasion Moves Clause: Evasion moves are banned\n|rule|Endless Battle Clause: Forcing endless battles is banned\n|rule|HP Percentage Mod: HP is shown in percentages\n|\n|start\n|switch|p1a: Nidoking|Nidoking, L74|272\/272\n|switch|p2a: Porygon|Porygon, L74|249\/249\n|turn|1\n|j| piaa\n|\n|move|p1a: Nidoking|Earthquake|p2a: Porygon\n|-damage|p2a: Porygon|152\/249\n|move|p2a: Porygon|Blizzard|p1a: Nidoking\n|-supereffective|p1a: Nidoking\n|-damage|p1a: Nidoking|140\/272\n|\n|upkeep\n|turn|2\n|j| JeanPierre235\n|\n|switch|p1a: Starmie|Starmie, L68|222\/222\n|move|p2a: Porygon|Recover|p2a: Porygon\n|-heal|p2a: Porygon|249\/249\n|\n|upkeep\n|turn|3\n|\n|move|p1a: Starmie|Thunder Wave|p2a: Porygon\n|-status|p2a: Porygon|par\n|move|p2a: Porygon|Thunder Wave|p1a: Starmie\n|-status|p1a: Starmie|par\n|\n|upkeep\n|turn|4\n|c| piaa|go A\n|c|\u2606A|ill try\n|\n|cant|p1a: Starmie|par\n|move|p2a: Porygon|Tri Attack|p1a: Starmie\n|-crit|p1a: Starmie\n|-damage|p1a: Starmie|105\/222 par\n|\n|upkeep\n|turn|5\n|\n|move|p1a: Starmie|Recover|p1a: Starmie\n|-heal|p1a: Starmie|216\/222 par\n|move|p2a: Porygon|Tri Attack|p1a: Starmie\n|-crit|p1a: Starmie\n|-damage|p1a: Starmie|93\/222 par\n|\n|upkeep\n|turn|6\n|c| piaa|nice\n|\n|switch|p2a: Pidgeot|Pidgeot, L74|275\/275\n|move|p1a: Starmie|Recover|p1a: Starmie\n|-heal|p1a: Starmie|204\/222 par\n|\n|upkeep\n|turn|7\n|\n|move|p2a: Pidgeot|Double-Edge|p1a: Starmie\n|-damage|p1a: Starmie|118\/222 par\n|-damage|p2a: Pidgeot|254\/275|[from] Recoil|[of] p1a: Starmie\n|move|p1a: Starmie|Thunder Wave|p2a: Pidgeot\n|-status|p2a: Pidgeot|par\n|\n|upkeep\n|turn|8\n|\n|move|p1a: Starmie|Recover|p1a: Starmie\n|-heal|p1a: Starmie|222\/222 par\n|move|p2a: Pidgeot|Agility|p2a: Pidgeot\n|-boost|p2a: Pidgeot|spe|2\n|\n|upkeep\n|turn|9\n|\n|move|p2a: Pidgeot|Double-Edge|p1a: Starmie\n|-damage|p1a: Starmie|135\/222 par\n|-damage|p2a: Pidgeot|233\/275 par|[from] Recoil|[of] p1a: Starmie\n|move|p1a: Starmie|Blizzard|p2a: Pidgeot\n|-supereffective|p2a: Pidgeot\n|-damage|p2a: Pidgeot|81\/275 par\n|\n|upkeep\n|turn|10\n|l| JeanPierre235\n|\n|move|p2a: Pidgeot|Double-Edge|p1a: Starmie\n|-crit|p1a: Starmie\n|-damage|p1a: Starmie|0 fnt\n|-damage|p2a: Pidgeot|48\/275 par|[from] Recoil|[of] p1a: Starmie\n|faint|p1a: Starmie\n|\n|switch|p1a: Wigglytuff|Wigglytuff, L74|360\/360\n|turn|11\n|\n|move|p2a: Pidgeot|Hyper Beam|p1a: Wigglytuff|[miss]\n|-miss|p2a: Pidgeot\n|move|p1a: Wigglytuff|Body Slam|p2a: Pidgeot\n|-damage|p2a: Pidgeot|0 fnt\n|faint|p2a: Pidgeot\n|\n|switch|p2a: Lapras|Lapras, L68|318\/318\n|turn|12\n|\n|move|p2a: Lapras|Sing|p1a: Wigglytuff\n|-status|p1a: Wigglytuff|slp|[from] move: Sing\n|cant|p1a: Wigglytuff|slp\n|\n|upkeep\n|turn|13\n|\n|move|p2a: Lapras|Blizzard|p1a: Wigglytuff\n|-damage|p1a: Wigglytuff|233\/360 slp\n|cant|p1a: Wigglytuff|slp\n|\n|upkeep\n|turn|14\n|\n|move|p2a: Lapras|Blizzard|p1a: Wigglytuff|[miss]\n|-miss|p2a: Lapras\n|cant|p1a: Wigglytuff|slp\n|\n|upkeep\n|turn|15\n|\n|move|p2a: Lapras|Blizzard|p1a: Wigglytuff\n|-damage|p1a: Wigglytuff|113\/360 slp\n|cant|p1a: Wigglytuff|slp\n|\n|upkeep\n|turn|16\n|\n|move|p2a: Lapras|Thunderbolt|p1a: Wigglytuff\n|-damage|p1a: Wigglytuff|38\/360 slp\n|-curestatus|p1a: Wigglytuff|slp|[msg]\n|\n|upkeep\n|turn|17\n|\n|move|p2a: Lapras|Thunderbolt|p1a: Wigglytuff\n|-damage|p1a: Wigglytuff|0 fnt\n|faint|p1a: Wigglytuff\n|\n|switch|p1a: Nidoking|Nidoking, L74|140\/272\n|turn|18\n|\n|move|p1a: Nidoking|Thunderbolt|p2a: Lapras\n|-supereffective|p2a: Lapras\n|-damage|p2a: Lapras|210\/318\n|move|p2a: Lapras|Blizzard|p1a: Nidoking\n|-crit|p1a: Nidoking\n|-supereffective|p1a: Nidoking\n|-damage|p1a: Nidoking|0 fnt\n|faint|p1a: Nidoking\n|\n|switch|p1a: Parasect|Parasect, L74|241\/241\n|turn|19\n|\n|move|p2a: Lapras|Blizzard|p1a: Parasect|[miss]\n|-miss|p2a: Lapras\n|move|p1a: Parasect|Spore|p2a: Lapras\n|-status|p2a: Lapras|slp|[from] move: Spore\n|\n|upkeep\n|turn|20\n|c|\u2606A|him\n|\n|switch|p2a: Porygon|Porygon, L74|249\/249 par\n|move|p1a: Parasect|Mega Drain|p2a: Porygon\n|-damage|p2a: Porygon|211\/249 par\n|\n|upkeep\n|turn|21\n|\n|switch|p1a: Slowpoke|Slowpoke, L88|338\/338\n|cant|p2a: Porygon|par\n|\n|upkeep\n|turn|22\n|\n|move|p1a: Slowpoke|Amnesia|p1a: Slowpoke\n|-boost|p1a: Slowpoke|spd|2\n|-boost|p1a: Slowpoke|spa|2\n|move|p2a: Porygon|Thunder Wave|p1a: Slowpoke\n|-status|p1a: Slowpoke|par\n|\n|upkeep\n|turn|23\n|\n|cant|p1a: Slowpoke|par\n|move|p2a: Porygon|Tri Attack|p1a: Slowpoke\n|-damage|p1a: Slowpoke|287\/338 par\n|\n|upkeep\n|turn|24\n|\n|move|p1a: Slowpoke|Amnesia|p1a: Slowpoke\n|-boost|p1a: Slowpoke|spd|2\n|-boost|p1a: Slowpoke|spa|2\n|move|p2a: Porygon|Tri Attack|p1a: Slowpoke\n|-damage|p1a: Slowpoke|235\/338 par\n|\n|upkeep\n|turn|25\n|\n|move|p1a: Slowpoke|Surf|p2a: Porygon\n|-damage|p2a: Porygon|0 fnt\n|faint|p2a: Porygon\n|\n|switch|p2a: Muk|Muk, L74|308\/308\n|turn|26\n|\n|move|p2a: Muk|Explosion|p1a: Slowpoke\n|-damage|p1a: Slowpoke|7\/338 par\n|faint|p2a: Muk\n|\n|switch|p2a: Oddish|Oddish, L88|259\/259\n|turn|27\n|j| redsun3\n|\n|move|p2a: Oddish|Double-Edge|p1a: Slowpoke\n|-damage|p1a: Slowpoke|0 fnt\n|-damage|p2a: Oddish|258\/259|[from] Recoil|[of] p1a: Slowpoke\n|faint|p1a: Slowpoke\n|\n|switch|p1a: Muk|Muk, L74|308\/308\n|turn|28\n|\n|move|p1a: Muk|Fire Blast|p2a: Oddish\n|-supereffective|p2a: Oddish\n|-damage|p2a: Oddish|153\/259\n|move|p2a: Oddish|Sleep Powder|p1a: Muk\n|-status|p1a: Muk|slp|[from] move: Sleep Powder\n|\n|upkeep\n|turn|29\n|j| MaswoodShaheb\n|\n|switch|p2a: Kadabra|Kadabra, L74|212\/212\n|-curestatus|p1a: Muk|slp|[msg]\n|\n|upkeep\n|turn|30\n|l| MaswoodShaheb\n|\n|move|p2a: Kadabra|Psychic|p1a: Muk\n|-supereffective|p1a: Muk\n|-damage|p1a: Muk|60\/308\n|-unboost|p1a: Muk|spd|1\n|-unboost|p1a: Muk|spa|1\n|move|p1a: Muk|Explosion|p2a: Kadabra\n|-damage|p2a: Kadabra|0 fnt\n|faint|p2a: Kadabra\n|faint|p1a: Muk\n|j| MaswoodShaheb\n|\n|switch|p2a: Oddish|Oddish, L88|153\/259\n|switch|p1a: Parasect|Parasect, L74|241\/241\n|turn|31\n|\n|move|p2a: Oddish|Sleep Powder|p1a: Parasect\n|-status|p1a: Parasect|slp|[from] move: Sleep Powder\n|cant|p1a: Parasect|slp\n|\n|upkeep\n|turn|32\n|\n|move|p2a: Oddish|Swords Dance|p2a: Oddish\n|-boost|p2a: Oddish|atk|2\n|cant|p1a: Parasect|slp\n|\n|upkeep\n|turn|33\n|\n|move|p2a: Oddish|Double-Edge|p1a: Parasect\n|-damage|p1a: Parasect|109\/241 slp\n|-damage|p2a: Oddish|120\/259|[from] Recoil|[of] p1a: Parasect\n|cant|p1a: Parasect|slp\n|\n|upkeep\n|turn|34\n|c|\u2606A|gg\n|l| redsun3\n|c|\u2606calze6|gg\n|\n|move|p2a: Oddish|Double-Edge|p1a: Parasect\n|-damage|p1a: Parasect|0 fnt\n|-damage|p2a: Oddish|93\/259|[from] Recoil|[of] p1a: Parasect\n|faint|p1a: Parasect\n|\n|win|A\n|l| MaswoodShaheb\n","inputlog":">version 839c835752c0139e0785101cfc74f459d73e8bf4\n>start {\"formatid\":\"gen1randombattle@@@!sleepclausemod\",\"seed\":[6560,26474,11104,22020],\"rated\":\"Tournament battle\"}\n>player p1 {\"name\":\"calze6\",\"avatar\":\"265\",\"team\":\"\",\"rating\":0,\"seed\":[10709,35147,858,123]}\n>player p2 {\"name\":\"A\",\"avatar\":\"clemont\",\"team\":\"\",\"rating\":0,\"seed\":[9524,1122,4091,42844]}\n>p1 move earthquake\n>p2 move blizzard\n>p1 switch 5\n>p2 move recover\n>p1 move thunderwave\n>p2 move thunderwave\n>p1 move surf\n>p2 move triattack\n>p1 move recover\n>p2 move triattack\n>p1 move recover\n>p2 switch 4\n>p1 move thunderwave\n>p2 move doubleedge\n>p1 move recover\n>p2 move agility\n>p1 move blizzard\n>p2 move doubleedge\n>p1 move recover\n>p2 move doubleedge\n>p1 switch 6\n>p1 move bodyslam\n>p2 move hyperbeam\n>p2 switch 5\n>p1 move sing\n>p2 move sing\n>p1 move sing\n>p2 move blizzard\n>p1 move sing\n>p2 move blizzard\n>p1 move sing\n>p2 move blizzard\n>p1 move sing\n>p2 move thunderbolt\n>p1 move sing\n>p2 move thunderbolt\n>p1 switch 5\n>p1 move thunderbolt\n>p2 move blizzard\n>p1 switch 3\n>p1 move spore\n>p2 move blizzard\n>p1 move megadrain\n>p2 switch 4\n>p1 switch 4\n>p2 move thunderwave\n>p1 move amnesia\n>p2 move thunderwave\n>p1 move amnesia\n>p2 move triattack\n>p1 move amnesia\n>p2 move triattack\n>p1 move surf\n>p2 move triattack\n>p2 switch 6\n>p1 move psychic\n>p2 move explosion\n>p2 switch 2\n>p1 move psychic\n>p2 move doubleedge\n>p1 switch 2\n>p1 move fireblast\n>p2 move sleeppowder\n>p1 move explosion\n>p2 switch 3\n>p1 move explosion\n>p2 move psychic\n>p1 switch 4\n>p2 switch 3\n>p1 move spore\n>p2 move sleeppowder\n>p1 move spore\n>p2 move swordsdance\n>p1 move spore\n>p2 move doubleedge\n>p1 move spore\n>p2 move doubleedge","uploadtime":1588154761,"views":46,"p1id":"calze6","p2id":"a","formatid":"gen1randombattle","rating":0,"private":0,"password":null}