{"id":"gen1randombattle-1675065465","p1":"LoSconosciuto","p2":"TarremBOO!","format":"gen1randombattle","log":"|j|\u2606LoSconosciuto\n|j|\u2606TarremBOO!\n|t:|1664640147\n|gametype|singles\n|player|p1|LoSconosciuto|#teamgapdos|\n|player|p2|TarremBOO!|#teamskymin|\n|teamsize|p1|6\n|teamsize|p2|6\n|gen|1\n|tier|[Gen 1] Random Battle\n|rule|Desync Clause Mod: Desyncs changed to move failure.\n|rule|Sleep Clause Mod: Limit one foe put to sleep\n|rule|Freeze Clause Mod: Limit one foe frozen\n|rule|Species Clause: Limit one of each Pok\u00e9mon\n|rule|OHKO Clause: OHKO moves are banned\n|rule|Evasion Moves Clause: Evasion moves are banned\n|rule|Endless Battle Clause: Forcing endless battles is banned\n|rule|HP Percentage Mod: HP is shown in percentages\n|\n|t:|1664640147\n|start\n|switch|p1a: Seadra|Seadra, L77|243\/243\n|switch|p2a: Porygon|Porygon, L77|258\/258\n|turn|1\n|inactive|Battle timer is ON: inactive players will automatically lose when time's up. (requested by LoSconosciuto)\n|c|\u2606TarremBOO!|hf\n|c|\u2606LoSconosciuto|hf\n|j| Comentine\n|\n|t:|1664640165\n|switch|p1a: Wigglytuff|Wigglytuff, L77|374\/374\n|move|p2a: Porygon|Thunder Wave|p1a: Wigglytuff\n|-status|p1a: Wigglytuff|par\n|\n|upkeep\n|turn|2\n|\n|t:|1664640177\n|switch|p2a: Beedrill|Beedrill, L77|258\/258\n|move|p1a: Wigglytuff|Sing|p2a: Beedrill\n|-status|p2a: Beedrill|slp|[from] move: Sing\n|\n|upkeep\n|turn|3\n|c|\u2606TarremBOO!|BEE\n|\n|t:|1664640191\n|switch|p2a: Porygon|Porygon, L77|258\/258\n|move|p1a: Wigglytuff|Thunder Wave|p2a: Porygon\n|-status|p2a: Porygon|par\n|\n|upkeep\n|turn|4\n|\n|t:|1664640210\n|switch|p1a: Charmeleon|Charmeleon, L80|257\/257\n|cant|p2a: Porygon|par\n|\n|upkeep\n|turn|5\n|\n|t:|1664640218\n|switch|p2a: Seel|Seel, L88|294\/294\n|move|p1a: Charmeleon|Swords Dance|p1a: Charmeleon\n|-boost|p1a: Charmeleon|atk|2\n|\n|upkeep\n|turn|6\n|\n|t:|1664640231\n|move|p1a: Charmeleon|Body Slam|p2a: Seel\n|-damage|p2a: Seel|184\/294\n|-status|p2a: Seel|par\n|move|p2a: Seel|Surf|p1a: Charmeleon\n|-supereffective|p1a: Charmeleon\n|-damage|p1a: Charmeleon|42\/257\n|\n|upkeep\n|turn|7\n|\n|t:|1664640240\n|move|p1a: Charmeleon|Body Slam|p2a: Seel\n|-crit|p2a: Seel\n|-damage|p2a: Seel|77\/294 par\n|move|p2a: Seel|Surf|p1a: Charmeleon\n|-supereffective|p1a: Charmeleon\n|-damage|p1a: Charmeleon|0 fnt\n|faint|p1a: Charmeleon\n|\n|t:|1664640257\n|switch|p1a: Wigglytuff|Wigglytuff, L77|374\/374 par\n|turn|8\n|\n|t:|1664640262\n|switch|p2a: Porygon|Porygon, L77|258\/258 par\n|move|p1a: Wigglytuff|Body Slam|p2a: Porygon\n|-damage|p2a: Porygon|186\/258 par\n|\n|upkeep\n|turn|9\n|\n|t:|1664640266\n|move|p1a: Wigglytuff|Body Slam|p2a: Porygon\n|-damage|p2a: Porygon|105\/258 par\n|move|p2a: Porygon|Recover|p2a: Porygon\n|-heal|p2a: Porygon|234\/258 par\n|\n|upkeep\n|turn|10\n|\n|t:|1664640271\n|move|p1a: Wigglytuff|Body Slam|p2a: Porygon\n|-damage|p2a: Porygon|153\/258 par\n|move|p2a: Porygon|Tri Attack|p1a: Wigglytuff\n|-damage|p1a: Wigglytuff|283\/374 par\n|\n|upkeep\n|turn|11\n|\n|t:|1664640276\n|cant|p1a: Wigglytuff|par\n|cant|p2a: Porygon|par\n|\n|upkeep\n|turn|12\n|\n|t:|1664640279\n|cant|p1a: Wigglytuff|par\n|move|p2a: Porygon|Recover|p2a: Porygon\n|-heal|p2a: Porygon|258\/258 par\n|\n|upkeep\n|turn|13\n|\n|t:|1664640282\n|move|p1a: Wigglytuff|Body Slam|p2a: Porygon\n|-damage|p2a: Porygon|181\/258 par\n|move|p2a: Porygon|Tri Attack|p1a: Wigglytuff\n|-damage|p1a: Wigglytuff|196\/374 par\n|\n|upkeep\n|turn|14\n|\n|t:|1664640284\n|move|p1a: Wigglytuff|Body Slam|p2a: Porygon\n|-damage|p2a: Porygon|104\/258 par\n|move|p2a: Porygon|Recover|p2a: Porygon\n|-heal|p2a: Porygon|233\/258 par\n|\n|upkeep\n|turn|15\n|\n|t:|1664640287\n|move|p1a: Wigglytuff|Body Slam|p2a: Porygon\n|-crit|p2a: Porygon\n|-damage|p2a: Porygon|74\/258 par\n|move|p2a: Porygon|Tri Attack|p1a: Wigglytuff\n|-damage|p1a: Wigglytuff|109\/374 par\n|\n|upkeep\n|turn|16\n|inactive|TarremBOO! has 270 seconds left.\n|\n|t:|1664640319\n|switch|p2a: Seel|Seel, L88|77\/294 par\n|move|p1a: Wigglytuff|Body Slam|p2a: Seel\n|-damage|p2a: Seel|2\/294 par\n|\n|upkeep\n|turn|17\n|\n|t:|1664640324\n|move|p2a: Seel|Surf|p1a: Wigglytuff\n|-damage|p1a: Wigglytuff|0 fnt\n|faint|p1a: Wigglytuff\n|\n|t:|1664640330\n|switch|p1a: Seadra|Seadra, L77|243\/243\n|turn|18\n|c|\u2606TarremBOO!|good seel\n|\n|t:|1664640333\n|move|p1a: Seadra|Surf|p2a: Seel\n|-resisted|p2a: Seel\n|-damage|p2a: Seel|0 fnt\n|faint|p2a: Seel\n|\n|t:|1664640335\n|switch|p2a: Electrode|Electrode, L77|251\/251\n|turn|19\n|\n|t:|1664640352\n|switch|p1a: Growlithe|Growlithe, L88|276\/276\n|move|p2a: Electrode|Thunder Wave|p1a: Growlithe\n|-status|p1a: Growlithe|par\n|\n|upkeep\n|turn|20\n|\n|t:|1664640367\n|switch|p2a: Porygon|Porygon, L77|74\/258 par\n|move|p1a: Growlithe|Body Slam|p2a: Porygon\n|-damage|p2a: Porygon|4\/258 par\n|\n|upkeep\n|turn|21\n|\n|t:|1664640372\n|move|p1a: Growlithe|Flamethrower|p2a: Porygon\n|-damage|p2a: Porygon|0 fnt\n|faint|p2a: Porygon\n|\n|t:|1664640374\n|switch|p2a: Golduck|Golduck, L76|278\/278\n|turn|22\n|c|\u2606LoSconosciuto|oh shit\n|\n|t:|1664640388\n|switch|p1a: Kadabra|Kadabra, L74|212\/212\n|move|p2a: Golduck|Amnesia|p2a: Golduck\n|-boost|p2a: Golduck|spd|2\n|-boost|p2a: Golduck|spa|2\n|\n|upkeep\n|turn|23\n|\n|t:|1664640394\n|move|p1a: Kadabra|Thunder Wave|p2a: Golduck\n|-status|p2a: Golduck|par\n|cant|p2a: Golduck|par\n|\n|upkeep\n|turn|24\n|\n|t:|1664640398\n|move|p1a: Kadabra|Psychic|p2a: Golduck\n|-damage|p2a: Golduck|227\/278 par\n|cant|p2a: Golduck|par\n|\n|upkeep\n|turn|25\n|\n|t:|1664640401\n|move|p1a: Kadabra|Psychic|p2a: Golduck\n|-damage|p2a: Golduck|177\/278 par\n|cant|p2a: Golduck|par\n|\n|upkeep\n|turn|26\n|\n|t:|1664640405\n|move|p1a: Kadabra|Psychic|p2a: Golduck\n|-damage|p2a: Golduck|130\/278 par\n|move|p2a: Golduck|Amnesia|p2a: Golduck\n|-boost|p2a: Golduck|spd|2\n|-boost|p2a: Golduck|spa|2\n|\n|upkeep\n|turn|27\n|\n|t:|1664640409\n|move|p1a: Kadabra|Psychic|p2a: Golduck\n|-damage|p2a: Golduck|94\/278 par\n|-unboost|p2a: Golduck|spd|1\n|-unboost|p2a: Golduck|spa|1\n|move|p2a: Golduck|Rest|p2a: Golduck\n|-status|p2a: Golduck|slp|[from] move: Rest\n|-heal|p2a: Golduck|278\/278 slp|[silent]\n|\n|upkeep\n|turn|28\n|\n|t:|1664640414\n|move|p1a: Kadabra|Psychic|p2a: Golduck\n|-crit|p2a: Golduck\n|-damage|p2a: Golduck|72\/278 slp\n|cant|p2a: Golduck|slp\n|\n|upkeep\n|turn|29\n|\n|t:|1664640418\n|move|p1a: Kadabra|Psychic|p2a: Golduck\n|-crit|p2a: Golduck\n|-damage|p2a: Golduck|0 fnt\n|faint|p2a: Golduck\n|c|\u2606LoSconosciuto|f\n|c|\u2606TarremBOO!|well\n|c|\u2606TarremBOO!|ducked\n|\n|t:|1664640426\n|switch|p2a: Clefairy|Clefairy, L88|303\/303\n|turn|30\n|\n|t:|1664640438\n|switch|p1a: Butterfree|Butterfree, L77|251\/251\n|move|p2a: Clefairy|Body Slam|p1a: Butterfree\n|-damage|p1a: Butterfree|159\/251\n|\n|upkeep\n|turn|31\n|\n|t:|1664640447\n|move|p1a: Butterfree|Psychic|p2a: Clefairy\n|-damage|p2a: Clefairy|248\/303\n|move|p2a: Clefairy|Body Slam|p1a: Butterfree\n|-damage|p1a: Butterfree|63\/251\n|-status|p1a: Butterfree|par\n|\n|upkeep\n|turn|32\n|\n|t:|1664640451\n|move|p2a: Clefairy|Body Slam|p1a: Butterfree\n|-damage|p1a: Butterfree|0 fnt\n|faint|p1a: Butterfree\n|\n|t:|1664640453\n|switch|p1a: Seadra|Seadra, L77|243\/243\n|turn|33\n|\n|t:|1664640460\n|switch|p2a: Electrode|Electrode, L77|251\/251\n|move|p1a: Seadra|Surf|p2a: Electrode\n|-crit|p2a: Electrode\n|-damage|p2a: Electrode|51\/251\n|\n|upkeep\n|turn|34\n|\n|t:|1664640471\n|move|p2a: Electrode|Thunderbolt|p1a: Seadra\n|-crit|p1a: Seadra\n|-supereffective|p1a: Seadra\n|-damage|p1a: Seadra|0 fnt\n|faint|p1a: Seadra\n|\n|t:|1664640474\n|switch|p1a: Growlithe|Growlithe, L88|276\/276 par\n|turn|35\n|\n|t:|1664640481\n|move|p2a: Electrode|Explosion|p1a: Growlithe\n|-crit|p1a: Growlithe\n|-damage|p1a: Growlithe|0 fnt\n|faint|p1a: Growlithe\n|faint|p2a: Electrode\n|\n|t:|1664640484\n|switch|p2a: Clefairy|Clefairy, L88|248\/303\n|switch|p1a: Kadabra|Kadabra, L74|212\/212\n|turn|36\n|\n|t:|1664640501\n|move|p1a: Kadabra|Reflect|p1a: Kadabra\n|-start|p1a: Kadabra|Reflect\n|move|p2a: Clefairy|Body Slam|p1a: Kadabra\n|-damage|p1a: Kadabra|151\/212\n|\n|upkeep\n|turn|37\n|\n|t:|1664640507\n|move|p1a: Kadabra|Thunder Wave|p2a: Clefairy\n|-status|p2a: Clefairy|par\n|move|p2a: Clefairy|Thunder Wave|p1a: Kadabra\n|-status|p1a: Kadabra|par\n|\n|upkeep\n|turn|38\n|\n|t:|1664640513\n|move|p1a: Kadabra|Psychic|p2a: Clefairy\n|-damage|p2a: Clefairy|139\/303 par\n|move|p2a: Clefairy|Body Slam|p1a: Kadabra\n|-damage|p1a: Kadabra|86\/212 par\n|\n|upkeep\n|turn|39\n|\n|t:|1664640520\n|move|p1a: Kadabra|Psychic|p2a: Clefairy\n|-damage|p2a: Clefairy|37\/303 par\n|cant|p2a: Clefairy|par\n|\n|upkeep\n|turn|40\n|\n|t:|1664640524\n|cant|p1a: Kadabra|par\n|move|p2a: Clefairy|Body Slam|p1a: Kadabra\n|-damage|p1a: Kadabra|19\/212 par\n|\n|upkeep\n|turn|41\n|\n|t:|1664640528\n|move|p1a: Kadabra|Psychic|p2a: Clefairy\n|-crit|p2a: Clefairy\n|-damage|p2a: Clefairy|0 fnt\n|faint|p2a: Clefairy\n|\n|t:|1664640529\n|switch|p2a: Beedrill|Beedrill, L77|258\/258 slp\n|turn|42\n|c|\u2606TarremBOO!|come beedrill\n|c|\u2606TarremBOO!|come on\n|\n|t:|1664640540\n|cant|p2a: Beedrill|slp\n|move|p1a: Kadabra|Psychic|p2a: Beedrill\n|-supereffective|p2a: Beedrill\n|-damage|p2a: Beedrill|0 fnt\n|faint|p2a: Beedrill\n|\n|win|LoSconosciuto\n|c|\u2606LoSconosciuto|ggs\n|c|\u2606TarremBOO!|aaanw\n|c|\u2606TarremBOO!|ggs\n|l| Comentine\n|c|\u2606LoSconosciuto|intense games\n|c|\u2606LoSconosciuto|wp\n|c|\u2606TarremBOO!|indeed\n|c|\u2606TarremBOO!|always a pleasure\n|j| paolode99\n|l| paolode99\n|l|\u2606TarremBOO!\n","inputlog":">version ada2e1bce654ffdfc9a93da4ff105a49d2af2ffc\n>start {\"formatid\":\"gen1randombattle\",\"seed\":[1165,5485,18950,7240]}\n>player p1 {\"name\":\"LoSconosciuto\",\"avatar\":\"#teamgapdos\",\"rating\":0,\"seed\":[61839,27666,56817,42521]}\n>player p2 {\"name\":\"TarremBOO!\",\"avatar\":\"#teamskymin\",\"rating\":0,\"seed\":[11346,17212,50684,30662]}\n>chat \u2606TarremBOO!|hf\n>chat \u2606LoSconosciuto|hf\n>p1 switch 3\n>p2 move thunderwave\n>p1 move sing\n>p2 switch 4\n>chat \u2606TarremBOO!|BEE\n>p1 move thunderwave\n>p2 switch 4\n>p1 switch 4\n>p2 move triattack\n>p1 move swordsdance\n>p2 switch 2\n>p1 move bodyslam\n>p2 move surf\n>p1 move bodyslam\n>p2 move surf\n>p1 switch 4\n>p1 move bodyslam\n>p2 switch 2\n>p1 move bodyslam\n>p2 move recover\n>p1 move bodyslam\n>p2 move triattack\n>p1 move bodyslam\n>p2 move recover\n>p1 move bodyslam\n>p2 move recover\n>p1 move bodyslam\n>p2 move triattack\n>p1 move bodyslam\n>p2 move recover\n>p1 move bodyslam\n>p2 move triattack\n>p1 move bodyslam\n>p2 switch 2\n>p1 move bodyslam\n>p2 move surf\n>p1 switch 3\n>chat \u2606TarremBOO!|good seel\n>p1 move surf\n>p2 move bodyslam\n>p2 switch 5\n>p1 switch 2\n>p2 move thunderwave\n>p1 move bodyslam\n>p2 switch 2\n>p1 move flamethrower\n>p2 move recover\n>p2 switch 6\n>chat \u2606LoSconosciuto|oh shit\n>p1 switch 5\n>p2 move amnesia\n>p1 move thunderwave\n>p2 move amnesia\n>p1 move psychic\n>p2 move amnesia\n>p1 move psychic\n>p2 move amnesia\n>p1 move psychic\n>p2 move amnesia\n>p1 move psychic\n>p2 move rest\n>p1 move psychic\n>p2 move amnesia\n>p1 move psychic\n>p2 move amnesia\n>chat \u2606LoSconosciuto|f\n>chat \u2606TarremBOO!|well\n>chat \u2606TarremBOO!|ducked\n>p2 switch 3\n>p1 switch 6\n>p2 move bodyslam\n>p1 move psychic\n>p2 move bodyslam\n>p1 move psychic\n>p2 move bodyslam\n>p1 switch 2\n>p1 move surf\n>p2 switch 2\n>p1 move surf\n>p2 move thunderbolt\n>p1 switch 5\n>p1 move bodyslam\n>p2 move explosion\n>p1 switch 6\n>p2 switch 2\n>p1 move reflect\n>p2 move bodyslam\n>p1 move thunderwave\n>p2 move thunderwave\n>p1 move psychic\n>p2 move bodyslam\n>p1 move psychic\n>p2 move bodyslam\n>p1 move psychic\n>p2 move bodyslam\n>p1 move psychic\n>p2 move bodyslam\n>p2 switch 4\n>chat \u2606TarremBOO!|come beedrill\n>chat \u2606TarremBOO!|come on\n>p1 move psychic\n>p2 move twineedle","uploadtime":1664640575,"views":10,"p1id":"losconosciuto","p2id":"tarremboo","formatid":"gen1randombattle","rating":0,"private":0,"password":null}