{"id":"gen1ou-1362157775","p1":"badalakazam","p2":"ImaGetDatW","format":"gen1ou","log":"|j|\u2606badalakazam\n|j|\u2606ImaGetDatW\n|t:|1624206967\n|gametype|singles\n|player|p1|badalakazam|youngster-gen4dp|1248\n|player|p2|ImaGetDatW|265|1040\n|teamsize|p1|6\n|teamsize|p2|6\n|gen|1\n|tier|[Gen 1] OU\n|rated|\n|rule|Desync Clause Mod: Desyncs changed to move failure.\n|rule|Sleep Clause Mod: Limit one foe put to sleep\n|rule|Freeze Clause Mod: Limit one foe frozen\n|rule|Species Clause: Limit one of each Pok\u00e9mon\n|rule|OHKO Clause: OHKO moves are banned\n|rule|Evasion Moves Clause: Evasion moves are banned\n|rule|Endless Battle Clause: Forcing endless battles is banned\n|rule|HP Percentage Mod: HP is shown in percentages\n|\n|t:|1624206967\n|start\n|switch|p1a: Starmie|Starmie|100\/100\n|switch|p2a: Chansey|Chansey|100\/100\n|turn|1\n|\n|t:|1624206981\n|move|p1a: Starmie|Blizzard|p2a: Chansey\n|-crit|p2a: Chansey\n|-damage|p2a: Chansey|75\/100\n|move|p2a: Chansey|Toxic|p1a: Starmie\n|-status|p1a: Starmie|tox\n|\n|upkeep\n|turn|2\n|c|\u2606ImaGetDatW|HELLO YOUNGSTER JOEY\n|\n|t:|1624206993\n|move|p1a: Starmie|Blizzard|p2a: Chansey\n|-crit|p2a: Chansey\n|-damage|p2a: Chansey|51\/100\n|-damage|p1a: Starmie|94\/100 tox|[from] psn\n|move|p2a: Chansey|Substitute|p2a: Chansey\n|-start|p2a: Chansey|Substitute\n|-damage|p2a: Chansey|27\/100\n|\n|upkeep\n|turn|3\n|\n|t:|1624207009\n|switch|p1a: Exeggutor|Exeggutor|100\/100\n|move|p2a: Chansey|Soft-Boiled|p2a: Chansey\n|-heal|p2a: Chansey|76\/100\n|\n|upkeep\n|turn|4\n|\n|t:|1624207018\n|move|p1a: Exeggutor|Sleep Powder|p2a: Chansey\n|-status|p2a: Chansey|slp|[from] move: Sleep Powder\n|cant|p2a: Chansey|slp\n|\n|upkeep\n|turn|5\n|\n|t:|1624207026\n|move|p1a: Exeggutor|Explosion|p2a: Chansey\n|-end|p2a: Chansey|Substitute\n|-hint|In Gen 1, the user of Explosion will not take damage if it breaks a Substitute.\n|cant|p2a: Chansey|slp\n|\n|upkeep\n|turn|6\n|c|\u2606ImaGetDatW|what\n|\n|t:|1624207045\n|switch|p1a: Tauros|Tauros|100\/100\n|cant|p2a: Chansey|slp\n|\n|upkeep\n|turn|7\n|\n|t:|1624207054\n|move|p1a: Tauros|Body Slam|p2a: Chansey\n|-damage|p2a: Chansey|41\/100 slp\n|cant|p2a: Chansey|slp\n|\n|upkeep\n|turn|8\n|\n|t:|1624207060\n|move|p1a: Tauros|Body Slam|p2a: Chansey\n|-damage|p2a: Chansey|0 fnt\n|faint|p2a: Chansey\n|c|\u2606badalakazam|mdrrr\n|\n|t:|1624207077\n|switch|p2a: Kingler|Kingler|100\/100\n|turn|9\n|c|\u2606badalakazam|boom casse sub\n|\n|t:|1624207084\n|switch|p1a: Exeggutor|Exeggutor|100\/100\n|move|p2a: Kingler|Crabhammer|p1a: Exeggutor\n|-crit|p1a: Exeggutor\n|-resisted|p1a: Exeggutor\n|-damage|p1a: Exeggutor|85\/100\n|\n|upkeep\n|turn|10\n|\n|t:|1624207092\n|switch|p2a: Rapidash|Rapidash|100\/100\n|move|p1a: Exeggutor|Sleep Powder|p2a: Rapidash\n|-status|p2a: Rapidash|slp|[from] move: Sleep Powder\n|\n|upkeep\n|turn|11\n|c|\u2606ImaGetDatW|how is your exeggutor stilll alive\n|\n|t:|1624207105\n|cant|p2a: Rapidash|slp\n|move|p1a: Exeggutor|Psychic|p2a: Rapidash\n|-crit|p2a: Rapidash\n|-damage|p2a: Rapidash|11\/100 slp\n|\n|upkeep\n|turn|12\n|\n|t:|1624207114\n|cant|p2a: Rapidash|slp\n|move|p1a: Exeggutor|Psychic|p2a: Rapidash\n|-damage|p2a: Rapidash|0 fnt\n|faint|p2a: Rapidash\n|\n|t:|1624207125\n|switch|p2a: Dodrio|Dodrio|100\/100\n|turn|13\n|c|\u2606badalakazam|executor goat\n|\n|t:|1624207149\n|switch|p1a: Snorlax|Snorlax|100\/100\n|move|p2a: Dodrio|Drill Peck|p1a: Snorlax\n|-damage|p1a: Snorlax|75\/100\n|\n|upkeep\n|turn|14\n|\n|t:|1624207156\n|move|p2a: Dodrio|Hyper Beam|p1a: Snorlax\n|-damage|p1a: Snorlax|28\/100\n|-mustrecharge|p2a: Dodrio\n|move|p1a: Snorlax|Blizzard|p2a: Dodrio\n|-supereffective|p2a: Dodrio\n|-damage|p2a: Dodrio|35\/100\n|\n|upkeep\n|turn|15\n|\n|t:|1624207164\n|cant|p2a: Dodrio|recharge\n|move|p1a: Snorlax|Body Slam|p2a: Dodrio\n|-damage|p2a: Dodrio|0 fnt\n|faint|p2a: Dodrio\n|\n|t:|1624207174\n|switch|p2a: Raichu|Raichu|100\/100\n|turn|16\n|\n|t:|1624207180\n|move|p2a: Raichu|Thunderbolt|p1a: Snorlax\n|-crit|p1a: Snorlax\n|-damage|p1a: Snorlax|0 fnt\n|faint|p1a: Snorlax\n|\n|t:|1624207186\n|switch|p1a: Chansey|Chansey|100\/100\n|turn|17\n|\n|t:|1624207190\n|move|p2a: Raichu|Thunder Wave|p1a: Chansey\n|-status|p1a: Chansey|par\n|cant|p1a: Chansey|par\n|\n|upkeep\n|turn|18\n|\n|t:|1624207195\n|move|p2a: Raichu|Hyper Beam|p1a: Chansey\n|-damage|p1a: Chansey|60\/100 par\n|-mustrecharge|p2a: Raichu\n|move|p1a: Chansey|Thunder Wave|p2a: Raichu\n|-status|p2a: Raichu|par\n|\n|upkeep\n|turn|19\n|\n|t:|1624207203\n|cant|p2a: Raichu|recharge\n|move|p1a: Chansey|Soft-Boiled|p1a: Chansey\n|-heal|p1a: Chansey|100\/100 par\n|\n|upkeep\n|turn|20\n|\n|t:|1624207212\n|cant|p2a: Raichu|par\n|cant|p1a: Chansey|par\n|\n|upkeep\n|turn|21\n|\n|t:|1624207219\n|cant|p2a: Raichu|par\n|move|p1a: Chansey|Ice Beam|p2a: Raichu\n|-damage|p2a: Raichu|75\/100 par\n|\n|upkeep\n|turn|22\n|\n|t:|1624207223\n|cant|p2a: Raichu|par\n|move|p1a: Chansey|Ice Beam|p2a: Raichu\n|-damage|p2a: Raichu|48\/100 par\n|\n|upkeep\n|turn|23\n|\n|t:|1624207228\n|cant|p2a: Raichu|par\n|cant|p1a: Chansey|par\n|\n|upkeep\n|turn|24\n|\n|t:|1624207232\n|move|p2a: Raichu|Thunderbolt|p1a: Chansey\n|-crit|p1a: Chansey\n|-damage|p1a: Chansey|72\/100 par\n|move|p1a: Chansey|Ice Beam|p2a: Raichu\n|-damage|p2a: Raichu|24\/100 par\n|\n|upkeep\n|turn|25\n|\n|t:|1624207239\n|switch|p2a: Kingler|Kingler|100\/100\n|move|p1a: Chansey|Soft-Boiled|p1a: Chansey\n|-heal|p1a: Chansey|100\/100 par\n|\n|upkeep\n|turn|26\n|\n|t:|1624207252\n|switch|p1a: Exeggutor|Exeggutor|85\/100\n|move|p2a: Kingler|Crabhammer|p1a: Exeggutor|[miss]\n|-miss|p2a: Kingler\n|\n|upkeep\n|turn|27\n|\n|t:|1624207258\n|move|p2a: Kingler|Ice Beam|p1a: Exeggutor\n|-crit|p1a: Exeggutor\n|-supereffective|p1a: Exeggutor\n|-damage|p1a: Exeggutor|43\/100\n|-status|p1a: Exeggutor|frz\n|cant|p1a: Exeggutor|frz\n|\n|upkeep\n|turn|28\n|\n|t:|1624207268\n|move|p2a: Kingler|Ice Beam|p1a: Exeggutor\n|-supereffective|p1a: Exeggutor\n|-damage|p1a: Exeggutor|21\/100 frz\n|cant|p1a: Exeggutor|frz\n|\n|upkeep\n|turn|29\n|\n|t:|1624207274\n|move|p2a: Kingler|Ice Beam|p1a: Exeggutor\n|-supereffective|p1a: Exeggutor\n|-damage|p1a: Exeggutor|1\/100 frz\n|cant|p1a: Exeggutor|frz\n|\n|upkeep\n|turn|30\n|\n|t:|1624207282\n|switch|p1a: Starmie|Starmie|94\/100 tox\n|-status|p1a: Starmie|psn|[silent]\n|-damage|p1a: Starmie|88\/100 psn|[from] psn\n|move|p2a: Kingler|Strength|p1a: Starmie\n|-damage|p1a: Starmie|64\/100 psn\n|\n|upkeep\n|turn|31\n|\n|t:|1624207290\n|move|p1a: Starmie|Psychic|p2a: Kingler\n|-crit|p2a: Kingler\n|-damage|p2a: Kingler|2\/100\n|-damage|p1a: Starmie|57\/100 psn|[from] psn|[of] p2a: Kingler\n|move|p2a: Kingler|Strength|p1a: Starmie\n|-crit|p1a: Starmie\n|-damage|p1a: Starmie|7\/100 psn\n|\n|upkeep\n|turn|32\n|\n|t:|1624207297\n|move|p1a: Starmie|Psychic|p2a: Kingler\n|-crit|p2a: Kingler\n|-damage|p2a: Kingler|0 fnt\n|faint|p2a: Kingler\n|\n|t:|1624207307\n|switch|p2a: Raichu|Raichu|24\/100 par\n|turn|33\n|\n|t:|1624207311\n|cant|p2a: Raichu|par\n|move|p1a: Starmie|Psychic|p2a: Raichu\n|-crit|p2a: Raichu\n|-damage|p2a: Raichu|0 fnt\n|faint|p2a: Raichu\n|c|\u2606ImaGetDatW|how are you not being poisoned\n|\n|t:|1624207324\n|switch|p2a: Tangela|Tangela|100\/100\n|turn|34\n|\n|t:|1624207331\n|move|p1a: Starmie|Blizzard|p2a: Tangela\n|-supereffective|p2a: Tangela\n|-damage|p2a: Tangela|42\/100\n|-damage|p1a: Starmie|1\/100 psn|[from] psn|[of] p2a: Tangela\n|move|p2a: Tangela|Mimic|p1a: Starmie\n|-start|p2a: Tangela|Mimic|Blizzard\n|\n|upkeep\n|turn|35\n|\n|t:|1624207342\n|move|p1a: Starmie|Blizzard|p2a: Tangela\n|-supereffective|p2a: Tangela\n|-damage|p2a: Tangela|0 fnt\n|faint|p2a: Tangela\n|\n|win|badalakazam\n|raw|badalakazam's rating: 1248 &rarr; <strong>1260<\/strong><br \/>(+12 for winning)\n|raw|ImaGetDatW's rating: 1040 &rarr; <strong>1033<\/strong><br \/>(-7 for losing)\n|c|\u2606badalakazam|noob\n|c|\u2606ImaGetDatW|thats toxic\n|c|\u2606ImaGetDatW|ggs\n|c|\u2606badalakazam|attend\n|c|\u2606badalakazam|attend\n|c|\u2606ImaGetDatW|attend hwat\n|c|\u2606badalakazam|stalling\n|c|\u2606badalakazam|http:\/\/overstrat.free.fr\/rby\/teams.html\n|c|\u2606badalakazam|look\n|c|\u2606ImaGetDatW|ok\n|c|\u2606badalakazam|mechanique gen1\n|c|\u2606badalakazam|rby\n|c|\u2606badalakazam|gg bro\n|c|\u2606badalakazam|trad frebch in anglish\n|c|\u2606ImaGetDatW|gg\n|c|\u2606badalakazam|french in anglish\n|c|\u2606ImaGetDatW|but i still dont get how you didnt take poison damage 2 times in a row\n|c|\u2606ImaGetDatW|+ the exeggutor explosion and not dying\n|c|\u2606badalakazam|yeah\n|c|\u2606badalakazam|system rby\n|c|\u2606ImaGetDatW|ook bye\n|l|\u2606ImaGetDatW\n|c|\u2606badalakazam|not death explosion sub\n","uploadtime":1624207638,"views":9,"p1id":"badalakazam","p2id":"imagetdatw","formatid":"gen1ou","rating":1033,"private":0,"password":null}