{"id":"gen1ou-1677686971","p1":"kenny...","p2":"Lou dort","format":"gen1ou","log":"|j|\u2606kenny...\n|j|\u203dLou dort\n|t:|1664915721\n|gametype|singles\n|player|p1|kenny...|bertha|\n|player|p2|Lou dort|worker-gen4|\n|teamsize|p1|6\n|teamsize|p2|6\n|gen|1\n|tier|[Gen 1] OU\n|rated|Tournament battle\n|rule|Desync Clause Mod: Desyncs changed to move failure.\n|rule|Sleep Clause Mod: Limit one foe put to sleep\n|rule|Freeze Clause Mod: Limit one foe frozen\n|rule|Species Clause: Limit one of each Pok\u00e9mon\n|rule|OHKO Clause: OHKO moves are banned\n|rule|Evasion Moves Clause: Evasion moves are banned\n|rule|Endless Battle Clause: Forcing endless battles is banned\n|rule|HP Percentage Mod: HP is shown in percentages\n|\n|t:|1664915721\n|start\n|switch|p1a: Gengar|Gengar|100\/100\n|switch|p2a: Jynx|Jynx|100\/100\n|turn|1\n|inactive|Battle timer is ON: inactive players will automatically lose when time's up. (requested by kenny...)\n|inactive|Lou dort also wants the timer to be on.\n|j| Bluey5413\n|j| Fardbaleez\n|j| a quylthulg\n|inactive|kenny... has 120 seconds left.\n|inactive|Lou dort has 120 seconds left.\n|\n|t:|1664915759\n|move|p1a: Gengar|Hypnosis|p2a: Jynx|[miss]\n|-miss|p1a: Gengar\n|move|p2a: Jynx|Psychic|p1a: Gengar\n|-supereffective|p1a: Gengar\n|-damage|p1a: Gengar|45\/100\n|\n|upkeep\n|turn|2\n|\n|t:|1664915765\n|move|p1a: Gengar|Hypnosis|p2a: Jynx\n|-status|p2a: Jynx|slp|[from] move: Hypnosis\n|cant|p2a: Jynx|slp\n|\n|upkeep\n|turn|3\n|\n|t:|1664915776\n|move|p1a: Gengar|Night Shade|p2a: Jynx\n|-damage|p2a: Jynx|70\/100 slp\n|cant|p2a: Jynx|slp\n|\n|upkeep\n|turn|4\n|j| Taimzz\n|\n|t:|1664915779\n|move|p1a: Gengar|Night Shade|p2a: Jynx\n|-damage|p2a: Jynx|40\/100 slp\n|cant|p2a: Jynx|slp\n|\n|upkeep\n|turn|5\n|l| Taimzz\n|\n|t:|1664915782\n|switch|p2a: Chansey|Chansey|100\/100\n|move|p1a: Gengar|Night Shade|p2a: Chansey\n|-damage|p2a: Chansey|86\/100\n|\n|upkeep\n|turn|6\n|j| agentkeval01\n|\n|t:|1664915804\n|move|p1a: Gengar|Night Shade|p2a: Chansey\n|-damage|p2a: Chansey|72\/100\n|move|p2a: Chansey|Soft-Boiled|p2a: Chansey\n|-heal|p2a: Chansey|100\/100\n|\n|upkeep\n|turn|7\n|inactive|kenny... has 120 seconds left.\n|\n|t:|1664915826\n|switch|p1a: Alakazam|Alakazam|100\/100\n|switch|p2a: Rhydon|Rhydon|100\/100\n|\n|upkeep\n|turn|8\n|\n|t:|1664915841\n|move|p1a: Alakazam|Psychic|p2a: Rhydon\n|-damage|p2a: Rhydon|53\/100\n|move|p2a: Rhydon|Earthquake|p1a: Alakazam\n|-crit|p1a: Alakazam\n|-damage|p1a: Alakazam|0 fnt\n|faint|p1a: Alakazam\n|\n|t:|1664915847\n|switch|p1a: Starmie|Starmie|100\/100\n|turn|9\n|\n|t:|1664915852\n|switch|p2a: Chansey|Chansey|100\/100\n|move|p1a: Starmie|Surf|p2a: Chansey\n|-damage|p2a: Chansey|86\/100\n|\n|upkeep\n|turn|10\n|inactive|kenny... has 120 seconds left.\n|\n|t:|1664915877\n|move|p1a: Starmie|Surf|p2a: Chansey\n|-crit|p2a: Chansey\n|-damage|p2a: Chansey|58\/100\n|move|p2a: Chansey|Thunder Wave|p1a: Starmie\n|-status|p1a: Starmie|par\n|\n|upkeep\n|turn|11\n|inactive|kenny... has 120 seconds left.\n|\n|t:|1664915889\n|move|p2a: Chansey|Soft-Boiled|p2a: Chansey\n|-heal|p2a: Chansey|100\/100\n|move|p1a: Starmie|Surf|p2a: Chansey\n|-damage|p2a: Chansey|86\/100\n|\n|upkeep\n|turn|12\n|inactive|kenny... has 120 seconds left.\n|\n|t:|1664915910\n|switch|p1a: Gengar|Gengar|45\/100\n|move|p2a: Chansey|Reflect|p2a: Chansey\n|-start|p2a: Chansey|Reflect\n|\n|upkeep\n|turn|13\n|\n|t:|1664915924\n|move|p1a: Gengar|Night Shade|p2a: Chansey\n|-damage|p2a: Chansey|72\/100\n|move|p2a: Chansey|Soft-Boiled|p2a: Chansey\n|-heal|p2a: Chansey|100\/100\n|\n|upkeep\n|turn|14\n|\n|t:|1664915937\n|switch|p1a: Chansey|Chansey|100\/100\n|move|p2a: Chansey|Thunder Wave|p1a: Chansey\n|-status|p1a: Chansey|par\n|\n|upkeep\n|turn|15\n|j|%ibbysonlyfan\n|\n|t:|1664915943\n|switch|p2a: Rhydon|Rhydon|53\/100\n|move|p1a: Chansey|Ice Beam|p2a: Rhydon\n|-supereffective|p2a: Rhydon\n|-damage|p2a: Rhydon|0 fnt\n|faint|p2a: Rhydon\n|c|%ibbysonlyfan|Lou Dort top 3 NBA player of all time\n|c|%ibbysonlyfan|Y\/Y\n|l| a quylthulg\n|inactive|Lou dort has 120 seconds left.\n|\n|t:|1664915986\n|switch|p2a: Snorlax|Snorlax|100\/100\n|turn|16\n|inactive|kenny... has 120 seconds left.\n|l|%ibbysonlyfan\n|c|\u2606kenny...|hes so dope\n|\n|t:|1664916019\n|switch|p1a: Gengar|Gengar|45\/100\n|move|p2a: Snorlax|Body Slam|p1a: Gengar\n|-immune|p1a: Gengar\n|\n|upkeep\n|turn|17\n|\n|t:|1664916042\n|switch|p1a: Snorlax|Snorlax|100\/100\n|switch|p2a: Jynx|Jynx|40\/100 slp\n|\n|upkeep\n|turn|18\n|\n|t:|1664916049\n|cant|p2a: Jynx|slp\n|move|p1a: Snorlax|Body Slam|p2a: Jynx\n|-damage|p2a: Jynx|0 fnt\n|faint|p2a: Jynx\n|\n|t:|1664916059\n|switch|p2a: Chansey|Chansey|100\/100\n|turn|19\n|\n|t:|1664916065\n|switch|p1a: Chansey|Chansey|100\/100 par\n|move|p2a: Chansey|Thunder Wave|p1a: Chansey\n|-fail|p1a: Chansey|par\n|\n|upkeep\n|turn|20\n|inactive|Lou dort has 120 seconds left.\n|l| agentkeval01\n|\n|t:|1664916099\n|move|p2a: Chansey|Seismic Toss|p1a: Chansey\n|-damage|p1a: Chansey|86\/100 par\n|cant|p1a: Chansey|par\n|\n|upkeep\n|turn|21\n|\n|t:|1664916104\n|move|p2a: Chansey|Seismic Toss|p1a: Chansey\n|-damage|p1a: Chansey|72\/100 par\n|move|p1a: Chansey|Ice Beam|p2a: Chansey\n|-damage|p2a: Chansey|91\/100\n|\n|upkeep\n|turn|22\n|inactive|Lou dort has 90 seconds left.\n|inactive|Lou dort has 60 seconds left.\n|\n|t:|1664916176\n|switch|p2a: Snorlax|Snorlax|100\/100\n|cant|p1a: Chansey|par\n|\n|upkeep\n|turn|23\n|\n|t:|1664916184\n|switch|p2a: Starmie|Starmie|100\/100\n|move|p1a: Chansey|Soft-Boiled|p1a: Chansey\n|-heal|p1a: Chansey|100\/100 par\n|\n|upkeep\n|turn|24\n|inactive|Lou dort has 60 seconds left.\n|\n|t:|1664916213\n|move|p2a: Starmie|Psychic|p1a: Chansey\n|-damage|p1a: Chansey|85\/100 par\n|move|p1a: Chansey|Ice Beam|p2a: Starmie\n|-resisted|p2a: Starmie\n|-damage|p2a: Starmie|88\/100\n|\n|upkeep\n|turn|25\n|\n|t:|1664916220\n|move|p2a: Starmie|Psychic|p1a: Chansey\n|-damage|p1a: Chansey|70\/100 par\n|-unboost|p1a: Chansey|spd|1\n|-unboost|p1a: Chansey|spa|1\n|move|p1a: Chansey|Ice Beam|p2a: Starmie\n|-resisted|p2a: Starmie\n|-damage|p2a: Starmie|80\/100\n|\n|upkeep\n|turn|26\n|\n|t:|1664916227\n|move|p2a: Starmie|Psychic|p1a: Chansey\n|-damage|p1a: Chansey|47\/100 par\n|move|p1a: Chansey|Thunder Wave|p2a: Starmie\n|-status|p2a: Starmie|par\n|\n|upkeep\n|turn|27\n|\n|t:|1664916233\n|cant|p2a: Starmie|par\n|move|p1a: Chansey|Soft-Boiled|p1a: Chansey\n|-heal|p1a: Chansey|97\/100 par\n|\n|upkeep\n|turn|28\n|\n|t:|1664916242\n|switch|p1a: Starmie|Starmie|100\/100 par\n|cant|p2a: Starmie|par\n|\n|upkeep\n|turn|29\n|\n|t:|1664916247\n|move|p2a: Starmie|Thunderbolt|p1a: Starmie\n|-supereffective|p1a: Starmie\n|-damage|p1a: Starmie|55\/100 par\n|move|p1a: Starmie|Thunderbolt|p2a: Starmie\n|-supereffective|p2a: Starmie\n|-damage|p2a: Starmie|30\/100 par\n|\n|upkeep\n|turn|30\n|\n|t:|1664916255\n|switch|p2a: Chansey|Chansey|91\/100\n|move|p1a: Starmie|Thunderbolt|p2a: Chansey\n|-damage|p2a: Chansey|80\/100\n|\n|upkeep\n|turn|31\n|\n|t:|1664916261\n|switch|p1a: Chansey|Chansey|97\/100 par\n|move|p2a: Chansey|Seismic Toss|p1a: Chansey\n|-damage|p1a: Chansey|83\/100 par\n|\n|upkeep\n|turn|32\n|inactive|Lou dort has 90 seconds left.\n|inactive|Lou dort has 60 seconds left.\n|\n|t:|1664916309\n|move|p2a: Chansey|Seismic Toss|p1a: Chansey\n|-damage|p1a: Chansey|69\/100 par\n|move|p1a: Chansey|Ice Beam|p2a: Chansey\n|-damage|p2a: Chansey|69\/100\n|\n|upkeep\n|turn|33\n|\n|t:|1664916314\n|switch|p2a: Starmie|Starmie|30\/100 par\n|move|p1a: Chansey|Sing|p2a: Starmie\n|-fail|p2a: Starmie\n|\n|upkeep\n|turn|34\n|j| klugbiyat\n|\n|t:|1664916326\n|cant|p2a: Starmie|par\n|move|p1a: Chansey|Soft-Boiled|p1a: Chansey\n|-heal|p1a: Chansey|100\/100 par\n|\n|upkeep\n|turn|35\n|l| klugbiyat\n|\n|t:|1664916334\n|switch|p1a: Gengar|Gengar|45\/100\n|move|p2a: Starmie|Recover|p2a: Starmie\n|-heal|p2a: Starmie|80\/100 par\n|\n|upkeep\n|turn|36\n|l| Fardbaleez\n|\n|t:|1664916362\n|move|p1a: Gengar|Thunderbolt|p2a: Starmie\n|-supereffective|p2a: Starmie\n|-damage|p2a: Starmie|20\/100 par\n|move|p2a: Starmie|Psychic|p1a: Gengar\n|-supereffective|p1a: Gengar\n|-damage|p1a: Gengar|0 fnt\n|faint|p1a: Gengar\n|\n|t:|1664916372\n|switch|p1a: Chansey|Chansey|100\/100 par\n|turn|37\n|\n|t:|1664916375\n|move|p2a: Starmie|Recover|p2a: Starmie\n|-heal|p2a: Starmie|70\/100 par\n|cant|p1a: Chansey|par\n|\n|upkeep\n|turn|38\n|\n|t:|1664916389\n|switch|p1a: Starmie|Starmie|55\/100 par\n|move|p2a: Starmie|Psychic|p1a: Starmie\n|-resisted|p1a: Starmie\n|-damage|p1a: Starmie|38\/100 par\n|\n|upkeep\n|turn|39\n|\n|t:|1664916394\n|move|p2a: Starmie|Thunderbolt|p1a: Starmie\n|-supereffective|p1a: Starmie\n|-damage|p1a: Starmie|0 fnt\n|faint|p1a: Starmie\n|c| Bluey5413|I love tell aviv\n|\n|t:|1664916398\n|switch|p1a: Snorlax|Snorlax|100\/100\n|turn|40\n|\n|t:|1664916406\n|switch|p2a: Chansey|Chansey|69\/100\n|move|p1a: Snorlax|Body Slam|p2a: Chansey\n|-crit|p2a: Chansey\n|-damage|p2a: Chansey|0 fnt\n|faint|p2a: Chansey\n|inactive|Lou dort has 90 seconds left.\n|\n|t:|1664916426\n|switch|p2a: Snorlax|Snorlax|100\/100\n|turn|41\n|\n|t:|1664916438\n|move|p2a: Snorlax|Reflect|p2a: Snorlax\n|-start|p2a: Snorlax|Reflect\n|move|p1a: Snorlax|Reflect|p1a: Snorlax\n|-start|p1a: Snorlax|Reflect\n|\n|upkeep\n|turn|42\n|\n|t:|1664916450\n|move|p2a: Snorlax|Body Slam|p1a: Snorlax\n|-damage|p1a: Snorlax|87\/100\n|move|p1a: Snorlax|Body Slam|p2a: Snorlax\n|-damage|p2a: Snorlax|88\/100\n|\n|upkeep\n|turn|43\n|\n|t:|1664916476\n|switch|p1a: Chansey|Chansey|100\/100 par\n|move|p2a: Snorlax|Body Slam|p1a: Chansey\n|-damage|p1a: Chansey|57\/100 par\n|\n|upkeep\n|turn|44\n|\n|t:|1664916482\n|move|p2a: Snorlax|Hyper Beam|p1a: Chansey\n|-damage|p1a: Chansey|0 fnt\n|faint|p1a: Chansey\n|\n|t:|1664916490\n|switch|p1a: Tauros|Tauros|100\/100\n|turn|45\n|\n|t:|1664916493\n|move|p1a: Tauros|Blizzard|p2a: Snorlax\n|-crit|p2a: Snorlax\n|-damage|p2a: Snorlax|50\/100\n|move|p2a: Snorlax|Body Slam|p1a: Tauros\n|-damage|p1a: Tauros|71\/100\n|\n|upkeep\n|turn|46\n|\n|t:|1664916498\n|move|p1a: Tauros|Blizzard|p2a: Snorlax\n|-damage|p2a: Snorlax|31\/100\n|-status|p2a: Snorlax|frz\n|cant|p2a: Snorlax|frz\n|\n|upkeep\n|turn|47\n|c| Bluey5413|Tfw\n|inactive|Lou dort has 120 seconds left.\n|\n|t:|1664916538\n|switch|p2a: Starmie|Starmie|70\/100 par\n|move|p1a: Tauros|Body Slam|p2a: Starmie\n|-damage|p2a: Starmie|33\/100 par\n|\n|upkeep\n|turn|48\n|\n|t:|1664916545\n|move|p1a: Tauros|Body Slam|p2a: Starmie\n|-damage|p2a: Starmie|0 fnt\n|faint|p2a: Starmie\n|\n|t:|1664916547\n|switch|p2a: Tauros|Tauros|100\/100\n|turn|49\n|\n|t:|1664916553\n|move|p1a: Tauros|Body Slam|p2a: Tauros\n|-damage|p2a: Tauros|71\/100\n|move|p2a: Tauros|Body Slam|p1a: Tauros\n|-damage|p1a: Tauros|39\/100\n|\n|upkeep\n|turn|50\n|\n|t:|1664916571\n|move|p1a: Tauros|Hyper Beam|p2a: Tauros\n|-crit|p2a: Tauros\n|-damage|p2a: Tauros|0 fnt\n|faint|p2a: Tauros\n|c|\u2606kenny...|rby moments\n|inactive|Lou dort has 120 seconds left.\n|c| Bluey5413|RBY is so cool\n|c| Bluey5413|I agree\n|inactive|Lou dort has 90 seconds left.\n|inactive|Lou dort has 60 seconds left.\n|c|\u2606kenny...|the timely frz + 21% crit rate and speed tie i am so skilled\n|c| Bluey5413|So true!\n|inactive|Lou dort has 30 seconds left.\n|c|\u2606kenny...|lou dort with his jaw to the floor\n|c|\u2606kenny...|unable to decide what to click next\n|inactive|Lou dort has 20 seconds left.\n|inactive|Lou dort has 15 seconds left.\n|inactive|Lou dort has 10 seconds left.\n|c| Bluey5413|Ong\n|inactive|Lou dort has 5 seconds left.\n|\n|t:|1664916703\n|switch|p2a: Snorlax|Snorlax|31\/100 frz\n|turn|51\n|inactive|Lou dort has 15 seconds left this turn.\n|c|\u2606kenny...|in awe of this skill\n|inactive|Lou dort has 10 seconds left.\n|\n|t:|1664916709\n|move|p1a: Tauros|Body Slam|p2a: Snorlax\n|-damage|p2a: Snorlax|7\/100 frz\n|cant|p2a: Snorlax|frz\n|\n|upkeep\n|turn|52\n|inactive|Lou dort has 20 seconds left this turn.\n|inactive|Lou dort has 15 seconds left.\n|inactive|Lou dort has 10 seconds left.\n|inactive|Lou dort has 5 seconds left.\n|\n|t:|1664916729\n|move|p1a: Tauros|Hyper Beam|p2a: Snorlax\n|-damage|p2a: Snorlax|0 fnt\n|faint|p2a: Snorlax\n|\n|win|kenny...\n|inactive|Lou dort has 10 seconds left this turn.\n|n|\u2606kenny...|kenny\n|n|\u203dLou dort|loudort\n|n| Bluey5413|bluey5413\n|l|\u203dLou dort\n|l| Bluey5413\n|c|\u2606kenny...|damn not even the timer stall could save him from the jaws of defeat\n","uploadtime":1664916744,"views":17,"p1id":"kenny","p2id":"loudort","formatid":"gen1ou","rating":0,"private":0,"password":null}