{"id":"gen1randombattle-1675054925","p1":"LoSconosciuto","p2":"TarremBOO!","format":"gen1randombattle","log":"|j|\u2606LoSconosciuto\n|j|\u2606TarremBOO!\n|t:|1664639161\n|gametype|singles\n|player|p1|LoSconosciuto|#teamgapdos|\n|player|p2|TarremBOO!|#teamskymin|\n|teamsize|p1|6\n|teamsize|p2|6\n|gen|1\n|tier|[Gen 1] Random Battle\n|rule|Desync Clause Mod: Desyncs changed to move failure.\n|rule|Sleep Clause Mod: Limit one foe put to sleep\n|rule|Freeze Clause Mod: Limit one foe frozen\n|rule|Species Clause: Limit one of each Pok\u00e9mon\n|rule|OHKO Clause: OHKO moves are banned\n|rule|Evasion Moves Clause: Evasion moves are banned\n|rule|Endless Battle Clause: Forcing endless battles is banned\n|rule|HP Percentage Mod: HP is shown in percentages\n|\n|t:|1664639161\n|start\n|switch|p1a: Sandslash|Sandslash, L77|274\/274\n|switch|p2a: Farfetch\u2019d|Farfetch\u2019d, L77|238\/238\n|turn|1\n|inactive|Battle timer is ON: inactive players will automatically lose when time's up. (requested by LoSconosciuto)\n|c|\u2606TarremBOO!|hf\n|c|\u2606LoSconosciuto|hf\n|j| Comentine\n|inactive|LoSconosciuto has 270 seconds left.\n|\n|t:|1664639196\n|switch|p1a: Haunter|Haunter, L74|219\/219\n|move|p2a: Farfetch\u2019d|Body Slam|p1a: Haunter\n|-immune|p1a: Haunter\n|\n|upkeep\n|turn|2\n|c|\u2606TarremBOO!|ho no\n|\n|t:|1664639215\n|switch|p2a: Sandslash|Sandslash, L77|274\/274\n|move|p1a: Haunter|Psychic|p2a: Sandslash\n|-crit|p2a: Sandslash\n|-damage|p2a: Sandslash|131\/274\n|-unboost|p2a: Sandslash|spd|1\n|-unboost|p2a: Sandslash|spa|1\n|\n|upkeep\n|turn|3\n|c|\u2606LoSconosciuto|good turn\n|\n|t:|1664639238\n|switch|p1a: Blastoise|Blastoise, L77|280\/280\n|switch|p2a: Drowzee|Drowzee, L88|285\/285\n|\n|upkeep\n|turn|4\n|\n|t:|1664639250\n|move|p1a: Blastoise|Hydro Pump|p2a: Drowzee\n|-damage|p2a: Drowzee|187\/285\n|move|p2a: Drowzee|Hypnosis|p1a: Blastoise\n|-status|p1a: Blastoise|slp|[from] move: Hypnosis\n|\n|upkeep\n|turn|5\n|\n|t:|1664639259\n|switch|p1a: Slowbro|Slowbro, L68|270\/270\n|move|p2a: Drowzee|Psychic|p1a: Slowbro\n|-resisted|p1a: Slowbro\n|-damage|p1a: Slowbro|210\/270\n|\n|upkeep\n|turn|6\n|\n|t:|1664639265\n|switch|p2a: Beedrill|Beedrill, L77|258\/258\n|move|p1a: Slowbro|Amnesia|p1a: Slowbro\n|-boost|p1a: Slowbro|spd|2\n|-boost|p1a: Slowbro|spa|2\n|\n|upkeep\n|turn|7\n|c|\u2606LoSconosciuto|bee\n|c|\u2606TarremBOO!|bee\n|\n|t:|1664639289\n|move|p2a: Beedrill|Swords Dance|p2a: Beedrill\n|-boost|p2a: Beedrill|atk|2\n|move|p1a: Slowbro|Surf|p2a: Beedrill\n|-damage|p2a: Beedrill|81\/258\n|\n|upkeep\n|turn|8\n|\n|t:|1664639301\n|switch|p1a: Magmar|Magmar, L77|258\/258\n|move|p2a: Beedrill|Twineedle|p1a: Magmar\n|-resisted|p1a: Magmar\n|-damage|p1a: Magmar|230\/258\n|-damage|p1a: Magmar|202\/258\n|-status|p1a: Magmar|psn\n|-hitcount|p1a: Magmar|2\n|\n|upkeep\n|turn|9\n|\n|t:|1664639306\n|switch|p2a: Omanyte|Omanyte, L88|241\/241\n|move|p1a: Magmar|Fire Blast|p2a: Omanyte\n|-resisted|p2a: Omanyte\n|-damage|p2a: Omanyte|220\/241\n|-damage|p1a: Magmar|186\/258 psn|[from] psn|[of] p2a: Omanyte\n|\n|upkeep\n|turn|10\n|\n|t:|1664639319\n|switch|p1a: Slowbro|Slowbro, L68|210\/270\n|move|p2a: Omanyte|Blizzard|p1a: Slowbro\n|-resisted|p1a: Slowbro\n|-damage|p1a: Slowbro|150\/270\n|\n|upkeep\n|turn|11\n|\n|t:|1664639327\n|move|p2a: Omanyte|Blizzard|p1a: Slowbro\n|-resisted|p1a: Slowbro\n|-damage|p1a: Slowbro|97\/270\n|move|p1a: Slowbro|Surf|p2a: Omanyte\n|-damage|p2a: Omanyte|161\/241\n|\n|upkeep\n|turn|12\n|\n|t:|1664639333\n|move|p2a: Omanyte|Body Slam|p1a: Slowbro\n|-damage|p1a: Slowbro|56\/270\n|-status|p1a: Slowbro|par\n|move|p1a: Slowbro|Thunder Wave|p2a: Omanyte\n|-status|p2a: Omanyte|par\n|\n|upkeep\n|turn|13\n|\n|t:|1664639340\n|switch|p2a: Beedrill|Beedrill, L77|81\/258\n|move|p1a: Slowbro|Surf|p2a: Beedrill\n|-damage|p2a: Beedrill|0 fnt\n|faint|p2a: Beedrill\n|\n|t:|1664639348\n|switch|p2a: Drowzee|Drowzee, L88|187\/285\n|turn|14\n|\n|t:|1664639351\n|move|p2a: Drowzee|Seismic Toss|p1a: Slowbro\n|-damage|p1a: Slowbro|0 fnt\n|faint|p1a: Slowbro\n|\n|t:|1664639363\n|switch|p1a: Sandslash|Sandslash, L77|274\/274\n|turn|15\n|\n|t:|1664639369\n|switch|p2a: Farfetch\u2019d|Farfetch\u2019d, L77|238\/238\n|move|p1a: Sandslash|Swords Dance|p1a: Sandslash\n|-boost|p1a: Sandslash|atk|2\n|\n|upkeep\n|turn|16\n|c|\u2606LoSconosciuto|damn sandslash is strong\n|\n|t:|1664639392\n|move|p1a: Sandslash|Rock Slide|p2a: Farfetch\u2019d\n|-supereffective|p2a: Farfetch\u2019d\n|-damage|p2a: Farfetch\u2019d|0 fnt\n|faint|p2a: Farfetch\u2019d\n|c|\u2606TarremBOO!|ikr\n|\n|t:|1664639396\n|switch|p2a: Magmar|Magmar, L77|258\/258\n|turn|17\n|\n|t:|1664639403\n|move|p2a: Magmar|Confuse Ray|p1a: Sandslash\n|-start|p1a: Sandslash|confusion\n|-activate|p1a: Sandslash|confusion\n|-damage|p1a: Sandslash|225\/274|[from] confusion\n|\n|upkeep\n|turn|18\n|\n|t:|1664639412\n|move|p2a: Magmar|Fire Blast|p1a: Sandslash\n|-damage|p1a: Sandslash|81\/274\n|-activate|p1a: Sandslash|confusion\n|-damage|p1a: Sandslash|32\/274|[from] confusion\n|\n|upkeep\n|turn|19\n|\n|t:|1664639418\n|switch|p1a: Blastoise|Blastoise, L77|280\/280 slp\n|move|p2a: Magmar|Psychic|p1a: Blastoise\n|-damage|p1a: Blastoise|221\/280 slp\n|\n|upkeep\n|turn|20\n|c|\u2606TarremBOO!|:D\n|\n|t:|1664639422\n|move|p2a: Magmar|Psychic|p1a: Blastoise\n|-crit|p1a: Blastoise\n|-damage|p1a: Blastoise|118\/280 slp\n|-unboost|p1a: Blastoise|spd|1\n|-unboost|p1a: Blastoise|spa|1\n|cant|p1a: Blastoise|slp\n|\n|upkeep\n|turn|21\n|\n|t:|1664639432\n|switch|p1a: Magmar|Magmar, L77|186\/258 psn\n|-damage|p1a: Magmar|170\/258 psn|[from] psn\n|move|p2a: Magmar|Psychic|p1a: Magmar\n|-damage|p1a: Magmar|119\/258 psn\n|-unboost|p1a: Magmar|spd|1\n|-unboost|p1a: Magmar|spa|1\n|\n|upkeep\n|turn|22\n|\n|t:|1664639436\n|switch|p2a: Omanyte|Omanyte, L88|161\/241 par\n|move|p1a: Magmar|Confuse Ray|p2a: Omanyte\n|-start|p2a: Omanyte|confusion\n|-damage|p1a: Magmar|103\/258 psn|[from] psn|[of] p2a: Omanyte\n|\n|upkeep\n|turn|23\n|\n|t:|1664639439\n|switch|p1a: Haunter|Haunter, L74|219\/219\n|-activate|p2a: Omanyte|confusion\n|cant|p2a: Omanyte|par\n|\n|upkeep\n|turn|24\n|\n|t:|1664639446\n|move|p1a: Haunter|Psychic|p2a: Omanyte\n|-crit|p2a: Omanyte\n|-damage|p2a: Omanyte|59\/241 par\n|-end|p2a: Omanyte|confusion\n|move|p2a: Omanyte|Rest|p2a: Omanyte\n|-status|p2a: Omanyte|slp|[from] move: Rest\n|-heal|p2a: Omanyte|241\/241 slp|[silent]\n|\n|upkeep\n|turn|25\n|\n|t:|1664639451\n|switch|p2a: Drowzee|Drowzee, L88|187\/285\n|move|p1a: Haunter|Psychic|p2a: Drowzee\n|-resisted|p2a: Drowzee\n|-damage|p2a: Drowzee|162\/285\n|-unboost|p2a: Drowzee|spd|1\n|-unboost|p2a: Drowzee|spa|1\n|\n|upkeep\n|turn|26\n|\n|t:|1664639462\n|move|p1a: Haunter|Thunderbolt|p2a: Drowzee\n|-damage|p2a: Drowzee|77\/285\n|move|p2a: Drowzee|Psychic|p1a: Haunter\n|-supereffective|p1a: Haunter\n|-damage|p1a: Haunter|104\/219\n|-unboost|p1a: Haunter|spd|1\n|-unboost|p1a: Haunter|spa|1\n|\n|upkeep\n|turn|27\n|\n|t:|1664639469\n|switch|p1a: Blastoise|Blastoise, L77|118\/280 slp\n|switch|p2a: Sandslash|Sandslash, L77|131\/274\n|\n|upkeep\n|turn|28\n|\n|t:|1664639476\n|cant|p1a: Blastoise|slp\n|move|p2a: Sandslash|Earthquake|p1a: Blastoise\n|-damage|p1a: Blastoise|32\/280 slp\n|\n|upkeep\n|turn|29\n|\n|t:|1664639478\n|cant|p1a: Blastoise|slp\n|move|p2a: Sandslash|Earthquake|p1a: Blastoise\n|-damage|p1a: Blastoise|0 fnt\n|faint|p1a: Blastoise\n|\n|t:|1664639482\n|switch|p1a: Magmar|Magmar, L77|103\/258 psn\n|turn|30\n|\n|t:|1664639487\n|switch|p2a: Omanyte|Omanyte, L88|241\/241 slp\n|move|p1a: Magmar|Body Slam|p2a: Omanyte\n|-crit|p2a: Omanyte\n|-resisted|p2a: Omanyte\n|-damage|p2a: Omanyte|196\/241 slp\n|-damage|p1a: Magmar|87\/258 psn|[from] psn|[of] p2a: Omanyte\n|\n|upkeep\n|turn|31\n|\n|t:|1664639505\n|switch|p1a: Haunter|Haunter, L74|104\/219\n|switch|p2a: Magmar|Magmar, L77|258\/258\n|\n|upkeep\n|turn|32\n|inactive|LoSconosciuto has 270 seconds left.\n|\n|t:|1664639538\n|move|p2a: Magmar|Psychic|p1a: Haunter\n|-supereffective|p1a: Haunter\n|-damage|p1a: Haunter|15\/219\n|-unboost|p1a: Haunter|spd|1\n|-unboost|p1a: Haunter|spa|1\n|move|p1a: Haunter|Thunderbolt|p2a: Magmar\n|-damage|p2a: Magmar|214\/258\n|\n|upkeep\n|turn|33\n|\n|t:|1664639548\n|switch|p1a: Sandslash|Sandslash, L77|32\/274\n|move|p2a: Magmar|Psychic|p1a: Sandslash\n|-damage|p1a: Sandslash|0 fnt\n|faint|p1a: Sandslash\n|\n|t:|1664639549\n|switch|p1a: Persian|Persian, L74|249\/249\n|turn|34\n|c|\u2606TarremBOO!|cat\n|\n|t:|1664639563\n|switch|p2a: Drowzee|Drowzee, L88|77\/285\n|move|p1a: Persian|Slash|p2a: Drowzee\n|-crit|p2a: Drowzee\n|-damage|p2a: Drowzee|0 fnt\n|faint|p2a: Drowzee\n|\n|t:|1664639580\n|switch|p2a: Sandslash|Sandslash, L77|131\/274\n|turn|35\n|\n|t:|1664639588\n|move|p1a: Persian|Bubble Beam|p2a: Sandslash\n|-supereffective|p2a: Sandslash\n|-damage|p2a: Sandslash|49\/274\n|-unboost|p2a: Sandslash|spe|1\n|move|p2a: Sandslash|Earthquake|p1a: Persian\n|-damage|p1a: Persian|116\/249\n|\n|upkeep\n|turn|36\n|\n|t:|1664639597\n|move|p1a: Persian|Slash|p2a: Sandslash\n|-crit|p2a: Sandslash\n|-damage|p2a: Sandslash|0 fnt\n|faint|p2a: Sandslash\n|\n|t:|1664639614\n|switch|p2a: Magmar|Magmar, L77|214\/258\n|turn|37\n|\n|t:|1664639625\n|move|p1a: Persian|Body Slam|p2a: Magmar\n|-damage|p2a: Magmar|134\/258\n|-status|p2a: Magmar|par\n|move|p2a: Magmar|Fire Blast|p1a: Persian\n|-damage|p1a: Persian|0 fnt\n|faint|p1a: Persian\n|\n|t:|1664639633\n|switch|p1a: Magmar|Magmar, L77|87\/258 psn\n|turn|38\n|\n|t:|1664639639\n|switch|p2a: Omanyte|Omanyte, L88|196\/241 slp\n|move|p1a: Magmar|Body Slam|p2a: Omanyte\n|-resisted|p2a: Omanyte\n|-damage|p2a: Omanyte|176\/241 slp\n|-damage|p1a: Magmar|71\/258 psn|[from] psn|[of] p2a: Omanyte\n|\n|upkeep\n|turn|39\n|\n|t:|1664639645\n|switch|p1a: Haunter|Haunter, L74|15\/219\n|cant|p2a: Omanyte|slp\n|\n|upkeep\n|turn|40\n|\n|t:|1664639652\n|move|p1a: Haunter|Thunderbolt|p2a: Omanyte\n|-supereffective|p2a: Omanyte\n|-damage|p2a: Omanyte|70\/241 slp\n|-curestatus|p2a: Omanyte|slp|[msg]\n|\n|upkeep\n|turn|41\n|\n|t:|1664639670\n|switch|p2a: Magmar|Magmar, L77|134\/258 par\n|move|p1a: Haunter|Thunderbolt|p2a: Magmar\n|-crit|p2a: Magmar\n|-damage|p2a: Magmar|15\/258 par\n|\n|upkeep\n|turn|42\n|c|\u2606LoSconosciuto|lucky para\n|c|\u2606TarremBOO!|oh\n|c|\u2606TarremBOO!|rip\n|c|\u2606TarremBOO!|gg\n|\n|t:|1664639682\n|move|p1a: Haunter|Thunderbolt|p2a: Magmar\n|-damage|p2a: Magmar|0 fnt\n|faint|p2a: Magmar\n|\n|t:|1664639684\n|switch|p2a: Omanyte|Omanyte, L88|70\/241\n|turn|43\n|\n|t:|1664639686\n|move|p1a: Haunter|Thunderbolt|p2a: Omanyte\n|-supereffective|p2a: Omanyte\n|-damage|p2a: Omanyte|0 fnt\n|faint|p2a: Omanyte\n|\n|win|LoSconosciuto\n|c|\u2606LoSconosciuto|gg\n|c|\u2606TarremBOO!|close one\n|l| Comentine\n|l|\u2606TarremBOO!\n","inputlog":">version ada2e1bce654ffdfc9a93da4ff105a49d2af2ffc\n>start {\"formatid\":\"gen1randombattle\",\"seed\":[23079,62904,52448,4507]}\n>player p1 {\"name\":\"LoSconosciuto\",\"avatar\":\"#teamgapdos\",\"rating\":0,\"seed\":[3906,59618,46167,55311]}\n>player p2 {\"name\":\"TarremBOO!\",\"avatar\":\"#teamskymin\",\"rating\":0,\"seed\":[41532,50532,56247,8722]}\n>chat \u2606TarremBOO!|hf\n>chat \u2606LoSconosciuto|hf\n>p1 switch 4\n>p2 move bodyslam\n>chat \u2606TarremBOO!|ho no\n>p1 move psychic\n>p2 switch 3\n>chat \u2606LoSconosciuto|good turn\n>p1 switch 3\n>p2 switch 4\n>p1 move hydropump\n>p2 move hypnosis\n>p1 switch 2\n>p2 move psychic\n>p1 move amnesia\n>p2 switch 2\n>chat \u2606LoSconosciuto|bee\n>chat \u2606TarremBOO!|bee\n>p1 move surf\n>p2 move swordsdance\n>p1 switch 5\n>p2 move twineedle\n>p1 move fireblast\n>p2 switch 5\n>p1 switch 5\n>p2 move blizzard\n>p1 move surf\n>p2 move blizzard\n>p1 move thunderwave\n>p2 move bodyslam\n>p1 move surf\n>p2 switch 5\n>p2 switch 2\n>p1 move thunderwave\n>p2 move seismictoss\n>p1 switch 4\n>p1 move swordsdance\n>p2 switch 3\n>chat \u2606LoSconosciuto|damn sandslash is strong\n>p1 move rockslide\n>p2 move bodyslam\n>chat \u2606TarremBOO!|ikr\n>p2 switch 6\n>p1 move earthquake\n>p2 move confuseray\n>p1 move earthquake\n>p2 move fireblast\n>p1 switch 2\n>p2 move psychic\n>chat \u2606TarremBOO!|:D\n>p1 move hydropump\n>p2 move psychic\n>p1 switch 5\n>p2 move psychic\n>p1 move confuseray\n>p2 switch 5\n>p1 switch 3\n>p2 move surf\n>p1 move psychic\n>p2 move rest\n>p1 move psychic\n>p2 switch 3\n>p1 move thunderbolt\n>p2 move psychic\n>p1 switch 5\n>p2 switch 4\n>p1 move hydropump\n>p2 move earthquake\n>p1 move hydropump\n>p2 move earthquake\n>p1 switch 3\n>p1 move bodyslam\n>p2 switch 3\n>p1 switch 5\n>p2 switch 5\n>p1 move thunderbolt\n>p2 move psychic\n>p1 switch 2\n>p2 move psychic\n>p1 switch 6\n>chat \u2606TarremBOO!|cat\n>p1 move slash\n>p2 switch 4\n>p2 switch 3\n>p1 move bubblebeam\n>p2 move earthquake\n>p1 move slash\n>p2 move earthquake\n>p2 switch 4\n>p1 move bodyslam\n>p2 move fireblast\n>p1 switch 5\n>p1 move bodyslam\n>p2 switch 5\n>p1 switch 2\n>p2 move surf\n>p1 move thunderbolt\n>p2 move surf\n>p1 move thunderbolt\n>p2 switch 5\n>chat \u2606LoSconosciuto|lucky para\n>chat \u2606TarremBOO!|oh\n>chat \u2606TarremBOO!|rip\n>chat \u2606TarremBOO!|gg\n>p1 move thunderbolt\n>p2 move bodyslam\n>p2 switch 5\n>p1 move thunderbolt\n>p2 move surf","uploadtime":1664639702,"views":5,"p1id":"losconosciuto","p2id":"tarremboo","formatid":"gen1randombattle","rating":0,"private":0,"password":null}