{"id":"gen1ubers-1306000301","p1":"Mikaav \u706b","p2":"Chickpiee","format":"gen1ubers","log":"|j|\u2606Mikaav \u706b\n|j|\u2606Chickpiee\n|t:|1616349914\n|player|p1|Mikaav \u706b|#wcop2020india|\n|player|p2|Chickpiee|caitlin|\n|teamsize|p1|6\n|teamsize|p2|6\n|gametype|singles\n|gen|1\n|tier|[Gen 1] Ubers\n|rated|Tournament battle\n|rule|Desync Clause Mod: Desyncs changed to move failure.\n|rule|Sleep Clause Mod: Limit one foe put to sleep\n|rule|Freeze Clause Mod: Limit one foe frozen\n|rule|Species Clause: Limit one of each Pok\u00e9mon\n|rule|OHKO Clause: OHKO moves are banned\n|rule|Evasion Moves Clause: Evasion moves are banned\n|rule|Endless Battle Clause: Forcing endless battles is banned\n|rule|HP Percentage Mod: HP is shown in percentages\n|\n|t:|1616349914\n|start\n|switch|p1a: Tauros|Tauros|100\/100\n|switch|p2a: Snorlax|Snorlax|100\/100\n|turn|1\n|j|*Lady Monita\n|j| Jadino bambino\n|inactive|Battle timer is ON: inactive players will automatically lose when time's up. (requested by Chickpiee)\n|l| Jadino bambino\n|c|\u2606Chickpiee|Hf\n|inactive|Mikaav \u706b has 120 seconds left.\n|c|\u2606Mikaav \u706b|hf\n|\n|t:|1616349960\n|move|p1a: Tauros|Body Slam|p2a: Snorlax\n|-damage|p2a: Snorlax|78\/100\n|move|p2a: Snorlax|Body Slam|p1a: Tauros\n|-damage|p1a: Tauros|67\/100\n|\n|upkeep\n|turn|2\n|\n|t:|1616349969\n|move|p1a: Tauros|Body Slam|p2a: Snorlax\n|-damage|p2a: Snorlax|51\/100\n|move|p2a: Snorlax|Body Slam|p1a: Tauros\n|-damage|p1a: Tauros|34\/100\n|\n|upkeep\n|turn|3\n|\n|t:|1616349975\n|move|p1a: Tauros|Hyper Beam|p2a: Snorlax\n|-crit|p2a: Snorlax\n|-damage|p2a: Snorlax|0 fnt\n|faint|p2a: Snorlax\n|\n|t:|1616349985\n|switch|p2a: Mewtwo|Mewtwo|100\/100\n|turn|4\n|\n|t:|1616350010\n|move|p2a: Mewtwo|Psychic|p1a: Tauros\n|-crit|p1a: Tauros\n|-damage|p1a: Tauros|0 fnt\n|faint|p1a: Tauros\n|\n|t:|1616350015\n|switch|p1a: Exeggutor|Exeggutor|100\/100\n|turn|5\n|\n|t:|1616350027\n|switch|p2a: Exeggutor|Exeggutor|100\/100\n|move|p1a: Exeggutor|Sleep Powder|p2a: Exeggutor|[miss]\n|-miss|p1a: Exeggutor\n|\n|upkeep\n|turn|6\n|\n|t:|1616350031\n|move|p2a: Exeggutor|Sleep Powder|p1a: Exeggutor\n|-status|p1a: Exeggutor|slp|[from] move: Sleep Powder\n|cant|p1a: Exeggutor|slp\n|\n|upkeep\n|turn|7\n|\n|t:|1616350046\n|switch|p1a: Snorlax|Snorlax|100\/100\n|switch|p2a: Mewtwo|Mewtwo|100\/100\n|\n|upkeep\n|turn|8\n|\n|t:|1616350055\n|switch|p2a: Slowbro|Slowbro|100\/100\n|move|p1a: Snorlax|Body Slam|p2a: Slowbro\n|-damage|p2a: Slowbro|74\/100\n|-status|p2a: Slowbro|par\n|\n|upkeep\n|turn|9\n|\n|t:|1616350067\n|move|p1a: Snorlax|Body Slam|p2a: Slowbro\n|-damage|p2a: Slowbro|48\/100 par\n|move|p2a: Slowbro|Thunder Wave|p1a: Snorlax\n|-status|p1a: Snorlax|par\n|\n|upkeep\n|turn|10\n|\n|t:|1616350072\n|cant|p1a: Snorlax|par\n|move|p2a: Slowbro|Rest|p2a: Slowbro\n|-status|p2a: Slowbro|slp|[from] move: Rest\n|-heal|p2a: Slowbro|100\/100 slp|[silent]\n|\n|upkeep\n|turn|11\n|\n|t:|1616350076\n|move|p1a: Snorlax|Body Slam|p2a: Slowbro\n|-damage|p2a: Slowbro|74\/100 slp\n|cant|p2a: Slowbro|slp\n|\n|upkeep\n|turn|12\n|\n|t:|1616350079\n|cant|p1a: Snorlax|par\n|-curestatus|p2a: Slowbro|slp|[msg]\n|\n|upkeep\n|turn|13\n|\n|t:|1616350082\n|cant|p1a: Snorlax|par\n|move|p2a: Slowbro|Amnesia|p2a: Slowbro\n|-boost|p2a: Slowbro|spd|2\n|-boost|p2a: Slowbro|spa|2\n|\n|upkeep\n|turn|14\n|\n|t:|1616350085\n|move|p2a: Slowbro|Surf|p1a: Snorlax\n|-damage|p1a: Snorlax|52\/100 par\n|move|p1a: Snorlax|Body Slam|p2a: Slowbro\n|-damage|p2a: Slowbro|48\/100\n|\n|upkeep\n|turn|15\n|\n|t:|1616350090\n|move|p2a: Slowbro|Surf|p1a: Snorlax\n|-damage|p1a: Snorlax|2\/100 par\n|move|p1a: Snorlax|Body Slam|p2a: Slowbro\n|-damage|p2a: Slowbro|24\/100\n|-status|p2a: Slowbro|par\n|\n|upkeep\n|turn|16\n|\n|t:|1616350099\n|cant|p2a: Slowbro|par\n|cant|p1a: Snorlax|par\n|\n|upkeep\n|turn|17\n|\n|t:|1616350104\n|move|p1a: Snorlax|Body Slam|p2a: Slowbro\n|-damage|p2a: Slowbro|0 fnt\n|faint|p2a: Slowbro\n|\n|t:|1616350108\n|switch|p2a: Mewtwo|Mewtwo|100\/100\n|turn|18\n|\n|t:|1616350124\n|move|p2a: Mewtwo|Psychic|p1a: Snorlax\n|-damage|p1a: Snorlax|0 fnt\n|faint|p1a: Snorlax\n|\n|t:|1616350135\n|switch|p1a: Slowbro|Slowbro|100\/100\n|turn|19\n|\n|t:|1616350145\n|switch|p2a: Exeggutor|Exeggutor|100\/100\n|move|p1a: Slowbro|Thunder Wave|p2a: Exeggutor\n|-status|p2a: Exeggutor|par\n|\n|upkeep\n|turn|20\n|\n|t:|1616350161\n|move|p1a: Slowbro|Amnesia|p1a: Slowbro\n|-boost|p1a: Slowbro|spd|2\n|-boost|p1a: Slowbro|spa|2\n|move|p2a: Exeggutor|Stun Spore|p1a: Slowbro\n|-status|p1a: Slowbro|par\n|\n|upkeep\n|turn|21\n|\n|t:|1616350176\n|move|p1a: Slowbro|Ice Beam|p2a: Exeggutor\n|-supereffective|p2a: Exeggutor\n|-damage|p2a: Exeggutor|39\/100 par\n|move|p2a: Exeggutor|Psychic|p1a: Slowbro\n|-resisted|p1a: Slowbro\n|-damage|p1a: Slowbro|91\/100 par\n|\n|upkeep\n|turn|22\n|\n|t:|1616350179\n|move|p1a: Slowbro|Ice Beam|p2a: Exeggutor\n|-crit|p2a: Exeggutor\n|-supereffective|p2a: Exeggutor\n|-damage|p2a: Exeggutor|0 fnt\n|faint|p2a: Exeggutor\n|\n|t:|1616350191\n|switch|p2a: Chansey|Chansey|100\/100\n|turn|23\n|\n|t:|1616350212\n|move|p2a: Chansey|Light Screen|p2a: Chansey\n|-start|p2a: Chansey|Light Screen\n|cant|p1a: Slowbro|par\n|\n|upkeep\n|turn|24\n|\n|t:|1616350217\n|move|p2a: Chansey|Seismic Toss|p1a: Slowbro\n|-damage|p1a: Slowbro|66\/100 par\n|move|p1a: Slowbro|Ice Beam|p2a: Chansey\n|-damage|p2a: Chansey|92\/100\n|\n|upkeep\n|turn|25\n|\n|t:|1616350224\n|move|p2a: Chansey|Seismic Toss|p1a: Slowbro\n|-damage|p1a: Slowbro|40\/100 par\n|cant|p1a: Slowbro|par\n|\n|upkeep\n|turn|26\n|\n|t:|1616350229\n|move|p2a: Chansey|Seismic Toss|p1a: Slowbro\n|-damage|p1a: Slowbro|15\/100 par\n|cant|p1a: Slowbro|par\n|\n|upkeep\n|turn|27\n|\n|t:|1616350234\n|move|p2a: Chansey|Seismic Toss|p1a: Slowbro\n|-damage|p1a: Slowbro|0 fnt\n|faint|p1a: Slowbro\n|inactive|Mikaav \u706b has 120 seconds left.\n|\n|t:|1616350271\n|switch|p1a: Mew|Mew|100\/100\n|turn|28\n|\n|t:|1616350276\n|move|p1a: Mew|Swords Dance|p1a: Mew\n|-boost|p1a: Mew|atk|2\n|move|p2a: Chansey|Thunder Wave|p1a: Mew\n|-status|p1a: Mew|par\n|\n|upkeep\n|turn|29\n|inactive|Mikaav \u706b has 120 seconds left.\n|inactive|Mikaav \u706b has 90 seconds left.\n|\n|t:|1616350330\n|switch|p2a: Mew|Mew|100\/100\n|move|p1a: Mew|Body Slam|p2a: Mew\n|-damage|p2a: Mew|67\/100\n|\n|upkeep\n|turn|30\n|inactive|Mikaav \u706b has 90 seconds left.\n|\n|t:|1616350339\n|move|p2a: Mew|Reflect|p2a: Mew\n|-start|p2a: Mew|Reflect\n|move|p1a: Mew|Body Slam|p2a: Mew\n|-crit|p2a: Mew\n|-damage|p2a: Mew|37\/100\n|\n|upkeep\n|turn|31\n|inactive|Mikaav \u706b has 90 seconds left.\n|\n|t:|1616350356\n|move|p2a: Mew|Soft-Boiled|p2a: Mew\n|-heal|p2a: Mew|87\/100\n|move|p1a: Mew|Swords Dance|p1a: Mew\n|-boost|p1a: Mew|atk|2\n|\n|upkeep\n|turn|32\n|\n|t:|1616350361\n|move|p2a: Mew|Transform|p1a: Mew\n|-transform|p2a: Mew|p1a: Mew\n|move|p1a: Mew|Body Slam|p2a: Mew\n|-damage|p2a: Mew|62\/100\n|\n|upkeep\n|turn|33\n|\n|t:|1616350370\n|move|p2a: Mew|Soft-Boiled|p2a: Mew\n|-heal|p2a: Mew|100\/100\n|move|p1a: Mew|Reflect|p1a: Mew\n|-start|p1a: Mew|Reflect\n|\n|upkeep\n|turn|34\n|\n|t:|1616350375\n|move|p2a: Mew|Swords Dance|p2a: Mew\n|-boost|p2a: Mew|atk|2\n|move|p1a: Mew|Swords Dance|p1a: Mew\n|-boost|p1a: Mew|atk|2\n|\n|upkeep\n|turn|35\n|\n|t:|1616350378\n|move|p2a: Mew|Body Slam|p1a: Mew\n|-damage|p1a: Mew|74\/100 par\n|cant|p1a: Mew|par\n|\n|upkeep\n|turn|36\n|\n|t:|1616350382\n|move|p2a: Mew|Body Slam|p1a: Mew\n|-damage|p1a: Mew|46\/100 par\n|move|p1a: Mew|Soft-Boiled|p1a: Mew\n|-heal|p1a: Mew|96\/100 par\n|\n|upkeep\n|turn|37\n|\n|t:|1616350385\n|move|p2a: Mew|Body Slam|p1a: Mew\n|-crit|p1a: Mew\n|-damage|p1a: Mew|72\/100 par\n|cant|p1a: Mew|par\n|\n|upkeep\n|turn|38\n|\n|t:|1616350409\n|move|p2a: Mew|Body Slam|p1a: Mew\n|-crit|p1a: Mew\n|-damage|p1a: Mew|47\/100 par\n|cant|p1a: Mew|par\n|\n|upkeep\n|turn|39\n|j| Jenkobeans\n|l| Jenkobeans\n|\n|t:|1616350421\n|switch|p2a: Chansey|Chansey|92\/100\n|move|p1a: Mew|Soft-Boiled|p1a: Mew\n|-heal|p1a: Mew|97\/100 par\n|\n|upkeep\n|turn|40\n|\n|t:|1616350428\n|switch|p2a: Mew|Mew|100\/100\n|move|p1a: Mew|Body Slam|p2a: Mew\n|-damage|p2a: Mew|42\/100\n|\n|upkeep\n|turn|41\n|\n|t:|1616350434\n|move|p2a: Mew|Reflect|p2a: Mew\n|-start|p2a: Mew|Reflect\n|move|p1a: Mew|Body Slam|p2a: Mew\n|-crit|p2a: Mew\n|-damage|p2a: Mew|8\/100\n|\n|upkeep\n|turn|42\n|\n|t:|1616350439\n|move|p2a: Mew|Soft-Boiled|p2a: Mew\n|-heal|p2a: Mew|58\/100\n|move|p1a: Mew|Body Slam|p2a: Mew\n|-crit|p2a: Mew\n|-damage|p2a: Mew|26\/100\n|\n|upkeep\n|turn|43\n|\n|t:|1616350444\n|move|p2a: Mew|Soft-Boiled|p2a: Mew\n|-heal|p2a: Mew|76\/100\n|move|p1a: Mew|Body Slam|p2a: Mew\n|-damage|p2a: Mew|48\/100\n|-status|p2a: Mew|par\n|\n|upkeep\n|turn|44\n|\n|t:|1616350450\n|move|p2a: Mew|Soft-Boiled|p2a: Mew\n|-heal|p2a: Mew|98\/100 par\n|move|p1a: Mew|Body Slam|p2a: Mew\n|-damage|p2a: Mew|70\/100 par\n|\n|upkeep\n|turn|45\n|\n|t:|1616350455\n|move|p2a: Mew|Soft-Boiled|p2a: Mew\n|-heal|p2a: Mew|100\/100 par\n|cant|p1a: Mew|par\n|\n|upkeep\n|turn|46\n|\n|t:|1616350459\n|move|p2a: Mew|Thunder Wave|p1a: Mew\n|-fail|p1a: Mew|par\n|cant|p1a: Mew|par\n|\n|upkeep\n|turn|47\n|inactive|Mikaav \u706b has 120 seconds left.\n|\n|t:|1616350519\n|move|p2a: Mew|Thunder Wave|p1a: Mew\n|-fail|p1a: Mew|par\n|cant|p1a: Mew|par\n|\n|upkeep\n|turn|48\n|\n|t:|1616350526\n|move|p2a: Mew|Reflect|p2a: Mew\n|-fail|p2a: Mew\n|cant|p1a: Mew|par\n|\n|upkeep\n|turn|49\n|\n|t:|1616350532\n|cant|p2a: Mew|par\n|move|p1a: Mew|Reflect|p1a: Mew\n|-fail|p1a: Mew\n|\n|upkeep\n|turn|50\n|\n|t:|1616350535\n|cant|p2a: Mew|par\n|cant|p1a: Mew|par\n|\n|upkeep\n|turn|51\n|inactive|Mikaav \u706b has 120 seconds left.\n|\n|t:|1616350575\n|move|p2a: Mew|Transform|p1a: Mew\n|-transform|p2a: Mew|p1a: Mew\n|cant|p1a: Mew|par\n|\n|upkeep\n|turn|52\n|\n|t:|1616350583\n|move|p2a: Mew|Reflect|p2a: Mew\n|-fail|p2a: Mew\n|cant|p1a: Mew|par\n|\n|upkeep\n|turn|53\n|\n|t:|1616350587\n|cant|p2a: Mew|par\n|move|p1a: Mew|Reflect|p1a: Mew\n|-fail|p1a: Mew\n|\n|upkeep\n|turn|54\n|inactive|Mikaav \u706b has 90 seconds left.\n|\n|t:|1616350624\n|move|p2a: Mew|Reflect|p2a: Mew\n|-fail|p2a: Mew\n|move|p1a: Mew|Reflect|p1a: Mew\n|-fail|p1a: Mew\n|\n|upkeep\n|turn|55\n|\n|t:|1616350628\n|move|p2a: Mew|Swords Dance|p2a: Mew\n|-fail|p2a: Mew\n|move|p1a: Mew|Reflect|p1a: Mew\n|-fail|p1a: Mew\n|\n|upkeep\n|turn|56\n|\n|t:|1616350631\n|move|p2a: Mew|Swords Dance|p2a: Mew\n|-fail|p2a: Mew\n|cant|p1a: Mew|par\n|\n|upkeep\n|turn|57\n|\n|t:|1616350650\n|cant|p2a: Mew|par\n|cant|p1a: Mew|par\n|\n|upkeep\n|turn|58\n|\n|t:|1616350661\n|cant|p2a: Mew|par\n|move|p1a: Mew|Reflect|p1a: Mew\n|-fail|p1a: Mew\n|\n|upkeep\n|turn|59\n|\n|t:|1616350671\n|move|p2a: Mew|Swords Dance|p2a: Mew\n|-fail|p2a: Mew\n|move|p1a: Mew|Reflect|p1a: Mew\n|-fail|p1a: Mew\n|\n|upkeep\n|turn|60\n|\n|t:|1616350690\n|move|p2a: Mew|Reflect|p2a: Mew\n|-fail|p2a: Mew\n|cant|p1a: Mew|par\n|\n|upkeep\n|turn|61\n|\n|t:|1616350695\n|cant|p2a: Mew|par\n|move|p1a: Mew|Reflect|p1a: Mew\n|-fail|p1a: Mew\n|\n|upkeep\n|turn|62\n|inactive|Mikaav \u706b has 120 seconds left.\n|\n|t:|1616350715\n|cant|p2a: Mew|par\n|cant|p1a: Mew|par\n|\n|upkeep\n|turn|63\n|\n|t:|1616350719\n|move|p2a: Mew|Reflect|p2a: Mew\n|-fail|p2a: Mew\n|cant|p1a: Mew|par\n|\n|upkeep\n|turn|64\n|\n|t:|1616350724\n|move|p2a: Mew|Swords Dance|p2a: Mew\n|-fail|p2a: Mew\n|move|p1a: Mew|Reflect|p1a: Mew\n|-fail|p1a: Mew\n|\n|upkeep\n|turn|65\n|\n|t:|1616350733\n|move|p2a: Mew|Reflect|p2a: Mew\n|-fail|p2a: Mew\n|move|p1a: Mew|Reflect|p1a: Mew\n|-fail|p1a: Mew\n|\n|upkeep\n|turn|66\n|\n|t:|1616350737\n|move|p2a: Mew|Swords Dance|p2a: Mew\n|-fail|p2a: Mew\n|move|p1a: Mew|Reflect|p1a: Mew\n|-fail|p1a: Mew\n|\n|upkeep\n|turn|67\n|inactive|Mikaav \u706b has 120 seconds left.\n|\n|t:|1616350786\n|move|p2a: Mew|Body Slam|p1a: Mew\n|-damage|p1a: Mew|90\/100 par\n|move|p1a: Mew|Reflect|p1a: Mew\n|-fail|p1a: Mew\n|\n|upkeep\n|turn|68\n|\n|t:|1616350792\n|move|p2a: Mew|Body Slam|p1a: Mew\n|-damage|p1a: Mew|84\/100 par\n|move|p1a: Mew|Reflect|p1a: Mew\n|-fail|p1a: Mew\n|\n|upkeep\n|turn|69\n|\n|t:|1616350798\n|move|p2a: Mew|Body Slam|p1a: Mew\n|-damage|p1a: Mew|77\/100 par\n|move|p1a: Mew|Body Slam|p2a: Mew\n|-crit|p2a: Mew\n|-damage|p2a: Mew|69\/100 par\n|\n|upkeep\n|turn|70\n|\n|t:|1616350802\n|move|p2a: Mew|Soft-Boiled|p2a: Mew\n|-heal|p2a: Mew|100\/100 par\n|move|p1a: Mew|Body Slam|p2a: Mew\n|-damage|p2a: Mew|71\/100 par\n|\n|upkeep\n|turn|71\n|\n|t:|1616350808\n|move|p2a: Mew|Soft-Boiled|p2a: Mew\n|-heal|p2a: Mew|100\/100 par\n|cant|p1a: Mew|par\n|\n|upkeep\n|turn|72\n|\n|t:|1616350812\n|move|p2a: Mew|Body Slam|p1a: Mew\n|-crit|p1a: Mew\n|-damage|p1a: Mew|45\/100 par\n|move|p1a: Mew|Reflect|p1a: Mew\n|-fail|p1a: Mew\n|\n|upkeep\n|turn|73\n|inactive|Mikaav \u706b has 120 seconds left.\n|\n|t:|1616350853\n|switch|p2a: Chansey|Chansey|92\/100\n|move|p1a: Mew|Reflect|p1a: Mew\n|-fail|p1a: Mew\n|\n|upkeep\n|turn|74\n|\n|t:|1616350860\n|move|p2a: Chansey|Seismic Toss|p1a: Mew\n|-damage|p1a: Mew|20\/100 par\n|move|p1a: Mew|Soft-Boiled|p1a: Mew\n|-heal|p1a: Mew|70\/100 par\n|\n|upkeep\n|turn|75\n|\n|t:|1616350867\n|switch|p2a: Mew|Mew|100\/100 par\n|cant|p1a: Mew|par\n|\n|upkeep\n|turn|76\n|\n|t:|1616350870\n|move|p2a: Mew|Reflect|p2a: Mew\n|-start|p2a: Mew|Reflect\n|cant|p1a: Mew|par\n|\n|upkeep\n|turn|77\n|\n|t:|1616350877\n|move|p2a: Mew|Transform|p1a: Mew\n|-transform|p2a: Mew|p1a: Mew\n|move|p1a: Mew|Body Slam|p2a: Mew\n|-damage|p2a: Mew|74\/100 par\n|\n|upkeep\n|turn|78\n|\n|t:|1616350883\n|move|p2a: Mew|Soft-Boiled|p2a: Mew\n|-heal|p2a: Mew|100\/100 par\n|move|p1a: Mew|Body Slam|p2a: Mew\n|-damage|p2a: Mew|71\/100 par\n|\n|upkeep\n|turn|79\n|inactive|Mikaav \u706b has 120 seconds left.\n|\n|t:|1616350936\n|move|p2a: Mew|Soft-Boiled|p2a: Mew\n|-heal|p2a: Mew|100\/100 par\n|move|p1a: Mew|Body Slam|p2a: Mew\n|-damage|p2a: Mew|74\/100 par\n|\n|upkeep\n|turn|80\n|\n|t:|1616350951\n|cant|p2a: Mew|par\n|move|p1a: Mew|Soft-Boiled|p1a: Mew\n|-heal|p1a: Mew|100\/100 par\n|\n|upkeep\n|turn|81\n|\n|t:|1616350954\n|move|p2a: Mew|Body Slam|p1a: Mew\n|-damage|p1a: Mew|94\/100 par\n|move|p1a: Mew|Reflect|p1a: Mew\n|-fail|p1a: Mew\n|\n|upkeep\n|turn|82\n|\n|t:|1616350959\n|move|p2a: Mew|Soft-Boiled|p2a: Mew\n|-heal|p2a: Mew|100\/100 par\n|cant|p1a: Mew|par\n|\n|upkeep\n|turn|83\n|\n|t:|1616350965\n|move|p2a: Mew|Body Slam|p1a: Mew\n|-damage|p1a: Mew|88\/100 par\n|move|p1a: Mew|Reflect|p1a: Mew\n|-fail|p1a: Mew\n|\n|upkeep\n|turn|84\n|\n|t:|1616350968\n|move|p2a: Mew|Body Slam|p1a: Mew\n|-damage|p1a: Mew|81\/100 par\n|move|p1a: Mew|Reflect|p1a: Mew\n|-fail|p1a: Mew\n|\n|upkeep\n|turn|85\n|\n|t:|1616350977\n|cant|p2a: Mew|par\n|move|p1a: Mew|Reflect|p1a: Mew\n|-fail|p1a: Mew\n|\n|upkeep\n|turn|86\n|\n|t:|1616350982\n|move|p2a: Mew|Reflect|p2a: Mew\n|-fail|p2a: Mew\n|move|p1a: Mew|Body Slam|p2a: Mew\n|-damage|p2a: Mew|74\/100 par\n|\n|upkeep\n|turn|87\n|\n|t:|1616350989\n|move|p2a: Mew|Soft-Boiled|p2a: Mew\n|-heal|p2a: Mew|100\/100 par\n|move|p1a: Mew|Body Slam|p2a: Mew\n|-damage|p2a: Mew|71\/100 par\n|\n|upkeep\n|turn|88\n|\n|t:|1616350996\n|move|p2a: Mew|Body Slam|p1a: Mew\n|-crit|p1a: Mew\n|-damage|p1a: Mew|50\/100 par\n|move|p1a: Mew|Reflect|p1a: Mew\n|-fail|p1a: Mew\n|\n|upkeep\n|turn|89\n|\n|t:|1616351002\n|move|p2a: Mew|Body Slam|p1a: Mew\n|-damage|p1a: Mew|43\/100 par\n|move|p1a: Mew|Soft-Boiled|p1a: Mew\n|-heal|p1a: Mew|93\/100 par\n|\n|upkeep\n|turn|90\n|\n|t:|1616351010\n|move|p2a: Mew|Soft-Boiled|p2a: Mew\n|-heal|p2a: Mew|100\/100 par\n|move|p1a: Mew|Swords Dance|p1a: Mew\n|-fail|p1a: Mew\n|\n|upkeep\n|turn|91\n|\n|t:|1616351013\n|switch|p2a: Chansey|Chansey|92\/100\n|move|p1a: Mew|Swords Dance|p1a: Mew\n|-fail|p1a: Mew\n|\n|upkeep\n|turn|92\n|\n|t:|1616351017\n|switch|p2a: Mew|Mew|100\/100 par\n|move|p1a: Mew|Body Slam|p2a: Mew\n|-damage|p2a: Mew|40\/100 par\n|\n|upkeep\n|turn|93\n|\n|t:|1616351022\n|move|p2a: Mew|Reflect|p2a: Mew\n|-start|p2a: Mew|Reflect\n|cant|p1a: Mew|par\n|\n|upkeep\n|turn|94\n|\n|t:|1616351031\n|switch|p1a: Exeggutor|Exeggutor|100\/100 slp\n|cant|p2a: Mew|par\n|\n|upkeep\n|turn|95\n|\n|t:|1616351036\n|cant|p1a: Exeggutor|slp\n|move|p2a: Mew|Soft-Boiled|p2a: Mew\n|-heal|p2a: Mew|90\/100 par\n|\n|upkeep\n|turn|96\n|\n|t:|1616351040\n|switch|p2a: Mewtwo|Mewtwo|100\/100\n|cant|p1a: Exeggutor|slp\n|\n|upkeep\n|turn|97\n|\n|t:|1616351045\n|move|p2a: Mewtwo|Amnesia|p2a: Mewtwo\n|-boost|p2a: Mewtwo|spd|2\n|-boost|p2a: Mewtwo|spa|2\n|cant|p1a: Exeggutor|slp\n|\n|upkeep\n|turn|98\n|\n|t:|1616351049\n|move|p2a: Mewtwo|Amnesia|p2a: Mewtwo\n|-boost|p2a: Mewtwo|spd|2\n|-boost|p2a: Mewtwo|spa|2\n|cant|p1a: Exeggutor|slp\n|\n|upkeep\n|turn|99\n|\n|t:|1616351055\n|move|p2a: Mewtwo|Amnesia|p2a: Mewtwo\n|-boost|p2a: Mewtwo|spd|2\n|-boost|p2a: Mewtwo|spa|2\n|cant|p1a: Exeggutor|slp\n|\n|upkeep\n|turn|100\n|\n|t:|1616351059\n|move|p2a: Mewtwo|Ice Beam|p1a: Exeggutor\n|-supereffective|p1a: Exeggutor\n|-damage|p1a: Exeggutor|0 fnt\n|faint|p1a: Exeggutor\n|\n|t:|1616351065\n|switch|p1a: Mewtwo|Mewtwo|100\/100\n|turn|101\n|\n|t:|1616351067\n|move|p1a: Mewtwo|Amnesia|p1a: Mewtwo\n|-boost|p1a: Mewtwo|spd|2\n|-boost|p1a: Mewtwo|spa|2\n|move|p2a: Mewtwo|Ice Beam|p1a: Mewtwo\n|-crit|p1a: Mewtwo\n|-damage|p1a: Mewtwo|67\/100\n|\n|upkeep\n|turn|102\n|\n|t:|1616351075\n|move|p1a: Mewtwo|Amnesia|p1a: Mewtwo\n|-boost|p1a: Mewtwo|spd|2\n|-boost|p1a: Mewtwo|spa|2\n|move|p2a: Mewtwo|Ice Beam|p1a: Mewtwo\n|-damage|p1a: Mewtwo|48\/100\n|\n|upkeep\n|turn|103\n|\n|t:|1616351078\n|move|p1a: Mewtwo|Recover|p1a: Mewtwo\n|-heal|p1a: Mewtwo|98\/100\n|move|p2a: Mewtwo|Ice Beam|p1a: Mewtwo\n|-damage|p1a: Mewtwo|81\/100\n|\n|upkeep\n|turn|104\n|\n|t:|1616351088\n|move|p2a: Mewtwo|Ice Beam|p1a: Mewtwo\n|-damage|p1a: Mewtwo|65\/100\n|move|p1a: Mewtwo|Amnesia|p1a: Mewtwo\n|-boost|p1a: Mewtwo|spd|2\n|-boost|p1a: Mewtwo|spa|2\n|\n|upkeep\n|turn|105\n|\n|t:|1616351095\n|move|p1a: Mewtwo|Ice Beam|p2a: Mewtwo\n|-damage|p2a: Mewtwo|81\/100\n|-status|p2a: Mewtwo|frz\n|cant|p2a: Mewtwo|frz\n|\n|upkeep\n|turn|106\n|\n|t:|1616351111\n|cant|p2a: Mewtwo|frz\n|move|p1a: Mewtwo|Recover|p1a: Mewtwo\n|-heal|p1a: Mewtwo|100\/100\n|\n|upkeep\n|turn|107\n|\n|t:|1616351117\n|cant|p2a: Mewtwo|frz\n|move|p1a: Mewtwo|Psychic|p2a: Mewtwo\n|-resisted|p2a: Mewtwo\n|-damage|p2a: Mewtwo|69\/100 frz\n|-unboost|p2a: Mewtwo|spd|1\n|-unboost|p2a: Mewtwo|spa|1\n|\n|upkeep\n|turn|108\n|\n|t:|1616351120\n|cant|p2a: Mewtwo|frz\n|move|p1a: Mewtwo|Psychic|p2a: Mewtwo\n|-resisted|p2a: Mewtwo\n|-damage|p2a: Mewtwo|55\/100 frz\n|-unboost|p2a: Mewtwo|spd|1\n|-unboost|p2a: Mewtwo|spa|1\n|\n|upkeep\n|turn|109\n|\n|t:|1616351124\n|move|p1a: Mewtwo|Psychic|p2a: Mewtwo\n|-resisted|p2a: Mewtwo\n|-damage|p2a: Mewtwo|43\/100 frz\n|-unboost|p2a: Mewtwo|spd|1\n|-unboost|p2a: Mewtwo|spa|1\n|cant|p2a: Mewtwo|frz\n|\n|upkeep\n|turn|110\n|\n|t:|1616351127\n|move|p1a: Mewtwo|Psychic|p2a: Mewtwo\n|-resisted|p2a: Mewtwo\n|-damage|p2a: Mewtwo|31\/100 frz\n|-unboost|p2a: Mewtwo|spd|1\n|-unboost|p2a: Mewtwo|spa|1\n|cant|p2a: Mewtwo|frz\n|\n|upkeep\n|turn|111\n|\n|t:|1616351131\n|cant|p2a: Mewtwo|frz\n|move|p1a: Mewtwo|Psychic|p2a: Mewtwo\n|-resisted|p2a: Mewtwo\n|-damage|p2a: Mewtwo|15\/100 frz\n|-unboost|p2a: Mewtwo|spd|1\n|-unboost|p2a: Mewtwo|spa|1\n|\n|upkeep\n|turn|112\n|\n|t:|1616351136\n|move|p1a: Mewtwo|Ice Beam|p2a: Mewtwo\n|-damage|p2a: Mewtwo|0 fnt\n|faint|p2a: Mewtwo\n|\n|t:|1616351139\n|switch|p2a: Chansey|Chansey|92\/100\n|turn|113\n|\n|t:|1616351167\n|move|p1a: Mewtwo|Psychic|p2a: Chansey\n|-damage|p2a: Chansey|39\/100\n|move|p2a: Chansey|Thunder Wave|p1a: Mewtwo\n|-status|p1a: Mewtwo|par\n|\n|upkeep\n|turn|114\n|\n|t:|1616351171\n|move|p2a: Chansey|Soft-Boiled|p2a: Chansey\n|-heal|p2a: Chansey|89\/100\n|move|p1a: Mewtwo|Psychic|p2a: Chansey\n|-damage|p2a: Chansey|44\/100\n|\n|upkeep\n|turn|115\n|\n|t:|1616351176\n|move|p2a: Chansey|Soft-Boiled|p2a: Chansey\n|-heal|p2a: Chansey|94\/100\n|move|p1a: Mewtwo|Psychic|p2a: Chansey\n|-damage|p2a: Chansey|43\/100\n|\n|upkeep\n|turn|116\n|\n|t:|1616351181\n|move|p2a: Chansey|Light Screen|p2a: Chansey\n|-start|p2a: Chansey|Light Screen\n|move|p1a: Mewtwo|Psychic|p2a: Chansey\n|-damage|p2a: Chansey|17\/100\n|\n|upkeep\n|turn|117\n|\n|t:|1616351186\n|move|p2a: Chansey|Soft-Boiled|p2a: Chansey\n|-heal|p2a: Chansey|67\/100\n|move|p1a: Mewtwo|Ice Beam|p2a: Chansey\n|-damage|p2a: Chansey|49\/100\n|\n|upkeep\n|turn|118\n|\n|t:|1616351190\n|move|p2a: Chansey|Soft-Boiled|p2a: Chansey\n|-heal|p2a: Chansey|99\/100\n|move|p1a: Mewtwo|Psychic|p2a: Chansey\n|-damage|p2a: Chansey|76\/100\n|-unboost|p2a: Chansey|spd|1\n|-unboost|p2a: Chansey|spa|1\n|\n|upkeep\n|turn|119\n|\n|t:|1616351194\n|move|p2a: Chansey|Seismic Toss|p1a: Mewtwo\n|-damage|p1a: Mewtwo|76\/100 par\n|cant|p1a: Mewtwo|par\n|\n|upkeep\n|turn|120\n|\n|t:|1616351199\n|move|p2a: Chansey|Seismic Toss|p1a: Mewtwo\n|-damage|p1a: Mewtwo|52\/100 par\n|move|p1a: Mewtwo|Psychic|p2a: Chansey\n|-crit|p2a: Chansey\n|-damage|p2a: Chansey|40\/100\n|\n|upkeep\n|turn|121\n|\n|t:|1616351204\n|move|p2a: Chansey|Soft-Boiled|p2a: Chansey\n|-heal|p2a: Chansey|90\/100\n|cant|p1a: Mewtwo|par\n|\n|upkeep\n|turn|122\n|\n|t:|1616351208\n|move|p2a: Chansey|Seismic Toss|p1a: Mewtwo\n|-damage|p1a: Mewtwo|28\/100 par\n|move|p1a: Mewtwo|Recover|p1a: Mewtwo\n|-heal|p1a: Mewtwo|78\/100 par\n|\n|upkeep\n|turn|123\n|\n|t:|1616351212\n|move|p2a: Chansey|Seismic Toss|p1a: Mewtwo\n|-damage|p1a: Mewtwo|54\/100 par\n|move|p1a: Mewtwo|Recover|p1a: Mewtwo\n|-heal|p1a: Mewtwo|100\/100 par\n|\n|upkeep\n|turn|124\n|\n|t:|1616351215\n|move|p2a: Chansey|Seismic Toss|p1a: Mewtwo\n|-damage|p1a: Mewtwo|76\/100 par\n|move|p1a: Mewtwo|Psychic|p2a: Chansey\n|-crit|p2a: Chansey\n|-damage|p2a: Chansey|52\/100\n|\n|upkeep\n|turn|125\n|\n|t:|1616351221\n|move|p2a: Chansey|Soft-Boiled|p2a: Chansey\n|-heal|p2a: Chansey|100\/100\n|move|p1a: Mewtwo|Psychic|p2a: Chansey\n|-damage|p2a: Chansey|63\/100\n|\n|upkeep\n|turn|126\n|\n|t:|1616351228\n|move|p2a: Chansey|Soft-Boiled|p2a: Chansey\n|-heal|p2a: Chansey|100\/100\n|cant|p1a: Mewtwo|par\n|\n|upkeep\n|turn|127\n|\n|t:|1616351233\n|move|p2a: Chansey|Seismic Toss|p1a: Mewtwo\n|-damage|p1a: Mewtwo|52\/100 par\n|cant|p1a: Mewtwo|par\n|\n|upkeep\n|turn|128\n|\n|t:|1616351238\n|move|p2a: Chansey|Seismic Toss|p1a: Mewtwo\n|-damage|p1a: Mewtwo|28\/100 par\n|move|p1a: Mewtwo|Recover|p1a: Mewtwo\n|-heal|p1a: Mewtwo|78\/100 par\n|\n|upkeep\n|turn|129\n|\n|t:|1616351244\n|move|p2a: Chansey|Seismic Toss|p1a: Mewtwo\n|-damage|p1a: Mewtwo|54\/100 par\n|move|p1a: Mewtwo|Recover|p1a: Mewtwo\n|-heal|p1a: Mewtwo|100\/100 par\n|\n|upkeep\n|turn|130\n|\n|t:|1616351248\n|move|p2a: Chansey|Seismic Toss|p1a: Mewtwo\n|-damage|p1a: Mewtwo|76\/100 par\n|move|p1a: Mewtwo|Psychic|p2a: Chansey\n|-damage|p2a: Chansey|64\/100\n|\n|upkeep\n|turn|131\n|\n|t:|1616351255\n|move|p2a: Chansey|Soft-Boiled|p2a: Chansey\n|-hint|In Gen 1, recovery moves fail if (user's maximum HP - user's current HP + 1) is divisible by 256.\n|-fail|p2a: Chansey\n|move|p1a: Mewtwo|Psychic|p2a: Chansey\n|-damage|p2a: Chansey|30\/100\n|\n|upkeep\n|turn|132\n|\n|t:|1616351268\n|move|p2a: Chansey|Soft-Boiled|p2a: Chansey\n|-heal|p2a: Chansey|80\/100\n|cant|p1a: Mewtwo|par\n|\n|upkeep\n|turn|133\n|\n|t:|1616351273\n|move|p2a: Chansey|Seismic Toss|p1a: Mewtwo\n|-damage|p1a: Mewtwo|52\/100 par\n|move|p1a: Mewtwo|Ice Beam|p2a: Chansey\n|-damage|p2a: Chansey|53\/100\n|\n|upkeep\n|turn|134\n|\n|t:|1616351279\n|move|p2a: Chansey|Soft-Boiled|p2a: Chansey\n|-heal|p2a: Chansey|100\/100\n|cant|p1a: Mewtwo|par\n|\n|upkeep\n|turn|135\n|\n|t:|1616351282\n|move|p2a: Chansey|Seismic Toss|p1a: Mewtwo\n|-damage|p1a: Mewtwo|28\/100 par\n|move|p1a: Mewtwo|Recover|p1a: Mewtwo\n|-heal|p1a: Mewtwo|78\/100 par\n|\n|upkeep\n|turn|136\n|\n|t:|1616351290\n|move|p2a: Chansey|Seismic Toss|p1a: Mewtwo\n|-damage|p1a: Mewtwo|54\/100 par\n|move|p1a: Mewtwo|Ice Beam|p2a: Chansey\n|-damage|p2a: Chansey|74\/100\n|\n|upkeep\n|turn|137\n|\n|t:|1616351296\n|move|p2a: Chansey|Seismic Toss|p1a: Mewtwo\n|-damage|p1a: Mewtwo|30\/100 par\n|move|p1a: Mewtwo|Recover|p1a: Mewtwo\n|-heal|p1a: Mewtwo|80\/100 par\n|\n|upkeep\n|turn|138\n|\n|t:|1616351301\n|move|p2a: Chansey|Seismic Toss|p1a: Mewtwo\n|-damage|p1a: Mewtwo|56\/100 par\n|cant|p1a: Mewtwo|par\n|\n|upkeep\n|turn|139\n|\n|t:|1616351307\n|move|p2a: Chansey|Seismic Toss|p1a: Mewtwo\n|-damage|p1a: Mewtwo|32\/100 par\n|move|p1a: Mewtwo|Recover|p1a: Mewtwo\n|-heal|p1a: Mewtwo|81\/100 par\n|\n|upkeep\n|turn|140\n|\n|t:|1616351311\n|move|p2a: Chansey|Seismic Toss|p1a: Mewtwo\n|-damage|p1a: Mewtwo|57\/100 par\n|move|p1a: Mewtwo|Ice Beam|p2a: Chansey\n|-crit|p2a: Chansey\n|-damage|p2a: Chansey|47\/100\n|\n|upkeep\n|turn|141\n|\n|t:|1616351317\n|move|p2a: Chansey|Soft-Boiled|p2a: Chansey\n|-heal|p2a: Chansey|97\/100\n|cant|p1a: Mewtwo|par\n|\n|upkeep\n|turn|142\n|\n|t:|1616351325\n|move|p2a: Chansey|Seismic Toss|p1a: Mewtwo\n|-damage|p1a: Mewtwo|33\/100 par\n|move|p1a: Mewtwo|Recover|p1a: Mewtwo\n|-heal|p1a: Mewtwo|83\/100 par\n|\n|upkeep\n|turn|143\n|\n|t:|1616351330\n|move|p2a: Chansey|Seismic Toss|p1a: Mewtwo\n|-damage|p1a: Mewtwo|59\/100 par\n|move|p1a: Mewtwo|Amnesia|p1a: Mewtwo\n|-fail|p1a: Mewtwo\n|\n|upkeep\n|turn|144\n|\n|t:|1616351336\n|move|p2a: Chansey|Seismic Toss|p1a: Mewtwo\n|-damage|p1a: Mewtwo|35\/100 par\n|move|p1a: Mewtwo|Recover|p1a: Mewtwo\n|-heal|p1a: Mewtwo|85\/100 par\n|\n|upkeep\n|turn|145\n|\n|t:|1616351347\n|move|p2a: Chansey|Seismic Toss|p1a: Mewtwo\n|-damage|p1a: Mewtwo|61\/100 par\n|move|p1a: Mewtwo|Ice Beam|p2a: Chansey\n|-damage|p2a: Chansey|70\/100\n|\n|upkeep\n|turn|146\n|\n|t:|1616351352\n|move|p2a: Chansey|Seismic Toss|p1a: Mewtwo\n|-damage|p1a: Mewtwo|37\/100 par\n|move|p1a: Mewtwo|Recover|p1a: Mewtwo\n|-heal|p1a: Mewtwo|87\/100 par\n|\n|upkeep\n|turn|147\n|\n|t:|1616351357\n|move|p2a: Chansey|Seismic Toss|p1a: Mewtwo\n|-damage|p1a: Mewtwo|62\/100 par\n|move|p1a: Mewtwo|Amnesia|p1a: Mewtwo\n|-fail|p1a: Mewtwo\n|\n|upkeep\n|turn|148\n|\n|t:|1616351361\n|move|p2a: Chansey|Seismic Toss|p1a: Mewtwo\n|-damage|p1a: Mewtwo|38\/100 par\n|move|p1a: Mewtwo|Recover|p1a: Mewtwo\n|-heal|p1a: Mewtwo|88\/100 par\n|\n|upkeep\n|turn|149\n|\n|t:|1616351366\n|move|p2a: Chansey|Seismic Toss|p1a: Mewtwo\n|-damage|p1a: Mewtwo|64\/100 par\n|cant|p1a: Mewtwo|par\n|\n|upkeep\n|turn|150\n|\n|t:|1616351371\n|move|p2a: Chansey|Seismic Toss|p1a: Mewtwo\n|-damage|p1a: Mewtwo|40\/100 par\n|move|p1a: Mewtwo|Recover|p1a: Mewtwo\n|-heal|p1a: Mewtwo|90\/100 par\n|\n|upkeep\n|turn|151\n|\n|t:|1616351379\n|move|p2a: Chansey|Seismic Toss|p1a: Mewtwo\n|-damage|p1a: Mewtwo|66\/100 par\n|move|p1a: Mewtwo|Amnesia|p1a: Mewtwo\n|-fail|p1a: Mewtwo\n|\n|upkeep\n|turn|152\n|\n|t:|1616351384\n|move|p2a: Chansey|Soft-Boiled|p2a: Chansey\n|-heal|p2a: Chansey|100\/100\n|move|p1a: Mewtwo|Recover|p1a: Mewtwo\n|-heal|p1a: Mewtwo|100\/100 par\n|\n|upkeep\n|turn|153\n|\n|t:|1616351392\n|move|p2a: Chansey|Thunder Wave|p1a: Mewtwo\n|-fail|p1a: Mewtwo|par\n|move|p1a: Mewtwo|Ice Beam|p2a: Chansey\n|-crit|p2a: Chansey\n|-damage|p2a: Chansey|72\/100\n|\n|upkeep\n|turn|154\n|\n|t:|1616351396\n|move|p2a: Chansey|Light Screen|p2a: Chansey\n|-fail|p2a: Chansey\n|move|p1a: Mewtwo|Ice Beam|p2a: Chansey\n|-crit|p2a: Chansey\n|-damage|p2a: Chansey|46\/100\n|\n|upkeep\n|turn|155\n|\n|t:|1616351401\n|move|p2a: Chansey|Soft-Boiled|p2a: Chansey\n|-heal|p2a: Chansey|96\/100\n|cant|p1a: Mewtwo|par\n|\n|upkeep\n|turn|156\n|\n|t:|1616351406\n|move|p2a: Chansey|Thunder Wave|p1a: Mewtwo\n|-fail|p1a: Mewtwo|par\n|move|p1a: Mewtwo|Psychic|p2a: Chansey\n|-crit|p2a: Chansey\n|-damage|p2a: Chansey|59\/100\n|\n|upkeep\n|turn|157\n|\n|t:|1616351412\n|move|p2a: Chansey|Soft-Boiled|p2a: Chansey\n|-heal|p2a: Chansey|100\/100\n|move|p1a: Mewtwo|Ice Beam|p2a: Chansey\n|-crit|p2a: Chansey\n|-damage|p2a: Chansey|75\/100\n|\n|upkeep\n|turn|158\n|\n|t:|1616351417\n|move|p2a: Chansey|Thunder Wave|p1a: Mewtwo\n|-fail|p1a: Mewtwo|par\n|cant|p1a: Mewtwo|par\n|\n|upkeep\n|turn|159\n|\n|t:|1616351422\n|move|p2a: Chansey|Thunder Wave|p1a: Mewtwo\n|-fail|p1a: Mewtwo|par\n|move|p1a: Mewtwo|Ice Beam|p2a: Chansey\n|-damage|p2a: Chansey|47\/100\n|\n|upkeep\n|turn|160\n|\n|t:|1616351431\n|move|p2a: Chansey|Soft-Boiled|p2a: Chansey\n|-heal|p2a: Chansey|97\/100\n|cant|p1a: Mewtwo|par\n|\n|upkeep\n|turn|161\n|\n|t:|1616351439\n|move|p2a: Chansey|Light Screen|p2a: Chansey\n|-fail|p2a: Chansey\n|move|p1a: Mewtwo|Ice Beam|p2a: Chansey\n|-damage|p2a: Chansey|71\/100\n|\n|upkeep\n|turn|162\n|\n|t:|1616351447\n|move|p2a: Chansey|Thunder Wave|p1a: Mewtwo\n|-fail|p1a: Mewtwo|par\n|move|p1a: Mewtwo|Amnesia|p1a: Mewtwo\n|-fail|p1a: Mewtwo\n|\n|upkeep\n|turn|163\n|\n|t:|1616351451\n|move|p2a: Chansey|Light Screen|p2a: Chansey\n|-fail|p2a: Chansey\n|cant|p1a: Mewtwo|par\n|\n|upkeep\n|turn|164\n|\n|t:|1616351456\n|move|p2a: Chansey|Thunder Wave|p1a: Mewtwo\n|-fail|p1a: Mewtwo|par\n|move|p1a: Mewtwo|Ice Beam|p2a: Chansey\n|-crit|p2a: Chansey\n|-damage|p2a: Chansey|44\/100\n|\n|upkeep\n|turn|165\n|\n|t:|1616351464\n|switch|p1a: Mew|Mew|93\/100 par\n|move|p2a: Chansey|Soft-Boiled|p2a: Chansey\n|-heal|p2a: Chansey|94\/100\n|\n|upkeep\n|turn|166\n|\n|t:|1616351476\n|switch|p2a: Mew|Mew|90\/100 par\n|move|p1a: Mew|Body Slam|p2a: Mew\n|-damage|p2a: Mew|73\/100 par\n|\n|upkeep\n|turn|167\n|\n|t:|1616351486\n|switch|p1a: Mewtwo|Mewtwo|100\/100 par\n|move|p2a: Mew|Reflect|p2a: Mew\n|-start|p2a: Mew|Reflect\n|\n|upkeep\n|turn|168\n|\n|t:|1616351491\n|move|p1a: Mewtwo|Amnesia|p1a: Mewtwo\n|-boost|p1a: Mewtwo|spd|2\n|-boost|p1a: Mewtwo|spa|2\n|move|p2a: Mew|Transform|p1a: Mewtwo\n|-transform|p2a: Mew|p1a: Mewtwo\n|\n|upkeep\n|turn|169\n|j| Mister Hat\n|\n|t:|1616351499\n|move|p2a: Mew|Recover|p2a: Mew\n|-heal|p2a: Mew|100\/100 par\n|move|p1a: Mewtwo|Amnesia|p1a: Mewtwo\n|-boost|p1a: Mewtwo|spd|2\n|-boost|p1a: Mewtwo|spa|2\n|\n|upkeep\n|turn|170\n|\n|t:|1616351502\n|move|p1a: Mewtwo|Amnesia|p1a: Mewtwo\n|-boost|p1a: Mewtwo|spd|2\n|-boost|p1a: Mewtwo|spa|2\n|cant|p2a: Mew|par\n|\n|upkeep\n|turn|171\n|c| Mister Hat|ok\n|c| Mister Hat|gen `\n|\n|t:|1616351507\n|cant|p1a: Mewtwo|par\n|move|p2a: Mew|Amnesia|p2a: Mew\n|-boost|p2a: Mew|spd|2\n|-boost|p2a: Mew|spa|2\n|\n|upkeep\n|turn|172\n|c| Mister Hat|gen 1\n|\n|t:|1616351513\n|move|p1a: Mewtwo|Ice Beam|p2a: Mew\n|-damage|p2a: Mew|81\/100 par\n|move|p2a: Mew|Amnesia|p2a: Mew\n|-boost|p2a: Mew|spd|2\n|-boost|p2a: Mew|spa|2\n|\n|upkeep\n|turn|173\n|c| Mister Hat|s t o p\n|\n|t:|1616351518\n|move|p2a: Mew|Recover|p2a: Mew\n|-heal|p2a: Mew|100\/100 par\n|move|p1a: Mewtwo|Ice Beam|p2a: Mew\n|-crit|p2a: Mew\n|-damage|p2a: Mew|67\/100 par\n|\n|upkeep\n|turn|174\n|\n|t:|1616351524\n|move|p2a: Mew|Recover|p2a: Mew\n|-heal|p2a: Mew|100\/100 par\n|move|p1a: Mewtwo|Amnesia|p1a: Mewtwo\n|-fail|p1a: Mewtwo\n|\n|upkeep\n|turn|175\n|\n|t:|1616351527\n|cant|p2a: Mew|par\n|move|p1a: Mewtwo|Amnesia|p1a: Mewtwo\n|-fail|p1a: Mewtwo\n|\n|upkeep\n|turn|176\n|\n|t:|1616351533\n|move|p2a: Mew|Psychic|p1a: Mewtwo\n|-crit|p1a: Mewtwo\n|-resisted|p1a: Mewtwo\n|-damage|p1a: Mewtwo|77\/100 par\n|move|p1a: Mewtwo|Amnesia|p1a: Mewtwo\n|-fail|p1a: Mewtwo\n|\n|upkeep\n|turn|177\n|\n|t:|1616351537\n|move|p2a: Mew|Psychic|p1a: Mewtwo\n|-crit|p1a: Mewtwo\n|-resisted|p1a: Mewtwo\n|-damage|p1a: Mewtwo|51\/100 par\n|move|p1a: Mewtwo|Amnesia|p1a: Mewtwo\n|-fail|p1a: Mewtwo\n|\n|upkeep\n|turn|178\n|j| Jenkobeans\n|\n|t:|1616351540\n|move|p1a: Mewtwo|Recover|p1a: Mewtwo\n|-heal|p1a: Mewtwo|100\/100 par\n|move|p2a: Mew|Ice Beam|p1a: Mewtwo\n|-damage|p1a: Mewtwo|82\/100 par\n|\n|upkeep\n|turn|179\n|\n|t:|1616351545\n|move|p1a: Mewtwo|Amnesia|p1a: Mewtwo\n|-fail|p1a: Mewtwo\n|move|p2a: Mew|Ice Beam|p1a: Mewtwo\n|-damage|p1a: Mewtwo|65\/100 par\n|\n|upkeep\n|turn|180\n|\n|t:|1616351550\n|move|p1a: Mewtwo|Amnesia|p1a: Mewtwo\n|-fail|p1a: Mewtwo\n|cant|p2a: Mew|par\n|\n|upkeep\n|turn|181\n|\n|t:|1616351554\n|move|p1a: Mewtwo|Amnesia|p1a: Mewtwo\n|-fail|p1a: Mewtwo\n|move|p2a: Mew|Psychic|p1a: Mewtwo\n|-resisted|p1a: Mewtwo\n|-damage|p1a: Mewtwo|53\/100 par\n|-unboost|p1a: Mewtwo|spd|1\n|-unboost|p1a: Mewtwo|spa|1\n|\n|upkeep\n|turn|182\n|\n|t:|1616351558\n|move|p2a: Mew|Ice Beam|p1a: Mewtwo\n|-damage|p1a: Mewtwo|35\/100 par\n|move|p1a: Mewtwo|Recover|p1a: Mewtwo\n|-heal|p1a: Mewtwo|85\/100 par\n|\n|upkeep\n|turn|183\n|\n|t:|1616351564\n|move|p2a: Mew|Psychic|p1a: Mewtwo\n|-resisted|p1a: Mewtwo\n|-damage|p1a: Mewtwo|73\/100 par\n|move|p1a: Mewtwo|Amnesia|p1a: Mewtwo\n|-boost|p1a: Mewtwo|spd|2\n|-boost|p1a: Mewtwo|spa|2\n|\n|upkeep\n|turn|184\n|\n|t:|1616351568\n|move|p2a: Mew|Ice Beam|p1a: Mewtwo\n|-crit|p1a: Mewtwo\n|-damage|p1a: Mewtwo|40\/100 par\n|move|p1a: Mewtwo|Amnesia|p1a: Mewtwo\n|-fail|p1a: Mewtwo\n|\n|upkeep\n|turn|185\n|\n|t:|1616351571\n|move|p2a: Mew|Psychic|p1a: Mewtwo\n|-resisted|p1a: Mewtwo\n|-damage|p1a: Mewtwo|27\/100 par\n|move|p1a: Mewtwo|Recover|p1a: Mewtwo\n|-heal|p1a: Mewtwo|77\/100 par\n|\n|upkeep\n|turn|186\n|\n|t:|1616351577\n|switch|p2a: Chansey|Chansey|94\/100\n|move|p1a: Mewtwo|Amnesia|p1a: Mewtwo\n|-fail|p1a: Mewtwo\n|\n|upkeep\n|turn|187\n|\n|t:|1616351583\n|switch|p2a: Mew|Mew|100\/100 par\n|move|p1a: Mewtwo|Ice Beam|p2a: Mew\n|-damage|p2a: Mew|34\/100 par\n|\n|upkeep\n|turn|188\n|\n|t:|1616351593\n|switch|p1a: Mew|Mew|93\/100 par\n|move|p2a: Mew|Soft-Boiled|p2a: Mew\n|-heal|p2a: Mew|83\/100 par\n|\n|upkeep\n|turn|189\n|\n|t:|1616351599\n|cant|p2a: Mew|par\n|move|p1a: Mew|Swords Dance|p1a: Mew\n|-boost|p1a: Mew|atk|2\n|\n|upkeep\n|turn|190\n|\n|t:|1616351604\n|move|p1a: Mew|Body Slam|p2a: Mew\n|-damage|p2a: Mew|52\/100 par\n|move|p2a: Mew|Reflect|p2a: Mew\n|-start|p2a: Mew|Reflect\n|\n|upkeep\n|turn|191\n|j| AN00bWithoutAName\n|\n|t:|1616351609\n|cant|p1a: Mew|par\n|move|p2a: Mew|Soft-Boiled|p2a: Mew\n|-heal|p2a: Mew|100\/100 par\n|\n|upkeep\n|turn|192\n|\n|t:|1616351613\n|move|p1a: Mew|Swords Dance|p1a: Mew\n|-boost|p1a: Mew|atk|2\n|move|p2a: Mew|Transform|p1a: Mew\n|-transform|p2a: Mew|p1a: Mew\n|\n|upkeep\n|turn|193\n|\n|t:|1616351618\n|move|p1a: Mew|Swords Dance|p1a: Mew\n|-boost|p1a: Mew|atk|2\n|move|p2a: Mew|Soft-Boiled|p2a: Mew\n|-fail|p2a: Mew\n|\n|upkeep\n|turn|194\n|\n|t:|1616351621\n|move|p1a: Mew|Reflect|p1a: Mew\n|-start|p1a: Mew|Reflect\n|move|p2a: Mew|Soft-Boiled|p2a: Mew\n|-fail|p2a: Mew\n|\n|upkeep\n|turn|195\n|\n|t:|1616351628\n|move|p1a: Mew|Swords Dance|p1a: Mew\n|-fail|p1a: Mew\n|move|p2a: Mew|Swords Dance|p2a: Mew\n|-boost|p2a: Mew|atk|2\n|\n|upkeep\n|turn|196\n|\n|t:|1616351636\n|move|p2a: Mew|Body Slam|p1a: Mew\n|-damage|p1a: Mew|65\/100 par\n|move|p1a: Mew|Swords Dance|p1a: Mew\n|-fail|p1a: Mew\n|\n|upkeep\n|turn|197\n|\n|t:|1616351645\n|move|p1a: Mew|Soft-Boiled|p1a: Mew\n|-heal|p1a: Mew|100\/100 par\n|move|p2a: Mew|Body Slam|p1a: Mew\n|-damage|p1a: Mew|72\/100 par\n|\n|upkeep\n|turn|198\n|\n|t:|1616351650\n|cant|p2a: Mew|par\n|cant|p1a: Mew|par\n|\n|upkeep\n|turn|199\n|\n|t:|1616351654\n|move|p2a: Mew|Body Slam|p1a: Mew\n|-damage|p1a: Mew|48\/100 par\n|move|p1a: Mew|Swords Dance|p1a: Mew\n|-fail|p1a: Mew\n|\n|upkeep\n|turn|200\n|\n|t:|1616351658\n|cant|p2a: Mew|par\n|cant|p1a: Mew|par\n|\n|upkeep\n|turn|201\n|\n|t:|1616351662\n|move|p2a: Mew|Body Slam|p1a: Mew\n|-crit|p1a: Mew\n|-damage|p1a: Mew|23\/100 par\n|cant|p1a: Mew|par\n|\n|upkeep\n|turn|202\n|\n|t:|1616351668\n|move|p2a: Mew|Body Slam|p1a: Mew\n|-damage|p1a: Mew|0 fnt\n|faint|p1a: Mew\n|-message|Mikaav \u706b forfeited.\n|\n|win|Chickpiee\n|n|\u2606Mikaav \u706b|mikaav\n|n|\u2606Chickpiee|chickpiee\n|n|*Lady Monita|ladymonita\n|n| Mister Hat|misterhat\n|n| Jenkobeans|jenkobeans\n|n| AN00bWithoutAName|an00bwithoutaname\n|l|*Lady Monita\n|l|\u2606Mikaav \u706b\n|c|\u2606Chickpiee|gg\n|l| AN00bWithoutAName\n","uploadtime":1616351681,"views":29,"p1id":"mikaav","p2id":"chickpiee","formatid":"gen1ubers","rating":0,"private":0,"password":null}