{"id":"gen1randombattle-1690058210","p1":"CollectorEly","p2":"LoSconosciuto","format":"gen1randombattle","log":"|j|\u2606CollectorEly\n|j|\u2606LoSconosciuto\n|t:|1666229605\n|gametype|singles\n|player|p1|CollectorEly|erika|\n|player|p2|LoSconosciuto|#teamgapdos|\n|teamsize|p1|6\n|teamsize|p2|6\n|gen|1\n|tier|[Gen 1] Random Battle\n|rule|Desync Clause Mod: Desyncs changed to move failure.\n|rule|Sleep Clause Mod: Limit one foe put to sleep\n|rule|Freeze Clause Mod: Limit one foe frozen\n|rule|Species Clause: Limit one of each Pok\u00e9mon\n|rule|OHKO Clause: OHKO moves are banned\n|rule|Evasion Moves Clause: Evasion moves are banned\n|rule|Endless Battle Clause: Forcing endless battles is banned\n|rule|HP Percentage Mod: HP is shown in percentages\n|\n|t:|1666229605\n|start\n|switch|p1a: Gastly|Gastly, L88|232\/232\n|switch|p2a: Alakazam|Alakazam, L68|216\/216\n|turn|1\n|inactive|Battle timer is ON: inactive players will automatically lose when time's up. (requested by LoSconosciuto)\n|c|\u2606LoSconosciuto|hf\n|\n|t:|1666229627\n|switch|p2a: Paras|Paras, L88|241\/241\n|switch|p1a: Dragonair|Dragonair, L80|262\/262\n|\n|upkeep\n|turn|2\n|\n|t:|1666229634\n|move|p1a: Dragonair|Body Slam|p2a: Paras\n|-crit|p2a: Paras\n|-damage|p2a: Paras|126\/241\n|-status|p2a: Paras|par\n|move|p2a: Paras|Spore|p1a: Dragonair\n|-status|p1a: Dragonair|slp|[from] move: Spore\n|\n|upkeep\n|turn|3\n|\n|t:|1666229643\n|cant|p1a: Dragonair|slp\n|move|p2a: Paras|Stun Spore|p1a: Dragonair|[miss]\n|-miss|p2a: Paras\n|\n|upkeep\n|turn|4\n|\n|t:|1666229647\n|switch|p2a: Alakazam|Alakazam, L68|216\/216\n|cant|p1a: Dragonair|slp\n|\n|upkeep\n|turn|5\n|\n|t:|1666229660\n|switch|p1a: Charmeleon|Charmeleon, L80|257\/257\n|move|p2a: Alakazam|Psychic|p1a: Charmeleon\n|-crit|p1a: Charmeleon\n|-damage|p1a: Charmeleon|56\/257\n|\n|upkeep\n|turn|6\n|\n|t:|1666229666\n|move|p2a: Alakazam|Psychic|p1a: Charmeleon\n|-crit|p1a: Charmeleon\n|-damage|p1a: Charmeleon|0 fnt\n|faint|p1a: Charmeleon\n|\n|t:|1666229672\n|switch|p1a: Marowak|Marowak, L77|251\/251\n|turn|7\n|\n|t:|1666229684\n|switch|p2a: Articuno|Articuno, L74|286\/286\n|move|p1a: Marowak|Body Slam|p2a: Articuno\n|-damage|p2a: Articuno|237\/286\n|-status|p2a: Articuno|par\n|\n|upkeep\n|turn|8\n|\n|t:|1666229703\n|switch|p1a: Ditto|Ditto, L88|264\/264\n|move|p2a: Articuno|Blizzard|p1a: Ditto\n|-damage|p1a: Ditto|105\/264\n|\n|upkeep\n|turn|9\n|\n|t:|1666229718\n|switch|p2a: Paras|Paras, L88|126\/241 par\n|move|p1a: Ditto|Transform|p2a: Paras\n|-transform|p1a: Ditto|p2a: Paras\n|\n|upkeep\n|turn|10\n|\n|t:|1666229732\n|move|p1a: Ditto|Body Slam|p2a: Paras\n|-damage|p2a: Paras|61\/241 par\n|cant|p2a: Paras|par\n|\n|upkeep\n|turn|11\n|\n|t:|1666229742\n|move|p1a: Ditto|Body Slam|p2a: Paras\n|-damage|p2a: Paras|0 fnt\n|faint|p2a: Paras\n|\n|t:|1666229764\n|switch|p2a: Krabby|Krabby, L88|232\/232\n|turn|12\n|\n|t:|1666229776\n|switch|p1a: Gastly|Gastly, L88|232\/232\n|move|p2a: Krabby|Blizzard|p1a: Gastly\n|-damage|p1a: Gastly|194\/232\n|\n|upkeep\n|turn|13\n|\n|t:|1666229787\n|move|p1a: Gastly|Confuse Ray|p2a: Krabby\n|-start|p2a: Krabby|confusion\n|-activate|p2a: Krabby|confusion\n|-damage|p2a: Krabby|198\/232|[from] confusion\n|\n|upkeep\n|turn|14\n|\n|t:|1666229792\n|move|p1a: Gastly|Thunderbolt|p2a: Krabby\n|-supereffective|p2a: Krabby\n|-damage|p2a: Krabby|0 fnt\n|faint|p2a: Krabby\n|\n|t:|1666229797\n|switch|p2a: Alakazam|Alakazam, L68|216\/216\n|turn|15\n|\n|t:|1666229803\n|switch|p1a: Dragonair|Dragonair, L80|262\/262 slp\n|move|p2a: Alakazam|Psychic|p1a: Dragonair\n|-damage|p1a: Dragonair|171\/262 slp\n|\n|upkeep\n|turn|16\n|\n|t:|1666229808\n|move|p2a: Alakazam|Psychic|p1a: Dragonair\n|-crit|p1a: Dragonair\n|-damage|p1a: Dragonair|0 fnt\n|faint|p1a: Dragonair\n|\n|t:|1666229825\n|switch|p1a: Marowak|Marowak, L77|251\/251\n|turn|17\n|\n|t:|1666229829\n|switch|p2a: Articuno|Articuno, L74|237\/286 par\n|move|p1a: Marowak|Body Slam|p2a: Articuno\n|-damage|p2a: Articuno|190\/286 par\n|\n|upkeep\n|turn|18\n|\n|t:|1666229834\n|move|p1a: Marowak|Seismic Toss|p2a: Articuno\n|-damage|p2a: Articuno|113\/286 par\n|cant|p2a: Articuno|par\n|\n|upkeep\n|turn|19\n|\n|t:|1666229838\n|move|p1a: Marowak|Seismic Toss|p2a: Articuno\n|-damage|p2a: Articuno|36\/286 par\n|move|p2a: Articuno|Blizzard|p1a: Marowak\n|-supereffective|p1a: Marowak\n|-damage|p1a: Marowak|0 fnt\n|faint|p1a: Marowak\n|\n|t:|1666229845\n|switch|p1a: Ditto|Ditto, L88|105\/264\n|turn|20\n|\n|t:|1666229856\n|switch|p2a: Venusaur|Venusaur, L74|271\/271\n|move|p1a: Ditto|Transform|p2a: Venusaur\n|-transform|p1a: Ditto|p2a: Venusaur\n|\n|upkeep\n|turn|21\n|\n|t:|1666229869\n|switch|p1a: Gastly|Gastly, L88|194\/232\n|move|p2a: Venusaur|Body Slam|p1a: Gastly\n|-immune|p1a: Gastly\n|\n|upkeep\n|turn|22\n|\n|t:|1666229876\n|switch|p2a: Articuno|Articuno, L74|36\/286 par\n|move|p1a: Gastly|Confuse Ray|p2a: Articuno\n|-start|p2a: Articuno|confusion\n|\n|upkeep\n|turn|23\n|j| Teres BAHJI\n|inactive|CollectorEly has 270 seconds left.\n|c| Teres BAHJI|i need to start training gen 1\n|c| Teres BAHJI|looks like\n|\n|t:|1666229916\n|switch|p2a: Alakazam|Alakazam, L68|216\/216\n|move|p1a: Gastly|Psychic|p2a: Alakazam\n|-resisted|p2a: Alakazam\n|-damage|p2a: Alakazam|182\/216\n|\n|upkeep\n|turn|24\n|\n|t:|1666229944\n|move|p2a: Alakazam|Psychic|p1a: Gastly\n|-supereffective|p1a: Gastly\n|-damage|p1a: Gastly|45\/232\n|move|p1a: Gastly|Confuse Ray|p2a: Alakazam\n|-start|p2a: Alakazam|confusion\n|\n|upkeep\n|turn|25\n|\n|t:|1666229957\n|switch|p2a: Articuno|Articuno, L74|36\/286 par\n|switch|p1a: Ditto|Ditto, L88|105\/264\n|\n|upkeep\n|turn|26\n|\n|t:|1666229962\n|switch|p2a: Venusaur|Venusaur, L74|271\/271\n|move|p1a: Ditto|Transform|p2a: Venusaur\n|-transform|p1a: Ditto|p2a: Venusaur\n|\n|upkeep\n|turn|27\n|\n|t:|1666229972\n|move|p1a: Ditto|Body Slam|p2a: Venusaur\n|-damage|p2a: Venusaur|200\/271\n|move|p2a: Venusaur|Body Slam|p1a: Ditto\n|-damage|p1a: Ditto|64\/264\n|-status|p1a: Ditto|par\n|\n|upkeep\n|turn|28\n|\n|t:|1666229980\n|move|p2a: Venusaur|Hyper Beam|p1a: Ditto|[miss]\n|-miss|p2a: Venusaur\n|cant|p1a: Ditto|par\n|\n|upkeep\n|turn|29\n|\n|t:|1666229985\n|switch|p2a: Articuno|Articuno, L74|36\/286 par\n|switch|p1a: Gastly|Gastly, L88|45\/232\n|\n|upkeep\n|turn|30\n|\n|t:|1666229989\n|move|p1a: Gastly|Confuse Ray|p2a: Articuno\n|-start|p2a: Articuno|confusion\n|-activate|p2a: Articuno|confusion\n|-damage|p2a: Articuno|12\/286 par|[from] confusion\n|\n|upkeep\n|turn|31\n|c|\u2606CollectorEly|f\n|\n|t:|1666229994\n|move|p1a: Gastly|Thunderbolt|p2a: Articuno\n|-supereffective|p2a: Articuno\n|-damage|p2a: Articuno|0 fnt\n|faint|p2a: Articuno\n|\n|t:|1666229996\n|switch|p2a: Alakazam|Alakazam, L68|182\/216\n|turn|32\n|\n|t:|1666230000\n|switch|p1a: Ditto|Ditto, L88|64\/264 par\n|move|p2a: Alakazam|Psychic|p1a: Ditto\n|-damage|p1a: Ditto|0 fnt\n|faint|p1a: Ditto\n|\n|t:|1666230005\n|switch|p1a: Meowth|Meowth, L88|250\/250\n|turn|33\n|\n|t:|1666230020\n|move|p1a: Meowth|Slash|p2a: Alakazam\n|-crit|p2a: Alakazam\n|-damage|p2a: Alakazam|0 fnt\n|faint|p2a: Alakazam\n|inactive|LoSconosciuto has 270 seconds left.\n|\n|t:|1666230047\n|switch|p2a: Venusaur|Venusaur, L74|200\/271\n|turn|34\n|\n|t:|1666230050\n|switch|p1a: Gastly|Gastly, L88|45\/232\n|move|p2a: Venusaur|Razor Leaf|p1a: Gastly\n|-crit|p1a: Gastly\n|-resisted|p1a: Gastly\n|-damage|p1a: Gastly|6\/232\n|\n|upkeep\n|turn|35\n|\n|t:|1666230059\n|move|p1a: Gastly|Psychic|p2a: Venusaur\n|-crit|p2a: Venusaur\n|-supereffective|p2a: Venusaur\n|-damage|p2a: Venusaur|0 fnt\n|faint|p2a: Venusaur\n|\n|t:|1666230061\n|switch|p2a: Flareon|Flareon, L77|258\/258\n|turn|36\n|\n|t:|1666230065\n|move|p1a: Gastly|Explosion|p2a: Flareon\n|-damage|p2a: Flareon|66\/258\n|faint|p1a: Gastly\n|\n|t:|1666230068\n|switch|p1a: Meowth|Meowth, L88|250\/250\n|turn|37\n|\n|t:|1666230071\n|move|p1a: Meowth|Body Slam|p2a: Flareon\n|-damage|p2a: Flareon|0 fnt\n|faint|p2a: Flareon\n|\n|win|CollectorEly\n|c|\u2606LoSconosciuto|gg\n|l|\u2606CollectorEly\n","inputlog":">version 9c5d654b898167f5ae9ca6e9cc2965040adf185e\n>start {\"formatid\":\"gen1randombattle\",\"seed\":[38478,11944,41976,30929]}\n>player p1 {\"name\":\"CollectorEly\",\"avatar\":\"erika\",\"rating\":0,\"seed\":[15160,51816,12138,46003]}\n>player p2 {\"name\":\"LoSconosciuto\",\"avatar\":\"#teamgapdos\",\"rating\":0,\"seed\":[4106,51860,46341,65364]}\n>chat \u2606LoSconosciuto|hf\n>p1 switch 5\n>p2 switch 2\n>p1 move bodyslam\n>p2 move spore\n>p1 move bodyslam\n>p2 move stunspore\n>p1 move bodyslam\n>p2 switch 2\n>p1 switch 6\n>p2 move psychic\n>p1 move bodyslam\n>p2 move psychic\n>p1 switch 4\n>p1 move bodyslam\n>p2 switch 5\n>p1 switch 3\n>p2 move blizzard\n>p1 move transform\n>p2 switch 2\n>p1 move bodyslam\n>p2 move bodyslam\n>p1 move bodyslam\n>p2 move bodyslam\n>p2 switch 4\n>p1 switch 5\n>p2 move blizzard\n>p1 move confuseray\n>p2 move crabhammer\n>p1 move thunderbolt\n>p2 move crabhammer\n>p2 switch 5\n>p1 switch 6\n>p2 move psychic\n>p1 move bodyslam\n>p2 move psychic\n>p1 switch 3\n>p1 move bodyslam\n>p2 switch 2\n>p1 move seismictoss\n>p2 move icebeam\n>p1 move seismictoss\n>p2 move blizzard\n>p1 switch 5\n>p1 move transform\n>p2 switch 3\n>p1 switch 6\n>p2 move bodyslam\n>p1 move confuseray\n>p2 switch 3\n>chat  Teres BAHJI|i need to start training gen 1\n>chat  Teres BAHJI|looks like\n>p1 move psychic\n>p2 switch 2\n>p1 move confuseray\n>p2 move psychic\n>p1 switch 6\n>p2 switch 2\n>p1 move transform\n>p2 switch 3\n>p1 move bodyslam\n>p2 move bodyslam\n>p1 move bodyslam\n>p2 move hyperbeam\n>p1 switch 6\n>p2 switch 3\n>p1 move confuseray\n>p2 move icebeam\n>chat \u2606CollectorEly|f\n>p1 move thunderbolt\n>p2 move icebeam\n>p2 switch 2\n>p1 switch 6\n>p2 move psychic\n>p1 switch 2\n>p1 move slash\n>p2 move thunderwave\n>p2 switch 3\n>p1 switch 6\n>p2 move razorleaf\n>p1 move psychic\n>p2 move razorleaf\n>p2 switch 6\n>p1 move explosion\n>p2 move fireblast\n>p1 switch 6\n>p1 move bodyslam\n>p2 move fireblast","uploadtime":1666230535,"views":6,"p1id":"collectorely","p2id":"losconosciuto","formatid":"gen1randombattle","rating":0,"private":0,"password":null}