{"id":"gen1customgame-1502183674","p1":"VirginJimmy99","p2":"ZCopen","format":"gen1customgame","log":"|j|\u2606VirginJimmy99\n|j|\u2606ZCopen\n|t:|1643689717\n|gametype|singles\n|player|p1|VirginJimmy99|rocketgrunt|\n|player|p2|ZCopen|waitress-gen4|\n|teamsize|p1|6\n|teamsize|p2|6\n|gen|1\n|tier|[Gen 1] Custom Game\n|rule|HP Percentage Mod: HP is shown in percentages\n|rule|Desync Clause Mod: Desyncs changed to move failure.\n|\n|t:|1643689717\n|start\n|switch|p1a: Melmetal|Melmetal|473\/473\n|switch|p2a: Inteleon|Inteleon|343\/343\n|turn|1\n|inactive|Battle timer is ON: inactive players will automatically lose when time's up. (requested by ZCopen)\n|\n|t:|1643689723\n|move|p2a: Inteleon|U-turn|p1a: Melmetal\n|-resisted|p1a: Melmetal\n|-damage|p1a: Melmetal|453\/473\n|\n|t:|1643689726\n|switch|p2a: Landorus|Landorus, M|381\/381\n|move|p1a: Melmetal|Hidden Power|p2a: Landorus\n|-damage|p2a: Landorus|324\/381\n|\n|upkeep\n|turn|2\n|c|\u2606ZCopen|huh\n|c|\u2606VirginJimmy99|uh\n|c|\u2606VirginJimmy99|i can explaIN\n|c|\u2606VirginJimmy99|actually no ican't\n|c|\u2606ZCopen|is that\n|c|\u2606ZCopen|hp grass\n|c|\u2606VirginJimmy99|yis\n|\n|t:|1643689752\n|move|p2a: Landorus|Earthquake|p1a: Melmetal\n|-crit|p1a: Melmetal\n|debug|Negating (sp)atk boost\/penalty.\n|debug|Negating (sp)def boost\/penalty.\n|-supereffective|p1a: Melmetal\n|-damage|p1a: Melmetal|32\/473\n|move|p1a: Melmetal|Double Iron Bash|p2a: Landorus\n|-damage|p2a: Landorus|224\/381\n|-damage|p2a: Landorus|124\/381\n|-hitcount|p2a: Landorus|2\n|\n|upkeep\n|turn|3\n|c|\u2606ZCopen|LOL\n|\n|t:|1643689765\n|move|p2a: Landorus|Earthquake|p1a: Melmetal\n|-supereffective|p1a: Melmetal\n|-damage|p1a: Melmetal|0 fnt\n|faint|p1a: Melmetal\n|\n|t:|1643689774\n|switch|p1a: Thundurus|Thundurus-Therian, M|361\/361\n|turn|4\n|c|\u2606ZCopen|I win these\n|\n|t:|1643689784\n|move|p1a: Thundurus|Grass Knot|p2a: Landorus\n|debug|80 bp\n|-damage|p2a: Landorus|24\/381\n|move|p2a: Landorus|Stone Edge|p1a: Thundurus\n|-crit|p1a: Thundurus\n|debug|Negating (sp)atk boost\/penalty.\n|debug|Negating (sp)def boost\/penalty.\n|-supereffective|p1a: Thundurus\n|-damage|p1a: Thundurus|0 fnt\n|faint|p1a: Thundurus\n|c|\u2606ZCopen|see\n|c|\u2606VirginJimmy99|ow\n|\n|t:|1643689793\n|switch|p1a: Meloetta|Meloetta-Pirouette|403\/403\n|turn|5\n|\n|t:|1643689798\n|move|p1a: Meloetta|Facade|p2a: Landorus\n|-damage|p2a: Landorus|0 fnt\n|faint|p2a: Landorus\n|\n|t:|1643689801\n|switch|p2a: Jumpluff|Jumpluff|353\/353\n|turn|6\n|\n|t:|1643689807\n|move|p1a: Meloetta|U-turn|p2a: Jumpluff\n|-damage|p2a: Jumpluff|269\/353\n|\n|t:|1643689809\n|switch|p1a: Guzzlord|Guzzlord|649\/649\n|move|p2a: Jumpluff|Sleep Powder|p1a: Guzzlord\n|-status|p1a: Guzzlord|slp|[from] move: Sleep Powder\n|\n|upkeep\n|turn|7\n|\n|t:|1643689815\n|move|p2a: Jumpluff|Memento|p1a: Guzzlord\n|-unboost|p1a: Guzzlord|atk|2\n|-unboost|p1a: Guzzlord|spa|2\n|faint|p2a: Jumpluff\n|\n|t:|1643689818\n|switch|p2a: Mew|Mew|403\/403\n|turn|8\n|c|\u2606VirginJimmy99|uh oh\n|\n|t:|1643689824\n|move|p2a: Mew|Amnesia|p2a: Mew\n|-boost|p2a: Mew|spd|2\n|-boost|p2a: Mew|spa|2\n|cant|p1a: Guzzlord|slp\n|\n|upkeep\n|turn|9\n|\n|t:|1643689828\n|move|p2a: Mew|Dragon Dance|p2a: Mew\n|-boost|p2a: Mew|atk|1\n|-boost|p2a: Mew|spe|1\n|cant|p1a: Guzzlord|slp\n|\n|upkeep\n|turn|10\n|\n|t:|1643689841\n|move|p2a: Mew|Bug Buzz|p1a: Guzzlord\n|-supereffective|p1a: Guzzlord\n|-damage|p1a: Guzzlord|372\/649 slp\n|cant|p1a: Guzzlord|slp\n|\n|upkeep\n|turn|11\n|\n|t:|1643689857\n|move|p2a: Mew|Dragon Dance|p2a: Mew\n|-boost|p2a: Mew|atk|1\n|-boost|p2a: Mew|spe|1\n|cant|p1a: Guzzlord|slp\n|\n|upkeep\n|turn|12\n|\n|t:|1643689865\n|move|p2a: Mew|Amnesia|p2a: Mew\n|-boost|p2a: Mew|spd|2\n|-boost|p2a: Mew|spa|2\n|-curestatus|p1a: Guzzlord|slp|[msg]\n|\n|upkeep\n|turn|13\n|c|\u2606ZCopen|I have a feeling I have won\n|inactive|VirginJimmy99 has 270 seconds left.\n|c|\u2606VirginJimmy99|it's all an illusion\n|c|\u2606VirginJimmy99|i have a mewtwo\n|c|\u2606VirginJimmy99|and I'm using\n|c|\u2606VirginJimmy99|double amnesia\n|\n|t:|1643689903\n|move|p2a: Mew|Bug Buzz|p1a: Guzzlord\n|-crit|p1a: Guzzlord\n|debug|Negating (sp)atk boost\/penalty.\n|debug|Negating (sp)def boost\/penalty.\n|-supereffective|p1a: Guzzlord\n|-damage|p1a: Guzzlord|34\/649\n|move|p1a: Guzzlord|Dark Pulse|p2a: Mew\n|-damage|p2a: Mew|386\/403\n|\n|upkeep\n|turn|14\n|inactive|VirginJimmy99 has 270 seconds left.\n|\n|t:|1643689909\n|move|p2a: Mew|Bug Buzz|p1a: Guzzlord\n|-supereffective|p1a: Guzzlord\n|-damage|p1a: Guzzlord|0 fnt\n|faint|p1a: Guzzlord\n|inactive|VirginJimmy99 has 270 seconds left.\n|c|\u2606VirginJimmy99|gg\n|c|\u2606ZCopen|nice chip\n|c|\u2606ZCopen|gg\n|c|\u2606VirginJimmy99|any chip is good chip\n|c|\u2606VirginJimmy99|just like poeyjokeaimmd once said\n|-message|VirginJimmy99 forfeited.\n|\n|win|ZCopen\n","uploadtime":1643689942,"views":15,"p1id":"virginjimmy99","p2id":"zcopen","formatid":"gen1customgame","rating":0,"private":0,"password":null}