{"id":"gen1randombattle-1683456106","p1":"LoSconosciuto","p2":"alpha male psyduck","format":"gen1randombattle","log":"|j|\u2606LoSconosciuto\n|j|\u2606alpha male psyduck\n|t:|1665526556\n|gametype|singles\n|player|p1|LoSconosciuto|#teamgapdos|\n|player|p2|alpha male psyduck|cyclist-gen4|\n|teamsize|p1|6\n|teamsize|p2|6\n|gen|1\n|tier|[Gen 1] Random Battle\n|rule|Desync Clause Mod: Desyncs changed to move failure.\n|rule|Sleep Clause Mod: Limit one foe put to sleep\n|rule|Freeze Clause Mod: Limit one foe frozen\n|rule|Species Clause: Limit one of each Pok\u00e9mon\n|rule|OHKO Clause: OHKO moves are banned\n|rule|Evasion Moves Clause: Evasion moves are banned\n|rule|Endless Battle Clause: Forcing endless battles is banned\n|rule|HP Percentage Mod: HP is shown in percentages\n|\n|t:|1665526556\n|start\n|switch|p1a: Venomoth|Venomoth, L77|266\/266\n|switch|p2a: Psyduck|Psyduck, L88|267\/267\n|turn|1\n|inactive|Battle timer is ON: inactive players will automatically lose when time's up. (requested by LoSconosciuto)\n|c|\u2606LoSconosciuto|hf\n|c|\u2606alpha male psyduck|hf\n|\n|t:|1665526574\n|move|p1a: Venomoth|Sleep Powder|p2a: Psyduck\n|-status|p2a: Psyduck|slp|[from] move: Sleep Powder\n|cant|p2a: Psyduck|slp\n|\n|upkeep\n|turn|2\n|\n|t:|1665526579\n|move|p1a: Venomoth|Stun Spore|p2a: Psyduck\n|-fail|p2a: Psyduck\n|cant|p2a: Psyduck|slp\n|\n|upkeep\n|turn|3\n|\n|t:|1665526584\n|switch|p2a: Parasect|Parasect, L77|251\/251\n|move|p1a: Venomoth|Stun Spore|p2a: Parasect\n|-status|p2a: Parasect|par\n|\n|upkeep\n|turn|4\n|\n|t:|1665526600\n|switch|p1a: Hitmonchan|Hitmonchan, L77|235\/235\n|move|p2a: Parasect|Spore|p1a: Hitmonchan\n|-status|p1a: Hitmonchan|slp|[from] move: Spore\n|\n|upkeep\n|turn|5\n|\n|t:|1665526607\n|cant|p1a: Hitmonchan|slp\n|move|p2a: Parasect|Body Slam|p1a: Hitmonchan\n|-damage|p1a: Hitmonchan|176\/235 slp\n|\n|upkeep\n|turn|6\n|\n|t:|1665526626\n|switch|p1a: Venomoth|Venomoth, L77|266\/266\n|cant|p2a: Parasect|par\n|\n|upkeep\n|turn|7\n|\n|t:|1665526633\n|move|p1a: Venomoth|Psychic|p2a: Parasect\n|-crit|p2a: Parasect\n|-damage|p2a: Parasect|144\/251 par\n|-unboost|p2a: Parasect|spd|1\n|-unboost|p2a: Parasect|spa|1\n|cant|p2a: Parasect|par\n|\n|upkeep\n|turn|8\n|\n|t:|1665526639\n|move|p1a: Venomoth|Psychic|p2a: Parasect\n|-damage|p2a: Parasect|59\/251 par\n|move|p2a: Parasect|Body Slam|p1a: Venomoth\n|-crit|p1a: Venomoth\n|-damage|p1a: Venomoth|146\/266\n|-status|p1a: Venomoth|par\n|\n|upkeep\n|turn|9\n|\n|t:|1665526648\n|switch|p2a: Abra|Abra, L88|223\/223\n|cant|p1a: Venomoth|par\n|\n|upkeep\n|turn|10\n|\n|t:|1665526654\n|switch|p1a: Hitmonchan|Hitmonchan, L77|176\/235 slp\n|move|p2a: Abra|Psychic|p1a: Hitmonchan\n|-supereffective|p1a: Hitmonchan\n|-damage|p1a: Hitmonchan|0 fnt\n|faint|p1a: Hitmonchan\n|inactive|LoSconosciuto has 270 seconds left.\n|\n|t:|1665526706\n|switch|p1a: Kingler|Kingler, L77|243\/243\n|turn|11\n|\n|t:|1665526715\n|move|p2a: Abra|Psychic|p1a: Kingler\n|-damage|p1a: Kingler|91\/243\n|move|p1a: Kingler|Hyper Beam|p2a: Abra|[miss]\n|-miss|p1a: Kingler\n|\n|upkeep\n|turn|12\n|\n|t:|1665526726\n|switch|p1a: Kadabra|Kadabra, L74|212\/212\n|move|p2a: Abra|Psychic|p1a: Kadabra\n|-crit|p1a: Kadabra\n|-resisted|p1a: Kadabra\n|-damage|p1a: Kadabra|108\/212\n|-unboost|p1a: Kadabra|spd|1\n|-unboost|p1a: Kadabra|spa|1\n|\n|upkeep\n|turn|13\n|\n|t:|1665526739\n|move|p2a: Abra|Thunder Wave|p1a: Kadabra\n|-status|p1a: Kadabra|par\n|move|p1a: Kadabra|Thunder Wave|p2a: Abra\n|-status|p2a: Abra|par\n|\n|upkeep\n|turn|14\n|inactive|LoSconosciuto has 270 seconds left.\n|j| royzin\n|\n|t:|1665526754\n|move|p2a: Abra|Psychic|p1a: Kadabra\n|-resisted|p1a: Kadabra\n|-damage|p1a: Kadabra|36\/212 par\n|move|p1a: Kadabra|Recover|p1a: Kadabra\n|-heal|p1a: Kadabra|142\/212 par\n|\n|upkeep\n|turn|15\n|\n|t:|1665526766\n|cant|p2a: Abra|par\n|move|p1a: Kadabra|Recover|p1a: Kadabra\n|-heal|p1a: Kadabra|212\/212 par\n|\n|upkeep\n|turn|16\n|\n|t:|1665526772\n|move|p2a: Abra|Psychic|p1a: Kadabra\n|-resisted|p1a: Kadabra\n|-damage|p1a: Kadabra|141\/212 par\n|move|p1a: Kadabra|Seismic Toss|p2a: Abra\n|-damage|p2a: Abra|149\/223 par\n|\n|upkeep\n|turn|17\n|\n|t:|1665526783\n|cant|p2a: Abra|par\n|move|p1a: Kadabra|Recover|p1a: Kadabra\n|-heal|p1a: Kadabra|212\/212 par\n|\n|upkeep\n|turn|18\n|\n|t:|1665526791\n|move|p2a: Abra|Psychic|p1a: Kadabra\n|-resisted|p1a: Kadabra\n|-damage|p1a: Kadabra|134\/212 par\n|-unboost|p1a: Kadabra|spd|1\n|-unboost|p1a: Kadabra|spa|1\n|cant|p1a: Kadabra|par\n|\n|upkeep\n|turn|19\n|c| royzin|What\u2019s up amp\n|j| paolode99\n|c|\u2606alpha male psyduck|hey ro\n|c|\u2606alpha male psyduck|roy*\n|\n|t:|1665526810\n|switch|p1a: Venomoth|Venomoth, L77|146\/266 par\n|move|p2a: Abra|Psychic|p1a: Venomoth\n|-crit|p1a: Venomoth\n|-supereffective|p1a: Venomoth\n|-damage|p1a: Venomoth|0 fnt\n|faint|p1a: Venomoth\n|\n|t:|1665526813\n|switch|p1a: Golem|Golem, L77|281\/281\n|turn|20\n|\n|t:|1665526827\n|switch|p2a: Parasect|Parasect, L77|59\/251 par\n|move|p1a: Golem|Earthquake|p2a: Parasect\n|-resisted|p2a: Parasect\n|-damage|p2a: Parasect|34\/251 par\n|\n|upkeep\n|turn|21\n|\n|t:|1665526838\n|move|p1a: Golem|Body Slam|p2a: Parasect\n|-crit|p2a: Parasect\n|-damage|p2a: Parasect|0 fnt\n|faint|p2a: Parasect\n|\n|t:|1665526844\n|switch|p2a: Rapidash|Rapidash, L77|258\/258\n|turn|22\n|\n|t:|1665526857\n|move|p2a: Rapidash|Fire Blast|p1a: Golem\n|-resisted|p1a: Golem\n|-damage|p1a: Golem|215\/281\n|-status|p1a: Golem|brn\n|move|p1a: Golem|Earthquake|p2a: Rapidash\n|-crit|p2a: Rapidash\n|-supereffective|p2a: Rapidash\n|-damage|p2a: Rapidash|0 fnt\n|faint|p2a: Rapidash\n|\n|t:|1665526870\n|switch|p2a: Koffing|Koffing, L88|250\/250\n|turn|23\n|\n|t:|1665526881\n|move|p2a: Koffing|Fire Blast|p1a: Golem\n|-resisted|p1a: Golem\n|-damage|p1a: Golem|167\/281 brn\n|move|p1a: Golem|Earthquake|p2a: Koffing\n|-crit|p2a: Koffing\n|-supereffective|p2a: Koffing\n|-damage|p2a: Koffing|0 fnt\n|faint|p2a: Koffing\n|c|\u2606LoSconosciuto|mb\n|c|\u2606alpha male psyduck|no worries\n|c|\u2606alpha male psyduck|this golem wrecks me anyways\n|\n|t:|1665526906\n|switch|p2a: Abra|Abra, L88|149\/223 par\n|turn|24\n|c| royzin|Rapidash would\u2019ve taken it out prob if not for crit\n|\n|t:|1665526915\n|move|p1a: Golem|Explosion|p2a: Abra\n|-damage|p2a: Abra|0 fnt\n|faint|p2a: Abra\n|faint|p1a: Golem\n|\n|t:|1665526921\n|switch|p1a: Kingler|Kingler, L77|91\/243\n|switch|p2a: Pidgeotto|Pidgeotto, L80|265\/265\n|turn|25\n|\n|t:|1665526950\n|move|p2a: Pidgeotto|Double-Edge|p1a: Kingler\n|-damage|p1a: Kingler|28\/243\n|-damage|p2a: Pidgeotto|250\/265|[from] Recoil|[of] p1a: Kingler\n|move|p1a: Kingler|Crabhammer|p2a: Pidgeotto\n|-crit|p2a: Pidgeotto\n|-damage|p2a: Pidgeotto|105\/265\n|\n|upkeep\n|turn|26\n|inactive|LoSconosciuto has 270 seconds left.\n|\n|t:|1665526972\n|switch|p1a: Kadabra|Kadabra, L74|134\/212 par\n|move|p2a: Pidgeotto|Double-Edge|p1a: Kadabra\n|-crit|p1a: Kadabra\n|-damage|p1a: Kadabra|0 fnt\n|-damage|p2a: Pidgeotto|72\/265|[from] Recoil|[of] p1a: Kadabra\n|faint|p1a: Kadabra\n|\n|t:|1665526976\n|switch|p1a: Poliwag|Poliwag, L88|250\/250\n|turn|27\n|\n|t:|1665526993\n|move|p2a: Pidgeotto|Quick Attack|p1a: Poliwag\n|-damage|p1a: Poliwag|209\/250\n|move|p1a: Poliwag|Amnesia|p1a: Poliwag\n|-boost|p1a: Poliwag|spd|2\n|-boost|p1a: Poliwag|spa|2\n|\n|upkeep\n|turn|28\n|\n|t:|1665526999\n|move|p2a: Pidgeotto|Quick Attack|p1a: Poliwag\n|-damage|p1a: Poliwag|163\/250\n|move|p1a: Poliwag|Surf|p2a: Pidgeotto\n|-damage|p2a: Pidgeotto|0 fnt\n|faint|p2a: Pidgeotto\n|\n|t:|1665527005\n|switch|p2a: Psyduck|Psyduck, L88|267\/267 slp\n|turn|29\n|\n|t:|1665527007\n|move|p1a: Poliwag|Psychic|p2a: Psyduck\n|-damage|p2a: Psyduck|146\/267 slp\n|cant|p2a: Psyduck|slp\n|\n|upkeep\n|turn|30\n|c|\u2606alpha male psyduck|gg\n|c|\u2606LoSconosciuto|gg\n|\n|t:|1665527012\n|move|p1a: Poliwag|Psychic|p2a: Psyduck\n|-crit|p2a: Psyduck\n|-damage|p2a: Psyduck|37\/267 slp\n|-unboost|p2a: Psyduck|spd|1\n|-unboost|p2a: Psyduck|spa|1\n|-curestatus|p2a: Psyduck|slp|[msg]\n|\n|upkeep\n|turn|31\n|\n|t:|1665527018\n|move|p1a: Poliwag|Psychic|p2a: Psyduck\n|-damage|p2a: Psyduck|0 fnt\n|faint|p2a: Psyduck\n|\n|win|LoSconosciuto\n","inputlog":">version ee3903879dd92fa0a0bba6303065983b970e844a\n>start {\"formatid\":\"gen1randombattle\",\"seed\":[63411,44902,47077,58185]}\n>player p1 {\"name\":\"LoSconosciuto\",\"avatar\":\"#teamgapdos\",\"rating\":0,\"seed\":[28959,60387,4926,40287]}\n>player p2 {\"name\":\"alpha male psyduck\",\"avatar\":\"cyclist-gen4\",\"rating\":0,\"seed\":[56907,7625,30726,26940]}\n>chat \u2606LoSconosciuto|hf\n>chat \u2606alpha male psyduck|hf\n>p1 move sleeppowder\n>p2 move blizzard\n>p1 move stunspore\n>p2 move surf\n>p1 move stunspore\n>p2 switch 2\n>p1 switch 6\n>p2 move spore\n>p1 move bodyslam\n>p2 move bodyslam\n>p1 switch 6\n>p2 move bodyslam\n>p1 move psychic\n>p2 move bodyslam\n>p1 move psychic\n>p2 move bodyslam\n>p1 move psychic\n>p2 switch 3\n>p1 switch 6\n>p2 move psychic\n>p1 switch 3\n>p1 move hyperbeam\n>p2 move psychic\n>p1 switch 5\n>p2 move psychic\n>p1 move thunderwave\n>p2 move thunderwave\n>p1 move recover\n>p2 move psychic\n>p1 move recover\n>p2 move psychic\n>p1 move seismictoss\n>p2 move psychic\n>p1 move recover\n>p2 move psychic\n>p1 move seismictoss\n>p2 move psychic\n>chat  royzin|What\u2019s up amp\n>chat \u2606alpha male psyduck|hey ro\n>chat \u2606alpha male psyduck|roy*\n>p1 switch 6\n>p2 move psychic\n>p1 switch 2\n>p1 move earthquake\n>p2 switch 3\n>p1 move bodyslam\n>p2 move megadrain\n>p2 switch 6\n>p1 move earthquake\n>p2 move fireblast\n>p2 switch 5\n>p1 move earthquake\n>p2 move fireblast\n>chat \u2606LoSconosciuto|mb\n>chat \u2606alpha male psyduck|no worries\n>chat \u2606alpha male psyduck|this golem wrecks me anyways\n>p2 switch 3\n>chat  royzin|Rapidash would\u2019ve taken it out prob if not for crit\n>p1 move explosion\n>p2 move psychic\n>p1 switch 5\n>p2 switch 4\n>p1 move crabhammer\n>p2 move doubleedge\n>p1 switch 6\n>p2 move doubleedge\n>p1 switch 4\n>p1 move amnesia\n>p2 move quickattack\n>p1 move surf\n>p2 move quickattack\n>p2 switch 2\n>p1 move psychic\n>p2 move surf\n>chat \u2606alpha male psyduck|gg\n>chat \u2606LoSconosciuto|gg\n>p1 move psychic\n>p2 move blizzard\n>p1 move psychic\n>p2 move blizzard","uploadtime":1665527023,"views":21,"p1id":"losconosciuto","p2id":"alphamalepsyduck","formatid":"gen1randombattle","rating":0,"private":0,"password":null}