{"id":"gen1ou-1677804010","p1":"Laroxyl","p2":"Ct0wn","format":"gen1ou","log":"|j|\u2606Laroxyl\n|j|\u2606Ct0wn\n|t:|1664926320\n|gametype|singles\n|player|p1|Laroxyl|#scl1spartans|\n|player|p2|Ct0wn|dawn|\n|teamsize|p1|6\n|teamsize|p2|6\n|gen|1\n|tier|[Gen 1] OU\n|rule|Desync Clause Mod: Desyncs changed to move failure.\n|rule|Sleep Clause Mod: Limit one foe put to sleep\n|rule|Freeze Clause Mod: Limit one foe frozen\n|rule|Species Clause: Limit one of each Pok\u00e9mon\n|rule|OHKO Clause: OHKO moves are banned\n|rule|Evasion Moves Clause: Evasion moves are banned\n|rule|Endless Battle Clause: Forcing endless battles is banned\n|rule|HP Percentage Mod: HP is shown in percentages\n|\n|t:|1664926320\n|start\n|switch|p1a: Starmie|Starmie|100\/100\n|switch|p2a: Gengar|Gengar|100\/100\n|turn|1\n|c|\u2606Ct0wn|Glhf\n|\n|t:|1664926345\n|switch|p2a: Chansey|Chansey|100\/100\n|move|p1a: Starmie|Thunder Wave|p2a: Chansey\n|-status|p2a: Chansey|par\n|\n|upkeep\n|turn|2\n|\n|t:|1664926368\n|switch|p1a: Snorlax|Snorlax|100\/100\n|move|p2a: Chansey|Thunderbolt|p1a: Snorlax\n|-damage|p1a: Snorlax|81\/100\n|\n|upkeep\n|turn|3\n|\n|t:|1664926387\n|switch|p2a: Gengar|Gengar|100\/100\n|move|p1a: Snorlax|Body Slam|p2a: Gengar\n|-immune|p2a: Gengar\n|\n|upkeep\n|turn|4\n|\n|t:|1664926420\n|switch|p1a: Starmie|Starmie|100\/100\n|move|p2a: Gengar|Hypnosis|p1a: Starmie|[miss]\n|-miss|p2a: Gengar\n|\n|upkeep\n|turn|5\n|\n|t:|1664926435\n|move|p1a: Starmie|Blizzard|p2a: Gengar\n|-damage|p2a: Gengar|76\/100\n|move|p2a: Gengar|Thunderbolt|p1a: Starmie\n|-supereffective|p1a: Starmie\n|-damage|p1a: Starmie|43\/100\n|\n|upkeep\n|turn|6\n|\n|t:|1664926467\n|move|p1a: Starmie|Thunder Wave|p2a: Gengar\n|-status|p2a: Gengar|par\n|move|p2a: Gengar|Thunderbolt|p1a: Starmie\n|-crit|p1a: Starmie\n|-supereffective|p1a: Starmie\n|-damage|p1a: Starmie|0 fnt\n|faint|p1a: Starmie\n|\n|t:|1664926479\n|switch|p1a: Tauros|Tauros|100\/100\n|turn|7\n|\n|t:|1664926482\n|switch|p2a: Exeggutor|Exeggutor|100\/100\n|move|p1a: Tauros|Earthquake|p2a: Exeggutor\n|-resisted|p2a: Exeggutor\n|-damage|p2a: Exeggutor|89\/100\n|\n|upkeep\n|turn|8\n|\n|t:|1664926492\n|switch|p1a: Alakazam|Alakazam|100\/100\n|move|p2a: Exeggutor|Sleep Powder|p1a: Alakazam\n|-status|p1a: Alakazam|slp|[from] move: Sleep Powder\n|\n|upkeep\n|turn|9\n|j| Ayoub200614\n|\n|t:|1664926497\n|switch|p1a: Chansey|Chansey|100\/100\n|move|p2a: Exeggutor|Psychic|p1a: Chansey\n|-damage|p1a: Chansey|84\/100\n|\n|upkeep\n|turn|10\n|\n|t:|1664926512\n|switch|p1a: Cloyster|Cloyster|100\/100\n|move|p2a: Exeggutor|Stun Spore|p1a: Cloyster\n|-status|p1a: Cloyster|par\n|\n|upkeep\n|turn|11\n|\n|t:|1664926520\n|switch|p2a: Gengar|Gengar|76\/100 par\n|cant|p1a: Cloyster|par\n|\n|upkeep\n|turn|12\n|l| Ayoub200614\n|\n|t:|1664926527\n|switch|p1a: Chansey|Chansey|84\/100\n|move|p2a: Gengar|Thunderbolt|p1a: Chansey\n|-damage|p1a: Chansey|71\/100\n|\n|upkeep\n|turn|13\n|\n|t:|1664926539\n|switch|p2a: Chansey|Chansey|100\/100 par\n|move|p1a: Chansey|Soft-Boiled|p1a: Chansey\n|-heal|p1a: Chansey|100\/100\n|\n|upkeep\n|turn|14\n|\n|t:|1664926563\n|switch|p1a: Alakazam|Alakazam|100\/100 slp\n|move|p2a: Chansey|Thunder Wave|p1a: Alakazam\n|-fail|p1a: Alakazam\n|\n|upkeep\n|turn|15\n|\n|t:|1664926571\n|switch|p2a: Tauros|Tauros|100\/100\n|-curestatus|p1a: Alakazam|slp|[msg]\n|\n|upkeep\n|turn|16\n|\n|t:|1664926586\n|switch|p2a: Exeggutor|Exeggutor|89\/100\n|move|p1a: Alakazam|Thunder Wave|p2a: Exeggutor\n|-status|p2a: Exeggutor|par\n|\n|upkeep\n|turn|17\n|\n|t:|1664926596\n|move|p1a: Alakazam|Seismic Toss|p2a: Exeggutor\n|-damage|p2a: Exeggutor|63\/100 par\n|move|p2a: Exeggutor|Psychic|p1a: Alakazam\n|-resisted|p1a: Alakazam\n|-damage|p1a: Alakazam|84\/100\n|\n|upkeep\n|turn|18\n|\n|t:|1664926601\n|switch|p1a: Cloyster|Cloyster|100\/100 par\n|move|p2a: Exeggutor|Sleep Powder|p1a: Cloyster\n|-fail|p1a: Cloyster\n|\n|upkeep\n|turn|19\n|\n|t:|1664926619\n|switch|p2a: Gengar|Gengar|76\/100 par\n|move|p1a: Cloyster|Blizzard|p2a: Gengar|[miss]\n|-miss|p1a: Cloyster\n|\n|upkeep\n|turn|20\n|\n|t:|1664926628\n|switch|p1a: Alakazam|Alakazam|84\/100\n|move|p2a: Gengar|Hypnosis|p1a: Alakazam\n|-status|p1a: Alakazam|slp|[from] move: Hypnosis\n|\n|upkeep\n|turn|21\n|\n|t:|1664926635\n|switch|p1a: Chansey|Chansey|100\/100\n|switch|p2a: Tauros|Tauros|100\/100\n|\n|upkeep\n|turn|22\n|\n|t:|1664926663\n|switch|p2a: Chansey|Chansey|100\/100 par\n|move|p1a: Chansey|Ice Beam|p2a: Chansey\n|-damage|p2a: Chansey|90\/100 par\n|\n|upkeep\n|turn|23\n|\n|t:|1664926675\n|switch|p1a: Snorlax|Snorlax|81\/100\n|cant|p2a: Chansey|par\n|\n|upkeep\n|turn|24\n|\n|t:|1664926689\n|switch|p2a: Cloyster|Cloyster|100\/100\n|move|p1a: Snorlax|Body Slam|p2a: Cloyster\n|-damage|p2a: Cloyster|76\/100\n|\n|upkeep\n|turn|25\n|j| Nikosfv\n|\n|t:|1664926702\n|switch|p1a: Cloyster|Cloyster|100\/100 par\n|move|p2a: Cloyster|Blizzard|p1a: Cloyster\n|-resisted|p1a: Cloyster\n|-damage|p1a: Cloyster|90\/100 par\n|\n|upkeep\n|turn|26\n|\n|t:|1664926710\n|move|p2a: Cloyster|Clamp|p1a: Cloyster|[miss]\n|-miss|p2a: Cloyster\n|move|p1a: Cloyster|Clamp|p2a: Cloyster\n|-resisted|p2a: Cloyster\n|-damage|p2a: Cloyster|69\/100\n|\n|upkeep\n|turn|27\n|\n|t:|1664926717\n|switch|p2a: Gengar|Gengar|76\/100 par\n|move|p1a: Cloyster|Clamp|p2a: Gengar\n|-damage|p2a: Gengar|66\/100 par\n|\n|upkeep\n|turn|28\n|\n|t:|1664926721\n|switch|p2a: Cloyster|Cloyster|69\/100\n|move|p1a: Cloyster|Clamp|p2a: Cloyster\n|-resisted|p2a: Cloyster\n|-damage|p2a: Cloyster|62\/100\n|\n|upkeep\n|turn|29\n|\n|t:|1664926727\n|cant|p2a: Cloyster|partiallytrapped\n|move|p1a: Cloyster|Clamp|p2a: Cloyster|[from]Clamp\n|-damage|p2a: Cloyster|55\/100\n|\n|upkeep\n|turn|30\n|\n|t:|1664926733\n|move|p2a: Cloyster|Rest|p2a: Cloyster\n|-status|p2a: Cloyster|slp|[from] move: Rest\n|-heal|p2a: Cloyster|100\/100 slp|[silent]\n|move|p1a: Cloyster|Clamp|p2a: Cloyster\n|-resisted|p2a: Cloyster\n|-damage|p2a: Cloyster|94\/100 slp\n|\n|upkeep\n|turn|31\n|\n|t:|1664926744\n|switch|p1a: Tauros|Tauros|100\/100\n|cant|p2a: Cloyster|slp\n|\n|upkeep\n|turn|32\n|\n|t:|1664926748\n|move|p1a: Tauros|Body Slam|p2a: Cloyster\n|-damage|p2a: Cloyster|71\/100 slp\n|-curestatus|p2a: Cloyster|slp|[msg]\n|\n|upkeep\n|turn|33\n|\n|t:|1664926752\n|switch|p1a: Cloyster|Cloyster|90\/100 par\n|move|p2a: Cloyster|Blizzard|p1a: Cloyster\n|-resisted|p1a: Cloyster\n|-damage|p1a: Cloyster|79\/100 par\n|\n|upkeep\n|turn|34\n|\n|t:|1664926760\n|move|p2a: Cloyster|Clamp|p1a: Cloyster\n|-resisted|p1a: Cloyster\n|-damage|p1a: Cloyster|73\/100 par\n|cant|p1a: Cloyster|partiallytrapped\n|\n|upkeep\n|turn|35\n|\n|t:|1664926765\n|switch|p2a: Gengar|Gengar|66\/100 par\n|cant|p1a: Cloyster|partiallytrapped\n|\n|upkeep\n|turn|36\n|\n|t:|1664926786\n|switch|p1a: Chansey|Chansey|100\/100\n|move|p2a: Gengar|Thunderbolt|p1a: Chansey\n|-damage|p1a: Chansey|88\/100\n|\n|upkeep\n|turn|37\n|\n|t:|1664926794\n|switch|p2a: Chansey|Chansey|90\/100 par\n|move|p1a: Chansey|Ice Beam|p2a: Chansey\n|-damage|p2a: Chansey|79\/100 par\n|\n|upkeep\n|turn|38\n|\n|t:|1664926804\n|switch|p1a: Snorlax|Snorlax|81\/100\n|move|p2a: Chansey|Thunder Wave|p1a: Snorlax\n|-status|p1a: Snorlax|par\n|\n|upkeep\n|turn|39\n|\n|t:|1664926814\n|switch|p2a: Gengar|Gengar|66\/100 par\n|move|p1a: Snorlax|Body Slam|p2a: Gengar\n|-immune|p2a: Gengar\n|\n|upkeep\n|turn|40\n|j| DOUAS el maestro\n|\n|t:|1664926821\n|switch|p2a: Cloyster|Cloyster|71\/100\n|move|p1a: Snorlax|Reflect|p1a: Snorlax\n|-start|p1a: Snorlax|Reflect\n|\n|upkeep\n|turn|41\n|\n|t:|1664926833\n|move|p2a: Cloyster|Blizzard|p1a: Snorlax\n|-damage|p1a: Snorlax|50\/100 par\n|move|p1a: Snorlax|Rest|p1a: Snorlax\n|-status|p1a: Snorlax|slp|[from] move: Rest\n|-heal|p1a: Snorlax|100\/100 slp|[silent]\n|\n|upkeep\n|turn|42\n|\n|t:|1664926850\n|move|p2a: Cloyster|Blizzard|p1a: Snorlax\n|-damage|p1a: Snorlax|71\/100 slp\n|cant|p1a: Snorlax|slp\n|\n|upkeep\n|turn|43\n|\n|t:|1664926861\n|move|p2a: Cloyster|Blizzard|p1a: Snorlax\n|-crit|p1a: Snorlax\n|-damage|p1a: Snorlax|5\/100 slp\n|-curestatus|p1a: Snorlax|slp|[msg]\n|\n|upkeep\n|turn|44\n|\n|t:|1664926867\n|switch|p1a: Cloyster|Cloyster|73\/100 par\n|move|p2a: Cloyster|Blizzard|p1a: Cloyster\n|-resisted|p1a: Cloyster\n|-damage|p1a: Cloyster|61\/100 par\n|\n|upkeep\n|turn|45\n|\n|t:|1664926874\n|move|p2a: Cloyster|Clamp|p1a: Cloyster\n|-resisted|p1a: Cloyster\n|-damage|p1a: Cloyster|54\/100 par\n|cant|p1a: Cloyster|partiallytrapped\n|\n|upkeep\n|turn|46\n|\n|t:|1664926879\n|switch|p1a: Chansey|Chansey|88\/100\n|move|p2a: Cloyster|Clamp|p1a: Chansey|[miss]\n|-miss|p2a: Cloyster\n|\n|upkeep\n|turn|47\n|\n|t:|1664926897\n|switch|p2a: Chansey|Chansey|79\/100 par\n|move|p1a: Chansey|Sing|p2a: Chansey\n|-fail|p2a: Chansey\n|\n|upkeep\n|turn|48\n|\n|t:|1664926909\n|move|p1a: Chansey|Ice Beam|p2a: Chansey\n|-crit|p2a: Chansey\n|-damage|p2a: Chansey|58\/100 par\n|move|p2a: Chansey|Thunderbolt|p1a: Chansey\n|-damage|p1a: Chansey|79\/100\n|\n|upkeep\n|turn|49\n|\n|t:|1664926920\n|move|p1a: Chansey|Ice Beam|p2a: Chansey\n|-damage|p2a: Chansey|47\/100 par\n|move|p2a: Chansey|Thunderbolt|p1a: Chansey\n|-damage|p1a: Chansey|68\/100\n|\n|upkeep\n|turn|50\n|\n|t:|1664926929\n|move|p1a: Chansey|Ice Beam|p2a: Chansey\n|-damage|p2a: Chansey|37\/100 par\n|cant|p2a: Chansey|par\n|\n|upkeep\n|turn|51\n|\n|t:|1664926933\n|switch|p1a: Snorlax|Snorlax|5\/100\n|cant|p2a: Chansey|par\n|\n|upkeep\n|turn|52\n|\n|t:|1664926945\n|switch|p2a: Tauros|Tauros|100\/100\n|move|p1a: Snorlax|Rest|p1a: Snorlax\n|-status|p1a: Snorlax|slp|[from] move: Rest\n|-heal|p1a: Snorlax|100\/100 slp|[silent]\n|\n|upkeep\n|turn|53\n|\n|t:|1664926947\n|move|p2a: Tauros|Body Slam|p1a: Snorlax\n|-damage|p1a: Snorlax|77\/100 slp\n|cant|p1a: Snorlax|slp\n|\n|upkeep\n|turn|54\n|\n|t:|1664926957\n|move|p2a: Tauros|Body Slam|p1a: Snorlax\n|-damage|p1a: Snorlax|51\/100 slp\n|-curestatus|p1a: Snorlax|slp|[msg]\n|\n|upkeep\n|turn|55\n|l|\u2606Laroxyl\n|player|p1|\n|c|\u2606Ct0wn|yo\n|j|\u2606Laroxyl\n|player|p1|Laroxyl|#scl1spartans\n|\n|t:|1664927028\n|switch|p2a: Gengar|Gengar|66\/100 par\n|move|p1a: Snorlax|Reflect|p1a: Snorlax\n|-start|p1a: Snorlax|Reflect\n|\n|upkeep\n|turn|56\n|\n|t:|1664927049\n|move|p1a: Snorlax|Rest|p1a: Snorlax\n|-status|p1a: Snorlax|slp|[from] move: Rest\n|-heal|p1a: Snorlax|100\/100 slp|[silent]\n|cant|p2a: Gengar|par\n|\n|upkeep\n|turn|57\n|\n|t:|1664927053\n|cant|p1a: Snorlax|slp\n|move|p2a: Gengar|Thunderbolt|p1a: Snorlax\n|-damage|p1a: Snorlax|80\/100 slp\n|\n|upkeep\n|turn|58\n|\n|t:|1664927057\n|-curestatus|p1a: Snorlax|slp|[msg]\n|cant|p2a: Gengar|par\n|\n|upkeep\n|turn|59\n|\n|t:|1664927064\n|switch|p1a: Chansey|Chansey|68\/100\n|move|p2a: Gengar|Thunderbolt|p1a: Chansey\n|-damage|p1a: Chansey|55\/100\n|\n|upkeep\n|turn|60\n|\n|t:|1664927071\n|switch|p1a: Tauros|Tauros|100\/100\n|switch|p2a: Chansey|Chansey|37\/100 par\n|\n|upkeep\n|turn|61\n|\n|t:|1664927094\n|switch|p2a: Snorlax|Snorlax|100\/100\n|move|p1a: Tauros|Earthquake|p2a: Snorlax|[miss]\n|-miss|p1a: Tauros\n|-hint|In Gen 1, moves with 100% accuracy can still miss 1\/256 of the time.\n|\n|upkeep\n|turn|62\n|l| Nikosfv\n|\n|t:|1664927130\n|switch|p1a: Snorlax|Snorlax|80\/100\n|move|p2a: Snorlax|Body Slam|p1a: Snorlax\n|-damage|p1a: Snorlax|55\/100\n|\n|upkeep\n|turn|63\n|\n|t:|1664927137\n|switch|p2a: Cloyster|Cloyster|71\/100\n|move|p1a: Snorlax|Reflect|p1a: Snorlax\n|-start|p1a: Snorlax|Reflect\n|\n|upkeep\n|turn|64\n|\n|t:|1664927147\n|switch|p1a: Cloyster|Cloyster|54\/100 par\n|move|p2a: Cloyster|Clamp|p1a: Cloyster\n|-resisted|p1a: Cloyster\n|-damage|p1a: Cloyster|47\/100 par\n|\n|upkeep\n|turn|65\n|\n|t:|1664927153\n|move|p2a: Cloyster|Clamp|p1a: Cloyster|[from]Clamp\n|-damage|p1a: Cloyster|40\/100 par\n|cant|p1a: Cloyster|partiallytrapped\n|\n|upkeep\n|turn|66\n|\n|t:|1664927156\n|move|p2a: Cloyster|Clamp|p1a: Cloyster|[miss]\n|-miss|p2a: Cloyster\n|move|p1a: Cloyster|Rest|p1a: Cloyster\n|-status|p1a: Cloyster|slp|[from] move: Rest\n|-heal|p1a: Cloyster|100\/100 slp|[silent]\n|\n|upkeep\n|turn|67\n|\n|t:|1664927164\n|switch|p2a: Chansey|Chansey|37\/100 par\n|cant|p1a: Cloyster|slp\n|\n|upkeep\n|turn|68\n|\n|t:|1664927173\n|switch|p1a: Tauros|Tauros|100\/100\n|move|p2a: Chansey|Soft-Boiled|p2a: Chansey\n|-heal|p2a: Chansey|87\/100 par\n|\n|upkeep\n|turn|69\n|\n|t:|1664927185\n|switch|p1a: Snorlax|Snorlax|55\/100\n|move|p2a: Chansey|Thunder Wave|p1a: Snorlax\n|-status|p1a: Snorlax|par\n|\n|upkeep\n|turn|70\n|\n|t:|1664927198\n|switch|p2a: Gengar|Gengar|66\/100 par\n|move|p1a: Snorlax|Rest|p1a: Snorlax\n|-status|p1a: Snorlax|slp|[from] move: Rest\n|-heal|p1a: Snorlax|100\/100 slp|[silent]\n|\n|upkeep\n|turn|71\n|\n|t:|1664927203\n|cant|p2a: Gengar|par\n|cant|p1a: Snorlax|slp\n|\n|upkeep\n|turn|72\n|\n|t:|1664927208\n|switch|p1a: Chansey|Chansey|55\/100\n|move|p2a: Gengar|Thunderbolt|p1a: Chansey\n|-damage|p1a: Chansey|44\/100\n|\n|upkeep\n|turn|73\n|\n|t:|1664927214\n|switch|p2a: Chansey|Chansey|87\/100 par\n|move|p1a: Chansey|Soft-Boiled|p1a: Chansey\n|-heal|p1a: Chansey|94\/100\n|\n|upkeep\n|turn|74\n|\n|t:|1664927232\n|switch|p1a: Snorlax|Snorlax|100\/100 slp\n|move|p2a: Chansey|Ice Beam|p1a: Snorlax\n|-damage|p1a: Snorlax|83\/100 slp\n|\n|upkeep\n|turn|75\n|\n|t:|1664927238\n|-curestatus|p1a: Snorlax|slp|[msg]\n|move|p2a: Chansey|Thunder Wave|p1a: Snorlax\n|-status|p1a: Snorlax|par\n|\n|upkeep\n|turn|76\n|\n|t:|1664927250\n|switch|p2a: Gengar|Gengar|66\/100 par\n|move|p1a: Snorlax|Reflect|p1a: Snorlax\n|-start|p1a: Snorlax|Reflect\n|\n|upkeep\n|turn|77\n|\n|t:|1664927255\n|cant|p2a: Gengar|par\n|move|p1a: Snorlax|Rest|p1a: Snorlax\n|-status|p1a: Snorlax|slp|[from] move: Rest\n|-heal|p1a: Snorlax|100\/100 slp|[silent]\n|\n|upkeep\n|turn|78\n|\n|t:|1664927258\n|move|p2a: Gengar|Thunderbolt|p1a: Snorlax\n|-crit|p1a: Snorlax\n|-damage|p1a: Snorlax|56\/100 slp\n|cant|p1a: Snorlax|slp\n|\n|upkeep\n|turn|79\n|\n|t:|1664927261\n|move|p2a: Gengar|Thunderbolt|p1a: Snorlax\n|-damage|p1a: Snorlax|31\/100 slp\n|-curestatus|p1a: Snorlax|slp|[msg]\n|\n|upkeep\n|turn|80\n|\n|t:|1664927264\n|move|p2a: Gengar|Thunderbolt|p1a: Snorlax\n|-crit|p1a: Snorlax\n|-damage|p1a: Snorlax|0 fnt\n|faint|p1a: Snorlax\n|\n|t:|1664927270\n|switch|p1a: Tauros|Tauros|100\/100\n|turn|81\n|\n|t:|1664927276\n|move|p1a: Tauros|Earthquake|p2a: Gengar\n|-crit|p2a: Gengar\n|-supereffective|p2a: Gengar\n|-damage|p2a: Gengar|0 fnt\n|faint|p2a: Gengar\n|\n|t:|1664927280\n|switch|p2a: Snorlax|Snorlax|100\/100\n|turn|82\n|\n|t:|1664927290\n|switch|p1a: Chansey|Chansey|94\/100\n|move|p2a: Snorlax|Body Slam|p1a: Chansey\n|-damage|p1a: Chansey|51\/100\n|\n|upkeep\n|turn|83\n|\n|t:|1664927298\n|move|p1a: Chansey|Soft-Boiled|p1a: Chansey\n|-heal|p1a: Chansey|100\/100\n|move|p2a: Snorlax|Body Slam|p1a: Chansey\n|-damage|p1a: Chansey|56\/100\n|\n|upkeep\n|turn|84\n|\n|t:|1664927303\n|move|p1a: Chansey|Soft-Boiled|p1a: Chansey\n|-heal|p1a: Chansey|100\/100\n|move|p2a: Snorlax|Body Slam|p1a: Chansey\n|-damage|p1a: Chansey|58\/100\n|\n|upkeep\n|turn|85\n|\n|t:|1664927308\n|move|p1a: Chansey|Soft-Boiled|p1a: Chansey\n|-heal|p1a: Chansey|100\/100\n|move|p2a: Snorlax|Body Slam|p1a: Chansey\n|-damage|p1a: Chansey|60\/100\n|\n|upkeep\n|turn|86\n|\n|t:|1664927311\n|move|p1a: Chansey|Sing|p2a: Snorlax\n|-status|p2a: Snorlax|slp|[from] move: Sing\n|cant|p2a: Snorlax|slp\n|\n|upkeep\n|turn|87\n|\n|t:|1664927321\n|move|p1a: Chansey|Soft-Boiled|p1a: Chansey\n|-heal|p1a: Chansey|100\/100\n|-curestatus|p2a: Snorlax|slp|[msg]\n|\n|upkeep\n|turn|88\n|\n|t:|1664927330\n|switch|p2a: Chansey|Chansey|87\/100 par\n|move|p1a: Chansey|Sing|p2a: Chansey|[miss]\n|-miss|p1a: Chansey\n|\n|upkeep\n|turn|89\n|\n|t:|1664927358\n|move|p1a: Chansey|Ice Beam|p2a: Chansey\n|-damage|p2a: Chansey|77\/100 par\n|move|p2a: Chansey|Ice Beam|p1a: Chansey\n|-damage|p1a: Chansey|90\/100\n|\n|upkeep\n|turn|90\n|\n|t:|1664927366\n|move|p1a: Chansey|Ice Beam|p2a: Chansey\n|-damage|p2a: Chansey|67\/100 par\n|cant|p2a: Chansey|par\n|\n|upkeep\n|turn|91\n|\n|t:|1664927371\n|switch|p1a: Cloyster|Cloyster|100\/100 slp\n|move|p2a: Chansey|Soft-Boiled|p2a: Chansey\n|-heal|p2a: Chansey|100\/100 par\n|\n|upkeep\n|turn|92\n|\n|t:|1664927377\n|-curestatus|p1a: Cloyster|slp|[msg]\n|move|p2a: Chansey|Thunderbolt|p1a: Cloyster\n|-supereffective|p1a: Cloyster\n|-damage|p1a: Cloyster|46\/100\n|\n|upkeep\n|turn|93\n|\n|t:|1664927386\n|switch|p2a: Cloyster|Cloyster|71\/100\n|move|p1a: Cloyster|Clamp|p2a: Cloyster\n|-resisted|p2a: Cloyster\n|-damage|p2a: Cloyster|64\/100\n|\n|upkeep\n|turn|94\n|\n|t:|1664927394\n|cant|p2a: Cloyster|partiallytrapped\n|move|p1a: Cloyster|Clamp|p2a: Cloyster|[from]Clamp\n|-damage|p2a: Cloyster|58\/100\n|\n|upkeep\n|turn|95\n|\n|t:|1664927399\n|cant|p2a: Cloyster|partiallytrapped\n|move|p1a: Cloyster|Clamp|p2a: Cloyster|[from]Clamp\n|-damage|p2a: Cloyster|51\/100\n|\n|upkeep\n|turn|96\n|\n|t:|1664927403\n|move|p2a: Cloyster|Clamp|p1a: Cloyster\n|-resisted|p1a: Cloyster\n|-damage|p1a: Cloyster|39\/100\n|cant|p1a: Cloyster|partiallytrapped\n|\n|upkeep\n|turn|97\n|\n|t:|1664927408\n|cant|p1a: Cloyster|partiallytrapped\n|move|p2a: Cloyster|Clamp|p1a: Cloyster|[from]Clamp\n|-damage|p1a: Cloyster|33\/100\n|\n|upkeep\n|turn|98\n|\n|t:|1664927413\n|switch|p2a: Chansey|Chansey|100\/100 par\n|move|p1a: Cloyster|Clamp|p2a: Chansey\n|-damage|p2a: Chansey|96\/100 par\n|\n|upkeep\n|turn|99\n|\n|t:|1664927418\n|switch|p2a: Cloyster|Cloyster|51\/100\n|move|p1a: Cloyster|Clamp|p2a: Cloyster\n|-resisted|p2a: Cloyster\n|-damage|p2a: Cloyster|44\/100\n|\n|upkeep\n|turn|100\n|\n|t:|1664927423\n|move|p1a: Cloyster|Clamp|p2a: Cloyster|[from]Clamp\n|-damage|p2a: Cloyster|38\/100\n|cant|p2a: Cloyster|partiallytrapped\n|\n|upkeep\n|turn|101\n|\n|t:|1664927430\n|move|p1a: Cloyster|Clamp|p2a: Cloyster\n|-resisted|p2a: Cloyster\n|-damage|p2a: Cloyster|31\/100\n|cant|p2a: Cloyster|partiallytrapped\n|\n|upkeep\n|turn|102\n|\n|t:|1664927436\n|cant|p2a: Cloyster|partiallytrapped\n|move|p1a: Cloyster|Clamp|p2a: Cloyster|[from]Clamp\n|-damage|p2a: Cloyster|25\/100\n|\n|upkeep\n|turn|103\n|\n|t:|1664927447\n|move|p2a: Cloyster|Rest|p2a: Cloyster\n|-status|p2a: Cloyster|slp|[from] move: Rest\n|-heal|p2a: Cloyster|100\/100 slp|[silent]\n|move|p1a: Cloyster|Clamp|p2a: Cloyster\n|-resisted|p2a: Cloyster\n|-damage|p2a: Cloyster|94\/100 slp\n|\n|upkeep\n|turn|104\n|\n|t:|1664927453\n|switch|p1a: Tauros|Tauros|100\/100\n|cant|p2a: Cloyster|slp\n|\n|upkeep\n|turn|105\n|\n|t:|1664927455\n|move|p1a: Tauros|Body Slam|p2a: Cloyster\n|-damage|p2a: Cloyster|71\/100 slp\n|-curestatus|p2a: Cloyster|slp|[msg]\n|\n|upkeep\n|turn|106\n|\n|t:|1664927461\n|move|p1a: Tauros|Body Slam|p2a: Cloyster\n|-crit|p2a: Cloyster\n|-damage|p2a: Cloyster|29\/100\n|move|p2a: Cloyster|Clamp|p1a: Tauros\n|-damage|p1a: Tauros|87\/100\n|\n|upkeep\n|turn|107\n|\n|t:|1664927472\n|switch|p1a: Chansey|Chansey|90\/100\n|move|p2a: Cloyster|Clamp|p1a: Chansey\n|-damage|p1a: Chansey|85\/100\n|\n|upkeep\n|turn|108\n|\n|t:|1664927478\n|switch|p1a: Cloyster|Cloyster|33\/100\n|move|p2a: Cloyster|Clamp|p1a: Cloyster|[miss]\n|-miss|p2a: Cloyster\n|\n|upkeep\n|turn|109\n|\n|t:|1664927486\n|move|p1a: Cloyster|Clamp|p2a: Cloyster\n|-resisted|p2a: Cloyster\n|-damage|p2a: Cloyster|21\/100\n|cant|p2a: Cloyster|partiallytrapped\n|\n|upkeep\n|turn|110\n|\n|t:|1664927494\n|switch|p2a: Chansey|Chansey|96\/100 par\n|move|p1a: Cloyster|Clamp|p2a: Chansey\n|-damage|p2a: Chansey|91\/100 par\n|\n|upkeep\n|turn|111\n|\n|t:|1664927502\n|switch|p1a: Tauros|Tauros|87\/100\n|switch|p2a: Cloyster|Cloyster|21\/100\n|\n|upkeep\n|turn|112\n|\n|t:|1664927512\n|switch|p2a: Snorlax|Snorlax|100\/100\n|move|p1a: Tauros|Body Slam|p2a: Snorlax\n|-damage|p2a: Snorlax|77\/100\n|\n|upkeep\n|turn|113\n|\n|t:|1664927519\n|switch|p1a: Chansey|Chansey|85\/100\n|move|p2a: Snorlax|Body Slam|p1a: Chansey\n|-damage|p1a: Chansey|43\/100\n|\n|upkeep\n|turn|114\n|\n|t:|1664927524\n|move|p1a: Chansey|Soft-Boiled|p1a: Chansey\n|-heal|p1a: Chansey|93\/100\n|move|p2a: Snorlax|Body Slam|p1a: Chansey\n|-damage|p1a: Chansey|49\/100\n|\n|upkeep\n|turn|115\n|\n|t:|1664927529\n|switch|p2a: Chansey|Chansey|91\/100 par\n|move|p1a: Chansey|Soft-Boiled|p1a: Chansey\n|-heal|p1a: Chansey|99\/100\n|\n|upkeep\n|turn|116\n|j|+TSR\n|\n|t:|1664927548\n|move|p1a: Chansey|Thunder Wave|p2a: Chansey\n|-fail|p2a: Chansey|par\n|move|p2a: Chansey|Thunderbolt|p1a: Chansey\n|-damage|p1a: Chansey|88\/100\n|\n|upkeep\n|turn|117\n|\n|t:|1664927563\n|switch|p1a: Alakazam|Alakazam|84\/100 slp\n|move|p2a: Chansey|Thunder Wave|p1a: Alakazam\n|-fail|p1a: Alakazam\n|\n|upkeep\n|turn|118\n|\n|t:|1664927568\n|switch|p1a: Chansey|Chansey|88\/100\n|switch|p2a: Tauros|Tauros|100\/100\n|\n|upkeep\n|turn|119\n|\n|t:|1664927577\n|switch|p2a: Chansey|Chansey|91\/100 par\n|switch|p1a: Cloyster|Cloyster|33\/100\n|\n|upkeep\n|turn|120\n|\n|t:|1664927599\n|move|p1a: Cloyster|Clamp|p2a: Chansey\n|-damage|p2a: Chansey|86\/100 par\n|cant|p2a: Chansey|partiallytrapped\n|\n|upkeep\n|turn|121\n|\n|t:|1664927603\n|switch|p2a: Cloyster|Cloyster|21\/100\n|move|p1a: Cloyster|Clamp|p2a: Cloyster\n|-resisted|p2a: Cloyster\n|-damage|p2a: Cloyster|15\/100\n|\n|upkeep\n|turn|122\n|j| Arctussy \u2661\n|\n|t:|1664927608\n|switch|p2a: Chansey|Chansey|86\/100 par\n|move|p1a: Cloyster|Clamp|p2a: Chansey|[miss]\n|-miss|p1a: Cloyster\n|\n|upkeep\n|turn|123\n|\n|t:|1664927619\n|move|p1a: Cloyster|Clamp|p2a: Chansey|[miss]\n|-miss|p1a: Cloyster\n|cant|p2a: Chansey|par\n|\n|upkeep\n|turn|124\n|\n|t:|1664927624\n|switch|p2a: Cloyster|Cloyster|15\/100\n|move|p1a: Cloyster|Explosion|p2a: Cloyster\n|-crit|p2a: Cloyster\n|-damage|p2a: Cloyster|0 fnt\n|faint|p2a: Cloyster\n|faint|p1a: Cloyster\n|\n|t:|1664927638\n|switch|p1a: Chansey|Chansey|88\/100\n|switch|p2a: Snorlax|Snorlax|77\/100\n|turn|125\n|\n|t:|1664927650\n|switch|p1a: Tauros|Tauros|87\/100\n|switch|p2a: Chansey|Chansey|86\/100 par\n|\n|upkeep\n|turn|126\n|\n|t:|1664927658\n|move|p1a: Tauros|Body Slam|p2a: Chansey\n|-damage|p2a: Chansey|44\/100 par\n|move|p2a: Chansey|Thunder Wave|p1a: Tauros\n|-status|p1a: Tauros|par\n|\n|upkeep\n|turn|127\n|\n|t:|1664927667\n|switch|p2a: Snorlax|Snorlax|77\/100\n|move|p1a: Tauros|Body Slam|p2a: Snorlax\n|-damage|p2a: Snorlax|50\/100\n|\n|upkeep\n|turn|128\n|\n|t:|1664927680\n|move|p2a: Snorlax|Body Slam|p1a: Tauros\n|-damage|p1a: Tauros|58\/100 par\n|move|p1a: Tauros|Hyper Beam|p2a: Snorlax\n|-damage|p2a: Snorlax|3\/100\n|-mustrecharge|p1a: Tauros\n|\n|upkeep\n|turn|129\n|\n|t:|1664927686\n|move|p2a: Snorlax|Body Slam|p1a: Tauros\n|-crit|p1a: Tauros\n|-damage|p1a: Tauros|0 fnt\n|faint|p1a: Tauros\n|c|\u2606Laroxyl|gg\n|-message|Laroxyl forfeited.\n|\n|win|Ct0wn\n|c|\u2606Ct0wn|Gg\n|l| Arctussy \u2661\n","uploadtime":1664927704,"views":24,"p1id":"laroxyl","p2id":"ct0wn","formatid":"gen1ou","rating":0,"private":0,"password":null}