{"id":"gen1randombattle-1690062727","p1":"LoSconosciuto","p2":"CollectorEly","format":"gen1randombattle","log":"|j|\u2606LoSconosciuto\n|j|\u2606CollectorEly\n|t:|1666230080\n|gametype|singles\n|player|p1|LoSconosciuto|#teamgapdos|\n|player|p2|CollectorEly|erika|\n|teamsize|p1|6\n|teamsize|p2|6\n|gen|1\n|tier|[Gen 1] Random Battle\n|rule|Desync Clause Mod: Desyncs changed to move failure.\n|rule|Sleep Clause Mod: Limit one foe put to sleep\n|rule|Freeze Clause Mod: Limit one foe frozen\n|rule|Species Clause: Limit one of each Pok\u00e9mon\n|rule|OHKO Clause: OHKO moves are banned\n|rule|Evasion Moves Clause: Evasion moves are banned\n|rule|Endless Battle Clause: Forcing endless battles is banned\n|rule|HP Percentage Mod: HP is shown in percentages\n|\n|t:|1666230080\n|start\n|switch|p1a: Mankey|Mankey, L88|250\/250\n|switch|p2a: Vileplume|Vileplume, L77|274\/274\n|turn|1\n|inactive|Battle timer is ON: inactive players will automatically lose when time's up. (requested by LoSconosciuto)\n|c|\u2606LoSconosciuto|hf\n|\n|t:|1666230094\n|move|p1a: Mankey|Body Slam|p2a: Vileplume\n|-damage|p2a: Vileplume|210\/274\n|move|p2a: Vileplume|Stun Spore|p1a: Mankey\n|-status|p1a: Mankey|par\n|\n|upkeep\n|turn|2\n|\n|t:|1666230109\n|move|p2a: Vileplume|Mega Drain|p1a: Mankey\n|-damage|p1a: Mankey|196\/250 par\n|-heal|p2a: Vileplume|237\/274|[from] drain|[of] p1a: Mankey\n|move|p1a: Mankey|Body Slam|p2a: Vileplume\n|-damage|p2a: Vileplume|178\/274\n|-status|p2a: Vileplume|par\n|\n|upkeep\n|turn|3\n|\n|t:|1666230120\n|cant|p1a: Mankey|par\n|cant|p2a: Vileplume|par\n|\n|upkeep\n|turn|4\n|\n|t:|1666230124\n|move|p1a: Mankey|Mega Kick|p2a: Vileplume|[miss]\n|-miss|p1a: Mankey\n|move|p2a: Vileplume|Swords Dance|p2a: Vileplume\n|-boost|p2a: Vileplume|atk|2\n|\n|upkeep\n|turn|5\n|\n|t:|1666230129\n|move|p2a: Vileplume|Body Slam|p1a: Mankey\n|-damage|p1a: Mankey|59\/250 par\n|move|p1a: Mankey|Mega Kick|p2a: Vileplume\n|-damage|p2a: Vileplume|90\/274 par\n|\n|upkeep\n|turn|6\n|j| Teres BAHJI\n|\n|t:|1666230134\n|switch|p1a: Gengar|Gengar, L68|222\/222\n|move|p2a: Vileplume|Body Slam|p1a: Gengar\n|-immune|p1a: Gengar\n|\n|upkeep\n|turn|7\n|j| S.A.D1991\n|\n|t:|1666230142\n|move|p1a: Gengar|Psychic|p2a: Vileplume\n|-supereffective|p2a: Vileplume\n|-damage|p2a: Vileplume|0 fnt\n|faint|p2a: Vileplume\n|\n|t:|1666230157\n|switch|p2a: Machoke|Machoke, L80|292\/292\n|turn|8\n|\n|t:|1666230170\n|move|p1a: Gengar|Psychic|p2a: Machoke\n|-crit|p2a: Machoke\n|-supereffective|p2a: Machoke\n|-damage|p2a: Machoke|18\/292\n|-unboost|p2a: Machoke|spd|1\n|-unboost|p2a: Machoke|spa|1\n|move|p2a: Machoke|Earthquake|p1a: Gengar\n|-supereffective|p1a: Gengar\n|-damage|p1a: Gengar|28\/222\n|\n|upkeep\n|turn|9\n|\n|t:|1666230180\n|move|p1a: Gengar|Mega Drain|p2a: Machoke\n|-damage|p2a: Machoke|0 fnt\n|-heal|p1a: Gengar|37\/222|[from] drain|[of] p2a: Machoke\n|faint|p2a: Machoke\n|\n|t:|1666230183\n|switch|p2a: Tauros|Tauros, L68|243\/243\n|turn|10\n|\n|t:|1666230191\n|switch|p1a: Mankey|Mankey, L88|59\/250 par\n|move|p2a: Tauros|Earthquake|p1a: Mankey\n|-crit|p1a: Mankey\n|-damage|p1a: Mankey|0 fnt\n|faint|p1a: Mankey\n|\n|t:|1666230215\n|switch|p1a: Vaporeon|Vaporeon, L74|345\/345\n|turn|11\n|\n|t:|1666230224\n|switch|p2a: Slowbro|Slowbro, L68|270\/270\n|move|p1a: Vaporeon|Surf|p2a: Slowbro\n|-resisted|p2a: Slowbro\n|-damage|p2a: Slowbro|211\/270\n|\n|upkeep\n|turn|12\n|\n|t:|1666230231\n|switch|p1a: Electrode|Electrode, L77|251\/251\n|move|p2a: Slowbro|Thunder Wave|p1a: Electrode\n|-status|p1a: Electrode|par\n|\n|upkeep\n|turn|13\n|\n|t:|1666230247\n|move|p2a: Slowbro|Amnesia|p2a: Slowbro\n|-boost|p2a: Slowbro|spd|2\n|-boost|p2a: Slowbro|spa|2\n|move|p1a: Electrode|Thunderbolt|p2a: Slowbro\n|-crit|p2a: Slowbro\n|-supereffective|p2a: Slowbro\n|-damage|p2a: Slowbro|0 fnt\n|faint|p2a: Slowbro\n|c|\u2606CollectorEly|bbro\n|\n|t:|1666230255\n|switch|p2a: Vulpix|Vulpix, L88|246\/246\n|turn|14\n|\n|t:|1666230265\n|switch|p1a: Vaporeon|Vaporeon, L74|345\/345\n|move|p2a: Vulpix|Confuse Ray|p1a: Vaporeon\n|-start|p1a: Vaporeon|confusion\n|\n|upkeep\n|turn|15\n|\n|t:|1666230280\n|switch|p1a: Gengar|Gengar, L68|37\/222\n|move|p2a: Vulpix|Substitute|p2a: Vulpix\n|-start|p2a: Vulpix|Substitute\n|-damage|p2a: Vulpix|185\/246\n|\n|upkeep\n|turn|16\n|inactive|LoSconosciuto has 270 seconds left.\n|\n|t:|1666230316\n|move|p1a: Gengar|Thunderbolt|p2a: Vulpix\n|-crit|p2a: Vulpix\n|-end|p2a: Vulpix|Substitute\n|move|p2a: Vulpix|Fire Blast|p1a: Gengar\n|-damage|p1a: Gengar|0 fnt\n|faint|p1a: Gengar\n|\n|t:|1666230320\n|switch|p1a: Poliwag|Poliwag, L88|250\/250\n|turn|17\n|\n|t:|1666230330\n|move|p1a: Poliwag|Hypnosis|p2a: Vulpix\n|-status|p2a: Vulpix|slp|[from] move: Hypnosis\n|-curestatus|p2a: Vulpix|slp|[msg]\n|\n|upkeep\n|turn|18\n|\n|t:|1666230333\n|move|p1a: Poliwag|Hypnosis|p2a: Vulpix|[miss]\n|-miss|p1a: Poliwag\n|move|p2a: Vulpix|Body Slam|p1a: Poliwag\n|-damage|p1a: Poliwag|187\/250\n|\n|upkeep\n|turn|19\n|\n|t:|1666230338\n|move|p1a: Poliwag|Hypnosis|p2a: Vulpix|[miss]\n|-miss|p1a: Poliwag\n|move|p2a: Vulpix|Body Slam|p1a: Poliwag\n|-damage|p1a: Poliwag|122\/250\n|\n|upkeep\n|turn|20\n|\n|t:|1666230342\n|move|p1a: Poliwag|Hypnosis|p2a: Vulpix\n|-status|p2a: Vulpix|slp|[from] move: Hypnosis\n|cant|p2a: Vulpix|slp\n|\n|upkeep\n|turn|21\n|\n|t:|1666230349\n|switch|p2a: Tauros|Tauros, L68|243\/243\n|move|p1a: Poliwag|Amnesia|p1a: Poliwag\n|-boost|p1a: Poliwag|spd|2\n|-boost|p1a: Poliwag|spa|2\n|\n|upkeep\n|turn|22\n|\n|t:|1666230360\n|move|p1a: Poliwag|Surf|p2a: Tauros\n|-damage|p2a: Tauros|53\/243\n|move|p2a: Tauros|Hyper Beam|p1a: Poliwag\n|-damage|p1a: Poliwag|0 fnt\n|faint|p1a: Poliwag\n|\n|t:|1666230367\n|switch|p1a: Vaporeon|Vaporeon, L74|345\/345\n|turn|23\n|\n|t:|1666230379\n|switch|p2a: Vulpix|Vulpix, L88|185\/246 slp\n|move|p1a: Vaporeon|Surf|p2a: Vulpix\n|-supereffective|p2a: Vulpix\n|-damage|p2a: Vulpix|0 fnt\n|faint|p2a: Vulpix\n|\n|t:|1666230384\n|switch|p2a: Butterfree|Butterfree, L77|251\/251\n|turn|24\n|\n|t:|1666230391\n|switch|p2a: Tauros|Tauros, L68|53\/243\n|switch|p1a: Electrode|Electrode, L77|251\/251 par\n|\n|upkeep\n|turn|25\n|\n|t:|1666230398\n|switch|p1a: Marowak|Marowak, L77|251\/251\n|move|p2a: Tauros|Earthquake|p1a: Marowak\n|-crit|p1a: Marowak\n|-damage|p1a: Marowak|157\/251\n|\n|upkeep\n|turn|26\n|\n|t:|1666230411\n|move|p2a: Tauros|Body Slam|p1a: Marowak\n|-crit|p1a: Marowak\n|-damage|p1a: Marowak|40\/251\n|move|p1a: Marowak|Seismic Toss|p2a: Tauros\n|-damage|p2a: Tauros|0 fnt\n|faint|p2a: Tauros\n|\n|t:|1666230417\n|switch|p2a: Butterfree|Butterfree, L77|251\/251\n|turn|27\n|\n|t:|1666230420\n|move|p2a: Butterfree|Psychic|p1a: Marowak\n|-damage|p1a: Marowak|0 fnt\n|faint|p1a: Marowak\n|\n|t:|1666230422\n|switch|p1a: Electrode|Electrode, L77|251\/251 par\n|turn|28\n|\n|t:|1666230433\n|move|p2a: Butterfree|Psychic|p1a: Electrode\n|-damage|p1a: Electrode|193\/251 par\n|-unboost|p1a: Electrode|spd|1\n|-unboost|p1a: Electrode|spa|1\n|move|p1a: Electrode|Thunder Wave|p2a: Butterfree\n|-status|p2a: Butterfree|par\n|\n|upkeep\n|turn|29\n|\n|t:|1666230439\n|move|p2a: Butterfree|Psychic|p1a: Electrode\n|-damage|p1a: Electrode|117\/251 par\n|move|p1a: Electrode|Thunderbolt|p2a: Butterfree\n|-supereffective|p2a: Butterfree\n|-damage|p2a: Butterfree|141\/251 par\n|\n|upkeep\n|turn|30\n|\n|t:|1666230452\n|move|p2a: Butterfree|Mega Drain|p1a: Electrode\n|-damage|p1a: Electrode|82\/251 par\n|-heal|p2a: Butterfree|158\/251 par|[from] drain|[of] p1a: Electrode\n|move|p1a: Electrode|Explosion|p2a: Butterfree\n|-damage|p2a: Butterfree|0 fnt\n|faint|p2a: Butterfree\n|faint|p1a: Electrode\n|\n|win|LoSconosciuto\n|c|\u2606LoSconosciuto|ggs\n|c| Teres BAHJI|lel\n|c|\u2606CollectorEly|^\n|l|\u2606CollectorEly\n|j|\u2606CollectorEly\n|player|p2|CollectorEly|erika\n|l|\u2606CollectorEly\n|player|p2|\n|c|\u2606LoSconosciuto|^\n|l| S.A.D1991\n|l| Teres BAHJI\n","inputlog":">version 9c5d654b898167f5ae9ca6e9cc2965040adf185e\n>start {\"formatid\":\"gen1randombattle\",\"seed\":[34037,17932,7776,26231]}\n>player p1 {\"name\":\"LoSconosciuto\",\"avatar\":\"#teamgapdos\",\"rating\":0,\"seed\":[10175,52884,61397,64498]}\n>player p2 {\"name\":\"CollectorEly\",\"avatar\":\"erika\",\"rating\":0,\"seed\":[10655,47496,38063,27343]}\n>chat \u2606LoSconosciuto|hf\n>p1 move bodyslam\n>p2 move stunspore\n>p1 move bodyslam\n>p2 move megadrain\n>p1 move megakick\n>p2 move swordsdance\n>p1 move megakick\n>p2 move swordsdance\n>p1 move megakick\n>p2 move bodyslam\n>p1 switch 4\n>p2 move bodyslam\n>p1 move psychic\n>p2 move stunspore\n>p2 switch 3\n>p1 move psychic\n>p2 move earthquake\n>p1 move megadrain\n>p2 move bodyslam\n>p2 switch 4\n>p1 switch 4\n>p2 move earthquake\n>p1 switch 5\n>p1 move surf\n>p2 switch 5\n>p1 switch 3\n>p2 move thunderwave\n>p1 move thunderbolt\n>p2 move amnesia\n>chat \u2606CollectorEly|bbro\n>p2 switch 6\n>p1 switch 3\n>p2 move confuseray\n>p1 switch 4\n>p2 move substitute\n>p1 move thunderbolt\n>p2 move fireblast\n>p1 switch 2\n>p1 move hypnosis\n>p2 move bodyslam\n>p1 move hypnosis\n>p2 move bodyslam\n>p1 move hypnosis\n>p2 move bodyslam\n>p1 move hypnosis\n>p2 move bodyslam\n>p1 move amnesia\n>p2 switch 5\n>p1 move surf\n>p2 move hyperbeam\n>p1 switch 4\n>p1 move surf\n>p2 switch 5\n>p2 switch 2\n>p1 switch 3\n>p2 switch 5\n>p1 switch 6\n>p2 move earthquake\n>p1 move seismictoss\n>p2 move bodyslam\n>p2 switch 5\n>p1 move seismictoss\n>p2 move psychic\n>p1 switch 6\n>p1 move thunderwave\n>p2 move psychic\n>p1 move thunderbolt\n>p2 move psychic\n>p1 move explosion\n>p2 move megadrain","uploadtime":1666230544,"views":9,"p1id":"losconosciuto","p2id":"collectorely","formatid":"gen1randombattle","rating":0,"private":0,"password":null}