{"id":"gen1ou-1651581934","p1":"Cowsrule247","p2":"Astidah 90","format":"gen1ou","log":"|j|\u203dCowsrule247\n|j|\u2606Astidah 90\n|t:|1661830563\n|gametype|singles\n|player|p1|Cowsrule247|skyla|1207\n|player|p2|Astidah 90|2|1362\n|teamsize|p1|6\n|teamsize|p2|6\n|gen|1\n|tier|[Gen 1] OU\n|rated|\n|rule|Desync Clause Mod: Desyncs changed to move failure.\n|rule|Sleep Clause Mod: Limit one foe put to sleep\n|rule|Freeze Clause Mod: Limit one foe frozen\n|rule|Species Clause: Limit one of each Pok\u00e9mon\n|rule|OHKO Clause: OHKO moves are banned\n|rule|Evasion Moves Clause: Evasion moves are banned\n|rule|Endless Battle Clause: Forcing endless battles is banned\n|rule|HP Percentage Mod: HP is shown in percentages\n|\n|t:|1661830563\n|start\n|switch|p1a: Exeggutor|Exeggutor|100\/100\n|switch|p2a: Exeggutor|Exeggutor|100\/100\n|turn|1\n|\n|t:|1661830570\n|move|p2a: Exeggutor|Sleep Powder|p1a: Exeggutor\n|-status|p1a: Exeggutor|slp|[from] move: Sleep Powder\n|-curestatus|p1a: Exeggutor|slp|[msg]\n|\n|upkeep\n|turn|2\n|inactive|Battle timer is ON: inactive players will automatically lose when time's up. (requested by Cowsrule247)\n|\n|t:|1661830576\n|move|p1a: Exeggutor|Sleep Powder|p2a: Exeggutor\n|-status|p2a: Exeggutor|slp|[from] move: Sleep Powder\n|cant|p2a: Exeggutor|slp\n|\n|upkeep\n|turn|3\n|\n|t:|1661830590\n|switch|p1a: Snorlax|Snorlax|100\/100\n|cant|p2a: Exeggutor|slp\n|\n|upkeep\n|turn|4\n|\n|t:|1661830602\n|cant|p2a: Exeggutor|slp\n|move|p1a: Snorlax|Body Slam|p2a: Exeggutor\n|-damage|p2a: Exeggutor|69\/100 slp\n|\n|upkeep\n|turn|5\n|\n|t:|1661830609\n|switch|p2a: Snowlax|Snorlax|100\/100\n|move|p1a: Snorlax|Body Slam|p2a: Snowlax\n|-damage|p2a: Snowlax|73\/100\n|\n|upkeep\n|turn|6\n|\n|t:|1661830617\n|switch|p1a: Porygon|Porygon|100\/100\n|move|p2a: Snowlax|Reflect|p2a: Snowlax\n|-start|p2a: Snowlax|Reflect\n|\n|upkeep\n|turn|7\n|\n|t:|1661830636\n|switch|p2a: Exeggutor|Exeggutor|69\/100 slp\n|move|p1a: Porygon|Thunder Wave|p2a: Exeggutor\n|-fail|p2a: Exeggutor\n|\n|upkeep\n|turn|8\n|\n|t:|1661830642\n|cant|p2a: Exeggutor|slp\n|move|p1a: Porygon|Ice Beam|p2a: Exeggutor\n|-supereffective|p2a: Exeggutor\n|-damage|p2a: Exeggutor|42\/100 slp\n|\n|upkeep\n|turn|9\n|\n|t:|1661830663\n|switch|p2a: Snowlax|Snorlax|73\/100\n|move|p1a: Porygon|Ice Beam|p2a: Snowlax\n|-damage|p2a: Snowlax|58\/100\n|\n|upkeep\n|turn|10\n|\n|t:|1661830678\n|move|p1a: Porygon|Thunder Wave|p2a: Snowlax\n|-status|p2a: Snowlax|par\n|move|p2a: Snowlax|Reflect|p2a: Snowlax\n|-start|p2a: Snowlax|Reflect\n|\n|upkeep\n|turn|11\n|\n|t:|1661830685\n|move|p1a: Porygon|Ice Beam|p2a: Snowlax\n|-crit|p2a: Snowlax\n|-damage|p2a: Snowlax|30\/100 par\n|move|p2a: Snowlax|Ice Beam|p1a: Porygon\n|-damage|p1a: Porygon|81\/100\n|\n|upkeep\n|turn|12\n|\n|t:|1661830696\n|move|p1a: Porygon|Ice Beam|p2a: Snowlax\n|-damage|p2a: Snowlax|14\/100 par\n|move|p2a: Snowlax|Self-Destruct|p1a: Porygon\n|-damage|p1a: Porygon|0 fnt\n|faint|p1a: Porygon\n|faint|p2a: Snowlax\n|\n|t:|1661830710\n|switch|p1a: Exeggutor|Exeggutor|100\/100\n|switch|p2a: Victreebel|Victreebel|100\/100\n|turn|13\n|\n|t:|1661830728\n|switch|p1a: Snorlax|Snorlax|100\/100\n|move|p2a: Victreebel|Wrap|p1a: Snorlax\n|-crit|p1a: Snorlax\n|-damage|p1a: Snorlax|94\/100\n|\n|upkeep\n|turn|14\n|\n|t:|1661830734\n|switch|p1a: Exeggutor|Exeggutor|100\/100\n|move|p2a: Victreebel|Wrap|p1a: Exeggutor|[miss]\n|-miss|p2a: Victreebel\n|\n|upkeep\n|turn|15\n|\n|t:|1661830754\n|move|p2a: Victreebel|Wrap|p1a: Exeggutor\n|-damage|p1a: Exeggutor|97\/100\n|cant|p1a: Exeggutor|partiallytrapped\n|\n|upkeep\n|turn|16\n|\n|t:|1661830765\n|move|p2a: Victreebel|Wrap|p1a: Exeggutor|[from]Wrap\n|-damage|p1a: Exeggutor|93\/100\n|cant|p1a: Exeggutor|partiallytrapped\n|\n|upkeep\n|turn|17\n|\n|t:|1661830774\n|switch|p2a: Exeggutor|Exeggutor|42\/100 slp\n|cant|p1a: Exeggutor|partiallytrapped\n|\n|upkeep\n|turn|18\n|\n|t:|1661830784\n|move|p1a: Exeggutor|Double-Edge|p2a: Exeggutor\n|-damage|p2a: Exeggutor|22\/100 slp\n|-damage|p1a: Exeggutor|88\/100|[from] Recoil|[of] p2a: Exeggutor\n|cant|p2a: Exeggutor|slp\n|\n|upkeep\n|turn|19\n|\n|t:|1661830794\n|-curestatus|p2a: Exeggutor|slp|[msg]\n|move|p1a: Exeggutor|Double-Edge|p2a: Exeggutor\n|-damage|p2a: Exeggutor|0 fnt\n|-damage|p1a: Exeggutor|83\/100|[from] Recoil|[of] p2a: Exeggutor\n|faint|p2a: Exeggutor\n|\n|t:|1661830803\n|switch|p2a: Victreebel|Victreebel|100\/100\n|turn|20\n|\n|t:|1661830806\n|move|p2a: Victreebel|Sleep Powder|p1a: Exeggutor\n|-status|p1a: Exeggutor|slp|[from] move: Sleep Powder\n|cant|p1a: Exeggutor|slp\n|\n|upkeep\n|turn|21\n|\n|t:|1661830813\n|switch|p2a: Cloyster|Cloyster|100\/100\n|cant|p1a: Exeggutor|slp\n|\n|upkeep\n|turn|22\n|\n|t:|1661830817\n|switch|p1a: Slowbro|Slowbro|100\/100\n|move|p2a: Cloyster|Blizzard|p1a: Slowbro\n|-resisted|p1a: Slowbro\n|-damage|p1a: Slowbro|82\/100\n|\n|upkeep\n|turn|23\n|\n|t:|1661830824\n|move|p2a: Cloyster|Clamp|p1a: Slowbro\n|-resisted|p1a: Slowbro\n|-damage|p1a: Slowbro|77\/100\n|cant|p1a: Slowbro|partiallytrapped\n|\n|upkeep\n|turn|24\n|\n|t:|1661830828\n|move|p2a: Cloyster|Clamp|p1a: Slowbro|[from]Clamp\n|-damage|p1a: Slowbro|71\/100\n|cant|p1a: Slowbro|partiallytrapped\n|\n|upkeep\n|turn|25\n|\n|t:|1661830832\n|move|p2a: Cloyster|Clamp|p1a: Slowbro|[from]Clamp\n|-damage|p1a: Slowbro|65\/100\n|cant|p1a: Slowbro|partiallytrapped\n|\n|upkeep\n|turn|26\n|\n|t:|1661830836\n|move|p2a: Cloyster|Clamp|p1a: Slowbro\n|-resisted|p1a: Slowbro\n|-damage|p1a: Slowbro|60\/100\n|cant|p1a: Slowbro|partiallytrapped\n|\n|upkeep\n|turn|27\n|\n|t:|1661830840\n|move|p2a: Cloyster|Clamp|p1a: Slowbro|[from]Clamp\n|-damage|p1a: Slowbro|55\/100\n|cant|p1a: Slowbro|partiallytrapped\n|\n|upkeep\n|turn|28\n|\n|t:|1661830844\n|move|p2a: Cloyster|Clamp|p1a: Slowbro\n|-resisted|p1a: Slowbro\n|-damage|p1a: Slowbro|49\/100\n|cant|p1a: Slowbro|partiallytrapped\n|\n|upkeep\n|turn|29\n|j| The2009Zapdos\n|\n|t:|1661830848\n|move|p2a: Cloyster|Clamp|p1a: Slowbro|[from]Clamp\n|-damage|p1a: Slowbro|44\/100\n|cant|p1a: Slowbro|partiallytrapped\n|\n|upkeep\n|turn|30\n|\n|t:|1661830851\n|move|p2a: Cloyster|Clamp|p1a: Slowbro\n|-resisted|p1a: Slowbro\n|-damage|p1a: Slowbro|37\/100\n|cant|p1a: Slowbro|partiallytrapped\n|\n|upkeep\n|turn|31\n|l| The2009Zapdos\n|\n|t:|1661830855\n|move|p2a: Cloyster|Clamp|p1a: Slowbro|[from]Clamp\n|-damage|p1a: Slowbro|31\/100\n|cant|p1a: Slowbro|partiallytrapped\n|\n|upkeep\n|turn|32\n|\n|t:|1661830859\n|move|p2a: Cloyster|Clamp|p1a: Slowbro|[from]Clamp\n|-damage|p1a: Slowbro|25\/100\n|cant|p1a: Slowbro|partiallytrapped\n|\n|upkeep\n|turn|33\n|\n|t:|1661830863\n|move|p2a: Cloyster|Clamp|p1a: Slowbro|[from]Clamp\n|-damage|p1a: Slowbro|19\/100\n|cant|p1a: Slowbro|partiallytrapped\n|\n|upkeep\n|turn|34\n|\n|t:|1661830867\n|move|p2a: Cloyster|Clamp|p1a: Slowbro|[from]Clamp\n|-damage|p1a: Slowbro|13\/100\n|cant|p1a: Slowbro|partiallytrapped\n|\n|upkeep\n|turn|35\n|\n|t:|1661830870\n|move|p2a: Cloyster|Clamp|p1a: Slowbro\n|-resisted|p1a: Slowbro\n|-damage|p1a: Slowbro|7\/100\n|cant|p1a: Slowbro|partiallytrapped\n|\n|upkeep\n|turn|36\n|\n|t:|1661830874\n|move|p2a: Cloyster|Clamp|p1a: Slowbro|[from]Clamp\n|-damage|p1a: Slowbro|2\/100\n|cant|p1a: Slowbro|partiallytrapped\n|\n|upkeep\n|turn|37\n|\n|t:|1661830878\n|move|p2a: Cloyster|Clamp|p1a: Slowbro\n|-resisted|p1a: Slowbro\n|-damage|p1a: Slowbro|0 fnt\n|faint|p1a: Slowbro\n|inactive|Cowsrule247 has 120 seconds left.\n|\n|t:|1661830919\n|switch|p1a: Chansey|Chansey|100\/100\n|turn|38\n|\n|t:|1661830927\n|move|p2a: Cloyster|Clamp|p1a: Chansey\n|-damage|p1a: Chansey|95\/100\n|cant|p1a: Chansey|partiallytrapped\n|\n|upkeep\n|turn|39\n|\n|t:|1661830931\n|move|p2a: Cloyster|Clamp|p1a: Chansey|[from]Clamp\n|-damage|p1a: Chansey|90\/100\n|cant|p1a: Chansey|partiallytrapped\n|\n|upkeep\n|turn|40\n|\n|t:|1661830935\n|move|p2a: Cloyster|Clamp|p1a: Chansey|[from]Clamp\n|-damage|p1a: Chansey|85\/100\n|cant|p1a: Chansey|partiallytrapped\n|\n|upkeep\n|turn|41\n|\n|t:|1661830939\n|move|p2a: Cloyster|Clamp|p1a: Chansey|[miss]\n|-miss|p2a: Cloyster\n|move|p1a: Chansey|Thunder Wave|p2a: Cloyster\n|-status|p2a: Cloyster|par\n|\n|upkeep\n|turn|42\n|\n|t:|1661830949\n|move|p1a: Chansey|Thunderbolt|p2a: Cloyster\n|-supereffective|p2a: Cloyster\n|-damage|p2a: Cloyster|46\/100 par\n|move|p2a: Cloyster|Blizzard|p1a: Chansey\n|-damage|p1a: Chansey|69\/100\n|\n|upkeep\n|turn|43\n|\n|t:|1661830962\n|switch|p2a: Victreebel|Victreebel|100\/100\n|move|p1a: Chansey|Thunderbolt|p2a: Victreebel\n|-resisted|p2a: Victreebel\n|-damage|p2a: Victreebel|90\/100\n|\n|upkeep\n|turn|44\n|\n|t:|1661830969\n|move|p2a: Victreebel|Wrap|p1a: Chansey\n|-damage|p1a: Chansey|64\/100\n|cant|p1a: Chansey|partiallytrapped\n|\n|upkeep\n|turn|45\n|\n|t:|1661830974\n|move|p2a: Victreebel|Wrap|p1a: Chansey|[from]Wrap\n|-damage|p1a: Chansey|59\/100\n|cant|p1a: Chansey|partiallytrapped\n|\n|upkeep\n|turn|46\n|\n|t:|1661830997\n|move|p2a: Victreebel|Wrap|p1a: Chansey|[from]Wrap\n|-damage|p1a: Chansey|54\/100\n|cant|p1a: Chansey|partiallytrapped\n|\n|upkeep\n|turn|47\n|\n|t:|1661831003\n|move|p2a: Victreebel|Wrap|p1a: Chansey|[from]Wrap\n|-damage|p1a: Chansey|48\/100\n|cant|p1a: Chansey|partiallytrapped\n|\n|upkeep\n|turn|48\n|\n|t:|1661831009\n|move|p2a: Victreebel|Wrap|p1a: Chansey\n|-damage|p1a: Chansey|44\/100\n|cant|p1a: Chansey|partiallytrapped\n|\n|upkeep\n|turn|49\n|inactive|Cowsrule247 has 120 seconds left.\n|\n|t:|1661831060\n|move|p2a: Victreebel|Wrap|p1a: Chansey|[from]Wrap\n|-damage|p1a: Chansey|39\/100\n|cant|p1a: Chansey|partiallytrapped\n|\n|upkeep\n|turn|50\n|\n|t:|1661831065\n|move|p2a: Victreebel|Wrap|p1a: Chansey|[miss]\n|-miss|p2a: Victreebel\n|move|p1a: Chansey|Thunder Wave|p2a: Victreebel\n|-status|p2a: Victreebel|par\n|\n|upkeep\n|turn|51\n|\n|t:|1661831075\n|move|p1a: Chansey|Soft-Boiled|p1a: Chansey\n|-heal|p1a: Chansey|89\/100\n|move|p2a: Victreebel|Stun Spore|p1a: Chansey\n|-status|p1a: Chansey|par\n|\n|upkeep\n|turn|52\n|\n|t:|1661831088\n|move|p2a: Victreebel|Wrap|p1a: Chansey\n|-damage|p1a: Chansey|84\/100 par\n|cant|p1a: Chansey|partiallytrapped\n|\n|upkeep\n|turn|53\n|\n|t:|1661831094\n|switch|p1a: Snorlax|Snorlax|94\/100\n|cant|p2a: Victreebel|par\n|\n|upkeep\n|turn|54\n|\n|t:|1661831104\n|move|p1a: Snorlax|Body Slam|p2a: Victreebel\n|-damage|p2a: Victreebel|54\/100 par\n|move|p2a: Victreebel|Stun Spore|p1a: Snorlax\n|-status|p1a: Snorlax|par\n|\n|upkeep\n|turn|55\n|j| loXdoc\n|\n|t:|1661831117\n|switch|p1a: Exeggutor|Exeggutor|83\/100 slp\n|move|p2a: Victreebel|Razor Leaf|p1a: Exeggutor\n|-crit|p1a: Exeggutor\n|-resisted|p1a: Exeggutor\n|-damage|p1a: Exeggutor|70\/100 slp\n|\n|upkeep\n|turn|56\n|\n|t:|1661831124\n|switch|p2a: Cloyster|Cloyster|46\/100 par\n|cant|p1a: Exeggutor|slp\n|\n|upkeep\n|turn|57\n|\n|t:|1661831141\n|switch|p1a: Chansey|Chansey|84\/100 par\n|move|p2a: Cloyster|Blizzard|p1a: Chansey\n|-damage|p1a: Chansey|67\/100 par\n|\n|upkeep\n|turn|58\n|l| loXdoc\n|\n|t:|1661831153\n|switch|p2a: Tauros|Tauros|100\/100\n|cant|p1a: Chansey|par\n|\n|upkeep\n|turn|59\n|\n|t:|1661831176\n|move|p2a: Tauros|Body Slam|p1a: Chansey\n|-crit|p1a: Chansey\n|-damage|p1a: Chansey|0 fnt\n|faint|p1a: Chansey\n|\n|t:|1661831182\n|switch|p1a: Snorlax|Snorlax|94\/100 par\n|turn|60\n|\n|t:|1661831189\n|move|p2a: Tauros|Body Slam|p1a: Snorlax\n|-damage|p1a: Snorlax|68\/100 par\n|move|p1a: Snorlax|Self-Destruct|p2a: Tauros\n|-crit|p2a: Tauros\n|-damage|p2a: Tauros|0 fnt\n|faint|p2a: Tauros\n|faint|p1a: Snorlax\n|\n|t:|1661831207\n|switch|p2a: Victreebel|Victreebel|54\/100 par\n|switch|p1a: Exeggutor|Exeggutor|70\/100 slp\n|turn|61\n|\n|t:|1661831218\n|switch|p2a: Cloyster|Cloyster|46\/100 par\n|cant|p1a: Exeggutor|slp\n|\n|upkeep\n|turn|62\n|\n|t:|1661831223\n|cant|p1a: Exeggutor|slp\n|move|p2a: Cloyster|Blizzard|p1a: Exeggutor|[miss]\n|-miss|p2a: Cloyster\n|\n|upkeep\n|turn|63\n|\n|t:|1661831230\n|-curestatus|p1a: Exeggutor|slp|[msg]\n|move|p2a: Cloyster|Blizzard|p1a: Exeggutor\n|-supereffective|p1a: Exeggutor\n|-damage|p1a: Exeggutor|17\/100\n|\n|upkeep\n|turn|64\n|\n|t:|1661831240\n|move|p1a: Exeggutor|Explosion|p2a: Cloyster\n|-damage|p2a: Cloyster|0 fnt\n|faint|p2a: Cloyster\n|faint|p1a: Exeggutor\n|\n|t:|1661831246\n|switch|p1a: Tauros|Tauros|100\/100\n|switch|p2a: Victreebel|Victreebel|54\/100 par\n|turn|65\n|\n|t:|1661831263\n|move|p1a: Tauros|Hyper Beam|p2a: Victreebel\n|-damage|p2a: Victreebel|0 fnt\n|faint|p2a: Victreebel\n|\n|t:|1661831267\n|switch|p2a: Persian|Persian|100\/100\n|turn|66\n|\n|t:|1661831290\n|move|p2a: Persian|Slash|p1a: Tauros\n|-crit|p1a: Tauros\n|-damage|p1a: Tauros|65\/100\n|move|p1a: Tauros|Body Slam|p2a: Persian\n|-damage|p2a: Persian|59\/100\n|\n|upkeep\n|turn|67\n|\n|t:|1661831299\n|move|p2a: Persian|Hyper Beam|p1a: Tauros\n|-damage|p1a: Tauros|22\/100\n|-mustrecharge|p2a: Persian\n|move|p1a: Tauros|Hyper Beam|p2a: Persian\n|-damage|p2a: Persian|0 fnt\n|faint|p2a: Persian\n|\n|win|Cowsrule247\n|raw|Cowsrule247's rating: 1207 &rarr; <strong>1242<\/strong><br \/>(+35 for winning)\n|raw|Astidah 90's rating: 1362 &rarr; <strong>1334<\/strong><br \/>(-28 for losing)\n|c|\u2606Astidah 90|gg\n|l|\u203dCowsrule247\n","uploadtime":1661831311,"views":7,"p1id":"cowsrule247","p2id":"astidah90","formatid":"gen1ou","rating":1242,"private":0,"password":null}