{"id":"gen1randombattle-1693062530","p1":"LoSconosciuto","p2":"doooooosh","format":"gen1randombattle","log":"|j|\u2606LoSconosciuto\n|j|\u2606doooooosh\n|t:|1666559745\n|gametype|singles\n|player|p1|LoSconosciuto|#teamgapdos|\n|player|p2|doooooosh|dragontamer|\n|teamsize|p1|6\n|teamsize|p2|6\n|gen|1\n|tier|[Gen 1] Random Battle\n|rule|Desync Clause Mod: Desyncs changed to move failure.\n|rule|Sleep Clause Mod: Limit one foe put to sleep\n|rule|Freeze Clause Mod: Limit one foe frozen\n|rule|Species Clause: Limit one of each Pok\u00e9mon\n|rule|OHKO Clause: OHKO moves are banned\n|rule|Evasion Moves Clause: Evasion moves are banned\n|rule|Endless Battle Clause: Forcing endless battles is banned\n|rule|HP Percentage Mod: HP is shown in percentages\n|\n|t:|1666559745\n|start\n|switch|p1a: Wigglytuff|Wigglytuff, L77|374\/374\n|switch|p2a: Graveler|Graveler, L80|252\/252\n|turn|1\n|inactive|Battle timer is ON: inactive players will automatically lose when time's up. (requested by LoSconosciuto)\n|c|\u2606doooooosh|last game hf\n|c|\u2606LoSconosciuto|hf\n|inactive|doooooosh has 270 seconds left.\n|\n|t:|1666559800\n|move|p1a: Wigglytuff|Blizzard|p2a: Graveler|[miss]\n|-miss|p1a: Wigglytuff\n|move|p2a: Graveler|Explosion|p1a: Wigglytuff\n|-damage|p1a: Wigglytuff|42\/374\n|faint|p2a: Graveler\n|\n|t:|1666559818\n|switch|p2a: Primeape|Primeape, L77|258\/258\n|turn|2\n|\n|t:|1666559834\n|move|p2a: Primeape|Body Slam|p1a: Wigglytuff\n|-damage|p1a: Wigglytuff|0 fnt\n|faint|p1a: Wigglytuff\n|\n|t:|1666559836\n|switch|p1a: Primeape|Primeape, L77|258\/258\n|turn|3\n|inactive|doooooosh has 270 seconds left.\n|\n|t:|1666559866\n|move|p2a: Primeape|Body Slam|p1a: Primeape\n|-crit|p1a: Primeape\n|-damage|p1a: Primeape|120\/258\n|move|p1a: Primeape|Counter|p2a: Primeape\n|-damage|p2a: Primeape|0 fnt\n|faint|p2a: Primeape\n|inactive|doooooosh has 270 seconds left.\n|\n|t:|1666559878\n|switch|p2a: Kadabra|Kadabra, L74|212\/212\n|turn|4\n|\n|t:|1666559884\n|move|p2a: Kadabra|Psychic|p1a: Primeape\n|-supereffective|p1a: Primeape\n|-damage|p1a: Primeape|0 fnt\n|faint|p1a: Primeape\n|\n|t:|1666559886\n|switch|p1a: Zapdos|Zapdos, L68|263\/263\n|turn|5\n|\n|t:|1666559889\n|switch|p2a: Nidoking|Nidoking, L77|283\/283\n|move|p1a: Zapdos|Thunder Wave|p2a: Nidoking\n|-immune|p2a: Nidoking\n|\n|upkeep\n|turn|6\n|\n|t:|1666559899\n|switch|p1a: Seel|Seel, L88|294\/294\n|move|p2a: Nidoking|Body Slam|p1a: Seel\n|-damage|p1a: Seel|232\/294\n|\n|upkeep\n|turn|7\n|\n|t:|1666559905\n|switch|p2a: Golduck|Golduck, L76|278\/278\n|move|p1a: Seel|Surf|p2a: Golduck\n|-resisted|p2a: Golduck\n|-damage|p2a: Golduck|223\/278\n|\n|upkeep\n|turn|8\n|\n|t:|1666559914\n|move|p2a: Golduck|Amnesia|p2a: Golduck\n|-boost|p2a: Golduck|spd|2\n|-boost|p2a: Golduck|spa|2\n|move|p1a: Seel|Body Slam|p2a: Golduck\n|-damage|p2a: Golduck|170\/278\n|-status|p2a: Golduck|par\n|\n|upkeep\n|turn|9\n|inactive|doooooosh has 270 seconds left.\n|inactive|doooooosh has 240 seconds left.\n|\n|t:|1666559979\n|move|p1a: Seel|Body Slam|p2a: Golduck\n|-damage|p2a: Golduck|120\/278 par\n|cant|p2a: Golduck|par\n|\n|upkeep\n|turn|10\n|\n|t:|1666559983\n|move|p1a: Seel|Body Slam|p2a: Golduck\n|-damage|p2a: Golduck|68\/278 par\n|move|p2a: Golduck|Surf|p1a: Seel\n|-crit|p1a: Seel\n|-resisted|p1a: Seel\n|-damage|p1a: Seel|155\/294\n|\n|upkeep\n|turn|11\n|\n|t:|1666559989\n|move|p1a: Seel|Body Slam|p2a: Golduck\n|-damage|p2a: Golduck|21\/278 par\n|move|p2a: Golduck|Surf|p1a: Seel\n|-crit|p1a: Seel\n|-resisted|p1a: Seel\n|-damage|p1a: Seel|80\/294\n|\n|upkeep\n|turn|12\n|\n|t:|1666559997\n|move|p1a: Seel|Body Slam|p2a: Golduck\n|-damage|p2a: Golduck|0 fnt\n|faint|p2a: Golduck\n|inactive|doooooosh has 270 seconds left.\n|\n|t:|1666560014\n|switch|p2a: Nidoking|Nidoking, L77|283\/283\n|turn|13\n|\n|t:|1666560017\n|move|p2a: Nidoking|Earthquake|p1a: Seel\n|-damage|p1a: Seel|0 fnt\n|faint|p1a: Seel\n|\n|t:|1666560045\n|switch|p1a: Porygon|Porygon, L77|258\/258\n|turn|14\n|inactive|doooooosh has 270 seconds left.\n|inactive|doooooosh has 240 seconds left.\n|inactive|doooooosh has 210 seconds left.\n|\n|t:|1666560125\n|switch|p2a: Kadabra|Kadabra, L74|212\/212\n|move|p1a: Porygon|Blizzard|p2a: Kadabra\n|-damage|p2a: Kadabra|161\/212\n|\n|upkeep\n|turn|15\n|inactive|doooooosh has 210 seconds left.\n|\n|t:|1666560132\n|move|p2a: Kadabra|Thunder Wave|p1a: Porygon\n|-status|p1a: Porygon|par\n|cant|p1a: Porygon|par\n|\n|upkeep\n|turn|16\n|\n|t:|1666560137\n|switch|p2a: Nidoking|Nidoking, L77|283\/283\n|move|p1a: Porygon|Thunder Wave|p2a: Nidoking\n|-immune|p2a: Nidoking\n|\n|upkeep\n|turn|17\n|\n|t:|1666560140\n|move|p2a: Nidoking|Earthquake|p1a: Porygon\n|-damage|p1a: Porygon|154\/258 par\n|move|p1a: Porygon|Blizzard|p2a: Nidoking\n|-supereffective|p2a: Nidoking\n|-damage|p2a: Nidoking|142\/283\n|\n|upkeep\n|turn|18\n|\n|t:|1666560151\n|move|p2a: Nidoking|Earthquake|p1a: Porygon\n|-damage|p1a: Porygon|55\/258 par\n|cant|p1a: Porygon|par\n|\n|upkeep\n|turn|19\n|\n|t:|1666560160\n|move|p2a: Nidoking|Body Slam|p1a: Porygon\n|-damage|p1a: Porygon|0 fnt\n|faint|p1a: Porygon\n|\n|t:|1666560162\n|switch|p1a: Graveler|Graveler, L80|252\/252\n|turn|20\n|inactive|doooooosh has 240 seconds left.\n|\n|t:|1666560181\n|switch|p2a: Rattata|Rattata, L88|232\/232\n|move|p1a: Graveler|Earthquake|p2a: Rattata\n|-damage|p2a: Rattata|87\/232\n|\n|upkeep\n|turn|21\n|\n|t:|1666560194\n|move|p2a: Rattata|Blizzard|p1a: Graveler\n|-supereffective|p1a: Graveler\n|-damage|p1a: Graveler|115\/252\n|move|p1a: Graveler|Earthquake|p2a: Rattata\n|-damage|p2a: Rattata|0 fnt\n|faint|p2a: Rattata\n|\n|t:|1666560203\n|switch|p2a: Kadabra|Kadabra, L74|161\/212\n|turn|22\n|\n|t:|1666560223\n|move|p2a: Kadabra|Psychic|p1a: Graveler\n|-damage|p1a: Graveler|0 fnt\n|faint|p1a: Graveler\n|\n|t:|1666560224\n|switch|p1a: Zapdos|Zapdos, L68|263\/263\n|turn|23\n|inactive|doooooosh has 240 seconds left.\n|\n|t:|1666560247\n|move|p2a: Kadabra|Thunder Wave|p1a: Zapdos\n|-status|p1a: Zapdos|par\n|move|p1a: Zapdos|Thunder Wave|p2a: Kadabra\n|-status|p2a: Kadabra|par\n|\n|upkeep\n|turn|24\n|\n|t:|1666560257\n|move|p2a: Kadabra|Psychic|p1a: Zapdos\n|-damage|p1a: Zapdos|175\/263 par\n|move|p1a: Zapdos|Agility|p1a: Zapdos\n|-boost|p1a: Zapdos|spe|2\n|\n|upkeep\n|turn|25\n|\n|t:|1666560268\n|move|p1a: Zapdos|Drill Peck|p2a: Kadabra\n|-damage|p2a: Kadabra|51\/212 par\n|move|p2a: Kadabra|Psychic|p1a: Zapdos\n|-crit|p1a: Zapdos\n|-damage|p1a: Zapdos|20\/263 par\n|-unboost|p1a: Zapdos|spd|1\n|-unboost|p1a: Zapdos|spa|1\n|\n|upkeep\n|turn|26\n|\n|t:|1666560274\n|move|p1a: Zapdos|Drill Peck|p2a: Kadabra\n|-damage|p2a: Kadabra|0 fnt\n|faint|p2a: Kadabra\n|c|\u2606LoSconosciuto|gg\n|\n|t:|1666560276\n|switch|p2a: Nidoking|Nidoking, L77|142\/283\n|turn|27\n|\n|t:|1666560278\n|move|p2a: Nidoking|Body Slam|p1a: Zapdos\n|-crit|p1a: Zapdos\n|-damage|p1a: Zapdos|0 fnt\n|faint|p1a: Zapdos\n|\n|win|doooooosh\n|l|\u2606LoSconosciuto\n|c|\u2606doooooosh|gg\n","inputlog":">version 9c5d654b898167f5ae9ca6e9cc2965040adf185e\n>start {\"formatid\":\"gen1randombattle\",\"seed\":[43312,2408,26122,11057]}\n>player p1 {\"name\":\"LoSconosciuto\",\"avatar\":\"#teamgapdos\",\"rating\":0,\"seed\":[15013,42486,56573,54765]}\n>player p2 {\"name\":\"doooooosh\",\"avatar\":\"dragontamer\",\"rating\":0,\"seed\":[14008,62279,37713,33933]}\n>chat \u2606doooooosh|last game hf\n>chat \u2606LoSconosciuto|hf\n>p1 move blizzard\n>p2 move explosion\n>p2 switch 5\n>p1 move thunderwave\n>p2 move bodyslam\n>p1 switch 5\n>p1 move counter\n>p2 move bodyslam\n>p2 switch 4\n>p1 move bodyslam\n>p2 move psychic\n>p1 switch 3\n>p1 move thunderwave\n>p2 switch 2\n>p1 switch 2\n>p2 move bodyslam\n>p1 move surf\n>p2 switch 6\n>p1 move bodyslam\n>p2 move amnesia\n>p1 move bodyslam\n>p2 move amnesia\n>p1 move bodyslam\n>p2 move surf\n>p1 move bodyslam\n>p2 move surf\n>p1 move bodyslam\n>p2 move surf\n>p2 switch 6\n>p1 move surf\n>p2 move earthquake\n>p1 switch 6\n>p1 move blizzard\n>p2 switch 2\n>p1 move thunderwave\n>p2 move thunderwave\n>p1 move thunderwave\n>p2 switch 2\n>p1 move blizzard\n>p2 move earthquake\n>p1 move blizzard\n>p2 move earthquake\n>p1 move blizzard\n>p2 move bodyslam\n>p1 switch 4\n>p1 move earthquake\n>p2 switch 3\n>p1 move earthquake\n>p2 move blizzard\n>p2 switch 2\n>p1 move earthquake\n>p2 move psychic\n>p1 switch 2\n>p1 move thunderwave\n>p2 move thunderwave\n>p1 move agility\n>p2 move psychic\n>p1 move drillpeck\n>p2 move psychic\n>p1 move drillpeck\n>p2 move psychic\n>chat \u2606LoSconosciuto|gg\n>p2 switch 3\n>p1 move drillpeck\n>p2 move bodyslam","uploadtime":1666560289,"views":25,"p1id":"losconosciuto","p2id":"doooooosh","formatid":"gen1randombattle","rating":0,"private":0,"password":null}