{"id":"gen1randombattle-1693024333","p1":"LoSconosciuto","p2":"doooooosh","format":"gen1randombattle","log":"|j|\u2606LoSconosciuto\n|j|\u2606doooooosh\n|t:|1666556328\n|gametype|singles\n|player|p1|LoSconosciuto|#teamgapdos|\n|player|p2|doooooosh|dragontamer|\n|teamsize|p1|6\n|teamsize|p2|6\n|gen|1\n|tier|[Gen 1] Random Battle\n|rule|Desync Clause Mod: Desyncs changed to move failure.\n|rule|Sleep Clause Mod: Limit one foe put to sleep\n|rule|Freeze Clause Mod: Limit one foe frozen\n|rule|Species Clause: Limit one of each Pok\u00e9mon\n|rule|OHKO Clause: OHKO moves are banned\n|rule|Evasion Moves Clause: Evasion moves are banned\n|rule|Endless Battle Clause: Forcing endless battles is banned\n|rule|HP Percentage Mod: HP is shown in percentages\n|\n|t:|1666556328\n|start\n|switch|p1a: Wigglytuff|Wigglytuff, L77|374\/374\n|switch|p2a: Growlithe|Growlithe, L88|276\/276\n|turn|1\n|inactive|Battle timer is ON: inactive players will automatically lose when time's up. (requested by LoSconosciuto)\n|c|\u2606LoSconosciuto|hf\n|c|\u2606doooooosh|hf\n|c|\u2606doooooosh|sorry brb washroom 1\n|c|\u2606doooooosh|min\n|inactiveoff|Battle timer is now OFF.\n|c|\u2606doooooosh|ok back\n|\n|t:|1666556430\n|switch|p2a: Exeggutor|Exeggutor, L68|270\/270\n|switch|p1a: Blastoise|Blastoise, L77|280\/280\n|\n|upkeep\n|turn|2\n|inactive|Battle timer is ON: inactive players will automatically lose when time's up. (requested by doooooosh)\n|\n|t:|1666556457\n|switch|p1a: Zubat|Zubat, L88|250\/250\n|move|p2a: Exeggutor|Sleep Powder|p1a: Zubat\n|-status|p1a: Zubat|slp|[from] move: Sleep Powder\n|\n|upkeep\n|turn|3\n|\n|t:|1666556471\n|switch|p1a: Hypno|Hypno, L74|278\/278\n|move|p2a: Exeggutor|Psychic|p1a: Hypno\n|-resisted|p1a: Hypno\n|-damage|p1a: Hypno|244\/278\n|-unboost|p1a: Hypno|spd|1\n|-unboost|p1a: Hypno|spa|1\n|\n|upkeep\n|turn|4\n|inactive|doooooosh has 270 seconds left.\n|\n|t:|1666556508\n|switch|p2a: Farfetch\u2019d|Farfetch\u2019d, L77|238\/238\n|move|p1a: Hypno|Hypnosis|p2a: Farfetch\u2019d|[miss]\n|-miss|p1a: Hypno\n|\n|upkeep\n|turn|5\n|\n|t:|1666556520\n|move|p1a: Hypno|Psychic|p2a: Farfetch\u2019d\n|-damage|p2a: Farfetch\u2019d|165\/238\n|move|p2a: Farfetch\u2019d|Agility|p2a: Farfetch\u2019d\n|-boost|p2a: Farfetch\u2019d|spe|2\n|\n|upkeep\n|turn|6\n|\n|t:|1666556550\n|move|p2a: Farfetch\u2019d|Slash|p1a: Hypno\n|-crit|p1a: Hypno\n|-damage|p1a: Hypno|131\/278\n|move|p1a: Hypno|Thunder Wave|p2a: Farfetch\u2019d\n|-status|p2a: Farfetch\u2019d|par\n|\n|upkeep\n|turn|7\n|\n|t:|1666556562\n|switch|p1a: Blastoise|Blastoise, L77|280\/280\n|move|p2a: Farfetch\u2019d|Agility|p2a: Farfetch\u2019d\n|-boost|p2a: Farfetch\u2019d|spe|2\n|\n|upkeep\n|turn|8\n|inactive|doooooosh has 240 seconds left.\n|\n|t:|1666556585\n|switch|p2a: Golduck|Golduck, L76|278\/278\n|move|p1a: Blastoise|Blizzard|p2a: Golduck\n|-resisted|p2a: Golduck\n|-damage|p2a: Golduck|240\/278\n|\n|upkeep\n|turn|9\n|inactive|doooooosh has 240 seconds left.\n|\n|t:|1666556614\n|switch|p1a: Wigglytuff|Wigglytuff, L77|374\/374\n|move|p2a: Golduck|Body Slam|p1a: Wigglytuff\n|-damage|p1a: Wigglytuff|306\/374\n|\n|upkeep\n|turn|10\n|\n|t:|1666556626\n|switch|p2a: Farfetch\u2019d|Farfetch\u2019d, L77|165\/238 par\n|move|p1a: Wigglytuff|Body Slam|p2a: Farfetch\u2019d\n|-damage|p2a: Farfetch\u2019d|74\/238 par\n|\n|upkeep\n|turn|11\n|\n|t:|1666556635\n|move|p1a: Wigglytuff|Body Slam|p2a: Farfetch\u2019d\n|-damage|p2a: Farfetch\u2019d|0 fnt\n|faint|p2a: Farfetch\u2019d\n|inactive|doooooosh has 210 seconds left.\n|\n|t:|1666556685\n|switch|p2a: Exeggutor|Exeggutor, L68|270\/270\n|turn|12\n|c|\u2606doooooosh|might be lagging\n|inactive|doooooosh has 180 seconds left.\n|\n|t:|1666556704\n|switch|p1a: Hypno|Hypno, L74|131\/278\n|move|p2a: Exeggutor|Psychic|p1a: Hypno\n|-resisted|p1a: Hypno\n|-damage|p1a: Hypno|94\/278\n|-unboost|p1a: Hypno|spd|1\n|-unboost|p1a: Hypno|spa|1\n|\n|upkeep\n|turn|13\n|inactive|doooooosh has 180 seconds left.\n|\n|t:|1666556724\n|move|p1a: Hypno|Hypnosis|p2a: Exeggutor\n|-status|p2a: Exeggutor|slp|[from] move: Hypnosis\n|cant|p2a: Exeggutor|slp\n|\n|upkeep\n|turn|14\n|l|\u2606doooooosh\n|inactive|doooooosh disconnected and has 300 seconds to reconnect!\n|player|p2|\n|inactive|LoSconosciuto has 270 seconds left.\n|j|\u2606doooooosh\n|inactive|doooooosh reconnected and has 160 seconds left.\n|player|p2|doooooosh|dragontamer\n|inactive|doooooosh has 150 seconds left.\n|inactiveoff|Battle timer is now OFF.\n|\n|t:|1666556800\n|move|p1a: Hypno|Seismic Toss|p2a: Exeggutor\n|-damage|p2a: Exeggutor|196\/270 slp\n|cant|p2a: Exeggutor|slp\n|\n|upkeep\n|turn|15\n|\n|t:|1666556879\n|switch|p1a: Wigglytuff|Wigglytuff, L77|306\/374\n|switch|p2a: Jolteon|Jolteon, L68|229\/229\n|\n|upkeep\n|turn|16\n|inactive|Battle timer is ON: inactive players will automatically lose when time's up. (requested by doooooosh)\n|\n|t:|1666557010\n|move|p2a: Jolteon|Thunderbolt|p1a: Wigglytuff\n|-damage|p1a: Wigglytuff|201\/374\n|move|p1a: Wigglytuff|Thunder Wave|p2a: Jolteon\n|-status|p2a: Jolteon|par\n|\n|upkeep\n|turn|17\n|\n|t:|1666557017\n|move|p1a: Wigglytuff|Body Slam|p2a: Jolteon\n|-damage|p2a: Jolteon|137\/229 par\n|cant|p2a: Jolteon|par\n|\n|upkeep\n|turn|18\n|\n|t:|1666557029\n|move|p1a: Wigglytuff|Hyper Beam|p2a: Jolteon\n|-damage|p2a: Jolteon|0 fnt\n|faint|p2a: Jolteon\n|\n|t:|1666557041\n|switch|p2a: Growlithe|Growlithe, L88|276\/276\n|turn|19\n|inactive|doooooosh has 120 seconds left.\n|inactive|LoSconosciuto has 270 seconds left.\n|\n|t:|1666557068\n|switch|p1a: Blastoise|Blastoise, L77|280\/280\n|move|p2a: Growlithe|Fire Blast|p1a: Blastoise\n|-crit|p1a: Blastoise\n|-resisted|p1a: Blastoise\n|-damage|p1a: Blastoise|177\/280\n|-status|p1a: Blastoise|brn\n|\n|upkeep\n|turn|20\n|inactive|doooooosh has 120 seconds left.\n|inactive|LoSconosciuto has 270 seconds left.\n|\n|t:|1666557099\n|switch|p2a: Golduck|Golduck, L76|240\/278\n|move|p1a: Blastoise|Blizzard|p2a: Golduck\n|-resisted|p2a: Golduck\n|-damage|p2a: Golduck|202\/278\n|-damage|p1a: Blastoise|160\/280 brn|[from] brn|[of] p2a: Golduck\n|\n|upkeep\n|turn|21\n|inactive|LoSconosciuto has 270 seconds left.\n|inactive|doooooosh has 90 seconds left.\n|\n|t:|1666557123\n|switch|p1a: Raichu|Raichu, L76|247\/247\n|move|p2a: Golduck|Amnesia|p2a: Golduck\n|-boost|p2a: Golduck|spd|2\n|-boost|p2a: Golduck|spa|2\n|\n|upkeep\n|turn|22\n|inactive|doooooosh has 90 seconds left.\n|j| GrenadeError69\n|l| GrenadeError69\n|inactive|doooooosh has 60 seconds left.\n|\n|t:|1666557160\n|move|p1a: Raichu|Thunderbolt|p2a: Golduck\n|-supereffective|p2a: Golduck\n|-damage|p2a: Golduck|102\/278\n|move|p2a: Golduck|Surf|p1a: Raichu\n|-damage|p1a: Raichu|87\/247\n|\n|upkeep\n|turn|23\n|inactive|doooooosh has 60 seconds left.\n|inactive|LoSconosciuto has 270 seconds left.\n|\n|t:|1666557192\n|move|p1a: Raichu|Thunder|p2a: Golduck|[miss]\n|-miss|p1a: Raichu\n|move|p2a: Golduck|Surf|p1a: Raichu\n|-damage|p1a: Raichu|0 fnt\n|faint|p1a: Raichu\n|inactive|LoSconosciuto has 240 seconds left.\n|\n|t:|1666557231\n|switch|p1a: Ninetales|Ninetales, L77|271\/271\n|turn|24\n|inactive|doooooosh has 60 seconds left.\n|\n|t:|1666557256\n|move|p1a: Ninetales|Confuse Ray|p2a: Golduck\n|-start|p2a: Golduck|confusion\n|-activate|p2a: Golduck|confusion\n|move|p2a: Golduck|Surf|p1a: Ninetales\n|-supereffective|p1a: Ninetales\n|-damage|p1a: Ninetales|0 fnt\n|faint|p1a: Ninetales\n|\n|t:|1666557262\n|switch|p1a: Wigglytuff|Wigglytuff, L77|201\/374\n|turn|25\n|inactive|LoSconosciuto has 240 seconds left.\n|inactive|doooooosh has 60 seconds left.\n|\n|t:|1666557274\n|-activate|p2a: Golduck|confusion\n|move|p2a: Golduck|Surf|p1a: Wigglytuff\n|-damage|p1a: Wigglytuff|0 fnt\n|faint|p1a: Wigglytuff\n|inactive|LoSconosciuto has 240 seconds left.\n|\n|t:|1666557279\n|switch|p1a: Hypno|Hypno, L74|94\/278\n|turn|26\n|\n|t:|1666557286\n|-activate|p2a: Golduck|confusion\n|-damage|p2a: Golduck|74\/278|[from] confusion\n|move|p1a: Hypno|Thunder Wave|p2a: Golduck\n|-status|p2a: Golduck|par\n|\n|upkeep\n|turn|27\n|\n|t:|1666557298\n|move|p1a: Hypno|Seismic Toss|p2a: Golduck\n|-damage|p2a: Golduck|0 fnt\n|faint|p2a: Golduck\n|inactive|doooooosh has 60 seconds left.\n|\n|t:|1666557323\n|switch|p2a: Growlithe|Growlithe, L88|276\/276\n|turn|28\n|\n|t:|1666557340\n|move|p2a: Growlithe|Body Slam|p1a: Hypno\n|-damage|p1a: Hypno|19\/278\n|move|p1a: Hypno|Thunder Wave|p2a: Growlithe\n|-status|p2a: Growlithe|par\n|\n|upkeep\n|turn|29\n|inactive|LoSconosciuto has 270 seconds left.\n|\n|t:|1666557354\n|move|p1a: Hypno|Psychic|p2a: Growlithe\n|-damage|p2a: Growlithe|172\/276 par\n|-unboost|p2a: Growlithe|spd|1\n|-unboost|p2a: Growlithe|spa|1\n|move|p2a: Growlithe|Body Slam|p1a: Hypno\n|-damage|p1a: Hypno|0 fnt\n|faint|p1a: Hypno\n|\n|t:|1666557358\n|switch|p1a: Blastoise|Blastoise, L77|160\/280 brn\n|turn|30\n|\n|t:|1666557369\n|switch|p2a: Exeggutor|Exeggutor, L68|196\/270 slp\n|move|p1a: Blastoise|Hydro Pump|p2a: Exeggutor\n|-resisted|p2a: Exeggutor\n|-damage|p2a: Exeggutor|150\/270 slp\n|-damage|p1a: Blastoise|143\/280 brn|[from] brn|[of] p2a: Exeggutor\n|\n|upkeep\n|turn|31\n|\n|t:|1666557378\n|move|p1a: Blastoise|Blizzard|p2a: Exeggutor\n|-crit|p2a: Exeggutor\n|-supereffective|p2a: Exeggutor\n|-damage|p2a: Exeggutor|0 fnt\n|faint|p2a: Exeggutor\n|\n|t:|1666557402\n|switch|p2a: Tauros|Tauros, L68|243\/243\n|turn|32\n|inactive|doooooosh has 30 seconds left.\n|\n|t:|1666557419\n|move|p2a: Tauros|Thunderbolt|p1a: Blastoise\n|-supereffective|p1a: Blastoise\n|-damage|p1a: Blastoise|60\/280 brn\n|move|p1a: Blastoise|Hydro Pump|p2a: Tauros\n|-damage|p2a: Tauros|104\/243\n|-damage|p1a: Blastoise|43\/280 brn|[from] brn|[of] p2a: Tauros\n|\n|upkeep\n|turn|33\n|\n|t:|1666557426\n|move|p2a: Tauros|Thunderbolt|p1a: Blastoise\n|-crit|p1a: Blastoise\n|-supereffective|p1a: Blastoise\n|-damage|p1a: Blastoise|0 fnt\n|faint|p1a: Blastoise\n|\n|t:|1666557428\n|switch|p1a: Zubat|Zubat, L88|250\/250 slp\n|turn|34\n|\n|t:|1666557432\n|move|p2a: Tauros|Thunderbolt|p1a: Zubat\n|-supereffective|p1a: Zubat\n|-damage|p1a: Zubat|142\/250 slp\n|cant|p1a: Zubat|slp\n|\n|upkeep\n|turn|35\n|\n|t:|1666557437\n|move|p2a: Tauros|Thunderbolt|p1a: Zubat\n|-supereffective|p1a: Zubat\n|-damage|p1a: Zubat|33\/250 slp\n|-curestatus|p1a: Zubat|slp|[msg]\n|\n|upkeep\n|turn|36\n|\n|t:|1666557442\n|move|p2a: Tauros|Thunderbolt|p1a: Zubat\n|-crit|p1a: Zubat\n|-supereffective|p1a: Zubat\n|-damage|p1a: Zubat|0 fnt\n|faint|p1a: Zubat\n|\n|win|doooooosh\n|c|\u2606doooooosh|gg\n|c|\u2606LoSconosciuto|gg\n|c|\u2606doooooosh|did you save the first game?\n|c|\u2606LoSconosciuto|yes\n|c|\u2606doooooosh|I got disconnected\n|c|\u2606doooooosh|ty\n|l|\u2606LoSconosciuto\n","inputlog":">version 9c5d654b898167f5ae9ca6e9cc2965040adf185e\n>start {\"formatid\":\"gen1randombattle\",\"seed\":[58942,15788,4987,41519]}\n>player p1 {\"name\":\"LoSconosciuto\",\"avatar\":\"#teamgapdos\",\"rating\":0,\"seed\":[22851,24375,54568,15921]}\n>player p2 {\"name\":\"doooooosh\",\"avatar\":\"dragontamer\",\"rating\":0,\"seed\":[6130,24097,41180,59948]}\n>chat \u2606LoSconosciuto|hf\n>chat \u2606doooooosh|hf\n>chat \u2606doooooosh|sorry brb washroom 1 \n>chat \u2606doooooosh|min\n>chat \u2606doooooosh|ok back\n>p1 switch 2\n>p2 switch 2\n>p1 switch 3\n>p2 move sleeppowder\n>p1 switch 4\n>p2 move psychic\n>p1 move hypnosis\n>p2 switch 3\n>p1 move psychic\n>p2 move agility\n>p1 move thunderwave\n>p2 move slash\n>p1 switch 3\n>p2 move agility\n>p1 move blizzard\n>p2 switch 4\n>p1 switch 2\n>p2 move bodyslam\n>p1 move bodyslam\n>p2 switch 4\n>p1 move bodyslam\n>p2 move agility\n>p2 switch 3\n>chat \u2606doooooosh|might be lagging\n>p1 switch 3\n>p2 move psychic\n>p1 move hypnosis\n>p2 move psychic\n>p1 move seismictoss\n>p2 move psychic\n>p1 switch 3\n>p2 switch 5\n>p1 move thunderwave\n>p2 move thunderbolt\n>p1 move bodyslam\n>p2 move agility\n>p1 move hyperbeam\n>p2 move thunderwave\n>p2 switch 2\n>p1 switch 2\n>p2 move fireblast\n>p1 move blizzard\n>p2 switch 4\n>p1 switch 6\n>p2 move amnesia\n>p1 move thunderbolt\n>p2 move surf\n>p1 move thunder\n>p2 move surf\n>p1 switch 5\n>p1 move confuseray\n>p2 move surf\n>p1 switch 2\n>p1 move thunderwave\n>p2 move surf\n>p1 switch 3\n>p1 move thunderwave\n>p2 move surf\n>p1 move seismictoss\n>p2 move surf\n>p2 switch 4\n>p1 move thunderwave\n>p2 move bodyslam\n>p1 move psychic\n>p2 move bodyslam\n>p1 switch 6\n>p1 move hydropump\n>p2 switch 5\n>p1 move blizzard\n>p2 move sleeppowder\n>p2 switch 6\n>p1 move hydropump\n>p2 move thunderbolt\n>p1 move hydropump\n>p2 move thunderbolt\n>p1 switch 4\n>p1 move confuseray\n>p2 move thunderbolt\n>p1 move confuseray\n>p2 move thunderbolt\n>p1 move confuseray\n>p2 move thunderbolt","uploadtime":1666557449,"views":21,"p1id":"losconosciuto","p2id":"doooooosh","formatid":"gen1randombattle","rating":0,"private":0,"password":null}