{"id":"gen1customgame-1538806512","p1":"ZCopen","p2":"ferromolybdenum","format":"gen1customgame","log":"|j|\u2606ZCopen\n|j|\u2606ferromolybdenum\n|t:|1648245899\n|gametype|singles\n|player|p1|ZCopen|266|\n|player|p2|ferromolybdenum|170|\n|teamsize|p1|6\n|teamsize|p2|6\n|gen|1\n|tier|[Gen 1] Custom Game\n|rule|HP Percentage Mod: HP is shown in percentages\n|rule|Desync Clause Mod: Desyncs changed to move failure.\n|rule|Endless Battle Clause: Forcing endless battles is banned\n|rule|OHKO Clause: OHKO moves are banned\n|rule|Evasion Moves Clause: Evasion moves are banned\n|rule|Species Clause: Limit one of each Pok\u00e9mon\n|rule|Dynamax Clause: You cannot dynamax\n|rule|Freeze Clause Mod: Limit one foe frozen\n|rule|Sleep Clause: Sleep-inducing moves are banned\n|\n|t:|1648245899\n|start\n|switch|p1a: Barry|Ninjask|325\/325\n|switch|p2a: Gastrodon|Gastrodon|425\/425\n|turn|1\n|inactive|Battle timer is ON: inactive players will automatically lose when time's up. (requested by ZCopen)\n|inactive|ferromolybdenum also wants the timer to be on.\n|\n|t:|1648245905\n|move|p1a: Barry|Acrobatics|p2a: Gastrodon\n|debug|Power doubled for no item\n|-damage|p2a: Gastrodon|263\/425\n|move|p2a: Gastrodon|Scald|p1a: Barry\n|-damage|p1a: Barry|199\/325\n|\n|upkeep\n|turn|2\n|\n|t:|1648245908\n|move|p1a: Barry|Acrobatics|p2a: Gastrodon\n|debug|Power doubled for no item\n|-damage|p2a: Gastrodon|112\/425\n|move|p2a: Gastrodon|Recover|p2a: Gastrodon\n|-heal|p2a: Gastrodon|324\/425\n|\n|upkeep\n|turn|3\n|\n|t:|1648245913\n|move|p1a: Barry|Acrobatics|p2a: Gastrodon\n|debug|Power doubled for no item\n|-damage|p2a: Gastrodon|176\/425\n|move|p2a: Gastrodon|Recover|p2a: Gastrodon\n|-heal|p2a: Gastrodon|388\/425\n|\n|upkeep\n|turn|4\n|\n|t:|1648245917\n|move|p1a: Barry|Acrobatics|p2a: Gastrodon\n|debug|Power doubled for no item\n|-damage|p2a: Gastrodon|239\/425\n|move|p2a: Gastrodon|Recover|p2a: Gastrodon\n|-heal|p2a: Gastrodon|425\/425\n|\n|upkeep\n|turn|5\n|\n|t:|1648245921\n|move|p1a: Barry|Acrobatics|p2a: Gastrodon\n|debug|Power doubled for no item\n|-damage|p2a: Gastrodon|273\/425\n|move|p2a: Gastrodon|Blizzard|p1a: Barry\n|-supereffective|p1a: Barry\n|-damage|p1a: Barry|0 fnt\n|faint|p1a: Barry\n|c|\u2606ZCopen|Where crit\n|c|\u2606ferromolybdenum|nonexistant\n|\n|t:|1648245947\n|switch|p1a: The Workplace|Dragapult|379\/379\n|turn|6\n|\n|t:|1648245951\n|switch|p2a: Empoleon|Empoleon|371\/371\n|move|p1a: The Workplace|Draco Meteor|p2a: Empoleon|[miss]\n|-miss|p1a: The Workplace\n|\n|upkeep\n|turn|7\n|\n|t:|1648245956\n|move|p1a: The Workplace|Fire Blast|p2a: Empoleon\n|-damage|p2a: Empoleon|278\/371\n|move|p2a: Empoleon|Blizzard|p1a: The Workplace|[miss]\n|-miss|p2a: Empoleon\n|\n|upkeep\n|turn|8\n|\n|t:|1648245962\n|move|p1a: The Workplace|U-turn|p2a: Empoleon\n|-resisted|p2a: Empoleon\n|-damage|p2a: Empoleon|245\/371\n|\n|t:|1648245964\n|switch|p1a: BKC|Corviknight|399\/399\n|move|p2a: Empoleon|Aqua Ring|p2a: Empoleon\n|-start|p2a: Empoleon|Aqua Ring\n|\n|-heal|p2a: Empoleon|268\/371|[from] Aqua Ring\n|upkeep\n|turn|9\n|\n|t:|1648245968\n|move|p2a: Empoleon|Protect|p2a: Empoleon\n|-singleturn|p2a: Empoleon|Protect\n|move|p1a: BKC|U-turn|p2a: Empoleon\n|-activate|p2a: Empoleon|Protect\n|\n|-heal|p2a: Empoleon|291\/371|[from] Aqua Ring\n|upkeep\n|turn|10\n|\n|t:|1648245972\n|move|p2a: Empoleon|Scald|p1a: BKC\n|-crit|p1a: BKC\n|debug|Negating (sp)atk boost\/penalty.\n|debug|Negating (sp)def boost\/penalty.\n|-damage|p1a: BKC|177\/399\n|move|p1a: BKC|Body Press|p2a: Empoleon\n|-supereffective|p2a: Empoleon\n|-damage|p2a: Empoleon|156\/371\n|\n|-heal|p2a: Empoleon|179\/371|[from] Aqua Ring\n|upkeep\n|turn|11\n|c|\u2606ferromolybdenum|there crit\n|\n|t:|1648245981\n|move|p2a: Empoleon|Protect|p2a: Empoleon\n|-singleturn|p2a: Empoleon|Protect\n|move|p1a: BKC|Roost|p1a: BKC\n|-heal|p1a: BKC|376\/399\n|-singleturn|p1a: BKC|move: Roost\n|\n|-heal|p2a: Empoleon|202\/371|[from] Aqua Ring\n|upkeep\n|turn|12\n|\n|t:|1648245984\n|move|p2a: Empoleon|Protect|p2a: Empoleon\n|-singleturn|p2a: Empoleon|Protect\n|move|p1a: BKC|Body Press|p2a: Empoleon\n|-activate|p2a: Empoleon|Protect\n|\n|-heal|p2a: Empoleon|225\/371|[from] Aqua Ring\n|upkeep\n|turn|13\n|\n|t:|1648245987\n|switch|p1a: Going Overboard|Blastoise|361\/361\n|move|p2a: Empoleon|Protect|p2a: Empoleon\n|-singleturn|p2a: Empoleon|Protect\n|\n|-heal|p2a: Empoleon|248\/371|[from] Aqua Ring\n|upkeep\n|turn|14\n|\n|t:|1648245992\n|switch|p2a: Milotic|Milotic|393\/393\n|move|p1a: Going Overboard|Shell Smash|p1a: Going Overboard\n|-unboost|p1a: Going Overboard|def|1\n|-unboost|p1a: Going Overboard|spd|1\n|-boost|p1a: Going Overboard|atk|2\n|-boost|p1a: Going Overboard|spa|2\n|-boost|p1a: Going Overboard|spe|2\n|\n|upkeep\n|turn|15\n|\n|t:|1648245994\n|move|p1a: Going Overboard|Blizzard|p2a: Milotic|[miss]\n|-miss|p1a: Going Overboard\n|move|p2a: Milotic|Scald|p1a: Going Overboard\n|-resisted|p1a: Going Overboard\n|-damage|p1a: Going Overboard|286\/361\n|\n|upkeep\n|turn|16\n|\n|t:|1648245996\n|move|p1a: Going Overboard|Blizzard|p2a: Milotic\n|-resisted|p2a: Milotic\n|-damage|p2a: Milotic|323\/393\n|move|p2a: Milotic|Scald|p1a: Going Overboard\n|-resisted|p1a: Going Overboard\n|-damage|p1a: Going Overboard|207\/361\n|\n|upkeep\n|turn|17\n|\n|t:|1648246000\n|move|p1a: Going Overboard|Blizzard|p2a: Milotic\n|-resisted|p2a: Milotic\n|-damage|p2a: Milotic|250\/393\n|move|p2a: Milotic|Scald|p1a: Going Overboard\n|-resisted|p1a: Going Overboard\n|-damage|p1a: Going Overboard|133\/361\n|\n|upkeep\n|turn|18\n|\n|t:|1648246003\n|move|p1a: Going Overboard|Blizzard|p2a: Milotic\n|-crit|p2a: Milotic\n|debug|Negating (sp)atk boost\/penalty.\n|debug|Negating (sp)def boost\/penalty.\n|-resisted|p2a: Milotic\n|-damage|p2a: Milotic|179\/393\n|move|p2a: Milotic|Recover|p2a: Milotic\n|-heal|p2a: Milotic|375\/393\n|\n|upkeep\n|turn|19\n|\n|t:|1648246006\n|move|p1a: Going Overboard|Blizzard|p2a: Milotic|[miss]\n|-miss|p1a: Going Overboard\n|move|p2a: Milotic|Scald|p1a: Going Overboard\n|-resisted|p1a: Going Overboard\n|-damage|p1a: Going Overboard|58\/361\n|\n|upkeep\n|turn|20\n|\n|t:|1648246007\n|move|p1a: Going Overboard|Blizzard|p2a: Milotic\n|-resisted|p2a: Milotic\n|-damage|p2a: Milotic|304\/393\n|-status|p2a: Milotic|frz\n|cant|p2a: Milotic|frz\n|\n|upkeep\n|turn|21\n|\n|t:|1648246010\n|switch|p2a: Slowking|Slowking|393\/393\n|move|p1a: Going Overboard|Shell Smash|p1a: Going Overboard\n|-unboost|p1a: Going Overboard|def|1\n|-unboost|p1a: Going Overboard|spd|1\n|-boost|p1a: Going Overboard|atk|2\n|-boost|p1a: Going Overboard|spa|2\n|-boost|p1a: Going Overboard|spe|2\n|\n|upkeep\n|turn|22\n|\n|t:|1648246013\n|move|p1a: Going Overboard|Signal Beam|p2a: Slowking\n|-supereffective|p2a: Slowking\n|-damage|p2a: Slowking|74\/393\n|move|p2a: Slowking|Amnesia|p2a: Slowking\n|-boost|p2a: Slowking|spd|2\n|-boost|p2a: Slowking|spa|2\n|\n|upkeep\n|turn|23\n|c|\u2606ferromolybdenum|what the fuck\n|\n|t:|1648246024\n|move|p1a: Going Overboard|Signal Beam|p2a: Slowking\n|-supereffective|p2a: Slowking\n|-damage|p2a: Slowking|0 fnt\n|faint|p2a: Slowking\n|c|\u2606ZCopen|Demolished\n|\n|t:|1648246028\n|switch|p2a: Keldeo|Keldeo|385\/385\n|turn|24\n|\n|t:|1648246031\n|move|p1a: Going Overboard|Hydro Pump|p2a: Keldeo\n|-resisted|p2a: Keldeo\n|-damage|p2a: Keldeo|177\/385\n|move|p2a: Keldeo|Hydro Pump|p1a: Going Overboard\n|-resisted|p1a: Going Overboard\n|-damage|p1a: Going Overboard|0 fnt\n|faint|p1a: Going Overboard\n|\n|t:|1648246035\n|switch|p1a: The Workplace|Dragapult|379\/379\n|turn|25\n|\n|t:|1648246039\n|move|p1a: The Workplace|Draco Meteor|p2a: Keldeo\n|-crit|p2a: Keldeo\n|debug|Negating (sp)atk boost\/penalty.\n|debug|Negating (sp)def boost\/penalty.\n|-damage|p2a: Keldeo|0 fnt\n|-unboost|p1a: The Workplace|spa|2\n|faint|p2a: Keldeo\n|\n|t:|1648246042\n|switch|p2a: Empoleon|Empoleon|248\/371\n|turn|26\n|\n|t:|1648246048\n|move|p1a: The Workplace|Thunder Wave|p2a: Empoleon\n|-status|p2a: Empoleon|par\n|move|p2a: Empoleon|Aqua Ring|p2a: Empoleon\n|-start|p2a: Empoleon|Aqua Ring\n|\n|-heal|p2a: Empoleon|271\/371 par|[from] Aqua Ring\n|upkeep\n|turn|27\n|\n|t:|1648246053\n|move|p1a: The Workplace|U-turn|p2a: Empoleon\n|-crit|p2a: Empoleon\n|debug|Negating (sp)atk boost\/penalty.\n|debug|Negating (sp)def boost\/penalty.\n|-resisted|p2a: Empoleon\n|-damage|p2a: Empoleon|204\/371 par\n|\n|t:|1648246055\n|switch|p1a: BKC|Corviknight|376\/399\n|move|p2a: Empoleon|Blizzard|p1a: BKC\n|-damage|p1a: BKC|272\/399\n|\n|-heal|p2a: Empoleon|227\/371 par|[from] Aqua Ring\n|upkeep\n|turn|28\n|\n|t:|1648246062\n|move|p2a: Empoleon|Protect|p2a: Empoleon\n|-singleturn|p2a: Empoleon|Protect\n|move|p1a: BKC|Body Press|p2a: Empoleon\n|-activate|p2a: Empoleon|Protect\n|\n|-heal|p2a: Empoleon|250\/371 par|[from] Aqua Ring\n|upkeep\n|turn|29\n|\n|t:|1648246067\n|switch|p2a: Gastrodon|Gastrodon|273\/425\n|move|p1a: BKC|Body Press|p2a: Gastrodon\n|-damage|p2a: Gastrodon|183\/425\n|\n|upkeep\n|turn|30\n|\n|t:|1648246083\n|move|p2a: Gastrodon|Recover|p2a: Gastrodon\n|-heal|p2a: Gastrodon|395\/425\n|move|p1a: BKC|U-turn|p2a: Gastrodon\n|-damage|p2a: Gastrodon|328\/425\n|\n|t:|1648246096\n|switch|p1a: The Feared One|Omastar|343\/343\n|\n|upkeep\n|turn|31\n|\n|t:|1648246098\n|move|p1a: The Feared One|Shell Smash|p1a: The Feared One\n|-unboost|p1a: The Feared One|def|1\n|-unboost|p1a: The Feared One|spd|1\n|-boost|p1a: The Feared One|atk|2\n|-boost|p1a: The Feared One|spa|2\n|-boost|p1a: The Feared One|spe|2\n|move|p2a: Gastrodon|Amnesia|p2a: Gastrodon\n|-boost|p2a: Gastrodon|spd|2\n|-boost|p2a: Gastrodon|spa|2\n|\n|upkeep\n|turn|32\n|\n|t:|1648246104\n|move|p1a: The Feared One|Hydro Pump|p2a: Gastrodon\n|-damage|p2a: Gastrodon|140\/425\n|move|p2a: Gastrodon|Scald|p1a: The Feared One\n|-damage|p1a: The Feared One|83\/343\n|\n|upkeep\n|turn|33\n|c|\u2606ferromolybdenum|HOW\n|c|\u2606ferromolybdenum|HOW\n|c|\u2606ferromolybdenum|WHAT THE FUCK\n|\n|t:|1648246115\n|move|p1a: The Feared One|Surf|p2a: Gastrodon\n|-damage|p2a: Gastrodon|0 fnt\n|faint|p2a: Gastrodon\n|c|\u2606ferromolybdenum|that is\n|c|\u2606ferromolybdenum|not ok\n|\n|t:|1648246120\n|switch|p2a: Empoleon|Empoleon|250\/371 par\n|turn|34\n|\n|t:|1648246124\n|move|p1a: The Feared One|Hydro Pump|p2a: Empoleon\n|-resisted|p2a: Empoleon\n|-damage|p2a: Empoleon|85\/371 par\n|move|p2a: Empoleon|Scald|p1a: The Feared One\n|-damage|p1a: The Feared One|0 fnt\n|faint|p1a: The Feared One\n|\n|t:|1648246129\n|switch|p1a: BKC|Corviknight|272\/399\n|turn|35\n|\n|t:|1648246134\n|switch|p2a: Milotic|Milotic|304\/393 frz\n|move|p1a: BKC|Body Press|p2a: Milotic\n|-damage|p2a: Milotic|232\/393 frz\n|\n|upkeep\n|turn|36\n|\n|t:|1648246137\n|cant|p2a: Milotic|frz\n|move|p1a: BKC|U-turn|p2a: Milotic\n|-damage|p2a: Milotic|175\/393 frz\n|\n|t:|1648246139\n|switch|p1a: The Hidden One|Cloyster|303\/303\n|\n|upkeep\n|turn|37\n|\n|t:|1648246146\n|cant|p2a: Milotic|frz\n|move|p1a: The Hidden One|Shell Smash|p1a: The Hidden One\n|-unboost|p1a: The Hidden One|def|1\n|-unboost|p1a: The Hidden One|spd|1\n|-boost|p1a: The Hidden One|atk|2\n|-boost|p1a: The Hidden One|spa|2\n|-boost|p1a: The Hidden One|spe|2\n|\n|upkeep\n|turn|38\n|\n|t:|1648246148\n|move|p1a: The Hidden One|Shell Smash|p1a: The Hidden One\n|-unboost|p1a: The Hidden One|def|1\n|-unboost|p1a: The Hidden One|spd|1\n|-boost|p1a: The Hidden One|atk|2\n|-boost|p1a: The Hidden One|spa|2\n|-boost|p1a: The Hidden One|spe|2\n|cant|p2a: Milotic|frz\n|\n|upkeep\n|turn|39\n|\n|t:|1648246151\n|move|p1a: The Hidden One|Shell Smash|p1a: The Hidden One\n|-unboost|p1a: The Hidden One|def|1\n|-unboost|p1a: The Hidden One|spd|1\n|-boost|p1a: The Hidden One|atk|2\n|-boost|p1a: The Hidden One|spa|2\n|-boost|p1a: The Hidden One|spe|2\n|cant|p2a: Milotic|frz\n|\n|upkeep\n|turn|40\n|-message|ferromolybdenum forfeited.\n|\n|win|ZCopen\n","uploadtime":1648246159,"views":15,"p1id":"zcopen","p2id":"ferromolybdenum","formatid":"gen1customgame","rating":0,"private":0,"password":null}