{"id":"gen1ou-1417721470","p1":"Cowsrule247","p2":"dlett2468","format":"gen1ou","log":"|j|\u2606Cowsrule247\n|j|\u2606dlett2468\n|t:|1631769285\n|gametype|singles\n|player|p1|Cowsrule247|192|1152\n|player|p2|dlett2468|265|1117\n|teamsize|p1|6\n|teamsize|p2|6\n|gen|1\n|tier|[Gen 1] OU\n|rated|\n|rule|Desync Clause Mod: Desyncs changed to move failure.\n|rule|Sleep Clause Mod: Limit one foe put to sleep\n|rule|Freeze Clause Mod: Limit one foe frozen\n|rule|Species Clause: Limit one of each Pok\u00e9mon\n|rule|OHKO Clause: OHKO moves are banned\n|rule|Evasion Moves Clause: Evasion moves are banned\n|rule|Endless Battle Clause: Forcing endless battles is banned\n|rule|HP Percentage Mod: HP is shown in percentages\n|\n|t:|1631769285\n|start\n|switch|p1a: Wigglytuff|Wigglytuff|100\/100\n|switch|p2a: Alakazam|Alakazam|100\/100\n|turn|1\n|inactive|Battle timer is ON: inactive players will automatically lose when time's up. (requested by Cowsrule247)\n|\n|t:|1631769293\n|switch|p2a: Gengar|Gengar|100\/100\n|move|p1a: Wigglytuff|Thunder Wave|p2a: Gengar\n|-status|p2a: Gengar|par\n|\n|upkeep\n|turn|2\n|inactive|Cowsrule247 has 120 seconds left.\n|\n|t:|1631769328\n|cant|p2a: Gengar|par\n|move|p1a: Wigglytuff|Counter|p2a: Gengar\n|-fail|p1a: Wigglytuff\n|\n|upkeep\n|turn|3\n|\n|t:|1631769334\n|cant|p2a: Gengar|par\n|move|p1a: Wigglytuff|Counter|p2a: Gengar\n|-fail|p1a: Wigglytuff\n|\n|upkeep\n|turn|4\n|\n|t:|1631769337\n|move|p2a: Gengar|Hypnosis|p1a: Wigglytuff\n|-status|p1a: Wigglytuff|slp|[from] move: Hypnosis\n|cant|p1a: Wigglytuff|slp\n|\n|upkeep\n|turn|5\n|\n|t:|1631769342\n|switch|p1a: Tauros|Tauros|100\/100\n|move|p2a: Gengar|Night Shade|p1a: Tauros\n|-damage|p1a: Tauros|72\/100\n|\n|upkeep\n|turn|6\n|\n|t:|1631769348\n|switch|p2a: Exeggutor|Exeggutor|100\/100\n|move|p1a: Tauros|Earthquake|p2a: Exeggutor\n|-resisted|p2a: Exeggutor\n|-damage|p2a: Exeggutor|89\/100\n|\n|upkeep\n|turn|7\n|\n|t:|1631769360\n|switch|p1a: Chansey|Chansey|100\/100\n|move|p2a: Exeggutor|Sleep Powder|p1a: Chansey\n|-message|Sleep Clause Mod activated.\n|\n|upkeep\n|turn|8\n|\n|t:|1631769369\n|switch|p2a: Gengar|Gengar|100\/100 par\n|move|p1a: Chansey|Ice Beam|p2a: Gengar\n|-crit|p2a: Gengar\n|-damage|p2a: Gengar|61\/100 par\n|\n|upkeep\n|turn|9\n|\n|t:|1631769376\n|switch|p2a: Starmie|Starmie|100\/100\n|move|p1a: Chansey|Thunderbolt|p2a: Starmie\n|-supereffective|p2a: Starmie\n|-damage|p2a: Starmie|51\/100\n|\n|upkeep\n|turn|10\n|\n|t:|1631769382\n|move|p2a: Starmie|Recover|p2a: Starmie\n|-heal|p2a: Starmie|100\/100\n|move|p1a: Chansey|Thunderbolt|p2a: Starmie\n|-supereffective|p2a: Starmie\n|-damage|p2a: Starmie|51\/100\n|\n|upkeep\n|turn|11\n|\n|t:|1631769389\n|switch|p2a: Exeggutor|Exeggutor|89\/100\n|move|p1a: Chansey|Thunderbolt|p2a: Exeggutor\n|-resisted|p2a: Exeggutor\n|-damage|p2a: Exeggutor|81\/100\n|\n|upkeep\n|turn|12\n|\n|t:|1631769397\n|move|p2a: Exeggutor|Psychic|p1a: Chansey\n|-damage|p1a: Chansey|84\/100\n|-unboost|p1a: Chansey|spd|1\n|-unboost|p1a: Chansey|spa|1\n|move|p1a: Chansey|Ice Beam|p2a: Exeggutor\n|-supereffective|p2a: Exeggutor\n|-damage|p2a: Exeggutor|59\/100\n|\n|upkeep\n|turn|13\n|\n|t:|1631769416\n|switch|p1a: Snorlax|Snorlax|100\/100\n|move|p2a: Exeggutor|Psychic|p1a: Snorlax\n|-damage|p1a: Snorlax|67\/100\n|\n|upkeep\n|turn|14\n|\n|t:|1631769422\n|move|p2a: Exeggutor|Psychic|p1a: Snorlax\n|-damage|p1a: Snorlax|34\/100\n|move|p1a: Snorlax|Hyper Beam|p2a: Exeggutor\n|-damage|p2a: Exeggutor|3\/100\n|-mustrecharge|p1a: Snorlax\n|\n|upkeep\n|turn|15\n|\n|t:|1631769425\n|move|p2a: Exeggutor|Explosion|p1a: Snorlax\n|-damage|p1a: Snorlax|0 fnt\n|faint|p1a: Snorlax\n|faint|p2a: Exeggutor\n|\n|t:|1631769433\n|switch|p2a: Starmie|Starmie|51\/100\n|switch|p1a: Tauros|Tauros|72\/100\n|turn|16\n|\n|t:|1631769445\n|switch|p1a: Chansey|Chansey|84\/100\n|move|p2a: Starmie|Recover|p2a: Starmie\n|-heal|p2a: Starmie|100\/100\n|\n|upkeep\n|turn|17\n|\n|t:|1631769453\n|switch|p2a: Chansey|Chansey|100\/100\n|move|p1a: Chansey|Thunder Wave|p2a: Chansey\n|-status|p2a: Chansey|par\n|\n|upkeep\n|turn|18\n|\n|t:|1631769463\n|switch|p1a: Wigglytuff|Wigglytuff|100\/100 slp\n|move|p2a: Chansey|Reflect|p2a: Chansey\n|-start|p2a: Chansey|Reflect\n|\n|upkeep\n|turn|19\n|\n|t:|1631769468\n|-curestatus|p1a: Wigglytuff|slp|[msg]\n|cant|p2a: Chansey|par\n|\n|upkeep\n|turn|20\n|\n|t:|1631769474\n|move|p1a: Wigglytuff|Body Slam|p2a: Chansey\n|-damage|p2a: Chansey|86\/100 par\n|cant|p2a: Chansey|par\n|\n|upkeep\n|turn|21\n|\n|t:|1631769480\n|move|p1a: Wigglytuff|Body Slam|p2a: Chansey\n|-damage|p2a: Chansey|69\/100 par\n|move|p2a: Chansey|Soft-Boiled|p2a: Chansey\n|-heal|p2a: Chansey|100\/100 par\n|\n|upkeep\n|turn|22\n|\n|t:|1631769484\n|move|p1a: Wigglytuff|Body Slam|p2a: Chansey\n|-damage|p2a: Chansey|85\/100 par\n|cant|p2a: Chansey|par\n|\n|upkeep\n|turn|23\n|\n|t:|1631769488\n|move|p1a: Wigglytuff|Body Slam|p2a: Chansey\n|-damage|p2a: Chansey|68\/100 par\n|move|p2a: Chansey|Thunder Wave|p1a: Wigglytuff\n|-status|p1a: Wigglytuff|par\n|\n|upkeep\n|turn|24\n|\n|t:|1631769494\n|move|p2a: Chansey|Soft-Boiled|p2a: Chansey\n|-heal|p2a: Chansey|100\/100 par\n|move|p1a: Wigglytuff|Body Slam|p2a: Chansey\n|-damage|p2a: Chansey|85\/100 par\n|\n|upkeep\n|turn|25\n|\n|t:|1631769501\n|move|p2a: Chansey|Seismic Toss|p1a: Wigglytuff\n|-damage|p1a: Wigglytuff|80\/100 par\n|move|p1a: Wigglytuff|Body Slam|p2a: Chansey\n|-damage|p2a: Chansey|69\/100 par\n|\n|upkeep\n|turn|26\n|\n|t:|1631769507\n|move|p2a: Chansey|Soft-Boiled|p2a: Chansey\n|-heal|p2a: Chansey|100\/100 par\n|move|p1a: Wigglytuff|Counter|p2a: Chansey\n|-fail|p1a: Wigglytuff\n|\n|upkeep\n|turn|27\n|\n|t:|1631769512\n|move|p2a: Chansey|Seismic Toss|p1a: Wigglytuff\n|-damage|p1a: Wigglytuff|59\/100 par\n|move|p1a: Wigglytuff|Body Slam|p2a: Chansey\n|-damage|p2a: Chansey|84\/100 par\n|\n|upkeep\n|turn|28\n|\n|t:|1631769517\n|move|p2a: Chansey|Seismic Toss|p1a: Wigglytuff\n|-damage|p1a: Wigglytuff|38\/100 par\n|move|p1a: Wigglytuff|Body Slam|p2a: Chansey\n|-damage|p2a: Chansey|70\/100 par\n|\n|upkeep\n|turn|29\n|\n|t:|1631769522\n|move|p2a: Chansey|Seismic Toss|p1a: Wigglytuff\n|-damage|p1a: Wigglytuff|18\/100 par\n|move|p1a: Wigglytuff|Body Slam|p2a: Chansey\n|-damage|p2a: Chansey|53\/100 par\n|\n|upkeep\n|turn|30\n|\n|t:|1631769527\n|move|p2a: Chansey|Soft-Boiled|p2a: Chansey\n|-heal|p2a: Chansey|100\/100 par\n|move|p1a: Wigglytuff|Body Slam|p2a: Chansey\n|-damage|p2a: Chansey|84\/100 par\n|\n|upkeep\n|turn|31\n|\n|t:|1631769530\n|move|p2a: Chansey|Seismic Toss|p1a: Wigglytuff\n|-damage|p1a: Wigglytuff|0 fnt\n|faint|p1a: Wigglytuff\n|\n|t:|1631769539\n|switch|p1a: Persian|Persian|100\/100\n|turn|32\n|\n|t:|1631769546\n|switch|p2a: Gengar|Gengar|61\/100 par\n|move|p1a: Persian|Slash|p2a: Gengar\n|-immune|p2a: Gengar\n|\n|upkeep\n|turn|33\n|\n|t:|1631769552\n|move|p1a: Persian|Thunderbolt|p2a: Gengar\n|-crit|p2a: Gengar\n|-damage|p2a: Gengar|34\/100 par\n|move|p2a: Gengar|Explosion|p1a: Persian\n|-crit|p1a: Persian\n|-damage|p1a: Persian|0 fnt\n|faint|p1a: Persian\n|faint|p2a: Gengar\n|\n|t:|1631769561\n|switch|p1a: Tauros|Tauros|72\/100\n|switch|p2a: Alakazam|Alakazam|100\/100\n|turn|34\n|\n|t:|1631769566\n|move|p2a: Alakazam|Psychic|p1a: Tauros\n|-crit|p1a: Tauros\n|-damage|p1a: Tauros|0 fnt\n|faint|p1a: Tauros\n|\n|t:|1631769571\n|switch|p1a: Chansey|Chansey|84\/100\n|turn|35\n|\n|t:|1631769574\n|move|p2a: Alakazam|Thunder Wave|p1a: Chansey\n|-status|p1a: Chansey|par\n|move|p1a: Chansey|Thunder Wave|p2a: Alakazam\n|-status|p2a: Alakazam|par\n|\n|upkeep\n|turn|36\n|\n|t:|1631769578\n|move|p2a: Alakazam|Seismic Toss|p1a: Chansey\n|-damage|p1a: Chansey|69\/100 par\n|move|p1a: Chansey|Thunderbolt|p2a: Alakazam\n|-damage|p2a: Alakazam|80\/100 par\n|\n|upkeep\n|turn|37\n|\n|t:|1631769583\n|move|p2a: Alakazam|Seismic Toss|p1a: Chansey\n|-damage|p1a: Chansey|55\/100 par\n|cant|p1a: Chansey|par\n|\n|upkeep\n|turn|38\n|\n|t:|1631769586\n|cant|p2a: Alakazam|par\n|move|p1a: Chansey|Soft-Boiled|p1a: Chansey\n|-heal|p1a: Chansey|100\/100 par\n|\n|upkeep\n|turn|39\n|\n|t:|1631769588\n|move|p2a: Alakazam|Seismic Toss|p1a: Chansey\n|-damage|p1a: Chansey|86\/100 par\n|move|p1a: Chansey|Thunderbolt|p2a: Alakazam\n|-damage|p2a: Alakazam|59\/100 par\n|\n|upkeep\n|turn|40\n|\n|t:|1631769591\n|cant|p2a: Alakazam|par\n|move|p1a: Chansey|Thunderbolt|p2a: Alakazam\n|-damage|p2a: Alakazam|39\/100 par\n|\n|upkeep\n|turn|41\n|\n|t:|1631769598\n|cant|p2a: Alakazam|par\n|move|p1a: Chansey|Thunderbolt|p2a: Alakazam\n|-damage|p2a: Alakazam|18\/100 par\n|\n|upkeep\n|turn|42\n|\n|t:|1631769600\n|cant|p2a: Alakazam|par\n|move|p1a: Chansey|Thunderbolt|p2a: Alakazam\n|-damage|p2a: Alakazam|0 fnt\n|faint|p2a: Alakazam\n|\n|t:|1631769604\n|switch|p2a: Tauros|Tauros|100\/100\n|turn|43\n|\n|t:|1631769610\n|move|p2a: Tauros|Earthquake|p1a: Chansey\n|-damage|p1a: Chansey|55\/100 par\n|move|p1a: Chansey|Thunder Wave|p2a: Tauros\n|-status|p2a: Tauros|par\n|\n|upkeep\n|turn|44\n|\n|t:|1631769615\n|cant|p2a: Tauros|par\n|cant|p1a: Chansey|par\n|\n|upkeep\n|turn|45\n|\n|t:|1631769618\n|move|p2a: Tauros|Earthquake|p1a: Chansey\n|-crit|p1a: Chansey\n|-damage|p1a: Chansey|0 fnt\n|faint|p1a: Chansey\n|\n|t:|1631769621\n|switch|p1a: Pidgeot|Pidgeot|100\/100\n|turn|46\n|\n|t:|1631769626\n|move|p1a: Pidgeot|Agility|p1a: Pidgeot\n|-boost|p1a: Pidgeot|spe|2\n|move|p2a: Tauros|Blizzard|p1a: Pidgeot\n|-crit|p1a: Pidgeot\n|-supereffective|p1a: Pidgeot\n|-damage|p1a: Pidgeot|5\/100\n|\n|upkeep\n|turn|47\n|\n|t:|1631769632\n|move|p1a: Pidgeot|Hyper Beam|p2a: Tauros|[miss]\n|-miss|p1a: Pidgeot\n|move|p2a: Tauros|Blizzard|p1a: Pidgeot\n|-supereffective|p1a: Pidgeot\n|-damage|p1a: Pidgeot|0 fnt\n|faint|p1a: Pidgeot\n|\n|win|dlett2468\n|raw|Cowsrule247's rating: 1152 &rarr; <strong>1124<\/strong><br \/>(-28 for losing)\n|raw|dlett2468's rating: 1117 &rarr; <strong>1145<\/strong><br \/>(+28 for winning)\n|l|\u2606Cowsrule247\n","uploadtime":1631769643,"views":10,"p1id":"cowsrule247","p2id":"dlett2468","formatid":"gen1ou","rating":1124,"private":0,"password":null}