{"id":"gen1customgame-1512019781","p1":"CatgirlCopen","p2":"VirginJimmy99","format":"gen1customgame","log":"|j|\u2606CatgirlCopen\n|j|\u2606VirginJimmy99\n|t:|1644991781\n|gametype|singles\n|player|p1|CatgirlCopen|waitress-gen4|\n|player|p2|VirginJimmy99|2|\n|teamsize|p1|6\n|teamsize|p2|6\n|gen|1\n|tier|[Gen 1] Custom Game\n|rule|HP Percentage Mod: HP is shown in percentages\n|rule|Desync Clause Mod: Desyncs changed to move failure.\n|\n|t:|1644991781\n|start\n|switch|p1a: Regieleki|Regieleki|363\/363\n|switch|p2a: Ninjask|Ninjask|325\/325\n|turn|1\n|inactive|Battle timer is ON: inactive players will automatically lose when time's up. (requested by CatgirlCopen)\n|\n|t:|1644991800\n|switch|p2a: Hippowdon|Hippowdon|419\/419\n|move|p1a: Regieleki|Spore|p2a: Hippowdon\n|-status|p2a: Hippowdon|slp|[from] move: Spore\n|\n|upkeep\n|turn|2\n|c|\u2606VirginJimmy99|o dear have mercy\n|c|\u2606CatgirlCopen|there is no mercy\n|\n|t:|1644991822\n|move|p1a: Regieleki|Shift Gear|p1a: Regieleki\n|-boost|p1a: Regieleki|spe|2\n|-boost|p1a: Regieleki|atk|1\n|cant|p2a: Hippowdon|slp\n|\n|upkeep\n|turn|3\n|c|\u2606VirginJimmy99|wat da dog doin\n|\n|t:|1644991830\n|move|p1a: Regieleki|Shift Gear|p1a: Regieleki\n|-boost|p1a: Regieleki|spe|2\n|-boost|p1a: Regieleki|atk|1\n|-curestatus|p2a: Hippowdon|slp|[msg]\n|\n|upkeep\n|turn|4\n|\n|t:|1644991836\n|move|p1a: Regieleki|Spore|p2a: Hippowdon\n|-status|p2a: Hippowdon|slp|[from] move: Spore\n|cant|p2a: Hippowdon|slp\n|\n|upkeep\n|turn|5\n|\n|t:|1644991839\n|move|p1a: Regieleki|Shift Gear|p1a: Regieleki\n|-boost|p1a: Regieleki|spe|2\n|-boost|p1a: Regieleki|atk|1\n|cant|p2a: Hippowdon|slp\n|\n|upkeep\n|turn|6\n|\n|t:|1644991841\n|move|p1a: Regieleki|Shift Gear|p1a: Regieleki\n|-boost|p1a: Regieleki|atk|1\n|cant|p2a: Hippowdon|slp\n|\n|upkeep\n|turn|7\n|\n|t:|1644991847\n|move|p1a: Regieleki|Shift Gear|p1a: Regieleki\n|-boost|p1a: Regieleki|atk|1\n|cant|p2a: Hippowdon|slp\n|\n|upkeep\n|turn|8\n|\n|t:|1644991850\n|move|p1a: Regieleki|Shift Gear|p1a: Regieleki\n|-boost|p1a: Regieleki|atk|1\n|cant|p2a: Hippowdon|slp\n|\n|upkeep\n|turn|9\n|\n|t:|1644991862\n|switch|p2a: Ninjask|Ninjask|325\/325\n|move|p1a: Regieleki|Taunt|p2a: Ninjask\n|-start|p2a: Ninjask|move: Taunt\n|\n|upkeep\n|turn|10\n|\n|t:|1644991865\n|move|p1a: Regieleki|Infestation|p2a: Ninjask\n|-crit|p2a: Ninjask\n|debug|Negating (sp)atk boost\/penalty.\n|debug|Negating (sp)def boost\/penalty.\n|-resisted|p2a: Ninjask\n|-damage|p2a: Ninjask|302\/325\n|cant|p2a: Ninjask|partiallytrapped\n|\n|-end|p2a: Ninjask|move: Taunt|[silent]\n|upkeep\n|turn|11\n|\n|t:|1644991870\n|move|p1a: Regieleki|Infestation|p2a: Ninjask\n|-crit|p2a: Ninjask\n|debug|Negating (sp)atk boost\/penalty.\n|debug|Negating (sp)def boost\/penalty.\n|-resisted|p2a: Ninjask\n|-damage|p2a: Ninjask|278\/325\n|cant|p2a: Ninjask|partiallytrapped\n|\n|upkeep\n|turn|12\n|\n|t:|1644991872\n|move|p1a: Regieleki|Infestation|p2a: Ninjask\n|-crit|p2a: Ninjask\n|debug|Negating (sp)atk boost\/penalty.\n|debug|Negating (sp)def boost\/penalty.\n|-resisted|p2a: Ninjask\n|-damage|p2a: Ninjask|253\/325\n|cant|p2a: Ninjask|partiallytrapped\n|\n|upkeep\n|turn|13\n|\n|t:|1644991875\n|move|p1a: Regieleki|Infestation|p2a: Ninjask\n|-resisted|p2a: Ninjask\n|-damage|p2a: Ninjask|210\/325\n|cant|p2a: Ninjask|partiallytrapped\n|\n|upkeep\n|turn|14\n|\n|t:|1644991877\n|move|p1a: Regieleki|Infestation|p2a: Ninjask\n|-crit|p2a: Ninjask\n|debug|Negating (sp)atk boost\/penalty.\n|debug|Negating (sp)def boost\/penalty.\n|-resisted|p2a: Ninjask\n|-damage|p2a: Ninjask|188\/325\n|cant|p2a: Ninjask|partiallytrapped\n|\n|upkeep\n|turn|15\n|\n|t:|1644991880\n|move|p1a: Regieleki|Infestation|p2a: Ninjask\n|-resisted|p2a: Ninjask\n|-damage|p2a: Ninjask|144\/325\n|cant|p2a: Ninjask|partiallytrapped\n|\n|upkeep\n|turn|16\n|\n|t:|1644991882\n|move|p1a: Regieleki|Infestation|p2a: Ninjask\n|-resisted|p2a: Ninjask\n|-damage|p2a: Ninjask|102\/325\n|cant|p2a: Ninjask|partiallytrapped\n|\n|upkeep\n|turn|17\n|c|\u2606VirginJimmy99|this guy was made from\n|c|\u2606VirginJimmy99|mega hell\n|c|\u2606VirginJimmy99|stronger than regular hell\n|\n|t:|1644991897\n|move|p1a: Regieleki|Infestation|p2a: Ninjask\n|-crit|p2a: Ninjask\n|debug|Negating (sp)atk boost\/penalty.\n|debug|Negating (sp)def boost\/penalty.\n|-resisted|p2a: Ninjask\n|-damage|p2a: Ninjask|80\/325\n|cant|p2a: Ninjask|partiallytrapped\n|\n|upkeep\n|turn|18\n|c|\u2606CatgirlCopen|ultra hell\n|c|\u2606VirginJimmy99|advanced hell\n|\n|t:|1644991907\n|move|p1a: Regieleki|Infestation|p2a: Ninjask\n|-crit|p2a: Ninjask\n|debug|Negating (sp)atk boost\/penalty.\n|debug|Negating (sp)def boost\/penalty.\n|-resisted|p2a: Ninjask\n|-damage|p2a: Ninjask|56\/325\n|cant|p2a: Ninjask|partiallytrapped\n|\n|upkeep\n|turn|19\n|\n|t:|1644991911\n|move|p1a: Regieleki|Infestation|p2a: Ninjask\n|-crit|p2a: Ninjask\n|debug|Negating (sp)atk boost\/penalty.\n|debug|Negating (sp)def boost\/penalty.\n|-resisted|p2a: Ninjask\n|-damage|p2a: Ninjask|33\/325\n|cant|p2a: Ninjask|partiallytrapped\n|\n|upkeep\n|turn|20\n|\n|t:|1644991914\n|move|p1a: Regieleki|Infestation|p2a: Ninjask\n|-resisted|p2a: Ninjask\n|-damage|p2a: Ninjask|0 fnt\n|faint|p2a: Ninjask\n|\n|t:|1644991918\n|switch|p2a: Archeops|Archeops|353\/353\n|turn|21\n|\n|t:|1644991921\n|move|p1a: Regieleki|Spore|p2a: Archeops\n|-status|p2a: Archeops|slp|[from] move: Spore\n|cant|p2a: Archeops|slp\n|\n|upkeep\n|turn|22\n|\n|t:|1644991924\n|move|p1a: Regieleki|Infestation|p2a: Archeops\n|-crit|p2a: Archeops\n|debug|Negating (sp)atk boost\/penalty.\n|debug|Negating (sp)def boost\/penalty.\n|-resisted|p2a: Archeops\n|-damage|p2a: Archeops|333\/353 slp\n|cant|p2a: Archeops|slp\n|\n|upkeep\n|turn|23\n|\n|t:|1644991927\n|move|p1a: Regieleki|Infestation|p2a: Archeops\n|-crit|p2a: Archeops\n|debug|Negating (sp)atk boost\/penalty.\n|debug|Negating (sp)def boost\/penalty.\n|-resisted|p2a: Archeops\n|-damage|p2a: Archeops|313\/353 slp\n|-curestatus|p2a: Archeops|slp|[msg]\n|\n|upkeep\n|turn|24\n|\n|t:|1644991929\n|move|p1a: Regieleki|Infestation|p2a: Archeops\n|-resisted|p2a: Archeops\n|-damage|p2a: Archeops|278\/353\n|cant|p2a: Archeops|partiallytrapped\n|\n|upkeep\n|turn|25\n|\n|t:|1644991932\n|move|p1a: Regieleki|Infestation|p2a: Archeops\n|-resisted|p2a: Archeops\n|-damage|p2a: Archeops|243\/353\n|cant|p2a: Archeops|partiallytrapped\n|\n|upkeep\n|turn|26\n|\n|t:|1644991934\n|move|p1a: Regieleki|Infestation|p2a: Archeops\n|-crit|p2a: Archeops\n|debug|Negating (sp)atk boost\/penalty.\n|debug|Negating (sp)def boost\/penalty.\n|-resisted|p2a: Archeops\n|-damage|p2a: Archeops|225\/353\n|cant|p2a: Archeops|partiallytrapped\n|\n|upkeep\n|turn|27\n|\n|t:|1644991936\n|move|p1a: Regieleki|Infestation|p2a: Archeops\n|-crit|p2a: Archeops\n|debug|Negating (sp)atk boost\/penalty.\n|debug|Negating (sp)def boost\/penalty.\n|-resisted|p2a: Archeops\n|-damage|p2a: Archeops|205\/353\n|cant|p2a: Archeops|partiallytrapped\n|\n|upkeep\n|turn|28\n|\n|t:|1644991940\n|move|p1a: Regieleki|Infestation|p2a: Archeops\n|-crit|p2a: Archeops\n|debug|Negating (sp)atk boost\/penalty.\n|debug|Negating (sp)def boost\/penalty.\n|-resisted|p2a: Archeops\n|-damage|p2a: Archeops|186\/353\n|cant|p2a: Archeops|partiallytrapped\n|\n|upkeep\n|turn|29\n|\n|t:|1644991942\n|move|p1a: Regieleki|Infestation|p2a: Archeops\n|-crit|p2a: Archeops\n|debug|Negating (sp)atk boost\/penalty.\n|debug|Negating (sp)def boost\/penalty.\n|-resisted|p2a: Archeops\n|-damage|p2a: Archeops|165\/353\n|cant|p2a: Archeops|partiallytrapped\n|\n|upkeep\n|turn|30\n|\n|t:|1644991943\n|move|p1a: Regieleki|Infestation|p2a: Archeops\n|-resisted|p2a: Archeops\n|-damage|p2a: Archeops|130\/353\n|cant|p2a: Archeops|partiallytrapped\n|\n|upkeep\n|turn|31\n|\n|t:|1644991946\n|move|p1a: Regieleki|Infestation|p2a: Archeops\n|-crit|p2a: Archeops\n|debug|Negating (sp)atk boost\/penalty.\n|debug|Negating (sp)def boost\/penalty.\n|-resisted|p2a: Archeops\n|-damage|p2a: Archeops|111\/353\n|cant|p2a: Archeops|partiallytrapped\n|\n|upkeep\n|turn|32\n|\n|t:|1644991950\n|move|p1a: Regieleki|Infestation|p2a: Archeops\n|-resisted|p2a: Archeops\n|-damage|p2a: Archeops|80\/353\n|cant|p2a: Archeops|partiallytrapped\n|\n|upkeep\n|turn|33\n|\n|t:|1644991953\n|move|p1a: Regieleki|Infestation|p2a: Archeops\n|-resisted|p2a: Archeops\n|-damage|p2a: Archeops|48\/353\n|cant|p2a: Archeops|partiallytrapped\n|\n|upkeep\n|turn|34\n|\n|t:|1644991956\n|move|p1a: Regieleki|Infestation|p2a: Archeops\n|-crit|p2a: Archeops\n|debug|Negating (sp)atk boost\/penalty.\n|debug|Negating (sp)def boost\/penalty.\n|-resisted|p2a: Archeops\n|-damage|p2a: Archeops|30\/353\n|cant|p2a: Archeops|partiallytrapped\n|\n|upkeep\n|turn|35\n|\n|t:|1644991958\n|move|p1a: Regieleki|Infestation|p2a: Archeops\n|-resisted|p2a: Archeops\n|-damage|p2a: Archeops|0 fnt\n|faint|p2a: Archeops\n|\n|t:|1644991963\n|switch|p2a: Zapdos|Zapdos|383\/383\n|turn|36\n|\n|t:|1644991966\n|move|p1a: Regieleki|Infestation|p2a: Zapdos\n|-crit|p2a: Zapdos\n|debug|Negating (sp)atk boost\/penalty.\n|debug|Negating (sp)def boost\/penalty.\n|-resisted|p2a: Zapdos\n|-damage|p2a: Zapdos|367\/383\n|cant|p2a: Zapdos|partiallytrapped\n|\n|upkeep\n|turn|37\n|\n|t:|1644991968\n|move|p1a: Regieleki|Infestation|p2a: Zapdos\n|-crit|p2a: Zapdos\n|debug|Negating (sp)atk boost\/penalty.\n|debug|Negating (sp)def boost\/penalty.\n|-resisted|p2a: Zapdos\n|-damage|p2a: Zapdos|349\/383\n|cant|p2a: Zapdos|partiallytrapped\n|\n|upkeep\n|turn|38\n|\n|t:|1644991969\n|move|p1a: Regieleki|Infestation|p2a: Zapdos\n|-resisted|p2a: Zapdos\n|-damage|p2a: Zapdos|319\/383\n|cant|p2a: Zapdos|partiallytrapped\n|\n|upkeep\n|turn|39\n|\n|t:|1644991972\n|move|p1a: Regieleki|Infestation|p2a: Zapdos\n|-crit|p2a: Zapdos\n|debug|Negating (sp)atk boost\/penalty.\n|debug|Negating (sp)def boost\/penalty.\n|-resisted|p2a: Zapdos\n|-damage|p2a: Zapdos|301\/383\n|cant|p2a: Zapdos|partiallytrapped\n|\n|upkeep\n|turn|40\n|\n|t:|1644991974\n|move|p1a: Regieleki|Infestation|p2a: Zapdos\n|-resisted|p2a: Zapdos\n|-damage|p2a: Zapdos|270\/383\n|cant|p2a: Zapdos|partiallytrapped\n|\n|upkeep\n|turn|41\n|\n|t:|1644991976\n|move|p1a: Regieleki|Infestation|p2a: Zapdos\n|-crit|p2a: Zapdos\n|debug|Negating (sp)atk boost\/penalty.\n|debug|Negating (sp)def boost\/penalty.\n|-resisted|p2a: Zapdos\n|-damage|p2a: Zapdos|252\/383\n|cant|p2a: Zapdos|partiallytrapped\n|\n|upkeep\n|turn|42\n|\n|t:|1644991979\n|move|p1a: Regieleki|Infestation|p2a: Zapdos\n|-resisted|p2a: Zapdos\n|-damage|p2a: Zapdos|224\/383\n|cant|p2a: Zapdos|partiallytrapped\n|\n|upkeep\n|turn|43\n|\n|t:|1644991982\n|move|p1a: Regieleki|Taunt|p2a: Zapdos\n|-start|p2a: Zapdos|move: Taunt\n|cant|p2a: Zapdos|partiallytrapped\n|\n|upkeep\n|turn|44\n|\n|t:|1644991988\n|move|p1a: Regieleki|Spore|p2a: Zapdos\n|-status|p2a: Zapdos|slp|[from] move: Spore\n|cant|p2a: Zapdos|slp\n|\n|-end|p2a: Zapdos|move: Taunt|[silent]\n|upkeep\n|turn|45\n|\n|t:|1644991995\n|switch|p1a: Regieleki|Regieleki|363\/363\n|-curestatus|p2a: Zapdos|slp|[msg]\n|\n|upkeep\n|turn|46\n|c|\u2606VirginJimmy99|wait\n|c|\u2606VirginJimmy99|ruh roh raggy\n|\n|t:|1644992009\n|move|p1a: Regieleki|Spore|p2a: Zapdos\n|-status|p2a: Zapdos|slp|[from] move: Spore\n|cant|p2a: Zapdos|slp\n|\n|upkeep\n|turn|47\n|c|\u2606CatgirlCopen|ruh roh raggy\n|\n|t:|1644992014\n|move|p1a: Regieleki|Shift Gear|p1a: Regieleki\n|-boost|p1a: Regieleki|spe|2\n|-boost|p1a: Regieleki|atk|1\n|cant|p2a: Zapdos|slp\n|\n|upkeep\n|turn|48\n|\n|t:|1644992021\n|move|p1a: Regieleki|Shift Gear|p1a: Regieleki\n|-boost|p1a: Regieleki|spe|2\n|-boost|p1a: Regieleki|atk|1\n|cant|p2a: Zapdos|slp\n|\n|upkeep\n|turn|49\n|\n|t:|1644992027\n|move|p1a: Regieleki|Shift Gear|p1a: Regieleki\n|-boost|p1a: Regieleki|spe|2\n|-boost|p1a: Regieleki|atk|1\n|-curestatus|p2a: Zapdos|slp|[msg]\n|\n|upkeep\n|turn|50\n|\n|t:|1644992042\n|move|p1a: Regieleki|Spore|p2a: Zapdos\n|-status|p2a: Zapdos|slp|[from] move: Spore\n|-curestatus|p2a: Zapdos|slp|[msg]\n|\n|upkeep\n|turn|51\n|c|\u2606VirginJimmy99|pog\n|\n|t:|1644992051\n|move|p1a: Regieleki|Shift Gear|p1a: Regieleki\n|-boost|p1a: Regieleki|atk|1\n|move|p2a: Zapdos|Thunderbolt|p1a: Regieleki\n|-crit|p1a: Regieleki\n|debug|Negating (sp)atk boost\/penalty.\n|debug|Negating (sp)def boost\/penalty.\n|-resisted|p1a: Regieleki\n|-damage|p1a: Regieleki|174\/363\n|\n|upkeep\n|turn|52\n|c|\u2606VirginJimmy99|just keep doin that zapdos\n|c|\u2606CatgirlCopen|ow\n|c|\u2606VirginJimmy99|OH I HIT IT\n|\n|t:|1644992065\n|move|p1a: Regieleki|Spore|p2a: Zapdos\n|-status|p2a: Zapdos|slp|[from] move: Spore\n|-curestatus|p2a: Zapdos|slp|[msg]\n|\n|upkeep\n|turn|53\n|\n|t:|1644992068\n|move|p1a: Regieleki|Spore|p2a: Zapdos\n|-status|p2a: Zapdos|slp|[from] move: Spore\n|-curestatus|p2a: Zapdos|slp|[msg]\n|\n|upkeep\n|turn|54\n|c|\u2606VirginJimmy99|YES\n|c|\u2606VirginJimmy99|DO IT\n|c|\u2606VirginJimmy99|GO GO GO\n|\n|t:|1644992076\n|move|p1a: Regieleki|Spore|p2a: Zapdos\n|-status|p2a: Zapdos|slp|[from] move: Spore\n|cant|p2a: Zapdos|slp\n|\n|upkeep\n|turn|55\n|\n|t:|1644992080\n|move|p1a: Regieleki|Shift Gear|p1a: Regieleki\n|-boost|p1a: Regieleki|atk|1\n|cant|p2a: Zapdos|slp\n|\n|upkeep\n|turn|56\n|c|\u2606CatgirlCopen|just dodge\n|\n|t:|1644992085\n|move|p1a: Regieleki|Shift Gear|p1a: Regieleki\n|-boost|p1a: Regieleki|atk|1\n|cant|p2a: Zapdos|slp\n|\n|upkeep\n|turn|57\n|\n|t:|1644992089\n|move|p1a: Regieleki|Infestation|p2a: Zapdos\n|-resisted|p2a: Zapdos\n|-damage|p2a: Zapdos|194\/383 slp\n|cant|p2a: Zapdos|slp\n|\n|upkeep\n|turn|58\n|\n|t:|1644992091\n|move|p1a: Regieleki|Taunt|p2a: Zapdos\n|-start|p2a: Zapdos|move: Taunt\n|cant|p2a: Zapdos|slp\n|\n|upkeep\n|turn|59\n|\n|t:|1644992095\n|move|p1a: Regieleki|Infestation|p2a: Zapdos\n|-crit|p2a: Zapdos\n|debug|Negating (sp)atk boost\/penalty.\n|debug|Negating (sp)def boost\/penalty.\n|-resisted|p2a: Zapdos\n|-damage|p2a: Zapdos|178\/383 slp\n|cant|p2a: Zapdos|slp\n|\n|-end|p2a: Zapdos|move: Taunt|[silent]\n|upkeep\n|turn|60\n|\n|t:|1644992098\n|move|p1a: Regieleki|Infestation|p2a: Zapdos\n|-resisted|p2a: Zapdos\n|-damage|p2a: Zapdos|150\/383 slp\n|-curestatus|p2a: Zapdos|slp|[msg]\n|\n|upkeep\n|turn|61\n|\n|t:|1644992101\n|move|p1a: Regieleki|Spore|p2a: Zapdos\n|-status|p2a: Zapdos|slp|[from] move: Spore\n|-curestatus|p2a: Zapdos|slp|[msg]\n|\n|upkeep\n|turn|62\n|\n|t:|1644992104\n|move|p1a: Regieleki|Spore|p2a: Zapdos\n|-status|p2a: Zapdos|slp|[from] move: Spore\n|cant|p2a: Zapdos|slp\n|\n|upkeep\n|turn|63\n|\n|t:|1644992106\n|move|p1a: Regieleki|Infestation|p2a: Zapdos\n|-resisted|p2a: Zapdos\n|-damage|p2a: Zapdos|123\/383 slp\n|cant|p2a: Zapdos|slp\n|\n|upkeep\n|turn|64\n|\n|t:|1644992112\n|move|p1a: Regieleki|Infestation|p2a: Zapdos\n|-crit|p2a: Zapdos\n|debug|Negating (sp)atk boost\/penalty.\n|debug|Negating (sp)def boost\/penalty.\n|-resisted|p2a: Zapdos\n|-damage|p2a: Zapdos|108\/383 slp\n|cant|p2a: Zapdos|slp\n|\n|upkeep\n|turn|65\n|\n|t:|1644992115\n|move|p1a: Regieleki|Infestation|p2a: Zapdos\n|-resisted|p2a: Zapdos\n|-damage|p2a: Zapdos|79\/383 slp\n|-curestatus|p2a: Zapdos|slp|[msg]\n|\n|upkeep\n|turn|66\n|\n|t:|1644992120\n|move|p1a: Regieleki|Infestation|p2a: Zapdos\n|-resisted|p2a: Zapdos\n|-damage|p2a: Zapdos|52\/383\n|cant|p2a: Zapdos|partiallytrapped\n|\n|upkeep\n|turn|67\n|\n|t:|1644992123\n|move|p1a: Regieleki|Infestation|p2a: Zapdos\n|-resisted|p2a: Zapdos\n|-damage|p2a: Zapdos|24\/383\n|cant|p2a: Zapdos|partiallytrapped\n|\n|upkeep\n|turn|68\n|\n|t:|1644992125\n|move|p1a: Regieleki|Infestation|p2a: Zapdos\n|-crit|p2a: Zapdos\n|debug|Negating (sp)atk boost\/penalty.\n|debug|Negating (sp)def boost\/penalty.\n|-resisted|p2a: Zapdos\n|-damage|p2a: Zapdos|7\/383\n|cant|p2a: Zapdos|partiallytrapped\n|\n|upkeep\n|turn|69\n|\n|t:|1644992127\n|move|p1a: Regieleki|Infestation|p2a: Zapdos\n|-resisted|p2a: Zapdos\n|-damage|p2a: Zapdos|0 fnt\n|faint|p2a: Zapdos\n|\n|t:|1644992131\n|switch|p2a: Melmetal|Melmetal|473\/473\n|turn|70\n|\n|t:|1644992134\n|move|p1a: Regieleki|Spore|p2a: Melmetal\n|-status|p2a: Melmetal|slp|[from] move: Spore\n|cant|p2a: Melmetal|slp\n|\n|upkeep\n|turn|71\n|c|\u2606CatgirlCopen|oh boy\n|\n|t:|1644992140\n|move|p1a: Regieleki|Infestation|p2a: Melmetal\n|-resisted|p2a: Melmetal\n|-damage|p2a: Melmetal|453\/473 slp\n|cant|p2a: Melmetal|slp\n|\n|upkeep\n|turn|72\n|\n|t:|1644992142\n|move|p1a: Regieleki|Infestation|p2a: Melmetal\n|-crit|p2a: Melmetal\n|debug|Negating (sp)atk boost\/penalty.\n|debug|Negating (sp)def boost\/penalty.\n|-resisted|p2a: Melmetal\n|-damage|p2a: Melmetal|442\/473 slp\n|cant|p2a: Melmetal|slp\n|\n|upkeep\n|turn|73\n|\n|t:|1644992144\n|move|p1a: Regieleki|Infestation|p2a: Melmetal\n|-crit|p2a: Melmetal\n|debug|Negating (sp)atk boost\/penalty.\n|debug|Negating (sp)def boost\/penalty.\n|-resisted|p2a: Melmetal\n|-damage|p2a: Melmetal|431\/473 slp\n|cant|p2a: Melmetal|slp\n|\n|upkeep\n|turn|74\n|\n|t:|1644992148\n|move|p1a: Regieleki|Infestation|p2a: Melmetal\n|-resisted|p2a: Melmetal\n|-damage|p2a: Melmetal|412\/473 slp\n|-curestatus|p2a: Melmetal|slp|[msg]\n|\n|upkeep\n|turn|75\n|\n|t:|1644992153\n|move|p1a: Regieleki|Infestation|p2a: Melmetal\n|-resisted|p2a: Melmetal\n|-damage|p2a: Melmetal|391\/473\n|cant|p2a: Melmetal|partiallytrapped\n|\n|upkeep\n|turn|76\n|\n|t:|1644992158\n|move|p1a: Regieleki|Infestation|p2a: Melmetal\n|-resisted|p2a: Melmetal\n|-damage|p2a: Melmetal|370\/473\n|cant|p2a: Melmetal|partiallytrapped\n|\n|upkeep\n|turn|77\n|\n|t:|1644992162\n|move|p1a: Regieleki|Infestation|p2a: Melmetal\n|-crit|p2a: Melmetal\n|debug|Negating (sp)atk boost\/penalty.\n|debug|Negating (sp)def boost\/penalty.\n|-resisted|p2a: Melmetal\n|-damage|p2a: Melmetal|359\/473\n|cant|p2a: Melmetal|partiallytrapped\n|\n|upkeep\n|turn|78\n|\n|t:|1644992166\n|move|p1a: Regieleki|Infestation|p2a: Melmetal\n|-crit|p2a: Melmetal\n|debug|Negating (sp)atk boost\/penalty.\n|debug|Negating (sp)def boost\/penalty.\n|-resisted|p2a: Melmetal\n|-damage|p2a: Melmetal|348\/473\n|cant|p2a: Melmetal|partiallytrapped\n|\n|upkeep\n|turn|79\n|\n|t:|1644992168\n|move|p1a: Regieleki|Infestation|p2a: Melmetal\n|-crit|p2a: Melmetal\n|debug|Negating (sp)atk boost\/penalty.\n|debug|Negating (sp)def boost\/penalty.\n|-resisted|p2a: Melmetal\n|-damage|p2a: Melmetal|336\/473\n|cant|p2a: Melmetal|partiallytrapped\n|\n|upkeep\n|turn|80\n|\n|t:|1644992171\n|move|p1a: Regieleki|Infestation|p2a: Melmetal\n|-crit|p2a: Melmetal\n|debug|Negating (sp)atk boost\/penalty.\n|debug|Negating (sp)def boost\/penalty.\n|-resisted|p2a: Melmetal\n|-damage|p2a: Melmetal|325\/473\n|cant|p2a: Melmetal|partiallytrapped\n|\n|upkeep\n|turn|81\n|\n|t:|1644992174\n|move|p1a: Regieleki|Infestation|p2a: Melmetal\n|-resisted|p2a: Melmetal\n|-damage|p2a: Melmetal|304\/473\n|cant|p2a: Melmetal|partiallytrapped\n|\n|upkeep\n|turn|82\n|\n|t:|1644992176\n|move|p1a: Regieleki|Infestation|p2a: Melmetal\n|-resisted|p2a: Melmetal\n|-damage|p2a: Melmetal|284\/473\n|cant|p2a: Melmetal|partiallytrapped\n|\n|upkeep\n|turn|83\n|\n|t:|1644992177\n|move|p1a: Regieleki|Infestation|p2a: Melmetal\n|-resisted|p2a: Melmetal\n|-damage|p2a: Melmetal|263\/473\n|cant|p2a: Melmetal|partiallytrapped\n|\n|upkeep\n|turn|84\n|\n|t:|1644992181\n|move|p1a: Regieleki|Infestation|p2a: Melmetal\n|-resisted|p2a: Melmetal\n|-damage|p2a: Melmetal|242\/473\n|cant|p2a: Melmetal|partiallytrapped\n|\n|upkeep\n|turn|85\n|\n|t:|1644992185\n|move|p1a: Regieleki|Infestation|p2a: Melmetal\n|-resisted|p2a: Melmetal\n|-damage|p2a: Melmetal|222\/473\n|cant|p2a: Melmetal|partiallytrapped\n|\n|upkeep\n|turn|86\n|\n|t:|1644992191\n|move|p1a: Regieleki|Infestation|p2a: Melmetal\n|-resisted|p2a: Melmetal\n|-damage|p2a: Melmetal|203\/473\n|cant|p2a: Melmetal|partiallytrapped\n|\n|upkeep\n|turn|87\n|\n|t:|1644992194\n|move|p1a: Regieleki|Infestation|p2a: Melmetal\n|-resisted|p2a: Melmetal\n|-damage|p2a: Melmetal|184\/473\n|cant|p2a: Melmetal|partiallytrapped\n|\n|upkeep\n|turn|88\n|\n|t:|1644992195\n|move|p1a: Regieleki|Infestation|p2a: Melmetal\n|-crit|p2a: Melmetal\n|debug|Negating (sp)atk boost\/penalty.\n|debug|Negating (sp)def boost\/penalty.\n|-resisted|p2a: Melmetal\n|-damage|p2a: Melmetal|173\/473\n|cant|p2a: Melmetal|partiallytrapped\n|\n|upkeep\n|turn|89\n|\n|t:|1644992197\n|move|p1a: Regieleki|Infestation|p2a: Melmetal|[miss]\n|-miss|p1a: Regieleki\n|-hint|In Gen 1, moves with 100% accuracy can still miss 1\/256 of the time.\n|move|p2a: Melmetal|Earthquake|p1a: Regieleki\n|-supereffective|p1a: Regieleki\n|-damage|p1a: Regieleki|0 fnt\n|faint|p1a: Regieleki\n|c|\u2606VirginJimmy99|AYYYYYYY\n|c|\u2606CatgirlCopen|lol\n|c|\u2606VirginJimmy99|YEAHHHHHH BABy\n|\n|t:|1644992207\n|switch|p1a: Regieleki|Regieleki|363\/363\n|turn|90\n|\n|t:|1644992217\n|move|p1a: Regieleki|Spore|p2a: Melmetal\n|-status|p2a: Melmetal|slp|[from] move: Spore\n|cant|p2a: Melmetal|slp\n|\n|upkeep\n|turn|91\n|\n|t:|1644992221\n|move|p1a: Regieleki|Shift Gear|p1a: Regieleki\n|-boost|p1a: Regieleki|spe|2\n|-boost|p1a: Regieleki|atk|1\n|cant|p2a: Melmetal|slp\n|\n|upkeep\n|turn|92\n|\n|t:|1644992223\n|move|p1a: Regieleki|Shift Gear|p1a: Regieleki\n|-boost|p1a: Regieleki|spe|2\n|-boost|p1a: Regieleki|atk|1\n|-curestatus|p2a: Melmetal|slp|[msg]\n|\n|upkeep\n|turn|93\n|\n|t:|1644992226\n|move|p1a: Regieleki|Spore|p2a: Melmetal\n|-status|p2a: Melmetal|slp|[from] move: Spore\n|cant|p2a: Melmetal|slp\n|\n|upkeep\n|turn|94\n|\n|t:|1644992228\n|move|p1a: Regieleki|Shift Gear|p1a: Regieleki\n|-boost|p1a: Regieleki|spe|2\n|-boost|p1a: Regieleki|atk|1\n|cant|p2a: Melmetal|slp\n|\n|upkeep\n|turn|95\n|\n|t:|1644992230\n|move|p1a: Regieleki|Shift Gear|p1a: Regieleki\n|-boost|p1a: Regieleki|atk|1\n|cant|p2a: Melmetal|slp\n|\n|upkeep\n|turn|96\n|\n|t:|1644992232\n|move|p1a: Regieleki|Shift Gear|p1a: Regieleki\n|-boost|p1a: Regieleki|atk|1\n|cant|p2a: Melmetal|slp\n|\n|upkeep\n|turn|97\n|\n|t:|1644992234\n|move|p1a: Regieleki|Shift Gear|p1a: Regieleki\n|-boost|p1a: Regieleki|atk|1\n|-curestatus|p2a: Melmetal|slp|[msg]\n|\n|upkeep\n|turn|98\n|\n|t:|1644992236\n|move|p1a: Regieleki|Infestation|p2a: Melmetal\n|-resisted|p2a: Melmetal\n|-damage|p2a: Melmetal|153\/473\n|cant|p2a: Melmetal|partiallytrapped\n|\n|upkeep\n|turn|99\n|\n|t:|1644992240\n|move|p1a: Regieleki|Infestation|p2a: Melmetal\n|-crit|p2a: Melmetal\n|debug|Negating (sp)atk boost\/penalty.\n|debug|Negating (sp)def boost\/penalty.\n|-resisted|p2a: Melmetal\n|-damage|p2a: Melmetal|141\/473\n|cant|p2a: Melmetal|partiallytrapped\n|\n|upkeep\n|turn|100\n|\n|t:|1644992242\n|move|p1a: Regieleki|Infestation|p2a: Melmetal\n|-resisted|p2a: Melmetal\n|-damage|p2a: Melmetal|120\/473\n|cant|p2a: Melmetal|partiallytrapped\n|\n|upkeep\n|turn|101\n|\n|t:|1644992243\n|move|p1a: Regieleki|Infestation|p2a: Melmetal\n|-resisted|p2a: Melmetal\n|-damage|p2a: Melmetal|98\/473\n|cant|p2a: Melmetal|partiallytrapped\n|\n|upkeep\n|turn|102\n|\n|t:|1644992245\n|move|p1a: Regieleki|Infestation|p2a: Melmetal\n|-crit|p2a: Melmetal\n|debug|Negating (sp)atk boost\/penalty.\n|debug|Negating (sp)def boost\/penalty.\n|-resisted|p2a: Melmetal\n|-damage|p2a: Melmetal|86\/473\n|cant|p2a: Melmetal|partiallytrapped\n|\n|upkeep\n|turn|103\n|\n|t:|1644992251\n|move|p1a: Regieleki|Infestation|p2a: Melmetal\n|-resisted|p2a: Melmetal\n|-damage|p2a: Melmetal|65\/473\n|cant|p2a: Melmetal|partiallytrapped\n|\n|upkeep\n|turn|104\n|c|\u2606VirginJimmy99|wait\n|c|\u2606VirginJimmy99|I thought you ran out of PP\n|\n|t:|1644992266\n|move|p1a: Regieleki|Infestation|p2a: Melmetal\n|-resisted|p2a: Melmetal\n|-damage|p2a: Melmetal|44\/473\n|cant|p2a: Melmetal|partiallytrapped\n|\n|upkeep\n|turn|105\n|c|\u2606CatgirlCopen|I have multiple\n|\n|t:|1644992279\n|move|p1a: Regieleki|Infestation|p2a: Melmetal\n|-resisted|p2a: Melmetal\n|-damage|p2a: Melmetal|23\/473\n|cant|p2a: Melmetal|partiallytrapped\n|\n|upkeep\n|turn|106\n|c|\u2606CatgirlCopen|it does not reveal I have more then two though\n|c|\u2606CatgirlCopen|since it is impossible to tell\n|c|\u2606VirginJimmy99|o\n|\n|t:|1644992287\n|move|p1a: Regieleki|Infestation|p2a: Melmetal\n|-resisted|p2a: Melmetal\n|-damage|p2a: Melmetal|2\/473\n|cant|p2a: Melmetal|partiallytrapped\n|\n|upkeep\n|turn|107\n|\n|t:|1644992293\n|move|p1a: Regieleki|Infestation|p2a: Melmetal\n|-resisted|p2a: Melmetal\n|-damage|p2a: Melmetal|0 fnt\n|faint|p2a: Melmetal\n|\n|t:|1644992296\n|switch|p2a: Kyurem|Kyurem|453\/453\n|turn|108\n|\n|t:|1644992300\n|move|p1a: Regieleki|Infestation|p2a: Kyurem\n|-damage|p2a: Kyurem|396\/453\n|cant|p2a: Kyurem|partiallytrapped\n|\n|upkeep\n|turn|109\n|\n|t:|1644992304\n|move|p1a: Regieleki|Infestation|p2a: Kyurem\n|-damage|p2a: Kyurem|336\/453\n|cant|p2a: Kyurem|partiallytrapped\n|\n|upkeep\n|turn|110\n|\n|t:|1644992308\n|move|p1a: Regieleki|Infestation|p2a: Kyurem\n|-damage|p2a: Kyurem|282\/453\n|cant|p2a: Kyurem|partiallytrapped\n|\n|upkeep\n|turn|111\n|\n|t:|1644992311\n|move|p1a: Regieleki|Infestation|p2a: Kyurem\n|-crit|p2a: Kyurem\n|debug|Negating (sp)atk boost\/penalty.\n|debug|Negating (sp)def boost\/penalty.\n|-damage|p2a: Kyurem|250\/453\n|cant|p2a: Kyurem|partiallytrapped\n|\n|upkeep\n|turn|112\n|\n|t:|1644992316\n|move|p1a: Regieleki|Infestation|p2a: Kyurem\n|-damage|p2a: Kyurem|189\/453\n|cant|p2a: Kyurem|partiallytrapped\n|\n|upkeep\n|turn|113\n|\n|t:|1644992318\n|move|p1a: Regieleki|Infestation|p2a: Kyurem\n|-damage|p2a: Kyurem|135\/453\n|cant|p2a: Kyurem|partiallytrapped\n|\n|upkeep\n|turn|114\n|\n|t:|1644992322\n|move|p1a: Regieleki|Infestation|p2a: Kyurem\n|-crit|p2a: Kyurem\n|debug|Negating (sp)atk boost\/penalty.\n|debug|Negating (sp)def boost\/penalty.\n|-damage|p2a: Kyurem|102\/453\n|cant|p2a: Kyurem|partiallytrapped\n|\n|upkeep\n|turn|115\n|\n|t:|1644992324\n|move|p1a: Regieleki|Infestation|p2a: Kyurem\n|-damage|p2a: Kyurem|42\/453\n|cant|p2a: Kyurem|partiallytrapped\n|\n|upkeep\n|turn|116\n|\n|t:|1644992353\n|move|p1a: Regieleki|Infestation|p2a: Kyurem\n|-crit|p2a: Kyurem\n|debug|Negating (sp)atk boost\/penalty.\n|debug|Negating (sp)def boost\/penalty.\n|-damage|p2a: Kyurem|7\/453\n|cant|p2a: Kyurem|partiallytrapped\n|\n|upkeep\n|turn|117\n|c|\u2606CatgirlCopen|are you having fun\n|\n|t:|1644992358\n|move|p1a: Regieleki|Infestation|p2a: Kyurem\n|-crit|p2a: Kyurem\n|debug|Negating (sp)atk boost\/penalty.\n|debug|Negating (sp)def boost\/penalty.\n|-damage|p2a: Kyurem|0 fnt\n|faint|p2a: Kyurem\n|c|\u2606VirginJimmy99|I'm having\n|c|\u2606VirginJimmy99|pain sandwiches\n|\n|t:|1644992375\n|switch|p2a: Hippowdon|Hippowdon|419\/419 slp\n|turn|118\n|c|\u2606VirginJimmy99|in the form of\n|c|\u2606CatgirlCopen|death by one thousand cuts\n|c|\u2606VirginJimmy99|Reginald Electric using infestation\n|\n|t:|1644992389\n|move|p1a: Regieleki|Infestation|p2a: Hippowdon\n|-crit|p2a: Hippowdon\n|debug|Negating (sp)atk boost\/penalty.\n|debug|Negating (sp)def boost\/penalty.\n|-damage|p2a: Hippowdon|390\/419 slp\n|cant|p2a: Hippowdon|slp\n|\n|upkeep\n|turn|119\n|\n|t:|1644992393\n|move|p1a: Regieleki|Infestation|p2a: Hippowdon\n|-damage|p2a: Hippowdon|344\/419 slp\n|-curestatus|p2a: Hippowdon|slp|[msg]\n|\n|upkeep\n|turn|120\n|\n|t:|1644992395\n|move|p1a: Regieleki|Infestation|p2a: Hippowdon\n|-damage|p2a: Hippowdon|297\/419\n|cant|p2a: Hippowdon|partiallytrapped\n|\n|upkeep\n|turn|121\n|\n|t:|1644992400\n|move|p1a: Regieleki|Infestation|p2a: Hippowdon\n|-crit|p2a: Hippowdon\n|debug|Negating (sp)atk boost\/penalty.\n|debug|Negating (sp)def boost\/penalty.\n|-damage|p2a: Hippowdon|269\/419\n|cant|p2a: Hippowdon|partiallytrapped\n|\n|upkeep\n|turn|122\n|\n|t:|1644992403\n|move|p1a: Regieleki|Infestation|p2a: Hippowdon\n|-crit|p2a: Hippowdon\n|debug|Negating (sp)atk boost\/penalty.\n|debug|Negating (sp)def boost\/penalty.\n|-damage|p2a: Hippowdon|242\/419\n|cant|p2a: Hippowdon|partiallytrapped\n|\n|upkeep\n|turn|123\n|\n|t:|1644992404\n|move|p1a: Regieleki|Infestation|p2a: Hippowdon\n|-damage|p2a: Hippowdon|192\/419\n|cant|p2a: Hippowdon|partiallytrapped\n|\n|upkeep\n|turn|124\n|\n|t:|1644992406\n|move|p1a: Regieleki|Infestation|p2a: Hippowdon\n|-damage|p2a: Hippowdon|141\/419\n|cant|p2a: Hippowdon|partiallytrapped\n|\n|upkeep\n|turn|125\n|\n|t:|1644992408\n|move|p1a: Regieleki|Infestation|p2a: Hippowdon\n|-crit|p2a: Hippowdon\n|debug|Negating (sp)atk boost\/penalty.\n|debug|Negating (sp)def boost\/penalty.\n|-damage|p2a: Hippowdon|114\/419\n|cant|p2a: Hippowdon|partiallytrapped\n|\n|upkeep\n|turn|126\n|\n|t:|1644992410\n|move|p1a: Regieleki|Infestation|p2a: Hippowdon\n|-crit|p2a: Hippowdon\n|debug|Negating (sp)atk boost\/penalty.\n|debug|Negating (sp)def boost\/penalty.\n|-damage|p2a: Hippowdon|84\/419\n|cant|p2a: Hippowdon|partiallytrapped\n|\n|upkeep\n|turn|127\n|\n|t:|1644992412\n|move|p1a: Regieleki|Infestation|p2a: Hippowdon\n|-crit|p2a: Hippowdon\n|debug|Negating (sp)atk boost\/penalty.\n|debug|Negating (sp)def boost\/penalty.\n|-damage|p2a: Hippowdon|58\/419\n|cant|p2a: Hippowdon|partiallytrapped\n|\n|upkeep\n|turn|128\n|\n|t:|1644992415\n|move|p1a: Regieleki|Infestation|p2a: Hippowdon\n|-crit|p2a: Hippowdon\n|debug|Negating (sp)atk boost\/penalty.\n|debug|Negating (sp)def boost\/penalty.\n|-damage|p2a: Hippowdon|32\/419\n|cant|p2a: Hippowdon|partiallytrapped\n|\n|upkeep\n|turn|129\n|\n|t:|1644992417\n|move|p1a: Regieleki|Infestation|p2a: Hippowdon\n|-damage|p2a: Hippowdon|0 fnt\n|faint|p2a: Hippowdon\n|\n|win|CatgirlCopen\n|c|\u2606CatgirlCopen|gg\n","uploadtime":1644992422,"views":36,"p1id":"catgirlcopen","p2id":"virginjimmy99","formatid":"gen1customgame","rating":0,"private":0,"password":null}