{"id":"gen1ou-1572437898","p1":"SetsuStsna","p2":"kumala savesta","format":"gen1ou","log":"|j|\u2606SetsuStsna\n|j|\u2606kumala savesta\n|inactive|Battle timer is ON: inactive players will automatically lose when time's up.\n|t:|1652274066\n|gametype|singles\n|player|p1|SetsuStsna|irida|\n|player|p2|kumala savesta|sage-gen2|\n|teamsize|p1|6\n|teamsize|p2|6\n|gen|1\n|tier|[Gen 1] OU\n|rated|Tournament battle\n|rule|Desync Clause Mod: Desyncs changed to move failure.\n|rule|Sleep Clause Mod: Limit one foe put to sleep\n|rule|Freeze Clause Mod: Limit one foe frozen\n|rule|Species Clause: Limit one of each Pok\u00e9mon\n|rule|OHKO Clause: OHKO moves are banned\n|rule|Evasion Moves Clause: Evasion moves are banned\n|rule|Endless Battle Clause: Forcing endless battles is banned\n|rule|HP Percentage Mod: HP is shown in percentages\n|\n|t:|1652274066\n|start\n|switch|p1a: Gengar|Gengar|100\/100\n|switch|p2a: Jynx|Jynx|100\/100\n|turn|1\n|inactive|kumala savesta also wants the timer to be on.\n|\n|t:|1652274074\n|move|p1a: Gengar|Hypnosis|p2a: Jynx|[miss]\n|-miss|p1a: Gengar\n|move|p2a: Jynx|Lovely Kiss|p1a: Gengar\n|-status|p1a: Gengar|slp|[from] move: Lovely Kiss\n|\n|upkeep\n|turn|2\n|c|\u2606SetsuStsna|hf\n|j| pleumboiboi\n|\n|t:|1652274083\n|switch|p1a: Chansey|Chansey|100\/100\n|move|p2a: Jynx|Psychic|p1a: Chansey\n|-damage|p1a: Chansey|86\/100\n|\n|upkeep\n|turn|3\n|\n|t:|1652274088\n|move|p2a: Jynx|Blizzard|p1a: Chansey\n|-damage|p1a: Chansey|67\/100\n|-status|p1a: Chansey|frz\n|cant|p1a: Chansey|frz\n|\n|upkeep\n|turn|4\n|c| pleumboiboi|ah\n|c|\u2606kumala savesta|hf\n|c| pleumboiboi|big rip\n|c|\u2606SetsuStsna|rip the game\n|\n|t:|1652274110\n|switch|p2a: Tauros|Tauros|100\/100\n|switch|p1a: Snorlax|Snorlax|100\/100\n|\n|upkeep\n|turn|5\n|\n|t:|1652274119\n|switch|p2a: Snorlax|Snorlax|100\/100\n|move|p1a: Snorlax|Reflect|p1a: Snorlax\n|-start|p1a: Snorlax|Reflect\n|\n|upkeep\n|turn|6\n|\n|t:|1652274127\n|move|p1a: Snorlax|Body Slam|p2a: Snorlax\n|-damage|p2a: Snorlax|74\/100\n|move|p2a: Snorlax|Reflect|p2a: Snorlax\n|-start|p2a: Snorlax|Reflect\n|\n|upkeep\n|turn|7\n|\n|t:|1652274133\n|move|p1a: Snorlax|Body Slam|p2a: Snorlax\n|-crit|p2a: Snorlax\n|-damage|p2a: Snorlax|21\/100\n|move|p2a: Snorlax|Body Slam|p1a: Snorlax\n|-damage|p1a: Snorlax|87\/100\n|\n|upkeep\n|turn|8\n|c| pleumboiboi|that hurts to watch\n|\n|t:|1652274141\n|switch|p2a: Starmie|Starmie|100\/100\n|move|p1a: Snorlax|Body Slam|p2a: Starmie\n|-damage|p2a: Starmie|67\/100\n|-status|p2a: Starmie|par\n|\n|upkeep\n|turn|9\n|\n|t:|1652274147\n|move|p1a: Snorlax|Body Slam|p2a: Starmie\n|-damage|p2a: Starmie|29\/100 par\n|move|p2a: Starmie|Recover|p2a: Starmie\n|-heal|p2a: Starmie|79\/100 par\n|\n|upkeep\n|turn|10\n|\n|t:|1652274150\n|move|p1a: Snorlax|Body Slam|p2a: Starmie\n|-damage|p2a: Starmie|40\/100 par\n|cant|p2a: Starmie|par\n|\n|upkeep\n|turn|11\n|\n|t:|1652274158\n|move|p1a: Snorlax|Body Slam|p2a: Starmie\n|-damage|p2a: Starmie|5\/100 par\n|move|p2a: Starmie|Thunder Wave|p1a: Snorlax\n|-status|p1a: Snorlax|par\n|\n|upkeep\n|turn|12\n|\n|t:|1652274161\n|cant|p2a: Starmie|par\n|move|p1a: Snorlax|Body Slam|p2a: Starmie\n|-damage|p2a: Starmie|0 fnt\n|faint|p2a: Starmie\n|\n|t:|1652274166\n|switch|p2a: Chansey|Chansey|100\/100\n|turn|13\n|\n|t:|1652274170\n|move|p2a: Chansey|Reflect|p2a: Chansey\n|-start|p2a: Chansey|Reflect\n|cant|p1a: Snorlax|par\n|\n|upkeep\n|turn|14\n|\n|t:|1652274181\n|move|p2a: Chansey|Seismic Toss|p1a: Snorlax\n|-damage|p1a: Snorlax|68\/100 par\n|move|p1a: Snorlax|Rest|p1a: Snorlax\n|-status|p1a: Snorlax|slp|[from] move: Rest\n|-heal|p1a: Snorlax|100\/100 slp|[silent]\n|\n|upkeep\n|turn|15\n|j| Atlhoe\n|\n|t:|1652274187\n|move|p2a: Chansey|Seismic Toss|p1a: Snorlax\n|-damage|p1a: Snorlax|81\/100 slp\n|cant|p1a: Snorlax|slp\n|\n|upkeep\n|turn|16\n|\n|t:|1652274190\n|move|p2a: Chansey|Seismic Toss|p1a: Snorlax\n|-damage|p1a: Snorlax|62\/100 slp\n|-curestatus|p1a: Snorlax|slp|[msg]\n|\n|upkeep\n|turn|17\n|\n|t:|1652274193\n|move|p2a: Chansey|Thunder Wave|p1a: Snorlax\n|-status|p1a: Snorlax|par\n|cant|p1a: Snorlax|par\n|\n|upkeep\n|turn|18\n|\n|t:|1652274202\n|move|p2a: Chansey|Seismic Toss|p1a: Snorlax\n|-damage|p1a: Snorlax|43\/100 par\n|move|p1a: Snorlax|Rest|p1a: Snorlax\n|-status|p1a: Snorlax|slp|[from] move: Rest\n|-heal|p1a: Snorlax|100\/100 slp|[silent]\n|\n|upkeep\n|turn|19\n|\n|t:|1652274208\n|move|p2a: Chansey|Thunder Wave|p1a: Snorlax\n|-fail|p1a: Snorlax\n|cant|p1a: Snorlax|slp\n|\n|upkeep\n|turn|20\n|\n|t:|1652274212\n|move|p2a: Chansey|Seismic Toss|p1a: Snorlax\n|-damage|p1a: Snorlax|81\/100 slp\n|-curestatus|p1a: Snorlax|slp|[msg]\n|\n|upkeep\n|turn|21\n|j| KingSerendipity\n|c| KingSerendipity|seismic war\n|inactive|SetsuStsna has 120 seconds left.\n|\n|t:|1652274247\n|move|p2a: Chansey|Thunder Wave|p1a: Snorlax\n|-status|p1a: Snorlax|par\n|move|p1a: Snorlax|Body Slam|p2a: Chansey\n|-damage|p2a: Chansey|78\/100\n|\n|upkeep\n|turn|22\n|inactive|SetsuStsna has 120 seconds left.\n|\n|t:|1652274257\n|move|p2a: Chansey|Seismic Toss|p1a: Snorlax\n|-damage|p1a: Snorlax|62\/100 par\n|move|p1a: Snorlax|Body Slam|p2a: Chansey\n|-damage|p2a: Chansey|56\/100\n|\n|upkeep\n|turn|23\n|\n|t:|1652274260\n|move|p2a: Chansey|Soft-Boiled|p2a: Chansey\n|-heal|p2a: Chansey|100\/100\n|move|p1a: Snorlax|Rest|p1a: Snorlax\n|-status|p1a: Snorlax|slp|[from] move: Rest\n|-heal|p1a: Snorlax|100\/100 slp|[silent]\n|\n|upkeep\n|turn|24\n|\n|t:|1652274264\n|switch|p2a: Snorlax|Snorlax|21\/100\n|cant|p1a: Snorlax|slp\n|\n|upkeep\n|turn|25\n|\n|t:|1652274269\n|move|p2a: Snorlax|Rest|p2a: Snorlax\n|-status|p2a: Snorlax|slp|[from] move: Rest\n|-heal|p2a: Snorlax|100\/100 slp|[silent]\n|-curestatus|p1a: Snorlax|slp|[msg]\n|\n|upkeep\n|turn|26\n|\n|t:|1652274273\n|switch|p2a: Chansey|Chansey|100\/100\n|move|p1a: Snorlax|Body Slam|p2a: Chansey\n|-damage|p2a: Chansey|60\/100\n|\n|upkeep\n|turn|27\n|\n|t:|1652274286\n|move|p2a: Chansey|Soft-Boiled|p2a: Chansey\n|-heal|p2a: Chansey|100\/100\n|move|p1a: Snorlax|Self-Destruct|p2a: Chansey\n|-damage|p2a: Chansey|0 fnt\n|faint|p2a: Chansey\n|faint|p1a: Snorlax\n|\n|t:|1652274307\n|switch|p2a: Jynx|Jynx|100\/100\n|switch|p1a: Tauros|Tauros|100\/100\n|turn|28\n|\n|t:|1652274314\n|switch|p1a: Chansey|Chansey|67\/100 frz\n|move|p2a: Jynx|Blizzard|p1a: Chansey\n|-crit|p1a: Chansey\n|-damage|p1a: Chansey|31\/100 frz\n|\n|upkeep\n|turn|29\n|\n|t:|1652274318\n|switch|p2a: Snorlax|Snorlax|100\/100 slp\n|cant|p1a: Chansey|frz\n|\n|upkeep\n|turn|30\n|\n|t:|1652274321\n|switch|p1a: Tauros|Tauros|100\/100\n|cant|p2a: Snorlax|slp\n|\n|upkeep\n|turn|31\n|\n|t:|1652274324\n|move|p1a: Tauros|Body Slam|p2a: Snorlax\n|-crit|p2a: Snorlax\n|-damage|p2a: Snorlax|52\/100 slp\n|-curestatus|p2a: Snorlax|slp|[msg]\n|\n|upkeep\n|turn|32\n|c| Atlhoe|wtf is that sprite\n|c| Atlhoe|for tauros\n|\n|t:|1652274358\n|move|p1a: Tauros|Blizzard|p2a: Snorlax\n|-crit|p2a: Snorlax\n|-damage|p2a: Snorlax|14\/100\n|move|p2a: Snorlax|Reflect|p2a: Snorlax\n|-start|p2a: Snorlax|Reflect\n|\n|upkeep\n|turn|33\n|j| pread77\n|\n|t:|1652274379\n|move|p1a: Tauros|Blizzard|p2a: Snorlax\n|-crit|p2a: Snorlax\n|-damage|p2a: Snorlax|0 fnt\n|faint|p2a: Snorlax\n|\n|t:|1652274384\n|switch|p2a: Tauros|Tauros|100\/100\n|turn|34\n|\n|t:|1652274388\n|move|p2a: Tauros|Blizzard|p1a: Tauros\n|-damage|p1a: Tauros|75\/100\n|move|p1a: Tauros|Body Slam|p2a: Tauros\n|-damage|p2a: Tauros|70\/100\n|\n|upkeep\n|turn|35\n|\n|t:|1652274392\n|move|p1a: Tauros|Body Slam|p2a: Tauros\n|-crit|p2a: Tauros\n|-damage|p2a: Tauros|14\/100\n|move|p2a: Tauros|Body Slam|p1a: Tauros\n|-damage|p1a: Tauros|47\/100\n|\n|upkeep\n|turn|36\n|\n|t:|1652274395\n|move|p1a: Tauros|Body Slam|p2a: Tauros\n|-damage|p2a: Tauros|0 fnt\n|faint|p2a: Tauros\n|\n|t:|1652274398\n|switch|p2a: Jynx|Jynx|100\/100\n|turn|37\n|\n|t:|1652274403\n|switch|p1a: Chansey|Chansey|31\/100 frz\n|move|p2a: Jynx|Blizzard|p1a: Chansey\n|-damage|p1a: Chansey|13\/100 frz\n|\n|upkeep\n|turn|38\n|\n|t:|1652274407\n|switch|p2a: Rhydon|Rhydon|100\/100\n|cant|p1a: Chansey|frz\n|\n|upkeep\n|turn|39\n|c| Atlhoe|critdra\n|\n|t:|1652274413\n|cant|p1a: Chansey|frz\n|move|p2a: Rhydon|Substitute|p2a: Rhydon\n|-start|p2a: Rhydon|Substitute\n|-damage|p2a: Rhydon|76\/100\n|\n|upkeep\n|turn|40\n|c| Atlhoe|frzdra\n|\n|t:|1652274417\n|cant|p1a: Chansey|frz\n|move|p2a: Rhydon|Body Slam|p1a: Chansey\n|-damage|p1a: Chansey|0 fnt\n|faint|p1a: Chansey\n|c| Atlhoe|subdra\n|\n|t:|1652274420\n|switch|p1a: Tauros|Tauros|47\/100\n|turn|41\n|\n|t:|1652274423\n|move|p1a: Tauros|Blizzard|p2a: Rhydon\n|-supereffective|p2a: Rhydon\n|-end|p2a: Rhydon|Substitute\n|move|p2a: Rhydon|Earthquake|p1a: Tauros\n|-damage|p1a: Tauros|9\/100\n|\n|upkeep\n|turn|42\n|\n|t:|1652274427\n|switch|p2a: Jynx|Jynx|100\/100\n|move|p1a: Tauros|Blizzard|p2a: Jynx\n|-crit|p2a: Jynx\n|-resisted|p2a: Jynx\n|-damage|p2a: Jynx|76\/100\n|\n|upkeep\n|turn|43\n|\n|t:|1652274431\n|switch|p2a: Rhydon|Rhydon|76\/100\n|move|p1a: Tauros|Body Slam|p2a: Rhydon\n|-crit|p2a: Rhydon\n|-resisted|p2a: Rhydon\n|-damage|p2a: Rhydon|54\/100\n|\n|upkeep\n|turn|44\n|\n|t:|1652274436\n|move|p1a: Tauros|Blizzard|p2a: Rhydon\n|-supereffective|p2a: Rhydon\n|-damage|p2a: Rhydon|0 fnt\n|faint|p2a: Rhydon\n|\n|t:|1652274439\n|switch|p2a: Jynx|Jynx|76\/100\n|turn|45\n|\n|t:|1652274442\n|move|p1a: Tauros|Hyper Beam|p2a: Jynx\n|-damage|p2a: Jynx|0 fnt\n|faint|p2a: Jynx\n|\n|win|SetsuStsna\n|n|\u2606SetsuStsna|setsustsna\n|n|\u2606kumala savesta|kumalasavesta\n|n| pleumboiboi|pleumboiboi\n|n| Atlhoe|atlhoe\n|n| KingSerendipity|kingserendipity\n|n| pread77|pread77\n","uploadtime":1652274443,"views":10,"p1id":"setsustsna","p2id":"kumalasavesta","formatid":"gen1ou","rating":0,"private":0,"password":null}