{"id":"gen1ou-1526446835","p1":"emma","p2":"Sp0oNl0rD","format":"gen1ou","log":"|j|\u2606emma\n|j|\u2606Sp0oNl0rD\n|t:|1646770851\n|gametype|singles\n|player|p1|emma|#emma|\n|player|p2|Sp0oNl0rD|teamrocket|\n|teamsize|p1|6\n|teamsize|p2|6\n|gen|1\n|tier|[Gen 1] OU\n|rated|Tournament battle\n|rule|Desync Clause Mod: Desyncs changed to move failure.\n|rule|Sleep Clause Mod: Limit one foe put to sleep\n|rule|Freeze Clause Mod: Limit one foe frozen\n|rule|Species Clause: Limit one of each Pok\u00e9mon\n|rule|OHKO Clause: OHKO moves are banned\n|rule|Evasion Moves Clause: Evasion moves are banned\n|rule|Endless Battle Clause: Forcing endless battles is banned\n|rule|HP Percentage Mod: HP is shown in percentages\n|\n|t:|1646770851\n|start\n|switch|p1a: Gengar|Gengar|100\/100\n|switch|p2a: Jynx|Jynx|100\/100\n|turn|1\n|inactive|Battle timer is ON: inactive players will automatically lose when time's up. (requested by emma)\n|j| BB-8-NU\n|j| xxxfortnitefanxxx\n|c|\u2606emma|have fun\n|c|\u2606Sp0oNl0rD|u2\n|c|\u2606Sp0oNl0rD|these are my first non-randbat rby games\n|j|+SFG\n|\n|t:|1646770881\n|move|p1a: Gengar|Explosion|p2a: Jynx\n|-damage|p2a: Jynx|0 fnt\n|faint|p2a: Jynx\n|faint|p1a: Gengar\n|c|\u2606emma|epic\n|j| xXCactusB0yXx\n|\n|t:|1646770888\n|switch|p1a: Jynx|Jynx|100\/100\n|switch|p2a: Starmie|Starmie|100\/100\n|turn|2\n|\n|t:|1646770892\n|move|p2a: Starmie|Thunder Wave|p1a: Jynx\n|-status|p1a: Jynx|par\n|move|p1a: Jynx|Lovely Kiss|p2a: Starmie|[miss]\n|-miss|p1a: Jynx\n|\n|upkeep\n|turn|3\n|\n|t:|1646770897\n|move|p2a: Starmie|Thunderbolt|p1a: Jynx\n|-damage|p1a: Jynx|76\/100 par\n|cant|p1a: Jynx|par\n|\n|upkeep\n|turn|4\n|\n|t:|1646770900\n|move|p2a: Starmie|Thunderbolt|p1a: Jynx\n|-damage|p1a: Jynx|53\/100 par\n|move|p1a: Jynx|Lovely Kiss|p2a: Starmie\n|-status|p2a: Starmie|slp|[from] move: Lovely Kiss\n|\n|upkeep\n|turn|5\n|\n|t:|1646770906\n|switch|p2a: Chansey|Chansey|100\/100\n|switch|p1a: Tauros|Tauros|100\/100\n|\n|upkeep\n|turn|6\n|\n|t:|1646770909\n|switch|p1a: Jynx|Jynx|53\/100 par\n|move|p2a: Chansey|Thunder Wave|p1a: Jynx\n|-fail|p1a: Jynx|par\n|\n|upkeep\n|turn|7\n|c|+SFG|it's emma's 2nd game ever, dw\n|\n|t:|1646770913\n|move|p2a: Chansey|Reflect|p2a: Chansey\n|-start|p2a: Chansey|Reflect\n|move|p1a: Jynx|Blizzard|p2a: Chansey\n|-damage|p2a: Chansey|80\/100\n|\n|upkeep\n|turn|8\n|\n|t:|1646770917\n|move|p2a: Chansey|Seismic Toss|p1a: Jynx\n|-damage|p1a: Jynx|23\/100 par\n|move|p1a: Jynx|Counter|p2a: Chansey\n|-damage|p2a: Chansey|52\/100\n|\n|upkeep\n|turn|9\n|\n|t:|1646770925\n|move|p2a: Chansey|Soft-Boiled|p2a: Chansey\n|-heal|p2a: Chansey|100\/100\n|move|p1a: Jynx|Blizzard|p2a: Chansey\n|-damage|p2a: Chansey|81\/100\n|\n|upkeep\n|turn|10\n|\n|t:|1646770928\n|move|p2a: Chansey|Seismic Toss|p1a: Jynx\n|-damage|p1a: Jynx|0 fnt\n|faint|p1a: Jynx\n|\n|t:|1646770933\n|switch|p1a: Exeggutor|Exeggutor|100\/100\n|turn|11\n|\n|t:|1646770938\n|move|p1a: Exeggutor|Stun Spore|p2a: Chansey\n|-status|p2a: Chansey|par\n|move|p2a: Chansey|Soft-Boiled|p2a: Chansey\n|-heal|p2a: Chansey|100\/100 par\n|\n|upkeep\n|turn|12\n|c|\u2606emma|true\n|\n|t:|1646770941\n|move|p1a: Exeggutor|Psychic|p2a: Chansey\n|-damage|p2a: Chansey|85\/100 par\n|move|p2a: Chansey|Thunder Wave|p1a: Exeggutor\n|-status|p1a: Exeggutor|par\n|\n|upkeep\n|turn|13\n|\n|t:|1646770944\n|cant|p1a: Exeggutor|par\n|move|p2a: Chansey|Seismic Toss|p1a: Exeggutor\n|-damage|p1a: Exeggutor|75\/100 par\n|\n|upkeep\n|turn|14\n|\n|t:|1646770946\n|move|p1a: Exeggutor|Psychic|p2a: Chansey\n|-damage|p2a: Chansey|69\/100 par\n|-unboost|p2a: Chansey|spd|1\n|-unboost|p2a: Chansey|spa|1\n|move|p2a: Chansey|Seismic Toss|p1a: Exeggutor\n|-damage|p1a: Exeggutor|50\/100 par\n|\n|upkeep\n|turn|15\n|\n|t:|1646770950\n|switch|p2a: Snorlax|Snorlax|100\/100\n|move|p1a: Exeggutor|Psychic|p2a: Snorlax\n|-damage|p2a: Snorlax|71\/100\n|\n|upkeep\n|turn|16\n|\n|t:|1646770957\n|move|p2a: Snorlax|Reflect|p2a: Snorlax\n|-start|p2a: Snorlax|Reflect\n|move|p1a: Exeggutor|Explosion|p2a: Snorlax\n|-damage|p2a: Snorlax|38\/100\n|faint|p1a: Exeggutor\n|\n|t:|1646770963\n|switch|p1a: Zapdos|Zapdos|100\/100\n|turn|17\n|\n|t:|1646770966\n|move|p1a: Zapdos|Thunderbolt|p2a: Snorlax\n|-crit|p2a: Snorlax\n|-damage|p2a: Snorlax|0 fnt\n|faint|p2a: Snorlax\n|\n|t:|1646770969\n|switch|p2a: Rhydon|Rhydon|100\/100\n|turn|18\n|\n|t:|1646770974\n|switch|p1a: Snorlax|Snorlax|100\/100\n|move|p2a: Rhydon|Substitute|p2a: Rhydon\n|-start|p2a: Rhydon|Substitute\n|-damage|p2a: Rhydon|76\/100\n|\n|upkeep\n|turn|19\n|\n|t:|1646770978\n|move|p2a: Rhydon|Earthquake|p1a: Snorlax\n|-damage|p1a: Snorlax|65\/100\n|move|p1a: Snorlax|Earthquake|p2a: Rhydon\n|-supereffective|p2a: Rhydon\n|-end|p2a: Rhydon|Substitute\n|\n|upkeep\n|turn|20\n|j| Pikablu007\n|l| Pikablu007\n|\n|t:|1646770987\n|switch|p2a: Starmie|Starmie|100\/100 slp\n|move|p1a: Snorlax|Earthquake|p2a: Starmie\n|-damage|p2a: Starmie|72\/100 slp\n|\n|upkeep\n|turn|21\n|\n|t:|1646770993\n|cant|p2a: Starmie|slp\n|move|p1a: Snorlax|Body Slam|p2a: Starmie\n|-damage|p2a: Starmie|33\/100 slp\n|\n|upkeep\n|turn|22\n|j| Adorable_flareon\n|\n|t:|1646770995\n|cant|p2a: Starmie|slp\n|move|p1a: Snorlax|Body Slam|p2a: Starmie\n|-damage|p2a: Starmie|0 fnt\n|faint|p2a: Starmie\n|\n|t:|1646771000\n|switch|p2a: Chansey|Chansey|69\/100 par\n|turn|23\n|\n|t:|1646771010\n|move|p1a: Snorlax|Hyper Beam|p2a: Chansey\n|-damage|p2a: Chansey|0 fnt\n|faint|p2a: Chansey\n|\n|t:|1646771013\n|switch|p2a: Tauros|Tauros|100\/100\n|turn|24\n|\n|t:|1646771015\n|move|p2a: Tauros|Body Slam|p1a: Snorlax\n|-damage|p1a: Snorlax|41\/100\n|move|p1a: Snorlax|Self-Destruct|p2a: Tauros\n|-damage|p2a: Tauros|8\/100\n|faint|p1a: Snorlax\n|\n|t:|1646771023\n|switch|p1a: Tauros|Tauros|100\/100\n|turn|25\n|\n|t:|1646771025\n|move|p1a: Tauros|Body Slam|p2a: Tauros\n|-crit|p2a: Tauros\n|-damage|p2a: Tauros|0 fnt\n|faint|p2a: Tauros\n|\n|t:|1646771026\n|switch|p2a: Rhydon|Rhydon|76\/100\n|turn|26\n|\n|t:|1646771029\n|move|p1a: Tauros|Earthquake|p2a: Rhydon\n|-supereffective|p2a: Rhydon\n|-damage|p2a: Rhydon|44\/100\n|move|p2a: Rhydon|Earthquake|p1a: Tauros\n|-damage|p1a: Tauros|63\/100\n|\n|upkeep\n|turn|27\n|\n|t:|1646771032\n|move|p1a: Tauros|Blizzard|p2a: Rhydon\n|-supereffective|p2a: Rhydon\n|-damage|p2a: Rhydon|0 fnt\n|faint|p2a: Rhydon\n|\n|win|emma\n|n|\u2606emma|emma\n|n|\u2606Sp0oNl0rD|sp0onl0rd\n|n| BB-8-NU|bb8nu\n|n| xxxfortnitefanxxx|xxxfortnitefanxxx\n|n|+SFG|sfg\n|n| xXCactusB0yXx|xxcactusb0yxx\n|n| Adorable_flareon|adorableflareon\n","uploadtime":1646771032,"views":23,"p1id":"emma","p2id":"sp0onl0rd","formatid":"gen1ou","rating":0,"private":0,"password":null}