{"id":"gen1ou-1362182223","p1":"badalakazam","p2":"Pumped Aaron","format":"gen1ou","log":"|j|\u2606badalakazam\n|j|\u2606Pumped Aaron\n|t:|1624209977\n|gametype|singles\n|player|p1|badalakazam|youngster-gen4dp|\n|player|p2|Pumped Aaron|jogger|\n|teamsize|p1|6\n|teamsize|p2|6\n|gen|1\n|tier|[Gen 1] OU\n|rated|Tournament battle\n|rule|Desync Clause Mod: Desyncs changed to move failure.\n|rule|Sleep Clause Mod: Limit one foe put to sleep\n|rule|Freeze Clause Mod: Limit one foe frozen\n|rule|Species Clause: Limit one of each Pok\u00e9mon\n|rule|OHKO Clause: OHKO moves are banned\n|rule|Evasion Moves Clause: Evasion moves are banned\n|rule|Endless Battle Clause: Forcing endless battles is banned\n|rule|HP Percentage Mod: HP is shown in percentages\n|\n|t:|1624209977\n|start\n|switch|p1a: Starmie|Starmie|100\/100\n|switch|p2a: Alakazam|Alakazam|100\/100\n|turn|1\n|c|\u2606Pumped Aaron|Jesus Christ, that last battle took ages\n|c|\u2606badalakazam|gl\n|c|\u2606Pumped Aaron|I assume this one will too\n|c|\u2606Pumped Aaron|gl\n|\n|t:|1624210003\n|switch|p2a: Chansey|Chansey|100\/100\n|switch|p1a: Chansey|Chansey|100\/100\n|\n|upkeep\n|turn|2\n|\n|t:|1624210014\n|switch|p2a: Lapras|Lapras|100\/100\n|move|p1a: Chansey|Thunder Wave|p2a: Lapras\n|-status|p2a: Lapras|par\n|\n|upkeep\n|turn|3\n|\n|t:|1624210041\n|switch|p1a: Snorlax|Snorlax|100\/100\n|switch|p2a: Chansey|Chansey|100\/100\n|\n|upkeep\n|turn|4\n|\n|t:|1624210051\n|switch|p2a: Lapras|Lapras|100\/100 par\n|move|p1a: Snorlax|Body Slam|p2a: Lapras\n|-damage|p2a: Lapras|74\/100 par\n|\n|upkeep\n|turn|5\n|\n|t:|1624210062\n|move|p1a: Snorlax|Body Slam|p2a: Lapras\n|-damage|p2a: Lapras|45\/100 par\n|move|p2a: Lapras|Sing|p1a: Snorlax|[miss]\n|-miss|p2a: Lapras\n|\n|upkeep\n|turn|6\n|\n|t:|1624210074\n|switch|p2a: Snorlax|Snorlax|100\/100\n|move|p1a: Snorlax|Body Slam|p2a: Snorlax\n|-damage|p2a: Snorlax|72\/100\n|\n|upkeep\n|turn|7\n|\n|t:|1624210091\n|switch|p1a: Gengar|Gengar|100\/100\n|move|p2a: Snorlax|Body Slam|p1a: Gengar\n|-immune|p1a: Gengar\n|\n|upkeep\n|turn|8\n|\n|t:|1624210103\n|switch|p2a: Lapras|Lapras|45\/100 par\n|move|p1a: Gengar|Hypnosis|p2a: Lapras|[miss]\n|-miss|p1a: Gengar\n|\n|upkeep\n|turn|9\n|\n|t:|1624210109\n|switch|p2a: Snorlax|Snorlax|72\/100\n|move|p1a: Gengar|Thunderbolt|p2a: Snorlax\n|-damage|p2a: Snorlax|51\/100\n|\n|upkeep\n|turn|10\n|\n|t:|1624210115\n|switch|p2a: Lapras|Lapras|45\/100 par\n|move|p1a: Gengar|Hypnosis|p2a: Lapras|[miss]\n|-miss|p1a: Gengar\n|\n|upkeep\n|turn|11\n|\n|t:|1624210138\n|switch|p2a: Snorlax|Snorlax|51\/100\n|move|p1a: Gengar|Thunderbolt|p2a: Snorlax\n|-damage|p2a: Snorlax|29\/100\n|\n|upkeep\n|turn|12\n|inactive|Battle timer is ON: inactive players will automatically lose when time's up. (requested by badalakazam)\n|\n|t:|1624210195\n|switch|p2a: Chansey|Chansey|100\/100\n|move|p1a: Gengar|Hypnosis|p2a: Chansey\n|-status|p2a: Chansey|slp|[from] move: Hypnosis\n|\n|upkeep\n|turn|13\n|\n|t:|1624210208\n|switch|p1a: Tauros|Tauros|100\/100\n|cant|p2a: Chansey|slp\n|\n|upkeep\n|turn|14\n|\n|t:|1624210215\n|move|p1a: Tauros|Body Slam|p2a: Chansey\n|-crit|p2a: Chansey\n|-damage|p2a: Chansey|27\/100 slp\n|cant|p2a: Chansey|slp\n|\n|upkeep\n|turn|15\n|\n|t:|1624210224\n|switch|p2a: Exeggutor|Exeggutor|100\/100\n|move|p1a: Tauros|Body Slam|p2a: Exeggutor\n|-damage|p2a: Exeggutor|74\/100\n|\n|upkeep\n|turn|16\n|\n|t:|1624210239\n|switch|p1a: Starmie|Starmie|100\/100\n|move|p2a: Exeggutor|Sleep Powder|p1a: Starmie\n|-status|p1a: Starmie|slp|[from] move: Sleep Powder\n|\n|upkeep\n|turn|17\n|\n|t:|1624210247\n|switch|p1a: Chansey|Chansey|100\/100\n|move|p2a: Exeggutor|Psychic|p1a: Chansey\n|-damage|p1a: Chansey|84\/100\n|\n|upkeep\n|turn|18\n|\n|t:|1624210259\n|switch|p2a: Lapras|Lapras|45\/100 par\n|move|p1a: Chansey|Thunderbolt|p2a: Lapras\n|-supereffective|p2a: Lapras\n|-damage|p2a: Lapras|8\/100 par\n|\n|upkeep\n|turn|19\n|\n|t:|1624210269\n|move|p1a: Chansey|Thunderbolt|p2a: Lapras\n|-supereffective|p2a: Lapras\n|-damage|p2a: Lapras|0 fnt\n|faint|p2a: Lapras\n|\n|t:|1624210273\n|switch|p2a: Snorlax|Snorlax|29\/100\n|turn|20\n|inactive|badalakazam has 120 seconds left.\n|\n|t:|1624210310\n|switch|p1a: Exeggutor|Exeggutor|100\/100\n|move|p2a: Snorlax|Earthquake|p1a: Exeggutor\n|-resisted|p1a: Exeggutor\n|-damage|p1a: Exeggutor|89\/100\n|\n|upkeep\n|turn|21\n|inactive|badalakazam has 120 seconds left.\n|inactive|Pumped Aaron has 120 seconds left.\n|\n|t:|1624210353\n|switch|p2a: Chansey|Chansey|27\/100 slp\n|move|p1a: Exeggutor|Psychic|p2a: Chansey\n|-damage|p2a: Chansey|10\/100 slp\n|-unboost|p2a: Chansey|spd|1\n|-unboost|p2a: Chansey|spa|1\n|\n|upkeep\n|turn|22\n|\n|t:|1624210364\n|switch|p2a: Exeggutor|Exeggutor|74\/100\n|move|p1a: Exeggutor|Psychic|p2a: Exeggutor\n|-resisted|p2a: Exeggutor\n|-damage|p2a: Exeggutor|61\/100\n|\n|upkeep\n|turn|23\n|\n|t:|1624210377\n|switch|p1a: Gengar|Gengar|100\/100\n|move|p2a: Exeggutor|Double-Edge|p1a: Gengar\n|-immune|p1a: Gengar\n|\n|upkeep\n|turn|24\n|\n|t:|1624210384\n|move|p1a: Gengar|Night Shade|p2a: Exeggutor\n|-damage|p2a: Exeggutor|35\/100\n|move|p2a: Exeggutor|Psychic|p1a: Gengar\n|-supereffective|p1a: Gengar\n|-damage|p1a: Gengar|37\/100\n|-unboost|p1a: Gengar|spd|1\n|-unboost|p1a: Gengar|spa|1\n|\n|upkeep\n|turn|25\n|inactive|Pumped Aaron has 120 seconds left.\n|\n|t:|1624210401\n|switch|p1a: Starmie|Starmie|100\/100 slp\n|move|p2a: Exeggutor|Psychic|p1a: Starmie\n|-resisted|p1a: Starmie\n|-damage|p1a: Starmie|80\/100 slp\n|-unboost|p1a: Starmie|spd|1\n|-unboost|p1a: Starmie|spa|1\n|\n|upkeep\n|turn|26\n|inactive|Pumped Aaron has 120 seconds left.\n|\n|t:|1624210412\n|switch|p1a: Exeggutor|Exeggutor|89\/100\n|move|p2a: Exeggutor|Psychic|p1a: Exeggutor\n|-resisted|p1a: Exeggutor\n|-damage|p1a: Exeggutor|75\/100\n|-unboost|p1a: Exeggutor|spd|1\n|-unboost|p1a: Exeggutor|spa|1\n|\n|upkeep\n|turn|27\n|inactive|Pumped Aaron has 120 seconds left.\n|\n|t:|1624210429\n|switch|p2a: Alakazam|Alakazam|100\/100\n|switch|p1a: Starmie|Starmie|80\/100 slp\n|\n|upkeep\n|turn|28\n|inactive|Pumped Aaron has 120 seconds left.\n|\n|t:|1624210437\n|move|p2a: Alakazam|Psychic|p1a: Starmie\n|-resisted|p1a: Starmie\n|-damage|p1a: Starmie|61\/100 slp\n|-unboost|p1a: Starmie|spd|1\n|-unboost|p1a: Starmie|spa|1\n|cant|p1a: Starmie|slp\n|\n|upkeep\n|turn|29\n|\n|t:|1624210443\n|switch|p1a: Chansey|Chansey|84\/100\n|move|p2a: Alakazam|Psychic|p1a: Chansey\n|-damage|p1a: Chansey|66\/100\n|\n|upkeep\n|turn|30\n|\n|t:|1624210449\n|switch|p2a: Exeggutor|Exeggutor|35\/100\n|move|p1a: Chansey|Soft-Boiled|p1a: Chansey\n|-heal|p1a: Chansey|100\/100\n|\n|upkeep\n|turn|31\n|\n|t:|1624210456\n|switch|p1a: Starmie|Starmie|61\/100 slp\n|move|p2a: Exeggutor|Psychic|p1a: Starmie\n|-resisted|p1a: Starmie\n|-damage|p1a: Starmie|41\/100 slp\n|\n|upkeep\n|turn|32\n|\n|t:|1624210461\n|cant|p1a: Starmie|slp\n|move|p2a: Exeggutor|Psychic|p1a: Starmie\n|-crit|p1a: Starmie\n|-resisted|p1a: Starmie\n|-damage|p1a: Starmie|2\/100 slp\n|-unboost|p1a: Starmie|spd|1\n|-unboost|p1a: Starmie|spa|1\n|\n|upkeep\n|turn|33\n|\n|t:|1624210468\n|cant|p1a: Starmie|slp\n|move|p2a: Exeggutor|Psychic|p1a: Starmie\n|-resisted|p1a: Starmie\n|-damage|p1a: Starmie|0 fnt\n|faint|p1a: Starmie\n|\n|t:|1624210478\n|switch|p1a: Exeggutor|Exeggutor|75\/100\n|turn|34\n|\n|t:|1624210494\n|move|p2a: Exeggutor|Explosion|p1a: Exeggutor\n|-damage|p1a: Exeggutor|0 fnt\n|faint|p1a: Exeggutor\n|faint|p2a: Exeggutor\n|inactive|Pumped Aaron has 120 seconds left.\n|\n|t:|1624210531\n|switch|p2a: Alakazam|Alakazam|100\/100\n|switch|p1a: Tauros|Tauros|100\/100\n|turn|35\n|inactive|Pumped Aaron has 120 seconds left.\n|\n|t:|1624210540\n|switch|p1a: Chansey|Chansey|100\/100\n|move|p2a: Alakazam|Thunder Wave|p1a: Chansey\n|-status|p1a: Chansey|par\n|\n|upkeep\n|turn|36\n|\n|t:|1624210548\n|switch|p2a: Snorlax|Snorlax|29\/100\n|move|p1a: Chansey|Thunder Wave|p2a: Snorlax\n|-status|p2a: Snorlax|par\n|\n|upkeep\n|turn|37\n|\n|t:|1624210554\n|switch|p1a: Tauros|Tauros|100\/100\n|move|p2a: Snorlax|Earthquake|p1a: Tauros\n|-damage|p1a: Tauros|76\/100\n|\n|upkeep\n|turn|38\n|\n|t:|1624210567\n|move|p1a: Tauros|Body Slam|p2a: Snorlax\n|-damage|p2a: Snorlax|2\/100 par\n|cant|p2a: Snorlax|par\n|\n|upkeep\n|turn|39\n|\n|t:|1624210572\n|move|p1a: Tauros|Body Slam|p2a: Snorlax\n|-damage|p2a: Snorlax|0 fnt\n|faint|p2a: Snorlax\n|\n|t:|1624210583\n|switch|p2a: Machamp|Machamp|100\/100\n|turn|40\n|\n|t:|1624210605\n|switch|p2a: Alakazam|Alakazam|100\/100\n|move|p1a: Tauros|Body Slam|p2a: Alakazam\n|-damage|p2a: Alakazam|51\/100\n|-status|p2a: Alakazam|par\n|\n|upkeep\n|turn|41\n|\n|t:|1624210621\n|move|p1a: Tauros|Body Slam|p2a: Alakazam\n|-damage|p2a: Alakazam|0 fnt\n|faint|p2a: Alakazam\n|\n|t:|1624210624\n|switch|p2a: Machamp|Machamp|100\/100\n|turn|42\n|\n|t:|1624210630\n|move|p1a: Tauros|Body Slam|p2a: Machamp\n|-damage|p2a: Machamp|69\/100\n|move|p2a: Machamp|Submission|p1a: Tauros|[miss]\n|-miss|p2a: Machamp\n|\n|upkeep\n|turn|43\n|\n|t:|1624210639\n|move|p1a: Tauros|Body Slam|p2a: Machamp\n|-damage|p2a: Machamp|38\/100\n|move|p2a: Machamp|Submission|p1a: Tauros|[miss]\n|-miss|p2a: Machamp\n|\n|upkeep\n|turn|44\n|\n|t:|1624210648\n|switch|p2a: Chansey|Chansey|10\/100 slp\n|move|p1a: Tauros|Body Slam|p2a: Chansey\n|-damage|p2a: Chansey|0 fnt\n|faint|p2a: Chansey\n|\n|t:|1624210650\n|switch|p2a: Machamp|Machamp|38\/100\n|turn|45\n|\n|t:|1624210654\n|move|p1a: Tauros|Hyper Beam|p2a: Machamp\n|-damage|p2a: Machamp|0 fnt\n|faint|p2a: Machamp\n|\n|win|badalakazam\n|n|\u2606badalakazam|badalakazam\n|n|\u2606Pumped Aaron|pumpedaaron\n|c|\u2606Pumped Aaron|gg\n|l|\u2606Pumped Aaron\n|c|\u2606badalakazam|gg\n","uploadtime":1624211274,"views":5,"p1id":"badalakazam","p2id":"pumpedaaron","formatid":"gen1ou","rating":0,"private":0,"password":null}