{"id":"gen1ou-1623639937","p1":"LOU DORT","p2":"eelektrik funeral","format":"gen1ou","log":"|j|\u2606LOU DORT\n|j|\u2606eelektrik funeral\n|inactive|Battle timer is ON: inactive players will automatically lose when time's up.\n|t:|1658600277\n|gametype|singles\n|player|p1|LOU DORT|266|\n|player|p2|eelektrik funeral|workerice|\n|teamsize|p1|6\n|teamsize|p2|6\n|gen|1\n|tier|[Gen 1] OU\n|rated|Tournament battle\n|rule|Desync Clause Mod: Desyncs changed to move failure.\n|rule|Sleep Clause Mod: Limit one foe put to sleep\n|rule|Freeze Clause Mod: Limit one foe frozen\n|rule|Species Clause: Limit one of each Pok\u00e9mon\n|rule|OHKO Clause: OHKO moves are banned\n|rule|Evasion Moves Clause: Evasion moves are banned\n|rule|Endless Battle Clause: Forcing endless battles is banned\n|rule|HP Percentage Mod: HP is shown in percentages\n|\n|t:|1658600277\n|start\n|switch|p1a: Starmie|Starmie|100\/100\n|switch|p2a: Jynx|Jynx|100\/100\n|turn|1\n|inactive|LOU DORT also wants the timer to be on.\n|j| LECH24\n|j| BT89@!\n|l| LECH24\n|l| BT89\n|j| pzoa\n|inactive|eelektrik funeral has 120 seconds left.\n|\n|t:|1658600310\n|move|p1a: Starmie|Thunder Wave|p2a: Jynx\n|-status|p2a: Jynx|par\n|cant|p2a: Jynx|par\n|\n|upkeep\n|turn|2\n|j| HZolomon\n|\n|t:|1658600323\n|move|p1a: Starmie|Thunderbolt|p2a: Jynx\n|-damage|p2a: Jynx|77\/100 par\n|move|p2a: Jynx|Lovely Kiss|p1a: Starmie\n|-status|p1a: Starmie|slp|[from] move: Lovely Kiss\n|\n|upkeep\n|turn|3\n|j| BT89@!\n|inactive|eelektrik funeral has 120 seconds left.\n|l| BT89\n|\n|t:|1658600363\n|switch|p1a: Snorlax|Snorlax|100\/100\n|move|p2a: Jynx|Rest|p2a: Jynx\n|-status|p2a: Jynx|slp|[from] move: Rest\n|-heal|p2a: Jynx|100\/100 slp|[silent]\n|\n|upkeep\n|turn|4\n|inactive|eelektrik funeral has 120 seconds left.\n|\n|t:|1658600371\n|switch|p2a: Chansey|Chansey|100\/100\n|move|p1a: Snorlax|Body Slam|p2a: Chansey\n|-damage|p2a: Chansey|60\/100\n|\n|upkeep\n|turn|5\n|\n|t:|1658600378\n|move|p2a: Chansey|Soft-Boiled|p2a: Chansey\n|-heal|p2a: Chansey|100\/100\n|move|p1a: Snorlax|Hyper Beam|p2a: Chansey\n|-damage|p2a: Chansey|30\/100\n|-mustrecharge|p1a: Snorlax\n|\n|upkeep\n|turn|6\n|\n|t:|1658600385\n|move|p2a: Chansey|Soft-Boiled|p2a: Chansey\n|-heal|p2a: Chansey|80\/100\n|cant|p1a: Snorlax|recharge\n|\n|upkeep\n|turn|7\n|j| BT89@!\n|l| BT89\n|j| TheNewBrends11@!\n|\n|t:|1658600401\n|move|p2a: Chansey|Soft-Boiled|p2a: Chansey\n|-heal|p2a: Chansey|100\/100\n|move|p1a: Snorlax|Body Slam|p2a: Chansey\n|-damage|p2a: Chansey|56\/100\n|\n|upkeep\n|turn|8\n|\n|t:|1658600412\n|move|p1a: Snorlax|Body Slam|p2a: Chansey\n|-damage|p2a: Chansey|16\/100\n|move|p2a: Chansey|Counter|p1a: Snorlax\n|-damage|p1a: Snorlax|0 fnt\n|faint|p1a: Snorlax\n|l| HZolomon\n|\n|t:|1658600430\n|switch|p1a: Tauros|Tauros|100\/100\n|turn|9\n|j| Lacksatives\n|\n|t:|1658600449\n|switch|p2a: Tauros|Tauros|100\/100\n|move|p1a: Tauros|Body Slam|p2a: Tauros\n|-damage|p2a: Tauros|70\/100\n|\n|upkeep\n|turn|10\n|\n|t:|1658600454\n|move|p2a: Tauros|Body Slam|p1a: Tauros\n|-damage|p1a: Tauros|73\/100\n|move|p1a: Tauros|Body Slam|p2a: Tauros\n|-damage|p2a: Tauros|40\/100\n|\n|upkeep\n|turn|11\n|\n|t:|1658600464\n|move|p1a: Tauros|Body Slam|p2a: Tauros\n|-crit|p2a: Tauros\n|-damage|p2a: Tauros|0 fnt\n|faint|p2a: Tauros\n|c| Lacksatives|I forgot I had bw sprites on for old gens and thought this was randbats lol\n|\n|t:|1658600470\n|switch|p2a: Snorlax|Snorlax|100\/100\n|turn|12\n|c|\u2606LOU DORT|i forgot that was a setting\n|\n|t:|1658600489\n|switch|p1a: Cloyster|Cloyster|100\/100\n|move|p2a: Snorlax|Reflect|p2a: Snorlax\n|-start|p2a: Snorlax|Reflect\n|\n|upkeep\n|turn|13\n|c| pzoa|honestly based\n|c|\u2606LOU DORT|it looks really ugly\n|\n|t:|1658600500\n|switch|p2a: Starmie|Starmie|100\/100\n|move|p1a: Cloyster|Clamp|p2a: Starmie\n|-resisted|p2a: Starmie\n|-damage|p2a: Starmie|95\/100\n|\n|upkeep\n|turn|14\n|c|\u2606LOU DORT|i like the older sprites\n|\n|t:|1658600505\n|cant|p2a: Starmie|partiallytrapped\n|move|p1a: Cloyster|Clamp|p2a: Starmie|[from]Clamp\n|-damage|p2a: Starmie|89\/100\n|\n|upkeep\n|turn|15\n|c| Lacksatives|Dude yeah bw sprites is fucking baller\n|c| pzoa|clamp is so funny lol\n|c|\u2606LOU DORT|i meant the gen 1 sprites\n|\n|t:|1658600531\n|switch|p1a: Chansey|Chansey|100\/100\n|move|p2a: Starmie|Recover|p2a: Starmie\n|-heal|p2a: Starmie|100\/100\n|\n|upkeep\n|turn|16\n|j| BT89@!\n|l| BT89\n|\n|t:|1658600543\n|switch|p2a: Rhydon|Rhydon|100\/100\n|move|p1a: Chansey|Thunder Wave|p2a: Rhydon\n|-immune|p2a: Rhydon\n|\n|upkeep\n|turn|17\n|j| pokewile\n|inactive|LOU DORT has 120 seconds left.\n|\n|t:|1658600578\n|move|p1a: Chansey|Ice Beam|p2a: Rhydon\n|-supereffective|p2a: Rhydon\n|-damage|p2a: Rhydon|39\/100\n|move|p2a: Rhydon|Earthquake|p1a: Chansey\n|-crit|p1a: Chansey\n|-damage|p1a: Chansey|0 fnt\n|faint|p1a: Chansey\n|c| pzoa|OOF\n|c|\u2606eelektrik funeral|damn\n|\n|t:|1658600601\n|switch|p1a: Alakazam|Alakazam|100\/100\n|turn|18\n|\n|t:|1658600606\n|switch|p2a: Jynx|Jynx|100\/100 slp\n|move|p1a: Alakazam|Psychic|p2a: Jynx\n|-resisted|p2a: Jynx\n|-damage|p2a: Jynx|81\/100 slp\n|-unboost|p2a: Jynx|spd|1\n|-unboost|p2a: Jynx|spa|1\n|\n|upkeep\n|turn|19\n|\n|t:|1658600613\n|switch|p2a: Starmie|Starmie|100\/100\n|move|p1a: Alakazam|Seismic Toss|p2a: Starmie\n|-damage|p2a: Starmie|70\/100\n|\n|upkeep\n|turn|20\n|\n|t:|1658600618\n|move|p1a: Alakazam|Psychic|p2a: Starmie\n|-resisted|p2a: Starmie\n|-damage|p2a: Starmie|49\/100\n|move|p2a: Starmie|Light Screen|p2a: Starmie\n|-start|p2a: Starmie|Light Screen\n|\n|upkeep\n|turn|21\n|\n|t:|1658600622\n|move|p1a: Alakazam|Thunder Wave|p2a: Starmie\n|-status|p2a: Starmie|par\n|move|p2a: Starmie|Recover|p2a: Starmie\n|-heal|p2a: Starmie|99\/100 par\n|\n|upkeep\n|turn|22\n|\n|t:|1658600626\n|switch|p1a: Starmie|Starmie|100\/100 slp\n|move|p2a: Starmie|Blizzard|p1a: Starmie\n|-resisted|p1a: Starmie\n|-damage|p1a: Starmie|85\/100 slp\n|\n|upkeep\n|turn|23\n|\n|t:|1658600630\n|cant|p1a: Starmie|slp\n|move|p2a: Starmie|Thunderbolt|p1a: Starmie\n|-crit|p1a: Starmie\n|-supereffective|p1a: Starmie\n|-damage|p1a: Starmie|0 fnt\n|faint|p1a: Starmie\n|\n|t:|1658600640\n|switch|p1a: Tauros|Tauros|73\/100\n|turn|24\n|\n|t:|1658600664\n|move|p1a: Tauros|Body Slam|p2a: Starmie\n|-damage|p2a: Starmie|62\/100 par\n|move|p2a: Starmie|Blizzard|p1a: Tauros|[miss]\n|-miss|p2a: Starmie\n|\n|upkeep\n|turn|25\n|\n|t:|1658600678\n|switch|p2a: Chansey|Chansey|16\/100\n|move|p1a: Tauros|Body Slam|p2a: Chansey\n|-damage|p2a: Chansey|0 fnt\n|faint|p2a: Chansey\n|\n|t:|1658600684\n|switch|p2a: Snorlax|Snorlax|100\/100\n|turn|26\n|\n|t:|1658600687\n|switch|p1a: Cloyster|Cloyster|100\/100\n|move|p2a: Snorlax|Reflect|p2a: Snorlax\n|-start|p2a: Snorlax|Reflect\n|\n|upkeep\n|turn|27\n|\n|t:|1658600693\n|switch|p2a: Jynx|Jynx|81\/100 slp\n|move|p1a: Cloyster|Clamp|p2a: Jynx\n|-damage|p2a: Jynx|70\/100 slp\n|\n|upkeep\n|turn|28\n|\n|t:|1658600703\n|cant|p2a: Jynx|slp\n|move|p1a: Cloyster|Clamp|p2a: Jynx|[from]Clamp\n|-damage|p2a: Jynx|59\/100 slp\n|\n|upkeep\n|turn|29\n|\n|t:|1658600712\n|-curestatus|p2a: Jynx|slp|[msg]\n|move|p1a: Cloyster|Clamp|p2a: Jynx|[from]Clamp\n|-damage|p2a: Jynx|48\/100\n|\n|upkeep\n|turn|30\n|\n|t:|1658600716\n|move|p2a: Jynx|Rest|p2a: Jynx\n|-status|p2a: Jynx|slp|[from] move: Rest\n|-heal|p2a: Jynx|100\/100 slp|[silent]\n|move|p1a: Cloyster|Explosion|p2a: Jynx\n|-damage|p2a: Jynx|0 fnt\n|faint|p2a: Jynx\n|faint|p1a: Cloyster\n|\n|t:|1658600721\n|switch|p2a: Snorlax|Snorlax|100\/100\n|switch|p1a: Alakazam|Alakazam|100\/100\n|turn|31\n|\n|t:|1658600726\n|switch|p2a: Starmie|Starmie|62\/100 par\n|move|p1a: Alakazam|Thunder Wave|p2a: Starmie\n|-fail|p2a: Starmie|par\n|\n|upkeep\n|turn|32\n|\n|t:|1658600730\n|move|p1a: Alakazam|Seismic Toss|p2a: Starmie\n|-damage|p2a: Starmie|31\/100 par\n|cant|p2a: Starmie|par\n|\n|upkeep\n|turn|33\n|\n|t:|1658600733\n|move|p1a: Alakazam|Seismic Toss|p2a: Starmie\n|-damage|p2a: Starmie|0 fnt\n|faint|p2a: Starmie\n|\n|t:|1658600737\n|switch|p2a: Snorlax|Snorlax|100\/100\n|turn|34\n|\n|t:|1658600739\n|move|p1a: Alakazam|Thunder Wave|p2a: Snorlax\n|-status|p2a: Snorlax|par\n|move|p2a: Snorlax|Body Slam|p1a: Alakazam\n|-damage|p1a: Alakazam|48\/100\n|-status|p1a: Alakazam|par\n|\n|upkeep\n|turn|35\n|c|\u2606LOU DORT|nice\n|\n|t:|1658600746\n|move|p1a: Alakazam|Psychic|p2a: Snorlax\n|-damage|p2a: Snorlax|66\/100 par\n|move|p2a: Snorlax|Reflect|p2a: Snorlax\n|-start|p2a: Snorlax|Reflect\n|\n|upkeep\n|turn|36\n|\n|t:|1658600750\n|move|p1a: Alakazam|Recover|p1a: Alakazam\n|-heal|p1a: Alakazam|98\/100 par\n|move|p2a: Snorlax|Body Slam|p1a: Alakazam\n|-damage|p1a: Alakazam|40\/100 par\n|\n|upkeep\n|turn|37\n|\n|t:|1658600754\n|move|p1a: Alakazam|Recover|p1a: Alakazam\n|-heal|p1a: Alakazam|90\/100 par\n|move|p2a: Snorlax|Body Slam|p1a: Alakazam\n|-damage|p1a: Alakazam|39\/100 par\n|\n|upkeep\n|turn|38\n|\n|t:|1658600762\n|cant|p1a: Alakazam|par\n|cant|p2a: Snorlax|par\n|\n|upkeep\n|turn|39\n|\n|t:|1658600764\n|move|p1a: Alakazam|Recover|p1a: Alakazam\n|-heal|p1a: Alakazam|89\/100 par\n|move|p2a: Snorlax|Body Slam|p1a: Alakazam\n|-damage|p1a: Alakazam|32\/100 par\n|\n|upkeep\n|turn|40\n|\n|t:|1658600773\n|move|p1a: Alakazam|Psychic|p2a: Snorlax\n|-damage|p2a: Snorlax|33\/100 par\n|cant|p2a: Snorlax|par\n|\n|upkeep\n|turn|41\n|\n|t:|1658600778\n|move|p1a: Alakazam|Psychic|p2a: Snorlax\n|-damage|p2a: Snorlax|0 fnt\n|faint|p2a: Snorlax\n|\n|t:|1658600782\n|switch|p2a: Rhydon|Rhydon|39\/100\n|turn|42\n|c|\u2606LOU DORT|gg\n|\n|t:|1658600790\n|move|p2a: Rhydon|Substitute|p2a: Rhydon\n|-start|p2a: Rhydon|Substitute\n|-damage|p2a: Rhydon|14\/100\n|move|p1a: Alakazam|Psychic|p2a: Rhydon\n|-end|p2a: Rhydon|Substitute\n|\n|upkeep\n|turn|43\n|c| pzoa|e\n|\n|t:|1658600796\n|move|p2a: Rhydon|Earthquake|p1a: Alakazam\n|-damage|p1a: Alakazam|0 fnt\n|faint|p1a: Alakazam\n|c|\u2606eelektrik funeral|gg\n|\n|t:|1658600800\n|switch|p1a: Tauros|Tauros|73\/100\n|turn|44\n|j| thekookietitan\n|inactive|LOU DORT has 120 seconds left.\n|c|\u2606eelektrik funeral|could\u2019ve rested with lax i realize\n|\n|t:|1658600838\n|move|p1a: Tauros|Blizzard|p2a: Rhydon\n|-crit|p2a: Rhydon\n|-supereffective|p2a: Rhydon\n|-damage|p2a: Rhydon|0 fnt\n|faint|p2a: Rhydon\n|\n|win|LOU DORT\n|n|\u2606LOU DORT|loudort\n|n|\u2606eelektrik funeral|eelektrikfuneral\n|n| pzoa|pzoa\n|n| TheNewBrends11@!|thenewbrends11\n|n| Lacksatives|lacksatives\n|n| pokewile|pokewile\n|n| thekookietitan|thekookietitan\n|l| pzoa\n|l|\u2606eelektrik funeral\n|c|\u2606LOU DORT|nice my opponent is scouting too\n|l|\u2606LOU DORT\n|l| Lacksatives\n","uploadtime":1658601237,"views":2,"p1id":"loudort","p2id":"eelektrikfuneral","formatid":"gen1ou","rating":0,"private":0,"password":null}