{"id":"gen1ou-1362170617","p1":"badalakazam","p2":"Megatrainer19","format":"gen1ou","log":"|j|\u2606badalakazam\n|j|\u2606Megatrainer19\n|t:|1624208546\n|gametype|singles\n|player|p1|badalakazam|youngster-gen4dp|\n|player|p2|Megatrainer19|dawn|\n|teamsize|p1|6\n|teamsize|p2|6\n|gen|1\n|tier|[Gen 1] OU\n|rated|Tournament battle\n|rule|Desync Clause Mod: Desyncs changed to move failure.\n|rule|Sleep Clause Mod: Limit one foe put to sleep\n|rule|Freeze Clause Mod: Limit one foe frozen\n|rule|Species Clause: Limit one of each Pok\u00e9mon\n|rule|OHKO Clause: OHKO moves are banned\n|rule|Evasion Moves Clause: Evasion moves are banned\n|rule|Endless Battle Clause: Forcing endless battles is banned\n|rule|HP Percentage Mod: HP is shown in percentages\n|\n|t:|1624208546\n|start\n|switch|p1a: Exeggutor|Exeggutor|100\/100\n|switch|p2a: Starmie|Starmie|100\/100\n|turn|1\n|\n|t:|1624208562\n|switch|p1a: Chansey|Chansey|100\/100\n|move|p2a: Starmie|Blizzard|p1a: Chansey\n|-damage|p1a: Chansey|89\/100\n|\n|upkeep\n|turn|2\n|inactive|Battle timer is ON: inactive players will automatically lose when time's up. (requested by badalakazam)\n|\n|t:|1624208572\n|move|p2a: Starmie|Thunder Wave|p1a: Chansey\n|-status|p1a: Chansey|par\n|move|p1a: Chansey|Thunder Wave|p2a: Starmie\n|-status|p2a: Starmie|par\n|\n|upkeep\n|turn|3\n|\n|t:|1624208584\n|switch|p2a: Rhydon|Rhydon|100\/100\n|move|p1a: Chansey|Ice Beam|p2a: Rhydon\n|-supereffective|p2a: Rhydon\n|-damage|p2a: Rhydon|41\/100\n|\n|upkeep\n|turn|4\n|\n|t:|1624208591\n|switch|p1a: Exeggutor|Exeggutor|100\/100\n|move|p2a: Rhydon|Substitute|p2a: Rhydon\n|-start|p2a: Rhydon|Substitute\n|-damage|p2a: Rhydon|16\/100\n|\n|upkeep\n|turn|5\n|\n|t:|1624208596\n|move|p1a: Exeggutor|Psychic|p2a: Rhydon\n|-end|p2a: Rhydon|Substitute\n|move|p2a: Rhydon|Body Slam|p1a: Exeggutor\n|-damage|p1a: Exeggutor|79\/100\n|\n|upkeep\n|turn|6\n|\n|t:|1624208603\n|move|p1a: Exeggutor|Psychic|p2a: Rhydon\n|-damage|p2a: Rhydon|0 fnt\n|faint|p2a: Rhydon\n|\n|t:|1624208608\n|switch|p2a: Starmie|Starmie|100\/100 par\n|turn|7\n|\n|t:|1624208611\n|switch|p1a: Chansey|Chansey|89\/100 par\n|move|p2a: Starmie|Blizzard|p1a: Chansey\n|-damage|p1a: Chansey|77\/100 par\n|\n|upkeep\n|turn|8\n|\n|t:|1624208620\n|move|p2a: Starmie|Psychic|p1a: Chansey\n|-damage|p1a: Chansey|61\/100 par\n|move|p1a: Chansey|Ice Beam|p2a: Starmie\n|-resisted|p2a: Starmie\n|-damage|p2a: Starmie|88\/100 par\n|\n|upkeep\n|turn|9\n|\n|t:|1624208627\n|move|p2a: Starmie|Psychic|p1a: Chansey\n|-damage|p1a: Chansey|46\/100 par\n|-unboost|p1a: Chansey|spd|1\n|-unboost|p1a: Chansey|spa|1\n|move|p1a: Chansey|Soft-Boiled|p1a: Chansey\n|-heal|p1a: Chansey|96\/100 par\n|\n|upkeep\n|turn|10\n|\n|t:|1624208634\n|switch|p1a: Starmie|Starmie|100\/100\n|move|p2a: Starmie|Psychic|p1a: Starmie\n|-resisted|p1a: Starmie\n|-damage|p1a: Starmie|83\/100\n|\n|upkeep\n|turn|11\n|\n|t:|1624208640\n|switch|p1a: Chansey|Chansey|96\/100 par\n|cant|p2a: Starmie|par\n|\n|upkeep\n|turn|12\n|\n|t:|1624208644\n|cant|p2a: Starmie|par\n|move|p1a: Chansey|Ice Beam|p2a: Starmie\n|-resisted|p2a: Starmie\n|-damage|p2a: Starmie|77\/100 par\n|\n|upkeep\n|turn|13\n|\n|t:|1624208663\n|switch|p1a: Starmie|Starmie|83\/100\n|move|p2a: Starmie|Psychic|p1a: Starmie\n|-resisted|p1a: Starmie\n|-damage|p1a: Starmie|67\/100\n|\n|upkeep\n|turn|14\n|\n|t:|1624208669\n|move|p1a: Starmie|Thunderbolt|p2a: Starmie\n|-supereffective|p2a: Starmie\n|-damage|p2a: Starmie|30\/100 par\n|move|p2a: Starmie|Blizzard|p1a: Starmie\n|-resisted|p1a: Starmie\n|-damage|p1a: Starmie|53\/100\n|\n|upkeep\n|turn|15\n|\n|t:|1624208678\n|switch|p2a: Exeggutor|Exeggutor|100\/100\n|move|p1a: Starmie|Recover|p1a: Starmie\n|-heal|p1a: Starmie|100\/100\n|\n|upkeep\n|turn|16\n|\n|t:|1624208694\n|move|p1a: Starmie|Blizzard|p2a: Exeggutor|[miss]\n|-miss|p1a: Starmie\n|move|p2a: Exeggutor|Double-Edge|p1a: Starmie\n|-damage|p1a: Starmie|75\/100\n|-damage|p2a: Exeggutor|95\/100|[from] Recoil|[of] p1a: Starmie\n|\n|upkeep\n|turn|17\n|\n|t:|1624208703\n|switch|p2a: Chansey|Chansey|100\/100\n|move|p1a: Starmie|Blizzard|p2a: Chansey\n|-damage|p2a: Chansey|88\/100\n|\n|upkeep\n|turn|18\n|\n|t:|1624208729\n|switch|p1a: Chansey|Chansey|96\/100 par\n|move|p2a: Chansey|Ice Beam|p1a: Chansey\n|-damage|p1a: Chansey|86\/100 par\n|\n|upkeep\n|turn|19\n|\n|t:|1624208744\n|move|p2a: Chansey|Ice Beam|p1a: Chansey\n|-damage|p1a: Chansey|75\/100 par\n|move|p1a: Chansey|Thunder Wave|p2a: Chansey\n|-status|p2a: Chansey|par\n|\n|upkeep\n|turn|20\n|j| Teclasate\n|\n|t:|1624208750\n|move|p1a: Chansey|Ice Beam|p2a: Chansey\n|-damage|p2a: Chansey|78\/100 par\n|cant|p2a: Chansey|par\n|\n|upkeep\n|turn|21\n|\n|t:|1624208755\n|move|p2a: Chansey|Soft-Boiled|p2a: Chansey\n|-heal|p2a: Chansey|100\/100 par\n|move|p1a: Chansey|Soft-Boiled|p1a: Chansey\n|-heal|p1a: Chansey|100\/100 par\n|\n|upkeep\n|turn|22\n|\n|t:|1624208763\n|move|p1a: Chansey|Thunder Wave|p2a: Chansey\n|-fail|p2a: Chansey|par\n|move|p2a: Chansey|Ice Beam|p1a: Chansey\n|-damage|p1a: Chansey|90\/100 par\n|\n|upkeep\n|turn|23\n|\n|t:|1624208787\n|move|p2a: Chansey|Ice Beam|p1a: Chansey\n|-damage|p1a: Chansey|80\/100 par\n|move|p1a: Chansey|Counter|p2a: Chansey\n|-fail|p1a: Chansey\n|\n|upkeep\n|turn|24\n|\n|t:|1624208797\n|move|p2a: Chansey|Ice Beam|p1a: Chansey\n|-damage|p1a: Chansey|69\/100 par\n|cant|p1a: Chansey|par\n|\n|upkeep\n|turn|25\n|\n|t:|1624208802\n|move|p2a: Chansey|Thunder Wave|p1a: Chansey\n|-fail|p1a: Chansey|par\n|cant|p1a: Chansey|par\n|\n|upkeep\n|turn|26\n|l| Teclasate\n|\n|t:|1624208807\n|move|p2a: Chansey|Ice Beam|p1a: Chansey\n|-damage|p1a: Chansey|58\/100 par\n|move|p1a: Chansey|Counter|p2a: Chansey\n|-fail|p1a: Chansey\n|\n|upkeep\n|turn|27\n|\n|t:|1624208813\n|move|p1a: Chansey|Soft-Boiled|p1a: Chansey\n|-heal|p1a: Chansey|100\/100 par\n|move|p2a: Chansey|Ice Beam|p1a: Chansey\n|-damage|p1a: Chansey|89\/100 par\n|\n|upkeep\n|turn|28\n|\n|t:|1624208820\n|move|p2a: Chansey|Thunder Wave|p1a: Chansey\n|-fail|p1a: Chansey|par\n|move|p1a: Chansey|Counter|p2a: Chansey\n|-fail|p1a: Chansey\n|\n|upkeep\n|turn|29\n|\n|t:|1624208844\n|move|p2a: Chansey|Thunder Wave|p1a: Chansey\n|-fail|p1a: Chansey|par\n|move|p1a: Chansey|Counter|p2a: Chansey\n|-fail|p1a: Chansey\n|\n|upkeep\n|turn|30\n|\n|t:|1624208868\n|switch|p2a: Starmie|Starmie|30\/100 par\n|move|p1a: Chansey|Counter|p2a: Starmie\n|-fail|p1a: Chansey\n|\n|upkeep\n|turn|31\n|\n|t:|1624208885\n|switch|p1a: Starmie|Starmie|75\/100\n|cant|p2a: Starmie|par\n|\n|upkeep\n|turn|32\n|\n|t:|1624208889\n|switch|p2a: Chansey|Chansey|100\/100 par\n|move|p1a: Starmie|Thunderbolt|p2a: Chansey\n|-damage|p2a: Chansey|91\/100 par\n|\n|upkeep\n|turn|33\n|\n|t:|1624208898\n|switch|p1a: Chansey|Chansey|89\/100 par\n|move|p2a: Chansey|Thunder Wave|p1a: Chansey\n|-fail|p1a: Chansey|par\n|\n|upkeep\n|turn|34\n|\n|t:|1624208905\n|switch|p2a: Starmie|Starmie|30\/100 par\n|move|p1a: Chansey|Counter|p2a: Starmie\n|-fail|p1a: Chansey\n|\n|upkeep\n|turn|35\n|\n|t:|1624208924\n|switch|p1a: Starmie|Starmie|75\/100\n|cant|p2a: Starmie|par\n|\n|upkeep\n|turn|36\n|\n|t:|1624208935\n|switch|p1a: Rhydon|Rhydon|100\/100\n|switch|p2a: Chansey|Chansey|91\/100 par\n|\n|upkeep\n|turn|37\n|\n|t:|1624208944\n|switch|p2a: Exeggutor|Exeggutor|95\/100\n|move|p1a: Rhydon|Earthquake|p2a: Exeggutor\n|-resisted|p2a: Exeggutor\n|-damage|p2a: Exeggutor|75\/100\n|\n|upkeep\n|turn|38\n|\n|t:|1624208953\n|switch|p1a: Chansey|Chansey|89\/100 par\n|move|p2a: Exeggutor|Sleep Powder|p1a: Chansey\n|-fail|p1a: Chansey\n|\n|upkeep\n|turn|39\n|\n|t:|1624208963\n|switch|p2a: Starmie|Starmie|30\/100 par\n|switch|p1a: Rhydon|Rhydon|100\/100\n|\n|upkeep\n|turn|40\n|\n|t:|1624208977\n|move|p1a: Rhydon|Body Slam|p2a: Starmie\n|-damage|p2a: Starmie|4\/100 par\n|move|p2a: Starmie|Blizzard|p1a: Rhydon\n|-crit|p1a: Rhydon\n|-supereffective|p1a: Rhydon\n|-damage|p1a: Rhydon|0 fnt\n|faint|p1a: Rhydon\n|\n|t:|1624208987\n|switch|p1a: Tauros|Tauros|100\/100\n|turn|41\n|\n|t:|1624208994\n|move|p1a: Tauros|Body Slam|p2a: Starmie\n|-damage|p2a: Starmie|0 fnt\n|faint|p2a: Starmie\n|\n|t:|1624208998\n|switch|p2a: Exeggutor|Exeggutor|75\/100\n|turn|42\n|\n|t:|1624209006\n|move|p1a: Tauros|Blizzard|p2a: Exeggutor\n|-supereffective|p2a: Exeggutor\n|-damage|p2a: Exeggutor|44\/100\n|move|p2a: Exeggutor|Psychic|p1a: Tauros\n|-damage|p1a: Tauros|56\/100\n|-unboost|p1a: Tauros|spd|1\n|-unboost|p1a: Tauros|spa|1\n|\n|upkeep\n|turn|43\n|\n|t:|1624209020\n|move|p1a: Tauros|Hyper Beam|p2a: Exeggutor\n|-damage|p2a: Exeggutor|0 fnt\n|faint|p2a: Exeggutor\n|\n|t:|1624209026\n|switch|p2a: Chansey|Chansey|91\/100 par\n|turn|44\n|\n|t:|1624209035\n|switch|p1a: Chansey|Chansey|89\/100 par\n|cant|p2a: Chansey|par\n|\n|upkeep\n|turn|45\n|\n|t:|1624209043\n|move|p2a: Chansey|Ice Beam|p1a: Chansey\n|-damage|p1a: Chansey|78\/100 par\n|move|p1a: Chansey|Ice Beam|p2a: Chansey\n|-damage|p2a: Chansey|80\/100 par\n|\n|upkeep\n|turn|46\n|\n|t:|1624209049\n|move|p1a: Chansey|Thunder Wave|p2a: Chansey\n|-fail|p2a: Chansey|par\n|cant|p2a: Chansey|par\n|\n|upkeep\n|turn|47\n|\n|t:|1624209055\n|move|p2a: Chansey|Ice Beam|p1a: Chansey\n|-damage|p1a: Chansey|68\/100 par\n|move|p1a: Chansey|Counter|p2a: Chansey\n|-fail|p1a: Chansey\n|\n|upkeep\n|turn|48\n|\n|t:|1624209060\n|move|p2a: Chansey|Ice Beam|p1a: Chansey\n|-damage|p1a: Chansey|57\/100 par\n|cant|p1a: Chansey|par\n|\n|upkeep\n|turn|49\n|\n|t:|1624209065\n|move|p1a: Chansey|Soft-Boiled|p1a: Chansey\n|-heal|p1a: Chansey|100\/100 par\n|move|p2a: Chansey|Ice Beam|p1a: Chansey\n|-damage|p1a: Chansey|90\/100 par\n|\n|upkeep\n|turn|50\n|\n|t:|1624209074\n|move|p2a: Chansey|Thunder Wave|p1a: Chansey\n|-fail|p1a: Chansey|par\n|move|p1a: Chansey|Thunder Wave|p2a: Chansey\n|-fail|p2a: Chansey|par\n|\n|upkeep\n|turn|51\n|\n|t:|1624209081\n|move|p2a: Chansey|Soft-Boiled|p2a: Chansey\n|-heal|p2a: Chansey|100\/100 par\n|move|p1a: Chansey|Counter|p2a: Chansey\n|-fail|p1a: Chansey\n|\n|upkeep\n|turn|52\n|\n|t:|1624209086\n|cant|p2a: Chansey|par\n|move|p1a: Chansey|Thunder Wave|p2a: Chansey\n|-fail|p2a: Chansey|par\n|\n|upkeep\n|turn|53\n|\n|t:|1624209104\n|move|p2a: Chansey|Thunder Wave|p1a: Chansey\n|-fail|p1a: Chansey|par\n|move|p1a: Chansey|Thunder Wave|p2a: Chansey\n|-fail|p2a: Chansey|par\n|\n|upkeep\n|turn|54\n|\n|t:|1624209110\n|move|p2a: Chansey|Thunder Wave|p1a: Chansey\n|-fail|p1a: Chansey|par\n|move|p1a: Chansey|Counter|p2a: Chansey\n|-fail|p1a: Chansey\n|\n|upkeep\n|turn|55\n|\n|t:|1624209131\n|move|p2a: Chansey|Thunder Wave|p1a: Chansey\n|-fail|p1a: Chansey|par\n|move|p1a: Chansey|Counter|p2a: Chansey\n|-fail|p1a: Chansey\n|\n|upkeep\n|turn|56\n|\n|t:|1624209138\n|cant|p1a: Chansey|par\n|move|p2a: Chansey|Thunder Wave|p1a: Chansey\n|-fail|p1a: Chansey|par\n|\n|upkeep\n|turn|57\n|\n|t:|1624209144\n|cant|p1a: Chansey|par\n|move|p2a: Chansey|Thunder Wave|p1a: Chansey\n|-fail|p1a: Chansey|par\n|\n|upkeep\n|turn|58\n|\n|t:|1624209149\n|cant|p2a: Chansey|par\n|cant|p1a: Chansey|par\n|\n|upkeep\n|turn|59\n|inactive|Megatrainer19 has 120 seconds left.\n|\n|t:|1624209186\n|move|p1a: Chansey|Thunder Wave|p2a: Chansey\n|-fail|p2a: Chansey|par\n|move|p2a: Chansey|Thunder Wave|p1a: Chansey\n|-fail|p1a: Chansey|par\n|\n|upkeep\n|turn|60\n|inactive|Megatrainer19 has 120 seconds left.\n|\n|t:|1624209192\n|move|p2a: Chansey|Thunder Wave|p1a: Chansey\n|-fail|p1a: Chansey|par\n|move|p1a: Chansey|Counter|p2a: Chansey\n|-fail|p1a: Chansey\n|\n|upkeep\n|turn|61\n|\n|t:|1624209200\n|move|p2a: Chansey|Thunder Wave|p1a: Chansey\n|-fail|p1a: Chansey|par\n|move|p1a: Chansey|Counter|p2a: Chansey\n|-fail|p1a: Chansey\n|\n|upkeep\n|turn|62\n|\n|t:|1624209222\n|cant|p2a: Chansey|par\n|cant|p1a: Chansey|par\n|\n|upkeep\n|turn|63\n|\n|t:|1624209228\n|move|p2a: Chansey|Thunder Wave|p1a: Chansey\n|-fail|p1a: Chansey|par\n|move|p1a: Chansey|Counter|p2a: Chansey\n|-fail|p1a: Chansey\n|\n|upkeep\n|turn|64\n|\n|t:|1624209236\n|move|p1a: Chansey|Thunder Wave|p2a: Chansey\n|-fail|p2a: Chansey|par\n|cant|p2a: Chansey|par\n|\n|upkeep\n|turn|65\n|\n|t:|1624209253\n|move|p2a: Chansey|Ice Beam|p1a: Chansey\n|-damage|p1a: Chansey|79\/100 par\n|move|p1a: Chansey|Thunder Wave|p2a: Chansey\n|-fail|p2a: Chansey|par\n|\n|upkeep\n|turn|66\n|\n|t:|1624209259\n|move|p1a: Chansey|Thunder Wave|p2a: Chansey\n|-fail|p2a: Chansey|par\n|move|p2a: Chansey|Thunder Wave|p1a: Chansey\n|-fail|p1a: Chansey|par\n|\n|upkeep\n|turn|67\n|\n|t:|1624209265\n|move|p2a: Chansey|Thunder Wave|p1a: Chansey\n|-fail|p1a: Chansey|par\n|move|p1a: Chansey|Counter|p2a: Chansey\n|-fail|p1a: Chansey\n|\n|upkeep\n|turn|68\n|\n|t:|1624209281\n|move|p2a: Chansey|Thunder Wave|p1a: Chansey\n|-fail|p1a: Chansey|par\n|cant|p1a: Chansey|par\n|\n|upkeep\n|turn|69\n|\n|t:|1624209286\n|move|p2a: Chansey|Thunder Wave|p1a: Chansey\n|-fail|p1a: Chansey|par\n|move|p1a: Chansey|Counter|p2a: Chansey\n|-fail|p1a: Chansey\n|\n|upkeep\n|turn|70\n|\n|t:|1624209292\n|cant|p2a: Chansey|par\n|move|p1a: Chansey|Thunder Wave|p2a: Chansey\n|-fail|p2a: Chansey|par\n|\n|upkeep\n|turn|71\n|\n|t:|1624209298\n|cant|p2a: Chansey|par\n|cant|p1a: Chansey|par\n|\n|upkeep\n|turn|72\n|\n|t:|1624209304\n|cant|p2a: Chansey|par\n|cant|p1a: Chansey|par\n|\n|upkeep\n|turn|73\n|\n|t:|1624209308\n|move|p2a: Chansey|Thunder Wave|p1a: Chansey\n|-fail|p1a: Chansey|par\n|move|p1a: Chansey|Counter|p2a: Chansey\n|-fail|p1a: Chansey\n|\n|upkeep\n|turn|74\n|\n|t:|1624209316\n|move|p2a: Chansey|Thunder Wave|p1a: Chansey\n|-fail|p1a: Chansey|par\n|move|p1a: Chansey|Ice Beam|p2a: Chansey\n|-damage|p2a: Chansey|90\/100 par\n|\n|upkeep\n|turn|75\n|\n|t:|1624209322\n|move|p2a: Chansey|Thunder Wave|p1a: Chansey\n|-fail|p1a: Chansey|par\n|move|p1a: Chansey|Ice Beam|p2a: Chansey\n|-damage|p2a: Chansey|78\/100 par\n|\n|upkeep\n|turn|76\n|\n|t:|1624209328\n|cant|p2a: Chansey|par\n|cant|p1a: Chansey|par\n|\n|upkeep\n|turn|77\n|\n|t:|1624209339\n|move|p1a: Chansey|Soft-Boiled|p1a: Chansey\n|-heal|p1a: Chansey|100\/100 par\n|move|p2a: Chansey|Thunder Wave|p1a: Chansey\n|-fail|p1a: Chansey|par\n|\n|upkeep\n|turn|78\n|\n|t:|1624209346\n|cant|p1a: Chansey|par\n|move|p2a: Chansey|Thunder Wave|p1a: Chansey\n|-fail|p1a: Chansey|par\n|\n|upkeep\n|turn|79\n|\n|t:|1624209351\n|move|p1a: Chansey|Soft-Boiled|p1a: Chansey\n|-fail|p1a: Chansey\n|move|p2a: Chansey|Thunder Wave|p1a: Chansey\n|-fail|p1a: Chansey|par\n|\n|upkeep\n|turn|80\n|\n|t:|1624209360\n|move|p2a: Chansey|Thunder Wave|p1a: Chansey\n|-fail|p1a: Chansey|par\n|move|p1a: Chansey|Thunder Wave|p2a: Chansey\n|-fail|p2a: Chansey|par\n|\n|upkeep\n|turn|81\n|\n|t:|1624209368\n|move|p2a: Chansey|Thunder Wave|p1a: Chansey\n|-fail|p1a: Chansey|par\n|cant|p1a: Chansey|par\n|\n|upkeep\n|turn|82\n|\n|t:|1624209373\n|move|p2a: Chansey|Thunder Wave|p1a: Chansey\n|-fail|p1a: Chansey|par\n|cant|p1a: Chansey|par\n|\n|upkeep\n|turn|83\n|\n|t:|1624209378\n|move|p2a: Chansey|Thunder Wave|p1a: Chansey\n|-fail|p1a: Chansey|par\n|move|p1a: Chansey|Counter|p2a: Chansey\n|-fail|p1a: Chansey\n|\n|upkeep\n|turn|84\n|\n|t:|1624209385\n|move|p2a: Chansey|Soft-Boiled|p2a: Chansey\n|-heal|p2a: Chansey|100\/100 par\n|cant|p1a: Chansey|par\n|\n|upkeep\n|turn|85\n|\n|t:|1624209390\n|move|p2a: Chansey|Ice Beam|p1a: Chansey\n|-damage|p1a: Chansey|89\/100 par\n|move|p1a: Chansey|Thunder Wave|p2a: Chansey\n|-fail|p2a: Chansey|par\n|\n|upkeep\n|turn|86\n|\n|t:|1624209396\n|move|p2a: Chansey|Thunderbolt|p1a: Chansey\n|-damage|p1a: Chansey|78\/100 par\n|cant|p1a: Chansey|par\n|\n|upkeep\n|turn|87\n|\n|t:|1624209407\n|move|p2a: Chansey|Thunderbolt|p1a: Chansey\n|-crit|p1a: Chansey\n|-damage|p1a: Chansey|57\/100 par\n|move|p1a: Chansey|Counter|p2a: Chansey\n|-fail|p1a: Chansey\n|\n|upkeep\n|turn|88\n|\n|t:|1624209413\n|move|p2a: Chansey|Thunderbolt|p1a: Chansey\n|-damage|p1a: Chansey|47\/100 par\n|move|p1a: Chansey|Soft-Boiled|p1a: Chansey\n|-heal|p1a: Chansey|97\/100 par\n|\n|upkeep\n|turn|89\n|\n|t:|1624209419\n|move|p1a: Chansey|Thunder Wave|p2a: Chansey\n|-fail|p2a: Chansey|par\n|move|p2a: Chansey|Thunderbolt|p1a: Chansey\n|-damage|p1a: Chansey|86\/100 par\n|\n|upkeep\n|turn|90\n|\n|t:|1624209425\n|move|p2a: Chansey|Thunderbolt|p1a: Chansey\n|-damage|p1a: Chansey|75\/100 par\n|move|p1a: Chansey|Thunder Wave|p2a: Chansey\n|-fail|p2a: Chansey|par\n|\n|upkeep\n|turn|91\n|\n|t:|1624209431\n|move|p2a: Chansey|Thunderbolt|p1a: Chansey\n|-crit|p1a: Chansey\n|-damage|p1a: Chansey|55\/100 par\n|cant|p1a: Chansey|par\n|\n|upkeep\n|turn|92\n|\n|t:|1624209437\n|cant|p1a: Chansey|par\n|cant|p2a: Chansey|par\n|\n|upkeep\n|turn|93\n|\n|t:|1624209441\n|move|p1a: Chansey|Soft-Boiled|p1a: Chansey\n|-heal|p1a: Chansey|100\/100 par\n|move|p2a: Chansey|Thunderbolt|p1a: Chansey\n|-damage|p1a: Chansey|89\/100 par\n|\n|upkeep\n|turn|94\n|\n|t:|1624209446\n|move|p2a: Chansey|Thunderbolt|p1a: Chansey\n|-crit|p1a: Chansey\n|-damage|p1a: Chansey|70\/100 par\n|cant|p1a: Chansey|par\n|\n|upkeep\n|turn|95\n|\n|t:|1624209452\n|cant|p2a: Chansey|par\n|cant|p1a: Chansey|par\n|\n|upkeep\n|turn|96\n|\n|t:|1624209456\n|move|p2a: Chansey|Thunderbolt|p1a: Chansey\n|-damage|p1a: Chansey|59\/100 par\n|move|p1a: Chansey|Counter|p2a: Chansey\n|-fail|p1a: Chansey\n|\n|upkeep\n|turn|97\n|\n|t:|1624209465\n|move|p2a: Chansey|Thunderbolt|p1a: Chansey\n|-damage|p1a: Chansey|49\/100 par\n|move|p1a: Chansey|Soft-Boiled|p1a: Chansey\n|-heal|p1a: Chansey|99\/100 par\n|\n|upkeep\n|turn|98\n|\n|t:|1624209472\n|move|p2a: Chansey|Thunderbolt|p1a: Chansey\n|-damage|p1a: Chansey|88\/100 par\n|cant|p1a: Chansey|par\n|\n|upkeep\n|turn|99\n|\n|t:|1624209498\n|move|p2a: Chansey|Thunderbolt|p1a: Chansey\n|-damage|p1a: Chansey|77\/100 par\n|move|p1a: Chansey|Counter|p2a: Chansey\n|-fail|p1a: Chansey\n|\n|upkeep\n|turn|100\n|\n|t:|1624209506\n|move|p2a: Chansey|Thunderbolt|p1a: Chansey\n|-damage|p1a: Chansey|66\/100 par\n|move|p1a: Chansey|Counter|p2a: Chansey\n|-fail|p1a: Chansey\n|\n|upkeep\n|turn|101\n|\n|t:|1624209514\n|switch|p2a: Snorlax|Snorlax|100\/100\n|cant|p1a: Chansey|par\n|\n|upkeep\n|turn|102\n|\n|t:|1624209522\n|switch|p1a: Exeggutor|Exeggutor|79\/100\n|move|p2a: Snorlax|Body Slam|p1a: Exeggutor\n|-damage|p1a: Exeggutor|51\/100\n|\n|upkeep\n|turn|103\n|inactive|Megatrainer19 has 120 seconds left.\n|\n|t:|1624209541\n|move|p1a: Exeggutor|Explosion|p2a: Snorlax\n|-damage|p2a: Snorlax|36\/100\n|faint|p1a: Exeggutor\n|\n|t:|1624209550\n|switch|p1a: Tauros|Tauros|56\/100\n|turn|104\n|inactive|Megatrainer19 has 120 seconds left.\n|\n|t:|1624209568\n|switch|p2a: Chansey|Chansey|100\/100 par\n|move|p1a: Tauros|Body Slam|p2a: Chansey\n|-damage|p2a: Chansey|61\/100 par\n|\n|upkeep\n|turn|105\n|\n|t:|1624209589\n|switch|p1a: Chansey|Chansey|66\/100 par\n|cant|p2a: Chansey|par\n|\n|upkeep\n|turn|106\n|\n|t:|1624209604\n|switch|p2a: Snorlax|Snorlax|36\/100\n|move|p1a: Chansey|Counter|p2a: Snorlax\n|-hint|Desync Clause Mod activated!\n|-fail|p1a: Chansey\n|\n|upkeep\n|turn|107\n|\n|t:|1624209610\n|move|p2a: Snorlax|Self-Destruct|p1a: Chansey\n|-damage|p1a: Chansey|0 fnt\n|faint|p1a: Chansey\n|faint|p2a: Snorlax\n|inactive|badalakazam has 120 seconds left.\n|inactive|badalakazam has 90 seconds left.\n|inactive|badalakazam has 60 seconds left.\n|inactive|badalakazam has 30 seconds left.\n|\n|t:|1624209732\n|switch|p2a: Chansey|Chansey|61\/100 par\n|switch|p1a: Tauros|Tauros|56\/100\n|turn|108\n|inactive|badalakazam has 30 seconds left this turn.\n|inactive|badalakazam has 20 seconds left.\n|inactive|badalakazam has 15 seconds left.\n|inactive|badalakazam has 10 seconds left.\n|\n|t:|1624209756\n|move|p1a: Tauros|Earthquake|p2a: Chansey\n|-damage|p2a: Chansey|30\/100 par\n|move|p2a: Chansey|Soft-Boiled|p2a: Chansey\n|-heal|p2a: Chansey|80\/100 par\n|\n|upkeep\n|turn|109\n|inactive|badalakazam has 15 seconds left this turn.\n|\n|t:|1624209763\n|move|p1a: Tauros|Body Slam|p2a: Chansey\n|-damage|p2a: Chansey|41\/100 par\n|move|p2a: Chansey|Thunder Wave|p1a: Tauros\n|-status|p1a: Tauros|par\n|\n|upkeep\n|turn|110\n|inactive|badalakazam has 20 seconds left this turn.\n|inactive|badalakazam has 15 seconds left.\n|\n|t:|1624209771\n|move|p1a: Tauros|Hyper Beam|p2a: Chansey\n|-crit|p2a: Chansey\n|-damage|p2a: Chansey|0 fnt\n|faint|p2a: Chansey\n|inactive|badalakazam has 20 seconds left this turn.\n|\n|t:|1624209775\n|switch|p2a: Tauros|Tauros|100\/100\n|turn|111\n|inactive|badalakazam has 25 seconds left this turn.\n|\n|t:|1624209783\n|move|p2a: Tauros|Body Slam|p1a: Tauros\n|-damage|p1a: Tauros|27\/100 par\n|move|p1a: Tauros|Body Slam|p2a: Tauros\n|-damage|p2a: Tauros|70\/100\n|\n|upkeep\n|turn|112\n|inactive|badalakazam has 30 seconds left this turn.\n|inactive|badalakazam has 20 seconds left.\n|\n|t:|1624209794\n|move|p2a: Tauros|Body Slam|p1a: Tauros\n|-damage|p1a: Tauros|0 fnt\n|faint|p1a: Tauros\n|inactive|badalakazam has 25 seconds left this turn.\n|inactive|badalakazam has 20 seconds left.\n|\n|t:|1624209803\n|switch|p1a: Starmie|Starmie|75\/100\n|turn|113\n|inactive|badalakazam has 25 seconds left this turn.\n|\n|t:|1624209807\n|move|p1a: Starmie|Thunder Wave|p2a: Tauros\n|-status|p2a: Tauros|par\n|move|p2a: Tauros|Thunderbolt|p1a: Starmie\n|-crit|p1a: Starmie\n|-supereffective|p1a: Starmie\n|-damage|p1a: Starmie|2\/100\n|\n|upkeep\n|turn|114\n|inactive|badalakazam has 30 seconds left this turn.\n|\n|t:|1624209816\n|move|p1a: Starmie|Thunderbolt|p2a: Tauros\n|-damage|p2a: Tauros|45\/100 par\n|move|p2a: Tauros|Body Slam|p1a: Starmie\n|-crit|p1a: Starmie\n|-damage|p1a: Starmie|0 fnt\n|faint|p1a: Starmie\n|inactive|badalakazam has 30 seconds left this turn.\n|\n|t:|1624209820\n|switch|p1a: Snorlax|Snorlax|100\/100\n|turn|115\n|c|\u2606badalakazam|gg\n|\n|t:|1624209831\n|move|p1a: Snorlax|Reflect|p1a: Snorlax\n|-start|p1a: Snorlax|Reflect\n|move|p2a: Tauros|Body Slam|p1a: Snorlax\n|-damage|p1a: Snorlax|87\/100\n|\n|upkeep\n|turn|116\n|\n|t:|1624209837\n|move|p1a: Snorlax|Body Slam|p2a: Tauros\n|-damage|p2a: Tauros|15\/100 par\n|move|p2a: Tauros|Blizzard|p1a: Snorlax\n|-damage|p1a: Snorlax|69\/100\n|\n|upkeep\n|turn|117\n|\n|t:|1624209844\n|move|p1a: Snorlax|Body Slam|p2a: Tauros\n|-damage|p2a: Tauros|0 fnt\n|faint|p2a: Tauros\n|\n|win|badalakazam\n|n|\u2606badalakazam|badalakazam\n|n|\u2606Megatrainer19|megatrainer19\n|l|\u2606Megatrainer19\n|j| Teclasate\n|l| Teclasate\n|j| Teclasate\n|l| Teclasate\n","uploadtime":1624211256,"views":5,"p1id":"badalakazam","p2id":"megatrainer19","formatid":"gen1ou","rating":0,"private":0,"password":null}