{"id":"gen1ou-1638890656","p1":"Sww-Suwa","p2":"deterisneater","format":"gen1ou","log":"|j|\u2606Sww-Suwa\n|j|\u2606deterisneater\n|inactive|Battle timer is ON: inactive players will automatically lose when time's up.\n|t:|1660410036\n|gametype|singles\n|player|p1|Sww-Suwa|dawn-masters|\n|player|p2|deterisneater|benga|\n|teamsize|p1|6\n|teamsize|p2|6\n|gen|1\n|tier|[Gen 1] OU\n|rated|Tournament battle\n|rule|Desync Clause Mod: Desyncs changed to move failure.\n|rule|Sleep Clause Mod: Limit one foe put to sleep\n|rule|Freeze Clause Mod: Limit one foe frozen\n|rule|Species Clause: Limit one of each Pok\u00e9mon\n|rule|OHKO Clause: OHKO moves are banned\n|rule|Evasion Moves Clause: Evasion moves are banned\n|rule|Endless Battle Clause: Forcing endless battles is banned\n|rule|HP Percentage Mod: HP is shown in percentages\n|\n|t:|1660410036\n|start\n|switch|p1a: Ekans|Ekans, L5|100\/100\n|switch|p2a: Ekans|Ekans, L5|100\/100\n|turn|1\n|inactive|deterisneater also wants the timer to be on.\n|j| Larping Redditor\n|j| pokechamp13\n|c|\u2606Sww-Suwa|ypehf\n|j| cogonahorse\n|j| IExistYouDont\n|c| Larping Redditor|what\n|inactive|deterisneater has 120 seconds left.\n|c|\u2606Sww-Suwa|i just meant hf\n|j| L'chonk\n|j| LordCube02\n|c| Larping Redditor|ah\n|j| HeroTheTrainer\n|c| IExistYouDont|Ypehf\n|\n|t:|1660410076\n|move|p2a: Ekans|Earthquake|p1a: Ekans\n|-supereffective|p1a: Ekans\n|-damage|p1a: Ekans|18\/100\n|move|p1a: Ekans|Glare|p2a: Ekans|[miss]\n|-miss|p1a: Ekans\n|\n|upkeep\n|turn|2\n|j| LocalMetagross\n|j| aleinci\n|c| IExistYouDont|Everyone\n|l| aleinci\n|\n|t:|1660410082\n|move|p2a: Ekans|Earthquake|p1a: Ekans\n|-crit|p1a: Ekans\n|-supereffective|p1a: Ekans\n|-damage|p1a: Ekans|0 fnt\n|faint|p1a: Ekans\n|l| HeroTheTrainer\n|c|\u2606Sww-Suwa|...\n|c| IExistYouDont|start there ladder battles\n|\n|t:|1660410088\n|switch|p1a: Cubone|Cubone, L5|100\/100\n|turn|3\n|j| DAVID DUKIN\n|c| IExistYouDont|with ypehf\n|j| maxxxnuel\n|\n|t:|1660410095\n|move|p2a: Ekans|Glare|p1a: Cubone\n|-status|p1a: Cubone|par\n|cant|p1a: Cubone|par\n|\n|upkeep\n|turn|4\n|c| IExistYouDont|to confuse the person\n|\n|t:|1660410101\n|move|p2a: Ekans|Earthquake|p1a: Cubone\n|-damage|p1a: Cubone|71\/100 par\n|cant|p1a: Cubone|par\n|\n|upkeep\n|turn|5\n|\n|t:|1660410104\n|move|p2a: Ekans|Earthquake|p1a: Cubone\n|-damage|p1a: Cubone|42\/100 par\n|move|p1a: Cubone|Earthquake|p2a: Ekans\n|-supereffective|p2a: Ekans\n|-damage|p2a: Ekans|0 fnt\n|faint|p2a: Ekans\n|c| Larping Redditor|I am african american\n|c|\u2606Sww-Suwa|omg\n|c|\u2606Sww-Suwa|my first\n|c|\u2606deterisneater|gen 1 sucks\n|c|\u2606deterisneater|lol\n|c|\u2606Sww-Suwa|attack\n|c| LocalMetagross|bro suwa getting fucked by the game\n|\n|t:|1660410119\n|switch|p2a: Zubat|Zubat, L5|100\/100\n|turn|6\n|\n|t:|1660410123\n|move|p2a: Zubat|Mega Drain|p1a: Cubone\n|-supereffective|p1a: Cubone\n|-damage|p1a: Cubone|5\/100 par\n|move|p1a: Cubone|Blizzard|p2a: Zubat|[miss]\n|-miss|p1a: Cubone\n|\n|upkeep\n|turn|7\n|c|\u2606Sww-Suwa|..\n|c| IExistYouDont|Kek\n|c|\u2606deterisneater|Lol\n|c| LocalMetagross|bro\n|\n|t:|1660410130\n|move|p2a: Zubat|Mega Drain|p1a: Cubone\n|-supereffective|p1a: Cubone\n|-damage|p1a: Cubone|0 fnt\n|faint|p1a: Cubone\n|c| L'chonk|:)))\n|\n|t:|1660410132\n|switch|p1a: Zubat|Zubat, L5|100\/100\n|turn|8\n|c| IExistYouDont|Gen 1 hates suwa\n|\n|t:|1660410136\n|move|p1a: Zubat|Substitute|p1a: Zubat\n|-start|p1a: Zubat|Substitute\n|-damage|p1a: Zubat|79\/100\n|move|p2a: Zubat|Double-Edge|p1a: Zubat\n|-end|p1a: Zubat|Substitute\n|\n|upkeep\n|turn|9\n|\n|t:|1660410139\n|move|p1a: Zubat|Confuse Ray|p2a: Zubat\n|-start|p2a: Zubat|confusion\n|-activate|p2a: Zubat|confusion\n|move|p2a: Zubat|Double-Edge|p1a: Zubat\n|-damage|p1a: Zubat|40\/100\n|-damage|p2a: Zubat|92\/100|[from] Recoil|[of] p1a: Zubat\n|\n|upkeep\n|turn|10\n|\n|t:|1660410143\n|move|p1a: Zubat|Double-Edge|p2a: Zubat\n|-damage|p2a: Zubat|53\/100\n|-damage|p1a: Zubat|31\/100|[from] Recoil|[of] p2a: Zubat\n|-activate|p2a: Zubat|confusion\n|-damage|p2a: Zubat|31\/100|[from] confusion\n|\n|upkeep\n|turn|11\n|\n|t:|1660410150\n|move|p1a: Zubat|Double-Edge|p2a: Zubat\n|-damage|p2a: Zubat|0 fnt\n|-damage|p1a: Zubat|27\/100|[from] Recoil|[of] p2a: Zubat\n|faint|p2a: Zubat\n|c| Larping Redditor|oh you dont take recoil damage on the sub in gen 1?\n|c|\u2606Sww-Suwa|go zubat!\n|c| Larping Redditor|didnt know that\n|\n|t:|1660410159\n|switch|p2a: Jigglypuff|Jigglypuff, L5|100\/100\n|turn|12\n|j| letsShowdownBro\n|c| LordCube02|o my red eye\n|\n|t:|1660410168\n|move|p1a: Zubat|Confuse Ray|p2a: Jigglypuff\n|-start|p2a: Jigglypuff|confusion\n|-activate|p2a: Jigglypuff|confusion\n|move|p2a: Jigglypuff|Blizzard|p1a: Zubat\n|-supereffective|p1a: Zubat\n|-damage|p1a: Zubat|0 fnt\n|faint|p1a: Zubat\n|\n|t:|1660410171\n|switch|p1a: Venonat|Venonat, L5|100\/100\n|turn|13\n|c|\u2606deterisneater|i like how my blizzard hits\n|\n|t:|1660410178\n|move|p1a: Venonat|Sleep Powder|p2a: Jigglypuff\n|-status|p2a: Jigglypuff|slp|[from] move: Sleep Powder\n|-curestatus|p2a: Jigglypuff|slp|[msg]\n|\n|upkeep\n|turn|14\n|c| Larping Redditor|evil jigglypuff\n|\n|t:|1660410182\n|move|p1a: Venonat|Sleep Powder|p2a: Jigglypuff|[miss]\n|-miss|p1a: Venonat\n|-activate|p2a: Jigglypuff|confusion\n|move|p2a: Jigglypuff|Psychic|p1a: Venonat\n|-supereffective|p1a: Venonat\n|-damage|p1a: Venonat|40\/100\n|-unboost|p1a: Venonat|spd|1\n|-unboost|p1a: Venonat|spa|1\n|\n|upkeep\n|turn|15\n|\n|t:|1660410185\n|move|p1a: Venonat|Sleep Powder|p2a: Jigglypuff|[miss]\n|-miss|p1a: Venonat\n|-activate|p2a: Jigglypuff|confusion\n|move|p2a: Jigglypuff|Psychic|p1a: Venonat\n|-supereffective|p1a: Venonat\n|-damage|p1a: Venonat|0 fnt\n|faint|p1a: Venonat\n|c|\u2606Sww-Suwa|ok\n|\n|t:|1660410193\n|switch|p1a: Jigglypuff|Jigglypuff, L5|100\/100\n|turn|16\n|\n|t:|1660410198\n|move|p1a: Jigglypuff|Thunder Wave|p2a: Jigglypuff\n|-status|p2a: Jigglypuff|par\n|-end|p2a: Jigglypuff|confusion\n|move|p2a: Jigglypuff|Thunder Wave|p1a: Jigglypuff\n|-status|p1a: Jigglypuff|par\n|\n|upkeep\n|turn|17\n|\n|t:|1660410202\n|move|p1a: Jigglypuff|Blizzard|p2a: Jigglypuff\n|-damage|p2a: Jigglypuff|68\/100 par\n|move|p2a: Jigglypuff|Blizzard|p1a: Jigglypuff\n|-damage|p1a: Jigglypuff|68\/100 par\n|\n|upkeep\n|turn|18\n|\n|t:|1660410205\n|move|p2a: Jigglypuff|Blizzard|p1a: Jigglypuff\n|-damage|p1a: Jigglypuff|36\/100 par\n|move|p1a: Jigglypuff|Psychic|p2a: Jigglypuff\n|-damage|p2a: Jigglypuff|46\/100 par\n|\n|upkeep\n|turn|19\n|\n|t:|1660410209\n|move|p1a: Jigglypuff|Psychic|p2a: Jigglypuff\n|-damage|p2a: Jigglypuff|20\/100 par\n|-unboost|p2a: Jigglypuff|spd|1\n|-unboost|p2a: Jigglypuff|spa|1\n|move|p2a: Jigglypuff|Blizzard|p1a: Jigglypuff\n|-damage|p1a: Jigglypuff|17\/100 par\n|\n|upkeep\n|turn|20\n|\n|t:|1660410212\n|cant|p1a: Jigglypuff|par\n|move|p2a: Jigglypuff|Blizzard|p1a: Jigglypuff\n|-damage|p1a: Jigglypuff|0 fnt\n|faint|p1a: Jigglypuff\n|c| Larping Redditor|why does jigglypuff look so malicious\n|\n|t:|1660410215\n|switch|p1a: Goldeen|Goldeen, L5|100\/100\n|turn|21\n|\n|t:|1660410220\n|move|p1a: Goldeen|Substitute|p1a: Goldeen\n|-start|p1a: Goldeen|Substitute\n|-damage|p1a: Goldeen|75\/100\n|move|p2a: Jigglypuff|Thunderbolt|p1a: Goldeen\n|-supereffective|p1a: Goldeen\n|-end|p1a: Goldeen|Substitute\n|\n|upkeep\n|turn|22\n|j| Lou dort\n|c| LocalMetagross|malifnoouf intent\n|\n|t:|1660410223\n|move|p1a: Goldeen|Substitute|p1a: Goldeen\n|-start|p1a: Goldeen|Substitute\n|-damage|p1a: Goldeen|50\/100\n|cant|p2a: Jigglypuff|par\n|\n|upkeep\n|turn|23\n|\n|t:|1660410226\n|move|p1a: Goldeen|Agility|p1a: Goldeen\n|-boost|p1a: Goldeen|spe|2\n|move|p2a: Jigglypuff|Thunderbolt|p1a: Goldeen\n|-supereffective|p1a: Goldeen\n|-end|p1a: Goldeen|Substitute\n|\n|upkeep\n|turn|24\n|j| ChiefGreenLeaf3\n|l| maxxxnuel\n|\n|t:|1660410232\n|move|p1a: Goldeen|Surf|p2a: Jigglypuff\n|-damage|p2a: Jigglypuff|0 fnt\n|faint|p2a: Jigglypuff\n|\n|t:|1660410239\n|switch|p2a: Goldeen|Goldeen, L5|100\/100\n|turn|25\n|\n|t:|1660410243\n|move|p1a: Goldeen|Surf|p2a: Goldeen\n|-resisted|p2a: Goldeen\n|-damage|p2a: Goldeen|80\/100\n|move|p2a: Goldeen|Double-Edge|p1a: Goldeen\n|-damage|p1a: Goldeen|13\/100\n|-damage|p2a: Goldeen|71\/100|[from] Recoil|[of] p1a: Goldeen\n|\n|upkeep\n|turn|26\n|\n|t:|1660410249\n|move|p1a: Goldeen|Surf|p2a: Goldeen\n|-resisted|p2a: Goldeen\n|-damage|p2a: Goldeen|50\/100\n|move|p2a: Goldeen|Double-Edge|p1a: Goldeen\n|-crit|p1a: Goldeen\n|-damage|p1a: Goldeen|0 fnt\n|-damage|p2a: Goldeen|46\/100|[from] Recoil|[of] p1a: Goldeen\n|faint|p1a: Goldeen\n|\n|win|deterisneater\n|n|\u2606Sww-Suwa|swwsuwa\n|n|\u2606deterisneater|deterisneater\n|n| Larping Redditor|larpingredditor\n|n| pokechamp13|pokechamp13\n|n| cogonahorse|cogonahorse\n|n| IExistYouDont|iexistyoudont\n|n| L'chonk|lchonk\n|n| LordCube02|lordcube02\n|n| LocalMetagross|localmetagross\n|n| DAVID DUKIN|daviddukin\n|n| letsShowdownBro|letsshowdownbro\n|n| Lou dort|loudort\n|n| ChiefGreenLeaf3|chiefgreenleaf3\n","uploadtime":1660410250,"views":12,"p1id":"swwsuwa","p2id":"deterisneater","formatid":"gen1ou","rating":0,"private":0,"password":null}