{"id":"gen1randombattle-1693045532","p1":"LoSconosciuto","p2":"doooooosh","format":"gen1randombattle","log":"|j|\u2606LoSconosciuto\n|j|\u2606doooooosh\n|t:|1666558219\n|gametype|singles\n|player|p1|LoSconosciuto|#teamgapdos|\n|player|p2|doooooosh|dragontamer|\n|teamsize|p1|6\n|teamsize|p2|6\n|gen|1\n|tier|[Gen 1] Random Battle\n|rule|Desync Clause Mod: Desyncs changed to move failure.\n|rule|Sleep Clause Mod: Limit one foe put to sleep\n|rule|Freeze Clause Mod: Limit one foe frozen\n|rule|Species Clause: Limit one of each Pok\u00e9mon\n|rule|OHKO Clause: OHKO moves are banned\n|rule|Evasion Moves Clause: Evasion moves are banned\n|rule|Endless Battle Clause: Forcing endless battles is banned\n|rule|HP Percentage Mod: HP is shown in percentages\n|\n|t:|1666558219\n|start\n|switch|p1a: Oddish|Oddish, L88|259\/259\n|switch|p2a: Mewtwo|Mewtwo, L62|261\/261\n|turn|1\n|inactive|Battle timer is ON: inactive players will automatically lose when time's up. (requested by LoSconosciuto)\n|\n|t:|1666558243\n|switch|p2a: Onix|Onix, L77|212\/212\n|move|p1a: Oddish|Sleep Powder|p2a: Onix\n|-status|p2a: Onix|slp|[from] move: Sleep Powder\n|\n|upkeep\n|turn|2\n|inactive|doooooosh has 270 seconds left.\n|\n|t:|1666558297\n|switch|p2a: Blastoise|Blastoise, L77|280\/280\n|move|p1a: Oddish|Stun Spore|p2a: Blastoise\n|-status|p2a: Blastoise|par\n|\n|upkeep\n|turn|3\n|\n|t:|1666558307\n|move|p1a: Oddish|Mega Drain|p2a: Blastoise\n|-crit|p2a: Blastoise\n|-supereffective|p2a: Blastoise\n|-damage|p2a: Blastoise|98\/280 par\n|move|p2a: Blastoise|Blizzard|p1a: Oddish\n|-crit|p1a: Oddish\n|-supereffective|p1a: Oddish\n|-damage|p1a: Oddish|5\/259\n|\n|upkeep\n|turn|4\n|\n|t:|1666558324\n|move|p1a: Oddish|Stun Spore|p2a: Blastoise\n|-fail|p2a: Blastoise|par\n|cant|p2a: Blastoise|par\n|\n|upkeep\n|turn|5\n|inactive|doooooosh has 240 seconds left.\n|\n|t:|1666558345\n|move|p1a: Oddish|Mega Drain|p2a: Blastoise\n|-supereffective|p2a: Blastoise\n|-damage|p2a: Blastoise|14\/280 par\n|-heal|p1a: Oddish|47\/259|[from] drain|[of] p2a: Blastoise\n|cant|p2a: Blastoise|par\n|\n|upkeep\n|turn|6\n|\n|t:|1666558352\n|move|p1a: Oddish|Double-Edge|p2a: Blastoise\n|-damage|p2a: Blastoise|0 fnt\n|-damage|p1a: Oddish|44\/259|[from] Recoil|[of] p2a: Blastoise\n|faint|p2a: Blastoise\n|inactive|doooooosh has 240 seconds left.\n|inactive|doooooosh has 210 seconds left.\n|\n|t:|1666558394\n|switch|p2a: Persian|Persian, L74|249\/249\n|turn|7\n|inactive|doooooosh has 210 seconds left.\n|inactive|LoSconosciuto has 270 seconds left.\n|\n|t:|1666558428\n|move|p2a: Persian|Body Slam|p1a: Oddish\n|-damage|p1a: Oddish|0 fnt\n|faint|p1a: Oddish\n|inactive|LoSconosciuto has 270 seconds left.\n|\n|t:|1666558435\n|switch|p1a: Arcanine|Arcanine, L77|297\/297\n|turn|8\n|inactive|doooooosh has 210 seconds left.\n|\n|t:|1666558459\n|move|p2a: Persian|Slash|p1a: Arcanine\n|-crit|p1a: Arcanine\n|-damage|p1a: Arcanine|192\/297\n|move|p1a: Arcanine|Fire Blast|p2a: Persian|[miss]\n|-miss|p1a: Arcanine\n|\n|upkeep\n|turn|9\n|inactive|doooooosh has 210 seconds left.\n|\n|t:|1666558479\n|move|p2a: Persian|Slash|p1a: Arcanine\n|-crit|p1a: Arcanine\n|-damage|p1a: Arcanine|81\/297\n|move|p1a: Arcanine|Fire Blast|p2a: Persian|[miss]\n|-miss|p1a: Arcanine\n|\n|upkeep\n|turn|10\n|\n|t:|1666558491\n|switch|p1a: Kabutops|Kabutops, L77|251\/251\n|move|p2a: Persian|Slash|p1a: Kabutops\n|-crit|p1a: Kabutops\n|-resisted|p1a: Kabutops\n|-damage|p1a: Kabutops|209\/251\n|\n|upkeep\n|turn|11\n|inactive|doooooosh has 210 seconds left.\n|c|\u2606doooooosh|that was unlucky\n|inactive|doooooosh has 180 seconds left.\n|inactive|doooooosh has 150 seconds left.\n|\n|t:|1666558567\n|move|p2a: Persian|Slash|p1a: Kabutops\n|-crit|p1a: Kabutops\n|-resisted|p1a: Kabutops\n|-damage|p1a: Kabutops|164\/251\n|move|p1a: Kabutops|Surf|p2a: Persian\n|-damage|p2a: Persian|158\/249\n|\n|upkeep\n|turn|12\n|\n|t:|1666558576\n|switch|p2a: Jolteon|Jolteon, L68|229\/229\n|move|p1a: Kabutops|Surf|p2a: Jolteon\n|-crit|p2a: Jolteon\n|-damage|p2a: Jolteon|82\/229\n|\n|upkeep\n|turn|13\n|inactive|doooooosh has 150 seconds left.\n|\n|t:|1666558586\n|switch|p1a: Lickitung|Lickitung, L77|297\/297\n|move|p2a: Jolteon|Thunderbolt|p1a: Lickitung\n|-damage|p1a: Lickitung|195\/297\n|\n|upkeep\n|turn|14\n|inactive|doooooosh has 150 seconds left.\n|\n|t:|1666558601\n|switch|p2a: Persian|Persian, L74|158\/249\n|move|p1a: Lickitung|Body Slam|p2a: Persian\n|-damage|p2a: Persian|75\/249\n|\n|upkeep\n|turn|15\n|inactive|doooooosh has 150 seconds left.\n|\n|t:|1666558632\n|move|p2a: Persian|Slash|p1a: Lickitung\n|-crit|p1a: Lickitung\n|-damage|p1a: Lickitung|91\/297\n|move|p1a: Lickitung|Hyper Beam|p2a: Persian\n|-damage|p2a: Persian|0 fnt\n|faint|p2a: Persian\n|inactive|doooooosh has 120 seconds left.\n|\n|t:|1666558651\n|switch|p2a: Jolteon|Jolteon, L68|82\/229\n|turn|16\n|\n|t:|1666558667\n|move|p2a: Jolteon|Thunderbolt|p1a: Lickitung\n|-damage|p1a: Lickitung|0 fnt\n|faint|p1a: Lickitung\n|\n|t:|1666558669\n|switch|p1a: Mr. Mime|Mr. Mime, L77|220\/220\n|turn|17\n|inactive|doooooosh has 120 seconds left.\n|\n|t:|1666558715\n|move|p2a: Jolteon|Thunder Wave|p1a: Mr. Mime\n|-status|p1a: Mr. Mime|par\n|cant|p1a: Mr. Mime|par\n|\n|upkeep\n|turn|18\n|inactive|doooooosh has 90 seconds left.\n|\n|t:|1666558737\n|switch|p2a: Abra|Abra, L88|223\/223\n|move|p1a: Mr. Mime|Psychic|p2a: Abra\n|-resisted|p2a: Abra\n|-damage|p2a: Abra|187\/223\n|\n|upkeep\n|turn|19\n|inactive|doooooosh has 90 seconds left.\n|\n|t:|1666558760\n|move|p2a: Abra|Psychic|p1a: Mr. Mime\n|-resisted|p1a: Mr. Mime\n|-damage|p1a: Mr. Mime|168\/220 par\n|cant|p1a: Mr. Mime|par\n|\n|upkeep\n|turn|20\n|\n|t:|1666558766\n|move|p2a: Abra|Seismic Toss|p1a: Mr. Mime\n|-damage|p1a: Mr. Mime|80\/220 par\n|cant|p1a: Mr. Mime|par\n|\n|upkeep\n|turn|21\n|\n|t:|1666558777\n|switch|p1a: Arcanine|Arcanine, L77|81\/297\n|move|p2a: Abra|Seismic Toss|p1a: Arcanine\n|-damage|p1a: Arcanine|0 fnt\n|faint|p1a: Arcanine\n|\n|t:|1666558787\n|switch|p1a: Farfetch\u2019d|Farfetch\u2019d, L77|238\/238\n|turn|22\n|inactive|doooooosh has 90 seconds left.\n|\n|t:|1666558818\n|move|p2a: Abra|Psychic|p1a: Farfetch\u2019d\n|-damage|p1a: Farfetch\u2019d|85\/238\n|-unboost|p1a: Farfetch\u2019d|spd|1\n|-unboost|p1a: Farfetch\u2019d|spa|1\n|move|p1a: Farfetch\u2019d|Agility|p1a: Farfetch\u2019d\n|-boost|p1a: Farfetch\u2019d|spe|2\n|\n|upkeep\n|turn|23\n|\n|t:|1666558828\n|move|p1a: Farfetch\u2019d|Slash|p2a: Abra\n|-crit|p2a: Abra\n|-damage|p2a: Abra|0 fnt\n|faint|p2a: Abra\n|\n|t:|1666558840\n|switch|p2a: Mewtwo|Mewtwo, L62|261\/261\n|turn|24\n|\n|t:|1666558846\n|move|p1a: Farfetch\u2019d|Body Slam|p2a: Mewtwo\n|-damage|p2a: Mewtwo|186\/261\n|-status|p2a: Mewtwo|par\n|move|p2a: Mewtwo|Psychic|p1a: Farfetch\u2019d\n|-crit|p1a: Farfetch\u2019d\n|-damage|p1a: Farfetch\u2019d|0 fnt\n|faint|p1a: Farfetch\u2019d\n|\n|t:|1666558863\n|switch|p1a: Kabutops|Kabutops, L77|164\/251\n|turn|25\n|\n|t:|1666558872\n|move|p1a: Kabutops|Slash|p2a: Mewtwo\n|-crit|p2a: Mewtwo\n|-damage|p2a: Mewtwo|63\/261 par\n|move|p2a: Mewtwo|Psychic|p1a: Kabutops\n|-damage|p1a: Kabutops|71\/251\n|\n|upkeep\n|turn|26\n|inactive|doooooosh has 90 seconds left.\n|\n|t:|1666558894\n|switch|p2a: Onix|Onix, L77|212\/212 slp\n|move|p1a: Kabutops|Slash|p2a: Onix\n|-crit|p2a: Onix\n|-resisted|p2a: Onix\n|-damage|p2a: Onix|178\/212 slp\n|\n|upkeep\n|turn|27\n|\n|t:|1666558897\n|switch|p2a: Jolteon|Jolteon, L68|82\/229\n|move|p1a: Kabutops|Surf|p2a: Jolteon\n|-damage|p2a: Jolteon|5\/229\n|\n|upkeep\n|turn|28\n|\n|t:|1666558907\n|move|p2a: Jolteon|Thunderbolt|p1a: Kabutops\n|-supereffective|p1a: Kabutops\n|-damage|p1a: Kabutops|0 fnt\n|faint|p1a: Kabutops\n|\n|t:|1666558908\n|switch|p1a: Mr. Mime|Mr. Mime, L77|80\/220 par\n|turn|29\n|inactive|doooooosh has 90 seconds left.\n|\n|t:|1666558930\n|move|p2a: Jolteon|Thunderbolt|p1a: Mr. Mime\n|-damage|p1a: Mr. Mime|4\/220 par\n|move|p1a: Mr. Mime|Seismic Toss|p2a: Jolteon\n|-damage|p2a: Jolteon|0 fnt\n|faint|p2a: Jolteon\n|\n|t:|1666558935\n|switch|p2a: Mewtwo|Mewtwo, L62|63\/261 par\n|turn|30\n|\n|t:|1666558937\n|move|p2a: Mewtwo|Psychic|p1a: Mr. Mime\n|-resisted|p1a: Mr. Mime\n|-damage|p1a: Mr. Mime|0 fnt\n|faint|p1a: Mr. Mime\n|\n|win|doooooosh\n|c|\u2606LoSconosciuto|gg\n|c|\u2606doooooosh|gg\n","inputlog":">version 9c5d654b898167f5ae9ca6e9cc2965040adf185e\n>start {\"formatid\":\"gen1randombattle\",\"seed\":[58286,63891,41234,9388]}\n>player p1 {\"name\":\"LoSconosciuto\",\"avatar\":\"#teamgapdos\",\"rating\":0,\"seed\":[13795,49248,26220,64995]}\n>player p2 {\"name\":\"doooooosh\",\"avatar\":\"dragontamer\",\"rating\":0,\"seed\":[58803,5160,1588,7939]}\n>p1 move sleeppowder\n>p2 switch 5\n>p1 move stunspore\n>p2 switch 4\n>p1 move megadrain\n>p2 move blizzard\n>p1 move stunspore\n>p2 move blizzard\n>p1 move megadrain\n>p2 move bodyslam\n>p1 move doubleedge\n>p2 move bodyslam\n>p2 switch 3\n>p1 move sleeppowder\n>p2 move bodyslam\n>p1 switch 3\n>p1 move fireblast\n>p2 move slash\n>p1 move fireblast\n>p2 move slash\n>p1 switch 4\n>p2 move slash\n>chat \u2606doooooosh|that was unlucky\n>p1 move surf\n>p2 move slash\n>p1 move surf\n>p2 switch 6\n>p1 switch 6\n>p2 move thunderbolt\n>p1 move bodyslam\n>p2 switch 6\n>p1 move hyperbeam\n>p2 move slash\n>p2 switch 6\n>p1 move bodyslam\n>p2 move thunderbolt\n>p1 switch 5\n>p1 move psychic\n>p2 move thunderwave\n>p1 move psychic\n>p2 switch 2\n>p1 move thunderwave\n>p2 move psychic\n>p1 move thunderwave\n>p2 move seismictoss\n>p1 switch 4\n>p2 move seismictoss\n>p1 switch 2\n>p1 move agility\n>p2 move psychic\n>p1 move slash\n>p2 move thunderwave\n>p2 switch 5\n>p1 move bodyslam\n>p2 move psychic\n>p1 switch 6\n>p1 move slash\n>p2 move psychic\n>p1 move slash\n>p2 switch 4\n>p1 move surf\n>p2 switch 2\n>p1 move slash\n>p2 move thunderbolt\n>p1 switch 4\n>p1 move seismictoss\n>p2 move thunderbolt\n>p2 switch 4\n>p1 move seismictoss\n>p2 move psychic","uploadtime":1666558945,"views":22,"p1id":"losconosciuto","p2id":"doooooosh","formatid":"gen1randombattle","rating":0,"private":0,"password":null}