{"id":"gen1randombattle-1690055313","p1":"CollectorEly","p2":"LoSconosciuto","format":"gen1randombattle","log":"|j|\u2606CollectorEly\n|j|\u2606LoSconosciuto\n|t:|1666229302\n|gametype|singles\n|player|p1|CollectorEly|erika|\n|player|p2|LoSconosciuto|#teamgapdos|\n|teamsize|p1|6\n|teamsize|p2|6\n|gen|1\n|tier|[Gen 1] Random Battle\n|rule|Desync Clause Mod: Desyncs changed to move failure.\n|rule|Sleep Clause Mod: Limit one foe put to sleep\n|rule|Freeze Clause Mod: Limit one foe frozen\n|rule|Species Clause: Limit one of each Pok\u00e9mon\n|rule|OHKO Clause: OHKO moves are banned\n|rule|Evasion Moves Clause: Evasion moves are banned\n|rule|Endless Battle Clause: Forcing endless battles is banned\n|rule|HP Percentage Mod: HP is shown in percentages\n|\n|t:|1666229302\n|start\n|switch|p1a: Electabuzz|Electabuzz, L74|249\/249\n|switch|p2a: Starmie|Starmie, L68|222\/222\n|turn|1\n|inactive|Battle timer is ON: inactive players will automatically lose when time's up. (requested by LoSconosciuto)\n|c|\u2606LoSconosciuto|hf\n|c|\u2606CollectorEly|you too\n|\n|t:|1666229316\n|switch|p2a: Sandslash|Sandslash, L77|274\/274\n|move|p1a: Electabuzz|Seismic Toss|p2a: Sandslash\n|-damage|p2a: Sandslash|200\/274\n|\n|upkeep\n|turn|2\n|\n|t:|1666229323\n|switch|p1a: Golbat|Golbat, L77|274\/274\n|move|p2a: Sandslash|Body Slam|p1a: Golbat\n|-crit|p1a: Golbat\n|-damage|p1a: Golbat|153\/274\n|\n|upkeep\n|turn|3\n|\n|t:|1666229334\n|switch|p2a: Voltorb|Voltorb, L88|250\/250\n|move|p1a: Golbat|Confuse Ray|p2a: Voltorb\n|-start|p2a: Voltorb|confusion\n|\n|upkeep\n|turn|4\n|\n|t:|1666229344\n|-activate|p2a: Voltorb|confusion\n|-damage|p2a: Voltorb|225\/250|[from] confusion\n|move|p1a: Golbat|Double-Edge|p2a: Voltorb\n|-damage|p2a: Voltorb|153\/250\n|-damage|p1a: Golbat|135\/274|[from] Recoil|[of] p2a: Voltorb\n|\n|upkeep\n|turn|5\n|\n|t:|1666229351\n|-activate|p2a: Voltorb|confusion\n|move|p2a: Voltorb|Thunderbolt|p1a: Golbat\n|-supereffective|p1a: Golbat\n|-damage|p1a: Golbat|0 fnt\n|faint|p1a: Golbat\n|\n|t:|1666229365\n|switch|p1a: Electabuzz|Electabuzz, L74|249\/249\n|turn|6\n|\n|t:|1666229371\n|switch|p2a: Sandslash|Sandslash, L77|200\/274\n|move|p1a: Electabuzz|Psychic|p2a: Sandslash\n|-damage|p2a: Sandslash|137\/274\n|\n|upkeep\n|turn|7\n|\n|t:|1666229377\n|switch|p1a: Seadra|Seadra, L77|243\/243\n|move|p2a: Sandslash|Earthquake|p1a: Seadra\n|-damage|p1a: Seadra|150\/243\n|\n|upkeep\n|turn|8\n|\n|t:|1666229386\n|switch|p2a: Starmie|Starmie, L68|222\/222\n|move|p1a: Seadra|Blizzard|p2a: Starmie\n|-resisted|p2a: Starmie\n|-damage|p2a: Starmie|184\/222\n|\n|upkeep\n|turn|9\n|\n|t:|1666229394\n|move|p2a: Starmie|Thunder Wave|p1a: Seadra\n|-status|p1a: Seadra|par\n|move|p1a: Seadra|Blizzard|p2a: Starmie\n|-resisted|p2a: Starmie\n|-damage|p2a: Starmie|149\/222\n|\n|upkeep\n|turn|10\n|\n|t:|1666229400\n|switch|p1a: Chansey|Chansey, L68|481\/481\n|move|p2a: Starmie|Thunder Wave|p1a: Chansey\n|-status|p1a: Chansey|par\n|\n|upkeep\n|turn|11\n|\n|t:|1666229410\n|switch|p2a: Lickitung|Lickitung, L77|297\/297\n|move|p1a: Chansey|Sing|p2a: Lickitung|[miss]\n|-miss|p1a: Chansey\n|\n|upkeep\n|turn|12\n|\n|t:|1666229416\n|move|p2a: Lickitung|Swords Dance|p2a: Lickitung\n|-boost|p2a: Lickitung|atk|2\n|move|p1a: Chansey|Sing|p2a: Lickitung|[miss]\n|-miss|p1a: Chansey\n|\n|upkeep\n|turn|13\n|\n|t:|1666229421\n|switch|p1a: Primeape|Primeape, L77|258\/258\n|move|p2a: Lickitung|Body Slam|p1a: Primeape\n|-damage|p1a: Primeape|124\/258\n|\n|upkeep\n|turn|14\n|\n|t:|1666229428\n|switch|p2a: Starmie|Starmie, L68|149\/222\n|move|p1a: Primeape|Submission|p2a: Starmie|[miss]\n|-miss|p1a: Primeape\n|\n|upkeep\n|turn|15\n|c|\u2606CollectorEly|fr\n|j| Teres BAHJI\n|\n|t:|1666229439\n|switch|p2a: Lickitung|Lickitung, L77|297\/297\n|move|p1a: Primeape|Body Slam|p2a: Lickitung\n|-damage|p2a: Lickitung|229\/297\n|\n|upkeep\n|turn|16\n|\n|t:|1666229447\n|switch|p2a: Starmie|Starmie, L68|149\/222\n|move|p1a: Primeape|Body Slam|p2a: Starmie\n|-damage|p2a: Starmie|80\/222\n|\n|upkeep\n|turn|17\n|\n|t:|1666229454\n|move|p2a: Starmie|Recover|p2a: Starmie\n|-heal|p2a: Starmie|191\/222\n|move|p1a: Primeape|Body Slam|p2a: Starmie\n|-damage|p2a: Starmie|121\/222\n|\n|upkeep\n|turn|18\n|\n|t:|1666229460\n|move|p2a: Starmie|Surf|p1a: Primeape\n|-crit|p1a: Primeape\n|-damage|p1a: Primeape|0 fnt\n|faint|p1a: Primeape\n|\n|t:|1666229467\n|switch|p1a: Electabuzz|Electabuzz, L74|249\/249\n|turn|19\n|\n|t:|1666229475\n|switch|p2a: Voltorb|Voltorb, L88|153\/250\n|move|p1a: Electabuzz|Thunderbolt|p2a: Voltorb\n|-crit|p2a: Voltorb\n|-resisted|p2a: Voltorb\n|-damage|p2a: Voltorb|69\/250\n|\n|upkeep\n|turn|20\n|\n|t:|1666229482\n|switch|p1a: Seadra|Seadra, L77|150\/243 par\n|move|p2a: Voltorb|Thunder Wave|p1a: Seadra\n|-fail|p1a: Seadra|par\n|\n|upkeep\n|turn|21\n|\n|t:|1666229492\n|move|p2a: Voltorb|Thunderbolt|p1a: Seadra\n|-supereffective|p1a: Seadra\n|-damage|p1a: Seadra|0 fnt\n|faint|p1a: Seadra\n|\n|t:|1666229499\n|switch|p1a: Electabuzz|Electabuzz, L74|249\/249\n|turn|22\n|\n|t:|1666229503\n|move|p2a: Voltorb|Thunder Wave|p1a: Electabuzz\n|-status|p1a: Electabuzz|par\n|move|p1a: Electabuzz|Seismic Toss|p2a: Voltorb\n|-damage|p2a: Voltorb|0 fnt\n|faint|p2a: Voltorb\n|\n|t:|1666229508\n|switch|p2a: Sandslash|Sandslash, L77|137\/274\n|turn|23\n|\n|t:|1666229513\n|move|p2a: Sandslash|Swords Dance|p2a: Sandslash\n|-boost|p2a: Sandslash|atk|2\n|move|p1a: Electabuzz|Psychic|p2a: Sandslash\n|-damage|p2a: Sandslash|69\/274\n|\n|upkeep\n|turn|24\n|\n|t:|1666229519\n|move|p2a: Sandslash|Earthquake|p1a: Electabuzz\n|-supereffective|p1a: Electabuzz\n|-damage|p1a: Electabuzz|0 fnt\n|faint|p1a: Electabuzz\n|\n|t:|1666229524\n|switch|p1a: Mew|Mew, L65|265\/265\n|turn|25\n|\n|t:|1666229532\n|switch|p2a: Articuno|Articuno, L74|286\/286\n|move|p1a: Mew|Psychic|p2a: Articuno\n|-damage|p2a: Articuno|235\/286\n|\n|upkeep\n|turn|26\n|\n|t:|1666229543\n|move|p2a: Articuno|Blizzard|p1a: Mew\n|-crit|p1a: Mew\n|-damage|p1a: Mew|0 fnt\n|faint|p1a: Mew\n|\n|t:|1666229547\n|switch|p1a: Chansey|Chansey, L68|481\/481 par\n|turn|27\n|\n|t:|1666229552\n|move|p2a: Articuno|Blizzard|p1a: Chansey|[miss]\n|-miss|p2a: Articuno\n|cant|p1a: Chansey|par\n|\n|upkeep\n|turn|28\n|\n|t:|1666229556\n|move|p2a: Articuno|Blizzard|p1a: Chansey|[miss]\n|-miss|p2a: Articuno\n|cant|p1a: Chansey|par\n|\n|upkeep\n|turn|29\n|\n|t:|1666229560\n|move|p2a: Articuno|Blizzard|p1a: Chansey\n|-damage|p1a: Chansey|354\/481 par\n|move|p1a: Chansey|Sing|p2a: Articuno\n|-status|p2a: Articuno|slp|[from] move: Sing\n|\n|upkeep\n|turn|30\n|\n|t:|1666229566\n|switch|p2a: Lickitung|Lickitung, L77|229\/297\n|move|p1a: Chansey|Soft-Boiled|p1a: Chansey\n|-heal|p1a: Chansey|481\/481 par\n|\n|upkeep\n|turn|31\n|\n|t:|1666229570\n|move|p2a: Lickitung|Swords Dance|p2a: Lickitung\n|-boost|p2a: Lickitung|atk|2\n|move|p1a: Chansey|Thunder Wave|p2a: Lickitung\n|-status|p2a: Lickitung|par\n|\n|upkeep\n|turn|32\n|\n|t:|1666229582\n|cant|p2a: Lickitung|par\n|move|p1a: Chansey|Ice Beam|p2a: Lickitung\n|-damage|p2a: Lickitung|167\/297 par\n|\n|upkeep\n|turn|33\n|\n|t:|1666229586\n|cant|p2a: Lickitung|par\n|move|p1a: Chansey|Ice Beam|p2a: Lickitung\n|-damage|p2a: Lickitung|101\/297 par\n|\n|upkeep\n|turn|34\n|\n|t:|1666229591\n|move|p2a: Lickitung|Hyper Beam|p1a: Chansey\n|-damage|p1a: Chansey|0 fnt\n|faint|p1a: Chansey\n|\n|win|LoSconosciuto\n|c|\u2606LoSconosciuto|gg\n|l|\u2606CollectorEly\n|l| Teres BAHJI\n","inputlog":">version 9c5d654b898167f5ae9ca6e9cc2965040adf185e\n>start {\"formatid\":\"gen1randombattle\",\"seed\":[55823,57376,11609,13840]}\n>player p1 {\"name\":\"CollectorEly\",\"avatar\":\"erika\",\"rating\":0,\"seed\":[64432,59871,6741,62033]}\n>player p2 {\"name\":\"LoSconosciuto\",\"avatar\":\"#teamgapdos\",\"rating\":0,\"seed\":[15189,54789,44286,54338]}\n>chat \u2606LoSconosciuto|hf\n>chat \u2606CollectorEly|you too\n>p1 move seismictoss\n>p2 switch 5\n>p1 switch 2\n>p2 move bodyslam\n>p1 move confuseray\n>p2 switch 3\n>p1 move doubleedge\n>p2 move thunderwave\n>p1 move doubleedge\n>p2 move thunderbolt\n>p1 switch 2\n>p1 move psychic\n>p2 switch 3\n>p1 switch 3\n>p2 move earthquake\n>p1 move blizzard\n>p2 switch 5\n>p1 move blizzard\n>p2 move thunderwave\n>p1 switch 5\n>p2 move thunderwave\n>p1 move sing\n>p2 switch 2\n>p1 move sing\n>p2 move swordsdance\n>p1 switch 4\n>p2 move bodyslam\n>p1 move submission\n>p2 switch 2\n>chat \u2606CollectorEly|fr\n>p1 move bodyslam\n>p2 switch 2\n>p1 move bodyslam\n>p2 switch 2\n>p1 move bodyslam\n>p2 move recover\n>p1 move bodyslam\n>p2 move surf\n>p1 switch 3\n>p1 move thunderbolt\n>p2 switch 3\n>p1 switch 5\n>p2 move thunderwave\n>p1 move surf\n>p2 move thunderbolt\n>p1 switch 5\n>p1 move seismictoss\n>p2 move thunderwave\n>p2 switch 5\n>p1 move psychic\n>p2 move swordsdance\n>p1 move seismictoss\n>p2 move earthquake\n>p1 switch 6\n>p1 move psychic\n>p2 switch 4\n>p1 move thunderwave\n>p2 move blizzard\n>p1 switch 4\n>p1 move sing\n>p2 move blizzard\n>p1 move sing\n>p2 move blizzard\n>p1 move sing\n>p2 move blizzard\n>p1 move softboiled\n>p2 switch 2\n>p1 move thunderwave\n>p2 move swordsdance\n>p1 move icebeam\n>p2 move hyperbeam\n>p1 move icebeam\n>p2 move hyperbeam\n>p1 move icebeam\n>p2 move hyperbeam","uploadtime":1666229600,"views":7,"p1id":"collectorely","p2id":"losconosciuto","formatid":"gen1randombattle","rating":0,"private":0,"password":null}