{"id":"gen1ou-1362187940","p1":"badalakazam","p2":"emma \u2764","format":"gen1ou","log":"|j|\u2606badalakazam\n|j|\u2606emma \u2764\n|t:|1624210695\n|gametype|singles\n|player|p1|badalakazam|youngster-gen4dp|\n|player|p2|emma \u2764|selene|\n|teamsize|p1|6\n|teamsize|p2|6\n|gen|1\n|tier|[Gen 1] OU\n|rated|Tournament battle\n|rule|Desync Clause Mod: Desyncs changed to move failure.\n|rule|Sleep Clause Mod: Limit one foe put to sleep\n|rule|Freeze Clause Mod: Limit one foe frozen\n|rule|Species Clause: Limit one of each Pok\u00e9mon\n|rule|OHKO Clause: OHKO moves are banned\n|rule|Evasion Moves Clause: Evasion moves are banned\n|rule|Endless Battle Clause: Forcing endless battles is banned\n|rule|HP Percentage Mod: HP is shown in percentages\n|\n|t:|1624210695\n|start\n|switch|p1a: Starmie|Starmie|100\/100\n|switch|p2a: Jynx|Jynx|100\/100\n|turn|1\n|inactive|Battle timer is ON: inactive players will automatically lose when time's up. (requested by emma \u2764)\n|\n|t:|1624210701\n|move|p1a: Starmie|Thunder Wave|p2a: Jynx\n|-status|p2a: Jynx|par\n|move|p2a: Jynx|Lovely Kiss|p1a: Starmie\n|-status|p1a: Starmie|slp|[from] move: Lovely Kiss\n|\n|upkeep\n|turn|2\n|j| samusco\n|\n|t:|1624210709\n|switch|p1a: Chansey|Chansey|100\/100\n|switch|p2a: Tauros|Tauros|100\/100\n|\n|upkeep\n|turn|3\n|\n|t:|1624210723\n|switch|p2a: Jynx|Jynx|100\/100 par\n|move|p1a: Chansey|Thunder Wave|p2a: Jynx\n|-fail|p2a: Jynx|par\n|\n|upkeep\n|turn|4\n|\n|t:|1624210732\n|move|p1a: Chansey|Thunderbolt|p2a: Jynx\n|-damage|p2a: Jynx|78\/100 par\n|move|p2a: Jynx|Blizzard|p1a: Chansey\n|-damage|p1a: Chansey|81\/100\n|\n|upkeep\n|turn|5\n|\n|t:|1624210736\n|move|p1a: Chansey|Thunderbolt|p2a: Jynx\n|-damage|p2a: Jynx|54\/100 par\n|cant|p2a: Jynx|par\n|\n|upkeep\n|turn|6\n|\n|t:|1624210740\n|move|p1a: Chansey|Thunderbolt|p2a: Jynx\n|-damage|p2a: Jynx|31\/100 par\n|move|p2a: Jynx|Rest|p2a: Jynx\n|-status|p2a: Jynx|slp|[from] move: Rest\n|-heal|p2a: Jynx|100\/100 slp|[silent]\n|\n|upkeep\n|turn|7\n|j|^alpha male psyduck\n|\n|t:|1624210745\n|switch|p1a: Tauros|Tauros|100\/100\n|cant|p2a: Jynx|slp\n|\n|upkeep\n|turn|8\n|\n|t:|1624210748\n|switch|p2a: Snorlax|Snorlax|100\/100\n|move|p1a: Tauros|Body Slam|p2a: Snorlax\n|-damage|p2a: Snorlax|76\/100\n|\n|upkeep\n|turn|9\n|j| Megatrainer19\n|\n|t:|1624210755\n|switch|p1a: Gengar|Gengar|100\/100\n|move|p2a: Snorlax|Body Slam|p1a: Gengar\n|-immune|p1a: Gengar\n|\n|upkeep\n|turn|10\n|l| Megatrainer19\n|\n|t:|1624210778\n|switch|p2a: Jynx|Jynx|100\/100 slp\n|move|p1a: Gengar|Hypnosis|p2a: Jynx|[miss]\n|-miss|p1a: Gengar\n|\n|upkeep\n|turn|11\n|\n|t:|1624210784\n|move|p1a: Gengar|Thunderbolt|p2a: Jynx\n|-crit|p2a: Jynx\n|-damage|p2a: Jynx|43\/100 slp\n|-curestatus|p2a: Jynx|slp|[msg]\n|\n|upkeep\n|turn|12\n|\n|t:|1624210795\n|switch|p1a: Chansey|Chansey|81\/100\n|move|p2a: Jynx|Psychic|p1a: Chansey\n|-damage|p1a: Chansey|66\/100\n|\n|upkeep\n|turn|13\n|\n|t:|1624210801\n|move|p2a: Jynx|Blizzard|p1a: Chansey\n|-crit|p1a: Chansey\n|-damage|p1a: Chansey|29\/100\n|move|p1a: Chansey|Thunder Wave|p2a: Jynx\n|-status|p2a: Jynx|par\n|\n|upkeep\n|turn|14\n|\n|t:|1624210805\n|move|p1a: Chansey|Soft-Boiled|p1a: Chansey\n|-heal|p1a: Chansey|79\/100\n|cant|p2a: Jynx|par\n|\n|upkeep\n|turn|15\n|\n|t:|1624210810\n|move|p1a: Chansey|Thunderbolt|p2a: Jynx\n|-crit|p2a: Jynx\n|-damage|p2a: Jynx|0 fnt\n|faint|p2a: Jynx\n|\n|t:|1624210817\n|switch|p2a: Chansey|Chansey|100\/100\n|turn|16\n|\n|t:|1624210835\n|move|p1a: Chansey|Ice Beam|p2a: Chansey\n|-crit|p2a: Chansey\n|-damage|p2a: Chansey|80\/100\n|move|p2a: Chansey|Ice Beam|p1a: Chansey\n|-damage|p1a: Chansey|69\/100\n|\n|upkeep\n|turn|17\n|\n|t:|1624210841\n|move|p1a: Chansey|Ice Beam|p2a: Chansey\n|-damage|p2a: Chansey|69\/100\n|move|p2a: Chansey|Ice Beam|p1a: Chansey\n|-crit|p1a: Chansey\n|-damage|p1a: Chansey|48\/100\n|\n|upkeep\n|turn|18\n|\n|t:|1624210844\n|move|p2a: Chansey|Ice Beam|p1a: Chansey\n|-damage|p1a: Chansey|37\/100\n|move|p1a: Chansey|Soft-Boiled|p1a: Chansey\n|-heal|p1a: Chansey|87\/100\n|\n|upkeep\n|turn|19\n|\n|t:|1624210847\n|move|p1a: Chansey|Ice Beam|p2a: Chansey\n|-damage|p2a: Chansey|59\/100\n|move|p2a: Chansey|Ice Beam|p1a: Chansey\n|-damage|p1a: Chansey|77\/100\n|\n|upkeep\n|turn|20\n|\n|t:|1624210850\n|move|p1a: Chansey|Ice Beam|p2a: Chansey\n|-damage|p2a: Chansey|49\/100\n|move|p2a: Chansey|Ice Beam|p1a: Chansey\n|-damage|p1a: Chansey|67\/100\n|\n|upkeep\n|turn|21\n|\n|t:|1624210858\n|move|p2a: Chansey|Ice Beam|p1a: Chansey\n|-damage|p1a: Chansey|56\/100\n|move|p1a: Chansey|Ice Beam|p2a: Chansey\n|-damage|p2a: Chansey|39\/100\n|\n|upkeep\n|turn|22\n|\n|t:|1624210861\n|move|p2a: Chansey|Ice Beam|p1a: Chansey\n|-damage|p1a: Chansey|47\/100\n|move|p1a: Chansey|Soft-Boiled|p1a: Chansey\n|-heal|p1a: Chansey|97\/100\n|\n|upkeep\n|turn|23\n|\n|t:|1624210865\n|move|p1a: Chansey|Ice Beam|p2a: Chansey\n|-damage|p2a: Chansey|29\/100\n|move|p2a: Chansey|Soft-Boiled|p2a: Chansey\n|-heal|p2a: Chansey|79\/100\n|\n|upkeep\n|turn|24\n|\n|t:|1624210878\n|move|p2a: Chansey|Ice Beam|p1a: Chansey\n|-damage|p1a: Chansey|86\/100\n|-status|p1a: Chansey|frz\n|cant|p1a: Chansey|frz\n|\n|upkeep\n|turn|25\n|inactive|badalakazam has 120 seconds left.\n|\n|t:|1624210910\n|switch|p1a: Starmie|Starmie|100\/100 slp\n|move|p2a: Chansey|Thunderbolt|p1a: Starmie\n|-supereffective|p1a: Starmie\n|-damage|p1a: Starmie|54\/100 slp\n|\n|upkeep\n|turn|26\n|\n|t:|1624210921\n|cant|p1a: Starmie|slp\n|move|p2a: Chansey|Thunderbolt|p1a: Starmie\n|-supereffective|p1a: Starmie\n|-damage|p1a: Starmie|3\/100 slp\n|\n|upkeep\n|turn|27\n|\n|t:|1624210923\n|cant|p1a: Starmie|slp\n|move|p2a: Chansey|Thunderbolt|p1a: Starmie\n|-supereffective|p1a: Starmie\n|-damage|p1a: Starmie|0 fnt\n|faint|p1a: Starmie\n|\n|t:|1624210927\n|switch|p1a: Gengar|Gengar|100\/100\n|turn|28\n|\n|t:|1624210934\n|switch|p2a: Jolteon|Jolteon|100\/100\n|move|p1a: Gengar|Hypnosis|p2a: Jolteon|[miss]\n|-miss|p1a: Gengar\n|\n|upkeep\n|turn|29\n|\n|t:|1624210944\n|move|p2a: Jolteon|Thunder Wave|p1a: Gengar\n|-status|p1a: Gengar|par\n|move|p1a: Gengar|Hypnosis|p2a: Jolteon\n|-status|p2a: Jolteon|slp|[from] move: Hypnosis\n|\n|upkeep\n|turn|30\n|\n|t:|1624210950\n|switch|p1a: Tauros|Tauros|100\/100\n|cant|p2a: Jolteon|slp\n|\n|upkeep\n|turn|31\n|\n|t:|1624210956\n|switch|p2a: Snorlax|Snorlax|76\/100\n|move|p1a: Tauros|Body Slam|p2a: Snorlax\n|-damage|p2a: Snorlax|53\/100\n|\n|upkeep\n|turn|32\n|\n|t:|1624210965\n|move|p1a: Tauros|Body Slam|p2a: Snorlax\n|-damage|p2a: Snorlax|27\/100\n|move|p2a: Snorlax|Body Slam|p1a: Tauros\n|-damage|p1a: Tauros|71\/100\n|\n|upkeep\n|turn|33\n|\n|t:|1624210975\n|switch|p1a: Gengar|Gengar|100\/100 par\n|switch|p2a: Cloyster|Cloyster|100\/100\n|\n|upkeep\n|turn|34\n|\n|t:|1624210982\n|move|p2a: Cloyster|Blizzard|p1a: Gengar\n|-damage|p1a: Gengar|66\/100 par\n|move|p1a: Gengar|Thunderbolt|p2a: Cloyster\n|-supereffective|p2a: Cloyster\n|-damage|p2a: Cloyster|35\/100\n|\n|upkeep\n|turn|35\n|\n|t:|1624210997\n|switch|p2a: Chansey|Chansey|79\/100\n|move|p1a: Gengar|Thunderbolt|p2a: Chansey\n|-crit|p2a: Chansey\n|-damage|p2a: Chansey|56\/100\n|\n|upkeep\n|turn|36\n|\n|t:|1624211001\n|move|p2a: Chansey|Soft-Boiled|p2a: Chansey\n|-heal|p2a: Chansey|100\/100\n|move|p1a: Gengar|Explosion|p2a: Chansey\n|-damage|p2a: Chansey|18\/100\n|faint|p1a: Gengar\n|\n|t:|1624211007\n|switch|p1a: Tauros|Tauros|71\/100\n|turn|37\n|\n|t:|1624211013\n|move|p1a: Tauros|Body Slam|p2a: Chansey\n|-damage|p2a: Chansey|0 fnt\n|faint|p2a: Chansey\n|\n|t:|1624211017\n|switch|p2a: Cloyster|Cloyster|35\/100\n|turn|38\n|\n|t:|1624211026\n|move|p1a: Tauros|Hyper Beam|p2a: Cloyster|[miss]\n|-miss|p1a: Tauros\n|move|p2a: Cloyster|Blizzard|p1a: Tauros\n|-damage|p1a: Tauros|28\/100\n|\n|upkeep\n|turn|39\n|\n|t:|1624211036\n|move|p1a: Tauros|Body Slam|p2a: Cloyster\n|-crit|p2a: Cloyster\n|-damage|p2a: Cloyster|0 fnt\n|faint|p2a: Cloyster\n|\n|t:|1624211041\n|switch|p2a: Tauros|Tauros|100\/100\n|turn|40\n|\n|t:|1624211046\n|switch|p1a: Exeggutor|Exeggutor|100\/100\n|move|p2a: Tauros|Body Slam|p1a: Exeggutor\n|-damage|p1a: Exeggutor|70\/100\n|\n|upkeep\n|turn|41\n|\n|t:|1624211056\n|move|p2a: Tauros|Body Slam|p1a: Exeggutor\n|-damage|p1a: Exeggutor|41\/100\n|-status|p1a: Exeggutor|par\n|move|p1a: Exeggutor|Psychic|p2a: Tauros\n|-damage|p2a: Tauros|53\/100\n|\n|upkeep\n|turn|42\n|\n|t:|1624211063\n|move|p2a: Tauros|Hyper Beam|p1a: Exeggutor\n|-crit|p1a: Exeggutor\n|-damage|p1a: Exeggutor|0 fnt\n|faint|p1a: Exeggutor\n|\n|t:|1624211081\n|switch|p1a: Tauros|Tauros|28\/100\n|turn|43\n|\n|t:|1624211096\n|switch|p1a: Chansey|Chansey|86\/100 frz\n|move|p2a: Tauros|Body Slam|p1a: Chansey\n|-damage|p1a: Chansey|46\/100 frz\n|\n|upkeep\n|turn|44\n|j| the parody96\n|\n|t:|1624211100\n|move|p2a: Tauros|Body Slam|p1a: Chansey\n|-damage|p1a: Chansey|8\/100 frz\n|cant|p1a: Chansey|frz\n|\n|upkeep\n|turn|45\n|\n|t:|1624211105\n|switch|p2a: Snorlax|Snorlax|27\/100\n|cant|p1a: Chansey|frz\n|\n|upkeep\n|turn|46\n|\n|t:|1624211109\n|switch|p1a: Snorlax|Snorlax|100\/100\n|move|p2a: Snorlax|Reflect|p2a: Snorlax\n|-start|p2a: Snorlax|Reflect\n|\n|upkeep\n|turn|47\n|\n|t:|1624211115\n|move|p1a: Snorlax|Body Slam|p2a: Snorlax\n|-damage|p2a: Snorlax|14\/100\n|move|p2a: Snorlax|Rest|p2a: Snorlax\n|-status|p2a: Snorlax|slp|[from] move: Rest\n|-heal|p2a: Snorlax|100\/100 slp|[silent]\n|\n|upkeep\n|turn|48\n|\n|t:|1624211119\n|cant|p2a: Snorlax|slp\n|move|p1a: Snorlax|Amnesia|p1a: Snorlax\n|-boost|p1a: Snorlax|spd|2\n|-boost|p1a: Snorlax|spa|2\n|\n|upkeep\n|turn|49\n|\n|t:|1624211123\n|move|p1a: Snorlax|Amnesia|p1a: Snorlax\n|-boost|p1a: Snorlax|spd|2\n|-boost|p1a: Snorlax|spa|2\n|-curestatus|p2a: Snorlax|slp|[msg]\n|\n|upkeep\n|turn|50\n|\n|t:|1624211126\n|move|p2a: Snorlax|Body Slam|p1a: Snorlax\n|-damage|p1a: Snorlax|74\/100\n|move|p1a: Snorlax|Blizzard|p2a: Snorlax\n|-damage|p2a: Snorlax|47\/100\n|\n|upkeep\n|turn|51\n|\n|t:|1624211132\n|move|p2a: Snorlax|Body Slam|p1a: Snorlax\n|-damage|p1a: Snorlax|46\/100\n|move|p1a: Snorlax|Blizzard|p2a: Snorlax\n|-damage|p2a: Snorlax|0 fnt\n|faint|p2a: Snorlax\n|\n|t:|1624211136\n|switch|p2a: Tauros|Tauros|53\/100\n|turn|52\n|\n|t:|1624211143\n|move|p2a: Tauros|Hyper Beam|p1a: Snorlax\n|-damage|p1a: Snorlax|2\/100\n|-mustrecharge|p2a: Tauros\n|move|p1a: Snorlax|Blizzard|p2a: Tauros\n|-crit|p2a: Tauros\n|-damage|p2a: Tauros|6\/100\n|\n|upkeep\n|turn|53\n|\n|t:|1624211147\n|cant|p2a: Tauros|recharge\n|move|p1a: Snorlax|Body Slam|p2a: Tauros\n|-damage|p2a: Tauros|0 fnt\n|faint|p2a: Tauros\n|\n|t:|1624211149\n|switch|p2a: Jolteon|Jolteon|100\/100 slp\n|turn|54\n|\n|t:|1624211155\n|cant|p2a: Jolteon|slp\n|move|p1a: Snorlax|Blizzard|p2a: Jolteon\n|-damage|p2a: Jolteon|42\/100 slp\n|\n|upkeep\n|turn|55\n|\n|t:|1624211158\n|cant|p2a: Jolteon|slp\n|move|p1a: Snorlax|Blizzard|p2a: Jolteon\n|-damage|p2a: Jolteon|0 fnt\n|faint|p2a: Jolteon\n|\n|win|badalakazam\n|n|\u2606badalakazam|badalakazam\n|n|\u2606emma \u2764|emma\n|n| samusco|samusco\n|n| alpha male psyduck|alphamalepsyduck\n|n| the parody96|theparody96\n|c|\u2606emma \u2764|gg\n|l|\u2606emma \u2764\n|c|\u2606badalakazam|gg :)\n","uploadtime":1624211159,"views":37,"p1id":"badalakazam","p2id":"emma","formatid":"gen1ou","rating":0,"private":0,"password":null}