{"id":"gen1customgame-1538811840","p1":"ZCopen","p2":"ferromolybdenum","format":"gen1customgame","log":"|j|\u2606ZCopen\n|j|\u2606ferromolybdenum\n|t:|1648246474\n|gametype|singles\n|player|p1|ZCopen|266|\n|player|p2|ferromolybdenum|170|\n|teamsize|p1|6\n|teamsize|p2|6\n|gen|1\n|tier|[Gen 1] Custom Game\n|rule|HP Percentage Mod: HP is shown in percentages\n|rule|Desync Clause Mod: Desyncs changed to move failure.\n|rule|Endless Battle Clause: Forcing endless battles is banned\n|rule|OHKO Clause: OHKO moves are banned\n|rule|Evasion Moves Clause: Evasion moves are banned\n|rule|Species Clause: Limit one of each Pok\u00e9mon\n|rule|Dynamax Clause: You cannot dynamax\n|rule|Freeze Clause Mod: Limit one foe frozen\n|rule|Sleep Clause: Sleep-inducing moves are banned\n|\n|t:|1648246474\n|start\n|switch|p1a: Barry|Ninjask|325\/325\n|switch|p2a: Gastrodon|Gastrodon|425\/425\n|turn|1\n|inactive|Battle timer is ON: inactive players will automatically lose when time's up. (requested by ferromolybdenum)\n|inactive|ZCopen also wants the timer to be on.\n|\n|t:|1648246478\n|switch|p2a: Empoleon|Empoleon|371\/371\n|move|p1a: Barry|Acrobatics|p2a: Empoleon\n|debug|Power doubled for no item\n|-resisted|p2a: Empoleon\n|-damage|p2a: Empoleon|307\/371\n|\n|upkeep\n|turn|2\n|\n|t:|1648246480\n|move|p1a: Barry|U-turn|p2a: Empoleon\n|-crit|p2a: Empoleon\n|debug|Negating (sp)atk boost\/penalty.\n|debug|Negating (sp)def boost\/penalty.\n|-resisted|p2a: Empoleon\n|-damage|p2a: Empoleon|228\/371\n|\n|t:|1648246482\n|switch|p1a: BKC|Corviknight|399\/399\n|move|p2a: Empoleon|Aqua Ring|p2a: Empoleon\n|-start|p2a: Empoleon|Aqua Ring\n|\n|-heal|p2a: Empoleon|251\/371|[from] Aqua Ring\n|upkeep\n|turn|3\n|\n|t:|1648246485\n|move|p2a: Empoleon|Protect|p2a: Empoleon\n|-singleturn|p2a: Empoleon|Protect\n|move|p1a: BKC|U-turn|p2a: Empoleon\n|-activate|p2a: Empoleon|Protect\n|\n|-heal|p2a: Empoleon|274\/371|[from] Aqua Ring\n|upkeep\n|turn|4\n|\n|t:|1648246487\n|move|p2a: Empoleon|Protect|p2a: Empoleon\n|-singleturn|p2a: Empoleon|Protect\n|move|p1a: BKC|Body Press|p2a: Empoleon\n|-activate|p2a: Empoleon|Protect\n|\n|-heal|p2a: Empoleon|297\/371|[from] Aqua Ring\n|upkeep\n|turn|5\n|\n|t:|1648246502\n|move|p2a: Empoleon|Protect|p2a: Empoleon\n|-singleturn|p2a: Empoleon|Protect\n|move|p1a: BKC|Body Press|p2a: Empoleon\n|-activate|p2a: Empoleon|Protect\n|\n|-heal|p2a: Empoleon|320\/371|[from] Aqua Ring\n|upkeep\n|turn|6\n|\n|t:|1648246518\n|move|p2a: Empoleon|Protect|p2a: Empoleon\n|-singleturn|p2a: Empoleon|Protect\n|move|p1a: BKC|Body Press|p2a: Empoleon\n|-activate|p2a: Empoleon|Protect\n|\n|-heal|p2a: Empoleon|343\/371|[from] Aqua Ring\n|upkeep\n|turn|7\n|\n|t:|1648246527\n|switch|p2a: Milotic|Milotic|393\/393\n|move|p1a: BKC|U-turn|p2a: Milotic\n|-damage|p2a: Milotic|337\/393\n|\n|t:|1648246532\n|switch|p1a: Barry|Ninjask|325\/325\n|\n|upkeep\n|turn|8\n|\n|t:|1648246537\n|switch|p2a: Greninja|Greninja|347\/347\n|move|p1a: Barry|Acrobatics|p2a: Greninja\n|debug|Power doubled for no item\n|-damage|p2a: Greninja|193\/347\n|\n|upkeep\n|turn|9\n|\n|t:|1648246540\n|switch|p2a: Empoleon|Empoleon|343\/371\n|move|p1a: Barry|U-turn|p2a: Empoleon\n|-resisted|p2a: Empoleon\n|-damage|p2a: Empoleon|299\/371\n|\n|t:|1648246546\n|switch|p1a: BKC|Corviknight|399\/399\n|\n|upkeep\n|turn|10\n|\n|t:|1648246556\n|switch|p2a: Slowking|Slowking|393\/393\n|move|p1a: BKC|Body Press|p2a: Slowking\n|-crit|p2a: Slowking\n|debug|Negating (sp)atk boost\/penalty.\n|debug|Negating (sp)def boost\/penalty.\n|-resisted|p2a: Slowking\n|-damage|p2a: Slowking|315\/393\n|\n|upkeep\n|turn|11\n|\n|t:|1648246559\n|move|p1a: BKC|U-turn|p2a: Slowking\n|-supereffective|p2a: Slowking\n|-damage|p2a: Slowking|200\/393\n|\n|t:|1648246563\n|switch|p1a: The Workplace|Dragapult|379\/379\n|move|p2a: Slowking|Slack Off|p2a: Slowking\n|-heal|p2a: Slowking|393\/393\n|\n|upkeep\n|turn|12\n|\n|t:|1648246567\n|move|p1a: The Workplace|U-turn|p2a: Slowking\n|-supereffective|p2a: Slowking\n|-damage|p2a: Slowking|248\/393\n|\n|t:|1648246569\n|switch|p1a: Barry|Ninjask|325\/325\n|move|p2a: Slowking|Blizzard|p1a: Barry\n|-crit|p1a: Barry\n|debug|Negating (sp)atk boost\/penalty.\n|debug|Negating (sp)def boost\/penalty.\n|-supereffective|p1a: Barry\n|-damage|p1a: Barry|0 fnt\n|faint|p1a: Barry\n|\n|t:|1648246573\n|switch|p1a: Going Overboard|Blastoise|361\/361\n|turn|13\n|c|\u2606ferromolybdenum|B)\n|\n|t:|1648246578\n|move|p1a: Going Overboard|Blizzard|p2a: Slowking\n|-resisted|p2a: Slowking\n|-damage|p2a: Slowking|207\/393\n|move|p2a: Slowking|Amnesia|p2a: Slowking\n|-boost|p2a: Slowking|spd|2\n|-boost|p2a: Slowking|spa|2\n|\n|upkeep\n|turn|14\n|\n|t:|1648246580\n|move|p1a: Going Overboard|Shell Smash|p1a: Going Overboard\n|-unboost|p1a: Going Overboard|def|1\n|-unboost|p1a: Going Overboard|spd|1\n|-boost|p1a: Going Overboard|atk|2\n|-boost|p1a: Going Overboard|spa|2\n|-boost|p1a: Going Overboard|spe|2\n|move|p2a: Slowking|Slack Off|p2a: Slowking\n|-heal|p2a: Slowking|393\/393\n|\n|upkeep\n|turn|15\n|\n|t:|1648246591\n|move|p1a: Going Overboard|Signal Beam|p2a: Slowking\n|-supereffective|p2a: Slowking\n|-damage|p2a: Slowking|192\/393\n|move|p2a: Slowking|Scald|p1a: Going Overboard\n|-resisted|p1a: Going Overboard\n|-damage|p1a: Going Overboard|192\/361\n|\n|upkeep\n|turn|16\n|c|\u2606ferromolybdenum|holy shit that does that much\n|c|\u2606ferromolybdenum|to a mfing slowking\n|\n|t:|1648246608\n|switch|p2a: Milotic|Milotic|337\/393\n|move|p1a: Going Overboard|Signal Beam|p2a: Milotic\n|-damage|p2a: Milotic|223\/393\n|\n|upkeep\n|turn|17\n|c|\u2606ferromolybdenum|oh it's physical\n|\n|t:|1648246613\n|move|p1a: Going Overboard|Blizzard|p2a: Milotic\n|-resisted|p2a: Milotic\n|-damage|p2a: Milotic|155\/393\n|move|p2a: Milotic|Recover|p2a: Milotic\n|-heal|p2a: Milotic|351\/393\n|\n|upkeep\n|turn|18\n|\n|t:|1648246626\n|switch|p1a: BKC|Corviknight|399\/399\n|move|p2a: Milotic|Scald|p1a: BKC\n|-damage|p1a: BKC|298\/399\n|-status|p1a: BKC|brn\n|\n|upkeep\n|turn|19\n|\n|t:|1648246633\n|move|p2a: Milotic|Scald|p1a: BKC\n|-damage|p1a: BKC|190\/399 brn\n|move|p1a: BKC|U-turn|p2a: Milotic\n|-damage|p2a: Milotic|323\/393\n|-damage|p1a: BKC|166\/399 brn|[from] brn|[of] p2a: Milotic\n|\n|t:|1648246639\n|switch|p1a: The Hidden One|Cloyster|303\/303\n|\n|upkeep\n|turn|20\n|\n|t:|1648246649\n|move|p2a: Milotic|Scald|p1a: The Hidden One\n|-resisted|p1a: The Hidden One\n|-damage|p1a: The Hidden One|249\/303\n|move|p1a: The Hidden One|Blizzard|p2a: Milotic\n|-crit|p2a: Milotic\n|debug|Negating (sp)atk boost\/penalty.\n|debug|Negating (sp)def boost\/penalty.\n|-resisted|p2a: Milotic\n|-damage|p2a: Milotic|210\/393\n|-status|p2a: Milotic|frz\n|\n|upkeep\n|turn|21\n|\n|t:|1648246652\n|cant|p2a: Milotic|frz\n|move|p1a: The Hidden One|Shell Smash|p1a: The Hidden One\n|-unboost|p1a: The Hidden One|def|1\n|-unboost|p1a: The Hidden One|spd|1\n|-boost|p1a: The Hidden One|atk|2\n|-boost|p1a: The Hidden One|spa|2\n|-boost|p1a: The Hidden One|spe|2\n|\n|upkeep\n|turn|22\n|\n|t:|1648246655\n|switch|p2a: Empoleon|Empoleon|299\/371\n|move|p1a: The Hidden One|Shell Smash|p1a: The Hidden One\n|-unboost|p1a: The Hidden One|def|1\n|-unboost|p1a: The Hidden One|spd|1\n|-boost|p1a: The Hidden One|atk|2\n|-boost|p1a: The Hidden One|spa|2\n|-boost|p1a: The Hidden One|spe|2\n|\n|upkeep\n|turn|23\n|\n|t:|1648246658\n|move|p1a: The Hidden One|Hydro Pump|p2a: Empoleon\n|-resisted|p2a: Empoleon\n|-damage|p2a: Empoleon|109\/371\n|move|p2a: Empoleon|Scald|p1a: The Hidden One\n|-resisted|p1a: The Hidden One\n|-damage|p1a: The Hidden One|129\/303\n|\n|upkeep\n|turn|24\n|\n|t:|1648246668\n|move|p1a: The Hidden One|Hydro Pump|p2a: Empoleon\n|-resisted|p2a: Empoleon\n|-damage|p2a: Empoleon|0 fnt\n|faint|p2a: Empoleon\n|\n|t:|1648246669\n|switch|p2a: Keldeo|Keldeo|385\/385\n|turn|25\n|\n|t:|1648246678\n|move|p1a: The Hidden One|Explosion|p2a: Keldeo\n|-damage|p2a: Keldeo|0 fnt\n|faint|p2a: Keldeo\n|faint|p1a: The Hidden One\n|\n|t:|1648246690\n|switch|p2a: Gastrodon|Gastrodon|425\/425\n|switch|p1a: The Feared One|Omastar|343\/343\n|turn|26\n|\n|t:|1648246692\n|move|p1a: The Feared One|Shell Smash|p1a: The Feared One\n|-unboost|p1a: The Feared One|def|1\n|-unboost|p1a: The Feared One|spd|1\n|-boost|p1a: The Feared One|atk|2\n|-boost|p1a: The Feared One|spa|2\n|-boost|p1a: The Feared One|spe|2\n|move|p2a: Gastrodon|Amnesia|p2a: Gastrodon\n|-boost|p2a: Gastrodon|spd|2\n|-boost|p2a: Gastrodon|spa|2\n|\n|upkeep\n|turn|27\n|\n|t:|1648246696\n|move|p1a: The Feared One|Hydro Pump|p2a: Gastrodon|[miss]\n|-miss|p1a: The Feared One\n|move|p2a: Gastrodon|Recover|p2a: Gastrodon\n|-fail|p2a: Gastrodon\n|\n|upkeep\n|turn|28\n|\n|t:|1648246701\n|move|p1a: The Feared One|Blizzard|p2a: Gastrodon\n|-damage|p2a: Gastrodon|317\/425\n|move|p2a: Gastrodon|Amnesia|p2a: Gastrodon\n|-boost|p2a: Gastrodon|spd|2\n|-boost|p2a: Gastrodon|spa|2\n|\n|upkeep\n|turn|29\n|\n|t:|1648246704\n|move|p1a: The Feared One|Hydro Pump|p2a: Gastrodon\n|-damage|p2a: Gastrodon|189\/425\n|move|p2a: Gastrodon|Recover|p2a: Gastrodon\n|-heal|p2a: Gastrodon|401\/425\n|\n|upkeep\n|turn|30\n|\n|t:|1648246708\n|move|p1a: The Feared One|Shell Smash|p1a: The Feared One\n|-unboost|p1a: The Feared One|def|1\n|-unboost|p1a: The Feared One|spd|1\n|-boost|p1a: The Feared One|atk|2\n|-boost|p1a: The Feared One|spa|2\n|-boost|p1a: The Feared One|spe|2\n|move|p2a: Gastrodon|Scald|p1a: The Feared One\n|-damage|p1a: The Feared One|0 fnt\n|faint|p1a: The Feared One\n|c|\u2606ZCopen|Rude\n|\n|t:|1648246715\n|switch|p1a: The Workplace|Dragapult|379\/379\n|turn|31\n|\n|t:|1648246718\n|move|p1a: The Workplace|Draco Meteor|p2a: Gastrodon\n|-crit|p2a: Gastrodon\n|debug|Negating (sp)atk boost\/penalty.\n|debug|Negating (sp)def boost\/penalty.\n|-damage|p2a: Gastrodon|54\/425\n|-unboost|p1a: The Workplace|spa|2\n|move|p2a: Gastrodon|Blizzard|p1a: The Workplace\n|-supereffective|p1a: The Workplace\n|-damage|p1a: The Workplace|0 fnt\n|faint|p1a: The Workplace\n|c|\u2606ferromolybdenum|rude\n|\n|t:|1648246725\n|switch|p1a: Going Overboard|Blastoise|192\/361\n|turn|32\n|\n|t:|1648246727\n|move|p1a: Going Overboard|Signal Beam|p2a: Gastrodon\n|-damage|p2a: Gastrodon|0 fnt\n|faint|p2a: Gastrodon\n|\n|t:|1648246730\n|switch|p2a: Greninja|Greninja|193\/347\n|turn|33\n|\n|t:|1648246737\n|move|p2a: Greninja|Night Slash|p1a: Going Overboard\n|-crit|p1a: Going Overboard\n|debug|Negating (sp)atk boost\/penalty.\n|debug|Negating (sp)def boost\/penalty.\n|-damage|p1a: Going Overboard|0 fnt\n|faint|p1a: Going Overboard\n|\n|t:|1648246741\n|switch|p1a: BKC|Corviknight|166\/399 brn\n|turn|34\n|\n|t:|1648246744\n|move|p2a: Greninja|Hydro Pump|p1a: BKC\n|-damage|p1a: BKC|5\/399 brn\n|move|p1a: BKC|Roost|p1a: BKC\n|-heal|p1a: BKC|204\/399 brn\n|-singleturn|p1a: BKC|move: Roost\n|-damage|p1a: BKC|180\/399 brn|[from] brn\n|\n|upkeep\n|turn|35\n|\n|t:|1648246747\n|move|p2a: Greninja|Hydro Pump|p1a: BKC\n|-damage|p1a: BKC|22\/399 brn\n|move|p1a: BKC|Roost|p1a: BKC\n|-heal|p1a: BKC|221\/399 brn\n|-singleturn|p1a: BKC|move: Roost\n|-damage|p1a: BKC|197\/399 brn|[from] brn\n|\n|upkeep\n|turn|36\n|c|\u2606ferromolybdenum|why is gren so pathetic lmfao\n|\n|t:|1648246754\n|move|p2a: Greninja|Hydro Pump|p1a: BKC\n|-damage|p1a: BKC|36\/399 brn\n|move|p1a: BKC|Roost|p1a: BKC\n|-heal|p1a: BKC|235\/399 brn\n|-singleturn|p1a: BKC|move: Roost\n|-damage|p1a: BKC|211\/399 brn|[from] brn\n|\n|upkeep\n|turn|37\n|\n|t:|1648246758\n|move|p2a: Greninja|Hydro Pump|p1a: BKC\n|-damage|p1a: BKC|59\/399 brn\n|move|p1a: BKC|Roost|p1a: BKC\n|-heal|p1a: BKC|258\/399 brn\n|-singleturn|p1a: BKC|move: Roost\n|-damage|p1a: BKC|234\/399 brn|[from] brn\n|\n|upkeep\n|turn|38\n|\n|t:|1648246762\n|move|p2a: Greninja|Hydro Pump|p1a: BKC\n|-crit|p1a: BKC\n|debug|Negating (sp)atk boost\/penalty.\n|debug|Negating (sp)def boost\/penalty.\n|-damage|p1a: BKC|0 fnt\n|faint|p1a: BKC\n|\n|win|ferromolybdenum\n","uploadtime":1648246769,"views":13,"p1id":"zcopen","p2id":"ferromolybdenum","formatid":"gen1customgame","rating":0,"private":0,"password":null}