{"id":"gen1customgame-1497290410","p1":"ZCopen","p2":"VirginJimmy99","format":"gen1customgame","log":"|j|\u2606ZCopen\n|j|\u2606VirginJimmy99\n|t:|1643002609\n|gametype|singles\n|player|p1|ZCopen|waitress-gen4|\n|player|p2|VirginJimmy99|rocketgrunt|\n|teamsize|p1|6\n|teamsize|p2|6\n|gen|1\n|tier|[Gen 1] Custom Game\n|rule|HP Percentage Mod: HP is shown in percentages\n|rule|Desync Clause Mod: Desyncs changed to move failure.\n|\n|t:|1643002609\n|start\n|switch|p1a: Zacian|Zacian-Crowned|387\/387\n|switch|p2a: Palkia|Palkia|383\/383\n|-ability|p2a: Palkia|Pressure|[silent]\n|turn|1\n|inactive|Battle timer is ON: inactive players will automatically lose when time's up. (requested by ZCopen)\n|c|\u2606ZCopen|lead palkia moment\n|\n|t:|1643002632\n|switch|p2a: Ho-Oh|Ho-Oh|415\/415\n|-ability|p2a: Ho-Oh|Pressure|[silent]\n|move|p1a: Zacian|Swords Dance|p1a: Zacian\n|-boost|p1a: Zacian|atk|2\n|\n|upkeep\n|turn|2\n|\n|t:|1643002651\n|switch|p1a: Zygarde|Zygarde-Complete|635\/635\n|move|p2a: Ho-Oh|Sacred Fire|p1a: Zygarde\n|-resisted|p1a: Zygarde\n|-damage|p1a: Zygarde|567\/635\n|\n|upkeep\n|turn|3\n|\n|t:|1643002656\n|move|p2a: Ho-Oh|Sacred Fire|p1a: Zygarde\n|-resisted|p1a: Zygarde\n|-damage|p1a: Zygarde|505\/635\n|-status|p1a: Zygarde|brn\n|move|p1a: Zygarde|Dragon Dance|p1a: Zygarde\n|-boost|p1a: Zygarde|atk|1\n|-boost|p1a: Zygarde|spe|1\n|-damage|p1a: Zygarde|466\/635 brn|[from] brn\n|\n|upkeep\n|turn|4\n|\n|t:|1643002665\n|switch|p2a: Kyogre|Kyogre|403\/403\n|-weather|RainDance|[from] ability: Drizzle|[of] p2a: Kyogre\n|move|p1a: Zygarde|Glare|p2a: Kyogre\n|-status|p2a: Kyogre|par\n|-damage|p1a: Zygarde|427\/635 brn|[from] brn|[of] p2a: Kyogre\n|\n|-weather|RainDance|[upkeep]\n|upkeep\n|turn|5\n|c|\u2606VirginJimmy99|pain\n|c|\u2606VirginJimmy99|stupid\n|c|\u2606VirginJimmy99|I'm just\n|c|\u2606VirginJimmy99|not gonna click water\n|c|\u2606ZCopen|bruh\n|\n|t:|1643002687\n|move|p1a: Zygarde|Thousand Arrows|p2a: Kyogre\n|-damage|p2a: Kyogre|243\/403 par\n|-damage|p1a: Zygarde|388\/635 brn|[from] brn|[of] p2a: Kyogre\n|cant|p2a: Kyogre|par\n|\n|-weather|RainDance|[upkeep]\n|upkeep\n|turn|6\n|c|\u2606VirginJimmy99|pretend i forgot to bring water move\n|c|\u2606VirginJimmy99|kek\n|\n|t:|1643002696\n|move|p1a: Zygarde|Stone Edge|p2a: Kyogre\n|-crit|p2a: Kyogre\n|debug|Negating (sp)atk boost\/penalty.\n|debug|Negating (sp)def boost\/penalty.\n|-damage|p2a: Kyogre|91\/403 par\n|-damage|p1a: Zygarde|349\/635 brn|[from] brn|[of] p2a: Kyogre\n|cant|p2a: Kyogre|par\n|\n|-weather|RainDance|[upkeep]\n|upkeep\n|turn|7\n|c|\u2606ZCopen|outplayed\n|\n|t:|1643002706\n|move|p1a: Zygarde|Thousand Arrows|p2a: Kyogre\n|-damage|p2a: Kyogre|0 fnt\n|faint|p2a: Kyogre\n|c|\u2606ZCopen|this is the ubers experience\n|\n|t:|1643002721\n|switch|p2a: Reshiram|Reshiram|403\/403\n|turn|8\n|\n|t:|1643002724\n|move|p1a: Zygarde|Stone Edge|p2a: Reshiram\n|-crit|p2a: Reshiram\n|debug|Negating (sp)atk boost\/penalty.\n|debug|Negating (sp)def boost\/penalty.\n|-supereffective|p2a: Reshiram\n|-damage|p2a: Reshiram|77\/403\n|-damage|p1a: Zygarde|310\/635 brn|[from] brn|[of] p2a: Reshiram\n|move|p2a: Reshiram|Blue Flare|p1a: Zygarde\n|-resisted|p1a: Zygarde\n|-damage|p1a: Zygarde|212\/635 brn\n|\n|-weather|RainDance|[upkeep]\n|upkeep\n|turn|9\n|c|\u2606VirginJimmy99|oop\n|\n|t:|1643002736\n|move|p1a: Zygarde|Thousand Arrows|p2a: Reshiram\n|-crit|p2a: Reshiram\n|debug|Negating (sp)atk boost\/penalty.\n|debug|Negating (sp)def boost\/penalty.\n|-supereffective|p2a: Reshiram\n|-damage|p2a: Reshiram|0 fnt\n|faint|p2a: Reshiram\n|\n|t:|1643002758\n|switch|p2a: Palkia|Palkia|383\/383\n|-ability|p2a: Palkia|Pressure|[silent]\n|turn|10\n|c|\u2606ZCopen|burnt more like\n|c|\u2606ZCopen|not\n|\n|t:|1643002763\n|move|p1a: Zygarde|Glare|p2a: Palkia\n|-status|p2a: Palkia|par\n|-damage|p1a: Zygarde|173\/635 brn|[from] brn|[of] p2a: Palkia\n|move|p2a: Palkia|Ice Beam|p1a: Zygarde\n|-supereffective|p1a: Zygarde\n|-damage|p1a: Zygarde|0 fnt\n|faint|p1a: Zygarde\n|c|\u2606ZCopen|when the not blizzard\n|c|\u2606VirginJimmy99|oh right\n|c|\u2606VirginJimmy99|brain fried\n|c|\u2606VirginJimmy99|hotel trivago\n|c|\u2606ZCopen|do you think\n|c|\u2606ZCopen|I live\n|inactive|ZCopen has 270 seconds left.\n|c|\u2606ZCopen|yes or no\n|c|\u2606ZCopen|thats a yes\n|c|\u2606VirginJimmy99|Nes\n|\n|t:|1643002810\n|switch|p1a: Deoxys|Deoxys-Attack|303\/303\n|turn|11\n|\n|t:|1643002815\n|move|p1a: Deoxys|Amnesia|p1a: Deoxys\n|-boost|p1a: Deoxys|spd|2\n|-boost|p1a: Deoxys|spa|2\n|move|p2a: Palkia|Spacial Rend|p1a: Deoxys\n|-crit|p1a: Deoxys\n|debug|Negating (sp)atk boost\/penalty.\n|debug|Negating (sp)def boost\/penalty.\n|-damage|p1a: Deoxys|0 fnt\n|faint|p1a: Deoxys\n|c|\u2606ZCopen|wow\n|c|\u2606VirginJimmy99|kek\n|c|\u2606ZCopen|you suck deoxys\n|inactive|ZCopen has 240 seconds left.\n|c|\u2606ZCopen|+2 252 SpA Palkia Spacial Rend vs. 252 HP \/ 252 SpD Deoxys-Attack: 187-222 (61.5 - 73%) -- guaranteed 2HKO\n|c|\u2606ZCopen|wtf\n|c|\u2606ZCopen|fake special\n|inactive|ZCopen has 210 seconds left.\n|\n|t:|1643002875\n|switch|p1a: Zacian|Zacian-Crowned|387\/387\n|turn|12\n|\n|t:|1643002880\n|switch|p2a: Necrozma|Necrozma-Dusk-Mane|397\/397\n|move|p1a: Zacian|Play Rough|p2a: Necrozma\n|-resisted|p2a: Necrozma\n|-damage|p2a: Necrozma|333\/397\n|\n|-weather|RainDance|[upkeep]\n|upkeep\n|turn|13\n|\n|t:|1643002888\n|move|p1a: Zacian|Swords Dance|p1a: Zacian\n|-boost|p1a: Zacian|atk|2\n|move|p2a: Necrozma|Swords Dance|p2a: Necrozma\n|-boost|p2a: Necrozma|atk|2\n|\n|-weather|RainDance|[upkeep]\n|upkeep\n|turn|14\n|c|\u2606ZCopen|now\n|c|\u2606ZCopen|I kill\n|\n|t:|1643002904\n|move|p1a: Zacian|Close Combat|p2a: Necrozma\n|-crit|p2a: Necrozma\n|debug|Negating (sp)atk boost\/penalty.\n|debug|Negating (sp)def boost\/penalty.\n|-damage|p2a: Necrozma|98\/397\n|-unboost|p1a: Zacian|def|1\n|-unboost|p1a: Zacian|spd|1\n|move|p2a: Necrozma|Earthquake|p1a: Zacian\n|-crit|p1a: Zacian\n|debug|Negating (sp)atk boost\/penalty.\n|debug|Negating (sp)def boost\/penalty.\n|-supereffective|p1a: Zacian\n|-damage|p1a: Zacian|11\/387\n|\n|-weather|RainDance|[upkeep]\n|upkeep\n|turn|15\n|inactive|ZCopen has 240 seconds left.\n|c|\u2606ZCopen|YOOOOOOO\n|c|\u2606VirginJimmy99|LOL\n|c|\u2606ZCopen|lucky crit\n|\n|t:|1643002926\n|move|p1a: Zacian|Close Combat|p2a: Necrozma\n|-damage|p2a: Necrozma|0 fnt\n|-unboost|p1a: Zacian|def|1\n|-unboost|p1a: Zacian|spd|1\n|faint|p2a: Necrozma\n|\n|t:|1643002933\n|switch|p2a: Ho-Oh|Ho-Oh|415\/415\n|-ability|p2a: Ho-Oh|Pressure|[silent]\n|turn|16\n|\n|t:|1643002940\n|move|p1a: Zacian|Behemoth Blade|p2a: Ho-Oh\n|-damage|p2a: Ho-Oh|48\/415\n|move|p2a: Ho-Oh|Earthquake|p1a: Zacian\n|-supereffective|p1a: Zacian\n|-damage|p1a: Zacian|0 fnt\n|faint|p1a: Zacian\n|c|\u2606ZCopen|imagine resisting steel\n|\n|t:|1643002952\n|switch|p1a: Calyrex|Calyrex-Shadow|403\/403\n|turn|17\n|\n|t:|1643002957\n|move|p1a: Calyrex|Nasty Plot|p1a: Calyrex\n|-boost|p1a: Calyrex|spa|2\n|move|p2a: Ho-Oh|Brave Bird|p1a: Calyrex\n|-damage|p1a: Calyrex|220\/403\n|-damage|p2a: Ho-Oh|0 fnt|[from] Recoil|[of] p1a: Calyrex\n|faint|p2a: Ho-Oh\n|\n|t:|1643002960\n|switch|p2a: Palkia|Palkia|383\/383 par\n|-ability|p2a: Palkia|Pressure|[silent]\n|turn|18\n|\n|t:|1643002964\n|move|p1a: Calyrex|Astral Barrage|p2a: Palkia\n|-damage|p2a: Palkia|278\/383 par\n|move|p2a: Palkia|Spacial Rend|p1a: Calyrex\n|-crit|p1a: Calyrex\n|debug|Negating (sp)atk boost\/penalty.\n|debug|Negating (sp)def boost\/penalty.\n|-damage|p1a: Calyrex|0 fnt\n|faint|p1a: Calyrex\n|c|\u2606ZCopen|oh\n|c|\u2606VirginJimmy99|KEK\n|c|\u2606ZCopen|LOL\n|\n|t:|1643002981\n|switch|p1a: Arceus|Arceus|443\/443\n|turn|19\n|\n|t:|1643002985\n|move|p1a: Arceus|Swords Dance|p1a: Arceus\n|-boost|p1a: Arceus|atk|2\n|move|p2a: Palkia|Spacial Rend|p1a: Arceus\n|-crit|p1a: Arceus\n|debug|Negating (sp)atk boost\/penalty.\n|debug|Negating (sp)def boost\/penalty.\n|-damage|p1a: Arceus|171\/443\n|\n|-weather|RainDance|[upkeep]\n|upkeep\n|turn|20\n|\n|t:|1643002991\n|move|p1a: Arceus|Extreme Speed|p2a: Palkia\n|-damage|p2a: Palkia|65\/383 par\n|move|p2a: Palkia|Spacial Rend|p1a: Arceus\n|-crit|p1a: Arceus\n|debug|Negating (sp)atk boost\/penalty.\n|debug|Negating (sp)def boost\/penalty.\n|-damage|p1a: Arceus|0 fnt\n|faint|p1a: Arceus\n|c|\u2606ZCopen|wow\n|\n|t:|1643002999\n|switch|p1a: Necrozma|Necrozma-Ultra|397\/397\n|turn|21\n|\n|t:|1643003004\n|move|p1a: Necrozma|Photon Geyser|p2a: Palkia\n|-damage|p2a: Palkia|0 fnt\n|faint|p2a: Palkia\n|\n|t:|1643003007\n|switch|p2a: Zygarde|Zygarde-Complete|635\/635\n|turn|22\n|\n|t:|1643003013\n|move|p1a: Necrozma|Swords Dance|p1a: Necrozma\n|-boost|p1a: Necrozma|atk|2\n|move|p2a: Zygarde|Glare|p1a: Necrozma\n|-status|p1a: Necrozma|par\n|\n|-weather|RainDance|[upkeep]\n|upkeep\n|turn|23\n|\n|t:|1643003021\n|move|p2a: Zygarde|Coil|p2a: Zygarde\n|-boost|p2a: Zygarde|atk|1\n|-boost|p2a: Zygarde|def|1\n|-boost|p2a: Zygarde|accuracy|1\n|move|p1a: Necrozma|Photon Geyser|p2a: Zygarde\n|-damage|p2a: Zygarde|437\/635\n|\n|-weather|RainDance|[upkeep]\n|upkeep\n|turn|24\n|\n|t:|1643003028\n|move|p2a: Zygarde|Thousand Arrows|p1a: Necrozma\n|-damage|p1a: Necrozma|243\/397 par\n|move|p1a: Necrozma|Photon Geyser|p2a: Zygarde\n|-damage|p2a: Zygarde|234\/635\n|\n|-weather|RainDance|[upkeep]\n|upkeep\n|turn|25\n|\n|t:|1643003035\n|move|p2a: Zygarde|Thousand Arrows|p1a: Necrozma\n|-damage|p1a: Necrozma|76\/397 par\n|move|p1a: Necrozma|Photon Geyser|p2a: Zygarde\n|-crit|p2a: Zygarde\n|debug|Negating (sp)atk boost\/penalty.\n|debug|Negating (sp)def boost\/penalty.\n|-damage|p2a: Zygarde|0 fnt\n|faint|p2a: Zygarde\n|\n|win|ZCopen\n|c|\u2606VirginJimmy99|rip\n|c|\u2606VirginJimmy99|gg\n|c|\u2606ZCopen|not even close\n|c|\u2606ZCopen|gg\n","uploadtime":1643003051,"views":6,"p1id":"zcopen","p2id":"virginjimmy99","formatid":"gen1customgame","rating":0,"private":0,"password":null}