{"id":"gen1customgame-1538803710","p1":"ZCopen","p2":"ferromolybdenum","format":"gen1customgame","log":"|j|\u2606ZCopen\n|j|\u2606ferromolybdenum\n|t:|1648245598\n|gametype|singles\n|player|p1|ZCopen|266|\n|player|p2|ferromolybdenum|170|\n|teamsize|p1|6\n|teamsize|p2|6\n|gen|1\n|tier|[Gen 1] Custom Game\n|rule|HP Percentage Mod: HP is shown in percentages\n|rule|Desync Clause Mod: Desyncs changed to move failure.\n|rule|Endless Battle Clause: Forcing endless battles is banned\n|rule|OHKO Clause: OHKO moves are banned\n|rule|Evasion Moves Clause: Evasion moves are banned\n|rule|Species Clause: Limit one of each Pok\u00e9mon\n|rule|Dynamax Clause: You cannot dynamax\n|rule|Freeze Clause Mod: Limit one foe frozen\n|rule|Sleep Clause: Sleep-inducing moves are banned\n|\n|t:|1648245598\n|start\n|switch|p1a: Barry|Ninjask|325\/325\n|switch|p2a: Palossand|Palossand|373\/373\n|turn|1\n|inactive|Battle timer is ON: inactive players will automatically lose when time's up. (requested by ZCopen)\n|inactive|ferromolybdenum also wants the timer to be on.\n|c|\u2606ZCopen|Wow cteamed\n|\n|t:|1648245619\n|move|p1a: Barry|U-turn|p2a: Palossand\n|-resisted|p2a: Palossand\n|-damage|p2a: Palossand|340\/373\n|\n|t:|1648245621\n|switch|p1a: Going Overboard|Blastoise|361\/361\n|move|p2a: Palossand|Energy Ball|p1a: Going Overboard\n|-crit|p1a: Going Overboard\n|debug|Negating (sp)atk boost\/penalty.\n|debug|Negating (sp)def boost\/penalty.\n|-supereffective|p1a: Going Overboard\n|-damage|p1a: Going Overboard|104\/361\n|\n|upkeep\n|turn|2\n|c|\u2606ZCopen|Wow wtf\n|\n|t:|1648245628\n|move|p1a: Going Overboard|Hydro Pump|p2a: Palossand\n|-supereffective|p2a: Palossand\n|-damage|p2a: Palossand|39\/373\n|move|p2a: Palossand|Energy Ball|p1a: Going Overboard\n|-supereffective|p1a: Going Overboard\n|-damage|p1a: Going Overboard|0 fnt\n|faint|p1a: Going Overboard\n|\n|t:|1648245632\n|switch|p1a: Barry|Ninjask|325\/325\n|turn|3\n|\n|t:|1648245635\n|move|p1a: Barry|Acrobatics|p2a: Palossand\n|debug|Power doubled for no item\n|-damage|p2a: Palossand|0 fnt\n|faint|p2a: Palossand\n|\n|t:|1648245637\n|switch|p2a: Heatran|Heatran|385\/385\n|turn|4\n|\n|t:|1648245641\n|move|p1a: Barry|Final Gambit|p2a: Heatran\n|-damage|p2a: Heatran|60\/385\n|faint|p1a: Barry\n|\n|t:|1648245644\n|switch|p1a: The Workplace|Dragapult|379\/379\n|turn|5\n|\n|t:|1648245647\n|move|p1a: The Workplace|Fire Blast|p2a: Heatran\n|-damage|p2a: Heatran|0 fnt\n|faint|p2a: Heatran\n|\n|t:|1648245648\n|switch|p2a: Victini|Victini|403\/403\n|turn|6\n|\n|t:|1648245651\n|move|p1a: The Workplace|Thunder Wave|p2a: Victini\n|-status|p2a: Victini|par\n|cant|p2a: Victini|par\n|\n|upkeep\n|turn|7\n|\n|t:|1648245655\n|move|p1a: The Workplace|U-turn|p2a: Victini\n|-damage|p2a: Victini|341\/403 par\n|\n|t:|1648245657\n|switch|p1a: BKC|Corviknight|399\/399\n|cant|p2a: Victini|par\n|\n|upkeep\n|turn|8\n|\n|t:|1648245661\n|move|p1a: BKC|U-turn|p2a: Victini\n|-damage|p2a: Victini|292\/403 par\n|\n|t:|1648245662\n|switch|p1a: The Workplace|Dragapult|379\/379\n|cant|p2a: Victini|par\n|\n|upkeep\n|turn|9\n|c|\u2606ZCopen|Bozo\n|c|\u2606ferromolybdenum|copenhagen literally a hacker\n|\n|t:|1648245675\n|move|p1a: The Workplace|Draco Meteor|p2a: Victini\n|-crit|p2a: Victini\n|debug|Negating (sp)atk boost\/penalty.\n|debug|Negating (sp)def boost\/penalty.\n|-damage|p2a: Victini|0 fnt\n|-unboost|p1a: The Workplace|spa|2\n|faint|p2a: Victini\n|c|\u2606ZCopen|TRUE\n|\n|t:|1648245681\n|switch|p2a: Volcanion|Volcanion|363\/363\n|turn|10\n|\n|t:|1648245686\n|move|p1a: The Workplace|Thunder Wave|p2a: Volcanion\n|-status|p2a: Volcanion|par\n|move|p2a: Volcanion|Flame Charge|p1a: The Workplace\n|-resisted|p1a: The Workplace\n|-damage|p1a: The Workplace|337\/379\n|-boost|p2a: Volcanion|spe|1\n|\n|upkeep\n|turn|11\n|\n|t:|1648245692\n|move|p1a: The Workplace|U-turn|p2a: Volcanion\n|-resisted|p2a: Volcanion\n|-damage|p2a: Volcanion|335\/363 par\n|\n|t:|1648245696\n|switch|p1a: BKC|Corviknight|399\/399\n|move|p2a: Volcanion|Flame Charge|p1a: BKC\n|-supereffective|p1a: BKC\n|-damage|p1a: BKC|241\/399\n|-boost|p2a: Volcanion|spe|1\n|\n|upkeep\n|turn|12\n|\n|t:|1648245703\n|cant|p2a: Volcanion|par\n|move|p1a: BKC|U-turn|p2a: Volcanion\n|-crit|p2a: Volcanion\n|debug|Negating (sp)atk boost\/penalty.\n|debug|Negating (sp)def boost\/penalty.\n|-resisted|p2a: Volcanion\n|-damage|p2a: Volcanion|295\/363 par\n|\n|t:|1648245705\n|switch|p1a: The Feared One|Omastar|343\/343\n|\n|upkeep\n|turn|13\n|\n|t:|1648245709\n|cant|p2a: Volcanion|par\n|move|p1a: The Feared One|Shell Smash|p1a: The Feared One\n|-unboost|p1a: The Feared One|def|1\n|-unboost|p1a: The Feared One|spd|1\n|-boost|p1a: The Feared One|atk|2\n|-boost|p1a: The Feared One|spa|2\n|-boost|p1a: The Feared One|spe|2\n|\n|upkeep\n|turn|14\n|c|\u2606ferromolybdenum|...\n|\n|t:|1648245714\n|move|p1a: The Feared One|Hydro Pump|p2a: Volcanion\n|-crit|p2a: Volcanion\n|debug|Negating (sp)atk boost\/penalty.\n|debug|Negating (sp)def boost\/penalty.\n|-damage|p2a: Volcanion|0 fnt\n|faint|p2a: Volcanion\n|c|\u2606ferromolybdenum|.....\n|c|\u2606ZCopen|L\n|-message|ferromolybdenum forfeited.\n|\n|win|ZCopen\n","uploadtime":1648245726,"views":18,"p1id":"zcopen","p2id":"ferromolybdenum","formatid":"gen1customgame","rating":0,"private":0,"password":null}