{"id":"gen1customgame-1495387059","p1":"ZCopen","p2":"VirginJimmy99","format":"gen1customgame","log":"|j|\u2606ZCopen\n|j|\u2606VirginJimmy99\n|t:|1642725990\n|gametype|singles\n|player|p1|ZCopen|waitress-gen4|\n|player|p2|VirginJimmy99|rocketgrunt|\n|teamsize|p1|6\n|teamsize|p2|6\n|gen|1\n|tier|[Gen 1] Custom Game\n|rule|HP Percentage Mod: HP is shown in percentages\n|rule|Desync Clause Mod: Desyncs changed to move failure.\n|\n|t:|1642725990\n|start\n|switch|p1a: Victini|Victini|403\/403\n|switch|p2a: Ninjask|Ninjask|325\/325\n|turn|1\n|inactive|Battle timer is ON: inactive players will automatically lose when time's up. (requested by ZCopen)\n|c|\u2606VirginJimmy99|ok he fixed now\n|\n|t:|1642725997\n|move|p2a: Ninjask|U-turn|p1a: Victini\n|-damage|p1a: Victini|327\/403\n|\n|t:|1642726003\n|switch|p2a: Kyurem|Kyurem|453\/453\n|move|p1a: Victini|Will-O-Wisp|p2a: Kyurem\n|-status|p2a: Kyurem|brn\n|\n|upkeep\n|turn|2\n|\n|t:|1642726018\n|move|p1a: Victini|Dazzling Gleam|p2a: Kyurem\n|-supereffective|p2a: Kyurem\n|-damage|p2a: Kyurem|307\/453 brn\n|move|p2a: Kyurem|Blizzard|p1a: Victini\n|-damage|p1a: Victini|152\/403\n|-damage|p2a: Kyurem|279\/453 brn|[from] brn|[of] p1a: Victini\n|\n|upkeep\n|turn|3\n|c|\u2606ZCopen|Oh\n|\n|t:|1642726034\n|switch|p1a: Darmanitan|Darmanitan-Galar-Zen|413\/413\n|move|p2a: Kyurem|Roost|p2a: Kyurem\n|-heal|p2a: Kyurem|453\/453 brn\n|-singleturn|p2a: Kyurem|move: Roost\n|-damage|p2a: Kyurem|425\/453 brn|[from] brn\n|\n|upkeep\n|turn|4\n|\n|t:|1642726052\n|switch|p2a: Melmetal|Melmetal|473\/473\n|move|p1a: Darmanitan|Stone Edge|p2a: Melmetal\n|-crit|p2a: Melmetal\n|debug|Negating (sp)atk boost\/penalty.\n|debug|Negating (sp)def boost\/penalty.\n|-resisted|p2a: Melmetal\n|-damage|p2a: Melmetal|395\/473\n|\n|upkeep\n|turn|5\n|\n|t:|1642726060\n|move|p1a: Darmanitan|U-turn|p2a: Melmetal\n|-resisted|p2a: Melmetal\n|-damage|p2a: Melmetal|365\/473\n|\n|t:|1642726067\n|switch|p1a: Garchomp|Garchomp|419\/419\n|move|p2a: Melmetal|Earthquake|p1a: Garchomp\n|-damage|p1a: Garchomp|317\/419\n|\n|upkeep\n|turn|6\n|\n|t:|1642726080\n|switch|p2a: Zapdos|Zapdos|383\/383\n|move|p1a: Garchomp|Stone Edge|p2a: Zapdos\n|-crit|p2a: Zapdos\n|debug|Negating (sp)atk boost\/penalty.\n|debug|Negating (sp)def boost\/penalty.\n|-supereffective|p2a: Zapdos\n|-damage|p2a: Zapdos|4\/383\n|\n|upkeep\n|turn|7\n|c|\u2606VirginJimmy99|ow\n|\n|t:|1642726093\n|move|p1a: Garchomp|Draco Meteor|p2a: Zapdos\n|-damage|p2a: Zapdos|0 fnt\n|-unboost|p1a: Garchomp|spa|2\n|faint|p2a: Zapdos\n|\n|t:|1642726103\n|switch|p2a: Melmetal|Melmetal|365\/473\n|turn|8\n|\n|t:|1642726112\n|move|p1a: Garchomp|Earthquake|p2a: Melmetal\n|-supereffective|p2a: Melmetal\n|-damage|p2a: Melmetal|147\/473\n|move|p2a: Melmetal|Double Iron Bash|p1a: Garchomp\n|-damage|p1a: Garchomp|229\/419\n|-damage|p1a: Garchomp|141\/419\n|-hitcount|p1a: Garchomp|2\n|\n|upkeep\n|turn|9\n|\n|t:|1642726120\n|move|p1a: Garchomp|Stone Edge|p2a: Melmetal\n|-crit|p2a: Melmetal\n|debug|Negating (sp)atk boost\/penalty.\n|debug|Negating (sp)def boost\/penalty.\n|-resisted|p2a: Melmetal\n|-damage|p2a: Melmetal|74\/473\n|move|p2a: Melmetal|Double Iron Bash|p1a: Garchomp\n|-crit|p1a: Garchomp\n|debug|Negating (sp)atk boost\/penalty.\n|debug|Negating (sp)def boost\/penalty.\n|-damage|p1a: Garchomp|0 fnt\n|-hitcount|p1a: Garchomp|1\n|faint|p1a: Garchomp\n|\n|t:|1642726135\n|switch|p1a: Victini|Victini|152\/403\n|turn|10\n|\n|t:|1642726139\n|move|p1a: Victini|Blaze Kick|p2a: Melmetal\n|-crit|p2a: Melmetal\n|debug|Negating (sp)atk boost\/penalty.\n|debug|Negating (sp)def boost\/penalty.\n|-supereffective|p2a: Melmetal\n|-damage|p2a: Melmetal|0 fnt\n|faint|p2a: Melmetal\n|\n|t:|1642726142\n|switch|p2a: Archeops|Archeops|353\/353\n|turn|11\n|\n|t:|1642726152\n|move|p2a: Archeops|Aqua Tail|p1a: Victini\n|-supereffective|p1a: Victini\n|-damage|p1a: Victini|1\/403\n|move|p1a: Victini|Bolt Strike|p2a: Archeops|[miss]\n|-miss|p1a: Victini\n|\n|upkeep\n|turn|12\n|c|\u2606VirginJimmy99|pog\n|c|\u2606ZCopen|Unfort\n|\n|t:|1642726162\n|move|p2a: Archeops|Aqua Tail|p1a: Victini\n|-crit|p1a: Victini\n|debug|Negating (sp)atk boost\/penalty.\n|debug|Negating (sp)def boost\/penalty.\n|-supereffective|p1a: Victini\n|-damage|p1a: Victini|0 fnt\n|faint|p1a: Victini\n|\n|t:|1642726169\n|switch|p1a: Inteleon|Inteleon|343\/343\n|turn|13\n|\n|t:|1642726195\n|switch|p2a: Kyurem|Kyurem|425\/453 brn\n|-damage|p2a: Kyurem|397\/453 brn|[from] brn\n|move|p1a: Inteleon|U-turn|p2a: Kyurem\n|-damage|p2a: Kyurem|339\/453 brn\n|\n|t:|1642726203\n|switch|p1a: Darmanitan|Darmanitan-Galar-Zen|413\/413\n|\n|upkeep\n|turn|14\n|\n|t:|1642726207\n|switch|p2a: Hippowdon|Hippowdon|419\/419\n|move|p1a: Darmanitan|Stone Edge|p2a: Hippowdon\n|-crit|p2a: Hippowdon\n|debug|Negating (sp)atk boost\/penalty.\n|debug|Negating (sp)def boost\/penalty.\n|-resisted|p2a: Hippowdon\n|-damage|p2a: Hippowdon|332\/419\n|\n|upkeep\n|turn|15\n|\n|t:|1642726213\n|move|p1a: Darmanitan|U-turn|p2a: Hippowdon\n|-damage|p2a: Hippowdon|267\/419\n|\n|t:|1642726218\n|switch|p1a: Kyurem|Kyurem|453\/453\n|move|p2a: Hippowdon|Earthquake|p1a: Kyurem\n|-damage|p1a: Kyurem|325\/453\n|\n|upkeep\n|turn|16\n|\n|t:|1642726226\n|switch|p2a: Kyurem|Kyurem|339\/453 brn\n|-damage|p2a: Kyurem|311\/453 brn|[from] brn\n|move|p1a: Kyurem|Dragon Dance|p1a: Kyurem\n|-boost|p1a: Kyurem|atk|1\n|-boost|p1a: Kyurem|spe|1\n|\n|upkeep\n|turn|17\n|\n|t:|1642726232\n|move|p1a: Kyurem|Stone Edge|p2a: Kyurem\n|-crit|p2a: Kyurem\n|debug|Negating (sp)atk boost\/penalty.\n|debug|Negating (sp)def boost\/penalty.\n|-supereffective|p2a: Kyurem\n|-damage|p2a: Kyurem|0 fnt\n|faint|p2a: Kyurem\n|c|\u2606VirginJimmy99|pain\n|c|\u2606VirginJimmy99|gees\n|c|\u2606VirginJimmy99|gees\n|\n|t:|1642726247\n|switch|p2a: Archeops|Archeops|353\/353\n|turn|18\n|\n|t:|1642726252\n|move|p1a: Kyurem|Stone Edge|p2a: Archeops|[miss]\n|-miss|p1a: Kyurem\n|move|p2a: Archeops|Stone Edge|p1a: Kyurem\n|-crit|p1a: Kyurem\n|debug|Negating (sp)atk boost\/penalty.\n|debug|Negating (sp)def boost\/penalty.\n|-supereffective|p1a: Kyurem\n|-damage|p1a: Kyurem|0 fnt\n|faint|p1a: Kyurem\n|c|\u2606VirginJimmy99|OOP\n|c|\u2606ZCopen|2 soon\n|c|\u2606ZCopen|No blizzard btw\n|c|\u2606ZCopen|Im roosy\n|c|\u2606VirginJimmy99|o my\n|\n|t:|1642726280\n|switch|p1a: Inteleon|Inteleon|343\/343\n|turn|19\n|\n|t:|1642726296\n|move|p1a: Inteleon|Snipe Shot|p2a: Archeops\n|-crit|p2a: Archeops\n|debug|Negating (sp)atk boost\/penalty.\n|debug|Negating (sp)def boost\/penalty.\n|-supereffective|p2a: Archeops\n|-damage|p2a: Archeops|0 fnt\n|faint|p2a: Archeops\n|\n|t:|1642726298\n|switch|p2a: Ninjask|Ninjask|325\/325\n|turn|20\n|\n|t:|1642726313\n|move|p2a: Ninjask|Acrobatics|p1a: Inteleon\n|debug|Power doubled for no item\n|-crit|p1a: Inteleon\n|debug|Negating (sp)atk boost\/penalty.\n|debug|Negating (sp)def boost\/penalty.\n|-damage|p1a: Inteleon|28\/343\n|move|p1a: Inteleon|Snipe Shot|p2a: Ninjask\n|-crit|p2a: Ninjask\n|debug|Negating (sp)atk boost\/penalty.\n|debug|Negating (sp)def boost\/penalty.\n|-damage|p2a: Ninjask|19\/325\n|\n|upkeep\n|turn|21\n|\n|t:|1642726320\n|move|p1a: Inteleon|Ice Shard|p2a: Ninjask\n|-supereffective|p2a: Ninjask\n|-damage|p2a: Ninjask|0 fnt\n|faint|p2a: Ninjask\n|-message|VirginJimmy99 forfeited.\n|\n|win|ZCopen\n|c|\u2606ZCopen|Gg\n|c|\u2606VirginJimmy99|gg\n","uploadtime":1642726335,"views":14,"p1id":"zcopen","p2id":"virginjimmy99","formatid":"gen1customgame","rating":0,"private":0,"password":null}