{"id":"gen1randombattle-1693013877","p1":"LoSconosciuto","p2":"doooooosh","format":"gen1randombattle","log":"|j|\u2606LoSconosciuto\n|j|\u2606doooooosh\n|t:|1666555417\n|gametype|singles\n|player|p1|LoSconosciuto|#teamgapdos|\n|player|p2|doooooosh|dragontamer|\n|teamsize|p1|6\n|teamsize|p2|6\n|gen|1\n|tier|[Gen 1] Random Battle\n|rule|Desync Clause Mod: Desyncs changed to move failure.\n|rule|Sleep Clause Mod: Limit one foe put to sleep\n|rule|Freeze Clause Mod: Limit one foe frozen\n|rule|Species Clause: Limit one of each Pok\u00e9mon\n|rule|OHKO Clause: OHKO moves are banned\n|rule|Evasion Moves Clause: Evasion moves are banned\n|rule|Endless Battle Clause: Forcing endless battles is banned\n|rule|HP Percentage Mod: HP is shown in percentages\n|\n|t:|1666555417\n|start\n|switch|p1a: Haunter|Haunter, L74|219\/219\n|switch|p2a: Vileplume|Vileplume, L77|274\/274\n|turn|1\n|inactive|Battle timer is ON: inactive players will automatically lose when time's up. (requested by LoSconosciuto)\n|c|\u2606LoSconosciuto|hf\n|c|\u2606doooooosh|hg\n|c|\u2606doooooosh|hf*\n|\n|t:|1666555454\n|move|p1a: Haunter|Confuse Ray|p2a: Vileplume\n|-start|p2a: Vileplume|confusion\n|-activate|p2a: Vileplume|confusion\n|-damage|p2a: Vileplume|248\/274|[from] confusion\n|\n|upkeep\n|turn|2\n|\n|t:|1666555459\n|move|p1a: Haunter|Psychic|p2a: Vileplume\n|-crit|p2a: Vileplume\n|-supereffective|p2a: Vileplume\n|-damage|p2a: Vileplume|16\/274\n|-activate|p2a: Vileplume|confusion\n|move|p2a: Vileplume|Sleep Powder|p1a: Haunter|[miss]\n|-miss|p2a: Vileplume\n|\n|upkeep\n|turn|3\n|c|\u2606LoSconosciuto|mb\n|\n|t:|1666555469\n|move|p1a: Haunter|Thunderbolt|p2a: Vileplume\n|-resisted|p2a: Vileplume\n|-damage|p2a: Vileplume|0 fnt\n|faint|p2a: Vileplume\n|\n|t:|1666555492\n|switch|p2a: Dugtrio|Dugtrio, L74|204\/204\n|turn|4\n|\n|t:|1666555503\n|switch|p1a: Blastoise|Blastoise, L77|280\/280\n|move|p2a: Dugtrio|Earthquake|p1a: Blastoise\n|-damage|p1a: Blastoise|205\/280\n|\n|upkeep\n|turn|5\n|\n|t:|1666555521\n|switch|p2a: Porygon|Porygon, L77|258\/258\n|move|p1a: Blastoise|Blizzard|p2a: Porygon\n|-damage|p2a: Porygon|183\/258\n|\n|upkeep\n|turn|6\n|\n|t:|1666555528\n|switch|p1a: Bellsprout|Bellsprout, L88|267\/267\n|move|p2a: Porygon|Thunder Wave|p1a: Bellsprout\n|-status|p1a: Bellsprout|par\n|\n|upkeep\n|turn|7\n|\n|t:|1666555553\n|move|p2a: Porygon|Blizzard|p1a: Bellsprout\n|-supereffective|p1a: Bellsprout\n|-damage|p1a: Bellsprout|142\/267 par\n|move|p1a: Bellsprout|Sleep Powder|p2a: Porygon|[miss]\n|-miss|p1a: Bellsprout\n|\n|upkeep\n|turn|8\n|inactive|doooooosh has 270 seconds left.\n|\n|t:|1666555574\n|switch|p2a: Lickitung|Lickitung, L77|297\/297\n|move|p1a: Bellsprout|Sleep Powder|p2a: Lickitung\n|-status|p2a: Lickitung|slp|[from] move: Sleep Powder\n|\n|upkeep\n|turn|9\n|inactive|doooooosh has 270 seconds left.\n|\n|t:|1666555593\n|cant|p2a: Lickitung|slp\n|move|p1a: Bellsprout|Razor Leaf|p2a: Lickitung\n|-damage|p2a: Lickitung|230\/297 slp\n|\n|upkeep\n|turn|10\n|inactive|doooooosh has 270 seconds left.\n|\n|t:|1666555601\n|switch|p2a: Arcanine|Arcanine, L77|297\/297\n|switch|p1a: Tauros|Tauros, L68|243\/243\n|\n|upkeep\n|turn|11\n|inactive|doooooosh has 270 seconds left.\n|\n|t:|1666555628\n|switch|p1a: Bellsprout|Bellsprout, L88|142\/267 par\n|move|p2a: Arcanine|Fire Blast|p1a: Bellsprout\n|-supereffective|p1a: Bellsprout\n|-damage|p1a: Bellsprout|0 fnt\n|faint|p1a: Bellsprout\n|\n|t:|1666555633\n|switch|p1a: Blastoise|Blastoise, L77|205\/280\n|turn|12\n|inactive|doooooosh has 240 seconds left.\n|\n|t:|1666555673\n|switch|p2a: Venomoth|Venomoth, L77|266\/266\n|move|p1a: Blastoise|Hydro Pump|p2a: Venomoth\n|-damage|p2a: Venomoth|170\/266\n|\n|upkeep\n|turn|13\n|inactive|doooooosh has 240 seconds left.\n|\n|t:|1666555692\n|switch|p1a: Haunter|Haunter, L74|219\/219\n|move|p2a: Venomoth|Sleep Powder|p1a: Haunter\n|-status|p1a: Haunter|slp|[from] move: Sleep Powder\n|\n|upkeep\n|turn|14\n|inactive|doooooosh has 240 seconds left.\n|\n|t:|1666555708\n|switch|p1a: Snorlax|Snorlax, L68|358\/358\n|move|p2a: Venomoth|Stun Spore|p1a: Snorlax\n|-status|p1a: Snorlax|par\n|\n|upkeep\n|turn|15\n|inactive|doooooosh has 240 seconds left.\n|inactive|doooooosh has 210 seconds left.\n|\n|t:|1666555745\n|switch|p2a: Porygon|Porygon, L77|183\/258\n|switch|p1a: Jolteon|Jolteon, L68|229\/229\n|\n|upkeep\n|turn|16\n|inactive|doooooosh has 210 seconds left.\n|\n|t:|1666555767\n|move|p1a: Jolteon|Body Slam|p2a: Porygon\n|-crit|p2a: Porygon\n|-damage|p2a: Porygon|112\/258\n|move|p2a: Porygon|Thunder Wave|p1a: Jolteon\n|-status|p1a: Jolteon|par\n|\n|upkeep\n|turn|17\n|\n|t:|1666555774\n|move|p2a: Porygon|Recover|p2a: Porygon\n|-heal|p2a: Porygon|241\/258\n|move|p1a: Jolteon|Thunder Wave|p2a: Porygon\n|-status|p2a: Porygon|par\n|\n|upkeep\n|turn|18\n|inactive|doooooosh has 210 seconds left.\n|\n|t:|1666555783\n|cant|p1a: Jolteon|par\n|cant|p2a: Porygon|par\n|\n|upkeep\n|turn|19\n|\n|t:|1666555787\n|move|p1a: Jolteon|Body Slam|p2a: Porygon\n|-crit|p2a: Porygon\n|-damage|p2a: Porygon|165\/258 par\n|move|p2a: Porygon|Psychic|p1a: Jolteon\n|-damage|p1a: Jolteon|179\/229 par\n|-unboost|p1a: Jolteon|spd|1\n|-unboost|p1a: Jolteon|spa|1\n|\n|upkeep\n|turn|20\n|\n|t:|1666555794\n|move|p2a: Porygon|Recover|p2a: Porygon\n|-heal|p2a: Porygon|258\/258 par\n|cant|p1a: Jolteon|par\n|\n|upkeep\n|turn|21\n|\n|t:|1666555807\n|move|p2a: Porygon|Psychic|p1a: Jolteon\n|-damage|p1a: Jolteon|107\/229 par\n|move|p1a: Jolteon|Double Kick|p2a: Porygon\n|-supereffective|p2a: Porygon\n|-damage|p2a: Porygon|231\/258 par\n|-damage|p2a: Porygon|204\/258 par\n|-hitcount|p2a: Porygon|2\n|\n|upkeep\n|turn|22\n|\n|t:|1666555823\n|move|p2a: Porygon|Psychic|p1a: Jolteon\n|-damage|p1a: Jolteon|30\/229 par\n|-unboost|p1a: Jolteon|spd|1\n|-unboost|p1a: Jolteon|spa|1\n|move|p1a: Jolteon|Double Kick|p2a: Porygon\n|-supereffective|p2a: Porygon\n|-damage|p2a: Porygon|173\/258 par\n|-damage|p2a: Porygon|142\/258 par\n|-hitcount|p2a: Porygon|2\n|\n|upkeep\n|turn|23\n|\n|t:|1666555850\n|switch|p1a: Tauros|Tauros, L68|243\/243\n|cant|p2a: Porygon|par\n|\n|upkeep\n|turn|24\n|inactive|doooooosh has 210 seconds left.\n|\n|t:|1666555877\n|move|p1a: Tauros|Body Slam|p2a: Porygon\n|-crit|p2a: Porygon\n|-damage|p2a: Porygon|0 fnt\n|faint|p2a: Porygon\n|inactive|doooooosh has 180 seconds left.\n|inactive|doooooosh has 150 seconds left.\n|\n|t:|1666555961\n|switch|p2a: Arcanine|Arcanine, L77|297\/297\n|turn|25\n|\n|t:|1666555965\n|switch|p1a: Jolteon|Jolteon, L68|30\/229 par\n|move|p2a: Arcanine|Fire Blast|p1a: Jolteon\n|-damage|p1a: Jolteon|0 fnt\n|faint|p1a: Jolteon\n|\n|t:|1666555968\n|switch|p1a: Blastoise|Blastoise, L77|205\/280\n|turn|26\n|inactive|doooooosh has 120 seconds left.\n|\n|t:|1666556026\n|switch|p2a: Lickitung|Lickitung, L77|230\/297 slp\n|move|p1a: Blastoise|Hydro Pump|p2a: Lickitung|[miss]\n|-miss|p1a: Blastoise\n|\n|upkeep\n|turn|27\n|\n|t:|1666556032\n|move|p1a: Blastoise|Blizzard|p2a: Lickitung\n|-damage|p2a: Lickitung|143\/297 slp\n|cant|p2a: Lickitung|slp\n|\n|upkeep\n|turn|28\n|\n|t:|1666556037\n|move|p1a: Blastoise|Body Slam|p2a: Lickitung\n|-damage|p2a: Lickitung|90\/297 slp\n|-curestatus|p2a: Lickitung|slp|[msg]\n|\n|upkeep\n|turn|29\n|\n|t:|1666556051\n|move|p1a: Blastoise|Hydro Pump|p2a: Lickitung\n|-damage|p2a: Lickitung|0 fnt\n|faint|p2a: Lickitung\n|\n|t:|1666556055\n|switch|p2a: Venomoth|Venomoth, L77|170\/266\n|turn|30\n|inactive|doooooosh has 120 seconds left.\n|\n|t:|1666556065\n|switch|p1a: Snorlax|Snorlax, L68|358\/358 par\n|move|p2a: Venomoth|Psychic|p1a: Snorlax\n|-damage|p1a: Snorlax|284\/358 par\n|\n|upkeep\n|turn|31\n|inactive|doooooosh has 120 seconds left.\n|\n|t:|1666556076\n|move|p2a: Venomoth|Psychic|p1a: Snorlax\n|-damage|p1a: Snorlax|214\/358 par\n|-unboost|p1a: Snorlax|spd|1\n|-unboost|p1a: Snorlax|spa|1\n|move|p1a: Snorlax|Body Slam|p2a: Venomoth\n|-damage|p2a: Venomoth|81\/266\n|-status|p2a: Venomoth|par\n|\n|upkeep\n|turn|32\n|\n|t:|1666556093\n|switch|p1a: Haunter|Haunter, L74|219\/219 slp\n|move|p2a: Venomoth|Psychic|p1a: Haunter\n|-supereffective|p1a: Haunter\n|-damage|p1a: Haunter|115\/219 slp\n|\n|upkeep\n|turn|33\n|inactive|doooooosh has 120 seconds left.\n|\n|t:|1666556122\n|cant|p1a: Haunter|slp\n|move|p2a: Venomoth|Psychic|p1a: Haunter\n|-supereffective|p1a: Haunter\n|-damage|p1a: Haunter|22\/219 slp\n|\n|upkeep\n|turn|34\n|\n|t:|1666556127\n|cant|p1a: Haunter|slp\n|move|p2a: Venomoth|Psychic|p1a: Haunter\n|-supereffective|p1a: Haunter\n|-damage|p1a: Haunter|0 fnt\n|faint|p1a: Haunter\n|\n|t:|1666556151\n|switch|p1a: Blastoise|Blastoise, L77|205\/280\n|turn|35\n|\n|t:|1666556163\n|move|p1a: Blastoise|Hydro Pump|p2a: Venomoth\n|-damage|p2a: Venomoth|0 fnt\n|faint|p2a: Venomoth\n|inactive|doooooosh has 120 seconds left.\n|\n|t:|1666556183\n|switch|p2a: Arcanine|Arcanine, L77|297\/297\n|turn|36\n|\n|t:|1666556192\n|move|p2a: Arcanine|Body Slam|p1a: Blastoise\n|-damage|p1a: Blastoise|146\/280\n|-status|p1a: Blastoise|par\n|move|p1a: Blastoise|Hydro Pump|p2a: Arcanine|[miss]\n|-miss|p1a: Blastoise\n|\n|upkeep\n|turn|37\n|\n|t:|1666556205\n|move|p2a: Arcanine|Body Slam|p1a: Blastoise\n|-damage|p1a: Blastoise|89\/280 par\n|cant|p1a: Blastoise|par\n|\n|upkeep\n|turn|38\n|inactive|doooooosh has 120 seconds left.\n|inactive|doooooosh has 90 seconds left.\n|\n|t:|1666556271\n|switch|p1a: Snorlax|Snorlax, L68|214\/358 par\n|move|p2a: Arcanine|Fire Blast|p1a: Snorlax\n|-crit|p1a: Snorlax\n|-damage|p1a: Snorlax|0 fnt\n|faint|p1a: Snorlax\n|\n|t:|1666556277\n|switch|p1a: Tauros|Tauros, L68|243\/243\n|turn|39\n|\n|t:|1666556300\n|move|p2a: Arcanine|Fire Blast|p1a: Tauros\n|-damage|p1a: Tauros|114\/243\n|move|p1a: Tauros|Body Slam|p2a: Arcanine\n|-damage|p2a: Arcanine|228\/297\n|\n|upkeep\n|turn|40\n|\n|t:|1666556312\n|move|p2a: Arcanine|Fire Blast|p1a: Tauros\n|-damage|p1a: Tauros|0 fnt\n|faint|p1a: Tauros\n|c|\u2606LoSconosciuto|gg\n|-message|LoSconosciuto forfeited.\n|\n|win|doooooosh\n|c|\u2606doooooosh|gg\n|l|\u2606doooooosh\n","inputlog":">version 9c5d654b898167f5ae9ca6e9cc2965040adf185e\n>start {\"formatid\":\"gen1randombattle\",\"seed\":[26643,52172,35993,7651]}\n>player p1 {\"name\":\"LoSconosciuto\",\"avatar\":\"#teamgapdos\",\"rating\":0,\"seed\":[6735,15483,57400,20225]}\n>player p2 {\"name\":\"doooooosh\",\"avatar\":\"dragontamer\",\"rating\":0,\"seed\":[28617,21336,65082,64297]}\n>chat \u2606LoSconosciuto|hf\n>chat \u2606doooooosh|hg\n>chat \u2606doooooosh|hf*\n>p1 move confuseray\n>p2 move sleeppowder\n>p1 move psychic\n>p2 move sleeppowder\n>chat \u2606LoSconosciuto|mb\n>p1 move thunderbolt\n>p2 move sleeppowder\n>p2 switch 5\n>p1 switch 5\n>p2 move earthquake\n>p1 move blizzard\n>p2 switch 4\n>p1 switch 3\n>p2 move thunderwave\n>p1 move sleeppowder\n>p2 move blizzard\n>p1 move sleeppowder\n>p2 switch 6\n>p1 move razorleaf\n>p2 move blizzard\n>p1 switch 4\n>p2 switch 2\n>p1 switch 4\n>p2 move fireblast\n>p1 switch 3\n>p1 move hydropump\n>p2 switch 3\n>p1 switch 5\n>p2 move sleeppowder\n>p1 switch 6\n>p2 move stunspore\n>p1 switch 2\n>p2 switch 6\n>p1 move bodyslam\n>p2 move thunderwave\n>p1 move thunderwave\n>p2 move recover\n>p1 move thunderbolt\n>p2 move psychic\n>p1 move bodyslam\n>p2 move psychic\n>p1 move doublekick\n>p2 move recover\n>p1 move doublekick\n>p2 move psychic\n>p1 move doublekick\n>p2 move psychic\n>p1 switch 4\n>p2 move thunderwave\n>p1 move bodyslam\n>p2 move thunderwave\n>p2 switch 3\n>p1 switch 4\n>p2 move fireblast\n>p1 switch 5\n>p1 move hydropump\n>p2 switch 2\n>p1 move blizzard\n>p2 move bodyslam\n>p1 move bodyslam\n>p2 move bodyslam\n>p1 move hydropump\n>p2 move bodyslam\n>p2 switch 6\n>p1 switch 2\n>p2 move psychic\n>p1 move bodyslam\n>p2 move psychic\n>p1 switch 6\n>p2 move psychic\n>p1 move psychic\n>p2 move psychic\n>p1 move confuseray\n>p2 move psychic\n>p1 switch 2\n>p1 move hydropump\n>p2 move sleeppowder\n>p2 switch 2\n>p1 move hydropump\n>p2 move bodyslam\n>p1 move hydropump\n>p2 move bodyslam\n>p1 switch 6\n>p2 move fireblast\n>p1 switch 4\n>p1 move bodyslam\n>p2 move fireblast\n>p1 move bodyslam\n>p2 move fireblast\n>chat \u2606LoSconosciuto|gg\n>forcelose p1","uploadtime":1666556949,"views":26,"p1id":"losconosciuto","p2id":"doooooosh","formatid":"gen1randombattle","rating":0,"private":0,"password":null}