{"id":"gen1randombattle-1679353093","p1":"Ashbie The Aspie","p2":"The Last Hero","format":"gen1randombattle","log":"|j|\u2606Ashbie The Aspie\n|j|\u2606The Last Hero\n|t:|1665082072\n|gametype|singles\n|player|p1|Ashbie The Aspie|liza|\n|player|p2|The Last Hero|acetrainersnow|\n|teamsize|p1|6\n|teamsize|p2|6\n|gen|1\n|tier|[Gen 1] Random Battle\n|rated|Tournament battle\n|rule|Desync Clause Mod: Desyncs changed to move failure.\n|rule|Sleep Clause Mod: Limit one foe put to sleep\n|rule|Freeze Clause Mod: Limit one foe frozen\n|rule|Species Clause: Limit one of each Pok\u00e9mon\n|rule|OHKO Clause: OHKO moves are banned\n|rule|Evasion Moves Clause: Evasion moves are banned\n|rule|Endless Battle Clause: Forcing endless battles is banned\n|rule|HP Percentage Mod: HP is shown in percentages\n|\n|t:|1665082072\n|start\n|switch|p1a: Tangela|Tangela, L74|249\/249\n|switch|p2a: Zapdos|Zapdos, L68|263\/263\n|turn|1\n|inactive|Battle timer is ON: inactive players will automatically lose when time's up. (requested by Ashbie The Aspie)\n|j| BB-8-NU\n|j| CaillouFromCaillou\n|\n|t:|1665082082\n|move|p2a: Zapdos|Thunder Wave|p1a: Tangela\n|-status|p1a: Tangela|par\n|move|p1a: Tangela|Sleep Powder|p2a: Zapdos\n|-status|p2a: Zapdos|slp|[from] move: Sleep Powder\n|\n|upkeep\n|turn|2\n|l| CaillouFromCaillou\n|\n|t:|1665082092\n|switch|p1a: Poliwhirl|Poliwhirl, L77|258\/258\n|cant|p2a: Zapdos|slp\n|\n|upkeep\n|turn|3\n|\n|t:|1665082102\n|switch|p2a: Dewgong|Dewgong, L74|286\/286\n|move|p1a: Poliwhirl|Amnesia|p1a: Poliwhirl\n|-boost|p1a: Poliwhirl|spd|2\n|-boost|p1a: Poliwhirl|spa|2\n|\n|upkeep\n|turn|4\n|\n|t:|1665082106\n|move|p1a: Poliwhirl|Hypnosis|p2a: Dewgong|[miss]\n|-miss|p1a: Poliwhirl\n|move|p2a: Dewgong|Body Slam|p1a: Poliwhirl\n|-damage|p1a: Poliwhirl|211\/258\n|-status|p1a: Poliwhirl|par\n|\n|upkeep\n|turn|5\n|\n|t:|1665082117\n|move|p2a: Dewgong|Mimic|p1a: Poliwhirl\n|-start|p2a: Dewgong|Mimic|Surf\n|cant|p1a: Poliwhirl|par\n|\n|upkeep\n|turn|6\n|\n|t:|1665082122\n|move|p2a: Dewgong|Body Slam|p1a: Poliwhirl\n|-damage|p1a: Poliwhirl|161\/258 par\n|move|p1a: Poliwhirl|Surf|p2a: Dewgong\n|-resisted|p2a: Dewgong\n|-damage|p2a: Dewgong|226\/286\n|\n|upkeep\n|turn|7\n|\n|t:|1665082127\n|switch|p1a: Voltorb|Voltorb, L88|250\/250\n|move|p2a: Dewgong|Body Slam|p1a: Voltorb\n|-crit|p1a: Voltorb\n|-damage|p1a: Voltorb|150\/250\n|\n|upkeep\n|turn|8\n|\n|t:|1665082132\n|switch|p2a: Nidoqueen|Nidoqueen, L77|297\/297\n|move|p1a: Voltorb|Thunderbolt|p2a: Nidoqueen\n|-immune|p2a: Nidoqueen\n|\n|upkeep\n|turn|9\n|\n|t:|1665082135\n|switch|p2a: Zapdos|Zapdos, L68|263\/263 slp\n|move|p1a: Voltorb|Explosion|p2a: Zapdos\n|-damage|p2a: Zapdos|92\/263 slp\n|faint|p1a: Voltorb\n|\n|t:|1665082145\n|switch|p1a: Tangela|Tangela, L74|249\/249 par\n|turn|10\n|\n|t:|1665082147\n|cant|p2a: Zapdos|slp\n|move|p1a: Tangela|Body Slam|p2a: Zapdos\n|-crit|p2a: Zapdos\n|-damage|p2a: Zapdos|15\/263 slp\n|\n|upkeep\n|turn|11\n|\n|t:|1665082153\n|switch|p2a: Dewgong|Dewgong, L74|226\/286\n|move|p1a: Tangela|Body Slam|p2a: Dewgong\n|-damage|p2a: Dewgong|187\/286\n|-status|p2a: Dewgong|par\n|\n|upkeep\n|turn|12\n|\n|t:|1665082161\n|move|p2a: Dewgong|Blizzard|p1a: Tangela\n|-supereffective|p1a: Tangela\n|-damage|p1a: Tangela|59\/249 par\n|move|p1a: Tangela|Mega Drain|p2a: Dewgong\n|-supereffective|p2a: Dewgong\n|-damage|p2a: Dewgong|118\/286 par\n|-heal|p1a: Tangela|93\/249 par|[from] drain|[of] p2a: Dewgong\n|\n|upkeep\n|turn|13\n|\n|t:|1665082165\n|switch|p1a: Poliwhirl|Poliwhirl, L77|161\/258 par\n|cant|p2a: Dewgong|par\n|\n|upkeep\n|turn|14\n|\n|t:|1665082167\n|move|p1a: Poliwhirl|Surf|p2a: Dewgong\n|-resisted|p2a: Dewgong\n|-damage|p2a: Dewgong|86\/286 par\n|cant|p2a: Dewgong|par\n|\n|upkeep\n|turn|15\n|\n|t:|1665082173\n|move|p1a: Poliwhirl|Amnesia|p1a: Poliwhirl\n|-boost|p1a: Poliwhirl|spd|2\n|-boost|p1a: Poliwhirl|spa|2\n|move|p2a: Dewgong|Body Slam|p1a: Poliwhirl\n|-damage|p1a: Poliwhirl|115\/258 par\n|\n|upkeep\n|turn|16\n|\n|t:|1665082177\n|move|p1a: Poliwhirl|Surf|p2a: Dewgong\n|-resisted|p2a: Dewgong\n|-damage|p2a: Dewgong|30\/286 par\n|move|p2a: Dewgong|Body Slam|p1a: Poliwhirl\n|-damage|p1a: Poliwhirl|67\/258 par\n|\n|upkeep\n|turn|17\n|\n|t:|1665082180\n|cant|p1a: Poliwhirl|par\n|move|p2a: Dewgong|Body Slam|p1a: Poliwhirl\n|-damage|p1a: Poliwhirl|18\/258 par\n|\n|upkeep\n|turn|18\n|\n|t:|1665082183\n|cant|p1a: Poliwhirl|par\n|cant|p2a: Dewgong|par\n|\n|upkeep\n|turn|19\n|\n|t:|1665082185\n|move|p1a: Poliwhirl|Surf|p2a: Dewgong\n|-resisted|p2a: Dewgong\n|-damage|p2a: Dewgong|0 fnt\n|faint|p2a: Dewgong\n|\n|t:|1665082187\n|switch|p2a: Voltorb|Voltorb, L88|250\/250\n|turn|20\n|\n|t:|1665082190\n|move|p2a: Voltorb|Thunderbolt|p1a: Poliwhirl\n|-supereffective|p1a: Poliwhirl\n|-damage|p1a: Poliwhirl|0 fnt\n|faint|p1a: Poliwhirl\n|\n|t:|1665082193\n|switch|p1a: Tangela|Tangela, L74|93\/249 par\n|turn|21\n|\n|t:|1665082199\n|switch|p2a: Poliwrath|Poliwrath, L76|293\/293\n|move|p1a: Tangela|Mega Drain|p2a: Poliwrath\n|-supereffective|p2a: Poliwrath\n|-damage|p2a: Poliwrath|206\/293\n|-heal|p1a: Tangela|136\/249 par|[from] drain|[of] p2a: Poliwrath\n|\n|upkeep\n|turn|22\n|\n|t:|1665082208\n|move|p2a: Poliwrath|Amnesia|p2a: Poliwrath\n|-boost|p2a: Poliwrath|spd|2\n|-boost|p2a: Poliwrath|spa|2\n|move|p1a: Tangela|Body Slam|p2a: Poliwrath\n|-crit|p2a: Poliwrath\n|-damage|p2a: Poliwrath|136\/293\n|\n|upkeep\n|turn|23\n|\n|t:|1665082211\n|move|p2a: Poliwrath|Blizzard|p1a: Tangela\n|-supereffective|p1a: Tangela\n|-damage|p1a: Tangela|0 fnt\n|faint|p1a: Tangela\n|\n|t:|1665082215\n|switch|p1a: Golbat|Golbat, L77|274\/274\n|turn|24\n|\n|t:|1665082219\n|move|p1a: Golbat|Confuse Ray|p2a: Poliwrath\n|-start|p2a: Poliwrath|confusion\n|-activate|p2a: Poliwrath|confusion\n|-damage|p2a: Poliwrath|111\/293|[from] confusion\n|\n|upkeep\n|turn|25\n|\n|t:|1665082223\n|move|p1a: Golbat|Mega Drain|p2a: Poliwrath\n|-supereffective|p2a: Poliwrath\n|-damage|p2a: Poliwrath|84\/293\n|-activate|p2a: Poliwrath|confusion\n|move|p2a: Poliwrath|Blizzard|p1a: Golbat|[miss]\n|-miss|p2a: Poliwrath\n|\n|upkeep\n|turn|26\n|\n|t:|1665082227\n|move|p1a: Golbat|Hyper Beam|p2a: Poliwrath\n|-crit|p2a: Poliwrath\n|-damage|p2a: Poliwrath|0 fnt\n|faint|p2a: Poliwrath\n|\n|t:|1665082231\n|switch|p2a: Voltorb|Voltorb, L88|250\/250\n|turn|27\n|\n|t:|1665082238\n|move|p2a: Voltorb|Thunder Wave|p1a: Golbat\n|-status|p1a: Golbat|par\n|move|p1a: Golbat|Hyper Beam|p2a: Voltorb\n|-damage|p2a: Voltorb|147\/250\n|-mustrecharge|p1a: Golbat\n|\n|upkeep\n|turn|28\n|\n|t:|1665082241\n|move|p2a: Voltorb|Thunderbolt|p1a: Golbat\n|-supereffective|p1a: Golbat\n|-damage|p1a: Golbat|71\/274 par\n|cant|p1a: Golbat|recharge\n|\n|upkeep\n|turn|29\n|\n|t:|1665082244\n|move|p2a: Voltorb|Thunderbolt|p1a: Golbat\n|-crit|p1a: Golbat\n|-supereffective|p1a: Golbat\n|-damage|p1a: Golbat|0 fnt\n|faint|p1a: Golbat\n|\n|t:|1665082246\n|switch|p1a: Raticate|Raticate, L77|243\/243\n|turn|30\n|\n|t:|1665082250\n|move|p2a: Voltorb|Thunder Wave|p1a: Raticate\n|-status|p1a: Raticate|par\n|cant|p1a: Raticate|par\n|\n|upkeep\n|turn|31\n|\n|t:|1665082256\n|switch|p2a: Zapdos|Zapdos, L68|15\/263 slp\n|move|p1a: Raticate|Body Slam|p2a: Zapdos\n|-damage|p2a: Zapdos|0 fnt\n|faint|p2a: Zapdos\n|\n|t:|1665082258\n|switch|p2a: Nidoqueen|Nidoqueen, L77|297\/297\n|turn|32\n|\n|t:|1665082261\n|move|p2a: Nidoqueen|Earthquake|p1a: Raticate\n|-damage|p1a: Raticate|143\/243 par\n|move|p1a: Raticate|Blizzard|p2a: Nidoqueen\n|-supereffective|p2a: Nidoqueen\n|-damage|p2a: Nidoqueen|173\/297\n|-status|p2a: Nidoqueen|frz\n|\n|upkeep\n|turn|33\n|\n|t:|1665082268\n|cant|p2a: Nidoqueen|frz\n|move|p1a: Raticate|Body Slam|p2a: Nidoqueen\n|-damage|p2a: Nidoqueen|99\/297 frz\n|\n|upkeep\n|turn|34\n|\n|t:|1665082271\n|cant|p2a: Nidoqueen|frz\n|move|p1a: Raticate|Body Slam|p2a: Nidoqueen\n|-crit|p2a: Nidoqueen\n|-damage|p2a: Nidoqueen|0 fnt\n|faint|p2a: Nidoqueen\n|\n|t:|1665082273\n|switch|p2a: Voltorb|Voltorb, L88|147\/250\n|turn|35\n|\n|t:|1665082275\n|move|p2a: Voltorb|Thunderbolt|p1a: Raticate\n|-damage|p1a: Raticate|28\/243 par\n|move|p1a: Raticate|Body Slam|p2a: Voltorb\n|-crit|p2a: Voltorb\n|-damage|p2a: Voltorb|0 fnt\n|faint|p2a: Voltorb\n|\n|t:|1665082279\n|switch|p2a: Mew|Mew, L65|265\/265\n|turn|36\n|\n|t:|1665082283\n|move|p2a: Mew|Swords Dance|p2a: Mew\n|-boost|p2a: Mew|atk|2\n|move|p1a: Raticate|Super Fang|p2a: Mew\n|-damage|p2a: Mew|133\/265\n|\n|upkeep\n|turn|37\n|\n|t:|1665082286\n|move|p2a: Mew|Earthquake|p1a: Raticate\n|-damage|p1a: Raticate|0 fnt\n|faint|p1a: Raticate\n|\n|t:|1665082288\n|switch|p1a: Alakazam|Alakazam, L68|216\/216\n|turn|38\n|\n|t:|1665082291\n|move|p1a: Alakazam|Seismic Toss|p2a: Mew\n|-damage|p2a: Mew|65\/265\n|move|p2a: Mew|Soft-Boiled|p2a: Mew\n|-heal|p2a: Mew|197\/265\n|\n|upkeep\n|turn|39\n|\n|t:|1665082295\n|move|p1a: Alakazam|Thunder Wave|p2a: Mew\n|-status|p2a: Mew|par\n|cant|p2a: Mew|par\n|\n|upkeep\n|turn|40\n|\n|t:|1665082299\n|move|p1a: Alakazam|Seismic Toss|p2a: Mew\n|-damage|p2a: Mew|129\/265 par\n|move|p2a: Mew|Soft-Boiled|p2a: Mew\n|-heal|p2a: Mew|261\/265 par\n|\n|upkeep\n|turn|41\n|\n|t:|1665082303\n|move|p1a: Alakazam|Seismic Toss|p2a: Mew\n|-damage|p2a: Mew|193\/265 par\n|cant|p2a: Mew|par\n|\n|upkeep\n|turn|42\n|\n|t:|1665082307\n|move|p1a: Alakazam|Seismic Toss|p2a: Mew\n|-damage|p2a: Mew|125\/265 par\n|cant|p2a: Mew|par\n|\n|upkeep\n|turn|43\n|\n|t:|1665082310\n|move|p1a: Alakazam|Seismic Toss|p2a: Mew\n|-damage|p2a: Mew|57\/265 par\n|move|p2a: Mew|Soft-Boiled|p2a: Mew\n|-heal|p2a: Mew|189\/265 par\n|\n|upkeep\n|turn|44\n|\n|t:|1665082312\n|move|p1a: Alakazam|Seismic Toss|p2a: Mew\n|-damage|p2a: Mew|121\/265 par\n|move|p2a: Mew|Soft-Boiled|p2a: Mew\n|-heal|p2a: Mew|253\/265 par\n|\n|upkeep\n|turn|45\n|\n|t:|1665082314\n|move|p1a: Alakazam|Seismic Toss|p2a: Mew\n|-damage|p2a: Mew|185\/265 par\n|move|p2a: Mew|Hyper Beam|p1a: Alakazam\n|-damage|p1a: Alakazam|0 fnt\n|faint|p1a: Alakazam\n|\n|win|The Last Hero\n|n|\u2606Ashbie The Aspie|ashbietheaspie\n|n|\u2606The Last Hero|thelasthero\n|n| BB-8-NU|bb8nu\n","inputlog":">version 6ac186ac1402e62445919ecb9d92d415187451bf\n>start {\"formatid\":\"gen1randombattle\",\"seed\":[22845,57350,61394,22967],\"rated\":\"Tournament battle\"}\n>player p1 {\"name\":\"Ashbie The Aspie\",\"avatar\":\"liza\",\"rating\":0,\"seed\":[41905,31392,29032,47189]}\n>player p2 {\"name\":\"The Last Hero\",\"avatar\":\"acetrainersnow\",\"rating\":0,\"seed\":[50344,56505,9701,34700]}\n>p1 move sleeppowder\n>p2 move thunderwave\n>p1 switch 4\n>p2 move drillpeck\n>p1 move amnesia\n>p2 switch 5\n>p1 move hypnosis\n>p2 move bodyslam\n>p1 move surf\n>p2 move mimic\n>p1 move surf\n>p2 move bodyslam\n>p1 switch 6\n>p2 move bodyslam\n>p1 move thunderbolt\n>p2 switch 3\n>p1 move explosion\n>p2 switch 5\n>p1 switch 4\n>p1 move bodyslam\n>p2 move drillpeck\n>p1 move bodyslam\n>p2 switch 3\n>p1 move megadrain\n>p2 move blizzard\n>p1 switch 6\n>p2 move blizzard\n>p1 move surf\n>p2 move bodyslam\n>p1 move amnesia\n>p2 move bodyslam\n>p1 move surf\n>p2 move bodyslam\n>p1 move surf\n>p2 move bodyslam\n>p1 move surf\n>p2 move bodyslam\n>p1 move surf\n>p2 move bodyslam\n>p2 switch 4\n>p1 move surf\n>p2 move thunderbolt\n>p1 switch 6\n>p1 move megadrain\n>p2 switch 2\n>p1 move bodyslam\n>p2 move amnesia\n>p1 move bodyslam\n>p2 move blizzard\n>p1 switch 3\n>p1 move confuseray\n>p2 move blizzard\n>p1 move megadrain\n>p2 move blizzard\n>p1 move hyperbeam\n>p2 move blizzard\n>p2 switch 2\n>p1 move hyperbeam\n>p2 move thunderwave\n>p1 move recharge\n>p2 move thunderbolt\n>p1 move doubleedge\n>p2 move thunderbolt\n>p1 switch 5\n>p1 move bodyslam\n>p2 move thunderwave\n>p1 move bodyslam\n>p2 switch 3\n>p2 switch 5\n>p1 move blizzard\n>p2 move earthquake\n>p1 move bodyslam\n>p2 move earthquake\n>p1 move bodyslam\n>p2 move earthquake\n>p2 switch 3\n>p1 move bodyslam\n>p2 move thunderbolt\n>p2 switch 6\n>p1 move superfang\n>p2 move swordsdance\n>p1 move bodyslam\n>p2 move earthquake\n>p1 switch 2\n>p1 move seismictoss\n>p2 move softboiled\n>p1 move thunderwave\n>p2 move softboiled\n>p1 move seismictoss\n>p2 move softboiled\n>p1 move seismictoss\n>p2 move hyperbeam\n>p1 move seismictoss\n>p2 move softboiled\n>p1 move seismictoss\n>p2 move softboiled\n>p1 move seismictoss\n>p2 move softboiled\n>p1 move seismictoss\n>p2 move hyperbeam","uploadtime":1665082315,"views":3,"p1id":"ashbietheaspie","p2id":"thelasthero","formatid":"gen1randombattle","rating":0,"private":0,"password":null}