{"id":"gen2randombattle-1407349239","p1":"manspider","p2":"The Last Hero","format":"gen2randombattle","log":"|j|\u2606manspider\n|j|\u2606The Last Hero\n|t:|1630406359\n|gametype|singles\n|player|p1|manspider|cynthia|\n|player|p2|The Last Hero|acetrainersnow|\n|teamsize|p1|6\n|teamsize|p2|6\n|gen|2\n|tier|[Gen 2] Random Battle\n|rated|Tournament battle\n|rule|Sleep Clause Mod: Limit one foe put to sleep\n|rule|Freeze Clause Mod: Limit one foe frozen\n|rule|Species Clause: Limit one of each Pok\u00e9mon\n|rule|OHKO Clause: OHKO moves are banned\n|rule|Evasion Moves Clause: Evasion moves are banned\n|rule|Endless Battle Clause: Forcing endless battles is banned\n|rule|HP Percentage Mod: HP is shown in percentages\n|rule|Inverse Mod: Weaknesses become resistances, while resistances and immunities become weaknesses.\n|\n|t:|1630406360\n|start\n|switch|p1a: Pikachu|Pikachu, L69, M|191\/191\n|switch|p2a: Smeargle|Smeargle, L67, M|213\/213\n|turn|1\n|j| BB-8-NU\n|j| TheKaisser\n|c|\u2606manspider|gl hf\n|c|\u2606The Last Hero|same\n|\n|t:|1630406371\n|move|p1a: Pikachu|Substitute|p1a: Pikachu\n|-start|p1a: Pikachu|Substitute\n|-damage|p1a: Pikachu|144\/191\n|move|p2a: Smeargle|Spore|p1a: Pikachu\n|-activate|p1a: Pikachu|Substitute|[block] Spore\n|\n|upkeep\n|turn|2\n|\n|t:|1630406382\n|move|p1a: Pikachu|Encore|p2a: Smeargle\n|-start|p2a: Smeargle|Encore\n|move|p2a: Smeargle|Spore|p1a: Pikachu\n|-activate|p1a: Pikachu|Substitute|[block] Spore\n|\n|upkeep\n|turn|3\n|j| BigChuchu\n|\n|t:|1630406388\n|switch|p2a: Alakazam|Alakazam, L67, M|213\/213\n|move|p1a: Pikachu|Thunderbolt|p2a: Alakazam\n|-damage|p2a: Alakazam|84\/213\n|\n|-heal|p2a: Alakazam|97\/213|[from] item: Leftovers\n|upkeep\n|turn|4\n|\n|t:|1630406393\n|move|p2a: Alakazam|Psychic|p1a: Pikachu\n|-end|p1a: Pikachu|Substitute\n|move|p1a: Pikachu|Thunderbolt|p2a: Alakazam\n|-damage|p2a: Alakazam|0 fnt\n|faint|p2a: Alakazam\n|\n|t:|1630406396\n|switch|p2a: Smeargle|Smeargle, L67, M|213\/213\n|\n|upkeep\n|turn|5\n|\n|t:|1630406400\n|move|p1a: Pikachu|Substitute|p1a: Pikachu\n|-start|p1a: Pikachu|Substitute\n|-damage|p1a: Pikachu|97\/191\n|move|p2a: Smeargle|Agility|p2a: Smeargle\n|-boost|p2a: Smeargle|spe|2\n|\n|upkeep\n|turn|6\n|c|\u2606manspider|based pikachu\n|\n|t:|1630406406\n|move|p2a: Smeargle|Spikes|p1a: Pikachu\n|-sidestart|p1: manspider|Spikes\n|move|p1a: Pikachu|Encore|p2a: Smeargle\n|-start|p2a: Smeargle|Encore\n|\n|upkeep\n|turn|7\n|\n|t:|1630406410\n|move|p2a: Smeargle|Spikes|p1a: Pikachu\n|-fail|p1a: Pikachu\n|move|p1a: Pikachu|Thunderbolt|p2a: Smeargle\n|-damage|p2a: Smeargle|55\/213\n|\n|-heal|p2a: Smeargle|68\/213|[from] item: Leftovers\n|upkeep\n|turn|8\n|\n|t:|1630406416\n|move|p2a: Smeargle|Spikes|p1a: Pikachu\n|-fail|p1a: Pikachu\n|move|p1a: Pikachu|Thunderbolt|p2a: Smeargle\n|-damage|p2a: Smeargle|0 fnt\n|faint|p2a: Smeargle\n|\n|t:|1630406417\n|switch|p2a: Flareon|Flareon, L73, M|228\/228\n|\n|upkeep\n|turn|9\n|c| BigChuchu|pika is a beast\n|\n|t:|1630406429\n|move|p1a: Pikachu|Thunderbolt|p2a: Flareon\n|-damage|p2a: Flareon|134\/228\n|move|p2a: Flareon|Double-Edge|p1a: Pikachu\n|-end|p1a: Pikachu|Substitute\n|-damage|p2a: Flareon|133\/228|[from] Recoil|[of] p1a: Pikachu\n|\n|-heal|p2a: Flareon|147\/228|[from] item: Leftovers\n|upkeep\n|turn|10\n|\n|t:|1630406436\n|move|p1a: Pikachu|Hidden Power|p2a: Flareon\n|-supereffective|p2a: Flareon\n|-damage|p2a: Flareon|57\/228\n|move|p2a: Flareon|Double-Edge|p1a: Pikachu\n|-damage|p1a: Pikachu|0 fnt\n|-damage|p2a: Flareon|33\/228|[from] Recoil|[of] p1a: Pikachu\n|faint|p1a: Pikachu\n|\n|t:|1630406447\n|switch|p1a: Magmar|Magmar, L73, M|234\/234\n|-damage|p1a: Magmar|205\/234|[from] Spikes\n|\n|-heal|p2a: Flareon|47\/228|[from] item: Leftovers\n|upkeep\n|turn|11\n|\n|t:|1630406456\n|switch|p2a: Vileplume|Vileplume, L69, M|246\/246\n|move|p1a: Magmar|Thunder Punch|p2a: Vileplume\n|-supereffective|p2a: Vileplume\n|-damage|p2a: Vileplume|143\/246\n|\n|-heal|p2a: Vileplume|158\/246|[from] item: Leftovers\n|upkeep\n|turn|12\n|\n|t:|1630406465\n|move|p1a: Magmar|Thunder Punch|p2a: Vileplume\n|-supereffective|p2a: Vileplume\n|-damage|p2a: Vileplume|53\/246\n|move|p2a: Vileplume|Moonlight|p2a: Vileplume\n|-heal|p2a: Vileplume|176\/246\n|\n|-heal|p2a: Vileplume|191\/246|[from] item: Leftovers\n|upkeep\n|turn|13\n|\n|t:|1630406468\n|move|p1a: Magmar|Thunder Punch|p2a: Vileplume\n|-supereffective|p2a: Vileplume\n|-damage|p2a: Vileplume|89\/246\n|-status|p2a: Vileplume|par\n|move|p2a: Vileplume|Giga Drain|p1a: Magmar\n|-supereffective|p1a: Magmar\n|-damage|p1a: Magmar|108\/234\n|-heal|p2a: Vileplume|137\/246 par|[from] drain|[of] p1a: Magmar\n|\n|-heal|p2a: Vileplume|152\/246 par|[from] item: Leftovers\n|upkeep\n|turn|14\n|c|\u2606manspider|oh god no\n|\n|t:|1630406475\n|move|p1a: Magmar|Thunder Punch|p2a: Vileplume\n|-supereffective|p2a: Vileplume\n|-damage|p2a: Vileplume|54\/246 par\n|move|p2a: Vileplume|Moonlight|p2a: Vileplume\n|-heal|p2a: Vileplume|177\/246 par\n|\n|-heal|p2a: Vileplume|192\/246 par|[from] item: Leftovers\n|upkeep\n|turn|15\n|\n|t:|1630406480\n|move|p1a: Magmar|Thunder Punch|p2a: Vileplume\n|-supereffective|p2a: Vileplume\n|-damage|p2a: Vileplume|88\/246 par\n|move|p2a: Vileplume|Giga Drain|p1a: Magmar\n|-supereffective|p1a: Magmar\n|-damage|p1a: Magmar|11\/234\n|-heal|p2a: Vileplume|136\/246 par|[from] drain|[of] p1a: Magmar\n|\n|-heal|p2a: Vileplume|151\/246 par|[from] item: Leftovers\n|upkeep\n|turn|16\n|j| Cinnmma \u266a\u266a\n|\n|t:|1630406484\n|move|p1a: Magmar|Thunder Punch|p2a: Vileplume\n|-supereffective|p2a: Vileplume\n|-damage|p2a: Vileplume|54\/246 par\n|cant|p2a: Vileplume|par\n|\n|-heal|p2a: Vileplume|69\/246 par|[from] item: Leftovers\n|upkeep\n|turn|17\n|c|\u2606manspider|thank you thunder punch\n|\n|t:|1630406500\n|switch|p2a: Mantine|Mantine, L73, M|234\/234\n|move|p1a: Magmar|Thunder Punch|p2a: Mantine\n|-resisted|p2a: Mantine\n|-damage|p2a: Mantine|226\/234\n|\n|-heal|p2a: Mantine|234\/234|[from] item: Leftovers\n|upkeep\n|turn|18\n|j| Gobi \u263a\n|\n|t:|1630406506\n|move|p1a: Magmar|Fire Blast|p2a: Mantine\n|-supereffective|p2a: Mantine\n|-damage|p2a: Mantine|81\/234\n|move|p2a: Mantine|Surf|p1a: Magmar\n|-resisted|p1a: Magmar\n|-damage|p1a: Magmar|0 fnt\n|faint|p1a: Magmar\n|\n|t:|1630406513\n|switch|p1a: Mantine|Mantine, L73, M|245\/245\n|-damage|p1a: Mantine|215\/245|[from] Spikes\n|\n|-heal|p1a: Mantine|230\/245|[from] item: Leftovers\n|-heal|p2a: Mantine|95\/234|[from] item: Leftovers\n|upkeep\n|turn|19\n|\n|t:|1630406520\n|switch|p2a: Flareon|Flareon, L73, M|47\/228\n|move|p1a: Mantine|Surf|p2a: Flareon\n|-resisted|p2a: Flareon\n|-damage|p2a: Flareon|15\/228\n|\n|-heal|p1a: Mantine|245\/245|[from] item: Leftovers\n|-heal|p2a: Flareon|29\/228|[from] item: Leftovers\n|upkeep\n|turn|20\n|\n|t:|1630406527\n|switch|p1a: Espeon|Espeon, L67, M|210\/210\n|-damage|p1a: Espeon|184\/210|[from] Spikes\n|move|p2a: Flareon|Fire Blast|p1a: Espeon\n|-damage|p1a: Espeon|71\/210\n|\n|-heal|p1a: Espeon|84\/210|[from] item: Leftovers\n|-heal|p2a: Flareon|43\/228|[from] item: Leftovers\n|upkeep\n|turn|21\n|\n|t:|1630406534\n|switch|p2a: Vileplume|Vileplume, L69, M|69\/246 par\n|move|p1a: Espeon|Psychic|p2a: Vileplume\n|-resisted|p2a: Vileplume\n|-damage|p2a: Vileplume|25\/246 par\n|\n|-heal|p1a: Espeon|97\/210|[from] item: Leftovers\n|-heal|p2a: Vileplume|40\/246 par|[from] item: Leftovers\n|upkeep\n|turn|22\n|\n|t:|1630406539\n|move|p1a: Espeon|Substitute|p1a: Espeon\n|-start|p1a: Espeon|Substitute\n|-damage|p1a: Espeon|45\/210\n|move|p2a: Vileplume|Moonlight|p2a: Vileplume\n|-heal|p2a: Vileplume|163\/246 par\n|\n|-heal|p1a: Espeon|58\/210|[from] item: Leftovers\n|-heal|p2a: Vileplume|178\/246 par|[from] item: Leftovers\n|upkeep\n|turn|23\n|\n|t:|1630406544\n|move|p1a: Espeon|Morning Sun|p1a: Espeon\n|-heal|p1a: Espeon|163\/210\n|move|p2a: Vileplume|Sludge Bomb|p1a: Espeon\n|-end|p1a: Espeon|Substitute\n|\n|-heal|p1a: Espeon|176\/210|[from] item: Leftovers\n|-heal|p2a: Vileplume|193\/246 par|[from] item: Leftovers\n|upkeep\n|turn|24\n|\n|t:|1630406551\n|switch|p1a: Politoed|Politoed, L69, M|256\/256\n|-damage|p1a: Politoed|224\/256|[from] Spikes\n|move|p2a: Vileplume|Sludge Bomb|p1a: Politoed\n|-damage|p1a: Politoed|145\/256\n|\n|-heal|p1a: Politoed|161\/256|[from] item: Leftovers\n|-heal|p2a: Vileplume|208\/246 par|[from] item: Leftovers\n|upkeep\n|turn|25\n|\n|t:|1630406558\n|move|p1a: Politoed|Surf|p2a: Vileplume\n|-supereffective|p2a: Vileplume\n|-damage|p2a: Vileplume|57\/246 par\n|move|p2a: Vileplume|Sleep Powder|p1a: Politoed\n|-status|p1a: Politoed|slp|[from] move: Sleep Powder\n|\n|-heal|p1a: Politoed|177\/256 slp|[from] item: Leftovers\n|-heal|p2a: Vileplume|72\/246 par|[from] item: Leftovers\n|upkeep\n|turn|26\n|\n|t:|1630406561\n|cant|p1a: Politoed|slp\n|move|p2a: Vileplume|Moonlight|p2a: Vileplume\n|-heal|p2a: Vileplume|195\/246 par\n|\n|-heal|p1a: Politoed|193\/256 slp|[from] item: Leftovers\n|-heal|p2a: Vileplume|210\/246 par|[from] item: Leftovers\n|upkeep\n|turn|27\n|\n|t:|1630406565\n|switch|p2a: Flareon|Flareon, L73, M|43\/228\n|cant|p1a: Politoed|slp\n|move|p1a: Politoed|Sleep Talk|p1a: Politoed\n|move|p1a: Politoed|Rest|p1a: Politoed|[from]Sleep Talk\n|-status|p1a: Politoed|slp|[from] move: Rest\n|-heal|p1a: Politoed|256\/256 slp|[silent]\n|\n|-heal|p2a: Flareon|57\/228|[from] item: Leftovers\n|upkeep\n|turn|28\n|\n|t:|1630406569\n|move|p2a: Flareon|Fire Blast|p1a: Politoed|[miss]\n|-miss|p2a: Flareon\n|cant|p1a: Politoed|slp\n|move|p1a: Politoed|Sleep Talk|p1a: Politoed\n|move|p1a: Politoed|Rest|p1a: Politoed|[from]Sleep Talk\n|-fail|p1a: Politoed\n|\n|-heal|p2a: Flareon|71\/228|[from] item: Leftovers\n|upkeep\n|turn|29\n|c|\u2606manspider|oh come on\n|\n|t:|1630406580\n|move|p2a: Flareon|Fire Blast|p1a: Politoed|[miss]\n|-miss|p2a: Flareon\n|cant|p1a: Politoed|slp\n|move|p1a: Politoed|Sleep Talk|p1a: Politoed\n|move|p1a: Politoed|Rest|p1a: Politoed|[from]Sleep Talk\n|-fail|p1a: Politoed\n|\n|-heal|p2a: Flareon|85\/228|[from] item: Leftovers\n|upkeep\n|turn|30\n|j| justforfunmercypls\n|c|\u2606manspider|politoed please\n|\n|t:|1630406592\n|move|p2a: Flareon|Fire Blast|p1a: Politoed\n|-supereffective|p1a: Politoed\n|-damage|p1a: Politoed|38\/256 slp\n|-curestatus|p1a: Politoed|slp|[msg]\n|move|p1a: Politoed|Sleep Talk|p1a: Politoed\n|\n|-heal|p2a: Flareon|99\/228|[from] item: Leftovers\n|-heal|p1a: Politoed|54\/256|[from] item: Leftovers\n|upkeep\n|turn|31\n|\n|t:|1630406602\n|move|p2a: Flareon|Double-Edge|p1a: Politoed\n|-damage|p1a: Politoed|0 fnt\n|-damage|p2a: Flareon|86\/228|[from] Recoil|[of] p1a: Politoed\n|faint|p1a: Politoed\n|c| TheKaisser|Cmon manspider, don't let him win this\n|j| 4mi\n|\n|t:|1630406609\n|switch|p1a: Smeargle|Smeargle, L67, M|213\/213\n|-damage|p1a: Smeargle|187\/213|[from] Spikes\n|\n|-heal|p1a: Smeargle|200\/213|[from] item: Leftovers\n|-heal|p2a: Flareon|100\/228|[from] item: Leftovers\n|upkeep\n|turn|32\n|l| 4mi\n|\n|t:|1630406618\n|move|p1a: Smeargle|Spore|p2a: Flareon\n|-status|p2a: Flareon|slp|[from] move: Spore\n|cant|p2a: Flareon|slp\n|\n|-heal|p2a: Flareon|114\/228 slp|[from] item: Leftovers\n|-heal|p1a: Smeargle|213\/213|[from] item: Leftovers\n|upkeep\n|turn|33\n|\n|t:|1630406627\n|cant|p2a: Flareon|slp\n|move|p1a: Smeargle|Spikes|p2a: Flareon\n|-sidestart|p2: The Last Hero|Spikes\n|\n|-heal|p2a: Flareon|128\/228 slp|[from] item: Leftovers\n|upkeep\n|turn|34\n|\n|t:|1630406632\n|cant|p2a: Flareon|slp\n|move|p1a: Smeargle|Spikes|p2a: Flareon\n|-fail|p2a: Flareon\n|\n|-heal|p2a: Flareon|142\/228 slp|[from] item: Leftovers\n|upkeep\n|turn|35\n|\n|t:|1630406635\n|move|p1a: Smeargle|Agility|p1a: Smeargle\n|-boost|p1a: Smeargle|spe|2\n|cant|p2a: Flareon|slp\n|\n|-heal|p2a: Flareon|156\/228 slp|[from] item: Leftovers\n|upkeep\n|turn|36\n|\n|t:|1630406638\n|move|p1a: Smeargle|Agility|p1a: Smeargle\n|-boost|p1a: Smeargle|spe|2\n|cant|p2a: Flareon|slp\n|\n|-heal|p2a: Flareon|170\/228 slp|[from] item: Leftovers\n|upkeep\n|turn|37\n|c| BigChuchu|why spikes\n|\n|t:|1630406644\n|move|p1a: Smeargle|Agility|p1a: Smeargle\n|-boost|p1a: Smeargle|spe|2\n|-curestatus|p2a: Flareon|slp|[msg]\n|move|p2a: Flareon|Zap Cannon|p1a: Smeargle|[miss]\n|-miss|p2a: Flareon\n|\n|-heal|p2a: Flareon|184\/228|[from] item: Leftovers\n|upkeep\n|turn|38\n|c|\u2606manspider|it has no attacking moves lol\n|\n|t:|1630406658\n|move|p1a: Smeargle|Spore|p2a: Flareon\n|-status|p2a: Flareon|slp|[from] move: Spore\n|cant|p2a: Flareon|slp\n|\n|-heal|p2a: Flareon|198\/228 slp|[from] item: Leftovers\n|upkeep\n|turn|39\n|c| BigChuchu|lol\n|\n|t:|1630406664\n|move|p1a: Smeargle|Baton Pass|p1a: Smeargle\n|\n|t:|1630406668\n|switch|p1a: Mantine|Mantine, L73, M|245\/245\n|-damage|p1a: Mantine|215\/245|[from] Spikes\n|cant|p2a: Flareon|slp\n|\n|-heal|p1a: Mantine|230\/245|[from] item: Leftovers\n|-heal|p2a: Flareon|212\/228 slp|[from] item: Leftovers\n|upkeep\n|turn|40\n|\n|t:|1630406676\n|switch|p1a: Espeon|Espeon, L67, M|176\/210\n|-damage|p1a: Espeon|150\/210|[from] Spikes\n|cant|p2a: Flareon|slp\n|\n|-heal|p1a: Espeon|163\/210|[from] item: Leftovers\n|-heal|p2a: Flareon|226\/228 slp|[from] item: Leftovers\n|upkeep\n|turn|41\n|j| thementalgame\n|c|\u2606manspider|SHIT\n|\n|t:|1630406683\n|switch|p2a: Vileplume|Vileplume, L69, M|210\/246 par\n|-damage|p2a: Vileplume|180\/246 par|[from] Spikes\n|move|p1a: Espeon|Psychic|p2a: Vileplume\n|-crit|p2a: Vileplume\n|-resisted|p2a: Vileplume\n|-damage|p2a: Vileplume|95\/246 par\n|\n|-heal|p1a: Espeon|176\/210|[from] item: Leftovers\n|-heal|p2a: Vileplume|110\/246 par|[from] item: Leftovers\n|upkeep\n|turn|42\n|j| wwah456\n|c| BigChuchu|what are you doing\n|c|\u2606manspider|i misclicked\n|l| wwah456\n|c| TheKaisser|What you doing dude xD\n|\n|t:|1630406697\n|move|p1a: Espeon|Psychic|p2a: Vileplume\n|-resisted|p2a: Vileplume\n|-damage|p2a: Vileplume|66\/246 par\n|move|p2a: Vileplume|Moonlight|p2a: Vileplume\n|-heal|p2a: Vileplume|189\/246 par\n|\n|-heal|p1a: Espeon|189\/210|[from] item: Leftovers\n|-heal|p2a: Vileplume|204\/246 par|[from] item: Leftovers\n|upkeep\n|turn|43\n|j| Afrozriju\n|\n|t:|1630406704\n|move|p1a: Espeon|Psychic|p2a: Vileplume\n|-resisted|p2a: Vileplume\n|-damage|p2a: Vileplume|163\/246 par\n|move|p2a: Vileplume|Sludge Bomb|p1a: Espeon\n|-damage|p1a: Espeon|92\/210\n|\n|-heal|p1a: Espeon|105\/210|[from] item: Leftovers\n|-heal|p2a: Vileplume|178\/246 par|[from] item: Leftovers\n|upkeep\n|turn|44\n|c|\u2606manspider|seething at that misclick\n|\n|t:|1630406713\n|switch|p1a: Mantine|Mantine, L73, M|230\/245\n|-damage|p1a: Mantine|200\/245|[from] Spikes\n|cant|p2a: Vileplume|par\n|\n|-heal|p1a: Mantine|215\/245|[from] item: Leftovers\n|-heal|p2a: Vileplume|193\/246 par|[from] item: Leftovers\n|upkeep\n|turn|45\n|j| 4mi\n|\n|t:|1630406719\n|switch|p2a: Flareon|Flareon, L73, M|226\/228 slp\n|-damage|p2a: Flareon|198\/228 slp|[from] Spikes\n|move|p1a: Mantine|Surf|p2a: Flareon\n|-resisted|p2a: Flareon\n|-damage|p2a: Flareon|166\/228 slp\n|\n|-heal|p1a: Mantine|230\/245|[from] item: Leftovers\n|-heal|p2a: Flareon|180\/228 slp|[from] item: Leftovers\n|upkeep\n|turn|46\n|\n|t:|1630406726\n|switch|p1a: Espeon|Espeon, L67, M|105\/210\n|-damage|p1a: Espeon|79\/210|[from] Spikes\n|cant|p2a: Flareon|slp\n|\n|-heal|p1a: Espeon|92\/210|[from] item: Leftovers\n|-heal|p2a: Flareon|194\/228 slp|[from] item: Leftovers\n|upkeep\n|turn|47\n|\n|t:|1630406730\n|switch|p2a: Vileplume|Vileplume, L69, M|193\/246 par\n|-damage|p2a: Vileplume|163\/246 par|[from] Spikes\n|move|p1a: Espeon|Morning Sun|p1a: Espeon\n|-heal|p1a: Espeon|197\/210\n|\n|-heal|p1a: Espeon|210\/210|[from] item: Leftovers\n|-heal|p2a: Vileplume|178\/246 par|[from] item: Leftovers\n|upkeep\n|turn|48\n|inactive|Battle timer is ON: inactive players will automatically lose when time's up. (requested by The Last Hero)\n|c|\u2606manspider|guess this is the game were playing now\n|\n|t:|1630406739\n|switch|p1a: Mantine|Mantine, L73, M|230\/245\n|-damage|p1a: Mantine|200\/245|[from] Spikes\n|move|p2a: Vileplume|Sludge Bomb|p1a: Mantine\n|-damage|p1a: Mantine|120\/245\n|\n|-heal|p1a: Mantine|135\/245|[from] item: Leftovers\n|-heal|p2a: Vileplume|193\/246 par|[from] item: Leftovers\n|upkeep\n|turn|49\n|\n|t:|1630406748\n|switch|p2a: Flareon|Flareon, L73, M|194\/228 slp\n|-damage|p2a: Flareon|166\/228 slp|[from] Spikes\n|move|p1a: Mantine|Surf|p2a: Flareon\n|-resisted|p2a: Flareon\n|-damage|p2a: Flareon|134\/228 slp\n|\n|-heal|p1a: Mantine|150\/245|[from] item: Leftovers\n|-heal|p2a: Flareon|148\/228 slp|[from] item: Leftovers\n|upkeep\n|turn|50\n|\n|t:|1630406752\n|switch|p1a: Espeon|Espeon, L67, M|210\/210\n|-damage|p1a: Espeon|184\/210|[from] Spikes\n|cant|p2a: Flareon|slp\n|\n|-heal|p1a: Espeon|197\/210|[from] item: Leftovers\n|-heal|p2a: Flareon|162\/228 slp|[from] item: Leftovers\n|upkeep\n|turn|51\n|\n|t:|1630406759\n|switch|p2a: Vileplume|Vileplume, L69, M|193\/246 par\n|-damage|p2a: Vileplume|163\/246 par|[from] Spikes\n|move|p1a: Espeon|Substitute|p1a: Espeon\n|-start|p1a: Espeon|Substitute\n|-damage|p1a: Espeon|145\/210\n|\n|-heal|p1a: Espeon|158\/210|[from] item: Leftovers\n|-heal|p2a: Vileplume|178\/246 par|[from] item: Leftovers\n|upkeep\n|turn|52\n|c| BigChuchu|Mantine only has Surf??\n|\n|t:|1630406765\n|move|p1a: Espeon|Psychic|p2a: Vileplume\n|-resisted|p2a: Vileplume\n|-damage|p2a: Vileplume|136\/246 par\n|move|p2a: Vileplume|Sludge Bomb|p1a: Espeon\n|-end|p1a: Espeon|Substitute\n|\n|-heal|p1a: Espeon|171\/210|[from] item: Leftovers\n|-heal|p2a: Vileplume|151\/246 par|[from] item: Leftovers\n|upkeep\n|turn|53\n|c|\u2606manspider|no,it also has ground hidden power\n|c|\u2606manspider|actually no wait,yeah just surf\n|\n|t:|1630406785\n|move|p1a: Espeon|Morning Sun|p1a: Espeon\n|-heal|p1a: Espeon|210\/210\n|move|p2a: Vileplume|Sludge Bomb|p1a: Espeon\n|-damage|p1a: Espeon|110\/210\n|\n|-heal|p1a: Espeon|123\/210|[from] item: Leftovers\n|-heal|p2a: Vileplume|166\/246 par|[from] item: Leftovers\n|upkeep\n|turn|54\n|\n|t:|1630406792\n|switch|p1a: Mantine|Mantine, L73, M|150\/245\n|-damage|p1a: Mantine|120\/245|[from] Spikes\n|move|p2a: Vileplume|Sludge Bomb|p1a: Mantine\n|-damage|p1a: Mantine|38\/245\n|\n|-heal|p1a: Mantine|53\/245|[from] item: Leftovers\n|-heal|p2a: Vileplume|181\/246 par|[from] item: Leftovers\n|upkeep\n|turn|55\n|\n|t:|1630406800\n|switch|p2a: Exeggutor|Exeggutor, L65, M|258\/258\n|-damage|p2a: Exeggutor|226\/258|[from] Spikes\n|move|p1a: Mantine|Rest|p1a: Mantine\n|-status|p1a: Mantine|slp|[from] move: Rest\n|-heal|p1a: Mantine|245\/245 slp|[silent]\n|\n|-heal|p2a: Exeggutor|242\/258|[from] item: Leftovers\n|upkeep\n|turn|56\n|\n|t:|1630406806\n|cant|p1a: Mantine|slp\n|move|p2a: Exeggutor|Explosion|p1a: Mantine\n|-damage|p1a: Mantine|0 fnt\n|faint|p2a: Exeggutor\n|faint|p1a: Mantine\n|l| Cinnmma \u266a\u266a\n|c|\u2606manspider|dammit\n|\n|t:|1630406817\n|switch|p1a: Smeargle|Smeargle, L67, M|213\/213\n|switch|p2a: Vileplume|Vileplume, L69, M|181\/246 par\n|-damage|p1a: Smeargle|187\/213|[from] Spikes\n|-damage|p2a: Vileplume|151\/246 par|[from] Spikes\n|\n|-heal|p1a: Smeargle|200\/213|[from] item: Leftovers\n|-heal|p2a: Vileplume|166\/246 par|[from] item: Leftovers\n|upkeep\n|turn|57\n|\n|t:|1630406822\n|move|p1a: Smeargle|Agility|p1a: Smeargle\n|-boost|p1a: Smeargle|spe|2\n|move|p2a: Vileplume|Sleep Powder|p1a: Smeargle\n|-status|p1a: Smeargle|slp|[from] move: Sleep Powder\n|\n|-heal|p1a: Smeargle|213\/213 slp|[from] item: Leftovers\n|-heal|p2a: Vileplume|181\/246 par|[from] item: Leftovers\n|upkeep\n|turn|58\n|\n|t:|1630406827\n|cant|p1a: Smeargle|slp\n|move|p2a: Vileplume|Giga Drain|p1a: Smeargle\n|-damage|p1a: Smeargle|137\/213 slp\n|-heal|p2a: Vileplume|219\/246 par|[from] drain|[of] p1a: Smeargle\n|\n|-heal|p1a: Smeargle|150\/213 slp|[from] item: Leftovers\n|-heal|p2a: Vileplume|234\/246 par|[from] item: Leftovers\n|upkeep\n|turn|59\n|\n|t:|1630406829\n|cant|p1a: Smeargle|slp\n|move|p2a: Vileplume|Giga Drain|p1a: Smeargle\n|-damage|p1a: Smeargle|76\/213 slp\n|-heal|p2a: Vileplume|246\/246 par|[from] drain|[of] p1a: Smeargle\n|\n|-heal|p1a: Smeargle|89\/213 slp|[from] item: Leftovers\n|upkeep\n|turn|60\n|\n|t:|1630406831\n|-curestatus|p1a: Smeargle|slp|[msg]\n|move|p1a: Smeargle|Baton Pass|p1a: Smeargle\n|\n|t:|1630406833\n|switch|p1a: Espeon|Espeon, L67, M|123\/210\n|-damage|p1a: Espeon|97\/210|[from] Spikes\n|cant|p2a: Vileplume|par\n|\n|-heal|p1a: Espeon|110\/210|[from] item: Leftovers\n|upkeep\n|turn|61\n|\n|t:|1630406837\n|move|p1a: Espeon|Psychic|p2a: Vileplume\n|-resisted|p2a: Vileplume\n|-damage|p2a: Vileplume|205\/246 par\n|cant|p2a: Vileplume|par\n|\n|-heal|p1a: Espeon|123\/210|[from] item: Leftovers\n|-heal|p2a: Vileplume|220\/246 par|[from] item: Leftovers\n|upkeep\n|turn|62\n|c|\u2606manspider|gg\n|\n|t:|1630406848\n|move|p1a: Espeon|Substitute|p1a: Espeon\n|-start|p1a: Espeon|Substitute\n|-damage|p1a: Espeon|71\/210\n|move|p2a: Vileplume|Sludge Bomb|p1a: Espeon\n|-end|p1a: Espeon|Substitute\n|\n|-heal|p1a: Espeon|84\/210|[from] item: Leftovers\n|-heal|p2a: Vileplume|235\/246 par|[from] item: Leftovers\n|upkeep\n|turn|63\n|c|\u2606manspider|unless i get some crazy para luck i lose lol\n|\n|t:|1630406859\n|move|p1a: Espeon|Substitute|p1a: Espeon\n|-start|p1a: Espeon|Substitute\n|-damage|p1a: Espeon|32\/210\n|move|p2a: Vileplume|Sludge Bomb|p1a: Espeon\n|-end|p1a: Espeon|Substitute\n|\n|-heal|p1a: Espeon|45\/210|[from] item: Leftovers\n|-heal|p2a: Vileplume|246\/246 par|[from] item: Leftovers\n|upkeep\n|turn|64\n|\n|t:|1630406862\n|move|p1a: Espeon|Morning Sun|p1a: Espeon\n|-heal|p1a: Espeon|150\/210\n|cant|p2a: Vileplume|par\n|\n|-heal|p1a: Espeon|163\/210|[from] item: Leftovers\n|upkeep\n|turn|65\n|c|\u2606manspider|at least gonna stall to 69\n|\n|t:|1630406870\n|move|p1a: Espeon|Substitute|p1a: Espeon\n|-start|p1a: Espeon|Substitute\n|-damage|p1a: Espeon|111\/210\n|move|p2a: Vileplume|Sludge Bomb|p1a: Espeon\n|-end|p1a: Espeon|Substitute\n|\n|-heal|p1a: Espeon|124\/210|[from] item: Leftovers\n|upkeep\n|turn|66\n|\n|t:|1630406877\n|move|p1a: Espeon|Morning Sun|p1a: Espeon\n|-heal|p1a: Espeon|210\/210\n|cant|p2a: Vileplume|par\n|\n|upkeep\n|turn|67\n|\n|t:|1630406882\n|move|p1a: Espeon|Psychic|p2a: Vileplume\n|-resisted|p2a: Vileplume\n|-damage|p2a: Vileplume|205\/246 par\n|move|p2a: Vileplume|Sludge Bomb|p1a: Espeon\n|-crit|p1a: Espeon\n|-damage|p1a: Espeon|16\/210\n|\n|-heal|p1a: Espeon|29\/210|[from] item: Leftovers\n|-heal|p2a: Vileplume|220\/246 par|[from] item: Leftovers\n|upkeep\n|turn|68\n|c| TheKaisser|He doesn't deserve the win, rooting for you manspider\n|\n|t:|1630406888\n|move|p1a: Espeon|Psychic|p2a: Vileplume\n|-resisted|p2a: Vileplume\n|-damage|p2a: Vileplume|173\/246 par\n|-unboost|p2a: Vileplume|spd|1\n|cant|p2a: Vileplume|par\n|\n|-heal|p1a: Espeon|42\/210|[from] item: Leftovers\n|-heal|p2a: Vileplume|188\/246 par|[from] item: Leftovers\n|upkeep\n|turn|69\n|c| BigChuchu|PP stall it\n|c|\u2606manspider|made it\n|\n|t:|1630406901\n|move|p1a: Espeon|Substitute|p1a: Espeon\n|-fail|p1a: Espeon|move: Substitute|[weak]\n|cant|p2a: Vileplume|par\n|\n|-heal|p1a: Espeon|55\/210|[from] item: Leftovers\n|-heal|p2a: Vileplume|203\/246 par|[from] item: Leftovers\n|upkeep\n|turn|70\n|\n|t:|1630406905\n|move|p1a: Espeon|Morning Sun|p1a: Espeon\n|-heal|p1a: Espeon|160\/210\n|cant|p2a: Vileplume|par\n|\n|-heal|p1a: Espeon|173\/210|[from] item: Leftovers\n|-heal|p2a: Vileplume|218\/246 par|[from] item: Leftovers\n|upkeep\n|turn|71\n|c| thementalgame|u need a crit double\n|\n|t:|1630406913\n|move|p1a: Espeon|Psychic|p2a: Vileplume\n|-resisted|p2a: Vileplume\n|-damage|p2a: Vileplume|150\/246 par\n|move|p2a: Vileplume|Sludge Bomb|p1a: Espeon\n|-damage|p1a: Espeon|79\/210\n|-status|p1a: Espeon|psn\n|\n|-heal|p1a: Espeon|92\/210 psn|[from] item: Leftovers\n|-heal|p2a: Vileplume|165\/246 par|[from] item: Leftovers\n|upkeep\n|turn|72\n|\n|t:|1630406919\n|move|p1a: Espeon|Morning Sun|p1a: Espeon\n|-heal|p1a: Espeon|197\/210 psn\n|-damage|p1a: Espeon|171\/210 psn|[from] psn\n|move|p2a: Vileplume|Moonlight|p2a: Vileplume\n|-heal|p2a: Vileplume|246\/246 par\n|\n|-heal|p1a: Espeon|184\/210 psn|[from] item: Leftovers\n|upkeep\n|turn|73\n|c|\u2606manspider|crap\n|c| thementalgame|crit into para into crit...\n|c| TheKaisser|RIP\n|\n|t:|1630406928\n|move|p1a: Espeon|Psychic|p2a: Vileplume\n|-resisted|p2a: Vileplume\n|-damage|p2a: Vileplume|176\/246 par\n|-damage|p1a: Espeon|158\/210 psn|[from] psn|[of] p2a: Vileplume\n|cant|p2a: Vileplume|par\n|\n|-heal|p1a: Espeon|171\/210 psn|[from] item: Leftovers\n|-heal|p2a: Vileplume|191\/246 par|[from] item: Leftovers\n|upkeep\n|turn|74\n|\n|t:|1630406932\n|move|p1a: Espeon|Psychic|p2a: Vileplume\n|-resisted|p2a: Vileplume\n|-damage|p2a: Vileplume|119\/246 par\n|-damage|p1a: Espeon|145\/210 psn|[from] psn|[of] p2a: Vileplume\n|move|p2a: Vileplume|Giga Drain|p1a: Espeon\n|-damage|p1a: Espeon|91\/210 psn\n|-heal|p2a: Vileplume|146\/246 par|[from] drain|[of] p1a: Espeon\n|\n|-heal|p1a: Espeon|104\/210 psn|[from] item: Leftovers\n|-heal|p2a: Vileplume|161\/246 par|[from] item: Leftovers\n|upkeep\n|turn|75\n|\n|t:|1630406937\n|move|p1a: Espeon|Morning Sun|p1a: Espeon\n|-heal|p1a: Espeon|209\/210 psn\n|-damage|p1a: Espeon|183\/210 psn|[from] psn\n|move|p2a: Vileplume|Giga Drain|p1a: Espeon\n|-damage|p1a: Espeon|127\/210 psn\n|-heal|p2a: Vileplume|189\/246 par|[from] drain|[of] p1a: Espeon\n|\n|-heal|p1a: Espeon|140\/210 psn|[from] item: Leftovers\n|-heal|p2a: Vileplume|204\/246 par|[from] item: Leftovers\n|upkeep\n|turn|76\n|\n|t:|1630406940\n|move|p1a: Espeon|Substitute|p1a: Espeon\n|-start|p1a: Espeon|Substitute\n|-damage|p1a: Espeon|88\/210 psn\n|-damage|p1a: Espeon|62\/210 psn|[from] psn\n|move|p2a: Vileplume|Giga Drain|p1a: Espeon\n|-miss|p2a: Vileplume\n|-hint|In Gen 2, draining moves always miss against Substitute.\n|\n|-heal|p1a: Espeon|75\/210 psn|[from] item: Leftovers\n|-heal|p2a: Vileplume|219\/246 par|[from] item: Leftovers\n|upkeep\n|turn|77\n|\n|t:|1630406943\n|move|p1a: Espeon|Psychic|p2a: Vileplume\n|-resisted|p2a: Vileplume\n|-damage|p2a: Vileplume|148\/246 par\n|-damage|p1a: Espeon|49\/210 psn|[from] psn|[of] p2a: Vileplume\n|move|p2a: Vileplume|Sludge Bomb|p1a: Espeon\n|-end|p1a: Espeon|Substitute\n|\n|-heal|p1a: Espeon|62\/210 psn|[from] item: Leftovers\n|-heal|p2a: Vileplume|163\/246 par|[from] item: Leftovers\n|upkeep\n|turn|78\n|\n|t:|1630406947\n|move|p1a: Espeon|Psychic|p2a: Vileplume\n|-resisted|p2a: Vileplume\n|-damage|p2a: Vileplume|94\/246 par\n|-damage|p1a: Espeon|36\/210 psn|[from] psn|[of] p2a: Vileplume\n|cant|p2a: Vileplume|par\n|\n|-heal|p1a: Espeon|49\/210 psn|[from] item: Leftovers\n|-heal|p2a: Vileplume|109\/246 par|[from] item: Leftovers\n|upkeep\n|turn|79\n|\n|t:|1630406950\n|move|p1a: Espeon|Psychic|p2a: Vileplume\n|-resisted|p2a: Vileplume\n|-damage|p2a: Vileplume|47\/246 par\n|-damage|p1a: Espeon|23\/210 psn|[from] psn|[of] p2a: Vileplume\n|move|p2a: Vileplume|Giga Drain|p1a: Espeon\n|-damage|p1a: Espeon|0 fnt\n|-heal|p2a: Vileplume|58\/246 par|[from] drain|[of] p1a: Espeon\n|faint|p1a: Espeon\n|l| 4mi\n|\n|t:|1630406954\n|switch|p1a: Smeargle|Smeargle, L67, M|89\/213\n|-damage|p1a: Smeargle|63\/213|[from] Spikes\n|\n|-heal|p1a: Smeargle|76\/213|[from] item: Leftovers\n|-heal|p2a: Vileplume|73\/246 par|[from] item: Leftovers\n|upkeep\n|turn|80\n|c|\u2606manspider|gg\n|\n|t:|1630406959\n|move|p1a: Smeargle|Agility|p1a: Smeargle\n|-boost|p1a: Smeargle|spe|2\n|move|p2a: Vileplume|Sludge Bomb|p1a: Smeargle\n|-damage|p1a: Smeargle|0 fnt\n|faint|p1a: Smeargle\n|\n|win|The Last Hero\n|n|\u2606manspider|manspider\n|n|\u2606The Last Hero|thelasthero\n|n| BB-8-NU|bb8nu\n|n| TheKaisser|thekaisser\n|n| BigChuchu|bigchuchu\n|n| Gobi \u263a|gobi\n|n| justforfunmercypls|justforfunmercypls\n|n| thementalgame|thementalgame\n|n| Afrozriju|afrozriju\n|c|\u2606The Last Hero|gg\n|l| BB-8-NU\n|l| BigChuchu\n|l| justforfunmercypls\n|l| thementalgame\n","inputlog":">version aca4a84452d667ff1bc969bb84bced84940f36fe\n>start {\"formatid\":\"gen2randombattle@@@inversemod\",\"seed\":[28253,35592,38696,55654],\"rated\":\"Tournament battle\"}\n>player p1 {\"name\":\"manspider\",\"avatar\":\"cynthia\",\"rating\":0,\"seed\":[3556,18123,21231,24000]}\n>player p2 {\"name\":\"The Last Hero\",\"avatar\":\"acetrainersnow\",\"rating\":0,\"seed\":[50545,37938,5943,1023]}\n>chat \u2606manspider|gl hf\n>chat \u2606The Last Hero|same\n>p1 move substitute\n>p2 move spore\n>p1 move encore\n>p2 move spikes\n>p1 move thunderbolt\n>p2 switch 6\n>p1 move thunderbolt\n>p2 move psychic\n>p2 switch 6\n>p1 move substitute\n>p2 move agility\n>chat \u2606manspider|based pikachu\n>p1 move encore\n>p2 move spikes\n>p1 move thunderbolt\n>p2 move spikes\n>p1 move thunderbolt\n>p2 move spikes\n>p2 switch 3\n>chat  BigChuchu|pika is a beast\n>p1 move thunderbolt\n>p2 move doubleedge\n>p1 move hiddenpower\n>p2 move doubleedge\n>p1 switch 5\n>p1 move thunderpunch\n>p2 switch 4\n>p1 move thunderpunch\n>p2 move moonlight\n>p1 move thunderpunch\n>p2 move gigadrain\n>chat \u2606manspider|oh god no\n>p1 move thunderpunch\n>p2 move moonlight\n>p1 move thunderpunch\n>p2 move gigadrain\n>p1 move thunderpunch\n>p2 move gigadrain\n>chat \u2606manspider|thank you thunder punch\n>p1 move thunderpunch\n>p2 switch 2\n>p1 move fireblast\n>p2 move surf\n>p1 switch 4\n>p1 move surf\n>p2 switch 4\n>p1 switch 6\n>p2 move fireblast\n>p1 move psychic\n>p2 switch 2\n>p1 move substitute\n>p2 move moonlight\n>p1 move morningsun\n>p2 move sludgebomb\n>p1 switch 3\n>p2 move sludgebomb\n>p1 move surf\n>p2 move sleeppowder\n>p1 move surf\n>p2 move moonlight\n>p1 move sleeptalk\n>p2 switch 2\n>p1 move sleeptalk\n>p2 move fireblast\n>chat \u2606manspider|oh come on\n>p1 move sleeptalk\n>p2 move fireblast\n>chat \u2606manspider|politoed please\n>p1 move sleeptalk\n>p2 move fireblast\n>p1 move hiddenpower\n>p2 move doubleedge\n>chat  TheKaisser|Cmon manspider, don't let him win this\n>p1 switch 2\n>p1 move spore\n>p2 move fireblast\n>p1 move spikes\n>p2 move fireblast\n>p1 move spikes\n>p2 move doubleedge\n>p1 move agility\n>p2 move zapcannon\n>p1 move agility\n>p2 move zapcannon\n>chat  BigChuchu|why spikes\n>p1 move agility\n>p2 move zapcannon\n>chat \u2606manspider|it has no attacking moves lol\n>p1 move spore\n>p2 move zapcannon\n>chat  BigChuchu|lol\n>p1 move batonpass\n>p2 move zapcannon\n>p1 switch 6\n>p1 switch 3\n>p2 move zapcannon\n>chat \u2606manspider|SHIT\n>p1 move psychic\n>p2 switch 2\n>chat  BigChuchu|what are you doing\n>chat \u2606manspider|i misclicked \n>chat  TheKaisser|What you doing dude xD\n>p1 move psychic\n>p2 move moonlight\n>p1 move psychic\n>p2 move sludgebomb\n>chat \u2606manspider|seething at that misclick\n>p1 switch 3\n>p2 move sludgebomb\n>p1 move surf\n>p2 switch 2\n>p1 switch 3\n>p2 move zapcannon\n>p1 move morningsun\n>p2 switch 2\n>chat \u2606manspider|guess this is the game were playing now\n>p1 switch 3\n>p2 move sludgebomb\n>p1 move surf\n>p2 switch 2\n>p1 switch 3\n>p2 move zapcannon\n>p1 move substitute\n>p2 switch 2\n>chat  BigChuchu|Mantine only has Surf??\n>p1 move psychic\n>p2 move sludgebomb\n>chat \u2606manspider|no,it also has ground hidden power\n>chat \u2606manspider|actually no wait,yeah just surf\n>p1 move morningsun\n>p2 move sludgebomb\n>p1 switch 3\n>p2 move sludgebomb\n>p1 move rest\n>p2 switch 5\n>p1 move surf\n>p2 move explosion\n>chat \u2606manspider|dammit\n>p1 switch 6\n>p2 switch 5\n>p1 move agility\n>p2 move sleeppowder\n>p1 move batonpass\n>p2 move gigadrain\n>p1 move batonpass\n>p2 move gigadrain\n>p1 move batonpass\n>p2 move gigadrain\n>p1 switch 3\n>p1 move psychic\n>p2 move sludgebomb\n>chat \u2606manspider|gg\n>p1 move substitute\n>p2 move sludgebomb\n>chat \u2606manspider|unless i get some crazy para luck i lose lol\n>p1 move substitute\n>p2 move sludgebomb\n>p1 move morningsun\n>p2 move sludgebomb\n>chat \u2606manspider|at least gonna stall to 69\n>p1 move substitute\n>p2 move sludgebomb\n>p1 move morningsun\n>p2 move sludgebomb\n>p1 move psychic\n>p2 move sludgebomb\n>chat  TheKaisser|He doesn't deserve the win, rooting for you manspider\n>p1 move psychic\n>p2 move sleeppowder\n>chat  BigChuchu|PP stall it\n>chat \u2606manspider|made it\n>p1 move substitute\n>p2 move sleeppowder\n>p1 move morningsun\n>p2 move sludgebomb\n>chat  thementalgame|u need a crit double\n>p1 move psychic\n>p2 move sludgebomb\n>p1 move morningsun\n>p2 move moonlight\n>chat \u2606manspider|crap\n>chat  thementalgame|crit into para into crit...\n>chat  TheKaisser|RIP\n>p1 move psychic\n>p2 move gigadrain\n>p1 move psychic\n>p2 move gigadrain\n>p1 move morningsun\n>p2 move gigadrain\n>p1 move substitute\n>p2 move gigadrain\n>p1 move psychic\n>p2 move sludgebomb\n>p1 move psychic\n>p2 move gigadrain\n>p1 move psychic\n>p2 move gigadrain\n>p1 switch 3\n>chat \u2606manspider|gg\n>p1 move agility\n>p2 move sludgebomb","uploadtime":1630406960,"views":18,"p1id":"manspider","p2id":"thelasthero","formatid":"gen2randombattle","rating":0,"private":0,"password":null}