{"id":"gen2randombattle-1328863897","p1":"Uvinha_com_Leite","p2":"PedroGreg","format":"gen2randombattle","log":"|inactive|Battle timer is ON: inactive players will automatically lose when time's up.\n|j|\u2606Uvinha_com_Leite\n|j|\u2606PedroGreg\n|t:|1619398732\n|gametype|singles\n|player|p1|Uvinha_com_Leite|anabel|\n|player|p2|PedroGreg|bianca|\n|teamsize|p1|6\n|teamsize|p2|6\n|gen|2\n|tier|[Gen 2] Random Battle\n|rated|Tournament battle\n|rule|Sleep Clause Mod: Limit one foe put to sleep\n|rule|Freeze Clause Mod: Limit one foe frozen\n|rule|Species Clause: Limit one of each Pok\u00e9mon\n|rule|OHKO Clause: OHKO moves are banned\n|rule|Evasion Moves Clause: Evasion moves are banned\n|rule|Endless Battle Clause: Forcing endless battles is banned\n|rule|HP Percentage Mod: HP is shown in percentages\n|rule|Blitz: Super-fast timer\n|\n|t:|1619398732\n|start\n|switch|p1a: Sneasel|Sneasel, L73, M|231\/231\n|switch|p2a: Murkrow|Murkrow, L73, M|238\/238\n|turn|1\n|c|\u2606PedroGreg|hf\n|c|\u2606Uvinha_com_Leite|to speedrunando\n|\n|t:|1619398739\n|switch|p2a: Qwilfish|Qwilfish, L69, M|232\/232\n|move|p1a: Sneasel|Thief|p2a: Qwilfish\n|-damage|p2a: Qwilfish|199\/232\n|-item|p1a: Sneasel|Leftovers|[from] move: Thief|[of] p2a: Qwilfish\n|\n|upkeep\n|turn|2\n|j| bugx500\n|inactive|Uvinha_com_Leite has 10 seconds left.\n|\n|t:|1619398744\n|move|p1a: Sneasel|Ice Beam|p2a: Qwilfish\n|-resisted|p2a: Qwilfish\n|-damage|p2a: Qwilfish|165\/232\n|move|p2a: Qwilfish|Spikes|p1a: Sneasel\n|-sidestart|p1: Uvinha_com_Leite|Spikes\n|\n|upkeep\n|turn|3\n|\n|t:|1619398746\n|move|p1a: Sneasel|Ice Beam|p2a: Qwilfish\n|-resisted|p2a: Qwilfish\n|-damage|p2a: Qwilfish|131\/232\n|move|p2a: Qwilfish|Spikes|p1a: Sneasel\n|-fail|p1a: Sneasel\n|\n|upkeep\n|turn|4\n|\n|t:|1619398748\n|move|p1a: Sneasel|Ice Beam|p2a: Qwilfish\n|-resisted|p2a: Qwilfish\n|-damage|p2a: Qwilfish|96\/232\n|move|p2a: Qwilfish|Hydro Pump|p1a: Sneasel\n|-damage|p1a: Sneasel|159\/231\n|\n|-heal|p1a: Sneasel|173\/231|[from] item: Leftovers\n|upkeep\n|turn|5\n|\n|t:|1619398752\n|move|p1a: Sneasel|Ice Beam|p2a: Qwilfish\n|-resisted|p2a: Qwilfish\n|-damage|p2a: Qwilfish|60\/232\n|move|p2a: Qwilfish|Sludge Bomb|p1a: Sneasel\n|-damage|p1a: Sneasel|78\/231\n|\n|-heal|p1a: Sneasel|92\/231|[from] item: Leftovers\n|upkeep\n|turn|6\n|\n|t:|1619398754\n|move|p1a: Sneasel|Moonlight|p1a: Sneasel\n|-heal|p1a: Sneasel|207\/231\n|move|p2a: Qwilfish|Sludge Bomb|p1a: Sneasel\n|-damage|p1a: Sneasel|117\/231\n|\n|-heal|p1a: Sneasel|131\/231|[from] item: Leftovers\n|upkeep\n|turn|7\n|\n|t:|1619398758\n|move|p1a: Sneasel|Thief|p2a: Qwilfish\n|-damage|p2a: Qwilfish|28\/232\n|move|p2a: Qwilfish|Sludge Bomb|p1a: Sneasel\n|-damage|p1a: Sneasel|40\/231\n|-status|p1a: Sneasel|psn\n|\n|-heal|p1a: Sneasel|54\/231 psn|[from] item: Leftovers\n|upkeep\n|turn|8\n|\n|t:|1619398761\n|move|p1a: Sneasel|Moonlight|p1a: Sneasel\n|-heal|p1a: Sneasel|169\/231 psn\n|-damage|p1a: Sneasel|141\/231 psn|[from] psn\n|move|p2a: Qwilfish|Sludge Bomb|p1a: Sneasel\n|-damage|p1a: Sneasel|52\/231 psn\n|\n|-heal|p1a: Sneasel|66\/231 psn|[from] item: Leftovers\n|upkeep\n|turn|9\n|\n|t:|1619398765\n|move|p1a: Sneasel|Moonlight|p1a: Sneasel\n|-heal|p1a: Sneasel|181\/231 psn\n|-damage|p1a: Sneasel|153\/231 psn|[from] psn\n|move|p2a: Qwilfish|Sludge Bomb|p1a: Sneasel\n|-damage|p1a: Sneasel|60\/231 psn\n|\n|-heal|p1a: Sneasel|74\/231 psn|[from] item: Leftovers\n|upkeep\n|turn|10\n|\n|t:|1619398768\n|move|p1a: Sneasel|Moonlight|p1a: Sneasel\n|-heal|p1a: Sneasel|189\/231 psn\n|-damage|p1a: Sneasel|161\/231 psn|[from] psn\n|move|p2a: Qwilfish|Sludge Bomb|p1a: Sneasel\n|-damage|p1a: Sneasel|70\/231 psn\n|\n|-heal|p1a: Sneasel|84\/231 psn|[from] item: Leftovers\n|upkeep\n|turn|11\n|\n|t:|1619398773\n|move|p1a: Sneasel|Return|p2a: Qwilfish\n|-damage|p2a: Qwilfish|0 fnt\n|faint|p2a: Qwilfish\n|c|\u2606Uvinha_com_Leite|morre\n|inactive|PedroGreg has 10 seconds left.\n|\n|t:|1619398778\n|switch|p2a: Heracross|Heracross, L65, M|239\/239\n|\n|-heal|p1a: Sneasel|98\/231 psn|[from] item: Leftovers\n|upkeep\n|turn|12\n|\n|t:|1619398782\n|move|p1a: Sneasel|Moonlight|p1a: Sneasel\n|-heal|p1a: Sneasel|213\/231 psn\n|-damage|p1a: Sneasel|185\/231 psn|[from] psn\n|move|p2a: Heracross|Curse|p2a: Heracross\n|-unboost|p2a: Heracross|spe|1\n|-boost|p2a: Heracross|atk|1\n|-boost|p2a: Heracross|def|1\n|\n|-heal|p1a: Sneasel|199\/231 psn|[from] item: Leftovers\n|upkeep\n|turn|13\n|j| Marven Stormlight\n|j| Mukirana\n|inactive|Uvinha_com_Leite has 10 seconds left.\n|\n|t:|1619398787\n|move|p1a: Sneasel|Return|p2a: Heracross\n|-damage|p2a: Heracross|188\/239\n|-damage|p1a: Sneasel|171\/231 psn|[from] psn|[of] p2a: Heracross\n|move|p2a: Heracross|Curse|p2a: Heracross\n|-unboost|p2a: Heracross|spe|1\n|-boost|p2a: Heracross|atk|1\n|-boost|p2a: Heracross|def|1\n|\n|-heal|p1a: Sneasel|185\/231 psn|[from] item: Leftovers\n|-heal|p2a: Heracross|202\/239|[from] item: Leftovers\n|upkeep\n|turn|14\n|\n|t:|1619398792\n|move|p1a: Sneasel|Return|p2a: Heracross\n|-damage|p2a: Heracross|167\/239\n|-damage|p1a: Sneasel|157\/231 psn|[from] psn|[of] p2a: Heracross\n|move|p2a: Heracross|Curse|p2a: Heracross\n|-unboost|p2a: Heracross|spe|1\n|-boost|p2a: Heracross|atk|1\n|-boost|p2a: Heracross|def|1\n|\n|-heal|p1a: Sneasel|171\/231 psn|[from] item: Leftovers\n|-heal|p2a: Heracross|181\/239|[from] item: Leftovers\n|upkeep\n|turn|15\n|l| Marven Stormlight\n|inactive|Uvinha_com_Leite has 10 seconds left.\n|c|\u2606Uvinha_com_Leite|nao\n|c|\u2606Uvinha_com_Leite|nao fa\u00e7a isso\n|\n|t:|1619398800\n|move|p1a: Sneasel|Moonlight|p1a: Sneasel\n|-heal|p1a: Sneasel|231\/231 psn\n|-damage|p1a: Sneasel|203\/231 psn|[from] psn\n|move|p2a: Heracross|Curse|p2a: Heracross\n|-unboost|p2a: Heracross|spe|1\n|-boost|p2a: Heracross|atk|1\n|-boost|p2a: Heracross|def|1\n|\n|-heal|p1a: Sneasel|217\/231 psn|[from] item: Leftovers\n|-heal|p2a: Heracross|195\/239|[from] item: Leftovers\n|upkeep\n|turn|16\n|\n|t:|1619398805\n|move|p1a: Sneasel|Thief|p2a: Heracross\n|-resisted|p2a: Heracross\n|-damage|p2a: Heracross|182\/239\n|-damage|p1a: Sneasel|189\/231 psn|[from] psn|[of] p2a: Heracross\n|move|p2a: Heracross|Curse|p2a: Heracross\n|-unboost|p2a: Heracross|spe|1\n|-boost|p2a: Heracross|atk|1\n|-boost|p2a: Heracross|def|1\n|\n|-heal|p1a: Sneasel|203\/231 psn|[from] item: Leftovers\n|-heal|p2a: Heracross|196\/239|[from] item: Leftovers\n|upkeep\n|turn|17\n|j| Marven Stormlight\n|c| Mukirana|blitz que demora\n|inactive|Uvinha_com_Leite has 10 seconds left.\n|\n|t:|1619398811\n|move|p1a: Sneasel|Return|p2a: Heracross\n|-damage|p2a: Heracross|172\/239\n|-damage|p1a: Sneasel|175\/231 psn|[from] psn|[of] p2a: Heracross\n|move|p2a: Heracross|Megahorn|p1a: Sneasel\n|-supereffective|p1a: Sneasel\n|-damage|p1a: Sneasel|0 fnt\n|faint|p1a: Sneasel\n|inactive|Uvinha_com_Leite has 10 seconds left.\n|\n|t:|1619398817\n|switch|p1a: Furret|Furret, L73, M|274\/274\n|-damage|p1a: Furret|240\/274|[from] Spikes\n|\n|-heal|p1a: Furret|257\/274|[from] item: Leftovers\n|-heal|p2a: Heracross|186\/239|[from] item: Leftovers\n|upkeep\n|turn|18\n|c| Marven Stormlight|lol\n|c|\u2606Uvinha_com_Leite|>:(\n|\n|t:|1619398821\n|move|p1a: Furret|Surf|p2a: Heracross\n|-damage|p2a: Heracross|147\/239\n|move|p2a: Heracross|Megahorn|p1a: Furret|[miss]\n|-miss|p2a: Heracross\n|\n|-heal|p1a: Furret|274\/274|[from] item: Leftovers\n|-heal|p2a: Heracross|161\/239|[from] item: Leftovers\n|upkeep\n|turn|19\n|\n|t:|1619398825\n|move|p1a: Furret|Surf|p2a: Heracross\n|-damage|p2a: Heracross|121\/239\n|move|p2a: Heracross|Megahorn|p1a: Furret\n|-crit|p1a: Furret\n|-damage|p1a: Furret|0 fnt\n|faint|p1a: Furret\n|\n|t:|1619398828\n|switch|p1a: Venusaur|Venusaur, L67, M|246\/246\n|-damage|p1a: Venusaur|216\/246|[from] Spikes\n|\n|-heal|p1a: Venusaur|231\/246|[from] item: Leftovers\n|-heal|p2a: Heracross|135\/239|[from] item: Leftovers\n|upkeep\n|turn|20\n|c| Marven Stormlight|heracross\n|c| Marven Stormlight|do ash\n|c| Marven Stormlight|ne\n|inactive|Uvinha_com_Leite has 10 seconds left.\n|\n|t:|1619398833\n|move|p1a: Venusaur|Sleep Powder|p2a: Heracross\n|-status|p2a: Heracross|slp|[from] move: Sleep Powder\n|cant|p2a: Heracross|slp\n|\n|-heal|p1a: Venusaur|246\/246|[from] item: Leftovers\n|-heal|p2a: Heracross|149\/239 slp|[from] item: Leftovers\n|upkeep\n|turn|21\n|inactive|Uvinha_com_Leite has 10 seconds left.\n|\n|t:|1619398839\n|move|p1a: Venusaur|Razor Leaf|p2a: Heracross\n|-resisted|p2a: Heracross\n|-damage|p2a: Heracross|125\/239 slp\n|-curestatus|p2a: Heracross|slp|[msg]\n|move|p2a: Heracross|Sleep Talk|p2a: Heracross\n|\n|-heal|p2a: Heracross|139\/239|[from] item: Leftovers\n|upkeep\n|turn|22\n|j|%Return To Monkey \u733f\n|\n|t:|1619398842\n|move|p1a: Venusaur|Razor Leaf|p2a: Heracross|[miss]\n|-miss|p1a: Venusaur\n|move|p2a: Heracross|Megahorn|p1a: Venusaur\n|-damage|p1a: Venusaur|0 fnt\n|faint|p1a: Venusaur\n|\n|t:|1619398845\n|switch|p1a: Scizor|Scizor, L67, M|233\/233\n|-damage|p1a: Scizor|204\/233|[from] Spikes\n|\n|-heal|p1a: Scizor|218\/233|[from] item: Leftovers\n|-heal|p2a: Heracross|153\/239|[from] item: Leftovers\n|upkeep\n|turn|23\n|c| Mukirana|krl\n|inactive|Uvinha_com_Leite has 10 seconds left.\n|\n|t:|1619398850\n|move|p1a: Scizor|Return|p2a: Heracross\n|-damage|p2a: Heracross|130\/239\n|move|p2a: Heracross|Megahorn|p1a: Scizor\n|-resisted|p1a: Scizor\n|-damage|p1a: Scizor|34\/233\n|\n|-heal|p1a: Scizor|48\/233|[from] item: Leftovers\n|-heal|p2a: Heracross|144\/239|[from] item: Leftovers\n|upkeep\n|turn|24\n|c|\u2606Uvinha_com_Leite|meu deus\n|inactive|Uvinha_com_Leite has 10 seconds left.\n|c|\u2606Uvinha_com_Leite|que bixo \u00e9 esse\n|c| Marven Stormlight|poha\n|\n|t:|1619398856\n|move|p1a: Scizor|Return|p2a: Heracross\n|-damage|p2a: Heracross|120\/239\n|move|p2a: Heracross|Megahorn|p1a: Scizor\n|-resisted|p1a: Scizor\n|-damage|p1a: Scizor|0 fnt\n|faint|p1a: Scizor\n|c| Marven Stormlight|Uvinha_com_Leite\n|c| Marven Stormlight|KKKKKKKKKKKKKKKKKKKKKKKKKKKKKK\n|inactive|Uvinha_com_Leite has 10 seconds left.\n|\n|t:|1619398863\n|switch|p1a: Mr. Mime|Mr. Mime, L69, M|198\/198\n|-damage|p1a: Mr. Mime|174\/198|[from] Spikes\n|\n|-heal|p2a: Heracross|134\/239|[from] item: Leftovers\n|upkeep\n|turn|25\n|inactive|Uvinha_com_Leite has 10 seconds left.\n|c|\u2606Uvinha_com_Leite|socorro eu to sendo abusaado\n|c| Marven Stormlight|perdeu\n|c| Marven Stormlight|mt\n|\n|t:|1619398869\n|move|p1a: Mr. Mime|Thunderbolt|p2a: Heracross\n|-damage|p2a: Heracross|77\/239\n|move|p2a: Heracross|Megahorn|p1a: Mr. Mime\n|-supereffective|p1a: Mr. Mime\n|-damage|p1a: Mr. Mime|0 fnt\n|faint|p1a: Mr. Mime\n|c| Marven Stormlight|f\u00e1cil\n|\n|t:|1619398872\n|switch|p1a: Slowbro|Slowbro, L69, M|274\/274\n|-damage|p1a: Slowbro|240\/274|[from] Spikes\n|\n|-heal|p1a: Slowbro|257\/274|[from] item: Leftovers\n|-heal|p2a: Heracross|91\/239|[from] item: Leftovers\n|upkeep\n|turn|26\n|c| Marven Stormlight|pqp\n|\n|t:|1619398876\n|move|p1a: Slowbro|Surf|p2a: Heracross\n|-damage|p2a: Heracross|12\/239\n|move|p2a: Heracross|Megahorn|p1a: Slowbro|[miss]\n|-miss|p2a: Heracross\n|\n|-heal|p1a: Slowbro|274\/274|[from] item: Leftovers\n|-heal|p2a: Heracross|26\/239|[from] item: Leftovers\n|upkeep\n|turn|27\n|c| Marven Stormlight|q isso Uvinha_com_Leite\n|c|\u2606Uvinha_com_Leite|eu fiquei brincando bixo\n|c| Marven Stormlight|um massacre\n|inactive|Uvinha_com_Leite has 10 seconds left.\n|\n|t:|1619398882\n|move|p1a: Slowbro|Surf|p2a: Heracross\n|-damage|p2a: Heracross|0 fnt\n|faint|p2a: Heracross\n|c|\u2606Uvinha_com_Leite|e o bixo\n|inactive|PedroGreg has 10 seconds left.\n|c|\u2606Uvinha_com_Leite|se almadi\u00e7oando\n|\n|t:|1619398888\n|switch|p2a: Ursaring|Ursaring, L67, M|259\/259\n|\n|upkeep\n|turn|28\n|c|\u2606Uvinha_com_Leite|slk\n|c| Marven Stormlight|s\u00f3 n matou\n|c| Marven Stormlight|pq errou\n|\n|t:|1619398892\n|move|p2a: Ursaring|Return|p1a: Slowbro\n|-damage|p1a: Slowbro|191\/274\n|move|p1a: Slowbro|Surf|p2a: Ursaring\n|-damage|p2a: Ursaring|165\/259\n|\n|-heal|p2a: Ursaring|181\/259|[from] item: Leftovers\n|-heal|p1a: Slowbro|208\/274|[from] item: Leftovers\n|upkeep\n|turn|29\n|j| Girl_dark\n|\n|t:|1619398895\n|move|p2a: Ursaring|Return|p1a: Slowbro\n|-damage|p1a: Slowbro|122\/274\n|move|p1a: Slowbro|Rest|p1a: Slowbro\n|-status|p1a: Slowbro|slp|[from] move: Rest\n|-heal|p1a: Slowbro|274\/274 slp|[silent]\n|\n|-heal|p2a: Ursaring|197\/259|[from] item: Leftovers\n|upkeep\n|turn|30\n|\n|t:|1619398899\n|move|p2a: Ursaring|Return|p1a: Slowbro\n|-damage|p1a: Slowbro|178\/274 slp\n|cant|p1a: Slowbro|slp\n|move|p1a: Slowbro|Sleep Talk|p1a: Slowbro\n|move|p1a: Slowbro|Surf|p2a: Ursaring|[from]Sleep Talk\n|-damage|p2a: Ursaring|103\/259\n|\n|-heal|p2a: Ursaring|119\/259|[from] item: Leftovers\n|-heal|p1a: Slowbro|195\/274 slp|[from] item: Leftovers\n|upkeep\n|turn|31\n|c|\u2606Uvinha_com_Leite|esse heracross\n|\n|t:|1619398903\n|move|p2a: Ursaring|Return|p1a: Slowbro\n|-damage|p1a: Slowbro|101\/274 slp\n|cant|p1a: Slowbro|slp\n|move|p1a: Slowbro|Sleep Talk|p1a: Slowbro\n|move|p1a: Slowbro|Psychic|p2a: Ursaring|[from]Sleep Talk\n|-damage|p2a: Ursaring|26\/259\n|\n|-heal|p2a: Ursaring|42\/259|[from] item: Leftovers\n|-heal|p1a: Slowbro|118\/274 slp|[from] item: Leftovers\n|upkeep\n|turn|32\n|c| Marven Stormlight|KKKKKKKKK\n|c| Girl_dark|Mano\n|c|\u2606Uvinha_com_Leite|vai aparecer nos meus pesadelos\n|inactive|Uvinha_com_Leite has 10 seconds left.\n|\n|t:|1619398908\n|move|p2a: Ursaring|Return|p1a: Slowbro\n|-damage|p1a: Slowbro|22\/274 slp\n|-curestatus|p1a: Slowbro|slp|[msg]\n|move|p1a: Slowbro|Sleep Talk|p1a: Slowbro\n|\n|-heal|p2a: Ursaring|58\/259|[from] item: Leftovers\n|-heal|p1a: Slowbro|39\/274|[from] item: Leftovers\n|upkeep\n|turn|33\n|l| Mukirana\n|c|\u2606PedroGreg|gg\n|c| Girl_dark|PedroGreg gg\n|\n|t:|1619398913\n|move|p2a: Ursaring|Return|p1a: Slowbro\n|-damage|p1a: Slowbro|0 fnt\n|faint|p1a: Slowbro\n|\n|win|PedroGreg\n|n|\u2606Uvinha_com_Leite|uvinhacomleite\n|n|\u2606PedroGreg|pedrogreg\n|n| bugx500|bugx500\n|n| Marven Stormlight|marvenstormlight\n|n| Return To Monkey \u733f|returntomonkey\n|n| Girl_dark|girldark\n|c|\u2606Uvinha_com_Leite|gg\n|l| Return To Monkey \u733f\n|l|\u2606Uvinha_com_Leite\n|l|\u2606PedroGreg\n","inputlog":">version ed782ca2683fe46bb00f58b73b50ca8e7d7ad5d1\n>start {\"formatid\":\"gen2randombattle@@@blitz\",\"seed\":[29134,27309,65110,3653],\"rated\":\"Tournament battle\"}\n>player p1 {\"name\":\"Uvinha_com_Leite\",\"avatar\":\"anabel\",\"rating\":0,\"seed\":[14353,39827,20495,45299]}\n>player p2 {\"name\":\"PedroGreg\",\"avatar\":\"bianca\",\"rating\":0,\"seed\":[38117,53844,44200,57102]}\n>chat \u2606PedroGreg|hf\n>chat \u2606Uvinha_com_Leite|to speedrunando\n>p1 move thief\n>p2 switch 2\n>p1 move icebeam\n>p2 move spikes\n>p1 move icebeam\n>p2 move spikes\n>p1 move icebeam\n>p2 move hydropump\n>p1 move icebeam\n>p2 move sludgebomb\n>p1 move moonlight\n>p2 move sludgebomb\n>p1 move thief\n>p2 move sludgebomb\n>p1 move moonlight\n>p2 move sludgebomb\n>p1 move moonlight\n>p2 move sludgebomb\n>p1 move moonlight\n>p2 move sludgebomb\n>p1 move return\n>p2 move sludgebomb\n>chat \u2606Uvinha_com_Leite|morre\n>p2 switch 5\n>p1 move moonlight\n>p2 move curse\n>p1 move return\n>p2 move curse\n>p1 move return\n>p2 move curse\n>chat \u2606Uvinha_com_Leite|nao\n>chat \u2606Uvinha_com_Leite|nao fa\u00e7a isso\n>p1 move moonlight\n>p2 move curse\n>p1 move thief\n>p2 move curse\n>chat  Mukirana|blitz que demora \n>p1 move return\n>p2 move megahorn\n>p1 switch 2\n>chat  Marven Stormlight|lol\n>chat \u2606Uvinha_com_Leite|>:(\n>p1 move surf\n>p2 move megahorn\n>p1 move surf\n>p2 move megahorn\n>p1 switch 4\n>chat  Marven Stormlight|heracross\n>chat  Marven Stormlight|do ash\n>chat  Marven Stormlight|ne\n>p1 move sleeppowder\n>p2 move megahorn\n>p1 move razorleaf\n>p2 move sleeptalk\n>p1 move razorleaf\n>p2 move megahorn\n>p1 switch 6\n>chat  Mukirana|krl\n>p1 move return\n>p2 move megahorn\n>chat \u2606Uvinha_com_Leite|meu deus\n>chat \u2606Uvinha_com_Leite|que bixo \u00e9 esse\n>chat  Marven Stormlight|poha\n>p1 move return\n>p2 move megahorn\n>chat  Marven Stormlight|Uvinha_com_Leite\n>chat  Marven Stormlight|KKKKKKKKKKKKKKKKKKKKKKKKKKKKKK\n>p1 switch 5\n>chat \u2606Uvinha_com_Leite|socorro eu to sendo abusaado\n>chat  Marven Stormlight|perdeu\n>chat  Marven Stormlight|mt\n>p1 move thunderbolt\n>p2 move megahorn\n>chat  Marven Stormlight|f\u00e1cil\n>p1 switch 3\n>chat  Marven Stormlight|pqp\n>p1 move surf\n>p2 move megahorn\n>chat  Marven Stormlight|q isso Uvinha_com_Leite\n>chat \u2606Uvinha_com_Leite|eu fiquei brincando bixo\n>chat  Marven Stormlight|um massacre\n>p1 move surf\n>p2 move megahorn\n>chat \u2606Uvinha_com_Leite|e o bixo\n>chat \u2606Uvinha_com_Leite|se almadi\u00e7oando\n>p2 switch 3\n>chat \u2606Uvinha_com_Leite|slk\n>chat  Marven Stormlight|s\u00f3 n matou\n>chat  Marven Stormlight|pq errou\n>p1 move surf\n>p2 move return\n>p1 move rest\n>p2 move return\n>p1 move sleeptalk\n>p2 move return\n>chat \u2606Uvinha_com_Leite|esse heracross\n>p1 move sleeptalk\n>p2 move return\n>chat  Marven Stormlight|KKKKKKKKK\n>chat  Girl_dark|Mano\n>chat \u2606Uvinha_com_Leite|vai aparecer nos meus pesadelos\n>p1 move sleeptalk\n>p2 move return\n>chat \u2606PedroGreg|gg\n>chat  Girl_dark|PedroGreg gg\n>p1 move psychic\n>p2 move return","uploadtime":1619398916,"views":14,"p1id":"uvinhacomleite","p2id":"pedrogreg","formatid":"gen2randombattle","rating":0,"private":0,"password":null}