{"id":"gen2ou-1663803895","p1":"mushamu","p2":"ayevon","format":"gen2ou","log":"|j|\u2606mushamu\n|j|\u2606ayevon\n|t:|1663128922\n|gametype|singles\n|player|p1|mushamu|erika-masters|\n|player|p2|ayevon|169|\n|teamsize|p1|6\n|teamsize|p2|6\n|gen|2\n|tier|[Gen 2] OU\n|rated|Tournament battle\n|rule|Sleep Clause Mod: Limit one foe put to sleep\n|rule|Freeze Clause Mod: Limit one foe frozen\n|rule|Species Clause: Limit one of each Pok\u00e9mon\n|rule|OHKO Clause: OHKO moves are banned\n|rule|Evasion Items Clause: Evasion items are banned\n|rule|Evasion Moves Clause: Evasion moves are banned\n|rule|Endless Battle Clause: Forcing endless battles is banned\n|rule|HP Percentage Mod: HP is shown in percentages\n|\n|t:|1663128922\n|start\n|switch|p1a: Snorlax|Snorlax, M|100\/100\n|switch|p2a: Raikou|Raikou|100\/100\n|turn|1\n|j| BB-8-NU\n|inactive|Battle timer is ON: inactive players will automatically lose when time's up. (requested by ayevon)\n|j| Pakff\n|c|\u2606mushamu|hf\n|j| Ricomam\n|c|\u2606ayevon|hf\n|inactive|mushamu has 120 seconds left.\n|\n|t:|1663128961\n|switch|p2a: Cloyster|Cloyster, M|100\/100\n|move|p1a: Snorlax|Lovely Kiss|p2a: Cloyster\n|-status|p2a: Cloyster|slp|[from] move: Lovely Kiss\n|\n|upkeep\n|turn|2\n|\n|t:|1663128972\n|switch|p1a: Houndoom|Houndoom, M|100\/100\n|cant|p2a: Cloyster|slp\n|\n|upkeep\n|turn|3\n|\n|t:|1663128976\n|-activate|p2a: Cloyster|move: Pursuit\n|move|p1a: Houndoom|Pursuit|p2a: Cloyster|[from]Pursuit\n|-damage|p2a: Cloyster|46\/100 slp\n|switch|p2a: Golem|Golem, M|100\/100\n|\n|upkeep\n|turn|4\n|\n|t:|1663128983\n|switch|p1a: Cloyster|Cloyster, M|100\/100\n|move|p2a: Golem|Earthquake|p1a: Cloyster\n|-damage|p1a: Cloyster|73\/100\n|\n|-heal|p1a: Cloyster|79\/100|[from] item: Leftovers\n|upkeep\n|turn|5\n|\n|t:|1663128988\n|switch|p2a: Cloyster|Cloyster, M|46\/100 slp\n|move|p1a: Cloyster|Spikes|p2a: Cloyster\n|-sidestart|p2: ayevon|Spikes\n|\n|-heal|p1a: Cloyster|85\/100|[from] item: Leftovers\n|-heal|p2a: Cloyster|52\/100 slp|[from] item: Leftovers\n|upkeep\n|turn|6\n|\n|t:|1663128990\n|switch|p1a: Houndoom|Houndoom, M|100\/100\n|cant|p2a: Cloyster|slp\n|\n|-heal|p2a: Cloyster|58\/100 slp|[from] item: Leftovers\n|upkeep\n|turn|7\n|\n|t:|1663128995\n|move|p1a: Houndoom|Flamethrower|p2a: Cloyster\n|-damage|p2a: Cloyster|0 fnt\n|faint|p2a: Cloyster\n|j| Cry$ta1\n|\n|t:|1663129004\n|switch|p2a: Snorlax|Snorlax, M|100\/100\n|-damage|p2a: Snorlax|88\/100|[from] Spikes\n|\n|-heal|p2a: Snorlax|94\/100|[from] item: Leftovers\n|upkeep\n|turn|8\n|l| Cry$ta1\n|\n|t:|1663129016\n|switch|p1a: Cloyster|Cloyster, M|85\/100\n|switch|p2a: Raikou|Raikou|100\/100\n|-damage|p2a: Raikou|88\/100|[from] Spikes\n|\n|-heal|p2a: Raikou|94\/100|[from] item: Leftovers\n|-heal|p1a: Cloyster|91\/100|[from] item: Leftovers\n|upkeep\n|turn|9\n|\n|t:|1663129020\n|switch|p1a: Snorlax|Snorlax, M|100\/100\n|move|p2a: Raikou|Thunder|p1a: Snorlax\n|-damage|p1a: Snorlax|72\/100\n|\n|-heal|p2a: Raikou|99\/100|[from] item: Leftovers\n|-heal|p1a: Snorlax|78\/100|[from] item: Leftovers\n|upkeep\n|turn|10\n|j| UBD RickYama\n|\n|t:|1663129026\n|switch|p2a: Golem|Golem, M|100\/100\n|-damage|p2a: Golem|88\/100|[from] Spikes\n|move|p1a: Snorlax|Lovely Kiss|p2a: Golem\n|-status|p2a: Golem|slp|[from] move: Lovely Kiss\n|\n|-heal|p2a: Golem|94\/100 slp|[from] item: Leftovers\n|-heal|p1a: Snorlax|84\/100|[from] item: Leftovers\n|upkeep\n|turn|11\n|\n|t:|1663129031\n|switch|p2a: Raikou|Raikou|99\/100\n|-damage|p2a: Raikou|88\/100|[from] Spikes\n|switch|p1a: Cloyster|Cloyster, M|91\/100\n|\n|-heal|p2a: Raikou|94\/100|[from] item: Leftovers\n|-heal|p1a: Cloyster|97\/100|[from] item: Leftovers\n|upkeep\n|turn|12\n|\n|t:|1663129033\n|switch|p1a: Golem|Golem, M|100\/100\n|move|p2a: Raikou|Thunder|p1a: Golem\n|-immune|p1a: Golem\n|\n|-heal|p2a: Raikou|99\/100|[from] item: Leftovers\n|upkeep\n|turn|13\n|\n|t:|1663129037\n|switch|p2a: Exeggutor|Exeggutor, M|100\/100\n|-damage|p2a: Exeggutor|88\/100|[from] Spikes\n|move|p1a: Golem|Earthquake|p2a: Exeggutor\n|-resisted|p2a: Exeggutor\n|-damage|p2a: Exeggutor|72\/100\n|\n|-heal|p2a: Exeggutor|78\/100|[from] item: Leftovers\n|upkeep\n|turn|14\n|\n|t:|1663129040\n|switch|p1a: Houndoom|Houndoom, M|100\/100\n|move|p2a: Exeggutor|Sleep Powder|p1a: Houndoom\n|-status|p1a: Houndoom|slp|[from] move: Sleep Powder\n|-enditem|p1a: Houndoom|Miracle Berry|[eat]\n|-curestatus|p1a: Houndoom|slp|[msg]\n|\n|-heal|p2a: Exeggutor|84\/100|[from] item: Leftovers\n|upkeep\n|turn|15\n|\n|t:|1663129044\n|switch|p2a: Golem|Golem, M|94\/100 slp\n|-damage|p2a: Golem|82\/100 slp|[from] Spikes\n|move|p1a: Houndoom|Flamethrower|p2a: Golem\n|-resisted|p2a: Golem\n|-damage|p2a: Golem|62\/100 slp\n|\n|-heal|p2a: Golem|68\/100 slp|[from] item: Leftovers\n|upkeep\n|turn|16\n|\n|t:|1663129047\n|move|p1a: Houndoom|Crunch|p2a: Golem\n|-damage|p2a: Golem|33\/100 slp\n|cant|p2a: Golem|slp\n|\n|-heal|p2a: Golem|39\/100 slp|[from] item: Leftovers\n|upkeep\n|turn|17\n|\n|t:|1663129051\n|move|p1a: Houndoom|Crunch|p2a: Golem\n|-damage|p2a: Golem|3\/100 slp\n|-unboost|p2a: Golem|spd|1\n|cant|p2a: Golem|slp\n|\n|-heal|p2a: Golem|9\/100 slp|[from] item: Leftovers\n|upkeep\n|turn|18\n|\n|t:|1663129053\n|-activate|p2a: Golem|move: Pursuit\n|move|p1a: Houndoom|Pursuit|p2a: Golem|[from]Pursuit\n|-damage|p2a: Golem|0 fnt\n|-hint|Previously chosen switches continue in Gen 2-4 after a Pursuit target faints.\n|faint|p2a: Golem\n|switch|p2a: Snorlax|Snorlax, M|94\/100\n|-damage|p2a: Snorlax|82\/100|[from] Spikes\n|\n|-heal|p2a: Snorlax|88\/100|[from] item: Leftovers\n|upkeep\n|turn|19\n|\n|t:|1663129061\n|switch|p1a: Golem|Golem, M|100\/100\n|switch|p2a: Raikou|Raikou|99\/100\n|-damage|p2a: Raikou|88\/100|[from] Spikes\n|\n|-heal|p2a: Raikou|94\/100|[from] item: Leftovers\n|upkeep\n|turn|20\n|\n|t:|1663129065\n|switch|p2a: Exeggutor|Exeggutor, M|84\/100\n|-damage|p2a: Exeggutor|71\/100|[from] Spikes\n|move|p1a: Golem|Earthquake|p2a: Exeggutor\n|-resisted|p2a: Exeggutor\n|-damage|p2a: Exeggutor|55\/100\n|\n|-heal|p2a: Exeggutor|61\/100|[from] item: Leftovers\n|upkeep\n|turn|21\n|\n|t:|1663129068\n|switch|p1a: Zapdos|Zapdos|100\/100\n|move|p2a: Exeggutor|Sleep Powder|p1a: Zapdos\n|-status|p1a: Zapdos|slp|[from] move: Sleep Powder\n|\n|-heal|p2a: Exeggutor|67\/100|[from] item: Leftovers\n|upkeep\n|turn|22\n|\n|t:|1663129074\n|switch|p2a: Snorlax|Snorlax, M|88\/100\n|-damage|p2a: Snorlax|75\/100|[from] Spikes\n|cant|p1a: Zapdos|slp\n|move|p1a: Zapdos|Sleep Talk|p1a: Zapdos\n|move|p1a: Zapdos|Hidden Power|p2a: Snorlax|[from]Sleep Talk\n|-damage|p2a: Snorlax|64\/100\n|\n|-heal|p2a: Snorlax|70\/100|[from] item: Leftovers\n|upkeep\n|turn|23\n|\n|t:|1663129083\n|switch|p1a: Golem|Golem, M|100\/100\n|move|p2a: Snorlax|Curse|p2a: Snorlax\n|-unboost|p2a: Snorlax|spe|1\n|-boost|p2a: Snorlax|atk|1\n|-boost|p2a: Snorlax|def|1\n|\n|-heal|p2a: Snorlax|77\/100|[from] item: Leftovers\n|upkeep\n|turn|24\n|\n|t:|1663129087\n|move|p1a: Golem|Explosion|p2a: Snorlax\n|-damage|p2a: Snorlax|3\/100\n|faint|p1a: Golem\n|\n|t:|1663129091\n|switch|p1a: Houndoom|Houndoom, M|100\/100\n|\n|-heal|p2a: Snorlax|9\/100|[from] item: Leftovers\n|upkeep\n|turn|25\n|\n|t:|1663129096\n|move|p1a: Houndoom|Flamethrower|p2a: Snorlax\n|-damage|p2a: Snorlax|0 fnt\n|faint|p2a: Snorlax\n|\n|t:|1663129097\n|switch|p2a: Raikou|Raikou|94\/100\n|-damage|p2a: Raikou|81\/100|[from] Spikes\n|\n|-heal|p2a: Raikou|87\/100|[from] item: Leftovers\n|upkeep\n|turn|26\n|\n|t:|1663129107\n|switch|p1a: Snorlax|Snorlax, M|84\/100\n|move|p2a: Raikou|Thunder|p1a: Snorlax|[miss]\n|-miss|p2a: Raikou\n|\n|-heal|p2a: Raikou|93\/100|[from] item: Leftovers\n|-heal|p1a: Snorlax|90\/100|[from] item: Leftovers\n|upkeep\n|turn|27\n|\n|t:|1663129112\n|switch|p2a: Heracross|Heracross, M|100\/100\n|-damage|p2a: Heracross|88\/100|[from] Spikes\n|move|p1a: Snorlax|Double-Edge|p2a: Heracross\n|-damage|p2a: Heracross|42\/100\n|-damage|p1a: Snorlax|82\/100|[from] Recoil|[of] p2a: Heracross\n|\n|-heal|p2a: Heracross|48\/100|[from] item: Leftovers\n|-heal|p1a: Snorlax|88\/100|[from] item: Leftovers\n|upkeep\n|turn|28\n|\n|t:|1663129127\n|switch|p1a: Machamp|Machamp, M|100\/100\n|move|p2a: Heracross|Megahorn|p1a: Machamp\n|-resisted|p1a: Machamp\n|-damage|p1a: Machamp|76\/100\n|\n|-heal|p2a: Heracross|54\/100|[from] item: Leftovers\n|-heal|p1a: Machamp|82\/100|[from] item: Leftovers\n|upkeep\n|turn|29\n|\n|t:|1663129134\n|move|p2a: Heracross|Curse|p2a: Heracross\n|-unboost|p2a: Heracross|spe|1\n|-boost|p2a: Heracross|atk|1\n|-boost|p2a: Heracross|def|1\n|move|p1a: Machamp|Cross Chop|p2a: Heracross\n|-resisted|p2a: Heracross\n|-damage|p2a: Heracross|39\/100\n|\n|-heal|p1a: Machamp|88\/100|[from] item: Leftovers\n|-heal|p2a: Heracross|45\/100|[from] item: Leftovers\n|upkeep\n|turn|30\n|\n|t:|1663129137\n|move|p1a: Machamp|Rock Slide|p2a: Heracross\n|-damage|p2a: Heracross|28\/100\n|cant|p2a: Heracross|flinch\n|\n|-heal|p1a: Machamp|94\/100|[from] item: Leftovers\n|-heal|p2a: Heracross|34\/100|[from] item: Leftovers\n|upkeep\n|turn|31\n|\n|t:|1663129141\n|switch|p1a: Cloyster|Cloyster, M|97\/100\n|move|p2a: Heracross|Rest|p2a: Heracross\n|-status|p2a: Heracross|slp|[from] move: Rest\n|-heal|p2a: Heracross|100\/100 slp|[silent]\n|\n|-heal|p1a: Cloyster|100\/100|[from] item: Leftovers\n|upkeep\n|turn|32\n|\n|t:|1663129145\n|switch|p2a: Exeggutor|Exeggutor, M|67\/100\n|-damage|p2a: Exeggutor|54\/100|[from] Spikes\n|move|p1a: Cloyster|Explosion|p2a: Exeggutor\n|-damage|p2a: Exeggutor|0 fnt\n|faint|p1a: Cloyster\n|faint|p2a: Exeggutor\n|\n|t:|1663129149\n|switch|p1a: Houndoom|Houndoom, M|100\/100\n|switch|p2a: Heracross|Heracross, M|100\/100 slp\n|-damage|p2a: Heracross|88\/100 slp|[from] Spikes\n|\n|-heal|p2a: Heracross|94\/100 slp|[from] item: Leftovers\n|upkeep\n|turn|33\n|\n|t:|1663129151\n|switch|p2a: Raikou|Raikou|93\/100\n|-damage|p2a: Raikou|81\/100|[from] Spikes\n|move|p1a: Houndoom|Flamethrower|p2a: Raikou\n|-damage|p2a: Raikou|46\/100\n|-status|p2a: Raikou|brn\n|\n|-heal|p2a: Raikou|52\/100 brn|[from] item: Leftovers\n|upkeep\n|turn|34\n|\n|t:|1663129153\n|move|p2a: Raikou|Rest|p2a: Raikou\n|-status|p2a: Raikou|slp|[from] move: Rest\n|-heal|p2a: Raikou|100\/100 slp|[silent]\n|move|p1a: Houndoom|Flamethrower|p2a: Raikou\n|-damage|p2a: Raikou|67\/100 slp\n|\n|-heal|p2a: Raikou|73\/100 slp|[from] item: Leftovers\n|upkeep\n|turn|35\n|\n|t:|1663129157\n|switch|p1a: Snorlax|Snorlax, M|88\/100\n|cant|p2a: Raikou|slp\n|move|p2a: Raikou|Sleep Talk|p2a: Raikou\n|move|p2a: Raikou|Hidden Power|p1a: Snorlax|[from]Sleep Talk\n|-damage|p1a: Snorlax|77\/100\n|\n|-heal|p2a: Raikou|79\/100 slp|[from] item: Leftovers\n|-heal|p1a: Snorlax|83\/100|[from] item: Leftovers\n|upkeep\n|turn|36\n|\n|t:|1663129160\n|switch|p2a: Heracross|Heracross, M|94\/100 slp\n|-damage|p2a: Heracross|82\/100 slp|[from] Spikes\n|move|p1a: Snorlax|Double-Edge|p2a: Heracross\n|-damage|p2a: Heracross|31\/100 slp\n|-damage|p1a: Snorlax|74\/100|[from] Recoil|[of] p2a: Heracross\n|\n|-heal|p2a: Heracross|37\/100 slp|[from] item: Leftovers\n|-heal|p1a: Snorlax|80\/100|[from] item: Leftovers\n|upkeep\n|turn|37\n|\n|t:|1663129163\n|cant|p2a: Heracross|slp\n|move|p2a: Heracross|Sleep Talk|p2a: Heracross\n|move|p2a: Heracross|Megahorn|p1a: Snorlax|[from]Sleep Talk\n|-damage|p1a: Snorlax|38\/100\n|move|p1a: Snorlax|Double-Edge|p2a: Heracross\n|-damage|p2a: Heracross|0 fnt\n|-damage|p1a: Snorlax|31\/100|[from] Recoil|[of] p2a: Heracross\n|faint|p2a: Heracross\n|\n|t:|1663129164\n|switch|p2a: Raikou|Raikou|79\/100 slp\n|-damage|p2a: Raikou|67\/100 slp|[from] Spikes\n|\n|-heal|p2a: Raikou|73\/100 slp|[from] item: Leftovers\n|-heal|p1a: Snorlax|38\/100|[from] item: Leftovers\n|upkeep\n|turn|38\n|\n|t:|1663129167\n|cant|p2a: Raikou|slp\n|move|p2a: Raikou|Sleep Talk|p2a: Raikou\n|move|p2a: Raikou|Rest|p2a: Raikou|[from]Sleep Talk\n|-status|p2a: Raikou|slp|[from] move: Rest\n|-heal|p2a: Raikou|100\/100 slp|[silent]\n|move|p1a: Snorlax|Rest|p1a: Snorlax\n|-status|p1a: Snorlax|slp|[from] move: Rest\n|-heal|p1a: Snorlax|100\/100 slp|[silent]\n|\n|upkeep\n|turn|39\n|\n|t:|1663129170\n|cant|p2a: Raikou|slp\n|move|p2a: Raikou|Sleep Talk|p2a: Raikou\n|move|p2a: Raikou|Rest|p2a: Raikou|[from]Sleep Talk\n|-fail|p2a: Raikou\n|cant|p1a: Snorlax|slp\n|\n|upkeep\n|turn|40\n|\n|t:|1663129177\n|cant|p2a: Raikou|slp\n|cant|p1a: Snorlax|slp\n|\n|upkeep\n|turn|41\n|\n|t:|1663129181\n|-curestatus|p2a: Raikou|slp|[msg]\n|move|p2a: Raikou|Thunder|p1a: Snorlax\n|-damage|p1a: Snorlax|71\/100 slp\n|-curestatus|p1a: Snorlax|slp|[msg]\n|move|p1a: Snorlax|Curse|p1a: Snorlax\n|-unboost|p1a: Snorlax|spe|1\n|-boost|p1a: Snorlax|atk|1\n|-boost|p1a: Snorlax|def|1\n|\n|-heal|p1a: Snorlax|77\/100|[from] item: Leftovers\n|upkeep\n|turn|42\n|\n|t:|1663129184\n|move|p2a: Raikou|Thunder|p1a: Snorlax\n|-damage|p1a: Snorlax|48\/100\n|-status|p1a: Snorlax|par\n|cant|p1a: Snorlax|par\n|\n|-heal|p1a: Snorlax|54\/100 par|[from] item: Leftovers\n|upkeep\n|turn|43\n|\n|t:|1663129186\n|move|p2a: Raikou|Thunder|p1a: Snorlax\n|-damage|p1a: Snorlax|25\/100 par\n|move|p1a: Snorlax|Rest|p1a: Snorlax\n|-status|p1a: Snorlax|slp|[from] move: Rest\n|-heal|p1a: Snorlax|100\/100 slp|[silent]\n|\n|upkeep\n|turn|44\n|\n|t:|1663129190\n|move|p2a: Raikou|Thunder|p1a: Snorlax\n|-damage|p1a: Snorlax|74\/100 slp\n|cant|p1a: Snorlax|slp\n|\n|-heal|p1a: Snorlax|81\/100 slp|[from] item: Leftovers\n|upkeep\n|turn|45\n|\n|t:|1663129193\n|move|p2a: Raikou|Thunder|p1a: Snorlax\n|-damage|p1a: Snorlax|53\/100 slp\n|cant|p1a: Snorlax|slp\n|\n|-heal|p1a: Snorlax|59\/100 slp|[from] item: Leftovers\n|upkeep\n|turn|46\n|\n|t:|1663129197\n|move|p2a: Raikou|Thunder|p1a: Snorlax\n|-damage|p1a: Snorlax|33\/100 slp\n|-curestatus|p1a: Snorlax|slp|[msg]\n|move|p1a: Snorlax|Double-Edge|p2a: Raikou\n|-damage|p2a: Raikou|29\/100\n|-damage|p1a: Snorlax|21\/100|[from] Recoil|[of] p2a: Raikou\n|\n|-heal|p2a: Raikou|35\/100|[from] item: Leftovers\n|-heal|p1a: Snorlax|27\/100|[from] item: Leftovers\n|upkeep\n|turn|47\n|\n|t:|1663129200\n|move|p2a: Raikou|Thunder|p1a: Snorlax|[miss]\n|-miss|p2a: Raikou\n|move|p1a: Snorlax|Double-Edge|p2a: Raikou\n|-damage|p2a: Raikou|0 fnt\n|-damage|p1a: Snorlax|21\/100|[from] Recoil|[of] p2a: Raikou\n|faint|p2a: Raikou\n|\n|win|mushamu\n|n|\u2606mushamu|mushamu\n|n|\u2606ayevon|ayevon\n|n| BB-8-NU|bb8nu\n|n| Pakff|pakff\n|n| Ricomam|ricomam\n|n| UBD RickYama|ubdrickyama\n","uploadtime":1663129201,"views":8,"p1id":"mushamu","p2id":"ayevon","formatid":"gen2ou","rating":0,"private":0,"password":null}