{"id":"gen2ou-1624545081","p1":"Drop a burn","p2":"lou dort","format":"gen2ou","log":"|j|\u2606Drop a burn\n|j|\u2606lou dort\n|inactive|Battle timer is ON: inactive players will automatically lose when time's up.\n|t:|1658712125\n|gametype|singles\n|player|p1|Drop a burn|brawly|\n|player|p2|lou dort|morty-masters2|\n|teamsize|p1|6\n|teamsize|p2|6\n|gen|2\n|tier|[Gen 2] OU\n|rated|Tournament battle\n|rule|Sleep Clause Mod: Limit one foe put to sleep\n|rule|Freeze Clause Mod: Limit one foe frozen\n|rule|Species Clause: Limit one of each Pok\u00e9mon\n|rule|OHKO Clause: OHKO moves are banned\n|rule|Evasion Moves Clause: Evasion moves are banned\n|rule|Endless Battle Clause: Forcing endless battles is banned\n|rule|HP Percentage Mod: HP is shown in percentages\n|\n|t:|1658712125\n|start\n|switch|p1a: Snorlax|Snorlax, M|100\/100\n|switch|p2a: Snorlax|Snorlax, M|100\/100\n|turn|1\n|inactive|lou dort also wants the timer to be on.\n|inactive|Drop a burn also wants the timer to be on.\n|c|\u2606Drop a burn|Glhf\n|j| Giovanni Giorgeo\n|c|\u2606lou dort|u2\n|j| Tempest brute\n|inactive|Drop a burn has 120 seconds left.\n|inactive|lou dort has 120 seconds left.\n|\n|t:|1658712163\n|move|p1a: Snorlax|Thunder|p2a: Snorlax\n|-damage|p2a: Snorlax|88\/100\n|-status|p2a: Snorlax|par\n|move|p2a: Snorlax|Double-Edge|p1a: Snorlax\n|-damage|p1a: Snorlax|61\/100\n|-damage|p2a: Snorlax|78\/100 par|[from] Recoil|[of] p1a: Snorlax\n|\n|-heal|p1a: Snorlax|67\/100|[from] item: Leftovers\n|-heal|p2a: Snorlax|84\/100 par|[from] item: Leftovers\n|upkeep\n|turn|2\n|\n|t:|1658712178\n|switch|p1a: Tyranitar|Tyranitar, M|100\/100\n|move|p2a: Snorlax|Double-Edge|p1a: Tyranitar\n|-resisted|p1a: Tyranitar\n|-damage|p1a: Tyranitar|82\/100\n|-damage|p2a: Snorlax|80\/100 par|[from] Recoil|[of] p1a: Tyranitar\n|\n|-heal|p1a: Tyranitar|88\/100|[from] item: Leftovers\n|-heal|p2a: Snorlax|86\/100 par|[from] item: Leftovers\n|upkeep\n|turn|3\n|\n|t:|1658712190\n|switch|p2a: Starmie|Starmie|100\/100\n|move|p1a: Tyranitar|Dynamic Punch|p2a: Starmie\n|-resisted|p2a: Starmie\n|-damage|p2a: Starmie|84\/100\n|-start|p2a: Starmie|confusion\n|\n|-heal|p2a: Starmie|91\/100|[from] item: Leftovers\n|-heal|p1a: Tyranitar|94\/100|[from] item: Leftovers\n|upkeep\n|turn|4\n|j| TheNewBrends11@!\n|\n|t:|1658712209\n|switch|p1a: Zapdos|Zapdos|100\/100\n|-activate|p2a: Starmie|confusion\n|move|p2a: Starmie|Thunder Wave|p1a: Zapdos\n|-status|p1a: Zapdos|par\n|\n|-heal|p2a: Starmie|97\/100|[from] item: Leftovers\n|upkeep\n|turn|5\n|\n|t:|1658712220\n|switch|p2a: Snorlax|Snorlax, M|86\/100 par\n|cant|p1a: Zapdos|par\n|\n|-heal|p2a: Snorlax|92\/100 par|[from] item: Leftovers\n|upkeep\n|turn|6\n|\n|t:|1658712229\n|switch|p1a: Cloyster|Cloyster, M|100\/100\n|move|p2a: Snorlax|Rest|p2a: Snorlax\n|-status|p2a: Snorlax|slp|[from] move: Rest\n|-heal|p2a: Snorlax|100\/100 slp|[silent]\n|\n|upkeep\n|turn|7\n|\n|t:|1658712233\n|switch|p2a: Cloyster|Cloyster, M|100\/100\n|move|p1a: Cloyster|Spikes|p2a: Cloyster\n|-sidestart|p2: lou dort|Spikes\n|\n|upkeep\n|turn|8\n|\n|t:|1658712238\n|move|p1a: Cloyster|Toxic|p2a: Cloyster\n|-status|p2a: Cloyster|tox\n|move|p2a: Cloyster|Spikes|p1a: Cloyster\n|-sidestart|p1: Drop a burn|Spikes\n|-damage|p2a: Cloyster|95\/100 tox|[from] psn\n|\n|-heal|p2a: Cloyster|100\/100 tox|[from] item: Leftovers\n|upkeep\n|turn|9\n|\n|t:|1658712254\n|switch|p1a: Tyranitar|Tyranitar, M|94\/100\n|-damage|p1a: Tyranitar|82\/100|[from] Spikes\n|move|p2a: Cloyster|Surf|p1a: Tyranitar\n|-supereffective|p1a: Tyranitar\n|-damage|p1a: Tyranitar|27\/100\n|-damage|p2a: Cloyster|89\/100 tox|[from] psn\n|\n|-heal|p2a: Cloyster|95\/100 tox|[from] item: Leftovers\n|-heal|p1a: Tyranitar|33\/100|[from] item: Leftovers\n|upkeep\n|turn|10\n|\n|t:|1658712262\n|switch|p1a: Zapdos|Zapdos|100\/100 par\n|move|p2a: Cloyster|Toxic|p1a: Zapdos|[miss]\n|-miss|p2a: Cloyster\n|-damage|p2a: Cloyster|77\/100 tox|[from] psn\n|\n|-heal|p2a: Cloyster|83\/100 tox|[from] item: Leftovers\n|upkeep\n|turn|11\n|\n|t:|1658712284\n|switch|p2a: Tyranitar|Tyranitar, M|100\/100\n|-damage|p2a: Tyranitar|88\/100|[from] Spikes\n|switch|p1a: Starmie|Starmie|100\/100\n|-damage|p1a: Starmie|88\/100|[from] Spikes\n|\n|-heal|p1a: Starmie|94\/100|[from] item: Leftovers\n|-heal|p2a: Tyranitar|94\/100|[from] item: Leftovers\n|upkeep\n|turn|12\n|inactive|lou dort has 120 seconds left.\n|\n|t:|1658712334\n|move|p1a: Starmie|Substitute|p1a: Starmie\n|-start|p1a: Starmie|Substitute\n|-damage|p1a: Starmie|70\/100\n|move|p2a: Tyranitar|Rock Slide|p1a: Starmie\n|-end|p1a: Starmie|Substitute\n|\n|-heal|p1a: Starmie|76\/100|[from] item: Leftovers\n|-heal|p2a: Tyranitar|100\/100|[from] item: Leftovers\n|upkeep\n|turn|13\n|\n|t:|1658712352\n|switch|p1a: Tyranitar|Tyranitar, M|33\/100\n|-damage|p1a: Tyranitar|21\/100|[from] Spikes\n|switch|p2a: Cloyster|Cloyster, M|83\/100 tox\n|-status|p2a: Cloyster|psn|[silent]\n|-damage|p2a: Cloyster|70\/100 psn|[from] Spikes\n|-damage|p2a: Cloyster|58\/100 psn|[from] psn\n|\n|-heal|p2a: Cloyster|64\/100 psn|[from] item: Leftovers\n|-heal|p1a: Tyranitar|27\/100|[from] item: Leftovers\n|upkeep\n|turn|14\n|\n|t:|1658712373\n|switch|p1a: Starmie|Starmie|76\/100\n|-damage|p1a: Starmie|63\/100|[from] Spikes\n|move|p2a: Cloyster|Surf|p1a: Starmie\n|-resisted|p1a: Starmie\n|-damage|p1a: Starmie|46\/100\n|-damage|p2a: Cloyster|52\/100 psn|[from] psn|[of] p1a: Starmie\n|\n|-heal|p1a: Starmie|52\/100|[from] item: Leftovers\n|-heal|p2a: Cloyster|58\/100 psn|[from] item: Leftovers\n|upkeep\n|turn|15\n|\n|t:|1658712384\n|switch|p2a: Snorlax|Snorlax, M|100\/100 slp\n|-damage|p2a: Snorlax|88\/100 slp|[from] Spikes\n|move|p1a: Starmie|Rapid Spin|p2a: Snorlax\n|-damage|p2a: Snorlax|85\/100 slp\n|-sideend|p1: Drop a burn|Spikes|[from] move: Rapid Spin|[of] p1a: Starmie\n|\n|-heal|p1a: Starmie|58\/100|[from] item: Leftovers\n|-heal|p2a: Snorlax|91\/100 slp|[from] item: Leftovers\n|upkeep\n|turn|16\n|\n|t:|1658712394\n|move|p1a: Starmie|Substitute|p1a: Starmie\n|-start|p1a: Starmie|Substitute\n|-damage|p1a: Starmie|34\/100\n|cant|p2a: Snorlax|slp\n|move|p2a: Snorlax|Sleep Talk|p2a: Snorlax\n|move|p2a: Snorlax|Rest|p2a: Snorlax|[from]Sleep Talk\n|-status|p2a: Snorlax|slp|[from] move: Rest\n|-heal|p2a: Snorlax|100\/100 slp|[silent]\n|\n|-heal|p1a: Starmie|40\/100|[from] item: Leftovers\n|upkeep\n|turn|17\n|\n|t:|1658712400\n|move|p1a: Starmie|Psychic|p2a: Snorlax\n|-damage|p2a: Snorlax|83\/100 slp\n|cant|p2a: Snorlax|slp\n|move|p2a: Snorlax|Sleep Talk|p2a: Snorlax\n|move|p2a: Snorlax|Double-Edge|p1a: Starmie|[from]Sleep Talk\n|-end|p1a: Starmie|Substitute\n|-damage|p2a: Snorlax|82\/100 slp|[from] Recoil|[of] p1a: Starmie\n|\n|-heal|p1a: Starmie|46\/100|[from] item: Leftovers\n|-heal|p2a: Snorlax|88\/100 slp|[from] item: Leftovers\n|upkeep\n|turn|18\n|\n|t:|1658712408\n|switch|p1a: Marowak|Marowak, M|100\/100\n|cant|p2a: Snorlax|slp\n|move|p2a: Snorlax|Sleep Talk|p2a: Snorlax\n|move|p2a: Snorlax|Double-Edge|p1a: Marowak|[from]Sleep Talk\n|-damage|p1a: Marowak|55\/100\n|-damage|p2a: Snorlax|81\/100 slp|[from] Recoil|[of] p1a: Marowak\n|\n|-heal|p2a: Snorlax|87\/100 slp|[from] item: Leftovers\n|upkeep\n|turn|19\n|\n|t:|1658712416\n|switch|p2a: Zapdos|Zapdos|100\/100\n|move|p1a: Marowak|Earthquake|p2a: Zapdos\n|-immune|p2a: Zapdos\n|\n|upkeep\n|turn|20\n|\n|t:|1658712427\n|switch|p1a: Snorlax|Snorlax, M|67\/100\n|move|p2a: Zapdos|Hidden Power|p1a: Snorlax\n|-damage|p1a: Snorlax|55\/100\n|\n|-heal|p1a: Snorlax|61\/100|[from] item: Leftovers\n|upkeep\n|turn|21\n|\n|t:|1658712435\n|move|p2a: Zapdos|Thunder|p1a: Snorlax\n|-damage|p1a: Snorlax|33\/100\n|-status|p1a: Snorlax|par\n|move|p1a: Snorlax|Thunder|p2a: Zapdos\n|-damage|p2a: Zapdos|80\/100\n|\n|-heal|p2a: Zapdos|86\/100|[from] item: Leftovers\n|-heal|p1a: Snorlax|39\/100 par|[from] item: Leftovers\n|upkeep\n|turn|22\n|\n|t:|1658712446\n|move|p2a: Zapdos|Thunder|p1a: Snorlax\n|-damage|p1a: Snorlax|8\/100 par\n|cant|p1a: Snorlax|par\n|\n|-heal|p2a: Zapdos|92\/100|[from] item: Leftovers\n|-heal|p1a: Snorlax|14\/100 par|[from] item: Leftovers\n|upkeep\n|turn|23\n|\n|t:|1658712449\n|move|p2a: Zapdos|Thunder|p1a: Snorlax|[miss]\n|-miss|p2a: Zapdos\n|cant|p1a: Snorlax|par\n|\n|-heal|p2a: Zapdos|98\/100|[from] item: Leftovers\n|-heal|p1a: Snorlax|20\/100 par|[from] item: Leftovers\n|upkeep\n|turn|24\n|\n|t:|1658712451\n|move|p2a: Zapdos|Thunder|p1a: Snorlax\n|-damage|p1a: Snorlax|0 fnt\n|faint|p1a: Snorlax\n|\n|t:|1658712462\n|switch|p1a: Tyranitar|Tyranitar, M|27\/100\n|\n|-heal|p2a: Zapdos|100\/100|[from] item: Leftovers\n|-heal|p1a: Tyranitar|33\/100|[from] item: Leftovers\n|upkeep\n|turn|25\n|\n|t:|1658712467\n|move|p2a: Zapdos|Thunder|p1a: Tyranitar\n|-damage|p1a: Tyranitar|0 fnt\n|faint|p1a: Tyranitar\n|\n|t:|1658712474\n|switch|p1a: Marowak|Marowak, M|55\/100\n|\n|upkeep\n|turn|26\n|\n|t:|1658712479\n|move|p2a: Zapdos|Hidden Power|p1a: Marowak\n|-supereffective|p1a: Marowak\n|-damage|p1a: Marowak|12\/100\n|move|p1a: Marowak|Rock Slide|p2a: Zapdos\n|-supereffective|p2a: Zapdos\n|-damage|p2a: Zapdos|38\/100\n|\n|-heal|p2a: Zapdos|44\/100|[from] item: Leftovers\n|upkeep\n|turn|27\n|\n|t:|1658712494\n|switch|p1a: Starmie|Starmie|46\/100\n|move|p2a: Zapdos|Hidden Power|p1a: Starmie\n|-resisted|p1a: Starmie\n|-damage|p1a: Starmie|35\/100\n|\n|-heal|p1a: Starmie|41\/100|[from] item: Leftovers\n|-heal|p2a: Zapdos|50\/100|[from] item: Leftovers\n|upkeep\n|turn|28\n|inactive|Drop a burn has 120 seconds left.\n|inactive|Drop a burn has 90 seconds left.\n|inactive|Drop a burn has 60 seconds left.\n|j| chilli bear 1\n|inactive|Drop a burn has 30 seconds left.\n|inactive|Drop a burn has 20 seconds left.\n|inactive|Drop a burn has 15 seconds left.\n|inactive|Drop a burn has 10 seconds left.\n|inactive|Drop a burn has 5 seconds left.\n|l| Giovanni Giorgeo\n|-message|Drop a burn lost due to inactivity.\n|\n|win|lou dort\n|n|\u2606Drop a burn|dropaburn\n|n|\u2606lou dort|loudort\n|n| Tempest brute|tempestbrute\n|n| TheNewBrends11@!|thenewbrends11\n|n| chilli bear 1|chillibear1\n|l|\u2606lou dort\n|l|\u2606Drop a burn\n|l| Tempest brute\n","uploadtime":1658712747,"views":9,"p1id":"dropaburn","p2id":"loudort","formatid":"gen2ou","rating":0,"private":0,"password":null}