{"id":"gen2randombattle-1374644238","p1":"drxx","p2":"Buhrito","format":"gen2randombattle","log":"|j|\u2606drxx\n|j|\u2606Buhrito\n|t:|1625982351\n|gametype|singles\n|player|p1|drxx|101|\n|player|p2|Buhrito|preschooler|\n|teamsize|p1|6\n|teamsize|p2|6\n|gen|2\n|tier|[Gen 2] Random Battle\n|rule|Sleep Clause Mod: Limit one foe put to sleep\n|rule|Freeze Clause Mod: Limit one foe frozen\n|rule|Species Clause: Limit one of each Pok\u00e9mon\n|rule|OHKO Clause: OHKO moves are banned\n|rule|Evasion Moves Clause: Evasion moves are banned\n|rule|Endless Battle Clause: Forcing endless battles is banned\n|rule|HP Percentage Mod: HP is shown in percentages\n|\n|t:|1625982351\n|start\n|switch|p1a: Wobbuffet|Wobbuffet, L83, M|485\/485\n|switch|p2a: Slowbro|Slowbro, L69, M|274\/274\n|turn|1\n|\n|t:|1625982369\n|switch|p2a: Lickitung|Lickitung, L73, M|282\/282\n|move|p1a: Wobbuffet|Safeguard|p1a: Wobbuffet\n|-sidestart|p1: drxx|Safeguard\n|\n|upkeep\n|turn|2\n|\n|t:|1625982388\n|move|p2a: Lickitung|Swords Dance|p2a: Lickitung\n|-boost|p2a: Lickitung|atk|2\n|move|p1a: Wobbuffet|Counter|p2a: Lickitung\n|-fail|p2a: Lickitung\n|\n|upkeep\n|turn|3\n|\n|t:|1625982437\n|move|p2a: Lickitung|Body Slam|p1a: Wobbuffet\n|-damage|p1a: Wobbuffet|366\/485\n|move|p1a: Wobbuffet|Counter|p2a: Lickitung\n|-damage|p2a: Lickitung|44\/282\n|\n|-heal|p1a: Wobbuffet|396\/485|[from] item: Leftovers\n|-heal|p2a: Lickitung|61\/282|[from] item: Leftovers\n|upkeep\n|turn|4\n|\n|t:|1625982450\n|switch|p1a: Magneton|Magneton, L69|212\/212\n|move|p2a: Lickitung|Swords Dance|p2a: Lickitung\n|-boost|p2a: Lickitung|atk|2\n|\n|-heal|p2a: Lickitung|78\/282|[from] item: Leftovers\n|upkeep\n|turn|5\n|\n|t:|1625982455\n|move|p1a: Magneton|Thunderbolt|p2a: Lickitung\n|-damage|p2a: Lickitung|0 fnt\n|faint|p2a: Lickitung\n|\n|t:|1625982467\n|switch|p2a: Magneton|Magneton, L69|212\/212\n|\n|-sideend|p1: drxx|Safeguard\n|upkeep\n|turn|6\n|\n|t:|1625982493\n|move|p2a: Magneton|Thunder Wave|p1a: Magneton\n|-status|p1a: Magneton|par\n|move|p1a: Magneton|Substitute|p1a: Magneton\n|-start|p1a: Magneton|Substitute\n|-damage|p1a: Magneton|159\/212 par\n|\n|-heal|p1a: Magneton|172\/212 par|[from] item: Leftovers\n|upkeep\n|turn|7\n|\n|t:|1625982504\n|move|p2a: Magneton|Substitute|p2a: Magneton\n|-start|p2a: Magneton|Substitute\n|-damage|p2a: Magneton|159\/212\n|move|p1a: Magneton|Thunder Wave|p2a: Magneton\n|-activate|p2a: Magneton|Substitute|[block] Thunder Wave\n|\n|-heal|p2a: Magneton|172\/212|[from] item: Leftovers\n|-heal|p1a: Magneton|185\/212 par|[from] item: Leftovers\n|upkeep\n|turn|8\n|\n|t:|1625982511\n|move|p2a: Magneton|Thunderbolt|p1a: Magneton\n|-resisted|p1a: Magneton\n|-end|p1a: Magneton|Substitute\n|move|p1a: Magneton|Thunderbolt|p2a: Magneton\n|-resisted|p2a: Magneton\n|-activate|p2a: Magneton|Substitute|[damage]\n|\n|-heal|p2a: Magneton|185\/212|[from] item: Leftovers\n|-heal|p1a: Magneton|198\/212 par|[from] item: Leftovers\n|upkeep\n|turn|9\n|\n|t:|1625982522\n|move|p2a: Magneton|Thunderbolt|p1a: Magneton\n|-resisted|p1a: Magneton\n|-damage|p1a: Magneton|141\/212 par\n|move|p1a: Magneton|Thunderbolt|p2a: Magneton\n|-resisted|p2a: Magneton\n|-end|p2a: Magneton|Substitute\n|\n|-heal|p2a: Magneton|198\/212|[from] item: Leftovers\n|-heal|p1a: Magneton|154\/212 par|[from] item: Leftovers\n|upkeep\n|turn|10\n|\n|t:|1625982530\n|switch|p1a: Rhydon|Rhydon, L65, M|271\/271\n|move|p2a: Magneton|Substitute|p2a: Magneton\n|-start|p2a: Magneton|Substitute\n|-damage|p2a: Magneton|145\/212\n|\n|-heal|p2a: Magneton|158\/212|[from] item: Leftovers\n|upkeep\n|turn|11\n|\n|t:|1625982532\n|move|p2a: Magneton|Hidden Power|p1a: Rhydon\n|-supereffective|p1a: Rhydon\n|-damage|p1a: Rhydon|130\/271\n|move|p1a: Rhydon|Earthquake|p2a: Magneton\n|-supereffective|p2a: Magneton\n|-end|p2a: Magneton|Substitute\n|\n|-heal|p2a: Magneton|171\/212|[from] item: Leftovers\n|-heal|p1a: Rhydon|146\/271|[from] item: Leftovers\n|upkeep\n|turn|12\n|\n|t:|1625982536\n|move|p2a: Magneton|Hidden Power|p1a: Rhydon\n|-supereffective|p1a: Rhydon\n|-damage|p1a: Rhydon|2\/271\n|move|p1a: Rhydon|Earthquake|p2a: Magneton\n|-supereffective|p2a: Magneton\n|-damage|p2a: Magneton|0 fnt\n|faint|p2a: Magneton\n|\n|t:|1625982580\n|switch|p2a: Kingler|Kingler, L73, M|231\/231\n|\n|-heal|p1a: Rhydon|18\/271|[from] item: Leftovers\n|upkeep\n|turn|13\n|\n|t:|1625982592\n|move|p2a: Kingler|Surf|p1a: Rhydon\n|-supereffective|p1a: Rhydon\n|-damage|p1a: Rhydon|0 fnt\n|faint|p1a: Rhydon\n|\n|t:|1625982652\n|switch|p1a: Slowking|Slowking, L69, M|274\/274\n|\n|upkeep\n|turn|14\n|\n|t:|1625982658\n|move|p2a: Kingler|Swords Dance|p2a: Kingler\n|-boost|p2a: Kingler|atk|2\n|move|p1a: Slowking|Psychic|p2a: Kingler\n|-damage|p2a: Kingler|124\/231\n|\n|upkeep\n|turn|15\n|\n|t:|1625982676\n|move|p2a: Kingler|Return|p1a: Slowking\n|-damage|p1a: Slowking|90\/274\n|move|p1a: Slowking|Psychic|p2a: Kingler\n|-damage|p2a: Kingler|27\/231\n|\n|-heal|p1a: Slowking|107\/274|[from] item: Leftovers\n|upkeep\n|turn|16\n|\n|t:|1625982683\n|switch|p1a: Magneton|Magneton, L69|154\/212 par\n|move|p2a: Kingler|Rest|p2a: Kingler\n|-status|p2a: Kingler|slp|[from] move: Rest\n|-heal|p2a: Kingler|231\/231 slp|[silent]\n|-enditem|p2a: Kingler|Mint Berry|[eat]\n|-curestatus|p2a: Kingler|slp|[msg]\n|\n|-heal|p1a: Magneton|167\/212 par|[from] item: Leftovers\n|upkeep\n|turn|17\n|\n|t:|1625982795\n|move|p2a: Kingler|Return|p1a: Magneton\n|-resisted|p1a: Magneton\n|-damage|p1a: Magneton|86\/212 par\n|move|p1a: Magneton|Thunderbolt|p2a: Kingler\n|-supereffective|p2a: Kingler\n|-damage|p2a: Kingler|0 fnt\n|faint|p2a: Kingler\n|\n|t:|1625982819\n|switch|p2a: Gengar|Gengar, L65, M|213\/213\n|\n|-heal|p1a: Magneton|99\/212 par|[from] item: Leftovers\n|upkeep\n|turn|18\n|\n|t:|1625982824\n|move|p2a: Gengar|Fire Punch|p1a: Magneton\n|-supereffective|p1a: Magneton\n|-damage|p1a: Magneton|0 fnt\n|faint|p1a: Magneton\n|\n|t:|1625982854\n|switch|p1a: Lickitung|Lickitung, L73, M|282\/282\n|\n|upkeep\n|turn|19\n|\n|t:|1625982861\n|move|p2a: Gengar|Hypnosis|p1a: Lickitung\n|-status|p1a: Lickitung|slp|[from] move: Hypnosis\n|cant|p1a: Lickitung|slp\n|\n|upkeep\n|turn|20\n|\n|t:|1625982871\n|switch|p2a: Jynx|Jynx, L65, F|219\/219\n|cant|p1a: Lickitung|slp\n|move|p1a: Lickitung|Sleep Talk|p1a: Lickitung\n|move|p1a: Lickitung|Earthquake|p2a: Jynx|[from]Sleep Talk\n|-damage|p2a: Jynx|142\/219\n|\n|-heal|p2a: Jynx|155\/219|[from] item: Leftovers\n|upkeep\n|turn|21\n|\n|t:|1625982889\n|switch|p1a: Slowking|Slowking, L69, M|107\/274\n|move|p2a: Jynx|Nightmare|p1a: Slowking\n|-fail|p1a: Slowking\n|\n|-heal|p2a: Jynx|168\/219|[from] item: Leftovers\n|-heal|p1a: Slowking|124\/274|[from] item: Leftovers\n|upkeep\n|turn|22\n|\n|t:|1625982905\n|switch|p2a: Slowbro|Slowbro, L69, M|274\/274\n|move|p1a: Slowking|Rest|p1a: Slowking\n|-status|p1a: Slowking|slp|[from] move: Rest\n|-heal|p1a: Slowking|274\/274 slp|[silent]\n|\n|upkeep\n|turn|23\n|\n|t:|1625982924\n|switch|p2a: Jynx|Jynx, L65, F|168\/219\n|cant|p1a: Slowking|slp\n|\n|-heal|p2a: Jynx|181\/219|[from] item: Leftovers\n|upkeep\n|turn|24\n|\n|t:|1625982932\n|move|p2a: Jynx|Substitute|p2a: Jynx\n|-start|p2a: Jynx|Substitute\n|-damage|p2a: Jynx|127\/219\n|cant|p1a: Slowking|slp\n|move|p1a: Slowking|Sleep Talk|p1a: Slowking\n|move|p1a: Slowking|Psychic|p2a: Jynx|[from]Sleep Talk\n|-crit|p2a: Jynx\n|-resisted|p2a: Jynx\n|-end|p2a: Jynx|Substitute\n|\n|-heal|p2a: Jynx|140\/219|[from] item: Leftovers\n|upkeep\n|turn|25\n|\n|t:|1625982968\n|switch|p1a: Wobbuffet|Wobbuffet, L83, M|396\/485\n|move|p2a: Jynx|Nightmare|p1a: Wobbuffet\n|-fail|p1a: Wobbuffet\n|\n|-heal|p2a: Jynx|153\/219|[from] item: Leftovers\n|-heal|p1a: Wobbuffet|426\/485|[from] item: Leftovers\n|upkeep\n|turn|26\n|\n|t:|1625982976\n|move|p2a: Jynx|Ice Beam|p1a: Wobbuffet\n|-damage|p1a: Wobbuffet|336\/485\n|move|p1a: Wobbuffet|Mimic|p2a: Jynx\n|-activate|p1a: Wobbuffet|move: Mimic|Ice Beam\n|\n|-heal|p2a: Jynx|166\/219|[from] item: Leftovers\n|-heal|p1a: Wobbuffet|366\/485|[from] item: Leftovers\n|upkeep\n|turn|27\n|\n|t:|1625982981\n|move|p2a: Jynx|Substitute|p2a: Jynx\n|-start|p2a: Jynx|Substitute\n|-damage|p2a: Jynx|112\/219\n|move|p1a: Wobbuffet|Mirror Coat|p2a: Jynx\n|\n|-heal|p2a: Jynx|125\/219|[from] item: Leftovers\n|-heal|p1a: Wobbuffet|396\/485|[from] item: Leftovers\n|upkeep\n|turn|28\n|\n|t:|1625982987\n|move|p2a: Jynx|Ice Beam|p1a: Wobbuffet\n|-damage|p1a: Wobbuffet|301\/485\n|move|p1a: Wobbuffet|Mirror Coat|p2a: Jynx\n|-end|p2a: Jynx|Substitute\n|\n|-heal|p2a: Jynx|138\/219|[from] item: Leftovers\n|-heal|p1a: Wobbuffet|331\/485|[from] item: Leftovers\n|upkeep\n|turn|29\n|\n|t:|1625982995\n|move|p2a: Jynx|Substitute|p2a: Jynx\n|-start|p2a: Jynx|Substitute\n|-damage|p2a: Jynx|84\/219\n|move|p1a: Wobbuffet|Ice Beam|p2a: Jynx\n|-resisted|p2a: Jynx\n|-activate|p2a: Jynx|Substitute|[damage]\n|\n|-heal|p2a: Jynx|97\/219|[from] item: Leftovers\n|-heal|p1a: Wobbuffet|361\/485|[from] item: Leftovers\n|upkeep\n|turn|30\n|\n|t:|1625983001\n|move|p2a: Jynx|Nightmare|p1a: Wobbuffet\n|-fail|p1a: Wobbuffet\n|move|p1a: Wobbuffet|Mirror Coat|p2a: Jynx\n|\n|-heal|p2a: Jynx|110\/219|[from] item: Leftovers\n|-heal|p1a: Wobbuffet|391\/485|[from] item: Leftovers\n|upkeep\n|turn|31\n|\n|t:|1625983004\n|move|p2a: Jynx|Nightmare|p1a: Wobbuffet\n|-fail|p1a: Wobbuffet\n|move|p1a: Wobbuffet|Ice Beam|p2a: Jynx\n|-resisted|p2a: Jynx\n|-activate|p2a: Jynx|Substitute|[damage]\n|\n|-heal|p2a: Jynx|123\/219|[from] item: Leftovers\n|-heal|p1a: Wobbuffet|421\/485|[from] item: Leftovers\n|upkeep\n|turn|32\n|\n|t:|1625983006\n|move|p2a: Jynx|Nightmare|p1a: Wobbuffet\n|-fail|p1a: Wobbuffet\n|move|p1a: Wobbuffet|Ice Beam|p2a: Jynx\n|-resisted|p2a: Jynx\n|-end|p2a: Jynx|Substitute\n|\n|-heal|p2a: Jynx|136\/219|[from] item: Leftovers\n|-heal|p1a: Wobbuffet|451\/485|[from] item: Leftovers\n|upkeep\n|turn|33\n|\n|t:|1625983023\n|switch|p1a: Poliwrath|Poliwrath, L71, M|274\/274\n|move|p2a: Jynx|Substitute|p2a: Jynx\n|-start|p2a: Jynx|Substitute\n|-damage|p2a: Jynx|82\/219\n|\n|-heal|p2a: Jynx|95\/219|[from] item: Leftovers\n|upkeep\n|turn|34\n|\n|t:|1625983032\n|move|p2a: Jynx|Ice Beam|p1a: Poliwrath\n|-resisted|p1a: Poliwrath\n|-damage|p1a: Poliwrath|233\/274\n|-status|p1a: Poliwrath|frz\n|cant|p1a: Poliwrath|frz\n|\n|-heal|p2a: Jynx|108\/219|[from] item: Leftovers\n|-heal|p1a: Poliwrath|250\/274 frz|[from] item: Leftovers\n|upkeep\n|turn|35\n|\n|t:|1625983040\n|move|p2a: Jynx|Ice Beam|p1a: Poliwrath\n|-resisted|p1a: Poliwrath\n|-damage|p1a: Poliwrath|212\/274 frz\n|cant|p1a: Poliwrath|frz\n|\n|-heal|p2a: Jynx|121\/219|[from] item: Leftovers\n|-heal|p1a: Poliwrath|229\/274 frz|[from] item: Leftovers\n|-curestatus|p1a: Poliwrath|frz|[msg]\n|upkeep\n|turn|36\n|\n|t:|1625983049\n|move|p2a: Jynx|Ice Beam|p1a: Poliwrath\n|-resisted|p1a: Poliwrath\n|-damage|p1a: Poliwrath|192\/274\n|-status|p1a: Poliwrath|frz\n|cant|p1a: Poliwrath|frz\n|\n|-heal|p2a: Jynx|134\/219|[from] item: Leftovers\n|-heal|p1a: Poliwrath|209\/274 frz|[from] item: Leftovers\n|upkeep\n|turn|37\n|\n|t:|1625983059\n|switch|p1a: Wobbuffet|Wobbuffet, L83, M|451\/485\n|move|p2a: Jynx|Ice Beam|p1a: Wobbuffet\n|-damage|p1a: Wobbuffet|356\/485\n|\n|-heal|p2a: Jynx|147\/219|[from] item: Leftovers\n|-heal|p1a: Wobbuffet|386\/485|[from] item: Leftovers\n|upkeep\n|turn|38\n|\n|t:|1625983064\n|move|p2a: Jynx|Nightmare|p1a: Wobbuffet\n|-fail|p1a: Wobbuffet\n|move|p1a: Wobbuffet|Mirror Coat|p2a: Jynx\n|\n|-heal|p2a: Jynx|160\/219|[from] item: Leftovers\n|-heal|p1a: Wobbuffet|416\/485|[from] item: Leftovers\n|upkeep\n|turn|39\n|\n|t:|1625983066\n|switch|p1a: Poliwrath|Poliwrath, L71, M|209\/274 frz\n|move|p2a: Jynx|Nightmare|p1a: Poliwrath\n|-fail|p1a: Poliwrath\n|\n|-heal|p2a: Jynx|173\/219|[from] item: Leftovers\n|-heal|p1a: Poliwrath|226\/274 frz|[from] item: Leftovers\n|upkeep\n|turn|40\n|\n|t:|1625983067\n|switch|p1a: Wobbuffet|Wobbuffet, L83, M|416\/485\n|move|p2a: Jynx|Ice Beam|p1a: Wobbuffet\n|-damage|p1a: Wobbuffet|328\/485\n|-message|Freeze Clause activated.\n|\n|-heal|p2a: Jynx|186\/219|[from] item: Leftovers\n|-heal|p1a: Wobbuffet|358\/485|[from] item: Leftovers\n|upkeep\n|turn|41\n|\n|t:|1625983069\n|move|p2a: Jynx|Nightmare|p1a: Wobbuffet\n|-fail|p1a: Wobbuffet\n|move|p1a: Wobbuffet|Mirror Coat|p2a: Jynx\n|\n|-heal|p2a: Jynx|199\/219|[from] item: Leftovers\n|-heal|p1a: Wobbuffet|388\/485|[from] item: Leftovers\n|upkeep\n|turn|42\n|\n|t:|1625983073\n|move|p2a: Jynx|Ice Beam|p1a: Wobbuffet\n|-crit|p1a: Wobbuffet\n|-damage|p1a: Wobbuffet|203\/485\n|move|p1a: Wobbuffet|Mirror Coat|p2a: Jynx\n|-end|p2a: Jynx|Substitute\n|\n|-heal|p2a: Jynx|212\/219|[from] item: Leftovers\n|-heal|p1a: Wobbuffet|233\/485|[from] item: Leftovers\n|upkeep\n|turn|43\n|\n|t:|1625983090\n|switch|p1a: Poliwrath|Poliwrath, L71, M|226\/274 frz\n|move|p2a: Jynx|Substitute|p2a: Jynx\n|-start|p2a: Jynx|Substitute\n|-damage|p2a: Jynx|158\/219\n|\n|-heal|p2a: Jynx|171\/219|[from] item: Leftovers\n|-heal|p1a: Poliwrath|243\/274 frz|[from] item: Leftovers\n|upkeep\n|turn|44\n|\n|t:|1625983095\n|switch|p1a: Slowking|Slowking, L69, M|274\/274 slp\n|move|p2a: Jynx|Ice Beam|p1a: Slowking\n|-resisted|p1a: Slowking\n|-damage|p1a: Slowking|236\/274 slp\n|\n|-heal|p2a: Jynx|184\/219|[from] item: Leftovers\n|-heal|p1a: Slowking|253\/274 slp|[from] item: Leftovers\n|upkeep\n|turn|45\n|\n|t:|1625983100\n|switch|p1a: Wobbuffet|Wobbuffet, L83, M|233\/485\n|move|p2a: Jynx|Nightmare|p1a: Wobbuffet\n|-fail|p1a: Wobbuffet\n|\n|-heal|p2a: Jynx|197\/219|[from] item: Leftovers\n|-heal|p1a: Wobbuffet|263\/485|[from] item: Leftovers\n|upkeep\n|turn|46\n|\n|t:|1625983105\n|move|p2a: Jynx|Ice Beam|p1a: Wobbuffet\n|-damage|p1a: Wobbuffet|175\/485\n|move|p1a: Wobbuffet|Mirror Coat|p2a: Jynx\n|-end|p2a: Jynx|Substitute\n|\n|-heal|p2a: Jynx|210\/219|[from] item: Leftovers\n|-heal|p1a: Wobbuffet|205\/485|[from] item: Leftovers\n|upkeep\n|turn|47\n|\n|t:|1625983110\n|switch|p1a: Poliwrath|Poliwrath, L71, M|243\/274 frz\n|move|p2a: Jynx|Ice Beam|p1a: Poliwrath\n|-resisted|p1a: Poliwrath\n|-damage|p1a: Poliwrath|200\/274 frz\n|\n|-heal|p2a: Jynx|219\/219|[from] item: Leftovers\n|-heal|p1a: Poliwrath|217\/274 frz|[from] item: Leftovers\n|upkeep\n|turn|48\n|\n|t:|1625983116\n|switch|p2a: Slowbro|Slowbro, L69, M|274\/274\n|cant|p1a: Poliwrath|frz\n|\n|-heal|p1a: Poliwrath|234\/274 frz|[from] item: Leftovers\n|upkeep\n|turn|49\n|\n|t:|1625983122\n|switch|p1a: Slowking|Slowking, L69, M|253\/274 slp\n|move|p2a: Slowbro|Surf|p1a: Slowking\n|-resisted|p1a: Slowking\n|-damage|p1a: Slowking|220\/274 slp\n|\n|-heal|p1a: Slowking|237\/274 slp|[from] item: Leftovers\n|upkeep\n|turn|50\n|\n|t:|1625983133\n|-curestatus|p1a: Slowking|slp|[msg]\n|move|p1a: Slowking|Surf|p2a: Slowbro\n|-resisted|p2a: Slowbro\n|-damage|p2a: Slowbro|227\/274\n|move|p2a: Slowbro|Surf|p1a: Slowking\n|-resisted|p1a: Slowking\n|-damage|p1a: Slowking|203\/274\n|\n|-heal|p1a: Slowking|220\/274|[from] item: Leftovers\n|-heal|p2a: Slowbro|244\/274|[from] item: Leftovers\n|upkeep\n|turn|51\n|\n|t:|1625983148\n|move|p2a: Slowbro|Surf|p1a: Slowking\n|-resisted|p1a: Slowking\n|-damage|p1a: Slowking|185\/274\n|move|p1a: Slowking|Psychic|p2a: Slowbro\n|-resisted|p2a: Slowbro\n|-damage|p2a: Slowbro|199\/274\n|\n|-heal|p1a: Slowking|202\/274|[from] item: Leftovers\n|-heal|p2a: Slowbro|216\/274|[from] item: Leftovers\n|upkeep\n|turn|52\n|\n|t:|1625983156\n|move|p1a: Slowking|Surf|p2a: Slowbro\n|-crit|p2a: Slowbro\n|-resisted|p2a: Slowbro\n|-damage|p2a: Slowbro|124\/274\n|move|p2a: Slowbro|Surf|p1a: Slowking\n|-resisted|p1a: Slowking\n|-damage|p1a: Slowking|167\/274\n|\n|-heal|p2a: Slowbro|141\/274|[from] item: Leftovers\n|-heal|p1a: Slowking|184\/274|[from] item: Leftovers\n|upkeep\n|turn|53\n|\n|t:|1625983161\n|move|p2a: Slowbro|Surf|p1a: Slowking\n|-resisted|p1a: Slowking\n|-damage|p1a: Slowking|147\/274\n|move|p1a: Slowking|Surf|p2a: Slowbro\n|-resisted|p2a: Slowbro\n|-damage|p2a: Slowbro|95\/274\n|\n|-heal|p2a: Slowbro|112\/274|[from] item: Leftovers\n|-heal|p1a: Slowking|164\/274|[from] item: Leftovers\n|upkeep\n|turn|54\n|\n|t:|1625983168\n|move|p1a: Slowking|Surf|p2a: Slowbro\n|-resisted|p2a: Slowbro\n|-damage|p2a: Slowbro|70\/274\n|move|p2a: Slowbro|Rest|p2a: Slowbro\n|-status|p2a: Slowbro|slp|[from] move: Rest\n|-heal|p2a: Slowbro|274\/274 slp|[silent]\n|\n|-heal|p1a: Slowking|181\/274|[from] item: Leftovers\n|upkeep\n|turn|55\n|\n|t:|1625983173\n|cant|p2a: Slowbro|slp\n|move|p2a: Slowbro|Sleep Talk|p2a: Slowbro\n|move|p2a: Slowbro|Psychic|p1a: Slowking|[from]Sleep Talk\n|-resisted|p1a: Slowking\n|-damage|p1a: Slowking|146\/274\n|move|p1a: Slowking|Rest|p1a: Slowking\n|-status|p1a: Slowking|slp|[from] move: Rest\n|-heal|p1a: Slowking|274\/274 slp|[silent]\n|\n|upkeep\n|turn|56\n|\n|t:|1625983205\n|cant|p2a: Slowbro|slp\n|cant|p1a: Slowking|slp\n|\n|upkeep\n|turn|57\n|\n|t:|1625983212\n|switch|p1a: Lickitung|Lickitung, L73, M|282\/282 slp\n|-curestatus|p2a: Slowbro|slp|[msg]\n|move|p2a: Slowbro|Surf|p1a: Lickitung\n|-damage|p1a: Lickitung|187\/282 slp\n|\n|-heal|p1a: Lickitung|204\/282 slp|[from] item: Leftovers\n|upkeep\n|turn|58\n|\n|t:|1625983218\n|switch|p1a: Slowking|Slowking, L69, M|274\/274 slp\n|move|p2a: Slowbro|Psychic|p1a: Slowking\n|-resisted|p1a: Slowking\n|-damage|p1a: Slowking|238\/274 slp\n|\n|-heal|p1a: Slowking|255\/274 slp|[from] item: Leftovers\n|upkeep\n|turn|59\n|\n|t:|1625983226\n|cant|p1a: Slowking|slp\n|move|p2a: Slowbro|Surf|p1a: Slowking\n|-resisted|p1a: Slowking\n|-damage|p1a: Slowking|219\/274 slp\n|\n|-heal|p1a: Slowking|236\/274 slp|[from] item: Leftovers\n|upkeep\n|turn|60\n|\n|t:|1625983236\n|move|p2a: Slowbro|Surf|p1a: Slowking\n|-resisted|p1a: Slowking\n|-damage|p1a: Slowking|198\/274 slp\n|-curestatus|p1a: Slowking|slp|[msg]\n|move|p1a: Slowking|Psychic|p2a: Slowbro\n|-resisted|p2a: Slowbro\n|-damage|p2a: Slowbro|232\/274\n|\n|-heal|p1a: Slowking|215\/274|[from] item: Leftovers\n|-heal|p2a: Slowbro|249\/274|[from] item: Leftovers\n|upkeep\n|turn|61\n|\n|t:|1625983240\n|move|p1a: Slowking|Rest|p1a: Slowking\n|-status|p1a: Slowking|slp|[from] move: Rest\n|-heal|p1a: Slowking|274\/274 slp|[silent]\n|move|p2a: Slowbro|Rest|p2a: Slowbro\n|-status|p2a: Slowbro|slp|[from] move: Rest\n|-heal|p2a: Slowbro|274\/274 slp|[silent]\n|\n|upkeep\n|turn|62\n|\n|t:|1625983244\n|cant|p2a: Slowbro|slp\n|cant|p1a: Slowking|slp\n|\n|upkeep\n|turn|63\n|\n|t:|1625983247\n|cant|p2a: Slowbro|slp\n|cant|p1a: Slowking|slp\n|\n|upkeep\n|turn|64\n|\n|t:|1625983251\n|-curestatus|p1a: Slowking|slp|[msg]\n|move|p1a: Slowking|Surf|p2a: Slowbro\n|-resisted|p2a: Slowbro\n|-damage|p2a: Slowbro|228\/274 slp\n|-curestatus|p2a: Slowbro|slp|[msg]\n|move|p2a: Slowbro|Sleep Talk|p2a: Slowbro\n|\n|-heal|p2a: Slowbro|245\/274|[from] item: Leftovers\n|upkeep\n|turn|65\n|\n|t:|1625983256\n|switch|p1a: Poliwrath|Poliwrath, L71, M|234\/274 frz\n|move|p2a: Slowbro|Rest|p2a: Slowbro\n|-status|p2a: Slowbro|slp|[from] move: Rest\n|-heal|p2a: Slowbro|274\/274 slp|[silent]\n|\n|-heal|p1a: Poliwrath|251\/274 frz|[from] item: Leftovers\n|upkeep\n|turn|66\n|\n|t:|1625983260\n|switch|p1a: Slowking|Slowking, L69, M|274\/274\n|cant|p2a: Slowbro|slp\n|move|p2a: Slowbro|Sleep Talk|p2a: Slowbro\n|move|p2a: Slowbro|Psychic|p1a: Slowking|[from]Sleep Talk\n|-resisted|p1a: Slowking\n|-damage|p1a: Slowking|238\/274\n|\n|-heal|p1a: Slowking|255\/274|[from] item: Leftovers\n|upkeep\n|turn|67\n|\n|t:|1625983267\n|switch|p2a: Jynx|Jynx, L65, F|219\/219\n|move|p1a: Slowking|Rest|p1a: Slowking\n|-status|p1a: Slowking|slp|[from] move: Rest\n|-heal|p1a: Slowking|274\/274 slp|[silent]\n|\n|upkeep\n|turn|68\n|\n|t:|1625983275\n|switch|p2a: Gengar|Gengar, L65, M|213\/213\n|switch|p1a: Poliwrath|Poliwrath, L71, M|251\/274 frz\n|\n|-heal|p1a: Poliwrath|268\/274 frz|[from] item: Leftovers\n|upkeep\n|turn|69\n|\n|t:|1625983287\n|switch|p1a: Lickitung|Lickitung, L73, M|204\/282 slp\n|move|p2a: Gengar|Ice Punch|p1a: Lickitung\n|-damage|p1a: Lickitung|157\/282 slp\n|\n|-heal|p1a: Lickitung|174\/282 slp|[from] item: Leftovers\n|upkeep\n|turn|70\n|\n|t:|1625983304\n|move|p2a: Gengar|Explosion|p1a: Lickitung\n|-damage|p1a: Lickitung|0 fnt\n|faint|p2a: Gengar\n|faint|p1a: Lickitung\n|\n|t:|1625983334\n|switch|p2a: Slowbro|Slowbro, L69, M|274\/274 slp\n|switch|p1a: Wobbuffet|Wobbuffet, L83, M|205\/485\n|\n|-heal|p1a: Wobbuffet|235\/485|[from] item: Leftovers\n|upkeep\n|turn|71\n|\n|t:|1625983344\n|cant|p2a: Slowbro|slp\n|move|p1a: Wobbuffet|Mirror Coat|p2a: Slowbro\n|-fail|p2a: Slowbro\n|\n|-heal|p1a: Wobbuffet|265\/485|[from] item: Leftovers\n|upkeep\n|turn|72\n|\n|t:|1625983350\n|switch|p2a: Jynx|Jynx, L65, F|219\/219\n|move|p1a: Wobbuffet|Safeguard|p1a: Wobbuffet\n|-sidestart|p1: drxx|Safeguard\n|\n|-heal|p1a: Wobbuffet|295\/485|[from] item: Leftovers\n|upkeep\n|turn|73\n|\n|t:|1625983355\n|switch|p2a: Slowbro|Slowbro, L69, M|274\/274 slp\n|move|p1a: Wobbuffet|Mirror Coat|p2a: Slowbro\n|-fail|p2a: Slowbro\n|\n|-heal|p1a: Wobbuffet|325\/485|[from] item: Leftovers\n|upkeep\n|turn|74\n|\n|t:|1625983360\n|switch|p2a: Jynx|Jynx, L65, F|219\/219\n|move|p1a: Wobbuffet|Mimic|p2a: Jynx\n|-fail|p2a: Jynx\n|\n|-heal|p1a: Wobbuffet|355\/485|[from] item: Leftovers\n|upkeep\n|turn|75\n|\n|t:|1625983364\n|switch|p2a: Slowbro|Slowbro, L69, M|274\/274 slp\n|switch|p1a: Slowking|Slowking, L69, M|274\/274 slp\n|\n|upkeep\n|turn|76\n|\n|t:|1625983370\n|switch|p2a: Jynx|Jynx, L65, F|219\/219\n|switch|p1a: Wobbuffet|Wobbuffet, L83, M|355\/485\n|\n|-heal|p1a: Wobbuffet|385\/485|[from] item: Leftovers\n|-sideend|p1: drxx|Safeguard\n|upkeep\n|turn|77\n|\n|t:|1625983372\n|switch|p2a: Slowbro|Slowbro, L69, M|274\/274 slp\n|switch|p1a: Slowking|Slowking, L69, M|274\/274 slp\n|\n|upkeep\n|turn|78\n|\n|t:|1625983375\n|switch|p1a: Wobbuffet|Wobbuffet, L83, M|385\/485\n|switch|p2a: Jynx|Jynx, L65, F|219\/219\n|\n|-heal|p1a: Wobbuffet|415\/485|[from] item: Leftovers\n|upkeep\n|turn|79\n|\n|t:|1625983378\n|switch|p2a: Slowbro|Slowbro, L69, M|274\/274 slp\n|switch|p1a: Slowking|Slowking, L69, M|274\/274 slp\n|\n|upkeep\n|turn|80\n|\n|t:|1625983381\n|switch|p2a: Jynx|Jynx, L65, F|219\/219\n|switch|p1a: Wobbuffet|Wobbuffet, L83, M|415\/485\n|\n|-heal|p1a: Wobbuffet|445\/485|[from] item: Leftovers\n|upkeep\n|turn|81\n|\n|t:|1625983383\n|switch|p2a: Slowbro|Slowbro, L69, M|274\/274 slp\n|switch|p1a: Slowking|Slowking, L69, M|274\/274 slp\n|\n|upkeep\n|turn|82\n|\n|t:|1625983387\n|switch|p2a: Jynx|Jynx, L65, F|219\/219\n|switch|p1a: Wobbuffet|Wobbuffet, L83, M|445\/485\n|\n|-heal|p1a: Wobbuffet|475\/485|[from] item: Leftovers\n|upkeep\n|turn|83\n|\n|t:|1625983390\n|switch|p2a: Slowbro|Slowbro, L69, M|274\/274 slp\n|switch|p1a: Slowking|Slowking, L69, M|274\/274 slp\n|\n|upkeep\n|turn|84\n|\n|t:|1625983392\n|switch|p2a: Jynx|Jynx, L65, F|219\/219\n|switch|p1a: Wobbuffet|Wobbuffet, L83, M|475\/485\n|\n|-heal|p1a: Wobbuffet|485\/485|[from] item: Leftovers\n|upkeep\n|turn|85\n|\n|t:|1625983395\n|switch|p2a: Slowbro|Slowbro, L69, M|274\/274 slp\n|switch|p1a: Slowking|Slowking, L69, M|274\/274 slp\n|\n|upkeep\n|turn|86\n|\n|t:|1625983399\n|switch|p1a: Wobbuffet|Wobbuffet, L83, M|485\/485\n|switch|p2a: Jynx|Jynx, L65, F|219\/219\n|\n|upkeep\n|turn|87\n|\n|t:|1625983402\n|switch|p2a: Slowbro|Slowbro, L69, M|274\/274 slp\n|switch|p1a: Slowking|Slowking, L69, M|274\/274 slp\n|\n|upkeep\n|turn|88\n|\n|t:|1625983406\n|switch|p1a: Wobbuffet|Wobbuffet, L83, M|485\/485\n|switch|p2a: Jynx|Jynx, L65, F|219\/219\n|\n|upkeep\n|turn|89\n|\n|t:|1625983409\n|switch|p2a: Slowbro|Slowbro, L69, M|274\/274 slp\n|switch|p1a: Slowking|Slowking, L69, M|274\/274 slp\n|\n|upkeep\n|turn|90\n|\n|t:|1625983411\n|switch|p1a: Wobbuffet|Wobbuffet, L83, M|485\/485\n|switch|p2a: Jynx|Jynx, L65, F|219\/219\n|\n|upkeep\n|turn|91\n|\n|t:|1625983413\n|switch|p2a: Slowbro|Slowbro, L69, M|274\/274 slp\n|switch|p1a: Slowking|Slowking, L69, M|274\/274 slp\n|\n|upkeep\n|turn|92\n|\n|t:|1625983415\n|switch|p2a: Jynx|Jynx, L65, F|219\/219\n|switch|p1a: Wobbuffet|Wobbuffet, L83, M|485\/485\n|\n|upkeep\n|turn|93\n|\n|t:|1625983417\n|switch|p2a: Slowbro|Slowbro, L69, M|274\/274 slp\n|switch|p1a: Slowking|Slowking, L69, M|274\/274 slp\n|\n|upkeep\n|turn|94\n|\n|t:|1625983420\n|switch|p1a: Wobbuffet|Wobbuffet, L83, M|485\/485\n|switch|p2a: Jynx|Jynx, L65, F|219\/219\n|\n|upkeep\n|turn|95\n|\n|t:|1625983424\n|switch|p2a: Slowbro|Slowbro, L69, M|274\/274 slp\n|switch|p1a: Slowking|Slowking, L69, M|274\/274 slp\n|\n|upkeep\n|turn|96\n|\n|t:|1625983431\n|switch|p1a: Poliwrath|Poliwrath, L71, M|268\/274 frz\n|switch|p2a: Jynx|Jynx, L65, F|219\/219\n|\n|-heal|p1a: Poliwrath|274\/274 frz|[from] item: Leftovers\n|upkeep\n|turn|97\n|\n|t:|1625983434\n|switch|p2a: Slowbro|Slowbro, L69, M|274\/274 slp\n|cant|p1a: Poliwrath|frz\n|\n|-curestatus|p1a: Poliwrath|frz|[msg]\n|upkeep\n|turn|98\n|\n|t:|1625983441\n|switch|p1a: Slowking|Slowking, L69, M|274\/274 slp\n|switch|p2a: Jynx|Jynx, L65, F|219\/219\n|\n|upkeep\n|turn|99\n|\n|t:|1625983444\n|switch|p2a: Slowbro|Slowbro, L69, M|274\/274 slp\n|switch|p1a: Wobbuffet|Wobbuffet, L83, M|485\/485\n|\n|upkeep\n|turn|100\n|\n|t:|1625983446\n|switch|p1a: Poliwrath|Poliwrath, L71, M|274\/274\n|switch|p2a: Jynx|Jynx, L65, F|219\/219\n|\n|upkeep\n|turn|101\n|\n|t:|1625983451\n|move|p2a: Jynx|Substitute|p2a: Jynx\n|-start|p2a: Jynx|Substitute\n|-damage|p2a: Jynx|165\/219\n|move|p1a: Poliwrath|Belly Drum|p1a: Poliwrath\n|-damage|p1a: Poliwrath|137\/274\n|-setboost|p1a: Poliwrath|atk|6|[from] move: Belly Drum\n|\n|-heal|p2a: Jynx|178\/219|[from] item: Leftovers\n|-heal|p1a: Poliwrath|154\/274|[from] item: Leftovers\n|upkeep\n|turn|102\n|\n|t:|1625983457\n|move|p2a: Jynx|Ice Beam|p1a: Poliwrath\n|-resisted|p1a: Poliwrath\n|-damage|p1a: Poliwrath|113\/274\n|-status|p1a: Poliwrath|frz\n|cant|p1a: Poliwrath|frz\n|\n|-heal|p2a: Jynx|191\/219|[from] item: Leftovers\n|-heal|p1a: Poliwrath|130\/274 frz|[from] item: Leftovers\n|upkeep\n|turn|103\n|\n|t:|1625983471\n|switch|p2a: Slowbro|Slowbro, L69, M|274\/274 slp\n|cant|p1a: Poliwrath|frz\n|\n|-heal|p1a: Poliwrath|147\/274 frz|[from] item: Leftovers\n|upkeep\n|turn|104\n|\n|t:|1625983475\n|switch|p1a: Slowking|Slowking, L69, M|274\/274 slp\n|-curestatus|p2a: Slowbro|slp|[msg]\n|move|p2a: Slowbro|Psychic|p1a: Slowking\n|-crit|p1a: Slowking\n|-resisted|p1a: Slowking\n|-damage|p1a: Slowking|200\/274 slp\n|\n|-heal|p1a: Slowking|217\/274 slp|[from] item: Leftovers\n|upkeep\n|turn|105\n|\n|t:|1625983481\n|switch|p2a: Jynx|Jynx, L65, F|191\/219\n|cant|p1a: Slowking|slp\n|\n|-heal|p2a: Jynx|204\/219|[from] item: Leftovers\n|-heal|p1a: Slowking|234\/274 slp|[from] item: Leftovers\n|upkeep\n|turn|106\n|\n|t:|1625983485\n|switch|p2a: Slowbro|Slowbro, L69, M|274\/274\n|switch|p1a: Wobbuffet|Wobbuffet, L83, M|485\/485\n|\n|upkeep\n|turn|107\n|\n|t:|1625983488\n|switch|p1a: Slowking|Slowking, L69, M|234\/274 slp\n|switch|p2a: Jynx|Jynx, L65, F|204\/219\n|\n|-heal|p2a: Jynx|217\/219|[from] item: Leftovers\n|-heal|p1a: Slowking|251\/274 slp|[from] item: Leftovers\n|upkeep\n|turn|108\n|\n|t:|1625983489\n|switch|p2a: Slowbro|Slowbro, L69, M|274\/274\n|switch|p1a: Wobbuffet|Wobbuffet, L83, M|485\/485\n|\n|upkeep\n|turn|109\n|\n|t:|1625983491\n|switch|p1a: Slowking|Slowking, L69, M|251\/274 slp\n|switch|p2a: Jynx|Jynx, L65, F|217\/219\n|\n|-heal|p2a: Jynx|219\/219|[from] item: Leftovers\n|-heal|p1a: Slowking|268\/274 slp|[from] item: Leftovers\n|upkeep\n|turn|110\n|\n|t:|1625983494\n|switch|p2a: Slowbro|Slowbro, L69, M|274\/274\n|switch|p1a: Poliwrath|Poliwrath, L71, M|147\/274 frz\n|\n|-heal|p1a: Poliwrath|164\/274 frz|[from] item: Leftovers\n|upkeep\n|turn|111\n|\n|t:|1625983502\n|switch|p1a: Slowking|Slowking, L69, M|268\/274 slp\n|switch|p2a: Jynx|Jynx, L65, F|219\/219\n|\n|-heal|p1a: Slowking|274\/274 slp|[from] item: Leftovers\n|upkeep\n|turn|112\n|\n|t:|1625983505\n|switch|p2a: Slowbro|Slowbro, L69, M|274\/274\n|switch|p1a: Poliwrath|Poliwrath, L71, M|164\/274 frz\n|\n|-heal|p1a: Poliwrath|181\/274 frz|[from] item: Leftovers\n|upkeep\n|turn|113\n|\n|t:|1625983514\n|switch|p1a: Slowking|Slowking, L69, M|274\/274 slp\n|switch|p2a: Jynx|Jynx, L65, F|219\/219\n|\n|upkeep\n|turn|114\n|\n|t:|1625983523\n|switch|p1a: Poliwrath|Poliwrath, L71, M|181\/274 frz\n|move|p2a: Jynx|Lovely Kiss||[still]\n|-fail|p2a: Jynx\n|\n|-heal|p1a: Poliwrath|198\/274 frz|[from] item: Leftovers\n|upkeep\n|turn|115\n|\n|t:|1625983532\n|move|p2a: Jynx|Ice Beam|p1a: Poliwrath\n|-resisted|p1a: Poliwrath\n|-damage|p1a: Poliwrath|160\/274 frz\n|cant|p1a: Poliwrath|frz\n|\n|-heal|p1a: Poliwrath|177\/274 frz|[from] item: Leftovers\n|upkeep\n|turn|116\n|\n|t:|1625983538\n|switch|p2a: Slowbro|Slowbro, L69, M|274\/274\n|cant|p1a: Poliwrath|frz\n|\n|-heal|p1a: Poliwrath|194\/274 frz|[from] item: Leftovers\n|upkeep\n|turn|117\n|\n|t:|1625983543\n|switch|p1a: Slowking|Slowking, L69, M|274\/274 slp\n|move|p2a: Slowbro|Surf|p1a: Slowking\n|-resisted|p1a: Slowking\n|-damage|p1a: Slowking|241\/274 slp\n|\n|-heal|p1a: Slowking|258\/274 slp|[from] item: Leftovers\n|upkeep\n|turn|118\n|\n|t:|1625983551\n|switch|p2a: Jynx|Jynx, L65, F|219\/219\n|cant|p1a: Slowking|slp\n|\n|-heal|p1a: Slowking|274\/274 slp|[from] item: Leftovers\n|upkeep\n|turn|119\n|\n|t:|1625983552\n|switch|p2a: Slowbro|Slowbro, L69, M|274\/274\n|switch|p1a: Poliwrath|Poliwrath, L71, M|194\/274 frz\n|\n|-heal|p1a: Poliwrath|211\/274 frz|[from] item: Leftovers\n|upkeep\n|turn|120\n|\n|t:|1625983557\n|switch|p1a: Slowking|Slowking, L69, M|274\/274 slp\n|move|p2a: Slowbro|Psychic|p1a: Slowking\n|-crit|p1a: Slowking\n|-resisted|p1a: Slowking\n|-damage|p1a: Slowking|201\/274 slp\n|-unboost|p1a: Slowking|spd|1\n|\n|-heal|p1a: Slowking|218\/274 slp|[from] item: Leftovers\n|upkeep\n|turn|121\n|\n|t:|1625983562\n|switch|p1a: Wobbuffet|Wobbuffet, L83, M|485\/485\n|move|p2a: Slowbro|Psychic|p1a: Wobbuffet\n|-resisted|p1a: Wobbuffet\n|-damage|p1a: Wobbuffet|443\/485\n|\n|-heal|p1a: Wobbuffet|473\/485|[from] item: Leftovers\n|upkeep\n|turn|122\n|\n|t:|1625983568\n|switch|p1a: Slowking|Slowking, L69, M|218\/274 slp\n|move|p2a: Slowbro|Psychic|p1a: Slowking\n|-resisted|p1a: Slowking\n|-damage|p1a: Slowking|184\/274 slp\n|\n|-heal|p1a: Slowking|201\/274 slp|[from] item: Leftovers\n|upkeep\n|turn|123\n|\n|t:|1625983573\n|switch|p2a: Jynx|Jynx, L65, F|219\/219\n|switch|p1a: Wobbuffet|Wobbuffet, L83, M|473\/485\n|\n|-heal|p1a: Wobbuffet|485\/485|[from] item: Leftovers\n|upkeep\n|turn|124\n|\n|t:|1625983575\n|switch|p2a: Slowbro|Slowbro, L69, M|274\/274\n|switch|p1a: Poliwrath|Poliwrath, L71, M|211\/274 frz\n|\n|-heal|p1a: Poliwrath|228\/274 frz|[from] item: Leftovers\n|upkeep\n|turn|125\n|\n|t:|1625983579\n|switch|p1a: Slowking|Slowking, L69, M|201\/274 slp\n|switch|p2a: Jynx|Jynx, L65, F|219\/219\n|\n|-heal|p1a: Slowking|218\/274 slp|[from] item: Leftovers\n|upkeep\n|turn|126\n|\n|t:|1625983581\n|switch|p2a: Slowbro|Slowbro, L69, M|274\/274\n|switch|p1a: Poliwrath|Poliwrath, L71, M|228\/274 frz\n|\n|-heal|p1a: Poliwrath|245\/274 frz|[from] item: Leftovers\n|upkeep\n|turn|127\n|\n|t:|1625983582\n|switch|p1a: Slowking|Slowking, L69, M|218\/274 slp\n|switch|p2a: Jynx|Jynx, L65, F|219\/219\n|\n|-heal|p1a: Slowking|235\/274 slp|[from] item: Leftovers\n|upkeep\n|turn|128\n|\n|t:|1625983585\n|switch|p2a: Slowbro|Slowbro, L69, M|274\/274\n|switch|p1a: Poliwrath|Poliwrath, L71, M|245\/274 frz\n|\n|-heal|p1a: Poliwrath|262\/274 frz|[from] item: Leftovers\n|upkeep\n|turn|129\n|\n|t:|1625983588\n|switch|p1a: Slowking|Slowking, L69, M|235\/274 slp\n|switch|p2a: Jynx|Jynx, L65, F|219\/219\n|\n|-heal|p1a: Slowking|252\/274 slp|[from] item: Leftovers\n|upkeep\n|turn|130\n|\n|t:|1625983592\n|switch|p2a: Slowbro|Slowbro, L69, M|274\/274\n|switch|p1a: Poliwrath|Poliwrath, L71, M|262\/274 frz\n|\n|-heal|p1a: Poliwrath|274\/274 frz|[from] item: Leftovers\n|-curestatus|p1a: Poliwrath|frz|[msg]\n|upkeep\n|turn|131\n|\n|t:|1625983594\n|switch|p1a: Slowking|Slowking, L69, M|252\/274 slp\n|move|p2a: Slowbro|Psychic|p1a: Slowking\n|-resisted|p1a: Slowking\n|-damage|p1a: Slowking|216\/274 slp\n|\n|-heal|p1a: Slowking|233\/274 slp|[from] item: Leftovers\n|upkeep\n|turn|132\n|\n|t:|1625983602\n|switch|p1a: Wobbuffet|Wobbuffet, L83, M|485\/485\n|switch|p2a: Jynx|Jynx, L65, F|219\/219\n|\n|upkeep\n|turn|133\n|\n|t:|1625983606\n|switch|p2a: Slowbro|Slowbro, L69, M|274\/274\n|move|p1a: Wobbuffet|Mimic|p2a: Slowbro\n|-fail|p2a: Slowbro\n|\n|upkeep\n|turn|134\n|\n|t:|1625983609\n|switch|p1a: Slowking|Slowking, L69, M|233\/274 slp\n|switch|p2a: Jynx|Jynx, L65, F|219\/219\n|\n|-heal|p1a: Slowking|250\/274 slp|[from] item: Leftovers\n|upkeep\n|turn|135\n|\n|t:|1625983616\n|switch|p1a: Poliwrath|Poliwrath, L71, M|274\/274\n|move|p2a: Jynx|Lovely Kiss|p1a: Poliwrath\n|-status|p1a: Poliwrath|slp|[from] move: Lovely Kiss\n|\n|upkeep\n|turn|136\n|\n|t:|1625983622\n|switch|p2a: Slowbro|Slowbro, L69, M|274\/274\n|cant|p1a: Poliwrath|slp\n|\n|upkeep\n|turn|137\n|\n|t:|1625983625\n|switch|p1a: Slowking|Slowking, L69, M|250\/274 slp\n|switch|p2a: Jynx|Jynx, L65, F|219\/219\n|\n|-heal|p1a: Slowking|267\/274 slp|[from] item: Leftovers\n|upkeep\n|turn|138\n|\n|t:|1625983627\n|switch|p2a: Slowbro|Slowbro, L69, M|274\/274\n|switch|p1a: Poliwrath|Poliwrath, L71, M|274\/274 slp\n|\n|upkeep\n|turn|139\n|\n|t:|1625983630\n|switch|p1a: Wobbuffet|Wobbuffet, L83, M|485\/485\n|switch|p2a: Jynx|Jynx, L65, F|219\/219\n|\n|upkeep\n|turn|140\n|\n|t:|1625983633\n|switch|p2a: Slowbro|Slowbro, L69, M|274\/274\n|switch|p1a: Poliwrath|Poliwrath, L71, M|274\/274 slp\n|\n|upkeep\n|turn|141\n|\n|t:|1625983635\n|switch|p1a: Wobbuffet|Wobbuffet, L83, M|485\/485\n|move|p2a: Slowbro|Psychic|p1a: Wobbuffet\n|-resisted|p1a: Wobbuffet\n|-damage|p1a: Wobbuffet|440\/485\n|\n|-heal|p1a: Wobbuffet|470\/485|[from] item: Leftovers\n|upkeep\n|turn|142\n|\n|t:|1625983638\n|switch|p1a: Slowking|Slowking, L69, M|267\/274 slp\n|switch|p2a: Jynx|Jynx, L65, F|219\/219\n|\n|-heal|p1a: Slowking|274\/274 slp|[from] item: Leftovers\n|upkeep\n|turn|143\n|\n|t:|1625983644\n|switch|p2a: Slowbro|Slowbro, L69, M|274\/274\n|switch|p1a: Wobbuffet|Wobbuffet, L83, M|470\/485\n|\n|-heal|p1a: Wobbuffet|485\/485|[from] item: Leftovers\n|upkeep\n|turn|144\n|\n|t:|1625983647\n|switch|p1a: Slowking|Slowking, L69, M|274\/274 slp\n|switch|p2a: Jynx|Jynx, L65, F|219\/219\n|\n|upkeep\n|turn|145\n|\n|t:|1625983649\n|switch|p2a: Slowbro|Slowbro, L69, M|274\/274\n|switch|p1a: Poliwrath|Poliwrath, L71, M|274\/274 slp\n|\n|upkeep\n|turn|146\n|\n|t:|1625983651\n|switch|p1a: Wobbuffet|Wobbuffet, L83, M|485\/485\n|switch|p2a: Jynx|Jynx, L65, F|219\/219\n|\n|upkeep\n|turn|147\n|\n|t:|1625983652\n|switch|p2a: Slowbro|Slowbro, L69, M|274\/274\n|switch|p1a: Slowking|Slowking, L69, M|274\/274 slp\n|\n|upkeep\n|turn|148\n|\n|t:|1625983655\n|switch|p2a: Jynx|Jynx, L65, F|219\/219\n|switch|p1a: Wobbuffet|Wobbuffet, L83, M|485\/485\n|\n|upkeep\n|turn|149\n|\n|t:|1625983657\n|switch|p2a: Slowbro|Slowbro, L69, M|274\/274\n|switch|p1a: Poliwrath|Poliwrath, L71, M|274\/274 slp\n|\n|upkeep\n|turn|150\n|\n|t:|1625983659\n|switch|p1a: Slowking|Slowking, L69, M|274\/274 slp\n|switch|p2a: Jynx|Jynx, L65, F|219\/219\n|\n|upkeep\n|turn|151\n|\n|t:|1625983661\n|switch|p2a: Slowbro|Slowbro, L69, M|274\/274\n|switch|p1a: Wobbuffet|Wobbuffet, L83, M|485\/485\n|\n|upkeep\n|turn|152\n|\n|t:|1625983663\n|switch|p1a: Slowking|Slowking, L69, M|274\/274 slp\n|switch|p2a: Jynx|Jynx, L65, F|219\/219\n|\n|upkeep\n|turn|153\n|\n|t:|1625983665\n|switch|p2a: Slowbro|Slowbro, L69, M|274\/274\n|switch|p1a: Poliwrath|Poliwrath, L71, M|274\/274 slp\n|\n|upkeep\n|turn|154\n|\n|t:|1625983666\n|switch|p1a: Wobbuffet|Wobbuffet, L83, M|485\/485\n|switch|p2a: Jynx|Jynx, L65, F|219\/219\n|\n|upkeep\n|turn|155\n|\n|t:|1625983668\n|switch|p2a: Slowbro|Slowbro, L69, M|274\/274\n|switch|p1a: Slowking|Slowking, L69, M|274\/274 slp\n|\n|upkeep\n|turn|156\n|\n|t:|1625983670\n|switch|p1a: Wobbuffet|Wobbuffet, L83, M|485\/485\n|switch|p2a: Jynx|Jynx, L65, F|219\/219\n|\n|upkeep\n|turn|157\n|\n|t:|1625983671\n|switch|p2a: Slowbro|Slowbro, L69, M|274\/274\n|switch|p1a: Slowking|Slowking, L69, M|274\/274 slp\n|\n|upkeep\n|turn|158\n|\n|t:|1625983673\n|switch|p1a: Wobbuffet|Wobbuffet, L83, M|485\/485\n|switch|p2a: Jynx|Jynx, L65, F|219\/219\n|\n|upkeep\n|turn|159\n|\n|t:|1625983675\n|switch|p2a: Slowbro|Slowbro, L69, M|274\/274\n|switch|p1a: Poliwrath|Poliwrath, L71, M|274\/274 slp\n|\n|upkeep\n|turn|160\n|\n|t:|1625983677\n|switch|p1a: Slowking|Slowking, L69, M|274\/274 slp\n|switch|p2a: Jynx|Jynx, L65, F|219\/219\n|\n|upkeep\n|turn|161\n|\n|t:|1625983681\n|switch|p2a: Slowbro|Slowbro, L69, M|274\/274\n|switch|p1a: Poliwrath|Poliwrath, L71, M|274\/274 slp\n|\n|upkeep\n|turn|162\n|\n|t:|1625983684\n|switch|p1a: Slowking|Slowking, L69, M|274\/274 slp\n|switch|p2a: Jynx|Jynx, L65, F|219\/219\n|\n|upkeep\n|turn|163\n|\n|t:|1625983688\n|switch|p1a: Poliwrath|Poliwrath, L71, M|274\/274 slp\n|move|p2a: Jynx|Nightmare|p1a: Poliwrath\n|-start|p1a: Poliwrath|Nightmare\n|\n|upkeep\n|turn|164\n|\n|t:|1625983697\n|switch|p1a: Wobbuffet|Wobbuffet, L83, M|485\/485\n|move|p2a: Jynx|Substitute|p2a: Jynx\n|-start|p2a: Jynx|Substitute\n|-damage|p2a: Jynx|165\/219\n|\n|-heal|p2a: Jynx|178\/219|[from] item: Leftovers\n|upkeep\n|turn|165\n|\n|t:|1625983706\n|switch|p1a: Poliwrath|Poliwrath, L71, M|274\/274 slp\n|move|p2a: Jynx|Nightmare|p1a: Poliwrath\n|-start|p1a: Poliwrath|Nightmare\n|\n|-heal|p2a: Jynx|191\/219|[from] item: Leftovers\n|upkeep\n|turn|166\n|\n|t:|1625983733\n|switch|p2a: Slowbro|Slowbro, L69, M|274\/274\n|cant|p1a: Poliwrath|slp\n|-damage|p1a: Poliwrath|206\/274 slp|[from] Nightmare|[of] p2a: Slowbro\n|\n|-heal|p1a: Poliwrath|223\/274 slp|[from] item: Leftovers\n|upkeep\n|turn|167\n|\n|t:|1625983738\n|switch|p1a: Slowking|Slowking, L69, M|274\/274 slp\n|switch|p2a: Jynx|Jynx, L65, F|191\/219\n|\n|-heal|p2a: Jynx|204\/219|[from] item: Leftovers\n|upkeep\n|turn|168\n|\n|t:|1625983742\n|switch|p2a: Slowbro|Slowbro, L69, M|274\/274\n|switch|p1a: Poliwrath|Poliwrath, L71, M|223\/274 slp\n|\n|-heal|p1a: Poliwrath|240\/274 slp|[from] item: Leftovers\n|upkeep\n|turn|169\n|\n|t:|1625983745\n|switch|p1a: Slowking|Slowking, L69, M|274\/274 slp\n|switch|p2a: Jynx|Jynx, L65, F|204\/219\n|\n|-heal|p2a: Jynx|217\/219|[from] item: Leftovers\n|upkeep\n|turn|170\n|\n|t:|1625983748\n|switch|p2a: Slowbro|Slowbro, L69, M|274\/274\n|switch|p1a: Poliwrath|Poliwrath, L71, M|240\/274 slp\n|\n|-heal|p1a: Poliwrath|257\/274 slp|[from] item: Leftovers\n|upkeep\n|turn|171\n|\n|t:|1625983749\n|switch|p1a: Slowking|Slowking, L69, M|274\/274 slp\n|switch|p2a: Jynx|Jynx, L65, F|217\/219\n|\n|-heal|p2a: Jynx|219\/219|[from] item: Leftovers\n|upkeep\n|turn|172\n|\n|t:|1625983751\n|switch|p2a: Slowbro|Slowbro, L69, M|274\/274\n|switch|p1a: Poliwrath|Poliwrath, L71, M|257\/274 slp\n|\n|-heal|p1a: Poliwrath|274\/274 slp|[from] item: Leftovers\n|upkeep\n|turn|173\n|\n|t:|1625983753\n|switch|p1a: Slowking|Slowking, L69, M|274\/274 slp\n|switch|p2a: Jynx|Jynx, L65, F|219\/219\n|\n|upkeep\n|turn|174\n|\n|t:|1625983755\n|switch|p2a: Slowbro|Slowbro, L69, M|274\/274\n|switch|p1a: Wobbuffet|Wobbuffet, L83, M|485\/485\n|\n|upkeep\n|turn|175\n|\n|t:|1625983759\n|switch|p1a: Slowking|Slowking, L69, M|274\/274 slp\n|switch|p2a: Jynx|Jynx, L65, F|219\/219\n|\n|upkeep\n|turn|176\n|\n|t:|1625983761\n|switch|p2a: Slowbro|Slowbro, L69, M|274\/274\n|switch|p1a: Wobbuffet|Wobbuffet, L83, M|485\/485\n|\n|upkeep\n|turn|177\n|\n|t:|1625983763\n|switch|p1a: Slowking|Slowking, L69, M|274\/274 slp\n|switch|p2a: Jynx|Jynx, L65, F|219\/219\n|\n|upkeep\n|turn|178\n|\n|t:|1625983765\n|switch|p2a: Slowbro|Slowbro, L69, M|274\/274\n|switch|p1a: Wobbuffet|Wobbuffet, L83, M|485\/485\n|\n|upkeep\n|turn|179\n|\n|t:|1625983768\n|switch|p1a: Slowking|Slowking, L69, M|274\/274 slp\n|switch|p2a: Jynx|Jynx, L65, F|219\/219\n|\n|upkeep\n|turn|180\n|\n|t:|1625983770\n|switch|p2a: Slowbro|Slowbro, L69, M|274\/274\n|switch|p1a: Poliwrath|Poliwrath, L71, M|274\/274 slp\n|\n|upkeep\n|turn|181\n|\n|t:|1625983772\n|switch|p1a: Slowking|Slowking, L69, M|274\/274 slp\n|move|p2a: Slowbro|Psychic|p1a: Slowking\n|-resisted|p1a: Slowking\n|-damage|p1a: Slowking|239\/274 slp\n|\n|-heal|p1a: Slowking|256\/274 slp|[from] item: Leftovers\n|upkeep\n|turn|182\n|\n|t:|1625983776\n|switch|p2a: Jynx|Jynx, L65, F|219\/219\n|switch|p1a: Wobbuffet|Wobbuffet, L83, M|485\/485\n|\n|upkeep\n|turn|183\n|\n|t:|1625983779\n|switch|p2a: Slowbro|Slowbro, L69, M|274\/274\n|switch|p1a: Poliwrath|Poliwrath, L71, M|274\/274 slp\n|\n|upkeep\n|turn|184\n|\n|t:|1625983782\n|switch|p1a: Slowking|Slowking, L69, M|256\/274 slp\n|switch|p2a: Jynx|Jynx, L65, F|219\/219\n|\n|-heal|p1a: Slowking|273\/274 slp|[from] item: Leftovers\n|upkeep\n|turn|185\n|\n|t:|1625983784\n|switch|p2a: Slowbro|Slowbro, L69, M|274\/274\n|switch|p1a: Poliwrath|Poliwrath, L71, M|274\/274 slp\n|\n|upkeep\n|turn|186\n|\n|t:|1625983786\n|switch|p1a: Slowking|Slowking, L69, M|273\/274 slp\n|switch|p2a: Jynx|Jynx, L65, F|219\/219\n|\n|-heal|p1a: Slowking|274\/274 slp|[from] item: Leftovers\n|upkeep\n|turn|187\n|\n|t:|1625983788\n|switch|p2a: Slowbro|Slowbro, L69, M|274\/274\n|switch|p1a: Poliwrath|Poliwrath, L71, M|274\/274 slp\n|\n|upkeep\n|turn|188\n|\n|t:|1625983790\n|switch|p1a: Slowking|Slowking, L69, M|274\/274 slp\n|switch|p2a: Jynx|Jynx, L65, F|219\/219\n|\n|upkeep\n|turn|189\n|\n|t:|1625983792\n|switch|p2a: Slowbro|Slowbro, L69, M|274\/274\n|switch|p1a: Poliwrath|Poliwrath, L71, M|274\/274 slp\n|\n|upkeep\n|turn|190\n|\n|t:|1625983793\n|switch|p1a: Slowking|Slowking, L69, M|274\/274 slp\n|switch|p2a: Jynx|Jynx, L65, F|219\/219\n|\n|upkeep\n|turn|191\n|\n|t:|1625983795\n|switch|p2a: Slowbro|Slowbro, L69, M|274\/274\n|switch|p1a: Poliwrath|Poliwrath, L71, M|274\/274 slp\n|\n|upkeep\n|turn|192\n|\n|t:|1625983797\n|switch|p1a: Slowking|Slowking, L69, M|274\/274 slp\n|switch|p2a: Jynx|Jynx, L65, F|219\/219\n|\n|upkeep\n|turn|193\n|\n|t:|1625983799\n|switch|p2a: Slowbro|Slowbro, L69, M|274\/274\n|switch|p1a: Poliwrath|Poliwrath, L71, M|274\/274 slp\n|\n|upkeep\n|turn|194\n|\n|t:|1625983802\n|switch|p1a: Slowking|Slowking, L69, M|274\/274 slp\n|switch|p2a: Jynx|Jynx, L65, F|219\/219\n|\n|upkeep\n|turn|195\n|\n|t:|1625983804\n|switch|p2a: Slowbro|Slowbro, L69, M|274\/274\n|switch|p1a: Poliwrath|Poliwrath, L71, M|274\/274 slp\n|\n|upkeep\n|turn|196\n|\n|t:|1625983806\n|switch|p1a: Slowking|Slowking, L69, M|274\/274 slp\n|switch|p2a: Jynx|Jynx, L65, F|219\/219\n|\n|upkeep\n|turn|197\n|\n|t:|1625983807\n|switch|p2a: Slowbro|Slowbro, L69, M|274\/274\n|switch|p1a: Poliwrath|Poliwrath, L71, M|274\/274 slp\n|\n|upkeep\n|turn|198\n|\n|t:|1625983808\n|switch|p1a: Slowking|Slowking, L69, M|274\/274 slp\n|switch|p2a: Jynx|Jynx, L65, F|219\/219\n|\n|upkeep\n|turn|199\n|\n|t:|1625983810\n|switch|p2a: Slowbro|Slowbro, L69, M|274\/274\n|switch|p1a: Poliwrath|Poliwrath, L71, M|274\/274 slp\n|\n|upkeep\n|turn|200\n|\n|t:|1625983811\n|switch|p1a: Slowking|Slowking, L69, M|274\/274 slp\n|switch|p2a: Jynx|Jynx, L65, F|219\/219\n|\n|upkeep\n|turn|201\n|\n|t:|1625983812\n|switch|p2a: Slowbro|Slowbro, L69, M|274\/274\n|switch|p1a: Poliwrath|Poliwrath, L71, M|274\/274 slp\n|\n|upkeep\n|turn|202\n|\n|t:|1625983814\n|switch|p1a: Slowking|Slowking, L69, M|274\/274 slp\n|switch|p2a: Jynx|Jynx, L65, F|219\/219\n|\n|upkeep\n|turn|203\n|\n|t:|1625983816\n|switch|p2a: Slowbro|Slowbro, L69, M|274\/274\n|switch|p1a: Poliwrath|Poliwrath, L71, M|274\/274 slp\n|\n|upkeep\n|turn|204\n|\n|t:|1625983817\n|switch|p1a: Slowking|Slowking, L69, M|274\/274 slp\n|switch|p2a: Jynx|Jynx, L65, F|219\/219\n|\n|upkeep\n|turn|205\n|\n|t:|1625983819\n|switch|p2a: Slowbro|Slowbro, L69, M|274\/274\n|switch|p1a: Poliwrath|Poliwrath, L71, M|274\/274 slp\n|\n|upkeep\n|turn|206\n|\n|t:|1625983821\n|switch|p1a: Slowking|Slowking, L69, M|274\/274 slp\n|switch|p2a: Jynx|Jynx, L65, F|219\/219\n|\n|upkeep\n|turn|207\n|\n|t:|1625983822\n|switch|p2a: Slowbro|Slowbro, L69, M|274\/274\n|switch|p1a: Poliwrath|Poliwrath, L71, M|274\/274 slp\n|\n|upkeep\n|turn|208\n|\n|t:|1625983824\n|switch|p1a: Slowking|Slowking, L69, M|274\/274 slp\n|switch|p2a: Jynx|Jynx, L65, F|219\/219\n|\n|upkeep\n|turn|209\n|\n|t:|1625983826\n|switch|p2a: Slowbro|Slowbro, L69, M|274\/274\n|switch|p1a: Poliwrath|Poliwrath, L71, M|274\/274 slp\n|\n|upkeep\n|turn|210\n|\n|t:|1625983831\n|switch|p1a: Slowking|Slowking, L69, M|274\/274 slp\n|switch|p2a: Jynx|Jynx, L65, F|219\/219\n|\n|upkeep\n|turn|211\n|\n|t:|1625983835\n|switch|p2a: Slowbro|Slowbro, L69, M|274\/274\n|switch|p1a: Poliwrath|Poliwrath, L71, M|274\/274 slp\n|\n|upkeep\n|turn|212\n|\n|t:|1625983836\n|switch|p1a: Slowking|Slowking, L69, M|274\/274 slp\n|switch|p2a: Jynx|Jynx, L65, F|219\/219\n|\n|upkeep\n|turn|213\n|\n|t:|1625983839\n|switch|p2a: Slowbro|Slowbro, L69, M|274\/274\n|switch|p1a: Poliwrath|Poliwrath, L71, M|274\/274 slp\n|\n|upkeep\n|turn|214\n|\n|t:|1625983840\n|switch|p1a: Slowking|Slowking, L69, M|274\/274 slp\n|switch|p2a: Jynx|Jynx, L65, F|219\/219\n|\n|upkeep\n|turn|215\n|\n|t:|1625983842\n|switch|p2a: Slowbro|Slowbro, L69, M|274\/274\n|switch|p1a: Poliwrath|Poliwrath, L71, M|274\/274 slp\n|\n|upkeep\n|turn|216\n|\n|t:|1625983847\n|switch|p1a: Slowking|Slowking, L69, M|274\/274 slp\n|switch|p2a: Jynx|Jynx, L65, F|219\/219\n|\n|upkeep\n|turn|217\n|\n|t:|1625983849\n|switch|p2a: Slowbro|Slowbro, L69, M|274\/274\n|switch|p1a: Poliwrath|Poliwrath, L71, M|274\/274 slp\n|\n|upkeep\n|turn|218\n|\n|t:|1625983851\n|switch|p1a: Slowking|Slowking, L69, M|274\/274 slp\n|switch|p2a: Jynx|Jynx, L65, F|219\/219\n|\n|upkeep\n|turn|219\n|\n|t:|1625983852\n|switch|p2a: Slowbro|Slowbro, L69, M|274\/274\n|switch|p1a: Poliwrath|Poliwrath, L71, M|274\/274 slp\n|\n|upkeep\n|turn|220\n|\n|t:|1625983855\n|switch|p1a: Slowking|Slowking, L69, M|274\/274 slp\n|switch|p2a: Jynx|Jynx, L65, F|219\/219\n|\n|upkeep\n|turn|221\n|\n|t:|1625983857\n|switch|p2a: Slowbro|Slowbro, L69, M|274\/274\n|switch|p1a: Poliwrath|Poliwrath, L71, M|274\/274 slp\n|\n|upkeep\n|turn|222\n|\n|t:|1625983861\n|switch|p1a: Slowking|Slowking, L69, M|274\/274 slp\n|switch|p2a: Jynx|Jynx, L65, F|219\/219\n|\n|upkeep\n|turn|223\n|\n|t:|1625983863\n|switch|p2a: Slowbro|Slowbro, L69, M|274\/274\n|switch|p1a: Poliwrath|Poliwrath, L71, M|274\/274 slp\n|\n|upkeep\n|turn|224\n|\n|t:|1625983865\n|switch|p1a: Slowking|Slowking, L69, M|274\/274 slp\n|switch|p2a: Jynx|Jynx, L65, F|219\/219\n|\n|upkeep\n|turn|225\n|\n|t:|1625983866\n|switch|p2a: Slowbro|Slowbro, L69, M|274\/274\n|switch|p1a: Poliwrath|Poliwrath, L71, M|274\/274 slp\n|\n|upkeep\n|turn|226\n|\n|t:|1625983868\n|switch|p1a: Slowking|Slowking, L69, M|274\/274 slp\n|switch|p2a: Jynx|Jynx, L65, F|219\/219\n|\n|upkeep\n|turn|227\n|\n|t:|1625983869\n|switch|p2a: Slowbro|Slowbro, L69, M|274\/274\n|switch|p1a: Poliwrath|Poliwrath, L71, M|274\/274 slp\n|\n|upkeep\n|turn|228\n|\n|t:|1625983870\n|switch|p2a: Jynx|Jynx, L65, F|219\/219\n|cant|p1a: Poliwrath|slp\n|\n|upkeep\n|turn|229\n|\n|t:|1625983872\n|switch|p2a: Slowbro|Slowbro, L69, M|274\/274\n|switch|p1a: Slowking|Slowking, L69, M|274\/274 slp\n|\n|upkeep\n|turn|230\n|\n|t:|1625983877\n|switch|p2a: Jynx|Jynx, L65, F|219\/219\n|switch|p1a: Wobbuffet|Wobbuffet, L83, M|485\/485\n|\n|upkeep\n|turn|231\n|\n|t:|1625983880\n|switch|p2a: Slowbro|Slowbro, L69, M|274\/274\n|switch|p1a: Poliwrath|Poliwrath, L71, M|274\/274 slp\n|\n|upkeep\n|turn|232\n|\n|t:|1625983883\n|switch|p1a: Slowking|Slowking, L69, M|274\/274 slp\n|switch|p2a: Jynx|Jynx, L65, F|219\/219\n|\n|upkeep\n|turn|233\n|\n|t:|1625983886\n|switch|p2a: Slowbro|Slowbro, L69, M|274\/274\n|switch|p1a: Wobbuffet|Wobbuffet, L83, M|485\/485\n|\n|upkeep\n|turn|234\n|\n|t:|1625983888\n|switch|p1a: Slowking|Slowking, L69, M|274\/274 slp\n|switch|p2a: Jynx|Jynx, L65, F|219\/219\n|\n|upkeep\n|turn|235\n|\n|t:|1625983891\n|switch|p2a: Slowbro|Slowbro, L69, M|274\/274\n|switch|p1a: Poliwrath|Poliwrath, L71, M|274\/274 slp\n|\n|upkeep\n|turn|236\n|\n|t:|1625983895\n|switch|p1a: Wobbuffet|Wobbuffet, L83, M|485\/485\n|switch|p2a: Jynx|Jynx, L65, F|219\/219\n|\n|upkeep\n|turn|237\n|\n|t:|1625983897\n|switch|p2a: Slowbro|Slowbro, L69, M|274\/274\n|switch|p1a: Poliwrath|Poliwrath, L71, M|274\/274 slp\n|\n|upkeep\n|turn|238\n|\n|t:|1625983899\n|switch|p1a: Wobbuffet|Wobbuffet, L83, M|485\/485\n|switch|p2a: Jynx|Jynx, L65, F|219\/219\n|\n|upkeep\n|turn|239\n|\n|t:|1625983902\n|switch|p2a: Slowbro|Slowbro, L69, M|274\/274\n|switch|p1a: Poliwrath|Poliwrath, L71, M|274\/274 slp\n|\n|upkeep\n|turn|240\n|\n|t:|1625983904\n|switch|p2a: Jynx|Jynx, L65, F|219\/219\n|-curestatus|p1a: Poliwrath|slp|[msg]\n|move|p1a: Poliwrath|Body Slam|p2a: Jynx\n|-damage|p2a: Jynx|130\/219\n|\n|-heal|p2a: Jynx|143\/219|[from] item: Leftovers\n|upkeep\n|turn|241\n|\n|t:|1625983907\n|move|p2a: Jynx|Lovely Kiss|p1a: Poliwrath\n|-status|p1a: Poliwrath|slp|[from] move: Lovely Kiss\n|cant|p1a: Poliwrath|slp\n|\n|-heal|p2a: Jynx|156\/219|[from] item: Leftovers\n|upkeep\n|turn|242\n|\n|t:|1625983917\n|move|p2a: Jynx|Nightmare|p1a: Poliwrath\n|-start|p1a: Poliwrath|Nightmare\n|cant|p1a: Poliwrath|slp\n|-damage|p1a: Poliwrath|206\/274 slp|[from] Nightmare|[of] p2a: Jynx\n|\n|-heal|p2a: Jynx|169\/219|[from] item: Leftovers\n|-heal|p1a: Poliwrath|223\/274 slp|[from] item: Leftovers\n|upkeep\n|turn|243\n|\n|t:|1625983921\n|switch|p2a: Slowbro|Slowbro, L69, M|274\/274\n|cant|p1a: Poliwrath|slp\n|-damage|p1a: Poliwrath|155\/274 slp|[from] Nightmare|[of] p2a: Slowbro\n|\n|-heal|p1a: Poliwrath|172\/274 slp|[from] item: Leftovers\n|upkeep\n|turn|244\n|\n|t:|1625983924\n|switch|p1a: Slowking|Slowking, L69, M|274\/274 slp\n|switch|p2a: Jynx|Jynx, L65, F|169\/219\n|\n|-heal|p2a: Jynx|182\/219|[from] item: Leftovers\n|upkeep\n|turn|245\n|\n|t:|1625983928\n|switch|p2a: Slowbro|Slowbro, L69, M|274\/274\n|switch|p1a: Poliwrath|Poliwrath, L71, M|172\/274 slp\n|\n|-heal|p1a: Poliwrath|189\/274 slp|[from] item: Leftovers\n|upkeep\n|turn|246\n|\n|t:|1625983930\n|switch|p1a: Slowking|Slowking, L69, M|274\/274 slp\n|switch|p2a: Jynx|Jynx, L65, F|182\/219\n|\n|-heal|p2a: Jynx|195\/219|[from] item: Leftovers\n|upkeep\n|turn|247\n|\n|t:|1625983932\n|switch|p2a: Slowbro|Slowbro, L69, M|274\/274\n|switch|p1a: Poliwrath|Poliwrath, L71, M|189\/274 slp\n|\n|-heal|p1a: Poliwrath|206\/274 slp|[from] item: Leftovers\n|upkeep\n|turn|248\n|\n|t:|1625983933\n|switch|p1a: Slowking|Slowking, L69, M|274\/274 slp\n|switch|p2a: Jynx|Jynx, L65, F|195\/219\n|\n|-heal|p2a: Jynx|208\/219|[from] item: Leftovers\n|upkeep\n|turn|249\n|\n|t:|1625983936\n|switch|p2a: Slowbro|Slowbro, L69, M|274\/274\n|switch|p1a: Poliwrath|Poliwrath, L71, M|206\/274 slp\n|\n|-heal|p1a: Poliwrath|223\/274 slp|[from] item: Leftovers\n|upkeep\n|turn|250\n|\n|t:|1625983937\n|switch|p1a: Slowking|Slowking, L69, M|274\/274 slp\n|switch|p2a: Jynx|Jynx, L65, F|208\/219\n|\n|-heal|p2a: Jynx|219\/219|[from] item: Leftovers\n|upkeep\n|turn|251\n|\n|t:|1625983940\n|switch|p2a: Slowbro|Slowbro, L69, M|274\/274\n|switch|p1a: Poliwrath|Poliwrath, L71, M|223\/274 slp\n|\n|-heal|p1a: Poliwrath|240\/274 slp|[from] item: Leftovers\n|upkeep\n|turn|252\n|\n|t:|1625983943\n|switch|p1a: Slowking|Slowking, L69, M|274\/274 slp\n|switch|p2a: Jynx|Jynx, L65, F|219\/219\n|\n|upkeep\n|turn|253\n|\n|t:|1625983945\n|switch|p2a: Slowbro|Slowbro, L69, M|274\/274\n|switch|p1a: Poliwrath|Poliwrath, L71, M|240\/274 slp\n|\n|-heal|p1a: Poliwrath|257\/274 slp|[from] item: Leftovers\n|upkeep\n|turn|254\n|\n|t:|1625983948\n|switch|p1a: Slowking|Slowking, L69, M|274\/274 slp\n|switch|p2a: Jynx|Jynx, L65, F|219\/219\n|\n|upkeep\n|turn|255\n|\n|t:|1625983949\n|switch|p2a: Slowbro|Slowbro, L69, M|274\/274\n|switch|p1a: Poliwrath|Poliwrath, L71, M|257\/274 slp\n|\n|-heal|p1a: Poliwrath|274\/274 slp|[from] item: Leftovers\n|upkeep\n|turn|256\n|\n|t:|1625983951\n|switch|p1a: Slowking|Slowking, L69, M|274\/274 slp\n|switch|p2a: Jynx|Jynx, L65, F|219\/219\n|\n|upkeep\n|turn|257\n|\n|t:|1625983953\n|switch|p2a: Slowbro|Slowbro, L69, M|274\/274\n|switch|p1a: Poliwrath|Poliwrath, L71, M|274\/274 slp\n|\n|upkeep\n|turn|258\n|\n|t:|1625983954\n|switch|p1a: Slowking|Slowking, L69, M|274\/274 slp\n|switch|p2a: Jynx|Jynx, L65, F|219\/219\n|\n|upkeep\n|turn|259\n|\n|t:|1625983958\n|switch|p2a: Slowbro|Slowbro, L69, M|274\/274\n|-curestatus|p1a: Slowking|slp|[msg]\n|move|p1a: Slowking|Psychic|p2a: Slowbro\n|-resisted|p2a: Slowbro\n|-damage|p2a: Slowbro|229\/274\n|\n|-heal|p2a: Slowbro|246\/274|[from] item: Leftovers\n|upkeep\n|turn|260\n|\n|t:|1625983964\n|switch|p1a: Wobbuffet|Wobbuffet, L83, M|485\/485\n|switch|p2a: Jynx|Jynx, L65, F|219\/219\n|\n|upkeep\n|turn|261\n|\n|t:|1625983968\n|switch|p2a: Slowbro|Slowbro, L69, M|246\/274\n|switch|p1a: Poliwrath|Poliwrath, L71, M|274\/274 slp\n|\n|-heal|p2a: Slowbro|263\/274|[from] item: Leftovers\n|upkeep\n|turn|262\n|\n|t:|1625983971\n|switch|p1a: Slowking|Slowking, L69, M|274\/274\n|switch|p2a: Jynx|Jynx, L65, F|219\/219\n|\n|upkeep\n|turn|263\n|\n|t:|1625983973\n|switch|p2a: Slowbro|Slowbro, L69, M|263\/274\n|switch|p1a: Poliwrath|Poliwrath, L71, M|274\/274 slp\n|\n|-heal|p2a: Slowbro|274\/274|[from] item: Leftovers\n|upkeep\n|turn|264\n|\n|t:|1625983978\n|switch|p1a: Wobbuffet|Wobbuffet, L83, M|485\/485\n|move|p2a: Slowbro|Surf|p1a: Wobbuffet\n|-crit|p1a: Wobbuffet\n|-damage|p1a: Wobbuffet|294\/485\n|\n|-heal|p1a: Wobbuffet|324\/485|[from] item: Leftovers\n|upkeep\n|turn|265\n|\n|t:|1625983986\n|switch|p1a: Slowking|Slowking, L69, M|274\/274\n|switch|p2a: Jynx|Jynx, L65, F|219\/219\n|\n|upkeep\n|turn|266\n|\n|t:|1625983989\n|switch|p2a: Slowbro|Slowbro, L69, M|274\/274\n|switch|p1a: Wobbuffet|Wobbuffet, L83, M|324\/485\n|\n|-heal|p1a: Wobbuffet|354\/485|[from] item: Leftovers\n|upkeep\n|turn|267\n|\n|t:|1625983996\n|switch|p1a: Slowking|Slowking, L69, M|274\/274\n|switch|p2a: Jynx|Jynx, L65, F|219\/219\n|\n|upkeep\n|turn|268\n|\n|t:|1625984004\n|switch|p2a: Slowbro|Slowbro, L69, M|274\/274\n|switch|p1a: Wobbuffet|Wobbuffet, L83, M|354\/485\n|\n|-heal|p1a: Wobbuffet|384\/485|[from] item: Leftovers\n|upkeep\n|turn|269\n|\n|t:|1625984007\n|switch|p1a: Slowking|Slowking, L69, M|274\/274\n|switch|p2a: Jynx|Jynx, L65, F|219\/219\n|\n|upkeep\n|turn|270\n|\n|t:|1625984009\n|switch|p2a: Slowbro|Slowbro, L69, M|274\/274\n|switch|p1a: Wobbuffet|Wobbuffet, L83, M|384\/485\n|\n|-heal|p1a: Wobbuffet|414\/485|[from] item: Leftovers\n|upkeep\n|turn|271\n|\n|t:|1625984011\n|switch|p1a: Slowking|Slowking, L69, M|274\/274\n|switch|p2a: Jynx|Jynx, L65, F|219\/219\n|\n|upkeep\n|turn|272\n|\n|t:|1625984013\n|switch|p2a: Slowbro|Slowbro, L69, M|274\/274\n|switch|p1a: Wobbuffet|Wobbuffet, L83, M|414\/485\n|\n|-heal|p1a: Wobbuffet|444\/485|[from] item: Leftovers\n|upkeep\n|turn|273\n|\n|t:|1625984015\n|switch|p1a: Slowking|Slowking, L69, M|274\/274\n|switch|p2a: Jynx|Jynx, L65, F|219\/219\n|\n|upkeep\n|turn|274\n|\n|t:|1625984017\n|switch|p2a: Slowbro|Slowbro, L69, M|274\/274\n|switch|p1a: Wobbuffet|Wobbuffet, L83, M|444\/485\n|\n|-heal|p1a: Wobbuffet|474\/485|[from] item: Leftovers\n|upkeep\n|turn|275\n|\n|t:|1625984019\n|switch|p1a: Slowking|Slowking, L69, M|274\/274\n|switch|p2a: Jynx|Jynx, L65, F|219\/219\n|\n|upkeep\n|turn|276\n|\n|t:|1625984021\n|switch|p2a: Slowbro|Slowbro, L69, M|274\/274\n|switch|p1a: Wobbuffet|Wobbuffet, L83, M|474\/485\n|\n|-heal|p1a: Wobbuffet|485\/485|[from] item: Leftovers\n|upkeep\n|turn|277\n|\n|t:|1625984024\n|switch|p1a: Slowking|Slowking, L69, M|274\/274\n|switch|p2a: Jynx|Jynx, L65, F|219\/219\n|\n|upkeep\n|turn|278\n|\n|t:|1625984026\n|switch|p2a: Slowbro|Slowbro, L69, M|274\/274\n|switch|p1a: Poliwrath|Poliwrath, L71, M|274\/274 slp\n|\n|upkeep\n|turn|279\n|\n|t:|1625984032\n|switch|p1a: Slowking|Slowking, L69, M|274\/274\n|move|p2a: Slowbro|Psychic|p1a: Slowking\n|-resisted|p1a: Slowking\n|-damage|p1a: Slowking|241\/274\n|\n|-heal|p1a: Slowking|258\/274|[from] item: Leftovers\n|upkeep\n|turn|280\n|\n|t:|1625984039\n|switch|p1a: Wobbuffet|Wobbuffet, L83, M|485\/485\n|switch|p2a: Jynx|Jynx, L65, F|219\/219\n|\n|upkeep\n|turn|281\n|\n|t:|1625984044\n|switch|p2a: Slowbro|Slowbro, L69, M|274\/274\n|move|p1a: Wobbuffet|Mimic|p2a: Slowbro\n|-fail|p2a: Slowbro\n|\n|upkeep\n|turn|282\n|\n|t:|1625984050\n|switch|p2a: Jynx|Jynx, L65, F|219\/219\n|move|p1a: Wobbuffet|Mirror Coat|p2a: Jynx\n|-fail|p2a: Jynx\n|\n|upkeep\n|turn|283\n|\n|t:|1625984054\n|switch|p2a: Slowbro|Slowbro, L69, M|274\/274\n|move|p1a: Wobbuffet|Safeguard|p1a: Wobbuffet\n|-sidestart|p1: drxx|Safeguard\n|\n|upkeep\n|turn|284\n|\n|t:|1625984056\n|switch|p1a: Slowking|Slowking, L69, M|258\/274\n|switch|p2a: Jynx|Jynx, L65, F|219\/219\n|\n|-heal|p1a: Slowking|274\/274|[from] item: Leftovers\n|upkeep\n|turn|285\n|\n|t:|1625984058\n|switch|p2a: Slowbro|Slowbro, L69, M|274\/274\n|switch|p1a: Poliwrath|Poliwrath, L71, M|274\/274 slp\n|\n|upkeep\n|turn|286\n|\n|t:|1625984061\n|switch|p2a: Jynx|Jynx, L65, F|219\/219\n|cant|p1a: Poliwrath|slp\n|\n|upkeep\n|turn|287\n|\n|t:|1625984069\n|move|p2a: Jynx|Substitute|p2a: Jynx\n|-start|p2a: Jynx|Substitute\n|-damage|p2a: Jynx|165\/219\n|-curestatus|p1a: Poliwrath|slp|[msg]\n|move|p1a: Poliwrath|Belly Drum|p1a: Poliwrath\n|-damage|p1a: Poliwrath|137\/274\n|-setboost|p1a: Poliwrath|atk|6|[from] move: Belly Drum\n|\n|-heal|p2a: Jynx|178\/219|[from] item: Leftovers\n|-heal|p1a: Poliwrath|154\/274|[from] item: Leftovers\n|-sideend|p1: drxx|Safeguard\n|upkeep\n|turn|288\n|\n|t:|1625984075\n|move|p2a: Jynx|Lovely Kiss|p1a: Poliwrath|[miss]\n|-miss|p2a: Jynx\n|move|p1a: Poliwrath|Body Slam|p2a: Jynx\n|-crit|p2a: Jynx\n|-end|p2a: Jynx|Substitute\n|\n|-heal|p2a: Jynx|191\/219|[from] item: Leftovers\n|-heal|p1a: Poliwrath|171\/274|[from] item: Leftovers\n|upkeep\n|turn|289\n|\n|t:|1625984080\n|move|p2a: Jynx|Lovely Kiss|p1a: Poliwrath\n|-status|p1a: Poliwrath|slp|[from] move: Lovely Kiss\n|cant|p1a: Poliwrath|slp\n|\n|-heal|p2a: Jynx|204\/219|[from] item: Leftovers\n|-heal|p1a: Poliwrath|188\/274 slp|[from] item: Leftovers\n|upkeep\n|turn|290\n|\n|t:|1625984085\n|switch|p2a: Slowbro|Slowbro, L69, M|274\/274\n|cant|p1a: Poliwrath|slp\n|\n|-heal|p1a: Poliwrath|205\/274 slp|[from] item: Leftovers\n|upkeep\n|turn|291\n|\n|t:|1625984088\n|switch|p1a: Slowking|Slowking, L69, M|274\/274\n|move|p2a: Slowbro|Psychic|p1a: Slowking\n|-resisted|p1a: Slowking\n|-damage|p1a: Slowking|237\/274\n|\n|-heal|p1a: Slowking|254\/274|[from] item: Leftovers\n|upkeep\n|turn|292\n|\n|t:|1625984091\n|switch|p1a: Wobbuffet|Wobbuffet, L83, M|485\/485\n|switch|p2a: Jynx|Jynx, L65, F|204\/219\n|\n|-heal|p2a: Jynx|217\/219|[from] item: Leftovers\n|upkeep\n|turn|293\n|\n|t:|1625984092\n|switch|p2a: Slowbro|Slowbro, L69, M|274\/274\n|switch|p1a: Poliwrath|Poliwrath, L71, M|205\/274 slp\n|\n|-heal|p1a: Poliwrath|222\/274 slp|[from] item: Leftovers\n|upkeep\n|turn|294\n|\n|t:|1625984097\n|switch|p1a: Slowking|Slowking, L69, M|254\/274\n|switch|p2a: Jynx|Jynx, L65, F|217\/219\n|\n|-heal|p2a: Jynx|219\/219|[from] item: Leftovers\n|-heal|p1a: Slowking|271\/274|[from] item: Leftovers\n|upkeep\n|turn|295\n|\n|t:|1625984100\n|switch|p2a: Slowbro|Slowbro, L69, M|274\/274\n|switch|p1a: Poliwrath|Poliwrath, L71, M|222\/274 slp\n|\n|-heal|p1a: Poliwrath|239\/274 slp|[from] item: Leftovers\n|upkeep\n|turn|296\n|\n|t:|1625984101\n|switch|p1a: Slowking|Slowking, L69, M|271\/274\n|switch|p2a: Jynx|Jynx, L65, F|219\/219\n|\n|-heal|p1a: Slowking|274\/274|[from] item: Leftovers\n|upkeep\n|turn|297\n|\n|t:|1625984103\n|switch|p2a: Slowbro|Slowbro, L69, M|274\/274\n|switch|p1a: Poliwrath|Poliwrath, L71, M|239\/274 slp\n|\n|-heal|p1a: Poliwrath|256\/274 slp|[from] item: Leftovers\n|upkeep\n|turn|298\n|\n|t:|1625984106\n|switch|p1a: Slowking|Slowking, L69, M|274\/274\n|switch|p2a: Jynx|Jynx, L65, F|219\/219\n|\n|upkeep\n|turn|299\n|\n|t:|1625984108\n|switch|p2a: Slowbro|Slowbro, L69, M|274\/274\n|switch|p1a: Poliwrath|Poliwrath, L71, M|256\/274 slp\n|\n|-heal|p1a: Poliwrath|273\/274 slp|[from] item: Leftovers\n|upkeep\n|turn|300\n|\n|t:|1625984110\n|switch|p1a: Slowking|Slowking, L69, M|274\/274\n|switch|p2a: Jynx|Jynx, L65, F|219\/219\n|\n|upkeep\n|turn|301\n|\n|t:|1625984112\n|switch|p2a: Slowbro|Slowbro, L69, M|274\/274\n|switch|p1a: Poliwrath|Poliwrath, L71, M|273\/274 slp\n|\n|-heal|p1a: Poliwrath|274\/274 slp|[from] item: Leftovers\n|upkeep\n|turn|302\n|\n|t:|1625984113\n|switch|p1a: Slowking|Slowking, L69, M|274\/274\n|switch|p2a: Jynx|Jynx, L65, F|219\/219\n|\n|upkeep\n|turn|303\n|\n|t:|1625984114\n|switch|p2a: Slowbro|Slowbro, L69, M|274\/274\n|switch|p1a: Poliwrath|Poliwrath, L71, M|274\/274 slp\n|\n|upkeep\n|turn|304\n|\n|t:|1625984116\n|switch|p1a: Slowking|Slowking, L69, M|274\/274\n|switch|p2a: Jynx|Jynx, L65, F|219\/219\n|\n|upkeep\n|turn|305\n|\n|t:|1625984118\n|switch|p2a: Slowbro|Slowbro, L69, M|274\/274\n|switch|p1a: Wobbuffet|Wobbuffet, L83, M|485\/485\n|\n|upkeep\n|turn|306\n|\n|t:|1625984120\n|switch|p1a: Poliwrath|Poliwrath, L71, M|274\/274 slp\n|switch|p2a: Jynx|Jynx, L65, F|219\/219\n|\n|upkeep\n|turn|307\n|\n|t:|1625984129\n|switch|p2a: Slowbro|Slowbro, L69, M|274\/274\n|cant|p1a: Poliwrath|slp\n|\n|upkeep\n|turn|308\n|\n|t:|1625984134\n|switch|p1a: Slowking|Slowking, L69, M|274\/274\n|switch|p2a: Jynx|Jynx, L65, F|219\/219\n|\n|upkeep\n|turn|309\n|\n|t:|1625984135\n|switch|p2a: Slowbro|Slowbro, L69, M|274\/274\n|switch|p1a: Wobbuffet|Wobbuffet, L83, M|485\/485\n|\n|upkeep\n|turn|310\n|\n|t:|1625984137\n|switch|p1a: Slowking|Slowking, L69, M|274\/274\n|switch|p2a: Jynx|Jynx, L65, F|219\/219\n|\n|upkeep\n|turn|311\n|\n|t:|1625984139\n|switch|p2a: Slowbro|Slowbro, L69, M|274\/274\n|switch|p1a: Poliwrath|Poliwrath, L71, M|274\/274 slp\n|\n|upkeep\n|turn|312\n|\n|t:|1625984140\n|switch|p1a: Slowking|Slowking, L69, M|274\/274\n|switch|p2a: Jynx|Jynx, L65, F|219\/219\n|\n|upkeep\n|turn|313\n|\n|t:|1625984142\n|switch|p2a: Slowbro|Slowbro, L69, M|274\/274\n|switch|p1a: Poliwrath|Poliwrath, L71, M|274\/274 slp\n|\n|upkeep\n|turn|314\n|\n|t:|1625984144\n|switch|p1a: Slowking|Slowking, L69, M|274\/274\n|switch|p2a: Jynx|Jynx, L65, F|219\/219\n|\n|upkeep\n|turn|315\n|\n|t:|1625984145\n|switch|p2a: Slowbro|Slowbro, L69, M|274\/274\n|switch|p1a: Poliwrath|Poliwrath, L71, M|274\/274 slp\n|\n|upkeep\n|turn|316\n|\n|t:|1625984146\n|switch|p1a: Slowking|Slowking, L69, M|274\/274\n|switch|p2a: Jynx|Jynx, L65, F|219\/219\n|\n|upkeep\n|turn|317\n|\n|t:|1625984148\n|switch|p2a: Slowbro|Slowbro, L69, M|274\/274\n|switch|p1a: Poliwrath|Poliwrath, L71, M|274\/274 slp\n|\n|upkeep\n|turn|318\n|\n|t:|1625984149\n|switch|p1a: Slowking|Slowking, L69, M|274\/274\n|switch|p2a: Jynx|Jynx, L65, F|219\/219\n|\n|upkeep\n|turn|319\n|\n|t:|1625984151\n|switch|p2a: Slowbro|Slowbro, L69, M|274\/274\n|switch|p1a: Poliwrath|Poliwrath, L71, M|274\/274 slp\n|\n|upkeep\n|turn|320\n|\n|t:|1625984152\n|switch|p1a: Slowking|Slowking, L69, M|274\/274\n|switch|p2a: Jynx|Jynx, L65, F|219\/219\n|\n|upkeep\n|turn|321\n|\n|t:|1625984153\n|switch|p2a: Slowbro|Slowbro, L69, M|274\/274\n|switch|p1a: Poliwrath|Poliwrath, L71, M|274\/274 slp\n|\n|upkeep\n|turn|322\n|\n|t:|1625984156\n|switch|p1a: Slowking|Slowking, L69, M|274\/274\n|switch|p2a: Jynx|Jynx, L65, F|219\/219\n|\n|upkeep\n|turn|323\n|\n|t:|1625984157\n|switch|p2a: Slowbro|Slowbro, L69, M|274\/274\n|switch|p1a: Poliwrath|Poliwrath, L71, M|274\/274 slp\n|\n|upkeep\n|turn|324\n|\n|t:|1625984159\n|switch|p1a: Slowking|Slowking, L69, M|274\/274\n|switch|p2a: Jynx|Jynx, L65, F|219\/219\n|\n|upkeep\n|turn|325\n|\n|t:|1625984160\n|switch|p2a: Slowbro|Slowbro, L69, M|274\/274\n|switch|p1a: Poliwrath|Poliwrath, L71, M|274\/274 slp\n|\n|upkeep\n|turn|326\n|\n|t:|1625984162\n|switch|p1a: Slowking|Slowking, L69, M|274\/274\n|switch|p2a: Jynx|Jynx, L65, F|219\/219\n|\n|upkeep\n|turn|327\n|\n|t:|1625984164\n|switch|p2a: Slowbro|Slowbro, L69, M|274\/274\n|switch|p1a: Poliwrath|Poliwrath, L71, M|274\/274 slp\n|\n|upkeep\n|turn|328\n|\n|t:|1625984166\n|switch|p1a: Slowking|Slowking, L69, M|274\/274\n|switch|p2a: Jynx|Jynx, L65, F|219\/219\n|\n|upkeep\n|turn|329\n|\n|t:|1625984168\n|switch|p2a: Slowbro|Slowbro, L69, M|274\/274\n|switch|p1a: Poliwrath|Poliwrath, L71, M|274\/274 slp\n|\n|upkeep\n|turn|330\n|\n|t:|1625984169\n|switch|p1a: Slowking|Slowking, L69, M|274\/274\n|switch|p2a: Jynx|Jynx, L65, F|219\/219\n|\n|upkeep\n|turn|331\n|\n|t:|1625984170\n|switch|p2a: Slowbro|Slowbro, L69, M|274\/274\n|switch|p1a: Poliwrath|Poliwrath, L71, M|274\/274 slp\n|\n|upkeep\n|turn|332\n|\n|t:|1625984172\n|switch|p1a: Slowking|Slowking, L69, M|274\/274\n|switch|p2a: Jynx|Jynx, L65, F|219\/219\n|\n|upkeep\n|turn|333\n|\n|t:|1625984176\n|switch|p2a: Slowbro|Slowbro, L69, M|274\/274\n|switch|p1a: Poliwrath|Poliwrath, L71, M|274\/274 slp\n|\n|upkeep\n|turn|334\n|\n|t:|1625984178\n|switch|p1a: Slowking|Slowking, L69, M|274\/274\n|switch|p2a: Jynx|Jynx, L65, F|219\/219\n|\n|upkeep\n|turn|335\n|\n|t:|1625984179\n|switch|p2a: Slowbro|Slowbro, L69, M|274\/274\n|switch|p1a: Poliwrath|Poliwrath, L71, M|274\/274 slp\n|\n|upkeep\n|turn|336\n|\n|t:|1625984181\n|switch|p1a: Slowking|Slowking, L69, M|274\/274\n|switch|p2a: Jynx|Jynx, L65, F|219\/219\n|\n|upkeep\n|turn|337\n|\n|t:|1625984182\n|switch|p2a: Slowbro|Slowbro, L69, M|274\/274\n|switch|p1a: Poliwrath|Poliwrath, L71, M|274\/274 slp\n|\n|upkeep\n|turn|338\n|\n|t:|1625984184\n|switch|p1a: Slowking|Slowking, L69, M|274\/274\n|switch|p2a: Jynx|Jynx, L65, F|219\/219\n|\n|upkeep\n|turn|339\n|\n|t:|1625984185\n|switch|p2a: Slowbro|Slowbro, L69, M|274\/274\n|switch|p1a: Poliwrath|Poliwrath, L71, M|274\/274 slp\n|\n|upkeep\n|turn|340\n|\n|t:|1625984187\n|switch|p1a: Slowking|Slowking, L69, M|274\/274\n|switch|p2a: Jynx|Jynx, L65, F|219\/219\n|\n|upkeep\n|turn|341\n|\n|t:|1625984193\n|switch|p2a: Slowbro|Slowbro, L69, M|274\/274\n|switch|p1a: Wobbuffet|Wobbuffet, L83, M|485\/485\n|\n|upkeep\n|turn|342\n|\n|t:|1625984197\n|switch|p1a: Poliwrath|Poliwrath, L71, M|274\/274 slp\n|switch|p2a: Jynx|Jynx, L65, F|219\/219\n|\n|upkeep\n|turn|343\n|\n|t:|1625984202\n|switch|p2a: Slowbro|Slowbro, L69, M|274\/274\n|cant|p1a: Poliwrath|slp\n|\n|upkeep\n|turn|344\n|\n|t:|1625984206\n|switch|p1a: Slowking|Slowking, L69, M|274\/274\n|switch|p2a: Jynx|Jynx, L65, F|219\/219\n|\n|upkeep\n|turn|345\n|\n|t:|1625984209\n|switch|p2a: Slowbro|Slowbro, L69, M|274\/274\n|switch|p1a: Poliwrath|Poliwrath, L71, M|274\/274 slp\n|\n|upkeep\n|turn|346\n|\n|t:|1625984211\n|switch|p1a: Slowking|Slowking, L69, M|274\/274\n|switch|p2a: Jynx|Jynx, L65, F|219\/219\n|\n|upkeep\n|turn|347\n|\n|t:|1625984212\n|switch|p2a: Slowbro|Slowbro, L69, M|274\/274\n|switch|p1a: Poliwrath|Poliwrath, L71, M|274\/274 slp\n|\n|upkeep\n|turn|348\n|\n|t:|1625984214\n|switch|p1a: Slowking|Slowking, L69, M|274\/274\n|switch|p2a: Jynx|Jynx, L65, F|219\/219\n|\n|upkeep\n|turn|349\n|\n|t:|1625984215\n|switch|p2a: Slowbro|Slowbro, L69, M|274\/274\n|switch|p1a: Poliwrath|Poliwrath, L71, M|274\/274 slp\n|\n|upkeep\n|turn|350\n|\n|t:|1625984217\n|switch|p1a: Slowking|Slowking, L69, M|274\/274\n|switch|p2a: Jynx|Jynx, L65, F|219\/219\n|\n|upkeep\n|turn|351\n|\n|t:|1625984218\n|switch|p2a: Slowbro|Slowbro, L69, M|274\/274\n|switch|p1a: Poliwrath|Poliwrath, L71, M|274\/274 slp\n|\n|upkeep\n|turn|352\n|\n|t:|1625984219\n|switch|p2a: Jynx|Jynx, L65, F|219\/219\n|-curestatus|p1a: Poliwrath|slp|[msg]\n|move|p1a: Poliwrath|Body Slam|p2a: Jynx\n|-damage|p2a: Jynx|138\/219\n|-status|p2a: Jynx|par\n|\n|-heal|p2a: Jynx|151\/219 par|[from] item: Leftovers\n|upkeep\n|turn|353\n|\n|t:|1625984240\n|move|p1a: Poliwrath|Belly Drum|p1a: Poliwrath\n|-damage|p1a: Poliwrath|137\/274\n|-setboost|p1a: Poliwrath|atk|6|[from] move: Belly Drum\n|move|p2a: Jynx|Lovely Kiss|p1a: Poliwrath|[miss]\n|-miss|p2a: Jynx\n|\n|-heal|p1a: Poliwrath|154\/274|[from] item: Leftovers\n|-heal|p2a: Jynx|164\/219 par|[from] item: Leftovers\n|upkeep\n|turn|354\n|\n|t:|1625984248\n|move|p1a: Poliwrath|Body Slam|p2a: Jynx\n|-damage|p2a: Jynx|0 fnt\n|faint|p2a: Jynx\n|\n|t:|1625984250\n|switch|p2a: Slowbro|Slowbro, L69, M|274\/274\n|\n|-heal|p1a: Poliwrath|171\/274|[from] item: Leftovers\n|upkeep\n|turn|355\n|\n|t:|1625984256\n|move|p1a: Poliwrath|Body Slam|p2a: Slowbro\n|-damage|p2a: Slowbro|112\/274\n|move|p2a: Slowbro|Psychic|p1a: Poliwrath\n|-supereffective|p1a: Poliwrath\n|-damage|p1a: Poliwrath|17\/274\n|\n|-heal|p1a: Poliwrath|34\/274|[from] item: Leftovers\n|-heal|p2a: Slowbro|129\/274|[from] item: Leftovers\n|upkeep\n|turn|356\n|\n|t:|1625984266\n|switch|p1a: Slowking|Slowking, L69, M|274\/274\n|move|p2a: Slowbro|Psychic|p1a: Slowking\n|-resisted|p1a: Slowking\n|-damage|p1a: Slowking|242\/274\n|\n|-heal|p2a: Slowbro|146\/274|[from] item: Leftovers\n|-heal|p1a: Slowking|259\/274|[from] item: Leftovers\n|upkeep\n|turn|357\n|\n|t:|1625984270\n|switch|p1a: Wobbuffet|Wobbuffet, L83, M|485\/485\n|move|p2a: Slowbro|Rest|p2a: Slowbro\n|-status|p2a: Slowbro|slp|[from] move: Rest\n|-heal|p2a: Slowbro|274\/274 slp|[silent]\n|\n|upkeep\n|turn|358\n|\n|t:|1625984273\n|switch|p1a: Slowking|Slowking, L69, M|259\/274\n|cant|p2a: Slowbro|slp\n|move|p2a: Slowbro|Sleep Talk|p2a: Slowbro\n|move|p2a: Slowbro|Rest|p2a: Slowbro|[from]Sleep Talk\n|-fail|p2a: Slowbro\n|\n|-heal|p1a: Slowking|274\/274|[from] item: Leftovers\n|upkeep\n|turn|359\n|\n|t:|1625984274\n|switch|p1a: Wobbuffet|Wobbuffet, L83, M|485\/485\n|cant|p2a: Slowbro|slp\n|move|p2a: Slowbro|Sleep Talk|p2a: Slowbro\n|move|p2a: Slowbro|Surf|p1a: Wobbuffet|[from]Sleep Talk\n|-damage|p1a: Wobbuffet|395\/485\n|\n|-heal|p1a: Wobbuffet|425\/485|[from] item: Leftovers\n|upkeep\n|turn|360\n|\n|t:|1625984278\n|switch|p1a: Slowking|Slowking, L69, M|274\/274\n|-curestatus|p2a: Slowbro|slp|[msg]\n|move|p2a: Slowbro|Surf|p1a: Slowking\n|-resisted|p1a: Slowking\n|-damage|p1a: Slowking|237\/274\n|\n|-heal|p1a: Slowking|254\/274|[from] item: Leftovers\n|upkeep\n|turn|361\n|\n|t:|1625984282\n|switch|p1a: Wobbuffet|Wobbuffet, L83, M|425\/485\n|move|p2a: Slowbro|Surf|p1a: Wobbuffet\n|-damage|p1a: Wobbuffet|338\/485\n|\n|-heal|p1a: Wobbuffet|368\/485|[from] item: Leftovers\n|upkeep\n|turn|362\n|\n|t:|1625984285\n|move|p2a: Slowbro|Surf|p1a: Wobbuffet\n|-damage|p1a: Wobbuffet|283\/485\n|move|p1a: Wobbuffet|Mirror Coat|p2a: Slowbro\n|-damage|p2a: Slowbro|104\/274\n|\n|-heal|p1a: Wobbuffet|313\/485|[from] item: Leftovers\n|-heal|p2a: Slowbro|121\/274|[from] item: Leftovers\n|upkeep\n|turn|363\n|\n|t:|1625984287\n|switch|p1a: Slowking|Slowking, L69, M|254\/274\n|move|p2a: Slowbro|Rest|p2a: Slowbro\n|-status|p2a: Slowbro|slp|[from] move: Rest\n|-heal|p2a: Slowbro|274\/274 slp|[silent]\n|\n|-heal|p1a: Slowking|271\/274|[from] item: Leftovers\n|upkeep\n|turn|364\n|\n|t:|1625984289\n|switch|p1a: Wobbuffet|Wobbuffet, L83, M|313\/485\n|cant|p2a: Slowbro|slp\n|\n|-heal|p1a: Wobbuffet|343\/485|[from] item: Leftovers\n|upkeep\n|turn|365\n|\n|t:|1625984291\n|switch|p1a: Slowking|Slowking, L69, M|271\/274\n|cant|p2a: Slowbro|slp\n|\n|-heal|p1a: Slowking|274\/274|[from] item: Leftovers\n|upkeep\n|turn|366\n|\n|t:|1625984293\n|switch|p1a: Wobbuffet|Wobbuffet, L83, M|343\/485\n|-curestatus|p2a: Slowbro|slp|[msg]\n|move|p2a: Slowbro|Surf|p1a: Wobbuffet\n|-damage|p1a: Wobbuffet|256\/485\n|\n|-heal|p1a: Wobbuffet|286\/485|[from] item: Leftovers\n|upkeep\n|turn|367\n|\n|t:|1625984298\n|switch|p1a: Slowking|Slowking, L69, M|274\/274\n|move|p2a: Slowbro|Surf|p1a: Slowking\n|-resisted|p1a: Slowking\n|-damage|p1a: Slowking|239\/274\n|\n|-heal|p1a: Slowking|256\/274|[from] item: Leftovers\n|upkeep\n|turn|368\n|\n|t:|1625984300\n|switch|p1a: Wobbuffet|Wobbuffet, L83, M|286\/485\n|move|p2a: Slowbro|Surf|p1a: Wobbuffet\n|-damage|p1a: Wobbuffet|188\/485\n|\n|-heal|p1a: Wobbuffet|218\/485|[from] item: Leftovers\n|upkeep\n|turn|369\n|\n|t:|1625984302\n|move|p2a: Slowbro|Surf|p1a: Wobbuffet\n|-damage|p1a: Wobbuffet|132\/485\n|move|p1a: Wobbuffet|Mirror Coat|p2a: Slowbro\n|-damage|p2a: Slowbro|102\/274\n|\n|-heal|p1a: Wobbuffet|162\/485|[from] item: Leftovers\n|-heal|p2a: Slowbro|119\/274|[from] item: Leftovers\n|upkeep\n|turn|370\n|\n|t:|1625984307\n|move|p2a: Slowbro|Rest|p2a: Slowbro\n|-status|p2a: Slowbro|slp|[from] move: Rest\n|-heal|p2a: Slowbro|274\/274 slp|[silent]\n|move|p1a: Wobbuffet|Mirror Coat|p2a: Slowbro\n|-fail|p2a: Slowbro\n|\n|-heal|p1a: Wobbuffet|192\/485|[from] item: Leftovers\n|upkeep\n|turn|371\n|\n|t:|1625984309\n|switch|p1a: Slowking|Slowking, L69, M|256\/274\n|cant|p2a: Slowbro|slp\n|\n|-heal|p1a: Slowking|273\/274|[from] item: Leftovers\n|upkeep\n|turn|372\n|\n|t:|1625984314\n|cant|p2a: Slowbro|slp\n|move|p1a: Slowking|Rest|p1a: Slowking\n|-status|p1a: Slowking|slp|[from] move: Rest\n|-heal|p1a: Slowking|274\/274 slp|[silent]\n|\n|upkeep\n|turn|373\n|\n|t:|1625984318\n|switch|p1a: Wobbuffet|Wobbuffet, L83, M|192\/485\n|-curestatus|p2a: Slowbro|slp|[msg]\n|move|p2a: Slowbro|Surf|p1a: Wobbuffet\n|-damage|p1a: Wobbuffet|107\/485\n|\n|-heal|p1a: Wobbuffet|137\/485|[from] item: Leftovers\n|upkeep\n|turn|374\n|\n|t:|1625984321\n|switch|p1a: Slowking|Slowking, L69, M|274\/274 slp\n|move|p2a: Slowbro|Surf|p1a: Slowking\n|-resisted|p1a: Slowking\n|-damage|p1a: Slowking|240\/274 slp\n|\n|-heal|p1a: Slowking|257\/274 slp|[from] item: Leftovers\n|upkeep\n|turn|375\n|\n|t:|1625984325\n|move|p2a: Slowbro|Surf|p1a: Slowking\n|-resisted|p1a: Slowking\n|-damage|p1a: Slowking|223\/274 slp\n|cant|p1a: Slowking|slp\n|\n|-heal|p1a: Slowking|240\/274 slp|[from] item: Leftovers\n|upkeep\n|turn|376\n|\n|t:|1625984327\n|cant|p1a: Slowking|slp\n|move|p2a: Slowbro|Surf|p1a: Slowking\n|-resisted|p1a: Slowking\n|-damage|p1a: Slowking|205\/274 slp\n|\n|-heal|p1a: Slowking|222\/274 slp|[from] item: Leftovers\n|upkeep\n|turn|377\n|\n|t:|1625984336\n|move|p2a: Slowbro|Surf|p1a: Slowking\n|-resisted|p1a: Slowking\n|-damage|p1a: Slowking|187\/274 slp\n|-curestatus|p1a: Slowking|slp|[msg]\n|move|p1a: Slowking|Psychic|p2a: Slowbro\n|-resisted|p2a: Slowbro\n|-damage|p2a: Slowbro|234\/274\n|\n|-heal|p1a: Slowking|204\/274|[from] item: Leftovers\n|-heal|p2a: Slowbro|251\/274|[from] item: Leftovers\n|upkeep\n|turn|378\n|\n|t:|1625984342\n|switch|p1a: Wobbuffet|Wobbuffet, L83, M|137\/485\n|move|p2a: Slowbro|Surf|p1a: Wobbuffet\n|-damage|p1a: Wobbuffet|46\/485\n|\n|-heal|p1a: Wobbuffet|76\/485|[from] item: Leftovers\n|-heal|p2a: Slowbro|268\/274|[from] item: Leftovers\n|upkeep\n|turn|379\n|\n|t:|1625984347\n|switch|p1a: Slowking|Slowking, L69, M|204\/274\n|move|p2a: Slowbro|Surf|p1a: Slowking\n|-resisted|p1a: Slowking\n|-damage|p1a: Slowking|169\/274\n|\n|-heal|p1a: Slowking|186\/274|[from] item: Leftovers\n|-heal|p2a: Slowbro|274\/274|[from] item: Leftovers\n|upkeep\n|turn|380\n|\n|t:|1625984357\n|move|p1a: Slowking|Sleep Talk|p1a: Slowking\n|move|p2a: Slowbro|Psychic|p1a: Slowking\n|-resisted|p1a: Slowking\n|-damage|p1a: Slowking|148\/274\n|\n|-heal|p1a: Slowking|165\/274|[from] item: Leftovers\n|upkeep\n|turn|381\n|\n|t:|1625984361\n|move|p1a: Slowking|Sleep Talk|p1a: Slowking\n|move|p2a: Slowbro|Psychic|p1a: Slowking\n|-resisted|p1a: Slowking\n|-damage|p1a: Slowking|129\/274\n|\n|-heal|p1a: Slowking|146\/274|[from] item: Leftovers\n|upkeep\n|turn|382\n|\n|t:|1625984366\n|move|p1a: Slowking|Sleep Talk|p1a: Slowking\n|move|p2a: Slowbro|Sleep Talk|p2a: Slowbro\n|\n|-heal|p1a: Slowking|163\/274|[from] item: Leftovers\n|upkeep\n|turn|383\n|\n|t:|1625984369\n|move|p1a: Slowking|Rest|p1a: Slowking\n|-status|p1a: Slowking|slp|[from] move: Rest\n|-heal|p1a: Slowking|274\/274 slp|[silent]\n|move|p2a: Slowbro|Sleep Talk|p2a: Slowbro\n|\n|upkeep\n|turn|384\n|\n|t:|1625984372\n|cant|p1a: Slowking|slp\n|move|p2a: Slowbro|Sleep Talk|p2a: Slowbro\n|\n|upkeep\n|turn|385\n|\n|t:|1625984375\n|move|p2a: Slowbro|Sleep Talk|p2a: Slowbro\n|cant|p1a: Slowking|slp\n|\n|upkeep\n|turn|386\n|\n|t:|1625984379\n|-curestatus|p1a: Slowking|slp|[msg]\n|move|p1a: Slowking|Psychic|p2a: Slowbro\n|-resisted|p2a: Slowbro\n|-damage|p2a: Slowbro|232\/274\n|move|p2a: Slowbro|Sleep Talk|p2a: Slowbro\n|\n|-heal|p2a: Slowbro|249\/274|[from] item: Leftovers\n|upkeep\n|turn|387\n|\n|t:|1625984381\n|move|p1a: Slowking|Psychic|p2a: Slowbro\n|-resisted|p2a: Slowbro\n|-damage|p2a: Slowbro|206\/274\n|move|p2a: Slowbro|Sleep Talk|p2a: Slowbro\n|\n|-heal|p2a: Slowbro|223\/274|[from] item: Leftovers\n|upkeep\n|turn|388\n|\n|t:|1625984386\n|switch|p1a: Wobbuffet|Wobbuffet, L83, M|76\/485\n|move|p2a: Slowbro|Rest|p2a: Slowbro\n|-status|p2a: Slowbro|slp|[from] move: Rest\n|-heal|p2a: Slowbro|274\/274 slp|[silent]\n|\n|-heal|p1a: Wobbuffet|106\/485|[from] item: Leftovers\n|upkeep\n|turn|389\n|\n|t:|1625984391\n|cant|p2a: Slowbro|slp\n|move|p1a: Wobbuffet|Mirror Coat|p2a: Slowbro\n|-fail|p2a: Slowbro\n|\n|-heal|p1a: Wobbuffet|136\/485|[from] item: Leftovers\n|upkeep\n|turn|390\n|\n|t:|1625984392\n|cant|p2a: Slowbro|slp\n|move|p1a: Wobbuffet|Mirror Coat|p2a: Slowbro\n|-fail|p2a: Slowbro\n|\n|-heal|p1a: Wobbuffet|166\/485|[from] item: Leftovers\n|upkeep\n|turn|391\n|\n|t:|1625984397\n|switch|p1a: Slowking|Slowking, L69, M|274\/274\n|-curestatus|p2a: Slowbro|slp|[msg]\n|move|p2a: Slowbro|Psychic|p1a: Slowking\n|-resisted|p1a: Slowking\n|-damage|p1a: Slowking|238\/274\n|\n|-heal|p1a: Slowking|255\/274|[from] item: Leftovers\n|upkeep\n|turn|392\n|\n|t:|1625984404\n|move|p2a: Slowbro|Sleep Talk|p2a: Slowbro\n|move|p1a: Slowking|Sleep Talk|p1a: Slowking\n|\n|-heal|p1a: Slowking|272\/274|[from] item: Leftovers\n|upkeep\n|turn|393\n|\n|t:|1625984406\n|move|p2a: Slowbro|Sleep Talk|p2a: Slowbro\n|move|p1a: Slowking|Sleep Talk|p1a: Slowking\n|\n|-heal|p1a: Slowking|274\/274|[from] item: Leftovers\n|upkeep\n|turn|394\n|\n|t:|1625984408\n|move|p1a: Slowking|Sleep Talk|p1a: Slowking\n|move|p2a: Slowbro|Sleep Talk|p2a: Slowbro\n|\n|upkeep\n|turn|395\n|\n|t:|1625984411\n|move|p1a: Slowking|Sleep Talk|p1a: Slowking\n|move|p2a: Slowbro|Rest|p2a: Slowbro\n|-fail|p2a: Slowbro\n|\n|upkeep\n|turn|396\n|\n|t:|1625984414\n|move|p2a: Slowbro|Rest|p2a: Slowbro\n|-fail|p2a: Slowbro\n|move|p1a: Slowking|Sleep Talk|p1a: Slowking\n|\n|upkeep\n|turn|397\n|\n|t:|1625984416\n|move|p2a: Slowbro|Rest|p2a: Slowbro\n|-fail|p2a: Slowbro\n|move|p1a: Slowking|Sleep Talk|p1a: Slowking\n|\n|upkeep\n|turn|398\n|\n|t:|1625984419\n|move|p2a: Slowbro|Rest|p2a: Slowbro\n|-fail|p2a: Slowbro\n|move|p1a: Slowking|Sleep Talk|p1a: Slowking\n|\n|upkeep\n|turn|399\n|\n|t:|1625984421\n|move|p2a: Slowbro|Rest|p2a: Slowbro\n|-fail|p2a: Slowbro\n|move|p1a: Slowking|Sleep Talk|p1a: Slowking\n|\n|upkeep\n|turn|400\n|\n|t:|1625984423\n|move|p2a: Slowbro|Rest|p2a: Slowbro\n|-fail|p2a: Slowbro\n|move|p1a: Slowking|Sleep Talk|p1a: Slowking\n|\n|upkeep\n|turn|401\n|\n|t:|1625984426\n|move|p2a: Slowbro|Rest|p2a: Slowbro\n|-fail|p2a: Slowbro\n|move|p1a: Slowking|Sleep Talk|p1a: Slowking\n|\n|upkeep\n|turn|402\n|\n|t:|1625984430\n|switch|p1a: Wobbuffet|Wobbuffet, L83, M|166\/485\n|move|p2a: Slowbro|Sleep Talk|p2a: Slowbro\n|\n|-heal|p1a: Wobbuffet|196\/485|[from] item: Leftovers\n|upkeep\n|turn|403\n|\n|t:|1625984434\n|move|p1a: Wobbuffet|Safeguard|p1a: Wobbuffet\n|-sidestart|p1: drxx|Safeguard\n|move|p2a: Slowbro|Rest|p2a: Slowbro\n|-fail|p2a: Slowbro\n|\n|-heal|p1a: Wobbuffet|226\/485|[from] item: Leftovers\n|upkeep\n|turn|404\n|\n|t:|1625984439\n|switch|p1a: Slowking|Slowking, L69, M|274\/274\n|move|p2a: Slowbro|Sleep Talk|p2a: Slowbro\n|\n|upkeep\n|turn|405\n|\n|t:|1625984444\n|switch|p1a: Wobbuffet|Wobbuffet, L83, M|226\/485\n|move|p2a: Slowbro|Psychic|p1a: Wobbuffet\n|-resisted|p1a: Wobbuffet\n|-damage|p1a: Wobbuffet|180\/485\n|\n|-heal|p1a: Wobbuffet|210\/485|[from] item: Leftovers\n|upkeep\n|turn|406\n|\n|t:|1625984448\n|switch|p1a: Slowking|Slowking, L69, M|274\/274\n|move|p2a: Slowbro|Rest|p2a: Slowbro\n|-fail|p2a: Slowbro\n|\n|upkeep\n|turn|407\n|\n|t:|1625984457\n|move|p2a: Slowbro|Struggle|p1a: Slowking\n|-damage|p1a: Slowking|248\/274\n|-damage|p2a: Slowbro|268\/274|[from] Recoil|[of] p1a: Slowking\n|move|p1a: Slowking|Psychic|p2a: Slowbro\n|-resisted|p2a: Slowbro\n|-damage|p2a: Slowbro|226\/274\n|\n|-heal|p1a: Slowking|265\/274|[from] item: Leftovers\n|-heal|p2a: Slowbro|243\/274|[from] item: Leftovers\n|-sideend|p1: drxx|Safeguard\n|upkeep\n|turn|408\n|\n|t:|1625984461\n|move|p1a: Slowking|Psychic|p2a: Slowbro\n|-resisted|p2a: Slowbro\n|-damage|p2a: Slowbro|198\/274\n|move|p2a: Slowbro|Struggle|p1a: Slowking\n|-damage|p1a: Slowking|239\/274\n|-damage|p2a: Slowbro|192\/274|[from] Recoil|[of] p1a: Slowking\n|\n|-heal|p2a: Slowbro|209\/274|[from] item: Leftovers\n|-heal|p1a: Slowking|256\/274|[from] item: Leftovers\n|upkeep\n|turn|409\n|\n|t:|1625984464\n|move|p1a: Slowking|Psychic|p2a: Slowbro\n|-resisted|p2a: Slowbro\n|-damage|p2a: Slowbro|163\/274\n|-unboost|p2a: Slowbro|spd|1\n|move|p2a: Slowbro|Struggle|p1a: Slowking\n|-damage|p1a: Slowking|230\/274\n|-damage|p2a: Slowbro|157\/274|[from] Recoil|[of] p1a: Slowking\n|\n|-heal|p1a: Slowking|247\/274|[from] item: Leftovers\n|-heal|p2a: Slowbro|174\/274|[from] item: Leftovers\n|upkeep\n|turn|410\n|\n|t:|1625984467\n|move|p1a: Slowking|Psychic|p2a: Slowbro\n|-resisted|p2a: Slowbro\n|-damage|p2a: Slowbro|111\/274\n|move|p2a: Slowbro|Struggle|p1a: Slowking\n|-damage|p1a: Slowking|219\/274\n|-damage|p2a: Slowbro|104\/274|[from] Recoil|[of] p1a: Slowking\n|\n|-heal|p2a: Slowbro|121\/274|[from] item: Leftovers\n|-heal|p1a: Slowking|236\/274|[from] item: Leftovers\n|upkeep\n|turn|411\n|\n|t:|1625984469\n|move|p1a: Slowking|Psychic|p2a: Slowbro\n|-resisted|p2a: Slowbro\n|-damage|p2a: Slowbro|62\/274\n|move|p2a: Slowbro|Struggle|p1a: Slowking\n|-damage|p1a: Slowking|209\/274\n|-damage|p2a: Slowbro|56\/274|[from] Recoil|[of] p1a: Slowking\n|\n|-heal|p1a: Slowking|226\/274|[from] item: Leftovers\n|-heal|p2a: Slowbro|73\/274|[from] item: Leftovers\n|upkeep\n|turn|412\n|\n|t:|1625984470\n|move|p2a: Slowbro|Struggle|p1a: Slowking\n|-damage|p1a: Slowking|199\/274\n|-damage|p2a: Slowbro|67\/274|[from] Recoil|[of] p1a: Slowking\n|move|p1a: Slowking|Psychic|p2a: Slowbro\n|-resisted|p2a: Slowbro\n|-damage|p2a: Slowbro|0 fnt\n|faint|p2a: Slowbro\n|\n|win|drxx\n|l|\u2606drxx\n","inputlog":">version ba2a1093116b30d460c7c0324c48aacbc42a1796\n>start {\"formatid\":\"gen2randombattle\",\"seed\":[17543,2840,57754,53230]}\n>player p1 {\"name\":\"drxx\",\"avatar\":\"101\",\"rating\":0,\"seed\":[12446,45559,11406,18245]}\n>player p2 {\"name\":\"Buhrito\",\"avatar\":\"preschooler\",\"rating\":0,\"seed\":[32470,24682,27630,30606]}\n>p1 move safeguard\n>p2 switch 4\n>p1 move counter\n>p2 move swordsdance\n>p1 move counter\n>p2 move bodyslam\n>p1 switch 2\n>p2 move swordsdance\n>p1 move thunderbolt\n>p2 move bodyslam\n>p2 switch 3\n>p1 move substitute\n>p2 move thunderwave\n>p1 move thunderwave\n>p2 move substitute\n>p1 move thunderbolt\n>p2 move thunderbolt\n>p1 move thunderbolt\n>p2 move thunderbolt\n>p1 switch 6\n>p2 move substitute\n>p1 move earthquake\n>p2 move hiddenpower\n>p1 move earthquake\n>p2 move hiddenpower\n>p2 switch 5\n>p1 move earthquake\n>p2 move surf\n>p1 switch 4\n>p1 move psychic\n>p2 move swordsdance\n>p1 move psychic\n>p2 move return\n>p1 switch 6\n>p2 move rest\n>p1 move thunderbolt\n>p2 move return\n>p2 switch 2\n>p1 move thunderwave\n>p2 move firepunch\n>p1 switch 3\n>p1 move earthquake\n>p2 move hypnosis\n>p1 move sleeptalk\n>p2 switch 6\n>p1 switch 6\n>p2 move nightmare\n>p1 move rest\n>p2 switch 4\n>p1 move psychic\n>p2 switch 4\n>p1 move sleeptalk\n>p2 move substitute\n>p1 switch 2\n>p2 move nightmare\n>p1 move mimic\n>p2 move icebeam\n>p1 move mirrorcoat\n>p2 move substitute\n>p1 move mirrorcoat\n>p2 move icebeam\n>p1 move icebeam\n>p2 move substitute\n>p1 move mirrorcoat\n>p2 move nightmare\n>p1 move icebeam\n>p2 move nightmare\n>p1 move icebeam\n>p2 move nightmare\n>p1 switch 5\n>p2 move substitute\n>p1 move bellydrum\n>p2 move icebeam\n>p1 move bellydrum\n>p2 move icebeam\n>p1 move bellydrum\n>p2 move icebeam\n>p1 switch 5\n>p2 move icebeam\n>p1 move mirrorcoat\n>p2 move nightmare\n>p1 switch 5\n>p2 move nightmare\n>p1 switch 5\n>p2 move icebeam\n>p1 move mirrorcoat\n>p2 move nightmare\n>p1 move mirrorcoat\n>p2 move icebeam\n>p1 switch 5\n>p2 move substitute\n>p1 switch 2\n>p2 move icebeam\n>p1 switch 5\n>p2 move nightmare\n>p1 move mirrorcoat\n>p2 move icebeam\n>p1 switch 2\n>p2 move icebeam\n>p1 move lovelykiss\n>p2 switch 4\n>p1 switch 5\n>p2 move surf\n>p1 move surf\n>p2 move surf\n>p1 move psychic\n>p2 move surf\n>p1 move surf\n>p2 move surf\n>p1 move surf\n>p2 move surf\n>p1 move surf\n>p2 move rest\n>p1 move rest\n>p2 move sleeptalk\n>p1 move psychic\n>p2 move surf\n>p1 switch 6\n>p2 move surf\n>p1 switch 6\n>p2 move psychic\n>p1 move psychic\n>p2 move surf\n>p1 move psychic\n>p2 move surf\n>p1 move rest\n>p2 move rest\n>p1 move surf\n>p2 move surf\n>p1 move surf\n>p2 move surf\n>p1 move surf\n>p2 move sleeptalk\n>p1 switch 5\n>p2 move rest\n>p1 switch 5\n>p2 move sleeptalk\n>p1 move rest\n>p2 switch 4\n>p1 switch 5\n>p2 switch 6\n>p1 switch 6\n>p2 move icepunch\n>p1 move rest\n>p2 move explosion\n>p1 switch 2\n>p2 switch 4\n>p1 move mirrorcoat\n>p2 move surf\n>p1 move safeguard\n>p2 switch 6\n>p1 move mirrorcoat\n>p2 switch 6\n>p1 move mimic\n>p2 switch 6\n>p1 switch 5\n>p2 switch 6\n>p1 switch 5\n>p2 switch 6\n>p1 switch 5\n>p2 switch 6\n>p1 switch 5\n>p2 switch 6\n>p1 switch 5\n>p2 switch 6\n>p1 switch 5\n>p2 switch 6\n>p1 switch 5\n>p2 switch 6\n>p1 switch 5\n>p2 switch 6\n>p1 switch 5\n>p2 switch 6\n>p1 switch 5\n>p2 switch 6\n>p1 switch 5\n>p2 switch 6\n>p1 switch 5\n>p2 switch 6\n>p1 switch 5\n>p2 switch 6\n>p1 switch 5\n>p2 switch 6\n>p1 switch 5\n>p2 switch 6\n>p1 switch 5\n>p2 switch 6\n>p1 switch 5\n>p2 switch 6\n>p1 switch 5\n>p2 switch 6\n>p1 switch 5\n>p2 switch 6\n>p1 switch 5\n>p2 switch 6\n>p1 switch 5\n>p2 switch 6\n>p1 switch 6\n>p2 switch 6\n>p1 move bellydrum\n>p2 switch 6\n>p1 switch 6\n>p2 switch 6\n>p1 switch 5\n>p2 switch 6\n>p1 switch 6\n>p2 switch 6\n>p1 move bellydrum\n>p2 move substitute\n>p1 move bodyslam\n>p2 move icebeam\n>p1 move bodyslam\n>p2 switch 6\n>p1 switch 5\n>p2 move psychic\n>p1 move rest\n>p2 switch 6\n>p1 switch 6\n>p2 switch 6\n>p1 switch 6\n>p2 switch 6\n>p1 switch 6\n>p2 switch 6\n>p1 switch 6\n>p2 switch 6\n>p1 switch 5\n>p2 switch 6\n>p1 switch 5\n>p2 switch 6\n>p1 switch 5\n>p2 switch 6\n>p1 switch 5\n>p2 switch 6\n>p1 switch 5\n>p2 move lovelykiss\n>p1 move bodyslam\n>p2 move icebeam\n>p1 move bodyslam\n>p2 switch 6\n>p1 switch 5\n>p2 move surf\n>p1 move psychic\n>p2 switch 6\n>p1 switch 5\n>p2 switch 6\n>p1 switch 5\n>p2 move psychic\n>p1 switch 6\n>p2 move psychic\n>p1 switch 6\n>p2 move psychic\n>p1 switch 6\n>p2 switch 6\n>p1 switch 5\n>p2 switch 6\n>p1 switch 6\n>p2 switch 6\n>p1 switch 6\n>p2 switch 6\n>p1 switch 6\n>p2 switch 6\n>p1 switch 6\n>p2 switch 6\n>p1 switch 6\n>p2 switch 6\n>p1 switch 6\n>p2 switch 6\n>p1 switch 6\n>p2 move psychic\n>p1 switch 5\n>p2 switch 6\n>p1 move mimic\n>p2 switch 6\n>p1 switch 5\n>p2 switch 6\n>p1 switch 6\n>p2 move lovelykiss\n>p1 move bodyslam\n>p2 switch 6\n>p1 switch 6\n>p2 switch 6\n>p1 switch 6\n>p2 switch 6\n>p1 switch 5\n>p2 switch 6\n>p1 switch 5\n>p2 switch 6\n>p1 switch 5\n>p2 move psychic\n>p1 switch 6\n>p2 switch 6\n>p1 switch 6\n>p2 switch 6\n>p1 switch 6\n>p2 switch 6\n>p1 switch 5\n>p2 switch 6\n>p1 switch 6\n>p2 switch 6\n>p1 switch 5\n>p2 switch 6\n>p1 switch 5\n>p2 switch 6\n>p1 switch 6\n>p2 switch 6\n>p1 switch 5\n>p2 switch 6\n>p1 switch 6\n>p2 switch 6\n>p1 switch 6\n>p2 switch 6\n>p1 switch 5\n>p2 switch 6\n>p1 switch 6\n>p2 switch 6\n>p1 switch 5\n>p2 switch 6\n>p1 switch 5\n>p2 switch 6\n>p1 switch 5\n>p2 switch 6\n>p1 switch 5\n>p2 switch 6\n>p1 switch 6\n>p2 switch 6\n>p1 switch 5\n>p2 switch 6\n>p1 switch 5\n>p2 switch 6\n>p1 switch 5\n>p2 switch 6\n>p1 switch 5\n>p2 move nightmare\n>p1 switch 6\n>p2 move substitute\n>p1 switch 6\n>p2 move nightmare\n>p1 move lovelykiss\n>p2 switch 6\n>p1 switch 5\n>p2 switch 6\n>p1 switch 5\n>p2 switch 6\n>p1 switch 5\n>p2 switch 6\n>p1 switch 5\n>p2 switch 6\n>p1 switch 5\n>p2 switch 6\n>p1 switch 5\n>p2 switch 6\n>p1 switch 5\n>p2 switch 6\n>p1 switch 6\n>p2 switch 6\n>p1 switch 6\n>p2 switch 6\n>p1 switch 6\n>p2 switch 6\n>p1 switch 6\n>p2 switch 6\n>p1 switch 6\n>p2 switch 6\n>p1 switch 6\n>p2 switch 6\n>p1 switch 5\n>p2 switch 6\n>p1 switch 5\n>p2 move psychic\n>p1 switch 6\n>p2 switch 6\n>p1 switch 5\n>p2 switch 6\n>p1 switch 6\n>p2 switch 6\n>p1 switch 6\n>p2 switch 6\n>p1 switch 6\n>p2 switch 6\n>p1 switch 6\n>p2 switch 6\n>p1 switch 6\n>p2 switch 6\n>p1 switch 6\n>p2 switch 6\n>p1 switch 6\n>p2 switch 6\n>p1 switch 6\n>p2 switch 6\n>p1 switch 6\n>p2 switch 6\n>p1 switch 6\n>p2 switch 6\n>p1 switch 6\n>p2 switch 6\n>p1 switch 6\n>p2 switch 6\n>p1 switch 6\n>p2 switch 6\n>p1 switch 6\n>p2 switch 6\n>p1 switch 6\n>p2 switch 6\n>p1 switch 6\n>p2 switch 6\n>p1 switch 6\n>p2 switch 6\n>p1 switch 6\n>p2 switch 6\n>p1 switch 6\n>p2 switch 6\n>p1 switch 6\n>p2 switch 6\n>p1 switch 6\n>p2 switch 6\n>p1 switch 6\n>p2 switch 6\n>p1 switch 6\n>p2 switch 6\n>p1 switch 6\n>p2 switch 6\n>p1 switch 6\n>p2 switch 6\n>p1 switch 6\n>p2 switch 6\n>p1 switch 6\n>p2 switch 6\n>p1 switch 6\n>p2 switch 6\n>p1 switch 6\n>p2 switch 6\n>p1 switch 6\n>p2 switch 6\n>p1 switch 6\n>p2 switch 6\n>p1 switch 6\n>p2 switch 6\n>p1 switch 6\n>p2 switch 6\n>p1 switch 6\n>p2 switch 6\n>p1 switch 6\n>p2 switch 6\n>p1 switch 6\n>p2 switch 6\n>p1 switch 6\n>p2 switch 6\n>p1 switch 6\n>p2 switch 6\n>p1 switch 6\n>p2 switch 6\n>p1 switch 6\n>p2 switch 6\n>p1 switch 6\n>p2 switch 6\n>p1 switch 6\n>p2 switch 6\n>p1 switch 6\n>p2 switch 6\n>p1 switch 6\n>p2 switch 6\n>p1 move bellydrum\n>p2 switch 6\n>p1 switch 6\n>p2 switch 6\n>p1 switch 5\n>p2 switch 6\n>p1 switch 6\n>p2 switch 6\n>p1 switch 5\n>p2 switch 6\n>p1 switch 6\n>p2 switch 6\n>p1 switch 6\n>p2 switch 6\n>p1 switch 5\n>p2 switch 6\n>p1 switch 6\n>p2 switch 6\n>p1 switch 6\n>p2 switch 6\n>p1 switch 6\n>p2 switch 6\n>p1 switch 6\n>p2 switch 6\n>p1 move bodyslam\n>p2 switch 6\n>p1 move bellydrum\n>p2 move lovelykiss\n>p1 move bodyslam\n>p2 move nightmare\n>p1 move bodyslam\n>p2 switch 6\n>p1 switch 5\n>p2 switch 6\n>p1 switch 5\n>p2 switch 6\n>p1 switch 5\n>p2 switch 6\n>p1 switch 5\n>p2 switch 6\n>p1 switch 5\n>p2 switch 6\n>p1 switch 5\n>p2 switch 6\n>p1 switch 5\n>p2 switch 6\n>p1 switch 5\n>p2 switch 6\n>p1 switch 5\n>p2 switch 6\n>p1 switch 5\n>p2 switch 6\n>p1 switch 5\n>p2 switch 6\n>p1 switch 5\n>p2 switch 6\n>p1 switch 5\n>p2 switch 6\n>p1 switch 5\n>p2 switch 6\n>p1 switch 5\n>p2 switch 6\n>p1 move psychic\n>p2 switch 6\n>p1 switch 6\n>p2 switch 6\n>p1 switch 5\n>p2 switch 6\n>p1 switch 6\n>p2 switch 6\n>p1 switch 6\n>p2 switch 6\n>p1 switch 5\n>p2 move surf\n>p1 switch 6\n>p2 switch 6\n>p1 switch 6\n>p2 switch 6\n>p1 switch 6\n>p2 switch 6\n>p1 switch 6\n>p2 switch 6\n>p1 switch 6\n>p2 switch 6\n>p1 switch 6\n>p2 switch 6\n>p1 switch 6\n>p2 switch 6\n>p1 switch 6\n>p2 switch 6\n>p1 switch 6\n>p2 switch 6\n>p1 switch 6\n>p2 switch 6\n>p1 switch 6\n>p2 switch 6\n>p1 switch 6\n>p2 switch 6\n>p1 switch 6\n>p2 switch 6\n>p1 switch 5\n>p2 switch 6\n>p1 switch 5\n>p2 move psychic\n>p1 switch 6\n>p2 switch 6\n>p1 move mimic\n>p2 switch 6\n>p1 move mirrorcoat\n>p2 switch 6\n>p1 move safeguard\n>p2 switch 6\n>p1 switch 6\n>p2 switch 6\n>p1 switch 5\n>p2 switch 6\n>p1 move bodyslam\n>p2 switch 6\n>p1 move bellydrum\n>p2 move substitute\n>p1 move bodyslam\n>p2 move lovelykiss\n>p1 move bodyslam\n>p2 move lovelykiss\n>p1 move bodyslam\n>p2 switch 6\n>p1 switch 5\n>p2 move psychic\n>p1 switch 6\n>p2 switch 6\n>p1 switch 5\n>p2 switch 6\n>p1 switch 6\n>p2 switch 6\n>p1 switch 6\n>p2 switch 6\n>p1 switch 6\n>p2 switch 6\n>p1 switch 6\n>p2 switch 6\n>p1 switch 6\n>p2 switch 6\n>p1 switch 6\n>p2 switch 6\n>p1 switch 6\n>p2 switch 6\n>p1 switch 6\n>p2 switch 6\n>p1 switch 6\n>p2 switch 6\n>p1 switch 6\n>p2 switch 6\n>p1 switch 6\n>p2 switch 6\n>p1 switch 5\n>p2 switch 6\n>p1 switch 6\n>p2 switch 6\n>p1 move bodyslam\n>p2 switch 6\n>p1 switch 5\n>p2 switch 6\n>p1 switch 6\n>p2 switch 6\n>p1 switch 6\n>p2 switch 6\n>p1 switch 5\n>p2 switch 6\n>p1 switch 5\n>p2 switch 6\n>p1 switch 5\n>p2 switch 6\n>p1 switch 5\n>p2 switch 6\n>p1 switch 5\n>p2 switch 6\n>p1 switch 5\n>p2 switch 6\n>p1 switch 5\n>p2 switch 6\n>p1 switch 5\n>p2 switch 6\n>p1 switch 5\n>p2 switch 6\n>p1 switch 5\n>p2 switch 6\n>p1 switch 5\n>p2 switch 6\n>p1 switch 5\n>p2 switch 6\n>p1 switch 5\n>p2 switch 6\n>p1 switch 5\n>p2 switch 6\n>p1 switch 5\n>p2 switch 6\n>p1 switch 5\n>p2 switch 6\n>p1 switch 5\n>p2 switch 6\n>p1 switch 5\n>p2 switch 6\n>p1 switch 5\n>p2 switch 6\n>p1 switch 5\n>p2 switch 6\n>p1 switch 5\n>p2 switch 6\n>p1 switch 5\n>p2 switch 6\n>p1 switch 5\n>p2 switch 6\n>p1 switch 5\n>p2 switch 6\n>p1 switch 5\n>p2 switch 6\n>p1 switch 5\n>p2 switch 6\n>p1 switch 5\n>p2 switch 6\n>p1 switch 5\n>p2 switch 6\n>p1 switch 5\n>p2 switch 6\n>p1 switch 5\n>p2 switch 6\n>p1 switch 6\n>p2 switch 6\n>p1 switch 5\n>p2 switch 6\n>p1 move bodyslam\n>p2 switch 6\n>p1 switch 6\n>p2 switch 6\n>p1 switch 6\n>p2 switch 6\n>p1 switch 6\n>p2 switch 6\n>p1 switch 6\n>p2 switch 6\n>p1 switch 6\n>p2 switch 6\n>p1 switch 6\n>p2 switch 6\n>p1 switch 6\n>p2 switch 6\n>p1 switch 6\n>p2 switch 6\n>p1 move bodyslam\n>p2 switch 6\n>p1 move bellydrum\n>p2 move lovelykiss\n>p1 move bodyslam\n>p2 move lovelykiss\n>p2 switch 6\n>p1 move bodyslam\n>p2 move psychic\n>p1 switch 6\n>p2 move psychic\n>p1 switch 5\n>p2 move rest\n>p1 switch 5\n>p2 move sleeptalk\n>p1 switch 5\n>p2 move sleeptalk\n>p1 switch 5\n>p2 move surf\n>p1 switch 5\n>p2 move surf\n>p1 move mirrorcoat\n>p2 move surf\n>p1 switch 5\n>p2 move rest\n>p1 switch 5\n>p2 move surf\n>p1 switch 5\n>p2 move surf\n>p1 switch 5\n>p2 move surf\n>p1 switch 5\n>p2 move surf\n>p1 switch 5\n>p2 move surf\n>p1 move mirrorcoat\n>p2 move surf\n>p1 move mirrorcoat\n>p2 move rest\n>p1 switch 5\n>p2 move surf\n>p1 move rest\n>p2 move surf\n>p1 switch 5\n>p2 move surf\n>p1 switch 5\n>p2 move surf\n>p1 move psychic\n>p2 move surf\n>p1 move psychic\n>p2 move surf\n>p1 move psychic\n>p2 move surf\n>p1 switch 5\n>p2 move surf\n>p1 switch 5\n>p2 move surf\n>p1 move sleeptalk\n>p2 move psychic\n>p1 move sleeptalk\n>p2 move psychic\n>p1 move sleeptalk\n>p2 move sleeptalk\n>p1 move rest\n>p2 move sleeptalk\n>p1 move psychic\n>p2 move sleeptalk\n>p1 move psychic\n>p2 move sleeptalk\n>p1 move psychic\n>p2 move sleeptalk\n>p1 move psychic\n>p2 move sleeptalk\n>p1 switch 5\n>p2 move rest\n>p1 move mirrorcoat\n>p2 move psychic\n>p1 move mirrorcoat\n>p2 move psychic\n>p1 switch 5\n>p2 move psychic\n>p1 move sleeptalk\n>p2 move sleeptalk\n>p1 move sleeptalk\n>p2 move sleeptalk\n>p1 move sleeptalk\n>p2 move sleeptalk\n>p1 move sleeptalk\n>p2 move rest\n>p1 move sleeptalk\n>p2 move rest\n>p1 move sleeptalk\n>p2 move rest\n>p1 move sleeptalk\n>p2 move rest\n>p1 move sleeptalk\n>p2 move rest\n>p1 move sleeptalk\n>p2 move rest\n>p1 move sleeptalk\n>p2 move rest\n>p1 switch 5\n>p2 move sleeptalk\n>p1 move safeguard\n>p2 move rest\n>p1 switch 5\n>p2 move sleeptalk\n>p1 switch 5\n>p2 move psychic\n>p1 switch 5\n>p2 move rest\n>p1 move psychic\n>p2 move struggle\n>p1 move psychic\n>p2 move struggle\n>p1 move psychic\n>p2 move struggle\n>p1 move psychic\n>p2 move struggle\n>p1 move psychic\n>p2 move struggle\n>p1 move psychic\n>p2 move struggle","uploadtime":1625984501,"views":49,"p1id":"drxx","p2id":"buhrito","formatid":"gen2randombattle","rating":0,"private":0,"password":null}