{"id":"gen2ubers-1334816749","p1":"ArdiGasna","p2":"tesla roadster","format":"gen2ubers","log":"|j|\u2606ArdiGasna\n|j|\u2606tesla roadster\n|inactive|Battle timer is ON: inactive players will automatically lose when time's up.\n|t:|1620227556\n|gametype|singles\n|player|p1|ArdiGasna|rancher|\n|player|p2|tesla roadster|101|\n|teamsize|p1|6\n|teamsize|p2|6\n|gen|2\n|tier|[Gen 2] Ubers\n|rated|Tournament battle\n|rule|Sleep Clause Mod: Limit one foe put to sleep\n|rule|Freeze Clause Mod: Limit one foe frozen\n|rule|Species Clause: Limit one of each Pok\u00e9mon\n|rule|OHKO Clause: OHKO moves are banned\n|rule|Evasion Moves Clause: Evasion moves are banned\n|rule|Endless Battle Clause: Forcing endless battles is banned\n|rule|HP Percentage Mod: HP is shown in percentages\n|\n|t:|1620227556\n|start\n|switch|p1a: Mewtwo|Mewtwo|100\/100\n|switch|p2a: 22$G BIG$Z|Smeargle, M|100\/100\n|turn|1\n|j| The Northern Blade\n|c|\u2606tesla roadster|k lets go\n|c|\u2606ArdiGasna|hf\n|j|^rng loser\n|inactive|ArdiGasna has 120 seconds left.\n|\n|t:|1620227587\n|move|p1a: Mewtwo|Fire Blast|p2a: 22$G BIG$Z\n|-damage|p2a: 22$G BIG$Z|36\/100\n|move|p2a: 22$G BIG$Z|Agility|p2a: 22$G BIG$Z\n|-boost|p2a: 22$G BIG$Z|spe|2\n|\n|upkeep\n|turn|2\n|\n|t:|1620227593\n|move|p2a: 22$G BIG$Z|Spore|p1a: Mewtwo\n|-status|p1a: Mewtwo|slp|[from] move: Spore\n|cant|p1a: Mewtwo|slp\n|\n|upkeep\n|turn|3\n|\n|t:|1620227600\n|move|p2a: 22$G BIG$Z|Baton Pass|p2a: 22$G BIG$Z\n|\n|t:|1620227625\n|switch|p2a: BIG G CHOPPA|Snorlax, M|100\/100|[from]move: Baton Pass\n|-curestatus|p1a: Mewtwo|slp|[msg]\n|move|p1a: Mewtwo|Self-Destruct|p2a: BIG G CHOPPA\n|-damage|p2a: BIG G CHOPPA|11\/100\n|faint|p1a: Mewtwo\n|\n|t:|1620227637\n|switch|p1a: Mew|Mew|100\/100\n|\n|-heal|p2a: BIG G CHOPPA|17\/100|[from] item: Leftovers\n|upkeep\n|turn|4\n|j| Holy ShangriLa\n|\n|t:|1620227655\n|switch|p1a: Steelix|Steelix, M|100\/100\n|move|p2a: BIG G CHOPPA|Belly Drum|p2a: BIG G CHOPPA\n|-boost|p2a: BIG G CHOPPA|atk|2|[silent]\n|-hint|In Gen 2, Belly Drum boosts by 2 when it fails.\n|-fail|p2a: BIG G CHOPPA\n|\n|-heal|p2a: BIG G CHOPPA|23\/100|[from] item: Leftovers\n|upkeep\n|turn|5\n|c|\u2606ArdiGasna|wtf\n|\n|t:|1620227666\n|move|p2a: BIG G CHOPPA|Earthquake|p1a: Steelix\n|-supereffective|p1a: Steelix\n|-damage|p1a: Steelix|42\/100\n|move|p1a: Steelix|Roar|p2a: BIG G CHOPPA\n|drag|p2a: youngbasedlordchop|Marowak, M|100\/100\n|\n|-heal|p1a: Steelix|48\/100|[from] item: Leftovers\n|upkeep\n|turn|6\n|c|\u2606tesla roadster|yeah\n|c|\u2606tesla roadster|belly drum glitch\n|inactive|tesla roadster has 120 seconds left.\n|\n|t:|1620227699\n|switch|p1a: Lugia|Lugia|100\/100\n|move|p2a: youngbasedlordchop|Earthquake|p1a: Lugia\n|-immune|p1a: Lugia\n|\n|upkeep\n|turn|7\n|\n|t:|1620227703\n|switch|p2a: Camilas|Jolteon, M|100\/100\n|move|p1a: Lugia|Curse|p1a: Lugia\n|-unboost|p1a: Lugia|spe|1\n|-boost|p1a: Lugia|atk|1\n|-boost|p1a: Lugia|def|1\n|\n|upkeep\n|turn|8\n|\n|t:|1620227717\n|switch|p1a: Steelix|Steelix, M|48\/100\n|move|p2a: Camilas|Hidden Power|p1a: Steelix\n|-supereffective|p1a: Steelix\n|-damage|p1a: Steelix|7\/100\n|\n|-heal|p1a: Steelix|13\/100|[from] item: Leftovers\n|upkeep\n|turn|9\n|c|\u2606ArdiGasna|wp\n|\n|t:|1620227728\n|move|p2a: Camilas|Hidden Power|p1a: Steelix\n|-supereffective|p1a: Steelix\n|-damage|p1a: Steelix|0 fnt\n|faint|p1a: Steelix\n|\n|t:|1620227731\n|switch|p1a: Snorlax|Snorlax, M|100\/100\n|\n|upkeep\n|turn|10\n|j| Sethrus10\n|l| Sethrus10\n|\n|t:|1620227756\n|move|p2a: Camilas|Baton Pass|p2a: Camilas\n|\n|t:|1620227758\n|switch|p2a: Chop|Scizor, M|100\/100|[from]move: Baton Pass\n|move|p1a: Snorlax|Lovely Kiss|p2a: Chop\n|-status|p2a: Chop|slp|[from] move: Lovely Kiss\n|-enditem|p2a: Chop|Miracle Berry|[eat]\n|-curestatus|p2a: Chop|slp|[msg]\n|\n|upkeep\n|turn|11\n|\n|t:|1620227766\n|move|p2a: Chop|Baton Pass|p2a: Chop\n|\n|t:|1620227768\n|switch|p2a: 22$G BIG$Z|Smeargle, M|36\/100|[from]move: Baton Pass\n|move|p1a: Snorlax|Lovely Kiss|p2a: 22$G BIG$Z\n|-status|p2a: 22$G BIG$Z|slp|[from] move: Lovely Kiss\n|-enditem|p2a: 22$G BIG$Z|Miracle Berry|[eat]\n|-curestatus|p2a: 22$G BIG$Z|slp|[msg]\n|\n|upkeep\n|turn|12\n|\n|t:|1620227778\n|move|p2a: 22$G BIG$Z|Spore|p1a: Snorlax\n|-status|p1a: Snorlax|slp|[from] move: Spore\n|cant|p1a: Snorlax|slp\n|\n|upkeep\n|turn|13\n|\n|t:|1620227803\n|move|p2a: 22$G BIG$Z|Agility|p2a: 22$G BIG$Z\n|-boost|p2a: 22$G BIG$Z|spe|2\n|cant|p1a: Snorlax|slp\n|\n|upkeep\n|turn|14\n|\n|t:|1620227807\n|move|p2a: 22$G BIG$Z|Substitute|p2a: 22$G BIG$Z\n|-start|p2a: 22$G BIG$Z|Substitute\n|-damage|p2a: 22$G BIG$Z|11\/100\n|cant|p1a: Snorlax|slp\n|\n|upkeep\n|turn|15\n|\n|t:|1620227817\n|move|p2a: 22$G BIG$Z|Baton Pass|p2a: 22$G BIG$Z\n|\n|t:|1620227824\n|switch|p2a: Chop|Scizor, M|100\/100|[from]move: Baton Pass\n|-curestatus|p1a: Snorlax|slp|[msg]\n|move|p1a: Snorlax|Double-Edge|p2a: Chop\n|-resisted|p2a: Chop\n|-activate|p2a: Chop|Substitute|[damage]\n|-damage|p1a: Snorlax|99\/100|[from] Recoil|[of] p2a: Chop\n|\n|-heal|p1a: Snorlax|100\/100|[from] item: Leftovers\n|upkeep\n|turn|16\n|j|@steel's kitty\n|\n|t:|1620227835\n|switch|p1a: Lugia|Lugia|100\/100\n|move|p2a: Chop|Swords Dance|p2a: Chop\n|-boost|p2a: Chop|atk|2\n|\n|upkeep\n|turn|17\n|\n|t:|1620227840\n|move|p2a: Chop|Hidden Power|p1a: Lugia\n|-damage|p1a: Lugia|61\/100\n|move|p1a: Lugia|Whirlwind|p2a: Chop\n|drag|p2a: 22$G BIG$Z|Smeargle, M|11\/100\n|\n|-heal|p1a: Lugia|67\/100|[from] item: Leftovers\n|upkeep\n|turn|18\n|c| Holy ShangriLa|wasn't that substitute icon also used for when pokemon used minimize?\n|\n|t:|1620227846\n|switch|p2a: Camilas|Jolteon, M|100\/100\n|move|p1a: Lugia|Aeroblast|p2a: Camilas\n|-resisted|p2a: Camilas\n|-damage|p2a: Camilas|77\/100\n|\n|-heal|p2a: Camilas|83\/100|[from] item: Leftovers\n|-heal|p1a: Lugia|73\/100|[from] item: Leftovers\n|upkeep\n|turn|19\n|\n|t:|1620227852\n|switch|p1a: Snorlax|Snorlax, M|100\/100\n|move|p2a: Camilas|Baton Pass|p2a: Camilas\n|\n|t:|1620227853\n|switch|p2a: 22$G BIG$Z|Smeargle, M|11\/100|[from]move: Baton Pass\n|\n|upkeep\n|turn|20\n|\n|t:|1620227860\n|move|p2a: 22$G BIG$Z|Spore|p1a: Snorlax\n|-status|p1a: Snorlax|slp|[from] move: Spore\n|cant|p1a: Snorlax|slp\n|\n|upkeep\n|turn|21\n|c|^rng loser|its just a poke doll i think\n|\n|t:|1620227874\n|move|p2a: 22$G BIG$Z|Agility|p2a: 22$G BIG$Z\n|-boost|p2a: 22$G BIG$Z|spe|2\n|cant|p1a: Snorlax|slp\n|\n|upkeep\n|turn|22\n|\n|t:|1620227880\n|move|p2a: 22$G BIG$Z|Baton Pass|p2a: 22$G BIG$Z\n|\n|t:|1620227885\n|switch|p2a: BIG G CHOPPA|Snorlax, M|23\/100|[from]move: Baton Pass\n|-curestatus|p1a: Snorlax|slp|[msg]\n|move|p1a: Snorlax|Double-Edge|p2a: BIG G CHOPPA\n|-damage|p2a: BIG G CHOPPA|0 fnt\n|-damage|p1a: Snorlax|95\/100|[from] Recoil|[of] p2a: BIG G CHOPPA\n|faint|p2a: BIG G CHOPPA\n|j| Breaking1800\n|\n|t:|1620227893\n|switch|p2a: 22$G BIG$Z|Smeargle, M|11\/100\n|\n|-heal|p1a: Snorlax|100\/100|[from] item: Leftovers\n|upkeep\n|turn|23\n|\n|t:|1620227895\n|move|p2a: 22$G BIG$Z|Spore|p1a: Snorlax\n|-status|p1a: Snorlax|slp|[from] move: Spore\n|cant|p1a: Snorlax|slp\n|\n|upkeep\n|turn|24\n|\n|t:|1620227908\n|move|p2a: 22$G BIG$Z|Baton Pass|p2a: 22$G BIG$Z\n|\n|t:|1620227911\n|switch|p2a: youngbasedlordchop|Marowak, M|100\/100|[from]move: Baton Pass\n|cant|p1a: Snorlax|slp\n|\n|upkeep\n|turn|25\n|\n|t:|1620227917\n|move|p2a: youngbasedlordchop|Swords Dance|p2a: youngbasedlordchop\n|-boost|p2a: youngbasedlordchop|atk|2\n|-curestatus|p1a: Snorlax|slp|[msg]\n|move|p1a: Snorlax|Self-Destruct|p2a: youngbasedlordchop\n|-damage|p2a: youngbasedlordchop|0 fnt\n|faint|p1a: Snorlax\n|faint|p2a: youngbasedlordchop\n|\n|t:|1620227927\n|switch|p2a: Chop|Scizor, M|100\/100\n|switch|p1a: Zapdos|Zapdos|100\/100\n|\n|upkeep\n|turn|26\n|inactive|tesla roadster has 120 seconds left.\n|j| Asurx\n|j| UFG KGR\n|\n|t:|1620227964\n|move|p1a: Zapdos|Thunder|p2a: Chop|[miss]\n|-miss|p1a: Zapdos\n|move|p2a: Chop|Swords Dance|p2a: Chop\n|-boost|p2a: Chop|atk|2\n|\n|upkeep\n|turn|27\n|inactive|tesla roadster has 120 seconds left.\n|\n|t:|1620227979\n|move|p1a: Zapdos|Thunder|p2a: Chop\n|-damage|p2a: Chop|49\/100\n|-status|p2a: Chop|par\n|move|p2a: Chop|Baton Pass|p2a: Chop\n|inactive|tesla roadster has 120 seconds left.\n|\n|t:|1620227985\n|switch|p2a: MAKE SUM DOLLAZ|Mew|100\/100|[from]move: Baton Pass\n|\n|upkeep\n|turn|28\n|\n|t:|1620227989\n|move|p2a: MAKE SUM DOLLAZ|Shadow Ball|p1a: Zapdos\n|-damage|p1a: Zapdos|65\/100\n|move|p1a: Zapdos|Thunder|p2a: MAKE SUM DOLLAZ\n|-damage|p2a: MAKE SUM DOLLAZ|57\/100\n|\n|-heal|p1a: Zapdos|71\/100|[from] item: Leftovers\n|upkeep\n|turn|29\n|c|@steel's kitty|u a peon like my toilet\n|\n|t:|1620228002\n|move|p1a: Zapdos|Thunder|p2a: MAKE SUM DOLLAZ\n|-damage|p2a: MAKE SUM DOLLAZ|13\/100\n|-status|p2a: MAKE SUM DOLLAZ|par\n|-enditem|p2a: MAKE SUM DOLLAZ|Miracle Berry|[eat]\n|-curestatus|p2a: MAKE SUM DOLLAZ|par|[msg]\n|move|p2a: MAKE SUM DOLLAZ|Shadow Ball|p1a: Zapdos\n|-damage|p1a: Zapdos|30\/100\n|\n|-heal|p1a: Zapdos|36\/100|[from] item: Leftovers\n|upkeep\n|turn|30\n|c|\u2606tesla roadster|Ur old n crusty go play battyboy tunes w ur guitar\n|c|\u2606ArdiGasna|hmm\n|inactive|tesla roadster has 120 seconds left.\n|\n|t:|1620228032\n|move|p2a: MAKE SUM DOLLAZ|Explosion|p1a: Zapdos\n|-damage|p1a: Zapdos|0 fnt\n|faint|p2a: MAKE SUM DOLLAZ\n|faint|p1a: Zapdos\n|inactive|tesla roadster has 120 seconds left.\n|\n|t:|1620228060\n|switch|p1a: Mew|Mew|100\/100\n|switch|p2a: Chop|Scizor, M|49\/100 par\n|\n|upkeep\n|turn|31\n|\n|t:|1620228069\n|move|p1a: Mew|Swords Dance|p1a: Mew\n|-boost|p1a: Mew|atk|2\n|move|p2a: Chop|Hidden Power|p1a: Mew\n|-supereffective|p1a: Mew\n|-damage|p1a: Mew|54\/100\n|\n|-heal|p1a: Mew|60\/100|[from] item: Leftovers\n|upkeep\n|turn|32\n|inactive|tesla roadster has 120 seconds left.\n|l| UFG KGR\n|\n|t:|1620228077\n|move|p1a: Mew|Earthquake|p2a: Chop\n|-damage|p2a: Chop|0 fnt\n|faint|p2a: Chop\n|\n|t:|1620228080\n|switch|p2a: Camilas|Jolteon, M|83\/100\n|\n|-heal|p2a: Camilas|89\/100|[from] item: Leftovers\n|-heal|p1a: Mew|66\/100|[from] item: Leftovers\n|upkeep\n|turn|33\n|\n|t:|1620228082\n|move|p2a: Camilas|Thunder|p1a: Mew|[miss]\n|-miss|p2a: Camilas\n|move|p1a: Mew|Earthquake|p2a: Camilas\n|-supereffective|p2a: Camilas\n|-damage|p2a: Camilas|0 fnt\n|faint|p2a: Camilas\n|c|\u2606tesla roadster|gg\n|\n|t:|1620228086\n|switch|p2a: 22$G BIG$Z|Smeargle, M|11\/100\n|\n|-heal|p1a: Mew|72\/100|[from] item: Leftovers\n|upkeep\n|turn|34\n|c|\u2606ArdiGasna|gg\n|l| Asurx\n|c|\u2606ArdiGasna|once again\n|j| Holymolycrabby\n|c|\u2606ArdiGasna|the best of the best holies won\n|\n|t:|1620228107\n|move|p1a: Mew|Earthquake|p2a: 22$G BIG$Z\n|-damage|p2a: 22$G BIG$Z|0 fnt\n|faint|p2a: 22$G BIG$Z\n|\n|win|ArdiGasna\n|n|\u2606ArdiGasna|ardigasna\n|n|\u2606tesla roadster|teslaroadster\n|n| The Northern Blade|thenorthernblade\n|n| rng loser|rngloser\n|n| Holy ShangriLa|holyshangrila\n|n|+steel's kitty|steelskitty\n|n| Breaking1800|breaking1800\n|n| Holymolycrabby|holymolycrabby\n","uploadtime":1620228109,"views":1,"p1id":"ardigasna","p2id":"teslaroadster","formatid":"gen2ubers","rating":0,"private":0,"password":null}