{"id":"gen2nu-1630311657","p1":"Hitmonstars","p2":"Lou dort","format":"gen2nu","log":"|j|\u2606Hitmonstars\n|j|\u2606Lou dort\n|t:|1659404998\n|gametype|singles\n|player|p1|Hitmonstars|blue-masters|\n|player|p2|Lou dort|ethan-gen2c|\n|teamsize|p1|6\n|teamsize|p2|6\n|gen|2\n|tier|[Gen 2] NU\n|rated|Tournament battle\n|rule|Sleep Clause Mod: Limit one foe put to sleep\n|rule|Freeze Clause Mod: Limit one foe frozen\n|rule|Species Clause: Limit one of each Pok\u00e9mon\n|rule|OHKO Clause: OHKO moves are banned\n|rule|Evasion Moves Clause: Evasion moves are banned\n|rule|Endless Battle Clause: Forcing endless battles is banned\n|rule|HP Percentage Mod: HP is shown in percentages\n|\n|t:|1659404998\n|start\n|switch|p1a: Magby|Magby, M|100\/100\n|switch|p2a: Butterfree|Butterfree, M|100\/100\n|turn|1\n|j| BB-8-NU\n|inactive|Battle timer is ON: inactive players will automatically lose when time's up. (requested by Lou dort)\n|j| BlisseyMaster13\n|j| sexywooper\n|c|\u2606Hitmonstars|Hf\n|j| Mono Bad Teams\n|c| BlisseyMaster13|good luck\n|c|\u2606Lou dort|i have no idea how to play this tier\n|c|\u2606Lou dort|hf\n|j|%ibbysonlyfan\n|\n|t:|1659405029\n|switch|p2a: Croconaw|Croconaw, M|100\/100\n|move|p1a: Magby|Thief|p2a: Croconaw\n|-damage|p2a: Croconaw|91\/100\n|-item|p1a: Magby|Leftovers|[from] move: Thief|[of] p2a: Croconaw\n|\n|upkeep\n|turn|2\n|c| BlisseyMaster13|then u are probably screwed\n|\n|t:|1659405038\n|switch|p1a: Croconaw|Croconaw, M|100\/100\n|move|p2a: Croconaw|Curse|p2a: Croconaw\n|-unboost|p2a: Croconaw|spe|1\n|-boost|p2a: Croconaw|atk|1\n|-boost|p2a: Croconaw|def|1\n|\n|upkeep\n|turn|3\n|j|+Wildfiree \u2764\n|c| BlisseyMaster13|hitmonstars mains it\n|c|\u2606Lou dort|uh huh\n|\n|t:|1659405054\n|switch|p1a: Weepinbell|Weepinbell, M|100\/100\n|move|p2a: Croconaw|Return|p1a: Weepinbell\n|-damage|p1a: Weepinbell|50\/100\n|\n|-heal|p1a: Weepinbell|56\/100|[from] item: Leftovers\n|upkeep\n|turn|4\n|\n|t:|1659405073\n|switch|p2a: Butterfree|Butterfree, M|100\/100\n|move|p1a: Weepinbell|Sleep Powder|p2a: Butterfree\n|-status|p2a: Butterfree|slp|[from] move: Sleep Powder\n|-enditem|p2a: Butterfree|Miracle Berry|[eat]\n|-curestatus|p2a: Butterfree|slp|[msg]\n|\n|-heal|p1a: Weepinbell|62\/100|[from] item: Leftovers\n|upkeep\n|turn|5\n|\n|t:|1659405085\n|switch|p1a: Togetic|Togetic, M|100\/100\n|move|p2a: Butterfree|Psychic|p1a: Togetic\n|-damage|p1a: Togetic|83\/100\n|\n|-heal|p1a: Togetic|89\/100|[from] item: Leftovers\n|upkeep\n|turn|6\n|l|+Wildfiree \u2764\n|\n|t:|1659405091\n|move|p2a: Butterfree|Sleep Powder|p1a: Togetic\n|-status|p1a: Togetic|slp|[from] move: Sleep Powder\n|cant|p1a: Togetic|slp\n|\n|-heal|p1a: Togetic|95\/100 slp|[from] item: Leftovers\n|upkeep\n|turn|7\n|\n|t:|1659405094\n|move|p2a: Butterfree|Hidden Power|p1a: Togetic\n|-supereffective|p1a: Togetic\n|-damage|p1a: Togetic|69\/100 slp\n|cant|p1a: Togetic|slp\n|move|p1a: Togetic|Sleep Talk|p1a: Togetic\n|move|p1a: Togetic|Double-Edge|p2a: Butterfree|[from]Sleep Talk\n|-damage|p2a: Butterfree|56\/100\n|-damage|p1a: Togetic|58\/100 slp|[from] Recoil|[of] p2a: Butterfree\n|\n|-heal|p1a: Togetic|64\/100 slp|[from] item: Leftovers\n|upkeep\n|turn|8\n|\n|t:|1659405106\n|switch|p2a: Togetic|Togetic, M|100\/100\n|cant|p1a: Togetic|slp\n|\n|-heal|p1a: Togetic|70\/100 slp|[from] item: Leftovers\n|upkeep\n|turn|9\n|c|\u2606Hitmonstars|Playing kinda bad rn thou\n|\n|t:|1659405124\n|cant|p1a: Togetic|slp\n|move|p1a: Togetic|Sleep Talk|p1a: Togetic\n|move|p1a: Togetic|Double-Edge|p2a: Togetic|[from]Sleep Talk\n|-damage|p2a: Togetic|72\/100\n|-damage|p1a: Togetic|63\/100 slp|[from] Recoil|[of] p2a: Togetic\n|move|p2a: Togetic|Charm|p1a: Togetic\n|-unboost|p1a: Togetic|atk|2\n|\n|-heal|p1a: Togetic|69\/100 slp|[from] item: Leftovers\n|upkeep\n|turn|10\n|c|\u2606Hitmonstars|Forgot I got sleep powdered\n|\n|t:|1659405138\n|switch|p1a: Ledyba|Ledyba, M|100\/100\n|move|p2a: Togetic|Metronome|p2a: Togetic\n|move|p2a: Togetic|Strength|p1a: Ledyba|[from]Metronome\n|-damage|p1a: Ledyba|63\/100\n|\n|-heal|p1a: Ledyba|69\/100|[from] item: Leftovers\n|upkeep\n|turn|11\n|c| BlisseyMaster13|lol\n|c| BlisseyMaster13|ledyba why\n|c| BlisseyMaster13|its bad stats wise\n|\n|t:|1659405163\n|move|p1a: Ledyba|Agility|p1a: Ledyba\n|-boost|p1a: Ledyba|spe|2\n|move|p2a: Togetic|Metronome|p2a: Togetic\n|move|p2a: Togetic|Double Slap|p1a: Ledyba|[from]Metronome\n|-damage|p1a: Ledyba|62\/100\n|-damage|p1a: Ledyba|55\/100\n|-damage|p1a: Ledyba|48\/100\n|-hitcount|p1a: Ledyba|3\n|\n|-heal|p1a: Ledyba|54\/100|[from] item: Leftovers\n|upkeep\n|turn|12\n|c|\u2606Lou dort|baton pass\n|c| BlisseyMaster13|yeah\n|c|\u2606Lou dort|to weepingbell\n|\n|t:|1659405176\n|move|p1a: Ledyba|Baton Pass|p1a: Ledyba\n|c| BlisseyMaster13|i figured that out\n|\n|t:|1659405178\n|switch|p1a: Weepinbell|Weepinbell, M|62\/100|[from]move: Baton Pass\n|move|p2a: Togetic|Metronome|p2a: Togetic\n|move|p2a: Togetic|Stun Spore|p1a: Weepinbell|[from]Metronome\n|-status|p1a: Weepinbell|par\n|\n|-heal|p1a: Weepinbell|68\/100 par|[from] item: Leftovers\n|upkeep\n|turn|13\n|c|\u2606Hitmonstars|pain\n|j| K4R1MB3NZ3M4\n|c| BlisseyMaster13|lol\n|\n|t:|1659405191\n|move|p2a: Togetic|Charm|p1a: Weepinbell\n|-unboost|p1a: Weepinbell|atk|2\n|move|p1a: Weepinbell|Sleep Powder|p2a: Togetic\n|-status|p2a: Togetic|slp|[from] move: Sleep Powder\n|-enditem|p2a: Togetic|Mint Berry|[eat]\n|-curestatus|p2a: Togetic|slp|[msg]\n|\n|-heal|p1a: Weepinbell|74\/100 par|[from] item: Leftovers\n|upkeep\n|turn|14\n|\n|t:|1659405199\n|switch|p2a: Butterfree|Butterfree, M|56\/100\n|switch|p1a: Smoochum|Smoochum, F|100\/100\n|\n|upkeep\n|turn|15\n|\n|t:|1659405206\n|move|p2a: Butterfree|Hidden Power|p1a: Smoochum\n|-supereffective|p1a: Smoochum\n|-damage|p1a: Smoochum|47\/100\n|move|p1a: Smoochum|Psychic|p2a: Butterfree\n|-damage|p2a: Butterfree|22\/100\n|\n|upkeep\n|turn|16\n|\n|t:|1659405215\n|switch|p1a: Togetic|Togetic, M|69\/100 slp\n|move|p2a: Butterfree|Hidden Power|p1a: Togetic\n|-supereffective|p1a: Togetic\n|-damage|p1a: Togetic|45\/100 slp\n|\n|-heal|p1a: Togetic|51\/100 slp|[from] item: Leftovers\n|upkeep\n|turn|17\n|c|\u2606Lou dort|i am playing 2 battles at once rn\n|\n|t:|1659405224\n|move|p2a: Butterfree|Hidden Power|p1a: Togetic\n|-supereffective|p1a: Togetic\n|-damage|p1a: Togetic|26\/100 slp\n|-curestatus|p1a: Togetic|slp|[msg]\n|move|p1a: Togetic|Rest|p1a: Togetic\n|-status|p1a: Togetic|slp|[from] move: Rest\n|-heal|p1a: Togetic|100\/100 slp|[silent]\n|\n|upkeep\n|turn|18\n|c|\u2606Hitmonstars|It's abit winnable rn\n|c|\u2606Hitmonstars|But it's hella hard\n|\n|t:|1659405238\n|move|p2a: Butterfree|Hidden Power|p1a: Togetic\n|-supereffective|p1a: Togetic\n|-damage|p1a: Togetic|77\/100 slp\n|cant|p1a: Togetic|slp\n|move|p1a: Togetic|Sleep Talk|p1a: Togetic\n|move|p1a: Togetic|Double-Edge|p2a: Butterfree|[from]Sleep Talk\n|-damage|p2a: Butterfree|0 fnt\n|-damage|p1a: Togetic|71\/100 slp|[from] Recoil|[of] p2a: Butterfree\n|faint|p2a: Butterfree\n|\n|t:|1659405250\n|switch|p2a: Magby|Magby, M|100\/100\n|\n|-heal|p1a: Togetic|77\/100 slp|[from] item: Leftovers\n|upkeep\n|turn|19\n|\n|t:|1659405255\n|switch|p1a: Croconaw|Croconaw, M|100\/100\n|move|p2a: Magby|Thunder Punch|p1a: Croconaw\n|-supereffective|p1a: Croconaw\n|-damage|p1a: Croconaw|62\/100\n|-status|p1a: Croconaw|par\n|\n|-heal|p1a: Croconaw|68\/100 par|[from] item: Leftovers\n|upkeep\n|turn|20\n|c| BlisseyMaster13|yup\n|c|\u2606Hitmonstars|Luck kinda bad today thou\n|inactive|Lou dort has 120 seconds left.\n|c| BlisseyMaster13|ur still ok\n|j|%innovamania\n|c|\u2606Lou dort|i lost the other battle\n|c|\u2606Hitmonstars|Still winnable thou\n|j| Drop a Beast\n|j| Trollface 72\n|c| Drop a Beast|gen 2 nu is such a funny tier\n|\n|t:|1659405311\n|move|p2a: Magby|Thunder Punch|p1a: Croconaw\n|-supereffective|p1a: Croconaw\n|-damage|p1a: Croconaw|29\/100 par\n|cant|p1a: Croconaw|par\n|\n|-heal|p1a: Croconaw|35\/100 par|[from] item: Leftovers\n|upkeep\n|turn|21\n|c| Drop a Beast|its just lc with extra steps\n|c| BlisseyMaster13|gtg bye\n|j|+Wildfiree \u2764\n|c| Drop a Beast|*zu\n|j|+SBPC !\n|c| BlisseyMaster13|goo luck\n|inactive|Hitmonstars has 120 seconds left.\n|c| BlisseyMaster13|good*\n|l| BlisseyMaster13\n|\n|t:|1659405350\n|switch|p1a: Magby|Magby, M|100\/100\n|move|p2a: Magby|Thunder Punch|p1a: Magby\n|-damage|p1a: Magby|77\/100\n|\n|-heal|p1a: Magby|83\/100|[from] item: Leftovers\n|upkeep\n|turn|22\n|c| Trollface 72|i wish to consume microplastics, red 40 and aspirtaine\n|\n|t:|1659405354\n|move|p2a: Magby|Toxic|p1a: Magby\n|-status|p1a: Magby|tox\n|move|p1a: Magby|Hidden Power|p2a: Magby\n|-supereffective|p2a: Magby\n|-damage|p2a: Magby|49\/100\n|-damage|p1a: Magby|77\/100 tox|[from] psn\n|\n|-heal|p1a: Magby|83\/100 tox|[from] item: Leftovers\n|-heal|p2a: Magby|55\/100|[from] item: Leftovers\n|upkeep\n|turn|23\n|l|+Wildfiree \u2764\n|\n|t:|1659405359\n|move|p2a: Magby|Protect|p2a: Magby\n|-singleturn|p2a: Magby|Protect\n|move|p1a: Magby|Hidden Power|p2a: Magby\n|-activate|p2a: Magby|Protect\n|-damage|p1a: Magby|71\/100 tox|[from] psn\n|\n|-heal|p2a: Magby|61\/100|[from] item: Leftovers\n|-heal|p1a: Magby|77\/100 tox|[from] item: Leftovers\n|upkeep\n|turn|24\n|\n|t:|1659405361\n|switch|p2a: Krabby|Krabby, M|100\/100\n|move|p1a: Magby|Hidden Power|p2a: Krabby\n|-damage|p2a: Krabby|82\/100\n|-damage|p1a: Magby|58\/100 tox|[from] psn\n|\n|-heal|p1a: Magby|64\/100 tox|[from] item: Leftovers\n|-heal|p2a: Krabby|88\/100|[from] item: Leftovers\n|upkeep\n|turn|25\n|\n|t:|1659405366\n|switch|p1a: Croconaw|Croconaw, M|35\/100 par\n|move|p2a: Krabby|Surf|p1a: Croconaw\n|-resisted|p1a: Croconaw\n|-damage|p1a: Croconaw|24\/100 par\n|\n|-heal|p2a: Krabby|94\/100|[from] item: Leftovers\n|-heal|p1a: Croconaw|30\/100 par|[from] item: Leftovers\n|upkeep\n|turn|26\n|\n|t:|1659405368\n|move|p2a: Krabby|Swords Dance|p2a: Krabby\n|-boost|p2a: Krabby|atk|2\n|move|p1a: Croconaw|Rest|p1a: Croconaw\n|-status|p1a: Croconaw|slp|[from] move: Rest\n|-heal|p1a: Croconaw|100\/100 slp|[silent]\n|\n|-heal|p2a: Krabby|99\/100|[from] item: Leftovers\n|upkeep\n|turn|27\n|c|%innovamania|krabby\n|c|%innovamania|*-*\n|\n|t:|1659405374\n|cant|p1a: Croconaw|slp\n|move|p1a: Croconaw|Sleep Talk|p1a: Croconaw\n|move|p1a: Croconaw|Rest|p1a: Croconaw|[from]Sleep Talk\n|-fail|p1a: Croconaw\n|move|p2a: Krabby|Body Slam|p1a: Croconaw\n|-damage|p1a: Croconaw|56\/100 slp\n|\n|-heal|p1a: Croconaw|62\/100 slp|[from] item: Leftovers\n|-heal|p2a: Krabby|100\/100|[from] item: Leftovers\n|upkeep\n|turn|28\n|c|\u2606Lou dort|maybe i should use return over slam\n|\n|t:|1659405384\n|cant|p1a: Croconaw|slp\n|move|p1a: Croconaw|Sleep Talk|p1a: Croconaw\n|move|p1a: Croconaw|Surf|p2a: Krabby|[from]Sleep Talk\n|-resisted|p2a: Krabby\n|-damage|p2a: Krabby|69\/100\n|move|p2a: Krabby|Body Slam|p1a: Croconaw\n|-crit|p1a: Croconaw\n|-damage|p1a: Croconaw|0 fnt\n|faint|p1a: Croconaw\n|\n|t:|1659405391\n|switch|p1a: Magby|Magby, M|64\/100 tox\n|-status|p1a: Magby|psn|[silent]\n|\n|-heal|p1a: Magby|71\/100 psn|[from] item: Leftovers\n|-heal|p2a: Krabby|75\/100|[from] item: Leftovers\n|upkeep\n|turn|29\n|c|%innovamania|did you build this team?\n|c|\u2606Lou dort|yes\n|\n|t:|1659405398\n|move|p1a: Magby|Thunder Punch|p2a: Krabby\n|-supereffective|p2a: Krabby\n|-damage|p2a: Krabby|3\/100\n|-damage|p1a: Magby|58\/100 psn|[from] psn|[of] p2a: Krabby\n|move|p2a: Krabby|Surf|p1a: Magby\n|-supereffective|p1a: Magby\n|-damage|p1a: Magby|0 fnt\n|faint|p1a: Magby\n|c|%innovamania|interesting\n|c|%innovamania|explains some of the sets\n|\n|t:|1659405425\n|switch|p1a: Smoochum|Smoochum, F|47\/100\n|\n|-heal|p2a: Krabby|9\/100|[from] item: Leftovers\n|upkeep\n|turn|30\n|\n|t:|1659405433\n|switch|p2a: Magby|Magby, M|61\/100\n|move|p1a: Smoochum|Thief|p2a: Magby\n|-damage|p2a: Magby|46\/100\n|-item|p1a: Smoochum|Leftovers|[from] move: Thief|[of] p2a: Magby\n|\n|-heal|p1a: Smoochum|53\/100|[from] item: Leftovers\n|upkeep\n|turn|31\n|l| Trollface 72\n|j| TheNewBrends11\n|\n|t:|1659405445\n|switch|p1a: Weepinbell|Weepinbell, M|74\/100 par\n|move|p2a: Magby|Fire Blast|p1a: Weepinbell\n|-supereffective|p1a: Weepinbell\n|-damage|p1a: Weepinbell|0 fnt\n|faint|p1a: Weepinbell\n|\n|t:|1659405448\n|switch|p1a: Togetic|Togetic, M|77\/100 slp\n|\n|-heal|p1a: Togetic|83\/100 slp|[from] item: Leftovers\n|upkeep\n|turn|32\n|\n|t:|1659405452\n|move|p2a: Magby|Thunder Punch|p1a: Togetic\n|-supereffective|p1a: Togetic\n|-damage|p1a: Togetic|54\/100 slp\n|cant|p1a: Togetic|slp\n|move|p1a: Togetic|Sleep Talk|p1a: Togetic\n|move|p1a: Togetic|Rest|p1a: Togetic|[from]Sleep Talk\n|-status|p1a: Togetic|slp|[from] move: Rest\n|-heal|p1a: Togetic|100\/100 slp|[silent]\n|\n|upkeep\n|turn|33\n|c|\u2606Hitmonstars|These sets are confusing lol\n|c|\u2606Lou dort|mine?\n|\n|t:|1659405466\n|move|p2a: Magby|Fire Blast|p1a: Togetic\n|-damage|p1a: Togetic|66\/100 slp\n|cant|p1a: Togetic|slp\n|move|p1a: Togetic|Sleep Talk|p1a: Togetic\n|move|p1a: Togetic|Double-Edge|p2a: Magby|[from]Sleep Talk\n|-damage|p2a: Magby|0 fnt\n|-damage|p1a: Togetic|55\/100 slp|[from] Recoil|[of] p2a: Magby\n|faint|p2a: Magby\n|c|%innovamania|ye\n|\n|t:|1659405478\n|switch|p2a: Togetic|Togetic, M|72\/100\n|\n|-heal|p1a: Togetic|61\/100 slp|[from] item: Leftovers\n|upkeep\n|turn|34\n|c|%innovamania|reveal smoochum\n|c|\u2606Hitmonstars|I'm trying to predict some stuff only to get hit by some weird\n|c|\u2606Hitmonstars|Stuff\n|c|%innovamania|oh\n|\n|t:|1659405488\n|move|p2a: Togetic|Metronome|p2a: Togetic\n|move|p2a: Togetic|False Swipe|p1a: Togetic|[from]Metronome\n|-damage|p1a: Togetic|50\/100 slp\n|cant|p1a: Togetic|slp\n|move|p1a: Togetic|Sleep Talk|p1a: Togetic\n|move|p1a: Togetic|Curse|p1a: Togetic|[from]Sleep Talk\n|-unboost|p1a: Togetic|spe|1\n|-boost|p1a: Togetic|atk|1\n|-boost|p1a: Togetic|def|1\n|\n|-heal|p1a: Togetic|56\/100 slp|[from] item: Leftovers\n|upkeep\n|turn|35\n|\n|t:|1659405495\n|move|p2a: Togetic|Charm|p1a: Togetic\n|-unboost|p1a: Togetic|atk|2\n|-curestatus|p1a: Togetic|slp|[msg]\n|move|p1a: Togetic|Rest|p1a: Togetic\n|-status|p1a: Togetic|slp|[from] move: Rest\n|-heal|p1a: Togetic|100\/100 slp|[silent]\n|\n|upkeep\n|turn|36\n|c|\u2606Hitmonstars|This toge kekw\n|\n|t:|1659405501\n|move|p2a: Togetic|Charm|p1a: Togetic\n|-unboost|p1a: Togetic|atk|2\n|cant|p1a: Togetic|slp\n|move|p1a: Togetic|Sleep Talk|p1a: Togetic\n|move|p1a: Togetic|Double-Edge|p2a: Togetic|[from]Sleep Talk\n|-damage|p2a: Togetic|60\/100\n|-damage|p1a: Togetic|98\/100 slp|[from] Recoil|[of] p2a: Togetic\n|\n|-heal|p1a: Togetic|100\/100 slp|[from] item: Leftovers\n|upkeep\n|turn|37\n|\n|t:|1659405503\n|move|p2a: Togetic|Metronome|p2a: Togetic\n|move|p2a: Togetic|Barrage|p1a: Togetic|[from]Metronome\n|-damage|p1a: Togetic|98\/100 slp\n|-damage|p1a: Togetic|95\/100 slp\n|-hitcount|p1a: Togetic|2\n|cant|p1a: Togetic|slp\n|move|p1a: Togetic|Sleep Talk|p1a: Togetic\n|move|p1a: Togetic|Rest|p1a: Togetic|[from]Sleep Talk\n|-status|p1a: Togetic|slp|[from] move: Rest\n|-heal|p1a: Togetic|100\/100 slp|[silent]\n|\n|upkeep\n|turn|38\n|\n|t:|1659405507\n|move|p2a: Togetic|Metronome|p2a: Togetic\n|move|p2a: Togetic|Hydro Pump|p1a: Togetic|[from]Metronome|[miss]\n|-miss|p2a: Togetic\n|cant|p1a: Togetic|slp\n|move|p1a: Togetic|Sleep Talk|p1a: Togetic\n|move|p1a: Togetic|Curse|p1a: Togetic|[from]Sleep Talk\n|-unboost|p1a: Togetic|spe|1\n|-boost|p1a: Togetic|atk|1\n|-boost|p1a: Togetic|def|1\n|\n|upkeep\n|turn|39\n|c| TheNewBrends11|finish it off with false swipe\n|\n|t:|1659405512\n|switch|p1a: Ledyba|Ledyba, M|54\/100\n|move|p2a: Togetic|Metronome|p2a: Togetic\n|move|p2a: Togetic|Steel Wing|p1a: Ledyba|[from]Metronome|[miss]\n|-miss|p2a: Togetic\n|\n|-heal|p1a: Ledyba|60\/100|[from] item: Leftovers\n|upkeep\n|turn|40\n|c| TheNewBrends11|hahaha\n|\n|t:|1659405520\n|move|p1a: Ledyba|Agility|p1a: Ledyba\n|-boost|p1a: Ledyba|spe|2\n|move|p2a: Togetic|Charm|p1a: Ledyba\n|-unboost|p1a: Ledyba|atk|2\n|\n|-heal|p1a: Ledyba|66\/100|[from] item: Leftovers\n|upkeep\n|turn|41\n|\n|t:|1659405524\n|move|p1a: Ledyba|Barrier|p1a: Ledyba\n|-boost|p1a: Ledyba|def|2\n|move|p2a: Togetic|Psychic|p1a: Ledyba\n|-damage|p1a: Ledyba|39\/100\n|\n|-heal|p1a: Ledyba|45\/100|[from] item: Leftovers\n|upkeep\n|turn|42\n|c| Drop a Beast|nomed\n|\n|t:|1659405529\n|move|p1a: Ledyba|Agility|p1a: Ledyba\n|-boost|p1a: Ledyba|spe|2\n|move|p2a: Togetic|Psychic|p1a: Ledyba\n|-damage|p1a: Ledyba|19\/100\n|\n|-heal|p1a: Ledyba|25\/100|[from] item: Leftovers\n|upkeep\n|turn|43\n|\n|t:|1659405537\n|move|p1a: Ledyba|Baton Pass|p1a: Ledyba\n|c| Drop a Beast|bro is blind\n|\n|t:|1659405539\n|switch|p1a: Smoochum|Smoochum, F|53\/100|[from]move: Baton Pass\n|move|p2a: Togetic|Metronome|p2a: Togetic\n|move|p2a: Togetic|Substitute|p2a: Togetic|[from]Metronome\n|-start|p2a: Togetic|Substitute\n|-damage|p2a: Togetic|35\/100\n|\n|-heal|p1a: Smoochum|59\/100|[from] item: Leftovers\n|upkeep\n|turn|44\n|\n|t:|1659405543\n|move|p1a: Smoochum|Ice Beam|p2a: Togetic\n|-supereffective|p2a: Togetic\n|-end|p2a: Togetic|Substitute\n|move|p2a: Togetic|Metronome|p2a: Togetic\n|move|p2a: Togetic|Egg Bomb|p1a: Smoochum|[from]Metronome\n|-damage|p1a: Smoochum|32\/100\n|\n|-heal|p1a: Smoochum|38\/100|[from] item: Leftovers\n|upkeep\n|turn|45\n|c|\u2606Lou dort|stop giving me shit moves\n|\n|t:|1659405555\n|move|p1a: Smoochum|Ice Beam|p2a: Togetic\n|-supereffective|p2a: Togetic\n|-damage|p2a: Togetic|0 fnt\n|faint|p2a: Togetic\n|\n|t:|1659405557\n|switch|p2a: Croconaw|Croconaw, M|91\/100\n|\n|-heal|p1a: Smoochum|44\/100|[from] item: Leftovers\n|upkeep\n|turn|46\n|\n|t:|1659405561\n|move|p1a: Smoochum|Psychic|p2a: Croconaw\n|-damage|p2a: Croconaw|54\/100\n|move|p2a: Croconaw|Surf|p1a: Smoochum\n|-damage|p1a: Smoochum|10\/100\n|\n|-heal|p1a: Smoochum|16\/100|[from] item: Leftovers\n|upkeep\n|turn|47\n|c|%innovamania|i mean\n|c|%innovamania|ur running\n|\n|t:|1659405570\n|move|p1a: Smoochum|Psychic|p2a: Croconaw\n|-crit|p2a: Croconaw\n|-damage|p2a: Croconaw|0 fnt\n|faint|p2a: Croconaw\n|c|%innovamania|metronome\n|c|\u2606Hitmonstars|mb\n|c|\u2606Lou dort|yo i lost now\n|c| Drop a Beast|bro\n|\n|t:|1659405583\n|switch|p2a: Dratini|Dratini, M|100\/100\n|\n|-heal|p1a: Smoochum|22\/100|[from] item: Leftovers\n|upkeep\n|turn|48\n|c|\u2606Hitmonstars|This game was so scuffed kekw\n|c| Drop a Beast|eat dratini\n|c|\u2606Hitmonstars|like wth did I play\n|\n|t:|1659405592\n|move|p1a: Smoochum|Ice Beam|p2a: Dratini\n|-supereffective|p2a: Dratini\n|-damage|p2a: Dratini|0 fnt\n|faint|p2a: Dratini\n|c| Drop a Beast|dratini eat this rn\n|l| Mono Bad Teams\n|c|\u2606Lou dort|idk what is ur team\n|c|\u2606Hitmonstars|Mine is a standard baton pass offense\n|c|\u2606Hitmonstars|I could have won 20 turns earlier\n|inactive|Lou dort has 120 seconds left.\n|c|\u2606Hitmonstars|Had you not gotten stun spore from metronome\n|c|\u2606Hitmonstars|Kekw\n|c|\u2606Lou dort|i just looked at the vr and the moveset guide\n|\n|t:|1659405644\n|switch|p2a: Krabby|Krabby, M|9\/100\n|\n|-heal|p1a: Smoochum|28\/100|[from] item: Leftovers\n|-heal|p2a: Krabby|15\/100|[from] item: Leftovers\n|upkeep\n|turn|49\n|\n|t:|1659405649\n|move|p1a: Smoochum|Psychic|p2a: Krabby\n|-damage|p2a: Krabby|0 fnt\n|faint|p2a: Krabby\n|\n|win|Hitmonstars\n|n|\u2606Hitmonstars|hitmonstars\n|n|\u2606Lou dort|loudort\n|n| BB-8-NU|bb8nu\n|n| sexywooper|sexywooper\n|n| ibbysonlyfan|ibbysonlyfan\n|n| K4R1MB3NZ3M4|k4r1mb3nz3m4\n|n| innovamania|innovamania\n|n| Drop a Beast|dropabeast\n|n|+SBPC !|sbpc\n|n| TheNewBrends11|thenewbrends11\n","uploadtime":1659405650,"views":11,"p1id":"hitmonstars","p2id":"loudort","formatid":"gen2nu","rating":0,"private":0,"password":null}