{"id":"gen2ou-1624562139","p1":"lou dort","p2":"Tempest brute","format":"gen2ou","log":"|j|\u2606lou dort\n|j|\u2606Tempest brute\n|inactive|Battle timer is ON: inactive players will automatically lose when time's up.\n|t:|1658714002\n|gametype|singles\n|player|p1|lou dort|morty-masters|\n|player|p2|Tempest brute|2|\n|teamsize|p1|6\n|teamsize|p2|6\n|gen|2\n|tier|[Gen 2] OU\n|rated|Tournament battle\n|rule|Sleep Clause Mod: Limit one foe put to sleep\n|rule|Freeze Clause Mod: Limit one foe frozen\n|rule|Species Clause: Limit one of each Pok\u00e9mon\n|rule|OHKO Clause: OHKO moves are banned\n|rule|Evasion Moves Clause: Evasion moves are banned\n|rule|Endless Battle Clause: Forcing endless battles is banned\n|rule|HP Percentage Mod: HP is shown in percentages\n|\n|t:|1658714002\n|start\n|switch|p1a: Snorlax|Snorlax, M|100\/100\n|switch|p2a: Zapdos|Zapdos|100\/100\n|turn|1\n|inactive|lou dort also wants the timer to be on.\n|j| Sleo2123\n|j| shxwk\n|j| Rosaism\n|l| shxwk\n|j| UnBeatableTR29\n|j| StupidIdiotMe\n|j| okaiokaiokai\n|\n|t:|1658714021\n|switch|p2a: Skarmory|Skarmory, M|100\/100\n|move|p1a: Snorlax|Double-Edge|p2a: Skarmory\n|-resisted|p2a: Skarmory\n|-damage|p2a: Skarmory|83\/100\n|-damage|p1a: Snorlax|98\/100|[from] Recoil|[of] p2a: Skarmory\n|\n|-heal|p2a: Skarmory|89\/100|[from] item: Leftovers\n|-heal|p1a: Snorlax|100\/100|[from] item: Leftovers\n|upkeep\n|turn|2\n|\n|t:|1658714030\n|move|p2a: Skarmory|Toxic|p1a: Snorlax\n|-status|p1a: Snorlax|tox\n|move|p1a: Snorlax|Thunder|p2a: Skarmory\n|-supereffective|p2a: Skarmory\n|-damage|p2a: Skarmory|37\/100\n|-damage|p1a: Snorlax|94\/100 tox|[from] psn\n|\n|-heal|p2a: Skarmory|43\/100|[from] item: Leftovers\n|-heal|p1a: Snorlax|100\/100 tox|[from] item: Leftovers\n|upkeep\n|turn|3\n|\n|t:|1658714040\n|switch|p2a: Golem|Golem, M|100\/100\n|move|p1a: Snorlax|Thunder|p2a: Golem\n|-immune|p2a: Golem\n|-damage|p1a: Snorlax|88\/100 tox|[from] psn\n|\n|-heal|p1a: Snorlax|94\/100 tox|[from] item: Leftovers\n|upkeep\n|turn|4\n|\n|t:|1658714050\n|switch|p1a: Starmie|Starmie|100\/100\n|move|p2a: Golem|Roar|p1a: Starmie\n|drag|p1a: Cloyster|Cloyster, M|100\/100\n|\n|upkeep\n|turn|5\n|c| StupidIdiotMe|golem is a meatball\n|\n|t:|1658714058\n|switch|p2a: Cloyster|Cloyster, M|100\/100\n|move|p1a: Cloyster|Surf|p2a: Cloyster\n|-resisted|p2a: Cloyster\n|-damage|p2a: Cloyster|74\/100\n|\n|-heal|p2a: Cloyster|80\/100|[from] item: Leftovers\n|upkeep\n|turn|6\n|\n|t:|1658714063\n|move|p2a: Cloyster|Surf|p1a: Cloyster\n|-resisted|p1a: Cloyster\n|-damage|p1a: Cloyster|74\/100\n|move|p1a: Cloyster|Toxic|p2a: Cloyster\n|-status|p2a: Cloyster|tox\n|\n|-heal|p2a: Cloyster|86\/100 tox|[from] item: Leftovers\n|-heal|p1a: Cloyster|80\/100|[from] item: Leftovers\n|upkeep\n|turn|7\n|\n|t:|1658714069\n|move|p2a: Cloyster|Surf|p1a: Cloyster\n|-resisted|p1a: Cloyster\n|-damage|p1a: Cloyster|53\/100\n|-damage|p2a: Cloyster|80\/100 tox|[from] psn\n|move|p1a: Cloyster|Spikes|p2a: Cloyster\n|-sidestart|p2: Tempest brute|Spikes\n|\n|-heal|p2a: Cloyster|86\/100 tox|[from] item: Leftovers\n|-heal|p1a: Cloyster|59\/100|[from] item: Leftovers\n|upkeep\n|turn|8\n|\n|t:|1658714075\n|move|p1a: Cloyster|Surf|p2a: Cloyster\n|-resisted|p2a: Cloyster\n|-damage|p2a: Cloyster|61\/100 tox\n|move|p2a: Cloyster|Spikes|p1a: Cloyster\n|-sidestart|p1: lou dort|Spikes\n|-damage|p2a: Cloyster|49\/100 tox|[from] psn\n|\n|-heal|p1a: Cloyster|65\/100|[from] item: Leftovers\n|-heal|p2a: Cloyster|55\/100 tox|[from] item: Leftovers\n|upkeep\n|turn|9\n|j| paper returns\n|\n|t:|1658714077\n|switch|p1a: Starmie|Starmie|100\/100\n|-damage|p1a: Starmie|88\/100|[from] Spikes\n|move|p2a: Cloyster|Explosion|p1a: Starmie\n|-damage|p1a: Starmie|0 fnt\n|faint|p2a: Cloyster\n|faint|p1a: Starmie\n|c| okaiokaiokai|golem is a mole in a meatball\n|j| OLT BattleGoes\n|j| Giovanni Giorgeo\n|\n|t:|1658714092\n|switch|p1a: Cloyster|Cloyster, M|65\/100\n|switch|p2a: Zapdos|Zapdos|100\/100\n|-damage|p1a: Cloyster|52\/100|[from] Spikes\n|\n|-heal|p1a: Cloyster|58\/100|[from] item: Leftovers\n|upkeep\n|turn|10\n|c| StupidIdiotMe|isnt he a turtle since he can go into the meatball\n|\n|t:|1658714099\n|switch|p1a: Snorlax|Snorlax, M|94\/100 tox\n|-status|p1a: Snorlax|psn|[silent]\n|-damage|p1a: Snorlax|82\/100 psn|[from] Spikes\n|-damage|p1a: Snorlax|70\/100 psn|[from] psn\n|move|p2a: Zapdos|Thunder|p1a: Snorlax|[miss]\n|-miss|p2a: Zapdos\n|\n|-heal|p1a: Snorlax|76\/100 psn|[from] item: Leftovers\n|upkeep\n|turn|11\n|c| StupidIdiotMe|and roll\n|\n|t:|1658714107\n|move|p2a: Zapdos|Thunder|p1a: Snorlax\n|-damage|p1a: Snorlax|45\/100 psn\n|move|p1a: Snorlax|Double-Edge|p2a: Zapdos\n|-crit|p2a: Zapdos\n|-damage|p2a: Zapdos|8\/100\n|-damage|p1a: Snorlax|29\/100 psn|[from] Recoil|[of] p2a: Zapdos\n|-damage|p1a: Snorlax|16\/100 psn|[from] psn|[of] p2a: Zapdos\n|\n|-heal|p2a: Zapdos|14\/100|[from] item: Leftovers\n|-heal|p1a: Snorlax|22\/100 psn|[from] item: Leftovers\n|upkeep\n|turn|12\n|\n|t:|1658714116\n|switch|p1a: Marowak|Marowak, M|100\/100\n|-damage|p1a: Marowak|88\/100|[from] Spikes\n|move|p2a: Zapdos|Thunder|p1a: Marowak\n|-immune|p1a: Marowak\n|\n|-heal|p2a: Zapdos|20\/100|[from] item: Leftovers\n|upkeep\n|turn|13\n|c| okaiokaiokai|golem dont got a shell tho\n|c| okaiokaiokai|he got a meatball\n|inactive|lou dort has 120 seconds left.\n|\n|t:|1658714163\n|move|p2a: Zapdos|Hidden Power|p1a: Marowak\n|-supereffective|p1a: Marowak\n|-damage|p1a: Marowak|46\/100\n|move|p1a: Marowak|Rock Slide|p2a: Zapdos\n|-supereffective|p2a: Zapdos\n|-damage|p2a: Zapdos|0 fnt\n|faint|p2a: Zapdos\n|\n|t:|1658714169\n|switch|p2a: Raikou|Raikou|100\/100\n|-damage|p2a: Raikou|88\/100|[from] Spikes\n|\n|-heal|p2a: Raikou|94\/100|[from] item: Leftovers\n|upkeep\n|turn|14\n|l| okaiokaiokai\n|inactive|lou dort has 90 seconds left.\n|\n|t:|1658714203\n|move|p2a: Raikou|Hidden Power|p1a: Marowak\n|-supereffective|p1a: Marowak\n|-damage|p1a: Marowak|0 fnt\n|faint|p1a: Marowak\n|inactive|lou dort has 90 seconds left.\n|\n|t:|1658714232\n|switch|p1a: Tyranitar|Tyranitar, M|100\/100\n|-damage|p1a: Tyranitar|88\/100|[from] Spikes\n|\n|-heal|p2a: Raikou|99\/100|[from] item: Leftovers\n|-heal|p1a: Tyranitar|94\/100|[from] item: Leftovers\n|upkeep\n|turn|15\n|\n|t:|1658714240\n|switch|p2a: Skarmory|Skarmory, M|43\/100\n|move|p1a: Tyranitar|Dynamic Punch|p2a: Skarmory\n|-damage|p2a: Skarmory|20\/100\n|-start|p2a: Skarmory|confusion\n|\n|-heal|p2a: Skarmory|26\/100|[from] item: Leftovers\n|-heal|p1a: Tyranitar|100\/100|[from] item: Leftovers\n|upkeep\n|turn|16\n|\n|t:|1658714248\n|switch|p2a: Snorlax|Snorlax, M|100\/100\n|-damage|p2a: Snorlax|88\/100|[from] Spikes\n|move|p1a: Tyranitar|Rock Slide|p2a: Snorlax\n|-damage|p2a: Snorlax|61\/100\n|\n|-heal|p2a: Snorlax|67\/100|[from] item: Leftovers\n|upkeep\n|turn|17\n|\n|t:|1658714255\n|move|p1a: Tyranitar|Screech|p2a: Snorlax|[miss]\n|-miss|p1a: Tyranitar\n|move|p2a: Snorlax|Curse|p2a: Snorlax\n|-unboost|p2a: Snorlax|spe|1\n|-boost|p2a: Snorlax|atk|1\n|-boost|p2a: Snorlax|def|1\n|\n|-heal|p2a: Snorlax|73\/100|[from] item: Leftovers\n|upkeep\n|turn|18\n|\n|t:|1658714262\n|move|p1a: Tyranitar|Screech|p2a: Snorlax\n|-unboost|p2a: Snorlax|def|2\n|move|p2a: Snorlax|Double-Edge|p1a: Tyranitar\n|-resisted|p1a: Tyranitar\n|-damage|p1a: Tyranitar|72\/100\n|-damage|p2a: Snorlax|68\/100|[from] Recoil|[of] p1a: Tyranitar\n|\n|-heal|p1a: Tyranitar|79\/100|[from] item: Leftovers\n|-heal|p2a: Snorlax|74\/100|[from] item: Leftovers\n|upkeep\n|turn|19\n|\n|t:|1658714269\n|switch|p2a: Skarmory|Skarmory, M|26\/100\n|move|p1a: Tyranitar|Dynamic Punch|p2a: Skarmory\n|-damage|p2a: Skarmory|4\/100\n|-start|p2a: Skarmory|confusion\n|\n|-heal|p2a: Skarmory|10\/100|[from] item: Leftovers\n|-heal|p1a: Tyranitar|85\/100|[from] item: Leftovers\n|upkeep\n|turn|20\n|\n|t:|1658714276\n|-activate|p2a: Skarmory|confusion\n|-damage|p2a: Skarmory|3\/100|[from] confusion\n|move|p1a: Tyranitar|Rock Slide|p2a: Skarmory\n|-damage|p2a: Skarmory|0 fnt\n|faint|p2a: Skarmory\n|\n|t:|1658714281\n|switch|p2a: Golem|Golem, M|100\/100\n|-damage|p2a: Golem|88\/100|[from] Spikes\n|\n|-heal|p1a: Tyranitar|91\/100|[from] item: Leftovers\n|-heal|p2a: Golem|94\/100|[from] item: Leftovers\n|upkeep\n|turn|21\n|\n|t:|1658714288\n|switch|p1a: Snorlax|Snorlax, M|22\/100 psn\n|-damage|p1a: Snorlax|10\/100 psn|[from] Spikes\n|-damage|p1a: Snorlax|0 fnt|[from] psn\n|faint|p1a: Snorlax\n|\n|t:|1658714292\n|switch|p1a: Cloyster|Cloyster, M|58\/100\n|-damage|p1a: Cloyster|46\/100|[from] Spikes\n|\n|-heal|p1a: Cloyster|52\/100|[from] item: Leftovers\n|-heal|p2a: Golem|99\/100|[from] item: Leftovers\n|upkeep\n|turn|22\n|\n|t:|1658714296\n|switch|p2a: Raikou|Raikou|99\/100\n|-damage|p2a: Raikou|88\/100|[from] Spikes\n|move|p1a: Cloyster|Surf|p2a: Raikou\n|-damage|p2a: Raikou|61\/100\n|\n|-heal|p2a: Raikou|67\/100|[from] item: Leftovers\n|-heal|p1a: Cloyster|58\/100|[from] item: Leftovers\n|upkeep\n|turn|23\n|\n|t:|1658714304\n|switch|p1a: Tyranitar|Tyranitar, M|91\/100\n|-damage|p1a: Tyranitar|79\/100|[from] Spikes\n|move|p2a: Raikou|Thunderbolt|p1a: Tyranitar\n|-damage|p1a: Tyranitar|46\/100\n|\n|-heal|p2a: Raikou|73\/100|[from] item: Leftovers\n|-heal|p1a: Tyranitar|52\/100|[from] item: Leftovers\n|upkeep\n|turn|24\n|\n|t:|1658714311\n|move|p2a: Raikou|Thunderbolt|p1a: Tyranitar\n|-damage|p1a: Tyranitar|22\/100\n|move|p1a: Tyranitar|Earthquake|p2a: Raikou\n|-supereffective|p2a: Raikou\n|-damage|p2a: Raikou|9\/100\n|\n|-heal|p2a: Raikou|15\/100|[from] item: Leftovers\n|-heal|p1a: Tyranitar|28\/100|[from] item: Leftovers\n|upkeep\n|turn|25\n|\n|t:|1658714316\n|switch|p1a: Zapdos|Zapdos|100\/100\n|move|p2a: Raikou|Thunderbolt|p1a: Zapdos\n|-damage|p1a: Zapdos|63\/100\n|\n|-heal|p2a: Raikou|21\/100|[from] item: Leftovers\n|-heal|p1a: Zapdos|69\/100|[from] item: Leftovers\n|upkeep\n|turn|26\n|\n|t:|1658714323\n|move|p2a: Raikou|Rest|p2a: Raikou\n|-status|p2a: Raikou|slp|[from] move: Rest\n|-heal|p2a: Raikou|100\/100 slp|[silent]\n|move|p1a: Zapdos|Thunder|p2a: Raikou\n|-resisted|p2a: Raikou\n|-damage|p2a: Raikou|78\/100 slp\n|\n|-heal|p2a: Raikou|84\/100 slp|[from] item: Leftovers\n|-heal|p1a: Zapdos|75\/100|[from] item: Leftovers\n|upkeep\n|turn|27\n|\n|t:|1658714353\n|switch|p1a: Cloyster|Cloyster, M|58\/100\n|-damage|p1a: Cloyster|46\/100|[from] Spikes\n|cant|p2a: Raikou|slp\n|\n|-heal|p2a: Raikou|90\/100 slp|[from] item: Leftovers\n|-heal|p1a: Cloyster|52\/100|[from] item: Leftovers\n|upkeep\n|turn|28\n|inactive|lou dort has 120 seconds left.\n|inactive|Tempest brute has 120 seconds left.\n|\n|t:|1658714395\n|switch|p2a: Snorlax|Snorlax, M|74\/100\n|-damage|p2a: Snorlax|61\/100|[from] Spikes\n|move|p1a: Cloyster|Explosion|p2a: Snorlax\n|-damage|p2a: Snorlax|0 fnt\n|faint|p1a: Cloyster\n|faint|p2a: Snorlax\n|inactive|Tempest brute has 120 seconds left.\n|inactive|lou dort has 90 seconds left.\n|\n|t:|1658714432\n|switch|p1a: Zapdos|Zapdos|75\/100\n|switch|p2a: Golem|Golem, M|99\/100\n|-damage|p2a: Golem|88\/100|[from] Spikes\n|\n|-heal|p1a: Zapdos|81\/100|[from] item: Leftovers\n|-heal|p2a: Golem|94\/100|[from] item: Leftovers\n|upkeep\n|turn|29\n|\n|t:|1658714435\n|switch|p2a: Raikou|Raikou|90\/100 slp\n|-damage|p2a: Raikou|78\/100 slp|[from] Spikes\n|move|p1a: Zapdos|Hidden Power|p2a: Raikou\n|-damage|p2a: Raikou|60\/100 slp\n|\n|-heal|p2a: Raikou|66\/100 slp|[from] item: Leftovers\n|-heal|p1a: Zapdos|87\/100|[from] item: Leftovers\n|upkeep\n|turn|30\n|inactive|lou dort has 90 seconds left.\n|\n|t:|1658714441\n|cant|p2a: Raikou|slp\n|move|p1a: Zapdos|Whirlwind|p2a: Raikou\n|drag|p2a: Golem|Golem, M|94\/100\n|-damage|p2a: Golem|81\/100|[from] Spikes\n|\n|-heal|p1a: Zapdos|93\/100|[from] item: Leftovers\n|-heal|p2a: Golem|88\/100|[from] item: Leftovers\n|upkeep\n|turn|31\n|\n|t:|1658714446\n|move|p1a: Zapdos|Hidden Power|p2a: Golem\n|-supereffective|p2a: Golem\n|-damage|p2a: Golem|45\/100\n|move|p2a: Golem|Explosion|p1a: Zapdos\n|-damage|p1a: Zapdos|0 fnt\n|faint|p2a: Golem\n|faint|p1a: Zapdos\n|\n|t:|1658714456\n|switch|p1a: Tyranitar|Tyranitar, M|28\/100\n|switch|p2a: Raikou|Raikou|66\/100 slp\n|-damage|p2a: Raikou|54\/100 slp|[from] Spikes\n|-damage|p1a: Tyranitar|15\/100|[from] Spikes\n|\n|-heal|p2a: Raikou|60\/100 slp|[from] item: Leftovers\n|-heal|p1a: Tyranitar|22\/100|[from] item: Leftovers\n|upkeep\n|turn|32\n|\n|t:|1658714471\n|-curestatus|p2a: Raikou|slp|[msg]\n|move|p2a: Raikou|Thunderbolt|p1a: Tyranitar\n|-damage|p1a: Tyranitar|0 fnt\n|faint|p1a: Tyranitar\n|\n|win|Tempest brute\n|n|\u2606lou dort|loudort\n|n|\u2606Tempest brute|tempestbrute\n|n| Sleo2123|sleo2123\n|n| Rosaism|rosaism\n|n| UnBeatableTR29|unbeatabletr29\n|n| StupidIdiotMe|stupididiotme\n|n| paper returns|paperreturns\n|n| OLT BattleGoes|oltbattlegoes\n|n| Giovanni Giorgeo|giovannigiorgeo\n","uploadtime":1658714473,"views":38,"p1id":"loudort","p2id":"tempestbrute","formatid":"gen2ou","rating":0,"private":0,"password":null}