{"id":"gen2ou-1695446978","p1":"Sp0onl0rd","p2":"forsenBussin","format":"gen2ou","log":"|j|\u2606Sp0onl0rd\n|j|\u2606forsenBussin\n|inactive|Battle timer is ON: inactive players will automatically lose when time's up.\n|t:|1666800714\n|gametype|singles\n|player|p1|Sp0onl0rd|teamrocket|\n|player|p2|forsenBussin|170|\n|teamsize|p1|6\n|teamsize|p2|6\n|gen|2\n|tier|[Gen 2] OU\n|rated|Tournament battle\n|rule|Sleep Clause Mod: Limit one foe put to sleep\n|rule|Freeze Clause Mod: Limit one foe frozen\n|rule|Species Clause: Limit one of each Pok\u00e9mon\n|rule|OHKO Clause: OHKO moves are banned\n|rule|Evasion Items Clause: Evasion items are banned\n|rule|Evasion Moves Clause: Evasion moves are banned\n|rule|Endless Battle Clause: Forcing endless battles is banned\n|rule|HP Percentage Mod: HP is shown in percentages\n|\n|t:|1666800714\n|start\n|switch|p1a: Jynx|Jynx, F|100\/100\n|switch|p2a: Jynx|Jynx, F|100\/100\n|turn|1\n|inactive|Sp0onl0rd also wants the timer to be on.\n|j|@Sww-Suwa\n|c|\u2606forsenBussin|hf\n|j| Reeynee\n|j| lowelofunn\n|j| GoatNoir\n|j| loistor\n|l| GoatNoir\n|inactive|Sp0onl0rd has 120 seconds left.\n|j| outdsmoolicthe3rd\n|l|@Sww-Suwa\n|j| Skwovetboi\n|c| Skwovetboi|1\n|j|@Mimikyu Stardust\n|inactive|Sp0onl0rd has 90 seconds left.\n|\n|t:|1666800787\n|move|p1a: Jynx|Lovely Kiss|p2a: Jynx|[miss]\n|-miss|p1a: Jynx\n|move|p2a: Jynx|Lovely Kiss|p1a: Jynx|[miss]\n|-miss|p2a: Jynx\n|\n|upkeep\n|turn|2\n|c| Skwovetboi|2\n|c|\u2606forsenBussin|no hf back :(\n|\n|t:|1666800793\n|move|p1a: Jynx|Lovely Kiss|p2a: Jynx\n|-status|p2a: Jynx|slp|[from] move: Lovely Kiss\n|cant|p2a: Jynx|slp\n|\n|upkeep\n|turn|3\n|\n|t:|1666800799\n|-curestatus|p2a: Jynx|slp|[msg]\n|move|p2a: Jynx|Lovely Kiss|p1a: Jynx\n|-status|p1a: Jynx|slp|[from] move: Lovely Kiss\n|cant|p1a: Jynx|slp\n|\n|upkeep\n|turn|4\n|j| swag money3\n|c| Skwovetboi|3\n|j| ty-tyui\u21bb\n|c| loistor|no fun allowed\n|\n|t:|1666800810\n|switch|p1a: Houndoom|Houndoom, M|100\/100\n|switch|p2a: Snorlax|Snorlax, M|100\/100\n|\n|upkeep\n|turn|5\n|\n|t:|1666800816\n|switch|p2a: Nidoking|Nidoking, M|100\/100\n|move|p1a: Houndoom|Sunny Day|p1a: Houndoom\n|-weather|SunnyDay\n|\n|-weather|SunnyDay|[upkeep]\n|upkeep\n|turn|6\n|j| Wangboii\n|\n|t:|1666800820\n|move|p1a: Houndoom|Fire Blast|p2a: Nidoking\n|-damage|p2a: Nidoking|25\/100\n|move|p2a: Nidoking|Earthquake|p1a: Houndoom\n|-supereffective|p1a: Houndoom\n|-damage|p1a: Houndoom|8\/100\n|\n|-weather|SunnyDay|[upkeep]\n|-heal|p1a: Houndoom|14\/100|[from] item: Leftovers\n|upkeep\n|turn|7\n|\n|t:|1666800829\n|move|p1a: Houndoom|Fire Blast|p2a: Nidoking\n|-damage|p2a: Nidoking|0 fnt\n|faint|p2a: Nidoking\n|c| outdsmoolicthe3rd|why no hf back?\n|\n|t:|1666800833\n|switch|p2a: Zapdos|Zapdos|100\/100\n|\n|-weather|SunnyDay|[upkeep]\n|-heal|p1a: Houndoom|20\/100|[from] item: Leftovers\n|upkeep\n|turn|8\n|c| outdsmoolicthe3rd|hf forsen\n|\n|t:|1666800844\n|switch|p1a: Snorlax|Snorlax, M|100\/100\n|move|p2a: Zapdos|Thunderbolt|p1a: Snorlax\n|-damage|p1a: Snorlax|76\/100\n|\n|-weather|SunnyDay|[upkeep]\n|-heal|p1a: Snorlax|82\/100|[from] item: Leftovers\n|upkeep\n|turn|9\n|c|\u2606forsenBussin|ty\n|\n|t:|1666800853\n|switch|p2a: Cloyster|Cloyster, M|100\/100\n|move|p1a: Snorlax|Curse|p1a: Snorlax\n|-unboost|p1a: Snorlax|spe|1\n|-boost|p1a: Snorlax|atk|1\n|-boost|p1a: Snorlax|def|1\n|\n|-weather|none\n|-heal|p1a: Snorlax|88\/100|[from] item: Leftovers\n|upkeep\n|turn|10\n|\n|t:|1666800857\n|move|p2a: Cloyster|Toxic|p1a: Snorlax|[miss]\n|-miss|p2a: Cloyster\n|move|p1a: Snorlax|Double-Edge|p2a: Cloyster\n|-damage|p2a: Cloyster|53\/100\n|-damage|p1a: Snorlax|81\/100|[from] Recoil|[of] p2a: Cloyster\n|\n|-heal|p2a: Cloyster|59\/100|[from] item: Leftovers\n|-heal|p1a: Snorlax|87\/100|[from] item: Leftovers\n|upkeep\n|turn|11\n|\n|t:|1666800860\n|move|p2a: Cloyster|Toxic|p1a: Snorlax\n|-status|p1a: Snorlax|tox\n|move|p1a: Snorlax|Double-Edge|p2a: Cloyster\n|-damage|p2a: Cloyster|14\/100\n|-damage|p1a: Snorlax|81\/100 tox|[from] Recoil|[of] p2a: Cloyster\n|-damage|p1a: Snorlax|75\/100 tox|[from] psn\n|\n|-heal|p2a: Cloyster|20\/100|[from] item: Leftovers\n|-heal|p1a: Snorlax|81\/100 tox|[from] item: Leftovers\n|upkeep\n|turn|12\n|c| outdsmoolicthe3rd|also you sp0onl0rd\n|\n|t:|1666800864\n|switch|p1a: Houndoom|Houndoom, M|20\/100\n|move|p2a: Cloyster|Spikes|p1a: Houndoom\n|-sidestart|p1: Sp0onl0rd|Spikes\n|\n|-heal|p1a: Houndoom|27\/100|[from] item: Leftovers\n|-heal|p2a: Cloyster|26\/100|[from] item: Leftovers\n|upkeep\n|turn|13\n|\n|t:|1666800873\n|switch|p2a: Zapdos|Zapdos|100\/100\n|move|p1a: Houndoom|Crunch|p2a: Zapdos\n|-damage|p2a: Zapdos|72\/100\n|\n|-heal|p1a: Houndoom|33\/100|[from] item: Leftovers\n|upkeep\n|turn|14\n|\n|t:|1666800882\n|switch|p1a: Snorlax|Snorlax, M|81\/100 tox\n|-status|p1a: Snorlax|psn|[silent]\n|-damage|p1a: Snorlax|68\/100 psn|[from] Spikes\n|-damage|p1a: Snorlax|56\/100 psn|[from] psn\n|move|p2a: Zapdos|Thunderbolt|p1a: Snorlax\n|-damage|p1a: Snorlax|28\/100 psn\n|\n|-heal|p1a: Snorlax|35\/100 psn|[from] item: Leftovers\n|upkeep\n|turn|15\n|\n|t:|1666800892\n|move|p2a: Zapdos|Thunder|p1a: Snorlax\n|-damage|p1a: Snorlax|3\/100 psn\n|move|p1a: Snorlax|Self-Destruct|p2a: Zapdos\n|-damage|p2a: Zapdos|0 fnt\n|faint|p1a: Snorlax\n|faint|p2a: Zapdos\n|j| Darkortex\n|\n|t:|1666800908\n|switch|p2a: Gengar|Gengar, M|100\/100\n|switch|p1a: Entei|Entei|100\/100\n|-damage|p1a: Entei|88\/100|[from] Spikes\n|\n|-heal|p1a: Entei|94\/100|[from] item: Leftovers\n|upkeep\n|turn|16\n|l| Darkortex\n|\n|t:|1666800913\n|move|p2a: Gengar|Thief|p1a: Entei\n|-damage|p1a: Entei|83\/100\n|-item|p2a: Gengar|Leftovers|[from] move: Thief|[of] p1a: Entei\n|move|p1a: Entei|Sunny Day|p1a: Entei\n|-weather|SunnyDay\n|\n|-weather|SunnyDay|[upkeep]\n|upkeep\n|turn|17\n|\n|t:|1666800919\n|move|p2a: Gengar|Thunderbolt|p1a: Entei\n|-damage|p1a: Entei|56\/100\n|move|p1a: Entei|Fire Blast|p2a: Gengar\n|-damage|p2a: Gengar|23\/100\n|\n|-weather|SunnyDay|[upkeep]\n|-heal|p2a: Gengar|29\/100|[from] item: Leftovers\n|upkeep\n|turn|18\n|\n|t:|1666800924\n|move|p2a: Gengar|Explosion|p1a: Entei\n|-damage|p1a: Entei|0 fnt\n|faint|p2a: Gengar\n|faint|p1a: Entei\n|\n|t:|1666800931\n|switch|p2a: Snorlax|Snorlax, M|100\/100\n|switch|p1a: Moltres|Moltres|100\/100\n|\n|-weather|SunnyDay|[upkeep]\n|upkeep\n|turn|19\n|\n|t:|1666800937\n|move|p1a: Moltres|Fire Blast|p2a: Snorlax|[miss]\n|-miss|p1a: Moltres\n|move|p2a: Snorlax|Curse|p2a: Snorlax\n|-unboost|p2a: Snorlax|spe|1\n|-boost|p2a: Snorlax|atk|1\n|-boost|p2a: Snorlax|def|1\n|\n|-weather|SunnyDay|[upkeep]\n|upkeep\n|turn|20\n|\n|t:|1666800940\n|move|p1a: Moltres|Fire Blast|p2a: Snorlax\n|-damage|p2a: Snorlax|52\/100\n|move|p2a: Snorlax|Double-Edge|p1a: Moltres\n|-damage|p1a: Moltres|33\/100\n|-damage|p2a: Snorlax|40\/100|[from] Recoil|[of] p1a: Moltres\n|\n|-weather|none\n|-heal|p2a: Snorlax|46\/100|[from] item: Leftovers\n|upkeep\n|turn|21\n|c| outdsmoolicthe3rd|its snorlaxing time\n|\n|t:|1666800946\n|switch|p1a: Jynx|Jynx, F|100\/100 slp\n|-damage|p1a: Jynx|88\/100 slp|[from] Spikes\n|move|p2a: Snorlax|Rest|p2a: Snorlax\n|-status|p2a: Snorlax|slp|[from] move: Rest\n|-heal|p2a: Snorlax|100\/100 slp|[silent]\n|\n|upkeep\n|turn|22\n|j| GoatNoir\n|l| GoatNoir\n|\n|t:|1666800950\n|cant|p1a: Jynx|slp\n|cant|p2a: Snorlax|slp\n|move|p2a: Snorlax|Sleep Talk|p2a: Snorlax\n|move|p2a: Snorlax|Double-Edge|p1a: Jynx|[from]Sleep Talk\n|-damage|p1a: Jynx|0 fnt\n|-damage|p2a: Snorlax|87\/100 slp|[from] Recoil|[of] p1a: Jynx\n|faint|p1a: Jynx\n|\n|t:|1666800954\n|switch|p1a: Houndoom|Houndoom, M|33\/100\n|-damage|p1a: Houndoom|20\/100|[from] Spikes\n|\n|-heal|p1a: Houndoom|27\/100|[from] item: Leftovers\n|-heal|p2a: Snorlax|93\/100 slp|[from] item: Leftovers\n|upkeep\n|turn|23\n|\n|t:|1666800962\n|move|p1a: Houndoom|Sunny Day|p1a: Houndoom\n|-weather|SunnyDay\n|cant|p2a: Snorlax|slp\n|move|p2a: Snorlax|Sleep Talk|p2a: Snorlax\n|move|p2a: Snorlax|Rest|p2a: Snorlax|[from]Sleep Talk\n|-status|p2a: Snorlax|slp|[from] move: Rest\n|-heal|p2a: Snorlax|100\/100 slp|[silent]\n|\n|-weather|SunnyDay|[upkeep]\n|-heal|p1a: Houndoom|33\/100|[from] item: Leftovers\n|upkeep\n|turn|24\n|\n|t:|1666800968\n|move|p1a: Houndoom|Fire Blast|p2a: Snorlax\n|-damage|p2a: Snorlax|60\/100 slp\n|cant|p2a: Snorlax|slp\n|move|p2a: Snorlax|Sleep Talk|p2a: Snorlax\n|move|p2a: Snorlax|Rest|p2a: Snorlax|[from]Sleep Talk\n|-status|p2a: Snorlax|slp|[from] move: Rest\n|-heal|p2a: Snorlax|100\/100 slp|[silent]\n|\n|-weather|SunnyDay|[upkeep]\n|-heal|p1a: Houndoom|39\/100|[from] item: Leftovers\n|upkeep\n|turn|25\n|\n|t:|1666800975\n|move|p1a: Houndoom|Fire Blast|p2a: Snorlax\n|-damage|p2a: Snorlax|63\/100 slp\n|cant|p2a: Snorlax|slp\n|move|p2a: Snorlax|Sleep Talk|p2a: Snorlax\n|move|p2a: Snorlax|Curse|p2a: Snorlax|[from]Sleep Talk\n|-unboost|p2a: Snorlax|spe|1\n|-boost|p2a: Snorlax|atk|1\n|-boost|p2a: Snorlax|def|1\n|\n|-weather|SunnyDay|[upkeep]\n|-heal|p1a: Houndoom|45\/100|[from] item: Leftovers\n|-heal|p2a: Snorlax|69\/100 slp|[from] item: Leftovers\n|upkeep\n|turn|26\n|\n|t:|1666800983\n|move|p1a: Houndoom|Fire Blast|p2a: Snorlax\n|-crit|p2a: Snorlax\n|-damage|p2a: Snorlax|0 fnt\n|faint|p2a: Snorlax\n|\n|t:|1666800987\n|switch|p2a: Jynx|Jynx, F|100\/100\n|\n|-weather|SunnyDay|[upkeep]\n|-heal|p1a: Houndoom|51\/100|[from] item: Leftovers\n|upkeep\n|turn|27\n|\n|t:|1666800990\n|move|p2a: Jynx|Lovely Kiss|p1a: Houndoom|[miss]\n|-miss|p2a: Jynx\n|move|p1a: Houndoom|Fire Blast|p2a: Jynx\n|-supereffective|p2a: Jynx\n|-damage|p2a: Jynx|0 fnt\n|faint|p2a: Jynx\n|c|\u2606forsenBussin|gg\n|\n|t:|1666801001\n|switch|p2a: Cloyster|Cloyster, M|26\/100\n|\n|-weather|none\n|-heal|p1a: Houndoom|58\/100|[from] item: Leftovers\n|-heal|p2a: Cloyster|32\/100|[from] item: Leftovers\n|upkeep\n|turn|28\n|\n|t:|1666801007\n|move|p1a: Houndoom|Crunch|p2a: Cloyster\n|-damage|p2a: Cloyster|0 fnt\n|faint|p2a: Cloyster\n|\n|win|Sp0onl0rd\n|n|\u2606Sp0onl0rd|sp0onl0rd\n|n|\u2606forsenBussin|forsenbussin\n|n| Reeynee|reeynee\n|n| lowelofunn|lowelofunn\n|n| loistor|loistor\n|n| outdsmoolicthe3rd|outdsmoolicthe3rd\n|n| Skwovetboi|skwovetboi\n|n| Mimikyu Stardust|mimikyustardust\n|n| swag money3|swagmoney3\n|n| ty-tyui\u21bb|tytyui\n|n| Wangboii|wangboii\n","uploadtime":1666801008,"views":19,"p1id":"sp0onl0rd","p2id":"forsenbussin","formatid":"gen2ou","rating":0,"private":0,"password":null}