{"id":"gen2ou-1666534336","p1":"Pok et glace","p2":"Jignavo","format":"gen2ou","log":"|j|\u2606Pok et glace\n|j|\u2606Jignavo\n|t:|1663422318\n|gametype|singles\n|player|p1|Pok et glace|cynthia-masters|1310\n|player|p2|Jignavo|richboy|1095\n|teamsize|p1|6\n|teamsize|p2|6\n|gen|2\n|tier|[Gen 2] OU\n|rated|\n|rule|Sleep Clause Mod: Limit one foe put to sleep\n|rule|Freeze Clause Mod: Limit one foe frozen\n|rule|Species Clause: Limit one of each Pok\u00e9mon\n|rule|OHKO Clause: OHKO moves are banned\n|rule|Evasion Items Clause: Evasion items are banned\n|rule|Evasion Moves Clause: Evasion moves are banned\n|rule|Endless Battle Clause: Forcing endless battles is banned\n|rule|HP Percentage Mod: HP is shown in percentages\n|\n|t:|1663422318\n|start\n|switch|p1a: Jynx|Jynx, F|100\/100\n|switch|p2a: Nachtara|Umbreon, F|100\/100\n|turn|1\n|\n|t:|1663422328\n|move|p1a: Jynx|Thief|p2a: Nachtara\n|-resisted|p2a: Nachtara\n|-damage|p2a: Nachtara|97\/100\n|-item|p1a: Jynx|Leftovers|[from] move: Thief|[of] p2a: Nachtara\n|move|p2a: Nachtara|Confuse Ray|p1a: Jynx\n|-start|p1a: Jynx|confusion\n|\n|upkeep\n|turn|2\n|\n|t:|1663422338\n|switch|p1a: Houndoom|Houndoom, M|100\/100\n|move|p2a: Nachtara|Zap Cannon|p1a: Houndoom|[miss]\n|-miss|p2a: Nachtara\n|\n|upkeep\n|turn|3\n|\n|t:|1663422344\n|move|p1a: Houndoom|Sunny Day|p1a: Houndoom\n|-weather|SunnyDay\n|move|p2a: Nachtara|Confuse Ray|p1a: Houndoom\n|-start|p1a: Houndoom|confusion\n|\n|-weather|SunnyDay|[upkeep]\n|upkeep\n|turn|4\n|\n|t:|1663422350\n|-activate|p1a: Houndoom|confusion\n|-damage|p1a: Houndoom|87\/100|[from] confusion\n|move|p2a: Nachtara|Zap Cannon|p1a: Houndoom|[miss]\n|-miss|p2a: Nachtara\n|\n|-weather|SunnyDay|[upkeep]\n|-heal|p1a: Houndoom|93\/100|[from] item: Leftovers\n|upkeep\n|turn|5\n|\n|t:|1663422356\n|-end|p1a: Houndoom|confusion\n|move|p1a: Houndoom|Fire Blast|p2a: Nachtara\n|-damage|p2a: Nachtara|48\/100\n|move|p2a: Nachtara|Attract|p1a: Houndoom\n|-start|p1a: Houndoom|Attract\n|\n|-weather|SunnyDay|[upkeep]\n|-heal|p1a: Houndoom|99\/100|[from] item: Leftovers\n|upkeep\n|turn|6\n|\n|t:|1663422365\n|-activate|p1a: Houndoom|move: Attract|[of] p2a: Nachtara\n|cant|p1a: Houndoom|Attract\n|move|p2a: Nachtara|Confuse Ray|p1a: Houndoom\n|-start|p1a: Houndoom|confusion\n|\n|-weather|SunnyDay|[upkeep]\n|-heal|p1a: Houndoom|100\/100|[from] item: Leftovers\n|upkeep\n|turn|7\n|\n|t:|1663422372\n|switch|p1a: Moltres|Moltres|100\/100\n|move|p2a: Nachtara|Zap Cannon|p1a: Moltres\n|-crit|p1a: Moltres\n|-supereffective|p1a: Moltres\n|-damage|p1a: Moltres|38\/100\n|-status|p1a: Moltres|par\n|\n|-weather|none\n|upkeep\n|turn|8\n|\n|t:|1663422380\n|switch|p1a: Entei|Entei|100\/100\n|move|p2a: Nachtara|Confuse Ray|p1a: Entei\n|-start|p1a: Entei|confusion\n|\n|upkeep\n|turn|9\n|\n|t:|1663422387\n|-activate|p1a: Entei|confusion\n|move|p1a: Entei|Hidden Power|p2a: Nachtara\n|-supereffective|p2a: Nachtara\n|-damage|p2a: Nachtara|20\/100\n|move|p2a: Nachtara|Zap Cannon|p1a: Entei|[miss]\n|-miss|p2a: Nachtara\n|\n|upkeep\n|turn|10\n|c|\u2606Pok et glace|i hate you\n|\n|t:|1663422394\n|-activate|p1a: Entei|confusion\n|move|p1a: Entei|Hidden Power|p2a: Nachtara\n|-supereffective|p2a: Nachtara\n|-damage|p2a: Nachtara|0 fnt\n|faint|p2a: Nachtara\n|c|\u2606Jignavo|reported sent due to bad conduct\n|\n|t:|1663422415\n|switch|p2a: Poliwrath|Poliwrath, F|100\/100\n|\n|upkeep\n|turn|11\n|c|\u2606Pok et glace|lmao okay\n|c|\u2606Pok et glace|that was a fast message\n|c|\u2606Pok et glace|do you purposefully play the worst teams to get people muted for two days?\n|\n|t:|1663422457\n|switch|p1a: Exeggutor|Exeggutor, M|100\/100\n|move|p2a: Poliwrath|Waterfall|p1a: Exeggutor\n|-resisted|p1a: Exeggutor\n|-damage|p1a: Exeggutor|87\/100\n|\n|-heal|p1a: Exeggutor|93\/100|[from] item: Leftovers\n|upkeep\n|turn|12\n|inactive|Battle timer is ON: inactive players will automatically lose when time's up. (requested by Pok et glace)\n|inactive|Jignavo has 120 seconds left.\n|inactive|Jignavo has 90 seconds left.\n|c|\u2606Jignavo|Okay, report ticket sent.\n|\n|t:|1663422551\n|move|p2a: Poliwrath|Attract|p1a: Exeggutor\n|-start|p1a: Exeggutor|Attract\n|-activate|p1a: Exeggutor|move: Attract|[of] p2a: Poliwrath\n|cant|p1a: Exeggutor|Attract\n|\n|-heal|p1a: Exeggutor|99\/100|[from] item: Leftovers\n|upkeep\n|turn|13\n|\n|t:|1663422572\n|move|p2a: Poliwrath|Dynamic Punch|p1a: Exeggutor\n|-resisted|p1a: Exeggutor\n|-damage|p1a: Exeggutor|86\/100\n|-start|p1a: Exeggutor|confusion\n|-activate|p1a: Exeggutor|confusion\n|-activate|p1a: Exeggutor|move: Attract|[of] p2a: Poliwrath\n|move|p1a: Exeggutor|Psychic|p2a: Poliwrath\n|-supereffective|p2a: Poliwrath\n|-damage|p2a: Poliwrath|28\/100\n|\n|-heal|p1a: Exeggutor|92\/100|[from] item: Leftovers\n|upkeep\n|turn|14\n|\n|t:|1663422583\n|move|p2a: Poliwrath|Body Slam|p1a: Exeggutor\n|-crit|p1a: Exeggutor\n|-damage|p1a: Exeggutor|56\/100\n|-end|p1a: Exeggutor|confusion\n|-activate|p1a: Exeggutor|move: Attract|[of] p2a: Poliwrath\n|cant|p1a: Exeggutor|Attract\n|\n|-heal|p1a: Exeggutor|62\/100|[from] item: Leftovers\n|upkeep\n|turn|15\n|\n|t:|1663422597\n|move|p2a: Poliwrath|Dynamic Punch|p1a: Exeggutor|[miss]\n|-miss|p2a: Poliwrath\n|-activate|p1a: Exeggutor|move: Attract|[of] p2a: Poliwrath\n|cant|p1a: Exeggutor|Attract\n|\n|-heal|p1a: Exeggutor|69\/100|[from] item: Leftovers\n|upkeep\n|turn|16\n|\n|t:|1663422604\n|move|p2a: Poliwrath|Dynamic Punch|p1a: Exeggutor\n|-resisted|p1a: Exeggutor\n|-damage|p1a: Exeggutor|54\/100\n|-start|p1a: Exeggutor|confusion\n|-activate|p1a: Exeggutor|confusion\n|-activate|p1a: Exeggutor|move: Attract|[of] p2a: Poliwrath\n|move|p1a: Exeggutor|Giga Drain|p2a: Poliwrath\n|-supereffective|p2a: Poliwrath\n|-damage|p2a: Poliwrath|0 fnt\n|-heal|p1a: Exeggutor|68\/100|[from] drain|[of] p2a: Poliwrath\n|faint|p2a: Poliwrath\n|\n|t:|1663422620\n|switch|p2a: Zapdos|Zapdos|100\/100\n|-end|p1a: Exeggutor|Attract|[silent]\n|\n|-heal|p1a: Exeggutor|74\/100|[from] item: Leftovers\n|upkeep\n|turn|17\n|\n|t:|1663422638\n|switch|p1a: Snorlax|Snorlax, M|100\/100\n|move|p2a: Zapdos|Thunder Wave|p1a: Snorlax\n|-status|p1a: Snorlax|par\n|\n|upkeep\n|turn|18\n|\n|t:|1663422653\n|switch|p2a: Knogga|Marowak, M|100\/100\n|cant|p1a: Snorlax|par\n|\n|upkeep\n|turn|19\n|\n|t:|1663422671\n|move|p2a: Knogga|Ancient Power|p1a: Snorlax\n|-damage|p1a: Snorlax|79\/100 par\n|move|p1a: Snorlax|Self-Destruct|p2a: Knogga\n|-damage|p2a: Knogga|0 fnt\n|faint|p1a: Snorlax\n|faint|p2a: Knogga\n|\n|t:|1663422696\n|switch|p2a: Zapdos|Zapdos|100\/100\n|switch|p1a: Exeggutor|Exeggutor, M|74\/100\n|\n|-heal|p1a: Exeggutor|80\/100|[from] item: Leftovers\n|upkeep\n|turn|20\n|\n|t:|1663422718\n|move|p2a: Zapdos|Thunder Wave|p1a: Exeggutor\n|-status|p1a: Exeggutor|par\n|cant|p1a: Exeggutor|par\n|\n|-heal|p1a: Exeggutor|86\/100 par|[from] item: Leftovers\n|upkeep\n|turn|21\n|\n|t:|1663422726\n|move|p2a: Zapdos|Drill Peck|p1a: Exeggutor\n|-supereffective|p1a: Exeggutor\n|-damage|p1a: Exeggutor|35\/100 par\n|move|p1a: Exeggutor|Psychic|p2a: Zapdos\n|-damage|p2a: Zapdos|66\/100\n|\n|-heal|p2a: Zapdos|72\/100|[from] item: Leftovers\n|-heal|p1a: Exeggutor|42\/100 par|[from] item: Leftovers\n|upkeep\n|turn|22\n|\n|t:|1663422734\n|move|p2a: Zapdos|Drill Peck|p1a: Exeggutor\n|-supereffective|p1a: Exeggutor\n|-damage|p1a: Exeggutor|0 fnt\n|faint|p1a: Exeggutor\n|\n|t:|1663422736\n|switch|p1a: Jynx|Jynx, F|100\/100\n|\n|-heal|p2a: Zapdos|78\/100|[from] item: Leftovers\n|upkeep\n|turn|23\n|\n|t:|1663422744\n|move|p2a: Zapdos|Thunder Wave|p1a: Jynx\n|-status|p1a: Jynx|par\n|move|p1a: Jynx|Ice Beam|p2a: Zapdos\n|-supereffective|p2a: Zapdos\n|-damage|p2a: Zapdos|9\/100\n|\n|-heal|p2a: Zapdos|15\/100|[from] item: Leftovers\n|upkeep\n|turn|24\n|\n|t:|1663422768\n|move|p2a: Zapdos|Rest|p2a: Zapdos\n|-status|p2a: Zapdos|slp|[from] move: Rest\n|-heal|p2a: Zapdos|100\/100 slp|[silent]\n|move|p1a: Jynx|Ice Beam|p2a: Zapdos\n|-supereffective|p2a: Zapdos\n|-damage|p2a: Zapdos|27\/100 slp\n|\n|-heal|p2a: Zapdos|33\/100 slp|[from] item: Leftovers\n|upkeep\n|turn|25\n|\n|t:|1663422783\n|cant|p2a: Zapdos|slp\n|move|p1a: Jynx|Ice Beam|p2a: Zapdos\n|-supereffective|p2a: Zapdos\n|-damage|p2a: Zapdos|0 fnt\n|faint|p2a: Zapdos\n|\n|t:|1663422789\n|switch|p2a: Skaraborn|Heracross, M|100\/100\n|\n|upkeep\n|turn|26\n|\n|t:|1663422800\n|switch|p1a: Entei|Entei|100\/100\n|move|p2a: Skaraborn|Megahorn|p1a: Entei\n|-resisted|p1a: Entei\n|-damage|p1a: Entei|78\/100\n|\n|-heal|p1a: Entei|85\/100|[from] item: Leftovers\n|upkeep\n|turn|27\n|\n|t:|1663422820\n|move|p1a: Entei|Fire Blast|p2a: Skaraborn\n|-supereffective|p2a: Skaraborn\n|-damage|p2a: Skaraborn|31\/100\n|move|p2a: Skaraborn|Rest|p2a: Skaraborn\n|-status|p2a: Skaraborn|slp|[from] move: Rest\n|-heal|p2a: Skaraborn|100\/100 slp|[silent]\n|\n|-heal|p1a: Entei|91\/100|[from] item: Leftovers\n|upkeep\n|turn|28\n|c|\u2606Pok et glace|you should get banned for toxic behavior\n|\n|t:|1663422836\n|move|p1a: Entei|Sunny Day|p1a: Entei\n|-weather|SunnyDay\n|cant|p2a: Skaraborn|slp\n|move|p2a: Skaraborn|Sleep Talk|p2a: Skaraborn\n|move|p2a: Skaraborn|Rest|p2a: Skaraborn|[from]Sleep Talk\n|-fail|p2a: Skaraborn\n|\n|-weather|SunnyDay|[upkeep]\n|-heal|p1a: Entei|97\/100|[from] item: Leftovers\n|upkeep\n|turn|29\n|inactive|Jignavo has 120 seconds left.\n|\n|t:|1663422872\n|move|p1a: Entei|Fire Blast|p2a: Skaraborn\n|-crit|p2a: Skaraborn\n|-supereffective|p2a: Skaraborn\n|-damage|p2a: Skaraborn|0 fnt\n|faint|p2a: Skaraborn\n|\n|t:|1663422877\n|switch|p2a: Kokowei|Exeggutor, M|100\/100\n|\n|-weather|SunnyDay|[upkeep]\n|-heal|p1a: Entei|100\/100|[from] item: Leftovers\n|upkeep\n|turn|30\n|\n|t:|1663422899\n|move|p1a: Entei|Fire Blast|p2a: Kokowei\n|-supereffective|p2a: Kokowei\n|-damage|p2a: Kokowei|0 fnt\n|faint|p2a: Kokowei\n|\n|win|Pok et glace\n|raw|Pok et glace's rating: 1310 &rarr; <strong>1319<\/strong><br \/>(+9 for winning)\n|raw|Jignavo's rating: 1095 &rarr; <strong>1084<\/strong><br \/>(-11 for losing)\n|c|\u2606Jignavo|battle script sent for report, already.\n|c|\u2606Jignavo|Have a ncie day\n|l|\u2606Jignavo\n||Ladder isn't responding, score probably updated but might not have (Request timeout).\n","uploadtime":1663422529,"views":2,"p1id":"poketglace","p2id":"jignavo","formatid":"gen2ou","rating":1084,"private":0,"password":null}