{"id":"gen2ou-1594875025","p1":"John1240","p2":"Raph369","format":"gen2ou","log":"|j|\u2606John1240\n|j|\u2606Raph369\n|t:|1655062075\n|gametype|singles\n|player|p1|John1240|dragontamer|\n|player|p2|Raph369|archer|\n|teamsize|p1|6\n|teamsize|p2|6\n|gen|2\n|tier|[Gen 2] OU\n|rule|Sleep Clause Mod: Limit one foe put to sleep\n|rule|Freeze Clause Mod: Limit one foe frozen\n|rule|Species Clause: Limit one of each Pok\u00e9mon\n|rule|OHKO Clause: OHKO moves are banned\n|rule|Evasion Moves Clause: Evasion moves are banned\n|rule|Endless Battle Clause: Forcing endless battles is banned\n|rule|HP Percentage Mod: HP is shown in percentages\n|\n|t:|1655062075\n|start\n|switch|p1a: Forretress|Forretress, F|100\/100\n|switch|p2a: Golisopod|Golisopod, F|100\/100\n|turn|1\n|c|\u2606Raph369|\/log Raph369 made this room public.\n|\n|t:|1655062139\n|move|p2a: Golisopod|Swords Dance|p2a: Golisopod\n|-boost|p2a: Golisopod|atk|2\n|move|p1a: Forretress|Toxic|p2a: Golisopod\n|-status|p2a: Golisopod|tox\n|\n|upkeep\n|turn|2\n|j| RoiDadadou\n|j| Uxilon\n|j| Tomhyoshi\n|\n|t:|1655062178\n|move|p2a: Golisopod|Spikes|p1a: Forretress\n|-sidestart|p1: John1240|Spikes\n|-damage|p2a: Golisopod|94\/100 tox|[from] psn\n|move|p1a: Forretress|Spikes|p2a: Golisopod\n|-sidestart|p2: Raph369|Spikes\n|\n|-heal|p2a: Golisopod|100\/100 tox|[from] item: Leftovers\n|upkeep\n|turn|3\n|\n|t:|1655062187\n|move|p2a: Golisopod|Rock Slide|p1a: Forretress|[miss]\n|-miss|p2a: Golisopod\n|-damage|p2a: Golisopod|88\/100 tox|[from] psn\n|move|p1a: Forretress|Rapid Spin|p2a: Golisopod\n|-damage|p2a: Golisopod|85\/100 tox\n|-sideend|p1: John1240|Spikes|[from] move: Rapid Spin|[of] p1a: Forretress\n|\n|-heal|p2a: Golisopod|91\/100 tox|[from] item: Leftovers\n|upkeep\n|turn|4\n|j| Scavet\n|\n|t:|1655062199\n|move|p2a: Golisopod|Spikes|p1a: Forretress\n|-sidestart|p1: John1240|Spikes\n|-damage|p2a: Golisopod|72\/100 tox|[from] psn\n|move|p1a: Forretress|Spikes|p2a: Golisopod\n|-fail|p2a: Golisopod\n|\n|-heal|p2a: Golisopod|78\/100 tox|[from] item: Leftovers\n|upkeep\n|turn|5\n|\n|t:|1655062214\n|switch|p2a: Gengar|Gengar, M|100\/100\n|-damage|p2a: Gengar|88\/100|[from] Spikes\n|move|p1a: Forretress|Rapid Spin|p2a: Gengar\n|-immune|p2a: Gengar\n|\n|-heal|p2a: Gengar|94\/100|[from] item: Leftovers\n|upkeep\n|turn|6\n|j| Ruijin\n|\n|t:|1655062245\n|switch|p1a: Raikou|Raikou|100\/100\n|-damage|p1a: Raikou|88\/100|[from] Spikes\n|move|p2a: Gengar|Perish Song|p2a: Gengar\n|-start|p1a: Raikou|perish3|[silent]\n|-start|p2a: Gengar|perish3|[silent]\n|-fieldactivate|move: Perish Song\n|\n|-start|p1a: Raikou|perish3\n|-start|p2a: Gengar|perish3\n|-heal|p1a: Raikou|94\/100|[from] item: Leftovers\n|-heal|p2a: Gengar|100\/100|[from] item: Leftovers\n|upkeep\n|turn|7\n|\n|t:|1655062258\n|move|p2a: Gengar|Protect|p2a: Gengar\n|-singleturn|p2a: Gengar|Protect\n|move|p1a: Raikou|Thunder|p2a: Gengar\n|-activate|p2a: Gengar|Protect\n|\n|-start|p1a: Raikou|perish2\n|-start|p2a: Gengar|perish2\n|-heal|p1a: Raikou|99\/100|[from] item: Leftovers\n|upkeep\n|turn|8\n|\n|t:|1655062272\n|switch|p1a: Gengar|Gengar, M|100\/100\n|-damage|p1a: Gengar|88\/100|[from] Spikes\n|switch|p2a: Golem|Golem, M|100\/100\n|-damage|p2a: Golem|88\/100|[from] Spikes\n|\n|-heal|p2a: Golem|94\/100|[from] item: Leftovers\n|upkeep\n|turn|9\n|\n|t:|1655062296\n|switch|p1a: Starmie|Starmie|100\/100\n|-damage|p1a: Starmie|88\/100|[from] Spikes\n|switch|p2a: Zapdos|Zapdos|100\/100\n|\n|-heal|p1a: Starmie|94\/100|[from] item: Leftovers\n|upkeep\n|turn|10\n|\n|t:|1655062304\n|switch|p1a: Raikou|Raikou|99\/100\n|-damage|p1a: Raikou|88\/100|[from] Spikes\n|move|p2a: Zapdos|Thunder|p1a: Raikou|[miss]\n|-miss|p2a: Zapdos\n|\n|-heal|p1a: Raikou|94\/100|[from] item: Leftovers\n|upkeep\n|turn|11\n|\n|t:|1655062312\n|switch|p2a: Snorlax|Snorlax, M|100\/100\n|-damage|p2a: Snorlax|88\/100|[from] Spikes\n|move|p1a: Raikou|Thunder|p2a: Snorlax|[miss]\n|-miss|p1a: Raikou\n|\n|-heal|p1a: Raikou|99\/100|[from] item: Leftovers\n|-heal|p2a: Snorlax|94\/100|[from] item: Leftovers\n|upkeep\n|turn|12\n|\n|t:|1655062325\n|switch|p1a: Forretress|Forretress, F|100\/100\n|-damage|p1a: Forretress|88\/100|[from] Spikes\n|switch|p2a: Zapdos|Zapdos|100\/100\n|\n|-heal|p1a: Forretress|94\/100|[from] item: Leftovers\n|upkeep\n|turn|13\n|\n|t:|1655062345\n|move|p2a: Zapdos|Thunder|p1a: Forretress\n|-damage|p1a: Forretress|28\/100\n|move|p1a: Forretress|Rapid Spin|p2a: Zapdos\n|-damage|p2a: Zapdos|96\/100\n|-sideend|p1: John1240|Spikes|[from] move: Rapid Spin|[of] p1a: Forretress\n|\n|-heal|p2a: Zapdos|100\/100|[from] item: Leftovers\n|-heal|p1a: Forretress|35\/100|[from] item: Leftovers\n|upkeep\n|turn|14\n|\n|t:|1655062354\n|switch|p1a: Raikou|Raikou|99\/100\n|move|p2a: Zapdos|Thunder|p1a: Raikou\n|-resisted|p1a: Raikou\n|-damage|p1a: Raikou|78\/100\n|\n|-heal|p1a: Raikou|84\/100|[from] item: Leftovers\n|upkeep\n|turn|15\n|\n|t:|1655062372\n|switch|p2a: Snorlax|Snorlax, M|94\/100\n|-damage|p2a: Snorlax|82\/100|[from] Spikes\n|move|p1a: Raikou|Thunder|p2a: Snorlax\n|-damage|p2a: Snorlax|55\/100\n|\n|-heal|p1a: Raikou|90\/100|[from] item: Leftovers\n|-heal|p2a: Snorlax|61\/100|[from] item: Leftovers\n|upkeep\n|turn|16\n|\n|t:|1655062386\n|move|p1a: Raikou|Thunder|p2a: Snorlax\n|-damage|p2a: Snorlax|34\/100\n|-status|p2a: Snorlax|par\n|cant|p2a: Snorlax|par\n|\n|-heal|p1a: Raikou|96\/100|[from] item: Leftovers\n|-heal|p2a: Snorlax|40\/100 par|[from] item: Leftovers\n|upkeep\n|turn|17\n|\n|t:|1655062421\n|switch|p1a: Snorlax|Snorlax, M|100\/100\n|move|p2a: Snorlax|Rest|p2a: Snorlax\n|-status|p2a: Snorlax|slp|[from] move: Rest\n|-heal|p2a: Snorlax|100\/100 slp|[silent]\n|\n|upkeep\n|turn|18\n|\n|t:|1655062446\n|switch|p2a: Golem|Golem, M|94\/100\n|-damage|p2a: Golem|82\/100|[from] Spikes\n|switch|p1a: Gengar|Gengar, M|88\/100\n|\n|-heal|p2a: Golem|88\/100|[from] item: Leftovers\n|upkeep\n|turn|19\n|\n|t:|1655062456\n|switch|p1a: Starmie|Starmie|94\/100\n|switch|p2a: Zapdos|Zapdos|100\/100\n|\n|-heal|p1a: Starmie|100\/100|[from] item: Leftovers\n|upkeep\n|turn|20\n|\n|t:|1655062464\n|switch|p1a: Raikou|Raikou|96\/100\n|move|p2a: Zapdos|Thunder|p1a: Raikou\n|-resisted|p1a: Raikou\n|-damage|p1a: Raikou|74\/100\n|\n|-heal|p1a: Raikou|80\/100|[from] item: Leftovers\n|upkeep\n|turn|21\n|\n|t:|1655062479\n|move|p1a: Raikou|Thunder|p2a: Zapdos|[miss]\n|-miss|p1a: Raikou\n|move|p2a: Zapdos|Thunder|p1a: Raikou|[miss]\n|-miss|p2a: Zapdos\n|\n|-heal|p1a: Raikou|86\/100|[from] item: Leftovers\n|upkeep\n|turn|22\n|\n|t:|1655062500\n|switch|p2a: Golem|Golem, M|88\/100\n|-damage|p2a: Golem|75\/100|[from] Spikes\n|move|p1a: Raikou|Thunder|p2a: Golem\n|-immune|p2a: Golem\n|\n|-heal|p1a: Raikou|92\/100|[from] item: Leftovers\n|-heal|p2a: Golem|81\/100|[from] item: Leftovers\n|upkeep\n|turn|23\n|\n|t:|1655062508\n|switch|p2a: Snorlax|Snorlax, M|100\/100 slp\n|-damage|p2a: Snorlax|88\/100 slp|[from] Spikes\n|move|p1a: Raikou|Hidden Power|p2a: Snorlax\n|-damage|p2a: Snorlax|76\/100 slp\n|\n|-heal|p1a: Raikou|98\/100|[from] item: Leftovers\n|-heal|p2a: Snorlax|83\/100 slp|[from] item: Leftovers\n|upkeep\n|turn|24\n|\n|t:|1655062518\n|switch|p1a: Gengar|Gengar, M|88\/100\n|cant|p2a: Snorlax|slp\n|\n|-heal|p2a: Snorlax|89\/100 slp|[from] item: Leftovers\n|upkeep\n|turn|25\n|\n|t:|1655062524\n|move|p1a: Gengar|Thief|p2a: Snorlax\n|-damage|p2a: Snorlax|82\/100 slp\n|-item|p1a: Gengar|Leftovers|[from] move: Thief|[of] p2a: Snorlax\n|cant|p2a: Snorlax|slp\n|\n|-heal|p1a: Gengar|94\/100|[from] item: Leftovers\n|upkeep\n|turn|26\n|\n|t:|1655062545\n|switch|p1a: Snorlax|Snorlax, M|100\/100\n|switch|p2a: Zapdos|Zapdos|100\/100\n|\n|upkeep\n|turn|27\n|\n|t:|1655062551\n|switch|p2a: Gengar|Gengar, M|100\/100\n|-damage|p2a: Gengar|88\/100|[from] Spikes\n|move|p1a: Snorlax|Curse|p1a: Snorlax\n|-unboost|p1a: Snorlax|spe|1\n|-boost|p1a: Snorlax|atk|1\n|-boost|p1a: Snorlax|def|1\n|\n|-heal|p2a: Gengar|94\/100|[from] item: Leftovers\n|upkeep\n|turn|28\n|\n|t:|1655062567\n|switch|p1a: Raikou|Raikou|98\/100\n|move|p2a: Gengar|Perish Song|p2a: Gengar\n|-start|p1a: Raikou|perish3|[silent]\n|-start|p2a: Gengar|perish3|[silent]\n|-fieldactivate|move: Perish Song\n|\n|-start|p1a: Raikou|perish3\n|-start|p2a: Gengar|perish3\n|-heal|p1a: Raikou|100\/100|[from] item: Leftovers\n|-heal|p2a: Gengar|100\/100|[from] item: Leftovers\n|upkeep\n|turn|29\n|\n|t:|1655062581\n|switch|p1a: Gengar|Gengar, M|94\/100\n|move|p2a: Gengar|Protect|p2a: Gengar\n|-fail|p2a: Gengar\n|\n|-start|p2a: Gengar|perish2\n|-heal|p1a: Gengar|100\/100|[from] item: Leftovers\n|upkeep\n|turn|30\n|\n|t:|1655062593\n|switch|p2a: Zapdos|Zapdos|100\/100\n|move|p1a: Gengar|Thunderbolt|p2a: Zapdos\n|-damage|p2a: Zapdos|76\/100\n|\n|-heal|p2a: Zapdos|82\/100|[from] item: Leftovers\n|upkeep\n|turn|31\n|\n|t:|1655062600\n|move|p1a: Gengar|Ice Punch|p2a: Zapdos\n|-supereffective|p2a: Zapdos\n|-damage|p2a: Zapdos|42\/100\n|move|p2a: Zapdos|Thunder|p1a: Gengar\n|-damage|p1a: Gengar|38\/100\n|\n|-heal|p1a: Gengar|44\/100|[from] item: Leftovers\n|-heal|p2a: Zapdos|48\/100|[from] item: Leftovers\n|upkeep\n|turn|32\n|\n|t:|1655062610\n|switch|p1a: Raikou|Raikou|100\/100\n|move|p2a: Zapdos|Thunder|p1a: Raikou\n|-resisted|p1a: Raikou\n|-damage|p1a: Raikou|78\/100\n|-status|p1a: Raikou|par\n|\n|-heal|p2a: Zapdos|54\/100|[from] item: Leftovers\n|-heal|p1a: Raikou|84\/100 par|[from] item: Leftovers\n|upkeep\n|turn|33\n|\n|t:|1655062621\n|switch|p2a: Snorlax|Snorlax, M|82\/100 slp\n|-damage|p2a: Snorlax|69\/100 slp|[from] Spikes\n|move|p1a: Raikou|Hidden Power|p2a: Snorlax\n|-damage|p2a: Snorlax|57\/100 slp\n|\n|-heal|p1a: Raikou|90\/100 par|[from] item: Leftovers\n|upkeep\n|turn|34\n|\n|t:|1655062632\n|switch|p1a: Gengar|Gengar, M|44\/100\n|-curestatus|p2a: Snorlax|slp|[msg]\n|move|p2a: Snorlax|Earthquake|p1a: Gengar\n|-supereffective|p1a: Gengar\n|-damage|p1a: Gengar|0 fnt\n|faint|p1a: Gengar\n|c|\u2606Raph369|oh y'a pas levitate en gsc\n|c|\u2606Raph369|je viens de r\u00e9aliser\n|c|\u2606Raph369|jsuis autiste\n|\n|t:|1655062666\n|switch|p1a: Hawlucha|Hawlucha, F|100\/100\n|\n|upkeep\n|turn|35\n|\n|t:|1655062685\n|switch|p2a: Gengar|Gengar, M|100\/100\n|-damage|p2a: Gengar|88\/100|[from] Spikes\n|move|p1a: Hawlucha|Swords Dance|p1a: Hawlucha\n|-boost|p1a: Hawlucha|atk|2\n|\n|-heal|p2a: Gengar|94\/100|[from] item: Leftovers\n|upkeep\n|turn|36\n|\n|t:|1655062695\n|move|p1a: Hawlucha|Hidden Power|p2a: Gengar\n|-damage|p2a: Gengar|28\/100\n|move|p2a: Gengar|Thunderbolt|p1a: Hawlucha\n|-supereffective|p1a: Hawlucha\n|-damage|p1a: Hawlucha|29\/100\n|\n|-heal|p1a: Hawlucha|35\/100|[from] item: Leftovers\n|-heal|p2a: Gengar|35\/100|[from] item: Leftovers\n|upkeep\n|turn|37\n|\n|t:|1655062711\n|move|p1a: Hawlucha|Hidden Power|p2a: Gengar\n|-damage|p2a: Gengar|0 fnt\n|faint|p2a: Gengar\n|\n|t:|1655062720\n|switch|p2a: Golisopod|Golisopod, F|78\/100 tox\n|-status|p2a: Golisopod|psn|[silent]\n|-damage|p2a: Golisopod|66\/100 psn|[from] Spikes\n|\n|-heal|p1a: Hawlucha|42\/100|[from] item: Leftovers\n|-heal|p2a: Golisopod|72\/100 psn|[from] item: Leftovers\n|upkeep\n|turn|38\n|\n|t:|1655062729\n|move|p1a: Hawlucha|Hidden Power|p2a: Golisopod\n|-supereffective|p2a: Golisopod\n|-damage|p2a: Golisopod|8\/100 psn\n|move|p2a: Golisopod|Surf|p1a: Hawlucha\n|-damage|p1a: Hawlucha|8\/100\n|-damage|p2a: Golisopod|0 fnt|[from] psn|[of] p1a: Hawlucha\n|faint|p2a: Golisopod\n|c|\u2606Raph369|uh\n|c|\u2606Raph369|bon\n|\n|t:|1655062740\n|switch|p2a: Hawlucha|Hawlucha, F|100\/100\n|\n|-heal|p1a: Hawlucha|14\/100|[from] item: Leftovers\n|upkeep\n|turn|39\n|\n|t:|1655062757\n|move|p2a: Hawlucha|Drill Peck|p1a: Hawlucha\n|-supereffective|p1a: Hawlucha\n|-damage|p1a: Hawlucha|0 fnt\n|faint|p1a: Hawlucha\n|\n|t:|1655062763\n|switch|p1a: Raikou|Raikou|90\/100 par\n|\n|-heal|p1a: Raikou|96\/100 par|[from] item: Leftovers\n|upkeep\n|turn|40\n|\n|t:|1655062775\n|switch|p2a: Snorlax|Snorlax, M|57\/100\n|-damage|p2a: Snorlax|45\/100|[from] Spikes\n|move|p1a: Raikou|Thunder|p2a: Snorlax|[miss]\n|-miss|p1a: Raikou\n|\n|-heal|p1a: Raikou|100\/100 par|[from] item: Leftovers\n|upkeep\n|turn|41\n|\n|t:|1655062782\n|switch|p1a: Snorlax|Snorlax, M|100\/100\n|move|p2a: Snorlax|Rest|p2a: Snorlax\n|-status|p2a: Snorlax|slp|[from] move: Rest\n|-heal|p2a: Snorlax|100\/100 slp|[silent]\n|\n|upkeep\n|turn|42\n|\n|t:|1655062789\n|switch|p2a: Golem|Golem, M|81\/100\n|-damage|p2a: Golem|69\/100|[from] Spikes\n|move|p1a: Snorlax|Curse|p1a: Snorlax\n|-unboost|p1a: Snorlax|spe|1\n|-boost|p1a: Snorlax|atk|1\n|-boost|p1a: Snorlax|def|1\n|\n|-heal|p2a: Golem|75\/100|[from] item: Leftovers\n|upkeep\n|turn|43\n|c| Ruijin|Hawlucha a Drill Peck ?\n|c| Uxilon|drill peck ????\n|c|\u2606Raph369|wow\n|c| Scavet|drill peck ???\n|c|\u2606Raph369|c'est du ghosting\n|j| frol1\n|c| Scavet|att mais il a jou\u00e9 hp flying nn john\n|c| Uxilon|bah parce que\n|c| Uxilon|Hawlucha\n|c| Uxilon|n'a pas drill peck non ?\n|c|\u2606Raph369|damn it\n|c| Ruijin|Je go v\u00e9rifier\n|c|\u2606Raph369|il a pas\n|c| RoiDadadou|Il n'a pas.\n|c| Scavet|noooon :sob:\n|\n|t:|1655062872\n|move|p2a: Golem|Rapid Spin|p1a: Snorlax\n|-damage|p1a: Snorlax|97\/100\n|-sideend|p2: Raph369|Spikes|[from] move: Rapid Spin|[of] p2a: Golem\n|move|p1a: Snorlax|Curse|p1a: Snorlax\n|-unboost|p1a: Snorlax|spe|1\n|-boost|p1a: Snorlax|atk|1\n|-boost|p1a: Snorlax|def|1\n|\n|-heal|p2a: Golem|81\/100|[from] item: Leftovers\n|-heal|p1a: Snorlax|100\/100|[from] item: Leftovers\n|upkeep\n|turn|44\n|c| RoiDadadou|Je viens de v\u00e9rif.\n|j| Dkelelelelle3\n|\n|t:|1655062887\n|move|p1a: Snorlax|Double-Edge|p2a: Golem\n|-resisted|p2a: Golem\n|-damage|p2a: Golem|50\/100\n|-damage|p1a: Snorlax|95\/100|[from] Recoil|[of] p2a: Golem\n|move|p2a: Golem|Roar|p1a: Snorlax\n|drag|p1a: Starmie|Starmie|100\/100\n|\n|-heal|p2a: Golem|56\/100|[from] item: Leftovers\n|upkeep\n|turn|45\n|c| RoiDadadou|.\/nms flying, hawlucha, gen2|gen1\n|c| Ruijin|Bon pour l'instant \u00e7a change pas grand chose au match mais voil\u00e0\n|c| RoiDadadou|Matching moves found in learnset(s) for Hawlucha:\n|c| RoiDadadou|Fly, Sky Attack, Wing Attack\n|c|\u2606Raph369|il ne l'a pas oe\n|\n|t:|1655062908\n|switch|p2a: Snorlax|Snorlax, M|100\/100 slp\n|move|p1a: Starmie|Substitute|p1a: Starmie\n|-start|p1a: Starmie|Substitute\n|-damage|p1a: Starmie|76\/100\n|\n|-heal|p1a: Starmie|82\/100|[from] item: Leftovers\n|upkeep\n|turn|46\n|c|\u2606Raph369|ah merde\n|c|\u2606Raph369|du coup je ff\n|c| Ruijin|Finissez quand m\u00eame non ?\n|c|\u2606Raph369|ce sera au bon vouloir de mon oppo\n|\n|t:|1655062978\n|move|p1a: Starmie|Surf|p2a: Snorlax\n|-damage|p2a: Snorlax|81\/100 slp\n|cant|p2a: Snorlax|slp\n|\n|-heal|p1a: Starmie|88\/100|[from] item: Leftovers\n|upkeep\n|turn|47\n|c| frol1|oui je crois que hawlucha n a pas de bec ca fait bizarre deill peck\n|\n|t:|1655062991\n|move|p1a: Starmie|Surf|p2a: Snorlax\n|-damage|p2a: Snorlax|61\/100 slp\n|cant|p2a: Snorlax|slp\n|\n|-heal|p1a: Starmie|94\/100|[from] item: Leftovers\n|upkeep\n|turn|48\n|c|\u2606Raph369|j'ai merd\u00e9 en effet\n|\n|t:|1655063004\n|move|p1a: Starmie|Surf|p2a: Snorlax\n|-damage|p2a: Snorlax|40\/100 slp\n|-curestatus|p2a: Snorlax|slp|[msg]\n|move|p2a: Snorlax|Curse|p2a: Snorlax\n|-unboost|p2a: Snorlax|spe|1\n|-boost|p2a: Snorlax|atk|1\n|-boost|p2a: Snorlax|def|1\n|\n|-heal|p1a: Starmie|100\/100|[from] item: Leftovers\n|upkeep\n|turn|49\n|\n|t:|1655063018\n|switch|p1a: Snorlax|Snorlax, M|95\/100\n|move|p2a: Snorlax|Rest|p2a: Snorlax\n|-status|p2a: Snorlax|slp|[from] move: Rest\n|-heal|p2a: Snorlax|100\/100 slp|[silent]\n|\n|-heal|p1a: Snorlax|100\/100|[from] item: Leftovers\n|upkeep\n|turn|50\n|\n|t:|1655063026\n|switch|p2a: Golem|Golem, M|56\/100\n|move|p1a: Snorlax|Curse|p1a: Snorlax\n|-unboost|p1a: Snorlax|spe|1\n|-boost|p1a: Snorlax|atk|1\n|-boost|p1a: Snorlax|def|1\n|\n|-heal|p2a: Golem|62\/100|[from] item: Leftovers\n|upkeep\n|turn|51\n|\n|t:|1655063059\n|move|p2a: Golem|Earthquake|p1a: Snorlax\n|-damage|p1a: Snorlax|79\/100\n|move|p1a: Snorlax|Double-Edge|p2a: Golem\n|-resisted|p2a: Golem\n|-damage|p2a: Golem|34\/100\n|-damage|p1a: Snorlax|74\/100|[from] Recoil|[of] p2a: Golem\n|\n|-heal|p2a: Golem|40\/100|[from] item: Leftovers\n|-heal|p1a: Snorlax|80\/100|[from] item: Leftovers\n|upkeep\n|turn|52\n|\n|t:|1655063068\n|move|p2a: Golem|Earthquake|p1a: Snorlax\n|-damage|p1a: Snorlax|59\/100\n|move|p1a: Snorlax|Double-Edge|p2a: Golem\n|-resisted|p2a: Golem\n|-damage|p2a: Golem|16\/100\n|-damage|p1a: Snorlax|55\/100|[from] Recoil|[of] p2a: Golem\n|\n|-heal|p2a: Golem|22\/100|[from] item: Leftovers\n|-heal|p1a: Snorlax|61\/100|[from] item: Leftovers\n|upkeep\n|turn|53\n|\n|t:|1655063079\n|move|p2a: Golem|Explosion|p1a: Snorlax\n|-damage|p1a: Snorlax|0 fnt\n|faint|p2a: Golem\n|faint|p1a: Snorlax\n|l| Dkelelelelle3\n|\n|t:|1655063093\n|switch|p2a: Zapdos|Zapdos|54\/100\n|switch|p1a: Forretress|Forretress, F|35\/100\n|\n|-heal|p2a: Zapdos|60\/100|[from] item: Leftovers\n|-heal|p1a: Forretress|41\/100|[from] item: Leftovers\n|upkeep\n|turn|54\n|\n|t:|1655063099\n|switch|p1a: Raikou|Raikou|100\/100 par\n|move|p2a: Zapdos|Thunder|p1a: Raikou\n|-resisted|p1a: Raikou\n|-damage|p1a: Raikou|78\/100 par\n|\n|-heal|p2a: Zapdos|66\/100|[from] item: Leftovers\n|-heal|p1a: Raikou|84\/100 par|[from] item: Leftovers\n|upkeep\n|turn|55\n|\n|t:|1655063107\n|switch|p2a: Snorlax|Snorlax, M|100\/100 slp\n|move|p1a: Raikou|Rest|p1a: Raikou\n|-status|p1a: Raikou|slp|[from] move: Rest\n|-heal|p1a: Raikou|100\/100 slp|[silent]\n|\n|upkeep\n|turn|56\n|\n|t:|1655063114\n|switch|p1a: Forretress|Forretress, F|41\/100\n|cant|p2a: Snorlax|slp\n|\n|-heal|p1a: Forretress|47\/100|[from] item: Leftovers\n|upkeep\n|turn|57\n|c|\u2606John1240|je pr\u00e9viens que je prends la win, mais finissons quand meme histoire de\n|c|\u2606Raph369|ok\n|\n|t:|1655063155\n|switch|p1a: Starmie|Starmie|100\/100\n|cant|p2a: Snorlax|slp\n|\n|upkeep\n|turn|58\n|\n|t:|1655063179\n|move|p1a: Starmie|Surf|p2a: Snorlax\n|-damage|p2a: Snorlax|79\/100 slp\n|-curestatus|p2a: Snorlax|slp|[msg]\n|move|p2a: Snorlax|Curse|p2a: Snorlax\n|-unboost|p2a: Snorlax|spe|1\n|-boost|p2a: Snorlax|atk|1\n|-boost|p2a: Snorlax|def|1\n|\n|upkeep\n|turn|59\n|\n|t:|1655063187\n|move|p1a: Starmie|Surf|p2a: Snorlax\n|-damage|p2a: Snorlax|60\/100\n|move|p2a: Snorlax|Double-Edge|p1a: Starmie\n|-damage|p1a: Starmie|21\/100\n|-damage|p2a: Snorlax|47\/100|[from] Recoil|[of] p1a: Starmie\n|\n|-heal|p1a: Starmie|27\/100|[from] item: Leftovers\n|upkeep\n|turn|60\n|\n|t:|1655063200\n|move|p1a: Starmie|Recover|p1a: Starmie\n|-heal|p1a: Starmie|77\/100\n|move|p2a: Snorlax|Rest|p2a: Snorlax\n|-status|p2a: Snorlax|slp|[from] move: Rest\n|-heal|p2a: Snorlax|100\/100 slp|[silent]\n|\n|-heal|p1a: Starmie|83\/100|[from] item: Leftovers\n|upkeep\n|turn|61\n|\n|t:|1655063210\n|move|p1a: Starmie|Substitute|p1a: Starmie\n|-start|p1a: Starmie|Substitute\n|-damage|p1a: Starmie|58\/100\n|cant|p2a: Snorlax|slp\n|\n|-heal|p1a: Starmie|65\/100|[from] item: Leftovers\n|upkeep\n|turn|62\n|\n|t:|1655063218\n|move|p1a: Starmie|Surf|p2a: Snorlax\n|-damage|p2a: Snorlax|81\/100 slp\n|cant|p2a: Snorlax|slp\n|\n|-heal|p1a: Starmie|71\/100|[from] item: Leftovers\n|upkeep\n|turn|63\n|\n|t:|1655063227\n|move|p1a: Starmie|Recover|p1a: Starmie\n|-heal|p1a: Starmie|100\/100\n|-curestatus|p2a: Snorlax|slp|[msg]\n|move|p2a: Snorlax|Double-Edge|p1a: Starmie\n|-end|p1a: Starmie|Substitute\n|-damage|p2a: Snorlax|81\/100|[from] Recoil|[of] p1a: Starmie\n|\n|upkeep\n|turn|64\n|\n|t:|1655063235\n|move|p1a: Starmie|Surf|p2a: Snorlax\n|-damage|p2a: Snorlax|62\/100\n|move|p2a: Snorlax|Curse|p2a: Snorlax\n|-unboost|p2a: Snorlax|spe|1\n|-boost|p2a: Snorlax|atk|1\n|-boost|p2a: Snorlax|def|1\n|\n|upkeep\n|turn|65\n|\n|t:|1655063247\n|switch|p1a: Forretress|Forretress, F|47\/100\n|move|p2a: Snorlax|Curse|p2a: Snorlax\n|-unboost|p2a: Snorlax|spe|1\n|-boost|p2a: Snorlax|atk|1\n|-boost|p2a: Snorlax|def|1\n|\n|-heal|p1a: Forretress|53\/100|[from] item: Leftovers\n|upkeep\n|turn|66\n|\n|t:|1655063257\n|move|p1a: Forretress|Toxic|p2a: Snorlax|[miss]\n|-miss|p1a: Forretress\n|move|p2a: Snorlax|Earthquake|p1a: Forretress\n|-damage|p1a: Forretress|0 fnt\n|faint|p1a: Forretress\n|\n|t:|1655063264\n|switch|p1a: Starmie|Starmie|100\/100\n|\n|upkeep\n|turn|67\n|\n|t:|1655063286\n|move|p1a: Starmie|Surf|p2a: Snorlax\n|-damage|p2a: Snorlax|44\/100\n|move|p2a: Snorlax|Rest|p2a: Snorlax\n|-status|p2a: Snorlax|slp|[from] move: Rest\n|-heal|p2a: Snorlax|100\/100 slp|[silent]\n|\n|upkeep\n|turn|68\n|\n|t:|1655063293\n|move|p1a: Starmie|Surf|p2a: Snorlax\n|-damage|p2a: Snorlax|80\/100 slp\n|cant|p2a: Snorlax|slp\n|\n|upkeep\n|turn|69\n|\n|t:|1655063298\n|move|p1a: Starmie|Surf|p2a: Snorlax\n|-damage|p2a: Snorlax|58\/100 slp\n|cant|p2a: Snorlax|slp\n|\n|upkeep\n|turn|70\n|l| Ruijin\n|\n|t:|1655063307\n|move|p1a: Starmie|Substitute|p1a: Starmie\n|-start|p1a: Starmie|Substitute\n|-damage|p1a: Starmie|76\/100\n|-curestatus|p2a: Snorlax|slp|[msg]\n|move|p2a: Snorlax|Double-Edge|p1a: Starmie\n|-end|p1a: Starmie|Substitute\n|-damage|p2a: Snorlax|58\/100|[from] Recoil|[of] p1a: Starmie\n|\n|-heal|p1a: Starmie|82\/100|[from] item: Leftovers\n|upkeep\n|turn|71\n|\n|t:|1655063316\n|move|p1a: Starmie|Surf|p2a: Snorlax\n|-damage|p2a: Snorlax|39\/100\n|move|p2a: Snorlax|Earthquake|p1a: Starmie\n|-damage|p1a: Starmie|11\/100\n|\n|-heal|p1a: Starmie|17\/100|[from] item: Leftovers\n|upkeep\n|turn|72\n|\n|t:|1655063328\n|move|p1a: Starmie|Surf|p2a: Snorlax\n|-damage|p2a: Snorlax|18\/100\n|move|p2a: Snorlax|Rest|p2a: Snorlax\n|-status|p2a: Snorlax|slp|[from] move: Rest\n|-heal|p2a: Snorlax|100\/100 slp|[silent]\n|\n|-heal|p1a: Starmie|23\/100|[from] item: Leftovers\n|upkeep\n|turn|73\n|\n|t:|1655063338\n|move|p1a: Starmie|Recover|p1a: Starmie\n|-heal|p1a: Starmie|73\/100\n|cant|p2a: Snorlax|slp\n|\n|-heal|p1a: Starmie|79\/100|[from] item: Leftovers\n|upkeep\n|turn|74\n|\n|t:|1655063344\n|move|p1a: Starmie|Recover|p1a: Starmie\n|-heal|p1a: Starmie|100\/100\n|cant|p2a: Snorlax|slp\n|\n|upkeep\n|turn|75\n|\n|t:|1655063350\n|move|p1a: Starmie|Surf|p2a: Snorlax\n|-damage|p2a: Snorlax|82\/100 slp\n|-curestatus|p2a: Snorlax|slp|[msg]\n|move|p2a: Snorlax|Double-Edge|p1a: Starmie\n|-damage|p1a: Starmie|0 fnt\n|-damage|p2a: Snorlax|67\/100|[from] Recoil|[of] p1a: Starmie\n|faint|p1a: Starmie\n|\n|t:|1655063359\n|switch|p1a: Raikou|Raikou|100\/100 slp\n|\n|upkeep\n|turn|76\n|\n|t:|1655063367\n|cant|p1a: Raikou|slp\n|move|p1a: Raikou|Sleep Talk|p1a: Raikou\n|move|p1a: Raikou|Hidden Power|p2a: Snorlax|[from]Sleep Talk\n|-damage|p2a: Snorlax|55\/100\n|move|p2a: Snorlax|Earthquake|p1a: Raikou\n|-supereffective|p1a: Raikou\n|-damage|p1a: Raikou|0 fnt\n|faint|p1a: Raikou\n|\n|win|Raph369\n|c|\u2606Raph369|gg\n|c|\u2606John1240|gg\n|l| Scavet\n|l| Tomhyoshi\n","uploadtime":1655063411,"views":32,"p1id":"john1240","p2id":"raph369","formatid":"gen2ou","rating":0,"private":0,"password":null}