{"id":"gen2nu-1706971798","p1":"Beelzemon 2003","p2":"kidnelson","format":"gen2nu","log":"|j|\u2606Beelzemon 2003\n|j|\u2606kidnelson\n|t:|1668037673\n|gametype|singles\n|player|p1|Beelzemon 2003|supernerd|\n|player|p2|kidnelson|101|\n|teamsize|p1|6\n|teamsize|p2|6\n|gen|2\n|tier|[Gen 2] NU\n|rated|Tournament battle\n|rule|Sleep Clause Mod: Limit one foe put to sleep\n|rule|Freeze Clause Mod: Limit one foe frozen\n|rule|Species Clause: Limit one of each Pok\u00e9mon\n|rule|OHKO Clause: OHKO moves are banned\n|rule|Evasion Items Clause: Evasion items are banned\n|rule|Evasion Moves Clause: Evasion moves are banned\n|rule|Endless Battle Clause: Forcing endless battles is banned\n|rule|HP Percentage Mod: HP is shown in percentages\n|\n|t:|1668037673\n|start\n|switch|p1a: Houndour|Houndour, L5, M|100\/100\n|switch|p2a: Pineco|Pineco, L5, M|100\/100\n|turn|1\n|inactive|Battle timer is ON: inactive players will automatically lose when time's up. (requested by Beelzemon 2003)\n|c|\u2606kidnelson|gl\n|inactive|Beelzemon 2003 has 120 seconds left.\n|c|\u2606kidnelson|sad we have to battle this early\n|c|\u2606Beelzemon 2003|Indeed\n|inactive|Beelzemon 2003 has 90 seconds left.\n|c|\u2606Beelzemon 2003|But this means that if I win I'll get rid of a threat early, bwhaha!\n|\n|t:|1668037744\n|switch|p2a: Porygon|Porygon, L5|100\/100\n|move|p1a: Houndour|Flamethrower|p2a: Porygon\n|-damage|p2a: Porygon|54\/100\n|\n|upkeep\n|turn|2\n|\n|t:|1668037754\n|move|p1a: Houndour|Thief|p2a: Porygon\n|-crit|p2a: Porygon\n|-damage|p2a: Porygon|12\/100\n|-item|p1a: Houndour|Berry Juice|[from] move: Thief|[of] p2a: Porygon\n|move|p2a: Porygon|Double-Edge|p1a: Houndour\n|-damage|p1a: Houndour|25\/100\n|-damage|p2a: Porygon|0 fnt|[from] Recoil|[of] p1a: Houndour\n|faint|p2a: Porygon\n|j| leoperi99\n|\n|t:|1668037769\n|switch|p2a: Elekid|Elekid, L5, M|100\/100\n|\n|-enditem|p1a: Houndour|Berry Juice\n|-heal|p1a: Houndour|100\/100|[from] item: Berry Juice\n|upkeep\n|turn|3\n|\n|t:|1668037779\n|switch|p1a: Elekid|Elekid, L5, M|100\/100\n|move|p2a: Elekid|Cross Chop|p1a: Elekid\n|-damage|p1a: Elekid|55\/100\n|\n|upkeep\n|turn|4\n|\n|t:|1668037797\n|move|p1a: Elekid|Thief|p2a: Elekid\n|-damage|p2a: Elekid|84\/100\n|-item|p1a: Elekid|Berry Juice|[from] move: Thief|[of] p2a: Elekid\n|move|p2a: Elekid|Cross Chop|p1a: Elekid\n|-damage|p1a: Elekid|17\/100\n|\n|-enditem|p1a: Elekid|Berry Juice\n|-heal|p1a: Elekid|100\/100|[from] item: Berry Juice\n|upkeep\n|turn|5\n|\n|t:|1668037810\n|move|p1a: Elekid|Fire Punch|p2a: Elekid\n|-damage|p2a: Elekid|55\/100\n|move|p2a: Elekid|Cross Chop|p1a: Elekid\n|-damage|p1a: Elekid|63\/100\n|\n|upkeep\n|turn|6\n|\n|t:|1668037815\n|move|p2a: Elekid|Cross Chop|p1a: Elekid\n|-damage|p1a: Elekid|25\/100\n|move|p1a: Elekid|Ice Punch|p2a: Elekid\n|-damage|p2a: Elekid|25\/100\n|\n|upkeep\n|turn|7\n|\n|t:|1668037821\n|move|p1a: Elekid|Ice Punch|p2a: Elekid\n|-damage|p2a: Elekid|0 fnt\n|faint|p2a: Elekid\n|\n|t:|1668037825\n|switch|p2a: Pineco|Pineco, L5, M|100\/100\n|\n|upkeep\n|turn|8\n|\n|t:|1668037830\n|move|p1a: Elekid|Thief|p2a: Pineco\n|-damage|p2a: Pineco|84\/100\n|-item|p1a: Elekid|Berry Juice|[from] move: Thief|[of] p2a: Pineco\n|move|p2a: Pineco|Spikes|p1a: Elekid\n|-sidestart|p1: Beelzemon 2003|Spikes\n|\n|-enditem|p1a: Elekid|Berry Juice\n|-heal|p1a: Elekid|100\/100|[from] item: Berry Juice\n|upkeep\n|turn|9\n|\n|t:|1668037846\n|switch|p1a: Houndour|Houndour, L5, M|100\/100\n|-damage|p1a: Houndour|88\/100|[from] Spikes\n|move|p2a: Pineco|Explosion|p1a: Houndour\n|-damage|p1a: Houndour|0 fnt\n|faint|p2a: Pineco\n|faint|p1a: Houndour\n|c|\u2606Beelzemon 2003|:o\n|\n|t:|1668037859\n|switch|p1a: Exeggcute|Exeggcute, L5, M|100\/100\n|switch|p2a: Snubbull|Snubbull, L5, M|100\/100\n|-damage|p1a: Exeggcute|88\/100|[from] Spikes\n|\n|upkeep\n|turn|10\n|\n|t:|1668037867\n|switch|p2a: Slowpoke|Slowpoke, L5, M|100\/100\n|move|p1a: Exeggcute|Thief|p2a: Slowpoke\n|-crit|p2a: Slowpoke\n|-supereffective|p2a: Slowpoke\n|-damage|p2a: Slowpoke|47\/100\n|-item|p1a: Exeggcute|Berry Juice|[from] move: Thief|[of] p2a: Slowpoke\n|\n|upkeep\n|turn|11\n|\n|t:|1668037874\n|move|p1a: Exeggcute|Giga Drain|p2a: Slowpoke\n|-supereffective|p2a: Slowpoke\n|-damage|p2a: Slowpoke|0 fnt\n|-heal|p1a: Exeggcute|100\/100|[from] drain|[of] p2a: Slowpoke\n|faint|p2a: Slowpoke\n|\n|t:|1668037877\n|switch|p2a: Gastly|Gastly, L5, M|100\/100\n|\n|upkeep\n|turn|12\n|\n|t:|1668037881\n|move|p2a: Gastly|Explosion|p1a: Exeggcute\n|-damage|p1a: Exeggcute|0 fnt\n|faint|p2a: Gastly\n|faint|p1a: Exeggcute\n|c|\u2606kidnelson|gg\n|c|\u2606Beelzemon 2003|Whoah!\n|c|\u2606Beelzemon 2003|Drastic measures chum.\n|\n|t:|1668037897\n|switch|p2a: Snubbull|Snubbull, L5, M|100\/100\n|switch|p1a: Elekid|Elekid, L5, M|100\/100\n|-damage|p1a: Elekid|88\/100|[from] Spikes\n|\n|upkeep\n|turn|13\n|c|\u2606Beelzemon 2003|gg\n|\n|t:|1668037906\n|move|p1a: Elekid|Thief|p2a: Snubbull\n|-damage|p2a: Snubbull|84\/100\n|-item|p1a: Elekid|Berry Juice|[from] move: Thief|[of] p2a: Snubbull\n|move|p2a: Snubbull|Thief|p1a: Elekid\n|-damage|p1a: Elekid|75\/100\n|-item|p2a: Snubbull|Berry Juice|[from] move: Thief|[of] p1a: Elekid\n|\n|upkeep\n|turn|14\n|\n|t:|1668037915\n|move|p1a: Elekid|Thief|p2a: Snubbull\n|-damage|p2a: Snubbull|68\/100\n|-item|p1a: Elekid|Berry Juice|[from] move: Thief|[of] p2a: Snubbull\n|move|p2a: Snubbull|Frustration|p1a: Elekid\n|-crit|p1a: Elekid\n|-damage|p1a: Elekid|0 fnt\n|faint|p1a: Elekid\n|\n|t:|1668037924\n|switch|p1a: Diglett|Diglett, L5, M|100\/100\n|-damage|p1a: Diglett|90\/100|[from] Spikes\n|\n|upkeep\n|turn|15\n|\n|t:|1668037928\n|move|p1a: Diglett|Substitute|p1a: Diglett\n|-start|p1a: Diglett|Substitute\n|-damage|p1a: Diglett|65\/100\n|move|p2a: Snubbull|Ice Punch|p1a: Diglett\n|-supereffective|p1a: Diglett\n|-end|p1a: Diglett|Substitute\n|\n|upkeep\n|turn|16\n|\n|t:|1668037934\n|move|p1a: Diglett|Substitute|p1a: Diglett\n|-start|p1a: Diglett|Substitute\n|-damage|p1a: Diglett|40\/100\n|move|p2a: Snubbull|Frustration|p1a: Diglett\n|-end|p1a: Diglett|Substitute\n|\n|upkeep\n|turn|17\n|\n|t:|1668037940\n|move|p1a: Diglett|Substitute|p1a: Diglett\n|-start|p1a: Diglett|Substitute\n|-damage|p1a: Diglett|15\/100\n|move|p2a: Snubbull|Frustration|p1a: Diglett\n|-end|p1a: Diglett|Substitute\n|\n|upkeep\n|turn|18\n|\n|t:|1668037946\n|move|p1a: Diglett|Earthquake|p2a: Snubbull\n|-damage|p2a: Snubbull|16\/100\n|move|p2a: Snubbull|Thief|p1a: Diglett\n|-damage|p1a: Diglett|0 fnt\n|faint|p1a: Diglett\n|\n|t:|1668037953\n|switch|p1a: Abra|Abra, L5, M|100\/100\n|-damage|p1a: Abra|91\/100|[from] Spikes\n|\n|upkeep\n|turn|19\n|\n|t:|1668037958\n|move|p1a: Abra|Psychic|p2a: Snubbull\n|-damage|p2a: Snubbull|0 fnt\n|faint|p2a: Snubbull\n|\n|win|Beelzemon 2003\n|n|\u2606Beelzemon 2003|beelzemon2003\n|n|\u2606kidnelson|kidnelson\n|n| leoperi99|leoperi99\n|l|\u2606kidnelson\n|l| leoperi99\n|c|\u2606Beelzemon 2003|Intense match as usual.\n","uploadtime":1668037980,"views":3,"p1id":"beelzemon2003","p2id":"kidnelson","formatid":"gen2nu","rating":0,"private":0,"password":null}