{"id":"gen2ou-1670972461","p1":"ayevon","p2":"Freezingpop","format":"gen2ou","log":"|j|\u2606ayevon\n|j|\u2606Freezingpop\n|t:|1663883164\n|gametype|singles\n|player|p1|ayevon|170|\n|player|p2|Freezingpop|noland-gen3|\n|teamsize|p1|6\n|teamsize|p2|6\n|gen|2\n|tier|[Gen 2] OU\n|rated|Tournament battle\n|rule|Sleep Clause Mod: Limit one foe put to sleep\n|rule|Freeze Clause Mod: Limit one foe frozen\n|rule|Species Clause: Limit one of each Pok\u00e9mon\n|rule|OHKO Clause: OHKO moves are banned\n|rule|Evasion Items Clause: Evasion items are banned\n|rule|Evasion Moves Clause: Evasion moves are banned\n|rule|Endless Battle Clause: Forcing endless battles is banned\n|rule|HP Percentage Mod: HP is shown in percentages\n|\n|t:|1663883164\n|start\n|switch|p1a: Raikou|Raikou|100\/100\n|switch|p2a: Jynx|Jynx, F|100\/100\n|turn|1\n|inactive|Battle timer is ON: inactive players will automatically lose when time's up. (requested by ayevon)\n|j| BB-8-NU\n|inactive|Freezingpop also wants the timer to be on.\n|j| Bluey5413\n|c|\u2606Freezingpop|hf\n|inactive|ayevon has 120 seconds left.\n|c|\u2606ayevon|hf\n|j| GG Ally\n|\n|t:|1663883204\n|move|p1a: Raikou|Thunder|p2a: Jynx\n|-damage|p2a: Jynx|55\/100\n|move|p2a: Jynx|Lovely Kiss|p1a: Raikou\n|-status|p1a: Raikou|slp|[from] move: Lovely Kiss\n|\n|upkeep\n|turn|2\n|j| Blaine500\n|j| SaberSeven\n|\n|t:|1663883212\n|cant|p1a: Raikou|slp\n|move|p1a: Raikou|Sleep Talk|p1a: Raikou\n|move|p1a: Raikou|Hidden Power|p2a: Jynx|[from]Sleep Talk\n|-damage|p2a: Jynx|35\/100\n|move|p2a: Jynx|Thief|p1a: Raikou\n|-damage|p1a: Raikou|91\/100 slp\n|-item|p2a: Jynx|Leftovers|[from] move: Thief|[of] p1a: Raikou\n|\n|-heal|p2a: Jynx|41\/100|[from] item: Leftovers\n|upkeep\n|turn|3\n|\n|t:|1663883221\n|-curestatus|p1a: Raikou|slp|[msg]\n|move|p1a: Raikou|Sleep Talk|p1a: Raikou\n|move|p2a: Jynx|Nightmare|p1a: Raikou\n|-fail|p1a: Raikou\n|\n|-heal|p2a: Jynx|47\/100|[from] item: Leftovers\n|upkeep\n|turn|4\n|\n|t:|1663883230\n|switch|p1a: Cloyster|Cloyster, M|100\/100\n|move|p2a: Jynx|Lovely Kiss|p1a: Cloyster\n|-status|p1a: Cloyster|slp|[from] move: Lovely Kiss\n|\n|-heal|p2a: Jynx|53\/100|[from] item: Leftovers\n|upkeep\n|turn|5\n|\n|t:|1663883237\n|switch|p2a: Entei|Entei|100\/100\n|switch|p1a: Raikou|Raikou|91\/100\n|\n|upkeep\n|turn|6\n|\n|t:|1663883242\n|move|p1a: Raikou|Thunder|p2a: Entei|[miss]\n|-miss|p1a: Raikou\n|move|p2a: Entei|Sunny Day|p2a: Entei\n|-weather|SunnyDay\n|\n|-weather|SunnyDay|[upkeep]\n|upkeep\n|turn|7\n|\n|t:|1663883248\n|switch|p1a: Golem|Golem, M|100\/100\n|move|p2a: Entei|Fire Blast|p1a: Golem\n|-resisted|p1a: Golem\n|-damage|p1a: Golem|63\/100\n|\n|-weather|SunnyDay|[upkeep]\n|-heal|p1a: Golem|69\/100|[from] item: Leftovers\n|upkeep\n|turn|8\n|\n|t:|1663883255\n|move|p2a: Entei|Solar Beam||[still]\n|-prepare|p2a: Entei|Solar Beam\n|-anim|p2a: Entei|Solar Beam|p1a: Golem\n|-crit|p1a: Golem\n|-supereffective|p1a: Golem\n|-damage|p1a: Golem|0 fnt\n|faint|p1a: Golem\n|\n|t:|1663883261\n|switch|p1a: Snorlax|Snorlax, M|100\/100\n|\n|-weather|SunnyDay|[upkeep]\n|upkeep\n|turn|9\n|\n|t:|1663883270\n|move|p2a: Entei|Fire Blast|p1a: Snorlax\n|-damage|p1a: Snorlax|66\/100\n|move|p1a: Snorlax|Self-Destruct|p2a: Entei\n|-damage|p2a: Entei|0 fnt\n|faint|p1a: Snorlax\n|faint|p2a: Entei\n|\n|t:|1663883278\n|switch|p2a: Houndoom|Houndoom, M|100\/100\n|switch|p1a: Raikou|Raikou|91\/100\n|\n|-weather|SunnyDay|[upkeep]\n|upkeep\n|turn|10\n|c| Bluey5413|Bro...\n|\n|t:|1663883286\n|move|p1a: Raikou|Thunder|p2a: Houndoom|[miss]\n|-miss|p1a: Raikou\n|move|p2a: Houndoom|Fire Blast|p1a: Raikou\n|-damage|p1a: Raikou|26\/100\n|\n|-weather|none\n|upkeep\n|turn|11\n|\n|t:|1663883293\n|move|p1a: Raikou|Thunder|p2a: Houndoom\n|-damage|p2a: Houndoom|49\/100\n|move|p2a: Houndoom|Fire Blast|p1a: Raikou\n|-damage|p1a: Raikou|0 fnt\n|faint|p1a: Raikou\n|\n|t:|1663883300\n|switch|p1a: Heracross|Heracross, M|100\/100\n|\n|-heal|p2a: Houndoom|55\/100|[from] item: Leftovers\n|upkeep\n|turn|12\n|\n|t:|1663883303\n|move|p2a: Houndoom|Fire Blast|p1a: Heracross\n|-supereffective|p1a: Heracross\n|-damage|p1a: Heracross|13\/100\n|move|p1a: Heracross|Megahorn|p2a: Houndoom|[miss]\n|-miss|p1a: Heracross\n|\n|-heal|p2a: Houndoom|61\/100|[from] item: Leftovers\n|-heal|p1a: Heracross|19\/100|[from] item: Leftovers\n|upkeep\n|turn|13\n|-message|ayevon forfeited.\n|\n|win|Freezingpop\n|n|\u2606ayevon|ayevon\n|n|\u2606Freezingpop|freezingpop\n|n| BB-8-NU|bb8nu\n|n| Bluey5413|bluey5413\n|n| GG Ally|ggally\n|n| Blaine500|blaine500\n|n| SaberSeven|saberseven\n","uploadtime":1663883309,"views":15,"p1id":"ayevon","p2id":"freezingpop","formatid":"gen2ou","rating":0,"private":0,"password":null}