{"id":"gen2ou-1523788715","p1":"Ladder PT\/BR Room","p2":"Sp0oNl0rD","format":"gen2ou","log":"|j|\u2606Ladder PT\/BR Room\n|j|\u2606Sp0oNl0rD\n|inactive|Battle timer is ON: inactive players will automatically lose when time's up.\n|t:|1646442341\n|gametype|singles\n|player|p1|Ladder PT\/BR Room|gloria|\n|player|p2|Sp0oNl0rD|ballguy|\n|teamsize|p1|6\n|teamsize|p2|6\n|gen|2\n|tier|[Gen 2] OU\n|rated|Tournament battle\n|rule|Sleep Clause Mod: Limit one foe put to sleep\n|rule|Freeze Clause Mod: Limit one foe frozen\n|rule|Species Clause: Limit one of each Pok\u00e9mon\n|rule|OHKO Clause: OHKO moves are banned\n|rule|Evasion Moves Clause: Evasion moves are banned\n|rule|Endless Battle Clause: Forcing endless battles is banned\n|rule|HP Percentage Mod: HP is shown in percentages\n|\n|t:|1646442341\n|start\n|switch|p1a: Nidoking|Nidoking, M|100\/100\n|switch|p2a: Snorlax|Snorlax, M|100\/100\n|turn|1\n|inactive|Sp0oNl0rD also wants the timer to be on.\n|inactive|Ladder PT\/BR Room also wants the timer to be on.\n|j| Quagmatic\n|\n|t:|1646442347\n|switch|p2a: Zapdos|Zapdos|100\/100\n|move|p1a: Nidoking|Lovely Kiss|p2a: Zapdos\n|-status|p2a: Zapdos|slp|[from] move: Lovely Kiss\n|\n|upkeep\n|turn|2\n|j| Flopfish\n|j| ALL MY MONEY TWERK\n|\n|t:|1646442365\n|switch|p2a: Snorlax|Snorlax, M|100\/100\n|move|p1a: Nidoking|Ice Beam|p2a: Snorlax\n|-damage|p2a: Snorlax|88\/100\n|\n|-heal|p2a: Snorlax|94\/100|[from] item: Leftovers\n|upkeep\n|turn|3\n|\n|t:|1646442369\n|switch|p1a: Machamp|Machamp, M|100\/100\n|move|p2a: Snorlax|Lovely Kiss|p1a: Machamp\n|-status|p1a: Machamp|slp|[from] move: Lovely Kiss\n|\n|-heal|p2a: Snorlax|99\/100|[from] item: Leftovers\n|upkeep\n|turn|4\n|\n|t:|1646442377\n|switch|p2a: Machamp|Machamp, M|100\/100\n|cant|p1a: Machamp|slp\n|\n|upkeep\n|turn|5\n|\n|t:|1646442384\n|switch|p1a: Zapdos|Zapdos|100\/100\n|move|p2a: Machamp|Curse|p2a: Machamp\n|-unboost|p2a: Machamp|spe|1\n|-boost|p2a: Machamp|atk|1\n|-boost|p2a: Machamp|def|1\n|\n|upkeep\n|turn|6\n|\n|t:|1646442386\n|move|p1a: Zapdos|Thunder|p2a: Machamp\n|-damage|p2a: Machamp|52\/100\n|-status|p2a: Machamp|par\n|move|p2a: Machamp|Rock Slide|p1a: Zapdos\n|-supereffective|p1a: Zapdos\n|-damage|p1a: Zapdos|35\/100\n|\n|-heal|p1a: Zapdos|41\/100|[from] item: Leftovers\n|-heal|p2a: Machamp|58\/100 par|[from] item: Leftovers\n|upkeep\n|turn|7\n|c| ALL MY MONEY TWERK|did they get new avatars\n|j| AgumonFan3\n|c|\u2606Sp0oNl0rD|ye\n|c| AgumonFan3|ye\n|c| ALL MY MONEY TWERK|OHH SHIT\n|c|\u2606Sp0oNl0rD|added gen 8 ones\n|j| AnjoMaliciOsO\n|c|\u2606Sp0oNl0rD|theres a forum post pretty sure\n|l| AnjoMaliciOsO\n|\n|t:|1646442412\n|move|p1a: Zapdos|Thunder|p2a: Machamp\n|-damage|p2a: Machamp|8\/100 par\n|move|p2a: Machamp|Rock Slide|p1a: Zapdos\n|-crit|p1a: Zapdos\n|-supereffective|p1a: Zapdos\n|-damage|p1a: Zapdos|0 fnt\n|faint|p1a: Zapdos\n|c| ALL MY MONEY TWERK|best part about showdown\n|c| ALL MY MONEY TWERK|is the avatars\n|inactive|Ladder PT\/BR Room has 120 seconds left.\n|j| kisian\n|c| AgumonFan3|ball guy best avatar\n|c|\u2606Ladder PT\/BR Room|https:\/\/www.smogon.com\/forums\/threads\/3672829\/\n|\n|t:|1646442451\n|switch|p1a: Nidoking|Nidoking, M|100\/100\n|\n|-heal|p2a: Machamp|14\/100 par|[from] item: Leftovers\n|upkeep\n|turn|8\n|\n|t:|1646442468\n|switch|p2a: Snorlax|Snorlax, M|99\/100\n|move|p1a: Nidoking|Earthquake|p2a: Snorlax\n|-damage|p2a: Snorlax|70\/100\n|\n|-heal|p2a: Snorlax|77\/100|[from] item: Leftovers\n|upkeep\n|turn|9\n|\n|t:|1646442474\n|move|p1a: Nidoking|Earthquake|p2a: Snorlax\n|-damage|p2a: Snorlax|50\/100\n|move|p2a: Snorlax|Double-Edge|p1a: Nidoking\n|-damage|p1a: Nidoking|56\/100\n|-damage|p2a: Snorlax|42\/100|[from] Recoil|[of] p1a: Nidoking\n|\n|-heal|p1a: Nidoking|62\/100|[from] item: Leftovers\n|-heal|p2a: Snorlax|48\/100|[from] item: Leftovers\n|upkeep\n|turn|10\n|\n|t:|1646442481\n|switch|p1a: Cloyster|Cloyster, M|100\/100\n|move|p2a: Snorlax|Rest|p2a: Snorlax\n|-status|p2a: Snorlax|slp|[from] move: Rest\n|-heal|p2a: Snorlax|100\/100 slp|[silent]\n|\n|upkeep\n|turn|11\n|\n|t:|1646442483\n|switch|p2a: Cloyster|Cloyster, M|100\/100\n|move|p1a: Cloyster|Spikes|p2a: Cloyster\n|-sidestart|p2: Sp0oNl0rD|Spikes\n|\n|upkeep\n|turn|12\n|\n|t:|1646442489\n|move|p1a: Cloyster|Surf|p2a: Cloyster\n|-resisted|p2a: Cloyster\n|-damage|p2a: Cloyster|74\/100\n|move|p2a: Cloyster|Toxic|p1a: Cloyster\n|-status|p1a: Cloyster|tox\n|\n|-heal|p2a: Cloyster|80\/100|[from] item: Leftovers\n|upkeep\n|turn|13\n|\n|t:|1646442493\n|switch|p1a: Nidoking|Nidoking, M|62\/100\n|move|p2a: Cloyster|Spikes|p1a: Nidoking\n|-sidestart|p1: Ladder PT\/BR Room|Spikes\n|\n|-heal|p1a: Nidoking|68\/100|[from] item: Leftovers\n|-heal|p2a: Cloyster|86\/100|[from] item: Leftovers\n|upkeep\n|turn|14\n|\n|t:|1646442497\n|move|p1a: Nidoking|Thunder|p2a: Cloyster|[miss]\n|-miss|p1a: Nidoking\n|move|p2a: Cloyster|Surf|p1a: Nidoking\n|-supereffective|p1a: Nidoking\n|-damage|p1a: Nidoking|5\/100\n|\n|-heal|p1a: Nidoking|11\/100|[from] item: Leftovers\n|-heal|p2a: Cloyster|92\/100|[from] item: Leftovers\n|upkeep\n|turn|15\n|\n|t:|1646442501\n|switch|p2a: Snorlax|Snorlax, M|100\/100 slp\n|-damage|p2a: Snorlax|88\/100 slp|[from] Spikes\n|move|p1a: Nidoking|Thunder|p2a: Snorlax|[miss]\n|-miss|p1a: Nidoking\n|\n|-heal|p1a: Nidoking|17\/100|[from] item: Leftovers\n|-heal|p2a: Snorlax|94\/100 slp|[from] item: Leftovers\n|upkeep\n|turn|16\n|\n|t:|1646442507\n|switch|p1a: Tyranitar|Tyranitar, M|100\/100\n|-damage|p1a: Tyranitar|88\/100|[from] Spikes\n|cant|p2a: Snorlax|slp\n|\n|-heal|p1a: Tyranitar|94\/100|[from] item: Leftovers\n|-heal|p2a: Snorlax|99\/100 slp|[from] item: Leftovers\n|upkeep\n|turn|17\n|\n|t:|1646442509\n|switch|p2a: Golem|Golem, M|100\/100\n|-damage|p2a: Golem|88\/100|[from] Spikes\n|move|p1a: Tyranitar|Rock Slide|p2a: Golem\n|-resisted|p2a: Golem\n|-damage|p2a: Golem|75\/100\n|\n|-heal|p1a: Tyranitar|100\/100|[from] item: Leftovers\n|-heal|p2a: Golem|81\/100|[from] item: Leftovers\n|upkeep\n|turn|18\n|\n|t:|1646442514\n|switch|p1a: Snorlax|Snorlax, M|100\/100\n|-damage|p1a: Snorlax|88\/100|[from] Spikes\n|move|p2a: Golem|Rapid Spin|p1a: Snorlax\n|-damage|p1a: Snorlax|84\/100\n|-sideend|p2: Sp0oNl0rD|Spikes|[from] move: Rapid Spin|[of] p2a: Golem\n|\n|-heal|p2a: Golem|87\/100|[from] item: Leftovers\n|-heal|p1a: Snorlax|90\/100|[from] item: Leftovers\n|upkeep\n|turn|19\n|\n|t:|1646442519\n|move|p1a: Snorlax|Body Slam|p2a: Golem\n|-resisted|p2a: Golem\n|-damage|p2a: Golem|75\/100\n|move|p2a: Golem|Roar|p1a: Snorlax\n|drag|p1a: Machamp|Machamp, M|100\/100 slp\n|-damage|p1a: Machamp|88\/100 slp|[from] Spikes\n|\n|-heal|p1a: Machamp|94\/100 slp|[from] item: Leftovers\n|-heal|p2a: Golem|81\/100|[from] item: Leftovers\n|upkeep\n|turn|20\n|c| Quagmatic|best part of showdown is the salt\n|\n|t:|1646442526\n|switch|p1a: Cloyster|Cloyster, M|100\/100 tox\n|-status|p1a: Cloyster|psn|[silent]\n|-damage|p1a: Cloyster|88\/100 psn|[from] Spikes\n|-damage|p1a: Cloyster|76\/100 psn|[from] psn\n|move|p2a: Golem|Earthquake|p1a: Cloyster\n|-damage|p1a: Cloyster|47\/100 psn\n|\n|-heal|p1a: Cloyster|53\/100 psn|[from] item: Leftovers\n|-heal|p2a: Golem|87\/100|[from] item: Leftovers\n|upkeep\n|turn|21\n|\n|t:|1646442532\n|switch|p2a: Snorlax|Snorlax, M|99\/100 slp\n|move|p1a: Cloyster|Surf|p2a: Snorlax\n|-damage|p2a: Snorlax|82\/100 slp\n|-damage|p1a: Cloyster|41\/100 psn|[from] psn|[of] p2a: Snorlax\n|\n|-heal|p1a: Cloyster|47\/100 psn|[from] item: Leftovers\n|-heal|p2a: Snorlax|88\/100 slp|[from] item: Leftovers\n|upkeep\n|turn|22\n|\n|t:|1646442534\n|switch|p2a: Machamp|Machamp, M|14\/100 par\n|move|p1a: Cloyster|Explosion|p2a: Machamp\n|-damage|p2a: Machamp|0 fnt\n|faint|p1a: Cloyster\n|faint|p2a: Machamp\n|c|\u2606Ladder PT\/BR Room|well\n|c|\u2606Ladder PT\/BR Room|g\n|j| snsdlive\n|c|\u2606Ladder PT\/BR Room|gg*\n|-message|Ladder PT\/BR Room forfeited.\n|\n|win|Sp0oNl0rD\n|n|\u2606Ladder PT\/BR Room|ladderptbrroom\n|n|\u2606Sp0oNl0rD|sp0onl0rd\n|n| Quagmatic|quagmatic\n|n| Flopfish|flopfish\n|n| ALL MY MONEY TWERK|allmymoneytwerk\n|n| AgumonFan3|agumonfan3\n|n| kisian|kisian\n|n| snsdlive|snsdlive\n","uploadtime":1646442553,"views":9,"p1id":"ladderptbrroom","p2id":"sp0onl0rd","formatid":"gen2ou","rating":0,"private":0,"password":null}