{"id":"gen2nu-1706967129","p1":"kanyes burner acct","p2":"Beelzemon 2003","format":"gen2nu","log":"|j|\u2606kanyes burner acct\n|j|\u2606Beelzemon 2003\n|t:|1668037205\n|gametype|singles\n|player|p1|kanyes burner acct|lusamine-nihilego|\n|player|p2|Beelzemon 2003|supernerd|\n|teamsize|p1|6\n|teamsize|p2|6\n|gen|2\n|tier|[Gen 2] NU\n|rated|Tournament battle\n|rule|Sleep Clause Mod: Limit one foe put to sleep\n|rule|Freeze Clause Mod: Limit one foe frozen\n|rule|Species Clause: Limit one of each Pok\u00e9mon\n|rule|OHKO Clause: OHKO moves are banned\n|rule|Evasion Items Clause: Evasion items are banned\n|rule|Evasion Moves Clause: Evasion moves are banned\n|rule|Endless Battle Clause: Forcing endless battles is banned\n|rule|HP Percentage Mod: HP is shown in percentages\n|\n|t:|1668037205\n|start\n|switch|p1a: Diglett|Diglett, L5, M|100\/100\n|switch|p2a: Dratini|Dratini, L5, M|100\/100\n|turn|1\n|inactive|Battle timer is ON: inactive players will automatically lose when time's up. (requested by Beelzemon 2003)\n|c|\u2606kanyes burner acct|gl hf king\n|c|\u2606kanyes burner acct|chum\n|c|\u2606Beelzemon 2003|glhf chum\n|c|\u2606Beelzemon 2003|:P\n|\n|t:|1668037229\n|move|p1a: Diglett|Ancient Power|p2a: Dratini\n|-damage|p2a: Dratini|79\/100\n|move|p2a: Dratini|Surf|p1a: Diglett\n|-supereffective|p1a: Diglett\n|-damage|p1a: Diglett|20\/100\n|\n|-enditem|p1a: Diglett|Berry Juice\n|-heal|p1a: Diglett|100\/100|[from] item: Berry Juice\n|upkeep\n|turn|2\n|\n|t:|1668037236\n|move|p1a: Diglett|Earthquake|p2a: Dratini\n|-damage|p2a: Dratini|22\/100\n|move|p2a: Dratini|Surf|p1a: Diglett\n|-supereffective|p1a: Diglett\n|-damage|p1a: Diglett|15\/100\n|\n|-enditem|p2a: Dratini|Berry Juice\n|-heal|p2a: Dratini|100\/100|[from] item: Berry Juice\n|upkeep\n|turn|3\n|\n|t:|1668037244\n|move|p1a: Diglett|Earthquake|p2a: Dratini\n|-damage|p2a: Dratini|44\/100\n|move|p2a: Dratini|Surf|p1a: Diglett\n|-supereffective|p1a: Diglett\n|-damage|p1a: Diglett|0 fnt\n|faint|p1a: Diglett\n|\n|t:|1668037261\n|switch|p1a: Chinchou|Chinchou, L5, M|100\/100\n|\n|upkeep\n|turn|4\n|j| kidnelson\n|\n|t:|1668037271\n|move|p1a: Chinchou|Ice Beam|p2a: Dratini\n|-crit|p2a: Dratini\n|-supereffective|p2a: Dratini\n|-damage|p2a: Dratini|0 fnt\n|faint|p2a: Dratini\n|c|\u2606Beelzemon 2003|No, my little worm!\n|c|\u2606Beelzemon 2003|Monster!\n|c|\u2606kanyes burner acct|lol\n|\n|t:|1668037292\n|switch|p2a: Meowth|Meowth, L5, M|100\/100\n|\n|upkeep\n|turn|5\n|c|\u2606Beelzemon 2003|Fun fact, Dratini is actually 2 meters tall.\n|inactive|Beelzemon 2003 has 120 seconds left.\n|\n|t:|1668037318\n|move|p2a: Meowth|Body Slam|p1a: Chinchou\n|-crit|p1a: Chinchou\n|-damage|p1a: Chinchou|19\/100\n|-status|p1a: Chinchou|par\n|move|p1a: Chinchou|Thunder Wave|p2a: Meowth\n|-status|p2a: Meowth|par\n|\n|-enditem|p1a: Chinchou|Berry Juice\n|-heal|p1a: Chinchou|93\/100 par|[from] item: Berry Juice\n|upkeep\n|turn|6\n|inactive|Beelzemon 2003 has 120 seconds left.\n|c|\u2606kanyes burner acct|You\u2019re 2 meters tall\n|\n|t:|1668037330\n|move|p1a: Chinchou|Hydro Pump|p2a: Meowth\n|-damage|p2a: Meowth|27\/100 par\n|move|p2a: Meowth|Body Slam|p1a: Chinchou\n|-damage|p1a: Chinchou|52\/100 par\n|\n|-enditem|p2a: Meowth|Berry Juice\n|-heal|p2a: Meowth|100\/100 par|[from] item: Berry Juice\n|upkeep\n|turn|7\n|\n|t:|1668037339\n|cant|p1a: Chinchou|par\n|move|p2a: Meowth|Body Slam|p1a: Chinchou\n|-damage|p1a: Chinchou|12\/100 par\n|\n|upkeep\n|turn|8\n|c|\u2606Beelzemon 2003|Nah, I'm a short chum.\n|\n|t:|1668037354\n|move|p1a: Chinchou|Hydro Pump|p2a: Meowth\n|-damage|p2a: Meowth|22\/100 par\n|move|p2a: Meowth|Body Slam|p1a: Chinchou\n|-damage|p1a: Chinchou|0 fnt\n|faint|p1a: Chinchou\n|\n|t:|1668037367\n|switch|p1a: Magby|Magby, L5, M|100\/100\n|\n|upkeep\n|turn|9\n|c|\u2606Beelzemon 2003|Like 2 inches in real life.\n|\n|t:|1668037383\n|move|p1a: Magby|Cross Chop|p2a: Meowth\n|-supereffective|p2a: Meowth\n|-damage|p2a: Meowth|0 fnt\n|faint|p2a: Meowth\n|c|\u2606kanyes burner acct|I guarantee you\u2019re at least 4 inches tall\n|c|\u2606Beelzemon 2003|Haha\n|inactive|Beelzemon 2003 has 120 seconds left.\n|\n|t:|1668037396\n|switch|p2a: Ponyta|Ponyta, L5, M|100\/100\n|\n|upkeep\n|turn|10\n|\n|t:|1668037402\n|move|p2a: Ponyta|Body Slam|p1a: Magby\n|-damage|p1a: Magby|60\/100\n|-status|p1a: Magby|par\n|cant|p1a: Magby|par\n|\n|upkeep\n|turn|11\n|\n|t:|1668037410\n|move|p2a: Ponyta|Body Slam|p1a: Magby\n|-damage|p1a: Magby|19\/100 par\n|move|p1a: Magby|Cross Chop|p2a: Ponyta\n|-damage|p2a: Ponyta|59\/100\n|\n|-enditem|p1a: Magby|Berry Juice\n|-heal|p1a: Magby|100\/100 par|[from] item: Berry Juice\n|upkeep\n|turn|12\n|j| TheDivaDollHerself\n|\n|t:|1668037419\n|move|p2a: Ponyta|Body Slam|p1a: Magby\n|-damage|p1a: Magby|60\/100 par\n|move|p1a: Magby|Thief|p2a: Ponyta\n|-damage|p2a: Ponyta|42\/100\n|-item|p1a: Magby|Berry Juice|[from] move: Thief|[of] p2a: Ponyta\n|\n|upkeep\n|turn|13\n|c|\u2606Beelzemon 2003|:o\n|\n|t:|1668037428\n|move|p2a: Ponyta|Body Slam|p1a: Magby\n|-damage|p1a: Magby|14\/100 par\n|cant|p1a: Magby|par\n|\n|-enditem|p1a: Magby|Berry Juice\n|-heal|p1a: Magby|100\/100 par|[from] item: Berry Juice\n|upkeep\n|turn|14\n|\n|t:|1668037435\n|move|p2a: Ponyta|Body Slam|p1a: Magby\n|-damage|p1a: Magby|60\/100 par\n|move|p1a: Magby|Cross Chop|p2a: Ponyta\n|-damage|p2a: Ponyta|0 fnt\n|faint|p2a: Ponyta\n|\n|t:|1668037441\n|switch|p2a: Cubone|Cubone, L5, M|100\/100\n|\n|upkeep\n|turn|15\n|\n|t:|1668037445\n|switch|p1a: Exeggcute|Exeggcute, L5, M|100\/100\n|move|p2a: Cubone|Earthquake|p1a: Exeggcute\n|-resisted|p1a: Exeggcute\n|-damage|p1a: Exeggcute|60\/100\n|\n|upkeep\n|turn|16\n|\n|t:|1668037454\n|switch|p2a: Chikorita|Chikorita, L5, M|100\/100\n|move|p1a: Exeggcute|Explosion|p2a: Chikorita\n|-damage|p2a: Chikorita|0 fnt\n|faint|p1a: Exeggcute\n|faint|p2a: Chikorita\n|j| leoperi99\n|c|\u2606Beelzemon 2003|Whoah!\n|c| kidnelson|ultra violence\n|c| kidnelson|yn\n|c|\u2606Beelzemon 2003|Indeed!\n|c|\u2606kanyes burner acct|>;)\n|\n|t:|1668037482\n|switch|p2a: Cubone|Cubone, L5, M|100\/100\n|switch|p1a: Porygon|Porygon, L5|100\/100\n|\n|upkeep\n|turn|17\n|c| leoperi99|sup\n|c|\u2606Beelzemon 2003|Virtual duckling!\n|\n|t:|1668037499\n|move|p2a: Cubone|Earthquake|p1a: Porygon\n|-crit|p1a: Porygon\n|-damage|p1a: Porygon|0 fnt\n|faint|p1a: Porygon\n|c|\u2606kanyes burner acct|rip\n|\n|t:|1668037506\n|switch|p1a: Houndour|Houndour, L5, M|100\/100\n|\n|upkeep\n|turn|18\n|c|\u2606Beelzemon 2003|Whoah!\n|\n|t:|1668037510\n|move|p1a: Houndour|Crunch|p2a: Cubone\n|-damage|p2a: Cubone|55\/100\n|move|p2a: Cubone|Earthquake|p1a: Houndour\n|-supereffective|p1a: Houndour\n|-damage|p1a: Houndour|0 fnt\n|faint|p1a: Houndour\n|\n|t:|1668037512\n|switch|p1a: Magby|Magby, L5, M|60\/100 par\n|\n|upkeep\n|turn|19\n|c|\u2606kanyes burner acct|gg wp chum\n|\n|t:|1668037518\n|move|p2a: Cubone|Earthquake|p1a: Magby\n|-supereffective|p1a: Magby\n|-damage|p1a: Magby|0 fnt\n|faint|p1a: Magby\n|\n|win|Beelzemon 2003\n|n|\u2606kanyes burner acct|kanyesburneracct\n|n|\u2606Beelzemon 2003|beelzemon2003\n|n| kidnelson|kidnelson\n|n| TheDivaDollHerself|thedivadollherself\n|n| leoperi99|leoperi99\n|c|\u2606Beelzemon 2003|gg\n|l|\u2606kanyes burner acct\n|l| TheDivaDollHerself\n|l| leoperi99\n|c|\u2606Beelzemon 2003|you also played well.\n|l| kidnelson\n","uploadtime":1668037535,"views":3,"p1id":"kanyesburneracct","p2id":"beelzemon2003","formatid":"gen2nu","rating":0,"private":0,"password":null}