{"id":"gen2ou-1340978315","p1":"the parrot97","p2":"ranitidine","format":"gen2ou","log":"|j|\u2606the parrot97\n|j|\u2606ranitidine\n|t:|1621081277\n|gametype|singles\n|player|p1|the parrot97|acetrainerf-gen4dp|\n|player|p2|ranitidine|102|\n|teamsize|p1|6\n|teamsize|p2|6\n|gen|2\n|tier|[Gen 2] OU\n|rule|Sleep Clause Mod: Limit one foe put to sleep\n|rule|Freeze Clause Mod: Limit one foe frozen\n|rule|Species Clause: Limit one of each Pok\u00e9mon\n|rule|OHKO Clause: OHKO moves are banned\n|rule|Evasion Moves Clause: Evasion moves are banned\n|rule|Endless Battle Clause: Forcing endless battles is banned\n|rule|HP Percentage Mod: HP is shown in percentages\n|\n|t:|1621081277\n|start\n|switch|p1a: Cloyster|Cloyster, M|100\/100\n|switch|p2a: Cloyster|Cloyster, M|100\/100\n|turn|1\n|c|\u2606the parrot97|hf\n|c|\u2606ranitidine|hf\n|\n|t:|1621081296\n|move|p1a: Cloyster|Toxic|p2a: Cloyster\n|-status|p2a: Cloyster|tox\n|move|p2a: Cloyster|Toxic|p1a: Cloyster\n|-status|p1a: Cloyster|tox\n|-damage|p2a: Cloyster|95\/100 tox|[from] psn\n|\n|-heal|p2a: Cloyster|100\/100 tox|[from] item: Leftovers\n|upkeep\n|turn|2\n|\n|t:|1621081303\n|move|p1a: Cloyster|Spikes|p2a: Cloyster\n|-sidestart|p2: ranitidine|Spikes\n|-damage|p1a: Cloyster|95\/100 tox|[from] psn\n|move|p2a: Cloyster|Spikes|p1a: Cloyster\n|-sidestart|p1: the parrot97|Spikes\n|-damage|p2a: Cloyster|89\/100 tox|[from] psn\n|\n|-heal|p1a: Cloyster|100\/100 tox|[from] item: Leftovers\n|-heal|p2a: Cloyster|95\/100 tox|[from] item: Leftovers\n|upkeep\n|turn|3\n|\n|t:|1621081319\n|switch|p1a: Raikou|Raikou|100\/100\n|-damage|p1a: Raikou|88\/100|[from] Spikes\n|switch|p2a: Raikou|Raikou|100\/100\n|-damage|p2a: Raikou|88\/100|[from] Spikes\n|\n|-heal|p2a: Raikou|94\/100|[from] item: Leftovers\n|-heal|p1a: Raikou|94\/100|[from] item: Leftovers\n|upkeep\n|turn|4\n|\n|t:|1621081326\n|move|p2a: Raikou|Thunder|p1a: Raikou\n|-resisted|p1a: Raikou\n|-damage|p1a: Raikou|74\/100\n|move|p1a: Raikou|Thunder|p2a: Raikou\n|-resisted|p2a: Raikou\n|-damage|p2a: Raikou|74\/100\n|\n|-heal|p2a: Raikou|80\/100|[from] item: Leftovers\n|-heal|p1a: Raikou|80\/100|[from] item: Leftovers\n|upkeep\n|turn|5\n|\n|t:|1621081332\n|move|p2a: Raikou|Thunder|p1a: Raikou\n|-resisted|p1a: Raikou\n|-damage|p1a: Raikou|59\/100\n|move|p1a: Raikou|Thunder|p2a: Raikou|[miss]\n|-miss|p1a: Raikou\n|\n|-heal|p2a: Raikou|86\/100|[from] item: Leftovers\n|-heal|p1a: Raikou|65\/100|[from] item: Leftovers\n|upkeep\n|turn|6\n|\n|t:|1621081343\n|switch|p2a: Snorlax|Snorlax, M|100\/100\n|-damage|p2a: Snorlax|88\/100|[from] Spikes\n|move|p1a: Raikou|Thunder|p2a: Snorlax\n|-damage|p2a: Snorlax|62\/100\n|\n|-heal|p1a: Raikou|71\/100|[from] item: Leftovers\n|-heal|p2a: Snorlax|68\/100|[from] item: Leftovers\n|upkeep\n|turn|7\n|\n|t:|1621081352\n|switch|p1a: Golem|Golem, M|100\/100\n|-damage|p1a: Golem|88\/100|[from] Spikes\n|move|p2a: Snorlax|Body Slam|p1a: Golem\n|-resisted|p1a: Golem\n|-damage|p1a: Golem|76\/100\n|-status|p1a: Golem|par\n|\n|-heal|p2a: Snorlax|74\/100|[from] item: Leftovers\n|-heal|p1a: Golem|82\/100 par|[from] item: Leftovers\n|upkeep\n|turn|8\n|l|\u2606the parrot97\n|player|p1|\n|j|\u2606the parrot97\n|player|p1|the parrot97|brawly\n|inactive|Battle timer is ON: inactive players will automatically lose when time's up. (requested by the parrot97)\n|\n|t:|1621081411\n|move|p2a: Snorlax|Earthquake|p1a: Golem\n|-supereffective|p1a: Golem\n|-damage|p1a: Golem|41\/100 par\n|move|p1a: Golem|Rapid Spin|p2a: Snorlax\n|-damage|p2a: Snorlax|70\/100\n|-sideend|p1: the parrot97|Spikes|[from] move: Rapid Spin|[of] p1a: Golem\n|\n|-heal|p2a: Snorlax|76\/100|[from] item: Leftovers\n|-heal|p1a: Golem|47\/100 par|[from] item: Leftovers\n|upkeep\n|turn|9\n|\n|t:|1621081421\n|switch|p1a: Zapdos|Zapdos|100\/100\n|move|p2a: Snorlax|Earthquake|p1a: Zapdos\n|-immune|p1a: Zapdos\n|\n|-heal|p2a: Snorlax|82\/100|[from] item: Leftovers\n|upkeep\n|turn|10\n|\n|t:|1621081431\n|switch|p1a: Snorlax|Snorlax, M|100\/100\n|move|p2a: Snorlax|Curse|p2a: Snorlax\n|-unboost|p2a: Snorlax|spe|1\n|-boost|p2a: Snorlax|atk|1\n|-boost|p2a: Snorlax|def|1\n|\n|-heal|p2a: Snorlax|88\/100|[from] item: Leftovers\n|upkeep\n|turn|11\n|\n|t:|1621081441\n|move|p1a: Snorlax|Double-Edge|p2a: Snorlax\n|-damage|p2a: Snorlax|62\/100\n|-damage|p1a: Snorlax|94\/100|[from] Recoil|[of] p2a: Snorlax\n|move|p2a: Snorlax|Curse|p2a: Snorlax\n|-unboost|p2a: Snorlax|spe|1\n|-boost|p2a: Snorlax|atk|1\n|-boost|p2a: Snorlax|def|1\n|\n|-heal|p1a: Snorlax|99\/100|[from] item: Leftovers\n|-heal|p2a: Snorlax|69\/100|[from] item: Leftovers\n|upkeep\n|turn|12\n|\n|t:|1621081444\n|move|p1a: Snorlax|Double-Edge|p2a: Snorlax\n|-damage|p2a: Snorlax|50\/100\n|-damage|p1a: Snorlax|96\/100|[from] Recoil|[of] p2a: Snorlax\n|move|p2a: Snorlax|Body Slam|p1a: Snorlax\n|-damage|p1a: Snorlax|43\/100\n|\n|-heal|p1a: Snorlax|49\/100|[from] item: Leftovers\n|-heal|p2a: Snorlax|56\/100|[from] item: Leftovers\n|upkeep\n|turn|13\n|\n|t:|1621081449\n|switch|p1a: Gengar|Gengar, M|100\/100\n|move|p2a: Snorlax|Body Slam|p1a: Gengar\n|-immune|p1a: Gengar\n|\n|-heal|p2a: Snorlax|62\/100|[from] item: Leftovers\n|upkeep\n|turn|14\n|\n|t:|1621081471\n|switch|p1a: Zapdos|Zapdos|100\/100\n|move|p2a: Snorlax|Curse|p2a: Snorlax\n|-unboost|p2a: Snorlax|spe|1\n|-boost|p2a: Snorlax|atk|1\n|-boost|p2a: Snorlax|def|1\n|\n|-heal|p2a: Snorlax|68\/100|[from] item: Leftovers\n|upkeep\n|turn|15\n|\n|t:|1621081475\n|move|p2a: Snorlax|Body Slam|p1a: Zapdos\n|-damage|p1a: Zapdos|15\/100\n|move|p1a: Zapdos|Whirlwind|p2a: Snorlax\n|drag|p2a: Steelix|Steelix, M|100\/100\n|-damage|p2a: Steelix|88\/100|[from] Spikes\n|\n|-heal|p1a: Zapdos|21\/100|[from] item: Leftovers\n|-heal|p2a: Steelix|94\/100|[from] item: Leftovers\n|upkeep\n|turn|16\n|\n|t:|1621081488\n|switch|p2a: Raikou|Raikou|86\/100\n|-damage|p2a: Raikou|74\/100|[from] Spikes\n|move|p1a: Zapdos|Hidden Power|p2a: Raikou\n|-damage|p2a: Raikou|56\/100\n|\n|-heal|p2a: Raikou|62\/100|[from] item: Leftovers\n|-heal|p1a: Zapdos|27\/100|[from] item: Leftovers\n|upkeep\n|turn|17\n|\n|t:|1621081495\n|switch|p1a: Snorlax|Snorlax, M|49\/100\n|move|p2a: Raikou|Hidden Power|p1a: Snorlax\n|-damage|p1a: Snorlax|38\/100\n|\n|-heal|p2a: Raikou|68\/100|[from] item: Leftovers\n|-heal|p1a: Snorlax|44\/100|[from] item: Leftovers\n|upkeep\n|turn|18\n|\n|t:|1621081506\n|switch|p2a: Steelix|Steelix, M|94\/100\n|-damage|p2a: Steelix|82\/100|[from] Spikes\n|move|p1a: Snorlax|Rest|p1a: Snorlax\n|-status|p1a: Snorlax|slp|[from] move: Rest\n|-heal|p1a: Snorlax|100\/100 slp|[silent]\n|\n|-heal|p2a: Steelix|88\/100|[from] item: Leftovers\n|upkeep\n|turn|19\n|\n|t:|1621081522\n|switch|p1a: Zapdos|Zapdos|27\/100\n|move|p2a: Steelix|Earthquake|p1a: Zapdos\n|-immune|p1a: Zapdos\n|\n|-heal|p1a: Zapdos|33\/100|[from] item: Leftovers\n|-heal|p2a: Steelix|94\/100|[from] item: Leftovers\n|upkeep\n|turn|20\n|\n|t:|1621081536\n|switch|p2a: Raikou|Raikou|68\/100\n|-damage|p2a: Raikou|56\/100|[from] Spikes\n|move|p1a: Zapdos|Whirlwind|p2a: Raikou\n|drag|p2a: Snorlax|Snorlax, M|68\/100\n|-damage|p2a: Snorlax|56\/100|[from] Spikes\n|\n|-heal|p1a: Zapdos|39\/100|[from] item: Leftovers\n|-heal|p2a: Snorlax|62\/100|[from] item: Leftovers\n|upkeep\n|turn|21\n|\n|t:|1621081558\n|move|p2a: Snorlax|Body Slam|p1a: Zapdos\n|-crit|p1a: Zapdos\n|-damage|p1a: Zapdos|0 fnt\n|faint|p1a: Zapdos\n|c|\u2606the parrot97|ok\n|c|\u2606the parrot97|fine u wanna do that huh\n|inactive|the parrot97 has 270 seconds left.\n|\n|t:|1621081589\n|switch|p1a: Gengar|Gengar, M|100\/100\n|\n|-heal|p2a: Snorlax|68\/100|[from] item: Leftovers\n|upkeep\n|turn|22\n|j| King Yugon\n|c| King Yugon|:pj:\n|inactive|ranitidine has 270 seconds left.\n|\n|t:|1621081632\n|switch|p2a: Raikou|Raikou|56\/100\n|-damage|p2a: Raikou|43\/100|[from] Spikes\n|move|p1a: Gengar|Dynamic Punch|p2a: Raikou\n|-damage|p2a: Raikou|25\/100\n|-start|p2a: Raikou|confusion\n|\n|-heal|p2a: Raikou|31\/100|[from] item: Leftovers\n|upkeep\n|turn|23\n|\n|t:|1621081645\n|switch|p1a: Golem|Golem, M|47\/100 par\n|-activate|p2a: Raikou|confusion\n|-damage|p2a: Raikou|23\/100|[from] confusion\n|\n|-heal|p2a: Raikou|29\/100|[from] item: Leftovers\n|-heal|p1a: Golem|53\/100 par|[from] item: Leftovers\n|upkeep\n|turn|24\n|inactive|ranitidine has 270 seconds left.\n|\n|t:|1621081668\n|switch|p2a: Starmie|Starmie|100\/100\n|-damage|p2a: Starmie|88\/100|[from] Spikes\n|move|p1a: Golem|Earthquake|p2a: Starmie\n|-damage|p2a: Starmie|48\/100\n|\n|-heal|p2a: Starmie|54\/100|[from] item: Leftovers\n|-heal|p1a: Golem|59\/100 par|[from] item: Leftovers\n|upkeep\n|turn|25\n|\n|t:|1621081676\n|switch|p1a: Snorlax|Snorlax, M|100\/100 slp\n|move|p2a: Starmie|Rapid Spin|p1a: Snorlax\n|-damage|p1a: Snorlax|98\/100 slp\n|-sideend|p2: ranitidine|Spikes|[from] move: Rapid Spin|[of] p2a: Starmie\n|\n|-heal|p2a: Starmie|61\/100|[from] item: Leftovers\n|-heal|p1a: Snorlax|100\/100 slp|[from] item: Leftovers\n|upkeep\n|turn|26\n|\n|t:|1621081683\n|switch|p2a: Snorlax|Snorlax, M|68\/100\n|cant|p1a: Snorlax|slp\n|move|p1a: Snorlax|Sleep Talk|p1a: Snorlax\n|move|p1a: Snorlax|Earthquake|p2a: Snorlax|[from]Sleep Talk\n|-damage|p2a: Snorlax|46\/100\n|\n|-heal|p2a: Snorlax|52\/100|[from] item: Leftovers\n|upkeep\n|turn|27\n|inactive|ranitidine has 270 seconds left.\n|\n|t:|1621081693\n|move|p2a: Snorlax|Body Slam|p1a: Snorlax\n|-damage|p1a: Snorlax|75\/100 slp\n|cant|p1a: Snorlax|slp\n|move|p1a: Snorlax|Sleep Talk|p1a: Snorlax\n|move|p1a: Snorlax|Rest|p1a: Snorlax|[from]Sleep Talk\n|-status|p1a: Snorlax|slp|[from] move: Rest\n|-heal|p1a: Snorlax|100\/100 slp|[silent]\n|\n|-heal|p2a: Snorlax|58\/100|[from] item: Leftovers\n|upkeep\n|turn|28\n|\n|t:|1621081696\n|cant|p1a: Snorlax|slp\n|move|p1a: Snorlax|Sleep Talk|p1a: Snorlax\n|move|p1a: Snorlax|Earthquake|p2a: Snorlax|[from]Sleep Talk\n|-damage|p2a: Snorlax|39\/100\n|move|p2a: Snorlax|Curse|p2a: Snorlax\n|-unboost|p2a: Snorlax|spe|1\n|-boost|p2a: Snorlax|atk|1\n|-boost|p2a: Snorlax|def|1\n|\n|-heal|p2a: Snorlax|45\/100|[from] item: Leftovers\n|upkeep\n|turn|29\n|\n|t:|1621081700\n|cant|p1a: Snorlax|slp\n|move|p1a: Snorlax|Sleep Talk|p1a: Snorlax\n|move|p1a: Snorlax|Earthquake|p2a: Snorlax|[from]Sleep Talk\n|-damage|p2a: Snorlax|30\/100\n|move|p2a: Snorlax|Curse|p2a: Snorlax\n|-unboost|p2a: Snorlax|spe|1\n|-boost|p2a: Snorlax|atk|1\n|-boost|p2a: Snorlax|def|1\n|\n|-heal|p2a: Snorlax|36\/100|[from] item: Leftovers\n|upkeep\n|turn|30\n|\n|t:|1621081704\n|-curestatus|p1a: Snorlax|slp|[msg]\n|move|p1a: Snorlax|Double-Edge|p2a: Snorlax\n|-damage|p2a: Snorlax|17\/100\n|-damage|p1a: Snorlax|96\/100|[from] Recoil|[of] p2a: Snorlax\n|move|p2a: Snorlax|Body Slam|p1a: Snorlax\n|-damage|p1a: Snorlax|42\/100\n|\n|-heal|p1a: Snorlax|48\/100|[from] item: Leftovers\n|-heal|p2a: Snorlax|23\/100|[from] item: Leftovers\n|upkeep\n|turn|31\n|\n|t:|1621081710\n|switch|p1a: Gengar|Gengar, M|100\/100\n|move|p2a: Snorlax|Body Slam|p1a: Gengar\n|-immune|p1a: Gengar\n|\n|-heal|p2a: Snorlax|29\/100|[from] item: Leftovers\n|upkeep\n|turn|32\n|\n|t:|1621081719\n|move|p1a: Gengar|Explosion|p2a: Snorlax\n|-damage|p2a: Snorlax|0 fnt\n|faint|p1a: Gengar\n|faint|p2a: Snorlax\n|\n|t:|1621081738\n|switch|p1a: Snorlax|Snorlax, M|48\/100\n|switch|p2a: Heracross|Heracross, M|100\/100\n|\n|-heal|p1a: Snorlax|54\/100|[from] item: Leftovers\n|upkeep\n|turn|33\n|\n|t:|1621081750\n|move|p2a: Heracross|Megahorn|p1a: Snorlax\n|-damage|p1a: Snorlax|12\/100\n|move|p1a: Snorlax|Double-Edge|p2a: Heracross\n|-damage|p2a: Heracross|52\/100\n|-damage|p1a: Snorlax|4\/100|[from] Recoil|[of] p2a: Heracross\n|\n|-heal|p2a: Heracross|58\/100|[from] item: Leftovers\n|-heal|p1a: Snorlax|10\/100|[from] item: Leftovers\n|upkeep\n|turn|34\n|\n|t:|1621081757\n|switch|p1a: Raikou|Raikou|71\/100\n|move|p2a: Heracross|Megahorn|p1a: Raikou\n|-damage|p1a: Raikou|18\/100\n|\n|-heal|p1a: Raikou|24\/100|[from] item: Leftovers\n|-heal|p2a: Heracross|64\/100|[from] item: Leftovers\n|upkeep\n|turn|35\n|\n|t:|1621081772\n|move|p1a: Raikou|Thunder|p2a: Heracross\n|-damage|p2a: Heracross|21\/100\n|-status|p2a: Heracross|par\n|move|p2a: Heracross|Megahorn|p1a: Raikou\n|-damage|p1a: Raikou|0 fnt\n|faint|p1a: Raikou\n|\n|t:|1621081779\n|switch|p1a: Snorlax|Snorlax, M|10\/100\n|\n|-heal|p1a: Snorlax|16\/100|[from] item: Leftovers\n|-heal|p2a: Heracross|27\/100 par|[from] item: Leftovers\n|upkeep\n|turn|36\n|\n|t:|1621081784\n|switch|p2a: Steelix|Steelix, M|94\/100\n|move|p1a: Snorlax|Double-Edge|p2a: Steelix\n|-resisted|p2a: Steelix\n|-damage|p2a: Steelix|82\/100\n|-damage|p1a: Snorlax|14\/100|[from] Recoil|[of] p2a: Steelix\n|\n|-heal|p1a: Snorlax|20\/100|[from] item: Leftovers\n|-heal|p2a: Steelix|88\/100|[from] item: Leftovers\n|upkeep\n|turn|37\n|\n|t:|1621081795\n|switch|p1a: Cloyster|Cloyster, M|100\/100 tox\n|-status|p1a: Cloyster|psn|[silent]\n|-damage|p1a: Cloyster|88\/100 psn|[from] psn\n|move|p2a: Steelix|Earthquake|p1a: Cloyster\n|-damage|p1a: Cloyster|65\/100 psn\n|\n|-heal|p1a: Cloyster|70\/100 psn|[from] item: Leftovers\n|-heal|p2a: Steelix|95\/100|[from] item: Leftovers\n|upkeep\n|turn|38\n|\n|t:|1621081806\n|switch|p1a: Snorlax|Snorlax, M|20\/100\n|switch|p2a: Cloyster|Cloyster, M|95\/100 tox\n|-status|p2a: Cloyster|psn|[silent]\n|-damage|p2a: Cloyster|82\/100 psn|[from] psn\n|\n|-heal|p2a: Cloyster|88\/100 psn|[from] item: Leftovers\n|-heal|p1a: Snorlax|27\/100|[from] item: Leftovers\n|upkeep\n|turn|39\n|j| ULT8RQ Crad\n|\n|t:|1621081811\n|switch|p1a: Golem|Golem, M|59\/100 par\n|move|p2a: Cloyster|Spikes|p1a: Golem\n|-sidestart|p1: the parrot97|Spikes\n|-damage|p2a: Cloyster|76\/100 psn|[from] psn|[of] p1a: Golem\n|\n|-heal|p2a: Cloyster|82\/100 psn|[from] item: Leftovers\n|-heal|p1a: Golem|65\/100 par|[from] item: Leftovers\n|upkeep\n|turn|40\n|c| ULT8RQ Crad|lfgi pj\n|-message|the parrot97 forfeited.\n|\n|win|ranitidine\n|c|\u2606ranitidine|gg\n|l| King Yugon\n|c|\u2606the parrot97|as if\n|l| ULT8RQ Crad\n|l|\u2606ranitidine\n|j| RageATMagearna\n|l|\u2606the parrot97\n","uploadtime":1621081825,"views":53,"p1id":"theparrot97","p2id":"ranitidine","formatid":"gen2ou","rating":0,"private":0,"password":null}