{"id":"gen2randombattle-1328865277","p1":"Return To Monkey \u733f","p2":"PedroGreg","format":"gen2randombattle","log":"|inactive|Battle timer is ON: inactive players will automatically lose when time's up.\n|j|\u2606Return To Monkey \u733f\n|j|\u2606PedroGreg\n|t:|1619398929\n|gametype|singles\n|player|p1|Return To Monkey \u733f|shelly|\n|player|p2|PedroGreg|bianca|\n|teamsize|p1|6\n|teamsize|p2|6\n|gen|2\n|tier|[Gen 2] Random Battle\n|rated|Tournament battle\n|rule|Sleep Clause Mod: Limit one foe put to sleep\n|rule|Freeze Clause Mod: Limit one foe frozen\n|rule|Species Clause: Limit one of each Pok\u00e9mon\n|rule|OHKO Clause: OHKO moves are banned\n|rule|Evasion Moves Clause: Evasion moves are banned\n|rule|Endless Battle Clause: Forcing endless battles is banned\n|rule|HP Percentage Mod: HP is shown in percentages\n|rule|Blitz: Super-fast timer\n|\n|t:|1619398929\n|start\n|switch|p1a: Suicune|Suicune, L65|265\/265\n|switch|p2a: Magcargo|Magcargo, L73, M|223\/223\n|turn|1\n|j| Mukirana\n|inactive|Return To Monkey \u733f also wants the timer to be on.\n|j| Uvinha_com_Leite\n|j| Marven Stormlight\n|c|\u2606PedroGreg|hf\n|\n|t:|1619398935\n|switch|p2a: Celebi|Celebi, L61|249\/249\n|move|p1a: Suicune|Surf|p2a: Celebi\n|-resisted|p2a: Celebi\n|-damage|p2a: Celebi|215\/249\n|\n|-heal|p2a: Celebi|230\/249|[from] item: Leftovers\n|upkeep\n|turn|2\n|j| Girl_dark\n|\n|t:|1619398940\n|switch|p1a: Noctowl|Noctowl, L73, M|296\/296\n|move|p2a: Celebi|Toxic|p1a: Noctowl\n|-status|p1a: Noctowl|tox\n|\n|-heal|p2a: Celebi|245\/249|[from] item: Leftovers\n|upkeep\n|turn|3\n|c| Girl_dark|Celebi!\n|inactive|PedroGreg has 10 seconds left.\n|\n|t:|1619398946\n|switch|p2a: Piloswine|Piloswine, L69, M|281\/281\n|move|p1a: Noctowl|Toxic|p2a: Piloswine\n|-status|p2a: Piloswine|tox\n|-damage|p1a: Noctowl|278\/296 tox|[from] psn\n|\n|upkeep\n|turn|4\n|c| Girl_dark|CELEBI!\n|j| mundo bita\n|inactive|Return To Monkey \u733f has 10 seconds left.\n|\n|t:|1619398952\n|switch|p1a: Suicune|Suicune, L65|265\/265\n|move|p2a: Piloswine|Ice Beam|p1a: Suicune\n|-resisted|p1a: Suicune\n|-damage|p1a: Suicune|237\/265\n|-status|p1a: Suicune|frz\n|-damage|p2a: Piloswine|264\/281 tox|[from] psn\n|\n|-heal|p1a: Suicune|253\/265 frz|[from] item: Leftovers\n|upkeep\n|turn|5\n|inactive|PedroGreg has 10 seconds left.\n|\n|t:|1619398958\n|switch|p2a: Pikachu|Pikachu, L69, M|191\/191\n|cant|p1a: Suicune|frz\n|\n|-heal|p1a: Suicune|265\/265 frz|[from] item: Leftovers\n|upkeep\n|turn|6\n|inactive|Return To Monkey \u733f has 10 seconds left.\n|\n|t:|1619398964\n|switch|p1a: Donphan|Donphan, L67, M|259\/259\n|move|p2a: Pikachu|Substitute|p2a: Pikachu\n|-start|p2a: Pikachu|Substitute\n|-damage|p2a: Pikachu|144\/191\n|\n|upkeep\n|turn|7\n|l| mundo bita\n|inactive|Return To Monkey \u733f has 10 seconds left.\n|\n|t:|1619398969\n|switch|p1a: Lanturn|Lanturn, L69, M|315\/315\n|move|p2a: Pikachu|Surf|p1a: Lanturn\n|-resisted|p1a: Lanturn\n|-damage|p1a: Lanturn|275\/315\n|\n|-heal|p1a: Lanturn|294\/315|[from] item: Leftovers\n|upkeep\n|turn|8\n|\n|t:|1619398973\n|move|p2a: Pikachu|Thunderbolt|p1a: Lanturn\n|-damage|p1a: Lanturn|172\/315\n|move|p1a: Lanturn|Surf|p2a: Pikachu\n|-end|p2a: Pikachu|Substitute\n|\n|-heal|p1a: Lanturn|191\/315|[from] item: Leftovers\n|upkeep\n|turn|9\n|\n|t:|1619398976\n|move|p2a: Pikachu|Thunderbolt|p1a: Lanturn\n|-damage|p1a: Lanturn|67\/315\n|move|p1a: Lanturn|Surf|p2a: Pikachu\n|-damage|p2a: Pikachu|44\/191\n|\n|-heal|p1a: Lanturn|86\/315|[from] item: Leftovers\n|upkeep\n|turn|10\n|c| Marven Stormlight|pikachu\n|\n|t:|1619398980\n|switch|p1a: Raichu|Raichu, L71, M|232\/232\n|move|p2a: Pikachu|Surf|p1a: Raichu\n|-damage|p1a: Raichu|152\/232\n|\n|-heal|p1a: Raichu|166\/232|[from] item: Leftovers\n|upkeep\n|turn|11\n|c| Marven Stormlight|broken\n|\n|t:|1619398983\n|switch|p2a: Piloswine|Piloswine, L69, M|264\/281 tox\n|-status|p2a: Piloswine|psn|[silent]\n|-damage|p2a: Piloswine|229\/281 psn|[from] psn\n|move|p1a: Raichu|Hidden Power|p2a: Piloswine\n|-damage|p2a: Piloswine|174\/281 psn\n|\n|-heal|p1a: Raichu|180\/232|[from] item: Leftovers\n|upkeep\n|turn|12\n|inactive|PedroGreg has 10 seconds left.\n|\n|t:|1619398989\n|switch|p1a: Lanturn|Lanturn, L69, M|86\/315\n|move|p2a: Piloswine|Earthquake|p1a: Lanturn\n|-supereffective|p1a: Lanturn\n|-damage|p1a: Lanturn|0 fnt\n|faint|p1a: Lanturn\n|c| Uvinha_com_Leite|nao tem um episodio do anime\n|\n|t:|1619398992\n|switch|p1a: Noctowl|Noctowl, L73, M|278\/296 tox\n|-status|p1a: Noctowl|psn|[silent]\n|\n|upkeep\n|turn|13\n|\n|t:|1619398995\n|move|p1a: Noctowl|Thief|p2a: Piloswine\n|-damage|p2a: Piloswine|147\/281 psn\n|-item|p1a: Noctowl|Mint Berry|[from] move: Thief|[of] p2a: Piloswine\n|-damage|p1a: Noctowl|241\/296 psn|[from] psn|[of] p2a: Piloswine\n|move|p2a: Piloswine|Rest|p2a: Piloswine\n|-status|p2a: Piloswine|slp|[from] move: Rest\n|-heal|p2a: Piloswine|281\/281 slp|[silent]\n|\n|upkeep\n|turn|14\n|c| Uvinha_com_Leite|que o pikachu luta com um raichu\n|inactive|Return To Monkey \u733f has 10 seconds left.\n|inactive|PedroGreg has 10 seconds left.\n|\n|t:|1619399001\n|switch|p1a: Donphan|Donphan, L67, M|259\/259\n|cant|p2a: Piloswine|slp\n|\n|upkeep\n|turn|15\n|c| Uvinha_com_Leite|ai o pikachu quebra as perna\n|\n|t:|1619399003\n|switch|p1a: Noctowl|Noctowl, L73, M|241\/296 psn\n|-damage|p1a: Noctowl|204\/296 psn|[from] psn\n|cant|p2a: Piloswine|slp\n|\n|upkeep\n|turn|16\n|c| Uvinha_com_Leite|e fica no hospital\n|inactive|Return To Monkey \u733f has 10 seconds left.\n|\n|t:|1619399009\n|-curestatus|p2a: Piloswine|slp|[msg]\n|move|p2a: Piloswine|Ice Beam|p1a: Noctowl\n|-supereffective|p1a: Noctowl\n|-damage|p1a: Noctowl|91\/296 psn\n|move|p1a: Noctowl|Whirlwind|p2a: Piloswine\n|drag|p2a: Celebi|Celebi, L61|245\/249\n|-damage|p1a: Noctowl|54\/296 psn|[from] psn|[of] p2: Piloswine\n|\n|-heal|p2a: Celebi|249\/249|[from] item: Leftovers\n|upkeep\n|turn|17\n|\n|t:|1619399014\n|switch|p2a: Piloswine|Piloswine, L69, M|281\/281\n|move|p1a: Noctowl|Thief|p2a: Piloswine\n|-damage|p2a: Piloswine|254\/281\n|-damage|p1a: Noctowl|17\/296 psn|[from] psn|[of] p2a: Piloswine\n|\n|upkeep\n|turn|18\n|c| Girl_dark|Mano ele ta dormindo era s\u00f3 atacar!\n|\n|t:|1619399019\n|move|p1a: Noctowl|Toxic|p2a: Piloswine|[miss]\n|-miss|p1a: Noctowl\n|-damage|p1a: Noctowl|0 fnt|[from] psn|[of] p2a: Piloswine\n|faint|p1a: Noctowl\n|\n|t:|1619399021\n|switch|p1a: Suicune|Suicune, L65|265\/265 frz\n|\n|upkeep\n|turn|19\n|\n|t:|1619399025\n|switch|p2a: Pikachu|Pikachu, L69, M|44\/191\n|cant|p1a: Suicune|frz\n|\n|upkeep\n|turn|20\n|inactive|Return To Monkey \u733f has 10 seconds left.\n|\n|t:|1619399031\n|switch|p1a: Raichu|Raichu, L71, M|180\/232\n|move|p2a: Pikachu|Thunderbolt|p1a: Raichu\n|-resisted|p1a: Raichu\n|-damage|p1a: Raichu|123\/232\n|\n|-heal|p1a: Raichu|137\/232|[from] item: Leftovers\n|upkeep\n|turn|21\n|c| Girl_dark|Return to Monkey!\n|\n|t:|1619399034\n|switch|p2a: Piloswine|Piloswine, L69, M|254\/281\n|move|p1a: Raichu|Hidden Power|p2a: Piloswine\n|-damage|p2a: Piloswine|204\/281\n|\n|-heal|p1a: Raichu|151\/232|[from] item: Leftovers\n|upkeep\n|turn|22\n|\n|t:|1619399039\n|switch|p1a: Suicune|Suicune, L65|265\/265 frz\n|move|p2a: Piloswine|Earthquake|p1a: Suicune\n|-damage|p1a: Suicune|180\/265 frz\n|\n|-heal|p1a: Suicune|196\/265 frz|[from] item: Leftovers\n|upkeep\n|turn|23\n|\n|t:|1619399041\n|switch|p2a: Pikachu|Pikachu, L69, M|44\/191\n|cant|p1a: Suicune|frz\n|\n|-heal|p1a: Suicune|212\/265 frz|[from] item: Leftovers\n|upkeep\n|turn|24\n|\n|t:|1619399044\n|move|p2a: Pikachu|Thunderbolt|p1a: Suicune\n|-supereffective|p1a: Suicune\n|-damage|p1a: Suicune|11\/265 frz\n|cant|p1a: Suicune|frz\n|\n|-heal|p1a: Suicune|27\/265 frz|[from] item: Leftovers\n|upkeep\n|turn|25\n|c| Girl_dark|Voc\u00ea \u00e9 especial pro dono dos jogos?\n|c| Mukirana|Predo \u00e9 bom\n|inactive|Return To Monkey \u733f has 10 seconds left.\n|-message|Return To Monkey \u733f forfeited.\n|\n|win|PedroGreg\n|n|\u2606Return To Monkey \u733f|returntomonkey\n|n|\u2606PedroGreg|pedrogreg\n|n| Mukirana|mukirana\n|n| Uvinha_com_Leite|uvinhacomleite\n|n| Marven Stormlight|marvenstormlight\n|n| Girl_dark|girldark\n|l|\u2606Return To Monkey \u733f\n|c| Girl_dark|Desse jogo\n|l| Uvinha_com_Leite\n|c| Girl_dark|?\n|l|\u2606PedroGreg\n|l| Mukirana\n|l| Girl_dark\n","inputlog":">version ed782ca2683fe46bb00f58b73b50ca8e7d7ad5d1\n>start {\"formatid\":\"gen2randombattle@@@blitz\",\"seed\":[1714,34612,12378,30107],\"rated\":\"Tournament battle\"}\n>player p1 {\"name\":\"Return To Monkey \u733f\",\"avatar\":\"shelly\",\"rating\":0,\"seed\":[55831,53959,62204,64372]}\n>player p2 {\"name\":\"PedroGreg\",\"avatar\":\"bianca\",\"rating\":0,\"seed\":[6143,1907,10673,61747]}\n>chat \u2606PedroGreg|hf\n>p1 move surf\n>p2 switch 6\n>p1 switch 5\n>p2 move toxic\n>chat  Girl_dark|Celebi!\n>p1 move toxic\n>p2 switch 2\n>chat  Girl_dark|CELEBI!\n>p1 switch 5\n>p2 move icebeam\n>p1 move surf\n>p2 switch 4\n>p1 switch 4\n>p2 move substitute\n>p1 switch 2\n>p2 move surf\n>p1 move surf\n>p2 move thunderbolt\n>p1 move surf\n>p2 move thunderbolt\n>chat  Marven Stormlight|pikachu\n>p1 switch 3\n>p2 move surf\n>chat  Marven Stormlight|broken\n>p1 move hiddenpower\n>p2 switch 4\n>p1 switch 3\n>p2 move earthquake\n>chat  Uvinha_com_Leite|nao tem um episodio do anime\n>p1 switch 5\n>p1 move thief\n>p2 move rest\n>chat  Uvinha_com_Leite|que o pikachu luta com um raichu\n>p1 switch 2\n>p2 move icebeam\n>chat  Uvinha_com_Leite|ai o pikachu quebra as perna\n>p1 switch 2\n>p2 move icebeam\n>chat  Uvinha_com_Leite|e fica no hospital\n>p1 move whirlwind\n>p2 move icebeam\n>p1 move thief\n>p2 switch 2\n>chat  Girl_dark|Mano ele ta dormindo era s\u00f3 atacar!\n>p1 move toxic\n>p2 move curse\n>p1 switch 4\n>p1 move surf\n>p2 switch 4\n>p1 switch 3\n>p2 move thunderbolt\n>chat  Girl_dark|Return to Monkey!\n>p1 move hiddenpower\n>p2 switch 4\n>p1 switch 3\n>p2 move earthquake\n>p1 move rest\n>p2 switch 4\n>p1 move rest\n>p2 move thunderbolt\n>chat  Girl_dark|Voc\u00ea \u00e9 especial pro dono dos jogos?\n>chat  Mukirana|Predo \u00e9 bom \n>forcelose p1","uploadtime":1619399050,"views":39,"p1id":"returntomonkey","p2id":"pedrogreg","formatid":"gen2randombattle","rating":0,"private":0,"password":null}