{"id":"gen3ou-1147342737","p1":"Dominik Eulberg","p2":"Trogba Trogba","format":"gen3ou","log":"|j|\u2606Dominik Eulberg\n|j|\u2606Trogba Trogba\n|player|p1|Dominik Eulberg|oak-gen1|\n|player|p2|Trogba Trogba|lance|\n|teamsize|p1|6\n|teamsize|p2|6\n|gametype|singles\n|gen|3\n|tier|[Gen 3] OU\n|rated|Tournament battle\n|rule|Sleep Clause Mod: Limit one foe put to sleep\n|rule|Switch Priority Clause Mod: Faster Pok\u00e9mon switch first\n|rule|Species Clause: Limit one of each Pok\u00e9mon\n|rule|OHKO Clause: OHKO moves are banned\n|rule|Moody Clause: Moody is banned\n|rule|Evasion Moves Clause: Evasion moves are banned\n|rule|Endless Battle Clause: Forcing endless battles is banned\n|rule|HP Percentage Mod: HP is shown in percentages\n|rule|3 Baton Pass Clause: Limit three Baton Passers\n|\n|start\n|switch|p1a: Zapdos|Zapdos|100\/100\n|switch|p2a: Skarmory|Skarmory, M|100\/100\n|turn|1\n|\n|switch|p2a: Claydol|Claydol|100\/100\n|move|p1a: Zapdos|Thunderbolt|p2a: Claydol\n|-immune|p2a: Claydol\n|\n|upkeep\n|turn|2\n|c|\u2606Dominik Eulberg|glhf\n|\n|switch|p2a: Metagross|Metagross|100\/100\n|move|p1a: Zapdos|Baton Pass|p1a: Zapdos\n|j| phosphor\n|c|\u2606Trogba Trogba|u2\n|\n|switch|p1a: Skarmory|Skarmory, M, shiny|100\/100|[from]move: Baton Pass\n|\n|upkeep\n|turn|3\n|\n|switch|p2a: Salamence|Salamence, M|100\/100\n|-ability|p2a: Salamence|Intimidate|boost\n|-unboost|p1a: Skarmory|atk|1\n|move|p1a: Skarmory|Whirlwind|p2a: Salamence\n|drag|p2a: Milotic|Milotic, F|100\/100\n|\n|upkeep\n|turn|4\n|\n|move|p2a: Milotic|Surf|p1a: Skarmory\n|-damage|p1a: Skarmory|71\/100\n|move|p1a: Skarmory|Toxic|p2a: Milotic\n|-status|p2a: Milotic|tox\n|\n|-heal|p1a: Skarmory|77\/100|[from] item: Leftovers\n|-damage|p2a: Milotic|94\/100 tox|[from] psn\n|upkeep\n|turn|5\n|\n|switch|p1a: Celebi|Celebi|100\/100\n|move|p2a: Milotic|Hypnosis|p1a: Celebi\n|-status|p1a: Celebi|slp|[from] move: Hypnosis\n|\n|-heal|p2a: Milotic|100\/100 tox|[from] item: Leftovers\n|-damage|p2a: Milotic|88\/100 tox|[from] psn\n|upkeep\n|turn|6\n|\n|-curestatus|p1a: Celebi|slp|[from] ability: Natural Cure\n|switch|p1a: Skarmory|Skarmory, M, shiny|77\/100\n|switch|p2a: Skarmory|Skarmory, M|100\/100\n|\n|-heal|p1a: Skarmory|83\/100|[from] item: Leftovers\n|upkeep\n|turn|7\n|\n|move|p1a: Skarmory|Taunt|p2a: Skarmory\n|-start|p2a: Skarmory|move: Taunt\n|cant|p2a: Skarmory|move: Taunt|Spikes\n|\n|-heal|p1a: Skarmory|89\/100|[from] item: Leftovers\n|upkeep\n|turn|8\n|\n|switch|p2a: Starmie|Starmie|100\/100\n|move|p1a: Skarmory|Spikes|p2a: Starmie\n|-sidestart|p2: Trogba Trogba|Spikes\n|\n|-heal|p1a: Skarmory|95\/100|[from] item: Leftovers\n|upkeep\n|turn|9\n|j| ReeceHughes\n|\n|switch|p1a: Celebi|Celebi|100\/100\n|move|p2a: Starmie|Thunderbolt|p1a: Celebi\n|-resisted|p1a: Celebi\n|-damage|p1a: Celebi|87\/100\n|\n|-heal|p1a: Celebi|93\/100|[from] item: Leftovers\n|upkeep\n|turn|10\n|\n|switch|p2a: Skarmory|Skarmory, M|100\/100\n|move|p1a: Celebi|Calm Mind|p1a: Celebi\n|-boost|p1a: Celebi|spa|1\n|-boost|p1a: Celebi|spd|1\n|\n|-heal|p1a: Celebi|99\/100|[from] item: Leftovers\n|upkeep\n|turn|11\n|\n|move|p1a: Celebi|Hidden Power|p2a: Skarmory\n|-supereffective|p2a: Skarmory\n|-damage|p2a: Skarmory|47\/100\n|move|p2a: Skarmory|Toxic|p1a: Celebi|[miss]\n|-miss|p2a: Skarmory|p1a: Celebi\n|\n|-heal|p1a: Celebi|100\/100|[from] item: Leftovers\n|-heal|p2a: Skarmory|53\/100|[from] item: Leftovers\n|upkeep\n|turn|12\n|c|\u2606Trogba Trogba|gg\n|c|\u2606Trogba Trogba|I lose now lol\n|\n|move|p2a: Skarmory|Protect|p2a: Skarmory\n|-singleturn|p2a: Skarmory|Protect\n|move|p1a: Celebi|Baton Pass|p1a: Celebi\n|\n|switch|p1a: Zapdos|Zapdos|100\/100|[from]move: Baton Pass\n|\n|-heal|p2a: Skarmory|59\/100|[from] item: Leftovers\n|upkeep\n|turn|13\n|\n|switch|p2a: Claydol|Claydol|100\/100\n|move|p1a: Zapdos|Thunderbolt|p2a: Claydol\n|-immune|p2a: Claydol\n|\n|upkeep\n|turn|14\n|\n|move|p1a: Zapdos|Hidden Power|p2a: Claydol\n|-supereffective|p2a: Claydol\n|-damage|p2a: Claydol|33\/100\n|move|p2a: Claydol|Rapid Spin|p1a: Zapdos\n|-damage|p1a: Zapdos|96\/100\n|-sideend|p2: Trogba Trogba|Spikes|[from] move: Rapid Spin|[of] p2a: Claydol\n|\n|-heal|p1a: Zapdos|100\/100|[from] item: Leftovers\n|-heal|p2a: Claydol|39\/100|[from] item: Leftovers\n|upkeep\n|turn|15\n|\n|move|p1a: Zapdos|Hidden Power|p2a: Claydol\n|-supereffective|p2a: Claydol\n|-damage|p2a: Claydol|0 fnt\n|faint|p2a: Claydol\n|\n|switch|p2a: Metagross|Metagross|100\/100\n|\n|upkeep\n|turn|16\n|\n|move|p1a: Zapdos|Protect|p1a: Zapdos\n|-singleturn|p1a: Zapdos|Protect\n|move|p2a: Metagross|Rock Slide|p1a: Zapdos|[miss]\n|-miss|p2a: Metagross|p1a: Zapdos\n|\n|upkeep\n|turn|17\n|\n|move|p1a: Zapdos|Baton Pass|p1a: Zapdos\n|\n|switch|p1a: Swampert|Swampert, M, shiny|100\/100|[from]move: Baton Pass\n|move|p2a: Metagross|Rock Slide|p1a: Swampert\n|-resisted|p1a: Swampert\n|-damage|p1a: Swampert|84\/100\n|\n|-heal|p1a: Swampert|90\/100|[from] item: Leftovers\n|upkeep\n|turn|18\n|j| Let\u2019sgosixers\n|\n|switch|p2a: Milotic|Milotic, F|88\/100 tox\n|move|p1a: Swampert|Hydro Pump|p2a: Milotic\n|-resisted|p2a: Milotic\n|-damage|p2a: Milotic|68\/100 tox\n|\n|-heal|p2a: Milotic|74\/100 tox|[from] item: Leftovers\n|-heal|p1a: Swampert|96\/100|[from] item: Leftovers\n|-damage|p2a: Milotic|68\/100 tox|[from] psn\n|upkeep\n|turn|19\n|j| Dr. Online\n|\n|switch|p1a: Celebi|Celebi|100\/100\n|move|p2a: Milotic|Hypnosis|p1a: Celebi|[miss]\n|-miss|p2a: Milotic|p1a: Celebi\n|\n|-heal|p2a: Milotic|74\/100 tox|[from] item: Leftovers\n|-damage|p2a: Milotic|62\/100 tox|[from] psn\n|upkeep\n|turn|20\n|\n|switch|p2a: Salamence|Salamence, M|100\/100\n|-ability|p2a: Salamence|Intimidate|boost\n|-unboost|p1a: Celebi|atk|1\n|move|p1a: Celebi|Giga Drain|p2a: Salamence\n|-resisted|p2a: Salamence\n|-damage|p2a: Salamence|94\/100\n|\n|-heal|p2a: Salamence|99\/100|[from] item: Leftovers\n|upkeep\n|turn|21\n|\n|switch|p1a: Skarmory|Skarmory, M, shiny|95\/100\n|move|p2a: Salamence|Fire Blast|p1a: Skarmory\n|-supereffective|p1a: Skarmory\n|-damage|p1a: Skarmory|35\/100\n|\n|-heal|p2a: Salamence|100\/100|[from] item: Leftovers\n|-heal|p1a: Skarmory|41\/100|[from] item: Leftovers\n|upkeep\n|turn|22\n|\n|switch|p1a: Zapdos|Zapdos|100\/100\n|move|p2a: Salamence|Fire Blast|p1a: Zapdos\n|-damage|p1a: Zapdos|67\/100\n|\n|-heal|p1a: Zapdos|73\/100|[from] item: Leftovers\n|upkeep\n|turn|23\n|\n|switch|p2a: Metagross|Metagross|100\/100\n|move|p1a: Zapdos|Protect||[still]\n|-fail|p1a: Zapdos\n|\n|-heal|p1a: Zapdos|80\/100|[from] item: Leftovers\n|upkeep\n|turn|24\n|\n|move|p1a: Zapdos|Baton Pass|p1a: Zapdos\n|\n|switch|p1a: Skarmory|Skarmory, M, shiny|41\/100|[from]move: Baton Pass\n|move|p2a: Metagross|Rock Slide|p1a: Skarmory\n|-damage|p1a: Skarmory|8\/100\n|\n|-heal|p1a: Skarmory|14\/100|[from] item: Leftovers\n|upkeep\n|turn|25\n|\n|move|p1a: Skarmory|Spikes|p2a: Metagross\n|-sidestart|p2: Trogba Trogba|Spikes\n|move|p2a: Metagross|Rock Slide|p1a: Skarmory\n|-damage|p1a: Skarmory|0 fnt\n|faint|p1a: Skarmory\n|j| Pikacwhuu\n|\n|switch|p1a: Dugtrio|Dugtrio, M, shiny|100\/100\n|\n|upkeep\n|turn|26\n|\n|move|p1a: Dugtrio|Earthquake|p2a: Metagross\n|-supereffective|p2a: Metagross\n|-damage|p2a: Metagross|18\/100\n|move|p2a: Metagross|Rock Slide|p1a: Dugtrio\n|-resisted|p1a: Dugtrio\n|-damage|p1a: Dugtrio|35\/100\n|\n|upkeep\n|turn|27\n|\n|move|p1a: Dugtrio|Earthquake|p2a: Metagross\n|-supereffective|p2a: Metagross\n|-damage|p2a: Metagross|0 fnt\n|faint|p2a: Metagross\n|\n|switch|p2a: Milotic|Milotic, F|62\/100 tox\n|-damage|p2a: Milotic|49\/100 tox|[from] Spikes\n|\n|-heal|p2a: Milotic|55\/100 tox|[from] item: Leftovers\n|-damage|p2a: Milotic|49\/100 tox|[from] psn\n|upkeep\n|turn|28\n|\n|move|p1a: Dugtrio|Earthquake|p2a: Milotic\n|-damage|p2a: Milotic|21\/100 tox\n|move|p2a: Milotic|Recover|p2a: Milotic\n|-heal|p2a: Milotic|71\/100 tox\n|\n|-heal|p2a: Milotic|77\/100 tox|[from] item: Leftovers\n|-damage|p2a: Milotic|65\/100 tox|[from] psn\n|upkeep\n|turn|29\n|\n|move|p1a: Dugtrio|Earthquake|p2a: Milotic\n|-damage|p2a: Milotic|37\/100 tox\n|move|p2a: Milotic|Surf|p1a: Dugtrio\n|-supereffective|p1a: Dugtrio\n|-damage|p1a: Dugtrio|0 fnt\n|faint|p1a: Dugtrio\n|\n|switch|p1a: Zapdos|Zapdos|80\/100\n|\n|-heal|p1a: Zapdos|86\/100|[from] item: Leftovers\n|-heal|p2a: Milotic|43\/100 tox|[from] item: Leftovers\n|-damage|p2a: Milotic|25\/100 tox|[from] psn\n|upkeep\n|turn|30\n|\n|move|p1a: Zapdos|Thunderbolt|p2a: Milotic\n|-supereffective|p2a: Milotic\n|-damage|p2a: Milotic|0 fnt\n|faint|p2a: Milotic\n|\n|switch|p2a: Starmie|Starmie|100\/100\n|-damage|p2a: Starmie|88\/100|[from] Spikes\n|\n|-heal|p2a: Starmie|94\/100|[from] item: Leftovers\n|-heal|p1a: Zapdos|92\/100|[from] item: Leftovers\n|upkeep\n|turn|31\n|l| ReeceHughes\n|\n|move|p2a: Starmie|Surf|p1a: Zapdos\n|-damage|p1a: Zapdos|44\/100\n|move|p1a: Zapdos|Thunderbolt|p2a: Starmie\n|-supereffective|p2a: Starmie\n|-damage|p2a: Starmie|0 fnt\n|faint|p2a: Starmie\n|\n|switch|p2a: Salamence|Salamence, M|100\/100\n|-ability|p2a: Salamence|Intimidate|boost\n|-unboost|p1a: Zapdos|atk|1\n|\n|-heal|p1a: Zapdos|50\/100|[from] item: Leftovers\n|upkeep\n|turn|32\n|\n|move|p1a: Zapdos|Protect|p1a: Zapdos\n|-singleturn|p1a: Zapdos|Protect\n|move|p2a: Salamence|Dragon Dance|p2a: Salamence\n|-boost|p2a: Salamence|atk|1\n|-boost|p2a: Salamence|spe|1\n|\n|-heal|p1a: Zapdos|56\/100|[from] item: Leftovers\n|upkeep\n|turn|33\n|\n|move|p2a: Salamence|Dragon Dance|p2a: Salamence\n|-boost|p2a: Salamence|atk|1\n|-boost|p2a: Salamence|spe|1\n|move|p1a: Zapdos|Thunderbolt|p2a: Salamence\n|-damage|p2a: Salamence|34\/100\n|\n|-heal|p2a: Salamence|40\/100|[from] item: Leftovers\n|-heal|p1a: Zapdos|62\/100|[from] item: Leftovers\n|upkeep\n|turn|34\n|\n|move|p2a: Salamence|Hidden Power|p1a: Zapdos\n|-resisted|p1a: Zapdos\n|-damage|p1a: Zapdos|14\/100\n|move|p1a: Zapdos|Thunderbolt|p2a: Salamence\n|-damage|p2a: Salamence|0 fnt\n|faint|p2a: Salamence\n|\n|switch|p2a: Skarmory|Skarmory, M|59\/100\n|\n|-heal|p1a: Zapdos|20\/100|[from] item: Leftovers\n|-heal|p2a: Skarmory|65\/100|[from] item: Leftovers\n|upkeep\n|turn|35\n|-message|Trogba Trogba forfeited.\n|\n|win|Dominik Eulberg\n|l| Let\u2019sgosixers\n|l|\u2606Trogba Trogba\n|c|\u2606Dominik Eulberg|gg\n|l|\u2606Dominik Eulberg\n","uploadtime":1594209962,"views":43,"p1id":"dominikeulberg","p2id":"trogbatrogba","formatid":"gen3ou","rating":0,"private":0,"password":null}