{"id":"gen3randombattle-1322894646","p1":"sheaintevenknoit","p2":"Lunar Neo","format":"gen3randombattle","log":"|j|\u2606sheaintevenknoit\n|j|\u2606Lunar Neo\n|inactive|Battle timer is ON: inactive players will automatically lose when time's up.\n|t:|1618596393\n|gametype|singles\n|player|p1|sheaintevenknoit|kindler-gen3|\n|player|p2|Lunar Neo|grimsley|\n|teamsize|p1|6\n|teamsize|p2|6\n|gen|3\n|tier|[Gen 3] Random Battle\n|rated|Tournament battle\n|rule|Sleep Clause Mod: Limit one foe put to sleep\n|rule|Switch Priority Clause Mod: Faster Pok\u00e9mon switch first\n|rule|Species Clause: Limit one of each Pok\u00e9mon\n|rule|OHKO Clause: OHKO moves are banned\n|rule|Evasion Moves Clause: Evasion moves are banned\n|rule|Endless Battle Clause: Forcing endless battles is banned\n|rule|HP Percentage Mod: HP is shown in percentages\n|\n|t:|1618596393\n|start\n|switch|p1a: Roselia|Roselia, L88, F|231\/231\n|switch|p2a: Breloom|Breloom, L80, M|227\/227\n|turn|1\n|inactive|Lunar Neo also wants the timer to be on.\n|c|\u2606sheaintevenknoit|hf my man\\\n|inactive|Lunar Neo has 120 seconds left.\n|\n|t:|1618596428\n|switch|p2a: Wobbuffet|Wobbuffet, L76, F|414\/414\n|move|p1a: Roselia|Hidden Power|p2a: Wobbuffet\n|-damage|p2a: Wobbuffet|329\/414\n|\n|-heal|p2a: Wobbuffet|354\/414|[from] item: Leftovers\n|upkeep\n|turn|2\n|\n|t:|1618596433\n|move|p1a: Roselia|Stun Spore|p2a: Wobbuffet\n|-status|p2a: Wobbuffet|par\n|move|p2a: Wobbuffet|Mirror Coat||[still]\n|-fail|p2a: Wobbuffet\n|\n|-heal|p2a: Wobbuffet|379\/414 par|[from] item: Leftovers\n|upkeep\n|turn|3\n|\n|t:|1618596438\n|move|p1a: Roselia|Hidden Power|p2a: Wobbuffet\n|-damage|p2a: Wobbuffet|293\/414 par\n|move|p2a: Wobbuffet|Encore|p1a: Roselia\n|-start|p1a: Roselia|Encore\n|\n|-heal|p2a: Wobbuffet|318\/414 par|[from] item: Leftovers\n|upkeep\n|turn|4\n|\n|t:|1618596440\n|move|p1a: Roselia|Hidden Power|p2a: Wobbuffet\n|-damage|p2a: Wobbuffet|242\/414 par\n|cant|p2a: Wobbuffet|par\n|\n|-heal|p2a: Wobbuffet|267\/414 par|[from] item: Leftovers\n|upkeep\n|turn|5\n|\n|t:|1618596444\n|move|p1a: Roselia|Hidden Power|p2a: Wobbuffet\n|-crit|p2a: Wobbuffet\n|-damage|p2a: Wobbuffet|95\/414 par\n|move|p2a: Wobbuffet|Mirror Coat||[still]\n|-fail|p2a: Wobbuffet\n|\n|-heal|p2a: Wobbuffet|120\/414 par|[from] item: Leftovers\n|upkeep\n|turn|6\n|c|\u2606sheaintevenknoit|?\n|c|\u2606sheaintevenknoit|does it n ot work on hidden power\n|c|\u2606sheaintevenknoit|because it can be physical or special?\n|\n|t:|1618596468\n|move|p1a: Roselia|Hidden Power|p2a: Wobbuffet\n|-damage|p2a: Wobbuffet|40\/414 par\n|cant|p2a: Wobbuffet|par\n|\n|-heal|p2a: Wobbuffet|65\/414 par|[from] item: Leftovers\n|upkeep\n|turn|7\n|\n|t:|1618596485\n|switch|p2a: Regirock|Regirock, L82|265\/265\n|move|p1a: Roselia|Hidden Power|p2a: Regirock\n|-resisted|p2a: Regirock\n|-damage|p2a: Regirock|241\/265\n|\n|upkeep\n|turn|8\n|\n|t:|1618596492\n|switch|p1a: Vaporeon|Vaporeon, L82, M|347\/347\n|move|p2a: Regirock|Rock Slide|p1a: Vaporeon\n|-crit|p1a: Vaporeon\n|-damage|p1a: Vaporeon|140\/347\n|\n|-heal|p1a: Vaporeon|161\/347|[from] item: Leftovers\n|upkeep\n|turn|9\n|\n|t:|1618596507\n|switch|p2a: Breloom|Breloom, L80, M|227\/227\n|move|p1a: Vaporeon|Wish|p1a: Vaporeon\n|\n|-heal|p1a: Vaporeon|182\/347|[from] item: Leftovers\n|upkeep\n|turn|10\n|\n|t:|1618596524\n|switch|p2a: Beautifly|Beautifly, L88, F|249\/249\n|move|p1a: Vaporeon|Toxic|p2a: Beautifly\n|-status|p2a: Beautifly|tox\n|\n|-heal|p1a: Vaporeon|347\/347|[from] move: Wish|[wisher] Vaporeon\n|-damage|p2a: Beautifly|234\/249 tox|[from] psn\n|upkeep\n|turn|11\n|\n|t:|1618596535\n|switch|p2a: Breloom|Breloom, L80, M|227\/227\n|switch|p1a: Swellow|Swellow, L82, M|233\/233\n|\n|upkeep\n|turn|12\n|\n|t:|1618596542\n|switch|p2a: Regirock|Regirock, L82|241\/265\n|move|p1a: Swellow|Hidden Power|p2a: Regirock\n|-supereffective|p2a: Regirock\n|-damage|p2a: Regirock|173\/265\n|\n|upkeep\n|turn|13\n|c|\u2606sheaintevenknoit|lol\n|j| C2i\n|\n|t:|1618596550\n|switch|p1a: Roselia|Roselia, L88, F|231\/231\n|move|p2a: Regirock|Rock Slide|p1a: Roselia\n|-damage|p1a: Roselia|119\/231\n|\n|-heal|p1a: Roselia|133\/231|[from] item: Leftovers\n|upkeep\n|turn|14\n|\n|t:|1618596569\n|switch|p2a: Beautifly|Beautifly, L88, F|234\/249 tox\n|move|p1a: Roselia|Giga Drain|p2a: Beautifly\n|-resisted|p2a: Beautifly\n|-damage|p2a: Beautifly|207\/249 tox\n|-heal|p1a: Roselia|146\/231|[from] drain|[of] p2a: Beautifly\n|\n|-heal|p1a: Roselia|160\/231|[from] item: Leftovers\n|-heal|p2a: Beautifly|222\/249 tox|[from] item: Leftovers\n|-damage|p2a: Beautifly|207\/249 tox|[from] psn\n|upkeep\n|turn|15\n|\n|t:|1618596578\n|switch|p1a: Swellow|Swellow, L82, M|233\/233\n|move|p2a: Beautifly|Stun Spore|p1a: Swellow\n|-status|p1a: Swellow|par\n|\n|-heal|p2a: Beautifly|222\/249 tox|[from] item: Leftovers\n|-damage|p2a: Beautifly|192\/249 tox|[from] psn\n|upkeep\n|turn|16\n|\n|t:|1618596586\n|switch|p2a: Regirock|Regirock, L82|173\/265\n|move|p1a: Swellow|Aerial Ace|p2a: Regirock\n|-resisted|p2a: Regirock\n|-damage|p2a: Regirock|140\/265\n|\n|upkeep\n|turn|17\n|\n|t:|1618596592\n|switch|p1a: Vaporeon|Vaporeon, L82, M|347\/347\n|move|p2a: Regirock|Rock Slide|p1a: Vaporeon\n|-damage|p1a: Vaporeon|241\/347\n|\n|-heal|p1a: Vaporeon|262\/347|[from] item: Leftovers\n|upkeep\n|turn|18\n|\n|t:|1618596600\n|switch|p2a: Breloom|Breloom, L80, M|227\/227\n|move|p1a: Vaporeon|Wish|p1a: Vaporeon\n|\n|-heal|p1a: Vaporeon|283\/347|[from] item: Leftovers\n|upkeep\n|turn|19\n|\n|t:|1618596612\n|switch|p2a: Beautifly|Beautifly, L88, F|192\/249 tox\n|switch|p1a: Roselia|Roselia, L88, F|160\/231\n|\n|-heal|p1a: Roselia|231\/231|[from] move: Wish|[wisher] Vaporeon\n|-heal|p2a: Beautifly|207\/249 tox|[from] item: Leftovers\n|-damage|p2a: Beautifly|192\/249 tox|[from] psn\n|upkeep\n|turn|20\n|\n|t:|1618596617\n|move|p2a: Beautifly|Hidden Power|p1a: Roselia\n|-supereffective|p1a: Roselia\n|-damage|p1a: Roselia|49\/231\n|move|p1a: Roselia|Hidden Power|p2a: Beautifly\n|-supereffective|p2a: Beautifly\n|-damage|p2a: Beautifly|34\/249 tox\n|\n|-heal|p2a: Beautifly|49\/249 tox|[from] item: Leftovers\n|-heal|p1a: Roselia|63\/231|[from] item: Leftovers\n|-damage|p2a: Beautifly|19\/249 tox|[from] psn\n|upkeep\n|turn|21\n|\n|t:|1618596628\n|switch|p1a: Swellow|Swellow, L82, M|233\/233 par\n|move|p2a: Beautifly|Hidden Power|p1a: Swellow\n|-damage|p1a: Swellow|151\/233 par\n|\n|-heal|p2a: Beautifly|34\/249 tox|[from] item: Leftovers\n|-damage|p2a: Beautifly|0 fnt|[from] psn\n|faint|p2a: Beautifly\n|upkeep\n|\n|t:|1618596633\n|switch|p2a: Regirock|Regirock, L82|140\/265\n|turn|22\n|\n|t:|1618596648\n|switch|p1a: Ariados|Ariados, L88, F|266\/266\n|move|p2a: Regirock|Rock Slide|p1a: Ariados|[miss]\n|-miss|p2a: Regirock|p1a: Ariados\n|\n|upkeep\n|turn|23\n|\n|t:|1618596653\n|move|p2a: Regirock|Rock Slide|p1a: Ariados|[miss]\n|-miss|p2a: Regirock|p1a: Ariados\n|move|p1a: Ariados|Sludge Bomb|p2a: Regirock\n|-resisted|p2a: Regirock\n|-damage|p2a: Regirock|113\/265\n|-status|p2a: Regirock|psn\n|\n|-damage|p2a: Regirock|80\/265 psn|[from] psn\n|upkeep\n|turn|24\n|c|\u2606sheaintevenknoit|damn sry\n|c|\u2606Lunar Neo|pain\n|\n|t:|1618596661\n|move|p2a: Regirock|Rock Slide|p1a: Ariados\n|-supereffective|p1a: Ariados\n|-damage|p1a: Ariados|90\/266\n|move|p1a: Ariados|Signal Beam|p2a: Regirock\n|-damage|p2a: Regirock|38\/265 psn\n|\n|-heal|p1a: Ariados|106\/266|[from] item: Leftovers\n|-damage|p2a: Regirock|5\/265 psn|[from] psn\n|upkeep\n|turn|25\n|\n|t:|1618596671\n|move|p2a: Regirock|Rest|p2a: Regirock\n|-status|p2a: Regirock|slp|[from] move: Rest\n|-heal|p2a: Regirock|265\/265 slp|[silent]\n|-enditem|p2a: Regirock|Chesto Berry|[eat]\n|-curestatus|p2a: Regirock|slp|[msg]\n|move|p1a: Ariados|Sludge Bomb|p2a: Regirock\n|-resisted|p2a: Regirock\n|-damage|p2a: Regirock|239\/265\n|\n|-heal|p1a: Ariados|122\/266|[from] item: Leftovers\n|upkeep\n|turn|26\n|\n|t:|1618596676\n|move|p2a: Regirock|Rock Slide|p1a: Ariados\n|-supereffective|p1a: Ariados\n|-damage|p1a: Ariados|0 fnt\n|faint|p1a: Ariados\n|\n|t:|1618596679\n|switch|p1a: Roselia|Roselia, L88, F|63\/231\n|\n|-heal|p1a: Roselia|77\/231|[from] item: Leftovers\n|upkeep\n|turn|27\n|\n|t:|1618596692\n|switch|p2a: Breloom|Breloom, L80, M|227\/227\n|move|p1a: Roselia|Synthesis|p1a: Roselia\n|-heal|p1a: Roselia|192\/231\n|\n|-heal|p1a: Roselia|206\/231|[from] item: Leftovers\n|upkeep\n|turn|28\n|\n|t:|1618596701\n|move|p1a: Roselia|Hidden Power|p2a: Breloom\n|-supereffective|p2a: Breloom\n|-damage|p2a: Breloom|69\/227\n|move|p2a: Breloom|Swords Dance|p2a: Breloom\n|-boost|p2a: Breloom|atk|2\n|\n|-heal|p1a: Roselia|220\/231|[from] item: Leftovers\n|-heal|p2a: Breloom|83\/227|[from] item: Leftovers\n|upkeep\n|turn|29\n|\n|t:|1618596706\n|switch|p2a: Wobbuffet|Wobbuffet, L76, F|65\/414 par\n|move|p1a: Roselia|Hidden Power|p2a: Wobbuffet\n|-damage|p2a: Wobbuffet|0 fnt\n|faint|p2a: Wobbuffet\n|\n|t:|1618596710\n|switch|p2a: Dusclops|Dusclops, L82, M|200\/200\n|-ability|p2a: Dusclops|Pressure|[silent]\n|\n|-heal|p1a: Roselia|231\/231|[from] item: Leftovers\n|upkeep\n|turn|30\n|\n|t:|1618596718\n|switch|p1a: Vaporeon|Vaporeon, L82, M|283\/347\n|move|p2a: Dusclops|Ice Beam|p1a: Vaporeon\n|-resisted|p1a: Vaporeon\n|-damage|p1a: Vaporeon|260\/347\n|\n|-heal|p1a: Vaporeon|281\/347|[from] item: Leftovers\n|upkeep\n|turn|31\n|\n|t:|1618596728\n|switch|p2a: Breloom|Breloom, L80, M|83\/227\n|move|p1a: Vaporeon|Toxic|p2a: Breloom\n|-status|p2a: Breloom|tox\n|\n|-heal|p2a: Breloom|97\/227 tox|[from] item: Leftovers\n|-heal|p1a: Vaporeon|302\/347|[from] item: Leftovers\n|-damage|p2a: Breloom|83\/227 tox|[from] psn\n|upkeep\n|turn|32\n|\n|t:|1618596735\n|move|p2a: Breloom|Sky Uppercut|p1a: Vaporeon\n|-damage|p1a: Vaporeon|158\/347\n|move|p1a: Vaporeon|Surf|p2a: Breloom\n|-resisted|p2a: Breloom\n|-damage|p2a: Breloom|17\/227 tox\n|\n|-heal|p2a: Breloom|31\/227 tox|[from] item: Leftovers\n|-heal|p1a: Vaporeon|179\/347|[from] item: Leftovers\n|-damage|p2a: Breloom|3\/227 tox|[from] psn\n|upkeep\n|turn|33\n|\n|t:|1618596749\n|switch|p2a: Kabutops|Kabutops, L84, F|238\/238\n|move|p1a: Vaporeon|Protect||[still]\n|-fail|p1a: Vaporeon\n|\n|-heal|p1a: Vaporeon|200\/347|[from] item: Leftovers\n|upkeep\n|turn|34\n|\n|t:|1618596757\n|switch|p1a: Swellow|Swellow, L82, M|151\/233 par\n|move|p2a: Kabutops|Rock Slide|p1a: Swellow\n|-supereffective|p1a: Swellow\n|-damage|p1a: Swellow|0 fnt\n|faint|p1a: Swellow\n|\n|t:|1618596760\n|switch|p1a: Magmar|Magmar, L84, M|246\/246\n|\n|upkeep\n|turn|35\n|\n|t:|1618596771\n|switch|p2a: Dusclops|Dusclops, L82, M|200\/200\n|-ability|p2a: Dusclops|Pressure|[silent]\n|move|p1a: Magmar|Hidden Power|p2a: Dusclops\n|-damage|p2a: Dusclops|163\/200\n|\n|-heal|p2a: Dusclops|175\/200|[from] item: Leftovers\n|upkeep\n|turn|36\n|\n|t:|1618596777\n|switch|p1a: Vaporeon|Vaporeon, L82, M|200\/347\n|move|p2a: Dusclops|Shadow Ball|p1a: Vaporeon\n|-damage|p1a: Vaporeon|113\/347\n|\n|-heal|p1a: Vaporeon|134\/347|[from] item: Leftovers\n|-heal|p2a: Dusclops|187\/200|[from] item: Leftovers\n|upkeep\n|turn|37\n|\n|t:|1618596783\n|switch|p2a: Kabutops|Kabutops, L84, F|238\/238\n|move|p1a: Vaporeon|Wish|p1a: Vaporeon\n|\n|-heal|p1a: Vaporeon|155\/347|[from] item: Leftovers\n|upkeep\n|turn|38\n|\n|t:|1618596790\n|move|p1a: Vaporeon|Protect|p1a: Vaporeon\n|-singleturn|p1a: Vaporeon|Protect\n|move|p2a: Kabutops|Rock Slide|p1a: Vaporeon\n|-activate|p1a: Vaporeon|Protect\n|\n|-heal|p1a: Vaporeon|328\/347|[from] move: Wish|[wisher] Vaporeon\n|-heal|p1a: Vaporeon|347\/347|[from] item: Leftovers\n|upkeep\n|turn|39\n|\n|t:|1618596793\n|move|p2a: Kabutops|Rock Slide|p1a: Vaporeon\n|-damage|p1a: Vaporeon|161\/347\n|move|p1a: Vaporeon|Toxic|p2a: Kabutops|[miss]\n|-miss|p1a: Vaporeon|p2a: Kabutops\n|\n|-heal|p1a: Vaporeon|182\/347|[from] item: Leftovers\n|upkeep\n|turn|40\n|\n|t:|1618596797\n|move|p1a: Vaporeon|Protect|p1a: Vaporeon\n|-singleturn|p1a: Vaporeon|Protect\n|move|p2a: Kabutops|Rock Slide|p1a: Vaporeon\n|-activate|p1a: Vaporeon|Protect\n|\n|-heal|p1a: Vaporeon|203\/347|[from] item: Leftovers\n|upkeep\n|turn|41\n|\n|t:|1618596801\n|move|p2a: Kabutops|Rock Slide|p1a: Vaporeon\n|-damage|p1a: Vaporeon|13\/347\n|cant|p1a: Vaporeon|flinch\n|\n|-heal|p1a: Vaporeon|34\/347|[from] item: Leftovers\n|upkeep\n|turn|42\n|c|\u2606sheaintevenknoit|lol\n|\n|t:|1618596807\n|move|p1a: Vaporeon|Protect|p1a: Vaporeon\n|-singleturn|p1a: Vaporeon|Protect\n|move|p2a: Kabutops|Rock Slide|p1a: Vaporeon\n|-activate|p1a: Vaporeon|Protect\n|\n|-heal|p1a: Vaporeon|55\/347|[from] item: Leftovers\n|upkeep\n|turn|43\n|\n|t:|1618596817\n|move|p2a: Kabutops|Rock Slide|p1a: Vaporeon\n|-damage|p1a: Vaporeon|0 fnt\n|faint|p1a: Vaporeon\n|\n|t:|1618596820\n|switch|p1a: Mewtwo|Mewtwo, L76|286\/286\n|-ability|p1a: Mewtwo|Pressure|[silent]\n|\n|upkeep\n|turn|44\n|\n|t:|1618596827\n|switch|p2a: Dusclops|Dusclops, L82, M|187\/200\n|-ability|p2a: Dusclops|Pressure|[silent]\n|move|p1a: Mewtwo|Thunderbolt|p2a: Dusclops\n|-damage|p2a: Dusclops|125\/200\n|\n|-heal|p2a: Dusclops|137\/200|[from] item: Leftovers\n|upkeep\n|turn|45\n|\n|t:|1618596833\n|switch|p1a: Magmar|Magmar, L84, M|246\/246\n|move|p2a: Dusclops|Shadow Ball|p1a: Magmar\n|-crit|p1a: Magmar\n|-damage|p1a: Magmar|78\/246\n|\n|-heal|p1a: Magmar|93\/246|[from] item: Leftovers\n|-heal|p2a: Dusclops|149\/200|[from] item: Leftovers\n|upkeep\n|turn|46\n|\n|t:|1618596839\n|move|p1a: Magmar|Flamethrower|p2a: Dusclops\n|-damage|p2a: Dusclops|64\/200\n|move|p2a: Dusclops|Shadow Ball|p1a: Magmar\n|-damage|p1a: Magmar|9\/246\n|\n|-heal|p1a: Magmar|24\/246|[from] item: Leftovers\n|-heal|p2a: Dusclops|76\/200|[from] item: Leftovers\n|upkeep\n|turn|47\n|\n|t:|1618596849\n|move|p1a: Magmar|Flamethrower|p2a: Dusclops\n|-damage|p2a: Dusclops|1\/200\n|move|p2a: Dusclops|Shadow Ball|p1a: Magmar\n|-damage|p1a: Magmar|0 fnt\n|faint|p1a: Magmar\n|\n|t:|1618596859\n|switch|p1a: Roselia|Roselia, L88, F|231\/231\n|\n|-heal|p2a: Dusclops|13\/200|[from] item: Leftovers\n|upkeep\n|turn|48\n|\n|t:|1618596863\n|move|p1a: Roselia|Hidden Power|p2a: Dusclops\n|-damage|p2a: Dusclops|0 fnt\n|faint|p2a: Dusclops\n|\n|t:|1618596873\n|switch|p2a: Regirock|Regirock, L82|239\/265\n|\n|upkeep\n|turn|49\n|\n|t:|1618596882\n|move|p1a: Roselia|Giga Drain|p2a: Regirock\n|-supereffective|p2a: Regirock\n|-damage|p2a: Regirock|107\/265\n|move|p2a: Regirock|Rock Slide|p1a: Roselia\n|-damage|p1a: Roselia|111\/231\n|\n|-heal|p1a: Roselia|125\/231|[from] item: Leftovers\n|upkeep\n|turn|50\n|\n|t:|1618596891\n|switch|p2a: Breloom|Breloom, L80, M|3\/227 tox\n|move|p1a: Roselia|Synthesis|p1a: Roselia\n|-heal|p1a: Roselia|231\/231\n|\n|-heal|p2a: Breloom|17\/227 tox|[from] item: Leftovers\n|-damage|p2a: Breloom|3\/227 tox|[from] psn\n|upkeep\n|turn|51\n|c|\u2606sheaintevenknoit|nah g\n|-message|Lunar Neo forfeited.\n|\n|win|sheaintevenknoit\n|n|\u2606sheaintevenknoit|sheaintevenknoit\n|n|\u2606Lunar Neo|lunarneo\n|n| C2i|c2i\n|l|\u2606Lunar Neo\n","inputlog":">version 489b49c1e49136fc33215741bfb871bd8918eeae\n>start {\"formatid\":\"gen3randombattle\",\"seed\":[31651,53572,9226,43700],\"rated\":\"Tournament battle\"}\n>player p1 {\"name\":\"sheaintevenknoit\",\"avatar\":\"kindler-gen3\",\"rating\":0,\"seed\":[20669,13309,35863,20278]}\n>player p2 {\"name\":\"Lunar Neo\",\"avatar\":\"grimsley\",\"rating\":0,\"seed\":[21413,33980,56908,10380]}\n>chat \u2606sheaintevenknoit|hf my man\\\n>p1 move hiddenpower\n>p2 switch 5\n>p1 move stunspore\n>p2 move mirrorcoat\n>p1 move hiddenpower\n>p2 move encore\n>p1 move hiddenpower\n>p2 move mirrorcoat\n>p1 move hiddenpower\n>p2 move mirrorcoat\n>chat \u2606sheaintevenknoit|?\n>chat \u2606sheaintevenknoit|does it n ot work on hidden power\n>chat \u2606sheaintevenknoit|because it can be physical or special?\n>p1 move hiddenpower\n>p2 move destinybond\n>p1 move hiddenpower\n>p2 switch 4\n>p1 switch 4\n>p2 move rockslide\n>p1 move wish\n>p2 switch 5\n>p1 move toxic\n>p2 switch 3\n>p1 switch 3\n>p2 switch 3\n>p1 move hiddenpower\n>p2 switch 5\n>chat \u2606sheaintevenknoit|lol\n>p1 switch 4\n>p2 move rockslide\n>p1 move gigadrain\n>p2 switch 3\n>p1 switch 4\n>p2 move stunspore\n>p1 move aerialace\n>p2 switch 3\n>p1 switch 3\n>p2 move rockslide\n>p1 move wish\n>p2 switch 5\n>p1 switch 4\n>p2 switch 3\n>p1 move hiddenpower\n>p2 move hiddenpower\n>p1 switch 3\n>p2 move hiddenpower\n>p2 switch 5\n>p1 switch 2\n>p2 move rockslide\n>p1 move sludgebomb\n>p2 move rockslide\n>chat \u2606sheaintevenknoit|damn sry\n>chat \u2606Lunar Neo|pain\n>p1 move signalbeam\n>p2 move rockslide\n>p1 move sludgebomb\n>p2 move rest\n>p1 move sludgebomb\n>p2 move rockslide\n>p1 switch 3\n>p1 move synthesis\n>p2 switch 3\n>p1 move hiddenpower\n>p2 move swordsdance\n>p1 move hiddenpower\n>p2 switch 4\n>p2 switch 2\n>p1 switch 4\n>p2 move icebeam\n>p1 move toxic\n>p2 switch 4\n>p1 move surf\n>p2 move skyuppercut\n>p1 move protect\n>p2 switch 6\n>p1 switch 2\n>p2 move rockslide\n>p1 switch 5\n>p1 move hiddenpower\n>p2 switch 4\n>p1 switch 2\n>p2 move shadowball\n>p1 move wish\n>p2 switch 4\n>p1 move protect\n>p2 move rockslide\n>p1 move toxic\n>p2 move rockslide\n>p1 move protect\n>p2 move rockslide\n>p1 move wish\n>p2 move rockslide\n>chat \u2606sheaintevenknoit|lol\n>p1 move protect\n>p2 move rockslide\n>p1 move wish\n>p2 move rockslide\n>p1 switch 6\n>p1 move thunderbolt\n>p2 switch 4\n>p1 switch 2\n>p2 move shadowball\n>p1 move flamethrower\n>p2 move shadowball\n>p1 move flamethrower\n>p2 move shadowball\n>p1 switch 4\n>p1 move hiddenpower\n>p2 move icebeam\n>p2 switch 3\n>p1 move gigadrain\n>p2 move rockslide\n>p1 move synthesis\n>p2 switch 6\n>chat \u2606sheaintevenknoit|nah g\n>forcelose p2","uploadtime":1618596905,"views":24,"p1id":"sheaintevenknoit","p2id":"lunarneo","formatid":"gen3randombattle","rating":0,"private":0,"password":null}