{"id":"gen3ou-1627913705","p1":"Raph369","p2":"Yves Stone","format":"gen3ou","log":"|j|\u2606Raph369\n|j|\u2606Yves Stone\n|t:|1659112408\n|gametype|singles\n|player|p1|Raph369|archer|\n|player|p2|Yves Stone|red-gen2|\n|teamsize|p1|6\n|teamsize|p2|6\n|gen|3\n|tier|[Gen 3] OU\n|rule|Sleep Clause Mod: Limit one foe put to sleep\n|rule|Switch Priority Clause Mod: Faster Pok\u00e9mon switch first\n|rule|Species Clause: Limit one of each Pok\u00e9mon\n|rule|OHKO Clause: OHKO moves are banned\n|rule|Evasion Moves Clause: Evasion moves are banned\n|rule|Endless Battle Clause: Forcing endless battles is banned\n|rule|HP Percentage Mod: HP is shown in percentages\n|rule|One Boost Passer Clause: Limit one Baton Passer that has a way to boost its stats\n|rule|Freeze Clause Mod: Limit one foe frozen\n|\n|t:|1659112408\n|start\n|switch|p1a: Celebi|Celebi|100\/100\n|switch|p2a: Heracross|Heracross, M|100\/100\n|turn|1\n|c|\u2606Yves Stone|hf\n|j| ICVR\n|c|\u2606Raph369|hf\n|l|\u2606Yves Stone\n|player|p2|\n|j| Yddyydyd\n|j|\u2606Yves Stone\n|player|p2|Yves Stone|red-gen2\n|c|\u2606Raph369|timer?\n|l| Yddyydyd\n|c|\u2606Raph369|si tu bug je l'enl\u00e8ve\n|j| Monai\n|inactive|Battle timer is ON: inactive players will automatically lose when time's up. (requested by Raph369)\n|c|\u2606Yves Stone|Pas de probl\u00e8me\n|inactive|Yves Stone has 270 seconds left.\n|\n|t:|1659112531\n|switch|p1a: Gyarados|Gyarados, M|100\/100\n|-ability|p1a: Gyarados|Intimidate|boost\n|-unboost|p2a: Heracross|atk|1\n|switch|p2a: Metagross|Metagross|100\/100\n|\n|upkeep\n|turn|2\n|\n|t:|1659112548\n|switch|p1a: Milotic|Milotic, M|100\/100\n|switch|p2a: Heracross|Heracross, M|100\/100\n|\n|upkeep\n|turn|3\n|\n|t:|1659112560\n|-singleturn|p2a: Heracross|move: Focus Punch\n|move|p1a: Milotic|Surf|p2a: Heracross\n|-damage|p2a: Heracross|60\/100\n|move|p2a: Heracross|Focus Punch||[still]\n|cant|p2a: Heracross|Focus Punch|Focus Punch\n|\n|-heal|p2a: Heracross|66\/100|[from] item: Leftovers\n|upkeep\n|turn|4\n|\n|t:|1659112575\n|move|p2a: Heracross|Megahorn|p1a: Milotic\n|-damage|p1a: Milotic|49\/100\n|move|p1a: Milotic|Toxic|p2a: Heracross\n|-status|p2a: Heracross|tox\n|\n|-heal|p2a: Heracross|72\/100 tox|[from] item: Leftovers\n|-damage|p2a: Heracross|66\/100 tox|[from] psn\n|-heal|p1a: Milotic|55\/100|[from] item: Leftovers\n|upkeep\n|turn|5\n|\n|t:|1659112583\n|-singleturn|p2a: Heracross|move: Focus Punch\n|switch|p1a: Gyarados|Gyarados, M|100\/100\n|-ability|p1a: Gyarados|Intimidate|boost\n|-unboost|p2a: Heracross|atk|1\n|move|p2a: Heracross|Focus Punch|p1a: Gyarados\n|-resisted|p1a: Gyarados\n|-damage|p1a: Gyarados|46\/100\n|\n|-heal|p2a: Heracross|72\/100 tox|[from] item: Leftovers\n|-damage|p2a: Heracross|60\/100 tox|[from] psn\n|-heal|p1a: Gyarados|52\/100|[from] item: Leftovers\n|upkeep\n|turn|6\n|\n|t:|1659112597\n|move|p2a: Heracross|Rock Slide|p1a: Gyarados|[miss]\n|-miss|p2a: Heracross|p1a: Gyarados\n|move|p1a: Gyarados|Earthquake|p2a: Heracross\n|-resisted|p2a: Heracross\n|-damage|p2a: Heracross|33\/100 tox\n|\n|-heal|p2a: Heracross|39\/100 tox|[from] item: Leftovers\n|-damage|p2a: Heracross|21\/100 tox|[from] psn\n|-heal|p1a: Gyarados|58\/100|[from] item: Leftovers\n|upkeep\n|turn|7\n|\n|t:|1659112603\n|switch|p1a: Metagross|Metagross|100\/100\n|move|p2a: Heracross|Megahorn|p1a: Metagross\n|-damage|p1a: Metagross|49\/100\n|\n|-heal|p2a: Heracross|27\/100 tox|[from] item: Leftovers\n|-damage|p2a: Heracross|3\/100 tox|[from] psn\n|-heal|p1a: Metagross|55\/100|[from] item: Leftovers\n|upkeep\n|turn|8\n|\n|t:|1659112632\n|switch|p2a: Metagross|Metagross|100\/100\n|move|p1a: Metagross|Agility|p1a: Metagross\n|-boost|p1a: Metagross|spe|2\n|\n|-heal|p1a: Metagross|61\/100|[from] item: Leftovers\n|upkeep\n|turn|9\n|\n|t:|1659112638\n|move|p1a: Metagross|Earthquake|p2a: Metagross\n|-supereffective|p2a: Metagross\n|-damage|p2a: Metagross|44\/100\n|move|p2a: Metagross|Earthquake|p1a: Metagross\n|-supereffective|p1a: Metagross\n|-damage|p1a: Metagross|0 fnt\n|faint|p1a: Metagross\n|\n|t:|1659112663\n|switch|p1a: Magneton|Magneton|100\/100\n|\n|-heal|p2a: Metagross|50\/100|[from] item: Leftovers\n|upkeep\n|turn|10\n|\n|t:|1659112671\n|move|p2a: Metagross|Protect|p2a: Metagross\n|-singleturn|p2a: Metagross|Protect\n|move|p1a: Magneton|Thunderbolt|p2a: Metagross\n|-activate|p2a: Metagross|Protect\n|\n|-heal|p2a: Metagross|57\/100|[from] item: Leftovers\n|upkeep\n|turn|11\n|inactive|Raph369 has 270 seconds left.\n|inactive|Yves Stone has 270 seconds left.\n|\n|t:|1659112729\n|move|p1a: Magneton|Thunderbolt|p2a: Metagross\n|-damage|p2a: Metagross|0 fnt\n|faint|p2a: Metagross\n|inactive|Yves Stone has 240 seconds left.\n|\n|t:|1659112747\n|switch|p2a: Tyranitar|Tyranitar, M|100\/100\n|-weather|Sandstorm|[from] ability: Sand Stream|[of] p2a: Tyranitar\n|\n|-weather|Sandstorm|[upkeep]\n|upkeep\n|turn|12\n|inactive|Yves Stone has 240 seconds left.\n|\n|t:|1659112766\n|move|p2a: Tyranitar|Earthquake|p1a: Magneton\n|-supereffective|p1a: Magneton\n|-damage|p1a: Magneton|0 fnt\n|faint|p1a: Magneton\n|\n|t:|1659112777\n|switch|p1a: Gyarados|Gyarados, M|58\/100\n|-ability|p1a: Gyarados|Intimidate|boost\n|-unboost|p2a: Tyranitar|atk|1\n|\n|-weather|Sandstorm|[upkeep]\n|-damage|p1a: Gyarados|52\/100|[from] Sandstorm\n|-heal|p1a: Gyarados|58\/100|[from] item: Leftovers\n|upkeep\n|turn|13\n|inactive|Yves Stone has 240 seconds left.\n|\n|t:|1659112784\n|switch|p1a: Milotic|Milotic, M|55\/100\n|move|p2a: Tyranitar|Rock Slide|p1a: Milotic\n|-damage|p1a: Milotic|37\/100\n|\n|-weather|Sandstorm|[upkeep]\n|-damage|p1a: Milotic|31\/100|[from] Sandstorm\n|-heal|p1a: Milotic|37\/100|[from] item: Leftovers\n|upkeep\n|turn|14\n|inactive|Yves Stone has 240 seconds left.\n|\n|t:|1659112804\n|switch|p2a: Heracross|Heracross, M|3\/100 tox\n|move|p1a: Milotic|Recover|p1a: Milotic\n|-heal|p1a: Milotic|87\/100\n|\n|-weather|Sandstorm|[upkeep]\n|-damage|p2a: Heracross|0 fnt|[from] Sandstorm\n|-damage|p1a: Milotic|81\/100|[from] Sandstorm\n|faint|p2a: Heracross\n|-heal|p1a: Milotic|87\/100|[from] item: Leftovers\n|upkeep\n|\n|t:|1659112815\n|switch|p2a: Suicune|Suicune|100\/100\n|turn|15\n|\n|t:|1659112823\n|switch|p1a: Snorlax|Snorlax, F|100\/100\n|move|p2a: Suicune|Substitute|p2a: Suicune\n|-start|p2a: Suicune|Substitute\n|-damage|p2a: Suicune|75\/100\n|\n|-weather|Sandstorm|[upkeep]\n|-damage|p2a: Suicune|69\/100|[from] Sandstorm\n|-damage|p1a: Snorlax|94\/100|[from] Sandstorm\n|-heal|p2a: Suicune|75\/100|[from] item: Leftovers\n|-heal|p1a: Snorlax|100\/100|[from] item: Leftovers\n|upkeep\n|turn|16\n|inactive|Yves Stone has 240 seconds left.\n|\n|t:|1659112829\n|move|p2a: Suicune|Surf|p1a: Snorlax\n|-damage|p1a: Snorlax|81\/100\n|move|p1a: Snorlax|Body Slam|p2a: Suicune\n|-end|p2a: Suicune|Substitute\n|\n|-weather|Sandstorm|[upkeep]\n|-damage|p2a: Suicune|69\/100|[from] Sandstorm\n|-damage|p1a: Snorlax|75\/100|[from] Sandstorm\n|-heal|p2a: Suicune|75\/100|[from] item: Leftovers\n|-heal|p1a: Snorlax|81\/100|[from] item: Leftovers\n|upkeep\n|turn|17\n|\n|t:|1659112834\n|-singleturn|p1a: Snorlax|move: Focus Punch\n|switch|p2a: Porygon2|Porygon2|100\/100\n|-ability|p2a: Porygon2|Immunity|[from] ability: Trace|[of] p1a: Snorlax\n|move|p1a: Snorlax|Focus Punch|p2a: Porygon2\n|-supereffective|p2a: Porygon2\n|-damage|p2a: Porygon2|30\/100\n|\n|-weather|Sandstorm|[upkeep]\n|-damage|p2a: Porygon2|24\/100|[from] Sandstorm\n|-damage|p1a: Snorlax|75\/100|[from] Sandstorm\n|-heal|p2a: Porygon2|30\/100|[from] item: Leftovers\n|-heal|p1a: Snorlax|81\/100|[from] item: Leftovers\n|upkeep\n|turn|18\n|inactive|Raph369 has 270 seconds left.\n|\n|t:|1659112867\n|move|p2a: Porygon2|Thunder Wave|p1a: Snorlax\n|-status|p1a: Snorlax|par\n|move|p1a: Snorlax|Body Slam|p2a: Porygon2\n|-damage|p2a: Porygon2|2\/100\n|\n|-weather|Sandstorm|[upkeep]\n|-damage|p2a: Porygon2|0 fnt|[from] Sandstorm\n|-damage|p1a: Snorlax|75\/100 par|[from] Sandstorm\n|faint|p2a: Porygon2\n|-heal|p1a: Snorlax|81\/100 par|[from] item: Leftovers\n|upkeep\n|\n|t:|1659112875\n|switch|p2a: Tyranitar|Tyranitar, M|100\/100\n|turn|19\n|inactive|Raph369 has 270 seconds left.\n|inactive|Raph369 has 240 seconds left.\n|\n|t:|1659112922\n|switch|p1a: Milotic|Milotic, M|87\/100\n|move|p2a: Tyranitar|Rock Slide|p1a: Milotic\n|-damage|p1a: Milotic|60\/100\n|\n|-weather|Sandstorm|[upkeep]\n|-damage|p1a: Milotic|54\/100|[from] Sandstorm\n|-heal|p1a: Milotic|60\/100|[from] item: Leftovers\n|upkeep\n|turn|20\n|j| thekingkarp\n|\n|t:|1659112937\n|switch|p2a: Suicune|Suicune|75\/100\n|move|p1a: Milotic|Recover|p1a: Milotic\n|-heal|p1a: Milotic|100\/100\n|\n|-weather|Sandstorm|[upkeep]\n|-damage|p2a: Suicune|69\/100|[from] Sandstorm\n|-damage|p1a: Milotic|94\/100|[from] Sandstorm\n|-heal|p2a: Suicune|75\/100|[from] item: Leftovers\n|-heal|p1a: Milotic|100\/100|[from] item: Leftovers\n|upkeep\n|turn|21\n|\n|t:|1659112950\n|switch|p1a: Snorlax|Snorlax, F|81\/100 par\n|move|p2a: Suicune|Ice Beam|p1a: Snorlax\n|-damage|p1a: Snorlax|66\/100 par\n|\n|-weather|Sandstorm|[upkeep]\n|-damage|p2a: Suicune|69\/100|[from] Sandstorm\n|-damage|p1a: Snorlax|60\/100 par|[from] Sandstorm\n|-heal|p2a: Suicune|75\/100|[from] item: Leftovers\n|-heal|p1a: Snorlax|66\/100 par|[from] item: Leftovers\n|upkeep\n|turn|22\n|\n|t:|1659112962\n|move|p2a: Suicune|Surf|p1a: Snorlax\n|-damage|p1a: Snorlax|45\/100 par\n|move|p1a: Snorlax|Body Slam|p2a: Suicune\n|-damage|p2a: Suicune|45\/100\n|-status|p2a: Suicune|par\n|\n|-weather|Sandstorm|[upkeep]\n|-damage|p2a: Suicune|38\/100 par|[from] Sandstorm\n|-damage|p1a: Snorlax|39\/100 par|[from] Sandstorm\n|-heal|p2a: Suicune|45\/100 par|[from] item: Leftovers\n|-heal|p1a: Snorlax|45\/100 par|[from] item: Leftovers\n|upkeep\n|turn|23\n|inactive|Raph369 has 270 seconds left.\n|\n|t:|1659112976\n|cant|p2a: Suicune|par\n|cant|p1a: Snorlax|par\n|\n|-weather|Sandstorm|[upkeep]\n|-damage|p2a: Suicune|38\/100 par|[from] Sandstorm\n|-damage|p1a: Snorlax|39\/100 par|[from] Sandstorm\n|-heal|p2a: Suicune|45\/100 par|[from] item: Leftovers\n|-heal|p1a: Snorlax|45\/100 par|[from] item: Leftovers\n|upkeep\n|turn|24\n|\n|t:|1659112980\n|cant|p2a: Suicune|par\n|move|p1a: Snorlax|Self-Destruct|p2a: Suicune\n|-damage|p2a: Suicune|0 fnt\n|faint|p1a: Snorlax\n|faint|p2a: Suicune\n|j| highest in t room\n|inactive|Yves Stone has 270 seconds left.\n|\n|t:|1659113016\n|switch|p2a: Celebi|Celebi|100\/100\n|switch|p1a: Gyarados|Gyarados, M|58\/100\n|-ability|p1a: Gyarados|Intimidate|boost\n|-unboost|p2a: Celebi|atk|1\n|\n|-weather|Sandstorm|[upkeep]\n|-damage|p2a: Celebi|94\/100|[from] Sandstorm\n|-damage|p1a: Gyarados|52\/100|[from] Sandstorm\n|-heal|p2a: Celebi|100\/100|[from] item: Leftovers\n|-heal|p1a: Gyarados|58\/100|[from] item: Leftovers\n|upkeep\n|turn|25\n|\n|t:|1659113028\n|switch|p2a: Tyranitar|Tyranitar, M|100\/100\n|move|p1a: Gyarados|Hidden Power|p2a: Tyranitar\n|-resisted|p2a: Tyranitar\n|-damage|p2a: Tyranitar|83\/100\n|\n|-weather|Sandstorm|[upkeep]\n|-damage|p1a: Gyarados|52\/100|[from] Sandstorm\n|-heal|p1a: Gyarados|58\/100|[from] item: Leftovers\n|upkeep\n|turn|26\n|\n|t:|1659113039\n|switch|p1a: Milotic|Milotic, M|100\/100\n|move|p2a: Tyranitar|Dragon Dance|p2a: Tyranitar\n|-boost|p2a: Tyranitar|atk|1\n|-boost|p2a: Tyranitar|spe|1\n|\n|-weather|Sandstorm|[upkeep]\n|-damage|p1a: Milotic|94\/100|[from] Sandstorm\n|-heal|p1a: Milotic|100\/100|[from] item: Leftovers\n|upkeep\n|turn|27\n|\n|t:|1659113047\n|move|p2a: Tyranitar|Rock Slide|p1a: Milotic|[miss]\n|-miss|p2a: Tyranitar|p1a: Milotic\n|move|p1a: Milotic|Surf|p2a: Tyranitar\n|-supereffective|p2a: Tyranitar\n|-damage|p2a: Tyranitar|11\/100\n|\n|-weather|Sandstorm|[upkeep]\n|-damage|p1a: Milotic|94\/100|[from] Sandstorm\n|-heal|p1a: Milotic|100\/100|[from] item: Leftovers\n|upkeep\n|turn|28\n|c|\u2606Raph369|d\u00e9so\n|\n|t:|1659113052\n|move|p2a: Tyranitar|Earthquake|p1a: Milotic\n|-damage|p1a: Milotic|64\/100\n|move|p1a: Milotic|Surf|p2a: Tyranitar\n|-supereffective|p2a: Tyranitar\n|-damage|p2a: Tyranitar|0 fnt\n|faint|p2a: Tyranitar\n|\n|t:|1659113057\n|switch|p2a: Celebi|Celebi|100\/100\n|\n|-weather|Sandstorm|[upkeep]\n|-damage|p2a: Celebi|94\/100|[from] Sandstorm\n|-damage|p1a: Milotic|58\/100|[from] Sandstorm\n|-heal|p2a: Celebi|100\/100|[from] item: Leftovers\n|-heal|p1a: Milotic|64\/100|[from] item: Leftovers\n|upkeep\n|turn|29\n|inactive|Yves Stone has 270 seconds left.\n|c| highest in t room|Lamba minha pica ralph\n|\n|t:|1659113084\n|move|p2a: Celebi|Calm Mind|p2a: Celebi\n|-boost|p2a: Celebi|spa|1\n|-boost|p2a: Celebi|spd|1\n|move|p1a: Milotic|Toxic|p2a: Celebi\n|-status|p2a: Celebi|tox\n|\n|-weather|Sandstorm|[upkeep]\n|-damage|p2a: Celebi|94\/100 tox|[from] Sandstorm\n|-damage|p1a: Milotic|58\/100|[from] Sandstorm\n|-heal|p2a: Celebi|100\/100 tox|[from] item: Leftovers\n|-damage|p2a: Celebi|94\/100 tox|[from] psn\n|-heal|p1a: Milotic|64\/100|[from] item: Leftovers\n|upkeep\n|turn|30\n|\n|t:|1659113092\n|move|p2a: Celebi|Giga Drain|p1a: Milotic\n|-supereffective|p1a: Milotic\n|-damage|p1a: Milotic|9\/100\n|-heal|p2a: Celebi|100\/100 tox|[from] drain|[of] p1a: Milotic\n|move|p1a: Milotic|Recover|p1a: Milotic\n|-heal|p1a: Milotic|59\/100\n|\n|-weather|Sandstorm|[upkeep]\n|-damage|p2a: Celebi|94\/100 tox|[from] Sandstorm\n|-damage|p1a: Milotic|53\/100|[from] Sandstorm\n|-heal|p2a: Celebi|100\/100 tox|[from] item: Leftovers\n|-damage|p2a: Celebi|88\/100 tox|[from] psn\n|-heal|p1a: Milotic|59\/100|[from] item: Leftovers\n|upkeep\n|turn|31\n|\n|t:|1659113101\n|switch|p1a: Celebi|Celebi|100\/100\n|move|p2a: Celebi|Giga Drain|p1a: Celebi\n|-resisted|p1a: Celebi\n|-damage|p1a: Celebi|85\/100\n|-heal|p2a: Celebi|97\/100 tox|[from] drain|[of] p1a: Celebi\n|\n|-weather|Sandstorm|[upkeep]\n|-damage|p2a: Celebi|91\/100 tox|[from] Sandstorm\n|-damage|p1a: Celebi|78\/100|[from] Sandstorm\n|-heal|p2a: Celebi|97\/100 tox|[from] item: Leftovers\n|-damage|p2a: Celebi|79\/100 tox|[from] psn\n|-heal|p1a: Celebi|85\/100|[from] item: Leftovers\n|upkeep\n|turn|32\n|inactive|Yves Stone has 270 seconds left.\n|\n|t:|1659113108\n|switch|p1a: Milotic|Milotic, M|59\/100\n|move|p2a: Celebi|Calm Mind|p2a: Celebi\n|-boost|p2a: Celebi|spa|1\n|-boost|p2a: Celebi|spd|1\n|\n|-weather|Sandstorm|[upkeep]\n|-damage|p2a: Celebi|73\/100 tox|[from] Sandstorm\n|-damage|p1a: Milotic|53\/100|[from] Sandstorm\n|-heal|p2a: Celebi|79\/100 tox|[from] item: Leftovers\n|-damage|p2a: Celebi|54\/100 tox|[from] psn\n|-heal|p1a: Milotic|59\/100|[from] item: Leftovers\n|upkeep\n|turn|33\n|j| LT91BBYoruVelaNoxx\n|\n|t:|1659113117\n|move|p2a: Celebi|Giga Drain|p1a: Milotic\n|-supereffective|p1a: Milotic\n|-damage|p1a: Milotic|0 fnt\n|-heal|p2a: Celebi|86\/100 tox|[from] drain|[of] p1a: Milotic\n|faint|p1a: Milotic\n|\n|t:|1659113118\n|switch|p1a: Celebi|Celebi|85\/100\n|\n|-weather|Sandstorm|[upkeep]\n|-damage|p2a: Celebi|80\/100 tox|[from] Sandstorm\n|-damage|p1a: Celebi|78\/100|[from] Sandstorm\n|-heal|p2a: Celebi|86\/100 tox|[from] item: Leftovers\n|-damage|p2a: Celebi|56\/100 tox|[from] psn\n|-heal|p1a: Celebi|85\/100|[from] item: Leftovers\n|upkeep\n|turn|34\n|l| LT91BBYoruVelaNoxx\n|\n|t:|1659113126\n|switch|p1a: Gyarados|Gyarados, M|58\/100\n|-ability|p1a: Gyarados|Intimidate|boost\n|-unboost|p2a: Celebi|atk|1\n|move|p2a: Celebi|Hidden Power|p1a: Gyarados\n|-resisted|p1a: Gyarados\n|-damage|p1a: Gyarados|37\/100\n|\n|-weather|Sandstorm|[upkeep]\n|-damage|p2a: Celebi|50\/100 tox|[from] Sandstorm\n|-damage|p1a: Gyarados|31\/100|[from] Sandstorm\n|-heal|p2a: Celebi|56\/100 tox|[from] item: Leftovers\n|-damage|p2a: Celebi|19\/100 tox|[from] psn\n|-heal|p1a: Gyarados|37\/100|[from] item: Leftovers\n|upkeep\n|turn|35\n|j| LT91BBYoruVelaNoxx\n|\n|t:|1659113132\n|move|p2a: Celebi|Giga Drain|p1a: Gyarados\n|-damage|p1a: Gyarados|0 fnt\n|-heal|p2a: Celebi|37\/100 tox|[from] drain|[of] p1a: Gyarados\n|faint|p1a: Gyarados\n|\n|t:|1659113135\n|switch|p1a: Celebi|Celebi|85\/100\n|\n|-weather|Sandstorm|[upkeep]\n|-damage|p2a: Celebi|30\/100 tox|[from] Sandstorm\n|-damage|p1a: Celebi|78\/100|[from] Sandstorm\n|-heal|p2a: Celebi|37\/100 tox|[from] item: Leftovers\n|-damage|p2a: Celebi|0 fnt|[from] psn\n|faint|p2a: Celebi\n|\n|win|Raph369\n|upkeep\n|c|\u2606Raph369|gg\n|l| LT91BBYoruVelaNoxx\n","uploadtime":1659113149,"views":41,"p1id":"raph369","p2id":"yvesstone","formatid":"gen3ou","rating":0,"private":0,"password":null}