{"id":"gen3ou-1699608127","p1":"j_albacino023","p2":"kanyes burner acct","format":"gen3ou","log":"|j|\u2606j_albacino023\n|j|\u2606kanyes burner acct\n|t:|1667250197\n|gametype|singles\n|player|p1|j_albacino023|101|\n|player|p2|kanyes burner acct|lusamine-nihilego|\n|teamsize|p1|6\n|teamsize|p2|6\n|gen|3\n|tier|[Gen 3] OU\n|rated|Tournament battle\n|rule|Sleep Clause Mod: Limit one foe put to sleep\n|rule|Switch Priority Clause Mod: Faster Pok\u00e9mon switch first\n|rule|Species Clause: Limit one of each Pok\u00e9mon\n|rule|OHKO Clause: OHKO moves are banned\n|rule|Evasion Items Clause: Evasion items are banned\n|rule|Evasion Moves Clause: Evasion moves are banned\n|rule|Endless Battle Clause: Forcing endless battles is banned\n|rule|HP Percentage Mod: HP is shown in percentages\n|rule|One Boost Passer Clause: Limit one Baton Passer that has a way to boost its stats\n|rule|Freeze Clause Mod: Limit one foe frozen\n|\n|t:|1667250197\n|start\n|switch|p1a: Skarmory|Skarmory, M|100\/100\n|switch|p2a: Walt Disney|Suicune|100\/100\n|turn|1\n|j| BB-8-NU\n|j| a quylthulg\n|c|\u2606kanyes burner acct|gl hf king\n|\n|t:|1667250217\n|switch|p2a: Maya Angelou|Magneton|100\/100\n|move|p1a: Skarmory|Spikes|p2a: Maya Angelou\n|-sidestart|p2: kanyes burner acct|Spikes\n|\n|upkeep\n|turn|2\n|\n|t:|1667250223\n|move|p2a: Maya Angelou|Thunderbolt|p1a: Skarmory\n|-supereffective|p1a: Skarmory\n|-damage|p1a: Skarmory|8\/100\n|move|p1a: Skarmory|Roar|p2a: Maya Angelou\n|drag|p2a: Steve Jobs|Salamence, M|100\/100\n|-ability|p2a: Steve Jobs|Intimidate|boost\n|-unboost|p1a: Skarmory|atk|1\n|\n|-heal|p1a: Skarmory|14\/100|[from] item: Leftovers\n|upkeep\n|turn|3\n|\n|t:|1667250228\n|switch|p1a: Flygon|Flygon, M|100\/100\n|move|p2a: Steve Jobs|Dragon Claw|p1a: Flygon\n|-supereffective|p1a: Flygon\n|-damage|p1a: Flygon|7\/100\n|\n|-heal|p1a: Flygon|13\/100|[from] item: Leftovers\n|upkeep\n|turn|4\n|\n|t:|1667250232\n|switch|p1a: Zapdos|Zapdos|100\/100\n|move|p2a: Steve Jobs|Dragon Claw|p1a: Zapdos\n|-damage|p1a: Zapdos|69\/100\n|\n|-heal|p1a: Zapdos|76\/100|[from] item: Leftovers\n|upkeep\n|turn|5\n|\n|t:|1667250235\n|switch|p2a: Gandhi|Snorlax, M|100\/100\n|-damage|p2a: Gandhi|88\/100|[from] Spikes\n|move|p1a: Zapdos|Roar|p2a: Gandhi\n|drag|p2a: Henry Ford|Metagross|100\/100\n|-damage|p2a: Henry Ford|88\/100|[from] Spikes\n|\n|-heal|p1a: Zapdos|82\/100|[from] item: Leftovers\n|upkeep\n|turn|6\n|\n|t:|1667250243\n|switch|p1a: Moltres|Moltres|100\/100\n|move|p2a: Henry Ford|Meteor Mash|p1a: Moltres\n|-resisted|p1a: Moltres\n|-damage|p1a: Moltres|51\/100\n|\n|-heal|p1a: Moltres|58\/100|[from] item: Leftovers\n|upkeep\n|turn|7\n|\n|t:|1667250246\n|switch|p2a: Gandhi|Snorlax, M|88\/100\n|-damage|p2a: Gandhi|76\/100|[from] Spikes\n|move|p1a: Moltres|Will-O-Wisp|p2a: Gandhi\n|-status|p2a: Gandhi|brn\n|\n|-heal|p1a: Moltres|64\/100|[from] item: Leftovers\n|-heal|p2a: Gandhi|82\/100 brn|[from] item: Leftovers\n|-damage|p2a: Gandhi|69\/100 brn|[from] brn\n|upkeep\n|turn|8\n|\n|t:|1667250251\n|switch|p1a: Misdreavus|Misdreavus, F|100\/100\n|move|p2a: Gandhi|Self-Destruct|p1a: Misdreavus\n|-immune|p1a: Misdreavus\n|faint|p2a: Gandhi\n|\n|t:|1667250253\n|switch|p2a: Maya Angelou|Magneton|100\/100\n|-damage|p2a: Maya Angelou|88\/100|[from] Spikes\n|\n|upkeep\n|turn|9\n|\n|t:|1667250256\n|switch|p1a: Blissey|Blissey, F|100\/100\n|move|p2a: Maya Angelou|Hidden Power|p1a: Blissey\n|-damage|p1a: Blissey|91\/100\n|\n|-heal|p1a: Blissey|97\/100|[from] item: Leftovers\n|upkeep\n|turn|10\n|\n|t:|1667250259\n|move|p2a: Maya Angelou|Thunder Wave|p1a: Blissey\n|-status|p1a: Blissey|par\n|cant|p1a: Blissey|par\n|\n|-heal|p1a: Blissey|100\/100 par|[from] item: Leftovers\n|upkeep\n|turn|11\n|\n|t:|1667250265\n|switch|p2a: Henry Ford|Metagross|88\/100\n|-damage|p2a: Henry Ford|76\/100|[from] Spikes\n|move|p1a: Blissey|Seismic Toss|p2a: Henry Ford\n|-damage|p2a: Henry Ford|45\/100\n|\n|upkeep\n|turn|12\n|\n|t:|1667250273\n|-curestatus|p1a: Blissey|par|[from] ability: Natural Cure\n|switch|p1a: Skarmory|Skarmory, M|14\/100\n|move|p2a: Henry Ford|Meteor Mash|p1a: Skarmory\n|-resisted|p1a: Skarmory\n|-damage|p1a: Skarmory|0 fnt\n|faint|p1a: Skarmory\n|\n|t:|1667250277\n|switch|p1a: Moltres|Moltres|64\/100\n|\n|-heal|p1a: Moltres|70\/100|[from] item: Leftovers\n|upkeep\n|turn|13\n|\n|t:|1667250281\n|switch|p2a: Walt Disney|Suicune|100\/100\n|-damage|p2a: Walt Disney|88\/100|[from] Spikes\n|move|p1a: Moltres|Will-O-Wisp|p2a: Walt Disney\n|-status|p2a: Walt Disney|brn\n|\n|-heal|p1a: Moltres|76\/100|[from] item: Leftovers\n|-heal|p2a: Walt Disney|94\/100 brn|[from] item: Leftovers\n|-damage|p2a: Walt Disney|82\/100 brn|[from] brn\n|upkeep\n|turn|14\n|\n|t:|1667250284\n|switch|p1a: Blissey|Blissey, F|100\/100\n|move|p2a: Walt Disney|Roar|p1a: Blissey\n|drag|p1a: Misdreavus|Misdreavus, F|100\/100\n|\n|-heal|p2a: Walt Disney|88\/100 brn|[from] item: Leftovers\n|-damage|p2a: Walt Disney|76\/100 brn|[from] brn\n|upkeep\n|turn|15\n|\n|t:|1667250289\n|switch|p1a: Blissey|Blissey, F|100\/100\n|move|p2a: Walt Disney|Hydro Pump|p1a: Blissey\n|-damage|p1a: Blissey|79\/100\n|\n|-heal|p2a: Walt Disney|82\/100 brn|[from] item: Leftovers\n|-damage|p2a: Walt Disney|69\/100 brn|[from] brn\n|-heal|p1a: Blissey|85\/100|[from] item: Leftovers\n|upkeep\n|turn|16\n|\n|t:|1667250291\n|move|p2a: Walt Disney|Hydro Pump|p1a: Blissey\n|-damage|p1a: Blissey|65\/100\n|move|p1a: Blissey|Seismic Toss|p2a: Walt Disney\n|-damage|p2a: Walt Disney|42\/100 brn\n|\n|-heal|p2a: Walt Disney|48\/100 brn|[from] item: Leftovers\n|-damage|p2a: Walt Disney|36\/100 brn|[from] brn\n|-heal|p1a: Blissey|71\/100|[from] item: Leftovers\n|upkeep\n|turn|17\n|\n|t:|1667250293\n|move|p2a: Walt Disney|Hydro Pump|p1a: Blissey\n|-damage|p1a: Blissey|50\/100\n|move|p1a: Blissey|Soft-Boiled|p1a: Blissey\n|-heal|p1a: Blissey|99\/100\n|\n|-heal|p2a: Walt Disney|42\/100 brn|[from] item: Leftovers\n|-damage|p2a: Walt Disney|29\/100 brn|[from] brn\n|-heal|p1a: Blissey|100\/100|[from] item: Leftovers\n|upkeep\n|turn|18\n|\n|t:|1667250295\n|move|p2a: Walt Disney|Hydro Pump|p1a: Blissey\n|-damage|p1a: Blissey|77\/100\n|move|p1a: Blissey|Seismic Toss|p2a: Walt Disney\n|-damage|p2a: Walt Disney|2\/100 brn\n|\n|-heal|p2a: Walt Disney|8\/100 brn|[from] item: Leftovers\n|-damage|p2a: Walt Disney|0 fnt|[from] brn\n|faint|p2a: Walt Disney\n|-heal|p1a: Blissey|83\/100|[from] item: Leftovers\n|upkeep\n|\n|t:|1667250297\n|switch|p2a: Kanye|Heracross, M|100\/100\n|-damage|p2a: Kanye|88\/100|[from] Spikes\n|turn|19\n|j| New Pigeon\n|c| New Pigeon|go kanye\n|c|\u2606kanyes burner acct|:)\n|c|\u2606j_albacino023|o no\n|c|\u2606j_albacino023|danger\n|\n|t:|1667250321\n|switch|p1a: Misdreavus|Misdreavus, F|100\/100\n|move|p2a: Kanye|Substitute|p2a: Kanye\n|-start|p2a: Kanye|Substitute\n|-damage|p2a: Kanye|63\/100\n|\n|upkeep\n|turn|20\n|\n|t:|1667250325\n|move|p2a: Kanye|Swords Dance|p2a: Kanye\n|-boost|p2a: Kanye|atk|2\n|move|p1a: Misdreavus|Perish Song|p1a: Misdreavus\n|-start|p1a: Misdreavus|perish3|[silent]\n|-start|p2a: Kanye|perish3|[silent]\n|-fieldactivate|move: Perish Song\n|\n|-start|p2a: Kanye|perish3\n|-start|p1a: Misdreavus|perish3\n|upkeep\n|turn|21\n|\n|t:|1667250329\n|move|p2a: Kanye|Rock Slide|p1a: Misdreavus\n|-damage|p1a: Misdreavus|10\/100\n|move|p1a: Misdreavus|Thunderbolt|p2a: Kanye\n|-activate|p2a: Kanye|Substitute|[damage]\n|\n|-heal|p1a: Misdreavus|16\/100|[from] item: Leftovers\n|-start|p2a: Kanye|perish2\n|-start|p1a: Misdreavus|perish2\n|upkeep\n|turn|22\n|\n|t:|1667250335\n|move|p2a: Kanye|Megahorn|p1a: Misdreavus\n|-resisted|p1a: Misdreavus\n|-damage|p1a: Misdreavus|0 fnt\n|faint|p1a: Misdreavus\n|\n|t:|1667250347\n|switch|p1a: Zapdos|Zapdos|82\/100\n|\n|-heal|p1a: Zapdos|88\/100|[from] item: Leftovers\n|-start|p2a: Kanye|perish1\n|upkeep\n|turn|23\n|\n|t:|1667250352\n|switch|p2a: Maya Angelou|Magneton|88\/100\n|-damage|p2a: Maya Angelou|76\/100|[from] Spikes\n|move|p1a: Zapdos|Thunderbolt|p2a: Maya Angelou\n|-resisted|p2a: Maya Angelou\n|-damage|p2a: Maya Angelou|41\/100\n|\n|-heal|p1a: Zapdos|94\/100|[from] item: Leftovers\n|upkeep\n|turn|24\n|\n|t:|1667250356\n|move|p2a: Maya Angelou|Thunder Wave|p1a: Zapdos\n|-status|p1a: Zapdos|par\n|move|p1a: Zapdos|Thunderbolt|p2a: Maya Angelou\n|-resisted|p2a: Maya Angelou\n|-damage|p2a: Maya Angelou|7\/100\n|\n|-heal|p1a: Zapdos|99\/100 par|[from] item: Leftovers\n|upkeep\n|turn|25\n|\n|t:|1667250361\n|move|p2a: Maya Angelou|Thunder Wave|p1a: Zapdos\n|-fail|p1a: Zapdos|par\n|move|p1a: Zapdos|Rest|p1a: Zapdos\n|-status|p1a: Zapdos|slp|[from] move: Rest\n|-heal|p1a: Zapdos|100\/100 slp|[silent]\n|\n|upkeep\n|turn|26\n|\n|t:|1667250364\n|switch|p1a: Blissey|Blissey, F|83\/100\n|move|p2a: Maya Angelou|Hidden Power|p1a: Blissey\n|-damage|p1a: Blissey|74\/100\n|\n|-heal|p1a: Blissey|80\/100|[from] item: Leftovers\n|upkeep\n|turn|27\n|\n|t:|1667250368\n|move|p2a: Maya Angelou|Thunder Wave|p1a: Blissey\n|-status|p1a: Blissey|par\n|move|p1a: Blissey|Aromatherapy|p1a: Blissey\n|-cureteam|p1a: Blissey|[from] move: Aromatherapy\n|\n|-heal|p1a: Blissey|87\/100|[from] item: Leftovers\n|upkeep\n|turn|28\n|\n|t:|1667250371\n|switch|p1a: Flygon|Flygon, M|13\/100\n|move|p2a: Maya Angelou|Thunder Wave|p1a: Flygon\n|-immune|p1a: Flygon\n|\n|-heal|p1a: Flygon|20\/100|[from] item: Leftovers\n|upkeep\n|turn|29\n|\n|t:|1667250374\n|switch|p2a: Steve Jobs|Salamence, M|100\/100\n|-ability|p2a: Steve Jobs|Intimidate|boost\n|-unboost|p1a: Flygon|atk|1\n|move|p1a: Flygon|Protect||[still]\n|-fail|p1a: Flygon\n|\n|-heal|p1a: Flygon|26\/100|[from] item: Leftovers\n|upkeep\n|turn|30\n|\n|t:|1667250376\n|switch|p1a: Zapdos|Zapdos|100\/100\n|move|p2a: Steve Jobs|Dragon Claw|p1a: Zapdos\n|-damage|p1a: Zapdos|73\/100\n|\n|-heal|p1a: Zapdos|79\/100|[from] item: Leftovers\n|upkeep\n|turn|31\n|\n|t:|1667250396\n|move|p2a: Steve Jobs|Dragon Claw|p1a: Zapdos\n|-damage|p1a: Zapdos|49\/100\n|move|p1a: Zapdos|Thunderbolt|p2a: Steve Jobs\n|-damage|p2a: Steve Jobs|44\/100\n|\n|-heal|p2a: Steve Jobs|50\/100|[from] item: Leftovers\n|-heal|p1a: Zapdos|55\/100|[from] item: Leftovers\n|upkeep\n|turn|32\n|\n|t:|1667250404\n|move|p2a: Steve Jobs|Dragon Claw|p1a: Zapdos\n|-damage|p1a: Zapdos|28\/100\n|move|p1a: Zapdos|Rest|p1a: Zapdos\n|-status|p1a: Zapdos|slp|[from] move: Rest\n|-heal|p1a: Zapdos|100\/100 slp|[silent]\n|\n|-heal|p2a: Steve Jobs|56\/100|[from] item: Leftovers\n|upkeep\n|turn|33\n|\n|t:|1667250410\n|move|p2a: Steve Jobs|Brick Break|p1a: Zapdos\n|-resisted|p1a: Zapdos\n|-damage|p1a: Zapdos|89\/100 slp\n|cant|p1a: Zapdos|slp\n|move|p1a: Zapdos|Sleep Talk|p1a: Zapdos\n|move|p1a: Zapdos|Roar|p2a: Steve Jobs|[from]Sleep Talk\n|drag|p2a: Henry Ford|Metagross|45\/100\n|-damage|p2a: Henry Ford|32\/100|[from] Spikes\n|\n|-heal|p1a: Zapdos|95\/100 slp|[from] item: Leftovers\n|upkeep\n|turn|34\n|\n|t:|1667250419\n|switch|p1a: Flygon|Flygon, M|26\/100\n|switch|p2a: Maya Angelou|Magneton|7\/100\n|-damage|p2a: Maya Angelou|0 fnt|[from] Spikes\n|faint|p2a: Maya Angelou\n|\n|t:|1667250430\n|switch|p2a: Kanye|Heracross, M|63\/100\n|-damage|p2a: Kanye|51\/100|[from] Spikes\n|\n|-heal|p1a: Flygon|32\/100|[from] item: Leftovers\n|upkeep\n|turn|35\n|\n|t:|1667250438\n|switch|p2a: Steve Jobs|Salamence, M|56\/100\n|-ability|p2a: Steve Jobs|Intimidate|boost\n|-unboost|p1a: Flygon|atk|1\n|move|p1a: Flygon|Earthquake|p2a: Steve Jobs\n|-immune|p2a: Steve Jobs\n|\n|-heal|p2a: Steve Jobs|62\/100|[from] item: Leftovers\n|-heal|p1a: Flygon|38\/100|[from] item: Leftovers\n|upkeep\n|turn|36\n|\n|t:|1667250445\n|switch|p1a: Zapdos|Zapdos|95\/100 slp\n|move|p2a: Steve Jobs|Brick Break|p1a: Zapdos\n|-resisted|p1a: Zapdos\n|-damage|p1a: Zapdos|84\/100 slp\n|\n|-heal|p2a: Steve Jobs|68\/100|[from] item: Leftovers\n|-heal|p1a: Zapdos|90\/100 slp|[from] item: Leftovers\n|upkeep\n|turn|37\n|\n|t:|1667250447\n|move|p2a: Steve Jobs|Dragon Claw|p1a: Zapdos\n|-damage|p1a: Zapdos|64\/100 slp\n|cant|p1a: Zapdos|slp\n|move|p1a: Zapdos|Sleep Talk|p1a: Zapdos\n|move|p1a: Zapdos|Rest|p1a: Zapdos|[from]Sleep Talk\n|\n|-heal|p2a: Steve Jobs|74\/100|[from] item: Leftovers\n|-heal|p1a: Zapdos|70\/100 slp|[from] item: Leftovers\n|upkeep\n|turn|38\n|\n|t:|1667250450\n|move|p2a: Steve Jobs|Dragon Claw|p1a: Zapdos\n|-damage|p1a: Zapdos|40\/100 slp\n|cant|p1a: Zapdos|slp\n|move|p1a: Zapdos|Sleep Talk|p1a: Zapdos\n|move|p1a: Zapdos|Rest|p1a: Zapdos|[from]Sleep Talk\n|\n|-heal|p2a: Steve Jobs|80\/100|[from] item: Leftovers\n|-heal|p1a: Zapdos|46\/100 slp|[from] item: Leftovers\n|upkeep\n|turn|39\n|\n|t:|1667250453\n|move|p2a: Steve Jobs|Dragon Claw|p1a: Zapdos\n|-damage|p1a: Zapdos|20\/100 slp\n|-curestatus|p1a: Zapdos|slp|[msg]\n|move|p1a: Zapdos|Rest|p1a: Zapdos\n|-status|p1a: Zapdos|slp|[from] move: Rest\n|-heal|p1a: Zapdos|100\/100 slp|[silent]\n|\n|-heal|p2a: Steve Jobs|86\/100|[from] item: Leftovers\n|upkeep\n|turn|40\n|\n|t:|1667250455\n|switch|p2a: Kanye|Heracross, M|51\/100\n|-damage|p2a: Kanye|38\/100|[from] Spikes\n|cant|p1a: Zapdos|slp\n|move|p1a: Zapdos|Sleep Talk|p1a: Zapdos\n|move|p1a: Zapdos|Roar|p2a: Kanye|[from]Sleep Talk\n|drag|p2a: Steve Jobs|Salamence, M|86\/100\n|-ability|p2a: Steve Jobs|Intimidate|boost\n|-unboost|p1a: Zapdos|atk|1\n|\n|-heal|p2a: Steve Jobs|92\/100|[from] item: Leftovers\n|upkeep\n|turn|41\n|\n|t:|1667250459\n|move|p2a: Steve Jobs|Dragon Claw|p1a: Zapdos\n|-damage|p1a: Zapdos|73\/100 slp\n|cant|p1a: Zapdos|slp\n|move|p1a: Zapdos|Sleep Talk|p1a: Zapdos\n|move|p1a: Zapdos|Thunderbolt|p2a: Steve Jobs|[from]Sleep Talk\n|-damage|p2a: Steve Jobs|35\/100\n|-status|p2a: Steve Jobs|par\n|\n|-heal|p1a: Zapdos|79\/100 slp|[from] item: Leftovers\n|-heal|p2a: Steve Jobs|41\/100 par|[from] item: Leftovers\n|upkeep\n|turn|42\n|\n|t:|1667250464\n|-curestatus|p1a: Zapdos|slp|[msg]\n|move|p1a: Zapdos|Thunderbolt|p2a: Steve Jobs\n|-damage|p2a: Steve Jobs|0 fnt\n|faint|p2a: Steve Jobs\n|\n|t:|1667250467\n|switch|p2a: Henry Ford|Metagross|32\/100\n|-damage|p2a: Henry Ford|20\/100|[from] Spikes\n|\n|-heal|p1a: Zapdos|85\/100|[from] item: Leftovers\n|upkeep\n|turn|43\n|l| New Pigeon\n|\n|t:|1667250486\n|move|p1a: Zapdos|Thunderbolt|p2a: Henry Ford\n|-damage|p2a: Henry Ford|0 fnt\n|faint|p2a: Henry Ford\n|\n|t:|1667250487\n|switch|p2a: Kanye|Heracross, M|38\/100\n|-damage|p2a: Kanye|26\/100|[from] Spikes\n|\n|-heal|p1a: Zapdos|91\/100|[from] item: Leftovers\n|upkeep\n|turn|44\n|c|\u2606kanyes burner acct|Wow so close\n|\n|t:|1667250495\n|move|p2a: Kanye|Substitute|p2a: Kanye\n|-start|p2a: Kanye|Substitute\n|-damage|p2a: Kanye|1\/100\n|move|p1a: Zapdos|Thunderbolt|p2a: Kanye\n|-end|p2a: Kanye|Substitute\n|\n|-enditem|p2a: Kanye|Salac Berry|[eat]\n|-boost|p2a: Kanye|spe|1|[from] item: Salac Berry\n|-heal|p1a: Zapdos|97\/100|[from] item: Leftovers\n|upkeep\n|turn|45\n|\n|t:|1667250498\n|move|p2a: Kanye|Rock Slide|p1a: Zapdos\n|-supereffective|p1a: Zapdos\n|-damage|p1a: Zapdos|40\/100\n|move|p1a: Zapdos|Thunderbolt|p2a: Kanye\n|-damage|p2a: Kanye|0 fnt\n|faint|p2a: Kanye\n|\n|win|j_albacino023\n|n|\u2606j_albacino023|jalbacino023\n|n|\u2606kanyes burner acct|kanyesburneracct\n|n| BB-8-NU|bb8nu\n|n| a quylthulg|aquylthulg\n","uploadtime":1667250499,"views":23,"p1id":"jalbacino023","p2id":"kanyesburneracct","formatid":"gen3ou","rating":0,"private":0,"password":null}