{"id":"gen3nu-1668648168","p1":"BeatsBlack","p2":"ayevon","format":"gen3nu","log":"|j|\u2606BeatsBlack\n|j|\u2606ayevon\n|t:|1663647171\n|gametype|singles\n|player|p1|BeatsBlack|skyla-masters2|\n|player|p2|ayevon|265|\n|teamsize|p1|6\n|teamsize|p2|6\n|gen|3\n|tier|[Gen 3] NU\n|rated|Tournament battle\n|rule|Sleep Clause Mod: Limit one foe put to sleep\n|rule|Switch Priority Clause Mod: Faster Pok\u00e9mon switch first\n|rule|Species Clause: Limit one of each Pok\u00e9mon\n|rule|OHKO Clause: OHKO moves are banned\n|rule|Evasion Items Clause: Evasion items are banned\n|rule|Evasion Moves Clause: Evasion moves are banned\n|rule|Endless Battle Clause: Forcing endless battles is banned\n|rule|HP Percentage Mod: HP is shown in percentages\n|\n|t:|1663647171\n|start\n|switch|p1a: Butterfree|Butterfree, M|100\/100\n|switch|p2a: Elekid|Elekid, M|100\/100\n|turn|1\n|inactive|Battle timer is ON: inactive players will automatically lose when time's up. (requested by ayevon)\n|j| bp (\u30c4)\n|c|\u2606BeatsBlack|hfhf\n|c|\u2606ayevon|hf\n|\n|t:|1663647182\n|move|p2a: Elekid|Hidden Power|p1a: Butterfree\n|-resisted|p1a: Butterfree\n|-damage|p1a: Butterfree|96\/100\n|move|p1a: Butterfree|Stun Spore|p2a: Elekid\n|-status|p2a: Elekid|par\n|\n|upkeep\n|turn|2\n|\n|t:|1663647189\n|switch|p1a: Sunflora|Sunflora, F|100\/100\n|move|p2a: Elekid|Hidden Power|p1a: Sunflora\n|-resisted|p1a: Sunflora\n|-damage|p1a: Sunflora|90\/100\n|\n|-heal|p1a: Sunflora|96\/100|[from] item: Leftovers\n|upkeep\n|turn|3\n|\n|t:|1663647194\n|switch|p2a: Dustox|Dustox, M|100\/100\n|move|p1a: Sunflora|Sunny Day|p1a: Sunflora\n|-weather|SunnyDay\n|\n|-weather|SunnyDay|[upkeep]\n|-heal|p1a: Sunflora|100\/100|[from] item: Leftovers\n|upkeep\n|turn|4\n|j| joey milktank\n|\n|t:|1663647200\n|move|p1a: Sunflora|Hidden Power|p2a: Dustox\n|-supereffective|p2a: Dustox\n|-damage|p2a: Dustox|50\/100\n|move|p2a: Dustox|Sludge Bomb|p1a: Sunflora\n|-supereffective|p1a: Sunflora\n|-damage|p1a: Sunflora|37\/100\n|\n|-weather|SunnyDay|[upkeep]\n|-heal|p1a: Sunflora|43\/100|[from] item: Leftovers\n|-heal|p2a: Dustox|56\/100|[from] item: Leftovers\n|upkeep\n|turn|5\n|\n|t:|1663647206\n|move|p1a: Sunflora|Hidden Power|p2a: Dustox\n|-supereffective|p2a: Dustox\n|-damage|p2a: Dustox|8\/100\n|move|p2a: Dustox|Sludge Bomb|p1a: Sunflora\n|-supereffective|p1a: Sunflora\n|-damage|p1a: Sunflora|0 fnt\n|faint|p1a: Sunflora\n|\n|t:|1663647212\n|switch|p1a: Butterfree|Butterfree, M|96\/100\n|\n|-weather|SunnyDay|[upkeep]\n|-heal|p2a: Dustox|14\/100|[from] item: Leftovers\n|upkeep\n|turn|6\n|\n|t:|1663647224\n|switch|p2a: Aipom|Aipom, M|100\/100\n|move|p1a: Butterfree|Psychic|p2a: Aipom\n|-damage|p2a: Aipom|65\/100\n|\n|-weather|SunnyDay|[upkeep]\n|upkeep\n|turn|7\n|\n|t:|1663647231\n|switch|p1a: Nosepass|Nosepass, M|100\/100\n|move|p2a: Aipom|Double-Edge|p1a: Nosepass\n|-resisted|p1a: Nosepass\n|-damage|p1a: Nosepass|79\/100\n|-damage|p2a: Aipom|58\/100|[from] Recoil|[of] p1a: Nosepass\n|\n|-weather|none\n|-heal|p1a: Nosepass|85\/100|[from] item: Leftovers\n|upkeep\n|turn|8\n|\n|t:|1663647237\n|switch|p2a: Rhyhorn|Rhyhorn, F|100\/100\n|move|p1a: Nosepass|Earthquake|p2a: Rhyhorn\n|-supereffective|p2a: Rhyhorn\n|-damage|p2a: Rhyhorn|78\/100\n|\n|-heal|p1a: Nosepass|91\/100|[from] item: Leftovers\n|-heal|p2a: Rhyhorn|84\/100|[from] item: Leftovers\n|upkeep\n|turn|9\n|c|\u2606BeatsBlack|22\n|c|\u2606BeatsBlack|yo\n|\n|t:|1663647244\n|switch|p1a: Butterfree|Butterfree, M|96\/100\n|move|p2a: Rhyhorn|Toxic|p1a: Butterfree\n|-status|p1a: Butterfree|tox\n|-enditem|p1a: Butterfree|Lum Berry|[eat]\n|-curestatus|p1a: Butterfree|tox|[msg]\n|\n|-heal|p2a: Rhyhorn|90\/100|[from] item: Leftovers\n|upkeep\n|turn|10\n|\n|t:|1663647254\n|switch|p2a: Elekid|Elekid, M|100\/100 par\n|move|p1a: Butterfree|Sleep Powder||[still]\n|-fail|p1a: Butterfree\n|\n|upkeep\n|turn|11\n|\n|t:|1663647259\n|move|p1a: Butterfree|Psychic|p2a: Elekid\n|-damage|p2a: Elekid|61\/100 par\n|cant|p2a: Elekid|par\n|\n|-heal|p2a: Elekid|67\/100 par|[from] item: Leftovers\n|upkeep\n|turn|12\n|\n|t:|1663647262\n|move|p1a: Butterfree|Psychic|p2a: Elekid\n|-damage|p2a: Elekid|26\/100 par\n|move|p2a: Elekid|Thunderbolt|p1a: Butterfree\n|-supereffective|p1a: Butterfree\n|-damage|p1a: Butterfree|22\/100\n|-status|p1a: Butterfree|par\n|\n|-heal|p2a: Elekid|32\/100 par|[from] item: Leftovers\n|upkeep\n|turn|13\n|\n|t:|1663647268\n|move|p2a: Elekid|Thunderbolt|p1a: Butterfree\n|-supereffective|p1a: Butterfree\n|-damage|p1a: Butterfree|0 fnt\n|faint|p1a: Butterfree\n|\n|t:|1663647278\n|switch|p1a: Teddiursa|Teddiursa, M|100\/100\n|\n|-heal|p2a: Elekid|38\/100 par|[from] item: Leftovers\n|upkeep\n|turn|14\n|\n|t:|1663647284\n|move|p1a: Teddiursa|Earthquake|p2a: Elekid\n|-supereffective|p2a: Elekid\n|-damage|p2a: Elekid|0 fnt\n|faint|p2a: Elekid\n|\n|t:|1663647290\n|switch|p2a: Rhyhorn|Rhyhorn, F|90\/100\n|\n|-heal|p2a: Rhyhorn|96\/100|[from] item: Leftovers\n|upkeep\n|turn|15\n|\n|t:|1663647293\n|move|p1a: Teddiursa|Bulk Up|p1a: Teddiursa\n|-boost|p1a: Teddiursa|atk|1\n|-boost|p1a: Teddiursa|def|1\n|move|p2a: Rhyhorn|Earthquake|p1a: Teddiursa\n|-damage|p1a: Teddiursa|73\/100\n|\n|-heal|p1a: Teddiursa|80\/100|[from] item: Leftovers\n|-heal|p2a: Rhyhorn|100\/100|[from] item: Leftovers\n|upkeep\n|turn|16\n|j| innovamania\n|\n|t:|1663647299\n|move|p1a: Teddiursa|Protect|p1a: Teddiursa\n|-singleturn|p1a: Teddiursa|Protect\n|move|p2a: Rhyhorn|Toxic|p1a: Teddiursa\n|-activate|p1a: Teddiursa|Protect\n|\n|-heal|p1a: Teddiursa|86\/100|[from] item: Leftovers\n|upkeep\n|turn|17\n|\n|t:|1663647301\n|move|p1a: Teddiursa|Earthquake|p2a: Rhyhorn\n|-supereffective|p2a: Rhyhorn\n|-damage|p2a: Rhyhorn|62\/100\n|move|p2a: Rhyhorn|Toxic|p1a: Teddiursa\n|-status|p1a: Teddiursa|tox\n|\n|-heal|p1a: Teddiursa|92\/100 tox|[from] item: Leftovers\n|-damage|p1a: Teddiursa|86\/100 tox|[from] psn\n|-heal|p2a: Rhyhorn|68\/100|[from] item: Leftovers\n|upkeep\n|turn|18\n|\n|t:|1663647309\n|move|p1a: Teddiursa|Bulk Up|p1a: Teddiursa\n|-boost|p1a: Teddiursa|atk|1\n|-boost|p1a: Teddiursa|def|1\n|move|p2a: Rhyhorn|Earthquake|p1a: Teddiursa\n|-damage|p1a: Teddiursa|66\/100 tox\n|\n|-heal|p1a: Teddiursa|72\/100 tox|[from] item: Leftovers\n|-damage|p1a: Teddiursa|60\/100 tox|[from] psn\n|-heal|p2a: Rhyhorn|74\/100|[from] item: Leftovers\n|upkeep\n|turn|19\n|c| innovamania|teddiursa looking cute\n|c| bp (\u30c4)|LOL\n|c| bp (\u30c4)|Teddi is so dog\n|c| bp (\u30c4)|omg\n|c|\u2606BeatsBlack|thats a full physdef horn\n|c|\u2606BeatsBlack|a rarity nowadays\n|\n|t:|1663647334\n|switch|p2a: Dustox|Dustox, M|14\/100\n|move|p1a: Teddiursa|Earthquake|p2a: Dustox\n|-damage|p2a: Dustox|0 fnt\n|faint|p2a: Dustox\n|\n|t:|1663647336\n|switch|p2a: Seaking|Seaking, M|100\/100\n|\n|-heal|p1a: Teddiursa|66\/100 tox|[from] item: Leftovers\n|-damage|p1a: Teddiursa|47\/100 tox|[from] psn\n|upkeep\n|turn|20\n|\n|t:|1663647340\n|move|p2a: Seaking|Surf|p1a: Teddiursa\n|-damage|p1a: Teddiursa|0 fnt\n|faint|p1a: Teddiursa\n|c| innovamania|is teddiursa not cute tho bp\n|c| innovamania|admit it\n|c| bp (\u30c4)|I mean ya\n|c|\u2606BeatsBlack|o surf?\n|c|\u2606BeatsBlack|on god?\n|\n|t:|1663647354\n|switch|p1a: Nosepass|Nosepass, M|91\/100\n|\n|-heal|p1a: Nosepass|97\/100|[from] item: Leftovers\n|upkeep\n|turn|21\n|\n|t:|1663647357\n|move|p2a: Seaking|Surf|p1a: Nosepass\n|-supereffective|p1a: Nosepass\n|-damage|p1a: Nosepass|6\/100\n|move|p1a: Nosepass|Explosion|p2a: Seaking\n|-crit|p2a: Seaking\n|-damage|p2a: Seaking|0 fnt\n|faint|p1a: Nosepass\n|faint|p2a: Seaking\n|\n|t:|1663647363\n|switch|p2a: Castform|Castform, F|100\/100\n|switch|p1a: Elekid|Elekid, M|100\/100\n|\n|upkeep\n|turn|22\n|c| innovamania|expert evs\n|\n|t:|1663647367\n|move|p1a: Elekid|Thunder Wave|p2a: Castform\n|-status|p2a: Castform|par\n|move|p2a: Castform|Return|p1a: Elekid\n|-damage|p1a: Elekid|0 fnt\n|faint|p1a: Elekid\n|\n|t:|1663647368\n|switch|p1a: Farfetch\u2019d|Farfetch\u2019d, M|100\/100\n|\n|upkeep\n|turn|23\n|\n|t:|1663647370\n|move|p1a: Farfetch\u2019d|Substitute|p1a: Farfetch\u2019d\n|-start|p1a: Farfetch\u2019d|Substitute\n|-damage|p1a: Farfetch\u2019d|76\/100\n|move|p2a: Castform|Return|p1a: Farfetch\u2019d\n|-end|p1a: Farfetch\u2019d|Substitute\n|\n|upkeep\n|turn|24\n|c|\u2606BeatsBlack|meet your maker\n|\n|t:|1663647378\n|switch|p2a: Rhyhorn|Rhyhorn, F|74\/100\n|move|p1a: Farfetch\u2019d|Substitute|p1a: Farfetch\u2019d\n|-start|p1a: Farfetch\u2019d|Substitute\n|-damage|p1a: Farfetch\u2019d|51\/100\n|\n|-heal|p2a: Rhyhorn|80\/100|[from] item: Leftovers\n|upkeep\n|turn|25\n|\n|t:|1663647380\n|move|p1a: Farfetch\u2019d|Swords Dance|p1a: Farfetch\u2019d\n|-boost|p1a: Farfetch\u2019d|atk|2\n|move|p2a: Rhyhorn|Rock Slide|p1a: Farfetch\u2019d\n|-supereffective|p1a: Farfetch\u2019d\n|-end|p1a: Farfetch\u2019d|Substitute\n|\n|-heal|p2a: Rhyhorn|86\/100|[from] item: Leftovers\n|upkeep\n|turn|26\n|\n|t:|1663647384\n|move|p1a: Farfetch\u2019d|Substitute|p1a: Farfetch\u2019d\n|-start|p1a: Farfetch\u2019d|Substitute\n|-damage|p1a: Farfetch\u2019d|26\/100\n|move|p2a: Rhyhorn|Rock Slide|p1a: Farfetch\u2019d\n|-supereffective|p1a: Farfetch\u2019d\n|-end|p1a: Farfetch\u2019d|Substitute\n|\n|-heal|p2a: Rhyhorn|92\/100|[from] item: Leftovers\n|upkeep\n|turn|27\n|\n|t:|1663647386\n|move|p1a: Farfetch\u2019d|Substitute|p1a: Farfetch\u2019d\n|-start|p1a: Farfetch\u2019d|Substitute\n|-damage|p1a: Farfetch\u2019d|1\/100\n|move|p2a: Rhyhorn|Rock Slide|p1a: Farfetch\u2019d\n|-supereffective|p1a: Farfetch\u2019d\n|-end|p1a: Farfetch\u2019d|Substitute\n|\n|-enditem|p1a: Farfetch\u2019d|Salac Berry|[eat]\n|-boost|p1a: Farfetch\u2019d|spe|1|[from] item: Salac Berry\n|-heal|p2a: Rhyhorn|98\/100|[from] item: Leftovers\n|upkeep\n|turn|28\n|c| innovamania|do monkeys run fake out\n|c| bp (\u30c4)|gg lol\n|\n|t:|1663647405\n|move|p1a: Farfetch\u2019d|Flail|p2a: Rhyhorn\n|-resisted|p2a: Rhyhorn\n|-damage|p2a: Rhyhorn|48\/100\n|move|p2a: Rhyhorn|Rock Slide|p1a: Farfetch\u2019d\n|-supereffective|p1a: Farfetch\u2019d\n|-damage|p1a: Farfetch\u2019d|0 fnt\n|faint|p1a: Farfetch\u2019d\n|\n|win|ayevon\n|n|\u2606BeatsBlack|beatsblack\n|n|\u2606ayevon|ayevon\n|n| bp (\u30c4)|bp\n|n| joey milktank|joeymilktank\n|n| innovamania|innovamania\n","uploadtime":1663647406,"views":3,"p1id":"beatsblack","p2id":"ayevon","formatid":"gen3nu","rating":0,"private":0,"password":null}