{"id":"gen3ubers-1613613565","p1":"Raph369","p2":"vslc hell","format":"gen3ubers","log":"|j|\u2606Raph369\n|j|\u2606vslc hell\n|t:|1657372078\n|gametype|singles\n|player|p1|Raph369|archer|\n|player|p2|vslc hell|aromalady|\n|teamsize|p1|6\n|teamsize|p2|6\n|gen|3\n|tier|[Gen 3] Ubers\n|rated|Tournament battle\n|rule|Sleep Clause Mod: Limit one foe put to sleep\n|rule|Switch Priority Clause Mod: Faster Pok\u00e9mon switch first\n|rule|Species Clause: Limit one of each Pok\u00e9mon\n|rule|OHKO Clause: OHKO moves are banned\n|rule|Evasion Moves Clause: Evasion moves are banned\n|rule|Endless Battle Clause: Forcing endless battles is banned\n|rule|HP Percentage Mod: HP is shown in percentages\n|rule|Deoxys Camouflage Clause: Reveals the Deoxys forme when it is sent in battle.\n|rule|One Baton Pass Clause: Limit one Baton Passer\n|\n|t:|1657372078\n|start\n|switch|p1a: Groudon|Groudon|100\/100\n|switch|p2a: Mewtwo|Mewtwo|100\/100\n|-weather|SunnyDay|[from] ability: Drought|[of] p1a: Groudon\n|turn|1\n|inactive|Battle timer is ON: inactive players will automatically lose when time's up. (requested by vslc hell)\n|j|+AM\n|j| tachyon paradox\n|c|\u2606Raph369|hf\n|j| LRXC\n|c|\u2606Raph369|p\n|c|\u2606Raph369|my net sucks\n|inactive|vslc hell has 120 seconds left.\n|inactive|vslc hell has 90 seconds left.\n|j| timsaucisse69\n|j| mitana\n|inactive|vslc hell has 60 seconds left.\n|\n|t:|1657372182\n|move|p2a: Mewtwo|Ice Beam|p1a: Groudon\n|-supereffective|p1a: Groudon\n|-damage|p1a: Groudon|39\/100\n|move|p1a: Groudon|Earthquake|p2a: Mewtwo\n|-damage|p2a: Mewtwo|43\/100\n|\n|-weather|SunnyDay|[upkeep]\n|-heal|p1a: Groudon|45\/100|[from] item: Leftovers\n|upkeep\n|turn|2\n|\n|t:|1657372187\n|switch|p1a: Snorlax|Snorlax, M|100\/100\n|move|p2a: Mewtwo|Ice Beam|p1a: Snorlax\n|-damage|p1a: Snorlax|82\/100\n|\n|-weather|SunnyDay|[upkeep]\n|-heal|p1a: Snorlax|88\/100|[from] item: Leftovers\n|upkeep\n|turn|3\n|\n|t:|1657372190\n|move|p1a: Snorlax|Protect|p1a: Snorlax\n|-singleturn|p1a: Snorlax|Protect\n|move|p2a: Mewtwo|Self-Destruct|p1a: Snorlax\n|-activate|p1a: Snorlax|Protect\n|faint|p2a: Mewtwo\n|\n|t:|1657372195\n|switch|p2a: Groudon|Groudon|100\/100\n|\n|-weather|SunnyDay|[upkeep]\n|-heal|p1a: Snorlax|94\/100|[from] item: Leftovers\n|upkeep\n|turn|4\n|\n|t:|1657372205\n|switch|p1a: Latios|Latios, M|100\/100\n|move|p2a: Groudon|Swords Dance|p2a: Groudon\n|-boost|p2a: Groudon|atk|2\n|\n|-weather|SunnyDay|[upkeep]\n|upkeep\n|turn|5\n|c|\u2606Raph369|fuck quick claw\n|c| LRXC|LOL\n|c|\u2606Raph369|I'm more lucky than lucky\n|\n|t:|1657372224\n|move|p1a: Latios|Solar Beam||[still]\n|-prepare|p1a: Latios|Solar Beam\n|-anim|p1a: Latios|Solar Beam|p2a: Groudon\n|-supereffective|p2a: Groudon\n|-damage|p2a: Groudon|0 fnt\n|faint|p2a: Groudon\n|\n|t:|1657372232\n|switch|p2a: latiass|Latios, M|100\/100\n|\n|-weather|SunnyDay|[upkeep]\n|upkeep\n|turn|6\n|\n|t:|1657372235\n|move|p1a: Latios|Dragon Claw|p2a: latiass\n|-supereffective|p2a: latiass\n|-damage|p2a: latiass|12\/100\n|move|p2a: latiass|Dragon Claw|p1a: Latios\n|-supereffective|p1a: Latios\n|-damage|p1a: Latios|22\/100\n|\n|-weather|SunnyDay|[upkeep]\n|upkeep\n|turn|7\n|c| LRXC|HOLY SOLAR BEAM DROPS GROUDON?\n|\n|t:|1657372244\n|move|p2a: latiass|Dragon Claw|p1a: Latios\n|-supereffective|p1a: Latios\n|-damage|p1a: Latios|0 fnt\n|faint|p1a: Latios\n|l| timsaucisse69\n|inactive|Raph369 has 120 seconds left.\n|\n|t:|1657372278\n|switch|p1a: Deoxys|Deoxys-Attack|100\/100\n|\n|-weather|SunnyDay|[upkeep]\n|upkeep\n|turn|8\n|\n|t:|1657372298\n|move|p1a: Deoxys|Solar Beam||[still]\n|-prepare|p1a: Deoxys|Solar Beam\n|-anim|p1a: Deoxys|Solar Beam|p2a: latiass\n|-resisted|p2a: latiass\n|-damage|p2a: latiass|0 fnt\n|faint|p2a: latiass\n|\n|t:|1657372301\n|switch|p2a: deoxys normal.|Deoxys|100\/100\n|\n|-weather|SunnyDay|[upkeep]\n|upkeep\n|turn|9\n|c| LRXC|what the hell\n|\n|t:|1657372306\n|move|p2a: deoxys normal.|Pursuit|p1a: Deoxys\n|-supereffective|p1a: Deoxys\n|-damage|p1a: Deoxys|0 fnt\n|faint|p1a: Deoxys\n|\n|t:|1657372319\n|switch|p1a: Groudon|Groudon|45\/100\n|\n|-weather|SunnyDay|[upkeep]\n|-heal|p1a: Groudon|51\/100|[from] item: Leftovers\n|upkeep\n|turn|10\n|\n|t:|1657372325\n|move|p2a: deoxys normal.|Fire Punch|p1a: Groudon\n|-damage|p1a: Groudon|28\/100\n|move|p1a: Groudon|Earthquake|p2a: deoxys normal.\n|-damage|p2a: deoxys normal.|5\/100\n|\n|-weather|SunnyDay|[upkeep]\n|-heal|p1a: Groudon|35\/100|[from] item: Leftovers\n|upkeep\n|turn|11\n|\n|t:|1657372333\n|move|p2a: deoxys normal.|Fire Punch|p1a: Groudon\n|-damage|p1a: Groudon|7\/100\n|move|p1a: Groudon|Earthquake|p2a: deoxys normal.\n|-damage|p2a: deoxys normal.|0 fnt\n|faint|p2a: deoxys normal.\n|\n|t:|1657372338\n|switch|p2a: Oh no my Queen!|Latias, F|100\/100\n|\n|-weather|SunnyDay|[upkeep]\n|-heal|p1a: Groudon|14\/100|[from] item: Leftovers\n|upkeep\n|turn|12\n|\n|t:|1657372341\n|move|p2a: Oh no my Queen!|Calm Mind|p2a: Oh no my Queen!\n|-boost|p2a: Oh no my Queen!|spa|1\n|-boost|p2a: Oh no my Queen!|spd|1\n|move|p1a: Groudon|Hidden Power|p2a: Oh no my Queen!\n|-supereffective|p2a: Oh no my Queen!\n|-crit|p2a: Oh no my Queen!\n|-damage|p2a: Oh no my Queen!|0 fnt\n|faint|p2a: Oh no my Queen!\n|\n|t:|1657372343\n|switch|p2a: Magneton|Magneton|100\/100\n|\n|-weather|SunnyDay|[upkeep]\n|-heal|p1a: Groudon|20\/100|[from] item: Leftovers\n|upkeep\n|turn|13\n|\n|t:|1657372346\n|move|p2a: Magneton|Hidden Power|p1a: Groudon\n|-damage|p1a: Groudon|0 fnt\n|faint|p1a: Groudon\n|\n|t:|1657372350\n|switch|p1a: Rayquaza|Rayquaza|100\/100\n|\n|-weather|SunnyDay|[upkeep]\n|upkeep\n|turn|14\n|\n|t:|1657372356\n|move|p1a: Rayquaza|Overheat|p2a: Magneton\n|-supereffective|p2a: Magneton\n|-damage|p2a: Magneton|0 fnt\n|-unboost|p1a: Rayquaza|spa|2\n|faint|p2a: Magneton\n|\n|win|Raph369\n|n|\u2606Raph369|raph369\n|n|\u2606vslc hell|vslchell\n|n|+AM|am\n|n| tachyon paradox|tachyonparadox\n|n| LRXC|lrxc\n|n| mitana|mitana\n","uploadtime":1657372357,"views":11,"p1id":"raph369","p2id":"vslchell","formatid":"gen3ubers","rating":0,"private":0,"password":null}