{"id":"gen3ou-1131886092","p1":"Stallisgood4meta","p2":"winter lanterns","format":"gen3ou","log":"|j|\u2606Stallisgood4meta\n|j|\u2606winter lanterns\n|player|p1|Stallisgood4meta|266|1340\n|player|p2|winter lanterns|burglar|1337\n|teamsize|p1|6\n|teamsize|p2|6\n|gametype|singles\n|gen|3\n|tier|[Gen 3] OU\n|rated|\n|rule|Sleep Clause Mod: Limit one foe put to sleep\n|rule|Switch Priority Clause Mod: Faster Pok\u00e9mon switch first\n|rule|Species Clause: Limit one of each Pok\u00e9mon\n|rule|OHKO Clause: OHKO moves are banned\n|rule|Moody Clause: Moody is banned\n|rule|Evasion Moves Clause: Evasion moves are banned\n|rule|Endless Battle Clause: Forcing endless battles is banned\n|rule|HP Percentage Mod: HP is shown in percentages\n|rule|3 Baton Pass Clause: Limit three Baton Passers\n|\n|start\n|switch|p1a: Tyranitar|Tyranitar, F|100\/100\n|switch|p2a: Tyranitar|Tyranitar, M|100\/100\n|-weather|Sandstorm|[from] ability: Sand Stream|[of] p2a: Tyranitar\n|turn|1\n|\n|switch|p1a: Flygon|Flygon, F|100\/100\n|move|p2a: Tyranitar|Earthquake|p1a: Flygon\n|-immune|p1a: Flygon\n|\n|-weather|Sandstorm|[upkeep]\n|upkeep\n|turn|2\n|\n|switch|p2a: Gengar|Gengar, F|100\/100\n|move|p1a: Flygon|Toxic|p2a: Gengar\n|-immune|p2a: Gengar\n|\n|-weather|Sandstorm|[upkeep]\n|-damage|p2a: Gengar|94\/100|[from] Sandstorm\n|-heal|p2a: Gengar|100\/100|[from] item: Leftovers\n|upkeep\n|turn|3\n|\n|switch|p1a: Tyranitar|Tyranitar, F|100\/100\n|move|p2a: Gengar|Hidden Power|p1a: Tyranitar\n|-supereffective|p1a: Tyranitar\n|-damage|p1a: Tyranitar|55\/100\n|\n|-weather|Sandstorm|[upkeep]\n|-damage|p2a: Gengar|94\/100|[from] Sandstorm\n|-heal|p2a: Gengar|100\/100|[from] item: Leftovers\n|upkeep\n|turn|4\n|\n|switch|p2a: Tyranitar|Tyranitar, M|100\/100\n|move|p1a: Tyranitar|Dragon Dance|p1a: Tyranitar\n|-boost|p1a: Tyranitar|atk|1\n|-boost|p1a: Tyranitar|spe|1\n|\n|-weather|Sandstorm|[upkeep]\n|upkeep\n|turn|5\n|\n|move|p1a: Tyranitar|Earthquake|p2a: Tyranitar\n|-supereffective|p2a: Tyranitar\n|-damage|p2a: Tyranitar|0 fnt\n|faint|p2a: Tyranitar\n|\n|switch|p2a: Metagross|Metagross|100\/100\n|\n|-weather|Sandstorm|[upkeep]\n|upkeep\n|turn|6\n|\n|move|p1a: Tyranitar|Earthquake|p2a: Metagross\n|-supereffective|p2a: Metagross\n|-damage|p2a: Metagross|8\/100\n|move|p2a: Metagross|Earthquake|p1a: Tyranitar\n|-supereffective|p1a: Tyranitar\n|-damage|p1a: Tyranitar|0 fnt\n|faint|p1a: Tyranitar\n|\n|switch|p1a: Gengar|Gengar, M|100\/100\n|\n|-weather|Sandstorm|[upkeep]\n|-damage|p1a: Gengar|94\/100|[from] Sandstorm\n|-heal|p1a: Gengar|100\/100|[from] item: Leftovers\n|upkeep\n|turn|7\n|\n|switch|p2a: Blissey|Blissey, F|100\/100\n|move|p1a: Gengar|Thunderbolt|p2a: Blissey\n|-damage|p2a: Blissey|87\/100\n|\n|-weather|Sandstorm|[upkeep]\n|-damage|p1a: Gengar|94\/100|[from] Sandstorm\n|-damage|p2a: Blissey|81\/100|[from] Sandstorm\n|-heal|p1a: Gengar|100\/100|[from] item: Leftovers\n|-heal|p2a: Blissey|87\/100|[from] item: Leftovers\n|upkeep\n|turn|8\n|\n|switch|p1a: Snorlax|Snorlax, F|100\/100\n|move|p2a: Blissey|Thunder Wave|p1a: Snorlax\n|-status|p1a: Snorlax|par\n|\n|-weather|Sandstorm|[upkeep]\n|-damage|p2a: Blissey|81\/100|[from] Sandstorm\n|-damage|p1a: Snorlax|94\/100 par|[from] Sandstorm\n|-heal|p2a: Blissey|87\/100|[from] item: Leftovers\n|-heal|p1a: Snorlax|100\/100 par|[from] item: Leftovers\n|upkeep\n|turn|9\n|\n|-singleturn|p1a: Snorlax|move: Focus Punch\n|switch|p2a: Cloyster|Cloyster, F|100\/100\n|cant|p1a: Snorlax|par\n|\n|-weather|Sandstorm|[upkeep]\n|-damage|p2a: Cloyster|94\/100|[from] Sandstorm\n|-damage|p1a: Snorlax|94\/100 par|[from] Sandstorm\n|-heal|p2a: Cloyster|100\/100|[from] item: Leftovers\n|-heal|p1a: Snorlax|100\/100 par|[from] item: Leftovers\n|upkeep\n|turn|10\n|\n|switch|p1a: Gengar|Gengar, M|100\/100\n|move|p2a: Cloyster|Spikes|p1a: Gengar\n|-sidestart|p1: Stallisgood4meta|Spikes\n|\n|-weather|Sandstorm|[upkeep]\n|-damage|p1a: Gengar|94\/100|[from] Sandstorm\n|-damage|p2a: Cloyster|94\/100|[from] Sandstorm\n|-heal|p1a: Gengar|100\/100|[from] item: Leftovers\n|-heal|p2a: Cloyster|100\/100|[from] item: Leftovers\n|upkeep\n|turn|11\n|\n|switch|p1a: Metagross|Metagross|100\/100\n|-damage|p1a: Metagross|88\/100|[from] Spikes\n|switch|p2a: Blissey|Blissey, F|87\/100\n|\n|-weather|Sandstorm|[upkeep]\n|-damage|p2a: Blissey|81\/100|[from] Sandstorm\n|-heal|p1a: Metagross|94\/100|[from] item: Leftovers\n|-heal|p2a: Blissey|87\/100|[from] item: Leftovers\n|upkeep\n|turn|12\n|\n|switch|p2a: Metagross|Metagross|8\/100\n|move|p1a: Metagross|Meteor Mash|p2a: Metagross\n|-resisted|p2a: Metagross\n|-damage|p2a: Metagross|0 fnt\n|faint|p2a: Metagross\n|\n|switch|p2a: Cloyster|Cloyster, F|100\/100\n|\n|-weather|Sandstorm|[upkeep]\n|-damage|p2a: Cloyster|94\/100|[from] Sandstorm\n|-heal|p1a: Metagross|100\/100|[from] item: Leftovers\n|-heal|p2a: Cloyster|100\/100|[from] item: Leftovers\n|upkeep\n|turn|13\n|\n|move|p1a: Metagross|Agility|p1a: Metagross\n|-boost|p1a: Metagross|spe|2\n|move|p2a: Cloyster|Spikes|p1a: Metagross\n|-sidestart|p1: Stallisgood4meta|Spikes\n|\n|-weather|Sandstorm|[upkeep]\n|-damage|p2a: Cloyster|94\/100|[from] Sandstorm\n|-heal|p2a: Cloyster|100\/100|[from] item: Leftovers\n|upkeep\n|turn|14\n|\n|move|p1a: Metagross|Meteor Mash|p2a: Cloyster\n|-damage|p2a: Cloyster|64\/100\n|move|p2a: Cloyster|Surf|p1a: Metagross\n|-damage|p1a: Metagross|68\/100\n|\n|-weather|Sandstorm|[upkeep]\n|-damage|p2a: Cloyster|57\/100|[from] Sandstorm\n|-heal|p1a: Metagross|74\/100|[from] item: Leftovers\n|-heal|p2a: Cloyster|64\/100|[from] item: Leftovers\n|upkeep\n|turn|15\n|\n|move|p1a: Metagross|Meteor Mash|p2a: Cloyster\n|-damage|p2a: Cloyster|30\/100\n|move|p2a: Cloyster|Surf|p1a: Metagross\n|-damage|p1a: Metagross|39\/100\n|\n|-weather|Sandstorm|[upkeep]\n|-damage|p2a: Cloyster|24\/100|[from] Sandstorm\n|-heal|p1a: Metagross|45\/100|[from] item: Leftovers\n|-heal|p2a: Cloyster|30\/100|[from] item: Leftovers\n|upkeep\n|turn|16\n|\n|move|p1a: Metagross|Meteor Mash|p2a: Cloyster\n|-damage|p2a: Cloyster|0 fnt\n|faint|p2a: Cloyster\n|\n|switch|p2a: Zapdos|Zapdos|100\/100\n|\n|-weather|Sandstorm|[upkeep]\n|-damage|p2a: Zapdos|94\/100|[from] Sandstorm\n|-heal|p1a: Metagross|51\/100|[from] item: Leftovers\n|-heal|p2a: Zapdos|100\/100|[from] item: Leftovers\n|upkeep\n|turn|17\n|\n|switch|p2a: Gengar|Gengar, F|100\/100\n|move|p1a: Metagross|Meteor Mash|p2a: Gengar\n|-damage|p2a: Gengar|0 fnt\n|faint|p2a: Gengar\n|-message|winter lanterns forfeited.\n|\n|win|Stallisgood4meta\n|l|\u2606winter lanterns\n|raw|Stallisgood4meta's rating: 1340 &rarr; <strong>1360<\/strong><br \/>(+20 for winning)\n|raw|winter lanterns's rating: 1337 &rarr; <strong>1317<\/strong><br \/>(-20 for losing)\n","uploadtime":1592039511,"views":20,"p1id":"stallisgood4meta","p2id":"winterlanterns","formatid":"gen3ou","rating":1317,"private":0,"password":null}