{"id":"gen3randombattle-1417434714","p1":"The Last Hero","p2":"jimmy the card","format":"gen3randombattle","log":"|j|\u2606The Last Hero\n|j|\u2606jimmy the card\n|t:|1631732996\n|gametype|singles\n|player|p1|The Last Hero|acetrainersnow|\n|player|p2|jimmy the card|candice|\n|teamsize|p1|6\n|teamsize|p2|6\n|gen|3\n|tier|[Gen 3] Random Battle\n|rated|Tournament battle\n|rule|Sleep Clause Mod: Limit one foe put to sleep\n|rule|Switch Priority Clause Mod: Faster Pok\u00e9mon switch first\n|rule|Species Clause: Limit one of each Pok\u00e9mon\n|rule|OHKO Clause: OHKO moves are banned\n|rule|Evasion Moves Clause: Evasion moves are banned\n|rule|Endless Battle Clause: Forcing endless battles is banned\n|rule|HP Percentage Mod: HP is shown in percentages\n|\n|t:|1631732996\n|start\n|switch|p1a: Shedinja|Shedinja, L88|1\/1\n|switch|p2a: Ditto|Ditto, L99|255\/255\n|turn|1\n|inactive|Battle timer is ON: inactive players will automatically lose when time's up. (requested by jimmy the card)\n|\n|t:|1631733017\n|move|p2a: Ditto|Transform|p1a: Shedinja\n|-transform|p2a: Ditto|p1a: Shedinja\n|move|p1a: Shedinja|Agility|p1a: Shedinja\n|-boost|p1a: Shedinja|spe|2\n|\n|upkeep\n|turn|2\n|\n|t:|1631733029\n|move|p1a: Shedinja|Baton Pass|p1a: Shedinja\n|c|\u2606jimmy the card|well\n|\n|t:|1631733030\n|switch|p1a: Persian|Persian, L84, M|246\/246\n|move|p2a: Ditto|Agility|p2a: Ditto\n|-boost|p2a: Ditto|spe|2\n|\n|upkeep\n|turn|3\n|\n|t:|1631733036\n|move|p1a: Persian|Substitute|p1a: Persian\n|-start|p1a: Persian|Substitute\n|-damage|p1a: Persian|185\/246\n|move|p2a: Ditto|Baton Pass|p2a: Ditto\n|inactive|jimmy the card has 120 seconds left.\n|\n|t:|1631733069\n|switch|p2a: Blastoise|Blastoise, L84, F|270\/270\n|\n|-heal|p1a: Persian|200\/246|[from] item: Leftovers\n|upkeep\n|turn|4\n|\n|t:|1631733079\n|move|p1a: Persian|Return|p2a: Blastoise\n|-damage|p2a: Blastoise|198\/270\n|move|p2a: Blastoise|Roar|p1a: Persian\n|drag|p1a: Jolteon|Jolteon, L80, M|235\/235\n|\n|-heal|p2a: Blastoise|214\/270|[from] item: Leftovers\n|upkeep\n|turn|5\n|\n|t:|1631733089\n|switch|p2a: Dugtrio|Dugtrio, L80, M|184\/184\n|move|p1a: Jolteon|Thunderbolt|p2a: Dugtrio\n|-immune|p2a: Dugtrio\n|\n|upkeep\n|turn|6\n|\n|t:|1631733094\n|move|p1a: Jolteon|Hidden Power|p2a: Dugtrio\n|-supereffective|p2a: Dugtrio\n|-damage|p2a: Dugtrio|68\/184\n|move|p2a: Dugtrio|Earthquake|p1a: Jolteon\n|-supereffective|p1a: Jolteon\n|-damage|p1a: Jolteon|0 fnt\n|faint|p1a: Jolteon\n|\n|t:|1631733105\n|switch|p1a: Jumpluff|Jumpluff, L82, F|257\/257\n|\n|upkeep\n|turn|7\n|\n|t:|1631733119\n|switch|p2a: Magcargo|Magcargo, L88, M|231\/231\n|move|p1a: Jumpluff|Toxic|p2a: Magcargo|[miss]\n|-miss|p1a: Jumpluff|p2a: Magcargo\n|\n|upkeep\n|turn|8\n|\n|t:|1631733125\n|switch|p1a: Gorebyss|Gorebyss, L84, M|230\/230\n|move|p2a: Magcargo|Fire Blast|p1a: Gorebyss\n|-resisted|p1a: Gorebyss\n|-damage|p1a: Gorebyss|166\/230\n|\n|upkeep\n|turn|9\n|\n|t:|1631733129\n|move|p1a: Gorebyss|Rain Dance|p1a: Gorebyss\n|-weather|RainDance\n|move|p2a: Magcargo|Hidden Power|p1a: Gorebyss\n|-supereffective|p1a: Gorebyss\n|-damage|p1a: Gorebyss|68\/230\n|\n|-weather|RainDance|[upkeep]\n|upkeep\n|turn|10\n|\n|t:|1631733147\n|move|p1a: Gorebyss|Hydro Pump|p2a: Magcargo\n|-supereffective|p2a: Magcargo\n|-damage|p2a: Magcargo|0 fnt\n|faint|p2a: Magcargo\n|\n|t:|1631733153\n|switch|p2a: Ampharos|Ampharos, L84, F|288\/288\n|\n|-weather|RainDance|[upkeep]\n|upkeep\n|turn|11\n|\n|t:|1631733166\n|switch|p1a: Shedinja|Shedinja, L88|1\/1\n|move|p2a: Ampharos|Thunderbolt|p1a: Shedinja\n|-immune|p1a: Shedinja|[from] ability: Wonder Guard\n|\n|-weather|RainDance|[upkeep]\n|upkeep\n|turn|12\n|\n|t:|1631733173\n|move|p2a: Ampharos|Toxic|p1a: Shedinja\n|-status|p1a: Shedinja|tox\n|-enditem|p1a: Shedinja|Lum Berry|[eat]\n|-curestatus|p1a: Shedinja|tox|[msg]\n|move|p1a: Shedinja|Agility|p1a: Shedinja\n|-boost|p1a: Shedinja|spe|2\n|\n|-weather|RainDance|[upkeep]\n|upkeep\n|turn|13\n|\n|t:|1631733180\n|switch|p2a: Blastoise|Blastoise, L84, F|214\/270\n|move|p1a: Shedinja|Hidden Power|p2a: Blastoise\n|-damage|p2a: Blastoise|167\/270\n|\n|-weather|none\n|-heal|p2a: Blastoise|183\/270|[from] item: Leftovers\n|upkeep\n|turn|14\n|\n|t:|1631733186\n|move|p1a: Shedinja|Silver Wind|p2a: Blastoise\n|-damage|p2a: Blastoise|128\/270\n|move|p2a: Blastoise|Roar|p1a: Shedinja\n|drag|p1a: Persian|Persian, L84, M|200\/246\n|\n|-heal|p1a: Persian|215\/246|[from] item: Leftovers\n|-heal|p2a: Blastoise|144\/270|[from] item: Leftovers\n|upkeep\n|turn|15\n|\n|t:|1631733202\n|move|p1a: Persian|Fake Out|p2a: Blastoise\n|-damage|p2a: Blastoise|114\/270\n|cant|p2a: Blastoise|flinch\n|\n|-heal|p1a: Persian|230\/246|[from] item: Leftovers\n|-heal|p2a: Blastoise|130\/270|[from] item: Leftovers\n|upkeep\n|turn|16\n|\n|t:|1631733205\n|move|p1a: Persian|Return|p2a: Blastoise\n|-damage|p2a: Blastoise|49\/270\n|move|p2a: Blastoise|Surf|p1a: Persian\n|-damage|p1a: Persian|50\/246\n|\n|-heal|p1a: Persian|65\/246|[from] item: Leftovers\n|-heal|p2a: Blastoise|65\/270|[from] item: Leftovers\n|upkeep\n|turn|17\n|\n|t:|1631733224\n|move|p1a: Persian|Return|p2a: Blastoise\n|-damage|p2a: Blastoise|0 fnt\n|faint|p2a: Blastoise\n|\n|t:|1631733229\n|switch|p2a: Dugtrio|Dugtrio, L80, M|68\/184\n|\n|-heal|p1a: Persian|80\/246|[from] item: Leftovers\n|upkeep\n|turn|18\n|\n|t:|1631733236\n|move|p1a: Persian|Return|p2a: Dugtrio\n|-damage|p2a: Dugtrio|0 fnt\n|faint|p2a: Dugtrio\n|\n|t:|1631733248\n|switch|p2a: Jynx|Jynx, L82, F|241\/241\n|\n|-heal|p1a: Persian|95\/246|[from] item: Leftovers\n|upkeep\n|turn|19\n|\n|t:|1631733256\n|move|p1a: Persian|Shadow Ball|p2a: Jynx\n|-supereffective|p2a: Jynx\n|-damage|p2a: Jynx|89\/241\n|move|p2a: Jynx|Psychic|p1a: Persian\n|-crit|p1a: Persian\n|-damage|p1a: Persian|0 fnt\n|faint|p1a: Persian\n|\n|t:|1631733265\n|switch|p1a: Shedinja|Shedinja, L88|1\/1\n|\n|-heal|p2a: Jynx|104\/241|[from] item: Leftovers\n|upkeep\n|turn|20\n|\n|t:|1631733270\n|move|p2a: Jynx|Hidden Power|p1a: Shedinja\n|-supereffective|p1a: Shedinja\n|-damage|p1a: Shedinja|0 fnt\n|faint|p1a: Shedinja\n|\n|t:|1631733281\n|switch|p1a: Jumpluff|Jumpluff, L82, F|257\/257\n|\n|-heal|p2a: Jynx|119\/241|[from] item: Leftovers\n|upkeep\n|turn|21\n|\n|t:|1631733293\n|move|p1a: Jumpluff|Encore|p2a: Jynx\n|-start|p2a: Jynx|Encore\n|move|p2a: Jynx|Hidden Power|p1a: Jumpluff\n|-supereffective|p1a: Jumpluff\n|-damage|p1a: Jumpluff|133\/257\n|\n|-heal|p1a: Jumpluff|149\/257|[from] item: Leftovers\n|-heal|p2a: Jynx|134\/241|[from] item: Leftovers\n|upkeep\n|turn|22\n|\n|t:|1631733300\n|switch|p2a: Ampharos|Ampharos, L84, F|288\/288\n|move|p1a: Jumpluff|Toxic|p2a: Ampharos\n|-status|p2a: Ampharos|tox\n|\n|-heal|p1a: Jumpluff|165\/257|[from] item: Leftovers\n|-damage|p2a: Ampharos|270\/288 tox|[from] psn\n|upkeep\n|turn|23\n|\n|t:|1631733307\n|move|p1a: Jumpluff|Substitute|p1a: Jumpluff\n|-start|p1a: Jumpluff|Substitute\n|-damage|p1a: Jumpluff|101\/257\n|move|p2a: Ampharos|Heal Bell|p2a: Ampharos\n|-activate|p2a: Ampharos|move: Heal Bell\n|-curestatus|p2a: Ampharos|tox|[silent]\n|\n|-heal|p1a: Jumpluff|117\/257|[from] item: Leftovers\n|-heal|p2a: Ampharos|288\/288|[from] item: Leftovers\n|upkeep\n|turn|24\n|\n|t:|1631733313\n|move|p1a: Jumpluff|Encore|p2a: Ampharos\n|-start|p2a: Ampharos|Encore\n|move|p2a: Ampharos|Heal Bell|p2a: Ampharos\n|-activate|p2a: Ampharos|move: Heal Bell\n|\n|-heal|p1a: Jumpluff|133\/257|[from] item: Leftovers\n|upkeep\n|turn|25\n|\n|t:|1631733318\n|switch|p2a: Jynx|Jynx, L82, F|134\/241\n|move|p1a: Jumpluff|Toxic|p2a: Jynx\n|-status|p2a: Jynx|tox\n|\n|-heal|p1a: Jumpluff|149\/257|[from] item: Leftovers\n|-heal|p2a: Jynx|149\/241 tox|[from] item: Leftovers\n|-damage|p2a: Jynx|134\/241 tox|[from] psn\n|upkeep\n|turn|26\n|\n|t:|1631733321\n|move|p1a: Jumpluff|Hidden Power|p2a: Jynx\n|-damage|p2a: Jynx|53\/241 tox\n|move|p2a: Jynx|Hidden Power|p1a: Jumpluff\n|-supereffective|p1a: Jumpluff\n|-end|p1a: Jumpluff|Substitute\n|\n|-heal|p1a: Jumpluff|165\/257|[from] item: Leftovers\n|-heal|p2a: Jynx|68\/241 tox|[from] item: Leftovers\n|-damage|p2a: Jynx|38\/241 tox|[from] psn\n|upkeep\n|turn|27\n|\n|t:|1631733328\n|move|p1a: Jumpluff|Hidden Power|p2a: Jynx\n|-damage|p2a: Jynx|0 fnt\n|faint|p2a: Jynx\n|\n|t:|1631733330\n|switch|p2a: Ampharos|Ampharos, L84, F|288\/288\n|\n|-heal|p1a: Jumpluff|181\/257|[from] item: Leftovers\n|upkeep\n|turn|28\n|\n|t:|1631733337\n|move|p1a: Jumpluff|Toxic|p2a: Ampharos\n|-status|p2a: Ampharos|tox\n|move|p2a: Ampharos|Thunderbolt|p1a: Jumpluff\n|-damage|p1a: Jumpluff|70\/257\n|\n|-heal|p1a: Jumpluff|86\/257|[from] item: Leftovers\n|-damage|p2a: Ampharos|270\/288 tox|[from] psn\n|upkeep\n|turn|29\n|\n|t:|1631733342\n|move|p1a: Jumpluff|Substitute|p1a: Jumpluff\n|-start|p1a: Jumpluff|Substitute\n|-damage|p1a: Jumpluff|22\/257\n|move|p2a: Ampharos|Thunderbolt|p1a: Jumpluff\n|-end|p1a: Jumpluff|Substitute\n|\n|-heal|p1a: Jumpluff|38\/257|[from] item: Leftovers\n|-heal|p2a: Ampharos|288\/288 tox|[from] item: Leftovers\n|-damage|p2a: Ampharos|252\/288 tox|[from] psn\n|upkeep\n|turn|30\n|\n|t:|1631733349\n|switch|p1a: Gorebyss|Gorebyss, L84, M|68\/230\n|move|p2a: Ampharos|Thunderbolt|p1a: Gorebyss\n|-supereffective|p1a: Gorebyss\n|-crit|p1a: Gorebyss\n|-damage|p1a: Gorebyss|0 fnt\n|faint|p1a: Gorebyss\n|\n|t:|1631733354\n|switch|p1a: Jumpluff|Jumpluff, L82, F|38\/257\n|\n|-heal|p1a: Jumpluff|54\/257|[from] item: Leftovers\n|-heal|p2a: Ampharos|270\/288 tox|[from] item: Leftovers\n|-damage|p2a: Ampharos|216\/288 tox|[from] psn\n|upkeep\n|turn|31\n|\n|t:|1631733364\n|move|p1a: Jumpluff|Hidden Power|p2a: Ampharos\n|-resisted|p2a: Ampharos\n|-damage|p2a: Ampharos|192\/288 tox\n|move|p2a: Ampharos|Thunderbolt|p1a: Jumpluff\n|-damage|p1a: Jumpluff|0 fnt\n|faint|p1a: Jumpluff\n|\n|t:|1631733366\n|switch|p1a: Unown|Unown, L99|255\/255\n|\n|-heal|p2a: Ampharos|210\/288 tox|[from] item: Leftovers\n|-damage|p2a: Ampharos|138\/288 tox|[from] psn\n|upkeep\n|turn|32\n|c|\u2606jimmy the card|hahahaha\n|\n|t:|1631733380\n|move|p1a: Unown|Hidden Power|p2a: Ampharos\n|-damage|p2a: Ampharos|41\/288 tox\n|move|p2a: Ampharos|Thunderbolt|p1a: Unown\n|-damage|p1a: Unown|99\/255\n|\n|-heal|p2a: Ampharos|59\/288 tox|[from] item: Leftovers\n|-damage|p2a: Ampharos|0 fnt|[from] psn\n|faint|p2a: Ampharos\n|upkeep\n|\n|t:|1631733383\n|switch|p2a: Ditto|Ditto, L99|255\/255\n|turn|33\n|c|\u2606jimmy the card|o shi\n|\n|t:|1631733387\n|move|p2a: Ditto|Transform|p1a: Unown\n|-transform|p2a: Ditto|p1a: Unown\n|move|p1a: Unown|Hidden Power|p2a: Ditto\n|-resisted|p2a: Ditto\n|-damage|p2a: Ditto|201\/255\n|\n|upkeep\n|turn|34\n|c|\u2606jimmy the card|lol gg\n|c|\u2606The Last Hero|gg\n|\n|t:|1631733393\n|move|p1a: Unown|Hidden Power|p2a: Ditto\n|-resisted|p2a: Ditto\n|-damage|p2a: Ditto|141\/255\n|move|p2a: Ditto|Hidden Power|p1a: Unown\n|-resisted|p1a: Unown\n|-damage|p1a: Unown|48\/255\n|\n|upkeep\n|turn|35\n|\n|t:|1631733397\n|move|p1a: Unown|Hidden Power|p2a: Ditto\n|-resisted|p2a: Ditto\n|-damage|p2a: Ditto|87\/255\n|move|p2a: Ditto|Hidden Power|p1a: Unown\n|-resisted|p1a: Unown\n|-damage|p1a: Unown|0 fnt\n|faint|p1a: Unown\n|\n|win|jimmy the card\n|n|\u2606The Last Hero|thelasthero\n|n|\u2606jimmy the card|jimmythecard\n","inputlog":">version 2c6c9e4125e5985b321c7e7bcaf67c27ce57172d\n>start {\"formatid\":\"gen3randombattle\",\"seed\":[59038,63952,31894,16200],\"rated\":\"Tournament battle\"}\n>player p1 {\"name\":\"The Last Hero\",\"avatar\":\"acetrainersnow\",\"rating\":0,\"seed\":[12833,64799,7415,16767]}\n>player p2 {\"name\":\"jimmy the card\",\"avatar\":\"candice\",\"rating\":0,\"seed\":[47337,35744,58573,17120]}\n>p1 move agility\n>p2 move transform\n>p1 move batonpass\n>p2 move agility\n>chat \u2606jimmy the card|well\n>p1 switch 2\n>p1 move substitute\n>p2 move batonpass\n>p2 switch 5\n>p1 move return\n>p2 move roar\n>p1 move thunderbolt\n>p2 switch 4\n>p1 move hiddenpower\n>p2 move earthquake\n>p1 switch 4\n>p1 move toxic\n>p2 switch 3\n>p1 switch 3\n>p2 move fireblast\n>p1 move raindance\n>p2 move hiddenpower\n>p1 move hydropump\n>p2 move hiddenpower\n>p2 switch 6\n>p1 switch 2\n>p2 move thunderbolt\n>p1 move agility\n>p2 move toxic\n>p1 move hiddenpower\n>p2 switch 4\n>p1 move silverwind\n>p2 move roar\n>p1 move fakeout\n>p2 move surf\n>p1 move return\n>p2 move surf\n>p1 move return\n>p2 move surf\n>p2 switch 3\n>p1 move return\n>p2 move substitute\n>p2 switch 2\n>p1 move shadowball\n>p2 move psychic\n>p1 switch 6\n>p1 move silverwind\n>p2 move hiddenpower\n>p1 switch 3\n>p1 move encore\n>p2 move lovelykiss\n>p1 move toxic\n>p2 switch 4\n>p1 move substitute\n>p2 move healbell\n>p1 move encore\n>p2 move hiddenpower\n>p1 move toxic\n>p2 switch 4\n>p1 move hiddenpower\n>p2 move hiddenpower\n>p1 move hiddenpower\n>p2 move hiddenpower\n>p2 switch 4\n>p1 move toxic\n>p2 move thunderbolt\n>p1 move substitute\n>p2 move thunderbolt\n>p1 switch 2\n>p2 move thunderbolt\n>p1 switch 2\n>p1 move hiddenpower\n>p2 move thunderbolt\n>p1 switch 5\n>chat \u2606jimmy the card|hahahaha\n>p1 move hiddenpower\n>p2 move thunderbolt\n>p2 switch 5\n>chat \u2606jimmy the card|o shi\n>p1 move hiddenpower\n>p2 move transform\n>chat \u2606jimmy the card|lol gg\n>chat \u2606The Last Hero|gg\n>p1 move hiddenpower\n>p2 move hiddenpower\n>p1 move hiddenpower\n>p2 move hiddenpower","uploadtime":1631733401,"views":10,"p1id":"thelasthero","p2id":"jimmythecard","formatid":"gen3randombattle","rating":0,"private":0,"password":null}