{"id":"gen3ou-1130187261","p1":"winter lanterns","p2":"fire eyes2","format":"gen3ou","log":"|j|\u2606winter lanterns\n|j|\u2606fire eyes2\n|player|p1|winter lanterns|burglar|1367\n|player|p2|fire eyes2|2|1322\n|teamsize|p1|6\n|teamsize|p2|6\n|gametype|singles\n|gen|3\n|tier|[Gen 3] OU\n|rated|\n|rule|Sleep Clause Mod: Limit one foe put to sleep\n|rule|Switch Priority Clause Mod: Faster Pok\u00e9mon switch first\n|rule|Species Clause: Limit one of each Pok\u00e9mon\n|rule|OHKO Clause: OHKO moves are banned\n|rule|Moody Clause: Moody is banned\n|rule|Evasion Moves Clause: Evasion moves are banned\n|rule|Endless Battle Clause: Forcing endless battles is banned\n|rule|HP Percentage Mod: HP is shown in percentages\n|rule|3 Baton Pass Clause: Limit three Baton Passers\n|\n|start\n|switch|p1a: Zapdos|Zapdos|100\/100\n|switch|p2a: Celebi|Celebi|100\/100\n|turn|1\n|inactive|Battle timer is ON: inactive players will automatically lose when time's up. (requested by fire eyes2)\n|\n|switch|p1a: Skarmory|Skarmory, F|100\/100\n|move|p2a: Celebi|Leech Seed|p1a: Skarmory\n|-start|p1a: Skarmory|move: Leech Seed\n|\n|-damage|p1a: Skarmory|88\/100|[from] Leech Seed|[of] p2a: Celebi\n|upkeep\n|turn|2\n|inactive|fire eyes2 has 120 seconds left.\n|\n|switch|p2a: Houndoom|Houndoom, F|100\/100\n|move|p1a: Skarmory|Spikes|p2a: Houndoom\n|-sidestart|p2: fire eyes2|Spikes\n|\n|-heal|p1a: Skarmory|94\/100|[from] item: Leftovers\n|-damage|p1a: Skarmory|82\/100|[from] Leech Seed|[of] p2a: Houndoom\n|upkeep\n|turn|3\n|\n|switch|p1a: Flygon|Flygon, M|100\/100\n|move|p2a: Houndoom|Will-O-Wisp|p1a: Flygon\n|-status|p1a: Flygon|brn\n|\n|-damage|p1a: Flygon|88\/100 brn|[from] brn\n|upkeep\n|turn|4\n|inactive|fire eyes2 has 120 seconds left.\n|\n|switch|p2a: Snorlax|Snorlax, F|100\/100\n|-damage|p2a: Snorlax|88\/100|[from] Spikes\n|switch|p1a: Skarmory|Skarmory, F|82\/100\n|\n|-heal|p1a: Skarmory|88\/100|[from] item: Leftovers\n|-heal|p2a: Snorlax|94\/100|[from] item: Leftovers\n|upkeep\n|turn|5\n|\n|switch|p2a: Houndoom|Houndoom, F|100\/100\n|-damage|p2a: Houndoom|88\/100|[from] Spikes\n|move|p1a: Skarmory|Spikes|p2a: Houndoom\n|-sidestart|p2: fire eyes2|Spikes\n|\n|-heal|p2a: Houndoom|94\/100|[from] item: Leftovers\n|-heal|p1a: Skarmory|94\/100|[from] item: Leftovers\n|upkeep\n|turn|6\n|\n|switch|p2a: Starmie|Starmie|100\/100\n|-damage|p2a: Starmie|84\/100|[from] Spikes\n|switch|p1a: Flygon|Flygon, M|88\/100 brn\n|\n|-heal|p2a: Starmie|90\/100|[from] item: Leftovers\n|-damage|p1a: Flygon|76\/100 brn|[from] brn\n|upkeep\n|turn|7\n|\n|move|p2a: Starmie|Rapid Spin|p1a: Flygon\n|-damage|p1a: Flygon|72\/100 brn\n|-sideend|p2: fire eyes2|Spikes|[from] move: Rapid Spin|[of] p2a: Starmie\n|move|p1a: Flygon|Hidden Power|p2a: Starmie\n|-supereffective|p2a: Starmie\n|-damage|p2a: Starmie|42\/100\n|\n|-heal|p2a: Starmie|48\/100|[from] item: Leftovers\n|-damage|p1a: Flygon|60\/100 brn|[from] brn\n|upkeep\n|turn|8\n|\n|move|p2a: Starmie|Ice Beam|p1a: Flygon\n|-supereffective|p1a: Flygon\n|-damage|p1a: Flygon|0 fnt\n|faint|p1a: Flygon\n|\n|switch|p1a: Dugtrio|Dugtrio, F|100\/100\n|\n|-heal|p2a: Starmie|53\/100|[from] item: Leftovers\n|upkeep\n|turn|9\n|\n|move|p1a: Dugtrio|Earthquake|p2a: Starmie\n|-damage|p2a: Starmie|0 fnt\n|faint|p2a: Starmie\n|\n|switch|p2a: Skarmory|Skarmory, F|100\/100\n|\n|upkeep\n|turn|10\n|\n|switch|p1a: Skarmory|Skarmory, F|94\/100\n|move|p2a: Skarmory|Toxic|p1a: Skarmory\n|-immune|p1a: Skarmory\n|\n|-heal|p1a: Skarmory|99\/100|[from] item: Leftovers\n|upkeep\n|turn|11\n|\n|move|p1a: Skarmory|Spikes|p2a: Skarmory\n|-sidestart|p2: fire eyes2|Spikes\n|move|p2a: Skarmory|Taunt|p1a: Skarmory\n|-start|p1a: Skarmory|move: Taunt\n|\n|-heal|p1a: Skarmory|100\/100|[from] item: Leftovers\n|upkeep\n|turn|12\n|\n|switch|p1a: Zapdos|Zapdos|100\/100\n|move|p2a: Skarmory|Toxic|p1a: Zapdos\n|-status|p1a: Zapdos|tox\n|\n|-damage|p1a: Zapdos|94\/100 tox|[from] psn\n|upkeep\n|turn|13\n|\n|switch|p1a: Skarmory|Skarmory, F|100\/100\n|switch|p2a: Snorlax|Snorlax, F|94\/100\n|-damage|p2a: Snorlax|82\/100|[from] Spikes\n|\n|-heal|p2a: Snorlax|88\/100|[from] item: Leftovers\n|upkeep\n|turn|14\n|\n|switch|p2a: Houndoom|Houndoom, F|94\/100\n|-damage|p2a: Houndoom|82\/100|[from] Spikes\n|move|p1a: Skarmory|Spikes|p2a: Houndoom\n|-sidestart|p2: fire eyes2|Spikes\n|\n|-heal|p2a: Houndoom|88\/100|[from] item: Leftovers\n|upkeep\n|turn|15\n|\n|switch|p1a: Aerodactyl|Aerodactyl, F|100\/100\n|move|p2a: Houndoom|Fire Blast|p1a: Aerodactyl\n|-resisted|p1a: Aerodactyl\n|-damage|p1a: Aerodactyl|59\/100\n|\n|-heal|p2a: Houndoom|94\/100|[from] item: Leftovers\n|upkeep\n|turn|16\n|\n|switch|p2a: Skarmory|Skarmory, F|100\/100\n|move|p1a: Aerodactyl|Rock Slide|p2a: Skarmory\n|-damage|p2a: Skarmory|67\/100\n|\n|-heal|p2a: Skarmory|73\/100|[from] item: Leftovers\n|upkeep\n|turn|17\n|\n|switch|p1a: Skarmory|Skarmory, F|100\/100\n|move|p2a: Skarmory|Spikes|p1a: Skarmory\n|-sidestart|p1: winter lanterns|Spikes\n|\n|-heal|p2a: Skarmory|79\/100|[from] item: Leftovers\n|upkeep\n|turn|18\n|\n|move|p1a: Skarmory|Spikes|p2a: Skarmory\n|-sidestart|p2: fire eyes2|Spikes\n|move|p2a: Skarmory|Spikes|p1a: Skarmory\n|-sidestart|p1: winter lanterns|Spikes\n|\n|-heal|p2a: Skarmory|85\/100|[from] item: Leftovers\n|upkeep\n|turn|19\n|\n|switch|p1a: Zapdos|Zapdos|94\/100 tox\n|move|p2a: Skarmory|Toxic|p1a: Zapdos|[miss]\n|-miss|p2a: Skarmory|p1a: Zapdos\n|\n|-heal|p1a: Zapdos|100\/100 tox|[from] item: Leftovers\n|-heal|p2a: Skarmory|91\/100|[from] item: Leftovers\n|-damage|p1a: Zapdos|94\/100 tox|[from] psn\n|upkeep\n|turn|20\n|\n|switch|p2a: Celebi|Celebi|100\/100\n|-damage|p2a: Celebi|75\/100|[from] Spikes\n|move|p1a: Zapdos|Baton Pass|p1a: Zapdos\n|\n|switch|p1a: Dugtrio|Dugtrio, F|100\/100|[from]move: Baton Pass\n|-damage|p1a: Dugtrio|84\/100|[from] Spikes\n|\n|-heal|p2a: Celebi|82\/100|[from] item: Leftovers\n|upkeep\n|turn|21\n|\n|move|p1a: Dugtrio|Hidden Power|p2a: Celebi\n|-supereffective|p2a: Celebi\n|-damage|p2a: Celebi|0 fnt\n|faint|p2a: Celebi\n|\n|switch|p2a: Houndoom|Houndoom, F|94\/100\n|-damage|p2a: Houndoom|69\/100|[from] Spikes\n|\n|-heal|p2a: Houndoom|75\/100|[from] item: Leftovers\n|upkeep\n|turn|22\n|\n|switch|p1a: Skarmory|Skarmory, F|100\/100\n|move|p2a: Houndoom|Will-O-Wisp|p1a: Skarmory\n|-status|p1a: Skarmory|brn\n|\n|-heal|p2a: Houndoom|82\/100|[from] item: Leftovers\n|-damage|p1a: Skarmory|88\/100 brn|[from] brn\n|upkeep\n|turn|23\n|\n|move|p2a: Houndoom|Will-O-Wisp|p1a: Skarmory|[miss]\n|-miss|p2a: Houndoom|p1a: Skarmory\n|move|p1a: Skarmory|Hidden Power|p2a: Houndoom\n|-supereffective|p2a: Houndoom\n|-damage|p2a: Houndoom|47\/100\n|\n|-heal|p2a: Houndoom|53\/100|[from] item: Leftovers\n|-heal|p1a: Skarmory|94\/100 brn|[from] item: Leftovers\n|-damage|p1a: Skarmory|82\/100 brn|[from] brn\n|upkeep\n|turn|24\n|c|\u2606fire eyes2|hp fighting?\n|c|\u2606fire eyes2|on a skarm?\n|c|\u2606winter lanterns|ground\n|c|\u2606fire eyes2|i;ll show this on smogon\n|\n|move|p2a: Houndoom|Fire Blast|p1a: Skarmory\n|-supereffective|p1a: Skarmory\n|-damage|p1a: Skarmory|0 fnt\n|faint|p1a: Skarmory\n|\n|switch|p1a: Dugtrio|Dugtrio, F|84\/100\n|-damage|p1a: Dugtrio|67\/100|[from] Spikes\n|\n|-heal|p2a: Houndoom|59\/100|[from] item: Leftovers\n|upkeep\n|turn|25\n|\n|move|p1a: Dugtrio|Earthquake|p2a: Houndoom\n|-supereffective|p2a: Houndoom\n|-damage|p2a: Houndoom|0 fnt\n|faint|p2a: Houndoom\n|\n|switch|p2a: Skarmory|Skarmory, F|91\/100\n|\n|-heal|p2a: Skarmory|97\/100|[from] item: Leftovers\n|upkeep\n|turn|26\n|\n|switch|p1a: Gengar|Gengar, F|100\/100\n|move|p2a: Skarmory|Whirlwind|p1a: Gengar\n|drag|p1a: Zapdos|Zapdos|94\/100 tox\n|\n|-heal|p1a: Zapdos|100\/100 tox|[from] item: Leftovers\n|-heal|p2a: Skarmory|100\/100|[from] item: Leftovers\n|-damage|p1a: Zapdos|94\/100 tox|[from] psn\n|upkeep\n|turn|27\n|\n|switch|p2a: Dugtrio|Dugtrio, M, shiny|100\/100\n|-damage|p2a: Dugtrio|76\/100|[from] Spikes\n|move|p1a: Zapdos|Thunderbolt|p2a: Dugtrio\n|-immune|p2a: Dugtrio\n|\n|-heal|p1a: Zapdos|100\/100 tox|[from] item: Leftovers\n|-damage|p1a: Zapdos|88\/100 tox|[from] psn\n|upkeep\n|turn|28\n|\n|move|p2a: Dugtrio|Rock Slide|p1a: Zapdos|[miss]\n|-miss|p2a: Dugtrio|p1a: Zapdos\n|move|p1a: Zapdos|Hidden Power|p2a: Dugtrio\n|-supereffective|p2a: Dugtrio\n|-damage|p2a: Dugtrio|0 fnt\n|faint|p2a: Dugtrio\n|c|\u2606fire eyes2|nice\n|c|\u2606fire eyes2|gg\n|\n|switch|p2a: Snorlax|Snorlax, F|88\/100\n|-damage|p2a: Snorlax|63\/100|[from] Spikes\n|\n|-heal|p1a: Zapdos|94\/100 tox|[from] item: Leftovers\n|-heal|p2a: Snorlax|69\/100|[from] item: Leftovers\n|-damage|p1a: Zapdos|76\/100 tox|[from] psn\n|upkeep\n|turn|29\n|c|\u2606winter lanterns|gg\n|\n|move|p1a: Zapdos|Thunderbolt|p2a: Snorlax\n|-damage|p2a: Snorlax|45\/100\n|move|p2a: Snorlax|Curse|p2a: Snorlax\n|-unboost|p2a: Snorlax|spe|1\n|-boost|p2a: Snorlax|atk|1\n|-boost|p2a: Snorlax|def|1\n|\n|-heal|p1a: Zapdos|82\/100 tox|[from] item: Leftovers\n|-heal|p2a: Snorlax|52\/100|[from] item: Leftovers\n|-damage|p1a: Zapdos|57\/100 tox|[from] psn\n|upkeep\n|turn|30\n|\n|move|p1a: Zapdos|Thunderbolt|p2a: Snorlax\n|-damage|p2a: Snorlax|26\/100\n|move|p2a: Snorlax|Body Slam|p1a: Zapdos\n|-damage|p1a: Zapdos|0 fnt\n|faint|p1a: Zapdos\n|\n|switch|p1a: Aerodactyl|Aerodactyl, F|59\/100\n|\n|-heal|p2a: Snorlax|32\/100|[from] item: Leftovers\n|upkeep\n|turn|31\n|\n|move|p1a: Aerodactyl|Double-Edge|p2a: Snorlax\n|-damage|p2a: Snorlax|5\/100\n|-damage|p1a: Aerodactyl|43\/100|[from] Recoil|[of] p2a: Snorlax\n|move|p2a: Snorlax|Rest|p2a: Snorlax\n|-status|p2a: Snorlax|slp|[from] move: Rest\n|-heal|p2a: Snorlax|100\/100 slp|[silent]\n|\n|upkeep\n|turn|32\n|\n|move|p1a: Aerodactyl|Double-Edge|p2a: Snorlax\n|-damage|p2a: Snorlax|73\/100 slp\n|-damage|p1a: Aerodactyl|27\/100|[from] Recoil|[of] p2a: Snorlax\n|cant|p2a: Snorlax|slp\n|\n|-heal|p2a: Snorlax|79\/100 slp|[from] item: Leftovers\n|upkeep\n|turn|33\n|\n|move|p1a: Aerodactyl|Double-Edge|p2a: Snorlax\n|-damage|p2a: Snorlax|53\/100 slp\n|-damage|p1a: Aerodactyl|12\/100|[from] Recoil|[of] p2a: Snorlax\n|cant|p2a: Snorlax|slp\n|\n|-heal|p2a: Snorlax|59\/100 slp|[from] item: Leftovers\n|upkeep\n|turn|34\n|\n|move|p1a: Aerodactyl|Double-Edge|p2a: Snorlax\n|-damage|p2a: Snorlax|32\/100 slp\n|-damage|p1a: Aerodactyl|0 fnt|[from] Recoil|[of] p2a: Snorlax\n|faint|p1a: Aerodactyl\n|\n|switch|p1a: Dugtrio|Dugtrio, F|67\/100\n|-damage|p1a: Dugtrio|51\/100|[from] Spikes\n|\n|-heal|p2a: Snorlax|38\/100 slp|[from] item: Leftovers\n|upkeep\n|turn|35\n|\n|move|p1a: Dugtrio|Earthquake|p2a: Snorlax\n|-damage|p2a: Snorlax|9\/100 slp\n|-curestatus|p2a: Snorlax|slp|[msg]\n|move|p2a: Snorlax|Rest|p2a: Snorlax\n|-status|p2a: Snorlax|slp|[from] move: Rest\n|-heal|p2a: Snorlax|100\/100 slp|[silent]\n|\n|upkeep\n|turn|36\n|\n|move|p1a: Dugtrio|Earthquake|p2a: Snorlax\n|-damage|p2a: Snorlax|70\/100 slp\n|cant|p2a: Snorlax|slp\n|\n|-heal|p2a: Snorlax|77\/100 slp|[from] item: Leftovers\n|upkeep\n|turn|37\n|\n|move|p1a: Dugtrio|Earthquake|p2a: Snorlax\n|-damage|p2a: Snorlax|44\/100 slp\n|cant|p2a: Snorlax|slp\n|\n|-heal|p2a: Snorlax|51\/100 slp|[from] item: Leftovers\n|upkeep\n|turn|38\n|\n|move|p1a: Dugtrio|Earthquake|p2a: Snorlax\n|-damage|p2a: Snorlax|23\/100 slp\n|-curestatus|p2a: Snorlax|slp|[msg]\n|move|p2a: Snorlax|Body Slam|p1a: Dugtrio\n|-damage|p1a: Dugtrio|0 fnt\n|faint|p1a: Dugtrio\n|\n|switch|p1a: Gengar|Gengar, F|100\/100\n|\n|-heal|p2a: Snorlax|29\/100|[from] item: Leftovers\n|upkeep\n|turn|39\n|\n|move|p1a: Gengar|Thunderbolt|p2a: Snorlax\n|-damage|p2a: Snorlax|13\/100\n|move|p2a: Snorlax|Shadow Ball|p1a: Gengar\n|-supereffective|p1a: Gengar\n|-damage|p1a: Gengar|0 fnt\n|faint|p1a: Gengar\n|\n|win|fire eyes2\n|l|\u2606winter lanterns\n|c|\u2606fire eyes2|oh\n|c|\u2606fire eyes2|well\n","uploadtime":1591785988,"views":12,"p1id":"winterlanterns","p2id":"fireeyes2","formatid":"gen3ou","rating":0,"private":0,"password":null}