{"id":"gen3nu-1678472232","p1":"ayevon","p2":"OranBerryBlissey10","format":"gen3nu","log":"|j|\u2606ayevon\n|j|\u2606OranBerryBlissey10\n|t:|1664994652\n|gametype|singles\n|player|p1|ayevon|170|\n|player|p2|OranBerryBlissey10|#omplxtempertyrantrums|\n|teamsize|p1|6\n|teamsize|p2|6\n|gen|3\n|tier|[Gen 3] NU\n|rated|Tournament battle\n|rule|Sleep Clause Mod: Limit one foe put to sleep\n|rule|Switch Priority Clause Mod: Faster Pok\u00e9mon switch first\n|rule|Species Clause: Limit one of each Pok\u00e9mon\n|rule|OHKO Clause: OHKO moves are banned\n|rule|Evasion Items Clause: Evasion items are banned\n|rule|Evasion Moves Clause: Evasion moves are banned\n|rule|Endless Battle Clause: Forcing endless battles is banned\n|rule|HP Percentage Mod: HP is shown in percentages\n|\n|t:|1664994652\n|start\n|switch|p1a: Elekid|Elekid, F|100\/100\n|switch|p2a: Cyndaquil|Cyndaquil, F|100\/100\n|turn|1\n|inactive|Battle timer is ON: inactive players will automatically lose when time's up. (requested by ayevon)\n|c|\u2606OranBerryBlissey10|gl\n|c|\u2606ayevon|hf\n|j|+BOOken Phobias\n|\n|t:|1664994665\n|switch|p1a: Seaking|Seaking, F|100\/100\n|move|p2a: Cyndaquil|Fire Blast|p1a: Seaking\n|-resisted|p1a: Seaking\n|-damage|p1a: Seaking|71\/100\n|\n|-heal|p1a: Seaking|77\/100|[from] item: Leftovers\n|upkeep\n|turn|2\n|\n|t:|1664994678\n|switch|p2a: Exeggcute|Exeggcute, F|100\/100\n|move|p1a: Seaking|Surf|p2a: Exeggcute\n|-resisted|p2a: Exeggcute\n|-damage|p2a: Exeggcute|71\/100\n|\n|-heal|p1a: Seaking|83\/100|[from] item: Leftovers\n|-heal|p2a: Exeggcute|77\/100|[from] item: Leftovers\n|upkeep\n|turn|3\n|\n|t:|1664994682\n|move|p1a: Seaking|Megahorn|p2a: Exeggcute\n|-supereffective|p2a: Exeggcute\n|-damage|p2a: Exeggcute|0 fnt\n|faint|p2a: Exeggcute\n|\n|t:|1664994689\n|switch|p2a: Chinchou|Chinchou, F|100\/100\n|\n|-heal|p1a: Seaking|89\/100|[from] item: Leftovers\n|upkeep\n|turn|4\n|c|+BOOken Phobias|EGGY SUCKSSSS\n|\n|t:|1664994695\n|switch|p1a: Dustox|Dustox, M|100\/100\n|move|p2a: Chinchou|Thunder Wave|p1a: Dustox\n|-status|p1a: Dustox|par\n|\n|upkeep\n|turn|5\n|j|%scarywooper\n|\n|t:|1664994708\n|switch|p2a: Cyndaquil|Cyndaquil, F|100\/100\n|cant|p1a: Dustox|par\n|\n|upkeep\n|turn|6\n|\n|t:|1664994718\n|switch|p1a: Seaking|Seaking, F|89\/100\n|move|p2a: Cyndaquil|Fire Blast|p1a: Seaking\n|-resisted|p1a: Seaking\n|-damage|p1a: Seaking|59\/100\n|\n|-heal|p1a: Seaking|65\/100|[from] item: Leftovers\n|upkeep\n|turn|7\n|\n|t:|1664994722\n|switch|p2a: Chinchou|Chinchou, F|100\/100\n|move|p1a: Seaking|Surf|p2a: Chinchou\n|-resisted|p2a: Chinchou\n|-damage|p2a: Chinchou|72\/100\n|\n|-heal|p1a: Seaking|71\/100|[from] item: Leftovers\n|-heal|p2a: Chinchou|78\/100|[from] item: Leftovers\n|upkeep\n|turn|8\n|\n|t:|1664994728\n|switch|p1a: Dustox|Dustox, M|100\/100 par\n|switch|p2a: Rhyhorn|Rhyhorn, F|100\/100\n|\n|upkeep\n|turn|9\n|\n|t:|1664994736\n|switch|p1a: Rhyhorn|Rhyhorn, F|100\/100\n|move|p2a: Rhyhorn|Substitute|p2a: Rhyhorn\n|-start|p2a: Rhyhorn|Substitute\n|-damage|p2a: Rhyhorn|76\/100\n|\n|-heal|p2a: Rhyhorn|82\/100|[from] item: Leftovers\n|upkeep\n|turn|10\n|\n|t:|1664994740\n|move|p2a: Rhyhorn|Earthquake|p1a: Rhyhorn\n|-supereffective|p1a: Rhyhorn\n|-damage|p1a: Rhyhorn|49\/100\n|move|p1a: Rhyhorn|Earthquake|p2a: Rhyhorn\n|-supereffective|p2a: Rhyhorn\n|-end|p2a: Rhyhorn|Substitute\n|\n|-heal|p2a: Rhyhorn|88\/100|[from] item: Leftovers\n|-heal|p1a: Rhyhorn|55\/100|[from] item: Leftovers\n|upkeep\n|turn|11\n|\n|t:|1664994747\n|move|p2a: Rhyhorn|Earthquake|p1a: Rhyhorn\n|-supereffective|p1a: Rhyhorn\n|-damage|p1a: Rhyhorn|0 fnt\n|faint|p1a: Rhyhorn\n|\n|t:|1664994750\n|switch|p1a: Elekid|Elekid, F|100\/100\n|\n|-heal|p2a: Rhyhorn|94\/100|[from] item: Leftovers\n|upkeep\n|turn|12\n|inactive|OranBerryBlissey10 has 120 seconds left.\n|\n|t:|1664994784\n|switch|p2a: Cyndaquil|Cyndaquil, F|100\/100\n|move|p1a: Elekid|Hidden Power|p2a: Cyndaquil\n|-resisted|p2a: Cyndaquil\n|-damage|p2a: Cyndaquil|78\/100\n|\n|upkeep\n|turn|13\n|\n|t:|1664994788\n|switch|p2a: Chinchou|Chinchou, F|78\/100\n|move|p1a: Elekid|Thunderbolt|p2a: Chinchou\n|-heal|p2a: Chinchou|100\/100|[from] ability: Volt Absorb|[of] p1a: Elekid\n|\n|upkeep\n|turn|14\n|\n|t:|1664994798\n|switch|p1a: Dustox|Dustox, M|100\/100 par\n|move|p2a: Chinchou|Thunder Wave|p1a: Dustox\n|-fail|p1a: Dustox|par\n|\n|upkeep\n|turn|15\n|\n|t:|1664994803\n|switch|p2a: Cyndaquil|Cyndaquil, F|78\/100\n|cant|p1a: Dustox|par\n|\n|upkeep\n|turn|16\n|c|\u2606ayevon|plz\n|\n|t:|1664994811\n|switch|p2a: Chinchou|Chinchou, F|100\/100\n|switch|p1a: Seaking|Seaking, F|71\/100\n|\n|-heal|p1a: Seaking|77\/100|[from] item: Leftovers\n|upkeep\n|turn|17\n|\n|t:|1664994817\n|move|p1a: Seaking|Surf|p2a: Chinchou\n|-resisted|p2a: Chinchou\n|-damage|p2a: Chinchou|72\/100\n|move|p2a: Chinchou|Thunderbolt|p1a: Seaking\n|-supereffective|p1a: Seaking\n|-damage|p1a: Seaking|0 fnt\n|faint|p1a: Seaking\n|\n|t:|1664994821\n|switch|p1a: Castform|Castform, M|100\/100\n|\n|-heal|p2a: Chinchou|79\/100|[from] item: Leftovers\n|upkeep\n|turn|18\n|\n|t:|1664994827\n|move|p1a: Castform|Hidden Power|p2a: Chinchou\n|-supereffective|p2a: Chinchou\n|-damage|p2a: Chinchou|30\/100\n|move|p2a: Chinchou|Thunder Wave|p1a: Castform\n|-status|p1a: Castform|par\n|\n|-heal|p2a: Chinchou|36\/100|[from] item: Leftovers\n|upkeep\n|turn|19\n|c|+BOOken Phobias|I need to keep building with chinc\n|c|+BOOken Phobias|all my good teams have it\n|\n|t:|1664994848\n|switch|p2a: Butterfree|Butterfree, F|100\/100\n|move|p1a: Castform|Hidden Power|p2a: Butterfree\n|-resisted|p2a: Butterfree\n|-damage|p2a: Butterfree|96\/100\n|\n|upkeep\n|turn|20\n|\n|t:|1664994855\n|switch|p1a: Dustox|Dustox, M|100\/100 par\n|move|p2a: Butterfree|Substitute|p2a: Butterfree\n|-start|p2a: Butterfree|Substitute\n|-damage|p2a: Butterfree|71\/100\n|\n|upkeep\n|turn|21\n|\n|t:|1664994861\n|move|p2a: Butterfree|Psychic|p1a: Dustox\n|-supereffective|p1a: Dustox\n|-damage|p1a: Dustox|63\/100 par\n|move|p1a: Dustox|Sludge Bomb|p2a: Butterfree\n|-end|p2a: Butterfree|Substitute\n|\n|-heal|p1a: Dustox|69\/100 par|[from] item: Leftovers\n|upkeep\n|turn|22\n|\n|t:|1664994867\n|move|p2a: Butterfree|Psychic|p1a: Dustox\n|-supereffective|p1a: Dustox\n|-damage|p1a: Dustox|33\/100 par\n|move|p1a: Dustox|Sludge Bomb|p2a: Butterfree\n|-damage|p2a: Butterfree|34\/100\n|-status|p2a: Butterfree|psn\n|\n|-damage|p2a: Butterfree|22\/100 psn|[from] psn\n|-heal|p1a: Dustox|39\/100 par|[from] item: Leftovers\n|upkeep\n|turn|23\n|\n|t:|1664994872\n|move|p2a: Butterfree|Psychic|p1a: Dustox\n|-supereffective|p1a: Dustox\n|-damage|p1a: Dustox|0 fnt\n|faint|p1a: Dustox\n|j| shiny mr mime\n|\n|t:|1664994877\n|switch|p1a: Elekid|Elekid, F|100\/100\n|\n|-enditem|p2a: Butterfree|Petaya Berry|[eat]\n|-boost|p2a: Butterfree|spa|1|[from] item: Petaya Berry\n|-damage|p2a: Butterfree|9\/100 psn|[from] psn\n|upkeep\n|turn|24\n|\n|t:|1664994883\n|move|p1a: Elekid|Fire Punch|p2a: Butterfree\n|-supereffective|p2a: Butterfree\n|-damage|p2a: Butterfree|0 fnt\n|faint|p2a: Butterfree\n|\n|t:|1664994890\n|switch|p2a: Cyndaquil|Cyndaquil, F|78\/100\n|\n|upkeep\n|turn|25\n|\n|t:|1664994896\n|move|p1a: Elekid|Thunderbolt|p2a: Cyndaquil\n|-damage|p2a: Cyndaquil|0 fnt\n|faint|p2a: Cyndaquil\n|\n|t:|1664994901\n|switch|p2a: Mankey|Mankey, M|100\/100\n|\n|upkeep\n|turn|26\n|\n|t:|1664994906\n|switch|p2a: Chinchou|Chinchou, F|36\/100\n|move|p1a: Elekid|Thunderbolt|p2a: Chinchou\n|-heal|p2a: Chinchou|61\/100|[from] ability: Volt Absorb|[of] p1a: Elekid\n|\n|-heal|p2a: Chinchou|67\/100|[from] item: Leftovers\n|upkeep\n|turn|27\n|\n|t:|1664994914\n|switch|p1a: Castform|Castform, M|100\/100 par\n|move|p2a: Chinchou|Thunder Wave|p1a: Castform\n|-fail|p1a: Castform|par\n|\n|-heal|p2a: Chinchou|73\/100|[from] item: Leftovers\n|upkeep\n|turn|28\n|\n|t:|1664994918\n|switch|p2a: Mankey|Mankey, M|100\/100\n|move|p1a: Castform|Hidden Power|p2a: Mankey\n|-damage|p2a: Mankey|67\/100\n|\n|upkeep\n|turn|29\n|\n|t:|1664994925\n|move|p2a: Mankey|Substitute|p2a: Mankey\n|-start|p2a: Mankey|Substitute\n|-damage|p2a: Mankey|42\/100\n|move|p1a: Castform|Hidden Power|p2a: Mankey\n|-end|p2a: Mankey|Substitute\n|\n|upkeep\n|turn|30\n|\n|t:|1664994930\n|move|p2a: Mankey|Substitute|p2a: Mankey\n|-start|p2a: Mankey|Substitute\n|-damage|p2a: Mankey|17\/100\n|move|p1a: Castform|Hidden Power|p2a: Mankey\n|-end|p2a: Mankey|Substitute\n|\n|-enditem|p2a: Mankey|Salac Berry|[eat]\n|-boost|p2a: Mankey|spe|1|[from] item: Salac Berry\n|upkeep\n|turn|31\n|\n|t:|1664994934\n|move|p2a: Mankey|Cross Chop|p1a: Castform\n|-supereffective|p1a: Castform\n|-damage|p1a: Castform|0 fnt\n|faint|p1a: Castform\n|\n|t:|1664994938\n|switch|p1a: Elekid|Elekid, F|100\/100\n|\n|upkeep\n|turn|32\n|\n|t:|1664994941\n|move|p2a: Mankey|Cross Chop|p1a: Elekid\n|-damage|p1a: Elekid|0 fnt\n|faint|p1a: Elekid\n|-message|ayevon forfeited.\n|\n|win|OranBerryBlissey10\n|n|\u2606ayevon|ayevon\n|n|\u2606OranBerryBlissey10|oranberryblissey10\n|n| BOOken Phobias|bookenphobias\n|n| scarywooper|scarywooper\n|n| shiny mr mime|shinymrmime\n|l|\u2606ayevon\n|c|\u2606OranBerryBlissey10|gg\n|l| BOOken Phobias\n|l| shiny mr mime\n|l| scarywooper\n","uploadtime":1664994957,"views":4,"p1id":"ayevon","p2id":"oranberryblissey10","formatid":"gen3nu","rating":0,"private":0,"password":null}