{"id":"gen3ou-1575899968","p1":"Criez Hydroliennes","p2":"i know im horrible","format":"gen3ou","log":"|j|\u2606Criez Hydroliennes\n|j|\u2606i know im horrible\n|t:|1652696548\n|gametype|singles\n|player|p1|Criez Hydroliennes|winona|\n|player|p2|i know im horrible|102|\n|teamsize|p1|6\n|teamsize|p2|6\n|gen|3\n|tier|[Gen 3] OU\n|rated|Tournament battle\n|rule|Sleep Clause Mod: Limit one foe put to sleep\n|rule|Switch Priority Clause Mod: Faster Pok\u00e9mon switch first\n|rule|Species Clause: Limit one of each Pok\u00e9mon\n|rule|OHKO Clause: OHKO moves are banned\n|rule|Evasion Moves Clause: Evasion moves are banned\n|rule|Endless Battle Clause: Forcing endless battles is banned\n|rule|HP Percentage Mod: HP is shown in percentages\n|rule|One Boost Passer Clause: Limit one Baton Passer that has a way to boost its stats\n|\n|t:|1652696548\n|start\n|switch|p1a: Ocre|Zapdos|100\/100\n|switch|p2a: Metagross|Metagross|100\/100\n|turn|1\n|j| BB-8-NU\n|j| Atom The Sand Lord\n|\n|t:|1652696563\n|move|p1a: Ocre|Thunderbolt|p2a: Metagross\n|-damage|p2a: Metagross|52\/100\n|move|p2a: Metagross|Rock Slide|p1a: Ocre\n|-supereffective|p1a: Ocre\n|-damage|p1a: Ocre|33\/100\n|\n|-heal|p1a: Ocre|39\/100|[from] item: Leftovers\n|-heal|p2a: Metagross|58\/100|[from] item: Leftovers\n|upkeep\n|turn|2\n|\n|t:|1652696569\n|move|p1a: Ocre|Baton Pass|p1a: Ocre\n|l| Atom The Sand Lord\n|\n|t:|1652696571\n|switch|p1a: Emeraude|Breloom, F|100\/100|[from]move: Baton Pass\n|move|p2a: Metagross|Rock Slide|p1a: Emeraude\n|-resisted|p1a: Emeraude\n|-crit|p1a: Emeraude\n|-damage|p1a: Emeraude|51\/100\n|\n|-heal|p1a: Emeraude|57\/100|[from] item: Leftovers\n|-heal|p2a: Metagross|65\/100|[from] item: Leftovers\n|upkeep\n|turn|3\n|j| khany\n|\n|t:|1652696575\n|move|p1a: Emeraude|Spore|p2a: Metagross\n|-status|p2a: Metagross|slp|[from] move: Spore\n|cant|p2a: Metagross|slp\n|\n|-heal|p1a: Emeraude|63\/100|[from] item: Leftovers\n|-heal|p2a: Metagross|71\/100 slp|[from] item: Leftovers\n|upkeep\n|turn|4\n|\n|t:|1652696592\n|-singleturn|p1a: Emeraude|move: Focus Punch\n|switch|p2a: Suicune|Suicune|100\/100\n|move|p1a: Emeraude|Focus Punch|p2a: Suicune\n|-damage|p2a: Suicune|54\/100\n|\n|-heal|p1a: Emeraude|69\/100|[from] item: Leftovers\n|-heal|p2a: Suicune|60\/100|[from] item: Leftovers\n|upkeep\n|turn|5\n|\n|t:|1652696602\n|switch|p1a: Ocre|Zapdos|39\/100\n|move|p2a: Suicune|Surf|p1a: Ocre\n|-crit|p1a: Ocre\n|-damage|p1a: Ocre|0 fnt\n|faint|p1a: Ocre\n|\n|t:|1652696607\n|switch|p1a: Ivoire|Snorlax, F|100\/100\n|\n|-heal|p2a: Suicune|66\/100|[from] item: Leftovers\n|upkeep\n|turn|6\n|\n|t:|1652696612\n|-singleturn|p1a: Ivoire|move: Focus Punch\n|switch|p2a: Forretress|Forretress, M|100\/100\n|move|p1a: Ivoire|Focus Punch|p2a: Forretress\n|-damage|p2a: Forretress|63\/100\n|\n|upkeep\n|turn|7\n|\n|t:|1652696624\n|switch|p1a: Pourpre|Charizard, F|100\/100\n|move|p2a: Forretress|Explosion|p1a: Pourpre\n|-damage|p1a: Pourpre|0 fnt\n|faint|p2a: Forretress\n|faint|p1a: Pourpre\n|\n|t:|1652696652\n|switch|p1a: Dofawa|Swampert, F|100\/100\n|switch|p2a: Magneton|Magneton|100\/100\n|\n|upkeep\n|turn|8\n|\n|t:|1652696656\n|move|p2a: Magneton|Hidden Power|p1a: Dofawa\n|-supereffective|p1a: Dofawa\n|-damage|p1a: Dofawa|0 fnt\n|faint|p1a: Dofawa\n|\n|t:|1652696660\n|switch|p1a: Emeraude|Breloom, F|69\/100\n|\n|-heal|p1a: Emeraude|75\/100|[from] item: Leftovers\n|upkeep\n|turn|9\n|\n|t:|1652696664\n|move|p2a: Magneton|Thunder Wave|p1a: Emeraude\n|-status|p1a: Emeraude|par\n|cant|p1a: Emeraude|par\n|\n|-heal|p1a: Emeraude|81\/100 par|[from] item: Leftovers\n|upkeep\n|turn|10\n|\n|t:|1652696667\n|move|p2a: Magneton|Thunderbolt|p1a: Emeraude\n|-resisted|p1a: Emeraude\n|-damage|p1a: Emeraude|38\/100 par\n|cant|p1a: Emeraude|par\n|\n|-heal|p1a: Emeraude|44\/100 par|[from] item: Leftovers\n|upkeep\n|turn|11\n|\n|t:|1652696669\n|move|p2a: Magneton|Thunderbolt|p1a: Emeraude\n|-resisted|p1a: Emeraude\n|-damage|p1a: Emeraude|7\/100 par\n|move|p1a: Emeraude|Sky Uppercut|p2a: Magneton\n|-supereffective|p2a: Magneton\n|-damage|p2a: Magneton|0 fnt\n|faint|p2a: Magneton\n|\n|t:|1652696674\n|switch|p2a: Snorlax|Snorlax, M|100\/100\n|\n|-heal|p1a: Emeraude|13\/100 par|[from] item: Leftovers\n|upkeep\n|turn|12\n|\n|t:|1652696679\n|-singleturn|p1a: Emeraude|move: Focus Punch\n|move|p2a: Snorlax|Body Slam|p1a: Emeraude\n|-damage|p1a: Emeraude|0 fnt\n|faint|p1a: Emeraude\n|\n|t:|1652696683\n|switch|p1a: Ivoire|Snorlax, F|100\/100\n|\n|upkeep\n|turn|13\n|\n|t:|1652696694\n|-singleturn|p1a: Ivoire|move: Focus Punch\n|move|p2a: Snorlax|Body Slam|p1a: Ivoire\n|-damage|p1a: Ivoire|42\/100\n|move|p1a: Ivoire|Focus Punch||[still]\n|cant|p1a: Ivoire|Focus Punch|Focus Punch\n|\n|-heal|p1a: Ivoire|48\/100|[from] item: Leftovers\n|upkeep\n|turn|14\n|\n|t:|1652696697\n|move|p2a: Snorlax|Body Slam|p1a: Ivoire\n|-damage|p1a: Ivoire|0 fnt\n|faint|p1a: Ivoire\n|\n|t:|1652696699\n|switch|p1a: Turquoise|Metagross|100\/100\n|\n|upkeep\n|turn|15\n|\n|t:|1652696705\n|switch|p2a: Jirachi|Jirachi|100\/100\n|move|p1a: Turquoise|Hidden Power|p2a: Jirachi\n|-supereffective|p2a: Jirachi\n|-damage|p2a: Jirachi|66\/100\n|\n|-heal|p2a: Jirachi|72\/100|[from] item: Leftovers\n|upkeep\n|turn|16\n|\n|t:|1652696709\n|move|p2a: Jirachi|Thunderbolt|p1a: Turquoise\n|-damage|p1a: Turquoise|80\/100\n|-status|p1a: Turquoise|par\n|cant|p1a: Turquoise|par\n|\n|-heal|p2a: Jirachi|78\/100|[from] item: Leftovers\n|-heal|p1a: Turquoise|86\/100 par|[from] item: Leftovers\n|upkeep\n|turn|17\n|c|\u2606i know im horrible|sorry for that\n|l| khany\n|\n|t:|1652696724\n|move|p2a: Jirachi|Thunderbolt|p1a: Turquoise\n|-damage|p1a: Turquoise|64\/100 par\n|cant|p1a: Turquoise|par\n|\n|-heal|p2a: Jirachi|84\/100|[from] item: Leftovers\n|-heal|p1a: Turquoise|70\/100 par|[from] item: Leftovers\n|upkeep\n|turn|18\n|c|\u2606Criez Hydroliennes|Can't play this one ahhaa\n|\n|t:|1652696750\n|move|p2a: Jirachi|Thunderbolt|p1a: Turquoise\n|-damage|p1a: Turquoise|50\/100 par\n|move|p1a: Turquoise|Hidden Power|p2a: Jirachi\n|-supereffective|p2a: Jirachi\n|-damage|p2a: Jirachi|51\/100\n|\n|-heal|p2a: Jirachi|57\/100|[from] item: Leftovers\n|-heal|p1a: Turquoise|56\/100 par|[from] item: Leftovers\n|upkeep\n|turn|19\n|c|\u2606Criez Hydroliennes|gg\n|\n|t:|1652696753\n|move|p2a: Jirachi|Thunderbolt|p1a: Turquoise\n|-damage|p1a: Turquoise|35\/100 par\n|move|p1a: Turquoise|Hidden Power|p2a: Jirachi\n|-supereffective|p2a: Jirachi\n|-damage|p2a: Jirachi|21\/100\n|\n|-heal|p2a: Jirachi|27\/100|[from] item: Leftovers\n|-heal|p1a: Turquoise|41\/100 par|[from] item: Leftovers\n|upkeep\n|turn|20\n|c|\u2606i know im horrible|gg\n|\n|t:|1652696757\n|move|p2a: Jirachi|Thunderbolt|p1a: Turquoise\n|-damage|p1a: Turquoise|19\/100 par\n|move|p1a: Turquoise|Hidden Power|p2a: Jirachi\n|-supereffective|p2a: Jirachi\n|-damage|p2a: Jirachi|0 fnt\n|faint|p2a: Jirachi\n|\n|t:|1652696760\n|switch|p2a: Snorlax|Snorlax, M|100\/100\n|\n|-heal|p1a: Turquoise|25\/100 par|[from] item: Leftovers\n|upkeep\n|turn|21\n|\n|t:|1652696763\n|move|p2a: Snorlax|Earthquake|p1a: Turquoise\n|-supereffective|p1a: Turquoise\n|-damage|p1a: Turquoise|0 fnt\n|faint|p1a: Turquoise\n|\n|win|i know im horrible\n|n|\u2606Criez Hydroliennes|criezhydroliennes\n|n|\u2606i know im horrible|iknowimhorrible\n|n| BB-8-NU|bb8nu\n","uploadtime":1652696765,"views":4,"p1id":"criezhydroliennes","p2id":"iknowimhorrible","formatid":"gen3ou","rating":0,"private":0,"password":null}