{"id":"gen3ubers-1631566569","p1":"Raph369","p2":"Ajencis","format":"gen3ubers","log":"|j|\u2606Raph369\n|j|\u2606Ajencis\n|t:|1659555891\n|gametype|singles\n|player|p1|Raph369|archer|\n|player|p2|Ajencis|delinquent|\n|teamsize|p1|6\n|teamsize|p2|6\n|gen|3\n|tier|[Gen 3] Ubers\n|rule|Sleep Clause Mod: Limit one foe put to sleep\n|rule|Switch Priority Clause Mod: Faster Pok\u00e9mon switch first\n|rule|Species Clause: Limit one of each Pok\u00e9mon\n|rule|OHKO Clause: OHKO moves are banned\n|rule|Evasion Moves Clause: Evasion moves are banned\n|rule|Endless Battle Clause: Forcing endless battles is banned\n|rule|HP Percentage Mod: HP is shown in percentages\n|rule|Deoxys Camouflage Clause: Reveals the Deoxys forme when it is sent in battle.\n|rule|One Baton Pass Clause: Limit one Baton Passer\n|\n|t:|1659555891\n|start\n|switch|p1a: Latios|Latios, M|100\/100\n|switch|p2a: Latios|Latios, M, shiny|100\/100\n|turn|1\n|c|\u2606Raph369|hf\n|c|\u2606Ajencis|i can only do 1, good luck\n|\n|t:|1659555901\n|switch|p1a: Blissey|Blissey, F|100\/100\n|switch|p2a: Blissey|Blissey, F, shiny|100\/100\n|\n|upkeep\n|turn|2\n|\n|t:|1659555910\n|move|p2a: Blissey|Toxic|p1a: Blissey\n|-status|p1a: Blissey|tox\n|move|p1a: Blissey|Toxic|p2a: Blissey\n|-status|p2a: Blissey|tox\n|\n|-damage|p2a: Blissey|94\/100 tox|[from] psn\n|-damage|p1a: Blissey|94\/100 tox|[from] psn\n|upkeep\n|turn|3\n|\n|t:|1659555913\n|-curestatus|p1a: Blissey|tox|[from] ability: Natural Cure\n|switch|p1a: Breloom|Breloom, M|100\/100\n|move|p2a: Blissey|Flamethrower|p1a: Breloom\n|-supereffective|p1a: Breloom\n|-damage|p1a: Breloom|42\/100\n|-status|p1a: Breloom|brn\n|\n|-heal|p1a: Breloom|48\/100 brn|[from] item: Leftovers\n|-damage|p1a: Breloom|36\/100 brn|[from] brn\n|-heal|p2a: Blissey|100\/100 tox|[from] item: Leftovers\n|-damage|p2a: Blissey|88\/100 tox|[from] psn\n|upkeep\n|turn|4\n|c|\u2606Ajencis|fuck mb\n|c|\u2606Raph369|np\n|\n|t:|1659555941\n|-curestatus|p2a: Blissey|tox|[from] ability: Natural Cure\n|switch|p2a: Metagross|Metagross, shiny|100\/100\n|move|p1a: Breloom|Spore|p2a: Metagross\n|-status|p2a: Metagross|slp|[from] move: Spore\n|\n|-heal|p1a: Breloom|42\/100 brn|[from] item: Leftovers\n|-damage|p1a: Breloom|30\/100 brn|[from] brn\n|upkeep\n|turn|5\n|\n|t:|1659555980\n|switch|p1a: Steelix|Steelix, F|100\/100\n|switch|p2a: Latios|Latios, M, shiny|100\/100\n|\n|upkeep\n|turn|6\n|\n|t:|1659555986\n|switch|p2a: Groudon|Groudon, shiny|100\/100\n|-weather|SunnyDay|[from] ability: Drought|[of] p2a: Groudon\n|move|p1a: Steelix|Iron Tail|p2a: Groudon\n|-damage|p2a: Groudon|63\/100\n|-unboost|p2a: Groudon|def|1\n|\n|-weather|SunnyDay|[upkeep]\n|-heal|p2a: Groudon|70\/100|[from] item: Leftovers\n|upkeep\n|turn|7\n|\n|t:|1659555993\n|switch|p1a: GROS nul|Gyarados, F|100\/100\n|-ability|p1a: GROS nul|Intimidate|boost\n|-unboost|p2a: Groudon|atk|1\n|move|p2a: Groudon|Overheat|p1a: GROS nul\n|-resisted|p1a: GROS nul\n|-damage|p1a: GROS nul|83\/100\n|-unboost|p2a: Groudon|spa|2\n|\n|-weather|SunnyDay|[upkeep]\n|-heal|p1a: GROS nul|89\/100|[from] item: Leftovers\n|-heal|p2a: Groudon|76\/100|[from] item: Leftovers\n|upkeep\n|turn|8\n|\n|t:|1659556025\n|switch|p2a: Regirock|Regirock|100\/100\n|move|p1a: GROS nul|Toxic|p2a: Regirock|[miss]\n|-miss|p1a: GROS nul|p2a: Regirock\n|\n|-weather|SunnyDay|[upkeep]\n|-heal|p1a: GROS nul|95\/100|[from] item: Leftovers\n|upkeep\n|turn|9\n|c|\u2606Ajencis|mb\n|c|\u2606Raph369|np\n|\n|t:|1659556066\n|switch|p2a: Latios|Latios, M, shiny|100\/100\n|move|p1a: GROS nul|Toxic|p2a: Latios\n|-status|p2a: Latios|tox\n|\n|-weather|SunnyDay|[upkeep]\n|-damage|p2a: Latios|95\/100 tox|[from] psn\n|-heal|p1a: GROS nul|100\/100|[from] item: Leftovers\n|upkeep\n|turn|10\n|\n|t:|1659556074\n|switch|p1a: Blissey|Blissey, F|94\/100\n|move|p2a: Latios|Ice Beam|p1a: Blissey\n|-damage|p1a: Blissey|77\/100\n|\n|-weather|SunnyDay|[upkeep]\n|-damage|p2a: Latios|83\/100 tox|[from] psn\n|-heal|p1a: Blissey|83\/100|[from] item: Leftovers\n|upkeep\n|turn|11\n|\n|t:|1659556080\n|switch|p2a: Blissey|Blissey, F, shiny|88\/100\n|move|p1a: Blissey|Snatch|p1a: Blissey\n|-singleturn|p1a: Blissey|Snatch\n|\n|-weather|SunnyDay|[upkeep]\n|-heal|p2a: Blissey|94\/100|[from] item: Leftovers\n|-heal|p1a: Blissey|89\/100|[from] item: Leftovers\n|upkeep\n|turn|12\n|\n|t:|1659556087\n|switch|p1a: Steelix|Steelix, F|100\/100\n|move|p2a: Blissey|Toxic|p1a: Steelix\n|-immune|p1a: Steelix\n|\n|-weather|SunnyDay|[upkeep]\n|-heal|p2a: Blissey|100\/100|[from] item: Leftovers\n|upkeep\n|turn|13\n|\n|t:|1659556109\n|switch|p2a: Groudon|Groudon, shiny|76\/100\n|move|p1a: Steelix|Iron Tail|p2a: Groudon|[miss]\n|-miss|p1a: Steelix|p2a: Groudon\n|\n|-weather|SunnyDay|[upkeep]\n|-heal|p2a: Groudon|82\/100|[from] item: Leftovers\n|upkeep\n|turn|14\n|\n|t:|1659556116\n|switch|p2a: Blissey|Blissey, F, shiny|100\/100\n|switch|p1a: GROS nul|Gyarados, F|100\/100\n|-ability|p1a: GROS nul|Intimidate|boost\n|-unboost|p2a: Blissey|atk|1\n|\n|-weather|SunnyDay|[upkeep]\n|upkeep\n|turn|15\n|\n|t:|1659556125\n|move|p1a: GROS nul|Toxic|p2a: Blissey\n|-status|p2a: Blissey|tox\n|move|p2a: Blissey|Heal Bell|p2a: Blissey\n|-activate|p2a: Blissey|move: Heal Bell\n|-curestatus|p2a: Blissey|tox|[silent]\n|-curestatus|p2: Metagross|slp|[silent]\n|-curestatus|p2: Latios|tox|[silent]\n|\n|-weather|SunnyDay|[upkeep]\n|upkeep\n|turn|16\n|\n|t:|1659556136\n|switch|p1a: Steelix|Steelix, F|100\/100\n|switch|p2a: Metagross|Metagross, shiny|100\/100\n|\n|-weather|SunnyDay|[upkeep]\n|upkeep\n|turn|17\n|\n|t:|1659556150\n|move|p2a: Metagross|Hidden Power|p1a: Steelix\n|-supereffective|p1a: Steelix\n|-damage|p1a: Steelix|46\/100\n|move|p1a: Steelix|Earthquake|p2a: Metagross\n|-supereffective|p2a: Metagross\n|-damage|p2a: Metagross|0 fnt\n|faint|p2a: Metagross\n|\n|t:|1659556156\n|switch|p2a: Latios|Latios, M, shiny|83\/100\n|\n|-weather|SunnyDay|[upkeep]\n|upkeep\n|turn|18\n|\n|t:|1659556166\n|switch|p1a: Blissey|Blissey, F|89\/100\n|move|p2a: Latios|Ice Beam|p1a: Blissey\n|-damage|p1a: Blissey|70\/100\n|\n|-weather|SunnyDay|[upkeep]\n|-heal|p1a: Blissey|76\/100|[from] item: Leftovers\n|upkeep\n|turn|19\n|\n|t:|1659556172\n|switch|p2a: Victreebel|Victreebel, F, shiny|100\/100\n|move|p1a: Blissey|Toxic|p2a: Victreebel\n|-immune|p2a: Victreebel\n|\n|-weather|SunnyDay|[upkeep]\n|-heal|p1a: Blissey|82\/100|[from] item: Leftovers\n|upkeep\n|turn|20\n|\n|t:|1659556194\n|move|p1a: Blissey|Snatch|p1a: Blissey\n|-singleturn|p1a: Blissey|Snatch\n|move|p2a: Victreebel|Sludge Bomb|p1a: Blissey\n|-damage|p1a: Blissey|37\/100\n|-status|p1a: Blissey|psn\n|\n|-weather|SunnyDay|[upkeep]\n|-heal|p1a: Blissey|43\/100 psn|[from] item: Leftovers\n|-damage|p1a: Blissey|31\/100 psn|[from] psn\n|upkeep\n|turn|21\n|c|\u2606Raph369|wanted to try something lol\n|\n|t:|1659556205\n|-curestatus|p1a: Blissey|psn|[from] ability: Natural Cure\n|switch|p1a: Steelix|Steelix, F|46\/100\n|move|p2a: Victreebel|Sludge Bomb|p1a: Steelix\n|-immune|p1a: Steelix\n|\n|-weather|SunnyDay|[upkeep]\n|upkeep\n|turn|22\n|\n|t:|1659556215\n|switch|p1a: GROS nul|Gyarados, F|100\/100\n|-ability|p1a: GROS nul|Intimidate|boost\n|-unboost|p2a: Victreebel|atk|1\n|move|p2a: Victreebel|Hidden Power|p1a: GROS nul\n|-resisted|p1a: GROS nul\n|-damage|p1a: GROS nul|89\/100\n|\n|-weather|SunnyDay|[upkeep]\n|-heal|p1a: GROS nul|95\/100|[from] item: Leftovers\n|upkeep\n|turn|23\n|\n|t:|1659556226\n|switch|p2a: Blissey|Blissey, F, shiny|100\/100\n|move|p1a: GROS nul|Earthquake|p2a: Blissey\n|-damage|p2a: Blissey|72\/100\n|\n|-weather|SunnyDay|[upkeep]\n|-heal|p1a: GROS nul|100\/100|[from] item: Leftovers\n|-heal|p2a: Blissey|78\/100|[from] item: Leftovers\n|upkeep\n|turn|24\n|\n|t:|1659556242\n|switch|p1a: Blissey|Blissey, F|31\/100\n|move|p2a: Blissey|Flamethrower|p1a: Blissey\n|-damage|p1a: Blissey|22\/100\n|\n|-weather|SunnyDay|[upkeep]\n|-heal|p2a: Blissey|85\/100|[from] item: Leftovers\n|-heal|p1a: Blissey|28\/100|[from] item: Leftovers\n|upkeep\n|turn|25\n|\n|t:|1659556246\n|switch|p2a: Victreebel|Victreebel, F, shiny|100\/100\n|move|p1a: Blissey|Soft-Boiled|p1a: Blissey\n|-heal|p1a: Blissey|78\/100\n|\n|-weather|SunnyDay|[upkeep]\n|-heal|p1a: Blissey|84\/100|[from] item: Leftovers\n|upkeep\n|turn|26\n|\n|t:|1659556255\n|switch|p1a: GROS nul|Gyarados, F|100\/100\n|-ability|p1a: GROS nul|Intimidate|boost\n|-unboost|p2a: Victreebel|atk|1\n|move|p2a: Victreebel|Swords Dance|p2a: Victreebel\n|-boost|p2a: Victreebel|atk|2\n|\n|-weather|SunnyDay|[upkeep]\n|upkeep\n|turn|27\n|\n|t:|1659556268\n|move|p2a: Victreebel|Sludge Bomb|p1a: GROS nul\n|-damage|p1a: GROS nul|34\/100\n|move|p1a: GROS nul|Earthquake|p2a: Victreebel\n|-damage|p2a: Victreebel|56\/100\n|\n|-weather|SunnyDay|[upkeep]\n|-heal|p1a: GROS nul|40\/100|[from] item: Leftovers\n|upkeep\n|turn|28\n|\n|t:|1659556276\n|switch|p1a: Breloom|Breloom, M|30\/100 brn\n|move|p2a: Victreebel|Sludge Bomb|p1a: Breloom\n|-supereffective|p1a: Breloom\n|-damage|p1a: Breloom|0 fnt\n|faint|p1a: Breloom\n|\n|t:|1659556280\n|switch|p1a: Latios|Latios, M|100\/100\n|\n|-weather|SunnyDay|[upkeep]\n|upkeep\n|turn|29\n|\n|t:|1659556284\n|move|p2a: Victreebel|Sleep Powder|p1a: Latios\n|-status|p1a: Latios|slp|[from] move: Sleep Powder\n|cant|p1a: Latios|slp\n|\n|-weather|SunnyDay|[upkeep]\n|upkeep\n|turn|30\n|c|\u2606Raph369|well\n|j| NeonJolteonWasUsed\n|c|\u2606Raph369|wake up!\n|\n|t:|1659556309\n|move|p2a: Victreebel|Swords Dance|p2a: Victreebel\n|-boost|p2a: Victreebel|atk|2\n|cant|p1a: Latios|slp\n|\n|-weather|SunnyDay|[upkeep]\n|upkeep\n|turn|31\n|\n|t:|1659556315\n|switch|p1a: Steelix|Steelix, F|46\/100\n|move|p2a: Victreebel|Sludge Bomb|p1a: Steelix\n|-immune|p1a: Steelix\n|\n|-weather|SunnyDay|[upkeep]\n|upkeep\n|turn|32\n|\n|t:|1659556318\n|switch|p1a: GROS nul|Gyarados, F|40\/100\n|-ability|p1a: GROS nul|Intimidate|boost\n|-unboost|p2a: Victreebel|atk|1\n|move|p2a: Victreebel|Hidden Power|p1a: GROS nul\n|-resisted|p1a: GROS nul\n|-damage|p1a: GROS nul|30\/100\n|\n|-weather|SunnyDay|[upkeep]\n|-heal|p1a: GROS nul|36\/100|[from] item: Leftovers\n|upkeep\n|turn|33\n|\n|t:|1659556323\n|switch|p1a: Steelix|Steelix, F|46\/100\n|move|p2a: Victreebel|Sludge Bomb|p1a: Steelix\n|-immune|p1a: Steelix\n|\n|-weather|SunnyDay|[upkeep]\n|upkeep\n|turn|34\n|\n|t:|1659556335\n|switch|p1a: GROS nul|Gyarados, F|36\/100\n|-ability|p1a: GROS nul|Intimidate|boost\n|-unboost|p2a: Victreebel|atk|1\n|move|p2a: Victreebel|Hidden Power|p1a: GROS nul\n|-resisted|p1a: GROS nul\n|-crit|p1a: GROS nul\n|-damage|p1a: GROS nul|14\/100\n|\n|-weather|SunnyDay|[upkeep]\n|-heal|p1a: GROS nul|20\/100|[from] item: Leftovers\n|upkeep\n|turn|35\n|\n|t:|1659556341\n|move|p2a: Victreebel|Hidden Power|p1a: GROS nul\n|-resisted|p1a: GROS nul\n|-damage|p1a: GROS nul|10\/100\n|move|p1a: GROS nul|Earthquake|p2a: Victreebel\n|-damage|p2a: Victreebel|12\/100\n|\n|-weather|SunnyDay|[upkeep]\n|-heal|p1a: GROS nul|16\/100|[from] item: Leftovers\n|upkeep\n|turn|36\n|\n|t:|1659556371\n|move|p2a: Victreebel|Sludge Bomb|p1a: GROS nul\n|-damage|p1a: GROS nul|0 fnt\n|faint|p1a: GROS nul\n|\n|t:|1659556374\n|switch|p1a: Latios|Latios, M|100\/100 slp\n|\n|-weather|SunnyDay|[upkeep]\n|upkeep\n|turn|37\n|\n|t:|1659556377\n|move|p2a: Victreebel|Swords Dance|p2a: Victreebel\n|-boost|p2a: Victreebel|atk|2\n|cant|p1a: Latios|slp\n|\n|-weather|SunnyDay|[upkeep]\n|upkeep\n|turn|38\n|c|\u2606Raph369|gg\n|c|\u2606Ajencis|gg\n|c|\u2606Raph369|threw\n|c|\u2606Raph369|i should have go bliss here\n|\n|t:|1659556402\n|switch|p1a: Steelix|Steelix, F|46\/100\n|move|p2a: Victreebel|Sludge Bomb|p1a: Steelix\n|-immune|p1a: Steelix\n|\n|-weather|SunnyDay|[upkeep]\n|upkeep\n|turn|39\n|\n|t:|1659556406\n|switch|p1a: Blissey|Blissey, F|84\/100\n|move|p2a: Victreebel|Hidden Power|p1a: Blissey\n|-damage|p1a: Blissey|75\/100\n|\n|-weather|SunnyDay|[upkeep]\n|-heal|p1a: Blissey|81\/100|[from] item: Leftovers\n|upkeep\n|turn|40\n|\n|t:|1659556410\n|switch|p1a: Steelix|Steelix, F|46\/100\n|move|p2a: Victreebel|Sludge Bomb|p1a: Steelix\n|-immune|p1a: Steelix\n|\n|-weather|SunnyDay|[upkeep]\n|upkeep\n|turn|41\n|\n|t:|1659556413\n|switch|p1a: Blissey|Blissey, F|81\/100\n|move|p2a: Victreebel|Hidden Power|p1a: Blissey\n|-damage|p1a: Blissey|73\/100\n|\n|-weather|SunnyDay|[upkeep]\n|-heal|p1a: Blissey|79\/100|[from] item: Leftovers\n|upkeep\n|turn|42\n|\n|t:|1659556417\n|switch|p1a: Steelix|Steelix, F|46\/100\n|move|p2a: Victreebel|Sludge Bomb|p1a: Steelix\n|-immune|p1a: Steelix\n|\n|-weather|SunnyDay|[upkeep]\n|upkeep\n|turn|43\n|\n|t:|1659556422\n|switch|p1a: Blissey|Blissey, F|79\/100\n|move|p2a: Victreebel|Hidden Power|p1a: Blissey\n|-damage|p1a: Blissey|72\/100\n|\n|-weather|SunnyDay|[upkeep]\n|-heal|p1a: Blissey|78\/100|[from] item: Leftovers\n|upkeep\n|turn|44\n|\n|t:|1659556425\n|move|p2a: Victreebel|Hidden Power|p1a: Blissey\n|-damage|p1a: Blissey|69\/100\n|move|p1a: Blissey|Seismic Toss|p2a: Victreebel\n|-damage|p2a: Victreebel|0 fnt\n|faint|p2a: Victreebel\n|c|\u2606Raph369|2 TIMES\n|l| NeonJolteonWasUsed\n|c|\u2606Raph369|against mitana and you now\n|c|\u2606Ajencis|i hate this stupid fucking game\n|\n|t:|1659556471\n|switch|p2a: Regirock|Regirock|100\/100\n|\n|-weather|SunnyDay|[upkeep]\n|-heal|p1a: Blissey|75\/100|[from] item: Leftovers\n|upkeep\n|turn|45\n|c|\u2606Raph369|ah man I HAVE to save the game unfort\n|c|\u2606Ajencis|yeah...\n|\n|t:|1659556487\n|move|p1a: Blissey|Toxic|p2a: Regirock\n|-status|p2a: Regirock|tox\n|move|p2a: Regirock|Fire Punch|p1a: Blissey\n|-damage|p1a: Blissey|70\/100\n|\n|-weather|SunnyDay|[upkeep]\n|-heal|p1a: Blissey|76\/100|[from] item: Leftovers\n|-damage|p2a: Regirock|94\/100 tox|[from] psn\n|upkeep\n|turn|46\n|c|\u2606Raph369|even if i lose\n|\n|t:|1659556496\n|switch|p1a: Steelix|Steelix, F|46\/100\n|move|p2a: Regirock|Curse|p2a: Regirock\n|-unboost|p2a: Regirock|spe|1\n|-boost|p2a: Regirock|atk|1\n|-boost|p2a: Regirock|def|1\n|\n|-weather|SunnyDay|[upkeep]\n|-heal|p2a: Regirock|100\/100 tox|[from] item: Leftovers\n|-damage|p2a: Regirock|88\/100 tox|[from] psn\n|upkeep\n|turn|47\n|\n|t:|1659556506\n|switch|p1a: Blissey|Blissey, F|76\/100\n|move|p2a: Regirock|Fire Punch|p1a: Blissey\n|-damage|p1a: Blissey|71\/100\n|-status|p1a: Blissey|brn\n|\n|-weather|SunnyDay|[upkeep]\n|-heal|p1a: Blissey|77\/100 brn|[from] item: Leftovers\n|-damage|p1a: Blissey|65\/100 brn|[from] brn\n|-heal|p2a: Regirock|94\/100 tox|[from] item: Leftovers\n|-damage|p2a: Regirock|76\/100 tox|[from] psn\n|upkeep\n|turn|48\n|\n|t:|1659556526\n|-curestatus|p1a: Blissey|brn|[from] ability: Natural Cure\n|switch|p1a: Steelix|Steelix, F|46\/100\n|move|p2a: Regirock|Explosion|p1a: Steelix\n|-resisted|p1a: Steelix\n|-damage|p1a: Steelix|0 fnt\n|faint|p2a: Regirock\n|faint|p1a: Steelix\n|\n|t:|1659556546\n|switch|p2a: Groudon|Groudon, shiny|82\/100\n|switch|p1a: Latios|Latios, M|100\/100 slp\n|\n|-weather|SunnyDay|[upkeep]\n|-heal|p2a: Groudon|88\/100|[from] item: Leftovers\n|upkeep\n|turn|49\n|\n|t:|1659556571\n|switch|p2a: Latios|Latios, M, shiny|83\/100\n|cant|p1a: Latios|slp\n|\n|-weather|SunnyDay|[upkeep]\n|upkeep\n|turn|50\n|\n|t:|1659556586\n|switch|p1a: Blissey|Blissey, F|65\/100\n|switch|p2a: Groudon|Groudon, shiny|88\/100\n|\n|-weather|SunnyDay|[upkeep]\n|-heal|p2a: Groudon|94\/100|[from] item: Leftovers\n|-heal|p1a: Blissey|71\/100|[from] item: Leftovers\n|upkeep\n|turn|51\n|\n|t:|1659556592\n|move|p2a: Groudon|Bulk Up|p2a: Groudon\n|-boost|p2a: Groudon|atk|1\n|-boost|p2a: Groudon|def|1\n|move|p1a: Blissey|Toxic|p2a: Groudon\n|-status|p2a: Groudon|tox\n|\n|-weather|SunnyDay|[upkeep]\n|-heal|p2a: Groudon|100\/100 tox|[from] item: Leftovers\n|-damage|p2a: Groudon|94\/100 tox|[from] psn\n|-heal|p1a: Blissey|77\/100|[from] item: Leftovers\n|upkeep\n|turn|52\n|\n|t:|1659556597\n|move|p2a: Groudon|Rock Slide|p1a: Blissey\n|-damage|p1a: Blissey|45\/100\n|move|p1a: Blissey|Soft-Boiled|p1a: Blissey\n|-heal|p1a: Blissey|95\/100\n|\n|-weather|SunnyDay|[upkeep]\n|-heal|p2a: Groudon|100\/100 tox|[from] item: Leftovers\n|-damage|p2a: Groudon|88\/100 tox|[from] psn\n|-heal|p1a: Blissey|100\/100|[from] item: Leftovers\n|upkeep\n|turn|53\n|\n|t:|1659556603\n|switch|p1a: Latios|Latios, M|100\/100 slp\n|move|p2a: Groudon|Rock Slide|p1a: Latios\n|-damage|p1a: Latios|52\/100 slp\n|\n|-weather|SunnyDay|[upkeep]\n|-heal|p2a: Groudon|94\/100 tox|[from] item: Leftovers\n|-damage|p2a: Groudon|76\/100 tox|[from] psn\n|upkeep\n|turn|54\n|\n|t:|1659556608\n|-curestatus|p1a: Latios|slp|[msg]\n|move|p1a: Latios|Ice Beam|p2a: Groudon\n|-supereffective|p2a: Groudon\n|-damage|p2a: Groudon|8\/100 tox\n|move|p2a: Groudon|Rock Slide|p1a: Latios\n|-damage|p1a: Latios|0 fnt\n|faint|p1a: Latios\n|j| DS Archer\n|\n|t:|1659556618\n|switch|p1a: Blissey|Blissey, F|100\/100\n|\n|-weather|SunnyDay|[upkeep]\n|-heal|p2a: Groudon|14\/100 tox|[from] item: Leftovers\n|-damage|p2a: Groudon|0 fnt|[from] psn\n|faint|p2a: Groudon\n|upkeep\n|\n|t:|1659556622\n|switch|p2a: Blissey|Blissey, F, shiny|85\/100\n|turn|55\n|\n|t:|1659556636\n|move|p2a: Blissey|Toxic|p1a: Blissey\n|-status|p1a: Blissey|tox\n|move|p1a: Blissey|Toxic|p2a: Blissey\n|-status|p2a: Blissey|tox\n|\n|-weather|SunnyDay|[upkeep]\n|-heal|p2a: Blissey|91\/100 tox|[from] item: Leftovers\n|-damage|p2a: Blissey|85\/100 tox|[from] psn\n|-damage|p1a: Blissey|94\/100 tox|[from] psn\n|upkeep\n|turn|56\n|\n|t:|1659556642\n|move|p1a: Blissey|Snatch|p1a: Blissey\n|-singleturn|p1a: Blissey|Snatch\n|move|p2a: Blissey|Toxic|p1a: Blissey\n|-fail|p1a: Blissey|tox\n|\n|-weather|SunnyDay|[upkeep]\n|-heal|p2a: Blissey|91\/100 tox|[from] item: Leftovers\n|-damage|p2a: Blissey|78\/100 tox|[from] psn\n|-heal|p1a: Blissey|100\/100 tox|[from] item: Leftovers\n|-damage|p1a: Blissey|88\/100 tox|[from] psn\n|upkeep\n|turn|57\n|\n|t:|1659556645\n|move|p1a: Blissey|Snatch|p1a: Blissey\n|-singleturn|p1a: Blissey|Snatch\n|move|p2a: Blissey|Flamethrower|p1a: Blissey\n|-damage|p1a: Blissey|80\/100 tox\n|\n|-weather|SunnyDay|[upkeep]\n|-heal|p2a: Blissey|85\/100 tox|[from] item: Leftovers\n|-damage|p2a: Blissey|66\/100 tox|[from] psn\n|-heal|p1a: Blissey|86\/100 tox|[from] item: Leftovers\n|-damage|p1a: Blissey|68\/100 tox|[from] psn\n|upkeep\n|turn|58\n|\n|t:|1659556651\n|-curestatus|p1a: Blissey|tox|[from] ability: Natural Cure\n|switch|p1a: Deoxys|Deoxys-Attack|100\/100\n|move|p2a: Blissey|Toxic|p1a: Deoxys\n|-status|p1a: Deoxys|tox\n|\n|-weather|SunnyDay|[upkeep]\n|-damage|p1a: Deoxys|94\/100 tox|[from] psn\n|-heal|p2a: Blissey|72\/100 tox|[from] item: Leftovers\n|-damage|p2a: Blissey|48\/100 tox|[from] psn\n|upkeep\n|turn|59\n|\n|t:|1659556671\n|switch|p1a: Blissey|Blissey, F|68\/100\n|move|p2a: Blissey|Flamethrower|p1a: Blissey\n|-damage|p1a: Blissey|59\/100\n|\n|-weather|SunnyDay|[upkeep]\n|-heal|p2a: Blissey|54\/100 tox|[from] item: Leftovers\n|-damage|p2a: Blissey|23\/100 tox|[from] psn\n|-heal|p1a: Blissey|65\/100|[from] item: Leftovers\n|upkeep\n|turn|60\n|\n|t:|1659556690\n|-curestatus|p2a: Blissey|tox|[from] ability: Natural Cure\n|switch|p2a: Latios|Latios, M, shiny|83\/100\n|move|p1a: Blissey|Snatch|p1a: Blissey\n|-singleturn|p1a: Blissey|Snatch\n|\n|-weather|SunnyDay|[upkeep]\n|-heal|p1a: Blissey|71\/100|[from] item: Leftovers\n|upkeep\n|turn|61\n|\n|t:|1659556696\n|switch|p2a: Blissey|Blissey, F, shiny|23\/100\n|move|p1a: Blissey|Seismic Toss|p2a: Blissey\n|-damage|p2a: Blissey|8\/100\n|\n|-weather|SunnyDay|[upkeep]\n|-heal|p2a: Blissey|14\/100|[from] item: Leftovers\n|-heal|p1a: Blissey|77\/100|[from] item: Leftovers\n|upkeep\n|turn|62\n|\n|t:|1659556704\n|move|p2a: Blissey|Soft-Boiled|p2a: Blissey\n|-heal|p2a: Blissey|64\/100\n|move|p1a: Blissey|Seismic Toss|p2a: Blissey\n|-damage|p2a: Blissey|48\/100\n|\n|-weather|SunnyDay|[upkeep]\n|-heal|p2a: Blissey|55\/100|[from] item: Leftovers\n|-heal|p1a: Blissey|83\/100|[from] item: Leftovers\n|upkeep\n|turn|63\n|\n|t:|1659556709\n|move|p2a: Blissey|Toxic|p1a: Blissey|[miss]\n|-miss|p2a: Blissey|p1a: Blissey\n|move|p1a: Blissey|Toxic|p2a: Blissey|[miss]\n|-miss|p1a: Blissey|p2a: Blissey\n|\n|-weather|SunnyDay|[upkeep]\n|-heal|p2a: Blissey|61\/100|[from] item: Leftovers\n|-heal|p1a: Blissey|89\/100|[from] item: Leftovers\n|upkeep\n|turn|64\n|\n|t:|1659556713\n|move|p2a: Blissey|Toxic|p1a: Blissey\n|-status|p1a: Blissey|tox\n|move|p1a: Blissey|Toxic|p2a: Blissey\n|-status|p2a: Blissey|tox\n|\n|-weather|SunnyDay|[upkeep]\n|-heal|p2a: Blissey|67\/100 tox|[from] item: Leftovers\n|-damage|p2a: Blissey|61\/100 tox|[from] psn\n|-heal|p1a: Blissey|96\/100 tox|[from] item: Leftovers\n|-damage|p1a: Blissey|89\/100 tox|[from] psn\n|upkeep\n|turn|65\n|\n|t:|1659556722\n|move|p1a: Blissey|Snatch|p1a: Blissey\n|-singleturn|p1a: Blissey|Snatch\n|move|p2a: Blissey|Flamethrower|p1a: Blissey\n|-damage|p1a: Blissey|80\/100 tox\n|\n|-weather|SunnyDay|[upkeep]\n|-heal|p2a: Blissey|67\/100 tox|[from] item: Leftovers\n|-damage|p2a: Blissey|55\/100 tox|[from] psn\n|-heal|p1a: Blissey|87\/100 tox|[from] item: Leftovers\n|-damage|p1a: Blissey|74\/100 tox|[from] psn\n|upkeep\n|turn|66\n|\n|t:|1659556734\n|-curestatus|p1a: Blissey|tox|[from] ability: Natural Cure\n|switch|p1a: Deoxys|Deoxys-Attack|94\/100 tox\n|move|p2a: Blissey|Flamethrower|p1a: Deoxys\n|-damage|p1a: Deoxys|0 fnt\n|faint|p1a: Deoxys\n|\n|t:|1659556738\n|switch|p1a: Blissey|Blissey, F|74\/100\n|\n|-weather|SunnyDay|[upkeep]\n|-heal|p2a: Blissey|61\/100 tox|[from] item: Leftovers\n|-damage|p2a: Blissey|42\/100 tox|[from] psn\n|-heal|p1a: Blissey|80\/100|[from] item: Leftovers\n|upkeep\n|turn|67\n|\n|t:|1659556743\n|-curestatus|p2a: Blissey|tox|[from] ability: Natural Cure\n|switch|p2a: Latios|Latios, M, shiny|83\/100\n|move|p1a: Blissey|Snatch|p1a: Blissey\n|-singleturn|p1a: Blissey|Snatch\n|\n|-weather|SunnyDay|[upkeep]\n|-heal|p1a: Blissey|87\/100|[from] item: Leftovers\n|upkeep\n|turn|68\n|c|\u2606Raph369|gg\n|\n|t:|1659556747\n|switch|p2a: Blissey|Blissey, F, shiny|42\/100\n|move|p1a: Blissey|Toxic|p2a: Blissey\n|-status|p2a: Blissey|tox\n|\n|-weather|SunnyDay|[upkeep]\n|-heal|p2a: Blissey|48\/100 tox|[from] item: Leftovers\n|-damage|p2a: Blissey|42\/100 tox|[from] psn\n|-heal|p1a: Blissey|93\/100|[from] item: Leftovers\n|upkeep\n|turn|69\n|c|\u2606Ajencis|gg\n|\n|t:|1659556754\n|move|p2a: Blissey|Toxic|p1a: Blissey\n|-status|p1a: Blissey|tox\n|move|p1a: Blissey|Seismic Toss|p2a: Blissey\n|-damage|p2a: Blissey|27\/100 tox\n|\n|-weather|SunnyDay|[upkeep]\n|-heal|p2a: Blissey|33\/100 tox|[from] item: Leftovers\n|-damage|p2a: Blissey|21\/100 tox|[from] psn\n|-heal|p1a: Blissey|99\/100 tox|[from] item: Leftovers\n|-damage|p1a: Blissey|93\/100 tox|[from] psn\n|upkeep\n|turn|70\n|\n|t:|1659556764\n|-curestatus|p2a: Blissey|tox|[from] ability: Natural Cure\n|switch|p2a: Latios|Latios, M, shiny|83\/100\n|move|p1a: Blissey|Seismic Toss|p2a: Latios\n|-damage|p2a: Latios|50\/100\n|\n|-weather|SunnyDay|[upkeep]\n|-heal|p1a: Blissey|99\/100 tox|[from] item: Leftovers\n|-damage|p1a: Blissey|87\/100 tox|[from] psn\n|upkeep\n|turn|71\n|\n|t:|1659556769\n|move|p2a: Latios|Hidden Power|p1a: Blissey\n|-damage|p1a: Blissey|67\/100 tox\n|move|p1a: Blissey|Seismic Toss|p2a: Latios\n|-damage|p2a: Latios|16\/100\n|\n|-weather|SunnyDay|[upkeep]\n|-heal|p1a: Blissey|73\/100 tox|[from] item: Leftovers\n|-damage|p1a: Blissey|55\/100 tox|[from] psn\n|upkeep\n|turn|72\n|\n|t:|1659556778\n|move|p2a: Latios|Recover|p2a: Latios\n|-heal|p2a: Latios|66\/100\n|move|p1a: Blissey|Seismic Toss|p2a: Latios\n|-damage|p2a: Latios|33\/100\n|\n|-weather|SunnyDay|[upkeep]\n|-heal|p1a: Blissey|61\/100 tox|[from] item: Leftovers\n|-damage|p1a: Blissey|37\/100 tox|[from] psn\n|upkeep\n|turn|73\n|\n|t:|1659556782\n|move|p2a: Latios|Recover|p2a: Latios\n|-heal|p2a: Latios|83\/100\n|move|p1a: Blissey|Seismic Toss|p2a: Latios\n|-damage|p2a: Latios|50\/100\n|\n|-weather|SunnyDay|[upkeep]\n|-heal|p1a: Blissey|43\/100 tox|[from] item: Leftovers\n|-damage|p1a: Blissey|12\/100 tox|[from] psn\n|upkeep\n|turn|74\n|c|\u2606Raph369|if I had a good set on deo ;-;\n|\n|t:|1659556791\n|move|p2a: Latios|Recover|p2a: Latios\n|-heal|p2a: Latios|99\/100\n|move|p1a: Blissey|Seismic Toss|p2a: Latios\n|-damage|p2a: Latios|67\/100\n|\n|-weather|SunnyDay|[upkeep]\n|-heal|p1a: Blissey|18\/100 tox|[from] item: Leftovers\n|-damage|p1a: Blissey|0 fnt|[from] psn\n|faint|p1a: Blissey\n|\n|win|Ajencis\n|upkeep\n|c|\u2606Ajencis|ggg\n|c|\u2606Raph369|gg\n","uploadtime":1659556816,"views":14,"p1id":"raph369","p2id":"ajencis","formatid":"gen3ubers","rating":0,"private":0,"password":null}