{"id":"gen3randombattle-1703262961","p1":"pokeaimfan96","p2":"pdt","format":"gen3randombattle","log":"|j|\u2606pokeaimfan96\n|j|\u2606pdt\n|inactive|Battle timer is ON: inactive players will automatically lose when time's up.\n|t:|1667639386\n|gametype|singles\n|player|p1|pokeaimfan96|169|\n|player|p2|pdt|#scl1islanders|\n|teamsize|p1|6\n|teamsize|p2|6\n|gen|3\n|tier|[Gen 3] Random Battle\n|rated|Tournament battle\n|rule|Sleep Clause Mod: Limit one foe put to sleep\n|rule|Switch Priority Clause Mod: Faster Pok\u00e9mon switch first\n|rule|Species Clause: Limit one of each Pok\u00e9mon\n|rule|OHKO Clause: OHKO moves are banned\n|rule|Evasion Items Clause: Evasion items are banned\n|rule|Evasion Moves Clause: Evasion moves are banned\n|rule|Endless Battle Clause: Forcing endless battles is banned\n|rule|HP Percentage Mod: HP is shown in percentages\n|\n|t:|1667639386\n|start\n|switch|p1a: Lanturn|Lanturn, L84, F|347\/347\n|switch|p2a: Mew|Mew, L76|277\/277\n|turn|1\n|c|\u2606pdt|hf\n|j| fish sun\n|j| Aldente Fettucino\n|c|\u2606pokeaimfan96|u2\n|\n|t:|1667639414\n|switch|p2a: Smeargle|Smeargle, L82, M|224\/224\n|move|p1a: Lanturn|Toxic|p2a: Smeargle\n|-status|p2a: Smeargle|tox\n|\n|-damage|p2a: Smeargle|210\/224 tox|[from] psn\n|upkeep\n|turn|2\n|c| Aldente Fettucino|rember rember\n|inactive|pokeaimfan96 has 120 seconds left.\n|\n|t:|1667639456\n|move|p2a: Smeargle|Spikes|p1a: Lanturn\n|-sidestart|p1: pokeaimfan96|Spikes\n|move|p1a: Lanturn|Surf|p2a: Smeargle\n|-damage|p2a: Smeargle|65\/224 tox\n|\n|-heal|p2a: Smeargle|79\/224 tox|[from] item: Leftovers\n|-damage|p2a: Smeargle|51\/224 tox|[from] psn\n|upkeep\n|turn|3\n|\n|t:|1667639467\n|move|p2a: Smeargle|Spore|p1a: Lanturn\n|-status|p1a: Lanturn|slp|[from] move: Spore\n|cant|p1a: Lanturn|slp\n|\n|-heal|p2a: Smeargle|65\/224 tox|[from] item: Leftovers\n|-damage|p2a: Smeargle|23\/224 tox|[from] psn\n|upkeep\n|turn|4\n|\n|t:|1667639471\n|move|p2a: Smeargle|Explosion|p1a: Lanturn\n|-damage|p1a: Lanturn|82\/347 slp\n|faint|p2a: Smeargle\n|\n|t:|1667639479\n|switch|p2a: Mew|Mew, L76|277\/277\n|\n|-heal|p1a: Lanturn|103\/347 slp|[from] item: Leftovers\n|upkeep\n|turn|5\n|\n|t:|1667639491\n|switch|p1a: Mightyena|Mightyena, L88, M|266\/266\n|-damage|p1a: Mightyena|233\/266|[from] Spikes\n|-ability|p1a: Mightyena|Intimidate|boost\n|-unboost|p2a: Mew|atk|1\n|move|p2a: Mew|Psychic|p1a: Mightyena\n|-immune|p1a: Mightyena\n|\n|-heal|p1a: Mightyena|249\/266|[from] item: Leftovers\n|upkeep\n|turn|6\n|j|+Siegfried\n|inactive|pokeaimfan96 has 120 seconds left.\n|\n|t:|1667639510\n|switch|p2a: Victreebel|Victreebel, L84, F|272\/272\n|move|p1a: Mightyena|Crunch|p2a: Victreebel\n|-damage|p2a: Victreebel|178\/272\n|\n|-heal|p1a: Mightyena|265\/266|[from] item: Leftovers\n|-heal|p2a: Victreebel|195\/272|[from] item: Leftovers\n|upkeep\n|turn|7\n|j|%Yveltalrat@!\n|inactive|pokeaimfan96 has 120 seconds left.\n|\n|t:|1667639523\n|switch|p1a: Lugia|Lugia, L76|286\/286\n|-ability|p1a: Lugia|Pressure|[silent]\n|move|p2a: Victreebel|Sunny Day|p2a: Victreebel\n|-weather|SunnyDay\n|\n|-weather|SunnyDay|[upkeep]\n|-heal|p2a: Victreebel|212\/272|[from] item: Leftovers\n|upkeep\n|turn|8\n|inactive|pokeaimfan96 has 120 seconds left.\n|\n|t:|1667639536\n|move|p2a: Victreebel|Sludge Bomb|p1a: Lugia\n|-damage|p1a: Lugia|205\/286\n|-status|p1a: Lugia|psn\n|move|p1a: Lugia|Aeroblast|p2a: Victreebel\n|-supereffective|p2a: Victreebel\n|-damage|p2a: Victreebel|0 fnt\n|faint|p2a: Victreebel\n|j| fuckingbanme\n|\n|t:|1667639540\n|switch|p2a: Pikachu|Pikachu, L88, F|205\/205\n|\n|-weather|SunnyDay|[upkeep]\n|-heal|p1a: Lugia|222\/286 psn|[from] item: Leftovers\n|-damage|p1a: Lugia|187\/286 psn|[from] psn\n|upkeep\n|turn|9\n|\n|t:|1667639555\n|switch|p1a: Lanturn|Lanturn, L84, F|103\/347 slp\n|-damage|p1a: Lanturn|60\/347 slp|[from] Spikes\n|move|p2a: Pikachu|Substitute|p2a: Pikachu\n|-start|p2a: Pikachu|Substitute\n|-damage|p2a: Pikachu|154\/205\n|\n|-weather|SunnyDay|[upkeep]\n|-heal|p1a: Lanturn|81\/347 slp|[from] item: Leftovers\n|upkeep\n|turn|10\n|\n|t:|1667639564\n|move|p2a: Pikachu|Hidden Power|p1a: Lanturn\n|-resisted|p1a: Lanturn\n|-damage|p1a: Lanturn|44\/347 slp\n|cant|p1a: Lanturn|slp\n|\n|-weather|SunnyDay|[upkeep]\n|-heal|p1a: Lanturn|65\/347 slp|[from] item: Leftovers\n|upkeep\n|turn|11\n|\n|t:|1667639569\n|move|p2a: Pikachu|Hidden Power|p1a: Lanturn\n|-resisted|p1a: Lanturn\n|-damage|p1a: Lanturn|26\/347 slp\n|cant|p1a: Lanturn|slp\n|\n|-weather|none\n|-heal|p1a: Lanturn|47\/347 slp|[from] item: Leftovers\n|upkeep\n|turn|12\n|\n|t:|1667639576\n|move|p2a: Pikachu|Surf|p1a: Lanturn\n|-resisted|p1a: Lanturn\n|-damage|p1a: Lanturn|0 fnt\n|faint|p1a: Lanturn\n|c|\u2606pdt|pika pika\n|inactive|pokeaimfan96 has 120 seconds left.\n|c| Aldente Fettucino|pika hax\n|inactive|pokeaimfan96 has 90 seconds left.\n|\n|t:|1667639664\n|switch|p1a: Magneton|Magneton, L80|211\/211\n|-damage|p1a: Magneton|185\/211|[from] Spikes\n|\n|-heal|p1a: Magneton|198\/211|[from] item: Leftovers\n|upkeep\n|turn|13\n|\n|t:|1667639670\n|move|p2a: Pikachu|Surf|p1a: Magneton\n|-damage|p1a: Magneton|74\/211\n|move|p1a: Magneton|Thunderbolt|p2a: Pikachu\n|-resisted|p2a: Pikachu\n|-end|p2a: Pikachu|Substitute\n|\n|-heal|p1a: Magneton|87\/211|[from] item: Leftovers\n|upkeep\n|turn|14\n|\n|t:|1667639677\n|move|p2a: Pikachu|Surf|p1a: Magneton\n|-damage|p1a: Magneton|0 fnt\n|faint|p1a: Magneton\n|\n|t:|1667639682\n|switch|p1a: Fearow|Fearow, L84, F|246\/246\n|\n|upkeep\n|turn|15\n|inactive|pokeaimfan96 has 90 seconds left.\n|c| fish sun|why gen 3\n|\n|t:|1667639707\n|switch|p2a: Piloswine|Piloswine, L88, F|319\/319\n|move|p1a: Fearow|Return|p2a: Piloswine\n|-damage|p2a: Piloswine|217\/319\n|\n|-heal|p2a: Piloswine|236\/319|[from] item: Leftovers\n|upkeep\n|turn|16\n|c| Aldente Fettucino|why not\n|\n|t:|1667639720\n|switch|p1a: Kingler|Kingler, L88, M|240\/240\n|-damage|p1a: Kingler|210\/240|[from] Spikes\n|move|p2a: Piloswine|Ice Beam|p1a: Kingler\n|-resisted|p1a: Kingler\n|-damage|p1a: Kingler|157\/240\n|\n|-heal|p2a: Piloswine|255\/319|[from] item: Leftovers\n|upkeep\n|turn|17\n|c| fish sun|makes sense\n|c| Aldente Fettucino|moment\n|\n|t:|1667639733\n|switch|p2a: Mew|Mew, L76|277\/277\n|move|p1a: Kingler|Surf|p2a: Mew\n|-damage|p2a: Mew|212\/277\n|\n|-heal|p2a: Mew|229\/277|[from] item: Leftovers\n|upkeep\n|turn|18\n|\n|t:|1667639740\n|switch|p1a: Mightyena|Mightyena, L88, M|265\/266\n|-damage|p1a: Mightyena|232\/266|[from] Spikes\n|-ability|p1a: Mightyena|Intimidate|boost\n|-unboost|p2a: Mew|atk|1\n|move|p2a: Mew|Psychic|p1a: Mightyena\n|-immune|p1a: Mightyena\n|\n|-heal|p2a: Mew|246\/277|[from] item: Leftovers\n|-heal|p1a: Mightyena|248\/266|[from] item: Leftovers\n|upkeep\n|turn|19\n|\n|t:|1667639748\n|switch|p2a: Piloswine|Piloswine, L88, F|255\/319\n|move|p1a: Mightyena|Crunch|p2a: Piloswine\n|-damage|p2a: Piloswine|167\/319\n|\n|-heal|p1a: Mightyena|264\/266|[from] item: Leftovers\n|-heal|p2a: Piloswine|186\/319|[from] item: Leftovers\n|upkeep\n|turn|20\n|\n|t:|1667639759\n|move|p2a: Piloswine|Protect|p2a: Piloswine\n|-singleturn|p2a: Piloswine|Protect\n|move|p1a: Mightyena|Crunch|p2a: Piloswine\n|-activate|p2a: Piloswine|Protect\n|\n|-heal|p1a: Mightyena|266\/266|[from] item: Leftovers\n|-heal|p2a: Piloswine|205\/319|[from] item: Leftovers\n|upkeep\n|turn|21\n|\n|t:|1667639762\n|switch|p1a: Kingler|Kingler, L88, M|157\/240\n|-damage|p1a: Kingler|127\/240|[from] Spikes\n|move|p2a: Piloswine|Earthquake|p1a: Kingler\n|-damage|p1a: Kingler|35\/240\n|\n|-enditem|p1a: Kingler|Salac Berry|[eat]\n|-boost|p1a: Kingler|spe|1|[from] item: Salac Berry\n|-heal|p2a: Piloswine|224\/319|[from] item: Leftovers\n|upkeep\n|turn|22\n|inactive|pokeaimfan96 has 90 seconds left.\n|\n|t:|1667639772\n|move|p1a: Kingler|Surf|p2a: Piloswine\n|-supereffective|p2a: Piloswine\n|-damage|p2a: Piloswine|32\/319\n|move|p2a: Piloswine|Earthquake|p1a: Kingler\n|-damage|p1a: Kingler|0 fnt\n|faint|p1a: Kingler\n|inactive|pokeaimfan96 has 90 seconds left.\n|\n|t:|1667639779\n|switch|p1a: Fearow|Fearow, L84, F|246\/246\n|\n|-heal|p2a: Piloswine|51\/319|[from] item: Leftovers\n|upkeep\n|turn|23\n|\n|t:|1667639783\n|move|p2a: Piloswine|Protect|p2a: Piloswine\n|-singleturn|p2a: Piloswine|Protect\n|move|p1a: Fearow|Return|p2a: Piloswine\n|-activate|p2a: Piloswine|Protect\n|\n|-heal|p2a: Piloswine|70\/319|[from] item: Leftovers\n|upkeep\n|turn|24\n|\n|t:|1667639793\n|move|p1a: Fearow|Return|p2a: Piloswine\n|-crit|p2a: Piloswine\n|-damage|p2a: Piloswine|0 fnt\n|faint|p2a: Piloswine\n|\n|t:|1667639797\n|switch|p2a: Mew|Mew, L76|246\/277\n|\n|-heal|p2a: Mew|263\/277|[from] item: Leftovers\n|upkeep\n|turn|25\n|inactive|pokeaimfan96 has 90 seconds left.\n|\n|t:|1667639830\n|switch|p1a: Mightyena|Mightyena, L88, M|266\/266\n|-damage|p1a: Mightyena|233\/266|[from] Spikes\n|-ability|p1a: Mightyena|Intimidate|boost\n|-unboost|p2a: Mew|atk|1\n|move|p2a: Mew|Ice Beam|p1a: Mightyena\n|-damage|p1a: Mightyena|155\/266\n|\n|-heal|p2a: Mew|277\/277|[from] item: Leftovers\n|-heal|p1a: Mightyena|171\/266|[from] item: Leftovers\n|upkeep\n|turn|26\n|\n|t:|1667639835\n|switch|p2a: Pikachu|Pikachu, L88, F|154\/205\n|move|p1a: Mightyena|Crunch|p2a: Pikachu\n|-damage|p2a: Pikachu|45\/205\n|-unboost|p2a: Pikachu|spd|1\n|\n|-heal|p1a: Mightyena|187\/266|[from] item: Leftovers\n|upkeep\n|turn|27\n|\n|t:|1667639846\n|move|p1a: Mightyena|Protect|p1a: Mightyena\n|-singleturn|p1a: Mightyena|Protect\n|move|p2a: Pikachu|Thunderbolt|p1a: Mightyena\n|-activate|p1a: Mightyena|Protect\n|\n|-heal|p1a: Mightyena|203\/266|[from] item: Leftovers\n|upkeep\n|turn|28\n|inactive|pokeaimfan96 has 90 seconds left.\n|\n|t:|1667639870\n|move|p2a: Pikachu|Thunderbolt|p1a: Mightyena\n|-damage|p1a: Mightyena|20\/266\n|move|p1a: Mightyena|Crunch|p2a: Pikachu\n|-damage|p2a: Pikachu|0 fnt\n|faint|p2a: Pikachu\n|\n|t:|1667639873\n|switch|p2a: Mew|Mew, L76|277\/277\n|\n|-heal|p1a: Mightyena|36\/266|[from] item: Leftovers\n|upkeep\n|turn|29\n|\n|t:|1667639878\n|move|p2a: Mew|Ice Beam|p1a: Mightyena\n|-damage|p1a: Mightyena|0 fnt\n|faint|p1a: Mightyena\n|\n|t:|1667639887\n|switch|p1a: Lugia|Lugia, L76|187\/286 psn\n|-ability|p1a: Lugia|Pressure|[silent]\n|\n|-heal|p1a: Lugia|204\/286 psn|[from] item: Leftovers\n|-damage|p1a: Lugia|169\/286 psn|[from] psn\n|upkeep\n|turn|30\n|\n|t:|1667639895\n|switch|p2a: Xatu|Xatu, L84, F|246\/246\n|move|p1a: Lugia|Recover|p1a: Lugia\n|-heal|p1a: Lugia|286\/286 psn\n|\n|-damage|p1a: Lugia|251\/286 psn|[from] psn\n|upkeep\n|turn|31\n|\n|t:|1667639906\n|move|p1a: Lugia|Ice Beam|p2a: Xatu\n|-supereffective|p2a: Xatu\n|-damage|p2a: Xatu|113\/246\n|move|p2a: Xatu|Wish|p2a: Xatu\n|\n|-heal|p1a: Lugia|268\/286 psn|[from] item: Leftovers\n|-damage|p1a: Lugia|233\/286 psn|[from] psn\n|-heal|p2a: Xatu|128\/246|[from] item: Leftovers\n|upkeep\n|turn|32\n|\n|t:|1667639914\n|move|p1a: Lugia|Ice Beam|p2a: Xatu\n|-supereffective|p2a: Xatu\n|-damage|p2a: Xatu|0 fnt\n|faint|p2a: Xatu\n|c|\u2606pdt|L ive thrown\n|\n|t:|1667639922\n|switch|p2a: Mew|Mew, L76|277\/277\n|\n|-heal|p1a: Lugia|250\/286 psn|[from] item: Leftovers\n|-damage|p1a: Lugia|215\/286 psn|[from] psn\n|upkeep\n|turn|33\n|\n|t:|1667639929\n|move|p1a: Lugia|Substitute|p1a: Lugia\n|-start|p1a: Lugia|Substitute\n|-damage|p1a: Lugia|144\/286 psn\n|move|p2a: Mew|Ice Beam|p1a: Lugia\n|-supereffective|p1a: Lugia\n|-end|p1a: Lugia|Substitute\n|\n|-heal|p1a: Lugia|161\/286 psn|[from] item: Leftovers\n|-damage|p1a: Lugia|126\/286 psn|[from] psn\n|upkeep\n|turn|34\n|\n|t:|1667639938\n|move|p1a: Lugia|Recover|p1a: Lugia\n|-heal|p1a: Lugia|269\/286 psn\n|move|p2a: Mew|Psychic|p1a: Lugia\n|-resisted|p1a: Lugia\n|-damage|p1a: Lugia|241\/286 psn\n|\n|-heal|p1a: Lugia|258\/286 psn|[from] item: Leftovers\n|-damage|p1a: Lugia|223\/286 psn|[from] psn\n|upkeep\n|turn|35\n|\n|t:|1667639944\n|move|p1a: Lugia|Substitute|p1a: Lugia\n|-start|p1a: Lugia|Substitute\n|-damage|p1a: Lugia|152\/286 psn\n|move|p2a: Mew|Ice Beam|p1a: Lugia\n|-supereffective|p1a: Lugia\n|-end|p1a: Lugia|Substitute\n|\n|-heal|p1a: Lugia|169\/286 psn|[from] item: Leftovers\n|-damage|p1a: Lugia|134\/286 psn|[from] psn\n|upkeep\n|turn|36\n|\n|t:|1667639949\n|move|p1a: Lugia|Recover|p1a: Lugia\n|-heal|p1a: Lugia|277\/286 psn\n|move|p2a: Mew|Psychic|p1a: Lugia\n|-resisted|p1a: Lugia\n|-damage|p1a: Lugia|251\/286 psn\n|\n|-heal|p1a: Lugia|268\/286 psn|[from] item: Leftovers\n|-damage|p1a: Lugia|233\/286 psn|[from] psn\n|upkeep\n|turn|37\n|\n|t:|1667639954\n|move|p1a: Lugia|Substitute|p1a: Lugia\n|-start|p1a: Lugia|Substitute\n|-damage|p1a: Lugia|162\/286 psn\n|move|p2a: Mew|Ice Beam|p1a: Lugia\n|-supereffective|p1a: Lugia\n|-end|p1a: Lugia|Substitute\n|\n|-heal|p1a: Lugia|179\/286 psn|[from] item: Leftovers\n|-damage|p1a: Lugia|144\/286 psn|[from] psn\n|upkeep\n|turn|38\n|\n|t:|1667639957\n|move|p1a: Lugia|Recover|p1a: Lugia\n|-heal|p1a: Lugia|286\/286 psn\n|move|p2a: Mew|Psychic|p1a: Lugia\n|-resisted|p1a: Lugia\n|-damage|p1a: Lugia|260\/286 psn\n|\n|-heal|p1a: Lugia|277\/286 psn|[from] item: Leftovers\n|-damage|p1a: Lugia|242\/286 psn|[from] psn\n|upkeep\n|turn|39\n|\n|t:|1667639960\n|move|p1a: Lugia|Substitute|p1a: Lugia\n|-start|p1a: Lugia|Substitute\n|-damage|p1a: Lugia|171\/286 psn\n|move|p2a: Mew|Ice Beam|p1a: Lugia\n|-supereffective|p1a: Lugia\n|-end|p1a: Lugia|Substitute\n|\n|-heal|p1a: Lugia|188\/286 psn|[from] item: Leftovers\n|-damage|p1a: Lugia|153\/286 psn|[from] psn\n|upkeep\n|turn|40\n|\n|t:|1667639964\n|move|p1a: Lugia|Recover|p1a: Lugia\n|-heal|p1a: Lugia|286\/286 psn\n|move|p2a: Mew|Psychic|p1a: Lugia\n|-resisted|p1a: Lugia\n|-damage|p1a: Lugia|257\/286 psn\n|\n|-heal|p1a: Lugia|274\/286 psn|[from] item: Leftovers\n|-damage|p1a: Lugia|239\/286 psn|[from] psn\n|upkeep\n|turn|41\n|\n|t:|1667639968\n|move|p1a: Lugia|Substitute|p1a: Lugia\n|-start|p1a: Lugia|Substitute\n|-damage|p1a: Lugia|168\/286 psn\n|move|p2a: Mew|Ice Beam|p1a: Lugia\n|-supereffective|p1a: Lugia\n|-end|p1a: Lugia|Substitute\n|\n|-heal|p1a: Lugia|185\/286 psn|[from] item: Leftovers\n|-damage|p1a: Lugia|150\/286 psn|[from] psn\n|upkeep\n|turn|42\n|\n|t:|1667639970\n|move|p1a: Lugia|Recover|p1a: Lugia\n|-heal|p1a: Lugia|286\/286 psn\n|move|p2a: Mew|Psychic|p1a: Lugia\n|-resisted|p1a: Lugia\n|-damage|p1a: Lugia|257\/286 psn\n|\n|-heal|p1a: Lugia|274\/286 psn|[from] item: Leftovers\n|-damage|p1a: Lugia|239\/286 psn|[from] psn\n|upkeep\n|turn|43\n|\n|t:|1667639973\n|move|p1a: Lugia|Substitute|p1a: Lugia\n|-start|p1a: Lugia|Substitute\n|-damage|p1a: Lugia|168\/286 psn\n|move|p2a: Mew|Ice Beam|p1a: Lugia\n|-supereffective|p1a: Lugia\n|-end|p1a: Lugia|Substitute\n|\n|-heal|p1a: Lugia|185\/286 psn|[from] item: Leftovers\n|-damage|p1a: Lugia|150\/286 psn|[from] psn\n|upkeep\n|turn|44\n|\n|t:|1667639976\n|move|p1a: Lugia|Recover|p1a: Lugia\n|-heal|p1a: Lugia|286\/286 psn\n|move|p2a: Mew|Psychic|p1a: Lugia\n|-resisted|p1a: Lugia\n|-damage|p1a: Lugia|260\/286 psn\n|\n|-heal|p1a: Lugia|277\/286 psn|[from] item: Leftovers\n|-damage|p1a: Lugia|242\/286 psn|[from] psn\n|upkeep\n|turn|45\n|\n|t:|1667639980\n|move|p1a: Lugia|Ice Beam|p2a: Mew\n|-damage|p2a: Mew|224\/277\n|move|p2a: Mew|Ice Beam|p1a: Lugia\n|-supereffective|p1a: Lugia\n|-damage|p1a: Lugia|155\/286 psn\n|\n|-heal|p1a: Lugia|172\/286 psn|[from] item: Leftovers\n|-damage|p1a: Lugia|137\/286 psn|[from] psn\n|-heal|p2a: Mew|241\/277|[from] item: Leftovers\n|upkeep\n|turn|46\n|\n|t:|1667639985\n|move|p1a: Lugia|Recover|p1a: Lugia\n|-heal|p1a: Lugia|280\/286 psn\n|move|p2a: Mew|Psychic|p1a: Lugia\n|-resisted|p1a: Lugia\n|-damage|p1a: Lugia|253\/286 psn\n|\n|-heal|p1a: Lugia|270\/286 psn|[from] item: Leftovers\n|-damage|p1a: Lugia|235\/286 psn|[from] psn\n|-heal|p2a: Mew|258\/277|[from] item: Leftovers\n|upkeep\n|turn|47\n|\n|t:|1667639990\n|move|p1a: Lugia|Substitute|p1a: Lugia\n|-start|p1a: Lugia|Substitute\n|-damage|p1a: Lugia|164\/286 psn\n|move|p2a: Mew|Flamethrower|p1a: Lugia\n|-activate|p1a: Lugia|Substitute|[damage]\n|\n|-heal|p1a: Lugia|181\/286 psn|[from] item: Leftovers\n|-damage|p1a: Lugia|146\/286 psn|[from] psn\n|-heal|p2a: Mew|275\/277|[from] item: Leftovers\n|upkeep\n|turn|48\n|\n|t:|1667639993\n|move|p1a: Lugia|Recover|p1a: Lugia\n|-heal|p1a: Lugia|286\/286 psn\n|move|p2a: Mew|Flamethrower|p1a: Lugia\n|-end|p1a: Lugia|Substitute\n|\n|-damage|p1a: Lugia|251\/286 psn|[from] psn\n|-heal|p2a: Mew|277\/277|[from] item: Leftovers\n|upkeep\n|turn|49\n|\n|t:|1667639998\n|move|p1a: Lugia|Ice Beam|p2a: Mew\n|-damage|p2a: Mew|219\/277\n|move|p2a: Mew|Flamethrower|p1a: Lugia\n|-damage|p1a: Lugia|209\/286 psn\n|\n|-heal|p1a: Lugia|226\/286 psn|[from] item: Leftovers\n|-damage|p1a: Lugia|191\/286 psn|[from] psn\n|-heal|p2a: Mew|236\/277|[from] item: Leftovers\n|upkeep\n|turn|50\n|\n|t:|1667640004\n|move|p1a: Lugia|Recover|p1a: Lugia\n|-heal|p1a: Lugia|286\/286 psn\n|move|p2a: Mew|Flamethrower|p1a: Lugia\n|-damage|p1a: Lugia|244\/286 psn\n|\n|-heal|p1a: Lugia|261\/286 psn|[from] item: Leftovers\n|-damage|p1a: Lugia|226\/286 psn|[from] psn\n|-heal|p2a: Mew|253\/277|[from] item: Leftovers\n|upkeep\n|turn|51\n|\n|t:|1667640007\n|move|p1a: Lugia|Ice Beam|p2a: Mew\n|-damage|p2a: Mew|197\/277\n|move|p2a: Mew|Flamethrower|p1a: Lugia\n|-damage|p1a: Lugia|189\/286 psn\n|\n|-heal|p1a: Lugia|206\/286 psn|[from] item: Leftovers\n|-damage|p1a: Lugia|171\/286 psn|[from] psn\n|-heal|p2a: Mew|214\/277|[from] item: Leftovers\n|upkeep\n|turn|52\n|\n|t:|1667640010\n|move|p1a: Lugia|Recover|p1a: Lugia\n|-heal|p1a: Lugia|286\/286 psn\n|move|p2a: Mew|Flamethrower|p1a: Lugia\n|-damage|p1a: Lugia|248\/286 psn\n|\n|-heal|p1a: Lugia|265\/286 psn|[from] item: Leftovers\n|-damage|p1a: Lugia|230\/286 psn|[from] psn\n|-heal|p2a: Mew|231\/277|[from] item: Leftovers\n|upkeep\n|turn|53\n|c|\u2606pdt|man\n|c|\u2606pdt|double high roll into no drops\n|c|\u2606pdt|gg\n|-message|pdt forfeited.\n|\n|win|pokeaimfan96\n|n|\u2606pokeaimfan96|pokeaimfan96\n|n|\u2606pdt|pdt\n|n| fish sun|fishsun\n|n| Aldente Fettucino|aldentefettucino\n|n|+Siegfried|siegfried\n|n| Yveltalrat@!|yveltalrat\n|n| fuckingbanme|fuckingbanme\n","inputlog":">version 64bd7780963bb8912946b73c4d69c4a2054e31b7\n>start {\"formatid\":\"gen3randombattle\",\"seed\":[15779,32137,55836,57332],\"rated\":\"Tournament battle\"}\n>player p1 {\"name\":\"pokeaimfan96\",\"avatar\":\"169\",\"rating\":0,\"seed\":[29653,59808,60253,7110]}\n>player p2 {\"name\":\"pdt\",\"avatar\":\"#scl1islanders\",\"rating\":0,\"seed\":[12591,1185,17868,243]}\n>chat \u2606pdt|hf\n>chat \u2606pokeaimfan96|u2\n>p1 move toxic\n>p2 switch 2\n>chat  Aldente Fettucino|rember rember\n>p1 move surf\n>p2 move spikes\n>p1 move thunderbolt\n>p2 move spore\n>p1 move thunderbolt\n>p2 move explosion\n>p2 switch 2\n>p1 switch 6\n>p2 move psychic\n>p1 move crunch\n>p2 switch 4\n>p1 switch 4\n>p2 move sunnyday\n>p1 move aeroblast\n>p2 move sludgebomb\n>p2 switch 5\n>p1 switch 6\n>p2 move substitute\n>p1 move surf\n>p2 move hiddenpower\n>p1 move surf\n>p2 move hiddenpower\n>p1 move surf\n>p2 move surf\n>chat \u2606pdt|pika pika\n>chat  Aldente Fettucino|pika hax\n>p1 switch 3\n>p1 move thunderbolt\n>p2 move surf\n>p1 move thunderbolt\n>p2 move surf\n>p1 switch 2\n>chat  fish sun|why gen 3\n>p1 move return\n>p2 switch 6\n>chat  Aldente Fettucino|why not\n>p1 switch 5\n>p2 move icebeam\n>chat  fish sun|makes sense\n>chat  Aldente Fettucino|moment\n>p1 move surf\n>p2 switch 4\n>p1 switch 4\n>p2 move psychic\n>p1 move crunch\n>p2 switch 4\n>p1 move crunch\n>p2 move protect\n>p1 switch 4\n>p2 move earthquake\n>p1 move surf\n>p2 move earthquake\n>p1 switch 5\n>p1 move return\n>p2 move protect\n>p1 move return\n>p2 move icebeam\n>p2 switch 4\n>p1 switch 4\n>p2 move icebeam\n>p1 move crunch\n>p2 switch 6\n>p1 move protect\n>p2 move thunderbolt\n>p1 move crunch\n>p2 move thunderbolt\n>p2 switch 6\n>p1 move crunch\n>p2 move icebeam\n>p1 switch 6\n>p1 move recover\n>p2 switch 3\n>p1 move icebeam\n>p2 move wish\n>p1 move icebeam\n>p2 move calmmind\n>chat \u2606pdt|L ive thrown\n>p2 switch 3\n>p1 move substitute\n>p2 move icebeam\n>p1 move recover\n>p2 move psychic\n>p1 move substitute\n>p2 move icebeam\n>p1 move recover\n>p2 move psychic\n>p1 move substitute\n>p2 move icebeam\n>p1 move recover\n>p2 move psychic\n>p1 move substitute\n>p2 move icebeam\n>p1 move recover\n>p2 move psychic\n>p1 move substitute\n>p2 move icebeam\n>p1 move recover\n>p2 move psychic\n>p1 move substitute\n>p2 move icebeam\n>p1 move recover\n>p2 move psychic\n>p1 move icebeam\n>p2 move icebeam\n>p1 move recover\n>p2 move psychic\n>p1 move substitute\n>p2 move flamethrower\n>p1 move recover\n>p2 move flamethrower\n>p1 move icebeam\n>p2 move flamethrower\n>p1 move recover\n>p2 move flamethrower\n>p1 move icebeam\n>p2 move flamethrower\n>p1 move recover\n>p2 move flamethrower\n>chat \u2606pdt|man\n>chat \u2606pdt|double high roll into no drops\n>chat \u2606pdt|gg\n>forcelose p2","uploadtime":1667640032,"views":8,"p1id":"pokeaimfan96","p2id":"pdt","formatid":"gen3randombattle","rating":0,"private":0,"password":null}