{"id":"gen3ou-1188911680","p1":"Sinmore","p2":"winter lanterns","format":"gen3ou","log":"|j|\u2606Sinmore\n|j|\u2606winter lanterns\n|t:|1600405597\n|player|p1|Sinmore|265|1418\n|player|p2|winter lanterns|2|1351\n|teamsize|p1|6\n|teamsize|p2|6\n|gametype|singles\n|gen|3\n|tier|[Gen 3] OU\n|rated|\n|rule|Sleep Clause Mod: Limit one foe put to sleep\n|rule|Switch Priority Clause Mod: Faster Pok\u00e9mon switch first\n|rule|Species Clause: Limit one of each Pok\u00e9mon\n|rule|OHKO Clause: OHKO moves are banned\n|rule|Moody Clause: Moody is banned\n|rule|Evasion Moves Clause: Evasion moves are banned\n|rule|Endless Battle Clause: Forcing endless battles is banned\n|rule|HP Percentage Mod: HP is shown in percentages\n|rule|3 Baton Pass Clause: Limit three Baton Passers\n|\n|t:|1600405597\n|start\n|switch|p1a: Skarmory|Skarmory, M|100\/100\n|switch|p2a: Metagross|Metagross|100\/100\n|turn|1\n|c|\u2606Sinmore|hf\n|c|\u2606winter lanterns|u2\n|inactive|Battle timer is ON: inactive players will automatically lose when time's up. (requested by Sinmore)\n|\n|t:|1600405622\n|move|p1a: Skarmory|Spikes|p2a: Metagross\n|-sidestart|p2: winter lanterns|Spikes\n|move|p2a: Metagross|Rock Slide|p1a: Skarmory\n|-damage|p1a: Skarmory|75\/100\n|\n|-heal|p1a: Skarmory|82\/100|[from] item: Leftovers\n|upkeep\n|turn|2\n|\n|t:|1600405628\n|move|p1a: Skarmory|Hidden Power|p2a: Metagross\n|-supereffective|p2a: Metagross\n|-damage|p2a: Metagross|74\/100\n|move|p2a: Metagross|Rock Slide|p1a: Skarmory\n|-damage|p1a: Skarmory|56\/100\n|\n|-heal|p1a: Skarmory|63\/100|[from] item: Leftovers\n|-heal|p2a: Metagross|80\/100|[from] item: Leftovers\n|upkeep\n|turn|3\n|\n|t:|1600405635\n|move|p1a: Skarmory|Spikes|p2a: Metagross\n|-sidestart|p2: winter lanterns|Spikes\n|move|p2a: Metagross|Rock Slide|p1a: Skarmory\n|-damage|p1a: Skarmory|37\/100\n|\n|-heal|p1a: Skarmory|43\/100|[from] item: Leftovers\n|-heal|p2a: Metagross|86\/100|[from] item: Leftovers\n|upkeep\n|turn|4\n|\n|t:|1600405639\n|switch|p1a: Claydol|Claydol|100\/100\n|move|p2a: Metagross|Rock Slide|p1a: Claydol\n|-resisted|p1a: Claydol\n|-damage|p1a: Claydol|87\/100\n|\n|-heal|p1a: Claydol|93\/100|[from] item: Leftovers\n|-heal|p2a: Metagross|92\/100|[from] item: Leftovers\n|upkeep\n|turn|5\n|\n|t:|1600405642\n|switch|p1a: Skarmory|Skarmory, M|43\/100\n|move|p2a: Metagross|Meteor Mash|p1a: Skarmory\n|-resisted|p1a: Skarmory\n|-damage|p1a: Skarmory|16\/100\n|\n|-heal|p1a: Skarmory|22\/100|[from] item: Leftovers\n|-heal|p2a: Metagross|98\/100|[from] item: Leftovers\n|upkeep\n|turn|6\n|\n|t:|1600405649\n|move|p1a: Skarmory|Spikes|p2a: Metagross\n|-sidestart|p2: winter lanterns|Spikes\n|move|p2a: Metagross|Meteor Mash|p1a: Skarmory\n|-resisted|p1a: Skarmory\n|-damage|p1a: Skarmory|0 fnt\n|faint|p1a: Skarmory\n|\n|t:|1600405652\n|switch|p1a: Flareon|Flareon, M|100\/100\n|\n|-heal|p2a: Metagross|100\/100|[from] item: Leftovers\n|upkeep\n|turn|7\n|\n|t:|1600405656\n|switch|p2a: Starmie|Starmie|100\/100\n|-damage|p2a: Starmie|75\/100|[from] Spikes\n|move|p1a: Flareon|Protect||[still]\n|-fail|p1a: Flareon\n|\n|-heal|p2a: Starmie|82\/100|[from] item: Leftovers\n|upkeep\n|turn|8\n|\n|t:|1600405660\n|move|p2a: Starmie|Surf|p1a: Flareon\n|-supereffective|p1a: Flareon\n|-crit|p1a: Flareon\n|-damage|p1a: Flareon|12\/100\n|move|p1a: Flareon|Toxic|p2a: Starmie\n|-status|p2a: Starmie|tox\n|\n|-heal|p2a: Starmie|88\/100 tox|[from] item: Leftovers\n|-heal|p1a: Flareon|18\/100|[from] item: Leftovers\n|-damage|p2a: Starmie|82\/100 tox|[from] psn\n|upkeep\n|turn|9\n|\n|t:|1600405663\n|move|p1a: Flareon|Protect|p1a: Flareon\n|-singleturn|p1a: Flareon|Protect\n|move|p2a: Starmie|Rapid Spin|p1a: Flareon\n|-activate|p1a: Flareon|Protect\n|\n|-heal|p2a: Starmie|88\/100 tox|[from] item: Leftovers\n|-heal|p1a: Flareon|24\/100|[from] item: Leftovers\n|-damage|p2a: Starmie|75\/100 tox|[from] psn\n|upkeep\n|turn|10\n|\n|t:|1600405667\n|move|p2a: Starmie|Rapid Spin|p1a: Flareon\n|-damage|p1a: Flareon|20\/100\n|-sideend|p2: winter lanterns|Spikes|[from] move: Rapid Spin|[of] p2a: Starmie\n|move|p1a: Flareon|Wish|p1a: Flareon\n|\n|-heal|p2a: Starmie|82\/100 tox|[from] item: Leftovers\n|-heal|p1a: Flareon|26\/100|[from] item: Leftovers\n|-damage|p2a: Starmie|63\/100 tox|[from] psn\n|upkeep\n|turn|11\n|\n|t:|1600405672\n|move|p1a: Flareon|Protect|p1a: Flareon\n|-singleturn|p1a: Flareon|Protect\n|move|p2a: Starmie|Surf|p1a: Flareon\n|-activate|p1a: Flareon|Protect\n|\n|-heal|p1a: Flareon|76\/100|[from] move: Wish|[wisher] Flareon\n|-heal|p2a: Starmie|69\/100 tox|[from] item: Leftovers\n|-heal|p1a: Flareon|82\/100|[from] item: Leftovers\n|-damage|p2a: Starmie|45\/100 tox|[from] psn\n|upkeep\n|turn|12\n|\n|t:|1600405676\n|-curestatus|p2a: Starmie|tox|[from] ability: Natural Cure\n|switch|p2a: Salamence|Salamence, M|100\/100\n|-ability|p2a: Salamence|Intimidate|boost\n|-unboost|p1a: Flareon|atk|1\n|move|p1a: Flareon|Wish|p1a: Flareon\n|\n|-heal|p1a: Flareon|88\/100|[from] item: Leftovers\n|upkeep\n|turn|13\n|\n|t:|1600405680\n|switch|p2a: Starmie|Starmie|45\/100\n|move|p1a: Flareon|Toxic|p2a: Starmie\n|-status|p2a: Starmie|tox\n|\n|-heal|p1a: Flareon|100\/100|[from] move: Wish|[wisher] Flareon\n|-heal|p2a: Starmie|51\/100 tox|[from] item: Leftovers\n|-damage|p2a: Starmie|45\/100 tox|[from] psn\n|upkeep\n|turn|14\n|\n|t:|1600405684\n|move|p2a: Starmie|Recover|p2a: Starmie\n|-heal|p2a: Starmie|95\/100 tox\n|move|p1a: Flareon|Wish|p1a: Flareon\n|\n|-heal|p2a: Starmie|100\/100 tox|[from] item: Leftovers\n|-damage|p2a: Starmie|88\/100 tox|[from] psn\n|upkeep\n|turn|15\n|\n|t:|1600405688\n|-curestatus|p2a: Starmie|tox|[from] ability: Natural Cure\n|switch|p2a: Salamence|Salamence, M|100\/100\n|-ability|p2a: Salamence|Intimidate|boost\n|-unboost|p1a: Flareon|atk|1\n|move|p1a: Flareon|Flamethrower|p2a: Salamence\n|-resisted|p2a: Salamence\n|-damage|p2a: Salamence|81\/100\n|\n|-heal|p2a: Salamence|87\/100|[from] item: Leftovers\n|upkeep\n|turn|16\n|\n|t:|1600405692\n|switch|p2a: Starmie|Starmie|88\/100\n|switch|p1a: Zapdos|Zapdos|100\/100\n|\n|-heal|p2a: Starmie|94\/100|[from] item: Leftovers\n|upkeep\n|turn|17\n|\n|t:|1600405696\n|switch|p2a: Blissey|Blissey, F|100\/100\n|move|p1a: Zapdos|Thunderbolt|p2a: Blissey\n|-damage|p2a: Blissey|86\/100\n|\n|-heal|p2a: Blissey|92\/100|[from] item: Leftovers\n|upkeep\n|turn|18\n|\n|t:|1600405702\n|move|p1a: Zapdos|Toxic|p2a: Blissey\n|-status|p2a: Blissey|tox\n|move|p2a: Blissey|Thunder Wave|p1a: Zapdos\n|-status|p1a: Zapdos|par\n|\n|-heal|p2a: Blissey|98\/100 tox|[from] item: Leftovers\n|-damage|p2a: Blissey|92\/100 tox|[from] psn\n|upkeep\n|turn|19\n|\n|t:|1600405706\n|-curestatus|p2a: Blissey|tox|[from] ability: Natural Cure\n|switch|p2a: Tyranitar|Tyranitar, M|100\/100\n|-weather|Sandstorm|[from] ability: Sand Stream|[of] p2a: Tyranitar\n|switch|p1a: Flareon|Flareon, M|100\/100\n|\n|-weather|Sandstorm|[upkeep]\n|-damage|p1a: Flareon|95\/100|[from] Sandstorm\n|-heal|p1a: Flareon|100\/100|[from] item: Leftovers\n|upkeep\n|turn|20\n|\n|t:|1600405711\n|switch|p1a: Claydol|Claydol|93\/100\n|switch|p2a: Starmie|Starmie|94\/100\n|\n|-weather|Sandstorm|[upkeep]\n|-damage|p2a: Starmie|88\/100|[from] Sandstorm\n|-heal|p2a: Starmie|94\/100|[from] item: Leftovers\n|-heal|p1a: Claydol|99\/100|[from] item: Leftovers\n|upkeep\n|turn|21\n|\n|t:|1600405713\n|switch|p1a: Celebi|Celebi|100\/100\n|move|p2a: Starmie|Surf|p1a: Celebi\n|-resisted|p1a: Celebi\n|-damage|p1a: Celebi|85\/100\n|\n|-weather|Sandstorm|[upkeep]\n|-damage|p2a: Starmie|88\/100|[from] Sandstorm\n|-damage|p1a: Celebi|79\/100|[from] Sandstorm\n|-heal|p2a: Starmie|94\/100|[from] item: Leftovers\n|-heal|p1a: Celebi|85\/100|[from] item: Leftovers\n|upkeep\n|turn|22\n|\n|t:|1600405716\n|switch|p2a: Aerodactyl|Aerodactyl, F|100\/100\n|move|p1a: Celebi|Leech Seed|p2a: Aerodactyl\n|-start|p2a: Aerodactyl|move: Leech Seed\n|\n|-weather|Sandstorm|[upkeep]\n|-damage|p1a: Celebi|79\/100|[from] Sandstorm\n|-heal|p1a: Celebi|85\/100|[from] item: Leftovers\n|-damage|p2a: Aerodactyl|88\/100|[from] Leech Seed|[of] p1a: Celebi\n|-heal|p1a: Celebi|95\/100|[silent]\n|upkeep\n|turn|23\n|\n|t:|1600405720\n|switch|p2a: Metagross|Metagross|100\/100\n|switch|p1a: Kingdra|Kingdra, F|100\/100\n|\n|-weather|Sandstorm|[upkeep]\n|-damage|p1a: Kingdra|94\/100|[from] Sandstorm\n|-heal|p1a: Kingdra|100\/100|[from] item: Leftovers\n|upkeep\n|turn|24\n|\n|t:|1600405722\n|move|p1a: Kingdra|Protect|p1a: Kingdra\n|-singleturn|p1a: Kingdra|Protect\n|move|p2a: Metagross|Explosion|p1a: Kingdra\n|-activate|p1a: Kingdra|Protect\n|faint|p2a: Metagross\n|\n|t:|1600405727\n|switch|p2a: Salamence|Salamence, M|87\/100\n|-ability|p2a: Salamence|Intimidate|boost\n|-unboost|p1a: Kingdra|atk|1\n|\n|-weather|Sandstorm|[upkeep]\n|-damage|p2a: Salamence|81\/100|[from] Sandstorm\n|-damage|p1a: Kingdra|94\/100|[from] Sandstorm\n|-heal|p2a: Salamence|87\/100|[from] item: Leftovers\n|-heal|p1a: Kingdra|100\/100|[from] item: Leftovers\n|upkeep\n|turn|25\n|j| SuperEpicAmpharos\n|\n|t:|1600405731\n|move|p2a: Salamence|Dragon Claw|p1a: Kingdra\n|-supereffective|p1a: Kingdra\n|-damage|p1a: Kingdra|19\/100\n|move|p1a: Kingdra|Ice Beam|p2a: Salamence\n|-supereffective|p2a: Salamence\n|-damage|p2a: Salamence|0 fnt\n|faint|p2a: Salamence\n|\n|t:|1600405736\n|switch|p2a: Aerodactyl|Aerodactyl, F|88\/100\n|\n|-weather|Sandstorm|[upkeep]\n|-damage|p1a: Kingdra|13\/100|[from] Sandstorm\n|-heal|p1a: Kingdra|19\/100|[from] item: Leftovers\n|upkeep\n|turn|26\n|\n|t:|1600405739\n|move|p1a: Kingdra|Protect|p1a: Kingdra\n|-singleturn|p1a: Kingdra|Protect\n|move|p2a: Aerodactyl|Double-Edge|p1a: Kingdra\n|-activate|p1a: Kingdra|Protect\n|\n|-weather|Sandstorm|[upkeep]\n|-damage|p1a: Kingdra|13\/100|[from] Sandstorm\n|-heal|p1a: Kingdra|19\/100|[from] item: Leftovers\n|upkeep\n|turn|27\n|\n|t:|1600405744\n|move|p2a: Aerodactyl|Double-Edge|p1a: Kingdra\n|-damage|p1a: Kingdra|0 fnt\n|faint|p1a: Kingdra\n|\n|t:|1600405753\n|switch|p1a: Celebi|Celebi|95\/100\n|\n|-weather|Sandstorm|[upkeep]\n|-damage|p1a: Celebi|88\/100|[from] Sandstorm\n|-heal|p1a: Celebi|95\/100|[from] item: Leftovers\n|upkeep\n|turn|28\n|\n|t:|1600405757\n|switch|p2a: Tyranitar|Tyranitar, M|100\/100\n|move|p1a: Celebi|Leech Seed|p2a: Tyranitar\n|-start|p2a: Tyranitar|move: Leech Seed\n|\n|-weather|Sandstorm|[upkeep]\n|-damage|p1a: Celebi|88\/100|[from] Sandstorm\n|-heal|p1a: Celebi|95\/100|[from] item: Leftovers\n|-damage|p2a: Tyranitar|88\/100|[from] Leech Seed|[of] p1a: Celebi\n|-heal|p1a: Celebi|100\/100|[silent]\n|upkeep\n|turn|29\n|\n|t:|1600405761\n|switch|p1a: Claydol|Claydol|99\/100\n|move|p2a: Tyranitar|Crunch|p1a: Claydol\n|-supereffective|p1a: Claydol\n|-damage|p1a: Claydol|34\/100\n|\n|-weather|Sandstorm|[upkeep]\n|-heal|p1a: Claydol|40\/100|[from] item: Leftovers\n|-heal|p2a: Tyranitar|94\/100|[from] item: Leftovers\n|-damage|p2a: Tyranitar|82\/100|[from] Leech Seed|[of] p1a: Claydol\n|-heal|p1a: Claydol|55\/100|[silent]\n|upkeep\n|turn|30\n|\n|t:|1600405764\n|switch|p2a: Starmie|Starmie|94\/100\n|move|p1a: Claydol|Earthquake|p2a: Starmie\n|-damage|p2a: Starmie|60\/100\n|\n|-weather|Sandstorm|[upkeep]\n|-damage|p2a: Starmie|54\/100|[from] Sandstorm\n|-heal|p2a: Starmie|60\/100|[from] item: Leftovers\n|-heal|p1a: Claydol|61\/100|[from] item: Leftovers\n|upkeep\n|turn|31\n|\n|t:|1600405767\n|switch|p2a: Aerodactyl|Aerodactyl, F|88\/100\n|switch|p1a: Celebi|Celebi|100\/100\n|\n|-weather|Sandstorm|[upkeep]\n|-damage|p1a: Celebi|94\/100|[from] Sandstorm\n|-heal|p1a: Celebi|100\/100|[from] item: Leftovers\n|upkeep\n|turn|32\n|\n|t:|1600405770\n|switch|p1a: Zapdos|Zapdos|100\/100 par\n|move|p2a: Aerodactyl|Hidden Power|p1a: Zapdos\n|-resisted|p1a: Zapdos\n|-damage|p1a: Zapdos|85\/100 par\n|\n|-weather|Sandstorm|[upkeep]\n|-damage|p1a: Zapdos|78\/100 par|[from] Sandstorm\n|-heal|p1a: Zapdos|85\/100 par|[from] item: Leftovers\n|upkeep\n|turn|33\n|\n|t:|1600405775\n|switch|p2a: Blissey|Blissey, F|92\/100\n|move|p1a: Zapdos|Toxic|p2a: Blissey\n|-status|p2a: Blissey|tox\n|\n|-weather|Sandstorm|[upkeep]\n|-damage|p2a: Blissey|86\/100 tox|[from] Sandstorm\n|-damage|p1a: Zapdos|78\/100 par|[from] Sandstorm\n|-heal|p2a: Blissey|92\/100 tox|[from] item: Leftovers\n|-heal|p1a: Zapdos|85\/100 par|[from] item: Leftovers\n|-damage|p2a: Blissey|86\/100 tox|[from] psn\n|upkeep\n|turn|34\n|\n|t:|1600405782\n|move|p2a: Blissey|Ice Beam|p1a: Zapdos\n|-supereffective|p1a: Zapdos\n|-damage|p1a: Zapdos|51\/100 par\n|move|p1a: Zapdos|Thunderbolt|p2a: Blissey\n|-damage|p2a: Blissey|70\/100 tox\n|\n|-weather|Sandstorm|[upkeep]\n|-damage|p2a: Blissey|64\/100 tox|[from] Sandstorm\n|-damage|p1a: Zapdos|45\/100 par|[from] Sandstorm\n|-heal|p2a: Blissey|70\/100 tox|[from] item: Leftovers\n|-heal|p1a: Zapdos|51\/100 par|[from] item: Leftovers\n|-damage|p2a: Blissey|58\/100 tox|[from] psn\n|upkeep\n|turn|35\n|\n|t:|1600405787\n|-curestatus|p2a: Blissey|tox|[from] ability: Natural Cure\n|switch|p2a: Tyranitar|Tyranitar, M|82\/100\n|cant|p1a: Zapdos|par\n|\n|-weather|Sandstorm|[upkeep]\n|-damage|p1a: Zapdos|45\/100 par|[from] Sandstorm\n|-heal|p2a: Tyranitar|88\/100|[from] item: Leftovers\n|-heal|p1a: Zapdos|51\/100 par|[from] item: Leftovers\n|upkeep\n|turn|36\n|\n|t:|1600405791\n|move|p2a: Tyranitar|Substitute|p2a: Tyranitar\n|-start|p2a: Tyranitar|Substitute\n|-damage|p2a: Tyranitar|63\/100\n|cant|p1a: Zapdos|par\n|\n|-weather|Sandstorm|[upkeep]\n|-damage|p1a: Zapdos|45\/100 par|[from] Sandstorm\n|-heal|p2a: Tyranitar|69\/100|[from] item: Leftovers\n|-heal|p1a: Zapdos|51\/100 par|[from] item: Leftovers\n|upkeep\n|turn|37\n|\n|t:|1600405795\n|move|p2a: Tyranitar|Crunch|p1a: Zapdos\n|-damage|p1a: Zapdos|26\/100 par\n|move|p1a: Zapdos|Rest|p1a: Zapdos\n|-status|p1a: Zapdos|slp|[from] move: Rest\n|-heal|p1a: Zapdos|100\/100 slp|[silent]\n|\n|-weather|Sandstorm|[upkeep]\n|-damage|p1a: Zapdos|94\/100 slp|[from] Sandstorm\n|-heal|p1a: Zapdos|100\/100 slp|[from] item: Leftovers\n|-heal|p2a: Tyranitar|75\/100|[from] item: Leftovers\n|upkeep\n|turn|38\n|\n|t:|1600405805\n|switch|p1a: Flareon|Flareon, M|100\/100\n|move|p2a: Tyranitar|Crunch|p1a: Flareon\n|-damage|p1a: Flareon|75\/100\n|\n|-weather|Sandstorm|[upkeep]\n|-damage|p1a: Flareon|69\/100|[from] Sandstorm\n|-heal|p1a: Flareon|75\/100|[from] item: Leftovers\n|-heal|p2a: Tyranitar|82\/100|[from] item: Leftovers\n|upkeep\n|turn|39\n|\n|t:|1600405809\n|-singleturn|p2a: Tyranitar|move: Focus Punch\n|move|p1a: Flareon|Protect|p1a: Flareon\n|-singleturn|p1a: Flareon|Protect\n|move|p2a: Tyranitar|Focus Punch|p1a: Flareon\n|-activate|p1a: Flareon|Protect\n|\n|-weather|Sandstorm|[upkeep]\n|-damage|p1a: Flareon|69\/100|[from] Sandstorm\n|-heal|p1a: Flareon|75\/100|[from] item: Leftovers\n|-heal|p2a: Tyranitar|88\/100|[from] item: Leftovers\n|upkeep\n|turn|40\n|\n|t:|1600405813\n|-singleturn|p2a: Tyranitar|move: Focus Punch\n|switch|p1a: Zapdos|Zapdos|100\/100 slp\n|move|p2a: Tyranitar|Focus Punch|p1a: Zapdos\n|-resisted|p1a: Zapdos\n|-damage|p1a: Zapdos|79\/100 slp\n|\n|-weather|Sandstorm|[upkeep]\n|-damage|p1a: Zapdos|73\/100 slp|[from] Sandstorm\n|-heal|p1a: Zapdos|79\/100 slp|[from] item: Leftovers\n|-heal|p2a: Tyranitar|94\/100|[from] item: Leftovers\n|upkeep\n|turn|41\n|\n|t:|1600405816\n|cant|p1a: Zapdos|slp\n|move|p2a: Tyranitar|Crunch|p1a: Zapdos\n|-damage|p1a: Zapdos|54\/100 slp\n|\n|-weather|Sandstorm|[upkeep]\n|-damage|p1a: Zapdos|48\/100 slp|[from] Sandstorm\n|-heal|p1a: Zapdos|54\/100 slp|[from] item: Leftovers\n|-heal|p2a: Tyranitar|99\/100|[from] item: Leftovers\n|upkeep\n|turn|42\n|\n|t:|1600405818\n|cant|p1a: Zapdos|slp\n|move|p2a: Tyranitar|Crunch|p1a: Zapdos\n|-damage|p1a: Zapdos|29\/100 slp\n|-unboost|p1a: Zapdos|spd|1\n|\n|-weather|Sandstorm|[upkeep]\n|-damage|p1a: Zapdos|23\/100 slp|[from] Sandstorm\n|-heal|p1a: Zapdos|29\/100 slp|[from] item: Leftovers\n|-heal|p2a: Tyranitar|100\/100|[from] item: Leftovers\n|upkeep\n|turn|43\n|\n|t:|1600405822\n|-curestatus|p1a: Zapdos|slp|[msg]\n|move|p1a: Zapdos|Rest|p1a: Zapdos\n|-status|p1a: Zapdos|slp|[from] move: Rest\n|-heal|p1a: Zapdos|100\/100 slp|[silent]\n|move|p2a: Tyranitar|Crunch|p1a: Zapdos\n|-damage|p1a: Zapdos|66\/100 slp\n|\n|-weather|Sandstorm|[upkeep]\n|-damage|p1a: Zapdos|60\/100 slp|[from] Sandstorm\n|-heal|p1a: Zapdos|66\/100 slp|[from] item: Leftovers\n|upkeep\n|turn|44\n|\n|t:|1600405825\n|switch|p1a: Flareon|Flareon, M|75\/100\n|move|p2a: Tyranitar|Crunch|p1a: Flareon\n|-damage|p1a: Flareon|49\/100\n|\n|-weather|Sandstorm|[upkeep]\n|-damage|p1a: Flareon|43\/100|[from] Sandstorm\n|-heal|p1a: Flareon|49\/100|[from] item: Leftovers\n|upkeep\n|turn|45\n|\n|t:|1600405828\n|-singleturn|p2a: Tyranitar|move: Focus Punch\n|move|p1a: Flareon|Protect|p1a: Flareon\n|-singleturn|p1a: Flareon|Protect\n|move|p2a: Tyranitar|Focus Punch|p1a: Flareon\n|-activate|p1a: Flareon|Protect\n|\n|-weather|Sandstorm|[upkeep]\n|-damage|p1a: Flareon|43\/100|[from] Sandstorm\n|-heal|p1a: Flareon|49\/100|[from] item: Leftovers\n|upkeep\n|turn|46\n|\n|t:|1600405832\n|move|p1a: Flareon|Wish|p1a: Flareon\n|move|p2a: Tyranitar|Crunch|p1a: Flareon\n|-damage|p1a: Flareon|24\/100\n|\n|-weather|Sandstorm|[upkeep]\n|-damage|p1a: Flareon|18\/100|[from] Sandstorm\n|-heal|p1a: Flareon|24\/100|[from] item: Leftovers\n|upkeep\n|turn|47\n|\n|t:|1600405837\n|-singleturn|p2a: Tyranitar|move: Focus Punch\n|move|p1a: Flareon|Protect|p1a: Flareon\n|-singleturn|p1a: Flareon|Protect\n|move|p2a: Tyranitar|Focus Punch|p1a: Flareon\n|-activate|p1a: Flareon|Protect\n|\n|-heal|p1a: Flareon|74\/100|[from] move: Wish|[wisher] Flareon\n|-weather|Sandstorm|[upkeep]\n|-damage|p1a: Flareon|68\/100|[from] Sandstorm\n|-heal|p1a: Flareon|74\/100|[from] item: Leftovers\n|upkeep\n|turn|48\n|\n|t:|1600405839\n|-singleturn|p2a: Tyranitar|move: Focus Punch\n|move|p1a: Flareon|Wish|p1a: Flareon\n|move|p2a: Tyranitar|Focus Punch|p1a: Flareon\n|-damage|p1a: Flareon|1\/100\n|\n|-weather|Sandstorm|[upkeep]\n|-damage|p1a: Flareon|0 fnt|[from] Sandstorm\n|faint|p1a: Flareon\n|upkeep\n|\n|t:|1600405843\n|switch|p1a: Zapdos|Zapdos|66\/100 slp\n|turn|49\n|\n|t:|1600405845\n|cant|p1a: Zapdos|slp\n|move|p2a: Tyranitar|Crunch|p1a: Zapdos\n|-damage|p1a: Zapdos|43\/100 slp\n|\n|-heal|p1a: Zapdos|93\/100 slp|[from] move: Wish|[wisher] Flareon\n|-weather|Sandstorm|[upkeep]\n|-damage|p1a: Zapdos|86\/100 slp|[from] Sandstorm\n|-heal|p1a: Zapdos|93\/100 slp|[from] item: Leftovers\n|upkeep\n|turn|50\n|\n|t:|1600405847\n|cant|p1a: Zapdos|slp\n|move|p2a: Tyranitar|Crunch|p1a: Zapdos\n|-damage|p1a: Zapdos|69\/100 slp\n|\n|-weather|Sandstorm|[upkeep]\n|-damage|p1a: Zapdos|63\/100 slp|[from] Sandstorm\n|-heal|p1a: Zapdos|69\/100 slp|[from] item: Leftovers\n|upkeep\n|turn|51\n|\n|t:|1600405850\n|-curestatus|p1a: Zapdos|slp|[msg]\n|move|p1a: Zapdos|Thunderbolt|p2a: Tyranitar\n|-end|p2a: Tyranitar|Substitute\n|move|p2a: Tyranitar|Crunch|p1a: Zapdos\n|-damage|p1a: Zapdos|42\/100\n|\n|-weather|Sandstorm|[upkeep]\n|-damage|p1a: Zapdos|36\/100|[from] Sandstorm\n|-heal|p1a: Zapdos|42\/100|[from] item: Leftovers\n|upkeep\n|turn|52\n|\n|t:|1600405854\n|switch|p2a: Blissey|Blissey, F|58\/100\n|move|p1a: Zapdos|Toxic|p2a: Blissey|[miss]\n|-miss|p1a: Zapdos|p2a: Blissey\n|\n|-weather|Sandstorm|[upkeep]\n|-damage|p1a: Zapdos|36\/100|[from] Sandstorm\n|-damage|p2a: Blissey|51\/100|[from] Sandstorm\n|-heal|p1a: Zapdos|42\/100|[from] item: Leftovers\n|-heal|p2a: Blissey|58\/100|[from] item: Leftovers\n|upkeep\n|turn|53\n|\n|t:|1600405860\n|switch|p1a: Celebi|Celebi|100\/100\n|move|p2a: Blissey|Thunder Wave|p1a: Celebi\n|-status|p1a: Celebi|par\n|\n|-weather|Sandstorm|[upkeep]\n|-damage|p2a: Blissey|51\/100|[from] Sandstorm\n|-damage|p1a: Celebi|94\/100 par|[from] Sandstorm\n|-heal|p2a: Blissey|58\/100|[from] item: Leftovers\n|-heal|p1a: Celebi|100\/100 par|[from] item: Leftovers\n|upkeep\n|turn|54\n|\n|t:|1600405863\n|move|p2a: Blissey|Soft-Boiled|p2a: Blissey\n|-heal|p2a: Blissey|100\/100\n|cant|p1a: Celebi|par\n|\n|-weather|Sandstorm|[upkeep]\n|-damage|p2a: Blissey|94\/100|[from] Sandstorm\n|-damage|p1a: Celebi|94\/100 par|[from] Sandstorm\n|-heal|p2a: Blissey|100\/100|[from] item: Leftovers\n|-heal|p1a: Celebi|100\/100 par|[from] item: Leftovers\n|upkeep\n|turn|55\n|\n|t:|1600405870\n|switch|p2a: Aerodactyl|Aerodactyl, F|88\/100\n|cant|p1a: Celebi|par\n|\n|-weather|Sandstorm|[upkeep]\n|-damage|p1a: Celebi|94\/100 par|[from] Sandstorm\n|-heal|p1a: Celebi|100\/100 par|[from] item: Leftovers\n|upkeep\n|turn|56\n|\n|t:|1600405874\n|-curestatus|p1a: Celebi|par|[from] ability: Natural Cure\n|switch|p1a: Claydol|Claydol|61\/100\n|move|p2a: Aerodactyl|Hidden Power|p1a: Claydol\n|-supereffective|p1a: Claydol\n|-damage|p1a: Claydol|0 fnt\n|faint|p1a: Claydol\n|\n|t:|1600405877\n|switch|p1a: Zapdos|Zapdos|42\/100\n|\n|-weather|Sandstorm|[upkeep]\n|-damage|p1a: Zapdos|36\/100|[from] Sandstorm\n|-heal|p1a: Zapdos|42\/100|[from] item: Leftovers\n|upkeep\n|turn|57\n|\n|t:|1600405881\n|switch|p2a: Blissey|Blissey, F|100\/100\n|switch|p1a: Celebi|Celebi|100\/100\n|\n|-weather|Sandstorm|[upkeep]\n|-damage|p1a: Celebi|94\/100|[from] Sandstorm\n|-damage|p2a: Blissey|94\/100|[from] Sandstorm\n|-heal|p1a: Celebi|100\/100|[from] item: Leftovers\n|-heal|p2a: Blissey|100\/100|[from] item: Leftovers\n|upkeep\n|turn|58\n|\n|t:|1600405884\n|move|p1a: Celebi|Leech Seed|p2a: Blissey\n|-start|p2a: Blissey|move: Leech Seed\n|move|p2a: Blissey|Thunder Wave|p1a: Celebi\n|-status|p1a: Celebi|par\n|\n|-weather|Sandstorm|[upkeep]\n|-damage|p2a: Blissey|94\/100|[from] Sandstorm\n|-damage|p1a: Celebi|94\/100 par|[from] Sandstorm\n|-heal|p2a: Blissey|100\/100|[from] item: Leftovers\n|-heal|p1a: Celebi|100\/100 par|[from] item: Leftovers\n|-damage|p2a: Blissey|88\/100|[from] Leech Seed|[of] p1a: Celebi\n|upkeep\n|turn|59\n|\n|t:|1600405887\n|switch|p2a: Aerodactyl|Aerodactyl, F|88\/100\n|move|p1a: Celebi|Leech Seed|p2a: Aerodactyl\n|-start|p2a: Aerodactyl|move: Leech Seed\n|\n|-weather|Sandstorm|[upkeep]\n|-damage|p1a: Celebi|94\/100 par|[from] Sandstorm\n|-heal|p1a: Celebi|100\/100 par|[from] item: Leftovers\n|-damage|p2a: Aerodactyl|76\/100|[from] Leech Seed|[of] p1a: Celebi\n|upkeep\n|turn|60\n|\n|t:|1600405890\n|move|p2a: Aerodactyl|Double-Edge|p1a: Celebi\n|-crit|p1a: Celebi\n|-damage|p1a: Celebi|32\/100 par\n|move|p1a: Celebi|Recover|p1a: Celebi\n|-heal|p1a: Celebi|82\/100 par\n|\n|-weather|Sandstorm|[upkeep]\n|-damage|p1a: Celebi|76\/100 par|[from] Sandstorm\n|-heal|p1a: Celebi|82\/100 par|[from] item: Leftovers\n|-damage|p2a: Aerodactyl|64\/100|[from] Leech Seed|[of] p1a: Celebi\n|-heal|p1a: Celebi|91\/100 par|[silent]\n|upkeep\n|turn|61\n|\n|t:|1600405913\n|switch|p2a: Tyranitar|Tyranitar, M|100\/100\n|move|p1a: Celebi|Leech Seed|p2a: Tyranitar\n|-start|p2a: Tyranitar|move: Leech Seed\n|\n|-weather|Sandstorm|[upkeep]\n|-damage|p1a: Celebi|85\/100 par|[from] Sandstorm\n|-heal|p1a: Celebi|91\/100 par|[from] item: Leftovers\n|-damage|p2a: Tyranitar|88\/100|[from] Leech Seed|[of] p1a: Celebi\n|-heal|p1a: Celebi|100\/100 par|[silent]\n|upkeep\n|turn|62\n|\n|t:|1600405923\n|switch|p2a: Aerodactyl|Aerodactyl, F|64\/100\n|-curestatus|p1a: Celebi|par|[from] ability: Natural Cure\n|switch|p1a: Zapdos|Zapdos|42\/100\n|\n|-weather|Sandstorm|[upkeep]\n|-damage|p1a: Zapdos|36\/100|[from] Sandstorm\n|-heal|p1a: Zapdos|42\/100|[from] item: Leftovers\n|upkeep\n|turn|63\n|\n|t:|1600405926\n|switch|p1a: Celebi|Celebi|100\/100\n|move|p2a: Aerodactyl|Double-Edge|p1a: Celebi\n|-crit|p1a: Celebi\n|-damage|p1a: Celebi|37\/100\n|\n|-weather|Sandstorm|[upkeep]\n|-damage|p1a: Celebi|30\/100|[from] Sandstorm\n|-heal|p1a: Celebi|37\/100|[from] item: Leftovers\n|upkeep\n|turn|64\n|c|\u2606Sinmore|lol SuperEpicAmpharos\n|\n|t:|1600405933\n|move|p2a: Aerodactyl|Double-Edge|p1a: Celebi\n|-damage|p1a: Celebi|4\/100\n|move|p1a: Celebi|Recover|p1a: Celebi\n|-heal|p1a: Celebi|54\/100\n|\n|-weather|Sandstorm|[upkeep]\n|-damage|p1a: Celebi|48\/100|[from] Sandstorm\n|-heal|p1a: Celebi|54\/100|[from] item: Leftovers\n|upkeep\n|turn|65\n|\n|t:|1600405939\n|switch|p2a: Tyranitar|Tyranitar, M|88\/100\n|move|p1a: Celebi|Recover|p1a: Celebi\n|-heal|p1a: Celebi|100\/100\n|\n|-weather|Sandstorm|[upkeep]\n|-damage|p1a: Celebi|94\/100|[from] Sandstorm\n|-heal|p1a: Celebi|100\/100|[from] item: Leftovers\n|-heal|p2a: Tyranitar|94\/100|[from] item: Leftovers\n|upkeep\n|turn|66\n|\n|t:|1600405942\n|move|p1a: Celebi|Leech Seed|p2a: Tyranitar\n|-start|p2a: Tyranitar|move: Leech Seed\n|move|p2a: Tyranitar|Crunch|p1a: Celebi\n|-supereffective|p1a: Celebi\n|-damage|p1a: Celebi|40\/100\n|\n|-weather|Sandstorm|[upkeep]\n|-damage|p1a: Celebi|33\/100|[from] Sandstorm\n|-heal|p1a: Celebi|40\/100|[from] item: Leftovers\n|-heal|p2a: Tyranitar|100\/100|[from] item: Leftovers\n|-damage|p2a: Tyranitar|88\/100|[from] Leech Seed|[of] p1a: Celebi\n|-heal|p1a: Celebi|52\/100|[silent]\n|upkeep\n|turn|67\n|\n|t:|1600405945\n|switch|p2a: Aerodactyl|Aerodactyl, F|64\/100\n|move|p1a: Celebi|Recover|p1a: Celebi\n|-heal|p1a: Celebi|100\/100\n|\n|-weather|Sandstorm|[upkeep]\n|-damage|p1a: Celebi|94\/100|[from] Sandstorm\n|-heal|p1a: Celebi|100\/100|[from] item: Leftovers\n|upkeep\n|turn|68\n|\n|t:|1600405949\n|move|p2a: Aerodactyl|Hidden Power|p1a: Celebi\n|-supereffective|p1a: Celebi\n|-damage|p1a: Celebi|27\/100\n|move|p1a: Celebi|Recover|p1a: Celebi\n|-heal|p1a: Celebi|77\/100\n|\n|-weather|Sandstorm|[upkeep]\n|-damage|p1a: Celebi|71\/100|[from] Sandstorm\n|-heal|p1a: Celebi|77\/100|[from] item: Leftovers\n|upkeep\n|turn|69\n|\n|t:|1600405956\n|switch|p2a: Blissey|Blissey, F|88\/100\n|switch|p1a: Zapdos|Zapdos|42\/100\n|\n|-weather|Sandstorm|[upkeep]\n|-damage|p1a: Zapdos|36\/100|[from] Sandstorm\n|-damage|p2a: Blissey|82\/100|[from] Sandstorm\n|-heal|p1a: Zapdos|42\/100|[from] item: Leftovers\n|-heal|p2a: Blissey|88\/100|[from] item: Leftovers\n|upkeep\n|turn|70\n|\n|t:|1600405961\n|move|p1a: Zapdos|Rest|p1a: Zapdos\n|-status|p1a: Zapdos|slp|[from] move: Rest\n|-heal|p1a: Zapdos|100\/100 slp|[silent]\n|move|p2a: Blissey|Ice Beam|p1a: Zapdos\n|-supereffective|p1a: Zapdos\n|-damage|p1a: Zapdos|63\/100 slp\n|\n|-weather|Sandstorm|[upkeep]\n|-damage|p1a: Zapdos|57\/100 slp|[from] Sandstorm\n|-damage|p2a: Blissey|82\/100|[from] Sandstorm\n|-heal|p1a: Zapdos|63\/100 slp|[from] item: Leftovers\n|-heal|p2a: Blissey|88\/100|[from] item: Leftovers\n|upkeep\n|turn|71\n|\n|t:|1600405964\n|switch|p1a: Celebi|Celebi|77\/100\n|move|p2a: Blissey|Ice Beam|p1a: Celebi\n|-supereffective|p1a: Celebi\n|-damage|p1a: Celebi|33\/100\n|\n|-weather|Sandstorm|[upkeep]\n|-damage|p1a: Celebi|27\/100|[from] Sandstorm\n|-damage|p2a: Blissey|82\/100|[from] Sandstorm\n|-heal|p1a: Celebi|33\/100|[from] item: Leftovers\n|-heal|p2a: Blissey|88\/100|[from] item: Leftovers\n|upkeep\n|turn|72\n|\n|t:|1600405968\n|move|p1a: Celebi|Recover|p1a: Celebi\n|-heal|p1a: Celebi|83\/100\n|move|p2a: Blissey|Ice Beam|p1a: Celebi\n|-supereffective|p1a: Celebi\n|-damage|p1a: Celebi|43\/100\n|\n|-weather|Sandstorm|[upkeep]\n|-damage|p1a: Celebi|36\/100|[from] Sandstorm\n|-damage|p2a: Blissey|82\/100|[from] Sandstorm\n|-heal|p1a: Celebi|43\/100|[from] item: Leftovers\n|-heal|p2a: Blissey|88\/100|[from] item: Leftovers\n|upkeep\n|turn|73\n|\n|t:|1600405972\n|move|p1a: Celebi|Recover|p1a: Celebi\n|-heal|p1a: Celebi|93\/100\n|move|p2a: Blissey|Ice Beam|p1a: Celebi\n|-supereffective|p1a: Celebi\n|-damage|p1a: Celebi|53\/100\n|\n|-weather|Sandstorm|[upkeep]\n|-damage|p1a: Celebi|47\/100|[from] Sandstorm\n|-damage|p2a: Blissey|82\/100|[from] Sandstorm\n|-heal|p1a: Celebi|53\/100|[from] item: Leftovers\n|-heal|p2a: Blissey|88\/100|[from] item: Leftovers\n|upkeep\n|turn|74\n|\n|t:|1600405976\n|move|p1a: Celebi|Leech Seed|p2a: Blissey\n|-start|p2a: Blissey|move: Leech Seed\n|move|p2a: Blissey|Thunder Wave|p1a: Celebi\n|-status|p1a: Celebi|par\n|\n|-weather|Sandstorm|[upkeep]\n|-damage|p2a: Blissey|82\/100|[from] Sandstorm\n|-damage|p1a: Celebi|47\/100 par|[from] Sandstorm\n|-heal|p2a: Blissey|88\/100|[from] item: Leftovers\n|-heal|p1a: Celebi|53\/100 par|[from] item: Leftovers\n|-damage|p2a: Blissey|76\/100|[from] Leech Seed|[of] p1a: Celebi\n|-heal|p1a: Celebi|73\/100 par|[silent]\n|upkeep\n|turn|75\n|\n|t:|1600405992\n|switch|p2a: Aerodactyl|Aerodactyl, F|64\/100\n|move|p1a: Celebi|Psychic|p2a: Aerodactyl\n|-damage|p2a: Aerodactyl|23\/100\n|\n|-weather|Sandstorm|[upkeep]\n|-damage|p1a: Celebi|67\/100 par|[from] Sandstorm\n|-heal|p1a: Celebi|73\/100 par|[from] item: Leftovers\n|upkeep\n|turn|76\n|\n|t:|1600405998\n|move|p2a: Aerodactyl|Double-Edge|p1a: Celebi\n|-damage|p1a: Celebi|42\/100 par\n|move|p1a: Celebi|Recover|p1a: Celebi\n|-heal|p1a: Celebi|92\/100 par\n|\n|-weather|Sandstorm|[upkeep]\n|-damage|p1a: Celebi|86\/100 par|[from] Sandstorm\n|-heal|p1a: Celebi|92\/100 par|[from] item: Leftovers\n|upkeep\n|turn|77\n|\n|t:|1600406005\n|switch|p2a: Tyranitar|Tyranitar, M|88\/100\n|move|p1a: Celebi|Leech Seed|p2a: Tyranitar\n|-start|p2a: Tyranitar|move: Leech Seed\n|\n|-weather|Sandstorm|[upkeep]\n|-damage|p1a: Celebi|86\/100 par|[from] Sandstorm\n|-heal|p2a: Tyranitar|94\/100|[from] item: Leftovers\n|-heal|p1a: Celebi|92\/100 par|[from] item: Leftovers\n|-damage|p2a: Tyranitar|82\/100|[from] Leech Seed|[of] p1a: Celebi\n|-heal|p1a: Celebi|100\/100 par|[silent]\n|upkeep\n|turn|78\n|\n|t:|1600406009\n|-curestatus|p1a: Celebi|par|[from] ability: Natural Cure\n|switch|p1a: Zapdos|Zapdos|63\/100 slp\n|move|p2a: Tyranitar|Crunch|p1a: Zapdos\n|-damage|p1a: Zapdos|37\/100 slp\n|\n|-weather|Sandstorm|[upkeep]\n|-damage|p1a: Zapdos|31\/100 slp|[from] Sandstorm\n|-heal|p1a: Zapdos|37\/100 slp|[from] item: Leftovers\n|-heal|p2a: Tyranitar|88\/100|[from] item: Leftovers\n|-damage|p2a: Tyranitar|76\/100|[from] Leech Seed|[of] p1a: Zapdos\n|-heal|p1a: Zapdos|50\/100 slp|[silent]\n|upkeep\n|turn|79\n|\n|t:|1600406017\n|switch|p2a: Aerodactyl|Aerodactyl, F|23\/100\n|cant|p1a: Zapdos|slp\n|\n|-weather|Sandstorm|[upkeep]\n|-damage|p1a: Zapdos|44\/100 slp|[from] Sandstorm\n|-heal|p1a: Zapdos|50\/100 slp|[from] item: Leftovers\n|upkeep\n|turn|80\n|\n|t:|1600406020\n|move|p2a: Aerodactyl|Hidden Power|p1a: Zapdos\n|-resisted|p1a: Zapdos\n|-damage|p1a: Zapdos|35\/100 slp\n|cant|p1a: Zapdos|slp\n|\n|-weather|Sandstorm|[upkeep]\n|-damage|p1a: Zapdos|29\/100 slp|[from] Sandstorm\n|-heal|p1a: Zapdos|35\/100 slp|[from] item: Leftovers\n|upkeep\n|turn|81\n|\n|t:|1600406029\n|switch|p2a: Blissey|Blissey, F|76\/100\n|-curestatus|p1a: Zapdos|slp|[msg]\n|move|p1a: Zapdos|Toxic|p2a: Blissey\n|-status|p2a: Blissey|tox\n|\n|-weather|Sandstorm|[upkeep]\n|-damage|p1a: Zapdos|29\/100|[from] Sandstorm\n|-damage|p2a: Blissey|70\/100 tox|[from] Sandstorm\n|-heal|p1a: Zapdos|35\/100|[from] item: Leftovers\n|-heal|p2a: Blissey|76\/100 tox|[from] item: Leftovers\n|-damage|p2a: Blissey|70\/100 tox|[from] psn\n|upkeep\n|turn|82\n|\n|t:|1600406035\n|-curestatus|p2a: Blissey|tox|[from] ability: Natural Cure\n|switch|p2a: Tyranitar|Tyranitar, M|76\/100\n|move|p1a: Zapdos|Rest|p1a: Zapdos\n|-status|p1a: Zapdos|slp|[from] move: Rest\n|-heal|p1a: Zapdos|100\/100 slp|[silent]\n|\n|-weather|Sandstorm|[upkeep]\n|-damage|p1a: Zapdos|94\/100 slp|[from] Sandstorm\n|-heal|p1a: Zapdos|100\/100 slp|[from] item: Leftovers\n|-heal|p2a: Tyranitar|82\/100|[from] item: Leftovers\n|upkeep\n|turn|83\n|\n|t:|1600406041\n|switch|p2a: Blissey|Blissey, F|70\/100\n|cant|p1a: Zapdos|slp\n|\n|-weather|Sandstorm|[upkeep]\n|-damage|p1a: Zapdos|94\/100 slp|[from] Sandstorm\n|-damage|p2a: Blissey|63\/100|[from] Sandstorm\n|-heal|p1a: Zapdos|100\/100 slp|[from] item: Leftovers\n|-heal|p2a: Blissey|70\/100|[from] item: Leftovers\n|upkeep\n|turn|84\n|j| cardwell9\n|\n|t:|1600406051\n|switch|p1a: Celebi|Celebi|100\/100\n|move|p2a: Blissey|Ice Beam|p1a: Celebi\n|-supereffective|p1a: Celebi\n|-crit|p1a: Celebi\n|-damage|p1a: Celebi|22\/100\n|-status|p1a: Celebi|frz\n|\n|-weather|Sandstorm|[upkeep]\n|-damage|p1a: Celebi|16\/100 frz|[from] Sandstorm\n|-damage|p2a: Blissey|63\/100|[from] Sandstorm\n|-heal|p1a: Celebi|22\/100 frz|[from] item: Leftovers\n|-heal|p2a: Blissey|70\/100|[from] item: Leftovers\n|upkeep\n|turn|85\n|\n|t:|1600406057\n|-curestatus|p1a: Celebi|frz|[from] ability: Natural Cure\n|switch|p1a: Zapdos|Zapdos|100\/100 slp\n|move|p2a: Blissey|Ice Beam|p1a: Zapdos\n|-supereffective|p1a: Zapdos\n|-damage|p1a: Zapdos|61\/100 slp\n|\n|-weather|Sandstorm|[upkeep]\n|-damage|p1a: Zapdos|55\/100 slp|[from] Sandstorm\n|-damage|p2a: Blissey|63\/100|[from] Sandstorm\n|-heal|p1a: Zapdos|61\/100 slp|[from] item: Leftovers\n|-heal|p2a: Blissey|70\/100|[from] item: Leftovers\n|upkeep\n|turn|86\n|\n|t:|1600406060\n|cant|p1a: Zapdos|slp\n|move|p2a: Blissey|Ice Beam|p1a: Zapdos\n|-supereffective|p1a: Zapdos\n|-damage|p1a: Zapdos|22\/100 slp\n|\n|-weather|Sandstorm|[upkeep]\n|-damage|p1a: Zapdos|16\/100 slp|[from] Sandstorm\n|-damage|p2a: Blissey|63\/100|[from] Sandstorm\n|-heal|p1a: Zapdos|22\/100 slp|[from] item: Leftovers\n|-heal|p2a: Blissey|70\/100|[from] item: Leftovers\n|upkeep\n|turn|87\n|\n|t:|1600406063\n|-curestatus|p1a: Zapdos|slp|[msg]\n|move|p1a: Zapdos|Rest|p1a: Zapdos\n|-status|p1a: Zapdos|slp|[from] move: Rest\n|-heal|p1a: Zapdos|100\/100 slp|[silent]\n|move|p2a: Blissey|Ice Beam|p1a: Zapdos\n|-supereffective|p1a: Zapdos\n|-damage|p1a: Zapdos|65\/100 slp\n|\n|-weather|Sandstorm|[upkeep]\n|-damage|p1a: Zapdos|58\/100 slp|[from] Sandstorm\n|-damage|p2a: Blissey|63\/100|[from] Sandstorm\n|-heal|p1a: Zapdos|65\/100 slp|[from] item: Leftovers\n|-heal|p2a: Blissey|70\/100|[from] item: Leftovers\n|upkeep\n|turn|88\n|\n|t:|1600406065\n|cant|p1a: Zapdos|slp\n|move|p2a: Blissey|Ice Beam|p1a: Zapdos\n|-supereffective|p1a: Zapdos\n|-damage|p1a: Zapdos|25\/100 slp\n|\n|-weather|Sandstorm|[upkeep]\n|-damage|p1a: Zapdos|19\/100 slp|[from] Sandstorm\n|-damage|p2a: Blissey|63\/100|[from] Sandstorm\n|-heal|p1a: Zapdos|25\/100 slp|[from] item: Leftovers\n|-heal|p2a: Blissey|70\/100|[from] item: Leftovers\n|upkeep\n|turn|89\n|\n|t:|1600406068\n|switch|p2a: Aerodactyl|Aerodactyl, F|23\/100\n|cant|p1a: Zapdos|slp\n|\n|-weather|Sandstorm|[upkeep]\n|-damage|p1a: Zapdos|19\/100 slp|[from] Sandstorm\n|-heal|p1a: Zapdos|25\/100 slp|[from] item: Leftovers\n|upkeep\n|turn|90\n|\n|t:|1600406074\n|move|p2a: Aerodactyl|Double-Edge|p1a: Zapdos\n|-damage|p1a: Zapdos|0 fnt\n|faint|p1a: Zapdos\n|\n|t:|1600406076\n|switch|p1a: Celebi|Celebi|22\/100\n|\n|-weather|Sandstorm|[upkeep]\n|-damage|p1a: Celebi|16\/100|[from] Sandstorm\n|-heal|p1a: Celebi|22\/100|[from] item: Leftovers\n|upkeep\n|turn|91\n|l| cardwell9\n|\n|t:|1600406085\n|move|p2a: Aerodactyl|Double-Edge|p1a: Celebi\n|-damage|p1a: Celebi|0 fnt\n|faint|p1a: Celebi\n|\n|win|winter lanterns\n|raw|Sinmore's rating: 1418 &rarr; <strong>1395<\/strong><br \/>(-23 for losing)\n|raw|winter lanterns's rating: 1351 &rarr; <strong>1375<\/strong><br \/>(+24 for winning)\n|l|\u2606winter lanterns\n|j| cardwell9\n|l| cardwell9\n|l| SuperEpicAmpharos\n","uploadtime":1600407806,"views":9,"p1id":"sinmore","p2id":"winterlanterns","formatid":"gen3ou","rating":1375,"private":0,"password":null}