{"id":"gen3ou-1147338275","p1":"Trogba Trogba","p2":"Horodro","format":"gen3ou","log":"|j|\u2606Trogba Trogba\n|j|\u2606Horodro\n|player|p1|Trogba Trogba|lance|\n|player|p2|Horodro|pokekid|\n|teamsize|p1|6\n|teamsize|p2|6\n|gametype|singles\n|gen|3\n|tier|[Gen 3] OU\n|rated|Tournament battle\n|rule|Sleep Clause Mod: Limit one foe put to sleep\n|rule|Switch Priority Clause Mod: Faster Pok\u00e9mon switch first\n|rule|Species Clause: Limit one of each Pok\u00e9mon\n|rule|OHKO Clause: OHKO moves are banned\n|rule|Moody Clause: Moody is banned\n|rule|Evasion Moves Clause: Evasion moves are banned\n|rule|Endless Battle Clause: Forcing endless battles is banned\n|rule|HP Percentage Mod: HP is shown in percentages\n|rule|3 Baton Pass Clause: Limit three Baton Passers\n|\n|start\n|switch|p1a: Skarmory|Skarmory, F|100\/100\n|switch|p2a: Metagross|Metagross|100\/100\n|turn|1\n|inactive|Battle timer is ON: inactive players will automatically lose when time's up. (requested by Horodro)\n|\n|switch|p2a: Jolteon|Jolteon, F|100\/100\n|move|p1a: Skarmory|Spikes|p2a: Jolteon\n|-sidestart|p2: Horodro|Spikes\n|\n|upkeep\n|turn|2\n|\n|switch|p1a: Claydol|Claydol|100\/100\n|move|p2a: Jolteon|Toxic|p1a: Claydol\n|-status|p1a: Claydol|tox\n|\n|-damage|p1a: Claydol|94\/100 tox|[from] psn\n|upkeep\n|turn|3\n|\n|move|p2a: Jolteon|Baton Pass|p2a: Jolteon\n|\n|switch|p2a: Flygon|Flygon, F|100\/100|[from]move: Baton Pass\n|move|p1a: Claydol|Earthquake|p2a: Flygon\n|-immune|p2a: Flygon\n|\n|-heal|p1a: Claydol|100\/100 tox|[from] item: Leftovers\n|-damage|p1a: Claydol|88\/100 tox|[from] psn\n|upkeep\n|turn|4\n|inactive|Trogba Trogba has 120 seconds left.\n|\n|switch|p2a: Swampert|Swampert, F|100\/100\n|-damage|p2a: Swampert|88\/100|[from] Spikes\n|move|p1a: Claydol|Ice Beam|p2a: Swampert\n|-damage|p2a: Swampert|74\/100\n|\n|-heal|p1a: Claydol|94\/100 tox|[from] item: Leftovers\n|-heal|p2a: Swampert|80\/100|[from] item: Leftovers\n|-damage|p1a: Claydol|76\/100 tox|[from] psn\n|upkeep\n|turn|5\n|\n|switch|p1a: Skarmory|Skarmory, F|100\/100\n|move|p2a: Swampert|Ice Beam|p1a: Skarmory\n|-damage|p1a: Skarmory|80\/100\n|\n|-heal|p1a: Skarmory|86\/100|[from] item: Leftovers\n|-heal|p2a: Swampert|86\/100|[from] item: Leftovers\n|upkeep\n|turn|6\n|inactive|Trogba Trogba has 90 seconds left.\n|\n|move|p1a: Skarmory|Spikes|p2a: Swampert\n|-sidestart|p2: Horodro|Spikes\n|move|p2a: Swampert|Hydro Pump|p1a: Skarmory\n|-damage|p1a: Skarmory|47\/100\n|\n|-heal|p1a: Skarmory|53\/100|[from] item: Leftovers\n|-heal|p2a: Swampert|92\/100|[from] item: Leftovers\n|upkeep\n|turn|7\n|\n|switch|p2a: Jolteon|Jolteon, F|100\/100\n|-damage|p2a: Jolteon|84\/100|[from] Spikes\n|move|p1a: Skarmory|Toxic|p2a: Jolteon\n|-status|p2a: Jolteon|tox\n|\n|-heal|p2a: Jolteon|90\/100 tox|[from] item: Leftovers\n|-heal|p1a: Skarmory|59\/100|[from] item: Leftovers\n|-damage|p2a: Jolteon|84\/100 tox|[from] psn\n|upkeep\n|turn|8\n|inactive|Trogba Trogba has 90 seconds left.\n|\n|switch|p1a: Claydol|Claydol|76\/100 tox\n|move|p2a: Jolteon|Hidden Power|p1a: Claydol\n|-supereffective|p1a: Claydol\n|-damage|p1a: Claydol|39\/100 tox\n|\n|-heal|p2a: Jolteon|90\/100 tox|[from] item: Leftovers\n|-heal|p1a: Claydol|45\/100 tox|[from] item: Leftovers\n|-damage|p2a: Jolteon|78\/100 tox|[from] psn\n|-damage|p1a: Claydol|39\/100 tox|[from] psn\n|upkeep\n|turn|9\n|\n|move|p2a: Jolteon|Baton Pass|p2a: Jolteon\n|\n|switch|p2a: Swampert|Swampert, F|92\/100|[from]move: Baton Pass\n|-damage|p2a: Swampert|76\/100|[from] Spikes\n|move|p1a: Claydol|Ice Beam|p2a: Swampert\n|-damage|p2a: Swampert|60\/100\n|\n|-heal|p1a: Claydol|45\/100 tox|[from] item: Leftovers\n|-heal|p2a: Swampert|66\/100|[from] item: Leftovers\n|-damage|p1a: Claydol|33\/100 tox|[from] psn\n|upkeep\n|turn|10\n|\n|move|p1a: Claydol|Earthquake|p2a: Swampert\n|-damage|p2a: Swampert|48\/100\n|move|p2a: Swampert|Hydro Pump|p1a: Claydol|[miss]\n|-miss|p2a: Swampert|p1a: Claydol\n|\n|-heal|p1a: Claydol|39\/100 tox|[from] item: Leftovers\n|-heal|p2a: Swampert|54\/100|[from] item: Leftovers\n|-damage|p1a: Claydol|20\/100 tox|[from] psn\n|upkeep\n|turn|11\n|\n|switch|p1a: Milotic|Milotic, M|100\/100\n|move|p2a: Swampert|Protect||[still]\n|-fail|p2a: Swampert\n|\n|-heal|p2a: Swampert|60\/100|[from] item: Leftovers\n|upkeep\n|turn|12\n|\n|switch|p1a: Skarmory|Skarmory, F|59\/100\n|move|p2a: Swampert|Earthquake|p1a: Skarmory\n|-immune|p1a: Skarmory\n|\n|-heal|p1a: Skarmory|65\/100|[from] item: Leftovers\n|-heal|p2a: Swampert|67\/100|[from] item: Leftovers\n|upkeep\n|turn|13\n|inactive|Trogba Trogba has 90 seconds left.\n|inactive|Trogba Trogba has 60 seconds left.\n|inactive|Trogba Trogba has 30 seconds left.\n|\n|move|p1a: Skarmory|Spikes|p2a: Swampert\n|-sidestart|p2: Horodro|Spikes\n|move|p2a: Swampert|Hydro Pump|p1a: Skarmory\n|-damage|p1a: Skarmory|30\/100\n|\n|-heal|p1a: Skarmory|36\/100|[from] item: Leftovers\n|-heal|p2a: Swampert|73\/100|[from] item: Leftovers\n|upkeep\n|turn|14\n|\n|move|p1a: Skarmory|Toxic|p2a: Swampert\n|-status|p2a: Swampert|tox\n|move|p2a: Swampert|Earthquake|p1a: Skarmory\n|-immune|p1a: Skarmory\n|\n|-heal|p1a: Skarmory|42\/100|[from] item: Leftovers\n|-heal|p2a: Swampert|79\/100 tox|[from] item: Leftovers\n|-damage|p2a: Swampert|73\/100 tox|[from] psn\n|upkeep\n|turn|15\n|inactive|Trogba Trogba has 30 seconds left.\n|inactive|Trogba Trogba has 20 seconds left.\n|\n|move|p1a: Skarmory|Protect|p1a: Skarmory\n|-singleturn|p1a: Skarmory|Protect\n|move|p2a: Swampert|Hydro Pump|p1a: Skarmory\n|-activate|p1a: Skarmory|Protect\n|\n|-heal|p1a: Skarmory|48\/100|[from] item: Leftovers\n|-heal|p2a: Swampert|79\/100 tox|[from] item: Leftovers\n|-damage|p2a: Swampert|67\/100 tox|[from] psn\n|upkeep\n|turn|16\n|inactive|Trogba Trogba has 30 seconds left this turn.\n|j| ReallyJustApersin\n|\n|switch|p2a: Metagross|Metagross|100\/100\n|-damage|p2a: Metagross|75\/100|[from] Spikes\n|move|p1a: Skarmory|Whirlwind|p2a: Metagross\n|drag|p2a: Swampert|Swampert, F|67\/100 tox\n|-damage|p2a: Swampert|42\/100 tox|[from] Spikes\n|\n|-heal|p1a: Skarmory|53\/100|[from] item: Leftovers\n|-heal|p2a: Swampert|48\/100 tox|[from] item: Leftovers\n|-damage|p2a: Swampert|42\/100 tox|[from] psn\n|upkeep\n|turn|17\n|-message|Horodro forfeited.\n|\n|win|Trogba Trogba\n|l|\u2606Horodro\n|l| ReallyJustApersin\n|l|\u2606Trogba Trogba\n","uploadtime":1594209063,"views":20,"p1id":"trogbatrogba","p2id":"horodro","formatid":"gen3ou","rating":0,"private":0,"password":null}