{"id":"gen3ou-1163422009","p1":"winter lanterns","p2":"UR_JUST_FR33_ELO","format":"gen3ou","log":"|j|\u2606winter lanterns\n|j|\u2606UR_JUST_FR33_ELO\n|t:|1596588033\n|player|p1|winter lanterns|170|1422\n|player|p2|UR_JUST_FR33_ELO|lass-gen4dp|1419\n|teamsize|p1|6\n|teamsize|p2|6\n|gametype|singles\n|gen|3\n|tier|[Gen 3] OU\n|rated|\n|rule|Sleep Clause Mod: Limit one foe put to sleep\n|rule|Switch Priority Clause Mod: Faster Pok\u00e9mon switch first\n|rule|Species Clause: Limit one of each Pok\u00e9mon\n|rule|OHKO Clause: OHKO moves are banned\n|rule|Moody Clause: Moody is banned\n|rule|Evasion Moves Clause: Evasion moves are banned\n|rule|Endless Battle Clause: Forcing endless battles is banned\n|rule|HP Percentage Mod: HP is shown in percentages\n|rule|3 Baton Pass Clause: Limit three Baton Passers\n|\n|t:|1596588033\n|start\n|switch|p1a: Zapdos|Zapdos|100\/100\n|switch|p2a: Zapdos|Zapdos|100\/100\n|turn|1\n|\n|t:|1596588040\n|move|p1a: Zapdos|Thunder Wave|p2a: Zapdos\n|-status|p2a: Zapdos|par\n|move|p2a: Zapdos|Thunder Wave|p1a: Zapdos\n|-status|p1a: Zapdos|par\n|\n|upkeep\n|turn|2\n|\n|t:|1596588047\n|switch|p2a: Celebi|Celebi|100\/100\n|move|p1a: Zapdos|Thunderbolt|p2a: Celebi\n|-resisted|p2a: Celebi\n|-damage|p2a: Celebi|85\/100\n|\n|-heal|p2a: Celebi|91\/100|[from] item: Leftovers\n|upkeep\n|turn|3\n|\n|t:|1596588055\n|move|p2a: Celebi|Heal Bell|p2a: Celebi\n|-activate|p2a: Celebi|move: Heal Bell\n|-curestatus|p2: Zapdos|par|[silent]\n|move|p1a: Zapdos|Toxic|p2a: Celebi\n|-status|p2a: Celebi|tox\n|\n|-heal|p2a: Celebi|97\/100 tox|[from] item: Leftovers\n|-damage|p2a: Celebi|91\/100 tox|[from] psn\n|upkeep\n|turn|4\n|\n|t:|1596588065\n|move|p2a: Celebi|Heal Bell|p2a: Celebi\n|-activate|p2a: Celebi|move: Heal Bell\n|-curestatus|p2a: Celebi|tox|[silent]\n|move|p1a: Zapdos|Hidden Power|p2a: Celebi\n|-supereffective|p2a: Celebi\n|-damage|p2a: Celebi|56\/100\n|\n|-heal|p2a: Celebi|63\/100|[from] item: Leftovers\n|upkeep\n|turn|5\n|j| Slugmagmalamareep\n|\n|t:|1596588075\n|switch|p1a: Tyranitar|Tyranitar, M|100\/100\n|-weather|Sandstorm|[from] ability: Sand Stream|[of] p1a: Tyranitar\n|move|p2a: Celebi|Psychic|p1a: Tyranitar\n|-immune|p1a: Tyranitar\n|\n|-weather|Sandstorm|[upkeep]\n|-damage|p2a: Celebi|56\/100|[from] Sandstorm\n|-heal|p2a: Celebi|63\/100|[from] item: Leftovers\n|upkeep\n|turn|6\n|\n|t:|1596588086\n|move|p2a: Celebi|Hidden Power|p1a: Tyranitar\n|-supereffective|p1a: Tyranitar\n|-damage|p1a: Tyranitar|46\/100\n|move|p1a: Tyranitar|Rock Slide|p2a: Celebi|[miss]\n|-miss|p1a: Tyranitar|p2a: Celebi\n|\n|-weather|Sandstorm|[upkeep]\n|-damage|p2a: Celebi|56\/100|[from] Sandstorm\n|-heal|p2a: Celebi|63\/100|[from] item: Leftovers\n|upkeep\n|turn|7\n|l| Slugmagmalamareep\n|\n|t:|1596588097\n|switch|p1a: Jirachi|Jirachi|100\/100\n|move|p2a: Celebi|Hidden Power|p1a: Jirachi\n|-resisted|p1a: Jirachi\n|-damage|p1a: Jirachi|90\/100\n|\n|-weather|Sandstorm|[upkeep]\n|-damage|p2a: Celebi|56\/100|[from] Sandstorm\n|-heal|p2a: Celebi|63\/100|[from] item: Leftovers\n|-heal|p1a: Jirachi|96\/100|[from] item: Leftovers\n|upkeep\n|turn|8\n|\n|t:|1596588116\n|switch|p2a: Snorlax|Snorlax, M|100\/100\n|move|p1a: Jirachi|Ice Punch|p2a: Snorlax\n|-damage|p2a: Snorlax|86\/100\n|\n|-weather|Sandstorm|[upkeep]\n|-damage|p2a: Snorlax|80\/100|[from] Sandstorm\n|-heal|p1a: Jirachi|100\/100|[from] item: Leftovers\n|-heal|p2a: Snorlax|86\/100|[from] item: Leftovers\n|upkeep\n|turn|9\n|\n|t:|1596588127\n|switch|p1a: Tyranitar|Tyranitar, M|46\/100\n|move|p2a: Snorlax|Earthquake|p1a: Tyranitar\n|-supereffective|p1a: Tyranitar\n|-damage|p1a: Tyranitar|0 fnt\n|faint|p1a: Tyranitar\n|\n|t:|1596588130\n|switch|p1a: Gengar|Gengar, F|100\/100\n|\n|-weather|Sandstorm|[upkeep]\n|-damage|p1a: Gengar|94\/100|[from] Sandstorm\n|-damage|p2a: Snorlax|80\/100|[from] Sandstorm\n|-heal|p1a: Gengar|100\/100|[from] item: Leftovers\n|-heal|p2a: Snorlax|86\/100|[from] item: Leftovers\n|upkeep\n|turn|10\n|\n|t:|1596588141\n|move|p1a: Gengar|Will-O-Wisp|p2a: Snorlax\n|-status|p2a: Snorlax|brn\n|move|p2a: Snorlax|Shadow Ball|p1a: Gengar\n|-supereffective|p1a: Gengar\n|-damage|p1a: Gengar|54\/100\n|\n|-weather|Sandstorm|[upkeep]\n|-damage|p1a: Gengar|48\/100|[from] Sandstorm\n|-damage|p2a: Snorlax|80\/100 brn|[from] Sandstorm\n|-heal|p1a: Gengar|54\/100|[from] item: Leftovers\n|-heal|p2a: Snorlax|86\/100 brn|[from] item: Leftovers\n|-damage|p2a: Snorlax|74\/100 brn|[from] brn\n|upkeep\n|turn|11\n|\n|t:|1596588155\n|switch|p1a: Jirachi|Jirachi|100\/100\n|switch|p2a: Celebi|Celebi|63\/100\n|\n|-weather|Sandstorm|[upkeep]\n|-damage|p2a: Celebi|56\/100|[from] Sandstorm\n|-heal|p2a: Celebi|63\/100|[from] item: Leftovers\n|upkeep\n|turn|12\n|\n|t:|1596588164\n|move|p1a: Jirachi|Calm Mind|p1a: Jirachi\n|-boost|p1a: Jirachi|spa|1\n|-boost|p1a: Jirachi|spd|1\n|move|p2a: Celebi|Heal Bell|p2a: Celebi\n|-activate|p2a: Celebi|move: Heal Bell\n|-curestatus|p2: Snorlax|brn|[silent]\n|\n|-weather|Sandstorm|[upkeep]\n|-damage|p2a: Celebi|56\/100|[from] Sandstorm\n|-heal|p2a: Celebi|63\/100|[from] item: Leftovers\n|upkeep\n|turn|13\n|j| Slugmagmalamareep\n|\n|t:|1596588176\n|switch|p2a: Snorlax|Snorlax, M|74\/100\n|move|p1a: Jirachi|Ice Punch|p2a: Snorlax\n|-damage|p2a: Snorlax|54\/100\n|-status|p2a: Snorlax|frz\n|\n|-weather|Sandstorm|[upkeep]\n|-damage|p2a: Snorlax|47\/100 frz|[from] Sandstorm\n|-heal|p2a: Snorlax|54\/100 frz|[from] item: Leftovers\n|upkeep\n|turn|14\n|\n|t:|1596588190\n|switch|p2a: Swampert|Swampert, M|100\/100\n|move|p1a: Jirachi|Substitute|p1a: Jirachi\n|-start|p1a: Jirachi|Substitute\n|-damage|p1a: Jirachi|75\/100\n|\n|-weather|Sandstorm|[upkeep]\n|-heal|p1a: Jirachi|82\/100|[from] item: Leftovers\n|upkeep\n|turn|15\n|\n|t:|1596588199\n|move|p1a: Jirachi|Ice Punch|p2a: Swampert\n|-damage|p2a: Swampert|69\/100\n|move|p2a: Swampert|Earthquake|p1a: Jirachi\n|-supereffective|p1a: Jirachi\n|-end|p1a: Jirachi|Substitute\n|\n|-weather|Sandstorm|[upkeep]\n|-heal|p1a: Jirachi|88\/100|[from] item: Leftovers\n|-heal|p2a: Swampert|75\/100|[from] item: Leftovers\n|upkeep\n|turn|16\n|\n|t:|1596588210\n|switch|p1a: Gengar|Gengar, F|54\/100\n|move|p2a: Swampert|Earthquake|p1a: Gengar\n|-immune|p1a: Gengar\n|\n|-weather|Sandstorm|[upkeep]\n|-damage|p1a: Gengar|48\/100|[from] Sandstorm\n|-heal|p1a: Gengar|54\/100|[from] item: Leftovers\n|-heal|p2a: Swampert|81\/100|[from] item: Leftovers\n|upkeep\n|turn|17\n|\n|t:|1596588221\n|move|p1a: Gengar|Ice Punch|p2a: Swampert\n|-damage|p2a: Swampert|60\/100\n|move|p2a: Swampert|Hydro Pump|p1a: Gengar\n|-crit|p1a: Gengar\n|-damage|p1a: Gengar|0 fnt\n|faint|p1a: Gengar\n|\n|t:|1596588223\n|switch|p1a: Suicune|Suicune|100\/100\n|\n|-weather|Sandstorm|[upkeep]\n|-damage|p1a: Suicune|94\/100|[from] Sandstorm\n|-heal|p1a: Suicune|100\/100|[from] item: Leftovers\n|-heal|p2a: Swampert|67\/100|[from] item: Leftovers\n|upkeep\n|turn|18\n|\n|t:|1596588240\n|switch|p2a: Zapdos|Zapdos|100\/100\n|move|p1a: Suicune|Calm Mind|p1a: Suicune\n|-boost|p1a: Suicune|spa|1\n|-boost|p1a: Suicune|spd|1\n|\n|-weather|Sandstorm|[upkeep]\n|-damage|p1a: Suicune|94\/100|[from] Sandstorm\n|-damage|p2a: Zapdos|94\/100|[from] Sandstorm\n|-heal|p1a: Suicune|100\/100|[from] item: Leftovers\n|-heal|p2a: Zapdos|100\/100|[from] item: Leftovers\n|upkeep\n|turn|19\n|\n|t:|1596588251\n|move|p1a: Suicune|Ice Beam|p2a: Zapdos\n|-supereffective|p2a: Zapdos\n|-damage|p2a: Zapdos|19\/100\n|move|p2a: Zapdos|Thunderbolt|p1a: Suicune\n|-supereffective|p1a: Suicune\n|-damage|p1a: Suicune|42\/100\n|\n|-weather|Sandstorm|[upkeep]\n|-damage|p1a: Suicune|36\/100|[from] Sandstorm\n|-damage|p2a: Zapdos|13\/100|[from] Sandstorm\n|-heal|p1a: Suicune|42\/100|[from] item: Leftovers\n|-heal|p2a: Zapdos|19\/100|[from] item: Leftovers\n|upkeep\n|turn|20\n|\n|t:|1596588266\n|move|p1a: Suicune|Ice Beam|p2a: Zapdos\n|-supereffective|p2a: Zapdos\n|-damage|p2a: Zapdos|0 fnt\n|faint|p2a: Zapdos\n|\n|t:|1596588271\n|switch|p2a: Dodrio|Dodrio, F|100\/100\n|\n|-weather|Sandstorm|[upkeep]\n|-damage|p2a: Dodrio|94\/100|[from] Sandstorm\n|-damage|p1a: Suicune|36\/100|[from] Sandstorm\n|-heal|p1a: Suicune|42\/100|[from] item: Leftovers\n|upkeep\n|turn|21\n|\n|t:|1596588280\n|move|p2a: Dodrio|Return|p1a: Suicune\n|-damage|p1a: Suicune|0 fnt\n|faint|p1a: Suicune\n|\n|t:|1596588284\n|switch|p1a: Jirachi|Jirachi|88\/100\n|\n|-weather|Sandstorm|[upkeep]\n|-damage|p2a: Dodrio|88\/100|[from] Sandstorm\n|-heal|p1a: Jirachi|94\/100|[from] item: Leftovers\n|upkeep\n|turn|22\n|\n|t:|1596588293\n|switch|p2a: Swampert|Swampert, M|67\/100\n|move|p1a: Jirachi|Calm Mind|p1a: Jirachi\n|-boost|p1a: Jirachi|spa|1\n|-boost|p1a: Jirachi|spd|1\n|\n|-weather|Sandstorm|[upkeep]\n|-heal|p1a: Jirachi|99\/100|[from] item: Leftovers\n|-heal|p2a: Swampert|73\/100|[from] item: Leftovers\n|upkeep\n|turn|23\n|\n|t:|1596588303\n|move|p1a: Jirachi|Ice Punch|p2a: Swampert\n|-damage|p2a: Swampert|43\/100\n|move|p2a: Swampert|Earthquake|p1a: Jirachi\n|-supereffective|p1a: Jirachi\n|-damage|p1a: Jirachi|30\/100\n|\n|-weather|Sandstorm|[upkeep]\n|-heal|p1a: Jirachi|36\/100|[from] item: Leftovers\n|-heal|p2a: Swampert|49\/100|[from] item: Leftovers\n|upkeep\n|turn|24\n|c|\u2606UR_JUST_FR33_ELO|What you\u2019re doing is evil\n|l| Slugmagmalamareep\n|c|\u2606UR_JUST_FR33_ELO|lol\n|\n|t:|1596588318\n|move|p1a: Jirachi|Ice Punch|p2a: Swampert\n|-damage|p2a: Swampert|20\/100\n|move|p2a: Swampert|Earthquake|p1a: Jirachi\n|-supereffective|p1a: Jirachi\n|-damage|p1a: Jirachi|0 fnt\n|faint|p1a: Jirachi\n|\n|t:|1596588328\n|switch|p1a: Dugtrio|Dugtrio, M|100\/100\n|\n|-weather|Sandstorm|[upkeep]\n|-heal|p2a: Swampert|26\/100|[from] item: Leftovers\n|upkeep\n|turn|25\n|\n|t:|1596588335\n|move|p1a: Dugtrio|Earthquake|p2a: Swampert\n|-damage|p2a: Swampert|0 fnt\n|faint|p2a: Swampert\n|\n|t:|1596588339\n|switch|p2a: Dodrio|Dodrio, F|88\/100\n|\n|-weather|Sandstorm|[upkeep]\n|-damage|p2a: Dodrio|82\/100|[from] Sandstorm\n|upkeep\n|turn|26\n|-message|winter lanterns forfeited.\n|\n|win|UR_JUST_FR33_ELO\n|l|\u2606winter lanterns\n|raw|winter lanterns's rating: 1422 &rarr; <strong>1402<\/strong><br \/>(-20 for losing)\n|raw|UR_JUST_FR33_ELO's rating: 1420 &rarr; <strong>1440<\/strong><br \/>(+20 for winning)\n","uploadtime":1596588355,"views":15,"p1id":"winterlanterns","p2id":"urjustfr33elo","formatid":"gen3ou","rating":1402,"private":0,"password":null}