{"id":"gen3ou-1167553280","p1":"winter lanterns","p2":"TheResidentsAndEye","format":"gen3ou","log":"|j|\u2606winter lanterns\n|j|\u2606TheResidentsAndEye\n|t:|1597229371\n|player|p1|winter lanterns|169|1542\n|player|p2|TheResidentsAndEye|burglar|1306\n|teamsize|p1|6\n|teamsize|p2|6\n|gametype|singles\n|gen|3\n|tier|[Gen 3] OU\n|rated|\n|rule|Sleep Clause Mod: Limit one foe put to sleep\n|rule|Switch Priority Clause Mod: Faster Pok\u00e9mon switch first\n|rule|Species Clause: Limit one of each Pok\u00e9mon\n|rule|OHKO Clause: OHKO moves are banned\n|rule|Moody Clause: Moody is banned\n|rule|Evasion Moves Clause: Evasion moves are banned\n|rule|Endless Battle Clause: Forcing endless battles is banned\n|rule|HP Percentage Mod: HP is shown in percentages\n|rule|3 Baton Pass Clause: Limit three Baton Passers\n|\n|t:|1597229371\n|start\n|switch|p1a: Zapdos|Zapdos|100\/100\n|switch|p2a: Tyranitar|Tyranitar, F|100\/100\n|-weather|Sandstorm|[from] ability: Sand Stream|[of] p2a: Tyranitar\n|turn|1\n|\n|t:|1597229383\n|move|p1a: Zapdos|Thunderbolt|p2a: Tyranitar\n|-damage|p2a: Tyranitar|48\/100\n|move|p2a: Tyranitar|Rock Slide|p1a: Zapdos|[miss]\n|-miss|p2a: Tyranitar|p1a: Zapdos\n|\n|-weather|Sandstorm|[upkeep]\n|-damage|p1a: Zapdos|94\/100|[from] Sandstorm\n|-heal|p1a: Zapdos|100\/100|[from] item: Leftovers\n|upkeep\n|turn|2\n|\n|t:|1597229393\n|switch|p2a: Steelix|Steelix, M|100\/100\n|move|p1a: Zapdos|Thunderbolt|p2a: Steelix\n|-immune|p2a: Steelix\n|\n|-weather|Sandstorm|[upkeep]\n|-damage|p1a: Zapdos|94\/100|[from] Sandstorm\n|-heal|p1a: Zapdos|100\/100|[from] item: Leftovers\n|upkeep\n|turn|3\n|\n|t:|1597229402\n|switch|p1a: Tyranitar|Tyranitar, F|100\/100\n|move|p2a: Steelix|Roar|p1a: Tyranitar\n|drag|p1a: Gengar|Gengar, M|100\/100\n|\n|-weather|Sandstorm|[upkeep]\n|-damage|p1a: Gengar|94\/100|[from] Sandstorm\n|-heal|p1a: Gengar|100\/100|[from] item: Leftovers\n|upkeep\n|turn|4\n|\n|t:|1597229413\n|switch|p2a: Starmie|Starmie|100\/100\n|move|p1a: Gengar|Will-O-Wisp|p2a: Starmie|[miss]\n|-miss|p1a: Gengar|p2a: Starmie\n|\n|-weather|Sandstorm|[upkeep]\n|-damage|p2a: Starmie|94\/100|[from] Sandstorm\n|-damage|p1a: Gengar|94\/100|[from] Sandstorm\n|-heal|p2a: Starmie|100\/100|[from] item: Leftovers\n|-heal|p1a: Gengar|100\/100|[from] item: Leftovers\n|upkeep\n|turn|5\n|\n|t:|1597229434\n|move|p2a: Starmie|Thunder Wave|p1a: Gengar\n|-status|p1a: Gengar|par\n|move|p1a: Gengar|Explosion|p2a: Starmie\n|-damage|p2a: Starmie|17\/100\n|faint|p1a: Gengar\n|j| POKEMONeagle42\n|\n|t:|1597229437\n|switch|p1a: Dugtrio|Dugtrio, M|100\/100\n|\n|-weather|Sandstorm|[upkeep]\n|-damage|p2a: Starmie|11\/100|[from] Sandstorm\n|-heal|p2a: Starmie|17\/100|[from] item: Leftovers\n|upkeep\n|turn|6\n|\n|t:|1597229440\n|move|p1a: Dugtrio|Earthquake|p2a: Starmie\n|-crit|p2a: Starmie\n|-damage|p2a: Starmie|0 fnt\n|faint|p2a: Starmie\n|l| POKEMONeagle42\n|j| chazomalley64\n|\n|t:|1597229465\n|switch|p2a: Gengar|Gengar, M|100\/100\n|\n|-weather|Sandstorm|[upkeep]\n|-damage|p2a: Gengar|94\/100|[from] Sandstorm\n|-heal|p2a: Gengar|100\/100|[from] item: Leftovers\n|upkeep\n|turn|7\n|\n|t:|1597229475\n|switch|p1a: Jirachi|Jirachi|100\/100\n|move|p2a: Gengar|Will-O-Wisp|p1a: Jirachi\n|-status|p1a: Jirachi|brn\n|\n|-weather|Sandstorm|[upkeep]\n|-damage|p2a: Gengar|94\/100|[from] Sandstorm\n|-heal|p2a: Gengar|100\/100|[from] item: Leftovers\n|-damage|p1a: Jirachi|88\/100 brn|[from] brn\n|upkeep\n|turn|8\n|\n|t:|1597229486\n|switch|p1a: Suicune|Suicune|100\/100\n|move|p2a: Gengar|Taunt|p1a: Suicune\n|-start|p1a: Suicune|move: Taunt\n|\n|-weather|Sandstorm|[upkeep]\n|-damage|p2a: Gengar|94\/100|[from] Sandstorm\n|-damage|p1a: Suicune|94\/100|[from] Sandstorm\n|-heal|p2a: Gengar|100\/100|[from] item: Leftovers\n|-heal|p1a: Suicune|100\/100|[from] item: Leftovers\n|upkeep\n|turn|9\n|\n|t:|1597229495\n|switch|p1a: Jirachi|Jirachi|88\/100 brn\n|move|p2a: Gengar|Thunderbolt|p1a: Jirachi\n|-damage|p1a: Jirachi|65\/100 brn\n|\n|-weather|Sandstorm|[upkeep]\n|-damage|p2a: Gengar|94\/100|[from] Sandstorm\n|-heal|p2a: Gengar|100\/100|[from] item: Leftovers\n|-heal|p1a: Jirachi|71\/100 brn|[from] item: Leftovers\n|-damage|p1a: Jirachi|59\/100 brn|[from] brn\n|upkeep\n|turn|10\n|\n|t:|1597229519\n|switch|p2a: Tyranitar|Tyranitar, F|48\/100\n|move|p1a: Jirachi|Ice Punch|p2a: Tyranitar\n|-damage|p2a: Tyranitar|26\/100\n|\n|-weather|Sandstorm|[upkeep]\n|-heal|p1a: Jirachi|65\/100 brn|[from] item: Leftovers\n|-damage|p1a: Jirachi|52\/100 brn|[from] brn\n|upkeep\n|turn|11\n|\n|t:|1597229538\n|move|p1a: Jirachi|Thunder|p2a: Tyranitar\n|-damage|p2a: Tyranitar|0 fnt\n|faint|p2a: Tyranitar\n|\n|t:|1597229546\n|switch|p2a: Salamence|Salamence, F|100\/100\n|-ability|p2a: Salamence|Intimidate|boost\n|-unboost|p1a: Jirachi|atk|1\n|\n|-weather|Sandstorm|[upkeep]\n|-damage|p2a: Salamence|94\/100|[from] Sandstorm\n|-heal|p2a: Salamence|100\/100|[from] item: Leftovers\n|-heal|p1a: Jirachi|59\/100 brn|[from] item: Leftovers\n|-damage|p1a: Jirachi|46\/100 brn|[from] brn\n|upkeep\n|turn|12\n|\n|t:|1597229550\n|move|p2a: Salamence|Fire Blast|p1a: Jirachi\n|-supereffective|p1a: Jirachi\n|-damage|p1a: Jirachi|0 fnt\n|faint|p1a: Jirachi\n|\n|t:|1597229563\n|switch|p1a: Suicune|Suicune|100\/100\n|\n|-weather|Sandstorm|[upkeep]\n|-damage|p2a: Salamence|94\/100|[from] Sandstorm\n|-damage|p1a: Suicune|94\/100|[from] Sandstorm\n|-heal|p2a: Salamence|100\/100|[from] item: Leftovers\n|-heal|p1a: Suicune|100\/100|[from] item: Leftovers\n|upkeep\n|turn|13\n|\n|t:|1597229592\n|move|p2a: Salamence|Hidden Power|p1a: Suicune\n|-supereffective|p1a: Suicune\n|-damage|p1a: Suicune|55\/100\n|move|p1a: Suicune|Calm Mind|p1a: Suicune\n|-boost|p1a: Suicune|spa|1\n|-boost|p1a: Suicune|spd|1\n|\n|-weather|Sandstorm|[upkeep]\n|-damage|p2a: Salamence|94\/100|[from] Sandstorm\n|-damage|p1a: Suicune|49\/100|[from] Sandstorm\n|-heal|p2a: Salamence|100\/100|[from] item: Leftovers\n|-heal|p1a: Suicune|55\/100|[from] item: Leftovers\n|upkeep\n|turn|14\n|l| chazomalley64\n|\n|t:|1597229608\n|move|p2a: Salamence|Hidden Power|p1a: Suicune\n|-supereffective|p1a: Suicune\n|-damage|p1a: Suicune|26\/100\n|move|p1a: Suicune|Ice Beam|p2a: Salamence\n|-supereffective|p2a: Salamence\n|-damage|p2a: Salamence|0 fnt\n|faint|p2a: Salamence\n|\n|t:|1597229614\n|switch|p2a: Zapdos|Zapdos|100\/100\n|\n|-weather|Sandstorm|[upkeep]\n|-damage|p1a: Suicune|20\/100|[from] Sandstorm\n|-damage|p2a: Zapdos|94\/100|[from] Sandstorm\n|-heal|p1a: Suicune|26\/100|[from] item: Leftovers\n|-heal|p2a: Zapdos|100\/100|[from] item: Leftovers\n|upkeep\n|turn|15\n|\n|t:|1597229624\n|move|p1a: Suicune|Ice Beam|p2a: Zapdos\n|-supereffective|p2a: Zapdos\n|-damage|p2a: Zapdos|23\/100\n|move|p2a: Zapdos|Thunderbolt|p1a: Suicune\n|-supereffective|p1a: Suicune\n|-damage|p1a: Suicune|0 fnt\n|faint|p1a: Suicune\n|\n|t:|1597229635\n|switch|p1a: Zapdos|Zapdos|100\/100\n|\n|-weather|Sandstorm|[upkeep]\n|-damage|p1a: Zapdos|94\/100|[from] Sandstorm\n|-damage|p2a: Zapdos|17\/100|[from] Sandstorm\n|-heal|p1a: Zapdos|100\/100|[from] item: Leftovers\n|-heal|p2a: Zapdos|23\/100|[from] item: Leftovers\n|upkeep\n|turn|16\n|\n|t:|1597229658\n|switch|p2a: Steelix|Steelix, M|100\/100\n|move|p1a: Zapdos|Hidden Power|p2a: Steelix\n|-damage|p2a: Steelix|77\/100\n|\n|-weather|Sandstorm|[upkeep]\n|-damage|p1a: Zapdos|94\/100|[from] Sandstorm\n|-heal|p1a: Zapdos|100\/100|[from] item: Leftovers\n|-heal|p2a: Steelix|84\/100|[from] item: Leftovers\n|upkeep\n|turn|17\n|\n|t:|1597229667\n|switch|p1a: Dugtrio|Dugtrio, M|100\/100\n|move|p2a: Steelix|Toxic|p1a: Dugtrio|[miss]\n|-miss|p2a: Steelix|p1a: Dugtrio\n|\n|-weather|Sandstorm|[upkeep]\n|-heal|p2a: Steelix|90\/100|[from] item: Leftovers\n|upkeep\n|turn|18\n|c|\u2606TheResidentsAndEye|my mons need goddamn glasses\n|\n|t:|1597229699\n|move|p1a: Dugtrio|Earthquake|p2a: Steelix\n|-supereffective|p2a: Steelix\n|-damage|p2a: Steelix|26\/100\n|move|p2a: Steelix|Earthquake|p1a: Dugtrio\n|-damage|p1a: Dugtrio|6\/100\n|\n|-weather|Sandstorm|[upkeep]\n|-heal|p2a: Steelix|33\/100|[from] item: Leftovers\n|upkeep\n|turn|19\n|\n|t:|1597229704\n|move|p1a: Dugtrio|Earthquake|p2a: Steelix\n|-supereffective|p2a: Steelix\n|-damage|p2a: Steelix|0 fnt\n|faint|p2a: Steelix\n|\n|t:|1597229708\n|switch|p2a: Zapdos|Zapdos|23\/100\n|\n|-weather|Sandstorm|[upkeep]\n|-damage|p2a: Zapdos|17\/100|[from] Sandstorm\n|-heal|p2a: Zapdos|23\/100|[from] item: Leftovers\n|upkeep\n|turn|20\n|\n|t:|1597229713\n|move|p1a: Dugtrio|Earthquake|p2a: Zapdos\n|-immune|p2a: Zapdos\n|move|p2a: Zapdos|Thunderbolt|p1a: Dugtrio\n|-immune|p1a: Dugtrio\n|\n|-weather|Sandstorm|[upkeep]\n|-damage|p2a: Zapdos|17\/100|[from] Sandstorm\n|-heal|p2a: Zapdos|23\/100|[from] item: Leftovers\n|upkeep\n|turn|21\n|\n|t:|1597229722\n|move|p1a: Dugtrio|Earthquake|p2a: Zapdos\n|-immune|p2a: Zapdos\n|move|p2a: Zapdos|Baton Pass|p2a: Zapdos\n|\n|t:|1597229726\n|switch|p2a: Gengar|Gengar, M|100\/100|[from]move: Baton Pass\n|\n|-weather|Sandstorm|[upkeep]\n|-damage|p2a: Gengar|94\/100|[from] Sandstorm\n|-heal|p2a: Gengar|100\/100|[from] item: Leftovers\n|upkeep\n|turn|22\n|\n|t:|1597229733\n|move|p1a: Dugtrio|Earthquake|p2a: Gengar\n|-immune|p2a: Gengar\n|move|p2a: Gengar|Ice Punch|p1a: Dugtrio\n|-supereffective|p1a: Dugtrio\n|-damage|p1a: Dugtrio|0 fnt\n|faint|p1a: Dugtrio\n|\n|t:|1597229735\n|switch|p1a: Zapdos|Zapdos|100\/100\n|\n|-weather|Sandstorm|[upkeep]\n|-damage|p1a: Zapdos|94\/100|[from] Sandstorm\n|-damage|p2a: Gengar|94\/100|[from] Sandstorm\n|-heal|p1a: Zapdos|100\/100|[from] item: Leftovers\n|-heal|p2a: Gengar|100\/100|[from] item: Leftovers\n|upkeep\n|turn|23\n|\n|t:|1597229742\n|move|p1a: Zapdos|Thunder Wave|p2a: Gengar\n|-status|p2a: Gengar|par\n|move|p2a: Gengar|Ice Punch|p1a: Zapdos\n|-supereffective|p1a: Zapdos\n|-damage|p1a: Zapdos|55\/100\n|\n|-weather|Sandstorm|[upkeep]\n|-damage|p1a: Zapdos|49\/100|[from] Sandstorm\n|-damage|p2a: Gengar|94\/100 par|[from] Sandstorm\n|-heal|p1a: Zapdos|55\/100|[from] item: Leftovers\n|-heal|p2a: Gengar|100\/100 par|[from] item: Leftovers\n|upkeep\n|turn|24\n|\n|t:|1597229746\n|move|p1a: Zapdos|Thunderbolt|p2a: Gengar\n|-damage|p2a: Gengar|42\/100 par\n|move|p2a: Gengar|Ice Punch|p1a: Zapdos\n|-supereffective|p1a: Zapdos\n|-crit|p1a: Zapdos\n|-damage|p1a: Zapdos|0 fnt\n|faint|p1a: Zapdos\n|\n|t:|1597229749\n|switch|p1a: Tyranitar|Tyranitar, F|100\/100\n|\n|-weather|Sandstorm|[upkeep]\n|-damage|p2a: Gengar|36\/100 par|[from] Sandstorm\n|-heal|p2a: Gengar|42\/100 par|[from] item: Leftovers\n|upkeep\n|turn|25\n|\n|t:|1597229756\n|move|p1a: Tyranitar|Rock Slide|p2a: Gengar\n|-damage|p2a: Gengar|0 fnt\n|faint|p2a: Gengar\n|\n|t:|1597229758\n|switch|p2a: Zapdos|Zapdos|23\/100\n|\n|-weather|Sandstorm|[upkeep]\n|-damage|p2a: Zapdos|17\/100|[from] Sandstorm\n|-heal|p2a: Zapdos|23\/100|[from] item: Leftovers\n|upkeep\n|turn|26\n|\n|t:|1597229780\n|move|p2a: Zapdos|Hidden Power|p1a: Tyranitar\n|-supereffective|p1a: Tyranitar\n|-damage|p1a: Tyranitar|44\/100\n|move|p1a: Tyranitar|Rock Slide|p2a: Zapdos|[miss]\n|-miss|p1a: Tyranitar|p2a: Zapdos\n|\n|-weather|Sandstorm|[upkeep]\n|-damage|p2a: Zapdos|17\/100|[from] Sandstorm\n|-heal|p2a: Zapdos|23\/100|[from] item: Leftovers\n|upkeep\n|turn|27\n|\n|t:|1597229785\n|move|p2a: Zapdos|Hidden Power|p1a: Tyranitar\n|-supereffective|p1a: Tyranitar\n|-damage|p1a: Tyranitar|0 fnt\n|faint|p1a: Tyranitar\n|\n|win|TheResidentsAndEye\n|l|\u2606winter lanterns\n|raw|winter lanterns's rating: 1542 &rarr; <strong>1510<\/strong><br \/>(-32 for losing)\n|raw|TheResidentsAndEye's rating: 1307 &rarr; <strong>1339<\/strong><br \/>(+32 for winning)\n|c|\u2606TheResidentsAndEye|gg\n","uploadtime":1597229801,"views":7,"p1id":"winterlanterns","p2id":"theresidentsandeye","formatid":"gen3ou","rating":1339,"private":0,"password":null}