{"id":"gen3ubers-1641808895","p1":"Raph369","p2":"DoctorBased","format":"gen3ubers","log":"|j|\u2606Raph369\n|j|\u2606DoctorBased\n|t:|1660753475\n|gametype|singles\n|player|p1|Raph369|rocketgrunt|\n|player|p2|DoctorBased|rocketgrunt|\n|teamsize|p1|6\n|teamsize|p2|6\n|gen|3\n|tier|[Gen 3] Ubers\n|rule|Sleep Clause Mod: Limit one foe put to sleep\n|rule|Switch Priority Clause Mod: Faster Pok\u00e9mon switch first\n|rule|Species Clause: Limit one of each Pok\u00e9mon\n|rule|OHKO Clause: OHKO moves are banned\n|rule|Evasion Items Clause: Evasion items are banned\n|rule|Evasion Moves Clause: Evasion moves are banned\n|rule|Endless Battle Clause: Forcing endless battles is banned\n|rule|HP Percentage Mod: HP is shown in percentages\n|rule|Deoxys Camouflage Clause: Reveals the Deoxys forme when it is sent in battle.\n|rule|One Baton Pass Clause: Limit one Baton Passer\n|\n|t:|1660753475\n|start\n|switch|p1a: Latios|Latios, M|100\/100\n|switch|p2a: Zapdos|Zapdos|100\/100\n|turn|1\n|c|\u2606Raph369|hf\n|c|\u2606DoctorBased|yea\n|\n|t:|1660753502\n|move|p1a: Latios|Ice Beam|p2a: Zapdos\n|-supereffective|p2a: Zapdos\n|-damage|p2a: Zapdos|1\/100\n|-status|p2a: Zapdos|frz\n|cant|p2a: Zapdos|frz\n|\n|upkeep\n|turn|2\n|\n|t:|1660753519\n|switch|p2a: Blissey|Blissey, F, shiny|100\/100\n|move|p1a: Latios|Ice Beam|p2a: Blissey\n|-crit|p2a: Blissey\n|-damage|p2a: Blissey|62\/100\n|\n|-heal|p2a: Blissey|68\/100|[from] item: Leftovers\n|upkeep\n|turn|3\n|\n|t:|1660753522\n|switch|p1a: Heracross|Heracross, F|100\/100\n|move|p2a: Blissey|Thunder Wave|p1a: Heracross\n|-status|p1a: Heracross|par\n|\n|-heal|p2a: Blissey|74\/100|[from] item: Leftovers\n|upkeep\n|turn|4\n|\n|t:|1660753548\n|switch|p2a: Zapdos|Zapdos|1\/100 frz\n|move|p1a: Heracross|Megahorn|p2a: Zapdos\n|-resisted|p2a: Zapdos\n|-damage|p2a: Zapdos|0 fnt\n|faint|p2a: Zapdos\n|\n|t:|1660753559\n|switch|p2a: Kyogre|Kyogre, shiny|100\/100\n|-weather|RainDance|[from] ability: Drizzle|[of] p2a: Kyogre\n|\n|-weather|RainDance|[upkeep]\n|upkeep\n|turn|5\n|\n|t:|1660753564\n|switch|p1a: Latios|Latios, M|100\/100\n|move|p2a: Kyogre|Hydro Pump|p1a: Latios\n|-resisted|p1a: Latios\n|-damage|p1a: Latios|60\/100\n|\n|-weather|RainDance|[upkeep]\n|upkeep\n|turn|6\n|\n|t:|1660753575\n|move|p1a: Latios|Recover|p1a: Latios\n|-heal|p1a: Latios|100\/100\n|move|p2a: Kyogre|Ice Beam|p1a: Latios\n|-supereffective|p1a: Latios\n|-damage|p1a: Latios|43\/100\n|\n|-weather|RainDance|[upkeep]\n|upkeep\n|turn|7\n|\n|t:|1660753580\n|move|p1a: Latios|Recover|p1a: Latios\n|-heal|p1a: Latios|93\/100\n|move|p2a: Kyogre|Ice Beam|p1a: Latios\n|-supereffective|p1a: Latios\n|-damage|p1a: Latios|34\/100\n|\n|-weather|RainDance|[upkeep]\n|upkeep\n|turn|8\n|\n|t:|1660753582\n|move|p1a: Latios|Thunder|p2a: Kyogre\n|-supereffective|p2a: Kyogre\n|-damage|p2a: Kyogre|28\/100\n|move|p2a: Kyogre|Thunder Wave|p1a: Latios\n|-status|p1a: Latios|par\n|\n|-weather|RainDance|[upkeep]\n|-heal|p2a: Kyogre|34\/100|[from] item: Leftovers\n|upkeep\n|turn|9\n|\n|t:|1660753602\n|switch|p1a: Blissey|Blissey, F|100\/100\n|move|p2a: Kyogre|Ice Beam|p1a: Blissey\n|-damage|p1a: Blissey|86\/100\n|\n|-weather|RainDance|[upkeep]\n|-heal|p2a: Kyogre|40\/100|[from] item: Leftovers\n|-heal|p1a: Blissey|92\/100|[from] item: Leftovers\n|upkeep\n|turn|10\n|\n|t:|1660753606\n|switch|p2a: Steelix|Steelix, M|100\/100\n|move|p1a: Blissey|Seismic Toss|p2a: Steelix\n|-damage|p2a: Steelix|72\/100\n|\n|-weather|RainDance|[upkeep]\n|-heal|p1a: Blissey|98\/100|[from] item: Leftovers\n|upkeep\n|turn|11\n|\n|t:|1660753617\n|switch|p1a: Skarmory|Skarmory, M|100\/100\n|move|p2a: Steelix|Double-Edge|p1a: Skarmory\n|-resisted|p1a: Skarmory\n|-crit|p1a: Skarmory\n|-damage|p1a: Skarmory|65\/100\n|\n|-weather|RainDance|[upkeep]\n|-heal|p1a: Skarmory|71\/100|[from] item: Leftovers\n|upkeep\n|turn|12\n|\n|t:|1660753624\n|switch|p2a: Kyogre|Kyogre, shiny|40\/100\n|move|p1a: Skarmory|Spikes|p2a: Kyogre\n|-sidestart|p2: DoctorBased|Spikes\n|\n|-weather|RainDance|[upkeep]\n|-heal|p2a: Kyogre|46\/100|[from] item: Leftovers\n|-heal|p1a: Skarmory|77\/100|[from] item: Leftovers\n|upkeep\n|turn|13\n|\n|t:|1660753631\n|switch|p1a: Blissey|Blissey, F|98\/100\n|move|p2a: Kyogre|Thunder Wave|p1a: Blissey\n|-status|p1a: Blissey|par\n|\n|-weather|RainDance|[upkeep]\n|-heal|p2a: Kyogre|52\/100|[from] item: Leftovers\n|-heal|p1a: Blissey|100\/100 par|[from] item: Leftovers\n|upkeep\n|turn|14\n|\n|t:|1660753651\n|switch|p2a: Steelix|Steelix, M|72\/100\n|-damage|p2a: Steelix|60\/100|[from] Spikes\n|move|p1a: Blissey|Seismic Toss|p2a: Steelix\n|-damage|p2a: Steelix|32\/100\n|\n|-weather|RainDance|[upkeep]\n|upkeep\n|turn|15\n|\n|t:|1660753674\n|-curestatus|p1a: Blissey|par|[from] ability: Natural Cure\n|switch|p1a: Latios|Latios, M|34\/100 par\n|move|p2a: Steelix|Rock Slide|p1a: Latios\n|-damage|p1a: Latios|0 fnt\n|faint|p1a: Latios\n|\n|t:|1660753692\n|switch|p1a: Groudon|Groudon|100\/100\n|-weather|SunnyDay|[from] ability: Drought|[of] p1a: Groudon\n|\n|-weather|SunnyDay|[upkeep]\n|upkeep\n|turn|16\n|\n|t:|1660753724\n|move|p1a: Groudon|Thunder Wave|p2a: Steelix\n|-immune|p2a: Steelix\n|move|p2a: Steelix|Rock Slide|p1a: Groudon\n|-resisted|p1a: Groudon\n|-damage|p1a: Groudon|92\/100\n|\n|-weather|SunnyDay|[upkeep]\n|-heal|p1a: Groudon|98\/100|[from] item: Leftovers\n|upkeep\n|turn|17\n|\n|t:|1660753733\n|move|p1a: Groudon|Thunder Wave|p2a: Steelix\n|-immune|p2a: Steelix\n|move|p2a: Steelix|Rock Slide|p1a: Groudon\n|-resisted|p1a: Groudon\n|-damage|p1a: Groudon|88\/100\n|\n|-weather|SunnyDay|[upkeep]\n|-heal|p1a: Groudon|94\/100|[from] item: Leftovers\n|upkeep\n|turn|18\n|\n|t:|1660753743\n|move|p1a: Groudon|Earthquake|p2a: Steelix\n|-supereffective|p2a: Steelix\n|-crit|p2a: Steelix\n|-damage|p2a: Steelix|0 fnt\n|faint|p2a: Steelix\n|\n|t:|1660753782\n|switch|p2a: Groudon|Groudon|100\/100\n|-damage|p2a: Groudon|88\/100|[from] Spikes\n|\n|-weather|SunnyDay|[upkeep]\n|-heal|p1a: Groudon|100\/100|[from] item: Leftovers\n|upkeep\n|turn|19\n|\n|t:|1660753791\n|switch|p1a: Heracross|Heracross, F|100\/100 par\n|move|p2a: Groudon|Swords Dance|p2a: Groudon\n|-boost|p2a: Groudon|atk|2\n|\n|-weather|SunnyDay|[upkeep]\n|upkeep\n|turn|20\n|\n|t:|1660753796\n|move|p2a: Groudon|Substitute|p2a: Groudon\n|-start|p2a: Groudon|Substitute\n|-damage|p2a: Groudon|63\/100\n|move|p1a: Heracross|Megahorn|p2a: Groudon\n|-end|p2a: Groudon|Substitute\n|\n|-weather|SunnyDay|[upkeep]\n|upkeep\n|turn|21\n|\n|t:|1660753803\n|switch|p1a: Skarmory|Skarmory, M|77\/100\n|move|p2a: Groudon|Substitute|p2a: Groudon\n|-start|p2a: Groudon|Substitute\n|-damage|p2a: Groudon|38\/100\n|\n|-weather|SunnyDay|[upkeep]\n|-heal|p1a: Skarmory|83\/100|[from] item: Leftovers\n|upkeep\n|turn|22\n|\n|t:|1660753806\n|move|p2a: Groudon|Swords Dance|p2a: Groudon\n|-boost|p2a: Groudon|atk|2\n|move|p1a: Skarmory|Whirlwind|p2a: Groudon\n|drag|p2a: Snorlax|Snorlax, F, shiny|100\/100\n|-damage|p2a: Snorlax|88\/100|[from] Spikes\n|\n|-weather|SunnyDay|[upkeep]\n|-heal|p1a: Skarmory|89\/100|[from] item: Leftovers\n|-heal|p2a: Snorlax|94\/100|[from] item: Leftovers\n|upkeep\n|turn|23\n|\n|t:|1660753840\n|switch|p1a: Heracross|Heracross, F|100\/100 par\n|move|p2a: Snorlax|Body Slam|p1a: Heracross\n|-damage|p1a: Heracross|55\/100 par\n|\n|-weather|SunnyDay|[upkeep]\n|-heal|p2a: Snorlax|99\/100|[from] item: Leftovers\n|upkeep\n|turn|24\n|\n|t:|1660753861\n|move|p2a: Snorlax|Body Slam|p1a: Heracross\n|-damage|p1a: Heracross|12\/100 par\n|move|p1a: Heracross|Brick Break|p2a: Snorlax\n|-supereffective|p2a: Snorlax\n|-damage|p2a: Snorlax|0 fnt\n|faint|p2a: Snorlax\n|\n|t:|1660753872\n|switch|p2a: Kyogre|Kyogre, shiny|52\/100\n|-damage|p2a: Kyogre|40\/100|[from] Spikes\n|-weather|RainDance|[from] ability: Drizzle|[of] p2a: Kyogre\n|\n|-weather|RainDance|[upkeep]\n|-heal|p2a: Kyogre|46\/100|[from] item: Leftovers\n|upkeep\n|turn|25\n|\n|t:|1660753877\n|move|p2a: Kyogre|Thunder|p1a: Heracross\n|-damage|p1a: Heracross|0 fnt\n|faint|p1a: Heracross\n|\n|t:|1660753880\n|switch|p1a: Blissey|Blissey, F|100\/100\n|\n|-weather|RainDance|[upkeep]\n|-heal|p2a: Kyogre|52\/100|[from] item: Leftovers\n|upkeep\n|turn|26\n|\n|t:|1660753886\n|move|p2a: Kyogre|Hydro Pump|p1a: Blissey\n|-damage|p1a: Blissey|60\/100\n|move|p1a: Blissey|Seismic Toss|p2a: Kyogre\n|-damage|p2a: Kyogre|28\/100\n|\n|-weather|RainDance|[upkeep]\n|-heal|p2a: Kyogre|34\/100|[from] item: Leftovers\n|-heal|p1a: Blissey|66\/100|[from] item: Leftovers\n|upkeep\n|turn|27\n|\n|t:|1660753891\n|move|p2a: Kyogre|Hydro Pump|p1a: Blissey\n|-damage|p1a: Blissey|25\/100\n|move|p1a: Blissey|Seismic Toss|p2a: Kyogre\n|-damage|p2a: Kyogre|9\/100\n|\n|-weather|RainDance|[upkeep]\n|-heal|p2a: Kyogre|15\/100|[from] item: Leftovers\n|-heal|p1a: Blissey|31\/100|[from] item: Leftovers\n|upkeep\n|turn|28\n|\n|t:|1660753893\n|move|p2a: Kyogre|Hydro Pump|p1a: Blissey|[miss]\n|-miss|p2a: Kyogre|p1a: Blissey\n|move|p1a: Blissey|Seismic Toss|p2a: Kyogre\n|-damage|p2a: Kyogre|0 fnt\n|faint|p2a: Kyogre\n|\n|t:|1660753896\n|switch|p2a: Groudon|Groudon|38\/100\n|-damage|p2a: Groudon|25\/100|[from] Spikes\n|-weather|SunnyDay|[from] ability: Drought|[of] p2a: Groudon\n|\n|-weather|SunnyDay|[upkeep]\n|-enditem|p2a: Groudon|Salac Berry|[eat]\n|-boost|p2a: Groudon|spe|1|[from] item: Salac Berry\n|-heal|p1a: Blissey|37\/100|[from] item: Leftovers\n|upkeep\n|turn|29\n|\n|t:|1660753900\n|move|p2a: Groudon|Earthquake|p1a: Blissey\n|-damage|p1a: Blissey|0 fnt\n|faint|p1a: Blissey\n|\n|t:|1660753944\n|switch|p1a: Deoxys|Deoxys-Attack|100\/100\n|\n|-weather|SunnyDay|[upkeep]\n|upkeep\n|turn|30\n|\n|t:|1660753949\n|move|p1a: Deoxys|Extreme Speed|p2a: Groudon\n|-damage|p2a: Groudon|0 fnt\n|faint|p2a: Groudon\n|c|\u2606Raph369|ggs\n|\n|t:|1660753953\n|switch|p2a: Blissey|Blissey, F, shiny|74\/100\n|-damage|p2a: Blissey|62\/100|[from] Spikes\n|\n|-weather|SunnyDay|[upkeep]\n|-heal|p2a: Blissey|68\/100|[from] item: Leftovers\n|upkeep\n|turn|31\n|-message|DoctorBased forfeited.\n|\n|win|Raph369\n|l|\u2606DoctorBased\n","uploadtime":1660753958,"views":39,"p1id":"raph369","p2id":"doctorbased","formatid":"gen3ubers","rating":0,"private":0,"password":null}