{"id":"gen3ou-1127767039","p1":"winter lanterns","p2":"Not is GodHand","format":"gen3ou","log":"|j|\u2606winter lanterns\n|j|\u2606Not is GodHand\n|player|p1|winter lanterns|burglar|1395\n|player|p2|Not is GodHand|unknown|1428\n|teamsize|p1|6\n|teamsize|p2|6\n|gametype|singles\n|gen|3\n|tier|[Gen 3] OU\n|rated|\n|rule|Sleep Clause Mod: Limit one foe put to sleep\n|rule|Switch Priority Clause Mod: Faster Pok\u00e9mon switch first\n|rule|Species Clause: Limit one of each Pok\u00e9mon\n|rule|OHKO Clause: OHKO moves are banned\n|rule|Moody Clause: Moody is banned\n|rule|Evasion Moves Clause: Evasion moves are banned\n|rule|Endless Battle Clause: Forcing endless battles is banned\n|rule|HP Percentage Mod: HP is shown in percentages\n|rule|3 Baton Pass Clause: Limit three Baton Passers\n|\n|start\n|switch|p1a: Salamence|Salamence, F|100\/100\n|switch|p2a: Venusaur|Venusaur, M|100\/100\n|-ability|p1a: Salamence|Intimidate|boost\n|-unboost|p2a: Venusaur|atk|1\n|turn|1\n|\n|switch|p2a: Snorlax|Snorlax, M|100\/100\n|move|p1a: Salamence|Fire Blast|p2a: Snorlax\n|-damage|p2a: Snorlax|75\/100\n|-status|p2a: Snorlax|brn\n|\n|-heal|p2a: Snorlax|82\/100 brn|[from] item: Leftovers\n|-damage|p2a: Snorlax|69\/100 brn|[from] brn\n|upkeep\n|turn|2\n|\n|move|p1a: Salamence|Brick Break|p2a: Snorlax\n|-supereffective|p2a: Snorlax\n|-damage|p2a: Snorlax|24\/100 brn\n|move|p2a: Snorlax|Self-Destruct|p1a: Salamence\n|-damage|p1a: Salamence|0 fnt\n|faint|p2a: Snorlax\n|faint|p1a: Salamence\n|\n|switch|p1a: Snorlax|Snorlax, M|100\/100\n|switch|p2a: Tyranitar|Tyranitar, F|100\/100\n|-weather|Sandstorm|[from] ability: Sand Stream|[of] p2a: Tyranitar\n|\n|-weather|Sandstorm|[upkeep]\n|-damage|p1a: Snorlax|94\/100|[from] Sandstorm\n|-heal|p1a: Snorlax|100\/100|[from] item: Leftovers\n|upkeep\n|turn|3\n|\n|move|p2a: Tyranitar|Rock Slide|p1a: Snorlax\n|-damage|p1a: Snorlax|66\/100\n|move|p1a: Snorlax|Counter|p2a: Tyranitar\n|-damage|p2a: Tyranitar|9\/100\n|\n|-weather|Sandstorm|[upkeep]\n|-damage|p1a: Snorlax|60\/100|[from] Sandstorm\n|-heal|p1a: Snorlax|66\/100|[from] item: Leftovers\n|upkeep\n|turn|4\n|\n|switch|p1a: Swampert|Swampert, F|100\/100\n|move|p2a: Tyranitar|Rock Slide|p1a: Swampert\n|-resisted|p1a: Swampert\n|-damage|p1a: Swampert|85\/100\n|\n|-weather|Sandstorm|[upkeep]\n|-heal|p1a: Swampert|91\/100|[from] item: Leftovers\n|upkeep\n|turn|5\n|\n|move|p2a: Tyranitar|Earthquake|p1a: Swampert\n|-damage|p1a: Swampert|65\/100\n|move|p1a: Swampert|Ice Beam|p2a: Tyranitar\n|-crit|p2a: Tyranitar\n|-damage|p2a: Tyranitar|0 fnt\n|faint|p2a: Tyranitar\n|\n|switch|p2a: Venusaur|Venusaur, M|100\/100\n|\n|-weather|Sandstorm|[upkeep]\n|-damage|p2a: Venusaur|94\/100|[from] Sandstorm\n|-heal|p1a: Swampert|72\/100|[from] item: Leftovers\n|upkeep\n|turn|6\n|\n|switch|p1a: Snorlax|Snorlax, M|66\/100\n|move|p2a: Venusaur|Sleep Powder|p1a: Snorlax\n|-status|p1a: Snorlax|slp|[from] move: Sleep Powder\n|\n|-weather|Sandstorm|[upkeep]\n|-damage|p2a: Venusaur|88\/100|[from] Sandstorm\n|-damage|p1a: Snorlax|60\/100 slp|[from] Sandstorm\n|-heal|p1a: Snorlax|66\/100 slp|[from] item: Leftovers\n|upkeep\n|turn|7\n|\n|move|p2a: Venusaur|Leech Seed|p1a: Snorlax\n|-start|p1a: Snorlax|move: Leech Seed\n|cant|p1a: Snorlax|slp\n|\n|-weather|Sandstorm|[upkeep]\n|-damage|p2a: Venusaur|82\/100|[from] Sandstorm\n|-damage|p1a: Snorlax|60\/100 slp|[from] Sandstorm\n|-heal|p1a: Snorlax|66\/100 slp|[from] item: Leftovers\n|-damage|p1a: Snorlax|54\/100 slp|[from] Leech Seed|[of] p2a: Venusaur\n|-heal|p2a: Venusaur|100\/100|[silent]\n|upkeep\n|turn|8\n|\n|switch|p1a: Magneton|Magneton|100\/100\n|move|p2a: Venusaur|Giga Drain|p1a: Magneton\n|-resisted|p1a: Magneton\n|-damage|p1a: Magneton|74\/100\n|\n|-weather|Sandstorm|[upkeep]\n|-damage|p2a: Venusaur|94\/100|[from] Sandstorm\n|upkeep\n|turn|9\n|\n|move|p2a: Venusaur|Hidden Power|p1a: Magneton\n|-supereffective|p1a: Magneton\n|-damage|p1a: Magneton|0 fnt\n|faint|p1a: Magneton\n|\n|switch|p1a: Tyranitar|Tyranitar, M|100\/100\n|\n|-weather|Sandstorm|[upkeep]\n|-damage|p2a: Venusaur|88\/100|[from] Sandstorm\n|upkeep\n|turn|10\n|\n|move|p2a: Venusaur|Giga Drain|p1a: Tyranitar\n|-supereffective|p1a: Tyranitar\n|-damage|p1a: Tyranitar|46\/100\n|-heal|p2a: Venusaur|100\/100|[from] drain|[of] p1a: Tyranitar\n|move|p1a: Tyranitar|Dragon Dance|p1a: Tyranitar\n|-boost|p1a: Tyranitar|atk|1\n|-boost|p1a: Tyranitar|spe|1\n|\n|-weather|Sandstorm|[upkeep]\n|-damage|p2a: Venusaur|94\/100|[from] Sandstorm\n|upkeep\n|turn|11\n|\n|switch|p2a: Swampert|Swampert, M|100\/100\n|move|p1a: Tyranitar|Rock Slide|p2a: Swampert\n|-resisted|p2a: Swampert\n|-crit|p2a: Swampert\n|-damage|p2a: Swampert|25\/100\n|\n|-weather|Sandstorm|[upkeep]\n|-enditem|p2a: Swampert|Salac Berry|[eat]\n|-boost|p2a: Swampert|spe|1|[from] item: Salac Berry\n|upkeep\n|turn|12\n|\n|move|p2a: Swampert|Hydro Pump|p1a: Tyranitar|[miss]\n|-miss|p2a: Swampert|p1a: Tyranitar\n|move|p1a: Tyranitar|Earthquake|p2a: Swampert\n|-damage|p2a: Swampert|0 fnt\n|faint|p2a: Swampert\n|c|\u2606Not is GodHand|Lucky player\n|\n|switch|p2a: Metagross|Metagross|100\/100\n|\n|-weather|Sandstorm|[upkeep]\n|upkeep\n|turn|13\n|\n|move|p1a: Tyranitar|Earthquake|p2a: Metagross\n|-supereffective|p2a: Metagross\n|-damage|p2a: Metagross|13\/100\n|move|p2a: Metagross|Earthquake|p1a: Tyranitar\n|-supereffective|p1a: Tyranitar\n|-damage|p1a: Tyranitar|0 fnt\n|faint|p1a: Tyranitar\n|\n|switch|p1a: Heracross|Heracross, F|100\/100\n|\n|-weather|Sandstorm|[upkeep]\n|-damage|p1a: Heracross|95\/100|[from] Sandstorm\n|upkeep\n|turn|14\n|\n|move|p1a: Heracross|Substitute|p1a: Heracross\n|-start|p1a: Heracross|Substitute\n|-damage|p1a: Heracross|70\/100\n|move|p2a: Metagross|Explosion|p1a: Heracross\n|-end|p1a: Heracross|Substitute\n|faint|p2a: Metagross\n|\n|switch|p2a: Salamence|Salamence, M|100\/100\n|-ability|p2a: Salamence|Intimidate|boost\n|-unboost|p1a: Heracross|atk|1\n|\n|-weather|Sandstorm|[upkeep]\n|-damage|p2a: Salamence|94\/100|[from] Sandstorm\n|-damage|p1a: Heracross|64\/100|[from] Sandstorm\n|upkeep\n|turn|15\n|\n|switch|p1a: Snorlax|Snorlax, M|54\/100 slp\n|move|p2a: Salamence|Hidden Power|p1a: Snorlax\n|-damage|p1a: Snorlax|7\/100 slp\n|\n|-weather|Sandstorm|[upkeep]\n|-damage|p2a: Salamence|88\/100|[from] Sandstorm\n|-damage|p1a: Snorlax|1\/100 slp|[from] Sandstorm\n|-heal|p1a: Snorlax|7\/100 slp|[from] item: Leftovers\n|upkeep\n|turn|16\n|\n|switch|p1a: Swampert|Swampert, F|72\/100\n|move|p2a: Salamence|Hidden Power|p1a: Swampert\n|-damage|p1a: Swampert|33\/100\n|\n|-weather|Sandstorm|[upkeep]\n|-damage|p2a: Salamence|82\/100|[from] Sandstorm\n|-heal|p1a: Swampert|40\/100|[from] item: Leftovers\n|upkeep\n|turn|17\n|\n|move|p2a: Salamence|Hidden Power|p1a: Swampert\n|-damage|p1a: Swampert|0 fnt\n|faint|p1a: Swampert\n|-message|winter lanterns forfeited.\n|\n|win|Not is GodHand\n|l|\u2606winter lanterns\n|raw|winter lanterns's rating: 1395 &rarr; <strong>1377<\/strong><br \/>(-18 for losing)\n|raw|Not is GodHand's rating: 1428 &rarr; <strong>1446<\/strong><br \/>(+18 for winning)\n","uploadtime":1591428245,"views":10,"p1id":"winterlanterns","p2id":"notisgodhand","formatid":"gen3ou","rating":1377,"private":0,"password":null}