{"id":"gen3nu-1669405824","p1":"ayevon","p2":"BlueArk","format":"gen3nu","log":"|j|\u2606ayevon\n|j|\u2606BlueArk\n|t:|1663724179\n|gametype|singles\n|player|p1|ayevon|265|\n|player|p2|BlueArk|1|\n|teamsize|p1|6\n|teamsize|p2|6\n|gen|3\n|tier|[Gen 3] NU\n|rated|Tournament battle\n|rule|Sleep Clause Mod: Limit one foe put to sleep\n|rule|Switch Priority Clause Mod: Faster Pok\u00e9mon switch first\n|rule|Species Clause: Limit one of each Pok\u00e9mon\n|rule|OHKO Clause: OHKO moves are banned\n|rule|Evasion Items Clause: Evasion items are banned\n|rule|Evasion Moves Clause: Evasion moves are banned\n|rule|Endless Battle Clause: Forcing endless battles is banned\n|rule|HP Percentage Mod: HP is shown in percentages\n|\n|t:|1663724179\n|start\n|switch|p1a: Elekid|Elekid, M|100\/100\n|switch|p2a: Butterfree|Butterfree, F|100\/100\n|turn|1\n|inactive|Battle timer is ON: inactive players will automatically lose when time's up. (requested by ayevon)\n|j| bp (\u30c4)\n|c|\u2606BlueArk|Looking forward to some sick games, best of luck bro\n|c|\u2606ayevon|hf\n|\n|t:|1663724202\n|switch|p2a: Hershey|Rhyhorn, M, shiny|100\/100\n|move|p1a: Elekid|Thunderbolt|p2a: Hershey\n|-immune|p2a: Hershey\n|\n|upkeep\n|turn|2\n|j| joey milktank\n|\n|t:|1663724216\n|switch|p2a: Magnemite|Magnemite, shiny|100\/100\n|move|p1a: Elekid|Hidden Power|p2a: Magnemite\n|-resisted|p2a: Magnemite\n|-damage|p2a: Magnemite|84\/100\n|\n|-heal|p2a: Magnemite|90\/100|[from] item: Leftovers\n|upkeep\n|turn|3\n|\n|t:|1663724231\n|move|p1a: Elekid|Fire Punch|p2a: Magnemite\n|-supereffective|p2a: Magnemite\n|-damage|p2a: Magnemite|18\/100\n|-status|p2a: Magnemite|brn\n|move|p2a: Magnemite|Thunder Wave|p1a: Elekid\n|-status|p1a: Elekid|par\n|\n|-heal|p2a: Magnemite|24\/100 brn|[from] item: Leftovers\n|-damage|p2a: Magnemite|12\/100 brn|[from] brn\n|upkeep\n|turn|4\n|inactive|BlueArk has 120 seconds left.\n|\n|t:|1663724262\n|switch|p2a: Castform|Castform, F|100\/100\n|move|p1a: Elekid|Hidden Power|p2a: Castform\n|-damage|p2a: Castform|84\/100\n|\n|-heal|p2a: Castform|90\/100|[from] item: Leftovers\n|upkeep\n|turn|5\n|inactive|BlueArk has 120 seconds left.\n|\n|t:|1663724289\n|switch|p1a: Rhyhorn|Rhyhorn, F|100\/100\n|move|p2a: Castform|Double-Edge|p1a: Rhyhorn\n|-resisted|p1a: Rhyhorn\n|-damage|p1a: Rhyhorn|86\/100\n|-damage|p2a: Castform|85\/100|[from] Recoil|[of] p1a: Rhyhorn\n|\n|-heal|p2a: Castform|91\/100|[from] item: Leftovers\n|-heal|p1a: Rhyhorn|93\/100|[from] item: Leftovers\n|upkeep\n|turn|6\n|inactive|BlueArk has 120 seconds left.\n|\n|t:|1663724307\n|move|p2a: Castform|Ice Beam|p1a: Rhyhorn\n|-supereffective|p1a: Rhyhorn\n|-damage|p1a: Rhyhorn|16\/100\n|move|p1a: Rhyhorn|Rock Slide|p2a: Castform\n|-damage|p2a: Castform|63\/100\n|\n|-heal|p2a: Castform|69\/100|[from] item: Leftovers\n|-heal|p1a: Rhyhorn|22\/100|[from] item: Leftovers\n|upkeep\n|turn|7\n|inactive|BlueArk has 120 seconds left.\n|inactive|ayevon has 120 seconds left.\n|\n|t:|1663724341\n|switch|p1a: Dustox|Dustox, F|100\/100\n|move|p2a: Castform|Ice Beam|p1a: Dustox\n|-damage|p1a: Dustox|88\/100\n|\n|-heal|p2a: Castform|75\/100|[from] item: Leftovers\n|-heal|p1a: Dustox|94\/100|[from] item: Leftovers\n|upkeep\n|turn|8\n|\n|t:|1663724356\n|move|p2a: Castform|Protect|p2a: Castform\n|-singleturn|p2a: Castform|Protect\n|move|p1a: Dustox|Toxic|p2a: Castform\n|-activate|p2a: Castform|Protect\n|\n|-heal|p2a: Castform|81\/100|[from] item: Leftovers\n|-heal|p1a: Dustox|99\/100|[from] item: Leftovers\n|upkeep\n|turn|9\n|inactive|ayevon has 120 seconds left.\n|\n|t:|1663724376\n|switch|p2a: Butterfree|Butterfree, F|100\/100\n|move|p1a: Dustox|Toxic|p2a: Butterfree\n|-status|p2a: Butterfree|tox\n|-enditem|p2a: Butterfree|Lum Berry|[eat]\n|-curestatus|p2a: Butterfree|tox|[msg]\n|\n|-heal|p1a: Dustox|100\/100|[from] item: Leftovers\n|upkeep\n|turn|10\n|\n|t:|1663724389\n|move|p2a: Butterfree|Psychic|p1a: Dustox\n|-supereffective|p1a: Dustox\n|-crit|p1a: Dustox\n|-damage|p1a: Dustox|46\/100\n|move|p1a: Dustox|Toxic|p2a: Butterfree|[miss]\n|-miss|p1a: Dustox|p2a: Butterfree\n|\n|-heal|p1a: Dustox|52\/100|[from] item: Leftovers\n|upkeep\n|turn|11\n|\n|t:|1663724397\n|move|p2a: Butterfree|Sleep Powder|p1a: Dustox\n|-status|p1a: Dustox|slp|[from] move: Sleep Powder\n|cant|p1a: Dustox|slp\n|\n|-heal|p1a: Dustox|58\/100 slp|[from] item: Leftovers\n|upkeep\n|turn|12\n|\n|t:|1663724407\n|switch|p1a: Elekid|Elekid, M|100\/100 par\n|move|p2a: Butterfree|Psychic|p1a: Elekid\n|-damage|p1a: Elekid|58\/100 par\n|\n|-heal|p1a: Elekid|64\/100 par|[from] item: Leftovers\n|upkeep\n|turn|13\n|inactive|BlueArk has 120 seconds left.\n|\n|t:|1663724418\n|switch|p2a: Magnemite|Magnemite, shiny|12\/100 brn\n|move|p1a: Elekid|Ice Punch|p2a: Magnemite\n|-resisted|p2a: Magnemite\n|-damage|p2a: Magnemite|0 fnt\n|faint|p2a: Magnemite\n|\n|t:|1663724431\n|switch|p2a: Castform|Castform, F|81\/100\n|\n|-heal|p2a: Castform|87\/100|[from] item: Leftovers\n|-heal|p1a: Elekid|70\/100 par|[from] item: Leftovers\n|upkeep\n|turn|14\n|inactive|ayevon has 120 seconds left.\n|\n|t:|1663724461\n|switch|p1a: Rhyhorn|Rhyhorn, F|22\/100\n|move|p2a: Castform|Double-Edge|p1a: Rhyhorn\n|-resisted|p1a: Rhyhorn\n|-crit|p1a: Rhyhorn\n|-damage|p1a: Rhyhorn|0 fnt\n|-damage|p2a: Castform|80\/100|[from] Recoil|[of] p1a: Rhyhorn\n|faint|p1a: Rhyhorn\n|\n|t:|1663724466\n|switch|p1a: Castform|Castform, M|100\/100\n|\n|-heal|p2a: Castform|86\/100|[from] item: Leftovers\n|upkeep\n|turn|15\n|inactive|BlueArk has 120 seconds left.\n|\n|t:|1663724480\n|move|p2a: Castform|Protect|p2a: Castform\n|-singleturn|p2a: Castform|Protect\n|move|p1a: Castform|Double-Edge|p2a: Castform\n|-activate|p2a: Castform|Protect\n|\n|-heal|p2a: Castform|92\/100|[from] item: Leftovers\n|upkeep\n|turn|16\n|inactive|BlueArk has 120 seconds left.\n|\n|t:|1663724492\n|switch|p2a: Hershey|Rhyhorn, M, shiny|100\/100\n|move|p1a: Castform|Double-Edge|p2a: Hershey\n|-resisted|p2a: Hershey\n|-damage|p2a: Hershey|65\/100\n|-damage|p1a: Castform|87\/100|[from] Recoil|[of] p2a: Hershey\n|\n|-heal|p2a: Hershey|71\/100|[from] item: Leftovers\n|upkeep\n|turn|17\n|inactive|BlueArk has 120 seconds left.\n|\n|t:|1663724504\n|switch|p1a: Seaking|Seaking, M|100\/100\n|switch|p2a: Radiant Seaking|Seaking, M, shiny|100\/100\n|\n|upkeep\n|turn|18\n|inactive|BlueArk has 120 seconds left.\n|\n|t:|1663724520\n|move|p2a: Radiant Seaking|Protect|p2a: Radiant Seaking\n|-singleturn|p2a: Radiant Seaking|Protect\n|move|p1a: Seaking|Hidden Power|p2a: Radiant Seaking\n|-activate|p2a: Radiant Seaking|Protect\n|\n|upkeep\n|turn|19\n|inactive|BlueArk has 120 seconds left.\n|\n|t:|1663724541\n|move|p1a: Seaking|Hidden Power|p2a: Radiant Seaking\n|-supereffective|p2a: Radiant Seaking\n|-damage|p2a: Radiant Seaking|62\/100\n|move|p2a: Radiant Seaking|Megahorn|p1a: Seaking\n|-crit|p1a: Seaking\n|-damage|p1a: Seaking|17\/100\n|\n|-heal|p1a: Seaking|23\/100|[from] item: Leftovers\n|-heal|p2a: Radiant Seaking|68\/100|[from] item: Leftovers\n|upkeep\n|turn|20\n|\n|t:|1663724553\n|move|p2a: Radiant Seaking|Protect|p2a: Radiant Seaking\n|-singleturn|p2a: Radiant Seaking|Protect\n|move|p1a: Seaking|Hidden Power|p2a: Radiant Seaking\n|-activate|p2a: Radiant Seaking|Protect\n|\n|-heal|p1a: Seaking|29\/100|[from] item: Leftovers\n|-heal|p2a: Radiant Seaking|74\/100|[from] item: Leftovers\n|upkeep\n|turn|21\n|\n|t:|1663724566\n|move|p1a: Seaking|Hidden Power|p2a: Radiant Seaking\n|-supereffective|p2a: Radiant Seaking\n|-damage|p2a: Radiant Seaking|38\/100\n|move|p2a: Radiant Seaking|Megahorn|p1a: Seaking\n|-damage|p1a: Seaking|0 fnt\n|faint|p1a: Seaking\n|\n|t:|1663724573\n|switch|p1a: Aipom|Aipom, F|100\/100\n|\n|-heal|p2a: Radiant Seaking|44\/100|[from] item: Leftovers\n|upkeep\n|turn|22\n|\n|t:|1663724577\n|move|p2a: Radiant Seaking|Protect|p2a: Radiant Seaking\n|-singleturn|p2a: Radiant Seaking|Protect\n|move|p1a: Aipom|Double-Edge|p2a: Radiant Seaking\n|-activate|p2a: Radiant Seaking|Protect\n|\n|-heal|p2a: Radiant Seaking|50\/100|[from] item: Leftovers\n|upkeep\n|turn|23\n|inactive|BlueArk has 120 seconds left.\n|\n|t:|1663724594\n|switch|p2a: Hershey|Rhyhorn, M, shiny|71\/100\n|move|p1a: Aipom|Double-Edge|p2a: Hershey\n|-resisted|p2a: Hershey\n|-damage|p2a: Hershey|48\/100\n|-damage|p1a: Aipom|91\/100|[from] Recoil|[of] p2a: Hershey\n|\n|-heal|p2a: Hershey|54\/100|[from] item: Leftovers\n|upkeep\n|turn|24\n|\n|t:|1663724603\n|switch|p2a: Butterfree|Butterfree, F|100\/100\n|move|p1a: Aipom|Brick Break|p2a: Butterfree\n|-resisted|p2a: Butterfree\n|-damage|p2a: Butterfree|93\/100\n|\n|upkeep\n|turn|25\n|\n|t:|1663724609\n|switch|p2a: Hershey|Rhyhorn, M, shiny|54\/100\n|move|p1a: Aipom|Double-Edge|p2a: Hershey\n|-resisted|p2a: Hershey\n|-damage|p2a: Hershey|28\/100\n|-damage|p1a: Aipom|79\/100|[from] Recoil|[of] p2a: Hershey\n|\n|-heal|p2a: Hershey|34\/100|[from] item: Leftovers\n|upkeep\n|turn|26\n|\n|t:|1663724625\n|switch|p2a: Butterfree|Butterfree, F|93\/100\n|move|p1a: Aipom|Brick Break|p2a: Butterfree\n|-resisted|p2a: Butterfree\n|-damage|p2a: Butterfree|85\/100\n|\n|upkeep\n|turn|27\n|\n|t:|1663724634\n|move|p1a: Aipom|Double-Edge|p2a: Butterfree\n|-damage|p2a: Butterfree|0 fnt\n|-damage|p1a: Aipom|43\/100|[from] Recoil|[of] p2a: Butterfree\n|faint|p2a: Butterfree\n|\n|t:|1663724643\n|switch|p2a: Elekid|Elekid, M|100\/100\n|\n|upkeep\n|turn|28\n|\n|t:|1663724659\n|switch|p1a: Dustox|Dustox, F|58\/100 slp\n|move|p2a: Elekid|Thunderbolt|p1a: Dustox\n|-damage|p1a: Dustox|34\/100 slp\n|\n|-heal|p1a: Dustox|40\/100 slp|[from] item: Leftovers\n|upkeep\n|turn|29\n|\n|t:|1663724673\n|move|p2a: Elekid|Fire Punch|p1a: Dustox\n|-supereffective|p1a: Dustox\n|-damage|p1a: Dustox|15\/100 slp\n|cant|p1a: Dustox|slp\n|\n|-heal|p1a: Dustox|21\/100 slp|[from] item: Leftovers\n|upkeep\n|turn|30\n|\n|t:|1663724693\n|switch|p2a: Hershey|Rhyhorn, M, shiny|34\/100\n|cant|p1a: Dustox|slp\n|\n|-heal|p1a: Dustox|27\/100 slp|[from] item: Leftovers\n|-heal|p2a: Hershey|40\/100|[from] item: Leftovers\n|upkeep\n|turn|31\n|\n|t:|1663724704\n|cant|p1a: Dustox|slp\n|move|p2a: Hershey|Substitute|p2a: Hershey\n|-start|p2a: Hershey|Substitute\n|-damage|p2a: Hershey|15\/100\n|\n|-heal|p1a: Dustox|34\/100 slp|[from] item: Leftovers\n|-heal|p2a: Hershey|21\/100|[from] item: Leftovers\n|upkeep\n|turn|32\n|\n|t:|1663724712\n|-curestatus|p1a: Dustox|slp|[msg]\n|move|p1a: Dustox|Psychic|p2a: Hershey\n|-activate|p2a: Hershey|Substitute|[damage]\n|move|p2a: Hershey|Rock Slide|p1a: Dustox|[miss]\n|-miss|p2a: Hershey|p1a: Dustox\n|\n|-heal|p1a: Dustox|40\/100|[from] item: Leftovers\n|-heal|p2a: Hershey|27\/100|[from] item: Leftovers\n|upkeep\n|turn|33\n|\n|t:|1663724726\n|move|p1a: Dustox|Psychic|p2a: Hershey\n|-end|p2a: Hershey|Substitute\n|move|p2a: Hershey|Rock Slide|p1a: Dustox\n|-supereffective|p1a: Dustox\n|-damage|p1a: Dustox|0 fnt\n|faint|p1a: Dustox\n|\n|t:|1663724742\n|switch|p1a: Aipom|Aipom, F|43\/100\n|\n|-heal|p2a: Hershey|33\/100|[from] item: Leftovers\n|upkeep\n|turn|34\n|inactive|BlueArk has 120 seconds left.\n|\n|t:|1663724792\n|move|p1a: Aipom|Brick Break|p2a: Hershey\n|-supereffective|p2a: Hershey\n|-damage|p2a: Hershey|0 fnt\n|faint|p2a: Hershey\n|\n|t:|1663724796\n|switch|p2a: Elekid|Elekid, M|100\/100\n|\n|upkeep\n|turn|35\n|c| bp (\u30c4)|BlueArk I'm happy that you actually know how to play mons\n|c| bp (\u30c4)|this is a good game\n|\n|t:|1663724823\n|switch|p1a: Elekid|Elekid, M|70\/100 par\n|move|p2a: Elekid|Thunderbolt|p1a: Elekid\n|-resisted|p1a: Elekid\n|-damage|p1a: Elekid|32\/100 par\n|\n|-heal|p1a: Elekid|38\/100 par|[from] item: Leftovers\n|upkeep\n|turn|36\n|c|\u2606BlueArk|It is? I appreciate that. I don't usually get feedback\n|\n|t:|1663724831\n|move|p2a: Elekid|Thunderbolt|p1a: Elekid\n|-resisted|p1a: Elekid\n|-damage|p1a: Elekid|0 fnt\n|faint|p1a: Elekid\n|\n|t:|1663724834\n|switch|p1a: Castform|Castform, M|87\/100\n|\n|upkeep\n|turn|37\n|inactive|BlueArk has 120 seconds left.\n|\n|t:|1663724853\n|switch|p2a: Radiant Seaking|Seaking, M, shiny|50\/100\n|move|p1a: Castform|Return|p2a: Radiant Seaking\n|-damage|p2a: Radiant Seaking|0 fnt\n|faint|p2a: Radiant Seaking\n|\n|t:|1663724858\n|switch|p2a: Castform|Castform, F|92\/100\n|\n|-heal|p2a: Castform|98\/100|[from] item: Leftovers\n|upkeep\n|turn|38\n|j| Serving Suggestion\n|\n|t:|1663724865\n|switch|p1a: Aipom|Aipom, F|43\/100\n|move|p2a: Castform|Double-Edge|p1a: Aipom\n|-damage|p1a: Aipom|0 fnt\n|-damage|p2a: Castform|88\/100|[from] Recoil|[of] p1a: Aipom\n|faint|p1a: Aipom\n|\n|t:|1663724867\n|switch|p1a: Castform|Castform, M|87\/100\n|\n|-heal|p2a: Castform|94\/100|[from] item: Leftovers\n|upkeep\n|turn|39\n|\n|t:|1663724875\n|move|p1a: Castform|Double-Edge|p2a: Castform\n|-damage|p2a: Castform|14\/100\n|-damage|p1a: Castform|54\/100|[from] Recoil|[of] p2a: Castform\n|move|p2a: Castform|Double-Edge|p1a: Castform\n|-damage|p1a: Castform|0 fnt\n|-damage|p2a: Castform|0 fnt|[from] Recoil|[of] p1a: Castform\n|faint|p1a: Castform\n|faint|p2a: Castform\n|\n|win|BlueArk\n|n|\u2606ayevon|ayevon\n|n|\u2606BlueArk|blueark\n|n| bp (\u30c4)|bp\n|n| joey milktank|joeymilktank\n|n| Serving Suggestion|servingsuggestion\n|l|\u2606ayevon\n|l| bp (\u30c4)\n|c|\u2606BlueArk|ayy that was fun, ggs\n|l| Serving Suggestion\n|j| waterbends\n|j| bp (\u30c4)\n|l| bp (\u30c4)\n|l| joey milktank\n|j| bp (\u30c4)\n|l| waterbends\n|l| bp (\u30c4)\n","uploadtime":1663726649,"views":6,"p1id":"ayevon","p2id":"blueark","formatid":"gen3nu","rating":0,"private":0,"password":null}