{"id":"gen3ou-1660180278","p1":"zzzzzzzzzzzz4","p2":"want and wish","format":"gen3ou","log":"|j|\u2606zzzzzzzzzzzz4\n|j|\u2606want and wish\n|t:|1662745622\n|gametype|singles\n|player|p1|zzzzzzzzzzzz4|lucas|1131\n|player|p2|want and wish|wallace|1091\n|teamsize|p1|6\n|teamsize|p2|6\n|gen|3\n|tier|[Gen 3] OU\n|rated|\n|rule|Sleep Clause Mod: Limit one foe put to sleep\n|rule|Switch Priority Clause Mod: Faster Pok\u00e9mon switch first\n|rule|Species Clause: Limit one of each Pok\u00e9mon\n|rule|OHKO Clause: OHKO moves are banned\n|rule|Evasion Items Clause: Evasion items are banned\n|rule|Evasion Moves Clause: Evasion moves are banned\n|rule|Endless Battle Clause: Forcing endless battles is banned\n|rule|HP Percentage Mod: HP is shown in percentages\n|rule|One Boost Passer Clause: Limit one Baton Passer that has a way to boost its stats\n|rule|Freeze Clause Mod: Limit one foe frozen\n|\n|t:|1662745622\n|start\n|switch|p1a: Metagross|Metagross|100\/100\n|switch|p2a: TaintedWings|Skarmory, M|100\/100\n|turn|1\n|inactive|Battle timer is ON: inactive players will automatically lose when time's up. (requested by want and wish)\n|\n|t:|1662745627\n|switch|p1a: Magneton|Magneton, shiny|100\/100\n|move|p2a: TaintedWings|Spikes|p1a: Magneton\n|-sidestart|p1: zzzzzzzzzzzz4|Spikes\n|\n|upkeep\n|turn|2\n|\n|t:|1662745632\n|move|p1a: Magneton|Thunderbolt|p2a: TaintedWings\n|-supereffective|p2a: TaintedWings\n|-damage|p2a: TaintedWings|12\/100\n|move|p2a: TaintedWings|Spikes|p1a: Magneton\n|-sidestart|p1: zzzzzzzzzzzz4|Spikes\n|\n|-heal|p2a: TaintedWings|18\/100|[from] item: Leftovers\n|upkeep\n|turn|3\n|\n|t:|1662745639\n|move|p1a: Magneton|Thunderbolt|p2a: TaintedWings\n|-supereffective|p2a: TaintedWings\n|-damage|p2a: TaintedWings|0 fnt\n|faint|p2a: TaintedWings\n|\n|t:|1662745641\n|switch|p2a: Lodoso|Swampert, M|100\/100\n|\n|upkeep\n|turn|4\n|\n|t:|1662745649\n|switch|p1a: Skarmory|Skarmory, F|100\/100\n|move|p2a: Lodoso|Earthquake|p1a: Skarmory\n|-immune|p1a: Skarmory\n|\n|upkeep\n|turn|5\n|\n|t:|1662745654\n|switch|p2a: JoyToy|Blissey, F|100\/100\n|move|p1a: Skarmory|Spikes|p2a: JoyToy\n|-sidestart|p2: want and wish|Spikes\n|\n|upkeep\n|turn|6\n|\n|t:|1662745659\n|move|p1a: Skarmory|Spikes|p2a: JoyToy\n|-sidestart|p2: want and wish|Spikes\n|move|p2a: JoyToy|Flamethrower|p1a: Skarmory\n|-supereffective|p1a: Skarmory\n|-damage|p1a: Skarmory|49\/100\n|\n|-heal|p1a: Skarmory|55\/100|[from] item: Leftovers\n|upkeep\n|turn|7\n|\n|t:|1662745670\n|move|p1a: Skarmory|Protect|p1a: Skarmory\n|-singleturn|p1a: Skarmory|Protect\n|move|p2a: JoyToy|Flamethrower|p1a: Skarmory\n|-activate|p1a: Skarmory|Protect\n|\n|-heal|p1a: Skarmory|61\/100|[from] item: Leftovers\n|upkeep\n|turn|8\n|\n|t:|1662745674\n|switch|p1a: Starmie|Starmie|100\/100\n|-damage|p1a: Starmie|84\/100|[from] Spikes\n|move|p2a: JoyToy|Flamethrower|p1a: Starmie\n|-resisted|p1a: Starmie\n|-damage|p1a: Starmie|70\/100\n|\n|-heal|p1a: Starmie|76\/100|[from] item: Leftovers\n|upkeep\n|turn|9\n|\n|t:|1662745680\n|move|p1a: Starmie|Psychic|p2a: JoyToy\n|-damage|p2a: JoyToy|88\/100\n|move|p2a: JoyToy|Seismic Toss|p1a: Starmie\n|-damage|p1a: Starmie|38\/100\n|\n|-heal|p1a: Starmie|44\/100|[from] item: Leftovers\n|-heal|p2a: JoyToy|95\/100|[from] item: Leftovers\n|upkeep\n|turn|10\n|\n|t:|1662745686\n|move|p1a: Starmie|Rapid Spin|p2a: JoyToy\n|-damage|p2a: JoyToy|92\/100\n|-sideend|p1: zzzzzzzzzzzz4|Spikes|[from] move: Rapid Spin|[of] p1a: Starmie\n|move|p2a: JoyToy|Seismic Toss|p1a: Starmie\n|-damage|p1a: Starmie|5\/100\n|\n|-heal|p1a: Starmie|12\/100|[from] item: Leftovers\n|-heal|p2a: JoyToy|98\/100|[from] item: Leftovers\n|upkeep\n|turn|11\n|\n|t:|1662745694\n|move|p1a: Starmie|Recover|p1a: Starmie\n|-heal|p1a: Starmie|62\/100\n|move|p2a: JoyToy|Seismic Toss|p1a: Starmie\n|-damage|p1a: Starmie|23\/100\n|\n|-heal|p1a: Starmie|30\/100|[from] item: Leftovers\n|-heal|p2a: JoyToy|100\/100|[from] item: Leftovers\n|upkeep\n|turn|12\n|\n|t:|1662745702\n|move|p1a: Starmie|Recover|p1a: Starmie\n|-heal|p1a: Starmie|80\/100\n|move|p2a: JoyToy|Seismic Toss|p1a: Starmie\n|-damage|p1a: Starmie|41\/100\n|\n|-heal|p1a: Starmie|47\/100|[from] item: Leftovers\n|upkeep\n|turn|13\n|\n|t:|1662745709\n|switch|p2a: Lodoso|Swampert, M|100\/100\n|-damage|p2a: Lodoso|84\/100|[from] Spikes\n|move|p1a: Starmie|Recover|p1a: Starmie\n|-heal|p1a: Starmie|97\/100\n|\n|-heal|p1a: Starmie|100\/100|[from] item: Leftovers\n|-heal|p2a: Lodoso|90\/100|[from] item: Leftovers\n|upkeep\n|turn|14\n|\n|t:|1662745717\n|move|p1a: Starmie|Psychic|p2a: Lodoso\n|-damage|p2a: Lodoso|60\/100\n|move|p2a: Lodoso|Earthquake|p1a: Starmie\n|-damage|p1a: Starmie|65\/100\n|\n|-heal|p1a: Starmie|71\/100|[from] item: Leftovers\n|-heal|p2a: Lodoso|66\/100|[from] item: Leftovers\n|upkeep\n|turn|15\n|\n|t:|1662745723\n|move|p1a: Starmie|Psychic|p2a: Lodoso\n|-damage|p2a: Lodoso|37\/100\n|move|p2a: Lodoso|Earthquake|p1a: Starmie\n|-damage|p1a: Starmie|32\/100\n|\n|-heal|p1a: Starmie|38\/100|[from] item: Leftovers\n|-heal|p2a: Lodoso|43\/100|[from] item: Leftovers\n|upkeep\n|turn|16\n|\n|t:|1662745727\n|move|p1a: Starmie|Recover|p1a: Starmie\n|-heal|p1a: Starmie|88\/100\n|move|p2a: Lodoso|Earthquake|p1a: Starmie\n|-damage|p1a: Starmie|52\/100\n|\n|-heal|p1a: Starmie|58\/100|[from] item: Leftovers\n|-heal|p2a: Lodoso|49\/100|[from] item: Leftovers\n|upkeep\n|turn|17\n|\n|t:|1662745730\n|move|p1a: Starmie|Psychic|p2a: Lodoso\n|-damage|p2a: Lodoso|21\/100\n|move|p2a: Lodoso|Earthquake|p1a: Starmie\n|-damage|p1a: Starmie|22\/100\n|\n|-heal|p1a: Starmie|28\/100|[from] item: Leftovers\n|-heal|p2a: Lodoso|27\/100|[from] item: Leftovers\n|upkeep\n|turn|18\n|\n|t:|1662745735\n|move|p1a: Starmie|Recover|p1a: Starmie\n|-heal|p1a: Starmie|78\/100\n|move|p2a: Lodoso|Earthquake|p1a: Starmie\n|-damage|p1a: Starmie|42\/100\n|\n|-heal|p1a: Starmie|48\/100|[from] item: Leftovers\n|-heal|p2a: Lodoso|34\/100|[from] item: Leftovers\n|upkeep\n|turn|19\n|\n|t:|1662745737\n|move|p2a: Lodoso|Protect|p2a: Lodoso\n|-singleturn|p2a: Lodoso|Protect\n|move|p1a: Starmie|Recover|p1a: Starmie\n|-heal|p1a: Starmie|98\/100\n|\n|-heal|p1a: Starmie|100\/100|[from] item: Leftovers\n|-heal|p2a: Lodoso|40\/100|[from] item: Leftovers\n|upkeep\n|turn|20\n|\n|t:|1662745740\n|switch|p2a: Avalon|Gengar, M|100\/100\n|move|p1a: Starmie|Psychic|p2a: Avalon\n|-supereffective|p2a: Avalon\n|-damage|p2a: Avalon|1\/100\n|-unboost|p2a: Avalon|spd|1\n|\n|-heal|p2a: Avalon|7\/100|[from] item: Leftovers\n|upkeep\n|turn|21\n|\n|t:|1662745745\n|move|p2a: Avalon|Hypnosis|p1a: Starmie\n|-status|p1a: Starmie|slp|[from] move: Hypnosis\n|cant|p1a: Starmie|slp\n|\n|-heal|p2a: Avalon|13\/100|[from] item: Leftovers\n|upkeep\n|turn|22\n|\n|t:|1662745747\n|-curestatus|p1a: Starmie|slp|[from] ability: Natural Cure\n|switch|p1a: Celebi|Celebi|100\/100\n|move|p2a: Avalon|Giga Drain|p1a: Celebi\n|-resisted|p1a: Celebi\n|-damage|p1a: Celebi|94\/100\n|-heal|p2a: Avalon|17\/100|[from] drain|[of] p1a: Celebi\n|\n|-heal|p2a: Avalon|23\/100|[from] item: Leftovers\n|-heal|p1a: Celebi|99\/100|[from] item: Leftovers\n|upkeep\n|turn|23\n|\n|t:|1662745754\n|switch|p1a: Metagross|Metagross|100\/100\n|move|p2a: Avalon|Hypnosis|p1a: Metagross\n|-status|p1a: Metagross|slp|[from] move: Hypnosis\n|\n|-heal|p2a: Avalon|29\/100|[from] item: Leftovers\n|upkeep\n|turn|24\n|\n|t:|1662745759\n|switch|p1a: Celebi|Celebi|99\/100\n|move|p2a: Avalon|Thunderbolt|p1a: Celebi\n|-resisted|p1a: Celebi\n|-damage|p1a: Celebi|89\/100\n|\n|-heal|p2a: Avalon|35\/100|[from] item: Leftovers\n|-heal|p1a: Celebi|95\/100|[from] item: Leftovers\n|upkeep\n|turn|25\n|\n|t:|1662745762\n|switch|p2a: JoyToy|Blissey, F|100\/100\n|-damage|p2a: JoyToy|84\/100|[from] Spikes\n|switch|p1a: Metagross|Metagross|100\/100 slp\n|\n|-heal|p2a: JoyToy|90\/100|[from] item: Leftovers\n|upkeep\n|turn|26\n|j| gfdgd36d\n|\n|t:|1662745773\n|switch|p1a: Starmie|Starmie|100\/100\n|move|p2a: JoyToy|Flamethrower|p1a: Starmie\n|-resisted|p1a: Starmie\n|-damage|p1a: Starmie|86\/100\n|\n|-heal|p1a: Starmie|92\/100|[from] item: Leftovers\n|-heal|p2a: JoyToy|96\/100|[from] item: Leftovers\n|upkeep\n|turn|27\n|\n|t:|1662745780\n|move|p1a: Starmie|Ice Beam|p2a: JoyToy\n|-damage|p2a: JoyToy|87\/100\n|move|p2a: JoyToy|Seismic Toss|p1a: Starmie\n|-damage|p1a: Starmie|54\/100\n|\n|-heal|p1a: Starmie|60\/100|[from] item: Leftovers\n|-heal|p2a: JoyToy|94\/100|[from] item: Leftovers\n|upkeep\n|turn|28\n|\n|t:|1662745791\n|move|p1a: Starmie|Ice Beam|p2a: JoyToy\n|-damage|p2a: JoyToy|85\/100\n|move|p2a: JoyToy|Seismic Toss|p1a: Starmie\n|-damage|p1a: Starmie|22\/100\n|\n|-heal|p1a: Starmie|28\/100|[from] item: Leftovers\n|-heal|p2a: JoyToy|92\/100|[from] item: Leftovers\n|upkeep\n|turn|29\n|\n|t:|1662745796\n|move|p1a: Starmie|Recover|p1a: Starmie\n|-heal|p1a: Starmie|78\/100\n|move|p2a: JoyToy|Seismic Toss|p1a: Starmie\n|-damage|p1a: Starmie|40\/100\n|\n|-heal|p1a: Starmie|46\/100|[from] item: Leftovers\n|-heal|p2a: JoyToy|98\/100|[from] item: Leftovers\n|upkeep\n|turn|30\n|\n|t:|1662745800\n|move|p1a: Starmie|Recover|p1a: Starmie\n|-heal|p1a: Starmie|96\/100\n|move|p2a: JoyToy|Seismic Toss|p1a: Starmie\n|-damage|p1a: Starmie|58\/100\n|\n|-heal|p1a: Starmie|64\/100|[from] item: Leftovers\n|-heal|p2a: JoyToy|100\/100|[from] item: Leftovers\n|upkeep\n|turn|31\n|\n|t:|1662745803\n|move|p1a: Starmie|Ice Beam|p2a: JoyToy\n|-damage|p2a: JoyToy|91\/100\n|move|p2a: JoyToy|Ice Beam|p1a: Starmie\n|-resisted|p1a: Starmie\n|-damage|p1a: Starmie|50\/100\n|\n|-heal|p1a: Starmie|56\/100|[from] item: Leftovers\n|-heal|p2a: JoyToy|97\/100|[from] item: Leftovers\n|upkeep\n|turn|32\n|\n|t:|1662745811\n|move|p1a: Starmie|Recover|p1a: Starmie\n|-heal|p1a: Starmie|100\/100\n|move|p2a: JoyToy|Seismic Toss|p1a: Starmie\n|-damage|p1a: Starmie|62\/100\n|\n|-heal|p1a: Starmie|68\/100|[from] item: Leftovers\n|-heal|p2a: JoyToy|100\/100|[from] item: Leftovers\n|upkeep\n|turn|33\n|\n|t:|1662745816\n|switch|p2a: Dinamita|Tyranitar, M|100\/100\n|-damage|p2a: Dinamita|84\/100|[from] Spikes\n|-weather|Sandstorm|[from] ability: Sand Stream|[of] p2a: Dinamita\n|move|p1a: Starmie|Ice Beam|p2a: Dinamita\n|-damage|p2a: Dinamita|64\/100\n|\n|-weather|Sandstorm|[upkeep]\n|-damage|p1a: Starmie|62\/100|[from] Sandstorm\n|-heal|p1a: Starmie|68\/100|[from] item: Leftovers\n|upkeep\n|turn|34\n|\n|t:|1662745821\n|-singleturn|p2a: Dinamita|move: Focus Punch\n|switch|p1a: Dugtrio|Dugtrio, M|100\/100\n|move|p2a: Dinamita|Focus Punch|p1a: Dugtrio\n|-damage|p1a: Dugtrio|0 fnt\n|faint|p1a: Dugtrio\n|\n|t:|1662745836\n|switch|p1a: Magneton|Magneton, shiny|100\/100\n|\n|-weather|Sandstorm|[upkeep]\n|upkeep\n|turn|35\n|\n|t:|1662745842\n|switch|p2a: JoyToy|Blissey, F|100\/100\n|-damage|p2a: JoyToy|84\/100|[from] Spikes\n|move|p1a: Magneton|Thunderbolt|p2a: JoyToy\n|-damage|p2a: JoyToy|66\/100\n|\n|-weather|Sandstorm|[upkeep]\n|-damage|p2a: JoyToy|60\/100|[from] Sandstorm\n|-heal|p2a: JoyToy|66\/100|[from] item: Leftovers\n|upkeep\n|turn|36\n|-message|zzzzzzzzzzzz4 forfeited.\n|\n|win|want and wish\n|raw|zzzzzzzzzzzz4's rating: 1131 &rarr; <strong>1103<\/strong><br \/>(-28 for losing)\n|raw|want and wish's rating: 1091 &rarr; <strong>1120<\/strong><br \/>(+29 for winning)\n|l|\u2606want and wish\n","uploadtime":1662745871,"views":5,"p1id":"zzzzzzzzzzzz4","p2id":"wantandwish","formatid":"gen3ou","rating":1103,"private":0,"password":null}