{"id":"gen3ubers-1641806875","p1":"DoctorBased","p2":"Raph369","format":"gen3ubers","log":"|j|\u2606DoctorBased\n|j|\u2606Raph369\n|t:|1660753286\n|gametype|singles\n|player|p1|DoctorBased|rocketgrunt|\n|player|p2|Raph369|rocketgrunt|\n|teamsize|p1|6\n|teamsize|p2|6\n|gen|3\n|tier|[Gen 3] Ubers\n|rule|Sleep Clause Mod: Limit one foe put to sleep\n|rule|Switch Priority Clause Mod: Faster Pok\u00e9mon switch first\n|rule|Species Clause: Limit one of each Pok\u00e9mon\n|rule|OHKO Clause: OHKO moves are banned\n|rule|Evasion Items Clause: Evasion items are banned\n|rule|Evasion Moves Clause: Evasion moves are banned\n|rule|Endless Battle Clause: Forcing endless battles is banned\n|rule|HP Percentage Mod: HP is shown in percentages\n|rule|Deoxys Camouflage Clause: Reveals the Deoxys forme when it is sent in battle.\n|rule|One Baton Pass Clause: Limit one Baton Passer\n|\n|t:|1660753286\n|start\n|switch|p1a: Kyogre|Kyogre, shiny|100\/100\n|switch|p2a: Mewtwo|Mewtwo|100\/100\n|-weather|RainDance|[from] ability: Drizzle|[of] p1a: Kyogre\n|turn|1\n|c|\u2606Raph369|hf\n|\n|t:|1660753297\n|move|p2a: Mewtwo|Self-Destruct|p1a: Kyogre\n|-damage|p1a: Kyogre|0 fnt\n|faint|p2a: Mewtwo\n|faint|p1a: Kyogre\n|\n|t:|1660753313\n|switch|p2a: Metagross|Metagross|100\/100\n|switch|p1a: Latios|Latios, M, shiny|100\/100\n|\n|-weather|RainDance|[upkeep]\n|upkeep\n|turn|2\n|\n|t:|1660753318\n|switch|p1a: Gengar|Gengar, M|100\/100\n|move|p2a: Metagross|Meteor Mash|p1a: Gengar\n|-damage|p1a: Gengar|0 fnt\n|faint|p1a: Gengar\n|\n|t:|1660753323\n|switch|p1a: Groudon|Groudon|100\/100\n|-weather|SunnyDay|[from] ability: Drought|[of] p1a: Groudon\n|\n|-weather|SunnyDay|[upkeep]\n|upkeep\n|turn|3\n|\n|t:|1660753328\n|move|p1a: Groudon|Substitute|p1a: Groudon\n|-start|p1a: Groudon|Substitute\n|-damage|p1a: Groudon|75\/100\n|move|p2a: Metagross|Meteor Mash|p1a: Groudon\n|-end|p1a: Groudon|Substitute\n|\n|-weather|SunnyDay|[upkeep]\n|upkeep\n|turn|4\n|\n|t:|1660753345\n|switch|p2a: Latios|Latios, M|100\/100\n|move|p1a: Groudon|Swords Dance|p1a: Groudon\n|-boost|p1a: Groudon|atk|2\n|\n|-weather|SunnyDay|[upkeep]\n|upkeep\n|turn|5\n|\n|t:|1660753349\n|move|p2a: Latios|Ice Beam|p1a: Groudon\n|-supereffective|p1a: Groudon\n|-damage|p1a: Groudon|0 fnt\n|faint|p1a: Groudon\n|\n|t:|1660753353\n|switch|p1a: Metagross|Metagross, shiny|100\/100\n|\n|-weather|SunnyDay|[upkeep]\n|upkeep\n|turn|6\n|\n|t:|1660753358\n|switch|p2a: Metagross|Metagross|100\/100\n|move|p1a: Metagross|Agility|p1a: Metagross\n|-boost|p1a: Metagross|spe|2\n|\n|-weather|SunnyDay|[upkeep]\n|upkeep\n|turn|7\n|\n|t:|1660753372\n|move|p1a: Metagross|Hidden Power|p2a: Metagross\n|-supereffective|p2a: Metagross\n|-damage|p2a: Metagross|51\/100\n|move|p2a: Metagross|Explosion|p1a: Metagross\n|-resisted|p1a: Metagross\n|-damage|p1a: Metagross|0 fnt\n|faint|p2a: Metagross\n|faint|p1a: Metagross\n|\n|t:|1660753380\n|switch|p1a: Latios|Latios, M, shiny|100\/100\n|switch|p2a: Snorlax|Snorlax, M|100\/100\n|\n|-weather|SunnyDay|[upkeep]\n|upkeep\n|turn|8\n|\n|t:|1660753389\n|switch|p1a: Snorlax|Snorlax, M, shiny|100\/100\n|move|p2a: Snorlax|Body Slam|p1a: Snorlax\n|-damage|p1a: Snorlax|42\/100\n|\n|-weather|SunnyDay|[upkeep]\n|-heal|p1a: Snorlax|48\/100|[from] item: Leftovers\n|upkeep\n|turn|9\n|\n|t:|1660753393\n|move|p1a: Snorlax|Curse|p1a: Snorlax\n|-unboost|p1a: Snorlax|spe|1\n|-boost|p1a: Snorlax|atk|1\n|-boost|p1a: Snorlax|def|1\n|move|p2a: Snorlax|Body Slam|p1a: Snorlax\n|-damage|p1a: Snorlax|6\/100\n|\n|-weather|SunnyDay|[upkeep]\n|-heal|p1a: Snorlax|13\/100|[from] item: Leftovers\n|upkeep\n|turn|10\n|-message|DoctorBased forfeited.\n|\n|win|Raph369\n|l|\u2606DoctorBased\n","uploadtime":1660753844,"views":55,"p1id":"doctorbased","p2id":"raph369","formatid":"gen3ubers","rating":0,"private":0,"password":null}