{"id":"gen3ou-1188894257","p1":"galariansamurott","p2":"winter lanterns","format":"gen3ou","log":"|j|\u2606galariansamurott\n|j|\u2606winter lanterns\n|t:|1600402110\n|player|p1|galariansamurott|blackbelt-gen2|1329\n|player|p2|winter lanterns|2|1258\n|teamsize|p1|6\n|teamsize|p2|6\n|gametype|singles\n|gen|3\n|tier|[Gen 3] OU\n|rated|\n|rule|Sleep Clause Mod: Limit one foe put to sleep\n|rule|Switch Priority Clause Mod: Faster Pok\u00e9mon switch first\n|rule|Species Clause: Limit one of each Pok\u00e9mon\n|rule|OHKO Clause: OHKO moves are banned\n|rule|Moody Clause: Moody is banned\n|rule|Evasion Moves Clause: Evasion moves are banned\n|rule|Endless Battle Clause: Forcing endless battles is banned\n|rule|HP Percentage Mod: HP is shown in percentages\n|rule|3 Baton Pass Clause: Limit three Baton Passers\n|\n|t:|1600402110\n|start\n|switch|p1a: Skarmory|Skarmory, M|100\/100\n|switch|p2a: Gengar|Gengar, F|100\/100\n|turn|1\n|\n|t:|1600402123\n|switch|p1a: Tyranitar|Tyranitar, F|100\/100\n|-weather|Sandstorm|[from] ability: Sand Stream|[of] p1a: Tyranitar\n|move|p2a: Gengar|Thunderbolt|p1a: Tyranitar\n|-damage|p1a: Tyranitar|83\/100\n|\n|-weather|Sandstorm|[upkeep]\n|-damage|p2a: Gengar|94\/100|[from] Sandstorm\n|-heal|p2a: Gengar|100\/100|[from] item: Leftovers\n|-heal|p1a: Tyranitar|89\/100|[from] item: Leftovers\n|upkeep\n|turn|2\n|\n|t:|1600402138\n|move|p2a: Gengar|Will-O-Wisp|p1a: Tyranitar\n|-status|p1a: Tyranitar|brn\n|move|p1a: Tyranitar|Rock Slide|p2a: Gengar\n|-damage|p2a: Gengar|74\/100\n|\n|-weather|Sandstorm|[upkeep]\n|-damage|p2a: Gengar|68\/100|[from] Sandstorm\n|-heal|p2a: Gengar|74\/100|[from] item: Leftovers\n|-heal|p1a: Tyranitar|95\/100 brn|[from] item: Leftovers\n|-damage|p1a: Tyranitar|82\/100 brn|[from] brn\n|upkeep\n|turn|3\n|\n|t:|1600402149\n|-activate|p2a: Gengar|move: Pursuit\n|move|p1a: Tyranitar|Pursuit|p2a: Gengar|[from]Pursuit\n|-supereffective|p2a: Gengar\n|-damage|p2a: Gengar|7\/100\n|switch|p2a: Dugtrio|Dugtrio, F|100\/100\n|\n|-weather|Sandstorm|[upkeep]\n|-heal|p1a: Tyranitar|88\/100 brn|[from] item: Leftovers\n|-damage|p1a: Tyranitar|76\/100 brn|[from] brn\n|upkeep\n|turn|4\n|\n|t:|1600402157\n|move|p2a: Dugtrio|Earthquake|p1a: Tyranitar\n|-supereffective|p1a: Tyranitar\n|-damage|p1a: Tyranitar|0 fnt\n|faint|p1a: Tyranitar\n|\n|t:|1600402160\n|switch|p1a: Skarmory|Skarmory, M|100\/100\n|\n|-weather|Sandstorm|[upkeep]\n|upkeep\n|turn|5\n|\n|t:|1600402167\n|switch|p2a: Starmie|Starmie|100\/100\n|move|p1a: Skarmory|Drill Peck|p2a: Starmie\n|-damage|p2a: Starmie|67\/100\n|\n|-weather|Sandstorm|[upkeep]\n|-damage|p2a: Starmie|61\/100|[from] Sandstorm\n|-heal|p2a: Starmie|67\/100|[from] item: Leftovers\n|upkeep\n|turn|6\n|\n|t:|1600402234\n|switch|p1a: Blissey|Blissey, F|100\/100\n|move|p2a: Starmie|Thunderbolt|p1a: Blissey\n|-damage|p1a: Blissey|91\/100\n|\n|-weather|Sandstorm|[upkeep]\n|-damage|p2a: Starmie|61\/100|[from] Sandstorm\n|-damage|p1a: Blissey|85\/100|[from] Sandstorm\n|-heal|p2a: Starmie|67\/100|[from] item: Leftovers\n|-heal|p1a: Blissey|91\/100|[from] item: Leftovers\n|upkeep\n|turn|7\n|\n|t:|1600402249\n|switch|p2a: Blissey|Blissey, F|100\/100\n|move|p1a: Blissey|Seismic Toss|p2a: Blissey\n|-damage|p2a: Blissey|85\/100\n|\n|-weather|Sandstorm|[upkeep]\n|-damage|p1a: Blissey|85\/100|[from] Sandstorm\n|-damage|p2a: Blissey|79\/100|[from] Sandstorm\n|-heal|p1a: Blissey|91\/100|[from] item: Leftovers\n|-heal|p2a: Blissey|85\/100|[from] item: Leftovers\n|upkeep\n|turn|8\n|\n|t:|1600402277\n|switch|p2a: Skarmory|Skarmory, M|100\/100\n|move|p1a: Blissey|Thunder Wave|p2a: Skarmory\n|-status|p2a: Skarmory|par\n|\n|-weather|Sandstorm|[upkeep]\n|-damage|p1a: Blissey|85\/100|[from] Sandstorm\n|-heal|p1a: Blissey|91\/100|[from] item: Leftovers\n|upkeep\n|turn|9\n|\n|t:|1600402288\n|switch|p1a: Skarmory|Skarmory, M|100\/100\n|move|p2a: Skarmory|Spikes|p1a: Skarmory\n|-sidestart|p1: galariansamurott|Spikes\n|\n|-weather|Sandstorm|[upkeep]\n|upkeep\n|turn|10\n|\n|t:|1600402293\n|switch|p2a: Tyranitar|Tyranitar, F|100\/100\n|move|p1a: Skarmory|Spikes|p2a: Tyranitar\n|-sidestart|p2: winter lanterns|Spikes\n|\n|-weather|Sandstorm|[upkeep]\n|upkeep\n|turn|11\n|\n|t:|1600402313\n|switch|p1a: Claydol|Claydol|100\/100\n|move|p2a: Tyranitar|Rock Slide|p1a: Claydol\n|-resisted|p1a: Claydol\n|-damage|p1a: Claydol|74\/100\n|\n|-weather|Sandstorm|[upkeep]\n|-heal|p1a: Claydol|80\/100|[from] item: Leftovers\n|upkeep\n|turn|12\n|\n|t:|1600402333\n|switch|p1a: Skarmory|Skarmory, M|100\/100\n|move|p2a: Tyranitar|Rock Slide|p1a: Skarmory\n|-damage|p1a: Skarmory|50\/100\n|\n|-weather|Sandstorm|[upkeep]\n|-heal|p1a: Skarmory|56\/100|[from] item: Leftovers\n|upkeep\n|turn|13\n|\n|t:|1600402386\n|move|p2a: Tyranitar|Rock Slide|p1a: Skarmory\n|-damage|p1a: Skarmory|10\/100\n|move|p1a: Skarmory|Toxic|p2a: Tyranitar|[miss]\n|-miss|p1a: Skarmory|p2a: Tyranitar\n|\n|-weather|Sandstorm|[upkeep]\n|-heal|p1a: Skarmory|16\/100|[from] item: Leftovers\n|upkeep\n|turn|14\n|\n|t:|1600402391\n|switch|p1a: Claydol|Claydol|80\/100\n|move|p2a: Tyranitar|Rock Slide|p1a: Claydol|[miss]\n|-miss|p2a: Tyranitar|p1a: Claydol\n|\n|-weather|Sandstorm|[upkeep]\n|-heal|p1a: Claydol|86\/100|[from] item: Leftovers\n|upkeep\n|turn|15\n|\n|t:|1600402402\n|switch|p2a: Blissey|Blissey, F|85\/100\n|-damage|p2a: Blissey|73\/100|[from] Spikes\n|move|p1a: Claydol|Earthquake|p2a: Blissey\n|-damage|p2a: Blissey|45\/100\n|\n|-weather|Sandstorm|[upkeep]\n|-damage|p2a: Blissey|39\/100|[from] Sandstorm\n|-heal|p1a: Claydol|92\/100|[from] item: Leftovers\n|-heal|p2a: Blissey|45\/100|[from] item: Leftovers\n|upkeep\n|turn|16\n|\n|t:|1600402465\n|switch|p1a: Avagar|Gengar, M|100\/100\n|move|p2a: Blissey|Soft-Boiled|p2a: Blissey\n|-heal|p2a: Blissey|95\/100\n|\n|-weather|Sandstorm|[upkeep]\n|-damage|p1a: Avagar|94\/100|[from] Sandstorm\n|-damage|p2a: Blissey|89\/100|[from] Sandstorm\n|-heal|p1a: Avagar|100\/100|[from] item: Leftovers\n|-heal|p2a: Blissey|95\/100|[from] item: Leftovers\n|upkeep\n|turn|17\n|\n|t:|1600402481\n|move|p1a: Avagar|Will-O-Wisp|p2a: Blissey|[miss]\n|-miss|p1a: Avagar|p2a: Blissey\n|move|p2a: Blissey|Thunder Wave|p1a: Avagar\n|-status|p1a: Avagar|par\n|\n|-weather|Sandstorm|[upkeep]\n|-damage|p2a: Blissey|89\/100|[from] Sandstorm\n|-damage|p1a: Avagar|94\/100 par|[from] Sandstorm\n|-heal|p2a: Blissey|95\/100|[from] item: Leftovers\n|-heal|p1a: Avagar|100\/100 par|[from] item: Leftovers\n|upkeep\n|turn|18\n|\n|t:|1600402503\n|move|p2a: Blissey|Ice Beam|p1a: Avagar\n|-damage|p1a: Avagar|70\/100 par\n|cant|p1a: Avagar|par\n|\n|-weather|Sandstorm|[upkeep]\n|-damage|p2a: Blissey|89\/100|[from] Sandstorm\n|-damage|p1a: Avagar|64\/100 par|[from] Sandstorm\n|-heal|p2a: Blissey|95\/100|[from] item: Leftovers\n|-heal|p1a: Avagar|70\/100 par|[from] item: Leftovers\n|upkeep\n|turn|19\n|\n|t:|1600402512\n|switch|p2a: Gengar|Gengar, F|7\/100\n|switch|p1a: Blissey|Blissey, F|91\/100\n|-damage|p1a: Blissey|79\/100|[from] Spikes\n|\n|-weather|Sandstorm|[upkeep]\n|-damage|p2a: Gengar|1\/100|[from] Sandstorm\n|-damage|p1a: Blissey|72\/100|[from] Sandstorm\n|-heal|p2a: Gengar|7\/100|[from] item: Leftovers\n|-heal|p1a: Blissey|79\/100|[from] item: Leftovers\n|upkeep\n|turn|20\n|\n|t:|1600402526\n|switch|p2a: Dugtrio|Dugtrio, F|100\/100\n|-damage|p2a: Dugtrio|88\/100|[from] Spikes\n|switch|p1a: Avagar|Gengar, M|70\/100 par\n|\n|-weather|Sandstorm|[upkeep]\n|-damage|p1a: Avagar|64\/100 par|[from] Sandstorm\n|-heal|p1a: Avagar|70\/100 par|[from] item: Leftovers\n|upkeep\n|turn|21\n|\n|t:|1600402536\n|switch|p1a: Claydol|Claydol|92\/100\n|move|p2a: Dugtrio|Rock Slide|p1a: Claydol|[miss]\n|-miss|p2a: Dugtrio|p1a: Claydol\n|\n|-weather|Sandstorm|[upkeep]\n|-heal|p1a: Claydol|98\/100|[from] item: Leftovers\n|upkeep\n|turn|22\n|\n|t:|1600402544\n|switch|p2a: Skarmory|Skarmory, M|100\/100 par\n|switch|p1a: Skarmory|Skarmory, M|16\/100\n|\n|-weather|Sandstorm|[upkeep]\n|-heal|p1a: Skarmory|22\/100|[from] item: Leftovers\n|upkeep\n|turn|23\n|\n|t:|1600402558\n|move|p1a: Skarmory|Spikes|p2a: Skarmory\n|-sidestart|p2: winter lanterns|Spikes\n|move|p2a: Skarmory|Whirlwind|p1a: Skarmory\n|drag|p1a: Blissey|Blissey, F|79\/100\n|-damage|p1a: Blissey|66\/100|[from] Spikes\n|\n|-weather|Sandstorm|[upkeep]\n|-damage|p1a: Blissey|60\/100|[from] Sandstorm\n|-heal|p1a: Blissey|66\/100|[from] item: Leftovers\n|upkeep\n|turn|24\n|\n|t:|1600402565\n|move|p1a: Blissey|Soft-Boiled|p1a: Blissey\n|-heal|p1a: Blissey|100\/100\n|move|p2a: Skarmory|Spikes|p1a: Blissey\n|-sidestart|p1: galariansamurott|Spikes\n|\n|-weather|Sandstorm|[upkeep]\n|-damage|p1a: Blissey|94\/100|[from] Sandstorm\n|-heal|p1a: Blissey|100\/100|[from] item: Leftovers\n|upkeep\n|turn|25\n|\n|t:|1600402571\n|move|p1a: Blissey|Seismic Toss|p2a: Skarmory\n|-damage|p2a: Skarmory|70\/100 par\n|move|p2a: Skarmory|Toxic|p1a: Blissey|[miss]\n|-miss|p2a: Skarmory|p1a: Blissey\n|\n|-weather|Sandstorm|[upkeep]\n|-damage|p1a: Blissey|94\/100|[from] Sandstorm\n|-heal|p1a: Blissey|100\/100|[from] item: Leftovers\n|-heal|p2a: Skarmory|76\/100 par|[from] item: Leftovers\n|upkeep\n|turn|26\n|\n|t:|1600402578\n|switch|p1a: Skarmory|Skarmory, M|22\/100\n|switch|p2a: Tyranitar|Tyranitar, F|100\/100\n|-damage|p2a: Tyranitar|84\/100|[from] Spikes\n|\n|-weather|Sandstorm|[upkeep]\n|-heal|p1a: Skarmory|28\/100|[from] item: Leftovers\n|upkeep\n|turn|27\n|\n|t:|1600402588\n|switch|p1a: Claydol|Claydol|98\/100\n|move|p2a: Tyranitar|Rock Slide|p1a: Claydol|[miss]\n|-miss|p2a: Tyranitar|p1a: Claydol\n|\n|-weather|Sandstorm|[upkeep]\n|-heal|p1a: Claydol|100\/100|[from] item: Leftovers\n|upkeep\n|turn|28\n|\n|t:|1600402600\n|switch|p2a: Gengar|Gengar, F|7\/100\n|move|p1a: Claydol|Rapid Spin|p2a: Gengar\n|-immune|p2a: Gengar\n|\n|-weather|Sandstorm|[upkeep]\n|-damage|p2a: Gengar|1\/100|[from] Sandstorm\n|-heal|p2a: Gengar|7\/100|[from] item: Leftovers\n|upkeep\n|turn|29\n|\n|t:|1600402618\n|switch|p1a: Avagar|Gengar, M|70\/100 par\n|move|p2a: Gengar|Explosion|p1a: Avagar\n|-immune|p1a: Avagar\n|faint|p2a: Gengar\n|\n|t:|1600402622\n|switch|p2a: Tyranitar|Tyranitar, F|84\/100\n|-damage|p2a: Tyranitar|67\/100|[from] Spikes\n|\n|-weather|Sandstorm|[upkeep]\n|-damage|p1a: Avagar|64\/100 par|[from] Sandstorm\n|-heal|p1a: Avagar|70\/100 par|[from] item: Leftovers\n|upkeep\n|turn|30\n|\n|t:|1600402662\n|move|p2a: Tyranitar|Rock Slide|p1a: Avagar\n|-damage|p1a: Avagar|0 fnt\n|faint|p1a: Avagar\n|\n|t:|1600402669\n|switch|p1a: Claydol|Claydol|100\/100\n|\n|-weather|Sandstorm|[upkeep]\n|upkeep\n|turn|31\n|\n|t:|1600402672\n|switch|p2a: Skarmory|Skarmory, M|76\/100 par\n|move|p1a: Claydol|Rapid Spin|p2a: Skarmory\n|-resisted|p2a: Skarmory\n|-damage|p2a: Skarmory|75\/100 par\n|-sideend|p1: galariansamurott|Spikes|[from] move: Rapid Spin|[of] p1a: Claydol\n|\n|-weather|Sandstorm|[upkeep]\n|-heal|p2a: Skarmory|81\/100 par|[from] item: Leftovers\n|upkeep\n|turn|32\n|\n|t:|1600402681\n|switch|p1a: Skarmory|Skarmory, M|28\/100\n|move|p2a: Skarmory|Spikes|p1a: Skarmory\n|-sidestart|p1: galariansamurott|Spikes\n|\n|-weather|Sandstorm|[upkeep]\n|-heal|p1a: Skarmory|34\/100|[from] item: Leftovers\n|-heal|p2a: Skarmory|87\/100 par|[from] item: Leftovers\n|upkeep\n|turn|33\n|\n|t:|1600402688\n|move|p1a: Skarmory|Spikes|p2a: Skarmory\n|-sidestart|p2: winter lanterns|Spikes\n|move|p2a: Skarmory|Spikes|p1a: Skarmory\n|-sidestart|p1: galariansamurott|Spikes\n|\n|-weather|Sandstorm|[upkeep]\n|-heal|p1a: Skarmory|40\/100|[from] item: Leftovers\n|-heal|p2a: Skarmory|93\/100 par|[from] item: Leftovers\n|upkeep\n|turn|34\n|\n|t:|1600402700\n|move|p1a: Skarmory|Roar|p2a: Skarmory\n|drag|p2a: Dugtrio|Dugtrio, F|88\/100\n|-damage|p2a: Dugtrio|63\/100|[from] Spikes\n|\n|-weather|Sandstorm|[upkeep]\n|-heal|p1a: Skarmory|46\/100|[from] item: Leftovers\n|upkeep\n|turn|35\n|\n|t:|1600402705\n|move|p2a: Dugtrio|Rock Slide|p1a: Skarmory\n|-damage|p1a: Skarmory|26\/100\n|move|p1a: Skarmory|Roar|p2a: Dugtrio\n|drag|p2a: Blissey|Blissey, F|95\/100\n|-damage|p2a: Blissey|70\/100|[from] Spikes\n|\n|-weather|Sandstorm|[upkeep]\n|-damage|p2a: Blissey|64\/100|[from] Sandstorm\n|-heal|p1a: Skarmory|32\/100|[from] item: Leftovers\n|-heal|p2a: Blissey|70\/100|[from] item: Leftovers\n|upkeep\n|turn|36\n|\n|t:|1600402727\n|switch|p1a: Snorlax|Snorlax, M|100\/100\n|-damage|p1a: Snorlax|84\/100|[from] Spikes\n|move|p2a: Blissey|Thunder Wave|p1a: Snorlax\n|-status|p1a: Snorlax|par\n|\n|-weather|Sandstorm|[upkeep]\n|-damage|p2a: Blissey|64\/100|[from] Sandstorm\n|-damage|p1a: Snorlax|78\/100 par|[from] Sandstorm\n|-heal|p2a: Blissey|70\/100|[from] item: Leftovers\n|-heal|p1a: Snorlax|84\/100 par|[from] item: Leftovers\n|upkeep\n|turn|37\n|\n|t:|1600402745\n|switch|p2a: Starmie|Starmie|67\/100\n|-damage|p2a: Starmie|42\/100|[from] Spikes\n|move|p1a: Snorlax|Curse|p1a: Snorlax\n|-unboost|p1a: Snorlax|spe|1\n|-boost|p1a: Snorlax|atk|1\n|-boost|p1a: Snorlax|def|1\n|\n|-weather|Sandstorm|[upkeep]\n|-damage|p2a: Starmie|36\/100|[from] Sandstorm\n|-damage|p1a: Snorlax|78\/100 par|[from] Sandstorm\n|-heal|p2a: Starmie|42\/100|[from] item: Leftovers\n|-heal|p1a: Snorlax|84\/100 par|[from] item: Leftovers\n|upkeep\n|turn|38\n|\n|t:|1600402763\n|move|p2a: Starmie|Rapid Spin|p1a: Snorlax\n|-damage|p1a: Snorlax|82\/100 par\n|-sideend|p2: winter lanterns|Spikes|[from] move: Rapid Spin|[of] p2a: Starmie\n|move|p1a: Snorlax|Curse|p1a: Snorlax\n|-unboost|p1a: Snorlax|spe|1\n|-boost|p1a: Snorlax|atk|1\n|-boost|p1a: Snorlax|def|1\n|\n|-weather|Sandstorm|[upkeep]\n|-damage|p2a: Starmie|36\/100|[from] Sandstorm\n|-damage|p1a: Snorlax|76\/100 par|[from] Sandstorm\n|-heal|p2a: Starmie|42\/100|[from] item: Leftovers\n|-heal|p1a: Snorlax|82\/100 par|[from] item: Leftovers\n|upkeep\n|turn|39\n|\n|t:|1600402784\n|switch|p2a: Skarmory|Skarmory, M|93\/100 par\n|cant|p1a: Snorlax|par\n|\n|-weather|Sandstorm|[upkeep]\n|-damage|p1a: Snorlax|76\/100 par|[from] Sandstorm\n|-heal|p2a: Skarmory|99\/100 par|[from] item: Leftovers\n|-heal|p1a: Snorlax|82\/100 par|[from] item: Leftovers\n|upkeep\n|turn|40\n|\n|t:|1600402791\n|move|p1a: Snorlax|Double-Edge|p2a: Skarmory\n|-resisted|p2a: Skarmory\n|-damage|p2a: Skarmory|59\/100 par\n|-damage|p1a: Snorlax|74\/100 par|[from] Recoil|[of] p2a: Skarmory\n|move|p2a: Skarmory|Whirlwind|p1a: Snorlax\n|drag|p1a: Claydol|Claydol|100\/100\n|\n|-weather|Sandstorm|[upkeep]\n|-heal|p2a: Skarmory|65\/100 par|[from] item: Leftovers\n|upkeep\n|turn|41\n|\n|t:|1600402799\n|move|p1a: Claydol|Rapid Spin|p2a: Skarmory\n|-resisted|p2a: Skarmory\n|-damage|p2a: Skarmory|64\/100 par\n|-sideend|p1: galariansamurott|Spikes|[from] move: Rapid Spin|[of] p1a: Claydol\n|cant|p2a: Skarmory|par\n|\n|-weather|Sandstorm|[upkeep]\n|-heal|p2a: Skarmory|70\/100 par|[from] item: Leftovers\n|upkeep\n|turn|42\n|\n|t:|1600402804\n|switch|p1a: Skarmory|Skarmory, M|32\/100\n|cant|p2a: Skarmory|par\n|\n|-weather|Sandstorm|[upkeep]\n|-heal|p1a: Skarmory|38\/100|[from] item: Leftovers\n|-heal|p2a: Skarmory|76\/100 par|[from] item: Leftovers\n|upkeep\n|turn|43\n|\n|t:|1600402834\n|move|p1a: Skarmory|Spikes|p2a: Skarmory\n|-sidestart|p2: winter lanterns|Spikes\n|move|p2a: Skarmory|Spikes|p1a: Skarmory\n|-sidestart|p1: galariansamurott|Spikes\n|\n|-weather|Sandstorm|[upkeep]\n|-heal|p1a: Skarmory|44\/100|[from] item: Leftovers\n|-heal|p2a: Skarmory|82\/100 par|[from] item: Leftovers\n|upkeep\n|turn|44\n|\n|t:|1600402839\n|move|p1a: Skarmory|Spikes|p2a: Skarmory\n|-sidestart|p2: winter lanterns|Spikes\n|cant|p2a: Skarmory|par\n|\n|-weather|Sandstorm|[upkeep]\n|-heal|p1a: Skarmory|50\/100|[from] item: Leftovers\n|-heal|p2a: Skarmory|88\/100 par|[from] item: Leftovers\n|upkeep\n|turn|45\n|\n|t:|1600402845\n|move|p1a: Skarmory|Spikes|p2a: Skarmory\n|-sidestart|p2: winter lanterns|Spikes\n|cant|p2a: Skarmory|par\n|\n|-weather|Sandstorm|[upkeep]\n|-heal|p1a: Skarmory|56\/100|[from] item: Leftovers\n|-heal|p2a: Skarmory|94\/100 par|[from] item: Leftovers\n|upkeep\n|turn|46\n|\n|t:|1600402848\n|move|p2a: Skarmory|Spikes|p1a: Skarmory\n|-sidestart|p1: galariansamurott|Spikes\n|move|p1a: Skarmory|Roar|p2a: Skarmory\n|drag|p2a: Tyranitar|Tyranitar, F|67\/100\n|-damage|p2a: Tyranitar|42\/100|[from] Spikes\n|\n|-weather|Sandstorm|[upkeep]\n|-heal|p1a: Skarmory|62\/100|[from] item: Leftovers\n|upkeep\n|turn|47\n|\n|t:|1600402858\n|move|p2a: Tyranitar|Rock Slide|p1a: Skarmory\n|-damage|p1a: Skarmory|10\/100\n|cant|p1a: Skarmory|flinch\n|\n|-weather|Sandstorm|[upkeep]\n|-heal|p1a: Skarmory|16\/100|[from] item: Leftovers\n|upkeep\n|turn|48\n|\n|t:|1600402863\n|switch|p1a: Claydol|Claydol|100\/100\n|move|p2a: Tyranitar|Rock Slide|p1a: Claydol\n|-resisted|p1a: Claydol\n|-damage|p1a: Claydol|71\/100\n|\n|-weather|Sandstorm|[upkeep]\n|-heal|p1a: Claydol|77\/100|[from] item: Leftovers\n|upkeep\n|turn|49\n|\n|t:|1600402869\n|switch|p2a: Starmie|Starmie|42\/100\n|-damage|p2a: Starmie|17\/100|[from] Spikes\n|move|p1a: Claydol|Rapid Spin|p2a: Starmie\n|-damage|p2a: Starmie|11\/100\n|-sideend|p1: galariansamurott|Spikes|[from] move: Rapid Spin|[of] p1a: Claydol\n|\n|-weather|Sandstorm|[upkeep]\n|-damage|p2a: Starmie|5\/100|[from] Sandstorm\n|-heal|p2a: Starmie|11\/100|[from] item: Leftovers\n|-heal|p1a: Claydol|83\/100|[from] item: Leftovers\n|upkeep\n|turn|50\n|\n|t:|1600402901\n|switch|p1a: Blissey|Blissey, F|100\/100\n|move|p2a: Starmie|Hydro Pump|p1a: Blissey\n|-damage|p1a: Blissey|80\/100\n|\n|-weather|Sandstorm|[upkeep]\n|-damage|p2a: Starmie|5\/100|[from] Sandstorm\n|-damage|p1a: Blissey|74\/100|[from] Sandstorm\n|-heal|p2a: Starmie|11\/100|[from] item: Leftovers\n|-heal|p1a: Blissey|80\/100|[from] item: Leftovers\n|upkeep\n|turn|51\n|\n|t:|1600402905\n|move|p2a: Starmie|Rapid Spin|p1a: Blissey\n|-damage|p1a: Blissey|78\/100\n|-sideend|p2: winter lanterns|Spikes|[from] move: Rapid Spin|[of] p2a: Starmie\n|move|p1a: Blissey|Seismic Toss|p2a: Starmie\n|-damage|p2a: Starmie|0 fnt\n|faint|p2a: Starmie\n|\n|t:|1600402914\n|switch|p2a: Tyranitar|Tyranitar, F|42\/100\n|\n|-weather|Sandstorm|[upkeep]\n|-damage|p1a: Blissey|72\/100|[from] Sandstorm\n|-heal|p1a: Blissey|78\/100|[from] item: Leftovers\n|upkeep\n|turn|52\n|\n|t:|1600402917\n|switch|p1a: Skarmory|Skarmory, M|16\/100\n|move|p2a: Tyranitar|Hidden Power|p1a: Skarmory\n|-resisted|p1a: Skarmory\n|-damage|p1a: Skarmory|9\/100\n|\n|-weather|Sandstorm|[upkeep]\n|-heal|p1a: Skarmory|15\/100|[from] item: Leftovers\n|upkeep\n|turn|53\n|\n|t:|1600402925\n|switch|p2a: Blissey|Blissey, F|70\/100\n|move|p1a: Skarmory|Spikes|p2a: Blissey\n|-sidestart|p2: winter lanterns|Spikes\n|\n|-weather|Sandstorm|[upkeep]\n|-damage|p2a: Blissey|64\/100|[from] Sandstorm\n|-heal|p1a: Skarmory|21\/100|[from] item: Leftovers\n|-heal|p2a: Blissey|70\/100|[from] item: Leftovers\n|upkeep\n|turn|54\n|\n|t:|1600402935\n|switch|p1a: Blissey|Blissey, F|78\/100\n|move|p2a: Blissey|Seismic Toss|p1a: Blissey\n|-damage|p1a: Blissey|63\/100\n|\n|-weather|Sandstorm|[upkeep]\n|-damage|p1a: Blissey|57\/100|[from] Sandstorm\n|-damage|p2a: Blissey|64\/100|[from] Sandstorm\n|-heal|p2a: Blissey|70\/100|[from] item: Leftovers\n|-heal|p1a: Blissey|63\/100|[from] item: Leftovers\n|upkeep\n|turn|55\n|\n|t:|1600402942\n|switch|p2a: Dugtrio|Dugtrio, F|63\/100\n|-damage|p2a: Dugtrio|51\/100|[from] Spikes\n|move|p1a: Blissey|Seismic Toss|p2a: Dugtrio\n|-damage|p2a: Dugtrio|4\/100\n|\n|-weather|Sandstorm|[upkeep]\n|-damage|p1a: Blissey|57\/100|[from] Sandstorm\n|-heal|p1a: Blissey|63\/100|[from] item: Leftovers\n|upkeep\n|turn|56\n|\n|t:|1600402953\n|move|p2a: Dugtrio|Earthquake|p1a: Blissey\n|-damage|p1a: Blissey|17\/100\n|move|p1a: Blissey|Ice Beam|p2a: Dugtrio\n|-supereffective|p2a: Dugtrio\n|-damage|p2a: Dugtrio|0 fnt\n|faint|p2a: Dugtrio\n|\n|t:|1600402961\n|switch|p2a: Tyranitar|Tyranitar, F|42\/100\n|-damage|p2a: Tyranitar|30\/100|[from] Spikes\n|\n|-weather|Sandstorm|[upkeep]\n|-damage|p1a: Blissey|11\/100|[from] Sandstorm\n|-heal|p1a: Blissey|17\/100|[from] item: Leftovers\n|upkeep\n|turn|57\n|inactive|Battle timer is ON: inactive players will automatically lose when time's up. (requested by winter lanterns)\n|\n|t:|1600403025\n|switch|p1a: Claydol|Claydol|83\/100\n|move|p2a: Tyranitar|Rock Slide|p1a: Claydol\n|-resisted|p1a: Claydol\n|-damage|p1a: Claydol|56\/100\n|\n|-weather|Sandstorm|[upkeep]\n|-heal|p1a: Claydol|62\/100|[from] item: Leftovers\n|upkeep\n|turn|58\n|\n|t:|1600403036\n|move|p2a: Tyranitar|Rock Slide|p1a: Claydol\n|-resisted|p1a: Claydol\n|-damage|p1a: Claydol|35\/100\n|move|p1a: Claydol|Earthquake|p2a: Tyranitar\n|-supereffective|p2a: Tyranitar\n|-damage|p2a: Tyranitar|0 fnt\n|faint|p2a: Tyranitar\n|\n|t:|1600403040\n|switch|p2a: Blissey|Blissey, F|70\/100\n|-damage|p2a: Blissey|57\/100|[from] Spikes\n|\n|-weather|Sandstorm|[upkeep]\n|-damage|p2a: Blissey|51\/100|[from] Sandstorm\n|-heal|p1a: Claydol|41\/100|[from] item: Leftovers\n|-heal|p2a: Blissey|57\/100|[from] item: Leftovers\n|upkeep\n|turn|59\n|\n|t:|1600403047\n|move|p1a: Claydol|Explosion|p2a: Blissey\n|-damage|p2a: Blissey|0 fnt\n|faint|p1a: Claydol\n|faint|p2a: Blissey\n|-message|winter lanterns forfeited.\n|\n|win|galariansamurott\n|l|\u2606winter lanterns\n|raw|galariansamurott's rating: 1329 &rarr; <strong>1345<\/strong><br \/>(+16 for winning)\n|raw|winter lanterns's rating: 1258 &rarr; <strong>1238<\/strong><br \/>(-20 for losing)\n","uploadtime":1600403063,"views":12,"p1id":"galariansamurott","p2id":"winterlanterns","formatid":"gen3ou","rating":1238,"private":0,"password":null}