{"id":"gen3ou-1684367692","p1":"just as u dance","p2":"ayevon","format":"gen3ou","log":"|j|\u2606just as u dance\n|j|\u2606ayevon\n|t:|1665622631\n|gametype|singles\n|player|p1|just as u dance|dancer|\n|player|p2|ayevon|101|\n|teamsize|p1|6\n|teamsize|p2|6\n|gen|3\n|tier|[Gen 3] OU\n|rated|Tournament battle\n|rule|Sleep Clause Mod: Limit one foe put to sleep\n|rule|Switch Priority Clause Mod: Faster Pok\u00e9mon switch first\n|rule|Species Clause: Limit one of each Pok\u00e9mon\n|rule|OHKO Clause: OHKO moves are banned\n|rule|Evasion Items Clause: Evasion items are banned\n|rule|Evasion Moves Clause: Evasion moves are banned\n|rule|Endless Battle Clause: Forcing endless battles is banned\n|rule|HP Percentage Mod: HP is shown in percentages\n|rule|One Boost Passer Clause: Limit one Baton Passer that has a way to boost its stats\n|rule|Freeze Clause Mod: Limit one foe frozen\n|\n|t:|1665622631\n|start\n|switch|p1a: Tyranitar|Tyranitar, F|100\/100\n|switch|p2a: Zapdos|Zapdos|100\/100\n|-weather|Sandstorm|[from] ability: Sand Stream|[of] p1a: Tyranitar\n|turn|1\n|j| BB-8-NU\n|inactive|Battle timer is ON: inactive players will automatically lose when time's up. (requested by ayevon)\n|j| joey milktank\n|j| FavMon=Garchomp\n|\n|t:|1665622645\n|-singleturn|p1a: Tyranitar|move: Focus Punch\n|switch|p2a: Celebi|Celebi|100\/100\n|move|p1a: Tyranitar|Focus Punch|p2a: Celebi\n|-resisted|p2a: Celebi\n|-damage|p2a: Celebi|79\/100\n|\n|-weather|Sandstorm|[upkeep]\n|-damage|p2a: Celebi|73\/100|[from] Sandstorm\n|-heal|p2a: Celebi|79\/100|[from] item: Leftovers\n|upkeep\n|turn|2\n|\n|t:|1665622652\n|switch|p2a: Swampert|Swampert, F|100\/100\n|switch|p1a: Celebi|Celebi|100\/100\n|\n|-weather|Sandstorm|[upkeep]\n|-damage|p1a: Celebi|94\/100|[from] Sandstorm\n|-heal|p1a: Celebi|100\/100|[from] item: Leftovers\n|upkeep\n|turn|3\n|j| MonoSteelBW\n|\n|t:|1665622659\n|switch|p2a: Tyranitar|Tyranitar, M|100\/100\n|move|p1a: Celebi|Psychic|p2a: Tyranitar\n|-immune|p2a: Tyranitar\n|\n|-weather|Sandstorm|[upkeep]\n|-damage|p1a: Celebi|94\/100|[from] Sandstorm\n|-heal|p1a: Celebi|100\/100|[from] item: Leftovers\n|upkeep\n|turn|4\n|\n|t:|1665622663\n|switch|p1a: Swampert|Swampert, M|100\/100\n|move|p2a: Tyranitar|Hidden Power|p1a: Swampert\n|-damage|p1a: Swampert|74\/100\n|\n|-weather|Sandstorm|[upkeep]\n|-heal|p1a: Swampert|80\/100|[from] item: Leftovers\n|upkeep\n|turn|5\n|j|+ILoveMashing\u2764\n|\n|t:|1665622669\n|switch|p2a: Celebi|Celebi|79\/100\n|move|p1a: Swampert|Ice Beam|p2a: Celebi\n|-supereffective|p2a: Celebi\n|-damage|p2a: Celebi|46\/100\n|\n|-weather|Sandstorm|[upkeep]\n|-damage|p2a: Celebi|39\/100|[from] Sandstorm\n|-heal|p2a: Celebi|46\/100|[from] item: Leftovers\n|-heal|p1a: Swampert|86\/100|[from] item: Leftovers\n|upkeep\n|turn|6\n|j| Drop a burn\n|\n|t:|1665622678\n|switch|p1a: Celebi|Celebi|100\/100\n|move|p2a: Celebi|Recover|p2a: Celebi\n|-heal|p2a: Celebi|96\/100\n|\n|-weather|Sandstorm|[upkeep]\n|-damage|p1a: Celebi|94\/100|[from] Sandstorm\n|-damage|p2a: Celebi|89\/100|[from] Sandstorm\n|-heal|p1a: Celebi|100\/100|[from] item: Leftovers\n|-heal|p2a: Celebi|96\/100|[from] item: Leftovers\n|upkeep\n|turn|7\n|\n|t:|1665622681\n|move|p1a: Celebi|Giga Drain|p2a: Celebi\n|-resisted|p2a: Celebi\n|-damage|p2a: Celebi|88\/100\n|move|p2a: Celebi|Baton Pass|p2a: Celebi\n|\n|t:|1665622685\n|switch|p2a: Tyranitar|Tyranitar, M|100\/100|[from]move: Baton Pass\n|\n|-weather|Sandstorm|[upkeep]\n|-damage|p1a: Celebi|94\/100|[from] Sandstorm\n|-heal|p1a: Celebi|100\/100|[from] item: Leftovers\n|upkeep\n|turn|8\n|\n|t:|1665622694\n|-singleturn|p2a: Tyranitar|move: Focus Punch\n|switch|p1a: Swampert|Swampert, M|86\/100\n|move|p2a: Tyranitar|Focus Punch|p1a: Swampert\n|-damage|p1a: Swampert|31\/100\n|\n|-weather|Sandstorm|[upkeep]\n|-heal|p1a: Swampert|38\/100|[from] item: Leftovers\n|upkeep\n|turn|9\n|\n|t:|1665622702\n|-singleturn|p1a: Swampert|move: Focus Punch\n|switch|p2a: Celebi|Celebi|88\/100\n|move|p1a: Swampert|Focus Punch|p2a: Celebi\n|-resisted|p2a: Celebi\n|-damage|p2a: Celebi|73\/100\n|\n|-weather|Sandstorm|[upkeep]\n|-damage|p2a: Celebi|66\/100|[from] Sandstorm\n|-heal|p2a: Celebi|73\/100|[from] item: Leftovers\n|-heal|p1a: Swampert|44\/100|[from] item: Leftovers\n|upkeep\n|turn|10\n|\n|t:|1665622716\n|move|p2a: Celebi|Leech Seed|p1a: Swampert\n|-start|p1a: Swampert|move: Leech Seed\n|move|p1a: Swampert|Ice Beam|p2a: Celebi\n|-supereffective|p2a: Celebi\n|-damage|p2a: Celebi|41\/100\n|\n|-weather|Sandstorm|[upkeep]\n|-damage|p2a: Celebi|35\/100|[from] Sandstorm\n|-heal|p2a: Celebi|41\/100|[from] item: Leftovers\n|-heal|p1a: Swampert|50\/100|[from] item: Leftovers\n|-damage|p1a: Swampert|38\/100|[from] Leech Seed|[of] p2a: Celebi\n|-heal|p2a: Celebi|53\/100|[silent]\n|upkeep\n|turn|11\n|\n|t:|1665622723\n|switch|p1a: Celebi|Celebi|100\/100\n|move|p2a: Celebi|Baton Pass|p2a: Celebi\n|\n|t:|1665622725\n|switch|p2a: Tyranitar|Tyranitar, M|100\/100|[from]move: Baton Pass\n|\n|-weather|Sandstorm|[upkeep]\n|-damage|p1a: Celebi|94\/100|[from] Sandstorm\n|-heal|p1a: Celebi|100\/100|[from] item: Leftovers\n|upkeep\n|turn|12\n|\n|t:|1665622737\n|move|p1a: Celebi|Giga Drain|p2a: Tyranitar\n|-supereffective|p2a: Tyranitar\n|-damage|p2a: Tyranitar|56\/100\n|move|p2a: Tyranitar|Hidden Power|p1a: Celebi\n|-supereffective|p1a: Celebi\n|-damage|p1a: Celebi|0 fnt\n|faint|p1a: Celebi\n|\n|t:|1665622740\n|switch|p1a: Swampert|Swampert, M|38\/100\n|\n|-weather|Sandstorm|[upkeep]\n|-heal|p1a: Swampert|44\/100|[from] item: Leftovers\n|-heal|p2a: Tyranitar|62\/100|[from] item: Leftovers\n|upkeep\n|turn|13\n|\n|t:|1665622745\n|switch|p2a: Celebi|Celebi|53\/100\n|move|p1a: Swampert|Ice Beam|p2a: Celebi\n|-supereffective|p2a: Celebi\n|-damage|p2a: Celebi|21\/100\n|\n|-weather|Sandstorm|[upkeep]\n|-damage|p2a: Celebi|15\/100|[from] Sandstorm\n|-heal|p2a: Celebi|21\/100|[from] item: Leftovers\n|-heal|p1a: Swampert|50\/100|[from] item: Leftovers\n|upkeep\n|turn|14\n|j| Bluey5413\n|\n|t:|1665622754\n|switch|p1a: Gengar|Gengar, M|100\/100\n|move|p2a: Celebi|Recover|p2a: Celebi\n|-heal|p2a: Celebi|71\/100\n|\n|-weather|Sandstorm|[upkeep]\n|-damage|p1a: Gengar|94\/100|[from] Sandstorm\n|-damage|p2a: Celebi|65\/100|[from] Sandstorm\n|-heal|p1a: Gengar|100\/100|[from] item: Leftovers\n|-heal|p2a: Celebi|71\/100|[from] item: Leftovers\n|upkeep\n|turn|15\n|\n|t:|1665622761\n|move|p1a: Gengar|Explosion|p2a: Celebi\n|-damage|p2a: Celebi|6\/100\n|faint|p1a: Gengar\n|\n|t:|1665622763\n|switch|p1a: Aerodactyl|Aerodactyl, F|100\/100\n|\n|-weather|Sandstorm|[upkeep]\n|-damage|p2a: Celebi|0 fnt|[from] Sandstorm\n|faint|p2a: Celebi\n|upkeep\n|\n|t:|1665622766\n|switch|p2a: Swampert|Swampert, F|100\/100\n|turn|16\n|\n|t:|1665622770\n|switch|p1a: Cloyster|Cloyster, F|100\/100\n|move|p2a: Swampert|Hydro Pump|p1a: Cloyster\n|-resisted|p1a: Cloyster\n|-damage|p1a: Cloyster|74\/100\n|\n|-weather|Sandstorm|[upkeep]\n|-damage|p1a: Cloyster|68\/100|[from] Sandstorm\n|-heal|p1a: Cloyster|74\/100|[from] item: Leftovers\n|upkeep\n|turn|17\n|\n|t:|1665622775\n|switch|p2a: Starmie|Starmie|100\/100\n|move|p1a: Cloyster|Spikes|p2a: Starmie\n|-sidestart|p2: ayevon|Spikes\n|\n|-weather|Sandstorm|[upkeep]\n|-damage|p2a: Starmie|94\/100|[from] Sandstorm\n|-damage|p1a: Cloyster|68\/100|[from] Sandstorm\n|-heal|p2a: Starmie|100\/100|[from] item: Leftovers\n|-heal|p1a: Cloyster|74\/100|[from] item: Leftovers\n|upkeep\n|turn|18\n|c| Bluey5413|No Camel\n|c| Bluey5413|:sob:\n|\n|t:|1665622784\n|move|p2a: Starmie|Rapid Spin|p1a: Cloyster\n|-damage|p1a: Cloyster|72\/100\n|-sideend|p2: ayevon|Spikes|[from] move: Rapid Spin|[of] p2a: Starmie\n|move|p1a: Cloyster|Explosion|p2a: Starmie\n|-damage|p2a: Starmie|0 fnt\n|faint|p1a: Cloyster\n|faint|p2a: Starmie\n|\n|t:|1665622797\n|switch|p2a: Zapdos|Zapdos|100\/100\n|switch|p1a: Swampert|Swampert, M|50\/100\n|\n|-weather|Sandstorm|[upkeep]\n|-damage|p2a: Zapdos|94\/100|[from] Sandstorm\n|-heal|p2a: Zapdos|100\/100|[from] item: Leftovers\n|-heal|p1a: Swampert|56\/100|[from] item: Leftovers\n|upkeep\n|turn|19\n|\n|t:|1665622800\n|switch|p1a: Tyranitar|Tyranitar, F|100\/100\n|move|p2a: Zapdos|Hidden Power|p1a: Tyranitar\n|-supereffective|p1a: Tyranitar\n|-damage|p1a: Tyranitar|50\/100\n|\n|-weather|Sandstorm|[upkeep]\n|-damage|p2a: Zapdos|94\/100|[from] Sandstorm\n|-heal|p2a: Zapdos|100\/100|[from] item: Leftovers\n|-heal|p1a: Tyranitar|56\/100|[from] item: Leftovers\n|upkeep\n|turn|20\n|\n|t:|1665622811\n|switch|p2a: Swampert|Swampert, F|100\/100\n|move|p1a: Tyranitar|Rock Slide|p2a: Swampert\n|-resisted|p2a: Swampert\n|-damage|p2a: Swampert|87\/100\n|\n|-weather|Sandstorm|[upkeep]\n|-heal|p1a: Tyranitar|62\/100|[from] item: Leftovers\n|-heal|p2a: Swampert|93\/100|[from] item: Leftovers\n|upkeep\n|turn|21\n|\n|t:|1665622814\n|switch|p1a: Swampert|Swampert, M|56\/100\n|move|p2a: Swampert|Hydro Pump|p1a: Swampert\n|-damage|p1a: Swampert|24\/100\n|\n|-weather|Sandstorm|[upkeep]\n|-heal|p1a: Swampert|30\/100|[from] item: Leftovers\n|-heal|p2a: Swampert|99\/100|[from] item: Leftovers\n|upkeep\n|turn|22\n|\n|t:|1665622820\n|move|p1a: Swampert|Hydro Pump|p2a: Swampert\n|-damage|p2a: Swampert|39\/100\n|move|p2a: Swampert|Earthquake|p1a: Swampert\n|-damage|p1a: Swampert|0 fnt\n|faint|p1a: Swampert\n|\n|t:|1665622825\n|switch|p1a: Tyranitar|Tyranitar, F|62\/100\n|\n|-weather|Sandstorm|[upkeep]\n|-heal|p1a: Tyranitar|69\/100|[from] item: Leftovers\n|-heal|p2a: Swampert|46\/100|[from] item: Leftovers\n|upkeep\n|turn|23\n|\n|t:|1665622833\n|switch|p2a: Tyranitar|Tyranitar, M|62\/100\n|move|p1a: Tyranitar|Double-Edge|p2a: Tyranitar\n|-resisted|p2a: Tyranitar\n|-damage|p2a: Tyranitar|45\/100\n|-damage|p1a: Tyranitar|62\/100|[from] Recoil|[of] p2a: Tyranitar\n|\n|-weather|Sandstorm|[upkeep]\n|-heal|p1a: Tyranitar|68\/100|[from] item: Leftovers\n|-heal|p2a: Tyranitar|51\/100|[from] item: Leftovers\n|upkeep\n|turn|24\n|\n|t:|1665622836\n|-singleturn|p2a: Tyranitar|move: Focus Punch\n|move|p1a: Tyranitar|Earthquake|p2a: Tyranitar\n|-supereffective|p2a: Tyranitar\n|-damage|p2a: Tyranitar|0 fnt\n|faint|p2a: Tyranitar\n|\n|t:|1665622839\n|switch|p2a: Dugtrio|Dugtrio, F|100\/100\n|\n|-weather|Sandstorm|[upkeep]\n|-heal|p1a: Tyranitar|74\/100|[from] item: Leftovers\n|upkeep\n|turn|25\n|j| CapnLizard\n|c| Bluey5413|Dodge eq\n|\n|t:|1665622846\n|move|p2a: Dugtrio|Earthquake|p1a: Tyranitar\n|-supereffective|p1a: Tyranitar\n|-damage|p1a: Tyranitar|0 fnt\n|faint|p1a: Tyranitar\n|\n|t:|1665622847\n|switch|p1a: Aerodactyl|Aerodactyl, F|100\/100\n|\n|-weather|Sandstorm|[upkeep]\n|upkeep\n|turn|26\n|j| Ghosty321\n|\n|t:|1665622851\n|move|p1a: Aerodactyl|Rock Slide|p2a: Dugtrio\n|-resisted|p2a: Dugtrio\n|-damage|p2a: Dugtrio|38\/100\n|cant|p2a: Dugtrio|flinch\n|\n|-weather|Sandstorm|[upkeep]\n|upkeep\n|turn|27\n|\n|t:|1665622854\n|move|p1a: Aerodactyl|Rock Slide|p2a: Dugtrio\n|-resisted|p2a: Dugtrio\n|-damage|p2a: Dugtrio|0 fnt\n|faint|p2a: Dugtrio\n|\n|t:|1665622856\n|switch|p2a: Swampert|Swampert, F|46\/100\n|\n|-weather|Sandstorm|[upkeep]\n|-heal|p2a: Swampert|52\/100|[from] item: Leftovers\n|upkeep\n|turn|28\n|\n|t:|1665622858\n|move|p2a: Swampert|Protect|p2a: Swampert\n|-singleturn|p2a: Swampert|Protect\n|move|p1a: Aerodactyl|Rock Slide|p2a: Swampert\n|-activate|p2a: Swampert|Protect\n|\n|-weather|Sandstorm|[upkeep]\n|-heal|p2a: Swampert|58\/100|[from] item: Leftovers\n|upkeep\n|turn|29\n|\n|t:|1665622860\n|move|p1a: Aerodactyl|Rock Slide|p2a: Swampert\n|-resisted|p2a: Swampert\n|-damage|p2a: Swampert|42\/100\n|move|p2a: Swampert|Ice Beam|p1a: Aerodactyl\n|-supereffective|p1a: Aerodactyl\n|-damage|p1a: Aerodactyl|45\/100\n|\n|-weather|Sandstorm|[upkeep]\n|-heal|p2a: Swampert|48\/100|[from] item: Leftovers\n|upkeep\n|turn|30\n|\n|t:|1665622863\n|move|p1a: Aerodactyl|Rock Slide|p2a: Swampert\n|-resisted|p2a: Swampert\n|-damage|p2a: Swampert|31\/100\n|cant|p2a: Swampert|flinch\n|\n|-weather|Sandstorm|[upkeep]\n|-heal|p2a: Swampert|38\/100|[from] item: Leftovers\n|upkeep\n|turn|31\n|\n|t:|1665622865\n|move|p1a: Aerodactyl|Rock Slide|p2a: Swampert\n|-resisted|p2a: Swampert\n|-damage|p2a: Swampert|21\/100\n|move|p2a: Swampert|Ice Beam|p1a: Aerodactyl\n|-supereffective|p1a: Aerodactyl\n|-damage|p1a: Aerodactyl|0 fnt\n|faint|p1a: Aerodactyl\n|\n|win|ayevon\n|n|\u2606just as u dance|justasudance\n|n|\u2606ayevon|ayevon\n|n| BB-8-NU|bb8nu\n|n| joey milktank|joeymilktank\n|n| FavMon=Garchomp|favmongarchomp\n|n| MonoSteelBW|monosteelbw\n|n| ILoveMashing\u2764|ilovemashing\n|n| Drop a burn|dropaburn\n|n| Bluey5413|bluey5413\n|n| CapnLizard|capnlizard\n|n| Ghosty321|ghosty321\n","uploadtime":1665622868,"views":4,"p1id":"justasudance","p2id":"ayevon","formatid":"gen3ou","rating":0,"private":0,"password":null}