{"id":"gen3randombattle-1625726882","p1":"Legamindelaroute32","p2":"HikozaruGG","format":"gen3randombattle","log":"|j|\u2606Legamindelaroute32\n|j|\u2606HikozaruGG\n|inactive|Battle timer is ON: inactive players will automatically lose when time's up.\n|t:|1658854901\n|gametype|singles\n|player|p1|Legamindelaroute32|youngster-gen4dp|\n|player|p2|HikozaruGG|yellow|\n|teamsize|p1|6\n|teamsize|p2|6\n|gen|3\n|tier|[Gen 3] Random Battle\n|rated|Tournament battle\n|rule|Sleep Clause Mod: Limit one foe put to sleep\n|rule|Switch Priority Clause Mod: Faster Pok\u00e9mon switch first\n|rule|Species Clause: Limit one of each Pok\u00e9mon\n|rule|OHKO Clause: OHKO moves are banned\n|rule|Evasion Moves Clause: Evasion moves are banned\n|rule|Endless Battle Clause: Forcing endless battles is banned\n|rule|HP Percentage Mod: HP is shown in percentages\n|\n|t:|1658854901\n|start\n|switch|p1a: Arcanine|Arcanine, L82, M|282\/282\n|switch|p2a: Hariyama|Hariyama, L82, F|370\/370\n|-ability|p1a: Arcanine|Intimidate|boost\n|-unboost|p2a: Hariyama|atk|1\n|turn|1\n|inactive|HikozaruGG also wants the timer to be on.\n|c|\u2606HikozaruGG|hf\n|inactive|HikozaruGG has 120 seconds left.\n|inactive|HikozaruGG has 90 seconds left.\n|\n|t:|1658854964\n|move|p1a: Arcanine|Fire Blast|p2a: Hariyama\n|-damage|p2a: Hariyama|216\/370\n|move|p2a: Hariyama|Cross Chop|p1a: Arcanine\n|-damage|p1a: Arcanine|193\/282\n|\n|-heal|p1a: Arcanine|210\/282|[from] item: Leftovers\n|-heal|p2a: Hariyama|239\/370|[from] item: Leftovers\n|upkeep\n|turn|2\n|\n|t:|1658854993\n|switch|p1a: Swalot|Swalot, L88, M|319\/319\n|switch|p2a: Swampert|Swampert, L80, M|291\/291\n|\n|upkeep\n|turn|3\n|inactive|Legamindelaroute32 has 120 seconds left.\n|inactive|HikozaruGG has 120 seconds left.\n|\n|t:|1658855022\n|move|p1a: Swalot|Yawn|p2a: Swampert\n|-start|p2a: Swampert|move: Yawn|[of] p1a: Swalot\n|move|p2a: Swampert|Earthquake|p1a: Swalot\n|-supereffective|p1a: Swalot\n|-crit|p1a: Swalot\n|-damage|p1a: Swalot|0 fnt\n|faint|p1a: Swalot\n|inactive|Legamindelaroute32 has 120 seconds left.\n|\n|t:|1658855034\n|switch|p1a: Charizard|Charizard, L80, M|252\/252\n|\n|upkeep\n|turn|4\n|\n|t:|1658855047\n|switch|p2a: Huntail|Huntail, L88, F|240\/240\n|move|p1a: Charizard|Substitute|p1a: Charizard\n|-start|p1a: Charizard|Substitute\n|-damage|p1a: Charizard|189\/252\n|\n|upkeep\n|turn|5\n|inactive|HikozaruGG has 120 seconds left.\n|\n|t:|1658855071\n|move|p1a: Charizard|Belly Drum|p1a: Charizard\n|-damage|p1a: Charizard|63\/252\n|-setboost|p1a: Charizard|atk|6|[from] move: Belly Drum\n|move|p2a: Huntail|Hydro Pump|p1a: Charizard\n|-supereffective|p1a: Charizard\n|-end|p1a: Charizard|Substitute\n|\n|-enditem|p1a: Charizard|Salac Berry|[eat]\n|-boost|p1a: Charizard|spe|1|[from] item: Salac Berry\n|upkeep\n|turn|6\n|\n|t:|1658855081\n|move|p1a: Charizard|Hidden Power|p2a: Huntail\n|-crit|p2a: Huntail\n|-damage|p2a: Huntail|0 fnt\n|faint|p2a: Huntail\n|j| Spoire 45\n|j| tf \u203d.\u203d\n|inactive|HikozaruGG has 120 seconds left.\n|inactive|HikozaruGG has 90 seconds left.\n|\n|t:|1658855133\n|switch|p2a: Swampert|Swampert, L80, M|291\/291\n|\n|upkeep\n|turn|7\n|\n|t:|1658855144\n|move|p1a: Charizard|Hidden Power|p2a: Swampert\n|-damage|p2a: Swampert|38\/291\n|move|p2a: Swampert|Surf|p1a: Charizard\n|-supereffective|p1a: Charizard\n|-damage|p1a: Charizard|0 fnt\n|faint|p1a: Charizard\n|\n|t:|1658855160\n|switch|p1a: Arcanine|Arcanine, L82, M|210\/282\n|-ability|p1a: Arcanine|Intimidate|boost\n|-unboost|p2a: Swampert|atk|1\n|\n|-heal|p1a: Arcanine|227\/282|[from] item: Leftovers\n|-heal|p2a: Swampert|56\/291|[from] item: Leftovers\n|upkeep\n|turn|8\n|inactive|HikozaruGG has 90 seconds left.\n|\n|t:|1658855199\n|switch|p2a: Ariados|Ariados, L88, F|266\/266\n|move|p1a: Arcanine|Hidden Power|p2a: Ariados\n|-resisted|p2a: Ariados\n|-damage|p2a: Ariados|251\/266\n|\n|-heal|p1a: Arcanine|244\/282|[from] item: Leftovers\n|-heal|p2a: Ariados|266\/266|[from] item: Leftovers\n|upkeep\n|turn|9\n|l| Spoire 45\n|\n|t:|1658855218\n|move|p1a: Arcanine|Fire Blast|p2a: Ariados\n|-supereffective|p2a: Ariados\n|-damage|p2a: Ariados|0 fnt\n|faint|p2a: Ariados\n|\n|t:|1658855225\n|switch|p2a: Gardevoir|Gardevoir, L82, F|246\/246\n|-ability|p2a: Gardevoir|Intimidate|[from] ability: Trace|[of] p1a: Arcanine\n|\n|-heal|p1a: Arcanine|261\/282|[from] item: Leftovers\n|upkeep\n|turn|10\n|inactive|HikozaruGG has 60 seconds left.\n|\n|t:|1658855240\n|move|p1a: Arcanine|Fire Blast|p2a: Gardevoir\n|-damage|p2a: Gardevoir|145\/246\n|move|p2a: Gardevoir|Hypnosis|p1a: Arcanine\n|-status|p1a: Arcanine|slp|[from] move: Hypnosis\n|\n|-heal|p1a: Arcanine|278\/282 slp|[from] item: Leftovers\n|-heal|p2a: Gardevoir|160\/246|[from] item: Leftovers\n|upkeep\n|turn|11\n|\n|t:|1658855259\n|cant|p1a: Arcanine|slp\n|move|p1a: Arcanine|Sleep Talk|p1a: Arcanine\n|move|p1a: Arcanine|Rest|p1a: Arcanine|[from]Sleep Talk\n|move|p2a: Gardevoir|Calm Mind|p2a: Gardevoir\n|-boost|p2a: Gardevoir|spa|1\n|-boost|p2a: Gardevoir|spd|1\n|\n|-heal|p1a: Arcanine|282\/282 slp|[from] item: Leftovers\n|-heal|p2a: Gardevoir|175\/246|[from] item: Leftovers\n|upkeep\n|turn|12\n|\n|t:|1658855273\n|switch|p1a: Corsola|Corsola, L88, F|240\/240\n|move|p2a: Gardevoir|Psychic|p1a: Corsola\n|-damage|p1a: Corsola|79\/240\n|\n|-heal|p2a: Gardevoir|190\/246|[from] item: Leftovers\n|-heal|p1a: Corsola|94\/240|[from] item: Leftovers\n|upkeep\n|turn|13\n|\n|t:|1658855281\n|move|p2a: Gardevoir|Psychic|p1a: Corsola\n|-damage|p1a: Corsola|0 fnt\n|faint|p1a: Corsola\n|\n|t:|1658855288\n|switch|p1a: Grumpig|Grumpig, L84, M|272\/272\n|\n|-heal|p2a: Gardevoir|205\/246|[from] item: Leftovers\n|upkeep\n|turn|14\n|inactive|HikozaruGG has 60 seconds left.\n|\n|t:|1658855333\n|move|p1a: Grumpig|Taunt|p2a: Gardevoir\n|-start|p2a: Gardevoir|move: Taunt\n|move|p2a: Gardevoir|Psychic|p1a: Grumpig\n|-resisted|p1a: Grumpig\n|-damage|p1a: Grumpig|205\/272\n|\n|-heal|p1a: Grumpig|222\/272|[from] item: Leftovers\n|-heal|p2a: Gardevoir|220\/246|[from] item: Leftovers\n|upkeep\n|turn|15\n|\n|t:|1658855345\n|move|p1a: Grumpig|Fire Punch|p2a: Gardevoir\n|-damage|p2a: Gardevoir|192\/246\n|move|p2a: Gardevoir|Psychic|p1a: Grumpig\n|-resisted|p1a: Grumpig\n|-damage|p1a: Grumpig|154\/272\n|-unboost|p1a: Grumpig|spd|1\n|\n|-heal|p1a: Grumpig|171\/272|[from] item: Leftovers\n|-heal|p2a: Gardevoir|207\/246|[from] item: Leftovers\n|-end|p2a: Gardevoir|move: Taunt|[silent]\n|upkeep\n|turn|16\n|\n|t:|1658855363\n|move|p1a: Grumpig|Psychic|p2a: Gardevoir\n|-resisted|p2a: Gardevoir\n|-damage|p2a: Gardevoir|182\/246\n|move|p2a: Gardevoir|Calm Mind|p2a: Gardevoir\n|-boost|p2a: Gardevoir|spa|1\n|-boost|p2a: Gardevoir|spd|1\n|\n|-heal|p1a: Grumpig|188\/272|[from] item: Leftovers\n|-heal|p2a: Gardevoir|197\/246|[from] item: Leftovers\n|upkeep\n|turn|17\n|\n|t:|1658855372\n|move|p1a: Grumpig|Taunt|p2a: Gardevoir\n|-start|p2a: Gardevoir|move: Taunt\n|move|p2a: Gardevoir|Psychic|p1a: Grumpig\n|-resisted|p1a: Grumpig\n|-damage|p1a: Grumpig|59\/272\n|\n|-heal|p1a: Grumpig|76\/272|[from] item: Leftovers\n|-heal|p2a: Gardevoir|212\/246|[from] item: Leftovers\n|upkeep\n|turn|18\n|\n|t:|1658855378\n|move|p1a: Grumpig|Psychic|p2a: Gardevoir\n|-resisted|p2a: Gardevoir\n|-damage|p2a: Gardevoir|194\/246\n|move|p2a: Gardevoir|Psychic|p1a: Grumpig\n|-resisted|p1a: Grumpig\n|-damage|p1a: Grumpig|0 fnt\n|faint|p1a: Grumpig\n|\n|t:|1658855387\n|switch|p1a: Blastoise|Blastoise, L84, F|270\/270\n|\n|-heal|p2a: Gardevoir|209\/246|[from] item: Leftovers\n|-end|p2a: Gardevoir|move: Taunt|[silent]\n|upkeep\n|turn|19\n|inactive|HikozaruGG has 90 seconds left.\n|inactive|HikozaruGG has 60 seconds left.\n|\n|t:|1658855429\n|move|p2a: Gardevoir|Calm Mind|p2a: Gardevoir\n|-boost|p2a: Gardevoir|spa|1\n|-boost|p2a: Gardevoir|spd|1\n|move|p1a: Blastoise|Roar|p2a: Gardevoir\n|drag|p2a: Celebi|Celebi, L80|291\/291\n|\n|upkeep\n|turn|20\n|inactive|HikozaruGG has 60 seconds left.\n|\n|t:|1658855441\n|switch|p1a: Arcanine|Arcanine, L82, M|282\/282 slp\n|-ability|p1a: Arcanine|Intimidate|boost\n|-unboost|p2a: Celebi|atk|1\n|move|p2a: Celebi|Psychic|p1a: Arcanine\n|-damage|p1a: Arcanine|179\/282 slp\n|\n|-heal|p1a: Arcanine|196\/282 slp|[from] item: Leftovers\n|upkeep\n|turn|21\n|inactive|HikozaruGG has 60 seconds left.\n|\n|t:|1658855452\n|switch|p2a: Swampert|Swampert, L80, M|56\/291\n|cant|p1a: Arcanine|slp\n|move|p1a: Arcanine|Sleep Talk|p1a: Arcanine\n|move|p1a: Arcanine|Hidden Power|p2a: Swampert|[from]Sleep Talk\n|-supereffective|p2a: Swampert\n|-damage|p2a: Swampert|0 fnt\n|faint|p2a: Swampert\n|\n|t:|1658855457\n|switch|p2a: Gardevoir|Gardevoir, L82, F|209\/246\n|-ability|p2a: Gardevoir|Intimidate|[from] ability: Trace|[of] p1a: Arcanine\n|\n|-heal|p1a: Arcanine|213\/282 slp|[from] item: Leftovers\n|-heal|p2a: Gardevoir|224\/246|[from] item: Leftovers\n|upkeep\n|turn|22\n|inactive|HikozaruGG has 60 seconds left.\n|\n|t:|1658855482\n|-curestatus|p1a: Arcanine|slp|[msg]\n|move|p1a: Arcanine|Fire Blast|p2a: Gardevoir\n|-damage|p2a: Gardevoir|123\/246\n|move|p2a: Gardevoir|Calm Mind|p2a: Gardevoir\n|-boost|p2a: Gardevoir|spa|1\n|-boost|p2a: Gardevoir|spd|1\n|\n|-heal|p1a: Arcanine|230\/282|[from] item: Leftovers\n|-heal|p2a: Gardevoir|138\/246|[from] item: Leftovers\n|upkeep\n|turn|23\n|\n|t:|1658855490\n|switch|p1a: Blastoise|Blastoise, L84, F|270\/270\n|move|p2a: Gardevoir|Psychic|p1a: Blastoise\n|-damage|p1a: Blastoise|136\/270\n|\n|-heal|p1a: Blastoise|152\/270|[from] item: Leftovers\n|-heal|p2a: Gardevoir|153\/246|[from] item: Leftovers\n|upkeep\n|turn|24\n|inactive|HikozaruGG has 60 seconds left.\n|\n|t:|1658855501\n|move|p1a: Blastoise|Toxic|p2a: Gardevoir\n|-status|p2a: Gardevoir|tox\n|move|p2a: Gardevoir|Psychic|p1a: Blastoise\n|-damage|p1a: Blastoise|14\/270\n|\n|-heal|p1a: Blastoise|30\/270|[from] item: Leftovers\n|-heal|p2a: Gardevoir|168\/246 tox|[from] item: Leftovers\n|-damage|p2a: Gardevoir|153\/246 tox|[from] psn\n|upkeep\n|turn|25\n|\n|t:|1658855512\n|move|p1a: Blastoise|Surf|p2a: Gardevoir\n|-damage|p2a: Gardevoir|74\/246 tox\n|move|p2a: Gardevoir|Psychic|p1a: Blastoise\n|-damage|p1a: Blastoise|0 fnt\n|faint|p1a: Blastoise\n|\n|t:|1658855517\n|switch|p1a: Arcanine|Arcanine, L82, M|230\/282\n|-ability|p1a: Arcanine|Intimidate|boost\n|-unboost|p2a: Gardevoir|atk|1\n|\n|-heal|p1a: Arcanine|247\/282|[from] item: Leftovers\n|-heal|p2a: Gardevoir|89\/246 tox|[from] item: Leftovers\n|-damage|p2a: Gardevoir|59\/246 tox|[from] psn\n|upkeep\n|turn|26\n|\n|t:|1658855530\n|move|p1a: Arcanine|Hidden Power|p2a: Gardevoir\n|-damage|p2a: Gardevoir|34\/246 tox\n|move|p2a: Gardevoir|Psychic|p1a: Arcanine\n|-damage|p1a: Arcanine|69\/282\n|\n|-heal|p1a: Arcanine|86\/282|[from] item: Leftovers\n|-heal|p2a: Gardevoir|49\/246 tox|[from] item: Leftovers\n|-damage|p2a: Gardevoir|4\/246 tox|[from] psn\n|upkeep\n|turn|27\n|\n|t:|1658855539\n|move|p1a: Arcanine|Rest|p1a: Arcanine\n|-status|p1a: Arcanine|slp|[from] move: Rest\n|-heal|p1a: Arcanine|282\/282 slp|[silent]\n|move|p2a: Gardevoir|Psychic|p1a: Arcanine\n|-damage|p1a: Arcanine|116\/282 slp\n|\n|-heal|p1a: Arcanine|133\/282 slp|[from] item: Leftovers\n|-heal|p2a: Gardevoir|19\/246 tox|[from] item: Leftovers\n|-damage|p2a: Gardevoir|0 fnt|[from] psn\n|faint|p2a: Gardevoir\n|upkeep\n|inactive|HikozaruGG has 60 seconds left.\n|\n|t:|1658855563\n|switch|p2a: Hariyama|Hariyama, L82, F|239\/370\n|turn|28\n|\n|t:|1658855571\n|cant|p1a: Arcanine|slp\n|move|p1a: Arcanine|Sleep Talk|p1a: Arcanine\n|move|p1a: Arcanine|Rest|p1a: Arcanine|[from]Sleep Talk\n|move|p2a: Hariyama|Cross Chop|p1a: Arcanine\n|-damage|p1a: Arcanine|0 fnt\n|faint|p1a: Arcanine\n|\n|win|HikozaruGG\n|n|\u2606Legamindelaroute32|legamindelaroute32\n|n|\u2606HikozaruGG|hikozarugg\n|n| tf \u203d.\u203d|tf\n","inputlog":">version 5a9ef5dc9208410b934adb0b4e78af6680be8bba\n>start {\"formatid\":\"gen3randombattle\",\"seed\":[65516,43393,10899,54901],\"rated\":\"Tournament battle\"}\n>player p1 {\"name\":\"Legamindelaroute32\",\"avatar\":\"youngster-gen4dp\",\"rating\":0,\"seed\":[29691,20595,64709,33879]}\n>player p2 {\"name\":\"HikozaruGG\",\"avatar\":\"yellow\",\"rating\":0,\"seed\":[61291,8665,44185,50357]}\n>chat \u2606HikozaruGG|hf\n>p1 move fireblast\n>p2 move crosschop\n>p1 switch 6\n>p2 switch 2\n>p1 move yawn\n>p2 move earthquake\n>p1 switch 5\n>p1 move substitute\n>p2 switch 6\n>p1 move bellydrum\n>p2 move hydropump\n>p1 move hiddenpower\n>p2 move hydropump\n>p2 switch 6\n>p1 move hiddenpower\n>p2 move surf\n>p1 switch 6\n>p1 move hiddenpower\n>p2 switch 5\n>p1 move fireblast\n>p2 move toxic\n>p2 switch 3\n>p1 move fireblast\n>p2 move hypnosis\n>p1 move sleeptalk\n>p2 move calmmind\n>p1 switch 4\n>p2 move psychic\n>p1 move confuseray\n>p2 move psychic\n>p1 switch 3\n>p1 move taunt\n>p2 move psychic\n>p1 move firepunch\n>p2 move psychic\n>p1 move psychic\n>p2 move calmmind\n>p1 move taunt\n>p2 move psychic\n>p1 move psychic\n>p2 move psychic\n>p1 switch 2\n>p1 move roar\n>p2 move calmmind\n>p1 switch 4\n>p2 move psychic\n>p1 move sleeptalk\n>p2 switch 5\n>p2 switch 4\n>p1 move fireblast\n>p2 move calmmind\n>p1 switch 4\n>p2 move psychic\n>p1 move toxic\n>p2 move psychic\n>p1 move surf\n>p2 move psychic\n>p1 switch 4\n>p1 move hiddenpower\n>p2 move psychic\n>p1 move rest\n>p2 move psychic\n>p2 switch 2\n>p1 move sleeptalk\n>p2 move crosschop","uploadtime":1658855572,"views":5,"p1id":"legamindelaroute32","p2id":"hikozarugg","formatid":"gen3randombattle","rating":0,"private":0,"password":null}