{"id":"gen3ou-1540812258","p1":"Cry4MeXD","p2":"Sp0oNl0rD","format":"gen3ou","log":"|j|\u2606Cry4MeXD\n|j|\u2606Sp0oNl0rD\n|inactive|Battle timer is ON: inactive players will automatically lose when time's up.\n|t:|1648497220\n|gametype|singles\n|player|p1|Cry4MeXD|102|\n|player|p2|Sp0oNl0rD|teamrocket|\n|teamsize|p1|6\n|teamsize|p2|6\n|gen|3\n|tier|[Gen 3] OU\n|rated|Tournament battle\n|rule|Sleep Clause Mod: Limit one foe put to sleep\n|rule|Switch Priority Clause Mod: Faster Pok\u00e9mon switch first\n|rule|Species Clause: Limit one of each Pok\u00e9mon\n|rule|OHKO Clause: OHKO moves are banned\n|rule|Evasion Moves Clause: Evasion moves are banned\n|rule|Endless Battle Clause: Forcing endless battles is banned\n|rule|HP Percentage Mod: HP is shown in percentages\n|rule|One Boost Passer Clause: Limit one Baton Passer that has a way to boost its stats\n|\n|t:|1648497220\n|start\n|switch|p1a: Heracross|Heracross, F|100\/100\n|switch|p2a: Tyranitar|Tyranitar, M|100\/100\n|-weather|Sandstorm|[from] ability: Sand Stream|[of] p2a: Tyranitar\n|turn|1\n|j| pikablu007\n|l| pikablu007\n|j| A.V.Testing\n|c|\u2606Sp0oNl0rD|hf\n|c|\u2606Cry4MeXD|gl\n|\n|t:|1648497233\n|switch|p2a: Gengar|Gengar, F|100\/100\n|move|p1a: Heracross|Hidden Power|p2a: Gengar\n|-supereffective|p2a: Gengar\n|-damage|p2a: Gengar|0 fnt\n|faint|p2a: Gengar\n|\n|t:|1648497237\n|switch|p2a: Dugtrio|Dugtrio, M|100\/100\n|\n|-weather|Sandstorm|[upkeep]\n|-damage|p1a: Heracross|95\/100|[from] Sandstorm\n|upkeep\n|turn|2\n|\n|t:|1648497239\n|move|p2a: Dugtrio|Aerial Ace|p1a: Heracross\n|-supereffective|p1a: Heracross\n|-damage|p1a: Heracross|0 fnt\n|faint|p1a: Heracross\n|inactive|Cry4MeXD has 120 seconds left.\n|\n|t:|1648497272\n|switch|p1a: Salamence|Salamence, F|100\/100\n|-ability|p1a: Salamence|Intimidate|boost\n|-unboost|p2a: Dugtrio|atk|1\n|\n|-weather|Sandstorm|[upkeep]\n|-damage|p1a: Salamence|94\/100|[from] Sandstorm\n|-heal|p1a: Salamence|100\/100|[from] item: Leftovers\n|upkeep\n|turn|3\n|inactive|Cry4MeXD has 120 seconds left.\n|\n|t:|1648497289\n|switch|p2a: Tyranitar|Tyranitar, M|100\/100\n|switch|p1a: Suicune|Suicune|100\/100\n|\n|-weather|Sandstorm|[upkeep]\n|-damage|p1a: Suicune|94\/100|[from] Sandstorm\n|-heal|p1a: Suicune|100\/100|[from] item: Leftovers\n|upkeep\n|turn|4\n|inactive|Cry4MeXD has 120 seconds left.\n|\n|t:|1648497296\n|switch|p2a: Blissey|Blissey, F|100\/100\n|move|p1a: Suicune|Calm Mind|p1a: Suicune\n|-boost|p1a: Suicune|spa|1\n|-boost|p1a: Suicune|spd|1\n|\n|-weather|Sandstorm|[upkeep]\n|-damage|p1a: Suicune|94\/100|[from] Sandstorm\n|-damage|p2a: Blissey|94\/100|[from] Sandstorm\n|-heal|p1a: Suicune|100\/100|[from] item: Leftovers\n|-heal|p2a: Blissey|100\/100|[from] item: Leftovers\n|upkeep\n|turn|5\n|\n|t:|1648497298\n|move|p1a: Suicune|Calm Mind|p1a: Suicune\n|-boost|p1a: Suicune|spa|1\n|-boost|p1a: Suicune|spd|1\n|move|p2a: Blissey|Seismic Toss|p1a: Suicune\n|-damage|p1a: Suicune|76\/100\n|\n|-weather|Sandstorm|[upkeep]\n|-damage|p1a: Suicune|70\/100|[from] Sandstorm\n|-damage|p2a: Blissey|94\/100|[from] Sandstorm\n|-heal|p1a: Suicune|76\/100|[from] item: Leftovers\n|-heal|p2a: Blissey|100\/100|[from] item: Leftovers\n|upkeep\n|turn|6\n|\n|t:|1648497302\n|move|p1a: Suicune|Calm Mind|p1a: Suicune\n|-boost|p1a: Suicune|spa|1\n|-boost|p1a: Suicune|spd|1\n|move|p2a: Blissey|Thunder Wave|p1a: Suicune\n|-status|p1a: Suicune|par\n|\n|-weather|Sandstorm|[upkeep]\n|-damage|p2a: Blissey|94\/100|[from] Sandstorm\n|-damage|p1a: Suicune|70\/100 par|[from] Sandstorm\n|-heal|p2a: Blissey|100\/100|[from] item: Leftovers\n|-heal|p1a: Suicune|76\/100 par|[from] item: Leftovers\n|upkeep\n|turn|7\n|\n|t:|1648497307\n|move|p2a: Blissey|Seismic Toss|p1a: Suicune\n|-damage|p1a: Suicune|51\/100 par\n|move|p1a: Suicune|Rest|p1a: Suicune\n|-status|p1a: Suicune|slp|[from] move: Rest\n|-heal|p1a: Suicune|100\/100 slp|[silent]\n|\n|-weather|Sandstorm|[upkeep]\n|-damage|p1a: Suicune|94\/100 slp|[from] Sandstorm\n|-damage|p2a: Blissey|94\/100|[from] Sandstorm\n|-heal|p1a: Suicune|100\/100 slp|[from] item: Leftovers\n|-heal|p2a: Blissey|100\/100|[from] item: Leftovers\n|upkeep\n|turn|8\n|\n|t:|1648497310\n|switch|p2a: Tyranitar|Tyranitar, M|100\/100\n|cant|p1a: Suicune|slp\n|move|p1a: Suicune|Sleep Talk|p1a: Suicune\n|move|p1a: Suicune|Surf|p2a: Tyranitar|[from]Sleep Talk\n|-supereffective|p2a: Tyranitar\n|-damage|p2a: Tyranitar|0 fnt\n|faint|p2a: Tyranitar\n|\n|t:|1648497311\n|switch|p2a: Dugtrio|Dugtrio, M|100\/100\n|\n|-weather|Sandstorm|[upkeep]\n|-damage|p1a: Suicune|94\/100 slp|[from] Sandstorm\n|-heal|p1a: Suicune|100\/100 slp|[from] item: Leftovers\n|upkeep\n|turn|9\n|\n|t:|1648497313\n|move|p2a: Dugtrio|Earthquake|p1a: Suicune\n|-damage|p1a: Suicune|66\/100 slp\n|cant|p1a: Suicune|slp\n|move|p1a: Suicune|Sleep Talk|p1a: Suicune\n|move|p1a: Suicune|Rest|p1a: Suicune|[from]Sleep Talk\n|\n|-weather|Sandstorm|[upkeep]\n|-damage|p1a: Suicune|60\/100 slp|[from] Sandstorm\n|-heal|p1a: Suicune|66\/100 slp|[from] item: Leftovers\n|upkeep\n|turn|10\n|\n|t:|1648497315\n|move|p2a: Dugtrio|Earthquake|p1a: Suicune\n|-damage|p1a: Suicune|31\/100 slp\n|-curestatus|p1a: Suicune|slp|[msg]\n|move|p1a: Suicune|Surf|p2a: Dugtrio\n|-supereffective|p2a: Dugtrio\n|-crit|p2a: Dugtrio\n|-damage|p2a: Dugtrio|0 fnt\n|faint|p2a: Dugtrio\n|\n|t:|1648497318\n|switch|p2a: Blissey|Blissey, F|100\/100\n|\n|-weather|Sandstorm|[upkeep]\n|-damage|p1a: Suicune|25\/100|[from] Sandstorm\n|-damage|p2a: Blissey|94\/100|[from] Sandstorm\n|-heal|p1a: Suicune|31\/100|[from] item: Leftovers\n|-heal|p2a: Blissey|100\/100|[from] item: Leftovers\n|upkeep\n|turn|11\n|\n|t:|1648497321\n|move|p1a: Suicune|Rest|p1a: Suicune\n|-status|p1a: Suicune|slp|[from] move: Rest\n|-heal|p1a: Suicune|100\/100 slp|[silent]\n|move|p2a: Blissey|Seismic Toss|p1a: Suicune\n|-damage|p1a: Suicune|76\/100 slp\n|\n|-weather|Sandstorm|[upkeep]\n|-damage|p1a: Suicune|70\/100 slp|[from] Sandstorm\n|-damage|p2a: Blissey|94\/100|[from] Sandstorm\n|-heal|p1a: Suicune|76\/100 slp|[from] item: Leftovers\n|-heal|p2a: Blissey|100\/100|[from] item: Leftovers\n|upkeep\n|turn|12\n|\n|t:|1648497324\n|cant|p1a: Suicune|slp\n|move|p1a: Suicune|Sleep Talk|p1a: Suicune\n|move|p1a: Suicune|Surf|p2a: Blissey|[from]Sleep Talk\n|-damage|p2a: Blissey|75\/100\n|move|p2a: Blissey|Seismic Toss|p1a: Suicune\n|-damage|p1a: Suicune|51\/100 slp\n|\n|-weather|Sandstorm|[upkeep]\n|-damage|p1a: Suicune|45\/100 slp|[from] Sandstorm\n|-damage|p2a: Blissey|68\/100|[from] Sandstorm\n|-heal|p1a: Suicune|51\/100 slp|[from] item: Leftovers\n|-heal|p2a: Blissey|75\/100|[from] item: Leftovers\n|upkeep\n|turn|13\n|c|\u2606Sp0oNl0rD|I needed gar for cune\n|c|\u2606Sp0oNl0rD|gg\n|-message|Sp0oNl0rD forfeited.\n|\n|win|Cry4MeXD\n|n|\u2606Cry4MeXD|cry4mexd\n|n|\u2606Sp0oNl0rD|sp0onl0rd\n|n| A.V.Testing|avtesting\n","uploadtime":1648497342,"views":10,"p1id":"cry4mexd","p2id":"sp0onl0rd","formatid":"gen3ou","rating":0,"private":0,"password":null}