{"id":"gen3ou-1129172770","p1":"Tarlor Swift","p2":"winter lanterns","format":"gen3ou","log":"|j|\u2606Tarlor Swift\n|j|\u2606winter lanterns\n|player|p1|Tarlor Swift|guitarist-gen4|1568\n|player|p2|winter lanterns|burglar|1377\n|teamsize|p1|6\n|teamsize|p2|6\n|gametype|singles\n|gen|3\n|tier|[Gen 3] OU\n|rated|\n|rule|Sleep Clause Mod: Limit one foe put to sleep\n|rule|Switch Priority Clause Mod: Faster Pok\u00e9mon switch first\n|rule|Species Clause: Limit one of each Pok\u00e9mon\n|rule|OHKO Clause: OHKO moves are banned\n|rule|Moody Clause: Moody is banned\n|rule|Evasion Moves Clause: Evasion moves are banned\n|rule|Endless Battle Clause: Forcing endless battles is banned\n|rule|HP Percentage Mod: HP is shown in percentages\n|rule|3 Baton Pass Clause: Limit three Baton Passers\n|\n|start\n|switch|p1a: Jynx|Jynx, F|100\/100\n|switch|p2a: Zapdos|Zapdos|100\/100\n|turn|1\n|j| hshdhsh\n|\n|move|p1a: Jynx|Lovely Kiss|p2a: Zapdos\n|-status|p2a: Zapdos|slp|[from] move: Lovely Kiss\n|cant|p2a: Zapdos|slp\n|\n|upkeep\n|turn|2\n|\n|switch|p1a: Skarmory|Skarmory, M|100\/100\n|switch|p2a: Skarmory|Skarmory, M|100\/100\n|\n|upkeep\n|turn|3\n|\n|move|p2a: Skarmory|Spikes|p1a: Skarmory\n|-sidestart|p1: Tarlor Swift|Spikes\n|move|p1a: Skarmory|Taunt|p2a: Skarmory\n|-start|p2a: Skarmory|move: Taunt\n|\n|upkeep\n|turn|4\n|\n|switch|p2a: Gengar|Gengar, F|100\/100\n|move|p1a: Skarmory|Spikes|p2a: Gengar\n|-sidestart|p2: winter lanterns|Spikes\n|\n|upkeep\n|turn|5\n|j| alucs\n|l| alucs\n|\n|move|p2a: Gengar|Thunderbolt|p1a: Skarmory\n|-supereffective|p1a: Skarmory\n|-damage|p1a: Skarmory|33\/100\n|move|p1a: Skarmory|Roar|p2a: Gengar\n|drag|p2a: Zapdos|Zapdos|100\/100 slp\n|\n|-heal|p1a: Skarmory|39\/100|[from] item: Leftovers\n|upkeep\n|turn|6\n|\n|switch|p2a: Gengar|Gengar, F|100\/100\n|switch|p1a: Jynx|Jynx, F|100\/100\n|-damage|p1a: Jynx|88\/100|[from] Spikes\n|\n|-heal|p1a: Jynx|94\/100|[from] item: Leftovers\n|upkeep\n|turn|7\n|\n|move|p2a: Gengar|Fire Punch|p1a: Jynx\n|-supereffective|p1a: Jynx\n|-damage|p1a: Jynx|27\/100\n|move|p1a: Jynx|Ice Beam|p2a: Gengar\n|-damage|p2a: Gengar|24\/100\n|\n|-heal|p2a: Gengar|30\/100|[from] item: Leftovers\n|-heal|p1a: Jynx|33\/100|[from] item: Leftovers\n|upkeep\n|turn|8\n|\n|switch|p1a: Tyranitar|Tyranitar, M|100\/100\n|-damage|p1a: Tyranitar|88\/100|[from] Spikes\n|-weather|Sandstorm|[from] ability: Sand Stream|[of] p1a: Tyranitar\n|move|p2a: Gengar|Fire Punch|p1a: Tyranitar\n|-resisted|p1a: Tyranitar\n|-damage|p1a: Tyranitar|78\/100\n|\n|-weather|Sandstorm|[upkeep]\n|-damage|p2a: Gengar|24\/100|[from] Sandstorm\n|-heal|p2a: Gengar|30\/100|[from] item: Leftovers\n|-heal|p1a: Tyranitar|84\/100|[from] item: Leftovers\n|upkeep\n|turn|9\n|\n|move|p2a: Gengar|Hidden Power|p1a: Tyranitar\n|-supereffective|p1a: Tyranitar\n|-damage|p1a: Tyranitar|50\/100\n|move|p1a: Tyranitar|Rock Slide|p2a: Gengar\n|-damage|p2a: Gengar|0 fnt\n|faint|p2a: Gengar\n|\n|switch|p2a: Dugtrio|Dugtrio, M|100\/100\n|-damage|p2a: Dugtrio|88\/100|[from] Spikes\n|\n|-weather|Sandstorm|[upkeep]\n|-heal|p1a: Tyranitar|56\/100|[from] item: Leftovers\n|upkeep\n|turn|10\n|\n|move|p2a: Dugtrio|Earthquake|p1a: Tyranitar\n|-supereffective|p1a: Tyranitar\n|-damage|p1a: Tyranitar|0 fnt\n|faint|p1a: Tyranitar\n|\n|switch|p1a: Skarmory|Skarmory, M|39\/100\n|\n|-weather|Sandstorm|[upkeep]\n|-heal|p1a: Skarmory|45\/100|[from] item: Leftovers\n|upkeep\n|turn|11\n|\n|switch|p2a: Zapdos|Zapdos|100\/100 slp\n|move|p1a: Skarmory|Spikes|p2a: Zapdos\n|-sidestart|p2: winter lanterns|Spikes\n|\n|-weather|Sandstorm|[upkeep]\n|-damage|p2a: Zapdos|94\/100 slp|[from] Sandstorm\n|-heal|p2a: Zapdos|100\/100 slp|[from] item: Leftovers\n|-heal|p1a: Skarmory|51\/100|[from] item: Leftovers\n|upkeep\n|turn|12\n|\n|-curestatus|p2a: Zapdos|slp|[msg]\n|move|p2a: Zapdos|Thunderbolt|p1a: Skarmory\n|-supereffective|p1a: Skarmory\n|-damage|p1a: Skarmory|0 fnt\n|faint|p1a: Skarmory\n|\n|switch|p1a: Jynx|Jynx, F|33\/100\n|-damage|p1a: Jynx|20\/100|[from] Spikes\n|\n|-weather|Sandstorm|[upkeep]\n|-damage|p1a: Jynx|14\/100|[from] Sandstorm\n|-damage|p2a: Zapdos|94\/100|[from] Sandstorm\n|-heal|p1a: Jynx|20\/100|[from] item: Leftovers\n|-heal|p2a: Zapdos|100\/100|[from] item: Leftovers\n|upkeep\n|turn|13\n|\n|move|p1a: Jynx|Ice Beam|p2a: Zapdos\n|-supereffective|p2a: Zapdos\n|-damage|p2a: Zapdos|5\/100\n|move|p2a: Zapdos|Thunderbolt|p1a: Jynx\n|-damage|p1a: Jynx|0 fnt\n|faint|p1a: Jynx\n|\n|switch|p1a: Gengar|Gengar, F, shiny|100\/100\n|\n|-weather|Sandstorm|[upkeep]\n|-damage|p1a: Gengar|94\/100|[from] Sandstorm\n|-damage|p2a: Zapdos|0 fnt|[from] Sandstorm\n|faint|p2a: Zapdos\n|-heal|p1a: Gengar|100\/100|[from] item: Leftovers\n|upkeep\n|\n|switch|p2a: Aerodactyl|Aerodactyl, M|100\/100\n|turn|14\n|\n|switch|p1a: Swampert|Swampert, M|100\/100\n|-damage|p1a: Swampert|88\/100|[from] Spikes\n|move|p2a: Aerodactyl|Rock Slide|p1a: Swampert\n|-resisted|p1a: Swampert\n|-damage|p1a: Swampert|66\/100\n|\n|-weather|Sandstorm|[upkeep]\n|-heal|p1a: Swampert|72\/100|[from] item: Leftovers\n|upkeep\n|turn|15\n|\n|switch|p2a: Skarmory|Skarmory, M|100\/100\n|move|p1a: Swampert|Hydro Pump|p2a: Skarmory\n|-damage|p2a: Skarmory|15\/100\n|\n|-weather|Sandstorm|[upkeep]\n|-heal|p2a: Skarmory|21\/100|[from] item: Leftovers\n|-heal|p1a: Swampert|78\/100|[from] item: Leftovers\n|upkeep\n|turn|16\n|\n|move|p2a: Skarmory|Spikes|p1a: Swampert\n|-sidestart|p1: Tarlor Swift|Spikes\n|move|p1a: Swampert|Ice Beam|p2a: Skarmory\n|-damage|p2a: Skarmory|0 fnt\n|faint|p2a: Skarmory\n|\n|switch|p2a: Dugtrio|Dugtrio, M|88\/100\n|-damage|p2a: Dugtrio|72\/100|[from] Spikes\n|\n|-weather|Sandstorm|[upkeep]\n|-heal|p1a: Swampert|84\/100|[from] item: Leftovers\n|upkeep\n|turn|17\n|\n|move|p2a: Dugtrio|Earthquake|p1a: Swampert\n|-damage|p1a: Swampert|32\/100\n|move|p1a: Swampert|Ice Beam|p2a: Dugtrio\n|-supereffective|p2a: Dugtrio\n|-damage|p2a: Dugtrio|0 fnt\n|faint|p2a: Dugtrio\n|\n|switch|p2a: Aerodactyl|Aerodactyl, M|100\/100\n|\n|-weather|Sandstorm|[upkeep]\n|-heal|p1a: Swampert|38\/100|[from] item: Leftovers\n|upkeep\n|turn|18\n|\n|switch|p1a: Dugtrio|Dugtrio, F|100\/100\n|-damage|p1a: Dugtrio|84\/100|[from] Spikes\n|move|p2a: Aerodactyl|Double-Edge|p1a: Dugtrio\n|-damage|p1a: Dugtrio|0 fnt\n|-damage|p2a: Aerodactyl|81\/100|[from] Recoil|[of] p1a: Dugtrio\n|faint|p1a: Dugtrio\n|\n|switch|p1a: Gengar|Gengar, F, shiny|100\/100\n|\n|-weather|Sandstorm|[upkeep]\n|-damage|p1a: Gengar|94\/100|[from] Sandstorm\n|-heal|p1a: Gengar|100\/100|[from] item: Leftovers\n|upkeep\n|turn|19\n|\n|switch|p2a: Flygon|Flygon, M|100\/100\n|move|p1a: Gengar|Hidden Power|p2a: Flygon\n|-damage|p2a: Flygon|60\/100\n|\n|-weather|Sandstorm|[upkeep]\n|-damage|p1a: Gengar|94\/100|[from] Sandstorm\n|-heal|p1a: Gengar|100\/100|[from] item: Leftovers\n|upkeep\n|turn|20\n|\n|switch|p2a: Aerodactyl|Aerodactyl, M|81\/100\n|move|p1a: Gengar|Ice Punch|p2a: Aerodactyl\n|-supereffective|p2a: Aerodactyl\n|-damage|p2a: Aerodactyl|11\/100\n|-status|p2a: Aerodactyl|frz\n|\n|-weather|Sandstorm|[upkeep]\n|-damage|p1a: Gengar|94\/100|[from] Sandstorm\n|-heal|p1a: Gengar|100\/100|[from] item: Leftovers\n|upkeep\n|turn|21\n|c|\u2606Tarlor Swift|why u got pressure aero lmao\n|\n|cant|p2a: Aerodactyl|frz\n|move|p1a: Gengar|Ice Punch|p2a: Aerodactyl\n|-supereffective|p2a: Aerodactyl\n|-damage|p2a: Aerodactyl|0 fnt\n|faint|p2a: Aerodactyl\n|c|\u2606Tarlor Swift|sry gg\n|c|\u2606winter lanterns|i just made this lol\n|c|\u2606winter lanterns|gg\n|-message|winter lanterns forfeited.\n|\n|win|Tarlor Swift\n|l|\u2606winter lanterns\n","uploadtime":1591638772,"views":7,"p1id":"tarlorswift","p2id":"winterlanterns","formatid":"gen3ou","rating":0,"private":0,"password":null}