{"id":"gen3ou-1475616924","p1":"RipReckful","p2":"Gifwater","format":"gen3ou","log":"|j|\u2606RipReckful\n|j|\u2606Gifwater\n|inactive|Battle timer is ON: inactive players will automatically lose when time's up.\n|t:|1639818427\n|gametype|singles\n|player|p1|RipReckful|furisodegirl-black|\n|player|p2|Gifwater|worker|\n|teamsize|p1|6\n|teamsize|p2|6\n|gen|3\n|tier|[Gen 3] OU\n|rated|Tournament battle\n|rule|Sleep Clause Mod: Limit one foe put to sleep\n|rule|Switch Priority Clause Mod: Faster Pok\u00e9mon switch first\n|rule|Species Clause: Limit one of each Pok\u00e9mon\n|rule|OHKO Clause: OHKO moves are banned\n|rule|Evasion Moves Clause: Evasion moves are banned\n|rule|Endless Battle Clause: Forcing endless battles is banned\n|rule|HP Percentage Mod: HP is shown in percentages\n|rule|3 Baton Pass Clause: Limit three Baton Passers\n|\n|t:|1639818427\n|start\n|switch|p1a: Zapdos|Zapdos|100\/100\n|switch|p2a: Metagross|Metagross|100\/100\n|turn|1\n|inactive|RipReckful also wants the timer to be on.\n|c|\u2606Gifwater|hf\n|j| kid who likes pkmn\n|c|\u2606RipReckful|u2\n|j| passthatj\n|j| ewfrhts\n|c| kid who likes pkmn|glhf to everyone\n|\n|t:|1639818441\n|switch|p1a: Swampert|Swampert, M|100\/100\n|move|p2a: Metagross|Meteor Mash|p1a: Swampert\n|-resisted|p1a: Swampert\n|-damage|p1a: Swampert|83\/100\n|\n|-heal|p1a: Swampert|89\/100|[from] item: Leftovers\n|upkeep\n|turn|2\n|\n|t:|1639818446\n|move|p2a: Metagross|Hidden Power|p1a: Swampert\n|-supereffective|p1a: Swampert\n|-damage|p1a: Swampert|38\/100\n|move|p1a: Swampert|Surf|p2a: Metagross\n|-damage|p2a: Metagross|69\/100\n|\n|-heal|p1a: Swampert|44\/100|[from] item: Leftovers\n|upkeep\n|turn|3\n|\n|t:|1639818449\n|move|p1a: Swampert|Protect|p1a: Swampert\n|-singleturn|p1a: Swampert|Protect\n|move|p2a: Metagross|Hidden Power|p1a: Swampert\n|-activate|p1a: Swampert|Protect\n|\n|-heal|p1a: Swampert|50\/100|[from] item: Leftovers\n|upkeep\n|turn|4\n|\n|t:|1639818454\n|switch|p1a: Skarmory|Skarmory, M|100\/100\n|move|p2a: Metagross|Hidden Power|p1a: Skarmory\n|-resisted|p1a: Skarmory\n|-damage|p1a: Skarmory|97\/100\n|\n|-heal|p1a: Skarmory|100\/100|[from] item: Leftovers\n|upkeep\n|turn|5\n|j|@azure nights\n|\n|t:|1639818464\n|switch|p2a: Cloyster|Cloyster, M|100\/100\n|switch|p1a: Swampert|Swampert, M|50\/100\n|\n|-heal|p1a: Swampert|57\/100|[from] item: Leftovers\n|upkeep\n|turn|6\n|\n|t:|1639818468\n|move|p2a: Cloyster|Hidden Power|p1a: Swampert\n|-supereffective|p1a: Swampert\n|-damage|p1a: Swampert|11\/100\n|move|p1a: Swampert|Toxic|p2a: Cloyster\n|-status|p2a: Cloyster|tox\n|\n|-damage|p2a: Cloyster|94\/100 tox|[from] psn\n|-heal|p1a: Swampert|17\/100|[from] item: Leftovers\n|upkeep\n|turn|7\n|\n|t:|1639818471\n|move|p1a: Swampert|Protect|p1a: Swampert\n|-singleturn|p1a: Swampert|Protect\n|move|p2a: Cloyster|Spikes|p1a: Swampert\n|-sidestart|p1: RipReckful|Spikes\n|\n|-heal|p2a: Cloyster|100\/100 tox|[from] item: Leftovers\n|-damage|p2a: Cloyster|88\/100 tox|[from] psn\n|-heal|p1a: Swampert|23\/100|[from] item: Leftovers\n|upkeep\n|turn|8\n|\n|t:|1639818477\n|switch|p1a: Tyranitar|Tyranitar, M|100\/100\n|-damage|p1a: Tyranitar|88\/100|[from] Spikes\n|-weather|Sandstorm|[from] ability: Sand Stream|[of] p1a: Tyranitar\n|move|p2a: Cloyster|Surf|p1a: Tyranitar\n|-supereffective|p1a: Tyranitar\n|-damage|p1a: Tyranitar|38\/100\n|\n|-weather|Sandstorm|[upkeep]\n|-damage|p2a: Cloyster|82\/100 tox|[from] Sandstorm\n|-heal|p2a: Cloyster|88\/100 tox|[from] item: Leftovers\n|-damage|p2a: Cloyster|70\/100 tox|[from] psn\n|-heal|p1a: Tyranitar|44\/100|[from] item: Leftovers\n|upkeep\n|turn|9\n|j| BigBiceps\n|\n|t:|1639818485\n|switch|p1a: Celebi|Celebi|100\/100\n|-damage|p1a: Celebi|88\/100|[from] Spikes\n|move|p2a: Cloyster|Surf|p1a: Celebi\n|-resisted|p1a: Celebi\n|-damage|p1a: Celebi|79\/100\n|\n|-weather|Sandstorm|[upkeep]\n|-damage|p2a: Cloyster|63\/100 tox|[from] Sandstorm\n|-damage|p1a: Celebi|72\/100|[from] Sandstorm\n|-heal|p2a: Cloyster|70\/100 tox|[from] item: Leftovers\n|-damage|p2a: Cloyster|45\/100 tox|[from] psn\n|-heal|p1a: Celebi|79\/100|[from] item: Leftovers\n|upkeep\n|turn|10\n|l| kid who likes pkmn\n|n| ewfrhts|ewfrhts\n|\n|t:|1639818500\n|switch|p2a: Metagross|Metagross|69\/100\n|move|p1a: Celebi|Recover|p1a: Celebi\n|-heal|p1a: Celebi|100\/100\n|\n|-weather|Sandstorm|[upkeep]\n|-damage|p1a: Celebi|94\/100|[from] Sandstorm\n|-heal|p1a: Celebi|100\/100|[from] item: Leftovers\n|upkeep\n|turn|11\n|\n|t:|1639818503\n|move|p2a: Metagross|Meteor Mash|p1a: Celebi\n|-damage|p1a: Celebi|64\/100\n|move|p1a: Celebi|Leech Seed|p2a: Metagross\n|-start|p2a: Metagross|move: Leech Seed\n|\n|-weather|Sandstorm|[upkeep]\n|-damage|p1a: Celebi|58\/100|[from] Sandstorm\n|-damage|p2a: Metagross|56\/100|[from] Leech Seed|[of] p1a: Celebi\n|-heal|p1a: Celebi|68\/100|[silent]\n|-heal|p1a: Celebi|74\/100|[from] item: Leftovers\n|upkeep\n|turn|12\n|\n|t:|1639818507\n|move|p2a: Metagross|Explosion|p1a: Celebi\n|-damage|p1a: Celebi|0 fnt\n|faint|p2a: Metagross\n|faint|p1a: Celebi\n|\n|t:|1639818516\n|switch|p2a: Tyranitar|Tyranitar, M|100\/100\n|switch|p1a: Dugtrio|Dugtrio, M|100\/100\n|-damage|p1a: Dugtrio|88\/100|[from] Spikes\n|\n|-weather|Sandstorm|[upkeep]\n|upkeep\n|turn|13\n|\n|t:|1639818520\n|move|p1a: Dugtrio|Earthquake|p2a: Tyranitar\n|-supereffective|p2a: Tyranitar\n|-damage|p2a: Tyranitar|2\/100\n|move|p2a: Tyranitar|Ice Beam|p1a: Dugtrio\n|-supereffective|p1a: Dugtrio\n|-damage|p1a: Dugtrio|0 fnt\n|faint|p1a: Dugtrio\n|\n|t:|1639818528\n|switch|p1a: Zapdos|Zapdos|100\/100\n|\n|-weather|Sandstorm|[upkeep]\n|-damage|p1a: Zapdos|94\/100|[from] Sandstorm\n|-heal|p1a: Zapdos|100\/100|[from] item: Leftovers\n|-heal|p2a: Tyranitar|8\/100|[from] item: Leftovers\n|upkeep\n|turn|14\n|\n|t:|1639818533\n|switch|p2a: Blissey|Blissey, F|100\/100\n|move|p1a: Zapdos|Thunderbolt|p2a: Blissey\n|-damage|p2a: Blissey|84\/100\n|-status|p2a: Blissey|par\n|\n|-weather|Sandstorm|[upkeep]\n|-damage|p1a: Zapdos|94\/100|[from] Sandstorm\n|-damage|p2a: Blissey|78\/100 par|[from] Sandstorm\n|-heal|p1a: Zapdos|100\/100|[from] item: Leftovers\n|-heal|p2a: Blissey|84\/100 par|[from] item: Leftovers\n|upkeep\n|turn|15\n|\n|t:|1639818538\n|switch|p1a: Skarmory|Skarmory, M|100\/100\n|move|p2a: Blissey|Toxic|p1a: Skarmory\n|-immune|p1a: Skarmory\n|\n|-weather|Sandstorm|[upkeep]\n|-damage|p2a: Blissey|78\/100 par|[from] Sandstorm\n|-heal|p2a: Blissey|84\/100 par|[from] item: Leftovers\n|upkeep\n|turn|16\n|\n|t:|1639818540\n|-curestatus|p2a: Blissey|par|[from] ability: Natural Cure\n|switch|p2a: Cloyster|Cloyster, M|45\/100 tox\n|move|p1a: Skarmory|Spikes|p2a: Cloyster\n|-sidestart|p2: Gifwater|Spikes\n|\n|-weather|Sandstorm|[upkeep]\n|-damage|p2a: Cloyster|39\/100 tox|[from] Sandstorm\n|-heal|p2a: Cloyster|45\/100 tox|[from] item: Leftovers\n|-damage|p2a: Cloyster|39\/100 tox|[from] psn\n|upkeep\n|turn|17\n|\n|t:|1639818546\n|move|p2a: Cloyster|Spikes|p1a: Skarmory\n|-sidestart|p1: RipReckful|Spikes\n|move|p1a: Skarmory|Spikes|p2a: Cloyster\n|-sidestart|p2: Gifwater|Spikes\n|\n|-weather|Sandstorm|[upkeep]\n|-damage|p2a: Cloyster|33\/100 tox|[from] Sandstorm\n|-heal|p2a: Cloyster|39\/100 tox|[from] item: Leftovers\n|-damage|p2a: Cloyster|26\/100 tox|[from] psn\n|upkeep\n|turn|18\n|\n|t:|1639818550\n|move|p2a: Cloyster|Spikes|p1a: Skarmory\n|-sidestart|p1: RipReckful|Spikes\n|move|p1a: Skarmory|Spikes|p2a: Cloyster\n|-sidestart|p2: Gifwater|Spikes\n|\n|-weather|Sandstorm|[upkeep]\n|-damage|p2a: Cloyster|20\/100 tox|[from] Sandstorm\n|-heal|p2a: Cloyster|26\/100 tox|[from] item: Leftovers\n|-damage|p2a: Cloyster|8\/100 tox|[from] psn\n|upkeep\n|turn|19\n|\n|t:|1639818559\n|move|p2a: Cloyster|Explosion|p1a: Skarmory\n|-resisted|p1a: Skarmory\n|-damage|p1a: Skarmory|66\/100\n|faint|p2a: Cloyster\n|\n|t:|1639818573\n|switch|p2a: Gengar|Gengar, M|100\/100\n|\n|-weather|Sandstorm|[upkeep]\n|-damage|p2a: Gengar|94\/100|[from] Sandstorm\n|-heal|p2a: Gengar|100\/100|[from] item: Leftovers\n|-heal|p1a: Skarmory|72\/100|[from] item: Leftovers\n|upkeep\n|turn|20\n|\n|t:|1639818583\n|switch|p1a: Swampert|Swampert, M|23\/100\n|-damage|p1a: Swampert|0 fnt|[from] Spikes\n|faint|p1a: Swampert\n|\n|t:|1639818585\n|switch|p1a: Zapdos|Zapdos|100\/100\n|\n|-weather|Sandstorm|[upkeep]\n|-damage|p2a: Gengar|94\/100|[from] Sandstorm\n|-damage|p1a: Zapdos|94\/100|[from] Sandstorm\n|-heal|p2a: Gengar|100\/100|[from] item: Leftovers\n|-heal|p1a: Zapdos|100\/100|[from] item: Leftovers\n|upkeep\n|turn|21\n|\n|t:|1639818593\n|switch|p2a: Blissey|Blissey, F|84\/100\n|-damage|p2a: Blissey|59\/100|[from] Spikes\n|move|p1a: Zapdos|Thunderbolt|p2a: Blissey\n|-damage|p2a: Blissey|44\/100\n|\n|-weather|Sandstorm|[upkeep]\n|-damage|p1a: Zapdos|94\/100|[from] Sandstorm\n|-damage|p2a: Blissey|37\/100|[from] Sandstorm\n|-heal|p1a: Zapdos|100\/100|[from] item: Leftovers\n|-heal|p2a: Blissey|44\/100|[from] item: Leftovers\n|upkeep\n|turn|22\n|\n|t:|1639818599\n|switch|p1a: Tyranitar|Tyranitar, M|44\/100\n|-damage|p1a: Tyranitar|19\/100|[from] Spikes\n|move|p2a: Blissey|Soft-Boiled|p2a: Blissey\n|-heal|p2a: Blissey|93\/100\n|\n|-weather|Sandstorm|[upkeep]\n|-damage|p2a: Blissey|87\/100|[from] Sandstorm\n|-heal|p1a: Tyranitar|26\/100|[from] item: Leftovers\n|-heal|p2a: Blissey|93\/100|[from] item: Leftovers\n|upkeep\n|turn|23\n|\n|t:|1639818627\n|switch|p2a: Tyranitar|Tyranitar, M|8\/100\n|-damage|p2a: Tyranitar|0 fnt|[from] Spikes\n|faint|p2a: Tyranitar\n|\n|t:|1639818632\n|switch|p2a: Aerodactyl|Aerodactyl, M|100\/100\n|\n|-weather|Sandstorm|[upkeep]\n|-heal|p1a: Tyranitar|32\/100|[from] item: Leftovers\n|upkeep\n|turn|24\n|\n|t:|1639818640\n|-singleturn|p1a: Tyranitar|move: Focus Punch\n|move|p2a: Aerodactyl|Rock Slide|p1a: Tyranitar\n|-damage|p1a: Tyranitar|0 fnt\n|faint|p1a: Tyranitar\n|\n|t:|1639818647\n|switch|p1a: Skarmory|Skarmory, M|72\/100\n|\n|-weather|Sandstorm|[upkeep]\n|-heal|p1a: Skarmory|78\/100|[from] item: Leftovers\n|upkeep\n|turn|25\n|\n|t:|1639818650\n|switch|p2a: Gengar|Gengar, M|100\/100\n|move|p1a: Skarmory|Whirlwind|p2a: Gengar\n|drag|p2a: Aerodactyl|Aerodactyl, M|100\/100\n|\n|-weather|Sandstorm|[upkeep]\n|-heal|p1a: Skarmory|84\/100|[from] item: Leftovers\n|upkeep\n|turn|26\n|\n|t:|1639818656\n|move|p2a: Aerodactyl|Rock Slide|p1a: Skarmory|[miss]\n|-miss|p2a: Aerodactyl|p1a: Skarmory\n|move|p1a: Skarmory|Whirlwind|p2a: Aerodactyl\n|drag|p2a: Blissey|Blissey, F|93\/100\n|-damage|p2a: Blissey|69\/100|[from] Spikes\n|\n|-weather|Sandstorm|[upkeep]\n|-damage|p2a: Blissey|62\/100|[from] Sandstorm\n|-heal|p1a: Skarmory|90\/100|[from] item: Leftovers\n|-heal|p2a: Blissey|69\/100|[from] item: Leftovers\n|upkeep\n|turn|27\n|\n|t:|1639818660\n|move|p1a: Skarmory|Taunt|p2a: Blissey\n|-start|p2a: Blissey|move: Taunt\n|move|p2a: Blissey|Ice Beam|p1a: Skarmory\n|-damage|p1a: Skarmory|67\/100\n|\n|-weather|Sandstorm|[upkeep]\n|-damage|p2a: Blissey|62\/100|[from] Sandstorm\n|-heal|p1a: Skarmory|73\/100|[from] item: Leftovers\n|-heal|p2a: Blissey|69\/100|[from] item: Leftovers\n|upkeep\n|turn|28\n|\n|t:|1639818662\n|move|p2a: Blissey|Ice Beam|p1a: Skarmory\n|-damage|p1a: Skarmory|52\/100\n|move|p1a: Skarmory|Whirlwind|p2a: Blissey\n|drag|p2a: Gengar|Gengar, M|100\/100\n|\n|-weather|Sandstorm|[upkeep]\n|-damage|p2a: Gengar|94\/100|[from] Sandstorm\n|-heal|p2a: Gengar|100\/100|[from] item: Leftovers\n|-heal|p1a: Skarmory|58\/100|[from] item: Leftovers\n|upkeep\n|turn|29\n|\n|t:|1639818666\n|move|p2a: Gengar|Thunderbolt|p1a: Skarmory\n|-supereffective|p1a: Skarmory\n|-damage|p1a: Skarmory|0 fnt\n|faint|p1a: Skarmory\n|\n|t:|1639818668\n|switch|p1a: Zapdos|Zapdos|100\/100\n|\n|-weather|Sandstorm|[upkeep]\n|-damage|p2a: Gengar|94\/100|[from] Sandstorm\n|-damage|p1a: Zapdos|94\/100|[from] Sandstorm\n|-heal|p2a: Gengar|100\/100|[from] item: Leftovers\n|-heal|p1a: Zapdos|100\/100|[from] item: Leftovers\n|upkeep\n|turn|30\n|c|\u2606RipReckful|gg\n|c|\u2606Gifwater|gg\n|\n|t:|1639818678\n|move|p2a: Gengar|Explosion|p1a: Zapdos\n|-damage|p1a: Zapdos|15\/100\n|faint|p2a: Gengar\n|\n|t:|1639818680\n|switch|p2a: Aerodactyl|Aerodactyl, M|100\/100\n|\n|-weather|Sandstorm|[upkeep]\n|-damage|p1a: Zapdos|9\/100|[from] Sandstorm\n|-heal|p1a: Zapdos|15\/100|[from] item: Leftovers\n|upkeep\n|turn|31\n|\n|t:|1639818682\n|move|p2a: Aerodactyl|Double-Edge|p1a: Zapdos\n|-damage|p1a: Zapdos|0 fnt\n|faint|p1a: Zapdos\n|\n|win|Gifwater\n|n|\u2606RipReckful|ripreckful\n|n|\u2606Gifwater|gifwater\n|n| passthatj|passthatj\n|n| ewfrhts|ewfrhts\n|n|+azure nights|azurenights\n|n| BigBiceps|bigbiceps\n","uploadtime":1639818683,"views":14,"p1id":"ripreckful","p2id":"gifwater","formatid":"gen3ou","rating":0,"private":0,"password":null}