{"id":"gen3ou-1178509114","p1":"winter lanterns","p2":"cjbatt","format":"gen3ou","log":"|j|\u2606winter lanterns\n|j|\u2606cjbatt\n|t:|1598858120\n|player|p1|winter lanterns|170|1436\n|player|p2|cjbatt|gambler|1337\n|teamsize|p1|6\n|teamsize|p2|6\n|gametype|singles\n|gen|3\n|tier|[Gen 3] OU\n|rated|\n|rule|Sleep Clause Mod: Limit one foe put to sleep\n|rule|Switch Priority Clause Mod: Faster Pok\u00e9mon switch first\n|rule|Species Clause: Limit one of each Pok\u00e9mon\n|rule|OHKO Clause: OHKO moves are banned\n|rule|Moody Clause: Moody is banned\n|rule|Evasion Moves Clause: Evasion moves are banned\n|rule|Endless Battle Clause: Forcing endless battles is banned\n|rule|HP Percentage Mod: HP is shown in percentages\n|rule|3 Baton Pass Clause: Limit three Baton Passers\n|\n|t:|1598858120\n|start\n|switch|p1a: Zapdos|Zapdos|100\/100\n|switch|p2a: Blaziken|Blaziken, F|100\/100\n|turn|1\n|c|\u2606cjbatt|gl hf :)\n|\n|t:|1598858130\n|switch|p2a: Swampert|Swampert, M|100\/100\n|move|p1a: Zapdos|Thunderbolt|p2a: Swampert\n|-immune|p2a: Swampert\n|\n|upkeep\n|turn|2\n|c|\u2606winter lanterns|u2\n|\n|t:|1598858155\n|switch|p2a: Articuno|Articuno|100\/100\n|move|p1a: Zapdos|Toxic|p2a: Articuno\n|-status|p2a: Articuno|tox\n|\n|-damage|p2a: Articuno|94\/100 tox|[from] psn\n|upkeep\n|turn|3\n|\n|t:|1598858158\n|switch|p1a: Suicune|Suicune|100\/100\n|move|p2a: Articuno|Toxic|p1a: Suicune\n|-status|p1a: Suicune|tox\n|\n|-heal|p2a: Articuno|100\/100 tox|[from] item: Leftovers\n|-damage|p1a: Suicune|94\/100 tox|[from] psn\n|-damage|p2a: Articuno|88\/100 tox|[from] psn\n|upkeep\n|turn|4\n|\n|t:|1598858162\n|move|p1a: Suicune|Hydro Pump|p2a: Articuno|[miss]\n|-miss|p1a: Suicune|p2a: Articuno\n|move|p2a: Articuno|Ice Beam|p1a: Suicune\n|-resisted|p1a: Suicune\n|-damage|p1a: Suicune|83\/100 tox\n|\n|-heal|p1a: Suicune|89\/100 tox|[from] item: Leftovers\n|-heal|p2a: Articuno|94\/100 tox|[from] item: Leftovers\n|-damage|p1a: Suicune|76\/100 tox|[from] psn\n|-damage|p2a: Articuno|75\/100 tox|[from] psn\n|upkeep\n|turn|5\n|\n|t:|1598858168\n|move|p1a: Suicune|Hydro Pump|p2a: Articuno\n|-damage|p2a: Articuno|48\/100 tox\n|move|p2a: Articuno|Ice Beam|p1a: Suicune\n|-resisted|p1a: Suicune\n|-damage|p1a: Suicune|65\/100 tox\n|\n|-heal|p1a: Suicune|71\/100 tox|[from] item: Leftovers\n|-heal|p2a: Articuno|54\/100 tox|[from] item: Leftovers\n|-damage|p1a: Suicune|53\/100 tox|[from] psn\n|-damage|p2a: Articuno|29\/100 tox|[from] psn\n|upkeep\n|turn|6\n|\n|t:|1598858206\n|move|p1a: Suicune|Hydro Pump|p2a: Articuno|[miss]\n|-miss|p1a: Suicune|p2a: Articuno\n|move|p2a: Articuno|Rest|p2a: Articuno\n|-status|p2a: Articuno|slp|[from] move: Rest\n|-heal|p2a: Articuno|100\/100 slp|[silent]\n|\n|-heal|p1a: Suicune|59\/100 tox|[from] item: Leftovers\n|-damage|p1a: Suicune|34\/100 tox|[from] psn\n|upkeep\n|turn|7\n|\n|t:|1598858213\n|switch|p1a: Zapdos|Zapdos|100\/100\n|cant|p2a: Articuno|slp\n|move|p2a: Articuno|Sleep Talk|p2a: Articuno\n|move|p2a: Articuno|Toxic|p1a: Zapdos|[from]Sleep Talk\n|-status|p1a: Zapdos|tox\n|\n|-damage|p1a: Zapdos|94\/100 tox|[from] psn\n|upkeep\n|turn|8\n|\n|t:|1598858226\n|move|p1a: Zapdos|Toxic||[still]\n|-fail|p1a: Zapdos\n|cant|p2a: Articuno|slp\n|move|p2a: Articuno|Sleep Talk|p2a: Articuno\n|move|p2a: Articuno|Toxic|p1a: Zapdos|[from]Sleep Talk\n|-fail|p1a: Zapdos|tox\n|\n|-heal|p1a: Zapdos|100\/100 tox|[from] item: Leftovers\n|-damage|p1a: Zapdos|88\/100 tox|[from] psn\n|upkeep\n|turn|9\n|\n|t:|1598858248\n|move|p1a: Zapdos|Thunderbolt|p2a: Articuno\n|-supereffective|p2a: Articuno\n|-damage|p2a: Articuno|45\/100 slp\n|-curestatus|p2a: Articuno|slp|[msg]\n|move|p2a: Articuno|Ice Beam|p1a: Zapdos\n|-supereffective|p1a: Zapdos\n|-damage|p1a: Zapdos|21\/100 tox\n|\n|-heal|p1a: Zapdos|27\/100 tox|[from] item: Leftovers\n|-heal|p2a: Articuno|52\/100|[from] item: Leftovers\n|-damage|p1a: Zapdos|8\/100 tox|[from] psn\n|upkeep\n|turn|10\n|\n|t:|1598858278\n|switch|p2a: Swampert|Swampert, M|100\/100\n|move|p1a: Zapdos|Toxic|p2a: Swampert\n|-status|p2a: Swampert|tox\n|\n|-heal|p1a: Zapdos|15\/100 tox|[from] item: Leftovers\n|-damage|p1a: Zapdos|0 fnt|[from] psn\n|faint|p1a: Zapdos\n|-damage|p2a: Swampert|94\/100 tox|[from] psn\n|upkeep\n|\n|t:|1598858305\n|switch|p1a: Heracross|Heracross, F|100\/100\n|turn|11\n|\n|t:|1598858312\n|move|p1a: Heracross|Swords Dance|p1a: Heracross\n|-boost|p1a: Heracross|atk|2\n|move|p2a: Swampert|Substitute|p2a: Swampert\n|-start|p2a: Swampert|Substitute\n|-damage|p2a: Swampert|69\/100 tox\n|\n|-damage|p2a: Swampert|57\/100 tox|[from] psn\n|upkeep\n|turn|12\n|\n|t:|1598858316\n|move|p1a: Heracross|Megahorn|p2a: Swampert\n|-end|p2a: Swampert|Substitute\n|move|p2a: Swampert|Roar|p1a: Heracross\n|drag|p1a: Suicune|Suicune|34\/100 tox\n|\n|-heal|p1a: Suicune|40\/100 tox|[from] item: Leftovers\n|-damage|p2a: Swampert|39\/100 tox|[from] psn\n|-damage|p1a: Suicune|34\/100 tox|[from] psn\n|upkeep\n|turn|13\n|\n|t:|1598858324\n|switch|p2a: Articuno|Articuno|52\/100\n|move|p1a: Suicune|Hydro Pump|p2a: Articuno\n|-damage|p2a: Articuno|23\/100\n|\n|-heal|p1a: Suicune|40\/100 tox|[from] item: Leftovers\n|-heal|p2a: Articuno|29\/100|[from] item: Leftovers\n|-damage|p1a: Suicune|28\/100 tox|[from] psn\n|upkeep\n|turn|14\n|\n|t:|1598858329\n|move|p1a: Suicune|Rain Dance|p1a: Suicune\n|-weather|RainDance\n|move|p2a: Articuno|Rest|p2a: Articuno\n|-status|p2a: Articuno|slp|[from] move: Rest\n|-heal|p2a: Articuno|100\/100 slp|[silent]\n|\n|-weather|RainDance|[upkeep]\n|-heal|p1a: Suicune|34\/100 tox|[from] item: Leftovers\n|-damage|p1a: Suicune|16\/100 tox|[from] psn\n|upkeep\n|turn|15\n|\n|t:|1598858340\n|switch|p1a: Metagross|Metagross|100\/100\n|switch|p2a: Swampert|Swampert, M|39\/100 tox\n|\n|-weather|RainDance|[upkeep]\n|-damage|p2a: Swampert|32\/100 tox|[from] psn\n|upkeep\n|turn|16\n|\n|t:|1598858345\n|switch|p1a: Heracross|Heracross, F|100\/100\n|move|p2a: Swampert|Endeavor|p1a: Heracross\n|-damage|p1a: Heracross|37\/100\n|\n|-weather|RainDance|[upkeep]\n|-damage|p2a: Swampert|20\/100 tox|[from] psn\n|upkeep\n|turn|17\n|\n|t:|1598858355\n|move|p1a: Heracross|Endure|p1a: Heracross\n|-singleturn|p1a: Heracross|move: Endure\n|move|p2a: Swampert|Hydro Pump|p1a: Heracross\n|-activate|p1a: Heracross|move: Endure\n|-damage|p1a: Heracross|1\/100\n|\n|-weather|RainDance|[upkeep]\n|-enditem|p1a: Heracross|Salac Berry|[eat]\n|-boost|p1a: Heracross|spe|1|[from] item: Salac Berry\n|-enditem|p2a: Swampert|Salac Berry|[eat]\n|-boost|p2a: Swampert|spe|1|[from] item: Salac Berry\n|-damage|p2a: Swampert|2\/100 tox|[from] psn\n|upkeep\n|turn|18\n|\n|t:|1598858358\n|move|p1a: Heracross|Reversal|p2a: Swampert\n|-damage|p2a: Swampert|0 fnt\n|faint|p2a: Swampert\n|\n|t:|1598858373\n|switch|p2a: Zapdos|Zapdos|100\/100\n|\n|-weather|none\n|upkeep\n|turn|19\n|\n|t:|1598858376\n|move|p1a: Heracross|Reversal|p2a: Zapdos\n|-resisted|p2a: Zapdos\n|-damage|p2a: Zapdos|38\/100\n|move|p2a: Zapdos|Thunderbolt|p1a: Heracross\n|-damage|p1a: Heracross|0 fnt\n|faint|p1a: Heracross\n|\n|t:|1598858386\n|switch|p1a: Dugtrio|Dugtrio, M|100\/100\n|\n|-heal|p2a: Zapdos|44\/100|[from] item: Leftovers\n|upkeep\n|turn|20\n|\n|t:|1598858409\n|switch|p2a: Starmie|Starmie|100\/100\n|move|p1a: Dugtrio|Rock Slide|p2a: Starmie\n|-damage|p2a: Starmie|66\/100\n|\n|-heal|p2a: Starmie|72\/100|[from] item: Leftovers\n|upkeep\n|turn|21\n|\n|t:|1598858419\n|switch|p1a: Blissey|Blissey, F|100\/100\n|move|p2a: Starmie|Surf|p1a: Blissey\n|-damage|p1a: Blissey|87\/100\n|\n|-heal|p2a: Starmie|78\/100|[from] item: Leftovers\n|-heal|p1a: Blissey|93\/100|[from] item: Leftovers\n|upkeep\n|turn|22\n|\n|t:|1598858424\n|switch|p2a: Articuno|Articuno|100\/100 slp\n|move|p1a: Blissey|Thunder Wave||[still]\n|-fail|p1a: Blissey\n|\n|-heal|p1a: Blissey|99\/100|[from] item: Leftovers\n|upkeep\n|turn|23\n|\n|t:|1598858428\n|switch|p1a: Metagross|Metagross|100\/100\n|cant|p2a: Articuno|slp\n|move|p2a: Articuno|Sleep Talk|p2a: Articuno\n|move|p2a: Articuno|Toxic|p1a: Metagross|[from]Sleep Talk\n|-immune|p1a: Metagross\n|\n|upkeep\n|turn|24\n|c|\u2606cjbatt|gotta say I was like 99% sure there was going to be a lanturn\n|c|\u2606winter lanterns|lol\n|\n|t:|1598858451\n|switch|p2a: Zapdos|Zapdos|44\/100\n|move|p1a: Metagross|Agility|p1a: Metagross\n|-boost|p1a: Metagross|spe|2\n|\n|-heal|p2a: Zapdos|50\/100|[from] item: Leftovers\n|upkeep\n|turn|25\n|\n|t:|1598858455\n|move|p1a: Metagross|Meteor Mash|p2a: Zapdos\n|-resisted|p2a: Zapdos\n|-damage|p2a: Zapdos|19\/100\n|move|p2a: Zapdos|Thunderbolt|p1a: Metagross\n|-damage|p1a: Metagross|45\/100\n|\n|-heal|p2a: Zapdos|25\/100|[from] item: Leftovers\n|upkeep\n|turn|26\n|\n|t:|1598858459\n|move|p1a: Metagross|Meteor Mash|p2a: Zapdos|[miss]\n|-miss|p1a: Metagross|p2a: Zapdos\n|move|p2a: Zapdos|Thunderbolt|p1a: Metagross\n|-damage|p1a: Metagross|0 fnt\n|faint|p1a: Metagross\n|\n|t:|1598858463\n|switch|p1a: Blissey|Blissey, F|99\/100\n|\n|-heal|p2a: Zapdos|32\/100|[from] item: Leftovers\n|-heal|p1a: Blissey|100\/100|[from] item: Leftovers\n|upkeep\n|turn|27\n|\n|t:|1598858467\n|switch|p2a: Articuno|Articuno|100\/100 slp\n|move|p1a: Blissey|Seismic Toss|p2a: Articuno\n|-damage|p2a: Articuno|74\/100 slp\n|\n|-heal|p2a: Articuno|81\/100 slp|[from] item: Leftovers\n|upkeep\n|turn|28\n|c|\u2606winter lanterns|gg\n|c|\u2606cjbatt|gg\n|-message|winter lanterns forfeited.\n|\n|win|cjbatt\n|l|\u2606winter lanterns\n|raw|winter lanterns's rating: 1436 &rarr; <strong>1410<\/strong><br \/>(-26 for losing)\n|raw|cjbatt's rating: 1337 &rarr; <strong>1363<\/strong><br \/>(+26 for winning)\n","uploadtime":1598858674,"views":3,"p1id":"winterlanterns","p2id":"cjbatt","formatid":"gen3ou","rating":1363,"private":0,"password":null}