{"id":"gen3ubers-1653500028","p1":"Raph369","p2":"pinorska","format":"gen3ubers","log":"|j|\u2606Raph369\n|j|\u2606pinorska\n|t:|1662039576\n|gametype|singles\n|player|p1|Raph369|rocketgrunt|\n|player|p2|pinorska|jasmine-masters|\n|teamsize|p1|6\n|teamsize|p2|6\n|gen|3\n|tier|[Gen 3] Ubers\n|rule|Sleep Clause Mod: Limit one foe put to sleep\n|rule|Switch Priority Clause Mod: Faster Pok\u00e9mon switch first\n|rule|Species Clause: Limit one of each Pok\u00e9mon\n|rule|OHKO Clause: OHKO moves are banned\n|rule|Evasion Items Clause: Evasion items are banned\n|rule|Evasion Moves Clause: Evasion moves are banned\n|rule|Endless Battle Clause: Forcing endless battles is banned\n|rule|HP Percentage Mod: HP is shown in percentages\n|rule|Deoxys Camouflage Clause: Reveals the Deoxys forme when it is sent in battle.\n|rule|One Baton Pass Clause: Limit one Baton Passer\n|\n|t:|1662039576\n|start\n|switch|p1a: Snorlax|Snorlax, M|100\/100\n|switch|p2a: Latios|Latios, M|100\/100\n|turn|1\n|inactive|Battle timer is ON: inactive players will automatically lose when time's up. (requested by pinorska)\n|c|\u2606pinorska|hf\n|c|\u2606Raph369|hf\n|\n|t:|1662039608\n|switch|p2a: Snorlax|Snorlax, F|100\/100\n|move|p1a: Snorlax|Self-Destruct|p2a: Snorlax\n|-damage|p2a: Snorlax|0 fnt\n|faint|p1a: Snorlax\n|faint|p2a: Snorlax\n|\n|t:|1662039629\n|switch|p2a: Latios|Latios, M|100\/100\n|switch|p1a: Latios|Latios, M|100\/100\n|\n|upkeep\n|turn|2\n|\n|t:|1662039634\n|move|p1a: Latios|Dragon Claw|p2a: Latios\n|-supereffective|p2a: Latios\n|-damage|p2a: Latios|14\/100\n|move|p2a: Latios|Ice Beam|p1a: Latios\n|-supereffective|p1a: Latios\n|-damage|p1a: Latios|31\/100\n|\n|upkeep\n|turn|3\n|\n|t:|1662039640\n|move|p1a: Latios|Dragon Claw|p2a: Latios\n|-supereffective|p2a: Latios\n|-damage|p2a: Latios|0 fnt\n|faint|p2a: Latios\n|\n|t:|1662039647\n|switch|p2a: Deoxys|Deoxys-Attack|100\/100\n|\n|upkeep\n|turn|4\n|\n|t:|1662039653\n|switch|p1a: Rayquaza|Rayquaza|100\/100\n|move|p2a: Deoxys|Shadow Ball|p1a: Rayquaza\n|-damage|p1a: Rayquaza|57\/100\n|-unboost|p1a: Rayquaza|spd|1\n|\n|upkeep\n|turn|5\n|\n|t:|1662039661\n|switch|p2a: Groudon|Groudon|100\/100\n|-weather|SunnyDay|[from] ability: Drought|[of] p2a: Groudon\n|move|p1a: Rayquaza|Hidden Power|p2a: Groudon\n|-damage|p2a: Groudon|56\/100\n|\n|-weather|SunnyDay|[upkeep]\n|upkeep\n|turn|6\n|\n|t:|1662039670\n|move|p1a: Rayquaza|Hidden Power|p2a: Groudon\n|-damage|p2a: Groudon|11\/100\n|move|p2a: Groudon|Hidden Power|p1a: Rayquaza\n|-damage|p1a: Rayquaza|26\/100\n|\n|-weather|SunnyDay|[upkeep]\n|upkeep\n|turn|7\n|\n|t:|1662039673\n|move|p1a: Rayquaza|Hidden Power|p2a: Groudon\n|-damage|p2a: Groudon|0 fnt\n|faint|p2a: Groudon\n|\n|t:|1662039676\n|switch|p2a: Deoxys|Deoxys-Attack|100\/100\n|\n|-weather|SunnyDay|[upkeep]\n|upkeep\n|turn|8\n|\n|t:|1662039684\n|move|p2a: Deoxys|Shadow Ball|p1a: Rayquaza\n|-damage|p1a: Rayquaza|0 fnt\n|faint|p1a: Rayquaza\n|\n|t:|1662039689\n|switch|p1a: Groudon|Groudon|100\/100\n|\n|-weather|SunnyDay|[upkeep]\n|upkeep\n|turn|9\n|\n|t:|1662039700\n|switch|p2a: Latias|Latias, F|100\/100\n|move|p1a: Groudon|Substitute|p1a: Groudon\n|-start|p1a: Groudon|Substitute\n|-damage|p1a: Groudon|76\/100\n|\n|-weather|SunnyDay|[upkeep]\n|upkeep\n|turn|10\n|\n|t:|1662039707\n|move|p2a: Latias|Dragon Claw|p1a: Groudon\n|-end|p1a: Groudon|Substitute\n|move|p1a: Groudon|Substitute|p1a: Groudon\n|-start|p1a: Groudon|Substitute\n|-damage|p1a: Groudon|51\/100\n|\n|-weather|SunnyDay|[upkeep]\n|upkeep\n|turn|11\n|\n|t:|1662039709\n|move|p2a: Latias|Dragon Claw|p1a: Groudon\n|-end|p1a: Groudon|Substitute\n|move|p1a: Groudon|Substitute|p1a: Groudon\n|-start|p1a: Groudon|Substitute\n|-damage|p1a: Groudon|26\/100\n|\n|-weather|SunnyDay|[upkeep]\n|upkeep\n|turn|12\n|\n|t:|1662039711\n|move|p2a: Latias|Dragon Claw|p1a: Groudon\n|-end|p1a: Groudon|Substitute\n|move|p1a: Groudon|Substitute|p1a: Groudon\n|-start|p1a: Groudon|Substitute\n|-damage|p1a: Groudon|1\/100\n|\n|-weather|SunnyDay|[upkeep]\n|-enditem|p1a: Groudon|Salac Berry|[eat]\n|-boost|p1a: Groudon|spe|1|[from] item: Salac Berry\n|upkeep\n|turn|13\n|\n|t:|1662039714\n|move|p1a: Groudon|Swords Dance|p1a: Groudon\n|-boost|p1a: Groudon|atk|2\n|move|p2a: Latias|Dragon Claw|p1a: Groudon\n|-end|p1a: Groudon|Substitute\n|\n|-weather|SunnyDay|[upkeep]\n|upkeep\n|turn|14\n|\n|t:|1662039715\n|move|p1a: Groudon|Hidden Power|p2a: Latias\n|-supereffective|p2a: Latias\n|-damage|p2a: Latias|0 fnt\n|faint|p2a: Latias\n|\n|t:|1662039718\n|switch|p2a: Rayquaza|Rayquaza|100\/100\n|\n|-weather|SunnyDay|[upkeep]\n|upkeep\n|turn|15\n|\n|t:|1662039720\n|move|p2a: Rayquaza|Extreme Speed|p1a: Groudon\n|-damage|p1a: Groudon|0 fnt\n|faint|p1a: Groudon\n|\n|t:|1662039722\n|switch|p1a: Metagross|Metagross|100\/100\n|\n|-weather|SunnyDay|[upkeep]\n|upkeep\n|turn|16\n|\n|t:|1662039726\n|move|p2a: Rayquaza|Extreme Speed|p1a: Metagross\n|-resisted|p1a: Metagross\n|-damage|p1a: Metagross|83\/100\n|move|p1a: Metagross|Meteor Mash|p2a: Rayquaza\n|-damage|p2a: Rayquaza|6\/100\n|-boost|p1a: Metagross|atk|1\n|\n|-weather|SunnyDay|[upkeep]\n|upkeep\n|turn|17\n|\n|t:|1662039731\n|move|p2a: Rayquaza|Extreme Speed|p1a: Metagross\n|-resisted|p1a: Metagross\n|-damage|p1a: Metagross|63\/100\n|move|p1a: Metagross|Meteor Mash|p2a: Rayquaza\n|-damage|p2a: Rayquaza|0 fnt\n|faint|p2a: Rayquaza\n|\n|t:|1662039734\n|switch|p2a: Deoxys|Deoxys-Attack|100\/100\n|\n|-weather|SunnyDay|[upkeep]\n|upkeep\n|turn|18\n|\n|t:|1662039735\n|move|p2a: Deoxys|Fire Punch|p1a: Metagross\n|-supereffective|p1a: Metagross\n|-damage|p1a: Metagross|0 fnt\n|faint|p1a: Metagross\n|\n|t:|1662039738\n|switch|p1a: Deoxys|Deoxys-Attack|100\/100\n|\n|-weather|SunnyDay|[upkeep]\n|upkeep\n|turn|19\n|\n|t:|1662039742\n|move|p1a: Deoxys|Extreme Speed|p2a: Deoxys\n|-damage|p2a: Deoxys|0 fnt\n|faint|p2a: Deoxys\n|\n|win|Raph369\n|c|\u2606Raph369|gg\n|c|\u2606pinorska|gg!\n","uploadtime":1662039749,"views":24,"p1id":"raph369","p2id":"pinorska","formatid":"gen3ubers","rating":0,"private":0,"password":null}