{"id":"gen3ou-1256317777","p1":"hjing8483","p2":"IM AT MY LIMIT","format":"gen3ou","log":"|j|\u2606hjing8483\n|j|\u2606IM AT MY LIMIT\n|t:|1609856604\n|player|p1|hjing8483|ninjaboy|1117\n|player|p2|IM AT MY LIMIT|hilbert|1365\n|teamsize|p1|6\n|teamsize|p2|6\n|gametype|singles\n|gen|3\n|tier|[Gen 3] OU\n|rated|\n|rule|Sleep Clause Mod: Limit one foe put to sleep\n|rule|Switch Priority Clause Mod: Faster Pok\u00e9mon switch first\n|rule|Species Clause: Limit one of each Pok\u00e9mon\n|rule|OHKO Clause: OHKO moves are banned\n|rule|Evasion Moves Clause: Evasion moves are banned\n|rule|Endless Battle Clause: Forcing endless battles is banned\n|rule|HP Percentage Mod: HP is shown in percentages\n|rule|3 Baton Pass Clause: Limit three Baton Passers\n|\n|t:|1609856604\n|start\n|switch|p1a: Umbreon|Umbreon, M|100\/100\n|switch|p2a: Tyranitar|Tyranitar, M|100\/100\n|-weather|Sandstorm|[from] ability: Sand Stream|[of] p2a: Tyranitar\n|turn|1\n|inactive|Battle timer is ON: inactive players will automatically lose when time's up. (requested by IM AT MY LIMIT)\n|\n|t:|1609856631\n|switch|p2a: Skarmory|Skarmory, F, shiny|100\/100\n|move|p1a: Umbreon|Mean Look|p2a: Skarmory\n|-activate|p2a: Skarmory|trapped\n|\n|-weather|Sandstorm|[upkeep]\n|-damage|p1a: Umbreon|94\/100|[from] Sandstorm\n|-heal|p1a: Umbreon|100\/100|[from] item: Leftovers\n|upkeep\n|turn|2\n|\n|t:|1609856636\n|move|p1a: Umbreon|Taunt|p2a: Skarmory\n|-start|p2a: Skarmory|move: Taunt\n|cant|p2a: Skarmory|move: Taunt|Toxic\n|\n|-weather|Sandstorm|[upkeep]\n|-damage|p1a: Umbreon|94\/100|[from] Sandstorm\n|-heal|p1a: Umbreon|100\/100|[from] item: Leftovers\n|upkeep\n|turn|3\n|\n|t:|1609856640\n|move|p1a: Umbreon|Charm|p2a: Skarmory\n|-unboost|p2a: Skarmory|atk|2\n|move|p2a: Skarmory|Drill Peck|p1a: Umbreon\n|-damage|p1a: Umbreon|91\/100\n|\n|-weather|Sandstorm|[upkeep]\n|-damage|p1a: Umbreon|85\/100|[from] Sandstorm\n|-heal|p1a: Umbreon|91\/100|[from] item: Leftovers\n|-end|p2a: Skarmory|move: Taunt|[silent]\n|upkeep\n|turn|4\n|\n|t:|1609856646\n|move|p1a: Umbreon|Taunt|p2a: Skarmory\n|-start|p2a: Skarmory|move: Taunt\n|move|p2a: Skarmory|Drill Peck|p1a: Umbreon\n|-damage|p1a: Umbreon|82\/100\n|\n|-weather|Sandstorm|[upkeep]\n|-damage|p1a: Umbreon|76\/100|[from] Sandstorm\n|-heal|p1a: Umbreon|82\/100|[from] item: Leftovers\n|upkeep\n|turn|5\n|\n|t:|1609856649\n|move|p1a: Umbreon|Charm|p2a: Skarmory\n|-unboost|p2a: Skarmory|atk|2\n|move|p2a: Skarmory|Drill Peck|p1a: Umbreon\n|-damage|p1a: Umbreon|76\/100\n|\n|-weather|Sandstorm|[upkeep]\n|-damage|p1a: Umbreon|70\/100|[from] Sandstorm\n|-heal|p1a: Umbreon|76\/100|[from] item: Leftovers\n|-end|p2a: Skarmory|move: Taunt|[silent]\n|upkeep\n|turn|6\n|\n|t:|1609856653\n|move|p1a: Umbreon|Taunt|p2a: Skarmory\n|-start|p2a: Skarmory|move: Taunt\n|move|p2a: Skarmory|Drill Peck|p1a: Umbreon\n|-damage|p1a: Umbreon|70\/100\n|\n|-weather|Sandstorm|[upkeep]\n|-damage|p1a: Umbreon|64\/100|[from] Sandstorm\n|-heal|p1a: Umbreon|70\/100|[from] item: Leftovers\n|upkeep\n|turn|7\n|\n|t:|1609856657\n|move|p1a: Umbreon|Charm|p2a: Skarmory\n|-unboost|p2a: Skarmory|atk|2\n|move|p2a: Skarmory|Drill Peck|p1a: Umbreon\n|-damage|p1a: Umbreon|65\/100\n|\n|-weather|Sandstorm|[upkeep]\n|-damage|p1a: Umbreon|59\/100|[from] Sandstorm\n|-heal|p1a: Umbreon|65\/100|[from] item: Leftovers\n|-end|p2a: Skarmory|move: Taunt|[silent]\n|upkeep\n|turn|8\n|\n|t:|1609856659\n|move|p1a: Umbreon|Taunt|p2a: Skarmory\n|-start|p2a: Skarmory|move: Taunt\n|move|p2a: Skarmory|Drill Peck|p1a: Umbreon\n|-damage|p1a: Umbreon|60\/100\n|\n|-weather|Sandstorm|[upkeep]\n|-damage|p1a: Umbreon|54\/100|[from] Sandstorm\n|-heal|p1a: Umbreon|60\/100|[from] item: Leftovers\n|upkeep\n|turn|9\n|\n|t:|1609856661\n|move|p1a: Umbreon|Baton Pass|p1a: Umbreon\n|\n|t:|1609856662\n|switch|p1a: Smeargle|Smeargle, M|100\/100|[from]move: Baton Pass\n|move|p2a: Skarmory|Drill Peck|p1a: Smeargle\n|-damage|p1a: Smeargle|88\/100\n|\n|-weather|Sandstorm|[upkeep]\n|-damage|p1a: Smeargle|82\/100|[from] Sandstorm\n|-heal|p1a: Smeargle|88\/100|[from] item: Leftovers\n|-end|p2a: Skarmory|move: Taunt|[silent]\n|upkeep\n|turn|10\n|\n|t:|1609856666\n|move|p1a: Smeargle|Spore|p2a: Skarmory\n|-status|p2a: Skarmory|slp|[from] move: Spore\n|cant|p2a: Skarmory|slp\n|\n|-weather|Sandstorm|[upkeep]\n|-damage|p1a: Smeargle|82\/100|[from] Sandstorm\n|-heal|p1a: Smeargle|88\/100|[from] item: Leftovers\n|upkeep\n|turn|11\n|\n|t:|1609856673\n|move|p1a: Smeargle|Ingrain|p1a: Smeargle\n|-start|p1a: Smeargle|move: Ingrain\n|cant|p2a: Skarmory|slp\n|\n|-weather|Sandstorm|[upkeep]\n|-damage|p1a: Smeargle|82\/100|[from] Sandstorm\n|-heal|p1a: Smeargle|88\/100|[from] item: Leftovers\n|-heal|p1a: Smeargle|94\/100|[from] Ingrain\n|upkeep\n|turn|12\n|\n|t:|1609856675\n|move|p1a: Smeargle|Substitute|p1a: Smeargle\n|-start|p1a: Smeargle|Substitute\n|-damage|p1a: Smeargle|69\/100\n|-curestatus|p2a: Skarmory|slp|[msg]\n|move|p2a: Skarmory|Drill Peck|p1a: Smeargle\n|-activate|p1a: Smeargle|Substitute|[damage]\n|\n|-weather|Sandstorm|[upkeep]\n|-damage|p1a: Smeargle|63\/100|[from] Sandstorm\n|-heal|p1a: Smeargle|69\/100|[from] item: Leftovers\n|-heal|p1a: Smeargle|75\/100|[from] Ingrain\n|upkeep\n|turn|13\n|\n|t:|1609856677\n|move|p1a: Smeargle|Spore|p2a: Skarmory\n|-status|p2a: Skarmory|slp|[from] move: Spore\n|cant|p2a: Skarmory|slp\n|\n|-weather|Sandstorm|[upkeep]\n|-damage|p1a: Smeargle|69\/100|[from] Sandstorm\n|-heal|p1a: Smeargle|75\/100|[from] item: Leftovers\n|-heal|p1a: Smeargle|81\/100|[from] Ingrain\n|upkeep\n|turn|14\n|\n|t:|1609856679\n|move|p1a: Smeargle|Assist|p1a: Smeargle\n|move|p1a: Smeargle|Charm|p2a: Skarmory|[from]Assist\n|-unboost|p2a: Skarmory|atk|0\n|-curestatus|p2a: Skarmory|slp|[msg]\n|move|p2a: Skarmory|Roar|p1a: Smeargle\n|-activate|p1a: Smeargle|move: Ingrain\n|\n|-weather|Sandstorm|[upkeep]\n|-damage|p1a: Smeargle|75\/100|[from] Sandstorm\n|-heal|p1a: Smeargle|81\/100|[from] item: Leftovers\n|-heal|p1a: Smeargle|87\/100|[from] Ingrain\n|upkeep\n|turn|15\n|\n|t:|1609856683\n|move|p1a: Smeargle|Spore|p2a: Skarmory\n|-status|p2a: Skarmory|slp|[from] move: Spore\n|cant|p2a: Skarmory|slp\n|\n|-weather|Sandstorm|[upkeep]\n|-damage|p1a: Smeargle|81\/100|[from] Sandstorm\n|-heal|p1a: Smeargle|87\/100|[from] item: Leftovers\n|-heal|p1a: Smeargle|93\/100|[from] Ingrain\n|upkeep\n|turn|16\n|c|\u2606hjing8483|OOOOOOOOOOOOOOOOOOOOOOOOOOOOOOOOOOOOOOOOOOOOOOOOOOOOOOOOOOOOOOOOOOOOOOOOOOOOOOOOOOOOOOOOOOOOOOOOOOOOOOOOOOOOOOOOOOOOOOOOOOOOOOOOOOOOOOOOOOOOOOOOOOOOOOOOOOOOOOOOOOOOOOOOOOOOOOOOOOOOOOOOOOOOOOOOOOOOOOOOOOOOOOOOOOOOOOOO\n|\n|t:|1609856693\n|move|p1a: Smeargle|Assist|p1a: Smeargle\n|move|p1a: Smeargle|Sand Attack|p2a: Skarmory|[from]Assist\n|-fail|p2a: Skarmory|unboost|accuracy|[from] ability: Keen Eye|[of] p2a: Skarmory\n|cant|p2a: Skarmory|slp\n|\n|-weather|Sandstorm|[upkeep]\n|-damage|p1a: Smeargle|87\/100|[from] Sandstorm\n|-heal|p1a: Smeargle|93\/100|[from] item: Leftovers\n|-heal|p1a: Smeargle|99\/100|[from] Ingrain\n|upkeep\n|turn|17\n|\n|t:|1609856701\n|move|p1a: Smeargle|Assist|p1a: Smeargle\n|move|p1a: Smeargle|Baton Pass|p1a: Smeargle|[from]Assist\n|\n|t:|1609856703\n|switch|p1a: Mr. Mime|Mr. Mime, F|100\/100|[from]move: Baton Pass\n|-curestatus|p2a: Skarmory|slp|[msg]\n|move|p2a: Skarmory|Spikes|p1a: Mr. Mime\n|-sidestart|p1: hjing8483|Spikes\n|\n|-weather|Sandstorm|[upkeep]\n|-damage|p1a: Mr. Mime|95\/100|[from] Sandstorm\n|-heal|p1a: Mr. Mime|100\/100|[from] Ingrain\n|upkeep\n|turn|18\n|\n|t:|1609856708\n|move|p1a: Mr. Mime|Trick|p2a: Skarmory\n|-activate|p1a: Mr. Mime|move: Trick|[of] p2a: Skarmory\n|-item|p2a: Skarmory|Choice Band|[from] move: Trick\n|-item|p1a: Mr. Mime|Leftovers|[from] move: Trick\n|move|p2a: Skarmory|Roar|p1a: Mr. Mime\n|-immune|p1a: Mr. Mime|[from] ability: Soundproof\n|\n|-weather|Sandstorm|[upkeep]\n|-damage|p1a: Mr. Mime|95\/100|[from] Sandstorm\n|-heal|p1a: Mr. Mime|100\/100|[from] item: Leftovers\n|upkeep\n|turn|19\n|\n|t:|1609856715\n|move|p1a: Mr. Mime|Baton Pass|p1a: Mr. Mime\n|\n|t:|1609856717\n|switch|p1a: Jolteon|Jolteon, F|100\/100|[from]move: Baton Pass\n|-damage|p1a: Jolteon|88\/100|[from] Spikes\n|move|p2a: Skarmory|Roar|p1a: Jolteon\n|-activate|p1a: Jolteon|move: Ingrain\n|\n|-weather|Sandstorm|[upkeep]\n|-damage|p1a: Jolteon|82\/100|[from] Sandstorm\n|-heal|p1a: Jolteon|88\/100|[from] item: Leftovers\n|-heal|p1a: Jolteon|94\/100|[from] Ingrain\n|upkeep\n|turn|20\n|\n|t:|1609856721\n|move|p1a: Jolteon|Agility|p1a: Jolteon\n|-boost|p1a: Jolteon|spe|2\n|move|p2a: Skarmory|Roar|p1a: Jolteon\n|-activate|p1a: Jolteon|move: Ingrain\n|\n|-weather|Sandstorm|[upkeep]\n|-damage|p1a: Jolteon|88\/100|[from] Sandstorm\n|-heal|p1a: Jolteon|94\/100|[from] item: Leftovers\n|-heal|p1a: Jolteon|99\/100|[from] Ingrain\n|upkeep\n|turn|21\n|\n|t:|1609856722\n|move|p1a: Jolteon|Agility|p1a: Jolteon\n|-boost|p1a: Jolteon|spe|2\n|move|p2a: Skarmory|Roar|p1a: Jolteon\n|-activate|p1a: Jolteon|move: Ingrain\n|\n|-weather|Sandstorm|[upkeep]\n|-damage|p1a: Jolteon|94\/100|[from] Sandstorm\n|-heal|p1a: Jolteon|99\/100|[from] item: Leftovers\n|-heal|p1a: Jolteon|100\/100|[from] Ingrain\n|upkeep\n|turn|22\n|\n|t:|1609856724\n|move|p1a: Jolteon|Agility|p1a: Jolteon\n|-boost|p1a: Jolteon|spe|2\n|move|p2a: Skarmory|Roar|p1a: Jolteon\n|-activate|p1a: Jolteon|move: Ingrain\n|\n|-weather|Sandstorm|[upkeep]\n|-damage|p1a: Jolteon|95\/100|[from] Sandstorm\n|-heal|p1a: Jolteon|100\/100|[from] item: Leftovers\n|upkeep\n|turn|23\n|\n|t:|1609856727\n|move|p1a: Jolteon|Baton Pass|p1a: Jolteon\n|\n|t:|1609856729\n|switch|p1a: Mr. Mime|Mr. Mime, F|100\/100|[from]move: Baton Pass\n|-damage|p1a: Mr. Mime|88\/100|[from] Spikes\n|move|p2a: Skarmory|Roar|p1a: Mr. Mime\n|-immune|p1a: Mr. Mime|[from] ability: Soundproof\n|\n|-weather|Sandstorm|[upkeep]\n|-damage|p1a: Mr. Mime|82\/100|[from] Sandstorm\n|-heal|p1a: Mr. Mime|88\/100|[from] item: Leftovers\n|-heal|p1a: Mr. Mime|94\/100|[from] Ingrain\n|upkeep\n|turn|24\n|\n|t:|1609856732\n|move|p1a: Mr. Mime|Calm Mind|p1a: Mr. Mime\n|-boost|p1a: Mr. Mime|spa|1\n|-boost|p1a: Mr. Mime|spd|1\n|move|p2a: Skarmory|Roar|p1a: Mr. Mime\n|-immune|p1a: Mr. Mime|[from] ability: Soundproof\n|\n|-weather|Sandstorm|[upkeep]\n|-damage|p1a: Mr. Mime|88\/100|[from] Sandstorm\n|-heal|p1a: Mr. Mime|94\/100|[from] item: Leftovers\n|-heal|p1a: Mr. Mime|99\/100|[from] Ingrain\n|upkeep\n|turn|25\n|\n|t:|1609856734\n|move|p1a: Mr. Mime|Calm Mind|p1a: Mr. Mime\n|-boost|p1a: Mr. Mime|spa|1\n|-boost|p1a: Mr. Mime|spd|1\n|move|p2a: Skarmory|Roar|p1a: Mr. Mime\n|-immune|p1a: Mr. Mime|[from] ability: Soundproof\n|\n|-weather|Sandstorm|[upkeep]\n|-damage|p1a: Mr. Mime|94\/100|[from] Sandstorm\n|-heal|p1a: Mr. Mime|99\/100|[from] item: Leftovers\n|-heal|p1a: Mr. Mime|100\/100|[from] Ingrain\n|upkeep\n|turn|26\n|-message|IM AT MY LIMIT forfeited.\n|\n|win|hjing8483\n|l|\u2606IM AT MY LIMIT\n|c|\u2606hjing8483|HAHAHAHAHAHAHAHAHAHAHAHAHAHAHAHAHAHAHAHAHAHAHAHAHAHAHAHAHAHAHAHAHAHAHAHAHAHAHAHAHAHAHAHAHAHAHAHAHAHAHAHAHAHAHAHAHAHAHAHAHAHAHAHAHAHAHAHAHAHAHAHAHAHAHAHAHAHAHAHAHAHAHAHAHAHAHAHAHAHAHAHAHAHAHAHAHAHAHAHAHAHAHAHAHAHAHAHAHAHAHAHAHAHA\n|c|\u2606hjing8483|DELICIOUS SCRUB\n|c|\u2606hjing8483|DEVOURED\n|c|\u2606hjing8483|NOM NOM NOM NOM NOM NOM NOM NOM NOM NOM NOM NOM NOM NOM NOM NOM NOM NOM NOM NOM NOM NOM NOM NOM NOM NOM NOM NOM NOM NOM NOM NOM NOM NOM NOM NOM NOM NOM NOM NOM NOM NOM NOM NOM NOM NOM NOM NOM NOM NOM NOM NOM NOM NOM NOM NOM NOM NOM NOM NOM\n||Ladder (probably) updated, but score could not be retrieved (Request timeout).\n","uploadtime":1609856755,"views":10,"p1id":"hjing8483","p2id":"imatmylimit","formatid":"gen3ou","rating":0,"private":0,"password":null}