{"id":"gen3ou-1695547947","p1":"DumbJokes","p2":"knexhawk2","format":"gen3ou","log":"|j|\u2606DumbJokes\n|j|\u2606knexhawk2\n|t:|1666807747\n|gametype|singles\n|player|p1|DumbJokes|li|1335\n|player|p2|knexhawk2|red-masters|1337\n|teamsize|p1|6\n|teamsize|p2|6\n|gen|3\n|tier|[Gen 3] OU\n|rated|\n|rule|Sleep Clause Mod: Limit one foe put to sleep\n|rule|Switch Priority Clause Mod: Faster Pok\u00e9mon switch first\n|rule|Species Clause: Limit one of each Pok\u00e9mon\n|rule|OHKO Clause: OHKO moves are banned\n|rule|Evasion Items Clause: Evasion items are banned\n|rule|Evasion Moves Clause: Evasion moves are banned\n|rule|Endless Battle Clause: Forcing endless battles is banned\n|rule|HP Percentage Mod: HP is shown in percentages\n|rule|One Boost Passer Clause: Limit one Baton Passer that has a way to boost its stats\n|rule|Freeze Clause Mod: Limit one foe frozen\n|\n|t:|1666807747\n|start\n|switch|p1a: Tyranitar|Tyranitar, F|100\/100\n|switch|p2a: Celebi|Celebi|100\/100\n|-weather|Sandstorm|[from] ability: Sand Stream|[of] p1a: Tyranitar\n|turn|1\n|\n|t:|1666807765\n|switch|p2a: Swampert|Swampert, M|100\/100\n|move|p1a: Tyranitar|Crunch|p2a: Swampert\n|-damage|p2a: Swampert|75\/100\n|\n|-weather|Sandstorm|[upkeep]\n|-heal|p2a: Swampert|81\/100|[from] item: Leftovers\n|upkeep\n|turn|2\n|\n|t:|1666807770\n|switch|p1a: Breloom|Breloom, F|100\/100\n|move|p2a: Swampert|Protect||[still]\n|-fail|p2a: Swampert\n|\n|-weather|Sandstorm|[upkeep]\n|-damage|p1a: Breloom|94\/100|[from] Sandstorm\n|-heal|p1a: Breloom|100\/100|[from] item: Leftovers\n|-heal|p2a: Swampert|87\/100|[from] item: Leftovers\n|upkeep\n|turn|3\n|\n|t:|1666807775\n|move|p2a: Swampert|Protect|p2a: Swampert\n|-singleturn|p2a: Swampert|Protect\n|move|p1a: Breloom|Spore|p2a: Swampert\n|-activate|p2a: Swampert|Protect\n|\n|-weather|Sandstorm|[upkeep]\n|-damage|p1a: Breloom|94\/100|[from] Sandstorm\n|-heal|p1a: Breloom|100\/100|[from] item: Leftovers\n|-heal|p2a: Swampert|93\/100|[from] item: Leftovers\n|upkeep\n|turn|4\n|\n|t:|1666807782\n|-singleturn|p1a: Breloom|move: Focus Punch\n|switch|p2a: Skarmory|Skarmory, F|100\/100\n|move|p1a: Breloom|Focus Punch|p2a: Skarmory\n|-damage|p2a: Skarmory|52\/100\n|\n|-weather|Sandstorm|[upkeep]\n|-damage|p1a: Breloom|94\/100|[from] Sandstorm\n|-heal|p2a: Skarmory|58\/100|[from] item: Leftovers\n|-heal|p1a: Breloom|100\/100|[from] item: Leftovers\n|upkeep\n|turn|5\n|\n|t:|1666807790\n|switch|p1a: Magneton|Magneton|100\/100\n|move|p2a: Skarmory|Protect||[still]\n|-fail|p2a: Skarmory\n|\n|-weather|Sandstorm|[upkeep]\n|-heal|p2a: Skarmory|64\/100|[from] item: Leftovers\n|upkeep\n|turn|6\n|\n|t:|1666807793\n|move|p1a: Magneton|Thunderbolt|p2a: Skarmory\n|-supereffective|p2a: Skarmory\n|-damage|p2a: Skarmory|0 fnt\n|faint|p2a: Skarmory\n|\n|t:|1666807795\n|switch|p2a: Magneton|Magneton|100\/100\n|\n|-weather|Sandstorm|[upkeep]\n|upkeep\n|turn|7\n|\n|t:|1666807797\n|move|p1a: Magneton|Hidden Power|p2a: Magneton\n|-supereffective|p2a: Magneton\n|-damage|p2a: Magneton|3\/100\n|move|p2a: Magneton|Hidden Power|p1a: Magneton\n|-supereffective|p1a: Magneton\n|-damage|p1a: Magneton|10\/100\n|\n|-weather|Sandstorm|[upkeep]\n|upkeep\n|turn|8\n|\n|t:|1666807802\n|move|p2a: Magneton|Hidden Power|p1a: Magneton\n|-supereffective|p1a: Magneton\n|-damage|p1a: Magneton|0 fnt\n|faint|p1a: Magneton\n|\n|t:|1666807806\n|switch|p1a: Gengar|Gengar, M|100\/100\n|\n|-weather|Sandstorm|[upkeep]\n|-damage|p1a: Gengar|95\/100|[from] Sandstorm\n|-heal|p1a: Gengar|100\/100|[from] item: Leftovers\n|upkeep\n|turn|9\n|\n|t:|1666807809\n|move|p2a: Magneton|Protect|p2a: Magneton\n|-singleturn|p2a: Magneton|Protect\n|move|p1a: Gengar|Ice Punch|p2a: Magneton\n|-activate|p2a: Magneton|Protect\n|\n|-weather|Sandstorm|[upkeep]\n|-damage|p1a: Gengar|95\/100|[from] Sandstorm\n|-heal|p1a: Gengar|100\/100|[from] item: Leftovers\n|upkeep\n|turn|10\n|\n|t:|1666807813\n|switch|p2a: Celebi|Celebi|100\/100\n|move|p1a: Gengar|Ice Punch|p2a: Celebi\n|-supereffective|p2a: Celebi\n|-damage|p2a: Celebi|61\/100\n|-status|p2a: Celebi|frz\n|\n|-weather|Sandstorm|[upkeep]\n|-damage|p1a: Gengar|95\/100|[from] Sandstorm\n|-damage|p2a: Celebi|55\/100 frz|[from] Sandstorm\n|-heal|p1a: Gengar|100\/100|[from] item: Leftovers\n|-heal|p2a: Celebi|61\/100 frz|[from] item: Leftovers\n|upkeep\n|turn|11\n|\n|t:|1666807821\n|switch|p1a: Tyranitar|Tyranitar, F|100\/100\n|-curestatus|p2a: Celebi|frz|[from] ability: Natural Cure\n|switch|p2a: Tyranitar|Tyranitar, M|100\/100\n|\n|-weather|Sandstorm|[upkeep]\n|upkeep\n|turn|12\n|\n|t:|1666807841\n|switch|p1a: Breloom|Breloom, F|100\/100\n|move|p2a: Tyranitar|Brick Break|p1a: Breloom\n|-damage|p1a: Breloom|82\/100\n|\n|-weather|Sandstorm|[upkeep]\n|-damage|p1a: Breloom|76\/100|[from] Sandstorm\n|-heal|p1a: Breloom|82\/100|[from] item: Leftovers\n|upkeep\n|turn|13\n|\n|t:|1666807849\n|switch|p2a: Magneton|Magneton|3\/100\n|move|p1a: Breloom|Spore|p2a: Magneton\n|-status|p2a: Magneton|slp|[from] move: Spore\n|\n|-weather|Sandstorm|[upkeep]\n|-damage|p1a: Breloom|76\/100|[from] Sandstorm\n|-heal|p1a: Breloom|82\/100|[from] item: Leftovers\n|upkeep\n|turn|14\n|\n|t:|1666807854\n|-singleturn|p1a: Breloom|move: Focus Punch\n|switch|p2a: Celebi|Celebi|61\/100\n|move|p1a: Breloom|Focus Punch|p2a: Celebi\n|-resisted|p2a: Celebi\n|-damage|p2a: Celebi|38\/100\n|\n|-weather|Sandstorm|[upkeep]\n|-damage|p2a: Celebi|31\/100|[from] Sandstorm\n|-damage|p1a: Breloom|76\/100|[from] Sandstorm\n|-heal|p2a: Celebi|38\/100|[from] item: Leftovers\n|-heal|p1a: Breloom|82\/100|[from] item: Leftovers\n|upkeep\n|turn|15\n|\n|t:|1666807863\n|switch|p1a: Skarmory|Skarmory, M|100\/100\n|move|p2a: Celebi|Recover|p2a: Celebi\n|-heal|p2a: Celebi|88\/100\n|\n|-weather|Sandstorm|[upkeep]\n|-damage|p2a: Celebi|81\/100|[from] Sandstorm\n|-heal|p2a: Celebi|88\/100|[from] item: Leftovers\n|upkeep\n|turn|16\n|\n|t:|1666807896\n|move|p2a: Celebi|Leech Seed|p1a: Skarmory\n|-start|p1a: Skarmory|move: Leech Seed\n|move|p1a: Skarmory|Spikes|p2a: Celebi\n|-sidestart|p2: knexhawk2|Spikes\n|\n|-weather|Sandstorm|[upkeep]\n|-damage|p2a: Celebi|81\/100|[from] Sandstorm\n|-heal|p2a: Celebi|88\/100|[from] item: Leftovers\n|-damage|p1a: Skarmory|88\/100|[from] Leech Seed|[of] p2a: Celebi\n|-heal|p2a: Celebi|98\/100|[silent]\n|upkeep\n|turn|17\n|\n|t:|1666807903\n|switch|p2a: Tyranitar|Tyranitar, M|100\/100\n|-damage|p2a: Tyranitar|88\/100|[from] Spikes\n|move|p1a: Skarmory|Toxic|p2a: Tyranitar\n|-status|p2a: Tyranitar|tox\n|\n|-weather|Sandstorm|[upkeep]\n|-heal|p1a: Skarmory|94\/100|[from] item: Leftovers\n|-damage|p1a: Skarmory|82\/100|[from] Leech Seed|[of] p2a: Tyranitar\n|-heal|p2a: Tyranitar|98\/100 tox|[silent]\n|-heal|p2a: Tyranitar|100\/100 tox|[from] item: Leftovers\n|-damage|p2a: Tyranitar|94\/100 tox|[from] psn\n|upkeep\n|turn|18\n|\n|t:|1666807911\n|switch|p1a: Starmie|Starmie|100\/100\n|move|p2a: Tyranitar|Fire Blast|p1a: Starmie|[miss]\n|-miss|p2a: Tyranitar|p1a: Starmie\n|\n|-weather|Sandstorm|[upkeep]\n|-damage|p1a: Starmie|94\/100|[from] Sandstorm\n|-heal|p1a: Starmie|100\/100|[from] item: Leftovers\n|-heal|p2a: Tyranitar|100\/100 tox|[from] item: Leftovers\n|-damage|p2a: Tyranitar|88\/100 tox|[from] psn\n|upkeep\n|turn|19\n|\n|t:|1666807939\n|switch|p1a: Skarmory|Skarmory, M|82\/100\n|switch|p2a: Celebi|Celebi|98\/100\n|-damage|p2a: Celebi|85\/100|[from] Spikes\n|\n|-weather|Sandstorm|[upkeep]\n|-damage|p2a: Celebi|79\/100|[from] Sandstorm\n|-heal|p2a: Celebi|85\/100|[from] item: Leftovers\n|-heal|p1a: Skarmory|88\/100|[from] item: Leftovers\n|upkeep\n|turn|20\n|\n|t:|1666807948\n|move|p2a: Celebi|Leech Seed|p1a: Skarmory\n|-start|p1a: Skarmory|move: Leech Seed\n|move|p1a: Skarmory|Spikes|p2a: Celebi\n|-sidestart|p2: knexhawk2|Spikes\n|\n|-weather|Sandstorm|[upkeep]\n|-damage|p2a: Celebi|79\/100|[from] Sandstorm\n|-heal|p2a: Celebi|85\/100|[from] item: Leftovers\n|-heal|p1a: Skarmory|94\/100|[from] item: Leftovers\n|-damage|p1a: Skarmory|82\/100|[from] Leech Seed|[of] p2a: Celebi\n|-heal|p2a: Celebi|96\/100|[silent]\n|upkeep\n|turn|21\n|\n|t:|1666807955\n|move|p2a: Celebi|Hidden Power|p1a: Skarmory\n|-resisted|p1a: Skarmory\n|-damage|p1a: Skarmory|76\/100\n|move|p1a: Skarmory|Spikes|p2a: Celebi\n|-sidestart|p2: knexhawk2|Spikes\n|\n|-weather|Sandstorm|[upkeep]\n|-damage|p2a: Celebi|89\/100|[from] Sandstorm\n|-heal|p2a: Celebi|96\/100|[from] item: Leftovers\n|-heal|p1a: Skarmory|82\/100|[from] item: Leftovers\n|-damage|p1a: Skarmory|70\/100|[from] Leech Seed|[of] p2a: Celebi\n|-heal|p2a: Celebi|100\/100|[silent]\n|upkeep\n|turn|22\n|\n|t:|1666807961\n|switch|p1a: Gengar|Gengar, M|100\/100\n|move|p2a: Celebi|Leech Seed|p1a: Gengar\n|-start|p1a: Gengar|move: Leech Seed\n|\n|-weather|Sandstorm|[upkeep]\n|-damage|p1a: Gengar|95\/100|[from] Sandstorm\n|-damage|p2a: Celebi|94\/100|[from] Sandstorm\n|-heal|p1a: Gengar|100\/100|[from] item: Leftovers\n|-damage|p1a: Gengar|88\/100|[from] Leech Seed|[of] p2a: Celebi\n|-heal|p2a: Celebi|100\/100|[silent]\n|upkeep\n|turn|23\n|\n|t:|1666807967\n|switch|p1a: Starmie|Starmie|100\/100\n|move|p2a: Celebi|Light Screen|p2a: Celebi\n|-sidestart|p2: knexhawk2|Light Screen\n|\n|-weather|Sandstorm|[upkeep]\n|-damage|p1a: Starmie|94\/100|[from] Sandstorm\n|-damage|p2a: Celebi|94\/100|[from] Sandstorm\n|-heal|p1a: Starmie|100\/100|[from] item: Leftovers\n|-heal|p2a: Celebi|100\/100|[from] item: Leftovers\n|upkeep\n|turn|24\n|\n|t:|1666807971\n|switch|p2a: Tyranitar|Tyranitar, M|88\/100 tox\n|-damage|p2a: Tyranitar|63\/100 tox|[from] Spikes\n|move|p1a: Starmie|Toxic|p2a: Tyranitar\n|-fail|p2a: Tyranitar|tox\n|\n|-weather|Sandstorm|[upkeep]\n|-damage|p1a: Starmie|94\/100|[from] Sandstorm\n|-heal|p1a: Starmie|100\/100|[from] item: Leftovers\n|-heal|p2a: Tyranitar|69\/100 tox|[from] item: Leftovers\n|-damage|p2a: Tyranitar|63\/100 tox|[from] psn\n|upkeep\n|turn|25\n|\n|t:|1666807975\n|move|p1a: Starmie|Surf|p2a: Tyranitar\n|-supereffective|p2a: Tyranitar\n|-damage|p2a: Tyranitar|33\/100 tox\n|move|p2a: Tyranitar|Pursuit|p1a: Starmie\n|-supereffective|p1a: Starmie\n|-damage|p1a: Starmie|55\/100\n|\n|-weather|Sandstorm|[upkeep]\n|-damage|p1a: Starmie|49\/100|[from] Sandstorm\n|-heal|p1a: Starmie|55\/100|[from] item: Leftovers\n|-heal|p2a: Tyranitar|39\/100 tox|[from] item: Leftovers\n|-damage|p2a: Tyranitar|26\/100 tox|[from] psn\n|upkeep\n|turn|26\n|\n|t:|1666807982\n|move|p1a: Starmie|Recover|p1a: Starmie\n|-heal|p1a: Starmie|100\/100\n|move|p2a: Tyranitar|Pursuit|p1a: Starmie\n|-supereffective|p1a: Starmie\n|-damage|p1a: Starmie|61\/100\n|\n|-weather|Sandstorm|[upkeep]\n|-damage|p1a: Starmie|55\/100|[from] Sandstorm\n|-heal|p1a: Starmie|61\/100|[from] item: Leftovers\n|-heal|p2a: Tyranitar|33\/100 tox|[from] item: Leftovers\n|-damage|p2a: Tyranitar|14\/100 tox|[from] psn\n|upkeep\n|turn|27\n|\n|t:|1666807994\n|move|p1a: Starmie|Surf|p2a: Tyranitar\n|-supereffective|p2a: Tyranitar\n|-damage|p2a: Tyranitar|0 fnt\n|faint|p2a: Tyranitar\n|\n|t:|1666807996\n|switch|p2a: Aerodactyl|Aerodactyl, M|100\/100\n|\n|-sideend|p2: knexhawk2|Light Screen\n|-weather|Sandstorm|[upkeep]\n|-damage|p1a: Starmie|55\/100|[from] Sandstorm\n|-heal|p1a: Starmie|61\/100|[from] item: Leftovers\n|upkeep\n|turn|28\n|\n|t:|1666808002\n|move|p2a: Aerodactyl|Rock Slide|p1a: Starmie\n|-damage|p1a: Starmie|0 fnt\n|faint|p1a: Starmie\n|\n|t:|1666808010\n|switch|p1a: Skarmory|Skarmory, M|70\/100\n|\n|-weather|Sandstorm|[upkeep]\n|-heal|p1a: Skarmory|76\/100|[from] item: Leftovers\n|upkeep\n|turn|29\n|\n|t:|1666808033\n|switch|p2a: Celebi|Celebi|100\/100\n|-damage|p2a: Celebi|76\/100|[from] Spikes\n|move|p1a: Skarmory|Toxic|p2a: Celebi\n|-status|p2a: Celebi|tox\n|\n|-weather|Sandstorm|[upkeep]\n|-damage|p2a: Celebi|69\/100 tox|[from] Sandstorm\n|-heal|p2a: Celebi|76\/100 tox|[from] item: Leftovers\n|-damage|p2a: Celebi|69\/100 tox|[from] psn\n|-heal|p1a: Skarmory|82\/100|[from] item: Leftovers\n|upkeep\n|turn|30\n|\n|t:|1666808041\n|move|p1a: Skarmory|Protect|p1a: Skarmory\n|-singleturn|p1a: Skarmory|Protect\n|move|p2a: Celebi|Leech Seed|p1a: Skarmory\n|-activate|p1a: Skarmory|Protect\n|\n|-weather|Sandstorm|[upkeep]\n|-damage|p2a: Celebi|63\/100 tox|[from] Sandstorm\n|-heal|p2a: Celebi|69\/100 tox|[from] item: Leftovers\n|-damage|p2a: Celebi|57\/100 tox|[from] psn\n|-heal|p1a: Skarmory|88\/100|[from] item: Leftovers\n|upkeep\n|turn|31\n|\n|t:|1666808046\n|switch|p1a: Breloom|Breloom, F|82\/100\n|move|p2a: Celebi|Leech Seed|p1a: Breloom\n|-immune|p1a: Breloom\n|\n|-weather|Sandstorm|[upkeep]\n|-damage|p2a: Celebi|51\/100 tox|[from] Sandstorm\n|-damage|p1a: Breloom|76\/100|[from] Sandstorm\n|-heal|p2a: Celebi|57\/100 tox|[from] item: Leftovers\n|-damage|p2a: Celebi|38\/100 tox|[from] psn\n|-heal|p1a: Breloom|82\/100|[from] item: Leftovers\n|upkeep\n|turn|32\n|\n|t:|1666808051\n|-curestatus|p2a: Celebi|tox|[from] ability: Natural Cure\n|switch|p2a: Magneton|Magneton|3\/100 slp\n|-damage|p2a: Magneton|0 fnt|[from] Spikes\n|faint|p2a: Magneton\n|\n|t:|1666808053\n|switch|p2a: Aerodactyl|Aerodactyl, M|100\/100\n|\n|-weather|Sandstorm|[upkeep]\n|-damage|p1a: Breloom|76\/100|[from] Sandstorm\n|-heal|p1a: Breloom|82\/100|[from] item: Leftovers\n|upkeep\n|turn|33\n|\n|t:|1666808059\n|move|p2a: Aerodactyl|Double-Edge|p1a: Breloom\n|-damage|p1a: Breloom|38\/100\n|move|p1a: Breloom|Spore|p2a: Aerodactyl\n|-status|p2a: Aerodactyl|slp|[from] move: Spore\n|\n|-weather|Sandstorm|[upkeep]\n|-damage|p1a: Breloom|31\/100|[from] Sandstorm\n|-heal|p1a: Breloom|38\/100|[from] item: Leftovers\n|upkeep\n|turn|34\n|-message|knexhawk2 forfeited.\n|\n|win|DumbJokes\n|raw|DumbJokes's rating: 1335 &rarr; <strong>1355<\/strong><br \/>(+20 for winning)\n|raw|knexhawk2's rating: 1337 &rarr; <strong>1317<\/strong><br \/>(-20 for losing)\n|l|\u2606knexhawk2\n||Ladder isn't responding, score probably updated but might not have (Request timeout).\n","uploadtime":1666808086,"views":23,"p1id":"dumbjokes","p2id":"knexhawk2","formatid":"gen3ou","rating":1317,"private":0,"password":null}