{"id":"gen4ubers-1407598366","p1":"Trogba Trogba","p2":"xxmubasherxx","format":"gen4ubers","log":"|j|\u2606Trogba Trogba\n|j|\u2606xxmubasherxx\n|inactive|Battle timer is ON: inactive players will automatically lose when time's up.\n|t:|1630434465\n|gametype|singles\n|player|p1|Trogba Trogba|lance|\n|player|p2|xxmubasherxx|biker-gen4|\n|teamsize|p1|6\n|teamsize|p2|6\n|gen|4\n|tier|[Gen 4] Ubers\n|rated|Tournament battle\n|rule|Sleep Clause Mod: Limit one foe put to sleep\n|rule|Species Clause: Limit one of each Pok\u00e9mon\n|rule|OHKO Clause: OHKO moves are banned\n|rule|Evasion Moves Clause: Evasion moves are banned\n|rule|Endless Battle Clause: Forcing endless battles is banned\n|rule|HP Percentage Mod: HP is shown in percentages\n|\n|t:|1630434465\n|start\n|switch|p1a: Deoxys|Deoxys-Speed|100\/100\n|switch|p2a: Cloyster|Cloyster, M|100\/100\n|-ability|p1a: Deoxys|Pressure\n|turn|1\n|j|*Lady Monita\n|j| Doctor coolress\n|j| Koreyiscool\n|j| JuanTz\n|l| Doctor coolress\n|\n|t:|1630434493\n|move|p1a: Deoxys|Spikes|p2a: Cloyster\n|-sidestart|p2: xxmubasherxx|Spikes\n|move|p2a: Cloyster|Spikes|p1a: Deoxys\n|-sidestart|p1: Trogba Trogba|Spikes\n|\n|upkeep\n|turn|2\n|\n|t:|1630434498\n|move|p1a: Deoxys|Taunt|p2a: Cloyster\n|-start|p2a: Cloyster|move: Taunt\n|cant|p2a: Cloyster|move: Taunt|Spikes\n|\n|upkeep\n|turn|3\n|\n|t:|1630434502\n|move|p1a: Deoxys|Stealth Rock|p2a: Cloyster\n|-sidestart|p2: xxmubasherxx|move: Stealth Rock\n|move|p2a: Cloyster|Payback|p1a: Deoxys\n|-supereffective|p1a: Deoxys\n|-damage|p1a: Deoxys|11\/100\n|\n|upkeep\n|turn|4\n|\n|t:|1630434506\n|switch|p1a: Dialga|Dialga|100\/100\n|-damage|p1a: Dialga|88\/100|[from] Spikes\n|-ability|p1a: Dialga|Pressure\n|move|p2a: Cloyster|Ice Shard|p1a: Dialga\n|-crit|p1a: Dialga\n|-damage|p1a: Dialga|62\/100\n|\n|upkeep\n|turn|5\n|\n|t:|1630434512\n|move|p2a: Cloyster|Payback|p1a: Dialga\n|-resisted|p1a: Dialga\n|-damage|p1a: Dialga|56\/100\n|move|p1a: Dialga|Flash Cannon|p2a: Cloyster\n|-damage|p2a: Cloyster|1\/100\n|-enditem|p2a: Cloyster|Focus Sash\n|\n|-end|p2a: Cloyster|move: Taunt\n|upkeep\n|turn|6\n|\n|t:|1630434517\n|move|p2a: Cloyster|Toxic Spikes|p1a: Dialga\n|-sidestart|p1: Trogba Trogba|move: Toxic Spikes\n|move|p1a: Dialga|Flash Cannon|p2a: Cloyster\n|-damage|p2a: Cloyster|0 fnt\n|faint|p2a: Cloyster\n|\n|upkeep\n|j| Krin king\n|j| PyroTheGeomance\n|j| 0_0 Tmm2\n|\n|t:|1630434529\n|switch|p2a: Palkia|Palkia|100\/100\n|-damage|p2a: Palkia|88\/100|[from] Spikes\n|-damage|p2a: Palkia|76\/100|[from] Stealth Rock\n|-ability|p2a: Palkia|Pressure\n|turn|7\n|\n|t:|1630434534\n|switch|p1a: Deoxys|Deoxys-Speed|11\/100\n|-status|p1a: Deoxys|psn\n|-damage|p1a: Deoxys|0 fnt|[from] Spikes\n|faint|p1a: Deoxys\n|move|p2a: Palkia|Fire Blast|p1: Deoxys|[notarget]\n|-notarget|p2a: Palkia\n|\n|upkeep\n|\n|t:|1630434538\n|switch|p1a: Lugia|Lugia|100\/100\n|-ability|p1a: Lugia|Pressure\n|turn|8\n|l| PyroTheGeomance\n|j| NaniShark37\n|\n|t:|1630434561\n|switch|p2a: Giratina|Giratina-Origin|100\/100\n|-damage|p2a: Giratina|88\/100|[from] Stealth Rock\n|move|p1a: Lugia|Toxic|p2a: Giratina\n|-status|p2a: Giratina|tox\n|\n|-damage|p2a: Giratina|82\/100 tox|[from] psn\n|upkeep\n|turn|9\n|l| JuanTz\n|\n|t:|1630434580\n|move|p2a: Giratina|Draco Meteor|p1a: Lugia\n|-damage|p1a: Lugia|65\/100\n|-unboost|p2a: Giratina|spa|2\n|move|p1a: Lugia|Whirlwind|p2a: Giratina\n|drag|p2a: Kyogre|Kyogre|100\/100\n|-damage|p2a: Kyogre|88\/100|[from] Stealth Rock\n|-damage|p2a: Kyogre|76\/100|[from] Spikes\n|-weather|RainDance|[from] ability: Drizzle|[of] p2a: Kyogre\n|\n|-weather|RainDance|[upkeep]\n|-heal|p1a: Lugia|71\/100|[from] item: Leftovers\n|upkeep\n|turn|10\n|j| siposs98\n|\n|t:|1630434593\n|move|p2a: Kyogre|Thunder|p1a: Lugia\n|-supereffective|p1a: Lugia\n|-damage|p1a: Lugia|28\/100\n|move|p1a: Lugia|Roost|p1a: Lugia\n|-heal|p1a: Lugia|78\/100\n|-singleturn|p1a: Lugia|move: Roost\n|\n|-weather|RainDance|[upkeep]\n|-heal|p1a: Lugia|84\/100|[from] item: Leftovers\n|upkeep\n|turn|11\n|\n|t:|1630434601\n|switch|p2a: Scizor|Scizor, M|100\/100\n|-damage|p2a: Scizor|88\/100|[from] Spikes\n|-damage|p2a: Scizor|76\/100|[from] Stealth Rock\n|switch|p1a: Groudon|Groudon|100\/100\n|-damage|p1a: Groudon|88\/100|[from] Spikes\n|-status|p1a: Groudon|psn\n|-weather|SunnyDay|[from] ability: Drought|[of] p1a: Groudon\n|\n|-weather|SunnyDay|[upkeep]\n|-heal|p1a: Groudon|94\/100 psn|[from] item: Leftovers\n|-damage|p1a: Groudon|82\/100 psn|[from] psn\n|upkeep\n|turn|12\n|\n|t:|1630434610\n|switch|p2a: Palkia|Palkia|76\/100\n|-damage|p2a: Palkia|63\/100|[from] Spikes\n|-damage|p2a: Palkia|51\/100|[from] Stealth Rock\n|-ability|p2a: Palkia|Pressure\n|move|p1a: Groudon|Thunder Wave|p2a: Palkia\n|-status|p2a: Palkia|par\n|\n|-weather|SunnyDay|[upkeep]\n|-heal|p1a: Groudon|88\/100 psn|[from] item: Leftovers\n|-damage|p1a: Groudon|76\/100 psn|[from] psn\n|upkeep\n|turn|13\n|\n|t:|1630434612\n|switch|p1a: Lugia|Lugia|84\/100\n|-ability|p1a: Lugia|Pressure\n|cant|p2a: Palkia|par\n|\n|-weather|SunnyDay|[upkeep]\n|-heal|p1a: Lugia|91\/100|[from] item: Leftovers\n|upkeep\n|turn|14\n|\n|t:|1630434617\n|switch|p2a: Scizor|Scizor, M|76\/100\n|-damage|p2a: Scizor|64\/100|[from] Stealth Rock\n|-damage|p2a: Scizor|52\/100|[from] Spikes\n|move|p1a: Lugia|Aeroblast|p2a: Scizor\n|-damage|p2a: Scizor|13\/100\n|\n|-weather|SunnyDay|[upkeep]\n|-heal|p1a: Lugia|97\/100|[from] item: Leftovers\n|upkeep\n|turn|15\n|\n|t:|1630434621\n|move|p1a: Lugia|Aeroblast|p2a: Scizor\n|-damage|p2a: Scizor|0 fnt\n|faint|p2a: Scizor\n|\n|-weather|SunnyDay|[upkeep]\n|-heal|p1a: Lugia|100\/100|[from] item: Leftovers\n|upkeep\n|\n|t:|1630434631\n|switch|p2a: Kyogre|Kyogre|76\/100\n|-damage|p2a: Kyogre|64\/100|[from] Stealth Rock\n|-damage|p2a: Kyogre|51\/100|[from] Spikes\n|-weather|RainDance|[from] ability: Drizzle|[of] p2a: Kyogre\n|turn|16\n|j| NotAnHacker\n|\n|t:|1630434647\n|move|p2a: Kyogre|Ice Beam|p1a: Lugia\n|-supereffective|p1a: Lugia\n|-damage|p1a: Lugia|64\/100\n|move|p1a: Lugia|Roost|p1a: Lugia\n|-heal|p1a: Lugia|100\/100\n|-singleturn|p1a: Lugia|move: Roost\n|\n|-weather|RainDance|[upkeep]\n|upkeep\n|turn|17\n|j| jahmille118\n|\n|t:|1630434670\n|move|p2a: Kyogre|Ice Beam|p1a: Lugia\n|-supereffective|p1a: Lugia\n|-damage|p1a: Lugia|65\/100\n|move|p1a: Lugia|Toxic|p2a: Kyogre\n|-status|p2a: Kyogre|tox\n|\n|-weather|RainDance|[upkeep]\n|-damage|p2a: Kyogre|45\/100 tox|[from] psn\n|-heal|p1a: Lugia|72\/100|[from] item: Leftovers\n|upkeep\n|turn|18\n|c|\u2606xxmubasherxx|freeze is my only chance at a awin\n|j| Lexatron07\n|c| Lexatron07|Ahhhh\n|c|\u2606xxmubasherxx|lugia is too bloody bulky\n|\n|t:|1630434695\n|move|p2a: Kyogre|Ice Beam|p1a: Lugia\n|-supereffective|p1a: Lugia\n|-damage|p1a: Lugia|38\/100\n|move|p1a: Lugia|Roost|p1a: Lugia\n|-heal|p1a: Lugia|88\/100\n|-singleturn|p1a: Lugia|move: Roost\n|\n|-weather|RainDance|[upkeep]\n|-damage|p2a: Kyogre|33\/100 tox|[from] psn\n|-heal|p1a: Lugia|94\/100|[from] item: Leftovers\n|upkeep\n|turn|19\n|c| jahmille118|Kyogre would have had thunder.\n|\n|t:|1630434701\n|move|p2a: Kyogre|Ice Beam|p1a: Lugia\n|-supereffective|p1a: Lugia\n|-crit|p1a: Lugia\n|-damage|p1a: Lugia|17\/100\n|move|p1a: Lugia|Aeroblast|p2a: Kyogre\n|-damage|p2a: Kyogre|10\/100 tox\n|\n|-weather|RainDance|[upkeep]\n|-damage|p2a: Kyogre|0 fnt|[from] psn\n|faint|p2a: Kyogre\n|-heal|p1a: Lugia|24\/100|[from] item: Leftovers\n|upkeep\n|c|\u2606xxmubasherxx|i tried it , didnt work\n|\n|t:|1630434709\n|switch|p2a: Giratina|Giratina-Origin|82\/100 tox\n|-damage|p2a: Giratina|69\/100 tox|[from] Stealth Rock\n|turn|20\n|c|\u2606Trogba Trogba|lmao\n|\n|t:|1630434713\n|switch|p1a: Groudon|Groudon|76\/100 psn\n|-damage|p1a: Groudon|63\/100 psn|[from] Spikes\n|-weather|SunnyDay|[from] ability: Drought|[of] p1a: Groudon\n|move|p2a: Giratina|Shadow Sneak|p1a: Groudon\n|-damage|p1a: Groudon|52\/100 psn\n|\n|-weather|SunnyDay|[upkeep]\n|-damage|p2a: Giratina|63\/100 tox|[from] psn\n|-heal|p1a: Groudon|58\/100 psn|[from] item: Leftovers\n|-damage|p1a: Groudon|46\/100 psn|[from] psn\n|upkeep\n|turn|21\n|\n|t:|1630434720\n|move|p2a: Giratina|Earthquake|p1a: Groudon\n|-damage|p1a: Groudon|30\/100 psn\n|move|p1a: Groudon|Roar|p2a: Giratina\n|drag|p2a: Palkia|Palkia|51\/100 par\n|-damage|p2a: Palkia|38\/100 par|[from] Stealth Rock\n|-damage|p2a: Palkia|26\/100 par|[from] Spikes\n|-ability|p2a: Palkia|Pressure\n|\n|-weather|SunnyDay|[upkeep]\n|-heal|p1a: Groudon|36\/100 psn|[from] item: Leftovers\n|-damage|p1a: Groudon|24\/100 psn|[from] psn\n|upkeep\n|turn|22\n|\n|t:|1630434725\n|switch|p1a: Lugia|Lugia|24\/100\n|-ability|p1a: Lugia|Pressure\n|move|p2a: Palkia|Spacial Rend|p1a: Lugia\n|-damage|p1a: Lugia|0 fnt\n|faint|p1a: Lugia\n|\n|-weather|SunnyDay|[upkeep]\n|upkeep\n|\n|t:|1630434730\n|switch|p1a: Rayquaza|Rayquaza|100\/100\n|turn|23\n|\n|t:|1630434737\n|move|p1a: Rayquaza|Outrage|p2a: Palkia\n|-supereffective|p2a: Palkia\n|-damage|p2a: Palkia|0 fnt\n|faint|p2a: Palkia\n|-damage|p1a: Rayquaza|91\/100|[from] item: Life Orb\n|\n|-weather|SunnyDay|[upkeep]\n|upkeep\n|c|\u2606xxmubasherxx|good lord\n|\n|t:|1630434744\n|switch|p2a: Dialga|Dialga|100\/100\n|-damage|p2a: Dialga|88\/100|[from] Spikes\n|-damage|p2a: Dialga|82\/100|[from] Stealth Rock\n|-ability|p2a: Dialga|Pressure\n|turn|24\n|c|\u2606Trogba Trogba|lugia is aids lmao\n|\n|t:|1630434751\n|move|p1a: Rayquaza|Outrage|p2a: Dialga|[from]lockedmove\n|-damage|p2a: Dialga|12\/100\n|-damage|p1a: Rayquaza|81\/100|[from] item: Life Orb\n|move|p2a: Dialga|Dragon Pulse|p1a: Rayquaza\n|-supereffective|p1a: Rayquaza\n|-damage|p1a: Rayquaza|0 fnt\n|faint|p1a: Rayquaza\n|\n|-weather|SunnyDay|[upkeep]\n|-heal|p2a: Dialga|19\/100|[from] item: Leftovers\n|upkeep\n|c|\u2606xxmubasherxx|yea for sure\n|\n|t:|1630434760\n|switch|p1a: Kyogre|Kyogre|100\/100\n|-status|p1a: Kyogre|psn\n|-damage|p1a: Kyogre|88\/100 psn|[from] Spikes\n|-weather|RainDance|[from] ability: Drizzle|[of] p1a: Kyogre\n|turn|25\n|\n|t:|1630434763\n|move|p1a: Kyogre|Ice Beam|p2a: Dialga\n|-damage|p2a: Dialga|0 fnt\n|faint|p2a: Dialga\n|\n|-weather|RainDance|[upkeep]\n|-damage|p1a: Kyogre|76\/100 psn|[from] psn\n|upkeep\n|\n|t:|1630434765\n|switch|p2a: Giratina|Giratina-Origin|63\/100 tox\n|-damage|p2a: Giratina|51\/100 tox|[from] Stealth Rock\n|turn|26\n|\n|t:|1630434768\n|move|p1a: Kyogre|Ice Beam|p2a: Giratina\n|-supereffective|p2a: Giratina\n|-damage|p2a: Giratina|0 fnt\n|faint|p2a: Giratina\n|\n|win|Trogba Trogba\n|n|\u2606Trogba Trogba|trogbatrogba\n|n|\u2606xxmubasherxx|xxmubasherxx\n|n|*Lady Monita|ladymonita\n|n| Koreyiscool|koreyiscool\n|n| Krin king|krinking\n|n| 0_0 Tmm2|00tmm2\n|n| NaniShark37|nanishark37\n|n| siposs98|siposs98\n|n| NotAnHacker|notanhacker\n|n| jahmille118|jahmille118\n|n| Lexatron07|lexatron07\n","uploadtime":1630434769,"views":4,"p1id":"trogbatrogba","p2id":"xxmubasherxx","formatid":"gen4ubers","rating":0,"private":0,"password":null}