{"id":"gen4ou-1686184673","p1":"Capital Cruiser","p2":"CovertDarvesh","format":"gen4ou","log":"|j|\u203dCapital Cruiser\n|j|\u2606CovertDarvesh\n|t:|1665811461\n|gametype|singles\n|player|p1|Capital Cruiser|cheren-gen5bw2|1345\n|player|p2|CovertDarvesh|hilbert-wonderlauncher|1059\n|teamsize|p1|6\n|teamsize|p2|6\n|gen|4\n|tier|[Gen 4] OU\n|rated|\n|rule|Sleep Clause Mod: Limit one foe put to sleep\n|rule|Species Clause: Limit one of each Pok\u00e9mon\n|rule|OHKO Clause: OHKO moves are banned\n|rule|Evasion Items Clause: Evasion items are banned\n|rule|Evasion Moves Clause: Evasion moves are banned\n|rule|Endless Battle Clause: Forcing endless battles is banned\n|rule|HP Percentage Mod: HP is shown in percentages\n|rule|Freeze Clause Mod: Limit one foe frozen\n|\n|t:|1665811461\n|start\n|switch|p1a: Dragonite|Dragonite, M, shiny|100\/100\n|switch|p2a: Tyranitar|Tyranitar, F|100\/100\n|-weather|Sandstorm|[from] ability: Sand Stream|[of] p2a: Tyranitar\n|turn|1\n|inactive|Battle timer is ON: inactive players will automatically lose when time's up. (requested by Capital Cruiser)\n|\n|t:|1665811490\n|move|p1a: Dragonite|Outrage|p2a: Tyranitar\n|-damage|p2a: Tyranitar|27\/100\n|-damage|p1a: Dragonite|91\/100|[from] item: Life Orb\n|move|p2a: Tyranitar|Stone Edge|p1a: Dragonite\n|-supereffective|p1a: Dragonite\n|-damage|p1a: Dragonite|0 fnt\n|faint|p1a: Dragonite\n|\n|-weather|Sandstorm|[upkeep]\n|upkeep\n|\n|t:|1665811501\n|switch|p1a: Ambipom|Ambipom, F, shiny|100\/100\n|turn|2\n|\n|t:|1665811515\n|switch|p2a: Breloom|Breloom, F|100\/100\n|move|p1a: Ambipom|Low Kick|p2a: Breloom\n|-damage|p2a: Breloom|61\/100\n|\n|-weather|Sandstorm|[upkeep]\n|-damage|p1a: Ambipom|94\/100|[from] Sandstorm\n|-damage|p2a: Breloom|55\/100|[from] Sandstorm\n|-status|p2a: Breloom|tox|[from] item: Toxic Orb\n|upkeep\n|turn|3\n|\n|t:|1665811525\n|move|p1a: Ambipom|Double Hit|p2a: Breloom\n|-damage|p2a: Breloom|14\/100 tox\n|-damage|p2a: Breloom|0 fnt\n|faint|p2a: Breloom\n|-hitcount|p2: Breloom|2\n|\n|-weather|Sandstorm|[upkeep]\n|-damage|p1a: Ambipom|88\/100|[from] Sandstorm\n|upkeep\n|\n|t:|1665811538\n|switch|p2a: Latias|Latias, F|100\/100\n|turn|4\n|\n|t:|1665811547\n|switch|p1a: Empoleon|Empoleon, M, shiny|100\/100\n|move|p2a: Latias|Draco Meteor|p1a: Empoleon\n|-resisted|p1a: Empoleon\n|-damage|p1a: Empoleon|77\/100\n|-unboost|p2a: Latias|spa|2\n|\n|-weather|Sandstorm|[upkeep]\n|-damage|p2a: Latias|95\/100|[from] Sandstorm\n|upkeep\n|turn|5\n|\n|t:|1665811557\n|switch|p2a: Starmie|Starmie|100\/100\n|move|p1a: Empoleon|Surf|p2a: Starmie\n|-resisted|p2a: Starmie\n|-damage|p2a: Starmie|59\/100\n|\n|-weather|Sandstorm|[upkeep]\n|-damage|p2a: Starmie|53\/100|[from] Sandstorm\n|-heal|p2a: Starmie|59\/100|[from] item: Leftovers\n|upkeep\n|turn|6\n|\n|t:|1665811568\n|move|p2a: Starmie|Thunderbolt|p1a: Empoleon\n|-supereffective|p1a: Empoleon\n|-damage|p1a: Empoleon|39\/100\n|move|p1a: Empoleon|Surf|p2a: Starmie\n|-resisted|p2a: Starmie\n|-damage|p2a: Starmie|19\/100\n|\n|-weather|Sandstorm|[upkeep]\n|-damage|p2a: Starmie|13\/100|[from] Sandstorm\n|-heal|p2a: Starmie|19\/100|[from] item: Leftovers\n|upkeep\n|turn|7\n|\n|t:|1665811577\n|move|p2a: Starmie|Recover|p2a: Starmie\n|-heal|p2a: Starmie|69\/100\n|move|p1a: Empoleon|Surf|p2a: Starmie\n|-resisted|p2a: Starmie\n|-damage|p2a: Starmie|32\/100\n|\n|-weather|Sandstorm|[upkeep]\n|-damage|p2a: Starmie|25\/100|[from] Sandstorm\n|-heal|p2a: Starmie|32\/100|[from] item: Leftovers\n|upkeep\n|turn|8\n|\n|t:|1665811587\n|switch|p1a: Tentacruel|Tentacruel, F, shiny|100\/100\n|move|p2a: Starmie|Recover|p2a: Starmie\n|-heal|p2a: Starmie|82\/100\n|\n|-weather|Sandstorm|[upkeep]\n|-damage|p2a: Starmie|75\/100|[from] Sandstorm\n|-damage|p1a: Tentacruel|94\/100|[from] Sandstorm\n|-heal|p2a: Starmie|82\/100|[from] item: Leftovers\n|-heal|p1a: Tentacruel|100\/100|[from] item: Black Sludge\n|upkeep\n|turn|9\n|\n|t:|1665811596\n|move|p2a: Starmie|Thunderbolt|p1a: Tentacruel\n|-supereffective|p1a: Tentacruel\n|-damage|p1a: Tentacruel|75\/100\n|move|p1a: Tentacruel|Toxic Spikes|p2a: Starmie\n|-sidestart|p2: CovertDarvesh|move: Toxic Spikes\n|\n|-weather|Sandstorm|[upkeep]\n|-damage|p2a: Starmie|75\/100|[from] Sandstorm\n|-damage|p1a: Tentacruel|69\/100|[from] Sandstorm\n|-heal|p2a: Starmie|82\/100|[from] item: Leftovers\n|-heal|p1a: Tentacruel|75\/100|[from] item: Black Sludge\n|upkeep\n|turn|10\n|\n|t:|1665811605\n|switch|p1a: Ambipom|Ambipom, F, shiny|88\/100\n|move|p2a: Starmie|Rapid Spin|p1a: Ambipom\n|-damage|p1a: Ambipom|83\/100\n|-sideend|p2: CovertDarvesh|Toxic Spikes|[from] move: Rapid Spin|[of] p2a: Starmie\n|\n|-weather|Sandstorm|[upkeep]\n|-damage|p1a: Ambipom|77\/100|[from] Sandstorm\n|-damage|p2a: Starmie|75\/100|[from] Sandstorm\n|-heal|p2a: Starmie|82\/100|[from] item: Leftovers\n|upkeep\n|turn|11\n|inactive|CovertDarvesh has 120 seconds left.\n|\n|t:|1665811650\n|move|p1a: Ambipom|Fake Out|p2a: Starmie\n|-damage|p2a: Starmie|43\/100\n|cant|p2a: Starmie|flinch\n|\n|-weather|Sandstorm|[upkeep]\n|-damage|p2a: Starmie|37\/100|[from] Sandstorm\n|-damage|p1a: Ambipom|71\/100|[from] Sandstorm\n|-heal|p2a: Starmie|43\/100|[from] item: Leftovers\n|upkeep\n|turn|12\n|\n|t:|1665811664\n|switch|p2a: Latias|Latias, F|95\/100\n|move|p1a: Ambipom|Shadow Claw|p2a: Latias\n|-supereffective|p2a: Latias\n|-damage|p2a: Latias|39\/100\n|\n|-weather|Sandstorm|[upkeep]\n|-damage|p2a: Latias|33\/100|[from] Sandstorm\n|-damage|p1a: Ambipom|65\/100|[from] Sandstorm\n|upkeep\n|turn|13\n|\n|t:|1665811674\n|switch|p1a: Empoleon|Empoleon, M, shiny|39\/100\n|move|p2a: Latias|Recover|p2a: Latias\n|-heal|p2a: Latias|83\/100\n|\n|-weather|Sandstorm|[upkeep]\n|-damage|p2a: Latias|77\/100|[from] Sandstorm\n|upkeep\n|turn|14\n|\n|t:|1665811683\n|switch|p2a: Blissey|Blissey, F|100\/100\n|move|p1a: Empoleon|Ice Beam|p2a: Blissey\n|-damage|p2a: Blissey|84\/100\n|\n|-weather|Sandstorm|[upkeep]\n|-damage|p2a: Blissey|78\/100|[from] Sandstorm\n|-heal|p2a: Blissey|84\/100|[from] item: Leftovers\n|upkeep\n|turn|15\n|inactive|CovertDarvesh has 120 seconds left.\n|\n|t:|1665811695\n|switch|p1a: Donphan|Donphan, F, shiny|100\/100\n|move|p2a: Blissey|Wish|p2a: Blissey\n|\n|-weather|Sandstorm|[upkeep]\n|-damage|p2a: Blissey|78\/100|[from] Sandstorm\n|-heal|p2a: Blissey|84\/100|[from] item: Leftovers\n|upkeep\n|turn|16\n|inactive|CovertDarvesh has 120 seconds left.\n|\n|t:|1665811720\n|switch|p2a: Swampert|Swampert, M|100\/100\n|move|p1a: Donphan|Stealth Rock|p2a: Swampert\n|-sidestart|p2: CovertDarvesh|move: Stealth Rock\n|\n|-weather|Sandstorm|[upkeep]\n|upkeep\n|turn|17\n|\n|t:|1665811728\n|move|p2a: Swampert|Earthquake|p1a: Donphan\n|-crit|p1a: Donphan\n|-damage|p1a: Donphan|21\/100\n|move|p1a: Donphan|Toxic|p2a: Swampert\n|-status|p2a: Swampert|tox\n|\n|-weather|Sandstorm|[upkeep]\n|-damage|p2a: Swampert|94\/100 tox|[from] psn\n|-heal|p1a: Donphan|27\/100|[from] item: Leftovers\n|upkeep\n|turn|18\n|\n|t:|1665811737\n|move|p2a: Swampert|Earthquake|p1a: Donphan\n|-damage|p1a: Donphan|0 fnt\n|faint|p1a: Donphan\n|\n|-weather|Sandstorm|[upkeep]\n|-damage|p2a: Swampert|82\/100 tox|[from] psn\n|upkeep\n|\n|t:|1665811745\n|switch|p1a: Ambipom|Ambipom, F, shiny|65\/100\n|turn|19\n|inactive|CovertDarvesh has 120 seconds left.\n|\n|t:|1665811784\n|move|p1a: Ambipom|Fake Out|p2a: Swampert\n|-damage|p2a: Swampert|55\/100 tox\n|cant|p2a: Swampert|flinch\n|\n|-weather|Sandstorm|[upkeep]\n|-damage|p1a: Ambipom|59\/100|[from] Sandstorm\n|-damage|p2a: Swampert|36\/100 tox|[from] psn\n|upkeep\n|turn|20\n|\n|t:|1665811792\n|move|p1a: Ambipom|Double Hit|p2a: Swampert\n|-damage|p2a: Swampert|10\/100 tox\n|-damage|p2a: Swampert|0 fnt\n|faint|p2a: Swampert\n|-hitcount|p2: Swampert|2\n|\n|-weather|Sandstorm|[upkeep]\n|-damage|p1a: Ambipom|52\/100|[from] Sandstorm\n|upkeep\n|\n|t:|1665811803\n|switch|p2a: Latias|Latias, F|77\/100\n|-damage|p2a: Latias|65\/100|[from] Stealth Rock\n|turn|21\n|\n|t:|1665811829\n|switch|p1a: Empoleon|Empoleon, M, shiny|39\/100\n|move|p2a: Latias|Psychic|p1a: Empoleon\n|-resisted|p1a: Empoleon\n|-damage|p1a: Empoleon|21\/100\n|\n|-weather|Sandstorm|[upkeep]\n|-damage|p2a: Latias|59\/100|[from] Sandstorm\n|upkeep\n|turn|22\n|\n|t:|1665811837\n|switch|p2a: Blissey|Blissey, F|84\/100\n|-damage|p2a: Blissey|72\/100|[from] Stealth Rock\n|move|p1a: Empoleon|Ice Beam|p2a: Blissey\n|-damage|p2a: Blissey|56\/100\n|\n|-weather|Sandstorm|[upkeep]\n|-damage|p2a: Blissey|50\/100|[from] Sandstorm\n|-heal|p2a: Blissey|56\/100|[from] item: Leftovers\n|upkeep\n|turn|23\n|\n|t:|1665811851\n|switch|p1a: Tentacruel|Tentacruel, F, shiny|75\/100\n|move|p2a: Blissey|Seismic Toss|p1a: Tentacruel\n|-damage|p1a: Tentacruel|47\/100\n|\n|-weather|Sandstorm|[upkeep]\n|-damage|p1a: Tentacruel|41\/100|[from] Sandstorm\n|-damage|p2a: Blissey|50\/100|[from] Sandstorm\n|-heal|p1a: Tentacruel|47\/100|[from] item: Black Sludge\n|-heal|p2a: Blissey|56\/100|[from] item: Leftovers\n|upkeep\n|turn|24\n|inactive|Capital Cruiser has 120 seconds left.\n|\n|t:|1665811886\n|move|p1a: Tentacruel|Toxic Spikes|p2a: Blissey\n|-sidestart|p2: CovertDarvesh|move: Toxic Spikes\n|move|p2a: Blissey|Wish|p2a: Blissey\n|\n|-weather|Sandstorm|[upkeep]\n|-damage|p1a: Tentacruel|41\/100|[from] Sandstorm\n|-damage|p2a: Blissey|50\/100|[from] Sandstorm\n|-heal|p1a: Tentacruel|47\/100|[from] item: Black Sludge\n|-heal|p2a: Blissey|56\/100|[from] item: Leftovers\n|upkeep\n|turn|25\n|inactive|Capital Cruiser has 120 seconds left.\n|\n|t:|1665811898\n|switch|p2a: Starmie|Starmie|43\/100\n|-damage|p2a: Starmie|31\/100|[from] Stealth Rock\n|-status|p2a: Starmie|psn\n|move|p1a: Tentacruel|Surf|p2a: Starmie\n|-resisted|p2a: Starmie\n|-damage|p2a: Starmie|15\/100 psn\n|\n|-heal|p2a: Starmie|65\/100 psn|[from] move: Wish|[wisher] Blissey\n|-weather|Sandstorm|[upkeep]\n|-damage|p2a: Starmie|59\/100 psn|[from] Sandstorm\n|-damage|p1a: Tentacruel|41\/100|[from] Sandstorm\n|-heal|p2a: Starmie|65\/100 psn|[from] item: Leftovers\n|-damage|p2a: Starmie|53\/100 psn|[from] psn\n|-heal|p1a: Tentacruel|47\/100|[from] item: Black Sludge\n|upkeep\n|turn|26\n|inactive|CovertDarvesh has 120 seconds left.\n|\n|t:|1665811912\n|switch|p1a: Gengar|Gengar, F, shiny|100\/100\n|move|p2a: Starmie|Rapid Spin|p1a: Gengar\n|-immune|p1a: Gengar\n|\n|-weather|Sandstorm|[upkeep]\n|-damage|p1a: Gengar|94\/100|[from] Sandstorm\n|-damage|p2a: Starmie|46\/100 psn|[from] Sandstorm\n|-heal|p2a: Starmie|53\/100 psn|[from] item: Leftovers\n|-damage|p2a: Starmie|40\/100 psn|[from] psn\n|upkeep\n|turn|27\n|inactive|CovertDarvesh has 120 seconds left.\n|inactive|Capital Cruiser has 120 seconds left.\n|\n|t:|1665811932\n|move|p1a: Gengar|Shadow Ball|p2a: Starmie\n|-supereffective|p2a: Starmie\n|-damage|p2a: Starmie|0 fnt\n|faint|p2a: Starmie\n|\n|-weather|Sandstorm|[upkeep]\n|-damage|p1a: Gengar|88\/100|[from] Sandstorm\n|upkeep\n|inactive|CovertDarvesh has 90 seconds left.\n|\n|t:|1665811962\n|switch|p2a: Blissey|Blissey, F|56\/100\n|-damage|p2a: Blissey|43\/100|[from] Stealth Rock\n|-status|p2a: Blissey|psn\n|turn|28\n|\n|t:|1665811971\n|switch|p1a: Tentacruel|Tentacruel, F, shiny|47\/100\n|move|p2a: Blissey|Seismic Toss|p1a: Tentacruel\n|-damage|p1a: Tentacruel|20\/100\n|\n|-weather|Sandstorm|[upkeep]\n|-damage|p1a: Tentacruel|13\/100|[from] Sandstorm\n|-damage|p2a: Blissey|37\/100 psn|[from] Sandstorm\n|-heal|p1a: Tentacruel|20\/100|[from] item: Black Sludge\n|-heal|p2a: Blissey|43\/100 psn|[from] item: Leftovers\n|-damage|p2a: Blissey|31\/100 psn|[from] psn\n|upkeep\n|turn|29\n|\n|t:|1665811981\n|move|p1a: Tentacruel|Ice Beam|p2a: Blissey\n|-damage|p2a: Blissey|24\/100 psn\n|move|p2a: Blissey|Seismic Toss|p1a: Tentacruel\n|-damage|p1a: Tentacruel|0 fnt\n|faint|p1a: Tentacruel\n|\n|-weather|Sandstorm|[upkeep]\n|-damage|p2a: Blissey|18\/100 psn|[from] Sandstorm\n|-heal|p2a: Blissey|24\/100 psn|[from] item: Leftovers\n|-damage|p2a: Blissey|12\/100 psn|[from] psn\n|upkeep\n|inactive|Capital Cruiser has 120 seconds left.\n|\n|t:|1665812002\n|switch|p1a: Empoleon|Empoleon, M, shiny|21\/100\n|turn|30\n|\n|t:|1665812007\n|move|p1a: Empoleon|Flash Cannon|p2a: Blissey\n|-damage|p2a: Blissey|0 fnt\n|faint|p2a: Blissey\n|\n|-weather|Sandstorm|[upkeep]\n|upkeep\n|\n|t:|1665812012\n|switch|p2a: Tyranitar|Tyranitar, F|27\/100\n|-damage|p2a: Tyranitar|14\/100|[from] Stealth Rock\n|-status|p2a: Tyranitar|psn\n|-enditem|p2a: Tyranitar|Lum Berry|[eat]\n|-curestatus|p2a: Tyranitar|psn|[msg]\n|turn|31\n|\n|t:|1665812024\n|move|p2a: Tyranitar|Crunch|p1a: Empoleon\n|-resisted|p1a: Empoleon\n|-damage|p1a: Empoleon|0 fnt\n|faint|p1a: Empoleon\n|\n|-weather|Sandstorm|[upkeep]\n|upkeep\n|\n|t:|1665812028\n|switch|p1a: Ambipom|Ambipom, F, shiny|52\/100\n|turn|32\n|\n|t:|1665812031\n|move|p1a: Ambipom|Fake Out|p2a: Tyranitar\n|-resisted|p2a: Tyranitar\n|-damage|p2a: Tyranitar|2\/100\n|cant|p2a: Tyranitar|flinch\n|\n|-weather|Sandstorm|[upkeep]\n|-damage|p1a: Ambipom|46\/100|[from] Sandstorm\n|upkeep\n|turn|33\n|\n|t:|1665812037\n|move|p1a: Ambipom|Shadow Claw|p2a: Tyranitar\n|-resisted|p2a: Tyranitar\n|-damage|p2a: Tyranitar|0 fnt\n|faint|p2a: Tyranitar\n|\n|-weather|Sandstorm|[upkeep]\n|-damage|p1a: Ambipom|40\/100|[from] Sandstorm\n|upkeep\n|\n|t:|1665812043\n|switch|p2a: Latias|Latias, F|59\/100\n|-damage|p2a: Latias|47\/100|[from] Stealth Rock\n|turn|34\n|\n|t:|1665812048\n|move|p2a: Latias|Psychic|p1a: Ambipom\n|-damage|p1a: Ambipom|0 fnt\n|faint|p1a: Ambipom\n|\n|-weather|Sandstorm|[upkeep]\n|-damage|p2a: Latias|41\/100|[from] Sandstorm\n|upkeep\n|\n|t:|1665812051\n|switch|p1a: Gengar|Gengar, F, shiny|88\/100\n|turn|35\n|c|\u2606CovertDarvesh|speed time\n|\n|t:|1665812057\n|move|p1a: Gengar|Shadow Ball|p2a: Latias\n|-supereffective|p2a: Latias\n|-damage|p2a: Latias|0 fnt\n|faint|p2a: Latias\n|\n|win|Capital Cruiser\n|raw|Capital Cruiser's rating: 1331 &rarr; <strong>1338<\/strong><br \/>(+7 for winning)\n|raw|CovertDarvesh's rating: 1059 &rarr; <strong>1052<\/strong><br \/>(-7 for losing)\n|c|\u2606CovertDarvesh|gg\n|l|\u203dCapital Cruiser\n","uploadtime":1665812066,"views":12,"p1id":"capitalcruiser","p2id":"covertdarvesh","formatid":"gen4ou","rating":1052,"private":0,"password":null}