{"id":"gen4ubers-1697331125","p1":"Raph369","p2":"Emphirion","format":"gen4ubers","log":"|j|\u2606Raph369\n|j|\u2606Emphirion\n|t:|1666984846\n|gametype|singles\n|player|p1|Raph369|blaine|\n|player|p2|Emphirion|n-masters|\n|teamsize|p1|6\n|teamsize|p2|6\n|gen|4\n|tier|[Gen 4] Ubers\n|rated|Tournament battle\n|rule|Sleep Clause Mod: Limit one foe put to sleep\n|rule|Species Clause: Limit one of each Pok\u00e9mon\n|rule|OHKO Clause: OHKO moves are banned\n|rule|Evasion Items Clause: Evasion items are banned\n|rule|Evasion Moves Clause: Evasion moves are banned\n|rule|Endless Battle Clause: Forcing endless battles is banned\n|rule|HP Percentage Mod: HP is shown in percentages\n|\n|t:|1666984846\n|start\n|switch|p1a: Deoxys|Deoxys-Speed|100\/100\n|switch|p2a: Ho-Oh|Ho-Oh|100\/100\n|-ability|p1a: Deoxys|Pressure\n|-ability|p2a: Ho-Oh|Pressure\n|turn|1\n|c|\u2606Emphirion|hf\n|inactive|Battle timer is ON: inactive players will automatically lose when time's up. (requested by Emphirion)\n|c|\u2606Raph369|hf\n|\n|t:|1666984861\n|move|p1a: Deoxys|Stealth Rock|p2a: Ho-Oh\n|-sidestart|p2: Emphirion|move: Stealth Rock\n|move|p2a: Ho-Oh|Sacred Fire|p1a: Deoxys\n|-damage|p1a: Deoxys|0 fnt\n|faint|p1a: Deoxys\n|\n|upkeep\n|\n|t:|1666984869\n|switch|p1a: Darkrai|Darkrai|100\/100\n|turn|2\n|\n|t:|1666984880\n|move|p1a: Darkrai|Dark Void|p2a: Ho-Oh\n|-status|p2a: Ho-Oh|slp|[from] move: Dark Void\n|cant|p2a: Ho-Oh|slp\n|\n|-damage|p2a: Ho-Oh|88\/100 slp|[from] ability: Bad Dreams|[of] p1a: Darkrai\n|upkeep\n|turn|3\n|\n|t:|1666984900\n|switch|p2a: Tyranitar|Tyranitar, M|100\/100\n|-damage|p2a: Tyranitar|88\/100|[from] Stealth Rock\n|-weather|Sandstorm|[from] ability: Sand Stream|[of] p2a: Tyranitar\n|move|p1a: Darkrai|Dark Pulse|p2a: Tyranitar\n|-resisted|p2a: Tyranitar\n|-damage|p2a: Tyranitar|78\/100\n|\n|-weather|Sandstorm|[upkeep]\n|-damage|p1a: Darkrai|94\/100|[from] Sandstorm\n|upkeep\n|turn|4\n|\n|t:|1666984905\n|move|p1a: Darkrai|Focus Blast|p2a: Tyranitar\n|-supereffective|p2a: Tyranitar\n|-enditem|p2a: Tyranitar|Chople Berry|[eat]\n|-enditem|p2a: Tyranitar|Chople Berry|[weaken]\n|-damage|p2a: Tyranitar|35\/100\n|move|p2a: Tyranitar|Superpower|p1a: Darkrai\n|-supereffective|p1a: Darkrai\n|-damage|p1a: Darkrai|0 fnt\n|-unboost|p2a: Tyranitar|atk|1\n|-unboost|p2a: Tyranitar|def|1\n|faint|p1a: Darkrai\n|\n|-weather|Sandstorm|[upkeep]\n|upkeep\n|\n|t:|1666984911\n|switch|p1a: Mewtwo|Mewtwo|100\/100\n|-ability|p1a: Mewtwo|Pressure\n|turn|5\n|\n|t:|1666984929\n|move|p1a: Mewtwo|Reflect|p1a: Mewtwo\n|-sidestart|p1: Raph369|Reflect\n|move|p2a: Tyranitar|Crunch|p1a: Mewtwo\n|-supereffective|p1a: Mewtwo\n|-damage|p1a: Mewtwo|77\/100\n|\n|-weather|Sandstorm|[upkeep]\n|-damage|p1a: Mewtwo|71\/100|[from] Sandstorm\n|upkeep\n|turn|6\n|\n|t:|1666984945\n|switch|p2a: Jirachi|Jirachi|100\/100\n|-damage|p2a: Jirachi|94\/100|[from] Stealth Rock\n|move|p1a: Mewtwo|Light Screen|p1a: Mewtwo\n|-sidestart|p1: Raph369|Light Screen\n|\n|-weather|Sandstorm|[upkeep]\n|-damage|p1a: Mewtwo|65\/100|[from] Sandstorm\n|-heal|p2a: Jirachi|100\/100|[from] item: Leftovers\n|upkeep\n|turn|7\n|\n|t:|1666984952\n|move|p1a: Mewtwo|Self-Destruct|p2a: Jirachi\n|-resisted|p2a: Jirachi\n|-damage|p2a: Jirachi|58\/100\n|faint|p1a: Mewtwo\n|move|p2a: Jirachi|Body Slam|p1: Mewtwo|[notarget]\n|-notarget|p2a: Jirachi\n|\n|-weather|Sandstorm|[upkeep]\n|-heal|p2a: Jirachi|64\/100|[from] item: Leftovers\n|upkeep\n|\n|t:|1666984955\n|switch|p1a: Mew|Mew|100\/100\n|turn|8\n|\n|t:|1666984963\n|move|p1a: Mew|Rock Polish|p1a: Mew\n|-boost|p1a: Mew|spe|2\n|move|p2a: Jirachi|Body Slam|p1a: Mew\n|-damage|p1a: Mew|93\/100\n|-status|p1a: Mew|par\n|-status|p2a: Jirachi|par|[from] ability: Synchronize|[of] p1a: Mew\n|-enditem|p1a: Mew|Lum Berry|[eat]\n|-curestatus|p1a: Mew|par|[msg]\n|\n|-weather|Sandstorm|[upkeep]\n|-damage|p1a: Mew|86\/100|[from] Sandstorm\n|-heal|p2a: Jirachi|70\/100 par|[from] item: Leftovers\n|upkeep\n|turn|9\n|\n|t:|1666984973\n|move|p1a: Mew|Nasty Plot|p1a: Mew\n|-boost|p1a: Mew|spa|2\n|move|p2a: Jirachi|Body Slam|p1a: Mew\n|-damage|p1a: Mew|79\/100\n|-status|p1a: Mew|par\n|\n|-weather|Sandstorm|[upkeep]\n|-damage|p1a: Mew|73\/100 par|[from] Sandstorm\n|-heal|p2a: Jirachi|77\/100 par|[from] item: Leftovers\n|upkeep\n|turn|10\n|\n|t:|1666984995\n|move|p1a: Mew|Nasty Plot|p1a: Mew\n|-boost|p1a: Mew|spa|2\n|move|p2a: Jirachi|Body Slam|p1a: Mew\n|-damage|p1a: Mew|65\/100 par\n|\n|-weather|Sandstorm|[upkeep]\n|-damage|p1a: Mew|59\/100 par|[from] Sandstorm\n|-heal|p2a: Jirachi|83\/100 par|[from] item: Leftovers\n|upkeep\n|turn|11\n|\n|t:|1666984999\n|cant|p1a: Mew|par\n|move|p2a: Jirachi|Body Slam|p1a: Mew\n|-damage|p1a: Mew|50\/100 par\n|\n|-weather|Sandstorm|[upkeep]\n|-damage|p1a: Mew|44\/100 par|[from] Sandstorm\n|-heal|p2a: Jirachi|89\/100 par|[from] item: Leftovers\n|upkeep\n|turn|12\n|\n|t:|1666985003\n|move|p1a: Mew|Baton Pass|p1a: Mew\n|\n|t:|1666985005\n|switch|p1a: Dialga|Dialga|100\/100|[from]move: Baton Pass\n|-ability|p1a: Dialga|Pressure\n|cant|p2a: Jirachi|par\n|\n|-sideend|p1: Raph369|Reflect\n|-weather|Sandstorm|[upkeep]\n|-heal|p2a: Jirachi|95\/100 par|[from] item: Leftovers\n|upkeep\n|turn|13\n|\n|t:|1666985018\n|move|p1a: Dialga|Thunderbolt|p2a: Jirachi\n|-damage|p2a: Jirachi|24\/100 par\n|move|p2a: Jirachi|Body Slam|p1a: Dialga\n|-resisted|p1a: Dialga\n|-damage|p1a: Dialga|93\/100\n|\n|-sideend|p1: Raph369|Light Screen\n|-weather|Sandstorm|[upkeep]\n|-heal|p2a: Jirachi|31\/100 par|[from] item: Leftovers\n|upkeep\n|turn|14\n|c|\u2606Raph369|i'm lum\n|c|\u2606Emphirion|ok\n|inactive|Emphirion has 120 seconds left.\n|\n|t:|1666985065\n|move|p1a: Dialga|Thunderbolt|p2a: Jirachi\n|-crit|p2a: Jirachi\n|-damage|p2a: Jirachi|0 fnt\n|faint|p2a: Jirachi\n|\n|-weather|Sandstorm|[upkeep]\n|upkeep\n|\n|t:|1666985069\n|switch|p2a: Garchomp|Garchomp, F|100\/100\n|-damage|p2a: Garchomp|94\/100|[from] Stealth Rock\n|turn|15\n|c|\u2606Raph369|oh\n|c|\u2606Raph369|i see the gameplan\n|\n|t:|1666985083\n|move|p1a: Dialga|Dragon Pulse|p2a: Garchomp\n|-supereffective|p2a: Garchomp\n|-damage|p2a: Garchomp|0 fnt\n|faint|p2a: Garchomp\n|\n|-weather|Sandstorm|[upkeep]\n|upkeep\n|c|\u2606Raph369|rip\n|c|\u2606Emphirion|sad\n|c|\u2606Emphirion|dpp ubers bp is so dumb\n|c|\u2606Raph369|it never works\n|c|\u2606Raph369|yea\n|inactive|Emphirion has 90 seconds left.\n|-message|Emphirion forfeited.\n|\n|win|Raph369\n|n|\u2606Raph369|raph369\n|n|\u2606Emphirion|emphirion\n","uploadtime":1666985134,"views":9,"p1id":"raph369","p2id":"emphirion","formatid":"gen4ubers","rating":0,"private":0,"password":null}