{"id":"gen4ou-1690689052","p1":"stantlerdude63","p2":"EVERYOPPSHOT","format":"gen4ou","log":"|j|\u2606stantlerdude63\n|j|\u2606EVERYOPPSHOT\n|inactive|Battle timer is ON: inactive players will automatically lose when time's up.\n|t:|1666295069\n|gametype|singles\n|player|p1|stantlerdude63|2|\n|player|p2|EVERYOPPSHOT|wallace-gen3|\n|teamsize|p1|6\n|teamsize|p2|6\n|gen|4\n|tier|[Gen 4] OU\n|rated|Tournament battle\n|rule|Sleep Clause Mod: Limit one foe put to sleep\n|rule|Species Clause: Limit one of each Pok\u00e9mon\n|rule|OHKO Clause: OHKO moves are banned\n|rule|Evasion Items Clause: Evasion items are banned\n|rule|Evasion Moves Clause: Evasion moves are banned\n|rule|Endless Battle Clause: Forcing endless battles is banned\n|rule|HP Percentage Mod: HP is shown in percentages\n|rule|Freeze Clause Mod: Limit one foe frozen\n|\n|t:|1666295069\n|start\n|switch|p1a: Heatran|Heatran, F, shiny|100\/100\n|switch|p2a: Azelf|Azelf|100\/100\n|turn|1\n|j| IllegalGorilla\n|\n|t:|1666295079\n|move|p2a: Azelf|U-turn|p1a: Heatran\n|-resisted|p1a: Heatran\n|-damage|p1a: Heatran|89\/100\n|\n|t:|1666295080\n|switch|p2a: Machamp|Machamp, M|100\/100|[from]move: U-turn\n|move|p1a: Heatran|Fire Blast|p2a: Machamp\n|-crit|p2a: Machamp\n|-damage|p2a: Machamp|0 fnt\n|faint|p2a: Machamp\n|\n|upkeep\n|c|\u2606EVERYOPPSHOT|OMG\n|\n|t:|1666295092\n|switch|p2a: Lucario|Lucario, F|100\/100\n|turn|2\n|\n|t:|1666295099\n|switch|p1a: Gengar|Gengar, F, shiny|100\/100\n|move|p2a: Lucario|Close Combat|p1a: Gengar\n|-immune|p1a: Gengar\n|\n|upkeep\n|turn|3\n|\n|t:|1666295102\n|switch|p2a: Tyranitar|Tyranitar, M|100\/100\n|-weather|Sandstorm|[from] ability: Sand Stream|[of] p2a: Tyranitar\n|move|p1a: Gengar|Focus Blast|p2a: Tyranitar\n|-supereffective|p2a: Tyranitar\n|-enditem|p2a: Tyranitar|Chople Berry|[eat]\n|-enditem|p2a: Tyranitar|Chople Berry|[weaken]\n|-damage|p2a: Tyranitar|58\/100\n|\n|-weather|Sandstorm|[upkeep]\n|-damage|p1a: Gengar|94\/100|[from] Sandstorm\n|-heal|p1a: Gengar|100\/100|[from] item: Black Sludge\n|upkeep\n|turn|4\n|\n|t:|1666295109\n|switch|p2a: Latias|Latias, F|100\/100\n|move|p1a: Gengar|Focus Blast|p2a: Latias\n|-resisted|p2a: Latias\n|-damage|p2a: Latias|81\/100\n|\n|-weather|Sandstorm|[upkeep]\n|-damage|p2a: Latias|75\/100|[from] Sandstorm\n|-damage|p1a: Gengar|94\/100|[from] Sandstorm\n|-heal|p1a: Gengar|100\/100|[from] item: Black Sludge\n|upkeep\n|turn|5\n|c|\u2606EVERYOPPSHOT|im getting clapped\n|\n|t:|1666295115\n|switch|p2a: Lucario|Lucario, F|100\/100\n|switch|p1a: Metagross|Metagross, shiny|100\/100\n|\n|-weather|Sandstorm|[upkeep]\n|upkeep\n|turn|6\n|\n|t:|1666295124\n|switch|p2a: Metagross|Metagross|100\/100\n|move|p1a: Metagross|Earthquake|p2a: Metagross\n|-supereffective|p2a: Metagross\n|-damage|p2a: Metagross|41\/100\n|\n|-weather|Sandstorm|[upkeep]\n|upkeep\n|turn|7\n|c|\u2606EVERYOPPSHOT|holy shit\n|j|@Sww-Suwa\n|c|\u2606EVERYOPPSHOT|why did i bring\n|c|\u2606EVERYOPPSHOT|this trash\n|c|\u2606EVERYOPPSHOT|team\n|c|\u2606EVERYOPPSHOT|LOL\n|\n|t:|1666295137\n|move|p1a: Metagross|Earthquake|p2a: Metagross\n|-supereffective|p2a: Metagross\n|-damage|p2a: Metagross|0 fnt\n|faint|p2a: Metagross\n|\n|-weather|Sandstorm|[upkeep]\n|upkeep\n|c|\u2606EVERYOPPSHOT|i actually cant even kill this\n|-message|EVERYOPPSHOT forfeited.\n|\n|win|stantlerdude63\n|n|\u2606stantlerdude63|stantlerdude63\n|n|\u2606EVERYOPPSHOT|everyoppshot\n|n| IllegalGorilla|illegalgorilla\n|n| Sww-Suwa|swwsuwa\n","uploadtime":1666295145,"views":6,"p1id":"stantlerdude63","p2id":"everyoppshot","formatid":"gen4ou","rating":0,"private":0,"password":null}