{"id":"gen4ou-1185550401","p1":"winter lanterns","p2":"Metamenace","format":"gen4ou","log":"|j|\u2606winter lanterns\n|j|\u2606Metamenace\n|t:|1599898138\n|player|p1|winter lanterns|1|1612\n|player|p2|Metamenace|steven|1333\n|teamsize|p1|6\n|teamsize|p2|6\n|gametype|singles\n|gen|4\n|tier|[Gen 4] OU\n|rated|\n|rule|Sleep Clause Mod: Limit one foe put to sleep\n|rule|Species Clause: Limit one of each Pok\u00e9mon\n|rule|OHKO Clause: OHKO moves are banned\n|rule|Evasion Moves Clause: Evasion moves are banned\n|rule|Endless Battle Clause: Forcing endless battles is banned\n|rule|HP Percentage Mod: HP is shown in percentages\n|\n|t:|1599898138\n|start\n|switch|p1a: Swampert|Swampert, F|100\/100\n|switch|p2a: Bronzong|Bronzong|100\/100\n|turn|1\n|inactive|Battle timer is ON: inactive players will automatically lose when time's up. (requested by Metamenace)\n|\n|t:|1599898179\n|move|p1a: Swampert|Waterfall|p2a: Bronzong\n|-damage|p2a: Bronzong|48\/100\n|move|p2a: Bronzong|Stealth Rock|p1a: Swampert\n|-sidestart|p1: winter lanterns|move: Stealth Rock\n|\n|upkeep\n|turn|2\n|\n|t:|1599898186\n|switch|p2a: Kingdra|Kingdra, M|100\/100\n|move|p1a: Swampert|Waterfall|p2a: Kingdra\n|-resisted|p2a: Kingdra\n|-damage|p2a: Kingdra|82\/100\n|\n|upkeep\n|turn|3\n|\n|t:|1599898190\n|switch|p2a: Bronzong|Bronzong|48\/100\n|switch|p1a: Roserade|Roserade, F|100\/100\n|-damage|p1a: Roserade|88\/100|[from] Stealth Rock\n|\n|-heal|p1a: Roserade|94\/100|[from] item: Black Sludge\n|upkeep\n|turn|4\n|\n|t:|1599898195\n|move|p1a: Roserade|Sleep Powder|p2a: Bronzong\n|-status|p2a: Bronzong|slp|[from] move: Sleep Powder\n|-enditem|p2a: Bronzong|Lum Berry|[eat]\n|-curestatus|p2a: Bronzong|slp|[msg]\n|move|p2a: Bronzong|Gyro Ball|p1a: Roserade\n|-damage|p1a: Roserade|0 fnt\n|faint|p1a: Roserade\n|\n|upkeep\n|\n|t:|1599898198\n|switch|p1a: Swampert|Swampert, F|100\/100\n|-damage|p1a: Swampert|94\/100|[from] Stealth Rock\n|turn|5\n|\n|t:|1599898200\n|move|p1a: Swampert|Waterfall|p2a: Bronzong\n|-damage|p2a: Bronzong|0 fnt\n|faint|p2a: Bronzong\n|\n|upkeep\n|\n|t:|1599898203\n|switch|p2a: Kingdra|Kingdra, M|82\/100\n|turn|6\n|\n|t:|1599898208\n|switch|p1a: Metagross|Metagross|100\/100\n|-damage|p1a: Metagross|95\/100|[from] Stealth Rock\n|move|p2a: Kingdra|Hydro Pump|p1a: Metagross\n|-damage|p1a: Metagross|0 fnt\n|faint|p1a: Metagross\n|\n|upkeep\n|\n|t:|1599898211\n|switch|p1a: Flygon|Flygon, M|100\/100\n|-damage|p1a: Flygon|95\/100|[from] Stealth Rock\n|turn|7\n|\n|t:|1599898214\n|move|p1a: Flygon|Draco Meteor|p2a: Kingdra\n|-supereffective|p2a: Kingdra\n|-damage|p2a: Kingdra|0 fnt\n|-unboost|p1a: Flygon|spa|2\n|-damage|p1a: Flygon|85\/100|[from] item: Life Orb\n|faint|p2a: Kingdra\n|\n|upkeep\n|\n|t:|1599898221\n|switch|p2a: Flygon|Flygon, M|100\/100\n|turn|8\n|\n|t:|1599898224\n|switch|p1a: Heatran|Heatran, M|100\/100\n|-damage|p1a: Heatran|88\/100|[from] Stealth Rock\n|move|p2a: Flygon|U-turn|p1a: Heatran\n|-resisted|p1a: Heatran\n|-damage|p1a: Heatran|84\/100\n|\n|t:|1599898238\n|switch|p2a: Lucario|Lucario, F|100\/100|[from]move: U-turn\n|\n|-heal|p1a: Heatran|90\/100|[from] item: Leftovers\n|upkeep\n|turn|9\n|\n|t:|1599898241\n|switch|p1a: Rotom|Rotom-Wash|100\/100\n|-damage|p1a: Rotom|88\/100|[from] Stealth Rock\n|move|p2a: Lucario|Close Combat|p1a: Rotom\n|-immune|p1a: Rotom\n|\n|-heal|p1a: Rotom|94\/100|[from] item: Leftovers\n|upkeep\n|turn|10\n|\n|t:|1599898245\n|switch|p2a: Tyranitar|Tyranitar, M|100\/100\n|-weather|Sandstorm|[from] ability: Sand Stream|[of] p2a: Tyranitar\n|move|p1a: Rotom|Will-O-Wisp|p2a: Tyranitar\n|-status|p2a: Tyranitar|brn\n|\n|-weather|Sandstorm|[upkeep]\n|-damage|p1a: Rotom|88\/100|[from] Sandstorm\n|-heal|p1a: Rotom|94\/100|[from] item: Leftovers\n|-damage|p2a: Tyranitar|88\/100 brn|[from] brn\n|upkeep\n|turn|11\n|\n|t:|1599898248\n|move|p1a: Rotom|Hydro Pump|p2a: Tyranitar|[miss]\n|-miss|p1a: Rotom|p2a: Tyranitar\n|move|p2a: Tyranitar|Pursuit|p1a: Rotom\n|-supereffective|p1a: Rotom\n|-damage|p1a: Rotom|66\/100\n|\n|-weather|Sandstorm|[upkeep]\n|-damage|p1a: Rotom|60\/100|[from] Sandstorm\n|-heal|p1a: Rotom|66\/100|[from] item: Leftovers\n|-damage|p2a: Tyranitar|76\/100 brn|[from] brn\n|upkeep\n|turn|12\n|\n|t:|1599898253\n|-activate|p1a: Rotom|move: Pursuit\n|move|p2a: Tyranitar|Pursuit|p1a: Rotom|[from]Pursuit\n|-supereffective|p1a: Rotom\n|-damage|p1a: Rotom|14\/100\n|switch|p1a: Heatran|Heatran, M|90\/100\n|-damage|p1a: Heatran|77\/100|[from] Stealth Rock\n|\n|-weather|Sandstorm|[upkeep]\n|-heal|p1a: Heatran|84\/100|[from] item: Leftovers\n|-damage|p2a: Tyranitar|64\/100 brn|[from] brn\n|upkeep\n|turn|13\n|\n|t:|1599898262\n|switch|p2a: Gengar|Gengar, M|100\/100\n|move|p1a: Heatran|Stealth Rock|p2a: Gengar\n|-sidestart|p2: Metamenace|move: Stealth Rock\n|\n|-weather|Sandstorm|[upkeep]\n|-damage|p2a: Gengar|94\/100|[from] Sandstorm\n|-heal|p1a: Heatran|90\/100|[from] item: Leftovers\n|upkeep\n|turn|14\n|\n|t:|1599898266\n|move|p1a: Heatran|Protect|p1a: Heatran\n|-singleturn|p1a: Heatran|Protect\n|move|p2a: Gengar|Focus Blast|p1a: Heatran|[miss]\n|-miss|p2a: Gengar|p1a: Heatran\n|\n|-weather|Sandstorm|[upkeep]\n|-damage|p2a: Gengar|88\/100|[from] Sandstorm\n|-heal|p1a: Heatran|96\/100|[from] item: Leftovers\n|upkeep\n|turn|15\n|\n|t:|1599898272\n|switch|p1a: Rotom|Rotom-Wash|14\/100\n|-damage|p1a: Rotom|1\/100|[from] Stealth Rock\n|move|p2a: Gengar|Focus Blast|p1a: Rotom\n|-immune|p1a: Rotom\n|\n|-weather|Sandstorm|[upkeep]\n|-damage|p2a: Gengar|82\/100|[from] Sandstorm\n|-damage|p1a: Rotom|0 fnt|[from] Sandstorm\n|faint|p1a: Rotom\n|upkeep\n|\n|t:|1599898281\n|switch|p1a: Swampert|Swampert, F|94\/100\n|-damage|p1a: Swampert|88\/100|[from] Stealth Rock\n|turn|16\n|\n|t:|1599898290\n|move|p2a: Gengar|Shadow Ball|p1a: Swampert\n|-damage|p1a: Swampert|33\/100\n|-unboost|p1a: Swampert|spd|1\n|-damage|p2a: Gengar|72\/100|[from] item: Life Orb\n|move|p1a: Swampert|Waterfall|p2a: Gengar\n|-damage|p2a: Gengar|0 fnt\n|faint|p2a: Gengar\n|\n|-weather|Sandstorm|[upkeep]\n|upkeep\n|\n|t:|1599898296\n|switch|p2a: Lucario|Lucario, F|100\/100\n|-damage|p2a: Lucario|98\/100|[from] Stealth Rock\n|turn|17\n|\n|t:|1599898320\n|move|p2a: Lucario|Close Combat|p1a: Swampert\n|-damage|p1a: Swampert|0 fnt\n|-unboost|p2a: Lucario|def|1\n|-unboost|p2a: Lucario|spd|1\n|-damage|p2a: Lucario|88\/100|[from] item: Life Orb\n|faint|p1a: Swampert\n|\n|-weather|Sandstorm|[upkeep]\n|upkeep\n|\n|t:|1599898322\n|switch|p1a: Flygon|Flygon, M|85\/100\n|-damage|p1a: Flygon|79\/100|[from] Stealth Rock\n|turn|18\n|\n|t:|1599898326\n|switch|p2a: Tyranitar|Tyranitar, M|64\/100 brn\n|-damage|p2a: Tyranitar|51\/100 brn|[from] Stealth Rock\n|move|p1a: Flygon|Earthquake|p2a: Tyranitar\n|-supereffective|p2a: Tyranitar\n|-damage|p2a: Tyranitar|0 fnt\n|-damage|p1a: Flygon|69\/100|[from] item: Life Orb\n|faint|p2a: Tyranitar\n|\n|-weather|Sandstorm|[upkeep]\n|upkeep\n|\n|t:|1599898332\n|switch|p2a: Flygon|Flygon, M|100\/100\n|-damage|p2a: Flygon|95\/100|[from] Stealth Rock\n|turn|19\n|\n|t:|1599898338\n|switch|p2a: Lucario|Lucario, F|88\/100\n|-damage|p2a: Lucario|85\/100|[from] Stealth Rock\n|move|p1a: Flygon|Draco Meteor|p2a: Lucario\n|-resisted|p2a: Lucario\n|-damage|p2a: Lucario|29\/100\n|-unboost|p1a: Flygon|spa|2\n|-damage|p1a: Flygon|59\/100|[from] item: Life Orb\n|\n|-weather|Sandstorm|[upkeep]\n|upkeep\n|turn|20\n|\n|t:|1599898348\n|switch|p2a: Flygon|Flygon, M|95\/100\n|-damage|p2a: Flygon|89\/100|[from] Stealth Rock\n|move|p1a: Flygon|Earthquake|p2a: Flygon\n|-immune|p2a: Flygon|[from] ability: Levitate\n|\n|-weather|Sandstorm|[upkeep]\n|upkeep\n|turn|21\n|\n|t:|1599898352\n|switch|p2a: Lucario|Lucario, F|29\/100\n|-damage|p2a: Lucario|26\/100|[from] Stealth Rock\n|switch|p1a: Heatran|Heatran, M|96\/100\n|-damage|p1a: Heatran|84\/100|[from] Stealth Rock\n|\n|-weather|Sandstorm|[upkeep]\n|-heal|p1a: Heatran|90\/100|[from] item: Leftovers\n|upkeep\n|turn|22\n|\n|t:|1599898355\n|move|p2a: Lucario|Close Combat|p1a: Heatran\n|-supereffective|p1a: Heatran\n|-damage|p1a: Heatran|0 fnt\n|-unboost|p2a: Lucario|def|1\n|-unboost|p2a: Lucario|spd|1\n|-damage|p2a: Lucario|17\/100|[from] item: Life Orb\n|faint|p1a: Heatran\n|\n|-weather|Sandstorm|[upkeep]\n|upkeep\n|-message|winter lanterns forfeited.\n|\n|win|Metamenace\n|l|\u2606winter lanterns\n|raw|winter lanterns's rating: 1612 &rarr; <strong>1578<\/strong><br \/>(-34 for losing)\n|raw|Metamenace's rating: 1333 &rarr; <strong>1366<\/strong><br \/>(+33 for winning)\n|c|\u2606Metamenace|Gg\n","uploadtime":1599898368,"views":3,"p1id":"winterlanterns","p2id":"metamenace","formatid":"gen4ou","rating":1366,"private":0,"password":null}