{"id":"gen4ubers-1634156006","p1":"ashfqwer","p2":"Raph369","format":"gen4ubers","log":"|j|\u2606ashfqwer\n|j|\u2606Raph369\n|t:|1659867465\n|gametype|singles\n|player|p1|ashfqwer|lance-masters|\n|player|p2|Raph369|archer|\n|teamsize|p1|6\n|teamsize|p2|6\n|gen|4\n|tier|[Gen 4] Ubers\n|rated|Tournament battle\n|rule|Sleep Clause Mod: Limit one foe put to sleep\n|rule|Species Clause: Limit one of each Pok\u00e9mon\n|rule|OHKO Clause: OHKO moves are banned\n|rule|Evasion Moves Clause: Evasion moves are banned\n|rule|Endless Battle Clause: Forcing endless battles is banned\n|rule|HP Percentage Mod: HP is shown in percentages\n|\n|t:|1659867465\n|start\n|switch|p1a: Mew|Mew|100\/100\n|switch|p2a: Ho-Oh|Ho-Oh|100\/100\n|-ability|p2a: Ho-Oh|Pressure\n|turn|1\n|inactive|Battle timer is ON: inactive players will automatically lose when time's up. (requested by ashfqwer)\n|j|%shrang\n|j| Gareeb 2.0\n|c|\u2606ashfqwer|Glhf\n|j| Nagasame\n|j| akai sera\n|inactive|Raph369 has 120 seconds left.\n|j| dun 26\n|c|\u2606Raph369|hf\n|inactive|Raph369 has 90 seconds left.\n|\n|t:|1659867528\n|move|p1a: Mew|Stealth Rock|p2a: Ho-Oh\n|-sidestart|p2: Raph369|move: Stealth Rock\n|move|p2a: Ho-Oh|Sacred Fire|p1a: Mew\n|-damage|p1a: Mew|52\/100\n|\n|upkeep\n|turn|2\n|c| dun 26|respecte ton adversaire stp\n|\n|t:|1659867537\n|switch|p2a: Dialga|Dialga|100\/100\n|-damage|p2a: Dialga|94\/100|[from] Stealth Rock\n|-ability|p2a: Dialga|Pressure\n|move|p1a: Mew|Explosion|p2a: Dialga\n|-resisted|p2a: Dialga\n|-damage|p2a: Dialga|50\/100\n|faint|p1a: Mew\n|\n|-heal|p2a: Dialga|57\/100|[from] item: Leftovers\n|upkeep\n|\n|t:|1659867541\n|switch|p1a: Mewtwo|Mewtwo|100\/100\n|-ability|p1a: Mewtwo|Pressure\n|turn|3\n|j|+Aurora\n|\n|t:|1659867565\n|move|p1a: Mewtwo|Aura Sphere|p2a: Dialga\n|-supereffective|p2a: Dialga\n|-damage|p2a: Dialga|0 fnt\n|faint|p2a: Dialga\n|-damage|p1a: Mewtwo|91\/100|[from] item: Life Orb\n|\n|upkeep\n|\n|t:|1659867570\n|switch|p2a: Kyogre|Kyogre|100\/100\n|-damage|p2a: Kyogre|88\/100|[from] Stealth Rock\n|-weather|RainDance|[from] ability: Drizzle|[of] p2a: Kyogre\n|turn|4\n|\n|t:|1659867579\n|switch|p1a: Latios|Latios, M|100\/100\n|move|p2a: Kyogre|Hydro Pump|p1a: Latios\n|-resisted|p1a: Latios\n|-damage|p1a: Latios|40\/100\n|\n|-weather|RainDance|[upkeep]\n|upkeep\n|turn|5\n|\n|t:|1659867592\n|switch|p2a: Wobbuffet|Wobbuffet, F|100\/100\n|-damage|p2a: Wobbuffet|88\/100|[from] Stealth Rock\n|move|p1a: Latios|Draco Meteor|p2a: Wobbuffet\n|-damage|p2a: Wobbuffet|16\/100\n|-unboost|p1a: Latios|spa|2\n|\n|-weather|RainDance|[upkeep]\n|-heal|p2a: Wobbuffet|22\/100|[from] item: Leftovers\n|upkeep\n|turn|6\n|\n|t:|1659867598\n|move|p1a: Latios|Draco Meteor|p2a: Wobbuffet|[miss]\n|-miss|p1a: Latios|p2a: Wobbuffet\n|move|p2a: Wobbuffet|Mirror Coat||[still]\n|-fail|p2a: Wobbuffet\n|\n|-weather|RainDance|[upkeep]\n|-heal|p2a: Wobbuffet|29\/100|[from] item: Leftovers\n|upkeep\n|turn|7\n|\n|t:|1659867604\n|move|p1a: Latios|Draco Meteor|p2a: Wobbuffet\n|-damage|p2a: Wobbuffet|0 fnt\n|-unboost|p1a: Latios|spa|2\n|faint|p2a: Wobbuffet\n|\n|-weather|RainDance|[upkeep]\n|upkeep\n|\n|t:|1659867613\n|switch|p2a: Ho-Oh|Ho-Oh|100\/100\n|-damage|p2a: Ho-Oh|50\/100|[from] Stealth Rock\n|-ability|p2a: Ho-Oh|Pressure\n|turn|8\n|\n|t:|1659867620\n|move|p1a: Latios|Roost|p1a: Latios\n|-heal|p1a: Latios|90\/100\n|-singleturn|p1a: Latios|move: Roost\n|move|p2a: Ho-Oh|Roost|p2a: Ho-Oh\n|-heal|p2a: Ho-Oh|100\/100\n|-singleturn|p2a: Ho-Oh|move: Roost\n|\n|-weather|RainDance|[upkeep]\n|upkeep\n|turn|9\n|\n|t:|1659867629\n|switch|p1a: Jirachi|Jirachi|100\/100\n|move|p2a: Ho-Oh|Sacred Fire|p1a: Jirachi\n|-supereffective|p1a: Jirachi\n|-damage|p1a: Jirachi|57\/100\n|-status|p1a: Jirachi|brn\n|\n|-weather|RainDance|[upkeep]\n|-heal|p1a: Jirachi|63\/100 brn|[from] item: Leftovers\n|-damage|p1a: Jirachi|51\/100 brn|[from] brn\n|upkeep\n|turn|10\n|\n|t:|1659867634\n|move|p2a: Ho-Oh|Earthquake|p1a: Jirachi\n|-supereffective|p1a: Jirachi\n|-damage|p1a: Jirachi|0 fnt\n|faint|p1a: Jirachi\n|\n|-weather|RainDance|[upkeep]\n|upkeep\n|\n|t:|1659867636\n|switch|p1a: Latios|Latios, M|90\/100\n|turn|11\n|\n|t:|1659867641\n|move|p1a: Latios|Surf|p2a: Ho-Oh\n|-supereffective|p2a: Ho-Oh\n|-damage|p2a: Ho-Oh|11\/100\n|move|p2a: Ho-Oh|Brave Bird|p1a: Latios\n|-damage|p1a: Latios|5\/100\n|-damage|p2a: Ho-Oh|0 fnt|[from] Recoil\n|faint|p2a: Ho-Oh\n|\n|-weather|RainDance|[upkeep]\n|upkeep\n|c|%shrang|ate\n|\n|t:|1659867652\n|switch|p2a: Giratina|Giratina-Origin|100\/100\n|-damage|p2a: Giratina|88\/100|[from] Stealth Rock\n|turn|12\n|\n|t:|1659867656\n|move|p2a: Giratina|Shadow Sneak|p1a: Latios\n|-supereffective|p1a: Latios\n|-damage|p1a: Latios|0 fnt\n|faint|p1a: Latios\n|\n|-weather|RainDance|[upkeep]\n|upkeep\n|c|+Aurora|that is so depressing\n|\n|t:|1659867661\n|switch|p1a: Dialga|Dialga|100\/100\n|-ability|p1a: Dialga|Pressure\n|turn|13\n|\n|t:|1659867664\n|move|p1a: Dialga|Draco Meteor|p2a: Giratina\n|-supereffective|p2a: Giratina\n|-damage|p2a: Giratina|0 fnt\n|-unboost|p1a: Dialga|spa|2\n|faint|p2a: Giratina\n|\n|-weather|RainDance|[upkeep]\n|upkeep\n|\n|t:|1659867668\n|switch|p2a: Kyogre|Kyogre|88\/100\n|-damage|p2a: Kyogre|76\/100|[from] Stealth Rock\n|turn|14\n|j| Holy Flatemo\n|\n|t:|1659867676\n|switch|p1a: Mewtwo|Mewtwo|91\/100\n|-ability|p1a: Mewtwo|Pressure\n|move|p2a: Kyogre|Hydro Pump|p1a: Mewtwo\n|-damage|p1a: Mewtwo|0 fnt\n|faint|p1a: Mewtwo\n|\n|-weather|RainDance|[upkeep]\n|upkeep\n|\n|t:|1659867680\n|switch|p1a: Rayquaza|Rayquaza, shiny|100\/100\n|turn|15\n|\n|t:|1659867685\n|move|p1a: Rayquaza|Draco Meteor|p2a: Kyogre\n|-damage|p2a: Kyogre|1\/100\n|-unboost|p1a: Rayquaza|spa|2\n|-damage|p1a: Rayquaza|91\/100|[from] item: Life Orb\n|move|p2a: Kyogre|Hydro Pump|p1a: Rayquaza\n|-resisted|p1a: Rayquaza\n|-damage|p1a: Rayquaza|21\/100\n|\n|-weather|RainDance|[upkeep]\n|upkeep\n|turn|16\n|\n|t:|1659867689\n|move|p1a: Rayquaza|Extreme Speed|p2a: Kyogre\n|-damage|p2a: Kyogre|0 fnt\n|faint|p2a: Kyogre\n|-damage|p1a: Rayquaza|11\/100|[from] item: Life Orb\n|\n|-weather|RainDance|[upkeep]\n|upkeep\n|\n|t:|1659867691\n|switch|p2a: Kabutops|Kabutops, M|100\/100\n|-damage|p2a: Kabutops|88\/100|[from] Stealth Rock\n|turn|17\n|c| Gareeb 2.0|Focus sash\n|\n|t:|1659867698\n|move|p1a: Rayquaza|Extreme Speed|p2a: Kabutops\n|-resisted|p2a: Kabutops\n|-damage|p2a: Kabutops|67\/100\n|-damage|p1a: Rayquaza|1\/100|[from] item: Life Orb\n|move|p2a: Kabutops|Low Kick|p1a: Rayquaza\n|-resisted|p1a: Rayquaza\n|-damage|p1a: Rayquaza|0 fnt\n|faint|p1a: Rayquaza\n|-damage|p2a: Kabutops|57\/100|[from] item: Life Orb\n|\n|-weather|RainDance|[upkeep]\n|upkeep\n|\n|t:|1659867700\n|switch|p1a: Dialga|Dialga|100\/100\n|-ability|p1a: Dialga|Pressure\n|turn|18\n|c|\u2606Raph369|?\n|c|\u2606Raph369|noo\n|\n|t:|1659867707\n|move|p2a: Kabutops|Low Kick|p1a: Dialga\n|-supereffective|p1a: Dialga\n|-crit|p1a: Dialga\n|-damage|p1a: Dialga|0 fnt\n|faint|p1a: Dialga\n|-damage|p2a: Kabutops|47\/100|[from] item: Life Orb\n|\n|win|Raph369\n|n|\u2606ashfqwer|ashfqwer\n|n|\u2606Raph369|raph369\n|n| shrang|shrang\n|n| Gareeb 2.0|gareeb20\n|n| Nagasame|nagasame\n|n| akai sera|akaisera\n|n| dun 26|dun26\n|n| Aurora|aurora\n|n| Holy Flatemo|holyflatemo\n","uploadtime":1659867708,"views":9,"p1id":"ashfqwer","p2id":"raph369","formatid":"gen4ubers","rating":0,"private":0,"password":null}