{"id":"gen4zu-1677557236","p1":"valentLne","p2":"ayevon","format":"gen4zu","log":"|j|\u2606valentLne\n|j|\u2606ayevon\n|t:|1664906096\n|gametype|singles\n|player|p1|valentLne|marlon|\n|player|p2|ayevon|265|\n|teamsize|p1|6\n|teamsize|p2|6\n|gen|4\n|tier|[Gen 4] ZU\n|rated|Tournament battle\n|rule|Sleep Clause Mod: Limit one foe put to sleep\n|rule|Species Clause: Limit one of each Pok\u00e9mon\n|rule|OHKO Clause: OHKO moves are banned\n|rule|Evasion Items Clause: Evasion items are banned\n|rule|Evasion Moves Clause: Evasion moves are banned\n|rule|Endless Battle Clause: Forcing endless battles is banned\n|rule|HP Percentage Mod: HP is shown in percentages\n|rule|Baton Pass Clause: Limit one Baton Passer, can't pass Spe and other stats simultaneously\n|\n|t:|1664906096\n|start\n|switch|p1a: Persian|Persian, F|100\/100\n|switch|p2a: Lairon|Lairon, F|100\/100\n|turn|1\n|inactive|Battle timer is ON: inactive players will automatically lose when time's up. (requested by ayevon)\n|j|+BeatsBlack\n|j| Rogervireop\n|\n|t:|1664906101\n|move|p1a: Persian|Fake Out|p2a: Lairon\n|-resisted|p2a: Lairon\n|-damage|p2a: Lairon|95\/100\n|cant|p2a: Lairon|flinch\n|\n|upkeep\n|turn|2\n|\n|t:|1664906103\n|move|p1a: Persian|U-turn|p2a: Lairon\n|-resisted|p2a: Lairon\n|-damage|p2a: Lairon|87\/100\n|\n|t:|1664906107\n|switch|p1a: Crawdaunt|Crawdaunt, M|100\/100|[from]move: U-turn\n|move|p2a: Lairon|Head Smash|p1a: Crawdaunt\n|-crit|p1a: Crawdaunt\n|-damage|p1a: Crawdaunt|0 fnt\n|faint|p1a: Crawdaunt\n|\n|upkeep\n|\n|t:|1664906112\n|switch|p1a: Kingler|Kingler, F|100\/100\n|turn|3\n|j| Sneads Sead n Dead\n|\n|t:|1664906115\n|switch|p2a: Grotle|Grotle, M|100\/100\n|move|p1a: Kingler|Superpower|p2a: Grotle\n|-damage|p2a: Grotle|47\/100\n|-unboost|p1a: Kingler|atk|1\n|-unboost|p1a: Kingler|def|1\n|-damage|p1a: Kingler|91\/100|[from] item: Life Orb\n|\n|-heal|p2a: Grotle|53\/100|[from] item: Leftovers\n|upkeep\n|turn|4\n|\n|t:|1664906121\n|switch|p1a: Flareon|Flareon, F|100\/100\n|move|p2a: Grotle|Stealth Rock|p1a: Flareon\n|-sidestart|p1: valentLne|move: Stealth Rock\n|\n|-heal|p2a: Grotle|59\/100|[from] item: Leftovers\n|upkeep\n|turn|5\n|\n|t:|1664906132\n|switch|p1a: Luxray|Luxray, M|100\/100\n|-damage|p1a: Luxray|88\/100|[from] Stealth Rock\n|-ability|p1a: Luxray|Intimidate|boost\n|-unboost|p2a: Grotle|atk|1\n|switch|p2a: Walrein|Walrein, M|100\/100\n|\n|upkeep\n|turn|6\n|c| Rogervireop|Man has 2 crabs\n|j| joey milktank\n|c|\u2606valentLne|crab\n|\n|t:|1664906148\n|switch|p2a: Grotle|Grotle, M|59\/100\n|move|p1a: Luxray|Signal Beam|p2a: Grotle\n|-supereffective|p2a: Grotle\n|-damage|p2a: Grotle|19\/100\n|\n|-heal|p2a: Grotle|25\/100|[from] item: Leftovers\n|upkeep\n|turn|7\n|\n|t:|1664906153\n|switch|p2a: Quilava|Quilava, M|100\/100\n|move|p1a: Luxray|Signal Beam|p2a: Quilava\n|-resisted|p2a: Quilava\n|-crit|p2a: Quilava\n|-damage|p2a: Quilava|61\/100\n|\n|upkeep\n|turn|8\n|\n|t:|1664906164\n|switch|p1a: Flareon|Flareon, F|100\/100\n|-damage|p1a: Flareon|76\/100|[from] Stealth Rock\n|switch|p2a: Whiscash|Whiscash, M|100\/100\n|\n|-heal|p1a: Flareon|82\/100|[from] item: Leftovers\n|upkeep\n|turn|9\n|j| plznostep\n|\n|t:|1664906181\n|switch|p2a: Walrein|Walrein, M|100\/100\n|switch|p1a: Persian|Persian, F|100\/100\n|-damage|p1a: Persian|88\/100|[from] Stealth Rock\n|\n|upkeep\n|turn|10\n|\n|t:|1664906188\n|move|p1a: Persian|Fake Out|p2a: Walrein\n|-damage|p2a: Walrein|79\/100\n|cant|p2a: Walrein|flinch\n|\n|-heal|p2a: Walrein|85\/100|[from] item: Leftovers\n|upkeep\n|turn|11\n|\n|t:|1664906193\n|move|p1a: Persian|U-turn|p2a: Walrein\n|-damage|p2a: Walrein|70\/100\n|\n|t:|1664906196\n|switch|p1a: Luxray|Luxray, M|88\/100|[from]move: U-turn\n|-damage|p1a: Luxray|76\/100|[from] Stealth Rock\n|-ability|p1a: Luxray|Intimidate|boost\n|-unboost|p2a: Walrein|atk|1\n|move|p2a: Walrein|Surf|p1a: Luxray\n|-damage|p1a: Luxray|28\/100\n|\n|-heal|p2a: Walrein|76\/100|[from] item: Leftovers\n|upkeep\n|turn|12\n|\n|t:|1664906206\n|switch|p2a: Whiscash|Whiscash, M|100\/100\n|move|p1a: Luxray|Hidden Power|p2a: Whiscash\n|-supereffective|p2a: Whiscash\n|-damage|p2a: Whiscash|9\/100\n|-enditem|p2a: Whiscash|Sitrus Berry|[eat]\n|-heal|p2a: Whiscash|33\/100|[from] item: Sitrus Berry\n|\n|upkeep\n|turn|13\n|\n|t:|1664906210\n|switch|p2a: Quilava|Quilava, M|61\/100\n|move|p1a: Luxray|Hidden Power|p2a: Quilava\n|-resisted|p2a: Quilava\n|-damage|p2a: Quilava|42\/100\n|\n|upkeep\n|turn|14\n|\n|t:|1664906215\n|switch|p1a: Flareon|Flareon, F|82\/100\n|-damage|p1a: Flareon|57\/100|[from] Stealth Rock\n|switch|p2a: Golbat|Golbat, M|100\/100\n|\n|-heal|p1a: Flareon|63\/100|[from] item: Leftovers\n|upkeep\n|turn|15\n|\n|t:|1664906220\n|switch|p2a: Walrein|Walrein, M|76\/100\n|move|p1a: Flareon|Wish|p1a: Flareon\n|\n|-heal|p2a: Walrein|83\/100|[from] item: Leftovers\n|-heal|p1a: Flareon|69\/100|[from] item: Leftovers\n|upkeep\n|turn|16\n|\n|t:|1664906230\n|switch|p1a: Kingler|Kingler, F|91\/100\n|-damage|p1a: Kingler|78\/100|[from] Stealth Rock\n|move|p2a: Walrein|Surf|p1a: Kingler\n|-resisted|p1a: Kingler\n|-damage|p1a: Kingler|38\/100\n|\n|-heal|p1a: Kingler|87\/100|[from] move: Wish|[wisher] Flareon\n|-heal|p2a: Walrein|89\/100|[from] item: Leftovers\n|upkeep\n|turn|17\n|\n|t:|1664906238\n|switch|p2a: Golbat|Golbat, M|100\/100\n|move|p1a: Kingler|Agility|p1a: Kingler\n|-boost|p1a: Kingler|spe|2\n|\n|upkeep\n|turn|18\n|\n|t:|1664906246\n|move|p1a: Kingler|Crabhammer|p2a: Golbat\n|-damage|p2a: Golbat|36\/100\n|-damage|p1a: Kingler|77\/100|[from] item: Life Orb\n|move|p2a: Golbat|Toxic|p1a: Kingler\n|-status|p1a: Kingler|tox\n|\n|-damage|p1a: Kingler|71\/100 tox|[from] psn\n|-heal|p2a: Golbat|42\/100|[from] item: Black Sludge\n|upkeep\n|turn|19\n|\n|t:|1664906252\n|switch|p2a: Walrein|Walrein, M|89\/100\n|move|p1a: Kingler|Crabhammer|p2a: Walrein\n|-resisted|p2a: Walrein\n|-damage|p2a: Walrein|56\/100\n|-damage|p1a: Kingler|61\/100 tox|[from] item: Life Orb\n|\n|-damage|p1a: Kingler|50\/100 tox|[from] psn\n|-heal|p2a: Walrein|63\/100|[from] item: Leftovers\n|upkeep\n|turn|20\n|j|%Corpsethius\n|l|%Corpsethius\n|c| Rogervireop|Crabs for the win\n|\n|t:|1664906267\n|switch|p2a: Grotle|Grotle, M|25\/100\n|move|p1a: Kingler|Crabhammer|p2a: Grotle\n|-resisted|p2a: Grotle\n|-damage|p2a: Grotle|0 fnt\n|faint|p2a: Grotle\n|-damage|p1a: Kingler|40\/100 tox|[from] item: Life Orb\n|\n|-damage|p1a: Kingler|22\/100 tox|[from] psn\n|upkeep\n|l|plznostep\n|\n|t:|1664906277\n|switch|p2a: Walrein|Walrein, M|63\/100\n|turn|21\n|\n|t:|1664906285\n|switch|p2a: Whiscash|Whiscash, M|33\/100\n|move|p1a: Kingler|Crabhammer|p2a: Whiscash\n|-damage|p2a: Whiscash|0 fnt\n|faint|p2a: Whiscash\n|-damage|p1a: Kingler|12\/100 tox|[from] item: Life Orb\n|\n|-damage|p1a: Kingler|0 fnt|[from] psn\n|faint|p1a: Kingler\n|upkeep\n|j| plznoboo\n|\n|t:|1664906295\n|switch|p1a: Luxray|Luxray, M|28\/100\n|switch|p2a: Quilava|Quilava, M|42\/100\n|-damage|p1a: Luxray|16\/100|[from] Stealth Rock\n|-ability|p1a: Luxray|Intimidate|boost\n|-unboost|p2a: Quilava|atk|1\n|turn|22\n|\n|t:|1664906301\n|move|p1a: Luxray|Thunderbolt|p2a: Quilava\n|-damage|p2a: Quilava|0 fnt\n|faint|p2a: Quilava\n|\n|upkeep\n|\n|t:|1664906305\n|switch|p2a: Lairon|Lairon, F|87\/100\n|turn|23\n|\n|t:|1664906311\n|move|p1a: Luxray|Thunderbolt|p2a: Lairon\n|-damage|p2a: Lairon|0 fnt\n|faint|p2a: Lairon\n|\n|upkeep\n|\n|t:|1664906316\n|switch|p2a: Walrein|Walrein, M|63\/100\n|turn|24\n|\n|t:|1664906318\n|move|p1a: Luxray|Thunderbolt|p2a: Walrein\n|-supereffective|p2a: Walrein\n|-damage|p2a: Walrein|13\/100\n|move|p2a: Walrein|Surf|p1a: Luxray\n|-damage|p1a: Luxray|0 fnt\n|faint|p1a: Luxray\n|\n|-heal|p2a: Walrein|19\/100|[from] item: Leftovers\n|upkeep\n|\n|t:|1664906321\n|switch|p1a: Meditite|Meditite, F|100\/100\n|-damage|p1a: Meditite|95\/100|[from] Stealth Rock\n|turn|25\n|n| plznostep|plznoboo\n|n| Rogerdarealgoat|rogervireop\n|\n|t:|1664906325\n|move|p1a: Meditite|Zen Headbutt|p2a: Walrein\n|-damage|p2a: Walrein|0 fnt\n|faint|p2a: Walrein\n|\n|upkeep\n|\n|t:|1664906326\n|switch|p2a: Golbat|Golbat, M|42\/100\n|turn|26\n|\n|t:|1664906327\n|move|p1a: Meditite|Zen Headbutt|p2a: Golbat\n|-supereffective|p2a: Golbat\n|-damage|p2a: Golbat|0 fnt\n|faint|p2a: Golbat\n|\n|win|valentLne\n|n|\u2606valentLne|valentlne\n|n|\u2606ayevon|ayevon\n|n| BeatsBlack|beatsblack\n|n| Sneads Sead n Dead|sneadsseadndead\n|n| joey milktank|joeymilktank\n|n| plznostep|plznostep\n|n| Rogerdarealgoat|rogerdarealgoat\n","uploadtime":1664906329,"views":2,"p1id":"valentlne","p2id":"ayevon","formatid":"gen4zu","rating":0,"private":0,"password":null}