{"id":"gen4ou-1425980500","p1":"Dindon Ductile","p2":"StreetsNeedABody","format":"gen4ou","log":"|j|\u2606Dindon Ductile\n|j|\u2606StreetsNeedABody\n|t:|1632916124\n|gametype|singles\n|player|p1|Dindon Ductile|1|1329\n|player|p2|StreetsNeedABody|linebacker|1125\n|teamsize|p1|6\n|teamsize|p2|6\n|gen|4\n|tier|[Gen 4] OU\n|rated|\n|rule|Sleep Clause Mod: Limit one foe put to sleep\n|rule|Species Clause: Limit one of each Pok\u00e9mon\n|rule|OHKO Clause: OHKO moves are banned\n|rule|Evasion Moves Clause: Evasion moves are banned\n|rule|Endless Battle Clause: Forcing endless battles is banned\n|rule|HP Percentage Mod: HP is shown in percentages\n|\n|t:|1632916124\n|start\n|switch|p1a: Mamoswine|Mamoswine, F|100\/100\n|switch|p2a: Jirachi|Jirachi|100\/100\n|turn|1\n|inactive|Battle timer is ON: inactive players will automatically lose when time's up. (requested by StreetsNeedABody)\n|\n|t:|1632916136\n|switch|p1a: Weezing|Weezing, M|100\/100\n|move|p2a: Jirachi|Iron Head|p1a: Weezing\n|-damage|p1a: Weezing|76\/100\n|\n|-heal|p1a: Weezing|82\/100|[from] item: Black Sludge\n|upkeep\n|turn|2\n|\n|t:|1632916144\n|switch|p2a: Heatran|Heatran, M, shiny|100\/100\n|move|p1a: Weezing|Will-O-Wisp|p2a: Heatran\n|-start|p2a: Heatran|ability: Flash Fire\n|\n|-heal|p1a: Weezing|88\/100|[from] item: Black Sludge\n|upkeep\n|turn|3\n|\n|t:|1632916154\n|switch|p1a: Flygon|Flygon, M|100\/100\n|move|p2a: Heatran|Substitute|p2a: Heatran\n|-start|p2a: Heatran|Substitute\n|-damage|p2a: Heatran|76\/100\n|\n|-heal|p2a: Heatran|82\/100|[from] item: Leftovers\n|upkeep\n|turn|4\n|\n|t:|1632916161\n|move|p1a: Flygon|Earthquake|p2a: Heatran\n|-supereffective|p2a: Heatran\n|-end|p2a: Heatran|Substitute\n|move|p2a: Heatran|Lava Plume|p1a: Flygon\n|-resisted|p1a: Flygon\n|-damage|p1a: Flygon|57\/100\n|-status|p1a: Flygon|brn\n|\n|-damage|p1a: Flygon|45\/100 brn|[from] brn\n|-heal|p2a: Heatran|88\/100|[from] item: Leftovers\n|upkeep\n|turn|5\n|\n|t:|1632916171\n|-end|p2a: Heatran|ability: Flash Fire|[silent]\n|switch|p2a: Rotom|Rotom-Mow|100\/100\n|move|p1a: Flygon|Earthquake|p2a: Rotom\n|-immune|p2a: Rotom|[from] ability: Levitate\n|\n|-damage|p1a: Flygon|32\/100 brn|[from] brn\n|upkeep\n|turn|6\n|\n|t:|1632916182\n|switch|p1a: Breloom|Breloom, M|100\/100\n|move|p2a: Rotom|Will-O-Wisp|p1a: Breloom|[miss]\n|-miss|p2a: Rotom|p1a: Breloom\n|\n|-status|p1a: Breloom|tox|[from] item: Toxic Orb\n|upkeep\n|turn|7\n|\n|t:|1632916199\n|switch|p2a: Heatran|Heatran, M, shiny|88\/100\n|move|p1a: Breloom|Spore|p2a: Heatran\n|-status|p2a: Heatran|slp|[from] move: Spore\n|\n|-heal|p2a: Heatran|94\/100 slp|[from] item: Leftovers\n|upkeep\n|turn|8\n|\n|t:|1632916208\n|switch|p2a: Dragonite|Dragonite, M, shiny|100\/100\n|switch|p1a: Mamoswine|Mamoswine, F|100\/100\n|\n|upkeep\n|turn|9\n|\n|t:|1632916214\n|switch|p2a: Suicune|Suicune, shiny|100\/100\n|-ability|p2a: Suicune|Pressure\n|move|p1a: Mamoswine|Stealth Rock|p2a: Suicune\n|-sidestart|p2: StreetsNeedABody|move: Stealth Rock\n|\n|upkeep\n|turn|10\n|\n|t:|1632916222\n|switch|p1a: Empoleon|Empoleon, F|100\/100\n|move|p2a: Suicune|Calm Mind|p2a: Suicune\n|-boost|p2a: Suicune|spa|1\n|-boost|p2a: Suicune|spd|1\n|\n|upkeep\n|turn|11\n|\n|t:|1632916228\n|move|p2a: Suicune|Hidden Power|p1a: Empoleon\n|-supereffective|p1a: Empoleon\n|-crit|p1a: Empoleon\n|-damage|p1a: Empoleon|15\/100\n|move|p1a: Empoleon|Knock Off|p2a: Suicune\n|-damage|p2a: Suicune|97\/100\n|-enditem|p2a: Suicune|Leftovers|[from] move: Knock Off|[of] p1a: Empoleon\n|\n|-heal|p1a: Empoleon|21\/100|[from] item: Leftovers\n|upkeep\n|turn|12\n|\n|t:|1632916238\n|move|p1a: Empoleon|Protect|p1a: Empoleon\n|-singleturn|p1a: Empoleon|Protect\n|move|p2a: Suicune|Surf|p1a: Empoleon\n|-activate|p1a: Empoleon|Protect\n|\n|-heal|p1a: Empoleon|28\/100|[from] item: Leftovers\n|upkeep\n|turn|13\n|\n|t:|1632916247\n|switch|p1a: Rotom|Rotom-Wash|100\/100\n|move|p2a: Suicune|Hidden Power|p1a: Rotom\n|-resisted|p1a: Rotom\n|-damage|p1a: Rotom|84\/100\n|\n|upkeep\n|turn|14\n|\n|t:|1632916253\n|switch|p2a: Rotom|Rotom-Mow|100\/100\n|-damage|p2a: Rotom|88\/100|[from] Stealth Rock\n|move|p1a: Rotom|Light Screen|p1a: Rotom\n|-sidestart|p1: Dindon Ductile|Light Screen\n|\n|-heal|p2a: Rotom|94\/100|[from] item: Leftovers\n|upkeep\n|turn|15\n|\n|t:|1632916264\n|switch|p1a: Breloom|Breloom, M|100\/100 tox\n|move|p2a: Rotom|Will-O-Wisp||[still]\n|-fail|p2a: Rotom\n|\n|-heal|p2a: Rotom|100\/100|[from] item: Leftovers\n|upkeep\n|turn|16\n|\n|t:|1632916272\n|move|p1a: Breloom|Swords Dance|p1a: Breloom\n|-boost|p1a: Breloom|atk|2\n|move|p2a: Rotom|Shadow Ball|p1a: Breloom\n|-damage|p1a: Breloom|73\/100 tox\n|\n|-heal|p1a: Breloom|86\/100 tox|[from] ability: Poison Heal\n|upkeep\n|turn|17\n|\n|t:|1632916279\n|switch|p2a: Jirachi|Jirachi|100\/100\n|-damage|p2a: Jirachi|94\/100|[from] Stealth Rock\n|move|p1a: Breloom|Swords Dance|p1a: Breloom\n|-boost|p1a: Breloom|atk|2\n|\n|-heal|p2a: Jirachi|100\/100|[from] item: Leftovers\n|-heal|p1a: Breloom|98\/100 tox|[from] ability: Poison Heal\n|upkeep\n|turn|18\n|\n|t:|1632916290\n|move|p2a: Jirachi|Iron Head|p1a: Breloom\n|-damage|p1a: Breloom|45\/100 tox\n|cant|p1a: Breloom|flinch\n|\n|-heal|p1a: Breloom|57\/100 tox|[from] ability: Poison Heal\n|upkeep\n|turn|19\n|\n|t:|1632916299\n|move|p1a: Breloom|Mach Punch|p2a: Jirachi\n|-damage|p2a: Jirachi|36\/100\n|move|p2a: Jirachi|Fire Punch|p1a: Breloom\n|-supereffective|p1a: Breloom\n|-damage|p1a: Breloom|0 fnt\n|faint|p1a: Breloom\n|\n|-heal|p2a: Jirachi|42\/100|[from] item: Leftovers\n|upkeep\n|\n|t:|1632916318\n|switch|p1a: Flygon|Flygon, M|32\/100 brn\n|turn|20\n|\n|t:|1632916324\n|switch|p2a: Rotom|Rotom-Mow|100\/100\n|-damage|p2a: Rotom|88\/100|[from] Stealth Rock\n|move|p1a: Flygon|Draco Meteor|p2a: Rotom\n|-damage|p2a: Rotom|33\/100\n|-unboost|p1a: Flygon|spa|2\n|\n|-damage|p1a: Flygon|20\/100 brn|[from] brn\n|-heal|p2a: Rotom|40\/100|[from] item: Leftovers\n|upkeep\n|turn|21\n|\n|t:|1632916335\n|move|p1a: Flygon|U-turn|p2a: Rotom\n|-resisted|p2a: Rotom\n|-damage|p2a: Rotom|35\/100\n|\n|t:|1632916339\n|switch|p1a: Mamoswine|Mamoswine, F|100\/100|[from]move: U-turn\n|move|p2a: Rotom|Shadow Ball|p1a: Mamoswine\n|-damage|p1a: Mamoswine|79\/100\n|\n|-sideend|p1: Dindon Ductile|Light Screen\n|-heal|p2a: Rotom|42\/100|[from] item: Leftovers\n|upkeep\n|turn|22\n|\n|t:|1632916350\n|move|p1a: Mamoswine|Ice Shard|p2a: Rotom\n|-damage|p2a: Rotom|18\/100\n|move|p2a: Rotom|Pain Split|p1a: Mamoswine\n|-sethp|p1a: Mamoswine|45\/100|[from] move: Pain Split|[silent]\n|-sethp|p2a: Rotom|67\/100|[from] move: Pain Split\n|\n|-heal|p2a: Rotom|74\/100|[from] item: Leftovers\n|upkeep\n|turn|23\n|\n|t:|1632916366\n|move|p1a: Mamoswine|Ice Shard|p2a: Rotom\n|-damage|p2a: Rotom|49\/100\n|move|p2a: Rotom|Will-O-Wisp|p1a: Mamoswine|[miss]\n|-miss|p2a: Rotom|p1a: Mamoswine\n|\n|-heal|p2a: Rotom|56\/100|[from] item: Leftovers\n|upkeep\n|turn|24\n|\n|t:|1632916374\n|switch|p1a: Flygon|Flygon, M|20\/100 brn\n|move|p2a: Rotom|Shadow Ball|p1a: Flygon\n|-damage|p1a: Flygon|0 fnt\n|faint|p1a: Flygon\n|\n|-heal|p2a: Rotom|62\/100|[from] item: Leftovers\n|upkeep\n|-message|Dindon Ductile forfeited.\n|\n|win|StreetsNeedABody\n|raw|Dindon Ductile's rating: 1329 &rarr; <strong>1298<\/strong><br \/>(-31 for losing)\n|raw|StreetsNeedABody's rating: 1125 &rarr; <strong>1163<\/strong><br \/>(+38 for winning)\n|l|\u2606Dindon Ductile\n","uploadtime":1632916391,"views":11,"p1id":"dindonductile","p2id":"streetsneedabody","formatid":"gen4ou","rating":1163,"private":0,"password":null}