{"id":"gen4ubers-1623691532","p1":"Raph369","p2":"TDR","format":"gen4ubers","log":"|j|\u2606Raph369\n|j|\u2606TDR\n|t:|1658605947\n|gametype|singles\n|player|p1|Raph369|archer|\n|player|p2|TDR|lucas|\n|teamsize|p1|6\n|teamsize|p2|6\n|gen|4\n|tier|[Gen 4] Ubers\n|rated|Tournament battle\n|rule|Sleep Clause Mod: Limit one foe put to sleep\n|rule|Species Clause: Limit one of each Pok\u00e9mon\n|rule|OHKO Clause: OHKO moves are banned\n|rule|Evasion Moves Clause: Evasion moves are banned\n|rule|Endless Battle Clause: Forcing endless battles is banned\n|rule|HP Percentage Mod: HP is shown in percentages\n|\n|t:|1658605947\n|start\n|switch|p1a: Forretress|Forretress, F|100\/100\n|switch|p2a: Deoxys|Deoxys-Speed|100\/100\n|-ability|p2a: Deoxys|Pressure\n|turn|1\n|j| BB-8-NU\n|c|\u2606Raph369|here we go\n|j| Stefan1850\n|c|\u2606Raph369|hf\n|j| BustedBeedrill\n|c|\u2606TDR|u2 bro\n|j| Gareeb 2.0\n|\n|t:|1658605981\n|move|p2a: Deoxys|Taunt|p1a: Forretress\n|-start|p1a: Forretress|move: Taunt\n|move|p1a: Forretress|Payback|p2a: Deoxys\n|-supereffective|p2a: Deoxys\n|-damage|p2a: Deoxys|52\/100\n|\n|upkeep\n|turn|2\n|\n|t:|1658605986\n|move|p2a: Deoxys|Spikes|p1a: Forretress\n|-sidestart|p1: Raph369|Spikes\n|move|p1a: Forretress|Rapid Spin|p2a: Deoxys\n|-damage|p2a: Deoxys|46\/100\n|-sideend|p1: Raph369|Spikes|[from] move: Rapid Spin|[of] p1a: Forretress\n|\n|upkeep\n|turn|3\n|\n|t:|1658605991\n|move|p2a: Deoxys|Taunt||[still]\n|-fail|p2a: Deoxys\n|move|p1a: Forretress|Payback|p2a: Deoxys\n|-supereffective|p2a: Deoxys\n|-damage|p2a: Deoxys|0 fnt\n|faint|p2a: Deoxys\n|\n|upkeep\n|c|\u2606TDR|misclicked\n|j| Kssr\n|\n|t:|1658606010\n|switch|p2a: Kyogre|Kyogre|100\/100\n|-weather|RainDance|[from] ability: Drizzle|[of] p2a: Kyogre\n|turn|4\n|\n|t:|1658606020\n|move|p2a: Kyogre|Surf|p1a: Forretress\n|-damage|p1a: Forretress|20\/100\n|move|p1a: Forretress|Payback|p2a: Kyogre\n|-damage|p2a: Kyogre|79\/100\n|\n|-weather|RainDance|[upkeep]\n|-heal|p2a: Kyogre|85\/100|[from] item: Leftovers\n|-end|p1a: Forretress|move: Taunt\n|upkeep\n|turn|5\n|\n|t:|1658606024\n|switch|p1a: Kyogre|Kyogre|100\/100\n|move|p2a: Kyogre|Surf|p1a: Kyogre\n|-resisted|p1a: Kyogre\n|-damage|p1a: Kyogre|73\/100\n|\n|-weather|RainDance|[upkeep]\n|-heal|p2a: Kyogre|91\/100|[from] item: Leftovers\n|upkeep\n|turn|6\n|\n|t:|1658606027\n|move|p2a: Kyogre|Calm Mind|p2a: Kyogre\n|-boost|p2a: Kyogre|spa|1\n|-boost|p2a: Kyogre|spd|1\n|move|p1a: Kyogre|Thunder|p2a: Kyogre\n|-supereffective|p2a: Kyogre\n|-damage|p2a: Kyogre|16\/100\n|\n|-weather|RainDance|[upkeep]\n|-heal|p2a: Kyogre|22\/100|[from] item: Leftovers\n|upkeep\n|turn|7\n|\n|t:|1658606032\n|move|p2a: Kyogre|Thunder|p1a: Kyogre\n|-supereffective|p1a: Kyogre\n|-damage|p1a: Kyogre|0 fnt\n|faint|p1a: Kyogre\n|\n|-weather|RainDance|[upkeep]\n|-heal|p2a: Kyogre|28\/100|[from] item: Leftovers\n|upkeep\n|\n|t:|1658606048\n|switch|p1a: Deoxys|Deoxys-Attack|100\/100\n|-ability|p1a: Deoxys|Pressure\n|turn|8\n|\n|t:|1658606053\n|move|p1a: Deoxys|Psycho Boost|p2a: Kyogre\n|-damage|p2a: Kyogre|0 fnt\n|-unboost|p1a: Deoxys|spa|2\n|faint|p2a: Kyogre\n|-damage|p1a: Deoxys|91\/100|[from] item: Life Orb\n|\n|-weather|RainDance|[upkeep]\n|upkeep\n|\n|t:|1658606060\n|switch|p2a: Latios|Latios, M|100\/100\n|turn|9\n|\n|t:|1658606065\n|move|p1a: Deoxys|Ice Punch|p2a: Latios\n|-supereffective|p2a: Latios\n|-damage|p2a: Latios|0 fnt\n|faint|p2a: Latios\n|-damage|p1a: Deoxys|81\/100|[from] item: Life Orb\n|\n|-weather|RainDance|[upkeep]\n|upkeep\n|c| Gareeb 2.0|gone\n|c| Stefan1850|gao\n|\n|t:|1658606077\n|switch|p2a: Garchomp|Garchomp, M|100\/100\n|turn|10\n|c| Stefan1850|wow\n|j| bigshady680\n|c| Gareeb 2.0|first time seeing ice punch deo a\n|\n|t:|1658606103\n|switch|p1a: Forretress|Forretress, F|20\/100\n|move|p2a: Garchomp|Earthquake|p1a: Forretress\n|-damage|p1a: Forretress|0 fnt\n|faint|p1a: Forretress\n|\n|-weather|RainDance|[upkeep]\n|upkeep\n|c|\u2606Raph369|really?\n|c| Gareeb 2.0|yes\n|c|\u2606Raph369|it's a cool set\n|\n|t:|1658606114\n|switch|p1a: Rayquaza|Rayquaza|100\/100\n|turn|11\n|c| Gareeb 2.0|seems like it yes\n|\n|t:|1658606118\n|switch|p2a: Dialga|Dialga|100\/100\n|-ability|p2a: Dialga|Pressure\n|move|p1a: Rayquaza|Dragon Dance|p1a: Rayquaza\n|-boost|p1a: Rayquaza|atk|1\n|-boost|p1a: Rayquaza|spe|1\n|\n|-weather|RainDance|[upkeep]\n|upkeep\n|turn|12\n|\n|t:|1658606124\n|move|p1a: Rayquaza|Earthquake|p2a: Dialga\n|-supereffective|p2a: Dialga\n|-crit|p2a: Dialga\n|-damage|p2a: Dialga|0 fnt\n|faint|p2a: Dialga\n|\n|-weather|RainDance|[upkeep]\n|upkeep\n|c| bigshady680|wait why did you switch\n|c| Stefan1850|Gaaaaaaaa\n|\n|t:|1658606132\n|switch|p2a: Garchomp|Garchomp, M|100\/100\n|turn|13\n|c|\u2606Raph369|he's probably lock\n|c| bigshady680|oh that makes sense\n|c| bigshady680|cause he was faster\n|c| bigshady680|thats why I asked\n|c| Gareeb 2.0|choice scarf is the standard item for chomp\n|\n|t:|1658606156\n|move|p2a: Garchomp|Outrage|p1a: Rayquaza\n|-supereffective|p1a: Rayquaza\n|-enditem|p1a: Rayquaza|Haban Berry|[eat]\n|-enditem|p1a: Rayquaza|Haban Berry|[weaken]\n|-damage|p1a: Rayquaza|30\/100\n|move|p1a: Rayquaza|Outrage|p2a: Garchomp\n|-supereffective|p2a: Garchomp\n|-damage|p2a: Garchomp|0 fnt\n|faint|p2a: Garchomp\n|\n|-weather|RainDance|[upkeep]\n|upkeep\n|c|\u2606TDR|gg\n|c|\u2606Raph369|even for non-scarf\n|c|\u2606TDR|s\n|\n|t:|1658606164\n|switch|p2a: Palkia|Palkia|100\/100\n|-ability|p2a: Palkia|Pressure\n|turn|14\n|c|\u2606Raph369|i had a little surprise\n|c| Stefan1850|gg\n|c|\u2606Raph369|gg\n|c| Stefan1850|peru moment\n|\n|t:|1658606175\n|move|p1a: Rayquaza|Outrage|p2a: Palkia|[from]lockedmove\n|-supereffective|p2a: Palkia\n|-damage|p2a: Palkia|0 fnt\n|faint|p2a: Palkia\n|\n|win|Raph369\n|n|\u2606Raph369|raph369\n|n|\u2606TDR|tdr\n|n| BB-8-NU|bb8nu\n|n| Stefan1850|stefan1850\n|n| BustedBeedrill|bustedbeedrill\n|n| Gareeb 2.0|gareeb20\n|n| Kssr|kssr\n|n| bigshady680|bigshady680\n","uploadtime":1658606176,"views":3,"p1id":"raph369","p2id":"tdr","formatid":"gen4ubers","rating":0,"private":0,"password":null}