{"id":"gen4ou-1679866795","p1":"quixana","p2":"Bandal Sarkar","format":"gen4ou","log":"|j|\u2606quixana\n|j|\u2606Bandal Sarkar\n|t:|1665140476\n|gametype|singles\n|player|p1|quixana|ethan-pokeathlon|\n|player|p2|Bandal Sarkar|birdkeeper-gen2|\n|teamsize|p1|6\n|teamsize|p2|6\n|gen|4\n|tier|[Gen 4] OU\n|rated|Tournament battle\n|rule|Sleep Clause Mod: Limit one foe put to sleep\n|rule|Species Clause: Limit one of each Pok\u00e9mon\n|rule|OHKO Clause: OHKO moves are banned\n|rule|Evasion Items Clause: Evasion items are banned\n|rule|Evasion Moves Clause: Evasion moves are banned\n|rule|Endless Battle Clause: Forcing endless battles is banned\n|rule|HP Percentage Mod: HP is shown in percentages\n|rule|Freeze Clause Mod: Limit one foe frozen\n|\n|t:|1665140476\n|start\n|switch|p1a: Jirachi|Jirachi|100\/100\n|switch|p2a: Ambipom|Ambipom, M|100\/100\n|turn|1\n|inactive|Battle timer is ON: inactive players will automatically lose when time's up. (requested by Bandal Sarkar)\n|c|\u2606quixana|glhf\n|c|\u2606Bandal Sarkar|u2\n|\n|t:|1665140486\n|move|p2a: Ambipom|Fake Out|p1a: Jirachi\n|-resisted|p1a: Jirachi\n|-damage|p1a: Jirachi|91\/100\n|cant|p1a: Jirachi|flinch\n|\n|-heal|p1a: Jirachi|98\/100|[from] item: Leftovers\n|upkeep\n|turn|2\n|\n|t:|1665140489\n|move|p2a: Ambipom|U-turn|p1a: Jirachi\n|-damage|p1a: Jirachi|85\/100\n|\n|t:|1665140493\n|switch|p2a: Hippowdon|Hippowdon, M|100\/100|[from]move: U-turn\n|-weather|Sandstorm|[from] ability: Sand Stream|[of] p2a: Hippowdon\n|move|p1a: Jirachi|Body Slam|p2a: Hippowdon\n|-damage|p2a: Hippowdon|90\/100\n|\n|-weather|Sandstorm|[upkeep]\n|-heal|p1a: Jirachi|91\/100|[from] item: Leftovers\n|-heal|p2a: Hippowdon|96\/100|[from] item: Leftovers\n|upkeep\n|turn|3\n|\n|t:|1665140514\n|switch|p1a: Clefable|Clefable, F, shiny|100\/100\n|move|p2a: Hippowdon|Stealth Rock|p1a: Clefable\n|-sidestart|p1: quixana|move: Stealth Rock\n|\n|-weather|Sandstorm|[upkeep]\n|-heal|p2a: Hippowdon|100\/100|[from] item: Leftovers\n|upkeep\n|turn|4\n|\n|t:|1665140525\n|move|p1a: Clefable|Stealth Rock|p2a: Hippowdon\n|-sidestart|p2: Bandal Sarkar|move: Stealth Rock\n|move|p2a: Hippowdon|Roar|p1a: Clefable\n|drag|p1a: Jirachi|Jirachi|91\/100\n|-damage|p1a: Jirachi|85\/100|[from] Stealth Rock\n|\n|-weather|Sandstorm|[upkeep]\n|-heal|p1a: Jirachi|91\/100|[from] item: Leftovers\n|upkeep\n|turn|5\n|\n|t:|1665140538\n|switch|p1a: Gliscor|Gliscor, M, shiny|100\/100\n|-damage|p1a: Gliscor|88\/100|[from] Stealth Rock\n|move|p2a: Hippowdon|Earthquake|p1a: Gliscor\n|-immune|p1a: Gliscor\n|\n|-weather|Sandstorm|[upkeep]\n|-heal|p1a: Gliscor|94\/100|[from] item: Leftovers\n|upkeep\n|turn|6\n|j| BadBoy633\n|\n|t:|1665140543\n|move|p1a: Gliscor|Taunt|p2a: Hippowdon\n|-start|p2a: Hippowdon|move: Taunt\n|cant|p2a: Hippowdon|move: Taunt|Roar\n|\n|-weather|Sandstorm|[upkeep]\n|-heal|p1a: Gliscor|100\/100|[from] item: Leftovers\n|upkeep\n|turn|7\n|\n|t:|1665140563\n|switch|p2a: Tentacruel|Tentacruel, F|100\/100\n|-damage|p2a: Tentacruel|88\/100|[from] Stealth Rock\n|move|p1a: Gliscor|Earthquake|p2a: Tentacruel\n|-supereffective|p2a: Tentacruel\n|-damage|p2a: Tentacruel|4\/100\n|\n|-weather|Sandstorm|[upkeep]\n|-damage|p2a: Tentacruel|0 fnt|[from] Sandstorm\n|faint|p2a: Tentacruel\n|upkeep\n|\n|t:|1665140574\n|switch|p2a: Dragonite|Dragonite, M|100\/100\n|-damage|p2a: Dragonite|76\/100|[from] Stealth Rock\n|turn|8\n|\n|t:|1665140580\n|switch|p1a: Milotic|Milotic, F, shiny|100\/100\n|-damage|p1a: Milotic|88\/100|[from] Stealth Rock\n|move|p2a: Dragonite|Dragon Claw|p1a: Milotic\n|-damage|p1a: Milotic|39\/100\n|\n|-weather|Sandstorm|[upkeep]\n|-damage|p2a: Dragonite|70\/100|[from] Sandstorm\n|-damage|p1a: Milotic|33\/100|[from] Sandstorm\n|-heal|p1a: Milotic|39\/100|[from] item: Leftovers\n|upkeep\n|turn|9\n|\n|t:|1665140587\n|switch|p1a: Jirachi|Jirachi|91\/100\n|-damage|p1a: Jirachi|85\/100|[from] Stealth Rock\n|move|p2a: Dragonite|Dragon Claw|p1a: Jirachi\n|-resisted|p1a: Jirachi\n|-damage|p1a: Jirachi|63\/100\n|\n|-weather|Sandstorm|[upkeep]\n|-damage|p2a: Dragonite|63\/100|[from] Sandstorm\n|-heal|p1a: Jirachi|70\/100|[from] item: Leftovers\n|upkeep\n|turn|10\n|\n|t:|1665140602\n|switch|p2a: Magnezone|Magnezone|100\/100\n|-damage|p2a: Magnezone|94\/100|[from] Stealth Rock\n|move|p1a: Jirachi|Wish|p1a: Jirachi\n|\n|-weather|Sandstorm|[upkeep]\n|-heal|p1a: Jirachi|76\/100|[from] item: Leftovers\n|upkeep\n|turn|11\n|\n|t:|1665140614\n|move|p2a: Magnezone|Thunderbolt|p1a: Jirachi\n|-damage|p1a: Jirachi|33\/100\n|move|p1a: Jirachi|Body Slam|p2a: Magnezone\n|-resisted|p2a: Magnezone\n|-damage|p2a: Magnezone|85\/100\n|\n|-heal|p1a: Jirachi|83\/100|[from] move: Wish|[wisher] Jirachi\n|-weather|Sandstorm|[upkeep]\n|-heal|p1a: Jirachi|89\/100|[from] item: Leftovers\n|upkeep\n|turn|12\n|\n|t:|1665140619\n|move|p2a: Magnezone|Thunderbolt|p1a: Jirachi\n|-damage|p1a: Jirachi|50\/100\n|move|p1a: Jirachi|Body Slam|p2a: Magnezone\n|-resisted|p2a: Magnezone\n|-damage|p2a: Magnezone|74\/100\n|\n|-weather|Sandstorm|[upkeep]\n|-heal|p1a: Jirachi|56\/100|[from] item: Leftovers\n|upkeep\n|turn|13\n|\n|t:|1665140623\n|move|p1a: Jirachi|Protect|p1a: Jirachi\n|-singleturn|p1a: Jirachi|Protect\n|move|p2a: Magnezone|Thunderbolt|p1a: Jirachi\n|-activate|p1a: Jirachi|Protect\n|\n|-weather|Sandstorm|[upkeep]\n|-heal|p1a: Jirachi|63\/100|[from] item: Leftovers\n|upkeep\n|turn|14\n|\n|t:|1665140627\n|move|p2a: Magnezone|Thunderbolt|p1a: Jirachi\n|-damage|p1a: Jirachi|23\/100\n|-status|p1a: Jirachi|par\n|move|p1a: Jirachi|Wish|p1a: Jirachi\n|\n|-weather|Sandstorm|[upkeep]\n|-heal|p1a: Jirachi|29\/100 par|[from] item: Leftovers\n|upkeep\n|turn|15\n|\n|t:|1665140630\n|move|p1a: Jirachi|Protect|p1a: Jirachi\n|-singleturn|p1a: Jirachi|Protect\n|move|p2a: Magnezone|Thunderbolt|p1a: Jirachi\n|-activate|p1a: Jirachi|Protect\n|\n|-heal|p1a: Jirachi|79\/100 par|[from] move: Wish|[wisher] Jirachi\n|-weather|Sandstorm|[upkeep]\n|-heal|p1a: Jirachi|86\/100 par|[from] item: Leftovers\n|upkeep\n|turn|16\n|\n|t:|1665140634\n|move|p2a: Magnezone|Thunderbolt|p1a: Jirachi\n|-damage|p1a: Jirachi|45\/100 par\n|move|p1a: Jirachi|Wish|p1a: Jirachi\n|\n|-weather|Sandstorm|[upkeep]\n|-heal|p1a: Jirachi|51\/100 par|[from] item: Leftovers\n|upkeep\n|turn|17\n|\n|t:|1665140638\n|move|p2a: Magnezone|Thunderbolt|p1a: Jirachi\n|-damage|p1a: Jirachi|10\/100 par\n|move|p1a: Jirachi|Body Slam|p2a: Magnezone\n|-resisted|p2a: Magnezone\n|-damage|p2a: Magnezone|63\/100\n|-status|p2a: Magnezone|par\n|\n|-heal|p1a: Jirachi|60\/100 par|[from] move: Wish|[wisher] Jirachi\n|-weather|Sandstorm|[upkeep]\n|-heal|p1a: Jirachi|66\/100 par|[from] item: Leftovers\n|upkeep\n|turn|18\n|\n|t:|1665140645\n|cant|p1a: Jirachi|par\n|move|p2a: Magnezone|Thunderbolt|p1a: Jirachi\n|-damage|p1a: Jirachi|25\/100 par\n|\n|-weather|Sandstorm|[upkeep]\n|-heal|p1a: Jirachi|31\/100 par|[from] item: Leftovers\n|upkeep\n|turn|19\n|\n|t:|1665140652\n|move|p2a: Magnezone|Thunderbolt|p1a: Jirachi\n|-damage|p1a: Jirachi|0 fnt\n|faint|p1a: Jirachi\n|\n|-weather|Sandstorm|[upkeep]\n|upkeep\n|\n|t:|1665140661\n|switch|p1a: Gliscor|Gliscor, M, shiny|100\/100\n|-damage|p1a: Gliscor|88\/100|[from] Stealth Rock\n|turn|20\n|\n|t:|1665140668\n|switch|p2a: Hippowdon|Hippowdon, M|100\/100\n|-damage|p2a: Hippowdon|94\/100|[from] Stealth Rock\n|move|p1a: Gliscor|Earthquake|p2a: Hippowdon\n|-damage|p2a: Hippowdon|76\/100\n|\n|-weather|Sandstorm|[upkeep]\n|-heal|p1a: Gliscor|94\/100|[from] item: Leftovers\n|-heal|p2a: Hippowdon|82\/100|[from] item: Leftovers\n|upkeep\n|turn|21\n|\n|t:|1665140681\n|move|p1a: Gliscor|Taunt|p2a: Hippowdon\n|-start|p2a: Hippowdon|move: Taunt\n|cant|p2a: Hippowdon|move: Taunt|Slack Off\n|\n|-weather|Sandstorm|[upkeep]\n|-heal|p1a: Gliscor|100\/100|[from] item: Leftovers\n|-heal|p2a: Hippowdon|89\/100|[from] item: Leftovers\n|upkeep\n|turn|22\n|l| BadBoy633\n|\n|t:|1665140706\n|switch|p2a: Dragonite|Dragonite, M|63\/100\n|-damage|p2a: Dragonite|39\/100|[from] Stealth Rock\n|move|p1a: Gliscor|Wing Attack|p2a: Dragonite\n|-damage|p2a: Dragonite|15\/100\n|\n|-weather|Sandstorm|[upkeep]\n|-damage|p2a: Dragonite|9\/100|[from] Sandstorm\n|upkeep\n|turn|23\n|inactive|quixana has 120 seconds left.\n|\n|t:|1665140724\n|switch|p1a: Magnezone|Magnezone|100\/100\n|-damage|p1a: Magnezone|94\/100|[from] Stealth Rock\n|move|p2a: Dragonite|Extreme Speed|p1a: Magnezone\n|-resisted|p1a: Magnezone\n|-damage|p1a: Magnezone|71\/100\n|\n|-weather|Sandstorm|[upkeep]\n|-damage|p2a: Dragonite|3\/100|[from] Sandstorm\n|-heal|p1a: Magnezone|78\/100|[from] item: Leftovers\n|upkeep\n|turn|24\n|\n|t:|1665140734\n|move|p1a: Magnezone|Protect|p1a: Magnezone\n|-singleturn|p1a: Magnezone|Protect\n|move|p2a: Dragonite|Extreme Speed|p1a: Magnezone\n|-activate|p1a: Magnezone|Protect\n|\n|-weather|Sandstorm|[upkeep]\n|-damage|p2a: Dragonite|0 fnt|[from] Sandstorm\n|faint|p2a: Dragonite\n|-heal|p1a: Magnezone|84\/100|[from] item: Leftovers\n|upkeep\n|\n|t:|1665140738\n|switch|p2a: Magnezone|Magnezone|63\/100 par\n|-damage|p2a: Magnezone|57\/100 par|[from] Stealth Rock\n|turn|25\n|\n|t:|1665140742\n|move|p1a: Magnezone|Hidden Power|p2a: Magnezone\n|-supereffective|p2a: Magnezone\n|-damage|p2a: Magnezone|0 fnt\n|faint|p2a: Magnezone\n|\n|-weather|Sandstorm|[upkeep]\n|-heal|p1a: Magnezone|90\/100|[from] item: Leftovers\n|upkeep\n|\n|t:|1665140752\n|switch|p2a: Ambipom|Ambipom, M|100\/100\n|-damage|p2a: Ambipom|88\/100|[from] Stealth Rock\n|turn|26\n|\n|t:|1665140758\n|move|p2a: Ambipom|Fake Out|p1a: Magnezone\n|-resisted|p1a: Magnezone\n|-damage|p1a: Magnezone|74\/100\n|cant|p1a: Magnezone|flinch\n|\n|-weather|Sandstorm|[upkeep]\n|-damage|p2a: Ambipom|82\/100|[from] Sandstorm\n|-heal|p1a: Magnezone|80\/100|[from] item: Leftovers\n|upkeep\n|turn|27\n|\n|t:|1665140766\n|move|p2a: Ambipom|Low Kick|p1a: Magnezone\n|-supereffective|p1a: Magnezone\n|-damage|p1a: Magnezone|16\/100\n|move|p1a: Magnezone|Hidden Power|p2a: Ambipom\n|-damage|p2a: Ambipom|37\/100\n|\n|-weather|Sandstorm|[upkeep]\n|-damage|p2a: Ambipom|31\/100|[from] Sandstorm\n|-heal|p1a: Magnezone|23\/100|[from] item: Leftovers\n|upkeep\n|turn|28\n|\n|t:|1665140774\n|move|p1a: Magnezone|Protect|p1a: Magnezone\n|-singleturn|p1a: Magnezone|Protect\n|move|p2a: Ambipom|Return|p1a: Magnezone\n|-activate|p1a: Magnezone|Protect\n|\n|-weather|Sandstorm|[upkeep]\n|-damage|p2a: Ambipom|24\/100|[from] Sandstorm\n|-heal|p1a: Magnezone|29\/100|[from] item: Leftovers\n|upkeep\n|turn|29\n|\n|t:|1665140785\n|switch|p1a: Gliscor|Gliscor, M, shiny|100\/100\n|-damage|p1a: Gliscor|88\/100|[from] Stealth Rock\n|move|p2a: Ambipom|Low Kick|p1a: Gliscor\n|-resisted|p1a: Gliscor\n|-damage|p1a: Gliscor|79\/100\n|\n|-weather|Sandstorm|[upkeep]\n|-damage|p2a: Ambipom|18\/100|[from] Sandstorm\n|-heal|p1a: Gliscor|85\/100|[from] item: Leftovers\n|upkeep\n|turn|30\n|\n|t:|1665140790\n|move|p2a: Ambipom|Return|p1a: Gliscor\n|-damage|p1a: Gliscor|46\/100\n|move|p1a: Gliscor|Earthquake|p2a: Ambipom\n|-damage|p2a: Ambipom|0 fnt\n|faint|p2a: Ambipom\n|\n|-weather|Sandstorm|[upkeep]\n|-heal|p1a: Gliscor|52\/100|[from] item: Leftovers\n|upkeep\n|\n|t:|1665140794\n|switch|p2a: Celebi|Celebi|100\/100\n|-damage|p2a: Celebi|88\/100|[from] Stealth Rock\n|turn|31\n|\n|t:|1665140803\n|switch|p1a: Clefable|Clefable, F, shiny|100\/100\n|move|p2a: Celebi|Leech Seed|p1a: Clefable|[miss]\n|-miss|p2a: Celebi|p1a: Clefable\n|\n|-weather|Sandstorm|[upkeep]\n|-damage|p2a: Celebi|82\/100|[from] Sandstorm\n|-heal|p2a: Celebi|88\/100|[from] item: Leftovers\n|upkeep\n|turn|32\n|\n|t:|1665140811\n|move|p2a: Celebi|Leech Seed|p1a: Clefable|[miss]\n|-miss|p2a: Celebi|p1a: Clefable\n|move|p1a: Clefable|Knock Off|p2a: Celebi\n|-supereffective|p2a: Celebi\n|-damage|p2a: Celebi|84\/100\n|-enditem|p2a: Celebi|Leftovers|[from] move: Knock Off\n|-hint|In Gens 3-4, Knock Off only makes the target's item unusable; it cannot obtain a new item.\n|\n|-weather|Sandstorm|[upkeep]\n|-damage|p2a: Celebi|78\/100|[from] Sandstorm\n|upkeep\n|turn|33\n|\n|t:|1665140815\n|move|p2a: Celebi|Leech Seed|p1a: Clefable|[miss]\n|-miss|p2a: Celebi|p1a: Clefable\n|move|p1a: Clefable|Seismic Toss|p2a: Celebi\n|-damage|p2a: Celebi|53\/100\n|\n|-weather|Sandstorm|[upkeep]\n|-damage|p2a: Celebi|47\/100|[from] Sandstorm\n|upkeep\n|turn|34\n|\n|t:|1665140819\n|move|p2a: Celebi|Recover|p2a: Celebi\n|-heal|p2a: Celebi|97\/100\n|move|p1a: Clefable|Seismic Toss|p2a: Celebi\n|-damage|p2a: Celebi|72\/100\n|\n|-weather|Sandstorm|[upkeep]\n|-damage|p2a: Celebi|66\/100|[from] Sandstorm\n|upkeep\n|turn|35\n|\n|t:|1665140822\n|move|p2a: Celebi|Leech Seed|p1a: Clefable\n|-start|p1a: Clefable|move: Leech Seed\n|move|p1a: Clefable|Seismic Toss|p2a: Celebi\n|-damage|p2a: Celebi|41\/100\n|\n|-weather|Sandstorm|[upkeep]\n|-damage|p2a: Celebi|35\/100|[from] Sandstorm\n|upkeep\n|turn|36\n|\n|t:|1665140827\n|move|p2a: Celebi|Recover|p2a: Celebi\n|-heal|p2a: Celebi|85\/100\n|move|p1a: Clefable|Seismic Toss|p2a: Celebi\n|-damage|p2a: Celebi|60\/100\n|\n|-weather|Sandstorm|[upkeep]\n|-damage|p2a: Celebi|54\/100|[from] Sandstorm\n|upkeep\n|turn|37\n|\n|t:|1665140835\n|move|p2a: Celebi|Grass Knot|p1a: Clefable\n|-damage|p1a: Clefable|85\/100\n|move|p1a: Clefable|Seismic Toss|p2a: Celebi\n|-damage|p2a: Celebi|29\/100\n|\n|-weather|Sandstorm|[upkeep]\n|-damage|p2a: Celebi|23\/100|[from] Sandstorm\n|-heal|p1a: Clefable|91\/100|[from] item: Leftovers\n|upkeep\n|turn|38\n|\n|t:|1665140843\n|move|p2a: Celebi|Recover|p2a: Celebi\n|-heal|p2a: Celebi|73\/100\n|move|p1a: Clefable|Seismic Toss|p2a: Celebi\n|-damage|p2a: Celebi|49\/100\n|\n|-weather|Sandstorm|[upkeep]\n|-damage|p2a: Celebi|42\/100|[from] Sandstorm\n|-heal|p1a: Clefable|97\/100|[from] item: Leftovers\n|upkeep\n|turn|39\n|\n|t:|1665140845\n|move|p2a: Celebi|Recover|p2a: Celebi\n|-heal|p2a: Celebi|92\/100\n|move|p1a: Clefable|Seismic Toss|p2a: Celebi\n|-damage|p2a: Celebi|68\/100\n|\n|-weather|Sandstorm|[upkeep]\n|-damage|p2a: Celebi|61\/100|[from] Sandstorm\n|-heal|p1a: Clefable|100\/100|[from] item: Leftovers\n|upkeep\n|turn|40\n|\n|t:|1665140851\n|switch|p2a: Hippowdon|Hippowdon, M|89\/100\n|-damage|p2a: Hippowdon|82\/100|[from] Stealth Rock\n|move|p1a: Clefable|Seismic Toss|p2a: Hippowdon\n|-damage|p2a: Hippowdon|59\/100\n|\n|-weather|Sandstorm|[upkeep]\n|-heal|p2a: Hippowdon|65\/100|[from] item: Leftovers\n|upkeep\n|turn|41\n|\n|t:|1665140856\n|move|p1a: Clefable|Knock Off|p2a: Hippowdon\n|-damage|p2a: Hippowdon|63\/100\n|-enditem|p2a: Hippowdon|Leftovers|[from] move: Knock Off\n|move|p2a: Hippowdon|Roar|p1a: Clefable\n|drag|p1a: Milotic|Milotic, F, shiny|39\/100\n|-damage|p1a: Milotic|26\/100|[from] Stealth Rock\n|\n|-weather|Sandstorm|[upkeep]\n|-damage|p1a: Milotic|20\/100|[from] Sandstorm\n|-heal|p1a: Milotic|26\/100|[from] item: Leftovers\n|upkeep\n|turn|42\n|\n|t:|1665140862\n|move|p1a: Milotic|Recover|p1a: Milotic\n|-heal|p1a: Milotic|76\/100\n|move|p2a: Hippowdon|Earthquake|p1a: Milotic\n|-damage|p1a: Milotic|48\/100\n|\n|-weather|Sandstorm|[upkeep]\n|-damage|p1a: Milotic|42\/100|[from] Sandstorm\n|-heal|p1a: Milotic|48\/100|[from] item: Leftovers\n|upkeep\n|turn|43\n|\n|t:|1665140866\n|switch|p2a: Celebi|Celebi|61\/100\n|-damage|p2a: Celebi|49\/100|[from] Stealth Rock\n|move|p1a: Milotic|Recover|p1a: Milotic\n|-heal|p1a: Milotic|98\/100\n|\n|-weather|Sandstorm|[upkeep]\n|-damage|p2a: Celebi|43\/100|[from] Sandstorm\n|-damage|p1a: Milotic|92\/100|[from] Sandstorm\n|-heal|p1a: Milotic|98\/100|[from] item: Leftovers\n|upkeep\n|turn|44\n|\n|t:|1665140869\n|switch|p1a: Clefable|Clefable, F, shiny|100\/100\n|move|p2a: Celebi|Recover|p2a: Celebi\n|-heal|p2a: Celebi|93\/100\n|\n|-weather|Sandstorm|[upkeep]\n|-damage|p2a: Celebi|87\/100|[from] Sandstorm\n|upkeep\n|turn|45\n|\n|t:|1665140872\n|switch|p2a: Hippowdon|Hippowdon, M|63\/100\n|-damage|p2a: Hippowdon|57\/100|[from] Stealth Rock\n|move|p1a: Clefable|Seismic Toss|p2a: Hippowdon\n|-damage|p2a: Hippowdon|33\/100\n|\n|-weather|Sandstorm|[upkeep]\n|upkeep\n|turn|46\n|\n|t:|1665140882\n|switch|p1a: Gliscor|Gliscor, M, shiny|52\/100\n|-damage|p1a: Gliscor|40\/100|[from] Stealth Rock\n|move|p2a: Hippowdon|Slack Off|p2a: Hippowdon\n|-heal|p2a: Hippowdon|83\/100\n|\n|-weather|Sandstorm|[upkeep]\n|-heal|p1a: Gliscor|46\/100|[from] item: Leftovers\n|upkeep\n|turn|47\n|\n|t:|1665140887\n|switch|p2a: Celebi|Celebi|87\/100\n|-damage|p2a: Celebi|74\/100|[from] Stealth Rock\n|move|p1a: Gliscor|Roost|p1a: Gliscor\n|-heal|p1a: Gliscor|96\/100\n|-singleturn|p1a: Gliscor|move: Roost\n|\n|-weather|Sandstorm|[upkeep]\n|-damage|p2a: Celebi|68\/100|[from] Sandstorm\n|-heal|p1a: Gliscor|100\/100|[from] item: Leftovers\n|upkeep\n|turn|48\n|\n|t:|1665140891\n|switch|p1a: Clefable|Clefable, F, shiny|100\/100\n|move|p2a: Celebi|Hidden Power|p1a: Clefable\n|-damage|p1a: Clefable|89\/100\n|\n|-weather|Sandstorm|[upkeep]\n|-damage|p2a: Celebi|62\/100|[from] Sandstorm\n|-heal|p1a: Clefable|95\/100|[from] item: Leftovers\n|upkeep\n|turn|49\n|\n|t:|1665140898\n|switch|p2a: Hippowdon|Hippowdon, M|83\/100\n|-damage|p2a: Hippowdon|77\/100|[from] Stealth Rock\n|move|p1a: Clefable|Seismic Toss|p2a: Hippowdon\n|-damage|p2a: Hippowdon|53\/100\n|\n|-weather|Sandstorm|[upkeep]\n|-heal|p1a: Clefable|100\/100|[from] item: Leftovers\n|upkeep\n|turn|50\n|\n|t:|1665140905\n|switch|p1a: Milotic|Milotic, F, shiny|98\/100\n|-damage|p1a: Milotic|85\/100|[from] Stealth Rock\n|move|p2a: Hippowdon|Roar|p1a: Milotic\n|drag|p1a: Clefable|Clefable, F, shiny|100\/100\n|\n|-weather|Sandstorm|[upkeep]\n|upkeep\n|turn|51\n|\n|t:|1665140913\n|move|p1a: Clefable|Seismic Toss|p2a: Hippowdon\n|-damage|p2a: Hippowdon|29\/100\n|move|p2a: Hippowdon|Slack Off|p2a: Hippowdon\n|-heal|p2a: Hippowdon|79\/100\n|\n|-weather|Sandstorm|[upkeep]\n|upkeep\n|turn|52\n|\n|t:|1665140917\n|move|p1a: Clefable|Seismic Toss|p2a: Hippowdon\n|-damage|p2a: Hippowdon|56\/100\n|move|p2a: Hippowdon|Earthquake|p1a: Clefable\n|-damage|p1a: Clefable|59\/100\n|\n|-weather|Sandstorm|[upkeep]\n|-heal|p1a: Clefable|65\/100|[from] item: Leftovers\n|upkeep\n|turn|53\n|\n|t:|1665140924\n|move|p1a: Clefable|Soft-Boiled|p1a: Clefable\n|-heal|p1a: Clefable|100\/100\n|move|p2a: Hippowdon|Earthquake|p1a: Clefable\n|-damage|p1a: Clefable|62\/100\n|\n|-weather|Sandstorm|[upkeep]\n|-heal|p1a: Clefable|68\/100|[from] item: Leftovers\n|upkeep\n|turn|54\n|\n|t:|1665140929\n|switch|p1a: Gliscor|Gliscor, M, shiny|100\/100\n|-damage|p1a: Gliscor|88\/100|[from] Stealth Rock\n|move|p2a: Hippowdon|Slack Off|p2a: Hippowdon\n|-heal|p2a: Hippowdon|100\/100\n|\n|-weather|Sandstorm|[upkeep]\n|-heal|p1a: Gliscor|94\/100|[from] item: Leftovers\n|upkeep\n|turn|55\n|\n|t:|1665140936\n|switch|p2a: Celebi|Celebi|62\/100\n|-damage|p2a: Celebi|50\/100|[from] Stealth Rock\n|move|p1a: Gliscor|Wing Attack|p2a: Celebi\n|-supereffective|p2a: Celebi\n|-damage|p2a: Celebi|24\/100\n|\n|-weather|Sandstorm|[upkeep]\n|-damage|p2a: Celebi|18\/100|[from] Sandstorm\n|-heal|p1a: Gliscor|100\/100|[from] item: Leftovers\n|upkeep\n|turn|56\n|\n|t:|1665140943\n|move|p1a: Gliscor|Taunt|p2a: Celebi\n|-start|p2a: Celebi|move: Taunt\n|cant|p2a: Celebi|move: Taunt|Recover\n|\n|-weather|Sandstorm|[upkeep]\n|-damage|p2a: Celebi|11\/100|[from] Sandstorm\n|upkeep\n|turn|57\n|\n|t:|1665140947\n|move|p1a: Gliscor|Wing Attack|p2a: Celebi\n|-supereffective|p2a: Celebi\n|-damage|p2a: Celebi|0 fnt\n|faint|p2a: Celebi\n|\n|-weather|Sandstorm|[upkeep]\n|upkeep\n|\n|t:|1665140949\n|switch|p2a: Hippowdon|Hippowdon, M|100\/100\n|-damage|p2a: Hippowdon|94\/100|[from] Stealth Rock\n|turn|58\n|\n|t:|1665140953\n|move|p1a: Gliscor|Taunt|p2a: Hippowdon\n|-start|p2a: Hippowdon|move: Taunt\n|cant|p2a: Hippowdon|move: Taunt|Roar\n|\n|-weather|Sandstorm|[upkeep]\n|upkeep\n|turn|59\n|\n|t:|1665140955\n|move|p1a: Gliscor|Earthquake|p2a: Hippowdon\n|-damage|p2a: Hippowdon|78\/100\n|move|p2a: Hippowdon|Earthquake|p1a: Gliscor\n|-immune|p1a: Gliscor\n|\n|-weather|Sandstorm|[upkeep]\n|upkeep\n|turn|60\n|\n|t:|1665140957\n|move|p1a: Gliscor|Earthquake|p2a: Hippowdon\n|-damage|p2a: Hippowdon|61\/100\n|move|p2a: Hippowdon|Earthquake|p1a: Gliscor\n|-immune|p1a: Gliscor\n|\n|-weather|Sandstorm|[upkeep]\n|upkeep\n|turn|61\n|\n|t:|1665140959\n|move|p1a: Gliscor|Earthquake|p2a: Hippowdon\n|-damage|p2a: Hippowdon|45\/100\n|move|p2a: Hippowdon|Earthquake|p1a: Gliscor\n|-immune|p1a: Gliscor\n|\n|-weather|Sandstorm|[upkeep]\n|-end|p2a: Hippowdon|move: Taunt\n|upkeep\n|turn|62\n|\n|t:|1665140961\n|move|p1a: Gliscor|Taunt|p2a: Hippowdon\n|-start|p2a: Hippowdon|move: Taunt\n|cant|p2a: Hippowdon|move: Taunt|Slack Off\n|\n|-weather|Sandstorm|[upkeep]\n|upkeep\n|turn|63\n|\n|t:|1665140963\n|move|p1a: Gliscor|Earthquake|p2a: Hippowdon\n|-damage|p2a: Hippowdon|28\/100\n|move|p2a: Hippowdon|Earthquake|p1a: Gliscor\n|-immune|p1a: Gliscor\n|\n|-weather|Sandstorm|[upkeep]\n|upkeep\n|turn|64\n|c|\u2606quixana|gg\n|\n|t:|1665140967\n|move|p1a: Gliscor|Earthquake|p2a: Hippowdon\n|-damage|p2a: Hippowdon|11\/100\n|move|p2a: Hippowdon|Earthquake|p1a: Gliscor\n|-immune|p1a: Gliscor\n|\n|-weather|Sandstorm|[upkeep]\n|upkeep\n|turn|65\n|\n|t:|1665140970\n|move|p1a: Gliscor|Earthquake|p2a: Hippowdon\n|-damage|p2a: Hippowdon|0 fnt\n|faint|p2a: Hippowdon\n|\n|win|quixana\n|n|\u2606quixana|quixana\n|n|\u2606Bandal Sarkar|bandalsarkar\n|l|\u2606Bandal Sarkar\n","uploadtime":1665140979,"views":9,"p1id":"quixana","p2id":"bandalsarkar","formatid":"gen4ou","rating":0,"private":0,"password":null}