{"id":"gen4ou-1601174091","p1":"tryingstuffonline","p2":"Oryen","format":"gen4ou","log":"|j|\u2606tryingstuffonline\n|j|\u2606Oryen\n|inactive|Battle timer is ON: inactive players will automatically lose when time's up.\n|t:|1655829416\n|gametype|singles\n|player|p1|tryingstuffonline|fisherman|\n|player|p2|Oryen|bruno-gen1|\n|teamsize|p1|6\n|teamsize|p2|6\n|gen|4\n|tier|[Gen 4] OU\n|rated|Tournament battle\n|rule|Sleep Clause Mod: Limit one foe put to sleep\n|rule|Species Clause: Limit one of each Pok\u00e9mon\n|rule|OHKO Clause: OHKO moves are banned\n|rule|Evasion Moves Clause: Evasion moves are banned\n|rule|Endless Battle Clause: Forcing endless battles is banned\n|rule|HP Percentage Mod: HP is shown in percentages\n|\n|t:|1655829416\n|start\n|switch|p1a: Azelf|Azelf|100\/100\n|switch|p2a: Azelf|Azelf|100\/100\n|turn|1\n|j|*Lady Monita \u2600\n|j| Eric is here\n|\n|t:|1655829426\n|move|p1a: Azelf|Stealth Rock|p2a: Azelf\n|-sidestart|p2: Oryen|move: Stealth Rock\n|move|p2a: Azelf|U-turn|p1a: Azelf\n|-supereffective|p1a: Azelf\n|-damage|p1a: Azelf|0 fnt\n|faint|p1a: Azelf\n|\n|t:|1655829437\n|switch|p2a: Lucario|Lucario, M|100\/100|[from]move: U-turn\n|-damage|p2a: Lucario|98\/100|[from] Stealth Rock\n|\n|upkeep\n|j| Ara ara<3\n|l| Eric is here\n|inactive|tryingstuffonline has 120 seconds left.\n|\n|t:|1655829487\n|switch|p1a: Rotom|Rotom-Heat|100\/100\n|turn|2\n|\n|t:|1655829496\n|move|p2a: Lucario|Copycat|p2a: Lucario\n|move|p2a: Lucario|U-turn|p1a: Rotom|[from]move: Copycat\n|-resisted|p1a: Rotom\n|-damage|p1a: Rotom|88\/100\n|\n|t:|1655829503\n|switch|p2a: Latias|Latias, F|100\/100|[from]move: U-turn\n|-damage|p2a: Latias|88\/100|[from] Stealth Rock\n|move|p1a: Rotom|Trick|p2a: Latias\n|-activate|p1a: Rotom|move: Trick|[of] p2a: Latias\n|-item|p2a: Latias|Choice Scarf|[from] move: Trick\n|-item|p1a: Rotom|Choice Scarf|[from] move: Trick\n|\n|upkeep\n|turn|3\n|inactive|tryingstuffonline has 120 seconds left.\n|\n|t:|1655829516\n|switch|p1a: Tyranitar|Tyranitar, F|100\/100\n|-weather|Sandstorm|[from] ability: Sand Stream|[of] p1a: Tyranitar\n|move|p2a: Latias|Draco Meteor|p1a: Tyranitar\n|-damage|p1a: Tyranitar|64\/100\n|-unboost|p2a: Latias|spa|2\n|\n|-weather|Sandstorm|[upkeep]\n|-damage|p2a: Latias|82\/100|[from] Sandstorm\n|upkeep\n|turn|4\n|inactive|tryingstuffonline has 120 seconds left.\n|\n|t:|1655829524\n|move|p2a: Latias|Draco Meteor|p1a: Tyranitar\n|-damage|p1a: Tyranitar|44\/100\n|-unboost|p2a: Latias|spa|2\n|move|p1a: Tyranitar|Pursuit|p2a: Latias\n|-supereffective|p2a: Latias\n|-damage|p2a: Latias|26\/100\n|\n|-weather|Sandstorm|[upkeep]\n|-damage|p2a: Latias|20\/100|[from] Sandstorm\n|upkeep\n|turn|5\n|\n|t:|1655829531\n|move|p2a: Latias|Draco Meteor|p1a: Tyranitar\n|-damage|p1a: Tyranitar|33\/100\n|-unboost|p2a: Latias|spa|2\n|move|p1a: Tyranitar|Pursuit|p2a: Latias\n|-supereffective|p2a: Latias\n|-damage|p2a: Latias|0 fnt\n|faint|p2a: Latias\n|\n|-weather|Sandstorm|[upkeep]\n|upkeep\n|\n|t:|1655829544\n|switch|p2a: Azelf|Azelf|100\/100\n|-damage|p2a: Azelf|88\/100|[from] Stealth Rock\n|turn|6\n|\n|t:|1655829554\n|move|p2a: Azelf|U-turn|p1a: Tyranitar\n|-supereffective|p1a: Tyranitar\n|-crit|p1a: Tyranitar\n|-damage|p1a: Tyranitar|0 fnt\n|faint|p1a: Tyranitar\n|\n|t:|1655829557\n|switch|p2a: Lucario|Lucario, M|98\/100|[from]move: U-turn\n|-damage|p2a: Lucario|95\/100|[from] Stealth Rock\n|\n|-weather|Sandstorm|[upkeep]\n|upkeep\n|\n|t:|1655829566\n|switch|p1a: Gyarados|Gyarados, F|100\/100\n|-ability|p1a: Gyarados|Intimidate|boost\n|-unboost|p2a: Lucario|atk|1\n|turn|7\n|\n|t:|1655829571\n|move|p2a: Lucario|Thunder Punch|p1a: Gyarados\n|-supereffective|p1a: Gyarados\n|-damage|p1a: Gyarados|20\/100\n|move|p1a: Gyarados|Dragon Dance|p1a: Gyarados\n|-boost|p1a: Gyarados|atk|1\n|-boost|p1a: Gyarados|spe|1\n|\n|-weather|Sandstorm|[upkeep]\n|-damage|p1a: Gyarados|13\/100|[from] Sandstorm\n|-heal|p1a: Gyarados|20\/100|[from] item: Leftovers\n|upkeep\n|turn|8\n|\n|t:|1655829575\n|move|p2a: Lucario|Thunder Punch|p1a: Gyarados\n|-supereffective|p1a: Gyarados\n|-damage|p1a: Gyarados|0 fnt\n|faint|p1a: Gyarados\n|\n|-weather|Sandstorm|[upkeep]\n|upkeep\n|\n|t:|1655829582\n|switch|p1a: Breloom|Breloom, M|100\/100\n|turn|9\n|\n|t:|1655829588\n|switch|p2a: Azelf|Azelf|88\/100\n|-damage|p2a: Azelf|76\/100|[from] Stealth Rock\n|move|p1a: Breloom|Spore|p2a: Azelf\n|-status|p2a: Azelf|slp|[from] move: Spore\n|\n|-weather|Sandstorm|[upkeep]\n|-damage|p2a: Azelf|70\/100 slp|[from] Sandstorm\n|-damage|p1a: Breloom|94\/100|[from] Sandstorm\n|-status|p1a: Breloom|tox|[from] item: Toxic Orb\n|upkeep\n|turn|10\n|\n|t:|1655829597\n|switch|p2a: Metagross|Metagross|100\/100\n|-damage|p2a: Metagross|95\/100|[from] Stealth Rock\n|move|p1a: Breloom|Seed Bomb|p2a: Metagross\n|-resisted|p2a: Metagross\n|-damage|p2a: Metagross|77\/100\n|\n|-weather|Sandstorm|[upkeep]\n|-damage|p1a: Breloom|88\/100 tox|[from] Sandstorm\n|-heal|p1a: Breloom|100\/100 tox|[from] ability: Poison Heal\n|upkeep\n|turn|11\n|\n|t:|1655829603\n|move|p2a: Metagross|Stealth Rock|p1a: Breloom\n|-sidestart|p1: tryingstuffonline|move: Stealth Rock\n|move|p1a: Breloom|Seed Bomb|p2a: Metagross\n|-resisted|p2a: Metagross\n|-damage|p2a: Metagross|56\/100\n|\n|-weather|Sandstorm|[upkeep]\n|-damage|p1a: Breloom|94\/100 tox|[from] Sandstorm\n|-heal|p1a: Breloom|100\/100 tox|[from] ability: Poison Heal\n|upkeep\n|turn|12\n|\n|t:|1655829606\n|move|p2a: Metagross|Meteor Mash|p1a: Breloom\n|-damage|p1a: Breloom|30\/100 tox\n|move|p1a: Breloom|Seed Bomb|p2a: Metagross\n|-resisted|p2a: Metagross\n|-damage|p2a: Metagross|37\/100\n|\n|-weather|Sandstorm|[upkeep]\n|-damage|p1a: Breloom|24\/100 tox|[from] Sandstorm\n|-heal|p1a: Breloom|36\/100 tox|[from] ability: Poison Heal\n|upkeep\n|turn|13\n|\n|t:|1655829619\n|switch|p1a: Rotom|Rotom-Heat|88\/100\n|-damage|p1a: Rotom|76\/100|[from] Stealth Rock\n|move|p2a: Metagross|Meteor Mash|p1a: Rotom\n|-resisted|p1a: Rotom\n|-damage|p1a: Rotom|40\/100\n|\n|-weather|Sandstorm|[upkeep]\n|-damage|p1a: Rotom|34\/100|[from] Sandstorm\n|upkeep\n|turn|14\n|\n|t:|1655829628\n|switch|p2a: Tyranitar|Tyranitar, F, shiny|100\/100\n|-damage|p2a: Tyranitar|88\/100|[from] Stealth Rock\n|move|p1a: Rotom|Shadow Ball|p2a: Tyranitar\n|-resisted|p2a: Tyranitar\n|-damage|p2a: Tyranitar|78\/100\n|\n|-weather|Sandstorm|[upkeep]\n|-damage|p1a: Rotom|28\/100|[from] Sandstorm\n|upkeep\n|turn|15\n|\n|t:|1655829636\n|switch|p1a: Breloom|Breloom, M|36\/100 tox\n|-damage|p1a: Breloom|30\/100 tox|[from] Stealth Rock\n|move|p2a: Tyranitar|Crunch|p1a: Breloom\n|-resisted|p1a: Breloom\n|-damage|p1a: Breloom|9\/100 tox\n|-unboost|p1a: Breloom|def|1\n|\n|-weather|Sandstorm|[upkeep]\n|-damage|p1a: Breloom|2\/100 tox|[from] Sandstorm\n|-heal|p1a: Breloom|15\/100 tox|[from] ability: Poison Heal\n|upkeep\n|turn|16\n|\n|t:|1655829649\n|move|p2a: Tyranitar|Crunch|p1a: Breloom\n|-resisted|p1a: Breloom\n|-damage|p1a: Breloom|0 fnt\n|faint|p1a: Breloom\n|\n|-weather|Sandstorm|[upkeep]\n|upkeep\n|\n|t:|1655829653\n|switch|p1a: Jirachi|Jirachi|100\/100\n|-damage|p1a: Jirachi|94\/100|[from] Stealth Rock\n|turn|17\n|\n|t:|1655829663\n|move|p1a: Jirachi|Iron Head|p2a: Tyranitar\n|-supereffective|p2a: Tyranitar\n|-damage|p2a: Tyranitar|9\/100\n|move|p2a: Tyranitar|Crunch|p1a: Jirachi\n|-damage|p1a: Jirachi|67\/100\n|\n|-weather|Sandstorm|[upkeep]\n|-heal|p1a: Jirachi|73\/100|[from] item: Leftovers\n|upkeep\n|turn|18\n|\n|t:|1655829685\n|move|p1a: Jirachi|Iron Head|p2a: Tyranitar\n|-supereffective|p2a: Tyranitar\n|-damage|p2a: Tyranitar|0 fnt\n|faint|p2a: Tyranitar\n|\n|-weather|Sandstorm|[upkeep]\n|-heal|p1a: Jirachi|79\/100|[from] item: Leftovers\n|upkeep\n|\n|t:|1655829697\n|switch|p2a: Metagross|Metagross|37\/100\n|-damage|p2a: Metagross|31\/100|[from] Stealth Rock\n|turn|19\n|\n|t:|1655829701\n|move|p1a: Jirachi|Iron Head|p2a: Metagross\n|-resisted|p2a: Metagross\n|-damage|p2a: Metagross|18\/100\n|cant|p2a: Metagross|flinch\n|\n|-weather|Sandstorm|[upkeep]\n|-heal|p1a: Jirachi|85\/100|[from] item: Leftovers\n|upkeep\n|turn|20\n|\n|t:|1655829706\n|move|p1a: Jirachi|Fire Punch|p2a: Metagross\n|-supereffective|p2a: Metagross\n|-enditem|p2a: Metagross|Occa Berry|[eat]\n|-enditem|p2a: Metagross|Occa Berry|[weaken]\n|-damage|p2a: Metagross|1\/100\n|move|p2a: Metagross|Earthquake|p1a: Jirachi\n|-supereffective|p1a: Jirachi\n|-damage|p1a: Jirachi|18\/100\n|\n|-weather|Sandstorm|[upkeep]\n|-heal|p1a: Jirachi|25\/100|[from] item: Leftovers\n|upkeep\n|turn|21\n|\n|t:|1655829712\n|move|p1a: Jirachi|Fire Punch|p2a: Metagross\n|-supereffective|p2a: Metagross\n|-damage|p2a: Metagross|0 fnt\n|faint|p2a: Metagross\n|\n|-weather|Sandstorm|[upkeep]\n|-heal|p1a: Jirachi|31\/100|[from] item: Leftovers\n|upkeep\n|\n|t:|1655829719\n|switch|p2a: Lucario|Lucario, M|95\/100\n|-damage|p2a: Lucario|92\/100|[from] Stealth Rock\n|turn|22\n|c|\u2606Oryen|gg\n|\n|t:|1655829748\n|move|p2a: Lucario|Close Combat|p1a: Jirachi\n|-damage|p1a: Jirachi|0 fnt\n|-unboost|p2a: Lucario|def|1\n|-unboost|p2a: Lucario|spd|1\n|faint|p1a: Jirachi\n|\n|-weather|Sandstorm|[upkeep]\n|upkeep\n|\n|t:|1655829752\n|switch|p1a: Rotom|Rotom-Heat|28\/100\n|-damage|p1a: Rotom|15\/100|[from] Stealth Rock\n|turn|23\n|\n|t:|1655829759\n|move|p2a: Lucario|Close Combat|p1a: Rotom\n|-immune|p1a: Rotom\n|move|p1a: Rotom|Thunderbolt|p2a: Lucario\n|-damage|p2a: Lucario|0 fnt\n|faint|p2a: Lucario\n|\n|-weather|Sandstorm|[upkeep]\n|-damage|p1a: Rotom|9\/100|[from] Sandstorm\n|upkeep\n|\n|t:|1655829773\n|switch|p2a: Machamp|Machamp, F|100\/100\n|-damage|p2a: Machamp|94\/100|[from] Stealth Rock\n|turn|24\n|\n|t:|1655829776\n|move|p1a: Rotom|Thunderbolt|p2a: Machamp\n|-damage|p2a: Machamp|48\/100\n|move|p2a: Machamp|Dynamic Punch|p1a: Rotom\n|-immune|p1a: Rotom\n|\n|-weather|Sandstorm|[upkeep]\n|-damage|p1a: Rotom|3\/100|[from] Sandstorm\n|-damage|p2a: Machamp|42\/100|[from] Sandstorm\n|upkeep\n|turn|25\n|c|\u2606Oryen|i'm dumb\n|c|\u2606Oryen|lol\n|c|\u2606Oryen|totally not paying attention\n|\n|t:|1655829795\n|move|p1a: Rotom|Thunderbolt|p2a: Machamp\n|-damage|p2a: Machamp|0 fnt\n|faint|p2a: Machamp\n|\n|-weather|Sandstorm|[upkeep]\n|-damage|p1a: Rotom|0 fnt|[from] Sandstorm\n|faint|p1a: Rotom\n|\n|win|Oryen\n|upkeep\n|n|\u2606tryingstuffonline|tryingstuffonline\n|n|\u2606Oryen|oryen\n|n|*Lady Monita \u2600|ladymonita\n|n| Ara ara<3|araara3\n|l|*Lady Monita \u2600\n|l|\u2606Oryen\n|c|\u2606tryingstuffonline|gg anyway\n|l|\u2606tryingstuffonline\n","uploadtime":1655830000,"views":85,"p1id":"tryingstuffonline","p2id":"oryen","formatid":"gen4ou","rating":0,"private":0,"password":null}