{"id":"gen4ou-1527411410","p1":"BeeOrSomething","p2":"Sp0oNl0rD","format":"gen4ou","log":"|j|\u2606BeeOrSomething\n|j|\u2606Sp0oNl0rD\n|t:|1646881190\n|gametype|singles\n|player|p1|BeeOrSomething|lusamine-nihilego|\n|player|p2|Sp0oNl0rD|blackbelt-gen4dp|\n|teamsize|p1|6\n|teamsize|p2|6\n|gen|4\n|tier|[Gen 4] OU\n|rated|Tournament battle\n|rule|Sleep Clause Mod: Limit one foe put to sleep\n|rule|Species Clause: Limit one of each Pok\u00e9mon\n|rule|OHKO Clause: OHKO moves are banned\n|rule|Evasion Moves Clause: Evasion moves are banned\n|rule|Endless Battle Clause: Forcing endless battles is banned\n|rule|HP Percentage Mod: HP is shown in percentages\n|\n|t:|1646881190\n|start\n|switch|p1a: Steven|Metagross, shiny|100\/100\n|switch|p2a: Omastar|Omastar, M|100\/100\n|turn|1\n|inactive|Battle timer is ON: inactive players will automatically lose when time's up. (requested by BeeOrSomething)\n|inactive|Sp0oNl0rD also wants the timer to be on.\n|j|%Damm u captcha\n|inactive|Sp0oNl0rD has 120 seconds left.\n|\n|t:|1646881222\n|move|p2a: Omastar|Stealth Rock|p1a: Steven\n|-sidestart|p1: BeeOrSomething|move: Stealth Rock\n|move|p1a: Steven|Earthquake|p2a: Omastar\n|-supereffective|p2a: Omastar\n|-damage|p2a: Omastar|18\/100\n|\n|upkeep\n|turn|2\n|c|\u2606Sp0oNl0rD|ignore my UU team\n|\n|t:|1646881240\n|move|p1a: Steven|Bullet Punch|p2a: Omastar\n|-damage|p2a: Omastar|0 fnt\n|faint|p2a: Omastar\n|\n|upkeep\n|\n|t:|1646881244\n|switch|p2a: Blaziken|Blaziken, F|100\/100\n|turn|3\n|\n|t:|1646881250\n|move|p2a: Blaziken|Flare Blitz|p1a: Steven\n|-supereffective|p1a: Steven\n|-damage|p1a: Steven|1\/100\n|-damage|p2a: Blaziken|65\/100|[from] Recoil\n|-enditem|p1a: Steven|Focus Sash\n|-damage|p2a: Blaziken|55\/100|[from] item: Life Orb\n|move|p1a: Steven|Earthquake|p2a: Blaziken\n|-supereffective|p2a: Blaziken\n|-damage|p2a: Blaziken|0 fnt\n|faint|p2a: Blaziken\n|\n|upkeep\n|\n|t:|1646881256\n|switch|p2a: Kangaskhan|Kangaskhan, F|100\/100\n|turn|4\n|c|\u2606BeeOrSomething|lol\n|\n|t:|1646881264\n|move|p2a: Kangaskhan|Fake Out|p1a: Steven\n|-resisted|p1a: Steven\n|-damage|p1a: Steven|0 fnt\n|faint|p1a: Steven\n|\n|upkeep\n|\n|t:|1646881269\n|switch|p1a: Iron Man|Scizor, M|100\/100\n|-damage|p1a: Iron Man|88\/100|[from] Stealth Rock\n|turn|5\n|\n|t:|1646881272\n|switch|p2a: Spiritomb|Spiritomb, F|100\/100\n|-ability|p2a: Spiritomb|Pressure\n|move|p1a: Iron Man|Swords Dance|p1a: Iron Man\n|-boost|p1a: Iron Man|atk|2\n|\n|-heal|p1a: Iron Man|94\/100|[from] item: Leftovers\n|upkeep\n|turn|6\n|\n|t:|1646881282\n|move|p1a: Iron Man|Bullet Punch|p2a: Spiritomb\n|-damage|p2a: Spiritomb|39\/100\n|move|p2a: Spiritomb|Will-O-Wisp|p1a: Iron Man\n|-status|p1a: Iron Man|brn\n|\n|-heal|p1a: Iron Man|100\/100 brn|[from] item: Leftovers\n|-damage|p1a: Iron Man|88\/100 brn|[from] brn\n|upkeep\n|turn|7\n|j|%Notater517\n|\n|t:|1646881290\n|move|p2a: Spiritomb|Sucker Punch|p1a: Iron Man\n|-fail|p2a: Spiritomb\n|move|p1a: Iron Man|Swords Dance|p1a: Iron Man\n|-boost|p1a: Iron Man|atk|2\n|\n|-heal|p1a: Iron Man|94\/100 brn|[from] item: Leftovers\n|-damage|p1a: Iron Man|82\/100 brn|[from] brn\n|upkeep\n|turn|8\n|l|%Notater517\n|\n|t:|1646881293\n|move|p1a: Iron Man|Bullet Punch|p2a: Spiritomb\n|-damage|p2a: Spiritomb|0 fnt\n|faint|p2a: Spiritomb\n|\n|-heal|p1a: Iron Man|88\/100 brn|[from] item: Leftovers\n|-damage|p1a: Iron Man|76\/100 brn|[from] brn\n|upkeep\n|\n|t:|1646881296\n|switch|p2a: Kangaskhan|Kangaskhan, F|100\/100\n|turn|9\n|\n|t:|1646881300\n|move|p2a: Kangaskhan|Fake Out|p1a: Iron Man\n|-resisted|p1a: Iron Man\n|-damage|p1a: Iron Man|66\/100 brn\n|cant|p1a: Iron Man|flinch\n|\n|-heal|p1a: Iron Man|72\/100 brn|[from] item: Leftovers\n|-damage|p1a: Iron Man|59\/100 brn|[from] brn\n|upkeep\n|turn|10\n|\n|t:|1646881308\n|move|p2a: Kangaskhan|Earthquake|p1a: Iron Man\n|-damage|p1a: Iron Man|30\/100 brn\n|move|p1a: Iron Man|Roost|p1a: Iron Man\n|-heal|p1a: Iron Man|80\/100 brn\n|-singleturn|p1a: Iron Man|move: Roost\n|\n|-heal|p1a: Iron Man|86\/100 brn|[from] item: Leftovers\n|-damage|p1a: Iron Man|74\/100 brn|[from] brn\n|upkeep\n|turn|11\n|\n|t:|1646881313\n|switch|p2a: Mismagius|Mismagius, M|100\/100\n|move|p1a: Iron Man|Roost|p1a: Iron Man\n|-heal|p1a: Iron Man|100\/100 brn\n|-singleturn|p1a: Iron Man|move: Roost\n|\n|-damage|p1a: Iron Man|88\/100 brn|[from] brn\n|upkeep\n|turn|12\n|\n|t:|1646881316\n|move|p1a: Iron Man|Bullet Punch|p2a: Mismagius\n|-damage|p2a: Mismagius|9\/100\n|move|p2a: Mismagius|Taunt|p1a: Iron Man\n|-start|p1a: Iron Man|move: Taunt\n|\n|-heal|p2a: Mismagius|15\/100|[from] item: Leftovers\n|-heal|p1a: Iron Man|94\/100 brn|[from] item: Leftovers\n|-damage|p1a: Iron Man|82\/100 brn|[from] brn\n|upkeep\n|turn|13\n|j|%Notater517\n|\n|t:|1646881320\n|move|p1a: Iron Man|Bullet Punch|p2a: Mismagius\n|-damage|p2a: Mismagius|0 fnt\n|faint|p2a: Mismagius\n|\n|-heal|p1a: Iron Man|88\/100 brn|[from] item: Leftovers\n|-damage|p1a: Iron Man|76\/100 brn|[from] brn\n|upkeep\n|\n|t:|1646881323\n|switch|p2a: Kangaskhan|Kangaskhan, F|100\/100\n|turn|14\n|l|%Notater517\n|\n|t:|1646881325\n|move|p2a: Kangaskhan|Earthquake|p1a: Iron Man\n|-damage|p1a: Iron Man|47\/100 brn\n|move|p1a: Iron Man|Brick Break|p2a: Kangaskhan\n|-supereffective|p2a: Kangaskhan\n|-damage|p2a: Kangaskhan|16\/100\n|\n|-heal|p1a: Iron Man|53\/100 brn|[from] item: Leftovers\n|-damage|p1a: Iron Man|41\/100 brn|[from] brn\n|-end|p1a: Iron Man|move: Taunt\n|upkeep\n|turn|15\n|\n|t:|1646881329\n|move|p1a: Iron Man|Bullet Punch|p2a: Kangaskhan\n|-damage|p2a: Kangaskhan|0 fnt\n|faint|p2a: Kangaskhan\n|\n|-heal|p1a: Iron Man|47\/100 brn|[from] item: Leftovers\n|-damage|p1a: Iron Man|35\/100 brn|[from] brn\n|upkeep\n|\n|t:|1646881331\n|switch|p2a: Alakazam|Alakazam, F|100\/100\n|turn|16\n|\n|t:|1646881337\n|move|p1a: Iron Man|Bullet Punch|p2a: Alakazam\n|-damage|p2a: Alakazam|0 fnt\n|faint|p2a: Alakazam\n|\n|win|BeeOrSomething\n|n|\u2606BeeOrSomething|beeorsomething\n|n|\u2606Sp0oNl0rD|sp0onl0rd\n|n| Damm u captcha|dammucaptcha\n|c|\u2606BeeOrSomething|gg\n|c|\u2606Sp0oNl0rD|gg\n|c|\u2606Sp0oNl0rD|lol\n|l|\u2606Sp0oNl0rD\n|l|\u2606BeeOrSomething\n|j|+susciety\n","uploadtime":1646881364,"views":14,"p1id":"beeorsomething","p2id":"sp0onl0rd","formatid":"gen4ou","rating":0,"private":0,"password":null}