{"id":"gen4ou-1674610820","p1":"Call the crew","p2":"SkipTheDripBayless","format":"gen4ou","log":"|j|\u2606Call the crew\n|j|\u2606SkipTheDripBayless\n|inactive|Battle timer is ON: inactive players will automatically lose when time's up.\n|t:|1664581504\n|gametype|singles\n|player|p1|Call the crew|dawn|\n|player|p2|SkipTheDripBayless|#roaladder|\n|teamsize|p1|6\n|teamsize|p2|6\n|gen|4\n|tier|[Gen 4] OU\n|rated|Tournament battle\n|rule|Sleep Clause Mod: Limit one foe put to sleep\n|rule|Species Clause: Limit one of each Pok\u00e9mon\n|rule|OHKO Clause: OHKO moves are banned\n|rule|Evasion Items Clause: Evasion items are banned\n|rule|Evasion Moves Clause: Evasion moves are banned\n|rule|Endless Battle Clause: Forcing endless battles is banned\n|rule|HP Percentage Mod: HP is shown in percentages\n|rule|Freeze Clause Mod: Limit one foe frozen\n|\n|t:|1664581504\n|start\n|switch|p1a: Jirachi|Jirachi|100\/100\n|switch|p2a: Lil Uxie|Uxie|100\/100\n|turn|1\n|j| zaydapoketrainer\n|\n|t:|1664581515\n|move|p2a: Lil Uxie|Thunder Wave|p1a: Jirachi\n|-status|p1a: Jirachi|par\n|move|p1a: Jirachi|Body Slam|p2a: Lil Uxie\n|-damage|p2a: Lil Uxie|89\/100\n|-status|p2a: Lil Uxie|par\n|\n|-heal|p2a: Lil Uxie|95\/100 par|[from] item: Leftovers\n|upkeep\n|turn|2\n|c| zaydapoketrainer|uxie?\n|j| lou dort\n|c| zaydapoketrainer|where da azelf at\n|j| zReptar\n|\n|t:|1664581526\n|switch|p1a: Clefable|Clefable, F, shiny|100\/100\n|move|p2a: Lil Uxie|Stealth Rock|p1a: Clefable\n|-sidestart|p1: Call the crew|move: Stealth Rock\n|\n|-heal|p2a: Lil Uxie|100\/100 par|[from] item: Leftovers\n|upkeep\n|turn|3\n|c| zReptar|Skip\n|\n|t:|1664581530\n|move|p1a: Clefable|Stealth Rock|p2a: Lil Uxie\n|-sidestart|p2: SkipTheDripBayless|move: Stealth Rock\n|cant|p2a: Lil Uxie|par\n|\n|upkeep\n|turn|4\n|c| zReptar|Do it\n|\n|t:|1664581534\n|move|p1a: Clefable|Knock Off|p2a: Lil Uxie\n|-supereffective|p2a: Lil Uxie\n|-damage|p2a: Lil Uxie|97\/100 par\n|-enditem|p2a: Lil Uxie|Leftovers|[from] move: Knock Off\n|-hint|In Gens 3-4, Knock Off only makes the target's item unusable; it cannot obtain a new item.\n|cant|p2a: Lil Uxie|par\n|\n|upkeep\n|turn|5\n|j| BeastyJ157\n|j|%Sww-Suwa\n|\n|t:|1664581538\n|move|p1a: Clefable|Seismic Toss|p2a: Lil Uxie\n|-damage|p2a: Lil Uxie|68\/100 par\n|move|p2a: Lil Uxie|Thunder Wave|p1a: Clefable\n|-status|p1a: Clefable|par\n|\n|upkeep\n|turn|6\n|\n|t:|1664581543\n|move|p2a: Lil Uxie|Psychic|p1a: Clefable\n|-damage|p1a: Clefable|83\/100 par\n|move|p1a: Clefable|Seismic Toss|p2a: Lil Uxie\n|-damage|p2a: Lil Uxie|40\/100 par\n|\n|-heal|p1a: Clefable|90\/100 par|[from] item: Leftovers\n|upkeep\n|turn|7\n|l| BeastyJ157\n|\n|t:|1664581545\n|cant|p2a: Lil Uxie|par\n|move|p1a: Clefable|Seismic Toss|p2a: Lil Uxie\n|-damage|p2a: Lil Uxie|12\/100 par\n|\n|-heal|p1a: Clefable|96\/100 par|[from] item: Leftovers\n|upkeep\n|turn|8\n|\n|t:|1664581548\n|cant|p2a: Lil Uxie|par\n|move|p1a: Clefable|Seismic Toss|p2a: Lil Uxie\n|-damage|p2a: Lil Uxie|0 fnt\n|faint|p2a: Lil Uxie\n|\n|-heal|p1a: Clefable|100\/100 par|[from] item: Leftovers\n|upkeep\n|c| zaydapoketrainer|spdef drop that clefable like the world depends on it\n|c| zaydapoketrainer|bruh\n|\n|t:|1664581557\n|switch|p2a: Breloom|Breloom, M|100\/100\n|-damage|p2a: Breloom|94\/100|[from] Stealth Rock\n|turn|9\n|c| zaydapoketrainer|slow ass uxie\n|j| TheNewBrends11\n|j| GiroBalMegaMetagro\n|c|\u2606SkipTheDripBayless|stop hating\n|inactive|Call the crew has 120 seconds left.\n|c| zaydapoketrainer|it got para'd\n|c| zaydapoketrainer|4 out of 6 times\n|j| 24118 YSL\n|c| zaydapoketrainer|L moment for uxie\n|c|%Sww-Suwa|he was trying his best okay?\n|c| zaydapoketrainer|true\n|c| zaydapoketrainer|go uxie\n|c| zaydapoketrainer|oh wait\n|c| zaydapoketrainer|its dead\n|c| zaydapoketrainer|ok\n|inactive|Call the crew has 90 seconds left.\n|c| zaydapoketrainer|go brelo-\n|c| zaydapoketrainer|oh\n|\n|t:|1664581620\n|switch|p1a: Flygon|Flygon, M, shiny|100\/100\n|-damage|p1a: Flygon|95\/100|[from] Stealth Rock\n|move|p2a: Breloom|Substitute|p2a: Breloom\n|-start|p2a: Breloom|Substitute\n|-damage|p2a: Breloom|69\/100\n|\n|-status|p2a: Breloom|tox|[from] item: Toxic Orb\n|upkeep\n|turn|10\n|c| zaydapoketrainer|spore spammer\n|c| zaydapoketrainer|go flygon\n|c| zaydapoketrainer|lets go flygon\n|c| zaydapoketrainer|lets go flygon\n|\n|t:|1664581628\n|-singleturn|p2a: Breloom|move: Focus Punch\n|move|p1a: Flygon|U-turn|p2a: Breloom\n|-end|p2a: Breloom|Substitute\n|c| zaydapoketrainer|oh its sub punch\n|\n|t:|1664581635\n|switch|p1a: Gliscor|Gliscor, M, shiny|100\/100|[from]move: U-turn\n|-damage|p1a: Gliscor|88\/100|[from] Stealth Rock\n|move|p2a: Breloom|Focus Punch|p1a: Gliscor\n|-resisted|p1a: Gliscor\n|-damage|p1a: Gliscor|58\/100\n|\n|-heal|p1a: Gliscor|64\/100|[from] item: Leftovers\n|-heal|p2a: Breloom|82\/100 tox|[from] ability: Poison Heal\n|upkeep\n|turn|11\n|j| shelteredPenguin\n|c| zaydapoketrainer|that one set everyone uses\n|\n|t:|1664581643\n|move|p1a: Gliscor|Wing Attack|p2a: Breloom\n|-supereffective|p2a: Breloom\n|-damage|p2a: Breloom|0 fnt\n|faint|p2a: Breloom\n|\n|-heal|p1a: Gliscor|70\/100|[from] item: Leftovers\n|upkeep\n|l| TheNewBrends11\n|c| zaydapoketrainer|YOO\n|c| zaydapoketrainer|WING ATTACK GLISCOR\n|c|\u2606SkipTheDripBayless|this is news to me\n|c| zaydapoketrainer|FR HEAT\n|\n|t:|1664581654\n|switch|p2a: Swampert|Swampert, F|100\/100\n|-damage|p2a: Swampert|94\/100|[from] Stealth Rock\n|turn|12\n|c| zReptar|Lol\n|c| zaydapoketrainer|u got cteamed\n|\n|t:|1664581660\n|switch|p1a: Milotic|Milotic, F, shiny|100\/100\n|-damage|p1a: Milotic|88\/100|[from] Stealth Rock\n|move|p2a: Swampert|Waterfall|p1a: Milotic\n|-resisted|p1a: Milotic\n|-damage|p1a: Milotic|68\/100\n|\n|-heal|p1a: Milotic|74\/100|[from] item: Leftovers\n|upkeep\n|turn|13\n|c| zaydapoketrainer|skip the drip\n|c| zaydapoketrainer|what u gon say\n|\n|t:|1664581672\n|switch|p2a: Latias|Latias, F|100\/100\n|-damage|p2a: Latias|88\/100|[from] Stealth Rock\n|move|p1a: Milotic|Surf|p2a: Latias\n|-resisted|p2a: Latias\n|-damage|p2a: Latias|75\/100\n|\n|-heal|p1a: Milotic|80\/100|[from] item: Leftovers\n|upkeep\n|turn|14\n|j| TheNewBrends11\n|c| zaydapoketrainer|oh wing attack is like\n|l| TheNewBrends11\n|c| zaydapoketrainer|half a set\n|j| TheNewBrends11\n|inactive|Call the crew has 120 seconds left.\n|c| zaydapoketrainer|one of 3 offensive moves that gliscor can pick to stallbreak\n|l| 24118 YSL\n|c| zaydapoketrainer|one of them is wing attack\n|c| zaydapoketrainer|last move tho\n|c| zaydapoketrainer|Wait.. Latias is legal?\n|c| zaydapoketrainer|soul dew latias op?\n|c| zaydapoketrainer|hello?\n|c| TheNewBrends11|for some reason yes\n|c| TheNewBrends11|and wing attack does have 56 uses\n|inactive|Call the crew has 90 seconds left.\n|\n|t:|1664581722\n|switch|p1a: Jirachi|Jirachi|100\/100 par\n|-damage|p1a: Jirachi|94\/100 par|[from] Stealth Rock\n|move|p2a: Latias|Draco Meteor|p1a: Jirachi\n|-resisted|p1a: Jirachi\n|-damage|p1a: Jirachi|57\/100 par\n|-unboost|p2a: Latias|spa|2\n|\n|-heal|p1a: Jirachi|63\/100 par|[from] item: Leftovers\n|upkeep\n|turn|15\n|c| zaydapoketrainer|soul dew gen 4\n|c| zaydapoketrainer|is free calm mind\n|c| zaydapoketrainer|how legal\n|c| TheNewBrends11|now it's a boost to stabs at 0 drawback\n|\n|t:|1664581734\n|switch|p2a: Swampert|Swampert, F|94\/100\n|-damage|p2a: Swampert|88\/100|[from] Stealth Rock\n|cant|p1a: Jirachi|par\n|\n|-heal|p1a: Jirachi|70\/100 par|[from] item: Leftovers\n|upkeep\n|turn|16\n|\n|t:|1664581740\n|switch|p1a: Milotic|Milotic, F, shiny|80\/100\n|-damage|p1a: Milotic|67\/100|[from] Stealth Rock\n|move|p2a: Swampert|Waterfall|p1a: Milotic\n|-resisted|p1a: Milotic\n|-damage|p1a: Milotic|44\/100\n|\n|-heal|p1a: Milotic|50\/100|[from] item: Leftovers\n|upkeep\n|turn|17\n|c| zaydapoketrainer|it used to be\n|c| zaydapoketrainer|a free calm mind\n|c| zaydapoketrainer|be happy\n|\n|t:|1664581761\n|switch|p2a: Latias|Latias, F|75\/100\n|-damage|p2a: Latias|62\/100|[from] Stealth Rock\n|move|p1a: Milotic|Recover|p1a: Milotic\n|-heal|p1a: Milotic|99\/100\n|\n|-heal|p1a: Milotic|100\/100|[from] item: Leftovers\n|upkeep\n|turn|18\n|inactive|Call the crew has 120 seconds left.\n|c| zaydapoketrainer|does anyone actually use\n|c| zaydapoketrainer|soul dew anymore\n|c| zaydapoketrainer|tho\n|\n|t:|1664581781\n|switch|p1a: Clefable|Clefable, F, shiny|100\/100 par\n|move|p2a: Latias|Draco Meteor|p1a: Clefable\n|-damage|p1a: Clefable|31\/100 par\n|-unboost|p2a: Latias|spa|2\n|\n|-heal|p1a: Clefable|37\/100 par|[from] item: Leftovers\n|upkeep\n|turn|19\n|j| Magolorian10\n|\n|t:|1664581787\n|switch|p2a: Swampert|Swampert, F|88\/100\n|-damage|p2a: Swampert|82\/100|[from] Stealth Rock\n|move|p1a: Clefable|Soft-Boiled|p1a: Clefable\n|-heal|p1a: Clefable|87\/100 par\n|\n|-heal|p1a: Clefable|93\/100 par|[from] item: Leftovers\n|upkeep\n|turn|20\n|inactive|Call the crew has 120 seconds left.\n|c| shelteredPenguin|yipee\n|\n|t:|1664581814\n|move|p2a: Swampert|Earthquake|p1a: Clefable\n|-damage|p1a: Clefable|4\/100 par\n|move|p1a: Clefable|Knock Off|p2a: Swampert\n|-damage|p2a: Swampert|79\/100\n|-enditem|p2a: Swampert|Choice Band|[from] move: Knock Off\n|\n|-heal|p1a: Clefable|10\/100 par|[from] item: Leftovers\n|upkeep\n|turn|21\n|\n|t:|1664581821\n|move|p2a: Swampert|Earthquake|p1a: Clefable\n|-damage|p1a: Clefable|0 fnt\n|faint|p1a: Clefable\n|\n|upkeep\n|c| zaydapoketrainer|big strong\n|c| zaydapoketrainer|big band ye\n|inactive|Call the crew has 90 seconds left.\n|c| zReptar|cbb pert\n|c| zaydapoketrainer|or did swampert\n|c| zaydapoketrainer|lift those weights\n|\n|t:|1664581855\n|switch|p1a: Milotic|Milotic, F, shiny|100\/100\n|-damage|p1a: Milotic|88\/100|[from] Stealth Rock\n|turn|22\n|c| zaydapoketrainer|why this guy taking so long and why he go milotic\n|c| zaydapoketrainer|oh\n|c| zaydapoketrainer|he knocked off\n|\n|t:|1664581866\n|switch|p2a: Latias|Latias, F|62\/100\n|-damage|p2a: Latias|50\/100|[from] Stealth Rock\n|move|p1a: Milotic|Ice Beam|p2a: Latias\n|-supereffective|p2a: Latias\n|-damage|p2a: Latias|11\/100\n|\n|-heal|p1a: Milotic|94\/100|[from] item: Leftovers\n|upkeep\n|turn|23\n|c| zaydapoketrainer|choice band\n|c| Magolorian10|not yet that gen et\n|c| zaydapoketrainer|im stoobid\n|c| Magolorian10|*yet\n|\n|t:|1664581876\n|switch|p1a: Jirachi|Jirachi|70\/100 par\n|-damage|p1a: Jirachi|63\/100 par|[from] Stealth Rock\n|move|p2a: Latias|Surf|p1a: Jirachi\n|-damage|p1a: Jirachi|31\/100 par\n|\n|-heal|p1a: Jirachi|37\/100 par|[from] item: Leftovers\n|upkeep\n|turn|24\n|c| zaydapoketrainer|surf that ass out of extinction\n|\n|t:|1664581890\n|move|p1a: Jirachi|Protect|p1a: Jirachi\n|-singleturn|p1a: Jirachi|Protect\n|move|p2a: Latias|Surf|p1a: Jirachi\n|-activate|p1a: Jirachi|Protect\n|\n|-heal|p1a: Jirachi|43\/100 par|[from] item: Leftovers\n|upkeep\n|turn|25\n|c| zaydapoketrainer|free lefties ye\n|\n|t:|1664581901\n|switch|p1a: Milotic|Milotic, F, shiny|94\/100\n|-damage|p1a: Milotic|82\/100|[from] Stealth Rock\n|move|p2a: Latias|Surf|p1a: Milotic\n|-resisted|p1a: Milotic\n|-crit|p1a: Milotic\n|-damage|p1a: Milotic|52\/100\n|\n|-heal|p1a: Milotic|59\/100|[from] item: Leftovers\n|upkeep\n|turn|26\n|\n|t:|1664581906\n|switch|p2a: Metagross|Metagross|100\/100\n|-damage|p2a: Metagross|94\/100|[from] Stealth Rock\n|move|p1a: Milotic|Recover|p1a: Milotic\n|-heal|p1a: Milotic|100\/100\n|\n|upkeep\n|turn|27\n|c| zaydapoketrainer|cool crit\n|c| zaydapoketrainer|ooh\n|c| zaydapoketrainer|metagross\n|c| zaydapoketrainer|should i shut up?\n|\n|t:|1664581922\n|switch|p1a: Gliscor|Gliscor, M, shiny|70\/100\n|-damage|p1a: Gliscor|58\/100|[from] Stealth Rock\n|move|p2a: Metagross|Trick|p1a: Gliscor\n|-activate|p2a: Metagross|move: Trick|[of] p1a: Gliscor\n|-item|p1a: Gliscor|Iron Ball|[from] move: Trick\n|-item|p2a: Metagross|Leftovers|[from] move: Trick\n|\n|-heal|p2a: Metagross|100\/100|[from] item: Leftovers\n|upkeep\n|turn|28\n|c| shelteredPenguin|yes\n|c| zaydapoketrainer|hot take but ok\n|l| GiroBalMegaMetagro\n|c| zaydapoketrainer|YOOO\n|\n|t:|1664581931\n|move|p2a: Metagross|Meteor Mash|p1a: Gliscor\n|-damage|p1a: Gliscor|19\/100\n|move|p1a: Gliscor|Earthquake|p2a: Metagross\n|-supereffective|p2a: Metagross\n|-damage|p2a: Metagross|47\/100\n|\n|-heal|p2a: Metagross|53\/100|[from] item: Leftovers\n|upkeep\n|turn|29\n|\n|t:|1664581938\n|move|p2a: Metagross|Meteor Mash|p1a: Gliscor\n|-damage|p1a: Gliscor|0 fnt\n|faint|p1a: Gliscor\n|\n|-heal|p2a: Metagross|59\/100|[from] item: Leftovers\n|upkeep\n|inactive|Call the crew has 90 seconds left.\n|j| GiroBalMegaMetagro\n|inactive|Call the crew has 60 seconds left.\n|\n|t:|1664581998\n|switch|p1a: Flygon|Flygon, M, shiny|95\/100\n|-damage|p1a: Flygon|89\/100|[from] Stealth Rock\n|turn|30\n|\n|t:|1664582002\n|switch|p2a: Latias|Latias, F|11\/100\n|-damage|p2a: Latias|0 fnt|[from] Stealth Rock\n|faint|p2a: Latias\n|move|p1a: Flygon|Earthquake|p2: Latias|[notarget]\n|-notarget|p1a: Flygon\n|\n|upkeep\n|\n|t:|1664582006\n|switch|p2a: Heatran|Heatran, M|100\/100\n|-damage|p2a: Heatran|88\/100|[from] Stealth Rock\n|turn|31\n|c| zaydapoketrainer|h e a t r a n\n|c| Magolorian10|I love flygon's shiny\n|c| zaydapoketrainer|i wish you luck\n|c| zaydapoketrainer|skipthedrip\n|\n|t:|1664582014\n|move|p1a: Flygon|Earthquake|p2a: Heatran\n|-supereffective|p2a: Heatran\n|-damage|p2a: Heatran|0 fnt\n|faint|p2a: Heatran\n|\n|upkeep\n|c| zaydapoketrainer|my mom's here\n|c| zaydapoketrainer|see ya\n|-message|SkipTheDripBayless forfeited.\n|\n|win|Call the crew\n|n|\u2606Call the crew|callthecrew\n|n|\u2606SkipTheDripBayless|skipthedripbayless\n|n| zaydapoketrainer|zaydapoketrainer\n|n| lou dort|loudort\n|n| zReptar|zreptar\n|n| Sww-Suwa|swwsuwa\n|n| shelteredPenguin|shelteredpenguin\n|n| TheNewBrends11|thenewbrends11\n|n| Magolorian10|magolorian10\n|n| GiroBalMegaMetagro|girobalmegametagro\n|l|\u2606SkipTheDripBayless\n|l| zaydapoketrainer\n|l| GiroBalMegaMetagro\n|c|\u2606Call the crew|gg\n|l| lou dort\n|c|\u2606Call the crew|w\n|l| Sww-Suwa\n|c| Magolorian10|nice\n|c|\u2606Call the crew|i wanna dedicate this win\n|c|\u2606Call the crew|to august\n|c| Magolorian10|ah\n|c|\u2606Call the crew|clearly a dpp genius\n|c| Magolorian10|good luck, my dude\n|c|\u2606Call the crew|thx u2\n|l| Magolorian10\n","uploadtime":1664582021,"views":11,"p1id":"callthecrew","p2id":"skipthedripbayless","formatid":"gen4ou","rating":0,"private":0,"password":null}