{"id":"gen4ou-1144620782","p1":"Trogba Trogba","p2":"vso","format":"gen4ou","log":"|j|\u2606Trogba Trogba\n|j|\u2606vso\n|inactive|Battle timer is ON: inactive players will automatically lose when time's up.\n|player|p1|Trogba Trogba|lance|\n|player|p2|vso|lucas|\n|teamsize|p1|6\n|teamsize|p2|6\n|gametype|singles\n|gen|4\n|tier|[Gen 4] OU\n|rated|Tournament battle\n|rule|Sleep Clause Mod: Limit one foe put to sleep\n|rule|Species Clause: Limit one of each Pok\u00e9mon\n|rule|OHKO Clause: OHKO moves are banned\n|rule|Evasion Moves Clause: Evasion moves are banned\n|rule|Endless Battle Clause: Forcing endless battles is banned\n|rule|HP Percentage Mod: HP is shown in percentages\n|\n|start\n|switch|p1a: Metagross|Metagross|100\/100\n|switch|p2a: Metagross|Metagross|100\/100\n|turn|1\n|j|#moondazing\n|j| Shutjh ggv ddd\n|j| VvvV1250\n|\n|move|p2a: Metagross|Earthquake|p1a: Metagross\n|-supereffective|p1a: Metagross\n|-damage|p1a: Metagross|40\/100\n|move|p1a: Metagross|Stealth Rock|p2a: Metagross\n|-sidestart|p2: vso|move: Stealth Rock\n|\n|upkeep\n|turn|2\n|\n|switch|p1a: Rotom|Rotom-Heat|100\/100\n|move|p2a: Metagross|Earthquake|p1a: Rotom\n|-immune|p1a: Rotom|[from] ability: Levitate\n|\n|upkeep\n|turn|3\n|\n|switch|p2a: Tyranitar|Tyranitar, F|100\/100\n|-damage|p2a: Tyranitar|88\/100|[from] Stealth Rock\n|-weather|Sandstorm|[from] ability: Sand Stream|[of] p2a: Tyranitar\n|move|p1a: Rotom|Overheat|p2a: Tyranitar\n|-resisted|p2a: Tyranitar\n|-damage|p2a: Tyranitar|79\/100\n|-unboost|p1a: Rotom|spa|2\n|\n|-weather|Sandstorm|[upkeep]\n|-damage|p1a: Rotom|94\/100|[from] Sandstorm\n|upkeep\n|turn|4\n|j| Entropic Doom\n|l| Entropic Doom\n|\n|-activate|p1a: Rotom|move: Pursuit\n|move|p2a: Tyranitar|Pursuit|p1a: Rotom|[from]Pursuit\n|-supereffective|p1a: Rotom\n|-damage|p1a: Rotom|0 fnt\n|-hint|Previously chosen switches continue in Gen 2-4 after a Pursuit target faints.\n|faint|p1a: Rotom\n|switch|p1a: Garchomp|Garchomp, M|100\/100\n|\n|-weather|Sandstorm|[upkeep]\n|upkeep\n|turn|5\n|j| yaboiashK.\n|\n|switch|p2a: Rotom|Rotom-Wash|100\/100\n|-damage|p2a: Rotom|88\/100|[from] Stealth Rock\n|move|p1a: Garchomp|Earthquake|p2a: Rotom\n|-immune|p2a: Rotom|[from] ability: Levitate\n|\n|-weather|Sandstorm|[upkeep]\n|-damage|p2a: Rotom|82\/100|[from] Sandstorm\n|upkeep\n|turn|6\n|\n|switch|p1a: Tyranitar|Tyranitar, F|100\/100\n|move|p2a: Rotom|Hidden Power|p1a: Tyranitar\n|-damage|p1a: Tyranitar|88\/100\n|\n|-weather|Sandstorm|[upkeep]\n|-damage|p2a: Rotom|76\/100|[from] Sandstorm\n|upkeep\n|turn|7\n|\n|switch|p2a: Metagross|Metagross|100\/100\n|-damage|p2a: Metagross|94\/100|[from] Stealth Rock\n|move|p1a: Tyranitar|Crunch|p2a: Metagross\n|-damage|p2a: Metagross|56\/100\n|\n|-weather|Sandstorm|[upkeep]\n|upkeep\n|turn|8\n|j|%Vrin\n|\n|switch|p1a: Metagross|Metagross|40\/100\n|move|p2a: Metagross|Explosion|p1a: Metagross\n|-resisted|p1a: Metagross\n|-damage|p1a: Metagross|0 fnt\n|faint|p2a: Metagross\n|faint|p1a: Metagross\n|\n|-weather|Sandstorm|[upkeep]\n|upkeep\n|j| Zaza Bitchulia\n|l| Zaza Bitchulia\n|\n|switch|p2a: Infernape|Infernape, F|100\/100\n|switch|p1a: Garchomp|Garchomp, M|100\/100\n|-damage|p2a: Infernape|88\/100|[from] Stealth Rock\n|turn|9\n|\n|move|p1a: Garchomp|Outrage|p2a: Infernape\n|-damage|p2a: Infernape|0 fnt\n|faint|p2a: Infernape\n|\n|-weather|Sandstorm|[upkeep]\n|upkeep\n|\n|switch|p2a: Rotom|Rotom-Wash|76\/100\n|-damage|p2a: Rotom|63\/100|[from] Stealth Rock\n|turn|10\n|\n|move|p2a: Rotom|Hidden Power|p1a: Garchomp|[miss]\n|-miss|p2a: Rotom|p1a: Garchomp\n|move|p1a: Garchomp|Outrage|p2a: Rotom|[from]lockedmove\n|-damage|p2a: Rotom|0 fnt\n|faint|p2a: Rotom\n|\n|-weather|Sandstorm|[upkeep]\n|upkeep\n|c|\u2606Trogba Trogba|LOL\n|\n|switch|p2a: Scizor|Scizor, F|100\/100\n|-damage|p2a: Scizor|88\/100|[from] Stealth Rock\n|turn|11\n|\n|move|p1a: Garchomp|Outrage|p2a: Scizor|[from]lockedmove\n|-resisted|p2a: Scizor\n|-damage|p2a: Scizor|60\/100\n|move|p2a: Scizor|Swords Dance|p2a: Scizor\n|-boost|p2a: Scizor|atk|2\n|\n|-weather|Sandstorm|[upkeep]\n|-heal|p2a: Scizor|66\/100|[from] item: Leftovers\n|-start|p1a: Garchomp|confusion|[fatigue]\n|upkeep\n|turn|12\n|l| yaboiashK.\n|l| Shutjh ggv ddd\n|\n|switch|p1a: Latias|Latias, F|100\/100\n|move|p2a: Scizor|Swords Dance|p2a: Scizor\n|-boost|p2a: Scizor|atk|2\n|\n|-weather|Sandstorm|[upkeep]\n|-damage|p1a: Latias|95\/100|[from] Sandstorm\n|-heal|p2a: Scizor|72\/100|[from] item: Leftovers\n|upkeep\n|turn|13\n|\n|move|p2a: Scizor|Bullet Punch|p1a: Latias\n|-damage|p1a: Latias|0 fnt\n|faint|p1a: Latias\n|\n|-weather|Sandstorm|[upkeep]\n|-heal|p2a: Scizor|78\/100|[from] item: Leftovers\n|upkeep\n|\n|switch|p1a: Lucario|Lucario, M|100\/100\n|turn|14\n|\n|move|p2a: Scizor|Bullet Punch|p1a: Lucario\n|-resisted|p1a: Lucario\n|-damage|p1a: Lucario|22\/100\n|move|p1a: Lucario|Close Combat|p2a: Scizor\n|-damage|p2a: Scizor|6\/100\n|-unboost|p1a: Lucario|def|1\n|-unboost|p1a: Lucario|spd|1\n|-damage|p1a: Lucario|12\/100|[from] item: Life Orb\n|\n|-weather|Sandstorm|[upkeep]\n|-heal|p2a: Scizor|12\/100|[from] item: Leftovers\n|upkeep\n|turn|15\n|\n|switch|p2a: Garchomp|Garchomp, M|100\/100\n|-damage|p2a: Garchomp|94\/100|[from] Stealth Rock\n|move|p1a: Lucario|Extreme Speed|p2a: Garchomp|[miss]\n|-miss|p1a: Lucario|p2a: Garchomp\n|\n|-weather|Sandstorm|[upkeep]\n|upkeep\n|turn|16\n|\n|move|p2a: Garchomp|Substitute|p2a: Garchomp\n|-start|p2a: Garchomp|Substitute\n|-damage|p2a: Garchomp|69\/100\n|move|p1a: Lucario|Close Combat|p2a: Garchomp\n|-end|p2a: Garchomp|Substitute\n|-unboost|p1a: Lucario|def|1\n|-unboost|p1a: Lucario|spd|1\n|\n|-weather|Sandstorm|[upkeep]\n|upkeep\n|turn|17\n|\n|move|p2a: Garchomp|Earthquake|p1a: Lucario\n|-supereffective|p1a: Lucario\n|-damage|p1a: Lucario|0 fnt\n|faint|p1a: Lucario\n|\n|-weather|Sandstorm|[upkeep]\n|upkeep\n|\n|switch|p1a: Garchomp|Garchomp, M|100\/100\n|turn|18\n|\n|move|p1a: Garchomp|Dragon Claw|p2a: Garchomp\n|-supereffective|p2a: Garchomp\n|-damage|p2a: Garchomp|0 fnt\n|faint|p2a: Garchomp\n|\n|-weather|Sandstorm|[upkeep]\n|upkeep\n|\n|switch|p2a: Tyranitar|Tyranitar, F|79\/100\n|-damage|p2a: Tyranitar|66\/100|[from] Stealth Rock\n|turn|19\n|\n|move|p1a: Garchomp|Earthquake|p2a: Tyranitar\n|-supereffective|p2a: Tyranitar\n|-crit|p2a: Tyranitar\n|-damage|p2a: Tyranitar|0 fnt\n|faint|p2a: Tyranitar\n|\n|-weather|Sandstorm|[upkeep]\n|upkeep\n|-message|vso forfeited.\n|\n|win|Trogba Trogba\n|c|\u2606Trogba Trogba|gg\n|l|+Vrin\n|l|+moondazing\n","uploadtime":1593812258,"views":18,"p1id":"trogbatrogba","p2id":"vso","formatid":"gen4ou","rating":0,"private":0,"password":null}