{"id":"gen4ou-1579102867","p1":"Dindon Ductile","p2":"imsobaked","format":"gen4ou","log":"|j|\u2606Dindon Ductile\n|j|\u2606imsobaked\n|t:|1653062691\n|gametype|singles\n|player|p1|Dindon Ductile|1|1447\n|player|p2|imsobaked|hiker-gen4|1613\n|teamsize|p1|6\n|teamsize|p2|6\n|gen|4\n|tier|[Gen 4] OU\n|rated|\n|rule|Sleep Clause Mod: Limit one foe put to sleep\n|rule|Species Clause: Limit one of each Pok\u00e9mon\n|rule|OHKO Clause: OHKO moves are banned\n|rule|Evasion Moves Clause: Evasion moves are banned\n|rule|Endless Battle Clause: Forcing endless battles is banned\n|rule|HP Percentage Mod: HP is shown in percentages\n|\n|t:|1653062691\n|start\n|switch|p1a: Azelf|Azelf|100\/100\n|switch|p2a: Metagross|Metagross|100\/100\n|turn|1\n|\n|t:|1653062701\n|move|p1a: Azelf|Stealth Rock|p2a: Metagross\n|-sidestart|p2: imsobaked|move: Stealth Rock\n|move|p2a: Metagross|Meteor Mash|p1a: Azelf\n|-damage|p1a: Azelf|3\/100\n|\n|upkeep\n|turn|2\n|\n|t:|1653062708\n|switch|p1a: Rotom|Rotom-Heat|100\/100\n|move|p2a: Metagross|Stealth Rock|p1a: Rotom\n|-sidestart|p1: Dindon Ductile|move: Stealth Rock\n|\n|upkeep\n|turn|3\n|\n|t:|1653062714\n|switch|p2a: Dragonite|Dragonite, F|100\/100\n|-damage|p2a: Dragonite|76\/100|[from] Stealth Rock\n|move|p1a: Rotom|Substitute|p1a: Rotom\n|-start|p1a: Rotom|Substitute\n|-damage|p1a: Rotom|76\/100\n|\n|-heal|p1a: Rotom|82\/100|[from] item: Leftovers\n|upkeep\n|turn|4\n|\n|t:|1653062724\n|move|p1a: Rotom|Shadow Ball|p2a: Dragonite\n|-damage|p2a: Dragonite|40\/100\n|move|p2a: Dragonite|Outrage|p1a: Rotom\n|-end|p1a: Rotom|Substitute\n|\n|-heal|p1a: Rotom|88\/100|[from] item: Leftovers\n|upkeep\n|turn|5\n|\n|t:|1653062738\n|switch|p1a: Azelf|Azelf|3\/100\n|-damage|p1a: Azelf|0 fnt|[from] Stealth Rock\n|faint|p1a: Azelf\n|move|p2a: Dragonite|Outrage|p1: Azelf|[from]lockedmove|[notarget]\n|-notarget|p2a: Dragonite\n|\n|upkeep\n|\n|t:|1653062743\n|switch|p1a: Scizor|Scizor, F|100\/100\n|-damage|p1a: Scizor|88\/100|[from] Stealth Rock\n|turn|6\n|\n|t:|1653062747\n|move|p1a: Scizor|Bullet Punch|p2a: Dragonite\n|-damage|p2a: Dragonite|0 fnt\n|faint|p2a: Dragonite\n|\n|upkeep\n|\n|t:|1653062749\n|switch|p2a: Magnezone|Magnezone|100\/100\n|-damage|p2a: Magnezone|94\/100|[from] Stealth Rock\n|turn|7\n|\n|t:|1653062753\n|move|p1a: Scizor|Bullet Punch|p2a: Magnezone\n|-resisted|p2a: Magnezone\n|-damage|p2a: Magnezone|80\/100\n|move|p2a: Magnezone|Hidden Power|p1a: Scizor\n|-supereffective|p1a: Scizor\n|-damage|p1a: Scizor|0 fnt\n|faint|p1a: Scizor\n|\n|upkeep\n|\n|t:|1653062762\n|switch|p1a: Infernape|Infernape, M|100\/100\n|-damage|p1a: Infernape|88\/100|[from] Stealth Rock\n|turn|8\n|\n|t:|1653062766\n|switch|p2a: Flygon|Flygon, M|100\/100\n|-damage|p2a: Flygon|95\/100|[from] Stealth Rock\n|move|p1a: Infernape|U-turn|p2a: Flygon\n|-damage|p2a: Flygon|69\/100\n|\n|t:|1653062773\n|switch|p1a: Gyarados|Gyarados, F|100\/100|[from]move: U-turn\n|-damage|p1a: Gyarados|76\/100|[from] Stealth Rock\n|-ability|p1a: Gyarados|Intimidate|boost\n|-unboost|p2a: Flygon|atk|1\n|\n|-heal|p1a: Gyarados|82\/100|[from] item: Leftovers\n|upkeep\n|turn|9\n|\n|t:|1653062782\n|switch|p1a: Jolteon|Jolteon, M|100\/100\n|-damage|p1a: Jolteon|88\/100|[from] Stealth Rock\n|move|p2a: Flygon|Outrage|p1a: Jolteon\n|-damage|p1a: Jolteon|27\/100\n|\n|upkeep\n|turn|10\n|\n|t:|1653062791\n|move|p2a: Flygon|Outrage|p1a: Jolteon|[from]lockedmove\n|-damage|p1a: Jolteon|0 fnt\n|faint|p1a: Jolteon\n|\n|upkeep\n|\n|t:|1653062803\n|switch|p1a: Infernape|Infernape, M|88\/100\n|-damage|p1a: Infernape|76\/100|[from] Stealth Rock\n|turn|11\n|\n|t:|1653062806\n|move|p1a: Infernape|Close Combat|p2a: Flygon\n|-damage|p2a: Flygon|11\/100\n|-unboost|p1a: Infernape|def|1\n|-unboost|p1a: Infernape|spd|1\n|move|p2a: Flygon|Outrage|p1a: Infernape|[from]lockedmove\n|-damage|p1a: Infernape|0 fnt\n|faint|p1a: Infernape\n|\n|-start|p2a: Flygon|confusion|[fatigue]\n|upkeep\n|-message|Dindon Ductile forfeited.\n|\n|win|imsobaked\n|raw|Dindon Ductile's rating: 1447 &rarr; <strong>1436<\/strong><br \/>(-11 for losing)\n|raw|imsobaked's rating: 1613 &rarr; <strong>1624<\/strong><br \/>(+11 for winning)\n|l|\u2606Dindon Ductile\n","uploadtime":1653062815,"views":6,"p1id":"dindonductile","p2id":"imsobaked","formatid":"gen4ou","rating":1436,"private":0,"password":null}