{"id":"gen4ou-1624608843","p1":"nocluewhatamdoing","p2":"Lou dort","format":"gen4ou","log":"|j|\u2606nocluewhatamdoing\n|j|\u2606Lou dort\n|inactive|Battle timer is ON: inactive players will automatically lose when time's up.\n|t:|1658719401\n|gametype|singles\n|player|p1|nocluewhatamdoing|teammagmagruntf-gen3|\n|player|p2|Lou dort|morty-masters2|\n|teamsize|p1|6\n|teamsize|p2|6\n|gen|4\n|tier|[Gen 4] OU\n|rated|Tournament battle\n|rule|Sleep Clause Mod: Limit one foe put to sleep\n|rule|Species Clause: Limit one of each Pok\u00e9mon\n|rule|OHKO Clause: OHKO moves are banned\n|rule|Evasion Moves Clause: Evasion moves are banned\n|rule|Endless Battle Clause: Forcing endless battles is banned\n|rule|HP Percentage Mod: HP is shown in percentages\n|rule|Freeze Clause Mod: Limit one foe frozen\n|\n|t:|1658719401\n|start\n|switch|p1a: Roserade|Roserade, F, shiny|100\/100\n|switch|p2a: Empoleon|Empoleon, F|100\/100\n|turn|1\n|inactive|nocluewhatamdoing also wants the timer to be on.\n|inactive|Lou dort also wants the timer to be on.\n|j| Rosaism\n|\n|t:|1658719411\n|move|p1a: Roserade|Leaf Storm|p2a: Empoleon\n|-damage|p2a: Empoleon|34\/100\n|-unboost|p1a: Roserade|spa|2\n|move|p2a: Empoleon|Stealth Rock|p1a: Roserade\n|-sidestart|p1: nocluewhatamdoing|move: Stealth Rock\n|\n|upkeep\n|turn|2\n|j| picket wicket\n|\n|t:|1658719431\n|move|p1a: Roserade|Toxic Spikes|p2a: Empoleon\n|-sidestart|p2: Lou dort|move: Toxic Spikes\n|move|p2a: Empoleon|Hydro Pump|p1a: Roserade|[miss]\n|-miss|p2a: Empoleon|p1a: Roserade\n|\n|upkeep\n|turn|3\n|j| zerkas\n|\n|t:|1658719434\n|move|p1a: Roserade|Leaf Storm|p2a: Empoleon\n|-damage|p2a: Empoleon|0 fnt\n|-unboost|p1a: Roserade|spa|2\n|faint|p2a: Empoleon\n|\n|upkeep\n|\n|t:|1658719440\n|switch|p2a: Starmie|Starmie|100\/100\n|-status|p2a: Starmie|psn\n|turn|4\n|\n|t:|1658719443\n|move|p2a: Starmie|Rapid Spin|p1a: Roserade\n|-damage|p1a: Roserade|92\/100\n|-sideend|p2: Lou dort|Toxic Spikes|[from] move: Rapid Spin|[of] p2a: Starmie\n|-damage|p2a: Starmie|91\/100 psn|[from] item: Life Orb\n|move|p1a: Roserade|Sleep Powder||[still]\n|-fail|p1a: Roserade\n|\n|-damage|p2a: Starmie|78\/100 psn|[from] psn\n|upkeep\n|turn|5\n|\n|t:|1658719449\n|move|p2a: Starmie|Ice Beam|p1a: Roserade\n|-supereffective|p1a: Roserade\n|-damage|p1a: Roserade|8\/100\n|-damage|p2a: Starmie|68\/100 psn|[from] item: Life Orb\n|move|p1a: Roserade|Leaf Storm|p2a: Starmie|[miss]\n|-miss|p1a: Roserade|p2a: Starmie\n|\n|-damage|p2a: Starmie|56\/100 psn|[from] psn\n|upkeep\n|turn|6\n|c| zerkas|Hmm\n|\n|t:|1658719456\n|switch|p1a: Rotom|Rotom-Wash, shiny|100\/100\n|-damage|p1a: Rotom|88\/100|[from] Stealth Rock\n|move|p2a: Starmie|Ice Beam|p1a: Rotom\n|-damage|p1a: Rotom|46\/100\n|-damage|p2a: Starmie|46\/100 psn|[from] item: Life Orb\n|\n|-damage|p2a: Starmie|34\/100 psn|[from] psn\n|upkeep\n|turn|7\n|\n|t:|1658719462\n|move|p1a: Rotom|Shadow Ball|p2a: Starmie\n|-supereffective|p2a: Starmie\n|-damage|p2a: Starmie|0 fnt\n|faint|p2a: Starmie\n|\n|upkeep\n|\n|t:|1658719465\n|switch|p2a: Tyranitar|Tyranitar, F|100\/100\n|-weather|Sandstorm|[from] ability: Sand Stream|[of] p2a: Tyranitar\n|turn|8\n|\n|t:|1658719468\n|-activate|p1a: Rotom|move: Pursuit\n|move|p2a: Tyranitar|Pursuit|p1a: Rotom|[from]Pursuit\n|-supereffective|p1a: Rotom\n|-damage|p1a: Rotom|0 fnt\n|faint|p1a: Rotom\n|-hint|Previously chosen switches continue in Gen 2-4 after a Pursuit target faints.\n|switch|p1a: Swampert|Swampert, M, shiny|100\/100\n|-damage|p1a: Swampert|94\/100|[from] Stealth Rock\n|\n|-weather|Sandstorm|[upkeep]\n|-heal|p1a: Swampert|100\/100|[from] item: Leftovers\n|upkeep\n|turn|9\n|\n|t:|1658719481\n|switch|p2a: Breloom|Breloom, F|100\/100\n|move|p1a: Swampert|Earthquake|p2a: Breloom\n|-resisted|p2a: Breloom\n|-damage|p2a: Breloom|78\/100\n|\n|-weather|Sandstorm|[upkeep]\n|-damage|p2a: Breloom|72\/100|[from] Sandstorm\n|-status|p2a: Breloom|tox|[from] item: Toxic Orb\n|upkeep\n|turn|10\n|\n|t:|1658719492\n|move|p1a: Swampert|Protect|p1a: Swampert\n|-singleturn|p1a: Swampert|Protect\n|move|p2a: Breloom|Seed Bomb|p1a: Swampert\n|-activate|p1a: Swampert|Protect\n|\n|-weather|Sandstorm|[upkeep]\n|-damage|p2a: Breloom|66\/100 tox|[from] Sandstorm\n|-heal|p2a: Breloom|78\/100 tox|[from] ability: Poison Heal\n|upkeep\n|turn|11\n|\n|t:|1658719497\n|switch|p1a: Roserade|Roserade, F, shiny|8\/100\n|-damage|p1a: Roserade|0 fnt|[from] Stealth Rock\n|faint|p1a: Roserade\n|move|p2a: Breloom|Seed Bomb|p1: Roserade|[notarget]\n|-notarget|p2a: Breloom\n|\n|-weather|Sandstorm|[upkeep]\n|-damage|p2a: Breloom|72\/100 tox|[from] Sandstorm\n|-heal|p2a: Breloom|84\/100 tox|[from] ability: Poison Heal\n|upkeep\n|l| Rosaism\n|\n|t:|1658719509\n|switch|p1a: Heatran|Heatran, M, shiny|100\/100\n|-damage|p1a: Heatran|88\/100|[from] Stealth Rock\n|turn|12\n|\n|t:|1658719524\n|switch|p2a: Tyranitar|Tyranitar, F|100\/100\n|move|p1a: Heatran|Lava Plume|p2a: Tyranitar\n|-resisted|p2a: Tyranitar\n|-damage|p2a: Tyranitar|88\/100\n|\n|-weather|Sandstorm|[upkeep]\n|-heal|p1a: Heatran|94\/100|[from] item: Leftovers\n|upkeep\n|turn|13\n|\n|t:|1658719531\n|move|p1a: Heatran|Protect|p1a: Heatran\n|-singleturn|p1a: Heatran|Protect\n|move|p2a: Tyranitar|Crunch|p1a: Heatran\n|-activate|p1a: Heatran|Protect\n|\n|-weather|Sandstorm|[upkeep]\n|-heal|p1a: Heatran|100\/100|[from] item: Leftovers\n|upkeep\n|turn|14\n|\n|t:|1658719537\n|move|p1a: Heatran|Earth Power|p2a: Tyranitar\n|-supereffective|p2a: Tyranitar\n|-damage|p2a: Tyranitar|49\/100\n|move|p2a: Tyranitar|Crunch|p1a: Heatran\n|-resisted|p1a: Heatran\n|-damage|p1a: Heatran|79\/100\n|\n|-weather|Sandstorm|[upkeep]\n|-heal|p1a: Heatran|86\/100|[from] item: Leftovers\n|upkeep\n|turn|15\n|c|\u2606Lou dort|forgot\n|\n|t:|1658719556\n|switch|p2a: Latias|Latias, F|100\/100\n|move|p1a: Heatran|Lava Plume|p2a: Latias\n|-resisted|p2a: Latias\n|-damage|p2a: Latias|81\/100\n|\n|-weather|Sandstorm|[upkeep]\n|-damage|p2a: Latias|75\/100|[from] Sandstorm\n|-heal|p1a: Heatran|92\/100|[from] item: Leftovers\n|upkeep\n|turn|16\n|\n|t:|1658719559\n|move|p1a: Heatran|Protect|p1a: Heatran\n|-singleturn|p1a: Heatran|Protect\n|move|p2a: Latias|Surf|p1a: Heatran\n|-activate|p1a: Heatran|Protect\n|\n|-weather|Sandstorm|[upkeep]\n|-damage|p2a: Latias|69\/100|[from] Sandstorm\n|-heal|p1a: Heatran|98\/100|[from] item: Leftovers\n|upkeep\n|turn|17\n|\n|t:|1658719562\n|switch|p1a: Swampert|Swampert, M, shiny|100\/100\n|-damage|p1a: Swampert|94\/100|[from] Stealth Rock\n|move|p2a: Latias|Surf|p1a: Swampert\n|-damage|p1a: Swampert|58\/100\n|\n|-weather|Sandstorm|[upkeep]\n|-damage|p2a: Latias|63\/100|[from] Sandstorm\n|-heal|p1a: Swampert|64\/100|[from] item: Leftovers\n|upkeep\n|turn|18\n|j| Echo2615\n|\n|t:|1658719568\n|move|p2a: Latias|Surf|p1a: Swampert\n|-damage|p1a: Swampert|25\/100\n|move|p1a: Swampert|Ice Beam|p2a: Latias\n|-supereffective|p2a: Latias\n|-damage|p2a: Latias|30\/100\n|-status|p2a: Latias|frz\n|\n|-weather|Sandstorm|[upkeep]\n|-damage|p2a: Latias|24\/100 frz|[from] Sandstorm\n|-heal|p1a: Swampert|31\/100|[from] item: Leftovers\n|upkeep\n|turn|19\n|\n|t:|1658719571\n|cant|p2a: Latias|frz\n|move|p1a: Swampert|Ice Beam|p2a: Latias\n|-supereffective|p2a: Latias\n|-damage|p2a: Latias|0 fnt\n|faint|p2a: Latias\n|\n|-weather|Sandstorm|[upkeep]\n|-heal|p1a: Swampert|37\/100|[from] item: Leftovers\n|upkeep\n|\n|t:|1658719582\n|switch|p2a: Breloom|Breloom, F|84\/100 tox\n|turn|20\n|\n|t:|1658719589\n|move|p2a: Breloom|Seed Bomb|p1a: Swampert\n|-supereffective|p1a: Swampert\n|-damage|p1a: Swampert|0 fnt\n|faint|p1a: Swampert\n|\n|-weather|Sandstorm|[upkeep]\n|-damage|p2a: Breloom|78\/100 tox|[from] Sandstorm\n|-heal|p2a: Breloom|91\/100 tox|[from] ability: Poison Heal\n|upkeep\n|\n|t:|1658719591\n|switch|p1a: Heatran|Heatran, M, shiny|98\/100\n|-damage|p1a: Heatran|86\/100|[from] Stealth Rock\n|turn|21\n|\n|t:|1658719594\n|move|p1a: Heatran|Lava Plume|p2a: Breloom\n|-supereffective|p2a: Breloom\n|-damage|p2a: Breloom|0 fnt\n|faint|p2a: Breloom\n|\n|-weather|Sandstorm|[upkeep]\n|-heal|p1a: Heatran|92\/100|[from] item: Leftovers\n|upkeep\n|\n|t:|1658719598\n|switch|p2a: Heatran|Heatran, F, shiny|100\/100\n|turn|22\n|\n|t:|1658719604\n|move|p1a: Heatran|Earth Power|p2a: Heatran\n|-supereffective|p2a: Heatran\n|-damage|p2a: Heatran|0 fnt\n|faint|p2a: Heatran\n|\n|-weather|Sandstorm|[upkeep]\n|-heal|p1a: Heatran|98\/100|[from] item: Leftovers\n|upkeep\n|c|\u2606Lou dort|very unlucky\n|\n|t:|1658719615\n|switch|p2a: Tyranitar|Tyranitar, F|49\/100\n|turn|23\n|\n|t:|1658719619\n|move|p1a: Heatran|Earth Power|p2a: Tyranitar\n|-supereffective|p2a: Tyranitar\n|-damage|p2a: Tyranitar|12\/100\n|move|p2a: Tyranitar|Stone Edge|p1a: Heatran|[miss]\n|-miss|p2a: Tyranitar|p1a: Heatran\n|\n|-weather|Sandstorm|[upkeep]\n|-heal|p1a: Heatran|100\/100|[from] item: Leftovers\n|upkeep\n|turn|24\n|-message|Lou dort forfeited.\n|\n|win|nocluewhatamdoing\n|n|\u2606nocluewhatamdoing|nocluewhatamdoing\n|n|\u2606Lou dort|loudort\n|n| picket wicket|picketwicket\n|n| zerkas|zerkas\n|n| Echo2615|echo2615\n","uploadtime":1658719627,"views":11,"p1id":"nocluewhatamdoing","p2id":"loudort","formatid":"gen4ou","rating":0,"private":0,"password":null}