{"id":"gen4ubers-1650173173","p1":"baki vs. ohma","p2":"alvar03","format":"gen4ubers","log":"|j|\u2606baki vs. ohma\n|j|\u2606alvar03\n|t:|1661684255\n|gametype|singles\n|player|p1|baki vs. ohma|camper|\n|player|p2|alvar03|alder|\n|teamsize|p1|6\n|teamsize|p2|6\n|gen|4\n|tier|[Gen 4] Ubers\n|rated|Tournament battle\n|rule|Sleep Clause Mod: Limit one foe put to sleep\n|rule|Species Clause: Limit one of each Pok\u00e9mon\n|rule|OHKO Clause: OHKO moves are banned\n|rule|Evasion Items Clause: Evasion items are banned\n|rule|Evasion Moves Clause: Evasion moves are banned\n|rule|Endless Battle Clause: Forcing endless battles is banned\n|rule|HP Percentage Mod: HP is shown in percentages\n|\n|t:|1661684255\n|start\n|switch|p1a: Forretress|Forretress, F|100\/100\n|switch|p2a: Deoxys|Deoxys-Speed|100\/100\n|-ability|p2a: Deoxys|Pressure\n|turn|1\n|c|\u2606alvar03|hf\n|inactive|Battle timer is ON: inactive players will automatically lose when time's up. (requested by alvar03)\n|inactive|baki vs. ohma has 120 seconds left.\n|inactive|baki vs. ohma has 90 seconds left.\n|\n|t:|1661684328\n|move|p2a: Deoxys|Taunt|p1a: Forretress\n|-start|p1a: Forretress|move: Taunt\n|move|p1a: Forretress|Payback|p2a: Deoxys\n|-supereffective|p2a: Deoxys\n|-damage|p2a: Deoxys|35\/100\n|\n|upkeep\n|turn|2\n|\n|t:|1661684338\n|switch|p2a: Kyogre|Kyogre|100\/100\n|-weather|RainDance|[from] ability: Drizzle|[of] p2a: Kyogre\n|move|p1a: Forretress|Payback|p2a: Kyogre\n|-crit|p2a: Kyogre\n|-damage|p2a: Kyogre|52\/100\n|\n|-weather|RainDance|[upkeep]\n|upkeep\n|turn|3\n|inactive|baki vs. ohma has 120 seconds left.\n|\n|t:|1661684381\n|move|p2a: Kyogre|Thunder|p1a: Forretress\n|-damage|p1a: Forretress|48\/100\n|move|p1a: Forretress|Payback|p2a: Kyogre\n|-damage|p2a: Kyogre|27\/100\n|\n|-weather|RainDance|[upkeep]\n|-heal|p1a: Forretress|54\/100|[from] item: Leftovers\n|upkeep\n|turn|4\n|\n|t:|1661684385\n|move|p2a: Kyogre|Thunder|p1a: Forretress\n|-damage|p1a: Forretress|10\/100\n|move|p1a: Forretress|Payback|p2a: Kyogre\n|-damage|p2a: Kyogre|4\/100\n|\n|-weather|RainDance|[upkeep]\n|-heal|p1a: Forretress|16\/100|[from] item: Leftovers\n|-end|p1a: Forretress|move: Taunt\n|upkeep\n|turn|5\n|\n|t:|1661684393\n|switch|p1a: Garchomp|Garchomp, F|100\/100\n|move|p2a: Kyogre|Thunder|p1a: Garchomp\n|-immune|p1a: Garchomp\n|\n|-weather|RainDance|[upkeep]\n|upkeep\n|turn|6\n|\n|t:|1661684406\n|switch|p2a: Deoxys|Deoxys-Speed|35\/100\n|-ability|p2a: Deoxys|Pressure\n|move|p1a: Garchomp|Earthquake|p2a: Deoxys\n|-damage|p2a: Deoxys|0 fnt\n|faint|p2a: Deoxys\n|\n|-weather|RainDance|[upkeep]\n|upkeep\n|\n|t:|1661684410\n|switch|p2a: Latios|Latios, M|100\/100\n|turn|7\n|\n|t:|1661684415\n|switch|p1a: Forretress|Forretress, F|16\/100\n|move|p2a: Latios|Dragon Pulse|p1a: Forretress\n|-resisted|p1a: Forretress\n|-damage|p1a: Forretress|0 fnt\n|faint|p1a: Forretress\n|\n|-weather|RainDance|[upkeep]\n|upkeep\n|inactive|baki vs. ohma has 120 seconds left.\n|\n|t:|1661684459\n|switch|p1a: Darkrai|Darkrai, shiny|100\/100\n|turn|8\n|\n|t:|1661684467\n|switch|p2a: Tyranitar|Tyranitar, M|100\/100\n|-weather|Sandstorm|[from] ability: Sand Stream|[of] p2a: Tyranitar\n|move|p1a: Darkrai|Dark Pulse|p2a: Tyranitar\n|-resisted|p2a: Tyranitar\n|-damage|p2a: Tyranitar|81\/100\n|-damage|p1a: Darkrai|91\/100|[from] item: Life Orb\n|\n|-weather|Sandstorm|[upkeep]\n|-damage|p1a: Darkrai|84\/100|[from] Sandstorm\n|upkeep\n|turn|9\n|\n|t:|1661684482\n|move|p1a: Darkrai|Focus Blast|p2a: Tyranitar\n|-supereffective|p2a: Tyranitar\n|-damage|p2a: Tyranitar|0 fnt\n|faint|p2a: Tyranitar\n|-damage|p1a: Darkrai|75\/100|[from] item: Life Orb\n|\n|-weather|Sandstorm|[upkeep]\n|-damage|p1a: Darkrai|68\/100|[from] Sandstorm\n|upkeep\n|\n|t:|1661684484\n|switch|p2a: Kyogre|Kyogre|4\/100\n|-weather|RainDance|[from] ability: Drizzle|[of] p2a: Kyogre\n|turn|10\n|inactive|baki vs. ohma has 120 seconds left.\n|\n|t:|1661684496\n|move|p2a: Kyogre|Surf|p1a: Darkrai\n|-damage|p1a: Darkrai|0 fnt\n|faint|p1a: Darkrai\n|\n|-weather|RainDance|[upkeep]\n|upkeep\n|\n|t:|1661684501\n|switch|p1a: Deoxys|Deoxys-Attack|100\/100\n|-ability|p1a: Deoxys|Pressure\n|turn|11\n|inactive|baki vs. ohma has 120 seconds left.\n|\n|t:|1661684508\n|move|p1a: Deoxys|Extreme Speed|p2a: Kyogre\n|-damage|p2a: Kyogre|0 fnt\n|faint|p2a: Kyogre\n|\n|-weather|RainDance|[upkeep]\n|upkeep\n|\n|t:|1661684510\n|switch|p2a: Giratina|Giratina-Origin|100\/100\n|turn|12\n|\n|t:|1661684513\n|move|p2a: Giratina|Shadow Sneak|p1a: Deoxys\n|-supereffective|p1a: Deoxys\n|-crit|p1a: Deoxys\n|-damage|p1a: Deoxys|1\/100\n|-enditem|p1a: Deoxys|Focus Sash\n|move|p1a: Deoxys|Shadow Ball|p2a: Giratina\n|-supereffective|p2a: Giratina\n|-damage|p2a: Giratina|49\/100\n|\n|-weather|RainDance|[upkeep]\n|upkeep\n|turn|13\n|\n|t:|1661684518\n|move|p2a: Giratina|Shadow Sneak|p1a: Deoxys\n|-supereffective|p1a: Deoxys\n|-damage|p1a: Deoxys|0 fnt\n|faint|p1a: Deoxys\n|\n|-weather|RainDance|[upkeep]\n|upkeep\n|\n|t:|1661684521\n|switch|p1a: Garchomp|Garchomp, F|100\/100\n|turn|14\n|\n|t:|1661684528\n|move|p2a: Giratina|Shadow Sneak|p1a: Garchomp\n|-damage|p1a: Garchomp|79\/100\n|move|p1a: Garchomp|Outrage|p2a: Giratina\n|-supereffective|p2a: Giratina\n|-damage|p2a: Giratina|0 fnt\n|faint|p2a: Giratina\n|\n|-weather|RainDance|[upkeep]\n|upkeep\n|\n|t:|1661684532\n|switch|p2a: Dialga|Dialga|100\/100\n|-ability|p2a: Dialga|Pressure\n|turn|15\n|\n|t:|1661684533\n|move|p1a: Garchomp|Outrage|p2a: Dialga|[from]lockedmove\n|-damage|p2a: Dialga|54\/100\n|move|p2a: Dialga|Draco Meteor|p1a: Garchomp\n|-supereffective|p1a: Garchomp\n|-damage|p1a: Garchomp|0 fnt\n|-unboost|p2a: Dialga|spa|2\n|faint|p1a: Garchomp\n|\n|-weather|RainDance|[upkeep]\n|-heal|p2a: Dialga|60\/100|[from] item: Leftovers\n|upkeep\n|\n|t:|1661684539\n|switch|p1a: Wynaut|Wynaut, M|100\/100\n|turn|16\n|\n|t:|1661684544\n|move|p1a: Wynaut|Encore|p2a: Dialga\n|-start|p2a: Dialga|Encore\n|move|p2a: Dialga|Draco Meteor|p1a: Wynaut\n|-damage|p1a: Wynaut|46\/100\n|-unboost|p2a: Dialga|spa|2\n|\n|-weather|RainDance|[upkeep]\n|-heal|p2a: Dialga|66\/100|[from] item: Leftovers\n|upkeep\n|turn|17\n|\n|t:|1661684553\n|move|p2a: Dialga|Draco Meteor|p1a: Wynaut\n|-damage|p1a: Wynaut|13\/100\n|-unboost|p2a: Dialga|spa|2\n|move|p1a: Wynaut|Mirror Coat|p2a: Dialga\n|-damage|p2a: Dialga|1\/100\n|\n|-weather|RainDance|[upkeep]\n|-heal|p2a: Dialga|7\/100|[from] item: Leftovers\n|upkeep\n|turn|18\n|\n|t:|1661684570\n|-enditem|p1a: Wynaut|Custap Berry|[eat]\n|-message|Custap Berry activated.\n|move|p1a: Wynaut|Destiny Bond|p1a: Wynaut\n|-singlemove|p1a: Wynaut|Destiny Bond\n|move|p2a: Dialga|Draco Meteor|p1a: Wynaut\n|-damage|p1a: Wynaut|0 fnt\n|faint|p1a: Wynaut\n|-activate|p1a: Wynaut|move: Destiny Bond\n|faint|p2a: Dialga\n|\n|-weather|RainDance|[upkeep]\n|upkeep\n|\n|t:|1661684576\n|switch|p2a: Latios|Latios, M|100\/100\n|switch|p1a: Wobbuffet|Wobbuffet, F|100\/100\n|turn|19\n|\n|t:|1661684584\n|move|p2a: Latios|Dragon Pulse|p1a: Wobbuffet\n|-damage|p1a: Wobbuffet|59\/100\n|move|p1a: Wobbuffet|Mirror Coat|p2a: Latios\n|-damage|p2a: Latios|0 fnt\n|faint|p2a: Latios\n|\n|win|baki vs. ohma\n|n|\u2606baki vs. ohma|bakivsohma\n|n|\u2606alvar03|alvar03\n","uploadtime":1661684585,"views":11,"p1id":"bakivsohma","p2id":"alvar03","formatid":"gen4ubers","rating":0,"private":0,"password":null}