{"id":"gen4ou-1675180042","p1":"cianchan","p2":"SkipTheDripBayless","format":"gen4ou","log":"|j|\u2606cianchan\n|j|\u2606SkipTheDripBayless\n|t:|1664650729\n|gametype|singles\n|player|p1|cianchan|boarder|1108\n|player|p2|SkipTheDripBayless|#roaladder|1185\n|teamsize|p1|6\n|teamsize|p2|6\n|gen|4\n|tier|[Gen 4] OU\n|rated|\n|rule|Sleep Clause Mod: Limit one foe put to sleep\n|rule|Species Clause: Limit one of each Pok\u00e9mon\n|rule|OHKO Clause: OHKO moves are banned\n|rule|Evasion Items Clause: Evasion items are banned\n|rule|Evasion Moves Clause: Evasion moves are banned\n|rule|Endless Battle Clause: Forcing endless battles is banned\n|rule|HP Percentage Mod: HP is shown in percentages\n|rule|Freeze Clause Mod: Limit one foe frozen\n|\n|t:|1664650729\n|start\n|switch|p1a: Azelf|Azelf|100\/100\n|switch|p2a: Azelf|Azelf|100\/100\n|turn|1\n|inactive|Battle timer is ON: inactive players will automatically lose when time's up. (requested by cianchan)\n|\n|t:|1664650744\n|move|p2a: Azelf|Taunt|p1a: Azelf\n|-start|p1a: Azelf|move: Taunt\n|cant|p1a: Azelf|move: Taunt|Stealth Rock\n|\n|upkeep\n|turn|2\n|\n|t:|1664650766\n|switch|p1a: Gyarados|Gyarados, F|100\/100\n|-ability|p1a: Gyarados|Intimidate|boost\n|-unboost|p2a: Azelf|atk|1\n|move|p2a: Azelf|Reflect|p2a: Azelf\n|-sidestart|p2: SkipTheDripBayless|Reflect\n|\n|upkeep\n|turn|3\n|\n|t:|1664650773\n|move|p2a: Azelf|Taunt|p1a: Gyarados\n|-start|p1a: Gyarados|move: Taunt\n|cant|p1a: Gyarados|move: Taunt|Dragon Dance\n|\n|upkeep\n|turn|4\n|\n|t:|1664650778\n|switch|p1a: Tyranitar|Tyranitar, F|100\/100\n|-weather|Sandstorm|[from] ability: Sand Stream|[of] p1a: Tyranitar\n|move|p2a: Azelf|Stealth Rock|p1a: Tyranitar\n|-sidestart|p1: cianchan|move: Stealth Rock\n|\n|-weather|Sandstorm|[upkeep]\n|-damage|p2a: Azelf|94\/100|[from] Sandstorm\n|upkeep\n|turn|5\n|\n|t:|1664650790\n|move|p2a: Azelf|Taunt|p1a: Tyranitar\n|-start|p1a: Tyranitar|move: Taunt\n|move|p1a: Tyranitar|Pursuit|p2a: Azelf\n|-supereffective|p2a: Azelf\n|-damage|p2a: Azelf|64\/100\n|\n|-weather|Sandstorm|[upkeep]\n|-damage|p2a: Azelf|58\/100|[from] Sandstorm\n|upkeep\n|turn|6\n|\n|t:|1664650796\n|move|p2a: Azelf|Explosion|p1a: Tyranitar\n|-resisted|p1a: Tyranitar\n|-damage|p1a: Tyranitar|56\/100\n|faint|p2a: Azelf\n|move|p1a: Tyranitar|Crunch|p2: Azelf|[notarget]\n|-notarget|p1a: Tyranitar\n|\n|-weather|Sandstorm|[upkeep]\n|upkeep\n|\n|t:|1664650816\n|switch|p2a: Machamp|Machamp, M|100\/100\n|turn|7\n|\n|t:|1664650824\n|switch|p1a: Jirachi|Jirachi|100\/100\n|-damage|p1a: Jirachi|94\/100|[from] Stealth Rock\n|move|p2a: Machamp|Substitute|p2a: Machamp\n|-start|p2a: Machamp|Substitute\n|-damage|p2a: Machamp|76\/100\n|\n|-weather|Sandstorm|[upkeep]\n|-damage|p2a: Machamp|69\/100|[from] Sandstorm\n|-heal|p1a: Jirachi|100\/100|[from] item: Leftovers\n|-heal|p2a: Machamp|76\/100|[from] item: Leftovers\n|upkeep\n|turn|8\n|\n|t:|1664650836\n|move|p1a: Jirachi|Iron Head|p2a: Machamp\n|-activate|p2a: Machamp|Substitute|[damage]\n|move|p2a: Machamp|Dynamic Punch|p1a: Jirachi\n|-damage|p1a: Jirachi|57\/100\n|-start|p1a: Jirachi|confusion\n|\n|-weather|Sandstorm|[upkeep]\n|-damage|p2a: Machamp|69\/100|[from] Sandstorm\n|-heal|p1a: Jirachi|64\/100|[from] item: Leftovers\n|-heal|p2a: Machamp|76\/100|[from] item: Leftovers\n|upkeep\n|turn|9\n|\n|t:|1664650845\n|switch|p1a: Azelf|Azelf|100\/100\n|-damage|p1a: Azelf|88\/100|[from] Stealth Rock\n|move|p2a: Machamp|Substitute|p2a: Machamp\n|-fail|p2a: Machamp|move: Substitute\n|\n|-sideend|p2: SkipTheDripBayless|Reflect\n|-weather|Sandstorm|[upkeep]\n|-damage|p1a: Azelf|82\/100|[from] Sandstorm\n|-damage|p2a: Machamp|69\/100|[from] Sandstorm\n|-heal|p2a: Machamp|76\/100|[from] item: Leftovers\n|upkeep\n|turn|10\n|\n|t:|1664650855\n|move|p1a: Azelf|Stealth Rock|p2a: Machamp\n|-sidestart|p2: SkipTheDripBayless|move: Stealth Rock\n|move|p2a: Machamp|Payback|p1a: Azelf\n|-supereffective|p1a: Azelf\n|-enditem|p1a: Azelf|Colbur Berry|[eat]\n|-enditem|p1a: Azelf|Colbur Berry|[weaken]\n|-damage|p1a: Azelf|25\/100\n|\n|-weather|Sandstorm|[upkeep]\n|-damage|p1a: Azelf|19\/100|[from] Sandstorm\n|-damage|p2a: Machamp|69\/100|[from] Sandstorm\n|-heal|p2a: Machamp|76\/100|[from] item: Leftovers\n|upkeep\n|turn|11\n|\n|t:|1664650863\n|move|p1a: Azelf|Psychic|p2a: Machamp\n|-supereffective|p2a: Machamp\n|-end|p2a: Machamp|Substitute\n|move|p2a: Machamp|Substitute|p2a: Machamp\n|-start|p2a: Machamp|Substitute\n|-damage|p2a: Machamp|51\/100\n|\n|-weather|Sandstorm|[upkeep]\n|-damage|p1a: Azelf|13\/100|[from] Sandstorm\n|-damage|p2a: Machamp|45\/100|[from] Sandstorm\n|-heal|p2a: Machamp|51\/100|[from] item: Leftovers\n|upkeep\n|turn|12\n|\n|t:|1664650868\n|move|p1a: Azelf|Psychic|p2a: Machamp\n|-supereffective|p2a: Machamp\n|-end|p2a: Machamp|Substitute\n|move|p2a: Machamp|Substitute|p2a: Machamp\n|-start|p2a: Machamp|Substitute\n|-damage|p2a: Machamp|26\/100\n|\n|-weather|Sandstorm|[upkeep]\n|-damage|p1a: Azelf|7\/100|[from] Sandstorm\n|-damage|p2a: Machamp|20\/100|[from] Sandstorm\n|-heal|p2a: Machamp|26\/100|[from] item: Leftovers\n|upkeep\n|turn|13\n|\n|t:|1664650877\n|move|p1a: Azelf|Psychic|p2a: Machamp\n|-supereffective|p2a: Machamp\n|-end|p2a: Machamp|Substitute\n|move|p2a: Machamp|Payback|p1a: Azelf\n|-supereffective|p1a: Azelf\n|-damage|p1a: Azelf|0 fnt\n|faint|p1a: Azelf\n|\n|-weather|Sandstorm|[upkeep]\n|-damage|p2a: Machamp|20\/100|[from] Sandstorm\n|-heal|p2a: Machamp|26\/100|[from] item: Leftovers\n|upkeep\n|\n|t:|1664650889\n|switch|p1a: Rotom|Rotom-Heat|100\/100\n|-damage|p1a: Rotom|88\/100|[from] Stealth Rock\n|turn|14\n|\n|t:|1664650900\n|move|p1a: Rotom|Thunderbolt|p2a: Machamp\n|-damage|p2a: Machamp|0 fnt\n|faint|p2a: Machamp\n|\n|-weather|Sandstorm|[upkeep]\n|-damage|p1a: Rotom|82\/100|[from] Sandstorm\n|upkeep\n|\n|t:|1664650909\n|switch|p2a: Cresselia|Cresselia, F|100\/100\n|-damage|p2a: Cresselia|88\/100|[from] Stealth Rock\n|turn|15\n|\n|t:|1664650923\n|switch|p1a: Jirachi|Jirachi|64\/100\n|-damage|p1a: Jirachi|57\/100|[from] Stealth Rock\n|move|p2a: Cresselia|Reflect|p2a: Cresselia\n|-sidestart|p2: SkipTheDripBayless|Reflect\n|\n|-weather|Sandstorm|[upkeep]\n|-damage|p2a: Cresselia|82\/100|[from] Sandstorm\n|-heal|p1a: Jirachi|64\/100|[from] item: Leftovers\n|upkeep\n|turn|16\n|\n|t:|1664650942\n|move|p1a: Jirachi|Iron Head|p2a: Cresselia\n|-crit|p2a: Cresselia\n|-damage|p2a: Cresselia|47\/100\n|cant|p2a: Cresselia|flinch\n|\n|-weather|Sandstorm|[upkeep]\n|-damage|p2a: Cresselia|41\/100|[from] Sandstorm\n|-heal|p1a: Jirachi|70\/100|[from] item: Leftovers\n|upkeep\n|turn|17\n|\n|t:|1664650953\n|switch|p2a: Kingdra|Kingdra, F|100\/100\n|-damage|p2a: Kingdra|88\/100|[from] Stealth Rock\n|move|p1a: Jirachi|Iron Head|p2a: Kingdra\n|-resisted|p2a: Kingdra\n|-damage|p2a: Kingdra|79\/100\n|\n|-weather|Sandstorm|[upkeep]\n|-damage|p2a: Kingdra|73\/100|[from] Sandstorm\n|-heal|p1a: Jirachi|76\/100|[from] item: Leftovers\n|upkeep\n|turn|18\n|\n|t:|1664650968\n|move|p1a: Jirachi|Body Slam|p2a: Kingdra\n|-damage|p2a: Kingdra|61\/100\n|move|p2a: Kingdra|Dragon Dance|p2a: Kingdra\n|-boost|p2a: Kingdra|atk|1\n|-boost|p2a: Kingdra|spe|1\n|\n|-weather|Sandstorm|[upkeep]\n|-damage|p2a: Kingdra|55\/100|[from] Sandstorm\n|-heal|p1a: Jirachi|82\/100|[from] item: Leftovers\n|upkeep\n|turn|19\n|\n|t:|1664650975\n|move|p2a: Kingdra|Dragon Dance|p2a: Kingdra\n|-boost|p2a: Kingdra|atk|1\n|-boost|p2a: Kingdra|spe|1\n|move|p1a: Jirachi|Body Slam|p2a: Kingdra\n|-damage|p2a: Kingdra|41\/100\n|\n|-weather|Sandstorm|[upkeep]\n|-damage|p2a: Kingdra|35\/100|[from] Sandstorm\n|-heal|p1a: Jirachi|88\/100|[from] item: Leftovers\n|upkeep\n|turn|20\n|\n|t:|1664650984\n|move|p2a: Kingdra|Waterfall|p1a: Jirachi\n|-crit|p1a: Jirachi\n|-damage|p1a: Jirachi|0 fnt\n|faint|p1a: Jirachi\n|\n|-weather|Sandstorm|[upkeep]\n|-damage|p2a: Kingdra|29\/100|[from] Sandstorm\n|upkeep\n|\n|t:|1664650989\n|switch|p1a: Rotom|Rotom-Heat|82\/100\n|-damage|p1a: Rotom|70\/100|[from] Stealth Rock\n|turn|21\n|\n|t:|1664651006\n|move|p2a: Kingdra|Waterfall|p1a: Rotom\n|-damage|p1a: Rotom|0 fnt\n|faint|p1a: Rotom\n|\n|-weather|Sandstorm|[upkeep]\n|-damage|p2a: Kingdra|23\/100|[from] Sandstorm\n|upkeep\n|\n|t:|1664651010\n|switch|p1a: Breloom|Breloom, M|100\/100\n|-damage|p1a: Breloom|94\/100|[from] Stealth Rock\n|turn|22\n|\n|t:|1664651026\n|move|p2a: Kingdra|Rest|p2a: Kingdra\n|-status|p2a: Kingdra|slp|[from] move: Rest\n|-heal|p2a: Kingdra|100\/100 slp|[silent]\n|-enditem|p2a: Kingdra|Chesto Berry|[eat]\n|-curestatus|p2a: Kingdra|slp|[msg]\n|move|p1a: Breloom|Spore|p2a: Kingdra\n|-status|p2a: Kingdra|slp|[from] move: Spore\n|\n|-sideend|p2: SkipTheDripBayless|Reflect\n|-weather|Sandstorm|[upkeep]\n|-damage|p2a: Kingdra|94\/100 slp|[from] Sandstorm\n|-damage|p1a: Breloom|88\/100|[from] Sandstorm\n|-status|p1a: Breloom|tox|[from] item: Toxic Orb\n|upkeep\n|turn|23\n|c|\u2606cianchan|rofl\n|inactive|cianchan has 120 seconds left.\n|\n|t:|1664651058\n|cant|p2a: Kingdra|slp\n|move|p1a: Breloom|Seed Bomb|p2a: Kingdra\n|-damage|p2a: Kingdra|48\/100 slp\n|\n|-weather|Sandstorm|[upkeep]\n|-damage|p2a: Kingdra|41\/100 slp|[from] Sandstorm\n|-damage|p1a: Breloom|82\/100 tox|[from] Sandstorm\n|-heal|p1a: Breloom|94\/100 tox|[from] ability: Poison Heal\n|upkeep\n|turn|24\n|\n|t:|1664651074\n|cant|p2a: Kingdra|slp\n|move|p1a: Breloom|Seed Bomb|p2a: Kingdra\n|-damage|p2a: Kingdra|0 fnt\n|faint|p2a: Kingdra\n|\n|-weather|Sandstorm|[upkeep]\n|-damage|p1a: Breloom|88\/100 tox|[from] Sandstorm\n|-heal|p1a: Breloom|100\/100 tox|[from] ability: Poison Heal\n|upkeep\n|\n|t:|1664651082\n|switch|p2a: Cresselia|Cresselia, F|41\/100\n|-damage|p2a: Cresselia|28\/100|[from] Stealth Rock\n|turn|25\n|\n|t:|1664651101\n|move|p1a: Breloom|Mach Punch|p2a: Cresselia\n|-resisted|p2a: Cresselia\n|-damage|p2a: Cresselia|22\/100\n|move|p2a: Cresselia|Reflect|p2a: Cresselia\n|-sidestart|p2: SkipTheDripBayless|Reflect\n|\n|-weather|Sandstorm|[upkeep]\n|-damage|p2a: Cresselia|16\/100|[from] Sandstorm\n|-damage|p1a: Breloom|94\/100 tox|[from] Sandstorm\n|-heal|p1a: Breloom|100\/100 tox|[from] ability: Poison Heal\n|upkeep\n|turn|26\n|inactive|SkipTheDripBayless has 120 seconds left.\n|\n|t:|1664651133\n|switch|p2a: Tyranitar|Tyranitar, M|100\/100\n|-damage|p2a: Tyranitar|88\/100|[from] Stealth Rock\n|move|p1a: Breloom|Spore|p2a: Tyranitar\n|-status|p2a: Tyranitar|slp|[from] move: Spore\n|\n|-weather|Sandstorm|[upkeep]\n|-damage|p1a: Breloom|94\/100 tox|[from] Sandstorm\n|-heal|p1a: Breloom|100\/100 tox|[from] ability: Poison Heal\n|upkeep\n|turn|27\n|\n|t:|1664651143\n|switch|p2a: Cresselia|Cresselia, F|16\/100\n|-damage|p2a: Cresselia|4\/100|[from] Stealth Rock\n|move|p1a: Breloom|Superpower|p2a: Cresselia\n|-resisted|p2a: Cresselia\n|-damage|p2a: Cresselia|0 fnt\n|-unboost|p1a: Breloom|atk|1\n|-unboost|p1a: Breloom|def|1\n|faint|p2a: Cresselia\n|\n|-weather|Sandstorm|[upkeep]\n|-damage|p1a: Breloom|94\/100 tox|[from] Sandstorm\n|-heal|p1a: Breloom|100\/100 tox|[from] ability: Poison Heal\n|upkeep\n|\n|t:|1664651145\n|switch|p2a: Gyarados|Gyarados, M|100\/100\n|-damage|p2a: Gyarados|76\/100|[from] Stealth Rock\n|-ability|p2a: Gyarados|Intimidate|boost\n|-unboost|p1a: Breloom|atk|1\n|turn|28\n|\n|t:|1664651171\n|move|p2a: Gyarados|Dragon Dance|p2a: Gyarados\n|-boost|p2a: Gyarados|atk|1\n|-boost|p2a: Gyarados|spe|1\n|move|p1a: Breloom|Seed Bomb|p2a: Gyarados\n|-damage|p2a: Gyarados|63\/100\n|\n|-weather|Sandstorm|[upkeep]\n|-damage|p2a: Gyarados|57\/100|[from] Sandstorm\n|-damage|p1a: Breloom|94\/100 tox|[from] Sandstorm\n|-heal|p1a: Breloom|100\/100 tox|[from] ability: Poison Heal\n|upkeep\n|turn|29\n|\n|t:|1664651181\n|switch|p1a: Gyarados|Gyarados, F|100\/100\n|-damage|p1a: Gyarados|76\/100|[from] Stealth Rock\n|-ability|p1a: Gyarados|Intimidate|boost\n|-unboost|p2a: Gyarados|atk|1\n|move|p2a: Gyarados|Dragon Dance|p2a: Gyarados\n|-boost|p2a: Gyarados|atk|1\n|-boost|p2a: Gyarados|spe|1\n|\n|-weather|Sandstorm|[upkeep]\n|-damage|p2a: Gyarados|51\/100|[from] Sandstorm\n|-damage|p1a: Gyarados|70\/100|[from] Sandstorm\n|-heal|p1a: Gyarados|76\/100|[from] item: Leftovers\n|upkeep\n|turn|30\n|inactive|cianchan has 120 seconds left.\n|\n|t:|1664651200\n|move|p2a: Gyarados|Dragon Dance|p2a: Gyarados\n|-boost|p2a: Gyarados|atk|1\n|-boost|p2a: Gyarados|spe|1\n|move|p1a: Gyarados|Stone Edge|p2a: Gyarados|[miss]\n|-miss|p1a: Gyarados|p2a: Gyarados\n|\n|-weather|Sandstorm|[upkeep]\n|-damage|p2a: Gyarados|45\/100|[from] Sandstorm\n|-damage|p1a: Gyarados|70\/100|[from] Sandstorm\n|-heal|p1a: Gyarados|76\/100|[from] item: Leftovers\n|upkeep\n|turn|31\n|\n|t:|1664651208\n|move|p2a: Gyarados|Ice Fang|p1a: Gyarados\n|-damage|p1a: Gyarados|16\/100\n|move|p1a: Gyarados|Stone Edge|p2a: Gyarados\n|-supereffective|p2a: Gyarados\n|-damage|p2a: Gyarados|1\/100\n|\n|-weather|Sandstorm|[upkeep]\n|-damage|p2a: Gyarados|0 fnt|[from] Sandstorm\n|-damage|p1a: Gyarados|10\/100|[from] Sandstorm\n|faint|p2a: Gyarados\n|-heal|p1a: Gyarados|16\/100|[from] item: Leftovers\n|upkeep\n|-message|SkipTheDripBayless forfeited.\n|\n|win|cianchan\n|raw|cianchan's rating: 1108 &rarr; <strong>1138<\/strong><br \/>(+30 for winning)\n|raw|SkipTheDripBayless's rating: 1185 &rarr; <strong>1155<\/strong><br \/>(-30 for losing)\n|l|\u2606SkipTheDripBayless\n||Ladder isn't responding, score probably updated but might not have (Request timeout).\n","uploadtime":1664651235,"views":13,"p1id":"cianchan","p2id":"skipthedripbayless","formatid":"gen4ou","rating":1138,"private":0,"password":null}