{"id":"gen4ou-1628953579","p1":"Lou dort","p2":"Diet Dr. Chepper","format":"gen4ou","log":"|j|\u2606Lou dort\n|j|\u2606Diet Dr. Chepper\n|t:|1659238583\n|gametype|singles\n|player|p1|Lou dort|volo-ginkgo|\n|player|p2|Diet Dr. Chepper|lana|\n|teamsize|p1|6\n|teamsize|p2|6\n|gen|4\n|tier|[Gen 4] OU\n|rated|Tournament battle\n|rule|Sleep Clause Mod: Limit one foe put to sleep\n|rule|Species Clause: Limit one of each Pok\u00e9mon\n|rule|OHKO Clause: OHKO moves are banned\n|rule|Evasion Moves Clause: Evasion moves are banned\n|rule|Endless Battle Clause: Forcing endless battles is banned\n|rule|HP Percentage Mod: HP is shown in percentages\n|rule|Freeze Clause Mod: Limit one foe frozen\n|\n|t:|1659238583\n|start\n|switch|p1a: Infernape|Infernape, F|100\/100\n|switch|p2a: Breloom|Breloom, F, shiny|100\/100\n|turn|1\n|j| BB-8-NU\n|inactive|Battle timer is ON: inactive players will automatically lose when time's up. (requested by Lou dort)\n|c|\u2606Diet Dr. Chepper|hf\n|j| Mudkibz\n|\n|t:|1659238600\n|move|p2a: Breloom|Spore|p1a: Infernape\n|-status|p1a: Infernape|slp|[from] move: Spore\n|cant|p1a: Infernape|slp\n|\n|upkeep\n|turn|2\n|\n|t:|1659238609\n|switch|p2a: Cresselia|Cresselia, F, shiny|100\/100\n|cant|p1a: Infernape|slp\n|\n|upkeep\n|turn|3\n|j| skrimps\n|\n|t:|1659238615\n|cant|p1a: Infernape|slp\n|move|p2a: Cresselia|Rain Dance|p2a: Cresselia\n|-weather|RainDance\n|\n|-weather|RainDance|[upkeep]\n|upkeep\n|turn|4\n|\n|t:|1659238625\n|cant|p1a: Infernape|slp\n|move|p2a: Cresselia|Ice Beam|p1a: Infernape\n|-resisted|p1a: Infernape\n|-damage|p1a: Infernape|86\/100 slp\n|\n|-weather|RainDance|[upkeep]\n|upkeep\n|turn|5\n|l| skrimps\n|\n|t:|1659238637\n|-curestatus|p1a: Infernape|slp|[msg]\n|move|p1a: Infernape|Stealth Rock|p2a: Cresselia\n|-sidestart|p2: Diet Dr. Chepper|move: Stealth Rock\n|move|p2a: Cresselia|Ice Beam|p1a: Infernape\n|-resisted|p1a: Infernape\n|-damage|p1a: Infernape|72\/100\n|\n|-weather|RainDance|[upkeep]\n|upkeep\n|turn|6\n|j| chopperdave47\n|\n|t:|1659238641\n|switch|p1a: Tyranitar|Tyranitar, F|100\/100\n|-weather|Sandstorm|[from] ability: Sand Stream|[of] p1a: Tyranitar\n|move|p2a: Cresselia|Thunder Wave|p1a: Tyranitar\n|-status|p1a: Tyranitar|par\n|\n|-weather|Sandstorm|[upkeep]\n|-damage|p2a: Cresselia|94\/100|[from] Sandstorm\n|-heal|p2a: Cresselia|100\/100|[from] item: Leftovers\n|upkeep\n|turn|7\n|\n|t:|1659238646\n|switch|p2a: Jirachi|Jirachi|100\/100\n|-damage|p2a: Jirachi|94\/100|[from] Stealth Rock\n|move|p1a: Tyranitar|Crunch|p2a: Jirachi\n|-damage|p2a: Jirachi|50\/100\n|\n|-weather|Sandstorm|[upkeep]\n|-heal|p2a: Jirachi|56\/100|[from] item: Leftovers\n|upkeep\n|turn|8\n|\n|t:|1659238651\n|switch|p1a: Infernape|Infernape, F|72\/100\n|move|p2a: Jirachi|Stealth Rock|p1a: Infernape\n|-sidestart|p1: Lou dort|move: Stealth Rock\n|\n|-weather|Sandstorm|[upkeep]\n|-damage|p1a: Infernape|66\/100|[from] Sandstorm\n|-heal|p2a: Jirachi|62\/100|[from] item: Leftovers\n|upkeep\n|turn|9\n|\n|t:|1659238663\n|move|p1a: Infernape|Overheat|p2a: Jirachi\n|-supereffective|p2a: Jirachi\n|-damage|p2a: Jirachi|0 fnt\n|-unboost|p1a: Infernape|spa|2\n|faint|p2a: Jirachi\n|\n|-weather|Sandstorm|[upkeep]\n|-damage|p1a: Infernape|60\/100|[from] Sandstorm\n|upkeep\n|\n|t:|1659238668\n|switch|p2a: Breloom|Breloom, F, shiny|100\/100\n|-damage|p2a: Breloom|94\/100|[from] Stealth Rock\n|turn|10\n|\n|t:|1659238671\n|switch|p1a: Tyranitar|Tyranitar, F|100\/100 par\n|-damage|p1a: Tyranitar|88\/100 par|[from] Stealth Rock\n|move|p2a: Breloom|Superpower|p1a: Tyranitar\n|-supereffective|p1a: Tyranitar\n|-damage|p1a: Tyranitar|0 fnt\n|-unboost|p2a: Breloom|atk|1\n|-unboost|p2a: Breloom|def|1\n|faint|p1a: Tyranitar\n|\n|-weather|Sandstorm|[upkeep]\n|-damage|p2a: Breloom|88\/100|[from] Sandstorm\n|upkeep\n|\n|t:|1659238677\n|switch|p1a: Infernape|Infernape, F|60\/100\n|-damage|p1a: Infernape|47\/100|[from] Stealth Rock\n|turn|11\n|\n|t:|1659238688\n|switch|p2a: Cresselia|Cresselia, F, shiny|100\/100\n|-damage|p2a: Cresselia|88\/100|[from] Stealth Rock\n|move|p1a: Infernape|Close Combat|p2a: Cresselia\n|-resisted|p2a: Cresselia\n|-damage|p2a: Cresselia|74\/100\n|-unboost|p1a: Infernape|def|1\n|-unboost|p1a: Infernape|spd|1\n|\n|-weather|Sandstorm|[upkeep]\n|-damage|p1a: Infernape|41\/100|[from] Sandstorm\n|-damage|p2a: Cresselia|68\/100|[from] Sandstorm\n|-heal|p2a: Cresselia|74\/100|[from] item: Leftovers\n|upkeep\n|turn|12\n|j| MrToastD\n|\n|t:|1659238702\n|move|p1a: Infernape|Overheat|p2a: Cresselia\n|-crit|p2a: Cresselia\n|-damage|p2a: Cresselia|12\/100\n|-unboost|p1a: Infernape|spa|2\n|move|p2a: Cresselia|Rain Dance|p2a: Cresselia\n|-weather|RainDance\n|\n|-weather|RainDance|[upkeep]\n|-heal|p2a: Cresselia|18\/100|[from] item: Leftovers\n|upkeep\n|turn|13\n|\n|t:|1659238712\n|move|p1a: Infernape|Close Combat|p2a: Cresselia\n|-resisted|p2a: Cresselia\n|-damage|p2a: Cresselia|5\/100\n|-unboost|p1a: Infernape|def|1\n|-unboost|p1a: Infernape|spd|1\n|move|p2a: Cresselia|Thunder Wave|p1a: Infernape\n|-status|p1a: Infernape|par\n|\n|-weather|RainDance|[upkeep]\n|-heal|p2a: Cresselia|11\/100|[from] item: Leftovers\n|upkeep\n|turn|14\n|\n|t:|1659238733\n|move|p2a: Cresselia|Ice Beam|p1a: Infernape\n|-resisted|p1a: Infernape\n|-damage|p1a: Infernape|11\/100 par\n|move|p1a: Infernape|Close Combat|p2a: Cresselia\n|-resisted|p2a: Cresselia\n|-damage|p2a: Cresselia|0 fnt\n|-unboost|p1a: Infernape|def|1\n|-unboost|p1a: Infernape|spd|1\n|faint|p2a: Cresselia\n|\n|-weather|RainDance|[upkeep]\n|upkeep\n|\n|t:|1659238744\n|switch|p2a: Suicune|Suicune|100\/100\n|-damage|p2a: Suicune|88\/100|[from] Stealth Rock\n|-ability|p2a: Suicune|Pressure\n|turn|15\n|\n|t:|1659238748\n|move|p2a: Suicune|Surf|p1a: Infernape\n|-supereffective|p1a: Infernape\n|-damage|p1a: Infernape|0 fnt\n|faint|p1a: Infernape\n|\n|-weather|RainDance|[upkeep]\n|-heal|p2a: Suicune|94\/100|[from] item: Leftovers\n|upkeep\n|\n|t:|1659238752\n|switch|p1a: Breloom|Breloom, F|100\/100\n|-damage|p1a: Breloom|94\/100|[from] Stealth Rock\n|turn|16\n|\n|t:|1659238758\n|move|p2a: Suicune|Ice Beam|p1a: Breloom\n|-supereffective|p1a: Breloom\n|-damage|p1a: Breloom|12\/100\n|move|p1a: Breloom|Seed Bomb|p2a: Suicune\n|-supereffective|p2a: Suicune\n|-damage|p2a: Suicune|14\/100\n|\n|-weather|none\n|-heal|p2a: Suicune|21\/100|[from] item: Leftovers\n|-status|p1a: Breloom|tox|[from] item: Toxic Orb\n|upkeep\n|turn|17\n|\n|t:|1659238772\n|move|p1a: Breloom|Mach Punch|p2a: Suicune\n|-damage|p2a: Suicune|2\/100\n|move|p2a: Suicune|Surf|p1a: Breloom\n|-resisted|p1a: Breloom\n|-damage|p1a: Breloom|0 fnt\n|faint|p1a: Breloom\n|\n|-heal|p2a: Suicune|9\/100|[from] item: Leftovers\n|upkeep\n|\n|t:|1659238779\n|switch|p1a: Metagross|Metagross|100\/100\n|-damage|p1a: Metagross|94\/100|[from] Stealth Rock\n|turn|18\n|\n|t:|1659238792\n|move|p2a: Suicune|Surf|p1a: Metagross\n|-crit|p1a: Metagross\n|-damage|p1a: Metagross|5\/100\n|move|p1a: Metagross|Agility|p1a: Metagross\n|-boost|p1a: Metagross|spe|2\n|\n|-heal|p2a: Suicune|15\/100|[from] item: Leftovers\n|upkeep\n|turn|19\n|\n|t:|1659238801\n|switch|p2a: Skarmory|Skarmory, M|100\/100\n|-damage|p2a: Skarmory|88\/100|[from] Stealth Rock\n|move|p1a: Metagross|Meteor Mash|p2a: Skarmory\n|-resisted|p2a: Skarmory\n|-crit|p2a: Skarmory\n|-damage|p2a: Skarmory|45\/100\n|-damage|p1a: Metagross|0 fnt|[from] item: Life Orb\n|faint|p1a: Metagross\n|\n|upkeep\n|\n|t:|1659238811\n|switch|p1a: Starmie|Starmie|100\/100\n|-damage|p1a: Starmie|88\/100|[from] Stealth Rock\n|turn|20\n|\n|t:|1659238816\n|switch|p2a: Suicune|Suicune|15\/100\n|-damage|p2a: Suicune|2\/100|[from] Stealth Rock\n|-ability|p2a: Suicune|Pressure\n|move|p1a: Starmie|Ice Beam|p2a: Suicune\n|-resisted|p2a: Suicune\n|-damage|p2a: Suicune|0 fnt\n|faint|p2a: Suicune\n|-damage|p1a: Starmie|78\/100|[from] item: Life Orb\n|\n|upkeep\n|\n|t:|1659238818\n|switch|p2a: Breloom|Breloom, F, shiny|88\/100\n|-damage|p2a: Breloom|82\/100|[from] Stealth Rock\n|turn|21\n|\n|t:|1659238822\n|move|p2a: Breloom|Seed Bomb|p1a: Starmie\n|-supereffective|p1a: Starmie\n|-damage|p1a: Starmie|0 fnt\n|faint|p1a: Starmie\n|\n|upkeep\n|\n|t:|1659238823\n|switch|p1a: Latias|Latias, F|100\/100\n|-damage|p1a: Latias|88\/100|[from] Stealth Rock\n|turn|22\n|\n|t:|1659238831\n|switch|p2a: Skarmory|Skarmory, M|45\/100\n|-damage|p2a: Skarmory|33\/100|[from] Stealth Rock\n|move|p1a: Latias|Dragon Pulse|p2a: Skarmory\n|-resisted|p2a: Skarmory\n|-damage|p2a: Skarmory|0 fnt\n|faint|p2a: Skarmory\n|\n|upkeep\n|\n|t:|1659238836\n|switch|p2a: Breloom|Breloom, F, shiny|82\/100\n|-damage|p2a: Breloom|76\/100|[from] Stealth Rock\n|turn|23\n|\n|t:|1659238845\n|move|p2a: Breloom|Spore|p1a: Latias\n|-status|p1a: Latias|slp|[from] move: Spore\n|cant|p1a: Latias|slp\n|\n|upkeep\n|turn|24\n|\n|t:|1659238850\n|switch|p2a: Flygon|Flygon, F|100\/100\n|-damage|p2a: Flygon|95\/100|[from] Stealth Rock\n|-curestatus|p1a: Latias|slp|[msg]\n|move|p1a: Latias|Dragon Pulse|p2a: Flygon\n|-supereffective|p2a: Flygon\n|-damage|p2a: Flygon|0 fnt\n|faint|p2a: Flygon\n|\n|upkeep\n|\n|t:|1659238852\n|switch|p2a: Breloom|Breloom, F, shiny|76\/100\n|-damage|p2a: Breloom|70\/100|[from] Stealth Rock\n|turn|25\n|\n|t:|1659238854\n|move|p2a: Breloom|Stone Edge|p1a: Latias\n|-damage|p1a: Latias|48\/100\n|move|p1a: Latias|Dragon Pulse|p2a: Breloom\n|-damage|p2a: Breloom|0 fnt\n|faint|p2a: Breloom\n|\n|win|Lou dort\n|n|\u2606Lou dort|loudort\n|n|\u2606Diet Dr. Chepper|dietdrchepper\n|n| BB-8-NU|bb8nu\n|n| Mudkibz|mudkibz\n|n| chopperdave47|chopperdave47\n|n| MrToastD|mrtoastd\n","uploadtime":1659238855,"views":11,"p1id":"loudort","p2id":"dietdrchepper","formatid":"gen4ou","rating":0,"private":0,"password":null}