{"id":"gen4ou-1046635518","p1":"Cowsrule247","p2":"134gjh","format":"gen4ou","log":"|j|\u2606Cowsrule247\n|j|\u2606134gjh\n|player|p1|Cowsrule247|192|1180\n|player|p2|134gjh|cowgirl|1047\n|teamsize|p1|6\n|teamsize|p2|6\n|gametype|singles\n|gen|4\n|tier|[Gen 4] OU\n|rated|\n|rule|Sleep Clause Mod: Limit one foe put to sleep\n|rule|Species Clause: Limit one of each Pok\u00e9mon\n|rule|OHKO Clause: OHKO moves are banned\n|rule|Evasion Moves Clause: Evasion moves are banned\n|rule|Endless Battle Clause: Forcing endless battles is banned\n|rule|HP Percentage Mod: HP is shown in percentages\n|rule|Baton Pass Clause: Limit one Baton Passer, can't pass Spe and other stats simultaneously\n|\n|start\n|switch|p1a: Machamp|Machamp, F|100\/100\n|switch|p2a: Gliscor|Gliscor, F|100\/100\n|turn|1\n|inactive|Battle timer is ON: inactive players will automatically lose when time's up. (requested by 134gjh)\n|\n|move|p2a: Gliscor|Stealth Rock|p1a: Machamp\n|-sidestart|p1: Cowsrule247|move: Stealth Rock\n|move|p1a: Machamp|Ice Punch|p2a: Gliscor\n|-supereffective|p2a: Gliscor\n|-damage|p2a: Gliscor|6\/100\n|\n|-heal|p2a: Gliscor|13\/100|[from] item: Leftovers\n|upkeep\n|turn|2\n|\n|move|p1a: Machamp|Bullet Punch|p2a: Gliscor\n|-damage|p2a: Gliscor|1\/100\n|move|p2a: Gliscor|U-turn|p1a: Machamp\n|-resisted|p1a: Machamp\n|-damage|p1a: Machamp|92\/100\n|\n|switch|p2a: Latias|Latias, F|100\/100|[from]move: U-turn\n|\n|upkeep\n|turn|3\n|\n|switch|p1a: Celebi|Celebi|100\/100\n|-damage|p1a: Celebi|88\/100|[from] Stealth Rock\n|move|p2a: Latias|Dragon Pulse|p1a: Celebi\n|-damage|p1a: Celebi|58\/100\n|\n|upkeep\n|turn|4\n|\n|move|p2a: Latias|Hidden Power|p1a: Celebi\n|-supereffective|p1a: Celebi\n|-damage|p1a: Celebi|25\/100\n|move|p1a: Celebi|Recover|p1a: Celebi\n|-heal|p1a: Celebi|75\/100\n|\n|upkeep\n|turn|5\n|\n|move|p1a: Celebi|Thunder Wave|p2a: Latias\n|-status|p2a: Latias|par\n|cant|p2a: Latias|par\n|\n|upkeep\n|turn|6\n|\n|switch|p1a: Rotom|Rotom-Wash|100\/100\n|-damage|p1a: Rotom|88\/100|[from] Stealth Rock\n|cant|p2a: Latias|par\n|\n|upkeep\n|turn|7\n|\n|switch|p2a: Tyranitar|Tyranitar, F|100\/100\n|-weather|Sandstorm|[from] ability: Sand Stream|[of] p2a: Tyranitar\n|move|p1a: Rotom|Shadow Ball|p2a: Tyranitar\n|-resisted|p2a: Tyranitar\n|-damage|p2a: Tyranitar|87\/100\n|-unboost|p2a: Tyranitar|spd|1\n|\n|-weather|Sandstorm|[upkeep]\n|-damage|p1a: Rotom|82\/100|[from] Sandstorm\n|upkeep\n|turn|8\n|\n|move|p1a: Rotom|Shadow Ball|p2a: Tyranitar\n|-resisted|p2a: Tyranitar\n|-damage|p2a: Tyranitar|69\/100\n|move|p2a: Tyranitar|Pursuit|p1a: Rotom\n|-supereffective|p1a: Rotom\n|-damage|p1a: Rotom|26\/100\n|\n|-weather|Sandstorm|[upkeep]\n|-damage|p1a: Rotom|20\/100|[from] Sandstorm\n|upkeep\n|turn|9\n|\n|move|p1a: Rotom|Shadow Ball|p2a: Tyranitar\n|-resisted|p2a: Tyranitar\n|-damage|p2a: Tyranitar|51\/100\n|move|p2a: Tyranitar|Pursuit|p1a: Rotom\n|-supereffective|p1a: Rotom\n|-damage|p1a: Rotom|0 fnt\n|faint|p1a: Rotom\n|\n|-weather|Sandstorm|[upkeep]\n|upkeep\n|\n|switch|p1a: Swampert|Swampert, F|100\/100\n|-damage|p1a: Swampert|94\/100|[from] Stealth Rock\n|turn|10\n|\n|switch|p2a: Skarmory|Skarmory, F|100\/100\n|move|p1a: Swampert|Curse|p1a: Swampert\n|-unboost|p1a: Swampert|spe|1\n|-boost|p1a: Swampert|atk|1\n|-boost|p1a: Swampert|def|1\n|\n|-weather|Sandstorm|[upkeep]\n|upkeep\n|turn|11\n|\n|move|p2a: Skarmory|Spikes|p1a: Swampert\n|-sidestart|p1: Cowsrule247|Spikes\n|move|p1a: Swampert|Avalanche|p2a: Skarmory\n|-damage|p2a: Skarmory|88\/100\n|\n|-weather|Sandstorm|[upkeep]\n|-heal|p2a: Skarmory|94\/100|[from] item: Leftovers\n|upkeep\n|turn|12\n|\n|switch|p1a: Machamp|Machamp, F|92\/100\n|-damage|p1a: Machamp|80\/100|[from] Spikes\n|-damage|p1a: Machamp|74\/100|[from] Stealth Rock\n|move|p2a: Skarmory|Spikes|p1a: Machamp\n|-sidestart|p1: Cowsrule247|Spikes\n|\n|-weather|Sandstorm|[upkeep]\n|-damage|p1a: Machamp|68\/100|[from] Sandstorm\n|-heal|p2a: Skarmory|99\/100|[from] item: Leftovers\n|upkeep\n|turn|13\n|\n|switch|p2a: Rotom|Rotom-Wash|100\/100\n|move|p1a: Machamp|Bullet Punch|p2a: Rotom\n|-resisted|p2a: Rotom\n|-crit|p2a: Rotom\n|-damage|p2a: Rotom|81\/100\n|\n|-weather|Sandstorm|[upkeep]\n|-damage|p2a: Rotom|75\/100|[from] Sandstorm\n|-damage|p1a: Machamp|62\/100|[from] Sandstorm\n|upkeep\n|turn|14\n|\n|move|p2a: Rotom|Thunderbolt|p1a: Machamp\n|-damage|p1a: Machamp|2\/100\n|move|p1a: Machamp|Payback|p2a: Rotom\n|-supereffective|p2a: Rotom\n|-damage|p2a: Rotom|0 fnt\n|faint|p2a: Rotom\n|\n|-weather|Sandstorm|[upkeep]\n|-damage|p1a: Machamp|0 fnt|[from] Sandstorm\n|faint|p1a: Machamp\n|upkeep\n|\n|switch|p2a: Gliscor|Gliscor, F|1\/100\n|switch|p1a: Heatran|Heatran, F, shiny|100\/100\n|-damage|p1a: Heatran|84\/100|[from] Spikes\n|-damage|p1a: Heatran|72\/100|[from] Stealth Rock\n|turn|15\n|\n|switch|p1a: Swampert|Swampert, F|94\/100\n|-damage|p1a: Swampert|78\/100|[from] Spikes\n|-damage|p1a: Swampert|72\/100|[from] Stealth Rock\n|move|p2a: Gliscor|Earthquake|p1a: Swampert\n|-crit|p1a: Swampert\n|-damage|p1a: Swampert|10\/100\n|\n|-weather|Sandstorm|[upkeep]\n|-heal|p2a: Gliscor|7\/100|[from] item: Leftovers\n|upkeep\n|turn|16\n|\n|move|p2a: Gliscor|Earthquake|p1a: Swampert\n|-damage|p1a: Swampert|0 fnt\n|faint|p1a: Swampert\n|\n|-weather|Sandstorm|[upkeep]\n|-heal|p2a: Gliscor|13\/100|[from] item: Leftovers\n|upkeep\n|\n|switch|p1a: Lucario|Lucario, M|100\/100\n|-damage|p1a: Lucario|84\/100|[from] Spikes\n|-damage|p1a: Lucario|81\/100|[from] Stealth Rock\n|turn|17\n|\n|move|p1a: Lucario|Extreme Speed|p2a: Gliscor\n|-damage|p2a: Gliscor|0 fnt\n|-damage|p1a: Lucario|71\/100|[from] item: Life Orb\n|faint|p2a: Gliscor\n|\n|-weather|Sandstorm|[upkeep]\n|upkeep\n|\n|switch|p2a: Skarmory|Skarmory, F|99\/100\n|turn|18\n|\n|move|p1a: Lucario|Swords Dance|p1a: Lucario\n|-boost|p1a: Lucario|atk|2\n|move|p2a: Skarmory|Whirlwind|p1a: Lucario\n|drag|p1a: Celebi|Celebi|75\/100\n|-damage|p1a: Celebi|58\/100|[from] Spikes\n|-damage|p1a: Celebi|46\/100|[from] Stealth Rock\n|\n|-weather|Sandstorm|[upkeep]\n|-damage|p1a: Celebi|40\/100|[from] Sandstorm\n|-heal|p2a: Skarmory|100\/100|[from] item: Leftovers\n|upkeep\n|turn|19\n|\n|move|p1a: Celebi|Thunder Wave|p2a: Skarmory\n|-status|p2a: Skarmory|par\n|cant|p2a: Skarmory|par\n|\n|-weather|Sandstorm|[upkeep]\n|-damage|p1a: Celebi|34\/100|[from] Sandstorm\n|upkeep\n|turn|20\n|\n|move|p1a: Celebi|Recover|p1a: Celebi\n|-heal|p1a: Celebi|84\/100\n|move|p2a: Skarmory|Spikes|p1a: Celebi\n|-sidestart|p1: Cowsrule247|Spikes\n|\n|-weather|Sandstorm|[upkeep]\n|-damage|p1a: Celebi|78\/100|[from] Sandstorm\n|upkeep\n|turn|21\n|\n|move|p1a: Celebi|Hidden Power|p2a: Skarmory\n|-supereffective|p2a: Skarmory\n|-damage|p2a: Skarmory|22\/100 par\n|-damage|p1a: Celebi|68\/100|[from] item: Life Orb\n|move|p2a: Skarmory|Whirlwind|p1a: Celebi\n|drag|p1a: Lucario|Lucario, M|71\/100\n|-damage|p1a: Lucario|46\/100|[from] Spikes\n|-damage|p1a: Lucario|44\/100|[from] Stealth Rock\n|\n|-weather|Sandstorm|[upkeep]\n|-heal|p2a: Skarmory|28\/100 par|[from] item: Leftovers\n|upkeep\n|turn|22\n|\n|move|p1a: Lucario|Swords Dance|p1a: Lucario\n|-boost|p1a: Lucario|atk|2\n|cant|p2a: Skarmory|par\n|\n|-weather|Sandstorm|[upkeep]\n|-heal|p2a: Skarmory|34\/100 par|[from] item: Leftovers\n|upkeep\n|turn|23\n|\n|move|p1a: Lucario|Close Combat|p2a: Skarmory\n|-damage|p2a: Skarmory|0 fnt\n|-unboost|p1a: Lucario|def|1\n|-unboost|p1a: Lucario|spd|1\n|-damage|p1a: Lucario|34\/100|[from] item: Life Orb\n|faint|p2a: Skarmory\n|\n|-weather|Sandstorm|[upkeep]\n|upkeep\n|\n|switch|p2a: Tyranitar|Tyranitar, F|51\/100\n|turn|24\n|\n|move|p2a: Tyranitar|Earthquake|p1a: Lucario\n|-supereffective|p1a: Lucario\n|-damage|p1a: Lucario|0 fnt\n|faint|p1a: Lucario\n|\n|-weather|Sandstorm|[upkeep]\n|upkeep\n|\n|switch|p1a: Celebi|Celebi|68\/100\n|-damage|p1a: Celebi|56\/100|[from] Stealth Rock\n|-damage|p1a: Celebi|31\/100|[from] Spikes\n|turn|25\n|\n|switch|p2a: Clefable|Clefable, M|100\/100\n|move|p1a: Celebi|Recover|p1a: Celebi\n|-heal|p1a: Celebi|81\/100\n|\n|-weather|Sandstorm|[upkeep]\n|-damage|p1a: Celebi|75\/100|[from] Sandstorm\n|upkeep\n|turn|26\n|\n|move|p1a: Celebi|Thunder Wave|p2a: Clefable\n|-status|p2a: Clefable|par\n|move|p2a: Clefable|Calm Mind|p2a: Clefable\n|-boost|p2a: Clefable|spa|1\n|-boost|p2a: Clefable|spd|1\n|\n|-weather|Sandstorm|[upkeep]\n|-damage|p1a: Celebi|69\/100|[from] Sandstorm\n|upkeep\n|turn|27\n|\n|switch|p1a: Heatran|Heatran, F, shiny|72\/100\n|-damage|p1a: Heatran|47\/100|[from] Spikes\n|-damage|p1a: Heatran|35\/100|[from] Stealth Rock\n|move|p2a: Clefable|Calm Mind|p2a: Clefable\n|-boost|p2a: Clefable|spa|1\n|-boost|p2a: Clefable|spd|1\n|\n|-weather|Sandstorm|[upkeep]\n|upkeep\n|turn|28\n|\n|move|p1a: Heatran|Explosion|p2a: Clefable\n|-damage|p2a: Clefable|6\/100 par\n|faint|p1a: Heatran\n|move|p2a: Clefable|Thunderbolt|p1: Heatran|[notarget]\n|-notarget|p2a: Clefable\n|\n|-weather|Sandstorm|[upkeep]\n|-heal|p2a: Clefable|12\/100 par|[from] item: Leftovers\n|upkeep\n|\n|switch|p1a: Celebi|Celebi|69\/100\n|-damage|p1a: Celebi|44\/100|[from] Spikes\n|-damage|p1a: Celebi|32\/100|[from] Stealth Rock\n|turn|29\n|\n|move|p1a: Celebi|Recover|p1a: Celebi\n|-heal|p1a: Celebi|82\/100\n|move|p2a: Clefable|Soft-Boiled|p2a: Clefable\n|-heal|p2a: Clefable|62\/100 par\n|\n|-weather|Sandstorm|[upkeep]\n|-damage|p1a: Celebi|76\/100|[from] Sandstorm\n|-heal|p2a: Clefable|68\/100 par|[from] item: Leftovers\n|upkeep\n|turn|30\n|\n|move|p1a: Celebi|Hidden Power|p2a: Clefable\n|-damage|p2a: Clefable|57\/100 par\n|-damage|p1a: Celebi|66\/100|[from] item: Life Orb\n|move|p2a: Clefable|Calm Mind|p2a: Clefable\n|-boost|p2a: Clefable|spa|1\n|-boost|p2a: Clefable|spd|1\n|\n|-weather|Sandstorm|[upkeep]\n|-damage|p1a: Celebi|60\/100|[from] Sandstorm\n|-heal|p2a: Clefable|63\/100 par|[from] item: Leftovers\n|upkeep\n|turn|31\n|-message|Cowsrule247 forfeited.\n|\n|win|134gjh\n|l|\u2606Cowsrule247\n|raw|Cowsrule247's rating: 1180 &rarr; <strong>1146<\/strong><br \/>(-34 for losing)\n|raw|134gjh's rating: 1047 &rarr; <strong>1092<\/strong><br \/>(+45 for winning)\n|c|\u2606134gjh|weak player\n|c|\u2606134gjh|put down\n","uploadtime":1579070646,"views":2,"p1id":"cowsrule247","p2id":"134gjh","formatid":"gen4ou","rating":1092,"private":0,"password":null}