{"id":"gen4ubers-1506259374","p1":"Sp0oNl0rD","p2":"Cope with me","format":"gen4ubers","log":"|j|\u2606Sp0oNl0rD\n|j|\u2606Cope with me\n|t:|1644264934\n|gametype|singles\n|player|p1|Sp0oNl0rD|266|\n|player|p2|Cope with me|colress|\n|teamsize|p1|6\n|teamsize|p2|6\n|gen|4\n|tier|[Gen 4] Ubers\n|rated|Tournament battle\n|rule|Sleep Clause Mod: Limit one foe put to sleep\n|rule|Species Clause: Limit one of each Pok\u00e9mon\n|rule|OHKO Clause: OHKO moves are banned\n|rule|Evasion Moves Clause: Evasion moves are banned\n|rule|Endless Battle Clause: Forcing endless battles is banned\n|rule|HP Percentage Mod: HP is shown in percentages\n|\n|t:|1644264934\n|start\n|switch|p1a: Tyranitar|Tyranitar, F|100\/100\n|switch|p2a: real folk blues|Giratina-Origin|100\/100\n|-weather|Sandstorm|[from] ability: Sand Stream|[of] p1a: Tyranitar\n|turn|1\n|j| BB-8-NU\n|inactive|Battle timer is ON: inactive players will automatically lose when time's up. (requested by Sp0oNl0rD)\n|c|\u2606Cope with me|hf\n|j| Ainzcrad\n|c|\u2606Sp0oNl0rD|U2\n|inactive|Cope with me has 120 seconds left.\n|\n|t:|1644264967\n|-activate|p2a: real folk blues|move: Pursuit\n|move|p1a: Tyranitar|Pursuit|p2a: real folk blues|[from]Pursuit\n|-supereffective|p2a: real folk blues\n|-crit|p2a: real folk blues\n|-damage|p2a: real folk blues|0 fnt\n|faint|p2a: real folk blues\n|-hint|Previously chosen switches continue in Gen 2-4 after a Pursuit target faints.\n|switch|p2a: Forretress|Forretress, F|100\/100\n|\n|-weather|Sandstorm|[upkeep]\n|upkeep\n|turn|2\n|j| whack teams\n|\n|t:|1644264974\n|switch|p1a: Groudon|Groudon|100\/100\n|-weather|SunnyDay|[from] ability: Drought|[of] p1a: Groudon\n|move|p2a: Forretress|Toxic Spikes|p1a: Groudon\n|-sidestart|p1: Sp0oNl0rD|move: Toxic Spikes\n|\n|-weather|SunnyDay|[upkeep]\n|upkeep\n|turn|3\n|j|#susciety\n|\n|t:|1644264980\n|switch|p2a: Cresselia|Cresselia, F|100\/100\n|move|p1a: Groudon|Stealth Rock|p2a: Cresselia\n|-sidestart|p2: Cope with me|move: Stealth Rock\n|\n|-weather|SunnyDay|[upkeep]\n|upkeep\n|turn|4\n|j| sparkling dream\n|\n|t:|1644264989\n|switch|p1a: Dialga|Dialga|100\/100\n|-ability|p1a: Dialga|Pressure\n|move|p2a: Cresselia|Ice Beam|p1a: Dialga\n|-damage|p1a: Dialga|89\/100\n|\n|-weather|SunnyDay|[upkeep]\n|-heal|p1a: Dialga|96\/100|[from] item: Leftovers\n|upkeep\n|turn|5\n|\n|t:|1644264992\n|move|p1a: Dialga|Bulk Up|p1a: Dialga\n|-boost|p1a: Dialga|atk|1\n|-boost|p1a: Dialga|def|1\n|move|p2a: Cresselia|Thunder Wave|p1a: Dialga\n|-status|p1a: Dialga|par\n|\n|-weather|SunnyDay|[upkeep]\n|-heal|p1a: Dialga|100\/100 par|[from] item: Leftovers\n|upkeep\n|turn|6\n|\n|t:|1644264998\n|switch|p2a: Quagsire|Quagsire, M|100\/100\n|-damage|p2a: Quagsire|94\/100|[from] Stealth Rock\n|move|p1a: Dialga|Bulk Up|p1a: Dialga\n|-boost|p1a: Dialga|atk|1\n|-boost|p1a: Dialga|def|1\n|\n|-weather|SunnyDay|[upkeep]\n|-heal|p2a: Quagsire|100\/100|[from] item: Leftovers\n|upkeep\n|turn|7\n|j| innovamania\n|l| innovamania\n|\n|t:|1644265005\n|switch|p1a: Latios|Latios, M|100\/100\n|move|p2a: Quagsire|Encore||[still]\n|-fail|p2a: Quagsire\n|\n|-weather|SunnyDay|[upkeep]\n|upkeep\n|turn|8\n|\n|t:|1644265012\n|switch|p2a: Blissey|Blissey, F|100\/100\n|-damage|p2a: Blissey|88\/100|[from] Stealth Rock\n|move|p1a: Latios|Dragon Pulse|p2a: Blissey\n|-damage|p2a: Blissey|69\/100\n|\n|-weather|SunnyDay|[upkeep]\n|-heal|p2a: Blissey|75\/100|[from] item: Leftovers\n|upkeep\n|turn|9\n|\n|t:|1644265019\n|switch|p1a: Dialga|Dialga|100\/100 par\n|-ability|p1a: Dialga|Pressure\n|move|p2a: Blissey|Stealth Rock|p1a: Dialga\n|-sidestart|p1: Sp0oNl0rD|move: Stealth Rock\n|\n|-weather|SunnyDay|[upkeep]\n|-heal|p2a: Blissey|81\/100|[from] item: Leftovers\n|upkeep\n|turn|10\n|\n|t:|1644265025\n|switch|p2a: Groudon|Groudon|100\/100\n|-damage|p2a: Groudon|94\/100|[from] Stealth Rock\n|cant|p1a: Dialga|par\n|\n|-weather|SunnyDay|[upkeep]\n|-heal|p2a: Groudon|100\/100|[from] item: Leftovers\n|upkeep\n|turn|11\n|\n|t:|1644265033\n|switch|p1a: Latios|Latios, M|100\/100\n|-damage|p1a: Latios|88\/100|[from] Stealth Rock\n|move|p2a: Groudon|Dragon Claw|p1a: Latios\n|-supereffective|p1a: Latios\n|-damage|p1a: Latios|9\/100\n|\n|-weather|SunnyDay|[upkeep]\n|upkeep\n|turn|12\n|\n|t:|1644265042\n|switch|p2a: Blissey|Blissey, F|81\/100\n|-damage|p2a: Blissey|68\/100|[from] Stealth Rock\n|move|p1a: Latios|Roost|p1a: Latios\n|-heal|p1a: Latios|59\/100\n|-singleturn|p1a: Latios|move: Roost\n|\n|-weather|SunnyDay|[upkeep]\n|-heal|p2a: Blissey|75\/100|[from] item: Leftovers\n|upkeep\n|turn|13\n|\n|t:|1644265046\n|switch|p1a: Skarmory|Skarmory, M|100\/100\n|-damage|p1a: Skarmory|88\/100|[from] Stealth Rock\n|move|p2a: Blissey|Thunder Wave|p1a: Skarmory\n|-status|p1a: Skarmory|par\n|\n|-weather|SunnyDay|[upkeep]\n|-heal|p2a: Blissey|81\/100|[from] item: Leftovers\n|-heal|p1a: Skarmory|94\/100 par|[from] item: Leftovers\n|upkeep\n|turn|14\n|\n|t:|1644265051\n|switch|p2a: Forretress|Forretress, F|100\/100\n|-damage|p2a: Forretress|88\/100|[from] Stealth Rock\n|cant|p1a: Skarmory|par\n|\n|-weather|SunnyDay|[upkeep]\n|-heal|p1a: Skarmory|99\/100 par|[from] item: Leftovers\n|upkeep\n|turn|15\n|\n|t:|1644265057\n|move|p2a: Forretress|Rapid Spin|p1a: Skarmory\n|-resisted|p1a: Skarmory\n|-damage|p1a: Skarmory|99\/100 par\n|-sideend|p2: Cope with me|Stealth Rock|[from] move: Rapid Spin|[of] p2a: Forretress\n|cant|p1a: Skarmory|par\n|\n|-weather|SunnyDay|[upkeep]\n|-heal|p1a: Skarmory|100\/100 par|[from] item: Leftovers\n|upkeep\n|turn|16\n|\n|t:|1644265060\n|move|p2a: Forretress|Spikes|p1a: Skarmory\n|-sidestart|p1: Sp0oNl0rD|Spikes\n|move|p1a: Skarmory|Spikes|p2a: Forretress\n|-sidestart|p2: Cope with me|Spikes\n|\n|-weather|SunnyDay|[upkeep]\n|upkeep\n|turn|17\n|\n|t:|1644265066\n|switch|p1a: Latios|Latios, M|59\/100\n|-damage|p1a: Latios|47\/100|[from] Stealth Rock\n|move|p2a: Forretress|Rapid Spin|p1a: Latios\n|-damage|p1a: Latios|43\/100\n|-sideend|p2: Cope with me|Spikes|[from] move: Rapid Spin|[of] p2a: Forretress\n|\n|-weather|SunnyDay|[upkeep]\n|upkeep\n|turn|18\n|j| a1012\n|\n|t:|1644265076\n|switch|p1a: Tyranitar|Tyranitar, F|100\/100\n|-status|p1a: Tyranitar|psn\n|-damage|p1a: Tyranitar|88\/100 psn|[from] Spikes\n|-damage|p1a: Tyranitar|76\/100 psn|[from] Stealth Rock\n|-weather|Sandstorm|[from] ability: Sand Stream|[of] p1a: Tyranitar\n|switch|p2a: Blissey|Blissey, F|81\/100\n|\n|-weather|Sandstorm|[upkeep]\n|-damage|p2a: Blissey|75\/100|[from] Sandstorm\n|-heal|p2a: Blissey|81\/100|[from] item: Leftovers\n|-damage|p1a: Tyranitar|63\/100 psn|[from] psn\n|upkeep\n|turn|19\n|\n|t:|1644265084\n|switch|p2a: Groudon|Groudon|100\/100\n|-weather|SunnyDay|[from] ability: Drought|[of] p2a: Groudon\n|move|p1a: Tyranitar|Superpower|p2a: Groudon\n|-damage|p2a: Groudon|78\/100\n|-unboost|p1a: Tyranitar|atk|1\n|-unboost|p1a: Tyranitar|def|1\n|\n|-weather|SunnyDay|[upkeep]\n|-heal|p2a: Groudon|84\/100|[from] item: Leftovers\n|-damage|p1a: Tyranitar|51\/100 psn|[from] psn\n|upkeep\n|turn|20\n|\n|t:|1644265095\n|move|p2a: Groudon|Dragon Claw|p1a: Tyranitar\n|-damage|p1a: Tyranitar|19\/100 psn\n|move|p1a: Tyranitar|Payback|p2a: Groudon\n|-damage|p2a: Groudon|66\/100\n|\n|-weather|SunnyDay|[upkeep]\n|-heal|p2a: Groudon|72\/100|[from] item: Leftovers\n|-damage|p1a: Tyranitar|6\/100 psn|[from] psn\n|upkeep\n|turn|21\n|c|\u2606Sp0oNl0rD|I can't break this\n|c|\u2606Sp0oNl0rD|Gg\n|-message|Sp0oNl0rD forfeited.\n|\n|win|Cope with me\n|n|\u2606Sp0oNl0rD|sp0onl0rd\n|n|\u2606Cope with me|copewithme\n|n| BB-8-NU|bb8nu\n|n| Ainzcrad|ainzcrad\n|n| whack teams|whackteams\n|n|+susciety|susciety\n|n| sparkling dream|sparklingdream\n|n| a1012|a1012\n","uploadtime":1644265104,"views":12,"p1id":"sp0onl0rd","p2id":"copewithme","formatid":"gen4ubers","rating":0,"private":0,"password":null}