{"id":"gen4ou-1340340747","p1":"person#16","p2":"GuyguyLaMenace","format":"gen4ou","log":"|j|\u2606person#16\n|j|\u2606GuyguyLaMenace\n|t:|1620994033\n|gametype|singles\n|player|p1|person#16|shadowtriad|1334\n|player|p2|GuyguyLaMenace|volkner|1173\n|teamsize|p1|6\n|teamsize|p2|6\n|gen|4\n|tier|[Gen 4] OU\n|rated|\n|rule|Sleep Clause Mod: Limit one foe put to sleep\n|rule|Species Clause: Limit one of each Pok\u00e9mon\n|rule|OHKO Clause: OHKO moves are banned\n|rule|Evasion Moves Clause: Evasion moves are banned\n|rule|Endless Battle Clause: Forcing endless battles is banned\n|rule|HP Percentage Mod: HP is shown in percentages\n|\n|t:|1620994033\n|start\n|switch|p1a: Metagross|Metagross|100\/100\n|switch|p2a: Aerodactyl|Aerodactyl, M|100\/100\n|-ability|p2a: Aerodactyl|Pressure\n|turn|1\n|inactive|Battle timer is ON: inactive players will automatically lose when time's up. (requested by person#16)\n|\n|t:|1620994041\n|move|p1a: Metagross|Bullet Punch|p2a: Aerodactyl\n|-supereffective|p2a: Aerodactyl\n|-damage|p2a: Aerodactyl|22\/100\n|move|p2a: Aerodactyl|Taunt|p1a: Metagross\n|-start|p1a: Metagross|move: Taunt\n|\n|upkeep\n|turn|2\n|\n|t:|1620994046\n|move|p1a: Metagross|Bullet Punch|p2a: Aerodactyl\n|-supereffective|p2a: Aerodactyl\n|-damage|p2a: Aerodactyl|0 fnt\n|faint|p2a: Aerodactyl\n|\n|upkeep\n|\n|t:|1620994053\n|switch|p2a: Dragonite|Dragonite, F|100\/100\n|turn|3\n|\n|t:|1620994055\n|move|p2a: Dragonite|Earthquake|p1a: Metagross\n|-supereffective|p1a: Metagross\n|-damage|p1a: Metagross|29\/100\n|-damage|p2a: Dragonite|91\/100|[from] item: Life Orb\n|move|p1a: Metagross|Explosion|p2a: Dragonite\n|-damage|p2a: Dragonite|0 fnt\n|faint|p1a: Metagross\n|faint|p2a: Dragonite\n|\n|upkeep\n|\n|t:|1620994063\n|switch|p2a: Gengar|Gengar, F, shiny|100\/100\n|switch|p1a: Gengar|Gengar, F|100\/100\n|turn|4\n|\n|t:|1620994066\n|move|p1a: Gengar|Shadow Ball|p2a: Gengar\n|-supereffective|p2a: Gengar\n|-damage|p2a: Gengar|0 fnt\n|faint|p2a: Gengar\n|\n|upkeep\n|\n|t:|1620994072\n|switch|p2a: Absol|Absol, F, shiny|100\/100\n|turn|5\n|\n|t:|1620994075\n|move|p1a: Gengar|Shadow Ball|p2a: Absol\n|-resisted|p2a: Absol\n|-damage|p2a: Absol|63\/100\n|-unboost|p2a: Absol|spd|1\n|move|p2a: Absol|Swords Dance|p2a: Absol\n|-boost|p2a: Absol|atk|2\n|\n|upkeep\n|turn|6\n|\n|t:|1620994083\n|switch|p1a: Scizor|Scizor, F|100\/100\n|move|p2a: Absol|Sucker Punch|p1a: Scizor\n|-fail|p2a: Absol\n|\n|upkeep\n|turn|7\n|\n|t:|1620994087\n|move|p2a: Absol|Sucker Punch|p1a: Scizor\n|-resisted|p1a: Scizor\n|-damage|p1a: Scizor|44\/100\n|-damage|p2a: Absol|53\/100|[from] item: Life Orb\n|move|p1a: Scizor|Superpower|p2a: Absol\n|-supereffective|p2a: Absol\n|-damage|p2a: Absol|0 fnt\n|-unboost|p1a: Scizor|atk|1\n|-unboost|p1a: Scizor|def|1\n|faint|p2a: Absol\n|\n|-heal|p1a: Scizor|50\/100|[from] item: Leftovers\n|upkeep\n|\n|t:|1620994093\n|switch|p2a: Gyarados|Gyarados, F, shiny|100\/100\n|-ability|p2a: Gyarados|Intimidate|boost\n|-unboost|p1a: Scizor|atk|1\n|turn|8\n|\n|t:|1620994097\n|switch|p1a: Gengar|Gengar, F|100\/100\n|move|p2a: Gyarados|Waterfall|p1a: Gengar\n|-damage|p1a: Gengar|0 fnt\n|faint|p1a: Gengar\n|-damage|p2a: Gyarados|91\/100|[from] item: Life Orb\n|\n|upkeep\n|\n|t:|1620994100\n|switch|p1a: Dragonite|Dragonite, F|100\/100\n|turn|9\n|\n|t:|1620994106\n|move|p1a: Dragonite|Extreme Speed|p2a: Gyarados\n|-damage|p2a: Gyarados|37\/100\n|move|p2a: Gyarados|Outrage|p1a: Dragonite\n|-supereffective|p1a: Dragonite\n|-damage|p1a: Dragonite|0 fnt\n|faint|p1a: Dragonite\n|-damage|p2a: Gyarados|27\/100|[from] item: Life Orb\n|\n|upkeep\n|\n|t:|1620994113\n|switch|p1a: Scizor|Scizor, F|50\/100\n|turn|10\n|\n|t:|1620994116\n|move|p2a: Gyarados|Outrage|p1a: Scizor|[from]lockedmove\n|-resisted|p1a: Scizor\n|-damage|p1a: Scizor|26\/100\n|-damage|p2a: Gyarados|17\/100|[from] item: Life Orb\n|move|p1a: Scizor|Swords Dance|p1a: Scizor\n|-boost|p1a: Scizor|atk|2\n|\n|-heal|p1a: Scizor|32\/100|[from] item: Leftovers\n|-start|p2a: Gyarados|confusion|[fatigue]\n|upkeep\n|turn|11\n|\n|t:|1620994121\n|move|p1a: Scizor|Bullet Punch|p2a: Gyarados\n|-resisted|p2a: Gyarados\n|-damage|p2a: Gyarados|0 fnt\n|faint|p2a: Gyarados\n|\n|-heal|p1a: Scizor|38\/100|[from] item: Leftovers\n|upkeep\n|\n|t:|1620994123\n|switch|p2a: Azumarill|Azumarill, M|100\/100\n|turn|12\n|\n|t:|1620994128\n|move|p1a: Scizor|Bullet Punch|p2a: Azumarill\n|-resisted|p2a: Azumarill\n|-damage|p2a: Azumarill|68\/100\n|move|p2a: Azumarill|Waterfall|p1a: Scizor\n|-damage|p1a: Scizor|0 fnt\n|faint|p1a: Scizor\n|\n|upkeep\n|\n|t:|1620994134\n|switch|p1a: Milotic|Milotic, F|100\/100\n|turn|13\n|\n|t:|1620994137\n|move|p1a: Milotic|Toxic|p2a: Azumarill\n|-status|p2a: Azumarill|tox\n|move|p2a: Azumarill|Waterfall|p1a: Milotic\n|-resisted|p1a: Milotic\n|-damage|p1a: Milotic|77\/100\n|\n|-heal|p1a: Milotic|83\/100|[from] item: Leftovers\n|-damage|p2a: Azumarill|62\/100 tox|[from] psn\n|upkeep\n|turn|14\n|-message|GuyguyLaMenace forfeited.\n|\n|win|person#16\n|raw|person#16's rating: 1334 &rarr; <strong>1345<\/strong><br \/>(+11 for winning)\n|raw|GuyguyLaMenace's rating: 1173 &rarr; <strong>1159<\/strong><br \/>(-14 for losing)\n|l|\u2606GuyguyLaMenace\n","uploadtime":1620994146,"views":28,"p1id":"person16","p2id":"guyguylamenace","formatid":"gen4ou","rating":1159,"private":0,"password":null}