{"id":"gen4ou-1547421135","p1":"pizzalover420","p2":"MichaelderBeste2","format":"gen4ou","log":"|j|\u2606pizzalover420\n|j|\u2606MichaelderBeste2\n|inactive|Battle timer is ON: inactive players will automatically lose when time's up.\n|t:|1649261545\n|gametype|singles\n|player|p1|pizzalover420|170|\n|player|p2|MichaelderBeste2|#splxiiiclassiest|\n|teamsize|p1|6\n|teamsize|p2|6\n|gen|4\n|tier|[Gen 4] OU\n|rated|Tournament battle\n|rule|Sleep Clause Mod: Limit one foe put to sleep\n|rule|Species Clause: Limit one of each Pok\u00e9mon\n|rule|OHKO Clause: OHKO moves are banned\n|rule|Evasion Moves Clause: Evasion moves are banned\n|rule|Endless Battle Clause: Forcing endless battles is banned\n|rule|HP Percentage Mod: HP is shown in percentages\n|\n|t:|1649261545\n|start\n|switch|p1a: Tyranitar|Tyranitar, F|100\/100\n|switch|p2a: Tyranitar|Tyranitar, F|100\/100\n|-weather|Sandstorm|[from] ability: Sand Stream|[of] p2a: Tyranitar\n|turn|1\n|j|*Lady Monita \u273f\n|j| CherylBlossom75\n|\n|t:|1649261558\n|switch|p2a: Hippowdon|Hippowdon, F|100\/100\n|move|p1a: Tyranitar|Earthquake|p2a: Hippowdon\n|-damage|p2a: Hippowdon|80\/100\n|\n|-weather|Sandstorm|[upkeep]\n|-heal|p2a: Hippowdon|87\/100|[from] item: Leftovers\n|upkeep\n|turn|2\n|\n|t:|1649261562\n|move|p1a: Tyranitar|Taunt|p2a: Hippowdon\n|-start|p2a: Hippowdon|move: Taunt\n|cant|p2a: Hippowdon|move: Taunt|Stealth Rock\n|\n|-weather|Sandstorm|[upkeep]\n|-heal|p2a: Hippowdon|93\/100|[from] item: Leftovers\n|upkeep\n|turn|3\n|\n|t:|1649261567\n|move|p1a: Tyranitar|Stealth Rock|p2a: Hippowdon\n|-sidestart|p2: MichaelderBeste2|move: Stealth Rock\n|move|p2a: Hippowdon|Earthquake|p1a: Tyranitar\n|-supereffective|p1a: Tyranitar\n|-damage|p1a: Tyranitar|27\/100\n|\n|-weather|Sandstorm|[upkeep]\n|-heal|p2a: Hippowdon|99\/100|[from] item: Leftovers\n|upkeep\n|turn|4\n|\n|t:|1649261573\n|switch|p1a: Skarmory|Skarmory, M|100\/100\n|move|p2a: Hippowdon|Earthquake|p1a: Skarmory\n|-immune|p1a: Skarmory\n|\n|-weather|Sandstorm|[upkeep]\n|-heal|p2a: Hippowdon|100\/100|[from] item: Leftovers\n|-end|p2a: Hippowdon|move: Taunt\n|upkeep\n|turn|5\n|\n|t:|1649261576\n|move|p1a: Skarmory|Spikes|p2a: Hippowdon\n|-sidestart|p2: MichaelderBeste2|Spikes\n|move|p2a: Hippowdon|Stealth Rock|p1a: Skarmory\n|-sidestart|p1: pizzalover420|move: Stealth Rock\n|\n|-weather|Sandstorm|[upkeep]\n|upkeep\n|turn|6\n|\n|t:|1649261578\n|switch|p2a: Skarmory|Skarmory, F|100\/100\n|-damage|p2a: Skarmory|88\/100|[from] Stealth Rock\n|move|p1a: Skarmory|Whirlwind|p2a: Skarmory\n|drag|p2a: Jirachi|Jirachi|100\/100\n|-damage|p2a: Jirachi|88\/100|[from] Spikes\n|-damage|p2a: Jirachi|82\/100|[from] Stealth Rock\n|\n|-weather|Sandstorm|[upkeep]\n|-heal|p2a: Jirachi|88\/100|[from] item: Leftovers\n|upkeep\n|turn|7\n|\n|t:|1649261581\n|move|p2a: Jirachi|Fire Punch|p1a: Skarmory\n|-supereffective|p1a: Skarmory\n|-damage|p1a: Skarmory|71\/100\n|move|p1a: Skarmory|Whirlwind|p2a: Jirachi\n|drag|p2a: Tyranitar|Tyranitar, F|100\/100\n|-damage|p2a: Tyranitar|88\/100|[from] Spikes\n|-damage|p2a: Tyranitar|76\/100|[from] Stealth Rock\n|\n|-weather|Sandstorm|[upkeep]\n|-heal|p1a: Skarmory|77\/100|[from] item: Leftovers\n|upkeep\n|turn|8\n|\n|t:|1649261589\n|move|p2a: Tyranitar|Stone Edge|p1a: Skarmory\n|-damage|p1a: Skarmory|39\/100\n|move|p1a: Skarmory|Roost|p1a: Skarmory\n|-heal|p1a: Skarmory|89\/100\n|-singleturn|p1a: Skarmory|move: Roost\n|\n|-weather|Sandstorm|[upkeep]\n|-heal|p1a: Skarmory|95\/100|[from] item: Leftovers\n|upkeep\n|turn|9\n|\n|t:|1649261591\n|move|p2a: Tyranitar|Stone Edge|p1a: Skarmory\n|-crit|p1a: Skarmory\n|-damage|p1a: Skarmory|18\/100\n|move|p1a: Skarmory|Spikes|p2a: Tyranitar\n|-sidestart|p2: MichaelderBeste2|Spikes\n|\n|-weather|Sandstorm|[upkeep]\n|-heal|p1a: Skarmory|24\/100|[from] item: Leftovers\n|upkeep\n|turn|10\n|\n|t:|1649261596\n|switch|p1a: Flygon|Flygon, M|100\/100\n|-damage|p1a: Flygon|95\/100|[from] Stealth Rock\n|move|p2a: Tyranitar|Stone Edge|p1a: Flygon\n|-resisted|p1a: Flygon\n|-damage|p1a: Flygon|55\/100\n|\n|-weather|Sandstorm|[upkeep]\n|upkeep\n|turn|11\n|\n|t:|1649261619\n|switch|p2a: Clefable|Clefable, F|100\/100\n|move|p1a: Flygon|Roost|p1a: Flygon\n|-heal|p1a: Flygon|100\/100\n|-singleturn|p1a: Flygon|move: Roost\n|\n|-weather|Sandstorm|[upkeep]\n|upkeep\n|turn|12\n|\n|t:|1649261623\n|switch|p1a: Skarmory|Skarmory, M|24\/100\n|-damage|p1a: Skarmory|12\/100|[from] Stealth Rock\n|move|p2a: Clefable|Knock Off|p1a: Skarmory\n|-resisted|p1a: Skarmory\n|-damage|p1a: Skarmory|11\/100\n|-enditem|p1a: Skarmory|Leftovers|[from] move: Knock Off|[of] p2a: Clefable\n|\n|-weather|Sandstorm|[upkeep]\n|upkeep\n|turn|13\n|\n|t:|1649261626\n|move|p1a: Skarmory|Roost|p1a: Skarmory\n|-heal|p1a: Skarmory|61\/100\n|-singleturn|p1a: Skarmory|move: Roost\n|move|p2a: Clefable|Thunder Wave|p1a: Skarmory\n|-status|p1a: Skarmory|par\n|\n|-weather|Sandstorm|[upkeep]\n|upkeep\n|turn|14\n|\n|t:|1649261630\n|move|p2a: Clefable|Seismic Toss|p1a: Skarmory\n|-damage|p1a: Skarmory|31\/100 par\n|move|p1a: Skarmory|Roost|p1a: Skarmory\n|-heal|p1a: Skarmory|81\/100 par\n|-singleturn|p1a: Skarmory|move: Roost\n|\n|-weather|Sandstorm|[upkeep]\n|upkeep\n|turn|15\n|\n|t:|1649261634\n|switch|p2a: Skarmory|Skarmory, F|88\/100\n|-damage|p2a: Skarmory|76\/100|[from] Stealth Rock\n|move|p1a: Skarmory|Roost|p1a: Skarmory\n|-heal|p1a: Skarmory|100\/100 par\n|-singleturn|p1a: Skarmory|move: Roost\n|\n|-weather|Sandstorm|[upkeep]\n|upkeep\n|turn|16\n|\n|t:|1649261642\n|move|p2a: Skarmory|Spikes|p1a: Skarmory\n|-sidestart|p1: pizzalover420|Spikes\n|move|p1a: Skarmory|Spikes|p2a: Skarmory\n|-sidestart|p2: MichaelderBeste2|Spikes\n|\n|-weather|Sandstorm|[upkeep]\n|upkeep\n|turn|17\n|\n|t:|1649261645\n|move|p2a: Skarmory|Spikes|p1a: Skarmory\n|-sidestart|p1: pizzalover420|Spikes\n|move|p1a: Skarmory|Whirlwind|p2a: Skarmory\n|drag|p2a: Hippowdon|Hippowdon, F|100\/100\n|-damage|p2a: Hippowdon|75\/100|[from] Spikes\n|-damage|p2a: Hippowdon|69\/100|[from] Stealth Rock\n|\n|-weather|Sandstorm|[upkeep]\n|-heal|p2a: Hippowdon|75\/100|[from] item: Leftovers\n|upkeep\n|turn|18\n|\n|t:|1649261652\n|move|p2a: Hippowdon|Roar|p1a: Skarmory\n|drag|p1a: Latias|Latias, F|100\/100\n|-damage|p1a: Latias|88\/100|[from] Stealth Rock\n|\n|-weather|Sandstorm|[upkeep]\n|-damage|p1a: Latias|82\/100|[from] Sandstorm\n|-heal|p1a: Latias|88\/100|[from] item: Leftovers\n|-heal|p2a: Hippowdon|82\/100|[from] item: Leftovers\n|upkeep\n|turn|19\n|\n|t:|1649261660\n|switch|p1a: Skarmory|Skarmory, M|100\/100 par\n|-damage|p1a: Skarmory|88\/100 par|[from] Stealth Rock\n|switch|p2a: Clefable|Clefable, F|100\/100\n|\n|-weather|Sandstorm|[upkeep]\n|upkeep\n|turn|20\n|\n|t:|1649261663\n|move|p2a: Clefable|Seismic Toss|p1a: Skarmory\n|-damage|p1a: Skarmory|58\/100 par\n|cant|p1a: Skarmory|par\n|\n|-weather|Sandstorm|[upkeep]\n|upkeep\n|turn|21\n|\n|t:|1649261666\n|move|p2a: Clefable|Seismic Toss|p1a: Skarmory\n|-damage|p1a: Skarmory|28\/100 par\n|move|p1a: Skarmory|Roost|p1a: Skarmory\n|-heal|p1a: Skarmory|78\/100 par\n|-singleturn|p1a: Skarmory|move: Roost\n|\n|-weather|Sandstorm|[upkeep]\n|upkeep\n|turn|22\n|\n|t:|1649261668\n|move|p2a: Clefable|Seismic Toss|p1a: Skarmory\n|-damage|p1a: Skarmory|48\/100 par\n|move|p1a: Skarmory|Roost|p1a: Skarmory\n|-heal|p1a: Skarmory|98\/100 par\n|-singleturn|p1a: Skarmory|move: Roost\n|\n|-weather|Sandstorm|[upkeep]\n|upkeep\n|turn|23\n|\n|t:|1649261670\n|move|p2a: Clefable|Seismic Toss|p1a: Skarmory\n|-damage|p1a: Skarmory|68\/100 par\n|move|p1a: Skarmory|Whirlwind|p2a: Clefable\n|drag|p2a: Hippowdon|Hippowdon, F|82\/100\n|-damage|p2a: Hippowdon|75\/100|[from] Stealth Rock\n|-damage|p2a: Hippowdon|50\/100|[from] Spikes\n|\n|-weather|Sandstorm|[upkeep]\n|-heal|p2a: Hippowdon|57\/100|[from] item: Leftovers\n|upkeep\n|turn|24\n|\n|t:|1649261673\n|move|p2a: Hippowdon|Slack Off|p2a: Hippowdon\n|-heal|p2a: Hippowdon|100\/100\n|move|p1a: Skarmory|Whirlwind|p2a: Hippowdon\n|drag|p2a: Clefable|Clefable, F|100\/100\n|\n|-weather|Sandstorm|[upkeep]\n|upkeep\n|turn|25\n|\n|t:|1649261676\n|move|p2a: Clefable|Knock Off|p1a: Skarmory\n|-resisted|p1a: Skarmory\n|-damage|p1a: Skarmory|67\/100 par\n|move|p1a: Skarmory|Roost|p1a: Skarmory\n|-heal|p1a: Skarmory|100\/100 par\n|-singleturn|p1a: Skarmory|move: Roost\n|\n|-weather|Sandstorm|[upkeep]\n|upkeep\n|turn|26\n|\n|t:|1649261679\n|move|p2a: Clefable|Thunder Wave|p1a: Skarmory\n|-fail|p1a: Skarmory|par\n|move|p1a: Skarmory|Whirlwind|p2a: Clefable\n|drag|p2a: Hippowdon|Hippowdon, F|100\/100\n|-damage|p2a: Hippowdon|94\/100|[from] Stealth Rock\n|-damage|p2a: Hippowdon|69\/100|[from] Spikes\n|\n|-weather|Sandstorm|[upkeep]\n|-heal|p2a: Hippowdon|75\/100|[from] item: Leftovers\n|upkeep\n|turn|27\n|\n|t:|1649261681\n|move|p2a: Hippowdon|Roar|p1a: Skarmory\n|drag|p1a: Lucario|Lucario, F|100\/100\n|-damage|p1a: Lucario|98\/100|[from] Stealth Rock\n|-damage|p1a: Lucario|81\/100|[from] Spikes\n|\n|-weather|Sandstorm|[upkeep]\n|-heal|p2a: Hippowdon|82\/100|[from] item: Leftovers\n|upkeep\n|turn|28\n|\n|t:|1649261691\n|move|p1a: Lucario|Copycat|p1a: Lucario\n|move|p1a: Lucario|Roar|p2a: Hippowdon|[from]move: Copycat\n|drag|p2a: Latias|Latias, F|100\/100\n|-damage|p2a: Latias|88\/100|[from] Stealth Rock\n|\n|-weather|Sandstorm|[upkeep]\n|-damage|p2a: Latias|82\/100|[from] Sandstorm\n|-heal|p2a: Latias|88\/100|[from] item: Leftovers\n|upkeep\n|turn|29\n|\n|t:|1649261699\n|move|p1a: Lucario|Copycat|p1a: Lucario\n|move|p1a: Lucario|Roar|p2a: Latias|[from]move: Copycat\n|drag|p2a: Jirachi|Jirachi|88\/100\n|-damage|p2a: Jirachi|63\/100|[from] Spikes\n|-damage|p2a: Jirachi|57\/100|[from] Stealth Rock\n|\n|-weather|Sandstorm|[upkeep]\n|-heal|p2a: Jirachi|63\/100|[from] item: Leftovers\n|upkeep\n|turn|30\n|\n|t:|1649261712\n|move|p1a: Lucario|Copycat|p1a: Lucario\n|move|p1a: Lucario|Roar|p2a: Jirachi|[from]move: Copycat\n|drag|p2a: Tyranitar|Tyranitar, F|76\/100\n|-damage|p2a: Tyranitar|64\/100|[from] Stealth Rock\n|-damage|p2a: Tyranitar|39\/100|[from] Spikes\n|\n|-weather|Sandstorm|[upkeep]\n|upkeep\n|turn|31\n|\n|t:|1649261718\n|move|p1a: Lucario|Copycat|p1a: Lucario\n|move|p1a: Lucario|Roar|p2a: Tyranitar|[from]move: Copycat\n|drag|p2a: Clefable|Clefable, F|100\/100\n|\n|-weather|Sandstorm|[upkeep]\n|upkeep\n|turn|32\n|\n|t:|1649261722\n|move|p1a: Lucario|Copycat|p1a: Lucario\n|move|p1a: Lucario|Roar|p2a: Clefable|[from]move: Copycat\n|drag|p2a: Jirachi|Jirachi|63\/100\n|-damage|p2a: Jirachi|57\/100|[from] Stealth Rock\n|-damage|p2a: Jirachi|33\/100|[from] Spikes\n|\n|-weather|Sandstorm|[upkeep]\n|-heal|p2a: Jirachi|39\/100|[from] item: Leftovers\n|upkeep\n|turn|33\n|\n|t:|1649261724\n|move|p1a: Lucario|Copycat|p1a: Lucario\n|move|p1a: Lucario|Roar|p2a: Jirachi|[from]move: Copycat\n|drag|p2a: Skarmory|Skarmory, F|76\/100\n|-damage|p2a: Skarmory|64\/100|[from] Stealth Rock\n|\n|-weather|Sandstorm|[upkeep]\n|upkeep\n|turn|34\n|\n|t:|1649261729\n|move|p1a: Lucario|Copycat|p1a: Lucario\n|move|p1a: Lucario|Roar|p2a: Skarmory|[from]move: Copycat\n|drag|p2a: Tyranitar|Tyranitar, F|39\/100\n|-damage|p2a: Tyranitar|14\/100|[from] Spikes\n|-damage|p2a: Tyranitar|2\/100|[from] Stealth Rock\n|\n|-weather|Sandstorm|[upkeep]\n|upkeep\n|turn|35\n|\n|t:|1649261732\n|move|p1a: Lucario|Copycat|p1a: Lucario\n|move|p1a: Lucario|Roar|p2a: Tyranitar|[from]move: Copycat\n|drag|p2a: Clefable|Clefable, F|100\/100\n|\n|-weather|Sandstorm|[upkeep]\n|upkeep\n|turn|36\n|\n|t:|1649261734\n|move|p1a: Lucario|Copycat|p1a: Lucario\n|move|p1a: Lucario|Roar|p2a: Clefable|[from]move: Copycat\n|drag|p2a: Hippowdon|Hippowdon, F|82\/100\n|-damage|p2a: Hippowdon|57\/100|[from] Spikes\n|-damage|p2a: Hippowdon|50\/100|[from] Stealth Rock\n|\n|-weather|Sandstorm|[upkeep]\n|-heal|p2a: Hippowdon|57\/100|[from] item: Leftovers\n|upkeep\n|turn|37\n|\n|t:|1649261737\n|move|p1a: Lucario|Copycat|p1a: Lucario\n|move|p1a: Lucario|Roar|p2a: Hippowdon|[from]move: Copycat\n|drag|p2a: Clefable|Clefable, F|100\/100\n|\n|-weather|Sandstorm|[upkeep]\n|upkeep\n|turn|38\n|\n|t:|1649261740\n|move|p1a: Lucario|Copycat|p1a: Lucario\n|move|p1a: Lucario|Roar|p2a: Clefable|[from]move: Copycat\n|drag|p2a: Jirachi|Jirachi|39\/100\n|-damage|p2a: Jirachi|33\/100|[from] Stealth Rock\n|-damage|p2a: Jirachi|8\/100|[from] Spikes\n|\n|-weather|Sandstorm|[upkeep]\n|-heal|p2a: Jirachi|14\/100|[from] item: Leftovers\n|upkeep\n|turn|39\n|\n|t:|1649261744\n|move|p1a: Lucario|Copycat|p1a: Lucario\n|move|p1a: Lucario|Roar|p2a: Jirachi|[from]move: Copycat\n|drag|p2a: Hippowdon|Hippowdon, F|57\/100\n|-damage|p2a: Hippowdon|50\/100|[from] Stealth Rock\n|-damage|p2a: Hippowdon|25\/100|[from] Spikes\n|\n|-weather|Sandstorm|[upkeep]\n|-heal|p2a: Hippowdon|32\/100|[from] item: Leftovers\n|upkeep\n|turn|40\n|\n|t:|1649261747\n|move|p1a: Lucario|Copycat|p1a: Lucario\n|move|p1a: Lucario|Roar|p2a: Hippowdon|[from]move: Copycat\n|drag|p2a: Latias|Latias, F|88\/100\n|-damage|p2a: Latias|76\/100|[from] Stealth Rock\n|\n|-weather|Sandstorm|[upkeep]\n|-damage|p2a: Latias|70\/100|[from] Sandstorm\n|-heal|p2a: Latias|76\/100|[from] item: Leftovers\n|upkeep\n|turn|41\n|\n|t:|1649261750\n|move|p1a: Lucario|Copycat|p1a: Lucario\n|move|p1a: Lucario|Roar|p2a: Latias|[from]move: Copycat\n|drag|p2a: Hippowdon|Hippowdon, F|32\/100\n|-damage|p2a: Hippowdon|7\/100|[from] Spikes\n|-damage|p2a: Hippowdon|0 fnt|[from] Stealth Rock\n|faint|p2a: Hippowdon\n|\n|-weather|Sandstorm|[upkeep]\n|upkeep\n|\n|t:|1649261762\n|switch|p2a: Latias|Latias, F|76\/100\n|-damage|p2a: Latias|63\/100|[from] Stealth Rock\n|turn|42\n|\n|t:|1649261764\n|move|p1a: Lucario|Copycat|p1a: Lucario\n|move|p1a: Lucario|Roar|p2a: Latias|[from]move: Copycat\n|drag|p2a: Tyranitar|Tyranitar, F|2\/100\n|-damage|p2a: Tyranitar|0 fnt|[from] Stealth Rock\n|faint|p2a: Tyranitar\n|\n|-weather|Sandstorm|[upkeep]\n|upkeep\n|\n|t:|1649261776\n|switch|p2a: Clefable|Clefable, F|100\/100\n|turn|43\n|\n|t:|1649261779\n|move|p1a: Lucario|Copycat|p1a: Lucario\n|move|p1a: Lucario|Roar|p2a: Clefable|[from]move: Copycat\n|drag|p2a: Skarmory|Skarmory, F|64\/100\n|-damage|p2a: Skarmory|51\/100|[from] Stealth Rock\n|\n|-weather|Sandstorm|[upkeep]\n|upkeep\n|turn|44\n|\n|t:|1649261782\n|move|p1a: Lucario|Copycat|p1a: Lucario\n|move|p1a: Lucario|Roar|p2a: Skarmory|[from]move: Copycat\n|drag|p2a: Jirachi|Jirachi|14\/100\n|-damage|p2a: Jirachi|8\/100|[from] Stealth Rock\n|-damage|p2a: Jirachi|0 fnt|[from] Spikes\n|faint|p2a: Jirachi\n|\n|-weather|Sandstorm|[upkeep]\n|upkeep\n|\n|t:|1649261786\n|switch|p2a: Clefable|Clefable, F|100\/100\n|turn|45\n|\n|t:|1649261788\n|move|p1a: Lucario|Copycat|p1a: Lucario\n|move|p1a: Lucario|Roar|p2a: Clefable|[from]move: Copycat\n|drag|p2a: Skarmory|Skarmory, F|51\/100\n|-damage|p2a: Skarmory|39\/100|[from] Stealth Rock\n|\n|-weather|Sandstorm|[upkeep]\n|upkeep\n|turn|46\n|\n|t:|1649261790\n|move|p1a: Lucario|Copycat|p1a: Lucario\n|move|p1a: Lucario|Roar|p2a: Skarmory|[from]move: Copycat\n|drag|p2a: Latias|Latias, F|63\/100\n|-damage|p2a: Latias|51\/100|[from] Stealth Rock\n|\n|-weather|Sandstorm|[upkeep]\n|-damage|p2a: Latias|45\/100|[from] Sandstorm\n|-heal|p2a: Latias|51\/100|[from] item: Leftovers\n|upkeep\n|turn|47\n|\n|t:|1649261793\n|move|p1a: Lucario|Copycat|p1a: Lucario\n|move|p1a: Lucario|Roar|p2a: Latias|[from]move: Copycat\n|drag|p2a: Skarmory|Skarmory, F|39\/100\n|-damage|p2a: Skarmory|27\/100|[from] Stealth Rock\n|\n|-weather|Sandstorm|[upkeep]\n|upkeep\n|turn|48\n|\n|t:|1649261795\n|move|p1a: Lucario|Copycat|p1a: Lucario\n|move|p1a: Lucario|Roar|p2a: Skarmory|[from]move: Copycat\n|drag|p2a: Latias|Latias, F|51\/100\n|-damage|p2a: Latias|39\/100|[from] Stealth Rock\n|\n|-weather|Sandstorm|[upkeep]\n|-damage|p2a: Latias|33\/100|[from] Sandstorm\n|-heal|p2a: Latias|39\/100|[from] item: Leftovers\n|upkeep\n|turn|49\n|\n|t:|1649261798\n|move|p1a: Lucario|Copycat|p1a: Lucario\n|move|p1a: Lucario|Roar|p2a: Latias|[from]move: Copycat\n|drag|p2a: Skarmory|Skarmory, F|27\/100\n|-damage|p2a: Skarmory|15\/100|[from] Stealth Rock\n|\n|-weather|Sandstorm|[upkeep]\n|upkeep\n|turn|50\n|\n|t:|1649261800\n|move|p1a: Lucario|Copycat|p1a: Lucario\n|move|p1a: Lucario|Roar|p2a: Skarmory|[from]move: Copycat\n|drag|p2a: Latias|Latias, F|39\/100\n|-damage|p2a: Latias|26\/100|[from] Stealth Rock\n|\n|-weather|Sandstorm|[upkeep]\n|-damage|p2a: Latias|20\/100|[from] Sandstorm\n|-heal|p2a: Latias|26\/100|[from] item: Leftovers\n|upkeep\n|turn|51\n|\n|t:|1649261802\n|move|p1a: Lucario|Copycat|p1a: Lucario\n|move|p1a: Lucario|Roar|p2a: Latias|[from]move: Copycat\n|drag|p2a: Skarmory|Skarmory, F|15\/100\n|-damage|p2a: Skarmory|2\/100|[from] Stealth Rock\n|\n|-weather|Sandstorm|[upkeep]\n|upkeep\n|turn|52\n|\n|t:|1649261804\n|move|p1a: Lucario|Copycat|p1a: Lucario\n|move|p1a: Lucario|Roar|p2a: Skarmory|[from]move: Copycat\n|drag|p2a: Latias|Latias, F|26\/100\n|-damage|p2a: Latias|14\/100|[from] Stealth Rock\n|\n|-weather|Sandstorm|[upkeep]\n|-damage|p2a: Latias|8\/100|[from] Sandstorm\n|-heal|p2a: Latias|14\/100|[from] item: Leftovers\n|upkeep\n|turn|53\n|\n|t:|1649261807\n|move|p1a: Lucario|Copycat|p1a: Lucario\n|move|p1a: Lucario|Roar|p2a: Latias|[from]move: Copycat\n|drag|p2a: Clefable|Clefable, F|100\/100\n|\n|-weather|Sandstorm|[upkeep]\n|upkeep\n|turn|54\n|\n|t:|1649261811\n|move|p1a: Lucario|Copycat|p1a: Lucario\n|move|p1a: Lucario|Roar|p2a: Clefable|[from]move: Copycat\n|drag|p2a: Skarmory|Skarmory, F|2\/100\n|-damage|p2a: Skarmory|0 fnt|[from] Stealth Rock\n|faint|p2a: Skarmory\n|\n|-weather|Sandstorm|[upkeep]\n|upkeep\n|\n|t:|1649261814\n|switch|p2a: Clefable|Clefable, F|100\/100\n|turn|55\n|\n|t:|1649261816\n|move|p1a: Lucario|Copycat|p1a: Lucario\n|move|p1a: Lucario|Roar|p2a: Clefable|[from]move: Copycat\n|drag|p2a: Latias|Latias, F|14\/100\n|-damage|p2a: Latias|2\/100|[from] Stealth Rock\n|\n|-weather|Sandstorm|[upkeep]\n|-damage|p2a: Latias|0 fnt|[from] Sandstorm\n|faint|p2a: Latias\n|upkeep\n|-message|MichaelderBeste2 forfeited.\n|\n|win|pizzalover420\n|n|\u2606pizzalover420|pizzalover420\n|n|\u2606MichaelderBeste2|michaelderbeste2\n|n|*Lady Monita \u273f|ladymonita\n|n| CherylBlossom75|cherylblossom75\n|l|*Lady Monita \u273f\n|l|\u2606MichaelderBeste2\n|l|\u2606pizzalover420\n|j|+heroictobias\n|l| CherylBlossom75\n|l|+heroictobias\n|j| kennedytnt123\n|l| kennedytnt123\n|j|%J0rdy004 \u266b@!\n|l|%J0rdy004 \u266b\n|j| elizabeth jennings\n","uploadtime":1649261824,"views":45,"p1id":"pizzalover420","p2id":"michaelderbeste2","formatid":"gen4ou","rating":0,"private":0,"password":null}