{"id":"gen4ou-1381987865","p1":"BaddyGames","p2":"SickLiepard","format":"gen4ou","log":"|j|\u2606BaddyGames\n|j|\u2606SickLiepard\n|inactive|Battle timer is ON: inactive players will automatically lose when time's up.\n|t:|1626965651\n|gametype|singles\n|player|p1|BaddyGames|275|\n|player|p2|SickLiepard|154|\n|teamsize|p1|6\n|teamsize|p2|6\n|gen|4\n|tier|[Gen 4] OU\n|rated|Tournament battle\n|rule|Sleep Clause Mod: Limit one foe put to sleep\n|rule|Species Clause: Limit one of each Pok\u00e9mon\n|rule|OHKO Clause: OHKO moves are banned\n|rule|Evasion Moves Clause: Evasion moves are banned\n|rule|Endless Battle Clause: Forcing endless battles is banned\n|rule|HP Percentage Mod: HP is shown in percentages\n|\n|t:|1626965651\n|start\n|switch|p1a: Machamp|Machamp, M|100\/100\n|switch|p2a: penguinz0|Empoleon, F|100\/100\n|turn|1\n|j|*Lady Monita\n|c|\u2606SickLiepard|glhf\n|j| TortlesxRawr\n|j| joey milktank\n|j| Stars and light\n|c|\u2606BaddyGames|u2\n|\n|t:|1626965657\n|switch|p2a: Joker|Gengar, M|100\/100\n|move|p1a: Machamp|Dynamic Punch|p2a: Joker\n|-immune|p2a: Joker\n|\n|upkeep\n|turn|2\n|j| MechaTronic42\n|\n|t:|1626965661\n|move|p2a: Joker|Shadow Ball|p1a: Machamp\n|-damage|p1a: Machamp|51\/100\n|move|p1a: Machamp|Payback|p2a: Joker\n|-supereffective|p2a: Joker\n|-damage|p2a: Joker|1\/100\n|-enditem|p2a: Joker|Focus Sash\n|\n|upkeep\n|turn|3\n|j| yeeeeeeeeetss\n|\n|t:|1626965668\n|move|p1a: Machamp|Bullet Punch|p2a: Joker\n|-damage|p2a: Joker|0 fnt\n|faint|p2a: Joker\n|\n|upkeep\n|j| MaximelaBranche\n|j| Vitoran \u2642\n|\n|t:|1626965671\n|switch|p2a: beyblade|Hitmontop, M|100\/100\n|-ability|p2a: beyblade|Intimidate|boost\n|-unboost|p1a: Machamp|atk|1\n|turn|4\n|l| yeeeeeeeeetss\n|\n|t:|1626965674\n|move|p1a: Machamp|Dynamic Punch|p2a: beyblade\n|-damage|p2a: beyblade|54\/100\n|-start|p2a: beyblade|confusion\n|-activate|p2a: beyblade|confusion\n|-damage|p2a: beyblade|39\/100|[from] confusion\n|\n|-heal|p2a: beyblade|46\/100|[from] item: Leftovers\n|upkeep\n|turn|5\n|\n|t:|1626965678\n|move|p1a: Machamp|Dynamic Punch|p2a: beyblade\n|-damage|p2a: beyblade|0 fnt\n|faint|p2a: beyblade\n|\n|upkeep\n|c|\u2606SickLiepard|i did not expect that to outspeed me\n|j| ItsAmazingH\n|\n|t:|1626965687\n|switch|p2a: Birdemic|Zapdos|100\/100\n|-ability|p2a: Birdemic|Pressure\n|turn|6\n|j| Devil Yvetal\n|\n|t:|1626965694\n|switch|p1a: Tyranitar|Tyranitar, M|100\/100\n|-weather|Sandstorm|[from] ability: Sand Stream|[of] p1a: Tyranitar\n|move|p2a: Birdemic|Discharge|p1a: Tyranitar\n|-damage|p1a: Tyranitar|80\/100\n|\n|-weather|Sandstorm|[upkeep]\n|-damage|p2a: Birdemic|94\/100|[from] Sandstorm\n|-heal|p2a: Birdemic|100\/100|[from] item: Leftovers\n|upkeep\n|turn|7\n|\n|t:|1626965699\n|-activate|p2a: Birdemic|move: Pursuit\n|move|p1a: Tyranitar|Pursuit|p2a: Birdemic|[from]Pursuit\n|-damage|p2a: Birdemic|29\/100\n|switch|p2a: penguinz0|Empoleon, F|100\/100\n|\n|-weather|Sandstorm|[upkeep]\n|upkeep\n|turn|8\n|\n|t:|1626965703\n|switch|p1a: Machamp|Machamp, M|51\/100\n|move|p2a: penguinz0|Surf|p1a: Machamp\n|-damage|p1a: Machamp|0 fnt\n|faint|p1a: Machamp\n|\n|-weather|Sandstorm|[upkeep]\n|upkeep\n|\n|t:|1626965707\n|switch|p1a: Starmie|Starmie|100\/100\n|turn|9\n|\n|t:|1626965710\n|move|p1a: Starmie|Thunderbolt|p2a: penguinz0\n|-supereffective|p2a: penguinz0\n|-damage|p2a: penguinz0|55\/100\n|move|p2a: penguinz0|Grass Knot|p1a: Starmie\n|-supereffective|p1a: Starmie\n|-crit|p1a: Starmie\n|-damage|p1a: Starmie|0 fnt\n|faint|p1a: Starmie\n|\n|-weather|Sandstorm|[upkeep]\n|upkeep\n|\n|t:|1626965733\n|switch|p1a: Celebi|Celebi|100\/100\n|turn|10\n|\n|t:|1626965738\n|switch|p2a: Birdemic|Zapdos|29\/100\n|-ability|p2a: Birdemic|Pressure\n|move|p1a: Celebi|Stealth Rock|p2a: Birdemic\n|-sidestart|p2: SickLiepard|move: Stealth Rock\n|\n|-weather|Sandstorm|[upkeep]\n|-damage|p1a: Celebi|94\/100|[from] Sandstorm\n|-damage|p2a: Birdemic|23\/100|[from] Sandstorm\n|-heal|p1a: Celebi|100\/100|[from] item: Leftovers\n|-heal|p2a: Birdemic|29\/100|[from] item: Leftovers\n|upkeep\n|turn|11\n|\n|t:|1626965743\n|switch|p1a: Tyranitar|Tyranitar, M|80\/100\n|move|p2a: Birdemic|Roost|p2a: Birdemic\n|-heal|p2a: Birdemic|79\/100\n|-singleturn|p2a: Birdemic|move: Roost\n|\n|-weather|Sandstorm|[upkeep]\n|-damage|p2a: Birdemic|73\/100|[from] Sandstorm\n|-heal|p2a: Birdemic|79\/100|[from] item: Leftovers\n|upkeep\n|turn|12\n|\n|t:|1626965746\n|move|p2a: Birdemic|Toxic|p1a: Tyranitar|[miss]\n|-miss|p2a: Birdemic|p1a: Tyranitar\n|move|p1a: Tyranitar|Crunch|p2a: Birdemic\n|-damage|p2a: Birdemic|10\/100\n|-unboost|p2a: Birdemic|def|1\n|\n|-weather|Sandstorm|[upkeep]\n|-damage|p2a: Birdemic|4\/100|[from] Sandstorm\n|-heal|p2a: Birdemic|10\/100|[from] item: Leftovers\n|upkeep\n|turn|13\n|\n|t:|1626965752\n|move|p2a: Birdemic|Discharge|p1a: Tyranitar\n|-damage|p1a: Tyranitar|60\/100\n|-status|p1a: Tyranitar|par\n|move|p1a: Tyranitar|Crunch|p2a: Birdemic\n|-crit|p2a: Birdemic\n|-damage|p2a: Birdemic|0 fnt\n|faint|p2a: Birdemic\n|\n|-weather|Sandstorm|[upkeep]\n|upkeep\n|\n|t:|1626965756\n|switch|p2a: snickers|Umbreon, F|100\/100\n|-damage|p2a: snickers|88\/100|[from] Stealth Rock\n|turn|14\n|\n|t:|1626965763\n|switch|p1a: Jirachi|Jirachi|100\/100\n|move|p2a: snickers|Curse|p2a: snickers\n|-unboost|p2a: snickers|spe|1\n|-boost|p2a: snickers|atk|1\n|-boost|p2a: snickers|def|1\n|\n|-weather|Sandstorm|[upkeep]\n|-damage|p2a: snickers|82\/100|[from] Sandstorm\n|-heal|p2a: snickers|88\/100|[from] item: Leftovers\n|upkeep\n|turn|15\n|\n|t:|1626965769\n|move|p1a: Jirachi|Iron Head|p2a: snickers\n|-damage|p2a: snickers|73\/100\n|cant|p2a: snickers|flinch\n|\n|-weather|Sandstorm|[upkeep]\n|-damage|p2a: snickers|67\/100|[from] Sandstorm\n|-heal|p2a: snickers|73\/100|[from] item: Leftovers\n|upkeep\n|turn|16\n|\n|t:|1626965773\n|move|p1a: Jirachi|Iron Head|p2a: snickers\n|-damage|p2a: snickers|59\/100\n|move|p2a: snickers|Curse|p2a: snickers\n|-unboost|p2a: snickers|spe|1\n|-boost|p2a: snickers|atk|1\n|-boost|p2a: snickers|def|1\n|\n|-weather|Sandstorm|[upkeep]\n|-damage|p2a: snickers|53\/100|[from] Sandstorm\n|-heal|p2a: snickers|59\/100|[from] item: Leftovers\n|upkeep\n|turn|17\n|j| sandygamer.yt\n|\n|t:|1626965776\n|move|p1a: Jirachi|Iron Head|p2a: snickers\n|-damage|p2a: snickers|48\/100\n|move|p2a: snickers|Rest|p2a: snickers\n|-status|p2a: snickers|slp|[from] move: Rest\n|-heal|p2a: snickers|100\/100 slp|[silent]\n|\n|-weather|Sandstorm|[upkeep]\n|-damage|p2a: snickers|94\/100 slp|[from] Sandstorm\n|-heal|p2a: snickers|100\/100 slp|[from] item: Leftovers\n|upkeep\n|turn|18\n|j| zokua\n|l| zokua\n|\n|t:|1626965781\n|switch|p1a: Tyranitar|Tyranitar, M|60\/100 par\n|cant|p2a: snickers|slp\n|move|p2a: snickers|Sleep Talk|p2a: snickers\n|move|p2a: snickers|Rest||[from]move: Sleep Talk|[still]\n|-fail|p2a: snickers\n|\n|-weather|Sandstorm|[upkeep]\n|-damage|p2a: snickers|94\/100 slp|[from] Sandstorm\n|-heal|p2a: snickers|100\/100 slp|[from] item: Leftovers\n|upkeep\n|turn|19\n|\n|t:|1626965787\n|cant|p2a: snickers|slp\n|move|p2a: snickers|Sleep Talk|p2a: snickers\n|move|p2a: snickers|Curse|p2a: snickers|[from]move: Sleep Talk\n|-unboost|p2a: snickers|spe|1\n|-boost|p2a: snickers|atk|1\n|-boost|p2a: snickers|def|1\n|move|p1a: Tyranitar|Superpower|p2a: snickers\n|-supereffective|p2a: snickers\n|-damage|p2a: snickers|58\/100 slp\n|-unboost|p1a: Tyranitar|atk|1\n|-unboost|p1a: Tyranitar|def|1\n|\n|-weather|Sandstorm|[upkeep]\n|-damage|p2a: snickers|52\/100 slp|[from] Sandstorm\n|-heal|p2a: snickers|58\/100 slp|[from] item: Leftovers\n|upkeep\n|turn|20\n|\n|t:|1626965795\n|-curestatus|p2a: snickers|slp|[msg]\n|move|p2a: snickers|Payback|p1a: Tyranitar\n|-resisted|p1a: Tyranitar\n|-damage|p1a: Tyranitar|43\/100 par\n|move|p1a: Tyranitar|Superpower|p2a: snickers\n|-supereffective|p2a: snickers\n|-damage|p2a: snickers|25\/100\n|-unboost|p1a: Tyranitar|atk|1\n|-unboost|p1a: Tyranitar|def|1\n|\n|-weather|Sandstorm|[upkeep]\n|-damage|p2a: snickers|19\/100|[from] Sandstorm\n|-heal|p2a: snickers|25\/100|[from] item: Leftovers\n|upkeep\n|turn|21\n|\n|t:|1626965802\n|switch|p1a: Jirachi|Jirachi|100\/100\n|move|p2a: snickers|Rest|p2a: snickers\n|-status|p2a: snickers|slp|[from] move: Rest\n|-heal|p2a: snickers|100\/100 slp|[silent]\n|\n|-weather|Sandstorm|[upkeep]\n|-damage|p2a: snickers|94\/100 slp|[from] Sandstorm\n|-heal|p2a: snickers|100\/100 slp|[from] item: Leftovers\n|upkeep\n|turn|22\n|\n|t:|1626965808\n|move|p1a: Jirachi|Iron Head|p2a: snickers\n|-damage|p2a: snickers|92\/100 slp\n|cant|p2a: snickers|slp\n|cant|p2a: snickers|flinch\n|\n|-weather|Sandstorm|[upkeep]\n|-damage|p2a: snickers|86\/100 slp|[from] Sandstorm\n|-heal|p2a: snickers|92\/100 slp|[from] item: Leftovers\n|upkeep\n|turn|23\n|\n|t:|1626965814\n|move|p1a: Jirachi|Iron Head|p2a: snickers\n|-damage|p2a: snickers|83\/100 slp\n|cant|p2a: snickers|slp\n|cant|p2a: snickers|flinch\n|\n|-weather|Sandstorm|[upkeep]\n|-damage|p2a: snickers|77\/100 slp|[from] Sandstorm\n|-heal|p2a: snickers|83\/100 slp|[from] item: Leftovers\n|upkeep\n|turn|24\n|\n|t:|1626965820\n|move|p1a: Jirachi|Iron Head|p2a: snickers\n|-crit|p2a: snickers\n|-damage|p2a: snickers|36\/100 slp\n|-curestatus|p2a: snickers|slp|[msg]\n|cant|p2a: snickers|flinch\n|\n|-weather|Sandstorm|[upkeep]\n|-damage|p2a: snickers|30\/100|[from] Sandstorm\n|-heal|p2a: snickers|36\/100|[from] item: Leftovers\n|upkeep\n|turn|25\n|l| sandygamer.yt\n|\n|t:|1626965822\n|move|p1a: Jirachi|Iron Head|p2a: snickers\n|-damage|p2a: snickers|27\/100\n|cant|p2a: snickers|flinch\n|\n|-weather|Sandstorm|[upkeep]\n|-damage|p2a: snickers|21\/100|[from] Sandstorm\n|-heal|p2a: snickers|27\/100|[from] item: Leftovers\n|upkeep\n|turn|26\n|\n|t:|1626965825\n|move|p1a: Jirachi|Iron Head|p2a: snickers\n|-damage|p2a: snickers|18\/100\n|cant|p2a: snickers|flinch\n|\n|-weather|Sandstorm|[upkeep]\n|-damage|p2a: snickers|12\/100|[from] Sandstorm\n|-heal|p2a: snickers|18\/100|[from] item: Leftovers\n|upkeep\n|turn|27\n|\n|t:|1626965826\n|move|p1a: Jirachi|Iron Head|p2a: snickers\n|-crit|p2a: snickers\n|-damage|p2a: snickers|0 fnt\n|faint|p2a: snickers\n|\n|-weather|Sandstorm|[upkeep]\n|upkeep\n|\n|t:|1626965829\n|switch|p2a: lances 3rd wife|Dragonite, F|100\/100\n|-damage|p2a: lances 3rd wife|76\/100|[from] Stealth Rock\n|turn|28\n|\n|t:|1626965834\n|move|p2a: lances 3rd wife|Earthquake|p1a: Jirachi\n|-supereffective|p1a: Jirachi\n|-damage|p1a: Jirachi|34\/100\n|move|p1a: Jirachi|Thunder Wave|p2a: lances 3rd wife\n|-status|p2a: lances 3rd wife|par\n|\n|-weather|Sandstorm|[upkeep]\n|-damage|p2a: lances 3rd wife|70\/100 par|[from] Sandstorm\n|-heal|p1a: Jirachi|40\/100|[from] item: Leftovers\n|upkeep\n|turn|29\n|\n|t:|1626965839\n|switch|p1a: Tyranitar|Tyranitar, M|43\/100 par\n|cant|p2a: lances 3rd wife|par\n|\n|-weather|Sandstorm|[upkeep]\n|-damage|p2a: lances 3rd wife|63\/100 par|[from] Sandstorm\n|upkeep\n|turn|30\n|\n|t:|1626965843\n|cant|p2a: lances 3rd wife|par\n|move|p1a: Tyranitar|Pursuit|p2a: lances 3rd wife\n|-damage|p2a: lances 3rd wife|26\/100 par\n|\n|-weather|Sandstorm|[upkeep]\n|-damage|p2a: lances 3rd wife|20\/100 par|[from] Sandstorm\n|upkeep\n|turn|31\n|\n|t:|1626965847\n|move|p2a: lances 3rd wife|Earthquake|p1a: Tyranitar\n|-supereffective|p1a: Tyranitar\n|-damage|p1a: Tyranitar|0 fnt\n|faint|p1a: Tyranitar\n|\n|-weather|Sandstorm|[upkeep]\n|-damage|p2a: lances 3rd wife|14\/100 par|[from] Sandstorm\n|upkeep\n|\n|t:|1626965850\n|switch|p1a: Jirachi|Jirachi|40\/100\n|turn|32\n|\n|t:|1626965852\n|move|p1a: Jirachi|Iron Head|p2a: lances 3rd wife\n|-damage|p2a: lances 3rd wife|0 fnt\n|faint|p2a: lances 3rd wife\n|\n|-weather|Sandstorm|[upkeep]\n|-heal|p1a: Jirachi|47\/100|[from] item: Leftovers\n|upkeep\n|c|\u2606SickLiepard|gg\n|c|\u2606BaddyGames|gg\n|-message|SickLiepard forfeited.\n|\n|win|BaddyGames\n|n|\u2606BaddyGames|baddygames\n|n|\u2606SickLiepard|sickliepard\n|n|*Lady Monita|ladymonita\n|n| TortlesxRawr|tortlesxrawr\n|n| joey milktank|joeymilktank\n|n| Stars and light|starsandlight\n|n| MechaTronic42|mechatronic42\n|n| MaximelaBranche|maximelabranche\n|n| Vitoran \u2642|vitoran\n|n| ItsAmazingH|itsamazingh\n|n| Devil Yvetal|devilyvetal\n","uploadtime":1626965863,"views":10,"p1id":"baddygames","p2id":"sickliepard","formatid":"gen4ou","rating":0,"private":0,"password":null}