{"id":"gen4ou-1538967027","p1":"Ill Leave","p2":"We. The Revolution","format":"gen4ou","log":"|j|\u2606Ill Leave\n|j|\u2606We. The Revolution\n|t:|1648265073\n|gametype|singles\n|player|p1|Ill Leave|janine|\n|player|p2|We. The Revolution|noland-gen3|\n|teamsize|p1|6\n|teamsize|p2|6\n|gen|4\n|tier|[Gen 4] OU\n|rated|Tournament battle\n|rule|Sleep Clause Mod: Limit one foe put to sleep\n|rule|Species Clause: Limit one of each Pok\u00e9mon\n|rule|OHKO Clause: OHKO moves are banned\n|rule|Evasion Moves Clause: Evasion moves are banned\n|rule|Endless Battle Clause: Forcing endless battles is banned\n|rule|HP Percentage Mod: HP is shown in percentages\n|\n|t:|1648265073\n|start\n|switch|p1a: Roserade|Roserade, F, shiny|100\/100\n|switch|p2a: HAMMERHOLD|Jirachi|100\/100\n|turn|1\n|j| BB-8-NU\n|inactive|Battle timer is ON: inactive players will automatically lose when time's up. (requested by We. The Revolution)\n|j|+ibbysonlyfan\n|j| El Rey Del Sur\n|\n|t:|1648265079\n|move|p2a: HAMMERHOLD|Iron Head|p1a: Roserade\n|-damage|p1a: Roserade|43\/100\n|move|p1a: Roserade|Sleep Powder|p2a: HAMMERHOLD|[miss]\n|-miss|p1a: Roserade|p2a: HAMMERHOLD\n|\n|upkeep\n|turn|2\n|\n|t:|1648265085\n|switch|p1a: Swampert|Swampert, F, shiny|100\/100\n|move|p2a: HAMMERHOLD|Iron Head|p1a: Swampert\n|-resisted|p1a: Swampert\n|-damage|p1a: Swampert|91\/100\n|\n|-heal|p1a: Swampert|97\/100|[from] item: Leftovers\n|upkeep\n|turn|3\n|j|#susciety\n|j| FishingGuy 512\n|\n|t:|1648265099\n|switch|p2a: HA'KRAJ PLATEAU|Abomasnow, F|100\/100\n|-weather|Hail|[from] ability: Snow Warning|[of] p2a: HA'KRAJ PLATEAU\n|move|p1a: Swampert|Stealth Rock|p2a: HA'KRAJ PLATEAU\n|-sidestart|p2: We. The Revolution|move: Stealth Rock\n|\n|-weather|Hail|[upkeep]\n|-damage|p1a: Swampert|91\/100|[from] Hail\n|-heal|p1a: Swampert|97\/100|[from] item: Leftovers\n|upkeep\n|turn|4\n|l|+ibbysonlyfan\n|\n|t:|1648265104\n|switch|p1a: Heatran|Heatran, M, shiny|100\/100\n|move|p2a: HA'KRAJ PLATEAU|Leech Seed|p1a: Heatran\n|-start|p1a: Heatran|move: Leech Seed\n|\n|-weather|Hail|[upkeep]\n|-damage|p1a: Heatran|94\/100|[from] Hail\n|-heal|p1a: Heatran|100\/100|[from] item: Leftovers\n|-damage|p1a: Heatran|88\/100|[from] Leech Seed|[of] p2a: HA'KRAJ PLATEAU\n|upkeep\n|turn|5\n|\n|t:|1648265115\n|switch|p2a: RUINS OF ACAROTH|Tyranitar, F, shiny|100\/100\n|-damage|p2a: RUINS OF ACAROTH|88\/100|[from] Stealth Rock\n|-weather|Sandstorm|[from] ability: Sand Stream|[of] p2a: RUINS OF ACAROTH\n|move|p1a: Heatran|Lava Plume|p2a: RUINS OF ACAROTH\n|-resisted|p2a: RUINS OF ACAROTH\n|-damage|p2a: RUINS OF ACAROTH|80\/100\n|\n|-weather|Sandstorm|[upkeep]\n|-heal|p1a: Heatran|94\/100|[from] item: Leftovers\n|-damage|p1a: Heatran|82\/100|[from] Leech Seed|[of] p2a: RUINS OF ACAROTH\n|-heal|p2a: RUINS OF ACAROTH|90\/100|[silent]\n|-heal|p2a: RUINS OF ACAROTH|96\/100|[from] item: Leftovers\n|upkeep\n|turn|6\n|\n|t:|1648265119\n|switch|p1a: Swampert|Swampert, F, shiny|97\/100\n|move|p2a: RUINS OF ACAROTH|Stealth Rock|p1a: Swampert\n|-sidestart|p1: Ill Leave|move: Stealth Rock\n|\n|-weather|Sandstorm|[upkeep]\n|-heal|p2a: RUINS OF ACAROTH|100\/100|[from] item: Leftovers\n|-heal|p1a: Swampert|100\/100|[from] item: Leftovers\n|upkeep\n|turn|7\n|\n|t:|1648265130\n|switch|p1a: Heatran|Heatran, M, shiny|82\/100\n|-damage|p1a: Heatran|70\/100|[from] Stealth Rock\n|move|p2a: RUINS OF ACAROTH|Crunch|p1a: Heatran\n|-resisted|p1a: Heatran\n|-damage|p1a: Heatran|53\/100\n|\n|-weather|Sandstorm|[upkeep]\n|-heal|p1a: Heatran|59\/100|[from] item: Leftovers\n|upkeep\n|turn|8\n|\n|t:|1648265133\n|move|p1a: Heatran|Protect|p1a: Heatran\n|-singleturn|p1a: Heatran|Protect\n|move|p2a: RUINS OF ACAROTH|Earthquake|p1a: Heatran\n|-activate|p1a: Heatran|Protect\n|\n|-weather|Sandstorm|[upkeep]\n|-heal|p1a: Heatran|66\/100|[from] item: Leftovers\n|upkeep\n|turn|9\n|\n|t:|1648265136\n|switch|p1a: Swampert|Swampert, F, shiny|100\/100\n|-damage|p1a: Swampert|94\/100|[from] Stealth Rock\n|move|p2a: RUINS OF ACAROTH|Earthquake|p1a: Swampert\n|-damage|p1a: Swampert|73\/100\n|\n|-weather|Sandstorm|[upkeep]\n|-heal|p1a: Swampert|79\/100|[from] item: Leftovers\n|upkeep\n|turn|10\n|\n|t:|1648265139\n|switch|p2a: PANDAEMONIUM|Rotom-Heat, shiny|100\/100\n|-damage|p2a: PANDAEMONIUM|88\/100|[from] Stealth Rock\n|move|p1a: Swampert|Earthquake|p2a: PANDAEMONIUM\n|-immune|p2a: PANDAEMONIUM|[from] ability: Levitate\n|\n|-weather|Sandstorm|[upkeep]\n|-damage|p2a: PANDAEMONIUM|82\/100|[from] Sandstorm\n|-heal|p2a: PANDAEMONIUM|88\/100|[from] item: Leftovers\n|-heal|p1a: Swampert|85\/100|[from] item: Leftovers\n|upkeep\n|turn|11\n|\n|t:|1648265142\n|move|p1a: Swampert|Protect|p1a: Swampert\n|-singleturn|p1a: Swampert|Protect\n|move|p2a: PANDAEMONIUM|Will-O-Wisp|p1a: Swampert\n|-activate|p1a: Swampert|Protect\n|\n|-weather|Sandstorm|[upkeep]\n|-damage|p2a: PANDAEMONIUM|82\/100|[from] Sandstorm\n|-heal|p2a: PANDAEMONIUM|88\/100|[from] item: Leftovers\n|-heal|p1a: Swampert|91\/100|[from] item: Leftovers\n|upkeep\n|turn|12\n|\n|t:|1648265145\n|switch|p1a: Roserade|Roserade, F, shiny|43\/100\n|-damage|p1a: Roserade|31\/100|[from] Stealth Rock\n|move|p2a: PANDAEMONIUM|Thunderbolt|p1a: Roserade\n|-resisted|p1a: Roserade\n|-damage|p1a: Roserade|8\/100\n|\n|-weather|Sandstorm|[upkeep]\n|-damage|p1a: Roserade|2\/100|[from] Sandstorm\n|-damage|p2a: PANDAEMONIUM|82\/100|[from] Sandstorm\n|-heal|p2a: PANDAEMONIUM|88\/100|[from] item: Leftovers\n|upkeep\n|turn|13\n|\n|t:|1648265150\n|move|p1a: Roserade|Toxic Spikes|p2a: PANDAEMONIUM\n|-sidestart|p2: We. The Revolution|move: Toxic Spikes\n|move|p2a: PANDAEMONIUM|Thunderbolt|p1a: Roserade\n|-resisted|p1a: Roserade\n|-damage|p1a: Roserade|0 fnt\n|faint|p1a: Roserade\n|\n|-weather|Sandstorm|[upkeep]\n|-damage|p2a: PANDAEMONIUM|82\/100|[from] Sandstorm\n|-heal|p2a: PANDAEMONIUM|88\/100|[from] item: Leftovers\n|upkeep\n|\n|t:|1648265155\n|switch|p1a: Tyranitar|Tyranitar, F, shiny|100\/100\n|-damage|p1a: Tyranitar|88\/100|[from] Stealth Rock\n|turn|14\n|\n|t:|1648265158\n|move|p2a: PANDAEMONIUM|Will-O-Wisp|p1a: Tyranitar\n|-status|p1a: Tyranitar|brn\n|move|p1a: Tyranitar|Crunch|p2a: PANDAEMONIUM\n|-supereffective|p2a: PANDAEMONIUM\n|-damage|p2a: PANDAEMONIUM|38\/100\n|\n|-weather|Sandstorm|[upkeep]\n|-damage|p2a: PANDAEMONIUM|32\/100|[from] Sandstorm\n|-heal|p2a: PANDAEMONIUM|38\/100|[from] item: Leftovers\n|-damage|p1a: Tyranitar|76\/100 brn|[from] brn\n|upkeep\n|turn|15\n|\n|t:|1648265162\n|switch|p2a: CRYSTAL SEA (N)|Tentacruel, M, shiny|100\/100\n|-damage|p2a: CRYSTAL SEA (N)|88\/100|[from] Stealth Rock\n|-sideend|p2: We. The Revolution|move: Toxic Spikes|[of] p2a: CRYSTAL SEA (N)\n|move|p1a: Tyranitar|Crunch|p2a: CRYSTAL SEA (N)\n|-damage|p2a: CRYSTAL SEA (N)|49\/100\n|\n|-weather|Sandstorm|[upkeep]\n|-damage|p2a: CRYSTAL SEA (N)|43\/100|[from] Sandstorm\n|-heal|p2a: CRYSTAL SEA (N)|49\/100|[from] item: Black Sludge\n|-damage|p1a: Tyranitar|63\/100 brn|[from] brn\n|upkeep\n|turn|16\n|\n|t:|1648265166\n|move|p2a: CRYSTAL SEA (N)|Rapid Spin|p1a: Tyranitar\n|-resisted|p1a: Tyranitar\n|-crit|p1a: Tyranitar\n|-damage|p1a: Tyranitar|61\/100 brn\n|-sideend|p2: We. The Revolution|Stealth Rock|[from] move: Rapid Spin|[of] p2a: CRYSTAL SEA (N)\n|move|p1a: Tyranitar|Crunch|p2a: CRYSTAL SEA (N)\n|-damage|p2a: CRYSTAL SEA (N)|9\/100\n|\n|-weather|Sandstorm|[upkeep]\n|-damage|p2a: CRYSTAL SEA (N)|3\/100|[from] Sandstorm\n|-heal|p2a: CRYSTAL SEA (N)|9\/100|[from] item: Black Sludge\n|-damage|p1a: Tyranitar|48\/100 brn|[from] brn\n|upkeep\n|turn|17\n|\n|t:|1648265169\n|move|p2a: CRYSTAL SEA (N)|Toxic Spikes|p1a: Tyranitar\n|-sidestart|p1: Ill Leave|move: Toxic Spikes\n|move|p1a: Tyranitar|Crunch|p2a: CRYSTAL SEA (N)\n|-damage|p2a: CRYSTAL SEA (N)|0 fnt\n|faint|p2a: CRYSTAL SEA (N)\n|\n|-weather|Sandstorm|[upkeep]\n|-damage|p1a: Tyranitar|36\/100 brn|[from] brn\n|upkeep\n|\n|t:|1648265180\n|switch|p2a: RUINS OF ACAROTH|Tyranitar, F, shiny|100\/100\n|turn|18\n|\n|t:|1648265187\n|move|p1a: Tyranitar|Crunch|p2a: RUINS OF ACAROTH\n|-resisted|p2a: RUINS OF ACAROTH\n|-damage|p2a: RUINS OF ACAROTH|86\/100\n|move|p2a: RUINS OF ACAROTH|Earthquake|p1a: Tyranitar\n|-supereffective|p1a: Tyranitar\n|-damage|p1a: Tyranitar|0 fnt\n|faint|p1a: Tyranitar\n|\n|-weather|Sandstorm|[upkeep]\n|-heal|p2a: RUINS OF ACAROTH|92\/100|[from] item: Leftovers\n|upkeep\n|\n|t:|1648265191\n|switch|p1a: Swampert|Swampert, F, shiny|91\/100\n|-damage|p1a: Swampert|85\/100|[from] Stealth Rock\n|-status|p1a: Swampert|psn\n|turn|19\n|\n|t:|1648265198\n|switch|p2a: HA'KRAJ PLATEAU|Abomasnow, F|100\/100\n|-weather|Hail|[from] ability: Snow Warning|[of] p2a: HA'KRAJ PLATEAU\n|switch|p1a: Latias|Latias, F, shiny|100\/100\n|-damage|p1a: Latias|88\/100|[from] Stealth Rock\n|\n|-weather|Hail|[upkeep]\n|-damage|p1a: Latias|82\/100|[from] Hail\n|upkeep\n|turn|20\n|\n|t:|1648265202\n|move|p2a: HA'KRAJ PLATEAU|Protect|p2a: HA'KRAJ PLATEAU\n|-singleturn|p2a: HA'KRAJ PLATEAU|Protect\n|move|p1a: Latias|Draco Meteor|p2a: HA'KRAJ PLATEAU\n|-activate|p2a: HA'KRAJ PLATEAU|Protect\n|\n|-weather|Hail|[upkeep]\n|-damage|p1a: Latias|76\/100|[from] Hail\n|upkeep\n|turn|21\n|\n|t:|1648265206\n|switch|p2a: HAMMERHOLD|Jirachi|100\/100\n|move|p1a: Latias|Draco Meteor|p2a: HAMMERHOLD\n|-resisted|p2a: HAMMERHOLD\n|-damage|p2a: HAMMERHOLD|61\/100\n|-unboost|p1a: Latias|spa|2\n|\n|-weather|Hail|[upkeep]\n|-damage|p1a: Latias|70\/100|[from] Hail\n|-damage|p2a: HAMMERHOLD|55\/100|[from] Hail\n|-heal|p2a: HAMMERHOLD|61\/100|[from] item: Leftovers\n|upkeep\n|turn|22\n|\n|t:|1648265218\n|switch|p1a: Heatran|Heatran, M, shiny|66\/100\n|-damage|p1a: Heatran|53\/100|[from] Stealth Rock\n|switch|p2a: RUINS OF ACAROTH|Tyranitar, F, shiny|92\/100\n|-weather|Sandstorm|[from] ability: Sand Stream|[of] p2a: RUINS OF ACAROTH\n|\n|-weather|Sandstorm|[upkeep]\n|-heal|p1a: Heatran|59\/100|[from] item: Leftovers\n|-heal|p2a: RUINS OF ACAROTH|98\/100|[from] item: Leftovers\n|upkeep\n|turn|23\n|\n|t:|1648265222\n|move|p1a: Heatran|Protect|p1a: Heatran\n|-singleturn|p1a: Heatran|Protect\n|move|p2a: RUINS OF ACAROTH|Earthquake|p1a: Heatran\n|-activate|p1a: Heatran|Protect\n|\n|-weather|Sandstorm|[upkeep]\n|-heal|p1a: Heatran|66\/100|[from] item: Leftovers\n|-heal|p2a: RUINS OF ACAROTH|100\/100|[from] item: Leftovers\n|upkeep\n|turn|24\n|\n|t:|1648265226\n|switch|p1a: Swampert|Swampert, F, shiny|85\/100 psn\n|-damage|p1a: Swampert|79\/100 psn|[from] Stealth Rock\n|move|p2a: RUINS OF ACAROTH|Earthquake|p1a: Swampert\n|-damage|p1a: Swampert|59\/100 psn\n|\n|-weather|Sandstorm|[upkeep]\n|-heal|p1a: Swampert|65\/100 psn|[from] item: Leftovers\n|-damage|p1a: Swampert|53\/100 psn|[from] psn\n|upkeep\n|turn|25\n|\n|t:|1648265231\n|switch|p2a: HA'KRAJ PLATEAU|Abomasnow, F|100\/100\n|-weather|Hail|[from] ability: Snow Warning|[of] p2a: HA'KRAJ PLATEAU\n|move|p1a: Swampert|Stealth Rock|p2a: HA'KRAJ PLATEAU\n|-sidestart|p2: We. The Revolution|move: Stealth Rock\n|\n|-weather|Hail|[upkeep]\n|-damage|p1a: Swampert|47\/100 psn|[from] Hail\n|-heal|p1a: Swampert|53\/100 psn|[from] item: Leftovers\n|-damage|p1a: Swampert|40\/100 psn|[from] psn\n|upkeep\n|turn|26\n|\n|t:|1648265238\n|switch|p1a: Rotom|Rotom-Wash, shiny|100\/100\n|-damage|p1a: Rotom|88\/100|[from] Stealth Rock\n|move|p2a: HA'KRAJ PLATEAU|Wood Hammer|p1a: Rotom\n|-damage|p1a: Rotom|38\/100\n|-damage|p2a: HA'KRAJ PLATEAU|90\/100|[from] Recoil\n|\n|-weather|Hail|[upkeep]\n|-damage|p1a: Rotom|33\/100|[from] Hail\n|-heal|p2a: HA'KRAJ PLATEAU|96\/100|[from] item: Leftovers\n|upkeep\n|turn|27\n|\n|t:|1648265240\n|move|p2a: HA'KRAJ PLATEAU|Protect|p2a: HA'KRAJ PLATEAU\n|-singleturn|p2a: HA'KRAJ PLATEAU|Protect\n|move|p1a: Rotom|Trick|p2a: HA'KRAJ PLATEAU\n|-activate|p2a: HA'KRAJ PLATEAU|Protect\n|\n|-weather|Hail|[upkeep]\n|-damage|p1a: Rotom|27\/100|[from] Hail\n|-heal|p2a: HA'KRAJ PLATEAU|100\/100|[from] item: Leftovers\n|upkeep\n|turn|28\n|\n|t:|1648265244\n|switch|p2a: ICEWIND PASS|Latias, F, shiny|100\/100\n|-damage|p2a: ICEWIND PASS|88\/100|[from] Stealth Rock\n|move|p1a: Rotom|Trick|p2a: ICEWIND PASS\n|-activate|p1a: Rotom|move: Trick|[of] p2a: ICEWIND PASS\n|-item|p2a: ICEWIND PASS|Choice Scarf|[from] move: Trick\n|-item|p1a: Rotom|Choice Scarf|[from] move: Trick\n|\n|-weather|Hail|[upkeep]\n|-damage|p2a: ICEWIND PASS|82\/100|[from] Hail\n|-damage|p1a: Rotom|21\/100|[from] Hail\n|upkeep\n|turn|29\n|\n|t:|1648265251\n|switch|p1a: Heatran|Heatran, M, shiny|66\/100\n|-damage|p1a: Heatran|53\/100|[from] Stealth Rock\n|move|p2a: ICEWIND PASS|Surf|p1a: Heatran\n|-supereffective|p1a: Heatran\n|-damage|p1a: Heatran|0 fnt\n|faint|p1a: Heatran\n|\n|-weather|Hail|[upkeep]\n|-damage|p2a: ICEWIND PASS|76\/100|[from] Hail\n|upkeep\n|c|\u2606We. The Revolution|gg\n|\n|t:|1648265258\n|switch|p1a: Latias|Latias, F, shiny|70\/100\n|-damage|p1a: Latias|58\/100|[from] Stealth Rock\n|turn|30\n|\n|t:|1648265269\n|switch|p2a: PANDAEMONIUM|Rotom-Heat, shiny|38\/100\n|-damage|p2a: PANDAEMONIUM|25\/100|[from] Stealth Rock\n|move|p1a: Latias|Dragon Pulse|p2a: PANDAEMONIUM\n|-damage|p2a: PANDAEMONIUM|0 fnt\n|faint|p2a: PANDAEMONIUM\n|\n|-weather|Hail|[upkeep]\n|-damage|p1a: Latias|52\/100|[from] Hail\n|upkeep\n|\n|t:|1648265278\n|switch|p2a: RUINS OF ACAROTH|Tyranitar, F, shiny|100\/100\n|-damage|p2a: RUINS OF ACAROTH|88\/100|[from] Stealth Rock\n|-weather|Sandstorm|[from] ability: Sand Stream|[of] p2a: RUINS OF ACAROTH\n|turn|31\n|\n|t:|1648265284\n|move|p1a: Latias|Dragon Pulse|p2a: RUINS OF ACAROTH\n|-damage|p2a: RUINS OF ACAROTH|61\/100\n|move|p2a: RUINS OF ACAROTH|Crunch|p1a: Latias\n|-supereffective|p1a: Latias\n|-damage|p1a: Latias|0 fnt\n|faint|p1a: Latias\n|\n|-weather|Sandstorm|[upkeep]\n|-heal|p2a: RUINS OF ACAROTH|68\/100|[from] item: Leftovers\n|upkeep\n|\n|t:|1648265288\n|switch|p1a: Swampert|Swampert, F, shiny|40\/100 psn\n|-damage|p1a: Swampert|34\/100 psn|[from] Stealth Rock\n|turn|32\n|\n|t:|1648265292\n|switch|p2a: HA'KRAJ PLATEAU|Abomasnow, F|100\/100\n|-damage|p2a: HA'KRAJ PLATEAU|76\/100|[from] Stealth Rock\n|-weather|Hail|[from] ability: Snow Warning|[of] p2a: HA'KRAJ PLATEAU\n|move|p1a: Swampert|Earthquake|p2a: HA'KRAJ PLATEAU\n|-resisted|p2a: HA'KRAJ PLATEAU\n|-damage|p2a: HA'KRAJ PLATEAU|54\/100\n|\n|-weather|Hail|[upkeep]\n|-damage|p1a: Swampert|28\/100 psn|[from] Hail\n|-heal|p2a: HA'KRAJ PLATEAU|60\/100|[from] item: Leftovers\n|-heal|p1a: Swampert|34\/100 psn|[from] item: Leftovers\n|-damage|p1a: Swampert|22\/100 psn|[from] psn\n|upkeep\n|turn|33\n|\n|t:|1648265297\n|move|p2a: HA'KRAJ PLATEAU|Wood Hammer|p1a: Swampert\n|-supereffective|p1a: Swampert\n|-damage|p1a: Swampert|0 fnt\n|faint|p1a: Swampert\n|-damage|p2a: HA'KRAJ PLATEAU|52\/100|[from] Recoil\n|\n|-weather|Hail|[upkeep]\n|-heal|p2a: HA'KRAJ PLATEAU|58\/100|[from] item: Leftovers\n|upkeep\n|\n|t:|1648265299\n|switch|p1a: Rotom|Rotom-Wash, shiny|21\/100\n|-damage|p1a: Rotom|8\/100|[from] Stealth Rock\n|turn|34\n|\n|t:|1648265303\n|move|p2a: HA'KRAJ PLATEAU|Ice Shard|p1a: Rotom\n|-damage|p1a: Rotom|0 fnt\n|faint|p1a: Rotom\n|\n|win|We. The Revolution\n|n|\u2606Ill Leave|illleave\n|n|\u2606We. The Revolution|wetherevolution\n|n| BB-8-NU|bb8nu\n|n| El Rey Del Sur|elreydelsur\n|n|+susciety|susciety\n|n| FishingGuy 512|fishingguy512\n","uploadtime":1648265305,"views":5,"p1id":"illleave","p2id":"wetherevolution","formatid":"gen4ou","rating":0,"private":0,"password":null}