{"id":"gen4nu-1668525213","p1":"Blub234","p2":"ayevon","format":"gen4nu","log":"|j|\u2606Blub234\n|j|\u2606ayevon\n|t:|1663633718\n|gametype|singles\n|player|p1|Blub234|266|\n|player|p2|ayevon|265|\n|teamsize|p1|6\n|teamsize|p2|6\n|gen|4\n|tier|[Gen 4] NU\n|rated|Tournament battle\n|rule|Sleep Clause Mod: Limit one foe put to sleep\n|rule|Species Clause: Limit one of each Pok\u00e9mon\n|rule|OHKO Clause: OHKO moves are banned\n|rule|Evasion Items Clause: Evasion items are banned\n|rule|Evasion Moves Clause: Evasion moves are banned\n|rule|Endless Battle Clause: Forcing endless battles is banned\n|rule|HP Percentage Mod: HP is shown in percentages\n|rule|Baton Pass Clause: Limit one Baton Passer, can't pass Spe and other stats simultaneously\n|\n|t:|1663633718\n|start\n|switch|p1a: Persian|Persian, M|100\/100\n|switch|p2a: Charizard|Charizard, F|100\/100\n|turn|1\n|j| BB-8-NU\n|inactive|Battle timer is ON: inactive players will automatically lose when time's up. (requested by ayevon)\n|j| Cry$ta1\n|j| Arch en Ciel 22\n|\n|t:|1663633728\n|switch|p2a: Sandslash|Sandslash, F|100\/100\n|move|p1a: Persian|Fake Out|p2a: Sandslash\n|-damage|p2a: Sandslash|86\/100\n|\n|-heal|p2a: Sandslash|92\/100|[from] item: Leftovers\n|upkeep\n|turn|2\n|\n|t:|1663633746\n|move|p1a: Persian|Taunt|p2a: Sandslash\n|-start|p2a: Sandslash|move: Taunt\n|cant|p2a: Sandslash|move: Taunt|Stealth Rock\n|\n|-heal|p2a: Sandslash|99\/100|[from] item: Leftovers\n|upkeep\n|turn|3\n|j| Trevelion\n|\n|t:|1663633751\n|move|p1a: Persian|U-turn|p2a: Sandslash\n|-damage|p2a: Sandslash|87\/100\n|j| sgvh\n|\n|t:|1663633762\n|switch|p1a: Shiftry|Shiftry, M|100\/100|[from]move: U-turn\n|move|p2a: Sandslash|Earthquake|p1a: Shiftry\n|-resisted|p1a: Shiftry\n|-damage|p1a: Shiftry|72\/100\n|\n|-heal|p2a: Sandslash|93\/100|[from] item: Leftovers\n|upkeep\n|turn|4\n|\n|t:|1663633770\n|switch|p1a: Regirock|Regirock|100\/100\n|switch|p2a: Jumpluff|Jumpluff, F|100\/100\n|\n|upkeep\n|turn|5\n|\n|t:|1663633776\n|move|p2a: Jumpluff|Sleep Powder|p1a: Regirock\n|-status|p1a: Regirock|slp|[from] move: Sleep Powder\n|cant|p1a: Regirock|slp\n|\n|upkeep\n|turn|6\n|\n|t:|1663633780\n|switch|p2a: Sandslash|Sandslash, F|93\/100\n|cant|p1a: Regirock|slp\n|\n|-heal|p2a: Sandslash|99\/100|[from] item: Leftovers\n|upkeep\n|turn|7\n|\n|t:|1663633785\n|move|p2a: Sandslash|Stealth Rock|p1a: Regirock\n|-sidestart|p1: Blub234|move: Stealth Rock\n|cant|p1a: Regirock|slp\n|\n|-heal|p2a: Sandslash|100\/100|[from] item: Leftovers\n|upkeep\n|turn|8\n|\n|t:|1663633789\n|switch|p1a: Hypno|Hypno, M|100\/100\n|-damage|p1a: Hypno|88\/100|[from] Stealth Rock\n|move|p2a: Sandslash|Earthquake|p1a: Hypno\n|-damage|p1a: Hypno|55\/100\n|\n|upkeep\n|turn|9\n|\n|t:|1663633793\n|switch|p2a: Grumpig|Grumpig, F|100\/100\n|move|p1a: Hypno|Sunny Day|p1a: Hypno\n|-weather|SunnyDay\n|\n|-weather|SunnyDay|[upkeep]\n|upkeep\n|turn|10\n|\n|t:|1663633803\n|move|p2a: Grumpig|Toxic|p1a: Hypno\n|-status|p1a: Hypno|tox\n|move|p1a: Hypno|Baton Pass|p1a: Hypno\n|\n|t:|1663633808\n|switch|p1a: Shiftry|Shiftry, M|72\/100|[from]move: Baton Pass\n|-damage|p1a: Shiftry|60\/100|[from] Stealth Rock\n|\n|-weather|SunnyDay|[upkeep]\n|upkeep\n|turn|11\n|\n|t:|1663633812\n|switch|p1a: Regirock|Regirock|100\/100 slp\n|-damage|p1a: Regirock|88\/100 slp|[from] Stealth Rock\n|move|p2a: Grumpig|Focus Blast|p1a: Regirock\n|-supereffective|p1a: Regirock\n|-damage|p1a: Regirock|43\/100 slp\n|\n|-weather|SunnyDay|[upkeep]\n|upkeep\n|turn|12\n|\n|t:|1663633819\n|switch|p2a: Sandslash|Sandslash, F|100\/100\n|cant|p1a: Regirock|slp\n|\n|-weather|SunnyDay|[upkeep]\n|upkeep\n|turn|13\n|\n|t:|1663633824\n|switch|p1a: Shiftry|Shiftry, M|60\/100\n|-damage|p1a: Shiftry|48\/100|[from] Stealth Rock\n|move|p2a: Sandslash|Earthquake|p1a: Shiftry\n|-resisted|p1a: Shiftry\n|-damage|p1a: Shiftry|21\/100\n|\n|-weather|SunnyDay|[upkeep]\n|upkeep\n|turn|14\n|\n|t:|1663633829\n|switch|p2a: Jumpluff|Jumpluff, F|100\/100\n|move|p1a: Shiftry|Swords Dance|p1a: Shiftry\n|-boost|p1a: Shiftry|atk|2\n|\n|-weather|SunnyDay|[upkeep]\n|upkeep\n|turn|15\n|\n|t:|1663633833\n|move|p1a: Shiftry|Sucker Punch|p2a: Jumpluff\n|-fail|p1a: Shiftry\n|move|p2a: Jumpluff|Swords Dance|p2a: Jumpluff\n|-boost|p2a: Jumpluff|atk|2\n|\n|-weather|SunnyDay|[upkeep]\n|upkeep\n|turn|16\n|\n|t:|1663633845\n|move|p1a: Shiftry|Sucker Punch|p2a: Jumpluff\n|-damage|p2a: Jumpluff|0 fnt\n|faint|p2a: Jumpluff\n|-damage|p1a: Shiftry|11\/100|[from] item: Life Orb\n|\n|-weather|none\n|upkeep\n|\n|t:|1663633848\n|switch|p2a: Tauros|Tauros, M|100\/100\n|-ability|p2a: Tauros|Intimidate|boost\n|-unboost|p1a: Shiftry|atk|1\n|turn|17\n|\n|t:|1663633859\n|move|p2a: Tauros|Earthquake|p1a: Shiftry\n|-resisted|p1a: Shiftry\n|-damage|p1a: Shiftry|0 fnt\n|faint|p1a: Shiftry\n|\n|upkeep\n|\n|t:|1663633867\n|switch|p1a: Hypno|Hypno, M|55\/100 tox\n|-damage|p1a: Hypno|43\/100 tox|[from] Stealth Rock\n|turn|18\n|\n|t:|1663633869\n|move|p2a: Tauros|Earthquake|p1a: Hypno\n|-damage|p1a: Hypno|2\/100 tox\n|move|p1a: Hypno|Sunny Day|p1a: Hypno\n|-weather|SunnyDay\n|\n|-weather|SunnyDay|[upkeep]\n|-damage|p1a: Hypno|0 fnt|[from] psn\n|faint|p1a: Hypno\n|upkeep\n|\n|t:|1663633872\n|switch|p1a: Victreebel|Victreebel, F|100\/100\n|-damage|p1a: Victreebel|88\/100|[from] Stealth Rock\n|turn|19\n|\n|t:|1663633876\n|move|p1a: Victreebel|Sleep Powder|p2a: Tauros\n|-status|p2a: Tauros|slp|[from] move: Sleep Powder\n|cant|p2a: Tauros|slp\n|\n|-weather|SunnyDay|[upkeep]\n|upkeep\n|turn|20\n|\n|t:|1663633881\n|move|p1a: Victreebel|Hidden Power|p2a: Tauros\n|-damage|p2a: Tauros|61\/100 slp\n|-damage|p1a: Victreebel|78\/100|[from] item: Life Orb\n|cant|p2a: Tauros|slp\n|\n|-weather|SunnyDay|[upkeep]\n|upkeep\n|turn|21\n|j| skrimps\n|\n|t:|1663633887\n|switch|p2a: Charizard|Charizard, F|100\/100\n|move|p1a: Victreebel|Solar Beam||[still]\n|-prepare|p1a: Victreebel|Solar Beam\n|-anim|p1a: Victreebel|Solar Beam|p2a: Charizard\n|-resisted|p2a: Charizard\n|-damage|p2a: Charizard|79\/100\n|-damage|p1a: Victreebel|68\/100|[from] item: Life Orb\n|\n|-weather|SunnyDay|[upkeep]\n|upkeep\n|turn|22\n|\n|t:|1663633896\n|move|p1a: Victreebel|Hidden Power|p2a: Charizard\n|-supereffective|p2a: Charizard\n|-damage|p2a: Charizard|0 fnt\n|faint|p2a: Charizard\n|-damage|p1a: Victreebel|58\/100|[from] item: Life Orb\n|\n|-weather|SunnyDay|[upkeep]\n|upkeep\n|\n|t:|1663633901\n|switch|p2a: Grumpig|Grumpig, F|100\/100\n|turn|23\n|\n|t:|1663633908\n|switch|p1a: Regirock|Regirock|43\/100 slp\n|-damage|p1a: Regirock|31\/100 slp|[from] Stealth Rock\n|move|p2a: Grumpig|Psychic|p1a: Regirock\n|-damage|p1a: Regirock|5\/100 slp\n|\n|-weather|SunnyDay|[upkeep]\n|upkeep\n|turn|24\n|\n|t:|1663633910\n|move|p2a: Grumpig|Psychic|p1a: Regirock\n|-damage|p1a: Regirock|0 fnt\n|faint|p1a: Regirock\n|\n|-weather|SunnyDay|[upkeep]\n|upkeep\n|\n|t:|1663633913\n|switch|p1a: Typhlosion|Typhlosion, M|100\/100\n|-damage|p1a: Typhlosion|76\/100|[from] Stealth Rock\n|turn|25\n|\n|t:|1663633922\n|switch|p2a: Poliwrath|Poliwrath, F|100\/100\n|move|p1a: Typhlosion|Eruption|p2a: Poliwrath\n|-resisted|p2a: Poliwrath\n|-damage|p2a: Poliwrath|60\/100\n|\n|-weather|none\n|-heal|p2a: Poliwrath|66\/100|[from] item: Leftovers\n|upkeep\n|turn|26\n|l| skrimps\n|\n|t:|1663633927\n|switch|p1a: Persian|Persian, M|100\/100\n|-damage|p1a: Persian|88\/100|[from] Stealth Rock\n|move|p2a: Poliwrath|Substitute|p2a: Poliwrath\n|-start|p2a: Poliwrath|Substitute\n|-damage|p2a: Poliwrath|42\/100\n|\n|-heal|p2a: Poliwrath|48\/100|[from] item: Leftovers\n|upkeep\n|turn|27\n|\n|t:|1663633930\n|-singleturn|p2a: Poliwrath|move: Focus Punch\n|move|p1a: Persian|Sunny Day|p1a: Persian\n|-weather|SunnyDay\n|move|p2a: Poliwrath|Focus Punch|p1a: Persian\n|-supereffective|p1a: Persian\n|-damage|p1a: Persian|0 fnt\n|faint|p1a: Persian\n|\n|-weather|SunnyDay|[upkeep]\n|-heal|p2a: Poliwrath|53\/100|[from] item: Leftovers\n|upkeep\n|\n|t:|1663633933\n|switch|p1a: Typhlosion|Typhlosion, M|76\/100\n|-damage|p1a: Typhlosion|51\/100|[from] Stealth Rock\n|turn|28\n|\n|t:|1663633939\n|move|p1a: Typhlosion|Eruption|p2a: Poliwrath\n|-resisted|p2a: Poliwrath\n|-end|p2a: Poliwrath|Substitute\n|move|p2a: Poliwrath|Substitute|p2a: Poliwrath\n|-start|p2a: Poliwrath|Substitute\n|-damage|p2a: Poliwrath|29\/100\n|\n|-weather|SunnyDay|[upkeep]\n|-heal|p2a: Poliwrath|35\/100|[from] item: Leftovers\n|upkeep\n|turn|29\n|\n|t:|1663633941\n|move|p1a: Typhlosion|Eruption|p2a: Poliwrath\n|-resisted|p2a: Poliwrath\n|-crit|p2a: Poliwrath\n|-end|p2a: Poliwrath|Substitute\n|move|p2a: Poliwrath|Substitute|p2a: Poliwrath\n|-start|p2a: Poliwrath|Substitute\n|-damage|p2a: Poliwrath|10\/100\n|\n|-weather|SunnyDay|[upkeep]\n|-heal|p2a: Poliwrath|16\/100|[from] item: Leftovers\n|upkeep\n|turn|30\n|\n|t:|1663633945\n|move|p1a: Typhlosion|Eruption|p2a: Poliwrath\n|-resisted|p2a: Poliwrath\n|-end|p2a: Poliwrath|Substitute\n|move|p2a: Poliwrath|Waterfall|p1a: Typhlosion\n|-supereffective|p1a: Typhlosion\n|-damage|p1a: Typhlosion|0 fnt\n|faint|p1a: Typhlosion\n|\n|-weather|SunnyDay|[upkeep]\n|-heal|p2a: Poliwrath|22\/100|[from] item: Leftovers\n|upkeep\n|\n|t:|1663633947\n|switch|p1a: Victreebel|Victreebel, F|58\/100\n|-damage|p1a: Victreebel|46\/100|[from] Stealth Rock\n|turn|31\n|\n|t:|1663633951\n|move|p1a: Victreebel|Solar Beam||[still]\n|-prepare|p1a: Victreebel|Solar Beam\n|-anim|p1a: Victreebel|Solar Beam|p2a: Poliwrath\n|-supereffective|p2a: Poliwrath\n|-damage|p2a: Poliwrath|0 fnt\n|faint|p2a: Poliwrath\n|-damage|p1a: Victreebel|36\/100|[from] item: Life Orb\n|\n|-weather|SunnyDay|[upkeep]\n|upkeep\n|\n|t:|1663633955\n|switch|p2a: Grumpig|Grumpig, F|100\/100\n|turn|32\n|\n|t:|1663633958\n|move|p1a: Victreebel|Solar Beam||[still]\n|-prepare|p1a: Victreebel|Solar Beam\n|-anim|p1a: Victreebel|Solar Beam|p2a: Grumpig\n|-crit|p2a: Grumpig\n|-damage|p2a: Grumpig|5\/100\n|-damage|p1a: Victreebel|26\/100|[from] item: Life Orb\n|move|p2a: Grumpig|Psychic|p1a: Victreebel\n|-supereffective|p1a: Victreebel\n|-damage|p1a: Victreebel|0 fnt\n|faint|p1a: Victreebel\n|\n|win|ayevon\n|n|\u2606Blub234|blub234\n|n|\u2606ayevon|ayevon\n|n| BB-8-NU|bb8nu\n|n| Cry$ta1|cryta1\n|n| Arch en Ciel 22|archenciel22\n|n| Trevelion|trevelion\n|n| sgvh|sgvh\n","uploadtime":1663633959,"views":7,"p1id":"blub234","p2id":"ayevon","formatid":"gen4nu","rating":0,"private":0,"password":null}