{"id":"gen4ou-1428333543","p1":"Dindon Ductile","p2":"InternetSurfer123","format":"gen4ou","log":"|j|\u2606Dindon Ductile\n|j|\u2606InternetSurfer123\n|t:|1633248376\n|gametype|singles\n|player|p1|Dindon Ductile|102|1269\n|player|p2|InternetSurfer123|skyla|1156\n|teamsize|p1|6\n|teamsize|p2|6\n|gen|4\n|tier|[Gen 4] OU\n|rated|\n|rule|Sleep Clause Mod: Limit one foe put to sleep\n|rule|Species Clause: Limit one of each Pok\u00e9mon\n|rule|OHKO Clause: OHKO moves are banned\n|rule|Evasion Moves Clause: Evasion moves are banned\n|rule|Endless Battle Clause: Forcing endless battles is banned\n|rule|HP Percentage Mod: HP is shown in percentages\n|\n|t:|1633248376\n|start\n|switch|p1a: Uxie|Uxie|100\/100\n|switch|p2a: Gengar|Gengar, F|100\/100\n|turn|1\n|\n|t:|1633248384\n|move|p1a: Uxie|U-turn|p2a: Gengar\n|-resisted|p2a: Gengar\n|-damage|p2a: Gengar|95\/100\n|\n|t:|1633248387\n|switch|p1a: Tyranitar|Tyranitar, F|100\/100|[from]move: U-turn\n|-weather|Sandstorm|[from] ability: Sand Stream|[of] p1a: Tyranitar\n|move|p2a: Gengar|Taunt|p1a: Tyranitar\n|-start|p1a: Tyranitar|move: Taunt\n|\n|-weather|Sandstorm|[upkeep]\n|-damage|p2a: Gengar|89\/100|[from] Sandstorm\n|upkeep\n|turn|2\n|c|\u2606InternetSurfer123|uhhhhhhhhhhhhhhhhhhhhhhhhhhhhhhhhhhhhhhhhhhhhhhhhhhhhhhhhhhhhhhh\n|c|\u2606InternetSurfer123|pls no pursuit\n|\n|t:|1633248401\n|switch|p1a: Uxie|Uxie|100\/100\n|move|p2a: Gengar|Focus Blast|p1a: Uxie\n|-resisted|p1a: Uxie\n|-damage|p1a: Uxie|80\/100\n|-damage|p2a: Gengar|79\/100|[from] item: Life Orb\n|\n|-weather|Sandstorm|[upkeep]\n|-damage|p1a: Uxie|73\/100|[from] Sandstorm\n|-damage|p2a: Gengar|73\/100|[from] Sandstorm\n|upkeep\n|turn|3\n|\n|t:|1633248413\n|move|p1a: Uxie|Trick|p2a: Gengar\n|-activate|p1a: Uxie|move: Trick|[of] p2a: Gengar\n|-item|p2a: Gengar|Choice Scarf|[from] move: Trick\n|-item|p1a: Uxie|Life Orb|[from] move: Trick\n|move|p2a: Gengar|Taunt|p1a: Uxie\n|-start|p1a: Uxie|move: Taunt\n|\n|-weather|Sandstorm|[upkeep]\n|-damage|p2a: Gengar|67\/100|[from] Sandstorm\n|-damage|p1a: Uxie|67\/100|[from] Sandstorm\n|upkeep\n|turn|4\n|\n|t:|1633248428\n|switch|p2a: Heracross|Heracross, F|100\/100\n|move|p1a: Uxie|U-turn|p2a: Heracross\n|-resisted|p2a: Heracross\n|-damage|p2a: Heracross|92\/100\n|-damage|p1a: Uxie|57\/100|[from] item: Life Orb\n|\n|t:|1633248440\n|switch|p1a: Zapdos|Zapdos|100\/100|[from]move: U-turn\n|-ability|p1a: Zapdos|Pressure\n|\n|-weather|Sandstorm|[upkeep]\n|-damage|p1a: Zapdos|94\/100|[from] Sandstorm\n|-damage|p2a: Heracross|86\/100|[from] Sandstorm\n|-heal|p1a: Zapdos|100\/100|[from] item: Leftovers\n|-heal|p2a: Heracross|92\/100|[from] item: Leftovers\n|upkeep\n|turn|5\n|\n|t:|1633248451\n|switch|p1a: Swampert|Swampert, M|100\/100\n|switch|p2a: Mamoswine|Mamoswine, F|100\/100\n|\n|-weather|Sandstorm|[upkeep]\n|upkeep\n|turn|6\n|\n|t:|1633248496\n|move|p2a: Mamoswine|Stealth Rock|p1a: Swampert\n|-sidestart|p1: Dindon Ductile|move: Stealth Rock\n|move|p1a: Swampert|Toxic|p2a: Mamoswine\n|-status|p2a: Mamoswine|tox\n|\n|-weather|Sandstorm|[upkeep]\n|-damage|p2a: Mamoswine|94\/100 tox|[from] psn\n|upkeep\n|turn|7\n|\n|t:|1633248506\n|switch|p2a: Heracross|Heracross, F|92\/100\n|move|p1a: Swampert|Ice Beam|p2a: Heracross\n|-damage|p2a: Heracross|72\/100\n|\n|-weather|Sandstorm|[upkeep]\n|-damage|p2a: Heracross|66\/100|[from] Sandstorm\n|-heal|p2a: Heracross|72\/100|[from] item: Leftovers\n|upkeep\n|turn|8\n|\n|t:|1633248514\n|move|p1a: Swampert|Protect|p1a: Swampert\n|-singleturn|p1a: Swampert|Protect\n|move|p2a: Heracross|Substitute|p2a: Heracross\n|-start|p2a: Heracross|Substitute\n|-damage|p2a: Heracross|47\/100\n|\n|-weather|Sandstorm|[upkeep]\n|-damage|p2a: Heracross|41\/100|[from] Sandstorm\n|-heal|p2a: Heracross|47\/100|[from] item: Leftovers\n|upkeep\n|turn|9\n|\n|t:|1633248527\n|move|p2a: Heracross|Megahorn|p1a: Swampert|[miss]\n|-miss|p2a: Heracross|p1a: Swampert\n|move|p1a: Swampert|Ice Beam|p2a: Heracross\n|-activate|p2a: Heracross|Substitute|[damage]\n|\n|-weather|Sandstorm|[upkeep]\n|-damage|p2a: Heracross|41\/100|[from] Sandstorm\n|-heal|p2a: Heracross|47\/100|[from] item: Leftovers\n|upkeep\n|turn|10\n|\n|t:|1633248537\n|move|p2a: Heracross|Megahorn|p1a: Swampert|[miss]\n|-miss|p2a: Heracross|p1a: Swampert\n|move|p1a: Swampert|Ice Beam|p2a: Heracross\n|-end|p2a: Heracross|Substitute\n|\n|-weather|Sandstorm|[upkeep]\n|-damage|p2a: Heracross|41\/100|[from] Sandstorm\n|-heal|p2a: Heracross|47\/100|[from] item: Leftovers\n|upkeep\n|turn|11\n|\n|t:|1633248548\n|switch|p1a: Zapdos|Zapdos|100\/100\n|-damage|p1a: Zapdos|76\/100|[from] Stealth Rock\n|-ability|p1a: Zapdos|Pressure\n|move|p2a: Heracross|Substitute|p2a: Heracross\n|-start|p2a: Heracross|Substitute\n|-damage|p2a: Heracross|22\/100\n|\n|-weather|Sandstorm|[upkeep]\n|-damage|p1a: Zapdos|70\/100|[from] Sandstorm\n|-damage|p2a: Heracross|16\/100|[from] Sandstorm\n|-heal|p1a: Zapdos|76\/100|[from] item: Leftovers\n|-heal|p2a: Heracross|22\/100|[from] item: Leftovers\n|upkeep\n|turn|12\n|\n|t:|1633248561\n|move|p1a: Zapdos|Heat Wave|p2a: Heracross|[miss]\n|-miss|p1a: Zapdos|p2a: Heracross\n|move|p2a: Heracross|Stone Edge|p1a: Zapdos\n|-supereffective|p1a: Zapdos\n|-damage|p1a: Zapdos|21\/100\n|\n|-weather|Sandstorm|[upkeep]\n|-damage|p1a: Zapdos|15\/100|[from] Sandstorm\n|-damage|p2a: Heracross|16\/100|[from] Sandstorm\n|-heal|p1a: Zapdos|21\/100|[from] item: Leftovers\n|-heal|p2a: Heracross|22\/100|[from] item: Leftovers\n|upkeep\n|turn|13\n|c|\u2606InternetSurfer123|wow that is the tankiest zapdos I've ever seen\n|\n|t:|1633248582\n|move|p1a: Zapdos|Roost|p1a: Zapdos\n|-heal|p1a: Zapdos|71\/100\n|-singleturn|p1a: Zapdos|move: Roost\n|move|p2a: Heracross|Stone Edge|p1a: Zapdos\n|-damage|p1a: Zapdos|45\/100\n|\n|-weather|Sandstorm|[upkeep]\n|-damage|p1a: Zapdos|39\/100|[from] Sandstorm\n|-damage|p2a: Heracross|16\/100|[from] Sandstorm\n|-heal|p1a: Zapdos|45\/100|[from] item: Leftovers\n|-heal|p2a: Heracross|22\/100|[from] item: Leftovers\n|upkeep\n|turn|14\n|c|\u2606Dindon Ductile|this is standart bulky zap\n|\n|t:|1633248596\n|move|p1a: Zapdos|Roost|p1a: Zapdos\n|-heal|p1a: Zapdos|94\/100\n|-singleturn|p1a: Zapdos|move: Roost\n|move|p2a: Heracross|Megahorn|p1a: Zapdos\n|-damage|p1a: Zapdos|45\/100\n|\n|-weather|Sandstorm|[upkeep]\n|-damage|p1a: Zapdos|39\/100|[from] Sandstorm\n|-damage|p2a: Heracross|16\/100|[from] Sandstorm\n|-heal|p1a: Zapdos|45\/100|[from] item: Leftovers\n|-heal|p2a: Heracross|22\/100|[from] item: Leftovers\n|upkeep\n|turn|15\n|c|\u2606InternetSurfer123|oh\n|c|\u2606InternetSurfer123|ok\n|c|\u2606InternetSurfer123|wait\n|c|\u2606InternetSurfer123|you're not trying to\n|c|\u2606InternetSurfer123|pp stall me\n|c|\u2606InternetSurfer123|right?\n|c|\u2606Dindon Ductile|nooooo\n|c|\u2606InternetSurfer123|XD\n|c|\u2606InternetSurfer123|Thank god I watched that Nuzlocke video a while back\n|c|\u2606InternetSurfer123|seriously how do I beat this thing\n|\n|t:|1633248672\n|move|p1a: Zapdos|Roost|p1a: Zapdos\n|-heal|p1a: Zapdos|95\/100\n|-singleturn|p1a: Zapdos|move: Roost\n|move|p2a: Heracross|Close Combat|p1a: Zapdos\n|-damage|p1a: Zapdos|45\/100\n|-unboost|p2a: Heracross|def|1\n|-unboost|p2a: Heracross|spd|1\n|\n|-weather|Sandstorm|[upkeep]\n|-damage|p1a: Zapdos|39\/100|[from] Sandstorm\n|-damage|p2a: Heracross|16\/100|[from] Sandstorm\n|-heal|p1a: Zapdos|45\/100|[from] item: Leftovers\n|-heal|p2a: Heracross|22\/100|[from] item: Leftovers\n|upkeep\n|turn|16\n|c|\u2606InternetSurfer123|DAAAAAAAAAAMN\n|c|\u2606InternetSurfer123|that's crazy damage\n|c|\u2606InternetSurfer123|too bad it means jack\n|c|\u2606Dindon Ductile|because of roost\n|c|\u2606InternetSurfer123|yep\n|c|\u2606InternetSurfer123|exactly 50%\n|c|\u2606Dindon Ductile|that's neat\n|\n|t:|1633248728\n|switch|p2a: Ampharos|Ampharos, F|100\/100\n|move|p1a: Zapdos|Roost|p1a: Zapdos\n|-heal|p1a: Zapdos|95\/100\n|-singleturn|p1a: Zapdos|move: Roost\n|\n|-weather|Sandstorm|[upkeep]\n|-damage|p1a: Zapdos|89\/100|[from] Sandstorm\n|-damage|p2a: Ampharos|94\/100|[from] Sandstorm\n|-heal|p1a: Zapdos|95\/100|[from] item: Leftovers\n|-heal|p2a: Ampharos|100\/100|[from] item: Leftovers\n|upkeep\n|turn|17\n|c|\u2606InternetSurfer123|mwahhahahaha\n|\n|t:|1633248751\n|switch|p1a: Swampert|Swampert, M|100\/100\n|-damage|p1a: Swampert|94\/100|[from] Stealth Rock\n|move|p2a: Ampharos|Focus Blast|p1a: Swampert|[miss]\n|-miss|p2a: Ampharos|p1a: Swampert\n|\n|-weather|Sandstorm|[upkeep]\n|-damage|p2a: Ampharos|94\/100|[from] Sandstorm\n|-heal|p2a: Ampharos|100\/100|[from] item: Leftovers\n|-heal|p1a: Swampert|100\/100|[from] item: Leftovers\n|upkeep\n|turn|18\n|c|\u2606InternetSurfer123|...\n|c|\u2606Dindon Ductile|unlucky\n|\n|t:|1633248770\n|switch|p2a: Gengar|Gengar, F|67\/100\n|switch|p1a: Uxie|Uxie|57\/100\n|-damage|p1a: Uxie|45\/100|[from] Stealth Rock\n|\n|-weather|Sandstorm|[upkeep]\n|-damage|p2a: Gengar|60\/100|[from] Sandstorm\n|-damage|p1a: Uxie|39\/100|[from] Sandstorm\n|upkeep\n|turn|19\n|\n|t:|1633248783\n|switch|p1a: Swampert|Swampert, M|100\/100\n|-damage|p1a: Swampert|94\/100|[from] Stealth Rock\n|move|p2a: Gengar|Shadow Ball|p1a: Swampert\n|-damage|p1a: Swampert|56\/100\n|\n|-weather|Sandstorm|[upkeep]\n|-damage|p2a: Gengar|54\/100|[from] Sandstorm\n|-heal|p1a: Swampert|62\/100|[from] item: Leftovers\n|upkeep\n|turn|20\n|\n|t:|1633248793\n|switch|p1a: Tyranitar|Tyranitar, F|100\/100\n|-damage|p1a: Tyranitar|88\/100|[from] Stealth Rock\n|move|p2a: Gengar|Shadow Ball|p1a: Tyranitar\n|-resisted|p1a: Tyranitar\n|-damage|p1a: Tyranitar|77\/100\n|\n|-weather|Sandstorm|[upkeep]\n|-damage|p2a: Gengar|48\/100|[from] Sandstorm\n|-heal|p1a: Tyranitar|83\/100|[from] item: Leftovers\n|upkeep\n|turn|21\n|c|\u2606InternetSurfer123|I'm such a fool\n|c|\u2606InternetSurfer123|I've played myself\n|c|\u2606Dindon Ductile|:\/\n|\n|t:|1633248820\n|switch|p2a: Heatran|Heatran, M|100\/100\n|move|p1a: Tyranitar|Substitute|p1a: Tyranitar\n|-start|p1a: Tyranitar|Substitute\n|-damage|p1a: Tyranitar|58\/100\n|\n|-weather|Sandstorm|[upkeep]\n|-heal|p1a: Tyranitar|64\/100|[from] item: Leftovers\n|upkeep\n|turn|22\n|c|\u2606InternetSurfer123|that's even worse\n|\n|t:|1633248840\n|-singleturn|p1a: Tyranitar|move: Focus Punch\n|move|p2a: Heatran|Earth Power|p1a: Tyranitar\n|-supereffective|p1a: Tyranitar\n|-end|p1a: Tyranitar|Substitute\n|move|p1a: Tyranitar|Focus Punch|p2a: Heatran\n|-supereffective|p2a: Heatran\n|-damage|p2a: Heatran|5\/100\n|\n|-weather|Sandstorm|[upkeep]\n|-heal|p2a: Heatran|11\/100|[from] item: Leftovers\n|-heal|p1a: Tyranitar|71\/100|[from] item: Leftovers\n|upkeep\n|turn|23\n|c|\u2606InternetSurfer123|0_0\n|c|\u2606InternetSurfer123|Was that uninvested?\n|c|\u2606Dindon Ductile|No stealth rocks :\/\n|c|\u2606InternetSurfer123|because no universe do I live that\n|c|\u2606InternetSurfer123|ohhhhhhhhhh\n|c|\u2606InternetSurfer123|XD\n|\n|t:|1633248895\n|move|p2a: Heatran|Earth Power|p1a: Tyranitar\n|-supereffective|p1a: Tyranitar\n|-damage|p1a: Tyranitar|41\/100\n|move|p1a: Tyranitar|Crunch|p2a: Heatran\n|-resisted|p2a: Heatran\n|-damage|p2a: Heatran|0 fnt\n|faint|p2a: Heatran\n|\n|-weather|Sandstorm|[upkeep]\n|-heal|p1a: Tyranitar|48\/100|[from] item: Leftovers\n|upkeep\n|c|\u2606InternetSurfer123|well that's disappointing\n|\n|t:|1633248909\n|switch|p2a: Gengar|Gengar, F|48\/100\n|turn|24\n|\n|t:|1633248919\n|switch|p1a: Swampert|Swampert, M|62\/100\n|-damage|p1a: Swampert|56\/100|[from] Stealth Rock\n|move|p2a: Gengar|Shadow Ball|p1a: Swampert\n|-damage|p1a: Swampert|21\/100\n|\n|-weather|Sandstorm|[upkeep]\n|-damage|p2a: Gengar|42\/100|[from] Sandstorm\n|-heal|p1a: Swampert|28\/100|[from] item: Leftovers\n|upkeep\n|turn|25\n|c|\u2606InternetSurfer123|mwhahahahahahhahaha\n|\n|t:|1633248937\n|switch|p2a: Mamoswine|Mamoswine, F|94\/100 tox\n|move|p1a: Swampert|Protect||[still]\n|-fail|p1a: Swampert\n|\n|-weather|Sandstorm|[upkeep]\n|-heal|p2a: Mamoswine|100\/100 tox|[from] item: Leftovers\n|-damage|p2a: Mamoswine|94\/100 tox|[from] psn\n|-heal|p1a: Swampert|34\/100|[from] item: Leftovers\n|upkeep\n|turn|26\n|\n|t:|1633248947\n|move|p1a: Swampert|Protect|p1a: Swampert\n|-singleturn|p1a: Swampert|Protect\n|move|p2a: Mamoswine|Earthquake|p1a: Swampert\n|-activate|p1a: Swampert|Protect\n|\n|-weather|Sandstorm|[upkeep]\n|-heal|p2a: Mamoswine|100\/100 tox|[from] item: Leftovers\n|-damage|p2a: Mamoswine|88\/100 tox|[from] psn\n|-heal|p1a: Swampert|40\/100|[from] item: Leftovers\n|upkeep\n|turn|27\n|\n|t:|1633248960\n|switch|p1a: Uxie|Uxie|39\/100\n|-damage|p1a: Uxie|26\/100|[from] Stealth Rock\n|move|p2a: Mamoswine|Ice Shard|p1a: Uxie\n|-crit|p1a: Uxie\n|-damage|p1a: Uxie|0 fnt\n|faint|p1a: Uxie\n|\n|-weather|Sandstorm|[upkeep]\n|-heal|p2a: Mamoswine|94\/100 tox|[from] item: Leftovers\n|-damage|p2a: Mamoswine|76\/100 tox|[from] psn\n|upkeep\n|\n|t:|1633248975\n|switch|p1a: Machamp|Machamp, F|100\/100\n|-damage|p1a: Machamp|94\/100|[from] Stealth Rock\n|turn|28\n|c|\u2606InternetSurfer123|oh fuuuuuuuuuuuuuuuuuuuuu\n|\n|t:|1633248996\n|move|p2a: Mamoswine|Earthquake|p1a: Machamp\n|-damage|p1a: Machamp|23\/100\n|move|p1a: Machamp|Bulk Up|p1a: Machamp\n|-boost|p1a: Machamp|atk|1\n|-boost|p1a: Machamp|def|1\n|\n|-weather|Sandstorm|[upkeep]\n|-damage|p1a: Machamp|17\/100|[from] Sandstorm\n|-heal|p2a: Mamoswine|82\/100 tox|[from] item: Leftovers\n|-damage|p2a: Mamoswine|57\/100 tox|[from] psn\n|-heal|p1a: Machamp|23\/100|[from] item: Leftovers\n|upkeep\n|turn|29\n|c|\u2606Dindon Ductile|that does a lot\n|\n|t:|1633249011\n|switch|p2a: Starmie|Starmie|100\/100\n|move|p1a: Machamp|Bullet Punch|p2a: Starmie\n|-resisted|p2a: Starmie\n|-damage|p2a: Starmie|85\/100\n|\n|-weather|Sandstorm|[upkeep]\n|-damage|p2a: Starmie|79\/100|[from] Sandstorm\n|-damage|p1a: Machamp|17\/100|[from] Sandstorm\n|-heal|p2a: Starmie|85\/100|[from] item: Leftovers\n|-heal|p1a: Machamp|23\/100|[from] item: Leftovers\n|upkeep\n|turn|30\n|\n|t:|1633249026\n|move|p2a: Starmie|Surf|p1a: Machamp\n|-damage|p1a: Machamp|0 fnt\n|faint|p1a: Machamp\n|\n|-weather|Sandstorm|[upkeep]\n|-damage|p2a: Starmie|79\/100|[from] Sandstorm\n|-heal|p2a: Starmie|85\/100|[from] item: Leftovers\n|upkeep\n|\n|t:|1633249033\n|switch|p1a: Zapdos|Zapdos|95\/100\n|-damage|p1a: Zapdos|70\/100|[from] Stealth Rock\n|-ability|p1a: Zapdos|Pressure\n|turn|31\n|c|\u2606InternetSurfer123|dude this is so hard\n|c|\u2606InternetSurfer123|Bulky teams always give me a hard time\n|\n|t:|1633249061\n|move|p2a: Starmie|Ice Beam|p1a: Zapdos\n|-supereffective|p1a: Zapdos\n|-damage|p1a: Zapdos|20\/100\n|-status|p1a: Zapdos|frz\n|cant|p1a: Zapdos|frz\n|\n|-weather|Sandstorm|[upkeep]\n|-damage|p2a: Starmie|79\/100|[from] Sandstorm\n|-damage|p1a: Zapdos|14\/100 frz|[from] Sandstorm\n|-heal|p2a: Starmie|85\/100|[from] item: Leftovers\n|-heal|p1a: Zapdos|20\/100 frz|[from] item: Leftovers\n|upkeep\n|turn|32\n|c|\u2606InternetSurfer123|YOOOOOOOOOOOOOOOOOOOOOOO\n|c|\u2606Dindon Ductile|not that much\n|\n|t:|1633249080\n|switch|p1a: Latias|Latias, F|100\/100\n|-damage|p1a: Latias|88\/100|[from] Stealth Rock\n|move|p2a: Starmie|Surf|p1a: Latias\n|-resisted|p1a: Latias\n|-damage|p1a: Latias|75\/100\n|\n|-weather|Sandstorm|[upkeep]\n|-damage|p2a: Starmie|79\/100|[from] Sandstorm\n|-damage|p1a: Latias|69\/100|[from] Sandstorm\n|-heal|p2a: Starmie|85\/100|[from] item: Leftovers\n|-heal|p1a: Latias|75\/100|[from] item: Leftovers\n|upkeep\n|turn|33\n|c|\u2606InternetSurfer123|ah crap\n|\n|t:|1633249118\n|switch|p2a: Heracross|Heracross, F|22\/100\n|move|p1a: Latias|Dragon Pulse|p2a: Heracross\n|-damage|p2a: Heracross|0 fnt\n|faint|p2a: Heracross\n|\n|-weather|Sandstorm|[upkeep]\n|-damage|p1a: Latias|69\/100|[from] Sandstorm\n|-heal|p1a: Latias|75\/100|[from] item: Leftovers\n|upkeep\n|\n|t:|1633249132\n|switch|p2a: Ampharos|Ampharos, F|100\/100\n|turn|34\n|\n|t:|1633249143\n|move|p1a: Latias|Recover|p1a: Latias\n|-heal|p1a: Latias|100\/100\n|move|p2a: Ampharos|Thunder Wave|p1a: Latias\n|-status|p1a: Latias|par\n|\n|-weather|Sandstorm|[upkeep]\n|-damage|p2a: Ampharos|94\/100|[from] Sandstorm\n|-damage|p1a: Latias|94\/100 par|[from] Sandstorm\n|-heal|p2a: Ampharos|100\/100|[from] item: Leftovers\n|-heal|p1a: Latias|100\/100 par|[from] item: Leftovers\n|upkeep\n|turn|35\n|\n|t:|1633249154\n|move|p2a: Ampharos|Light Screen|p2a: Ampharos\n|-sidestart|p2: InternetSurfer123|Light Screen\n|move|p1a: Latias|Thunder Wave|p2a: Ampharos\n|-status|p2a: Ampharos|par\n|\n|-weather|Sandstorm|[upkeep]\n|-damage|p1a: Latias|94\/100 par|[from] Sandstorm\n|-damage|p2a: Ampharos|94\/100 par|[from] Sandstorm\n|-heal|p1a: Latias|100\/100 par|[from] item: Leftovers\n|-heal|p2a: Ampharos|100\/100 par|[from] item: Leftovers\n|upkeep\n|turn|36\n|\n|t:|1633249171\n|switch|p1a: Swampert|Swampert, M|40\/100\n|-damage|p1a: Swampert|34\/100|[from] Stealth Rock\n|move|p2a: Ampharos|Thunderbolt|p1a: Swampert\n|-immune|p1a: Swampert\n|\n|-weather|Sandstorm|[upkeep]\n|-damage|p2a: Ampharos|94\/100 par|[from] Sandstorm\n|-heal|p1a: Swampert|40\/100|[from] item: Leftovers\n|-heal|p2a: Ampharos|100\/100 par|[from] item: Leftovers\n|upkeep\n|turn|37\n|\n|t:|1633249194\n|move|p1a: Swampert|Earthquake|p2a: Ampharos\n|-supereffective|p2a: Ampharos\n|-damage|p2a: Ampharos|8\/100 par\n|move|p2a: Ampharos|Focus Blast|p1a: Swampert\n|-damage|p1a: Swampert|9\/100\n|\n|-weather|Sandstorm|[upkeep]\n|-damage|p2a: Ampharos|2\/100 par|[from] Sandstorm\n|-heal|p1a: Swampert|16\/100|[from] item: Leftovers\n|-heal|p2a: Ampharos|8\/100 par|[from] item: Leftovers\n|upkeep\n|turn|38\n|c|\u2606InternetSurfer123|aw cmon\n|\n|t:|1633249216\n|move|p1a: Swampert|Ice Beam|p2a: Ampharos\n|-damage|p2a: Ampharos|0 fnt\n|faint|p2a: Ampharos\n|\n|-weather|Sandstorm|[upkeep]\n|-heal|p1a: Swampert|22\/100|[from] item: Leftovers\n|upkeep\n|\n|t:|1633249238\n|switch|p2a: Starmie|Starmie|85\/100\n|turn|39\n|\n|t:|1633249249\n|move|p1a: Swampert|Protect|p1a: Swampert\n|-singleturn|p1a: Swampert|Protect\n|move|p2a: Starmie|Surf|p1a: Swampert\n|-activate|p1a: Swampert|Protect\n|\n|-sideend|p2: InternetSurfer123|Light Screen\n|-weather|Sandstorm|[upkeep]\n|-damage|p2a: Starmie|79\/100|[from] Sandstorm\n|-heal|p2a: Starmie|85\/100|[from] item: Leftovers\n|-heal|p1a: Swampert|28\/100|[from] item: Leftovers\n|upkeep\n|turn|40\n|\n|t:|1633249259\n|switch|p1a: Zapdos|Zapdos|20\/100 frz\n|-damage|p1a: Zapdos|0 fnt|[from] Stealth Rock\n|faint|p1a: Zapdos\n|move|p2a: Starmie|Surf|p1: Zapdos|[notarget]\n|-notarget|p2a: Starmie\n|\n|-weather|Sandstorm|[upkeep]\n|-damage|p2a: Starmie|79\/100|[from] Sandstorm\n|-heal|p2a: Starmie|85\/100|[from] item: Leftovers\n|upkeep\n|\n|t:|1633249275\n|switch|p1a: Latias|Latias, F|100\/100 par\n|-damage|p1a: Latias|88\/100 par|[from] Stealth Rock\n|turn|41\n|\n|t:|1633249279\n|move|p2a: Starmie|Ice Beam|p1a: Latias\n|-supereffective|p1a: Latias\n|-damage|p1a: Latias|54\/100 par\n|cant|p1a: Latias|par\n|\n|-weather|Sandstorm|[upkeep]\n|-damage|p2a: Starmie|79\/100|[from] Sandstorm\n|-damage|p1a: Latias|47\/100 par|[from] Sandstorm\n|-heal|p2a: Starmie|85\/100|[from] item: Leftovers\n|-heal|p1a: Latias|54\/100 par|[from] item: Leftovers\n|upkeep\n|turn|42\n|\n|t:|1633249290\n|move|p2a: Starmie|Thunderbolt|p1a: Latias\n|-resisted|p1a: Latias\n|-damage|p1a: Latias|44\/100 par\n|move|p1a: Latias|Recover|p1a: Latias\n|-heal|p1a: Latias|94\/100 par\n|\n|-weather|Sandstorm|[upkeep]\n|-damage|p2a: Starmie|79\/100|[from] Sandstorm\n|-damage|p1a: Latias|88\/100 par|[from] Sandstorm\n|-heal|p2a: Starmie|85\/100|[from] item: Leftovers\n|-heal|p1a: Latias|94\/100 par|[from] item: Leftovers\n|upkeep\n|turn|43\n|\n|t:|1633249300\n|move|p2a: Starmie|Ice Beam|p1a: Latias\n|-supereffective|p1a: Latias\n|-damage|p1a: Latias|58\/100 par\n|move|p1a: Latias|Thunder Wave|p2a: Starmie\n|-status|p2a: Starmie|par\n|\n|-weather|Sandstorm|[upkeep]\n|-damage|p2a: Starmie|79\/100 par|[from] Sandstorm\n|-damage|p1a: Latias|52\/100 par|[from] Sandstorm\n|-heal|p2a: Starmie|85\/100 par|[from] item: Leftovers\n|-heal|p1a: Latias|58\/100 par|[from] item: Leftovers\n|upkeep\n|turn|44\n|\n|t:|1633249311\n|-curestatus|p2a: Starmie|par|[from] ability: Natural Cure\n|switch|p2a: Mamoswine|Mamoswine, F|57\/100 tox\n|move|p1a: Latias|Recover|p1a: Latias\n|-heal|p1a: Latias|100\/100 par\n|\n|-weather|Sandstorm|[upkeep]\n|-damage|p1a: Latias|94\/100 par|[from] Sandstorm\n|-heal|p2a: Mamoswine|63\/100 tox|[from] item: Leftovers\n|-damage|p2a: Mamoswine|57\/100 tox|[from] psn\n|-heal|p1a: Latias|100\/100 par|[from] item: Leftovers\n|upkeep\n|turn|45\n|\n|t:|1633249322\n|move|p2a: Mamoswine|Ice Shard|p1a: Latias\n|-supereffective|p1a: Latias\n|-crit|p1a: Latias\n|-damage|p1a: Latias|26\/100 par\n|move|p1a: Latias|Reflect|p1a: Latias\n|-sidestart|p1: Dindon Ductile|Reflect\n|\n|-weather|Sandstorm|[upkeep]\n|-damage|p1a: Latias|20\/100 par|[from] Sandstorm\n|-heal|p2a: Mamoswine|63\/100 tox|[from] item: Leftovers\n|-damage|p2a: Mamoswine|51\/100 tox|[from] psn\n|-heal|p1a: Latias|26\/100 par|[from] item: Leftovers\n|upkeep\n|turn|46\n|\n|t:|1633249352\n|move|p2a: Mamoswine|Ice Shard|p1a: Latias\n|-supereffective|p1a: Latias\n|-damage|p1a: Latias|9\/100 par\n|move|p1a: Latias|Recover|p1a: Latias\n|-heal|p1a: Latias|59\/100 par\n|\n|-weather|Sandstorm|[upkeep]\n|-damage|p1a: Latias|53\/100 par|[from] Sandstorm\n|-heal|p2a: Mamoswine|57\/100 tox|[from] item: Leftovers\n|-damage|p2a: Mamoswine|38\/100 tox|[from] psn\n|-heal|p1a: Latias|59\/100 par|[from] item: Leftovers\n|upkeep\n|turn|47\n|c|\u2606InternetSurfer123|NOOOOOOOOOOOOOOOOOOOOO\n|c|\u2606Dindon Ductile|Yees\n|\n|t:|1633249364\n|switch|p2a: Gengar|Gengar, F|42\/100\n|move|p1a: Latias|Recover|p1a: Latias\n|-heal|p1a: Latias|100\/100 par\n|\n|-weather|Sandstorm|[upkeep]\n|-damage|p2a: Gengar|36\/100|[from] Sandstorm\n|-damage|p1a: Latias|94\/100 par|[from] Sandstorm\n|-heal|p1a: Latias|100\/100 par|[from] item: Leftovers\n|upkeep\n|turn|48\n|\n|t:|1633249374\n|move|p2a: Gengar|Shadow Ball|p1a: Latias\n|-supereffective|p1a: Latias\n|-damage|p1a: Latias|35\/100 par\n|move|p1a: Latias|Dragon Pulse|p2a: Gengar\n|-damage|p2a: Gengar|0 fnt\n|faint|p2a: Gengar\n|\n|-weather|Sandstorm|[upkeep]\n|-damage|p1a: Latias|29\/100 par|[from] Sandstorm\n|-heal|p1a: Latias|35\/100 par|[from] item: Leftovers\n|upkeep\n|\n|t:|1633249385\n|switch|p2a: Starmie|Starmie|85\/100\n|turn|49\n|\n|t:|1633249401\n|switch|p1a: Swampert|Swampert, M|28\/100\n|-damage|p1a: Swampert|22\/100|[from] Stealth Rock\n|move|p2a: Starmie|Ice Beam|p1a: Swampert\n|-damage|p1a: Swampert|0 fnt\n|faint|p1a: Swampert\n|\n|-sideend|p1: Dindon Ductile|Reflect\n|-weather|Sandstorm|[upkeep]\n|-damage|p2a: Starmie|79\/100|[from] Sandstorm\n|-heal|p2a: Starmie|85\/100|[from] item: Leftovers\n|upkeep\n|\n|t:|1633249412\n|switch|p1a: Tyranitar|Tyranitar, F|48\/100\n|-damage|p1a: Tyranitar|35\/100|[from] Stealth Rock\n|turn|50\n|c|\u2606InternetSurfer123|recover was probably the play there imo\n|\n|t:|1633249419\n|move|p2a: Starmie|Surf|p1a: Tyranitar\n|-supereffective|p1a: Tyranitar\n|-damage|p1a: Tyranitar|0 fnt\n|faint|p1a: Tyranitar\n|\n|-weather|Sandstorm|[upkeep]\n|-damage|p2a: Starmie|79\/100|[from] Sandstorm\n|-heal|p2a: Starmie|85\/100|[from] item: Leftovers\n|upkeep\n|\n|t:|1633249426\n|switch|p1a: Latias|Latias, F|35\/100 par\n|-damage|p1a: Latias|22\/100 par|[from] Stealth Rock\n|turn|51\n|\n|t:|1633249430\n|move|p2a: Starmie|Ice Beam|p1a: Latias\n|-supereffective|p1a: Latias\n|-damage|p1a: Latias|0 fnt\n|faint|p1a: Latias\n|\n|win|InternetSurfer123\n|raw|Dindon Ductile's rating: 1269 &rarr; <strong>1236<\/strong><br \/>(-33 for losing)\n|raw|InternetSurfer123's rating: 1156 &rarr; <strong>1189<\/strong><br \/>(+33 for winning)\n|c|\u2606InternetSurfer123|ggs\n|c|\u2606InternetSurfer123|man\n|c|\u2606InternetSurfer123|that was close\n|c|\u2606Dindon Ductile|gg\n|c|\u2606InternetSurfer123|gfgf\n|c|\u2606InternetSurfer123|2 bulky teams\n|l|\u2606Dindon Ductile\n|c|\u2606InternetSurfer123|2 dubs\n","uploadtime":1633249451,"views":14,"p1id":"dindonductile","p2id":"internetsurfer123","formatid":"gen4ou","rating":1189,"private":0,"password":null}