{"id":"gen4ubers-1289477693","p1":"Yves Stone","p2":"i know im horrible","format":"gen4ubers","log":"|j|\u2606Yves Stone\n|j|\u2606i know im horrible\n|t:|1614252163\n|player|p1|Yves Stone|steven|\n|player|p2|i know im horrible|2|\n|teamsize|p1|6\n|teamsize|p2|6\n|gametype|singles\n|gen|4\n|tier|[Gen 4] Ubers\n|rated|Tournament battle\n|rule|Sleep Clause Mod: Limit one foe put to sleep\n|rule|Species Clause: Limit one of each Pok\u00e9mon\n|rule|OHKO Clause: OHKO moves are banned\n|rule|Evasion Moves Clause: Evasion moves are banned\n|rule|Endless Battle Clause: Forcing endless battles is banned\n|rule|HP Percentage Mod: HP is shown in percentages\n|\n|t:|1614252163\n|start\n|switch|p1a: Ho-Oh|Ho-Oh|100\/100\n|switch|p2a: Deoxys|Deoxys-Speed|100\/100\n|-ability|p2a: Deoxys|Pressure\n|-ability|p1a: Ho-Oh|Pressure\n|turn|1\n|j| RenegadeVictini\n|c|\u2606i know im horrible|gl hf\n|c|\u2606Yves Stone|hf\n|j| 6noodles\n|\n|t:|1614252178\n|move|p2a: Deoxys|Stealth Rock|p1a: Ho-Oh\n|-sidestart|p1: Yves Stone|move: Stealth Rock\n|move|p1a: Ho-Oh|Sacred Fire|p2a: Deoxys\n|-damage|p2a: Deoxys|33\/100\n|\n|upkeep\n|turn|2\n|j| AlderForFun\n|\n|t:|1614252184\n|move|p2a: Deoxys|Psycho Boost|p1a: Ho-Oh\n|-damage|p1a: Ho-Oh|73\/100\n|-unboost|p2a: Deoxys|spa|2\n|move|p1a: Ho-Oh|Sacred Fire|p2a: Deoxys\n|-damage|p2a: Deoxys|0 fnt\n|faint|p2a: Deoxys\n|\n|upkeep\n|\n|t:|1614252191\n|switch|p2a: Kyogre|Kyogre|100\/100\n|-weather|RainDance|[from] ability: Drizzle|[of] p2a: Kyogre\n|turn|3\n|\n|t:|1614252196\n|switch|p1a: Giratina-O|Giratina-Origin|100\/100\n|-damage|p1a: Giratina-O|88\/100|[from] Stealth Rock\n|move|p2a: Kyogre|Water Spout|p1a: Giratina-O\n|-resisted|p1a: Giratina-O\n|-damage|p1a: Giratina-O|18\/100\n|\n|-weather|RainDance|[upkeep]\n|upkeep\n|turn|4\n|\n|t:|1614252203\n|switch|p2a: Darkrai|Darkrai|100\/100\n|move|p1a: Giratina-O|Shadow Sneak|p2a: Darkrai\n|-resisted|p2a: Darkrai\n|-damage|p2a: Darkrai|87\/100\n|\n|-weather|RainDance|[upkeep]\n|upkeep\n|turn|5\n|\n|t:|1614252211\n|move|p2a: Darkrai|Dark Pulse|p1a: Giratina-O\n|-supereffective|p1a: Giratina-O\n|-damage|p1a: Giratina-O|0 fnt\n|-damage|p2a: Darkrai|77\/100|[from] item: Life Orb\n|faint|p1a: Giratina-O\n|\n|-weather|RainDance|[upkeep]\n|upkeep\n|\n|t:|1614252218\n|switch|p1a: Darkrai|Darkrai|100\/100\n|-damage|p1a: Darkrai|88\/100|[from] Stealth Rock\n|turn|6\n|\n|t:|1614252224\n|move|p1a: Darkrai|Dark Void|p2a: Darkrai\n|-status|p2a: Darkrai|slp|[from] move: Dark Void\n|cant|p2a: Darkrai|slp\n|\n|-weather|RainDance|[upkeep]\n|-damage|p2a: Darkrai|64\/100 slp|[from] ability: Bad Dreams|[of] p1a: Darkrai\n|upkeep\n|turn|7\n|l| AlderForFun\n|\n|t:|1614252233\n|switch|p1a: Forretress|Forretress, F|100\/100\n|-damage|p1a: Forretress|88\/100|[from] Stealth Rock\n|switch|p2a: Kabutops|Kabutops, M|100\/100\n|\n|-weather|RainDance|[upkeep]\n|-heal|p1a: Forretress|94\/100|[from] item: Leftovers\n|upkeep\n|turn|8\n|\n|t:|1614252245\n|switch|p2a: Kyogre|Kyogre|100\/100\n|move|p1a: Forretress|Rapid Spin|p2a: Kyogre\n|-damage|p2a: Kyogre|96\/100\n|-sideend|p1: Yves Stone|Stealth Rock|[from] move: Rapid Spin|[of] p1a: Forretress\n|\n|-weather|RainDance|[upkeep]\n|-heal|p1a: Forretress|100\/100|[from] item: Leftovers\n|upkeep\n|turn|9\n|\n|t:|1614252257\n|move|p2a: Kyogre|Water Spout|p1a: Forretress\n|-damage|p1a: Forretress|0 fnt\n|faint|p1a: Forretress\n|\n|-weather|RainDance|[upkeep]\n|upkeep\n|\n|t:|1614252262\n|switch|p1a: Palkia|Palkia|100\/100\n|-ability|p1a: Palkia|Pressure\n|turn|10\n|\n|t:|1614252270\n|switch|p2a: Darkrai|Darkrai|64\/100 slp\n|move|p1a: Palkia|Thunder|p2a: Darkrai\n|-damage|p2a: Darkrai|0 fnt\n|faint|p2a: Darkrai\n|\n|-weather|RainDance|[upkeep]\n|upkeep\n|\n|t:|1614252273\n|switch|p2a: Latios|Latios, M|100\/100\n|turn|11\n|j| snapzz\n|l| snapzz\n|\n|t:|1614252292\n|switch|p1a: Ho-Oh|Ho-Oh|73\/100\n|-ability|p1a: Ho-Oh|Pressure\n|move|p2a: Latios|Draco Meteor|p1a: Ho-Oh\n|-damage|p1a: Ho-Oh|0 fnt\n|-unboost|p2a: Latios|spa|2\n|faint|p1a: Ho-Oh\n|\n|-weather|RainDance|[upkeep]\n|upkeep\n|\n|t:|1614252302\n|switch|p1a: Darkrai|Darkrai|88\/100\n|turn|12\n|\n|t:|1614252309\n|move|p1a: Darkrai|Dark Void|p2a: Latios\n|-status|p2a: Latios|slp|[from] move: Dark Void\n|cant|p2a: Latios|slp\n|\n|-weather|RainDance|[upkeep]\n|-damage|p2a: Latios|88\/100 slp|[from] ability: Bad Dreams|[of] p1a: Darkrai\n|upkeep\n|turn|13\n|\n|t:|1614252317\n|switch|p2a: Kabutops|Kabutops, M|100\/100\n|move|p1a: Darkrai|Dark Pulse|p2a: Kabutops\n|-damage|p2a: Kabutops|0 fnt\n|-damage|p1a: Darkrai|78\/100|[from] item: Life Orb\n|faint|p2a: Kabutops\n|\n|-weather|RainDance|[upkeep]\n|upkeep\n|\n|t:|1614252323\n|switch|p2a: Shaymin|Shaymin-Sky|100\/100\n|turn|14\n|\n|t:|1614252333\n|move|p2a: Shaymin|Air Slash|p1a: Darkrai\n|-damage|p1a: Darkrai|29\/100\n|cant|p1a: Darkrai|flinch\n|\n|-weather|RainDance|[upkeep]\n|upkeep\n|turn|15\n|\n|t:|1614252337\n|move|p2a: Shaymin|Air Slash|p1a: Darkrai\n|-crit|p1a: Darkrai\n|-damage|p1a: Darkrai|0 fnt\n|faint|p1a: Darkrai\n|\n|-weather|RainDance|[upkeep]\n|upkeep\n|\n|t:|1614252341\n|switch|p1a: Groudon|Groudon|100\/100\n|-weather|SunnyDay|[from] ability: Drought|[of] p1a: Groudon\n|turn|16\n|\n|t:|1614252347\n|switch|p2a: Latios|Latios, M|88\/100 slp\n|move|p1a: Groudon|Earthquake|p2a: Latios\n|-immune|p2a: Latios|[from] ability: Levitate\n|\n|-weather|SunnyDay|[upkeep]\n|upkeep\n|turn|17\n|\n|t:|1614252352\n|cant|p2a: Latios|slp\n|move|p1a: Groudon|Dragon Claw|p2a: Latios\n|-supereffective|p2a: Latios\n|-crit|p2a: Latios\n|-damage|p2a: Latios|0 fnt\n|faint|p2a: Latios\n|\n|-weather|SunnyDay|[upkeep]\n|upkeep\n|\n|t:|1614252357\n|switch|p2a: Kyogre|Kyogre|96\/100\n|-weather|RainDance|[from] ability: Drizzle|[of] p2a: Kyogre\n|turn|18\n|\n|t:|1614252368\n|move|p2a: Kyogre|Ice Beam|p1a: Groudon\n|-supereffective|p1a: Groudon\n|-crit|p1a: Groudon\n|-damage|p1a: Groudon|0 fnt\n|faint|p1a: Groudon\n|\n|-weather|RainDance|[upkeep]\n|upkeep\n|\n|t:|1614252373\n|switch|p1a: Palkia|Palkia|100\/100\n|-ability|p1a: Palkia|Pressure\n|turn|19\n|\n|t:|1614252376\n|move|p1a: Palkia|Thunder|p2a: Kyogre\n|-supereffective|p2a: Kyogre\n|-damage|p2a: Kyogre|30\/100\n|move|p2a: Kyogre|Ice Beam|p1a: Palkia\n|-damage|p1a: Palkia|54\/100\n|\n|-weather|RainDance|[upkeep]\n|upkeep\n|turn|20\n|\n|t:|1614252382\n|move|p1a: Palkia|Thunder|p2a: Kyogre\n|-supereffective|p2a: Kyogre\n|-damage|p2a: Kyogre|0 fnt\n|faint|p2a: Kyogre\n|\n|-weather|RainDance|[upkeep]\n|upkeep\n|j| alpha male psyduck\n|j| TheNewBrends11\n|j| Maxiv The Pirate\n|\n|t:|1614252430\n|switch|p2a: Shaymin|Shaymin-Sky|100\/100\n|turn|21\n|\n|t:|1614252435\n|move|p2a: Shaymin|Air Slash|p1a: Palkia\n|-damage|p1a: Palkia|21\/100\n|cant|p1a: Palkia|flinch\n|\n|-weather|RainDance|[upkeep]\n|upkeep\n|turn|22\n|\n|t:|1614252439\n|move|p2a: Shaymin|Air Slash|p1a: Palkia\n|-damage|p1a: Palkia|0 fnt\n|faint|p1a: Palkia\n|\n|win|i know im horrible\n|n|\u2606Yves Stone|yvesstone\n|n|\u2606i know im horrible|iknowimhorrible\n|n| RenegadeVictini|renegadevictini\n|n| 6noodles|6noodles\n|n| alpha male psyduck|alphamalepsyduck\n|n| TheNewBrends11|thenewbrends11\n|n| Maxiv The Pirate|maxivthepirate\n|c|\u2606i know im horrible|gg\n|c|\u2606Yves Stone|gg\n|l|\u2606Yves Stone\n|c|\u2606i know im horrible|was calcing seed flare\n|l| 6noodles\n|l| RenegadeVictini\n","uploadtime":1614252440,"views":18,"p1id":"yvesstone","p2id":"iknowimhorrible","formatid":"gen4ubers","rating":0,"private":0,"password":null}