{"id":"gen4ou-1679871006","p1":"MegaIdot","p2":"quixana","format":"gen4ou","log":"|j|\u2606MegaIdot\n|j|\u2606quixana\n|t:|1665141018\n|gametype|singles\n|player|p1|MegaIdot|cynthia|\n|player|p2|quixana|ethan-pokeathlon|\n|teamsize|p1|6\n|teamsize|p2|6\n|gen|4\n|tier|[Gen 4] OU\n|rated|Tournament battle\n|rule|Sleep Clause Mod: Limit one foe put to sleep\n|rule|Species Clause: Limit one of each Pok\u00e9mon\n|rule|OHKO Clause: OHKO moves are banned\n|rule|Evasion Items Clause: Evasion items are banned\n|rule|Evasion Moves Clause: Evasion moves are banned\n|rule|Endless Battle Clause: Forcing endless battles is banned\n|rule|HP Percentage Mod: HP is shown in percentages\n|rule|Freeze Clause Mod: Limit one foe frozen\n|\n|t:|1665141018\n|start\n|switch|p1a: Tyranitar|Tyranitar, F|100\/100\n|switch|p2a: Jirachi|Jirachi|100\/100\n|-weather|Sandstorm|[from] ability: Sand Stream|[of] p1a: Tyranitar\n|turn|1\n|j| BB-8-NU\n|inactive|Battle timer is ON: inactive players will automatically lose when time's up. (requested by MegaIdot)\n|c|\u2606MegaIdot|hf\n|c|\u2606quixana|glhf\n|j| Drop a burn\n|\n|t:|1665141038\n|switch|p2a: Milotic|Milotic, F, shiny|100\/100\n|move|p1a: Tyranitar|Stealth Rock|p2a: Milotic\n|-sidestart|p2: quixana|move: Stealth Rock\n|\n|-weather|Sandstorm|[upkeep]\n|-damage|p2a: Milotic|94\/100|[from] Sandstorm\n|-heal|p2a: Milotic|100\/100|[from] item: Leftovers\n|upkeep\n|turn|2\n|\n|t:|1665141045\n|move|p2a: Milotic|Surf|p1a: Tyranitar\n|-supereffective|p1a: Tyranitar\n|-damage|p1a: Tyranitar|64\/100\n|move|p1a: Tyranitar|Crunch|p2a: Milotic\n|-damage|p2a: Milotic|68\/100\n|\n|-weather|Sandstorm|[upkeep]\n|-damage|p2a: Milotic|62\/100|[from] Sandstorm\n|-heal|p2a: Milotic|68\/100|[from] item: Leftovers\n|upkeep\n|turn|3\n|j| Ghosty321\n|j| iswearidontknow3\n|\n|t:|1665141070\n|move|p2a: Milotic|Surf|p1a: Tyranitar\n|-supereffective|p1a: Tyranitar\n|-damage|p1a: Tyranitar|24\/100\n|move|p1a: Tyranitar|Crunch|p2a: Milotic\n|-damage|p2a: Milotic|38\/100\n|\n|-weather|Sandstorm|[upkeep]\n|-damage|p2a: Milotic|32\/100|[from] Sandstorm\n|-heal|p2a: Milotic|38\/100|[from] item: Leftovers\n|upkeep\n|turn|4\n|\n|t:|1665141078\n|move|p2a: Milotic|Recover|p2a: Milotic\n|-heal|p2a: Milotic|88\/100\n|move|p1a: Tyranitar|Crunch|p2a: Milotic\n|-damage|p2a: Milotic|56\/100\n|\n|-weather|Sandstorm|[upkeep]\n|-damage|p2a: Milotic|50\/100|[from] Sandstorm\n|-heal|p2a: Milotic|56\/100|[from] item: Leftovers\n|upkeep\n|turn|5\n|\n|t:|1665141083\n|move|p2a: Milotic|Recover|p2a: Milotic\n|-heal|p2a: Milotic|100\/100\n|move|p1a: Tyranitar|Crunch|p2a: Milotic\n|-damage|p2a: Milotic|70\/100\n|\n|-weather|Sandstorm|[upkeep]\n|-damage|p2a: Milotic|64\/100|[from] Sandstorm\n|-heal|p2a: Milotic|70\/100|[from] item: Leftovers\n|upkeep\n|turn|6\n|\n|t:|1665141085\n|move|p2a: Milotic|Surf|p1a: Tyranitar\n|-supereffective|p1a: Tyranitar\n|-damage|p1a: Tyranitar|0 fnt\n|faint|p1a: Tyranitar\n|\n|-weather|Sandstorm|[upkeep]\n|-damage|p2a: Milotic|64\/100|[from] Sandstorm\n|-heal|p2a: Milotic|70\/100|[from] item: Leftovers\n|upkeep\n|\n|t:|1665141087\n|switch|p1a: Breloom|Breloom, F|100\/100\n|turn|7\n|c| iswearidontknow3|yo drop a burn wassup\n|c| iswearidontknow3|this is entartainment\n|\n|t:|1665141110\n|switch|p2a: Jirachi|Jirachi|100\/100\n|-damage|p2a: Jirachi|94\/100|[from] Stealth Rock\n|move|p1a: Breloom|Spore|p2a: Jirachi\n|-status|p2a: Jirachi|slp|[from] move: Spore\n|\n|-weather|Sandstorm|[upkeep]\n|-damage|p1a: Breloom|94\/100|[from] Sandstorm\n|-heal|p2a: Jirachi|100\/100 slp|[from] item: Leftovers\n|-status|p1a: Breloom|tox|[from] item: Toxic Orb\n|upkeep\n|turn|8\n|c| Drop a burn|Yo\n|c| Drop a burn|Ikr\n|\n|t:|1665141114\n|-singleturn|p1a: Breloom|move: Focus Punch\n|switch|p2a: Gliscor|Gliscor, M, shiny|100\/100\n|-damage|p2a: Gliscor|88\/100|[from] Stealth Rock\n|move|p1a: Breloom|Focus Punch|p2a: Gliscor\n|-resisted|p2a: Gliscor\n|-damage|p2a: Gliscor|59\/100\n|\n|-weather|Sandstorm|[upkeep]\n|-damage|p1a: Breloom|88\/100 tox|[from] Sandstorm\n|-heal|p2a: Gliscor|65\/100|[from] item: Leftovers\n|-heal|p1a: Breloom|100\/100 tox|[from] ability: Poison Heal\n|upkeep\n|turn|9\n|\n|t:|1665141120\n|switch|p1a: Rotom|Rotom-Wash|100\/100\n|move|p2a: Gliscor|Wing Attack|p1a: Rotom\n|-resisted|p1a: Rotom\n|-damage|p1a: Rotom|86\/100\n|\n|-weather|Sandstorm|[upkeep]\n|-damage|p1a: Rotom|80\/100|[from] Sandstorm\n|-heal|p2a: Gliscor|71\/100|[from] item: Leftovers\n|upkeep\n|turn|10\n|c| Drop a burn|Feels good watching good players battle\n|\n|t:|1665141130\n|switch|p2a: Clefable|Clefable, F, shiny|100\/100\n|move|p1a: Rotom|Trick|p2a: Clefable\n|-activate|p1a: Rotom|move: Trick|[of] p2a: Clefable\n|-item|p2a: Clefable|Choice Scarf|[from] move: Trick\n|-item|p1a: Rotom|Leftovers|[from] move: Trick\n|\n|-weather|Sandstorm|[upkeep]\n|-damage|p1a: Rotom|74\/100|[from] Sandstorm\n|-heal|p1a: Rotom|80\/100|[from] item: Leftovers\n|upkeep\n|turn|11\n|c| Drop a burn|Bc god knows im ass at this kids game\n|j| Based Scythe\n|\n|t:|1665141138\n|switch|p1a: Breloom|Breloom, F|100\/100 tox\n|move|p2a: Clefable|Stealth Rock|p1a: Breloom\n|-sidestart|p1: MegaIdot|move: Stealth Rock\n|\n|-weather|Sandstorm|[upkeep]\n|-damage|p1a: Breloom|94\/100 tox|[from] Sandstorm\n|-heal|p1a: Breloom|100\/100 tox|[from] ability: Poison Heal\n|upkeep\n|turn|12\n|\n|t:|1665141143\n|switch|p2a: Gliscor|Gliscor, M, shiny|71\/100\n|-damage|p2a: Gliscor|59\/100|[from] Stealth Rock\n|move|p1a: Breloom|Seed Bomb|p2a: Gliscor\n|-damage|p2a: Gliscor|28\/100\n|\n|-weather|Sandstorm|[upkeep]\n|-damage|p1a: Breloom|94\/100 tox|[from] Sandstorm\n|-heal|p2a: Gliscor|34\/100|[from] item: Leftovers\n|-heal|p1a: Breloom|100\/100 tox|[from] ability: Poison Heal\n|upkeep\n|turn|13\n|\n|t:|1665141151\n|switch|p1a: Rotom|Rotom-Wash|80\/100\n|-damage|p1a: Rotom|68\/100|[from] Stealth Rock\n|move|p2a: Gliscor|Roost|p2a: Gliscor\n|-heal|p2a: Gliscor|84\/100\n|-singleturn|p2a: Gliscor|move: Roost\n|\n|-weather|Sandstorm|[upkeep]\n|-damage|p1a: Rotom|61\/100|[from] Sandstorm\n|-heal|p1a: Rotom|68\/100|[from] item: Leftovers\n|-heal|p2a: Gliscor|91\/100|[from] item: Leftovers\n|upkeep\n|turn|14\n|c| iswearidontknow3|your not that bad\n|c| iswearidontknow3|im wrose\n|c| iswearidontknow3|worse\n|\n|t:|1665141166\n|move|p1a: Rotom|Hidden Power|p2a: Gliscor\n|-supereffective|p2a: Gliscor\n|-damage|p2a: Gliscor|0 fnt\n|faint|p2a: Gliscor\n|\n|-weather|Sandstorm|[upkeep]\n|-damage|p1a: Rotom|61\/100|[from] Sandstorm\n|-heal|p1a: Rotom|68\/100|[from] item: Leftovers\n|upkeep\n|c| Based Scythe|no im worse\n|c| iswearidontknow3|welp this is entartainment\n|c| iswearidontknow3|nice rotom is ghost type here\n|\n|t:|1665141184\n|switch|p2a: Clefable|Clefable, F, shiny|100\/100\n|turn|15\n|\n|t:|1665141188\n|switch|p1a: Breloom|Breloom, F|100\/100 tox\n|-damage|p1a: Breloom|94\/100 tox|[from] Stealth Rock\n|move|p2a: Clefable|Knock Off|p1a: Breloom\n|-resisted|p1a: Breloom\n|-damage|p1a: Breloom|92\/100 tox\n|-enditem|p1a: Breloom|Toxic Orb|[from] move: Knock Off\n|-hint|In Gens 3-4, Knock Off only makes the target's item unusable; it cannot obtain a new item.\n|\n|-weather|Sandstorm|[upkeep]\n|-damage|p1a: Breloom|86\/100 tox|[from] Sandstorm\n|-heal|p1a: Breloom|98\/100 tox|[from] ability: Poison Heal\n|upkeep\n|turn|16\n|c| Drop a burn|Ye i hate using rotom in dpp lol\n|c| iswearidontknow3|so no stab hydro but you can still spin block\n|\n|t:|1665141201\n|-singleturn|p1a: Breloom|move: Focus Punch\n|move|p2a: Clefable|Knock Off|p1a: Breloom\n|-resisted|p1a: Breloom\n|-damage|p1a: Breloom|96\/100 tox\n|move|p1a: Breloom|Focus Punch||[still]\n|cant|p1a: Breloom|Focus Punch|Focus Punch\n|\n|-weather|Sandstorm|[upkeep]\n|-damage|p1a: Breloom|90\/100 tox|[from] Sandstorm\n|-heal|p1a: Breloom|100\/100 tox|[from] ability: Poison Heal\n|upkeep\n|turn|17\n|c| Drop a burn|Its always a 50\/50 between ttar lol\n|c| iswearidontknow3|and its  not weak to grass\n|\n|t:|1665141210\n|move|p2a: Clefable|Knock Off|p1a: Breloom\n|-resisted|p1a: Breloom\n|-damage|p1a: Breloom|98\/100 tox\n|move|p1a: Breloom|Seed Bomb|p2a: Clefable\n|-damage|p2a: Clefable|52\/100\n|\n|-weather|Sandstorm|[upkeep]\n|-damage|p1a: Breloom|92\/100 tox|[from] Sandstorm\n|-heal|p1a: Breloom|100\/100 tox|[from] ability: Poison Heal\n|upkeep\n|turn|18\n|c| iswearidontknow3|yea\n|\n|t:|1665141216\n|switch|p2a: Flygon|Flygon, M, shiny|100\/100\n|-damage|p2a: Flygon|95\/100|[from] Stealth Rock\n|move|p1a: Breloom|Seed Bomb|p2a: Flygon\n|-damage|p2a: Flygon|30\/100\n|\n|-weather|Sandstorm|[upkeep]\n|-damage|p1a: Breloom|94\/100 tox|[from] Sandstorm\n|-heal|p1a: Breloom|100\/100 tox|[from] ability: Poison Heal\n|upkeep\n|turn|19\n|c| Based Scythe|just will o wisp\n|c| Based Scythe|so it cant switch in for free\n|c| iswearidontknow3|yo drop a burn i just made a gen 7 ou team\n|\n|t:|1665141237\n|move|p1a: Breloom|Mach Punch|p2a: Flygon\n|-damage|p2a: Flygon|0 fnt\n|faint|p2a: Flygon\n|\n|-weather|Sandstorm|[upkeep]\n|-damage|p1a: Breloom|94\/100 tox|[from] Sandstorm\n|-heal|p1a: Breloom|100\/100 tox|[from] ability: Poison Heal\n|upkeep\n|c| iswearidontknow3|and i got a notification of this game so\n|c| Drop a burn|Oh cool\n|c|\u2606quixana|oof\n|c|\u2606quixana|gg\n|j| aolt\n|\n|t:|1665141248\n|switch|p2a: Magnezone|Magnezone|100\/100\n|-damage|p2a: Magnezone|94\/100|[from] Stealth Rock\n|turn|20\n|\n|t:|1665141254\n|switch|p1a: Heatran|Heatran, M|100\/100\n|-damage|p1a: Heatran|88\/100|[from] Stealth Rock\n|move|p2a: Magnezone|Hidden Power|p1a: Heatran\n|-start|p1a: Heatran|ability: Flash Fire\n|\n|-weather|Sandstorm|[upkeep]\n|-heal|p2a: Magnezone|100\/100|[from] item: Leftovers\n|upkeep\n|turn|21\n|c| Drop a burn|Send the team in the room chat or smth\n|\n|t:|1665141262\n|move|p2a: Magnezone|Protect|p2a: Magnezone\n|-singleturn|p2a: Magnezone|Protect\n|move|p1a: Heatran|Hidden Power|p2a: Magnezone\n|-activate|p2a: Magnezone|Protect\n|\n|-weather|Sandstorm|[upkeep]\n|upkeep\n|turn|22\n|c| iswearidontknow3|heatran\n|c| iswearidontknow3|now ay\n|\n|t:|1665141271\n|switch|p2a: Clefable|Clefable, F, shiny|52\/100\n|move|p1a: Heatran|Earth Power|p2a: Clefable\n|-damage|p2a: Clefable|22\/100\n|-damage|p1a: Heatran|78\/100|[from] item: Life Orb\n|\n|-weather|Sandstorm|[upkeep]\n|upkeep\n|turn|23\n|c| iswearidontknow3|offensive heatran\n|\n|t:|1665141280\n|move|p1a: Heatran|Fire Blast|p2a: Clefable\n|-damage|p2a: Clefable|0 fnt\n|faint|p2a: Clefable\n|-damage|p1a: Heatran|68\/100|[from] item: Life Orb\n|\n|-weather|Sandstorm|[upkeep]\n|upkeep\n|\n|t:|1665141283\n|switch|p2a: Milotic|Milotic, F, shiny|70\/100\n|-damage|p2a: Milotic|58\/100|[from] Stealth Rock\n|turn|24\n|l| aolt\n|\n|t:|1665141290\n|-end|p1a: Heatran|ability: Flash Fire|[silent]\n|switch|p1a: Gyarados|Gyarados, F, shiny|100\/100\n|-damage|p1a: Gyarados|76\/100|[from] Stealth Rock\n|-ability|p1a: Gyarados|Intimidate|boost\n|-unboost|p2a: Milotic|atk|1\n|move|p2a: Milotic|Surf|p1a: Gyarados\n|-resisted|p1a: Gyarados\n|-damage|p1a: Gyarados|58\/100\n|\n|-weather|Sandstorm|[upkeep]\n|-damage|p1a: Gyarados|52\/100|[from] Sandstorm\n|-damage|p2a: Milotic|52\/100|[from] Sandstorm\n|-heal|p1a: Gyarados|58\/100|[from] item: Leftovers\n|-heal|p2a: Milotic|58\/100|[from] item: Leftovers\n|upkeep\n|turn|25\n|\n|t:|1665141297\n|move|p1a: Gyarados|Dragon Dance|p1a: Gyarados\n|-boost|p1a: Gyarados|atk|1\n|-boost|p1a: Gyarados|spe|1\n|move|p2a: Milotic|Haze|p2a: Milotic\n|-clearallboost\n|\n|-weather|Sandstorm|[upkeep]\n|-damage|p1a: Gyarados|52\/100|[from] Sandstorm\n|-damage|p2a: Milotic|52\/100|[from] Sandstorm\n|-heal|p1a: Gyarados|58\/100|[from] item: Leftovers\n|-heal|p2a: Milotic|58\/100|[from] item: Leftovers\n|upkeep\n|turn|26\n|\n|t:|1665141304\n|move|p1a: Gyarados|Dragon Dance|p1a: Gyarados\n|-boost|p1a: Gyarados|atk|1\n|-boost|p1a: Gyarados|spe|1\n|move|p2a: Milotic|Recover|p2a: Milotic\n|-heal|p2a: Milotic|100\/100\n|\n|-weather|Sandstorm|[upkeep]\n|-damage|p1a: Gyarados|52\/100|[from] Sandstorm\n|-damage|p2a: Milotic|94\/100|[from] Sandstorm\n|-heal|p1a: Gyarados|58\/100|[from] item: Leftovers\n|-heal|p2a: Milotic|100\/100|[from] item: Leftovers\n|upkeep\n|turn|27\n|\n|t:|1665141307\n|move|p1a: Gyarados|Bounce||[still]\n|-prepare|p1a: Gyarados|Bounce\n|move|p2a: Milotic|Haze|p2a: Milotic\n|-clearallboost\n|\n|-weather|Sandstorm|[upkeep]\n|-damage|p1a: Gyarados|52\/100|[from] Sandstorm\n|-damage|p2a: Milotic|94\/100|[from] Sandstorm\n|-heal|p1a: Gyarados|58\/100|[from] item: Leftovers\n|-heal|p2a: Milotic|100\/100|[from] item: Leftovers\n|upkeep\n|turn|28\n|\n|t:|1665141316\n|switch|p2a: Jirachi|Jirachi|100\/100 slp\n|-damage|p2a: Jirachi|94\/100 slp|[from] Stealth Rock\n|move|p1a: Gyarados|Bounce|p2a: Jirachi|[from]lockedmove\n|-resisted|p2a: Jirachi\n|-damage|p2a: Jirachi|80\/100 slp\n|\n|-weather|Sandstorm|[upkeep]\n|-damage|p1a: Gyarados|52\/100|[from] Sandstorm\n|-heal|p1a: Gyarados|58\/100|[from] item: Leftovers\n|-heal|p2a: Jirachi|86\/100 slp|[from] item: Leftovers\n|upkeep\n|turn|29\n|\n|t:|1665141319\n|switch|p2a: Milotic|Milotic, F, shiny|100\/100\n|-damage|p2a: Milotic|88\/100|[from] Stealth Rock\n|move|p1a: Gyarados|Dragon Dance|p1a: Gyarados\n|-boost|p1a: Gyarados|atk|1\n|-boost|p1a: Gyarados|spe|1\n|\n|-weather|Sandstorm|[upkeep]\n|-damage|p1a: Gyarados|52\/100|[from] Sandstorm\n|-damage|p2a: Milotic|82\/100|[from] Sandstorm\n|-heal|p1a: Gyarados|58\/100|[from] item: Leftovers\n|-heal|p2a: Milotic|88\/100|[from] item: Leftovers\n|upkeep\n|turn|30\n|\n|t:|1665141321\n|move|p1a: Gyarados|Earthquake|p2a: Milotic\n|-damage|p2a: Milotic|53\/100\n|move|p2a: Milotic|Haze|p2a: Milotic\n|-clearallboost\n|\n|-weather|Sandstorm|[upkeep]\n|-damage|p1a: Gyarados|52\/100|[from] Sandstorm\n|-damage|p2a: Milotic|47\/100|[from] Sandstorm\n|-heal|p1a: Gyarados|58\/100|[from] item: Leftovers\n|-heal|p2a: Milotic|53\/100|[from] item: Leftovers\n|upkeep\n|turn|31\n|\n|t:|1665141325\n|move|p1a: Gyarados|Earthquake|p2a: Milotic\n|-damage|p2a: Milotic|30\/100\n|move|p2a: Milotic|Recover|p2a: Milotic\n|-heal|p2a: Milotic|80\/100\n|\n|-weather|Sandstorm|[upkeep]\n|-damage|p1a: Gyarados|52\/100|[from] Sandstorm\n|-damage|p2a: Milotic|74\/100|[from] Sandstorm\n|-heal|p1a: Gyarados|58\/100|[from] item: Leftovers\n|-heal|p2a: Milotic|80\/100|[from] item: Leftovers\n|upkeep\n|turn|32\n|\n|t:|1665141329\n|switch|p1a: Rotom|Rotom-Wash|68\/100\n|-damage|p1a: Rotom|55\/100|[from] Stealth Rock\n|move|p2a: Milotic|Surf|p1a: Rotom\n|-damage|p1a: Rotom|14\/100\n|\n|-weather|Sandstorm|[upkeep]\n|-damage|p1a: Rotom|8\/100|[from] Sandstorm\n|-damage|p2a: Milotic|74\/100|[from] Sandstorm\n|-heal|p1a: Rotom|14\/100|[from] item: Leftovers\n|-heal|p2a: Milotic|80\/100|[from] item: Leftovers\n|upkeep\n|turn|33\n|\n|t:|1665141338\n|switch|p2a: Magnezone|Magnezone|100\/100\n|-damage|p2a: Magnezone|94\/100|[from] Stealth Rock\n|move|p1a: Rotom|Thunderbolt|p2a: Magnezone\n|-resisted|p2a: Magnezone\n|-damage|p2a: Magnezone|65\/100\n|-status|p2a: Magnezone|par\n|\n|-weather|Sandstorm|[upkeep]\n|-damage|p1a: Rotom|8\/100|[from] Sandstorm\n|-heal|p1a: Rotom|14\/100|[from] item: Leftovers\n|-heal|p2a: Magnezone|71\/100 par|[from] item: Leftovers\n|upkeep\n|turn|34\n|c|\u2606MegaIdot|mb\n|\n|t:|1665141347\n|move|p1a: Rotom|Thunderbolt|p2a: Magnezone\n|-resisted|p2a: Magnezone\n|-damage|p2a: Magnezone|45\/100 par\n|cant|p2a: Magnezone|par\n|\n|-weather|Sandstorm|[upkeep]\n|-damage|p1a: Rotom|8\/100|[from] Sandstorm\n|-heal|p1a: Rotom|14\/100|[from] item: Leftovers\n|-heal|p2a: Magnezone|52\/100 par|[from] item: Leftovers\n|upkeep\n|turn|35\n|\n|t:|1665141354\n|move|p1a: Rotom|Thunderbolt|p2a: Magnezone\n|-resisted|p2a: Magnezone\n|-damage|p2a: Magnezone|25\/100 par\n|move|p2a: Magnezone|Thunderbolt|p1a: Rotom\n|-resisted|p1a: Rotom\n|-damage|p1a: Rotom|0 fnt\n|faint|p1a: Rotom\n|\n|-weather|Sandstorm|[upkeep]\n|-heal|p2a: Magnezone|32\/100 par|[from] item: Leftovers\n|upkeep\n|\n|t:|1665141357\n|switch|p1a: Heatran|Heatran, M|68\/100\n|-damage|p1a: Heatran|56\/100|[from] Stealth Rock\n|turn|36\n|\n|t:|1665141365\n|move|p1a: Heatran|Earth Power|p2a: Magnezone\n|-supereffective|p2a: Magnezone\n|-damage|p2a: Magnezone|0 fnt\n|faint|p2a: Magnezone\n|-damage|p1a: Heatran|46\/100|[from] item: Life Orb\n|\n|-weather|Sandstorm|[upkeep]\n|upkeep\n|\n|t:|1665141367\n|switch|p2a: Milotic|Milotic, F, shiny|80\/100\n|-damage|p2a: Milotic|67\/100|[from] Stealth Rock\n|turn|37\n|\n|t:|1665141369\n|move|p1a: Heatran|Hidden Power|p2a: Milotic\n|-supereffective|p2a: Milotic\n|-damage|p2a: Milotic|18\/100\n|-damage|p1a: Heatran|36\/100|[from] item: Life Orb\n|move|p2a: Milotic|Surf|p1a: Heatran\n|-supereffective|p1a: Heatran\n|-damage|p1a: Heatran|0 fnt\n|faint|p1a: Heatran\n|\n|-weather|Sandstorm|[upkeep]\n|-damage|p2a: Milotic|12\/100|[from] Sandstorm\n|-heal|p2a: Milotic|18\/100|[from] item: Leftovers\n|upkeep\n|\n|t:|1665141375\n|switch|p1a: Flygon|Flygon, M|100\/100\n|-damage|p1a: Flygon|95\/100|[from] Stealth Rock\n|turn|38\n|\n|t:|1665141379\n|move|p1a: Flygon|Earthquake|p2a: Milotic\n|-damage|p2a: Milotic|0 fnt\n|faint|p2a: Milotic\n|-damage|p1a: Flygon|85\/100|[from] item: Life Orb\n|\n|-weather|Sandstorm|[upkeep]\n|upkeep\n|\n|t:|1665141381\n|switch|p2a: Jirachi|Jirachi|86\/100 slp\n|-damage|p2a: Jirachi|80\/100 slp|[from] Stealth Rock\n|turn|39\n|\n|t:|1665141384\n|move|p1a: Flygon|Earthquake|p2a: Jirachi\n|-supereffective|p2a: Jirachi\n|-damage|p2a: Jirachi|20\/100 slp\n|-damage|p1a: Flygon|75\/100|[from] item: Life Orb\n|cant|p2a: Jirachi|slp\n|\n|-weather|Sandstorm|[upkeep]\n|-heal|p2a: Jirachi|26\/100 slp|[from] item: Leftovers\n|upkeep\n|turn|40\n|c| Based Scythe|choke\n|c|\u2606quixana|gg\n|c|\u2606MegaIdot|gg\n|\n|t:|1665141389\n|move|p1a: Flygon|Earthquake|p2a: Jirachi\n|-supereffective|p2a: Jirachi\n|-damage|p2a: Jirachi|0 fnt\n|faint|p2a: Jirachi\n|-damage|p1a: Flygon|65\/100|[from] item: Life Orb\n|\n|win|MegaIdot\n|n|\u2606MegaIdot|megaidot\n|n|\u2606quixana|quixana\n|n| BB-8-NU|bb8nu\n|n| Drop a burn|dropaburn\n|n| Ghosty321|ghosty321\n|n| iswearidontknow3|iswearidontknow3\n|n| Based Scythe|basedscythe\n|l| BB-8-NU\n|l| iswearidontknow3\n|l|\u2606MegaIdot\n|c| Based Scythe|should have recovered on the heatran\n|c| Based Scythe|u wall his whole team\n|c|\u2606quixana|the breloom?\n|c| Based Scythe|u carry ice beam\n|c| Based Scythe|dont you\n|c|\u2606quixana|ye\n|c| Based Scythe|then you destroy him\n|c|\u2606quixana|seed bomb kills no\n|c| Based Scythe|its offensive loom\n|c| Based Scythe|you're faster\n|c| Based Scythe|i think\n|c|\u2606quixana|they don't run speed?\n|c| Based Scythe|i mean not all do\n|c| Based Scythe|its your best shot anyways\n|l| Drop a burn\n|c| Based Scythe|you should ev milo to outspeed adamant max speed loom at least then\n|c| Based Scythe|o u have wing attack on glisc\n|c| Based Scythe|yeah dont bother then\n|c|\u2606quixana|yeah\n|c|\u2606quixana|that was my choke\n|c|\u2606quixana|shouldve scouted\n|c|\u2606quixana|im trying to play this tier more\n|j| RUMYMOME\n|l| RUMYMOME\n|j| Oreotrague\u2605\u273f\n|l| Oreotrague\u2605\u273f\n|j| zReptar\n|l| zReptar\n|j| Ara ara<3\n","uploadtime":1665141390,"views":14,"p1id":"megaidot","p2id":"quixana","formatid":"gen4ou","rating":0,"private":0,"password":null}