{"id":"gen4ou-958733174","p1":"WhaterFox","p2":"Lord cube","format":"gen4ou","log":"|j|\u2606WhaterFox\n|j|\u2606Lord cube\n|player|p1|WhaterFox|213|1166\n|player|p2|Lord cube|169|1216\n|teamsize|p1|6\n|teamsize|p2|6\n|gametype|singles\n|gen|4\n|tier|[Gen 4] OU\n|rated|\n|rule|Sleep Clause Mod: Limit one foe put to sleep\n|rule|Species Clause: Limit one of each Pok\u00e9mon\n|rule|OHKO Clause: OHKO moves are banned\n|rule|Moody Clause: Moody is banned\n|rule|Evasion Moves Clause: Evasion moves are banned\n|rule|Endless Battle Clause: Forcing endless battles is banned\n|rule|HP Percentage Mod: HP is shown in percentages\n|rule|Baton Pass Clause: Limit one Baton Passer, can't pass Spe and other stats simultaneously\n|\n|start\n|switch|p1a: Machamp|Machamp, M|100\/100\n|switch|p2a: Donphan|Donphan, F|100\/100\n|turn|1\n|\n|move|p1a: Machamp|Dynamic Punch|p2a: Donphan\n|-damage|p2a: Donphan|55\/100\n|-start|p2a: Donphan|confusion\n|-activate|p2a: Donphan|confusion\n|-damage|p2a: Donphan|45\/100|[from] confusion\n|\n|-heal|p2a: Donphan|51\/100|[from] item: Leftovers\n|upkeep\n|turn|2\n|\n|move|p1a: Machamp|Ice Punch|p2a: Donphan\n|-supereffective|p2a: Donphan\n|-damage|p2a: Donphan|5\/100\n|-activate|p2a: Donphan|confusion\n|move|p2a: Donphan|Earthquake|p1a: Machamp\n|-damage|p1a: Machamp|57\/100\n|\n|-heal|p2a: Donphan|11\/100|[from] item: Leftovers\n|upkeep\n|turn|3\n|\n|switch|p2a: Latias|Latias, F|100\/100\n|move|p1a: Machamp|Ice Punch|p2a: Latias\n|-supereffective|p2a: Latias\n|-damage|p2a: Latias|30\/100\n|\n|upkeep\n|turn|4\n|\n|switch|p1a: Rotom|Rotom-Heat|100\/100\n|move|p2a: Latias|Draco Meteor|p1a: Rotom|[miss]\n|-miss|p2a: Latias|p1a: Rotom\n|\n|upkeep\n|turn|5\n|\n|switch|p2a: Empoleon|Empoleon, F|100\/100\n|move|p1a: Rotom|Shadow Ball|p2a: Empoleon\n|-resisted|p2a: Empoleon\n|-damage|p2a: Empoleon|86\/100\n|\n|-heal|p2a: Empoleon|92\/100|[from] item: Leftovers\n|upkeep\n|turn|6\n|\n|switch|p1a: Machamp|Machamp, M|57\/100\n|switch|p2a: Donphan|Donphan, F|11\/100\n|\n|-heal|p2a: Donphan|17\/100|[from] item: Leftovers\n|upkeep\n|turn|7\n|\n|move|p2a: Donphan|Ice Shard|p1a: Machamp\n|-damage|p1a: Machamp|44\/100\n|move|p1a: Machamp|Ice Punch|p2a: Donphan\n|-supereffective|p2a: Donphan\n|-crit|p2a: Donphan\n|-damage|p2a: Donphan|0 fnt\n|faint|p2a: Donphan\n|\n|upkeep\n|\n|switch|p2a: Latias|Latias, F|30\/100\n|turn|8\n|\n|move|p1a: Machamp|Bullet Punch|p2a: Latias\n|-damage|p2a: Latias|10\/100\n|move|p2a: Latias|Ice Beam|p1a: Machamp\n|-damage|p1a: Machamp|10\/100\n|\n|upkeep\n|turn|9\n|\n|switch|p2a: Togekiss|Togekiss, M|100\/100\n|move|p1a: Machamp|Bullet Punch|p2a: Togekiss\n|-damage|p2a: Togekiss|83\/100\n|\n|upkeep\n|turn|10\n|\n|move|p1a: Machamp|Bullet Punch|p2a: Togekiss\n|-damage|p2a: Togekiss|66\/100\n|move|p2a: Togekiss|Flamethrower|p1a: Machamp\n|-damage|p1a: Machamp|0 fnt\n|faint|p1a: Machamp\n|\n|upkeep\n|inactive|Battle timer is ON: inactive players will automatically lose when time's up. (requested by Lord cube)\n|\n|switch|p1a: Rotom|Rotom-Heat|100\/100\n|turn|11\n|\n|switch|p2a: Azumarill|Azumarill, M, shiny|100\/100\n|move|p1a: Rotom|Thunderbolt|p2a: Azumarill\n|-supereffective|p2a: Azumarill\n|-damage|p2a: Azumarill|9\/100\n|-status|p2a: Azumarill|par\n|\n|-heal|p2a: Azumarill|15\/100 par|[from] item: Leftovers\n|upkeep\n|turn|12\n|\n|move|p1a: Rotom|Thunderbolt|p2a: Azumarill\n|-supereffective|p2a: Azumarill\n|-damage|p2a: Azumarill|0 fnt\n|faint|p2a: Azumarill\n|\n|upkeep\n|\n|switch|p2a: Tyranitar|Tyranitar, M|100\/100\n|-weather|Sandstorm|[from] ability: Sand Stream|[of] p2a: Tyranitar\n|turn|13\n|\n|switch|p1a: Swampert|Swampert, F|100\/100\n|move|p2a: Tyranitar|Crunch|p1a: Swampert\n|-damage|p1a: Swampert|37\/100\n|\n|-weather|Sandstorm|[upkeep]\n|-heal|p1a: Swampert|44\/100|[from] item: Leftovers\n|upkeep\n|turn|14\n|\n|move|p2a: Tyranitar|Crunch|p1a: Swampert\n|-damage|p1a: Swampert|0 fnt\n|faint|p1a: Swampert\n|\n|-weather|Sandstorm|[upkeep]\n|upkeep\n|\n|switch|p1a: Scizor|Scizor, F|100\/100\n|turn|15\n|\n|switch|p2a: Togekiss|Togekiss, M|66\/100\n|move|p1a: Scizor|Swords Dance|p1a: Scizor\n|-boost|p1a: Scizor|atk|2\n|\n|-weather|Sandstorm|[upkeep]\n|-damage|p2a: Togekiss|59\/100|[from] Sandstorm\n|upkeep\n|turn|16\n|\n|move|p1a: Scizor|Bullet Punch|p2a: Togekiss\n|-damage|p2a: Togekiss|0 fnt\n|-damage|p1a: Scizor|91\/100|[from] item: Life Orb\n|faint|p2a: Togekiss\n|\n|-weather|Sandstorm|[upkeep]\n|upkeep\n|\n|switch|p2a: Empoleon|Empoleon, F|92\/100\n|turn|17\n|\n|move|p1a: Scizor|Superpower|p2a: Empoleon\n|-supereffective|p2a: Empoleon\n|-damage|p2a: Empoleon|0 fnt\n|-unboost|p1a: Scizor|atk|1\n|-unboost|p1a: Scizor|def|1\n|-damage|p1a: Scizor|81\/100|[from] item: Life Orb\n|faint|p2a: Empoleon\n|\n|-weather|Sandstorm|[upkeep]\n|upkeep\n|\n|switch|p2a: Latias|Latias, F|10\/100\n|turn|18\n|\n|move|p1a: Scizor|Bullet Punch|p2a: Latias\n|-damage|p2a: Latias|0 fnt\n|-damage|p1a: Scizor|71\/100|[from] item: Life Orb\n|faint|p2a: Latias\n|\n|-weather|Sandstorm|[upkeep]\n|upkeep\n|\n|switch|p2a: Tyranitar|Tyranitar, M|100\/100\n|turn|19\n|\n|move|p1a: Scizor|Bullet Punch|p2a: Tyranitar\n|-supereffective|p2a: Tyranitar\n|-crit|p2a: Tyranitar\n|-damage|p2a: Tyranitar|0 fnt\n|-damage|p1a: Scizor|61\/100|[from] item: Life Orb\n|faint|p2a: Tyranitar\n|\n|win|WhaterFox\n","uploadtime":1565539658,"views":7,"p1id":"whaterfox","p2id":"lordcube","formatid":"gen4ou","rating":0,"private":0,"password":null}