{"id":"gen4lc-1475063232","p1":"The Last Hero","p2":"kjdaas","format":"gen4lc","log":"|inactive|Battle timer is ON: inactive players will automatically lose when time's up.\n|j|\u2606The Last Hero\n|j|\u2606kjdaas\n|t:|1639744017\n|gametype|singles\n|player|p1|The Last Hero|acetrainersnow|\n|player|p2|kjdaas|#kjdaas|\n|teamsize|p1|6\n|teamsize|p2|6\n|gen|4\n|tier|[Gen 4] LC\n|rated|Tournament battle\n|rule|Sleep Clause Mod: Limit one foe put to sleep\n|rule|Species Clause: Limit one of each Pok\u00e9mon\n|rule|OHKO Clause: OHKO moves are banned\n|rule|Evasion Moves Clause: Evasion moves are banned\n|rule|Endless Battle Clause: Forcing endless battles is banned\n|rule|HP Percentage Mod: HP is shown in percentages\n|rule|Sleep Clause: Sleep-inducing moves are banned\n|rule|Blitz: Super-fast timer\n|\n|t:|1639744017\n|start\n|switch|p1a: Gligi|Gligar, L5, M|100\/100\n|switch|p2a: Mankey|Mankey, L5, M|100\/100\n|turn|1\n|c|\u2606kjdaas|hf\n|j| BB-8-NU\n|\n|t:|1639744022\n|switch|p1a: Cool Dusk|Duskull, L5, M|100\/100\n|move|p2a: Mankey|Ice Punch|p1a: Cool Dusk\n|-damage|p1a: Cool Dusk|67\/100\n|\n|upkeep\n|turn|2\n|\n|t:|1639744025\n|switch|p2a: Houndour|Houndour, L5, F|100\/100\n|move|p1a: Cool Dusk|Will-O-Wisp|p2a: Houndour\n|-start|p2a: Houndour|ability: Flash Fire\n|\n|upkeep\n|turn|3\n|c|\u2606The Last Hero|same\n|\n|t:|1639744028\n|switch|p1a: Munch|Munchlax, L5, M|100\/100\n|move|p2a: Houndour|Fire Blast|p1a: Munch\n|-damage|p1a: Munch|77\/100\n|\n|upkeep\n|turn|4\n|inactive|kjdaas has 10 seconds left.\n|\n|t:|1639744036\n|-end|p2a: Houndour|ability: Flash Fire|[silent]\n|switch|p2a: Gligar|Gligar, L5, M|100\/100\n|move|p1a: Munch|Return|p2a: Gligar\n|-damage|p2a: Gligar|44\/100\n|-enditem|p2a: Gligar|Oran Berry|[eat]\n|-heal|p2a: Gligar|87\/100|[from] item: Oran Berry\n|\n|upkeep\n|turn|5\n|\n|t:|1639744040\n|move|p2a: Gligar|Stealth Rock|p1a: Munch\n|-sidestart|p1: The Last Hero|move: Stealth Rock\n|move|p1a: Munch|Return|p2a: Gligar\n|-damage|p2a: Gligar|35\/100\n|\n|upkeep\n|turn|6\n|inactive|kjdaas has 10 seconds left.\n|\n|t:|1639744046\n|switch|p1a: Gligi|Gligar, L5, M|100\/100\n|-damage|p1a: Gligi|92\/100|[from] Stealth Rock\n|move|p2a: Gligar|Earthquake|p1a: Gligi\n|-immune|p1a: Gligi\n|\n|upkeep\n|turn|7\n|\n|t:|1639744049\n|move|p2a: Gligar|Aqua Tail|p1a: Gligi\n|-supereffective|p1a: Gligi\n|-damage|p1a: Gligi|22\/100\n|-enditem|p1a: Gligi|Oran Berry|[eat]\n|-heal|p1a: Gligi|66\/100|[from] item: Oran Berry\n|move|p1a: Gligi|Stealth Rock|p2a: Gligar\n|-sidestart|p2: kjdaas|move: Stealth Rock\n|\n|upkeep\n|turn|8\n|\n|t:|1639744053\n|move|p2a: Gligar|Aqua Tail|p1a: Gligi\n|-supereffective|p1a: Gligi\n|-damage|p1a: Gligi|5\/100\n|move|p1a: Gligi|Aqua Tail|p2a: Gligar\n|-supereffective|p2a: Gligar\n|-damage|p2a: Gligar|0 fnt\n|faint|p2a: Gligar\n|\n|upkeep\n|\n|t:|1639744057\n|switch|p2a: Mankey|Mankey, L5, M|100\/100\n|-damage|p2a: Mankey|96\/100|[from] Stealth Rock\n|turn|9\n|inactive|kjdaas has 10 seconds left.\n|\n|t:|1639744062\n|move|p2a: Mankey|U-turn|p1a: Gligi\n|-resisted|p1a: Gligi\n|-crit|p1a: Gligi\n|-damage|p1a: Gligi|0 fnt\n|faint|p1a: Gligi\n|\n|t:|1639744066\n|switch|p2a: Machop|Machop, L5, F|100\/100|[from]move: U-turn\n|-damage|p2a: Machop|96\/100|[from] Stealth Rock\n|\n|upkeep\n|\n|t:|1639744071\n|switch|p1a: Cool Dusk|Duskull, L5, M|67\/100\n|-damage|p1a: Cool Dusk|58\/100|[from] Stealth Rock\n|turn|10\n|\n|t:|1639744074\n|switch|p2a: Houndour|Houndour, L5, F|100\/100\n|-damage|p2a: Houndour|77\/100|[from] Stealth Rock\n|switch|p1a: Munch|Munchlax, L5, M|77\/100\n|-damage|p1a: Munch|67\/100|[from] Stealth Rock\n|\n|upkeep\n|turn|11\n|inactive|kjdaas has 10 seconds left.\n|\n|t:|1639744079\n|move|p2a: Houndour|Crunch|p1a: Munch\n|-damage|p1a: Munch|17\/100\n|-enditem|p1a: Munch|Oran Berry|[eat]\n|-heal|p1a: Munch|50\/100|[from] item: Oran Berry\n|move|p1a: Munch|Return|p2a: Houndour\n|-damage|p2a: Houndour|0 fnt\n|faint|p2a: Houndour\n|\n|upkeep\n|inactive|kjdaas has 10 seconds left.\n|\n|t:|1639744087\n|switch|p2a: Snover|Snover, L5, M|100\/100\n|-damage|p2a: Snover|78\/100|[from] Stealth Rock\n|-weather|Hail|[from] ability: Snow Warning|[of] p2a: Snover\n|turn|12\n|\n|t:|1639744089\n|move|p2a: Snover|Wood Hammer|p1a: Munch\n|-damage|p1a: Munch|0 fnt\n|faint|p1a: Munch\n|-damage|p2a: Snover|55\/100|[from] Recoil\n|\n|-weather|Hail|[upkeep]\n|upkeep\n|inactive|The Last Hero has 10 seconds left.\n|\n|t:|1639744097\n|switch|p1a: Venom|Croagunk, L5, M|100\/100\n|-damage|p1a: Venom|96\/100|[from] Stealth Rock\n|turn|13\n|inactive|kjdaas has 10 seconds left.\n|\n|t:|1639744102\n|move|p1a: Venom|Vacuum Wave|p2a: Snover\n|-supereffective|p2a: Snover\n|-damage|p2a: Snover|0 fnt\n|faint|p2a: Snover\n|\n|-weather|Hail|[upkeep]\n|-damage|p1a: Venom|91\/100|[from] Hail\n|upkeep\n|inactive|kjdaas has 10 seconds left.\n|\n|t:|1639744111\n|switch|p2a: Mankey|Mankey, L5, M|96\/100\n|-damage|p2a: Mankey|91\/100|[from] Stealth Rock\n|turn|14\n|\n|t:|1639744113\n|move|p2a: Mankey|Close Combat|p1a: Venom\n|-resisted|p1a: Venom\n|-damage|p1a: Venom|48\/100\n|-unboost|p2a: Mankey|def|1\n|-unboost|p2a: Mankey|spd|1\n|-enditem|p1a: Venom|Oran Berry|[eat]\n|-heal|p1a: Venom|96\/100|[from] item: Oran Berry\n|move|p1a: Venom|Focus Blast|p2a: Mankey\n|-damage|p2a: Mankey|0 fnt\n|faint|p2a: Mankey\n|\n|-weather|Hail|[upkeep]\n|-damage|p1a: Venom|91\/100|[from] Hail\n|upkeep\n|\n|t:|1639744116\n|switch|p2a: Machop|Machop, L5, F|96\/100\n|-damage|p2a: Machop|92\/100|[from] Stealth Rock\n|turn|15\n|\n|t:|1639744119\n|move|p2a: Machop|Dynamic Punch|p1a: Venom\n|-resisted|p1a: Venom\n|-damage|p1a: Venom|53\/100\n|-start|p1a: Venom|confusion\n|-activate|p1a: Venom|confusion\n|move|p1a: Venom|Focus Blast|p2a: Machop\n|-damage|p2a: Machop|0 fnt\n|faint|p2a: Machop\n|\n|-weather|Hail|[upkeep]\n|-damage|p1a: Venom|48\/100|[from] Hail\n|upkeep\n|\n|t:|1639744121\n|switch|p2a: Munchlax|Munchlax, L5, F|100\/100\n|-damage|p2a: Munchlax|91\/100|[from] Stealth Rock\n|turn|16\n|c|\u2606kjdaas|gg\n|\n|t:|1639744125\n|switch|p1a: Cool Dusk|Duskull, L5, M|58\/100\n|-damage|p1a: Cool Dusk|48\/100|[from] Stealth Rock\n|-enditem|p1a: Cool Dusk|Oran Berry|[eat]\n|-heal|p1a: Cool Dusk|96\/100|[from] item: Oran Berry\n|move|p2a: Munchlax|Return|p1a: Cool Dusk\n|-immune|p1a: Cool Dusk\n|\n|-weather|Hail|[upkeep]\n|-damage|p2a: Munchlax|88\/100|[from] Hail\n|-damage|p1a: Cool Dusk|91\/100|[from] Hail\n|upkeep\n|turn|17\n|inactive|kjdaas has 10 seconds left.\n|c|\u2606The Last Hero|gg\n|inactive|kjdaas has 5 seconds left.\n|-message|kjdaas lost due to inactivity.\n|\n|win|The Last Hero\n|n|\u2606The Last Hero|thelasthero\n|n|\u2606kjdaas|kjdaas\n|n| BB-8-NU|bb8nu\n|l| BB-8-NU\n|l|\u2606kjdaas\n|l|\u2606The Last Hero\n|j| TheDarkRising\n","uploadtime":1639744141,"views":38,"p1id":"thelasthero","p2id":"kjdaas","formatid":"gen4lc","rating":0,"private":0,"password":null}