{"id":"gen4ou-1678429645","p1":"armadyl225","p2":"Pok et Glace","format":"gen4ou","log":"|j|\u2606armadyl225\n|j|\u2606Pok et Glace\n|t:|1664991601\n|gametype|singles\n|player|p1|armadyl225|red-masters|1318\n|player|p2|Pok et Glace|cynthia-masters|1499\n|teamsize|p1|6\n|teamsize|p2|6\n|gen|4\n|tier|[Gen 4] OU\n|rated|\n|rule|Sleep Clause Mod: Limit one foe put to sleep\n|rule|Species Clause: Limit one of each Pok\u00e9mon\n|rule|OHKO Clause: OHKO moves are banned\n|rule|Evasion Items Clause: Evasion items are banned\n|rule|Evasion Moves Clause: Evasion moves are banned\n|rule|Endless Battle Clause: Forcing endless battles is banned\n|rule|HP Percentage Mod: HP is shown in percentages\n|rule|Freeze Clause Mod: Limit one foe frozen\n|\n|t:|1664991601\n|start\n|switch|p1a: Machamp|Machamp, F|100\/100\n|switch|p2a: Azelf|Azelf|100\/100\n|turn|1\n|inactive|Battle timer is ON: inactive players will automatically lose when time's up. (requested by armadyl225)\n|\n|t:|1664991610\n|move|p2a: Azelf|Psychic|p1a: Machamp\n|-supereffective|p1a: Machamp\n|-damage|p1a: Machamp|11\/100\n|move|p1a: Machamp|Payback|p2a: Azelf\n|-supereffective|p2a: Azelf\n|-crit|p2a: Azelf\n|-enditem|p2a: Azelf|Colbur Berry|[eat]\n|-enditem|p2a: Azelf|Colbur Berry|[weaken]\n|-damage|p2a: Azelf|0 fnt\n|faint|p2a: Azelf\n|\n|upkeep\n|c|\u2606Pok et Glace|bro come on\n|\n|t:|1664991622\n|switch|p2a: Jirachi|Jirachi|100\/100\n|turn|2\n|\n|t:|1664991628\n|move|p2a: Jirachi|Body Slam|p1a: Machamp\n|-damage|p1a: Machamp|0 fnt\n|faint|p1a: Machamp\n|\n|upkeep\n|c|\u2606armadyl225|its the game\n|\n|t:|1664991640\n|switch|p1a: Heatran|Heatran, F|100\/100\n|turn|3\n|\n|t:|1664991646\n|switch|p2a: Tyranitar|Tyranitar, F|100\/100\n|-weather|Sandstorm|[from] ability: Sand Stream|[of] p2a: Tyranitar\n|move|p1a: Heatran|Fire Blast|p2a: Tyranitar\n|-resisted|p2a: Tyranitar\n|-damage|p2a: Tyranitar|81\/100\n|\n|-weather|Sandstorm|[upkeep]\n|upkeep\n|turn|4\n|\n|t:|1664991656\n|switch|p1a: Jirachi|Jirachi|100\/100\n|move|p2a: Tyranitar|Stone Edge|p1a: Jirachi\n|-resisted|p1a: Jirachi\n|-damage|p1a: Jirachi|71\/100\n|\n|-weather|Sandstorm|[upkeep]\n|upkeep\n|turn|5\n|\n|t:|1664991668\n|switch|p2a: Jirachi|Jirachi|100\/100\n|move|p1a: Jirachi|Fire Punch|p2a: Jirachi\n|-supereffective|p2a: Jirachi\n|-damage|p2a: Jirachi|62\/100\n|-status|p2a: Jirachi|brn\n|\n|-weather|Sandstorm|[upkeep]\n|-heal|p2a: Jirachi|69\/100 brn|[from] item: Leftovers\n|-damage|p2a: Jirachi|56\/100 brn|[from] brn\n|upkeep\n|turn|6\n|\n|t:|1664991679\n|switch|p1a: Heatran|Heatran, F|100\/100\n|move|p2a: Jirachi|Fire Punch|p1a: Heatran\n|-start|p1a: Heatran|ability: Flash Fire\n|\n|-weather|Sandstorm|[upkeep]\n|-heal|p2a: Jirachi|62\/100 brn|[from] item: Leftovers\n|-damage|p2a: Jirachi|50\/100 brn|[from] brn\n|upkeep\n|turn|7\n|\n|t:|1664991687\n|move|p2a: Jirachi|Healing Wish|p2a: Jirachi\n|faint|p2a: Jirachi\n|\n|t:|1664991693\n|switch|p2a: Tyranitar|Tyranitar, F|81\/100\n|-heal|p2a: Tyranitar|100\/100|[from] move: Healing Wish\n|move|p1a: Heatran|Earth Power|p2a: Tyranitar\n|-supereffective|p2a: Tyranitar\n|-crit|p2a: Tyranitar\n|-damage|p2a: Tyranitar|26\/100\n|\n|-weather|Sandstorm|[upkeep]\n|upkeep\n|turn|8\n|\n|t:|1664991708\n|-end|p1a: Heatran|ability: Flash Fire|[silent]\n|switch|p1a: Dragonite|Dragonite, F|100\/100\n|move|p2a: Tyranitar|Stone Edge|p1a: Dragonite\n|-supereffective|p1a: Dragonite\n|-damage|p1a: Dragonite|0 fnt\n|faint|p1a: Dragonite\n|\n|-weather|Sandstorm|[upkeep]\n|upkeep\n|\n|t:|1664991718\n|switch|p1a: Infernape|Infernape, M|100\/100\n|turn|9\n|c|\u2606Pok et Glace|it's just the game after all is something lucky noobs say\n|\n|t:|1664991725\n|switch|p2a: Rotom|Rotom-Heat|100\/100\n|move|p1a: Infernape|Grass Knot|p2a: Rotom\n|-damage|p2a: Rotom|92\/100\n|-damage|p1a: Infernape|91\/100|[from] item: Life Orb\n|\n|-weather|Sandstorm|[upkeep]\n|-damage|p2a: Rotom|86\/100|[from] Sandstorm\n|-damage|p1a: Infernape|84\/100|[from] Sandstorm\n|upkeep\n|turn|10\n|c|\u2606armadyl225|lol\n|\n|t:|1664991736\n|switch|p1a: Tyranitar|Tyranitar, M|100\/100\n|move|p2a: Rotom|Thunderbolt|p1a: Tyranitar\n|-damage|p1a: Tyranitar|80\/100\n|\n|-weather|Sandstorm|[upkeep]\n|-damage|p2a: Rotom|80\/100|[from] Sandstorm\n|upkeep\n|turn|11\n|\n|t:|1664991742\n|-activate|p2a: Rotom|move: Pursuit\n|move|p1a: Tyranitar|Pursuit|p2a: Rotom|[from]Pursuit\n|-supereffective|p2a: Rotom\n|-damage|p2a: Rotom|0 fnt\n|faint|p2a: Rotom\n|-hint|Previously chosen switches continue in Gen 2-4 after a Pursuit target faints.\n|switch|p2a: Breloom|Breloom, M|100\/100\n|\n|-weather|Sandstorm|[upkeep]\n|-damage|p2a: Breloom|94\/100|[from] Sandstorm\n|-status|p2a: Breloom|tox|[from] item: Toxic Orb\n|upkeep\n|turn|12\n|c|\u2606armadyl225|\"lucky noob\n|\n|t:|1664991756\n|move|p2a: Breloom|Superpower|p1a: Tyranitar\n|-supereffective|p1a: Tyranitar\n|-damage|p1a: Tyranitar|0 fnt\n|-unboost|p2a: Breloom|atk|1\n|-unboost|p2a: Breloom|def|1\n|faint|p1a: Tyranitar\n|\n|-weather|Sandstorm|[upkeep]\n|-damage|p2a: Breloom|88\/100 tox|[from] Sandstorm\n|-heal|p2a: Breloom|100\/100 tox|[from] ability: Poison Heal\n|upkeep\n|\n|t:|1664991768\n|switch|p1a: Infernape|Infernape, M|84\/100\n|turn|13\n|\n|t:|1664991771\n|switch|p2a: Tyranitar|Tyranitar, F|26\/100\n|move|p1a: Infernape|Fire Blast|p2a: Tyranitar\n|-resisted|p2a: Tyranitar\n|-damage|p2a: Tyranitar|7\/100\n|-damage|p1a: Infernape|75\/100|[from] item: Life Orb\n|\n|-weather|Sandstorm|[upkeep]\n|-damage|p1a: Infernape|68\/100|[from] Sandstorm\n|upkeep\n|turn|14\n|\n|t:|1664991784\n|move|p1a: Infernape|Hidden Power|p2a: Tyranitar\n|-damage|p2a: Tyranitar|0 fnt\n|faint|p2a: Tyranitar\n|-damage|p1a: Infernape|59\/100|[from] item: Life Orb\n|\n|-weather|Sandstorm|[upkeep]\n|-damage|p1a: Infernape|52\/100|[from] Sandstorm\n|upkeep\n|c|\u2606Pok et Glace|so far you have been very lucky\n|\n|t:|1664991796\n|switch|p2a: Breloom|Breloom, M|100\/100 tox\n|turn|15\n|\n|t:|1664991801\n|move|p2a: Breloom|Mach Punch|p1a: Infernape\n|-damage|p1a: Infernape|19\/100\n|move|p1a: Infernape|Fire Blast|p2a: Breloom\n|-supereffective|p2a: Breloom\n|-damage|p2a: Breloom|0 fnt\n|faint|p2a: Breloom\n|-damage|p1a: Infernape|9\/100|[from] item: Life Orb\n|\n|-weather|Sandstorm|[upkeep]\n|-damage|p1a: Infernape|3\/100|[from] Sandstorm\n|upkeep\n|\n|t:|1664991805\n|switch|p2a: Gyarados|Gyarados, M|100\/100\n|-ability|p2a: Gyarados|Intimidate|boost\n|-unboost|p1a: Infernape|atk|1\n|turn|16\n|c|\u2606armadyl225|idk\n|c|\u2606armadyl225|ur just bad lmao\n|\n|t:|1664991814\n|move|p1a: Infernape|Fire Blast|p2a: Gyarados\n|-resisted|p2a: Gyarados\n|-damage|p2a: Gyarados|45\/100\n|-damage|p1a: Infernape|0 fnt|[from] item: Life Orb\n|faint|p1a: Infernape\n|move|p2a: Gyarados|Dragon Dance|p2a: Gyarados\n|-boost|p2a: Gyarados|atk|1\n|-boost|p2a: Gyarados|spe|1\n|\n|-weather|Sandstorm|[upkeep]\n|-damage|p2a: Gyarados|39\/100|[from] Sandstorm\n|-heal|p2a: Gyarados|45\/100|[from] item: Leftovers\n|upkeep\n|c|\u2606Pok et Glace|and your play has not impressed me\n|c|\u2606armadyl225|get good\n|c|\u2606armadyl225|n0000000000000000b\n|c|\u2606armadyl225|you die now\n|c|\u2606armadyl225|watch\n|c|\u2606armadyl225|you cant do a thing about it\n|\n|t:|1664991838\n|switch|p1a: Jirachi|Jirachi|71\/100\n|turn|17\n|c|\u2606armadyl225|3\n|c|\u2606armadyl225|2\n|c|\u2606armadyl225|1\n|\n|t:|1664991849\n|move|p1a: Jirachi|Thunder Punch|p2a: Gyarados\n|-supereffective|p2a: Gyarados\n|-damage|p2a: Gyarados|0 fnt\n|faint|p2a: Gyarados\n|\n|win|armadyl225\n|raw|armadyl225's rating: 1318 &rarr; <strong>1348<\/strong><br \/>(+30 for winning)\n|raw|Pok et Glace's rating: 1499 &rarr; <strong>1469<\/strong><br \/>(-30 for losing)\n|c|\u2606Pok et Glace|wow you only got two crits\n|c|\u2606armadyl225|lol\n|c|\u2606armadyl225|didnt need them\n|c|\u2606Pok et Glace|and a burn\n|c|\u2606Pok et Glace|yes you did\n|c|\u2606Pok et Glace|rocks beat you\n|c|\u2606armadyl225|i dont care\n|c|\u2606armadyl225|ur just bad tbh\n|c|\u2606armadyl225|get good bro\n||Ladder isn't responding, score probably updated but might not have (Request timeout).\n","uploadtime":1664991868,"views":12,"p1id":"armadyl225","p2id":"poketglace","formatid":"gen4ou","rating":1348,"private":0,"password":null}