{"id":"gen4ou-1679861734","p1":"geyeytredx","p2":"quixana","format":"gen4ou","log":"|j|\u2606geyeytredx\n|j|\u2606quixana\n|t:|1665139838\n|gametype|singles\n|player|p1|geyeytredx|hugh|\n|player|p2|quixana|ethan-pokeathlon|\n|teamsize|p1|6\n|teamsize|p2|6\n|gen|4\n|tier|[Gen 4] OU\n|rated|Tournament battle\n|rule|Sleep Clause Mod: Limit one foe put to sleep\n|rule|Species Clause: Limit one of each Pok\u00e9mon\n|rule|OHKO Clause: OHKO moves are banned\n|rule|Evasion Items Clause: Evasion items are banned\n|rule|Evasion Moves Clause: Evasion moves are banned\n|rule|Endless Battle Clause: Forcing endless battles is banned\n|rule|HP Percentage Mod: HP is shown in percentages\n|rule|Freeze Clause Mod: Limit one foe frozen\n|\n|t:|1665139838\n|start\n|switch|p1a: Azelf|Azelf|100\/100\n|switch|p2a: Jirachi|Jirachi|100\/100\n|turn|1\n|c|\u2606geyeytredx|get lost\n|\n|t:|1665139852\n|move|p1a: Azelf|Flamethrower|p2a: Jirachi\n|-supereffective|p2a: Jirachi\n|-damage|p2a: Jirachi|45\/100\n|move|p2a: Jirachi|Body Slam|p1a: Azelf\n|-damage|p1a: Azelf|69\/100\n|-status|p1a: Azelf|par\n|\n|-heal|p2a: Jirachi|51\/100|[from] item: Leftovers\n|-heal|p1a: Azelf|75\/100 par|[from] item: Leftovers\n|upkeep\n|turn|2\n|c|\u2606quixana|?\n|\n|t:|1665139865\n|move|p2a: Jirachi|Protect|p2a: Jirachi\n|-singleturn|p2a: Jirachi|Protect\n|move|p1a: Azelf|Flamethrower|p2a: Jirachi\n|-activate|p2a: Jirachi|Protect\n|\n|-heal|p2a: Jirachi|57\/100|[from] item: Leftovers\n|-heal|p1a: Azelf|81\/100 par|[from] item: Leftovers\n|upkeep\n|turn|3\n|\n|t:|1665139876\n|switch|p2a: Clefable|Clefable, F, shiny|100\/100\n|move|p1a: Azelf|Flamethrower|p2a: Clefable\n|-damage|p2a: Clefable|80\/100\n|\n|-heal|p2a: Clefable|86\/100|[from] item: Leftovers\n|-heal|p1a: Azelf|87\/100 par|[from] item: Leftovers\n|upkeep\n|turn|4\n|inactive|Battle timer is ON: inactive players will automatically lose when time's up. (requested by geyeytredx)\n|\n|t:|1665139907\n|switch|p2a: Milotic|Milotic, F, shiny|100\/100\n|switch|p1a: Dragonite|Dragonite, M|100\/100\n|\n|upkeep\n|turn|5\n|\n|t:|1665139928\n|switch|p1a: Bronzong|Bronzong|100\/100\n|move|p2a: Milotic|Ice Beam|p1a: Bronzong\n|-resisted|p1a: Bronzong\n|-damage|p1a: Bronzong|91\/100\n|\n|upkeep\n|turn|6\n|inactive|quixana has 120 seconds left.\n|\n|t:|1665139969\n|switch|p2a: Magnezone|Magnezone|100\/100\n|move|p1a: Bronzong|Trick Room|p1a: Bronzong\n|-fieldstart|move: Trick Room|[of] p1a: Bronzong\n|\n|upkeep\n|turn|7\n|\n|t:|1665139987\n|switch|p2a: Gliscor|Gliscor, M, shiny|100\/100\n|move|p1a: Bronzong|Flash Cannon|p2a: Gliscor\n|-damage|p2a: Gliscor|74\/100\n|\n|-heal|p2a: Gliscor|80\/100|[from] item: Leftovers\n|upkeep\n|turn|8\n|\n|t:|1665140000\n|switch|p2a: Magnezone|Magnezone|100\/100\n|move|p1a: Bronzong|Flash Cannon|p2a: Magnezone\n|-resisted|p2a: Magnezone\n|-damage|p2a: Magnezone|93\/100\n|\n|-heal|p2a: Magnezone|99\/100|[from] item: Leftovers\n|upkeep\n|turn|9\n|\n|t:|1665140019\n|move|p2a: Magnezone|Protect|p2a: Magnezone\n|-singleturn|p2a: Magnezone|Protect\n|move|p1a: Bronzong|Facade|p2a: Magnezone\n|-activate|p2a: Magnezone|Protect\n|\n|-heal|p2a: Magnezone|100\/100|[from] item: Leftovers\n|upkeep\n|turn|10\n|\n|t:|1665140040\n|move|p1a: Bronzong|Flash Cannon|p2a: Magnezone\n|-resisted|p2a: Magnezone\n|-damage|p2a: Magnezone|94\/100\n|move|p2a: Magnezone|Magnet Rise|p2a: Magnezone\n|-start|p2a: Magnezone|Magnet Rise\n|\n|-heal|p2a: Magnezone|99\/100|[from] item: Leftovers\n|-fieldend|move: Trick Room\n|upkeep\n|turn|11\n|inactive|quixana has 120 seconds left.\n|inactive|quixana has 90 seconds left.\n|c|\u2606geyeytredx|slowpoke\n|\n|t:|1665140081\n|move|p2a: Magnezone|Hidden Power|p1a: Bronzong\n|-supereffective|p1a: Bronzong\n|-damage|p1a: Bronzong|40\/100\n|move|p1a: Bronzong|Explosion|p2a: Magnezone\n|-resisted|p2a: Magnezone\n|-damage|p2a: Magnezone|46\/100\n|faint|p1a: Bronzong\n|\n|-heal|p2a: Magnezone|52\/100|[from] item: Leftovers\n|upkeep\n|c|\u2606geyeytredx|u r a slow idiot\n|\n|t:|1665140089\n|switch|p1a: Heatran|Heatran, M|100\/100\n|turn|12\n|c|\u2606quixana|why so toxic bro?\n|\n|t:|1665140099\n|move|p2a: Magnezone|Protect|p2a: Magnezone\n|-singleturn|p2a: Magnezone|Protect\n|move|p1a: Heatran|Eruption|p2a: Magnezone\n|-activate|p2a: Magnezone|Protect\n|\n|-heal|p2a: Magnezone|58\/100|[from] item: Leftovers\n|upkeep\n|turn|13\n|c|\u2606geyeytredx|sorry\n|c|\u2606quixana|?\n|\n|t:|1665140106\n|switch|p2a: Milotic|Milotic, F, shiny|100\/100\n|move|p1a: Heatran|Eruption|p2a: Milotic\n|-resisted|p2a: Milotic\n|-damage|p2a: Milotic|69\/100\n|\n|-heal|p2a: Milotic|75\/100|[from] item: Leftovers\n|upkeep\n|turn|14\n|c|\u2606geyeytredx|damn\n|\n|t:|1665140116\n|switch|p1a: Gengar|Gengar, M|100\/100\n|move|p2a: Milotic|Surf|p1a: Gengar\n|-damage|p1a: Gengar|60\/100\n|\n|-heal|p1a: Gengar|66\/100|[from] item: Leftovers\n|-heal|p2a: Milotic|81\/100|[from] item: Leftovers\n|upkeep\n|turn|15\n|c|\u2606geyeytredx|safe switch xd\n|c|\u2606geyeytredx|lol\n|c|\u2606geyeytredx|cmon\n|inactive|quixana has 90 seconds left.\n|\n|t:|1665140146\n|switch|p2a: Clefable|Clefable, F, shiny|86\/100\n|move|p1a: Gengar|Energy Ball|p2a: Clefable\n|-damage|p2a: Clefable|68\/100\n|\n|-heal|p1a: Gengar|73\/100|[from] item: Leftovers\n|-heal|p2a: Clefable|74\/100|[from] item: Leftovers\n|upkeep\n|turn|16\n|c|\u2606geyeytredx|aw man\n|\n|t:|1665140158\n|move|p1a: Gengar|Brick Break|p2a: Clefable\n|-supereffective|p2a: Clefable\n|-damage|p2a: Clefable|47\/100\n|move|p2a: Clefable|Stealth Rock|p1a: Gengar\n|-sidestart|p1: geyeytredx|move: Stealth Rock\n|\n|-heal|p1a: Gengar|79\/100|[from] item: Leftovers\n|-heal|p2a: Clefable|53\/100|[from] item: Leftovers\n|upkeep\n|turn|17\n|c|\u2606geyeytredx|dude im levitate gengar\n|\n|t:|1665140171\n|move|p1a: Gengar|Brick Break|p2a: Clefable\n|-supereffective|p2a: Clefable\n|-crit|p2a: Clefable\n|-damage|p2a: Clefable|4\/100\n|move|p2a: Clefable|Soft-Boiled|p2a: Clefable\n|-heal|p2a: Clefable|54\/100\n|\n|-heal|p1a: Gengar|85\/100|[from] item: Leftovers\n|-heal|p2a: Clefable|60\/100|[from] item: Leftovers\n|upkeep\n|turn|18\n|\n|t:|1665140182\n|move|p1a: Gengar|Brick Break|p2a: Clefable\n|-supereffective|p2a: Clefable\n|-damage|p2a: Clefable|31\/100\n|move|p2a: Clefable|Soft-Boiled|p2a: Clefable\n|-heal|p2a: Clefable|81\/100\n|\n|-heal|p1a: Gengar|91\/100|[from] item: Leftovers\n|-heal|p2a: Clefable|87\/100|[from] item: Leftovers\n|upkeep\n|turn|19\n|c|\u2606geyeytredx|jeeeez\n|\n|t:|1665140193\n|move|p1a: Gengar|Brick Break|p2a: Clefable\n|-supereffective|p2a: Clefable\n|-crit|p2a: Clefable\n|-damage|p2a: Clefable|33\/100\n|move|p2a: Clefable|Knock Off|p1a: Gengar\n|-supereffective|p1a: Gengar\n|-damage|p1a: Gengar|78\/100\n|-enditem|p1a: Gengar|Leftovers|[from] move: Knock Off\n|-hint|In Gens 3-4, Knock Off only makes the target's item unusable; it cannot obtain a new item.\n|\n|-heal|p2a: Clefable|40\/100|[from] item: Leftovers\n|upkeep\n|turn|20\n|j| Bandal Sarkar\n|\n|t:|1665140204\n|move|p1a: Gengar|Brick Break|p2a: Clefable\n|-supereffective|p2a: Clefable\n|-damage|p2a: Clefable|12\/100\n|move|p2a: Clefable|Soft-Boiled|p2a: Clefable\n|-heal|p2a: Clefable|62\/100\n|\n|-heal|p2a: Clefable|68\/100|[from] item: Leftovers\n|upkeep\n|turn|21\n|\n|t:|1665140211\n|move|p1a: Gengar|Brick Break|p2a: Clefable\n|-supereffective|p2a: Clefable\n|-damage|p2a: Clefable|40\/100\n|move|p2a: Clefable|Soft-Boiled|p2a: Clefable\n|-heal|p2a: Clefable|90\/100\n|\n|-heal|p2a: Clefable|96\/100|[from] item: Leftovers\n|upkeep\n|turn|22\n|c|\u2606geyeytredx|STOP SPAMMINGGG]\n|inactive|quixana has 120 seconds left.\n|\n|t:|1665140239\n|switch|p2a: Gliscor|Gliscor, M, shiny|80\/100\n|move|p1a: Gengar|Brick Break|p2a: Gliscor\n|-resisted|p2a: Gliscor\n|-damage|p2a: Gliscor|75\/100\n|\n|-heal|p2a: Gliscor|82\/100|[from] item: Leftovers\n|upkeep\n|turn|23\n|\n|t:|1665140251\n|switch|p2a: Clefable|Clefable, F, shiny|96\/100\n|switch|p1a: Aerodactyl|Aerodactyl, F|100\/100\n|-damage|p1a: Aerodactyl|76\/100|[from] Stealth Rock\n|\n|-heal|p2a: Clefable|100\/100|[from] item: Leftovers\n|upkeep\n|turn|24\n|inactive|quixana has 120 seconds left.\n|\n|t:|1665140273\n|switch|p1a: Dragonite|Dragonite, M|100\/100\n|-damage|p1a: Dragonite|76\/100|[from] Stealth Rock\n|switch|p2a: Magnezone|Magnezone|58\/100\n|\n|-heal|p2a: Magnezone|65\/100|[from] item: Leftovers\n|-heal|p1a: Dragonite|82\/100|[from] item: Leftovers\n|upkeep\n|turn|25\n|\n|t:|1665140284\n|switch|p2a: Milotic|Milotic, F, shiny|81\/100\n|switch|p1a: Aerodactyl|Aerodactyl, F|76\/100\n|-damage|p1a: Aerodactyl|51\/100|[from] Stealth Rock\n|\n|-heal|p2a: Milotic|88\/100|[from] item: Leftovers\n|upkeep\n|turn|26\n|\n|t:|1665140293\n|switch|p1a: Gengar|Gengar, M|78\/100\n|-damage|p1a: Gengar|66\/100|[from] Stealth Rock\n|move|p2a: Milotic|Recover|p2a: Milotic\n|-heal|p2a: Milotic|100\/100\n|\n|upkeep\n|turn|27\n|\n|t:|1665140302\n|switch|p1a: Dragonite|Dragonite, M|82\/100\n|-damage|p1a: Dragonite|57\/100|[from] Stealth Rock\n|switch|p2a: Clefable|Clefable, F, shiny|100\/100\n|\n|-heal|p1a: Dragonite|63\/100|[from] item: Leftovers\n|upkeep\n|turn|28\n|\n|t:|1665140315\n|switch|p2a: Milotic|Milotic, F, shiny|100\/100\n|move|p1a: Dragonite|Brick Break|p2a: Milotic\n|-damage|p2a: Milotic|82\/100\n|\n|-heal|p2a: Milotic|88\/100|[from] item: Leftovers\n|-heal|p1a: Dragonite|69\/100|[from] item: Leftovers\n|upkeep\n|turn|29\n|j| BadBoy633\n|\n|t:|1665140323\n|move|p2a: Milotic|Ice Beam|p1a: Dragonite\n|-supereffective|p1a: Dragonite\n|-damage|p1a: Dragonite|0 fnt\n|faint|p1a: Dragonite\n|\n|-heal|p2a: Milotic|94\/100|[from] item: Leftovers\n|upkeep\n|\n|t:|1665140330\n|switch|p1a: Azelf|Azelf|87\/100 par\n|-damage|p1a: Azelf|75\/100 par|[from] Stealth Rock\n|turn|30\n|c|\u2606geyeytredx|gg\n|\n|t:|1665140342\n|move|p2a: Milotic|Surf|p1a: Azelf\n|-damage|p1a: Azelf|37\/100 par\n|move|p1a: Azelf|Energy Ball|p2a: Milotic\n|-supereffective|p2a: Milotic\n|-crit|p2a: Milotic\n|-damage|p2a: Milotic|14\/100\n|\n|-heal|p2a: Milotic|21\/100|[from] item: Leftovers\n|-heal|p1a: Azelf|43\/100 par|[from] item: Leftovers\n|upkeep\n|turn|31\n|c|\u2606geyeytredx|i lose\n|c|\u2606geyeytredx|can u pls lose\n|\n|t:|1665140356\n|switch|p2a: Clefable|Clefable, F, shiny|100\/100\n|move|p1a: Azelf|Energy Ball|p2a: Clefable\n|-damage|p2a: Clefable|83\/100\n|\n|-heal|p2a: Clefable|89\/100|[from] item: Leftovers\n|-heal|p1a: Azelf|49\/100 par|[from] item: Leftovers\n|upkeep\n|turn|32\n|\n|t:|1665140367\n|switch|p1a: Gengar|Gengar, M|66\/100\n|-damage|p1a: Gengar|53\/100|[from] Stealth Rock\n|move|p2a: Clefable|Knock Off|p1a: Gengar\n|-supereffective|p1a: Gengar\n|-damage|p1a: Gengar|40\/100\n|\n|-heal|p2a: Clefable|95\/100|[from] item: Leftovers\n|upkeep\n|turn|33\n|\n|t:|1665140376\n|switch|p2a: Gliscor|Gliscor, M, shiny|82\/100\n|move|p1a: Gengar|Destiny Bond|p1a: Gengar\n|-singlemove|p1a: Gengar|Destiny Bond\n|\n|-heal|p2a: Gliscor|88\/100|[from] item: Leftovers\n|upkeep\n|turn|34\n|\n|t:|1665140383\n|move|p2a: Gliscor|Taunt|p1a: Gengar\n|-start|p1a: Gengar|move: Taunt\n|move|p1a: Gengar|Brick Break|p2a: Gliscor\n|-resisted|p2a: Gliscor\n|-damage|p2a: Gliscor|83\/100\n|\n|-heal|p2a: Gliscor|89\/100|[from] item: Leftovers\n|upkeep\n|turn|35\n|c|\u2606quixana|why would i lose\n|\n|t:|1665140397\n|move|p2a: Gliscor|Wing Attack|p1a: Gengar\n|-damage|p1a: Gengar|0 fnt\n|faint|p1a: Gengar\n|\n|-heal|p2a: Gliscor|96\/100|[from] item: Leftovers\n|upkeep\n|c|\u2606quixana|when im winning\n|c|\u2606geyeytredx|pls\n|c|\u2606geyeytredx|forfeit\n|\n|t:|1665140409\n|switch|p1a: Aerodactyl|Aerodactyl, F|51\/100\n|-damage|p1a: Aerodactyl|26\/100|[from] Stealth Rock\n|turn|36\n|\n|t:|1665140415\n|switch|p2a: Magnezone|Magnezone|65\/100\n|move|p1a: Aerodactyl|Aqua Tail|p2a: Magnezone\n|-damage|p2a: Magnezone|40\/100\n|\n|-heal|p2a: Magnezone|47\/100|[from] item: Leftovers\n|upkeep\n|turn|37\n|c|\u2606geyeytredx|im begging\n|c|\u2606quixana|?\n|\n|t:|1665140425\n|switch|p1a: Heatran|Heatran, M|100\/100\n|-damage|p1a: Heatran|88\/100|[from] Stealth Rock\n|move|p2a: Magnezone|Thunderbolt|p1a: Heatran\n|-damage|p1a: Heatran|38\/100\n|\n|-heal|p2a: Magnezone|53\/100|[from] item: Leftovers\n|-heal|p1a: Heatran|44\/100|[from] item: Leftovers\n|upkeep\n|turn|38\n|c|\u2606geyeytredx|pls can u forfeit\n|\n|t:|1665140437\n|switch|p2a: Clefable|Clefable, F, shiny|95\/100\n|move|p1a: Heatran|Eruption|p2a: Clefable\n|-damage|p2a: Clefable|70\/100\n|\n|-heal|p1a: Heatran|50\/100|[from] item: Leftovers\n|-heal|p2a: Clefable|76\/100|[from] item: Leftovers\n|upkeep\n|turn|39\n|c|\u2606quixana|i should have a mod come in and ban you\n|-message|geyeytredx forfeited.\n|\n|win|quixana\n|n|\u2606geyeytredx|geyeytredx\n|n|\u2606quixana|quixana\n|n| Bandal Sarkar|bandalsarkar\n|n| BadBoy633|badboy633\n|l|\u2606geyeytredx\n|l| Bandal Sarkar\n|l| BadBoy633\n","uploadtime":1665140467,"views":11,"p1id":"geyeytredx","p2id":"quixana","formatid":"gen4ou","rating":0,"private":0,"password":null}