{"id":"gen4lc-1520115639","p1":"waterbends","p2":"Sp0oNl0rD","format":"gen4lc","log":"|j|\u2606waterbends\n|j|\u2606Sp0oNl0rD\n|t:|1646006630\n|gametype|singles\n|player|p1|waterbends|winona|\n|player|p2|Sp0oNl0rD|blackbelt-gen4dp|\n|teamsize|p1|6\n|teamsize|p2|6\n|gen|4\n|tier|[Gen 4] LC\n|rated|Tournament battle\n|rule|Sleep Clause Mod: Limit one foe put to sleep\n|rule|Species Clause: Limit one of each Pok\u00e9mon\n|rule|OHKO Clause: OHKO moves are banned\n|rule|Evasion Moves Clause: Evasion moves are banned\n|rule|Endless Battle Clause: Forcing endless battles is banned\n|rule|HP Percentage Mod: HP is shown in percentages\n|rule|Sleep Clause: Sleep-inducing moves are banned\n|\n|t:|1646006630\n|start\n|switch|p1a: Gligar|Gligar, L5, M|100\/100\n|switch|p2a: Machop|Machop, L5, F|100\/100\n|turn|1\n|inactive|Battle timer is ON: inactive players will automatically lose when time's up. (requested by waterbends)\n|inactive|Sp0oNl0rD also wants the timer to be on.\n|inactive|waterbends has 120 seconds left.\n|\n|t:|1646006665\n|move|p1a: Gligar|U-turn|p2a: Machop\n|-resisted|p2a: Machop\n|-damage|p2a: Machop|84\/100\n|\n|t:|1646006669\n|switch|p1a: Duskull|Duskull, L5, F|100\/100|[from]move: U-turn\n|move|p2a: Machop|Ice Punch|p1a: Duskull\n|-damage|p1a: Duskull|67\/100\n|\n|upkeep\n|turn|2\n|\n|t:|1646006675\n|move|p2a: Machop|Payback|p1a: Duskull\n|-supereffective|p1a: Duskull\n|-damage|p1a: Duskull|20\/100\n|-enditem|p1a: Duskull|Oran Berry|[eat]\n|-heal|p1a: Duskull|67\/100|[from] item: Oran Berry\n|move|p1a: Duskull|Return|p2a: Machop\n|-damage|p2a: Machop|48\/100\n|-enditem|p2a: Machop|Oran Berry|[eat]\n|-heal|p2a: Machop|88\/100|[from] item: Oran Berry\n|\n|upkeep\n|turn|3\n|\n|t:|1646006685\n|move|p2a: Machop|Payback|p1a: Duskull\n|-supereffective|p1a: Duskull\n|-damage|p1a: Duskull|20\/100\n|move|p1a: Duskull|Pain Split|p2a: Machop\n|-sethp|p2a: Machop|52\/100|[from] move: Pain Split|[silent]\n|-sethp|p1a: Duskull|62\/100|[from] move: Pain Split\n|\n|upkeep\n|turn|4\n|inactive|Sp0oNl0rD has 120 seconds left.\n|\n|t:|1646006717\n|move|p2a: Machop|Payback|p1a: Duskull\n|-supereffective|p1a: Duskull\n|-damage|p1a: Duskull|15\/100\n|move|p1a: Duskull|Return|p2a: Machop\n|-damage|p2a: Machop|20\/100\n|\n|upkeep\n|turn|5\n|\n|t:|1646006719\n|move|p1a: Duskull|Shadow Sneak|p2a: Machop\n|-damage|p2a: Machop|0 fnt\n|faint|p2a: Machop\n|\n|upkeep\n|\n|t:|1646006724\n|switch|p2a: Houndour|Houndour, L5, M|100\/100\n|turn|6\n|\n|t:|1646006727\n|move|p2a: Houndour|Dark Pulse|p1a: Duskull\n|-supereffective|p1a: Duskull\n|-damage|p1a: Duskull|0 fnt\n|faint|p1a: Duskull\n|-damage|p2a: Houndour|95\/100|[from] item: Life Orb\n|\n|upkeep\n|\n|t:|1646006732\n|switch|p1a: Chinchou|Chinchou, L5, F|100\/100\n|turn|7\n|j| kinjana\n|\n|t:|1646006753\n|switch|p2a: Chinchou|Chinchou, L5, F|100\/100\n|move|p1a: Chinchou|Hydro Pump|p2a: Chinchou\n|-resisted|p2a: Chinchou\n|-damage|p2a: Chinchou|63\/100\n|\n|upkeep\n|turn|8\n|\n|t:|1646006761\n|switch|p2a: Gligar|Gligar, L5, M|100\/100\n|switch|p1a: Munchlax|Munchlax, L5, F|100\/100\n|\n|upkeep\n|turn|9\n|\n|t:|1646006765\n|move|p2a: Gligar|Earthquake|p1a: Munchlax\n|-damage|p1a: Munchlax|40\/100\n|-enditem|p1a: Munchlax|Oran Berry|[eat]\n|-heal|p1a: Munchlax|74\/100|[from] item: Oran Berry\n|move|p1a: Munchlax|Ice Punch|p2a: Gligar\n|-supereffective|p2a: Gligar\n|-damage|p2a: Gligar|0 fnt\n|faint|p2a: Gligar\n|\n|upkeep\n|\n|t:|1646006769\n|switch|p2a: Houndour|Houndour, L5, M|95\/100\n|turn|10\n|\n|t:|1646006773\n|move|p2a: Houndour|Fire Blast|p1a: Munchlax\n|-damage|p1a: Munchlax|44\/100\n|-status|p1a: Munchlax|brn\n|-damage|p2a: Houndour|90\/100|[from] item: Life Orb\n|move|p1a: Munchlax|Return|p2a: Houndour\n|-damage|p2a: Houndour|22\/100\n|\n|-damage|p1a: Munchlax|34\/100 brn|[from] brn\n|upkeep\n|turn|11\n|\n|t:|1646006782\n|move|p2a: Houndour|Dark Pulse|p1a: Munchlax\n|-damage|p1a: Munchlax|0 fnt\n|faint|p1a: Munchlax\n|-damage|p2a: Houndour|16\/100|[from] item: Life Orb\n|\n|upkeep\n|\n|t:|1646006787\n|switch|p1a: Gligar|Gligar, L5, M|100\/100\n|turn|12\n|\n|t:|1646006789\n|move|p2a: Houndour|Sucker Punch|p1a: Gligar\n|-damage|p1a: Gligar|61\/100\n|-damage|p2a: Houndour|11\/100|[from] item: Life Orb\n|move|p1a: Gligar|U-turn|p2a: Houndour\n|-damage|p2a: Houndour|0 fnt\n|faint|p2a: Houndour\n|\n|t:|1646006798\n|switch|p1a: Houndour|Houndour, L5, M|100\/100|[from]move: U-turn\n|\n|upkeep\n|\n|t:|1646006802\n|switch|p2a: Munchlax|Munchlax, L5, M|100\/100\n|turn|13\n|\n|t:|1646006827\n|move|p1a: Houndour|Will-O-Wisp|p2a: Munchlax|[miss]\n|-miss|p1a: Houndour|p2a: Munchlax\n|move|p2a: Munchlax|Earthquake|p1a: Houndour\n|-supereffective|p1a: Houndour\n|-damage|p1a: Houndour|0 fnt\n|faint|p1a: Houndour\n|\n|upkeep\n|\n|t:|1646006832\n|switch|p1a: Drifloon|Drifloon, L5, F|100\/100\n|turn|14\n|\n|t:|1646006838\n|switch|p2a: Duskull|Duskull, L5, M|100\/100\n|move|p1a: Drifloon|Substitute|p1a: Drifloon\n|-start|p1a: Drifloon|Substitute\n|-damage|p1a: Drifloon|78\/100\n|\n|upkeep\n|turn|15\n|j| DeepLikeTheOcean\n|\n|t:|1646006852\n|move|p2a: Duskull|Shadow Sneak|p1a: Drifloon\n|-supereffective|p1a: Drifloon\n|-end|p1a: Drifloon|Substitute\n|move|p1a: Drifloon|Calm Mind|p1a: Drifloon\n|-boost|p1a: Drifloon|spa|1\n|-boost|p1a: Drifloon|spd|1\n|\n|upkeep\n|turn|16\n|\n|t:|1646006855\n|move|p2a: Duskull|Shadow Sneak|p1a: Drifloon\n|-supereffective|p1a: Drifloon\n|-damage|p1a: Drifloon|34\/100\n|-enditem|p1a: Drifloon|Oran Berry|[eat]\n|-heal|p1a: Drifloon|71\/100|[from] item: Oran Berry\n|move|p1a: Drifloon|Shadow Ball|p2a: Duskull\n|-supereffective|p2a: Duskull\n|-damage|p2a: Duskull|0 fnt\n|faint|p2a: Duskull\n|\n|upkeep\n|\n|t:|1646006858\n|switch|p2a: Munchlax|Munchlax, L5, M|100\/100\n|turn|17\n|\n|t:|1646006862\n|move|p1a: Drifloon|Substitute|p1a: Drifloon\n|-start|p1a: Drifloon|Substitute\n|-damage|p1a: Drifloon|49\/100\n|move|p2a: Munchlax|Ice Punch|p1a: Drifloon\n|-supereffective|p1a: Drifloon\n|-end|p1a: Drifloon|Substitute\n|\n|upkeep\n|turn|18\n|\n|t:|1646006865\n|move|p1a: Drifloon|Hidden Power|p2a: Munchlax\n|-supereffective|p2a: Munchlax\n|-damage|p2a: Munchlax|54\/100\n|move|p2a: Munchlax|Ice Punch|p1a: Drifloon\n|-supereffective|p1a: Drifloon\n|-damage|p1a: Drifloon|0 fnt\n|faint|p1a: Drifloon\n|\n|upkeep\n|\n|t:|1646006870\n|switch|p1a: Gligar|Gligar, L5, M|61\/100\n|turn|19\n|\n|t:|1646006875\n|move|p1a: Gligar|Earthquake|p2a: Munchlax\n|-damage|p2a: Munchlax|0 fnt\n|faint|p2a: Munchlax\n|\n|upkeep\n|\n|t:|1646006877\n|switch|p2a: Chinchou|Chinchou, L5, F|63\/100\n|turn|20\n|\n|t:|1646006878\n|move|p1a: Gligar|Earthquake|p2a: Chinchou\n|-supereffective|p2a: Chinchou\n|-damage|p2a: Chinchou|0 fnt\n|faint|p2a: Chinchou\n|\n|win|waterbends\n|n|\u2606waterbends|waterbends\n|n|\u2606Sp0oNl0rD|sp0onl0rd\n|n| kinjana|kinjana\n|n| DeepLikeTheOcean|deepliketheocean\n|c|\u2606waterbends|gg\n|l|\u2606Sp0oNl0rD\n","uploadtime":1646006886,"views":12,"p1id":"waterbends","p2id":"sp0onl0rd","formatid":"gen4lc","rating":0,"private":0,"password":null}