{"id":"gen4ubers-1633507692","p1":"alvar03","p2":"PokemonShowdownSux","format":"gen4ubers","log":"|j|\u2606alvar03\n|j|\u203dPokemonShowdownSux\n|t:|1659788546\n|gametype|singles\n|player|p1|alvar03|alder|\n|player|p2|PokemonShowdownSux|cynthia-gen7|\n|teamsize|p1|6\n|teamsize|p2|6\n|gen|4\n|tier|[Gen 4] Ubers\n|rated|Tournament battle\n|rule|Sleep Clause Mod: Limit one foe put to sleep\n|rule|Species Clause: Limit one of each Pok\u00e9mon\n|rule|OHKO Clause: OHKO moves are banned\n|rule|Evasion Moves Clause: Evasion moves are banned\n|rule|Endless Battle Clause: Forcing endless battles is banned\n|rule|HP Percentage Mod: HP is shown in percentages\n|\n|t:|1659788546\n|start\n|switch|p1a: Tentacruel|Tentacruel, M|100\/100\n|switch|p2a: Tentacruel|Tentacruel, M, shiny|100\/100\n|turn|1\n|\n|t:|1659788551\n|move|p1a: Tentacruel|Icy Wind|p2a: Tentacruel|[miss]\n|-miss|p1a: Tentacruel|p2a: Tentacruel\n|move|p2a: Tentacruel|Toxic Spikes|p1a: Tentacruel\n|-sidestart|p1: alvar03|move: Toxic Spikes\n|\n|upkeep\n|turn|2\n|j| Gareeb2.0\n|inactive|Battle timer is ON: inactive players will automatically lose when time's up. (requested by alvar03)\n|\n|t:|1659788565\n|switch|p2a: Groudon|Groudon|100\/100\n|-weather|SunnyDay|[from] ability: Drought|[of] p2a: Groudon\n|move|p1a: Tentacruel|Toxic Spikes|p2a: Groudon\n|-sidestart|p2: PokemonShowdownSux|move: Toxic Spikes\n|\n|-weather|SunnyDay|[upkeep]\n|upkeep\n|turn|3\n|\n|t:|1659788569\n|switch|p1a: Giratina|Giratina-Origin|100\/100\n|move|p2a: Groudon|Stealth Rock|p1a: Giratina\n|-sidestart|p1: alvar03|move: Stealth Rock\n|\n|-weather|SunnyDay|[upkeep]\n|upkeep\n|turn|4\n|\n|t:|1659788574\n|switch|p2a: Ho-Oh|Ho-Oh, shiny|100\/100\n|-ability|p2a: Ho-Oh|Pressure\n|move|p1a: Giratina|Dragon Claw|p2a: Ho-Oh\n|-damage|p2a: Ho-Oh|58\/100\n|\n|-weather|SunnyDay|[upkeep]\n|-heal|p2a: Ho-Oh|64\/100|[from] item: Leftovers\n|upkeep\n|turn|5\n|j|%shrang\n|\n|t:|1659788581\n|move|p1a: Giratina|Dragon Claw|p2a: Ho-Oh\n|-damage|p2a: Ho-Oh|21\/100\n|move|p2a: Ho-Oh|Roost|p2a: Ho-Oh\n|-heal|p2a: Ho-Oh|71\/100\n|-singleturn|p2a: Ho-Oh|move: Roost\n|\n|-weather|SunnyDay|[upkeep]\n|-heal|p2a: Ho-Oh|77\/100|[from] item: Leftovers\n|upkeep\n|turn|6\n|\n|t:|1659788590\n|switch|p1a: Tentacruel|Tentacruel, M|100\/100\n|-sideend|p1: alvar03|move: Toxic Spikes|[of] p1a: Tentacruel\n|-damage|p1a: Tentacruel|88\/100|[from] Stealth Rock\n|move|p2a: Ho-Oh|Sacred Fire|p1a: Tentacruel\n|-resisted|p1a: Tentacruel\n|-damage|p1a: Tentacruel|28\/100\n|\n|-weather|SunnyDay|[upkeep]\n|-heal|p2a: Ho-Oh|83\/100|[from] item: Leftovers\n|upkeep\n|turn|7\n|c|%shrang|god I love back ho-oh\n|\n|t:|1659788594\n|move|p1a: Tentacruel|Icy Wind|p2a: Ho-Oh\n|-damage|p2a: Ho-Oh|77\/100\n|-unboost|p2a: Ho-Oh|spe|1\n|move|p2a: Ho-Oh|Substitute|p2a: Ho-Oh\n|-start|p2a: Ho-Oh|Substitute\n|-damage|p2a: Ho-Oh|52\/100\n|\n|-weather|SunnyDay|[upkeep]\n|-heal|p2a: Ho-Oh|58\/100|[from] item: Leftovers\n|upkeep\n|turn|8\n|\n|t:|1659788603\n|move|p1a: Tentacruel|Hydro Pump|p2a: Ho-Oh\n|-supereffective|p2a: Ho-Oh\n|-activate|p2a: Ho-Oh|Substitute|[damage]\n|move|p2a: Ho-Oh|Roost|p2a: Ho-Oh\n|-heal|p2a: Ho-Oh|100\/100\n|-singleturn|p2a: Ho-Oh|move: Roost\n|\n|-weather|SunnyDay|[upkeep]\n|upkeep\n|turn|9\n|\n|t:|1659788607\n|move|p1a: Tentacruel|Rapid Spin|p2a: Ho-Oh\n|-activate|p2a: Ho-Oh|Substitute|[damage]\n|-sideend|p1: alvar03|Stealth Rock|[from] move: Rapid Spin|[of] p1a: Tentacruel\n|move|p2a: Ho-Oh|Brave Bird|p1a: Tentacruel\n|-damage|p1a: Tentacruel|0 fnt\n|faint|p1a: Tentacruel\n|-damage|p2a: Ho-Oh|93\/100|[from] Recoil\n|\n|-weather|SunnyDay|[upkeep]\n|-heal|p2a: Ho-Oh|99\/100|[from] item: Leftovers\n|upkeep\n|\n|t:|1659788613\n|switch|p1a: Kyogre|Kyogre|100\/100\n|-weather|RainDance|[from] ability: Drizzle|[of] p1a: Kyogre\n|turn|10\n|c| Gareeb2.0|So scary without rocks\n|\n|t:|1659788626\n|move|p1a: Kyogre|Surf|p2a: Ho-Oh\n|-supereffective|p2a: Ho-Oh\n|-end|p2a: Ho-Oh|Substitute\n|move|p2a: Ho-Oh|Brave Bird|p1a: Kyogre\n|-damage|p1a: Kyogre|42\/100\n|-damage|p2a: Ho-Oh|80\/100|[from] Recoil\n|\n|-weather|RainDance|[upkeep]\n|-heal|p1a: Kyogre|48\/100|[from] item: Leftovers\n|-heal|p2a: Ho-Oh|86\/100|[from] item: Leftovers\n|upkeep\n|turn|11\n|\n|t:|1659788635\n|switch|p2a: Tentacruel|Tentacruel, M, shiny|100\/100\n|-sideend|p2: PokemonShowdownSux|move: Toxic Spikes|[of] p2a: Tentacruel\n|move|p1a: Kyogre|Surf|p2a: Tentacruel\n|-resisted|p2a: Tentacruel\n|-damage|p2a: Tentacruel|73\/100\n|\n|-weather|RainDance|[upkeep]\n|-heal|p1a: Kyogre|54\/100|[from] item: Leftovers\n|upkeep\n|turn|12\n|\n|t:|1659788641\n|move|p2a: Tentacruel|Toxic Spikes|p1a: Kyogre\n|-sidestart|p1: alvar03|move: Toxic Spikes\n|move|p1a: Kyogre|Substitute|p1a: Kyogre\n|-start|p1a: Kyogre|Substitute\n|-damage|p1a: Kyogre|29\/100\n|\n|-weather|RainDance|[upkeep]\n|-heal|p1a: Kyogre|35\/100|[from] item: Leftovers\n|upkeep\n|turn|13\n|\n|t:|1659788647\n|switch|p2a: Palkia|Palkia, shiny|100\/100\n|-ability|p2a: Palkia|Pressure\n|move|p1a: Kyogre|Calm Mind|p1a: Kyogre\n|-boost|p1a: Kyogre|spa|1\n|-boost|p1a: Kyogre|spd|1\n|\n|-weather|RainDance|[upkeep]\n|-heal|p1a: Kyogre|41\/100|[from] item: Leftovers\n|upkeep\n|turn|14\n|\n|t:|1659788649\n|move|p1a: Kyogre|Protect|p1a: Kyogre\n|-singleturn|p1a: Kyogre|Protect\n|move|p2a: Palkia|Thunder|p1a: Kyogre\n|-activate|p1a: Kyogre|Protect\n|\n|-weather|RainDance|[upkeep]\n|-heal|p1a: Kyogre|48\/100|[from] item: Leftovers\n|upkeep\n|turn|15\n|\n|t:|1659788654\n|move|p2a: Palkia|Thunder|p1a: Kyogre\n|-supereffective|p1a: Kyogre\n|-end|p1a: Kyogre|Substitute\n|move|p1a: Kyogre|Surf|p2a: Palkia\n|-resisted|p2a: Palkia\n|-damage|p2a: Palkia|76\/100\n|\n|-weather|RainDance|[upkeep]\n|-heal|p1a: Kyogre|54\/100|[from] item: Leftovers\n|upkeep\n|turn|16\n|\n|t:|1659788659\n|move|p1a: Kyogre|Protect|p1a: Kyogre\n|-singleturn|p1a: Kyogre|Protect\n|move|p2a: Palkia|Thunder|p1a: Kyogre\n|-activate|p1a: Kyogre|Protect\n|\n|-weather|RainDance|[upkeep]\n|-heal|p1a: Kyogre|60\/100|[from] item: Leftovers\n|upkeep\n|turn|17\n|j| Abhijithkk\n|\n|t:|1659788667\n|switch|p1a: Jirachi|Jirachi|100\/100\n|move|p2a: Palkia|Thunder|p1a: Jirachi\n|-damage|p1a: Jirachi|73\/100\n|\n|-weather|RainDance|[upkeep]\n|-heal|p1a: Jirachi|79\/100|[from] item: Leftovers\n|upkeep\n|turn|18\n|\n|t:|1659788671\n|switch|p2a: Groudon|Groudon|100\/100\n|-weather|SunnyDay|[from] ability: Drought|[of] p2a: Groudon\n|move|p1a: Jirachi|U-turn|p2a: Groudon\n|-damage|p2a: Groudon|93\/100\n|\n|t:|1659788678\n|switch|p1a: Groudon|Groudon|100\/100|[from]move: U-turn\n|-status|p1a: Groudon|psn\n|\n|-weather|SunnyDay|[upkeep]\n|-heal|p2a: Groudon|99\/100|[from] item: Leftovers\n|-damage|p1a: Groudon|88\/100 psn|[from] psn\n|upkeep\n|turn|19\n|\n|t:|1659788692\n|move|p1a: Groudon|Stealth Rock|p2a: Groudon\n|-sidestart|p2: PokemonShowdownSux|move: Stealth Rock\n|move|p2a: Groudon|Stealth Rock|p1a: Groudon\n|-sidestart|p1: alvar03|move: Stealth Rock\n|\n|-weather|SunnyDay|[upkeep]\n|-heal|p1a: Groudon|94\/100 psn|[from] item: Leftovers\n|-heal|p2a: Groudon|100\/100|[from] item: Leftovers\n|-damage|p1a: Groudon|82\/100 psn|[from] psn\n|upkeep\n|turn|20\n|\n|t:|1659788700\n|switch|p1a: Giratina|Giratina-Origin|100\/100\n|-damage|p1a: Giratina|88\/100|[from] Stealth Rock\n|move|p2a: Groudon|Earthquake|p1a: Giratina\n|-immune|p1a: Giratina|[from] ability: Levitate\n|\n|-weather|SunnyDay|[upkeep]\n|upkeep\n|turn|21\n|\n|t:|1659788706\n|move|p1a: Giratina|Dragon Claw|p2a: Groudon\n|-damage|p2a: Groudon|75\/100\n|move|p2a: Groudon|Dragon Claw|p1a: Giratina\n|-supereffective|p1a: Giratina\n|-damage|p1a: Giratina|49\/100\n|\n|-weather|SunnyDay|[upkeep]\n|-heal|p2a: Groudon|81\/100|[from] item: Leftovers\n|upkeep\n|turn|22\n|\n|t:|1659788716\n|switch|p1a: Kyogre|Kyogre|60\/100\n|-status|p1a: Kyogre|psn\n|-damage|p1a: Kyogre|48\/100 psn|[from] Stealth Rock\n|-weather|RainDance|[from] ability: Drizzle|[of] p1a: Kyogre\n|move|p2a: Groudon|Dragon Claw|p1a: Kyogre\n|-damage|p1a: Kyogre|24\/100 psn\n|\n|-weather|RainDance|[upkeep]\n|-heal|p1a: Kyogre|30\/100 psn|[from] item: Leftovers\n|-damage|p1a: Kyogre|18\/100 psn|[from] psn\n|-heal|p2a: Groudon|88\/100|[from] item: Leftovers\n|upkeep\n|turn|23\n|\n|t:|1659788722\n|switch|p2a: Palkia|Palkia, shiny|76\/100\n|-damage|p2a: Palkia|63\/100|[from] Stealth Rock\n|-ability|p2a: Palkia|Pressure\n|move|p1a: Kyogre|Surf|p2a: Palkia\n|-resisted|p2a: Palkia\n|-damage|p2a: Palkia|46\/100\n|\n|-weather|RainDance|[upkeep]\n|-heal|p1a: Kyogre|24\/100 psn|[from] item: Leftovers\n|-damage|p1a: Kyogre|12\/100 psn|[from] psn\n|upkeep\n|turn|24\n|\n|t:|1659788729\n|move|p2a: Palkia|Spacial Rend|p1a: Kyogre\n|-damage|p1a: Kyogre|0 fnt\n|faint|p1a: Kyogre\n|\n|-weather|RainDance|[upkeep]\n|upkeep\n|\n|t:|1659788731\n|switch|p1a: Jirachi|Jirachi|79\/100\n|-damage|p1a: Jirachi|73\/100|[from] Stealth Rock\n|turn|25\n|\n|t:|1659788735\n|switch|p2a: Groudon|Groudon|88\/100\n|-damage|p2a: Groudon|81\/100|[from] Stealth Rock\n|-weather|SunnyDay|[from] ability: Drought|[of] p2a: Groudon\n|move|p1a: Jirachi|Wish|p1a: Jirachi\n|\n|-weather|SunnyDay|[upkeep]\n|-heal|p1a: Jirachi|79\/100|[from] item: Leftovers\n|-heal|p2a: Groudon|88\/100|[from] item: Leftovers\n|upkeep\n|turn|26\n|\n|t:|1659788740\n|move|p1a: Jirachi|U-turn|p2a: Groudon\n|-damage|p2a: Groudon|79\/100\n|\n|t:|1659788743\n|switch|p1a: Shaymin|Shaymin-Sky|100\/100|[from]move: U-turn\n|-damage|p1a: Shaymin|76\/100|[from] Stealth Rock\n|move|p2a: Groudon|Dragon Claw|p1a: Shaymin\n|-damage|p1a: Shaymin|44\/100\n|\n|-heal|p1a: Shaymin|94\/100|[from] move: Wish|[wisher] Jirachi\n|-weather|SunnyDay|[upkeep]\n|-heal|p1a: Shaymin|99\/100|[from] item: Leftovers\n|-heal|p2a: Groudon|86\/100|[from] item: Leftovers\n|upkeep\n|turn|27\n|\n|t:|1659788753\n|move|p1a: Shaymin|Seed Flare|p2a: Groudon\n|-supereffective|p2a: Groudon\n|-damage|p2a: Groudon|0 fnt\n|faint|p2a: Groudon\n|\n|-weather|SunnyDay|[upkeep]\n|-heal|p1a: Shaymin|100\/100|[from] item: Leftovers\n|upkeep\n|\n|t:|1659788757\n|switch|p2a: Palkia|Palkia, shiny|46\/100\n|-damage|p2a: Palkia|34\/100|[from] Stealth Rock\n|-ability|p2a: Palkia|Pressure\n|turn|28\n|\n|t:|1659788760\n|move|p1a: Shaymin|Protect|p1a: Shaymin\n|-singleturn|p1a: Shaymin|Protect\n|move|p2a: Palkia|Fire Blast|p1a: Shaymin\n|-activate|p1a: Shaymin|Protect\n|\n|-weather|SunnyDay|[upkeep]\n|upkeep\n|turn|29\n|\n|t:|1659788766\n|switch|p1a: Groudon|Groudon|82\/100 psn\n|-damage|p1a: Groudon|76\/100 psn|[from] Stealth Rock\n|move|p2a: Palkia|Fire Blast|p1a: Groudon\n|-damage|p1a: Groudon|27\/100 psn\n|\n|-weather|SunnyDay|[upkeep]\n|-heal|p1a: Groudon|33\/100 psn|[from] item: Leftovers\n|-damage|p1a: Groudon|21\/100 psn|[from] psn\n|upkeep\n|turn|30\n|\n|t:|1659788775\n|move|p2a: Palkia|Fire Blast|p1a: Groudon|[miss]\n|-miss|p2a: Palkia|p1a: Groudon\n|move|p1a: Groudon|Thunder Wave|p2a: Palkia\n|-status|p2a: Palkia|par\n|\n|-weather|SunnyDay|[upkeep]\n|-heal|p1a: Groudon|27\/100 psn|[from] item: Leftovers\n|-damage|p1a: Groudon|14\/100 psn|[from] psn\n|upkeep\n|turn|31\n|\n|t:|1659788779\n|move|p1a: Groudon|Dragon Claw|p2a: Palkia\n|-supereffective|p2a: Palkia\n|-damage|p2a: Palkia|0 fnt\n|faint|p2a: Palkia\n|\n|-weather|SunnyDay|[upkeep]\n|-heal|p1a: Groudon|21\/100 psn|[from] item: Leftovers\n|-damage|p1a: Groudon|8\/100 psn|[from] psn\n|upkeep\n|\n|t:|1659788791\n|switch|p2a: Ho-Oh|Ho-Oh, shiny|86\/100\n|-damage|p2a: Ho-Oh|36\/100|[from] Stealth Rock\n|-ability|p2a: Ho-Oh|Pressure\n|turn|32\n|\n|t:|1659788795\n|move|p2a: Ho-Oh|Substitute|p2a: Ho-Oh\n|-start|p2a: Ho-Oh|Substitute\n|-damage|p2a: Ho-Oh|11\/100\n|move|p1a: Groudon|Dragon Claw|p2a: Ho-Oh\n|-crit|p2a: Ho-Oh\n|-end|p2a: Ho-Oh|Substitute\n|\n|-weather|SunnyDay|[upkeep]\n|-heal|p2a: Ho-Oh|18\/100|[from] item: Leftovers\n|-heal|p1a: Groudon|14\/100 psn|[from] item: Leftovers\n|-damage|p1a: Groudon|2\/100 psn|[from] psn\n|upkeep\n|turn|33\n|\n|t:|1659788807\n|move|p2a: Ho-Oh|Roost|p2a: Ho-Oh\n|-heal|p2a: Ho-Oh|67\/100\n|-singleturn|p2a: Ho-Oh|move: Roost\n|move|p1a: Groudon|Earthquake|p2a: Ho-Oh\n|-supereffective|p2a: Ho-Oh\n|-damage|p2a: Ho-Oh|0 fnt\n|faint|p2a: Ho-Oh\n|\n|-weather|SunnyDay|[upkeep]\n|-heal|p1a: Groudon|8\/100 psn|[from] item: Leftovers\n|-damage|p1a: Groudon|0 fnt|[from] psn\n|faint|p1a: Groudon\n|upkeep\n|\n|t:|1659788812\n|switch|p2a: Giratina|Giratina-Origin, shiny|100\/100\n|switch|p1a: Giratina|Giratina-Origin|49\/100\n|-damage|p2a: Giratina|88\/100|[from] Stealth Rock\n|-damage|p1a: Giratina|37\/100|[from] Stealth Rock\n|turn|34\n|\n|t:|1659788816\n|move|p2a: Giratina|Shadow Sneak|p1a: Giratina\n|-supereffective|p1a: Giratina\n|-damage|p1a: Giratina|4\/100\n|move|p1a: Giratina|Dragon Claw|p2a: Giratina\n|-supereffective|p2a: Giratina\n|-damage|p2a: Giratina|11\/100\n|\n|-weather|SunnyDay|[upkeep]\n|upkeep\n|turn|35\n|l| Abhijithkk\n|\n|t:|1659788826\n|move|p2a: Giratina|Shadow Sneak|p1a: Giratina\n|-supereffective|p1a: Giratina\n|-damage|p1a: Giratina|0 fnt\n|faint|p1a: Giratina\n|\n|-weather|SunnyDay|[upkeep]\n|upkeep\n|\n|t:|1659788829\n|switch|p1a: Jirachi|Jirachi|79\/100\n|-damage|p1a: Jirachi|73\/100|[from] Stealth Rock\n|turn|36\n|\n|t:|1659788833\n|move|p2a: Giratina|Earthquake|p1a: Jirachi\n|-supereffective|p1a: Jirachi\n|-damage|p1a: Jirachi|23\/100\n|move|p1a: Jirachi|Iron Head|p2a: Giratina\n|-damage|p2a: Giratina|0 fnt\n|faint|p2a: Giratina\n|\n|-weather|SunnyDay|[upkeep]\n|-heal|p1a: Jirachi|29\/100|[from] item: Leftovers\n|upkeep\n|\n|t:|1659788836\n|switch|p2a: Dialga|Dialga, shiny|100\/100\n|-damage|p2a: Dialga|94\/100|[from] Stealth Rock\n|-ability|p2a: Dialga|Pressure\n|turn|37\n|\n|t:|1659788838\n|move|p1a: Jirachi|Thunder Wave|p2a: Dialga\n|-status|p2a: Dialga|par\n|move|p2a: Dialga|Bulk Up|p2a: Dialga\n|-boost|p2a: Dialga|atk|1\n|-boost|p2a: Dialga|def|1\n|\n|-weather|SunnyDay|[upkeep]\n|-heal|p1a: Jirachi|35\/100|[from] item: Leftovers\n|-heal|p2a: Dialga|100\/100 par|[from] item: Leftovers\n|upkeep\n|turn|38\n|\n|t:|1659788845\n|move|p1a: Jirachi|Iron Head|p2a: Dialga\n|-resisted|p2a: Dialga\n|-damage|p2a: Dialga|93\/100 par\n|cant|p2a: Dialga|flinch\n|\n|-weather|SunnyDay|[upkeep]\n|-heal|p1a: Jirachi|41\/100|[from] item: Leftovers\n|-heal|p2a: Dialga|99\/100 par|[from] item: Leftovers\n|upkeep\n|turn|39\n|\n|t:|1659788848\n|switch|p1a: Shaymin|Shaymin-Sky|100\/100\n|-damage|p1a: Shaymin|76\/100|[from] Stealth Rock\n|move|p2a: Dialga|Bulk Up|p2a: Dialga\n|-boost|p2a: Dialga|atk|1\n|-boost|p2a: Dialga|def|1\n|\n|-weather|SunnyDay|[upkeep]\n|-heal|p1a: Shaymin|82\/100|[from] item: Leftovers\n|-heal|p2a: Dialga|100\/100 par|[from] item: Leftovers\n|upkeep\n|turn|40\n|\n|t:|1659788850\n|move|p1a: Shaymin|Leech Seed|p2a: Dialga\n|-start|p2a: Dialga|move: Leech Seed\n|move|p2a: Dialga|Outrage|p1a: Shaymin\n|-damage|p1a: Shaymin|0 fnt\n|faint|p1a: Shaymin\n|\n|-weather|SunnyDay|[upkeep]\n|upkeep\n|\n|t:|1659788852\n|switch|p1a: Jirachi|Jirachi|41\/100\n|-damage|p1a: Jirachi|35\/100|[from] Stealth Rock\n|turn|41\n|\n|t:|1659788857\n|move|p1a: Jirachi|Iron Head|p2a: Dialga\n|-resisted|p2a: Dialga\n|-damage|p2a: Dialga|96\/100 par\n|cant|p2a: Dialga|flinch\n|\n|-weather|SunnyDay|[upkeep]\n|-heal|p1a: Jirachi|41\/100|[from] item: Leftovers\n|-heal|p2a: Dialga|100\/100 par|[from] item: Leftovers\n|-damage|p2a: Dialga|88\/100 par|[from] Leech Seed|[of] p1a: Jirachi\n|-heal|p1a: Jirachi|54\/100|[silent]\n|upkeep\n|turn|42\n|\n|t:|1659788860\n|switch|p2a: Tentacruel|Tentacruel, M, shiny|73\/100\n|-damage|p2a: Tentacruel|61\/100|[from] Stealth Rock\n|move|p1a: Jirachi|Wish|p1a: Jirachi\n|\n|-weather|SunnyDay|[upkeep]\n|-heal|p1a: Jirachi|60\/100|[from] item: Leftovers\n|upkeep\n|turn|43\n|j| JamboreeJourney\n|\n|t:|1659788865\n|move|p2a: Tentacruel|Icy Wind|p1a: Jirachi\n|-resisted|p1a: Jirachi\n|-damage|p1a: Jirachi|57\/100\n|-unboost|p1a: Jirachi|spe|1\n|move|p1a: Jirachi|Iron Head|p2a: Tentacruel\n|-resisted|p2a: Tentacruel\n|-damage|p2a: Tentacruel|42\/100\n|\n|-heal|p1a: Jirachi|100\/100|[from] move: Wish|[wisher] Jirachi\n|-weather|SunnyDay|[upkeep]\n|upkeep\n|turn|44\n|\n|t:|1659788868\n|move|p2a: Tentacruel|Icy Wind|p1a: Jirachi\n|-resisted|p1a: Jirachi\n|-damage|p1a: Jirachi|97\/100\n|-unboost|p1a: Jirachi|spe|1\n|move|p1a: Jirachi|Iron Head|p2a: Tentacruel\n|-resisted|p2a: Tentacruel\n|-damage|p2a: Tentacruel|24\/100\n|\n|-weather|SunnyDay|[upkeep]\n|-heal|p1a: Jirachi|100\/100|[from] item: Leftovers\n|upkeep\n|turn|45\n|\n|t:|1659788871\n|move|p2a: Tentacruel|Icy Wind|p1a: Jirachi\n|-resisted|p1a: Jirachi\n|-damage|p1a: Jirachi|97\/100\n|-unboost|p1a: Jirachi|spe|1\n|move|p1a: Jirachi|Iron Head|p2a: Tentacruel\n|-resisted|p2a: Tentacruel\n|-damage|p2a: Tentacruel|6\/100\n|\n|-weather|SunnyDay|[upkeep]\n|-heal|p1a: Jirachi|100\/100|[from] item: Leftovers\n|upkeep\n|turn|46\n|\n|t:|1659788875\n|move|p2a: Tentacruel|Icy Wind|p1a: Jirachi\n|-resisted|p1a: Jirachi\n|-damage|p1a: Jirachi|97\/100\n|-unboost|p1a: Jirachi|spe|1\n|move|p1a: Jirachi|U-turn|p2a: Tentacruel\n|-resisted|p2a: Tentacruel\n|-damage|p2a: Tentacruel|0 fnt\n|faint|p2a: Tentacruel\n|\n|-weather|SunnyDay|[upkeep]\n|-heal|p1a: Jirachi|100\/100|[from] item: Leftovers\n|upkeep\n|\n|t:|1659788878\n|switch|p2a: Dialga|Dialga, shiny|88\/100 par\n|-damage|p2a: Dialga|82\/100 par|[from] Stealth Rock\n|-ability|p2a: Dialga|Pressure\n|turn|47\n|\n|t:|1659788880\n|move|p1a: Jirachi|Iron Head|p2a: Dialga\n|-resisted|p2a: Dialga\n|-damage|p2a: Dialga|72\/100 par\n|cant|p2a: Dialga|flinch\n|\n|-weather|SunnyDay|[upkeep]\n|-heal|p2a: Dialga|78\/100 par|[from] item: Leftovers\n|upkeep\n|turn|48\n|\n|t:|1659788883\n|move|p1a: Jirachi|U-turn|p2a: Dialga\n|-resisted|p2a: Dialga\n|-damage|p2a: Dialga|72\/100 par\n|move|p2a: Dialga|Bulk Up|p2a: Dialga\n|-boost|p2a: Dialga|atk|1\n|-boost|p2a: Dialga|def|1\n|\n|-weather|SunnyDay|[upkeep]\n|-heal|p2a: Dialga|78\/100 par|[from] item: Leftovers\n|upkeep\n|turn|49\n|c|\u2606alvar03|missclick\n|c|\u2606alvar03|but didnt matter\n|c|\u2606alvar03|gg\n|\n|t:|1659788898\n|move|p1a: Jirachi|Iron Head|p2a: Dialga\n|-resisted|p2a: Dialga\n|-damage|p2a: Dialga|72\/100 par\n|cant|p2a: Dialga|flinch\n|\n|-weather|SunnyDay|[upkeep]\n|-heal|p2a: Dialga|78\/100 par|[from] item: Leftovers\n|upkeep\n|turn|50\n|\n|t:|1659788901\n|move|p1a: Jirachi|Iron Head|p2a: Dialga\n|-resisted|p2a: Dialga\n|-damage|p2a: Dialga|71\/100 par\n|move|p2a: Dialga|Rest|p2a: Dialga\n|-status|p2a: Dialga|slp|[from] move: Rest\n|-heal|p2a: Dialga|100\/100 slp|[silent]\n|\n|-weather|SunnyDay|[upkeep]\n|upkeep\n|turn|51\n|-message|alvar03 forfeited.\n|\n|win|PokemonShowdownSux\n|n|\u2606alvar03|alvar03\n|n|\u203dPokemonShowdownSux|pokemonshowdownsux\n|n| Gareeb2.0|gareeb20\n|n| shrang|shrang\n|n| JamboreeJourney|jamboreejourney\n","uploadtime":1659788906,"views":17,"p1id":"alvar03","p2id":"pokemonshowdownsux","formatid":"gen4ubers","rating":0,"private":0,"password":null}