{"id":"gen4randombattle-1594843115","p1":"HikozaruGG","p2":"JohnCastex","format":"gen4randombattle","log":"|j|\u2606HikozaruGG\n|j|\u2606JohnCastex\n|inactive|Battle timer is ON: inactive players will automatically lose when time's up.\n|t:|1655058812\n|gametype|singles\n|player|p1|HikozaruGG|cheren-gen5bw2|\n|player|p2|JohnCastex|101|\n|teamsize|p1|6\n|teamsize|p2|6\n|gen|4\n|tier|[Gen 4] Random Battle\n|rated|Tournament battle\n|rule|Sleep Clause Mod: Limit one foe put to sleep\n|rule|HP Percentage Mod: HP is shown in percentages\n|\n|t:|1655058812\n|start\n|switch|p1a: Mamoswine|Mamoswine, L80, M|307\/307\n|switch|p2a: Magcargo|Magcargo, L88, M|231\/231\n|turn|1\n|inactive|HikozaruGG also wants the timer to be on.\n|c|\u2606HikozaruGG|glhf\n|j| LeCehlou\n|c|\u2606JohnCastex|glhf\n|\n|t:|1655058831\n|switch|p2a: Wailord|Wailord, L88, F|442\/442\n|move|p1a: Mamoswine|Earthquake|p2a: Wailord\n|-damage|p2a: Wailord|190\/442\n|-damage|p1a: Mamoswine|277\/307|[from] item: Life Orb\n|\n|upkeep\n|turn|2\n|j| Oreotrague\u2605\u273f\n|j|+Minogod94\n|inactive|HikozaruGG has 120 seconds left.\n|\n|t:|1655058863\n|switch|p1a: Illumise|Illumise, L88, F|258\/258\n|move|p2a: Wailord|Surf|p1a: Illumise\n|-damage|p1a: Illumise|147\/258\n|\n|upkeep\n|turn|3\n|\n|t:|1655058868\n|move|p1a: Illumise|Thunderbolt|p2a: Wailord\n|-supereffective|p2a: Wailord\n|-damage|p2a: Wailord|6\/442\n|move|p2a: Wailord|Surf|p1a: Illumise\n|-damage|p1a: Illumise|27\/258\n|\n|upkeep\n|turn|4\n|\n|t:|1655058880\n|move|p1a: Illumise|Thunderbolt|p2a: Wailord\n|-supereffective|p2a: Wailord\n|-crit|p2a: Wailord\n|-damage|p2a: Wailord|0 fnt\n|faint|p2a: Wailord\n|\n|upkeep\n|\n|t:|1655058900\n|switch|p2a: Magcargo|Magcargo, L88, M|231\/231\n|turn|5\n|c|\u2606JohnCastex|\u00e7a va \u00eatre compliqu\u00e9\n|c|\u2606JohnCastex|j'ai une team en carton\n|inactive|HikozaruGG has 120 seconds left.\n|c|\u2606HikozaruGG|j'ai jamais jou\u00e9 ce tier avant donc tqt il peut arriver des dingueries\n|inactive|HikozaruGG has 90 seconds left.\n|\n|t:|1655058972\n|switch|p1a: Regirock|Regirock, L88|284\/284\n|move|p2a: Magcargo|Stealth Rock|p1a: Regirock\n|-sidestart|p1: HikozaruGG|move: Stealth Rock\n|\n|upkeep\n|turn|6\n|\n|t:|1655058979\n|move|p1a: Regirock|Earthquake|p2a: Magcargo\n|-supereffective|p2a: Magcargo\n|-damage|p2a: Magcargo|0 fnt\n|faint|p2a: Magcargo\n|\n|upkeep\n|\n|t:|1655058987\n|switch|p2a: Articuno|Articuno, L88|301\/301\n|-ability|p2a: Articuno|Pressure\n|turn|7\n|inactive|HikozaruGG has 90 seconds left.\n|\n|t:|1655059003\n|move|p2a: Articuno|Toxic|p1a: Regirock\n|-status|p1a: Regirock|tox\n|move|p1a: Regirock|Rock Slide|p2a: Articuno\n|-supereffective|p2a: Articuno\n|-damage|p2a: Articuno|0 fnt\n|faint|p2a: Articuno\n|\n|-damage|p1a: Regirock|267\/284 tox|[from] psn\n|upkeep\n|\n|t:|1655059010\n|switch|p2a: Camerupt|Camerupt, L88, F|266\/266\n|turn|8\n|\n|t:|1655059019\n|move|p1a: Regirock|Earthquake|p2a: Camerupt\n|-supereffective|p2a: Camerupt\n|-damage|p2a: Camerupt|131\/266\n|move|p2a: Camerupt|Rock Polish|p2a: Camerupt\n|-boost|p2a: Camerupt|spe|2\n|\n|-heal|p1a: Regirock|284\/284 tox|[from] item: Leftovers\n|-damage|p1a: Regirock|250\/284 tox|[from] psn\n|upkeep\n|turn|9\n|j|@Emeri \u273f\n|\n|t:|1655059025\n|move|p2a: Camerupt|Earthquake|p1a: Regirock\n|-supereffective|p1a: Regirock\n|-damage|p1a: Regirock|94\/284 tox\n|-damage|p2a: Camerupt|105\/266|[from] item: Life Orb\n|move|p1a: Regirock|Explosion|p2a: Camerupt\n|-damage|p2a: Camerupt|0 fnt\n|faint|p1a: Regirock\n|faint|p2a: Camerupt\n|\n|upkeep\n|\n|t:|1655059039\n|switch|p1a: Mamoswine|Mamoswine, L80, M|277\/307\n|switch|p2a: Swellow|Swellow, L84, F|238\/238\n|-damage|p1a: Mamoswine|239\/307|[from] Stealth Rock\n|turn|10\n|inactive|HikozaruGG has 90 seconds left.\n|\n|t:|1655059080\n|switch|p2a: Luxray|Luxray, L88, M|284\/284\n|-ability|p2a: Luxray|Intimidate|boost\n|-unboost|p1a: Mamoswine|atk|1\n|move|p1a: Mamoswine|Ice Shard|p2a: Luxray\n|-damage|p2a: Luxray|236\/284\n|-damage|p1a: Mamoswine|209\/307|[from] item: Life Orb\n|\n|-heal|p2a: Luxray|253\/284|[from] item: Leftovers\n|upkeep\n|turn|11\n|\n|t:|1655059088\n|move|p1a: Mamoswine|Earthquake|p2a: Luxray\n|-supereffective|p2a: Luxray\n|-damage|p2a: Luxray|19\/284\n|-damage|p1a: Mamoswine|179\/307|[from] item: Life Orb\n|move|p2a: Luxray|Toxic|p1a: Mamoswine\n|-status|p1a: Mamoswine|tox\n|\n|-damage|p1a: Mamoswine|160\/307 tox|[from] psn\n|-heal|p2a: Luxray|36\/284|[from] item: Leftovers\n|upkeep\n|turn|12\n|\n|t:|1655059093\n|switch|p2a: Swellow|Swellow, L84, F|238\/238\n|move|p1a: Mamoswine|Ice Shard|p2a: Swellow\n|-supereffective|p2a: Swellow\n|-damage|p2a: Swellow|124\/238\n|-damage|p1a: Mamoswine|130\/307 tox|[from] item: Life Orb\n|\n|-status|p2a: Swellow|tox|[from] item: Toxic Orb\n|-damage|p1a: Mamoswine|92\/307 tox|[from] psn\n|upkeep\n|turn|13\n|\n|t:|1655059102\n|switch|p2a: Luxray|Luxray, L88, M|36\/284\n|-ability|p2a: Luxray|Intimidate|boost\n|-unboost|p1a: Mamoswine|atk|1\n|move|p1a: Mamoswine|Ice Shard|p2a: Luxray\n|-damage|p2a: Luxray|0 fnt\n|faint|p2a: Luxray\n|-damage|p1a: Mamoswine|62\/307 tox|[from] item: Life Orb\n|\n|-damage|p1a: Mamoswine|5\/307 tox|[from] psn\n|upkeep\n|\n|t:|1655059107\n|switch|p2a: Swellow|Swellow, L84, F|124\/238 tox\n|turn|14\n|\n|t:|1655059110\n|move|p2a: Swellow|Quick Attack|p1a: Mamoswine\n|-damage|p1a: Mamoswine|0 fnt\n|faint|p1a: Mamoswine\n|\n|-damage|p2a: Swellow|110\/238 tox|[from] psn\n|upkeep\n|inactive|HikozaruGG has 90 seconds left.\n|\n|t:|1655059131\n|switch|p1a: Heracross|Heracross, L82, F|265\/265\n|-damage|p1a: Heracross|232\/265|[from] Stealth Rock\n|turn|15\n|\n|t:|1655059136\n|switch|p1a: Illumise|Illumise, L88, F|27\/258\n|-damage|p1a: Illumise|0 fnt|[from] Stealth Rock\n|faint|p1a: Illumise\n|move|p2a: Swellow|Facade|p1: Illumise|[notarget]\n|-notarget|p2a: Swellow\n|\n|-damage|p2a: Swellow|82\/238 tox|[from] psn\n|upkeep\n|\n|t:|1655059140\n|switch|p1a: Drifblim|Drifblim, L88, F|404\/404\n|-damage|p1a: Drifblim|303\/404|[from] Stealth Rock\n|turn|16\n|\n|t:|1655059146\n|switch|p1a: Heracross|Heracross, L82, F|232\/265\n|-damage|p1a: Heracross|199\/265|[from] Stealth Rock\n|move|p2a: Swellow|Brave Bird|p1a: Heracross\n|-supereffective|p1a: Heracross\n|-damage|p1a: Heracross|0 fnt\n|faint|p1a: Heracross\n|-damage|p2a: Swellow|16\/238 tox|[from] Recoil\n|\n|-damage|p2a: Swellow|0 fnt|[from] psn\n|faint|p2a: Swellow\n|\n|win|HikozaruGG\n|upkeep\n|n|\u2606HikozaruGG|hikozarugg\n|n|\u2606JohnCastex|johncastex\n|n| LeCehlou|lecehlou\n|n| Oreotrague\u2605\u273f|oreotrague\n|n| Minogod94|minogod94\n|n|+Emeri \u273f|emeri\n","inputlog":">version 670c2f5a4ee85e366483c1d6b048cac7bb7a651c\n>start {\"formatid\":\"gen4randombattle\",\"seed\":[36809,31947,59548,36403],\"rated\":\"Tournament battle\"}\n>player p1 {\"name\":\"HikozaruGG\",\"avatar\":\"cheren-gen5bw2\",\"rating\":0,\"seed\":[50094,37174,20134,36304]}\n>player p2 {\"name\":\"JohnCastex\",\"avatar\":\"101\",\"rating\":0,\"seed\":[13411,41164,43372,3990]}\n>chat \u2606HikozaruGG|glhf\n>chat \u2606JohnCastex|glhf\n>p1 move earthquake\n>p2 switch 5\n>p1 switch 6\n>p2 move surf\n>p1 move thunderbolt\n>p2 move surf\n>p1 move thunderbolt\n>p2 move surf\n>p2 switch 5\n>chat \u2606JohnCastex|\u00e7a va \u00eatre compliqu\u00e9\n>chat \u2606JohnCastex|j'ai une team en carton\n>chat \u2606HikozaruGG|j'ai jamais jou\u00e9 ce tier avant donc tqt il peut arriver des dingueries\n>p1 switch 3\n>p2 move stealthrock\n>p1 move earthquake\n>p2 move willowisp\n>p2 switch 6\n>p1 move rockslide\n>p2 move toxic\n>p2 switch 2\n>p1 move earthquake\n>p2 move rockpolish\n>p1 move explosion\n>p2 move earthquake\n>p1 switch 6\n>p2 switch 4\n>p1 move iceshard\n>p2 switch 3\n>p1 move earthquake\n>p2 move toxic\n>p1 move iceshard\n>p2 switch 3\n>p1 move iceshard\n>p2 switch 3\n>p2 switch 3\n>p1 move iceshard\n>p2 move quickattack\n>p1 switch 2\n>p1 switch 3\n>p2 move facade\n>p1 switch 4\n>p1 switch 3\n>p2 move bravebird","uploadtime":1655059147,"views":5,"p1id":"hikozarugg","p2id":"johncastex","formatid":"gen4randombattle","rating":0,"private":0,"password":null}