{"id":"gen4ou-1125802786","p1":"goran el draco","p2":"Snows94","format":"gen4ou","log":"|j|\u2606goran el draco\n|j|\u2606Snows94\n|player|p1|goran el draco|n|1348\n|player|p2|Snows94|1|1097\n|teamsize|p1|6\n|teamsize|p2|6\n|gametype|singles\n|gen|4\n|tier|[Gen 4] OU\n|rated|\n|rule|Sleep Clause Mod: Limit one foe put to sleep\n|rule|Species Clause: Limit one of each Pok\u00e9mon\n|rule|OHKO Clause: OHKO moves are banned\n|rule|Evasion Moves Clause: Evasion moves are banned\n|rule|Endless Battle Clause: Forcing endless battles is banned\n|rule|HP Percentage Mod: HP is shown in percentages\n|\n|start\n|switch|p1a: Azelf|Azelf|100\/100\n|switch|p2a: Aggron|Aggron, F|100\/100\n|turn|1\n|\n|move|p1a: Azelf|Taunt|p2a: Aggron\n|-start|p2a: Aggron|move: Taunt\n|cant|p2a: Aggron|move: Taunt|Stealth Rock\n|\n|upkeep\n|turn|2\n|\n|move|p1a: Azelf|Stealth Rock|p2a: Aggron\n|-sidestart|p2: Snows94|move: Stealth Rock\n|move|p2a: Aggron|Head Smash|p1a: Azelf\n|-damage|p1a: Azelf|4\/100\n|\n|upkeep\n|turn|3\n|\n|switch|p1a: Dugtrio|Dugtrio, M|100\/100\n|move|p2a: Aggron|Head Smash|p1a: Dugtrio\n|-resisted|p1a: Dugtrio\n|-damage|p1a: Dugtrio|0 fnt\n|faint|p1a: Dugtrio\n|\n|upkeep\n|\n|switch|p1a: Mamoswine|Mamoswine, M|100\/100\n|turn|4\n|\n|move|p2a: Aggron|Head Smash|p1a: Mamoswine\n|-damage|p1a: Mamoswine|12\/100\n|move|p1a: Mamoswine|Earthquake|p2a: Aggron\n|-supereffective|p2a: Aggron\n|-damage|p2a: Aggron|0 fnt\n|-damage|p1a: Mamoswine|2\/100|[from] item: Life Orb\n|faint|p2a: Aggron\n|\n|upkeep\n|\n|switch|p2a: Magmortar|Magmortar, F|100\/100\n|-damage|p2a: Magmortar|75\/100|[from] Stealth Rock\n|turn|5\n|c|\u2606goran el draco|how tf did you outrun??\n|c|\u2606goran el draco|am i missing somethin?\n|\n|move|p2a: Magmortar|Psychic|p1a: Mamoswine\n|-damage|p1a: Mamoswine|0 fnt\n|-damage|p2a: Magmortar|66\/100|[from] item: Life Orb\n|faint|p1a: Mamoswine\n|\n|upkeep\n|\n|switch|p1a: Zapdos|Zapdos|100\/100\n|-ability|p1a: Zapdos|Pressure\n|turn|6\n|\n|move|p1a: Zapdos|Thunderbolt|p2a: Magmortar\n|-damage|p2a: Magmortar|0 fnt\n|faint|p2a: Magmortar\n|\n|upkeep\n|\n|switch|p2a: Starmie|Starmie|100\/100\n|-damage|p2a: Starmie|88\/100|[from] Stealth Rock\n|turn|7\n|\n|move|p2a: Starmie|Ice Beam|p1a: Zapdos\n|-supereffective|p1a: Zapdos\n|-damage|p1a: Zapdos|4\/100\n|move|p1a: Zapdos|Thunderbolt|p2a: Starmie\n|-supereffective|p2a: Starmie\n|-damage|p2a: Starmie|0 fnt\n|faint|p2a: Starmie\n|\n|upkeep\n|\n|switch|p2a: Jolteon|Jolteon, M|100\/100\n|-damage|p2a: Jolteon|88\/100|[from] Stealth Rock\n|turn|8\n|\n|switch|p1a: Latias|Latias, F|100\/100\n|move|p2a: Jolteon|Thunderbolt|p1a: Latias\n|-resisted|p1a: Latias\n|-damage|p1a: Latias|80\/100\n|\n|-heal|p2a: Jolteon|94\/100|[from] item: Leftovers\n|upkeep\n|turn|9\n|\n|move|p2a: Jolteon|Thunder Wave|p1a: Latias\n|-status|p1a: Latias|par\n|move|p1a: Latias|Draco Meteor|p2a: Jolteon\n|-damage|p2a: Jolteon|0 fnt\n|-unboost|p1a: Latias|spa|2\n|faint|p2a: Jolteon\n|\n|upkeep\n|\n|switch|p2a: Gengar|Gengar, F|100\/100\n|-damage|p2a: Gengar|88\/100|[from] Stealth Rock\n|turn|10\n|\n|move|p2a: Gengar|Shadow Ball|p1a: Latias\n|-supereffective|p1a: Latias\n|-damage|p1a: Latias|0 fnt\n|-damage|p2a: Gengar|78\/100|[from] item: Life Orb\n|faint|p1a: Latias\n|\n|upkeep\n|\n|switch|p1a: Azelf|Azelf|4\/100\n|turn|11\n|\n|move|p1a: Azelf|Psychic|p2a: Gengar\n|-supereffective|p2a: Gengar\n|-damage|p2a: Gengar|0 fnt\n|faint|p2a: Gengar\n|\n|upkeep\n|\n|switch|p2a: Hitmonlee|Hitmonlee, M|100\/100\n|-damage|p2a: Hitmonlee|94\/100|[from] Stealth Rock\n|turn|12\n|\n|move|p1a: Azelf|Psychic|p2a: Hitmonlee\n|-supereffective|p2a: Hitmonlee\n|-crit|p2a: Hitmonlee\n|-damage|p2a: Hitmonlee|0 fnt\n|faint|p2a: Hitmonlee\n|\n|win|goran el draco\n|l|\u2606Snows94\n|raw|goran el draco's rating: 1349 &rarr; <strong>1356<\/strong><br \/>(+7 for winning)\n|raw|Snows94's rating: 1097 &rarr; <strong>1088<\/strong><br \/>(-9 for losing)\n","uploadtime":1591154904,"views":10,"p1id":"goraneldraco","p2id":"snows94","formatid":"gen4ou","rating":1088,"private":0,"password":null}