{"id":"gen4ou-1170895719","p1":"Tobias62","p2":"winter lanterns","format":"gen4ou","log":"|j|\u2606Tobias62\n|j|\u2606winter lanterns\n|t:|1597740564\n|player|p1|Tobias62|dawn|1451\n|player|p2|winter lanterns|1|1509\n|teamsize|p1|6\n|teamsize|p2|6\n|gametype|singles\n|gen|4\n|tier|[Gen 4] OU\n|rated|\n|rule|Sleep Clause Mod: Limit one foe put to sleep\n|rule|Species Clause: Limit one of each Pok\u00e9mon\n|rule|OHKO Clause: OHKO moves are banned\n|rule|Evasion Moves Clause: Evasion moves are banned\n|rule|Endless Battle Clause: Forcing endless battles is banned\n|rule|HP Percentage Mod: HP is shown in percentages\n|\n|t:|1597740564\n|start\n|switch|p1a: Bronzong|Bronzong|100\/100\n|switch|p2a: Swampert|Swampert, M|100\/100\n|turn|1\n|\n|t:|1597740573\n|move|p2a: Swampert|Waterfall|p1a: Bronzong\n|-damage|p1a: Bronzong|50\/100\n|move|p1a: Bronzong|Trick Room|p1a: Bronzong\n|-fieldstart|move: Trick Room|[of] p1a: Bronzong\n|\n|-heal|p1a: Bronzong|56\/100|[from] item: Leftovers\n|upkeep\n|turn|2\n|j| The Sprinkler\n|\n|t:|1597740580\n|move|p1a: Bronzong|Stealth Rock|p2a: Swampert\n|-sidestart|p2: winter lanterns|move: Stealth Rock\n|move|p2a: Swampert|Waterfall|p1a: Bronzong\n|-damage|p1a: Bronzong|0 fnt\n|faint|p1a: Bronzong\n|\n|upkeep\n|inactive|Battle timer is ON: inactive players will automatically lose when time's up. (requested by Tobias62)\n|\n|t:|1597740591\n|switch|p1a: Breloom|Breloom, F|100\/100\n|turn|3\n|\n|t:|1597740594\n|move|p1a: Breloom|Spore|p2a: Swampert\n|-status|p2a: Swampert|slp|[from] move: Spore\n|cant|p2a: Swampert|slp\n|\n|-status|p1a: Breloom|tox|[from] item: Toxic Orb\n|upkeep\n|turn|4\n|\n|t:|1597740602\n|switch|p2a: Rotom|Rotom-Wash|100\/100\n|-damage|p2a: Rotom|88\/100|[from] Stealth Rock\n|move|p1a: Breloom|Substitute|p1a: Breloom\n|-start|p1a: Breloom|Substitute\n|-damage|p1a: Breloom|75\/100 tox\n|\n|-heal|p2a: Rotom|94\/100|[from] item: Leftovers\n|-heal|p1a: Breloom|88\/100 tox|[from] ability: Poison Heal\n|upkeep\n|turn|5\n|\n|t:|1597740612\n|move|p1a: Breloom|Seed Bomb|p2a: Rotom\n|-damage|p2a: Rotom|55\/100\n|move|p2a: Rotom|Shadow Ball|p1a: Breloom\n|-end|p1a: Breloom|Substitute\n|\n|-heal|p2a: Rotom|61\/100|[from] item: Leftovers\n|-heal|p1a: Breloom|99\/100 tox|[from] ability: Poison Heal\n|-fieldend|move: Trick Room\n|upkeep\n|turn|6\n|\n|t:|1597740634\n|switch|p1a: Tyranitar|Tyranitar, M|100\/100\n|-weather|Sandstorm|[from] ability: Sand Stream|[of] p1a: Tyranitar\n|move|p2a: Rotom|Shadow Ball|p1a: Tyranitar\n|-resisted|p1a: Tyranitar\n|-damage|p1a: Tyranitar|91\/100\n|\n|-weather|Sandstorm|[upkeep]\n|-damage|p2a: Rotom|55\/100|[from] Sandstorm\n|-heal|p2a: Rotom|61\/100|[from] item: Leftovers\n|upkeep\n|turn|7\n|\n|t:|1597740646\n|move|p2a: Rotom|Will-O-Wisp|p1a: Tyranitar\n|-status|p1a: Tyranitar|brn\n|move|p1a: Tyranitar|Crunch|p2a: Rotom\n|-supereffective|p2a: Rotom\n|-damage|p2a: Rotom|16\/100\n|-damage|p1a: Tyranitar|81\/100 brn|[from] item: Life Orb\n|\n|-weather|Sandstorm|[upkeep]\n|-damage|p2a: Rotom|9\/100|[from] Sandstorm\n|-heal|p2a: Rotom|16\/100|[from] item: Leftovers\n|-damage|p1a: Tyranitar|68\/100 brn|[from] brn\n|upkeep\n|turn|8\n|\n|t:|1597740659\n|move|p2a: Rotom|Hydro Pump|p1a: Tyranitar\n|-supereffective|p1a: Tyranitar\n|-damage|p1a: Tyranitar|26\/100 brn\n|move|p1a: Tyranitar|Crunch|p2a: Rotom\n|-supereffective|p2a: Rotom\n|-damage|p2a: Rotom|0 fnt\n|-damage|p1a: Tyranitar|16\/100 brn|[from] item: Life Orb\n|faint|p2a: Rotom\n|\n|-weather|Sandstorm|[upkeep]\n|-damage|p1a: Tyranitar|4\/100 brn|[from] brn\n|upkeep\n|\n|t:|1597740674\n|switch|p2a: Heatran|Heatran, M|100\/100\n|-damage|p2a: Heatran|88\/100|[from] Stealth Rock\n|turn|9\n|\n|t:|1597740680\n|switch|p1a: Slowbro|Slowbro, F|100\/100\n|move|p2a: Heatran|Protect||[still]\n|-fail|p2a: Heatran\n|\n|-weather|Sandstorm|[upkeep]\n|-damage|p1a: Slowbro|94\/100|[from] Sandstorm\n|-heal|p2a: Heatran|94\/100|[from] item: Leftovers\n|-heal|p1a: Slowbro|100\/100|[from] item: Leftovers\n|upkeep\n|turn|10\n|\n|t:|1597740696\n|move|p2a: Heatran|Stealth Rock|p1a: Slowbro\n|-sidestart|p1: Tobias62|move: Stealth Rock\n|move|p1a: Slowbro|Trick Room|p1a: Slowbro\n|-fieldstart|move: Trick Room|[of] p1a: Slowbro\n|\n|-weather|Sandstorm|[upkeep]\n|-damage|p1a: Slowbro|94\/100|[from] Sandstorm\n|-heal|p1a: Slowbro|100\/100|[from] item: Leftovers\n|-heal|p2a: Heatran|100\/100|[from] item: Leftovers\n|upkeep\n|turn|11\n|l| The Sprinkler\n|\n|t:|1597740705\n|switch|p2a: Roserade|Roserade, F|100\/100\n|-damage|p2a: Roserade|88\/100|[from] Stealth Rock\n|move|p1a: Slowbro|Surf|p2a: Roserade\n|-resisted|p2a: Roserade\n|-crit|p2a: Roserade\n|-damage|p2a: Roserade|50\/100\n|\n|-weather|Sandstorm|[upkeep]\n|-damage|p1a: Slowbro|94\/100|[from] Sandstorm\n|-damage|p2a: Roserade|44\/100|[from] Sandstorm\n|-heal|p1a: Slowbro|100\/100|[from] item: Leftovers\n|-heal|p2a: Roserade|50\/100|[from] item: Black Sludge\n|upkeep\n|turn|12\n|\n|t:|1597740718\n|move|p1a: Slowbro|Psychic|p2a: Roserade\n|-supereffective|p2a: Roserade\n|-damage|p2a: Roserade|0 fnt\n|faint|p2a: Roserade\n|\n|-weather|Sandstorm|[upkeep]\n|-damage|p1a: Slowbro|94\/100|[from] Sandstorm\n|-heal|p1a: Slowbro|100\/100|[from] item: Leftovers\n|upkeep\n|\n|t:|1597740729\n|switch|p2a: Swampert|Swampert, M|100\/100 slp\n|-damage|p2a: Swampert|94\/100 slp|[from] Stealth Rock\n|turn|13\n|\n|t:|1597740738\n|switch|p1a: Breloom|Breloom, F|99\/100 tox\n|-damage|p1a: Breloom|94\/100 tox|[from] Stealth Rock\n|cant|p2a: Swampert|slp\n|\n|-weather|Sandstorm|[upkeep]\n|-damage|p1a: Breloom|88\/100 tox|[from] Sandstorm\n|-heal|p1a: Breloom|99\/100 tox|[from] ability: Poison Heal\n|upkeep\n|turn|14\n|\n|t:|1597740751\n|move|p1a: Breloom|Substitute|p1a: Breloom\n|-start|p1a: Breloom|Substitute\n|-damage|p1a: Breloom|75\/100 tox\n|cant|p2a: Swampert|slp\n|\n|-weather|Sandstorm|[upkeep]\n|-damage|p1a: Breloom|69\/100 tox|[from] Sandstorm\n|-heal|p1a: Breloom|81\/100 tox|[from] ability: Poison Heal\n|-fieldend|move: Trick Room\n|upkeep\n|turn|15\n|\n|t:|1597740767\n|-curestatus|p2a: Swampert|slp|[msg]\n|move|p2a: Swampert|Ice Punch|p1a: Breloom\n|-supereffective|p1a: Breloom\n|-end|p1a: Breloom|Substitute\n|move|p1a: Breloom|Spore|p2a: Swampert\n|-status|p2a: Swampert|slp|[from] move: Spore\n|\n|-weather|Sandstorm|[upkeep]\n|-damage|p1a: Breloom|75\/100 tox|[from] Sandstorm\n|-heal|p1a: Breloom|88\/100 tox|[from] ability: Poison Heal\n|upkeep\n|turn|16\n|\n|t:|1597740780\n|switch|p2a: Heatran|Heatran, M|100\/100\n|-damage|p2a: Heatran|88\/100|[from] Stealth Rock\n|move|p1a: Breloom|Substitute|p1a: Breloom\n|-start|p1a: Breloom|Substitute\n|-damage|p1a: Breloom|63\/100 tox\n|\n|-weather|Sandstorm|[upkeep]\n|-damage|p1a: Breloom|56\/100 tox|[from] Sandstorm\n|-heal|p2a: Heatran|94\/100|[from] item: Leftovers\n|-heal|p1a: Breloom|69\/100 tox|[from] ability: Poison Heal\n|upkeep\n|turn|17\n|\n|t:|1597740792\n|-singleturn|p1a: Breloom|move: Focus Punch\n|move|p2a: Heatran|Lava Plume|p1a: Breloom\n|-supereffective|p1a: Breloom\n|-end|p1a: Breloom|Substitute\n|move|p1a: Breloom|Focus Punch|p2a: Heatran\n|-supereffective|p2a: Heatran\n|-damage|p2a: Heatran|0 fnt\n|faint|p2a: Heatran\n|\n|-weather|Sandstorm|[upkeep]\n|-damage|p1a: Breloom|63\/100 tox|[from] Sandstorm\n|-heal|p1a: Breloom|75\/100 tox|[from] ability: Poison Heal\n|upkeep\n|\n|t:|1597740795\n|switch|p2a: Metagross|Metagross|100\/100\n|-damage|p2a: Metagross|95\/100|[from] Stealth Rock\n|turn|18\n|\n|t:|1597740819\n|switch|p1a: Slowbro|Slowbro, F|100\/100\n|-damage|p1a: Slowbro|88\/100|[from] Stealth Rock\n|move|p2a: Metagross|Explosion|p1a: Slowbro\n|-damage|p1a: Slowbro|0 fnt\n|faint|p2a: Metagross\n|faint|p1a: Slowbro\n|\n|-weather|Sandstorm|[upkeep]\n|upkeep\n|\n|t:|1597740829\n|switch|p2a: Flygon|Flygon, F|100\/100\n|switch|p1a: Dusknoir|Dusknoir, M|100\/100\n|-damage|p2a: Flygon|95\/100|[from] Stealth Rock\n|-damage|p1a: Dusknoir|88\/100|[from] Stealth Rock\n|-ability|p1a: Dusknoir|Pressure\n|turn|19\n|\n|t:|1597740836\n|move|p2a: Flygon|Draco Meteor|p1a: Dusknoir\n|-damage|p1a: Dusknoir|30\/100\n|-unboost|p2a: Flygon|spa|2\n|-damage|p2a: Flygon|85\/100|[from] item: Life Orb\n|move|p1a: Dusknoir|Trick Room|p1a: Dusknoir\n|-fieldstart|move: Trick Room|[of] p1a: Dusknoir\n|\n|-weather|Sandstorm|[upkeep]\n|-damage|p1a: Dusknoir|24\/100|[from] Sandstorm\n|-heal|p1a: Dusknoir|30\/100|[from] item: Leftovers\n|upkeep\n|turn|20\n|\n|t:|1597740848\n|move|p1a: Dusknoir|Ice Punch|p2a: Flygon\n|-supereffective|p2a: Flygon\n|-damage|p2a: Flygon|0 fnt\n|faint|p2a: Flygon\n|\n|-weather|Sandstorm|[upkeep]\n|-damage|p1a: Dusknoir|24\/100|[from] Sandstorm\n|-heal|p1a: Dusknoir|30\/100|[from] item: Leftovers\n|upkeep\n|-message|winter lanterns forfeited.\n|\n|win|Tobias62\n|l|\u2606winter lanterns\n|raw|Tobias62's rating: 1451 &rarr; <strong>1474<\/strong><br \/>(+23 for winning)\n|raw|winter lanterns's rating: 1509 &rarr; <strong>1486<\/strong><br \/>(-23 for losing)\n","uploadtime":1597740894,"views":13,"p1id":"tobias62","p2id":"winterlanterns","formatid":"gen4ou","rating":1474,"private":0,"password":null}