{"id":"gen4randombattle-1209326043","p1":"gtvg","p2":"bhkg","format":"gen4randombattle","log":"|j|\u2606gtvg\n|j|\u2606bhkg\n|t:|1603647781\n|player|p1|gtvg|benga|1106\n|player|p2|bhkg|102|1192\n|teamsize|p1|6\n|teamsize|p2|6\n|gametype|singles\n|gen|4\n|tier|[Gen 4] Random Battle\n|rated|\n|rule|Sleep Clause Mod: Limit one foe put to sleep\n|rule|HP Percentage Mod: HP is shown in percentages\n|\n|t:|1603647781\n|start\n|switch|p1a: Floatzel|Floatzel, L83, F|277\/277\n|switch|p2a: Wormadam|Wormadam-Sandy, L83, F|235\/235\n|-ability|p2a: Wormadam|Anticipation\n|turn|1\n|\n|t:|1603647792\n|move|p1a: Floatzel|Taunt|p2a: Wormadam\n|-start|p2a: Wormadam|move: Taunt\n|cant|p2a: Wormadam|move: Taunt|Toxic\n|\n|upkeep\n|turn|2\n|\n|t:|1603647802\n|switch|p2a: Toxicroak|Toxicroak, L79, F|261\/261\n|move|p1a: Floatzel|Waterfall|p2a: Toxicroak\n|-immune|p2a: Toxicroak|[from] ability: Dry Skin\n|\n|upkeep\n|turn|3\n|\n|t:|1603647825\n|move|p1a: Floatzel|Return|p2a: Toxicroak\n|-damage|p2a: Toxicroak|152\/261\n|move|p2a: Toxicroak|Swords Dance|p2a: Toxicroak\n|-boost|p2a: Toxicroak|atk|2\n|\n|-heal|p2a: Toxicroak|168\/261|[from] item: Black Sludge\n|upkeep\n|turn|4\n|\n|t:|1603647836\n|move|p2a: Toxicroak|Sucker Punch|p1a: Floatzel\n|-fail|p2a: Toxicroak\n|move|p1a: Floatzel|Taunt|p2a: Toxicroak\n|-start|p2a: Toxicroak|move: Taunt\n|\n|-heal|p2a: Toxicroak|184\/261|[from] item: Black Sludge\n|upkeep\n|turn|5\n|\n|t:|1603647843\n|-singleturn|p2a: Toxicroak|move: Focus Punch\n|switch|p1a: Slowking|Slowking, L83, M|293\/293\n|move|p2a: Toxicroak|Focus Punch|p1a: Slowking\n|-resisted|p1a: Slowking\n|-damage|p1a: Slowking|129\/293\n|\n|-heal|p2a: Toxicroak|200\/261|[from] item: Black Sludge\n|-heal|p1a: Slowking|147\/293|[from] item: Leftovers\n|upkeep\n|turn|6\n|\n|t:|1603647853\n|-singleturn|p2a: Toxicroak|move: Focus Punch\n|move|p1a: Slowking|Psychic|p2a: Toxicroak\n|-supereffective|p2a: Toxicroak\n|-damage|p2a: Toxicroak|0 fnt\n|faint|p2a: Toxicroak\n|\n|-heal|p1a: Slowking|165\/293|[from] item: Leftovers\n|upkeep\n|\n|t:|1603647863\n|switch|p2a: Arceus|Arceus-Fighting, L71|288\/288\n|turn|7\n|\n|t:|1603647868\n|move|p2a: Arceus|Dark Pulse|p1a: Slowking\n|-supereffective|p1a: Slowking\n|-damage|p1a: Slowking|79\/293\n|move|p1a: Slowking|Psychic|p2a: Arceus\n|-supereffective|p2a: Arceus\n|-damage|p2a: Arceus|100\/288\n|\n|-heal|p1a: Slowking|97\/293|[from] item: Leftovers\n|upkeep\n|turn|8\n|\n|t:|1603647878\n|switch|p2a: Lickilicky|Lickilicky, L83, F|318\/318\n|move|p1a: Slowking|Psychic|p2a: Lickilicky\n|-damage|p2a: Lickilicky|222\/318\n|\n|-heal|p1a: Slowking|115\/293|[from] item: Leftovers\n|upkeep\n|turn|9\n|\n|t:|1603647884\n|move|p2a: Lickilicky|Return|p1a: Slowking\n|-damage|p1a: Slowking|0 fnt\n|faint|p1a: Slowking\n|\n|upkeep\n|\n|t:|1603647892\n|switch|p1a: Shuckle|Shuckle, L83, F|169\/169\n|turn|10\n|\n|t:|1603647897\n|switch|p2a: Arceus|Arceus-Fighting, L71|100\/288\n|move|p1a: Shuckle|Toxic|p2a: Arceus|[miss]\n|-miss|p1a: Shuckle|p2a: Arceus\n|\n|upkeep\n|turn|11\n|\n|t:|1603647904\n|move|p2a: Arceus|Judgment|p1a: Shuckle\n|-damage|p1a: Shuckle|120\/169\n|move|p1a: Shuckle|Toxic|p2a: Arceus\n|-status|p2a: Arceus|tox\n|\n|-damage|p2a: Arceus|82\/288 tox|[from] psn\n|upkeep\n|turn|12\n|\n|t:|1603647916\n|move|p2a: Arceus|Recover|p2a: Arceus\n|-heal|p2a: Arceus|226\/288 tox\n|move|p1a: Shuckle|Knock Off|p2a: Arceus\n|-resisted|p2a: Arceus\n|-damage|p2a: Arceus|223\/288 tox\n|\n|-damage|p2a: Arceus|187\/288 tox|[from] psn\n|upkeep\n|turn|13\n|\n|t:|1603647932\n|switch|p2a: Wormadam|Wormadam-Sandy, L83, F|235\/235\n|move|p1a: Shuckle|Knock Off|p2a: Wormadam\n|-damage|p2a: Wormadam|230\/235\n|-enditem|p2a: Wormadam|Leftovers|[from] move: Knock Off|[of] p1a: Shuckle\n|\n|upkeep\n|turn|14\n|\n|t:|1603647939\n|move|p2a: Wormadam|Toxic|p1a: Shuckle\n|-status|p1a: Shuckle|tox\n|move|p1a: Shuckle|Toxic|p2a: Wormadam\n|-status|p2a: Wormadam|tox\n|\n|-damage|p2a: Wormadam|216\/235 tox|[from] psn\n|-damage|p1a: Shuckle|110\/169 tox|[from] psn\n|upkeep\n|turn|15\n|\n|t:|1603647948\n|move|p2a: Wormadam|Earthquake|p1a: Shuckle\n|-damage|p1a: Shuckle|65\/169 tox\n|move|p1a: Shuckle|Knock Off|p2a: Wormadam\n|-damage|p2a: Wormadam|211\/235 tox\n|\n|-damage|p2a: Wormadam|183\/235 tox|[from] psn\n|-damage|p1a: Shuckle|45\/169 tox|[from] psn\n|upkeep\n|turn|16\n|\n|t:|1603647955\n|move|p2a: Wormadam|Rest|p2a: Wormadam\n|-status|p2a: Wormadam|slp|[from] move: Rest\n|-heal|p2a: Wormadam|235\/235 slp|[silent]\n|move|p1a: Shuckle|Rest|p1a: Shuckle\n|-status|p1a: Shuckle|slp|[from] move: Rest\n|-heal|p1a: Shuckle|169\/169 slp|[silent]\n|-enditem|p1a: Shuckle|Chesto Berry|[eat]\n|-curestatus|p1a: Shuckle|slp|[msg]\n|\n|upkeep\n|turn|17\n|\n|t:|1603647965\n|cant|p2a: Wormadam|slp\n|move|p2a: Wormadam|Sleep Talk|p2a: Wormadam\n|move|p2a: Wormadam|Toxic|p1a: Shuckle|[from]Sleep Talk\n|-status|p1a: Shuckle|tox\n|move|p1a: Shuckle|Encore|p2a: Wormadam\n|-start|p2a: Wormadam|Encore\n|\n|-damage|p1a: Shuckle|159\/169 tox|[from] psn\n|upkeep\n|turn|18\n|\n|t:|1603647974\n|cant|p2a: Wormadam|slp\n|move|p2a: Wormadam|Sleep Talk\n|-fail|p2a: Wormadam\n|move|p1a: Shuckle|Knock Off|p2a: Wormadam\n|-damage|p2a: Wormadam|230\/235 slp\n|\n|-damage|p1a: Shuckle|139\/169 tox|[from] psn\n|upkeep\n|turn|19\n|\n|t:|1603647984\n|-curestatus|p2a: Wormadam|slp|[msg]\n|move|p2a: Wormadam|Sleep Talk\n|-fail|p2a: Wormadam\n|move|p1a: Shuckle|Knock Off|p2a: Wormadam\n|-damage|p2a: Wormadam|225\/235\n|\n|-damage|p1a: Shuckle|109\/169 tox|[from] psn\n|upkeep\n|turn|20\n|\n|t:|1603647993\n|move|p2a: Wormadam|Sleep Talk\n|-fail|p2a: Wormadam\n|move|p1a: Shuckle|Toxic|p2a: Wormadam\n|-status|p2a: Wormadam|tox\n|\n|-damage|p2a: Wormadam|211\/235 tox|[from] psn\n|-damage|p1a: Shuckle|69\/169 tox|[from] psn\n|upkeep\n|turn|21\n|\n|t:|1603648000\n|switch|p1a: Floatzel|Floatzel, L83, F|277\/277\n|move|p2a: Wormadam|Sleep Talk\n|-fail|p2a: Wormadam\n|\n|-damage|p2a: Wormadam|183\/235 tox|[from] psn\n|upkeep\n|turn|22\n|\n|t:|1603648008\n|switch|p2a: Dragonite|Dragonite, L75, F|259\/259\n|move|p1a: Floatzel|Waterfall|p2a: Dragonite\n|-resisted|p2a: Dragonite\n|-damage|p2a: Dragonite|210\/259\n|\n|-heal|p2a: Dragonite|226\/259|[from] item: Leftovers\n|upkeep\n|turn|23\n|\n|t:|1603648013\n|switch|p2a: Wormadam|Wormadam-Sandy, L83, F|183\/235 tox\n|-ability|p2a: Wormadam|Anticipation\n|move|p1a: Floatzel|Ice Punch|p2a: Wormadam\n|-supereffective|p2a: Wormadam\n|-damage|p2a: Wormadam|77\/235 tox\n|\n|-damage|p2a: Wormadam|63\/235 tox|[from] psn\n|upkeep\n|turn|24\n|\n|t:|1603648022\n|move|p1a: Floatzel|Taunt|p2a: Wormadam\n|-start|p2a: Wormadam|move: Taunt\n|cant|p2a: Wormadam|move: Taunt|Rest\n|\n|-damage|p2a: Wormadam|35\/235 tox|[from] psn\n|upkeep\n|turn|25\n|\n|t:|1603648028\n|move|p1a: Floatzel|Ice Punch|p2a: Wormadam\n|-supereffective|p2a: Wormadam\n|-damage|p2a: Wormadam|0 fnt\n|faint|p2a: Wormadam\n|\n|upkeep\n|\n|t:|1603648032\n|switch|p2a: Swellow|Swellow, L79, F|224\/224\n|turn|26\n|\n|t:|1603648036\n|move|p2a: Swellow|Protect|p2a: Swellow\n|-singleturn|p2a: Swellow|Protect\n|move|p1a: Floatzel|Ice Punch|p2a: Swellow\n|-activate|p2a: Swellow|Protect\n|\n|-status|p2a: Swellow|tox|[from] item: Toxic Orb\n|upkeep\n|turn|27\n|\n|t:|1603648042\n|move|p2a: Swellow|Facade|p1a: Floatzel\n|-damage|p1a: Floatzel|31\/277\n|move|p1a: Floatzel|Ice Punch|p2a: Swellow\n|-supereffective|p2a: Swellow\n|-damage|p2a: Swellow|62\/224 tox\n|\n|-damage|p2a: Swellow|48\/224 tox|[from] psn\n|upkeep\n|turn|28\n|\n|t:|1603648050\n|move|p2a: Swellow|U-turn|p1a: Floatzel\n|-damage|p1a: Floatzel|0 fnt\n|faint|p1a: Floatzel\n|\n|t:|1603648060\n|switch|p2a: Arceus|Arceus-Fighting, L71|187\/288 tox\n|\n|-damage|p2a: Arceus|169\/288 tox|[from] psn\n|upkeep\n|\n|t:|1603648069\n|switch|p1a: Shuckle|Shuckle, L83, F|69\/169 tox\n|turn|29\n|\n|t:|1603648074\n|move|p2a: Arceus|Recover|p2a: Arceus\n|-heal|p2a: Arceus|288\/288 tox\n|move|p1a: Shuckle|Rest|p1a: Shuckle\n|-status|p1a: Shuckle|slp|[from] move: Rest\n|-heal|p1a: Shuckle|169\/169 slp|[silent]\n|\n|-damage|p2a: Arceus|252\/288 tox|[from] psn\n|upkeep\n|turn|30\n|\n|t:|1603648084\n|switch|p2a: Dragonite|Dragonite, L75, F|226\/259\n|cant|p1a: Shuckle|slp\n|\n|-heal|p2a: Dragonite|242\/259|[from] item: Leftovers\n|upkeep\n|turn|31\n|\n|t:|1603648091\n|move|p2a: Dragonite|Dragon Dance|p2a: Dragonite\n|-boost|p2a: Dragonite|atk|1\n|-boost|p2a: Dragonite|spe|1\n|cant|p1a: Shuckle|slp\n|\n|-heal|p2a: Dragonite|258\/259|[from] item: Leftovers\n|upkeep\n|turn|32\n|\n|t:|1603648100\n|move|p2a: Dragonite|Dragon Claw|p1a: Shuckle\n|-damage|p1a: Shuckle|109\/169 slp\n|-curestatus|p1a: Shuckle|slp|[msg]\n|move|p1a: Shuckle|Toxic|p2a: Dragonite\n|-status|p2a: Dragonite|tox\n|\n|-heal|p2a: Dragonite|259\/259 tox|[from] item: Leftovers\n|-damage|p2a: Dragonite|243\/259 tox|[from] psn\n|upkeep\n|turn|33\n|\n|t:|1603648110\n|move|p2a: Dragonite|Dragon Dance|p2a: Dragonite\n|-boost|p2a: Dragonite|atk|1\n|-boost|p2a: Dragonite|spe|1\n|move|p1a: Shuckle|Knock Off|p2a: Dragonite\n|-damage|p2a: Dragonite|238\/259 tox\n|-enditem|p2a: Dragonite|Leftovers|[from] move: Knock Off|[of] p1a: Shuckle\n|\n|-damage|p2a: Dragonite|206\/259 tox|[from] psn\n|upkeep\n|turn|34\n|\n|t:|1603648119\n|move|p2a: Dragonite|Dragon Dance|p2a: Dragonite\n|-boost|p2a: Dragonite|atk|1\n|-boost|p2a: Dragonite|spe|1\n|move|p1a: Shuckle|Encore|p2a: Dragonite\n|-start|p2a: Dragonite|Encore\n|\n|-damage|p2a: Dragonite|158\/259 tox|[from] psn\n|upkeep\n|turn|35\n|\n|t:|1603648133\n|switch|p2a: Arceus|Arceus-Fighting, L71|252\/288 tox\n|move|p1a: Shuckle|Knock Off|p2a: Arceus\n|-resisted|p2a: Arceus\n|-crit|p2a: Arceus\n|-damage|p2a: Arceus|247\/288 tox\n|\n|-damage|p2a: Arceus|229\/288 tox|[from] psn\n|upkeep\n|turn|36\n|\n|t:|1603648155\n|move|p2a: Arceus|Dark Pulse|p1a: Shuckle\n|-damage|p1a: Shuckle|88\/169\n|move|p1a: Shuckle|Knock Off|p2a: Arceus\n|-resisted|p2a: Arceus\n|-damage|p2a: Arceus|227\/288 tox\n|\n|-damage|p2a: Arceus|191\/288 tox|[from] psn\n|upkeep\n|turn|37\n|\n|t:|1603648163\n|move|p2a: Arceus|Calm Mind|p2a: Arceus\n|-boost|p2a: Arceus|spa|1\n|-boost|p2a: Arceus|spd|1\n|move|p1a: Shuckle|Knock Off|p2a: Arceus\n|-resisted|p2a: Arceus\n|-damage|p2a: Arceus|189\/288 tox\n|\n|-damage|p2a: Arceus|135\/288 tox|[from] psn\n|upkeep\n|turn|38\n|\n|t:|1603648170\n|move|p2a: Arceus|Dark Pulse|p1a: Shuckle\n|-damage|p1a: Shuckle|55\/169\n|move|p1a: Shuckle|Encore|p2a: Arceus\n|-start|p2a: Arceus|Encore\n|\n|-damage|p2a: Arceus|63\/288 tox|[from] psn\n|upkeep\n|turn|39\n|\n|t:|1603648174\n|move|p2a: Arceus|Dark Pulse|p1a: Shuckle\n|-damage|p1a: Shuckle|22\/169\n|move|p1a: Shuckle|Rest|p1a: Shuckle\n|-status|p1a: Shuckle|slp|[from] move: Rest\n|-heal|p1a: Shuckle|169\/169 slp|[silent]\n|\n|-damage|p2a: Arceus|0 fnt|[from] psn\n|faint|p2a: Arceus\n|upkeep\n|\n|t:|1603648179\n|switch|p2a: Dragonite|Dragonite, L75, F|158\/259 tox\n|turn|40\n|\n|t:|1603648192\n|move|p2a: Dragonite|Dragon Dance|p2a: Dragonite\n|-boost|p2a: Dragonite|atk|1\n|-boost|p2a: Dragonite|spe|1\n|cant|p1a: Shuckle|slp\n|\n|-damage|p2a: Dragonite|142\/259 tox|[from] psn\n|upkeep\n|turn|41\n|\n|t:|1603648200\n|move|p2a: Dragonite|Roost|p2a: Dragonite\n|-heal|p2a: Dragonite|259\/259 tox\n|-singleturn|p2a: Dragonite|move: Roost\n|cant|p1a: Shuckle|slp\n|\n|-damage|p2a: Dragonite|227\/259 tox|[from] psn\n|upkeep\n|turn|42\n|\n|t:|1603648207\n|move|p2a: Dragonite|Dragon Claw|p1a: Shuckle\n|-damage|p1a: Shuckle|105\/169 slp\n|-curestatus|p1a: Shuckle|slp|[msg]\n|move|p1a: Shuckle|Encore|p2a: Dragonite\n|-start|p2a: Dragonite|Encore\n|\n|-damage|p2a: Dragonite|179\/259 tox|[from] psn\n|upkeep\n|turn|43\n|\n|t:|1603648217\n|move|p2a: Dragonite|Dragon Claw|p1a: Shuckle\n|-crit|p1a: Shuckle\n|-damage|p1a: Shuckle|0 fnt\n|faint|p1a: Shuckle\n|\n|-damage|p2a: Dragonite|115\/259 tox|[from] psn\n|upkeep\n|\n|t:|1603648232\n|switch|p1a: Clefable|Clefable, L79, M|280\/280\n|turn|44\n|\n|t:|1603648245\n|switch|p2a: Lickilicky|Lickilicky, L83, F|222\/318\n|move|p1a: Clefable|Calm Mind|p1a: Clefable\n|-boost|p1a: Clefable|spa|1\n|-boost|p1a: Clefable|spd|1\n|\n|upkeep\n|turn|45\n|\n|t:|1603648252\n|move|p1a: Clefable|Calm Mind|p1a: Clefable\n|-boost|p1a: Clefable|spa|1\n|-boost|p1a: Clefable|spd|1\n|move|p2a: Lickilicky|Explosion|p1a: Clefable\n|-damage|p1a: Clefable|0 fnt\n|faint|p2a: Lickilicky\n|faint|p1a: Clefable\n|\n|upkeep\n|\n|t:|1603648262\n|switch|p1a: Torterra|Torterra, L79, F|280\/280\n|switch|p2a: Swellow|Swellow, L79, F|48\/224 tox\n|turn|46\n|\n|t:|1603648267\n|move|p2a: Swellow|Brave Bird|p1a: Torterra\n|-supereffective|p1a: Torterra\n|-damage|p1a: Torterra|0 fnt\n|-damage|p2a: Swellow|0 fnt|[from] Recoil\n|faint|p1a: Torterra\n|faint|p2a: Swellow\n|\n|upkeep\n|\n|t:|1603648272\n|switch|p2a: Dragonite|Dragonite, L75, F|115\/259 tox\n|switch|p1a: Wormadam|Wormadam, L83, F|235\/235\n|turn|47\n|\n|t:|1603648279\n|move|p2a: Dragonite|Roost|p2a: Dragonite\n|-heal|p2a: Dragonite|244\/259 tox\n|-singleturn|p2a: Dragonite|move: Roost\n|move|p1a: Wormadam|Hidden Power|p2a: Dragonite\n|-damage|p2a: Dragonite|186\/259 tox\n|\n|-damage|p2a: Dragonite|170\/259 tox|[from] psn\n|upkeep\n|turn|48\n|\n|t:|1603648288\n|move|p2a: Dragonite|Dragon Claw|p1a: Wormadam\n|-damage|p1a: Wormadam|136\/235\n|move|p1a: Wormadam|Hidden Power|p2a: Dragonite\n|-supereffective|p2a: Dragonite\n|-damage|p2a: Dragonite|34\/259 tox\n|\n|-damage|p2a: Dragonite|2\/259 tox|[from] psn\n|upkeep\n|turn|49\n|\n|t:|1603648297\n|move|p2a: Dragonite|Roost|p2a: Dragonite\n|-heal|p2a: Dragonite|131\/259 tox\n|-singleturn|p2a: Dragonite|move: Roost\n|move|p1a: Wormadam|Hidden Power|p2a: Dragonite\n|-damage|p2a: Dragonite|67\/259 tox\n|\n|-damage|p2a: Dragonite|19\/259 tox|[from] psn\n|upkeep\n|turn|50\n|\n|t:|1603648308\n|move|p2a: Dragonite|Dragon Claw|p1a: Wormadam\n|-damage|p1a: Wormadam|45\/235\n|move|p1a: Wormadam|Hidden Power|p2a: Dragonite\n|-supereffective|p2a: Dragonite\n|-damage|p2a: Dragonite|0 fnt\n|faint|p2a: Dragonite\n|\n|win|gtvg\n","inputlog":">version 700063e183c4fe31f5f51ea75251b3c8a72bc59b\n>start {\"formatid\":\"gen4randombattle\",\"seed\":[21292,50058,26805,25885],\"rated\":\"Rated battle\"}\n>player p1 {\"name\":\"gtvg\",\"avatar\":\"benga\",\"team\":\"\",\"rating\":1106,\"seed\":[40288,6556,17053,46236]}\n>player p2 {\"name\":\"bhkg\",\"avatar\":\"102\",\"team\":\"\",\"rating\":1192,\"seed\":[45184,35125,43242,46198]}\n>p1 move taunt\n>p2 move toxic\n>p1 move waterfall\n>p2 switch 6\n>p1 move return\n>p2 move swordsdance\n>p1 move taunt\n>p2 move suckerpunch\n>p1 switch 3\n>p2 move focuspunch\n>p1 move psychic\n>p2 move focuspunch\n>p2 switch 3\n>p1 move psychic\n>p2 move darkpulse\n>p1 move psychic\n>p2 switch 2\n>p1 move surf\n>p2 move return\n>p1 switch 6\n>p1 move toxic\n>p2 switch 2\n>p1 move toxic\n>p2 move judgment\n>p1 move knockoff\n>p2 move recover\n>p1 move knockoff\n>p2 switch 6\n>p1 move toxic\n>p2 move toxic\n>p1 move knockoff\n>p2 move earthquake\n>p1 move rest\n>p2 move rest\n>p1 move encore\n>p2 move sleeptalk\n>p1 move knockoff\n>p2 move sleeptalk\n>p1 move knockoff\n>p2 move sleeptalk\n>p1 move toxic\n>p2 move sleeptalk\n>p1 switch 3\n>p2 move sleeptalk\n>p1 move waterfall\n>p2 switch 4\n>p1 move icepunch\n>p2 switch 4\n>p1 move taunt\n>p2 move rest\n>p1 move icepunch\n>p2 move earthquake\n>p2 switch 5\n>p1 move icepunch\n>p2 move protect\n>p1 move icepunch\n>p2 move facade\n>p1 move waterfall\n>p2 move uturn\n>p2 switch 6\n>p1 switch 3\n>p1 move rest\n>p2 move recover\n>p1 move knockoff\n>p2 switch 4\n>p1 move toxic\n>p2 move dragondance\n>p1 move toxic\n>p2 move dragonclaw\n>p1 move knockoff\n>p2 move dragondance\n>p1 move encore\n>p2 move dragondance\n>p1 move knockoff\n>p2 switch 4\n>p1 move knockoff\n>p2 move darkpulse\n>p1 move knockoff\n>p2 move calmmind\n>p1 move encore\n>p2 move darkpulse\n>p1 move rest\n>p2 move darkpulse\n>p2 switch 4\n>p1 move encore\n>p2 move dragondance\n>p1 move encore\n>p2 move roost\n>p1 move encore\n>p2 move dragonclaw\n>p1 move knockoff\n>p2 move dragonclaw\n>p1 switch 2\n>p1 move calmmind\n>p2 switch 2\n>p1 move calmmind\n>p2 move explosion\n>p1 switch 5\n>p2 switch 6\n>p1 move synthesis\n>p2 move bravebird\n>p1 switch 4\n>p2 switch 2\n>p1 move hiddenpower\n>p2 move roost\n>p1 move hiddenpower\n>p2 move dragonclaw\n>p1 move hiddenpower\n>p2 move roost\n>p1 move hiddenpower\n>p2 move dragonclaw","uploadtime":1603648319,"views":1,"p1id":"gtvg","p2id":"bhkg","formatid":"gen4randombattle","rating":0,"private":0,"password":null}