{"id":"gen4ou-1090311869","p1":"big boss 447","p2":"kingdf","format":"gen4ou","log":"|j|\u2606big boss 447\n|j|\u2606kingdf\n|player|p1|big boss 447|2|1344\n|player|p2|kingdf|linebacker|1247\n|teamsize|p1|6\n|teamsize|p2|6\n|gametype|singles\n|gen|4\n|tier|[Gen 4] OU\n|rated|\n|rule|Sleep Clause Mod: Limit one foe put to sleep\n|rule|Species Clause: Limit one of each Pok\u00e9mon\n|rule|OHKO Clause: OHKO moves are banned\n|rule|Evasion Moves Clause: Evasion moves are banned\n|rule|Endless Battle Clause: Forcing endless battles is banned\n|rule|HP Percentage Mod: HP is shown in percentages\n|rule|Baton Pass Clause: Limit one Baton Passer, can't pass Spe and other stats simultaneously\n|\n|start\n|switch|p1a: Metagross|Metagross|100\/100\n|switch|p2a: Ghostface|Gengar, M, shiny|100\/100\n|turn|1\n|inactive|Battle timer is ON: inactive players will automatically lose when time's up. (requested by kingdf)\n|\n|move|p2a: Ghostface|Substitute|p2a: Ghostface\n|-start|p2a: Ghostface|Substitute\n|-damage|p2a: Ghostface|76\/100\n|move|p1a: Metagross|Meteor Mash|p2a: Ghostface|[miss]\n|-miss|p1a: Metagross|p2a: Ghostface\n|\n|-heal|p2a: Ghostface|82\/100|[from] item: Black Sludge\n|upkeep\n|turn|2\n|\n|move|p1a: Metagross|Bullet Punch|p2a: Ghostface\n|-end|p2a: Ghostface|Substitute\n|move|p2a: Ghostface|Shadow Ball|p1a: Metagross\n|-damage|p1a: Metagross|54\/100\n|\n|-heal|p2a: Ghostface|88\/100|[from] item: Black Sludge\n|upkeep\n|turn|3\n|\n|move|p2a: Ghostface|Substitute|p2a: Ghostface\n|-start|p2a: Ghostface|Substitute\n|-damage|p2a: Ghostface|63\/100\n|move|p1a: Metagross|Meteor Mash|p2a: Ghostface\n|-end|p2a: Ghostface|Substitute\n|\n|-heal|p2a: Ghostface|69\/100|[from] item: Black Sludge\n|upkeep\n|turn|4\n|\n|switch|p2a: Metaknight|Metagross, shiny|100\/100\n|move|p1a: Metagross|Meteor Mash|p2a: Metaknight\n|-resisted|p2a: Metaknight\n|-damage|p2a: Metaknight|78\/100\n|\n|upkeep\n|turn|5\n|\n|move|p1a: Metagross|Earthquake|p2a: Metaknight\n|-supereffective|p2a: Metaknight\n|-damage|p2a: Metaknight|16\/100\n|move|p2a: Metaknight|Earthquake|p1a: Metagross\n|-supereffective|p1a: Metagross\n|-damage|p1a: Metagross|0 fnt\n|faint|p1a: Metagross\n|\n|upkeep\n|\n|switch|p1a: Magnezone|Magnezone|100\/100\n|turn|6\n|\n|move|p1a: Magnezone|Thunderbolt|p2a: Metaknight\n|-damage|p2a: Metaknight|0 fnt\n|faint|p2a: Metaknight\n|\n|upkeep\n|\n|switch|p2a: HulkSmasha|Machamp, M, shiny|100\/100\n|turn|7\n|\n|switch|p1a: Latias|Latias, F|100\/100\n|move|p2a: HulkSmasha|Dynamic Punch|p1a: Latias\n|-resisted|p1a: Latias\n|-damage|p1a: Latias|66\/100\n|-start|p1a: Latias|confusion\n|\n|upkeep\n|turn|8\n|\n|switch|p2a: SolidSnake|Milotic, M, shiny|100\/100\n|-activate|p1a: Latias|confusion\n|-damage|p1a: Latias|58\/100|[from] confusion\n|\n|upkeep\n|turn|9\n|\n|switch|p1a: Magnezone|Magnezone|100\/100\n|move|p2a: SolidSnake|Surf|p1a: Magnezone\n|-damage|p1a: Magnezone|39\/100\n|\n|upkeep\n|turn|10\n|\n|move|p1a: Magnezone|Thunderbolt|p2a: SolidSnake\n|-supereffective|p2a: SolidSnake\n|-damage|p2a: SolidSnake|26\/100\n|move|p2a: SolidSnake|Surf|p1a: Magnezone\n|-damage|p1a: Magnezone|0 fnt\n|faint|p1a: Magnezone\n|\n|-heal|p2a: SolidSnake|32\/100|[from] item: Leftovers\n|upkeep\n|\n|switch|p1a: Latias|Latias, F|58\/100\n|turn|11\n|\n|move|p1a: Latias|Psychic|p2a: SolidSnake\n|-damage|p2a: SolidSnake|0 fnt\n|faint|p2a: SolidSnake\n|\n|upkeep\n|\n|switch|p2a: SlumpGod|Snorlax, M, shiny|100\/100\n|turn|12\n|\n|switch|p1a: Tyranitar|Tyranitar, F|100\/100\n|-weather|Sandstorm|[from] ability: Sand Stream|[of] p1a: Tyranitar\n|move|p2a: SlumpGod|Curse|p2a: SlumpGod\n|-unboost|p2a: SlumpGod|spe|1\n|-boost|p2a: SlumpGod|atk|1\n|-boost|p2a: SlumpGod|def|1\n|\n|-weather|Sandstorm|[upkeep]\n|-damage|p2a: SlumpGod|94\/100|[from] Sandstorm\n|-heal|p2a: SlumpGod|100\/100|[from] item: Leftovers\n|upkeep\n|turn|13\n|\n|move|p1a: Tyranitar|Crunch|p2a: SlumpGod\n|-damage|p2a: SlumpGod|64\/100\n|move|p2a: SlumpGod|Curse|p2a: SlumpGod\n|-unboost|p2a: SlumpGod|spe|1\n|-boost|p2a: SlumpGod|atk|1\n|-boost|p2a: SlumpGod|def|1\n|\n|-weather|Sandstorm|[upkeep]\n|-damage|p2a: SlumpGod|58\/100|[from] Sandstorm\n|-heal|p2a: SlumpGod|64\/100|[from] item: Leftovers\n|upkeep\n|turn|14\n|\n|switch|p1a: Blissey|Blissey, F|100\/100\n|move|p2a: SlumpGod|Body Slam|p1a: Blissey\n|-damage|p1a: Blissey|39\/100\n|-status|p1a: Blissey|par\n|\n|-weather|Sandstorm|[upkeep]\n|-damage|p2a: SlumpGod|58\/100|[from] Sandstorm\n|-damage|p1a: Blissey|33\/100 par|[from] Sandstorm\n|-heal|p2a: SlumpGod|64\/100|[from] item: Leftovers\n|-heal|p1a: Blissey|39\/100 par|[from] item: Leftovers\n|upkeep\n|turn|15\n|\n|move|p2a: SlumpGod|Body Slam|p1a: Blissey\n|-damage|p1a: Blissey|0 fnt\n|faint|p1a: Blissey\n|\n|-weather|Sandstorm|[upkeep]\n|-damage|p2a: SlumpGod|58\/100|[from] Sandstorm\n|-heal|p2a: SlumpGod|64\/100|[from] item: Leftovers\n|upkeep\n|\n|switch|p1a: Latias|Latias, F|58\/100\n|turn|16\n|\n|move|p1a: Latias|Trick|p2a: SlumpGod\n|-activate|p1a: Latias|move: Trick|[of] p2a: SlumpGod\n|-item|p2a: SlumpGod|Choice Specs|[from] move: Trick\n|-item|p1a: Latias|Leftovers|[from] move: Trick\n|move|p2a: SlumpGod|Body Slam|p1a: Latias\n|-damage|p1a: Latias|0 fnt\n|faint|p1a: Latias\n|\n|-weather|Sandstorm|[upkeep]\n|-damage|p2a: SlumpGod|58\/100|[from] Sandstorm\n|upkeep\n|\n|switch|p1a: Tyranitar|Tyranitar, F|100\/100\n|turn|17\n|\n|move|p1a: Tyranitar|Stone Edge|p2a: SlumpGod\n|-damage|p2a: SlumpGod|24\/100\n|move|p2a: SlumpGod|Body Slam|p1a: Tyranitar\n|-resisted|p1a: Tyranitar\n|-damage|p1a: Tyranitar|70\/100\n|\n|-weather|Sandstorm|[upkeep]\n|-damage|p2a: SlumpGod|18\/100|[from] Sandstorm\n|upkeep\n|turn|18\n|\n|move|p1a: Tyranitar|Stone Edge|p2a: SlumpGod\n|-damage|p2a: SlumpGod|0 fnt\n|faint|p2a: SlumpGod\n|\n|-weather|Sandstorm|[upkeep]\n|upkeep\n|\n|switch|p2a: HulkSmasha|Machamp, M, shiny|100\/100\n|turn|19\n|\n|move|p1a: Tyranitar|Stone Edge|p2a: HulkSmasha\n|-resisted|p2a: HulkSmasha\n|-damage|p2a: HulkSmasha|49\/100\n|move|p2a: HulkSmasha|Dynamic Punch|p1a: Tyranitar\n|-supereffective|p1a: Tyranitar\n|-damage|p1a: Tyranitar|0 fnt\n|faint|p1a: Tyranitar\n|\n|-weather|Sandstorm|[upkeep]\n|-damage|p2a: HulkSmasha|43\/100|[from] Sandstorm\n|upkeep\n|\n|switch|p1a: Dragonite|Dragonite, F|100\/100\n|turn|20\n|\n|move|p1a: Dragonite|Earthquake|p2a: HulkSmasha\n|-damage|p2a: HulkSmasha|0 fnt\n|-damage|p1a: Dragonite|91\/100|[from] item: Life Orb\n|faint|p2a: HulkSmasha\n|\n|-weather|Sandstorm|[upkeep]\n|-damage|p1a: Dragonite|84\/100|[from] Sandstorm\n|upkeep\n|\n|switch|p2a: Viserion|Dragonite, M, shiny|100\/100\n|turn|21\n|\n|move|p2a: Viserion|Dragon Claw|p1a: Dragonite\n|-supereffective|p1a: Dragonite\n|-damage|p1a: Dragonite|0 fnt\n|faint|p1a: Dragonite\n|\n|win|kingdf\n|l|\u2606kingdf\n|j|\u2606kingdf\n|player|p2|kingdf|linebacker\n","uploadtime":1585927196,"views":8,"p1id":"bigboss447","p2id":"kingdf","formatid":"gen4ou","rating":0,"private":0,"password":null}