{"id":"gen4randombattle-1682617061","p1":"memegodv2","p2":"MurderousMantyke","format":"gen4randombattle","log":"|j|\u2606memegodv2\n|j|\u2606MurderousMantyke\n|inactive|Battle timer is ON: inactive players will automatically lose when time's up.\n|t:|1665440475\n|gametype|singles\n|player|p1|memegodv2|pilot|\n|player|p2|MurderousMantyke|#helpstaffxmas|\n|teamsize|p1|6\n|teamsize|p2|6\n|gen|4\n|tier|[Gen 4] Random Battle\n|rated|Tournament battle\n|rule|Sleep Clause Mod: Limit one foe put to sleep\n|rule|HP Percentage Mod: HP is shown in percentages\n|\n|t:|1665440475\n|start\n|switch|p1a: Relicanth|Relicanth, L88, F|319\/319\n|switch|p2a: Lunatone|Lunatone, L88|266\/266\n|turn|1\n|inactive|memegodv2 also wants the timer to be on.\n|c|\u2606memegodv2|gl hf\n|c|\u2606MurderousMantyke|hf\n|\n|t:|1665440491\n|move|p2a: Lunatone|Earth Power|p1a: Relicanth\n|-supereffective|p1a: Relicanth\n|-damage|p1a: Relicanth|165\/319\n|move|p1a: Relicanth|Aqua Tail|p2a: Lunatone\n|-supereffective|p2a: Lunatone\n|-damage|p2a: Lunatone|1\/266\n|-enditem|p2a: Lunatone|Focus Sash\n|-damage|p1a: Relicanth|134\/319|[from] item: Life Orb\n|\n|upkeep\n|turn|2\n|\n|t:|1665440503\n|switch|p1a: Masquerain|Masquerain, L88, M|266\/266\n|-ability|p1a: Masquerain|Intimidate|boost\n|-unboost|p2a: Lunatone|atk|1\n|move|p2a: Lunatone|Earth Power|p1a: Masquerain\n|-immune|p1a: Masquerain\n|\n|upkeep\n|turn|3\n|\n|t:|1665440517\n|move|p2a: Lunatone|Psychic|p1a: Masquerain\n|-crit|p1a: Masquerain\n|-damage|p1a: Masquerain|46\/266\n|move|p1a: Masquerain|Bug Buzz|p2a: Lunatone\n|-supereffective|p2a: Lunatone\n|-damage|p2a: Lunatone|0 fnt\n|faint|p2a: Lunatone\n|\n|-heal|p1a: Masquerain|62\/266|[from] item: Leftovers\n|upkeep\n|c|\u2606memegodv2|crit\n|\n|t:|1665440522\n|switch|p2a: Ninjask|Ninjask, L82, F|233\/233\n|turn|4\n|c|\u2606memegodv2|why\n|\n|t:|1665440533\n|move|p2a: Ninjask|X-Scissor|p1a: Masquerain\n|-resisted|p1a: Masquerain\n|-damage|p1a: Masquerain|14\/266\n|move|p1a: Masquerain|Agility|p1a: Masquerain\n|-boost|p1a: Masquerain|spe|2\n|\n|-heal|p1a: Masquerain|30\/266|[from] item: Leftovers\n|-ability|p2a: Ninjask|Speed Boost|boost\n|-boost|p2a: Ninjask|spe|1\n|upkeep\n|turn|5\n|\n|t:|1665440543\n|move|p2a: Ninjask|X-Scissor|p1a: Masquerain\n|-resisted|p1a: Masquerain\n|-crit|p1a: Masquerain\n|-damage|p1a: Masquerain|0 fnt\n|faint|p1a: Masquerain\n|\n|-ability|p2a: Ninjask|Speed Boost|boost\n|-boost|p2a: Ninjask|spe|1\n|upkeep\n|\n|t:|1665440551\n|switch|p1a: Relicanth|Relicanth, L88, F|134\/319\n|turn|6\n|\n|t:|1665440558\n|move|p2a: Ninjask|Baton Pass|p2a: Ninjask\n|\n|t:|1665440563\n|switch|p2a: Claydol|Claydol, L84|238\/238\n|move|p1a: Relicanth|Head Smash|p2a: Claydol\n|-resisted|p2a: Claydol\n|-damage|p2a: Claydol|150\/238\n|-damage|p1a: Relicanth|103\/319|[from] item: Life Orb\n|\n|-heal|p2a: Claydol|164\/238|[from] item: Leftovers\n|upkeep\n|turn|7\n|\n|t:|1665440572\n|move|p2a: Claydol|Earthquake|p1a: Relicanth\n|-supereffective|p1a: Relicanth\n|-damage|p1a: Relicanth|0 fnt\n|faint|p1a: Relicanth\n|\n|-heal|p2a: Claydol|178\/238|[from] item: Leftovers\n|upkeep\n|c|\u2606memegodv2|i threw there\n|\n|t:|1665440584\n|switch|p1a: Quagsire|Quagsire, L88, F|310\/310\n|turn|8\n|\n|t:|1665440608\n|move|p2a: Claydol|Stealth Rock|p1a: Quagsire\n|-sidestart|p1: memegodv2|move: Stealth Rock\n|move|p1a: Quagsire|Waterfall|p2a: Claydol\n|-supereffective|p2a: Claydol\n|-damage|p2a: Claydol|28\/238\n|\n|-heal|p2a: Claydol|42\/238|[from] item: Leftovers\n|upkeep\n|turn|9\n|\n|t:|1665440619\n|move|p2a: Claydol|Light Screen|p2a: Claydol\n|-sidestart|p2: MurderousMantyke|Light Screen\n|move|p1a: Quagsire|Waterfall|p2a: Claydol\n|-supereffective|p2a: Claydol\n|-damage|p2a: Claydol|0 fnt\n|faint|p2a: Claydol\n|\n|upkeep\n|\n|t:|1665440621\n|switch|p2a: Abomasnow|Abomasnow, L82, M|282\/282\n|-weather|Hail|[from] ability: Snow Warning|[of] p2a: Abomasnow\n|turn|10\n|\n|t:|1665440631\n|move|p2a: Abomasnow|Substitute|p2a: Abomasnow\n|-start|p2a: Abomasnow|Substitute\n|-damage|p2a: Abomasnow|212\/282\n|move|p1a: Quagsire|Yawn||[still]\n|-fail|p1a: Quagsire\n|\n|-weather|Hail|[upkeep]\n|-damage|p1a: Quagsire|291\/310|[from] Hail\n|-heal|p2a: Abomasnow|229\/282|[from] item: Leftovers\n|-heal|p1a: Quagsire|310\/310|[from] item: Leftovers\n|upkeep\n|turn|11\n|inactive|memegodv2 has 120 seconds left.\n|\n|t:|1665440668\n|switch|p1a: Heracross|Heracross, L82, M|265\/265\n|-damage|p1a: Heracross|232\/265|[from] Stealth Rock\n|move|p2a: Abomasnow|Wood Hammer|p1a: Heracross\n|-resisted|p1a: Heracross\n|-damage|p1a: Heracross|164\/265\n|-damage|p2a: Abomasnow|207\/282|[from] Recoil\n|\n|-weather|Hail|[upkeep]\n|-damage|p1a: Heracross|148\/265|[from] Hail\n|-status|p1a: Heracross|tox|[from] item: Toxic Orb\n|-heal|p2a: Abomasnow|224\/282|[from] item: Leftovers\n|upkeep\n|turn|12\n|inactive|memegodv2 has 120 seconds left.\n|\n|t:|1665440687\n|move|p1a: Heracross|Megahorn|p2a: Abomasnow\n|-supereffective|p2a: Abomasnow\n|-end|p2a: Abomasnow|Substitute\n|move|p2a: Abomasnow|Blizzard|p1a: Heracross\n|-damage|p1a: Heracross|39\/265 tox\n|\n|-weather|Hail|[upkeep]\n|-damage|p1a: Heracross|23\/265 tox|[from] Hail\n|-damage|p1a: Heracross|7\/265 tox|[from] psn\n|-heal|p2a: Abomasnow|241\/282|[from] item: Leftovers\n|upkeep\n|turn|13\n|\n|t:|1665440699\n|switch|p2a: Mismagius|Mismagius, L84, M|238\/238\n|move|p1a: Heracross|Megahorn|p2a: Mismagius\n|-resisted|p2a: Mismagius\n|-damage|p2a: Mismagius|85\/238\n|\n|-sideend|p2: MurderousMantyke|Light Screen\n|-weather|Hail|[upkeep]\n|-damage|p2a: Mismagius|71\/238|[from] Hail\n|-damage|p1a: Heracross|0 fnt|[from] Hail\n|faint|p1a: Heracross\n|-heal|p2a: Mismagius|85\/238|[from] item: Leftovers\n|upkeep\n|\n|t:|1665440714\n|switch|p1a: Ampharos|Ampharos, L88, F|302\/302\n|-damage|p1a: Ampharos|265\/302|[from] Stealth Rock\n|turn|14\n|\n|t:|1665440727\n|move|p2a: Mismagius|Shadow Ball|p1a: Ampharos\n|-damage|p1a: Ampharos|183\/302\n|move|p1a: Ampharos|Thunderbolt|p2a: Mismagius\n|-damage|p2a: Mismagius|0 fnt\n|faint|p2a: Mismagius\n|\n|-weather|Hail|[upkeep]\n|-damage|p1a: Ampharos|165\/302|[from] Hail\n|-heal|p1a: Ampharos|183\/302|[from] item: Leftovers\n|upkeep\n|inactive|MurderousMantyke has 120 seconds left.\n|\n|t:|1665440760\n|switch|p2a: Blaziken|Blaziken, L84, M|272\/272\n|turn|15\n|\n|t:|1665440773\n|move|p2a: Blaziken|Flare Blitz|p1a: Ampharos\n|-damage|p1a: Ampharos|0 fnt\n|faint|p1a: Ampharos\n|-damage|p2a: Blaziken|211\/272|[from] Recoil\n|-damage|p2a: Blaziken|184\/272|[from] item: Life Orb\n|\n|-weather|Hail|[upkeep]\n|-damage|p2a: Blaziken|167\/272|[from] Hail\n|upkeep\n|\n|t:|1665440781\n|switch|p1a: Quagsire|Quagsire, L88, F|310\/310\n|-damage|p1a: Quagsire|291\/310|[from] Stealth Rock\n|turn|16\n|\n|t:|1665440786\n|move|p2a: Blaziken|Flare Blitz|p1a: Quagsire\n|-resisted|p1a: Quagsire\n|-damage|p1a: Quagsire|202\/310\n|-damage|p2a: Blaziken|138\/272|[from] Recoil\n|-damage|p2a: Blaziken|111\/272|[from] item: Life Orb\n|move|p1a: Quagsire|Waterfall|p2a: Blaziken\n|-supereffective|p2a: Blaziken\n|-damage|p2a: Blaziken|0 fnt\n|faint|p2a: Blaziken\n|\n|-weather|Hail|[upkeep]\n|-damage|p1a: Quagsire|183\/310|[from] Hail\n|-heal|p1a: Quagsire|202\/310|[from] item: Leftovers\n|upkeep\n|\n|t:|1665440789\n|switch|p2a: Abomasnow|Abomasnow, L82, M|241\/282\n|turn|17\n|c|\u2606memegodv2|i think i lost\n|inactive|memegodv2 has 120 seconds left.\n|\n|t:|1665440805\n|switch|p1a: Rapidash|Rapidash, L88, F|258\/258\n|-damage|p1a: Rapidash|194\/258|[from] Stealth Rock\n|move|p2a: Abomasnow|Wood Hammer|p1a: Rapidash\n|-resisted|p1a: Rapidash\n|-damage|p1a: Rapidash|126\/258\n|-damage|p2a: Abomasnow|219\/282|[from] Recoil\n|\n|-weather|Hail|[upkeep]\n|-damage|p1a: Rapidash|110\/258|[from] Hail\n|-heal|p1a: Rapidash|126\/258|[from] item: Leftovers\n|-heal|p2a: Abomasnow|236\/282|[from] item: Leftovers\n|upkeep\n|turn|18\n|inactive|memegodv2 has 120 seconds left.\n|\n|t:|1665440818\n|switch|p2a: Ninjask|Ninjask, L82, F|233\/233\n|move|p1a: Rapidash|Flare Blitz|p2a: Ninjask\n|-supereffective|p2a: Ninjask\n|-damage|p2a: Ninjask|0 fnt\n|faint|p2a: Ninjask\n|-damage|p1a: Rapidash|49\/258|[from] Recoil\n|\n|-weather|Hail|[upkeep]\n|-damage|p1a: Rapidash|33\/258|[from] Hail\n|-heal|p1a: Rapidash|49\/258|[from] item: Leftovers\n|upkeep\n|\n|t:|1665440820\n|switch|p2a: Abomasnow|Abomasnow, L82, M|236\/282\n|turn|19\n|c|\u2606MurderousMantyke|gg\n|c|\u2606memegodv2|gg\n|c|\u2606memegodv2|wp tbh\n|\n|t:|1665440831\n|move|p1a: Rapidash|Flare Blitz|p2a: Abomasnow\n|-supereffective|p2a: Abomasnow\n|-damage|p2a: Abomasnow|0 fnt\n|faint|p2a: Abomasnow\n|-damage|p1a: Rapidash|0 fnt|[from] Recoil\n|faint|p1a: Rapidash\n|\n|win|memegodv2\n|n|\u2606memegodv2|memegodv2\n|n|\u2606MurderousMantyke|murderousmantyke\n","inputlog":">version ee3903879dd92fa0a0bba6303065983b970e844a\n>start {\"formatid\":\"gen4randombattle\",\"seed\":[27157,14108,50073,49246],\"rated\":\"Tournament battle\"}\n>player p1 {\"name\":\"memegodv2\",\"avatar\":\"pilot\",\"rating\":0,\"seed\":[43236,2620,24748,19495]}\n>player p2 {\"name\":\"MurderousMantyke\",\"avatar\":\"#helpstaffxmas\",\"rating\":0,\"seed\":[65273,60230,24788,22547]}\n>chat \u2606memegodv2|gl hf\n>chat \u2606MurderousMantyke|hf\n>p1 move aquatail\n>p2 move earthpower\n>p1 switch 3\n>p2 move earthpower\n>p1 move bugbuzz\n>p2 move psychic\n>chat \u2606memegodv2|crit\n>p2 switch 5\n>chat \u2606memegodv2|why \n>p1 move agility\n>p2 move xscissor\n>p1 move roost\n>p2 move xscissor\n>p1 switch 3\n>p1 move headsmash\n>p2 move batonpass\n>p2 switch 3\n>p1 move aquatail\n>p2 move earthquake\n>chat \u2606memegodv2|i threw there\n>p1 switch 6\n>p1 move waterfall\n>p2 move stealthrock\n>p1 move waterfall\n>p2 move lightscreen\n>p2 switch 4\n>p1 move yawn\n>p2 move substitute\n>p1 switch 5\n>p2 move woodhammer\n>p1 move megahorn\n>p2 move blizzard\n>p1 move megahorn\n>p2 switch 2\n>p1 switch 2\n>p1 move thunderbolt\n>p2 move shadowball\n>p2 switch 6\n>p1 move thunderbolt\n>p2 move flareblitz\n>p1 switch 5\n>p1 move waterfall\n>p2 move flareblitz\n>p2 switch 2\n>chat \u2606memegodv2|i think i lost\n>p1 switch 4\n>p2 move woodhammer\n>p1 move flareblitz\n>p2 switch 3\n>p2 switch 3\n>chat \u2606MurderousMantyke|gg\n>chat \u2606memegodv2|gg\n>chat \u2606memegodv2|wp tbh\n>p1 move flareblitz\n>p2 move blizzard","uploadtime":1665440832,"views":6,"p1id":"memegodv2","p2id":"murderousmantyke","formatid":"gen4randombattle","rating":0,"private":0,"password":null}