{"id":"gen4ou-1132048572","p1":"winter lanterns","p2":"Davesusername","format":"gen4ou","log":"|j|\u2606winter lanterns\n|j|\u2606Davesusername\n|player|p1|winter lanterns|burglar|1502\n|player|p2|Davesusername|lucas-gen4pt|1175\n|teamsize|p1|6\n|teamsize|p2|6\n|gametype|singles\n|gen|4\n|tier|[Gen 4] OU\n|rated|\n|rule|Sleep Clause Mod: Limit one foe put to sleep\n|rule|Species Clause: Limit one of each Pok\u00e9mon\n|rule|OHKO Clause: OHKO moves are banned\n|rule|Evasion Moves Clause: Evasion moves are banned\n|rule|Endless Battle Clause: Forcing endless battles is banned\n|rule|HP Percentage Mod: HP is shown in percentages\n|\n|start\n|switch|p1a: Smeargle|Smeargle, M|100\/100\n|switch|p2a: Heatran|Heatran, M|100\/100\n|turn|1\n|inactive|Battle timer is ON: inactive players will automatically lose when time's up. (requested by Davesusername)\n|\n|move|p2a: Heatran|Fire Blast|p1a: Smeargle\n|-damage|p1a: Smeargle|1\/100\n|-enditem|p1a: Smeargle|Focus Sash\n|move|p1a: Smeargle|Spore|p2a: Heatran\n|-status|p2a: Heatran|slp|[from] move: Spore\n|\n|upkeep\n|turn|2\n|\n|switch|p2a: Scizor|Scizor, M|100\/100\n|move|p1a: Smeargle|Stealth Rock|p2a: Scizor\n|-sidestart|p2: Davesusername|move: Stealth Rock\n|\n|upkeep\n|turn|3\n|\n|move|p2a: Scizor|Bullet Punch|p1a: Smeargle\n|-damage|p1a: Smeargle|0 fnt\n|faint|p1a: Smeargle\n|\n|upkeep\n|\n|switch|p1a: Kingdra|Kingdra, F|100\/100\n|turn|4\n|\n|switch|p2a: Gyarados|Gyarados, M, shiny|100\/100\n|-damage|p2a: Gyarados|75\/100|[from] Stealth Rock\n|-ability|p2a: Gyarados|Intimidate|boost\n|-unboost|p1a: Kingdra|atk|1\n|move|p1a: Kingdra|Surf|p2a: Gyarados\n|-resisted|p2a: Gyarados\n|-damage|p2a: Gyarados|42\/100\n|\n|-heal|p2a: Gyarados|48\/100|[from] item: Leftovers\n|upkeep\n|turn|5\n|\n|move|p1a: Kingdra|Surf|p2a: Gyarados\n|-resisted|p2a: Gyarados\n|-damage|p2a: Gyarados|13\/100\n|move|p2a: Gyarados|Dragon Dance|p2a: Gyarados\n|-boost|p2a: Gyarados|atk|1\n|-boost|p2a: Gyarados|spe|1\n|\n|-heal|p2a: Gyarados|19\/100|[from] item: Leftovers\n|upkeep\n|turn|6\n|\n|move|p2a: Gyarados|Earthquake|p1a: Kingdra\n|-damage|p1a: Kingdra|38\/100\n|move|p1a: Kingdra|Surf|p2a: Gyarados\n|-resisted|p2a: Gyarados\n|-damage|p2a: Gyarados|0 fnt\n|faint|p2a: Gyarados\n|\n|upkeep\n|\n|switch|p2a: Latias|Latias, F|100\/100\n|-damage|p2a: Latias|88\/100|[from] Stealth Rock\n|turn|7\n|\n|switch|p1a: Scizor|Scizor, M|100\/100\n|move|p2a: Latias|Dragon Pulse|p1a: Scizor\n|-resisted|p1a: Scizor\n|-damage|p1a: Scizor|81\/100\n|\n|-heal|p2a: Latias|94\/100|[from] item: Leftovers\n|upkeep\n|turn|8\n|\n|switch|p1a: Starmie|Starmie|100\/100\n|move|p2a: Latias|Roar|p1a: Starmie\n|drag|p1a: Flygon|Flygon, M|100\/100\n|\n|-heal|p2a: Latias|99\/100|[from] item: Leftovers\n|upkeep\n|turn|9\n|\n|switch|p2a: Scizor|Scizor, M|100\/100\n|-damage|p2a: Scizor|88\/100|[from] Stealth Rock\n|move|p1a: Flygon|U-turn|p2a: Scizor\n|-resisted|p2a: Scizor\n|-damage|p2a: Scizor|78\/100\n|\n|switch|p1a: Kingdra|Kingdra, F|38\/100|[from]move: U-turn\n|\n|upkeep\n|turn|10\n|\n|switch|p2a: Heatran|Heatran, M|100\/100 slp\n|-damage|p2a: Heatran|88\/100 slp|[from] Stealth Rock\n|move|p1a: Kingdra|Surf|p2a: Heatran\n|-supereffective|p2a: Heatran\n|-damage|p2a: Heatran|0 fnt\n|faint|p2a: Heatran\n|\n|upkeep\n|\n|switch|p2a: Breloom|Breloom, M, shiny|100\/100\n|-damage|p2a: Breloom|94\/100|[from] Stealth Rock\n|turn|11\n|\n|move|p1a: Kingdra|Surf|p2a: Breloom\n|-resisted|p2a: Breloom\n|-damage|p2a: Breloom|30\/100\n|move|p2a: Breloom|Spore|p1a: Kingdra\n|-status|p1a: Kingdra|slp|[from] move: Spore\n|\n|-status|p2a: Breloom|tox|[from] item: Toxic Orb\n|upkeep\n|turn|12\n|\n|switch|p1a: Rotom|Rotom-Wash|100\/100\n|move|p2a: Breloom|Substitute|p2a: Breloom\n|-start|p2a: Breloom|Substitute\n|-damage|p2a: Breloom|5\/100 tox\n|\n|-heal|p2a: Breloom|17\/100 tox|[from] ability: Poison Heal\n|upkeep\n|turn|13\n|\n|move|p1a: Rotom|Thunderbolt|p2a: Breloom\n|-resisted|p2a: Breloom\n|-end|p2a: Breloom|Substitute\n|move|p2a: Breloom|Seed Bomb|p1a: Rotom\n|-damage|p1a: Rotom|35\/100\n|\n|-heal|p2a: Breloom|30\/100 tox|[from] ability: Poison Heal\n|upkeep\n|turn|14\n|\n|switch|p2a: Latias|Latias, F|99\/100\n|-damage|p2a: Latias|88\/100|[from] Stealth Rock\n|move|p1a: Rotom|Thunderbolt|p2a: Latias\n|-resisted|p2a: Latias\n|-damage|p2a: Latias|66\/100\n|\n|-heal|p2a: Latias|72\/100|[from] item: Leftovers\n|upkeep\n|turn|15\n|\n|switch|p1a: Scizor|Scizor, M|81\/100\n|move|p2a: Latias|Dragon Pulse|p1a: Scizor\n|-resisted|p1a: Scizor\n|-crit|p1a: Scizor\n|-damage|p1a: Scizor|38\/100\n|\n|-heal|p2a: Latias|78\/100|[from] item: Leftovers\n|upkeep\n|turn|16\n|\n|move|p2a: Latias|Dragon Pulse|p1a: Scizor\n|-resisted|p1a: Scizor\n|-damage|p1a: Scizor|19\/100\n|move|p1a: Scizor|U-turn|p2a: Latias\n|-supereffective|p2a: Latias\n|-damage|p2a: Latias|0 fnt\n|faint|p2a: Latias\n|\n|switch|p1a: Rotom|Rotom-Wash|35\/100|[from]move: U-turn\n|\n|upkeep\n|\n|switch|p2a: Scizor|Scizor, M|78\/100\n|-damage|p2a: Scizor|66\/100|[from] Stealth Rock\n|turn|17\n|\n|switch|p2a: Rotom|Rotom-Heat|100\/100\n|-damage|p2a: Rotom|88\/100|[from] Stealth Rock\n|move|p1a: Rotom|Thunderbolt|p2a: Rotom\n|-resisted|p2a: Rotom\n|-damage|p2a: Rotom|55\/100\n|\n|-heal|p2a: Rotom|61\/100|[from] item: Leftovers\n|upkeep\n|turn|18\n|\n|switch|p1a: Kingdra|Kingdra, F|38\/100 slp\n|move|p2a: Rotom|Discharge|p1a: Kingdra\n|-damage|p1a: Kingdra|2\/100 slp\n|\n|-heal|p2a: Rotom|67\/100|[from] item: Leftovers\n|upkeep\n|turn|19\n|\n|switch|p2a: Breloom|Breloom, M, shiny|30\/100 tox\n|-damage|p2a: Breloom|24\/100 tox|[from] Stealth Rock\n|cant|p1a: Kingdra|slp\n|\n|-heal|p2a: Breloom|36\/100 tox|[from] ability: Poison Heal\n|upkeep\n|turn|20\n|\n|switch|p1a: Rotom|Rotom-Wash|35\/100\n|move|p2a: Breloom|Substitute|p2a: Breloom\n|-start|p2a: Breloom|Substitute\n|-damage|p2a: Breloom|11\/100 tox\n|\n|-heal|p2a: Breloom|24\/100 tox|[from] ability: Poison Heal\n|upkeep\n|turn|21\n|\n|move|p1a: Rotom|Thunderbolt|p2a: Breloom\n|-resisted|p2a: Breloom\n|-end|p2a: Breloom|Substitute\n|move|p2a: Breloom|Seed Bomb|p1a: Rotom\n|-damage|p1a: Rotom|0 fnt\n|faint|p1a: Rotom\n|\n|-heal|p2a: Breloom|36\/100 tox|[from] ability: Poison Heal\n|upkeep\n|\n|switch|p1a: Starmie|Starmie|100\/100\n|turn|22\n|\n|switch|p2a: Rotom|Rotom-Heat|67\/100\n|-damage|p2a: Rotom|55\/100|[from] Stealth Rock\n|move|p1a: Starmie|Ice Beam|p2a: Rotom\n|-damage|p2a: Rotom|18\/100\n|-damage|p1a: Starmie|91\/100|[from] item: Life Orb\n|\n|-heal|p2a: Rotom|24\/100|[from] item: Leftovers\n|upkeep\n|turn|23\n|\n|move|p1a: Starmie|Ice Beam|p2a: Rotom\n|-crit|p2a: Rotom\n|-damage|p2a: Rotom|0 fnt\n|-damage|p1a: Starmie|81\/100|[from] item: Life Orb\n|faint|p2a: Rotom\n|\n|upkeep\n|\n|switch|p2a: Scizor|Scizor, M|66\/100\n|-damage|p2a: Scizor|54\/100|[from] Stealth Rock\n|turn|24\n|\n|move|p2a: Scizor|Bullet Punch|p1a: Starmie\n|-resisted|p1a: Starmie\n|-damage|p1a: Starmie|44\/100\n|move|p1a: Starmie|Thunderbolt|p2a: Scizor\n|-damage|p2a: Scizor|14\/100\n|-damage|p1a: Starmie|34\/100|[from] item: Life Orb\n|\n|upkeep\n|turn|25\n|\n|move|p2a: Scizor|Bullet Punch|p1a: Starmie\n|-resisted|p1a: Starmie\n|-damage|p1a: Starmie|0 fnt\n|faint|p1a: Starmie\n|\n|upkeep\n|\n|switch|p1a: Flygon|Flygon, M|100\/100\n|turn|26\n|\n|move|p2a: Scizor|Bullet Punch|p1a: Flygon\n|-crit|p1a: Flygon\n|-damage|p1a: Flygon|0 fnt\n|faint|p1a: Flygon\n|\n|upkeep\n|\n|switch|p1a: Scizor|Scizor, M|19\/100\n|turn|27\n|\n|move|p2a: Scizor|Bullet Punch|p1a: Scizor\n|-resisted|p1a: Scizor\n|-damage|p1a: Scizor|0 fnt\n|faint|p1a: Scizor\n|\n|upkeep\n|-message|winter lanterns forfeited.\n|\n|win|Davesusername\n|l|\u2606winter lanterns\n|raw|winter lanterns's rating: 1518 &rarr; <strong>1483<\/strong><br \/>(-35 for losing)\n|raw|Davesusername's rating: 1190 &rarr; <strong>1233<\/strong><br \/>(+43 for winning)\n","uploadtime":1592067357,"views":8,"p1id":"winterlanterns","p2id":"davesusername","formatid":"gen4ou","rating":1233,"private":0,"password":null}