{"id":"gen4ou-1601187201","p1":"Blitzburgh","p2":"Oryen","format":"gen4ou","log":"|j|\u2606Blitzburgh\n|j|\u2606Oryen\n|inactive|Battle timer is ON: inactive players will automatically lose when time's up.\n|t:|1655830592\n|gametype|singles\n|player|p1|Blitzburgh|ghetsis|\n|player|p2|Oryen|bruno-gen1|\n|teamsize|p1|6\n|teamsize|p2|6\n|gen|4\n|tier|[Gen 4] OU\n|rated|Tournament battle\n|rule|Sleep Clause Mod: Limit one foe put to sleep\n|rule|Species Clause: Limit one of each Pok\u00e9mon\n|rule|OHKO Clause: OHKO moves are banned\n|rule|Evasion Moves Clause: Evasion moves are banned\n|rule|Endless Battle Clause: Forcing endless battles is banned\n|rule|HP Percentage Mod: HP is shown in percentages\n|\n|t:|1655830592\n|start\n|switch|p1a: Roserade|Roserade, F|100\/100\n|switch|p2a: Azelf|Azelf|100\/100\n|turn|1\n|j|*Lady Monita \u2600\n|c|\u2606Oryen|hf\n|\n|t:|1655830619\n|move|p2a: Azelf|U-turn|p1a: Roserade\n|-crit|p1a: Roserade\n|-damage|p1a: Roserade|1\/100\n|-enditem|p1a: Roserade|Focus Sash\n|\n|t:|1655830623\n|switch|p2a: Tyranitar|Tyranitar, M, shiny|100\/100|[from]move: U-turn\n|-weather|Sandstorm|[from] ability: Sand Stream|[of] p2a: Tyranitar\n|move|p1a: Roserade|Leaf Storm|p2a: Tyranitar\n|-supereffective|p2a: Tyranitar\n|-damage|p2a: Tyranitar|14\/100\n|-unboost|p1a: Roserade|spa|2\n|\n|-weather|Sandstorm|[upkeep]\n|-damage|p1a: Roserade|0 fnt|[from] Sandstorm\n|faint|p1a: Roserade\n|upkeep\n|\n|t:|1655830628\n|switch|p1a: Jirachi|Jirachi|100\/100\n|turn|2\n|j| Qwerty25125\n|\n|t:|1655830635\n|switch|p2a: Metagross|Metagross|100\/100\n|move|p1a: Jirachi|U-turn|p2a: Metagross\n|-damage|p2a: Metagross|84\/100\n|\n|t:|1655830638\n|switch|p1a: Suicune|Suicune|100\/100|[from]move: U-turn\n|-ability|p1a: Suicune|Pressure\n|\n|-weather|Sandstorm|[upkeep]\n|-damage|p1a: Suicune|94\/100|[from] Sandstorm\n|-heal|p1a: Suicune|100\/100|[from] item: Leftovers\n|upkeep\n|turn|3\n|\n|t:|1655830643\n|move|p1a: Suicune|Substitute|p1a: Suicune\n|-start|p1a: Suicune|Substitute\n|-damage|p1a: Suicune|75\/100\n|move|p2a: Metagross|Explosion|p1a: Suicune\n|-end|p1a: Suicune|Substitute\n|faint|p2a: Metagross\n|\n|-weather|Sandstorm|[upkeep]\n|-damage|p1a: Suicune|69\/100|[from] Sandstorm\n|-heal|p1a: Suicune|75\/100|[from] item: Leftovers\n|upkeep\n|\n|t:|1655830655\n|switch|p2a: Latias|Latias, F|100\/100\n|turn|4\n|\n|t:|1655830661\n|switch|p1a: Heatran|Heatran, M|100\/100\n|move|p2a: Latias|Thunder Wave|p1a: Heatran\n|-status|p1a: Heatran|par\n|\n|-weather|Sandstorm|[upkeep]\n|-damage|p2a: Latias|95\/100|[from] Sandstorm\n|upkeep\n|turn|5\n|\n|t:|1655830666\n|switch|p2a: Tyranitar|Tyranitar, M, shiny|14\/100\n|cant|p1a: Heatran|par\n|\n|-weather|Sandstorm|[upkeep]\n|upkeep\n|turn|6\n|l| Qwerty25125\n|\n|t:|1655830675\n|move|p2a: Tyranitar|Superpower|p1a: Heatran\n|-supereffective|p1a: Heatran\n|-damage|p1a: Heatran|37\/100 par\n|-unboost|p2a: Tyranitar|atk|1\n|-unboost|p2a: Tyranitar|def|1\n|move|p1a: Heatran|Stealth Rock|p2a: Tyranitar\n|-sidestart|p2: Oryen|move: Stealth Rock\n|\n|-weather|Sandstorm|[upkeep]\n|-heal|p1a: Heatran|43\/100 par|[from] item: Leftovers\n|upkeep\n|turn|7\n|\n|t:|1655830686\n|switch|p2a: Latias|Latias, F|95\/100\n|-damage|p2a: Latias|82\/100|[from] Stealth Rock\n|switch|p1a: Latias|Latias, F|100\/100\n|\n|-weather|Sandstorm|[upkeep]\n|-damage|p2a: Latias|76\/100|[from] Sandstorm\n|-damage|p1a: Latias|95\/100|[from] Sandstorm\n|upkeep\n|turn|8\n|\n|t:|1655830699\n|switch|p1a: Heatran|Heatran, M|43\/100 par\n|move|p2a: Latias|Draco Meteor|p1a: Heatran\n|-resisted|p1a: Heatran\n|-damage|p1a: Heatran|22\/100 par\n|-unboost|p2a: Latias|spa|2\n|\n|-weather|Sandstorm|[upkeep]\n|-damage|p2a: Latias|70\/100|[from] Sandstorm\n|-heal|p1a: Heatran|28\/100 par|[from] item: Leftovers\n|upkeep\n|turn|9\n|\n|t:|1655830704\n|switch|p2a: Tyranitar|Tyranitar, M, shiny|14\/100\n|-damage|p2a: Tyranitar|1\/100|[from] Stealth Rock\n|cant|p1a: Heatran|par\n|\n|-weather|Sandstorm|[upkeep]\n|-heal|p1a: Heatran|34\/100 par|[from] item: Leftovers\n|upkeep\n|turn|10\n|\n|t:|1655830710\n|switch|p2a: Latias|Latias, F|70\/100\n|-damage|p2a: Latias|58\/100|[from] Stealth Rock\n|move|p1a: Heatran|Protect||[still]\n|-fail|p1a: Heatran\n|\n|-weather|Sandstorm|[upkeep]\n|-damage|p2a: Latias|52\/100|[from] Sandstorm\n|-heal|p1a: Heatran|40\/100 par|[from] item: Leftovers\n|upkeep\n|turn|11\n|\n|t:|1655830718\n|move|p2a: Latias|Trick|p1a: Heatran\n|-activate|p2a: Latias|move: Trick|[of] p1a: Heatran\n|-item|p1a: Heatran|Choice Scarf|[from] move: Trick\n|-item|p2a: Latias|Leftovers|[from] move: Trick\n|move|p1a: Heatran|Lava Plume|p2a: Latias\n|-resisted|p2a: Latias\n|-damage|p2a: Latias|37\/100\n|-status|p2a: Latias|brn\n|\n|-weather|Sandstorm|[upkeep]\n|-damage|p2a: Latias|31\/100 brn|[from] Sandstorm\n|-heal|p2a: Latias|37\/100 brn|[from] item: Leftovers\n|-damage|p2a: Latias|25\/100 brn|[from] brn\n|upkeep\n|turn|12\n|\n|t:|1655830726\n|move|p2a: Latias|Healing Wish|p2a: Latias\n|faint|p2a: Latias\n|\n|t:|1655830729\n|switch|p2a: Tyranitar|Tyranitar, M, shiny|1\/100\n|-damage|p2a: Tyranitar|0 fnt|[from] Stealth Rock\n|faint|p2a: Tyranitar\n|j| CooperBoy\n|j| atharvplayspokemon\n|c|\u2606Oryen|ah\n|c|\u2606Blitzburgh|interesting mechanic\n|j| Ara ara<3\n|c|\u2606Oryen|clearly i don't play much this gen\n|j| Klop n\n|c|\u2606Blitzburgh|same\n|c|\u2606Oryen|:)\n|\n|t:|1655830759\n|switch|p2a: Machamp|Machamp, F|100\/100\n|-damage|p2a: Machamp|94\/100|[from] Stealth Rock\n|-heal|p2a: Machamp|100\/100|[from] move: Healing Wish\n|move|p1a: Heatran|Lava Plume|p2a: Machamp\n|-damage|p2a: Machamp|60\/100\n|\n|-weather|Sandstorm|[upkeep]\n|-damage|p2a: Machamp|54\/100|[from] Sandstorm\n|upkeep\n|turn|13\n|\n|t:|1655830763\n|move|p2a: Machamp|Dynamic Punch|p1a: Heatran\n|-supereffective|p1a: Heatran\n|-damage|p1a: Heatran|0 fnt\n|faint|p1a: Heatran\n|\n|-weather|Sandstorm|[upkeep]\n|-damage|p2a: Machamp|48\/100|[from] Sandstorm\n|upkeep\n|l| Klop n\n|\n|t:|1655830772\n|switch|p1a: Latias|Latias, F|95\/100\n|turn|14\n|\n|t:|1655830778\n|move|p1a: Latias|Draco Meteor|p2a: Machamp\n|-damage|p2a: Machamp|0 fnt\n|-unboost|p1a: Latias|spa|2\n|faint|p2a: Machamp\n|\n|-weather|Sandstorm|[upkeep]\n|-damage|p1a: Latias|89\/100|[from] Sandstorm\n|upkeep\n|\n|t:|1655830788\n|switch|p2a: Azelf|Azelf|100\/100\n|-damage|p2a: Azelf|88\/100|[from] Stealth Rock\n|turn|15\n|\n|t:|1655830790\n|move|p1a: Latias|Draco Meteor|p2a: Azelf\n|-damage|p2a: Azelf|14\/100\n|-unboost|p1a: Latias|spa|2\n|move|p2a: Azelf|U-turn|p1a: Latias\n|-supereffective|p1a: Latias\n|-damage|p1a: Latias|0 fnt\n|faint|p1a: Latias\n|\n|t:|1655830795\n|switch|p2a: Lucario|Lucario, F|100\/100|[from]move: U-turn\n|-damage|p2a: Lucario|98\/100|[from] Stealth Rock\n|\n|-weather|Sandstorm|[upkeep]\n|upkeep\n|\n|t:|1655830800\n|switch|p1a: Jirachi|Jirachi|100\/100\n|turn|16\n|\n|t:|1655830805\n|move|p1a: Jirachi|Fire Punch|p2a: Lucario\n|-supereffective|p2a: Lucario\n|-damage|p2a: Lucario|31\/100\n|move|p2a: Lucario|Close Combat|p1a: Jirachi\n|-damage|p1a: Jirachi|41\/100\n|-unboost|p2a: Lucario|def|1\n|-unboost|p2a: Lucario|spd|1\n|\n|-weather|Sandstorm|[upkeep]\n|upkeep\n|turn|17\n|c|\u2606Oryen|gg\n|c|\u2606Oryen|good luck in the final\n|\n|t:|1655830820\n|move|p1a: Jirachi|Fire Punch|p2a: Lucario\n|-supereffective|p2a: Lucario\n|-damage|p2a: Lucario|0 fnt\n|faint|p2a: Lucario\n|\n|-weather|Sandstorm|[upkeep]\n|upkeep\n|c|\u2606Blitzburgh|gg\n|\n|t:|1655830823\n|switch|p2a: Azelf|Azelf|14\/100\n|-damage|p2a: Azelf|2\/100|[from] Stealth Rock\n|turn|18\n|j|%Meister Siegfried\n|c|\u2606Blitzburgh|thanks\n|\n|t:|1655830827\n|move|p1a: Jirachi|Fire Punch|p2a: Azelf\n|-damage|p2a: Azelf|0 fnt\n|faint|p2a: Azelf\n|\n|win|Blitzburgh\n|n|\u2606Blitzburgh|blitzburgh\n|n|\u2606Oryen|oryen\n|n|*Lady Monita \u2600|ladymonita\n|n| CooperBoy|cooperboy\n|n| atharvplayspokemon|atharvplayspokemon\n|n| Ara ara<3|araara3\n|n| Meister Siegfried|meistersiegfried\n|l|*Lady Monita \u2600\n|l|\u2606Oryen\n|l|\u2606Blitzburgh\n|l| Meister Siegfried\n","uploadtime":1655830838,"views":82,"p1id":"blitzburgh","p2id":"oryen","formatid":"gen4ou","rating":0,"private":0,"password":null}