{"id":"gen4ou-1601183820","p1":"Oryen","p2":"choice bad kyurem","format":"gen4ou","log":"|j|\u2606Oryen\n|j|\u2606choice bad kyurem\n|inactive|Battle timer is ON: inactive players will automatically lose when time's up.\n|t:|1655830285\n|gametype|singles\n|player|p1|Oryen|bruno-gen1|\n|player|p2|choice bad kyurem|smasher|\n|teamsize|p1|6\n|teamsize|p2|6\n|gen|4\n|tier|[Gen 4] OU\n|rated|Tournament battle\n|rule|Sleep Clause Mod: Limit one foe put to sleep\n|rule|Species Clause: Limit one of each Pok\u00e9mon\n|rule|OHKO Clause: OHKO moves are banned\n|rule|Evasion Moves Clause: Evasion moves are banned\n|rule|Endless Battle Clause: Forcing endless battles is banned\n|rule|HP Percentage Mod: HP is shown in percentages\n|\n|t:|1655830285\n|start\n|switch|p1a: Azelf|Azelf|100\/100\n|switch|p2a: Rotom|Rotom-Wash|100\/100\n|turn|1\n|j|*Lady Monita \u2600\n|j| Student of Sinnoh\n|l| Student of Sinnoh\n|\n|t:|1655830308\n|move|p1a: Azelf|Zen Headbutt|p2a: Rotom\n|-crit|p2a: Rotom\n|-damage|p2a: Rotom|0 fnt\n|faint|p2a: Rotom\n|\n|upkeep\n|\n|t:|1655830314\n|switch|p2a: Bronzong|Bronzong|100\/100\n|turn|2\n|c|\u2606choice bad kyurem|fun\n|\n|t:|1655830335\n|switch|p1a: Latias|Latias, F|100\/100\n|move|p2a: Bronzong|Stealth Rock|p1a: Latias\n|-sidestart|p1: Oryen|move: Stealth Rock\n|\n|upkeep\n|turn|3\n|\n|t:|1655830344\n|move|p1a: Latias|Trick|p2a: Bronzong\n|-activate|p1a: Latias|move: Trick|[of] p2a: Bronzong\n|-item|p2a: Bronzong|Choice Scarf|[from] move: Trick\n|-item|p1a: Latias|Leftovers|[from] move: Trick\n|move|p2a: Bronzong|Toxic|p1a: Latias\n|-status|p1a: Latias|tox\n|\n|-damage|p1a: Latias|95\/100 tox|[from] psn\n|upkeep\n|turn|4\n|j| Dudeertioper\n|\n|t:|1655830371\n|switch|p1a: Lucario|Lucario, M|100\/100\n|-damage|p1a: Lucario|98\/100|[from] Stealth Rock\n|switch|p2a: Clefable|Clefable, M|100\/100\n|\n|upkeep\n|turn|5\n|j| deno_nemesis\n|\n|t:|1655830385\n|switch|p2a: Nidoqueen|Nidoqueen, F|100\/100\n|move|p1a: Lucario|Close Combat|p2a: Nidoqueen\n|-resisted|p2a: Nidoqueen\n|-damage|p2a: Nidoqueen|81\/100\n|-unboost|p1a: Lucario|def|1\n|-unboost|p1a: Lucario|spd|1\n|\n|-heal|p2a: Nidoqueen|88\/100|[from] item: Black Sludge\n|upkeep\n|turn|6\n|\n|t:|1655830408\n|switch|p1a: Tyranitar|Tyranitar, M, shiny|100\/100\n|-damage|p1a: Tyranitar|88\/100|[from] Stealth Rock\n|-weather|Sandstorm|[from] ability: Sand Stream|[of] p1a: Tyranitar\n|move|p2a: Nidoqueen|Toxic Spikes|p1a: Tyranitar\n|-sidestart|p1: Oryen|move: Toxic Spikes\n|\n|-weather|Sandstorm|[upkeep]\n|-heal|p2a: Nidoqueen|94\/100|[from] item: Black Sludge\n|upkeep\n|turn|7\n|\n|t:|1655830417\n|move|p1a: Tyranitar|Ice Beam|p2a: Nidoqueen\n|-supereffective|p2a: Nidoqueen\n|-damage|p2a: Nidoqueen|45\/100\n|move|p2a: Nidoqueen|Earthquake|p1a: Tyranitar\n|-supereffective|p1a: Tyranitar\n|-damage|p1a: Tyranitar|26\/100\n|\n|-weather|Sandstorm|[upkeep]\n|-heal|p2a: Nidoqueen|51\/100|[from] item: Black Sludge\n|upkeep\n|turn|8\n|\n|t:|1655830431\n|move|p2a: Nidoqueen|Protect|p2a: Nidoqueen\n|-singleturn|p2a: Nidoqueen|Protect\n|move|p1a: Tyranitar|Ice Beam|p2a: Nidoqueen\n|-activate|p2a: Nidoqueen|Protect\n|\n|-weather|Sandstorm|[upkeep]\n|-heal|p2a: Nidoqueen|58\/100|[from] item: Black Sludge\n|upkeep\n|turn|9\n|\n|t:|1655830434\n|switch|p2a: Starmie|Starmie|100\/100\n|move|p1a: Tyranitar|Ice Beam|p2a: Starmie\n|-resisted|p2a: Starmie\n|-damage|p2a: Starmie|86\/100\n|-status|p2a: Starmie|frz\n|\n|-weather|Sandstorm|[upkeep]\n|-damage|p2a: Starmie|80\/100 frz|[from] Sandstorm\n|-heal|p2a: Starmie|86\/100 frz|[from] item: Leftovers\n|upkeep\n|turn|10\n|\n|t:|1655830439\n|cant|p2a: Starmie|frz\n|move|p1a: Tyranitar|Crunch|p2a: Starmie\n|-supereffective|p2a: Starmie\n|-damage|p2a: Starmie|10\/100 frz\n|\n|-weather|Sandstorm|[upkeep]\n|-damage|p2a: Starmie|4\/100 frz|[from] Sandstorm\n|-heal|p2a: Starmie|10\/100 frz|[from] item: Leftovers\n|upkeep\n|turn|11\n|c|\u2606choice bad kyurem|wtf\n|c|\u2606Oryen|mb\n|\n|t:|1655830446\n|cant|p2a: Starmie|frz\n|move|p1a: Tyranitar|Crunch|p2a: Starmie\n|-supereffective|p2a: Starmie\n|-damage|p2a: Starmie|0 fnt\n|faint|p2a: Starmie\n|\n|-weather|Sandstorm|[upkeep]\n|upkeep\n|\n|t:|1655830458\n|switch|p2a: Abomasnow|Abomasnow, M|100\/100\n|-weather|Hail|[from] ability: Snow Warning|[of] p2a: Abomasnow\n|turn|12\n|\n|t:|1655830462\n|move|p2a: Abomasnow|Protect|p2a: Abomasnow\n|-singleturn|p2a: Abomasnow|Protect\n|move|p1a: Tyranitar|Fire Blast|p2a: Abomasnow\n|-activate|p2a: Abomasnow|Protect\n|\n|-weather|Hail|[upkeep]\n|-damage|p1a: Tyranitar|20\/100|[from] Hail\n|upkeep\n|turn|13\n|\n|t:|1655830470\n|move|p2a: Abomasnow|Ice Shard|p1a: Tyranitar\n|-damage|p1a: Tyranitar|2\/100\n|move|p1a: Tyranitar|Fire Blast|p2a: Abomasnow\n|-supereffective|p2a: Abomasnow\n|-damage|p2a: Abomasnow|0 fnt\n|faint|p2a: Abomasnow\n|\n|-weather|Hail|[upkeep]\n|-damage|p1a: Tyranitar|0 fnt|[from] Hail\n|faint|p1a: Tyranitar\n|upkeep\n|\n|t:|1655830483\n|switch|p1a: Metagross|Metagross|100\/100\n|switch|p2a: Bronzong|Bronzong|100\/100\n|-damage|p1a: Metagross|95\/100|[from] Stealth Rock\n|turn|14\n|\n|t:|1655830505\n|move|p1a: Metagross|Stealth Rock|p2a: Bronzong\n|-sidestart|p2: choice bad kyurem|move: Stealth Rock\n|move|p2a: Bronzong|Earthquake|p1a: Metagross\n|-supereffective|p1a: Metagross\n|-crit|p1a: Metagross\n|-damage|p1a: Metagross|23\/100\n|\n|-weather|Hail|[upkeep]\n|-damage|p1a: Metagross|17\/100|[from] Hail\n|-damage|p2a: Bronzong|94\/100|[from] Hail\n|upkeep\n|turn|15\n|\n|t:|1655830514\n|switch|p1a: Azelf|Azelf|100\/100\n|-damage|p1a: Azelf|88\/100|[from] Stealth Rock\n|switch|p2a: Clefable|Clefable, M|100\/100\n|\n|-weather|Hail|[upkeep]\n|-damage|p1a: Azelf|82\/100|[from] Hail\n|upkeep\n|turn|16\n|\n|t:|1655830519\n|switch|p2a: Bronzong|Bronzong|94\/100\n|-damage|p2a: Bronzong|88\/100|[from] Stealth Rock\n|move|p1a: Azelf|U-turn|p2a: Bronzong\n|-damage|p2a: Bronzong|58\/100\n|\n|t:|1655830525\n|switch|p1a: Metagross|Metagross|17\/100|[from]move: U-turn\n|-damage|p1a: Metagross|11\/100|[from] Stealth Rock\n|\n|-weather|Hail|[upkeep]\n|-damage|p1a: Metagross|5\/100|[from] Hail\n|-damage|p2a: Bronzong|51\/100|[from] Hail\n|upkeep\n|turn|17\n|\n|t:|1655830527\n|move|p1a: Metagross|Explosion|p2a: Bronzong\n|-resisted|p2a: Bronzong\n|-damage|p2a: Bronzong|0 fnt\n|faint|p1a: Metagross\n|faint|p2a: Bronzong\n|\n|-weather|Hail|[upkeep]\n|upkeep\n|\n|t:|1655830533\n|switch|p1a: Azelf|Azelf|82\/100\n|switch|p2a: Nidoqueen|Nidoqueen, F|58\/100\n|-damage|p1a: Azelf|70\/100|[from] Stealth Rock\n|-damage|p2a: Nidoqueen|51\/100|[from] Stealth Rock\n|turn|18\n|\n|t:|1655830535\n|move|p2a: Nidoqueen|Protect|p2a: Nidoqueen\n|-singleturn|p2a: Nidoqueen|Protect\n|move|p1a: Azelf|Zen Headbutt|p2a: Nidoqueen\n|-activate|p2a: Nidoqueen|Protect\n|\n|-weather|Hail|[upkeep]\n|-damage|p1a: Azelf|63\/100|[from] Hail\n|-damage|p2a: Nidoqueen|45\/100|[from] Hail\n|-heal|p2a: Nidoqueen|51\/100|[from] item: Black Sludge\n|upkeep\n|turn|19\n|j| Terreitor\n|c|\u2606choice bad kyurem|yay rng\n|\n|t:|1655830542\n|move|p1a: Azelf|Zen Headbutt|p2a: Nidoqueen\n|-supereffective|p2a: Nidoqueen\n|-damage|p2a: Nidoqueen|0 fnt\n|-status|p1a: Azelf|psn|[from] ability: Poison Point|[of] p2a: Nidoqueen\n|faint|p2a: Nidoqueen\n|\n|-weather|Hail|[upkeep]\n|-damage|p1a: Azelf|57\/100 psn|[from] Hail\n|-damage|p1a: Azelf|45\/100 psn|[from] psn\n|upkeep\n|l| Terreitor\n|\n|t:|1655830543\n|switch|p2a: Clefable|Clefable, M|100\/100\n|turn|20\n|\n|t:|1655830546\n|move|p1a: Azelf|Zen Headbutt|p2a: Clefable\n|-damage|p2a: Clefable|21\/100\n|cant|p2a: Clefable|flinch\n|\n|-weather|Hail|[upkeep]\n|-damage|p1a: Azelf|39\/100 psn|[from] Hail\n|-damage|p1a: Azelf|26\/100 psn|[from] psn\n|-heal|p2a: Clefable|27\/100|[from] item: Leftovers\n|upkeep\n|turn|21\n|\n|t:|1655830554\n|move|p1a: Azelf|Zen Headbutt|p2a: Clefable\n|-damage|p2a: Clefable|0 fnt\n|faint|p2a: Clefable\n|\n|win|Oryen\n|n|\u2606Oryen|oryen\n|n|\u2606choice bad kyurem|choicebadkyurem\n|n|*Lady Monita \u2600|ladymonita\n|n| Dudeertioper|dudeertioper\n|n| deno_nemesis|denonemesis\n|l|*Lady Monita \u2600\n|c|\u2606Oryen|gg\n|l|\u2606Oryen\n|l|\u2606choice bad kyurem\n|l| Dudeertioper\n|l| deno_nemesis\n|j| Ara ara<3\n","uploadtime":1655830758,"views":8,"p1id":"oryen","p2id":"choicebadkyurem","formatid":"gen4ou","rating":0,"private":0,"password":null}