{"id":"gen4ou-1058633202","p1":"Cowsrule247","p2":"infiniteunlucky","format":"gen4ou","log":"|j|\u2606Cowsrule247\n|j|\u2606infiniteunlucky\n|player|p1|Cowsrule247|192|1224\n|player|p2|infiniteunlucky|ryuki|1280\n|teamsize|p1|6\n|teamsize|p2|6\n|gametype|singles\n|gen|4\n|tier|[Gen 4] OU\n|rated|\n|rule|Sleep Clause Mod: Limit one foe put to sleep\n|rule|Species Clause: Limit one of each Pok\u00e9mon\n|rule|OHKO Clause: OHKO moves are banned\n|rule|Evasion Moves Clause: Evasion moves are banned\n|rule|Endless Battle Clause: Forcing endless battles is banned\n|rule|HP Percentage Mod: HP is shown in percentages\n|rule|Baton Pass Clause: Limit one Baton Passer, can't pass Spe and other stats simultaneously\n|\n|start\n|switch|p1a: Hippowdon|Hippowdon, F|100\/100\n|switch|p2a: Yanmega|Yanmega, M, shiny|100\/100\n|-weather|Sandstorm|[from] ability: Sand Stream|[of] p1a: Hippowdon\n|turn|1\n|inactive|Battle timer is ON: inactive players will automatically lose when time's up. (requested by infiniteunlucky)\n|\n|move|p2a: Yanmega|Bug Buzz|p1a: Hippowdon\n|-damage|p1a: Hippowdon|35\/100\n|move|p1a: Hippowdon|Stealth Rock|p2a: Yanmega\n|-sidestart|p2: infiniteunlucky|move: Stealth Rock\n|\n|-weather|Sandstorm|[upkeep]\n|-damage|p2a: Yanmega|94\/100|[from] Sandstorm\n|-heal|p1a: Hippowdon|42\/100|[from] item: Leftovers\n|upkeep\n|turn|2\n|\n|switch|p1a: Blissey|Blissey, F|100\/100\n|move|p2a: Yanmega|Bug Buzz|p1a: Blissey\n|-damage|p1a: Blissey|76\/100\n|\n|-weather|Sandstorm|[upkeep]\n|-damage|p2a: Yanmega|88\/100|[from] Sandstorm\n|-damage|p1a: Blissey|69\/100|[from] Sandstorm\n|-heal|p1a: Blissey|76\/100|[from] item: Leftovers\n|upkeep\n|turn|3\n|\n|switch|p2a: Scizor|Scizor, M, shiny|100\/100\n|-damage|p2a: Scizor|88\/100|[from] Stealth Rock\n|move|p1a: Blissey|Toxic|p2a: Scizor\n|-immune|p2a: Scizor\n|\n|-weather|Sandstorm|[upkeep]\n|-damage|p1a: Blissey|69\/100|[from] Sandstorm\n|-heal|p1a: Blissey|76\/100|[from] item: Leftovers\n|upkeep\n|turn|4\n|\n|move|p1a: Blissey|Protect|p1a: Blissey\n|-singleturn|p1a: Blissey|Protect\n|move|p2a: Scizor|U-turn|p1a: Blissey\n|-activate|p1a: Blissey|Protect\n|\n|-weather|Sandstorm|[upkeep]\n|-damage|p1a: Blissey|69\/100|[from] Sandstorm\n|-heal|p1a: Blissey|76\/100|[from] item: Leftovers\n|upkeep\n|turn|5\n|\n|switch|p1a: Skarmory|Skarmory, F, shiny|100\/100\n|move|p2a: Scizor|U-turn|p1a: Skarmory\n|-resisted|p1a: Skarmory\n|-damage|p1a: Skarmory|92\/100\n|\n|switch|p2a: Latias|Latias, F, shiny|100\/100|[from]move: U-turn\n|-damage|p2a: Latias|88\/100|[from] Stealth Rock\n|\n|-weather|Sandstorm|[upkeep]\n|-damage|p2a: Latias|82\/100|[from] Sandstorm\n|upkeep\n|turn|6\n|\n|switch|p1a: Blissey|Blissey, F|76\/100\n|move|p2a: Latias|Trick|p1a: Blissey\n|-activate|p2a: Latias|move: Trick|[of] p1a: Blissey\n|-item|p1a: Blissey|Choice Specs|[from] move: Trick\n|-item|p2a: Latias|Leftovers|[from] move: Trick\n|\n|-weather|Sandstorm|[upkeep]\n|-damage|p2a: Latias|76\/100|[from] Sandstorm\n|-damage|p1a: Blissey|69\/100|[from] Sandstorm\n|-heal|p2a: Latias|82\/100|[from] item: Leftovers\n|upkeep\n|turn|7\n|\n|switch|p2a: Scizor|Scizor, M, shiny|88\/100\n|-damage|p2a: Scizor|76\/100|[from] Stealth Rock\n|move|p1a: Blissey|Wish|p1a: Blissey\n|\n|-weather|Sandstorm|[upkeep]\n|-damage|p1a: Blissey|63\/100|[from] Sandstorm\n|upkeep\n|turn|8\n|\n|switch|p1a: Hippowdon|Hippowdon, F|42\/100\n|move|p2a: Scizor|U-turn|p1a: Hippowdon\n|-damage|p1a: Hippowdon|9\/100\n|\n|switch|p2a: Yanmega|Yanmega, M, shiny|88\/100|[from]move: U-turn\n|-damage|p2a: Yanmega|38\/100|[from] Stealth Rock\n|\n|-heal|p1a: Hippowdon|59\/100|[from] move: Wish|[wisher] Blissey\n|-weather|Sandstorm|[upkeep]\n|-damage|p2a: Yanmega|32\/100|[from] Sandstorm\n|-heal|p1a: Hippowdon|65\/100|[from] item: Leftovers\n|upkeep\n|turn|9\n|\n|switch|p1a: Blissey|Blissey, F|63\/100\n|move|p2a: Yanmega|Bug Buzz|p1a: Blissey\n|-damage|p1a: Blissey|39\/100\n|\n|-weather|Sandstorm|[upkeep]\n|-damage|p2a: Yanmega|26\/100|[from] Sandstorm\n|-damage|p1a: Blissey|33\/100|[from] Sandstorm\n|upkeep\n|turn|10\n|\n|move|p2a: Yanmega|Bug Buzz|p1a: Blissey\n|-damage|p1a: Blissey|8\/100\n|move|p1a: Blissey|Wish|p1a: Blissey\n|\n|-weather|Sandstorm|[upkeep]\n|-damage|p2a: Yanmega|20\/100|[from] Sandstorm\n|-damage|p1a: Blissey|2\/100|[from] Sandstorm\n|upkeep\n|turn|11\n|\n|switch|p1a: Hippowdon|Hippowdon, F|65\/100\n|move|p2a: Yanmega|Bug Buzz|p1a: Hippowdon\n|-damage|p1a: Hippowdon|0 fnt\n|faint|p1a: Hippowdon\n|\n|-weather|Sandstorm|[upkeep]\n|-damage|p2a: Yanmega|14\/100|[from] Sandstorm\n|upkeep\n|inactive|Cowsrule247 has 120 seconds left.\n|\n|switch|p1a: Blissey|Blissey, F|2\/100\n|turn|12\n|\n|move|p1a: Blissey|Protect|p1a: Blissey\n|-singleturn|p1a: Blissey|Protect\n|move|p2a: Yanmega|Bug Buzz|p1a: Blissey\n|-activate|p1a: Blissey|Protect\n|\n|-weather|Sandstorm|[upkeep]\n|-damage|p2a: Yanmega|8\/100|[from] Sandstorm\n|-damage|p1a: Blissey|0 fnt|[from] Sandstorm\n|faint|p1a: Blissey\n|upkeep\n|\n|switch|p1a: Spiritomb|Spiritomb, M|100\/100\n|-ability|p1a: Spiritomb|Pressure\n|turn|13\n|\n|move|p2a: Yanmega|Bug Buzz|p1a: Spiritomb\n|-damage|p1a: Spiritomb|37\/100\n|move|p1a: Spiritomb|Shadow Ball|p2a: Yanmega\n|-damage|p2a: Yanmega|0 fnt\n|faint|p2a: Yanmega\n|\n|-weather|Sandstorm|[upkeep]\n|-damage|p1a: Spiritomb|31\/100|[from] Sandstorm\n|-heal|p1a: Spiritomb|37\/100|[from] item: Leftovers\n|upkeep\n|\n|switch|p2a: Empoleon|Empoleon, M, shiny|100\/100\n|-damage|p2a: Empoleon|94\/100|[from] Stealth Rock\n|turn|14\n|\n|move|p2a: Empoleon|Hydro Pump|p1a: Spiritomb\n|-damage|p1a: Spiritomb|0 fnt\n|faint|p1a: Spiritomb\n|\n|-weather|Sandstorm|[upkeep]\n|upkeep\n|-message|Cowsrule247 forfeited.\n|\n|win|infiniteunlucky\n|l|\u2606Cowsrule247\n|raw|Cowsrule247's rating: 1224 &rarr; <strong>1203<\/strong><br \/>(-21 for losing)\n|raw|infiniteunlucky's rating: 1280 &rarr; <strong>1301<\/strong><br \/>(+21 for winning)\n","uploadtime":1580961738,"views":9,"p1id":"cowsrule247","p2id":"infiniteunlucky","formatid":"gen4ou","rating":1203,"private":0,"password":null}