{"id":"gen4ou-1690566891","p1":"ayevon","p2":"poukilapoukou","format":"gen4ou","log":"|j|\u2606ayevon\n|j|\u2606poukilapoukou\n|t:|1666285880\n|gametype|singles\n|player|p1|ayevon|169|\n|player|p2|poukilapoukou|lucas|\n|teamsize|p1|6\n|teamsize|p2|6\n|gen|4\n|tier|[Gen 4] OU\n|rated|Tournament battle\n|rule|Sleep Clause Mod: Limit one foe put to sleep\n|rule|Species Clause: Limit one of each Pok\u00e9mon\n|rule|OHKO Clause: OHKO moves are banned\n|rule|Evasion Items Clause: Evasion items are banned\n|rule|Evasion Moves Clause: Evasion moves are banned\n|rule|Endless Battle Clause: Forcing endless battles is banned\n|rule|HP Percentage Mod: HP is shown in percentages\n|rule|Freeze Clause Mod: Limit one foe frozen\n|\n|t:|1666285880\n|start\n|switch|p1a: Jirachi|Jirachi|100\/100\n|switch|p2a: Tyranitar|Tyranitar, M|100\/100\n|-weather|Sandstorm|[from] ability: Sand Stream|[of] p2a: Tyranitar\n|turn|1\n|inactive|Battle timer is ON: inactive players will automatically lose when time's up. (requested by ayevon)\n|j| bwhehe\n|l| bwhehe\n|\n|t:|1666285905\n|switch|p2a: Zapdos|Zapdos|100\/100\n|-ability|p2a: Zapdos|Pressure\n|move|p1a: Jirachi|Iron Head|p2a: Zapdos\n|-resisted|p2a: Zapdos\n|-damage|p2a: Zapdos|85\/100\n|\n|-weather|Sandstorm|[upkeep]\n|-damage|p2a: Zapdos|79\/100|[from] Sandstorm\n|-heal|p2a: Zapdos|85\/100|[from] item: Leftovers\n|upkeep\n|turn|2\n|j| the chadicus\n|\n|t:|1666285912\n|move|p1a: Jirachi|Stealth Rock|p2a: Zapdos\n|-sidestart|p2: poukilapoukou|move: Stealth Rock\n|move|p2a: Zapdos|Thunderbolt|p1a: Jirachi\n|-damage|p1a: Jirachi|58\/100\n|\n|-weather|Sandstorm|[upkeep]\n|-damage|p2a: Zapdos|79\/100|[from] Sandstorm\n|-heal|p1a: Jirachi|64\/100|[from] item: Leftovers\n|-heal|p2a: Zapdos|85\/100|[from] item: Leftovers\n|upkeep\n|turn|3\n|\n|t:|1666285923\n|move|p1a: Jirachi|Thunder|p2a: Zapdos|[miss]\n|-miss|p1a: Jirachi|p2a: Zapdos\n|move|p2a: Zapdos|Thunderbolt|p1a: Jirachi\n|-damage|p1a: Jirachi|20\/100\n|\n|-weather|Sandstorm|[upkeep]\n|-damage|p2a: Zapdos|79\/100|[from] Sandstorm\n|-heal|p1a: Jirachi|26\/100|[from] item: Leftovers\n|-heal|p2a: Zapdos|85\/100|[from] item: Leftovers\n|upkeep\n|turn|4\n|\n|t:|1666285927\n|move|p1a: Jirachi|Iron Head|p2a: Zapdos\n|-resisted|p2a: Zapdos\n|-damage|p2a: Zapdos|68\/100\n|move|p2a: Zapdos|Thunderbolt|p1a: Jirachi\n|-damage|p1a: Jirachi|0 fnt\n|faint|p1a: Jirachi\n|\n|-weather|Sandstorm|[upkeep]\n|-damage|p2a: Zapdos|62\/100|[from] Sandstorm\n|-heal|p2a: Zapdos|68\/100|[from] item: Leftovers\n|upkeep\n|\n|t:|1666285931\n|switch|p1a: Tyranocif|Tyranitar, F|100\/100\n|turn|5\n|\n|t:|1666285941\n|move|p2a: Zapdos|Thunderbolt|p1a: Tyranocif\n|-damage|p1a: Tyranocif|68\/100\n|move|p1a: Tyranocif|Pursuit|p2a: Zapdos\n|-damage|p2a: Zapdos|40\/100\n|\n|-weather|Sandstorm|[upkeep]\n|-damage|p2a: Zapdos|34\/100|[from] Sandstorm\n|-heal|p2a: Zapdos|40\/100|[from] item: Leftovers\n|upkeep\n|turn|6\n|\n|t:|1666285947\n|move|p2a: Zapdos|Roost|p2a: Zapdos\n|-heal|p2a: Zapdos|90\/100\n|-singleturn|p2a: Zapdos|move: Roost\n|move|p1a: Tyranocif|Crunch|p2a: Zapdos\n|-damage|p2a: Zapdos|38\/100\n|\n|-weather|Sandstorm|[upkeep]\n|-damage|p2a: Zapdos|32\/100|[from] Sandstorm\n|-heal|p2a: Zapdos|38\/100|[from] item: Leftovers\n|upkeep\n|turn|7\n|\n|t:|1666285951\n|move|p2a: Zapdos|Thunderbolt|p1a: Tyranocif\n|-damage|p1a: Tyranocif|34\/100\n|move|p1a: Tyranocif|Crunch|p2a: Zapdos\n|-damage|p2a: Zapdos|0 fnt\n|faint|p2a: Zapdos\n|\n|-weather|Sandstorm|[upkeep]\n|upkeep\n|j| corvere\n|\n|t:|1666285969\n|switch|p2a: Roserade|Roserade, F|100\/100\n|-damage|p2a: Roserade|88\/100|[from] Stealth Rock\n|turn|8\n|\n|t:|1666285988\n|switch|p1a: Airmure|Skarmory, M, shiny|100\/100\n|move|p2a: Roserade|Spikes|p1a: Airmure\n|-sidestart|p1: ayevon|Spikes\n|\n|-weather|Sandstorm|[upkeep]\n|-damage|p2a: Roserade|82\/100|[from] Sandstorm\n|-heal|p2a: Roserade|88\/100|[from] item: Black Sludge\n|upkeep\n|turn|9\n|\n|t:|1666286003\n|switch|p2a: Tyranitar|Tyranitar, M|100\/100\n|-damage|p2a: Tyranitar|88\/100|[from] Stealth Rock\n|move|p1a: Airmure|Brave Bird|p2a: Tyranitar\n|-resisted|p2a: Tyranitar\n|-damage|p2a: Tyranitar|71\/100\n|-damage|p1a: Airmure|95\/100|[from] Recoil\n|\n|-weather|Sandstorm|[upkeep]\n|-heal|p1a: Airmure|100\/100|[from] item: Leftovers\n|upkeep\n|turn|10\n|\n|t:|1666286030\n|move|p2a: Tyranitar|Stealth Rock|p1a: Airmure\n|-sidestart|p1: ayevon|move: Stealth Rock\n|move|p1a: Airmure|Spikes|p2a: Tyranitar\n|-sidestart|p2: poukilapoukou|Spikes\n|\n|-weather|Sandstorm|[upkeep]\n|upkeep\n|turn|11\n|\n|t:|1666286037\n|move|p2a: Tyranitar|Fire Blast|p1a: Airmure\n|-supereffective|p1a: Airmure\n|-damage|p1a: Airmure|15\/100\n|move|p1a: Airmure|Whirlwind|p2a: Tyranitar\n|drag|p2a: Roserade|Roserade, F|88\/100\n|-damage|p2a: Roserade|76\/100|[from] Stealth Rock\n|-damage|p2a: Roserade|63\/100|[from] Spikes\n|\n|-weather|Sandstorm|[upkeep]\n|-damage|p2a: Roserade|57\/100|[from] Sandstorm\n|-heal|p2a: Roserade|63\/100|[from] item: Black Sludge\n|-heal|p1a: Airmure|21\/100|[from] item: Leftovers\n|upkeep\n|turn|12\n|\n|t:|1666286047\n|move|p2a: Roserade|Hidden Power|p1a: Airmure\n|-supereffective|p1a: Airmure\n|-damage|p1a: Airmure|0 fnt\n|faint|p1a: Airmure\n|\n|-weather|Sandstorm|[upkeep]\n|-damage|p2a: Roserade|57\/100|[from] Sandstorm\n|-heal|p2a: Roserade|63\/100|[from] item: Black Sludge\n|upkeep\n|\n|t:|1666286049\n|switch|p1a: Latias|Latias, F, shiny|100\/100\n|-damage|p1a: Latias|88\/100|[from] Stealth Rock\n|turn|13\n|\n|t:|1666286059\n|move|p1a: Latias|Draco Meteor|p2a: Roserade|[miss]\n|-miss|p1a: Latias|p2a: Roserade\n|move|p2a: Roserade|Stun Spore|p1a: Latias\n|-status|p1a: Latias|par\n|\n|-weather|Sandstorm|[upkeep]\n|-damage|p2a: Roserade|57\/100|[from] Sandstorm\n|-damage|p1a: Latias|82\/100 par|[from] Sandstorm\n|-heal|p2a: Roserade|63\/100|[from] item: Black Sludge\n|upkeep\n|turn|14\n|\n|t:|1666286068\n|move|p2a: Roserade|Spikes|p1a: Latias\n|-sidestart|p1: ayevon|Spikes\n|move|p1a: Latias|Draco Meteor|p2a: Roserade\n|-damage|p2a: Roserade|0 fnt\n|-unboost|p1a: Latias|spa|2\n|faint|p2a: Roserade\n|\n|-weather|Sandstorm|[upkeep]\n|-damage|p1a: Latias|76\/100 par|[from] Sandstorm\n|upkeep\n|\n|t:|1666286075\n|switch|p2a: Tyranitar|Tyranitar, M|71\/100\n|-damage|p2a: Tyranitar|59\/100|[from] Stealth Rock\n|-damage|p2a: Tyranitar|47\/100|[from] Spikes\n|turn|15\n|\n|t:|1666286078\n|move|p2a: Tyranitar|Crunch|p1a: Latias\n|-supereffective|p1a: Latias\n|-crit|p1a: Latias\n|-damage|p1a: Latias|0 fnt\n|faint|p1a: Latias\n|\n|-weather|Sandstorm|[upkeep]\n|upkeep\n|\n|t:|1666286080\n|switch|p1a: Chapignon|Breloom, F|100\/100\n|-damage|p1a: Chapignon|84\/100|[from] Spikes\n|-damage|p1a: Chapignon|78\/100|[from] Stealth Rock\n|turn|16\n|\n|t:|1666286085\n|move|p2a: Tyranitar|Ice Beam|p1a: Chapignon\n|-supereffective|p1a: Chapignon\n|-damage|p1a: Chapignon|0 fnt\n|faint|p1a: Chapignon\n|\n|-weather|Sandstorm|[upkeep]\n|upkeep\n|\n|t:|1666286088\n|switch|p1a: Suicune|Suicune, shiny|100\/100\n|-damage|p1a: Suicune|84\/100|[from] Spikes\n|-damage|p1a: Suicune|72\/100|[from] Stealth Rock\n|-ability|p1a: Suicune|Pressure\n|turn|17\n|\n|t:|1666286101\n|move|p2a: Tyranitar|Crunch|p1a: Suicune\n|-damage|p1a: Suicune|49\/100\n|move|p1a: Suicune|Calm Mind|p1a: Suicune\n|-boost|p1a: Suicune|spa|1\n|-boost|p1a: Suicune|spd|1\n|\n|-weather|Sandstorm|[upkeep]\n|-damage|p1a: Suicune|43\/100|[from] Sandstorm\n|-heal|p1a: Suicune|49\/100|[from] item: Leftovers\n|upkeep\n|turn|18\n|\n|t:|1666286125\n|switch|p2a: Starmie|Starmie|100\/100\n|-damage|p2a: Starmie|88\/100|[from] Stealth Rock\n|-damage|p2a: Starmie|75\/100|[from] Spikes\n|move|p1a: Suicune|Rest|p1a: Suicune\n|-status|p1a: Suicune|slp|[from] move: Rest\n|-heal|p1a: Suicune|100\/100 slp|[silent]\n|\n|-weather|Sandstorm|[upkeep]\n|-damage|p2a: Starmie|69\/100|[from] Sandstorm\n|-damage|p1a: Suicune|94\/100 slp|[from] Sandstorm\n|-heal|p2a: Starmie|75\/100|[from] item: Leftovers\n|-heal|p1a: Suicune|100\/100 slp|[from] item: Leftovers\n|upkeep\n|turn|19\n|\n|t:|1666286133\n|move|p2a: Starmie|Rapid Spin|p1a: Suicune\n|-damage|p1a: Suicune|99\/100 slp\n|-sideend|p2: poukilapoukou|Spikes|[from] move: Rapid Spin|[of] p2a: Starmie\n|-sideend|p2: poukilapoukou|Stealth Rock|[from] move: Rapid Spin|[of] p2a: Starmie\n|cant|p1a: Suicune|slp\n|move|p1a: Suicune|Sleep Talk|p1a: Suicune\n|move|p1a: Suicune|Calm Mind|p1a: Suicune|[from]move: Sleep Talk\n|-boost|p1a: Suicune|spa|1\n|-boost|p1a: Suicune|spd|1\n|\n|-weather|Sandstorm|[upkeep]\n|-damage|p2a: Starmie|69\/100|[from] Sandstorm\n|-damage|p1a: Suicune|93\/100 slp|[from] Sandstorm\n|-heal|p2a: Starmie|75\/100|[from] item: Leftovers\n|-heal|p1a: Suicune|99\/100 slp|[from] item: Leftovers\n|upkeep\n|turn|20\n|\n|t:|1666286136\n|switch|p2a: Snorlax|Snorlax, M|100\/100\n|cant|p1a: Suicune|slp\n|move|p1a: Suicune|Sleep Talk|p1a: Suicune\n|move|p1a: Suicune|Surf|p2a: Snorlax|[from]move: Sleep Talk\n|-damage|p2a: Snorlax|64\/100\n|\n|-weather|Sandstorm|[upkeep]\n|-damage|p1a: Suicune|93\/100 slp|[from] Sandstorm\n|-damage|p2a: Snorlax|58\/100|[from] Sandstorm\n|-heal|p1a: Suicune|99\/100 slp|[from] item: Leftovers\n|-heal|p2a: Snorlax|64\/100|[from] item: Leftovers\n|upkeep\n|turn|21\n|\n|t:|1666286145\n|-curestatus|p1a: Suicune|slp|[msg]\n|move|p1a: Suicune|Surf|p2a: Snorlax\n|-crit|p2a: Snorlax\n|-damage|p2a: Snorlax|0 fnt\n|faint|p2a: Snorlax\n|\n|-weather|Sandstorm|[upkeep]\n|-damage|p1a: Suicune|93\/100|[from] Sandstorm\n|-heal|p1a: Suicune|99\/100|[from] item: Leftovers\n|upkeep\n|\n|t:|1666286156\n|switch|p2a: Gyarados|Gyarados, M|100\/100\n|-ability|p2a: Gyarados|Intimidate|boost\n|-unboost|p1a: Suicune|atk|1\n|turn|22\n|\n|t:|1666286162\n|move|p2a: Gyarados|Earthquake|p1a: Suicune\n|-damage|p1a: Suicune|71\/100\n|move|p1a: Suicune|Surf|p2a: Gyarados\n|-resisted|p2a: Gyarados\n|-damage|p2a: Gyarados|72\/100\n|\n|-weather|Sandstorm|[upkeep]\n|-damage|p2a: Gyarados|66\/100|[from] Sandstorm\n|-damage|p1a: Suicune|64\/100|[from] Sandstorm\n|-heal|p1a: Suicune|71\/100|[from] item: Leftovers\n|upkeep\n|turn|23\n|\n|t:|1666286166\n|move|p2a: Gyarados|Earthquake|p1a: Suicune\n|-damage|p1a: Suicune|44\/100\n|move|p1a: Suicune|Surf|p2a: Gyarados\n|-resisted|p2a: Gyarados\n|-damage|p2a: Gyarados|37\/100\n|\n|-weather|Sandstorm|[upkeep]\n|-damage|p2a: Gyarados|31\/100|[from] Sandstorm\n|-damage|p1a: Suicune|38\/100|[from] Sandstorm\n|-heal|p1a: Suicune|44\/100|[from] item: Leftovers\n|upkeep\n|turn|24\n|\n|t:|1666286170\n|move|p2a: Gyarados|Earthquake|p1a: Suicune\n|-damage|p1a: Suicune|14\/100\n|move|p1a: Suicune|Rest|p1a: Suicune\n|-status|p1a: Suicune|slp|[from] move: Rest\n|-heal|p1a: Suicune|100\/100 slp|[silent]\n|\n|-weather|Sandstorm|[upkeep]\n|-damage|p2a: Gyarados|25\/100|[from] Sandstorm\n|-damage|p1a: Suicune|94\/100 slp|[from] Sandstorm\n|-heal|p1a: Suicune|100\/100 slp|[from] item: Leftovers\n|upkeep\n|turn|25\n|\n|t:|1666286172\n|move|p2a: Gyarados|Earthquake|p1a: Suicune\n|-damage|p1a: Suicune|71\/100 slp\n|cant|p1a: Suicune|slp\n|move|p1a: Suicune|Sleep Talk|p1a: Suicune\n|move|p1a: Suicune|Rest||[from]move: Sleep Talk|[still]\n|-fail|p1a: Suicune\n|\n|-weather|Sandstorm|[upkeep]\n|-damage|p2a: Gyarados|19\/100|[from] Sandstorm\n|-damage|p1a: Suicune|65\/100 slp|[from] Sandstorm\n|-heal|p1a: Suicune|71\/100 slp|[from] item: Leftovers\n|upkeep\n|turn|26\n|\n|t:|1666286177\n|move|p2a: Gyarados|Earthquake|p1a: Suicune\n|-crit|p1a: Suicune\n|-damage|p1a: Suicune|12\/100 slp\n|cant|p1a: Suicune|slp\n|\n|-weather|Sandstorm|[upkeep]\n|-damage|p2a: Gyarados|13\/100|[from] Sandstorm\n|-damage|p1a: Suicune|6\/100 slp|[from] Sandstorm\n|-heal|p1a: Suicune|12\/100 slp|[from] item: Leftovers\n|upkeep\n|turn|27\n|\n|t:|1666286181\n|move|p2a: Gyarados|Earthquake|p1a: Suicune\n|-damage|p1a: Suicune|0 fnt\n|faint|p1a: Suicune\n|\n|-weather|Sandstorm|[upkeep]\n|-damage|p2a: Gyarados|7\/100|[from] Sandstorm\n|upkeep\n|-message|ayevon forfeited.\n|\n|win|poukilapoukou\n|n|\u2606ayevon|ayevon\n|n|\u2606poukilapoukou|poukilapoukou\n|n| the chadicus|thechadicus\n|n| corvere|corvere\n|l|\u2606ayevon\n|l|\u2606poukilapoukou\n|l| corvere\n|j|\u2606poukilapoukou\n|player|p2|poukilapoukou|lucas\n","uploadtime":1666286686,"views":10,"p1id":"ayevon","p2id":"poukilapoukou","formatid":"gen4ou","rating":0,"private":0,"password":null}