{"id":"gen4ou-1303216065","p1":"Chickpiee","p2":"devwin","format":"gen4ou","log":"|j|\u2606Chickpiee\n|j|\u2606devwin\n|t:|1615983848\n|player|p1|Chickpiee|caitlin|\n|player|p2|devwin|proton|\n|teamsize|p1|6\n|teamsize|p2|6\n|gametype|singles\n|gen|4\n|tier|[Gen 4] OU\n|rated|Tournament battle\n|rule|Sleep Clause Mod: Limit one foe put to sleep\n|rule|Species Clause: Limit one of each Pok\u00e9mon\n|rule|OHKO Clause: OHKO moves are banned\n|rule|Evasion Moves Clause: Evasion moves are banned\n|rule|Endless Battle Clause: Forcing endless battles is banned\n|rule|HP Percentage Mod: HP is shown in percentages\n|\n|t:|1615983848\n|start\n|switch|p1a: Jirachi|Jirachi|100\/100\n|switch|p2a: Metagross|Metagross|100\/100\n|turn|1\n|j|*Lady Monita\n|j| Antiotaku Master\n|j| sananaskanana (\n|j|%Perish Song\n|j| RoyalReloaded\n|inactive|Battle timer is ON: inactive players will automatically lose when time's up. (requested by Chickpiee)\n|l| RoyalReloaded\n|j| poojit0905\n|\n|t:|1615983863\n|move|p1a: Jirachi|Body Slam|p2a: Metagross\n|-resisted|p2a: Metagross\n|-damage|p2a: Metagross|91\/100\n|move|p2a: Metagross|Stealth Rock|p1a: Jirachi\n|-sidestart|p1: Chickpiee|move: Stealth Rock\n|\n|upkeep\n|turn|2\n|\n|t:|1615983876\n|switch|p2a: Rotom|Rotom-Heat|100\/100\n|move|p1a: Jirachi|Stealth Rock|p2a: Rotom\n|-sidestart|p2: devwin|move: Stealth Rock\n|\n|upkeep\n|turn|3\n|\n|t:|1615983884\n|switch|p2a: Machamp|Machamp, F|100\/100\n|-damage|p2a: Machamp|94\/100|[from] Stealth Rock\n|move|p1a: Jirachi|U-turn|p2a: Machamp\n|-resisted|p2a: Machamp\n|-damage|p2a: Machamp|83\/100\n|l| sananaskanana (\n|j| BobTh3p1kAChu\n|inactive|Chickpiee has 120 seconds left.\n|j|+lotiasite\n|\n|t:|1615983931\n|switch|p1a: Lucario|Lucario, F|100\/100|[from]move: U-turn\n|-damage|p1a: Lucario|98\/100|[from] Stealth Rock\n|\n|upkeep\n|turn|4\n|j| PokeArt2004\u2764\n|\n|t:|1615983952\n|move|p1a: Lucario|Close Combat|p2a: Machamp\n|-damage|p2a: Machamp|0 fnt\n|-unboost|p1a: Lucario|def|1\n|-unboost|p1a: Lucario|spd|1\n|-damage|p1a: Lucario|88\/100|[from] item: Life Orb\n|faint|p2a: Machamp\n|\n|upkeep\n|\n|t:|1615983961\n|switch|p2a: Latias|Latias, F|100\/100\n|-damage|p2a: Latias|88\/100|[from] Stealth Rock\n|turn|5\n|\n|t:|1615983965\n|switch|p1a: Jirachi|Jirachi|100\/100\n|-damage|p1a: Jirachi|94\/100|[from] Stealth Rock\n|move|p2a: Latias|Surf|p1a: Jirachi\n|-damage|p1a: Jirachi|53\/100\n|\n|upkeep\n|turn|6\n|\n|t:|1615983969\n|move|p2a: Latias|Surf|p1a: Jirachi\n|-damage|p1a: Jirachi|10\/100\n|move|p1a: Jirachi|U-turn|p2a: Latias\n|-supereffective|p2a: Latias\n|-damage|p2a: Latias|33\/100\n|\n|t:|1615983983\n|switch|p1a: Kingdra|Kingdra, F|100\/100|[from]move: U-turn\n|-damage|p1a: Kingdra|88\/100|[from] Stealth Rock\n|\n|upkeep\n|turn|7\n|\n|t:|1615983990\n|switch|p2a: Starmie|Starmie|100\/100\n|-damage|p2a: Starmie|88\/100|[from] Stealth Rock\n|move|p1a: Kingdra|Hydro Pump|p2a: Starmie\n|-resisted|p2a: Starmie\n|-damage|p2a: Starmie|50\/100\n|\n|-heal|p2a: Starmie|56\/100|[from] item: Leftovers\n|upkeep\n|turn|8\n|j| Rahul_3301\n|l| Rahul_3301\n|\n|t:|1615984001\n|switch|p1a: Abomasnow|Abomasnow, M|100\/100\n|-damage|p1a: Abomasnow|76\/100|[from] Stealth Rock\n|-weather|Hail|[from] ability: Snow Warning|[of] p1a: Abomasnow\n|move|p2a: Starmie|Rapid Spin|p1a: Abomasnow\n|-damage|p1a: Abomasnow|71\/100\n|-sideend|p2: devwin|Stealth Rock|[from] move: Rapid Spin|[of] p2a: Starmie\n|\n|-weather|Hail|[upkeep]\n|-damage|p2a: Starmie|50\/100|[from] Hail\n|-heal|p2a: Starmie|56\/100|[from] item: Leftovers\n|upkeep\n|turn|9\n|j| GafaBlues\n|\n|t:|1615984018\n|switch|p2a: Metagross|Metagross|91\/100\n|move|p1a: Abomasnow|Earthquake|p2a: Metagross\n|-supereffective|p2a: Metagross\n|-damage|p2a: Metagross|43\/100\n|\n|-weather|Hail|[upkeep]\n|-damage|p2a: Metagross|37\/100|[from] Hail\n|upkeep\n|turn|10\n|j| Dragon246\n|\n|t:|1615984029\n|switch|p1a: Jirachi|Jirachi|10\/100\n|-damage|p1a: Jirachi|4\/100|[from] Stealth Rock\n|move|p2a: Metagross|Meteor Mash|p1a: Jirachi|[miss]\n|-miss|p2a: Metagross|p1a: Jirachi\n|\n|-weather|Hail|[upkeep]\n|-damage|p1a: Jirachi|0 fnt|[from] Hail\n|-damage|p2a: Metagross|30\/100|[from] Hail\n|faint|p1a: Jirachi\n|upkeep\n|l| GafaBlues\n|\n|t:|1615984038\n|switch|p1a: Kingdra|Kingdra, F|88\/100\n|-damage|p1a: Kingdra|76\/100|[from] Stealth Rock\n|turn|11\n|j|@Saba1111\n|\n|t:|1615984051\n|switch|p2a: Starmie|Starmie|56\/100\n|move|p1a: Kingdra|Hydro Pump|p2a: Starmie|[miss]\n|-miss|p1a: Kingdra|p2a: Starmie\n|\n|-weather|Hail|[upkeep]\n|-damage|p1a: Kingdra|70\/100|[from] Hail\n|-damage|p2a: Starmie|50\/100|[from] Hail\n|-heal|p2a: Starmie|56\/100|[from] item: Leftovers\n|upkeep\n|turn|12\n|\n|t:|1615984057\n|switch|p1a: Tyranitar|Tyranitar, M|100\/100\n|-damage|p1a: Tyranitar|88\/100|[from] Stealth Rock\n|-weather|Sandstorm|[from] ability: Sand Stream|[of] p1a: Tyranitar\n|move|p2a: Starmie|Ice Beam|p1a: Tyranitar\n|-crit|p1a: Tyranitar\n|-damage|p1a: Tyranitar|52\/100\n|\n|-weather|Sandstorm|[upkeep]\n|-damage|p2a: Starmie|50\/100|[from] Sandstorm\n|-heal|p2a: Starmie|56\/100|[from] item: Leftovers\n|upkeep\n|turn|13\n|\n|t:|1615984069\n|move|p2a: Starmie|Hydro Pump|p1a: Tyranitar\n|-supereffective|p1a: Tyranitar\n|-damage|p1a: Tyranitar|0 fnt\n|faint|p1a: Tyranitar\n|\n|-weather|Sandstorm|[upkeep]\n|-damage|p2a: Starmie|50\/100|[from] Sandstorm\n|-heal|p2a: Starmie|56\/100|[from] item: Leftovers\n|upkeep\n|\n|t:|1615984077\n|switch|p1a: Abomasnow|Abomasnow, M|71\/100\n|-damage|p1a: Abomasnow|46\/100|[from] Stealth Rock\n|-weather|Hail|[from] ability: Snow Warning|[of] p1a: Abomasnow\n|turn|14\n|l| poojit0905\n|\n|t:|1615984089\n|switch|p2a: Metagross|Metagross|30\/100\n|move|p1a: Abomasnow|Wood Hammer|p2a: Metagross\n|-resisted|p2a: Metagross\n|-damage|p2a: Metagross|6\/100\n|-damage|p1a: Abomasnow|38\/100|[from] Recoil\n|\n|-weather|Hail|[upkeep]\n|-damage|p2a: Metagross|0 fnt|[from] Hail\n|faint|p2a: Metagross\n|upkeep\n|\n|t:|1615984104\n|switch|p2a: Rotom|Rotom-Heat|100\/100\n|turn|15\n|\n|t:|1615984109\n|move|p1a: Abomasnow|Ice Shard|p2a: Rotom\n|-damage|p2a: Rotom|77\/100\n|move|p2a: Rotom|Overheat|p1a: Abomasnow\n|-supereffective|p1a: Abomasnow\n|-enditem|p1a: Abomasnow|Occa Berry|[eat]\n|-enditem|p1a: Abomasnow|Occa Berry|[weaken]\n|-damage|p1a: Abomasnow|0 fnt\n|-unboost|p2a: Rotom|spa|2\n|faint|p1a: Abomasnow\n|\n|-weather|Hail|[upkeep]\n|-damage|p2a: Rotom|71\/100|[from] Hail\n|upkeep\n|\n|t:|1615984119\n|switch|p1a: Kingdra|Kingdra, F|70\/100\n|-damage|p1a: Kingdra|57\/100|[from] Stealth Rock\n|turn|16\n|\n|t:|1615984125\n|switch|p2a: Starmie|Starmie|56\/100\n|move|p1a: Kingdra|Hydro Pump|p2a: Starmie|[miss]\n|-miss|p1a: Kingdra|p2a: Starmie\n|\n|-weather|Hail|[upkeep]\n|-damage|p1a: Kingdra|51\/100|[from] Hail\n|-damage|p2a: Starmie|50\/100|[from] Hail\n|-heal|p2a: Starmie|56\/100|[from] item: Leftovers\n|upkeep\n|turn|17\n|\n|t:|1615984133\n|move|p1a: Kingdra|Hydro Pump|p2a: Starmie\n|-resisted|p2a: Starmie\n|-damage|p2a: Starmie|20\/100\n|move|p2a: Starmie|Ice Beam|p1a: Kingdra\n|-damage|p1a: Kingdra|20\/100\n|-status|p1a: Kingdra|frz\n|\n|-weather|Hail|[upkeep]\n|-damage|p1a: Kingdra|14\/100 frz|[from] Hail\n|-damage|p2a: Starmie|14\/100|[from] Hail\n|-heal|p2a: Starmie|20\/100|[from] item: Leftovers\n|upkeep\n|turn|18\n|j| Toyota AE86 Trueno\n|c|\u2606Chickpiee|ok, this is beyond my skill\n|-message|Chickpiee forfeited.\n|\n|win|devwin\n|n|\u2606Chickpiee|chickpiee\n|n|\u2606devwin|devwin\n|n|*Lady Monita|ladymonita\n|n| Antiotaku Master|antiotakumaster\n|n|%Perish Song|perishsong\n|n| BobTh3p1kAChu|bobth3p1kachu\n|n|+lotiasite|lotiasite\n|n| PokeArt2004\u2764|pokeart2004\n|n| Dragon246|dragon246\n|n| Saba1111|saba1111\n|n| Toyota AE86 Trueno|toyotaae86trueno\n","uploadtime":1615984148,"views":50,"p1id":"chickpiee","p2id":"devwin","formatid":"gen4ou","rating":0,"private":0,"password":null}