{"id":"gen4ou-1090643413","p1":"big boss 447","p2":"Diet Dr. Chepper","format":"gen4ou","log":"|j|\u2606big boss 447\n|j|\u2606Diet Dr. Chepper\n|player|p1|big boss 447|169|1394\n|player|p2|Diet Dr. Chepper|hilbert|1304\n|teamsize|p1|6\n|teamsize|p2|6\n|gametype|singles\n|gen|4\n|tier|[Gen 4] OU\n|rated|\n|rule|Sleep Clause Mod: Limit one foe put to sleep\n|rule|Species Clause: Limit one of each Pok\u00e9mon\n|rule|OHKO Clause: OHKO moves are banned\n|rule|Evasion Moves Clause: Evasion moves are banned\n|rule|Endless Battle Clause: Forcing endless battles is banned\n|rule|HP Percentage Mod: HP is shown in percentages\n|rule|Baton Pass Clause: Limit one Baton Passer, can't pass Spe and other stats simultaneously\n|\n|start\n|switch|p1a: Metagross|Metagross|100\/100\n|switch|p2a: Nidoqueen|Nidoqueen, F|100\/100\n|turn|1\n|\n|move|p1a: Metagross|Earthquake|p2a: Nidoqueen\n|-supereffective|p2a: Nidoqueen\n|-damage|p2a: Nidoqueen|42\/100\n|move|p2a: Nidoqueen|Toxic Spikes|p1a: Metagross\n|-sidestart|p1: big boss 447|move: Toxic Spikes\n|\n|-heal|p2a: Nidoqueen|48\/100|[from] item: Leftovers\n|upkeep\n|turn|2\n|\n|move|p2a: Nidoqueen|Protect|p2a: Nidoqueen\n|-singleturn|p2a: Nidoqueen|Protect\n|move|p1a: Metagross|Meteor Mash|p2a: Nidoqueen\n|-activate|p2a: Nidoqueen|Protect\n|\n|-heal|p2a: Nidoqueen|55\/100|[from] item: Leftovers\n|upkeep\n|turn|3\n|\n|switch|p2a: Rotom|Rotom-Wash|100\/100\n|move|p1a: Metagross|Earthquake|p2a: Rotom\n|-immune|p2a: Rotom|[from] ability: Levitate\n|\n|upkeep\n|turn|4\n|\n|switch|p1a: Blissey|Blissey, F|100\/100\n|-status|p1a: Blissey|psn\n|move|p2a: Rotom|Will-O-Wisp|p1a: Blissey|[miss]\n|-miss|p2a: Rotom|p1a: Blissey\n|\n|-damage|p1a: Blissey|88\/100 psn|[from] psn\n|upkeep\n|turn|5\n|\n|switch|p2a: Skarmory|Skarmory, F|100\/100\n|move|p1a: Blissey|Stealth Rock|p2a: Skarmory\n|-sidestart|p2: Diet Dr. Chepper|move: Stealth Rock\n|\n|-heal|p1a: Blissey|94\/100 psn|[from] item: Leftovers\n|-damage|p1a: Blissey|82\/100 psn|[from] psn\n|upkeep\n|turn|6\n|\n|-curestatus|p1a: Blissey|psn|[from] ability: Natural Cure\n|switch|p1a: Magnezone|Magnezone|100\/100\n|move|p2a: Skarmory|Spikes|p1a: Magnezone\n|-sidestart|p1: big boss 447|Spikes\n|\n|upkeep\n|turn|7\n|\n|switch|p2a: Nidoqueen|Nidoqueen, F|55\/100\n|-damage|p2a: Nidoqueen|48\/100|[from] Stealth Rock\n|move|p1a: Magnezone|Thunderbolt|p2a: Nidoqueen\n|-immune|p2a: Nidoqueen\n|\n|-heal|p2a: Nidoqueen|55\/100|[from] item: Leftovers\n|upkeep\n|turn|8\n|\n|switch|p1a: Metagross|Metagross|100\/100\n|-damage|p1a: Metagross|88\/100|[from] Spikes\n|move|p2a: Nidoqueen|Earthquake|p1a: Metagross\n|-supereffective|p1a: Metagross\n|-damage|p1a: Metagross|36\/100\n|\n|-heal|p2a: Nidoqueen|61\/100|[from] item: Leftovers\n|upkeep\n|turn|9\n|\n|move|p2a: Nidoqueen|Protect|p2a: Nidoqueen\n|-singleturn|p2a: Nidoqueen|Protect\n|move|p1a: Metagross|Earthquake|p2a: Nidoqueen\n|-activate|p2a: Nidoqueen|Protect\n|\n|-heal|p2a: Nidoqueen|67\/100|[from] item: Leftovers\n|upkeep\n|turn|10\n|\n|switch|p1a: Tyranitar|Tyranitar, M|100\/100\n|-damage|p1a: Tyranitar|88\/100|[from] Spikes\n|-status|p1a: Tyranitar|psn\n|-weather|Sandstorm|[from] ability: Sand Stream|[of] p1a: Tyranitar\n|switch|p2a: Rotom|Rotom-Wash|100\/100\n|-damage|p2a: Rotom|88\/100|[from] Stealth Rock\n|\n|-weather|Sandstorm|[upkeep]\n|-damage|p2a: Rotom|82\/100|[from] Sandstorm\n|-heal|p2a: Rotom|88\/100|[from] item: Leftovers\n|-damage|p1a: Tyranitar|76\/100 psn|[from] psn\n|upkeep\n|turn|11\n|\n|-activate|p2a: Rotom|move: Pursuit\n|move|p1a: Tyranitar|Pursuit|p2a: Rotom|[from]Pursuit\n|-supereffective|p2a: Rotom\n|-damage|p2a: Rotom|0 fnt\n|-hint|Previously chosen switches continue in Gen 2-4 after a Pursuit target faints.\n|faint|p2a: Rotom\n|switch|p2a: Nidoqueen|Nidoqueen, F|67\/100\n|-damage|p2a: Nidoqueen|61\/100|[from] Stealth Rock\n|\n|-weather|Sandstorm|[upkeep]\n|-heal|p2a: Nidoqueen|67\/100|[from] item: Leftovers\n|-damage|p1a: Tyranitar|64\/100 psn|[from] psn\n|upkeep\n|turn|12\n|\n|switch|p1a: Latias|Latias, F|100\/100\n|move|p2a: Nidoqueen|Ice Beam|p1a: Latias\n|-supereffective|p1a: Latias\n|-damage|p1a: Latias|68\/100\n|\n|-weather|Sandstorm|[upkeep]\n|-damage|p1a: Latias|62\/100|[from] Sandstorm\n|-heal|p2a: Nidoqueen|73\/100|[from] item: Leftovers\n|upkeep\n|turn|13\n|\n|move|p2a: Nidoqueen|Protect|p2a: Nidoqueen\n|-singleturn|p2a: Nidoqueen|Protect\n|move|p1a: Latias|Surf|p2a: Nidoqueen\n|-activate|p2a: Nidoqueen|Protect\n|\n|-weather|Sandstorm|[upkeep]\n|-damage|p1a: Latias|56\/100|[from] Sandstorm\n|-heal|p2a: Nidoqueen|80\/100|[from] item: Leftovers\n|upkeep\n|turn|14\n|\n|switch|p2a: Clefable|Clefable, M|100\/100\n|move|p1a: Latias|Surf|p2a: Clefable\n|-damage|p2a: Clefable|68\/100\n|\n|-weather|Sandstorm|[upkeep]\n|-damage|p1a: Latias|50\/100|[from] Sandstorm\n|-heal|p2a: Clefable|74\/100|[from] item: Leftovers\n|upkeep\n|turn|15\n|\n|switch|p1a: Blissey|Blissey, F|82\/100\n|-status|p1a: Blissey|psn\n|-damage|p1a: Blissey|69\/100 psn|[from] Spikes\n|move|p2a: Clefable|Ice Beam|p1a: Blissey\n|-damage|p1a: Blissey|62\/100 psn\n|\n|-weather|Sandstorm|[upkeep]\n|-damage|p1a: Blissey|56\/100 psn|[from] Sandstorm\n|-heal|p2a: Clefable|80\/100|[from] item: Leftovers\n|-heal|p1a: Blissey|62\/100 psn|[from] item: Leftovers\n|-damage|p1a: Blissey|50\/100 psn|[from] psn\n|upkeep\n|turn|16\n|\n|switch|p2a: Nidoqueen|Nidoqueen, F|80\/100\n|-damage|p2a: Nidoqueen|73\/100|[from] Stealth Rock\n|move|p1a: Blissey|Soft-Boiled|p1a: Blissey\n|-heal|p1a: Blissey|99\/100 psn\n|\n|-weather|Sandstorm|[upkeep]\n|-damage|p1a: Blissey|94\/100 psn|[from] Sandstorm\n|-heal|p2a: Nidoqueen|80\/100|[from] item: Leftovers\n|-heal|p1a: Blissey|99\/100 psn|[from] item: Leftovers\n|-damage|p1a: Blissey|87\/100 psn|[from] psn\n|upkeep\n|turn|17\n|\n|move|p2a: Nidoqueen|Toxic Spikes|p1a: Blissey\n|-sidestart|p1: big boss 447|move: Toxic Spikes\n|move|p1a: Blissey|Seismic Toss|p2a: Nidoqueen\n|-damage|p2a: Nidoqueen|54\/100\n|\n|-weather|Sandstorm|[upkeep]\n|-damage|p1a: Blissey|81\/100 psn|[from] Sandstorm\n|-heal|p2a: Nidoqueen|60\/100|[from] item: Leftovers\n|-heal|p1a: Blissey|87\/100 psn|[from] item: Leftovers\n|-damage|p1a: Blissey|75\/100 psn|[from] psn\n|upkeep\n|turn|18\n|\n|move|p2a: Nidoqueen|Earthquake|p1a: Blissey\n|-damage|p1a: Blissey|50\/100 psn\n|move|p1a: Blissey|Seismic Toss|p2a: Nidoqueen\n|-damage|p2a: Nidoqueen|34\/100\n|\n|-weather|Sandstorm|[upkeep]\n|-damage|p1a: Blissey|43\/100 psn|[from] Sandstorm\n|-heal|p2a: Nidoqueen|40\/100|[from] item: Leftovers\n|-heal|p1a: Blissey|50\/100 psn|[from] item: Leftovers\n|-damage|p1a: Blissey|37\/100 psn|[from] psn\n|upkeep\n|turn|19\n|\n|move|p2a: Nidoqueen|Earthquake|p1a: Blissey\n|-damage|p1a: Blissey|12\/100 psn\n|move|p1a: Blissey|Soft-Boiled|p1a: Blissey\n|-heal|p1a: Blissey|62\/100 psn\n|\n|-weather|Sandstorm|[upkeep]\n|-damage|p1a: Blissey|56\/100 psn|[from] Sandstorm\n|-heal|p2a: Nidoqueen|46\/100|[from] item: Leftovers\n|-heal|p1a: Blissey|62\/100 psn|[from] item: Leftovers\n|-damage|p1a: Blissey|50\/100 psn|[from] psn\n|upkeep\n|turn|20\n|\n|-curestatus|p1a: Blissey|psn|[from] ability: Natural Cure\n|switch|p1a: Latias|Latias, F|50\/100\n|move|p2a: Nidoqueen|Earthquake|p1a: Latias\n|-immune|p1a: Latias|[from] ability: Levitate\n|\n|-weather|Sandstorm|[upkeep]\n|-damage|p1a: Latias|44\/100|[from] Sandstorm\n|-heal|p2a: Nidoqueen|53\/100|[from] item: Leftovers\n|upkeep\n|turn|21\n|\n|move|p2a: Nidoqueen|Protect|p2a: Nidoqueen\n|-singleturn|p2a: Nidoqueen|Protect\n|move|p1a: Latias|Draco Meteor|p2a: Nidoqueen\n|-activate|p2a: Nidoqueen|Protect\n|\n|-weather|Sandstorm|[upkeep]\n|-damage|p1a: Latias|38\/100|[from] Sandstorm\n|-heal|p2a: Nidoqueen|59\/100|[from] item: Leftovers\n|upkeep\n|turn|22\n|\n|switch|p2a: Heatran|Heatran, M|100\/100\n|-damage|p2a: Heatran|88\/100|[from] Stealth Rock\n|move|p1a: Latias|Draco Meteor|p2a: Heatran\n|-resisted|p2a: Heatran\n|-damage|p2a: Heatran|56\/100\n|-unboost|p1a: Latias|spa|2\n|\n|-weather|Sandstorm|[upkeep]\n|-damage|p1a: Latias|32\/100|[from] Sandstorm\n|-heal|p2a: Heatran|63\/100|[from] item: Leftovers\n|upkeep\n|turn|23\n|\n|switch|p1a: Tyranitar|Tyranitar, M|64\/100 psn\n|-damage|p1a: Tyranitar|51\/100 psn|[from] Spikes\n|move|p2a: Heatran|Lava Plume|p1a: Tyranitar\n|-resisted|p1a: Tyranitar\n|-damage|p1a: Tyranitar|40\/100 psn\n|\n|-weather|Sandstorm|[upkeep]\n|-heal|p2a: Heatran|69\/100|[from] item: Leftovers\n|-damage|p1a: Tyranitar|28\/100 psn|[from] psn\n|upkeep\n|turn|24\n|\n|move|p2a: Heatran|Protect|p2a: Heatran\n|-singleturn|p2a: Heatran|Protect\n|move|p1a: Tyranitar|Stone Edge|p2a: Heatran\n|-activate|p2a: Heatran|Protect\n|\n|-weather|Sandstorm|[upkeep]\n|-heal|p2a: Heatran|75\/100|[from] item: Leftovers\n|-damage|p1a: Tyranitar|15\/100 psn|[from] psn\n|upkeep\n|turn|25\n|\n|switch|p2a: Nidoqueen|Nidoqueen, F|59\/100\n|-damage|p2a: Nidoqueen|53\/100|[from] Stealth Rock\n|move|p1a: Tyranitar|Stone Edge|p2a: Nidoqueen\n|-resisted|p2a: Nidoqueen\n|-damage|p2a: Nidoqueen|22\/100\n|\n|-weather|Sandstorm|[upkeep]\n|-heal|p2a: Nidoqueen|29\/100|[from] item: Leftovers\n|-damage|p1a: Tyranitar|3\/100 psn|[from] psn\n|upkeep\n|turn|26\n|\n|move|p1a: Tyranitar|Stone Edge|p2a: Nidoqueen|[miss]\n|-miss|p1a: Tyranitar|p2a: Nidoqueen\n|move|p2a: Nidoqueen|Ice Beam|p1a: Tyranitar\n|-damage|p1a: Tyranitar|0 fnt\n|faint|p1a: Tyranitar\n|\n|-weather|Sandstorm|[upkeep]\n|-heal|p2a: Nidoqueen|35\/100|[from] item: Leftovers\n|upkeep\n|\n|switch|p1a: Metagross|Metagross|36\/100\n|-damage|p1a: Metagross|24\/100|[from] Spikes\n|turn|27\n|\n|move|p2a: Nidoqueen|Protect|p2a: Nidoqueen\n|-singleturn|p2a: Nidoqueen|Protect\n|move|p1a: Metagross|Earthquake|p2a: Nidoqueen\n|-activate|p2a: Nidoqueen|Protect\n|\n|-weather|Sandstorm|[upkeep]\n|-heal|p2a: Nidoqueen|41\/100|[from] item: Leftovers\n|upkeep\n|turn|28\n|\n|switch|p2a: Heatran|Heatran, M|75\/100\n|-damage|p2a: Heatran|63\/100|[from] Stealth Rock\n|move|p1a: Metagross|Earthquake|p2a: Heatran\n|-supereffective|p2a: Heatran\n|-damage|p2a: Heatran|0 fnt\n|faint|p2a: Heatran\n|\n|-weather|Sandstorm|[upkeep]\n|upkeep\n|\n|switch|p2a: Skarmory|Skarmory, F|100\/100\n|-damage|p2a: Skarmory|88\/100|[from] Stealth Rock\n|turn|29\n|\n|move|p1a: Metagross|Bullet Punch|p2a: Skarmory\n|-resisted|p2a: Skarmory\n|-damage|p2a: Skarmory|81\/100\n|move|p2a: Skarmory|Roar|p1a: Metagross\n|drag|p1a: Dragonite|Dragonite, M|100\/100\n|\n|-weather|Sandstorm|[upkeep]\n|-damage|p1a: Dragonite|94\/100|[from] Sandstorm\n|upkeep\n|turn|30\n|\n|switch|p1a: Magnezone|Magnezone|100\/100\n|-damage|p1a: Magnezone|88\/100|[from] Spikes\n|move|p2a: Skarmory|Spikes|p1a: Magnezone\n|-sidestart|p1: big boss 447|Spikes\n|\n|-weather|Sandstorm|[upkeep]\n|upkeep\n|turn|31\n|\n|switch|p2a: Clefable|Clefable, M|80\/100\n|move|p1a: Magnezone|Flash Cannon|p2a: Clefable\n|-damage|p2a: Clefable|47\/100\n|\n|-weather|Sandstorm|[upkeep]\n|-heal|p2a: Clefable|54\/100|[from] item: Leftovers\n|upkeep\n|turn|32\n|\n|switch|p1a: Blissey|Blissey, F|50\/100\n|-status|p1a: Blissey|tox\n|-damage|p1a: Blissey|33\/100 tox|[from] Spikes\n|move|p2a: Clefable|Calm Mind|p2a: Clefable\n|-boost|p2a: Clefable|spa|1\n|-boost|p2a: Clefable|spd|1\n|\n|-weather|Sandstorm|[upkeep]\n|-damage|p1a: Blissey|27\/100 tox|[from] Sandstorm\n|-heal|p2a: Clefable|60\/100|[from] item: Leftovers\n|-heal|p1a: Blissey|33\/100 tox|[from] item: Leftovers\n|-damage|p1a: Blissey|27\/100 tox|[from] psn\n|upkeep\n|turn|33\n|\n|move|p2a: Clefable|Ice Beam|p1a: Blissey\n|-damage|p1a: Blissey|16\/100 tox\n|move|p1a: Blissey|Thunder Wave|p2a: Clefable\n|-status|p2a: Clefable|par\n|\n|-weather|Sandstorm|[upkeep]\n|-damage|p1a: Blissey|10\/100 tox|[from] Sandstorm\n|-heal|p1a: Blissey|16\/100 tox|[from] item: Leftovers\n|-heal|p2a: Clefable|66\/100 par|[from] item: Leftovers\n|-damage|p1a: Blissey|4\/100 tox|[from] psn\n|upkeep\n|turn|34\n|\n|move|p1a: Blissey|Seismic Toss|p2a: Clefable\n|-damage|p2a: Clefable|40\/100 par\n|move|p2a: Clefable|Soft-Boiled|p2a: Clefable\n|-heal|p2a: Clefable|90\/100 par\n|\n|-weather|Sandstorm|[upkeep]\n|-damage|p1a: Blissey|0 fnt|[from] Sandstorm\n|faint|p1a: Blissey\n|-heal|p2a: Clefable|96\/100 par|[from] item: Leftovers\n|upkeep\n|\n|switch|p1a: Magnezone|Magnezone|88\/100\n|-damage|p1a: Magnezone|72\/100|[from] Spikes\n|turn|35\n|\n|switch|p2a: Latias|Latias, F|100\/100\n|-damage|p2a: Latias|88\/100|[from] Stealth Rock\n|move|p1a: Magnezone|Explosion|p2a: Latias\n|-damage|p2a: Latias|4\/100\n|faint|p1a: Magnezone\n|\n|-weather|Sandstorm|[upkeep]\n|-damage|p2a: Latias|0 fnt|[from] Sandstorm\n|faint|p2a: Latias\n|upkeep\n|\n|switch|p2a: Skarmory|Skarmory, F|81\/100\n|switch|p1a: Latias|Latias, F|32\/100\n|-damage|p2a: Skarmory|68\/100|[from] Stealth Rock\n|turn|36\n|\n|switch|p2a: Nidoqueen|Nidoqueen, F|41\/100\n|-damage|p2a: Nidoqueen|35\/100|[from] Stealth Rock\n|move|p1a: Latias|Trick|p2a: Nidoqueen\n|-activate|p1a: Latias|move: Trick|[of] p2a: Nidoqueen\n|-item|p2a: Nidoqueen|Choice Specs|[from] move: Trick\n|-item|p1a: Latias|Leftovers|[from] move: Trick\n|\n|-weather|Sandstorm|[upkeep]\n|-damage|p1a: Latias|26\/100|[from] Sandstorm\n|-heal|p1a: Latias|32\/100|[from] item: Leftovers\n|upkeep\n|turn|37\n|\n|move|p1a: Latias|Psychic|p2a: Nidoqueen\n|-supereffective|p2a: Nidoqueen\n|-damage|p2a: Nidoqueen|0 fnt\n|faint|p2a: Nidoqueen\n|\n|-weather|Sandstorm|[upkeep]\n|-damage|p1a: Latias|26\/100|[from] Sandstorm\n|-heal|p1a: Latias|32\/100|[from] item: Leftovers\n|upkeep\n|\n|switch|p2a: Clefable|Clefable, M|96\/100 par\n|turn|38\n|\n|move|p1a: Latias|Draco Meteor|p2a: Clefable\n|-damage|p2a: Clefable|43\/100 par\n|-unboost|p1a: Latias|spa|2\n|move|p2a: Clefable|Ice Beam|p1a: Latias\n|-supereffective|p1a: Latias\n|-damage|p1a: Latias|0 fnt\n|faint|p1a: Latias\n|\n|-weather|Sandstorm|[upkeep]\n|-heal|p2a: Clefable|49\/100 par|[from] item: Leftovers\n|upkeep\n|\n|switch|p1a: Metagross|Metagross|24\/100\n|-damage|p1a: Metagross|7\/100|[from] Spikes\n|turn|39\n|\n|switch|p2a: Skarmory|Skarmory, F|68\/100\n|-damage|p2a: Skarmory|56\/100|[from] Stealth Rock\n|move|p1a: Metagross|Meteor Mash|p2a: Skarmory|[miss]\n|-miss|p1a: Metagross|p2a: Skarmory\n|\n|-weather|Sandstorm|[upkeep]\n|upkeep\n|turn|40\n|\n|move|p1a: Metagross|Explosion|p2a: Skarmory\n|-resisted|p2a: Skarmory\n|-damage|p2a: Skarmory|0 fnt\n|faint|p1a: Metagross\n|faint|p2a: Skarmory\n|\n|-weather|Sandstorm|[upkeep]\n|upkeep\n|\n|switch|p1a: Dragonite|Dragonite, M|94\/100\n|switch|p2a: Clefable|Clefable, M|49\/100 par\n|turn|41\n|\n|move|p1a: Dragonite|Outrage|p2a: Clefable\n|-crit|p2a: Clefable\n|-damage|p2a: Clefable|0 fnt\n|-damage|p1a: Dragonite|84\/100|[from] item: Life Orb\n|faint|p2a: Clefable\n|\n|win|big boss 447\n|c|\u2606big boss 447|gg\n|raw|big boss 447's rating: 1412 &rarr; <strong>1426<\/strong><br \/>(+14 for winning)\n|raw|Diet Dr. Chepper's rating: 1304 &rarr; <strong>1290<\/strong><br \/>(-14 for losing)\n|c|\u2606Diet Dr. Chepper|gg\n|l|\u2606Diet Dr. Chepper\n","uploadtime":1585968563,"views":12,"p1id":"bigboss447","p2id":"dietdrchepper","formatid":"gen4ou","rating":1290,"private":0,"password":null}