{"id":"gen4ou-1670709339","p1":"reionatro","p2":"Oopsonerayquaza","format":"gen4ou","log":"|j|\u2606reionatro\n|j|\u2606Oopsonerayquaza\n|t:|1663861756\n|gametype|singles\n|player|p1|reionatro|265|\n|player|p2|Oopsonerayquaza|zinnia|\n|teamsize|p1|6\n|teamsize|p2|6\n|gen|4\n|tier|[Gen 4] OU\n|rated|Tournament battle\n|rule|Sleep Clause Mod: Limit one foe put to sleep\n|rule|Species Clause: Limit one of each Pok\u00e9mon\n|rule|OHKO Clause: OHKO moves are banned\n|rule|Evasion Items Clause: Evasion items are banned\n|rule|Evasion Moves Clause: Evasion moves are banned\n|rule|Endless Battle Clause: Forcing endless battles is banned\n|rule|HP Percentage Mod: HP is shown in percentages\n|rule|Freeze Clause Mod: Limit one foe frozen\n|\n|t:|1663861756\n|start\n|switch|p1a: Jirachi|Jirachi|100\/100\n|switch|p2a: Gallade|Gallade, M|100\/100\n|turn|1\n|j| BB-8-NU\n|j| FavMon=Garchomp\n|\n|t:|1663861762\n|move|p1a: Jirachi|Stealth Rock|p2a: Gallade\n|-sidestart|p2: Oopsonerayquaza|move: Stealth Rock\n|move|p2a: Gallade|Close Combat|p1a: Jirachi\n|-damage|p1a: Jirachi|32\/100\n|-unboost|p2a: Gallade|def|1\n|-unboost|p2a: Gallade|spd|1\n|-damage|p2a: Gallade|91\/100|[from] item: Life Orb\n|\n|-heal|p1a: Jirachi|38\/100|[from] item: Leftovers\n|upkeep\n|turn|2\n|j| Freezingpop\n|\n|t:|1663861774\n|switch|p1a: Skarmory|Skarmory, F|100\/100\n|switch|p2a: Empoleon|Empoleon, F|100\/100\n|-damage|p2a: Empoleon|94\/100|[from] Stealth Rock\n|\n|-heal|p2a: Empoleon|100\/100|[from] item: Leftovers\n|upkeep\n|turn|3\n|\n|t:|1663861797\n|move|p2a: Empoleon|Hydro Pump|p1a: Skarmory\n|-damage|p1a: Skarmory|29\/100\n|move|p1a: Skarmory|Spikes|p2a: Empoleon\n|-sidestart|p2: Oopsonerayquaza|Spikes\n|\n|-heal|p1a: Skarmory|35\/100|[from] item: Leftovers\n|upkeep\n|turn|4\n|\n|t:|1663861805\n|move|p2a: Empoleon|Ice Beam|p1a: Skarmory\n|-damage|p1a: Skarmory|0 fnt\n|faint|p1a: Skarmory\n|\n|upkeep\n|\n|t:|1663861809\n|switch|p1a: Suicune|Suicune|100\/100\n|-ability|p1a: Suicune|Pressure\n|turn|5\n|c| Freezingpop|tf is this team\n|c|\u2606reionatro|which team\n|\n|t:|1663861839\n|move|p2a: Empoleon|Grass Knot|p1a: Suicune\n|-supereffective|p1a: Suicune\n|-damage|p1a: Suicune|57\/100\n|move|p1a: Suicune|Calm Mind|p1a: Suicune\n|-boost|p1a: Suicune|spa|1\n|-boost|p1a: Suicune|spd|1\n|\n|-heal|p1a: Suicune|63\/100|[from] item: Leftovers\n|upkeep\n|turn|6\n|\n|t:|1663861845\n|move|p2a: Empoleon|Grass Knot|p1a: Suicune\n|-supereffective|p1a: Suicune\n|-crit|p1a: Suicune\n|-damage|p1a: Suicune|0 fnt\n|faint|p1a: Suicune\n|\n|upkeep\n|\n|t:|1663861852\n|switch|p1a: Latias|Latias, F|100\/100\n|turn|7\n|\n|t:|1663861855\n|move|p1a: Latias|Thunderbolt|p2a: Empoleon\n|-supereffective|p2a: Empoleon\n|-damage|p2a: Empoleon|42\/100\n|move|p2a: Empoleon|Ice Beam|p1a: Latias\n|-supereffective|p1a: Latias\n|-damage|p1a: Latias|43\/100\n|\n|-heal|p2a: Empoleon|48\/100|[from] item: Leftovers\n|upkeep\n|turn|8\n|j| Hydreigon > Latias\n|c| Hydreigon > Latias|where is the stall\n|l| Freezingpop\n|c|\u2606Oopsonerayquaza|I didn't load it\n|\n|t:|1663861882\n|switch|p2a: Tyranitar|Tyranitar, F|100\/100\n|-damage|p2a: Tyranitar|88\/100|[from] Stealth Rock\n|-damage|p2a: Tyranitar|76\/100|[from] Spikes\n|-weather|Sandstorm|[from] ability: Sand Stream|[of] p2a: Tyranitar\n|move|p1a: Latias|Thunderbolt|p2a: Tyranitar\n|-damage|p2a: Tyranitar|59\/100\n|\n|-weather|Sandstorm|[upkeep]\n|-damage|p1a: Latias|37\/100|[from] Sandstorm\n|upkeep\n|turn|9\n|c|\u2606Oopsonerayquaza|If I knew this was finals I might've\n|\n|t:|1663861892\n|move|p1a: Latias|Thunderbolt|p2a: Tyranitar\n|-damage|p2a: Tyranitar|43\/100\n|move|p2a: Tyranitar|Pursuit|p1a: Latias\n|-supereffective|p1a: Latias\n|-damage|p1a: Latias|0 fnt\n|faint|p1a: Latias\n|\n|-weather|Sandstorm|[upkeep]\n|upkeep\n|\n|t:|1663861898\n|switch|p1a: Breloom|Breloom, M|100\/100\n|turn|10\n|\n|t:|1663861902\n|move|p1a: Breloom|Substitute|p1a: Breloom\n|-start|p1a: Breloom|Substitute\n|-damage|p1a: Breloom|75\/100\n|move|p2a: Tyranitar|Fire Blast|p1a: Breloom|[miss]\n|-miss|p2a: Tyranitar|p1a: Breloom\n|\n|-weather|Sandstorm|[upkeep]\n|-damage|p1a: Breloom|69\/100|[from] Sandstorm\n|-status|p1a: Breloom|tox|[from] item: Toxic Orb\n|upkeep\n|turn|11\n|j| zaidu\n|\n|t:|1663861910\n|-singleturn|p1a: Breloom|move: Focus Punch\n|move|p2a: Tyranitar|Crunch|p1a: Breloom\n|-resisted|p1a: Breloom\n|-end|p1a: Breloom|Substitute\n|move|p1a: Breloom|Focus Punch|p2a: Tyranitar\n|-supereffective|p2a: Tyranitar\n|-damage|p2a: Tyranitar|0 fnt\n|faint|p2a: Tyranitar\n|\n|-weather|Sandstorm|[upkeep]\n|-damage|p1a: Breloom|63\/100 tox|[from] Sandstorm\n|-heal|p1a: Breloom|76\/100 tox|[from] ability: Poison Heal\n|upkeep\n|j| typical_bastard\n|j| fuckcops1312\n|\n|t:|1663861940\n|switch|p2a: Rotom|Rotom-Mow|100\/100\n|-damage|p2a: Rotom|88\/100|[from] Stealth Rock\n|turn|12\n|\n|t:|1663861957\n|move|p2a: Rotom|Trick|p1a: Breloom\n|-activate|p2a: Rotom|move: Trick|[of] p1a: Breloom\n|-item|p1a: Breloom|Choice Scarf|[from] move: Trick\n|-item|p2a: Rotom|Toxic Orb|[from] move: Trick\n|move|p1a: Breloom|Spore|p2a: Rotom\n|-status|p2a: Rotom|slp|[from] move: Spore\n|\n|-weather|Sandstorm|[upkeep]\n|-damage|p1a: Breloom|70\/100 tox|[from] Sandstorm\n|-damage|p2a: Rotom|82\/100 slp|[from] Sandstorm\n|-heal|p1a: Breloom|82\/100 tox|[from] ability: Poison Heal\n|upkeep\n|turn|13\n|\n|t:|1663861967\n|switch|p1a: Tyranitar|Tyranitar, M|100\/100\n|switch|p2a: Breloom|Breloom, F|100\/100\n|-damage|p2a: Breloom|94\/100|[from] Stealth Rock\n|-damage|p2a: Breloom|82\/100|[from] Spikes\n|\n|-weather|Sandstorm|[upkeep]\n|-damage|p2a: Breloom|76\/100|[from] Sandstorm\n|-status|p2a: Breloom|tox|[from] item: Toxic Orb\n|upkeep\n|turn|14\n|\n|t:|1663862004\n|switch|p1a: Breloom|Breloom, M|82\/100 tox\n|move|p2a: Breloom|Spore||[still]\n|-fail|p2a: Breloom\n|\n|-weather|Sandstorm|[upkeep]\n|-damage|p1a: Breloom|76\/100 tox|[from] Sandstorm\n|-damage|p2a: Breloom|70\/100 tox|[from] Sandstorm\n|-heal|p1a: Breloom|89\/100 tox|[from] ability: Poison Heal\n|-heal|p2a: Breloom|82\/100 tox|[from] ability: Poison Heal\n|upkeep\n|turn|15\n|\n|t:|1663862014\n|-singleturn|p1a: Breloom|move: Focus Punch\n|move|p2a: Breloom|Mach Punch|p1a: Breloom\n|-damage|p1a: Breloom|54\/100 tox\n|move|p1a: Breloom|Focus Punch||[still]\n|cant|p1a: Breloom|Focus Punch|Focus Punch\n|\n|-weather|Sandstorm|[upkeep]\n|-damage|p1a: Breloom|48\/100 tox|[from] Sandstorm\n|-damage|p2a: Breloom|76\/100 tox|[from] Sandstorm\n|-heal|p1a: Breloom|60\/100 tox|[from] ability: Poison Heal\n|-heal|p2a: Breloom|88\/100 tox|[from] ability: Poison Heal\n|upkeep\n|turn|16\n|\n|t:|1663862032\n|-singleturn|p1a: Breloom|move: Focus Punch\n|move|p2a: Breloom|Mach Punch|p1a: Breloom\n|-damage|p1a: Breloom|27\/100 tox\n|move|p1a: Breloom|Focus Punch||[still]\n|cant|p1a: Breloom|Focus Punch|Focus Punch\n|\n|-weather|Sandstorm|[upkeep]\n|-damage|p1a: Breloom|21\/100 tox|[from] Sandstorm\n|-damage|p2a: Breloom|82\/100 tox|[from] Sandstorm\n|-heal|p1a: Breloom|34\/100 tox|[from] ability: Poison Heal\n|-heal|p2a: Breloom|94\/100 tox|[from] ability: Poison Heal\n|upkeep\n|turn|17\n|\n|t:|1663862034\n|switch|p1a: Jirachi|Jirachi|38\/100\n|move|p2a: Breloom|Mach Punch|p1a: Jirachi\n|-damage|p1a: Jirachi|21\/100\n|\n|-weather|Sandstorm|[upkeep]\n|-damage|p2a: Breloom|88\/100 tox|[from] Sandstorm\n|-heal|p1a: Jirachi|27\/100|[from] item: Leftovers\n|-heal|p2a: Breloom|100\/100 tox|[from] ability: Poison Heal\n|upkeep\n|turn|18\n|\n|t:|1663862040\n|switch|p2a: Empoleon|Empoleon, F|48\/100\n|-damage|p2a: Empoleon|42\/100|[from] Stealth Rock\n|-damage|p2a: Empoleon|30\/100|[from] Spikes\n|move|p1a: Jirachi|Fire Punch|p2a: Empoleon\n|-crit|p2a: Empoleon\n|-damage|p2a: Empoleon|0 fnt\n|faint|p2a: Empoleon\n|\n|-weather|Sandstorm|[upkeep]\n|-heal|p1a: Jirachi|33\/100|[from] item: Leftovers\n|upkeep\n|\n|t:|1663862044\n|switch|p2a: Gallade|Gallade, M|91\/100\n|-damage|p2a: Gallade|85\/100|[from] Stealth Rock\n|-damage|p2a: Gallade|72\/100|[from] Spikes\n|turn|19\n|\n|t:|1663862101\n|move|p1a: Jirachi|Iron Head|p2a: Gallade\n|-damage|p2a: Gallade|21\/100\n|move|p2a: Gallade|Close Combat|p1a: Jirachi\n|-damage|p1a: Jirachi|0 fnt\n|-unboost|p2a: Gallade|def|1\n|-unboost|p2a: Gallade|spd|1\n|faint|p1a: Jirachi\n|-damage|p2a: Gallade|11\/100|[from] item: Life Orb\n|\n|-weather|Sandstorm|[upkeep]\n|-damage|p2a: Gallade|5\/100|[from] Sandstorm\n|upkeep\n|\n|t:|1663862105\n|switch|p1a: Tyranitar|Tyranitar, M|100\/100\n|turn|20\n|\n|t:|1663862108\n|move|p2a: Gallade|Close Combat|p1a: Tyranitar\n|-supereffective|p1a: Tyranitar\n|-damage|p1a: Tyranitar|0 fnt\n|-unboost|p2a: Gallade|def|1\n|-unboost|p2a: Gallade|spd|1\n|faint|p1a: Tyranitar\n|-damage|p2a: Gallade|0 fnt|[from] item: Life Orb\n|faint|p2a: Gallade\n|\n|-weather|Sandstorm|[upkeep]\n|upkeep\n|c|\u2606reionatro|gg\n|-message|reionatro forfeited.\n|\n|win|Oopsonerayquaza\n|n|\u2606reionatro|reionatro\n|n|\u2606Oopsonerayquaza|oopsonerayquaza\n|n| BB-8-NU|bb8nu\n|n| FavMon=Garchomp|favmongarchomp\n|n| Hydreigon > Latias|hydreigonlatias\n|n| zaidu|zaidu\n|n| typical_bastard|typicalbastard\n|n| fuckcops1312|fuckcops1312\n","uploadtime":1663862116,"views":10,"p1id":"reionatro","p2id":"oopsonerayquaza","formatid":"gen4ou","rating":0,"private":0,"password":null}