{"id":"gen4ou-1416797314","p1":"kazt 5","p2":"tempo di anguria","format":"gen4ou","log":"|j|\u2606kazt 5\n|j|\u2606tempo di anguria\n|inactive|Battle timer is ON: inactive players will automatically lose when time's up.\n|t:|1631650837\n|gametype|singles\n|player|p1|kazt 5|acetrainersnowf|\n|player|p2|tempo di anguria|lance-gen3|\n|teamsize|p1|6\n|teamsize|p2|6\n|gen|4\n|tier|[Gen 4] OU\n|rated|Tournament battle\n|rule|Sleep Clause Mod: Limit one foe put to sleep\n|rule|Species Clause: Limit one of each Pok\u00e9mon\n|rule|OHKO Clause: OHKO moves are banned\n|rule|Evasion Moves Clause: Evasion moves are banned\n|rule|Endless Battle Clause: Forcing endless battles is banned\n|rule|HP Percentage Mod: HP is shown in percentages\n|\n|t:|1631650837\n|start\n|switch|p1a: Roserade|Roserade, F, shiny|100\/100\n|switch|p2a: Jirachi|Jirachi|100\/100\n|turn|1\n|c|\u2606tempo di anguria|hf\n|j| GengarAdept\n|j| LtHeartless\n|j| Half-Baked Player\n|l| LtHeartless\n|\n|t:|1631650846\n|switch|p1a: Swampert|Swampert, F, shiny|100\/100\n|move|p2a: Jirachi|Stealth Rock|p1a: Swampert\n|-sidestart|p1: kazt 5|move: Stealth Rock\n|\n|upkeep\n|turn|2\n|c|\u2606kazt 5|hf\n|j| LtHeartless\n|\n|t:|1631650852\n|move|p2a: Jirachi|U-turn|p1a: Swampert\n|-damage|p1a: Swampert|90\/100\n|l| LtHeartless\n|inactive|tempo di anguria has 120 seconds left.\n|\n|t:|1631650888\n|switch|p2a: Breloom|Breloom, M|100\/100|[from]move: U-turn\n|move|p1a: Swampert|Stealth Rock|p2a: Breloom\n|-sidestart|p2: tempo di anguria|move: Stealth Rock\n|\n|-status|p2a: Breloom|tox|[from] item: Toxic Orb\n|-heal|p1a: Swampert|96\/100|[from] item: Leftovers\n|upkeep\n|turn|3\n|\n|t:|1631650893\n|switch|p1a: Latias|Latias, F, shiny|100\/100\n|-damage|p1a: Latias|88\/100|[from] Stealth Rock\n|move|p2a: Breloom|Spore|p1a: Latias\n|-status|p1a: Latias|slp|[from] move: Spore\n|\n|upkeep\n|turn|4\n|j| icnincieninec\n|\n|t:|1631650905\n|switch|p1a: Roserade|Roserade, F, shiny|100\/100\n|-damage|p1a: Roserade|88\/100|[from] Stealth Rock\n|switch|p2a: Latias|Latias, F|100\/100\n|-damage|p2a: Latias|88\/100|[from] Stealth Rock\n|\n|upkeep\n|turn|5\n|\n|t:|1631650910\n|switch|p1a: Tyranitar|Tyranitar, M, shiny|100\/100\n|-damage|p1a: Tyranitar|88\/100|[from] Stealth Rock\n|-weather|Sandstorm|[from] ability: Sand Stream|[of] p1a: Tyranitar\n|move|p2a: Latias|Draco Meteor|p1a: Tyranitar\n|-damage|p1a: Tyranitar|37\/100\n|-unboost|p2a: Latias|spa|2\n|\n|-weather|Sandstorm|[upkeep]\n|-damage|p2a: Latias|82\/100|[from] Sandstorm\n|upkeep\n|turn|6\n|\n|t:|1631650915\n|move|p2a: Latias|Draco Meteor|p1a: Tyranitar\n|-damage|p1a: Tyranitar|9\/100\n|-unboost|p2a: Latias|spa|2\n|move|p1a: Tyranitar|Pursuit|p2a: Latias\n|-supereffective|p2a: Latias\n|-damage|p2a: Latias|0 fnt\n|faint|p2a: Latias\n|\n|-weather|Sandstorm|[upkeep]\n|upkeep\n|\n|t:|1631650920\n|switch|p2a: Jirachi|Jirachi|100\/100\n|-damage|p2a: Jirachi|94\/100|[from] Stealth Rock\n|turn|7\n|\n|t:|1631650927\n|switch|p1a: Swampert|Swampert, F, shiny|96\/100\n|-damage|p1a: Swampert|90\/100|[from] Stealth Rock\n|move|p2a: Jirachi|U-turn|p1a: Swampert\n|-damage|p1a: Swampert|79\/100\n|\n|t:|1631650934\n|switch|p2a: Breloom|Breloom, M|100\/100 tox|[from]move: U-turn\n|-damage|p2a: Breloom|94\/100 tox|[from] Stealth Rock\n|\n|-weather|Sandstorm|[upkeep]\n|-damage|p2a: Breloom|88\/100 tox|[from] Sandstorm\n|-heal|p2a: Breloom|100\/100 tox|[from] ability: Poison Heal\n|-heal|p1a: Swampert|85\/100|[from] item: Leftovers\n|upkeep\n|turn|8\n|\n|t:|1631650938\n|switch|p1a: Tyranitar|Tyranitar, M, shiny|9\/100\n|-damage|p1a: Tyranitar|0 fnt|[from] Stealth Rock\n|faint|p1a: Tyranitar\n|move|p2a: Breloom|Seed Bomb|p1: Tyranitar|[notarget]\n|-notarget|p2a: Breloom\n|\n|-weather|Sandstorm|[upkeep]\n|-damage|p2a: Breloom|94\/100 tox|[from] Sandstorm\n|-heal|p2a: Breloom|100\/100 tox|[from] ability: Poison Heal\n|upkeep\n|\n|t:|1631650951\n|switch|p1a: Roserade|Roserade, F, shiny|88\/100\n|-damage|p1a: Roserade|76\/100|[from] Stealth Rock\n|turn|9\n|\n|t:|1631650958\n|switch|p2a: Jirachi|Jirachi|94\/100\n|-damage|p2a: Jirachi|88\/100|[from] Stealth Rock\n|move|p1a: Roserade|Toxic Spikes|p2a: Jirachi\n|-sidestart|p2: tempo di anguria|move: Toxic Spikes\n|\n|-weather|Sandstorm|[upkeep]\n|-damage|p1a: Roserade|70\/100|[from] Sandstorm\n|-heal|p2a: Jirachi|94\/100|[from] item: Leftovers\n|upkeep\n|turn|10\n|l| Half-Baked Player\n|\n|t:|1631650961\n|switch|p1a: Swampert|Swampert, F, shiny|85\/100\n|-damage|p1a: Swampert|79\/100|[from] Stealth Rock\n|move|p2a: Jirachi|Iron Head|p1a: Swampert\n|-resisted|p1a: Swampert\n|-damage|p1a: Swampert|70\/100\n|\n|-weather|Sandstorm|[upkeep]\n|-heal|p2a: Jirachi|100\/100|[from] item: Leftovers\n|-heal|p1a: Swampert|76\/100|[from] item: Leftovers\n|upkeep\n|turn|11\n|\n|t:|1631650966\n|move|p1a: Swampert|Protect|p1a: Swampert\n|-singleturn|p1a: Swampert|Protect\n|move|p2a: Jirachi|U-turn|p1a: Swampert\n|-activate|p1a: Swampert|Protect\n|\n|-weather|Sandstorm|[upkeep]\n|-heal|p1a: Swampert|82\/100|[from] item: Leftovers\n|upkeep\n|turn|12\n|\n|t:|1631650971\n|move|p2a: Jirachi|U-turn|p1a: Swampert\n|-damage|p1a: Swampert|70\/100\n|\n|t:|1631650973\n|switch|p2a: Rotom|Rotom-Wash|100\/100|[from]move: U-turn\n|-damage|p2a: Rotom|88\/100|[from] Stealth Rock\n|move|p1a: Swampert|Ice Beam|p2a: Rotom\n|-damage|p2a: Rotom|61\/100\n|\n|-weather|Sandstorm|[upkeep]\n|-damage|p2a: Rotom|55\/100|[from] Sandstorm\n|-heal|p1a: Swampert|76\/100|[from] item: Leftovers\n|upkeep\n|turn|13\n|\n|t:|1631650981\n|move|p1a: Swampert|Protect|p1a: Swampert\n|-singleturn|p1a: Swampert|Protect\n|move|p2a: Rotom|Trick|p1a: Swampert\n|-activate|p1a: Swampert|Protect\n|\n|-weather|Sandstorm|[upkeep]\n|-damage|p2a: Rotom|49\/100|[from] Sandstorm\n|-heal|p1a: Swampert|83\/100|[from] item: Leftovers\n|upkeep\n|turn|14\n|\n|t:|1631650987\n|switch|p2a: Jirachi|Jirachi|100\/100\n|-damage|p2a: Jirachi|94\/100|[from] Stealth Rock\n|switch|p1a: Roserade|Roserade, F, shiny|70\/100\n|-damage|p1a: Roserade|58\/100|[from] Stealth Rock\n|\n|-weather|Sandstorm|[upkeep]\n|-damage|p1a: Roserade|51\/100|[from] Sandstorm\n|-heal|p2a: Jirachi|100\/100|[from] item: Leftovers\n|upkeep\n|turn|15\n|j| Potayo\n|l| Potayo\n|\n|t:|1631650996\n|switch|p1a: Swampert|Swampert, F, shiny|83\/100\n|-damage|p1a: Swampert|76\/100|[from] Stealth Rock\n|move|p2a: Jirachi|U-turn|p1a: Swampert\n|-damage|p1a: Swampert|65\/100\n|\n|t:|1631651000\n|switch|p2a: Breloom|Breloom, M|100\/100 tox|[from]move: U-turn\n|-damage|p2a: Breloom|94\/100 tox|[from] Stealth Rock\n|\n|-weather|Sandstorm|[upkeep]\n|-damage|p2a: Breloom|88\/100 tox|[from] Sandstorm\n|-heal|p2a: Breloom|100\/100 tox|[from] ability: Poison Heal\n|-heal|p1a: Swampert|71\/100|[from] item: Leftovers\n|upkeep\n|turn|16\n|\n|t:|1631651003\n|switch|p1a: Roserade|Roserade, F, shiny|51\/100\n|-damage|p1a: Roserade|39\/100|[from] Stealth Rock\n|move|p2a: Breloom|Substitute|p2a: Breloom\n|-start|p2a: Breloom|Substitute\n|-damage|p2a: Breloom|75\/100 tox\n|\n|-weather|Sandstorm|[upkeep]\n|-damage|p1a: Roserade|33\/100|[from] Sandstorm\n|-damage|p2a: Breloom|69\/100 tox|[from] Sandstorm\n|-heal|p2a: Breloom|82\/100 tox|[from] ability: Poison Heal\n|upkeep\n|turn|17\n|\n|t:|1631651028\n|-singleturn|p2a: Breloom|move: Focus Punch\n|move|p1a: Roserade|Hidden Power|p2a: Breloom\n|-supereffective|p2a: Breloom\n|-end|p2a: Breloom|Substitute\n|move|p2a: Breloom|Focus Punch|p1a: Roserade\n|-resisted|p1a: Roserade\n|-damage|p1a: Roserade|0 fnt\n|faint|p1a: Roserade\n|\n|-weather|Sandstorm|[upkeep]\n|-damage|p2a: Breloom|76\/100 tox|[from] Sandstorm\n|-heal|p2a: Breloom|88\/100 tox|[from] ability: Poison Heal\n|upkeep\n|\n|t:|1631651031\n|switch|p1a: Heatran|Heatran, M, shiny|100\/100\n|-damage|p1a: Heatran|88\/100|[from] Stealth Rock\n|turn|18\n|\n|t:|1631651038\n|switch|p2a: Rotom|Rotom-Wash|49\/100\n|-damage|p2a: Rotom|36\/100|[from] Stealth Rock\n|move|p1a: Heatran|Substitute|p1a: Heatran\n|-start|p1a: Heatran|Substitute\n|-damage|p1a: Heatran|63\/100\n|\n|-weather|Sandstorm|[upkeep]\n|-damage|p2a: Rotom|30\/100|[from] Sandstorm\n|-heal|p1a: Heatran|70\/100|[from] item: Leftovers\n|upkeep\n|turn|19\n|\n|t:|1631651042\n|move|p1a: Heatran|Protect|p1a: Heatran\n|-singleturn|p1a: Heatran|Protect\n|move|p2a: Rotom|Thunderbolt|p1a: Heatran\n|-activate|p1a: Heatran|Protect\n|\n|-weather|Sandstorm|[upkeep]\n|-damage|p2a: Rotom|24\/100|[from] Sandstorm\n|-heal|p1a: Heatran|76\/100|[from] item: Leftovers\n|upkeep\n|turn|20\n|\n|t:|1631651049\n|move|p2a: Rotom|Thunderbolt|p1a: Heatran\n|-end|p1a: Heatran|Substitute\n|move|p1a: Heatran|Lava Plume|p2a: Rotom\n|-damage|p2a: Rotom|0 fnt\n|faint|p2a: Rotom\n|\n|-weather|Sandstorm|[upkeep]\n|-heal|p1a: Heatran|82\/100|[from] item: Leftovers\n|upkeep\n|\n|t:|1631651051\n|switch|p2a: Tyranitar|Tyranitar, M, shiny|100\/100\n|-status|p2a: Tyranitar|psn\n|-enditem|p2a: Tyranitar|Lum Berry|[eat]\n|-curestatus|p2a: Tyranitar|psn|[msg]\n|-damage|p2a: Tyranitar|88\/100|[from] Stealth Rock\n|turn|21\n|\n|t:|1631651058\n|switch|p1a: Swampert|Swampert, F, shiny|71\/100\n|-damage|p1a: Swampert|65\/100|[from] Stealth Rock\n|move|p2a: Tyranitar|Dragon Dance|p2a: Tyranitar\n|-boost|p2a: Tyranitar|atk|1\n|-boost|p2a: Tyranitar|spe|1\n|\n|-weather|Sandstorm|[upkeep]\n|-heal|p1a: Swampert|71\/100|[from] item: Leftovers\n|upkeep\n|turn|22\n|\n|t:|1631651061\n|move|p2a: Tyranitar|Crunch|p1a: Swampert\n|-damage|p1a: Swampert|28\/100\n|move|p1a: Swampert|Earthquake|p2a: Tyranitar\n|-supereffective|p2a: Tyranitar\n|-damage|p2a: Tyranitar|21\/100\n|\n|-weather|Sandstorm|[upkeep]\n|-heal|p1a: Swampert|34\/100|[from] item: Leftovers\n|upkeep\n|turn|23\n|\n|t:|1631651077\n|move|p1a: Swampert|Protect|p1a: Swampert\n|-singleturn|p1a: Swampert|Protect\n|move|p2a: Tyranitar|Crunch|p1a: Swampert\n|-activate|p1a: Swampert|Protect\n|\n|-weather|Sandstorm|[upkeep]\n|-heal|p1a: Swampert|40\/100|[from] item: Leftovers\n|upkeep\n|turn|24\n|\n|t:|1631651080\n|move|p1a: Swampert|Protect||[still]\n|-fail|p1a: Swampert\n|move|p2a: Tyranitar|Crunch|p1a: Swampert\n|-damage|p1a: Swampert|1\/100\n|\n|-weather|Sandstorm|[upkeep]\n|-heal|p1a: Swampert|8\/100|[from] item: Leftovers\n|upkeep\n|turn|25\n|\n|t:|1631651088\n|move|p2a: Tyranitar|Crunch|p1a: Swampert\n|-damage|p1a: Swampert|0 fnt\n|faint|p1a: Swampert\n|\n|-weather|Sandstorm|[upkeep]\n|upkeep\n|\n|t:|1631651091\n|switch|p1a: Rotom|Rotom-Wash, shiny|100\/100\n|-damage|p1a: Rotom|88\/100|[from] Stealth Rock\n|turn|26\n|\n|t:|1631651096\n|move|p1a: Rotom|Thunderbolt|p2a: Tyranitar\n|-damage|p2a: Tyranitar|0 fnt\n|faint|p2a: Tyranitar\n|\n|-weather|Sandstorm|[upkeep]\n|-damage|p1a: Rotom|82\/100|[from] Sandstorm\n|upkeep\n|\n|t:|1631651100\n|switch|p2a: Breloom|Breloom, M|88\/100 tox\n|-damage|p2a: Breloom|82\/100 tox|[from] Stealth Rock\n|turn|27\n|\n|t:|1631651103\n|switch|p1a: Latias|Latias, F, shiny|88\/100 slp\n|-damage|p1a: Latias|76\/100 slp|[from] Stealth Rock\n|move|p2a: Breloom|Substitute|p2a: Breloom\n|-start|p2a: Breloom|Substitute\n|-damage|p2a: Breloom|57\/100 tox\n|\n|-weather|Sandstorm|[upkeep]\n|-damage|p1a: Latias|70\/100 slp|[from] Sandstorm\n|-damage|p2a: Breloom|51\/100 tox|[from] Sandstorm\n|-heal|p2a: Breloom|64\/100 tox|[from] ability: Poison Heal\n|upkeep\n|turn|28\n|\n|t:|1631651106\n|-singleturn|p2a: Breloom|move: Focus Punch\n|cant|p1a: Latias|slp\n|move|p2a: Breloom|Focus Punch|p1a: Latias\n|-resisted|p1a: Latias\n|-damage|p1a: Latias|17\/100 slp\n|\n|-weather|Sandstorm|[upkeep]\n|-damage|p1a: Latias|11\/100 slp|[from] Sandstorm\n|-damage|p2a: Breloom|58\/100 tox|[from] Sandstorm\n|-heal|p2a: Breloom|70\/100 tox|[from] ability: Poison Heal\n|upkeep\n|turn|29\n|\n|t:|1631651113\n|-singleturn|p2a: Breloom|move: Focus Punch\n|cant|p1a: Latias|slp\n|move|p1a: Latias|Sleep Talk|p1a: Latias\n|move|p1a: Latias|Draco Meteor|p2a: Breloom|[from]move: Sleep Talk\n|-end|p2a: Breloom|Substitute\n|-unboost|p1a: Latias|spa|2\n|move|p2a: Breloom|Focus Punch|p1a: Latias\n|-resisted|p1a: Latias\n|-damage|p1a: Latias|0 fnt\n|faint|p1a: Latias\n|\n|-weather|Sandstorm|[upkeep]\n|-damage|p2a: Breloom|64\/100 tox|[from] Sandstorm\n|-heal|p2a: Breloom|77\/100 tox|[from] ability: Poison Heal\n|upkeep\n|\n|t:|1631651120\n|switch|p1a: Heatran|Heatran, M, shiny|82\/100\n|-damage|p1a: Heatran|70\/100|[from] Stealth Rock\n|turn|30\n|\n|t:|1631651141\n|switch|p2a: Magnezone|Magnezone|100\/100\n|-damage|p2a: Magnezone|94\/100|[from] Stealth Rock\n|move|p1a: Heatran|Lava Plume|p2a: Magnezone\n|-supereffective|p2a: Magnezone\n|-damage|p2a: Magnezone|0 fnt\n|faint|p2a: Magnezone\n|\n|-weather|Sandstorm|[upkeep]\n|-heal|p1a: Heatran|76\/100|[from] item: Leftovers\n|upkeep\n|\n|t:|1631651143\n|switch|p2a: Jirachi|Jirachi|100\/100\n|-damage|p2a: Jirachi|94\/100|[from] Stealth Rock\n|turn|31\n|\n|t:|1631651146\n|move|p1a: Heatran|Protect|p1a: Heatran\n|-singleturn|p1a: Heatran|Protect\n|move|p2a: Jirachi|Iron Head|p1a: Heatran\n|-activate|p1a: Heatran|Protect\n|\n|-weather|Sandstorm|[upkeep]\n|-heal|p1a: Heatran|82\/100|[from] item: Leftovers\n|-heal|p2a: Jirachi|100\/100|[from] item: Leftovers\n|upkeep\n|turn|32\n|\n|t:|1631651156\n|move|p1a: Heatran|Lava Plume|p2a: Jirachi\n|-supereffective|p2a: Jirachi\n|-crit|p2a: Jirachi\n|-damage|p2a: Jirachi|0 fnt\n|faint|p2a: Jirachi\n|\n|-weather|Sandstorm|[upkeep]\n|-heal|p1a: Heatran|88\/100|[from] item: Leftovers\n|upkeep\n|c|\u2606kazt 5|gg\n|\n|t:|1631651161\n|switch|p2a: Breloom|Breloom, M|77\/100 tox\n|-damage|p2a: Breloom|70\/100 tox|[from] Stealth Rock\n|turn|33\n|c|\u2606tempo di anguria|gg\n|\n|t:|1631651164\n|move|p1a: Heatran|Lava Plume|p2a: Breloom\n|-supereffective|p2a: Breloom\n|-damage|p2a: Breloom|0 fnt\n|faint|p2a: Breloom\n|\n|win|kazt 5\n|n|\u2606kazt 5|kazt5\n|n|\u2606tempo di anguria|tempodianguria\n|n| GengarAdept|gengaradept\n|n| icnincieninec|icnincieninec\n","uploadtime":1631651165,"views":6,"p1id":"kazt5","p2id":"tempodianguria","formatid":"gen4ou","rating":0,"private":0,"password":null}