{"id":"gen4ou-1482275555","p1":"Cowsrule247","p2":"Fighting Chansey","format":"gen4ou","log":"|j|\u2606Cowsrule247\n|j|\u2606Fighting Chansey\n|t:|1640849526\n|gametype|singles\n|player|p1|Cowsrule247|skyla|1279\n|player|p2|Fighting Chansey|266|1000\n|teamsize|p1|6\n|teamsize|p2|6\n|gen|4\n|tier|[Gen 4] OU\n|rated|\n|rule|Sleep Clause Mod: Limit one foe put to sleep\n|rule|Species Clause: Limit one of each Pok\u00e9mon\n|rule|OHKO Clause: OHKO moves are banned\n|rule|Evasion Moves Clause: Evasion moves are banned\n|rule|Endless Battle Clause: Forcing endless battles is banned\n|rule|HP Percentage Mod: HP is shown in percentages\n|\n|t:|1640849526\n|start\n|switch|p1a: Smeargle|Smeargle, F|100\/100\n|switch|p2a: Euphobium|Blissey, F|100\/100\n|turn|1\n|inactive|Battle timer is ON: inactive players will automatically lose when time's up. (requested by Cowsrule247)\n|\n|t:|1640849534\n|move|p1a: Smeargle|Trick|p2a: Euphobium\n|-activate|p1a: Smeargle|move: Trick|[of] p2a: Euphobium\n|-item|p2a: Euphobium|Choice Scarf|[from] move: Trick\n|-item|p1a: Smeargle|Leftovers|[from] move: Trick\n|move|p2a: Euphobium|Toxic|p1a: Smeargle\n|-status|p1a: Smeargle|tox\n|\n|-damage|p1a: Smeargle|94\/100 tox|[from] psn\n|upkeep\n|turn|2\n|\n|t:|1640849542\n|switch|p2a: Skarmbird|Skarmory, M|100\/100\n|move|p1a: Smeargle|Spore|p2a: Skarmbird\n|-status|p2a: Skarmbird|slp|[from] move: Spore\n|\n|-heal|p1a: Smeargle|100\/100 tox|[from] item: Leftovers\n|-damage|p1a: Smeargle|88\/100 tox|[from] psn\n|upkeep\n|turn|3\n|\n|t:|1640849549\n|switch|p2a: Handless Ghost|Spiritomb, M|100\/100\n|-ability|p2a: Handless Ghost|Pressure\n|move|p1a: Smeargle|Spikes|p2a: Handless Ghost\n|-sidestart|p2: Fighting Chansey|Spikes\n|\n|-heal|p1a: Smeargle|94\/100 tox|[from] item: Leftovers\n|-damage|p1a: Smeargle|76\/100 tox|[from] psn\n|upkeep\n|turn|4\n|inactive|Fighting Chansey has 120 seconds left.\n|\n|t:|1640849585\n|move|p1a: Smeargle|Spikes|p2a: Handless Ghost\n|-sidestart|p2: Fighting Chansey|Spikes\n|move|p2a: Handless Ghost|Shadow Ball|p1a: Smeargle\n|-immune|p1a: Smeargle\n|\n|-heal|p1a: Smeargle|82\/100 tox|[from] item: Leftovers\n|-damage|p1a: Smeargle|58\/100 tox|[from] psn\n|upkeep\n|turn|5\n|\n|t:|1640849590\n|switch|p2a: Topper|Hitmontop, M|100\/100\n|-damage|p2a: Topper|84\/100|[from] Spikes\n|-ability|p2a: Topper|Intimidate|boost\n|-unboost|p1a: Smeargle|atk|1\n|move|p1a: Smeargle|Spikes|p2a: Topper\n|-sidestart|p2: Fighting Chansey|Spikes\n|\n|-heal|p1a: Smeargle|64\/100 tox|[from] item: Leftovers\n|-damage|p1a: Smeargle|34\/100 tox|[from] psn\n|-heal|p2a: Topper|90\/100|[from] item: Leftovers\n|upkeep\n|turn|6\n|\n|t:|1640849606\n|switch|p1a: Bronzong|Bronzong|100\/100\n|move|p2a: Topper|Rapid Spin|p1a: Bronzong\n|-resisted|p1a: Bronzong\n|-crit|p1a: Bronzong\n|-damage|p1a: Bronzong|96\/100\n|-sideend|p2: Fighting Chansey|Spikes|[from] move: Rapid Spin|[of] p2a: Topper\n|\n|-heal|p2a: Topper|97\/100|[from] item: Leftovers\n|-heal|p1a: Bronzong|100\/100|[from] item: Leftovers\n|upkeep\n|turn|7\n|\n|t:|1640849617\n|switch|p2a: Blacksmith Ran|Heatran, F|100\/100\n|move|p1a: Bronzong|Stealth Rock|p2a: Blacksmith Ran\n|-sidestart|p2: Fighting Chansey|move: Stealth Rock\n|\n|upkeep\n|turn|8\n|\n|t:|1640849623\n|move|p2a: Blacksmith Ran|Stealth Rock|p1a: Bronzong\n|-sidestart|p1: Cowsrule247|move: Stealth Rock\n|move|p1a: Bronzong|Earthquake|p2a: Blacksmith Ran\n|-supereffective|p2a: Blacksmith Ran\n|-enditem|p2a: Blacksmith Ran|Shuca Berry|[eat]\n|-enditem|p2a: Blacksmith Ran|Shuca Berry|[weaken]\n|-damage|p2a: Blacksmith Ran|50\/100\n|\n|upkeep\n|turn|9\n|\n|t:|1640849631\n|switch|p1a: Flygon|Flygon, M|100\/100\n|-damage|p1a: Flygon|95\/100|[from] Stealth Rock\n|move|p2a: Blacksmith Ran|Fire Blast|p1a: Flygon\n|-resisted|p1a: Flygon\n|-damage|p1a: Flygon|49\/100\n|\n|upkeep\n|turn|10\n|\n|t:|1640849640\n|switch|p2a: Skarmbird|Skarmory, M|100\/100 slp\n|-damage|p2a: Skarmbird|88\/100 slp|[from] Stealth Rock\n|move|p1a: Flygon|U-turn|p2a: Skarmbird\n|-resisted|p2a: Skarmbird\n|-damage|p2a: Skarmbird|85\/100 slp\n|\n|t:|1640849642\n|switch|p1a: Smeargle|Smeargle, F|34\/100 tox|[from]move: U-turn\n|-damage|p1a: Smeargle|22\/100 tox|[from] Stealth Rock\n|\n|-heal|p1a: Smeargle|28\/100 tox|[from] item: Leftovers\n|-damage|p1a: Smeargle|22\/100 tox|[from] psn\n|-heal|p2a: Skarmbird|91\/100 slp|[from] item: Leftovers\n|upkeep\n|turn|11\n|\n|t:|1640849650\n|switch|p2a: Topper|Hitmontop, M|97\/100\n|-damage|p2a: Topper|90\/100|[from] Stealth Rock\n|-ability|p2a: Topper|Intimidate|boost\n|-unboost|p1a: Smeargle|atk|1\n|move|p1a: Smeargle|Spikes|p2a: Topper\n|-sidestart|p2: Fighting Chansey|Spikes\n|\n|-heal|p1a: Smeargle|28\/100 tox|[from] item: Leftovers\n|-damage|p1a: Smeargle|15\/100 tox|[from] psn\n|-heal|p2a: Topper|97\/100|[from] item: Leftovers\n|upkeep\n|turn|12\n|\n|t:|1640849658\n|move|p1a: Smeargle|Spikes|p2a: Topper\n|-sidestart|p2: Fighting Chansey|Spikes\n|move|p2a: Topper|Rapid Spin|p1a: Smeargle\n|-damage|p1a: Smeargle|6\/100 tox\n|-sideend|p2: Fighting Chansey|Spikes|[from] move: Rapid Spin|[of] p2a: Topper\n|-sideend|p2: Fighting Chansey|Stealth Rock|[from] move: Rapid Spin|[of] p2a: Topper\n|\n|-heal|p1a: Smeargle|12\/100 tox|[from] item: Leftovers\n|-damage|p1a: Smeargle|0 fnt|[from] psn\n|faint|p1a: Smeargle\n|-heal|p2a: Topper|100\/100|[from] item: Leftovers\n|upkeep\n|\n|t:|1640849669\n|switch|p1a: Bronzong|Bronzong|100\/100\n|-damage|p1a: Bronzong|94\/100|[from] Stealth Rock\n|turn|13\n|\n|t:|1640849680\n|move|p2a: Topper|Close Combat|p1a: Bronzong\n|-damage|p1a: Bronzong|61\/100\n|-unboost|p2a: Topper|def|1\n|-unboost|p2a: Topper|spd|1\n|move|p1a: Bronzong|Earthquake|p2a: Topper\n|-damage|p2a: Topper|74\/100\n|\n|-heal|p2a: Topper|80\/100|[from] item: Leftovers\n|-heal|p1a: Bronzong|67\/100|[from] item: Leftovers\n|upkeep\n|turn|14\n|\n|t:|1640849690\n|switch|p2a: Skarmbird|Skarmory, M|91\/100 slp\n|move|p1a: Bronzong|Stealth Rock|p2a: Skarmbird\n|-sidestart|p2: Fighting Chansey|move: Stealth Rock\n|\n|-heal|p2a: Skarmbird|97\/100 slp|[from] item: Leftovers\n|-heal|p1a: Bronzong|73\/100|[from] item: Leftovers\n|upkeep\n|turn|15\n|\n|t:|1640849699\n|switch|p1a: Jirachi|Jirachi|100\/100\n|-damage|p1a: Jirachi|94\/100|[from] Stealth Rock\n|cant|p2a: Skarmbird|slp\n|\n|-heal|p1a: Jirachi|100\/100|[from] item: Leftovers\n|-heal|p2a: Skarmbird|100\/100 slp|[from] item: Leftovers\n|upkeep\n|turn|16\n|\n|t:|1640849704\n|move|p1a: Jirachi|Substitute|p1a: Jirachi\n|-start|p1a: Jirachi|Substitute\n|-damage|p1a: Jirachi|76\/100\n|cant|p2a: Skarmbird|slp\n|\n|-heal|p1a: Jirachi|82\/100|[from] item: Leftovers\n|upkeep\n|turn|17\n|\n|t:|1640849709\n|move|p1a: Jirachi|Fire Punch|p2a: Skarmbird\n|-supereffective|p2a: Skarmbird\n|-damage|p2a: Skarmbird|78\/100 slp\n|-curestatus|p2a: Skarmbird|slp|[msg]\n|move|p2a: Skarmbird|Whirlwind|p1a: Jirachi\n|drag|p1a: Bronzong|Bronzong|73\/100\n|-damage|p1a: Bronzong|67\/100|[from] Stealth Rock\n|\n|-heal|p2a: Skarmbird|84\/100|[from] item: Leftovers\n|-heal|p1a: Bronzong|73\/100|[from] item: Leftovers\n|upkeep\n|turn|18\n|\n|t:|1640849723\n|switch|p1a: Gyarados|Gyarados, M|100\/100\n|-damage|p1a: Gyarados|76\/100|[from] Stealth Rock\n|-ability|p1a: Gyarados|Intimidate|boost\n|-unboost|p2a: Skarmbird|atk|1\n|move|p2a: Skarmbird|Spikes|p1a: Gyarados\n|-sidestart|p1: Cowsrule247|Spikes\n|\n|-heal|p1a: Gyarados|82\/100|[from] item: Leftovers\n|-heal|p2a: Skarmbird|90\/100|[from] item: Leftovers\n|upkeep\n|turn|19\n|\n|t:|1640849730\n|move|p1a: Gyarados|Stone Edge|p2a: Skarmbird\n|-damage|p2a: Skarmbird|68\/100\n|move|p2a: Skarmbird|Spikes|p1a: Gyarados\n|-sidestart|p1: Cowsrule247|Spikes\n|\n|-heal|p1a: Gyarados|88\/100|[from] item: Leftovers\n|-heal|p2a: Skarmbird|74\/100|[from] item: Leftovers\n|upkeep\n|turn|20\n|\n|t:|1640849735\n|move|p1a: Gyarados|Waterfall|p2a: Skarmbird\n|-damage|p2a: Skarmbird|49\/100\n|move|p2a: Skarmbird|Spikes|p1a: Gyarados\n|-sidestart|p1: Cowsrule247|Spikes\n|\n|-heal|p1a: Gyarados|94\/100|[from] item: Leftovers\n|-heal|p2a: Skarmbird|55\/100|[from] item: Leftovers\n|upkeep\n|turn|21\n|inactive|Fighting Chansey has 120 seconds left.\n|\n|t:|1640849778\n|move|p1a: Gyarados|Waterfall|p2a: Skarmbird\n|-damage|p2a: Skarmbird|30\/100\n|cant|p2a: Skarmbird|flinch\n|\n|-heal|p1a: Gyarados|99\/100|[from] item: Leftovers\n|-heal|p2a: Skarmbird|36\/100|[from] item: Leftovers\n|upkeep\n|turn|22\n|\n|t:|1640849785\n|move|p1a: Gyarados|Dragon Dance|p1a: Gyarados\n|-boost|p1a: Gyarados|atk|1\n|-boost|p1a: Gyarados|spe|1\n|move|p2a: Skarmbird|Roost|p2a: Skarmbird\n|-heal|p2a: Skarmbird|86\/100\n|-singleturn|p2a: Skarmbird|move: Roost\n|\n|-heal|p1a: Gyarados|100\/100|[from] item: Leftovers\n|-heal|p2a: Skarmbird|92\/100|[from] item: Leftovers\n|upkeep\n|turn|23\n|\n|t:|1640849788\n|move|p1a: Gyarados|Waterfall|p2a: Skarmbird\n|-damage|p2a: Skarmbird|50\/100\n|move|p2a: Skarmbird|Whirlwind|p1a: Gyarados\n|drag|p1a: Jirachi|Jirachi|82\/100\n|-damage|p1a: Jirachi|76\/100|[from] Stealth Rock\n|-damage|p1a: Jirachi|51\/100|[from] Spikes\n|\n|-heal|p1a: Jirachi|57\/100|[from] item: Leftovers\n|-heal|p2a: Skarmbird|56\/100|[from] item: Leftovers\n|upkeep\n|turn|24\n|\n|t:|1640849798\n|move|p1a: Jirachi|Thunder Wave|p2a: Skarmbird\n|-status|p2a: Skarmbird|par\n|move|p2a: Skarmbird|Whirlwind|p1a: Jirachi\n|drag|p1a: Tyranitar|Tyranitar, M|100\/100\n|-damage|p1a: Tyranitar|76\/100|[from] Spikes\n|-damage|p1a: Tyranitar|63\/100|[from] Stealth Rock\n|-weather|Sandstorm|[from] ability: Sand Stream|[of] p1a: Tyranitar\n|\n|-weather|Sandstorm|[upkeep]\n|-heal|p2a: Skarmbird|62\/100 par|[from] item: Leftovers\n|upkeep\n|turn|25\n|\n|t:|1640849808\n|move|p1a: Tyranitar|Dragon Dance|p1a: Tyranitar\n|-boost|p1a: Tyranitar|atk|1\n|-boost|p1a: Tyranitar|spe|1\n|move|p2a: Skarmbird|Whirlwind|p1a: Tyranitar\n|drag|p1a: Flygon|Flygon, M|49\/100\n|-damage|p1a: Flygon|43\/100|[from] Stealth Rock\n|\n|-weather|Sandstorm|[upkeep]\n|-heal|p2a: Skarmbird|68\/100 par|[from] item: Leftovers\n|upkeep\n|turn|26\n|\n|t:|1640849822\n|move|p1a: Flygon|Fire Blast|p2a: Skarmbird|[miss]\n|-miss|p1a: Flygon|p2a: Skarmbird\n|move|p2a: Skarmbird|Whirlwind|p1a: Flygon\n|drag|p1a: Gyarados|Gyarados, M|100\/100\n|-damage|p1a: Gyarados|76\/100|[from] Stealth Rock\n|-ability|p1a: Gyarados|Intimidate|boost\n|-unboost|p2a: Skarmbird|atk|1\n|\n|-weather|Sandstorm|[upkeep]\n|-damage|p1a: Gyarados|70\/100|[from] Sandstorm\n|-heal|p1a: Gyarados|76\/100|[from] item: Leftovers\n|-heal|p2a: Skarmbird|74\/100 par|[from] item: Leftovers\n|upkeep\n|turn|27\n|\n|t:|1640849832\n|move|p1a: Gyarados|Dragon Dance|p1a: Gyarados\n|-boost|p1a: Gyarados|atk|1\n|-boost|p1a: Gyarados|spe|1\n|cant|p2a: Skarmbird|par\n|\n|-weather|Sandstorm|[upkeep]\n|-damage|p1a: Gyarados|70\/100|[from] Sandstorm\n|-heal|p1a: Gyarados|76\/100|[from] item: Leftovers\n|-heal|p2a: Skarmbird|80\/100 par|[from] item: Leftovers\n|upkeep\n|turn|28\n|\n|t:|1640849838\n|move|p1a: Gyarados|Waterfall|p2a: Skarmbird\n|-damage|p2a: Skarmbird|42\/100 par\n|move|p2a: Skarmbird|Whirlwind|p1a: Gyarados\n|drag|p1a: Bronzong|Bronzong|73\/100\n|-damage|p1a: Bronzong|67\/100|[from] Stealth Rock\n|\n|-weather|Sandstorm|[upkeep]\n|-heal|p1a: Bronzong|73\/100|[from] item: Leftovers\n|-heal|p2a: Skarmbird|48\/100 par|[from] item: Leftovers\n|upkeep\n|turn|29\n|\n|t:|1640849845\n|move|p1a: Bronzong|Earthquake|p2a: Skarmbird\n|-immune|p2a: Skarmbird\n|move|p2a: Skarmbird|Roost|p2a: Skarmbird\n|-heal|p2a: Skarmbird|98\/100 par\n|-singleturn|p2a: Skarmbird|move: Roost\n|\n|-weather|Sandstorm|[upkeep]\n|-heal|p1a: Bronzong|79\/100|[from] item: Leftovers\n|-heal|p2a: Skarmbird|100\/100 par|[from] item: Leftovers\n|upkeep\n|turn|30\n|\n|t:|1640849855\n|move|p1a: Bronzong|Gyro Ball|p2a: Skarmbird\n|-resisted|p2a: Skarmbird\n|-damage|p2a: Skarmbird|99\/100 par\n|move|p2a: Skarmbird|Brave Bird|p1a: Bronzong\n|-resisted|p1a: Bronzong\n|-damage|p1a: Bronzong|72\/100\n|-damage|p2a: Skarmbird|96\/100 par|[from] Recoil\n|\n|-weather|Sandstorm|[upkeep]\n|-heal|p1a: Bronzong|78\/100|[from] item: Leftovers\n|-heal|p2a: Skarmbird|100\/100 par|[from] item: Leftovers\n|upkeep\n|turn|31\n|\n|t:|1640849865\n|switch|p2a: Euphobium|Blissey, F|100\/100\n|-damage|p2a: Euphobium|88\/100|[from] Stealth Rock\n|move|p1a: Bronzong|Gyro Ball|p2a: Euphobium\n|-damage|p2a: Euphobium|65\/100\n|\n|-weather|Sandstorm|[upkeep]\n|-damage|p2a: Euphobium|59\/100|[from] Sandstorm\n|-heal|p1a: Bronzong|84\/100|[from] item: Leftovers\n|upkeep\n|turn|32\n|\n|t:|1640849878\n|switch|p1a: Flygon|Flygon, M|43\/100\n|-damage|p1a: Flygon|37\/100|[from] Stealth Rock\n|move|p2a: Euphobium|Wish|p2a: Euphobium\n|\n|-weather|Sandstorm|[upkeep]\n|-damage|p2a: Euphobium|52\/100|[from] Sandstorm\n|upkeep\n|turn|33\n|\n|t:|1640849886\n|switch|p2a: Blacksmith Ran|Heatran, F|50\/100\n|-damage|p2a: Blacksmith Ran|38\/100|[from] Stealth Rock\n|move|p1a: Flygon|Fire Blast|p2a: Blacksmith Ran\n|-start|p2a: Blacksmith Ran|ability: Flash Fire\n|\n|-heal|p2a: Blacksmith Ran|88\/100|[from] move: Wish|[wisher] Euphobium\n|-weather|Sandstorm|[upkeep]\n|upkeep\n|turn|34\n|\n|t:|1640849895\n|switch|p1a: Jirachi|Jirachi|57\/100\n|-damage|p1a: Jirachi|32\/100|[from] Spikes\n|-damage|p1a: Jirachi|26\/100|[from] Stealth Rock\n|move|p2a: Blacksmith Ran|Fire Blast|p1a: Jirachi\n|-supereffective|p1a: Jirachi\n|-damage|p1a: Jirachi|0 fnt\n|faint|p1a: Jirachi\n|\n|-weather|Sandstorm|[upkeep]\n|upkeep\n|\n|t:|1640849900\n|switch|p1a: Flygon|Flygon, M|37\/100\n|-damage|p1a: Flygon|31\/100|[from] Stealth Rock\n|turn|35\n|\n|t:|1640849904\n|move|p1a: Flygon|U-turn|p2a: Blacksmith Ran\n|-resisted|p2a: Blacksmith Ran\n|-damage|p2a: Blacksmith Ran|83\/100\n|\n|t:|1640849907\n|switch|p1a: Bronzong|Bronzong|84\/100|[from]move: U-turn\n|-damage|p1a: Bronzong|78\/100|[from] Stealth Rock\n|move|p2a: Blacksmith Ran|Fire Blast|p1a: Bronzong\n|-supereffective|p1a: Bronzong\n|-damage|p1a: Bronzong|0 fnt\n|faint|p1a: Bronzong\n|\n|-weather|Sandstorm|[upkeep]\n|upkeep\n|\n|t:|1640849910\n|switch|p1a: Flygon|Flygon, M|31\/100\n|-damage|p1a: Flygon|25\/100|[from] Stealth Rock\n|turn|36\n|\n|t:|1640849916\n|move|p1a: Flygon|U-turn|p2a: Blacksmith Ran\n|-resisted|p2a: Blacksmith Ran\n|-damage|p2a: Blacksmith Ran|78\/100\n|\n|t:|1640849919\n|switch|p1a: Gyarados|Gyarados, M|76\/100|[from]move: U-turn\n|-damage|p1a: Gyarados|51\/100|[from] Stealth Rock\n|-ability|p1a: Gyarados|Intimidate|boost\n|-unboost|p2a: Blacksmith Ran|atk|1\n|move|p2a: Blacksmith Ran|Fire Blast|p1a: Gyarados\n|-resisted|p1a: Gyarados\n|-crit|p1a: Gyarados\n|-damage|p1a: Gyarados|0 fnt\n|faint|p1a: Gyarados\n|\n|-weather|Sandstorm|[upkeep]\n|upkeep\n|\n|t:|1640849921\n|switch|p1a: Flygon|Flygon, M|25\/100\n|-damage|p1a: Flygon|19\/100|[from] Stealth Rock\n|turn|37\n|\n|t:|1640849928\n|move|p1a: Flygon|U-turn|p2a: Blacksmith Ran\n|-resisted|p2a: Blacksmith Ran\n|-damage|p2a: Blacksmith Ran|73\/100\n|\n|t:|1640849930\n|switch|p1a: Tyranitar|Tyranitar, M|63\/100|[from]move: U-turn\n|-damage|p1a: Tyranitar|38\/100|[from] Spikes\n|-damage|p1a: Tyranitar|26\/100|[from] Stealth Rock\n|move|p2a: Blacksmith Ran|Fire Blast|p1a: Tyranitar\n|-resisted|p1a: Tyranitar\n|-damage|p1a: Tyranitar|0 fnt\n|faint|p1a: Tyranitar\n|\n|-weather|Sandstorm|[upkeep]\n|upkeep\n|-message|Cowsrule247 forfeited.\n|\n|win|Fighting Chansey\n|raw|Cowsrule247's rating: 1279 &rarr; <strong>1237<\/strong><br \/>(-42 for losing)\n|raw|Fighting Chansey's rating: 1000 &rarr; <strong>1067<\/strong><br \/>(+67 for winning)\n|l|\u2606Cowsrule247\n|c|\u2606Fighting Chansey|GG\n","uploadtime":1640849941,"views":17,"p1id":"cowsrule247","p2id":"fightingchansey","formatid":"gen4ou","rating":1067,"private":0,"password":null}