{"id":"gen4ou-1034030028","p1":"Rorschach I","p2":"Cowsrule247","format":"gen4ou","log":"|j|\u2606Rorschach I\n|j|\u2606Cowsrule247\n|player|p1|Rorschach I|cynthia|1346\n|player|p2|Cowsrule247|192|1305\n|teamsize|p1|6\n|teamsize|p2|6\n|gametype|singles\n|gen|4\n|tier|[Gen 4] OU\n|rated|\n|rule|Sleep Clause Mod: Limit one foe put to sleep\n|rule|Species Clause: Limit one of each Pok\u00e9mon\n|rule|OHKO Clause: OHKO moves are banned\n|rule|Moody Clause: Moody is banned\n|rule|Evasion Moves Clause: Evasion moves are banned\n|rule|Endless Battle Clause: Forcing endless battles is banned\n|rule|HP Percentage Mod: HP is shown in percentages\n|rule|Baton Pass Clause: Limit one Baton Passer, can't pass Spe and other stats simultaneously\n|\n|start\n|switch|p1a: Jirachi|Jirachi|100\/100\n|switch|p2a: Infernape|Infernape, F|100\/100\n|turn|1\n|inactive|Battle timer is ON: inactive players will automatically lose when time's up. (requested by Cowsrule247)\n|\n|move|p2a: Infernape|Fake Out|p1a: Jirachi\n|-resisted|p1a: Jirachi\n|-damage|p1a: Jirachi|95\/100\n|cant|p1a: Jirachi|flinch\n|\n|upkeep\n|turn|2\n|\n|move|p1a: Jirachi|Iron Head|p2a: Infernape\n|-resisted|p2a: Infernape\n|-damage|p2a: Infernape|73\/100\n|move|p2a: Infernape|Stealth Rock|p1a: Jirachi\n|-sidestart|p1: Rorschach I|move: Stealth Rock\n|\n|upkeep\n|turn|3\n|\n|move|p1a: Jirachi|Iron Head|p2a: Infernape\n|-resisted|p2a: Infernape\n|-damage|p2a: Infernape|48\/100\n|cant|p2a: Infernape|flinch\n|\n|upkeep\n|turn|4\n|\n|move|p1a: Jirachi|Iron Head|p2a: Infernape\n|-resisted|p2a: Infernape\n|-crit|p2a: Infernape\n|-damage|p2a: Infernape|0 fnt\n|faint|p2a: Infernape\n|\n|upkeep\n|j| Dogseller\n|\n|switch|p2a: Gyarados|Gyarados, M|100\/100\n|-ability|p2a: Gyarados|Intimidate|boost\n|-unboost|p1a: Jirachi|atk|1\n|turn|5\n|\n|switch|p1a: Celebi|Celebi|100\/100\n|-damage|p1a: Celebi|88\/100|[from] Stealth Rock\n|move|p2a: Gyarados|Dragon Dance|p2a: Gyarados\n|-boost|p2a: Gyarados|atk|1\n|-boost|p2a: Gyarados|spe|1\n|\n|upkeep\n|turn|6\n|\n|move|p2a: Gyarados|Ice Fang|p1a: Celebi\n|-supereffective|p1a: Celebi\n|-damage|p1a: Celebi|0 fnt\n|-damage|p2a: Gyarados|91\/100|[from] item: Life Orb\n|faint|p1a: Celebi\n|\n|upkeep\n|\n|switch|p1a: Jirachi|Jirachi|95\/100\n|-damage|p1a: Jirachi|89\/100|[from] Stealth Rock\n|turn|7\n|l| Dogseller\n|\n|switch|p2a: Scizor|Scizor, F|100\/100\n|move|p1a: Jirachi|Thunder Punch|p2a: Scizor\n|-damage|p2a: Scizor|81\/100\n|\n|-heal|p2a: Scizor|87\/100|[from] item: Leftovers\n|upkeep\n|turn|8\n|\n|switch|p1a: Magnezone|Magnezone|100\/100\n|-damage|p1a: Magnezone|94\/100|[from] Stealth Rock\n|move|p2a: Scizor|Swords Dance|p2a: Scizor\n|-boost|p2a: Scizor|atk|2\n|\n|-heal|p2a: Scizor|93\/100|[from] item: Leftovers\n|upkeep\n|turn|9\n|\n|move|p1a: Magnezone|Hidden Power|p2a: Scizor\n|-supereffective|p2a: Scizor\n|-damage|p2a: Scizor|0 fnt\n|faint|p2a: Scizor\n|\n|upkeep\n|\n|switch|p2a: Tyranitar|Tyranitar, F|100\/100\n|-weather|Sandstorm|[from] ability: Sand Stream|[of] p2a: Tyranitar\n|turn|10\n|j| Chupetes\n|\n|switch|p1a: Jirachi|Jirachi|89\/100\n|-damage|p1a: Jirachi|83\/100|[from] Stealth Rock\n|move|p2a: Tyranitar|Crunch|p1a: Jirachi\n|-damage|p1a: Jirachi|8\/100\n|-unboost|p1a: Jirachi|def|1\n|\n|-weather|Sandstorm|[upkeep]\n|upkeep\n|turn|11\n|\n|switch|p2a: Gyarados|Gyarados, M|91\/100\n|-ability|p2a: Gyarados|Intimidate|boost\n|-unboost|p1a: Jirachi|atk|1\n|move|p1a: Jirachi|U-turn|p2a: Gyarados\n|-resisted|p2a: Gyarados\n|-damage|p2a: Gyarados|81\/100\n|\n|switch|p1a: Tyranitar|Tyranitar, M|100\/100|[from]move: U-turn\n|-damage|p1a: Tyranitar|88\/100|[from] Stealth Rock\n|\n|-weather|Sandstorm|[upkeep]\n|-damage|p2a: Gyarados|75\/100|[from] Sandstorm\n|upkeep\n|turn|12\n|inactive|Cowsrule247 has 120 seconds left.\n|\n|switch|p2a: Starmie|Starmie|100\/100\n|move|p1a: Tyranitar|Stone Edge|p2a: Starmie|[miss]\n|-miss|p1a: Tyranitar|p2a: Starmie\n|\n|-weather|Sandstorm|[upkeep]\n|-damage|p2a: Starmie|94\/100|[from] Sandstorm\n|upkeep\n|turn|13\n|\n|move|p2a: Starmie|Hydro Pump|p1a: Tyranitar\n|-supereffective|p1a: Tyranitar\n|-enditem|p1a: Tyranitar|Passho Berry|[eat]\n|-enditem|p1a: Tyranitar|Passho Berry|[weaken]\n|-damage|p1a: Tyranitar|48\/100\n|-damage|p2a: Starmie|84\/100|[from] item: Life Orb\n|move|p1a: Tyranitar|Crunch|p2a: Starmie\n|-supereffective|p2a: Starmie\n|-damage|p2a: Starmie|0 fnt\n|faint|p2a: Starmie\n|\n|-weather|Sandstorm|[upkeep]\n|upkeep\n|inactive|Cowsrule247 has 120 seconds left.\n|\n|switch|p2a: Gengar|Gengar, M|100\/100\n|turn|14\n|\n|move|p2a: Gengar|Focus Blast|p1a: Tyranitar\n|-supereffective|p1a: Tyranitar\n|-damage|p1a: Tyranitar|0 fnt\n|-damage|p2a: Gengar|91\/100|[from] item: Life Orb\n|faint|p1a: Tyranitar\n|\n|-weather|Sandstorm|[upkeep]\n|-damage|p2a: Gengar|84\/100|[from] Sandstorm\n|upkeep\n|inactive|Rorschach I has 120 seconds left.\n|\n|switch|p1a: Dugtrio|Dugtrio, M|100\/100\n|-damage|p1a: Dugtrio|94\/100|[from] Stealth Rock\n|turn|15\n|inactive|Cowsrule247 has 120 seconds left.\n|\n|switch|p2a: Gyarados|Gyarados, M|75\/100\n|-ability|p2a: Gyarados|Intimidate|boost\n|-unboost|p1a: Dugtrio|atk|1\n|move|p1a: Dugtrio|Sucker Punch|p2a: Gyarados\n|-fail|p1a: Dugtrio\n|\n|-weather|Sandstorm|[upkeep]\n|-damage|p2a: Gyarados|69\/100|[from] Sandstorm\n|upkeep\n|turn|16\n|\n|switch|p1a: Magnezone|Magnezone|94\/100\n|-damage|p1a: Magnezone|88\/100|[from] Stealth Rock\n|move|p2a: Gyarados|Dragon Dance|p2a: Gyarados\n|-boost|p2a: Gyarados|atk|1\n|-boost|p2a: Gyarados|spe|1\n|\n|-weather|Sandstorm|[upkeep]\n|-damage|p2a: Gyarados|63\/100|[from] Sandstorm\n|upkeep\n|turn|17\n|\n|move|p2a: Gyarados|Earthquake|p1a: Magnezone\n|-supereffective|p1a: Magnezone\n|-damage|p1a: Magnezone|0 fnt\n|-damage|p2a: Gyarados|53\/100|[from] item: Life Orb\n|faint|p1a: Magnezone\n|\n|-weather|Sandstorm|[upkeep]\n|-damage|p2a: Gyarados|47\/100|[from] Sandstorm\n|upkeep\n|\n|switch|p1a: Jirachi|Jirachi|8\/100\n|-damage|p1a: Jirachi|1\/100|[from] Stealth Rock\n|turn|18\n|\n|switch|p2a: Tyranitar|Tyranitar, F|100\/100\n|move|p1a: Jirachi|Thunder Punch|p2a: Tyranitar\n|-damage|p2a: Tyranitar|82\/100\n|\n|-weather|Sandstorm|[upkeep]\n|upkeep\n|turn|19\n|\n|move|p1a: Jirachi|Thunder Punch|p2a: Tyranitar\n|-damage|p2a: Tyranitar|64\/100\n|move|p2a: Tyranitar|Aqua Tail|p1a: Jirachi\n|-crit|p1a: Jirachi\n|-damage|p1a: Jirachi|0 fnt\n|faint|p1a: Jirachi\n|\n|-weather|Sandstorm|[upkeep]\n|upkeep\n|\n|switch|p1a: Dugtrio|Dugtrio, M|94\/100\n|-damage|p1a: Dugtrio|88\/100|[from] Stealth Rock\n|turn|20\n|\n|move|p1a: Dugtrio|Stone Edge|p2a: Tyranitar|[miss]\n|-miss|p1a: Dugtrio|p2a: Tyranitar\n|move|p2a: Tyranitar|Aqua Tail|p1a: Dugtrio\n|-supereffective|p1a: Dugtrio\n|-damage|p1a: Dugtrio|0 fnt\n|faint|p1a: Dugtrio\n|\n|-weather|Sandstorm|[upkeep]\n|upkeep\n|\n|switch|p1a: Latias|Latias, F|100\/100\n|-damage|p1a: Latias|88\/100|[from] Stealth Rock\n|turn|21\n|\n|move|p1a: Latias|Surf|p2a: Tyranitar\n|-supereffective|p2a: Tyranitar\n|-damage|p2a: Tyranitar|10\/100\n|move|p2a: Tyranitar|Aqua Tail|p1a: Latias\n|-resisted|p1a: Latias\n|-damage|p1a: Latias|58\/100\n|\n|-weather|Sandstorm|[upkeep]\n|-damage|p1a: Latias|52\/100|[from] Sandstorm\n|upkeep\n|turn|22\n|\n|move|p1a: Latias|Surf|p2a: Tyranitar\n|-supereffective|p2a: Tyranitar\n|-damage|p2a: Tyranitar|0 fnt\n|faint|p2a: Tyranitar\n|\n|-weather|Sandstorm|[upkeep]\n|-damage|p1a: Latias|46\/100|[from] Sandstorm\n|upkeep\n|\n|switch|p2a: Gyarados|Gyarados, M|47\/100\n|-ability|p2a: Gyarados|Intimidate|boost\n|-unboost|p1a: Latias|atk|1\n|turn|23\n|\n|move|p1a: Latias|Surf|p2a: Gyarados\n|-resisted|p2a: Gyarados\n|-damage|p2a: Gyarados|23\/100\n|move|p2a: Gyarados|Ice Fang|p1a: Latias\n|-supereffective|p1a: Latias\n|-damage|p1a: Latias|0 fnt\n|-damage|p2a: Gyarados|13\/100|[from] item: Life Orb\n|faint|p1a: Latias\n|\n|win|Cowsrule247\n|l|\u2606Rorschach I\n|l|\u2606Cowsrule247\n|raw|Rorschach I's rating: 1331 &rarr; <strong>1309<\/strong><br \/>(-22 for losing)\n|raw|Cowsrule247's rating: 1305 &rarr; <strong>1326<\/strong><br \/>(+21 for winning)\n|l| Chupetes\n","uploadtime":1577056533,"views":9,"p1id":"rorschachi","p2id":"cowsrule247","formatid":"gen4ou","rating":1309,"private":0,"password":null}