{"id":"gen4ou-1601165736","p1":"DecidueyeOwlArcher","p2":"Oryen","format":"gen4ou","log":"|j|\u2606DecidueyeOwlArcher\n|j|\u2606Oryen\n|inactive|Battle timer is ON: inactive players will automatically lose when time's up.\n|t:|1655828671\n|gametype|singles\n|player|p1|DecidueyeOwlArcher|ash-kalos|\n|player|p2|Oryen|bruno-gen1|\n|teamsize|p1|6\n|teamsize|p2|6\n|gen|4\n|tier|[Gen 4] OU\n|rated|Tournament battle\n|rule|Sleep Clause Mod: Limit one foe put to sleep\n|rule|Species Clause: Limit one of each Pok\u00e9mon\n|rule|OHKO Clause: OHKO moves are banned\n|rule|Evasion Moves Clause: Evasion moves are banned\n|rule|Endless Battle Clause: Forcing endless battles is banned\n|rule|HP Percentage Mod: HP is shown in percentages\n|\n|t:|1655828671\n|start\n|switch|p1a: Infernape|Infernape, M|100\/100\n|switch|p2a: Azelf|Azelf|100\/100\n|turn|1\n|j|*Lady Monita \u2600\n|\n|t:|1655828690\n|move|p1a: Infernape|Fake Out|p2a: Azelf\n|-damage|p2a: Azelf|82\/100\n|cant|p2a: Azelf|flinch\n|\n|upkeep\n|turn|2\n|\n|t:|1655828703\n|switch|p1a: Honchkrow|Honchkrow, M|100\/100\n|move|p2a: Azelf|Explosion|p1a: Honchkrow\n|-damage|p1a: Honchkrow|0 fnt\n|faint|p2a: Azelf\n|faint|p1a: Honchkrow\n|\n|upkeep\n|\n|t:|1655828715\n|switch|p2a: Latias|Latias, F|100\/100\n|switch|p1a: Infernape|Infernape, M|100\/100\n|turn|3\n|\n|t:|1655828722\n|move|p1a: Infernape|Fake Out|p2a: Latias\n|-damage|p2a: Latias|84\/100\n|cant|p2a: Latias|flinch\n|\n|upkeep\n|turn|4\n|\n|t:|1655828730\n|switch|p1a: Blissey|Blissey, F|100\/100\n|move|p2a: Latias|Thunder Wave|p1a: Blissey\n|-status|p1a: Blissey|par\n|\n|upkeep\n|turn|5\n|\n|t:|1655828739\n|switch|p2a: Lucario|Lucario, F|100\/100\n|move|p1a: Blissey|Calm Mind|p1a: Blissey\n|-boost|p1a: Blissey|spa|1\n|-boost|p1a: Blissey|spd|1\n|\n|upkeep\n|turn|6\n|\n|t:|1655828749\n|switch|p1a: Infernape|Infernape, M|100\/100\n|move|p2a: Lucario|Close Combat|p1a: Infernape\n|-damage|p1a: Infernape|11\/100\n|-unboost|p2a: Lucario|def|1\n|-unboost|p2a: Lucario|spd|1\n|-enditem|p1a: Infernape|Liechi Berry|[eat]\n|-boost|p1a: Infernape|atk|1|[from] item: Liechi Berry\n|\n|upkeep\n|turn|7\n|\n|t:|1655828769\n|switch|p2a: Latias|Latias, F|84\/100\n|move|p1a: Infernape|Fake Out|p2a: Latias\n|-damage|p2a: Latias|64\/100\n|\n|upkeep\n|turn|8\n|\n|t:|1655828781\n|move|p2a: Latias|Trick|p1a: Infernape\n|-activate|p2a: Latias|move: Trick|[of] p1a: Infernape\n|-item|p1a: Infernape|Choice Scarf|[from] move: Trick\n|-enditem|p2a: Latias|Choice Scarf|[silent]|[from] move: Trick\n|move|p1a: Infernape|Close Combat|p2a: Latias\n|-resisted|p2a: Latias\n|-damage|p2a: Latias|11\/100\n|-unboost|p1a: Infernape|def|1\n|-unboost|p1a: Infernape|spd|1\n|\n|upkeep\n|turn|9\n|inactive|Oryen has 120 seconds left.\n|\n|t:|1655828817\n|move|p1a: Infernape|Close Combat|p2a: Latias\n|-resisted|p2a: Latias\n|-damage|p2a: Latias|0 fnt\n|-unboost|p1a: Infernape|def|1\n|-unboost|p1a: Infernape|spd|1\n|faint|p2a: Latias\n|\n|upkeep\n|\n|t:|1655828822\n|switch|p2a: Metagross|Metagross|100\/100\n|turn|10\n|\n|t:|1655828832\n|move|p1a: Infernape|Close Combat|p2a: Metagross\n|-damage|p2a: Metagross|31\/100\n|-unboost|p1a: Infernape|def|1\n|-unboost|p1a: Infernape|spd|1\n|move|p2a: Metagross|Earthquake|p1a: Infernape\n|-supereffective|p1a: Infernape\n|-damage|p1a: Infernape|0 fnt\n|faint|p1a: Infernape\n|\n|upkeep\n|\n|t:|1655828844\n|switch|p1a: Vaporeon|Vaporeon, F|100\/100\n|turn|11\n|\n|t:|1655828848\n|move|p2a: Metagross|Explosion|p1a: Vaporeon\n|-damage|p1a: Vaporeon|0 fnt\n|faint|p2a: Metagross\n|faint|p1a: Vaporeon\n|\n|upkeep\n|\n|t:|1655828856\n|switch|p2a: Tyranitar|Tyranitar, M, shiny|100\/100\n|switch|p1a: Skarmory|Skarmory, M|100\/100\n|-weather|Sandstorm|[from] ability: Sand Stream|[of] p2a: Tyranitar\n|turn|12\n|\n|t:|1655828865\n|move|p2a: Tyranitar|Fire Blast|p1a: Skarmory\n|-supereffective|p1a: Skarmory\n|-damage|p1a: Skarmory|41\/100\n|move|p1a: Skarmory|Iron Defense|p1a: Skarmory\n|-boost|p1a: Skarmory|def|2\n|\n|-weather|Sandstorm|[upkeep]\n|-heal|p1a: Skarmory|47\/100|[from] item: Leftovers\n|upkeep\n|turn|13\n|\n|t:|1655828872\n|switch|p1a: Breloom|Breloom, F|100\/100\n|move|p2a: Tyranitar|Fire Blast|p1a: Breloom|[miss]\n|-miss|p2a: Tyranitar|p1a: Breloom\n|\n|-weather|Sandstorm|[upkeep]\n|-damage|p1a: Breloom|94\/100|[from] Sandstorm\n|-status|p1a: Breloom|tox|[from] item: Toxic Orb\n|upkeep\n|turn|14\n|\n|t:|1655828888\n|move|p2a: Tyranitar|Fire Blast|p1a: Breloom\n|-supereffective|p1a: Breloom\n|-damage|p1a: Breloom|0 fnt\n|faint|p1a: Breloom\n|\n|-weather|Sandstorm|[upkeep]\n|upkeep\n|-message|DecidueyeOwlArcher forfeited.\n|\n|win|Oryen\n|n|\u2606DecidueyeOwlArcher|decidueyeowlarcher\n|n|\u2606Oryen|oryen\n|n|*Lady Monita \u2600|ladymonita\n|l|*Lady Monita \u2600\n|l|\u2606DecidueyeOwlArcher\n|l|\u2606Oryen\n|j| Ara ara<3\n","uploadtime":1655829421,"views":7,"p1id":"decidueyeowlarcher","p2id":"oryen","formatid":"gen4ou","rating":0,"private":0,"password":null}