{"id":"gen4randombattle-1586065231","p1":"BigWes95","p2":"Xceloh","format":"gen4randombattle","log":"|j|\u2606BigWes95\n|j|\u2606Xceloh\n|t:|1653941175\n|gametype|singles\n|player|p1|BigWes95|lusamine-nihilego|\n|player|p2|Xceloh|boarder-gen2|\n|teamsize|p1|6\n|teamsize|p2|6\n|gen|4\n|tier|[Gen 4] Random Battle\n|rated|Tournament battle\n|rule|Sleep Clause Mod: Limit one foe put to sleep\n|rule|HP Percentage Mod: HP is shown in percentages\n|\n|t:|1653941175\n|start\n|switch|p1a: Garchomp|Garchomp, L76, F|289\/289\n|switch|p2a: Machamp|Machamp, L80, F|275\/275\n|turn|1\n|inactive|Battle timer is ON: inactive players will automatically lose when time's up. (requested by BigWes95)\n|j| nemoauditur\n|c|\u2606BigWes95|Gl\n|j|%piaa\n|c| nemoauditur|My apologies BigWes95 for keeping you waiting\n|j| Mr.Chiling\n|c|%piaa|another 30 minute game lgi\n|j| Amy3125\n|c| nemoauditur|gl both <3\n|l| nemoauditur\n|inactive|Xceloh has 120 seconds left.\n|\n|t:|1653941210\n|move|p1a: Garchomp|Stealth Rock|p2a: Machamp\n|-sidestart|p2: Xceloh|move: Stealth Rock\n|move|p2a: Machamp|Dynamic Punch|p1a: Garchomp\n|-damage|p1a: Garchomp|124\/289\n|-start|p1a: Garchomp|confusion\n|-damage|p2a: Machamp|248\/275|[from] item: Life Orb\n|\n|-heal|p1a: Garchomp|142\/289|[from] item: Leftovers\n|upkeep\n|turn|2\n|\n|t:|1653941215\n|switch|p1a: Mismagius|Mismagius, L84, F|238\/238\n|move|p2a: Machamp|Dynamic Punch|p1a: Mismagius\n|-immune|p1a: Mismagius\n|\n|upkeep\n|turn|3\n|j|+heroictobias\n|\n|t:|1653941234\n|move|p1a: Mismagius|Will-O-Wisp|p2a: Machamp\n|-status|p2a: Machamp|brn\n|move|p2a: Machamp|Ice Punch|p1a: Mismagius\n|-crit|p1a: Mismagius\n|-damage|p1a: Mismagius|136\/238\n|-status|p1a: Mismagius|frz\n|-damage|p2a: Machamp|221\/275 brn|[from] item: Life Orb\n|\n|-heal|p1a: Mismagius|150\/238 frz|[from] item: Leftovers\n|-damage|p2a: Machamp|187\/275 brn|[from] brn\n|upkeep\n|turn|4\n|\n|t:|1653941245\n|switch|p2a: Absol|Absol, L84, F|246\/246\n|-damage|p2a: Absol|216\/246|[from] Stealth Rock\n|cant|p1a: Mismagius|frz\n|\n|-heal|p1a: Mismagius|164\/238 frz|[from] item: Leftovers\n|upkeep\n|turn|5\n|j| antisocialkyle\n|\n|t:|1653941252\n|switch|p1a: Pachirisu|Pachirisu, L88, F|249\/249\n|move|p2a: Absol|Swords Dance|p2a: Absol\n|-boost|p2a: Absol|atk|2\n|\n|upkeep\n|turn|6\n|c|%piaa|freeze crit dayum\n|\n|t:|1653941276\n|move|p1a: Pachirisu|Discharge|p2a: Absol\n|-damage|p2a: Absol|144\/246\n|-status|p2a: Absol|par\n|move|p2a: Absol|Superpower|p1a: Pachirisu\n|-damage|p1a: Pachirisu|0 fnt\n|-unboost|p2a: Absol|atk|1\n|-unboost|p2a: Absol|def|1\n|faint|p1a: Pachirisu\n|-damage|p2a: Absol|120\/246 par|[from] item: Life Orb\n|\n|upkeep\n|j| DracokidYT\n|\n|t:|1653941293\n|switch|p1a: Weezing|Weezing, L84, F|246\/246\n|turn|7\n|j| poppybro\n|\n|t:|1653941305\n|move|p1a: Weezing|Sludge Bomb|p2a: Absol\n|-damage|p2a: Absol|12\/246 par\n|move|p2a: Absol|Psycho Cut|p1a: Weezing\n|-supereffective|p1a: Weezing\n|-damage|p1a: Weezing|64\/246\n|-damage|p2a: Absol|0 fnt|[from] item: Life Orb\n|faint|p2a: Absol\n|\n|-heal|p1a: Weezing|79\/246|[from] item: Black Sludge\n|upkeep\n|l| poppybro\n|\n|t:|1653941324\n|switch|p2a: Azelf|Azelf, L80|251\/251\n|-damage|p2a: Azelf|220\/251|[from] Stealth Rock\n|turn|8\n|\n|t:|1653941331\n|move|p2a: Azelf|Psychic|p1a: Weezing\n|-supereffective|p1a: Weezing\n|-damage|p1a: Weezing|0 fnt\n|faint|p1a: Weezing\n|-damage|p2a: Azelf|195\/251|[from] item: Life Orb\n|\n|upkeep\n|\n|t:|1653941333\n|switch|p1a: Wormadam|Wormadam, L88, F|249\/249\n|-ability|p1a: Wormadam|Anticipation\n|turn|9\n|c| DracokidYT|kinda sad pachirisu died\n|\n|t:|1653941337\n|move|p2a: Azelf|Fire Blast|p1a: Wormadam\n|-supereffective|p1a: Wormadam\n|-damage|p1a: Wormadam|0 fnt\n|faint|p1a: Wormadam\n|-damage|p2a: Azelf|170\/251|[from] item: Life Orb\n|\n|upkeep\n|\n|t:|1653941340\n|switch|p1a: Clefable|Clefable, L84, M|297\/297\n|turn|10\n|\n|t:|1653941354\n|move|p2a: Azelf|Nasty Plot|p2a: Azelf\n|-boost|p2a: Azelf|spa|2\n|move|p1a: Clefable|Double-Edge|p2a: Azelf\n|-damage|p2a: Azelf|19\/251\n|\n|upkeep\n|turn|11\n|\n|t:|1653941359\n|switch|p1a: Mismagius|Mismagius, L84, F|164\/238 frz\n|move|p2a: Azelf|Psychic|p1a: Mismagius\n|-damage|p1a: Mismagius|0 fnt\n|faint|p1a: Mismagius\n|-damage|p2a: Azelf|0 fnt|[from] item: Life Orb\n|faint|p2a: Azelf\n|\n|upkeep\n|\n|t:|1653941373\n|switch|p2a: Machamp|Machamp, L80, F|187\/275 brn\n|switch|p1a: Garchomp|Garchomp, L76, F|142\/289\n|-damage|p2a: Machamp|170\/275 brn|[from] Stealth Rock\n|turn|12\n|c| DracokidYT|69-noice\n|j| nemoauditur\n|\n|t:|1653941379\n|move|p1a: Garchomp|Outrage|p2a: Machamp\n|-damage|p2a: Machamp|23\/275 brn\n|move|p2a: Machamp|Ice Punch|p1a: Garchomp\n|-supereffective|p1a: Garchomp\n|-damage|p1a: Garchomp|0 fnt\n|faint|p1a: Garchomp\n|-damage|p2a: Machamp|0 fnt|[from] item: Life Orb\n|faint|p2a: Machamp\n|\n|upkeep\n|j| Karloe2\n|\n|t:|1653941397\n|switch|p1a: Clefable|Clefable, L84, M|297\/297\n|switch|p2a: Poliwrath|Poliwrath, L88, F|302\/302\n|-damage|p2a: Poliwrath|284\/302|[from] Stealth Rock\n|turn|13\n|\n|t:|1653941401\n|move|p2a: Poliwrath|Waterfall|p1a: Clefable\n|-damage|p1a: Clefable|203\/297\n|cant|p1a: Clefable|flinch\n|\n|-heal|p2a: Poliwrath|302\/302|[from] item: Leftovers\n|upkeep\n|turn|14\n|\n|t:|1653941406\n|move|p2a: Poliwrath|Waterfall|p1a: Clefable\n|-damage|p1a: Clefable|97\/297\n|move|p1a: Clefable|Soft-Boiled|p1a: Clefable\n|-heal|p1a: Clefable|245\/297\n|\n|upkeep\n|turn|15\n|\n|t:|1653941409\n|move|p2a: Poliwrath|Encore|p1a: Clefable\n|-start|p1a: Clefable|Encore\n|move|p1a: Clefable|Soft-Boiled|p1a: Clefable\n|-heal|p1a: Clefable|297\/297\n|\n|upkeep\n|turn|16\n|\n|t:|1653941417\n|move|p2a: Poliwrath|Ice Punch|p1a: Clefable\n|-damage|p1a: Clefable|235\/297\n|move|p1a: Clefable|Soft-Boiled|p1a: Clefable\n|-heal|p1a: Clefable|297\/297\n|\n|upkeep\n|turn|17\n|c| nemoauditur|moonblast if real\n|\n|t:|1653941421\n|move|p2a: Poliwrath|Ice Punch|p1a: Clefable\n|-damage|p1a: Clefable|235\/297\n|move|p1a: Clefable|Soft-Boiled|p1a: Clefable\n|-heal|p1a: Clefable|297\/297\n|\n|upkeep\n|turn|18\n|\n|t:|1653941424\n|move|p2a: Poliwrath|Ice Punch|p1a: Clefable\n|-damage|p1a: Clefable|238\/297\n|move|p1a: Clefable|Soft-Boiled|p1a: Clefable\n|-heal|p1a: Clefable|297\/297\n|\n|upkeep\n|turn|19\n|\n|t:|1653941426\n|move|p2a: Poliwrath|Substitute|p2a: Poliwrath\n|-start|p2a: Poliwrath|Substitute\n|-damage|p2a: Poliwrath|227\/302\n|move|p1a: Clefable|Soft-Boiled||[still]\n|-fail|p1a: Clefable|heal\n|\n|-heal|p2a: Poliwrath|245\/302|[from] item: Leftovers\n|upkeep\n|turn|20\n|c| DracokidYT|moonblast gen 4 pog\n|\n|t:|1653941432\n|move|p2a: Poliwrath|Ice Punch|p1a: Clefable\n|-damage|p1a: Clefable|237\/297\n|move|p1a: Clefable|Soft-Boiled|p1a: Clefable\n|-heal|p1a: Clefable|297\/297\n|\n|-heal|p2a: Poliwrath|263\/302|[from] item: Leftovers\n|upkeep\n|turn|21\n|\n|t:|1653941441\n|move|p2a: Poliwrath|Ice Punch|p1a: Clefable\n|-damage|p1a: Clefable|241\/297\n|move|p1a: Clefable|Soft-Boiled|p1a: Clefable\n|-heal|p1a: Clefable|297\/297\n|\n|-heal|p2a: Poliwrath|281\/302|[from] item: Leftovers\n|upkeep\n|turn|22\n|\n|t:|1653941447\n|move|p2a: Poliwrath|Ice Punch|p1a: Clefable\n|-damage|p1a: Clefable|241\/297\n|move|p1a: Clefable|Soft-Boiled|p1a: Clefable\n|-heal|p1a: Clefable|297\/297\n|\n|-heal|p2a: Poliwrath|299\/302|[from] item: Leftovers\n|-end|p1a: Clefable|Encore\n|upkeep\n|turn|23\n|c|\u2606Xceloh|what is this encore\n|c|%piaa|!dt encore\n|raw|<ul class=\"utilichart\"><li class=\"result\"><span class=\"col movenamecol\"><a href=\"https:\/\/dex.pokemonshowdown.com\/moves\/encore\">Encore<\/a><\/span> <span class=\"col typecol\"><img src=\"\/\/play.pokemonshowdown.com\/sprites\/types\/Normal.png\" alt=\"Normal\" width=\"32\" height=\"14\"><img src=\"\/\/play.pokemonshowdown.com\/sprites\/categories\/Status.png\" alt=\"Status\" width=\"32\" height=\"14\"><\/span> <span class=\"col widelabelcol\"><em>Accuracy<\/em><br>100%<\/span> <span class=\"col pplabelcol\"><em>PP<\/em><br>8<\/span> <span class=\"col movedesccol\">The target repeats its last move for 4-8 turns.<\/span> <\/li><li style=\"clear:both\"><\/li><\/ul>\n|raw|<font size=\"1\"><font color=\"#686868\">Priority:<\/font> 0&nbsp;|&ThickSpace;<font color=\"#686868\">Gen:<\/font> 2&nbsp;|&ThickSpace;&#10003; Bypasses Substitutes&nbsp;|&ThickSpace;<font color=\"#686868\">Target:<\/font> One Adjacent Pok\u00e9mon<\/font>\n\n|c|%piaa|encore is busted this gen LOL\n|c|\u2606BigWes95|Wow encore used to be busted\n|inactive|Xceloh has 120 seconds left.\n|c|\u2606Xceloh|oh lord the 8 turn encore haha\n|c| DracokidYT|damn,4-8?!\n|\n|t:|1653941481\n|move|p2a: Poliwrath|Encore|p1a: Clefable\n|-start|p1a: Clefable|Encore\n|move|p1a: Clefable|Soft-Boiled||[still]\n|-fail|p1a: Clefable|heal\n|\n|-heal|p2a: Poliwrath|302\/302|[from] item: Leftovers\n|upkeep\n|turn|24\n|\n|t:|1653941486\n|move|p2a: Poliwrath|Ice Punch|p1a: Clefable\n|-damage|p1a: Clefable|239\/297\n|move|p1a: Clefable|Soft-Boiled|p1a: Clefable\n|-heal|p1a: Clefable|297\/297\n|\n|upkeep\n|turn|25\n|\n|t:|1653941488\n|move|p2a: Poliwrath|Ice Punch|p1a: Clefable\n|-crit|p1a: Clefable\n|-damage|p1a: Clefable|167\/297\n|move|p1a: Clefable|Soft-Boiled|p1a: Clefable\n|-heal|p1a: Clefable|297\/297\n|\n|upkeep\n|turn|26\n|c| DracokidYT|im used to 3\n|\n|t:|1653941491\n|move|p2a: Poliwrath|Ice Punch|p1a: Clefable\n|-damage|p1a: Clefable|235\/297\n|move|p1a: Clefable|Soft-Boiled|p1a: Clefable\n|-heal|p1a: Clefable|297\/297\n|\n|upkeep\n|turn|27\n|c|\u2606Xceloh|!dt taunt\n|raw|<ul class=\"utilichart\"><li class=\"result\"><span class=\"col movenamecol\"><a href=\"https:\/\/dex.pokemonshowdown.com\/moves\/taunt\">Taunt<\/a><\/span> <span class=\"col typecol\"><img src=\"\/\/play.pokemonshowdown.com\/sprites\/types\/Dark.png\" alt=\"Dark\" width=\"32\" height=\"14\"><img src=\"\/\/play.pokemonshowdown.com\/sprites\/categories\/Status.png\" alt=\"Status\" width=\"32\" height=\"14\"><\/span> <span class=\"col widelabelcol\"><em>Accuracy<\/em><br>100%<\/span> <span class=\"col pplabelcol\"><em>PP<\/em><br>32<\/span> <span class=\"col movedesccol\">For 3-5 turns, the target can't use status moves.<\/span> <\/li><li style=\"clear:both\"><\/li><\/ul>\n|raw|<font size=\"1\"><font color=\"#686868\">Priority:<\/font> 0&nbsp;|&ThickSpace;<font color=\"#686868\">Gen:<\/font> 3&nbsp;|&ThickSpace;&#10003; Bypasses Substitutes&nbsp;|&ThickSpace;<font color=\"#686868\">Target:<\/font> One Adjacent Pok\u00e9mon<\/font>\n\n|c|\u2606Xceloh|taunt is also brutal\n|\n|t:|1653941502\n|move|p2a: Poliwrath|Ice Punch|p1a: Clefable\n|-damage|p1a: Clefable|231\/297\n|move|p1a: Clefable|Soft-Boiled|p1a: Clefable\n|-heal|p1a: Clefable|297\/297\n|\n|upkeep\n|turn|28\n|\n|t:|1653941504\n|move|p2a: Poliwrath|Ice Punch|p1a: Clefable\n|-damage|p1a: Clefable|237\/297\n|move|p1a: Clefable|Soft-Boiled|p1a: Clefable\n|-heal|p1a: Clefable|297\/297\n|\n|upkeep\n|turn|29\n|\n|t:|1653941507\n|move|p2a: Poliwrath|Ice Punch|p1a: Clefable\n|-damage|p1a: Clefable|237\/297\n|move|p1a: Clefable|Soft-Boiled|p1a: Clefable\n|-heal|p1a: Clefable|297\/297\n|\n|-end|p1a: Clefable|Encore\n|upkeep\n|turn|30\n|c|\u2606Xceloh|good thing they changed it\n|\n|t:|1653941521\n|move|p2a: Poliwrath|Waterfall|p1a: Clefable\n|-damage|p1a: Clefable|207\/297\n|move|p1a: Clefable|Thunderbolt|p2a: Poliwrath\n|-supereffective|p2a: Poliwrath\n|-end|p2a: Poliwrath|Substitute\n|\n|upkeep\n|turn|31\n|\n|t:|1653941525\n|move|p2a: Poliwrath|Waterfall|p1a: Clefable\n|-damage|p1a: Clefable|114\/297\n|move|p1a: Clefable|Thunderbolt|p2a: Poliwrath\n|-supereffective|p2a: Poliwrath\n|-damage|p2a: Poliwrath|150\/302\n|\n|-heal|p2a: Poliwrath|168\/302|[from] item: Leftovers\n|upkeep\n|turn|32\n|c| DracokidYT|damn,competitive pokemon gen 4\n|\n|t:|1653941528\n|move|p2a: Poliwrath|Waterfall|p1a: Clefable\n|-damage|p1a: Clefable|15\/297\n|cant|p1a: Clefable|flinch\n|\n|-heal|p2a: Poliwrath|186\/302|[from] item: Leftovers\n|upkeep\n|turn|33\n|c| DracokidYT|is actually pain\n|j| Lrogue \u2740\n|c|\u2606BigWes95|Gg\n|\n|t:|1653941534\n|move|p2a: Poliwrath|Waterfall|p1a: Clefable\n|-damage|p1a: Clefable|0 fnt\n|faint|p1a: Clefable\n|\n|win|Xceloh\n|n|\u2606BigWes95|bigwes95\n|n|\u2606Xceloh|xceloh\n|n|+piaa|piaa\n|n| Mr.Chiling|mrchiling\n|n| Amy3125|amy3125\n|n|+heroictobias|heroictobias\n|n| antisocialkyle|antisocialkyle\n|n| DracokidYT|dracokidyt\n|n| nemoauditur|nemoauditur\n|n| Karloe2|karloe2\n|n| Lrogue \u2740|lrogue\n","inputlog":">version 2fb0b47ab463e8a2498db9c354e64d4afc199178\n>start {\"formatid\":\"gen4randombattle\",\"seed\":[27058,36375,20382,12115],\"rated\":\"Tournament battle\"}\n>player p1 {\"name\":\"BigWes95\",\"avatar\":\"lusamine-nihilego\",\"rating\":0,\"seed\":[63744,16736,61157,22775]}\n>player p2 {\"name\":\"Xceloh\",\"avatar\":\"boarder-gen2\",\"rating\":0,\"seed\":[56240,8889,17487,29501]}\n>chat \u2606BigWes95|Gl\n>chat  nemoauditur|My apologies BigWes95 for keeping you waiting\n>chat %piaa|another 30 minute game lgi\n>chat  nemoauditur|gl both <3\n>p1 move stealthrock\n>p2 move dynamicpunch\n>p1 switch 6\n>p2 move dynamicpunch\n>p1 move willowisp\n>p2 move icepunch\n>p1 move shadowball\n>p2 switch 2\n>p1 switch 3\n>p2 move swordsdance\n>chat %piaa|freeze crit dayum\n>p1 move discharge\n>p2 move superpower\n>p1 switch 5\n>p1 move sludgebomb\n>p2 move psychocut\n>p2 switch 4\n>p1 move sludgebomb\n>p2 move psychic\n>p1 switch 4\n>chat  DracokidYT|kinda sad pachirisu died\n>p1 move signalbeam\n>p2 move fireblast\n>p1 switch 2\n>p1 move doubleedge\n>p2 move nastyplot\n>p1 switch 3\n>p2 move psychic\n>p1 switch 6\n>p2 switch 2\n>chat  DracokidYT|69-noice\n>p1 move outrage\n>p2 move icepunch\n>p1 switch 3\n>p2 switch 5\n>p1 move thunderbolt\n>p2 move waterfall\n>p1 move softboiled\n>p2 move waterfall\n>p1 move thunderbolt\n>p2 move encore\n>p1 move softboiled\n>p2 move icepunch\n>chat  nemoauditur|moonblast if real\n>p1 move softboiled\n>p2 move icepunch\n>p1 move softboiled\n>p2 move icepunch\n>p1 move softboiled\n>p2 move substitute\n>chat  DracokidYT|moonblast gen 4 pog\n>p1 move softboiled\n>p2 move icepunch\n>p1 move softboiled\n>p2 move icepunch\n>p1 move softboiled\n>p2 move icepunch\n>chat \u2606Xceloh|what is this encore\n>chat %piaa|!dt encore\n>chat %piaa|encore is busted this gen LOL\n>chat \u2606BigWes95|Wow encore used to be busted\n>chat \u2606Xceloh|oh lord the 8 turn encore haha\n>chat  DracokidYT|damn,4-8?!\n>p1 move thunderbolt\n>p2 move encore\n>p1 move softboiled\n>p2 move icepunch\n>p1 move softboiled\n>p2 move icepunch\n>chat  DracokidYT|im used to 3\n>p1 move softboiled\n>p2 move icepunch\n>chat \u2606Xceloh|!dt taunt\n>chat \u2606Xceloh|taunt is also brutal\n>p1 move softboiled\n>p2 move icepunch\n>p1 move softboiled\n>p2 move icepunch\n>p1 move softboiled\n>p2 move icepunch\n>chat \u2606Xceloh|good thing they changed it\n>p1 move thunderbolt\n>p2 move waterfall\n>p1 move thunderbolt\n>p2 move waterfall\n>chat  DracokidYT|damn,competitive pokemon gen 4\n>p1 move thunderbolt\n>p2 move waterfall\n>chat  DracokidYT|is actually pain\n>chat \u2606BigWes95|Gg\n>p1 move thunderbolt\n>p2 move waterfall","uploadtime":1653941535,"views":9,"p1id":"bigwes95","p2id":"xceloh","formatid":"gen4randombattle","rating":0,"private":0,"password":null}