{"id":"gen4ou-979960576","p1":"Rochefort10","p2":"Cowsrule247","format":"gen4ou","log":"|j|\u2606Rochefort10\n|j|\u2606Cowsrule247\n|player|p1|Rochefort10|169|1318\n|player|p2|Cowsrule247|192|1330\n|teamsize|p1|6\n|teamsize|p2|6\n|gametype|singles\n|gen|4\n|tier|[Gen 4] OU\n|rated|\n|rule|Sleep Clause Mod: Limit one foe put to sleep\n|rule|Species Clause: Limit one of each Pok\u00e9mon\n|rule|OHKO Clause: OHKO moves are banned\n|rule|Moody Clause: Moody is banned\n|rule|Evasion Moves Clause: Evasion moves are banned\n|rule|Endless Battle Clause: Forcing endless battles is banned\n|rule|HP Percentage Mod: HP is shown in percentages\n|rule|Baton Pass Clause: Limit one Baton Passer, can't pass Spe and other stats simultaneously\n|\n|start\n|switch|p1a: Testing this Sh*tT|Breloom, F|100\/100\n|switch|p2a: Infernape|Infernape, M|100\/100\n|turn|1\n|\n|move|p1a: Testing this Sh*tT|Protect|p1a: Testing this Sh*tT\n|-singleturn|p1a: Testing this Sh*tT|Protect\n|move|p2a: Infernape|Fire Blast|p1a: Testing this Sh*tT\n|-activate|p1a: Testing this Sh*tT|Protect\n|\n|-status|p1a: Testing this Sh*tT|tox|[from] item: Toxic Orb\n|upkeep\n|turn|2\n|inactive|Battle timer is ON: inactive players will automatically lose when time's up. (requested by Cowsrule247)\n|\n|switch|p1a: Starmie|Starmie|100\/100\n|move|p2a: Infernape|Stealth Rock|p1a: Starmie\n|-sidestart|p1: Rochefort10|move: Stealth Rock\n|\n|upkeep\n|turn|3\n|\n|switch|p2a: Gengar|Gengar, M|100\/100\n|move|p1a: Starmie|Thunder Wave|p2a: Gengar\n|-status|p2a: Gengar|par\n|\n|upkeep\n|turn|4\n|\n|switch|p1a: Flygon|Flygon, F|100\/100\n|-damage|p1a: Flygon|94\/100|[from] Stealth Rock\n|move|p2a: Gengar|Shadow Ball|p1a: Flygon\n|-damage|p1a: Flygon|33\/100\n|-damage|p2a: Gengar|91\/100 par|[from] item: Life Orb\n|\n|-heal|p1a: Flygon|40\/100|[from] item: Leftovers\n|upkeep\n|turn|5\n|\n|switch|p1a: Heatran|Heatran, F|100\/100\n|-damage|p1a: Heatran|88\/100|[from] Stealth Rock\n|cant|p2a: Gengar|par\n|\n|-heal|p1a: Heatran|94\/100|[from] item: Leftovers\n|upkeep\n|turn|6\n|\n|move|p1a: Heatran|Substitute|p1a: Heatran\n|-start|p1a: Heatran|Substitute\n|-damage|p1a: Heatran|69\/100\n|move|p2a: Gengar|Focus Blast|p1a: Heatran|[miss]\n|-miss|p2a: Gengar|p1a: Heatran\n|\n|-heal|p1a: Heatran|75\/100|[from] item: Leftovers\n|upkeep\n|turn|7\n|\n|move|p1a: Heatran|Lava Plume|p2a: Gengar\n|-damage|p2a: Gengar|31\/100 par\n|cant|p2a: Gengar|par\n|\n|-heal|p1a: Heatran|82\/100|[from] item: Leftovers\n|upkeep\n|turn|8\n|\n|move|p1a: Heatran|Lava Plume|p2a: Gengar\n|-damage|p2a: Gengar|0 fnt\n|faint|p2a: Gengar\n|\n|-heal|p1a: Heatran|88\/100|[from] item: Leftovers\n|upkeep\n|inactive|Cowsrule247 has 120 seconds left.\n|\n|switch|p2a: Gyarados|Gyarados, M|100\/100\n|turn|9\n|\n|move|p2a: Gyarados|Dragon Dance|p2a: Gyarados\n|-boost|p2a: Gyarados|atk|1\n|-boost|p2a: Gyarados|spe|1\n|move|p1a: Heatran|Torment|p2a: Gyarados\n|-start|p2a: Gyarados|Torment\n|\n|-heal|p1a: Heatran|94\/100|[from] item: Leftovers\n|upkeep\n|turn|10\n|\n|move|p2a: Gyarados|Waterfall|p1a: Heatran\n|-supereffective|p1a: Heatran\n|-end|p1a: Heatran|Substitute\n|move|p1a: Heatran|Lava Plume|p2a: Gyarados\n|-resisted|p2a: Gyarados\n|-crit|p2a: Gyarados\n|-damage|p2a: Gyarados|65\/100\n|\n|-heal|p1a: Heatran|100\/100|[from] item: Leftovers\n|upkeep\n|turn|11\n|inactive|Cowsrule247 has 120 seconds left.\n|\n|move|p2a: Gyarados|Earthquake|p1a: Heatran\n|-supereffective|p1a: Heatran\n|-damage|p1a: Heatran|0 fnt\n|-damage|p2a: Gyarados|55\/100|[from] item: Life Orb\n|faint|p1a: Heatran\n|\n|upkeep\n|\n|switch|p1a: Rotom|Rotom-Wash|100\/100\n|-damage|p1a: Rotom|88\/100|[from] Stealth Rock\n|turn|12\n|\n|move|p2a: Gyarados|Waterfall|p1a: Rotom\n|-damage|p1a: Rotom|15\/100\n|-damage|p2a: Gyarados|45\/100|[from] item: Life Orb\n|cant|p1a: Rotom|flinch\n|\n|-heal|p1a: Rotom|21\/100|[from] item: Leftovers\n|upkeep\n|turn|13\n|\n|switch|p1a: Bronzong|Bronzong|100\/100\n|-damage|p1a: Bronzong|94\/100|[from] Stealth Rock\n|move|p2a: Gyarados|Ice Fang|p1a: Bronzong\n|-resisted|p1a: Bronzong\n|-damage|p1a: Bronzong|78\/100\n|-damage|p2a: Gyarados|35\/100|[from] item: Life Orb\n|\n|-heal|p1a: Bronzong|84\/100|[from] item: Leftovers\n|upkeep\n|turn|14\n|\n|move|p2a: Gyarados|Waterfall|p1a: Bronzong\n|-damage|p1a: Bronzong|23\/100\n|-damage|p2a: Gyarados|25\/100|[from] item: Life Orb\n|move|p1a: Bronzong|Stealth Rock|p2a: Gyarados\n|-sidestart|p2: Cowsrule247|move: Stealth Rock\n|\n|-heal|p1a: Bronzong|29\/100|[from] item: Leftovers\n|upkeep\n|turn|15\n|\n|move|p2a: Gyarados|Ice Fang|p1a: Bronzong\n|-resisted|p1a: Bronzong\n|-damage|p1a: Bronzong|12\/100\n|-status|p1a: Bronzong|frz\n|-damage|p2a: Gyarados|15\/100|[from] item: Life Orb\n|cant|p1a: Bronzong|frz\n|\n|-heal|p1a: Bronzong|18\/100 frz|[from] item: Leftovers\n|upkeep\n|turn|16\n|\n|move|p2a: Gyarados|Waterfall|p1a: Bronzong\n|-damage|p1a: Bronzong|0 fnt\n|-damage|p2a: Gyarados|5\/100|[from] item: Life Orb\n|faint|p1a: Bronzong\n|\n|upkeep\n|\n|switch|p1a: Starmie|Starmie|100\/100\n|-damage|p1a: Starmie|88\/100|[from] Stealth Rock\n|turn|17\n|\n|switch|p1a: Flygon|Flygon, F|40\/100\n|-damage|p1a: Flygon|33\/100|[from] Stealth Rock\n|move|p2a: Gyarados|Earthquake|p1a: Flygon\n|-immune|p1a: Flygon|[from] ability: Levitate\n|\n|-heal|p1a: Flygon|40\/100|[from] item: Leftovers\n|upkeep\n|turn|18\n|\n|move|p2a: Gyarados|Ice Fang|p1a: Flygon\n|-supereffective|p1a: Flygon\n|-damage|p1a: Flygon|0 fnt\n|-damage|p2a: Gyarados|0 fnt|[from] item: Life Orb\n|faint|p1a: Flygon\n|faint|p2a: Gyarados\n|\n|upkeep\n|\n|switch|p1a: Starmie|Starmie|88\/100\n|switch|p2a: Infernape|Infernape, M|100\/100\n|-damage|p2a: Infernape|88\/100|[from] Stealth Rock\n|-damage|p1a: Starmie|76\/100|[from] Stealth Rock\n|turn|19\n|\n|move|p2a: Infernape|Fake Out|p1a: Starmie\n|-damage|p1a: Starmie|67\/100\n|cant|p1a: Starmie|flinch\n|\n|-heal|p1a: Starmie|73\/100|[from] item: Leftovers\n|upkeep\n|turn|20\n|j| Ghzshncd\n|inactive|Cowsrule247 has 120 seconds left.\n|c|\u2606Rochefort10|(checkingstillconnected)\n|c|\u2606Rochefort10|(ok)\n|inactive|Cowsrule247 has 90 seconds left.\n|\n|switch|p2a: Jirachi|Jirachi|100\/100\n|-damage|p2a: Jirachi|94\/100|[from] Stealth Rock\n|move|p1a: Starmie|Surf|p2a: Jirachi\n|-crit|p2a: Jirachi\n|-damage|p2a: Jirachi|29\/100\n|\n|-heal|p1a: Starmie|79\/100|[from] item: Leftovers\n|upkeep\n|turn|21\n|\n|move|p2a: Jirachi|Thunder Punch|p1a: Starmie\n|-supereffective|p1a: Starmie\n|-damage|p1a: Starmie|38\/100\n|move|p1a: Starmie|Surf|p2a: Jirachi\n|-damage|p2a: Jirachi|0 fnt\n|faint|p2a: Jirachi\n|\n|-heal|p1a: Starmie|44\/100|[from] item: Leftovers\n|upkeep\n|j| Sup26\n|inactive|Cowsrule247 has 60 seconds left.\n|\n|switch|p2a: Tyranitar|Tyranitar, M|100\/100\n|-damage|p2a: Tyranitar|88\/100|[from] Stealth Rock\n|-weather|Sandstorm|[from] ability: Sand Stream|[of] p2a: Tyranitar\n|turn|22\n|\n|move|p1a: Starmie|Thunder Wave|p2a: Tyranitar\n|-status|p2a: Tyranitar|par\n|move|p2a: Tyranitar|Pursuit|p1a: Starmie\n|-supereffective|p1a: Starmie\n|-damage|p1a: Starmie|0 fnt\n|faint|p1a: Starmie\n|\n|-weather|Sandstorm|[upkeep]\n|upkeep\n|\n|switch|p1a: Testing this Sh*tT|Breloom, F|100\/100 tox\n|-damage|p1a: Testing this Sh*tT|94\/100 tox|[from] Stealth Rock\n|turn|23\n|inactive|Cowsrule247 has 60 seconds left.\n|c|\u2606Rochefort10|(checkingstillconnected)\n|c|\u2606Rochefort10|(ok)\n|inactive|Cowsrule247 has 30 seconds left.\n|inactive|Cowsrule247 has 20 seconds left.\n|inactive|Cowsrule247 has 15 seconds left.\n|inactive|Cowsrule247 has 10 seconds left.\n|inactive|Cowsrule247 has 5 seconds left.\n|-message|Cowsrule247 lost due to inactivity.\n|\n|win|Rochefort10\n|raw|Rochefort10's rating: 1319 &rarr; <strong>1339<\/strong><br \/>(+20 for winning)\n|raw|Cowsrule247's rating: 1330 &rarr; <strong>1309<\/strong><br \/>(-21 for losing)\n|l|\u2606Cowsrule247\n","uploadtime":1569117262,"views":5,"p1id":"rochefort10","p2id":"cowsrule247","formatid":"gen4ou","rating":1309,"private":0,"password":null}