{"id":"gen4ou-959266013","p1":"Lord cube","p2":"AmphibiansRiseUp","format":"gen4ou","log":"|j|\u2606Lord cube\n|j|\u2606AmphibiansRiseUp\n|player|p1|Lord cube|266|1194\n|player|p2|AmphibiansRiseUp|267|1169\n|teamsize|p1|6\n|teamsize|p2|6\n|gametype|singles\n|gen|4\n|tier|[Gen 4] OU\n|rated|\n|rule|Sleep Clause Mod: Limit one foe put to sleep\n|rule|Species Clause: Limit one of each Pok\u00e9mon\n|rule|OHKO Clause: OHKO moves are banned\n|rule|Moody Clause: Moody is banned\n|rule|Evasion Moves Clause: Evasion moves are banned\n|rule|Endless Battle Clause: Forcing endless battles is banned\n|rule|HP Percentage Mod: HP is shown in percentages\n|rule|Baton Pass Clause: Limit one Baton Passer, can't pass Spe and other stats simultaneously\n|\n|start\n|switch|p1a: Donphan|Donphan, F|100\/100\n|switch|p2a: Uxie|Uxie|100\/100\n|turn|1\n|inactive|Battle timer is ON: inactive players will automatically lose when time's up. (requested by AmphibiansRiseUp)\n|\n|switch|p1a: Empoleon|Empoleon, F|100\/100\n|move|p2a: Uxie|Trick|p1a: Empoleon\n|-activate|p2a: Uxie|move: Trick|[of] p1a: Empoleon\n|-item|p1a: Empoleon|Choice Scarf|[from] move: Trick\n|-item|p2a: Uxie|Leftovers|[from] move: Trick\n|\n|upkeep\n|turn|2\n|\n|move|p2a: Uxie|Stealth Rock|p1a: Empoleon\n|-sidestart|p1: Lord cube|move: Stealth Rock\n|move|p1a: Empoleon|Toxic|p2a: Uxie\n|-status|p2a: Uxie|tox\n|\n|-damage|p2a: Uxie|94\/100 tox|[from] psn\n|upkeep\n|turn|3\n|\n|switch|p1a: Donphan|Donphan, F|100\/100\n|-damage|p1a: Donphan|94\/100|[from] Stealth Rock\n|move|p2a: Uxie|U-turn|p1a: Donphan\n|-crit|p1a: Donphan\n|-damage|p1a: Donphan|76\/100\n|\n|switch|p2a: Rotom|Rotom-Wash|100\/100|[from]move: U-turn\n|\n|-heal|p1a: Donphan|82\/100|[from] item: Leftovers\n|upkeep\n|turn|4\n|\n|switch|p1a: Latias|Latias, F|100\/100\n|-damage|p1a: Latias|88\/100|[from] Stealth Rock\n|move|p2a: Rotom|Substitute|p2a: Rotom\n|-start|p2a: Rotom|Substitute\n|-damage|p2a: Rotom|76\/100\n|\n|-heal|p2a: Rotom|82\/100|[from] item: Leftovers\n|upkeep\n|turn|5\n|\n|move|p1a: Latias|Ice Beam|p2a: Rotom\n|-end|p2a: Rotom|Substitute\n|move|p2a: Rotom|Shadow Ball|p1a: Latias\n|-supereffective|p1a: Latias\n|-damage|p1a: Latias|25\/100\n|-unboost|p1a: Latias|spd|1\n|\n|-heal|p2a: Rotom|88\/100|[from] item: Leftovers\n|upkeep\n|turn|6\n|\n|switch|p2a: Uxie|Uxie|94\/100 tox\n|move|p1a: Latias|Draco Meteor|p2a: Uxie|[miss]\n|-miss|p1a: Latias|p2a: Uxie\n|\n|-heal|p2a: Uxie|100\/100 tox|[from] item: Leftovers\n|-damage|p2a: Uxie|94\/100 tox|[from] psn\n|upkeep\n|turn|7\n|\n|move|p1a: Latias|Draco Meteor|p2a: Uxie|[miss]\n|-miss|p1a: Latias|p2a: Uxie\n|move|p2a: Uxie|U-turn|p1a: Latias\n|-supereffective|p1a: Latias\n|-damage|p1a: Latias|0 fnt\n|faint|p1a: Latias\n|\n|switch|p2a: Heatran|Heatran, M|100\/100|[from]move: U-turn\n|\n|upkeep\n|\n|switch|p1a: Tyranitar|Tyranitar, M|100\/100\n|-damage|p1a: Tyranitar|88\/100|[from] Stealth Rock\n|-weather|Sandstorm|[from] ability: Sand Stream|[of] p1a: Tyranitar\n|turn|8\n|\n|switch|p2a: Machamp|Machamp, F|100\/100\n|move|p1a: Tyranitar|Dragon Dance|p1a: Tyranitar\n|-boost|p1a: Tyranitar|atk|1\n|-boost|p1a: Tyranitar|spe|1\n|\n|-weather|Sandstorm|[upkeep]\n|-damage|p2a: Machamp|94\/100|[from] Sandstorm\n|-heal|p2a: Machamp|100\/100|[from] item: Leftovers\n|upkeep\n|turn|9\n|\n|move|p1a: Tyranitar|Earthquake|p2a: Machamp\n|-crit|p2a: Machamp\n|-damage|p2a: Machamp|0 fnt\n|faint|p2a: Machamp\n|\n|-weather|Sandstorm|[upkeep]\n|upkeep\n|\n|switch|p2a: Tyranitar|Tyranitar, M|100\/100\n|turn|10\n|\n|move|p2a: Tyranitar|Superpower|p1a: Tyranitar\n|-supereffective|p1a: Tyranitar\n|-damage|p1a: Tyranitar|0 fnt\n|-unboost|p2a: Tyranitar|atk|1\n|-unboost|p2a: Tyranitar|def|1\n|faint|p1a: Tyranitar\n|\n|-weather|Sandstorm|[upkeep]\n|upkeep\n|\n|switch|p1a: Togekiss|Togekiss, M|100\/100\n|-damage|p1a: Togekiss|75\/100|[from] Stealth Rock\n|turn|11\n|\n|switch|p2a: Jirachi|Jirachi|100\/100\n|move|p1a: Togekiss|Aura Sphere|p2a: Jirachi\n|-damage|p2a: Jirachi|76\/100\n|\n|-weather|Sandstorm|[upkeep]\n|-damage|p1a: Togekiss|69\/100|[from] Sandstorm\n|-heal|p2a: Jirachi|82\/100|[from] item: Leftovers\n|upkeep\n|turn|12\n|\n|switch|p1a: Donphan|Donphan, F|82\/100\n|-damage|p1a: Donphan|76\/100|[from] Stealth Rock\n|move|p2a: Jirachi|Iron Head|p1a: Donphan\n|-crit|p1a: Donphan\n|-damage|p1a: Donphan|28\/100\n|\n|-weather|Sandstorm|[upkeep]\n|-heal|p2a: Jirachi|88\/100|[from] item: Leftovers\n|-heal|p1a: Donphan|34\/100|[from] item: Leftovers\n|upkeep\n|turn|13\n|\n|switch|p2a: Rotom|Rotom-Wash|88\/100\n|switch|p1a: Togekiss|Togekiss, M|69\/100\n|-damage|p1a: Togekiss|44\/100|[from] Stealth Rock\n|\n|-weather|Sandstorm|[upkeep]\n|-damage|p1a: Togekiss|38\/100|[from] Sandstorm\n|-damage|p2a: Rotom|82\/100|[from] Sandstorm\n|-heal|p2a: Rotom|88\/100|[from] item: Leftovers\n|upkeep\n|turn|14\n|\n|move|p1a: Togekiss|Air Slash|p2a: Rotom\n|-resisted|p2a: Rotom\n|-damage|p2a: Rotom|66\/100\n|cant|p2a: Rotom|flinch\n|\n|-weather|Sandstorm|[upkeep]\n|-damage|p1a: Togekiss|32\/100|[from] Sandstorm\n|-damage|p2a: Rotom|60\/100|[from] Sandstorm\n|-heal|p2a: Rotom|66\/100|[from] item: Leftovers\n|upkeep\n|turn|15\n|\n|switch|p2a: Tyranitar|Tyranitar, M|100\/100\n|move|p1a: Togekiss|Air Slash|p2a: Tyranitar\n|-resisted|p2a: Tyranitar\n|-damage|p2a: Tyranitar|89\/100\n|\n|-weather|Sandstorm|[upkeep]\n|-damage|p1a: Togekiss|26\/100|[from] Sandstorm\n|upkeep\n|turn|16\n|\n|switch|p1a: Azumarill|Azumarill, M, shiny|100\/100\n|-damage|p1a: Azumarill|88\/100|[from] Stealth Rock\n|move|p2a: Tyranitar|Crunch|p1a: Azumarill\n|-damage|p1a: Azumarill|45\/100\n|\n|-weather|Sandstorm|[upkeep]\n|-damage|p1a: Azumarill|39\/100|[from] Sandstorm\n|-heal|p1a: Azumarill|45\/100|[from] item: Leftovers\n|upkeep\n|turn|17\n|\n|switch|p2a: Jirachi|Jirachi|88\/100\n|move|p1a: Azumarill|Waterfall|p2a: Jirachi\n|-damage|p2a: Jirachi|43\/100\n|\n|-weather|Sandstorm|[upkeep]\n|-damage|p1a: Azumarill|39\/100|[from] Sandstorm\n|-heal|p2a: Jirachi|49\/100|[from] item: Leftovers\n|-heal|p1a: Azumarill|45\/100|[from] item: Leftovers\n|upkeep\n|turn|18\n|\n|move|p2a: Jirachi|Thunder Wave|p1a: Azumarill\n|-status|p1a: Azumarill|par\n|move|p1a: Azumarill|Waterfall|p2a: Jirachi\n|-damage|p2a: Jirachi|4\/100\n|\n|-weather|Sandstorm|[upkeep]\n|-damage|p1a: Azumarill|39\/100 par|[from] Sandstorm\n|-heal|p2a: Jirachi|10\/100|[from] item: Leftovers\n|-heal|p1a: Azumarill|45\/100 par|[from] item: Leftovers\n|upkeep\n|turn|19\n|\n|move|p2a: Jirachi|Iron Head|p1a: Azumarill\n|-resisted|p1a: Azumarill\n|-damage|p1a: Azumarill|29\/100 par\n|cant|p1a: Azumarill|flinch\n|\n|-weather|Sandstorm|[upkeep]\n|-damage|p1a: Azumarill|23\/100 par|[from] Sandstorm\n|-heal|p2a: Jirachi|16\/100|[from] item: Leftovers\n|-heal|p1a: Azumarill|29\/100 par|[from] item: Leftovers\n|upkeep\n|turn|20\n|\n|move|p2a: Jirachi|Iron Head|p1a: Azumarill\n|-resisted|p1a: Azumarill\n|-damage|p1a: Azumarill|13\/100 par\n|move|p1a: Azumarill|Waterfall|p2a: Jirachi\n|-damage|p2a: Jirachi|0 fnt\n|faint|p2a: Jirachi\n|\n|-weather|Sandstorm|[upkeep]\n|-damage|p1a: Azumarill|6\/100 par|[from] Sandstorm\n|-heal|p1a: Azumarill|13\/100 par|[from] item: Leftovers\n|upkeep\n|\n|switch|p2a: Tyranitar|Tyranitar, M|89\/100\n|turn|21\n|\n|move|p2a: Tyranitar|Crunch|p1a: Azumarill\n|-damage|p1a: Azumarill|0 fnt\n|faint|p1a: Azumarill\n|\n|-weather|Sandstorm|[upkeep]\n|upkeep\n|\n|switch|p1a: Togekiss|Togekiss, M|26\/100\n|-damage|p1a: Togekiss|1\/100|[from] Stealth Rock\n|turn|22\n|\n|move|p1a: Togekiss|Toxic|p2a: Tyranitar\n|-status|p2a: Tyranitar|tox\n|move|p2a: Tyranitar|Crunch|p1a: Togekiss\n|-damage|p1a: Togekiss|0 fnt\n|faint|p1a: Togekiss\n|\n|-weather|Sandstorm|[upkeep]\n|-damage|p2a: Tyranitar|83\/100 tox|[from] psn\n|upkeep\n|\n|switch|p1a: Donphan|Donphan, F|34\/100\n|-damage|p1a: Donphan|28\/100|[from] Stealth Rock\n|turn|23\n|\n|switch|p2a: Rotom|Rotom-Wash|66\/100\n|move|p1a: Donphan|Earthquake|p2a: Rotom\n|-immune|p2a: Rotom|[from] ability: Levitate\n|\n|-weather|Sandstorm|[upkeep]\n|-damage|p2a: Rotom|60\/100|[from] Sandstorm\n|-heal|p2a: Rotom|66\/100|[from] item: Leftovers\n|-heal|p1a: Donphan|34\/100|[from] item: Leftovers\n|upkeep\n|turn|24\n|\n|move|p1a: Donphan|Ice Shard|p2a: Rotom\n|-damage|p2a: Rotom|52\/100\n|move|p2a: Rotom|Shadow Ball|p1a: Donphan\n|-damage|p1a: Donphan|3\/100\n|\n|-weather|Sandstorm|[upkeep]\n|-damage|p2a: Rotom|46\/100|[from] Sandstorm\n|-heal|p2a: Rotom|52\/100|[from] item: Leftovers\n|-heal|p1a: Donphan|9\/100|[from] item: Leftovers\n|upkeep\n|turn|25\n|\n|move|p1a: Donphan|Ice Shard|p2a: Rotom\n|-damage|p2a: Rotom|37\/100\n|move|p2a: Rotom|Shadow Ball|p1a: Donphan\n|-damage|p1a: Donphan|0 fnt\n|faint|p1a: Donphan\n|\n|-weather|Sandstorm|[upkeep]\n|-damage|p2a: Rotom|31\/100|[from] Sandstorm\n|-heal|p2a: Rotom|37\/100|[from] item: Leftovers\n|upkeep\n|\n|switch|p1a: Empoleon|Empoleon, F|100\/100\n|-damage|p1a: Empoleon|94\/100|[from] Stealth Rock\n|turn|26\n|\n|switch|p2a: Uxie|Uxie|94\/100 tox\n|move|p1a: Empoleon|Surf|p2a: Uxie\n|-damage|p2a: Uxie|67\/100 tox\n|\n|-weather|Sandstorm|[upkeep]\n|-damage|p2a: Uxie|61\/100 tox|[from] Sandstorm\n|-heal|p2a: Uxie|67\/100 tox|[from] item: Leftovers\n|-damage|p2a: Uxie|61\/100 tox|[from] psn\n|upkeep\n|turn|27\n|\n|move|p2a: Uxie|Thunder Wave|p1a: Empoleon\n|-status|p1a: Empoleon|par\n|move|p1a: Empoleon|Surf|p2a: Uxie\n|-damage|p2a: Uxie|32\/100 tox\n|\n|-weather|Sandstorm|[upkeep]\n|-damage|p2a: Uxie|26\/100 tox|[from] Sandstorm\n|-heal|p2a: Uxie|32\/100 tox|[from] item: Leftovers\n|-damage|p2a: Uxie|20\/100 tox|[from] psn\n|upkeep\n|turn|28\n|\n|move|p2a: Uxie|Stealth Rock||[still]\n|-fail|p2a: Uxie\n|move|p1a: Empoleon|Surf|p2a: Uxie\n|-damage|p2a: Uxie|0 fnt\n|faint|p2a: Uxie\n|\n|-weather|Sandstorm|[upkeep]\n|upkeep\n|\n|switch|p2a: Tyranitar|Tyranitar, M|83\/100 tox\n|turn|29\n|\n|move|p2a: Tyranitar|Superpower|p1a: Empoleon\n|-supereffective|p1a: Empoleon\n|-damage|p1a: Empoleon|28\/100 par\n|-unboost|p2a: Tyranitar|atk|1\n|-unboost|p2a: Tyranitar|def|1\n|cant|p1a: Empoleon|par\n|\n|-weather|Sandstorm|[upkeep]\n|-damage|p2a: Tyranitar|77\/100 tox|[from] psn\n|upkeep\n|turn|30\n|\n|move|p2a: Tyranitar|Superpower|p1a: Empoleon\n|-supereffective|p1a: Empoleon\n|-damage|p1a: Empoleon|0 fnt\n|-unboost|p2a: Tyranitar|atk|1\n|-unboost|p2a: Tyranitar|def|1\n|faint|p1a: Empoleon\n|\n|win|AmphibiansRiseUp\n|c|\u2606AmphibiansRiseUp|GG\n|l|\u2606Lord cube\n","uploadtime":1565630217,"views":6,"p1id":"lordcube","p2id":"amphibiansriseup","formatid":"gen4ou","rating":0,"private":0,"password":null}