{"id":"gen4ou-1704278898","p1":"Elon Musk Rusk","p2":"PadeaUltima","format":"gen4ou","log":"|j|\u2606Elon Musk Rusk\n|j|\u2606PadeaUltima\n|t:|1667760848\n|gametype|singles\n|player|p1|Elon Musk Rusk|1|\n|player|p2|PadeaUltima|drake-gen3|\n|teamsize|p1|6\n|teamsize|p2|6\n|gen|4\n|tier|[Gen 4] OU\n|rated|Tournament battle\n|rule|Sleep Clause Mod: Limit one foe put to sleep\n|rule|Species Clause: Limit one of each Pok\u00e9mon\n|rule|OHKO Clause: OHKO moves are banned\n|rule|Evasion Items Clause: Evasion items are banned\n|rule|Evasion Moves Clause: Evasion moves are banned\n|rule|Endless Battle Clause: Forcing endless battles is banned\n|rule|HP Percentage Mod: HP is shown in percentages\n|rule|Freeze Clause Mod: Limit one foe frozen\n|\n|t:|1667760848\n|start\n|switch|p1a: Tyranitar|Tyranitar, F|100\/100\n|switch|p2a: Airbag|Metagross|100\/100\n|-weather|Sandstorm|[from] ability: Sand Stream|[of] p1a: Tyranitar\n|turn|1\n|\n|t:|1667760859\n|switch|p1a: Bronzong|Bronzong|100\/100\n|move|p2a: Airbag|Meteor Mash|p1a: Bronzong\n|-resisted|p1a: Bronzong\n|-damage|p1a: Bronzong|76\/100\n|\n|-weather|Sandstorm|[upkeep]\n|upkeep\n|turn|2\n|\n|t:|1667760875\n|move|p2a: Airbag|Explosion|p1a: Bronzong\n|-resisted|p1a: Bronzong\n|-damage|p1a: Bronzong|0 fnt\n|faint|p2a: Airbag\n|faint|p1a: Bronzong\n|\n|-weather|Sandstorm|[upkeep]\n|upkeep\n|\n|t:|1667760907\n|switch|p2a: Exit Music|Machamp, M|100\/100\n|switch|p1a: Tyranitar|Tyranitar, F|100\/100\n|turn|3\n|\n|t:|1667760911\n|switch|p1a: Dragonite|Dragonite, F|100\/100\n|move|p2a: Exit Music|Substitute|p2a: Exit Music\n|-start|p2a: Exit Music|Substitute\n|-damage|p2a: Exit Music|76\/100\n|\n|-weather|Sandstorm|[upkeep]\n|-damage|p1a: Dragonite|94\/100|[from] Sandstorm\n|-damage|p2a: Exit Music|69\/100|[from] Sandstorm\n|-heal|p2a: Exit Music|76\/100|[from] item: Leftovers\n|upkeep\n|turn|4\n|\n|t:|1667760916\n|move|p1a: Dragonite|Fire Punch|p2a: Exit Music\n|-end|p2a: Exit Music|Substitute\n|move|p2a: Exit Music|Ice Punch|p1a: Dragonite\n|-supereffective|p1a: Dragonite\n|-damage|p1a: Dragonite|0 fnt\n|faint|p1a: Dragonite\n|\n|-weather|Sandstorm|[upkeep]\n|-damage|p2a: Exit Music|69\/100|[from] Sandstorm\n|-heal|p2a: Exit Music|76\/100|[from] item: Leftovers\n|upkeep\n|\n|t:|1667760919\n|switch|p1a: Jirachi|Jirachi|100\/100\n|turn|5\n|\n|t:|1667760926\n|switch|p2a: Paranoid Android|Azelf|100\/100\n|move|p1a: Jirachi|Psychic|p2a: Paranoid Android\n|-resisted|p2a: Paranoid Android\n|-damage|p2a: Paranoid Android|70\/100\n|\n|-weather|Sandstorm|[upkeep]\n|-damage|p2a: Paranoid Android|63\/100|[from] Sandstorm\n|upkeep\n|turn|6\n|\n|t:|1667760937\n|switch|p1a: Starmie|Starmie|100\/100\n|move|p2a: Paranoid Android|Thunder Wave|p1a: Starmie\n|-status|p1a: Starmie|par\n|\n|-weather|Sandstorm|[upkeep]\n|-damage|p2a: Paranoid Android|57\/100|[from] Sandstorm\n|-damage|p1a: Starmie|94\/100 par|[from] Sandstorm\n|upkeep\n|turn|7\n|\n|t:|1667760946\n|move|p2a: Paranoid Android|Explosion|p1a: Starmie\n|-damage|p1a: Starmie|0 fnt\n|faint|p2a: Paranoid Android\n|faint|p1a: Starmie\n|\n|-weather|Sandstorm|[upkeep]\n|upkeep\n|\n|t:|1667760976\n|switch|p2a: No Surprises|Tyranitar, M|100\/100\n|switch|p1a: Jirachi|Jirachi|100\/100\n|turn|8\n|\n|t:|1667760980\n|move|p1a: Jirachi|Grass Knot|p2a: No Surprises\n|-supereffective|p2a: No Surprises\n|-damage|p2a: No Surprises|66\/100\n|move|p2a: No Surprises|Thunder Wave|p1a: Jirachi\n|-status|p1a: Jirachi|par\n|\n|-weather|Sandstorm|[upkeep]\n|upkeep\n|turn|9\n|\n|t:|1667761006\n|switch|p2a: The Tourist|Jirachi|100\/100\n|switch|p1a: Tyranitar|Tyranitar, F|100\/100\n|\n|-weather|Sandstorm|[upkeep]\n|upkeep\n|turn|10\n|\n|t:|1667761032\n|move|p2a: The Tourist|Iron Head|p1a: Tyranitar\n|-supereffective|p1a: Tyranitar\n|-damage|p1a: Tyranitar|55\/100\n|cant|p1a: Tyranitar|flinch\n|\n|-weather|Sandstorm|[upkeep]\n|upkeep\n|turn|11\n|\n|t:|1667761038\n|switch|p1a: Empoleon|Empoleon, M|100\/100\n|move|p2a: The Tourist|Iron Head|p1a: Empoleon\n|-resisted|p1a: Empoleon\n|-damage|p1a: Empoleon|92\/100\n|\n|-weather|Sandstorm|[upkeep]\n|upkeep\n|turn|12\n|\n|t:|1667761044\n|move|p2a: The Tourist|Body Slam|p1a: Empoleon\n|-resisted|p1a: Empoleon\n|-damage|p1a: Empoleon|80\/100\n|-status|p1a: Empoleon|par\n|move|p1a: Empoleon|Stealth Rock|p2a: The Tourist\n|-sidestart|p2: PadeaUltima|move: Stealth Rock\n|\n|-weather|Sandstorm|[upkeep]\n|upkeep\n|turn|13\n|\n|t:|1667761049\n|move|p2a: The Tourist|Substitute|p2a: The Tourist\n|-start|p2a: The Tourist|Substitute\n|-damage|p2a: The Tourist|75\/100\n|cant|p1a: Empoleon|par\n|\n|-weather|Sandstorm|[upkeep]\n|-heal|p2a: The Tourist|82\/100|[from] item: Leftovers\n|upkeep\n|turn|14\n|\n|t:|1667761053\n|move|p1a: Empoleon|Aqua Jet|p2a: The Tourist\n|-activate|p2a: The Tourist|Substitute|[damage]\n|move|p2a: The Tourist|Iron Head|p1a: Empoleon\n|-resisted|p1a: Empoleon\n|-damage|p1a: Empoleon|71\/100 par\n|\n|-weather|Sandstorm|[upkeep]\n|-heal|p2a: The Tourist|88\/100|[from] item: Leftovers\n|upkeep\n|turn|15\n|\n|t:|1667761059\n|cant|p1a: Empoleon|par\n|move|p2a: The Tourist|Fire Punch|p1a: Empoleon\n|-damage|p1a: Empoleon|52\/100 par\n|\n|-weather|Sandstorm|[upkeep]\n|-heal|p2a: The Tourist|94\/100|[from] item: Leftovers\n|upkeep\n|turn|16\n|\n|t:|1667761063\n|cant|p1a: Empoleon|par\n|move|p2a: The Tourist|Fire Punch|p1a: Empoleon\n|-damage|p1a: Empoleon|31\/100 par\n|\n|-weather|Sandstorm|[upkeep]\n|-heal|p2a: The Tourist|99\/100|[from] item: Leftovers\n|upkeep\n|turn|17\n|\n|t:|1667761067\n|cant|p1a: Empoleon|par\n|move|p2a: The Tourist|Fire Punch|p1a: Empoleon\n|-damage|p1a: Empoleon|10\/100 par\n|\n|-weather|Sandstorm|[upkeep]\n|-heal|p2a: The Tourist|100\/100|[from] item: Leftovers\n|upkeep\n|turn|18\n|\n|t:|1667761087\n|move|p2a: The Tourist|Substitute|p2a: The Tourist\n|-fail|p2a: The Tourist|move: Substitute\n|move|p1a: Empoleon|Hydro Pump|p2a: The Tourist|[miss]\n|-miss|p1a: Empoleon|p2a: The Tourist\n|\n|-weather|Sandstorm|[upkeep]\n|upkeep\n|turn|19\n|j| corvere\n|\n|t:|1667761098\n|move|p1a: Empoleon|Aqua Jet|p2a: The Tourist\n|-activate|p2a: The Tourist|Substitute|[damage]\n|move|p2a: The Tourist|Fire Punch|p1a: Empoleon\n|-damage|p1a: Empoleon|0 fnt\n|faint|p1a: Empoleon\n|\n|-weather|Sandstorm|[upkeep]\n|upkeep\n|\n|t:|1667761101\n|switch|p1a: Jirachi|Jirachi|100\/100 par\n|turn|20\n|\n|t:|1667761104\n|move|p2a: The Tourist|Iron Head|p1a: Jirachi\n|-resisted|p1a: Jirachi\n|-damage|p1a: Jirachi|88\/100 par\n|cant|p1a: Jirachi|flinch\n|\n|-weather|Sandstorm|[upkeep]\n|-heal|p1a: Jirachi|94\/100 par|[from] item: Leftovers\n|upkeep\n|turn|21\n|\n|t:|1667761110\n|move|p2a: The Tourist|Iron Head|p1a: Jirachi\n|-resisted|p1a: Jirachi\n|-damage|p1a: Jirachi|80\/100 par\n|move|p1a: Jirachi|Hidden Power|p2a: The Tourist\n|-supereffective|p2a: The Tourist\n|-end|p2a: The Tourist|Substitute\n|\n|-weather|Sandstorm|[upkeep]\n|-heal|p1a: Jirachi|86\/100 par|[from] item: Leftovers\n|upkeep\n|turn|22\n|\n|t:|1667761118\n|move|p2a: The Tourist|Iron Head|p1a: Jirachi\n|-resisted|p1a: Jirachi\n|-damage|p1a: Jirachi|73\/100 par\n|cant|p1a: Jirachi|flinch\n|\n|-weather|Sandstorm|[upkeep]\n|-heal|p1a: Jirachi|80\/100 par|[from] item: Leftovers\n|upkeep\n|turn|23\n|\n|t:|1667761123\n|move|p2a: The Tourist|Iron Head|p1a: Jirachi\n|-resisted|p1a: Jirachi\n|-damage|p1a: Jirachi|66\/100 par\n|move|p1a: Jirachi|Hidden Power|p2a: The Tourist\n|-supereffective|p2a: The Tourist\n|-damage|p2a: The Tourist|68\/100\n|\n|-weather|Sandstorm|[upkeep]\n|-heal|p2a: The Tourist|74\/100|[from] item: Leftovers\n|-heal|p1a: Jirachi|72\/100 par|[from] item: Leftovers\n|upkeep\n|turn|24\n|\n|t:|1667761129\n|move|p2a: The Tourist|Iron Head|p1a: Jirachi\n|-resisted|p1a: Jirachi\n|-damage|p1a: Jirachi|59\/100 par\n|cant|p1a: Jirachi|flinch\n|\n|-weather|Sandstorm|[upkeep]\n|-heal|p2a: The Tourist|80\/100|[from] item: Leftovers\n|-heal|p1a: Jirachi|65\/100 par|[from] item: Leftovers\n|upkeep\n|turn|25\n|j| Rukt\n|\n|t:|1667761155\n|move|p2a: The Tourist|Iron Head|p1a: Jirachi\n|-resisted|p1a: Jirachi\n|-damage|p1a: Jirachi|53\/100 par\n|cant|p1a: Jirachi|flinch\n|\n|-weather|Sandstorm|[upkeep]\n|-heal|p2a: The Tourist|86\/100|[from] item: Leftovers\n|-heal|p1a: Jirachi|59\/100 par|[from] item: Leftovers\n|upkeep\n|turn|26\n|\n|t:|1667761159\n|move|p2a: The Tourist|Iron Head|p1a: Jirachi\n|-resisted|p1a: Jirachi\n|-damage|p1a: Jirachi|46\/100 par\n|move|p1a: Jirachi|Calm Mind|p1a: Jirachi\n|-boost|p1a: Jirachi|spa|1\n|-boost|p1a: Jirachi|spd|1\n|\n|-weather|Sandstorm|[upkeep]\n|-heal|p2a: The Tourist|93\/100|[from] item: Leftovers\n|-heal|p1a: Jirachi|53\/100 par|[from] item: Leftovers\n|upkeep\n|turn|27\n|\n|t:|1667761163\n|move|p2a: The Tourist|Iron Head|p1a: Jirachi\n|-resisted|p1a: Jirachi\n|-damage|p1a: Jirachi|39\/100 par\n|move|p1a: Jirachi|Hidden Power|p2a: The Tourist\n|-supereffective|p2a: The Tourist\n|-damage|p2a: The Tourist|39\/100\n|\n|-weather|Sandstorm|[upkeep]\n|-heal|p2a: The Tourist|45\/100|[from] item: Leftovers\n|-heal|p1a: Jirachi|45\/100 par|[from] item: Leftovers\n|upkeep\n|turn|28\n|\n|t:|1667761182\n|move|p2a: The Tourist|Iron Head|p1a: Jirachi\n|-resisted|p1a: Jirachi\n|-damage|p1a: Jirachi|32\/100 par\n|cant|p1a: Jirachi|par\n|\n|-weather|Sandstorm|[upkeep]\n|-heal|p2a: The Tourist|51\/100|[from] item: Leftovers\n|-heal|p1a: Jirachi|39\/100 par|[from] item: Leftovers\n|upkeep\n|turn|29\n|\n|t:|1667761187\n|move|p2a: The Tourist|Iron Head|p1a: Jirachi\n|-resisted|p1a: Jirachi\n|-damage|p1a: Jirachi|26\/100 par\n|cant|p1a: Jirachi|flinch\n|\n|-weather|Sandstorm|[upkeep]\n|-heal|p2a: The Tourist|58\/100|[from] item: Leftovers\n|-heal|p1a: Jirachi|33\/100 par|[from] item: Leftovers\n|upkeep\n|turn|30\n|\n|t:|1667761192\n|move|p2a: The Tourist|Iron Head|p1a: Jirachi\n|-resisted|p1a: Jirachi\n|-damage|p1a: Jirachi|19\/100 par\n|cant|p1a: Jirachi|par\n|\n|-weather|Sandstorm|[upkeep]\n|-heal|p2a: The Tourist|64\/100|[from] item: Leftovers\n|-heal|p1a: Jirachi|25\/100 par|[from] item: Leftovers\n|upkeep\n|turn|31\n|\n|t:|1667761208\n|move|p2a: The Tourist|Fire Punch|p1a: Jirachi\n|-supereffective|p1a: Jirachi\n|-damage|p1a: Jirachi|0 fnt\n|faint|p1a: Jirachi\n|\n|-weather|Sandstorm|[upkeep]\n|-heal|p2a: The Tourist|70\/100|[from] item: Leftovers\n|upkeep\n|\n|t:|1667761210\n|switch|p1a: Tyranitar|Tyranitar, F|55\/100\n|turn|32\n|\n|t:|1667761214\n|move|p2a: The Tourist|Iron Head|p1a: Tyranitar\n|-supereffective|p1a: Tyranitar\n|-crit|p1a: Tyranitar\n|-damage|p1a: Tyranitar|0 fnt\n|faint|p1a: Tyranitar\n|\n|win|PadeaUltima\n|n|\u2606Elon Musk Rusk|elonmuskrusk\n|n|\u2606PadeaUltima|padeaultima\n|n| corvere|corvere\n|n| Rukt|rukt\n","uploadtime":1667761219,"views":4,"p1id":"elonmuskrusk","p2id":"padeaultima","formatid":"gen4ou","rating":0,"private":0,"password":null}