{"id":"gen4uu-1404161767","p1":"xasahbae","p2":"chippy2","format":"gen4uu","log":"|j|\u2606xasahbae\n|j|\u2606chippy2\n|inactive|Battle timer is ON: inactive players will automatically lose when time's up.\n|t:|1629980268\n|gametype|singles\n|player|p1|xasahbae|lass-gen4dp|\n|player|p2|chippy2|steven|\n|teamsize|p1|6\n|teamsize|p2|6\n|gen|4\n|tier|[Gen 4] UU\n|rated|Tournament battle\n|rule|Sleep Clause Mod: Limit one foe put to sleep\n|rule|Species Clause: Limit one of each Pok\u00e9mon\n|rule|OHKO Clause: OHKO moves are banned\n|rule|Evasion Moves Clause: Evasion moves are banned\n|rule|Endless Battle Clause: Forcing endless battles is banned\n|rule|HP Percentage Mod: HP is shown in percentages\n|rule|Baton Pass Clause: Limit one Baton Passer, can't pass Spe and other stats simultaneously\n|\n|t:|1629980268\n|start\n|switch|p1a: Mismagius|Mismagius, F|100\/100\n|switch|p2a: Steelix|Steelix, M|100\/100\n|turn|1\n|j|*Lady Monita\n|j| HornBill DD\n|j| OtakuSpot1\n|j| GhostlyPlanets\n|j| SniperSnail\n|j| OldIsBack\n|c| OtakuSpot1|gl both\n|j| evilpokefan\n|l| SniperSnail\n|j| Setnis\n|l| GhostlyPlanets\n|inactive|xasahbae has 120 seconds left.\n|inactive|chippy2 has 120 seconds left.\n|\n|t:|1629980300\n|move|p1a: Mismagius|Taunt|p2a: Steelix\n|-start|p2a: Steelix|move: Taunt\n|cant|p2a: Steelix|move: Taunt|Stealth Rock\n|\n|upkeep\n|turn|2\n|\n|t:|1629980303\n|move|p1a: Mismagius|Will-O-Wisp|p2a: Steelix\n|-status|p2a: Steelix|brn\n|move|p2a: Steelix|Gyro Ball|p1a: Mismagius\n|-damage|p1a: Mismagius|43\/100\n|\n|-heal|p1a: Mismagius|49\/100|[from] item: Leftovers\n|-damage|p2a: Steelix|88\/100 brn|[from] brn\n|upkeep\n|turn|3\n|\n|t:|1629980310\n|switch|p1a: Milotic|Milotic, M|100\/100\n|move|p2a: Steelix|Gyro Ball|p1a: Milotic\n|-resisted|p1a: Milotic\n|-damage|p1a: Milotic|93\/100\n|\n|-heal|p1a: Milotic|99\/100|[from] item: Leftovers\n|-damage|p2a: Steelix|76\/100 brn|[from] brn\n|upkeep\n|turn|4\n|l| Setnis\n|c|\u2606xasahbae|ty\n|inactive|chippy2 has 120 seconds left.\n|\n|t:|1629980356\n|switch|p2a: Toxicroak|Toxicroak, M|100\/100\n|move|p1a: Milotic|Surf|p2a: Toxicroak\n|-immune|p2a: Toxicroak|[from] ability: Dry Skin\n|\n|-heal|p1a: Milotic|100\/100|[from] item: Leftovers\n|upkeep\n|turn|5\n|\n|t:|1629980368\n|switch|p1a: Primeape|Primeape, M|100\/100\n|move|p2a: Toxicroak|Swords Dance|p2a: Toxicroak\n|-boost|p2a: Toxicroak|atk|2\n|\n|upkeep\n|turn|6\n|inactive|chippy2 has 120 seconds left.\n|j| sceptile008\n|j| Jlee2311\n|\n|t:|1629980387\n|switch|p2a: Altaria|Altaria, M|100\/100\n|move|p1a: Primeape|Close Combat|p2a: Altaria\n|-resisted|p2a: Altaria\n|-damage|p2a: Altaria|68\/100\n|-unboost|p1a: Primeape|def|1\n|-unboost|p1a: Primeape|spd|1\n|\n|upkeep\n|turn|7\n|j| FatGuy1934\n|\n|t:|1629980395\n|switch|p1a: Registeel|Registeel|100\/100\n|move|p2a: Altaria|Draco Meteor|p1a: Registeel\n|-resisted|p1a: Registeel\n|-damage|p1a: Registeel|77\/100\n|-unboost|p2a: Altaria|spa|2\n|\n|-heal|p1a: Registeel|83\/100|[from] item: Leftovers\n|upkeep\n|turn|8\n|\n|t:|1629980401\n|switch|p2a: Steelix|Steelix, M|76\/100 brn\n|switch|p1a: Primeape|Primeape, M|100\/100\n|\n|-damage|p2a: Steelix|63\/100 brn|[from] brn\n|upkeep\n|turn|9\n|\n|t:|1629980406\n|move|p1a: Primeape|Close Combat|p2a: Steelix\n|-supereffective|p2a: Steelix\n|-damage|p2a: Steelix|5\/100 brn\n|-unboost|p1a: Primeape|def|1\n|-unboost|p1a: Primeape|spd|1\n|move|p2a: Steelix|Stealth Rock|p1a: Primeape\n|-sidestart|p1: xasahbae|move: Stealth Rock\n|\n|-damage|p2a: Steelix|0 fnt|[from] brn\n|faint|p2a: Steelix\n|upkeep\n|\n|t:|1629980418\n|switch|p2a: Altaria|Altaria, M|68\/100\n|turn|10\n|j| Costasm\n|\n|t:|1629980429\n|switch|p1a: Registeel|Registeel|83\/100\n|-damage|p1a: Registeel|77\/100|[from] Stealth Rock\n|move|p2a: Altaria|Fire Blast|p1a: Registeel\n|-supereffective|p1a: Registeel\n|-crit|p1a: Registeel\n|-damage|p1a: Registeel|0 fnt\n|faint|p1a: Registeel\n|\n|upkeep\n|l| Costasm\n|\n|t:|1629980447\n|switch|p1a: Primeape|Primeape, M|100\/100\n|-damage|p1a: Primeape|95\/100|[from] Stealth Rock\n|turn|11\n|\n|t:|1629980451\n|switch|p2a: Leafeon|Leafeon, F|100\/100\n|move|p1a: Primeape|Stone Edge|p2a: Leafeon\n|-crit|p2a: Leafeon\n|-damage|p2a: Leafeon|44\/100\n|\n|upkeep\n|turn|12\n|j| Setnis\n|j| Luiw\n|l| Setnis\n|\n|t:|1629980464\n|move|p1a: Primeape|Stone Edge|p2a: Leafeon\n|-damage|p2a: Leafeon|11\/100\n|move|p2a: Leafeon|Synthesis|p2a: Leafeon\n|-heal|p2a: Leafeon|61\/100\n|\n|upkeep\n|turn|13\n|\n|t:|1629980469\n|switch|p1a: Houndoom|Houndoom, M|100\/100\n|-damage|p1a: Houndoom|76\/100|[from] Stealth Rock\n|move|p2a: Leafeon|Synthesis|p2a: Leafeon\n|-heal|p2a: Leafeon|100\/100\n|\n|upkeep\n|turn|14\n|l| OtakuSpot1\n|j| fez125\n|\n|t:|1629980480\n|switch|p2a: Altaria|Altaria, M|68\/100\n|move|p1a: Houndoom|Fire Blast|p2a: Altaria\n|-resisted|p2a: Altaria\n|-damage|p2a: Altaria|37\/100\n|\n|upkeep\n|turn|15\n|\n|t:|1629980486\n|switch|p1a: Milotic|Milotic, M|100\/100\n|-damage|p1a: Milotic|88\/100|[from] Stealth Rock\n|move|p2a: Altaria|Draco Meteor|p1a: Milotic\n|-damage|p1a: Milotic|26\/100\n|-unboost|p2a: Altaria|spa|2\n|\n|-heal|p1a: Milotic|32\/100|[from] item: Leftovers\n|upkeep\n|turn|16\n|\n|t:|1629980492\n|move|p2a: Altaria|Draco Meteor|p1a: Milotic\n|-damage|p1a: Milotic|3\/100\n|-unboost|p2a: Altaria|spa|2\n|move|p1a: Milotic|Recover|p1a: Milotic\n|-heal|p1a: Milotic|53\/100\n|\n|-heal|p1a: Milotic|59\/100|[from] item: Leftovers\n|upkeep\n|turn|17\n|\n|t:|1629980501\n|switch|p2a: Leafeon|Leafeon, F|100\/100\n|move|p1a: Milotic|Ice Beam|p2a: Leafeon\n|-supereffective|p2a: Leafeon\n|-damage|p2a: Leafeon|30\/100\n|\n|-heal|p1a: Milotic|65\/100|[from] item: Leftovers\n|upkeep\n|turn|18\n|l| Jlee2311\n|\n|t:|1629980509\n|switch|p1a: Primeape|Primeape, M|95\/100\n|-damage|p1a: Primeape|89\/100|[from] Stealth Rock\n|move|p2a: Leafeon|Leaf Blade|p1a: Primeape\n|-damage|p1a: Primeape|0 fnt\n|faint|p1a: Primeape\n|-damage|p2a: Leafeon|20\/100|[from] item: Life Orb\n|\n|upkeep\n|j| W2s David\n|\n|t:|1629980517\n|switch|p1a: Mismagius|Mismagius, F|49\/100\n|-damage|p1a: Mismagius|37\/100|[from] Stealth Rock\n|turn|19\n|\n|t:|1629980529\n|switch|p2a: Altaria|Altaria, M|37\/100\n|move|p1a: Mismagius|Shadow Ball|p2a: Altaria\n|-damage|p2a: Altaria|0 fnt\n|faint|p2a: Altaria\n|\n|-heal|p1a: Mismagius|43\/100|[from] item: Leftovers\n|upkeep\n|\n|t:|1629980537\n|switch|p2a: Kabutops|Kabutops, M|100\/100\n|turn|20\n|\n|t:|1629980540\n|move|p2a: Kabutops|Stone Edge|p1a: Mismagius\n|-damage|p1a: Mismagius|0 fnt\n|faint|p1a: Mismagius\n|\n|upkeep\n|\n|t:|1629980546\n|switch|p1a: Venusaur|Venusaur, F|100\/100\n|-damage|p1a: Venusaur|88\/100|[from] Stealth Rock\n|turn|21\n|\n|t:|1629980559\n|switch|p2a: Toxicroak|Toxicroak, M|100\/100\n|move|p1a: Venusaur|Earthquake|p2a: Toxicroak\n|-supereffective|p2a: Toxicroak\n|-damage|p2a: Toxicroak|24\/100\n|\n|-heal|p1a: Venusaur|94\/100|[from] item: Leftovers\n|upkeep\n|turn|22\n|\n|t:|1629980565\n|move|p2a: Toxicroak|Ice Punch|p1a: Venusaur\n|-supereffective|p1a: Venusaur\n|-damage|p1a: Venusaur|30\/100\n|move|p1a: Venusaur|Earthquake|p2a: Toxicroak\n|-supereffective|p2a: Toxicroak\n|-damage|p2a: Toxicroak|0 fnt\n|faint|p2a: Toxicroak\n|\n|-heal|p1a: Venusaur|36\/100|[from] item: Leftovers\n|upkeep\n|\n|t:|1629980571\n|switch|p2a: Dugtrio|Dugtrio, M|100\/100\n|turn|23\n|\n|t:|1629980575\n|move|p2a: Dugtrio|Earthquake|p1a: Venusaur\n|-damage|p1a: Venusaur|0 fnt\n|faint|p1a: Venusaur\n|\n|upkeep\n|n| Alec2009|luiw\n|\n|t:|1629980580\n|switch|p1a: Milotic|Milotic, M|65\/100\n|-damage|p1a: Milotic|53\/100|[from] Stealth Rock\n|turn|24\n|l| fez125\n|c|\u2606xasahbae|gg\n|\n|t:|1629980588\n|move|p2a: Dugtrio|Earthquake|p1a: Milotic\n|-damage|p1a: Milotic|18\/100\n|move|p1a: Milotic|Recover|p1a: Milotic\n|-heal|p1a: Milotic|68\/100\n|\n|-heal|p1a: Milotic|74\/100|[from] item: Leftovers\n|upkeep\n|turn|25\n|\n|t:|1629980600\n|move|p2a: Dugtrio|Earthquake|p1a: Milotic\n|-damage|p1a: Milotic|40\/100\n|move|p1a: Milotic|Ice Beam|p2a: Dugtrio\n|-supereffective|p2a: Dugtrio\n|-damage|p2a: Dugtrio|7\/100\n|\n|-heal|p1a: Milotic|46\/100|[from] item: Leftovers\n|upkeep\n|turn|26\n|l| Alec2009\n|\n|t:|1629980606\n|move|p2a: Dugtrio|Earthquake|p1a: Milotic\n|-damage|p1a: Milotic|14\/100\n|move|p1a: Milotic|Recover|p1a: Milotic\n|-heal|p1a: Milotic|64\/100\n|\n|-heal|p1a: Milotic|70\/100|[from] item: Leftovers\n|upkeep\n|turn|27\n|\n|t:|1629980610\n|move|p2a: Dugtrio|Earthquake|p1a: Milotic\n|-damage|p1a: Milotic|38\/100\n|move|p1a: Milotic|Recover|p1a: Milotic\n|-heal|p1a: Milotic|88\/100\n|\n|-heal|p1a: Milotic|94\/100|[from] item: Leftovers\n|upkeep\n|turn|28\n|\n|t:|1629980613\n|move|p2a: Dugtrio|Earthquake|p1a: Milotic\n|-damage|p1a: Milotic|59\/100\n|move|p1a: Milotic|Recover|p1a: Milotic\n|-heal|p1a: Milotic|100\/100\n|\n|upkeep\n|turn|29\n|\n|t:|1629980617\n|move|p2a: Dugtrio|Earthquake|p1a: Milotic\n|-damage|p1a: Milotic|67\/100\n|move|p1a: Milotic|Recover|p1a: Milotic\n|-heal|p1a: Milotic|100\/100\n|\n|upkeep\n|turn|30\n|\n|t:|1629980621\n|move|p2a: Dugtrio|Earthquake|p1a: Milotic\n|-damage|p1a: Milotic|66\/100\n|move|p1a: Milotic|Ice Beam|p2a: Dugtrio\n|-supereffective|p2a: Dugtrio\n|-damage|p2a: Dugtrio|0 fnt\n|faint|p2a: Dugtrio\n|\n|-heal|p1a: Milotic|72\/100|[from] item: Leftovers\n|upkeep\n|\n|t:|1629980625\n|switch|p2a: Leafeon|Leafeon, F|20\/100\n|turn|31\n|\n|t:|1629980633\n|switch|p1a: Houndoom|Houndoom, M|76\/100\n|-damage|p1a: Houndoom|51\/100|[from] Stealth Rock\n|move|p2a: Leafeon|Leaf Blade|p1a: Houndoom\n|-resisted|p1a: Houndoom\n|-damage|p1a: Houndoom|0 fnt\n|faint|p1a: Houndoom\n|-damage|p2a: Leafeon|10\/100|[from] item: Life Orb\n|\n|upkeep\n|\n|t:|1629980635\n|switch|p1a: Milotic|Milotic, M|72\/100\n|-damage|p1a: Milotic|60\/100|[from] Stealth Rock\n|turn|32\n|j| uwotmte\n|\n|t:|1629980640\n|move|p2a: Leafeon|Leaf Blade|p1a: Milotic\n|-supereffective|p1a: Milotic\n|-damage|p1a: Milotic|0 fnt\n|faint|p1a: Milotic\n|-damage|p2a: Leafeon|0 fnt|[from] item: Life Orb\n|faint|p2a: Leafeon\n|\n|win|chippy2\n|n|\u2606xasahbae|xasahbae\n|n|\u2606chippy2|chippy2\n|n|*Lady Monita|ladymonita\n|n| HornBill DD|hornbilldd\n|n| OldIsBack|oldisback\n|n| evilpokefan|evilpokefan\n|n| sceptile008|sceptile008\n|n| FatGuy1934|fatguy1934\n|n| W2s David|w2sdavid\n|n| uwotmte|uwotmte\n","uploadtime":1629980641,"views":10,"p1id":"xasahbae","p2id":"chippy2","formatid":"gen4uu","rating":0,"private":0,"password":null}