{"id":"gen4sharedpowerrandombattle-1706712502","p1":"zGodChaos","p2":"LoSconosciuto","format":"gen4sharedpowerrandombattle","log":"|j|\u2606zGodChaos\n|j|\u2606LoSconosciuto\n|t:|1668016173\n|gametype|singles\n|player|p1|zGodChaos|266|1144\n|player|p2|LoSconosciuto|#teamgapdos|1389\n|teamsize|p1|6\n|teamsize|p2|6\n|gen|4\n|tier|[Gen 4] Shared Power Random Battle\n|rated|\n|rule|Sleep Clause Mod: Limit one foe put to sleep\n|rule|HP Percentage Mod: HP is shown in percentages\n|clearpoke\n|poke|p1|Tropius, L88, F|item\n|poke|p1|Absol, L84, F|item\n|poke|p1|Azumarill, L84, F|item\n|poke|p1|Pidgeot, L88, M|item\n|poke|p1|Froslass, L82, F|item\n|poke|p1|Gengar, L80, F|item\n|poke|p2|Mantine, L88, M|item\n|poke|p2|Phione, L88|item\n|poke|p2|Porygon2, L88|item\n|poke|p2|Honchkrow, L82, M|item\n|poke|p2|Groudon, L76|item\n|poke|p2|Jolteon, L82, F|item\n|teampreview\n|inactive|Battle timer is ON: inactive players will automatically lose when time's up. (requested by zGodChaos)\n|inactive|LoSconosciuto also wants the timer to be on.\n|inactive|LoSconosciuto has 120 seconds left.\n|inactive|LoSconosciuto has 90 seconds left.\n|\n|t:|1668016250\n|start\n|switch|p1a: Azumarill|Azumarill, L84, F|305\/305\n|switch|p2a: Porygon2|Porygon2, L88|293\/293\n|-ability|p2a: Porygon2|Download|boost\n|-boost|p2a: Porygon2|spa|1\n|turn|1\n|\n|t:|1668016259\n|move|p2a: Porygon2|Discharge|p1a: Azumarill\n|-supereffective|p1a: Azumarill\n|-damage|p1a: Azumarill|101\/305\n|move|p1a: Azumarill|Return|p2a: Porygon2\n|-damage|p2a: Porygon2|166\/293\n|\n|-heal|p2a: Porygon2|184\/293|[from] item: Leftovers\n|upkeep\n|turn|2\n|inactive|zGodChaos has 120 seconds left.\n|\n|t:|1668016296\n|switch|p1a: Tropius|Tropius, L88, F|318\/318\n|move|p2a: Porygon2|Tri Attack|p1a: Tropius\n|-damage|p1a: Tropius|173\/318\n|\n|-heal|p2a: Porygon2|202\/293|[from] item: Leftovers\n|-heal|p1a: Tropius|192\/318|[from] item: Leftovers\n|upkeep\n|turn|3\n|inactive|zGodChaos has 120 seconds left.\n|\n|t:|1668016335\n|move|p2a: Porygon2|Tri Attack|p1a: Tropius\n|-damage|p1a: Tropius|48\/318\n|move|p1a: Tropius|Earthquake|p2a: Porygon2\n|-damage|p2a: Porygon2|98\/293\n|\n|-heal|p2a: Porygon2|116\/293|[from] item: Leftovers\n|-heal|p1a: Tropius|67\/318|[from] item: Leftovers\n|upkeep\n|turn|4\n|\n|t:|1668016349\n|move|p2a: Porygon2|Discharge|p1a: Tropius\n|-damage|p1a: Tropius|0 fnt\n|faint|p1a: Tropius\n|\n|-heal|p2a: Porygon2|134\/293|[from] item: Leftovers\n|upkeep\n|\n|t:|1668016355\n|switch|p1a: Absol|Absol, L84, F|246\/246\n|turn|5\n|inactive|LoSconosciuto has 120 seconds left.\n|\n|t:|1668016376\n|move|p1a: Absol|Psycho Cut|p2a: Porygon2\n|-damage|p2a: Porygon2|0 fnt\n|faint|p2a: Porygon2\n|-damage|p1a: Absol|222\/246|[from] item: Life Orb\n|\n|upkeep\n|inactive|LoSconosciuto has 120 seconds left.\n|\n|t:|1668016405\n|switch|p2a: Groudon|Groudon, L76|277\/277\n|-ability|p2a: Groudon|Download|boost\n|-boost|p2a: Groudon|spa|1\n|-weather|SunnyDay|[from] ability: Drought|[of] p2a: Groudon\n|turn|6\n|\n|t:|1668016417\n|move|p1a: Absol|Swords Dance|p1a: Absol\n|-boost|p1a: Absol|atk|2\n|move|p2a: Groudon|Earthquake|p1a: Absol\n|-damage|p1a: Absol|53\/246\n|\n|-weather|SunnyDay|[upkeep]\n|upkeep\n|turn|7\n|inactive|LoSconosciuto has 90 seconds left.\n|inactive|LoSconosciuto has 60 seconds left.\n|\n|t:|1668016497\n|switch|p2a: Honchkrow|Honchkrow, L82, M|298\/298\n|-ability|p2a: Honchkrow|Download|boost\n|-boost|p2a: Honchkrow|spa|1\n|move|p1a: Absol|Superpower|p2a: Honchkrow\n|-damage|p2a: Honchkrow|0 fnt\n|-unboost|p1a: Absol|atk|1\n|-unboost|p1a: Absol|def|1\n|faint|p2a: Honchkrow\n|-damage|p1a: Absol|29\/246|[from] item: Life Orb\n|\n|-weather|SunnyDay|[upkeep]\n|upkeep\n|\n|t:|1668016506\n|switch|p2a: Jolteon|Jolteon, L82, F|241\/241\n|-ability|p2a: Jolteon|Download|boost\n|-boost|p2a: Jolteon|atk|1\n|turn|8\n|inactive|zGodChaos has 120 seconds left.\n|\n|t:|1668016518\n|move|p1a: Absol|Superpower|p2a: Jolteon\n|-damage|p2a: Jolteon|0 fnt\n|-unboost|p1a: Absol|atk|1\n|-unboost|p1a: Absol|def|1\n|faint|p2a: Jolteon\n|-damage|p1a: Absol|5\/246|[from] item: Life Orb\n|\n|-weather|SunnyDay|[upkeep]\n|upkeep\n|\n|t:|1668016533\n|switch|p2a: Groudon|Groudon, L76|277\/277\n|-ability|p2a: Groudon|Download|boost\n|-boost|p2a: Groudon|atk|1\n|turn|9\n|\n|t:|1668016538\n|move|p1a: Absol|Superpower|p2a: Groudon\n|-damage|p2a: Groudon|84\/277\n|-unboost|p1a: Absol|atk|1\n|-unboost|p1a: Absol|def|1\n|-damage|p1a: Absol|0 fnt|[from] item: Life Orb\n|faint|p1a: Absol\n|move|p2a: Groudon|Rock Polish|p2a: Groudon\n|-boost|p2a: Groudon|spe|2\n|\n|-weather|SunnyDay|[upkeep]\n|-heal|p2a: Groudon|101\/277|[from] item: Leftovers\n|upkeep\n|inactive|zGodChaos has 120 seconds left.\n|\n|t:|1668016554\n|switch|p1a: Froslass|Froslass, L82, F|249\/249\n|turn|10\n|\n|t:|1668016558\n|switch|p2a: Phione|Phione, L88|284\/284\n|-ability|p2a: Phione|Download|boost\n|-boost|p2a: Phione|spa|1\n|move|p1a: Froslass|Ice Beam|p2a: Phione\n|-resisted|p2a: Phione\n|-damage|p2a: Phione|243\/284\n|\n|-weather|SunnyDay|[upkeep]\n|upkeep\n|turn|11\n|\n|t:|1668016571\n|move|p1a: Froslass|Taunt|p2a: Phione\n|-start|p2a: Phione|move: Taunt\n|cant|p2a: Phione|move: Taunt|Rain Dance\n|\n|-weather|SunnyDay|[upkeep]\n|upkeep\n|turn|12\n|\n|t:|1668016579\n|move|p1a: Froslass|Shadow Ball|p2a: Phione\n|-damage|p2a: Phione|177\/284\n|move|p2a: Phione|Surf|p1a: Froslass\n|-damage|p1a: Froslass|162\/249\n|\n|-weather|SunnyDay|[upkeep]\n|-heal|p1a: Froslass|177\/249|[from] item: Leftovers\n|upkeep\n|turn|13\n|\n|t:|1668016586\n|move|p1a: Froslass|Shadow Ball|p2a: Phione\n|-damage|p2a: Phione|108\/284\n|move|p2a: Phione|Surf|p1a: Froslass\n|-damage|p1a: Froslass|87\/249\n|\n|-weather|SunnyDay|[upkeep]\n|-heal|p1a: Froslass|102\/249|[from] item: Leftovers\n|-end|p2a: Phione|move: Taunt\n|upkeep\n|turn|14\n|\n|t:|1668016598\n|move|p1a: Froslass|Taunt|p2a: Phione\n|-start|p2a: Phione|move: Taunt\n|cant|p2a: Phione|move: Taunt|Rest\n|\n|-weather|SunnyDay|[upkeep]\n|-heal|p1a: Froslass|117\/249|[from] item: Leftovers\n|upkeep\n|turn|15\n|\n|t:|1668016605\n|move|p1a: Froslass|Shadow Ball|p2a: Phione\n|-damage|p2a: Phione|42\/284\n|move|p2a: Phione|Surf|p1a: Froslass\n|-damage|p1a: Froslass|26\/249\n|\n|-weather|SunnyDay|[upkeep]\n|-heal|p1a: Froslass|41\/249|[from] item: Leftovers\n|upkeep\n|turn|16\n|\n|t:|1668016612\n|move|p1a: Froslass|Shadow Ball|p2a: Phione\n|-crit|p2a: Phione\n|-damage|p2a: Phione|0 fnt\n|faint|p2a: Phione\n|\n|-weather|SunnyDay|[upkeep]\n|-heal|p1a: Froslass|56\/249|[from] item: Leftovers\n|upkeep\n|\n|t:|1668016615\n|switch|p2a: Mantine|Mantine, L88, M|258\/258\n|-ability|p2a: Mantine|Download|boost\n|-boost|p2a: Mantine|spa|1\n|turn|17\n|\n|t:|1668016626\n|move|p1a: Froslass|Destiny Bond|p1a: Froslass\n|-singlemove|p1a: Froslass|Destiny Bond\n|move|p2a: Mantine|Surf|p1a: Froslass\n|-damage|p1a: Froslass|0 fnt\n|faint|p1a: Froslass\n|-activate|p1a: Froslass|move: Destiny Bond\n|faint|p2a: Mantine\n|\n|-weather|SunnyDay|[upkeep]\n|upkeep\n|-message|LoSconosciuto forfeited.\n|\n|win|zGodChaos\n|raw|zGodChaos's rating: 1144 &rarr; <strong>1184<\/strong><br \/>(+40 for winning)\n|raw|LoSconosciuto's rating: 1389 &rarr; <strong>1357<\/strong><br \/>(-32 for losing)\n|l|\u2606LoSconosciuto\n||Ladder isn't responding, score probably updated but might not have (Request timeout).\n","inputlog":">version 453a3ad56483cc6a5c08448f6577d394b68621b7\n>start {\"formatid\":\"gen4sharedpowerrandombattle\",\"seed\":[34006,57938,4655,34352],\"rated\":\"Rated battle\"}\n>player p1 {\"name\":\"zGodChaos\",\"avatar\":\"266\",\"rating\":1144,\"seed\":[48638,28609,41371,59561]}\n>player p2 {\"name\":\"LoSconosciuto\",\"avatar\":\"#teamgapdos\",\"rating\":1389,\"seed\":[55668,13784,2016,11936]}\n>p1 team 3, 2, 1, 4, 5, 6\n>p2 team 3, 2, 1, 4, 5, 6\n>p1 move return\n>p2 move discharge\n>p1 switch 3\n>p2 move triattack\n>p1 move earthquake\n>p2 move triattack\n>p1 move earthquake\n>p2 move discharge\n>p1 switch 2\n>p1 move psychocut\n>p2 move triattack\n>p2 switch 5\n>p1 move swordsdance\n>p2 move earthquake\n>p1 move superpower\n>p2 switch 4\n>p2 switch 6\n>p1 move superpower\n>p2 move substitute\n>p2 switch 4\n>p1 move superpower\n>p2 move rockpolish\n>p1 switch 5\n>p1 move icebeam\n>p2 switch 2\n>p1 move taunt\n>p2 move raindance\n>p1 move shadowball\n>p2 move surf\n>p1 move shadowball\n>p2 move surf\n>p1 move taunt\n>p2 move rest\n>p1 move shadowball\n>p2 move surf\n>p1 move shadowball\n>p2 move surf\n>p2 switch 3\n>p1 move destinybond\n>p2 move surf\n>forcelose p2","uploadtime":1668016637,"views":4,"p1id":"zgodchaos","p2id":"losconosciuto","formatid":"gen4sharedpowerrandombattle","rating":1184,"private":0,"password":null}