{"id":"gen4zu-1668633488","p1":"innovamania","p2":"ayevon","format":"gen4zu","log":"|j|\u2606innovamania\n|j|\u2606ayevon\n|t:|1663645272\n|gametype|singles\n|player|p1|innovamania|#innovamania|\n|player|p2|ayevon|265|\n|teamsize|p1|6\n|teamsize|p2|6\n|gen|4\n|tier|[Gen 4] ZU\n|rated|Tournament battle\n|rule|Sleep Clause Mod: Limit one foe put to sleep\n|rule|Species Clause: Limit one of each Pok\u00e9mon\n|rule|OHKO Clause: OHKO moves are banned\n|rule|Evasion Items Clause: Evasion items are banned\n|rule|Evasion Moves Clause: Evasion moves are banned\n|rule|Endless Battle Clause: Forcing endless battles is banned\n|rule|HP Percentage Mod: HP is shown in percentages\n|rule|Baton Pass Clause: Limit one Baton Passer, can't pass Spe and other stats simultaneously\n|\n|t:|1663645272\n|start\n|switch|p1a: Omanyte|Omanyte, M|100\/100\n|switch|p2a: Mawile|Mawile, M|100\/100\n|-ability|p2a: Mawile|Intimidate|boost\n|-unboost|p1a: Omanyte|atk|1\n|turn|1\n|inactive|Battle timer is ON: inactive players will automatically lose when time's up. (requested by ayevon)\n|j| bp (\u30c4)\n|j|+BeatsBlack\n|c|\u2606ayevon|hf\n|\n|t:|1663645283\n|move|p2a: Mawile|Iron Head|p1a: Omanyte\n|-damage|p1a: Omanyte|65\/100\n|move|p1a: Omanyte|Stealth Rock|p2a: Mawile\n|-sidestart|p2: ayevon|move: Stealth Rock\n|\n|upkeep\n|turn|2\n|j| joey milktank\n|\n|t:|1663645289\n|move|p2a: Mawile|Brick Break|p1a: Omanyte\n|-supereffective|p1a: Omanyte\n|-damage|p1a: Omanyte|24\/100\n|move|p1a: Omanyte|Spikes|p2a: Mawile\n|-sidestart|p2: ayevon|Spikes\n|\n|upkeep\n|turn|3\n|c| bp (\u30c4)|what a banger lead\n|\n|t:|1663645295\n|-enditem|p1a: Omanyte|Custap Berry|[eat]\n|-message|Custap Berry activated.\n|move|p1a: Omanyte|Spikes|p2a: Mawile\n|-sidestart|p2: ayevon|Spikes\n|move|p2a: Mawile|Iron Head|p1a: Omanyte\n|-damage|p1a: Omanyte|0 fnt\n|faint|p1a: Omanyte\n|\n|upkeep\n|\n|t:|1663645306\n|switch|p1a: Whiscash|Whiscash, F|100\/100\n|turn|4\n|j|#Corthius\n|c| bp (\u30c4)|saw it a mile away\n|\n|t:|1663645311\n|switch|p2a: Wartortle|Wartortle, M|100\/100\n|-damage|p2a: Wartortle|88\/100|[from] Stealth Rock\n|-damage|p2a: Wartortle|72\/100|[from] Spikes\n|move|p1a: Whiscash|Dragon Dance|p1a: Whiscash\n|-boost|p1a: Whiscash|atk|1\n|-boost|p1a: Whiscash|spe|1\n|\n|-heal|p2a: Wartortle|78\/100|[from] item: Leftovers\n|upkeep\n|turn|5\n|\n|t:|1663645316\n|move|p1a: Whiscash|Dragon Dance|p1a: Whiscash\n|-boost|p1a: Whiscash|atk|1\n|-boost|p1a: Whiscash|spe|1\n|move|p2a: Wartortle|Yawn|p1a: Whiscash\n|-start|p1a: Whiscash|move: Yawn|[of] p2a: Wartortle\n|\n|-heal|p2a: Wartortle|84\/100|[from] item: Leftovers\n|upkeep\n|turn|6\n|\n|t:|1663645322\n|move|p1a: Whiscash|Earthquake|p2a: Wartortle\n|-damage|p2a: Wartortle|0 fnt\n|faint|p2a: Wartortle\n|\n|-end|p1a: Whiscash|move: Yawn|[silent]\n|-status|p1a: Whiscash|slp\n|upkeep\n|\n|t:|1663645333\n|switch|p2a: Grotle|Grotle, F|100\/100\n|-damage|p2a: Grotle|88\/100|[from] Stealth Rock\n|-damage|p2a: Grotle|71\/100|[from] Spikes\n|turn|7\n|\n|t:|1663645340\n|switch|p1a: Arbok|Arbok, M|100\/100\n|-ability|p1a: Arbok|Intimidate|boost\n|-unboost|p2a: Grotle|atk|1\n|move|p2a: Grotle|Stealth Rock|p1a: Arbok\n|-sidestart|p1: innovamania|move: Stealth Rock\n|\n|-heal|p2a: Grotle|78\/100|[from] item: Leftovers\n|upkeep\n|turn|8\n|\n|t:|1663645348\n|switch|p2a: Mawile|Mawile, M|100\/100\n|-damage|p2a: Mawile|94\/100|[from] Stealth Rock\n|-damage|p2a: Mawile|78\/100|[from] Spikes\n|-ability|p2a: Mawile|Intimidate|boost\n|-unboost|p1a: Arbok|atk|1\n|move|p1a: Arbok|Switcheroo|p2a: Mawile\n|-activate|p1a: Arbok|move: Trick|[of] p2a: Mawile\n|-item|p2a: Mawile|Choice Scarf|[from] move: Switcheroo\n|-item|p1a: Arbok|Leftovers|[from] move: Switcheroo\n|\n|upkeep\n|turn|9\n|\n|t:|1663645352\n|move|p1a: Arbok|Earthquake|p2a: Mawile\n|-supereffective|p2a: Mawile\n|-damage|p2a: Mawile|33\/100\n|move|p2a: Mawile|Iron Head|p1a: Arbok\n|-damage|p1a: Arbok|52\/100\n|\n|-heal|p1a: Arbok|58\/100|[from] item: Leftovers\n|upkeep\n|turn|10\n|\n|t:|1663645359\n|move|p1a: Arbok|Earthquake|p2a: Mawile\n|-supereffective|p2a: Mawile\n|-damage|p2a: Mawile|0 fnt\n|faint|p2a: Mawile\n|\n|-heal|p1a: Arbok|64\/100|[from] item: Leftovers\n|upkeep\n|\n|t:|1663645366\n|switch|p2a: Quilava|Quilava, M|100\/100\n|-damage|p2a: Quilava|76\/100|[from] Stealth Rock\n|-damage|p2a: Quilava|59\/100|[from] Spikes\n|turn|11\n|c|\u2606innovamania|uh oh\n|\n|t:|1663645373\n|move|p2a: Quilava|Fire Blast|p1a: Arbok\n|-damage|p1a: Arbok|0 fnt\n|faint|p1a: Arbok\n|\n|upkeep\n|c|+BeatsBlack|goatlava\n|\n|t:|1663645382\n|switch|p1a: Luxray|Luxray, M|100\/100\n|-damage|p1a: Luxray|88\/100|[from] Stealth Rock\n|-ability|p1a: Luxray|Intimidate|boost\n|-unboost|p2a: Quilava|atk|1\n|turn|12\n|j|+Oathkeeper\n|inactive|innovamania has 120 seconds left.\n|c|\u2606innovamania|im gonna lose to this\n|\n|t:|1663645416\n|switch|p2a: Luxray|Luxray, F|100\/100\n|-damage|p2a: Luxray|88\/100|[from] Stealth Rock\n|-damage|p2a: Luxray|72\/100|[from] Spikes\n|-ability|p2a: Luxray|Intimidate|boost\n|-unboost|p1a: Luxray|atk|1\n|move|p1a: Luxray|Hidden Power|p2a: Luxray\n|-damage|p2a: Luxray|38\/100\n|\n|-heal|p2a: Luxray|44\/100|[from] item: Leftovers\n|upkeep\n|turn|13\n|inactive|innovamania has 120 seconds left.\n|j|%5Dots\n|j| Goldew\n|\n|t:|1663645443\n|switch|p1a: Whiscash|Whiscash, F|100\/100 slp\n|-damage|p1a: Whiscash|94\/100 slp|[from] Stealth Rock\n|move|p2a: Luxray|Superpower|p1a: Whiscash\n|-damage|p1a: Whiscash|57\/100 slp\n|-unboost|p2a: Luxray|atk|1\n|-unboost|p2a: Luxray|def|1\n|\n|-heal|p2a: Luxray|50\/100|[from] item: Leftovers\n|-heal|p1a: Whiscash|63\/100 slp|[from] item: Leftovers\n|upkeep\n|turn|14\n|\n|t:|1663645452\n|move|p2a: Luxray|Hidden Power|p1a: Whiscash\n|-damage|p1a: Whiscash|37\/100 slp\n|cant|p1a: Whiscash|slp\n|\n|-heal|p2a: Luxray|56\/100|[from] item: Leftovers\n|-heal|p1a: Whiscash|43\/100 slp|[from] item: Leftovers\n|upkeep\n|turn|15\n|\n|t:|1663645457\n|switch|p2a: Grotle|Grotle, F|78\/100\n|-damage|p2a: Grotle|65\/100|[from] Stealth Rock\n|-damage|p2a: Grotle|49\/100|[from] Spikes\n|cant|p1a: Whiscash|slp\n|\n|-heal|p1a: Whiscash|49\/100 slp|[from] item: Leftovers\n|-heal|p2a: Grotle|55\/100|[from] item: Leftovers\n|upkeep\n|turn|16\n|\n|t:|1663645462\n|cant|p1a: Whiscash|slp\n|move|p2a: Grotle|Synthesis|p2a: Grotle\n|-heal|p2a: Grotle|100\/100\n|\n|-heal|p1a: Whiscash|55\/100 slp|[from] item: Leftovers\n|upkeep\n|turn|17\n|\n|t:|1663645465\n|cant|p1a: Whiscash|slp\n|move|p2a: Grotle|Seed Bomb|p1a: Whiscash\n|-supereffective|p1a: Whiscash\n|-damage|p1a: Whiscash|0 fnt\n|faint|p1a: Whiscash\n|\n|upkeep\n|c|\u2606innovamania|the 4 turner\n|\n|t:|1663645476\n|switch|p1a: Luxray|Luxray, M|88\/100\n|-damage|p1a: Luxray|76\/100|[from] Stealth Rock\n|-ability|p1a: Luxray|Intimidate|boost\n|-unboost|p2a: Grotle|atk|1\n|turn|18\n|\n|t:|1663645482\n|move|p1a: Luxray|Signal Beam|p2a: Grotle\n|-supereffective|p2a: Grotle\n|-damage|p2a: Grotle|51\/100\n|move|p2a: Grotle|Toxic|p1a: Luxray\n|-status|p1a: Luxray|tox\n|\n|-damage|p1a: Luxray|70\/100 tox|[from] psn\n|-heal|p2a: Grotle|57\/100|[from] item: Leftovers\n|upkeep\n|turn|19\n|\n|t:|1663645488\n|move|p1a: Luxray|Signal Beam|p2a: Grotle\n|-supereffective|p2a: Grotle\n|-damage|p2a: Grotle|3\/100\n|move|p2a: Grotle|Synthesis|p2a: Grotle\n|-heal|p2a: Grotle|53\/100\n|\n|-damage|p1a: Luxray|58\/100 tox|[from] psn\n|-heal|p2a: Grotle|59\/100|[from] item: Leftovers\n|upkeep\n|turn|20\n|\n|t:|1663645496\n|switch|p1a: Lairon|Lairon, M|100\/100\n|-damage|p1a: Lairon|94\/100|[from] Stealth Rock\n|move|p2a: Grotle|Synthesis|p2a: Grotle\n|-heal|p2a: Grotle|100\/100\n|\n|upkeep\n|turn|21\n|c|#Corthius|Its over\n|c|#Corthius|Hes in\n|\n|t:|1663645521\n|switch|p2a: Luxray|Luxray, F|56\/100\n|-damage|p2a: Luxray|43\/100|[from] Stealth Rock\n|-damage|p2a: Luxray|27\/100|[from] Spikes\n|-ability|p2a: Luxray|Intimidate|boost\n|-unboost|p1a: Lairon|atk|1\n|move|p1a: Lairon|Rock Polish|p1a: Lairon\n|-boost|p1a: Lairon|spe|2\n|\n|-heal|p2a: Luxray|33\/100|[from] item: Leftovers\n|upkeep\n|turn|22\n|c| bp (\u30c4)|oml\n|\n|t:|1663645539\n|switch|p2a: Flareon|Flareon, M|100\/100\n|-damage|p2a: Flareon|76\/100|[from] Stealth Rock\n|-damage|p2a: Flareon|59\/100|[from] Spikes\n|move|p1a: Lairon|Earthquake|p2a: Flareon\n|-supereffective|p2a: Flareon\n|-damage|p2a: Flareon|0 fnt\n|faint|p2a: Flareon\n|-damage|p1a: Lairon|84\/100|[from] item: Life Orb\n|\n|upkeep\n|inactive|ayevon has 120 seconds left.\n|\n|t:|1663645578\n|switch|p2a: Luxray|Luxray, F|33\/100\n|-damage|p2a: Luxray|20\/100|[from] Stealth Rock\n|-damage|p2a: Luxray|4\/100|[from] Spikes\n|-ability|p2a: Luxray|Intimidate|boost\n|-unboost|p1a: Lairon|atk|1\n|turn|23\n|\n|t:|1663645584\n|move|p1a: Lairon|Earthquake|p2a: Luxray\n|-supereffective|p2a: Luxray\n|-damage|p2a: Luxray|0 fnt\n|faint|p2a: Luxray\n|-damage|p1a: Lairon|74\/100|[from] item: Life Orb\n|\n|upkeep\n|\n|t:|1663645588\n|switch|p2a: Grotle|Grotle, F|100\/100\n|-damage|p2a: Grotle|88\/100|[from] Stealth Rock\n|-damage|p2a: Grotle|71\/100|[from] Spikes\n|turn|24\n|\n|t:|1663645598\n|switch|p1a: Luxray|Luxray, M|58\/100 tox\n|-damage|p1a: Luxray|46\/100 tox|[from] Stealth Rock\n|-ability|p1a: Luxray|Intimidate|boost\n|-unboost|p2a: Grotle|atk|1\n|move|p2a: Grotle|Seed Bomb|p1a: Luxray\n|-damage|p1a: Luxray|23\/100 tox\n|\n|-damage|p1a: Luxray|17\/100 tox|[from] psn\n|-heal|p2a: Grotle|78\/100|[from] item: Leftovers\n|upkeep\n|turn|25\n|\n|t:|1663645606\n|move|p1a: Luxray|Signal Beam|p2a: Grotle\n|-supereffective|p2a: Grotle\n|-damage|p2a: Grotle|25\/100\n|move|p2a: Grotle|Synthesis|p2a: Grotle\n|-heal|p2a: Grotle|75\/100\n|\n|-damage|p1a: Luxray|5\/100 tox|[from] psn\n|-heal|p2a: Grotle|81\/100|[from] item: Leftovers\n|upkeep\n|turn|26\n|\n|t:|1663645609\n|move|p1a: Luxray|Signal Beam|p2a: Grotle\n|-supereffective|p2a: Grotle\n|-damage|p2a: Grotle|35\/100\n|move|p2a: Grotle|Synthesis|p2a: Grotle\n|-heal|p2a: Grotle|85\/100\n|\n|-damage|p1a: Luxray|0 fnt|[from] psn\n|faint|p1a: Luxray\n|-heal|p2a: Grotle|91\/100|[from] item: Leftovers\n|upkeep\n|\n|t:|1663645612\n|switch|p1a: Lairon|Lairon, M|74\/100\n|-damage|p1a: Lairon|68\/100|[from] Stealth Rock\n|turn|27\n|\n|t:|1663645620\n|switch|p2a: Quilava|Quilava, M|59\/100\n|-damage|p2a: Quilava|34\/100|[from] Stealth Rock\n|-damage|p2a: Quilava|18\/100|[from] Spikes\n|move|p1a: Lairon|Iron Head|p2a: Quilava\n|-resisted|p2a: Quilava\n|-damage|p2a: Quilava|0 fnt\n|faint|p2a: Quilava\n|-damage|p1a: Lairon|58\/100|[from] item: Life Orb\n|\n|upkeep\n|\n|t:|1663645623\n|switch|p2a: Grotle|Grotle, F|91\/100\n|-damage|p2a: Grotle|79\/100|[from] Stealth Rock\n|-damage|p2a: Grotle|62\/100|[from] Spikes\n|turn|28\n|\n|t:|1663645627\n|move|p1a: Lairon|Head Smash|p2a: Grotle\n|-damage|p2a: Grotle|0 fnt\n|faint|p2a: Grotle\n|-damage|p1a: Lairon|48\/100|[from] item: Life Orb\n|\n|win|innovamania\n|n|\u2606innovamania|innovamania\n|n|\u2606ayevon|ayevon\n|n| bp (\u30c4)|bp\n|n| BeatsBlack|beatsblack\n|n| joey milktank|joeymilktank\n|n|+Corthius|corthius\n|n|+Oathkeeper|oathkeeper\n|n| 5Dots|5dots\n|n| Goldew|goldew\n","uploadtime":1663645628,"views":10,"p1id":"innovamania","p2id":"ayevon","formatid":"gen4zu","rating":0,"private":0,"password":null}