{"id":"gen4ubers-1656800589","p1":"dd absol","p2":"85792195wwww","format":"gen4ubers","log":"|j|\u2606dd absol\n|j|\u260685792195wwww\n|t:|1662396904\n|gametype|singles\n|player|p1|dd absol|acetrainerf|1162\n|player|p2|85792195wwww|lady|1287\n|teamsize|p1|6\n|teamsize|p2|6\n|gen|4\n|tier|[Gen 4] Ubers\n|rated|\n|rule|Sleep Clause Mod: Limit one foe put to sleep\n|rule|Species Clause: Limit one of each Pok\u00e9mon\n|rule|OHKO Clause: OHKO moves are banned\n|rule|Evasion Items Clause: Evasion items are banned\n|rule|Evasion Moves Clause: Evasion moves are banned\n|rule|Endless Battle Clause: Forcing endless battles is banned\n|rule|HP Percentage Mod: HP is shown in percentages\n|\n|t:|1662396904\n|start\n|switch|p1a: bad boi|Deoxys-Attack|100\/100\n|switch|p2a: Jirachi|Jirachi|100\/100\n|-ability|p1a: bad boi|Pressure\n|turn|1\n|\n|t:|1662396913\n|move|p1a: bad boi|Spikes|p2a: Jirachi\n|-sidestart|p2: 85792195wwww|Spikes\n|move|p2a: Jirachi|Thunder Wave|p1a: bad boi\n|-status|p1a: bad boi|par\n|\n|upkeep\n|turn|2\n|\n|t:|1662396920\n|move|p2a: Jirachi|Iron Head|p1a: bad boi\n|-damage|p1a: bad boi|1\/100 par\n|-enditem|p1a: bad boi|Focus Sash\n|cant|p1a: bad boi|flinch\n|\n|upkeep\n|turn|3\n|\n|t:|1662396927\n|move|p2a: Jirachi|Iron Head|p1a: bad boi\n|-damage|p1a: bad boi|0 fnt\n|faint|p1a: bad boi\n|\n|upkeep\n|\n|t:|1662396948\n|switch|p1a: ocean man|Kyogre|100\/100\n|-weather|RainDance|[from] ability: Drizzle|[of] p1a: ocean man\n|turn|4\n|\n|t:|1662396955\n|switch|p2a: Rayquaza|Rayquaza|100\/100\n|move|p1a: ocean man|Calm Mind|p1a: ocean man\n|-boost|p1a: ocean man|spa|1\n|-boost|p1a: ocean man|spd|1\n|\n|-weather|RainDance|[upkeep]\n|upkeep\n|turn|5\n|\n|t:|1662396962\n|move|p2a: Rayquaza|Outrage|p1a: ocean man\n|-damage|p1a: ocean man|0 fnt\n|faint|p1a: ocean man\n|-damage|p2a: Rayquaza|91\/100|[from] item: Life Orb\n|\n|-weather|RainDance|[upkeep]\n|upkeep\n|\n|t:|1662396966\n|switch|p1a: special one|Jirachi|100\/100\n|turn|6\n|\n|t:|1662396970\n|move|p2a: Rayquaza|Outrage|p1a: special one|[from]lockedmove\n|-resisted|p1a: special one\n|-damage|p1a: special one|64\/100\n|-damage|p2a: Rayquaza|81\/100|[from] item: Life Orb\n|move|p1a: special one|Stealth Rock|p2a: Rayquaza\n|-sidestart|p2: 85792195wwww|move: Stealth Rock\n|\n|-weather|RainDance|[upkeep]\n|-heal|p1a: special one|70\/100|[from] item: Leftovers\n|upkeep\n|turn|7\n|\n|t:|1662396979\n|move|p1a: special one|Protect|p1a: special one\n|-singleturn|p1a: special one|Protect\n|move|p2a: Rayquaza|Outrage|p1a: special one|[from]lockedmove\n|-activate|p1a: special one|Protect\n|\n|-weather|RainDance|[upkeep]\n|-heal|p1a: special one|76\/100|[from] item: Leftovers\n|-start|p2a: Rayquaza|confusion|[fatigue]\n|upkeep\n|turn|8\n|\n|t:|1662396990\n|switch|p2a: Jirachi|Jirachi|100\/100\n|-damage|p2a: Jirachi|88\/100|[from] Spikes\n|-damage|p2a: Jirachi|82\/100|[from] Stealth Rock\n|switch|p1a: sexy lady|Latias, F|100\/100\n|\n|-weather|RainDance|[upkeep]\n|upkeep\n|turn|9\n|\n|t:|1662396999\n|move|p1a: sexy lady|Thunder|p2a: Jirachi\n|-damage|p2a: Jirachi|50\/100\n|-status|p2a: Jirachi|par\n|-enditem|p2a: Jirachi|Lum Berry|[eat]\n|-curestatus|p2a: Jirachi|par|[msg]\n|move|p2a: Jirachi|Thunder Wave|p1a: sexy lady\n|-status|p1a: sexy lady|par\n|\n|-weather|RainDance|[upkeep]\n|upkeep\n|turn|10\n|\n|t:|1662397011\n|switch|p1a: spooky scary|Giratina-Origin|100\/100\n|move|p2a: Jirachi|Stealth Rock|p1a: spooky scary\n|-sidestart|p1: dd absol|move: Stealth Rock\n|\n|-weather|RainDance|[upkeep]\n|upkeep\n|turn|11\n|\n|t:|1662397017\n|move|p1a: spooky scary|Earthquake|p2a: Jirachi\n|-supereffective|p2a: Jirachi\n|-damage|p2a: Jirachi|3\/100\n|move|p2a: Jirachi|Thunder Wave|p1a: spooky scary\n|-status|p1a: spooky scary|par\n|\n|-weather|RainDance|[upkeep]\n|upkeep\n|turn|12\n|\n|t:|1662397024\n|move|p1a: spooky scary|Shadow Sneak|p2a: Jirachi\n|-damage|p2a: Jirachi|0 fnt\n|faint|p2a: Jirachi\n|\n|-weather|RainDance|[upkeep]\n|upkeep\n|\n|t:|1662397032\n|switch|p2a: Darkrai|Darkrai|100\/100\n|-damage|p2a: Darkrai|88\/100|[from] Spikes\n|-damage|p2a: Darkrai|76\/100|[from] Stealth Rock\n|turn|13\n|\n|t:|1662397038\n|switch|p1a: phone dial|Dialga|100\/100\n|-damage|p1a: phone dial|94\/100|[from] Stealth Rock\n|-ability|p1a: phone dial|Pressure\n|move|p2a: Darkrai|Dark Pulse|p1a: phone dial\n|-resisted|p1a: phone dial\n|-damage|p1a: phone dial|65\/100\n|-damage|p2a: Darkrai|66\/100|[from] item: Life Orb\n|\n|-weather|RainDance|[upkeep]\n|upkeep\n|turn|14\n|\n|t:|1662397052\n|move|p1a: phone dial|Draco Meteor|p2a: Darkrai\n|-damage|p2a: Darkrai|0 fnt\n|-unboost|p1a: phone dial|spa|2\n|faint|p2a: Darkrai\n|\n|-weather|RainDance|[upkeep]\n|upkeep\n|\n|t:|1662397079\n|switch|p2a: Kyogre|Kyogre|100\/100\n|-damage|p2a: Kyogre|88\/100|[from] Spikes\n|-damage|p2a: Kyogre|76\/100|[from] Stealth Rock\n|turn|15\n|\n|t:|1662397088\n|switch|p1a: sexy lady|Latias, F|100\/100 par\n|-damage|p1a: sexy lady|88\/100 par|[from] Stealth Rock\n|move|p2a: Kyogre|Ice Beam|p1a: sexy lady\n|-supereffective|p1a: sexy lady\n|-damage|p1a: sexy lady|40\/100 par\n|\n|-weather|RainDance|[upkeep]\n|upkeep\n|turn|16\n|\n|t:|1662397096\n|switch|p1a: special one|Jirachi|76\/100\n|-damage|p1a: special one|70\/100|[from] Stealth Rock\n|move|p2a: Kyogre|Ice Beam|p1a: special one\n|-resisted|p1a: special one\n|-damage|p1a: special one|58\/100\n|-status|p1a: special one|frz\n|\n|-weather|RainDance|[upkeep]\n|-heal|p1a: special one|65\/100 frz|[from] item: Leftovers\n|upkeep\n|turn|17\n|\n|t:|1662397106\n|switch|p2a: Groudon|Groudon|100\/100\n|-damage|p2a: Groudon|88\/100|[from] Spikes\n|-damage|p2a: Groudon|82\/100|[from] Stealth Rock\n|-weather|SunnyDay|[from] ability: Drought|[of] p2a: Groudon\n|switch|p1a: phone dial|Dialga|65\/100\n|-damage|p1a: phone dial|58\/100|[from] Stealth Rock\n|-ability|p1a: phone dial|Pressure\n|\n|-weather|SunnyDay|[upkeep]\n|upkeep\n|turn|18\n|\n|t:|1662397125\n|switch|p1a: spooky scary|Giratina-Origin|100\/100 par\n|-damage|p1a: spooky scary|88\/100 par|[from] Stealth Rock\n|switch|p2a: Kyogre|Kyogre|76\/100\n|-damage|p2a: Kyogre|64\/100|[from] Spikes\n|-damage|p2a: Kyogre|51\/100|[from] Stealth Rock\n|-weather|RainDance|[from] ability: Drizzle|[of] p2a: Kyogre\n|\n|-weather|RainDance|[upkeep]\n|upkeep\n|turn|19\n|\n|t:|1662397137\n|move|p2a: Kyogre|Ice Beam|p1a: spooky scary\n|-supereffective|p1a: spooky scary\n|-crit|p1a: spooky scary\n|-damage|p1a: spooky scary|0 fnt\n|faint|p1a: spooky scary\n|\n|-weather|RainDance|[upkeep]\n|upkeep\n|\n|t:|1662397146\n|switch|p1a: phone dial|Dialga|58\/100\n|-damage|p1a: phone dial|52\/100|[from] Stealth Rock\n|-ability|p1a: phone dial|Pressure\n|turn|20\n|\n|t:|1662397151\n|move|p1a: phone dial|Draco Meteor|p2a: Kyogre\n|-damage|p2a: Kyogre|0 fnt\n|-unboost|p1a: phone dial|spa|2\n|faint|p2a: Kyogre\n|\n|-weather|RainDance|[upkeep]\n|upkeep\n|\n|t:|1662397166\n|switch|p2a: Groudon|Groudon|82\/100\n|-damage|p2a: Groudon|70\/100|[from] Spikes\n|-damage|p2a: Groudon|64\/100|[from] Stealth Rock\n|-weather|SunnyDay|[from] ability: Drought|[of] p2a: Groudon\n|turn|21\n|\n|t:|1662397174\n|switch|p1a: sexy lady|Latias, F|40\/100 par\n|-damage|p1a: sexy lady|27\/100 par|[from] Stealth Rock\n|move|p2a: Groudon|Rock Polish|p2a: Groudon\n|-boost|p2a: Groudon|spe|2\n|\n|-weather|SunnyDay|[upkeep]\n|upkeep\n|turn|22\n|\n|t:|1662397182\n|move|p2a: Groudon|Dragon Claw|p1a: sexy lady\n|-supereffective|p1a: sexy lady\n|-damage|p1a: sexy lady|0 fnt\n|faint|p1a: sexy lady\n|-damage|p2a: Groudon|54\/100|[from] item: Life Orb\n|\n|-weather|SunnyDay|[upkeep]\n|upkeep\n|\n|t:|1662397187\n|switch|p1a: phone dial|Dialga|52\/100\n|-damage|p1a: phone dial|46\/100|[from] Stealth Rock\n|-ability|p1a: phone dial|Pressure\n|turn|23\n|\n|t:|1662397192\n|move|p2a: Groudon|Earthquake|p1a: phone dial\n|-supereffective|p1a: phone dial\n|-damage|p1a: phone dial|0 fnt\n|faint|p1a: phone dial\n|-damage|p2a: Groudon|44\/100|[from] item: Life Orb\n|\n|-weather|SunnyDay|[upkeep]\n|upkeep\n|\n|t:|1662397196\n|switch|p1a: special one|Jirachi|65\/100 frz\n|-damage|p1a: special one|58\/100 frz|[from] Stealth Rock\n|turn|24\n|\n|t:|1662397201\n|move|p2a: Groudon|Earthquake|p1a: special one\n|-supereffective|p1a: special one\n|-damage|p1a: special one|0 fnt\n|faint|p1a: special one\n|-damage|p2a: Groudon|34\/100|[from] item: Life Orb\n|\n|win|85792195wwww\n|raw|dd absol's rating: 1162 &rarr; <strong>1146<\/strong><br \/>(-16 for losing)\n|raw|85792195wwww's rating: 1287 &rarr; <strong>1303<\/strong><br \/>(+16 for winning)\n","uploadtime":1662397209,"views":4,"p1id":"ddabsol","p2id":"85792195wwww","formatid":"gen4ubers","rating":1146,"private":0,"password":null}