{"id":"gen4ou-986177123","p1":"RussianAgent","p2":"Cowsrule247","format":"gen4ou","log":"|j|\u2606RussianAgent\n|j|\u2606Cowsrule247\n|player|p1|RussianAgent|archer|1109\n|player|p2|Cowsrule247|192|1299\n|teamsize|p1|6\n|teamsize|p2|6\n|gametype|singles\n|gen|4\n|tier|[Gen 4] OU\n|rated|\n|rule|Sleep Clause Mod: Limit one foe put to sleep\n|rule|Species Clause: Limit one of each Pok\u00e9mon\n|rule|OHKO Clause: OHKO moves are banned\n|rule|Moody Clause: Moody is banned\n|rule|Evasion Moves Clause: Evasion moves are banned\n|rule|Endless Battle Clause: Forcing endless battles is banned\n|rule|HP Percentage Mod: HP is shown in percentages\n|rule|Baton Pass Clause: Limit one Baton Passer, can't pass Spe and other stats simultaneously\n|\n|start\n|switch|p1a: \u042d\u0439\u0437\u0435\u043b\u0444|Azelf|100\/100\n|switch|p2a: Smeargle|Smeargle, F|100\/100\n|turn|1\n|inactive|Battle timer is ON: inactive players will automatically lose when time's up. (requested by Cowsrule247)\n|\n|move|p2a: Smeargle|Spore|p1a: \u042d\u0439\u0437\u0435\u043b\u0444\n|-status|p1a: \u042d\u0439\u0437\u0435\u043b\u0444|slp|[from] move: Spore\n|cant|p1a: \u042d\u0439\u0437\u0435\u043b\u0444|slp\n|\n|upkeep\n|turn|2\n|\n|switch|p2a: Bronzong|Bronzong|100\/100\n|cant|p1a: \u042d\u0439\u0437\u0435\u043b\u0444|slp\n|\n|upkeep\n|turn|3\n|\n|-curestatus|p1a: \u042d\u0439\u0437\u0435\u043b\u0444|slp|[msg]\n|move|p1a: \u042d\u0439\u0437\u0435\u043b\u0444|Taunt|p2a: Bronzong\n|-start|p2a: Bronzong|move: Taunt\n|cant|p2a: Bronzong|move: Taunt|Stealth Rock\n|\n|upkeep\n|turn|4\n|\n|switch|p2a: Smeargle|Smeargle, F|100\/100\n|move|p1a: \u042d\u0439\u0437\u0435\u043b\u0444|Stealth Rock|p2a: Smeargle\n|-sidestart|p2: Cowsrule247|move: Stealth Rock\n|\n|upkeep\n|turn|5\n|\n|move|p2a: Smeargle|Spore|p1a: \u042d\u0439\u0437\u0435\u043b\u0444\n|-status|p1a: \u042d\u0439\u0437\u0435\u043b\u0444|slp|[from] move: Spore\n|cant|p1a: \u042d\u0439\u0437\u0435\u043b\u0444|slp\n|\n|upkeep\n|turn|6\n|\n|switch|p2a: Bronzong|Bronzong|100\/100\n|-damage|p2a: Bronzong|94\/100|[from] Stealth Rock\n|switch|p1a: \u0413\u044c\u0435\u0440\u0430\u0434\u043e\u0441|Gyarados, F|100\/100\n|-ability|p1a: \u0413\u044c\u0435\u0440\u0430\u0434\u043e\u0441|Intimidate|boost\n|-unboost|p2a: Bronzong|atk|1\n|\n|-heal|p2a: Bronzong|100\/100|[from] item: Leftovers\n|upkeep\n|turn|7\n|inactive|Cowsrule247 has 120 seconds left.\n|\n|switch|p2a: Smeargle|Smeargle, F|100\/100\n|-damage|p2a: Smeargle|88\/100|[from] Stealth Rock\n|move|p1a: \u0413\u044c\u0435\u0440\u0430\u0434\u043e\u0441|Dragon Dance|p1a: \u0413\u044c\u0435\u0440\u0430\u0434\u043e\u0441\n|-boost|p1a: \u0413\u044c\u0435\u0440\u0430\u0434\u043e\u0441|atk|1\n|-boost|p1a: \u0413\u044c\u0435\u0440\u0430\u0434\u043e\u0441|spe|1\n|\n|upkeep\n|turn|8\n|\n|move|p1a: \u0413\u044c\u0435\u0440\u0430\u0434\u043e\u0441|Waterfall|p2a: Smeargle\n|-damage|p2a: Smeargle|0 fnt\n|-damage|p1a: \u0413\u044c\u0435\u0440\u0430\u0434\u043e\u0441|91\/100|[from] item: Life Orb\n|faint|p2a: Smeargle\n|\n|upkeep\n|inactive|Cowsrule247 has 120 seconds left.\n|\n|switch|p2a: Jirachi|Jirachi|100\/100\n|-damage|p2a: Jirachi|94\/100|[from] Stealth Rock\n|turn|9\n|\n|move|p1a: \u0413\u044c\u0435\u0440\u0430\u0434\u043e\u0441|Earthquake|p2a: Jirachi\n|-supereffective|p2a: Jirachi\n|-damage|p2a: Jirachi|0 fnt\n|-damage|p1a: \u0413\u044c\u0435\u0440\u0430\u0434\u043e\u0441|81\/100|[from] item: Life Orb\n|faint|p2a: Jirachi\n|\n|upkeep\n|-message|Cowsrule247 forfeited.\n|\n|win|RussianAgent\n|l|\u2606Cowsrule247\n|raw|RussianAgent's rating: 1109 &rarr; <strong>1147<\/strong><br \/>(+38 for winning)\n|raw|Cowsrule247's rating: 1299 &rarr; <strong>1262<\/strong><br \/>(-37 for losing)\n","uploadtime":1570081069,"views":15,"p1id":"russianagent","p2id":"cowsrule247","formatid":"gen4ou","rating":1147,"private":0,"password":null}