{"id":"gen4ubers-1654490959","p1":"QSTN","p2":"alvar03","format":"gen4ubers","log":"|j|\u2606QSTN\n|j|\u2606alvar03\n|t:|1662142518\n|gametype|singles\n|player|p1|QSTN|lyra|1056\n|player|p2|alvar03|alder|1234\n|teamsize|p1|6\n|teamsize|p2|6\n|gen|4\n|tier|[Gen 4] Ubers\n|rated|\n|rule|Sleep Clause Mod: Limit one foe put to sleep\n|rule|Species Clause: Limit one of each Pok\u00e9mon\n|rule|OHKO Clause: OHKO moves are banned\n|rule|Evasion Items Clause: Evasion items are banned\n|rule|Evasion Moves Clause: Evasion moves are banned\n|rule|Endless Battle Clause: Forcing endless battles is banned\n|rule|HP Percentage Mod: HP is shown in percentages\n|\n|t:|1662142518\n|start\n|switch|p1a: The Strap|Ho-Oh|100\/100\n|switch|p2a: Forretress|Forretress, F|100\/100\n|-ability|p1a: The Strap|Pressure\n|turn|1\n|j| PerryL'Ornitorinco\n|\n|t:|1662142531\n|switch|p2a: Kyogre|Kyogre|100\/100\n|-weather|RainDance|[from] ability: Drizzle|[of] p2a: Kyogre\n|move|p1a: The Strap|Sacred Fire|p2a: Kyogre\n|-resisted|p2a: Kyogre\n|-damage|p2a: Kyogre|83\/100\n|-status|p2a: Kyogre|brn\n|\n|-weather|RainDance|[upkeep]\n|-heal|p2a: Kyogre|89\/100 brn|[from] item: Leftovers\n|-damage|p2a: Kyogre|76\/100 brn|[from] brn\n|upkeep\n|turn|2\n|\n|t:|1662142543\n|switch|p1a: Latios|Latios, M|100\/100\n|move|p2a: Kyogre|Surf|p1a: Latios\n|-resisted|p1a: Latios\n|-damage|p1a: Latios|75\/100\n|\n|-weather|RainDance|[upkeep]\n|-heal|p2a: Kyogre|83\/100 brn|[from] item: Leftovers\n|-damage|p2a: Kyogre|70\/100 brn|[from] brn\n|upkeep\n|turn|3\n|inactive|Battle timer is ON: inactive players will automatically lose when time's up. (requested by alvar03)\n|\n|t:|1662142550\n|switch|p1a: The Strap|Ho-Oh|100\/100\n|-ability|p1a: The Strap|Pressure\n|switch|p2a: Forretress|Forretress, F|100\/100\n|\n|-weather|RainDance|[upkeep]\n|upkeep\n|turn|4\n|\n|t:|1662142556\n|switch|p2a: Wobbuffet|Wobbuffet, F|100\/100\n|move|p1a: The Strap|Brave Bird|p2a: Wobbuffet\n|-damage|p2a: Wobbuffet|30\/100\n|-damage|p1a: The Strap|66\/100|[from] Recoil\n|\n|-weather|RainDance|[upkeep]\n|-heal|p2a: Wobbuffet|37\/100|[from] item: Leftovers\n|upkeep\n|turn|5\n|\n|t:|1662142562\n|switch|p2a: Dialga|Dialga|100\/100\n|-ability|p2a: Dialga|Pressure\n|move|p1a: The Strap|Brave Bird|p2a: Dialga\n|-resisted|p2a: Dialga\n|-crit|p2a: Dialga\n|-damage|p2a: Dialga|31\/100\n|-damage|p1a: The Strap|39\/100|[from] Recoil\n|\n|-weather|RainDance|[upkeep]\n|-heal|p2a: Dialga|37\/100|[from] item: Leftovers\n|upkeep\n|turn|6\n|\n|t:|1662142567\n|move|p1a: The Strap|Brave Bird|p2a: Dialga\n|-resisted|p2a: Dialga\n|-damage|p2a: Dialga|2\/100\n|-damage|p1a: The Strap|26\/100|[from] Recoil\n|move|p2a: Dialga|Stealth Rock|p1a: The Strap\n|-sidestart|p1: QSTN|move: Stealth Rock\n|\n|-weather|RainDance|[upkeep]\n|-heal|p2a: Dialga|9\/100|[from] item: Leftovers\n|upkeep\n|turn|7\n|\n|t:|1662142571\n|move|p1a: The Strap|Brave Bird|p2a: Dialga\n|-resisted|p2a: Dialga\n|-damage|p2a: Dialga|0 fnt\n|faint|p2a: Dialga\n|-damage|p1a: The Strap|23\/100|[from] Recoil\n|\n|-weather|RainDance|[upkeep]\n|upkeep\n|\n|t:|1662142574\n|switch|p2a: Latios|Latios, M|100\/100\n|turn|8\n|\n|t:|1662142577\n|move|p2a: Latios|Dragon Pulse|p1a: The Strap\n|-damage|p1a: The Strap|0 fnt\n|faint|p1a: The Strap\n|\n|-weather|RainDance|[upkeep]\n|upkeep\n|\n|t:|1662142598\n|switch|p1a: Garchomp|Garchomp, F|100\/100\n|-damage|p1a: Garchomp|94\/100|[from] Stealth Rock\n|turn|9\n|\n|t:|1662142602\n|switch|p1a: Groudon|Groudon|100\/100\n|-damage|p1a: Groudon|94\/100|[from] Stealth Rock\n|-weather|SunnyDay|[from] ability: Drought|[of] p1a: Groudon\n|switch|p2a: Forretress|Forretress, F|100\/100\n|\n|-weather|SunnyDay|[upkeep]\n|-heal|p1a: Groudon|100\/100|[from] item: Leftovers\n|upkeep\n|turn|10\n|\n|t:|1662142608\n|move|p1a: Groudon|Lava Plume|p2a: Forretress\n|-supereffective|p2a: Forretress\n|-damage|p2a: Forretress|0 fnt\n|faint|p2a: Forretress\n|\n|-weather|SunnyDay|[upkeep]\n|upkeep\n|\n|t:|1662142614\n|switch|p2a: Latios|Latios, M|100\/100\n|turn|11\n|\n|t:|1662142619\n|move|p2a: Latios|Dragon Pulse|p1a: Groudon\n|-crit|p1a: Groudon\n|-damage|p1a: Groudon|16\/100\n|move|p1a: Groudon|Thunder Wave|p2a: Latios\n|-status|p2a: Latios|par\n|\n|-weather|SunnyDay|[upkeep]\n|-heal|p1a: Groudon|22\/100|[from] item: Leftovers\n|upkeep\n|turn|12\n|\n|t:|1662142630\n|move|p1a: Groudon|Dragon Claw|p2a: Latios\n|-supereffective|p2a: Latios\n|-damage|p2a: Latios|31\/100 par\n|move|p2a: Latios|Dragon Pulse|p1a: Groudon\n|-damage|p1a: Groudon|0 fnt\n|faint|p1a: Groudon\n|\n|-weather|SunnyDay|[upkeep]\n|upkeep\n|\n|t:|1662142639\n|switch|p1a: Latios|Latios, M|75\/100\n|-damage|p1a: Latios|62\/100|[from] Stealth Rock\n|turn|13\n|\n|t:|1662142642\n|move|p1a: Latios|Dragon Pulse|p2a: Latios\n|-supereffective|p2a: Latios\n|-damage|p2a: Latios|0 fnt\n|faint|p2a: Latios\n|\n|-weather|SunnyDay|[upkeep]\n|upkeep\n|\n|t:|1662142645\n|switch|p2a: Kyogre|Kyogre|70\/100 brn\n|-weather|RainDance|[from] ability: Drizzle|[of] p2a: Kyogre\n|turn|14\n|\n|t:|1662142647\n|move|p1a: Latios|Grass Knot|p2a: Kyogre\n|-supereffective|p2a: Kyogre\n|-damage|p2a: Kyogre|6\/100 brn\n|move|p2a: Kyogre|Rest|p2a: Kyogre\n|-status|p2a: Kyogre|slp|[from] move: Rest\n|-heal|p2a: Kyogre|100\/100 slp|[silent]\n|\n|-weather|RainDance|[upkeep]\n|upkeep\n|turn|15\n|\n|t:|1662142653\n|move|p1a: Latios|Grass Knot|p2a: Kyogre\n|-supereffective|p2a: Kyogre\n|-damage|p2a: Kyogre|38\/100 slp\n|cant|p2a: Kyogre|slp\n|move|p2a: Kyogre|Sleep Talk|p2a: Kyogre\n|move|p2a: Kyogre|Rest||[from]move: Sleep Talk|[still]\n|-fail|p2a: Kyogre\n|\n|-weather|RainDance|[upkeep]\n|-heal|p2a: Kyogre|44\/100 slp|[from] item: Leftovers\n|upkeep\n|turn|16\n|\n|t:|1662142656\n|move|p1a: Latios|Grass Knot|p2a: Kyogre\n|-supereffective|p2a: Kyogre\n|-damage|p2a: Kyogre|0 fnt\n|faint|p2a: Kyogre\n|\n|-weather|RainDance|[upkeep]\n|upkeep\n|\n|t:|1662142659\n|switch|p2a: Giratina|Giratina-Origin|100\/100\n|turn|17\n|\n|t:|1662142664\n|switch|p1a: Dialga|Dialga|100\/100\n|-damage|p1a: Dialga|94\/100|[from] Stealth Rock\n|-ability|p1a: Dialga|Pressure\n|move|p2a: Giratina|Shadow Sneak|p1a: Dialga\n|-resisted|p1a: Dialga\n|-damage|p1a: Dialga|86\/100\n|\n|-weather|RainDance|[upkeep]\n|-heal|p1a: Dialga|92\/100|[from] item: Leftovers\n|upkeep\n|turn|18\n|\n|t:|1662142668\n|move|p2a: Giratina|Earthquake|p1a: Dialga\n|-supereffective|p1a: Dialga\n|-damage|p1a: Dialga|47\/100\n|move|p1a: Dialga|Dragon Pulse|p2a: Giratina\n|-supereffective|p2a: Giratina\n|-damage|p2a: Giratina|20\/100\n|\n|-weather|RainDance|[upkeep]\n|-heal|p1a: Dialga|53\/100|[from] item: Leftovers\n|upkeep\n|turn|19\n|\n|t:|1662142674\n|move|p2a: Giratina|Draco Meteor|p1a: Dialga\n|-damage|p1a: Dialga|10\/100\n|-unboost|p2a: Giratina|spa|2\n|move|p1a: Dialga|Dragon Pulse|p2a: Giratina\n|-supereffective|p2a: Giratina\n|-damage|p2a: Giratina|0 fnt\n|faint|p2a: Giratina\n|\n|-weather|RainDance|[upkeep]\n|-heal|p1a: Dialga|16\/100|[from] item: Leftovers\n|upkeep\n|-message|alvar03 forfeited.\n|\n|win|QSTN\n|raw|QSTN's rating: 1056 &rarr; <strong>1103<\/strong><br \/>(+47 for winning)\n|raw|alvar03's rating: 1234 &rarr; <strong>1197<\/strong><br \/>(-37 for losing)\n|l|\u2606alvar03\n||Ladder isn't responding, score probably updated but might not have (Request timeout).\n","uploadtime":1662142688,"views":17,"p1id":"qstn","p2id":"alvar03","formatid":"gen4ubers","rating":1103,"private":0,"password":null}