{"id":"gen4ou-1525080234","p1":"Ill Leave","p2":"Luigi","format":"gen4ou","log":"|j|\u2606Ill Leave\n|j|\u2606Luigi\n|t:|1646611984\n|gametype|singles\n|player|p1|Ill Leave|janine|\n|player|p2|Luigi|#luigi|\n|teamsize|p1|6\n|teamsize|p2|6\n|gen|4\n|tier|[Gen 4] OU\n|rated|Tournament battle\n|rule|Sleep Clause Mod: Limit one foe put to sleep\n|rule|Species Clause: Limit one of each Pok\u00e9mon\n|rule|OHKO Clause: OHKO moves are banned\n|rule|Evasion Moves Clause: Evasion moves are banned\n|rule|Endless Battle Clause: Forcing endless battles is banned\n|rule|HP Percentage Mod: HP is shown in percentages\n|\n|t:|1646611984\n|start\n|switch|p1a: Jirachi|Jirachi|100\/100\n|switch|p2a: Crobat|Crobat, F|100\/100\n|turn|1\n|c|\u2606Ill Leave|hf\n|\n|t:|1646611998\n|move|p1a: Jirachi|Iron Head|p2a: Crobat\n|-damage|p2a: Crobat|63\/100\n|move|p2a: Crobat|U-turn|p1a: Jirachi\n|-damage|p1a: Jirachi|86\/100\n|\n|t:|1646612001\n|switch|p2a: Swampert|Swampert, F|100\/100|[from]move: U-turn\n|\n|upkeep\n|turn|2\n|inactive|Battle timer is ON: inactive players will automatically lose when time's up. (requested by Luigi)\n|\n|t:|1646612012\n|switch|p1a: Clefable|Clefable, F, shiny|100\/100\n|move|p2a: Swampert|Stealth Rock|p1a: Clefable\n|-sidestart|p1: Ill Leave|move: Stealth Rock\n|\n|upkeep\n|turn|3\n|\n|t:|1646612026\n|switch|p2a: Lucario|Lucario, M|100\/100\n|move|p1a: Clefable|Stealth Rock|p2a: Lucario\n|-sidestart|p2: Luigi|move: Stealth Rock\n|\n|upkeep\n|turn|4\n|\n|t:|1646612037\n|switch|p2a: Tyranitar|Tyranitar, M|100\/100\n|-damage|p2a: Tyranitar|88\/100|[from] Stealth Rock\n|-weather|Sandstorm|[from] ability: Sand Stream|[of] p2a: Tyranitar\n|switch|p1a: Gliscor|Gliscor, M, shiny|100\/100\n|-damage|p1a: Gliscor|88\/100|[from] Stealth Rock\n|\n|-weather|Sandstorm|[upkeep]\n|-heal|p1a: Gliscor|94\/100|[from] item: Leftovers\n|upkeep\n|turn|5\n|\n|t:|1646612043\n|switch|p2a: Skarmory|Skarmory, M|100\/100\n|-damage|p2a: Skarmory|88\/100|[from] Stealth Rock\n|move|p1a: Gliscor|Ice Fang|p2a: Skarmory\n|-damage|p2a: Skarmory|78\/100\n|\n|-weather|Sandstorm|[upkeep]\n|-heal|p1a: Gliscor|100\/100|[from] item: Leftovers\n|-heal|p2a: Skarmory|84\/100|[from] item: Leftovers\n|upkeep\n|turn|6\n|\n|t:|1646612051\n|move|p1a: Gliscor|Taunt|p2a: Skarmory\n|-start|p2a: Skarmory|move: Taunt\n|cant|p2a: Skarmory|move: Taunt|Spikes\n|\n|-weather|Sandstorm|[upkeep]\n|-heal|p2a: Skarmory|90\/100|[from] item: Leftovers\n|upkeep\n|turn|7\n|\n|t:|1646612066\n|switch|p2a: Swampert|Swampert, F|100\/100\n|-damage|p2a: Swampert|94\/100|[from] Stealth Rock\n|move|p1a: Gliscor|Ice Fang|p2a: Swampert|[miss]\n|-miss|p1a: Gliscor|p2a: Swampert\n|\n|-weather|Sandstorm|[upkeep]\n|-heal|p2a: Swampert|100\/100|[from] item: Leftovers\n|upkeep\n|turn|8\n|\n|t:|1646612073\n|switch|p1a: Clefable|Clefable, F, shiny|100\/100\n|move|p2a: Swampert|Ice Beam|p1a: Clefable\n|-damage|p1a: Clefable|87\/100\n|-status|p1a: Clefable|frz\n|\n|-weather|Sandstorm|[upkeep]\n|-heal|p1a: Clefable|93\/100 frz|[from] item: Leftovers\n|upkeep\n|turn|9\n|\n|t:|1646612080\n|switch|p2a: Skarmory|Skarmory, M|90\/100\n|-damage|p2a: Skarmory|78\/100|[from] Stealth Rock\n|cant|p1a: Clefable|frz\n|\n|-weather|Sandstorm|[upkeep]\n|-heal|p2a: Skarmory|84\/100|[from] item: Leftovers\n|-heal|p1a: Clefable|99\/100 frz|[from] item: Leftovers\n|upkeep\n|turn|10\n|\n|t:|1646612084\n|switch|p1a: Magnezone|Magnezone|100\/100\n|-damage|p1a: Magnezone|94\/100|[from] Stealth Rock\n|move|p2a: Skarmory|Spikes|p1a: Magnezone\n|-sidestart|p1: Ill Leave|Spikes\n|\n|-weather|Sandstorm|[upkeep]\n|-heal|p2a: Skarmory|90\/100|[from] item: Leftovers\n|upkeep\n|turn|11\n|\n|t:|1646612086\n|move|p1a: Magnezone|Thunderbolt|p2a: Skarmory\n|-supereffective|p2a: Skarmory\n|-damage|p2a: Skarmory|0 fnt\n|faint|p2a: Skarmory\n|\n|-weather|Sandstorm|[upkeep]\n|upkeep\n|\n|t:|1646612095\n|switch|p2a: Rotom|Rotom-Heat|100\/100\n|-damage|p2a: Rotom|88\/100|[from] Stealth Rock\n|turn|12\n|\n|t:|1646612100\n|switch|p1a: Gastrodon|Gastrodon, F, shiny|100\/100\n|-damage|p1a: Gastrodon|88\/100|[from] Spikes\n|-damage|p1a: Gastrodon|82\/100|[from] Stealth Rock\n|move|p2a: Rotom|Will-O-Wisp|p1a: Gastrodon|[miss]\n|-miss|p2a: Rotom|p1a: Gastrodon\n|\n|-weather|Sandstorm|[upkeep]\n|-damage|p2a: Rotom|82\/100|[from] Sandstorm\n|-heal|p2a: Rotom|88\/100|[from] item: Leftovers\n|-heal|p1a: Gastrodon|88\/100|[from] item: Leftovers\n|upkeep\n|turn|13\n|\n|t:|1646612107\n|switch|p1a: Latias|Latias, F|100\/100\n|-damage|p1a: Latias|88\/100|[from] Stealth Rock\n|move|p2a: Rotom|Will-O-Wisp|p1a: Latias\n|-status|p1a: Latias|brn\n|\n|-weather|Sandstorm|[upkeep]\n|-damage|p1a: Latias|82\/100 brn|[from] Sandstorm\n|-damage|p2a: Rotom|82\/100|[from] Sandstorm\n|-heal|p1a: Latias|88\/100 brn|[from] item: Leftovers\n|-damage|p1a: Latias|76\/100 brn|[from] brn\n|-heal|p2a: Rotom|88\/100|[from] item: Leftovers\n|upkeep\n|turn|14\n|\n|t:|1646612111\n|switch|p2a: Tyranitar|Tyranitar, M|88\/100\n|-damage|p2a: Tyranitar|76\/100|[from] Stealth Rock\n|move|p1a: Latias|Recover|p1a: Latias\n|-heal|p1a: Latias|100\/100 brn\n|\n|-weather|Sandstorm|[upkeep]\n|-damage|p1a: Latias|94\/100 brn|[from] Sandstorm\n|-heal|p1a: Latias|100\/100 brn|[from] item: Leftovers\n|-damage|p1a: Latias|88\/100 brn|[from] brn\n|upkeep\n|turn|15\n|\n|t:|1646612116\n|switch|p1a: Gliscor|Gliscor, M, shiny|100\/100\n|-damage|p1a: Gliscor|88\/100|[from] Stealth Rock\n|move|p2a: Tyranitar|Crunch|p1a: Gliscor\n|-damage|p1a: Gliscor|60\/100\n|\n|-weather|Sandstorm|[upkeep]\n|-heal|p1a: Gliscor|66\/100|[from] item: Leftovers\n|upkeep\n|turn|16\n|\n|t:|1646612123\n|switch|p2a: Rotom|Rotom-Heat|88\/100\n|-damage|p2a: Rotom|75\/100|[from] Stealth Rock\n|move|p1a: Gliscor|Ice Fang|p2a: Rotom\n|-damage|p2a: Rotom|63\/100\n|\n|-weather|Sandstorm|[upkeep]\n|-damage|p2a: Rotom|57\/100|[from] Sandstorm\n|-heal|p1a: Gliscor|72\/100|[from] item: Leftovers\n|-heal|p2a: Rotom|63\/100|[from] item: Leftovers\n|upkeep\n|turn|17\n|\n|t:|1646612128\n|switch|p1a: Clefable|Clefable, F, shiny|99\/100 frz\n|switch|p2a: Swampert|Swampert, F|100\/100\n|-damage|p2a: Swampert|94\/100|[from] Stealth Rock\n|\n|-weather|Sandstorm|[upkeep]\n|-heal|p1a: Clefable|100\/100 frz|[from] item: Leftovers\n|-heal|p2a: Swampert|100\/100|[from] item: Leftovers\n|upkeep\n|turn|18\n|\n|t:|1646612131\n|switch|p2a: Lucario|Lucario, M|100\/100\n|-damage|p2a: Lucario|98\/100|[from] Stealth Rock\n|cant|p1a: Clefable|frz\n|\n|-weather|Sandstorm|[upkeep]\n|upkeep\n|turn|19\n|\n|t:|1646612144\n|switch|p1a: Magnezone|Magnezone|94\/100\n|-damage|p1a: Magnezone|82\/100|[from] Spikes\n|-damage|p1a: Magnezone|76\/100|[from] Stealth Rock\n|move|p2a: Lucario|Close Combat|p1a: Magnezone\n|-supereffective|p1a: Magnezone\n|-damage|p1a: Magnezone|0 fnt\n|-unboost|p2a: Lucario|def|1\n|-unboost|p2a: Lucario|spd|1\n|faint|p1a: Magnezone\n|\n|-weather|Sandstorm|[upkeep]\n|upkeep\n|\n|t:|1646612150\n|switch|p1a: Latias|Latias, F|88\/100 brn\n|-damage|p1a: Latias|76\/100 brn|[from] Stealth Rock\n|turn|20\n|\n|t:|1646612153\n|switch|p2a: Tyranitar|Tyranitar, M|76\/100\n|-damage|p2a: Tyranitar|64\/100|[from] Stealth Rock\n|move|p1a: Latias|Roar|p2a: Tyranitar\n|drag|p2a: Rotom|Rotom-Heat|63\/100\n|-damage|p2a: Rotom|51\/100|[from] Stealth Rock\n|\n|-weather|Sandstorm|[upkeep]\n|-damage|p1a: Latias|70\/100 brn|[from] Sandstorm\n|-damage|p2a: Rotom|45\/100|[from] Sandstorm\n|-heal|p1a: Latias|76\/100 brn|[from] item: Leftovers\n|-damage|p1a: Latias|63\/100 brn|[from] brn\n|-heal|p2a: Rotom|51\/100|[from] item: Leftovers\n|upkeep\n|turn|21\n|\n|t:|1646612171\n|move|p1a: Latias|Dragon Pulse|p2a: Rotom\n|-damage|p2a: Rotom|18\/100\n|move|p2a: Rotom|Rest|p2a: Rotom\n|-status|p2a: Rotom|slp|[from] move: Rest\n|-heal|p2a: Rotom|100\/100 slp|[silent]\n|\n|-weather|Sandstorm|[upkeep]\n|-damage|p1a: Latias|57\/100 brn|[from] Sandstorm\n|-damage|p2a: Rotom|94\/100 slp|[from] Sandstorm\n|-heal|p1a: Latias|63\/100 brn|[from] item: Leftovers\n|-damage|p1a: Latias|51\/100 brn|[from] brn\n|-heal|p2a: Rotom|100\/100 slp|[from] item: Leftovers\n|upkeep\n|turn|22\n|\n|t:|1646612186\n|move|p1a: Latias|Recover|p1a: Latias\n|-heal|p1a: Latias|100\/100 brn\n|cant|p2a: Rotom|slp\n|move|p2a: Rotom|Sleep Talk|p2a: Rotom\n|move|p2a: Rotom|Rest||[from]move: Sleep Talk|[still]\n|-fail|p2a: Rotom\n|\n|-weather|Sandstorm|[upkeep]\n|-damage|p1a: Latias|94\/100 brn|[from] Sandstorm\n|-damage|p2a: Rotom|94\/100 slp|[from] Sandstorm\n|-heal|p1a: Latias|100\/100 brn|[from] item: Leftovers\n|-damage|p1a: Latias|88\/100 brn|[from] brn\n|-heal|p2a: Rotom|100\/100 slp|[from] item: Leftovers\n|upkeep\n|turn|23\n|\n|t:|1646612192\n|move|p1a: Latias|Calm Mind|p1a: Latias\n|-boost|p1a: Latias|spa|1\n|-boost|p1a: Latias|spd|1\n|cant|p2a: Rotom|slp\n|move|p2a: Rotom|Sleep Talk|p2a: Rotom\n|move|p2a: Rotom|Thunderbolt|p1a: Latias|[from]move: Sleep Talk\n|-resisted|p1a: Latias\n|-crit|p1a: Latias\n|-damage|p1a: Latias|61\/100 brn\n|\n|-weather|Sandstorm|[upkeep]\n|-damage|p1a: Latias|55\/100 brn|[from] Sandstorm\n|-damage|p2a: Rotom|94\/100 slp|[from] Sandstorm\n|-heal|p1a: Latias|61\/100 brn|[from] item: Leftovers\n|-damage|p1a: Latias|49\/100 brn|[from] brn\n|-heal|p2a: Rotom|100\/100 slp|[from] item: Leftovers\n|upkeep\n|turn|24\n|\n|t:|1646612197\n|switch|p2a: Tyranitar|Tyranitar, M|64\/100\n|-damage|p2a: Tyranitar|51\/100|[from] Stealth Rock\n|move|p1a: Latias|Dragon Pulse|p2a: Tyranitar\n|-crit|p2a: Tyranitar\n|-damage|p2a: Tyranitar|0 fnt\n|faint|p2a: Tyranitar\n|\n|-weather|Sandstorm|[upkeep]\n|-damage|p1a: Latias|43\/100 brn|[from] Sandstorm\n|-heal|p1a: Latias|49\/100 brn|[from] item: Leftovers\n|-damage|p1a: Latias|36\/100 brn|[from] brn\n|upkeep\n|\n|t:|1646612201\n|switch|p2a: Crobat|Crobat, F|63\/100\n|-damage|p2a: Crobat|38\/100|[from] Stealth Rock\n|turn|25\n|\n|t:|1646612221\n|switch|p1a: Clefable|Clefable, F, shiny|100\/100 frz\n|move|p2a: Crobat|Brave Bird|p1a: Clefable\n|-damage|p1a: Clefable|62\/100 frz\n|-damage|p2a: Crobat|24\/100|[from] Recoil\n|\n|-weather|Sandstorm|[upkeep]\n|-damage|p2a: Crobat|18\/100|[from] Sandstorm\n|-heal|p2a: Crobat|24\/100|[from] item: Black Sludge\n|-heal|p1a: Clefable|68\/100 frz|[from] item: Leftovers\n|upkeep\n|turn|26\n|\n|t:|1646612226\n|move|p2a: Crobat|Brave Bird|p1a: Clefable\n|-damage|p1a: Clefable|30\/100 frz\n|-damage|p2a: Crobat|11\/100|[from] Recoil\n|-curestatus|p1a: Clefable|frz|[msg]\n|move|p1a: Clefable|Soft-Boiled|p1a: Clefable\n|-heal|p1a: Clefable|80\/100\n|\n|-weather|Sandstorm|[upkeep]\n|-damage|p2a: Crobat|5\/100|[from] Sandstorm\n|-heal|p2a: Crobat|11\/100|[from] item: Black Sludge\n|-heal|p1a: Clefable|86\/100|[from] item: Leftovers\n|upkeep\n|turn|27\n|\n|t:|1646612234\n|move|p2a: Crobat|Roost|p2a: Crobat\n|-heal|p2a: Crobat|61\/100\n|-singleturn|p2a: Crobat|move: Roost\n|move|p1a: Clefable|Soft-Boiled|p1a: Clefable\n|-heal|p1a: Clefable|100\/100\n|\n|-weather|Sandstorm|[upkeep]\n|-damage|p2a: Crobat|55\/100|[from] Sandstorm\n|-heal|p2a: Crobat|61\/100|[from] item: Black Sludge\n|upkeep\n|turn|28\n|\n|t:|1646612236\n|move|p2a: Crobat|Taunt|p1a: Clefable\n|-start|p1a: Clefable|move: Taunt\n|move|p1a: Clefable|Knock Off|p2a: Crobat\n|-damage|p2a: Crobat|57\/100\n|-enditem|p2a: Crobat|Black Sludge|[from] move: Knock Off|[of] p1a: Clefable\n|\n|-weather|Sandstorm|[upkeep]\n|-damage|p2a: Crobat|51\/100|[from] Sandstorm\n|upkeep\n|turn|29\n|\n|t:|1646612240\n|move|p2a: Crobat|Roost|p2a: Crobat\n|-heal|p2a: Crobat|100\/100\n|-singleturn|p2a: Crobat|move: Roost\n|move|p1a: Clefable|Seismic Toss|p2a: Crobat\n|-damage|p2a: Crobat|74\/100\n|\n|-weather|Sandstorm|[upkeep]\n|-damage|p2a: Crobat|68\/100|[from] Sandstorm\n|upkeep\n|turn|30\n|j| kinjana\n|\n|t:|1646612244\n|move|p2a: Crobat|U-turn|p1a: Clefable\n|-damage|p1a: Clefable|86\/100\n|\n|t:|1646612246\n|switch|p2a: Rotom|Rotom-Heat|100\/100 slp|[from]move: U-turn\n|-damage|p2a: Rotom|88\/100 slp|[from] Stealth Rock\n|move|p1a: Clefable|Seismic Toss|p2a: Rotom\n|-immune|p2a: Rotom\n|\n|-weather|Sandstorm|[upkeep]\n|-damage|p2a: Rotom|82\/100 slp|[from] Sandstorm\n|-heal|p2a: Rotom|88\/100 slp|[from] item: Leftovers\n|-heal|p1a: Clefable|92\/100|[from] item: Leftovers\n|upkeep\n|turn|31\n|\n|t:|1646612249\n|-curestatus|p2a: Rotom|slp|[msg]\n|move|p2a: Rotom|Will-O-Wisp|p1a: Clefable\n|-status|p1a: Clefable|brn\n|move|p1a: Clefable|Knock Off|p2a: Rotom\n|-supereffective|p2a: Rotom\n|-damage|p2a: Rotom|85\/100\n|-enditem|p2a: Rotom|Leftovers|[from] move: Knock Off|[of] p1a: Clefable\n|\n|-weather|Sandstorm|[upkeep]\n|-damage|p2a: Rotom|78\/100|[from] Sandstorm\n|-heal|p1a: Clefable|98\/100 brn|[from] item: Leftovers\n|upkeep\n|turn|32\n|\n|t:|1646612267\n|move|p2a: Rotom|Will-O-Wisp|p1a: Clefable\n|-fail|p1a: Clefable|brn\n|move|p1a: Clefable|Seismic Toss|p2a: Rotom\n|-immune|p2a: Rotom\n|\n|-weather|Sandstorm|[upkeep]\n|-damage|p2a: Rotom|72\/100|[from] Sandstorm\n|-heal|p1a: Clefable|100\/100 brn|[from] item: Leftovers\n|-end|p1a: Clefable|move: Taunt\n|upkeep\n|turn|33\n|\n|t:|1646612271\n|move|p2a: Rotom|Will-O-Wisp|p1a: Clefable\n|-fail|p1a: Clefable|brn\n|move|p1a: Clefable|Stealth Rock||[still]\n|-fail|p1a: Clefable\n|\n|-weather|Sandstorm|[upkeep]\n|-damage|p2a: Rotom|66\/100|[from] Sandstorm\n|upkeep\n|turn|34\n|\n|t:|1646612273\n|move|p2a: Rotom|Will-O-Wisp|p1a: Clefable\n|-fail|p1a: Clefable|brn\n|move|p1a: Clefable|Stealth Rock||[still]\n|-fail|p1a: Clefable\n|\n|-weather|Sandstorm|[upkeep]\n|-damage|p2a: Rotom|60\/100|[from] Sandstorm\n|upkeep\n|turn|35\n|\n|t:|1646612275\n|move|p2a: Rotom|Will-O-Wisp|p1a: Clefable|[miss]\n|-miss|p2a: Rotom|p1a: Clefable\n|move|p1a: Clefable|Stealth Rock||[still]\n|-fail|p1a: Clefable\n|\n|-weather|Sandstorm|[upkeep]\n|-damage|p2a: Rotom|53\/100|[from] Sandstorm\n|upkeep\n|turn|36\n|\n|t:|1646612277\n|move|p2a: Rotom|Will-O-Wisp|p1a: Clefable|[miss]\n|-miss|p2a: Rotom|p1a: Clefable\n|move|p1a: Clefable|Stealth Rock||[still]\n|-fail|p1a: Clefable\n|\n|-weather|Sandstorm|[upkeep]\n|-damage|p2a: Rotom|47\/100|[from] Sandstorm\n|upkeep\n|turn|37\n|\n|t:|1646612279\n|move|p2a: Rotom|Rest|p2a: Rotom\n|-status|p2a: Rotom|slp|[from] move: Rest\n|-heal|p2a: Rotom|100\/100 slp|[silent]\n|move|p1a: Clefable|Stealth Rock||[still]\n|-fail|p1a: Clefable\n|\n|-weather|Sandstorm|[upkeep]\n|-damage|p2a: Rotom|94\/100 slp|[from] Sandstorm\n|upkeep\n|turn|38\n|\n|t:|1646612282\n|switch|p1a: Latias|Latias, F|36\/100 brn\n|-damage|p1a: Latias|24\/100 brn|[from] Stealth Rock\n|cant|p2a: Rotom|slp\n|\n|-weather|Sandstorm|[upkeep]\n|-damage|p1a: Latias|18\/100 brn|[from] Sandstorm\n|-damage|p2a: Rotom|88\/100 slp|[from] Sandstorm\n|-heal|p1a: Latias|24\/100 brn|[from] item: Leftovers\n|-damage|p1a: Latias|12\/100 brn|[from] brn\n|upkeep\n|turn|39\n|\n|t:|1646612285\n|switch|p2a: Lucario|Lucario, M|98\/100\n|-damage|p2a: Lucario|95\/100|[from] Stealth Rock\n|move|p1a: Latias|Recover|p1a: Latias\n|-heal|p1a: Latias|61\/100 brn\n|\n|-weather|Sandstorm|[upkeep]\n|-damage|p1a: Latias|55\/100 brn|[from] Sandstorm\n|-heal|p1a: Latias|61\/100 brn|[from] item: Leftovers\n|-damage|p1a: Latias|49\/100 brn|[from] brn\n|upkeep\n|turn|40\n|\n|t:|1646612290\n|switch|p1a: Gliscor|Gliscor, M, shiny|72\/100\n|-damage|p1a: Gliscor|60\/100|[from] Stealth Rock\n|move|p2a: Lucario|Ice Punch|p1a: Gliscor\n|-supereffective|p1a: Gliscor\n|-damage|p1a: Gliscor|0 fnt\n|faint|p1a: Gliscor\n|\n|-weather|Sandstorm|[upkeep]\n|upkeep\n|\n|t:|1646612294\n|switch|p1a: Jirachi|Jirachi|86\/100\n|-damage|p1a: Jirachi|73\/100|[from] Spikes\n|-damage|p1a: Jirachi|67\/100|[from] Stealth Rock\n|turn|41\n|\n|t:|1646612301\n|switch|p2a: Crobat|Crobat, F|68\/100\n|-damage|p2a: Crobat|43\/100|[from] Stealth Rock\n|move|p1a: Jirachi|Trick|p2a: Crobat\n|-activate|p1a: Jirachi|move: Trick|[of] p2a: Crobat\n|-item|p2a: Crobat|Choice Scarf|[from] move: Trick\n|-enditem|p1a: Jirachi|Choice Scarf|[silent]|[from] move: Trick\n|\n|-weather|Sandstorm|[upkeep]\n|-damage|p2a: Crobat|36\/100|[from] Sandstorm\n|upkeep\n|turn|42\n|\n|t:|1646612310\n|move|p2a: Crobat|U-turn|p1a: Jirachi\n|-damage|p1a: Jirachi|52\/100\n|\n|t:|1646612311\n|switch|p2a: Swampert|Swampert, F|100\/100|[from]move: U-turn\n|-damage|p2a: Swampert|94\/100|[from] Stealth Rock\n|move|p1a: Jirachi|Trick|p2a: Swampert\n|-activate|p1a: Jirachi|move: Trick|[of] p2a: Swampert\n|-enditem|p2a: Swampert|Leftovers|[silent]|[from] move: Trick\n|-item|p1a: Jirachi|Leftovers|[from] move: Trick\n|\n|-weather|Sandstorm|[upkeep]\n|-heal|p1a: Jirachi|58\/100|[from] item: Leftovers\n|upkeep\n|turn|43\n|\n|t:|1646612317\n|move|p1a: Jirachi|U-turn|p2a: Swampert\n|-damage|p2a: Swampert|79\/100\n|\n|t:|1646612320\n|switch|p1a: Clefable|Clefable, F, shiny|100\/100 brn|[from]move: U-turn\n|move|p2a: Swampert|Earthquake|p1a: Clefable\n|-crit|p1a: Clefable\n|-damage|p1a: Clefable|24\/100 brn\n|\n|-weather|Sandstorm|[upkeep]\n|-heal|p1a: Clefable|30\/100 brn|[from] item: Leftovers\n|upkeep\n|turn|44\n|\n|t:|1646612323\n|move|p1a: Clefable|Soft-Boiled|p1a: Clefable\n|-heal|p1a: Clefable|80\/100 brn\n|move|p2a: Swampert|Earthquake|p1a: Clefable\n|-damage|p1a: Clefable|41\/100 brn\n|\n|-weather|Sandstorm|[upkeep]\n|-heal|p1a: Clefable|47\/100 brn|[from] item: Leftovers\n|upkeep\n|turn|45\n|\n|t:|1646612325\n|switch|p2a: Lucario|Lucario, M|95\/100\n|-damage|p2a: Lucario|92\/100|[from] Stealth Rock\n|move|p1a: Clefable|Knock Off|p2a: Lucario\n|-resisted|p2a: Lucario\n|-damage|p2a: Lucario|91\/100\n|-enditem|p2a: Lucario|Choice Scarf|[from] move: Knock Off|[of] p1a: Clefable\n|\n|-weather|Sandstorm|[upkeep]\n|-heal|p1a: Clefable|54\/100 brn|[from] item: Leftovers\n|upkeep\n|turn|46\n|\n|t:|1646612345\n|switch|p1a: Jirachi|Jirachi|58\/100\n|-damage|p1a: Jirachi|52\/100|[from] Stealth Rock\n|-damage|p1a: Jirachi|40\/100|[from] Spikes\n|move|p2a: Lucario|Close Combat|p1a: Jirachi\n|-damage|p1a: Jirachi|0 fnt\n|-unboost|p2a: Lucario|def|1\n|-unboost|p2a: Lucario|spd|1\n|faint|p1a: Jirachi\n|\n|-weather|Sandstorm|[upkeep]\n|upkeep\n|\n|t:|1646612348\n|switch|p1a: Latias|Latias, F|49\/100 brn\n|-damage|p1a: Latias|37\/100 brn|[from] Stealth Rock\n|turn|47\n|\n|t:|1646612350\n|move|p2a: Lucario|Ice Punch|p1a: Latias\n|-supereffective|p1a: Latias\n|-damage|p1a: Latias|2\/100 brn\n|move|p1a: Latias|Dragon Pulse|p2a: Lucario\n|-resisted|p2a: Lucario\n|-damage|p2a: Lucario|51\/100\n|\n|-weather|Sandstorm|[upkeep]\n|-damage|p1a: Latias|0 fnt|[from] Sandstorm\n|faint|p1a: Latias\n|upkeep\n|\n|t:|1646612359\n|switch|p1a: Gastrodon|Gastrodon, F, shiny|88\/100\n|-damage|p1a: Gastrodon|75\/100|[from] Spikes\n|-damage|p1a: Gastrodon|69\/100|[from] Stealth Rock\n|turn|48\n|\n|t:|1646612363\n|switch|p2a: Rotom|Rotom-Heat|88\/100 slp\n|-damage|p2a: Rotom|75\/100 slp|[from] Stealth Rock\n|move|p1a: Gastrodon|Recover|p1a: Gastrodon\n|-heal|p1a: Gastrodon|100\/100\n|\n|-weather|Sandstorm|[upkeep]\n|-damage|p2a: Rotom|69\/100 slp|[from] Sandstorm\n|upkeep\n|turn|49\n|\n|t:|1646612366\n|cant|p2a: Rotom|slp\n|move|p2a: Rotom|Sleep Talk|p2a: Rotom\n|move|p2a: Rotom|Will-O-Wisp|p1a: Gastrodon|[from]move: Sleep Talk|[miss]\n|-miss|p2a: Rotom|p1a: Gastrodon\n|move|p1a: Gastrodon|Curse|p1a: Gastrodon\n|-unboost|p1a: Gastrodon|spe|1\n|-boost|p1a: Gastrodon|atk|1\n|-boost|p1a: Gastrodon|def|1\n|\n|-weather|Sandstorm|[upkeep]\n|-damage|p2a: Rotom|63\/100 slp|[from] Sandstorm\n|upkeep\n|turn|50\n|\n|t:|1646612370\n|-curestatus|p2a: Rotom|slp|[msg]\n|move|p2a: Rotom|Will-O-Wisp|p1a: Gastrodon\n|-status|p1a: Gastrodon|brn\n|move|p1a: Gastrodon|Curse|p1a: Gastrodon\n|-unboost|p1a: Gastrodon|spe|1\n|-boost|p1a: Gastrodon|atk|1\n|-boost|p1a: Gastrodon|def|1\n|\n|-weather|Sandstorm|[upkeep]\n|-damage|p2a: Rotom|57\/100|[from] Sandstorm\n|-damage|p1a: Gastrodon|88\/100 brn|[from] brn\n|upkeep\n|turn|51\n|\n|t:|1646612374\n|switch|p2a: Swampert|Swampert, F|79\/100\n|-damage|p2a: Swampert|73\/100|[from] Stealth Rock\n|move|p1a: Gastrodon|Curse|p1a: Gastrodon\n|-unboost|p1a: Gastrodon|spe|1\n|-boost|p1a: Gastrodon|atk|1\n|-boost|p1a: Gastrodon|def|1\n|\n|-weather|Sandstorm|[upkeep]\n|-heal|p1a: Gastrodon|94\/100 brn|[from] item: Leftovers\n|-damage|p1a: Gastrodon|82\/100 brn|[from] brn\n|upkeep\n|turn|52\n|\n|t:|1646612377\n|move|p1a: Gastrodon|Waterfall|p2a: Swampert\n|-damage|p2a: Swampert|53\/100\n|move|p2a: Swampert|Roar|p1a: Gastrodon\n|drag|p1a: Clefable|Clefable, F, shiny|54\/100 brn\n|\n|-weather|Sandstorm|[upkeep]\n|-heal|p1a: Clefable|60\/100 brn|[from] item: Leftovers\n|upkeep\n|turn|53\n|\n|t:|1646612386\n|move|p1a: Clefable|Soft-Boiled|p1a: Clefable\n|-heal|p1a: Clefable|100\/100 brn\n|move|p2a: Swampert|Roar|p1a: Clefable\n|drag|p1a: Gastrodon|Gastrodon, F, shiny|82\/100 brn\n|-damage|p1a: Gastrodon|69\/100 brn|[from] Spikes\n|-damage|p1a: Gastrodon|63\/100 brn|[from] Stealth Rock\n|\n|-weather|Sandstorm|[upkeep]\n|-heal|p1a: Gastrodon|69\/100 brn|[from] item: Leftovers\n|-damage|p1a: Gastrodon|57\/100 brn|[from] brn\n|upkeep\n|turn|54\n|\n|t:|1646612388\n|move|p2a: Swampert|Earthquake|p1a: Gastrodon\n|-damage|p1a: Gastrodon|24\/100 brn\n|move|p1a: Gastrodon|Recover|p1a: Gastrodon\n|-heal|p1a: Gastrodon|74\/100 brn\n|\n|-weather|Sandstorm|[upkeep]\n|-heal|p1a: Gastrodon|81\/100 brn|[from] item: Leftovers\n|-damage|p1a: Gastrodon|68\/100 brn|[from] brn\n|upkeep\n|turn|55\n|\n|t:|1646612391\n|move|p2a: Swampert|Earthquake|p1a: Gastrodon\n|-damage|p1a: Gastrodon|31\/100 brn\n|move|p1a: Gastrodon|Recover|p1a: Gastrodon\n|-heal|p1a: Gastrodon|81\/100 brn\n|\n|-weather|Sandstorm|[upkeep]\n|-heal|p1a: Gastrodon|87\/100 brn|[from] item: Leftovers\n|-damage|p1a: Gastrodon|75\/100 brn|[from] brn\n|upkeep\n|turn|56\n|\n|t:|1646612394\n|move|p2a: Swampert|Earthquake|p1a: Gastrodon\n|-damage|p1a: Gastrodon|41\/100 brn\n|move|p1a: Gastrodon|Recover|p1a: Gastrodon\n|-heal|p1a: Gastrodon|91\/100 brn\n|\n|-weather|Sandstorm|[upkeep]\n|-heal|p1a: Gastrodon|97\/100 brn|[from] item: Leftovers\n|-damage|p1a: Gastrodon|84\/100 brn|[from] brn\n|upkeep\n|turn|57\n|\n|t:|1646612396\n|move|p2a: Swampert|Earthquake|p1a: Gastrodon\n|-damage|p1a: Gastrodon|52\/100 brn\n|move|p1a: Gastrodon|Curse|p1a: Gastrodon\n|-unboost|p1a: Gastrodon|spe|1\n|-boost|p1a: Gastrodon|atk|1\n|-boost|p1a: Gastrodon|def|1\n|\n|-weather|Sandstorm|[upkeep]\n|-heal|p1a: Gastrodon|58\/100 brn|[from] item: Leftovers\n|-damage|p1a: Gastrodon|45\/100 brn|[from] brn\n|upkeep\n|turn|58\n|\n|t:|1646612399\n|move|p1a: Gastrodon|Recover|p1a: Gastrodon\n|-heal|p1a: Gastrodon|95\/100 brn\n|move|p2a: Swampert|Roar|p1a: Gastrodon\n|drag|p1a: Clefable|Clefable, F, shiny|100\/100 brn\n|\n|-weather|Sandstorm|[upkeep]\n|upkeep\n|turn|59\n|\n|t:|1646612403\n|move|p1a: Clefable|Seismic Toss|p2a: Swampert\n|-damage|p2a: Swampert|28\/100\n|move|p2a: Swampert|Earthquake|p1a: Clefable\n|-damage|p1a: Clefable|64\/100 brn\n|\n|-weather|Sandstorm|[upkeep]\n|-heal|p1a: Clefable|70\/100 brn|[from] item: Leftovers\n|upkeep\n|turn|60\n|\n|t:|1646612409\n|move|p1a: Clefable|Seismic Toss|p2a: Swampert\n|-damage|p2a: Swampert|4\/100\n|move|p2a: Swampert|Roar|p1a: Clefable\n|drag|p1a: Gastrodon|Gastrodon, F, shiny|95\/100 brn\n|-damage|p1a: Gastrodon|89\/100 brn|[from] Stealth Rock\n|-damage|p1a: Gastrodon|77\/100 brn|[from] Spikes\n|\n|-weather|Sandstorm|[upkeep]\n|-heal|p1a: Gastrodon|83\/100 brn|[from] item: Leftovers\n|-damage|p1a: Gastrodon|70\/100 brn|[from] brn\n|upkeep\n|turn|61\n|\n|t:|1646612414\n|move|p2a: Swampert|Earthquake|p1a: Gastrodon\n|-damage|p1a: Gastrodon|37\/100 brn\n|move|p1a: Gastrodon|Earthquake|p2a: Swampert\n|-damage|p2a: Swampert|0 fnt\n|faint|p2a: Swampert\n|\n|-weather|Sandstorm|[upkeep]\n|-heal|p1a: Gastrodon|43\/100 brn|[from] item: Leftovers\n|-damage|p1a: Gastrodon|30\/100 brn|[from] brn\n|upkeep\n|\n|t:|1646612420\n|switch|p2a: Lucario|Lucario, M|51\/100\n|-damage|p2a: Lucario|48\/100|[from] Stealth Rock\n|turn|62\n|\n|t:|1646612423\n|move|p2a: Lucario|Close Combat|p1a: Gastrodon\n|-damage|p1a: Gastrodon|0 fnt\n|-unboost|p2a: Lucario|def|1\n|-unboost|p2a: Lucario|spd|1\n|faint|p1a: Gastrodon\n|\n|-weather|Sandstorm|[upkeep]\n|upkeep\n|j|#susciety\n|\n|t:|1646612426\n|switch|p1a: Clefable|Clefable, F, shiny|70\/100 brn\n|turn|63\n|\n|t:|1646612429\n|move|p2a: Lucario|Close Combat|p1a: Clefable\n|-supereffective|p1a: Clefable\n|-damage|p1a: Clefable|0 fnt\n|-unboost|p2a: Lucario|def|1\n|-unboost|p2a: Lucario|spd|1\n|faint|p1a: Clefable\n|\n|win|Luigi\n|n|\u2606Ill Leave|illleave\n|n|\u2606Luigi|luigi\n|n| kinjana|kinjana\n|n|+susciety|susciety\n|c|\u2606Luigi|gg\n|l| kinjana\n|c|\u2606Ill Leave|gg\n|l|\u2606Luigi\n|l|\u2606Ill Leave\n","uploadtime":1646612457,"views":22,"p1id":"illleave","p2id":"luigi","formatid":"gen4ou","rating":0,"private":0,"password":null}