{"id":"gen5ou-1706958680","p1":"triangles","p2":"yourteamisgreat","format":"gen5ou","log":"|j|\u2606triangles\n|j|\u2606yourteamisgreat\n|t:|1668036371\n|gametype|singles\n|player|p1|triangles|artist|\n|player|p2|yourteamisgreat|pokemonbreederf-gen4|\n|teamsize|p1|6\n|teamsize|p2|6\n|gen|5\n|tier|[Gen 5] OU\n|rule|Species Clause: Limit one of each Pok\u00e9mon\n|rule|OHKO Clause: OHKO moves are banned\n|rule|Moody Clause: Moody is banned\n|rule|Evasion Items Clause: Evasion items are banned\n|rule|Evasion Moves Clause: Evasion moves are banned\n|rule|Endless Battle Clause: Forcing endless battles is banned\n|rule|HP Percentage Mod: HP is shown in percentages\n|rule|Evasion Abilities Clause: Evasion abilities are banned\n|rule|Sleep Clause: Sleep-inducing moves are banned\n|rule|Swagger Clause: Swagger is banned\n|clearpoke\n|poke|p1|Jirachi|item\n|poke|p1|Breloom, M|item\n|poke|p1|Rotom-Wash|item\n|poke|p1|Landorus-Therian, M|item\n|poke|p1|Latios, M|item\n|poke|p1|Reuniclus, M|item\n|poke|p2|Scizor, F|item\n|poke|p2|Cloyster, M|item\n|poke|p2|Aerodactyl, M|item\n|poke|p2|Volcarona, M|item\n|poke|p2|Starmie|item\n|poke|p2|Dragonite, F|item\n|teampreview\n|c|\u2606triangles|hf\n|c|\u2606yourteamisgreat|Glhf\n|inactive|Battle timer is ON: inactive players will automatically lose when time's up. (requested by triangles)\n|inactive|triangles has 270 seconds left.\n|\n|t:|1668036443\n|start\n|switch|p1a: Kingdom Of Fife|Breloom, M|100\/100\n|switch|p2a: Aerodactyl|Aerodactyl, M|100\/100\n|-ability|p2a: Aerodactyl|Pressure\n|turn|1\n|\n|t:|1668036452\n|move|p2a: Aerodactyl|Stealth Rock|p1a: Kingdom Of Fife\n|-sidestart|p1: triangles|move: Stealth Rock\n|move|p1a: Kingdom Of Fife|Bullet Seed|p2a: Aerodactyl\n|-damage|p2a: Aerodactyl|52\/100\n|-damage|p2a: Aerodactyl|3\/100\n|-damage|p2a: Aerodactyl|0 fnt\n|faint|p2a: Aerodactyl\n|-hitcount|p2: Aerodactyl|3\n|\n|upkeep\n|\n|t:|1668036469\n|switch|p2a: Starmie|Starmie|100\/100\n|turn|2\n|\n|t:|1668036483\n|move|p2a: Starmie|Hydro Pump|p1a: Kingdom Of Fife\n|-resisted|p1a: Kingdom Of Fife\n|-damage|p1a: Kingdom Of Fife|32\/100\n|-damage|p2a: Starmie|91\/100|[from] item: Life Orb\n|move|p1a: Kingdom Of Fife|Bullet Seed|p2a: Starmie\n|-supereffective|p2a: Starmie\n|-damage|p2a: Starmie|0 fnt\n|faint|p2a: Starmie\n|-hitcount|p2: Starmie|1\n|\n|upkeep\n|\n|t:|1668036486\n|switch|p2a: Volcarona|Volcarona, M|100\/100\n|turn|3\n|\n|t:|1668036513\n|switch|p1a: Jeremy Piven|Landorus-Therian, M|100\/100\n|-damage|p1a: Jeremy Piven|88\/100|[from] Stealth Rock\n|-ability|p1a: Jeremy Piven|Intimidate|boost\n|-unboost|p2a: Volcarona|atk|1\n|move|p2a: Volcarona|Quiver Dance|p2a: Volcarona\n|-boost|p2a: Volcarona|spa|1\n|-boost|p2a: Volcarona|spd|1\n|-boost|p2a: Volcarona|spe|1\n|\n|upkeep\n|turn|4\n|\n|t:|1668036518\n|move|p2a: Volcarona|Fire Blast|p1a: Jeremy Piven\n|-damage|p1a: Jeremy Piven|0 fnt\n|faint|p1a: Jeremy Piven\n|\n|upkeep\n|inactive|triangles has 270 seconds left.\n|inactive|triangles has 240 seconds left.\n|\n|t:|1668036564\n|switch|p1a: Shock Collar|Rotom-Wash|100\/100\n|-damage|p1a: Shock Collar|88\/100|[from] Stealth Rock\n|turn|5\n|\n|t:|1668036568\n|move|p2a: Volcarona|Bug Buzz|p1a: Shock Collar\n|-damage|p1a: Shock Collar|0 fnt\n|faint|p1a: Shock Collar\n|\n|upkeep\n|\n|t:|1668036572\n|switch|p1a: Transmission|Jirachi|100\/100\n|-damage|p1a: Transmission|94\/100|[from] Stealth Rock\n|turn|6\n|\n|t:|1668036577\n|move|p2a: Volcarona|Fire Blast|p1a: Transmission\n|-supereffective|p1a: Transmission\n|-damage|p1a: Transmission|0 fnt\n|faint|p1a: Transmission\n|\n|upkeep\n|\n|t:|1668036582\n|switch|p1a: Nohadon|Latios, M|100\/100\n|-damage|p1a: Nohadon|88\/100|[from] Stealth Rock\n|turn|7\n|\n|t:|1668036586\n|move|p2a: Volcarona|Bug Buzz|p1a: Nohadon\n|-supereffective|p1a: Nohadon\n|-damage|p1a: Nohadon|0 fnt\n|faint|p1a: Nohadon\n|\n|upkeep\n|c|\u2606triangles|this team might have a volc problem lol\n|\n|t:|1668036593\n|switch|p1a: Kingdom Of Fife|Breloom, M|32\/100\n|-damage|p1a: Kingdom Of Fife|26\/100|[from] Stealth Rock\n|turn|8\n|c|\u2606yourteamisgreat|I pretty sure that is why it is already outdated\n|\n|t:|1668036614\n|move|p1a: Kingdom Of Fife|Mach Punch|p2a: Volcarona\n|-resisted|p2a: Volcarona\n|-damage|p2a: Volcarona|59\/100\n|-status|p1a: Kingdom Of Fife|brn|[from] ability: Flame Body|[of] p2a: Volcarona\n|move|p2a: Volcarona|Bug Buzz|p1a: Kingdom Of Fife\n|-damage|p1a: Kingdom Of Fife|0 fnt\n|faint|p1a: Kingdom Of Fife\n|\n|upkeep\n|\n|t:|1668036633\n|switch|p1a: Laika|Reuniclus, M|100\/100\n|turn|9\n|\n|t:|1668036636\n|move|p2a: Volcarona|Bug Buzz|p1a: Laika\n|-supereffective|p1a: Laika\n|-damage|p1a: Laika|0 fnt\n|faint|p1a: Laika\n|\n|win|yourteamisgreat\n|c|\u2606triangles|gg\n|l|\u2606triangles\n","uploadtime":1668036651,"views":4,"p1id":"triangles","p2id":"yourteamisgreat","formatid":"gen5ou","rating":0,"private":0,"password":null}