{"id":"gen5ou-1205041206","p1":"TheBoyyss","p2":"i know im horrible","format":"gen5ou","log":"|j|\u2606TheBoyyss\n|j|\u2606i know im horrible\n|t:|1603011718\n|player|p1|TheBoyyss|youngster-gen4|1038\n|player|p2|i know im horrible|101|1000\n|teamsize|p1|6\n|teamsize|p2|6\n|gametype|singles\n|gen|5\n|tier|[Gen 5] OU\n|rated|\n|clearpoke\n|poke|p1|Kyurem|item\n|poke|p1|Medicham, M|item\n|poke|p1|Magneton|item\n|poke|p1|Donphan, M|item\n|poke|p1|Mew|item\n|poke|p1|Altaria, F|item\n|poke|p2|Skarmory, M|item\n|poke|p2|Umbreon, F|item\n|poke|p2|Azumarill, M|item\n|poke|p2|Chansey, F|item\n|poke|p2|Sceptile, M|item\n|poke|p2|Lucario, F|item\n|rule|Species Clause: Limit one of each Pok\u00e9mon\n|rule|OHKO Clause: OHKO moves are banned\n|rule|Moody Clause: Moody is banned\n|rule|Evasion Moves Clause: Evasion moves are banned\n|rule|Endless Battle Clause: Forcing endless battles is banned\n|rule|HP Percentage Mod: HP is shown in percentages\n|rule|Evasion Abilities Clause: Evasion abilities are banned\n|rule|Baton Pass Clause: Limit one Baton Passer, can't pass Spe and other stats simultaneously\n|rule|Sleep Clause: Sleep-inducing moves are banned\n|rule|Swagger Clause: Swagger is banned\n|teampreview\n|\n|t:|1603011735\n|start\n|switch|p1a: Karate Kid|Medicham, M|100\/100\n|switch|p2a: Umbreon|Umbreon, F|100\/100\n|turn|1\n|\n|t:|1603011741\n|switch|p2a: Skarmory|Skarmory, M|100\/100\n|move|p1a: Karate Kid|Trick|p2a: Skarmory\n|-activate|p1a: Karate Kid|move: Trick|[of] p2a: Skarmory\n|-item|p2a: Skarmory|Choice Scarf|[from] move: Trick\n|-item|p1a: Karate Kid|Custap Berry|[from] move: Trick\n|\n|upkeep\n|turn|2\n|\n|t:|1603011747\n|switch|p1a: Threesome|Magneton|100\/100\n|move|p2a: Skarmory|Spikes|p1a: Threesome\n|-sidestart|p1: TheBoyyss|Spikes\n|\n|upkeep\n|turn|3\n|\n|t:|1603011757\n|move|p2a: Skarmory|Spikes|p1a: Threesome\n|-sidestart|p1: TheBoyyss|Spikes\n|move|p1a: Threesome|Substitute|p1a: Threesome\n|-start|p1a: Threesome|Substitute\n|-damage|p1a: Threesome|76\/100\n|\n|upkeep\n|turn|4\n|\n|t:|1603011761\n|move|p2a: Skarmory|Spikes|p1a: Threesome\n|-sidestart|p1: TheBoyyss|Spikes\n|move|p1a: Threesome|Thunderbolt|p2a: Skarmory\n|-supereffective|p2a: Skarmory\n|-ability|p2a: Skarmory|Sturdy\n|-damage|p2a: Skarmory|1\/100\n|\n|upkeep\n|turn|5\n|\n|t:|1603011767\n|move|p2a: Skarmory|Spikes||[still]\n|-fail|p2a: Skarmory\n|move|p1a: Threesome|Thunderbolt|p2a: Skarmory\n|-supereffective|p2a: Skarmory\n|-damage|p2a: Skarmory|0 fnt\n|faint|p2a: Skarmory\n|\n|upkeep\n|\n|t:|1603011771\n|switch|p2a: Umbreon|Umbreon, F|100\/100\n|turn|6\n|\n|t:|1603011774\n|move|p2a: Umbreon|Wish|p2a: Umbreon\n|move|p1a: Threesome|Thunderbolt|p2a: Umbreon\n|-crit|p2a: Umbreon\n|-damage|p2a: Umbreon|27\/100\n|-status|p2a: Umbreon|par\n|-activate|p2a: Umbreon|ability: Synchronize\n|-status|p1a: Threesome|par\n|\n|-heal|p2a: Umbreon|33\/100 par|[from] item: Leftovers\n|upkeep\n|turn|7\n|\n|t:|1603011786\n|switch|p2a: Chansey|Chansey, F|100\/100\n|cant|p1a: Threesome|par\n|\n|upkeep\n|turn|8\n|\n|t:|1603011792\n|move|p2a: Chansey|Wish|p2a: Chansey\n|move|p1a: Threesome|Volt Switch|p2a: Chansey\n|-crit|p2a: Chansey\n|-damage|p2a: Chansey|70\/100\n|\n|t:|1603011795\n|switch|p1a: You spin me round|Donphan, M|100\/100|[from]move: Volt Switch\n|-damage|p1a: You spin me round|76\/100|[from] Spikes\n|\n|upkeep\n|turn|9\n|\n|t:|1603011802\n|switch|p2a: Umbreon|Umbreon, F|33\/100 par\n|move|p1a: You spin me round|Rapid Spin|p2a: Umbreon\n|-damage|p2a: Umbreon|28\/100 par\n|-sideend|p1: TheBoyyss|Spikes|[from] move: Rapid Spin|[of] p1a: You spin me round\n|\n|-heal|p2a: Umbreon|100\/100 par|[from] move: Wish|[wisher] Chansey\n|upkeep\n|turn|10\n|\n|t:|1603011811\n|move|p1a: You spin me round|Stealth Rock|p2a: Umbreon\n|-sidestart|p2: i know im horrible|move: Stealth Rock\n|move|p2a: Umbreon|Wish|p2a: Umbreon\n|\n|upkeep\n|turn|11\n|\n|t:|1603011818\n|move|p1a: You spin me round|Earthquake|p2a: Umbreon\n|-damage|p2a: Umbreon|70\/100 par\n|move|p2a: Umbreon|Mean Look|p1a: You spin me round\n|-activate|p1a: You spin me round|trapped\n|\n|-heal|p2a: Umbreon|100\/100 par|[from] move: Wish|[wisher] Umbreon\n|upkeep\n|turn|12\n|\n|t:|1603011826\n|move|p1a: You spin me round|Earthquake|p2a: Umbreon\n|-damage|p2a: Umbreon|68\/100 par\n|move|p2a: Umbreon|Wish|p2a: Umbreon\n|\n|-heal|p2a: Umbreon|74\/100 par|[from] item: Leftovers\n|upkeep\n|turn|13\n|\n|t:|1603011832\n|move|p1a: You spin me round|Earthquake|p2a: Umbreon\n|-damage|p2a: Umbreon|41\/100 par\n|cant|p2a: Umbreon|par\n|\n|-heal|p2a: Umbreon|91\/100 par|[from] move: Wish|[wisher] Umbreon\n|-heal|p2a: Umbreon|97\/100 par|[from] item: Leftovers\n|upkeep\n|turn|14\n|\n|t:|1603011844\n|move|p1a: You spin me round|Earthquake|p2a: Umbreon\n|-damage|p2a: Umbreon|63\/100 par\n|move|p2a: Umbreon|Wish|p2a: Umbreon\n|\n|-heal|p2a: Umbreon|69\/100 par|[from] item: Leftovers\n|upkeep\n|turn|15\n|\n|t:|1603011846\n|move|p1a: You spin me round|Earthquake|p2a: Umbreon\n|-damage|p2a: Umbreon|34\/100 par\n|move|p2a: Umbreon|Curse|p2a: Umbreon\n|-unboost|p2a: Umbreon|spe|1\n|-boost|p2a: Umbreon|atk|1\n|-boost|p2a: Umbreon|def|1\n|\n|-heal|p2a: Umbreon|84\/100 par|[from] move: Wish|[wisher] Umbreon\n|-heal|p2a: Umbreon|90\/100 par|[from] item: Leftovers\n|upkeep\n|turn|16\n|\n|t:|1603011852\n|move|p1a: You spin me round|Earthquake|p2a: Umbreon\n|-damage|p2a: Umbreon|67\/100 par\n|move|p2a: Umbreon|Wish|p2a: Umbreon\n|\n|-heal|p2a: Umbreon|73\/100 par|[from] item: Leftovers\n|upkeep\n|turn|17\n|\n|t:|1603011855\n|move|p1a: You spin me round|Earthquake|p2a: Umbreon\n|-damage|p2a: Umbreon|49\/100 par\n|move|p2a: Umbreon|Curse|p2a: Umbreon\n|-unboost|p2a: Umbreon|spe|1\n|-boost|p2a: Umbreon|atk|1\n|-boost|p2a: Umbreon|def|1\n|\n|-heal|p2a: Umbreon|99\/100 par|[from] move: Wish|[wisher] Umbreon\n|-heal|p2a: Umbreon|100\/100 par|[from] item: Leftovers\n|upkeep\n|turn|18\n|\n|t:|1603011859\n|move|p1a: You spin me round|Earthquake|p2a: Umbreon\n|-damage|p2a: Umbreon|83\/100 par\n|move|p2a: Umbreon|Wish|p2a: Umbreon\n|\n|-heal|p2a: Umbreon|89\/100 par|[from] item: Leftovers\n|upkeep\n|turn|19\n|\n|t:|1603011862\n|move|p1a: You spin me round|Earthquake|p2a: Umbreon\n|-damage|p2a: Umbreon|72\/100 par\n|move|p2a: Umbreon|Curse|p2a: Umbreon\n|-unboost|p2a: Umbreon|spe|1\n|-boost|p2a: Umbreon|atk|1\n|-boost|p2a: Umbreon|def|1\n|\n|-heal|p2a: Umbreon|100\/100 par|[from] move: Wish|[wisher] Umbreon\n|upkeep\n|turn|20\n|\n|t:|1603011867\n|move|p1a: You spin me round|Earthquake|p2a: Umbreon\n|-damage|p2a: Umbreon|88\/100 par\n|move|p2a: Umbreon|Wish|p2a: Umbreon\n|\n|-heal|p2a: Umbreon|94\/100 par|[from] item: Leftovers\n|upkeep\n|turn|21\n|\n|t:|1603011869\n|move|p1a: You spin me round|Earthquake|p2a: Umbreon\n|-damage|p2a: Umbreon|80\/100 par\n|cant|p2a: Umbreon|par\n|\n|-heal|p2a: Umbreon|100\/100 par|[from] move: Wish|[wisher] Umbreon\n|upkeep\n|turn|22\n|\n|t:|1603011874\n|move|p1a: You spin me round|Earthquake|p2a: Umbreon\n|-damage|p2a: Umbreon|88\/100 par\n|move|p2a: Umbreon|Wish|p2a: Umbreon\n|\n|-heal|p2a: Umbreon|94\/100 par|[from] item: Leftovers\n|upkeep\n|turn|23\n|\n|t:|1603011876\n|move|p1a: You spin me round|Earthquake|p2a: Umbreon\n|-crit|p2a: Umbreon\n|-damage|p2a: Umbreon|32\/100 par\n|move|p2a: Umbreon|Curse|p2a: Umbreon\n|-unboost|p2a: Umbreon|spe|1\n|-boost|p2a: Umbreon|atk|1\n|-boost|p2a: Umbreon|def|1\n|\n|-heal|p2a: Umbreon|82\/100 par|[from] move: Wish|[wisher] Umbreon\n|-heal|p2a: Umbreon|88\/100 par|[from] item: Leftovers\n|upkeep\n|turn|24\n|\n|t:|1603011880\n|move|p1a: You spin me round|Earthquake|p2a: Umbreon\n|-damage|p2a: Umbreon|76\/100 par\n|move|p2a: Umbreon|Wish|p2a: Umbreon\n|\n|-heal|p2a: Umbreon|82\/100 par|[from] item: Leftovers\n|upkeep\n|turn|25\n|\n|t:|1603011882\n|move|p1a: You spin me round|Earthquake|p2a: Umbreon\n|-damage|p2a: Umbreon|70\/100 par\n|move|p2a: Umbreon|Curse|p2a: Umbreon\n|-unboost|p2a: Umbreon|spe|1\n|-boost|p2a: Umbreon|atk|1\n|-boost|p2a: Umbreon|def|1\n|\n|-heal|p2a: Umbreon|100\/100 par|[from] move: Wish|[wisher] Umbreon\n|upkeep\n|turn|26\n|\n|t:|1603011888\n|move|p1a: You spin me round|Earthquake|p2a: Umbreon\n|-damage|p2a: Umbreon|91\/100 par\n|move|p2a: Umbreon|Wish|p2a: Umbreon\n|\n|-heal|p2a: Umbreon|97\/100 par|[from] item: Leftovers\n|upkeep\n|turn|27\n|\n|t:|1603011892\n|move|p1a: You spin me round|Ice Shard|p2a: Umbreon\n|-damage|p2a: Umbreon|94\/100 par\n|move|p2a: Umbreon|Curse|p2a: Umbreon\n|-unboost|p2a: Umbreon|spe|1\n|-boost|p2a: Umbreon|atk|1\n|-boost|p2a: Umbreon|def|1\n|\n|-heal|p2a: Umbreon|100\/100 par|[from] move: Wish|[wisher] Umbreon\n|upkeep\n|turn|28\n|\n|t:|1603011904\n|move|p1a: You spin me round|Ice Shard|p2a: Umbreon\n|-damage|p2a: Umbreon|98\/100 par\n|move|p2a: Umbreon|Baton Pass|p2a: Umbreon\n|\n|t:|1603011911\n|switch|p2a: Sceptile|Sceptile, M|100\/100|[from]move: Baton Pass\n|-enditem|p2a: Sceptile|White Herb\n|-clearnegativeboost|p2a: Sceptile|[silent]\n|-damage|p2a: Sceptile|88\/100|[from] Stealth Rock\n|\n|upkeep\n|turn|29\n|\n|t:|1603011923\n|move|p1a: You spin me round|Ice Shard|p2a: Sceptile\n|-supereffective|p2a: Sceptile\n|-damage|p2a: Sceptile|77\/100\n|move|p2a: Sceptile|Leaf Blade|p1a: You spin me round\n|-supereffective|p1a: You spin me round\n|-crit|p1a: You spin me round\n|-damage|p1a: You spin me round|0 fnt\n|-damage|p2a: Sceptile|61\/100|[from] item: Rocky Helmet|[of] p1a: You spin me round\n|faint|p1a: You spin me round\n|\n|upkeep\n|\n|t:|1603011938\n|switch|p1a: Karate Kid|Medicham, M|100\/100\n|turn|30\n|\n|t:|1603011952\n|move|p2a: Sceptile|Acrobatics|p1a: Karate Kid\n|-supereffective|p1a: Karate Kid\n|-crit|p1a: Karate Kid\n|-damage|p1a: Karate Kid|0 fnt\n|faint|p1a: Karate Kid\n|\n|upkeep\n|inactive|Battle timer is ON: inactive players will automatically lose when time's up. (requested by i know im horrible)\n|\n|t:|1603011986\n|switch|p1a: Salamence Sister|Altaria, F|100\/100\n|turn|31\n|\n|t:|1603011990\n|move|p2a: Sceptile|Dragon Claw|p1a: Salamence Sister\n|-supereffective|p1a: Salamence Sister\n|-damage|p1a: Salamence Sister|0 fnt\n|faint|p1a: Salamence Sister\n|\n|upkeep\n|inactive|TheBoyyss has 120 seconds left.\n|-message|TheBoyyss forfeited.\n|\n|win|i know im horrible\n|l|\u2606TheBoyyss\n|raw|TheBoyyss's rating: 1038 &rarr; <strong>1021<\/strong><br \/>(-17 for losing)\n|raw|i know im horrible's rating: 1000 &rarr; <strong>1044<\/strong><br \/>(+44 for winning)\n|l|\u2606i know im horrible\n|j|\u2606TheBoyyss\n|player|p1|TheBoyyss|youngster-gen4\n","uploadtime":1603012289,"views":10,"p1id":"theboyyss","p2id":"iknowimhorrible","formatid":"gen5ou","rating":1021,"private":0,"password":null}