{"id":"gen5ubers-1685871365","p1":"dd absol","p2":"tcfvygbh","format":"gen5ubers","log":"|j|\u2606dd absol\n|j|\u2606tcfvygbh\n|t:|1665777336\n|gametype|singles\n|player|p1|dd absol|266|1219\n|player|p2|tcfvygbh|101|1343\n|teamsize|p1|6\n|teamsize|p2|6\n|gen|5\n|tier|[Gen 5] Ubers\n|rated|\n|rule|Species Clause: Limit one of each Pok\u00e9mon\n|rule|OHKO Clause: OHKO moves are banned\n|rule|Moody Clause: Moody is banned\n|rule|Evasion Items Clause: Evasion items are banned\n|rule|Evasion Moves Clause: Evasion moves are banned\n|rule|Endless Battle Clause: Forcing endless battles is banned\n|rule|HP Percentage Mod: HP is shown in percentages\n|rule|Sleep Clause Mod: Limit one foe put to sleep\n|clearpoke\n|poke|p1|Palkia|item\n|poke|p1|Kyogre|item\n|poke|p1|Arceus-*|item\n|poke|p1|Genesect|item\n|poke|p1|Rayquaza|item\n|poke|p1|Dialga|item\n|poke|p2|Blaziken, M|item\n|poke|p2|Groudon|item\n|poke|p2|Cloyster, M|item\n|poke|p2|Palkia|item\n|poke|p2|Genesect|item\n|poke|p2|Arceus-*|item\n|teampreview\n|\n|t:|1665777347\n|start\n|switch|p1a: Dialga|Dialga|100\/100\n|switch|p2a: Groudon|Groudon|100\/100\n|-weather|SunnyDay|[from] ability: Drought|[of] p2a: Groudon\n|-ability|p1a: Dialga|Pressure\n|turn|1\n|\n|t:|1665777354\n|move|p2a: Groudon|Earthquake|p1a: Dialga\n|-supereffective|p1a: Dialga\n|-damage|p1a: Dialga|0 fnt\n|faint|p1a: Dialga\n|-damage|p2a: Groudon|91\/100|[from] item: Life Orb\n|\n|-weather|SunnyDay|[upkeep]\n|upkeep\n|\n|t:|1665777359\n|switch|p1a: Rayquaza|Rayquaza|100\/100\n|-ability|p1a: Rayquaza|Air Lock\n|turn|2\n|\n|t:|1665777365\n|switch|p2a: Cloyster|Cloyster, M|100\/100\n|move|p1a: Rayquaza|Draco Meteor|p2a: Cloyster\n|-crit|p2a: Cloyster\n|-enditem|p2a: Cloyster|Focus Sash\n|-damage|p2a: Cloyster|1\/100\n|-unboost|p1a: Rayquaza|spa|2\n|-damage|p1a: Rayquaza|91\/100|[from] item: Life Orb\n|\n|-weather|SunnyDay|[upkeep]\n|upkeep\n|turn|3\n|\n|t:|1665777370\n|switch|p2a: Arceus|Arceus-Ghost|100\/100\n|move|p1a: Rayquaza|Extreme Speed|p2a: Arceus\n|-immune|p2a: Arceus\n|\n|-weather|SunnyDay|[upkeep]\n|upkeep\n|turn|4\n|\n|t:|1665777380\n|switch|p2a: Cloyster|Cloyster, M|1\/100\n|switch|p1a: Kyogre|Kyogre|100\/100\n|-weather|RainDance|[from] ability: Drizzle|[of] p1a: Kyogre\n|\n|-weather|RainDance|[upkeep]\n|upkeep\n|turn|5\n|\n|t:|1665777385\n|move|p2a: Cloyster|Spikes|p1a: Kyogre\n|-sidestart|p1: dd absol|Spikes\n|move|p1a: Kyogre|Surf|p2a: Cloyster\n|-resisted|p2a: Cloyster\n|-crit|p2a: Cloyster\n|-damage|p2a: Cloyster|0 fnt\n|faint|p2a: Cloyster\n|\n|-weather|RainDance|[upkeep]\n|upkeep\n|\n|t:|1665777390\n|switch|p2a: Genesect|Genesect, shiny|100\/100\n|-ability|p2a: Genesect|Download|boost\n|-boost|p2a: Genesect|atk|1\n|turn|6\n|\n|t:|1665777396\n|switch|p1a: Genesect|Genesect|100\/100\n|-damage|p1a: Genesect|88\/100|[from] Spikes\n|-ability|p1a: Genesect|Download|boost\n|-boost|p1a: Genesect|atk|1\n|move|p2a: Genesect|U-turn|p1a: Genesect\n|-resisted|p1a: Genesect\n|-damage|p1a: Genesect|55\/100\n|\n|t:|1665777404\n|switch|p2a: Groudon|Groudon|91\/100|[from]move: U-turn\n|-weather|SunnyDay|[from] ability: Drought|[of] p2a: Groudon\n|\n|-weather|SunnyDay|[upkeep]\n|upkeep\n|turn|7\n|j| Imbion\n|\n|t:|1665777410\n|move|p1a: Genesect|Ice Beam|p2a: Groudon\n|-supereffective|p2a: Groudon\n|-damage|p2a: Groudon|19\/100\n|move|p2a: Groudon|Stealth Rock|p1a: Genesect\n|-sidestart|p1: dd absol|move: Stealth Rock\n|\n|-weather|SunnyDay|[upkeep]\n|upkeep\n|turn|8\n|\n|t:|1665777419\n|switch|p2a: Palkia|Palkia|100\/100\n|-ability|p2a: Palkia|Pressure\n|move|p1a: Genesect|Ice Beam|p2a: Palkia\n|-damage|p2a: Palkia|74\/100\n|\n|-weather|SunnyDay|[upkeep]\n|upkeep\n|turn|9\n|\n|t:|1665777429\n|switch|p1a: Kyogre|Kyogre|100\/100\n|-damage|p1a: Kyogre|88\/100|[from] Spikes\n|-damage|p1a: Kyogre|76\/100|[from] Stealth Rock\n|-weather|RainDance|[from] ability: Drizzle|[of] p1a: Kyogre\n|move|p2a: Palkia|Spacial Rend|p1a: Kyogre\n|-damage|p1a: Kyogre|20\/100\n|\n|-weather|RainDance|[upkeep]\n|upkeep\n|turn|10\n|\n|t:|1665777436\n|move|p2a: Palkia|Spacial Rend|p1a: Kyogre\n|-damage|p1a: Kyogre|0 fnt\n|faint|p1a: Kyogre\n|\n|-weather|RainDance|[upkeep]\n|upkeep\n|\n|t:|1665777445\n|switch|p1a: Arceus|Arceus-Ground|100\/100\n|-damage|p1a: Arceus|88\/100|[from] Spikes\n|-damage|p1a: Arceus|82\/100|[from] Stealth Rock\n|turn|11\n|\n|t:|1665777453\n|switch|p2a: Groudon|Groudon|19\/100\n|-weather|SunnyDay|[from] ability: Drought|[of] p2a: Groudon\n|move|p1a: Arceus|Calm Mind|p1a: Arceus\n|-boost|p1a: Arceus|spa|1\n|-boost|p1a: Arceus|spd|1\n|\n|-weather|SunnyDay|[upkeep]\n|upkeep\n|turn|12\n|\n|t:|1665777466\n|move|p1a: Arceus|Judgment|p2a: Groudon\n|-damage|p2a: Groudon|0 fnt\n|faint|p2a: Groudon\n|\n|-weather|SunnyDay|[upkeep]\n|upkeep\n|\n|t:|1665777473\n|switch|p2a: Blaziken|Blaziken, M|100\/100\n|turn|13\n|\n|t:|1665777478\n|move|p2a: Blaziken|Protect|p2a: Blaziken\n|-singleturn|p2a: Blaziken|Protect\n|move|p1a: Arceus|Judgment|p2a: Blaziken\n|-activate|p2a: Blaziken|move: Protect\n|\n|-weather|SunnyDay|[upkeep]\n|-ability|p2a: Blaziken|Speed Boost|boost\n|-boost|p2a: Blaziken|spe|1\n|upkeep\n|turn|14\n|\n|t:|1665777482\n|move|p2a: Blaziken|Flare Blitz|p1a: Arceus\n|-damage|p1a: Arceus|0 fnt\n|faint|p1a: Arceus\n|-damage|p2a: Blaziken|61\/100|[from] Recoil\n|-damage|p2a: Blaziken|51\/100|[from] item: Life Orb\n|\n|-weather|SunnyDay|[upkeep]\n|-ability|p2a: Blaziken|Speed Boost|boost\n|-boost|p2a: Blaziken|spe|1\n|upkeep\n|\n|t:|1665777491\n|switch|p1a: Rayquaza|Rayquaza|91\/100\n|-damage|p1a: Rayquaza|66\/100|[from] Stealth Rock\n|-ability|p1a: Rayquaza|Air Lock\n|turn|15\n|\n|t:|1665777495\n|move|p1a: Rayquaza|Extreme Speed|p2a: Blaziken\n|-damage|p2a: Blaziken|0 fnt\n|faint|p2a: Blaziken\n|-damage|p1a: Rayquaza|56\/100|[from] item: Life Orb\n|\n|-weather|SunnyDay|[upkeep]\n|upkeep\n|\n|t:|1665777500\n|switch|p2a: Arceus|Arceus-Ghost|100\/100\n|turn|16\n|\n|t:|1665777503\n|move|p2a: Arceus|Judgment|p1a: Rayquaza\n|-damage|p1a: Rayquaza|0 fnt\n|faint|p1a: Rayquaza\n|\n|-weather|SunnyDay|[upkeep]\n|upkeep\n|\n|t:|1665777507\n|switch|p1a: Palkia|Palkia|100\/100\n|-damage|p1a: Palkia|88\/100|[from] Spikes\n|-damage|p1a: Palkia|76\/100|[from] Stealth Rock\n|-ability|p1a: Palkia|Pressure\n|turn|17\n|\n|t:|1665777515\n|move|p2a: Arceus|Calm Mind|p2a: Arceus\n|-boost|p2a: Arceus|spa|1\n|-boost|p2a: Arceus|spd|1\n|move|p1a: Palkia|Spacial Rend|p2a: Arceus\n|-damage|p2a: Arceus|62\/100\n|\n|-weather|SunnyDay|[upkeep]\n|upkeep\n|turn|18\n|\n|t:|1665777520\n|move|p2a: Arceus|Judgment|p1a: Palkia\n|-damage|p1a: Palkia|0 fnt\n|faint|p1a: Palkia\n|\n|-weather|SunnyDay|[upkeep]\n|upkeep\n|-message|dd absol forfeited.\n|\n|win|tcfvygbh\n|raw|dd absol's rating: 1219 &rarr; <strong>1203<\/strong><br \/>(-16 for losing)\n|raw|tcfvygbh's rating: 1343 &rarr; <strong>1356<\/strong><br \/>(+13 for winning)\n|l|\u2606dd absol\n|l| Imbion\n||Ladder isn't responding, score probably updated but might not have (Request timeout).\n","uploadtime":1665777527,"views":16,"p1id":"ddabsol","p2id":"tcfvygbh","formatid":"gen5ubers","rating":1203,"private":0,"password":null}