{"id":"gen5ou-1604588936","p1":"SrYopi","p2":"Highv0ltag3","format":"gen5ou","log":"|j|\u2606SrYopi\n|j|\u2606Highv0ltag3\n|t:|1656253197\n|gametype|singles\n|player|p1|SrYopi|lucas|1237\n|player|p2|Highv0ltag3|volo|1396\n|teamsize|p1|6\n|teamsize|p2|6\n|gen|5\n|tier|[Gen 5] OU\n|rated|\n|rule|Species Clause: Limit one of each Pok\u00e9mon\n|rule|OHKO Clause: OHKO moves are banned\n|rule|Moody Clause: Moody is banned\n|rule|Evasion Moves Clause: Evasion moves are banned\n|rule|Endless Battle Clause: Forcing endless battles is banned\n|rule|HP Percentage Mod: HP is shown in percentages\n|rule|Evasion Abilities Clause: Evasion abilities are banned\n|rule|Sleep Clause: Sleep-inducing moves are banned\n|rule|Swagger Clause: Swagger is banned\n|clearpoke\n|poke|p1|Scizor, M|item\n|poke|p1|Latios, M|item\n|poke|p1|Mamoswine, F|item\n|poke|p1|Hippowdon, F|item\n|poke|p1|Jellicent, M|item\n|poke|p1|Garchomp, M|item\n|poke|p2|Garchomp, M|item\n|poke|p2|Magnezone|item\n|poke|p2|Latios, M|item\n|poke|p2|Starmie|item\n|poke|p2|Kyurem-Black|item\n|poke|p2|Dragonite, F|item\n|teampreview\n|inactive|Battle timer is ON: inactive players will automatically lose when time's up. (requested by SrYopi)\n|\n|t:|1656253217\n|start\n|switch|p1a: Hippowdon|Hippowdon, F|100\/100\n|switch|p2a: Garchomp|Garchomp, M|100\/100\n|-weather|Sandstorm|[from] ability: Sand Stream|[of] p1a: Hippowdon\n|turn|1\n|\n|t:|1656253224\n|switch|p2a: Starmie|Starmie|100\/100\n|move|p1a: Hippowdon|Stealth Rock|p2a: Starmie\n|-sidestart|p2: Highv0ltag3|move: Stealth Rock\n|\n|-weather|Sandstorm|[upkeep]\n|-damage|p2a: Starmie|94\/100|[from] Sandstorm\n|-heal|p2a: Starmie|100\/100|[from] item: Leftovers\n|upkeep\n|turn|2\n|\n|t:|1656253230\n|switch|p1a: Jellicent|Jellicent, M|100\/100\n|move|p2a: Starmie|Thunder|p1a: Jellicent|[miss]\n|-miss|p2a: Starmie|p1a: Jellicent\n|\n|-weather|Sandstorm|[upkeep]\n|-damage|p2a: Starmie|94\/100|[from] Sandstorm\n|-damage|p1a: Jellicent|94\/100|[from] Sandstorm\n|-heal|p2a: Starmie|100\/100|[from] item: Leftovers\n|-heal|p1a: Jellicent|100\/100|[from] item: Leftovers\n|upkeep\n|turn|3\n|\n|t:|1656253239\n|move|p2a: Starmie|Thunder|p1a: Jellicent|[miss]\n|-miss|p2a: Starmie|p1a: Jellicent\n|move|p1a: Jellicent|Will-O-Wisp|p2a: Starmie|[miss]\n|-miss|p1a: Jellicent|p2a: Starmie\n|\n|-weather|Sandstorm|[upkeep]\n|-damage|p2a: Starmie|94\/100|[from] Sandstorm\n|-damage|p1a: Jellicent|94\/100|[from] Sandstorm\n|-heal|p2a: Starmie|100\/100|[from] item: Leftovers\n|-heal|p1a: Jellicent|100\/100|[from] item: Leftovers\n|upkeep\n|turn|4\n|\n|t:|1656253250\n|move|p2a: Starmie|Thunder|p1a: Jellicent\n|-supereffective|p1a: Jellicent\n|-damage|p1a: Jellicent|58\/100\n|-status|p1a: Jellicent|par\n|cant|p1a: Jellicent|par\n|\n|-weather|Sandstorm|[upkeep]\n|-damage|p2a: Starmie|94\/100|[from] Sandstorm\n|-damage|p1a: Jellicent|52\/100 par|[from] Sandstorm\n|-heal|p2a: Starmie|100\/100|[from] item: Leftovers\n|-heal|p1a: Jellicent|58\/100 par|[from] item: Leftovers\n|upkeep\n|turn|5\n|\n|t:|1656253264\n|switch|p1a: Latios|Latios, M|100\/100\n|move|p2a: Starmie|Thunder|p1a: Latios\n|-resisted|p1a: Latios\n|-damage|p1a: Latios|77\/100\n|\n|-weather|Sandstorm|[upkeep]\n|-damage|p2a: Starmie|94\/100|[from] Sandstorm\n|-damage|p1a: Latios|71\/100|[from] Sandstorm\n|-heal|p2a: Starmie|100\/100|[from] item: Leftovers\n|upkeep\n|turn|6\n|\n|t:|1656253277\n|move|p2a: Starmie|Rapid Spin|p1a: Latios\n|-damage|p1a: Latios|67\/100\n|-sideend|p2: Highv0ltag3|Stealth Rock|[from] move: Rapid Spin|[of] p2a: Starmie\n|move|p1a: Latios|Draco Meteor|p2a: Starmie\n|-damage|p2a: Starmie|0 fnt\n|-unboost|p1a: Latios|spa|2\n|faint|p2a: Starmie\n|\n|-weather|Sandstorm|[upkeep]\n|-damage|p1a: Latios|61\/100|[from] Sandstorm\n|upkeep\n|\n|t:|1656253283\n|switch|p2a: Dragonite|Dragonite, F|100\/100\n|turn|7\n|\n|t:|1656253291\n|switch|p1a: Mamoswine|Mamoswine, F|100\/100\n|switch|p2a: Magnezone|Magnezone|100\/100\n|\n|-weather|Sandstorm|[upkeep]\n|upkeep\n|turn|8\n|\n|t:|1656253299\n|switch|p2a: Kyurem|Kyurem-Black|100\/100\n|-ability|p2a: Kyurem|Teravolt\n|move|p1a: Mamoswine|Earthquake|p2a: Kyurem\n|-damage|p2a: Kyurem|53\/100\n|\n|-weather|Sandstorm|[upkeep]\n|-damage|p2a: Kyurem|47\/100|[from] Sandstorm\n|upkeep\n|turn|9\n|\n|t:|1656253311\n|move|p2a: Kyurem|Outrage|p1a: Mamoswine\n|-damage|p1a: Mamoswine|0 fnt\n|faint|p1a: Mamoswine\n|\n|-weather|Sandstorm|[upkeep]\n|-damage|p2a: Kyurem|41\/100|[from] Sandstorm\n|upkeep\n|\n|t:|1656253316\n|switch|p1a: Scizor|Scizor, M|100\/100\n|turn|10\n|\n|t:|1656253321\n|move|p1a: Scizor|Bullet Punch|p2a: Kyurem\n|-enditem|p1a: Scizor|Steel Gem|[from] gem\n|-supereffective|p2a: Kyurem\n|-damage|p2a: Kyurem|0 fnt\n|faint|p2a: Kyurem\n|\n|-weather|Sandstorm|[upkeep]\n|upkeep\n|\n|t:|1656253323\n|switch|p2a: Magnezone|Magnezone|100\/100\n|turn|11\n|\n|t:|1656253335\n|move|p1a: Scizor|Bullet Punch|p2a: Magnezone\n|-resisted|p2a: Magnezone\n|-damage|p2a: Magnezone|93\/100\n|move|p2a: Magnezone|Hidden Power|p1a: Scizor\n|-supereffective|p1a: Scizor\n|-damage|p1a: Scizor|0 fnt\n|faint|p1a: Scizor\n|\n|-weather|Sandstorm|[upkeep]\n|upkeep\n|\n|t:|1656253343\n|switch|p1a: Garchomp|Garchomp, M|100\/100\n|turn|12\n|\n|t:|1656253354\n|move|p1a: Garchomp|Substitute|p1a: Garchomp\n|-start|p1a: Garchomp|Substitute\n|-damage|p1a: Garchomp|76\/100\n|move|p2a: Magnezone|Flash Cannon|p1a: Garchomp\n|-end|p1a: Garchomp|Substitute\n|\n|-weather|Sandstorm|[upkeep]\n|upkeep\n|turn|13\n|\n|t:|1656253361\n|move|p1a: Garchomp|Fire Blast|p2a: Magnezone|[miss]\n|-miss|p1a: Garchomp|p2a: Magnezone\n|move|p2a: Magnezone|Flash Cannon|p1a: Garchomp\n|-damage|p1a: Garchomp|16\/100\n|-enditem|p1a: Garchomp|Salac Berry|[eat]\n|-boost|p1a: Garchomp|spe|1|[from] item: Salac Berry\n|\n|-weather|Sandstorm|[upkeep]\n|upkeep\n|turn|14\n|\n|t:|1656253367\n|move|p1a: Garchomp|Fire Blast|p2a: Magnezone\n|-supereffective|p2a: Magnezone\n|-damage|p2a: Magnezone|40\/100\n|move|p2a: Magnezone|Flash Cannon|p1a: Garchomp\n|-damage|p1a: Garchomp|0 fnt\n|faint|p1a: Garchomp\n|\n|-weather|Sandstorm|[upkeep]\n|upkeep\n|\n|t:|1656253374\n|switch|p1a: Hippowdon|Hippowdon, F|100\/100\n|turn|15\n|\n|t:|1656253390\n|switch|p2a: Dragonite|Dragonite, F|100\/100\n|move|p1a: Hippowdon|Stealth Rock|p2a: Dragonite\n|-sidestart|p2: Highv0ltag3|move: Stealth Rock\n|\n|-weather|Sandstorm|[upkeep]\n|-damage|p2a: Dragonite|95\/100|[from] Sandstorm\n|-heal|p2a: Dragonite|100\/100|[from] item: Leftovers\n|upkeep\n|turn|16\n|\n|t:|1656253394\n|move|p2a: Dragonite|Substitute|p2a: Dragonite\n|-start|p2a: Dragonite|Substitute\n|-damage|p2a: Dragonite|76\/100\n|move|p1a: Hippowdon|Curse|p1a: Hippowdon\n|-unboost|p1a: Hippowdon|spe|1\n|-boost|p1a: Hippowdon|atk|1\n|-boost|p1a: Hippowdon|def|1\n|\n|-weather|Sandstorm|[upkeep]\n|-damage|p2a: Dragonite|70\/100|[from] Sandstorm\n|-heal|p2a: Dragonite|76\/100|[from] item: Leftovers\n|upkeep\n|turn|17\n|inactive|Highv0ltag3 has 120 seconds left.\n|\n|t:|1656253427\n|move|p2a: Dragonite|Dragon Dance|p2a: Dragonite\n|-boost|p2a: Dragonite|atk|1\n|-boost|p2a: Dragonite|spe|1\n|move|p1a: Hippowdon|Curse|p1a: Hippowdon\n|-unboost|p1a: Hippowdon|spe|1\n|-boost|p1a: Hippowdon|atk|1\n|-boost|p1a: Hippowdon|def|1\n|\n|-weather|Sandstorm|[upkeep]\n|-damage|p2a: Dragonite|70\/100|[from] Sandstorm\n|-heal|p2a: Dragonite|76\/100|[from] item: Leftovers\n|upkeep\n|turn|18\n|\n|t:|1656253432\n|move|p2a: Dragonite|Dragon Dance|p2a: Dragonite\n|-boost|p2a: Dragonite|atk|1\n|-boost|p2a: Dragonite|spe|1\n|move|p1a: Hippowdon|Curse|p1a: Hippowdon\n|-unboost|p1a: Hippowdon|spe|1\n|-boost|p1a: Hippowdon|atk|1\n|-boost|p1a: Hippowdon|def|1\n|\n|-weather|Sandstorm|[upkeep]\n|-damage|p2a: Dragonite|70\/100|[from] Sandstorm\n|-heal|p2a: Dragonite|76\/100|[from] item: Leftovers\n|upkeep\n|turn|19\n|\n|t:|1656253438\n|move|p2a: Dragonite|Dragon Dance|p2a: Dragonite\n|-boost|p2a: Dragonite|atk|1\n|-boost|p2a: Dragonite|spe|1\n|move|p1a: Hippowdon|Curse|p1a: Hippowdon\n|-unboost|p1a: Hippowdon|spe|1\n|-boost|p1a: Hippowdon|atk|1\n|-boost|p1a: Hippowdon|def|1\n|\n|-weather|Sandstorm|[upkeep]\n|-damage|p2a: Dragonite|70\/100|[from] Sandstorm\n|-heal|p2a: Dragonite|76\/100|[from] item: Leftovers\n|upkeep\n|turn|20\n|\n|t:|1656253443\n|move|p2a: Dragonite|Dragon Dance|p2a: Dragonite\n|-boost|p2a: Dragonite|atk|1\n|-boost|p2a: Dragonite|spe|1\n|move|p1a: Hippowdon|Curse|p1a: Hippowdon\n|-unboost|p1a: Hippowdon|spe|1\n|-boost|p1a: Hippowdon|atk|1\n|-boost|p1a: Hippowdon|def|1\n|\n|-weather|Sandstorm|[upkeep]\n|-damage|p2a: Dragonite|70\/100|[from] Sandstorm\n|-heal|p2a: Dragonite|76\/100|[from] item: Leftovers\n|upkeep\n|turn|21\n|\n|t:|1656253447\n|move|p2a: Dragonite|Dragon Dance|p2a: Dragonite\n|-boost|p2a: Dragonite|atk|1\n|-boost|p2a: Dragonite|spe|1\n|move|p1a: Hippowdon|Curse|p1a: Hippowdon\n|-unboost|p1a: Hippowdon|spe|1\n|-boost|p1a: Hippowdon|atk|1\n|-boost|p1a: Hippowdon|def|1\n|\n|-weather|Sandstorm|[upkeep]\n|-damage|p2a: Dragonite|70\/100|[from] Sandstorm\n|-heal|p2a: Dragonite|76\/100|[from] item: Leftovers\n|upkeep\n|turn|22\n|\n|t:|1656253452\n|move|p2a: Dragonite|Dragon Dance|p2a: Dragonite\n|-boost|p2a: Dragonite|atk|1\n|-boost|p2a: Dragonite|spe|1\n|move|p1a: Hippowdon|Crunch|p2a: Dragonite\n|-end|p2a: Dragonite|Substitute\n|\n|-weather|Sandstorm|[upkeep]\n|-damage|p2a: Dragonite|70\/100|[from] Sandstorm\n|-heal|p2a: Dragonite|76\/100|[from] item: Leftovers\n|upkeep\n|turn|23\n|\n|t:|1656253459\n|move|p2a: Dragonite|Roost|p2a: Dragonite\n|-heal|p2a: Dragonite|100\/100\n|-singleturn|p2a: Dragonite|move: Roost\n|move|p1a: Hippowdon|Crunch|p2a: Dragonite\n|-damage|p2a: Dragonite|59\/100\n|\n|-weather|Sandstorm|[upkeep]\n|-damage|p2a: Dragonite|53\/100|[from] Sandstorm\n|-heal|p2a: Dragonite|59\/100|[from] item: Leftovers\n|upkeep\n|turn|24\n|\n|t:|1656253468\n|move|p2a: Dragonite|Roost|p2a: Dragonite\n|-heal|p2a: Dragonite|100\/100\n|-singleturn|p2a: Dragonite|move: Roost\n|move|p1a: Hippowdon|Crunch|p2a: Dragonite\n|-damage|p2a: Dragonite|57\/100\n|-unboost|p2a: Dragonite|def|1\n|\n|-weather|Sandstorm|[upkeep]\n|-damage|p2a: Dragonite|51\/100|[from] Sandstorm\n|-heal|p2a: Dragonite|57\/100|[from] item: Leftovers\n|upkeep\n|turn|25\n|\n|t:|1656253476\n|move|p2a: Dragonite|Dragon Claw|p1a: Hippowdon\n|-damage|p1a: Hippowdon|76\/100\n|move|p1a: Hippowdon|Crunch|p2a: Dragonite\n|-damage|p2a: Dragonite|0 fnt\n|faint|p2a: Dragonite\n|\n|-weather|Sandstorm|[upkeep]\n|-heal|p1a: Hippowdon|82\/100|[from] item: Leftovers\n|upkeep\n|\n|t:|1656253479\n|switch|p2a: Latios|Latios, M|100\/100\n|-damage|p2a: Latios|88\/100|[from] Stealth Rock\n|turn|26\n|\n|t:|1656253487\n|move|p2a: Latios|Draco Meteor|p1a: Hippowdon|[miss]\n|-miss|p2a: Latios|p1a: Hippowdon\n|move|p1a: Hippowdon|Crunch|p2a: Latios\n|-supereffective|p2a: Latios\n|-damage|p2a: Latios|0 fnt\n|faint|p2a: Latios\n|\n|-weather|Sandstorm|[upkeep]\n|-heal|p1a: Hippowdon|88\/100|[from] item: Leftovers\n|upkeep\n|-message|Highv0ltag3 forfeited.\n|\n|win|SrYopi\n|raw|SrYopi's rating: 1237 &rarr; <strong>1273<\/strong><br \/>(+36 for winning)\n|raw|Highv0ltag3's rating: 1396 &rarr; <strong>1367<\/strong><br \/>(-29 for losing)\n|l|\u2606Highv0ltag3\n||Ladder isn't responding, score probably updated but might not have (Request timeout).\n","uploadtime":1656254028,"views":18,"p1id":"sryopi","p2id":"highv0ltag3","formatid":"gen5ou","rating":1273,"private":0,"password":null}