{"id":"gen5ou-1120277510","p1":"ban tport","p2":"soap776","format":"gen5ou","log":"|j|\u2606ban tport\n|j|\u2606soap776\n|player|p1|ban tport|erika-gen1|1168\n|player|p2|soap776|2|1241\n|teamsize|p1|6\n|teamsize|p2|6\n|gametype|singles\n|gen|5\n|tier|[Gen 5] OU\n|rated|\n|clearpoke\n|poke|p1|Politoed, F|item\n|poke|p1|Keldeo|item\n|poke|p1|Kyurem-Black|item\n|poke|p1|Thundurus-Therian, M|item\n|poke|p1|Donphan, M|item\n|poke|p1|Jirachi|item\n|poke|p2|Excadrill, F|item\n|poke|p2|Tyranitar, F|item\n|poke|p2|Keldeo-Resolute|item\n|poke|p2|Landorus-Therian, M|item\n|poke|p2|Latias, F|item\n|poke|p2|Ferrothorn, M|item\n|rule|Species Clause: Limit one of each Pok\u00e9mon\n|rule|OHKO Clause: OHKO moves are banned\n|rule|Moody Clause: Moody is banned\n|rule|Evasion Moves Clause: Evasion moves are banned\n|rule|Endless Battle Clause: Forcing endless battles is banned\n|rule|HP Percentage Mod: HP is shown in percentages\n|rule|Evasion Abilities Clause: Evasion abilities are banned\n|rule|Baton Pass Clause: Limit one Baton Passer, can't pass Spe and other stats simultaneously\n|rule|Sleep Clause: Sleep-inducing moves are banned\n|rule|Swagger Clause: Swagger is banned\n|teampreview\n|inactive|Battle timer is ON: inactive players will automatically lose when time's up. (requested by ban tport)\n|\n|start\n|switch|p1a: Keldeo|Keldeo|100\/100\n|switch|p2a: Tyranitar|Tyranitar, F|100\/100\n|-weather|Sandstorm|[from] ability: Sand Stream|[of] p2a: Tyranitar\n|turn|1\n|\n|move|p1a: Keldeo|Secret Sword|p2a: Tyranitar\n|-supereffective|p2a: Tyranitar\n|-enditem|p2a: Tyranitar|Chople Berry|[eat]\n|-enditem|p2a: Tyranitar|Chople Berry|[weaken]\n|-damage|p2a: Tyranitar|0 fnt\n|faint|p2a: Tyranitar\n|\n|-weather|Sandstorm|[upkeep]\n|-damage|p1a: Keldeo|94\/100|[from] Sandstorm\n|upkeep\n|\n|switch|p2a: Excadrill|Excadrill, F|100\/100\n|turn|2\n|\n|switch|p1a: Donphan|Donphan, M|100\/100\n|move|p2a: Excadrill|Rock Slide|p1a: Donphan|[miss]\n|-miss|p2a: Excadrill|p1a: Donphan\n|\n|-weather|Sandstorm|[upkeep]\n|upkeep\n|turn|3\n|l|\u2606soap776\n|inactive|soap776 disconnected and has a minute to reconnect!\n|player|p2|\n|inactive|soap776 has 30 seconds to reconnect!\n|j|\u2606soap776\n|inactive|soap776 reconnected and has 115 seconds left.\n|player|p2|soap776|2\n|inactive|soap776 has 90 seconds left.\n|inactive|soap776 has 60 seconds left.\n|inactive|soap776 has 30 seconds left.\n|\n|switch|p2a: Keldeo|Keldeo-Resolute|100\/100\n|switch|p1a: Politoed|Politoed, F|100\/100\n|-weather|RainDance|[from] ability: Drizzle|[of] p1a: Politoed\n|\n|-weather|RainDance|[upkeep]\n|upkeep\n|turn|4\n|\n|move|p1a: Politoed|Hydro Pump|p2a: Keldeo\n|-resisted|p2a: Keldeo\n|-damage|p2a: Keldeo|56\/100\n|move|p2a: Keldeo|Hydro Pump|p1a: Politoed\n|-resisted|p1a: Politoed\n|-damage|p1a: Politoed|30\/100\n|\n|-weather|RainDance|[upkeep]\n|upkeep\n|turn|5\n|inactive|soap776 has 30 seconds left.\n|inactive|soap776 has 20 seconds left.\n|\n|switch|p1a: Kyurem|Kyurem-Black|100\/100\n|-ability|p1a: Kyurem|Teravolt\n|move|p2a: Keldeo|Hydro Pump|p1a: Kyurem|[miss]\n|-miss|p2a: Keldeo|p1a: Kyurem\n|\n|-weather|RainDance|[upkeep]\n|upkeep\n|turn|6\n|inactive|soap776 has 30 seconds left this turn.\n|inactive|soap776 has 20 seconds left.\n|\n|switch|p2a: Ferrothorn|Ferrothorn, M|100\/100\n|move|p1a: Kyurem|Ice Beam|p2a: Ferrothorn\n|-damage|p2a: Ferrothorn|65\/100\n|\n|-weather|RainDance|[upkeep]\n|-heal|p2a: Ferrothorn|71\/100|[from] item: Leftovers\n|upkeep\n|turn|7\n|inactive|soap776 has 30 seconds left this turn.\n|\n|switch|p1a: Keldeo|Keldeo|94\/100\n|move|p2a: Ferrothorn|Leech Seed|p1a: Keldeo\n|-start|p1a: Keldeo|move: Leech Seed\n|\n|-weather|RainDance|[upkeep]\n|-heal|p2a: Ferrothorn|77\/100|[from] item: Leftovers\n|-damage|p1a: Keldeo|82\/100|[from] Leech Seed|[of] p2a: Ferrothorn\n|-heal|p2a: Ferrothorn|89\/100|[silent]\n|upkeep\n|turn|8\n|inactive|soap776 has 30 seconds left.\n|\n|switch|p2a: Latias|Latias, F|100\/100\n|move|p1a: Keldeo|Hidden Power|p2a: Latias\n|-supereffective|p2a: Latias\n|-damage|p2a: Latias|32\/100\n|\n|-weather|RainDance|[upkeep]\n|-damage|p1a: Keldeo|70\/100|[from] Leech Seed|[of] p2a: Latias\n|-heal|p2a: Latias|45\/100|[silent]\n|upkeep\n|turn|9\n|\n|switch|p2a: Ferrothorn|Ferrothorn, M|89\/100\n|move|p1a: Keldeo|Hidden Power|p2a: Ferrothorn\n|-resisted|p2a: Ferrothorn\n|-damage|p2a: Ferrothorn|77\/100\n|\n|-weather|RainDance|[upkeep]\n|-heal|p2a: Ferrothorn|83\/100|[from] item: Leftovers\n|-damage|p1a: Keldeo|57\/100|[from] Leech Seed|[of] p2a: Ferrothorn\n|-heal|p2a: Ferrothorn|94\/100|[silent]\n|upkeep\n|turn|10\n|\n|switch|p1a: Donphan|Donphan, M|100\/100\n|move|p2a: Ferrothorn|Power Whip|p1a: Donphan\n|-supereffective|p1a: Donphan\n|-damage|p1a: Donphan|58\/100\n|\n|-weather|RainDance|[upkeep]\n|-heal|p1a: Donphan|64\/100|[from] item: Leftovers\n|-heal|p2a: Ferrothorn|100\/100|[from] item: Leftovers\n|upkeep\n|turn|11\n|\n|move|p1a: Donphan|Stealth Rock|p2a: Ferrothorn\n|-sidestart|p2: soap776|move: Stealth Rock\n|move|p2a: Ferrothorn|Leech Seed|p1a: Donphan|[miss]\n|-miss|p2a: Ferrothorn|p1a: Donphan\n|\n|-weather|RainDance|[upkeep]\n|-heal|p1a: Donphan|70\/100|[from] item: Leftovers\n|upkeep\n|turn|12\n|\n|switch|p1a: Keldeo|Keldeo|57\/100\n|move|p2a: Ferrothorn|Leech Seed|p1a: Keldeo\n|-start|p1a: Keldeo|move: Leech Seed\n|\n|-weather|RainDance|[upkeep]\n|-damage|p1a: Keldeo|45\/100|[from] Leech Seed|[of] p2a: Ferrothorn\n|upkeep\n|turn|13\n|inactive|soap776 has 60 seconds left.\n|\n|move|p1a: Keldeo|Secret Sword|p2a: Ferrothorn\n|-supereffective|p2a: Ferrothorn\n|-damage|p2a: Ferrothorn|16\/100\n|move|p2a: Ferrothorn|Power Whip|p1a: Keldeo\n|-supereffective|p1a: Keldeo\n|-damage|p1a: Keldeo|0 fnt\n|faint|p1a: Keldeo\n|\n|-weather|RainDance|[upkeep]\n|-heal|p2a: Ferrothorn|23\/100|[from] item: Leftovers\n|upkeep\n|\n|switch|p1a: Kyurem|Kyurem-Black|100\/100\n|-ability|p1a: Kyurem|Teravolt\n|turn|14\n|\n|switch|p2a: Keldeo|Keldeo-Resolute|56\/100\n|-damage|p2a: Keldeo|50\/100|[from] Stealth Rock\n|move|p1a: Kyurem|Ice Beam|p2a: Keldeo\n|-resisted|p2a: Keldeo\n|-damage|p2a: Keldeo|20\/100\n|\n|-weather|RainDance|[upkeep]\n|upkeep\n|turn|15\n|\n|move|p2a: Keldeo|Secret Sword|p1a: Kyurem\n|-supereffective|p1a: Kyurem\n|-damage|p1a: Kyurem|0 fnt\n|faint|p1a: Kyurem\n|\n|-weather|RainDance|[upkeep]\n|upkeep\n|\n|switch|p1a: Thundurus|Thundurus-Therian, M|100\/100\n|turn|16\n|\n|move|p2a: Keldeo|Secret Sword|p1a: Thundurus\n|-resisted|p1a: Thundurus\n|-damage|p1a: Thundurus|53\/100\n|move|p1a: Thundurus|Agility|p1a: Thundurus\n|-boost|p1a: Thundurus|spe|2\n|\n|-weather|RainDance|[upkeep]\n|upkeep\n|turn|17\n|\n|move|p1a: Thundurus|Thunder|p2a: Keldeo\n|-supereffective|p2a: Keldeo\n|-damage|p2a: Keldeo|0 fnt\n|faint|p2a: Keldeo\n|\n|-weather|RainDance|[upkeep]\n|upkeep\n|\n|switch|p2a: Excadrill|Excadrill, F|100\/100\n|-damage|p2a: Excadrill|97\/100|[from] Stealth Rock\n|turn|18\n|\n|move|p1a: Thundurus|Focus Blast|p2a: Excadrill\n|-supereffective|p2a: Excadrill\n|-crit|p2a: Excadrill\n|-damage|p2a: Excadrill|0 fnt\n|faint|p2a: Excadrill\n|\n|-weather|RainDance|[upkeep]\n|upkeep\n|\n|switch|p2a: Landorus|Landorus-Therian, M|100\/100\n|-damage|p2a: Landorus|88\/100|[from] Stealth Rock\n|-ability|p2a: Landorus|Intimidate|boost\n|-unboost|p1a: Thundurus|atk|1\n|turn|19\n|\n|move|p1a: Thundurus|Hidden Power|p2a: Landorus\n|-supereffective|p2a: Landorus\n|-damage|p2a: Landorus|0 fnt\n|faint|p2a: Landorus\n|\n|-weather|RainDance|[upkeep]\n|upkeep\n|-message|soap776 forfeited.\n|\n|win|ban tport\n|l|\u2606soap776\n","uploadtime":1590297643,"views":5,"p1id":"bantport","p2id":"soap776","formatid":"gen5ou","rating":0,"private":0,"password":null}