{"id":"gen5ou-1291999872","p1":"i know im horrible","p2":"Sin","format":"gen5ou","log":"|j|\u2606i know im horrible\n|j|\u2606Sin\n|t:|1614584691\n|player|p1|i know im horrible|101|1254\n|player|p2|Sin|blackbelt|1158\n|teamsize|p1|6\n|teamsize|p2|6\n|gametype|singles\n|gen|5\n|tier|[Gen 5] OU\n|rated|\n|clearpoke\n|poke|p1|Azumarill, M|item\n|poke|p1|Alakazam, F|item\n|poke|p1|Excadrill, F|item\n|poke|p1|Tyranitar, M|item\n|poke|p1|Ferrothorn, F|item\n|poke|p1|Jellicent, F|item\n|poke|p2|Tyranitar, M|item\n|poke|p2|Gliscor, M|item\n|poke|p2|Celebi|item\n|poke|p2|Excadrill, M|item\n|poke|p2|Gyarados, M|item\n|poke|p2|Magnezone|item\n|rule|Species Clause: Limit one of each Pok\u00e9mon\n|rule|OHKO Clause: OHKO moves are banned\n|rule|Moody Clause: Moody is banned\n|rule|Evasion Moves Clause: Evasion moves are banned\n|rule|Endless Battle Clause: Forcing endless battles is banned\n|rule|HP Percentage Mod: HP is shown in percentages\n|rule|Evasion Abilities Clause: Evasion abilities are banned\n|rule|Baton Pass Clause: Limit one Baton Passer, can't pass Spe and other stats simultaneously\n|rule|Sleep Clause: Sleep-inducing moves are banned\n|rule|Swagger Clause: Swagger is banned\n|teampreview\n|inactive|Battle timer is ON: inactive players will automatically lose when time's up. (requested by Sin)\n|\n|t:|1614584712\n|start\n|switch|p1a: Azumarill|Azumarill, M|100\/100\n|switch|p2a: Tyranitar|Tyranitar, M|100\/100\n|-weather|Sandstorm|[from] ability: Sand Stream|[of] p2a: Tyranitar\n|turn|1\n|\n|t:|1614584730\n|switch|p2a: Magnezone|Magnezone|100\/100\n|-item|p2a: Magnezone|Air Balloon\n|move|p1a: Azumarill|Whirlpool|p2a: Magnezone\n|-damage|p2a: Magnezone|91\/100\n|-activate|p2a: Magnezone|move: Whirlpool|[of] p1a: Azumarill\n|-enditem|p2a: Magnezone|Air Balloon\n|\n|-weather|Sandstorm|[upkeep]\n|-damage|p1a: Azumarill|94\/100|[from] Sandstorm\n|-heal|p1a: Azumarill|100\/100|[from] item: Leftovers\n|-damage|p2a: Magnezone|85\/100|[from] move: Whirlpool|[partiallytrapped]\n|upkeep\n|turn|2\n|\n|t:|1614584745\n|switch|p1a: Excadrill|Excadrill, F|100\/100\n|move|p2a: Magnezone|Substitute|p2a: Magnezone\n|-start|p2a: Magnezone|Substitute\n|-damage|p2a: Magnezone|60\/100\n|\n|-weather|Sandstorm|[upkeep]\n|upkeep\n|turn|3\n|\n|t:|1614584751\n|move|p1a: Excadrill|Earthquake|p2a: Magnezone\n|-supereffective|p2a: Magnezone\n|-end|p2a: Magnezone|Substitute\n|move|p2a: Magnezone|Flash Cannon|p1a: Excadrill\n|-resisted|p1a: Excadrill\n|-damage|p1a: Excadrill|76\/100\n|\n|-weather|Sandstorm|[upkeep]\n|-heal|p1a: Excadrill|82\/100|[from] item: Leftovers\n|upkeep\n|turn|4\n|\n|t:|1614584770\n|move|p1a: Excadrill|Iron Head|p2a: Magnezone\n|-resisted|p2a: Magnezone\n|-damage|p2a: Magnezone|47\/100\n|cant|p2a: Magnezone|flinch\n|\n|-weather|Sandstorm|[upkeep]\n|-heal|p1a: Excadrill|88\/100|[from] item: Leftovers\n|upkeep\n|turn|5\n|\n|t:|1614584782\n|switch|p2a: Gliscor|Gliscor, M|100\/100\n|move|p1a: Excadrill|Iron Head|p2a: Gliscor\n|-crit|p2a: Gliscor\n|-damage|p2a: Gliscor|39\/100\n|\n|-weather|Sandstorm|[upkeep]\n|-heal|p1a: Excadrill|95\/100|[from] item: Leftovers\n|-status|p2a: Gliscor|tox|[from] item: Toxic Orb\n|upkeep\n|turn|6\n|\n|t:|1614584797\n|switch|p1a: Ferrothorn|Ferrothorn, F|100\/100\n|move|p2a: Gliscor|Protect||[still]\n|-fail|p2a: Gliscor\n|\n|-weather|Sandstorm|[upkeep]\n|-heal|p2a: Gliscor|52\/100 tox|[from] ability: Poison Heal\n|upkeep\n|turn|7\n|\n|t:|1614584805\n|move|p2a: Gliscor|Stealth Rock|p1a: Ferrothorn\n|-sidestart|p1: i know im horrible|move: Stealth Rock\n|move|p1a: Ferrothorn|Stealth Rock|p2a: Gliscor\n|-sidestart|p2: Sin|move: Stealth Rock\n|\n|-weather|Sandstorm|[upkeep]\n|-heal|p2a: Gliscor|64\/100 tox|[from] ability: Poison Heal\n|upkeep\n|turn|8\n|\n|t:|1614584810\n|move|p2a: Gliscor|Knock Off|p1a: Ferrothorn\n|-resisted|p1a: Ferrothorn\n|-damage|p1a: Ferrothorn|99\/100\n|-damage|p2a: Gliscor|52\/100 tox|[from] ability: Iron Barbs|[of] p1a: Ferrothorn\n|-enditem|p1a: Ferrothorn|Leftovers|[from] move: Knock Off|[of] p2a: Gliscor\n|move|p1a: Ferrothorn|Spikes|p2a: Gliscor\n|-sidestart|p2: Sin|Spikes\n|\n|-weather|Sandstorm|[upkeep]\n|-heal|p2a: Gliscor|64\/100 tox|[from] ability: Poison Heal\n|upkeep\n|turn|9\n|\n|t:|1614584824\n|switch|p1a: Excadrill|Excadrill, F|95\/100\n|-damage|p1a: Excadrill|92\/100|[from] Stealth Rock\n|move|p2a: Gliscor|Earthquake|p1a: Excadrill\n|-supereffective|p1a: Excadrill\n|-damage|p1a: Excadrill|11\/100\n|\n|-weather|Sandstorm|[upkeep]\n|-heal|p1a: Excadrill|17\/100|[from] item: Leftovers\n|-heal|p2a: Gliscor|77\/100 tox|[from] ability: Poison Heal\n|upkeep\n|turn|10\n|\n|t:|1614584833\n|move|p1a: Excadrill|Rapid Spin|p2a: Gliscor\n|-damage|p2a: Gliscor|72\/100 tox\n|-sideend|p1: i know im horrible|Stealth Rock|[from] move: Rapid Spin|[of] p1a: Excadrill\n|move|p2a: Gliscor|Earthquake|p1a: Excadrill\n|-supereffective|p1a: Excadrill\n|-damage|p1a: Excadrill|0 fnt\n|faint|p1a: Excadrill\n|\n|-weather|Sandstorm|[upkeep]\n|-heal|p2a: Gliscor|84\/100 tox|[from] ability: Poison Heal\n|upkeep\n|\n|t:|1614584838\n|switch|p1a: Alakazam|Alakazam, F|100\/100\n|turn|11\n|\n|t:|1614584850\n|switch|p2a: Tyranitar|Tyranitar, M|100\/100\n|-damage|p2a: Tyranitar|88\/100|[from] Spikes\n|-damage|p2a: Tyranitar|76\/100|[from] Stealth Rock\n|move|p1a: Alakazam|Hidden Power|p2a: Tyranitar\n|-damage|p2a: Tyranitar|65\/100\n|\n|-weather|Sandstorm|[upkeep]\n|upkeep\n|turn|12\n|\n|t:|1614584859\n|move|p1a: Alakazam|Signal Beam|p2a: Tyranitar\n|-supereffective|p2a: Tyranitar\n|-damage|p2a: Tyranitar|41\/100\n|-start|p2a: Tyranitar|confusion\n|-activate|p2a: Tyranitar|confusion\n|-damage|p2a: Tyranitar|32\/100|[from] confusion\n|\n|-weather|Sandstorm|[upkeep]\n|upkeep\n|turn|13\n|\n|t:|1614584868\n|move|p1a: Alakazam|Focus Blast|p2a: Tyranitar\n|-supereffective|p2a: Tyranitar\n|-crit|p2a: Tyranitar\n|-damage|p2a: Tyranitar|0 fnt\n|faint|p2a: Tyranitar\n|\n|-weather|Sandstorm|[upkeep]\n|upkeep\n|\n|t:|1614584874\n|switch|p2a: Excadrill|Excadrill, M|100\/100\n|-damage|p2a: Excadrill|97\/100|[from] Stealth Rock\n|-damage|p2a: Excadrill|85\/100|[from] Spikes\n|turn|14\n|\n|t:|1614584882\n|move|p1a: Alakazam|Focus Blast|p2a: Excadrill|[miss]\n|-miss|p1a: Alakazam|p2a: Excadrill\n|move|p2a: Excadrill|Rapid Spin|p1a: Alakazam\n|-damage|p1a: Alakazam|81\/100\n|-sideend|p2: Sin|Spikes|[from] move: Rapid Spin|[of] p2a: Excadrill\n|-sideend|p2: Sin|Stealth Rock|[from] move: Rapid Spin|[of] p2a: Excadrill\n|\n|-weather|Sandstorm|[upkeep]\n|upkeep\n|turn|15\n|\n|t:|1614584890\n|switch|p2a: Magnezone|Magnezone|47\/100\n|move|p1a: Alakazam|Focus Blast|p2a: Magnezone|[miss]\n|-miss|p1a: Alakazam|p2a: Magnezone\n|\n|-weather|Sandstorm|[upkeep]\n|upkeep\n|turn|16\n|\n|t:|1614584897\n|move|p1a: Alakazam|Focus Blast|p2a: Magnezone|[miss]\n|-miss|p1a: Alakazam|p2a: Magnezone\n|move|p2a: Magnezone|Substitute|p2a: Magnezone\n|-start|p2a: Magnezone|Substitute\n|-damage|p2a: Magnezone|22\/100\n|\n|-weather|Sandstorm|[upkeep]\n|upkeep\n|turn|17\n|\n|t:|1614584905\n|move|p1a: Alakazam|Focus Blast|p2a: Magnezone\n|-supereffective|p2a: Magnezone\n|-end|p2a: Magnezone|Substitute\n|move|p2a: Magnezone|Flash Cannon|p1a: Alakazam\n|-damage|p1a: Alakazam|6\/100\n|\n|-weather|Sandstorm|[upkeep]\n|upkeep\n|turn|18\n|\n|t:|1614584913\n|move|p1a: Alakazam|Focus Blast|p2a: Magnezone|[miss]\n|-miss|p1a: Alakazam|p2a: Magnezone\n|move|p2a: Magnezone|Flash Cannon|p1a: Alakazam\n|-crit|p1a: Alakazam\n|-damage|p1a: Alakazam|0 fnt\n|faint|p1a: Alakazam\n|\n|-weather|Sandstorm|[upkeep]\n|upkeep\n|c|\u2606Sin|bro i am so sorry\n|c|\u2606i know im horrible|lmao\n|c|\u2606i know im horrible|no prob\n|c|\u2606i know im horrible|that confuse was so lucky from me\n|\n|t:|1614584939\n|switch|p1a: Tyranitar|Tyranitar, M|100\/100\n|turn|19\n|\n|t:|1614584946\n|move|p2a: Magnezone|Flash Cannon|p1a: Tyranitar\n|-supereffective|p1a: Tyranitar\n|-damage|p1a: Tyranitar|62\/100\n|move|p1a: Tyranitar|Fire Blast|p2a: Magnezone|[miss]\n|-miss|p1a: Tyranitar|p2a: Magnezone\n|\n|-weather|Sandstorm|[upkeep]\n|upkeep\n|turn|20\n|c|\u2606i know im horrible|loool\n|c|\u2606Sin|wow\n|\n|t:|1614584959\n|switch|p2a: Gyarados|Gyarados, M|100\/100\n|-ability|p2a: Gyarados|Intimidate|boost\n|-unboost|p1a: Tyranitar|atk|1\n|move|p1a: Tyranitar|Fire Blast|p2a: Gyarados\n|-resisted|p2a: Gyarados\n|-damage|p2a: Gyarados|87\/100\n|\n|-weather|Sandstorm|[upkeep]\n|-damage|p2a: Gyarados|81\/100|[from] Sandstorm\n|upkeep\n|turn|21\n|\n|t:|1614584973\n|switch|p1a: Azumarill|Azumarill, M|100\/100\n|move|p2a: Gyarados|Waterfall|p1a: Azumarill\n|-resisted|p1a: Azumarill\n|-damage|p1a: Azumarill|76\/100\n|-damage|p2a: Gyarados|71\/100|[from] item: Life Orb\n|\n|-weather|Sandstorm|[upkeep]\n|-damage|p2a: Gyarados|65\/100|[from] Sandstorm\n|-damage|p1a: Azumarill|70\/100|[from] Sandstorm\n|-heal|p1a: Azumarill|76\/100|[from] item: Leftovers\n|upkeep\n|turn|22\n|\n|t:|1614584988\n|move|p2a: Gyarados|Dragon Dance|p2a: Gyarados\n|-boost|p2a: Gyarados|atk|1\n|-boost|p2a: Gyarados|spe|1\n|move|p1a: Azumarill|Perish Song|p1a: Azumarill\n|-start|p1a: Azumarill|perish3|[silent]\n|-start|p2a: Gyarados|perish3|[silent]\n|-fieldactivate|move: Perish Song\n|\n|-weather|Sandstorm|[upkeep]\n|-damage|p2a: Gyarados|59\/100|[from] Sandstorm\n|-damage|p1a: Azumarill|70\/100|[from] Sandstorm\n|-heal|p1a: Azumarill|76\/100|[from] item: Leftovers\n|-start|p2a: Gyarados|perish3\n|-start|p1a: Azumarill|perish3\n|upkeep\n|turn|23\n|\n|t:|1614584998\n|move|p2a: Gyarados|Bounce||[still]\n|-prepare|p2a: Gyarados|Bounce\n|move|p1a: Azumarill|Whirlpool|p2a: Gyarados|[miss]\n|-miss|p1a: Azumarill|p2a: Gyarados\n|\n|-weather|Sandstorm|[upkeep]\n|-damage|p2a: Gyarados|53\/100|[from] Sandstorm\n|-damage|p1a: Azumarill|70\/100|[from] Sandstorm\n|-heal|p1a: Azumarill|76\/100|[from] item: Leftovers\n|-start|p2a: Gyarados|perish2\n|-start|p1a: Azumarill|perish2\n|upkeep\n|turn|24\n|\n|t:|1614585008\n|move|p1a: Azumarill|Protect|p1a: Azumarill\n|-singleturn|p1a: Azumarill|Protect\n|move|p2a: Gyarados|Bounce|p1a: Azumarill|[from]lockedmove\n|-activate|p1a: Azumarill|move: Protect\n|\n|-weather|Sandstorm|[upkeep]\n|-damage|p2a: Gyarados|47\/100|[from] Sandstorm\n|-damage|p1a: Azumarill|70\/100|[from] Sandstorm\n|-heal|p1a: Azumarill|76\/100|[from] item: Leftovers\n|-start|p2a: Gyarados|perish1\n|-start|p1a: Azumarill|perish1\n|upkeep\n|turn|25\n|\n|t:|1614585021\n|switch|p2a: Magnezone|Magnezone|22\/100\n|switch|p1a: Ferrothorn|Ferrothorn, F|99\/100\n|\n|-weather|Sandstorm|[upkeep]\n|upkeep\n|turn|26\n|\n|t:|1614585031\n|move|p2a: Magnezone|Thunderbolt|p1a: Ferrothorn\n|-resisted|p1a: Ferrothorn\n|-damage|p1a: Ferrothorn|76\/100\n|move|p1a: Ferrothorn|Stealth Rock|p2a: Magnezone\n|-sidestart|p2: Sin|move: Stealth Rock\n|\n|-weather|Sandstorm|[upkeep]\n|upkeep\n|turn|27\n|\n|t:|1614585039\n|move|p2a: Magnezone|Thunderbolt|p1a: Ferrothorn\n|-resisted|p1a: Ferrothorn\n|-damage|p1a: Ferrothorn|53\/100\n|move|p1a: Ferrothorn|Spikes|p2a: Magnezone\n|-sidestart|p2: Sin|Spikes\n|\n|-weather|Sandstorm|[upkeep]\n|upkeep\n|turn|28\n|\n|t:|1614585044\n|move|p2a: Magnezone|Thunderbolt|p1a: Ferrothorn\n|-resisted|p1a: Ferrothorn\n|-damage|p1a: Ferrothorn|30\/100\n|move|p1a: Ferrothorn|Spikes|p2a: Magnezone\n|-sidestart|p2: Sin|Spikes\n|\n|-weather|Sandstorm|[upkeep]\n|upkeep\n|turn|29\n|\n|t:|1614585049\n|move|p2a: Magnezone|Thunderbolt|p1a: Ferrothorn\n|-resisted|p1a: Ferrothorn\n|-damage|p1a: Ferrothorn|5\/100\n|move|p1a: Ferrothorn|Spikes|p2a: Magnezone\n|-sidestart|p2: Sin|Spikes\n|\n|-weather|Sandstorm|[upkeep]\n|upkeep\n|turn|30\n|\n|t:|1614585055\n|move|p2a: Magnezone|Thunderbolt|p1a: Ferrothorn\n|-resisted|p1a: Ferrothorn\n|-damage|p1a: Ferrothorn|0 fnt\n|faint|p1a: Ferrothorn\n|\n|-weather|Sandstorm|[upkeep]\n|upkeep\n|\n|t:|1614585058\n|switch|p1a: Tyranitar|Tyranitar, M|62\/100\n|turn|31\n|\n|t:|1614585062\n|move|p2a: Magnezone|Flash Cannon|p1a: Tyranitar\n|-supereffective|p1a: Tyranitar\n|-damage|p1a: Tyranitar|23\/100\n|-unboost|p1a: Tyranitar|spd|1\n|move|p1a: Tyranitar|Fire Blast|p2a: Magnezone\n|-supereffective|p2a: Magnezone\n|-damage|p2a: Magnezone|0 fnt\n|faint|p2a: Magnezone\n|\n|-weather|Sandstorm|[upkeep]\n|upkeep\n|\n|t:|1614585071\n|switch|p2a: Excadrill|Excadrill, M|85\/100\n|-damage|p2a: Excadrill|82\/100|[from] Stealth Rock\n|-damage|p2a: Excadrill|57\/100|[from] Spikes\n|turn|32\n|\n|t:|1614585078\n|switch|p1a: Jellicent|Jellicent, F|100\/100\n|move|p2a: Excadrill|Rapid Spin|p1a: Jellicent\n|-immune|p1a: Jellicent\n|\n|-weather|Sandstorm|[upkeep]\n|-damage|p1a: Jellicent|94\/100|[from] Sandstorm\n|-heal|p1a: Jellicent|100\/100|[from] item: Leftovers\n|upkeep\n|turn|33\n|\n|t:|1614585088\n|switch|p2a: Gyarados|Gyarados, M|47\/100\n|-damage|p2a: Gyarados|22\/100|[from] Stealth Rock\n|-ability|p2a: Gyarados|Intimidate|boost\n|-unboost|p1a: Jellicent|atk|1\n|move|p1a: Jellicent|Will-O-Wisp|p2a: Gyarados\n|-status|p2a: Gyarados|brn\n|\n|-weather|Sandstorm|[upkeep]\n|-damage|p2a: Gyarados|16\/100 brn|[from] Sandstorm\n|-damage|p1a: Jellicent|94\/100|[from] Sandstorm\n|-heal|p1a: Jellicent|100\/100|[from] item: Leftovers\n|-damage|p2a: Gyarados|4\/100 brn|[from] brn\n|upkeep\n|turn|34\n|\n|t:|1614585100\n|move|p1a: Jellicent|Protect|p1a: Jellicent\n|-singleturn|p1a: Jellicent|Protect\n|move|p2a: Gyarados|Outrage|p1a: Jellicent\n|-activate|p1a: Jellicent|move: Protect\n|\n|-weather|Sandstorm|[upkeep]\n|-damage|p2a: Gyarados|0 fnt|[from] Sandstorm\n|-damage|p1a: Jellicent|94\/100|[from] Sandstorm\n|faint|p2a: Gyarados\n|-heal|p1a: Jellicent|100\/100|[from] item: Leftovers\n|upkeep\n|\n|t:|1614585109\n|switch|p2a: Celebi|Celebi|100\/100\n|-damage|p2a: Celebi|75\/100|[from] Spikes\n|-damage|p2a: Celebi|63\/100|[from] Stealth Rock\n|turn|35\n|\n|t:|1614585116\n|switch|p1a: Azumarill|Azumarill, M|76\/100\n|move|p2a: Celebi|Giga Drain|p1a: Azumarill\n|-supereffective|p1a: Azumarill\n|-damage|p1a: Azumarill|38\/100\n|-heal|p2a: Celebi|82\/100|[from] drain|[of] p1a: Azumarill\n|\n|-weather|Sandstorm|[upkeep]\n|-damage|p2a: Celebi|76\/100|[from] Sandstorm\n|-damage|p1a: Azumarill|32\/100|[from] Sandstorm\n|-heal|p2a: Celebi|82\/100|[from] item: Leftovers\n|-heal|p1a: Azumarill|38\/100|[from] item: Leftovers\n|upkeep\n|turn|36\n|\n|t:|1614585127\n|move|p2a: Celebi|Giga Drain|p1a: Azumarill\n|-supereffective|p1a: Azumarill\n|-damage|p1a: Azumarill|0 fnt\n|-heal|p2a: Celebi|100\/100|[from] drain|[of] p1a: Azumarill\n|faint|p1a: Azumarill\n|\n|-weather|Sandstorm|[upkeep]\n|-damage|p2a: Celebi|94\/100|[from] Sandstorm\n|-heal|p2a: Celebi|100\/100|[from] item: Leftovers\n|upkeep\n|\n|t:|1614585142\n|switch|p1a: Tyranitar|Tyranitar, M|23\/100\n|turn|37\n|\n|t:|1614585145\n|move|p2a: Celebi|Giga Drain|p1a: Tyranitar\n|-supereffective|p1a: Tyranitar\n|-damage|p1a: Tyranitar|4\/100\n|move|p1a: Tyranitar|Crunch|p2a: Celebi\n|-supereffective|p2a: Celebi\n|-damage|p2a: Celebi|38\/100\n|-unboost|p2a: Celebi|def|1\n|\n|-weather|Sandstorm|[upkeep]\n|-damage|p2a: Celebi|31\/100|[from] Sandstorm\n|-heal|p2a: Celebi|38\/100|[from] item: Leftovers\n|upkeep\n|turn|38\n|\n|t:|1614585154\n|move|p2a: Celebi|Giga Drain|p1a: Tyranitar\n|-supereffective|p1a: Tyranitar\n|-damage|p1a: Tyranitar|0 fnt\n|-heal|p2a: Celebi|39\/100|[from] drain|[of] p1a: Tyranitar\n|faint|p1a: Tyranitar\n|\n|-weather|Sandstorm|[upkeep]\n|-damage|p2a: Celebi|33\/100|[from] Sandstorm\n|-heal|p2a: Celebi|39\/100|[from] item: Leftovers\n|upkeep\n|\n|t:|1614585157\n|switch|p1a: Jellicent|Jellicent, F|100\/100\n|turn|39\n|\n|t:|1614585171\n|move|p2a: Celebi|Giga Drain|p1a: Jellicent\n|-supereffective|p1a: Jellicent\n|-damage|p1a: Jellicent|75\/100\n|-heal|p2a: Celebi|52\/100|[from] drain|[of] p1a: Jellicent\n|move|p1a: Jellicent|Will-O-Wisp|p2a: Celebi\n|-status|p2a: Celebi|brn\n|\n|-weather|Sandstorm|[upkeep]\n|-damage|p2a: Celebi|46\/100 brn|[from] Sandstorm\n|-damage|p1a: Jellicent|69\/100|[from] Sandstorm\n|-heal|p2a: Celebi|52\/100 brn|[from] item: Leftovers\n|-heal|p1a: Jellicent|75\/100|[from] item: Leftovers\n|-damage|p2a: Celebi|40\/100 brn|[from] brn\n|upkeep\n|turn|40\n|\n|t:|1614585190\n|move|p1a: Jellicent|Protect|p1a: Jellicent\n|-singleturn|p1a: Jellicent|Protect\n|move|p2a: Celebi|Recover|p2a: Celebi\n|-heal|p2a: Celebi|90\/100 brn\n|\n|-weather|Sandstorm|[upkeep]\n|-damage|p2a: Celebi|84\/100 brn|[from] Sandstorm\n|-damage|p1a: Jellicent|69\/100|[from] Sandstorm\n|-heal|p2a: Celebi|90\/100 brn|[from] item: Leftovers\n|-heal|p1a: Jellicent|75\/100|[from] item: Leftovers\n|-damage|p2a: Celebi|77\/100 brn|[from] brn\n|upkeep\n|turn|41\n|\n|t:|1614585200\n|move|p2a: Celebi|Giga Drain|p1a: Jellicent\n|-supereffective|p1a: Jellicent\n|-damage|p1a: Jellicent|48\/100\n|-heal|p2a: Celebi|91\/100 brn|[from] drain|[of] p1a: Jellicent\n|move|p1a: Jellicent|Recover|p1a: Jellicent\n|-heal|p1a: Jellicent|98\/100\n|\n|-weather|Sandstorm|[upkeep]\n|-damage|p2a: Celebi|85\/100 brn|[from] Sandstorm\n|-damage|p1a: Jellicent|92\/100|[from] Sandstorm\n|-heal|p2a: Celebi|91\/100 brn|[from] item: Leftovers\n|-heal|p1a: Jellicent|98\/100|[from] item: Leftovers\n|-damage|p2a: Celebi|78\/100 brn|[from] brn\n|upkeep\n|turn|42\n|\n|t:|1614585218\n|move|p1a: Jellicent|Protect|p1a: Jellicent\n|-singleturn|p1a: Jellicent|Protect\n|move|p2a: Celebi|Giga Drain|p1a: Jellicent\n|-activate|p1a: Jellicent|move: Protect\n|\n|-weather|Sandstorm|[upkeep]\n|-damage|p2a: Celebi|72\/100 brn|[from] Sandstorm\n|-damage|p1a: Jellicent|92\/100|[from] Sandstorm\n|-heal|p2a: Celebi|78\/100 brn|[from] item: Leftovers\n|-heal|p1a: Jellicent|98\/100|[from] item: Leftovers\n|-damage|p2a: Celebi|66\/100 brn|[from] brn\n|upkeep\n|turn|43\n|\n|t:|1614585229\n|move|p2a: Celebi|U-turn|p1a: Jellicent\n|-resisted|p1a: Jellicent\n|-damage|p1a: Jellicent|93\/100\n|\n|t:|1614585232\n|switch|p2a: Gliscor|Gliscor, M|84\/100 tox|[from]move: U-turn\n|-damage|p2a: Gliscor|72\/100 tox|[from] Stealth Rock\n|move|p1a: Jellicent|Scald|p2a: Gliscor\n|-supereffective|p2a: Gliscor\n|-damage|p2a: Gliscor|26\/100 tox\n|\n|-weather|Sandstorm|[upkeep]\n|-damage|p1a: Jellicent|87\/100|[from] Sandstorm\n|-heal|p1a: Jellicent|93\/100|[from] item: Leftovers\n|-heal|p2a: Gliscor|38\/100 tox|[from] ability: Poison Heal\n|upkeep\n|turn|44\n|\n|t:|1614585245\n|move|p2a: Gliscor|Protect|p2a: Gliscor\n|-singleturn|p2a: Gliscor|Protect\n|move|p1a: Jellicent|Scald|p2a: Gliscor\n|-activate|p2a: Gliscor|move: Protect\n|\n|-weather|Sandstorm|[upkeep]\n|-damage|p1a: Jellicent|87\/100|[from] Sandstorm\n|-heal|p1a: Jellicent|93\/100|[from] item: Leftovers\n|-heal|p2a: Gliscor|50\/100 tox|[from] ability: Poison Heal\n|upkeep\n|turn|45\n|\n|t:|1614585257\n|move|p2a: Gliscor|Knock Off|p1a: Jellicent\n|-supereffective|p1a: Jellicent\n|-damage|p1a: Jellicent|82\/100\n|-enditem|p1a: Jellicent|Leftovers|[from] move: Knock Off|[of] p2a: Gliscor\n|move|p1a: Jellicent|Scald|p2a: Gliscor\n|-supereffective|p2a: Gliscor\n|-crit|p2a: Gliscor\n|-damage|p2a: Gliscor|0 fnt\n|faint|p2a: Gliscor\n|\n|-weather|Sandstorm|[upkeep]\n|-damage|p1a: Jellicent|76\/100|[from] Sandstorm\n|upkeep\n|\n|t:|1614585270\n|switch|p2a: Excadrill|Excadrill, M|57\/100\n|-damage|p2a: Excadrill|32\/100|[from] Spikes\n|-damage|p2a: Excadrill|29\/100|[from] Stealth Rock\n|turn|46\n|\n|t:|1614585278\n|move|p2a: Excadrill|Iron Head|p1a: Jellicent\n|-resisted|p1a: Jellicent\n|-damage|p1a: Jellicent|46\/100\n|move|p1a: Jellicent|Recover|p1a: Jellicent\n|-heal|p1a: Jellicent|96\/100\n|\n|-weather|Sandstorm|[upkeep]\n|-damage|p1a: Jellicent|90\/100|[from] Sandstorm\n|upkeep\n|turn|47\n|\n|t:|1614585286\n|move|p2a: Excadrill|Iron Head|p1a: Jellicent\n|-resisted|p1a: Jellicent\n|-damage|p1a: Jellicent|58\/100\n|cant|p1a: Jellicent|flinch\n|\n|-weather|Sandstorm|[upkeep]\n|-damage|p1a: Jellicent|52\/100|[from] Sandstorm\n|upkeep\n|turn|48\n|\n|t:|1614585293\n|move|p2a: Excadrill|Iron Head|p1a: Jellicent\n|-resisted|p1a: Jellicent\n|-damage|p1a: Jellicent|20\/100\n|move|p1a: Jellicent|Recover|p1a: Jellicent\n|-heal|p1a: Jellicent|70\/100\n|\n|-weather|Sandstorm|[upkeep]\n|-damage|p1a: Jellicent|63\/100|[from] Sandstorm\n|upkeep\n|turn|49\n|\n|t:|1614585300\n|move|p2a: Excadrill|Iron Head|p1a: Jellicent\n|-resisted|p1a: Jellicent\n|-damage|p1a: Jellicent|34\/100\n|move|p1a: Jellicent|Recover|p1a: Jellicent\n|-heal|p1a: Jellicent|84\/100\n|\n|-weather|Sandstorm|[upkeep]\n|-damage|p1a: Jellicent|77\/100|[from] Sandstorm\n|upkeep\n|turn|50\n|\n|t:|1614585306\n|move|p2a: Excadrill|Iron Head|p1a: Jellicent\n|-resisted|p1a: Jellicent\n|-damage|p1a: Jellicent|48\/100\n|move|p1a: Jellicent|Recover|p1a: Jellicent\n|-heal|p1a: Jellicent|98\/100\n|\n|-weather|Sandstorm|[upkeep]\n|-damage|p1a: Jellicent|92\/100|[from] Sandstorm\n|upkeep\n|turn|51\n|\n|t:|1614585313\n|move|p2a: Excadrill|Iron Head|p1a: Jellicent\n|-resisted|p1a: Jellicent\n|-damage|p1a: Jellicent|61\/100\n|move|p1a: Jellicent|Scald|p2a: Excadrill\n|-supereffective|p2a: Excadrill\n|-damage|p2a: Excadrill|0 fnt\n|faint|p2a: Excadrill\n|\n|-weather|Sandstorm|[upkeep]\n|-damage|p1a: Jellicent|55\/100|[from] Sandstorm\n|upkeep\n|\n|t:|1614585322\n|switch|p2a: Celebi|Celebi|66\/100\n|-damage|p2a: Celebi|54\/100|[from] Stealth Rock\n|-damage|p2a: Celebi|29\/100|[from] Spikes\n|turn|52\n|\n|t:|1614585328\n|move|p2a: Celebi|Recover|p2a: Celebi\n|-heal|p2a: Celebi|79\/100\n|move|p1a: Jellicent|Recover|p1a: Jellicent\n|-heal|p1a: Jellicent|100\/100\n|\n|-weather|Sandstorm|[upkeep]\n|-damage|p2a: Celebi|73\/100|[from] Sandstorm\n|-damage|p1a: Jellicent|94\/100|[from] Sandstorm\n|-heal|p2a: Celebi|79\/100|[from] item: Leftovers\n|upkeep\n|turn|53\n|\n|t:|1614585336\n|move|p2a: Celebi|Giga Drain|p1a: Jellicent\n|-supereffective|p1a: Jellicent\n|-damage|p1a: Jellicent|67\/100\n|-heal|p2a: Celebi|92\/100|[from] drain|[of] p1a: Jellicent\n|move|p1a: Jellicent|Will-O-Wisp|p2a: Celebi\n|-status|p2a: Celebi|brn\n|\n|-weather|Sandstorm|[upkeep]\n|-damage|p2a: Celebi|86\/100 brn|[from] Sandstorm\n|-damage|p1a: Jellicent|61\/100|[from] Sandstorm\n|-heal|p2a: Celebi|92\/100 brn|[from] item: Leftovers\n|-damage|p2a: Celebi|80\/100 brn|[from] brn\n|upkeep\n|turn|54\n|\n|t:|1614585349\n|move|p1a: Jellicent|Protect|p1a: Jellicent\n|-singleturn|p1a: Jellicent|Protect\n|move|p2a: Celebi|Psychic|p1a: Jellicent\n|-activate|p1a: Jellicent|move: Protect\n|\n|-weather|Sandstorm|[upkeep]\n|-damage|p2a: Celebi|74\/100 brn|[from] Sandstorm\n|-damage|p1a: Jellicent|55\/100|[from] Sandstorm\n|-heal|p2a: Celebi|80\/100 brn|[from] item: Leftovers\n|-damage|p2a: Celebi|68\/100 brn|[from] brn\n|upkeep\n|turn|55\n|\n|t:|1614585358\n|move|p2a: Celebi|Giga Drain|p1a: Jellicent\n|-supereffective|p1a: Jellicent\n|-damage|p1a: Jellicent|28\/100\n|-heal|p2a: Celebi|81\/100 brn|[from] drain|[of] p1a: Jellicent\n|move|p1a: Jellicent|Recover|p1a: Jellicent\n|-heal|p1a: Jellicent|78\/100\n|\n|-weather|Sandstorm|[upkeep]\n|-damage|p2a: Celebi|75\/100 brn|[from] Sandstorm\n|-damage|p1a: Jellicent|72\/100|[from] Sandstorm\n|-heal|p2a: Celebi|81\/100 brn|[from] item: Leftovers\n|-damage|p2a: Celebi|69\/100 brn|[from] brn\n|upkeep\n|turn|56\n|\n|t:|1614585370\n|move|p2a: Celebi|U-turn|p1a: Jellicent\n|-resisted|p1a: Jellicent\n|-damage|p1a: Jellicent|67\/100\n|move|p1a: Jellicent|Scald|p2a: Celebi\n|-resisted|p2a: Celebi\n|-crit|p2a: Celebi\n|-damage|p2a: Celebi|54\/100 brn\n|\n|-weather|Sandstorm|[upkeep]\n|-damage|p2a: Celebi|48\/100 brn|[from] Sandstorm\n|-damage|p1a: Jellicent|61\/100|[from] Sandstorm\n|-heal|p2a: Celebi|54\/100 brn|[from] item: Leftovers\n|-damage|p2a: Celebi|41\/100 brn|[from] brn\n|upkeep\n|turn|57\n|\n|t:|1614585380\n|move|p2a: Celebi|Recover|p2a: Celebi\n|-heal|p2a: Celebi|91\/100 brn\n|move|p1a: Jellicent|Scald|p2a: Celebi\n|-resisted|p2a: Celebi\n|-damage|p2a: Celebi|83\/100 brn\n|\n|-weather|Sandstorm|[upkeep]\n|-damage|p2a: Celebi|77\/100 brn|[from] Sandstorm\n|-damage|p1a: Jellicent|55\/100|[from] Sandstorm\n|-heal|p2a: Celebi|83\/100 brn|[from] item: Leftovers\n|-damage|p2a: Celebi|71\/100 brn|[from] brn\n|upkeep\n|turn|58\n|\n|t:|1614585390\n|move|p1a: Jellicent|Protect|p1a: Jellicent\n|-singleturn|p1a: Jellicent|Protect\n|move|p2a: Celebi|Psychic|p1a: Jellicent\n|-activate|p1a: Jellicent|move: Protect\n|\n|-weather|Sandstorm|[upkeep]\n|-damage|p2a: Celebi|65\/100 brn|[from] Sandstorm\n|-damage|p1a: Jellicent|49\/100|[from] Sandstorm\n|-heal|p2a: Celebi|71\/100 brn|[from] item: Leftovers\n|-damage|p2a: Celebi|58\/100 brn|[from] brn\n|upkeep\n|turn|59\n|\n|t:|1614585399\n|move|p2a: Celebi|Psychic|p1a: Jellicent\n|-damage|p1a: Jellicent|33\/100\n|move|p1a: Jellicent|Recover|p1a: Jellicent\n|-heal|p1a: Jellicent|83\/100\n|\n|-weather|Sandstorm|[upkeep]\n|-damage|p2a: Celebi|52\/100 brn|[from] Sandstorm\n|-damage|p1a: Jellicent|77\/100|[from] Sandstorm\n|-heal|p2a: Celebi|58\/100 brn|[from] item: Leftovers\n|-damage|p2a: Celebi|46\/100 brn|[from] brn\n|upkeep\n|turn|60\n|\n|t:|1614585408\n|move|p2a: Celebi|Recover|p2a: Celebi\n|-heal|p2a: Celebi|96\/100 brn\n|move|p1a: Jellicent|Scald|p2a: Celebi\n|-resisted|p2a: Celebi\n|-damage|p2a: Celebi|88\/100 brn\n|\n|-weather|Sandstorm|[upkeep]\n|-damage|p2a: Celebi|82\/100 brn|[from] Sandstorm\n|-damage|p1a: Jellicent|71\/100|[from] Sandstorm\n|-heal|p2a: Celebi|88\/100 brn|[from] item: Leftovers\n|-damage|p2a: Celebi|76\/100 brn|[from] brn\n|upkeep\n|turn|61\n|\n|t:|1614585418\n|move|p1a: Jellicent|Protect|p1a: Jellicent\n|-singleturn|p1a: Jellicent|Protect\n|move|p2a: Celebi|Psychic|p1a: Jellicent\n|-activate|p1a: Jellicent|move: Protect\n|\n|-weather|Sandstorm|[upkeep]\n|-damage|p2a: Celebi|70\/100 brn|[from] Sandstorm\n|-damage|p1a: Jellicent|64\/100|[from] Sandstorm\n|-heal|p2a: Celebi|76\/100 brn|[from] item: Leftovers\n|-damage|p2a: Celebi|63\/100 brn|[from] brn\n|upkeep\n|turn|62\n|inactive|i know im horrible has 120 seconds left.\n|\n|t:|1614585465\n|move|p2a: Celebi|Psychic|p1a: Jellicent\n|-damage|p1a: Jellicent|47\/100\n|move|p1a: Jellicent|Scald|p2a: Celebi\n|-resisted|p2a: Celebi\n|-damage|p2a: Celebi|57\/100 brn\n|\n|-weather|Sandstorm|[upkeep]\n|-damage|p2a: Celebi|50\/100 brn|[from] Sandstorm\n|-damage|p1a: Jellicent|41\/100|[from] Sandstorm\n|-heal|p2a: Celebi|57\/100 brn|[from] item: Leftovers\n|-damage|p2a: Celebi|44\/100 brn|[from] brn\n|upkeep\n|turn|63\n|\n|t:|1614585477\n|move|p2a: Celebi|Psychic|p1a: Jellicent\n|-damage|p1a: Jellicent|25\/100\n|move|p1a: Jellicent|Recover|p1a: Jellicent\n|-heal|p1a: Jellicent|75\/100\n|\n|-weather|Sandstorm|[upkeep]\n|-damage|p2a: Celebi|38\/100 brn|[from] Sandstorm\n|-damage|p1a: Jellicent|68\/100|[from] Sandstorm\n|-heal|p2a: Celebi|44\/100 brn|[from] item: Leftovers\n|-damage|p2a: Celebi|32\/100 brn|[from] brn\n|upkeep\n|turn|64\n|\n|t:|1614585486\n|move|p2a: Celebi|Recover|p2a: Celebi\n|-heal|p2a: Celebi|82\/100 brn\n|move|p1a: Jellicent|Scald|p2a: Celebi\n|-resisted|p2a: Celebi\n|-damage|p2a: Celebi|75\/100 brn\n|\n|-weather|Sandstorm|[upkeep]\n|-damage|p2a: Celebi|69\/100 brn|[from] Sandstorm\n|-damage|p1a: Jellicent|62\/100|[from] Sandstorm\n|-heal|p2a: Celebi|75\/100 brn|[from] item: Leftovers\n|-damage|p2a: Celebi|63\/100 brn|[from] brn\n|upkeep\n|turn|65\n|inactive|i know im horrible has 120 seconds left.\n|\n|t:|1614585496\n|move|p1a: Jellicent|Protect|p1a: Jellicent\n|-singleturn|p1a: Jellicent|Protect\n|move|p2a: Celebi|Psychic|p1a: Jellicent\n|-activate|p1a: Jellicent|move: Protect\n|\n|-weather|Sandstorm|[upkeep]\n|-damage|p2a: Celebi|56\/100 brn|[from] Sandstorm\n|-damage|p1a: Jellicent|56\/100|[from] Sandstorm\n|-heal|p2a: Celebi|63\/100 brn|[from] item: Leftovers\n|-damage|p2a: Celebi|50\/100 brn|[from] brn\n|upkeep\n|turn|66\n|\n|t:|1614585507\n|move|p2a: Celebi|Psychic|p1a: Jellicent\n|-damage|p1a: Jellicent|40\/100\n|-unboost|p1a: Jellicent|spd|1\n|move|p1a: Jellicent|Scald|p2a: Celebi\n|-resisted|p2a: Celebi\n|-damage|p2a: Celebi|43\/100 brn\n|\n|-weather|Sandstorm|[upkeep]\n|-damage|p2a: Celebi|37\/100 brn|[from] Sandstorm\n|-damage|p1a: Jellicent|34\/100|[from] Sandstorm\n|-heal|p2a: Celebi|43\/100 brn|[from] item: Leftovers\n|-damage|p2a: Celebi|31\/100 brn|[from] brn\n|upkeep\n|turn|67\n|c|\u2606i know im horrible|gg\n|c|\u2606Sin|gg\n|\n|t:|1614585519\n|move|p2a: Celebi|Giga Drain|p1a: Jellicent\n|-supereffective|p1a: Jellicent\n|-damage|p1a: Jellicent|0 fnt\n|-heal|p2a: Celebi|48\/100 brn|[from] drain|[of] p1a: Jellicent\n|faint|p1a: Jellicent\n|\n|win|Sin\n|raw|i know im horrible's rating: 1254 &rarr; <strong>1222<\/strong><br \/>(-32 for losing)\n|raw|Sin's rating: 1158 &rarr; <strong>1189<\/strong><br \/>(+31 for winning)\n|c|\u2606Sin|crazy fight\n|l|\u2606i know im horrible\n","uploadtime":1614585532,"views":25,"p1id":"iknowimhorrible","p2id":"sin","formatid":"gen5ou","rating":1189,"private":0,"password":null}