{"id":"gen5ou-1205539570","p1":"TahaChu","p2":"i know im horrible","format":"gen5ou","log":"|j|\u2606TahaChu\n|j|\u2606i know im horrible\n|t:|1603100668\n|player|p1|TahaChu|102|1061\n|player|p2|i know im horrible|266|1063\n|teamsize|p1|6\n|teamsize|p2|6\n|gametype|singles\n|gen|5\n|tier|[Gen 5] OU\n|rated|\n|clearpoke\n|poke|p1|Conkeldurr, M|item\n|poke|p1|Rotom-Wash|item\n|poke|p1|Forretress, M|item\n|poke|p1|Metagross|item\n|poke|p1|Dragonite, F|item\n|poke|p1|Infernape, F|item\n|poke|p2|Skarmory, F|item\n|poke|p2|Umbreon, M|item\n|poke|p2|Azumarill, F|item\n|poke|p2|Chansey, F|item\n|poke|p2|Sceptile, M|item\n|poke|p2|Lucario, F|item\n|rule|Species Clause: Limit one of each Pok\u00e9mon\n|rule|OHKO Clause: OHKO moves are banned\n|rule|Moody Clause: Moody is banned\n|rule|Evasion Moves Clause: Evasion moves are banned\n|rule|Endless Battle Clause: Forcing endless battles is banned\n|rule|HP Percentage Mod: HP is shown in percentages\n|rule|Evasion Abilities Clause: Evasion abilities are banned\n|rule|Baton Pass Clause: Limit one Baton Passer, can't pass Spe and other stats simultaneously\n|rule|Sleep Clause: Sleep-inducing moves are banned\n|rule|Swagger Clause: Swagger is banned\n|teampreview\n|\n|t:|1603100686\n|start\n|switch|p1a: Forretress|Forretress, M|100\/100\n|switch|p2a: Skarmory|Skarmory, F|100\/100\n|turn|1\n|\n|t:|1603100694\n|move|p2a: Skarmory|Taunt|p1a: Forretress\n|-start|p1a: Forretress|move: Taunt\n|cant|p1a: Forretress|move: Taunt|Stealth Rock\n|\n|upkeep\n|turn|2\n|\n|t:|1603100701\n|move|p2a: Skarmory|Stealth Rock|p1a: Forretress\n|-sidestart|p1: TahaChu|move: Stealth Rock\n|move|p1a: Forretress|Gyro Ball|p2a: Skarmory\n|-resisted|p2a: Skarmory\n|-damage|p2a: Skarmory|95\/100\n|\n|upkeep\n|turn|3\n|\n|t:|1603100708\n|switch|p2a: Umbreon|Umbreon, M|100\/100\n|switch|p1a: Infernape|Infernape, F|100\/100\n|-damage|p1a: Infernape|88\/100|[from] Stealth Rock\n|\n|upkeep\n|turn|4\n|\n|t:|1603100719\n|switch|p2a: Azumarill|Azumarill, F|100\/100\n|move|p1a: Infernape|Close Combat|p2a: Azumarill\n|-damage|p2a: Azumarill|47\/100\n|-unboost|p1a: Infernape|def|1\n|-unboost|p1a: Infernape|spd|1\n|\n|upkeep\n|turn|5\n|\n|t:|1603100728\n|move|p2a: Azumarill|Aqua Jet|p1a: Infernape\n|-supereffective|p1a: Infernape\n|-damage|p1a: Infernape|0 fnt\n|faint|p1a: Infernape\n|\n|upkeep\n|\n|t:|1603100734\n|switch|p1a: Conkeldurr|Conkeldurr, M|100\/100\n|-damage|p1a: Conkeldurr|94\/100|[from] Stealth Rock\n|turn|6\n|\n|t:|1603100741\n|switch|p2a: Skarmory|Skarmory, F|95\/100\n|move|p1a: Conkeldurr|Mach Punch|p2a: Skarmory\n|-crit|p2a: Skarmory\n|-damage|p2a: Skarmory|66\/100\n|\n|-status|p1a: Conkeldurr|brn|[from] item: Flame Orb\n|upkeep\n|turn|7\n|\n|t:|1603100748\n|move|p2a: Skarmory|Brave Bird|p1a: Conkeldurr\n|-supereffective|p1a: Conkeldurr\n|-damage|p1a: Conkeldurr|39\/100 brn\n|-damage|p2a: Skarmory|43\/100|[from] Recoil\n|move|p1a: Conkeldurr|Drain Punch|p2a: Skarmory\n|-damage|p2a: Skarmory|6\/100\n|-heal|p1a: Conkeldurr|55\/100 brn|[from] drain|[of] p2a: Skarmory\n|\n|-damage|p1a: Conkeldurr|42\/100 brn|[from] brn\n|upkeep\n|turn|8\n|-enditem|p2a: Skarmory|Custap Berry|[eat]\n|-activate|p2a: Skarmory|item: Custap Berry|[consumed]\n|\n|t:|1603100767\n|move|p1a: Conkeldurr|Mach Punch|p2a: Skarmory\n|-damage|p2a: Skarmory|0 fnt\n|faint|p2a: Skarmory\n|\n|-damage|p1a: Conkeldurr|30\/100 brn|[from] brn\n|upkeep\n|\n|t:|1603100772\n|switch|p2a: Azumarill|Azumarill, F|47\/100\n|turn|9\n|\n|t:|1603100779\n|move|p1a: Conkeldurr|Mach Punch|p2a: Azumarill\n|-damage|p2a: Azumarill|11\/100\n|move|p2a: Azumarill|Waterfall|p1a: Conkeldurr\n|-damage|p1a: Conkeldurr|0 fnt\n|faint|p1a: Conkeldurr\n|\n|upkeep\n|\n|t:|1603100786\n|switch|p1a: Dragonite|Dragonite, F|100\/100\n|-damage|p1a: Dragonite|76\/100|[from] Stealth Rock\n|turn|10\n|\n|t:|1603100792\n|switch|p2a: Lucario|Lucario, F|100\/100\n|move|p1a: Dragonite|Dragon Dance|p1a: Dragonite\n|-boost|p1a: Dragonite|atk|1\n|-boost|p1a: Dragonite|spe|1\n|\n|upkeep\n|turn|11\n|\n|t:|1603100798\n|move|p1a: Dragonite|Earthquake|p2a: Lucario\n|-supereffective|p2a: Lucario\n|-damage|p2a: Lucario|0 fnt\n|faint|p2a: Lucario\n|\n|upkeep\n|\n|t:|1603100802\n|switch|p2a: Umbreon|Umbreon, M|100\/100\n|turn|12\n|\n|t:|1603100808\n|move|p1a: Dragonite|Brick Break|p2a: Umbreon\n|-supereffective|p2a: Umbreon\n|-damage|p2a: Umbreon|29\/100\n|move|p2a: Umbreon|Curse|p2a: Umbreon\n|-unboost|p2a: Umbreon|spe|1\n|-boost|p2a: Umbreon|atk|1\n|-boost|p2a: Umbreon|def|1\n|\n|-heal|p2a: Umbreon|35\/100|[from] item: Leftovers\n|upkeep\n|turn|13\n|\n|t:|1603100816\n|move|p1a: Dragonite|Brick Break|p2a: Umbreon\n|-supereffective|p2a: Umbreon\n|-damage|p2a: Umbreon|0 fnt\n|faint|p2a: Umbreon\n|\n|upkeep\n|\n|t:|1603100820\n|switch|p2a: Sceptile|Sceptile, M|100\/100\n|turn|14\n|\n|t:|1603100824\n|move|p1a: Dragonite|Dragon Claw|p2a: Sceptile\n|-damage|p2a: Sceptile|0 fnt\n|faint|p2a: Sceptile\n|\n|upkeep\n|-message|i know im horrible forfeited.\n|\n|win|TahaChu\n|l|\u2606i know im horrible\n|raw|TahaChu's rating: 1061 &rarr; <strong>1092<\/strong><br \/>(+31 for winning)\n|raw|i know im horrible's rating: 1063 &rarr; <strong>1044<\/strong><br \/>(-19 for losing)\n","uploadtime":1603100841,"views":16,"p1id":"tahachu","p2id":"iknowimhorrible","formatid":"gen5ou","rating":1044,"private":0,"password":null}