{"id":"gen5ou-1696425207","p1":"marsandback","p2":"j_albacino023","format":"gen5ou","log":"|j|\u2606marsandback\n|j|\u2606j_albacino023\n|t:|1666894636\n|gametype|singles\n|player|p1|marsandback|nate|\n|player|p2|j_albacino023|2|\n|teamsize|p1|6\n|teamsize|p2|6\n|gen|5\n|tier|[Gen 5] OU\n|rated|Tournament battle\n|rule|Species Clause: Limit one of each Pok\u00e9mon\n|rule|OHKO Clause: OHKO moves are banned\n|rule|Moody Clause: Moody is banned\n|rule|Evasion Items Clause: Evasion items are banned\n|rule|Evasion Moves Clause: Evasion moves are banned\n|rule|Endless Battle Clause: Forcing endless battles is banned\n|rule|HP Percentage Mod: HP is shown in percentages\n|rule|Evasion Abilities Clause: Evasion abilities are banned\n|rule|Sleep Clause: Sleep-inducing moves are banned\n|rule|Swagger Clause: Swagger is banned\n|clearpoke\n|poke|p1|Latios, M|item\n|poke|p1|Rotom-Wash|item\n|poke|p1|Gyarados, M|item\n|poke|p1|Tyranitar, F|item\n|poke|p1|Excadrill, F|item\n|poke|p1|Landorus-Therian, M|item\n|poke|p2|Tyranitar, F|item\n|poke|p2|Gliscor, M|item\n|poke|p2|Gastrodon, F|item\n|poke|p2|Ferrothorn, M|item\n|poke|p2|Excadrill, M|item\n|poke|p2|Alakazam, M|item\n|teampreview\n|j| Ithi\n|inactive|Battle timer is ON: inactive players will automatically lose when time's up. (requested by marsandback)\n|\n|t:|1666894647\n|start\n|switch|p1a: Landorus|Landorus-Therian, M|100\/100\n|switch|p2a: Ferrothorn|Ferrothorn, M|100\/100\n|-ability|p1a: Landorus|Intimidate|boost\n|-unboost|p2a: Ferrothorn|atk|1\n|turn|1\n|\n|t:|1666894655\n|move|p1a: Landorus|Earthquake|p2a: Ferrothorn\n|-crit|p2a: Ferrothorn\n|-damage|p2a: Ferrothorn|18\/100\n|move|p2a: Ferrothorn|Knock Off|p1a: Landorus\n|-damage|p1a: Landorus|97\/100\n|-enditem|p1a: Landorus|Leftovers|[from] move: Knock Off|[of] p2a: Ferrothorn\n|\n|-heal|p2a: Ferrothorn|24\/100|[from] item: Leftovers\n|upkeep\n|turn|2\n|\n|t:|1666894661\n|switch|p2a: Gastrodon|Gastrodon, F|100\/100\n|move|p1a: Landorus|Hidden Power|p2a: Gastrodon\n|-damage|p2a: Gastrodon|85\/100\n|\n|-heal|p2a: Gastrodon|91\/100|[from] item: Leftovers\n|upkeep\n|turn|3\n|\n|t:|1666894664\n|move|p1a: Landorus|U-turn|p2a: Gastrodon\n|-damage|p2a: Gastrodon|72\/100\n|\n|t:|1666894668\n|switch|p1a: Latios|Latios, M|100\/100|[from]move: U-turn\n|move|p2a: Gastrodon|Scald|p1a: Latios\n|-resisted|p1a: Latios\n|-damage|p1a: Latios|88\/100\n|\n|-heal|p2a: Gastrodon|78\/100|[from] item: Leftovers\n|upkeep\n|turn|4\n|\n|t:|1666894682\n|switch|p1a: Landorus|Landorus-Therian, M|97\/100\n|-ability|p1a: Landorus|Intimidate|boost\n|-unboost|p2a: Gastrodon|atk|1\n|move|p2a: Gastrodon|Protect||[still]\n|-fail|p2a: Gastrodon\n|\n|-heal|p2a: Gastrodon|85\/100|[from] item: Leftovers\n|upkeep\n|turn|5\n|\n|t:|1666894684\n|move|p1a: Landorus|U-turn|p2a: Gastrodon\n|-damage|p2a: Gastrodon|64\/100\n|\n|t:|1666894686\n|switch|p1a: Latios|Latios, M|88\/100|[from]move: U-turn\n|move|p2a: Gastrodon|Scald|p1a: Latios\n|-resisted|p1a: Latios\n|-damage|p1a: Latios|74\/100\n|-status|p1a: Latios|brn\n|\n|-heal|p2a: Gastrodon|70\/100|[from] item: Leftovers\n|-damage|p1a: Latios|61\/100 brn|[from] brn\n|upkeep\n|turn|6\n|\n|t:|1666894689\n|move|p2a: Gastrodon|Protect|p2a: Gastrodon\n|-singleturn|p2a: Gastrodon|Protect\n|move|p1a: Latios|Trick|p2a: Gastrodon\n|-activate|p2a: Gastrodon|move: Protect\n|\n|-heal|p2a: Gastrodon|77\/100|[from] item: Leftovers\n|-damage|p1a: Latios|49\/100 brn|[from] brn\n|upkeep\n|turn|7\n|\n|t:|1666894693\n|switch|p1a: Landorus|Landorus-Therian, M|97\/100\n|-ability|p1a: Landorus|Intimidate|boost\n|-unboost|p2a: Gastrodon|atk|1\n|switch|p2a: Tyranitar|Tyranitar, F|100\/100\n|-weather|Sandstorm|[from] ability: Sand Stream|[of] p2a: Tyranitar\n|\n|-weather|Sandstorm|[upkeep]\n|upkeep\n|turn|8\n|\n|t:|1666894696\n|move|p2a: Tyranitar|Ice Punch|p1a: Landorus\n|-supereffective|p1a: Landorus\n|-damage|p1a: Landorus|0 fnt\n|faint|p1a: Landorus\n|\n|-weather|Sandstorm|[upkeep]\n|upkeep\n|\n|t:|1666894698\n|switch|p1a: Excadrill|Excadrill, F|100\/100\n|turn|9\n|j| RageATMagearna\n|\n|t:|1666894716\n|switch|p2a: Gliscor|Gliscor, M|100\/100\n|move|p1a: Excadrill|Iron Head|p2a: Gliscor\n|-damage|p2a: Gliscor|31\/100\n|\n|-weather|Sandstorm|[upkeep]\n|-status|p2a: Gliscor|tox|[from] item: Toxic Orb\n|upkeep\n|turn|10\n|\n|t:|1666894719\n|move|p2a: Gliscor|Protect|p2a: Gliscor\n|-singleturn|p2a: Gliscor|Protect\n|move|p1a: Excadrill|Iron Head|p2a: Gliscor\n|-activate|p2a: Gliscor|move: Protect\n|\n|-weather|Sandstorm|[upkeep]\n|-heal|p2a: Gliscor|43\/100 tox|[from] ability: Poison Heal\n|upkeep\n|turn|11\n|\n|t:|1666894721\n|switch|p2a: Excadrill|Excadrill, M|100\/100\n|move|p1a: Excadrill|Iron Head|p2a: Excadrill\n|-resisted|p2a: Excadrill\n|-damage|p2a: Excadrill|37\/100\n|\n|-weather|Sandstorm|[upkeep]\n|-heal|p2a: Excadrill|43\/100|[from] item: Leftovers\n|upkeep\n|turn|12\n|\n|t:|1666894725\n|move|p2a: Excadrill|Protect|p2a: Excadrill\n|-singleturn|p2a: Excadrill|Protect\n|move|p1a: Excadrill|Iron Head|p2a: Excadrill\n|-activate|p2a: Excadrill|move: Protect\n|\n|-weather|Sandstorm|[upkeep]\n|-heal|p2a: Excadrill|50\/100|[from] item: Leftovers\n|upkeep\n|turn|13\n|\n|t:|1666894728\n|move|p1a: Excadrill|Iron Head|p2a: Excadrill\n|-resisted|p2a: Excadrill\n|-damage|p2a: Excadrill|0 fnt\n|faint|p2a: Excadrill\n|\n|-weather|Sandstorm|[upkeep]\n|upkeep\n|\n|t:|1666894730\n|switch|p2a: Gastrodon|Gastrodon, F|77\/100\n|turn|14\n|\n|t:|1666894732\n|switch|p1a: Rotom|Rotom-Wash|100\/100\n|move|p2a: Gastrodon|Recover|p2a: Gastrodon\n|-heal|p2a: Gastrodon|100\/100\n|\n|-weather|Sandstorm|[upkeep]\n|-damage|p1a: Rotom|94\/100|[from] Sandstorm\n|-heal|p1a: Rotom|100\/100|[from] item: Leftovers\n|upkeep\n|turn|15\n|\n|t:|1666894735\n|move|p2a: Gastrodon|Protect|p2a: Gastrodon\n|-singleturn|p2a: Gastrodon|Protect\n|move|p1a: Rotom|Will-O-Wisp|p2a: Gastrodon\n|-activate|p2a: Gastrodon|move: Protect\n|\n|-weather|Sandstorm|[upkeep]\n|-damage|p1a: Rotom|94\/100|[from] Sandstorm\n|-heal|p1a: Rotom|100\/100|[from] item: Leftovers\n|upkeep\n|turn|16\n|\n|t:|1666894739\n|move|p1a: Rotom|Will-O-Wisp|p2a: Gastrodon\n|-status|p2a: Gastrodon|brn\n|move|p2a: Gastrodon|Scald|p1a: Rotom\n|-resisted|p1a: Rotom\n|-damage|p1a: Rotom|87\/100\n|-status|p1a: Rotom|brn\n|\n|-weather|Sandstorm|[upkeep]\n|-damage|p1a: Rotom|80\/100 brn|[from] Sandstorm\n|-heal|p1a: Rotom|87\/100 brn|[from] item: Leftovers\n|-damage|p1a: Rotom|74\/100 brn|[from] brn\n|-damage|p2a: Gastrodon|88\/100 brn|[from] brn\n|upkeep\n|turn|17\n|\n|t:|1666894745\n|move|p1a: Rotom|Volt Switch|p2a: Gastrodon\n|-immune|p2a: Gastrodon\n|move|p2a: Gastrodon|Ice Beam|p1a: Rotom\n|-resisted|p1a: Rotom\n|-damage|p1a: Rotom|63\/100 brn\n|\n|-weather|Sandstorm|[upkeep]\n|-damage|p1a: Rotom|57\/100 brn|[from] Sandstorm\n|-heal|p1a: Rotom|63\/100 brn|[from] item: Leftovers\n|-heal|p2a: Gastrodon|94\/100 brn|[from] item: Leftovers\n|-damage|p1a: Rotom|50\/100 brn|[from] brn\n|-damage|p2a: Gastrodon|82\/100 brn|[from] brn\n|upkeep\n|turn|18\n|\n|t:|1666894749\n|switch|p2a: Ferrothorn|Ferrothorn, M|24\/100\n|move|p1a: Rotom|Pain Split|p2a: Ferrothorn\n|-sethp|p2a: Ferrothorn|34\/100|[from] move: Pain Split|[silent]\n|-sethp|p1a: Rotom|39\/100 brn|[from] move: Pain Split\n|\n|-weather|Sandstorm|[upkeep]\n|-damage|p1a: Rotom|33\/100 brn|[from] Sandstorm\n|-heal|p1a: Rotom|39\/100 brn|[from] item: Leftovers\n|-heal|p2a: Ferrothorn|40\/100|[from] item: Leftovers\n|-damage|p1a: Rotom|26\/100 brn|[from] brn\n|upkeep\n|turn|19\n|\n|t:|1666894757\n|move|p1a: Rotom|Will-O-Wisp|p2a: Ferrothorn\n|-status|p2a: Ferrothorn|brn\n|move|p2a: Ferrothorn|Stealth Rock|p1a: Rotom\n|-sidestart|p1: marsandback|move: Stealth Rock\n|\n|-weather|Sandstorm|[upkeep]\n|-damage|p1a: Rotom|20\/100 brn|[from] Sandstorm\n|-heal|p1a: Rotom|26\/100 brn|[from] item: Leftovers\n|-heal|p2a: Ferrothorn|46\/100 brn|[from] item: Leftovers\n|-damage|p1a: Rotom|14\/100 brn|[from] brn\n|-damage|p2a: Ferrothorn|34\/100 brn|[from] brn\n|upkeep\n|turn|20\n|\n|t:|1666894760\n|move|p1a: Rotom|Volt Switch|p2a: Ferrothorn\n|-resisted|p2a: Ferrothorn\n|-damage|p2a: Ferrothorn|26\/100 brn\n|\n|t:|1666894762\n|switch|p1a: Excadrill|Excadrill, F|100\/100|[from]move: Volt Switch\n|-damage|p1a: Excadrill|97\/100|[from] Stealth Rock\n|move|p2a: Ferrothorn|Spikes|p1a: Excadrill\n|-sidestart|p1: marsandback|Spikes\n|\n|-weather|Sandstorm|[upkeep]\n|-heal|p2a: Ferrothorn|32\/100 brn|[from] item: Leftovers\n|-damage|p2a: Ferrothorn|20\/100 brn|[from] brn\n|upkeep\n|turn|21\n|\n|t:|1666894767\n|move|p1a: Excadrill|Iron Head|p2a: Ferrothorn\n|-resisted|p2a: Ferrothorn\n|-damage|p2a: Ferrothorn|0 fnt\n|-damage|p1a: Excadrill|85\/100|[from] ability: Iron Barbs|[of] p2a: Ferrothorn\n|faint|p2a: Ferrothorn\n|\n|-weather|Sandstorm|[upkeep]\n|upkeep\n|\n|t:|1666894782\n|switch|p2a: Alakazam|Alakazam, M|100\/100\n|turn|22\n|\n|t:|1666894784\n|switch|p1a: Rotom|Rotom-Wash|14\/100 brn\n|-damage|p1a: Rotom|1\/100 brn|[from] Stealth Rock\n|move|p2a: Alakazam|Focus Blast|p1a: Rotom|[miss]\n|-miss|p2a: Alakazam|p1a: Rotom\n|\n|-weather|Sandstorm|[upkeep]\n|-damage|p1a: Rotom|0 fnt|[from] Sandstorm\n|faint|p1a: Rotom\n|upkeep\n|\n|t:|1666894787\n|switch|p1a: Tyranitar|Tyranitar, F|100\/100\n|-damage|p1a: Tyranitar|88\/100|[from] Stealth Rock\n|-damage|p1a: Tyranitar|76\/100|[from] Spikes\n|turn|23\n|\n|t:|1666894803\n|move|p2a: Alakazam|Focus Blast|p1a: Tyranitar|[miss]\n|-miss|p2a: Alakazam|p1a: Tyranitar\n|move|p1a: Tyranitar|Pursuit|p2a: Alakazam\n|-supereffective|p2a: Alakazam\n|-enditem|p2a: Alakazam|Focus Sash\n|-damage|p2a: Alakazam|1\/100\n|\n|-weather|Sandstorm|[upkeep]\n|upkeep\n|turn|24\n|\n|t:|1666894814\n|move|p2a: Alakazam|Thunder Wave|p1a: Tyranitar\n|-status|p1a: Tyranitar|par\n|move|p1a: Tyranitar|Pursuit|p2a: Alakazam\n|-supereffective|p2a: Alakazam\n|-damage|p2a: Alakazam|0 fnt\n|faint|p2a: Alakazam\n|\n|-weather|Sandstorm|[upkeep]\n|upkeep\n|\n|t:|1666894816\n|switch|p2a: Gliscor|Gliscor, M|43\/100 tox\n|turn|25\n|\n|t:|1666894824\n|move|p2a: Gliscor|Facade|p1a: Tyranitar\n|-resisted|p1a: Tyranitar\n|-crit|p1a: Tyranitar\n|-damage|p1a: Tyranitar|52\/100 par\n|move|p1a: Tyranitar|Stealth Rock|p2a: Gliscor\n|-sidestart|p2: j_albacino023|move: Stealth Rock\n|\n|-weather|Sandstorm|[upkeep]\n|-heal|p2a: Gliscor|56\/100 tox|[from] ability: Poison Heal\n|upkeep\n|turn|26\n|\n|t:|1666894831\n|switch|p1a: Gyarados|Gyarados, M|100\/100\n|-damage|p1a: Gyarados|76\/100|[from] Stealth Rock\n|-ability|p1a: Gyarados|Intimidate|boost\n|-unboost|p2a: Gliscor|atk|1\n|move|p2a: Gliscor|Swords Dance|p2a: Gliscor\n|-boost|p2a: Gliscor|atk|2\n|\n|-weather|Sandstorm|[upkeep]\n|-damage|p1a: Gyarados|70\/100|[from] Sandstorm\n|-heal|p1a: Gyarados|76\/100|[from] item: Leftovers\n|-heal|p2a: Gliscor|68\/100 tox|[from] ability: Poison Heal\n|upkeep\n|turn|27\n|\n|t:|1666894838\n|move|p2a: Gliscor|Protect|p2a: Gliscor\n|-singleturn|p2a: Gliscor|Protect\n|move|p1a: Gyarados|Waterfall|p2a: Gliscor\n|-activate|p2a: Gliscor|move: Protect\n|\n|-weather|Sandstorm|[upkeep]\n|-damage|p1a: Gyarados|70\/100|[from] Sandstorm\n|-heal|p1a: Gyarados|76\/100|[from] item: Leftovers\n|-heal|p2a: Gliscor|81\/100 tox|[from] ability: Poison Heal\n|upkeep\n|turn|28\n|\n|t:|1666894841\n|switch|p2a: Gastrodon|Gastrodon, F|82\/100 brn\n|-damage|p2a: Gastrodon|76\/100 brn|[from] Stealth Rock\n|move|p1a: Gyarados|Waterfall|p2a: Gastrodon\n|-ability|p2a: Gastrodon|Storm Drain|boost\n|-boost|p2a: Gastrodon|spa|1\n|\n|-weather|Sandstorm|[upkeep]\n|-damage|p1a: Gyarados|70\/100|[from] Sandstorm\n|-heal|p1a: Gyarados|76\/100|[from] item: Leftovers\n|-heal|p2a: Gastrodon|82\/100 brn|[from] item: Leftovers\n|-damage|p2a: Gastrodon|69\/100 brn|[from] brn\n|upkeep\n|turn|29\n|\n|t:|1666894844\n|move|p1a: Gyarados|Substitute|p1a: Gyarados\n|-start|p1a: Gyarados|Substitute\n|-damage|p1a: Gyarados|51\/100\n|move|p2a: Gastrodon|Recover|p2a: Gastrodon\n|-heal|p2a: Gastrodon|100\/100 brn\n|\n|-weather|Sandstorm|[upkeep]\n|-damage|p1a: Gyarados|45\/100|[from] Sandstorm\n|-heal|p1a: Gyarados|51\/100|[from] item: Leftovers\n|-damage|p2a: Gastrodon|88\/100 brn|[from] brn\n|upkeep\n|turn|30\n|\n|t:|1666894847\n|move|p1a: Gyarados|Dragon Dance|p1a: Gyarados\n|-boost|p1a: Gyarados|atk|1\n|-boost|p1a: Gyarados|spe|1\n|move|p2a: Gastrodon|Ice Beam|p1a: Gyarados\n|-end|p1a: Gyarados|Substitute\n|\n|-weather|Sandstorm|[upkeep]\n|-damage|p1a: Gyarados|45\/100|[from] Sandstorm\n|-heal|p1a: Gyarados|51\/100|[from] item: Leftovers\n|-heal|p2a: Gastrodon|94\/100 brn|[from] item: Leftovers\n|-damage|p2a: Gastrodon|82\/100 brn|[from] brn\n|upkeep\n|turn|31\n|\n|t:|1666894850\n|move|p1a: Gyarados|Bounce||[still]\n|-prepare|p1a: Gyarados|Bounce\n|move|p2a: Gastrodon|Ice Beam|p1a: Gyarados|[miss]\n|-miss|p2a: Gastrodon|p1a: Gyarados\n|\n|-weather|Sandstorm|[upkeep]\n|-damage|p1a: Gyarados|45\/100|[from] Sandstorm\n|-heal|p1a: Gyarados|51\/100|[from] item: Leftovers\n|-heal|p2a: Gastrodon|88\/100 brn|[from] item: Leftovers\n|-damage|p2a: Gastrodon|75\/100 brn|[from] brn\n|upkeep\n|turn|32\n|\n|t:|1666894852\n|move|p2a: Gastrodon|Protect|p2a: Gastrodon\n|-singleturn|p2a: Gastrodon|Protect\n|move|p1a: Gyarados|Bounce|p2a: Gastrodon|[from]lockedmove\n|-activate|p2a: Gastrodon|move: Protect\n|\n|-weather|Sandstorm|[upkeep]\n|-damage|p1a: Gyarados|45\/100|[from] Sandstorm\n|-heal|p1a: Gyarados|51\/100|[from] item: Leftovers\n|-heal|p2a: Gastrodon|81\/100 brn|[from] item: Leftovers\n|-damage|p2a: Gastrodon|69\/100 brn|[from] brn\n|upkeep\n|turn|33\n|\n|t:|1666894855\n|move|p1a: Gyarados|Dragon Dance|p1a: Gyarados\n|-boost|p1a: Gyarados|atk|1\n|-boost|p1a: Gyarados|spe|1\n|move|p2a: Gastrodon|Recover|p2a: Gastrodon\n|-heal|p2a: Gastrodon|100\/100 brn\n|\n|-weather|Sandstorm|[upkeep]\n|-damage|p1a: Gyarados|45\/100|[from] Sandstorm\n|-heal|p1a: Gyarados|51\/100|[from] item: Leftovers\n|-damage|p2a: Gastrodon|88\/100 brn|[from] brn\n|upkeep\n|turn|34\n|\n|t:|1666894864\n|move|p1a: Gyarados|Bounce||[still]\n|-prepare|p1a: Gyarados|Bounce\n|move|p2a: Gastrodon|Ice Beam|p1a: Gyarados|[miss]\n|-miss|p2a: Gastrodon|p1a: Gyarados\n|\n|-weather|Sandstorm|[upkeep]\n|-damage|p1a: Gyarados|45\/100|[from] Sandstorm\n|-heal|p1a: Gyarados|51\/100|[from] item: Leftovers\n|-heal|p2a: Gastrodon|94\/100 brn|[from] item: Leftovers\n|-damage|p2a: Gastrodon|82\/100 brn|[from] brn\n|upkeep\n|turn|35\n|\n|t:|1666894886\n|move|p2a: Gastrodon|Protect|p2a: Gastrodon\n|-singleturn|p2a: Gastrodon|Protect\n|move|p1a: Gyarados|Bounce|p2a: Gastrodon|[from]lockedmove\n|-activate|p2a: Gastrodon|move: Protect\n|\n|-weather|Sandstorm|[upkeep]\n|-damage|p1a: Gyarados|45\/100|[from] Sandstorm\n|-heal|p1a: Gyarados|51\/100|[from] item: Leftovers\n|-heal|p2a: Gastrodon|88\/100 brn|[from] item: Leftovers\n|-damage|p2a: Gastrodon|75\/100 brn|[from] brn\n|upkeep\n|turn|36\n|\n|t:|1666894891\n|move|p1a: Gyarados|Bounce||[still]\n|-prepare|p1a: Gyarados|Bounce\n|move|p2a: Gastrodon|Ice Beam|p1a: Gyarados|[miss]\n|-miss|p2a: Gastrodon|p1a: Gyarados\n|\n|-weather|Sandstorm|[upkeep]\n|-damage|p1a: Gyarados|45\/100|[from] Sandstorm\n|-heal|p1a: Gyarados|51\/100|[from] item: Leftovers\n|-heal|p2a: Gastrodon|81\/100 brn|[from] item: Leftovers\n|-damage|p2a: Gastrodon|69\/100 brn|[from] brn\n|upkeep\n|turn|37\n|\n|t:|1666894894\n|move|p2a: Gastrodon|Protect|p2a: Gastrodon\n|-singleturn|p2a: Gastrodon|Protect\n|move|p1a: Gyarados|Bounce|p2a: Gastrodon|[from]lockedmove\n|-activate|p2a: Gastrodon|move: Protect\n|\n|-weather|Sandstorm|[upkeep]\n|-damage|p1a: Gyarados|45\/100|[from] Sandstorm\n|-heal|p1a: Gyarados|51\/100|[from] item: Leftovers\n|-heal|p2a: Gastrodon|75\/100 brn|[from] item: Leftovers\n|-damage|p2a: Gastrodon|63\/100 brn|[from] brn\n|upkeep\n|turn|38\n|\n|t:|1666894896\n|switch|p1a: Excadrill|Excadrill, F|85\/100\n|-damage|p1a: Excadrill|82\/100|[from] Stealth Rock\n|-damage|p1a: Excadrill|70\/100|[from] Spikes\n|move|p2a: Gastrodon|Recover|p2a: Gastrodon\n|-heal|p2a: Gastrodon|100\/100 brn\n|\n|-weather|Sandstorm|[upkeep]\n|-damage|p2a: Gastrodon|88\/100 brn|[from] brn\n|upkeep\n|turn|39\n|\n|t:|1666894900\n|move|p2a: Gastrodon|Protect|p2a: Gastrodon\n|-singleturn|p2a: Gastrodon|Protect\n|move|p1a: Excadrill|Earthquake|p2a: Gastrodon\n|-activate|p2a: Gastrodon|move: Protect\n|\n|-weather|Sandstorm|[upkeep]\n|-heal|p2a: Gastrodon|94\/100 brn|[from] item: Leftovers\n|-damage|p2a: Gastrodon|82\/100 brn|[from] brn\n|upkeep\n|turn|40\n|\n|t:|1666894904\n|switch|p1a: Gyarados|Gyarados, M|51\/100\n|-damage|p1a: Gyarados|26\/100|[from] Stealth Rock\n|-ability|p1a: Gyarados|Intimidate|boost\n|-unboost|p2a: Gastrodon|atk|1\n|switch|p2a: Gliscor|Gliscor, M|81\/100 tox\n|-damage|p2a: Gliscor|68\/100 tox|[from] Stealth Rock\n|\n|-weather|Sandstorm|[upkeep]\n|-damage|p1a: Gyarados|20\/100|[from] Sandstorm\n|-heal|p1a: Gyarados|26\/100|[from] item: Leftovers\n|-heal|p2a: Gliscor|81\/100 tox|[from] ability: Poison Heal\n|upkeep\n|turn|41\n|\n|t:|1666894908\n|switch|p2a: Gastrodon|Gastrodon, F|82\/100 brn\n|-damage|p2a: Gastrodon|76\/100 brn|[from] Stealth Rock\n|move|p1a: Gyarados|Bounce||[still]\n|-prepare|p1a: Gyarados|Bounce\n|\n|-weather|Sandstorm|[upkeep]\n|-damage|p1a: Gyarados|20\/100|[from] Sandstorm\n|-heal|p1a: Gyarados|26\/100|[from] item: Leftovers\n|-heal|p2a: Gastrodon|82\/100 brn|[from] item: Leftovers\n|-damage|p2a: Gastrodon|69\/100 brn|[from] brn\n|upkeep\n|turn|42\n|\n|t:|1666894910\n|move|p2a: Gastrodon|Protect|p2a: Gastrodon\n|-singleturn|p2a: Gastrodon|Protect\n|move|p1a: Gyarados|Bounce|p2a: Gastrodon|[from]lockedmove\n|-activate|p2a: Gastrodon|move: Protect\n|\n|-weather|Sandstorm|[upkeep]\n|-damage|p1a: Gyarados|20\/100|[from] Sandstorm\n|-heal|p1a: Gyarados|26\/100|[from] item: Leftovers\n|-heal|p2a: Gastrodon|75\/100 brn|[from] item: Leftovers\n|-damage|p2a: Gastrodon|63\/100 brn|[from] brn\n|upkeep\n|turn|43\n|\n|t:|1666894913\n|switch|p1a: Excadrill|Excadrill, F|70\/100\n|-damage|p1a: Excadrill|67\/100|[from] Stealth Rock\n|-damage|p1a: Excadrill|54\/100|[from] Spikes\n|move|p2a: Gastrodon|Recover|p2a: Gastrodon\n|-heal|p2a: Gastrodon|100\/100 brn\n|\n|-weather|Sandstorm|[upkeep]\n|-damage|p2a: Gastrodon|88\/100 brn|[from] brn\n|upkeep\n|turn|44\n|\n|t:|1666894916\n|move|p2a: Gastrodon|Protect|p2a: Gastrodon\n|-singleturn|p2a: Gastrodon|Protect\n|move|p1a: Excadrill|Earthquake|p2a: Gastrodon\n|-activate|p2a: Gastrodon|move: Protect\n|\n|-weather|Sandstorm|[upkeep]\n|-heal|p2a: Gastrodon|94\/100 brn|[from] item: Leftovers\n|-damage|p2a: Gastrodon|82\/100 brn|[from] brn\n|upkeep\n|turn|45\n|\n|t:|1666894918\n|switch|p1a: Latios|Latios, M|49\/100 brn\n|-damage|p1a: Latios|37\/100 brn|[from] Stealth Rock\n|switch|p2a: Gliscor|Gliscor, M|81\/100 tox\n|-damage|p2a: Gliscor|68\/100 tox|[from] Stealth Rock\n|\n|-weather|Sandstorm|[upkeep]\n|-damage|p1a: Latios|31\/100 brn|[from] Sandstorm\n|-heal|p2a: Gliscor|81\/100 tox|[from] ability: Poison Heal\n|-damage|p1a: Latios|18\/100 brn|[from] brn\n|upkeep\n|turn|46\n|\n|t:|1666894922\n|move|p2a: Gliscor|Protect|p2a: Gliscor\n|-singleturn|p2a: Gliscor|Protect\n|move|p1a: Latios|Roost|p1a: Latios\n|-heal|p1a: Latios|69\/100 brn\n|-singleturn|p1a: Latios|move: Roost\n|\n|-weather|Sandstorm|[upkeep]\n|-damage|p1a: Latios|63\/100 brn|[from] Sandstorm\n|-heal|p2a: Gliscor|93\/100 tox|[from] ability: Poison Heal\n|-damage|p1a: Latios|50\/100 brn|[from] brn\n|upkeep\n|turn|47\n|j|%ibbysonlyfan\n|\n|t:|1666894929\n|switch|p1a: Gyarados|Gyarados, M|26\/100\n|-damage|p1a: Gyarados|1\/100|[from] Stealth Rock\n|-ability|p1a: Gyarados|Intimidate|boost\n|-unboost|p2a: Gliscor|atk|1\n|move|p2a: Gliscor|Swords Dance|p2a: Gliscor\n|-boost|p2a: Gliscor|atk|2\n|\n|-weather|Sandstorm|[upkeep]\n|-damage|p1a: Gyarados|0 fnt|[from] Sandstorm\n|faint|p1a: Gyarados\n|-heal|p2a: Gliscor|100\/100 tox|[from] ability: Poison Heal\n|upkeep\n|\n|t:|1666894932\n|switch|p1a: Excadrill|Excadrill, F|54\/100\n|-damage|p1a: Excadrill|51\/100|[from] Stealth Rock\n|-damage|p1a: Excadrill|39\/100|[from] Spikes\n|turn|48\n|\n|t:|1666894938\n|move|p2a: Gliscor|Protect|p2a: Gliscor\n|-singleturn|p2a: Gliscor|Protect\n|move|p1a: Excadrill|Iron Head|p2a: Gliscor\n|-activate|p2a: Gliscor|move: Protect\n|\n|-weather|Sandstorm|[upkeep]\n|upkeep\n|turn|49\n|\n|t:|1666894948\n|switch|p2a: Gastrodon|Gastrodon, F|82\/100 brn\n|-damage|p2a: Gastrodon|76\/100 brn|[from] Stealth Rock\n|move|p1a: Excadrill|Iron Head|p2a: Gastrodon\n|-resisted|p2a: Gastrodon\n|-damage|p2a: Gastrodon|43\/100 brn\n|\n|-weather|Sandstorm|[upkeep]\n|-heal|p2a: Gastrodon|50\/100 brn|[from] item: Leftovers\n|-damage|p2a: Gastrodon|37\/100 brn|[from] brn\n|upkeep\n|turn|50\n|\n|t:|1666894950\n|move|p1a: Excadrill|Iron Head|p2a: Gastrodon\n|-resisted|p2a: Gastrodon\n|-damage|p2a: Gastrodon|4\/100 brn\n|move|p2a: Gastrodon|Scald|p1a: Excadrill\n|-supereffective|p1a: Excadrill\n|-damage|p1a: Excadrill|0 fnt\n|faint|p1a: Excadrill\n|\n|-weather|Sandstorm|[upkeep]\n|-heal|p2a: Gastrodon|10\/100 brn|[from] item: Leftovers\n|-damage|p2a: Gastrodon|0 fnt|[from] brn\n|faint|p2a: Gastrodon\n|upkeep\n|\n|t:|1666894958\n|switch|p1a: Tyranitar|Tyranitar, F|52\/100 par\n|switch|p2a: Tyranitar|Tyranitar, F|100\/100\n|-damage|p2a: Tyranitar|88\/100|[from] Stealth Rock\n|-damage|p1a: Tyranitar|40\/100 par|[from] Stealth Rock\n|-damage|p1a: Tyranitar|28\/100 par|[from] Spikes\n|turn|51\n|j| lil karlly\n|\n|t:|1666894962\n|move|p2a: Tyranitar|Superpower|p1a: Tyranitar\n|-supereffective|p1a: Tyranitar\n|-enditem|p1a: Tyranitar|Chople Berry|[eat]\n|-enditem|p1a: Tyranitar|Chople Berry|[weaken]\n|-damage|p1a: Tyranitar|0 fnt\n|-unboost|p2a: Tyranitar|atk|1\n|-unboost|p2a: Tyranitar|def|1\n|faint|p1a: Tyranitar\n|\n|-weather|Sandstorm|[upkeep]\n|upkeep\n|j| cainx000\n|j| Azure_Cry$ta1\n|\n|t:|1666894964\n|switch|p1a: Latios|Latios, M|50\/100 brn\n|-damage|p1a: Latios|38\/100 brn|[from] Stealth Rock\n|turn|52\n|j| TheLastMew\n|\n|t:|1666894968\n|switch|p2a: Gliscor|Gliscor, M|100\/100 tox\n|-damage|p2a: Gliscor|88\/100 tox|[from] Stealth Rock\n|move|p1a: Latios|Dragon Pulse|p2a: Gliscor\n|-damage|p2a: Gliscor|50\/100 tox\n|\n|-weather|Sandstorm|[upkeep]\n|-damage|p1a: Latios|32\/100 brn|[from] Sandstorm\n|-heal|p2a: Gliscor|63\/100 tox|[from] ability: Poison Heal\n|-damage|p1a: Latios|20\/100 brn|[from] brn\n|upkeep\n|turn|53\n|\n|t:|1666894971\n|move|p1a: Latios|Dragon Pulse|p2a: Gliscor\n|-damage|p2a: Gliscor|25\/100 tox\n|move|p2a: Gliscor|Facade|p1a: Latios\n|-damage|p1a: Latios|0 fnt\n|faint|p1a: Latios\n|\n|win|j_albacino023\n|n|\u2606marsandback|marsandback\n|n|\u2606j_albacino023|jalbacino023\n|n| Ithi|ithi\n|n| RageATMagearna|rageatmagearna\n|n| ibbysonlyfan|ibbysonlyfan\n|n| lil karlly|lilkarlly\n|n| cainx000|cainx000\n|n| Azure_Cry$ta1|azurecryta1\n|n| TheLastMew|thelastmew\n|c|\u2606j_albacino023|gg\n|l| cainx000\n|l|\u2606j_albacino023\n|l| Ithi\n|l| Azure_Cry$ta1\n|l| ibbysonlyfan\n","uploadtime":1666894991,"views":19,"p1id":"marsandback","p2id":"jalbacino023","formatid":"gen5ou","rating":0,"private":0,"password":null}