{"id":"gen5ou-877148719","p1":"Waz00","p2":"OGamer289","format":"gen5ou","log":"|j|\u2606Waz00\n|j|\u2606OGamer289\n|player|p1|Waz00|1\n|player|p2|OGamer289|153\n|teamsize|p1|6\n|teamsize|p2|6\n|gametype|singles\n|gen|5\n|tier|[Gen 5] OU\n|rule|Sleep Clause Mod: Limit one foe put to sleep\n|rule|Species Clause: Limit one of each Pok\u00e9mon\n|rule|OHKO Clause: OHKO moves are banned\n|rule|Moody Clause: Moody is banned\n|rule|Evasion Moves Clause: Evasion moves are banned\n|rule|Endless Battle Clause: Forcing endless battles is banned\n|rule|HP Percentage Mod: HP is shown in percentages\n|rule|Evasion Abilities Clause: Evasion abilities are banned\n|rule|Baton Pass Clause: Limit one Baton Passer, can't pass Spe and other stats simultaneously\n|rule|Swagger Clause: Swagger is banned\n|clearpoke\n|poke|p1|Kyurem|item\n|poke|p1|Lucario, M|item\n|poke|p1|Slowbro, M|item\n|poke|p1|Ditto|item\n|poke|p1|Probopass, F|item\n|poke|p1|Shaymin|item\n|poke|p2|Porygon2|item\n|poke|p2|Cofagrigus, M|item\n|poke|p2|Magneton|item\n|poke|p2|Kyurem-Black|item\n|poke|p2|Suicune|item\n|poke|p2|Terrakion|item\n|teampreview\n|c|\u2606OGamer289|hf und gl\n|\n|start\n|switch|p1a: Lucario|Lucario, M|100\/100\n|switch|p2a: Magneton|Magneton, shiny|100\/100\n|turn|1\n|\n|switch|p1a: Ditto|Ditto|100\/100\n|-transform|p1a: Ditto|p2a: Magneton|[from] ability: Imposter\n|switch|p2a: Cofagrigus|Cofagrigus, M, shiny|100\/100\n|\n|upkeep\n|turn|2\n|\n|switch|p1a: Slowbro|Slowbro, M|100\/100\n|move|p2a: Cofagrigus|Will-O-Wisp|p1a: Slowbro\n|-status|p1a: Slowbro|brn\n|\n|-damage|p1a: Slowbro|88\/100 brn|[from] brn\n|upkeep\n|turn|3\n|\n|move|p2a: Cofagrigus|Calm Mind|p2a: Cofagrigus\n|-boost|p2a: Cofagrigus|spa|1\n|-boost|p2a: Cofagrigus|spd|1\n|move|p1a: Slowbro|Shadow Ball|p2a: Cofagrigus\n|-supereffective|p2a: Cofagrigus\n|-damage|p2a: Cofagrigus|72\/100\n|\n|-heal|p2a: Cofagrigus|79\/100|[from] item: Leftovers\n|-damage|p1a: Slowbro|76\/100 brn|[from] brn\n|upkeep\n|turn|4\n|\n|move|p2a: Cofagrigus|Calm Mind|p2a: Cofagrigus\n|-boost|p2a: Cofagrigus|spa|1\n|-boost|p2a: Cofagrigus|spd|1\n|move|p1a: Slowbro|Scald|p2a: Cofagrigus\n|-damage|p2a: Cofagrigus|63\/100\n|\n|-heal|p2a: Cofagrigus|69\/100|[from] item: Leftovers\n|-damage|p1a: Slowbro|64\/100 brn|[from] brn\n|upkeep\n|turn|5\n|\n|switch|p1a: Probopass|Probopass, F|100\/100\n|move|p2a: Cofagrigus|Substitute|p2a: Cofagrigus\n|-start|p2a: Cofagrigus|Substitute\n|-damage|p2a: Cofagrigus|44\/100\n|\n|-heal|p2a: Cofagrigus|50\/100|[from] item: Leftovers\n|upkeep\n|turn|6\n|\n|move|p1a: Probopass|Volt Switch|p2a: Cofagrigus\n|-activate|p2a: Cofagrigus|Substitute|[damage]\n|\n|switch|p1a: Ditto|Ditto|100\/100\n|move|p2a: Cofagrigus|Shadow Ball|p1a: Ditto\n|-immune|p1a: Ditto\n|\n|-heal|p2a: Cofagrigus|56\/100|[from] item: Leftovers\n|upkeep\n|turn|7\n|\n|move|p1a: Ditto|Transform||[still]\n|-fail|p1a: Ditto\n|move|p2a: Cofagrigus|Calm Mind|p2a: Cofagrigus\n|-boost|p2a: Cofagrigus|spa|1\n|-boost|p2a: Cofagrigus|spd|1\n|\n|-heal|p2a: Cofagrigus|63\/100|[from] item: Leftovers\n|upkeep\n|turn|8\n|\n|switch|p1a: Shaymin|Shaymin|100\/100\n|move|p2a: Cofagrigus|Calm Mind|p2a: Cofagrigus\n|-boost|p2a: Cofagrigus|spa|1\n|-boost|p2a: Cofagrigus|spd|1\n|\n|-heal|p2a: Cofagrigus|69\/100|[from] item: Leftovers\n|upkeep\n|turn|9\n|\n|move|p1a: Shaymin|Leaf Storm|p2a: Cofagrigus\n|-activate|p2a: Cofagrigus|Substitute|[damage]\n|-unboost|p1a: Shaymin|spa|2\n|move|p2a: Cofagrigus|Shadow Ball|p1a: Shaymin\n|-damage|p1a: Shaymin|52\/100\n|\n|-heal|p2a: Cofagrigus|75\/100|[from] item: Leftovers\n|upkeep\n|turn|10\n|\n|move|p1a: Shaymin|Synthesis|p1a: Shaymin\n|-heal|p1a: Shaymin|100\/100\n|move|p2a: Cofagrigus|Shadow Ball|p1a: Shaymin\n|-damage|p1a: Shaymin|50\/100\n|-unboost|p1a: Shaymin|spd|1\n|-enditem|p1a: Shaymin|Figy Berry|[eat]\n|-heal|p1a: Shaymin|62\/100|[from] item: Figy Berry\n|-start|p1a: Shaymin|confusion\n|\n|-heal|p2a: Cofagrigus|81\/100|[from] item: Leftovers\n|upkeep\n|turn|11\n|\n|switch|p1a: Lucario|Lucario, M|100\/100\n|move|p2a: Cofagrigus|Calm Mind|p2a: Cofagrigus\n|-boost|p2a: Cofagrigus|spa|1\n|-boost|p2a: Cofagrigus|spd|1\n|\n|-heal|p2a: Cofagrigus|88\/100|[from] item: Leftovers\n|upkeep\n|turn|12\n|\n|move|p1a: Lucario|Stone Edge|p2a: Cofagrigus|[miss]\n|-miss|p1a: Lucario|p2a: Cofagrigus\n|move|p2a: Cofagrigus|Shadow Ball|p1a: Lucario\n|-resisted|p1a: Lucario\n|-damage|p1a: Lucario|32\/100\n|\n|-heal|p2a: Cofagrigus|94\/100|[from] item: Leftovers\n|upkeep\n|turn|13\n|\n|switch|p1a: Slowbro|Slowbro, M|64\/100 brn\n|move|p2a: Cofagrigus|Shadow Ball|p1a: Slowbro\n|-supereffective|p1a: Slowbro\n|-damage|p1a: Slowbro|0 fnt\n|faint|p1a: Slowbro\n|\n|-heal|p2a: Cofagrigus|99\/100|[from] item: Leftovers\n|upkeep\n|\n|switch|p1a: Kyurem|Kyurem|100\/100\n|-ability|p1a: Kyurem|Pressure\n|turn|14\n|\n|move|p1a: Kyurem|Ice Beam|p2a: Cofagrigus\n|-end|p2a: Cofagrigus|Substitute\n|move|p2a: Cofagrigus|Shadow Ball|p1a: Kyurem\n|-damage|p1a: Kyurem|12\/100\n|\n|-heal|p2a: Cofagrigus|100\/100|[from] item: Leftovers\n|upkeep\n|turn|15\n|\n|move|p1a: Kyurem|Ice Beam|p2a: Cofagrigus\n|-damage|p2a: Cofagrigus|77\/100\n|move|p2a: Cofagrigus|Substitute|p2a: Cofagrigus\n|-start|p2a: Cofagrigus|Substitute\n|-damage|p2a: Cofagrigus|52\/100\n|\n|-heal|p2a: Cofagrigus|58\/100|[from] item: Leftovers\n|upkeep\n|turn|16\n|\n|move|p1a: Kyurem|Ice Beam|p2a: Cofagrigus\n|-activate|p2a: Cofagrigus|Substitute|[damage]\n|move|p2a: Cofagrigus|Shadow Ball|p1a: Kyurem\n|-damage|p1a: Kyurem|0 fnt\n|faint|p1a: Kyurem\n|\n|-heal|p2a: Cofagrigus|64\/100|[from] item: Leftovers\n|upkeep\n|\n|switch|p1a: Probopass|Probopass, F|100\/100\n|turn|17\n|\n|move|p1a: Probopass|Stealth Rock|p2a: Cofagrigus\n|-sidestart|p2: OGamer289|move: Stealth Rock\n|move|p2a: Cofagrigus|Will-O-Wisp|p1a: Probopass\n|-status|p1a: Probopass|brn\n|\n|-heal|p2a: Cofagrigus|70\/100|[from] item: Leftovers\n|-damage|p1a: Probopass|88\/100 brn|[from] brn\n|upkeep\n|turn|18\n|\n|move|p1a: Probopass|Volt Switch|p2a: Cofagrigus\n|-end|p2a: Cofagrigus|Substitute\n|\n|switch|p1a: Ditto|Ditto|100\/100\n|-transform|p1a: Ditto|p2a: Cofagrigus|[from] ability: Imposter\n|move|p2a: Cofagrigus|Calm Mind|p2a: Cofagrigus\n|-boost|p2a: Cofagrigus|spa|1\n|-boost|p2a: Cofagrigus|spd|1\n|\n|-heal|p2a: Cofagrigus|77\/100|[from] item: Leftovers\n|upkeep\n|turn|19\n|\n|move|p1a: Ditto|Shadow Ball|p2a: Cofagrigus\n|-supereffective|p2a: Cofagrigus\n|-damage|p2a: Cofagrigus|34\/100\n|move|p2a: Cofagrigus|Shadow Ball|p1a: Ditto\n|-supereffective|p1a: Ditto\n|-damage|p1a: Ditto|24\/100\n|\n|-heal|p2a: Cofagrigus|40\/100|[from] item: Leftovers\n|upkeep\n|turn|20\n|\n|move|p1a: Ditto|Shadow Ball|p2a: Cofagrigus\n|-supereffective|p2a: Cofagrigus\n|-damage|p2a: Cofagrigus|0 fnt\n|faint|p2a: Cofagrigus\n|\n|upkeep\n|\n|switch|p2a: Keine Namen|Kyurem-Black, shiny|100\/100\n|-damage|p2a: Keine Namen|76\/100|[from] Stealth Rock\n|-ability|p2a: Keine Namen|Teravolt\n|turn|21\n|\n|switch|p1a: Shaymin|Shaymin|62\/100\n|move|p2a: Keine Namen|Outrage|p1a: Shaymin\n|-damage|p1a: Shaymin|0 fnt\n|faint|p1a: Shaymin\n|\n|upkeep\n|\n|switch|p1a: Lucario|Lucario, M|32\/100\n|turn|22\n|\n|move|p2a: Keine Namen|Outrage|p1a: Lucario|[from]lockedmove\n|-resisted|p1a: Lucario\n|-damage|p1a: Lucario|0 fnt\n|-start|p2a: Keine Namen|confusion|[fatigue]\n|faint|p1a: Lucario\n|\n|upkeep\n|\n|switch|p1a: Ditto|Ditto|24\/100\n|-transform|p1a: Ditto|p2a: Keine Namen|[from] ability: Imposter\n|-ability|p1a: Ditto|Teravolt\n|turn|23\n|\n|-activate|p2a: Keine Namen|confusion\n|-damage|p2a: Keine Namen|60\/100|[from] confusion\n|move|p1a: Ditto|Draco Meteor|p2a: Keine Namen\n|-supereffective|p2a: Keine Namen\n|-crit|p2a: Keine Namen\n|-damage|p2a: Keine Namen|0 fnt\n|-unboost|p1a: Ditto|spa|2\n|faint|p2a: Keine Namen\n|\n|upkeep\n|\n|switch|p2a: Terrakion|Terrakion, shiny|100\/100\n|-damage|p2a: Terrakion|94\/100|[from] Stealth Rock\n|turn|24\n|\n|switch|p1a: Probopass|Probopass, F|88\/100 brn\n|move|p2a: Terrakion|Close Combat|p1a: Probopass\n|-supereffective|p1a: Probopass\n|-damage|p1a: Probopass|0 fnt\n|-unboost|p2a: Terrakion|def|1\n|-unboost|p2a: Terrakion|spd|1\n|-damage|p2a: Terrakion|84\/100|[from] item: Life Orb\n|faint|p1a: Probopass\n|\n|upkeep\n|\n|switch|p1a: Ditto|Ditto|24\/100\n|-transform|p1a: Ditto|p2a: Terrakion|[from] ability: Imposter\n|turn|25\n|\n|move|p1a: Ditto|Close Combat|p2a: Terrakion\n|-supereffective|p2a: Terrakion\n|-crit|p2a: Terrakion\n|-damage|p2a: Terrakion|0 fnt\n|-unboost|p1a: Ditto|def|1\n|-unboost|p1a: Ditto|spd|1\n|faint|p2a: Terrakion\n|\n|upkeep\n|\n|switch|p2a: Suicune|Suicune, shiny|100\/100\n|-damage|p2a: Suicune|88\/100|[from] Stealth Rock\n|-ability|p2a: Suicune|Pressure\n|turn|26\n|\n|move|p1a: Ditto|Close Combat|p2a: Suicune\n|-damage|p2a: Suicune|43\/100\n|-unboost|p1a: Ditto|def|1\n|-unboost|p1a: Ditto|spd|1\n|-enditem|p2a: Suicune|Sitrus Berry|[eat]\n|-heal|p2a: Suicune|68\/100|[from] item: Sitrus Berry\n|move|p2a: Suicune|Surf|p1a: Ditto\n|-supereffective|p1a: Ditto\n|-damage|p1a: Ditto|0 fnt\n|faint|p1a: Ditto\n|\n|win|OGamer289\n|c|\u2606OGamer289|gg\n|c|\u2606Waz00|Hg schickst du ein ?\n|c|\u2606Waz00|Hg\n|c|\u2606Waz00|GG\n|c|\u2606OGamer289|ehm ich probiere es\n|c|\u2606OGamer289|bleib mal bitte noch drin\n","uploadtime":1552756496,"views":14,"p1id":"waz00","p2id":"ogamer289","formatid":"gen5ou","rating":0,"private":0,"password":null}