{"id":"gen5randombattle-1696882433","p1":"pdt","p2":"jonathan123000","format":"gen5randombattle","log":"|j|\u2606pdt@!\n|j|\u2606jonathan123000\n|inactive|Battle timer is ON: inactive players will automatically lose when time's up.\n|t:|1666944167\n|gametype|singles\n|player|p1|pdt|#scl1islanders|\n|player|p2|jonathan123000|101|\n|teamsize|p1|6\n|teamsize|p2|6\n|gen|5\n|tier|[Gen 5] Random Battle\n|rated|Tournament battle\n|rule|Sleep Clause Mod: Limit one foe put to sleep\n|rule|HP Percentage Mod: HP is shown in percentages\n|\n|t:|1666944167\n|start\n|switch|p1a: Registeel|Registeel, L82|265\/265\n|switch|p2a: Scolipede|Scolipede, L86, M|243\/243\n|turn|1\n|c|\u2606pdt|hf\n|j| Unkown_ entity303\n|c|\u2606jonathan123000|hf\n|l| Unkown_ entity303\n|j| City9320\n|j| Noice Eiscue\n|j| XX_1nfinity_XX\n|\n|t:|1666944188\n|switch|p2a: Ninetales|Ninetales, L80, F|247\/247\n|-weather|SunnyDay|[from] ability: Drought|[of] p2a: Ninetales\n|switch|p1a: Magcargo|Magcargo, L90, M|235\/235\n|-item|p1a: Magcargo|Air Balloon\n|\n|-weather|SunnyDay|[upkeep]\n|upkeep\n|turn|2\n|c| XX_1nfinity_XX|hf?\n|c|\u2606pdt|hf = have fun\n|\n|t:|1666944207\n|move|p2a: Ninetales|Substitute|p2a: Ninetales\n|-start|p2a: Ninetales|Substitute\n|-damage|p2a: Ninetales|186\/247\n|move|p1a: Magcargo|Hidden Power|p2a: Ninetales\n|-supereffective|p2a: Ninetales\n|-end|p2a: Ninetales|Substitute\n|\n|-weather|SunnyDay|[upkeep]\n|-heal|p2a: Ninetales|201\/247|[from] item: Leftovers\n|upkeep\n|turn|3\n|c| XX_1nfinity_XX|ok\n|\n|t:|1666944219\n|switch|p2a: Smeargle|Smeargle, L84, M|230\/230\n|move|p1a: Magcargo|Hidden Power|p2a: Smeargle\n|-damage|p2a: Smeargle|116\/230\n|\n|-weather|SunnyDay|[upkeep]\n|upkeep\n|turn|4\n|j| Big White Van Man\n|c| Big White Van Man|Macargooooooooo\n|\n|t:|1666944229\n|move|p2a: Smeargle|Spore|p1a: Magcargo\n|-status|p1a: Magcargo|slp|[from] move: Spore\n|cant|p1a: Magcargo|slp\n|\n|-weather|SunnyDay|[upkeep]\n|upkeep\n|turn|5\n|\n|t:|1666944232\n|move|p2a: Smeargle|Stealth Rock|p1a: Magcargo\n|-sidestart|p1: pdt|move: Stealth Rock\n|cant|p1a: Magcargo|slp\n|\n|-weather|SunnyDay|[upkeep]\n|upkeep\n|turn|6\n|\n|t:|1666944235\n|-curestatus|p1a: Magcargo|slp|[msg]\n|move|p1a: Magcargo|Lava Plume|p2a: Smeargle\n|-damage|p2a: Smeargle|0 fnt\n|faint|p2a: Smeargle\n|\n|-weather|SunnyDay|[upkeep]\n|upkeep\n|\n|t:|1666944247\n|switch|p2a: Raikou|Raikou, L82|282\/282\n|-ability|p2a: Raikou|Pressure\n|turn|7\n|\n|t:|1666944252\n|move|p2a: Raikou|Calm Mind|p2a: Raikou\n|-boost|p2a: Raikou|spa|1\n|-boost|p2a: Raikou|spd|1\n|move|p1a: Magcargo|Toxic|p2a: Raikou\n|-status|p2a: Raikou|tox\n|\n|-weather|SunnyDay|[upkeep]\n|-damage|p2a: Raikou|265\/282 tox|[from] psn\n|upkeep\n|turn|8\n|\n|t:|1666944260\n|switch|p1a: Dugtrio|Dugtrio, L82, M|192\/192\n|-damage|p1a: Dugtrio|180\/192|[from] Stealth Rock\n|move|p2a: Raikou|Thunderbolt|p1a: Dugtrio\n|-immune|p1a: Dugtrio\n|\n|-weather|SunnyDay|[upkeep]\n|-heal|p2a: Raikou|282\/282 tox|[from] item: Leftovers\n|-damage|p2a: Raikou|248\/282 tox|[from] psn\n|upkeep\n|turn|9\n|\n|t:|1666944267\n|move|p1a: Dugtrio|Earthquake|p2a: Raikou\n|-supereffective|p2a: Raikou\n|-damage|p2a: Raikou|4\/282 tox\n|-damage|p1a: Dugtrio|161\/192|[from] item: Life Orb\n|move|p2a: Raikou|Hidden Power|p1a: Dugtrio\n|-supereffective|p1a: Dugtrio\n|-damage|p1a: Dugtrio|0 fnt\n|faint|p1a: Dugtrio\n|\n|-weather|SunnyDay|[upkeep]\n|-heal|p2a: Raikou|21\/282 tox|[from] item: Leftovers\n|-damage|p2a: Raikou|0 fnt|[from] psn\n|faint|p2a: Raikou\n|upkeep\n|j| BAKABOURE\n|l| BAKABOURE\n|\n|t:|1666944278\n|switch|p1a: Magcargo|Magcargo, L90, M|235\/235\n|switch|p2a: Scolipede|Scolipede, L86, M|243\/243\n|-damage|p1a: Magcargo|177\/235|[from] Stealth Rock\n|-item|p1a: Magcargo|Air Balloon\n|turn|10\n|\n|t:|1666944287\n|move|p2a: Scolipede|Aqua Tail|p1a: Magcargo\n|-supereffective|p1a: Magcargo\n|-crit|p1a: Magcargo\n|-damage|p1a: Magcargo|0 fnt\n|-enditem|p1a: Magcargo|Air Balloon\n|faint|p1a: Magcargo\n|\n|-weather|SunnyDay|[upkeep]\n|upkeep\n|c| XX_1nfinity_XX|noooo\n|c|\u2606pdt|marcargo noo\n|\n|t:|1666944301\n|switch|p1a: Registeel|Registeel, L82|265\/265\n|-damage|p1a: Registeel|249\/265|[from] Stealth Rock\n|turn|11\n|\n|t:|1666944303\n|switch|p2a: Ninetales|Ninetales, L80, F|201\/247\n|move|p1a: Registeel|Stealth Rock|p2a: Ninetales\n|-sidestart|p2: jonathan123000|move: Stealth Rock\n|\n|-weather|SunnyDay|[upkeep]\n|-heal|p2a: Ninetales|216\/247|[from] item: Leftovers\n|-heal|p1a: Registeel|265\/265|[from] item: Leftovers\n|upkeep\n|turn|12\n|\n|t:|1666944308\n|switch|p1a: Ho-Oh|Ho-Oh, L76|285\/285\n|-damage|p1a: Ho-Oh|143\/285|[from] Stealth Rock\n|move|p2a: Ninetales|Fire Blast|p1a: Ho-Oh\n|-resisted|p1a: Ho-Oh\n|-damage|p1a: Ho-Oh|87\/285\n|\n|-weather|SunnyDay|[upkeep]\n|-heal|p2a: Ninetales|231\/247|[from] item: Leftovers\n|-heal|p1a: Ho-Oh|104\/285|[from] item: Leftovers\n|upkeep\n|turn|13\n|\n|t:|1666944319\n|switch|p2a: Liepard|Liepard, L86, F|250\/250\n|-damage|p2a: Liepard|219\/250|[from] Stealth Rock\n|move|p1a: Ho-Oh|Roost|p1a: Ho-Oh\n|-heal|p1a: Ho-Oh|247\/285\n|-singleturn|p1a: Ho-Oh|move: Roost\n|\n|-weather|SunnyDay|[upkeep]\n|-heal|p2a: Liepard|234\/250|[from] item: Leftovers\n|-heal|p1a: Ho-Oh|264\/285|[from] item: Leftovers\n|upkeep\n|turn|14\n|\n|t:|1666944326\n|switch|p1a: Registeel|Registeel, L82|265\/265\n|-damage|p1a: Registeel|249\/265|[from] Stealth Rock\n|move|p2a: Liepard|Encore||[still]\n|-fail|p2a: Liepard\n|\n|-weather|SunnyDay|[upkeep]\n|-heal|p2a: Liepard|249\/250|[from] item: Leftovers\n|-heal|p1a: Registeel|265\/265|[from] item: Leftovers\n|upkeep\n|turn|15\n|\n|t:|1666944333\n|move|p2a: Liepard|Thunder Wave|p1a: Registeel\n|-status|p1a: Registeel|par\n|move|p1a: Registeel|Iron Head|p2a: Liepard\n|-damage|p2a: Liepard|155\/250\n|\n|-weather|SunnyDay|[upkeep]\n|-heal|p2a: Liepard|170\/250|[from] item: Leftovers\n|upkeep\n|turn|16\n|\n|t:|1666944344\n|switch|p2a: Charizard|Charizard, L86, F|273\/273\n|-damage|p2a: Charizard|137\/273|[from] Stealth Rock\n|move|p1a: Registeel|Iron Head|p2a: Charizard\n|-resisted|p2a: Charizard\n|-damage|p2a: Charizard|100\/273\n|\n|-weather|SunnyDay|[upkeep]\n|upkeep\n|turn|17\n|c|\u2606jonathan123000|how long is the sun gna last\n|c| Big White Van Man|gen 5 bro\n|c|\u2606pdt|in gen5 its endless\n|inactive|pdt has 120 seconds left.\n|c|\u2606jonathan123000|lol\n|c|\u2606pdt|unless another weather is put up\n|\n|t:|1666944380\n|switch|p1a: Absol|Absol, L84, M|246\/246\n|-damage|p1a: Absol|216\/246|[from] Stealth Rock\n|move|p2a: Charizard|Roost|p2a: Charizard\n|-heal|p2a: Charizard|237\/273\n|-singleturn|p2a: Charizard|move: Roost\n|\n|-weather|SunnyDay|[upkeep]\n|upkeep\n|turn|18\n|c|\u2606jonathan123000|i see\n|c| Big White Van Man|it lasts until it collapses in on itself in 900 billion years\n|inactive|pdt has 120 seconds left.\n|c| Big White Van Man|or until it drizzles\n|\n|t:|1666944391\n|move|p1a: Absol|Sucker Punch|p2a: Charizard\n|-damage|p2a: Charizard|91\/273\n|-damage|p1a: Absol|192\/246|[from] item: Life Orb\n|move|p2a: Charizard|Fire Blast|p1a: Absol\n|-damage|p1a: Absol|0 fnt\n|faint|p1a: Absol\n|-damage|p2a: Charizard|64\/273|[from] item: Life Orb\n|\n|-weather|SunnyDay|[upkeep]\n|upkeep\n|c| Noice Eiscue|weather based ability are endless\n|l| XX_1nfinity_XX\n|inactive|pdt has 120 seconds left.\n|\n|t:|1666944398\n|switch|p1a: Persian|Persian, L90, M|263\/263\n|-damage|p1a: Persian|231\/263|[from] Stealth Rock\n|turn|19\n|\n|t:|1666944404\n|move|p1a: Persian|Return|p2a: Charizard\n|-damage|p2a: Charizard|0 fnt\n|faint|p2a: Charizard\n|-damage|p1a: Persian|205\/263|[from] item: Life Orb\n|\n|-weather|SunnyDay|[upkeep]\n|upkeep\n|j| landon396\n|c| Noice Eiscue|cat vs cat\n|c| Noice Eiscue|go\n|\n|t:|1666944417\n|switch|p2a: Liepard|Liepard, L86, F|170\/250\n|-damage|p2a: Liepard|139\/250|[from] Stealth Rock\n|turn|20\n|\n|t:|1666944420\n|switch|p1a: Registeel|Registeel, L82|265\/265 par\n|-damage|p1a: Registeel|249\/265 par|[from] Stealth Rock\n|move|p2a: Liepard|Thunder Wave|p1a: Registeel\n|-fail|p1a: Registeel|par\n|\n|-weather|SunnyDay|[upkeep]\n|-heal|p2a: Liepard|154\/250|[from] item: Leftovers\n|-heal|p1a: Registeel|265\/265 par|[from] item: Leftovers\n|upkeep\n|turn|21\n|c| landon396|Yahhhh\n|\n|t:|1666944423\n|move|p2a: Liepard|Hidden Power|p1a: Registeel\n|-supereffective|p1a: Registeel\n|-damage|p1a: Registeel|163\/265 par\n|move|p1a: Registeel|Iron Head|p2a: Liepard\n|-damage|p2a: Liepard|61\/250\n|\n|-weather|SunnyDay|[upkeep]\n|-heal|p2a: Liepard|76\/250|[from] item: Leftovers\n|-heal|p1a: Registeel|179\/265 par|[from] item: Leftovers\n|upkeep\n|turn|22\n|\n|t:|1666944429\n|switch|p2a: Ninetales|Ninetales, L80, F|231\/247\n|-damage|p2a: Ninetales|170\/247|[from] Stealth Rock\n|move|p1a: Registeel|Iron Head|p2a: Ninetales\n|-resisted|p2a: Ninetales\n|-crit|p2a: Ninetales\n|-damage|p2a: Ninetales|94\/247\n|\n|-weather|SunnyDay|[upkeep]\n|-heal|p2a: Ninetales|109\/247|[from] item: Leftovers\n|-heal|p1a: Registeel|195\/265 par|[from] item: Leftovers\n|upkeep\n|turn|23\n|\n|t:|1666944435\n|switch|p1a: Ho-Oh|Ho-Oh, L76|285\/285\n|-damage|p1a: Ho-Oh|143\/285|[from] Stealth Rock\n|move|p2a: Ninetales|Fire Blast|p1a: Ho-Oh\n|-resisted|p1a: Ho-Oh\n|-damage|p1a: Ho-Oh|90\/285\n|\n|-weather|SunnyDay|[upkeep]\n|-heal|p2a: Ninetales|124\/247|[from] item: Leftovers\n|-heal|p1a: Ho-Oh|107\/285|[from] item: Leftovers\n|upkeep\n|turn|24\n|\n|t:|1666944444\n|move|p2a: Ninetales|Substitute|p2a: Ninetales\n|-start|p2a: Ninetales|Substitute\n|-damage|p2a: Ninetales|63\/247\n|move|p1a: Ho-Oh|Sacred Fire|p2a: Ninetales\n|-resisted|p2a: Ninetales\n|-end|p2a: Ninetales|Substitute\n|\n|-weather|SunnyDay|[upkeep]\n|-heal|p2a: Ninetales|78\/247|[from] item: Leftovers\n|-heal|p1a: Ho-Oh|124\/285|[from] item: Leftovers\n|upkeep\n|turn|25\n|j| Ash-Lucario579\n|\n|t:|1666944455\n|move|p2a: Ninetales|Fire Blast|p1a: Ho-Oh\n|-resisted|p1a: Ho-Oh\n|-damage|p1a: Ho-Oh|68\/285\n|move|p1a: Ho-Oh|Substitute|p1a: Ho-Oh\n|-fail|p1a: Ho-Oh|move: Substitute|[weak]\n|\n|-weather|SunnyDay|[upkeep]\n|-heal|p2a: Ninetales|93\/247|[from] item: Leftovers\n|-heal|p1a: Ho-Oh|85\/285|[from] item: Leftovers\n|upkeep\n|turn|26\n|\n|t:|1666944461\n|move|p2a: Ninetales|Fire Blast|p1a: Ho-Oh|[miss]\n|-miss|p2a: Ninetales|p1a: Ho-Oh\n|move|p1a: Ho-Oh|Roost|p1a: Ho-Oh\n|-heal|p1a: Ho-Oh|228\/285\n|-singleturn|p1a: Ho-Oh|move: Roost\n|\n|-weather|SunnyDay|[upkeep]\n|-heal|p2a: Ninetales|108\/247|[from] item: Leftovers\n|-heal|p1a: Ho-Oh|245\/285|[from] item: Leftovers\n|upkeep\n|turn|27\n|\n|t:|1666944463\n|move|p2a: Ninetales|Pain Split|p1a: Ho-Oh\n|-sethp|p1a: Ho-Oh|176\/285|[from] move: Pain Split|[silent]\n|-sethp|p2a: Ninetales|176\/247|[from] move: Pain Split\n|move|p1a: Ho-Oh|Substitute|p1a: Ho-Oh\n|-start|p1a: Ho-Oh|Substitute\n|-damage|p1a: Ho-Oh|105\/285\n|\n|-weather|SunnyDay|[upkeep]\n|-heal|p2a: Ninetales|191\/247|[from] item: Leftovers\n|-heal|p1a: Ho-Oh|122\/285|[from] item: Leftovers\n|upkeep\n|turn|28\n|\n|t:|1666944473\n|move|p2a: Ninetales|Substitute|p2a: Ninetales\n|-start|p2a: Ninetales|Substitute\n|-damage|p2a: Ninetales|130\/247\n|move|p1a: Ho-Oh|Earthquake|p2a: Ninetales\n|-supereffective|p2a: Ninetales\n|-end|p2a: Ninetales|Substitute\n|\n|-weather|SunnyDay|[upkeep]\n|-heal|p2a: Ninetales|145\/247|[from] item: Leftovers\n|-heal|p1a: Ho-Oh|139\/285|[from] item: Leftovers\n|upkeep\n|turn|29\n|\n|t:|1666944491\n|move|p2a: Ninetales|Substitute|p2a: Ninetales\n|-start|p2a: Ninetales|Substitute\n|-damage|p2a: Ninetales|84\/247\n|move|p1a: Ho-Oh|Earthquake|p2a: Ninetales\n|-supereffective|p2a: Ninetales\n|-end|p2a: Ninetales|Substitute\n|\n|-weather|SunnyDay|[upkeep]\n|-heal|p2a: Ninetales|99\/247|[from] item: Leftovers\n|-heal|p1a: Ho-Oh|156\/285|[from] item: Leftovers\n|upkeep\n|turn|30\n|\n|t:|1666944495\n|move|p2a: Ninetales|Pain Split||[still]\n|-fail|p2a: Ninetales\n|move|p1a: Ho-Oh|Earthquake|p2a: Ninetales\n|-supereffective|p2a: Ninetales\n|-damage|p2a: Ninetales|0 fnt\n|faint|p2a: Ninetales\n|\n|-weather|SunnyDay|[upkeep]\n|-heal|p1a: Ho-Oh|173\/285|[from] item: Leftovers\n|upkeep\n|\n|t:|1666944502\n|switch|p2a: Liepard|Liepard, L86, F|76\/250\n|-damage|p2a: Liepard|45\/250|[from] Stealth Rock\n|turn|31\n|\n|t:|1666944504\n|move|p2a: Liepard|Encore|p1a: Ho-Oh\n|-start|p1a: Ho-Oh|Encore\n|move|p1a: Ho-Oh|Earthquake|p2a: Liepard\n|-damage|p2a: Liepard|0 fnt\n|faint|p2a: Liepard\n|\n|-weather|SunnyDay|[upkeep]\n|-heal|p1a: Ho-Oh|190\/285|[from] item: Leftovers\n|upkeep\n|\n|t:|1666944507\n|switch|p2a: Scolipede|Scolipede, L86, M|243\/243\n|-damage|p2a: Scolipede|183\/243|[from] Stealth Rock\n|turn|32\n|\n|t:|1666944510\n|move|p2a: Scolipede|Swords Dance|p2a: Scolipede\n|-boost|p2a: Scolipede|atk|2\n|move|p1a: Ho-Oh|Earthquake|p2a: Scolipede\n|-damage|p2a: Scolipede|105\/243\n|\n|-weather|SunnyDay|[upkeep]\n|-heal|p2a: Scolipede|120\/243|[from] item: Black Sludge\n|-heal|p1a: Ho-Oh|207\/285|[from] item: Leftovers\n|upkeep\n|turn|33\n|\n|t:|1666944514\n|move|p2a: Scolipede|Rock Slide|p1a: Ho-Oh\n|-supereffective|p1a: Ho-Oh\n|-end|p1a: Ho-Oh|Substitute\n|move|p1a: Ho-Oh|Earthquake|p2a: Scolipede\n|-damage|p2a: Scolipede|46\/243\n|\n|-weather|SunnyDay|[upkeep]\n|-heal|p2a: Scolipede|61\/243|[from] item: Black Sludge\n|-heal|p1a: Ho-Oh|224\/285|[from] item: Leftovers\n|-end|p1a: Ho-Oh|Encore\n|upkeep\n|turn|34\n|\n|t:|1666944521\n|move|p2a: Scolipede|Rock Slide|p1a: Ho-Oh\n|-supereffective|p1a: Ho-Oh\n|-damage|p1a: Ho-Oh|0 fnt\n|faint|p1a: Ho-Oh\n|\n|-weather|SunnyDay|[upkeep]\n|-heal|p2a: Scolipede|76\/243|[from] item: Black Sludge\n|upkeep\n|\n|t:|1666944524\n|switch|p1a: Persian|Persian, L90, M|205\/263\n|-damage|p1a: Persian|173\/263|[from] Stealth Rock\n|turn|35\n|\n|t:|1666944526\n|move|p1a: Persian|Return|p2a: Scolipede\n|-damage|p2a: Scolipede|0 fnt\n|faint|p2a: Scolipede\n|-damage|p1a: Persian|147\/263|[from] item: Life Orb\n|\n|win|pdt\n|n|\u2606pdt@!|pdt\n|n|\u2606jonathan123000|jonathan123000\n|n| City9320|city9320\n|n| Noice Eiscue|noiceeiscue\n|n| Big White Van Man|bigwhitevanman\n|n| landon396|landon396\n|n| Ash-Lucario579|ashlucario579\n","inputlog":">version 855bee47758c8e203fce9c72050fbccc525688e2\n>start {\"formatid\":\"gen5randombattle\",\"seed\":[55446,28591,48820,14656],\"rated\":\"Tournament battle\"}\n>player p1 {\"name\":\"pdt\",\"avatar\":\"#scl1islanders\",\"rating\":0,\"seed\":[8833,42674,20140,34503]}\n>player p2 {\"name\":\"jonathan123000\",\"avatar\":\"101\",\"rating\":0,\"seed\":[1631,50735,64704,19654]}\n>chat \u2606pdt|hf\n>chat \u2606jonathan123000|hf\n>p1 switch 3\n>p2 switch 6\n>chat  XX_1nfinity_XX|hf?\n>chat \u2606pdt|hf = have fun\n>p1 move hiddenpower\n>p2 move substitute\n>chat  XX_1nfinity_XX|ok\n>p1 move hiddenpower\n>p2 switch 2\n>chat  Big White Van Man|Macargooooooooo\n>p1 move lavaplume\n>p2 move spore\n>p1 move lavaplume\n>p2 move stealthrock\n>p1 move lavaplume\n>p2 move whirlwind\n>p2 switch 5\n>p1 move toxic\n>p2 move calmmind\n>p1 switch 6\n>p2 move thunderbolt\n>p1 move earthquake\n>p2 move hiddenpower\n>p1 switch 6\n>p2 switch 6\n>p1 move lavaplume\n>p2 move aquatail\n>chat  XX_1nfinity_XX|noooo\n>chat \u2606pdt|marcargo noo\n>p1 switch 3\n>p1 move stealthrock\n>p2 switch 2\n>p1 switch 5\n>p2 move fireblast\n>p1 move roost\n>p2 switch 3\n>p1 switch 5\n>p2 move encore\n>p1 move ironhead\n>p2 move thunderwave\n>p1 move ironhead\n>p2 switch 4\n>chat \u2606jonathan123000|how long is the sun gna last\n>chat  Big White Van Man|gen 5 bro\n>chat \u2606pdt|in gen5 its endless\n>chat \u2606jonathan123000|lol\n>chat \u2606pdt|unless another weather is put up\n>p1 switch 2\n>p2 move roost\n>chat \u2606jonathan123000|i see\n>chat  Big White Van Man|it lasts until it collapses in on itself in 900 billion years\n>chat  Big White Van Man|or until it drizzles\n>p1 move suckerpunch\n>p2 move fireblast\n>chat  Noice Eiscue|weather based ability are endless\n>p1 switch 4\n>p1 move return\n>p2 move fireblast\n>chat  Noice Eiscue|cat vs cat\n>chat  Noice Eiscue|go\n>p2 switch 4\n>p1 switch 2\n>p2 move thunderwave\n>chat  landon396|Yahhhh\n>p1 move ironhead\n>p2 move hiddenpower\n>p1 move ironhead\n>p2 switch 3\n>p1 switch 5\n>p2 move fireblast\n>p1 move sacredfire\n>p2 move substitute\n>p1 move substitute\n>p2 move fireblast\n>p1 move roost\n>p2 move fireblast\n>p1 move substitute\n>p2 move painsplit\n>p1 move earthquake\n>p2 move substitute\n>p1 move earthquake\n>p2 move substitute\n>p1 move earthquake\n>p2 move painsplit\n>p2 switch 3\n>p1 move earthquake\n>p2 move encore\n>p2 switch 2\n>p1 move earthquake\n>p2 move swordsdance\n>p1 move earthquake\n>p2 move rockslide\n>p1 move earthquake\n>p2 move rockslide\n>p1 switch 2\n>p1 move return\n>p2 move megahorn","uploadtime":1666944527,"views":5,"p1id":"pdt","p2id":"jonathan123000","formatid":"gen5randombattle","rating":0,"private":0,"password":null}