{"id":"gen5randombattle-1608222081","p1":"ReturnToMonkey\u262f","p2":"H4WT \u2605","format":"gen5randombattle","log":"|j|\u2606ReturnToMonkey\u262f\n|j|\u2606H4WT \u2605\n|inactive|Battle timer is ON: inactive players will automatically lose when time's up.\n|t:|1656696225\n|gametype|singles\n|player|p1|ReturnToMonkey\u262f|cogita|\n|player|p2|H4WT \u2605|lucas|\n|teamsize|p1|6\n|teamsize|p2|6\n|gen|5\n|tier|[Gen 5] Random Battle\n|rated|Tournament battle\n|rule|Sleep Clause Mod: Limit one foe put to sleep\n|rule|HP Percentage Mod: HP is shown in percentages\n|\n|t:|1656696226\n|start\n|switch|p1a: Charizard|Charizard, L86, F|273\/273\n|switch|p2a: Vanilluxe|Vanilluxe, L90, M|274\/274\n|turn|1\n|inactive|ReturnToMonkey\u262f also wants the timer to be on.\n|j| QM2 nyacanm\n|c|\u2606H4WT \u2605|a luta final\n|j| QM2 master\n|c|\u2606H4WT \u2605|entre um mamaco\n|c|\u2606H4WT \u2605|e um calvo\n|\n|t:|1656696242\n|switch|p2a: Jellicent|Jellicent, L80, M|291\/291\n|move|p1a: Charizard|Fire Blast|p2a: Jellicent\n|-resisted|p2a: Jellicent\n|-damage|p2a: Jellicent|203\/291\n|-damage|p1a: Charizard|246\/273|[from] item: Life Orb\n|\n|-heal|p2a: Jellicent|221\/291|[from] item: Leftovers\n|upkeep\n|turn|2\n|c| QM2 master|monkey ganha\n|j| Heaven Back\n|c|\u2606H4WT \u2605|ser\u00e1?\n|\n|t:|1656696255\n|switch|p1a: Hydreigon|Hydreigon, L80, F|278\/278\n|move|p2a: Jellicent|Toxic|p1a: Hydreigon\n|-status|p1a: Hydreigon|tox\n|\n|-heal|p2a: Jellicent|239\/291|[from] item: Leftovers\n|-damage|p1a: Hydreigon|261\/278 tox|[from] psn\n|upkeep\n|turn|3\n|\n|t:|1656696268\n|switch|p2a: Vanilluxe|Vanilluxe, L90, M|274\/274\n|move|p1a: Hydreigon|Dark Pulse|p2a: Vanilluxe\n|-damage|p2a: Vanilluxe|187\/274\n|\n|-damage|p1a: Hydreigon|227\/278 tox|[from] psn\n|upkeep\n|turn|4\n|c| QM2 master|n se sabe mas eu aposto\n|j| Licktung\n|\n|t:|1656696281\n|switch|p1a: Qwilfish|Qwilfish, L84, F|246\/246\n|-ability|p1a: Qwilfish|Intimidate|boost\n|-unboost|p2a: Vanilluxe|atk|1\n|move|p2a: Vanilluxe|Ice Beam|p1a: Qwilfish\n|-resisted|p1a: Qwilfish\n|-crit|p1a: Qwilfish\n|-damage|p1a: Qwilfish|8\/246\n|-damage|p2a: Vanilluxe|160\/274|[from] item: Life Orb\n|\n|-heal|p1a: Qwilfish|23\/246|[from] item: Black Sludge\n|upkeep\n|turn|5\n|\n|t:|1656696290\n|move|p2a: Vanilluxe|Ice Beam|p1a: Qwilfish\n|-resisted|p1a: Qwilfish\n|-damage|p1a: Qwilfish|0 fnt\n|faint|p1a: Qwilfish\n|-damage|p2a: Vanilluxe|133\/274|[from] item: Life Orb\n|\n|upkeep\n|l| Heaven Back\n|j| akat davi\n|j| QM2 Raynn\n|inactive|ReturnToMonkey\u262f has 120 seconds left.\n|c| akat davi|Vou te ajuda com a minha sorte suprema\n|\n|t:|1656696322\n|switch|p1a: Deoxys|Deoxys, L76|201\/201\n|-ability|p1a: Deoxys|Pressure\n|turn|6\n|c| QM2 master|exibido\n|\n|t:|1656696334\n|switch|p2a: Jellicent|Jellicent, L80, M|239\/291\n|move|p1a: Deoxys|Psycho Boost|p2a: Jellicent\n|-damage|p2a: Jellicent|83\/291\n|-unboost|p1a: Deoxys|spa|2\n|\n|-heal|p2a: Jellicent|101\/291|[from] item: Leftovers\n|upkeep\n|turn|7\n|\n|t:|1656696344\n|switch|p1a: Hydreigon|Hydreigon, L80, F|227\/278 tox\n|move|p2a: Jellicent|Ice Beam|p1a: Hydreigon\n|-supereffective|p1a: Hydreigon\n|-damage|p1a: Hydreigon|103\/278 tox\n|\n|-heal|p2a: Jellicent|119\/291|[from] item: Leftovers\n|-damage|p1a: Hydreigon|86\/278 tox|[from] psn\n|upkeep\n|turn|8\n|c| akat davi|Sou exibido com tudo\n|c| QM2 master|vamos ver\n|\n|t:|1656696374\n|switch|p2a: Beautifly|Beautifly, L90, F|253\/253\n|move|p1a: Hydreigon|Dark Pulse|p2a: Beautifly\n|-damage|p2a: Beautifly|109\/253\n|\n|-damage|p1a: Hydreigon|52\/278 tox|[from] psn\n|upkeep\n|turn|9\n|c| akat davi|Virei o Uzui\n|c| akat davi|K\n|\n|t:|1656696382\n|switch|p2a: Honchkrow|Honchkrow, L82, M|298\/298\n|move|p1a: Hydreigon|Dark Pulse|p2a: Honchkrow\n|-resisted|p2a: Honchkrow\n|-damage|p2a: Honchkrow|231\/298\n|\n|-damage|p1a: Hydreigon|1\/278 tox|[from] psn\n|upkeep\n|turn|10\n|\n|t:|1656696391\n|move|p1a: Hydreigon|Dark Pulse|p2a: Honchkrow\n|-resisted|p2a: Honchkrow\n|-crit|p2a: Honchkrow\n|-damage|p2a: Honchkrow|81\/298\n|move|p2a: Honchkrow|Pursuit|p1a: Hydreigon\n|-resisted|p1a: Hydreigon\n|-damage|p1a: Hydreigon|0 fnt\n|faint|p1a: Hydreigon\n|-ability|p2a: Honchkrow|Moxie|boost\n|-boost|p2a: Honchkrow|atk|1\n|-damage|p2a: Honchkrow|52\/298|[from] item: Life Orb\n|\n|upkeep\n|\n|t:|1656696403\n|switch|p1a: Hitmonlee|Hitmonlee, L84, M|221\/221\n|turn|11\n|\n|t:|1656696413\n|switch|p2a: Jellicent|Jellicent, L80, M|119\/291\n|move|p1a: Hitmonlee|Close Combat|p2a: Jellicent\n|-immune|p2a: Jellicent\n|\n|-heal|p2a: Jellicent|137\/291|[from] item: Leftovers\n|upkeep\n|turn|12\n|c| akat davi|Vai monkey\n|c| QM2 master|honchkrow melhor pasaro\n|\n|t:|1656696438\n|move|p1a: Hitmonlee|Earthquake|p2a: Jellicent\n|-damage|p2a: Jellicent|31\/291\n|move|p2a: Jellicent|Scald|p1a: Hitmonlee\n|-damage|p1a: Hitmonlee|161\/221\n|\n|-heal|p2a: Jellicent|49\/291|[from] item: Leftovers\n|upkeep\n|turn|13\n|c| QM2 master|vai monkey\n|\n|t:|1656696447\n|move|p1a: Hitmonlee|Earthquake|p2a: Jellicent\n|-damage|p2a: Jellicent|0 fnt\n|faint|p2a: Jellicent\n|\n|upkeep\n|\n|t:|1656696458\n|switch|p2a: Qwilfish|Qwilfish, L84, F|246\/246\n|-ability|p2a: Qwilfish|Intimidate|boost\n|-unboost|p1a: Hitmonlee|atk|1\n|turn|14\n|c| akat davi|To te ajudando\n|\n|t:|1656696463\n|switch|p1a: Deoxys|Deoxys, L76|201\/201\n|-ability|p1a: Deoxys|Pressure\n|move|p2a: Qwilfish|Toxic Spikes|p1a: Deoxys\n|-sidestart|p1: ReturnToMonkey\u262f|move: Toxic Spikes\n|\n|upkeep\n|turn|15\n|\n|t:|1656696474\n|switch|p2a: Honchkrow|Honchkrow, L82, M|52\/298\n|move|p1a: Deoxys|Stealth Rock|p2a: Honchkrow\n|-sidestart|p2: H4WT \u2605|move: Stealth Rock\n|\n|upkeep\n|turn|16\n|\n|t:|1656696481\n|move|p1a: Deoxys|Reflect|p1a: Deoxys\n|-sidestart|p1: ReturnToMonkey\u262f|Reflect\n|move|p2a: Honchkrow|Pursuit|p1a: Deoxys\n|-supereffective|p1a: Deoxys\n|-damage|p1a: Deoxys|102\/201\n|-damage|p2a: Honchkrow|23\/298|[from] item: Life Orb\n|\n|-heal|p1a: Deoxys|114\/201|[from] item: Leftovers\n|upkeep\n|turn|17\n|\n|t:|1656696489\n|move|p1a: Deoxys|Hidden Power|p2a: Honchkrow\n|-damage|p2a: Honchkrow|0 fnt\n|faint|p2a: Honchkrow\n|\n|-heal|p1a: Deoxys|126\/201|[from] item: Leftovers\n|upkeep\n|\n|t:|1656696497\n|switch|p2a: Vanilluxe|Vanilluxe, L90, M|133\/274\n|-damage|p2a: Vanilluxe|65\/274|[from] Stealth Rock\n|turn|18\n|\n|t:|1656696501\n|move|p1a: Deoxys|Hidden Power|p2a: Vanilluxe\n|-supereffective|p2a: Vanilluxe\n|-damage|p2a: Vanilluxe|0 fnt\n|faint|p2a: Vanilluxe\n|\n|-heal|p1a: Deoxys|138\/201|[from] item: Leftovers\n|upkeep\n|c|\u2606H4WT \u2605|perdi\n|\n|t:|1656696510\n|switch|p2a: Qwilfish|Qwilfish, L84, F|246\/246\n|-damage|p2a: Qwilfish|216\/246|[from] Stealth Rock\n|-ability|p2a: Qwilfish|Intimidate|boost\n|-unboost|p1a: Deoxys|atk|1\n|turn|19\n|\n|t:|1656696514\n|move|p1a: Deoxys|Psycho Boost|p2a: Qwilfish\n|-supereffective|p2a: Qwilfish\n|-damage|p2a: Qwilfish|0 fnt\n|-unboost|p1a: Deoxys|spa|2\n|faint|p2a: Qwilfish\n|\n|-heal|p1a: Deoxys|150\/201|[from] item: Leftovers\n|upkeep\n|\n|t:|1656696518\n|switch|p2a: Breloom|Breloom, L80, F|227\/227\n|-damage|p2a: Breloom|213\/227|[from] Stealth Rock\n|turn|20\n|j| clemontninja2222\n|\n|t:|1656696523\n|move|p1a: Deoxys|Psycho Boost|p2a: Breloom\n|-supereffective|p2a: Breloom\n|-damage|p2a: Breloom|0 fnt\n|-unboost|p1a: Deoxys|spa|2\n|faint|p2a: Breloom\n|\n|-heal|p1a: Deoxys|162\/201|[from] item: Leftovers\n|-sideend|p1: ReturnToMonkey\u262f|Reflect\n|upkeep\n|\n|t:|1656696527\n|switch|p2a: Beautifly|Beautifly, L90, F|109\/253\n|-damage|p2a: Beautifly|0 fnt|[from] Stealth Rock\n|faint|p2a: Beautifly\n|\n|win|ReturnToMonkey\u262f\n|n|\u2606ReturnToMonkey\u262f|returntomonkey\n|n|\u2606H4WT \u2605|h4wt\n|n| QM2 nyacanm|qm2nyacanm\n|n| QM2 master|qm2master\n|n| Licktung|licktung\n|n| akat davi|akatdavi\n|n| QM2 Raynn|qm2raynn\n|n| clemontninja2222|clemontninja2222\n","inputlog":">version c9deb73427a02ee53e9833674507ea444b3b3624\n>start {\"formatid\":\"gen5randombattle\",\"seed\":[34932,55110,14360,64576],\"rated\":\"Tournament battle\"}\n>player p1 {\"name\":\"ReturnToMonkey\u262f\",\"avatar\":\"cogita\",\"rating\":0,\"seed\":[41076,30466,3594,64749]}\n>player p2 {\"name\":\"H4WT \u2605\",\"avatar\":\"lucas\",\"rating\":0,\"seed\":[5599,1093,8507,42370]}\n>chat \u2606H4WT \u2605|a luta final\n>chat \u2606H4WT \u2605|entre um mamaco\n>chat \u2606H4WT \u2605|e um calvo\n>p1 move fireblast\n>p2 switch 5\n>chat  QM2 master|monkey ganha\n>chat \u2606H4WT \u2605|ser\u00e1?\n>p1 switch 2\n>p2 move toxic\n>p1 move darkpulse\n>p2 switch 5\n>chat  QM2 master|n se sabe mas eu aposto\n>p1 switch 3\n>p2 move icebeam\n>p1 move toxicspikes\n>p2 move icebeam\n>chat  akat davi|Vou te ajuda com a minha sorte suprema\n>p1 switch 4\n>chat  QM2 master|exibido\n>p1 move psychoboost\n>p2 switch 5\n>p1 switch 3\n>p2 move icebeam\n>chat  akat davi|Sou exibido com tudo\n>chat  QM2 master|vamos ver\n>p1 move darkpulse\n>p2 switch 3\n>chat  akat davi|Virei o Uzui\n>chat  akat davi|K\n>p1 move darkpulse\n>p2 switch 6\n>p1 move darkpulse\n>p2 move pursuit\n>p1 switch 5\n>p1 move closecombat\n>p2 switch 3\n>chat  akat davi|Vai monkey \n>chat  QM2 master|honchkrow melhor pasaro\n>p1 move earthquake\n>p2 move scald\n>chat  QM2 master|vai monkey\n>p1 move earthquake\n>p2 move scald\n>p2 switch 4\n>chat  akat davi|To te ajudando\n>p1 switch 3\n>p2 move toxicspikes\n>p1 move stealthrock\n>p2 switch 3\n>p1 move reflect\n>p2 move pursuit\n>p1 move hiddenpower\n>p2 move bravebird\n>p2 switch 5\n>p1 move hiddenpower\n>p2 move icebeam\n>chat \u2606H4WT \u2605|perdi\n>p2 switch 3\n>p1 move psychoboost\n>p2 move poisonjab\n>p2 switch 2\n>p1 move psychoboost\n>p2 move bulletseed\n>p2 switch 6","uploadtime":1656696528,"views":6,"p1id":"returntomonkey","p2id":"h4wt","formatid":"gen5randombattle","rating":0,"private":0,"password":null}