{"id":"gen5ou-1697829299","p1":"chansey and lulu","p2":"fffgekdjwjahwhah","format":"gen5ou","log":"|j|\u2606chansey and lulu\n|j|\u2606fffgekdjwjahwhah\n|t:|1667049053\n|gametype|singles\n|player|p1|chansey and lulu|hooligans|1187\n|player|p2|fffgekdjwjahwhah|2|1163\n|teamsize|p1|6\n|teamsize|p2|6\n|gen|5\n|tier|[Gen 5] OU\n|rated|\n|rule|Species Clause: Limit one of each Pok\u00e9mon\n|rule|OHKO Clause: OHKO moves are banned\n|rule|Moody Clause: Moody is banned\n|rule|Evasion Items Clause: Evasion items are banned\n|rule|Evasion Moves Clause: Evasion moves are banned\n|rule|Endless Battle Clause: Forcing endless battles is banned\n|rule|HP Percentage Mod: HP is shown in percentages\n|rule|Evasion Abilities Clause: Evasion abilities are banned\n|rule|Sleep Clause: Sleep-inducing moves are banned\n|rule|Swagger Clause: Swagger is banned\n|clearpoke\n|poke|p1|Politoed, M|item\n|poke|p1|Ferrothorn, F|item\n|poke|p1|Tentacruel, F|item\n|poke|p1|Latios, M|item\n|poke|p1|Keldeo-Resolute|item\n|poke|p1|Thundurus-Therian, M|item\n|poke|p2|Politoed, M|item\n|poke|p2|Tentacruel, M|item\n|poke|p2|Latios, M|item\n|poke|p2|Keldeo-Resolute|item\n|poke|p2|Ferrothorn, M|item\n|poke|p2|Thundurus-Therian, M|item\n|teampreview\n|\n|t:|1667049062\n|start\n|switch|p1a: Keldeo|Keldeo-Resolute|100\/100\n|switch|p2a: Polybius|Politoed, M, shiny|100\/100\n|-weather|RainDance|[from] ability: Drizzle|[of] p2a: Polybius\n|turn|1\n|\n|t:|1667049078\n|switch|p1a: Tentacruel|Tentacruel, F|100\/100\n|move|p2a: Polybius|Toxic|p1a: Tentacruel\n|-immune|p1a: Tentacruel\n|\n|-weather|RainDance|[upkeep]\n|upkeep\n|turn|2\n|\n|t:|1667049090\n|switch|p2a: Thundurus|Thundurus-Therian, M|100\/100\n|move|p1a: Tentacruel|Scald|p2a: Thundurus\n|-damage|p2a: Thundurus|53\/100\n|\n|-weather|RainDance|[upkeep]\n|upkeep\n|turn|3\n|\n|t:|1667049099\n|move|p1a: Tentacruel|Protect|p1a: Tentacruel\n|-singleturn|p1a: Tentacruel|Protect\n|move|p2a: Thundurus|Thunder|p1a: Tentacruel\n|-activate|p1a: Tentacruel|move: Protect\n|\n|-weather|RainDance|[upkeep]\n|upkeep\n|turn|4\n|\n|t:|1667049107\n|switch|p1a: Thundurus|Thundurus-Therian, M|100\/100\n|move|p2a: Thundurus|Thunder|p1a: Thundurus\n|-immune|p1a: Thundurus|[from] ability: Volt Absorb\n|\n|-weather|RainDance|[upkeep]\n|upkeep\n|turn|5\n|\n|t:|1667049117\n|switch|p2a: Kid named finger|Latios, M|100\/100\n|move|p1a: Thundurus|Substitute|p1a: Thundurus\n|-start|p1a: Thundurus|Substitute\n|-damage|p1a: Thundurus|76\/100\n|\n|-weather|RainDance|[upkeep]\n|-heal|p1a: Thundurus|82\/100|[from] item: Leftovers\n|upkeep\n|turn|6\n|\n|t:|1667049128\n|move|p2a: Kid named finger|Trick||[still]\n|-fail|p2a: Kid named finger\n|move|p1a: Thundurus|Hidden Power|p2a: Kid named finger\n|-supereffective|p2a: Kid named finger\n|-damage|p2a: Kid named finger|47\/100\n|\n|-weather|RainDance|[upkeep]\n|-heal|p1a: Thundurus|88\/100|[from] item: Leftovers\n|upkeep\n|turn|7\n|\n|t:|1667049144\n|switch|p2a: Prickly pepper|Ferrothorn, M|100\/100\n|move|p1a: Thundurus|Thunder|p2a: Prickly pepper\n|-resisted|p2a: Prickly pepper\n|-damage|p2a: Prickly pepper|75\/100\n|\n|-weather|RainDance|[upkeep]\n|-heal|p1a: Thundurus|94\/100|[from] item: Leftovers\n|-heal|p2a: Prickly pepper|81\/100|[from] item: Leftovers\n|upkeep\n|turn|8\n|\n|t:|1667049155\n|move|p1a: Thundurus|Focus Blast|p2a: Prickly pepper\n|-supereffective|p2a: Prickly pepper\n|-damage|p2a: Prickly pepper|12\/100\n|move|p2a: Prickly pepper|Gyro Ball|p1a: Thundurus\n|-resisted|p1a: Thundurus\n|-end|p1a: Thundurus|Substitute\n|\n|-weather|RainDance|[upkeep]\n|-heal|p1a: Thundurus|99\/100|[from] item: Leftovers\n|-heal|p2a: Prickly pepper|18\/100|[from] item: Leftovers\n|upkeep\n|turn|9\n|\n|t:|1667049166\n|move|p1a: Thundurus|Thunder|p2a: Prickly pepper\n|-resisted|p2a: Prickly pepper\n|-damage|p2a: Prickly pepper|0 fnt\n|faint|p2a: Prickly pepper\n|\n|-weather|RainDance|[upkeep]\n|-heal|p1a: Thundurus|100\/100|[from] item: Leftovers\n|upkeep\n|\n|t:|1667049175\n|switch|p2a: Tent|Tentacruel, M|100\/100\n|turn|10\n|\n|t:|1667049187\n|move|p2a: Tent|Scald|p1a: Thundurus\n|-damage|p1a: Thundurus|56\/100\n|move|p1a: Thundurus|Thunder|p2a: Tent\n|-supereffective|p2a: Tent\n|-damage|p2a: Tent|0 fnt\n|faint|p2a: Tent\n|\n|-weather|RainDance|[upkeep]\n|-heal|p1a: Thundurus|62\/100|[from] item: Leftovers\n|upkeep\n|\n|t:|1667049200\n|switch|p2a: Polybius|Politoed, M, shiny|100\/100\n|turn|11\n|\n|t:|1667049205\n|move|p1a: Thundurus|Substitute|p1a: Thundurus\n|-start|p1a: Thundurus|Substitute\n|-damage|p1a: Thundurus|37\/100\n|move|p2a: Polybius|Toxic||[still]\n|-fail|p2a: Polybius\n|\n|-weather|RainDance|[upkeep]\n|-heal|p1a: Thundurus|43\/100|[from] item: Leftovers\n|upkeep\n|turn|12\n|\n|t:|1667049214\n|switch|p2a: Thundurus|Thundurus-Therian, M|53\/100\n|move|p1a: Thundurus|Thunder|p2a: Thundurus\n|-heal|p2a: Thundurus|78\/100|[from] ability: Volt Absorb|[of] p1a: Thundurus\n|\n|-weather|RainDance|[upkeep]\n|-heal|p1a: Thundurus|49\/100|[from] item: Leftovers\n|upkeep\n|turn|13\n|\n|t:|1667049226\n|move|p2a: Thundurus|Flash Cannon|p1a: Thundurus\n|-resisted|p1a: Thundurus\n|-activate|p1a: Thundurus|Substitute|[damage]\n|move|p1a: Thundurus|Hidden Power|p2a: Thundurus\n|-supereffective|p2a: Thundurus\n|-crit|p2a: Thundurus\n|-damage|p2a: Thundurus|0 fnt\n|faint|p2a: Thundurus\n|\n|-weather|RainDance|[upkeep]\n|-heal|p1a: Thundurus|56\/100|[from] item: Leftovers\n|upkeep\n|-message|fffgekdjwjahwhah forfeited.\n|\n|win|chansey and lulu\n|raw|chansey and lulu's rating: 1187 &rarr; <strong>1210<\/strong><br \/>(+23 for winning)\n|raw|fffgekdjwjahwhah's rating: 1163 &rarr; <strong>1140<\/strong><br \/>(-23 for losing)\n|l|\u2606fffgekdjwjahwhah\n||Ladder isn't responding, score probably updated but might not have (Request timeout).\n","uploadtime":1667049277,"views":13,"p1id":"chanseyandlulu","p2id":"fffgekdjwjahwhah","formatid":"gen5ou","rating":1140,"private":0,"password":null}