{"id":"gen5ou-1613223683","p1":"famonky","p2":"SKIP THE DRIP","format":"gen5ou","log":"|j|\u2606famonky\n|j|\u2606SKIP THE DRIP\n|inactive|Battle timer is ON: inactive players will automatically lose when time's up.\n|t:|1657315853\n|gametype|singles\n|player|p1|famonky|iris|\n|player|p2|SKIP THE DRIP|morty|\n|teamsize|p1|6\n|teamsize|p2|6\n|gen|5\n|tier|[Gen 5] OU\n|rated|Tournament battle\n|rule|Species Clause: Limit one of each Pok\u00e9mon\n|rule|OHKO Clause: OHKO moves are banned\n|rule|Moody Clause: Moody is banned\n|rule|Evasion Moves Clause: Evasion moves are banned\n|rule|Endless Battle Clause: Forcing endless battles is banned\n|rule|HP Percentage Mod: HP is shown in percentages\n|rule|Evasion Abilities Clause: Evasion abilities are banned\n|rule|Sleep Clause: Sleep-inducing moves are banned\n|rule|Swagger Clause: Swagger is banned\n|clearpoke\n|poke|p1|Politoed, F|item\n|poke|p1|Tentacruel, M|item\n|poke|p1|Jirachi|item\n|poke|p1|Thundurus-Therian, M|item\n|poke|p1|Breloom, F|item\n|poke|p1|Latios, M|item\n|poke|p2|Magnezone|item\n|poke|p2|Latios, M|item\n|poke|p2|Tentacruel, F|item\n|poke|p2|Politoed, M|item\n|poke|p2|Dragonite, F|item\n|poke|p2|Ferrothorn, F|item\n|teampreview\n|j| Darkortex\n|c|\u2606famonky|hf\n|j| TheNewBrends11@!\n|c|\u2606SKIP THE DRIP|i hate rain\n|c|\u2606SKIP THE DRIP|xD\n|c|\u2606famonky|hmm\n|j| Masati\n|j| aquy\n|\n|t:|1657315882\n|start\n|switch|p1a: Thundurus|Thundurus-Therian, M|100\/100\n|switch|p2a: Politoed|Politoed, M|100\/100\n|-weather|RainDance|[from] ability: Drizzle|[of] p2a: Politoed\n|turn|1\n|c|\u2606SKIP THE DRIP|demon lead\n|\n|t:|1657315891\n|switch|p2a: Latios|Latios, M|100\/100\n|move|p1a: Thundurus|Thunder|p2a: Latios\n|-resisted|p2a: Latios\n|-damage|p2a: Latios|64\/100\n|\n|-weather|RainDance|[upkeep]\n|upkeep\n|turn|2\n|\n|t:|1657315902\n|switch|p1a: Jirachi|Jirachi|100\/100\n|move|p2a: Latios|Surf|p1a: Jirachi\n|-damage|p1a: Jirachi|68\/100\n|\n|-weather|RainDance|[upkeep]\n|-heal|p1a: Jirachi|74\/100|[from] item: Leftovers\n|upkeep\n|turn|3\n|\n|t:|1657315907\n|switch|p2a: Magnezone|Magnezone|100\/100\n|-item|p2a: Magnezone|Air Balloon\n|move|p1a: Jirachi|Wish|p1a: Jirachi\n|\n|-weather|RainDance|[upkeep]\n|-heal|p1a: Jirachi|80\/100|[from] item: Leftovers\n|upkeep\n|turn|4\n|\n|t:|1657315911\n|move|p1a: Jirachi|U-turn|p2a: Magnezone\n|-resisted|p2a: Magnezone\n|-damage|p2a: Magnezone|92\/100\n|-enditem|p2a: Magnezone|Air Balloon\n|\n|t:|1657315913\n|switch|p1a: Breloom|Breloom, F|100\/100|[from]move: U-turn\n|move|p2a: Magnezone|Sunny Day|p2a: Magnezone\n|-weather|SunnyDay\n|\n|-weather|SunnyDay|[upkeep]\n|-status|p1a: Breloom|tox|[from] item: Toxic Orb\n|upkeep\n|turn|5\n|c|\u2606SKIP THE DRIP|wish uturn head rocks\n|c|\u2606SKIP THE DRIP|is this ur set\n|c| TheNewBrends11|wow\n|c| TheNewBrends11|a sun made out of poison\n|inactive|famonky has 120 seconds left.\n|\n|t:|1657315944\n|switch|p2a: Dragonite|Dragonite, F|100\/100\n|move|p1a: Breloom|Substitute|p1a: Breloom\n|-start|p1a: Breloom|Substitute\n|-damage|p1a: Breloom|76\/100 tox\n|\n|-weather|SunnyDay|[upkeep]\n|-heal|p1a: Breloom|88\/100 tox|[from] ability: Poison Heal\n|upkeep\n|turn|6\n|\n|t:|1657315950\n|-singleturn|p1a: Breloom|move: Focus Punch\n|move|p2a: Dragonite|Dragon Dance|p2a: Dragonite\n|-boost|p2a: Dragonite|atk|1\n|-boost|p2a: Dragonite|spe|1\n|move|p1a: Breloom|Focus Punch|p2a: Dragonite\n|-resisted|p2a: Dragonite\n|-damage|p2a: Dragonite|83\/100\n|\n|-weather|SunnyDay|[upkeep]\n|-heal|p2a: Dragonite|89\/100|[from] item: Leftovers\n|-heal|p1a: Breloom|100\/100 tox|[from] ability: Poison Heal\n|upkeep\n|turn|7\n|\n|t:|1657315959\n|switch|p1a: Politoed|Politoed, F|100\/100\n|-weather|RainDance|[from] ability: Drizzle|[of] p1a: Politoed\n|move|p2a: Dragonite|Substitute|p2a: Dragonite\n|-start|p2a: Dragonite|Substitute\n|-damage|p2a: Dragonite|64\/100\n|\n|-weather|RainDance|[upkeep]\n|-heal|p2a: Dragonite|70\/100|[from] item: Leftovers\n|upkeep\n|turn|8\n|\n|t:|1657315964\n|move|p2a: Dragonite|Dragon Claw|p1a: Politoed\n|-damage|p1a: Politoed|62\/100\n|move|p1a: Politoed|Scald|p2a: Dragonite\n|-resisted|p2a: Dragonite\n|-crit|p2a: Dragonite\n|-end|p2a: Dragonite|Substitute\n|\n|-weather|RainDance|[upkeep]\n|-heal|p2a: Dragonite|77\/100|[from] item: Leftovers\n|-heal|p1a: Politoed|68\/100|[from] item: Leftovers\n|upkeep\n|turn|9\n|\n|t:|1657315973\n|move|p2a: Dragonite|Substitute|p2a: Dragonite\n|-start|p2a: Dragonite|Substitute\n|-damage|p2a: Dragonite|52\/100\n|move|p1a: Politoed|Scald|p2a: Dragonite\n|-resisted|p2a: Dragonite\n|-activate|p2a: Dragonite|Substitute|[damage]\n|\n|-weather|RainDance|[upkeep]\n|-heal|p2a: Dragonite|58\/100|[from] item: Leftovers\n|-heal|p1a: Politoed|75\/100|[from] item: Leftovers\n|upkeep\n|turn|10\n|\n|t:|1657315978\n|move|p2a: Dragonite|Roost|p2a: Dragonite\n|-heal|p2a: Dragonite|100\/100\n|-singleturn|p2a: Dragonite|move: Roost\n|move|p1a: Politoed|Scald|p2a: Dragonite\n|-resisted|p2a: Dragonite\n|-activate|p2a: Dragonite|Substitute|[damage]\n|\n|-weather|RainDance|[upkeep]\n|-heal|p1a: Politoed|81\/100|[from] item: Leftovers\n|upkeep\n|turn|11\n|l| Darkortex\n|l| aquy\n|inactive|famonky has 120 seconds left.\n|\n|t:|1657316010\n|move|p2a: Dragonite|Dragon Dance|p2a: Dragonite\n|-boost|p2a: Dragonite|atk|1\n|-boost|p2a: Dragonite|spe|1\n|move|p1a: Politoed|Encore|p2a: Dragonite\n|-start|p2a: Dragonite|Encore\n|\n|-weather|RainDance|[upkeep]\n|-heal|p1a: Politoed|87\/100|[from] item: Leftovers\n|upkeep\n|turn|12\n|j| ibbysonlyfan\n|\n|t:|1657316022\n|switch|p1a: Latios|Latios, M|100\/100\n|move|p2a: Dragonite|Dragon Dance|p2a: Dragonite\n|-boost|p2a: Dragonite|atk|1\n|-boost|p2a: Dragonite|spe|1\n|\n|-weather|RainDance|[upkeep]\n|upkeep\n|turn|13\n|\n|t:|1657316028\n|move|p2a: Dragonite|Dragon Dance|p2a: Dragonite\n|-boost|p2a: Dragonite|atk|1\n|-boost|p2a: Dragonite|spe|1\n|move|p1a: Latios|Dragon Pulse|p2a: Dragonite\n|-supereffective|p2a: Dragonite\n|-end|p2a: Dragonite|Substitute\n|\n|-weather|RainDance|[upkeep]\n|upkeep\n|turn|14\n|\n|t:|1657316032\n|switch|p2a: Ferrothorn|Ferrothorn, F|100\/100\n|move|p1a: Latios|Dragon Pulse|p2a: Ferrothorn\n|-resisted|p2a: Ferrothorn\n|-damage|p2a: Ferrothorn|86\/100\n|\n|-weather|RainDance|[upkeep]\n|upkeep\n|turn|15\n|\n|t:|1657316038\n|switch|p1a: Breloom|Breloom, F|100\/100 tox\n|move|p2a: Ferrothorn|Stealth Rock|p1a: Breloom\n|-sidestart|p1: famonky|move: Stealth Rock\n|\n|-weather|RainDance|[upkeep]\n|upkeep\n|turn|16\n|j| datgamer123\n|\n|t:|1657316055\n|switch|p2a: Dragonite|Dragonite, F|100\/100\n|-singleturn|p1a: Breloom|move: Focus Punch\n|move|p1a: Breloom|Focus Punch|p2a: Dragonite\n|-resisted|p2a: Dragonite\n|-damage|p2a: Dragonite|83\/100\n|\n|-weather|RainDance|[upkeep]\n|-heal|p2a: Dragonite|89\/100|[from] item: Leftovers\n|upkeep\n|turn|17\n|\n|t:|1657316064\n|switch|p1a: Politoed|Politoed, F|87\/100\n|-damage|p1a: Politoed|75\/100|[from] Stealth Rock\n|move|p2a: Dragonite|Substitute|p2a: Dragonite\n|-start|p2a: Dragonite|Substitute\n|-damage|p2a: Dragonite|64\/100\n|\n|-weather|RainDance|[upkeep]\n|-heal|p2a: Dragonite|71\/100|[from] item: Leftovers\n|-heal|p1a: Politoed|81\/100|[from] item: Leftovers\n|upkeep\n|turn|18\n|\n|t:|1657316065\n|move|p2a: Dragonite|Dragon Claw|p1a: Politoed\n|-damage|p1a: Politoed|54\/100\n|move|p1a: Politoed|Encore|p2a: Dragonite\n|-start|p2a: Dragonite|Encore\n|\n|-weather|RainDance|[upkeep]\n|-heal|p2a: Dragonite|77\/100|[from] item: Leftovers\n|-heal|p1a: Politoed|60\/100|[from] item: Leftovers\n|upkeep\n|turn|19\n|\n|t:|1657316072\n|switch|p1a: Tentacruel|Tentacruel, M|100\/100\n|-damage|p1a: Tentacruel|88\/100|[from] Stealth Rock\n|move|p2a: Dragonite|Dragon Claw|p1a: Tentacruel\n|-damage|p1a: Tentacruel|43\/100\n|\n|-weather|RainDance|[upkeep]\n|-heal|p1a: Tentacruel|50\/100|[from] ability: Rain Dish\n|-heal|p1a: Tentacruel|56\/100|[from] item: Black Sludge\n|-heal|p2a: Dragonite|83\/100|[from] item: Leftovers\n|upkeep\n|turn|20\n|\n|t:|1657316074\n|move|p1a: Tentacruel|Rapid Spin|p2a: Dragonite\n|-crit|p2a: Dragonite\n|-activate|p2a: Dragonite|Substitute|[damage]\n|-sideend|p1: famonky|Stealth Rock|[from] move: Rapid Spin|[of] p1a: Tentacruel\n|move|p2a: Dragonite|Dragon Claw|p1a: Tentacruel\n|-damage|p1a: Tentacruel|15\/100\n|\n|-weather|RainDance|[upkeep]\n|-heal|p1a: Tentacruel|21\/100|[from] ability: Rain Dish\n|-heal|p1a: Tentacruel|27\/100|[from] item: Black Sludge\n|-heal|p2a: Dragonite|89\/100|[from] item: Leftovers\n|upkeep\n|turn|21\n|\n|t:|1657316079\n|move|p1a: Tentacruel|Protect|p1a: Tentacruel\n|-singleturn|p1a: Tentacruel|Protect\n|move|p2a: Dragonite|Dragon Claw|p1a: Tentacruel\n|-activate|p1a: Tentacruel|move: Protect\n|\n|-weather|RainDance|[upkeep]\n|-heal|p1a: Tentacruel|33\/100|[from] ability: Rain Dish\n|-heal|p1a: Tentacruel|39\/100|[from] item: Black Sludge\n|-heal|p2a: Dragonite|96\/100|[from] item: Leftovers\n|-end|p2a: Dragonite|Encore\n|upkeep\n|turn|22\n|\n|t:|1657316083\n|switch|p1a: Jirachi|Jirachi|80\/100\n|move|p2a: Dragonite|Dragon Dance|p2a: Dragonite\n|-boost|p2a: Dragonite|atk|1\n|-boost|p2a: Dragonite|spe|1\n|\n|-weather|RainDance|[upkeep]\n|-heal|p2a: Dragonite|100\/100|[from] item: Leftovers\n|-heal|p1a: Jirachi|86\/100|[from] item: Leftovers\n|upkeep\n|turn|23\n|\n|t:|1657316088\n|move|p2a: Dragonite|Dragon Dance|p2a: Dragonite\n|-boost|p2a: Dragonite|atk|1\n|-boost|p2a: Dragonite|spe|1\n|move|p1a: Jirachi|Wish|p1a: Jirachi\n|\n|-weather|RainDance|[upkeep]\n|-heal|p1a: Jirachi|92\/100|[from] item: Leftovers\n|upkeep\n|turn|24\n|\n|t:|1657316093\n|move|p2a: Dragonite|Dragon Dance|p2a: Dragonite\n|-boost|p2a: Dragonite|atk|1\n|-boost|p2a: Dragonite|spe|1\n|move|p1a: Jirachi|Stealth Rock|p2a: Dragonite\n|-sidestart|p2: SKIP THE DRIP|move: Stealth Rock\n|\n|-weather|RainDance|[upkeep]\n|-heal|p1a: Jirachi|100\/100|[from] move: Wish|[wisher] Jirachi\n|upkeep\n|turn|25\n|\n|t:|1657316098\n|move|p2a: Dragonite|Dragon Claw|p1a: Jirachi\n|-resisted|p1a: Jirachi\n|-damage|p1a: Jirachi|61\/100\n|move|p1a: Jirachi|U-turn|p2a: Dragonite\n|-resisted|p2a: Dragonite\n|-activate|p2a: Dragonite|Substitute|[damage]\n|j| Darkortex\n|\n|t:|1657316108\n|switch|p1a: Politoed|Politoed, F|60\/100|[from]move: U-turn\n|\n|-weather|RainDance|[upkeep]\n|-heal|p1a: Politoed|67\/100|[from] item: Leftovers\n|upkeep\n|turn|26\n|\n|t:|1657316112\n|move|p1a: Politoed|Protect|p1a: Politoed\n|-singleturn|p1a: Politoed|Protect\n|move|p2a: Dragonite|Dragon Claw|p1a: Politoed\n|-activate|p1a: Politoed|move: Protect\n|\n|-weather|RainDance|[upkeep]\n|-heal|p1a: Politoed|73\/100|[from] item: Leftovers\n|upkeep\n|turn|27\n|\n|t:|1657316118\n|move|p2a: Dragonite|Dragon Claw|p1a: Politoed\n|-damage|p1a: Politoed|1\/100\n|move|p1a: Politoed|Scald|p2a: Dragonite\n|-resisted|p2a: Dragonite\n|-activate|p2a: Dragonite|Substitute|[damage]\n|\n|-weather|RainDance|[upkeep]\n|-heal|p1a: Politoed|7\/100|[from] item: Leftovers\n|upkeep\n|turn|28\n|\n|t:|1657316127\n|move|p2a: Dragonite|Dragon Dance|p2a: Dragonite\n|-boost|p2a: Dragonite|atk|1\n|-boost|p2a: Dragonite|spe|1\n|move|p1a: Politoed|Scald|p2a: Dragonite\n|-resisted|p2a: Dragonite\n|-end|p2a: Dragonite|Substitute\n|\n|-weather|RainDance|[upkeep]\n|-heal|p1a: Politoed|13\/100|[from] item: Leftovers\n|upkeep\n|turn|29\n|c| datgamer123|damn\n|\n|t:|1657316131\n|move|p2a: Dragonite|Dragon Claw|p1a: Politoed\n|-damage|p1a: Politoed|0 fnt\n|faint|p1a: Politoed\n|\n|-weather|RainDance|[upkeep]\n|upkeep\n|j| ChiefGreenLeaf64\n|c|\u2606famonky|i mean\n|c| ChiefGreenLeaf64|jebodied\n|\n|t:|1657316153\n|switch|p1a: Thundurus|Thundurus-Therian, M|100\/100\n|turn|30\n|c|\u2606SKIP THE DRIP|dnited\n|inactive|famonky has 120 seconds left.\n|\n|t:|1657316176\n|move|p2a: Dragonite|Dragon Claw|p1a: Thundurus\n|-damage|p1a: Thundurus|0 fnt\n|faint|p1a: Thundurus\n|\n|-weather|RainDance|[upkeep]\n|upkeep\n|l| ChiefGreenLeaf64\n|c|\u2606famonky|gg\n|inactive|famonky has 120 seconds left.\n|-message|famonky forfeited.\n|\n|win|SKIP THE DRIP\n|n|\u2606famonky|famonky\n|n|\u2606SKIP THE DRIP|skipthedrip\n|n| TheNewBrends11@!|thenewbrends11\n|n| Masati|masati\n|n| ibbysonlyfan|ibbysonlyfan\n|n| datgamer123|datgamer123\n|n| Darkortex|darkortex\n|l|\u2606famonky\n|l| Darkortex\n","uploadtime":1657316543,"views":6,"p1id":"famonky","p2id":"skipthedrip","formatid":"gen5ou","rating":0,"private":0,"password":null}