{"id":"gen5ou-1572139458","p1":"Imagine Being Me","p2":"Trogba Trogba","format":"gen5ou","log":"|j|\u2606Imagine Being Me\n|j|\u2606Trogba Trogba\n|inactive|Battle timer is ON: inactive players will automatically lose when time's up.\n|t:|1652231202\n|gametype|singles\n|player|p1|Imagine Being Me|doctor-gen8|\n|player|p2|Trogba Trogba|lance|\n|teamsize|p1|6\n|teamsize|p2|6\n|gen|5\n|tier|[Gen 5] OU\n|rated|Tournament battle\n|rule|Species Clause: Limit one of each Pok\u00e9mon\n|rule|OHKO Clause: OHKO moves are banned\n|rule|Moody Clause: Moody is banned\n|rule|Evasion Moves Clause: Evasion moves are banned\n|rule|Endless Battle Clause: Forcing endless battles is banned\n|rule|HP Percentage Mod: HP is shown in percentages\n|rule|Evasion Abilities Clause: Evasion abilities are banned\n|rule|Sleep Clause: Sleep-inducing moves are banned\n|rule|Swagger Clause: Swagger is banned\n|clearpoke\n|poke|p1|Latios, M|item\n|poke|p1|Kyurem-Black|item\n|poke|p1|Magnezone|item\n|poke|p1|Heatran, M|item\n|poke|p1|Ferrothorn, F|item\n|poke|p1|Garchomp, M|item\n|poke|p2|Excadrill, F|item\n|poke|p2|Gliscor, M|item\n|poke|p2|Ferrothorn, F|item\n|poke|p2|Keldeo-Resolute|item\n|poke|p2|Dragonite, M|item\n|poke|p2|Tyranitar, F|item\n|teampreview\n|j| NeonJolteonWasUsed\n|j| TheNewBrends11\n|\n|t:|1652231228\n|start\n|switch|p1a: Magnezone|Magnezone|100\/100\n|switch|p2a: Tyranitar|Tyranitar, F|100\/100\n|-weather|Sandstorm|[from] ability: Sand Stream|[of] p2a: Tyranitar\n|turn|1\n|\n|t:|1652231237\n|move|p2a: Tyranitar|Fire Blast|p1a: Magnezone\n|-supereffective|p1a: Magnezone\n|-damage|p1a: Magnezone|13\/100\n|move|p1a: Magnezone|Volt Switch|p2a: Tyranitar\n|-crit|p2a: Tyranitar\n|-damage|p2a: Tyranitar|23\/100\n|j| Lord Xen III\n|\n|t:|1652231249\n|switch|p1a: Heatran|Heatran, M|100\/100|[from]move: Volt Switch\n|\n|-weather|Sandstorm|[upkeep]\n|upkeep\n|turn|2\n|\n|t:|1652231252\n|move|p2a: Tyranitar|Stealth Rock|p1a: Heatran\n|-sidestart|p1: Imagine Being Me|move: Stealth Rock\n|move|p1a: Heatran|Substitute|p1a: Heatran\n|-start|p1a: Heatran|Substitute\n|-damage|p1a: Heatran|76\/100\n|\n|-weather|Sandstorm|[upkeep]\n|-heal|p1a: Heatran|82\/100|[from] item: Leftovers\n|upkeep\n|turn|3\n|\n|t:|1652231257\n|move|p2a: Tyranitar|Crunch|p1a: Heatran\n|-resisted|p1a: Heatran\n|-activate|p1a: Heatran|Substitute|[damage]\n|move|p1a: Heatran|Will-O-Wisp|p2a: Tyranitar|[miss]\n|-miss|p1a: Heatran|p2a: Tyranitar\n|\n|-weather|Sandstorm|[upkeep]\n|-heal|p1a: Heatran|88\/100|[from] item: Leftovers\n|upkeep\n|turn|4\n|\n|t:|1652231265\n|move|p2a: Tyranitar|Crunch|p1a: Heatran\n|-resisted|p1a: Heatran\n|-end|p1a: Heatran|Substitute\n|move|p1a: Heatran|Will-O-Wisp|p2a: Tyranitar\n|-status|p2a: Tyranitar|brn\n|\n|-weather|Sandstorm|[upkeep]\n|-heal|p1a: Heatran|94\/100|[from] item: Leftovers\n|-damage|p2a: Tyranitar|11\/100 brn|[from] brn\n|upkeep\n|turn|5\n|\n|t:|1652231269\n|switch|p2a: Gliscor|Gliscor, M|100\/100\n|move|p1a: Heatran|Substitute|p1a: Heatran\n|-start|p1a: Heatran|Substitute\n|-damage|p1a: Heatran|69\/100\n|\n|-weather|Sandstorm|[upkeep]\n|-heal|p1a: Heatran|76\/100|[from] item: Leftovers\n|-status|p2a: Gliscor|tox|[from] item: Toxic Orb\n|upkeep\n|turn|6\n|j| mors\u672bdesuper\n|\n|t:|1652231274\n|move|p2a: Gliscor|Earthquake|p1a: Heatran\n|-supereffective|p1a: Heatran\n|-end|p1a: Heatran|Substitute\n|move|p1a: Heatran|Lava Plume|p2a: Gliscor\n|-damage|p2a: Gliscor|61\/100 tox\n|\n|-weather|Sandstorm|[upkeep]\n|-heal|p1a: Heatran|82\/100|[from] item: Leftovers\n|-heal|p2a: Gliscor|74\/100 tox|[from] ability: Poison Heal\n|upkeep\n|turn|7\n|j| pikablu007\n|l| pikablu007\n|\n|t:|1652231283\n|switch|p1a: Ferrothorn|Ferrothorn, F|100\/100\n|-damage|p1a: Ferrothorn|94\/100|[from] Stealth Rock\n|move|p2a: Gliscor|Substitute|p2a: Gliscor\n|-start|p2a: Gliscor|Substitute\n|-damage|p2a: Gliscor|49\/100 tox\n|\n|-weather|Sandstorm|[upkeep]\n|-heal|p1a: Ferrothorn|100\/100|[from] item: Leftovers\n|-heal|p2a: Gliscor|61\/100 tox|[from] ability: Poison Heal\n|upkeep\n|turn|8\n|\n|t:|1652231285\n|move|p2a: Gliscor|Substitute|p2a: Gliscor\n|-fail|p2a: Gliscor|move: Substitute\n|move|p1a: Ferrothorn|Spikes|p2a: Gliscor\n|-sidestart|p2: Trogba Trogba|Spikes\n|\n|-weather|Sandstorm|[upkeep]\n|-heal|p2a: Gliscor|74\/100 tox|[from] ability: Poison Heal\n|upkeep\n|turn|9\n|\n|t:|1652231289\n|move|p2a: Gliscor|Earthquake|p1a: Ferrothorn\n|-damage|p1a: Ferrothorn|81\/100\n|move|p1a: Ferrothorn|Spikes|p2a: Gliscor\n|-sidestart|p2: Trogba Trogba|Spikes\n|\n|-weather|Sandstorm|[upkeep]\n|-heal|p1a: Ferrothorn|87\/100|[from] item: Leftovers\n|-heal|p2a: Gliscor|86\/100 tox|[from] ability: Poison Heal\n|upkeep\n|turn|10\n|\n|t:|1652231297\n|move|p2a: Gliscor|Earthquake|p1a: Ferrothorn\n|-damage|p1a: Ferrothorn|69\/100\n|move|p1a: Ferrothorn|Spikes|p2a: Gliscor\n|-sidestart|p2: Trogba Trogba|Spikes\n|\n|-weather|Sandstorm|[upkeep]\n|-heal|p1a: Ferrothorn|75\/100|[from] item: Leftovers\n|-heal|p2a: Gliscor|99\/100 tox|[from] ability: Poison Heal\n|upkeep\n|turn|11\n|\n|t:|1652231301\n|move|p2a: Gliscor|Earthquake|p1a: Ferrothorn\n|-damage|p1a: Ferrothorn|58\/100\n|move|p1a: Ferrothorn|Power Whip|p2a: Gliscor\n|-end|p2a: Gliscor|Substitute\n|\n|-weather|Sandstorm|[upkeep]\n|-heal|p1a: Ferrothorn|64\/100|[from] item: Leftovers\n|-heal|p2a: Gliscor|100\/100 tox|[from] ability: Poison Heal\n|upkeep\n|turn|12\n|\n|t:|1652231306\n|move|p2a: Gliscor|Substitute|p2a: Gliscor\n|-start|p2a: Gliscor|Substitute\n|-damage|p2a: Gliscor|76\/100 tox\n|move|p1a: Ferrothorn|Power Whip|p2a: Gliscor\n|-activate|p2a: Gliscor|Substitute|[damage]\n|\n|-weather|Sandstorm|[upkeep]\n|-heal|p1a: Ferrothorn|70\/100|[from] item: Leftovers\n|-heal|p2a: Gliscor|88\/100 tox|[from] ability: Poison Heal\n|upkeep\n|turn|13\n|\n|t:|1652231309\n|move|p2a: Gliscor|Earthquake|p1a: Ferrothorn\n|-damage|p1a: Ferrothorn|52\/100\n|move|p1a: Ferrothorn|Power Whip|p2a: Gliscor\n|-end|p2a: Gliscor|Substitute\n|\n|-weather|Sandstorm|[upkeep]\n|-heal|p1a: Ferrothorn|58\/100|[from] item: Leftovers\n|-heal|p2a: Gliscor|100\/100 tox|[from] ability: Poison Heal\n|upkeep\n|turn|14\n|\n|t:|1652231316\n|move|p2a: Gliscor|Substitute|p2a: Gliscor\n|-start|p2a: Gliscor|Substitute\n|-damage|p2a: Gliscor|76\/100 tox\n|move|p1a: Ferrothorn|Power Whip|p2a: Gliscor\n|-end|p2a: Gliscor|Substitute\n|\n|-weather|Sandstorm|[upkeep]\n|-heal|p1a: Ferrothorn|64\/100|[from] item: Leftovers\n|-heal|p2a: Gliscor|88\/100 tox|[from] ability: Poison Heal\n|upkeep\n|turn|15\n|\n|t:|1652231324\n|move|p2a: Gliscor|Substitute|p2a: Gliscor\n|-start|p2a: Gliscor|Substitute\n|-damage|p2a: Gliscor|63\/100 tox\n|move|p1a: Ferrothorn|Power Whip|p2a: Gliscor|[miss]\n|-miss|p1a: Ferrothorn|p2a: Gliscor\n|\n|-weather|Sandstorm|[upkeep]\n|-heal|p1a: Ferrothorn|71\/100|[from] item: Leftovers\n|-heal|p2a: Gliscor|76\/100 tox|[from] ability: Poison Heal\n|upkeep\n|turn|16\n|\n|t:|1652231337\n|move|p2a: Gliscor|Protect|p2a: Gliscor\n|-singleturn|p2a: Gliscor|Protect\n|move|p1a: Ferrothorn|Power Whip|p2a: Gliscor\n|-activate|p2a: Gliscor|move: Protect\n|\n|-weather|Sandstorm|[upkeep]\n|-heal|p1a: Ferrothorn|77\/100|[from] item: Leftovers\n|-heal|p2a: Gliscor|88\/100 tox|[from] ability: Poison Heal\n|upkeep\n|turn|17\n|\n|t:|1652231344\n|move|p2a: Gliscor|Earthquake|p1a: Ferrothorn\n|-damage|p1a: Ferrothorn|56\/100\n|move|p1a: Ferrothorn|Power Whip|p2a: Gliscor\n|-activate|p2a: Gliscor|Substitute|[damage]\n|\n|-weather|Sandstorm|[upkeep]\n|-heal|p1a: Ferrothorn|63\/100|[from] item: Leftovers\n|-heal|p2a: Gliscor|100\/100 tox|[from] ability: Poison Heal\n|upkeep\n|turn|18\n|\n|t:|1652231353\n|move|p2a: Gliscor|Protect|p2a: Gliscor\n|-singleturn|p2a: Gliscor|Protect\n|move|p1a: Ferrothorn|Power Whip|p2a: Gliscor\n|-activate|p2a: Gliscor|move: Protect\n|\n|-weather|Sandstorm|[upkeep]\n|-heal|p1a: Ferrothorn|69\/100|[from] item: Leftovers\n|upkeep\n|turn|19\n|\n|t:|1652231355\n|move|p2a: Gliscor|Earthquake|p1a: Ferrothorn\n|-damage|p1a: Ferrothorn|51\/100\n|move|p1a: Ferrothorn|Power Whip|p2a: Gliscor\n|-crit|p2a: Gliscor\n|-end|p2a: Gliscor|Substitute\n|\n|-weather|Sandstorm|[upkeep]\n|-heal|p1a: Ferrothorn|57\/100|[from] item: Leftovers\n|upkeep\n|turn|20\n|\n|t:|1652231362\n|move|p2a: Gliscor|Substitute|p2a: Gliscor\n|-start|p2a: Gliscor|Substitute\n|-damage|p2a: Gliscor|76\/100 tox\n|move|p1a: Ferrothorn|Power Whip|p2a: Gliscor\n|-end|p2a: Gliscor|Substitute\n|\n|-weather|Sandstorm|[upkeep]\n|-heal|p1a: Ferrothorn|64\/100|[from] item: Leftovers\n|-heal|p2a: Gliscor|88\/100 tox|[from] ability: Poison Heal\n|upkeep\n|turn|21\n|\n|t:|1652231367\n|move|p2a: Gliscor|Substitute|p2a: Gliscor\n|-start|p2a: Gliscor|Substitute\n|-damage|p2a: Gliscor|63\/100 tox\n|move|p1a: Ferrothorn|Knock Off|p2a: Gliscor\n|-activate|p2a: Gliscor|Substitute|[damage]\n|\n|-weather|Sandstorm|[upkeep]\n|-heal|p1a: Ferrothorn|70\/100|[from] item: Leftovers\n|-heal|p2a: Gliscor|76\/100 tox|[from] ability: Poison Heal\n|upkeep\n|turn|22\n|\n|t:|1652231375\n|move|p2a: Gliscor|Protect|p2a: Gliscor\n|-singleturn|p2a: Gliscor|Protect\n|move|p1a: Ferrothorn|Knock Off|p2a: Gliscor\n|-activate|p2a: Gliscor|move: Protect\n|\n|-weather|Sandstorm|[upkeep]\n|-heal|p1a: Ferrothorn|76\/100|[from] item: Leftovers\n|-heal|p2a: Gliscor|88\/100 tox|[from] ability: Poison Heal\n|upkeep\n|turn|23\n|\n|t:|1652231387\n|move|p2a: Gliscor|Earthquake|p1a: Ferrothorn\n|-damage|p1a: Ferrothorn|58\/100\n|move|p1a: Ferrothorn|Power Whip|p2a: Gliscor\n|-end|p2a: Gliscor|Substitute\n|\n|-weather|Sandstorm|[upkeep]\n|-heal|p1a: Ferrothorn|64\/100|[from] item: Leftovers\n|-heal|p2a: Gliscor|100\/100 tox|[from] ability: Poison Heal\n|upkeep\n|turn|24\n|\n|t:|1652231395\n|move|p2a: Gliscor|Earthquake|p1a: Ferrothorn\n|-damage|p1a: Ferrothorn|44\/100\n|move|p1a: Ferrothorn|Knock Off|p2a: Gliscor\n|-crit|p2a: Gliscor\n|-damage|p2a: Gliscor|94\/100 tox\n|-enditem|p2a: Gliscor|Toxic Orb|[from] move: Knock Off|[of] p1a: Ferrothorn\n|\n|-weather|Sandstorm|[upkeep]\n|-heal|p1a: Ferrothorn|50\/100|[from] item: Leftovers\n|-heal|p2a: Gliscor|100\/100 tox|[from] ability: Poison Heal\n|upkeep\n|turn|25\n|j|+drampa's grandpa\n|\n|t:|1652231402\n|move|p2a: Gliscor|Substitute|p2a: Gliscor\n|-start|p2a: Gliscor|Substitute\n|-damage|p2a: Gliscor|76\/100 tox\n|move|p1a: Ferrothorn|Knock Off|p2a: Gliscor\n|-activate|p2a: Gliscor|Substitute|[damage]\n|\n|-weather|Sandstorm|[upkeep]\n|-heal|p1a: Ferrothorn|56\/100|[from] item: Leftovers\n|-heal|p2a: Gliscor|88\/100 tox|[from] ability: Poison Heal\n|upkeep\n|turn|26\n|j| DLTCT CHris\n|\n|t:|1652231407\n|move|p2a: Gliscor|Earthquake|p1a: Ferrothorn\n|-damage|p1a: Ferrothorn|37\/100\n|move|p1a: Ferrothorn|Power Whip|p2a: Gliscor\n|-crit|p2a: Gliscor\n|-end|p2a: Gliscor|Substitute\n|\n|-weather|Sandstorm|[upkeep]\n|-heal|p1a: Ferrothorn|43\/100|[from] item: Leftovers\n|-heal|p2a: Gliscor|100\/100 tox|[from] ability: Poison Heal\n|upkeep\n|turn|27\n|\n|t:|1652231415\n|move|p2a: Gliscor|Earthquake|p1a: Ferrothorn\n|-damage|p1a: Ferrothorn|22\/100\n|move|p1a: Ferrothorn|Power Whip|p2a: Gliscor\n|-damage|p2a: Gliscor|74\/100 tox\n|\n|-weather|Sandstorm|[upkeep]\n|-heal|p1a: Ferrothorn|29\/100|[from] item: Leftovers\n|-heal|p2a: Gliscor|87\/100 tox|[from] ability: Poison Heal\n|upkeep\n|turn|28\n|\n|t:|1652231420\n|move|p2a: Gliscor|Earthquake|p1a: Ferrothorn\n|-damage|p1a: Ferrothorn|10\/100\n|move|p1a: Ferrothorn|Leech Seed|p2a: Gliscor\n|-start|p2a: Gliscor|move: Leech Seed\n|\n|-weather|Sandstorm|[upkeep]\n|-heal|p1a: Ferrothorn|16\/100|[from] item: Leftovers\n|-damage|p2a: Gliscor|74\/100 tox|[from] Leech Seed|[of] p1a: Ferrothorn\n|-heal|p1a: Ferrothorn|29\/100|[silent]\n|-heal|p2a: Gliscor|87\/100 tox|[from] ability: Poison Heal\n|upkeep\n|turn|29\n|\n|t:|1652231429\n|switch|p2a: Tyranitar|Tyranitar, F|11\/100 brn\n|-damage|p2a: Tyranitar|0 fnt|[from] Spikes\n|faint|p2a: Tyranitar\n|move|p1a: Ferrothorn|Leech Seed|p2: Tyranitar|[notarget]\n|-fail|p1a: Ferrothorn\n|\n|-weather|Sandstorm|[upkeep]\n|-heal|p1a: Ferrothorn|35\/100|[from] item: Leftovers\n|upkeep\n|\n|t:|1652231444\n|switch|p2a: Keldeo|Keldeo-Resolute|100\/100\n|-damage|p2a: Keldeo|76\/100|[from] Spikes\n|turn|30\n|\n|t:|1652231449\n|move|p2a: Keldeo|Secret Sword|p1a: Ferrothorn\n|-supereffective|p1a: Ferrothorn\n|-damage|p1a: Ferrothorn|0 fnt\n|faint|p1a: Ferrothorn\n|\n|-weather|Sandstorm|[upkeep]\n|-damage|p2a: Keldeo|70\/100|[from] Sandstorm\n|upkeep\n|\n|t:|1652231454\n|switch|p1a: Latios|Latios, M|100\/100\n|-damage|p1a: Latios|88\/100|[from] Stealth Rock\n|turn|31\n|\n|t:|1652231463\n|switch|p1a: Magnezone|Magnezone|13\/100\n|-damage|p1a: Magnezone|7\/100|[from] Stealth Rock\n|move|p2a: Keldeo|Icy Wind|p1a: Magnezone\n|-resisted|p1a: Magnezone\n|-damage|p1a: Magnezone|0 fnt\n|faint|p1a: Magnezone\n|\n|-weather|Sandstorm|[upkeep]\n|-damage|p2a: Keldeo|63\/100|[from] Sandstorm\n|upkeep\n|\n|t:|1652231483\n|switch|p1a: Latios|Latios, M|88\/100\n|-damage|p1a: Latios|76\/100|[from] Stealth Rock\n|turn|32\n|\n|t:|1652231490\n|switch|p2a: Ferrothorn|Ferrothorn, F|100\/100\n|-damage|p2a: Ferrothorn|76\/100|[from] Spikes\n|move|p1a: Latios|Dragon Dance|p1a: Latios\n|-boost|p1a: Latios|atk|1\n|-boost|p1a: Latios|spe|1\n|\n|-weather|Sandstorm|[upkeep]\n|-damage|p1a: Latios|70\/100|[from] Sandstorm\n|upkeep\n|turn|33\n|\n|t:|1652231495\n|switch|p1a: Heatran|Heatran, M|82\/100\n|-damage|p1a: Heatran|69\/100|[from] Stealth Rock\n|move|p2a: Ferrothorn|Toxic|p1a: Heatran\n|-immune|p1a: Heatran\n|\n|-weather|Sandstorm|[upkeep]\n|-heal|p1a: Heatran|76\/100|[from] item: Leftovers\n|upkeep\n|turn|34\n|\n|t:|1652231503\n|switch|p2a: Gliscor|Gliscor, M|87\/100 tox\n|move|p1a: Heatran|Substitute|p1a: Heatran\n|-start|p1a: Heatran|Substitute\n|-damage|p1a: Heatran|51\/100\n|\n|-weather|Sandstorm|[upkeep]\n|-heal|p1a: Heatran|57\/100|[from] item: Leftovers\n|-heal|p2a: Gliscor|99\/100 tox|[from] ability: Poison Heal\n|upkeep\n|turn|35\n|\n|t:|1652231506\n|move|p1a: Heatran|Protect|p1a: Heatran\n|-singleturn|p1a: Heatran|Protect\n|move|p2a: Gliscor|Substitute|p2a: Gliscor\n|-start|p2a: Gliscor|Substitute\n|-damage|p2a: Gliscor|74\/100 tox\n|\n|-weather|Sandstorm|[upkeep]\n|-heal|p1a: Heatran|63\/100|[from] item: Leftovers\n|-heal|p2a: Gliscor|87\/100 tox|[from] ability: Poison Heal\n|upkeep\n|turn|36\n|\n|t:|1652231514\n|move|p2a: Gliscor|Earthquake|p1a: Heatran\n|-supereffective|p1a: Heatran\n|-end|p1a: Heatran|Substitute\n|move|p1a: Heatran|Lava Plume|p2a: Gliscor\n|-end|p2a: Gliscor|Substitute\n|\n|-weather|Sandstorm|[upkeep]\n|-heal|p1a: Heatran|69\/100|[from] item: Leftovers\n|-heal|p2a: Gliscor|99\/100 tox|[from] ability: Poison Heal\n|upkeep\n|turn|37\n|\n|t:|1652231530\n|switch|p1a: Kyurem|Kyurem-Black|100\/100\n|-damage|p1a: Kyurem|76\/100|[from] Stealth Rock\n|-ability|p1a: Kyurem|Teravolt\n|move|p2a: Gliscor|Substitute|p2a: Gliscor\n|-start|p2a: Gliscor|Substitute\n|-damage|p2a: Gliscor|74\/100 tox\n|\n|-weather|Sandstorm|[upkeep]\n|-damage|p1a: Kyurem|70\/100|[from] Sandstorm\n|-heal|p2a: Gliscor|87\/100 tox|[from] ability: Poison Heal\n|upkeep\n|turn|38\n|\n|t:|1652231537\n|move|p1a: Kyurem|Ice Beam|p2a: Gliscor\n|-supereffective|p2a: Gliscor\n|-end|p2a: Gliscor|Substitute\n|move|p2a: Gliscor|Toxic|p1a: Kyurem\n|-status|p1a: Kyurem|tox\n|\n|-weather|Sandstorm|[upkeep]\n|-damage|p1a: Kyurem|63\/100 tox|[from] Sandstorm\n|-damage|p1a: Kyurem|57\/100 tox|[from] psn\n|-heal|p2a: Gliscor|99\/100 tox|[from] ability: Poison Heal\n|upkeep\n|turn|39\n|l| NeonJolteonWasUsed\n|\n|t:|1652231542\n|move|p2a: Gliscor|Protect|p2a: Gliscor\n|-singleturn|p2a: Gliscor|Protect\n|move|p1a: Kyurem|Ice Beam|p2a: Gliscor\n|-activate|p2a: Gliscor|move: Protect\n|\n|-weather|Sandstorm|[upkeep]\n|-damage|p1a: Kyurem|51\/100 tox|[from] Sandstorm\n|-damage|p1a: Kyurem|39\/100 tox|[from] psn\n|-heal|p2a: Gliscor|100\/100 tox|[from] ability: Poison Heal\n|upkeep\n|turn|40\n|\n|t:|1652231552\n|switch|p2a: Ferrothorn|Ferrothorn, F|76\/100\n|-damage|p2a: Ferrothorn|51\/100|[from] Spikes\n|move|p1a: Kyurem|Ice Beam|p2a: Ferrothorn\n|-damage|p2a: Ferrothorn|0 fnt\n|faint|p2a: Ferrothorn\n|\n|-weather|Sandstorm|[upkeep]\n|-damage|p1a: Kyurem|33\/100 tox|[from] Sandstorm\n|-damage|p1a: Kyurem|14\/100 tox|[from] psn\n|upkeep\n|\n|t:|1652231553\n|switch|p2a: Gliscor|Gliscor, M|100\/100 tox\n|turn|41\n|\n|t:|1652231556\n|move|p2a: Gliscor|Protect|p2a: Gliscor\n|-singleturn|p2a: Gliscor|Protect\n|move|p1a: Kyurem|Ice Beam|p2a: Gliscor\n|-activate|p2a: Gliscor|move: Protect\n|\n|-weather|Sandstorm|[upkeep]\n|-damage|p1a: Kyurem|8\/100 tox|[from] Sandstorm\n|-damage|p1a: Kyurem|0 fnt|[from] psn\n|faint|p1a: Kyurem\n|upkeep\n|\n|t:|1652231559\n|switch|p1a: Latios|Latios, M|70\/100\n|-damage|p1a: Latios|58\/100|[from] Stealth Rock\n|turn|42\n|\n|t:|1652231564\n|move|p1a: Latios|Dragon Dance|p1a: Latios\n|-boost|p1a: Latios|atk|1\n|-boost|p1a: Latios|spe|1\n|move|p2a: Gliscor|Toxic|p1a: Latios\n|-status|p1a: Latios|tox\n|\n|-weather|Sandstorm|[upkeep]\n|-damage|p1a: Latios|52\/100 tox|[from] Sandstorm\n|-damage|p1a: Latios|46\/100 tox|[from] psn\n|upkeep\n|turn|43\n|\n|t:|1652231575\n|move|p1a: Latios|Recover|p1a: Latios\n|-heal|p1a: Latios|96\/100 tox\n|move|p2a: Gliscor|Substitute|p2a: Gliscor\n|-start|p2a: Gliscor|Substitute\n|-damage|p2a: Gliscor|76\/100 tox\n|\n|-weather|Sandstorm|[upkeep]\n|-damage|p1a: Latios|90\/100 tox|[from] Sandstorm\n|-damage|p1a: Latios|78\/100 tox|[from] psn\n|-heal|p2a: Gliscor|88\/100 tox|[from] ability: Poison Heal\n|upkeep\n|turn|44\n|\n|t:|1652231581\n|move|p2a: Gliscor|Protect|p2a: Gliscor\n|-singleturn|p2a: Gliscor|Protect\n|move|p1a: Latios|Dragon Dance|p1a: Latios\n|-boost|p1a: Latios|atk|1\n|-boost|p1a: Latios|spe|1\n|\n|-weather|Sandstorm|[upkeep]\n|-damage|p1a: Latios|72\/100 tox|[from] Sandstorm\n|-damage|p1a: Latios|54\/100 tox|[from] psn\n|-heal|p2a: Gliscor|100\/100 tox|[from] ability: Poison Heal\n|upkeep\n|turn|45\n|\n|t:|1652231585\n|move|p1a: Latios|Outrage|p2a: Gliscor\n|-enditem|p1a: Latios|Dragon Gem|[from] gem\n|-end|p2a: Gliscor|Substitute\n|move|p2a: Gliscor|Substitute|p2a: Gliscor\n|-start|p2a: Gliscor|Substitute\n|-damage|p2a: Gliscor|76\/100 tox\n|\n|-weather|Sandstorm|[upkeep]\n|-damage|p1a: Latios|48\/100 tox|[from] Sandstorm\n|-damage|p1a: Latios|24\/100 tox|[from] psn\n|-heal|p2a: Gliscor|88\/100 tox|[from] ability: Poison Heal\n|upkeep\n|turn|46\n|\n|t:|1652231588\n|move|p2a: Gliscor|Protect|p2a: Gliscor\n|-singleturn|p2a: Gliscor|Protect\n|move|p1a: Latios|Outrage|p2a: Gliscor|[from]lockedmove\n|-activate|p2a: Gliscor|move: Protect\n|-start|p1a: Latios|confusion|[fatigue]\n|\n|-weather|Sandstorm|[upkeep]\n|-damage|p1a: Latios|18\/100 tox|[from] Sandstorm\n|-damage|p1a: Latios|0 fnt|[from] psn\n|faint|p1a: Latios\n|-heal|p2a: Gliscor|100\/100 tox|[from] ability: Poison Heal\n|upkeep\n|n|!Trogba Trogba|trogbatrogba\n|\n|t:|1652231602\n|switch|p1a: Heatran|Heatran, M|69\/100\n|-damage|p1a: Heatran|57\/100|[from] Stealth Rock\n|turn|47\n|\n|t:|1652231605\n|move|p1a: Heatran|Protect|p1a: Heatran\n|-singleturn|p1a: Heatran|Protect\n|move|p2a: Gliscor|Earthquake|p1a: Heatran\n|-activate|p1a: Heatran|move: Protect\n|\n|-weather|Sandstorm|[upkeep]\n|-heal|p1a: Heatran|63\/100|[from] item: Leftovers\n|upkeep\n|turn|48\n|\n|t:|1652231619\n|switch|p1a: Garchomp|Garchomp, M|100\/100\n|-damage|p1a: Garchomp|94\/100|[from] Stealth Rock\n|move|p2a: Gliscor|Earthquake|p1a: Garchomp\n|-damage|p1a: Garchomp|62\/100\n|\n|-weather|Sandstorm|[upkeep]\n|upkeep\n|turn|49\n|j| Regidragoons\n|\n|t:|1652231630\n|switch|p1a: Heatran|Heatran, M|63\/100\n|-damage|p1a: Heatran|51\/100|[from] Stealth Rock\n|move|p2a: Gliscor|Toxic|p1a: Heatran\n|-immune|p1a: Heatran\n|\n|-weather|Sandstorm|[upkeep]\n|-heal|p1a: Heatran|57\/100|[from] item: Leftovers\n|upkeep\n|turn|50\n|\n|t:|1652231645\n|move|p2a: Gliscor|Earthquake|p1a: Heatran\n|-supereffective|p1a: Heatran\n|-damage|p1a: Heatran|0 fnt\n|faint|p1a: Heatran\n|\n|-weather|Sandstorm|[upkeep]\n|upkeep\n|-message|Imagine Being Me forfeited.\n|\n|win|Trogba Trogba\n|n|\u2606Imagine Being Me|imaginebeingme\n|n|!Trogba Trogba|trogbatrogba\n|n| TheNewBrends11|thenewbrends11\n|n| Lord Xen III|lordxeniii\n|n| mors\u672bdesuper|morsdesuper\n|n|+drampa's grandpa|drampasgrandpa\n|n| DLTCT CHris|dltctchris\n|n| Regidragoons|regidragoons\n|l|\u2606Imagine Being Me\n|l|+drampa's grandpa\n|j|\u2606Imagine Being Me\n|player|p1|Imagine Being Me|doctor-gen8\n|l|!Trogba Trogba\n","uploadtime":1652231598,"views":3,"p1id":"imaginebeingme","p2id":"trogbatrogba","formatid":"gen5ou","rating":0,"private":0,"password":null}