{"id":"gen5randombattle-1536333348","p1":"Reality Is Wrong","p2":"Sp0oNl0rD","format":"gen5randombattle","log":"|j|\u2606Reality Is Wrong\n|j|\u2606Sp0oNl0rD\n|t:|1647972862\n|gametype|singles\n|player|p1|Reality Is Wrong|ghetsis|\n|player|p2|Sp0oNl0rD|blackbelt-gen4dp|\n|teamsize|p1|6\n|teamsize|p2|6\n|gen|5\n|tier|[Gen 5] Random Battle\n|rated|Tournament battle\n|rule|Sleep Clause Mod: Limit one foe put to sleep\n|rule|HP Percentage Mod: HP is shown in percentages\n|\n|t:|1647972862\n|start\n|switch|p1a: Slowbro|Slowbro, L82, F|290\/290\n|switch|p2a: Volcarona|Volcarona, L80, F|267\/267\n|turn|1\n|j| BB-8-NU\n|inactive|Battle timer is ON: inactive players will automatically lose when time's up. (requested by Sp0oNl0rD)\n|inactive|Reality Is Wrong has 120 seconds left.\n|inactive|Sp0oNl0rD has 120 seconds left.\n|\n|t:|1647972897\n|switch|p2a: Exeggutor|Exeggutor, L86, F|304\/304\n|move|p1a: Slowbro|Thunder Wave|p2a: Exeggutor\n|-status|p2a: Exeggutor|par\n|\n|upkeep\n|turn|2\n|\n|t:|1647972908\n|switch|p1a: Leafeon|Leafeon, L90, M|263\/263\n|move|p2a: Exeggutor|Psychic|p1a: Leafeon\n|-damage|p1a: Leafeon|113\/263\n|\n|-heal|p1a: Leafeon|129\/263|[from] item: Leftovers\n|upkeep\n|turn|3\n|\n|t:|1647972921\n|switch|p2a: Volcarona|Volcarona, L80, F|267\/267\n|move|p1a: Leafeon|Substitute|p1a: Leafeon\n|-start|p1a: Leafeon|Substitute\n|-damage|p1a: Leafeon|64\/263\n|\n|-heal|p1a: Leafeon|80\/263|[from] item: Leftovers\n|upkeep\n|turn|4\n|\n|t:|1647972931\n|move|p1a: Leafeon|Baton Pass|p1a: Leafeon\n|\n|t:|1647972934\n|switch|p1a: Milotic|Milotic, L82, M|290\/290\n|move|p2a: Volcarona|Fiery Dance|p1a: Milotic\n|-resisted|p1a: Milotic\n|-activate|p1a: Milotic|Substitute|[damage]\n|-boost|p2a: Volcarona|spa|1\n|\n|upkeep\n|turn|5\n|\n|t:|1647972939\n|switch|p2a: Exeggutor|Exeggutor, L86, F|304\/304 par\n|move|p1a: Milotic|Toxic|p2a: Exeggutor|[miss]\n|-miss|p1a: Milotic|p2a: Exeggutor\n|\n|upkeep\n|turn|6\n|\n|t:|1647972945\n|move|p1a: Milotic|Scald|p2a: Exeggutor\n|-resisted|p2a: Exeggutor\n|-damage|p2a: Exeggutor|258\/304 par\n|move|p2a: Exeggutor|Giga Drain|p1a: Milotic\n|-supereffective|p1a: Milotic\n|-end|p1a: Milotic|Substitute\n|-heal|p2a: Exeggutor|271\/304 par|[from] drain|[of] p1a: Milotic\n|\n|upkeep\n|turn|7\n|\n|t:|1647972950\n|switch|p1a: Dusknoir|Dusknoir, L84, F|213\/213\n|-ability|p1a: Dusknoir|Pressure\n|move|p2a: Exeggutor|Giga Drain|p1a: Dusknoir\n|-damage|p1a: Dusknoir|137\/213\n|-heal|p2a: Exeggutor|304\/304 par|[from] drain|[of] p1a: Dusknoir\n|\n|-heal|p1a: Dusknoir|150\/213|[from] item: Leftovers\n|upkeep\n|turn|8\n|\n|t:|1647972954\n|switch|p2a: Unfezant|Unfezant, L90, F|290\/290\n|move|p1a: Dusknoir|Ice Punch|p2a: Unfezant\n|-supereffective|p2a: Unfezant\n|-damage|p2a: Unfezant|174\/290\n|\n|-heal|p2a: Unfezant|192\/290|[from] item: Leftovers\n|-heal|p1a: Dusknoir|163\/213|[from] item: Leftovers\n|upkeep\n|turn|9\n|\n|t:|1647972958\n|move|p2a: Unfezant|Roost|p2a: Unfezant\n|-heal|p2a: Unfezant|290\/290\n|-singleturn|p2a: Unfezant|move: Roost\n|move|p1a: Dusknoir|Will-O-Wisp|p2a: Unfezant\n|-status|p2a: Unfezant|brn\n|\n|-heal|p1a: Dusknoir|176\/213|[from] item: Leftovers\n|-damage|p2a: Unfezant|254\/290 brn|[from] brn\n|upkeep\n|turn|10\n|\n|t:|1647972968\n|move|p2a: Unfezant|Pluck|p1a: Dusknoir\n|-crit|p1a: Dusknoir\n|-damage|p1a: Dusknoir|125\/213\n|move|p1a: Dusknoir|Ice Punch|p2a: Unfezant\n|-supereffective|p2a: Unfezant\n|-damage|p2a: Unfezant|134\/290 brn\n|\n|-heal|p2a: Unfezant|152\/290 brn|[from] item: Leftovers\n|-heal|p1a: Dusknoir|138\/213|[from] item: Leftovers\n|-damage|p2a: Unfezant|116\/290 brn|[from] brn\n|upkeep\n|turn|11\n|\n|t:|1647972972\n|move|p2a: Unfezant|Pluck|p1a: Dusknoir\n|-damage|p1a: Dusknoir|109\/213\n|move|p1a: Dusknoir|Ice Punch|p2a: Unfezant\n|-supereffective|p2a: Unfezant\n|-damage|p2a: Unfezant|0 fnt\n|faint|p2a: Unfezant\n|\n|-heal|p1a: Dusknoir|122\/213|[from] item: Leftovers\n|upkeep\n|\n|t:|1647972977\n|switch|p2a: Alomomola|Alomomola, L86, M|424\/424\n|turn|12\n|\n|t:|1647972982\n|switch|p1a: Leafeon|Leafeon, L90, M|80\/263\n|move|p2a: Alomomola|Toxic|p1a: Leafeon\n|-status|p1a: Leafeon|tox\n|\n|-heal|p1a: Leafeon|96\/263 tox|[from] item: Leftovers\n|-damage|p1a: Leafeon|80\/263 tox|[from] psn\n|upkeep\n|turn|13\n|\n|t:|1647972986\n|move|p1a: Leafeon|Baton Pass|p1a: Leafeon\n|\n|t:|1647972992\n|switch|p1a: Milotic|Milotic, L82, M|290\/290\n|move|p2a: Alomomola|Wish|p2a: Alomomola\n|\n|upkeep\n|turn|14\n|\n|t:|1647972997\n|switch|p1a: Glaceon|Glaceon, L90, M|263\/263\n|move|p2a: Alomomola|Toxic|p1a: Glaceon\n|-status|p1a: Glaceon|tox\n|\n|-damage|p1a: Glaceon|247\/263 tox|[from] psn\n|upkeep\n|turn|15\n|\n|t:|1647973002\n|move|p1a: Glaceon|Ice Beam|p2a: Alomomola\n|-resisted|p2a: Alomomola\n|-damage|p2a: Alomomola|313\/424\n|move|p2a: Alomomola|Wish|p2a: Alomomola\n|\n|-heal|p1a: Glaceon|263\/263 tox|[from] item: Leftovers\n|-heal|p2a: Alomomola|339\/424|[from] item: Leftovers\n|-damage|p1a: Glaceon|231\/263 tox|[from] psn\n|upkeep\n|turn|16\n|\n|t:|1647973007\n|switch|p1a: Leafeon|Leafeon, L90, M|80\/263 tox\n|switch|p2a: Exeggutor|Exeggutor, L86, F|304\/304 par\n|\n|-heal|p1a: Leafeon|96\/263 tox|[from] item: Leftovers\n|-damage|p1a: Leafeon|80\/263 tox|[from] psn\n|upkeep\n|turn|17\n|\n|t:|1647973015\n|switch|p2a: Volcarona|Volcarona, L80, F|267\/267\n|move|p1a: Leafeon|Baton Pass|p1a: Leafeon\n|\n|t:|1647973031\n|switch|p1a: Slowbro|Slowbro, L82, F|290\/290\n|\n|upkeep\n|turn|18\n|\n|t:|1647973045\n|switch|p2a: Exeggutor|Exeggutor, L86, F|304\/304 par\n|move|p1a: Slowbro|Ice Beam|p2a: Exeggutor\n|-supereffective|p2a: Exeggutor\n|-damage|p2a: Exeggutor|156\/304 par\n|\n|upkeep\n|turn|19\n|\n|t:|1647973048\n|move|p1a: Slowbro|Ice Beam|p2a: Exeggutor\n|-supereffective|p2a: Exeggutor\n|-damage|p2a: Exeggutor|0 fnt\n|faint|p2a: Exeggutor\n|\n|upkeep\n|\n|t:|1647973054\n|switch|p2a: Alomomola|Alomomola, L86, M|424\/424\n|turn|20\n|j| The Dank Jet\n|\n|t:|1647973061\n|switch|p1a: Milotic|Milotic, L82, M|290\/290\n|move|p2a: Alomomola|Toxic|p1a: Milotic|[miss]\n|-miss|p2a: Alomomola|p1a: Milotic\n|\n|upkeep\n|turn|21\n|\n|t:|1647973063\n|move|p1a: Milotic|Toxic|p2a: Alomomola\n|-status|p2a: Alomomola|tox\n|move|p2a: Alomomola|Toxic|p1a: Milotic|[miss]\n|-miss|p2a: Alomomola|p1a: Milotic\n|\n|-damage|p2a: Alomomola|398\/424 tox|[from] psn\n|upkeep\n|turn|22\n|\n|t:|1647973067\n|switch|p1a: Leafeon|Leafeon, L90, M|80\/263 tox\n|move|p2a: Alomomola|Wish|p2a: Alomomola\n|\n|-heal|p1a: Leafeon|96\/263 tox|[from] item: Leftovers\n|-heal|p2a: Alomomola|424\/424 tox|[from] item: Leftovers\n|-damage|p1a: Leafeon|80\/263 tox|[from] psn\n|-damage|p2a: Alomomola|372\/424 tox|[from] psn\n|upkeep\n|turn|23\n|\n|t:|1647973072\n|switch|p2a: Emboar|Emboar, L84, F|322\/322\n|move|p1a: Leafeon|Baton Pass|p1a: Leafeon\n|\n|t:|1647973079\n|switch|p1a: Slowbro|Slowbro, L82, F|290\/290\n|\n|upkeep\n|turn|24\n|\n|t:|1647973084\n|switch|p2a: Alomomola|Alomomola, L86, M|424\/424 tox\n|move|p1a: Slowbro|Scald|p2a: Alomomola\n|-resisted|p2a: Alomomola\n|-damage|p2a: Alomomola|365\/424 tox\n|\n|-heal|p2a: Alomomola|391\/424 tox|[from] item: Leftovers\n|-damage|p2a: Alomomola|365\/424 tox|[from] psn\n|upkeep\n|turn|25\n|\n|t:|1647973091\n|switch|p1a: Leafeon|Leafeon, L90, M|80\/263 tox\n|move|p2a: Alomomola|Waterfall|p1a: Leafeon\n|-resisted|p1a: Leafeon\n|-damage|p1a: Leafeon|55\/263 tox\n|\n|-heal|p1a: Leafeon|71\/263 tox|[from] item: Leftovers\n|-heal|p2a: Alomomola|391\/424 tox|[from] item: Leftovers\n|-damage|p1a: Leafeon|55\/263 tox|[from] psn\n|-damage|p2a: Alomomola|339\/424 tox|[from] psn\n|upkeep\n|turn|26\n|\n|t:|1647973095\n|switch|p2a: Emboar|Emboar, L84, F|322\/322\n|move|p1a: Leafeon|Leaf Blade|p2a: Emboar\n|-resisted|p2a: Emboar\n|-damage|p2a: Emboar|244\/322\n|\n|-heal|p1a: Leafeon|71\/263 tox|[from] item: Leftovers\n|-damage|p1a: Leafeon|39\/263 tox|[from] psn\n|upkeep\n|turn|27\n|\n|t:|1647973097\n|switch|p2a: Alomomola|Alomomola, L86, M|424\/424 tox\n|switch|p1a: Slowbro|Slowbro, L82, F|290\/290\n|\n|-damage|p2a: Alomomola|398\/424 tox|[from] psn\n|upkeep\n|turn|28\n|j| Sheik\n|inactive|Reality Is Wrong has 120 seconds left.\n|\n|t:|1647973128\n|switch|p1a: Leafeon|Leafeon, L90, M|39\/263 tox\n|move|p2a: Alomomola|Wish|p2a: Alomomola\n|\n|-heal|p1a: Leafeon|55\/263 tox|[from] item: Leftovers\n|-heal|p2a: Alomomola|424\/424 tox|[from] item: Leftovers\n|-damage|p1a: Leafeon|39\/263 tox|[from] psn\n|-damage|p2a: Alomomola|372\/424 tox|[from] psn\n|upkeep\n|turn|29\n|\n|t:|1647973134\n|switch|p2a: Emboar|Emboar, L84, F|244\/322\n|move|p1a: Leafeon|Baton Pass|p1a: Leafeon\n|inactive|Reality Is Wrong has 120 seconds left.\n|\n|t:|1647973147\n|switch|p1a: Milotic|Milotic, L82, M|290\/290\n|\n|-heal|p2a: Emboar|322\/322|[from] move: Wish|[wisher] Alomomola\n|upkeep\n|turn|30\n|\n|t:|1647973152\n|switch|p2a: Alomomola|Alomomola, L86, M|424\/424 tox\n|move|p1a: Milotic|Scald|p2a: Alomomola\n|-resisted|p2a: Alomomola\n|-damage|p2a: Alomomola|361\/424 tox\n|\n|-heal|p2a: Alomomola|387\/424 tox|[from] item: Leftovers\n|-damage|p2a: Alomomola|361\/424 tox|[from] psn\n|upkeep\n|turn|31\n|\n|t:|1647973164\n|switch|p1a: Leafeon|Leafeon, L90, M|39\/263 tox\n|move|p2a: Alomomola|Waterfall|p1a: Leafeon\n|-resisted|p1a: Leafeon\n|-damage|p1a: Leafeon|16\/263 tox\n|\n|-heal|p1a: Leafeon|32\/263 tox|[from] item: Leftovers\n|-heal|p2a: Alomomola|387\/424 tox|[from] item: Leftovers\n|-damage|p1a: Leafeon|16\/263 tox|[from] psn\n|-damage|p2a: Alomomola|335\/424 tox|[from] psn\n|upkeep\n|turn|32\n|\n|t:|1647973169\n|switch|p2a: Volcarona|Volcarona, L80, F|267\/267\n|move|p1a: Leafeon|Leaf Blade|p2a: Volcarona\n|-resisted|p2a: Volcarona\n|-damage|p2a: Volcarona|230\/267\n|\n|-heal|p1a: Leafeon|32\/263 tox|[from] item: Leftovers\n|-heal|p2a: Volcarona|246\/267|[from] item: Leftovers\n|-damage|p1a: Leafeon|0 fnt|[from] psn\n|faint|p1a: Leafeon\n|upkeep\n|\n|t:|1647973177\n|switch|p1a: Milotic|Milotic, L82, M|290\/290\n|turn|33\n|\n|t:|1647973179\n|switch|p2a: Alomomola|Alomomola, L86, M|424\/424 tox\n|move|p1a: Milotic|Toxic|p2a: Alomomola\n|-fail|p2a: Alomomola|tox\n|\n|-damage|p2a: Alomomola|398\/424 tox|[from] psn\n|upkeep\n|turn|34\n|\n|t:|1647973185\n|switch|p1a: Dusknoir|Dusknoir, L84, F|122\/213\n|-ability|p1a: Dusknoir|Pressure\n|move|p2a: Alomomola|Toxic|p1a: Dusknoir\n|-status|p1a: Dusknoir|tox\n|\n|-heal|p2a: Alomomola|424\/424 tox|[from] item: Leftovers\n|-heal|p1a: Dusknoir|135\/213 tox|[from] item: Leftovers\n|-damage|p2a: Alomomola|372\/424 tox|[from] psn\n|-damage|p1a: Dusknoir|122\/213 tox|[from] psn\n|upkeep\n|turn|35\n|\n|t:|1647973189\n|move|p2a: Alomomola|Wish|p2a: Alomomola\n|move|p1a: Dusknoir|Pain Split|p2a: Alomomola\n|-sethp|p2a: Alomomola|247\/424 tox|[from] move: Pain Split|[silent]\n|-sethp|p1a: Dusknoir|213\/213 tox|[from] move: Pain Split\n|\n|-heal|p2a: Alomomola|273\/424 tox|[from] item: Leftovers\n|-damage|p2a: Alomomola|195\/424 tox|[from] psn\n|-damage|p1a: Dusknoir|187\/213 tox|[from] psn\n|upkeep\n|turn|36\n|\n|t:|1647973196\n|switch|p2a: Volcarona|Volcarona, L80, F|246\/267\n|move|p1a: Dusknoir|Shadow Sneak|p2a: Volcarona\n|-damage|p2a: Volcarona|191\/267\n|\n|-heal|p2a: Volcarona|267\/267|[from] move: Wish|[wisher] Alomomola\n|-heal|p1a: Dusknoir|200\/213 tox|[from] item: Leftovers\n|-damage|p1a: Dusknoir|161\/213 tox|[from] psn\n|upkeep\n|turn|37\n|\n|t:|1647973201\n|switch|p2a: Alomomola|Alomomola, L86, M|336\/424 tox\n|switch|p1a: Milotic|Milotic, L82, M|290\/290\n|\n|-heal|p2a: Alomomola|362\/424 tox|[from] item: Leftovers\n|-damage|p2a: Alomomola|336\/424 tox|[from] psn\n|upkeep\n|turn|38\n|\n|t:|1647973204\n|switch|p1a: Dusknoir|Dusknoir, L84, F|161\/213 tox\n|-ability|p1a: Dusknoir|Pressure\n|switch|p2a: Volcarona|Volcarona, L80, F|267\/267\n|\n|-heal|p1a: Dusknoir|174\/213 tox|[from] item: Leftovers\n|-damage|p1a: Dusknoir|161\/213 tox|[from] psn\n|upkeep\n|turn|39\n|\n|t:|1647973208\n|switch|p1a: Milotic|Milotic, L82, M|290\/290\n|move|p2a: Volcarona|Fiery Dance|p1a: Milotic\n|-resisted|p1a: Milotic\n|-damage|p1a: Milotic|253\/290\n|-boost|p2a: Volcarona|spa|1\n|\n|-heal|p1a: Milotic|271\/290|[from] item: Leftovers\n|upkeep\n|turn|40\n|\n|t:|1647973212\n|switch|p2a: Alomomola|Alomomola, L86, M|424\/424 tox\n|move|p1a: Milotic|Toxic|p2a: Alomomola|[miss]\n|-miss|p1a: Milotic|p2a: Alomomola\n|\n|-heal|p1a: Milotic|289\/290|[from] item: Leftovers\n|-damage|p2a: Alomomola|398\/424 tox|[from] psn\n|upkeep\n|turn|41\n|\n|t:|1647973216\n|switch|p1a: Dusknoir|Dusknoir, L84, F|161\/213 tox\n|-ability|p1a: Dusknoir|Pressure\n|move|p2a: Alomomola|Waterfall|p1a: Dusknoir\n|-damage|p1a: Dusknoir|107\/213 tox\n|\n|-heal|p2a: Alomomola|424\/424 tox|[from] item: Leftovers\n|-heal|p1a: Dusknoir|120\/213 tox|[from] item: Leftovers\n|-damage|p2a: Alomomola|372\/424 tox|[from] psn\n|-damage|p1a: Dusknoir|107\/213 tox|[from] psn\n|upkeep\n|turn|42\n|\n|t:|1647973220\n|move|p2a: Alomomola|Wish|p2a: Alomomola\n|move|p1a: Dusknoir|Pain Split|p2a: Alomomola\n|-sethp|p2a: Alomomola|239\/424 tox|[from] move: Pain Split|[silent]\n|-sethp|p1a: Dusknoir|213\/213 tox|[from] move: Pain Split\n|\n|-heal|p2a: Alomomola|265\/424 tox|[from] item: Leftovers\n|-damage|p2a: Alomomola|187\/424 tox|[from] psn\n|-damage|p1a: Dusknoir|187\/213 tox|[from] psn\n|upkeep\n|turn|43\n|\n|t:|1647973225\n|switch|p1a: Milotic|Milotic, L82, M|289\/290\n|move|p2a: Alomomola|Waterfall|p1a: Milotic\n|-resisted|p1a: Milotic\n|-damage|p1a: Milotic|249\/290\n|\n|-heal|p2a: Alomomola|399\/424 tox|[from] move: Wish|[wisher] Alomomola\n|-heal|p1a: Milotic|267\/290|[from] item: Leftovers\n|-heal|p2a: Alomomola|424\/424 tox|[from] item: Leftovers\n|-damage|p2a: Alomomola|320\/424 tox|[from] psn\n|upkeep\n|turn|44\n|\n|t:|1647973228\n|switch|p1a: Dusknoir|Dusknoir, L84, F|187\/213 tox\n|-ability|p1a: Dusknoir|Pressure\n|switch|p2a: Volcarona|Volcarona, L80, F|267\/267\n|\n|-heal|p1a: Dusknoir|200\/213 tox|[from] item: Leftovers\n|-damage|p1a: Dusknoir|187\/213 tox|[from] psn\n|upkeep\n|turn|45\n|\n|t:|1647973231\n|switch|p2a: Kyurem|Kyurem-White, L76|315\/315\n|-ability|p2a: Kyurem|Turboblaze\n|switch|p1a: Milotic|Milotic, L82, M|267\/290\n|\n|-heal|p1a: Milotic|285\/290|[from] item: Leftovers\n|upkeep\n|turn|46\n|\n|t:|1647973237\n|switch|p2a: Alomomola|Alomomola, L86, M|424\/424 tox\n|move|p1a: Milotic|Toxic|p2a: Alomomola\n|-fail|p2a: Alomomola|tox\n|\n|-heal|p1a: Milotic|290\/290|[from] item: Leftovers\n|-damage|p2a: Alomomola|398\/424 tox|[from] psn\n|upkeep\n|turn|47\n|\n|t:|1647973243\n|switch|p1a: Dusknoir|Dusknoir, L84, F|187\/213 tox\n|-ability|p1a: Dusknoir|Pressure\n|switch|p2a: Kyurem|Kyurem-White, L76|315\/315\n|-ability|p2a: Kyurem|Turboblaze\n|\n|-heal|p1a: Dusknoir|200\/213 tox|[from] item: Leftovers\n|-damage|p1a: Dusknoir|187\/213 tox|[from] psn\n|upkeep\n|turn|48\n|\n|t:|1647973248\n|move|p2a: Kyurem|Draco Meteor|p1a: Dusknoir\n|-damage|p1a: Dusknoir|57\/213 tox\n|-unboost|p2a: Kyurem|spa|2\n|move|p1a: Dusknoir|Pain Split|p2a: Kyurem\n|-sethp|p2a: Kyurem|186\/315|[from] move: Pain Split|[silent]\n|-sethp|p1a: Dusknoir|186\/213 tox|[from] move: Pain Split\n|\n|-heal|p2a: Kyurem|205\/315|[from] item: Leftovers\n|-heal|p1a: Dusknoir|199\/213 tox|[from] item: Leftovers\n|-damage|p1a: Dusknoir|173\/213 tox|[from] psn\n|upkeep\n|turn|49\n|\n|t:|1647973255\n|switch|p2a: Alomomola|Alomomola, L86, M|424\/424 tox\n|switch|p1a: Milotic|Milotic, L82, M|290\/290\n|\n|-damage|p2a: Alomomola|398\/424 tox|[from] psn\n|upkeep\n|turn|50\n|\n|t:|1647973258\n|switch|p1a: Dusknoir|Dusknoir, L84, F|173\/213 tox\n|-ability|p1a: Dusknoir|Pressure\n|move|p2a: Alomomola|Toxic|p1a: Dusknoir\n|-fail|p1a: Dusknoir|tox\n|\n|-heal|p2a: Alomomola|424\/424 tox|[from] item: Leftovers\n|-heal|p1a: Dusknoir|186\/213 tox|[from] item: Leftovers\n|-damage|p2a: Alomomola|372\/424 tox|[from] psn\n|-damage|p1a: Dusknoir|173\/213 tox|[from] psn\n|upkeep\n|turn|51\n|\n|t:|1647973262\n|move|p1a: Dusknoir|Shadow Sneak|p2a: Alomomola\n|-damage|p2a: Alomomola|323\/424 tox\n|move|p2a: Alomomola|Wish|p2a: Alomomola\n|\n|-heal|p2a: Alomomola|349\/424 tox|[from] item: Leftovers\n|-heal|p1a: Dusknoir|186\/213 tox|[from] item: Leftovers\n|-damage|p2a: Alomomola|271\/424 tox|[from] psn\n|-damage|p1a: Dusknoir|160\/213 tox|[from] psn\n|upkeep\n|turn|52\n|\n|t:|1647973265\n|switch|p2a: Kyurem|Kyurem-White, L76|205\/315\n|-ability|p2a: Kyurem|Turboblaze\n|move|p1a: Dusknoir|Shadow Sneak|p2a: Kyurem\n|-damage|p2a: Kyurem|160\/315\n|\n|-heal|p2a: Kyurem|315\/315|[from] move: Wish|[wisher] Alomomola\n|-heal|p1a: Dusknoir|173\/213 tox|[from] item: Leftovers\n|-damage|p1a: Dusknoir|134\/213 tox|[from] psn\n|upkeep\n|turn|53\n|\n|t:|1647973272\n|move|p2a: Kyurem|Draco Meteor|p1a: Dusknoir\n|-damage|p1a: Dusknoir|0 fnt\n|-unboost|p2a: Kyurem|spa|2\n|faint|p1a: Dusknoir\n|\n|upkeep\n|\n|t:|1647973288\n|switch|p1a: Glaceon|Glaceon, L90, M|231\/263 tox\n|turn|54\n|\n|t:|1647973294\n|switch|p2a: Alomomola|Alomomola, L86, M|412\/424 tox\n|move|p1a: Glaceon|Shadow Ball|p2a: Alomomola\n|-damage|p2a: Alomomola|293\/424 tox\n|\n|-heal|p1a: Glaceon|247\/263 tox|[from] item: Leftovers\n|-heal|p2a: Alomomola|319\/424 tox|[from] item: Leftovers\n|-damage|p1a: Glaceon|231\/263 tox|[from] psn\n|-damage|p2a: Alomomola|293\/424 tox|[from] psn\n|upkeep\n|turn|55\n|\n|t:|1647973299\n|move|p1a: Glaceon|Shadow Ball|p2a: Alomomola\n|-damage|p2a: Alomomola|158\/424 tox\n|move|p2a: Alomomola|Wish|p2a: Alomomola\n|\n|-heal|p1a: Glaceon|247\/263 tox|[from] item: Leftovers\n|-heal|p2a: Alomomola|184\/424 tox|[from] item: Leftovers\n|-damage|p1a: Glaceon|215\/263 tox|[from] psn\n|-damage|p2a: Alomomola|132\/424 tox|[from] psn\n|upkeep\n|turn|56\n|\n|t:|1647973303\n|switch|p1a: Milotic|Milotic, L82, M|290\/290\n|switch|p2a: Volcarona|Volcarona, L80, F|267\/267\n|\n|upkeep\n|turn|57\n|\n|t:|1647973318\n|switch|p2a: Alomomola|Alomomola, L86, M|273\/424 tox\n|move|p1a: Milotic|Scald|p2a: Alomomola\n|-resisted|p2a: Alomomola\n|-damage|p2a: Alomomola|207\/424 tox\n|\n|-heal|p2a: Alomomola|233\/424 tox|[from] item: Leftovers\n|-damage|p2a: Alomomola|207\/424 tox|[from] psn\n|upkeep\n|turn|58\n|\n|t:|1647973321\n|switch|p1a: Glaceon|Glaceon, L90, M|215\/263 tox\n|switch|p2a: Kyurem|Kyurem-White, L76|315\/315\n|-ability|p2a: Kyurem|Turboblaze\n|\n|-heal|p1a: Glaceon|231\/263 tox|[from] item: Leftovers\n|-damage|p1a: Glaceon|215\/263 tox|[from] psn\n|upkeep\n|turn|59\n|\n|t:|1647973325\n|switch|p2a: Alomomola|Alomomola, L86, M|348\/424 tox\n|switch|p1a: Milotic|Milotic, L82, M|290\/290\n|\n|-heal|p2a: Alomomola|374\/424 tox|[from] item: Leftovers\n|-damage|p2a: Alomomola|348\/424 tox|[from] psn\n|upkeep\n|turn|60\n|\n|t:|1647973331\n|switch|p1a: Glaceon|Glaceon, L90, M|215\/263 tox\n|move|p2a: Alomomola|Toxic|p1a: Glaceon\n|-fail|p1a: Glaceon|tox\n|\n|-heal|p1a: Glaceon|231\/263 tox|[from] item: Leftovers\n|-heal|p2a: Alomomola|374\/424 tox|[from] item: Leftovers\n|-damage|p1a: Glaceon|215\/263 tox|[from] psn\n|-damage|p2a: Alomomola|322\/424 tox|[from] psn\n|upkeep\n|turn|61\n|j| kkikis\n|\n|t:|1647973350\n|move|p2a: Alomomola|Protect|p2a: Alomomola\n|-singleturn|p2a: Alomomola|Protect\n|move|p1a: Glaceon|Shadow Ball|p2a: Alomomola\n|-activate|p2a: Alomomola|move: Protect\n|\n|-heal|p1a: Glaceon|231\/263 tox|[from] item: Leftovers\n|-heal|p2a: Alomomola|348\/424 tox|[from] item: Leftovers\n|-damage|p1a: Glaceon|199\/263 tox|[from] psn\n|-damage|p2a: Alomomola|270\/424 tox|[from] psn\n|upkeep\n|turn|62\n|\n|t:|1647973355\n|switch|p1a: Milotic|Milotic, L82, M|290\/290\n|switch|p2a: Kyurem|Kyurem-White, L76|315\/315\n|-ability|p2a: Kyurem|Turboblaze\n|\n|upkeep\n|turn|63\n|l| kkikis\n|\n|t:|1647973363\n|switch|p2a: Alomomola|Alomomola, L86, M|411\/424 tox\n|move|p1a: Milotic|Toxic|p2a: Alomomola\n|-fail|p2a: Alomomola|tox\n|\n|-heal|p2a: Alomomola|424\/424 tox|[from] item: Leftovers\n|-damage|p2a: Alomomola|398\/424 tox|[from] psn\n|upkeep\n|turn|64\n|\n|t:|1647973368\n|switch|p1a: Glaceon|Glaceon, L90, M|199\/263 tox\n|move|p2a: Alomomola|Waterfall|p1a: Glaceon\n|-damage|p1a: Glaceon|142\/263 tox\n|\n|-heal|p1a: Glaceon|158\/263 tox|[from] item: Leftovers\n|-heal|p2a: Alomomola|424\/424 tox|[from] item: Leftovers\n|-damage|p1a: Glaceon|142\/263 tox|[from] psn\n|-damage|p2a: Alomomola|372\/424 tox|[from] psn\n|upkeep\n|turn|65\n|\n|t:|1647973371\n|switch|p2a: Emboar|Emboar, L84, F|322\/322\n|move|p1a: Glaceon|Shadow Ball|p2a: Emboar\n|-damage|p2a: Emboar|213\/322\n|\n|-heal|p1a: Glaceon|158\/263 tox|[from] item: Leftovers\n|-damage|p1a: Glaceon|126\/263 tox|[from] psn\n|upkeep\n|turn|66\n|j|+kinjana\n|\n|t:|1647973385\n|move|p2a: Emboar|Wild Charge|p1a: Glaceon\n|-damage|p1a: Glaceon|68\/263 tox\n|-damage|p2a: Emboar|198\/322|[from] Recoil\n|move|p1a: Glaceon|Hidden Power|p2a: Emboar\n|-supereffective|p2a: Emboar\n|-damage|p2a: Emboar|2\/322\n|\n|-heal|p1a: Glaceon|84\/263 tox|[from] item: Leftovers\n|-damage|p1a: Glaceon|36\/263 tox|[from] psn\n|upkeep\n|turn|67\n|\n|t:|1647973389\n|move|p2a: Emboar|Wild Charge|p1a: Glaceon\n|-damage|p1a: Glaceon|0 fnt\n|faint|p1a: Glaceon\n|-damage|p2a: Emboar|0 fnt|[from] Recoil\n|faint|p2a: Emboar\n|\n|upkeep\n|\n|t:|1647973404\n|switch|p1a: Milotic|Milotic, L82, M|290\/290\n|switch|p2a: Alomomola|Alomomola, L86, M|424\/424 tox\n|turn|68\n|\n|t:|1647973410\n|move|p1a: Milotic|Haze|p1a: Milotic\n|-clearallboost\n|move|p2a: Alomomola|Toxic|p1a: Milotic\n|-status|p1a: Milotic|tox\n|\n|-damage|p1a: Milotic|272\/290 tox|[from] psn\n|-damage|p2a: Alomomola|398\/424 tox|[from] psn\n|upkeep\n|turn|69\n|\n|t:|1647973414\n|move|p1a: Milotic|Haze|p1a: Milotic\n|-clearallboost\n|move|p2a: Alomomola|Toxic|p1a: Milotic\n|-fail|p1a: Milotic|tox\n|\n|-heal|p1a: Milotic|290\/290 tox|[from] item: Leftovers\n|-heal|p2a: Alomomola|424\/424 tox|[from] item: Leftovers\n|-damage|p1a: Milotic|254\/290 tox|[from] psn\n|-damage|p2a: Alomomola|372\/424 tox|[from] psn\n|upkeep\n|turn|70\n|\n|t:|1647973417\n|switch|p2a: Kyurem|Kyurem-White, L76|315\/315\n|-ability|p2a: Kyurem|Turboblaze\n|move|p1a: Milotic|Haze|p1a: Milotic\n|-clearallboost\n|\n|-heal|p1a: Milotic|272\/290 tox|[from] item: Leftovers\n|-damage|p1a: Milotic|218\/290 tox|[from] psn\n|upkeep\n|turn|71\n|\n|t:|1647973420\n|switch|p2a: Alomomola|Alomomola, L86, M|424\/424 tox\n|move|p1a: Milotic|Recover|p1a: Milotic\n|-heal|p1a: Milotic|290\/290 tox\n|\n|-damage|p1a: Milotic|218\/290 tox|[from] psn\n|-damage|p2a: Alomomola|398\/424 tox|[from] psn\n|upkeep\n|turn|72\n|\n|t:|1647973423\n|switch|p1a: Slowbro|Slowbro, L82, F|290\/290\n|move|p2a: Alomomola|Wish|p2a: Alomomola\n|\n|-heal|p2a: Alomomola|424\/424 tox|[from] item: Leftovers\n|-damage|p2a: Alomomola|372\/424 tox|[from] psn\n|upkeep\n|turn|73\n|\n|t:|1647973428\n|switch|p2a: Kyurem|Kyurem-White, L76|315\/315\n|-ability|p2a: Kyurem|Turboblaze\n|switch|p1a: Milotic|Milotic, L82, M|218\/290 tox\n|\n|-heal|p1a: Milotic|236\/290 tox|[from] item: Leftovers\n|-damage|p1a: Milotic|218\/290 tox|[from] psn\n|upkeep\n|turn|74\n|\n|t:|1647973431\n|move|p2a: Kyurem|Draco Meteor|p1a: Milotic\n|-damage|p1a: Milotic|64\/290 tox\n|-unboost|p2a: Kyurem|spa|2\n|move|p1a: Milotic|Recover|p1a: Milotic\n|-heal|p1a: Milotic|209\/290 tox\n|\n|-heal|p1a: Milotic|227\/290 tox|[from] item: Leftovers\n|-damage|p1a: Milotic|191\/290 tox|[from] psn\n|upkeep\n|turn|75\n|\n|t:|1647973437\n|switch|p2a: Alomomola|Alomomola, L86, M|424\/424 tox\n|switch|p1a: Slowbro|Slowbro, L82, F|290\/290\n|\n|-damage|p2a: Alomomola|398\/424 tox|[from] psn\n|upkeep\n|turn|76\n|j| mars and back\n|\n|t:|1647973440\n|switch|p2a: Kyurem|Kyurem-White, L76|315\/315\n|-ability|p2a: Kyurem|Turboblaze\n|switch|p1a: Milotic|Milotic, L82, M|191\/290 tox\n|\n|-heal|p1a: Milotic|209\/290 tox|[from] item: Leftovers\n|-damage|p1a: Milotic|191\/290 tox|[from] psn\n|upkeep\n|turn|77\n|\n|t:|1647973442\n|move|p2a: Kyurem|Draco Meteor|p1a: Milotic\n|-damage|p1a: Milotic|38\/290 tox\n|-unboost|p2a: Kyurem|spa|2\n|move|p1a: Milotic|Recover|p1a: Milotic\n|-heal|p1a: Milotic|183\/290 tox\n|\n|-heal|p1a: Milotic|201\/290 tox|[from] item: Leftovers\n|-damage|p1a: Milotic|165\/290 tox|[from] psn\n|upkeep\n|turn|78\n|\n|t:|1647973445\n|switch|p2a: Alomomola|Alomomola, L86, M|424\/424 tox\n|move|p1a: Milotic|Recover|p1a: Milotic\n|-heal|p1a: Milotic|290\/290 tox\n|\n|-damage|p1a: Milotic|236\/290 tox|[from] psn\n|-damage|p2a: Alomomola|398\/424 tox|[from] psn\n|upkeep\n|turn|79\n|\n|t:|1647973448\n|switch|p1a: Slowbro|Slowbro, L82, F|290\/290\n|move|p2a: Alomomola|Toxic|p1a: Slowbro\n|-status|p1a: Slowbro|tox\n|\n|-heal|p2a: Alomomola|424\/424 tox|[from] item: Leftovers\n|-damage|p2a: Alomomola|372\/424 tox|[from] psn\n|-damage|p1a: Slowbro|272\/290 tox|[from] psn\n|upkeep\n|turn|80\n|l| The Dank Jet\n|\n|t:|1647973454\n|move|p2a: Alomomola|Wish|p2a: Alomomola\n|move|p1a: Slowbro|Thunder Wave||[still]\n|-fail|p1a: Slowbro\n|\n|-heal|p2a: Alomomola|398\/424 tox|[from] item: Leftovers\n|-heal|p1a: Slowbro|290\/290 tox|[from] item: Leftovers\n|-damage|p2a: Alomomola|320\/424 tox|[from] psn\n|-damage|p1a: Slowbro|254\/290 tox|[from] psn\n|upkeep\n|turn|81\n|\n|t:|1647973457\n|move|p2a: Alomomola|Waterfall|p1a: Slowbro\n|-resisted|p1a: Slowbro\n|-damage|p1a: Slowbro|222\/290 tox\n|move|p1a: Slowbro|Thunder Wave||[still]\n|-fail|p1a: Slowbro\n|\n|-heal|p2a: Alomomola|424\/424 tox|[from] move: Wish|[wisher] Alomomola\n|-heal|p1a: Slowbro|240\/290 tox|[from] item: Leftovers\n|-damage|p2a: Alomomola|320\/424 tox|[from] psn\n|-damage|p1a: Slowbro|186\/290 tox|[from] psn\n|upkeep\n|turn|82\n|\n|t:|1647973461\n|move|p2a: Alomomola|Wish|p2a: Alomomola\n|move|p1a: Slowbro|Thunder Wave||[still]\n|-fail|p1a: Slowbro\n|\n|-heal|p2a: Alomomola|346\/424 tox|[from] item: Leftovers\n|-heal|p1a: Slowbro|204\/290 tox|[from] item: Leftovers\n|-damage|p2a: Alomomola|216\/424 tox|[from] psn\n|-damage|p1a: Slowbro|132\/290 tox|[from] psn\n|upkeep\n|turn|83\n|\n|t:|1647973465\n|move|p2a: Alomomola|Protect|p2a: Alomomola\n|-singleturn|p2a: Alomomola|Protect\n|move|p1a: Slowbro|Thunder Wave|p2a: Alomomola\n|-activate|p2a: Alomomola|move: Protect\n|\n|-heal|p2a: Alomomola|424\/424 tox|[from] move: Wish|[wisher] Alomomola\n|-heal|p1a: Slowbro|150\/290 tox|[from] item: Leftovers\n|-damage|p2a: Alomomola|268\/424 tox|[from] psn\n|-damage|p1a: Slowbro|60\/290 tox|[from] psn\n|upkeep\n|turn|84\n|\n|t:|1647973468\n|switch|p2a: Volcarona|Volcarona, L80, F|267\/267\n|switch|p1a: Milotic|Milotic, L82, M|236\/290 tox\n|\n|-heal|p1a: Milotic|254\/290 tox|[from] item: Leftovers\n|-damage|p1a: Milotic|236\/290 tox|[from] psn\n|upkeep\n|turn|85\n|\n|t:|1647973472\n|move|p2a: Volcarona|Quiver Dance|p2a: Volcarona\n|-boost|p2a: Volcarona|spa|1\n|-boost|p2a: Volcarona|spd|1\n|-boost|p2a: Volcarona|spe|1\n|move|p1a: Milotic|Toxic|p2a: Volcarona\n|-status|p2a: Volcarona|tox\n|\n|-heal|p1a: Milotic|254\/290 tox|[from] item: Leftovers\n|-damage|p2a: Volcarona|251\/267 tox|[from] psn\n|-damage|p1a: Milotic|218\/290 tox|[from] psn\n|upkeep\n|turn|86\n|\n|t:|1647973477\n|move|p2a: Volcarona|Fiery Dance|p1a: Milotic\n|-resisted|p1a: Milotic\n|-damage|p1a: Milotic|158\/290 tox\n|-boost|p2a: Volcarona|spa|1\n|move|p1a: Milotic|Haze|p1a: Milotic\n|-clearallboost\n|\n|-heal|p2a: Volcarona|267\/267 tox|[from] item: Leftovers\n|-heal|p1a: Milotic|176\/290 tox|[from] item: Leftovers\n|-damage|p2a: Volcarona|235\/267 tox|[from] psn\n|-damage|p1a: Milotic|122\/290 tox|[from] psn\n|upkeep\n|turn|87\n|\n|t:|1647973480\n|move|p2a: Volcarona|Fiery Dance|p1a: Milotic\n|-resisted|p1a: Milotic\n|-damage|p1a: Milotic|81\/290 tox\n|move|p1a: Milotic|Recover|p1a: Milotic\n|-heal|p1a: Milotic|226\/290 tox\n|\n|-heal|p2a: Volcarona|251\/267 tox|[from] item: Leftovers\n|-heal|p1a: Milotic|244\/290 tox|[from] item: Leftovers\n|-damage|p2a: Volcarona|203\/267 tox|[from] psn\n|-damage|p1a: Milotic|172\/290 tox|[from] psn\n|upkeep\n|turn|88\n|\n|t:|1647973483\n|switch|p2a: Alomomola|Alomomola, L86, M|409\/424 tox\n|move|p1a: Milotic|Recover|p1a: Milotic\n|-heal|p1a: Milotic|290\/290 tox\n|\n|-heal|p2a: Alomomola|424\/424 tox|[from] item: Leftovers\n|-damage|p1a: Milotic|200\/290 tox|[from] psn\n|-damage|p2a: Alomomola|398\/424 tox|[from] psn\n|upkeep\n|turn|89\n|\n|t:|1647973486\n|switch|p1a: Slowbro|Slowbro, L82, F|156\/290 tox\n|switch|p2a: Kyurem|Kyurem-White, L76|315\/315\n|-ability|p2a: Kyurem|Turboblaze\n|\n|-heal|p1a: Slowbro|174\/290 tox|[from] item: Leftovers\n|-damage|p1a: Slowbro|156\/290 tox|[from] psn\n|upkeep\n|turn|90\n|\n|t:|1647973492\n|switch|p1a: Milotic|Milotic, L82, M|200\/290 tox\n|move|p2a: Kyurem|Draco Meteor|p1a: Milotic\n|-damage|p1a: Milotic|44\/290 tox\n|-unboost|p2a: Kyurem|spa|2\n|\n|-heal|p1a: Milotic|62\/290 tox|[from] item: Leftovers\n|-damage|p1a: Milotic|44\/290 tox|[from] psn\n|upkeep\n|turn|91\n|\n|t:|1647973496\n|move|p2a: Kyurem|Draco Meteor|p1a: Milotic\n|-damage|p1a: Milotic|0 fnt\n|-unboost|p2a: Kyurem|spa|2\n|faint|p1a: Milotic\n|\n|upkeep\n|\n|t:|1647973505\n|switch|p1a: Slowbro|Slowbro, L82, F|252\/290 tox\n|turn|92\n|\n|t:|1647973513\n|switch|p2a: Alomomola|Alomomola, L86, M|424\/424 tox\n|switch|p1a: Groudon|Groudon, L76|277\/277\n|-weather|SunnyDay|[from] ability: Drought|[of] p1a: Groudon\n|\n|-weather|SunnyDay|[upkeep]\n|-damage|p2a: Alomomola|398\/424 tox|[from] psn\n|upkeep\n|turn|93\n|\n|t:|1647973522\n|switch|p1a: Slowbro|Slowbro, L82, F|290\/290 tox\n|move|p2a: Alomomola|Toxic|p1a: Slowbro\n|-fail|p1a: Slowbro|tox\n|\n|-weather|SunnyDay|[upkeep]\n|-heal|p2a: Alomomola|424\/424 tox|[from] item: Leftovers\n|-damage|p2a: Alomomola|372\/424 tox|[from] psn\n|-damage|p1a: Slowbro|272\/290 tox|[from] psn\n|upkeep\n|turn|94\n|\n|t:|1647973526\n|switch|p2a: Volcarona|Volcarona, L80, F|203\/267 tox\n|switch|p1a: Groudon|Groudon, L76|277\/277\n|\n|-weather|SunnyDay|[upkeep]\n|-heal|p2a: Volcarona|219\/267 tox|[from] item: Leftovers\n|-damage|p2a: Volcarona|203\/267 tox|[from] psn\n|upkeep\n|turn|95\n|\n|t:|1647973530\n|move|p2a: Volcarona|Fiery Dance|p1a: Groudon\n|-damage|p1a: Groudon|112\/277\n|-boost|p2a: Volcarona|spa|1\n|move|p1a: Groudon|Stone Edge|p2a: Volcarona\n|-supereffective|p2a: Volcarona\n|-damage|p2a: Volcarona|0 fnt\n|faint|p2a: Volcarona\n|\n|-weather|SunnyDay|[upkeep]\n|-heal|p1a: Groudon|129\/277|[from] item: Leftovers\n|upkeep\n|\n|t:|1647973533\n|switch|p2a: Kyurem|Kyurem-White, L76|315\/315\n|-ability|p2a: Kyurem|Turboblaze\n|turn|96\n|\n|t:|1647973536\n|switch|p1a: Slowbro|Slowbro, L82, F|290\/290 tox\n|move|p2a: Kyurem|Ice Beam|p1a: Slowbro\n|-resisted|p1a: Slowbro\n|-damage|p1a: Slowbro|221\/290 tox\n|\n|-weather|SunnyDay|[upkeep]\n|-heal|p1a: Slowbro|239\/290 tox|[from] item: Leftovers\n|-damage|p1a: Slowbro|221\/290 tox|[from] psn\n|upkeep\n|turn|97\n|\n|t:|1647973540\n|switch|p2a: Alomomola|Alomomola, L86, M|424\/424 tox\n|move|p1a: Slowbro|Slack Off|p1a: Slowbro\n|-heal|p1a: Slowbro|290\/290 tox\n|\n|-weather|SunnyDay|[upkeep]\n|-damage|p2a: Alomomola|398\/424 tox|[from] psn\n|-damage|p1a: Slowbro|254\/290 tox|[from] psn\n|upkeep\n|turn|98\n|\n|t:|1647973550\n|move|p2a: Alomomola|Waterfall|p1a: Slowbro\n|-resisted|p1a: Slowbro\n|-damage|p1a: Slowbro|239\/290 tox\n|move|p1a: Slowbro|Thunder Wave||[still]\n|-fail|p1a: Slowbro\n|\n|-weather|SunnyDay|[upkeep]\n|-heal|p2a: Alomomola|424\/424 tox|[from] item: Leftovers\n|-heal|p1a: Slowbro|257\/290 tox|[from] item: Leftovers\n|-damage|p2a: Alomomola|372\/424 tox|[from] psn\n|-damage|p1a: Slowbro|203\/290 tox|[from] psn\n|upkeep\n|turn|99\n|\n|t:|1647973565\n|move|p2a: Alomomola|Wish|p2a: Alomomola\n|move|p1a: Slowbro|Thunder Wave||[still]\n|-fail|p1a: Slowbro\n|\n|-weather|SunnyDay|[upkeep]\n|-heal|p2a: Alomomola|398\/424 tox|[from] item: Leftovers\n|-heal|p1a: Slowbro|221\/290 tox|[from] item: Leftovers\n|-damage|p2a: Alomomola|320\/424 tox|[from] psn\n|-damage|p1a: Slowbro|149\/290 tox|[from] psn\n|upkeep\n|turn|100\n|\n|t:|1647973569\n|move|p2a: Alomomola|Waterfall|p1a: Slowbro\n|-resisted|p1a: Slowbro\n|-damage|p1a: Slowbro|134\/290 tox\n|move|p1a: Slowbro|Thunder Wave||[still]\n|-fail|p1a: Slowbro\n|\n|-weather|SunnyDay|[upkeep]\n|-heal|p2a: Alomomola|424\/424 tox|[from] move: Wish|[wisher] Alomomola\n|-heal|p1a: Slowbro|152\/290 tox|[from] item: Leftovers\n|-damage|p2a: Alomomola|320\/424 tox|[from] psn\n|-damage|p1a: Slowbro|62\/290 tox|[from] psn\n|upkeep\n|turn|101\n|\n|t:|1647973571\n|move|p2a: Alomomola|Toxic|p1a: Slowbro\n|-fail|p1a: Slowbro|tox\n|move|p1a: Slowbro|Slack Off|p1a: Slowbro\n|-heal|p1a: Slowbro|207\/290 tox\n|\n|-weather|SunnyDay|[upkeep]\n|-heal|p2a: Alomomola|346\/424 tox|[from] item: Leftovers\n|-heal|p1a: Slowbro|225\/290 tox|[from] item: Leftovers\n|-damage|p2a: Alomomola|216\/424 tox|[from] psn\n|-damage|p1a: Slowbro|117\/290 tox|[from] psn\n|upkeep\n|turn|102\n|\n|t:|1647973574\n|switch|p2a: Kyurem|Kyurem-White, L76|315\/315\n|-ability|p2a: Kyurem|Turboblaze\n|move|p1a: Slowbro|Slack Off|p1a: Slowbro\n|-heal|p1a: Slowbro|262\/290 tox\n|\n|-weather|SunnyDay|[upkeep]\n|-heal|p1a: Slowbro|280\/290 tox|[from] item: Leftovers\n|-damage|p1a: Slowbro|154\/290 tox|[from] psn\n|upkeep\n|turn|103\n|\n|t:|1647973577\n|switch|p2a: Alomomola|Alomomola, L86, M|357\/424 tox\n|move|p1a: Slowbro|Slack Off|p1a: Slowbro\n|-heal|p1a: Slowbro|290\/290 tox\n|\n|-weather|SunnyDay|[upkeep]\n|-heal|p2a: Alomomola|383\/424 tox|[from] item: Leftovers\n|-damage|p2a: Alomomola|357\/424 tox|[from] psn\n|-damage|p1a: Slowbro|146\/290 tox|[from] psn\n|upkeep\n|turn|104\n|\n|t:|1647973584\n|move|p2a: Alomomola|Toxic|p1a: Slowbro\n|-fail|p1a: Slowbro|tox\n|move|p1a: Slowbro|Slack Off|p1a: Slowbro\n|-heal|p1a: Slowbro|290\/290 tox\n|\n|-weather|SunnyDay|[upkeep]\n|-heal|p2a: Alomomola|383\/424 tox|[from] item: Leftovers\n|-damage|p2a: Alomomola|331\/424 tox|[from] psn\n|-damage|p1a: Slowbro|128\/290 tox|[from] psn\n|upkeep\n|turn|105\n|\n|t:|1647973612\n|switch|p1a: Groudon|Groudon, L76|129\/277\n|move|p2a: Alomomola|Toxic|p1a: Groudon\n|-status|p1a: Groudon|tox\n|\n|-weather|SunnyDay|[upkeep]\n|-heal|p1a: Groudon|146\/277 tox|[from] item: Leftovers\n|-heal|p2a: Alomomola|357\/424 tox|[from] item: Leftovers\n|-damage|p1a: Groudon|129\/277 tox|[from] psn\n|-damage|p2a: Alomomola|279\/424 tox|[from] psn\n|upkeep\n|turn|106\n|\n|t:|1647973616\n|switch|p2a: Kyurem|Kyurem-White, L76|315\/315\n|-ability|p2a: Kyurem|Turboblaze\n|move|p1a: Groudon|Swords Dance|p1a: Groudon\n|-boost|p1a: Groudon|atk|2\n|\n|-weather|SunnyDay|[upkeep]\n|-heal|p1a: Groudon|146\/277 tox|[from] item: Leftovers\n|-damage|p1a: Groudon|112\/277 tox|[from] psn\n|upkeep\n|turn|107\n|\n|t:|1647973620\n|switch|p1a: Slowbro|Slowbro, L82, F|224\/290 tox\n|move|p2a: Kyurem|Ice Beam|p1a: Slowbro\n|-resisted|p1a: Slowbro\n|-damage|p1a: Slowbro|153\/290 tox\n|\n|-weather|SunnyDay|[upkeep]\n|-heal|p1a: Slowbro|171\/290 tox|[from] item: Leftovers\n|-damage|p1a: Slowbro|153\/290 tox|[from] psn\n|upkeep\n|turn|108\n|\n|t:|1647973624\n|move|p2a: Kyurem|Ice Beam|p1a: Slowbro\n|-resisted|p1a: Slowbro\n|-damage|p1a: Slowbro|79\/290 tox\n|move|p1a: Slowbro|Slack Off|p1a: Slowbro\n|-heal|p1a: Slowbro|224\/290 tox\n|\n|-weather|SunnyDay|[upkeep]\n|-heal|p1a: Slowbro|242\/290 tox|[from] item: Leftovers\n|-damage|p1a: Slowbro|206\/290 tox|[from] psn\n|upkeep\n|turn|109\n|\n|t:|1647973628\n|switch|p2a: Alomomola|Alomomola, L86, M|420\/424 tox\n|move|p1a: Slowbro|Thunder Wave||[still]\n|-fail|p1a: Slowbro\n|\n|-weather|SunnyDay|[upkeep]\n|-heal|p2a: Alomomola|424\/424 tox|[from] item: Leftovers\n|-heal|p1a: Slowbro|224\/290 tox|[from] item: Leftovers\n|-damage|p2a: Alomomola|398\/424 tox|[from] psn\n|-damage|p1a: Slowbro|170\/290 tox|[from] psn\n|upkeep\n|turn|110\n|l| Sheik\n|-message|Reality Is Wrong forfeited.\n|\n|win|Sp0oNl0rD\n|n|\u2606Reality Is Wrong|realityiswrong\n|n|\u2606Sp0oNl0rD|sp0onl0rd\n|n| BB-8-NU|bb8nu\n|n| kinjana|kinjana\n|n| mars and back|marsandback\n","inputlog":">version 3e3f7f95ced453fb6569d65c347856b0466abcfd\n>start {\"formatid\":\"gen5randombattle\",\"seed\":[11215,32468,45652,9882],\"rated\":\"Tournament battle\"}\n>player p1 {\"name\":\"Reality Is Wrong\",\"avatar\":\"ghetsis\",\"rating\":0,\"seed\":[28130,19039,29317,51943]}\n>player p2 {\"name\":\"Sp0oNl0rD\",\"avatar\":\"blackbelt-gen4dp\",\"rating\":0,\"seed\":[3274,11397,21849,60336]}\n>p1 move thunderwave\n>p2 switch 5\n>p1 switch 3\n>p2 move psychic\n>p1 move substitute\n>p2 switch 5\n>p1 move batonpass\n>p2 move fierydance\n>p1 switch 4\n>p1 move toxic\n>p2 switch 5\n>p1 move scald\n>p2 move gigadrain\n>p1 switch 5\n>p2 move gigadrain\n>p1 move icepunch\n>p2 switch 6\n>p1 move willowisp\n>p2 move roost\n>p1 move icepunch\n>p2 move pluck\n>p1 move icepunch\n>p2 move pluck\n>p2 switch 4\n>p1 switch 4\n>p2 move toxic\n>p1 move batonpass\n>p2 move wish\n>p1 switch 5\n>p1 switch 2\n>p2 move toxic\n>p1 move icebeam\n>p2 move wish\n>p1 switch 5\n>p2 switch 6\n>p1 move batonpass\n>p2 switch 5\n>p1 switch 3\n>p1 move icebeam\n>p2 switch 5\n>p1 move icebeam\n>p2 move gigadrain\n>p2 switch 6\n>p1 switch 2\n>p2 move toxic\n>p1 move toxic\n>p2 move toxic\n>p1 switch 3\n>p2 move wish\n>p1 move batonpass\n>p2 switch 3\n>p1 switch 2\n>p1 move scald\n>p2 switch 3\n>p1 switch 2\n>p2 move waterfall\n>p1 move leafblade\n>p2 switch 3\n>p1 switch 2\n>p2 switch 3\n>p1 switch 2\n>p2 move wish\n>p1 move batonpass\n>p2 switch 3\n>p1 switch 3\n>p1 move scald\n>p2 switch 3\n>p1 switch 3\n>p2 move waterfall\n>p1 move leafblade\n>p2 switch 5\n>p1 switch 3\n>p1 move toxic\n>p2 switch 5\n>p1 switch 4\n>p2 move toxic\n>p1 move painsplit\n>p2 move wish\n>p1 move shadowsneak\n>p2 switch 5\n>p1 switch 4\n>p2 switch 5\n>p1 switch 4\n>p2 switch 5\n>p1 switch 4\n>p2 move fierydance\n>p1 move toxic\n>p2 switch 5\n>p1 switch 4\n>p2 move waterfall\n>p1 move painsplit\n>p2 move wish\n>p1 switch 4\n>p2 move waterfall\n>p1 switch 4\n>p2 switch 5\n>p1 switch 4\n>p2 switch 2\n>p1 move toxic\n>p2 switch 5\n>p1 switch 4\n>p2 switch 5\n>p1 move painsplit\n>p2 move dracometeor\n>p1 switch 4\n>p2 switch 5\n>p1 switch 4\n>p2 move toxic\n>p1 move shadowsneak\n>p2 move wish\n>p1 move shadowsneak\n>p2 switch 5\n>p1 move painsplit\n>p2 move dracometeor\n>p1 switch 5\n>p1 move shadowball\n>p2 switch 5\n>p1 move shadowball\n>p2 move wish\n>p1 switch 4\n>p2 switch 2\n>p1 move scald\n>p2 switch 2\n>p1 switch 4\n>p2 switch 5\n>p1 switch 4\n>p2 switch 5\n>p1 switch 4\n>p2 move toxic\n>p1 move shadowball\n>p2 move protect\n>p1 switch 4\n>p2 switch 5\n>p1 move toxic\n>p2 switch 5\n>p1 switch 4\n>p2 move waterfall\n>p1 move shadowball\n>p2 switch 3\n>p1 move hiddenpower\n>p2 move wildcharge\n>p1 move shadowball\n>p2 move wildcharge\n>p1 switch 4\n>p2 switch 3\n>p1 move haze\n>p2 move toxic\n>p1 move haze\n>p2 move toxic\n>p1 move haze\n>p2 switch 5\n>p1 move recover\n>p2 switch 5\n>p1 switch 2\n>p2 move wish\n>p1 switch 2\n>p2 switch 5\n>p1 move recover\n>p2 move dracometeor\n>p1 switch 2\n>p2 switch 5\n>p1 switch 2\n>p2 switch 5\n>p1 move recover\n>p2 move dracometeor\n>p1 move recover\n>p2 switch 5\n>p1 switch 2\n>p2 move toxic\n>p1 move thunderwave\n>p2 move wish\n>p1 move thunderwave\n>p2 move waterfall\n>p1 move thunderwave\n>p2 move wish\n>p1 move thunderwave\n>p2 move protect\n>p1 switch 2\n>p2 switch 2\n>p1 move toxic\n>p2 move quiverdance\n>p1 move haze\n>p2 move fierydance\n>p1 move recover\n>p2 move fierydance\n>p1 move recover\n>p2 switch 2\n>p1 switch 2\n>p2 switch 5\n>p1 switch 2\n>p2 move dracometeor\n>p1 move recover\n>p2 move dracometeor\n>p1 switch 2\n>p1 switch 6\n>p2 switch 5\n>p1 switch 6\n>p2 move toxic\n>p1 switch 6\n>p2 switch 2\n>p1 move stoneedge\n>p2 move fierydance\n>p2 switch 5\n>p1 switch 6\n>p2 move icebeam\n>p1 move slackoff\n>p2 switch 2\n>p1 move thunderwave\n>p2 move waterfall\n>p1 move thunderwave\n>p2 move wish\n>p1 move thunderwave\n>p2 move waterfall\n>p1 move slackoff\n>p2 move toxic\n>p1 move slackoff\n>p2 switch 2\n>p1 move slackoff\n>p2 switch 2\n>p1 move slackoff\n>p2 move toxic\n>p1 switch 6\n>p2 move toxic\n>p1 move swordsdance\n>p2 switch 2\n>p1 switch 6\n>p2 move icebeam\n>p1 move slackoff\n>p2 move icebeam\n>p1 move thunderwave\n>p2 switch 2\n>forcelose p1","uploadtime":1647973638,"views":8,"p1id":"realityiswrong","p2id":"sp0onl0rd","formatid":"gen5randombattle","rating":0,"private":0,"password":null}