{"id":"gen5randombattle-1687009022","p1":"pdt","p2":"Neku01","format":"gen5randombattle","log":"|j|\u2606pdt\n|j|\u2606Neku01\n|inactive|Battle timer is ON: inactive players will automatically lose when time's up.\n|t:|1665914605\n|gametype|singles\n|player|p1|pdt|#scl1islanders|\n|player|p2|Neku01|burglar|\n|teamsize|p1|6\n|teamsize|p2|6\n|gen|5\n|tier|[Gen 5] Random Battle\n|rated|Tournament battle\n|rule|Sleep Clause Mod: Limit one foe put to sleep\n|rule|HP Percentage Mod: HP is shown in percentages\n|\n|t:|1665914605\n|start\n|switch|p1a: Crustle|Crustle, L84, F|255\/255\n|switch|p2a: Registeel|Registeel, L82|265\/265\n|turn|1\n|c|\u2606pdt|hf\n|j| gream15\n|j| Tanuj Jena\n|\n|t:|1665914615\n|move|p2a: Registeel|Stealth Rock|p1a: Crustle\n|-sidestart|p1: pdt|move: Stealth Rock\n|move|p1a: Crustle|Shell Smash|p1a: Crustle\n|-unboost|p1a: Crustle|def|1\n|-unboost|p1a: Crustle|spd|1\n|-boost|p1a: Crustle|atk|2\n|-boost|p1a: Crustle|spa|2\n|-boost|p1a: Crustle|spe|2\n|-enditem|p1a: Crustle|White Herb\n|-clearnegativeboost|p1a: Crustle|[silent]\n|\n|upkeep\n|turn|2\n|l| gream15\n|j| MarkNewbei\n|\n|t:|1665914631\n|move|p1a: Crustle|Earthquake|p2a: Registeel\n|-supereffective|p2a: Registeel\n|-damage|p2a: Registeel|67\/265\n|move|p2a: Registeel|Toxic|p1a: Crustle\n|-status|p1a: Crustle|tox\n|\n|-damage|p1a: Crustle|240\/255 tox|[from] psn\n|upkeep\n|turn|3\n|inactive|Neku01 has 120 seconds left.\n|l| MarkNewbei\n|\n|t:|1665914662\n|move|p1a: Crustle|Earthquake|p2a: Registeel\n|-supereffective|p2a: Registeel\n|-crit|p2a: Registeel\n|-damage|p2a: Registeel|0 fnt\n|faint|p2a: Registeel\n|\n|-damage|p1a: Crustle|210\/255 tox|[from] psn\n|upkeep\n|j| ThreeTimesAC(harm)\n|\n|t:|1665914671\n|switch|p2a: Krookodile|Krookodile, L82, F|290\/290\n|-ability|p2a: Krookodile|Intimidate|boost\n|-unboost|p1a: Crustle|atk|1\n|turn|4\n|inactive|Neku01 has 120 seconds left.\n|\n|t:|1665914681\n|move|p2a: Krookodile|Earthquake|p1a: Crustle\n|-damage|p1a: Crustle|123\/255 tox\n|move|p1a: Crustle|Earthquake|p2a: Krookodile\n|-damage|p2a: Krookodile|164\/290\n|\n|-damage|p1a: Crustle|78\/255 tox|[from] psn\n|upkeep\n|turn|5\n|\n|t:|1665914688\n|switch|p1a: Claydol|Claydol, L82|233\/233\n|-damage|p1a: Claydol|219\/233|[from] Stealth Rock\n|move|p2a: Krookodile|Earthquake|p1a: Claydol\n|-immune|p1a: Claydol|[from] ability: Levitate\n|\n|-heal|p1a: Claydol|233\/233|[from] item: Leftovers\n|upkeep\n|turn|6\n|c| ThreeTimesAC(harm)|Crustle, my beloved!\n|inactive|Neku01 has 120 seconds left.\n|j| Warios Left Foot\n|\n|t:|1665914729\n|switch|p2a: Relicanth|Relicanth, L88, M|319\/319\n|move|p1a: Claydol|Rapid Spin|p2a: Relicanth\n|-resisted|p2a: Relicanth\n|-damage|p2a: Relicanth|315\/319\n|-sideend|p1: pdt|Stealth Rock|[from] move: Rapid Spin|[of] p1a: Claydol\n|\n|upkeep\n|turn|7\n|\n|t:|1665914736\n|switch|p1a: Gastrodon|Gastrodon, L80, F|309\/309\n|move|p2a: Relicanth|Waterfall|p1a: Gastrodon\n|-ability|p1a: Gastrodon|Storm Drain|boost\n|-boost|p1a: Gastrodon|spa|1\n|\n|upkeep\n|turn|8\n|\n|t:|1665914746\n|switch|p2a: Slowking|Slowking, L84, M|297\/297\n|move|p1a: Gastrodon|Scald|p2a: Slowking\n|-resisted|p2a: Slowking\n|-damage|p2a: Slowking|252\/297\n|\n|upkeep\n|turn|9\n|\n|t:|1665914752\n|move|p1a: Gastrodon|Toxic|p2a: Slowking\n|-status|p2a: Slowking|tox\n|move|p2a: Slowking|Grass Knot|p1a: Gastrodon\n|-supereffective|p1a: Gastrodon\n|-damage|p1a: Gastrodon|29\/309\n|\n|-heal|p1a: Gastrodon|48\/309|[from] item: Leftovers\n|-damage|p2a: Slowking|234\/297 tox|[from] psn\n|upkeep\n|turn|10\n|n| Crustles|threetimesacharm\n|n| Crustles!!|crustles\n|c|\u2606pdt|cteam...\n|\n|t:|1665914766\n|switch|p1a: Crustle|Crustle, L84, F|78\/255 tox\n|move|p2a: Slowking|Grass Knot|p1a: Crustle\n|-damage|p1a: Crustle|0 fnt\n|faint|p1a: Crustle\n|\n|-damage|p2a: Slowking|198\/297 tox|[from] psn\n|upkeep\n|j| Inpiedie\n|\n|t:|1665914773\n|switch|p1a: Pinsir|Pinsir, L86, F|251\/251\n|turn|11\n|j| eeveelover08\n|\n|t:|1665914777\n|switch|p2a: Krookodile|Krookodile, L82, F|164\/290\n|-ability|p2a: Krookodile|Intimidate|boost\n|-unboost|p1a: Pinsir|atk|1\n|move|p1a: Pinsir|Swords Dance|p1a: Pinsir\n|-boost|p1a: Pinsir|atk|2\n|\n|upkeep\n|turn|12\n|\n|t:|1665914787\n|move|p2a: Krookodile|Crunch|p1a: Pinsir\n|-damage|p1a: Pinsir|163\/251\n|-unboost|p1a: Pinsir|def|1\n|move|p1a: Pinsir|X-Scissor|p2a: Krookodile\n|-supereffective|p2a: Krookodile\n|-damage|p2a: Krookodile|0 fnt\n|faint|p2a: Krookodile\n|-ability|p1a: Pinsir|Moxie|boost\n|-boost|p1a: Pinsir|atk|1\n|-damage|p1a: Pinsir|138\/251|[from] item: Life Orb\n|\n|upkeep\n|j| Aldente Fettucino\n|j| aruxx537\n|\n|t:|1665914798\n|switch|p2a: Deoxys|Deoxys-Attack, L76|201\/201\n|-ability|p2a: Deoxys|Pressure\n|turn|13\n|c| Tanuj Jena|the opponent for final is selected hmmmm\n|\n|t:|1665914808\n|move|p2a: Deoxys|Psycho Boost|p1a: Pinsir\n|-damage|p1a: Pinsir|0 fnt\n|-unboost|p2a: Deoxys|spa|2\n|faint|p1a: Pinsir\n|-damage|p2a: Deoxys|181\/201|[from] item: Life Orb\n|\n|upkeep\n|\n|t:|1665914813\n|switch|p1a: Azumarill|Azumarill, L82, M|298\/298\n|turn|14\n|\n|t:|1665914819\n|switch|p2a: Slowking|Slowking, L84, M|297\/297 tox\n|move|p1a: Azumarill|Double-Edge|p2a: Slowking\n|-damage|p2a: Slowking|150\/297 tox\n|-damage|p1a: Azumarill|249\/298|[from] Recoil\n|\n|-damage|p2a: Slowking|132\/297 tox|[from] psn\n|upkeep\n|turn|15\n|\n|t:|1665914828\n|switch|p1a: Gastrodon|Gastrodon, L80, F|48\/309\n|move|p2a: Slowking|Grass Knot|p1a: Gastrodon\n|-supereffective|p1a: Gastrodon\n|-damage|p1a: Gastrodon|0 fnt\n|faint|p1a: Gastrodon\n|\n|-damage|p2a: Slowking|96\/297 tox|[from] psn\n|upkeep\n|j| Ispamditto\n|c| Crustles!!|they have a glass cannon o-o\n|l| aruxx537\n|\n|t:|1665914837\n|switch|p1a: Azumarill|Azumarill, L82, M|249\/298\n|turn|16\n|c| Ispamditto|OMG\n|c| Ispamditto|SPECIAL AVATAR\n|\n|t:|1665914844\n|move|p1a: Azumarill|Waterfall|p2a: Slowking\n|-resisted|p2a: Slowking\n|-crit|p2a: Slowking\n|-damage|p2a: Slowking|0 fnt\n|faint|p2a: Slowking\n|\n|upkeep\n|c| Ispamditto|NO WAU\n|\n|t:|1665914852\n|switch|p2a: Relicanth|Relicanth, L88, M|315\/319\n|turn|17\n|c| Ispamditto|btw who ever wins goes against me\n|c| Warios Left Foot|Deoxys had an uncomfortable neck position in gen 5\n|c| Tanuj Jena|yeah let's see\n|\n|t:|1665914862\n|move|p2a: Relicanth|Waterfall|p1a: Azumarill\n|-resisted|p1a: Azumarill\n|-damage|p1a: Azumarill|180\/298\n|move|p1a: Azumarill|Waterfall|p2a: Relicanth\n|-damage|p2a: Relicanth|215\/319\n|\n|upkeep\n|turn|18\n|c| Crustles!!|Warios Left Foot true\n|c| Crustles!!|I have bw sprites on\n|c| Crustles!!|(and this is gen5)\n|c| Ispamditto|who loves yeat\n|\n|t:|1665914880\n|switch|p2a: Bouffalant|Bouffalant, L84, F|297\/297\n|move|p1a: Azumarill|Waterfall|p2a: Bouffalant\n|-damage|p2a: Bouffalant|159\/297\n|\n|-heal|p2a: Bouffalant|177\/297|[from] item: Leftovers\n|upkeep\n|turn|19\n|c|\u2606pdt|another yeat fan... its a 12 yr old\n|j| Smoggers\n|\n|t:|1665914893\n|move|p2a: Bouffalant|Head Charge|p1a: Azumarill\n|-damage|p1a: Azumarill|26\/298\n|-damage|p2a: Bouffalant|138\/297|[from] Recoil\n|move|p1a: Azumarill|Waterfall|p2a: Bouffalant\n|-damage|p2a: Bouffalant|0 fnt\n|faint|p2a: Bouffalant\n|\n|upkeep\n|c| Smoggers|lmao\n|\n|t:|1665914903\n|switch|p2a: Relicanth|Relicanth, L88, M|215\/319\n|turn|20\n|\n|t:|1665914906\n|move|p2a: Relicanth|Waterfall|p1a: Azumarill\n|-resisted|p1a: Azumarill\n|-damage|p1a: Azumarill|0 fnt\n|faint|p1a: Azumarill\n|\n|upkeep\n|c| Ispamditto|BRUH\n|\n|t:|1665914909\n|switch|p1a: Claydol|Claydol, L82|233\/233\n|turn|21\n|\n|t:|1665914912\n|move|p1a: Claydol|Earthquake|p2a: Relicanth\n|-supereffective|p2a: Relicanth\n|-damage|p2a: Relicanth|107\/319\n|move|p2a: Relicanth|Waterfall|p1a: Claydol\n|-supereffective|p1a: Claydol\n|-damage|p1a: Claydol|15\/233\n|\n|-heal|p1a: Claydol|29\/233|[from] item: Leftovers\n|upkeep\n|turn|22\n|c| Ispamditto|i like lungskull aswell\n|c| Ispamditto|im not 12\n|\n|t:|1665914920\n|move|p1a: Claydol|Earthquake|p2a: Relicanth\n|-supereffective|p2a: Relicanth\n|-damage|p2a: Relicanth|0 fnt\n|faint|p2a: Relicanth\n|\n|-heal|p1a: Claydol|43\/233|[from] item: Leftovers\n|upkeep\n|c| Ispamditto|im 9\n|c| Tanuj Jena|ohh\n|c| Ispamditto|jk\n|\n|t:|1665914926\n|switch|p2a: Deoxys|Deoxys-Attack, L76|181\/201\n|-ability|p2a: Deoxys|Pressure\n|turn|23\n|\n|t:|1665914930\n|move|p2a: Deoxys|Ice Beam|p1a: Claydol\n|-supereffective|p1a: Claydol\n|-damage|p1a: Claydol|0 fnt\n|faint|p1a: Claydol\n|-damage|p2a: Deoxys|161\/201|[from] item: Life Orb\n|\n|upkeep\n|\n|t:|1665914932\n|switch|p1a: Mawile|Mawile, L88, F|231\/231\n|turn|24\n|c| Ispamditto|pdt sucker punch\n|c| Ispamditto|do it\n|c| Ispamditto|i dare u\n|c|\u2606pdt|what if\n|\n|t:|1665914949\n|move|p1a: Mawile|Sucker Punch|p2a: Deoxys\n|-supereffective|p2a: Deoxys\n|-damage|p2a: Deoxys|0 fnt\n|faint|p2a: Deoxys\n|-damage|p1a: Mawile|208\/231|[from] item: Life Orb\n|\n|win|pdt\n|n|\u2606pdt|pdt\n|n|\u2606Neku01|neku01\n|n| Tanuj Jena|tanujjena\n|n| Warios Left Foot|wariosleftfoot\n|n| Crustles!!|crustles\n|n| Inpiedie|inpiedie\n|n| eeveelover08|eeveelover08\n|n| Aldente Fettucino|aldentefettucino\n|n| Ispamditto|ispamditto\n|n| Smoggers|smoggers\n|c|\u2606pdt|you didnt ghost\n|c| Ispamditto|YAY\n|c|\u2606pdt|that would be so crazy\n|c| Tanuj Jena|gg\n|c|\u2606Neku01|gg\n|c| Inpiedie|Gg\n|c| Smoggers|o\n|c|\u2606pdt|gg\n|c| Smoggers|gg\n|l|\u2606Neku01\n|l| Inpiedie\n","inputlog":">version ef613a9475d6dbd637653866edadf31f5286d49e\n>start {\"formatid\":\"gen5randombattle\",\"seed\":[36656,52854,31286,42187],\"rated\":\"Tournament battle\"}\n>player p1 {\"name\":\"pdt\",\"avatar\":\"#scl1islanders\",\"rating\":0,\"seed\":[34754,52235,38462,11445]}\n>player p2 {\"name\":\"Neku01\",\"avatar\":\"burglar\",\"rating\":0,\"seed\":[33085,15730,26842,15565]}\n>chat \u2606pdt|hf\n>p1 move shellsmash\n>p2 move stealthrock\n>p1 move earthquake\n>p2 move toxic\n>p1 move earthquake\n>p2 move ironhead\n>p2 switch 3\n>p1 move earthquake\n>p2 move earthquake\n>p1 switch 6\n>p2 move earthquake\n>chat  ThreeTimesAC(harm)|Crustle, my beloved!\n>p1 move rapidspin\n>p2 switch 6\n>p1 switch 5\n>p2 move waterfall\n>p1 move scald\n>p2 switch 4\n>p1 move toxic\n>p2 move grassknot\n>chat \u2606pdt|.\n>chat \u2606pdt|cteam...\n>p1 switch 6\n>p2 move grassknot\n>p1 switch 4\n>p1 move swordsdance\n>p2 switch 6\n>p1 move xscissor\n>p2 move crunch\n>p2 switch 2\n>chat  Tanuj Jena|the opponent for final is selected hmmmm\n>p1 move xscissor\n>p2 move psychoboost\n>p1 switch 3\n>p1 move doubleedge\n>p2 switch 6\n>p1 switch 6\n>p2 move grassknot\n>chat  Crustles!!|they have a glass cannon o-o\n>p1 switch 6\n>chat  Ispamditto|OMG\n>chat  Ispamditto|SPECIAL AVATAR\n>p1 move waterfall\n>p2 move grassknot\n>chat  Ispamditto|NO WAU\n>p2 switch 4\n>chat  Ispamditto|btw who ever wins goes against me\n>chat  Warios Left Foot|Deoxys had an uncomfortable neck position in gen 5\n>chat  Tanuj Jena|yeah let's see\n>p1 move waterfall\n>p2 move waterfall\n>chat  Crustles!!|Warios Left Foot true\n>chat  Crustles!!|I have bw sprites on\n>chat  Crustles!!|(and this is gen5)\n>chat  Ispamditto|who loves yeat\n>p1 move waterfall\n>p2 switch 5\n>chat \u2606pdt|another yeat fan... its a 12 yr old\n>p1 move waterfall\n>p2 move headcharge\n>chat  Smoggers|lmao\n>p2 switch 5\n>p1 move waterfall\n>p2 move waterfall\n>chat  Ispamditto|BRUH\n>p1 switch 5\n>p1 move earthquake\n>p2 move waterfall\n>chat  Ispamditto|i like lungskull aswell\n>chat  Ispamditto|im not 12\n>p1 move earthquake\n>p2 move waterfall\n>chat  Ispamditto|im 9\n>chat  Tanuj Jena|ohh\n>chat  Ispamditto|jk\n>p2 switch 6\n>p1 move earthquake\n>p2 move icebeam\n>p1 switch 2\n>chat  Ispamditto|pdt sucker punch\n>chat  Ispamditto|do it\n>chat  Ispamditto|i dare u\n>chat \u2606pdt|what if\n>p1 move suckerpunch\n>p2 move superpower","uploadtime":1665914962,"views":2,"p1id":"pdt","p2id":"neku01","formatid":"gen5randombattle","rating":0,"private":0,"password":null}