{"id":"gen5ubers-1391253982","p1":"gostop","p2":"Hrishioo7","format":"gen5ubers","log":"|j|\u2606gostop\n|j|\u2606Hrishioo7\n|t:|1628237586\n|gametype|singles\n|player|p1|gostop|hugh|\n|player|p2|Hrishioo7|youngster-gen4dp|\n|teamsize|p1|6\n|teamsize|p2|6\n|gen|5\n|tier|[Gen 5] Ubers\n|rated|Tournament battle\n|rule|Species Clause: Limit one of each Pok\u00e9mon\n|rule|OHKO Clause: OHKO moves are banned\n|rule|Moody Clause: Moody is banned\n|rule|Evasion Moves Clause: Evasion moves are banned\n|rule|Endless Battle Clause: Forcing endless battles is banned\n|rule|HP Percentage Mod: HP is shown in percentages\n|rule|Sleep Clause Mod: Limit one foe put to sleep\n|clearpoke\n|poke|p1|Deoxys-Speed|item\n|poke|p1|Arceus-*|item\n|poke|p1|Kyogre|item\n|poke|p1|Kingdra, M|item\n|poke|p1|Genesect-*|item\n|poke|p1|Rayquaza|item\n|poke|p2|Dialga|item\n|poke|p2|Kyogre|item\n|poke|p2|Giratina-Origin|item\n|poke|p2|Palkia|item\n|poke|p2|Arceus-*|item\n|poke|p2|Kabutops, F|item\n|teampreview\n|j| keeys\n|\n|t:|1628237605\n|start\n|switch|p1a: Deoxys|Deoxys-Speed|100\/100\n|switch|p2a: Dialga|Dialga|100\/100\n|-ability|p1a: Deoxys|Pressure\n|-ability|p2a: Dialga|Pressure\n|turn|1\n|c|\u2606Hrishioo7|Hf\n|\n|t:|1628237614\n|move|p1a: Deoxys|Taunt|p2a: Dialga\n|-start|p2a: Dialga|move: Taunt\n|move|p2a: Dialga|Fire Blast|p1a: Deoxys\n|-damage|p1a: Deoxys|25\/100\n|-status|p1a: Deoxys|brn\n|-damage|p2a: Dialga|91\/100|[from] item: Life Orb\n|\n|-damage|p1a: Deoxys|12\/100 brn|[from] brn\n|upkeep\n|turn|2\n|\n|t:|1628237627\n|move|p1a: Deoxys|Spikes|p2a: Dialga\n|-sidestart|p2: Hrishioo7|Spikes\n|move|p2a: Dialga|Fire Blast|p1a: Deoxys\n|-damage|p1a: Deoxys|0 fnt\n|faint|p1a: Deoxys\n|-damage|p2a: Dialga|81\/100|[from] item: Life Orb\n|\n|upkeep\n|\n|t:|1628237666\n|switch|p1a: Arceus|Arceus-Ghost|100\/100\n|turn|3\n|\n|t:|1628237675\n|move|p1a: Arceus|Focus Blast|p2a: Dialga\n|-supereffective|p2a: Dialga\n|-damage|p2a: Dialga|17\/100\n|move|p2a: Dialga|Draco Meteor|p1a: Arceus\n|-damage|p1a: Arceus|24\/100\n|-unboost|p2a: Dialga|spa|2\n|-damage|p2a: Dialga|7\/100|[from] item: Life Orb\n|\n|-end|p2a: Dialga|move: Taunt\n|upkeep\n|turn|4\n|\n|t:|1628237681\n|move|p1a: Arceus|Recover|p1a: Arceus\n|-heal|p1a: Arceus|74\/100\n|move|p2a: Dialga|Draco Meteor|p1a: Arceus|[miss]\n|-miss|p2a: Dialga|p1a: Arceus\n|\n|upkeep\n|turn|5\n|\n|t:|1628237688\n|move|p1a: Arceus|Calm Mind|p1a: Arceus\n|-boost|p1a: Arceus|spa|1\n|-boost|p1a: Arceus|spd|1\n|move|p2a: Dialga|Draco Meteor|p1a: Arceus\n|-damage|p1a: Arceus|49\/100\n|-unboost|p2a: Dialga|spa|2\n|-damage|p2a: Dialga|0 fnt|[from] item: Life Orb\n|faint|p2a: Dialga\n|\n|upkeep\n|\n|t:|1628237706\n|switch|p2a: Giratina|Giratina-Origin|100\/100\n|turn|6\n|\n|t:|1628237712\n|move|p2a: Giratina|Shadow Sneak|p1a: Arceus\n|-supereffective|p1a: Arceus\n|-damage|p1a: Arceus|15\/100\n|move|p1a: Arceus|Judgment|p2a: Giratina\n|-supereffective|p2a: Giratina\n|-damage|p2a: Giratina|0 fnt\n|faint|p2a: Giratina\n|\n|upkeep\n|\n|t:|1628237715\n|switch|p2a: Palkia|Palkia|100\/100\n|-damage|p2a: Palkia|88\/100|[from] Spikes\n|-ability|p2a: Palkia|Pressure\n|turn|7\n|\n|t:|1628237729\n|move|p2a: Palkia|Surf|p1a: Arceus\n|-damage|p1a: Arceus|0 fnt\n|faint|p1a: Arceus\n|\n|upkeep\n|\n|t:|1628237739\n|switch|p1a: Kyogre|Kyogre|100\/100\n|-weather|RainDance|[from] ability: Drizzle|[of] p1a: Kyogre\n|turn|8\n|\n|t:|1628237745\n|switch|p2a: Kyogre|Kyogre|100\/100\n|-damage|p2a: Kyogre|88\/100|[from] Spikes\n|move|p1a: Kyogre|Thunder|p2a: Kyogre\n|-supereffective|p2a: Kyogre\n|-damage|p2a: Kyogre|0 fnt\n|faint|p2a: Kyogre\n|\n|-weather|RainDance|[upkeep]\n|upkeep\n|\n|t:|1628237748\n|switch|p2a: Arceus|Arceus-Steel|100\/100\n|-damage|p2a: Arceus|88\/100|[from] Spikes\n|turn|9\n|j| JLTHEPOTATO8976\n|\n|t:|1628237765\n|move|p2a: Arceus|Calm Mind|p2a: Arceus\n|-boost|p2a: Arceus|spa|1\n|-boost|p2a: Arceus|spd|1\n|move|p1a: Kyogre|Thunder|p2a: Arceus\n|-damage|p2a: Arceus|56\/100\n|\n|-weather|RainDance|[upkeep]\n|upkeep\n|turn|10\n|\n|t:|1628237778\n|move|p2a: Arceus|Thunder|p1a: Kyogre\n|-supereffective|p1a: Kyogre\n|-damage|p1a: Kyogre|25\/100\n|move|p1a: Kyogre|Thunder|p2a: Arceus\n|-damage|p2a: Arceus|24\/100\n|\n|-weather|RainDance|[upkeep]\n|upkeep\n|turn|11\n|\n|t:|1628237789\n|move|p2a: Arceus|Recover|p2a: Arceus\n|-heal|p2a: Arceus|74\/100\n|move|p1a: Kyogre|Thunder|p2a: Arceus\n|-damage|p2a: Arceus|43\/100\n|\n|-weather|RainDance|[upkeep]\n|upkeep\n|turn|12\n|\n|t:|1628237809\n|move|p2a: Arceus|Recover|p2a: Arceus\n|-heal|p2a: Arceus|93\/100\n|move|p1a: Kyogre|Thunder|p2a: Arceus\n|-damage|p2a: Arceus|59\/100\n|\n|-weather|RainDance|[upkeep]\n|upkeep\n|turn|13\n|\n|t:|1628237815\n|move|p2a: Arceus|Thunder|p1a: Kyogre\n|-supereffective|p1a: Kyogre\n|-damage|p1a: Kyogre|0 fnt\n|faint|p1a: Kyogre\n|\n|-weather|RainDance|[upkeep]\n|upkeep\n|\n|t:|1628237824\n|switch|p1a: Rayquaza|Rayquaza|100\/100\n|-ability|p1a: Rayquaza|Air Lock\n|turn|14\n|\n|t:|1628237832\n|move|p2a: Arceus|Recover|p2a: Arceus\n|-heal|p2a: Arceus|100\/100\n|move|p1a: Rayquaza|V-create|p2a: Arceus\n|-supereffective|p2a: Arceus\n|-damage|p2a: Arceus|0 fnt\n|-unboost|p1a: Rayquaza|spe|1\n|-unboost|p1a: Rayquaza|def|1\n|-unboost|p1a: Rayquaza|spd|1\n|faint|p2a: Arceus\n|-damage|p1a: Rayquaza|91\/100|[from] item: Life Orb\n|\n|-weather|RainDance|[upkeep]\n|upkeep\n|\n|t:|1628237845\n|switch|p2a: Kabutops|Kabutops, F|100\/100\n|-damage|p2a: Kabutops|88\/100|[from] Spikes\n|turn|15\n|inactive|Battle timer is ON: inactive players will automatically lose when time's up. (requested by Hrishioo7)\n|l| JLTHEPOTATO8976\n|\n|t:|1628237876\n|switch|p1a: Genesect|Genesect|100\/100\n|-ability|p1a: Genesect|Download|boost\n|-boost|p1a: Genesect|spa|1\n|move|p2a: Kabutops|Stone Edge|p1a: Genesect\n|-damage|p1a: Genesect|11\/100\n|-damage|p2a: Kabutops|78\/100|[from] item: Life Orb\n|\n|-weather|RainDance|[upkeep]\n|upkeep\n|turn|16\n|\n|t:|1628237887\n|move|p2a: Kabutops|Waterfall|p1a: Genesect\n|-crit|p1a: Genesect\n|-damage|p1a: Genesect|0 fnt\n|faint|p1a: Genesect\n|-damage|p2a: Kabutops|68\/100|[from] item: Life Orb\n|\n|-weather|RainDance|[upkeep]\n|upkeep\n|\n|t:|1628237891\n|switch|p1a: Kingdra|Kingdra, M|100\/100\n|turn|17\n|\n|t:|1628237905\n|move|p1a: Kingdra|Draco Meteor|p2a: Kabutops\n|-damage|p2a: Kabutops|0 fnt\n|-unboost|p1a: Kingdra|spa|2\n|faint|p2a: Kabutops\n|-damage|p1a: Kingdra|91\/100|[from] item: Life Orb\n|\n|-weather|RainDance|[upkeep]\n|upkeep\n|\n|t:|1628237908\n|switch|p2a: Palkia|Palkia|88\/100\n|-damage|p2a: Palkia|76\/100|[from] Spikes\n|-ability|p2a: Palkia|Pressure\n|turn|18\n|\n|t:|1628237927\n|move|p1a: Kingdra|Draco Meteor|p2a: Palkia\n|-supereffective|p2a: Palkia\n|-damage|p2a: Palkia|0 fnt\n|-unboost|p1a: Kingdra|spa|2\n|faint|p2a: Palkia\n|-damage|p1a: Kingdra|81\/100|[from] item: Life Orb\n|\n|win|gostop\n|n|\u2606gostop|gostop\n|n|\u2606Hrishioo7|hrishioo7\n|n| keeys|keeys\n","uploadtime":1628237928,"views":20,"p1id":"gostop","p2id":"hrishioo7","formatid":"gen5ubers","rating":0,"private":0,"password":null}