{"id":"gen5ou-1434294626","p1":"lord cube","p2":"SaberSeven","format":"gen5ou","log":"|j|\u2606lord cube\n|j|\u2606SaberSeven\n|t:|1634081721\n|gametype|singles\n|player|p1|lord cube|cheryl|\n|player|p2|SaberSeven|silver|\n|teamsize|p1|6\n|teamsize|p2|6\n|gen|5\n|tier|[Gen 5] OU\n|rated|Tournament battle\n|rule|Species Clause: Limit one of each Pok\u00e9mon\n|rule|OHKO Clause: OHKO moves are banned\n|rule|Moody Clause: Moody is banned\n|rule|Evasion Moves Clause: Evasion moves are banned\n|rule|Endless Battle Clause: Forcing endless battles is banned\n|rule|HP Percentage Mod: HP is shown in percentages\n|rule|Evasion Abilities Clause: Evasion abilities are banned\n|rule|Baton Pass Clause: Limit one Baton Passer, can't pass Spe and other stats simultaneously\n|rule|Sleep Clause: Sleep-inducing moves are banned\n|rule|Swagger Clause: Swagger is banned\n|clearpoke\n|poke|p1|Garchomp, M|item\n|poke|p1|Breloom, F|item\n|poke|p1|Starmie|item\n|poke|p1|Scizor, F|item\n|poke|p1|Volcarona, F|item\n|poke|p1|Dragonite, M|item\n|poke|p2|Tyranitar, M|item\n|poke|p2|Gliscor, M|item\n|poke|p2|Skarmory, M|item\n|poke|p2|Jellicent, M|item\n|poke|p2|Latios, M|item\n|poke|p2|Alakazam, M|item\n|teampreview\n|c|\u2606lord cube|glhf\n|\n|t:|1634081760\n|start\n|switch|p1a: Garchomp|Garchomp, M|100\/100\n|switch|p2a: Latios|Latios, M|100\/100\n|turn|1\n|\n|t:|1634081772\n|switch|p1a: Scizor|Scizor, F|100\/100\n|move|p2a: Latios|Draco Meteor|p1a: Scizor\n|-resisted|p1a: Scizor\n|-damage|p1a: Scizor|53\/100\n|-unboost|p2a: Latios|spa|2\n|\n|upkeep\n|turn|2\n|c|\u2606SaberSeven|u2\n|\n|t:|1634081857\n|move|p2a: Latios|Hidden Power|p1a: Scizor\n|-supereffective|p1a: Scizor\n|-damage|p1a: Scizor|0 fnt\n|faint|p1a: Scizor\n|\n|upkeep\n|\n|t:|1634081881\n|switch|p1a: Garchomp|Garchomp, M|100\/100\n|turn|3\n|\n|t:|1634081908\n|switch|p2a: Skarmory|Skarmory, M|100\/100\n|move|p1a: Garchomp|Stealth Rock|p2a: Skarmory\n|-sidestart|p2: SaberSeven|move: Stealth Rock\n|\n|upkeep\n|turn|4\n|\n|t:|1634081927\n|switch|p1a: Starmie|Starmie|100\/100\n|-item|p1a: Starmie|Air Balloon\n|move|p2a: Skarmory|Whirlwind|p1a: Starmie\n|drag|p1a: Garchomp|Garchomp, M|100\/100\n|\n|upkeep\n|turn|5\n|j| kidnelson\n|j| Nakatamy\n|\n|t:|1634081942\n|switch|p1a: Starmie|Starmie|100\/100\n|-item|p1a: Starmie|Air Balloon\n|move|p2a: Skarmory|Spikes|p1a: Starmie\n|-sidestart|p1: lord cube|Spikes\n|\n|upkeep\n|turn|6\n|j| blackkaiser\n|\n|t:|1634081961\n|move|p1a: Starmie|Thunderbolt|p2a: Skarmory\n|-supereffective|p2a: Skarmory\n|-damage|p2a: Skarmory|49\/100\n|move|p2a: Skarmory|Brave Bird|p1a: Starmie\n|-damage|p1a: Starmie|50\/100\n|-enditem|p1a: Starmie|Air Balloon\n|-damage|p2a: Skarmory|36\/100|[from] Recoil\n|\n|upkeep\n|turn|7\n|\n|t:|1634082002\n|switch|p2a: Tyranitar|Tyranitar, M|100\/100\n|-damage|p2a: Tyranitar|88\/100|[from] Stealth Rock\n|-weather|Sandstorm|[from] ability: Sand Stream|[of] p2a: Tyranitar\n|move|p1a: Starmie|Thunderbolt|p2a: Tyranitar\n|-damage|p2a: Tyranitar|72\/100\n|\n|-weather|Sandstorm|[upkeep]\n|-damage|p1a: Starmie|44\/100|[from] Sandstorm\n|upkeep\n|turn|8\n|\n|t:|1634082012\n|move|p1a: Starmie|Hydro Pump|p2a: Tyranitar\n|-supereffective|p2a: Tyranitar\n|-damage|p2a: Tyranitar|23\/100\n|move|p2a: Tyranitar|Pursuit|p1a: Starmie\n|-supereffective|p1a: Starmie\n|-damage|p1a: Starmie|0 fnt\n|faint|p1a: Starmie\n|\n|-weather|Sandstorm|[upkeep]\n|upkeep\n|\n|t:|1634082032\n|switch|p1a: Garchomp|Garchomp, M|100\/100\n|-damage|p1a: Garchomp|88\/100|[from] Spikes\n|turn|9\n|j| FavMon=Garchomp\n|\n|t:|1634082044\n|move|p1a: Garchomp|Earthquake|p2a: Tyranitar\n|-supereffective|p2a: Tyranitar\n|-damage|p2a: Tyranitar|0 fnt\n|faint|p2a: Tyranitar\n|\n|-weather|Sandstorm|[upkeep]\n|upkeep\n|\n|t:|1634082053\n|switch|p2a: Gliscor|Gliscor, M|100\/100\n|-damage|p2a: Gliscor|88\/100|[from] Stealth Rock\n|turn|10\n|j| CryoGyro\n|j| Natasha Grieves\n|\n|t:|1634082089\n|switch|p1a: Volcarona|Volcarona, F, shiny|100\/100\n|-damage|p1a: Volcarona|88\/100|[from] Spikes\n|move|p2a: Gliscor|Stealth Rock|p1a: Volcarona\n|-sidestart|p1: lord cube|move: Stealth Rock\n|\n|-weather|Sandstorm|[upkeep]\n|-damage|p1a: Volcarona|82\/100|[from] Sandstorm\n|-status|p2a: Gliscor|tox|[from] item: Toxic Orb\n|upkeep\n|turn|11\n|\n|t:|1634082098\n|move|p1a: Volcarona|Quiver Dance|p1a: Volcarona\n|-boost|p1a: Volcarona|spa|1\n|-boost|p1a: Volcarona|spd|1\n|-boost|p1a: Volcarona|spe|1\n|move|p2a: Gliscor|Earthquake|p1a: Volcarona\n|-damage|p1a: Volcarona|31\/100\n|\n|-weather|Sandstorm|[upkeep]\n|-damage|p1a: Volcarona|25\/100|[from] Sandstorm\n|-heal|p2a: Gliscor|100\/100 tox|[from] ability: Poison Heal\n|upkeep\n|turn|12\n|\n|t:|1634082109\n|move|p1a: Volcarona|Fire Blast|p2a: Gliscor|[miss]\n|-miss|p1a: Volcarona|p2a: Gliscor\n|move|p2a: Gliscor|Earthquake|p1a: Volcarona\n|-damage|p1a: Volcarona|0 fnt\n|faint|p1a: Volcarona\n|\n|-weather|Sandstorm|[upkeep]\n|upkeep\n|c|\u2606SaberSeven|F\n|l| blackkaiser\n|\n|t:|1634082127\n|switch|p1a: Breloom|Breloom, F|100\/100\n|-damage|p1a: Breloom|88\/100|[from] Spikes\n|-damage|p1a: Breloom|82\/100|[from] Stealth Rock\n|turn|13\n|\n|t:|1634082138\n|move|p1a: Breloom|Swords Dance|p1a: Breloom\n|-boost|p1a: Breloom|atk|2\n|move|p2a: Gliscor|U-turn|p1a: Breloom\n|-damage|p1a: Breloom|58\/100\n|inactive|Battle timer is ON: inactive players will automatically lose when time's up. (requested by lord cube)\n|\n|t:|1634082253\n|switch|p2a: Alakazam|Alakazam, M|100\/100|[from]move: U-turn\n|\n|-weather|Sandstorm|[upkeep]\n|-damage|p1a: Breloom|51\/100|[from] Sandstorm\n|upkeep\n|turn|14\n|\n|t:|1634082259\n|move|p1a: Breloom|Mach Punch|p2a: Alakazam\n|-enditem|p1a: Breloom|Fighting Gem|[from] gem\n|-resisted|p2a: Alakazam\n|-enditem|p2a: Alakazam|Focus Sash\n|-damage|p2a: Alakazam|1\/100\n|move|p2a: Alakazam|Hidden Power|p1a: Breloom\n|-supereffective|p1a: Breloom\n|-damage|p1a: Breloom|0 fnt\n|faint|p1a: Breloom\n|\n|-weather|Sandstorm|[upkeep]\n|upkeep\n|\n|t:|1634082273\n|switch|p1a: Garchomp|Garchomp, M|88\/100\n|-damage|p1a: Garchomp|76\/100|[from] Spikes\n|-damage|p1a: Garchomp|70\/100|[from] Stealth Rock\n|turn|15\n|\n|t:|1634082291\n|switch|p2a: Gliscor|Gliscor, M|100\/100 tox\n|-damage|p2a: Gliscor|88\/100 tox|[from] Stealth Rock\n|move|p1a: Garchomp|Earthquake|p2a: Gliscor\n|-immune|p2a: Gliscor\n|\n|-weather|Sandstorm|[upkeep]\n|-heal|p2a: Gliscor|100\/100 tox|[from] ability: Poison Heal\n|upkeep\n|turn|16\n|\n|t:|1634082301\n|move|p1a: Garchomp|Swords Dance|p1a: Garchomp\n|-boost|p1a: Garchomp|atk|2\n|move|p2a: Gliscor|U-turn|p1a: Garchomp\n|-damage|p1a: Garchomp|55\/100\n|-damage|p2a: Gliscor|88\/100 tox|[from] ability: Rough Skin|[of] p1a: Garchomp\n|\n|t:|1634082308\n|switch|p2a: Latios|Latios, M|100\/100|[from]move: U-turn\n|-damage|p2a: Latios|88\/100|[from] Stealth Rock\n|\n|-weather|Sandstorm|[upkeep]\n|-damage|p2a: Latios|82\/100|[from] Sandstorm\n|upkeep\n|turn|17\n|\n|t:|1634082328\n|move|p2a: Latios|Draco Meteor|p1a: Garchomp\n|-supereffective|p1a: Garchomp\n|-damage|p1a: Garchomp|0 fnt\n|-unboost|p2a: Latios|spa|2\n|faint|p1a: Garchomp\n|\n|-weather|Sandstorm|[upkeep]\n|-damage|p2a: Latios|76\/100|[from] Sandstorm\n|upkeep\n|\n|t:|1634082333\n|switch|p1a: Dragonite|Dragonite, M|100\/100\n|-damage|p1a: Dragonite|76\/100|[from] Stealth Rock\n|turn|18\n|\n|t:|1634082343\n|move|p2a: Latios|Draco Meteor|p1a: Dragonite\n|-supereffective|p1a: Dragonite\n|-damage|p1a: Dragonite|3\/100\n|-unboost|p2a: Latios|spa|2\n|move|p1a: Dragonite|Dragon Dance|p1a: Dragonite\n|-boost|p1a: Dragonite|atk|1\n|-boost|p1a: Dragonite|spe|1\n|\n|-weather|Sandstorm|[upkeep]\n|-damage|p1a: Dragonite|0 fnt|[from] Sandstorm\n|-damage|p2a: Latios|70\/100|[from] Sandstorm\n|faint|p1a: Dragonite\n|\n|win|SaberSeven\n|upkeep\n|n|\u2606lord cube|lordcube\n|n|\u2606SaberSeven|saberseven\n|n| kidnelson|kidnelson\n|n| Nakatamy|nakatamy\n|n| FavMon=Garchomp|favmongarchomp\n|n| CryoGyro|cryogyro\n|n| Natasha Grieves|natashagrieves\n|c|\u2606lord cube|gg\n|l|\u2606lord cube\n|c|\u2606SaberSeven|gg\n|l| kidnelson\n|l| CryoGyro\n","uploadtime":1634082374,"views":39,"p1id":"lordcube","p2id":"saberseven","formatid":"gen5ou","rating":0,"private":0,"password":null}