{"id":"gen5randombattle-1706967518","p1":"JakenAken","p2":"RusaiiAkaCrispy","format":"gen5randombattle","log":"|j|\u2606JakenAken\n|j|\u2606RusaiiAkaCrispy\n|t:|1668037245\n|gametype|singles\n|player|p1|JakenAken|ethan|\n|player|p2|RusaiiAkaCrispy|riley|\n|teamsize|p1|6\n|teamsize|p2|6\n|gen|5\n|tier|[Gen 5] Random Battle\n|rule|Sleep Clause Mod: Limit one foe put to sleep\n|rule|HP Percentage Mod: HP is shown in percentages\n|\n|t:|1668037245\n|start\n|switch|p1a: Mew|Mew, L82|298\/298\n|switch|p2a: Virizion|Virizion, L82|283\/283\n|turn|1\n|c|\u2606RusaiiAkaCrispy|NO\n|c|\u2606JakenAken|starting off great amirite\n|\n|t:|1668037261\n|switch|p2a: Metagross|Metagross, L82|265\/265\n|move|p1a: Mew|Taunt|p2a: Metagross\n|-start|p2a: Metagross|move: Taunt\n|\n|upkeep\n|turn|2\n|c|\u2606RusaiiAkaCrispy|Ummm\n|c|\u2606JakenAken|whats that one command\n|c|\u2606RusaiiAkaCrispy|no\n|c|\u2606JakenAken|that lets you see what type matchup is beter\n|c|\u2606JakenAken|better\n|inactive|Battle timer is ON: inactive players will automatically lose when time's up. (requested by RusaiiAkaCrispy)\n|c|\u2606JakenAken|for the pokemon the other guy has\n|\n|t:|1668037308\n|switch|p1a: Houndoom|Houndoom, L82, F|257\/257\n|move|p2a: Metagross|Meteor Mash|p1a: Houndoom\n|-resisted|p1a: Houndoom\n|-damage|p1a: Houndoom|155\/257\n|-boost|p2a: Metagross|atk|1\n|\n|upkeep\n|turn|3\n|\n|t:|1668037323\n|switch|p2a: Whiscash|Whiscash, L90, F|344\/344\n|move|p1a: Houndoom|Fire Blast|p2a: Whiscash\n|-resisted|p2a: Whiscash\n|-damage|p2a: Whiscash|257\/344\n|-damage|p1a: Houndoom|130\/257|[from] item: Life Orb\n|\n|upkeep\n|turn|4\n|\n|t:|1668037334\n|switch|p1a: Regice|Regice, L86|278\/278\n|move|p2a: Whiscash|Dragon Dance|p2a: Whiscash\n|-boost|p2a: Whiscash|atk|1\n|-boost|p2a: Whiscash|spe|1\n|\n|upkeep\n|turn|5\n|c|\u2606JakenAken|i'll make your\n|c|\u2606JakenAken|ass\n|c|\u2606JakenAken|growl\n|\n|t:|1668037342\n|move|p2a: Whiscash|Waterfall|p1a: Regice\n|-damage|p1a: Regice|134\/278\n|-damage|p2a: Whiscash|223\/344|[from] item: Life Orb\n|move|p1a: Regice|Thunderbolt|p2a: Whiscash\n|-immune|p2a: Whiscash\n|\n|-heal|p1a: Regice|151\/278|[from] item: Leftovers\n|upkeep\n|turn|6\n|c|\u2606RusaiiAkaCrispy|LOLL\n|\n|t:|1668037352\n|move|p2a: Whiscash|Waterfall|p1a: Regice\n|-damage|p1a: Regice|5\/278\n|-damage|p2a: Whiscash|189\/344|[from] item: Life Orb\n|move|p1a: Regice|Rest|p1a: Regice\n|-status|p1a: Regice|slp|[from] move: Rest\n|-heal|p1a: Regice|278\/278 slp|[silent]\n|\n|upkeep\n|turn|7\n|\n|t:|1668037360\n|switch|p2a: Cobalion|Cobalion, L82|283\/283\n|cant|p1a: Regice|slp\n|move|p1a: Regice|Sleep Talk|p1a: Regice\n|move|p1a: Regice|Rest||[from]move: Sleep Talk|[still]\n|-fail|p1a: Regice\n|\n|upkeep\n|turn|8\n|\n|t:|1668037375\n|move|p2a: Cobalion|Stealth Rock|p1a: Regice\n|-sidestart|p1: JakenAken|move: Stealth Rock\n|cant|p1a: Regice|slp\n|move|p1a: Regice|Sleep Talk|p1a: Regice\n|move|p1a: Regice|Ice Beam|p2a: Cobalion|[from]move: Sleep Talk\n|-resisted|p2a: Cobalion\n|-damage|p2a: Cobalion|223\/283\n|\n|-heal|p2a: Cobalion|240\/283|[from] item: Leftovers\n|upkeep\n|turn|9\n|\n|t:|1668037385\n|move|p2a: Cobalion|Close Combat|p1a: Regice\n|-supereffective|p1a: Regice\n|-damage|p1a: Regice|62\/278 slp\n|-unboost|p2a: Cobalion|def|1\n|-unboost|p2a: Cobalion|spd|1\n|-curestatus|p1a: Regice|slp|[msg]\n|move|p1a: Regice|Ice Beam|p2a: Cobalion\n|-resisted|p2a: Cobalion\n|-crit|p2a: Cobalion\n|-damage|p2a: Cobalion|51\/283\n|\n|-heal|p2a: Cobalion|68\/283|[from] item: Leftovers\n|-heal|p1a: Regice|79\/278|[from] item: Leftovers\n|upkeep\n|turn|10\n|c|\u2606JakenAken|LOL\n|c|\u2606RusaiiAkaCrispy|TYPICAL\n|\n|t:|1668037405\n|switch|p1a: Houndoom|Houndoom, L82, F|130\/257\n|-damage|p1a: Houndoom|66\/257|[from] Stealth Rock\n|move|p2a: Cobalion|Close Combat|p1a: Houndoom\n|-supereffective|p1a: Houndoom\n|-damage|p1a: Houndoom|0 fnt\n|-unboost|p2a: Cobalion|def|1\n|-unboost|p2a: Cobalion|spd|1\n|faint|p1a: Houndoom\n|\n|-heal|p2a: Cobalion|85\/283|[from] item: Leftovers\n|upkeep\n|inactive|JakenAken has 270 seconds left.\n|c|\u2606JakenAken|how much speed does your cobalion have\n|c|\u2606JakenAken|:3\n|c|\u2606RusaiiAkaCrispy|203\n|\n|t:|1668037434\n|switch|p1a: Mew|Mew, L82|298\/298\n|-damage|p1a: Mew|261\/298|[from] Stealth Rock\n|turn|11\n|c|\u2606JakenAken|ty\n|inactive|JakenAken has 270 seconds left.\n|\n|t:|1668037441\n|move|p2a: Cobalion|Thunder Wave|p1a: Mew\n|-status|p1a: Mew|par\n|-activate|p1a: Mew|ability: Synchronize\n|-status|p2a: Cobalion|par\n|move|p1a: Mew|Psychic|p2a: Cobalion\n|-damage|p2a: Cobalion|0 fnt\n|faint|p2a: Cobalion\n|\n|-heal|p1a: Mew|279\/298 par|[from] item: Leftovers\n|upkeep\n|c|\u2606RusaiiAkaCrispy|np\n|c|\u2606JakenAken|you fucker\n|c|\u2606JakenAken|you LIED\n|c|\u2606JakenAken|YOU LIED\n|c|\u2606RusaiiAkaCrispy|no i didnt\n|\n|t:|1668037459\n|switch|p2a: Metagross|Metagross, L82|265\/265\n|turn|12\n|c|\u2606JakenAken|HOW DID YOU OUT SPEED ME THEN\n|c|\u2606RusaiiAkaCrispy|im skilled\n|\n|t:|1668037470\n|move|p2a: Metagross|Agility|p2a: Metagross\n|-boost|p2a: Metagross|spe|2\n|move|p1a: Mew|Psychic|p2a: Metagross\n|-resisted|p2a: Metagross\n|-damage|p2a: Metagross|243\/265\n|\n|-heal|p2a: Metagross|259\/265|[from] item: Leftovers\n|-heal|p1a: Mew|297\/298 par|[from] item: Leftovers\n|upkeep\n|turn|13\n|\n|t:|1668037480\n|move|p2a: Metagross|Meteor Mash|p1a: Mew\n|-damage|p1a: Mew|186\/298 par\n|move|p1a: Mew|Stealth Rock|p2a: Metagross\n|-sidestart|p2: RusaiiAkaCrispy|move: Stealth Rock\n|\n|-heal|p2a: Metagross|265\/265|[from] item: Leftovers\n|-heal|p1a: Mew|204\/298 par|[from] item: Leftovers\n|upkeep\n|turn|14\n|\n|t:|1668037487\n|move|p2a: Metagross|Meteor Mash|p1a: Mew|[miss]\n|-miss|p2a: Metagross|p1a: Mew\n|move|p1a: Mew|Taunt|p2a: Metagross\n|-start|p2a: Metagross|move: Taunt\n|\n|-heal|p1a: Mew|222\/298 par|[from] item: Leftovers\n|upkeep\n|turn|15\n|c|\u2606JakenAken|no\n|c|\u2606RusaiiAkaCrispy|GIVE IT TO ME.\n|c|\u2606RusaiiAkaCrispy|GIVE IT TO ME.\n|\n|t:|1668037505\n|switch|p1a: Wailord|Wailord, L90, F|452\/452\n|-damage|p1a: Wailord|396\/452|[from] Stealth Rock\n|move|p2a: Metagross|Meteor Mash|p1a: Wailord\n|-resisted|p1a: Wailord\n|-damage|p1a: Wailord|307\/452\n|\n|upkeep\n|turn|16\n|\n|t:|1668037515\n|move|p2a: Metagross|Zen Headbutt|p1a: Wailord\n|-damage|p1a: Wailord|144\/452\n|cant|p1a: Wailord|flinch\n|\n|upkeep\n|turn|17\n|c|\u2606JakenAken|stoopppp\n|c|\u2606RusaiiAkaCrispy|ez.\n|c|\u2606JakenAken|use meteor mash again\n|c|\u2606JakenAken|no balls\n|c|\u2606RusaiiAkaCrispy|ok\n|\n|t:|1668037533\n|move|p2a: Metagross|Earthquake|p1a: Wailord\n|-damage|p1a: Wailord|18\/452\n|move|p1a: Wailord|Ice Beam|p2a: Metagross\n|-resisted|p2a: Metagross\n|-damage|p2a: Metagross|214\/265\n|\n|-heal|p2a: Metagross|230\/265|[from] item: Leftovers\n|-end|p2a: Metagross|move: Taunt\n|upkeep\n|turn|18\n|c|\u2606JakenAken|oh\n|c|\u2606RusaiiAkaCrispy|all according to plan\n|inactive|JakenAken has 270 seconds left.\n|\n|t:|1668037550\n|move|p2a: Metagross|Meteor Mash|p1a: Wailord\n|-resisted|p1a: Wailord\n|-damage|p1a: Wailord|0 fnt\n|faint|p1a: Wailord\n|\n|-heal|p2a: Metagross|246\/265|[from] item: Leftovers\n|upkeep\n|inactive|JakenAken has 270 seconds left.\n|\n|t:|1668037562\n|switch|p1a: Regice|Regice, L86|79\/278\n|-damage|p1a: Regice|10\/278|[from] Stealth Rock\n|turn|19\n|c|\u2606JakenAken|JESUS CHRIST\n|inactive|JakenAken has 270 seconds left.\n|c|\u2606JakenAken|THAT DID ALL ITS HP\n|\n|t:|1668037572\n|move|p2a: Metagross|Earthquake|p1a: Regice\n|-crit|p1a: Regice\n|-damage|p1a: Regice|0 fnt\n|faint|p1a: Regice\n|\n|-heal|p2a: Metagross|262\/265|[from] item: Leftovers\n|upkeep\n|c|\u2606RusaiiAkaCrispy|yes ice is weak to rock\n|\n|t:|1668037579\n|switch|p1a: Rhydon|Rhydon, L84, M|314\/314\n|-damage|p1a: Rhydon|295\/314|[from] Stealth Rock\n|turn|20\n|inactive|JakenAken has 270 seconds left.\n|\n|t:|1668037589\n|move|p2a: Metagross|Meteor Mash|p1a: Rhydon\n|-supereffective|p1a: Rhydon\n|-damage|p1a: Rhydon|149\/314\n|move|p1a: Rhydon|Stone Edge|p2a: Metagross|[miss]\n|-miss|p1a: Rhydon|p2a: Metagross\n|\n|-heal|p2a: Metagross|265\/265|[from] item: Leftovers\n|upkeep\n|turn|21\n|c|\u2606JakenAken|dawg.\n|c|\u2606RusaiiAkaCrispy|bulky ass whore.\n|c|\u2606JakenAken|you're so lucky you win!!\n|inactive|JakenAken has 270 seconds left.\n|\n|t:|1668037600\n|move|p2a: Metagross|Earthquake|p1a: Rhydon\n|-supereffective|p1a: Rhydon\n|-damage|p1a: Rhydon|63\/314\n|move|p1a: Rhydon|Earthquake|p2a: Metagross\n|-supereffective|p2a: Metagross\n|-damage|p2a: Metagross|55\/265\n|\n|-heal|p2a: Metagross|71\/265|[from] item: Leftovers\n|upkeep\n|turn|22\n|c|\u2606JakenAken|ok i may be a little stupid\n|\n|t:|1668037610\n|move|p2a: Metagross|Earthquake|p1a: Rhydon\n|-supereffective|p1a: Rhydon\n|-damage|p1a: Rhydon|0 fnt\n|faint|p1a: Rhydon\n|\n|-heal|p2a: Metagross|87\/265|[from] item: Leftovers\n|upkeep\n|c|\u2606RusaiiAkaCrispy|WHY DID YOU GO FOR STONE EDGE\n|\n|t:|1668037616\n|switch|p1a: Miltank|Miltank, L86, F|304\/304\n|-damage|p1a: Miltank|266\/304|[from] Stealth Rock\n|turn|23\n|\n|t:|1668037622\n|move|p2a: Metagross|Zen Headbutt|p1a: Miltank\n|-damage|p1a: Miltank|172\/304\n|cant|p1a: Miltank|flinch\n|\n|-heal|p2a: Metagross|103\/265|[from] item: Leftovers\n|-heal|p1a: Miltank|191\/304|[from] item: Leftovers\n|upkeep\n|turn|24\n|c|\u2606RusaiiAkaCrispy|ez\n|\n|t:|1668037629\n|move|p2a: Metagross|Zen Headbutt|p1a: Miltank\n|-damage|p1a: Miltank|101\/304\n|move|p1a: Miltank|Earthquake|p2a: Metagross\n|-supereffective|p2a: Metagross\n|-damage|p2a: Metagross|5\/265\n|\n|-heal|p2a: Metagross|21\/265|[from] item: Leftovers\n|-heal|p1a: Miltank|120\/304|[from] item: Leftovers\n|upkeep\n|turn|25\n|\n|t:|1668037638\n|switch|p2a: Weezing|Weezing, L86, F|252\/252\n|-damage|p2a: Weezing|221\/252|[from] Stealth Rock\n|move|p1a: Miltank|Milk Drink|p1a: Miltank\n|-heal|p1a: Miltank|272\/304\n|\n|-heal|p1a: Miltank|291\/304|[from] item: Leftovers\n|-heal|p2a: Weezing|236\/252|[from] item: Black Sludge\n|upkeep\n|turn|26\n|c|\u2606RusaiiAkaCrispy|gurarararara\n|\n|t:|1668037649\n|move|p1a: Miltank|Body Slam|p2a: Weezing\n|-damage|p2a: Weezing|175\/252\n|move|p2a: Weezing|Sludge Bomb|p1a: Miltank\n|-damage|p1a: Miltank|179\/304\n|\n|-heal|p1a: Miltank|198\/304|[from] item: Leftovers\n|-heal|p2a: Weezing|190\/252|[from] item: Black Sludge\n|upkeep\n|turn|27\n|\n|t:|1668037657\n|move|p1a: Miltank|Body Slam|p2a: Weezing\n|-damage|p2a: Weezing|132\/252\n|-status|p2a: Weezing|par\n|move|p2a: Weezing|Sludge Bomb|p1a: Miltank\n|-damage|p1a: Miltank|95\/304\n|\n|-heal|p1a: Miltank|114\/304|[from] item: Leftovers\n|-heal|p2a: Weezing|147\/252 par|[from] item: Black Sludge\n|upkeep\n|turn|28\n|\n|t:|1668037670\n|move|p1a: Miltank|Milk Drink|p1a: Miltank\n|-heal|p1a: Miltank|266\/304\n|move|p2a: Weezing|Sludge Bomb|p1a: Miltank\n|-damage|p1a: Miltank|161\/304\n|\n|-heal|p1a: Miltank|180\/304|[from] item: Leftovers\n|-heal|p2a: Weezing|162\/252 par|[from] item: Black Sludge\n|upkeep\n|turn|29\n|c|\u2606RusaiiAkaCrispy|how\n|\n|t:|1668037678\n|move|p1a: Miltank|Body Slam|p2a: Weezing\n|-damage|p2a: Weezing|93\/252 par\n|move|p2a: Weezing|Sludge Bomb|p1a: Miltank\n|-damage|p1a: Miltank|75\/304\n|\n|-heal|p1a: Miltank|94\/304|[from] item: Leftovers\n|-heal|p2a: Weezing|108\/252 par|[from] item: Black Sludge\n|upkeep\n|turn|30\n|c|\u2606RusaiiAkaCrispy|HOW\n|\n|t:|1668037686\n|move|p1a: Miltank|Milk Drink|p1a: Miltank\n|-heal|p1a: Miltank|246\/304\n|move|p2a: Weezing|Sludge Bomb|p1a: Miltank\n|-damage|p1a: Miltank|135\/304\n|\n|-heal|p1a: Miltank|154\/304|[from] item: Leftovers\n|-heal|p2a: Weezing|123\/252 par|[from] item: Black Sludge\n|upkeep\n|turn|31\n|\n|t:|1668037693\n|move|p1a: Miltank|Body Slam|p2a: Weezing\n|-damage|p2a: Weezing|57\/252 par\n|move|p2a: Weezing|Sludge Bomb|p1a: Miltank\n|-damage|p1a: Miltank|51\/304\n|\n|-heal|p1a: Miltank|70\/304|[from] item: Leftovers\n|-heal|p2a: Weezing|72\/252 par|[from] item: Black Sludge\n|upkeep\n|turn|32\n|c|\u2606RusaiiAkaCrispy|?????????\n|c|\u2606JakenAken|FUCK OFF RUSAI\n|\n|t:|1668037702\n|move|p1a: Miltank|Milk Drink|p1a: Miltank\n|-heal|p1a: Miltank|222\/304\n|move|p2a: Weezing|Pain Split|p1a: Miltank\n|-sethp|p1a: Miltank|147\/304|[from] move: Pain Split|[silent]\n|-sethp|p2a: Weezing|147\/252 par|[from] move: Pain Split\n|\n|-heal|p1a: Miltank|166\/304|[from] item: Leftovers\n|-heal|p2a: Weezing|162\/252 par|[from] item: Black Sludge\n|upkeep\n|turn|33\n|\n|t:|1668037711\n|move|p1a: Miltank|Body Slam|p2a: Weezing\n|-damage|p2a: Weezing|98\/252 par\n|cant|p2a: Weezing|par\n|\n|-heal|p1a: Miltank|185\/304|[from] item: Leftovers\n|-heal|p2a: Weezing|113\/252 par|[from] item: Black Sludge\n|upkeep\n|turn|34\n|\n|t:|1668037718\n|move|p1a: Miltank|Body Slam|p2a: Weezing\n|-damage|p2a: Weezing|55\/252 par\n|move|p2a: Weezing|Sludge Bomb|p1a: Miltank\n|-damage|p1a: Miltank|74\/304\n|-status|p1a: Miltank|psn\n|\n|-heal|p1a: Miltank|93\/304 psn|[from] item: Leftovers\n|-heal|p2a: Weezing|70\/252 par|[from] item: Black Sludge\n|-damage|p1a: Miltank|55\/304 psn|[from] psn\n|upkeep\n|turn|35\n|c|\u2606RusaiiAkaCrispy|finally\n|\n|t:|1668037729\n|switch|p2a: Virizion|Virizion, L82|283\/283\n|-damage|p2a: Virizion|266\/283|[from] Stealth Rock\n|move|p1a: Miltank|Body Slam|p2a: Virizion\n|-damage|p2a: Virizion|173\/283\n|\n|-heal|p2a: Virizion|190\/283|[from] item: Leftovers\n|-heal|p1a: Miltank|74\/304 psn|[from] item: Leftovers\n|-damage|p1a: Miltank|36\/304 psn|[from] psn\n|upkeep\n|turn|36\n|\n|t:|1668037739\n|move|p2a: Virizion|Giga Drain|p1a: Miltank\n|-ability|p1a: Miltank|Sap Sipper|boost\n|-boost|p1a: Miltank|atk|1\n|move|p1a: Miltank|Milk Drink|p1a: Miltank\n|-heal|p1a: Miltank|188\/304 psn\n|\n|-heal|p2a: Virizion|207\/283|[from] item: Leftovers\n|-heal|p1a: Miltank|207\/304 psn|[from] item: Leftovers\n|-damage|p1a: Miltank|169\/304 psn|[from] psn\n|upkeep\n|turn|37\n|c|\u2606RusaiiAkaCrispy|LOOORD\n|\n|t:|1668037751\n|move|p2a: Virizion|Focus Blast|p1a: Miltank|[miss]\n|-miss|p2a: Virizion|p1a: Miltank\n|move|p1a: Miltank|Earthquake|p2a: Virizion\n|-resisted|p2a: Virizion\n|-damage|p2a: Virizion|147\/283\n|\n|-heal|p2a: Virizion|164\/283|[from] item: Leftovers\n|-heal|p1a: Miltank|188\/304 psn|[from] item: Leftovers\n|-damage|p1a: Miltank|150\/304 psn|[from] psn\n|upkeep\n|turn|38\n|c|\u2606JakenAken|LOL\n|\n|t:|1668037760\n|move|p2a: Virizion|Focus Blast|p1a: Miltank\n|-supereffective|p1a: Miltank\n|-damage|p1a: Miltank|0 fnt\n|faint|p1a: Miltank\n|\n|-heal|p2a: Virizion|181\/283|[from] item: Leftovers\n|upkeep\n|c|\u2606RusaiiAkaCrispy|HAAAAAAAAAAAAAGH\n|c|\u2606JakenAken|dawg.\n|\n|t:|1668037767\n|switch|p1a: Mew|Mew, L82|222\/298 par\n|-damage|p1a: Mew|185\/298 par|[from] Stealth Rock\n|turn|39\n|\n|t:|1668037775\n|switch|p2a: Espeon|Espeon, L82, F|241\/241\n|-damage|p2a: Espeon|211\/241|[from] Stealth Rock\n|move|p1a: Mew|Soft-Boiled|p1a: Mew\n|-heal|p1a: Mew|298\/298 par\n|\n|-heal|p2a: Espeon|226\/241|[from] item: Leftovers\n|upkeep\n|turn|40\n|\n|t:|1668037783\n|move|p2a: Espeon|Calm Mind|p2a: Espeon\n|-boost|p2a: Espeon|spa|1\n|-boost|p2a: Espeon|spd|1\n|cant|p1a: Mew|par\n|\n|-heal|p2a: Espeon|241\/241|[from] item: Leftovers\n|upkeep\n|turn|41\n|\n|t:|1668037789\n|move|p2a: Espeon|Calm Mind|p2a: Espeon\n|-boost|p2a: Espeon|spa|1\n|-boost|p2a: Espeon|spd|1\n|cant|p1a: Mew|par\n|\n|upkeep\n|turn|42\n|c|\u2606RusaiiAkaCrispy|dont mind me\n|c|\u2606JakenAken|YOU'RE SO LUCKY\n|\n|t:|1668037797\n|move|p2a: Espeon|Calm Mind|p2a: Espeon\n|-boost|p2a: Espeon|spa|1\n|-boost|p2a: Espeon|spd|1\n|move|p1a: Mew|Taunt|p2a: Espeon\n|move|p2a: Espeon|Taunt|p1a: Mew|[from]ability: Magic Bounce\n|-start|p1a: Mew|move: Taunt\n|\n|upkeep\n|turn|43\n|c|\u2606RusaiiAkaCrispy|Ok.\n|c|\u2606JakenAken|HOLY SHIT\n|c|\u2606JakenAken|BRUH\n|c|\u2606RusaiiAkaCrispy|LOL\n|\n|t:|1668037808\n|move|p2a: Espeon|Calm Mind|p2a: Espeon\n|-boost|p2a: Espeon|spa|1\n|-boost|p2a: Espeon|spd|1\n|move|p1a: Mew|Psychic|p2a: Espeon\n|-resisted|p2a: Espeon\n|-damage|p2a: Espeon|226\/241\n|\n|-heal|p2a: Espeon|241\/241|[from] item: Leftovers\n|upkeep\n|turn|44\n|\n|t:|1668037825\n|move|p2a: Espeon|Psyshock|p1a: Mew\n|-resisted|p1a: Mew\n|-damage|p1a: Mew|159\/298 par\n|move|p1a: Mew|Psychic|p2a: Espeon\n|-resisted|p2a: Espeon\n|-damage|p2a: Espeon|224\/241\n|\n|-heal|p2a: Espeon|239\/241|[from] item: Leftovers\n|-heal|p1a: Mew|177\/298 par|[from] item: Leftovers\n|upkeep\n|turn|45\n|\n|t:|1668037834\n|move|p2a: Espeon|Psyshock|p1a: Mew\n|-resisted|p1a: Mew\n|-crit|p1a: Mew\n|-damage|p1a: Mew|0 fnt\n|faint|p1a: Mew\n|\n|win|RusaiiAkaCrispy\n|l|\u2606JakenAken\n|c|\u2606RusaiiAkaCrispy|Noob\n","inputlog":">version 453a3ad56483cc6a5c08448f6577d394b68621b7\n>start {\"formatid\":\"gen5randombattle\",\"seed\":[48795,8715,52810,56151]}\n>player p1 {\"name\":\"JakenAken\",\"avatar\":\"ethan\",\"rating\":0,\"seed\":[17236,63413,32426,37767]}\n>player p2 {\"name\":\"RusaiiAkaCrispy\",\"avatar\":\"riley\",\"rating\":0,\"seed\":[14911,33071,35010,1593]}\n>chat \u2606RusaiiAkaCrispy|NO\n>chat \u2606JakenAken|starting off great amirite\n>p1 move taunt\n>p2 switch 3\n>chat \u2606RusaiiAkaCrispy|Ummm\n>chat \u2606JakenAken|whats that one command\n>chat \u2606RusaiiAkaCrispy|no\n>chat \u2606JakenAken|that lets you see what type matchup is beter\n>chat \u2606JakenAken|better\n>chat \u2606JakenAken|for the pokemon the other guy has\n>p1 switch 6\n>p2 move meteormash\n>p1 move fireblast\n>p2 switch 6\n>chat \u2606JakenAken|i'll make your bussy growl\n>p1 switch 4\n>p2 move dragondance\n>chat \u2606JakenAken|i'll make your\n>chat \u2606JakenAken|ass\n>chat \u2606JakenAken|growl\n>p1 move thunderbolt\n>p2 move waterfall\n>chat \u2606RusaiiAkaCrispy|LOLL\n>p1 move rest\n>p2 move waterfall\n>p1 move sleeptalk\n>p2 switch 4\n>p1 move sleeptalk\n>p2 move stealthrock\n>p1 move icebeam\n>p2 move closecombat\n>chat \u2606JakenAken|LOL\n>chat \u2606RusaiiAkaCrispy|TYPICAL\n>p1 switch 4\n>p2 move closecombat\n>chat \u2606JakenAken|how much speed does your cobalion have\n>chat \u2606JakenAken|:3\n>chat \u2606RusaiiAkaCrispy|203\n>p1 switch 6\n>chat \u2606JakenAken|ty\n>p1 move psychic\n>p2 move thunderwave\n>chat \u2606RusaiiAkaCrispy|np\n>chat \u2606JakenAken|you fucker\n>chat \u2606JakenAken|you LIED\n>chat \u2606JakenAken|YOU LIED\n>chat \u2606RusaiiAkaCrispy|no i didnt\n>p2 switch 6\n>chat \u2606JakenAken|HOW DID YOU OUT SPEED ME THEN\n>chat \u2606RusaiiAkaCrispy|im skilled\n>p1 move psychic\n>p2 move agility\n>p1 move stealthrock\n>p2 move meteormash\n>p1 move taunt\n>p2 move meteormash\n>chat \u2606JakenAken|no\n>chat \u2606RusaiiAkaCrispy|GIVE IT TO ME.\n>chat \u2606RusaiiAkaCrispy|GIVE IT TO ME.\n>p1 switch 5\n>p2 move meteormash\n>p1 move icebeam\n>p2 move zenheadbutt\n>chat \u2606JakenAken|stoopppp\n>chat \u2606RusaiiAkaCrispy|ez.\n>chat \u2606JakenAken|use meteor mash again\n>chat \u2606JakenAken|no balls\n>chat \u2606RusaiiAkaCrispy|ok\n>p1 move icebeam\n>p2 move earthquake\n>chat \u2606JakenAken|oh\n>chat \u2606RusaiiAkaCrispy|all according to plan\n>p1 move icebeam\n>p2 move meteormash\n>p1 switch 4\n>chat \u2606JakenAken|JESUS CHRIST\n>chat \u2606JakenAken|THAT DID ALL ITS HP\n>p1 move rest\n>p2 move earthquake\n>chat \u2606RusaiiAkaCrispy|yes ice is weak to rock\n>p1 switch 3\n>p1 move stoneedge\n>p2 move meteormash\n>chat \u2606JakenAken|dawg.\n>chat \u2606RusaiiAkaCrispy|bulky ass whore.\n>chat \u2606JakenAken|you're so lucky you win!!\n>p1 move earthquake\n>p2 move earthquake\n>chat \u2606JakenAken|ok i may be a little stupid\n>p1 move earthquake\n>p2 move earthquake\n>chat \u2606RusaiiAkaCrispy|WHY DID YOU GO FOR STONE EDGE\n>p1 switch 2\n>p1 move earthquake\n>p2 move zenheadbutt\n>chat \u2606RusaiiAkaCrispy|ez\n>p1 move earthquake\n>p2 move zenheadbutt\n>p1 move milkdrink\n>p2 switch 5\n>chat \u2606RusaiiAkaCrispy|gurarararara\n>p1 move bodyslam\n>p2 move sludgebomb\n>p1 move bodyslam\n>p2 move sludgebomb\n>p1 move milkdrink\n>p2 move sludgebomb\n>chat \u2606RusaiiAkaCrispy|how\n>p1 move bodyslam\n>p2 move sludgebomb\n>chat \u2606RusaiiAkaCrispy|HOW\n>p1 move milkdrink\n>p2 move sludgebomb\n>p1 move bodyslam\n>p2 move sludgebomb\n>chat \u2606RusaiiAkaCrispy|?????????\n>chat \u2606JakenAken|FUCK OFF RUSAI\n>p1 move milkdrink\n>p2 move painsplit\n>p1 move bodyslam\n>p2 move sludgebomb\n>p1 move bodyslam\n>p2 move sludgebomb\n>chat \u2606RusaiiAkaCrispy|finally\n>p1 move bodyslam\n>p2 switch 3\n>p1 move milkdrink\n>p2 move gigadrain\n>chat \u2606RusaiiAkaCrispy|LOOORD\n>p1 move earthquake\n>p2 move focusblast\n>chat \u2606JakenAken|LOL\n>p1 move milkdrink\n>p2 move focusblast\n>chat \u2606RusaiiAkaCrispy|HAAAAAAAAAAAAAGH\n>chat \u2606JakenAken|dawg.\n>p1 switch 5\n>p1 move softboiled\n>p2 switch 2\n>p1 move psychic\n>p2 move calmmind\n>p1 move taunt\n>p2 move calmmind\n>chat \u2606RusaiiAkaCrispy|dont mind me\n>chat \u2606JakenAken|YOU'RE SO LUCKY\n>p1 move taunt\n>p2 move calmmind\n>chat \u2606RusaiiAkaCrispy|Ok.\n>chat \u2606JakenAken|HOLY SHIT\n>chat \u2606JakenAken|BRUH\n>chat \u2606RusaiiAkaCrispy|LOL\n>p1 move psychic\n>p2 move calmmind\n>p1 move psychic\n>p2 move psyshock\n>p1 move psychic\n>p2 move psyshock","uploadtime":1668037841,"views":7,"p1id":"jakenaken","p2id":"rusaiiakacrispy","formatid":"gen5randombattle","rating":0,"private":0,"password":null}