{"id":"gen5ou-1664091888","p1":"stunnagirl","p2":"dmt dreams","format":"gen5ou","log":"|j|\u2606stunnagirl\n|j|\u203ddmt dreams\n|inactive|Battle timer is ON: inactive players will automatically lose when time's up.\n|t:|1663165863\n|gametype|singles\n|player|p1|stunnagirl|sage-gen2|\n|player|p2|dmt dreams|cynthia-gen4|\n|teamsize|p1|6\n|teamsize|p2|6\n|gen|5\n|tier|[Gen 5] OU\n|rated|Tournament battle\n|rule|Species Clause: Limit one of each Pok\u00e9mon\n|rule|OHKO Clause: OHKO moves are banned\n|rule|Moody Clause: Moody is banned\n|rule|Evasion Items Clause: Evasion items are banned\n|rule|Evasion Moves Clause: Evasion moves are banned\n|rule|Endless Battle Clause: Forcing endless battles is banned\n|rule|HP Percentage Mod: HP is shown in percentages\n|rule|Evasion Abilities Clause: Evasion abilities are banned\n|rule|Sleep Clause: Sleep-inducing moves are banned\n|rule|Swagger Clause: Swagger is banned\n|clearpoke\n|poke|p1|Politoed, F|item\n|poke|p1|Scizor, F|item\n|poke|p1|Terrakion|item\n|poke|p1|Keldeo-Resolute|item\n|poke|p1|Latios, M|item\n|poke|p1|Empoleon, F|item\n|poke|p2|Politoed, M|item\n|poke|p2|Tentacruel, F|item\n|poke|p2|Jirachi|item\n|poke|p2|Thundurus-Therian, M|item\n|poke|p2|Breloom, M|item\n|poke|p2|Latios, M|item\n|teampreview\n|inactive|stunnagirl also wants the timer to be on.\n|j| hgerbes\n|j|@Mimikyu Stardust\n|l|\u2606stunnagirl\n|inactive|stunnagirl disconnected and has a minute to reconnect!\n|player|p1|\n|inactive|dmt dreams has 120 seconds left.\n|j| Ze Rose\n|l| Ze Rose\n|j| Bluey5413\n|j|\u2606stunnagirl\n|inactive|stunnagirl reconnected.\n|player|p1|stunnagirl|sage-gen2\n|\n|t:|1663165923\n|start\n|switch|p1a: Terrakion|Terrakion|100\/100\n|switch|p2a: Breloom|Breloom, M|100\/100\n|turn|1\n|l| hgerbes\n|j| hgerbes\n|j| Asiansniper1\n|l| hgerbes\n|c| Bluey5413|both teams got no spikes\n|c| Bluey5413|Wtf\n|\n|t:|1663165950\n|move|p2a: Breloom|Protect|p2a: Breloom\n|-singleturn|p2a: Breloom|Protect\n|move|p1a: Terrakion|Close Combat|p2a: Breloom\n|-activate|p2a: Breloom|move: Protect\n|\n|-status|p2a: Breloom|tox|[from] item: Toxic Orb\n|upkeep\n|turn|2\n|\n|t:|1663165975\n|switch|p2a: Latios|Latios, M|100\/100\n|move|p1a: Terrakion|Swords Dance|p1a: Terrakion\n|-boost|p1a: Terrakion|atk|2\n|\n|upkeep\n|turn|3\n|\n|t:|1663165987\n|move|p2a: Latios|Trick|p1a: Terrakion\n|-activate|p2a: Latios|move: Trick|[of] p1a: Terrakion\n|-item|p1a: Terrakion|Choice Scarf|[from] move: Trick\n|-item|p2a: Latios|Focus Sash|[from] move: Trick\n|move|p1a: Terrakion|Stone Edge|p2a: Latios\n|-enditem|p2a: Latios|Focus Sash\n|-damage|p2a: Latios|1\/100\n|\n|upkeep\n|turn|4\n|j| SbeveSbren\n|\n|t:|1663165997\n|move|p1a: Terrakion|Stone Edge|p2a: Latios\n|-damage|p2a: Latios|0 fnt\n|faint|p2a: Latios\n|\n|upkeep\n|\n|t:|1663165998\n|switch|p2a: Jirachi|Jirachi|100\/100\n|turn|5\n|l| Bluey5413\n|\n|t:|1663166010\n|switch|p1a: Politoed|Politoed, F|100\/100\n|-weather|RainDance|[from] ability: Drizzle|[of] p1a: Politoed\n|move|p2a: Jirachi|Wish|p2a: Jirachi\n|\n|-weather|RainDance|[upkeep]\n|upkeep\n|turn|6\n|\n|t:|1663166020\n|move|p2a: Jirachi|Stealth Rock|p1a: Politoed\n|-sidestart|p1: stunnagirl|move: Stealth Rock\n|move|p1a: Politoed|Ice Beam|p2a: Jirachi\n|-resisted|p2a: Jirachi\n|-damage|p2a: Jirachi|88\/100\n|\n|-weather|RainDance|[upkeep]\n|-heal|p2a: Jirachi|100\/100|[from] move: Wish|[wisher] Jirachi\n|upkeep\n|turn|7\n|\n|t:|1663166027\n|switch|p1a: Terrakion|Terrakion|100\/100\n|-damage|p1a: Terrakion|94\/100|[from] Stealth Rock\n|move|p2a: Jirachi|Iron Head|p1a: Terrakion\n|-supereffective|p1a: Terrakion\n|-damage|p1a: Terrakion|34\/100\n|\n|-weather|RainDance|[upkeep]\n|upkeep\n|turn|8\n|\n|t:|1663166033\n|switch|p2a: Tentacruel|Tentacruel, F|100\/100\n|move|p1a: Terrakion|Stealth Rock|p2a: Tentacruel\n|-sidestart|p2: dmt dreams|move: Stealth Rock\n|\n|-weather|RainDance|[upkeep]\n|upkeep\n|turn|9\n|\n|t:|1663166040\n|switch|p1a: Latios|Latios, M|100\/100\n|-damage|p1a: Latios|88\/100|[from] Stealth Rock\n|move|p2a: Tentacruel|Rapid Spin|p1a: Latios\n|-crit|p1a: Latios\n|-damage|p1a: Latios|80\/100\n|-sideend|p2: dmt dreams|Stealth Rock|[from] move: Rapid Spin|[of] p2a: Tentacruel\n|\n|-weather|RainDance|[upkeep]\n|upkeep\n|turn|10\n|\n|t:|1663166048\n|move|p2a: Tentacruel|Protect|p2a: Tentacruel\n|-singleturn|p2a: Tentacruel|Protect\n|move|p1a: Latios|Surf|p2a: Tentacruel\n|-activate|p2a: Tentacruel|move: Protect\n|\n|-weather|RainDance|[upkeep]\n|upkeep\n|turn|11\n|\n|t:|1663166052\n|switch|p2a: Jirachi|Jirachi|100\/100\n|move|p1a: Latios|Psyshock|p2a: Jirachi\n|-resisted|p2a: Jirachi\n|-damage|p2a: Jirachi|88\/100\n|-damage|p1a: Latios|70\/100|[from] item: Life Orb\n|\n|-weather|RainDance|[upkeep]\n|-heal|p2a: Jirachi|94\/100|[from] item: Leftovers\n|upkeep\n|turn|12\n|j| ImJustACheese\n|\n|t:|1663166060\n|move|p1a: Latios|Surf|p2a: Jirachi\n|-damage|p2a: Jirachi|50\/100\n|-damage|p1a: Latios|60\/100|[from] item: Life Orb\n|move|p2a: Jirachi|Wish|p2a: Jirachi\n|\n|-weather|RainDance|[upkeep]\n|-heal|p2a: Jirachi|56\/100|[from] item: Leftovers\n|upkeep\n|turn|13\n|\n|t:|1663166063\n|move|p1a: Latios|Recover|p1a: Latios\n|-heal|p1a: Latios|100\/100\n|move|p2a: Jirachi|Iron Head|p1a: Latios\n|-damage|p1a: Latios|60\/100\n|\n|-weather|RainDance|[upkeep]\n|-heal|p2a: Jirachi|100\/100|[from] move: Wish|[wisher] Jirachi\n|upkeep\n|turn|14\n|\n|t:|1663166069\n|move|p1a: Latios|Surf|p2a: Jirachi\n|-damage|p2a: Jirachi|55\/100\n|-damage|p1a: Latios|50\/100|[from] item: Life Orb\n|move|p2a: Jirachi|Wish|p2a: Jirachi\n|\n|-weather|RainDance|[upkeep]\n|-heal|p2a: Jirachi|61\/100|[from] item: Leftovers\n|upkeep\n|turn|15\n|\n|t:|1663166072\n|move|p1a: Latios|Recover|p1a: Latios\n|-heal|p1a: Latios|100\/100\n|move|p2a: Jirachi|Iron Head|p1a: Latios\n|-damage|p1a: Latios|65\/100\n|\n|-weather|RainDance|[upkeep]\n|-heal|p2a: Jirachi|100\/100|[from] move: Wish|[wisher] Jirachi\n|upkeep\n|turn|16\n|\n|t:|1663166079\n|move|p1a: Latios|Surf|p2a: Jirachi\n|-damage|p2a: Jirachi|61\/100\n|-damage|p1a: Latios|55\/100|[from] item: Life Orb\n|move|p2a: Jirachi|Wish|p2a: Jirachi\n|\n|-weather|RainDance|[upkeep]\n|-heal|p2a: Jirachi|68\/100|[from] item: Leftovers\n|upkeep\n|turn|17\n|\n|t:|1663166083\n|move|p1a: Latios|Recover|p1a: Latios\n|-heal|p1a: Latios|100\/100\n|move|p2a: Jirachi|Iron Head|p1a: Latios\n|-damage|p1a: Latios|65\/100\n|\n|-weather|RainDance|[upkeep]\n|-heal|p2a: Jirachi|100\/100|[from] move: Wish|[wisher] Jirachi\n|upkeep\n|turn|18\n|\n|t:|1663166088\n|switch|p1a: Politoed|Politoed, F|100\/100\n|-damage|p1a: Politoed|88\/100|[from] Stealth Rock\n|move|p2a: Jirachi|U-turn|p1a: Politoed\n|-damage|p1a: Politoed|68\/100\n|\n|t:|1663166099\n|switch|p2a: Breloom|Breloom, M|100\/100 tox|[from]move: U-turn\n|\n|-weather|RainDance|[upkeep]\n|upkeep\n|turn|19\n|\n|t:|1663166107\n|switch|p2a: Politoed|Politoed, M|100\/100\n|move|p1a: Politoed|Ice Beam|p2a: Politoed\n|-resisted|p2a: Politoed\n|-damage|p2a: Politoed|83\/100\n|\n|-weather|RainDance|[upkeep]\n|-heal|p2a: Politoed|89\/100|[from] item: Leftovers\n|upkeep\n|turn|20\n|\n|t:|1663166114\n|switch|p1a: Latios|Latios, M|65\/100\n|-damage|p1a: Latios|52\/100|[from] Stealth Rock\n|move|p2a: Politoed|Scald|p1a: Latios\n|-resisted|p1a: Latios\n|-crit|p1a: Latios\n|-damage|p1a: Latios|13\/100\n|\n|-weather|RainDance|[upkeep]\n|-heal|p2a: Politoed|95\/100|[from] item: Leftovers\n|upkeep\n|turn|21\n|\n|t:|1663166117\n|move|p1a: Latios|Recover|p1a: Latios\n|-heal|p1a: Latios|63\/100\n|move|p2a: Politoed|Toxic|p1a: Latios|[miss]\n|-miss|p2a: Politoed|p1a: Latios\n|\n|-weather|RainDance|[upkeep]\n|-heal|p2a: Politoed|100\/100|[from] item: Leftovers\n|upkeep\n|turn|22\n|\n|t:|1663166123\n|switch|p1a: Empoleon|Empoleon, F|100\/100\n|-damage|p1a: Empoleon|94\/100|[from] Stealth Rock\n|move|p2a: Politoed|Toxic|p1a: Empoleon\n|-immune|p1a: Empoleon\n|\n|-weather|RainDance|[upkeep]\n|upkeep\n|turn|23\n|\n|t:|1663166127\n|move|p1a: Empoleon|Substitute|p1a: Empoleon\n|-start|p1a: Empoleon|Substitute\n|-damage|p1a: Empoleon|70\/100\n|move|p2a: Politoed|Scald|p1a: Empoleon\n|-resisted|p1a: Empoleon\n|-activate|p1a: Empoleon|Substitute|[damage]\n|\n|-weather|RainDance|[upkeep]\n|upkeep\n|turn|24\n|\n|t:|1663166130\n|move|p1a: Empoleon|Surf|p2a: Politoed\n|-resisted|p2a: Politoed\n|-damage|p2a: Politoed|70\/100\n|move|p2a: Politoed|Encore|p1a: Empoleon\n|-start|p1a: Empoleon|Encore\n|\n|-weather|RainDance|[upkeep]\n|-heal|p2a: Politoed|76\/100|[from] item: Leftovers\n|upkeep\n|turn|25\n|l| Asiansniper1\n|\n|t:|1663166138\n|move|p1a: Empoleon|Surf|p2a: Politoed\n|-resisted|p2a: Politoed\n|-damage|p2a: Politoed|48\/100\n|move|p2a: Politoed|Scald|p1a: Empoleon\n|-resisted|p1a: Empoleon\n|-end|p1a: Empoleon|Substitute\n|\n|-weather|RainDance|[upkeep]\n|-heal|p2a: Politoed|54\/100|[from] item: Leftovers\n|upkeep\n|turn|26\n|\n|t:|1663166143\n|move|p1a: Empoleon|Surf|p2a: Politoed\n|-resisted|p2a: Politoed\n|-damage|p2a: Politoed|22\/100\n|move|p2a: Politoed|Scald|p1a: Empoleon\n|-resisted|p1a: Empoleon\n|-damage|p1a: Empoleon|48\/100\n|\n|-weather|RainDance|[upkeep]\n|-heal|p2a: Politoed|28\/100|[from] item: Leftovers\n|upkeep\n|turn|27\n|\n|t:|1663166148\n|move|p2a: Politoed|Protect|p2a: Politoed\n|-singleturn|p2a: Politoed|Protect\n|move|p1a: Empoleon|Surf|p2a: Politoed\n|-activate|p2a: Politoed|move: Protect\n|\n|-weather|RainDance|[upkeep]\n|-heal|p2a: Politoed|35\/100|[from] item: Leftovers\n|-end|p1a: Empoleon|Encore\n|upkeep\n|turn|28\n|\n|t:|1663166151\n|switch|p2a: Tentacruel|Tentacruel, F|100\/100\n|move|p1a: Empoleon|Surf|p2a: Tentacruel\n|-resisted|p2a: Tentacruel\n|-damage|p2a: Tentacruel|72\/100\n|\n|-weather|RainDance|[upkeep]\n|-heal|p2a: Tentacruel|78\/100|[from] ability: Rain Dish\n|-heal|p2a: Tentacruel|84\/100|[from] item: Black Sludge\n|upkeep\n|turn|29\n|j| Melophetamine\n|\n|t:|1663166164\n|switch|p1a: Latios|Latios, M|63\/100\n|-damage|p1a: Latios|51\/100|[from] Stealth Rock\n|move|p2a: Tentacruel|Scald|p1a: Latios\n|-resisted|p1a: Latios\n|-damage|p1a: Latios|32\/100\n|-status|p1a: Latios|brn\n|\n|-weather|RainDance|[upkeep]\n|-heal|p2a: Tentacruel|90\/100|[from] ability: Rain Dish\n|-heal|p2a: Tentacruel|96\/100|[from] item: Black Sludge\n|-damage|p1a: Latios|20\/100 brn|[from] brn\n|upkeep\n|turn|30\n|\n|t:|1663166167\n|switch|p2a: Jirachi|Jirachi|100\/100\n|move|p1a: Latios|Recover|p1a: Latios\n|-heal|p1a: Latios|70\/100 brn\n|\n|-weather|RainDance|[upkeep]\n|-damage|p1a: Latios|58\/100 brn|[from] brn\n|upkeep\n|turn|31\n|\n|t:|1663166170\n|move|p1a: Latios|Recover|p1a: Latios\n|-heal|p1a: Latios|100\/100 brn\n|move|p2a: Jirachi|U-turn|p1a: Latios\n|-supereffective|p1a: Latios\n|-damage|p1a: Latios|53\/100 brn\n|\n|t:|1663166172\n|switch|p2a: Politoed|Politoed, M|35\/100|[from]move: U-turn\n|\n|-weather|RainDance|[upkeep]\n|-heal|p2a: Politoed|41\/100|[from] item: Leftovers\n|-damage|p1a: Latios|40\/100 brn|[from] brn\n|upkeep\n|turn|32\n|\n|t:|1663166177\n|move|p2a: Politoed|Protect|p2a: Politoed\n|-singleturn|p2a: Politoed|Protect\n|move|p1a: Latios|Draco Meteor|p2a: Politoed\n|-activate|p2a: Politoed|move: Protect\n|\n|-weather|RainDance|[upkeep]\n|-heal|p2a: Politoed|47\/100|[from] item: Leftovers\n|-damage|p1a: Latios|28\/100 brn|[from] brn\n|upkeep\n|turn|33\n|\n|t:|1663166179\n|switch|p2a: Jirachi|Jirachi|100\/100\n|move|p1a: Latios|Recover|p1a: Latios\n|-heal|p1a: Latios|78\/100 brn\n|\n|-weather|RainDance|[upkeep]\n|-damage|p1a: Latios|66\/100 brn|[from] brn\n|upkeep\n|turn|34\n|\n|t:|1663166184\n|switch|p1a: Terrakion|Terrakion|34\/100\n|-damage|p1a: Terrakion|28\/100|[from] Stealth Rock\n|move|p2a: Jirachi|Wish|p2a: Jirachi\n|\n|-weather|RainDance|[upkeep]\n|upkeep\n|turn|35\n|\n|t:|1663166187\n|move|p1a: Terrakion|Stone Edge|p2a: Jirachi\n|-resisted|p2a: Jirachi\n|-damage|p2a: Jirachi|77\/100\n|move|p2a: Jirachi|Iron Head|p1a: Terrakion\n|-supereffective|p1a: Terrakion\n|-damage|p1a: Terrakion|0 fnt\n|faint|p1a: Terrakion\n|\n|-weather|RainDance|[upkeep]\n|-heal|p2a: Jirachi|100\/100|[from] move: Wish|[wisher] Jirachi\n|upkeep\n|l| SbeveSbren\n|\n|t:|1663166194\n|switch|p1a: Keldeo|Keldeo-Resolute|100\/100\n|-damage|p1a: Keldeo|94\/100|[from] Stealth Rock\n|turn|36\n|\n|t:|1663166206\n|switch|p2a: Tentacruel|Tentacruel, F|96\/100\n|move|p1a: Keldeo|Hydro Pump|p2a: Tentacruel\n|-resisted|p2a: Tentacruel\n|-damage|p2a: Tentacruel|60\/100\n|\n|-weather|RainDance|[upkeep]\n|-heal|p2a: Tentacruel|66\/100|[from] ability: Rain Dish\n|-heal|p2a: Tentacruel|72\/100|[from] item: Black Sludge\n|upkeep\n|turn|37\n|-message|stunnagirl forfeited.\n|\n|win|dmt dreams\n|n|\u203ddmt dreams|dmtdreams\n|n| Mimikyu Stardust|mimikyustardust\n|n|\u2606stunnagirl|stunnagirl\n|n| ImJustACheese|imjustacheese\n|n| Melophetamine|melophetamine\n|l|\u2606stunnagirl\n","uploadtime":1663166214,"views":14,"p1id":"stunnagirl","p2id":"dmtdreams","formatid":"gen5ou","rating":0,"private":0,"password":null}