{"id":"gen5ou-1189523996","p1":"DittoTheHoe","p2":"Goootzinho","format":"gen5ou","log":"|j|\u2606DittoTheHoe\n|j|\u2606Goootzinho\n|t:|1600503043\n|player|p1|DittoTheHoe|1|1258\n|player|p2|Goootzinho|rood|1477\n|teamsize|p1|6\n|teamsize|p2|6\n|gametype|singles\n|gen|5\n|tier|[Gen 5] OU\n|rated|\n|clearpoke\n|poke|p1|Skarmory, M|item\n|poke|p1|Dragonite, F|item\n|poke|p1|Rotom-Wash|item\n|poke|p1|Cofagrigus, F|item\n|poke|p1|Espeon, F|item\n|poke|p1|Donphan, F|item\n|poke|p2|Tyranitar, M|item\n|poke|p2|Lanturn, M|item\n|poke|p2|Yanmega, F|item\n|poke|p2|Landorus-Therian, M|item\n|poke|p2|Magnezone|item\n|poke|p2|Donphan, F|item\n|rule|Species Clause: Limit one of each Pok\u00e9mon\n|rule|OHKO Clause: OHKO moves are banned\n|rule|Moody Clause: Moody is banned\n|rule|Evasion Moves Clause: Evasion moves are banned\n|rule|Endless Battle Clause: Forcing endless battles is banned\n|rule|HP Percentage Mod: HP is shown in percentages\n|rule|Evasion Abilities Clause: Evasion abilities are banned\n|rule|Baton Pass Clause: Limit one Baton Passer, can't pass Spe and other stats simultaneously\n|rule|Sleep Clause: Sleep-inducing moves are banned\n|rule|Swagger Clause: Swagger is banned\n|teampreview\n|c|\u2606DittoTheHoe|glhf\n|c|\u2606Goootzinho|u2\n|c|\u2606DittoTheHoe|ty :)\n|\n|t:|1600503083\n|start\n|switch|p1a: Rotom|Rotom-Wash|100\/100\n|switch|p2a: Landorus|Landorus-Therian, M|100\/100\n|-ability|p2a: Landorus|Intimidate|boost\n|-unboost|p1a: Rotom|atk|1\n|turn|1\n|\n|t:|1600503097\n|move|p2a: Landorus|U-turn|p1a: Rotom\n|-damage|p1a: Rotom|71\/100\n|\n|t:|1600503104\n|switch|p2a: Lanturn|Lanturn, M|100\/100|[from]move: U-turn\n|move|p1a: Rotom|Hydro Pump|p2a: Lanturn\n|-immune|p2a: Lanturn|[from] ability: Water Absorb\n|\n|upkeep\n|turn|2\n|\n|t:|1600503117\n|move|p1a: Rotom|Volt Switch|p2a: Lanturn\n|-damage|p2a: Lanturn|71\/100\n|\n|t:|1600503129\n|switch|p1a: Donphan|Donphan, F|100\/100|[from]move: Volt Switch\n|move|p2a: Lanturn|Volt Switch|p1a: Donphan\n|-immune|p1a: Donphan\n|\n|-heal|p2a: Lanturn|77\/100|[from] item: Leftovers\n|upkeep\n|turn|3\n|inactive|Battle timer is ON: inactive players will automatically lose when time's up. (requested by Goootzinho)\n|\n|t:|1600503152\n|switch|p2a: Yanmega|Yanmega, F|100\/100\n|move|p1a: Donphan|Earthquake|p2a: Yanmega\n|-immune|p2a: Yanmega\n|\n|upkeep\n|turn|4\n|j| Enodia\n|\n|t:|1600503165\n|move|p1a: Donphan|Ice Shard|p2a: Yanmega\n|-supereffective|p2a: Yanmega\n|-damage|p2a: Yanmega|67\/100\n|move|p2a: Yanmega|Air Slash|p1a: Donphan\n|-damage|p1a: Donphan|23\/100\n|\n|-heal|p1a: Donphan|29\/100|[from] item: Leftovers\n|upkeep\n|turn|5\n|\n|t:|1600503170\n|move|p1a: Donphan|Ice Shard|p2a: Yanmega\n|-supereffective|p2a: Yanmega\n|-crit|p2a: Yanmega\n|-damage|p2a: Yanmega|0 fnt\n|faint|p2a: Yanmega\n|\n|-heal|p1a: Donphan|36\/100|[from] item: Leftovers\n|upkeep\n|c|\u2606DittoTheHoe|rip\n|\n|t:|1600503180\n|switch|p2a: Magnezone|Magnezone|100\/100\n|-item|p2a: Magnezone|Air Balloon\n|turn|6\n|\n|t:|1600503191\n|move|p1a: Donphan|Ice Shard|p2a: Magnezone\n|-resisted|p2a: Magnezone\n|-damage|p2a: Magnezone|92\/100\n|-enditem|p2a: Magnezone|Air Balloon\n|move|p2a: Magnezone|Flash Cannon|p1a: Donphan\n|-crit|p1a: Donphan\n|-damage|p1a: Donphan|0 fnt\n|faint|p1a: Donphan\n|\n|upkeep\n|\n|t:|1600503205\n|switch|p1a: Rotom|Rotom-Wash|71\/100\n|turn|7\n|\n|t:|1600503211\n|move|p1a: Rotom|Hidden Power|p2a: Magnezone\n|-enditem|p1a: Rotom|Fire Gem|[from] gem\n|-supereffective|p2a: Magnezone\n|-damage|p2a: Magnezone|8\/100\n|move|p2a: Magnezone|Thunderbolt|p1a: Rotom\n|-damage|p1a: Rotom|14\/100\n|-status|p1a: Rotom|par\n|\n|upkeep\n|turn|8\n|c|\u2606DittoTheHoe|F\n|\n|t:|1600503222\n|move|p2a: Magnezone|Thunderbolt|p1a: Rotom\n|-damage|p1a: Rotom|0 fnt\n|faint|p1a: Rotom\n|\n|upkeep\n|c|\u2606Goootzinho|rip\n|c|\u2606DittoTheHoe|all g\n|\n|t:|1600503234\n|switch|p1a: Espeon|Espeon, F|100\/100\n|turn|9\n|\n|t:|1600503241\n|switch|p2a: Tyranitar|Tyranitar, M|100\/100\n|-weather|Sandstorm|[from] ability: Sand Stream|[of] p2a: Tyranitar\n|move|p1a: Espeon|Calm Mind|p1a: Espeon\n|-boost|p1a: Espeon|spa|1\n|-boost|p1a: Espeon|spd|1\n|\n|-weather|Sandstorm|[upkeep]\n|-damage|p1a: Espeon|95\/100|[from] Sandstorm\n|-heal|p1a: Espeon|100\/100|[from] item: Leftovers\n|upkeep\n|turn|10\n|\n|t:|1600503248\n|move|p1a: Espeon|Baton Pass|p1a: Espeon\n|\n|t:|1600503252\n|switch|p1a: Skarmory|Skarmory, M|100\/100|[from]move: Baton Pass\n|move|p2a: Tyranitar|Crunch|p1a: Skarmory\n|-resisted|p1a: Skarmory\n|-damage|p1a: Skarmory|91\/100\n|\n|-weather|Sandstorm|[upkeep]\n|-heal|p1a: Skarmory|97\/100|[from] item: Leftovers\n|upkeep\n|turn|11\n|\n|t:|1600503263\n|move|p2a: Tyranitar|Stealth Rock|p1a: Skarmory\n|-sidestart|p1: DittoTheHoe|move: Stealth Rock\n|move|p1a: Skarmory|Whirlwind|p2a: Tyranitar\n|drag|p2a: Lanturn|Lanturn, M|77\/100\n|\n|-weather|Sandstorm|[upkeep]\n|-damage|p2a: Lanturn|71\/100|[from] Sandstorm\n|-heal|p1a: Skarmory|100\/100|[from] item: Leftovers\n|-heal|p2a: Lanturn|77\/100|[from] item: Leftovers\n|upkeep\n|turn|12\n|c|\u2606DittoTheHoe|rip\n|\n|t:|1600503276\n|move|p2a: Lanturn|Scald|p1a: Skarmory\n|-damage|p1a: Skarmory|78\/100\n|-status|p1a: Skarmory|brn\n|move|p1a: Skarmory|Whirlwind|p2a: Lanturn\n|drag|p2a: Landorus|Landorus-Therian, M|100\/100\n|-ability|p2a: Landorus|Intimidate|boost\n|-unboost|p1a: Skarmory|atk|1\n|\n|-weather|Sandstorm|[upkeep]\n|-heal|p1a: Skarmory|84\/100 brn|[from] item: Leftovers\n|-damage|p1a: Skarmory|72\/100 brn|[from] brn\n|upkeep\n|turn|13\n|\n|t:|1600503282\n|move|p2a: Landorus|U-turn|p1a: Skarmory\n|-resisted|p1a: Skarmory\n|-damage|p1a: Skarmory|68\/100 brn\n|\n|t:|1600503288\n|switch|p2a: Magnezone|Magnezone|8\/100|[from]move: U-turn\n|move|p1a: Skarmory|Stealth Rock|p2a: Magnezone\n|-sidestart|p2: Goootzinho|move: Stealth Rock\n|\n|-weather|Sandstorm|[upkeep]\n|-heal|p1a: Skarmory|74\/100 brn|[from] item: Leftovers\n|-damage|p1a: Skarmory|61\/100 brn|[from] brn\n|upkeep\n|turn|14\n|\n|t:|1600503298\n|move|p2a: Magnezone|Thunderbolt|p1a: Skarmory\n|-supereffective|p1a: Skarmory\n|-damage|p1a: Skarmory|0 fnt\n|faint|p1a: Skarmory\n|\n|-weather|Sandstorm|[upkeep]\n|upkeep\n|c|\u2606DittoTheHoe|wp\n|c|\u2606Goootzinho|ty\n|\n|t:|1600503306\n|switch|p1a: Cofagrigus|Cofagrigus, F|100\/100\n|-damage|p1a: Cofagrigus|88\/100|[from] Stealth Rock\n|turn|15\n|\n|t:|1600503309\n|move|p2a: Magnezone|Thunderbolt|p1a: Cofagrigus\n|-damage|p1a: Cofagrigus|31\/100\n|-status|p1a: Cofagrigus|par\n|cant|p1a: Cofagrigus|par\n|\n|-weather|Sandstorm|[upkeep]\n|-damage|p1a: Cofagrigus|25\/100 par|[from] Sandstorm\n|-heal|p1a: Cofagrigus|31\/100 par|[from] item: Leftovers\n|upkeep\n|turn|16\n|c|\u2606DittoTheHoe|i give up\n|c|\u2606DittoTheHoe|lmao\n|\n|t:|1600503320\n|move|p2a: Magnezone|Thunderbolt|p1a: Cofagrigus\n|-damage|p1a: Cofagrigus|0 fnt\n|faint|p1a: Cofagrigus\n|\n|-weather|Sandstorm|[upkeep]\n|upkeep\n|\n|t:|1600503325\n|switch|p1a: Espeon|Espeon, F|100\/100\n|-damage|p1a: Espeon|88\/100|[from] Stealth Rock\n|turn|17\n|\n|t:|1600503330\n|move|p1a: Espeon|Morning Sun|p1a: Espeon\n|-heal|p1a: Espeon|100\/100\n|move|p2a: Magnezone|Thunderbolt|p1a: Espeon\n|-damage|p1a: Espeon|27\/100\n|\n|-weather|Sandstorm|[upkeep]\n|-damage|p1a: Espeon|21\/100|[from] Sandstorm\n|-heal|p1a: Espeon|27\/100|[from] item: Leftovers\n|upkeep\n|turn|18\n|\n|t:|1600503338\n|move|p1a: Espeon|Psyshock|p2a: Magnezone\n|-resisted|p2a: Magnezone\n|-crit|p2a: Magnezone\n|-damage|p2a: Magnezone|0 fnt\n|faint|p2a: Magnezone\n|\n|-weather|Sandstorm|[upkeep]\n|-damage|p1a: Espeon|21\/100|[from] Sandstorm\n|-heal|p1a: Espeon|27\/100|[from] item: Leftovers\n|upkeep\n|\n|t:|1600503358\n|switch|p2a: Landorus|Landorus-Therian, M|100\/100\n|-damage|p2a: Landorus|88\/100|[from] Stealth Rock\n|-ability|p2a: Landorus|Intimidate|boost\n|-unboost|p1a: Espeon|atk|1\n|turn|19\n|\n|t:|1600503366\n|move|p2a: Landorus|U-turn|p1a: Espeon\n|-supereffective|p1a: Espeon\n|-damage|p1a: Espeon|0 fnt\n|faint|p1a: Espeon\n|\n|t:|1600503369\n|switch|p2a: Donphan|Donphan, F|100\/100|[from]move: U-turn\n|-damage|p2a: Donphan|94\/100|[from] Stealth Rock\n|\n|-weather|Sandstorm|[upkeep]\n|-heal|p2a: Donphan|100\/100|[from] item: Leftovers\n|upkeep\n|\n|t:|1600503372\n|switch|p1a: Dragonite|Dragonite, F|100\/100\n|-damage|p1a: Dragonite|76\/100|[from] Stealth Rock\n|turn|20\n|\n|t:|1600503377\n|move|p2a: Donphan|Ice Shard|p1a: Dragonite\n|-supereffective|p1a: Dragonite\n|-damage|p1a: Dragonite|31\/100\n|move|p1a: Dragonite|Roost|p1a: Dragonite\n|-heal|p1a: Dragonite|81\/100\n|-singleturn|p1a: Dragonite|move: Roost\n|\n|-weather|Sandstorm|[upkeep]\n|-damage|p1a: Dragonite|75\/100|[from] Sandstorm\n|-heal|p1a: Dragonite|81\/100|[from] item: Leftovers\n|upkeep\n|turn|21\n|\n|t:|1600503382\n|move|p2a: Donphan|Ice Shard|p1a: Dragonite\n|-supereffective|p1a: Dragonite\n|-damage|p1a: Dragonite|40\/100\n|move|p1a: Dragonite|Roost|p1a: Dragonite\n|-heal|p1a: Dragonite|90\/100\n|-singleturn|p1a: Dragonite|move: Roost\n|\n|-weather|Sandstorm|[upkeep]\n|-damage|p1a: Dragonite|83\/100|[from] Sandstorm\n|-heal|p1a: Dragonite|90\/100|[from] item: Leftovers\n|upkeep\n|turn|22\n|\n|t:|1600503389\n|move|p2a: Donphan|Ice Shard|p1a: Dragonite\n|-supereffective|p1a: Dragonite\n|-damage|p1a: Dragonite|47\/100\n|move|p1a: Dragonite|Dragon Tail|p2a: Donphan\n|-damage|p2a: Donphan|85\/100\n|drag|p2a: Lanturn|Lanturn, M|77\/100\n|-damage|p2a: Lanturn|65\/100|[from] Stealth Rock\n|\n|-weather|Sandstorm|[upkeep]\n|-damage|p1a: Dragonite|41\/100|[from] Sandstorm\n|-damage|p2a: Lanturn|59\/100|[from] Sandstorm\n|-heal|p1a: Dragonite|47\/100|[from] item: Leftovers\n|-heal|p2a: Lanturn|65\/100|[from] item: Leftovers\n|upkeep\n|turn|23\n|\n|t:|1600503397\n|move|p1a: Dragonite|Roost|p1a: Dragonite\n|-heal|p1a: Dragonite|97\/100\n|-singleturn|p1a: Dragonite|move: Roost\n|move|p2a: Lanturn|Toxic|p1a: Dragonite\n|-status|p1a: Dragonite|tox\n|\n|-weather|Sandstorm|[upkeep]\n|-damage|p1a: Dragonite|91\/100 tox|[from] Sandstorm\n|-damage|p2a: Lanturn|59\/100|[from] Sandstorm\n|-heal|p1a: Dragonite|97\/100 tox|[from] item: Leftovers\n|-heal|p2a: Lanturn|65\/100|[from] item: Leftovers\n|-damage|p1a: Dragonite|91\/100 tox|[from] psn\n|upkeep\n|turn|24\n|\n|t:|1600503403\n|move|p2a: Lanturn|Volt Switch|p1a: Dragonite\n|-damage|p1a: Dragonite|78\/100 tox\n|\n|t:|1600503406\n|switch|p2a: Donphan|Donphan, F|85\/100|[from]move: Volt Switch\n|-damage|p2a: Donphan|79\/100|[from] Stealth Rock\n|move|p1a: Dragonite|Dragon Tail|p2a: Donphan\n|-damage|p2a: Donphan|64\/100\n|drag|p2a: Tyranitar|Tyranitar, M|100\/100\n|-damage|p2a: Tyranitar|88\/100|[from] Stealth Rock\n|\n|-weather|Sandstorm|[upkeep]\n|-damage|p1a: Dragonite|72\/100 tox|[from] Sandstorm\n|-heal|p1a: Dragonite|78\/100 tox|[from] item: Leftovers\n|-damage|p1a: Dragonite|66\/100 tox|[from] psn\n|upkeep\n|turn|25\n|c|\u2606Goootzinho|gg\n|c|\u2606DittoTheHoe|gg bro\n|\n|t:|1600503418\n|move|p2a: Tyranitar|Stone Edge|p1a: Dragonite|[miss]\n|-miss|p2a: Tyranitar|p1a: Dragonite\n|move|p1a: Dragonite|Dragon Tail|p2a: Tyranitar\n|-damage|p2a: Tyranitar|67\/100\n|drag|p2a: Landorus|Landorus-Therian, M|88\/100\n|-damage|p2a: Landorus|75\/100|[from] Stealth Rock\n|-ability|p2a: Landorus|Intimidate|boost\n|-unboost|p1a: Dragonite|atk|1\n|\n|-weather|Sandstorm|[upkeep]\n|-damage|p1a: Dragonite|60\/100 tox|[from] Sandstorm\n|-heal|p1a: Dragonite|66\/100 tox|[from] item: Leftovers\n|-damage|p1a: Dragonite|47\/100 tox|[from] psn\n|upkeep\n|turn|26\n|c|\u2606DittoTheHoe|wp\n|c|\u2606DittoTheHoe|oh lmao\n|c|\u2606DittoTheHoe|imma just take the l\n|-message|DittoTheHoe forfeited.\n|\n|win|Goootzinho\n|raw|DittoTheHoe's rating: 1258 &rarr; <strong>1247<\/strong><br \/>(-11 for losing)\n|raw|Goootzinho's rating: 1487 &rarr; <strong>1495<\/strong><br \/>(+8 for winning)\n|c|\u2606DittoTheHoe|peace out bro\n|l|\u2606Goootzinho\n","uploadtime":1600503442,"views":58,"p1id":"dittothehoe","p2id":"goootzinho","formatid":"gen5ou","rating":1247,"private":0,"password":null}