{"id":"gen5ubers-1634263871","p1":"Raph369","p2":"Holy Tpc","format":"gen5ubers","log":"|j|\u2606Raph369\n|j|\u2606Holy Tpc\n|t:|1659882667\n|gametype|singles\n|player|p1|Raph369|archer|\n|player|p2|Holy Tpc|nessa-masters|\n|teamsize|p1|6\n|teamsize|p2|6\n|gen|5\n|tier|[Gen 5] Ubers\n|rated|Tournament battle\n|rule|Species Clause: Limit one of each Pok\u00e9mon\n|rule|OHKO Clause: OHKO moves are banned\n|rule|Moody Clause: Moody is banned\n|rule|Evasion Moves Clause: Evasion moves are banned\n|rule|Endless Battle Clause: Forcing endless battles is banned\n|rule|HP Percentage Mod: HP is shown in percentages\n|rule|Sleep Clause Mod: Limit one foe put to sleep\n|clearpoke\n|poke|p1|Ferrothorn, M|item\n|poke|p1|Giratina-Origin|item\n|poke|p1|Kyogre|item\n|poke|p1|Arceus-*|item\n|poke|p1|Dialga|item\n|poke|p1|Kabutops, M|item\n|poke|p2|Darkrai|item\n|poke|p2|Groudon|item\n|poke|p2|Ho-Oh|item\n|poke|p2|Giratina-Origin|item\n|poke|p2|Espeon, F|item\n|poke|p2|Arceus-*|item\n|teampreview\n|inactive|Battle timer is ON: inactive players will automatically lose when time's up. (requested by Holy Tpc)\n|c|\u2606Raph369|here we go again\n|c|\u2606Holy Tpc|hf\n|c|\u2606Holy Tpc|y\n|j| mitana\n|\n|t:|1659882694\n|start\n|switch|p1a: Arceus|Arceus-Ghost|100\/100\n|switch|p2a: Groudon|Groudon|100\/100\n|-weather|SunnyDay|[from] ability: Drought|[of] p2a: Groudon\n|turn|1\n|\n|t:|1659882699\n|move|p1a: Arceus|Stealth Rock|p2a: Groudon\n|-sidestart|p2: Holy Tpc|move: Stealth Rock\n|move|p2a: Groudon|Thunder Wave|p1a: Arceus\n|-status|p1a: Arceus|par\n|\n|-weather|SunnyDay|[upkeep]\n|upkeep\n|turn|2\n|\n|t:|1659882726\n|switch|p2a: Ho-Oh|Ho-Oh|100\/100\n|-damage|p2a: Ho-Oh|50\/100|[from] Stealth Rock\n|move|p1a: Arceus|Will-O-Wisp|p2a: Ho-Oh|[miss]\n|-miss|p1a: Arceus|p2a: Ho-Oh\n|\n|-weather|SunnyDay|[upkeep]\n|upkeep\n|turn|3\n|j| Bluey5413\n|inactive|Raph369 has 120 seconds left.\n|\n|t:|1659882762\n|move|p2a: Ho-Oh|Sacred Fire|p1a: Arceus\n|-damage|p1a: Arceus|27\/100 par\n|cant|p1a: Arceus|par\n|\n|-weather|SunnyDay|[upkeep]\n|upkeep\n|turn|4\n|\n|t:|1659882767\n|switch|p1a: Kyogre|Kyogre|100\/100\n|-weather|RainDance|[from] ability: Drizzle|[of] p1a: Kyogre\n|move|p2a: Ho-Oh|Sacred Fire|p1a: Kyogre\n|-resisted|p1a: Kyogre\n|-damage|p1a: Kyogre|79\/100\n|-status|p1a: Kyogre|brn\n|\n|-weather|RainDance|[upkeep]\n|-damage|p1a: Kyogre|66\/100 brn|[from] brn\n|upkeep\n|turn|5\n|j| alvar03\n|\n|t:|1659882790\n|switch|p2a: Espeon|Espeon, F|100\/100\n|-damage|p2a: Espeon|88\/100|[from] Stealth Rock\n|move|p1a: Kyogre|Surf|p2a: Espeon\n|-damage|p2a: Espeon|0 fnt\n|faint|p2a: Espeon\n|\n|-weather|RainDance|[upkeep]\n|-damage|p1a: Kyogre|54\/100 brn|[from] brn\n|upkeep\n|\n|t:|1659882801\n|switch|p2a: Groudon|Groudon|100\/100\n|-damage|p2a: Groudon|94\/100|[from] Stealth Rock\n|-weather|SunnyDay|[from] ability: Drought|[of] p2a: Groudon\n|turn|6\n|\n|t:|1659882816\n|switch|p1a: Arceus|Arceus-Ghost|27\/100 par\n|move|p2a: Groudon|Stealth Rock|p1a: Arceus\n|-sidestart|p1: Raph369|move: Stealth Rock\n|\n|-weather|SunnyDay|[upkeep]\n|-heal|p2a: Groudon|100\/100|[from] item: Leftovers\n|upkeep\n|turn|7\n|\n|t:|1659882819\n|move|p2a: Groudon|Earthquake|p1a: Arceus\n|-damage|p1a: Arceus|0 fnt\n|faint|p1a: Arceus\n|\n|-weather|SunnyDay|[upkeep]\n|upkeep\n|l| Bluey5413\n|\n|t:|1659882830\n|switch|p1a: Kyogre|Kyogre|54\/100 brn\n|-damage|p1a: Kyogre|42\/100 brn|[from] Stealth Rock\n|-weather|RainDance|[from] ability: Drizzle|[of] p1a: Kyogre\n|turn|8\n|\n|t:|1659882846\n|switch|p2a: Ho-Oh|Ho-Oh|84\/100\n|-damage|p2a: Ho-Oh|34\/100|[from] Stealth Rock\n|move|p1a: Kyogre|Ice Beam|p2a: Ho-Oh\n|-damage|p2a: Ho-Oh|0 fnt\n|faint|p2a: Ho-Oh\n|\n|-weather|RainDance|[upkeep]\n|-damage|p1a: Kyogre|29\/100 brn|[from] brn\n|upkeep\n|\n|t:|1659882863\n|switch|p2a: Groudon|Groudon|100\/100\n|-damage|p2a: Groudon|94\/100|[from] Stealth Rock\n|-weather|SunnyDay|[from] ability: Drought|[of] p2a: Groudon\n|turn|9\n|\n|t:|1659882873\n|switch|p2a: Darkrai|Darkrai|100\/100\n|-damage|p2a: Darkrai|88\/100|[from] Stealth Rock\n|move|p1a: Kyogre|Ice Beam|p2a: Darkrai\n|-damage|p2a: Darkrai|12\/100\n|\n|-weather|SunnyDay|[upkeep]\n|-damage|p1a: Kyogre|17\/100 brn|[from] brn\n|upkeep\n|turn|10\n|c|\u2606Raph369|wait\n|c|\u2606Raph369|i need my rain\n|\n|t:|1659882889\n|switch|p1a: Dialga|Dialga|100\/100\n|-damage|p1a: Dialga|94\/100|[from] Stealth Rock\n|-ability|p1a: Dialga|Pressure\n|move|p2a: Darkrai|Dark Pulse|p1a: Dialga\n|-resisted|p1a: Dialga\n|-damage|p1a: Dialga|73\/100\n|\n|-weather|SunnyDay|[upkeep]\n|upkeep\n|turn|11\n|\n|t:|1659882895\n|move|p1a: Dialga|Draco Meteor|p2a: Darkrai|[miss]\n|-miss|p1a: Dialga|p2a: Darkrai\n|move|p2a: Darkrai|Dark Void|p1a: Dialga\n|-status|p1a: Dialga|slp|[from] move: Dark Void\n|\n|-weather|SunnyDay|[upkeep]\n|-damage|p1a: Dialga|61\/100 slp|[from] ability: Bad Dreams|[of] p2a: Darkrai\n|upkeep\n|turn|12\n|c|\u2606Holy Tpc|ehhh\n|c|\u2606Holy Tpc|it was scarf\n|c|\u2606Raph369|no\n|inactive|Holy Tpc has 120 seconds left.\n|c|\u2606Holy Tpc|yes\n|c|\u2606Holy Tpc|dial is scarf\n|c|\u2606Raph369|no\n|\n|t:|1659882942\n|switch|p1a: Ferrothorn|Ferrothorn, M|100\/100\n|-damage|p1a: Ferrothorn|94\/100|[from] Stealth Rock\n|move|p2a: Darkrai|Dark Pulse|p1a: Ferrothorn\n|-resisted|p1a: Ferrothorn\n|-damage|p1a: Ferrothorn|81\/100\n|\n|-weather|SunnyDay|[upkeep]\n|-heal|p1a: Ferrothorn|87\/100|[from] item: Leftovers\n|upkeep\n|turn|13\n|\n|t:|1659882949\n|move|p2a: Darkrai|Taunt|p1a: Ferrothorn\n|-start|p1a: Ferrothorn|move: Taunt\n|cant|p1a: Ferrothorn|move: Taunt|Leech Seed\n|\n|-weather|SunnyDay|[upkeep]\n|-heal|p1a: Ferrothorn|93\/100|[from] item: Leftovers\n|upkeep\n|turn|14\n|\n|t:|1659882954\n|move|p2a: Darkrai|Thunder Wave|p1a: Ferrothorn\n|-status|p1a: Ferrothorn|par\n|cant|p1a: Ferrothorn|par\n|\n|-weather|SunnyDay|[upkeep]\n|-heal|p1a: Ferrothorn|99\/100 par|[from] item: Leftovers\n|upkeep\n|turn|15\n|\n|t:|1659882959\n|move|p2a: Darkrai|Dark Pulse|p1a: Ferrothorn\n|-resisted|p1a: Ferrothorn\n|-damage|p1a: Ferrothorn|86\/100 par\n|cant|p1a: Ferrothorn|par\n|\n|-weather|SunnyDay|[upkeep]\n|-heal|p1a: Ferrothorn|93\/100 par|[from] item: Leftovers\n|-end|p1a: Ferrothorn|move: Taunt\n|upkeep\n|turn|16\n|\n|t:|1659882963\n|move|p2a: Darkrai|Taunt|p1a: Ferrothorn\n|-start|p1a: Ferrothorn|move: Taunt\n|move|p1a: Ferrothorn|Power Whip|p2a: Darkrai\n|-damage|p2a: Darkrai|0 fnt\n|faint|p2a: Darkrai\n|\n|-weather|SunnyDay|[upkeep]\n|-heal|p1a: Ferrothorn|99\/100 par|[from] item: Leftovers\n|upkeep\n|\n|t:|1659882973\n|switch|p2a: Giratina|Giratina-Origin|100\/100\n|-damage|p2a: Giratina|88\/100|[from] Stealth Rock\n|turn|17\n|\n|t:|1659882980\n|move|p2a: Giratina|Hidden Power|p1a: Ferrothorn\n|-supereffective|p1a: Ferrothorn\n|-damage|p1a: Ferrothorn|10\/100 par\n|cant|p1a: Ferrothorn|par\n|\n|-weather|SunnyDay|[upkeep]\n|-heal|p1a: Ferrothorn|16\/100 par|[from] item: Leftovers\n|upkeep\n|turn|18\n|\n|t:|1659882987\n|move|p2a: Giratina|Hidden Power|p1a: Ferrothorn\n|-supereffective|p1a: Ferrothorn\n|-damage|p1a: Ferrothorn|0 fnt\n|faint|p1a: Ferrothorn\n|\n|-weather|SunnyDay|[upkeep]\n|upkeep\n|\n|t:|1659882993\n|switch|p1a: Giratina|Giratina-Origin|100\/100\n|-damage|p1a: Giratina|88\/100|[from] Stealth Rock\n|turn|19\n|\n|t:|1659883001\n|move|p2a: Giratina|Draco Meteor|p1a: Giratina\n|-supereffective|p1a: Giratina\n|-damage|p1a: Giratina|0 fnt\n|-unboost|p2a: Giratina|spa|2\n|faint|p1a: Giratina\n|\n|-weather|SunnyDay|[upkeep]\n|upkeep\n|c|\u2606Holy Tpc|how much speed ?\n|\n|t:|1659883011\n|switch|p1a: Dialga|Dialga|61\/100 slp\n|-damage|p1a: Dialga|55\/100 slp|[from] Stealth Rock\n|-ability|p1a: Dialga|Pressure\n|turn|20\n|c|\u2606Raph369|nw\n|l| mitana\n|c|\u2606Holy Tpc|I'm 225\n|\n|t:|1659883036\n|cant|p1a: Dialga|slp\n|move|p1a: Dialga|Sleep Talk|p1a: Dialga\n|move|p1a: Dialga|Draco Meteor|p2a: Giratina|[from]move: Sleep Talk\n|-supereffective|p2a: Giratina\n|-damage|p2a: Giratina|0 fnt\n|-unboost|p1a: Dialga|spa|2\n|faint|p2a: Giratina\n|\n|-weather|SunnyDay|[upkeep]\n|upkeep\n|\n|t:|1659883043\n|switch|p2a: Arceus|Arceus|100\/100\n|-damage|p2a: Arceus|88\/100|[from] Stealth Rock\n|turn|21\n|c|\u2606Raph369|I'm more\n|c|\u2606Raph369|but i clicked\n|c|\u2606Raph369|dtil\n|c|\u2606Raph369|dtail\n|\n|t:|1659883055\n|switch|p1a: Kyogre|Kyogre|17\/100 brn\n|-damage|p1a: Kyogre|5\/100 brn|[from] Stealth Rock\n|-weather|RainDance|[from] ability: Drizzle|[of] p1a: Kyogre\n|move|p2a: Arceus|Swords Dance|p2a: Arceus\n|-boost|p2a: Arceus|atk|2\n|\n|-weather|RainDance|[upkeep]\n|-damage|p1a: Kyogre|0 fnt|[from] brn\n|faint|p1a: Kyogre\n|upkeep\n|\n|t:|1659883058\n|switch|p1a: Kabutops|Kabutops, M|100\/100\n|-damage|p1a: Kabutops|88\/100|[from] Stealth Rock\n|turn|22\n|\n|t:|1659883070\n|move|p1a: Kabutops|Low Kick|p2a: Arceus\n|-supereffective|p2a: Arceus\n|-damage|p2a: Arceus|7\/100\n|-damage|p1a: Kabutops|78\/100|[from] item: Life Orb\n|move|p2a: Arceus|Earthquake|p1a: Kabutops\n|-supereffective|p1a: Kabutops\n|-damage|p1a: Kabutops|0 fnt\n|faint|p1a: Kabutops\n|\n|-weather|RainDance|[upkeep]\n|upkeep\n|\n|t:|1659883079\n|switch|p1a: Dialga|Dialga|55\/100 slp\n|-damage|p1a: Dialga|49\/100 slp|[from] Stealth Rock\n|-ability|p1a: Dialga|Pressure\n|turn|23\n|c|\u2606Holy Tpc|kay\n|\n|t:|1659883084\n|move|p2a: Arceus|Extreme Speed|p1a: Dialga\n|-resisted|p1a: Dialga\n|-damage|p1a: Dialga|8\/100 slp\n|cant|p1a: Dialga|slp\n|\n|-weather|RainDance|[upkeep]\n|upkeep\n|turn|24\n|c|\u2606Raph369|gg\n|c|\u2606Holy Tpc|gg\n|\n|t:|1659883091\n|move|p2a: Arceus|Extreme Speed|p1a: Dialga\n|-resisted|p1a: Dialga\n|-damage|p1a: Dialga|0 fnt\n|faint|p1a: Dialga\n|\n|win|Holy Tpc\n|n|\u2606Raph369|raph369\n|n|\u2606Holy Tpc|holytpc\n|n| alvar03|alvar03\n|l| alvar03\n","uploadtime":1659883098,"views":5,"p1id":"raph369","p2id":"holytpc","formatid":"gen5ubers","rating":0,"private":0,"password":null}