{"id":"gen5ou-1625241224","p1":"iwaaa","p2":"Lou dort","format":"gen5ou","log":"|j|\u2606iwaaa\n|j|\u2606Lou dort\n|t:|1658793757\n|gametype|singles\n|player|p1|iwaaa|swimmerf-gen4dp|1133\n|player|p2|Lou dort|ethan-masters|1225\n|teamsize|p1|6\n|teamsize|p2|6\n|gen|5\n|tier|[Gen 5] OU\n|rated|\n|rule|Species Clause: Limit one of each Pok\u00e9mon\n|rule|OHKO Clause: OHKO moves are banned\n|rule|Moody Clause: Moody is banned\n|rule|Evasion Moves Clause: Evasion moves are banned\n|rule|Endless Battle Clause: Forcing endless battles is banned\n|rule|HP Percentage Mod: HP is shown in percentages\n|rule|Evasion Abilities Clause: Evasion abilities are banned\n|rule|Sleep Clause: Sleep-inducing moves are banned\n|rule|Swagger Clause: Swagger is banned\n|clearpoke\n|poke|p1|Terrakion|item\n|poke|p1|Ninetales, M|item\n|poke|p1|Xatu, M|item\n|poke|p1|Rotom-Wash|item\n|poke|p1|Victini|item\n|poke|p1|Donphan, M|item\n|poke|p2|Politoed, F|item\n|poke|p2|Ferrothorn, M|item\n|poke|p2|Tentacruel, F|item\n|poke|p2|Dragonite, M|item\n|poke|p2|Keldeo-Resolute|item\n|poke|p2|Thundurus-Therian, M|item\n|teampreview\n|inactive|Battle timer is ON: inactive players will automatically lose when time's up. (requested by Lou dort)\n|\n|t:|1658793777\n|start\n|switch|p1a: Rotom|Rotom-Wash|100\/100\n|switch|p2a: Politoed|Politoed, F|100\/100\n|-weather|RainDance|[from] ability: Drizzle|[of] p2a: Politoed\n|turn|1\n|\n|t:|1658793788\n|move|p1a: Rotom|Hydro Pump|p2a: Politoed\n|-resisted|p2a: Politoed\n|-damage|p2a: Politoed|75\/100\n|move|p2a: Politoed|Toxic|p1a: Rotom\n|-status|p1a: Rotom|tox\n|\n|-weather|RainDance|[upkeep]\n|-heal|p2a: Politoed|81\/100|[from] item: Leftovers\n|-damage|p1a: Rotom|94\/100 tox|[from] psn\n|upkeep\n|turn|2\n|\n|t:|1658793793\n|move|p2a: Politoed|Protect|p2a: Politoed\n|-singleturn|p2a: Politoed|Protect\n|move|p1a: Rotom|Volt Switch|p2a: Politoed\n|-activate|p2a: Politoed|move: Protect\n|\n|-weather|RainDance|[upkeep]\n|-heal|p1a: Rotom|100\/100 tox|[from] item: Leftovers\n|-heal|p2a: Politoed|87\/100|[from] item: Leftovers\n|-damage|p1a: Rotom|88\/100 tox|[from] psn\n|upkeep\n|turn|3\n|\n|t:|1658793799\n|move|p1a: Rotom|Volt Switch|p2a: Politoed\n|-supereffective|p2a: Politoed\n|-damage|p2a: Politoed|47\/100\n|\n|t:|1658793803\n|switch|p1a: Ninetales|Ninetales, M|100\/100|[from]move: Volt Switch\n|-weather|SunnyDay|[from] ability: Drought|[of] p1a: Ninetales\n|-item|p1a: Ninetales|Air Balloon\n|move|p2a: Politoed|Toxic|p1a: Ninetales\n|-status|p1a: Ninetales|tox\n|\n|-weather|SunnyDay|[upkeep]\n|-heal|p2a: Politoed|53\/100|[from] item: Leftovers\n|-damage|p1a: Ninetales|94\/100 tox|[from] psn\n|upkeep\n|turn|4\n|\n|t:|1658793809\n|switch|p2a: Ferrothorn|Ferrothorn, M|100\/100\n|move|p1a: Ninetales|Toxic|p2a: Ferrothorn\n|-immune|p2a: Ferrothorn\n|\n|-weather|SunnyDay|[upkeep]\n|-damage|p1a: Ninetales|82\/100 tox|[from] psn\n|upkeep\n|turn|5\n|\n|t:|1658793814\n|switch|p2a: Politoed|Politoed, F|53\/100\n|-weather|RainDance|[from] ability: Drizzle|[of] p2a: Politoed\n|move|p1a: Ninetales|Fire Blast|p2a: Politoed\n|-resisted|p2a: Politoed\n|-damage|p2a: Politoed|48\/100\n|\n|-weather|RainDance|[upkeep]\n|-heal|p2a: Politoed|54\/100|[from] item: Leftovers\n|-damage|p1a: Ninetales|64\/100 tox|[from] psn\n|upkeep\n|turn|6\n|\n|t:|1658793823\n|switch|p2a: Dragonite|Dragonite, M|100\/100\n|move|p1a: Ninetales|Toxic|p2a: Dragonite\n|-status|p2a: Dragonite|tox\n|\n|-weather|RainDance|[upkeep]\n|-damage|p2a: Dragonite|94\/100 tox|[from] psn\n|-damage|p1a: Ninetales|40\/100 tox|[from] psn\n|upkeep\n|turn|7\n|\n|t:|1658793836\n|switch|p1a: Donphan|Donphan, M|100\/100\n|move|p2a: Dragonite|Dragon Dance|p2a: Dragonite\n|-boost|p2a: Dragonite|atk|1\n|-boost|p2a: Dragonite|spe|1\n|\n|-weather|RainDance|[upkeep]\n|-heal|p2a: Dragonite|100\/100 tox|[from] item: Leftovers\n|-damage|p2a: Dragonite|88\/100 tox|[from] psn\n|upkeep\n|turn|8\n|\n|t:|1658793839\n|move|p1a: Donphan|Ice Shard|p2a: Dragonite\n|-supereffective|p2a: Dragonite\n|-damage|p2a: Dragonite|36\/100 tox\n|move|p2a: Dragonite|Dragon Claw|p1a: Donphan\n|-crit|p1a: Donphan\n|-damage|p1a: Donphan|13\/100\n|-damage|p2a: Dragonite|19\/100 tox|[from] item: Rocky Helmet|[of] p1a: Donphan\n|\n|-weather|RainDance|[upkeep]\n|-heal|p2a: Dragonite|26\/100 tox|[from] item: Leftovers\n|-damage|p2a: Dragonite|7\/100 tox|[from] psn\n|upkeep\n|turn|9\n|\n|t:|1658793843\n|switch|p2a: Ferrothorn|Ferrothorn, M|100\/100\n|move|p1a: Donphan|Ice Shard|p2a: Ferrothorn\n|-damage|p2a: Ferrothorn|89\/100\n|\n|-weather|RainDance|[upkeep]\n|-heal|p2a: Ferrothorn|95\/100|[from] item: Leftovers\n|upkeep\n|turn|10\n|\n|t:|1658793848\n|move|p1a: Donphan|Stealth Rock|p2a: Ferrothorn\n|-sidestart|p2: Lou dort|move: Stealth Rock\n|move|p2a: Ferrothorn|Stealth Rock|p1a: Donphan\n|-sidestart|p1: iwaaa|move: Stealth Rock\n|\n|-weather|RainDance|[upkeep]\n|-heal|p2a: Ferrothorn|100\/100|[from] item: Leftovers\n|upkeep\n|turn|11\n|\n|t:|1658793852\n|move|p1a: Donphan|Rapid Spin|p2a: Ferrothorn\n|-resisted|p2a: Ferrothorn\n|-damage|p2a: Ferrothorn|98\/100\n|-damage|p1a: Donphan|1\/100|[from] ability: Iron Barbs|[of] p2a: Ferrothorn\n|-sideend|p1: iwaaa|Stealth Rock|[from] move: Rapid Spin|[of] p1a: Donphan\n|move|p2a: Ferrothorn|Spikes|p1a: Donphan\n|-sidestart|p1: iwaaa|Spikes\n|\n|-weather|RainDance|[upkeep]\n|-heal|p2a: Ferrothorn|100\/100|[from] item: Leftovers\n|upkeep\n|turn|12\n|\n|t:|1658793856\n|move|p1a: Donphan|Rapid Spin|p2a: Ferrothorn\n|-resisted|p2a: Ferrothorn\n|-damage|p2a: Ferrothorn|98\/100\n|-damage|p1a: Donphan|0 fnt|[from] ability: Iron Barbs|[of] p2a: Ferrothorn\n|faint|p1a: Donphan\n|move|p2a: Ferrothorn|Stealth Rock|p1: Donphan\n|-sidestart|p1: iwaaa|move: Stealth Rock\n|\n|-weather|RainDance|[upkeep]\n|-heal|p2a: Ferrothorn|100\/100|[from] item: Leftovers\n|upkeep\n|\n|t:|1658793859\n|switch|p1a: Ninetales|Ninetales, M|40\/100 tox\n|-damage|p1a: Ninetales|16\/100 tox|[from] Stealth Rock\n|-weather|SunnyDay|[from] ability: Drought|[of] p1a: Ninetales\n|-item|p1a: Ninetales|Air Balloon\n|turn|13\n|\n|t:|1658793864\n|move|p1a: Ninetales|Energy Ball|p2a: Ferrothorn\n|-resisted|p2a: Ferrothorn\n|-damage|p2a: Ferrothorn|98\/100\n|move|p2a: Ferrothorn|Spikes|p1a: Ninetales\n|-sidestart|p1: iwaaa|Spikes\n|\n|-weather|SunnyDay|[upkeep]\n|-heal|p2a: Ferrothorn|100\/100|[from] item: Leftovers\n|-damage|p1a: Ninetales|10\/100 tox|[from] psn\n|upkeep\n|turn|14\n|\n|t:|1658793867\n|move|p1a: Ninetales|Energy Ball|p2a: Ferrothorn\n|-resisted|p2a: Ferrothorn\n|-damage|p2a: Ferrothorn|98\/100\n|move|p2a: Ferrothorn|Spikes|p1a: Ninetales\n|-sidestart|p1: iwaaa|Spikes\n|\n|-weather|SunnyDay|[upkeep]\n|-heal|p2a: Ferrothorn|100\/100|[from] item: Leftovers\n|-damage|p1a: Ninetales|0 fnt|[from] psn\n|faint|p1a: Ninetales\n|upkeep\n|\n|t:|1658793870\n|switch|p1a: Victini|Victini|100\/100\n|-damage|p1a: Victini|76\/100|[from] Spikes\n|-damage|p1a: Victini|51\/100|[from] Stealth Rock\n|turn|15\n|c|\u2606Lou dort|ez\n|\n|t:|1658793877\n|move|p1a: Victini|Bolt Strike|p2a: Ferrothorn\n|-resisted|p2a: Ferrothorn\n|-damage|p2a: Ferrothorn|80\/100\n|-damage|p1a: Victini|38\/100|[from] ability: Iron Barbs|[of] p2a: Ferrothorn\n|move|p2a: Ferrothorn|Knock Off|p1a: Victini\n|-supereffective|p1a: Victini\n|-damage|p1a: Victini|29\/100\n|-enditem|p1a: Victini|Choice Band|[from] move: Knock Off|[of] p2a: Ferrothorn\n|\n|-weather|SunnyDay|[upkeep]\n|-heal|p2a: Ferrothorn|87\/100|[from] item: Leftovers\n|upkeep\n|turn|16\n|\n|t:|1658793882\n|move|p1a: Victini|V-create|p2a: Ferrothorn\n|-supereffective|p2a: Ferrothorn\n|-damage|p2a: Ferrothorn|0 fnt\n|-unboost|p1a: Victini|spe|1\n|-unboost|p1a: Victini|def|1\n|-unboost|p1a: Victini|spd|1\n|-damage|p1a: Victini|17\/100|[from] ability: Iron Barbs|[of] p2a: Ferrothorn\n|faint|p2a: Ferrothorn\n|\n|-weather|SunnyDay|[upkeep]\n|upkeep\n|\n|t:|1658793885\n|switch|p2a: Politoed|Politoed, F|54\/100\n|-damage|p2a: Politoed|41\/100|[from] Stealth Rock\n|-weather|RainDance|[from] ability: Drizzle|[of] p2a: Politoed\n|turn|17\n|-message|iwaaa forfeited.\n|\n|win|Lou dort\n|raw|iwaaa's rating: 1133 &rarr; <strong>1114<\/strong><br \/>(-19 for losing)\n|raw|Lou dort's rating: 1225 &rarr; <strong>1244<\/strong><br \/>(+19 for winning)\n|l|\u2606iwaaa\n","uploadtime":1658793892,"views":9,"p1id":"iwaaa","p2id":"loudort","formatid":"gen5ou","rating":1114,"private":0,"password":null}