{"id":"gen5ou-1647110026","p1":"alvar03","p2":"Lialiabeast","format":"gen5ou","log":"|j|\u2606alvar03\n|j|\u2606Lialiabeast\n|t:|1661350281\n|gametype|singles\n|player|p1|alvar03|alder|1495\n|player|p2|Lialiabeast|dawn-masters2|1460\n|teamsize|p1|6\n|teamsize|p2|6\n|gen|5\n|tier|[Gen 5] OU\n|rated|\n|rule|Species Clause: Limit one of each Pok\u00e9mon\n|rule|OHKO Clause: OHKO moves are banned\n|rule|Moody Clause: Moody is banned\n|rule|Evasion Items Clause: Evasion items are banned\n|rule|Evasion Moves Clause: Evasion moves are banned\n|rule|Endless Battle Clause: Forcing endless battles is banned\n|rule|HP Percentage Mod: HP is shown in percentages\n|rule|Evasion Abilities Clause: Evasion abilities are banned\n|rule|Sleep Clause: Sleep-inducing moves are banned\n|rule|Swagger Clause: Swagger is banned\n|clearpoke\n|poke|p1|Politoed, F|item\n|poke|p1|Ferrothorn, F|item\n|poke|p1|Excadrill, M|item\n|poke|p1|Starmie|item\n|poke|p1|Dragonite, M|item\n|poke|p1|Gyarados, M|item\n|poke|p2|Breloom, F|item\n|poke|p2|Rotom-Wash|item\n|poke|p2|Landorus-Therian, M|item\n|poke|p2|Jirachi|item\n|poke|p2|Magnezone|item\n|poke|p2|Latios, M|item\n|teampreview\n|inactive|Battle timer is ON: inactive players will automatically lose when time's up. (requested by alvar03)\n|\n|t:|1661350307\n|start\n|switch|p1a: Politoed|Politoed, F|100\/100\n|switch|p2a: Rotom|Rotom-Wash|100\/100\n|-weather|RainDance|[from] ability: Drizzle|[of] p1a: Politoed\n|turn|1\n|\n|t:|1661350314\n|move|p2a: Rotom|Volt Switch|p1a: Politoed\n|-supereffective|p1a: Politoed\n|-damage|p1a: Politoed|61\/100\n|\n|t:|1661350320\n|switch|p2a: Latios|Latios, M|100\/100|[from]move: Volt Switch\n|move|p1a: Politoed|Scald|p2a: Latios\n|-resisted|p2a: Latios\n|-damage|p2a: Latios|82\/100\n|-status|p2a: Latios|brn\n|\n|-weather|RainDance|[upkeep]\n|-heal|p1a: Politoed|68\/100|[from] item: Leftovers\n|-damage|p2a: Latios|70\/100 brn|[from] brn\n|upkeep\n|turn|2\n|\n|t:|1661350325\n|move|p1a: Politoed|Protect|p1a: Politoed\n|-singleturn|p1a: Politoed|Protect\n|move|p2a: Latios|Calm Mind|p2a: Latios\n|-boost|p2a: Latios|spa|1\n|-boost|p2a: Latios|spd|1\n|\n|-weather|RainDance|[upkeep]\n|-heal|p1a: Politoed|74\/100|[from] item: Leftovers\n|-damage|p2a: Latios|58\/100 brn|[from] brn\n|upkeep\n|turn|3\n|\n|t:|1661350330\n|move|p2a: Latios|Recover|p2a: Latios\n|-heal|p2a: Latios|100\/100 brn\n|move|p1a: Politoed|Encore|p2a: Latios\n|-start|p2a: Latios|Encore\n|\n|-weather|RainDance|[upkeep]\n|-heal|p1a: Politoed|80\/100|[from] item: Leftovers\n|-damage|p2a: Latios|88\/100 brn|[from] brn\n|upkeep\n|turn|4\n|\n|t:|1661350342\n|switch|p2a: Breloom|Breloom, F|100\/100\n|switch|p1a: Gyarados|Gyarados, M|100\/100\n|-ability|p1a: Gyarados|Intimidate|boost\n|-unboost|p2a: Breloom|atk|1\n|\n|-weather|RainDance|[upkeep]\n|upkeep\n|turn|5\n|\n|t:|1661350348\n|switch|p1a: Dragonite|Dragonite, M|100\/100\n|switch|p2a: Rotom|Rotom-Wash|100\/100\n|\n|-weather|RainDance|[upkeep]\n|upkeep\n|turn|6\n|\n|t:|1661350353\n|switch|p1a: Ferrothorn|Ferrothorn, F|100\/100\n|move|p2a: Rotom|Volt Switch|p1a: Ferrothorn\n|-resisted|p1a: Ferrothorn\n|-damage|p1a: Ferrothorn|90\/100\n|\n|t:|1661350356\n|switch|p2a: Magnezone|Magnezone|100\/100|[from]move: Volt Switch\n|-item|p2a: Magnezone|Air Balloon\n|\n|-weather|RainDance|[upkeep]\n|-heal|p1a: Ferrothorn|97\/100|[from] item: Leftovers\n|upkeep\n|turn|7\n|\n|t:|1661350359\n|move|p2a: Magnezone|Sunny Day|p2a: Magnezone\n|-weather|SunnyDay\n|move|p1a: Ferrothorn|Stealth Rock|p2a: Magnezone\n|-sidestart|p2: Lialiabeast|move: Stealth Rock\n|\n|-weather|SunnyDay|[upkeep]\n|-heal|p1a: Ferrothorn|100\/100|[from] item: Leftovers\n|upkeep\n|turn|8\n|\n|t:|1661350362\n|move|p2a: Magnezone|Hidden Power|p1a: Ferrothorn\n|-supereffective|p1a: Ferrothorn\n|-damage|p1a: Ferrothorn|0 fnt\n|faint|p1a: Ferrothorn\n|\n|-weather|SunnyDay|[upkeep]\n|upkeep\n|j| SKT T1 Motherfaker\n|\n|t:|1661350371\n|switch|p1a: Politoed|Politoed, F|80\/100\n|-weather|RainDance|[from] ability: Drizzle|[of] p1a: Politoed\n|turn|9\n|\n|t:|1661350374\n|switch|p1a: Excadrill|Excadrill, M|100\/100\n|-ability|p1a: Excadrill|Mold Breaker\n|move|p2a: Magnezone|Thunderbolt|p1a: Excadrill\n|-immune|p1a: Excadrill\n|\n|-weather|RainDance|[upkeep]\n|upkeep\n|turn|10\n|\n|t:|1661350379\n|move|p1a: Excadrill|Rock Slide|p2a: Magnezone\n|-resisted|p2a: Magnezone\n|-damage|p2a: Magnezone|86\/100\n|-enditem|p2a: Magnezone|Air Balloon\n|move|p2a: Magnezone|Sunny Day|p2a: Magnezone\n|-weather|SunnyDay\n|\n|-weather|SunnyDay|[upkeep]\n|upkeep\n|turn|11\n|\n|t:|1661350382\n|switch|p2a: Landorus|Landorus-Therian, M|100\/100\n|-damage|p2a: Landorus|88\/100|[from] Stealth Rock\n|-ability|p2a: Landorus|Intimidate|boost\n|-unboost|p1a: Excadrill|atk|1\n|move|p1a: Excadrill|Earthquake|p2a: Landorus\n|-immune|p2a: Landorus\n|\n|-weather|SunnyDay|[upkeep]\n|-heal|p2a: Landorus|94\/100|[from] item: Leftovers\n|upkeep\n|turn|12\n|\n|t:|1661350385\n|switch|p1a: Politoed|Politoed, F|80\/100\n|-weather|RainDance|[from] ability: Drizzle|[of] p1a: Politoed\n|move|p2a: Landorus|Stealth Rock|p1a: Politoed\n|-sidestart|p1: alvar03|move: Stealth Rock\n|\n|-weather|RainDance|[upkeep]\n|-heal|p2a: Landorus|100\/100|[from] item: Leftovers\n|-heal|p1a: Politoed|86\/100|[from] item: Leftovers\n|upkeep\n|turn|13\n|\n|t:|1661350389\n|switch|p2a: Latios|Latios, M|88\/100 brn\n|-damage|p2a: Latios|76\/100 brn|[from] Stealth Rock\n|move|p1a: Politoed|Scald|p2a: Latios\n|-resisted|p2a: Latios\n|-damage|p2a: Latios|55\/100 brn\n|\n|-weather|RainDance|[upkeep]\n|-heal|p1a: Politoed|93\/100|[from] item: Leftovers\n|-damage|p2a: Latios|43\/100 brn|[from] brn\n|upkeep\n|turn|14\n|\n|t:|1661350395\n|move|p2a: Latios|Draco Meteor|p1a: Politoed\n|-damage|p1a: Politoed|27\/100\n|-unboost|p2a: Latios|spa|2\n|-damage|p2a: Latios|33\/100 brn|[from] item: Life Orb\n|move|p1a: Politoed|Encore|p2a: Latios\n|-start|p2a: Latios|Encore\n|\n|-weather|RainDance|[upkeep]\n|-heal|p1a: Politoed|33\/100|[from] item: Leftovers\n|-damage|p2a: Latios|21\/100 brn|[from] brn\n|upkeep\n|turn|15\n|\n|t:|1661350401\n|move|p2a: Latios|Draco Meteor|p1a: Politoed\n|-damage|p1a: Politoed|5\/100\n|-unboost|p2a: Latios|spa|2\n|-damage|p2a: Latios|11\/100 brn|[from] item: Life Orb\n|move|p1a: Politoed|Scald|p2a: Latios\n|-resisted|p2a: Latios\n|-damage|p2a: Latios|0 fnt\n|faint|p2a: Latios\n|\n|-weather|RainDance|[upkeep]\n|-heal|p1a: Politoed|11\/100|[from] item: Leftovers\n|upkeep\n|\n|t:|1661350407\n|switch|p2a: Landorus|Landorus-Therian, M|100\/100\n|-damage|p2a: Landorus|88\/100|[from] Stealth Rock\n|-ability|p2a: Landorus|Intimidate|boost\n|-unboost|p1a: Politoed|atk|1\n|turn|16\n|\n|t:|1661350410\n|move|p1a: Politoed|Protect|p1a: Politoed\n|-singleturn|p1a: Politoed|Protect\n|move|p2a: Landorus|U-turn|p1a: Politoed\n|-activate|p1a: Politoed|move: Protect\n|\n|-weather|RainDance|[upkeep]\n|-heal|p2a: Landorus|94\/100|[from] item: Leftovers\n|-heal|p1a: Politoed|17\/100|[from] item: Leftovers\n|upkeep\n|turn|17\n|\n|t:|1661350415\n|switch|p1a: Gyarados|Gyarados, M|100\/100\n|-damage|p1a: Gyarados|76\/100|[from] Stealth Rock\n|-ability|p1a: Gyarados|Intimidate|boost\n|-unboost|p2a: Landorus|atk|1\n|move|p2a: Landorus|Earthquake|p1a: Gyarados\n|-immune|p1a: Gyarados\n|\n|-weather|RainDance|[upkeep]\n|-heal|p2a: Landorus|100\/100|[from] item: Leftovers\n|-heal|p1a: Gyarados|82\/100|[from] item: Leftovers\n|upkeep\n|turn|18\n|\n|t:|1661350418\n|switch|p2a: Rotom|Rotom-Wash|100\/100\n|-damage|p2a: Rotom|88\/100|[from] Stealth Rock\n|move|p1a: Gyarados|Waterfall|p2a: Rotom\n|-resisted|p2a: Rotom\n|-damage|p2a: Rotom|47\/100\n|\n|-weather|RainDance|[upkeep]\n|-heal|p1a: Gyarados|88\/100|[from] item: Leftovers\n|upkeep\n|turn|19\n|\n|t:|1661350432\n|switch|p1a: Excadrill|Excadrill, M|100\/100\n|-damage|p1a: Excadrill|97\/100|[from] Stealth Rock\n|-ability|p1a: Excadrill|Mold Breaker\n|move|p2a: Rotom|Will-O-Wisp|p1a: Excadrill\n|-status|p1a: Excadrill|brn\n|\n|-weather|RainDance|[upkeep]\n|-heal|p1a: Excadrill|100\/100 brn|[from] item: Leftovers\n|-damage|p1a: Excadrill|88\/100 brn|[from] brn\n|upkeep\n|turn|20\n|\n|t:|1661350439\n|switch|p2a: Landorus|Landorus-Therian, M|100\/100\n|-damage|p2a: Landorus|88\/100|[from] Stealth Rock\n|-ability|p2a: Landorus|Intimidate|boost\n|-unboost|p1a: Excadrill|atk|1\n|move|p1a: Excadrill|Rapid Spin|p2a: Landorus\n|-damage|p2a: Landorus|86\/100\n|-sideend|p1: alvar03|Stealth Rock|[from] move: Rapid Spin|[of] p1a: Excadrill\n|\n|-weather|RainDance|[upkeep]\n|-heal|p2a: Landorus|92\/100|[from] item: Leftovers\n|-heal|p1a: Excadrill|94\/100 brn|[from] item: Leftovers\n|-damage|p1a: Excadrill|82\/100 brn|[from] brn\n|upkeep\n|turn|21\n|\n|t:|1661350442\n|switch|p1a: Gyarados|Gyarados, M|88\/100\n|-ability|p1a: Gyarados|Intimidate|boost\n|-unboost|p2a: Landorus|atk|1\n|move|p2a: Landorus|U-turn|p1a: Gyarados\n|-resisted|p1a: Gyarados\n|-damage|p1a: Gyarados|80\/100\n|\n|t:|1661350445\n|switch|p2a: Rotom|Rotom-Wash|47\/100|[from]move: U-turn\n|-damage|p2a: Rotom|35\/100|[from] Stealth Rock\n|\n|-weather|RainDance|[upkeep]\n|-heal|p1a: Gyarados|86\/100|[from] item: Leftovers\n|upkeep\n|turn|22\n|\n|t:|1661350449\n|switch|p1a: Excadrill|Excadrill, M|82\/100 brn\n|-ability|p1a: Excadrill|Mold Breaker\n|move|p2a: Rotom|Volt Switch|p1a: Excadrill\n|-immune|p1a: Excadrill\n|\n|-weather|RainDance|[upkeep]\n|-heal|p1a: Excadrill|88\/100 brn|[from] item: Leftovers\n|-damage|p1a: Excadrill|75\/100 brn|[from] brn\n|upkeep\n|turn|23\n|\n|t:|1661350453\n|switch|p2a: Landorus|Landorus-Therian, M|92\/100\n|-damage|p2a: Landorus|80\/100|[from] Stealth Rock\n|-ability|p2a: Landorus|Intimidate|boost\n|-unboost|p1a: Excadrill|atk|1\n|move|p1a: Excadrill|Rock Slide|p2a: Landorus\n|-damage|p2a: Landorus|72\/100\n|\n|-weather|RainDance|[upkeep]\n|-heal|p2a: Landorus|78\/100|[from] item: Leftovers\n|-heal|p1a: Excadrill|81\/100 brn|[from] item: Leftovers\n|-damage|p1a: Excadrill|69\/100 brn|[from] brn\n|upkeep\n|turn|24\n|\n|t:|1661350456\n|switch|p1a: Gyarados|Gyarados, M|86\/100\n|-ability|p1a: Gyarados|Intimidate|boost\n|-unboost|p2a: Landorus|atk|1\n|move|p2a: Landorus|U-turn|p1a: Gyarados\n|-resisted|p1a: Gyarados\n|-damage|p1a: Gyarados|76\/100\n|\n|t:|1661350458\n|switch|p2a: Rotom|Rotom-Wash|35\/100|[from]move: U-turn\n|-damage|p2a: Rotom|22\/100|[from] Stealth Rock\n|\n|-weather|RainDance|[upkeep]\n|-heal|p1a: Gyarados|83\/100|[from] item: Leftovers\n|upkeep\n|turn|25\n|\n|t:|1661350464\n|switch|p1a: Excadrill|Excadrill, M|69\/100 brn\n|-ability|p1a: Excadrill|Mold Breaker\n|move|p2a: Rotom|Hydro Pump|p1a: Excadrill|[miss]\n|-miss|p2a: Rotom|p1a: Excadrill\n|\n|-weather|RainDance|[upkeep]\n|-heal|p1a: Excadrill|75\/100 brn|[from] item: Leftovers\n|-damage|p1a: Excadrill|63\/100 brn|[from] brn\n|upkeep\n|turn|26\n|\n|t:|1661350467\n|move|p2a: Rotom|Hydro Pump|p1a: Excadrill\n|-supereffective|p1a: Excadrill\n|-damage|p1a: Excadrill|0 fnt\n|faint|p1a: Excadrill\n|\n|-weather|RainDance|[upkeep]\n|upkeep\n|\n|t:|1661350474\n|switch|p1a: Gyarados|Gyarados, M|83\/100\n|-ability|p1a: Gyarados|Intimidate|boost\n|-unboost|p2a: Rotom|atk|1\n|turn|27\n|\n|t:|1661350478\n|switch|p2a: Landorus|Landorus-Therian, M|78\/100\n|-damage|p2a: Landorus|66\/100|[from] Stealth Rock\n|-ability|p2a: Landorus|Intimidate|boost\n|-unboost|p1a: Gyarados|atk|1\n|move|p1a: Gyarados|Substitute|p1a: Gyarados\n|-start|p1a: Gyarados|Substitute\n|-damage|p1a: Gyarados|58\/100\n|\n|-weather|RainDance|[upkeep]\n|-heal|p2a: Landorus|72\/100|[from] item: Leftovers\n|-heal|p1a: Gyarados|64\/100|[from] item: Leftovers\n|upkeep\n|turn|28\n|\n|t:|1661350482\n|move|p2a: Landorus|Hidden Power|p1a: Gyarados\n|-activate|p1a: Gyarados|Substitute|[damage]\n|move|p1a: Gyarados|Dragon Dance|p1a: Gyarados\n|-boost|p1a: Gyarados|atk|1\n|-boost|p1a: Gyarados|spe|1\n|\n|-weather|RainDance|[upkeep]\n|-heal|p1a: Gyarados|70\/100|[from] item: Leftovers\n|-heal|p2a: Landorus|78\/100|[from] item: Leftovers\n|upkeep\n|turn|29\n|\n|t:|1661350485\n|move|p1a: Gyarados|Waterfall|p2a: Landorus\n|-supereffective|p2a: Landorus\n|-damage|p2a: Landorus|0 fnt\n|faint|p2a: Landorus\n|\n|-weather|RainDance|[upkeep]\n|-heal|p1a: Gyarados|76\/100|[from] item: Leftovers\n|upkeep\n|\n|t:|1661350489\n|switch|p2a: Breloom|Breloom, F|100\/100\n|-damage|p2a: Breloom|94\/100|[from] Stealth Rock\n|turn|30\n|\n|t:|1661350491\n|move|p1a: Gyarados|Bounce||[still]\n|-prepare|p1a: Gyarados|Bounce\n|move|p2a: Breloom|Bullet Seed|p1a: Gyarados|[miss]\n|-miss|p2a: Breloom|p1a: Gyarados\n|\n|-weather|RainDance|[upkeep]\n|-heal|p1a: Gyarados|83\/100|[from] item: Leftovers\n|upkeep\n|turn|31\n|\n|t:|1661350494\n|switch|p2a: Jirachi|Jirachi|100\/100\n|-damage|p2a: Jirachi|94\/100|[from] Stealth Rock\n|move|p1a: Gyarados|Bounce|p2a: Jirachi|[from]lockedmove\n|-resisted|p2a: Jirachi\n|-damage|p2a: Jirachi|76\/100\n|\n|-weather|RainDance|[upkeep]\n|-heal|p1a: Gyarados|89\/100|[from] item: Leftovers\n|-heal|p2a: Jirachi|83\/100|[from] item: Leftovers\n|upkeep\n|turn|32\n|\n|t:|1661350497\n|move|p1a: Gyarados|Dragon Dance|p1a: Gyarados\n|-boost|p1a: Gyarados|atk|1\n|-boost|p1a: Gyarados|spe|1\n|move|p2a: Jirachi|Body Slam|p1a: Gyarados\n|-end|p1a: Gyarados|Substitute\n|\n|-weather|RainDance|[upkeep]\n|-heal|p1a: Gyarados|95\/100|[from] item: Leftovers\n|-heal|p2a: Jirachi|89\/100|[from] item: Leftovers\n|upkeep\n|turn|33\n|\n|t:|1661350500\n|move|p1a: Gyarados|Substitute|p1a: Gyarados\n|-start|p1a: Gyarados|Substitute\n|-damage|p1a: Gyarados|70\/100\n|move|p2a: Jirachi|Body Slam|p1a: Gyarados\n|-activate|p1a: Gyarados|Substitute|[damage]\n|\n|-weather|RainDance|[upkeep]\n|-heal|p1a: Gyarados|76\/100|[from] item: Leftovers\n|-heal|p2a: Jirachi|95\/100|[from] item: Leftovers\n|upkeep\n|turn|34\n|\n|t:|1661350503\n|move|p1a: Gyarados|Dragon Dance|p1a: Gyarados\n|-boost|p1a: Gyarados|atk|1\n|-boost|p1a: Gyarados|spe|1\n|move|p2a: Jirachi|Body Slam|p1a: Gyarados\n|-end|p1a: Gyarados|Substitute\n|\n|-weather|RainDance|[upkeep]\n|-heal|p1a: Gyarados|83\/100|[from] item: Leftovers\n|-heal|p2a: Jirachi|100\/100|[from] item: Leftovers\n|upkeep\n|turn|35\n|\n|t:|1661350506\n|move|p1a: Gyarados|Substitute|p1a: Gyarados\n|-start|p1a: Gyarados|Substitute\n|-damage|p1a: Gyarados|58\/100\n|move|p2a: Jirachi|Body Slam|p1a: Gyarados\n|-crit|p1a: Gyarados\n|-end|p1a: Gyarados|Substitute\n|\n|-weather|RainDance|[upkeep]\n|-heal|p1a: Gyarados|64\/100|[from] item: Leftovers\n|upkeep\n|turn|36\n|-message|Lialiabeast forfeited.\n|\n|win|alvar03\n|raw|alvar03's rating: 1495 &rarr; <strong>1513<\/strong><br \/>(+18 for winning)\n|raw|Lialiabeast's rating: 1460 &rarr; <strong>1442<\/strong><br \/>(-18 for losing)\n|l|\u2606Lialiabeast\n|l|\u2606alvar03\n||Ladder isn't responding, score probably updated but might not have (Request timeout).\n","uploadtime":1661350704,"views":9,"p1id":"alvar03","p2id":"lialiabeast","formatid":"gen5ou","rating":1442,"private":0,"password":null}