{"id":"gen5ubers-1692492235","p1":"Tank Skunk","p2":"Capital Cruiser","format":"gen5ubers","log":"|j|\u2606Tank Skunk\n|j|\u203dCapital Cruiser\n|t:|1666491027\n|gametype|singles\n|player|p1|Tank Skunk|pokefan|1048\n|player|p2|Capital Cruiser|cheren-gen5bw2|1107\n|teamsize|p1|6\n|teamsize|p2|6\n|gen|5\n|tier|[Gen 5] Ubers\n|rated|\n|rule|Species Clause: Limit one of each Pok\u00e9mon\n|rule|OHKO Clause: OHKO moves are banned\n|rule|Moody Clause: Moody is banned\n|rule|Evasion Items Clause: Evasion items are banned\n|rule|Evasion Moves Clause: Evasion moves are banned\n|rule|Endless Battle Clause: Forcing endless battles is banned\n|rule|HP Percentage Mod: HP is shown in percentages\n|rule|Sleep Clause Mod: Limit one foe put to sleep\n|clearpoke\n|poke|p1|Mew|item\n|poke|p1|Mewtwo|item\n|poke|p1|Groudon|item\n|poke|p1|Tornadus-Therian, M|item\n|poke|p1|Thundurus, M|item\n|poke|p1|Zekrom|item\n|poke|p2|Mewtwo|item\n|poke|p2|Shaymin-Sky|item\n|poke|p2|Dialga|item\n|poke|p2|Tentacruel, M|item\n|poke|p2|Ferrothorn, F|item\n|poke|p2|Kyogre|item\n|teampreview\n|inactive|Battle timer is ON: inactive players will automatically lose when time's up. (requested by Tank Skunk)\n|inactive|Capital Cruiser also wants the timer to be on.\n|\n|t:|1666491042\n|start\n|switch|p1a: Tornadus|Tornadus-Therian, M|100\/100\n|switch|p2a: Mewtwo|Mewtwo, shiny|100\/100\n|-ability|p2a: Mewtwo|Pressure\n|turn|1\n|\n|t:|1666491048\n|move|p2a: Mewtwo|Psystrike|p1a: Tornadus\n|-damage|p1a: Tornadus|0 fnt\n|faint|p1a: Tornadus\n|\n|upkeep\n|\n|t:|1666491054\n|switch|p1a: Mewtwo|Mewtwo|100\/100\n|-ability|p1a: Mewtwo|Pressure\n|turn|2\n|\n|t:|1666491058\n|move|p2a: Mewtwo|Calm Mind|p2a: Mewtwo\n|-boost|p2a: Mewtwo|spa|1\n|-boost|p2a: Mewtwo|spd|1\n|move|p1a: Mewtwo|Light Screen|p1a: Mewtwo\n|-sidestart|p1: Tank Skunk|move: Light Screen\n|\n|upkeep\n|turn|3\n|\n|t:|1666491063\n|move|p2a: Mewtwo|Psystrike|p1a: Mewtwo\n|-resisted|p1a: Mewtwo\n|-damage|p1a: Mewtwo|77\/100\n|move|p1a: Mewtwo|Taunt|p2a: Mewtwo\n|-start|p2a: Mewtwo|move: Taunt\n|\n|upkeep\n|turn|4\n|\n|t:|1666491069\n|move|p1a: Mewtwo|Reflect|p1a: Mewtwo\n|-sidestart|p1: Tank Skunk|Reflect\n|move|p2a: Mewtwo|Shadow Ball|p1a: Mewtwo\n|-supereffective|p1a: Mewtwo\n|-damage|p1a: Mewtwo|36\/100\n|\n|upkeep\n|turn|5\n|\n|t:|1666491075\n|move|p2a: Mewtwo|Shadow Ball|p1a: Mewtwo\n|-supereffective|p1a: Mewtwo\n|-damage|p1a: Mewtwo|0 fnt\n|faint|p1a: Mewtwo\n|\n|upkeep\n|\n|t:|1666491080\n|switch|p1a: Mew|Mew|100\/100\n|turn|6\n|\n|t:|1666491086\n|move|p2a: Mewtwo|Shadow Ball|p1a: Mew\n|-supereffective|p1a: Mew\n|-damage|p1a: Mew|63\/100\n|move|p1a: Mew|Rock Polish|p1a: Mew\n|-boost|p1a: Mew|spe|2\n|\n|-end|p2a: Mewtwo|move: Taunt\n|upkeep\n|turn|7\n|\n|t:|1666491092\n|move|p1a: Mew|Taunt|p2a: Mewtwo\n|-start|p2a: Mewtwo|move: Taunt\n|move|p2a: Mewtwo|Shadow Ball|p1a: Mew\n|-supereffective|p1a: Mew\n|-damage|p1a: Mew|25\/100\n|-enditem|p1a: Mew|Sitrus Berry|[eat]\n|-heal|p1a: Mew|50\/100|[from] item: Sitrus Berry\n|\n|upkeep\n|turn|8\n|\n|t:|1666491098\n|move|p1a: Mew|Swords Dance|p1a: Mew\n|-boost|p1a: Mew|atk|2\n|move|p2a: Mewtwo|Shadow Ball|p1a: Mew\n|-supereffective|p1a: Mew\n|-damage|p1a: Mew|8\/100\n|\n|upkeep\n|turn|9\n|\n|t:|1666491103\n|switch|p2a: Ferrothorn|Ferrothorn, F, shiny|100\/100\n|move|p1a: Mew|Baton Pass|p1a: Mew\n|\n|t:|1666491106\n|switch|p1a: Groudon|Groudon|100\/100|[from]move: Baton Pass\n|-weather|SunnyDay|[from] ability: Drought|[of] p1a: Groudon\n|\n|-weather|SunnyDay|[upkeep]\n|-sideend|p1: Tank Skunk|move: Light Screen\n|upkeep\n|turn|10\n|\n|t:|1666491111\n|move|p1a: Groudon|Fire Punch|p2a: Ferrothorn\n|-supereffective|p2a: Ferrothorn\n|-damage|p2a: Ferrothorn|0 fnt\n|-damage|p1a: Groudon|88\/100|[from] ability: Iron Barbs|[of] p2a: Ferrothorn\n|-damage|p1a: Groudon|72\/100|[from] item: Rocky Helmet|[of] p2a: Ferrothorn\n|faint|p2a: Ferrothorn\n|\n|-weather|SunnyDay|[upkeep]\n|upkeep\n|-message|Capital Cruiser forfeited.\n|\n|win|Tank Skunk\n|raw|Tank Skunk's rating: 1048 &rarr; <strong>1086<\/strong><br \/>(+38 for winning)\n|raw|Capital Cruiser's rating: 1107 &rarr; <strong>1078<\/strong><br \/>(-29 for losing)\n|l|\u203dCapital Cruiser\n","uploadtime":1666491122,"views":3,"p1id":"tankskunk","p2id":"capitalcruiser","formatid":"gen5ubers","rating":1078,"private":0,"password":null}