{"id":"gen5ubers-870395010","p1":"DerEchteCoolio","p2":"OGamer289","format":"gen5ubers","log":"|j|\u2606DerEchteCoolio\n|j|\u2606OGamer289\n|player|p1|DerEchteCoolio|102\n|player|p2|OGamer289|153\n|teamsize|p1|6\n|teamsize|p2|6\n|gametype|singles\n|gen|5\n|tier|[Gen 5] Ubers\n|clearpoke\n|poke|p1|Gengar, F|item\n|poke|p1|Azelf|item\n|poke|p1|Steelix, M|item\n|poke|p1|Salamence, M|item\n|poke|p1|Ambipom, F|item\n|poke|p1|Breloom, M|item\n|poke|p2|Kyurem-Black|item\n|poke|p2|Porygon2|item\n|poke|p2|Cofagrigus, M|item\n|poke|p2|Suicune|item\n|poke|p2|Magneton|item\n|poke|p2|Crobat, F|item\n|rule|Sleep Clause Mod: Limit one foe put to sleep\n|rule|Species Clause: Limit one of each Pok\u00e9mon\n|rule|Moody Clause: Moody is banned\n|rule|OHKO Clause: OHKO moves are banned\n|rule|Endless Battle Clause: Forcing endless battles is banned\n|rule|HP Percentage Mod: HP is shown in percentages\n|teampreview\n|j| KebabKaya\n|\n|start\n|switch|p1a: DIY Schleim|Azelf|100\/100\n|switch|p2a: DreiMagnetenLOL|Magneton, shiny|100\/100\n|turn|1\n|\n|move|p1a: DIY Schleim|Stealth Rock|p2a: DreiMagnetenLOL\n|-sidestart|p2: OGamer289|move: Stealth Rock\n|move|p2a: DreiMagnetenLOL|Signal Beam|p1a: DIY Schleim\n|-supereffective|p1a: DIY Schleim\n|-damage|p1a: DIY Schleim|13\/100\n|\n|upkeep\n|turn|2\n|\n|switch|p2a: Kalter Hund|Suicune|100\/100\n|-damage|p2a: Kalter Hund|88\/100|[from] Stealth Rock\n|-ability|p2a: Kalter Hund|Pressure\n|move|p1a: DIY Schleim|U-turn|p2a: Kalter Hund\n|-damage|p2a: Kalter Hund|76\/100\n|\n|switch|p1a: KebabKaya|Gengar, F|100\/100\n|\n|upkeep\n|turn|3\n|\n|switch|p2a: Enten Ficker|Porygon2|100\/100\n|-damage|p2a: Enten Ficker|88\/100|[from] Stealth Rock\n|-ability|p2a: Enten Ficker|Download|boost\n|-boost|p2a: Enten Ficker|atk|1\n|move|p1a: KebabKaya|Substitute|p1a: KebabKaya\n|-start|p1a: KebabKaya|Substitute\n|-damage|p1a: KebabKaya|76\/100\n|\n|upkeep\n|turn|4\n|\n|move|p1a: KebabKaya|Focus Blast|p2a: Enten Ficker\n|-supereffective|p2a: Enten Ficker\n|-damage|p2a: Enten Ficker|23\/100\n|-unboost|p2a: Enten Ficker|spd|1\n|-damage|p1a: KebabKaya|66\/100|[from] item: Life Orb\n|move|p2a: Enten Ficker|Foul Play|p1a: KebabKaya\n|-supereffective|p1a: KebabKaya\n|-end|p1a: KebabKaya|Substitute\n|\n|upkeep\n|turn|5\n|\n|move|p1a: KebabKaya|Thunderbolt|p2a: Enten Ficker\n|-damage|p2a: Enten Ficker|0 fnt\n|-damage|p1a: KebabKaya|56\/100|[from] item: Life Orb\n|faint|p2a: Enten Ficker\n|\n|upkeep\n|\n|switch|p2a: X-Man(mann)|Crobat, F|100\/100\n|-damage|p2a: X-Man(mann)|76\/100|[from] Stealth Rock\n|turn|6\n|\n|switch|p1a: Carsten|Steelix, M, shiny|100\/100\n|move|p2a: X-Man(mann)|Dark Pulse|p1a: Carsten\n|-resisted|p1a: Carsten\n|-damage|p1a: Carsten|82\/100\n|-damage|p2a: X-Man(mann)|66\/100|[from] item: Life Orb\n|\n|-heal|p1a: Carsten|88\/100|[from] item: Leftovers\n|upkeep\n|turn|7\n|\n|switch|p1a: DIY Schleim|Azelf|13\/100\n|move|p2a: X-Man(mann)|Heat Wave|p1a: DIY Schleim\n|-crit|p1a: DIY Schleim\n|-damage|p1a: DIY Schleim|0 fnt\n|-damage|p2a: X-Man(mann)|56\/100|[from] item: Life Orb\n|faint|p1a: DIY Schleim\n|\n|upkeep\n|\n|switch|p1a: PepeHands|Ambipom, F|100\/100\n|turn|8\n|\n|switch|p2a: Djoser|Cofagrigus, M, shiny|100\/100\n|-damage|p2a: Djoser|88\/100|[from] Stealth Rock\n|move|p1a: PepeHands|U-turn|p2a: Djoser\n|-resisted|p2a: Djoser\n|-damage|p2a: Djoser|82\/100\n|-activate|p2a: Djoser|ability: Mummy|Technician|[of] p1a: PepeHands\n|\n|switch|p1a: KebabKaya|Gengar, F|56\/100\n|\n|-heal|p2a: Djoser|88\/100|[from] item: Leftovers\n|upkeep\n|turn|9\n|\n|move|p1a: KebabKaya|Shadow Ball|p2a: Djoser\n|-supereffective|p2a: Djoser\n|-damage|p2a: Djoser|0 fnt\n|-damage|p1a: KebabKaya|46\/100|[from] item: Life Orb\n|faint|p2a: Djoser\n|\n|upkeep\n|\n|switch|p2a: DreiMagnetenLOL|Magneton, shiny|100\/100\n|-damage|p2a: DreiMagnetenLOL|94\/100|[from] Stealth Rock\n|turn|10\n|\n|switch|p2a: Kalter Hund|Suicune|76\/100\n|-damage|p2a: Kalter Hund|64\/100|[from] Stealth Rock\n|-ability|p2a: Kalter Hund|Pressure\n|move|p1a: KebabKaya|Focus Blast|p2a: Kalter Hund\n|-damage|p2a: Kalter Hund|26\/100\n|-enditem|p2a: Kalter Hund|Sitrus Berry|[eat]\n|-heal|p2a: Kalter Hund|51\/100|[from] item: Sitrus Berry\n|-damage|p1a: KebabKaya|36\/100|[from] item: Life Orb\n|\n|upkeep\n|turn|11\n|\n|move|p1a: KebabKaya|Thunderbolt|p2a: Kalter Hund\n|-supereffective|p2a: Kalter Hund\n|-damage|p2a: Kalter Hund|0 fnt\n|-damage|p1a: KebabKaya|26\/100|[from] item: Life Orb\n|faint|p2a: Kalter Hund\n|\n|upkeep\n|\n|switch|p2a: DreiMagnetenLOL|Magneton, shiny|94\/100\n|-damage|p2a: DreiMagnetenLOL|88\/100|[from] Stealth Rock\n|turn|12\n|\n|move|p2a: DreiMagnetenLOL|Volt Switch|p1a: KebabKaya\n|-damage|p1a: KebabKaya|0 fnt\n|faint|p1a: KebabKaya\n|\n|switch|p2a: Gro\u00dfer Ficker|Kyurem-Black, shiny|100\/100\n|-damage|p2a: Gro\u00dfer Ficker|76\/100|[from] Stealth Rock\n|-ability|p2a: Gro\u00dfer Ficker|Teravolt\n|\n|upkeep\n|\n|switch|p1a: K\u00e4pt'n|Breloom, M|100\/100\n|turn|13\n|\n|move|p1a: K\u00e4pt'n|Mach Punch|p2a: Gro\u00dfer Ficker\n|-supereffective|p2a: Gro\u00dfer Ficker\n|-damage|p2a: Gro\u00dfer Ficker|0 fnt\n|faint|p2a: Gro\u00dfer Ficker\n|\n|upkeep\n|\n|switch|p2a: X-Man(mann)|Crobat, F|56\/100\n|-damage|p2a: X-Man(mann)|31\/100|[from] Stealth Rock\n|turn|14\n|\n|switch|p1a: Carsten|Steelix, M, shiny|88\/100\n|move|p2a: X-Man(mann)|Air Slash|p1a: Carsten\n|-resisted|p1a: Carsten\n|-crit|p1a: Carsten\n|-damage|p1a: Carsten|39\/100\n|-damage|p2a: X-Man(mann)|21\/100|[from] item: Life Orb\n|\n|-heal|p1a: Carsten|46\/100|[from] item: Leftovers\n|upkeep\n|turn|15\n|\n|switch|p1a: big boi|Salamence, M|100\/100\n|move|p2a: X-Man(mann)|Giga Drain|p1a: big boi\n|-resisted|p1a: big boi\n|-damage|p1a: big boi|94\/100\n|-heal|p2a: X-Man(mann)|25\/100|[from] drain|[of] p1a: big boi\n|-damage|p2a: X-Man(mann)|15\/100|[from] item: Life Orb\n|\n|upkeep\n|turn|16\n|\n|move|p2a: X-Man(mann)|Air Slash|p1a: big boi\n|-damage|p1a: big boi|51\/100\n|-damage|p2a: X-Man(mann)|5\/100|[from] item: Life Orb\n|cant|p1a: big boi|flinch\n|\n|upkeep\n|turn|17\n|\n|switch|p1a: Carsten|Steelix, M, shiny|46\/100\n|move|p2a: X-Man(mann)|Air Slash|p1a: Carsten|[miss]\n|-miss|p2a: X-Man(mann)|p1a: Carsten\n|\n|-heal|p1a: Carsten|52\/100|[from] item: Leftovers\n|upkeep\n|turn|18\n|\n|move|p2a: X-Man(mann)|Heat Wave|p1a: Carsten\n|-supereffective|p1a: Carsten\n|-damage|p1a: Carsten|0 fnt\n|-damage|p2a: X-Man(mann)|0 fnt|[from] item: Life Orb\n|faint|p1a: Carsten\n|faint|p2a: X-Man(mann)\n|\n|upkeep\n|\n|switch|p2a: DreiMagnetenLOL|Magneton, shiny|88\/100\n|switch|p1a: K\u00e4pt'n|Breloom, M|100\/100\n|-damage|p2a: DreiMagnetenLOL|82\/100|[from] Stealth Rock\n|turn|19\n|c|\u2606DerEchteCoolio|gg\n|\n|move|p1a: K\u00e4pt'n|Mach Punch|p2a: DreiMagnetenLOL\n|-supereffective|p2a: DreiMagnetenLOL\n|-damage|p2a: DreiMagnetenLOL|0 fnt\n|faint|p2a: DreiMagnetenLOL\n|\n|win|DerEchteCoolio\n|c|\u2606OGamer289|gg\n","uploadtime":1551620403,"views":22,"p1id":"derechtecoolio","p2id":"ogamer289","formatid":"gen5ubers","rating":0,"private":0,"password":null}