{"id":"gen5ou-1640148363","p1":"Tiodani","p2":"alvar03","format":"gen5ou","log":"|j|\u2606Tiodani\n|j|\u2606alvar03\n|t:|1660563736\n|gametype|singles\n|player|p1|Tiodani|barry|1369\n|player|p2|alvar03|alder|1443\n|teamsize|p1|6\n|teamsize|p2|6\n|gen|5\n|tier|[Gen 5] OU\n|rated|\n|rule|Species Clause: Limit one of each Pok\u00e9mon\n|rule|OHKO Clause: OHKO moves are banned\n|rule|Moody Clause: Moody is banned\n|rule|Evasion Items Clause: Evasion items are banned\n|rule|Evasion Moves Clause: Evasion moves are banned\n|rule|Endless Battle Clause: Forcing endless battles is banned\n|rule|HP Percentage Mod: HP is shown in percentages\n|rule|Evasion Abilities Clause: Evasion abilities are banned\n|rule|Sleep Clause: Sleep-inducing moves are banned\n|rule|Swagger Clause: Swagger is banned\n|clearpoke\n|poke|p1|Starmie|item\n|poke|p1|Abomasnow, M|item\n|poke|p1|Reuniclus, F|item\n|poke|p1|Weavile, M|item\n|poke|p1|Magnezone|item\n|poke|p1|Mamoswine, F|item\n|poke|p2|Jirachi|item\n|poke|p2|Rotom-Wash|item\n|poke|p2|Latias, F|item\n|poke|p2|Garchomp, M|item\n|poke|p2|Magnezone|item\n|poke|p2|Latios, M|item\n|teampreview\n|inactive|Battle timer is ON: inactive players will automatically lose when time's up. (requested by alvar03)\n|\n|t:|1660563748\n|start\n|switch|p1a: Abomasnow|Abomasnow, M|100\/100\n|switch|p2a: Jirachi|Jirachi|100\/100\n|-weather|Hail|[from] ability: Snow Warning|[of] p1a: Abomasnow\n|turn|1\n|\n|t:|1660563759\n|move|p2a: Jirachi|Stealth Rock|p1a: Abomasnow\n|-sidestart|p1: Tiodani|move: Stealth Rock\n|move|p1a: Abomasnow|Earthquake|p2a: Jirachi\n|-supereffective|p2a: Jirachi\n|-damage|p2a: Jirachi|58\/100\n|\n|-weather|Hail|[upkeep]\n|-damage|p2a: Jirachi|52\/100|[from] Hail\n|-heal|p2a: Jirachi|58\/100|[from] item: Leftovers\n|upkeep\n|turn|2\n|\n|t:|1660563783\n|move|p2a: Jirachi|U-turn|p1a: Abomasnow\n|-supereffective|p1a: Abomasnow\n|-damage|p1a: Abomasnow|53\/100\n|\n|t:|1660563787\n|switch|p2a: Magnezone|Magnezone|100\/100|[from]move: U-turn\n|-item|p2a: Magnezone|Air Balloon\n|move|p1a: Abomasnow|Earthquake|p2a: Magnezone\n|-immune|p2a: Magnezone\n|\n|-weather|Hail|[upkeep]\n|-damage|p2a: Magnezone|94\/100|[from] Hail\n|upkeep\n|turn|3\n|inactive|Tiodani has 120 seconds left.\n|\n|t:|1660563821\n|switch|p1a: Reuniclus|Reuniclus, F|100\/100\n|move|p2a: Magnezone|Hidden Power|p1a: Reuniclus\n|-damage|p1a: Reuniclus|83\/100\n|\n|-weather|Hail|[upkeep]\n|-damage|p2a: Magnezone|88\/100|[from] Hail\n|-status|p1a: Reuniclus|brn|[from] item: Flame Orb\n|upkeep\n|turn|4\n|inactive|Tiodani has 120 seconds left.\n|\n|t:|1660563837\n|move|p2a: Magnezone|Thunderbolt|p1a: Reuniclus\n|-damage|p1a: Reuniclus|49\/100 brn\n|move|p1a: Reuniclus|Trick Room|p1a: Reuniclus\n|-fieldstart|move: Trick Room|[of] p1a: Reuniclus\n|\n|-weather|Hail|[upkeep]\n|-damage|p2a: Magnezone|82\/100|[from] Hail\n|upkeep\n|turn|5\n|inactive|Tiodani has 120 seconds left.\n|\n|t:|1660563844\n|move|p1a: Reuniclus|Recover|p1a: Reuniclus\n|-heal|p1a: Reuniclus|99\/100 brn\n|move|p2a: Magnezone|Thunderbolt|p1a: Reuniclus\n|-damage|p1a: Reuniclus|63\/100 brn\n|\n|-weather|Hail|[upkeep]\n|-damage|p2a: Magnezone|76\/100|[from] Hail\n|upkeep\n|turn|6\n|\n|t:|1660563851\n|move|p1a: Reuniclus|Night Shade|p2a: Magnezone\n|-damage|p2a: Magnezone|41\/100\n|-enditem|p2a: Magnezone|Air Balloon\n|move|p2a: Magnezone|Thunderbolt|p1a: Reuniclus\n|-damage|p1a: Reuniclus|26\/100 brn\n|\n|-weather|Hail|[upkeep]\n|-damage|p2a: Magnezone|35\/100|[from] Hail\n|upkeep\n|turn|7\n|j| SKT T1 Motherfaker\n|inactive|Tiodani has 120 seconds left.\n|\n|t:|1660563867\n|move|p1a: Reuniclus|Night Shade|p2a: Magnezone\n|-damage|p2a: Magnezone|0 fnt\n|faint|p2a: Magnezone\n|\n|-weather|Hail|[upkeep]\n|upkeep\n|\n|t:|1660563876\n|switch|p2a: Jirachi|Jirachi|58\/100\n|turn|8\n|inactive|Tiodani has 120 seconds left.\n|\n|t:|1660563904\n|move|p1a: Reuniclus|Trick|p2a: Jirachi\n|-activate|p1a: Reuniclus|move: Trick|[of] p2a: Jirachi\n|-item|p2a: Jirachi|Flame Orb|[from] move: Trick\n|-item|p1a: Reuniclus|Leftovers|[from] move: Trick\n|move|p2a: Jirachi|U-turn|p1a: Reuniclus\n|-supereffective|p1a: Reuniclus\n|-damage|p1a: Reuniclus|0 fnt\n|faint|p1a: Reuniclus\n|\n|t:|1660563916\n|switch|p2a: Latias|Latias, F|100\/100|[from]move: U-turn\n|\n|-weather|Hail|[upkeep]\n|-damage|p2a: Latias|95\/100|[from] Hail\n|-fieldend|move: Trick Room\n|upkeep\n|j| Yeidh\n|\n|t:|1660563942\n|switch|p1a: Starmie|Starmie|100\/100\n|-damage|p1a: Starmie|88\/100|[from] Stealth Rock\n|turn|9\n|\n|t:|1660563949\n|move|p1a: Starmie|Ice Beam|p2a: Latias\n|-supereffective|p2a: Latias\n|-damage|p2a: Latias|53\/100\n|move|p2a: Latias|Draco Meteor|p1a: Starmie\n|-damage|p1a: Starmie|0 fnt\n|-unboost|p2a: Latias|spa|2\n|faint|p1a: Starmie\n|-damage|p2a: Latias|43\/100|[from] item: Life Orb\n|\n|-weather|Hail|[upkeep]\n|-damage|p2a: Latias|37\/100|[from] Hail\n|upkeep\n|inactive|Tiodani has 90 seconds left.\n|\n|t:|1660563967\n|switch|p1a: Mamoswine|Mamoswine, F|100\/100\n|-damage|p1a: Mamoswine|88\/100|[from] Stealth Rock\n|turn|10\n|\n|t:|1660563975\n|move|p2a: Latias|Hidden Power|p1a: Mamoswine\n|-supereffective|p1a: Mamoswine\n|-damage|p1a: Mamoswine|46\/100\n|-damage|p2a: Latias|27\/100|[from] item: Life Orb\n|move|p1a: Mamoswine|Stealth Rock|p2a: Latias\n|-sidestart|p2: alvar03|move: Stealth Rock\n|\n|-weather|Hail|[upkeep]\n|-damage|p2a: Latias|21\/100|[from] Hail\n|upkeep\n|turn|11\n|\n|t:|1660563984\n|move|p1a: Mamoswine|Ice Shard|p2a: Latias\n|-supereffective|p2a: Latias\n|-damage|p2a: Latias|0 fnt\n|faint|p2a: Latias\n|\n|-weather|Hail|[upkeep]\n|upkeep\n|\n|t:|1660563989\n|switch|p2a: Rotom|Rotom-Wash|100\/100\n|-damage|p2a: Rotom|88\/100|[from] Stealth Rock\n|turn|12\n|\n|t:|1660563996\n|move|p1a: Mamoswine|Superpower|p2a: Rotom\n|-damage|p2a: Rotom|44\/100\n|-unboost|p1a: Mamoswine|atk|1\n|-unboost|p1a: Mamoswine|def|1\n|move|p2a: Rotom|Hydro Pump|p1a: Mamoswine\n|-supereffective|p1a: Mamoswine\n|-damage|p1a: Mamoswine|0 fnt\n|faint|p1a: Mamoswine\n|\n|-weather|Hail|[upkeep]\n|-damage|p2a: Rotom|38\/100|[from] Hail\n|-heal|p2a: Rotom|44\/100|[from] item: Leftovers\n|upkeep\n|inactive|Tiodani has 90 seconds left.\n|\n|t:|1660564033\n|switch|p1a: Magnezone|Magnezone|100\/100\n|-damage|p1a: Magnezone|94\/100|[from] Stealth Rock\n|turn|13\n|\n|t:|1660564054\n|switch|p2a: Garchomp|Garchomp, M|100\/100\n|-damage|p2a: Garchomp|94\/100|[from] Stealth Rock\n|move|p1a: Magnezone|Thunder|p2a: Garchomp\n|-immune|p2a: Garchomp\n|\n|-weather|Hail|[upkeep]\n|-damage|p2a: Garchomp|88\/100|[from] Hail\n|-damage|p1a: Magnezone|88\/100|[from] Hail\n|-heal|p1a: Magnezone|94\/100|[from] item: Leftovers\n|upkeep\n|turn|14\n|\n|t:|1660564066\n|move|p2a: Garchomp|Earthquake|p1a: Magnezone\n|-supereffective|p1a: Magnezone\n|-damage|p1a: Magnezone|0 fnt\n|faint|p1a: Magnezone\n|\n|-weather|Hail|[upkeep]\n|-damage|p2a: Garchomp|82\/100|[from] Hail\n|upkeep\n|\n|t:|1660564072\n|switch|p1a: Abomasnow|Abomasnow, M|53\/100\n|-damage|p1a: Abomasnow|28\/100|[from] Stealth Rock\n|turn|15\n|inactive|Tiodani has 60 seconds left.\n|inactive|alvar03 has 120 seconds left.\n|\n|t:|1660564109\n|move|p2a: Garchomp|Earthquake|p1a: Abomasnow\n|-resisted|p1a: Abomasnow\n|-damage|p1a: Abomasnow|0 fnt\n|faint|p1a: Abomasnow\n|\n|-weather|Hail|[upkeep]\n|-damage|p2a: Garchomp|76\/100|[from] Hail\n|upkeep\n|inactive|Tiodani has 60 seconds left.\n|\n|t:|1660564116\n|switch|p1a: Weavile|Weavile, M|100\/100\n|-damage|p1a: Weavile|76\/100|[from] Stealth Rock\n|-ability|p1a: Weavile|Pressure\n|turn|16\n|\n|t:|1660564123\n|move|p1a: Weavile|Ice Shard|p2a: Garchomp\n|-supereffective|p2a: Garchomp\n|-damage|p2a: Garchomp|0 fnt\n|faint|p2a: Garchomp\n|-damage|p1a: Weavile|66\/100|[from] item: Life Orb\n|\n|-weather|Hail|[upkeep]\n|upkeep\n|\n|t:|1660564126\n|switch|p2a: Jirachi|Jirachi|58\/100\n|-damage|p2a: Jirachi|52\/100|[from] Stealth Rock\n|turn|17\n|\n|t:|1660564132\n|move|p1a: Weavile|Protect|p1a: Weavile\n|-singleturn|p1a: Weavile|Protect\n|move|p2a: Jirachi|U-turn|p1a: Weavile\n|-activate|p1a: Weavile|move: Protect\n|\n|-weather|Hail|[upkeep]\n|-damage|p2a: Jirachi|46\/100|[from] Hail\n|-status|p2a: Jirachi|brn|[from] item: Flame Orb\n|upkeep\n|turn|18\n|\n|t:|1660564143\n|move|p1a: Weavile|Night Slash|p2a: Jirachi\n|-damage|p2a: Jirachi|5\/100 brn\n|-damage|p1a: Weavile|56\/100|[from] item: Life Orb\n|move|p2a: Jirachi|Thunder|p1a: Weavile|[miss]\n|-miss|p2a: Jirachi|p1a: Weavile\n|\n|-weather|Hail|[upkeep]\n|-damage|p2a: Jirachi|0 fnt|[from] Hail\n|faint|p2a: Jirachi\n|upkeep\n|\n|t:|1660564152\n|switch|p2a: Latios|Latios, M|100\/100\n|-damage|p2a: Latios|88\/100|[from] Stealth Rock\n|turn|19\n|\n|t:|1660564159\n|move|p1a: Weavile|Protect|p1a: Weavile\n|-singleturn|p1a: Weavile|Protect\n|move|p2a: Latios|Dragon Pulse|p1a: Weavile\n|-activate|p1a: Weavile|move: Protect\n|\n|-weather|Hail|[upkeep]\n|-damage|p2a: Latios|82\/100|[from] Hail\n|upkeep\n|turn|20\n|inactive|Tiodani has 90 seconds left.\n|\n|t:|1660564167\n|move|p1a: Weavile|Ice Shard|p2a: Latios\n|-supereffective|p2a: Latios\n|-crit|p2a: Latios\n|-damage|p2a: Latios|0 fnt\n|faint|p2a: Latios\n|-damage|p1a: Weavile|46\/100|[from] item: Life Orb\n|\n|-weather|Hail|[upkeep]\n|upkeep\n|c|\u2606alvar03|come on dude\n|\n|t:|1660564174\n|switch|p2a: Rotom|Rotom-Wash|44\/100\n|-damage|p2a: Rotom|32\/100|[from] Stealth Rock\n|turn|21\n|\n|t:|1660564178\n|move|p1a: Weavile|Night Slash|p2a: Rotom\n|-damage|p2a: Rotom|0 fnt\n|faint|p2a: Rotom\n|-damage|p1a: Weavile|36\/100|[from] item: Life Orb\n|\n|win|Tiodani\n|raw|Tiodani's rating: 1369 &rarr; <strong>1393<\/strong><br \/>(+24 for winning)\n|raw|alvar03's rating: 1443 &rarr; <strong>1419<\/strong><br \/>(-24 for losing)\n|l| SKT T1 Motherfaker\n|c|\u2606alvar03|u didnt have enough with the mu\n|c|\u2606alvar03|but this bullshit\n||Ladder isn't responding, score probably updated but might not have (Request timeout).\n","uploadtime":1660564184,"views":11,"p1id":"tiodani","p2id":"alvar03","formatid":"gen5ou","rating":1393,"private":0,"password":null}