{"id":"gen5ubers-1693067231","p1":"Capital Cruiser","p2":"Limit Ubers","format":"gen5ubers","log":"|j|\u203dCapital Cruiser\n|j|\u2606Limit Ubers\n|t:|1666560185\n|gametype|singles\n|player|p1|Capital Cruiser|cheren-gen5bw2|1157\n|player|p2|Limit Ubers|1|1000\n|teamsize|p1|6\n|teamsize|p2|5\n|gen|5\n|tier|[Gen 5] Ubers\n|rated|\n|rule|Species Clause: Limit one of each Pok\u00e9mon\n|rule|OHKO Clause: OHKO moves are banned\n|rule|Moody Clause: Moody is banned\n|rule|Evasion Items Clause: Evasion items are banned\n|rule|Evasion Moves Clause: Evasion moves are banned\n|rule|Endless Battle Clause: Forcing endless battles is banned\n|rule|HP Percentage Mod: HP is shown in percentages\n|rule|Sleep Clause Mod: Limit one foe put to sleep\n|clearpoke\n|poke|p1|Deoxys-Attack|item\n|poke|p1|Arceus-*|item\n|poke|p1|Dialga|item\n|poke|p1|Lugia|item\n|poke|p1|Metagross|item\n|poke|p1|Kyogre|item\n|poke|p2|Darkrai|item\n|poke|p2|Mewtwo|item\n|poke|p2|Kyogre|item\n|poke|p2|Arceus-*|item\n|poke|p2|Genesect|item\n|teampreview\n|inactive|Battle timer is ON: inactive players will automatically lose when time's up. (requested by Capital Cruiser)\n|\n|t:|1666560193\n|start\n|switch|p1a: Dialga|Dialga, shiny|100\/100\n|switch|p2a: Genesect|Genesect, shiny|100\/100\n|-ability|p2a: Genesect|Download|boost\n|-boost|p2a: Genesect|spa|1\n|-ability|p1a: Dialga|Pressure\n|turn|1\n|\n|t:|1666560199\n|move|p2a: Genesect|U-turn|p1a: Dialga\n|-resisted|p1a: Dialga\n|-damage|p1a: Dialga|88\/100\n|\n|t:|1666560203\n|switch|p2a: Mewtwo|Mewtwo|100\/100|[from]move: U-turn\n|-ability|p2a: Mewtwo|Pressure\n|move|p1a: Dialga|Thunder|p2a: Mewtwo\n|-damage|p2a: Mewtwo|56\/100\n|\n|upkeep\n|turn|2\n|\n|t:|1666560208\n|switch|p1a: Metagross|Metagross, shiny|100\/100\n|move|p2a: Mewtwo|Aura Sphere|p1a: Metagross\n|-damage|p1a: Metagross|73\/100\n|\n|-heal|p1a: Metagross|79\/100|[from] item: Leftovers\n|upkeep\n|turn|3\n|\n|t:|1666560212\n|switch|p2a: Genesect|Genesect, shiny|100\/100\n|-ability|p2a: Genesect|Download|boost\n|-boost|p2a: Genesect|atk|1\n|move|p1a: Metagross|Stealth Rock|p2a: Genesect\n|-sidestart|p2: Limit Ubers|move: Stealth Rock\n|\n|-heal|p1a: Metagross|85\/100|[from] item: Leftovers\n|upkeep\n|turn|4\n|\n|t:|1666560222\n|switch|p1a: Dialga|Dialga, shiny|88\/100\n|-ability|p1a: Dialga|Pressure\n|move|p2a: Genesect|U-turn|p1a: Dialga\n|-resisted|p1a: Dialga\n|-damage|p1a: Dialga|72\/100\n|\n|t:|1666560225\n|switch|p2a: Darkrai|Darkrai|100\/100|[from]move: U-turn\n|-damage|p2a: Darkrai|88\/100|[from] Stealth Rock\n|\n|-heal|p2a: Darkrai|94\/100|[from] item: Leftovers\n|upkeep\n|turn|5\n|\n|t:|1666560236\n|switch|p1a: Metagross|Metagross, shiny|85\/100\n|move|p2a: Darkrai|Dark Void|p1a: Metagross\n|-status|p1a: Metagross|slp|[from] move: Dark Void\n|\n|-heal|p2a: Darkrai|99\/100|[from] item: Leftovers\n|-heal|p1a: Metagross|91\/100 slp|[from] item: Leftovers\n|-damage|p1a: Metagross|79\/100 slp|[from] ability: Bad Dreams|[of] p2a: Darkrai\n|upkeep\n|turn|6\n|\n|t:|1666560241\n|switch|p1a: Kyogre|Kyogre, shiny|100\/100\n|-weather|RainDance|[from] ability: Drizzle|[of] p1a: Kyogre\n|move|p2a: Darkrai|Substitute|p2a: Darkrai\n|-start|p2a: Darkrai|Substitute\n|-damage|p2a: Darkrai|75\/100\n|\n|-weather|RainDance|[upkeep]\n|-heal|p2a: Darkrai|81\/100|[from] item: Leftovers\n|upkeep\n|turn|7\n|\n|t:|1666560244\n|move|p1a: Kyogre|Surf|p2a: Darkrai\n|-end|p2a: Darkrai|Substitute\n|move|p2a: Darkrai|Dark Pulse|p1a: Kyogre\n|-damage|p1a: Kyogre|70\/100\n|\n|-weather|RainDance|[upkeep]\n|-heal|p2a: Darkrai|87\/100|[from] item: Leftovers\n|upkeep\n|turn|8\n|\n|t:|1666560256\n|move|p1a: Kyogre|Surf|p2a: Darkrai\n|-damage|p2a: Darkrai|0 fnt\n|faint|p2a: Darkrai\n|\n|-weather|RainDance|[upkeep]\n|upkeep\n|\n|t:|1666560260\n|switch|p2a: Arceus|Arceus-Dark|100\/100\n|-damage|p2a: Arceus|88\/100|[from] Stealth Rock\n|turn|9\n|\n|t:|1666560263\n|move|p1a: Kyogre|Surf|p2a: Arceus\n|-damage|p2a: Arceus|34\/100\n|move|p2a: Arceus|Calm Mind|p2a: Arceus\n|-boost|p2a: Arceus|spa|1\n|-boost|p2a: Arceus|spd|1\n|\n|-weather|RainDance|[upkeep]\n|upkeep\n|turn|10\n|\n|t:|1666560266\n|move|p1a: Kyogre|Surf|p2a: Arceus\n|-damage|p2a: Arceus|0 fnt\n|faint|p2a: Arceus\n|\n|-weather|RainDance|[upkeep]\n|upkeep\n|\n|t:|1666560268\n|switch|p2a: Kyogre|Kyogre|100\/100\n|-damage|p2a: Kyogre|88\/100|[from] Stealth Rock\n|turn|11\n|\n|t:|1666560276\n|switch|p1a: Lugia|Lugia|100\/100\n|move|p2a: Kyogre|Thunder|p1a: Lugia\n|-supereffective|p1a: Lugia\n|-damage|p1a: Lugia|73\/100\n|-status|p1a: Lugia|par\n|\n|-weather|RainDance|[upkeep]\n|upkeep\n|turn|12\n|\n|t:|1666560280\n|move|p2a: Kyogre|Thunder|p1a: Lugia\n|-supereffective|p1a: Lugia\n|-crit|p1a: Lugia\n|-damage|p1a: Lugia|0 fnt\n|faint|p1a: Lugia\n|\n|-weather|RainDance|[upkeep]\n|upkeep\n|\n|t:|1666560285\n|switch|p1a: Dialga|Dialga, shiny|72\/100\n|-ability|p1a: Dialga|Pressure\n|turn|13\n|\n|t:|1666560289\n|switch|p2a: Genesect|Genesect, shiny|100\/100\n|-damage|p2a: Genesect|88\/100|[from] Stealth Rock\n|-ability|p2a: Genesect|Download|boost\n|-boost|p2a: Genesect|spa|1\n|move|p1a: Dialga|Thunder|p2a: Genesect\n|-damage|p2a: Genesect|31\/100\n|\n|-weather|RainDance|[upkeep]\n|upkeep\n|turn|14\n|\n|t:|1666560304\n|switch|p1a: Metagross|Metagross, shiny|79\/100 slp\n|move|p2a: Genesect|Explosion|p1a: Metagross\n|-resisted|p1a: Metagross\n|-damage|p1a: Metagross|48\/100 slp\n|faint|p2a: Genesect\n|\n|-weather|RainDance|[upkeep]\n|-heal|p1a: Metagross|54\/100 slp|[from] item: Leftovers\n|upkeep\n|\n|t:|1666560312\n|switch|p2a: Mewtwo|Mewtwo|56\/100\n|-damage|p2a: Mewtwo|43\/100|[from] Stealth Rock\n|-ability|p2a: Mewtwo|Pressure\n|turn|15\n|\n|t:|1666560320\n|move|p2a: Mewtwo|Aura Sphere|p1a: Metagross\n|-damage|p1a: Metagross|26\/100 slp\n|cant|p1a: Metagross|slp\n|\n|-weather|RainDance|[upkeep]\n|-heal|p1a: Metagross|32\/100 slp|[from] item: Leftovers\n|upkeep\n|turn|16\n|\n|t:|1666560324\n|move|p2a: Mewtwo|Aura Sphere|p1a: Metagross\n|-damage|p1a: Metagross|8\/100 slp\n|cant|p1a: Metagross|slp\n|\n|-weather|RainDance|[upkeep]\n|-heal|p1a: Metagross|14\/100 slp|[from] item: Leftovers\n|upkeep\n|turn|17\n|\n|t:|1666560326\n|move|p2a: Mewtwo|Aura Sphere|p1a: Metagross\n|-damage|p1a: Metagross|0 fnt\n|faint|p1a: Metagross\n|\n|-weather|RainDance|[upkeep]\n|upkeep\n|\n|t:|1666560330\n|switch|p1a: Kyogre|Kyogre, shiny|70\/100\n|turn|18\n|\n|t:|1666560334\n|move|p2a: Mewtwo|Aura Sphere|p1a: Kyogre\n|-damage|p1a: Kyogre|42\/100\n|move|p1a: Kyogre|Thunder|p2a: Mewtwo\n|-damage|p2a: Mewtwo|0 fnt\n|faint|p2a: Mewtwo\n|\n|-weather|RainDance|[upkeep]\n|upkeep\n|\n|t:|1666560336\n|switch|p2a: Kyogre|Kyogre|88\/100\n|-damage|p2a: Kyogre|76\/100|[from] Stealth Rock\n|turn|19\n|\n|t:|1666560341\n|move|p2a: Kyogre|Water Spout|p1a: Kyogre\n|-resisted|p1a: Kyogre\n|-crit|p1a: Kyogre\n|-damage|p1a: Kyogre|0 fnt\n|faint|p1a: Kyogre\n|\n|-weather|RainDance|[upkeep]\n|upkeep\n|\n|t:|1666560345\n|switch|p1a: Dialga|Dialga, shiny|72\/100\n|-ability|p1a: Dialga|Pressure\n|turn|20\n|\n|t:|1666560348\n|move|p2a: Kyogre|Water Spout|p1a: Dialga\n|-resisted|p1a: Dialga\n|-damage|p1a: Dialga|31\/100\n|move|p1a: Dialga|Thunder|p2a: Kyogre\n|-supereffective|p2a: Kyogre\n|-damage|p2a: Kyogre|12\/100\n|\n|-weather|RainDance|[upkeep]\n|upkeep\n|turn|21\n|\n|t:|1666560355\n|move|p2a: Kyogre|Water Spout|p1a: Dialga\n|-resisted|p1a: Dialga\n|-damage|p1a: Dialga|25\/100\n|move|p1a: Dialga|Thunder|p2a: Kyogre\n|-supereffective|p2a: Kyogre\n|-damage|p2a: Kyogre|0 fnt\n|faint|p2a: Kyogre\n|\n|win|Capital Cruiser\n|raw|Capital Cruiser's rating: 1157 &rarr; <strong>1171<\/strong><br \/>(+14 for winning)\n|raw|Limit Ubers's rating: 1000 &rarr; <strong>1000<\/strong><br \/>(+0 for losing)\n|l|\u203dCapital Cruiser\n|c|\u2606Limit Ubers|Gg\n","uploadtime":1666560363,"views":6,"p1id":"capitalcruiser","p2id":"limitubers","formatid":"gen5ubers","rating":1000,"private":0,"password":null}