{"id":"gen5ou-1688257883","p1":"Darkman64","p2":"Nonebot L","format":"gen5ou","log":"|j|\u2606Darkman64\n|j|\u2606Nonebot L\n|t:|1666046516\n|gametype|singles\n|player|p1|Darkman64|juan|\n|player|p2|Nonebot L|benga|\n|teamsize|p1|6\n|teamsize|p2|6\n|gen|5\n|tier|[Gen 5] OU\n|rule|Species Clause: Limit one of each Pok\u00e9mon\n|rule|OHKO Clause: OHKO moves are banned\n|rule|Moody Clause: Moody is banned\n|rule|Evasion Items Clause: Evasion items are banned\n|rule|Evasion Moves Clause: Evasion moves are banned\n|rule|Endless Battle Clause: Forcing endless battles is banned\n|rule|HP Percentage Mod: HP is shown in percentages\n|rule|Evasion Abilities Clause: Evasion abilities are banned\n|rule|Sleep Clause: Sleep-inducing moves are banned\n|rule|Swagger Clause: Swagger is banned\n|clearpoke\n|poke|p1|Tyranitar, F|item\n|poke|p1|Latias, F|item\n|poke|p1|Excadrill, F|item\n|poke|p1|Alakazam, M|item\n|poke|p1|Rotom-Wash|item\n|poke|p1|Landorus-Therian, M|item\n|poke|p2|Steelix, M|item\n|poke|p2|Magnezone|item\n|poke|p2|Medicham, M|item\n|poke|p2|Mandibuzz, F|item\n|poke|p2|Seismitoad, M|item\n|poke|p2|Cresselia, F|item\n|teampreview\n|c|\u2606Darkman64|esos no son 3 stall?\n|c|\u2606Nonebot L|?\n|c|\u2606Nonebot L|Steelix no cuenta como uno\n|c|\u2606Nonebot L|XD\n|c|\u2606Nonebot L|No resiste casi nada\n|c|\u2606Darkman64|hombre\n|c|\u2606Darkman64|a nivel fisico\n|c|\u2606Darkman64|si\n|c|\u2606Nonebot L|Si\n|c|\u2606Darkman64|y seismitoad tambien puede ser\n|c|\u2606Darkman64|pero bueno\n|c|\u2606Nonebot L|Seismitoad lo llevo ofensivo\n|c|\u2606Darkman64|que sea un bulky mediocre el steelix no quiere decir que no lo sea\n|c|\u2606Darkman64|pero bueno\n|\n|t:|1666046656\n|start\n|switch|p1a: Rotom|Rotom-Wash|100\/100\n|switch|p2a: Medoe|Medicham, M, shiny|100\/100\n|turn|1\n|\n|t:|1666046696\n|switch|p2a: Haganail|Steelix, M|100\/100\n|switch|p1a: Latias|Latias, F|100\/100\n|\n|upkeep\n|turn|2\n|\n|t:|1666046706\n|move|p1a: Latias|Hidden Power|p2a: Haganail\n|-supereffective|p2a: Haganail\n|-damage|p2a: Haganail|45\/100\n|move|p2a: Haganail|Explosion|p1a: Latias\n|-damage|p1a: Latias|37\/100\n|faint|p2a: Haganail\n|\n|upkeep\n|c|\u2606Darkman64|la senti serca\n|\n|t:|1666046733\n|switch|p2a: Medoe|Medicham, M, shiny|100\/100\n|turn|3\n|\n|t:|1666046741\n|switch|p1a: Landorus|Landorus-Therian, M|100\/100\n|-ability|p1a: Landorus|Intimidate|boost\n|-unboost|p2a: Medoe|atk|1\n|move|p2a: Medoe|Ice Punch|p1a: Landorus\n|-supereffective|p1a: Landorus\n|-damage|p1a: Landorus|21\/100\n|\n|-heal|p1a: Landorus|27\/100|[from] item: Leftovers\n|upkeep\n|turn|4\n|\n|t:|1666046756\n|switch|p1a: Rotom|Rotom-Wash|100\/100\n|move|p2a: Medoe|Ice Punch|p1a: Rotom\n|-resisted|p1a: Rotom\n|-damage|p1a: Rotom|89\/100\n|\n|-heal|p1a: Rotom|95\/100|[from] item: Leftovers\n|upkeep\n|turn|5\n|\n|t:|1666046771\n|switch|p2a: Cresema|Cresselia, F|100\/100\n|move|p1a: Rotom|Volt Switch|p2a: Cresema\n|-damage|p2a: Cresema|88\/100\n|\n|t:|1666046775\n|switch|p1a: Tyranitar|Tyranitar, F|100\/100|[from]move: Volt Switch\n|-weather|Sandstorm|[from] ability: Sand Stream|[of] p1a: Tyranitar\n|\n|-weather|Sandstorm|[upkeep]\n|-damage|p2a: Cresema|82\/100|[from] Sandstorm\n|-heal|p2a: Cresema|88\/100|[from] item: Leftovers\n|upkeep\n|turn|6\n|\n|t:|1666046782\n|move|p2a: Cresema|Thunder Wave|p1a: Tyranitar\n|-status|p1a: Tyranitar|par\n|move|p1a: Tyranitar|Stealth Rock|p2a: Cresema\n|-sidestart|p2: Nonebot L|move: Stealth Rock\n|\n|-weather|Sandstorm|[upkeep]\n|-damage|p2a: Cresema|82\/100|[from] Sandstorm\n|-heal|p2a: Cresema|88\/100|[from] item: Leftovers\n|upkeep\n|turn|7\n|\n|t:|1666046788\n|switch|p2a: Gamoma|Seismitoad, M, shiny|100\/100\n|-damage|p2a: Gamoma|94\/100|[from] Stealth Rock\n|move|p1a: Tyranitar|Crunch|p2a: Gamoma\n|-damage|p2a: Gamoma|61\/100\n|\n|-weather|Sandstorm|[upkeep]\n|-heal|p2a: Gamoma|67\/100|[from] item: Leftovers\n|upkeep\n|turn|8\n|\n|t:|1666046797\n|switch|p1a: Rotom|Rotom-Wash|95\/100\n|move|p2a: Gamoma|Stealth Rock|p1a: Rotom\n|-sidestart|p1: Darkman64|move: Stealth Rock\n|\n|-weather|Sandstorm|[upkeep]\n|-damage|p1a: Rotom|89\/100|[from] Sandstorm\n|-heal|p1a: Rotom|95\/100|[from] item: Leftovers\n|-heal|p2a: Gamoma|74\/100|[from] item: Leftovers\n|upkeep\n|turn|9\n|\n|t:|1666046807\n|switch|p2a: Cresema|Cresselia, F|88\/100\n|-damage|p2a: Cresema|75\/100|[from] Stealth Rock\n|move|p1a: Rotom|Will-O-Wisp|p2a: Cresema\n|-status|p2a: Cresema|brn\n|\n|-weather|Sandstorm|[upkeep]\n|-damage|p1a: Rotom|89\/100|[from] Sandstorm\n|-damage|p2a: Cresema|69\/100 brn|[from] Sandstorm\n|-heal|p1a: Rotom|95\/100|[from] item: Leftovers\n|-heal|p2a: Cresema|75\/100 brn|[from] item: Leftovers\n|-damage|p2a: Cresema|63\/100 brn|[from] brn\n|upkeep\n|turn|10\n|\n|t:|1666046810\n|move|p1a: Rotom|Volt Switch|p2a: Cresema\n|-damage|p2a: Cresema|49\/100 brn\n|\n|t:|1666046813\n|switch|p1a: Excadrill|Excadrill, F|100\/100|[from]move: Volt Switch\n|-damage|p1a: Excadrill|97\/100|[from] Stealth Rock\n|move|p2a: Cresema|Moonlight|p2a: Cresema\n|-heal|p2a: Cresema|74\/100 brn\n|\n|-weather|Sandstorm|[upkeep]\n|-damage|p2a: Cresema|68\/100 brn|[from] Sandstorm\n|-heal|p1a: Excadrill|100\/100|[from] item: Leftovers\n|-heal|p2a: Cresema|74\/100 brn|[from] item: Leftovers\n|-damage|p2a: Cresema|62\/100 brn|[from] brn\n|upkeep\n|turn|11\n|\n|t:|1666046823\n|move|p1a: Excadrill|Substitute|p1a: Excadrill\n|-start|p1a: Excadrill|Substitute\n|-damage|p1a: Excadrill|76\/100\n|move|p2a: Cresema|Psyshock|p1a: Excadrill\n|-resisted|p1a: Excadrill\n|-activate|p1a: Excadrill|Substitute|[damage]\n|\n|-weather|Sandstorm|[upkeep]\n|-damage|p2a: Cresema|56\/100 brn|[from] Sandstorm\n|-heal|p1a: Excadrill|82\/100|[from] item: Leftovers\n|-heal|p2a: Cresema|62\/100 brn|[from] item: Leftovers\n|-damage|p2a: Cresema|50\/100 brn|[from] brn\n|upkeep\n|turn|12\n|\n|t:|1666046830\n|move|p1a: Excadrill|Iron Head|p2a: Cresema\n|-damage|p2a: Cresema|12\/100 brn\n|move|p2a: Cresema|Moonlight|p2a: Cresema\n|-heal|p2a: Cresema|37\/100 brn\n|\n|-weather|Sandstorm|[upkeep]\n|-damage|p2a: Cresema|31\/100 brn|[from] Sandstorm\n|-heal|p1a: Excadrill|88\/100|[from] item: Leftovers\n|-heal|p2a: Cresema|37\/100 brn|[from] item: Leftovers\n|-damage|p2a: Cresema|24\/100 brn|[from] brn\n|upkeep\n|turn|13\n|\n|t:|1666046834\n|move|p1a: Excadrill|Iron Head|p2a: Cresema\n|-damage|p2a: Cresema|0 fnt\n|faint|p2a: Cresema\n|\n|-weather|Sandstorm|[upkeep]\n|-heal|p1a: Excadrill|94\/100|[from] item: Leftovers\n|upkeep\n|\n|t:|1666046842\n|switch|p2a: Gamoma|Seismitoad, M, shiny|74\/100\n|-damage|p2a: Gamoma|67\/100|[from] Stealth Rock\n|turn|14\n|\n|t:|1666046846\n|move|p1a: Excadrill|Earthquake|p2a: Gamoma\n|-damage|p2a: Gamoma|6\/100\n|move|p2a: Gamoma|Scald|p1a: Excadrill\n|-supereffective|p1a: Excadrill\n|-end|p1a: Excadrill|Substitute\n|\n|-weather|Sandstorm|[upkeep]\n|-heal|p1a: Excadrill|99\/100|[from] item: Leftovers\n|-heal|p2a: Gamoma|12\/100|[from] item: Leftovers\n|upkeep\n|turn|15\n|\n|t:|1666046850\n|move|p1a: Excadrill|Iron Head|p2a: Gamoma\n|-resisted|p2a: Gamoma\n|-damage|p2a: Gamoma|0 fnt\n|faint|p2a: Gamoma\n|\n|-weather|Sandstorm|[upkeep]\n|-heal|p1a: Excadrill|100\/100|[from] item: Leftovers\n|upkeep\n|\n|t:|1666046855\n|switch|p2a: Mandai|Mandibuzz, F|100\/100\n|-damage|p2a: Mandai|75\/100|[from] Stealth Rock\n|turn|16\n|\n|t:|1666046863\n|move|p1a: Excadrill|Substitute|p1a: Excadrill\n|-start|p1a: Excadrill|Substitute\n|-damage|p1a: Excadrill|76\/100\n|move|p2a: Mandai|Foul Play|p1a: Excadrill\n|-resisted|p1a: Excadrill\n|-end|p1a: Excadrill|Substitute\n|\n|-weather|Sandstorm|[upkeep]\n|-heal|p1a: Excadrill|82\/100|[from] item: Leftovers\n|upkeep\n|turn|17\n|\n|t:|1666046869\n|switch|p1a: Rotom|Rotom-Wash|95\/100\n|-damage|p1a: Rotom|82\/100|[from] Stealth Rock\n|move|p2a: Mandai|Foul Play|p1a: Rotom\n|-damage|p1a: Rotom|63\/100\n|\n|-weather|Sandstorm|[upkeep]\n|-damage|p1a: Rotom|56\/100|[from] Sandstorm\n|-heal|p1a: Rotom|63\/100|[from] item: Leftovers\n|upkeep\n|turn|18\n|\n|t:|1666046879\n|switch|p2a: Magna|Magnezone, shiny|100\/100\n|-damage|p2a: Magna|94\/100|[from] Stealth Rock\n|move|p1a: Rotom|Volt Switch|p2a: Magna\n|-resisted|p2a: Magna\n|-damage|p2a: Magna|79\/100\n|\n|t:|1666046888\n|switch|p1a: Alakazam|Alakazam, M|100\/100|[from]move: Volt Switch\n|\n|-weather|Sandstorm|[upkeep]\n|upkeep\n|turn|19\n|\n|t:|1666046892\n|move|p1a: Alakazam|Focus Blast|p2a: Magna|[miss]\n|-miss|p1a: Alakazam|p2a: Magna\n|move|p2a: Magna|Volt Switch|p1a: Alakazam\n|-damage|p1a: Alakazam|12\/100\n|\n|t:|1666046895\n|switch|p2a: Mandai|Mandibuzz, F|75\/100|[from]move: Volt Switch\n|-damage|p2a: Mandai|50\/100|[from] Stealth Rock\n|\n|-weather|Sandstorm|[upkeep]\n|upkeep\n|turn|20\n|c|\u2606Darkman64|god suerte\n|\n|t:|1666046902\n|move|p1a: Alakazam|Hidden Power|p2a: Mandai\n|-supereffective|p2a: Mandai\n|-damage|p2a: Mandai|12\/100\n|move|p2a: Mandai|Roost|p2a: Mandai\n|-heal|p2a: Mandai|62\/100\n|-singleturn|p2a: Mandai|move: Roost\n|\n|-weather|Sandstorm|[upkeep]\n|upkeep\n|turn|21\n|\n|t:|1666046912\n|move|p1a: Alakazam|Encore|p2a: Mandai\n|-start|p2a: Mandai|Encore\n|move|p2a: Mandai|Roost|p2a: Mandai\n|-heal|p2a: Mandai|100\/100\n|-singleturn|p2a: Mandai|move: Roost\n|\n|-weather|Sandstorm|[upkeep]\n|upkeep\n|turn|22\n|\n|t:|1666046923\n|switch|p1a: Landorus|Landorus-Therian, M|27\/100\n|-damage|p1a: Landorus|14\/100|[from] Stealth Rock\n|-ability|p1a: Landorus|Intimidate|boost\n|-unboost|p2a: Mandai|atk|1\n|switch|p2a: Magna|Magnezone, shiny|79\/100\n|-damage|p2a: Magna|73\/100|[from] Stealth Rock\n|\n|-weather|Sandstorm|[upkeep]\n|-heal|p1a: Landorus|20\/100|[from] item: Leftovers\n|upkeep\n|turn|23\n|\n|t:|1666046940\n|move|p1a: Landorus|Knock Off|p2a: Magna\n|-resisted|p2a: Magna\n|-damage|p2a: Magna|69\/100\n|-enditem|p2a: Magna|Choice Specs|[from] move: Knock Off|[of] p1a: Landorus\n|move|p2a: Magna|Flash Cannon|p1a: Landorus\n|-damage|p1a: Landorus|0 fnt\n|faint|p1a: Landorus\n|\n|-weather|Sandstorm|[upkeep]\n|upkeep\n|\n|t:|1666046953\n|switch|p1a: Latias|Latias, F|37\/100\n|-damage|p1a: Latias|24\/100|[from] Stealth Rock\n|turn|24\n|l|\u2606Nonebot L\n|player|p2|\n|j|\u2606Nonebot L\n|player|p2|Nonebot L|benga\n|inactive|Battle timer is ON: inactive players will automatically lose when time's up. (requested by Darkman64)\n|inactiveoff|Battle timer is now OFF.\n|\n|t:|1666047029\n|move|p1a: Latias|Recover|p1a: Latias\n|-heal|p1a: Latias|75\/100\n|move|p2a: Magna|Hidden Power|p1a: Latias\n|-supereffective|p1a: Latias\n|-damage|p1a: Latias|38\/100\n|\n|-weather|Sandstorm|[upkeep]\n|-damage|p1a: Latias|32\/100|[from] Sandstorm\n|upkeep\n|turn|25\n|\n|t:|1666047036\n|move|p1a: Latias|Recover|p1a: Latias\n|-heal|p1a: Latias|82\/100\n|move|p2a: Magna|Sunny Day|p2a: Magna\n|-weather|SunnyDay\n|\n|-weather|SunnyDay|[upkeep]\n|upkeep\n|turn|26\n|\n|t:|1666047039\n|move|p1a: Latias|Hidden Power|p2a: Magna\n|-supereffective|p2a: Magna\n|-damage|p2a: Magna|0 fnt\n|faint|p2a: Magna\n|\n|-weather|SunnyDay|[upkeep]\n|upkeep\n|\n|t:|1666047043\n|switch|p2a: Medoe|Medicham, M, shiny|100\/100\n|-damage|p2a: Medoe|94\/100|[from] Stealth Rock\n|turn|27\n|\n|t:|1666047052\n|switch|p1a: Tyranitar|Tyranitar, F|100\/100 par\n|-damage|p1a: Tyranitar|88\/100 par|[from] Stealth Rock\n|-weather|Sandstorm|[from] ability: Sand Stream|[of] p1a: Tyranitar\n|move|p2a: Medoe|Ice Punch|p1a: Tyranitar\n|-damage|p1a: Tyranitar|59\/100 par\n|\n|-weather|Sandstorm|[upkeep]\n|-damage|p2a: Medoe|88\/100|[from] Sandstorm\n|upkeep\n|turn|28\n|\n|t:|1666047057\n|move|p2a: Medoe|Ice Punch|p1a: Tyranitar\n|-damage|p1a: Tyranitar|29\/100 par\n|move|p1a: Tyranitar|Pursuit|p2a: Medoe\n|-damage|p2a: Medoe|50\/100\n|\n|-weather|Sandstorm|[upkeep]\n|-damage|p2a: Medoe|44\/100|[from] Sandstorm\n|upkeep\n|turn|29\n|\n|t:|1666047064\n|move|p2a: Medoe|Ice Punch|p1a: Tyranitar\n|-damage|p1a: Tyranitar|3\/100 par\n|cant|p1a: Tyranitar|par\n|\n|-weather|Sandstorm|[upkeep]\n|-damage|p2a: Medoe|38\/100|[from] Sandstorm\n|upkeep\n|turn|30\n|c|\u2606Darkman64|joderr\n|c|\u2606Darkman64|hermano\n|\n|t:|1666047072\n|move|p2a: Medoe|Ice Punch|p1a: Tyranitar\n|-crit|p1a: Tyranitar\n|-damage|p1a: Tyranitar|0 fnt\n|faint|p1a: Tyranitar\n|\n|-weather|Sandstorm|[upkeep]\n|-damage|p2a: Medoe|32\/100|[from] Sandstorm\n|upkeep\n|\n|t:|1666047076\n|switch|p1a: Excadrill|Excadrill, F|82\/100\n|-damage|p1a: Excadrill|79\/100|[from] Stealth Rock\n|turn|31\n|\n|t:|1666047082\n|switch|p2a: Mandai|Mandibuzz, F|100\/100\n|-damage|p2a: Mandai|75\/100|[from] Stealth Rock\n|move|p1a: Excadrill|Iron Head|p2a: Mandai\n|-damage|p2a: Mandai|41\/100\n|-damage|p1a: Excadrill|62\/100|[from] item: Rocky Helmet|[of] p2a: Mandai\n|\n|-weather|Sandstorm|[upkeep]\n|-heal|p1a: Excadrill|68\/100|[from] item: Leftovers\n|upkeep\n|turn|32\n|\n|t:|1666047088\n|switch|p1a: Rotom|Rotom-Wash|63\/100\n|-damage|p1a: Rotom|50\/100|[from] Stealth Rock\n|move|p2a: Mandai|Roost|p2a: Mandai\n|-heal|p2a: Mandai|91\/100\n|-singleturn|p2a: Mandai|move: Roost\n|\n|-weather|Sandstorm|[upkeep]\n|-damage|p1a: Rotom|44\/100|[from] Sandstorm\n|-heal|p1a: Rotom|50\/100|[from] item: Leftovers\n|upkeep\n|turn|33\n|\n|t:|1666047094\n|move|p1a: Rotom|Pain Split|p2a: Mandai\n|-sethp|p2a: Mandai|63\/100|[from] move: Pain Split|[silent]\n|-sethp|p1a: Rotom|88\/100|[from] move: Pain Split\n|move|p2a: Mandai|Roost|p2a: Mandai\n|-heal|p2a: Mandai|100\/100\n|-singleturn|p2a: Mandai|move: Roost\n|\n|-weather|Sandstorm|[upkeep]\n|-damage|p1a: Rotom|82\/100|[from] Sandstorm\n|-heal|p1a: Rotom|88\/100|[from] item: Leftovers\n|upkeep\n|turn|34\n|\n|t:|1666047097\n|move|p1a: Rotom|Volt Switch|p2a: Mandai\n|-supereffective|p2a: Mandai\n|-damage|p2a: Mandai|58\/100\n|\n|t:|1666047100\n|switch|p1a: Latias|Latias, F|82\/100|[from]move: Volt Switch\n|-damage|p1a: Latias|69\/100|[from] Stealth Rock\n|move|p2a: Mandai|Foul Play|p1a: Latias\n|-supereffective|p1a: Latias\n|-damage|p1a: Latias|31\/100\n|-damage|p2a: Mandai|41\/100|[from] item: Rocky Helmet|[of] p1a: Latias\n|\n|-weather|Sandstorm|[upkeep]\n|-damage|p1a: Latias|25\/100|[from] Sandstorm\n|upkeep\n|turn|35\n|\n|t:|1666047111\n|move|p1a: Latias|Ice Beam|p2a: Mandai\n|-supereffective|p2a: Mandai\n|-damage|p2a: Mandai|3\/100\n|move|p2a: Mandai|Roost|p2a: Mandai\n|-heal|p2a: Mandai|53\/100\n|-singleturn|p2a: Mandai|move: Roost\n|\n|-weather|Sandstorm|[upkeep]\n|-damage|p1a: Latias|19\/100|[from] Sandstorm\n|upkeep\n|turn|36\n|\n|t:|1666047120\n|switch|p1a: Rotom|Rotom-Wash|88\/100\n|-damage|p1a: Rotom|76\/100|[from] Stealth Rock\n|move|p2a: Mandai|Roost|p2a: Mandai\n|-heal|p2a: Mandai|100\/100\n|-singleturn|p2a: Mandai|move: Roost\n|\n|-weather|Sandstorm|[upkeep]\n|-damage|p1a: Rotom|70\/100|[from] Sandstorm\n|-heal|p1a: Rotom|76\/100|[from] item: Leftovers\n|upkeep\n|turn|37\n|\n|t:|1666047123\n|move|p1a: Rotom|Will-O-Wisp|p2a: Mandai|[miss]\n|-miss|p1a: Rotom|p2a: Mandai\n|move|p2a: Mandai|Foul Play|p1a: Rotom\n|-damage|p1a: Rotom|58\/100\n|\n|-weather|Sandstorm|[upkeep]\n|-damage|p1a: Rotom|51\/100|[from] Sandstorm\n|-heal|p1a: Rotom|58\/100|[from] item: Leftovers\n|upkeep\n|turn|38\n|\n|t:|1666047130\n|move|p1a: Rotom|Pain Split|p2a: Mandai\n|-sethp|p2a: Mandai|71\/100|[from] move: Pain Split|[silent]\n|-sethp|p1a: Rotom|99\/100|[from] move: Pain Split\n|move|p2a: Mandai|Defog|p1a: Rotom\n|-unboost|p1a: Rotom|evasion|1\n|-sideend|p1: Darkman64|Stealth Rock|[from] move: Defog|[of] p1a: Rotom\n|\n|-weather|Sandstorm|[upkeep]\n|-damage|p1a: Rotom|93\/100|[from] Sandstorm\n|-heal|p1a: Rotom|99\/100|[from] item: Leftovers\n|upkeep\n|turn|39\n|c|\u2606Darkman64|xd\n|c|\u2606Nonebot L|Ta madre con esta gen\n|c|\u2606Nonebot L|\ud83d\udeac\n|\n|t:|1666047154\n|move|p1a: Rotom|Will-O-Wisp|p2a: Mandai\n|-status|p2a: Mandai|brn\n|move|p2a: Mandai|Roost|p2a: Mandai\n|-heal|p2a: Mandai|100\/100 brn\n|-singleturn|p2a: Mandai|move: Roost\n|\n|-weather|Sandstorm|[upkeep]\n|-damage|p1a: Rotom|93\/100|[from] Sandstorm\n|-heal|p1a: Rotom|99\/100|[from] item: Leftovers\n|-damage|p2a: Mandai|88\/100 brn|[from] brn\n|upkeep\n|turn|40\n|\n|t:|1666047156\n|move|p1a: Rotom|Volt Switch|p2a: Mandai\n|-supereffective|p2a: Mandai\n|-damage|p2a: Mandai|48\/100 brn\n|\n|t:|1666047159\n|switch|p1a: Alakazam|Alakazam, M|12\/100|[from]move: Volt Switch\n|move|p2a: Mandai|Foul Play|p1a: Alakazam\n|-supereffective|p1a: Alakazam\n|-damage|p1a: Alakazam|0 fnt\n|faint|p1a: Alakazam\n|\n|-weather|Sandstorm|[upkeep]\n|-damage|p2a: Mandai|35\/100 brn|[from] brn\n|upkeep\n|\n|t:|1666047162\n|switch|p1a: Rotom|Rotom-Wash|99\/100\n|turn|41\n|c|\u2606Darkman64|gg\n|c|\u2606Nonebot L|Hasta aqui llegu\u00e9 ya\n|\n|t:|1666047171\n|move|p1a: Rotom|Volt Switch|p2a: Mandai\n|-supereffective|p2a: Mandai\n|-damage|p2a: Mandai|0 fnt\n|faint|p2a: Mandai\n|\n|t:|1666047174\n|switch|p1a: Latias|Latias, F|19\/100|[from]move: Volt Switch\n|\n|-weather|Sandstorm|[upkeep]\n|-damage|p1a: Latias|13\/100|[from] Sandstorm\n|upkeep\n|c|\u2606Nonebot L|Gg\n|\n|t:|1666047182\n|switch|p2a: Medoe|Medicham, M, shiny|32\/100\n|-damage|p2a: Medoe|26\/100|[from] Stealth Rock\n|turn|42\n|\n|t:|1666047192\n|move|p2a: Medoe|High Jump Kick|p1a: Latias\n|-resisted|p1a: Latias\n|-damage|p1a: Latias|0 fnt\n|-damage|p2a: Medoe|10\/100|[from] item: Rocky Helmet|[of] p1a: Latias\n|faint|p1a: Latias\n|\n|-weather|Sandstorm|[upkeep]\n|-damage|p2a: Medoe|4\/100|[from] Sandstorm\n|upkeep\n|\n|t:|1666047195\n|switch|p1a: Excadrill|Excadrill, F|68\/100\n|turn|43\n|\n|t:|1666047198\n|move|p1a: Excadrill|Protect|p1a: Excadrill\n|-singleturn|p1a: Excadrill|Protect\n|move|p2a: Medoe|High Jump Kick|p1a: Excadrill\n|-activate|p1a: Excadrill|move: Protect\n|-damage|p2a: Medoe|0 fnt|[from] highjumpkick\n|faint|p2a: Medoe\n|\n|win|Darkman64\n|c|\u2606Darkman64|hake mate\n|l|\u2606Nonebot L\n","uploadtime":1666047209,"views":16,"p1id":"darkman64","p2id":"nonebotl","formatid":"gen5ou","rating":0,"private":0,"password":null}