{"id":"gen5randombattle-1630775937","p1":"PedroGreg","p2":"ReturnToMonkey\u262f","format":"gen5randombattle","log":"|j|\u2606PedroGreg\n|j|\u2606ReturnToMonkey\u262f\n|inactive|Battle timer is ON: inactive players will automatically lose when time's up.\n|t:|1659463957\n|gametype|singles\n|player|p1|PedroGreg|#wcop2022brazil|\n|player|p2|ReturnToMonkey\u262f|may-masters|\n|teamsize|p1|6\n|teamsize|p2|6\n|gen|5\n|tier|[Gen 5] Random Battle\n|rated|Tournament battle\n|rule|Sleep Clause Mod: Limit one foe put to sleep\n|rule|HP Percentage Mod: HP is shown in percentages\n|\n|t:|1659463957\n|start\n|switch|p1a: Luvdisc|Luvdisc, F|248\/248\n|switch|p2a: Bellossom|Bellossom, L90, F|281\/281\n|turn|1\n|inactive|ReturnToMonkey\u262f also wants the timer to be on.\n|c|\u2606PedroGreg|hf\n|c|\u2606ReturnToMonkey\u262f|Hf\n|\n|t:|1659463975\n|switch|p1a: Parasect|Parasect, L90, F|254\/254\n|switch|p2a: Toxicroak|Toxicroak, L80, F|264\/264\n|\n|upkeep\n|turn|2\n|inactive|ReturnToMonkey\u262f has 120 seconds left.\n|\n|t:|1659464015\n|switch|p2a: Bellossom|Bellossom, L90, F|281\/281\n|switch|p1a: Nidoqueen|Nidoqueen, L82, F|282\/282\n|\n|upkeep\n|turn|3\n|\n|t:|1659464034\n|switch|p2a: Dugtrio|Dugtrio, L82, F|192\/192\n|move|p1a: Nidoqueen|Sludge Wave|p2a: Dugtrio\n|-resisted|p2a: Dugtrio\n|-damage|p2a: Dugtrio|114\/192\n|\n|upkeep\n|turn|4\n|\n|t:|1659464040\n|move|p2a: Dugtrio|Earthquake|p1a: Nidoqueen\n|-supereffective|p1a: Nidoqueen\n|-damage|p1a: Nidoqueen|61\/282\n|-damage|p2a: Dugtrio|95\/192|[from] item: Life Orb\n|move|p1a: Nidoqueen|Ice Beam|p2a: Dugtrio\n|-supereffective|p2a: Dugtrio\n|-damage|p2a: Dugtrio|0 fnt\n|faint|p2a: Dugtrio\n|\n|upkeep\n|c|\u2606ReturnToMonkey\u262f|Q bicho trash\n|\n|t:|1659464065\n|switch|p2a: Toxicroak|Toxicroak, L80, F|264\/264\n|turn|5\n|c|\u2606PedroGreg|retorno ao macaco\n|c|\u2606PedroGreg|tem poik\u00e9mon uber no time\n|c|\u2606PedroGreg|n come\u00e7ou de luvdisc\n|c|\u2606PedroGreg|coincidencia?\n|\n|t:|1659464093\n|move|p2a: Toxicroak|Ice Punch|p1a: Nidoqueen\n|-supereffective|p1a: Nidoqueen\n|-damage|p1a: Nidoqueen|0 fnt\n|faint|p1a: Nidoqueen\n|\n|upkeep\n|c|\u2606ReturnToMonkey\u262f|Perhaps\n|inactive|PedroGreg has 120 seconds left.\n|\n|t:|1659464103\n|switch|p1a: Wobbuffet|Wobbuffet, L82, F|446\/446\n|turn|6\n|inactive|ReturnToMonkey\u262f has 120 seconds left.\n|\n|t:|1659464112\n|move|p2a: Toxicroak|Swords Dance|p2a: Toxicroak\n|-boost|p2a: Toxicroak|atk|2\n|move|p1a: Wobbuffet|Counter||[still]\n|-fail|p1a: Wobbuffet\n|\n|upkeep\n|turn|7\n|j| Empoleon B\n|inactive|ReturnToMonkey\u262f has 120 seconds left.\n|\n|t:|1659464124\n|move|p2a: Toxicroak|Swords Dance|p2a: Toxicroak\n|-boost|p2a: Toxicroak|atk|2\n|move|p1a: Wobbuffet|Destiny Bond|p1a: Wobbuffet\n|-singlemove|p1a: Wobbuffet|Destiny Bond\n|\n|upkeep\n|turn|8\n|\n|t:|1659464131\n|move|p2a: Toxicroak|Swords Dance|p2a: Toxicroak\n|-boost|p2a: Toxicroak|atk|2\n|move|p1a: Wobbuffet|Encore|p2a: Toxicroak\n|-start|p2a: Toxicroak|Encore\n|\n|upkeep\n|turn|9\n|j| InvejaMata\n|j| elpolero9\n|\n|t:|1659464156\n|switch|p1a: Chandelure|Chandelure, L82, F|233\/233\n|move|p2a: Toxicroak|Swords Dance|p2a: Toxicroak\n|-boost|p2a: Toxicroak|atk|0\n|\n|upkeep\n|turn|10\n|l| elpolero9\n|\n|t:|1659464168\n|switch|p2a: Ambipom|Ambipom, L82, F|257\/257\n|move|p1a: Chandelure|Fire Blast|p2a: Ambipom\n|-damage|p2a: Ambipom|0 fnt\n|faint|p2a: Ambipom\n|-damage|p1a: Chandelure|210\/233|[from] item: Life Orb\n|\n|upkeep\n|c|\u2606ReturnToMonkey\u262f|Perdemos\n|inactive|ReturnToMonkey\u262f has 120 seconds left.\n|inactive|ReturnToMonkey\u262f has 90 seconds left.\n|\n|t:|1659464225\n|switch|p2a: Lucario|Lucario, L82, F|249\/249\n|turn|11\n|\n|t:|1659464234\n|switch|p1a: Wobbuffet|Wobbuffet, L82, F|446\/446\n|move|p2a: Lucario|Crunch|p1a: Wobbuffet\n|-supereffective|p1a: Wobbuffet\n|-damage|p1a: Wobbuffet|243\/446\n|-damage|p2a: Lucario|225\/249|[from] item: Life Orb\n|\n|-heal|p1a: Wobbuffet|270\/446|[from] item: Leftovers\n|upkeep\n|turn|12\n|inactive|ReturnToMonkey\u262f has 90 seconds left.\n|\n|t:|1659464244\n|move|p2a: Lucario|Swords Dance|p2a: Lucario\n|-boost|p2a: Lucario|atk|2\n|move|p1a: Wobbuffet|Destiny Bond|p1a: Wobbuffet\n|-singlemove|p1a: Wobbuffet|Destiny Bond\n|\n|-heal|p1a: Wobbuffet|297\/446|[from] item: Leftovers\n|upkeep\n|turn|13\n|inactive|ReturnToMonkey\u262f has 90 seconds left.\n|\n|t:|1659464262\n|move|p2a: Lucario|Ice Punch|p1a: Wobbuffet\n|-crit|p1a: Wobbuffet\n|-damage|p1a: Wobbuffet|0 fnt\n|faint|p1a: Wobbuffet\n|-activate|p1a: Wobbuffet|move: Destiny Bond\n|faint|p2a: Lucario\n|\n|upkeep\n|c| InvejaMata|foda\n|inactive|ReturnToMonkey\u262f has 90 seconds left.\n|c|\u2606ReturnToMonkey\u262f|Waah\n|j| Progamer73456\n|\n|t:|1659464278\n|switch|p2a: Toxicroak|Toxicroak, L80, F|264\/264\n|switch|p1a: Chandelure|Chandelure, L82, F|210\/233\n|turn|14\n|\n|t:|1659464292\n|move|p2a: Toxicroak|Sucker Punch|p1a: Chandelure\n|-supereffective|p1a: Chandelure\n|-damage|p1a: Chandelure|100\/233\n|move|p1a: Chandelure|Fire Blast|p2a: Toxicroak\n|-damage|p2a: Toxicroak|0 fnt\n|faint|p2a: Toxicroak\n|-damage|p1a: Chandelure|77\/233|[from] item: Life Orb\n|\n|upkeep\n|c| Empoleon B|luvdisc j\u00e1 ganhou mais coisa q o palmeiras\n|c|\u2606ReturnToMonkey\u262f|Meu deus isso deu 0 de dano\n|inactive|ReturnToMonkey\u262f has 60 seconds left.\n|\n|t:|1659464321\n|switch|p2a: Steelix|Steelix, L84, F|263\/263\n|turn|15\n|\n|t:|1659464332\n|move|p1a: Chandelure|Fire Blast|p2a: Steelix\n|-supereffective|p2a: Steelix\n|-ability|p2a: Steelix|Sturdy\n|-damage|p2a: Steelix|1\/263\n|-damage|p1a: Chandelure|54\/233|[from] item: Life Orb\n|move|p2a: Steelix|Earthquake|p1a: Chandelure\n|-supereffective|p1a: Chandelure\n|-damage|p1a: Chandelure|0 fnt\n|faint|p1a: Chandelure\n|\n|-heal|p2a: Steelix|17\/263|[from] item: Leftovers\n|upkeep\n|\n|t:|1659464352\n|switch|p1a: Luvdisc|Luvdisc, F|248\/248\n|turn|16\n|c|\u2606ReturnToMonkey\u262f|Sdds qd bellossom\n|\n|t:|1659464372\n|move|p1a: Luvdisc|Ice Beam|p2a: Steelix\n|-damage|p2a: Steelix|0 fnt\n|faint|p2a: Steelix\n|\n|upkeep\n|\n|t:|1659464377\n|switch|p2a: Bellossom|Bellossom, L90, F|281\/281\n|turn|17\n|c|\u2606PedroGreg|qd \u00e9 gen 5?\n|c|\u2606PedroGreg|a\u00e9\n|c|\u2606PedroGreg|volcarona\n|c|\u2606ReturnToMonkey\u262f|S\n|\n|t:|1659464390\n|move|p1a: Luvdisc|Ice Beam|p2a: Bellossom\n|-supereffective|p2a: Bellossom\n|-damage|p2a: Bellossom|183\/281\n|move|p2a: Bellossom|Sleep Powder|p1a: Luvdisc\n|-status|p1a: Luvdisc|slp|[from] move: Sleep Powder\n|\n|-heal|p2a: Bellossom|200\/281|[from] item: Leftovers\n|upkeep\n|turn|18\n|\n|t:|1659464399\n|switch|p1a: Parasect|Parasect, L90, F|254\/254\n|move|p2a: Bellossom|Leech Seed|p1a: Parasect\n|-immune|p1a: Parasect\n|\n|-heal|p2a: Bellossom|217\/281|[from] item: Leftovers\n|upkeep\n|turn|19\n|\n|t:|1659464404\n|move|p2a: Bellossom|Hidden Power|p1a: Parasect\n|-supereffective|p1a: Parasect\n|-damage|p1a: Parasect|0 fnt\n|faint|p1a: Parasect\n|\n|-heal|p2a: Bellossom|234\/281|[from] item: Leftovers\n|upkeep\n|\n|t:|1659464407\n|switch|p1a: Rotom|Rotom-Mow, L84|221\/221\n|turn|20\n|c|\u2606PedroGreg|a vey\n|c|\u2606PedroGreg|imoral\n|c|\u2606ReturnToMonkey\u262f|EITA\n|c|\u2606ReturnToMonkey\u262f|sera\n|c|\u2606ReturnToMonkey\u262f|Mentira isso tem hp ice\n|inactive|ReturnToMonkey\u262f has 90 seconds left.\n|\n|t:|1659464432\n|move|p1a: Rotom|Thunderbolt|p2a: Bellossom\n|-resisted|p2a: Bellossom\n|-damage|p2a: Bellossom|188\/281\n|move|p2a: Bellossom|Hidden Power|p1a: Rotom\n|-supereffective|p1a: Rotom\n|-damage|p1a: Rotom|133\/221\n|\n|-heal|p1a: Rotom|146\/221|[from] item: Leftovers\n|-heal|p2a: Bellossom|205\/281|[from] item: Leftovers\n|upkeep\n|turn|21\n|\n|t:|1659464439\n|move|p1a: Rotom|Thunderbolt|p2a: Bellossom\n|-resisted|p2a: Bellossom\n|-damage|p2a: Bellossom|162\/281\n|move|p2a: Bellossom|Hidden Power|p1a: Rotom\n|-supereffective|p1a: Rotom\n|-damage|p1a: Rotom|44\/221\n|\n|-heal|p1a: Rotom|57\/221|[from] item: Leftovers\n|-heal|p2a: Bellossom|179\/281|[from] item: Leftovers\n|upkeep\n|turn|22\n|c| Empoleon B|eita\n|\n|t:|1659464444\n|move|p1a: Rotom|Pain Split|p2a: Bellossom\n|-sethp|p2a: Bellossom|118\/281|[from] move: Pain Split|[silent]\n|-sethp|p1a: Rotom|118\/221|[from] move: Pain Split\n|move|p2a: Bellossom|Hidden Power|p1a: Rotom\n|-supereffective|p1a: Rotom\n|-damage|p1a: Rotom|26\/221\n|\n|-heal|p1a: Rotom|39\/221|[from] item: Leftovers\n|-heal|p2a: Bellossom|135\/281|[from] item: Leftovers\n|upkeep\n|turn|23\n|\n|t:|1659464457\n|move|p1a: Rotom|Pain Split|p2a: Bellossom\n|-sethp|p2a: Bellossom|87\/281|[from] move: Pain Split|[silent]\n|-sethp|p1a: Rotom|87\/221|[from] move: Pain Split\n|move|p2a: Bellossom|Hidden Power|p1a: Rotom\n|-supereffective|p1a: Rotom\n|-damage|p1a: Rotom|0 fnt\n|faint|p1a: Rotom\n|\n|-heal|p2a: Bellossom|104\/281|[from] item: Leftovers\n|upkeep\n|\n|t:|1659464462\n|switch|p1a: Luvdisc|Luvdisc, F|248\/248 slp\n|turn|24\n|\n|t:|1659464466\n|cant|p1a: Luvdisc|slp\n|move|p2a: Bellossom|Leaf Storm|p1a: Luvdisc\n|-supereffective|p1a: Luvdisc\n|-damage|p1a: Luvdisc|0 fnt\n|-unboost|p2a: Bellossom|spa|2\n|faint|p1a: Luvdisc\n|\n|win|ReturnToMonkey\u262f\n|n|\u2606PedroGreg|pedrogreg\n|n|\u2606ReturnToMonkey\u262f|returntomonkey\n|n| Empoleon B|empoleonb\n|n| InvejaMata|invejamata\n|n| Progamer73456|progamer73456\n|l|\u2606PedroGreg\n|l| InvejaMata\n|l| Empoleon B\n|c|\u2606ReturnToMonkey\u262f|Bellossom my beloved\n|l|\u2606ReturnToMonkey\u262f\n|l| Progamer73456\n|j|\u2606ReturnToMonkey\u262f\n|player|p2|ReturnToMonkey\u262f|may-masters\n|l|\u2606ReturnToMonkey\u262f\n|player|p2|\n|j|\u2606ReturnToMonkey\u262f\n|player|p2|ReturnToMonkey\u262f|may-masters\n","inputlog":">version 982d75eaa703b632a30dca381ab50d6ad4461e86\n>start {\"formatid\":\"gen5randombattle\",\"seed\":[30494,3207,4316,14475],\"rated\":\"Tournament battle\"}\n>player p1 {\"name\":\"PedroGreg\",\"avatar\":\"#wcop2022brazil\",\"rating\":0,\"seed\":[48190,16990,46584,13482]}\n>player p2 {\"name\":\"ReturnToMonkey\u262f\",\"avatar\":\"may-masters\",\"rating\":0,\"seed\":[14331,317,43291,1944]}\n>chat \u2606PedroGreg|hf\n>chat \u2606ReturnToMonkey\u262f|Hf\n>p1 switch 3\n>p2 switch 3\n>p1 switch 5\n>p2 switch 3\n>p1 move sludgewave\n>p2 switch 2\n>p1 move icebeam\n>p2 move earthquake\n>chat \u2606ReturnToMonkey\u262f|Q bicho trash\n>p2 switch 3\n>chat \u2606PedroGreg|retorno ao macaco\n>chat \u2606PedroGreg|tem poik\u00e9mon uber no time\n>chat \u2606PedroGreg|n come\u00e7ou de luvdisc\n>chat \u2606PedroGreg|coincidencia?\n>p1 move earthpower\n>p2 move icepunch\n>chat \u2606ReturnToMonkey\u262f|Perhaps\n>p1 switch 6\n>p1 move counter\n>p2 move swordsdance\n>p1 move destinybond\n>p2 move swordsdance\n>p1 move encore\n>p2 move swordsdance\n>p1 switch 4\n>p2 move swordsdance\n>p1 move fireblast\n>p2 switch 6\n>chat \u2606ReturnToMonkey\u262f|Perdemos\n>p2 switch 4\n>p1 switch 4\n>p2 move crunch\n>p1 move destinybond\n>p2 move swordsdance\n>p1 move encore\n>p2 move icepunch\n>chat  InvejaMata|foda\n>chat \u2606ReturnToMonkey\u262f|Waah\n>p1 switch 4\n>p2 switch 6\n>p1 move fireblast\n>p2 move suckerpunch\n>chat  Empoleon B|luvdisc j\u00e1 ganhou mais coisa q o palmeiras \n>chat \u2606ReturnToMonkey\u262f|Meu deus isso deu 0 de dano\n>p2 switch 5\n>p1 move fireblast\n>p2 move earthquake\n>p1 switch 3\n>chat \u2606ReturnToMonkey\u262f|Sdds qd bellossom\n>p1 move icebeam\n>p2 move stealthrock\n>p2 switch 2\n>chat \u2606PedroGreg|qd \u00e9 gen 5?\n>chat \u2606PedroGreg|a\u00e9\n>chat \u2606PedroGreg|volcarona\n>chat \u2606ReturnToMonkey\u262f|S\n>p1 move icebeam\n>p2 move sleeppowder\n>p1 switch 5\n>p2 move leechseed\n>p1 move xscissor\n>p2 move hiddenpower\n>p1 switch 2\n>chat \u2606PedroGreg|a vey\n>chat \u2606PedroGreg|imoral\n>chat \u2606ReturnToMonkey\u262f|EITA\n>chat \u2606ReturnToMonkey\u262f|sera\n>chat \u2606ReturnToMonkey\u262f|Mentira isso tem hp ice\n>p1 move thunderbolt\n>p2 move hiddenpower\n>p1 move thunderbolt\n>p2 move hiddenpower\n>chat  Empoleon B|eita\n>p1 move painsplit\n>p2 move hiddenpower\n>p1 move painsplit\n>p2 move hiddenpower\n>p1 switch 5\n>p1 move icebeam\n>p2 move leafstorm","uploadtime":1659464467,"views":8,"p1id":"pedrogreg","p2id":"returntomonkey","formatid":"gen5randombattle","rating":0,"private":0,"password":null}