{"id":"gen5ou-1195310843","p1":"arce9","p2":"Trogba Trogba","format":"gen5ou","log":"|j|\u2606arce9\n|j|\u2606Trogba Trogba\n|t:|1601421917\n|player|p1|arce9|lance-gen3|\n|player|p2|Trogba Trogba|lance|\n|teamsize|p1|6\n|teamsize|p2|6\n|gametype|singles\n|gen|5\n|tier|[Gen 5] OU\n|rated|Tournament battle\n|clearpoke\n|poke|p1|Politoed, M|item\n|poke|p1|Thundurus-Therian, M|item\n|poke|p1|Tentacruel, F|item\n|poke|p1|Keldeo|item\n|poke|p1|Latios, M|item\n|poke|p1|Ferrothorn, F|item\n|poke|p2|Excadrill, M|item\n|poke|p2|Gliscor, M|item\n|poke|p2|Ferrothorn, M|item\n|poke|p2|Keldeo-Resolute|item\n|poke|p2|Dragonite, M|item\n|poke|p2|Tyranitar, M|item\n|rule|Species Clause: Limit one of each Pok\u00e9mon\n|rule|OHKO Clause: OHKO moves are banned\n|rule|Moody Clause: Moody is banned\n|rule|Evasion Moves Clause: Evasion moves are banned\n|rule|Endless Battle Clause: Forcing endless battles is banned\n|rule|HP Percentage Mod: HP is shown in percentages\n|rule|Evasion Abilities Clause: Evasion abilities are banned\n|rule|Baton Pass Clause: Limit one Baton Passer, can't pass Spe and other stats simultaneously\n|rule|Sleep Clause: Sleep-inducing moves are banned\n|rule|Swagger Clause: Swagger is banned\n|teampreview\n|j|*Lady Monita\n|j| ix_ng\n|j| PokeArt2004\u2764\n|j| umbrene\n|j| KabIlaPok\n|j| AndrewCottonee\n|j| Mcjizzletitties\n|j| susciety\n|\n|t:|1601421946\n|start\n|switch|p1a: Politoed|Politoed, M|100\/100\n|switch|p2a: Tyranitar|Tyranitar, M|100\/100\n|-weather|Sandstorm|[from] ability: Sand Stream|[of] p2a: Tyranitar\n|-weather|RainDance|[from] ability: Drizzle|[of] p1a: Politoed\n|turn|1\n|\n|t:|1601421955\n|switch|p2a: Ferrothorn|Ferrothorn, M|100\/100\n|move|p1a: Politoed|Scald|p2a: Ferrothorn\n|-resisted|p2a: Ferrothorn\n|-damage|p2a: Ferrothorn|83\/100\n|-status|p2a: Ferrothorn|brn\n|\n|-weather|RainDance|[upkeep]\n|-damage|p2a: Ferrothorn|71\/100 brn|[from] brn\n|upkeep\n|turn|2\n|\n|t:|1601421960\n|move|p1a: Politoed|Protect|p1a: Politoed\n|-singleturn|p1a: Politoed|Protect\n|move|p2a: Ferrothorn|Spikes|p1a: Politoed\n|-sidestart|p1: arce9|Spikes\n|\n|-weather|RainDance|[upkeep]\n|-damage|p2a: Ferrothorn|59\/100 brn|[from] brn\n|upkeep\n|turn|3\n|\n|t:|1601421964\n|switch|p2a: Tyranitar|Tyranitar, M|100\/100\n|-weather|Sandstorm|[from] ability: Sand Stream|[of] p2a: Tyranitar\n|move|p1a: Politoed|Encore||[still]\n|-fail|p1a: Politoed\n|\n|-weather|Sandstorm|[upkeep]\n|-damage|p1a: Politoed|94\/100|[from] Sandstorm\n|-heal|p1a: Politoed|100\/100|[from] item: Leftovers\n|upkeep\n|turn|4\n|\n|t:|1601421967\n|move|p2a: Tyranitar|Stealth Rock|p1a: Politoed\n|-sidestart|p1: arce9|move: Stealth Rock\n|move|p1a: Politoed|Scald|p2a: Tyranitar\n|-supereffective|p2a: Tyranitar\n|-damage|p2a: Tyranitar|66\/100\n|\n|-weather|Sandstorm|[upkeep]\n|-damage|p1a: Politoed|94\/100|[from] Sandstorm\n|-heal|p1a: Politoed|100\/100|[from] item: Leftovers\n|upkeep\n|turn|5\n|\n|t:|1601421973\n|switch|p2a: Ferrothorn|Ferrothorn, M|59\/100 brn\n|move|p1a: Politoed|Scald|p2a: Ferrothorn\n|-resisted|p2a: Ferrothorn\n|-damage|p2a: Ferrothorn|48\/100 brn\n|\n|-weather|Sandstorm|[upkeep]\n|-damage|p1a: Politoed|94\/100|[from] Sandstorm\n|-heal|p1a: Politoed|100\/100|[from] item: Leftovers\n|-damage|p2a: Ferrothorn|36\/100 brn|[from] brn\n|upkeep\n|turn|6\n|\n|t:|1601421977\n|switch|p1a: Tentacruel|Tentacruel, F|100\/100\n|-damage|p1a: Tentacruel|88\/100|[from] Stealth Rock\n|-damage|p1a: Tentacruel|76\/100|[from] Spikes\n|move|p2a: Ferrothorn|Leech Seed|p1a: Tentacruel\n|-start|p1a: Tentacruel|move: Leech Seed\n|\n|-weather|Sandstorm|[upkeep]\n|-damage|p1a: Tentacruel|69\/100|[from] Sandstorm\n|-heal|p1a: Tentacruel|76\/100|[from] item: Black Sludge\n|-damage|p1a: Tentacruel|63\/100|[from] Leech Seed|[of] p2a: Ferrothorn\n|-heal|p2a: Ferrothorn|49\/100 brn|[silent]\n|-damage|p2a: Ferrothorn|36\/100 brn|[from] brn\n|upkeep\n|turn|7\n|\n|t:|1601421979\n|move|p2a: Ferrothorn|Protect|p2a: Ferrothorn\n|-singleturn|p2a: Ferrothorn|Protect\n|move|p1a: Tentacruel|Rapid Spin|p2a: Ferrothorn\n|-activate|p2a: Ferrothorn|move: Protect\n|\n|-weather|Sandstorm|[upkeep]\n|-damage|p1a: Tentacruel|57\/100|[from] Sandstorm\n|-heal|p1a: Tentacruel|63\/100|[from] item: Black Sludge\n|-damage|p1a: Tentacruel|51\/100|[from] Leech Seed|[of] p2a: Ferrothorn\n|-heal|p2a: Ferrothorn|49\/100 brn|[silent]\n|-damage|p2a: Ferrothorn|37\/100 brn|[from] brn\n|upkeep\n|turn|8\n|\n|t:|1601421985\n|move|p1a: Tentacruel|Rapid Spin|p2a: Ferrothorn\n|-resisted|p2a: Ferrothorn\n|-damage|p2a: Ferrothorn|36\/100 brn\n|-damage|p1a: Tentacruel|38\/100|[from] ability: Iron Barbs|[of] p2a: Ferrothorn\n|-damage|p1a: Tentacruel|22\/100|[from] item: Rocky Helmet|[of] p2a: Ferrothorn\n|-end|p1a: Tentacruel|Leech Seed|[from] move: Rapid Spin|[of] p1a: Tentacruel\n|-sideend|p1: arce9|Spikes|[from] move: Rapid Spin|[of] p1a: Tentacruel\n|-sideend|p1: arce9|Stealth Rock|[from] move: Rapid Spin|[of] p1a: Tentacruel\n|move|p2a: Ferrothorn|Spikes|p1a: Tentacruel\n|-sidestart|p1: arce9|Spikes\n|\n|-weather|Sandstorm|[upkeep]\n|-damage|p1a: Tentacruel|16\/100|[from] Sandstorm\n|-heal|p1a: Tentacruel|22\/100|[from] item: Black Sludge\n|-damage|p2a: Ferrothorn|24\/100 brn|[from] brn\n|upkeep\n|turn|9\n|\n|t:|1601421996\n|move|p1a: Tentacruel|Scald|p2a: Ferrothorn\n|-resisted|p2a: Ferrothorn\n|-damage|p2a: Ferrothorn|13\/100 brn\n|move|p2a: Ferrothorn|Leech Seed|p1a: Tentacruel\n|-start|p1a: Tentacruel|move: Leech Seed\n|\n|-weather|Sandstorm|[upkeep]\n|-damage|p1a: Tentacruel|16\/100|[from] Sandstorm\n|-heal|p1a: Tentacruel|22\/100|[from] item: Black Sludge\n|-damage|p1a: Tentacruel|9\/100|[from] Leech Seed|[of] p2a: Ferrothorn\n|-heal|p2a: Ferrothorn|26\/100 brn|[silent]\n|-damage|p2a: Ferrothorn|14\/100 brn|[from] brn\n|upkeep\n|turn|10\n|j| Lugia_numair\n|l| umbrene\n|\n|t:|1601422009\n|switch|p1a: Ferrothorn|Ferrothorn, F|100\/100\n|-damage|p1a: Ferrothorn|88\/100|[from] Spikes\n|move|p2a: Ferrothorn|Protect||[still]\n|-fail|p2a: Ferrothorn\n|\n|-weather|Sandstorm|[upkeep]\n|-heal|p1a: Ferrothorn|94\/100|[from] item: Leftovers\n|-damage|p2a: Ferrothorn|1\/100 brn|[from] brn\n|upkeep\n|turn|11\n|\n|t:|1601422013\n|move|p2a: Ferrothorn|Spikes|p1a: Ferrothorn\n|-sidestart|p1: arce9|Spikes\n|move|p1a: Ferrothorn|Stealth Rock|p2a: Ferrothorn\n|-sidestart|p2: Trogba Trogba|move: Stealth Rock\n|\n|-weather|Sandstorm|[upkeep]\n|-heal|p1a: Ferrothorn|100\/100|[from] item: Leftovers\n|-damage|p2a: Ferrothorn|0 fnt|[from] brn\n|faint|p2a: Ferrothorn\n|upkeep\n|\n|t:|1601422024\n|switch|p2a: Tyranitar|Tyranitar, M|66\/100\n|-damage|p2a: Tyranitar|54\/100|[from] Stealth Rock\n|turn|12\n|\n|t:|1601422029\n|move|p2a: Tyranitar|Fire Blast|p1a: Ferrothorn\n|-supereffective|p1a: Ferrothorn\n|-damage|p1a: Ferrothorn|19\/100\n|move|p1a: Ferrothorn|Gyro Ball|p2a: Tyranitar\n|-supereffective|p2a: Tyranitar\n|-damage|p2a: Tyranitar|0 fnt\n|faint|p2a: Tyranitar\n|\n|-weather|Sandstorm|[upkeep]\n|-heal|p1a: Ferrothorn|25\/100|[from] item: Leftovers\n|upkeep\n|\n|t:|1601422038\n|switch|p2a: Excadrill|Excadrill, M|100\/100\n|-damage|p2a: Excadrill|97\/100|[from] Stealth Rock\n|turn|13\n|j| rango 0_0 Tmm2\n|\n|t:|1601422043\n|switch|p1a: Tentacruel|Tentacruel, F|9\/100\n|-damage|p1a: Tentacruel|0 fnt|[from] Spikes\n|faint|p1a: Tentacruel\n|move|p2a: Excadrill|Earthquake|p1: Tentacruel|[notarget]\n|-fail|p2a: Excadrill\n|\n|-weather|Sandstorm|[upkeep]\n|upkeep\n|j|@Micoy21\n|j| Gussy\n|\n|t:|1601422052\n|switch|p1a: Keldeo|Keldeo|100\/100\n|-damage|p1a: Keldeo|84\/100|[from] Spikes\n|turn|14\n|\n|t:|1601422057\n|move|p1a: Keldeo|Surf|p2a: Excadrill\n|-supereffective|p2a: Excadrill\n|-damage|p2a: Excadrill|0 fnt\n|faint|p2a: Excadrill\n|\n|-weather|Sandstorm|[upkeep]\n|-damage|p1a: Keldeo|78\/100|[from] Sandstorm\n|upkeep\n|l|@Micoy21\n|j| gelboi1\n|j| Nowh \u611b\n|l| Nowh \u611b\n|\n|t:|1601422071\n|switch|p2a: Dragonite|Dragonite, M|100\/100\n|-damage|p2a: Dragonite|76\/100|[from] Stealth Rock\n|turn|15\n|j| fleece it out\n|j| emerald_minato\n|\n|t:|1601422084\n|switch|p1a: Latios|Latios, M|100\/100\n|move|p2a: Dragonite|Extreme Speed|p1a: Latios\n|-damage|p1a: Latios|31\/100\n|\n|-weather|Sandstorm|[upkeep]\n|-damage|p1a: Latios|25\/100|[from] Sandstorm\n|-damage|p2a: Dragonite|70\/100|[from] Sandstorm\n|upkeep\n|turn|16\n|\n|t:|1601422090\n|switch|p1a: Ferrothorn|Ferrothorn, F|25\/100\n|-damage|p1a: Ferrothorn|8\/100|[from] Spikes\n|move|p2a: Dragonite|Extreme Speed|p1a: Ferrothorn\n|-resisted|p1a: Ferrothorn\n|-damage|p1a: Ferrothorn|0 fnt\n|-damage|p2a: Dragonite|58\/100|[from] ability: Iron Barbs|[of] p1a: Ferrothorn\n|faint|p1a: Ferrothorn\n|\n|-weather|Sandstorm|[upkeep]\n|-damage|p2a: Dragonite|52\/100|[from] Sandstorm\n|upkeep\n|\n|t:|1601422093\n|switch|p1a: Politoed|Politoed, M|100\/100\n|-damage|p1a: Politoed|84\/100|[from] Spikes\n|-weather|RainDance|[from] ability: Drizzle|[of] p1a: Politoed\n|turn|17\n|j| Saint Surfy\n|\n|t:|1601422099\n|switch|p2a: Keldeo|Keldeo-Resolute|100\/100\n|-damage|p2a: Keldeo|94\/100|[from] Stealth Rock\n|move|p1a: Politoed|Scald|p2a: Keldeo\n|-resisted|p2a: Keldeo\n|-damage|p2a: Keldeo|72\/100\n|\n|-weather|RainDance|[upkeep]\n|-heal|p1a: Politoed|90\/100|[from] item: Leftovers\n|upkeep\n|turn|18\n|\n|t:|1601422104\n|move|p1a: Politoed|Protect|p1a: Politoed\n|-singleturn|p1a: Politoed|Protect\n|move|p2a: Keldeo|Secret Sword|p1a: Politoed\n|-activate|p1a: Politoed|move: Protect\n|\n|-weather|RainDance|[upkeep]\n|-heal|p1a: Politoed|96\/100|[from] item: Leftovers\n|upkeep\n|turn|19\n|\n|t:|1601422110\n|switch|p1a: Thundurus|Thundurus-Therian, M|100\/100\n|move|p2a: Keldeo|Hydro Pump|p1a: Thundurus\n|-damage|p1a: Thundurus|0 fnt\n|faint|p1a: Thundurus\n|\n|-weather|RainDance|[upkeep]\n|upkeep\n|\n|t:|1601422114\n|switch|p1a: Latios|Latios, M|25\/100\n|turn|20\n|\n|t:|1601422121\n|switch|p2a: Gliscor|Gliscor, M|100\/100\n|-damage|p2a: Gliscor|88\/100|[from] Stealth Rock\n|move|p1a: Latios|Dragon Pulse|p2a: Gliscor\n|-damage|p2a: Gliscor|9\/100\n|\n|-weather|RainDance|[upkeep]\n|-status|p2a: Gliscor|tox|[from] item: Toxic Orb\n|upkeep\n|turn|21\n|\n|t:|1601422125\n|move|p1a: Latios|Dragon Pulse|p2a: Gliscor\n|-damage|p2a: Gliscor|0 fnt\n|faint|p2a: Gliscor\n|\n|-weather|RainDance|[upkeep]\n|upkeep\n|\n|t:|1601422127\n|switch|p2a: Dragonite|Dragonite, M|52\/100\n|-damage|p2a: Dragonite|27\/100|[from] Stealth Rock\n|turn|22\n|\n|t:|1601422139\n|move|p2a: Dragonite|Extreme Speed|p1a: Latios\n|-damage|p1a: Latios|0 fnt\n|faint|p1a: Latios\n|\n|-weather|RainDance|[upkeep]\n|upkeep\n|\n|t:|1601422142\n|switch|p1a: Politoed|Politoed, M|96\/100\n|-damage|p1a: Politoed|80\/100|[from] Spikes\n|turn|23\n|j| Radoovak\n|j|@Micoy21\n|j| ImJustACheese\n|\n|t:|1601422179\n|move|p2a: Dragonite|Extreme Speed|p1a: Politoed\n|-damage|p1a: Politoed|40\/100\n|move|p1a: Politoed|Toxic|p2a: Dragonite\n|-status|p2a: Dragonite|tox\n|\n|-weather|RainDance|[upkeep]\n|-heal|p1a: Politoed|46\/100|[from] item: Leftovers\n|-damage|p2a: Dragonite|21\/100 tox|[from] psn\n|upkeep\n|turn|24\n|\n|t:|1601422185\n|move|p1a: Politoed|Protect|p1a: Politoed\n|-singleturn|p1a: Politoed|Protect\n|move|p2a: Dragonite|Extreme Speed|p1a: Politoed\n|-activate|p1a: Politoed|move: Protect\n|\n|-weather|RainDance|[upkeep]\n|-heal|p1a: Politoed|52\/100|[from] item: Leftovers\n|-damage|p2a: Dragonite|9\/100 tox|[from] psn\n|upkeep\n|turn|25\n|\n|t:|1601422191\n|move|p1a: Politoed|Protect|p1a: Politoed\n|-singleturn|p1a: Politoed|Protect\n|move|p2a: Dragonite|Extreme Speed|p1a: Politoed\n|-activate|p1a: Politoed|move: Protect\n|\n|-weather|RainDance|[upkeep]\n|-heal|p1a: Politoed|58\/100|[from] item: Leftovers\n|-damage|p2a: Dragonite|0 fnt|[from] psn\n|faint|p2a: Dragonite\n|upkeep\n|\n|t:|1601422192\n|switch|p2a: Keldeo|Keldeo-Resolute|72\/100\n|-damage|p2a: Keldeo|66\/100|[from] Stealth Rock\n|turn|26\n|\n|t:|1601422196\n|move|p2a: Keldeo|Secret Sword|p1a: Politoed\n|-damage|p1a: Politoed|19\/100\n|move|p1a: Politoed|Scald|p2a: Keldeo\n|-resisted|p2a: Keldeo\n|-damage|p2a: Keldeo|45\/100\n|\n|-weather|RainDance|[upkeep]\n|-heal|p1a: Politoed|25\/100|[from] item: Leftovers\n|upkeep\n|turn|27\n|\n|t:|1601422201\n|move|p2a: Keldeo|Secret Sword|p1a: Politoed\n|-damage|p1a: Politoed|0 fnt\n|faint|p1a: Politoed\n|\n|-weather|RainDance|[upkeep]\n|upkeep\n|\n|t:|1601422203\n|switch|p1a: Keldeo|Keldeo|78\/100\n|-damage|p1a: Keldeo|61\/100|[from] Spikes\n|turn|28\n|\n|t:|1601422206\n|move|p1a: Keldeo|Secret Sword|p2a: Keldeo\n|-crit|p2a: Keldeo\n|-damage|p2a: Keldeo|0 fnt\n|faint|p2a: Keldeo\n|\n|win|arce9\n","uploadtime":1601422207,"views":5,"p1id":"arce9","p2id":"trogbatrogba","formatid":"gen5ou","rating":0,"private":0,"password":null}