{"id":"gen5ou-1604655514","p1":"SammyCe123","p2":"Highv0ltag3","format":"gen5ou","log":"|j|\u2606SammyCe123\n|j|\u2606Highv0ltag3\n|t:|1656260592\n|gametype|singles\n|player|p1|SammyCe123|elio|1406\n|player|p2|Highv0ltag3|volo|1450\n|teamsize|p1|6\n|teamsize|p2|6\n|gen|5\n|tier|[Gen 5] OU\n|rated|\n|rule|Species Clause: Limit one of each Pok\u00e9mon\n|rule|OHKO Clause: OHKO moves are banned\n|rule|Moody Clause: Moody is banned\n|rule|Evasion Moves Clause: Evasion moves are banned\n|rule|Endless Battle Clause: Forcing endless battles is banned\n|rule|HP Percentage Mod: HP is shown in percentages\n|rule|Evasion Abilities Clause: Evasion abilities are banned\n|rule|Sleep Clause: Sleep-inducing moves are banned\n|rule|Swagger Clause: Swagger is banned\n|clearpoke\n|poke|p1|Jellicent, F|item\n|poke|p1|Ferrothorn, F|item\n|poke|p1|Gliscor, M|item\n|poke|p1|Tyranitar, F|item\n|poke|p1|Latios, M|item\n|poke|p1|Alakazam, F|item\n|poke|p2|Landorus-Therian, M|item\n|poke|p2|Tyranitar, M|item\n|poke|p2|Skarmory, F|item\n|poke|p2|Hydreigon, M|item\n|poke|p2|Reuniclus, M|item\n|poke|p2|Jellicent, M|item\n|teampreview\n|inactive|Battle timer is ON: inactive players will automatically lose when time's up. (requested by Highv0ltag3)\n|inactive|SammyCe123 has 120 seconds left.\n|\n|t:|1656260677\n|start\n|switch|p1a: Ferrothorn|Ferrothorn, F|100\/100\n|switch|p2a: Skarmory|Skarmory, F|100\/100\n|turn|1\n|\n|t:|1656260680\n|move|p2a: Skarmory|Stealth Rock|p1a: Ferrothorn\n|-sidestart|p1: SammyCe123|move: Stealth Rock\n|move|p1a: Ferrothorn|Spikes|p2a: Skarmory\n|-sidestart|p2: Highv0ltag3|Spikes\n|\n|upkeep\n|turn|2\n|\n|t:|1656260684\n|move|p2a: Skarmory|Spikes|p1a: Ferrothorn\n|-sidestart|p1: SammyCe123|Spikes\n|move|p1a: Ferrothorn|Spikes|p2a: Skarmory\n|-sidestart|p2: Highv0ltag3|Spikes\n|\n|upkeep\n|turn|3\n|\n|t:|1656260686\n|move|p2a: Skarmory|Spikes|p1a: Ferrothorn\n|-sidestart|p1: SammyCe123|Spikes\n|move|p1a: Ferrothorn|Spikes|p2a: Skarmory\n|-sidestart|p2: Highv0ltag3|Spikes\n|\n|upkeep\n|turn|4\n|\n|t:|1656260688\n|move|p2a: Skarmory|Spikes|p1a: Ferrothorn\n|-sidestart|p1: SammyCe123|Spikes\n|move|p1a: Ferrothorn|Spikes||[still]\n|-fail|p1a: Ferrothorn\n|\n|upkeep\n|turn|5\n|\n|t:|1656260691\n|switch|p2a: Hydreigon|Hydreigon, M|100\/100\n|move|p1a: Ferrothorn|Leech Seed|p2a: Hydreigon\n|-start|p2a: Hydreigon|move: Leech Seed\n|\n|-damage|p2a: Hydreigon|88\/100|[from] Leech Seed|[of] p1a: Ferrothorn\n|upkeep\n|turn|6\n|\n|t:|1656260694\n|switch|p2a: Skarmory|Skarmory, F|100\/100\n|switch|p1a: Tyranitar|Tyranitar, F|100\/100\n|-damage|p1a: Tyranitar|88\/100|[from] Stealth Rock\n|-damage|p1a: Tyranitar|63\/100|[from] Spikes\n|-weather|Sandstorm|[from] ability: Sand Stream|[of] p1a: Tyranitar\n|\n|-weather|Sandstorm|[upkeep]\n|upkeep\n|turn|7\n|\n|t:|1656260697\n|move|p2a: Skarmory|Roost||[still]\n|-fail|p2a: Skarmory|heal\n|move|p1a: Tyranitar|Stealth Rock|p2a: Skarmory\n|-sidestart|p2: Highv0ltag3|move: Stealth Rock\n|\n|-weather|Sandstorm|[upkeep]\n|upkeep\n|turn|8\n|\n|t:|1656260701\n|switch|p1a: Gliscor|Gliscor, M|100\/100\n|-damage|p1a: Gliscor|88\/100|[from] Stealth Rock\n|move|p2a: Skarmory|Whirlwind|p1a: Gliscor\n|drag|p1a: Ferrothorn|Ferrothorn, F|100\/100\n|-damage|p1a: Ferrothorn|94\/100|[from] Stealth Rock\n|-damage|p1a: Ferrothorn|69\/100|[from] Spikes\n|\n|-weather|Sandstorm|[upkeep]\n|-heal|p1a: Ferrothorn|75\/100|[from] item: Leftovers\n|upkeep\n|turn|9\n|\n|t:|1656260706\n|switch|p2a: Reuniclus|Reuniclus, M|100\/100\n|move|p1a: Ferrothorn|Leech Seed|p2a: Reuniclus\n|-start|p2a: Reuniclus|move: Leech Seed\n|\n|-weather|Sandstorm|[upkeep]\n|-heal|p1a: Ferrothorn|82\/100|[from] item: Leftovers\n|upkeep\n|turn|10\n|\n|t:|1656260712\n|switch|p2a: Skarmory|Skarmory, F|100\/100\n|-damage|p2a: Skarmory|88\/100|[from] Stealth Rock\n|switch|p1a: Jellicent|Jellicent, F|100\/100\n|-damage|p1a: Jellicent|88\/100|[from] Stealth Rock\n|-item|p1a: Jellicent|Air Balloon\n|\n|-weather|Sandstorm|[upkeep]\n|-damage|p1a: Jellicent|82\/100|[from] Sandstorm\n|upkeep\n|turn|11\n|\n|t:|1656260716\n|move|p1a: Jellicent|Taunt|p2a: Skarmory\n|-start|p2a: Skarmory|move: Taunt\n|cant|p2a: Skarmory|move: Taunt|Whirlwind\n|\n|-weather|Sandstorm|[upkeep]\n|-damage|p1a: Jellicent|76\/100|[from] Sandstorm\n|upkeep\n|turn|12\n|\n|t:|1656260718\n|switch|p2a: Hydreigon|Hydreigon, M|88\/100\n|-damage|p2a: Hydreigon|76\/100|[from] Stealth Rock\n|move|p1a: Jellicent|Will-O-Wisp|p2a: Hydreigon\n|-status|p2a: Hydreigon|brn\n|\n|-weather|Sandstorm|[upkeep]\n|-damage|p2a: Hydreigon|70\/100 brn|[from] Sandstorm\n|-damage|p1a: Jellicent|69\/100|[from] Sandstorm\n|-heal|p2a: Hydreigon|76\/100 brn|[from] item: Leftovers\n|-damage|p2a: Hydreigon|64\/100 brn|[from] brn\n|upkeep\n|turn|13\n|\n|t:|1656260727\n|switch|p1a: Ferrothorn|Ferrothorn, F|82\/100\n|-damage|p1a: Ferrothorn|75\/100|[from] Stealth Rock\n|-damage|p1a: Ferrothorn|50\/100|[from] Spikes\n|move|p2a: Hydreigon|Roost|p2a: Hydreigon\n|-heal|p2a: Hydreigon|100\/100 brn\n|-singleturn|p2a: Hydreigon|move: Roost\n|\n|-weather|Sandstorm|[upkeep]\n|-damage|p2a: Hydreigon|94\/100 brn|[from] Sandstorm\n|-heal|p2a: Hydreigon|100\/100 brn|[from] item: Leftovers\n|-heal|p1a: Ferrothorn|57\/100|[from] item: Leftovers\n|-damage|p2a: Hydreigon|88\/100 brn|[from] brn\n|upkeep\n|turn|14\n|\n|t:|1656260731\n|switch|p1a: Gliscor|Gliscor, M|88\/100\n|-damage|p1a: Gliscor|75\/100|[from] Stealth Rock\n|move|p2a: Hydreigon|Fire Blast|p1a: Gliscor\n|-damage|p1a: Gliscor|27\/100\n|\n|-weather|Sandstorm|[upkeep]\n|-damage|p2a: Hydreigon|82\/100 brn|[from] Sandstorm\n|-heal|p2a: Hydreigon|88\/100 brn|[from] item: Leftovers\n|-damage|p2a: Hydreigon|76\/100 brn|[from] brn\n|-status|p1a: Gliscor|tox|[from] item: Toxic Orb\n|upkeep\n|turn|15\n|\n|t:|1656260736\n|move|p1a: Gliscor|Protect|p1a: Gliscor\n|-singleturn|p1a: Gliscor|Protect\n|move|p2a: Hydreigon|Dark Pulse|p1a: Gliscor\n|-activate|p1a: Gliscor|move: Protect\n|\n|-weather|Sandstorm|[upkeep]\n|-damage|p2a: Hydreigon|70\/100 brn|[from] Sandstorm\n|-heal|p2a: Hydreigon|76\/100 brn|[from] item: Leftovers\n|-heal|p1a: Gliscor|40\/100 tox|[from] ability: Poison Heal\n|-damage|p2a: Hydreigon|64\/100 brn|[from] brn\n|upkeep\n|turn|16\n|\n|t:|1656260739\n|switch|p1a: Tyranitar|Tyranitar, F|63\/100\n|-damage|p1a: Tyranitar|51\/100|[from] Stealth Rock\n|-damage|p1a: Tyranitar|26\/100|[from] Spikes\n|move|p2a: Hydreigon|Dark Pulse|p1a: Tyranitar\n|-resisted|p1a: Tyranitar\n|-damage|p1a: Tyranitar|17\/100\n|\n|-weather|Sandstorm|[upkeep]\n|-damage|p2a: Hydreigon|58\/100 brn|[from] Sandstorm\n|-heal|p2a: Hydreigon|64\/100 brn|[from] item: Leftovers\n|-damage|p2a: Hydreigon|51\/100 brn|[from] brn\n|upkeep\n|turn|17\n|\n|t:|1656260746\n|move|p2a: Hydreigon|Draco Meteor|p1a: Tyranitar|[miss]\n|-miss|p2a: Hydreigon|p1a: Tyranitar\n|move|p1a: Tyranitar|Superpower|p2a: Hydreigon\n|-supereffective|p2a: Hydreigon\n|-damage|p2a: Hydreigon|0 fnt\n|-unboost|p1a: Tyranitar|atk|1\n|-unboost|p1a: Tyranitar|def|1\n|faint|p2a: Hydreigon\n|\n|-weather|Sandstorm|[upkeep]\n|upkeep\n|c|\u2606Highv0ltag3|ofc\n|\n|t:|1656260752\n|switch|p2a: Skarmory|Skarmory, F|88\/100\n|-damage|p2a: Skarmory|76\/100|[from] Stealth Rock\n|turn|18\n|\n|t:|1656260754\n|move|p2a: Skarmory|Roost|p2a: Skarmory\n|-heal|p2a: Skarmory|100\/100\n|-singleturn|p2a: Skarmory|move: Roost\n|move|p1a: Tyranitar|Crunch|p2a: Skarmory\n|-resisted|p2a: Skarmory\n|-damage|p2a: Skarmory|93\/100\n|\n|-weather|Sandstorm|[upkeep]\n|upkeep\n|turn|19\n|\n|t:|1656260757\n|move|p1a: Tyranitar|Crunch|p2a: Skarmory\n|-resisted|p2a: Skarmory\n|-damage|p2a: Skarmory|86\/100\n|move|p2a: Skarmory|Whirlwind|p1a: Tyranitar\n|drag|p1a: Ferrothorn|Ferrothorn, F|57\/100\n|-damage|p1a: Ferrothorn|50\/100|[from] Stealth Rock\n|-damage|p1a: Ferrothorn|25\/100|[from] Spikes\n|\n|-weather|Sandstorm|[upkeep]\n|-heal|p1a: Ferrothorn|32\/100|[from] item: Leftovers\n|upkeep\n|turn|20\n|\n|t:|1656260762\n|move|p1a: Ferrothorn|Leech Seed|p2a: Skarmory|[miss]\n|-miss|p1a: Ferrothorn|p2a: Skarmory\n|move|p2a: Skarmory|Whirlwind|p1a: Ferrothorn\n|drag|p1a: Gliscor|Gliscor, M|40\/100 tox\n|-damage|p1a: Gliscor|27\/100 tox|[from] Stealth Rock\n|\n|-weather|Sandstorm|[upkeep]\n|-heal|p1a: Gliscor|40\/100 tox|[from] ability: Poison Heal\n|upkeep\n|turn|21\n|\n|t:|1656260765\n|move|p1a: Gliscor|Protect|p1a: Gliscor\n|-singleturn|p1a: Gliscor|Protect\n|move|p2a: Skarmory|Whirlwind|p1a: Gliscor\n|-activate|p1a: Gliscor|move: Protect\n|\n|-weather|Sandstorm|[upkeep]\n|-heal|p1a: Gliscor|52\/100 tox|[from] ability: Poison Heal\n|upkeep\n|turn|22\n|\n|t:|1656260770\n|move|p1a: Gliscor|Earthquake|p2a: Skarmory\n|-immune|p2a: Skarmory\n|move|p2a: Skarmory|Whirlwind|p1a: Gliscor\n|drag|p1a: Ferrothorn|Ferrothorn, F|32\/100\n|-damage|p1a: Ferrothorn|25\/100|[from] Stealth Rock\n|-damage|p1a: Ferrothorn|0 fnt|[from] Spikes\n|faint|p1a: Ferrothorn\n|\n|-weather|Sandstorm|[upkeep]\n|upkeep\n|\n|t:|1656260774\n|switch|p1a: Jellicent|Jellicent, F|69\/100\n|-damage|p1a: Jellicent|57\/100|[from] Stealth Rock\n|-item|p1a: Jellicent|Air Balloon\n|turn|23\n|\n|t:|1656260778\n|switch|p2a: And make it double|Tyranitar, M|100\/100\n|-damage|p2a: And make it double|76\/100|[from] Spikes\n|-damage|p2a: And make it double|63\/100|[from] Stealth Rock\n|move|p1a: Jellicent|Taunt|p2a: And make it double\n|-start|p2a: And make it double|move: Taunt\n|\n|-weather|Sandstorm|[upkeep]\n|-damage|p1a: Jellicent|51\/100|[from] Sandstorm\n|upkeep\n|turn|24\n|\n|t:|1656260780\n|move|p2a: And make it double|Crunch|p1a: Jellicent\n|-supereffective|p1a: Jellicent\n|-damage|p1a: Jellicent|0 fnt\n|-enditem|p1a: Jellicent|Air Balloon\n|faint|p1a: Jellicent\n|\n|-weather|Sandstorm|[upkeep]\n|upkeep\n|\n|t:|1656260784\n|switch|p1a: Gliscor|Gliscor, M|52\/100 tox\n|-damage|p1a: Gliscor|40\/100 tox|[from] Stealth Rock\n|turn|25\n|\n|t:|1656260788\n|switch|p2a: Prepare 4 trouble|Landorus-Therian, M|100\/100\n|-damage|p2a: Prepare 4 trouble|88\/100|[from] Stealth Rock\n|-ability|p2a: Prepare 4 trouble|Intimidate|boost\n|-unboost|p1a: Gliscor|atk|1\n|move|p1a: Gliscor|Earthquake|p2a: Prepare 4 trouble\n|-immune|p2a: Prepare 4 trouble\n|\n|-weather|Sandstorm|[upkeep]\n|-heal|p1a: Gliscor|52\/100 tox|[from] ability: Poison Heal\n|upkeep\n|turn|26\n|\n|t:|1656260789\n|move|p2a: Prepare 4 trouble|Hidden Power|p1a: Gliscor\n|-supereffective|p1a: Gliscor\n|-damage|p1a: Gliscor|0 fnt\n|faint|p1a: Gliscor\n|\n|-weather|Sandstorm|[upkeep]\n|upkeep\n|\n|t:|1656260797\n|switch|p1a: Alakazam|Alakazam, F|100\/100\n|turn|27\n|\n|t:|1656260803\n|switch|p2a: Skarmory|Skarmory, F|86\/100\n|-damage|p2a: Skarmory|74\/100|[from] Stealth Rock\n|move|p1a: Alakazam|Hidden Power|p2a: Skarmory\n|-damage|p2a: Skarmory|40\/100\n|\n|-weather|Sandstorm|[upkeep]\n|upkeep\n|turn|28\n|\n|t:|1656260807\n|move|p1a: Alakazam|Focus Blast|p2a: Skarmory\n|-damage|p2a: Skarmory|0 fnt\n|faint|p2a: Skarmory\n|\n|-weather|Sandstorm|[upkeep]\n|upkeep\n|\n|t:|1656260809\n|switch|p2a: Prepare 4 trouble|Landorus-Therian, M|88\/100\n|-damage|p2a: Prepare 4 trouble|76\/100|[from] Stealth Rock\n|-ability|p2a: Prepare 4 trouble|Intimidate|boost\n|-unboost|p1a: Alakazam|atk|1\n|turn|29\n|\n|t:|1656260811\n|switch|p1a: Latios|Latios, M|100\/100\n|-damage|p1a: Latios|88\/100|[from] Stealth Rock\n|move|p2a: Prepare 4 trouble|U-turn|p1a: Latios\n|-supereffective|p1a: Latios\n|-damage|p1a: Latios|10\/100\n|\n|t:|1656260815\n|switch|p2a: And make it double|Tyranitar, M|63\/100|[from]move: U-turn\n|-damage|p2a: And make it double|39\/100|[from] Spikes\n|-damage|p2a: And make it double|26\/100|[from] Stealth Rock\n|\n|-weather|Sandstorm|[upkeep]\n|-damage|p1a: Latios|4\/100|[from] Sandstorm\n|upkeep\n|turn|30\n|\n|t:|1656260820\n|move|p2a: And make it double|Pursuit|p1a: Latios\n|-supereffective|p1a: Latios\n|-damage|p1a: Latios|0 fnt\n|faint|p1a: Latios\n|\n|-weather|Sandstorm|[upkeep]\n|upkeep\n|c|\u2606Highv0ltag3|gg\n|\n|t:|1656260826\n|switch|p1a: Alakazam|Alakazam, F|100\/100\n|turn|31\n|\n|t:|1656260828\n|move|p1a: Alakazam|Focus Blast|p2a: And make it double\n|-supereffective|p2a: And make it double\n|-damage|p2a: And make it double|0 fnt\n|faint|p2a: And make it double\n|\n|-weather|Sandstorm|[upkeep]\n|upkeep\n|-message|SammyCe123 forfeited.\n|\n|win|Highv0ltag3\n|raw|SammyCe123's rating: 1406 &rarr; <strong>1389<\/strong><br \/>(-17 for losing)\n|raw|Highv0ltag3's rating: 1450 &rarr; <strong>1467<\/strong><br \/>(+17 for winning)\n|l|\u2606SammyCe123\n||Ladder isn't responding, score probably updated but might not have (Request timeout).\n","uploadtime":1656260860,"views":32,"p1id":"sammyce123","p2id":"highv0ltag3","formatid":"gen5ou","rating":1389,"private":0,"password":null}