{"id":"gen5ou-1453813865","p1":"voltypichu","p2":"i know im horrible","format":"gen5ou","log":"|j|\u2606voltypichu\n|j|\u2606i know im horrible\n|t:|1636888804\n|gametype|singles\n|player|p1|voltypichu|265|\n|player|p2|i know im horrible|1|\n|teamsize|p1|6\n|teamsize|p2|6\n|gen|5\n|tier|[Gen 5] OU\n|rated|Tournament battle\n|rule|Species Clause: Limit one of each Pok\u00e9mon\n|rule|OHKO Clause: OHKO moves are banned\n|rule|Moody Clause: Moody is banned\n|rule|Evasion Moves Clause: Evasion moves are banned\n|rule|Endless Battle Clause: Forcing endless battles is banned\n|rule|HP Percentage Mod: HP is shown in percentages\n|rule|Evasion Abilities Clause: Evasion abilities are banned\n|rule|Baton Pass Clause: Limit one Baton Passer, can't pass Spe and other stats simultaneously\n|rule|Sleep Clause: Sleep-inducing moves are banned\n|rule|Swagger Clause: Swagger is banned\n|clearpoke\n|poke|p1|Tyranitar, F|item\n|poke|p1|Skarmory, F|item\n|poke|p1|Gastrodon, M|item\n|poke|p1|Reuniclus, F|item\n|poke|p1|Alakazam, M|item\n|poke|p1|Gliscor, M|item\n|poke|p2|Azumarill, F|item\n|poke|p2|Alakazam, M|item\n|poke|p2|Excadrill, M|item\n|poke|p2|Tyranitar, M|item\n|poke|p2|Ferrothorn, F|item\n|poke|p2|Jellicent, M|item\n|teampreview\n|j| BB-8-NU\n|c|\u2606i know im horrible|gl hf\n|c|\u2606voltypichu|you to\n|\n|t:|1636888818\n|start\n|switch|p1a: Tyranitar|Tyranitar, F|100\/100\n|switch|p2a: Azumarill|Azumarill, F|100\/100\n|-weather|Sandstorm|[from] ability: Sand Stream|[of] p1a: Tyranitar\n|turn|1\n|\n|t:|1636888822\n|switch|p1a: Gastrodon|Gastrodon, M|100\/100\n|move|p2a: Azumarill|Whirlpool|p1a: Gastrodon\n|-ability|p1a: Gastrodon|Storm Drain|boost\n|-boost|p1a: Gastrodon|spa|1\n|\n|-weather|Sandstorm|[upkeep]\n|-damage|p2a: Azumarill|94\/100|[from] Sandstorm\n|-heal|p2a: Azumarill|100\/100|[from] item: Leftovers\n|upkeep\n|turn|2\n|\n|t:|1636888827\n|move|p2a: Azumarill|Perish Song|p2a: Azumarill\n|-start|p1a: Gastrodon|perish3|[silent]\n|-start|p2a: Azumarill|perish3|[silent]\n|-fieldactivate|move: Perish Song\n|move|p1a: Gastrodon|Toxic|p2a: Azumarill\n|-status|p2a: Azumarill|tox\n|\n|-weather|Sandstorm|[upkeep]\n|-damage|p2a: Azumarill|94\/100 tox|[from] Sandstorm\n|-heal|p2a: Azumarill|100\/100 tox|[from] item: Leftovers\n|-damage|p2a: Azumarill|94\/100 tox|[from] psn\n|-start|p2a: Azumarill|perish3\n|-start|p1a: Gastrodon|perish3\n|upkeep\n|turn|3\n|\n|t:|1636888833\n|move|p2a: Azumarill|Whirlpool|p1a: Gastrodon\n|-ability|p1a: Gastrodon|Storm Drain|boost\n|-boost|p1a: Gastrodon|spa|1\n|move|p1a: Gastrodon|Scald|p2a: Azumarill\n|-resisted|p2a: Azumarill\n|-damage|p2a: Azumarill|67\/100 tox\n|\n|-weather|Sandstorm|[upkeep]\n|-damage|p2a: Azumarill|61\/100 tox|[from] Sandstorm\n|-heal|p2a: Azumarill|67\/100 tox|[from] item: Leftovers\n|-damage|p2a: Azumarill|55\/100 tox|[from] psn\n|-start|p2a: Azumarill|perish2\n|-start|p1a: Gastrodon|perish2\n|upkeep\n|turn|4\n|\n|t:|1636888837\n|move|p2a: Azumarill|Rest|p2a: Azumarill\n|-status|p2a: Azumarill|slp|[from] move: Rest\n|-heal|p2a: Azumarill|100\/100 slp|[silent]\n|move|p1a: Gastrodon|Scald|p2a: Azumarill\n|-resisted|p2a: Azumarill\n|-damage|p2a: Azumarill|74\/100 slp\n|\n|-weather|Sandstorm|[upkeep]\n|-damage|p2a: Azumarill|68\/100 slp|[from] Sandstorm\n|-heal|p2a: Azumarill|74\/100 slp|[from] item: Leftovers\n|-start|p2a: Azumarill|perish1\n|-start|p1a: Gastrodon|perish1\n|upkeep\n|turn|5\n|\n|t:|1636888845\n|switch|p2a: Ferrothorn|Ferrothorn, F|100\/100\n|switch|p1a: Reuniclus|Reuniclus, F|100\/100\n|\n|-weather|Sandstorm|[upkeep]\n|upkeep\n|turn|6\n|j| gyptv\n|\n|t:|1636888851\n|move|p1a: Reuniclus|Focus Blast|p2a: Ferrothorn|[miss]\n|-miss|p1a: Reuniclus|p2a: Ferrothorn\n|move|p2a: Ferrothorn|Knock Off|p1a: Reuniclus\n|-supereffective|p1a: Reuniclus\n|-damage|p1a: Reuniclus|94\/100\n|-enditem|p1a: Reuniclus|Leftovers|[from] move: Knock Off|[of] p2a: Ferrothorn\n|\n|-weather|Sandstorm|[upkeep]\n|upkeep\n|turn|7\n|\n|t:|1636888856\n|switch|p1a: Skarmory|Skarmory, F|100\/100\n|move|p2a: Ferrothorn|Spikes|p1a: Skarmory\n|-sidestart|p1: voltypichu|Spikes\n|\n|-weather|Sandstorm|[upkeep]\n|upkeep\n|turn|8\n|\n|t:|1636888859\n|move|p1a: Skarmory|Spikes|p2a: Ferrothorn\n|-sidestart|p2: i know im horrible|Spikes\n|move|p2a: Ferrothorn|Stealth Rock|p1a: Skarmory\n|-sidestart|p1: voltypichu|move: Stealth Rock\n|\n|-weather|Sandstorm|[upkeep]\n|upkeep\n|turn|9\n|\n|t:|1636888865\n|move|p2a: Ferrothorn|Spikes|p1a: Skarmory\n|-sidestart|p1: voltypichu|Spikes\n|move|p1a: Skarmory|Whirlwind|p2a: Ferrothorn\n|drag|p2a: Tyranitar|Tyranitar, M|100\/100\n|-damage|p2a: Tyranitar|88\/100|[from] Spikes\n|\n|-weather|Sandstorm|[upkeep]\n|upkeep\n|turn|10\n|\n|t:|1636888869\n|move|p1a: Skarmory|Spikes|p2a: Tyranitar\n|-sidestart|p2: i know im horrible|Spikes\n|move|p2a: Tyranitar|Fire Blast|p1a: Skarmory|[miss]\n|-miss|p2a: Tyranitar|p1a: Skarmory\n|\n|-weather|Sandstorm|[upkeep]\n|upkeep\n|turn|11\n|\n|t:|1636888874\n|switch|p1a: Gastrodon|Gastrodon, M|100\/100\n|-damage|p1a: Gastrodon|84\/100|[from] Spikes\n|-damage|p1a: Gastrodon|78\/100|[from] Stealth Rock\n|move|p2a: Tyranitar|Ice Beam|p1a: Gastrodon\n|-damage|p1a: Gastrodon|58\/100\n|\n|-weather|Sandstorm|[upkeep]\n|-heal|p1a: Gastrodon|64\/100|[from] item: Leftovers\n|upkeep\n|turn|12\n|\n|t:|1636888880\n|switch|p2a: Jellicent|Jellicent, M|100\/100\n|-damage|p2a: Jellicent|84\/100|[from] Spikes\n|move|p1a: Gastrodon|Recover|p1a: Gastrodon\n|-heal|p1a: Gastrodon|100\/100\n|\n|-weather|Sandstorm|[upkeep]\n|-damage|p2a: Jellicent|78\/100|[from] Sandstorm\n|-heal|p2a: Jellicent|84\/100|[from] item: Leftovers\n|upkeep\n|turn|13\n|\n|t:|1636888886\n|move|p2a: Jellicent|Will-O-Wisp|p1a: Gastrodon\n|-status|p1a: Gastrodon|brn\n|move|p1a: Gastrodon|Toxic|p2a: Jellicent\n|-status|p2a: Jellicent|tox\n|\n|-weather|Sandstorm|[upkeep]\n|-damage|p2a: Jellicent|78\/100 tox|[from] Sandstorm\n|-heal|p2a: Jellicent|84\/100 tox|[from] item: Leftovers\n|-damage|p2a: Jellicent|78\/100 tox|[from] psn\n|-damage|p1a: Gastrodon|88\/100 brn|[from] brn\n|upkeep\n|turn|14\n|\n|t:|1636888891\n|switch|p2a: Ferrothorn|Ferrothorn, F|100\/100\n|-damage|p2a: Ferrothorn|84\/100|[from] Spikes\n|switch|p1a: Gliscor|Gliscor, M|100\/100\n|-damage|p1a: Gliscor|88\/100|[from] Stealth Rock\n|\n|-weather|Sandstorm|[upkeep]\n|-heal|p2a: Ferrothorn|90\/100|[from] item: Leftovers\n|-status|p1a: Gliscor|tox|[from] item: Toxic Orb\n|upkeep\n|turn|15\n|\n|t:|1636888897\n|move|p1a: Gliscor|Stealth Rock|p2a: Ferrothorn\n|-sidestart|p2: i know im horrible|move: Stealth Rock\n|move|p2a: Ferrothorn|Spikes|p1a: Gliscor\n|-sidestart|p1: voltypichu|Spikes\n|\n|-weather|Sandstorm|[upkeep]\n|-heal|p2a: Ferrothorn|97\/100|[from] item: Leftovers\n|-heal|p1a: Gliscor|100\/100 tox|[from] ability: Poison Heal\n|upkeep\n|turn|16\n|\n|t:|1636888901\n|switch|p2a: Azumarill|Azumarill, F|74\/100 slp\n|-damage|p2a: Azumarill|57\/100 slp|[from] Spikes\n|-damage|p2a: Azumarill|45\/100 slp|[from] Stealth Rock\n|move|p1a: Gliscor|Knock Off|p2a: Azumarill\n|-damage|p2a: Azumarill|41\/100 slp\n|-enditem|p2a: Azumarill|Leftovers|[from] move: Knock Off|[of] p1a: Gliscor\n|\n|-weather|Sandstorm|[upkeep]\n|-damage|p2a: Azumarill|35\/100 slp|[from] Sandstorm\n|upkeep\n|turn|17\n|\n|t:|1636888905\n|move|p1a: Gliscor|Earthquake|p2a: Azumarill\n|-damage|p2a: Azumarill|13\/100 slp\n|cant|p2a: Azumarill|slp\n|\n|-weather|Sandstorm|[upkeep]\n|-damage|p2a: Azumarill|7\/100 slp|[from] Sandstorm\n|upkeep\n|turn|18\n|\n|t:|1636888909\n|move|p1a: Gliscor|Earthquake|p2a: Azumarill\n|-damage|p2a: Azumarill|0 fnt\n|faint|p2a: Azumarill\n|\n|-weather|Sandstorm|[upkeep]\n|upkeep\n|\n|t:|1636888911\n|switch|p2a: Alakazam|Alakazam, M|100\/100\n|turn|19\n|\n|t:|1636888913\n|move|p1a: Gliscor|Protect|p1a: Gliscor\n|-singleturn|p1a: Gliscor|Protect\n|move|p2a: Alakazam|Hidden Power|p1a: Gliscor\n|-activate|p1a: Gliscor|move: Protect\n|\n|-weather|Sandstorm|[upkeep]\n|upkeep\n|turn|20\n|\n|t:|1636888918\n|move|p2a: Alakazam|Focus Blast|p1a: Gliscor\n|-resisted|p1a: Gliscor\n|-damage|p1a: Gliscor|82\/100 tox\n|move|p1a: Gliscor|Earthquake|p2a: Alakazam\n|-crit|p2a: Alakazam\n|-enditem|p2a: Alakazam|Focus Sash\n|-damage|p2a: Alakazam|1\/100\n|\n|-weather|Sandstorm|[upkeep]\n|-heal|p1a: Gliscor|95\/100 tox|[from] ability: Poison Heal\n|upkeep\n|turn|21\n|\n|t:|1636888923\n|switch|p1a: Reuniclus|Reuniclus, F|94\/100\n|move|p2a: Alakazam|Hidden Power|p1a: Reuniclus\n|-damage|p1a: Reuniclus|70\/100\n|\n|-weather|Sandstorm|[upkeep]\n|upkeep\n|turn|22\n|c|\u2606i know im horrible|gg\n|j| TimelessIDMZoomer\n|j| Goldenr0d\n|\n|t:|1636888931\n|move|p2a: Alakazam|Signal Beam|p1a: Reuniclus\n|-supereffective|p1a: Reuniclus\n|-damage|p1a: Reuniclus|17\/100\n|move|p1a: Reuniclus|Psyshock|p2a: Alakazam\n|-resisted|p2a: Alakazam\n|-damage|p2a: Alakazam|0 fnt\n|faint|p2a: Alakazam\n|\n|-weather|Sandstorm|[upkeep]\n|upkeep\n|\n|t:|1636888934\n|switch|p2a: Excadrill|Excadrill, M|100\/100\n|-damage|p2a: Excadrill|98\/100|[from] Stealth Rock\n|-damage|p2a: Excadrill|81\/100|[from] Spikes\n|turn|23\n|\n|t:|1636888937\n|move|p2a: Excadrill|Rapid Spin|p1a: Reuniclus\n|-damage|p1a: Reuniclus|13\/100\n|-sideend|p2: i know im horrible|Spikes|[from] move: Rapid Spin|[of] p2a: Excadrill\n|-sideend|p2: i know im horrible|Stealth Rock|[from] move: Rapid Spin|[of] p2a: Excadrill\n|move|p1a: Reuniclus|Focus Blast|p2a: Excadrill|[miss]\n|-miss|p1a: Reuniclus|p2a: Excadrill\n|\n|-weather|Sandstorm|[upkeep]\n|-heal|p2a: Excadrill|87\/100|[from] item: Leftovers\n|upkeep\n|turn|24\n|l| gyptv\n|c|\u2606i know im horrible|im so lucky and im still getting fucked\n|c|\u2606i know im horrible|gg\n|-message|i know im horrible forfeited.\n|\n|win|voltypichu\n|n|\u2606voltypichu|voltypichu\n|n|\u2606i know im horrible|iknowimhorrible\n|n| BB-8-NU|bb8nu\n|n| TimelessIDMZoomer|timelessidmzoomer\n|n| Goldenr0d|goldenr0d\n|l| BB-8-NU\n|c|\u2606voltypichu|gg\n|l| TimelessIDMZoomer\n|l|\u2606voltypichu\n|l|\u2606i know im horrible\n|j| TimelessIDMZoomer\n|l| TimelessIDMZoomer\n|l| Goldenr0d\n|j| Vextal\n","uploadtime":1636888956,"views":31,"p1id":"voltypichu","p2id":"iknowimhorrible","formatid":"gen5ou","rating":0,"private":0,"password":null}