{"id":"gen5ubers-1697140493","p1":"Raph369","p2":"Steel S Kitty!","format":"gen5ubers","log":"|j|\u2606Raph369\n|j|\u2606Steel S Kitty!\n|t:|1666970575\n|gametype|singles\n|player|p1|Raph369|blaine|\n|player|p2|Steel S Kitty!|furisodegirl-blue|\n|teamsize|p1|6\n|teamsize|p2|6\n|gen|5\n|tier|[Gen 5] Ubers\n|rule|Species Clause: Limit one of each Pok\u00e9mon\n|rule|OHKO Clause: OHKO moves are banned\n|rule|Moody Clause: Moody is banned\n|rule|Evasion Items Clause: Evasion items are banned\n|rule|Evasion Moves Clause: Evasion moves are banned\n|rule|Endless Battle Clause: Forcing endless battles is banned\n|rule|HP Percentage Mod: HP is shown in percentages\n|rule|Sleep Clause Mod: Limit one foe put to sleep\n|clearpoke\n|poke|p1|Kyogre|item\n|poke|p1|Tentacruel, M|item\n|poke|p1|Ferrothorn, F|item\n|poke|p1|Gliscor, M|item\n|poke|p1|Genesect|item\n|poke|p1|Arceus-*|item\n|poke|p2|Kyogre|item\n|poke|p2|Dialga|item\n|poke|p2|Arceus-*|item\n|poke|p2|Forretress, F|item\n|poke|p2|Rayquaza|item\n|poke|p2|Deoxys-Attack|item\n|teampreview\n|c|\u2606Raph369|hf\n|c|\u2606Steel S Kitty!|GL HF\n|inactive|Battle timer is ON: inactive players will automatically lose when time's up. (requested by Steel S Kitty!)\n|\n|t:|1666970612\n|start\n|switch|p1a: Gliscor|Gliscor, M|100\/100\n|switch|p2a: Deoxys|Deoxys-Attack|100\/100\n|-ability|p2a: Deoxys|Pressure\n|turn|1\n|c|\u2606Raph369|danger\n|c|\u2606Steel S Kitty!|danger.\n|\n|t:|1666970627\n|switch|p1a: Ferrothorn|Ferrothorn, F|100\/100\n|move|p2a: Deoxys|Psycho Boost|p1a: Ferrothorn\n|-resisted|p1a: Ferrothorn\n|-damage|p1a: Ferrothorn|63\/100\n|-unboost|p2a: Deoxys|spa|2\n|-damage|p2a: Deoxys|91\/100|[from] item: Life Orb\n|\n|-heal|p1a: Ferrothorn|70\/100|[from] item: Leftovers\n|upkeep\n|turn|2\n|\n|t:|1666970636\n|switch|p2a: Forretress|Forretress, F|100\/100\n|switch|p1a: Kyogre|Kyogre|100\/100\n|-weather|RainDance|[from] ability: Drizzle|[of] p1a: Kyogre\n|\n|-weather|RainDance|[upkeep]\n|upkeep\n|turn|3\n|\n|t:|1666970640\n|move|p1a: Kyogre|Scald|p2a: Forretress\n|-ability|p2a: Forretress|Sturdy\n|-damage|p2a: Forretress|1\/100\n|move|p2a: Forretress|Stealth Rock|p1a: Kyogre\n|-sidestart|p1: Raph369|move: Stealth Rock\n|\n|-weather|RainDance|[upkeep]\n|upkeep\n|turn|4\n|-enditem|p2a: Forretress|Custap Berry|[eat]\n|-activate|p2a: Forretress|item: Custap Berry|[consumed]\n|\n|t:|1666970645\n|switch|p1a: Tentacruel|Tentacruel, M|100\/100\n|-damage|p1a: Tentacruel|88\/100|[from] Stealth Rock\n|move|p2a: Forretress|Toxic Spikes|p1a: Tentacruel\n|-sidestart|p1: Raph369|move: Toxic Spikes\n|\n|-weather|RainDance|[upkeep]\n|-heal|p1a: Tentacruel|94\/100|[from] ability: Rain Dish\n|-heal|p1a: Tentacruel|99\/100|[from] item: Black Sludge\n|upkeep\n|turn|5\n|\n|t:|1666970648\n|switch|p2a: Arceus|Arceus-Ghost|100\/100\n|move|p1a: Tentacruel|Toxic|p2a: Arceus\n|-status|p2a: Arceus|tox\n|\n|-weather|RainDance|[upkeep]\n|-heal|p1a: Tentacruel|100\/100|[from] ability: Rain Dish\n|-damage|p2a: Arceus|94\/100 tox|[from] psn\n|upkeep\n|turn|6\n|\n|t:|1666970656\n|switch|p2a: Deoxys|Deoxys-Attack|91\/100\n|-ability|p2a: Deoxys|Pressure\n|move|p1a: Tentacruel|Rapid Spin|p2a: Deoxys\n|-damage|p2a: Deoxys|80\/100\n|-sideend|p1: Raph369|Toxic Spikes|[from] move: Rapid Spin|[of] p1a: Tentacruel\n|-sideend|p1: Raph369|Stealth Rock|[from] move: Rapid Spin|[of] p1a: Tentacruel\n|\n|-weather|RainDance|[upkeep]\n|upkeep\n|turn|7\n|c|\u2606Steel S Kitty!|well\n|c|\u2606Steel S Kitty!|was fun\n|-message|Steel S Kitty! forfeited.\n|\n|win|Raph369\n|c|\u2606Raph369|lol\n|c|\u2606Steel S Kitty!|GG\n|l|\u2606Steel S Kitty!\n|c|\u2606Raph369|gg\n|j| Inder\n|l|\u2606Raph369\n|l| Inder\n|j| Inder\n","uploadtime":1666971162,"views":86,"p1id":"raph369","p2id":"steelskitty","formatid":"gen5ubers","rating":0,"private":0,"password":null}