{"id":"gen5ou-1613232132","p1":"SKIP THE DRIP","p2":"Darkortex","format":"gen5ou","log":"|j|\u2606SKIP THE DRIP\n|j|\u2606Darkortex\n|inactive|Battle timer is ON: inactive players will automatically lose when time's up.\n|t:|1657316760\n|gametype|singles\n|player|p1|SKIP THE DRIP|morty|\n|player|p2|Darkortex|hilbert|\n|teamsize|p1|6\n|teamsize|p2|6\n|gen|5\n|tier|[Gen 5] OU\n|rated|Tournament battle\n|rule|Species Clause: Limit one of each Pok\u00e9mon\n|rule|OHKO Clause: OHKO moves are banned\n|rule|Moody Clause: Moody is banned\n|rule|Evasion Moves Clause: Evasion moves are banned\n|rule|Endless Battle Clause: Forcing endless battles is banned\n|rule|HP Percentage Mod: HP is shown in percentages\n|rule|Evasion Abilities Clause: Evasion abilities are banned\n|rule|Sleep Clause: Sleep-inducing moves are banned\n|rule|Swagger Clause: Swagger is banned\n|clearpoke\n|poke|p1|Jellicent, F|item\n|poke|p1|Latios, M|item\n|poke|p1|Tentacruel, F|item\n|poke|p1|Politoed, F|item\n|poke|p1|Dragonite, F|item\n|poke|p1|Ferrothorn, F|item\n|poke|p2|Garchomp, F|item\n|poke|p2|Dragonite, M|item\n|poke|p2|Magnezone|item\n|poke|p2|Latios, M|item\n|poke|p2|Scizor, M|item\n|poke|p2|Starmie|item\n|teampreview\n|inactive|Darkortex also wants the timer to be on.\n|j| ChiefGreenLeaf64\n|j| amstan\n|j| fgtfgtrdcgh\n|c|\u2606Darkortex|Our long awaited meeting has come at last\n|j| Masati\n|c|\u2606Darkortex|glhf\n|\n|t:|1657316780\n|start\n|switch|p1a: Politoed|Politoed, F|100\/100\n|switch|p2a: Starmie|Starmie|100\/100\n|-weather|RainDance|[from] ability: Drizzle|[of] p1a: Politoed\n|turn|1\n|c|\u2606SKIP THE DRIP|why u talkin like that\n|c|\u2606SKIP THE DRIP|XD\n|\n|t:|1657316787\n|move|p1a: Politoed|Protect|p1a: Politoed\n|-singleturn|p1a: Politoed|Protect\n|move|p2a: Starmie|Thunderbolt|p1a: Politoed\n|-activate|p1a: Politoed|move: Protect\n|\n|-weather|RainDance|[upkeep]\n|upkeep\n|turn|2\n|c|\u2606Darkortex|Star wars quote\n|c|\u2606SKIP THE DRIP|no it's not\n|j| Lil Plasma\n|\n|t:|1657316801\n|move|p2a: Starmie|Thunderbolt|p1a: Politoed\n|-supereffective|p1a: Politoed\n|-damage|p1a: Politoed|36\/100\n|-damage|p2a: Starmie|91\/100|[from] item: Life Orb\n|move|p1a: Politoed|Scald|p2a: Starmie\n|-resisted|p2a: Starmie\n|-damage|p2a: Starmie|61\/100\n|-status|p2a: Starmie|brn\n|\n|-weather|RainDance|[upkeep]\n|-heal|p1a: Politoed|42\/100|[from] item: Leftovers\n|-damage|p2a: Starmie|48\/100 brn|[from] brn\n|upkeep\n|turn|3\n|c|\u2606Darkortex|No, its a quote from the remake of Sc 38\n|\n|t:|1657316820\n|move|p1a: Politoed|Protect|p1a: Politoed\n|-singleturn|p1a: Politoed|Protect\n|move|p2a: Starmie|Ice Beam|p1a: Politoed\n|-activate|p1a: Politoed|move: Protect\n|\n|-weather|RainDance|[upkeep]\n|-heal|p1a: Politoed|49\/100|[from] item: Leftovers\n|-damage|p2a: Starmie|36\/100 brn|[from] brn\n|upkeep\n|turn|4\n|c|\u2606SKIP THE DRIP|ye right\n|\n|t:|1657316829\n|switch|p2a: Magnezone|Magnezone|100\/100\n|-item|p2a: Magnezone|Air Balloon\n|switch|p1a: Ferrothorn|Ferrothorn, F|100\/100\n|\n|-weather|RainDance|[upkeep]\n|upkeep\n|turn|5\n|c|\u2606SKIP THE DRIP|bruh\n|c|\u2606SKIP THE DRIP|good play\n|c|\u2606SKIP THE DRIP|lol\n|\n|t:|1657316839\n|move|p2a: Magnezone|Sunny Day|p2a: Magnezone\n|-weather|SunnyDay\n|move|p1a: Ferrothorn|Stealth Rock|p2a: Magnezone\n|-sidestart|p2: Darkortex|move: Stealth Rock\n|\n|-weather|SunnyDay|[upkeep]\n|upkeep\n|turn|6\n|c| Lil Plasma|the goat\n|j| ProXXDev\n|c|\u2606Darkortex|https:\/\/www.youtube.com\/watch?v=to2SMng4u1k&ab_channel=FXitinPost\n|c|\u2606Darkortex|seriously tho great vic\n|j| mmllmollppl\n|c|\u2606Darkortex|vid\n|\n|t:|1657316864\n|switch|p1a: Politoed|Politoed, F|49\/100\n|-weather|RainDance|[from] ability: Drizzle|[of] p1a: Politoed\n|move|p2a: Magnezone|Hidden Power|p1a: Politoed\n|-resisted|p1a: Politoed\n|-damage|p1a: Politoed|43\/100\n|\n|-weather|RainDance|[upkeep]\n|-heal|p1a: Politoed|49\/100|[from] item: Leftovers\n|upkeep\n|turn|7\n|c|\u2606SKIP THE DRIP|not watching all dat\n|c|\u2606Darkortex|No need to it's just in case anyone was interested\n|inactive|Darkortex has 120 seconds left.\n|\n|t:|1657316885\n|switch|p1a: Latios|Latios, M|100\/100\n|move|p2a: Magnezone|Volt Switch|p1a: Latios\n|-resisted|p1a: Latios\n|-damage|p1a: Latios|82\/100\n|\n|t:|1657316888\n|switch|p2a: Scizor|Scizor, M|100\/100|[from]move: Volt Switch\n|-damage|p2a: Scizor|88\/100|[from] Stealth Rock\n|\n|-weather|RainDance|[upkeep]\n|upkeep\n|turn|8\n|\n|t:|1657316891\n|-activate|p1a: Latios|move: Pursuit\n|move|p2a: Scizor|Pursuit|p1a: Latios|[from]Pursuit\n|-supereffective|p1a: Latios\n|-damage|p1a: Latios|0 fnt\n|faint|p1a: Latios\n|-hint|A Pokemon can't switch between when it runs out of HP and when it faints\n|\n|-weather|RainDance|[upkeep]\n|upkeep\n|\n|t:|1657316893\n|switch|p1a: Dragonite|Dragonite, F|100\/100\n|turn|9\n|\n|t:|1657316900\n|switch|p2a: Magnezone|Magnezone|100\/100\n|-damage|p2a: Magnezone|94\/100|[from] Stealth Rock\n|-item|p2a: Magnezone|Air Balloon\n|move|p1a: Dragonite|Dragon Dance|p1a: Dragonite\n|-boost|p1a: Dragonite|atk|1\n|-boost|p1a: Dragonite|spe|1\n|\n|-weather|RainDance|[upkeep]\n|upkeep\n|turn|10\n|\n|t:|1657316904\n|move|p1a: Dragonite|Dragon Dance|p1a: Dragonite\n|-boost|p1a: Dragonite|atk|1\n|-boost|p1a: Dragonite|spe|1\n|move|p2a: Magnezone|Volt Switch|p1a: Dragonite\n|-damage|p1a: Dragonite|84\/100\n|\n|t:|1657316906\n|switch|p2a: Latios|Latios, M|100\/100|[from]move: Volt Switch\n|-damage|p2a: Latios|88\/100|[from] Stealth Rock\n|\n|-weather|RainDance|[upkeep]\n|-heal|p1a: Dragonite|90\/100|[from] item: Leftovers\n|upkeep\n|turn|11\n|\n|t:|1657316909\n|move|p2a: Latios|Draco Meteor|p1a: Dragonite|[miss]\n|-miss|p2a: Latios|p1a: Dragonite\n|move|p1a: Dragonite|Dragon Claw|p2a: Latios\n|-supereffective|p2a: Latios\n|-damage|p2a: Latios|0 fnt\n|faint|p2a: Latios\n|\n|-weather|RainDance|[upkeep]\n|-heal|p1a: Dragonite|96\/100|[from] item: Leftovers\n|upkeep\n|c|\u2606Darkortex|f\n|c|\u2606SKIP THE DRIP|ooff\n|\n|t:|1657316918\n|switch|p2a: Scizor|Scizor, M|88\/100\n|-damage|p2a: Scizor|76\/100|[from] Stealth Rock\n|turn|12\n|\n|t:|1657316922\n|move|p2a: Scizor|Bullet Punch|p1a: Dragonite\n|-damage|p1a: Dragonite|51\/100\n|move|p1a: Dragonite|Roost|p1a: Dragonite\n|-heal|p1a: Dragonite|100\/100\n|-singleturn|p1a: Dragonite|move: Roost\n|\n|-weather|RainDance|[upkeep]\n|upkeep\n|turn|13\n|j| sendpais\n|\n|t:|1657316933\n|switch|p2a: Magnezone|Magnezone|94\/100\n|-damage|p2a: Magnezone|88\/100|[from] Stealth Rock\n|-item|p2a: Magnezone|Air Balloon\n|move|p1a: Dragonite|Dragon Claw|p2a: Magnezone\n|-resisted|p2a: Magnezone\n|-damage|p2a: Magnezone|52\/100\n|-enditem|p2a: Magnezone|Air Balloon\n|\n|-weather|RainDance|[upkeep]\n|upkeep\n|turn|14\n|\n|t:|1657316940\n|move|p1a: Dragonite|Dragon Dance|p1a: Dragonite\n|-boost|p1a: Dragonite|atk|1\n|-boost|p1a: Dragonite|spe|1\n|move|p2a: Magnezone|Volt Switch|p1a: Dragonite\n|-damage|p1a: Dragonite|84\/100\n|c|\u2606Darkortex|I can't beat this now\n|-message|Darkortex forfeited.\n|\n|win|SKIP THE DRIP\n|n|\u2606SKIP THE DRIP|skipthedrip\n|n|\u2606Darkortex|darkortex\n|n| ChiefGreenLeaf64|chiefgreenleaf64\n|n| amstan|amstan\n|n| fgtfgtrdcgh|fgtfgtrdcgh\n|n| Masati|masati\n|n| Lil Plasma|lilplasma\n|n| ProXXDev|proxxdev\n|n| mmllmollppl|mmllmollppl\n|n| sendpais|sendpais\n|l|\u2606Darkortex\n|l| sendpais\n|j|\u2606Darkortex\n|player|p2|Darkortex|hilbert\n|l|\u2606SKIP THE DRIP\n|l|\u2606Darkortex\n|player|p2|\n|j| ian_yo\n|l| ProXXDev\n|l| amstan\n|l| fgtfgtrdcgh\n|l| Lil Plasma\n|l| ian_yo\n|j| TheNewBrends11@!\n","uploadtime":1657316968,"views":11,"p1id":"skipthedrip","p2id":"darkortex","formatid":"gen5ou","rating":0,"private":0,"password":null}