{"id":"gen5ou-1188945494","p1":"Goootzinho","p2":"Pythagorean Python","format":"gen5ou","log":"|j|\u2606Goootzinho\n|j|\u2606Pythagorean Python\n|t:|1600413315\n|player|p1|Goootzinho|galacticgrunt|1494\n|player|p2|Pythagorean Python|159|1344\n|teamsize|p1|6\n|teamsize|p2|6\n|gametype|singles\n|gen|5\n|tier|[Gen 5] OU\n|rated|\n|clearpoke\n|poke|p1|Tyranitar, F|item\n|poke|p1|Lanturn, M|item\n|poke|p1|Yanmega, F|item\n|poke|p1|Landorus-Therian, M|item\n|poke|p1|Magnezone|item\n|poke|p1|Donphan, M|item\n|poke|p2|Salamence, M|item\n|poke|p2|Garchomp, F|item\n|poke|p2|Meloetta|item\n|poke|p2|Jolteon, F|item\n|poke|p2|Mienshao, M|item\n|poke|p2|Jirachi|item\n|rule|Species Clause: Limit one of each Pok\u00e9mon\n|rule|OHKO Clause: OHKO moves are banned\n|rule|Moody Clause: Moody is banned\n|rule|Evasion Moves Clause: Evasion moves are banned\n|rule|Endless Battle Clause: Forcing endless battles is banned\n|rule|HP Percentage Mod: HP is shown in percentages\n|rule|Evasion Abilities Clause: Evasion abilities are banned\n|rule|Baton Pass Clause: Limit one Baton Passer, can't pass Spe and other stats simultaneously\n|rule|Sleep Clause: Sleep-inducing moves are banned\n|rule|Swagger Clause: Swagger is banned\n|teampreview\n|\n|t:|1600413334\n|start\n|switch|p1a: Landorus|Landorus-Therian, M|100\/100\n|switch|p2a: Mienshao|Mienshao, M|100\/100\n|-ability|p1a: Landorus|Intimidate|boost\n|-unboost|p2a: Mienshao|atk|1\n|turn|1\n|\n|t:|1600413341\n|move|p1a: Landorus|U-turn|p2a: Mienshao\n|-resisted|p2a: Mienshao\n|-damage|p2a: Mienshao|75\/100\n|\n|t:|1600413350\n|switch|p1a: Donphan|Donphan, M|100\/100|[from]move: U-turn\n|move|p2a: Mienshao|Hidden Power|p1a: Donphan\n|-supereffective|p1a: Donphan\n|-crit|p1a: Donphan\n|-damage|p1a: Donphan|10\/100\n|\n|-heal|p1a: Donphan|16\/100|[from] item: Leftovers\n|upkeep\n|turn|2\n|\n|t:|1600413362\n|switch|p1a: Lanturn|Lanturn, M|100\/100\n|move|p2a: Mienshao|High Jump Kick|p1a: Lanturn\n|-damage|p1a: Lanturn|61\/100\n|\n|-heal|p1a: Lanturn|67\/100|[from] item: Leftovers\n|upkeep\n|turn|3\n|\n|t:|1600413368\n|move|p1a: Lanturn|Protect|p1a: Lanturn\n|-singleturn|p1a: Lanturn|Protect\n|move|p2a: Mienshao|U-turn|p1a: Lanturn\n|-activate|p1a: Lanturn|move: Protect\n|\n|-heal|p1a: Lanturn|73\/100|[from] item: Leftovers\n|upkeep\n|turn|4\n|\n|t:|1600413375\n|move|p2a: Mienshao|U-turn|p1a: Lanturn\n|-damage|p1a: Lanturn|61\/100\n|\n|t:|1600413380\n|switch|p2a: Salamence|Salamence, M|100\/100|[from]move: U-turn\n|-ability|p2a: Salamence|Intimidate|boost\n|-unboost|p1a: Lanturn|atk|1\n|move|p1a: Lanturn|Volt Switch|p2a: Salamence\n|-damage|p2a: Salamence|77\/100\n|\n|t:|1600413387\n|switch|p1a: Donphan|Donphan, M|16\/100|[from]move: Volt Switch\n|\n|-heal|p1a: Donphan|22\/100|[from] item: Leftovers\n|upkeep\n|turn|5\n|\n|t:|1600413397\n|move|p1a: Donphan|Ice Shard|p2a: Salamence\n|-supereffective|p2a: Salamence\n|-damage|p2a: Salamence|27\/100\n|move|p2a: Salamence|Draco Meteor|p1a: Donphan\n|-damage|p1a: Donphan|0 fnt\n|-unboost|p2a: Salamence|spa|2\n|faint|p1a: Donphan\n|\n|upkeep\n|\n|t:|1600413403\n|switch|p1a: Tyranitar|Tyranitar, F|100\/100\n|-weather|Sandstorm|[from] ability: Sand Stream|[of] p1a: Tyranitar\n|turn|6\n|\n|t:|1600413410\n|switch|p2a: Jirachi|Jirachi|100\/100\n|move|p1a: Tyranitar|Stealth Rock|p2a: Jirachi\n|-sidestart|p2: Pythagorean Python|move: Stealth Rock\n|\n|-weather|Sandstorm|[upkeep]\n|upkeep\n|turn|7\n|\n|t:|1600413415\n|switch|p1a: Magnezone|Magnezone|100\/100\n|-item|p1a: Magnezone|Air Balloon\n|move|p2a: Jirachi|Stealth Rock|p1a: Magnezone\n|-sidestart|p1: Goootzinho|move: Stealth Rock\n|\n|-weather|Sandstorm|[upkeep]\n|upkeep\n|turn|8\n|\n|t:|1600413420\n|move|p2a: Jirachi|Fire Punch|p1a: Magnezone\n|-supereffective|p1a: Magnezone\n|-damage|p1a: Magnezone|52\/100\n|-enditem|p1a: Magnezone|Air Balloon\n|move|p1a: Magnezone|Thunderbolt|p2a: Jirachi\n|-damage|p2a: Jirachi|44\/100\n|\n|-weather|Sandstorm|[upkeep]\n|-heal|p2a: Jirachi|50\/100|[from] item: Leftovers\n|upkeep\n|turn|9\n|\n|t:|1600413429\n|move|p2a: Jirachi|Fire Punch|p1a: Magnezone\n|-supereffective|p1a: Magnezone\n|-damage|p1a: Magnezone|4\/100\n|-status|p1a: Magnezone|brn\n|move|p1a: Magnezone|Thunderbolt|p2a: Jirachi\n|-damage|p2a: Jirachi|0 fnt\n|faint|p2a: Jirachi\n|\n|-weather|Sandstorm|[upkeep]\n|-damage|p1a: Magnezone|0 fnt|[from] brn\n|faint|p1a: Magnezone\n|upkeep\n|\n|t:|1600413452\n|switch|p2a: Salamence|Salamence, M|27\/100\n|switch|p1a: Landorus|Landorus-Therian, M|100\/100\n|-damage|p1a: Landorus|88\/100|[from] Stealth Rock\n|-ability|p1a: Landorus|Intimidate|boost\n|-unboost|p2a: Salamence|atk|1\n|-damage|p2a: Salamence|2\/100|[from] Stealth Rock\n|-ability|p2a: Salamence|Intimidate|boost\n|-unboost|p1a: Landorus|atk|1\n|turn|10\n|\n|t:|1600413460\n|move|p1a: Landorus|U-turn|p2a: Salamence\n|-resisted|p2a: Salamence\n|-damage|p2a: Salamence|0 fnt\n|faint|p2a: Salamence\n|\n|t:|1600413471\n|switch|p1a: Lanturn|Lanturn, M|61\/100|[from]move: U-turn\n|-damage|p1a: Lanturn|49\/100|[from] Stealth Rock\n|\n|-weather|Sandstorm|[upkeep]\n|-damage|p1a: Lanturn|42\/100|[from] Sandstorm\n|-heal|p1a: Lanturn|49\/100|[from] item: Leftovers\n|upkeep\n|\n|t:|1600413477\n|switch|p2a: Meloetta|Meloetta|100\/100\n|-damage|p2a: Meloetta|88\/100|[from] Stealth Rock\n|turn|11\n|\n|t:|1600413480\n|move|p2a: Meloetta|Calm Mind|p2a: Meloetta\n|-boost|p2a: Meloetta|spa|1\n|-boost|p2a: Meloetta|spd|1\n|move|p1a: Lanturn|Toxic|p2a: Meloetta\n|-status|p2a: Meloetta|tox\n|\n|-weather|Sandstorm|[upkeep]\n|-damage|p2a: Meloetta|82\/100 tox|[from] Sandstorm\n|-damage|p1a: Lanturn|42\/100|[from] Sandstorm\n|-heal|p2a: Meloetta|88\/100 tox|[from] item: Leftovers\n|-heal|p1a: Lanturn|49\/100|[from] item: Leftovers\n|-damage|p2a: Meloetta|82\/100 tox|[from] psn\n|upkeep\n|turn|12\n|\n|t:|1600413488\n|move|p2a: Meloetta|Psyshock|p1a: Lanturn\n|-damage|p1a: Lanturn|0 fnt\n|faint|p1a: Lanturn\n|\n|-weather|Sandstorm|[upkeep]\n|-damage|p2a: Meloetta|76\/100 tox|[from] Sandstorm\n|-heal|p2a: Meloetta|82\/100 tox|[from] item: Leftovers\n|-damage|p2a: Meloetta|69\/100 tox|[from] psn\n|upkeep\n|\n|t:|1600413493\n|switch|p1a: Landorus|Landorus-Therian, M|88\/100\n|-damage|p1a: Landorus|75\/100|[from] Stealth Rock\n|-ability|p1a: Landorus|Intimidate|boost\n|-unboost|p2a: Meloetta|atk|1\n|turn|13\n|\n|t:|1600413496\n|move|p1a: Landorus|U-turn|p2a: Meloetta\n|-supereffective|p2a: Meloetta\n|-damage|p2a: Meloetta|18\/100 tox\n|\n|t:|1600413499\n|switch|p1a: Tyranitar|Tyranitar, F|100\/100|[from]move: U-turn\n|-damage|p1a: Tyranitar|88\/100|[from] Stealth Rock\n|move|p2a: Meloetta|Focus Blast|p1a: Tyranitar|[miss]\n|-miss|p2a: Meloetta|p1a: Tyranitar\n|\n|-weather|Sandstorm|[upkeep]\n|-damage|p2a: Meloetta|12\/100 tox|[from] Sandstorm\n|-heal|p2a: Meloetta|18\/100 tox|[from] item: Leftovers\n|-damage|p2a: Meloetta|0 fnt|[from] psn\n|faint|p2a: Meloetta\n|upkeep\n|c|\u2606Pythagorean Python|if only...\n|\n|t:|1600413516\n|switch|p2a: Mienshao|Mienshao, M|75\/100\n|-damage|p2a: Mienshao|69\/100|[from] Stealth Rock\n|turn|14\n|\n|t:|1600413524\n|move|p2a: Mienshao|High Jump Kick|p1a: Tyranitar\n|-supereffective|p1a: Tyranitar\n|-enditem|p1a: Tyranitar|Chople Berry|[eat]\n|-enditem|p1a: Tyranitar|Chople Berry|[weaken]\n|-damage|p1a: Tyranitar|0 fnt\n|faint|p1a: Tyranitar\n|\n|-weather|Sandstorm|[upkeep]\n|-damage|p2a: Mienshao|63\/100|[from] Sandstorm\n|upkeep\n|c|\u2606Goootzinho|i still survie this\n|c|\u2606Goootzinho|doesnt matter actually\n|\n|t:|1600413547\n|switch|p1a: Landorus|Landorus-Therian, M|75\/100\n|-damage|p1a: Landorus|63\/100|[from] Stealth Rock\n|-ability|p1a: Landorus|Intimidate|boost\n|-unboost|p2a: Mienshao|atk|1\n|turn|15\n|c|\u2606Pythagorean Python|I guess\n|\n|t:|1600413553\n|move|p1a: Landorus|Earthquake|p2a: Mienshao\n|-damage|p2a: Mienshao|0 fnt\n|faint|p2a: Mienshao\n|\n|-weather|Sandstorm|[upkeep]\n|upkeep\n|\n|t:|1600413555\n|switch|p2a: Garchomp|Garchomp, F|100\/100\n|-damage|p2a: Garchomp|94\/100|[from] Stealth Rock\n|turn|16\n|\n|t:|1600413560\n|move|p2a: Garchomp|Outrage|p1a: Landorus\n|-damage|p1a: Landorus|0 fnt\n|faint|p1a: Landorus\n|\n|-weather|Sandstorm|[upkeep]\n|upkeep\n|\n|t:|1600413564\n|switch|p1a: Yanmega|Yanmega, F|100\/100\n|-damage|p1a: Yanmega|51\/100|[from] Stealth Rock\n|turn|17\n|c|\u2606Pythagorean Python|gg\n|\n|t:|1600413571\n|move|p2a: Garchomp|Outrage|p1a: Yanmega|[from]lockedmove\n|-damage|p1a: Yanmega|0 fnt\n|faint|p1a: Yanmega\n|\n|win|Pythagorean Python\n|c|\u2606Goootzinho|gg\n|raw|Goootzinho's rating: 1495 &rarr; <strong>1467<\/strong><br \/>(-28 for losing)\n|raw|Pythagorean Python's rating: 1344 &rarr; <strong>1372<\/strong><br \/>(+28 for winning)\n|l|\u2606Goootzinho\n","uploadtime":1600413579,"views":61,"p1id":"goootzinho","p2id":"pythagoreanpython","formatid":"gen5ou","rating":1372,"private":0,"password":null}