{"id":"gen5ubers-1675848826","p1":"shadowtime1999","p2":"alvar03","format":"gen5ubers","log":"|j|\u2606shadowtime1999\n|j|\u2606alvar03\n|t:|1664729581\n|gametype|singles\n|player|p1|shadowtime1999|biker-gen4|1053\n|player|p2|alvar03|alder|1278\n|teamsize|p1|6\n|teamsize|p2|6\n|gen|5\n|tier|[Gen 5] Ubers\n|rated|\n|rule|Species Clause: Limit one of each Pok\u00e9mon\n|rule|OHKO Clause: OHKO moves are banned\n|rule|Moody Clause: Moody is banned\n|rule|Evasion Items Clause: Evasion items are banned\n|rule|Evasion Moves Clause: Evasion moves are banned\n|rule|Endless Battle Clause: Forcing endless battles is banned\n|rule|HP Percentage Mod: HP is shown in percentages\n|rule|Sleep Clause Mod: Limit one foe put to sleep\n|clearpoke\n|poke|p1|Groudon|item\n|poke|p1|Cloyster, M|item\n|poke|p1|Ho-Oh|item\n|poke|p1|Arceus-*|item\n|poke|p1|Genesect|item\n|poke|p1|Latias, F|item\n|poke|p2|Tyranitar, F|item\n|poke|p2|Excadrill, M|item\n|poke|p2|Ho-Oh|item\n|poke|p2|Ferrothorn, M|item\n|poke|p2|Rayquaza|item\n|poke|p2|Arceus-*|item\n|teampreview\n|j| Sgjshsbe\n|inactive|Battle timer is ON: inactive players will automatically lose when time's up. (requested by alvar03)\n|\n|t:|1664729599\n|start\n|switch|p1a: Cloyster|Cloyster, M|100\/100\n|switch|p2a: Ho-Oh|Ho-Oh|100\/100\n|turn|1\n|inactive|shadowtime1999 has 120 seconds left.\n|\n|t:|1664729632\n|move|p1a: Cloyster|Shell Smash|p1a: Cloyster\n|-unboost|p1a: Cloyster|def|1\n|-unboost|p1a: Cloyster|spd|1\n|-boost|p1a: Cloyster|atk|2\n|-boost|p1a: Cloyster|spa|2\n|-boost|p1a: Cloyster|spe|2\n|move|p2a: Ho-Oh|Sacred Fire|p1a: Cloyster\n|-crit|p1a: Cloyster\n|-enditem|p1a: Cloyster|Focus Sash\n|-damage|p1a: Cloyster|1\/100\n|\n|upkeep\n|turn|2\n|\n|t:|1664729642\n|switch|p2a: Tyranitar|Tyranitar, F|100\/100\n|-weather|Sandstorm|[from] ability: Sand Stream|[of] p2a: Tyranitar\n|move|p1a: Cloyster|Icicle Spear|p2a: Tyranitar\n|-damage|p2a: Tyranitar|84\/100\n|-damage|p2a: Tyranitar|69\/100\n|-damage|p2a: Tyranitar|51\/100\n|-damage|p2a: Tyranitar|35\/100\n|-damage|p2a: Tyranitar|17\/100\n|-hitcount|p2a: Tyranitar|5\n|\n|-weather|Sandstorm|[upkeep]\n|-damage|p1a: Cloyster|0 fnt|[from] Sandstorm\n|faint|p1a: Cloyster\n|-heal|p2a: Tyranitar|24\/100|[from] item: Leftovers\n|upkeep\n|inactive|shadowtime1999 has 120 seconds left.\n|\n|t:|1664729660\n|switch|p1a: Genesect|Genesect|100\/100\n|-ability|p1a: Genesect|Download|boost\n|-boost|p1a: Genesect|atk|1\n|turn|3\n|\n|t:|1664729665\n|switch|p2a: Ho-Oh|Ho-Oh|100\/100\n|move|p1a: Genesect|U-turn|p2a: Ho-Oh\n|-resisted|p2a: Ho-Oh\n|-damage|p2a: Ho-Oh|89\/100\n|inactive|shadowtime1999 has 120 seconds left.\n|\n|t:|1664729682\n|switch|p1a: Latias|Latias, F|100\/100|[from]move: U-turn\n|\n|-weather|Sandstorm|[upkeep]\n|-damage|p1a: Latias|94\/100|[from] Sandstorm\n|-damage|p2a: Ho-Oh|83\/100|[from] Sandstorm\n|-heal|p2a: Ho-Oh|89\/100|[from] item: Leftovers\n|upkeep\n|turn|4\n|inactive|shadowtime1999 has 120 seconds left.\n|\n|t:|1664729690\n|move|p1a: Latias|Draco Meteor|p2a: Ho-Oh\n|-damage|p2a: Ho-Oh|34\/100\n|-unboost|p1a: Latias|spa|2\n|move|p2a: Ho-Oh|Brave Bird|p1a: Latias\n|-damage|p1a: Latias|24\/100\n|-damage|p2a: Ho-Oh|14\/100|[from] Recoil\n|\n|-weather|Sandstorm|[upkeep]\n|-damage|p1a: Latias|18\/100|[from] Sandstorm\n|-damage|p2a: Ho-Oh|8\/100|[from] Sandstorm\n|-heal|p2a: Ho-Oh|14\/100|[from] item: Leftovers\n|upkeep\n|turn|5\n|j| Imbion\n|inactive|shadowtime1999 has 120 seconds left.\n|\n|t:|1664729701\n|switch|p2a: Tyranitar|Tyranitar, F|24\/100\n|move|p1a: Latias|Psyshock|p2a: Tyranitar\n|-immune|p2a: Tyranitar\n|\n|-weather|Sandstorm|[upkeep]\n|-damage|p1a: Latias|12\/100|[from] Sandstorm\n|-heal|p2a: Tyranitar|30\/100|[from] item: Leftovers\n|upkeep\n|turn|6\n|\n|t:|1664729711\n|switch|p1a: Genesect|Genesect|100\/100\n|-ability|p1a: Genesect|Download|boost\n|-boost|p1a: Genesect|atk|1\n|move|p2a: Tyranitar|Stealth Rock|p1a: Genesect\n|-sidestart|p1: shadowtime1999|move: Stealth Rock\n|\n|-weather|Sandstorm|[upkeep]\n|-heal|p2a: Tyranitar|36\/100|[from] item: Leftovers\n|upkeep\n|turn|7\n|\n|t:|1664729719\n|switch|p2a: Excadrill|Excadrill, M|100\/100\n|move|p1a: Genesect|U-turn|p2a: Excadrill\n|-resisted|p2a: Excadrill\n|-damage|p2a: Excadrill|61\/100\n|\n|t:|1664729730\n|switch|p1a: Groudon|Groudon|100\/100|[from]move: U-turn\n|-damage|p1a: Groudon|94\/100|[from] Stealth Rock\n|-weather|SunnyDay|[from] ability: Drought|[of] p1a: Groudon\n|\n|-weather|SunnyDay|[upkeep]\n|-heal|p2a: Excadrill|67\/100|[from] item: Leftovers\n|upkeep\n|turn|8\n|\n|t:|1664729740\n|switch|p2a: Rayquaza|Rayquaza|100\/100\n|-ability|p2a: Rayquaza|Air Lock\n|move|p1a: Groudon|Stealth Rock|p2a: Rayquaza\n|-sidestart|p2: alvar03|move: Stealth Rock\n|\n|-weather|SunnyDay|[upkeep]\n|upkeep\n|turn|9\n|\n|t:|1664729755\n|move|p2a: Rayquaza|V-create|p1a: Groudon\n|-damage|p1a: Groudon|6\/100\n|-unboost|p2a: Rayquaza|spe|1\n|-unboost|p2a: Rayquaza|def|1\n|-unboost|p2a: Rayquaza|spd|1\n|move|p1a: Groudon|Stone Edge|p2a: Rayquaza\n|-supereffective|p2a: Rayquaza\n|-damage|p2a: Rayquaza|0 fnt\n|faint|p2a: Rayquaza\n|\n|-weather|SunnyDay|[upkeep]\n|upkeep\n|\n|t:|1664729767\n|switch|p2a: Arceus|Arceus-Fighting|100\/100\n|-damage|p2a: Arceus|94\/100|[from] Stealth Rock\n|turn|10\n|\n|t:|1664729776\n|move|p2a: Arceus|Judgment|p1a: Groudon\n|-damage|p1a: Groudon|0 fnt\n|faint|p1a: Groudon\n|\n|-weather|SunnyDay|[upkeep]\n|upkeep\n|\n|t:|1664729790\n|switch|p1a: Ho-Oh|Ho-Oh|100\/100\n|-damage|p1a: Ho-Oh|51\/100|[from] Stealth Rock\n|turn|11\n|\n|t:|1664729807\n|switch|p2a: Tyranitar|Tyranitar, F|36\/100\n|-damage|p2a: Tyranitar|24\/100|[from] Stealth Rock\n|-weather|Sandstorm|[from] ability: Sand Stream|[of] p2a: Tyranitar\n|move|p1a: Ho-Oh|Brave Bird|p2a: Tyranitar\n|-resisted|p2a: Tyranitar\n|-damage|p2a: Tyranitar|0 fnt\n|faint|p2a: Tyranitar\n|-damage|p1a: Ho-Oh|43\/100|[from] Recoil\n|\n|-weather|Sandstorm|[upkeep]\n|-damage|p1a: Ho-Oh|36\/100|[from] Sandstorm\n|upkeep\n|\n|t:|1664729813\n|switch|p2a: Excadrill|Excadrill, M|67\/100\n|-damage|p2a: Excadrill|64\/100|[from] Stealth Rock\n|turn|12\n|\n|t:|1664729823\n|move|p2a: Excadrill|Rapid Spin|p1a: Ho-Oh\n|-damage|p1a: Ho-Oh|29\/100\n|-sideend|p2: alvar03|Stealth Rock|[from] move: Rapid Spin|[of] p2a: Excadrill\n|move|p1a: Ho-Oh|Brave Bird|p2a: Excadrill\n|-resisted|p2a: Excadrill\n|-damage|p2a: Excadrill|0 fnt\n|faint|p2a: Excadrill\n|-damage|p1a: Ho-Oh|10\/100|[from] Recoil\n|\n|-weather|Sandstorm|[upkeep]\n|-damage|p1a: Ho-Oh|4\/100|[from] Sandstorm\n|upkeep\n|\n|t:|1664729828\n|switch|p2a: Arceus|Arceus-Fighting|94\/100\n|turn|13\n|\n|t:|1664729839\n|move|p2a: Arceus|Judgment|p1a: Ho-Oh\n|-resisted|p1a: Ho-Oh\n|-damage|p1a: Ho-Oh|0 fnt\n|faint|p1a: Ho-Oh\n|\n|-weather|Sandstorm|[upkeep]\n|-damage|p2a: Arceus|88\/100|[from] Sandstorm\n|upkeep\n|\n|t:|1664729851\n|switch|p1a: Genesect|Genesect|100\/100\n|-damage|p1a: Genesect|88\/100|[from] Stealth Rock\n|-ability|p1a: Genesect|Download|boost\n|-boost|p1a: Genesect|spa|1\n|turn|14\n|\n|t:|1664729863\n|move|p1a: Genesect|Ice Beam|p2a: Arceus\n|-damage|p2a: Arceus|62\/100\n|-status|p2a: Arceus|frz\n|cant|p2a: Arceus|frz\n|\n|-weather|Sandstorm|[upkeep]\n|-damage|p2a: Arceus|56\/100 frz|[from] Sandstorm\n|upkeep\n|turn|15\n|c|\u2606shadowtime1999|sorry\n|c|\u2606shadowtime1999|]\n|\n|t:|1664729876\n|switch|p2a: Ferrothorn|Ferrothorn, M|100\/100\n|move|p1a: Genesect|Ice Beam|p2a: Ferrothorn\n|-crit|p2a: Ferrothorn\n|-damage|p2a: Ferrothorn|54\/100\n|-status|p2a: Ferrothorn|frz\n|\n|-weather|Sandstorm|[upkeep]\n|-heal|p2a: Ferrothorn|60\/100 frz|[from] item: Leftovers\n|upkeep\n|turn|16\n|\n|t:|1664729885\n|move|p1a: Genesect|Ice Beam|p2a: Ferrothorn\n|-damage|p2a: Ferrothorn|37\/100 frz\n|cant|p2a: Ferrothorn|frz\n|\n|-weather|Sandstorm|[upkeep]\n|-heal|p2a: Ferrothorn|43\/100 frz|[from] item: Leftovers\n|upkeep\n|turn|17\n|j| blackstone3.9\n|c| Imbion|I took psychic damage from those two turns\n|c|\u2606shadowtime1999|holly shit im so sorry\n|\n|t:|1664729901\n|cant|p2a: Ferrothorn|frz\n|move|p1a: Genesect|Ice Beam|p2a: Ferrothorn\n|-damage|p2a: Ferrothorn|18\/100 frz\n|\n|-weather|Sandstorm|[upkeep]\n|-heal|p2a: Ferrothorn|25\/100 frz|[from] item: Leftovers\n|upkeep\n|turn|18\n|\n|t:|1664729908\n|cant|p2a: Ferrothorn|frz\n|move|p1a: Genesect|Ice Beam|p2a: Ferrothorn\n|-damage|p2a: Ferrothorn|0 fnt\n|faint|p2a: Ferrothorn\n|\n|-weather|Sandstorm|[upkeep]\n|upkeep\n|c|\u2606alvar03|pokemon is a skill based game\n|\n|t:|1664729919\n|switch|p2a: Ho-Oh|Ho-Oh|47\/100\n|turn|19\n|\n|t:|1664729922\n|move|p1a: Genesect|Ice Beam|p2a: Ho-Oh\n|-damage|p2a: Ho-Oh|26\/100\n|move|p2a: Ho-Oh|Recover|p2a: Ho-Oh\n|-heal|p2a: Ho-Oh|76\/100\n|\n|-weather|Sandstorm|[upkeep]\n|-damage|p2a: Ho-Oh|70\/100|[from] Sandstorm\n|-heal|p2a: Ho-Oh|76\/100|[from] item: Leftovers\n|upkeep\n|turn|20\n|\n|t:|1664729932\n|move|p1a: Genesect|Ice Beam|p2a: Ho-Oh\n|-damage|p2a: Ho-Oh|52\/100\n|move|p2a: Ho-Oh|Substitute|p2a: Ho-Oh\n|-start|p2a: Ho-Oh|Substitute\n|-damage|p2a: Ho-Oh|27\/100\n|\n|-weather|Sandstorm|[upkeep]\n|-damage|p2a: Ho-Oh|21\/100|[from] Sandstorm\n|-heal|p2a: Ho-Oh|27\/100|[from] item: Leftovers\n|upkeep\n|turn|21\n|\n|t:|1664729941\n|move|p1a: Genesect|Ice Beam|p2a: Ho-Oh\n|-activate|p2a: Ho-Oh|Substitute|[damage]\n|move|p2a: Ho-Oh|Recover|p2a: Ho-Oh\n|-heal|p2a: Ho-Oh|77\/100\n|\n|-weather|Sandstorm|[upkeep]\n|-damage|p2a: Ho-Oh|71\/100|[from] Sandstorm\n|-heal|p2a: Ho-Oh|77\/100|[from] item: Leftovers\n|upkeep\n|turn|22\n|\n|t:|1664729949\n|move|p1a: Genesect|Ice Beam|p2a: Ho-Oh\n|-end|p2a: Ho-Oh|Substitute\n|move|p2a: Ho-Oh|Substitute|p2a: Ho-Oh\n|-start|p2a: Ho-Oh|Substitute\n|-damage|p2a: Ho-Oh|52\/100\n|\n|-weather|Sandstorm|[upkeep]\n|-damage|p2a: Ho-Oh|46\/100|[from] Sandstorm\n|-heal|p2a: Ho-Oh|52\/100|[from] item: Leftovers\n|upkeep\n|turn|23\n|l| Sgjshsbe\n|\n|t:|1664729961\n|move|p1a: Genesect|Ice Beam|p2a: Ho-Oh\n|-activate|p2a: Ho-Oh|Substitute|[damage]\n|move|p2a: Ho-Oh|Recover|p2a: Ho-Oh\n|-heal|p2a: Ho-Oh|100\/100\n|\n|-weather|Sandstorm|[upkeep]\n|-damage|p2a: Ho-Oh|94\/100|[from] Sandstorm\n|-heal|p2a: Ho-Oh|100\/100|[from] item: Leftovers\n|upkeep\n|turn|24\n|\n|t:|1664729969\n|move|p1a: Genesect|Ice Beam|p2a: Ho-Oh\n|-end|p2a: Ho-Oh|Substitute\n|move|p2a: Ho-Oh|Substitute|p2a: Ho-Oh\n|-start|p2a: Ho-Oh|Substitute\n|-damage|p2a: Ho-Oh|75\/100\n|\n|-weather|Sandstorm|[upkeep]\n|-damage|p2a: Ho-Oh|69\/100|[from] Sandstorm\n|-heal|p2a: Ho-Oh|75\/100|[from] item: Leftovers\n|upkeep\n|turn|25\n|\n|t:|1664729978\n|switch|p1a: Arceus|Arceus|100\/100\n|-damage|p1a: Arceus|88\/100|[from] Stealth Rock\n|move|p2a: Ho-Oh|Recover|p2a: Ho-Oh\n|-heal|p2a: Ho-Oh|100\/100\n|\n|-weather|Sandstorm|[upkeep]\n|-damage|p1a: Arceus|82\/100|[from] Sandstorm\n|-damage|p2a: Ho-Oh|94\/100|[from] Sandstorm\n|-heal|p2a: Ho-Oh|100\/100|[from] item: Leftovers\n|upkeep\n|turn|26\n|\n|t:|1664729997\n|move|p1a: Arceus|Extreme Speed|p2a: Ho-Oh\n|-end|p2a: Ho-Oh|Substitute\n|move|p2a: Ho-Oh|Sacred Fire|p1a: Arceus\n|-damage|p1a: Arceus|42\/100\n|-status|p1a: Arceus|brn\n|\n|-weather|Sandstorm|[upkeep]\n|-damage|p1a: Arceus|36\/100 brn|[from] Sandstorm\n|-damage|p2a: Ho-Oh|94\/100|[from] Sandstorm\n|-heal|p2a: Ho-Oh|100\/100|[from] item: Leftovers\n|-damage|p1a: Arceus|23\/100 brn|[from] brn\n|upkeep\n|turn|27\n|\n|t:|1664730008\n|move|p1a: Arceus|Swords Dance|p1a: Arceus\n|-boost|p1a: Arceus|atk|2\n|move|p2a: Ho-Oh|Substitute|p2a: Ho-Oh\n|-start|p2a: Ho-Oh|Substitute\n|-damage|p2a: Ho-Oh|75\/100\n|\n|-weather|Sandstorm|[upkeep]\n|-damage|p1a: Arceus|17\/100 brn|[from] Sandstorm\n|-damage|p2a: Ho-Oh|69\/100|[from] Sandstorm\n|-heal|p2a: Ho-Oh|75\/100|[from] item: Leftovers\n|-damage|p1a: Arceus|5\/100 brn|[from] brn\n|upkeep\n|turn|28\n|\n|t:|1664730019\n|move|p1a: Arceus|Extreme Speed|p2a: Ho-Oh\n|-end|p2a: Ho-Oh|Substitute\n|move|p2a: Ho-Oh|Substitute|p2a: Ho-Oh\n|-start|p2a: Ho-Oh|Substitute\n|-damage|p2a: Ho-Oh|50\/100\n|\n|-weather|Sandstorm|[upkeep]\n|-damage|p1a: Arceus|0 fnt|[from] Sandstorm\n|-damage|p2a: Ho-Oh|44\/100|[from] Sandstorm\n|faint|p1a: Arceus\n|-heal|p2a: Ho-Oh|50\/100|[from] item: Leftovers\n|upkeep\n|\n|t:|1664730035\n|switch|p1a: Latias|Latias, F|12\/100\n|-damage|p1a: Latias|0 fnt|[from] Stealth Rock\n|faint|p1a: Latias\n|\n|t:|1664730039\n|switch|p1a: Genesect|Genesect|88\/100\n|-damage|p1a: Genesect|76\/100|[from] Stealth Rock\n|-ability|p1a: Genesect|Download|boost\n|-boost|p1a: Genesect|atk|1\n|turn|29\n|\n|t:|1664730049\n|move|p1a: Genesect|Iron Head|p2a: Ho-Oh\n|-resisted|p2a: Ho-Oh\n|-end|p2a: Ho-Oh|Substitute\n|move|p2a: Ho-Oh|Sacred Fire|p1a: Genesect\n|-supereffective|p1a: Genesect\n|-damage|p1a: Genesect|0 fnt\n|faint|p1a: Genesect\n|\n|win|alvar03\n|raw|shadowtime1999's rating: 1053 &rarr; <strong>1045<\/strong><br \/>(-8 for losing)\n|raw|alvar03's rating: 1278 &rarr; <strong>1289<\/strong><br \/>(+11 for winning)\n|c|\u2606alvar03|gg\n|c|\u2606shadowtime1999|gg\n|l| Imbion\n|l|\u2606shadowtime1999\n|l|\u2606alvar03\n||Ladder isn't responding, score probably updated but might not have (Request timeout).\n","uploadtime":1664730176,"views":9,"p1id":"shadowtime1999","p2id":"alvar03","formatid":"gen5ubers","rating":1045,"private":0,"password":null}