{"id":"gen5ou-1189656861","p1":"Goootzinho","p2":"JLW","format":"gen5ou","log":"|j|\u2606Goootzinho\n|j|\u2606JLW\n|t:|1600530383\n|player|p1|Goootzinho|rood|1496\n|player|p2|JLW|burglar|1388\n|teamsize|p1|6\n|teamsize|p2|6\n|gametype|singles\n|gen|5\n|tier|[Gen 5] OU\n|rated|\n|clearpoke\n|poke|p1|Tyranitar, M|item\n|poke|p1|Lanturn, F|item\n|poke|p1|Yanmega, F|item\n|poke|p1|Landorus-Therian, M|item\n|poke|p1|Magnezone|item\n|poke|p1|Donphan, F|item\n|poke|p2|Politoed, M|item\n|poke|p2|Keldeo|item\n|poke|p2|Latios, M|item\n|poke|p2|Ferrothorn, M|item\n|poke|p2|Excadrill, M|item\n|poke|p2|Tornadus, M|item\n|rule|Species Clause: Limit one of each Pok\u00e9mon\n|rule|OHKO Clause: OHKO moves are banned\n|rule|Moody Clause: Moody is banned\n|rule|Evasion Moves Clause: Evasion moves are banned\n|rule|Endless Battle Clause: Forcing endless battles is banned\n|rule|HP Percentage Mod: HP is shown in percentages\n|rule|Evasion Abilities Clause: Evasion abilities are banned\n|rule|Baton Pass Clause: Limit one Baton Passer, can't pass Spe and other stats simultaneously\n|rule|Sleep Clause: Sleep-inducing moves are banned\n|rule|Swagger Clause: Swagger is banned\n|teampreview\n|inactive|Battle timer is ON: inactive players will automatically lose when time's up. (requested by JLW)\n|\n|t:|1600530398\n|start\n|switch|p1a: Landorus|Landorus-Therian, M|100\/100\n|switch|p2a: Ferrothorn|Ferrothorn, M|100\/100\n|-ability|p1a: Landorus|Intimidate|boost\n|-unboost|p2a: Ferrothorn|atk|1\n|turn|1\n|\n|t:|1600530402\n|move|p1a: Landorus|U-turn|p2a: Ferrothorn\n|-damage|p2a: Ferrothorn|83\/100\n|-damage|p1a: Landorus|88\/100|[from] ability: Iron Barbs|[of] p2a: Ferrothorn\n|\n|t:|1600530406\n|switch|p1a: Magnezone|Magnezone|100\/100|[from]move: U-turn\n|-item|p1a: Magnezone|Air Balloon\n|move|p2a: Ferrothorn|Stealth Rock|p1a: Magnezone\n|-sidestart|p1: Goootzinho|move: Stealth Rock\n|\n|-heal|p2a: Ferrothorn|89\/100|[from] item: Leftovers\n|upkeep\n|turn|2\n|\n|t:|1600530417\n|move|p1a: Magnezone|Hidden Power|p2a: Ferrothorn\n|-supereffective|p2a: Ferrothorn\n|-damage|p2a: Ferrothorn|9\/100\n|move|p2a: Ferrothorn|Spikes|p1a: Magnezone\n|-sidestart|p1: Goootzinho|Spikes\n|\n|-heal|p2a: Ferrothorn|16\/100|[from] item: Leftovers\n|upkeep\n|turn|3\n|\n|t:|1600530422\n|move|p1a: Magnezone|Hidden Power|p2a: Ferrothorn\n|-supereffective|p2a: Ferrothorn\n|-damage|p2a: Ferrothorn|0 fnt\n|faint|p2a: Ferrothorn\n|\n|upkeep\n|\n|t:|1600530435\n|switch|p2a: Keldeo|Keldeo|100\/100\n|turn|4\n|\n|t:|1600530461\n|switch|p1a: Lanturn|Lanturn, F|100\/100\n|-damage|p1a: Lanturn|88\/100|[from] Stealth Rock\n|-damage|p1a: Lanturn|76\/100|[from] Spikes\n|move|p2a: Keldeo|Secret Sword|p1a: Lanturn\n|-damage|p1a: Lanturn|43\/100\n|\n|-heal|p1a: Lanturn|49\/100|[from] item: Leftovers\n|upkeep\n|turn|5\n|\n|t:|1600530481\n|switch|p2a: Latios|Latios, M|100\/100\n|switch|p1a: Donphan|Donphan, F|100\/100\n|-damage|p1a: Donphan|94\/100|[from] Stealth Rock\n|-damage|p1a: Donphan|82\/100|[from] Spikes\n|\n|-heal|p1a: Donphan|88\/100|[from] item: Leftovers\n|upkeep\n|turn|6\n|inactive|Goootzinho has 120 seconds left.\n|\n|t:|1600530506\n|switch|p1a: Yanmega|Yanmega, F|100\/100\n|-damage|p1a: Yanmega|51\/100|[from] Stealth Rock\n|move|p2a: Latios|Surf|p1a: Yanmega\n|-damage|p1a: Yanmega|0 fnt\n|faint|p1a: Yanmega\n|\n|upkeep\n|inactive|Goootzinho has 120 seconds left.\n|\n|t:|1600530518\n|switch|p1a: Tyranitar|Tyranitar, M|100\/100\n|-damage|p1a: Tyranitar|88\/100|[from] Spikes\n|-damage|p1a: Tyranitar|76\/100|[from] Stealth Rock\n|-weather|Sandstorm|[from] ability: Sand Stream|[of] p1a: Tyranitar\n|turn|7\n|inactive|Goootzinho has 120 seconds left.\n|\n|t:|1600530525\n|-activate|p2a: Latios|move: Pursuit\n|move|p1a: Tyranitar|Pursuit|p2a: Latios|[from]Pursuit\n|-supereffective|p2a: Latios\n|-crit|p2a: Latios\n|-damage|p2a: Latios|0 fnt\n|-hint|A Pokemon can't switch between when it runs out of HP and when it faints\n|faint|p2a: Latios\n|\n|-weather|Sandstorm|[upkeep]\n|upkeep\n|\n|t:|1600530530\n|switch|p2a: Excadrill|Excadrill, M|100\/100\n|turn|8\n|\n|t:|1600530533\n|switch|p1a: Donphan|Donphan, F|88\/100\n|-damage|p1a: Donphan|75\/100|[from] Spikes\n|-damage|p1a: Donphan|69\/100|[from] Stealth Rock\n|move|p2a: Excadrill|Iron Head|p1a: Donphan\n|-damage|p1a: Donphan|34\/100\n|\n|-weather|Sandstorm|[upkeep]\n|-heal|p1a: Donphan|40\/100|[from] item: Leftovers\n|upkeep\n|turn|9\n|\n|t:|1600530541\n|move|p2a: Excadrill|Earthquake|p1a: Donphan\n|-damage|p1a: Donphan|0 fnt\n|faint|p1a: Donphan\n|\n|-weather|Sandstorm|[upkeep]\n|upkeep\n|\n|t:|1600530545\n|switch|p1a: Landorus|Landorus-Therian, M|88\/100\n|-damage|p1a: Landorus|75\/100|[from] Stealth Rock\n|-ability|p1a: Landorus|Intimidate|boost\n|-unboost|p2a: Excadrill|atk|1\n|turn|10\n|\n|t:|1600530548\n|move|p2a: Excadrill|Protect|p2a: Excadrill\n|-singleturn|p2a: Excadrill|Protect\n|move|p1a: Landorus|Earthquake|p2a: Excadrill\n|-activate|p2a: Excadrill|move: Protect\n|\n|-weather|Sandstorm|[upkeep]\n|upkeep\n|turn|11\n|\n|t:|1600530553\n|switch|p2a: Tornadus|Tornadus, M|100\/100\n|move|p1a: Landorus|Earthquake|p2a: Tornadus\n|-immune|p2a: Tornadus\n|\n|-weather|Sandstorm|[upkeep]\n|-damage|p2a: Tornadus|94\/100|[from] Sandstorm\n|-heal|p2a: Tornadus|100\/100|[from] item: Leftovers\n|upkeep\n|turn|12\n|\n|t:|1600530563\n|switch|p1a: Tyranitar|Tyranitar, M|76\/100\n|-damage|p1a: Tyranitar|63\/100|[from] Spikes\n|-damage|p1a: Tyranitar|51\/100|[from] Stealth Rock\n|move|p2a: Tornadus|Focus Blast|p1a: Tyranitar\n|-supereffective|p1a: Tyranitar\n|-crit|p1a: Tyranitar\n|-enditem|p1a: Tyranitar|Chople Berry|[eat]\n|-enditem|p1a: Tyranitar|Chople Berry|[weaken]\n|-damage|p1a: Tyranitar|0 fnt\n|faint|p1a: Tyranitar\n|\n|-weather|Sandstorm|[upkeep]\n|-damage|p2a: Tornadus|94\/100|[from] Sandstorm\n|-heal|p2a: Tornadus|100\/100|[from] item: Leftovers\n|upkeep\n|\n|t:|1600530568\n|switch|p1a: Landorus|Landorus-Therian, M|75\/100\n|-damage|p1a: Landorus|63\/100|[from] Stealth Rock\n|-ability|p1a: Landorus|Intimidate|boost\n|-unboost|p2a: Tornadus|atk|1\n|turn|13\n|\n|t:|1600530581\n|switch|p2a: Excadrill|Excadrill, M|100\/100\n|move|p1a: Landorus|Earthquake|p2a: Excadrill\n|-supereffective|p2a: Excadrill\n|-damage|p2a: Excadrill|0 fnt\n|faint|p2a: Excadrill\n|\n|-weather|Sandstorm|[upkeep]\n|upkeep\n|\n|t:|1600530586\n|switch|p2a: Tornadus|Tornadus, M|100\/100\n|turn|14\n|\n|t:|1600530592\n|switch|p1a: Magnezone|Magnezone|100\/100\n|-damage|p1a: Magnezone|94\/100|[from] Stealth Rock\n|-item|p1a: Magnezone|Air Balloon\n|move|p2a: Tornadus|Substitute|p2a: Tornadus\n|-start|p2a: Tornadus|Substitute\n|-damage|p2a: Tornadus|76\/100\n|\n|-weather|Sandstorm|[upkeep]\n|-damage|p2a: Tornadus|70\/100|[from] Sandstorm\n|-heal|p2a: Tornadus|76\/100|[from] item: Leftovers\n|upkeep\n|turn|15\n|\n|t:|1600530595\n|move|p2a: Tornadus|Focus Blast|p1a: Magnezone|[miss]\n|-miss|p2a: Tornadus|p1a: Magnezone\n|move|p1a: Magnezone|Thunderbolt|p2a: Tornadus\n|-supereffective|p2a: Tornadus\n|-end|p2a: Tornadus|Substitute\n|\n|-weather|Sandstorm|[upkeep]\n|-damage|p2a: Tornadus|70\/100|[from] Sandstorm\n|-heal|p2a: Tornadus|76\/100|[from] item: Leftovers\n|upkeep\n|turn|16\n|\n|t:|1600530602\n|move|p2a: Tornadus|Focus Blast|p1a: Magnezone\n|-supereffective|p1a: Magnezone\n|-damage|p1a: Magnezone|0 fnt\n|-enditem|p1a: Magnezone|Air Balloon\n|faint|p1a: Magnezone\n|\n|-weather|Sandstorm|[upkeep]\n|-damage|p2a: Tornadus|70\/100|[from] Sandstorm\n|-heal|p2a: Tornadus|76\/100|[from] item: Leftovers\n|upkeep\n|\n|t:|1600530606\n|switch|p1a: Landorus|Landorus-Therian, M|63\/100\n|-damage|p1a: Landorus|50\/100|[from] Stealth Rock\n|-ability|p1a: Landorus|Intimidate|boost\n|-unboost|p2a: Tornadus|atk|1\n|turn|17\n|\n|t:|1600530613\n|switch|p2a: Politoed|Politoed, M|100\/100\n|-weather|RainDance|[from] ability: Drizzle|[of] p2a: Politoed\n|move|p1a: Landorus|Earthquake|p2a: Politoed\n|-damage|p2a: Politoed|52\/100\n|\n|-weather|RainDance|[upkeep]\n|-heal|p2a: Politoed|58\/100|[from] item: Leftovers\n|upkeep\n|turn|18\n|\n|t:|1600530620\n|switch|p1a: Lanturn|Lanturn, F|49\/100\n|-damage|p1a: Lanturn|36\/100|[from] Stealth Rock\n|-damage|p1a: Lanturn|24\/100|[from] Spikes\n|move|p2a: Politoed|Toxic|p1a: Lanturn\n|-status|p1a: Lanturn|tox\n|\n|-weather|RainDance|[upkeep]\n|-heal|p2a: Politoed|64\/100|[from] item: Leftovers\n|-heal|p1a: Lanturn|30\/100 tox|[from] item: Leftovers\n|-damage|p1a: Lanturn|24\/100 tox|[from] psn\n|upkeep\n|turn|19\n|\n|t:|1600530623\n|move|p2a: Politoed|Perish Song|p2a: Politoed\n|-start|p1a: Lanturn|perish3|[silent]\n|-start|p2a: Politoed|perish3|[silent]\n|-fieldactivate|move: Perish Song\n|move|p1a: Lanturn|Volt Switch|p2a: Politoed\n|-supereffective|p2a: Politoed\n|-damage|p2a: Politoed|29\/100\n|\n|t:|1600530628\n|switch|p1a: Landorus|Landorus-Therian, M|50\/100|[from]move: Volt Switch\n|-damage|p1a: Landorus|38\/100|[from] Stealth Rock\n|-ability|p1a: Landorus|Intimidate|boost\n|-unboost|p2a: Politoed|atk|1\n|\n|-weather|RainDance|[upkeep]\n|-heal|p2a: Politoed|35\/100|[from] item: Leftovers\n|-start|p2a: Politoed|perish3\n|upkeep\n|turn|20\n|\n|t:|1600530632\n|move|p2a: Politoed|Protect|p2a: Politoed\n|-singleturn|p2a: Politoed|Protect\n|move|p1a: Landorus|Stone Edge|p2a: Politoed\n|-activate|p2a: Politoed|move: Protect\n|\n|-weather|RainDance|[upkeep]\n|-heal|p2a: Politoed|41\/100|[from] item: Leftovers\n|-start|p2a: Politoed|perish2\n|upkeep\n|turn|21\n|\n|t:|1600530640\n|move|p1a: Landorus|Stone Edge|p2a: Politoed\n|-damage|p2a: Politoed|7\/100\n|move|p2a: Politoed|Scald|p1a: Landorus\n|-supereffective|p1a: Landorus\n|-damage|p1a: Landorus|0 fnt\n|faint|p1a: Landorus\n|\n|-weather|RainDance|[upkeep]\n|-heal|p2a: Politoed|13\/100|[from] item: Leftovers\n|-start|p2a: Politoed|perish1\n|upkeep\n|-message|Goootzinho forfeited.\n|\n|win|JLW\n|l|\u2606Goootzinho\n","uploadtime":1600530652,"views":50,"p1id":"goootzinho","p2id":"jlw","formatid":"gen5ou","rating":0,"private":0,"password":null}