{"id":"gen5randombattle-1458996643","p1":"Muk Muk 9000","p2":"Buhrito","format":"gen5randombattle","log":"|j|\u2606Muk Muk 9000\n|j|\u203dBuhrito\n|t:|1637604065\n|gametype|singles\n|player|p1|Muk Muk 9000|266|1432\n|player|p2|Buhrito|blackbelt-gen4dp|1597\n|teamsize|p1|6\n|teamsize|p2|6\n|gen|5\n|tier|[Gen 5] Random Battle\n|rated|\n|rule|Sleep Clause Mod: Limit one foe put to sleep\n|rule|HP Percentage Mod: HP is shown in percentages\n|\n|t:|1637604065\n|start\n|switch|p1a: Tyranitar|Tyranitar, L80, F|291\/291\n|switch|p2a: Smeargle|Smeargle, L84, F|230\/230\n|-weather|Sandstorm|[from] ability: Sand Stream|[of] p1a: Tyranitar\n|turn|1\n|\n|t:|1637604082\n|move|p2a: Smeargle|Spore|p1a: Tyranitar\n|-status|p1a: Tyranitar|slp|[from] move: Spore\n|cant|p1a: Tyranitar|slp\n|\n|-weather|Sandstorm|[upkeep]\n|-damage|p2a: Smeargle|216\/230|[from] Sandstorm\n|upkeep\n|turn|2\n|\n|t:|1637604095\n|switch|p1a: Murkrow|Murkrow, L90, M|254\/254\n|move|p2a: Smeargle|Stealth Rock|p1a: Murkrow\n|-sidestart|p1: Muk Muk 9000|move: Stealth Rock\n|\n|-weather|Sandstorm|[upkeep]\n|-damage|p1a: Murkrow|239\/254|[from] Sandstorm\n|-damage|p2a: Smeargle|202\/230|[from] Sandstorm\n|upkeep\n|turn|3\n|\n|t:|1637604108\n|move|p1a: Murkrow|Taunt|p2a: Smeargle\n|-start|p2a: Smeargle|move: Taunt\n|cant|p2a: Smeargle|move: Taunt|Spikes\n|\n|-weather|Sandstorm|[upkeep]\n|-damage|p1a: Murkrow|224\/254|[from] Sandstorm\n|-damage|p2a: Smeargle|188\/230|[from] Sandstorm\n|upkeep\n|turn|4\n|\n|t:|1637604119\n|switch|p2a: Lucario|Lucario, L82, M|249\/249\n|move|p1a: Murkrow|Toxic|p2a: Lucario\n|-immune|p2a: Lucario\n|\n|-weather|Sandstorm|[upkeep]\n|-damage|p1a: Murkrow|209\/254|[from] Sandstorm\n|upkeep\n|turn|5\n|\n|t:|1637604130\n|move|p1a: Murkrow|Taunt|p2a: Lucario\n|-start|p2a: Lucario|move: Taunt\n|move|p2a: Lucario|Close Combat|p1a: Murkrow\n|-damage|p1a: Murkrow|17\/254\n|-unboost|p2a: Lucario|def|1\n|-unboost|p2a: Lucario|spd|1\n|-damage|p2a: Lucario|225\/249|[from] item: Life Orb\n|\n|-weather|Sandstorm|[upkeep]\n|-damage|p1a: Murkrow|2\/254|[from] Sandstorm\n|upkeep\n|turn|6\n|\n|t:|1637604166\n|move|p2a: Lucario|Extreme Speed|p1a: Murkrow\n|-damage|p1a: Murkrow|0 fnt\n|faint|p1a: Murkrow\n|-damage|p2a: Lucario|201\/249|[from] item: Life Orb\n|\n|-weather|Sandstorm|[upkeep]\n|upkeep\n|inactive|Battle timer is ON: inactive players will automatically lose when time's up. (requested by Buhrito)\n|\n|t:|1637604193\n|switch|p1a: Mewtwo|Mewtwo, L76|286\/286\n|-damage|p1a: Mewtwo|251\/286|[from] Stealth Rock\n|-ability|p1a: Mewtwo|Pressure\n|turn|7\n|inactive|Buhrito has 120 seconds left.\n|\n|t:|1637604229\n|switch|p2a: Scizor|Scizor, L80, M|243\/243\n|move|p1a: Mewtwo|Calm Mind|p1a: Mewtwo\n|-boost|p1a: Mewtwo|spa|1\n|-boost|p1a: Mewtwo|spd|1\n|\n|-weather|Sandstorm|[upkeep]\n|-damage|p1a: Mewtwo|234\/286|[from] Sandstorm\n|-heal|p1a: Mewtwo|251\/286|[from] item: Leftovers\n|upkeep\n|turn|8\n|inactive|Buhrito has 120 seconds left.\n|\n|t:|1637604249\n|move|p2a: Scizor|Bullet Punch|p1a: Mewtwo\n|-damage|p1a: Mewtwo|166\/286\n|move|p1a: Mewtwo|Fire Blast|p2a: Scizor\n|-supereffective|p2a: Scizor\n|-damage|p2a: Scizor|0 fnt\n|faint|p2a: Scizor\n|\n|-weather|Sandstorm|[upkeep]\n|-damage|p1a: Mewtwo|149\/286|[from] Sandstorm\n|-heal|p1a: Mewtwo|166\/286|[from] item: Leftovers\n|upkeep\n|inactive|Buhrito has 90 seconds left.\n|\n|t:|1637604281\n|switch|p2a: Sunflora|Sunflora, L88, F|275\/275\n|turn|9\n|\n|t:|1637604291\n|move|p1a: Mewtwo|Fire Blast|p2a: Sunflora|[miss]\n|-miss|p1a: Mewtwo|p2a: Sunflora\n|move|p2a: Sunflora|Encore|p1a: Mewtwo\n|-start|p1a: Mewtwo|Encore\n|\n|-weather|Sandstorm|[upkeep]\n|-damage|p1a: Mewtwo|149\/286|[from] Sandstorm\n|-damage|p2a: Sunflora|258\/275|[from] Sandstorm\n|-heal|p1a: Mewtwo|166\/286|[from] item: Leftovers\n|upkeep\n|turn|10\n|\n|t:|1637604304\n|move|p1a: Mewtwo|Fire Blast|p2a: Sunflora\n|-supereffective|p2a: Sunflora\n|-damage|p2a: Sunflora|0 fnt\n|faint|p2a: Sunflora\n|\n|-weather|Sandstorm|[upkeep]\n|-damage|p1a: Mewtwo|149\/286|[from] Sandstorm\n|-heal|p1a: Mewtwo|166\/286|[from] item: Leftovers\n|upkeep\n|\n|t:|1637604313\n|switch|p2a: Sigilyph|Sigilyph, L84, M|258\/258\n|turn|11\n|\n|t:|1637604320\n|move|p1a: Mewtwo|Fire Blast|p2a: Sigilyph\n|-damage|p2a: Sigilyph|89\/258\n|move|p2a: Sigilyph|Cosmic Power|p2a: Sigilyph\n|-boost|p2a: Sigilyph|def|1\n|-boost|p2a: Sigilyph|spd|1\n|\n|-weather|Sandstorm|[upkeep]\n|-damage|p1a: Mewtwo|149\/286|[from] Sandstorm\n|-heal|p1a: Mewtwo|166\/286|[from] item: Leftovers\n|-status|p2a: Sigilyph|tox|[from] item: Toxic Orb\n|upkeep\n|turn|12\n|\n|t:|1637604332\n|move|p1a: Mewtwo|Fire Blast|p2a: Sigilyph\n|-damage|p2a: Sigilyph|0 fnt\n|faint|p2a: Sigilyph\n|\n|-weather|Sandstorm|[upkeep]\n|-damage|p1a: Mewtwo|149\/286|[from] Sandstorm\n|-heal|p1a: Mewtwo|166\/286|[from] item: Leftovers\n|-end|p1a: Mewtwo|Encore\n|upkeep\n|\n|t:|1637604339\n|switch|p2a: Glaceon|Glaceon, L88, M|258\/258\n|turn|13\n|\n|t:|1637604349\n|move|p1a: Mewtwo|Psystrike|p2a: Glaceon\n|-damage|p2a: Glaceon|99\/258\n|move|p2a: Glaceon|Shadow Ball|p1a: Mewtwo\n|-supereffective|p1a: Mewtwo\n|-damage|p1a: Mewtwo|23\/286\n|-damage|p2a: Glaceon|74\/258|[from] item: Life Orb\n|\n|-weather|Sandstorm|[upkeep]\n|-damage|p1a: Mewtwo|6\/286|[from] Sandstorm\n|-damage|p2a: Glaceon|58\/258|[from] Sandstorm\n|-heal|p1a: Mewtwo|23\/286|[from] item: Leftovers\n|upkeep\n|turn|14\n|inactive|Buhrito has 120 seconds left.\n|\n|t:|1637604372\n|switch|p2a: Smeargle|Smeargle, L84, F|188\/230\n|move|p1a: Mewtwo|Psystrike|p2a: Smeargle\n|-damage|p2a: Smeargle|0 fnt\n|faint|p2a: Smeargle\n|\n|-weather|Sandstorm|[upkeep]\n|-damage|p1a: Mewtwo|6\/286|[from] Sandstorm\n|-heal|p1a: Mewtwo|23\/286|[from] item: Leftovers\n|upkeep\n|inactive|Buhrito has 120 seconds left.\n|\n|t:|1637604377\n|switch|p2a: Lucario|Lucario, L82, M|201\/249\n|turn|15\n|\n|t:|1637604387\n|move|p2a: Lucario|Extreme Speed|p1a: Mewtwo\n|-damage|p1a: Mewtwo|0 fnt\n|faint|p1a: Mewtwo\n|-damage|p2a: Lucario|177\/249|[from] item: Life Orb\n|\n|-weather|Sandstorm|[upkeep]\n|upkeep\n|\n|t:|1637604394\n|switch|p1a: Flygon|Flygon, L82, M|265\/265\n|-damage|p1a: Flygon|249\/265|[from] Stealth Rock\n|turn|16\n|\n|t:|1637604401\n|move|p1a: Flygon|Earthquake|p2a: Lucario\n|-supereffective|p2a: Lucario\n|-damage|p2a: Lucario|0 fnt\n|faint|p2a: Lucario\n|-damage|p1a: Flygon|223\/265|[from] item: Life Orb\n|\n|-weather|Sandstorm|[upkeep]\n|upkeep\n|\n|t:|1637604404\n|switch|p2a: Glaceon|Glaceon, L88, M|58\/258\n|turn|17\n|\n|t:|1637604413\n|move|p1a: Flygon|Outrage|p2a: Glaceon\n|-damage|p2a: Glaceon|0 fnt\n|faint|p2a: Glaceon\n|-damage|p1a: Flygon|197\/265|[from] item: Life Orb\n|\n|win|Muk Muk 9000\n|raw|Muk Muk 9000's rating: 1432 &rarr; <strong>1461<\/strong><br \/>(+29 for winning)\n|raw|Buhrito's rating: 1597 &rarr; <strong>1568<\/strong><br \/>(-29 for losing)\n|l|\u203dBuhrito\n|c|\u2606Muk Muk 9000|Scurry like the little rat you are\n","inputlog":">version 090f32f020e7abedc2fb2fea8b77e10b620fa982\n>start {\"formatid\":\"gen5randombattle\",\"seed\":[23250,22409,27877,53949],\"rated\":\"Rated battle\"}\n>player p1 {\"name\":\"Muk Muk 9000\",\"avatar\":\"266\",\"rating\":1432,\"seed\":[40810,63977,38639,9839]}\n>player p2 {\"name\":\"Buhrito\",\"avatar\":\"blackbelt-gen4dp\",\"rating\":1597,\"seed\":[45057,34300,4347,37405]}\n>p1 move crunch\n>p2 move spore\n>p1 switch 5\n>p2 move stealthrock\n>p1 move taunt\n>p2 move spikes\n>p1 move toxic\n>p2 switch 5\n>p1 move taunt\n>p2 move closecombat\n>p1 move roost\n>p2 move extremespeed\n>p1 switch 2\n>p1 move calmmind\n>p2 switch 4\n>p1 move fireblast\n>p2 move bulletpunch\n>p2 switch 2\n>p1 move fireblast\n>p2 move encore\n>p1 move fireblast\n>p2 move gigadrain\n>p2 switch 3\n>p1 move fireblast\n>p2 move cosmicpower\n>p1 move fireblast\n>p2 move roost\n>p2 switch 6\n>p1 move psystrike\n>p2 move shadowball\n>p1 move psystrike\n>p2 switch 5\n>p2 switch 4\n>p1 move psystrike\n>p2 move extremespeed\n>p1 switch 6\n>p1 move earthquake\n>p2 move icepunch\n>p2 switch 5\n>p1 move outrage\n>p2 move icebeam","uploadtime":1637604445,"views":9,"p1id":"mukmuk9000","p2id":"buhrito","formatid":"gen5randombattle","rating":1461,"private":0,"password":null}