{"id":"gen5ou-1694812331","p1":"CCharlesOliveira","p2":"ayevon","format":"gen5ou","log":"|j|\u2606CCharlesOliveira\n|j|\u2606ayevon\n|t:|1666732857\n|gametype|singles\n|player|p1|CCharlesOliveira|lucas|\n|player|p2|ayevon|102|\n|teamsize|p1|6\n|teamsize|p2|6\n|gen|5\n|tier|[Gen 5] OU\n|rated|Tournament battle\n|rule|Species Clause: Limit one of each Pok\u00e9mon\n|rule|OHKO Clause: OHKO moves are banned\n|rule|Moody Clause: Moody is banned\n|rule|Evasion Items Clause: Evasion items are banned\n|rule|Evasion Moves Clause: Evasion moves are banned\n|rule|Endless Battle Clause: Forcing endless battles is banned\n|rule|HP Percentage Mod: HP is shown in percentages\n|rule|Evasion Abilities Clause: Evasion abilities are banned\n|rule|Sleep Clause: Sleep-inducing moves are banned\n|rule|Swagger Clause: Swagger is banned\n|clearpoke\n|poke|p1|Conkeldurr, M|item\n|poke|p1|Jirachi|item\n|poke|p1|Excadrill, M|item\n|poke|p1|Tyranitar, M|item\n|poke|p1|Landorus-Therian, M|item\n|poke|p1|Alakazam, M|item\n|poke|p2|Tyranitar, F|item\n|poke|p2|Keldeo|item\n|poke|p2|Landorus-Therian, M|item\n|poke|p2|Rotom-Wash|item\n|poke|p2|Excadrill, F|item\n|poke|p2|Latios, M|item\n|teampreview\n|j| BB-8-NU\n|inactive|Battle timer is ON: inactive players will automatically lose when time's up. (requested by ayevon)\n|j| corvere\n|c|\u2606CCharlesOliveira|hf\n|c|\u2606CCharlesOliveira|thanks\n|c|\u2606ayevon|np\n|\n|t:|1666732872\n|start\n|switch|p1a: Excadrill|Excadrill, M, shiny|100\/100\n|switch|p2a: Landorus|Landorus-Therian, M|100\/100\n|-ability|p2a: Landorus|Intimidate|boost\n|-unboost|p1a: Excadrill|atk|1\n|-ability|p1a: Excadrill|Mold Breaker\n|turn|1\n|j| Deez Is The Way\n|\n|t:|1666732879\n|move|p2a: Landorus|Stealth Rock|p1a: Excadrill\n|-sidestart|p1: CCharlesOliveira|move: Stealth Rock\n|move|p1a: Excadrill|Stealth Rock|p2a: Landorus\n|-sidestart|p2: ayevon|move: Stealth Rock\n|\n|upkeep\n|turn|2\n|\n|t:|1666732887\n|move|p2a: Landorus|U-turn|p1a: Excadrill\n|-resisted|p1a: Excadrill\n|-damage|p1a: Excadrill|85\/100\n|\n|t:|1666732890\n|switch|p2a: Keldeo|Keldeo|100\/100|[from]move: U-turn\n|-damage|p2a: Keldeo|94\/100|[from] Stealth Rock\n|move|p1a: Excadrill|Rapid Spin|p2a: Keldeo\n|-damage|p2a: Keldeo|87\/100\n|-sideend|p1: CCharlesOliveira|Stealth Rock|[from] move: Rapid Spin|[of] p1a: Excadrill\n|\n|upkeep\n|turn|3\n|\n|t:|1666732894\n|move|p2a: Keldeo|Surf|p1a: Excadrill\n|-supereffective|p1a: Excadrill\n|-damage|p1a: Excadrill|0 fnt\n|faint|p1a: Excadrill\n|\n|upkeep\n|j| Blub234\n|j|+BeeOrSomething\n|l|+BeeOrSomething\n|\n|t:|1666732915\n|switch|p1a: Conkeldurr|Conkeldurr, M, shiny|100\/100\n|turn|4\n|\n|t:|1666732919\n|move|p2a: Keldeo|Surf|p1a: Conkeldurr\n|-damage|p1a: Conkeldurr|23\/100\n|move|p1a: Conkeldurr|Drain Punch|p2a: Keldeo\n|-damage|p2a: Keldeo|45\/100\n|-heal|p1a: Conkeldurr|40\/100|[from] drain|[of] p2a: Keldeo\n|\n|-heal|p1a: Conkeldurr|46\/100|[from] item: Leftovers\n|upkeep\n|turn|5\n|\n|t:|1666732929\n|move|p2a: Keldeo|Surf|p1a: Conkeldurr\n|-damage|p1a: Conkeldurr|0 fnt\n|faint|p1a: Conkeldurr\n|\n|upkeep\n|\n|t:|1666732934\n|switch|p1a: Alakazam|Alakazam, M, shiny|100\/100\n|turn|6\n|\n|t:|1666732939\n|switch|p2a: Rotom|Rotom-Wash|100\/100\n|-damage|p2a: Rotom|88\/100|[from] Stealth Rock\n|move|p1a: Alakazam|Focus Blast|p2a: Rotom\n|-crit|p2a: Rotom\n|-damage|p2a: Rotom|14\/100\n|\n|-heal|p2a: Rotom|20\/100|[from] item: Leftovers\n|upkeep\n|turn|7\n|j| let me hear fear\n|\n|t:|1666732963\n|move|p1a: Alakazam|Psychic|p2a: Rotom\n|-damage|p2a: Rotom|0 fnt\n|faint|p2a: Rotom\n|\n|upkeep\n|\n|t:|1666732965\n|switch|p2a: Tyranitar|Tyranitar, F|100\/100\n|-damage|p2a: Tyranitar|88\/100|[from] Stealth Rock\n|-weather|Sandstorm|[from] ability: Sand Stream|[of] p2a: Tyranitar\n|turn|8\n|j| pppethvbn\n|inactive|CCharlesOliveira has 120 seconds left.\n|\n|t:|1666733010\n|move|p1a: Alakazam|Focus Blast|p2a: Tyranitar|[miss]\n|-miss|p1a: Alakazam|p2a: Tyranitar\n|move|p2a: Tyranitar|Pursuit|p1a: Alakazam\n|-supereffective|p1a: Alakazam\n|-enditem|p1a: Alakazam|Focus Sash\n|-damage|p1a: Alakazam|1\/100\n|\n|-weather|Sandstorm|[upkeep]\n|upkeep\n|turn|9\n|\n|t:|1666733016\n|move|p1a: Alakazam|Encore|p2a: Tyranitar\n|-start|p2a: Tyranitar|Encore\n|move|p2a: Tyranitar|Pursuit|p1a: Alakazam\n|-supereffective|p1a: Alakazam\n|-damage|p1a: Alakazam|0 fnt\n|faint|p1a: Alakazam\n|\n|-weather|Sandstorm|[upkeep]\n|upkeep\n|\n|t:|1666733019\n|switch|p1a: Landorus|Landorus-Therian, M, shiny|100\/100\n|-ability|p1a: Landorus|Intimidate|boost\n|-unboost|p2a: Tyranitar|atk|1\n|turn|10\n|\n|t:|1666733021\n|switch|p2a: Landorus|Landorus-Therian, M|100\/100\n|-damage|p2a: Landorus|88\/100|[from] Stealth Rock\n|-ability|p2a: Landorus|Intimidate|boost\n|-unboost|p1a: Landorus|atk|1\n|move|p1a: Landorus|Rock Polish|p1a: Landorus\n|-boost|p1a: Landorus|spe|2\n|\n|-weather|Sandstorm|[upkeep]\n|-heal|p2a: Landorus|94\/100|[from] item: Leftovers\n|upkeep\n|turn|11\n|\n|t:|1666733024\n|move|p1a: Landorus|Swords Dance|p1a: Landorus\n|-boost|p1a: Landorus|atk|2\n|move|p2a: Landorus|Hidden Power|p1a: Landorus\n|-supereffective|p1a: Landorus\n|-enditem|p1a: Landorus|Yache Berry|[eat]\n|-enditem|p1a: Landorus|Yache Berry|[weaken]\n|-damage|p1a: Landorus|57\/100\n|\n|-weather|Sandstorm|[upkeep]\n|-heal|p2a: Landorus|99\/100|[from] item: Leftovers\n|upkeep\n|turn|12\n|\n|t:|1666733033\n|move|p1a: Landorus|Stone Edge|p2a: Landorus\n|-damage|p2a: Landorus|47\/100\n|move|p2a: Landorus|Hidden Power|p1a: Landorus\n|-supereffective|p1a: Landorus\n|-damage|p1a: Landorus|0 fnt\n|faint|p1a: Landorus\n|\n|-weather|Sandstorm|[upkeep]\n|-heal|p2a: Landorus|53\/100|[from] item: Leftovers\n|upkeep\n|\n|t:|1666733038\n|switch|p1a: Jirachi|Jirachi|100\/100\n|turn|13\n|\n|t:|1666733040\n|move|p1a: Jirachi|Icy Wind|p2a: Landorus\n|-supereffective|p2a: Landorus\n|-damage|p2a: Landorus|0 fnt\n|faint|p2a: Landorus\n|\n|-weather|Sandstorm|[upkeep]\n|upkeep\n|\n|t:|1666733043\n|switch|p2a: Excadrill|Excadrill, F|100\/100\n|-damage|p2a: Excadrill|97\/100|[from] Stealth Rock\n|turn|14\n|\n|t:|1666733048\n|move|p1a: Jirachi|Icy Wind|p2a: Excadrill\n|-damage|p2a: Excadrill|76\/100\n|-unboost|p2a: Excadrill|spe|1\n|move|p2a: Excadrill|Earthquake|p1a: Jirachi\n|-supereffective|p1a: Jirachi\n|-enditem|p1a: Jirachi|Shuca Berry|[eat]\n|-enditem|p1a: Jirachi|Shuca Berry|[weaken]\n|-damage|p1a: Jirachi|29\/100\n|\n|-weather|Sandstorm|[upkeep]\n|-heal|p2a: Excadrill|82\/100|[from] item: Leftovers\n|upkeep\n|turn|15\n|j|#Waves\n|\n|t:|1666733056\n|move|p1a: Jirachi|Iron Head|p2a: Excadrill\n|-resisted|p2a: Excadrill\n|-damage|p2a: Excadrill|62\/100\n|cant|p2a: Excadrill|flinch\n|\n|-weather|Sandstorm|[upkeep]\n|-heal|p2a: Excadrill|68\/100|[from] item: Leftovers\n|upkeep\n|turn|16\n|\n|t:|1666733062\n|move|p1a: Jirachi|Iron Head|p2a: Excadrill\n|-resisted|p2a: Excadrill\n|-damage|p2a: Excadrill|48\/100\n|move|p2a: Excadrill|Earthquake|p1a: Jirachi\n|-supereffective|p1a: Jirachi\n|-damage|p1a: Jirachi|0 fnt\n|faint|p1a: Jirachi\n|\n|-weather|Sandstorm|[upkeep]\n|-heal|p2a: Excadrill|55\/100|[from] item: Leftovers\n|upkeep\n|\n|t:|1666733066\n|switch|p1a: Tyranitar|Tyranitar, M, shiny|100\/100\n|turn|17\n|\n|t:|1666733069\n|move|p2a: Excadrill|Earthquake|p1a: Tyranitar\n|-supereffective|p1a: Tyranitar\n|-damage|p1a: Tyranitar|0 fnt\n|faint|p1a: Tyranitar\n|\n|win|ayevon\n|n|\u2606CCharlesOliveira|ccharlesoliveira\n|n|\u2606ayevon|ayevon\n|n| BB-8-NU|bb8nu\n|n| corvere|corvere\n|n| Deez Is The Way|deezistheway\n|n| Blub234|blub234\n|n| let me hear fear|letmehearfear\n|n| pppethvbn|pppethvbn\n|n|%Waves|waves\n","uploadtime":1666733071,"views":5,"p1id":"ccharlesoliveira","p2id":"ayevon","formatid":"gen5ou","rating":0,"private":0,"password":null}