{"id":"gen5ou-1613227214","p1":"agentkeval01","p2":"SKIP THE DRIP","format":"gen5ou","log":"|j|\u2606agentkeval01\n|j|\u2606SKIP THE DRIP\n|inactive|Battle timer is ON: inactive players will automatically lose when time's up.\n|t:|1657316233\n|gametype|singles\n|player|p1|agentkeval01|169|\n|player|p2|SKIP THE DRIP|morty|\n|teamsize|p1|6\n|teamsize|p2|6\n|gen|5\n|tier|[Gen 5] OU\n|rated|Tournament battle\n|rule|Species Clause: Limit one of each Pok\u00e9mon\n|rule|OHKO Clause: OHKO moves are banned\n|rule|Moody Clause: Moody is banned\n|rule|Evasion Moves Clause: Evasion moves are banned\n|rule|Endless Battle Clause: Forcing endless battles is banned\n|rule|HP Percentage Mod: HP is shown in percentages\n|rule|Evasion Abilities Clause: Evasion abilities are banned\n|rule|Sleep Clause: Sleep-inducing moves are banned\n|rule|Swagger Clause: Swagger is banned\n|clearpoke\n|poke|p1|Azelf|item\n|poke|p1|Dragonite, M|item\n|poke|p1|Cloyster, F|item\n|poke|p1|Keldeo-Resolute|item\n|poke|p1|Terrakion|item\n|poke|p1|Jirachi|item\n|poke|p2|Jellicent, F|item\n|poke|p2|Latios, M|item\n|poke|p2|Tentacruel, F|item\n|poke|p2|Politoed, F|item\n|poke|p2|Dragonite, M|item\n|poke|p2|Ferrothorn, M|item\n|teampreview\n|j| famonky\n|j| Masati\n|l| famonky\n|inactive|agentkeval01 has 120 seconds left.\n|inactive|SKIP THE DRIP has 120 seconds left.\n|j| Darkortex\n|c|\u2606SKIP THE DRIP|i had to take luh piss\n|c|\u2606SKIP THE DRIP|XD\n|c|\u2606SKIP THE DRIP|hf\n|inactive|agentkeval01 has 90 seconds left.\n|j| Ion1zed\n|j| datgamer123\n|c|\u2606SKIP THE DRIP|dont time out bruh\n|inactive|agentkeval01 has 60 seconds left.\n|c|\u2606agentkeval01|mb\n|c|\u2606agentkeval01|teaching goergie\n|c|\u2606agentkeval01|how to play ubers\n|\n|t:|1657316340\n|start\n|switch|p1a: Azelf|Azelf|100\/100\n|switch|p2a: Politoed|Politoed, F|100\/100\n|-weather|RainDance|[from] ability: Drizzle|[of] p2a: Politoed\n|turn|1\n|c|\u2606SKIP THE DRIP|the ocky way?\n|\n|t:|1657316350\n|move|p1a: Azelf|Stealth Rock|p2a: Politoed\n|-sidestart|p2: SKIP THE DRIP|move: Stealth Rock\n|move|p2a: Politoed|Scald|p1a: Azelf\n|-damage|p1a: Azelf|42\/100\n|\n|-weather|RainDance|[upkeep]\n|upkeep\n|turn|2\n|c|\u2606agentkeval01|ong bruh\n|\n|t:|1657316358\n|move|p2a: Politoed|Protect|p2a: Politoed\n|-singleturn|p2a: Politoed|Protect\n|move|p1a: Azelf|Explosion|p2a: Politoed\n|-activate|p2a: Politoed|move: Protect\n|faint|p1a: Azelf\n|\n|-weather|RainDance|[upkeep]\n|upkeep\n|\n|t:|1657316362\n|switch|p1a: Keldeo|Keldeo-Resolute|100\/100\n|turn|3\n|\n|t:|1657316367\n|switch|p2a: Tentacruel|Tentacruel, F|100\/100\n|-damage|p2a: Tentacruel|88\/100|[from] Stealth Rock\n|move|p1a: Keldeo|Calm Mind|p1a: Keldeo\n|-boost|p1a: Keldeo|spa|1\n|-boost|p1a: Keldeo|spd|1\n|\n|-weather|RainDance|[upkeep]\n|-heal|p2a: Tentacruel|94\/100|[from] ability: Rain Dish\n|-heal|p2a: Tentacruel|99\/100|[from] item: Black Sludge\n|upkeep\n|turn|4\n|\n|t:|1657316370\n|switch|p1a: Jirachi|Jirachi|100\/100\n|move|p2a: Tentacruel|Rapid Spin|p1a: Jirachi\n|-resisted|p1a: Jirachi\n|-damage|p1a: Jirachi|99\/100\n|-sideend|p2: SKIP THE DRIP|Stealth Rock|[from] move: Rapid Spin|[of] p2a: Tentacruel\n|\n|-weather|RainDance|[upkeep]\n|-heal|p2a: Tentacruel|100\/100|[from] ability: Rain Dish\n|upkeep\n|turn|5\n|\n|t:|1657316387\n|switch|p2a: Ferrothorn|Ferrothorn, M|100\/100\n|move|p1a: Jirachi|U-turn|p2a: Ferrothorn\n|-damage|p2a: Ferrothorn|89\/100\n|-damage|p1a: Jirachi|87\/100|[from] ability: Iron Barbs|[of] p2a: Ferrothorn\n|\n|t:|1657316390\n|switch|p1a: Terrakion|Terrakion|100\/100|[from]move: U-turn\n|\n|-weather|RainDance|[upkeep]\n|upkeep\n|turn|6\n|c|\u2606agentkeval01|georgie is\n|c|\u2606agentkeval01|very bad\n|c|\u2606agentkeval01|at ubers\n|\n|t:|1657316405\n|switch|p2a: Politoed|Politoed, F|100\/100\n|move|p1a: Terrakion|Swords Dance|p1a: Terrakion\n|-boost|p1a: Terrakion|atk|2\n|\n|-weather|RainDance|[upkeep]\n|upkeep\n|turn|7\n|\n|t:|1657316419\n|move|p1a: Terrakion|Stone Edge|p2a: Politoed\n|-enditem|p1a: Terrakion|Rock Gem|[from] gem\n|-damage|p2a: Politoed|0 fnt\n|faint|p2a: Politoed\n|\n|-weather|RainDance|[upkeep]\n|upkeep\n|\n|t:|1657316422\n|switch|p2a: Latios|Latios, M|100\/100\n|turn|8\n|inactive|agentkeval01 has 120 seconds left.\n|c|\u2606SKIP THE DRIP|what ubers is tho\n|inactive|agentkeval01 has 90 seconds left.\n|\n|t:|1657316486\n|switch|p1a: Jirachi|Jirachi|87\/100\n|move|p2a: Latios|Surf|p1a: Jirachi\n|-damage|p1a: Jirachi|57\/100\n|\n|-weather|RainDance|[upkeep]\n|upkeep\n|turn|9\n|\n|t:|1657316498\n|switch|p2a: Ferrothorn|Ferrothorn, M|89\/100\n|move|p1a: Jirachi|Light Screen|p1a: Jirachi\n|-sidestart|p1: agentkeval01|move: Light Screen\n|\n|-weather|RainDance|[upkeep]\n|upkeep\n|turn|10\n|\n|t:|1657316509\n|switch|p1a: Dragonite|Dragonite, M|100\/100\n|move|p2a: Ferrothorn|Stealth Rock|p1a: Dragonite\n|-sidestart|p1: agentkeval01|move: Stealth Rock\n|\n|-weather|RainDance|[upkeep]\n|upkeep\n|turn|11\n|\n|t:|1657316513\n|switch|p2a: Jellicent|Jellicent, F|100\/100\n|move|p1a: Dragonite|Dragon Dance|p1a: Dragonite\n|-boost|p1a: Dragonite|atk|1\n|-boost|p1a: Dragonite|spe|1\n|\n|-weather|RainDance|[upkeep]\n|upkeep\n|turn|12\n|\n|t:|1657316518\n|move|p1a: Dragonite|Outrage|p2a: Jellicent\n|-damage|p2a: Jellicent|1\/100\n|move|p2a: Jellicent|Will-O-Wisp|p1a: Dragonite\n|-status|p1a: Dragonite|brn\n|-enditem|p1a: Dragonite|Lum Berry|[eat]\n|-curestatus|p1a: Dragonite|brn|[msg]\n|\n|-weather|RainDance|[upkeep]\n|-heal|p2a: Jellicent|8\/100|[from] item: Leftovers\n|upkeep\n|turn|13\n|inactive|agentkeval01 has 120 seconds left.\n|j| Colorful toots\n|l| Colorful toots\n|j| PokEmil\n|\n|t:|1657316545\n|switch|p2a: Ferrothorn|Ferrothorn, M|89\/100\n|move|p1a: Dragonite|Outrage|p2a: Ferrothorn|[from]lockedmove\n|-resisted|p2a: Ferrothorn\n|-damage|p2a: Ferrothorn|51\/100\n|-damage|p1a: Dragonite|88\/100|[from] ability: Iron Barbs|[of] p2a: Ferrothorn\n|-start|p1a: Dragonite|confusion|[fatigue]\n|\n|-weather|RainDance|[upkeep]\n|upkeep\n|turn|14\n|j| TheNewBrends11@!\n|inactive|SKIP THE DRIP has 120 seconds left.\n|\n|t:|1657316568\n|switch|p2a: Tentacruel|Tentacruel, F|100\/100\n|-activate|p1a: Dragonite|confusion\n|-damage|p1a: Dragonite|64\/100|[from] confusion\n|\n|-weather|RainDance|[upkeep]\n|upkeep\n|turn|15\n|inactive|agentkeval01 has 120 seconds left.\n|inactive|SKIP THE DRIP has 120 seconds left.\n|\n|t:|1657316590\n|switch|p2a: Dragonite|Dragonite, M|100\/100\n|-activate|p1a: Dragonite|confusion\n|-damage|p1a: Dragonite|36\/100|[from] confusion\n|\n|-weather|RainDance|[upkeep]\n|upkeep\n|turn|16\n|c|\u2606agentkeval01|bro\n|\n|t:|1657316595\n|-activate|p1a: Dragonite|confusion\n|move|p1a: Dragonite|Outrage|p2a: Dragonite\n|-supereffective|p2a: Dragonite\n|-damage|p2a: Dragonite|18\/100\n|move|p2a: Dragonite|Dragon Claw|p1a: Dragonite\n|-supereffective|p1a: Dragonite\n|-damage|p1a: Dragonite|0 fnt\n|faint|p1a: Dragonite\n|\n|-weather|RainDance|[upkeep]\n|-heal|p2a: Dragonite|24\/100|[from] item: Leftovers\n|-sideend|p1: agentkeval01|move: Light Screen\n|upkeep\n|c|\u2606agentkeval01|aint no way\n|inactive|agentkeval01 has 120 seconds left.\n|c|\u2606SKIP THE DRIP|demonnite\n|c|\u2606agentkeval01|i click outrageeee\n|c|\u2606agentkeval01|LMAO\n|c|\u2606agentkeval01|had fire punch too\n|l| PokEmil\n|c|\u2606agentkeval01|shit was so over\n|j| fgtfgtrdcgh\n|c|\u2606SKIP THE DRIP|ye\n|\n|t:|1657316616\n|switch|p1a: Cloyster|Cloyster, F|100\/100\n|-damage|p1a: Cloyster|76\/100|[from] Stealth Rock\n|turn|17\n|c|\u2606SKIP THE DRIP|i was hoping u killed\n|c|\u2606SKIP THE DRIP|my tenta\n|c|\u2606SKIP THE DRIP|xD\n|\n|t:|1657316622\n|switch|p2a: Tentacruel|Tentacruel, F|100\/100\n|move|p1a: Cloyster|Shell Smash|p1a: Cloyster\n|-unboost|p1a: Cloyster|def|1\n|-unboost|p1a: Cloyster|spd|1\n|-boost|p1a: Cloyster|atk|2\n|-boost|p1a: Cloyster|spa|2\n|-boost|p1a: Cloyster|spe|2\n|\n|-weather|RainDance|[upkeep]\n|upkeep\n|turn|18\n|c|\u2606agentkeval01|ripp\n|inactive|agentkeval01 has 120 seconds left.\n|\n|t:|1657316628\n|move|p1a: Cloyster|Rock Blast|p2a: Tentacruel|[miss]\n|-miss|p1a: Cloyster|p2a: Tentacruel\n|move|p2a: Tentacruel|Toxic|p1a: Cloyster\n|-status|p1a: Cloyster|tox\n|\n|-weather|RainDance|[upkeep]\n|-damage|p1a: Cloyster|69\/100 tox|[from] psn\n|upkeep\n|turn|19\n|c|\u2606agentkeval01|BROOOO\n|\n|t:|1657316640\n|move|p1a: Cloyster|Rock Blast|p2a: Tentacruel\n|-damage|p2a: Tentacruel|81\/100\n|-damage|p2a: Tentacruel|61\/100\n|-damage|p2a: Tentacruel|44\/100\n|-damage|p2a: Tentacruel|24\/100\n|-damage|p2a: Tentacruel|5\/100\n|-hitcount|p2a: Tentacruel|5\n|move|p2a: Tentacruel|Scald|p1a: Cloyster\n|-resisted|p1a: Cloyster\n|-damage|p1a: Cloyster|0 fnt\n|faint|p1a: Cloyster\n|\n|-weather|RainDance|[upkeep]\n|-heal|p2a: Tentacruel|11\/100|[from] ability: Rain Dish\n|-heal|p2a: Tentacruel|17\/100|[from] item: Black Sludge\n|upkeep\n|inactive|agentkeval01 has 120 seconds left.\n|c|\u2606agentkeval01|thats\n|c|\u2606agentkeval01|very sad\n|c|\u2606agentkeval01|ice gem too :(\n|c|\u2606SKIP THE DRIP|unlucky\n|\n|t:|1657316674\n|switch|p1a: Keldeo|Keldeo-Resolute|100\/100\n|-damage|p1a: Keldeo|94\/100|[from] Stealth Rock\n|turn|20\n|l| datgamer123\n|\n|t:|1657316685\n|move|p1a: Keldeo|Hidden Power|p2a: Tentacruel\n|-damage|p2a: Tentacruel|0 fnt\n|faint|p2a: Tentacruel\n|\n|-weather|RainDance|[upkeep]\n|upkeep\n|\n|t:|1657316690\n|switch|p2a: Latios|Latios, M|100\/100\n|turn|21\n|inactive|agentkeval01 has 120 seconds left.\n|\n|t:|1657316701\n|switch|p1a: Jirachi|Jirachi|57\/100\n|-damage|p1a: Jirachi|51\/100|[from] Stealth Rock\n|move|p2a: Latios|Calm Mind|p2a: Latios\n|-boost|p2a: Latios|spa|1\n|-boost|p2a: Latios|spd|1\n|\n|-weather|RainDance|[upkeep]\n|upkeep\n|turn|22\n|\n|t:|1657316705\n|move|p2a: Latios|Surf|p1a: Jirachi\n|-damage|p1a: Jirachi|4\/100\n|move|p1a: Jirachi|Light Screen|p1a: Jirachi\n|-sidestart|p1: agentkeval01|move: Light Screen\n|\n|-weather|RainDance|[upkeep]\n|upkeep\n|turn|23\n|\n|t:|1657316710\n|move|p2a: Latios|Surf|p1a: Jirachi\n|-damage|p1a: Jirachi|0 fnt\n|faint|p1a: Jirachi\n|\n|-weather|RainDance|[upkeep]\n|upkeep\n|\n|t:|1657316714\n|switch|p1a: Terrakion|Terrakion|100\/100\n|-damage|p1a: Terrakion|94\/100|[from] Stealth Rock\n|turn|24\n|\n|t:|1657316716\n|move|p2a: Latios|Surf|p1a: Terrakion\n|-supereffective|p1a: Terrakion\n|-damage|p1a: Terrakion|5\/100\n|move|p1a: Terrakion|Rock Polish|p1a: Terrakion\n|-boost|p1a: Terrakion|spe|2\n|\n|-weather|RainDance|[upkeep]\n|upkeep\n|turn|25\n|\n|t:|1657316725\n|move|p1a: Terrakion|Stone Edge|p2a: Latios\n|-damage|p2a: Latios|31\/100\n|move|p2a: Latios|Surf|p1a: Terrakion\n|-supereffective|p1a: Terrakion\n|-damage|p1a: Terrakion|0 fnt\n|faint|p1a: Terrakion\n|\n|-weather|RainDance|[upkeep]\n|upkeep\n|\n|t:|1657316728\n|switch|p1a: Keldeo|Keldeo-Resolute|94\/100\n|-damage|p1a: Keldeo|88\/100|[from] Stealth Rock\n|turn|26\n|\n|t:|1657316731\n|move|p2a: Latios|Calm Mind|p2a: Latios\n|-boost|p2a: Latios|spa|1\n|-boost|p2a: Latios|spd|1\n|move|p1a: Keldeo|Hydro Pump|p2a: Latios|[miss]\n|-miss|p1a: Keldeo|p2a: Latios\n|\n|-weather|RainDance|[upkeep]\n|upkeep\n|turn|27\n|c|\u2606agentkeval01|bro\n|c|\u2606agentkeval01|cmon\n|c|\u2606agentkeval01|man\n|\n|t:|1657316739\n|move|p2a: Latios|Calm Mind|p2a: Latios\n|-boost|p2a: Latios|spa|1\n|-boost|p2a: Latios|spd|1\n|move|p1a: Keldeo|Hydro Pump|p2a: Latios\n|-enditem|p1a: Keldeo|Water Gem|[from] gem\n|-resisted|p2a: Latios\n|-damage|p2a: Latios|2\/100\n|\n|-weather|RainDance|[upkeep]\n|upkeep\n|turn|28\n|\n|t:|1657316745\n|move|p2a: Latios|Draco Meteor|p1a: Keldeo\n|-enditem|p2a: Latios|Dragon Gem|[from] gem\n|-damage|p1a: Keldeo|0 fnt\n|-unboost|p2a: Latios|spa|2\n|faint|p1a: Keldeo\n|\n|win|SKIP THE DRIP\n|n|\u2606agentkeval01|agentkeval01\n|n|\u2606SKIP THE DRIP|skipthedrip\n|n| Masati|masati\n|n| Darkortex|darkortex\n|n| Ion1zed|ion1zed\n|n| TheNewBrends11@!|thenewbrends11\n|n| fgtfgtrdcgh|fgtfgtrdcgh\n|l|\u2606agentkeval01\n|l|\u2606SKIP THE DRIP\n|l| Darkortex\n|l| fgtfgtrdcgh\n|l| Ion1zed\n","uploadtime":1657318041,"views":13,"p1id":"agentkeval01","p2id":"skipthedrip","formatid":"gen5ou","rating":0,"private":0,"password":null}