{"id":"gen5ou-1652117463","p1":"alvar03","p2":"Torellium","format":"gen5ou","log":"|j|\u2606alvar03\n|j|\u2606Torellium\n|t:|1661888695\n|gametype|singles\n|player|p1|alvar03|alder|1442\n|player|p2|Torellium|skyla|1253\n|teamsize|p1|6\n|teamsize|p2|6\n|gen|5\n|tier|[Gen 5] OU\n|rated|\n|rule|Species Clause: Limit one of each Pok\u00e9mon\n|rule|OHKO Clause: OHKO moves are banned\n|rule|Moody Clause: Moody is banned\n|rule|Evasion Items Clause: Evasion items are banned\n|rule|Evasion Moves Clause: Evasion moves are banned\n|rule|Endless Battle Clause: Forcing endless battles is banned\n|rule|HP Percentage Mod: HP is shown in percentages\n|rule|Evasion Abilities Clause: Evasion abilities are banned\n|rule|Sleep Clause: Sleep-inducing moves are banned\n|rule|Swagger Clause: Swagger is banned\n|clearpoke\n|poke|p1|Tyranitar, M|item\n|poke|p1|Garchomp, F|item\n|poke|p1|Terrakion|item\n|poke|p1|Latios, M|item\n|poke|p1|Ferrothorn, F|item\n|poke|p1|Rotom-Wash|item\n|poke|p2|Whimsicott, M|item\n|poke|p2|Jirachi|item\n|poke|p2|Landorus-Therian, M|item\n|poke|p2|Ferrothorn, F|item\n|poke|p2|Scrafty, F|item\n|poke|p2|Clefable, M|item\n|teampreview\n|inactive|Battle timer is ON: inactive players will automatically lose when time's up. (requested by Torellium)\n|\n|t:|1661888715\n|start\n|switch|p1a: Rotom|Rotom-Wash|100\/100\n|switch|p2a: Clefable|Clefable, M|100\/100\n|turn|1\n|\n|t:|1661888724\n|move|p1a: Rotom|Volt Switch|p2a: Clefable\n|-damage|p2a: Clefable|82\/100\n|\n|t:|1661888726\n|switch|p1a: Ferrothorn|Ferrothorn, F|100\/100|[from]move: Volt Switch\n|move|p2a: Clefable|Body Slam|p1a: Ferrothorn\n|-resisted|p1a: Ferrothorn\n|-damage|p1a: Ferrothorn|94\/100\n|\n|-heal|p1a: Ferrothorn|99\/100|[from] item: Leftovers\n|upkeep\n|turn|2\n|\n|t:|1661888739\n|switch|p2a: Whimsicott|Whimsicott, M|100\/100\n|move|p1a: Ferrothorn|Stealth Rock|p2a: Whimsicott\n|-sidestart|p2: Torellium|move: Stealth Rock\n|\n|-heal|p1a: Ferrothorn|100\/100|[from] item: Leftovers\n|upkeep\n|turn|3\n|\n|t:|1661888742\n|move|p2a: Whimsicott|Taunt|p1a: Ferrothorn\n|-start|p1a: Ferrothorn|move: Taunt\n|cant|p1a: Ferrothorn|move: Taunt|Spikes\n|\n|upkeep\n|turn|4\n|\n|t:|1661888748\n|move|p2a: Whimsicott|Stun Spore|p1a: Ferrothorn\n|-status|p1a: Ferrothorn|par\n|cant|p1a: Ferrothorn|par\n|\n|upkeep\n|turn|5\n|\n|t:|1661888776\n|switch|p2a: Ferrothorn|Ferrothorn, F|100\/100\n|-damage|p2a: Ferrothorn|94\/100|[from] Stealth Rock\n|move|p1a: Ferrothorn|Knock Off|p2a: Ferrothorn\n|-resisted|p2a: Ferrothorn\n|-damage|p2a: Ferrothorn|93\/100\n|-damage|p1a: Ferrothorn|88\/100 par|[from] ability: Iron Barbs|[of] p2a: Ferrothorn\n|-enditem|p2a: Ferrothorn|Leftovers|[from] move: Knock Off|[of] p1a: Ferrothorn\n|\n|-heal|p1a: Ferrothorn|94\/100 par|[from] item: Leftovers\n|-end|p1a: Ferrothorn|move: Taunt\n|upkeep\n|turn|6\n|\n|t:|1661888788\n|switch|p1a: Terrakion|Terrakion|100\/100\n|move|p2a: Ferrothorn|Knock Off|p1a: Terrakion\n|-resisted|p1a: Terrakion\n|-damage|p1a: Terrakion|97\/100\n|-ability|p1a: Terrakion|Justified|boost\n|-boost|p1a: Terrakion|atk|1\n|-enditem|p1a: Terrakion|Expert Belt|[from] move: Knock Off|[of] p2a: Ferrothorn\n|\n|upkeep\n|turn|7\n|\n|t:|1661888801\n|switch|p2a: Landorus|Landorus-Therian, M|100\/100\n|-damage|p2a: Landorus|88\/100|[from] Stealth Rock\n|-ability|p2a: Landorus|Intimidate|boost\n|-unboost|p1a: Terrakion|atk|1\n|move|p1a: Terrakion|Close Combat|p2a: Landorus\n|-resisted|p2a: Landorus\n|-crit|p2a: Landorus\n|-damage|p2a: Landorus|15\/100\n|-unboost|p1a: Terrakion|def|1\n|-unboost|p1a: Terrakion|spd|1\n|\n|upkeep\n|turn|8\n|\n|t:|1661888810\n|switch|p1a: Rotom|Rotom-Wash|100\/100\n|move|p2a: Landorus|U-turn|p1a: Rotom\n|-crit|p1a: Rotom\n|-damage|p1a: Rotom|41\/100\n|\n|t:|1661888816\n|switch|p2a: Whimsicott|Whimsicott, M|100\/100|[from]move: U-turn\n|-damage|p2a: Whimsicott|88\/100|[from] Stealth Rock\n|\n|-heal|p2a: Whimsicott|94\/100|[from] item: Leftovers\n|-heal|p1a: Rotom|47\/100|[from] item: Leftovers\n|upkeep\n|turn|9\n|\n|t:|1661888823\n|move|p2a: Whimsicott|Stun Spore|p1a: Rotom|[miss]\n|-miss|p2a: Whimsicott|p1a: Rotom\n|move|p1a: Rotom|Pain Split|p2a: Whimsicott\n|-sethp|p2a: Whimsicott|69\/100|[from] move: Pain Split|[silent]\n|-sethp|p1a: Rotom|74\/100|[from] move: Pain Split\n|\n|-heal|p2a: Whimsicott|75\/100|[from] item: Leftovers\n|-heal|p1a: Rotom|80\/100|[from] item: Leftovers\n|upkeep\n|turn|10\n|\n|t:|1661888830\n|move|p2a: Whimsicott|Stun Spore|p1a: Rotom\n|-status|p1a: Rotom|par\n|move|p1a: Rotom|Volt Switch|p2a: Whimsicott\n|-resisted|p2a: Whimsicott\n|-damage|p2a: Whimsicott|58\/100\n|\n|t:|1661888832\n|switch|p1a: Tyranitar|Tyranitar, M|100\/100|[from]move: Volt Switch\n|-weather|Sandstorm|[from] ability: Sand Stream|[of] p1a: Tyranitar\n|\n|-weather|Sandstorm|[upkeep]\n|-damage|p2a: Whimsicott|51\/100|[from] Sandstorm\n|-heal|p2a: Whimsicott|58\/100|[from] item: Leftovers\n|upkeep\n|turn|11\n|\n|t:|1661888838\n|switch|p1a: Ferrothorn|Ferrothorn, F|94\/100 par\n|move|p2a: Whimsicott|Stun Spore|p1a: Ferrothorn|[miss]\n|-miss|p2a: Whimsicott|p1a: Ferrothorn\n|\n|-weather|Sandstorm|[upkeep]\n|-damage|p2a: Whimsicott|51\/100|[from] Sandstorm\n|-heal|p2a: Whimsicott|58\/100|[from] item: Leftovers\n|-heal|p1a: Ferrothorn|100\/100 par|[from] item: Leftovers\n|upkeep\n|turn|12\n|\n|t:|1661888842\n|move|p2a: Whimsicott|Taunt|p1a: Ferrothorn\n|-start|p1a: Ferrothorn|move: Taunt\n|cant|p1a: Ferrothorn|move: Taunt|Spikes\n|\n|-weather|Sandstorm|[upkeep]\n|-damage|p2a: Whimsicott|51\/100|[from] Sandstorm\n|-heal|p2a: Whimsicott|58\/100|[from] item: Leftovers\n|upkeep\n|turn|13\n|\n|t:|1661888850\n|move|p2a: Whimsicott|Stun Spore|p1a: Ferrothorn\n|-fail|p1a: Ferrothorn|par\n|move|p1a: Ferrothorn|Knock Off|p2a: Whimsicott\n|-damage|p2a: Whimsicott|54\/100\n|-enditem|p2a: Whimsicott|Leftovers|[from] move: Knock Off|[of] p1a: Ferrothorn\n|\n|-weather|Sandstorm|[upkeep]\n|-damage|p2a: Whimsicott|47\/100|[from] Sandstorm\n|upkeep\n|turn|14\n|\n|t:|1661888864\n|switch|p2a: Ferrothorn|Ferrothorn, F|93\/100\n|-damage|p2a: Ferrothorn|86\/100|[from] Stealth Rock\n|move|p1a: Ferrothorn|Power Whip|p2a: Ferrothorn|[miss]\n|-miss|p1a: Ferrothorn|p2a: Ferrothorn\n|\n|-weather|Sandstorm|[upkeep]\n|-end|p1a: Ferrothorn|move: Taunt\n|upkeep\n|turn|15\n|\n|t:|1661888878\n|switch|p1a: Latios|Latios, M|100\/100\n|move|p2a: Ferrothorn|Iron Defense|p2a: Ferrothorn\n|-boost|p2a: Ferrothorn|def|2\n|\n|-weather|Sandstorm|[upkeep]\n|-damage|p1a: Latios|95\/100|[from] Sandstorm\n|upkeep\n|turn|16\n|\n|t:|1661888883\n|move|p1a: Latios|Hidden Power|p2a: Ferrothorn\n|-supereffective|p2a: Ferrothorn\n|-damage|p2a: Ferrothorn|0 fnt\n|faint|p2a: Ferrothorn\n|\n|-weather|Sandstorm|[upkeep]\n|-damage|p1a: Latios|89\/100|[from] Sandstorm\n|upkeep\n|\n|t:|1661888891\n|switch|p2a: Landorus|Landorus-Therian, M|15\/100\n|-damage|p2a: Landorus|3\/100|[from] Stealth Rock\n|-ability|p2a: Landorus|Intimidate|boost\n|-unboost|p1a: Latios|atk|1\n|turn|17\n|\n|t:|1661888906\n|switch|p1a: Ferrothorn|Ferrothorn, F|100\/100 par\n|move|p2a: Landorus|Knock Off|p1a: Ferrothorn\n|-resisted|p1a: Ferrothorn\n|-damage|p1a: Ferrothorn|98\/100 par\n|-damage|p2a: Landorus|0 fnt|[from] ability: Iron Barbs|[of] p1a: Ferrothorn\n|faint|p2a: Landorus\n|\n|-weather|Sandstorm|[upkeep]\n|-heal|p1a: Ferrothorn|100\/100 par|[from] item: Leftovers\n|upkeep\n|\n|t:|1661888913\n|switch|p2a: Clefable|Clefable, M|82\/100\n|turn|18\n|\n|t:|1661888916\n|switch|p1a: Terrakion|Terrakion|97\/100\n|move|p2a: Clefable|Stealth Rock|p1a: Terrakion\n|-sidestart|p1: alvar03|move: Stealth Rock\n|\n|-weather|Sandstorm|[upkeep]\n|upkeep\n|turn|19\n|\n|t:|1661888924\n|switch|p2a: Whimsicott|Whimsicott, M|47\/100\n|-damage|p2a: Whimsicott|35\/100|[from] Stealth Rock\n|move|p1a: Terrakion|Close Combat|p2a: Whimsicott\n|-damage|p2a: Whimsicott|0 fnt\n|-unboost|p1a: Terrakion|def|1\n|-unboost|p1a: Terrakion|spd|1\n|faint|p2a: Whimsicott\n|\n|-weather|Sandstorm|[upkeep]\n|upkeep\n|\n|t:|1661888931\n|switch|p2a: Jirachi|Jirachi|100\/100\n|-damage|p2a: Jirachi|94\/100|[from] Stealth Rock\n|turn|20\n|\n|t:|1661888939\n|move|p2a: Jirachi|Iron Head|p1a: Terrakion\n|-supereffective|p1a: Terrakion\n|-damage|p1a: Terrakion|0 fnt\n|faint|p1a: Terrakion\n|\n|-weather|Sandstorm|[upkeep]\n|upkeep\n|\n|t:|1661888943\n|switch|p1a: Garchomp|Garchomp, F|100\/100\n|-damage|p1a: Garchomp|94\/100|[from] Stealth Rock\n|turn|21\n|\n|t:|1661888947\n|move|p1a: Garchomp|Earthquake|p2a: Jirachi\n|-supereffective|p2a: Jirachi\n|-damage|p2a: Jirachi|0 fnt\n|faint|p2a: Jirachi\n|\n|-weather|Sandstorm|[upkeep]\n|upkeep\n|\n|t:|1661888951\n|switch|p2a: Clefable|Clefable, M|82\/100\n|turn|22\n|\n|t:|1661888958\n|move|p1a: Garchomp|Earthquake|p2a: Clefable\n|-damage|p2a: Clefable|26\/100\n|move|p2a: Clefable|Reflect|p2a: Clefable\n|-sidestart|p2: Torellium|Reflect\n|\n|-weather|Sandstorm|[upkeep]\n|upkeep\n|turn|23\n|\n|t:|1661888973\n|switch|p1a: Tyranitar|Tyranitar, M|100\/100\n|-damage|p1a: Tyranitar|88\/100|[from] Stealth Rock\n|move|p2a: Clefable|Body Slam|p1a: Tyranitar\n|-resisted|p1a: Tyranitar\n|-crit|p1a: Tyranitar\n|-damage|p1a: Tyranitar|71\/100\n|-status|p1a: Tyranitar|par\n|\n|-weather|Sandstorm|[upkeep]\n|upkeep\n|turn|24\n|\n|t:|1661888979\n|move|p2a: Clefable|Light Screen|p2a: Clefable\n|-sidestart|p2: Torellium|move: Light Screen\n|move|p1a: Tyranitar|Crunch|p2a: Clefable\n|-damage|p2a: Clefable|3\/100\n|\n|-weather|Sandstorm|[upkeep]\n|upkeep\n|turn|25\n|\n|t:|1661888985\n|switch|p1a: Ferrothorn|Ferrothorn, F|100\/100 par\n|-damage|p1a: Ferrothorn|94\/100 par|[from] Stealth Rock\n|move|p2a: Clefable|Body Slam|p1a: Ferrothorn\n|-resisted|p1a: Ferrothorn\n|-damage|p1a: Ferrothorn|87\/100 par\n|\n|-weather|Sandstorm|[upkeep]\n|-heal|p1a: Ferrothorn|94\/100 par|[from] item: Leftovers\n|upkeep\n|turn|26\n|\n|t:|1661888992\n|switch|p2a: Scrafty|Scrafty, F|100\/100\n|-damage|p2a: Scrafty|95\/100|[from] Stealth Rock\n|move|p1a: Ferrothorn|Spikes|p2a: Scrafty\n|-sidestart|p2: Torellium|Spikes\n|\n|-weather|Sandstorm|[upkeep]\n|-damage|p2a: Scrafty|89\/100|[from] Sandstorm\n|-heal|p2a: Scrafty|95\/100|[from] item: Leftovers\n|-heal|p1a: Ferrothorn|99\/100 par|[from] item: Leftovers\n|upkeep\n|turn|27\n|\n|t:|1661889002\n|switch|p1a: Tyranitar|Tyranitar, M|71\/100 par\n|-damage|p1a: Tyranitar|59\/100 par|[from] Stealth Rock\n|move|p2a: Scrafty|Bulk Up|p2a: Scrafty\n|-boost|p2a: Scrafty|atk|1\n|-boost|p2a: Scrafty|def|1\n|\n|-weather|Sandstorm|[upkeep]\n|-damage|p2a: Scrafty|89\/100|[from] Sandstorm\n|-heal|p2a: Scrafty|95\/100|[from] item: Leftovers\n|upkeep\n|turn|28\n|\n|t:|1661889017\n|move|p2a: Scrafty|Amnesia|p2a: Scrafty\n|-boost|p2a: Scrafty|spd|2\n|move|p1a: Tyranitar|Thunder Wave|p2a: Scrafty\n|-status|p2a: Scrafty|par\n|\n|-weather|Sandstorm|[upkeep]\n|-damage|p2a: Scrafty|89\/100 par|[from] Sandstorm\n|-heal|p2a: Scrafty|95\/100 par|[from] item: Leftovers\n|upkeep\n|turn|29\n|\n|t:|1661889024\n|move|p1a: Tyranitar|Superpower|p2a: Scrafty\n|-supereffective|p2a: Scrafty\n|-damage|p2a: Scrafty|68\/100 par\n|-unboost|p1a: Tyranitar|atk|1\n|-unboost|p1a: Tyranitar|def|1\n|move|p2a: Scrafty|Bulk Up|p2a: Scrafty\n|-boost|p2a: Scrafty|atk|1\n|-boost|p2a: Scrafty|def|1\n|\n|-weather|Sandstorm|[upkeep]\n|-damage|p2a: Scrafty|62\/100 par|[from] Sandstorm\n|-heal|p2a: Scrafty|68\/100 par|[from] item: Leftovers\n|-sideend|p2: Torellium|Reflect\n|upkeep\n|turn|30\n|\n|t:|1661889033\n|move|p1a: Tyranitar|Superpower|p2a: Scrafty\n|-supereffective|p2a: Scrafty\n|-damage|p2a: Scrafty|45\/100 par\n|-unboost|p1a: Tyranitar|atk|1\n|-unboost|p1a: Tyranitar|def|1\n|move|p2a: Scrafty|Crunch|p1a: Tyranitar\n|-resisted|p1a: Tyranitar\n|-damage|p1a: Tyranitar|0 fnt\n|faint|p1a: Tyranitar\n|\n|-weather|Sandstorm|[upkeep]\n|-damage|p2a: Scrafty|39\/100 par|[from] Sandstorm\n|-heal|p2a: Scrafty|45\/100 par|[from] item: Leftovers\n|upkeep\n|\n|t:|1661889039\n|switch|p1a: Garchomp|Garchomp, F|94\/100\n|-damage|p1a: Garchomp|88\/100|[from] Stealth Rock\n|turn|31\n|\n|t:|1661889042\n|move|p1a: Garchomp|Outrage|p2a: Scrafty\n|-damage|p2a: Scrafty|16\/100 par\n|move|p2a: Scrafty|Rest|p2a: Scrafty\n|-status|p2a: Scrafty|slp|[from] move: Rest\n|-heal|p2a: Scrafty|100\/100 slp|[silent]\n|\n|-weather|Sandstorm|[upkeep]\n|-damage|p2a: Scrafty|95\/100 slp|[from] Sandstorm\n|-activate|p2a: Scrafty|ability: Shed Skin\n|-curestatus|p2a: Scrafty|slp|[msg]\n|-heal|p2a: Scrafty|100\/100|[from] item: Leftovers\n|-sideend|p2: Torellium|move: Light Screen\n|upkeep\n|turn|32\n|\n|t:|1661889050\n|move|p1a: Garchomp|Outrage|p2a: Scrafty|[from]lockedmove\n|-damage|p2a: Scrafty|72\/100\n|move|p2a: Scrafty|Bulk Up|p2a: Scrafty\n|-boost|p2a: Scrafty|atk|1\n|-boost|p2a: Scrafty|def|1\n|\n|-weather|Sandstorm|[upkeep]\n|-damage|p2a: Scrafty|66\/100|[from] Sandstorm\n|-heal|p2a: Scrafty|72\/100|[from] item: Leftovers\n|upkeep\n|turn|33\n|\n|t:|1661889060\n|move|p1a: Garchomp|Outrage|p2a: Scrafty|[from]lockedmove\n|-damage|p2a: Scrafty|48\/100\n|-start|p1a: Garchomp|confusion|[fatigue]\n|move|p2a: Scrafty|Rest|p2a: Scrafty\n|-status|p2a: Scrafty|slp|[from] move: Rest\n|-heal|p2a: Scrafty|100\/100 slp|[silent]\n|\n|-weather|Sandstorm|[upkeep]\n|-damage|p2a: Scrafty|95\/100 slp|[from] Sandstorm\n|-heal|p2a: Scrafty|100\/100 slp|[from] item: Leftovers\n|upkeep\n|turn|34\n|\n|t:|1661889067\n|switch|p1a: Rotom|Rotom-Wash|80\/100 par\n|-damage|p1a: Rotom|67\/100 par|[from] Stealth Rock\n|cant|p2a: Scrafty|slp\n|\n|-weather|Sandstorm|[upkeep]\n|-damage|p2a: Scrafty|95\/100 slp|[from] Sandstorm\n|-damage|p1a: Rotom|62\/100 par|[from] Sandstorm\n|-activate|p2a: Scrafty|ability: Shed Skin\n|-curestatus|p2a: Scrafty|slp|[msg]\n|-heal|p2a: Scrafty|100\/100|[from] item: Leftovers\n|-heal|p1a: Rotom|67\/100 par|[from] item: Leftovers\n|upkeep\n|turn|35\n|\n|t:|1661889072\n|move|p2a: Scrafty|Crunch|p1a: Rotom\n|-damage|p1a: Rotom|0 fnt\n|faint|p1a: Rotom\n|\n|-weather|Sandstorm|[upkeep]\n|-damage|p2a: Scrafty|95\/100|[from] Sandstorm\n|-heal|p2a: Scrafty|100\/100|[from] item: Leftovers\n|upkeep\n|\n|t:|1661889074\n|switch|p1a: Ferrothorn|Ferrothorn, F|99\/100 par\n|-damage|p1a: Ferrothorn|94\/100 par|[from] Stealth Rock\n|turn|36\n|\n|t:|1661889083\n|move|p2a: Scrafty|Amnesia|p2a: Scrafty\n|-boost|p2a: Scrafty|spd|2\n|move|p1a: Ferrothorn|Knock Off|p2a: Scrafty\n|-resisted|p2a: Scrafty\n|-damage|p2a: Scrafty|99\/100\n|-enditem|p2a: Scrafty|Leftovers|[from] move: Knock Off|[of] p1a: Ferrothorn\n|\n|-weather|Sandstorm|[upkeep]\n|-damage|p2a: Scrafty|94\/100|[from] Sandstorm\n|-heal|p1a: Ferrothorn|99\/100 par|[from] item: Leftovers\n|upkeep\n|turn|37\n|\n|t:|1661889092\n|move|p2a: Scrafty|Amnesia|p2a: Scrafty\n|-boost|p2a: Scrafty|spd|2\n|cant|p1a: Ferrothorn|par\n|\n|-weather|Sandstorm|[upkeep]\n|-damage|p2a: Scrafty|88\/100|[from] Sandstorm\n|-heal|p1a: Ferrothorn|100\/100 par|[from] item: Leftovers\n|upkeep\n|turn|38\n|\n|t:|1661889095\n|move|p2a: Scrafty|Bulk Up|p2a: Scrafty\n|-boost|p2a: Scrafty|atk|1\n|-boost|p2a: Scrafty|def|1\n|cant|p1a: Ferrothorn|par\n|\n|-weather|Sandstorm|[upkeep]\n|-damage|p2a: Scrafty|82\/100|[from] Sandstorm\n|upkeep\n|turn|39\n|\n|t:|1661889102\n|move|p2a: Scrafty|Bulk Up|p2a: Scrafty\n|-boost|p2a: Scrafty|atk|1\n|-boost|p2a: Scrafty|def|1\n|move|p1a: Ferrothorn|Power Whip|p2a: Scrafty\n|-damage|p2a: Scrafty|71\/100\n|\n|-weather|Sandstorm|[upkeep]\n|-damage|p2a: Scrafty|65\/100|[from] Sandstorm\n|upkeep\n|turn|40\n|\n|t:|1661889107\n|move|p2a: Scrafty|Bulk Up|p2a: Scrafty\n|-boost|p2a: Scrafty|atk|1\n|-boost|p2a: Scrafty|def|1\n|cant|p1a: Ferrothorn|par\n|\n|-weather|Sandstorm|[upkeep]\n|-damage|p2a: Scrafty|59\/100|[from] Sandstorm\n|upkeep\n|turn|41\n|\n|t:|1661889111\n|move|p2a: Scrafty|Crunch|p1a: Ferrothorn\n|-resisted|p1a: Ferrothorn\n|-damage|p1a: Ferrothorn|45\/100 par\n|-damage|p2a: Scrafty|47\/100|[from] ability: Iron Barbs|[of] p1a: Ferrothorn\n|move|p1a: Ferrothorn|Power Whip|p2a: Scrafty\n|-damage|p2a: Scrafty|37\/100\n|\n|-weather|Sandstorm|[upkeep]\n|-damage|p2a: Scrafty|31\/100|[from] Sandstorm\n|-heal|p1a: Ferrothorn|51\/100 par|[from] item: Leftovers\n|upkeep\n|turn|42\n|\n|t:|1661889119\n|switch|p1a: Garchomp|Garchomp, F|88\/100\n|-damage|p1a: Garchomp|82\/100|[from] Stealth Rock\n|move|p2a: Scrafty|Rest|p2a: Scrafty\n|-status|p2a: Scrafty|slp|[from] move: Rest\n|-heal|p2a: Scrafty|100\/100 slp|[silent]\n|\n|-weather|Sandstorm|[upkeep]\n|-damage|p2a: Scrafty|95\/100 slp|[from] Sandstorm\n|upkeep\n|turn|43\n|\n|t:|1661889122\n|move|p1a: Garchomp|Earthquake|p2a: Scrafty\n|-damage|p2a: Scrafty|83\/100 slp\n|cant|p2a: Scrafty|slp\n|\n|-weather|Sandstorm|[upkeep]\n|-damage|p2a: Scrafty|77\/100 slp|[from] Sandstorm\n|upkeep\n|turn|44\n|\n|t:|1661889125\n|move|p1a: Garchomp|Earthquake|p2a: Scrafty\n|-damage|p2a: Scrafty|65\/100 slp\n|cant|p2a: Scrafty|slp\n|\n|-weather|Sandstorm|[upkeep]\n|-damage|p2a: Scrafty|59\/100 slp|[from] Sandstorm\n|upkeep\n|turn|45\n|\n|t:|1661889130\n|switch|p1a: Ferrothorn|Ferrothorn, F|51\/100 par\n|-damage|p1a: Ferrothorn|45\/100 par|[from] Stealth Rock\n|-curestatus|p2a: Scrafty|slp|[msg]\n|move|p2a: Scrafty|Rest|p2a: Scrafty\n|-status|p2a: Scrafty|slp|[from] move: Rest\n|-heal|p2a: Scrafty|100\/100 slp|[silent]\n|\n|-weather|Sandstorm|[upkeep]\n|-damage|p2a: Scrafty|95\/100 slp|[from] Sandstorm\n|-activate|p2a: Scrafty|ability: Shed Skin\n|-curestatus|p2a: Scrafty|slp|[msg]\n|-heal|p1a: Ferrothorn|51\/100 par|[from] item: Leftovers\n|upkeep\n|turn|46\n|\n|t:|1661889136\n|move|p2a: Scrafty|Crunch|p1a: Ferrothorn\n|-resisted|p1a: Ferrothorn\n|-damage|p1a: Ferrothorn|0 fnt\n|-damage|p2a: Scrafty|82\/100|[from] ability: Iron Barbs|[of] p1a: Ferrothorn\n|faint|p1a: Ferrothorn\n|\n|-weather|Sandstorm|[upkeep]\n|-damage|p2a: Scrafty|76\/100|[from] Sandstorm\n|upkeep\n|\n|t:|1661889140\n|switch|p1a: Garchomp|Garchomp, F|82\/100\n|-damage|p1a: Garchomp|76\/100|[from] Stealth Rock\n|turn|47\n|\n|t:|1661889146\n|move|p1a: Garchomp|Earthquake|p2a: Scrafty\n|-damage|p2a: Scrafty|64\/100\n|move|p2a: Scrafty|Rest|p2a: Scrafty\n|-status|p2a: Scrafty|slp|[from] move: Rest\n|-heal|p2a: Scrafty|100\/100 slp|[silent]\n|\n|-weather|Sandstorm|[upkeep]\n|-damage|p2a: Scrafty|95\/100 slp|[from] Sandstorm\n|upkeep\n|turn|48\n|\n|t:|1661889149\n|move|p1a: Garchomp|Earthquake|p2a: Scrafty\n|-damage|p2a: Scrafty|83\/100 slp\n|cant|p2a: Scrafty|slp\n|\n|-weather|Sandstorm|[upkeep]\n|-damage|p2a: Scrafty|77\/100 slp|[from] Sandstorm\n|-activate|p2a: Scrafty|ability: Shed Skin\n|-curestatus|p2a: Scrafty|slp|[msg]\n|upkeep\n|turn|49\n|\n|t:|1661889152\n|move|p1a: Garchomp|Earthquake|p2a: Scrafty\n|-damage|p2a: Scrafty|66\/100\n|move|p2a: Scrafty|Crunch|p1a: Garchomp\n|-damage|p1a: Garchomp|0 fnt\n|-damage|p2a: Scrafty|53\/100|[from] ability: Rough Skin|[of] p1a: Garchomp\n|faint|p1a: Garchomp\n|\n|-weather|Sandstorm|[upkeep]\n|-damage|p2a: Scrafty|48\/100|[from] Sandstorm\n|upkeep\n|\n|t:|1661889154\n|switch|p1a: Latios|Latios, M|89\/100\n|-damage|p1a: Latios|76\/100|[from] Stealth Rock\n|turn|50\n|\n|t:|1661889164\n|move|p1a: Latios|Draco Meteor|p2a: Scrafty\n|-damage|p2a: Scrafty|32\/100\n|-unboost|p1a: Latios|spa|2\n|move|p2a: Scrafty|Crunch|p1a: Latios\n|-supereffective|p1a: Latios\n|-enditem|p1a: Latios|Colbur Berry|[eat]\n|-enditem|p1a: Latios|Colbur Berry|[weaken]\n|-damage|p1a: Latios|0 fnt\n|faint|p1a: Latios\n|\n|win|Torellium\n|raw|alvar03's rating: 1442 &rarr; <strong>1412<\/strong><br \/>(-30 for losing)\n|raw|Torellium's rating: 1253 &rarr; <strong>1290<\/strong><br \/>(+37 for winning)\n|l|\u2606Torellium\n|l|\u2606alvar03\n","uploadtime":1661889177,"views":17,"p1id":"alvar03","p2id":"torellium","formatid":"gen5ou","rating":1290,"private":0,"password":null}