{"id":"gen5ou-1706965556","p1":"Exohn","p2":"JymmyGritten","format":"gen5ou","log":"|j|\u2606Exohn\n|j|\u2606JymmyGritten\n|t:|1668037051\n|gametype|singles\n|player|p1|Exohn|gambler|\n|player|p2|JymmyGritten|blackbelt-gen4|\n|teamsize|p1|6\n|teamsize|p2|6\n|gen|5\n|tier|[Gen 5] OU\n|rule|Species Clause: Limit one of each Pok\u00e9mon\n|rule|OHKO Clause: OHKO moves are banned\n|rule|Moody Clause: Moody is banned\n|rule|Evasion Items Clause: Evasion items are banned\n|rule|Evasion Moves Clause: Evasion moves are banned\n|rule|Endless Battle Clause: Forcing endless battles is banned\n|rule|HP Percentage Mod: HP is shown in percentages\n|rule|Evasion Abilities Clause: Evasion abilities are banned\n|rule|Sleep Clause: Sleep-inducing moves are banned\n|rule|Swagger Clause: Swagger is banned\n|clearpoke\n|poke|p1|Politoed, M|item\n|poke|p1|Latios, M|item\n|poke|p1|Ferrothorn, F|item\n|poke|p1|Starmie|item\n|poke|p1|Tentacruel, F|item\n|poke|p1|Slowking, F|item\n|poke|p2|Tyranitar, M|item\n|poke|p2|Jirachi|item\n|poke|p2|Reuniclus, M|item\n|poke|p2|Keldeo-Resolute|item\n|poke|p2|Rotom-Wash|item\n|poke|p2|Excadrill, F|item\n|teampreview\n|\n|t:|1668037080\n|start\n|switch|p1a: Politoed|Politoed, M|100\/100\n|switch|p2a: Rotom|Rotom-Wash|100\/100\n|-weather|RainDance|[from] ability: Drizzle|[of] p1a: Politoed\n|turn|1\n|\n|t:|1668037090\n|switch|p1a: Ferrothorn|Ferrothorn, F|100\/100\n|move|p2a: Rotom|Volt Switch|p1a: Ferrothorn\n|-resisted|p1a: Ferrothorn\n|-damage|p1a: Ferrothorn|92\/100\n|\n|t:|1668037096\n|switch|p2a: Tyranitar|Tyranitar, M|100\/100|[from]move: Volt Switch\n|-weather|Sandstorm|[from] ability: Sand Stream|[of] p2a: Tyranitar\n|\n|-weather|Sandstorm|[upkeep]\n|upkeep\n|turn|2\n|\n|t:|1668037112\n|move|p2a: Tyranitar|Fire Blast|p1a: Ferrothorn\n|-supereffective|p1a: Ferrothorn\n|-damage|p1a: Ferrothorn|24\/100\n|move|p1a: Ferrothorn|Power Whip|p2a: Tyranitar\n|-supereffective|p2a: Tyranitar\n|-crit|p2a: Tyranitar\n|-damage|p2a: Tyranitar|0 fnt\n|faint|p2a: Tyranitar\n|\n|-weather|Sandstorm|[upkeep]\n|upkeep\n|\n|t:|1668037137\n|switch|p2a: Keldeo|Keldeo-Resolute|100\/100\n|turn|3\n|\n|t:|1668037148\n|switch|p1a: Slowking|Slowking, F|100\/100\n|move|p2a: Keldeo|Hidden Power|p1a: Slowking\n|-supereffective|p1a: Slowking\n|-damage|p1a: Slowking|45\/100\n|\n|-weather|Sandstorm|[upkeep]\n|-damage|p2a: Keldeo|94\/100|[from] Sandstorm\n|-damage|p1a: Slowking|39\/100|[from] Sandstorm\n|-heal|p1a: Slowking|45\/100|[from] item: Leftovers\n|upkeep\n|turn|4\n|\n|t:|1668037160\n|switch|p2a: Jirachi|Jirachi|100\/100\n|switch|p1a: Latios|Latios, M|100\/100\n|\n|-weather|Sandstorm|[upkeep]\n|-damage|p1a: Latios|95\/100|[from] Sandstorm\n|upkeep\n|turn|5\n|\n|t:|1668037179\n|move|p1a: Latios|Trick|p2a: Jirachi\n|-activate|p1a: Latios|move: Trick|[of] p2a: Jirachi\n|-item|p2a: Jirachi|Choice Specs|[from] move: Trick\n|-item|p1a: Latios|Leftovers|[from] move: Trick\n|move|p2a: Jirachi|Stealth Rock|p1a: Latios\n|-sidestart|p1: Exohn|move: Stealth Rock\n|\n|-weather|Sandstorm|[upkeep]\n|-damage|p1a: Latios|89\/100|[from] Sandstorm\n|-heal|p1a: Latios|95\/100|[from] item: Leftovers\n|upkeep\n|turn|6\n|\n|t:|1668037196\n|switch|p1a: Politoed|Politoed, M|100\/100\n|-damage|p1a: Politoed|88\/100|[from] Stealth Rock\n|-weather|RainDance|[from] ability: Drizzle|[of] p1a: Politoed\n|switch|p2a: Rotom|Rotom-Wash|100\/100\n|\n|-weather|RainDance|[upkeep]\n|-heal|p1a: Politoed|94\/100|[from] item: Leftovers\n|upkeep\n|turn|7\n|\n|t:|1668037203\n|switch|p1a: Tentacruel|Tentacruel, F|100\/100\n|-damage|p1a: Tentacruel|88\/100|[from] Stealth Rock\n|move|p2a: Rotom|Volt Switch|p1a: Tentacruel\n|-supereffective|p1a: Tentacruel\n|-damage|p1a: Tentacruel|45\/100\n|\n|t:|1668037210\n|switch|p2a: Keldeo|Keldeo-Resolute|94\/100|[from]move: Volt Switch\n|\n|-weather|RainDance|[upkeep]\n|-heal|p1a: Tentacruel|51\/100|[from] ability: Rain Dish\n|-heal|p1a: Tentacruel|57\/100|[from] item: Black Sludge\n|upkeep\n|turn|8\n|\n|t:|1668037218\n|switch|p1a: Slowking|Slowking, F|78\/100\n|-damage|p1a: Slowking|66\/100|[from] Stealth Rock\n|move|p2a: Keldeo|Hydro Pump|p1a: Slowking|[miss]\n|-miss|p2a: Keldeo|p1a: Slowking\n|\n|-weather|RainDance|[upkeep]\n|-heal|p1a: Slowking|72\/100|[from] item: Leftovers\n|upkeep\n|turn|9\n|\n|t:|1668037236\n|switch|p2a: Jirachi|Jirachi|100\/100\n|move|p1a: Slowking|Slack Off|p1a: Slowking\n|-heal|p1a: Slowking|100\/100\n|\n|-weather|RainDance|[upkeep]\n|upkeep\n|turn|10\n|\n|t:|1668037244\n|switch|p1a: Politoed|Politoed, M|94\/100\n|-damage|p1a: Politoed|82\/100|[from] Stealth Rock\n|move|p2a: Jirachi|U-turn|p1a: Politoed\n|-crit|p1a: Politoed\n|-damage|p1a: Politoed|50\/100\n|\n|t:|1668037249\n|switch|p2a: Keldeo|Keldeo-Resolute|94\/100|[from]move: U-turn\n|\n|-weather|RainDance|[upkeep]\n|-heal|p1a: Politoed|56\/100|[from] item: Leftovers\n|upkeep\n|turn|11\n|\n|t:|1668037256\n|switch|p1a: Slowking|Slowking, F|100\/100\n|-damage|p1a: Slowking|88\/100|[from] Stealth Rock\n|move|p2a: Keldeo|Hydro Pump|p1a: Slowking\n|-resisted|p1a: Slowking\n|-damage|p1a: Slowking|35\/100\n|\n|-weather|RainDance|[upkeep]\n|-heal|p1a: Slowking|41\/100|[from] item: Leftovers\n|upkeep\n|turn|12\n|\n|t:|1668037262\n|switch|p1a: Ferrothorn|Ferrothorn, F|24\/100\n|-damage|p1a: Ferrothorn|18\/100|[from] Stealth Rock\n|move|p2a: Keldeo|Hydro Pump|p1a: Ferrothorn\n|-resisted|p1a: Ferrothorn\n|-damage|p1a: Ferrothorn|0 fnt\n|faint|p1a: Ferrothorn\n|\n|-weather|RainDance|[upkeep]\n|upkeep\n|\n|t:|1668037287\n|switch|p1a: Starmie|Starmie|100\/100\n|-damage|p1a: Starmie|88\/100|[from] Stealth Rock\n|turn|13\n|\n|t:|1668037296\n|switch|p2a: Excadrill|Excadrill, F|100\/100\n|move|p1a: Starmie|Thunder|p2a: Excadrill\n|-immune|p2a: Excadrill\n|\n|-weather|RainDance|[upkeep]\n|upkeep\n|turn|14\n|\n|t:|1668037308\n|switch|p1a: Tentacruel|Tentacruel, F|57\/100\n|-damage|p1a: Tentacruel|45\/100|[from] Stealth Rock\n|switch|p2a: Jirachi|Jirachi|100\/100\n|\n|-weather|RainDance|[upkeep]\n|-heal|p1a: Tentacruel|51\/100|[from] ability: Rain Dish\n|-heal|p1a: Tentacruel|57\/100|[from] item: Black Sludge\n|upkeep\n|turn|15\n|\n|t:|1668037315\n|move|p2a: Jirachi|Ice Punch|p1a: Tentacruel\n|-resisted|p1a: Tentacruel\n|-damage|p1a: Tentacruel|49\/100\n|move|p1a: Tentacruel|Rapid Spin|p2a: Jirachi\n|-resisted|p2a: Jirachi\n|-damage|p2a: Jirachi|99\/100\n|-sideend|p1: Exohn|Stealth Rock|[from] move: Rapid Spin|[of] p1a: Tentacruel\n|\n|-weather|RainDance|[upkeep]\n|-heal|p1a: Tentacruel|55\/100|[from] ability: Rain Dish\n|-heal|p1a: Tentacruel|61\/100|[from] item: Black Sludge\n|upkeep\n|turn|16\n|\n|t:|1668037325\n|switch|p1a: Slowking|Slowking, F|74\/100\n|move|p2a: Jirachi|Ice Punch|p1a: Slowking\n|-resisted|p1a: Slowking\n|-damage|p1a: Slowking|68\/100\n|\n|-weather|RainDance|[upkeep]\n|-heal|p1a: Slowking|74\/100|[from] item: Leftovers\n|upkeep\n|turn|17\n|\n|t:|1668037334\n|switch|p2a: Rotom|Rotom-Wash|100\/100\n|switch|p1a: Politoed|Politoed, M|56\/100\n|\n|-weather|RainDance|[upkeep]\n|-heal|p1a: Politoed|62\/100|[from] item: Leftovers\n|upkeep\n|turn|18\n|\n|t:|1668037362\n|move|p2a: Rotom|Volt Switch|p1a: Politoed\n|-supereffective|p1a: Politoed\n|-damage|p1a: Politoed|25\/100\n|\n|t:|1668037367\n|switch|p2a: Keldeo|Keldeo-Resolute|94\/100|[from]move: Volt Switch\n|move|p1a: Politoed|Scald|p2a: Keldeo\n|-resisted|p2a: Keldeo\n|-damage|p2a: Keldeo|74\/100\n|\n|-weather|RainDance|[upkeep]\n|-heal|p1a: Politoed|31\/100|[from] item: Leftovers\n|upkeep\n|turn|19\n|\n|t:|1668037377\n|switch|p1a: Slowking|Slowking, F|100\/100\n|move|p2a: Keldeo|Surf|p1a: Slowking\n|-resisted|p1a: Slowking\n|-damage|p1a: Slowking|57\/100\n|\n|-weather|RainDance|[upkeep]\n|-heal|p1a: Slowking|63\/100|[from] item: Leftovers\n|upkeep\n|turn|20\n|\n|t:|1668037385\n|switch|p2a: Jirachi|Jirachi|99\/100\n|move|p1a: Slowking|Scald|p2a: Jirachi\n|-damage|p2a: Jirachi|61\/100\n|\n|-weather|RainDance|[upkeep]\n|-heal|p1a: Slowking|69\/100|[from] item: Leftovers\n|upkeep\n|turn|21\n|\n|t:|1668037390\n|move|p2a: Jirachi|Stealth Rock|p1a: Slowking\n|-sidestart|p1: Exohn|move: Stealth Rock\n|move|p1a: Slowking|Thunder Wave|p2a: Jirachi\n|-status|p2a: Jirachi|par\n|\n|-weather|RainDance|[upkeep]\n|-heal|p1a: Slowking|75\/100|[from] item: Leftovers\n|upkeep\n|turn|22\n|\n|t:|1668037402\n|switch|p1a: Starmie|Starmie|88\/100\n|-damage|p1a: Starmie|76\/100|[from] Stealth Rock\n|switch|p2a: Rotom|Rotom-Wash|100\/100\n|\n|-weather|RainDance|[upkeep]\n|upkeep\n|turn|23\n|\n|t:|1668037412\n|move|p1a: Starmie|Thunder|p2a: Rotom\n|-damage|p2a: Rotom|61\/100\n|-damage|p1a: Starmie|66\/100|[from] item: Life Orb\n|move|p2a: Rotom|Volt Switch|p1a: Starmie\n|-supereffective|p1a: Starmie\n|-damage|p1a: Starmie|0 fnt\n|faint|p1a: Starmie\n|\n|t:|1668037426\n|switch|p2a: Jirachi|Jirachi|61\/100 par|[from]move: Volt Switch\n|\n|-weather|RainDance|[upkeep]\n|upkeep\n|\n|t:|1668037432\n|switch|p1a: Tentacruel|Tentacruel, F|61\/100\n|-damage|p1a: Tentacruel|48\/100|[from] Stealth Rock\n|turn|24\n|\n|t:|1668037437\n|move|p1a: Tentacruel|Rapid Spin|p2a: Jirachi\n|-resisted|p2a: Jirachi\n|-damage|p2a: Jirachi|60\/100 par\n|-sideend|p1: Exohn|Stealth Rock|[from] move: Rapid Spin|[of] p1a: Tentacruel\n|move|p2a: Jirachi|Wish|p2a: Jirachi\n|\n|-weather|RainDance|[upkeep]\n|-heal|p1a: Tentacruel|54\/100|[from] ability: Rain Dish\n|-heal|p1a: Tentacruel|60\/100|[from] item: Black Sludge\n|upkeep\n|turn|25\n|\n|t:|1668037445\n|switch|p1a: Latios|Latios, M|95\/100\n|switch|p2a: Keldeo|Keldeo-Resolute|74\/100\n|\n|-weather|RainDance|[upkeep]\n|-heal|p2a: Keldeo|100\/100|[from] move: Wish|[wisher] Jirachi\n|-heal|p1a: Latios|100\/100|[from] item: Leftovers\n|upkeep\n|turn|26\n|\n|t:|1668037458\n|switch|p2a: Excadrill|Excadrill, F|100\/100\n|move|p1a: Latios|Surf|p2a: Excadrill\n|-supereffective|p2a: Excadrill\n|-damage|p2a: Excadrill|10\/100\n|\n|-weather|RainDance|[upkeep]\n|-heal|p2a: Excadrill|16\/100|[from] item: Leftovers\n|upkeep\n|turn|27\n|\n|t:|1668037465\n|move|p2a: Excadrill|Protect|p2a: Excadrill\n|-singleturn|p2a: Excadrill|Protect\n|move|p1a: Latios|Surf|p2a: Excadrill\n|-activate|p2a: Excadrill|move: Protect\n|\n|-weather|RainDance|[upkeep]\n|-heal|p2a: Excadrill|22\/100|[from] item: Leftovers\n|upkeep\n|turn|28\n|\n|t:|1668037473\n|move|p1a: Latios|Surf|p2a: Excadrill\n|-supereffective|p2a: Excadrill\n|-damage|p2a: Excadrill|0 fnt\n|faint|p2a: Excadrill\n|\n|-weather|RainDance|[upkeep]\n|upkeep\n|\n|t:|1668037476\n|switch|p2a: Reuniclus|Reuniclus, M|100\/100\n|turn|29\n|\n|t:|1668037485\n|switch|p1a: Politoed|Politoed, M|31\/100\n|switch|p2a: Rotom|Rotom-Wash|61\/100\n|\n|-weather|RainDance|[upkeep]\n|-heal|p2a: Rotom|67\/100|[from] item: Leftovers\n|-heal|p1a: Politoed|37\/100|[from] item: Leftovers\n|upkeep\n|turn|30\n|\n|t:|1668037500\n|switch|p1a: Latios|Latios, M|100\/100\n|move|p2a: Rotom|Will-O-Wisp|p1a: Latios\n|-status|p1a: Latios|brn\n|\n|-weather|RainDance|[upkeep]\n|-heal|p2a: Rotom|73\/100|[from] item: Leftovers\n|-damage|p1a: Latios|88\/100 brn|[from] brn\n|upkeep\n|turn|31\n|\n|t:|1668037505\n|move|p2a: Rotom|Protect|p2a: Rotom\n|-singleturn|p2a: Rotom|Protect\n|move|p1a: Latios|Draco Meteor|p2a: Rotom\n|-activate|p2a: Rotom|move: Protect\n|\n|-weather|RainDance|[upkeep]\n|-heal|p1a: Latios|94\/100 brn|[from] item: Leftovers\n|-heal|p2a: Rotom|79\/100|[from] item: Leftovers\n|-damage|p1a: Latios|82\/100 brn|[from] brn\n|upkeep\n|turn|32\n|\n|t:|1668037511\n|switch|p1a: Politoed|Politoed, M|37\/100\n|switch|p2a: Jirachi|Jirachi|60\/100 par\n|\n|-weather|RainDance|[upkeep]\n|-heal|p1a: Politoed|43\/100|[from] item: Leftovers\n|upkeep\n|turn|33\n|\n|t:|1668037520\n|switch|p1a: Tentacruel|Tentacruel, F|60\/100\n|move|p2a: Jirachi|Stealth Rock|p1a: Tentacruel\n|-sidestart|p1: Exohn|move: Stealth Rock\n|\n|-weather|RainDance|[upkeep]\n|-heal|p1a: Tentacruel|66\/100|[from] ability: Rain Dish\n|-heal|p1a: Tentacruel|72\/100|[from] item: Black Sludge\n|upkeep\n|turn|34\n|\n|t:|1668037527\n|switch|p2a: Rotom|Rotom-Wash|79\/100\n|move|p1a: Tentacruel|Rapid Spin|p2a: Rotom\n|-damage|p2a: Rotom|77\/100\n|-sideend|p1: Exohn|Stealth Rock|[from] move: Rapid Spin|[of] p1a: Tentacruel\n|\n|-weather|RainDance|[upkeep]\n|-heal|p1a: Tentacruel|79\/100|[from] ability: Rain Dish\n|-heal|p1a: Tentacruel|85\/100|[from] item: Black Sludge\n|-heal|p2a: Rotom|83\/100|[from] item: Leftovers\n|upkeep\n|turn|35\n|\n|t:|1668037535\n|switch|p1a: Slowking|Slowking, F|100\/100\n|move|p2a: Rotom|Volt Switch|p1a: Slowking\n|-supereffective|p1a: Slowking\n|-crit|p1a: Slowking\n|-damage|p1a: Slowking|21\/100\n|\n|t:|1668037539\n|switch|p2a: Keldeo|Keldeo-Resolute|100\/100|[from]move: Volt Switch\n|\n|-weather|RainDance|[upkeep]\n|-heal|p1a: Slowking|27\/100|[from] item: Leftovers\n|upkeep\n|turn|36\n|\n|t:|1668037546\n|switch|p1a: Politoed|Politoed, M|43\/100\n|move|p2a: Keldeo|Surf|p1a: Politoed\n|-resisted|p1a: Politoed\n|-damage|p1a: Politoed|5\/100\n|\n|-weather|RainDance|[upkeep]\n|-heal|p1a: Politoed|11\/100|[from] item: Leftovers\n|upkeep\n|turn|37\n|\n|t:|1668037555\n|move|p2a: Keldeo|Surf|p1a: Politoed\n|-resisted|p1a: Politoed\n|-damage|p1a: Politoed|0 fnt\n|faint|p1a: Politoed\n|\n|-weather|RainDance|[upkeep]\n|upkeep\n|\n|t:|1668037558\n|switch|p1a: Latios|Latios, M|82\/100 brn\n|turn|38\n|\n|t:|1668037575\n|switch|p1a: Slowking|Slowking, F|61\/100\n|switch|p2a: Jirachi|Jirachi|60\/100 par\n|\n|-weather|RainDance|[upkeep]\n|-heal|p1a: Slowking|67\/100|[from] item: Leftovers\n|upkeep\n|turn|39\n|\n|t:|1668037582\n|switch|p1a: Tentacruel|Tentacruel, F|85\/100\n|move|p2a: Jirachi|Wish|p2a: Jirachi\n|\n|-weather|RainDance|[upkeep]\n|-heal|p1a: Tentacruel|91\/100|[from] ability: Rain Dish\n|-heal|p1a: Tentacruel|97\/100|[from] item: Black Sludge\n|upkeep\n|turn|40\n|\n|t:|1668037587\n|move|p1a: Tentacruel|Scald|p2a: Jirachi\n|-damage|p2a: Jirachi|32\/100 par\n|move|p2a: Jirachi|Wish||[still]\n|-fail|p2a: Jirachi\n|\n|-weather|RainDance|[upkeep]\n|-heal|p1a: Tentacruel|100\/100|[from] ability: Rain Dish\n|-heal|p2a: Jirachi|82\/100 par|[from] move: Wish|[wisher] Jirachi\n|upkeep\n|turn|41\n|\n|t:|1668037596\n|switch|p2a: Rotom|Rotom-Wash|83\/100\n|move|p1a: Tentacruel|Scald|p2a: Rotom\n|-resisted|p2a: Rotom\n|-damage|p2a: Rotom|66\/100\n|\n|-weather|RainDance|[upkeep]\n|-heal|p2a: Rotom|73\/100|[from] item: Leftovers\n|upkeep\n|turn|42\n|\n|t:|1668037607\n|move|p1a: Tentacruel|Toxic|p2a: Rotom\n|-status|p2a: Rotom|tox\n|move|p2a: Rotom|Volt Switch|p1a: Tentacruel\n|-supereffective|p1a: Tentacruel\n|-damage|p1a: Tentacruel|59\/100\n|\n|t:|1668037611\n|switch|p2a: Keldeo|Keldeo-Resolute|100\/100|[from]move: Volt Switch\n|\n|-weather|RainDance|[upkeep]\n|-heal|p1a: Tentacruel|65\/100|[from] ability: Rain Dish\n|-heal|p1a: Tentacruel|71\/100|[from] item: Black Sludge\n|upkeep\n|turn|43\n|\n|t:|1668037618\n|switch|p1a: Slowking|Slowking, F|99\/100\n|move|p2a: Keldeo|Hydro Pump|p1a: Slowking\n|-resisted|p1a: Slowking\n|-damage|p1a: Slowking|40\/100\n|\n|-weather|RainDance|[upkeep]\n|-heal|p1a: Slowking|46\/100|[from] item: Leftovers\n|upkeep\n|turn|44\n|\n|t:|1668037625\n|switch|p1a: Latios|Latios, M|82\/100 brn\n|move|p2a: Keldeo|Hydro Pump|p1a: Latios\n|-resisted|p1a: Latios\n|-damage|p1a: Latios|14\/100 brn\n|\n|-weather|RainDance|[upkeep]\n|-heal|p1a: Latios|20\/100 brn|[from] item: Leftovers\n|-damage|p1a: Latios|7\/100 brn|[from] brn\n|upkeep\n|turn|45\n|\n|t:|1668037637\n|switch|p2a: Jirachi|Jirachi|82\/100 par\n|move|p1a: Latios|Dragon Pulse|p2a: Jirachi\n|-resisted|p2a: Jirachi\n|-damage|p2a: Jirachi|61\/100 par\n|\n|-weather|RainDance|[upkeep]\n|-heal|p1a: Latios|13\/100 brn|[from] item: Leftovers\n|-damage|p1a: Latios|1\/100 brn|[from] brn\n|upkeep\n|turn|46\n|\n|t:|1668037643\n|move|p1a: Latios|Draco Meteor|p2a: Jirachi\n|-resisted|p2a: Jirachi\n|-damage|p2a: Jirachi|33\/100 par\n|-unboost|p1a: Latios|spa|2\n|cant|p2a: Jirachi|par\n|\n|-weather|RainDance|[upkeep]\n|-heal|p1a: Latios|7\/100 brn|[from] item: Leftovers\n|-damage|p1a: Latios|0 fnt|[from] brn\n|faint|p1a: Latios\n|upkeep\n|\n|t:|1668037647\n|switch|p1a: Tentacruel|Tentacruel, F|71\/100\n|turn|47\n|\n|t:|1668037660\n|switch|p2a: Reuniclus|Reuniclus, M|100\/100\n|move|p1a: Tentacruel|Scald|p2a: Reuniclus\n|-damage|p2a: Reuniclus|71\/100\n|\n|-weather|RainDance|[upkeep]\n|-heal|p1a: Tentacruel|77\/100|[from] ability: Rain Dish\n|-heal|p1a: Tentacruel|83\/100|[from] item: Black Sludge\n|-heal|p2a: Reuniclus|77\/100|[from] item: Leftovers\n|upkeep\n|turn|48\n|\n|t:|1668037667\n|switch|p1a: Slowking|Slowking, F|80\/100\n|move|p2a: Reuniclus|Recover|p2a: Reuniclus\n|-heal|p2a: Reuniclus|100\/100\n|\n|-weather|RainDance|[upkeep]\n|-heal|p1a: Slowking|86\/100|[from] item: Leftovers\n|upkeep\n|turn|49\n|\n|t:|1668037674\n|switch|p2a: Rotom|Rotom-Wash|73\/100 tox\n|move|p1a: Slowking|Thunder Wave||[still]\n|-fail|p1a: Slowking\n|\n|-weather|RainDance|[upkeep]\n|-heal|p2a: Rotom|79\/100 tox|[from] item: Leftovers\n|-heal|p1a: Slowking|92\/100|[from] item: Leftovers\n|-damage|p2a: Rotom|73\/100 tox|[from] psn\n|upkeep\n|turn|50\n|\n|t:|1668037682\n|move|p2a: Rotom|Volt Switch|p1a: Slowking\n|-supereffective|p1a: Slowking\n|-damage|p1a: Slowking|49\/100\n|\n|t:|1668037686\n|switch|p2a: Jirachi|Jirachi|33\/100 par|[from]move: Volt Switch\n|move|p1a: Slowking|Psychic|p2a: Jirachi\n|-resisted|p2a: Jirachi\n|-damage|p2a: Jirachi|26\/100 par\n|\n|-weather|RainDance|[upkeep]\n|-heal|p1a: Slowking|55\/100|[from] item: Leftovers\n|upkeep\n|turn|51\n|\n|t:|1668037696\n|move|p1a: Slowking|Slack Off|p1a: Slowking\n|-heal|p1a: Slowking|100\/100\n|move|p2a: Jirachi|Wish|p2a: Jirachi\n|\n|-weather|RainDance|[upkeep]\n|upkeep\n|turn|52\n|\n|t:|1668037706\n|switch|p2a: Rotom|Rotom-Wash|73\/100 tox\n|move|p1a: Slowking|Scald|p2a: Rotom\n|-resisted|p2a: Rotom\n|-damage|p2a: Rotom|52\/100 tox\n|\n|-weather|RainDance|[upkeep]\n|-heal|p2a: Rotom|100\/100 tox|[from] move: Wish|[wisher] Jirachi\n|-damage|p2a: Rotom|94\/100 tox|[from] psn\n|upkeep\n|turn|53\n|\n|t:|1668037714\n|move|p2a: Rotom|Volt Switch|p1a: Slowking\n|-supereffective|p1a: Slowking\n|-damage|p1a: Slowking|62\/100\n|\n|t:|1668037717\n|switch|p2a: Jirachi|Jirachi|26\/100 par|[from]move: Volt Switch\n|move|p1a: Slowking|Scald|p2a: Jirachi\n|-damage|p2a: Jirachi|0 fnt\n|faint|p2a: Jirachi\n|\n|-weather|RainDance|[upkeep]\n|-heal|p1a: Slowking|68\/100|[from] item: Leftovers\n|upkeep\n|\n|t:|1668037721\n|switch|p2a: Reuniclus|Reuniclus, M|100\/100\n|turn|54\n|\n|t:|1668037726\n|move|p2a: Reuniclus|Calm Mind|p2a: Reuniclus\n|-boost|p2a: Reuniclus|spa|1\n|-boost|p2a: Reuniclus|spd|1\n|move|p1a: Slowking|Thunder Wave|p2a: Reuniclus\n|-status|p2a: Reuniclus|par\n|\n|-weather|RainDance|[upkeep]\n|-heal|p1a: Slowking|74\/100|[from] item: Leftovers\n|upkeep\n|turn|55\n|\n|t:|1668037730\n|move|p1a: Slowking|Scald|p2a: Reuniclus\n|-damage|p2a: Reuniclus|74\/100 par\n|cant|p2a: Reuniclus|par\n|\n|-weather|RainDance|[upkeep]\n|-heal|p1a: Slowking|80\/100|[from] item: Leftovers\n|-heal|p2a: Reuniclus|80\/100 par|[from] item: Leftovers\n|upkeep\n|turn|56\n|\n|t:|1668037739\n|move|p1a: Slowking|Scald|p2a: Reuniclus\n|-damage|p2a: Reuniclus|55\/100 par\n|cant|p2a: Reuniclus|par\n|\n|-weather|RainDance|[upkeep]\n|-heal|p1a: Slowking|86\/100|[from] item: Leftovers\n|-heal|p2a: Reuniclus|61\/100 par|[from] item: Leftovers\n|upkeep\n|turn|57\n|\n|t:|1668037744\n|move|p1a: Slowking|Scald|p2a: Reuniclus\n|-damage|p2a: Reuniclus|33\/100 par\n|move|p2a: Reuniclus|Recover|p2a: Reuniclus\n|-heal|p2a: Reuniclus|83\/100 par\n|\n|-weather|RainDance|[upkeep]\n|-heal|p1a: Slowking|92\/100|[from] item: Leftovers\n|-heal|p2a: Reuniclus|89\/100 par|[from] item: Leftovers\n|upkeep\n|turn|58\n|\n|t:|1668037748\n|move|p1a: Slowking|Scald|p2a: Reuniclus\n|-damage|p2a: Reuniclus|64\/100 par\n|move|p2a: Reuniclus|Calm Mind|p2a: Reuniclus\n|-boost|p2a: Reuniclus|spa|1\n|-boost|p2a: Reuniclus|spd|1\n|\n|-weather|RainDance|[upkeep]\n|-heal|p1a: Slowking|98\/100|[from] item: Leftovers\n|-heal|p2a: Reuniclus|70\/100 par|[from] item: Leftovers\n|upkeep\n|turn|59\n|\n|t:|1668037753\n|move|p1a: Slowking|Scald|p2a: Reuniclus\n|-damage|p2a: Reuniclus|52\/100 par\n|move|p2a: Reuniclus|Calm Mind|p2a: Reuniclus\n|-boost|p2a: Reuniclus|spa|1\n|-boost|p2a: Reuniclus|spd|1\n|\n|-weather|RainDance|[upkeep]\n|-heal|p1a: Slowking|100\/100|[from] item: Leftovers\n|-heal|p2a: Reuniclus|59\/100 par|[from] item: Leftovers\n|upkeep\n|turn|60\n|\n|t:|1668037758\n|move|p1a: Slowking|Scald|p2a: Reuniclus\n|-damage|p2a: Reuniclus|44\/100 par\n|move|p2a: Reuniclus|Recover|p2a: Reuniclus\n|-heal|p2a: Reuniclus|94\/100 par\n|\n|-weather|RainDance|[upkeep]\n|-heal|p2a: Reuniclus|100\/100 par|[from] item: Leftovers\n|upkeep\n|turn|61\n|\n|t:|1668037762\n|move|p1a: Slowking|Scald|p2a: Reuniclus\n|-damage|p2a: Reuniclus|85\/100 par\n|move|p2a: Reuniclus|Psyshock|p1a: Slowking\n|-resisted|p1a: Slowking\n|-damage|p1a: Slowking|69\/100\n|\n|-weather|RainDance|[upkeep]\n|-heal|p1a: Slowking|75\/100|[from] item: Leftovers\n|-heal|p2a: Reuniclus|92\/100 par|[from] item: Leftovers\n|upkeep\n|turn|62\n|\n|t:|1668037770\n|move|p1a: Slowking|Scald|p2a: Reuniclus\n|-damage|p2a: Reuniclus|77\/100 par\n|cant|p2a: Reuniclus|par\n|\n|-weather|RainDance|[upkeep]\n|-heal|p1a: Slowking|81\/100|[from] item: Leftovers\n|-heal|p2a: Reuniclus|83\/100 par|[from] item: Leftovers\n|upkeep\n|turn|63\n|\n|t:|1668037775\n|move|p1a: Slowking|Scald|p2a: Reuniclus\n|-damage|p2a: Reuniclus|67\/100 par\n|cant|p2a: Reuniclus|par\n|\n|-weather|RainDance|[upkeep]\n|-heal|p1a: Slowking|87\/100|[from] item: Leftovers\n|-heal|p2a: Reuniclus|73\/100 par|[from] item: Leftovers\n|upkeep\n|turn|64\n|\n|t:|1668037784\n|move|p1a: Slowking|Scald|p2a: Reuniclus\n|-damage|p2a: Reuniclus|59\/100 par\n|move|p2a: Reuniclus|Calm Mind|p2a: Reuniclus\n|-boost|p2a: Reuniclus|spa|1\n|-boost|p2a: Reuniclus|spd|1\n|\n|-weather|RainDance|[upkeep]\n|-heal|p1a: Slowking|93\/100|[from] item: Leftovers\n|-heal|p2a: Reuniclus|65\/100 par|[from] item: Leftovers\n|upkeep\n|turn|65\n|\n|t:|1668037789\n|move|p1a: Slowking|Scald|p2a: Reuniclus\n|-damage|p2a: Reuniclus|52\/100 par\n|move|p2a: Reuniclus|Recover|p2a: Reuniclus\n|-heal|p2a: Reuniclus|100\/100 par\n|\n|-weather|RainDance|[upkeep]\n|-heal|p1a: Slowking|99\/100|[from] item: Leftovers\n|upkeep\n|turn|66\n|\n|t:|1668037794\n|move|p1a: Slowking|Scald|p2a: Reuniclus\n|-crit|p2a: Reuniclus\n|-damage|p2a: Reuniclus|26\/100 par\n|cant|p2a: Reuniclus|par\n|\n|-weather|RainDance|[upkeep]\n|-heal|p1a: Slowking|100\/100|[from] item: Leftovers\n|-heal|p2a: Reuniclus|32\/100 par|[from] item: Leftovers\n|upkeep\n|turn|67\n|\n|t:|1668037799\n|move|p1a: Slowking|Scald|p2a: Reuniclus\n|-damage|p2a: Reuniclus|19\/100 par\n|move|p2a: Reuniclus|Recover|p2a: Reuniclus\n|-heal|p2a: Reuniclus|69\/100 par\n|\n|-weather|RainDance|[upkeep]\n|-heal|p2a: Reuniclus|75\/100 par|[from] item: Leftovers\n|upkeep\n|turn|68\n|\n|t:|1668037805\n|move|p1a: Slowking|Scald|p2a: Reuniclus\n|-damage|p2a: Reuniclus|63\/100 par\n|move|p2a: Reuniclus|Calm Mind|p2a: Reuniclus\n|-boost|p2a: Reuniclus|spa|1\n|-boost|p2a: Reuniclus|spd|1\n|\n|-weather|RainDance|[upkeep]\n|-heal|p2a: Reuniclus|69\/100 par|[from] item: Leftovers\n|upkeep\n|turn|69\n|\n|t:|1668037810\n|move|p1a: Slowking|Psychic|p2a: Reuniclus\n|-resisted|p2a: Reuniclus\n|-damage|p2a: Reuniclus|65\/100 par\n|cant|p2a: Reuniclus|par\n|\n|-weather|RainDance|[upkeep]\n|-heal|p2a: Reuniclus|71\/100 par|[from] item: Leftovers\n|upkeep\n|turn|70\n|\n|t:|1668037816\n|move|p1a: Slowking|Scald|p2a: Reuniclus\n|-damage|p2a: Reuniclus|58\/100 par\n|move|p2a: Reuniclus|Psyshock|p1a: Slowking\n|-resisted|p1a: Slowking\n|-damage|p1a: Slowking|58\/100\n|\n|-weather|RainDance|[upkeep]\n|-heal|p1a: Slowking|64\/100|[from] item: Leftovers\n|-heal|p2a: Reuniclus|64\/100 par|[from] item: Leftovers\n|upkeep\n|turn|71\n|\n|t:|1668037820\n|move|p1a: Slowking|Scald|p2a: Reuniclus\n|-damage|p2a: Reuniclus|53\/100 par\n|move|p2a: Reuniclus|Psyshock|p1a: Slowking\n|-resisted|p1a: Slowking\n|-damage|p1a: Slowking|25\/100\n|\n|-weather|RainDance|[upkeep]\n|-heal|p1a: Slowking|31\/100|[from] item: Leftovers\n|-heal|p2a: Reuniclus|59\/100 par|[from] item: Leftovers\n|upkeep\n|turn|72\n|\n|t:|1668037824\n|move|p1a: Slowking|Slack Off|p1a: Slowking\n|-heal|p1a: Slowking|81\/100\n|move|p2a: Reuniclus|Recover|p2a: Reuniclus\n|-heal|p2a: Reuniclus|100\/100 par\n|\n|-weather|RainDance|[upkeep]\n|-heal|p1a: Slowking|87\/100|[from] item: Leftovers\n|upkeep\n|turn|73\n|\n|t:|1668037832\n|move|p1a: Slowking|Scald|p2a: Reuniclus\n|-damage|p2a: Reuniclus|89\/100 par\n|move|p2a: Reuniclus|Focus Blast|p1a: Slowking\n|-resisted|p1a: Slowking\n|-damage|p1a: Slowking|38\/100\n|\n|-weather|RainDance|[upkeep]\n|-heal|p1a: Slowking|44\/100|[from] item: Leftovers\n|-heal|p2a: Reuniclus|95\/100 par|[from] item: Leftovers\n|upkeep\n|turn|74\n|\n|t:|1668037845\n|move|p1a: Slowking|Scald|p2a: Reuniclus\n|-damage|p2a: Reuniclus|83\/100 par\n|cant|p2a: Reuniclus|par\n|\n|-weather|RainDance|[upkeep]\n|-heal|p1a: Slowking|50\/100|[from] item: Leftovers\n|-heal|p2a: Reuniclus|89\/100 par|[from] item: Leftovers\n|upkeep\n|turn|75\n|\n|t:|1668037852\n|move|p1a: Slowking|Slack Off|p1a: Slowking\n|-heal|p1a: Slowking|99\/100\n|move|p2a: Reuniclus|Calm Mind|p2a: Reuniclus\n|-boost|p2a: Reuniclus|spa|1\n|-boost|p2a: Reuniclus|spd|1\n|\n|-weather|RainDance|[upkeep]\n|-heal|p1a: Slowking|100\/100|[from] item: Leftovers\n|-heal|p2a: Reuniclus|95\/100 par|[from] item: Leftovers\n|upkeep\n|turn|76\n|\n|t:|1668037858\n|move|p1a: Slowking|Scald|p2a: Reuniclus\n|-damage|p2a: Reuniclus|86\/100 par\n|cant|p2a: Reuniclus|par\n|\n|-weather|RainDance|[upkeep]\n|-heal|p2a: Reuniclus|92\/100 par|[from] item: Leftovers\n|upkeep\n|turn|77\n|\n|t:|1668037867\n|move|p1a: Slowking|Psychic|p2a: Reuniclus\n|-resisted|p2a: Reuniclus\n|-crit|p2a: Reuniclus\n|-damage|p2a: Reuniclus|64\/100 par\n|move|p2a: Reuniclus|Focus Blast|p1a: Slowking|[miss]\n|-miss|p2a: Reuniclus|p1a: Slowking\n|\n|-weather|RainDance|[upkeep]\n|-heal|p2a: Reuniclus|71\/100 par|[from] item: Leftovers\n|upkeep\n|turn|78\n|\n|t:|1668037874\n|move|p1a: Slowking|Scald|p2a: Reuniclus\n|-damage|p2a: Reuniclus|60\/100 par\n|move|p2a: Reuniclus|Recover|p2a: Reuniclus\n|-heal|p2a: Reuniclus|100\/100 par\n|\n|-weather|RainDance|[upkeep]\n|upkeep\n|turn|79\n|\n|t:|1668037879\n|move|p1a: Slowking|Psychic|p2a: Reuniclus\n|-resisted|p2a: Reuniclus\n|-damage|p2a: Reuniclus|97\/100 par\n|-unboost|p2a: Reuniclus|spd|1\n|move|p2a: Reuniclus|Focus Blast|p1a: Slowking\n|-resisted|p1a: Slowking\n|-damage|p1a: Slowking|50\/100\n|\n|-weather|RainDance|[upkeep]\n|-heal|p1a: Slowking|56\/100|[from] item: Leftovers\n|-heal|p2a: Reuniclus|100\/100 par|[from] item: Leftovers\n|upkeep\n|turn|80\n|\n|t:|1668037885\n|move|p1a: Slowking|Slack Off|p1a: Slowking\n|-heal|p1a: Slowking|100\/100\n|cant|p2a: Reuniclus|par\n|\n|-weather|RainDance|[upkeep]\n|upkeep\n|turn|81\n|\n|t:|1668037892\n|move|p1a: Slowking|Psychic|p2a: Reuniclus\n|-resisted|p2a: Reuniclus\n|-damage|p2a: Reuniclus|96\/100 par\n|move|p2a: Reuniclus|Psyshock|p1a: Slowking\n|-resisted|p1a: Slowking\n|-damage|p1a: Slowking|56\/100\n|\n|-weather|RainDance|[upkeep]\n|-heal|p1a: Slowking|62\/100|[from] item: Leftovers\n|-heal|p2a: Reuniclus|100\/100 par|[from] item: Leftovers\n|upkeep\n|turn|82\n|\n|t:|1668037903\n|move|p1a: Slowking|Psychic|p2a: Reuniclus\n|-resisted|p2a: Reuniclus\n|-damage|p2a: Reuniclus|96\/100 par\n|move|p2a: Reuniclus|Focus Blast|p1a: Slowking\n|-resisted|p1a: Slowking\n|-damage|p1a: Slowking|13\/100\n|\n|-weather|RainDance|[upkeep]\n|-heal|p1a: Slowking|20\/100|[from] item: Leftovers\n|-heal|p2a: Reuniclus|100\/100 par|[from] item: Leftovers\n|upkeep\n|turn|83\n|\n|t:|1668037942\n|move|p1a: Slowking|Psychic|p2a: Reuniclus\n|-resisted|p2a: Reuniclus\n|-damage|p2a: Reuniclus|96\/100 par\n|move|p2a: Reuniclus|Focus Blast|p1a: Slowking|[miss]\n|-miss|p2a: Reuniclus|p1a: Slowking\n|\n|-weather|RainDance|[upkeep]\n|-heal|p1a: Slowking|26\/100|[from] item: Leftovers\n|-heal|p2a: Reuniclus|100\/100 par|[from] item: Leftovers\n|upkeep\n|turn|84\n|\n|t:|1668037947\n|move|p1a: Slowking|Slack Off|p1a: Slowking\n|-heal|p1a: Slowking|76\/100\n|move|p2a: Reuniclus|Psyshock|p1a: Slowking\n|-resisted|p1a: Slowking\n|-damage|p1a: Slowking|30\/100\n|\n|-weather|RainDance|[upkeep]\n|-heal|p1a: Slowking|36\/100|[from] item: Leftovers\n|upkeep\n|turn|85\n|\n|t:|1668037954\n|move|p1a: Slowking|Scald|p2a: Reuniclus\n|-damage|p2a: Reuniclus|88\/100 par\n|cant|p2a: Reuniclus|par\n|\n|-weather|RainDance|[upkeep]\n|-heal|p1a: Slowking|42\/100|[from] item: Leftovers\n|-heal|p2a: Reuniclus|94\/100 par|[from] item: Leftovers\n|upkeep\n|turn|86\n|\n|t:|1668037958\n|move|p1a: Slowking|Psychic|p2a: Reuniclus\n|-resisted|p2a: Reuniclus\n|-damage|p2a: Reuniclus|91\/100 par\n|move|p2a: Reuniclus|Recover|p2a: Reuniclus\n|-heal|p2a: Reuniclus|100\/100 par\n|\n|-weather|RainDance|[upkeep]\n|-heal|p1a: Slowking|48\/100|[from] item: Leftovers\n|upkeep\n|turn|87\n|\n|t:|1668037962\n|move|p1a: Slowking|Psychic|p2a: Reuniclus\n|-resisted|p2a: Reuniclus\n|-damage|p2a: Reuniclus|96\/100 par\n|move|p2a: Reuniclus|Psyshock|p1a: Slowking\n|-resisted|p1a: Slowking\n|-damage|p1a: Slowking|0 fnt\n|faint|p1a: Slowking\n|\n|-weather|RainDance|[upkeep]\n|-heal|p2a: Reuniclus|100\/100 par|[from] item: Leftovers\n|upkeep\n|\n|t:|1668037967\n|switch|p1a: Tentacruel|Tentacruel, F|83\/100\n|turn|88\n|\n|t:|1668037972\n|move|p1a: Tentacruel|Scald|p2a: Reuniclus\n|-damage|p2a: Reuniclus|90\/100 par\n|move|p2a: Reuniclus|Psyshock|p1a: Tentacruel\n|-supereffective|p1a: Tentacruel\n|-damage|p1a: Tentacruel|0 fnt\n|faint|p1a: Tentacruel\n|\n|win|JymmyGritten\n","uploadtime":1668037980,"views":3,"p1id":"exohn","p2id":"jymmygritten","formatid":"gen5ou","rating":0,"private":0,"password":null}