{"id":"gen5ou-1192908624","p1":"Don Lope Aguirre","p2":"Goootzinho","format":"gen5ou","log":"|j|\u203dDon Lope Aguirre\n|j|\u2606Goootzinho\n|t:|1601035357\n|player|p1|Don Lope Aguirre|266|1496\n|player|p2|Goootzinho|mars|1390\n|teamsize|p1|6\n|teamsize|p2|6\n|gametype|singles\n|gen|5\n|tier|[Gen 5] OU\n|rated|\n|clearpoke\n|poke|p1|Ninetales, F|item\n|poke|p1|Cresselia, F|item\n|poke|p1|Heatran, M|item\n|poke|p1|Volcarona, F|item\n|poke|p1|Forretress, F|item\n|poke|p1|Chansey, F|item\n|poke|p2|Slowking, M|item\n|poke|p2|Tyranitar, F|item\n|poke|p2|Gliscor, F|item\n|poke|p2|Excadrill, F|item\n|poke|p2|Reuniclus, M|item\n|poke|p2|Terrakion|item\n|rule|Species Clause: Limit one of each Pok\u00e9mon\n|rule|OHKO Clause: OHKO moves are banned\n|rule|Moody Clause: Moody is banned\n|rule|Evasion Moves Clause: Evasion moves are banned\n|rule|Endless Battle Clause: Forcing endless battles is banned\n|rule|HP Percentage Mod: HP is shown in percentages\n|rule|Evasion Abilities Clause: Evasion abilities are banned\n|rule|Baton Pass Clause: Limit one Baton Passer, can't pass Spe and other stats simultaneously\n|rule|Sleep Clause: Sleep-inducing moves are banned\n|rule|Swagger Clause: Swagger is banned\n|teampreview\n|\n|t:|1601035381\n|start\n|switch|p1a: Ninetales|Ninetales, F|100\/100\n|switch|p2a: Gliscor|Gliscor, F|100\/100\n|-weather|SunnyDay|[from] ability: Drought|[of] p1a: Ninetales\n|turn|1\n|\n|t:|1601035403\n|switch|p2a: Tyranitar|Tyranitar, F|100\/100\n|-weather|Sandstorm|[from] ability: Sand Stream|[of] p2a: Tyranitar\n|switch|p1a: Heatran|Heatran, M|100\/100\n|-item|p1a: Heatran|Air Balloon\n|\n|-weather|Sandstorm|[upkeep]\n|upkeep\n|turn|2\n|\n|t:|1601035416\n|move|p1a: Heatran|Magma Storm|p2a: Tyranitar\n|-resisted|p2a: Tyranitar\n|-damage|p2a: Tyranitar|87\/100\n|-activate|p2a: Tyranitar|move: Magma Storm|[of] p1a: Heatran\n|move|p2a: Tyranitar|Stealth Rock|p1a: Heatran\n|-sidestart|p1: Don Lope Aguirre|move: Stealth Rock\n|\n|-weather|Sandstorm|[upkeep]\n|-damage|p2a: Tyranitar|81\/100|[from] move: Magma Storm|[partiallytrapped]\n|upkeep\n|turn|3\n|\n|t:|1601035423\n|move|p1a: Heatran|Earth Power|p2a: Tyranitar\n|-supereffective|p2a: Tyranitar\n|-damage|p2a: Tyranitar|55\/100\n|move|p2a: Tyranitar|Pursuit|p1a: Heatran\n|-resisted|p1a: Heatran\n|-damage|p1a: Heatran|92\/100\n|-enditem|p1a: Heatran|Air Balloon\n|\n|-weather|Sandstorm|[upkeep]\n|-damage|p2a: Tyranitar|49\/100|[from] move: Magma Storm|[partiallytrapped]\n|upkeep\n|turn|4\n|\n|t:|1601035429\n|move|p1a: Heatran|Earth Power|p2a: Tyranitar\n|-supereffective|p2a: Tyranitar\n|-damage|p2a: Tyranitar|22\/100\n|move|p2a: Tyranitar|Earthquake|p1a: Heatran\n|-supereffective|p1a: Heatran\n|-damage|p1a: Heatran|0 fnt\n|faint|p1a: Heatran\n|\n|-weather|Sandstorm|[upkeep]\n|upkeep\n|\n|t:|1601035434\n|switch|p1a: Forretress|Forretress, F|100\/100\n|-damage|p1a: Forretress|88\/100|[from] Stealth Rock\n|turn|5\n|\n|t:|1601035446\n|switch|p2a: Terrakion|Terrakion|100\/100\n|move|p1a: Forretress|Rapid Spin|p2a: Terrakion\n|-resisted|p2a: Terrakion\n|-damage|p2a: Terrakion|98\/100\n|-sideend|p1: Don Lope Aguirre|Stealth Rock|[from] move: Rapid Spin|[of] p1a: Forretress\n|\n|-weather|Sandstorm|[upkeep]\n|-heal|p1a: Forretress|94\/100|[from] item: Leftovers\n|upkeep\n|turn|6\n|\n|t:|1601035452\n|move|p2a: Terrakion|Stone Edge|p1a: Forretress\n|-damage|p1a: Forretress|47\/100\n|move|p1a: Forretress|Earthquake|p2a: Terrakion\n|-supereffective|p2a: Terrakion\n|-damage|p2a: Terrakion|53\/100\n|\n|-weather|Sandstorm|[upkeep]\n|-heal|p1a: Forretress|54\/100|[from] item: Leftovers\n|upkeep\n|turn|7\n|\n|t:|1601035465\n|switch|p2a: Slowking|Slowking, M|100\/100\n|switch|p1a: Cresselia|Cresselia, F|100\/100\n|\n|-weather|Sandstorm|[upkeep]\n|-damage|p1a: Cresselia|94\/100|[from] Sandstorm\n|-damage|p2a: Slowking|94\/100|[from] Sandstorm\n|-heal|p1a: Cresselia|100\/100|[from] item: Leftovers\n|-heal|p2a: Slowking|100\/100|[from] item: Leftovers\n|upkeep\n|turn|8\n|\n|t:|1601035470\n|switch|p1a: Ninetales|Ninetales, F|100\/100\n|-weather|SunnyDay|[from] ability: Drought|[of] p1a: Ninetales\n|move|p2a: Slowking|Scald|p1a: Ninetales\n|-supereffective|p1a: Ninetales\n|-damage|p1a: Ninetales|78\/100\n|\n|-weather|SunnyDay|[upkeep]\n|-heal|p1a: Ninetales|84\/100|[from] item: Leftovers\n|upkeep\n|turn|9\n|\n|t:|1601035489\n|switch|p1a: Chansey|Chansey, F|100\/100\n|switch|p2a: Tyranitar|Tyranitar, F|22\/100\n|-weather|Sandstorm|[from] ability: Sand Stream|[of] p2a: Tyranitar\n|\n|-weather|Sandstorm|[upkeep]\n|-damage|p1a: Chansey|94\/100|[from] Sandstorm\n|upkeep\n|turn|10\n|\n|t:|1601035497\n|switch|p2a: Gliscor|Gliscor, F|100\/100\n|switch|p1a: Forretress|Forretress, F|54\/100\n|\n|-weather|Sandstorm|[upkeep]\n|-heal|p1a: Forretress|60\/100|[from] item: Leftovers\n|-status|p2a: Gliscor|tox|[from] item: Toxic Orb\n|upkeep\n|turn|11\n|\n|t:|1601035504\n|move|p2a: Gliscor|Taunt|p1a: Forretress\n|-start|p1a: Forretress|move: Taunt\n|cant|p1a: Forretress|move: Taunt|Spikes\n|\n|-weather|Sandstorm|[upkeep]\n|-heal|p1a: Forretress|66\/100|[from] item: Leftovers\n|upkeep\n|turn|12\n|\n|t:|1601035510\n|switch|p1a: Cresselia|Cresselia, F|100\/100\n|move|p2a: Gliscor|Substitute|p2a: Gliscor\n|-start|p2a: Gliscor|Substitute\n|-damage|p2a: Gliscor|76\/100 tox\n|\n|-weather|Sandstorm|[upkeep]\n|-damage|p1a: Cresselia|94\/100|[from] Sandstorm\n|-heal|p1a: Cresselia|100\/100|[from] item: Leftovers\n|-heal|p2a: Gliscor|88\/100 tox|[from] ability: Poison Heal\n|upkeep\n|turn|13\n|\n|t:|1601035529\n|switch|p1a: Forretress|Forretress, F|66\/100\n|move|p2a: Gliscor|Baton Pass|p2a: Gliscor\n|\n|t:|1601035545\n|switch|p2a: Reuniclus|Reuniclus, M|100\/100|[from]move: Baton Pass\n|\n|-weather|Sandstorm|[upkeep]\n|-heal|p1a: Forretress|72\/100|[from] item: Leftovers\n|upkeep\n|turn|14\n|\n|t:|1601035558\n|switch|p1a: Ninetales|Ninetales, F|84\/100\n|-weather|SunnyDay|[from] ability: Drought|[of] p1a: Ninetales\n|move|p2a: Reuniclus|Focus Blast|p1a: Ninetales|[miss]\n|-miss|p2a: Reuniclus|p1a: Ninetales\n|\n|-weather|SunnyDay|[upkeep]\n|-heal|p1a: Ninetales|90\/100|[from] item: Leftovers\n|upkeep\n|turn|15\n|\n|t:|1601035570\n|move|p1a: Ninetales|Protect|p1a: Ninetales\n|-singleturn|p1a: Ninetales|Protect\n|move|p2a: Reuniclus|Psychic|p1a: Ninetales\n|-activate|p1a: Ninetales|move: Protect\n|\n|-weather|SunnyDay|[upkeep]\n|-heal|p1a: Ninetales|96\/100|[from] item: Leftovers\n|upkeep\n|turn|16\n|\n|t:|1601035574\n|switch|p1a: Chansey|Chansey, F|94\/100\n|move|p2a: Reuniclus|Psychic|p1a: Chansey\n|-damage|p1a: Chansey|76\/100\n|\n|-weather|SunnyDay|[upkeep]\n|upkeep\n|turn|17\n|\n|t:|1601035579\n|move|p1a: Chansey|Wish|p1a: Chansey\n|move|p2a: Reuniclus|Psychic|p1a: Chansey\n|-damage|p1a: Chansey|59\/100\n|\n|-weather|SunnyDay|[upkeep]\n|upkeep\n|turn|18\n|\n|t:|1601035588\n|move|p1a: Chansey|Seismic Toss|p2a: Reuniclus\n|-end|p2a: Reuniclus|Substitute\n|move|p2a: Reuniclus|Psychic|p1a: Chansey\n|-damage|p1a: Chansey|41\/100\n|\n|-weather|SunnyDay|[upkeep]\n|-heal|p1a: Chansey|91\/100|[from] move: Wish|[wisher] Chansey\n|upkeep\n|turn|19\n|\n|t:|1601035596\n|switch|p2a: Gliscor|Gliscor, F|88\/100 tox\n|move|p1a: Chansey|Wish|p1a: Chansey\n|\n|-weather|SunnyDay|[upkeep]\n|-heal|p2a: Gliscor|100\/100 tox|[from] ability: Poison Heal\n|upkeep\n|turn|20\n|\n|t:|1601035619\n|switch|p1a: Forretress|Forretress, F|72\/100\n|move|p2a: Gliscor|Baton Pass|p2a: Gliscor\n|\n|t:|1601035632\n|switch|p2a: Slowking|Slowking, M|100\/100|[from]move: Baton Pass\n|\n|-weather|SunnyDay|[upkeep]\n|-heal|p1a: Forretress|100\/100|[from] move: Wish|[wisher] Chansey\n|upkeep\n|turn|21\n|\n|t:|1601035636\n|switch|p1a: Chansey|Chansey, F|91\/100\n|move|p2a: Slowking|Scald|p1a: Chansey\n|-damage|p1a: Chansey|87\/100\n|\n|-weather|SunnyDay|[upkeep]\n|upkeep\n|turn|22\n|\n|t:|1601035640\n|move|p1a: Chansey|Seismic Toss|p2a: Slowking\n|-damage|p2a: Slowking|75\/100\n|move|p2a: Slowking|Psyshock|p1a: Chansey\n|-crit|p1a: Chansey\n|-damage|p1a: Chansey|49\/100\n|\n|-weather|SunnyDay|[upkeep]\n|-heal|p2a: Slowking|81\/100|[from] item: Leftovers\n|upkeep\n|turn|23\n|\n|t:|1601035647\n|move|p1a: Chansey|Seismic Toss|p2a: Slowking\n|-damage|p2a: Slowking|56\/100\n|move|p2a: Slowking|Dragon Tail|p1a: Chansey\n|-crit|p1a: Chansey\n|-damage|p1a: Chansey|34\/100\n|drag|p1a: Cresselia|Cresselia, F|100\/100\n|\n|-weather|SunnyDay|[upkeep]\n|-heal|p2a: Slowking|62\/100|[from] item: Leftovers\n|upkeep\n|turn|24\n|\n|t:|1601035651\n|switch|p1a: Chansey|Chansey, F|34\/100\n|move|p2a: Slowking|Slack Off|p2a: Slowking\n|-heal|p2a: Slowking|100\/100\n|\n|-weather|SunnyDay|[upkeep]\n|upkeep\n|turn|25\n|\n|t:|1601035657\n|move|p1a: Chansey|Soft-Boiled|p1a: Chansey\n|-heal|p1a: Chansey|84\/100\n|move|p2a: Slowking|Scald|p1a: Chansey\n|-crit|p1a: Chansey\n|-damage|p1a: Chansey|77\/100\n|-status|p1a: Chansey|brn\n|\n|-weather|SunnyDay|[upkeep]\n|-damage|p1a: Chansey|64\/100 brn|[from] brn\n|upkeep\n|turn|26\n|\n|t:|1601035661\n|move|p1a: Chansey|Toxic|p2a: Slowking\n|-status|p2a: Slowking|tox\n|move|p2a: Slowking|Psyshock|p1a: Chansey\n|-damage|p1a: Chansey|43\/100 brn\n|\n|-weather|SunnyDay|[upkeep]\n|-damage|p1a: Chansey|30\/100 brn|[from] brn\n|-damage|p2a: Slowking|94\/100 tox|[from] psn\n|upkeep\n|turn|27\n|\n|t:|1601035675\n|switch|p1a: Forretress|Forretress, F|100\/100\n|switch|p2a: Tyranitar|Tyranitar, F|22\/100\n|-weather|Sandstorm|[from] ability: Sand Stream|[of] p2a: Tyranitar\n|\n|-weather|Sandstorm|[upkeep]\n|upkeep\n|turn|28\n|\n|t:|1601035680\n|move|p2a: Tyranitar|Stealth Rock|p1a: Forretress\n|-sidestart|p1: Don Lope Aguirre|move: Stealth Rock\n|move|p1a: Forretress|Stealth Rock|p2a: Tyranitar\n|-sidestart|p2: Goootzinho|move: Stealth Rock\n|\n|-weather|Sandstorm|[upkeep]\n|upkeep\n|turn|29\n|-message|Goootzinho forfeited.\n|\n|win|Don Lope Aguirre\n|l|\u2606Goootzinho\n|raw|Don Lope Aguirre's rating: 1433 &rarr; <strong>1451<\/strong><br \/>(+18 for winning)\n|raw|Goootzinho's rating: 1390 &rarr; <strong>1372<\/strong><br \/>(-18 for losing)\n|l|\u203dDon Lope Aguirre\n","uploadtime":1601035720,"views":87,"p1id":"donlopeaguirre","p2id":"goootzinho","formatid":"gen5ou","rating":1372,"private":0,"password":null}