{"id":"gen5ou-1633815382","p1":"awesomest8","p2":"Raph369","format":"gen5ou","log":"|j|\u2606awesomest8\n|j|\u2606Raph369\n|t:|1659821962\n|gametype|singles\n|player|p1|awesomest8|blue|\n|player|p2|Raph369|archer|\n|teamsize|p1|6\n|teamsize|p2|6\n|gen|5\n|tier|[Gen 5] OU\n|rated|Tournament battle\n|rule|Species Clause: Limit one of each Pok\u00e9mon\n|rule|OHKO Clause: OHKO moves are banned\n|rule|Moody Clause: Moody is banned\n|rule|Evasion Moves Clause: Evasion moves are banned\n|rule|Endless Battle Clause: Forcing endless battles is banned\n|rule|HP Percentage Mod: HP is shown in percentages\n|rule|Evasion Abilities Clause: Evasion abilities are banned\n|rule|Sleep Clause: Sleep-inducing moves are banned\n|rule|Swagger Clause: Swagger is banned\n|clearpoke\n|poke|p1|Politoed, F|item\n|poke|p1|Thundurus-Therian, M|item\n|poke|p1|Cloyster, F|item\n|poke|p1|Ferrothorn, F|item\n|poke|p1|Excadrill, M|item\n|poke|p1|Mamoswine, F|item\n|poke|p2|Tyranitar, M|item\n|poke|p2|Skarmory, M|item\n|poke|p2|Jellicent, M|item\n|poke|p2|Mienshao, M|item\n|poke|p2|Landorus-Therian, M|item\n|poke|p2|Alakazam, M|item\n|teampreview\n|j| BB-8-NU\n|c|\u2606Raph369|hf\n|\n|t:|1659822006\n|start\n|switch|p1a: Politoed|Politoed, F|100\/100\n|switch|p2a: First Lights|Skarmory, M|100\/100\n|-weather|RainDance|[from] ability: Drizzle|[of] p1a: Politoed\n|turn|1\n|\n|t:|1659822016\n|move|p2a: First Lights|Stealth Rock|p1a: Politoed\n|-sidestart|p1: awesomest8|move: Stealth Rock\n|move|p1a: Politoed|Scald|p2a: First Lights\n|-damage|p2a: First Lights|41\/100\n|\n|-weather|RainDance|[upkeep]\n|upkeep\n|turn|2\n|\n|t:|1659822027\n|move|p2a: First Lights|Spikes|p1a: Politoed\n|-sidestart|p1: awesomest8|Spikes\n|move|p1a: Politoed|Scald|p2a: First Lights\n|-damage|p2a: First Lights|0 fnt\n|faint|p2a: First Lights\n|\n|-weather|RainDance|[upkeep]\n|upkeep\n|j|%BluBirD\n|\n|t:|1659822031\n|switch|p2a: Unquenchable Fury|Mienshao, M|100\/100\n|turn|3\n|c|\u2606awesomest8|im winning\n|c|\u2606Raph369|rip me\n|c|\u2606awesomest8|lol\n|\n|t:|1659822051\n|move|p2a: Unquenchable Fury|High Jump Kick|p1a: Politoed\n|-damage|p1a: Politoed|40\/100\n|-damage|p2a: Unquenchable Fury|91\/100|[from] item: Life Orb\n|move|p1a: Politoed|Toxic|p2a: Unquenchable Fury\n|-status|p2a: Unquenchable Fury|tox\n|\n|-weather|RainDance|[upkeep]\n|-heal|p1a: Politoed|47\/100|[from] item: Leftovers\n|-damage|p2a: Unquenchable Fury|85\/100 tox|[from] psn\n|upkeep\n|turn|4\n|\n|t:|1659822061\n|move|p1a: Politoed|Protect|p1a: Politoed\n|-singleturn|p1a: Politoed|Protect\n|move|p2a: Unquenchable Fury|High Jump Kick|p1a: Politoed\n|-activate|p1a: Politoed|move: Protect\n|-damage|p2a: Unquenchable Fury|35\/100 tox|[from] highjumpkick\n|\n|-weather|RainDance|[upkeep]\n|-heal|p1a: Politoed|53\/100|[from] item: Leftovers\n|-damage|p2a: Unquenchable Fury|23\/100 tox|[from] psn\n|upkeep\n|turn|5\n|j|+Oathkeeper\n|\n|t:|1659822078\n|move|p2a: Unquenchable Fury|High Jump Kick|p1a: Politoed\n|-damage|p1a: Politoed|0 fnt\n|faint|p1a: Politoed\n|-damage|p2a: Unquenchable Fury|13\/100 tox|[from] item: Life Orb\n|\n|-weather|RainDance|[upkeep]\n|-damage|p2a: Unquenchable Fury|0 fnt|[from] psn\n|faint|p2a: Unquenchable Fury\n|upkeep\n|j| deterisneater\n|\n|t:|1659822139\n|switch|p2a: Fickle Stratus|Landorus-Therian, M|100\/100\n|switch|p1a: Ferrothorn|Ferrothorn, F|100\/100\n|-ability|p2a: Fickle Stratus|Intimidate|boost\n|-unboost|p1a: Ferrothorn|atk|1\n|-damage|p1a: Ferrothorn|95\/100|[from] Stealth Rock\n|-damage|p1a: Ferrothorn|82\/100|[from] Spikes\n|turn|6\n|\n|t:|1659822147\n|move|p2a: Fickle Stratus|Earthquake|p1a: Ferrothorn\n|-damage|p1a: Ferrothorn|48\/100\n|move|p1a: Ferrothorn|Leech Seed|p2a: Fickle Stratus\n|-start|p2a: Fickle Stratus|move: Leech Seed\n|\n|-weather|RainDance|[upkeep]\n|-damage|p2a: Fickle Stratus|88\/100|[from] Leech Seed|[of] p1a: Ferrothorn\n|-heal|p1a: Ferrothorn|59\/100|[silent]\n|upkeep\n|turn|7\n|\n|t:|1659822158\n|switch|p2a: Dreams Shattered|Tyranitar, M|100\/100\n|-weather|Sandstorm|[from] ability: Sand Stream|[of] p2a: Dreams Shattered\n|move|p1a: Ferrothorn|Stealth Rock|p2a: Dreams Shattered\n|-sidestart|p2: Raph369|move: Stealth Rock\n|\n|-weather|Sandstorm|[upkeep]\n|upkeep\n|turn|8\n|\n|t:|1659822168\n|move|p2a: Dreams Shattered|Superpower|p1a: Ferrothorn\n|-supereffective|p1a: Ferrothorn\n|-damage|p1a: Ferrothorn|14\/100\n|-unboost|p2a: Dreams Shattered|atk|1\n|-unboost|p2a: Dreams Shattered|def|1\n|-damage|p2a: Dreams Shattered|88\/100|[from] ability: Iron Barbs|[of] p1a: Ferrothorn\n|-damage|p2a: Dreams Shattered|72\/100|[from] item: Rocky Helmet|[of] p1a: Ferrothorn\n|move|p1a: Ferrothorn|Leech Seed|p2a: Dreams Shattered\n|-start|p2a: Dreams Shattered|move: Leech Seed\n|\n|-weather|Sandstorm|[upkeep]\n|-damage|p2a: Dreams Shattered|59\/100|[from] Leech Seed|[of] p1a: Ferrothorn\n|-heal|p1a: Ferrothorn|28\/100|[silent]\n|upkeep\n|turn|9\n|\n|t:|1659822179\n|move|p1a: Ferrothorn|Protect|p1a: Ferrothorn\n|-singleturn|p1a: Ferrothorn|Protect\n|move|p2a: Dreams Shattered|Superpower|p1a: Ferrothorn\n|-activate|p1a: Ferrothorn|move: Protect\n|\n|-weather|Sandstorm|[upkeep]\n|-damage|p2a: Dreams Shattered|47\/100|[from] Leech Seed|[of] p1a: Ferrothorn\n|-heal|p1a: Ferrothorn|42\/100|[silent]\n|upkeep\n|turn|10\n|\n|t:|1659822191\n|switch|p2a: Fickle Stratus|Landorus-Therian, M|88\/100\n|-damage|p2a: Fickle Stratus|76\/100|[from] Stealth Rock\n|-ability|p2a: Fickle Stratus|Intimidate|boost\n|-unboost|p1a: Ferrothorn|atk|1\n|move|p1a: Ferrothorn|Spikes|p2a: Fickle Stratus\n|-sidestart|p2: Raph369|Spikes\n|\n|-weather|Sandstorm|[upkeep]\n|upkeep\n|turn|11\n|\n|t:|1659822218\n|switch|p1a: Thundurus|Thundurus-Therian, M|100\/100\n|-damage|p1a: Thundurus|76\/100|[from] Stealth Rock\n|move|p2a: Fickle Stratus|Earthquake|p1a: Thundurus\n|-immune|p1a: Thundurus\n|\n|-weather|Sandstorm|[upkeep]\n|-damage|p1a: Thundurus|70\/100|[from] Sandstorm\n|upkeep\n|turn|12\n|\n|t:|1659822253\n|switch|p2a: Dreams Shattered|Tyranitar, M|47\/100\n|-damage|p2a: Dreams Shattered|34\/100|[from] Stealth Rock\n|-damage|p2a: Dreams Shattered|22\/100|[from] Spikes\n|move|p1a: Thundurus|Grass Knot|p2a: Dreams Shattered\n|-supereffective|p2a: Dreams Shattered\n|-damage|p2a: Dreams Shattered|0 fnt\n|faint|p2a: Dreams Shattered\n|\n|-weather|Sandstorm|[upkeep]\n|-damage|p1a: Thundurus|64\/100|[from] Sandstorm\n|upkeep\n|\n|t:|1659822264\n|switch|p2a: Lost Chapter|Alakazam, M|100\/100\n|turn|13\n|\n|t:|1659822310\n|switch|p1a: Ferrothorn|Ferrothorn, F|42\/100\n|-damage|p1a: Ferrothorn|36\/100|[from] Stealth Rock\n|-damage|p1a: Ferrothorn|24\/100|[from] Spikes\n|move|p2a: Lost Chapter|Psyshock|p1a: Ferrothorn\n|-resisted|p1a: Ferrothorn\n|-damage|p1a: Ferrothorn|12\/100\n|\n|-weather|Sandstorm|[upkeep]\n|upkeep\n|turn|14\n|\n|t:|1659822320\n|move|p2a: Lost Chapter|Hidden Power|p1a: Ferrothorn\n|-damage|p1a: Ferrothorn|0 fnt\n|faint|p1a: Ferrothorn\n|\n|-weather|Sandstorm|[upkeep]\n|upkeep\n|c| deterisneater|whats ur opinion on bdsp if u played it\n|c| deterisneater|i just got brilliant diamond\n|\n|t:|1659822375\n|switch|p1a: Excadrill|Excadrill, M|100\/100\n|-damage|p1a: Excadrill|97\/100|[from] Stealth Rock\n|-damage|p1a: Excadrill|85\/100|[from] Spikes\n|-ability|p1a: Excadrill|Mold Breaker\n|turn|15\n|\n|t:|1659822387\n|switch|p2a: Pain and Pleasure|Jellicent, M|100\/100\n|-damage|p2a: Pain and Pleasure|88\/100|[from] Stealth Rock\n|-damage|p2a: Pain and Pleasure|76\/100|[from] Spikes\n|move|p1a: Excadrill|Iron Head|p2a: Pain and Pleasure\n|-resisted|p2a: Pain and Pleasure\n|-damage|p2a: Pain and Pleasure|54\/100\n|\n|-weather|Sandstorm|[upkeep]\n|-damage|p2a: Pain and Pleasure|47\/100|[from] Sandstorm\n|-heal|p2a: Pain and Pleasure|54\/100|[from] item: Leftovers\n|upkeep\n|turn|16\n|c| deterisneater|i think raph could still win\n|j| Regium Z\n|j|+BeeOrSomething\n|l|+BeeOrSomething\n|\n|t:|1659822454\n|switch|p1a: Cloyster|Cloyster, F|100\/100\n|-damage|p1a: Cloyster|76\/100|[from] Stealth Rock\n|-damage|p1a: Cloyster|63\/100|[from] Spikes\n|switch|p2a: Lost Chapter|Alakazam, M|100\/100\n|\n|-weather|Sandstorm|[upkeep]\n|-damage|p1a: Cloyster|57\/100|[from] Sandstorm\n|upkeep\n|turn|17\n|\n|t:|1659822468\n|move|p1a: Cloyster|Ice Shard|p2a: Lost Chapter\n|-damage|p2a: Lost Chapter|53\/100\n|move|p2a: Lost Chapter|Grass Knot|p1a: Cloyster\n|-supereffective|p1a: Cloyster\n|-damage|p1a: Cloyster|0 fnt\n|faint|p1a: Cloyster\n|\n|-weather|Sandstorm|[upkeep]\n|upkeep\n|\n|t:|1659822489\n|switch|p1a: Excadrill|Excadrill, M|85\/100\n|-damage|p1a: Excadrill|82\/100|[from] Stealth Rock\n|-damage|p1a: Excadrill|69\/100|[from] Spikes\n|-ability|p1a: Excadrill|Mold Breaker\n|turn|18\n|c|\u2606Raph369|gg\n|\n|t:|1659822500\n|switch|p2a: Fickle Stratus|Landorus-Therian, M|76\/100\n|-damage|p2a: Fickle Stratus|64\/100|[from] Stealth Rock\n|-ability|p2a: Fickle Stratus|Intimidate|boost\n|-unboost|p1a: Excadrill|atk|1\n|move|p1a: Excadrill|Iron Head|p2a: Fickle Stratus\n|-damage|p2a: Fickle Stratus|32\/100\n|\n|-weather|Sandstorm|[upkeep]\n|upkeep\n|turn|19\n|\n|t:|1659822535\n|switch|p1a: Thundurus|Thundurus-Therian, M|64\/100\n|-damage|p1a: Thundurus|39\/100|[from] Stealth Rock\n|move|p2a: Fickle Stratus|Earthquake|p1a: Thundurus\n|-immune|p1a: Thundurus\n|\n|-weather|Sandstorm|[upkeep]\n|-damage|p1a: Thundurus|33\/100|[from] Sandstorm\n|upkeep\n|turn|20\n|\n|t:|1659822543\n|switch|p2a: Lost Chapter|Alakazam, M|53\/100\n|move|p1a: Thundurus|Grass Knot|p2a: Lost Chapter\n|-damage|p2a: Lost Chapter|20\/100\n|\n|-weather|Sandstorm|[upkeep]\n|-damage|p1a: Thundurus|27\/100|[from] Sandstorm\n|upkeep\n|turn|21\n|\n|t:|1659822558\n|move|p2a: Lost Chapter|Focus Blast|p1a: Thundurus\n|-resisted|p1a: Thundurus\n|-damage|p1a: Thundurus|0 fnt\n|faint|p1a: Thundurus\n|\n|-weather|Sandstorm|[upkeep]\n|upkeep\n|\n|t:|1659822571\n|switch|p1a: Mamoswine|Mamoswine, F|100\/100\n|-damage|p1a: Mamoswine|88\/100|[from] Stealth Rock\n|-damage|p1a: Mamoswine|76\/100|[from] Spikes\n|turn|22\n|\n|t:|1659822578\n|switch|p2a: Fickle Stratus|Landorus-Therian, M|32\/100\n|-damage|p2a: Fickle Stratus|20\/100|[from] Stealth Rock\n|-ability|p2a: Fickle Stratus|Intimidate|boost\n|-unboost|p1a: Mamoswine|atk|1\n|move|p1a: Mamoswine|Ice Shard|p2a: Fickle Stratus\n|-supereffective|p2a: Fickle Stratus\n|-damage|p2a: Fickle Stratus|0 fnt\n|faint|p2a: Fickle Stratus\n|\n|-weather|Sandstorm|[upkeep]\n|-heal|p1a: Mamoswine|82\/100|[from] item: Leftovers\n|upkeep\n|\n|t:|1659822580\n|switch|p2a: Pain and Pleasure|Jellicent, M|54\/100\n|-damage|p2a: Pain and Pleasure|41\/100|[from] Stealth Rock\n|-damage|p2a: Pain and Pleasure|29\/100|[from] Spikes\n|turn|23\n|\n|t:|1659822591\n|move|p1a: Mamoswine|Earthquake|p2a: Pain and Pleasure\n|-damage|p2a: Pain and Pleasure|0 fnt\n|faint|p2a: Pain and Pleasure\n|\n|-weather|Sandstorm|[upkeep]\n|-heal|p1a: Mamoswine|88\/100|[from] item: Leftovers\n|upkeep\n|c|\u2606Raph369|gg\n|\n|t:|1659822595\n|switch|p2a: Lost Chapter|Alakazam, M|20\/100\n|turn|24\n|c|\u2606awesomest8|gg\n|\n|t:|1659822599\n|move|p1a: Mamoswine|Ice Shard|p2a: Lost Chapter\n|-damage|p2a: Lost Chapter|0 fnt\n|faint|p2a: Lost Chapter\n|\n|win|awesomest8\n|n|\u2606awesomest8|awesomest8\n|n|\u2606Raph369|raph369\n|n| BB-8-NU|bb8nu\n|n| BluBirD|blubird\n|n|+Oathkeeper|oathkeeper\n|n| deterisneater|deterisneater\n|n| Regium Z|regiumz\n","uploadtime":1659822600,"views":4,"p1id":"awesomest8","p2id":"raph369","formatid":"gen5ou","rating":0,"private":0,"password":null}