{"id":"gen5ou-1690038733","p1":"Lost Existence","p2":"Darkman64","format":"gen5ou","log":"|j|\u2606Lost Existence\n|j|\u2606Darkman64\n|t:|1666227530\n|gametype|singles\n|player|p1|Lost Existence|grimsley|\n|player|p2|Darkman64|juan|\n|teamsize|p1|6\n|teamsize|p2|6\n|gen|5\n|tier|[Gen 5] OU\n|rule|Species Clause: Limit one of each Pok\u00e9mon\n|rule|OHKO Clause: OHKO moves are banned\n|rule|Moody Clause: Moody is banned\n|rule|Evasion Items Clause: Evasion items are banned\n|rule|Evasion Moves Clause: Evasion moves are banned\n|rule|Endless Battle Clause: Forcing endless battles is banned\n|rule|HP Percentage Mod: HP is shown in percentages\n|rule|Evasion Abilities Clause: Evasion abilities are banned\n|rule|Sleep Clause: Sleep-inducing moves are banned\n|rule|Swagger Clause: Swagger is banned\n|clearpoke\n|poke|p1|Tyranitar, F|item\n|poke|p1|Heatran, M|item\n|poke|p1|Excadrill, F|item\n|poke|p1|Gliscor, F|item\n|poke|p1|Keldeo-Resolute|item\n|poke|p1|Latios, M|item\n|poke|p2|Tyranitar, M|item\n|poke|p2|Latias, F|item\n|poke|p2|Excadrill, F|item\n|poke|p2|Alakazam, F|item\n|poke|p2|Rotom-Wash|item\n|poke|p2|Landorus-Therian, M|item\n|teampreview\n|c|\u2606Lost Existence|Gl\n|c|\u2606Darkman64|u2\n|\n|t:|1666227550\n|start\n|switch|p1a: Gliscor|Gliscor, F|100\/100\n|switch|p2a: Rotom|Rotom-Wash|100\/100\n|turn|1\n|\n|t:|1666227557\n|move|p1a: Gliscor|Protect|p1a: Gliscor\n|-singleturn|p1a: Gliscor|Protect\n|move|p2a: Rotom|Will-O-Wisp|p1a: Gliscor\n|-activate|p1a: Gliscor|move: Protect\n|\n|-status|p1a: Gliscor|tox|[from] item: Toxic Orb\n|upkeep\n|turn|2\n|\n|t:|1666227568\n|switch|p1a: Latios|Latios, M|100\/100\n|move|p2a: Rotom|Volt Switch|p1a: Latios\n|-resisted|p1a: Latios\n|-damage|p1a: Latios|89\/100\n|\n|t:|1666227572\n|switch|p2a: Excadrill|Excadrill, F|100\/100|[from]move: Volt Switch\n|\n|upkeep\n|turn|3\n|\n|t:|1666227580\n|move|p2a: Excadrill|Protect|p2a: Excadrill\n|-singleturn|p2a: Excadrill|Protect\n|move|p1a: Latios|Surf|p2a: Excadrill\n|-activate|p2a: Excadrill|move: Protect\n|\n|upkeep\n|turn|4\n|\n|t:|1666227587\n|switch|p1a: Keldeo|Keldeo-Resolute|100\/100\n|switch|p2a: Rotom|Rotom-Wash|100\/100\n|\n|upkeep\n|turn|5\n|\n|t:|1666227595\n|move|p1a: Keldeo|Substitute|p1a: Keldeo\n|-start|p1a: Keldeo|Substitute\n|-damage|p1a: Keldeo|76\/100\n|move|p2a: Rotom|Volt Switch|p1a: Keldeo\n|-supereffective|p1a: Keldeo\n|-end|p1a: Keldeo|Substitute\n|\n|t:|1666227602\n|switch|p2a: Alakazam|Alakazam, F|100\/100|[from]move: Volt Switch\n|\n|-heal|p1a: Keldeo|82\/100|[from] item: Leftovers\n|upkeep\n|turn|6\n|\n|t:|1666227608\n|switch|p1a: Excadrill|Excadrill, F|100\/100\n|-ability|p1a: Excadrill|Mold Breaker\n|move|p2a: Alakazam|Focus Blast|p1a: Excadrill\n|-supereffective|p1a: Excadrill\n|-damage|p1a: Excadrill|32\/100\n|-unboost|p1a: Excadrill|spd|1\n|\n|-heal|p1a: Excadrill|38\/100|[from] item: Leftovers\n|upkeep\n|turn|7\n|\n|t:|1666227617\n|switch|p1a: Latios|Latios, M|89\/100\n|move|p2a: Alakazam|Psychic|p1a: Latios\n|-resisted|p1a: Latios\n|-damage|p1a: Latios|62\/100\n|\n|upkeep\n|turn|8\n|\n|t:|1666227626\n|move|p1a: Latios|Recover|p1a: Latios\n|-heal|p1a: Latios|100\/100\n|move|p2a: Alakazam|Hidden Power|p1a: Latios\n|-supereffective|p1a: Latios\n|-damage|p1a: Latios|47\/100\n|\n|upkeep\n|turn|9\n|\n|t:|1666227637\n|switch|p1a: Tyranitar|Tyranitar, F|100\/100\n|-weather|Sandstorm|[from] ability: Sand Stream|[of] p1a: Tyranitar\n|move|p2a: Alakazam|Focus Blast|p1a: Tyranitar\n|-supereffective|p1a: Tyranitar\n|-enditem|p1a: Tyranitar|Chople Berry|[eat]\n|-enditem|p1a: Tyranitar|Chople Berry|[weaken]\n|-damage|p1a: Tyranitar|63\/100\n|\n|-weather|Sandstorm|[upkeep]\n|upkeep\n|turn|10\n|\n|t:|1666227651\n|move|p2a: Alakazam|Focus Blast|p1a: Tyranitar|[miss]\n|-miss|p2a: Alakazam|p1a: Tyranitar\n|move|p1a: Tyranitar|Crunch|p2a: Alakazam\n|-supereffective|p2a: Alakazam\n|-enditem|p2a: Alakazam|Focus Sash\n|-damage|p2a: Alakazam|1\/100\n|\n|-weather|Sandstorm|[upkeep]\n|upkeep\n|turn|11\n|c|\u2606Darkman64|es bonito cuando te salen todas las predics hasta que pasa esto\n|\n|t:|1666227660\n|switch|p1a: Latios|Latios, M|47\/100\n|move|p2a: Alakazam|Focus Blast|p1a: Latios\n|-resisted|p1a: Latios\n|-damage|p1a: Latios|24\/100\n|-unboost|p1a: Latios|spd|1\n|\n|-weather|Sandstorm|[upkeep]\n|-damage|p1a: Latios|18\/100|[from] Sandstorm\n|upkeep\n|turn|12\n|\n|t:|1666227670\n|switch|p1a: Heatran|Heatran, M|100\/100\n|switch|p2a: Tyranitar|Tyranitar, M|100\/100\n|\n|-weather|Sandstorm|[upkeep]\n|upkeep\n|turn|13\n|\n|t:|1666227676\n|switch|p1a: Gliscor|Gliscor, F|100\/100 tox\n|move|p2a: Tyranitar|Stealth Rock|p1a: Gliscor\n|-sidestart|p1: Lost Existence|move: Stealth Rock\n|\n|-weather|Sandstorm|[upkeep]\n|upkeep\n|turn|14\n|\n|t:|1666227685\n|switch|p2a: Rotom|Rotom-Wash|100\/100\n|move|p1a: Gliscor|Swords Dance|p1a: Gliscor\n|-boost|p1a: Gliscor|atk|2\n|\n|-weather|Sandstorm|[upkeep]\n|-damage|p2a: Rotom|94\/100|[from] Sandstorm\n|-heal|p2a: Rotom|100\/100|[from] item: Leftovers\n|upkeep\n|turn|15\n|\n|t:|1666227689\n|move|p1a: Gliscor|Protect|p1a: Gliscor\n|-singleturn|p1a: Gliscor|Protect\n|move|p2a: Rotom|Hydro Pump|p1a: Gliscor\n|-activate|p1a: Gliscor|move: Protect\n|\n|-weather|Sandstorm|[upkeep]\n|-damage|p2a: Rotom|94\/100|[from] Sandstorm\n|-heal|p2a: Rotom|100\/100|[from] item: Leftovers\n|upkeep\n|turn|16\n|\n|t:|1666227694\n|move|p1a: Gliscor|Facade|p2a: Rotom\n|-damage|p2a: Rotom|40\/100\n|move|p2a: Rotom|Hydro Pump|p1a: Gliscor|[miss]\n|-miss|p2a: Rotom|p1a: Gliscor\n|\n|-weather|Sandstorm|[upkeep]\n|-damage|p2a: Rotom|33\/100|[from] Sandstorm\n|-heal|p2a: Rotom|40\/100|[from] item: Leftovers\n|upkeep\n|turn|17\n|c|\u2606Darkman64|piola\n|\n|t:|1666227704\n|switch|p2a: Landorus|Landorus-Therian, M|100\/100\n|-ability|p2a: Landorus|Intimidate|boost\n|-unboost|p1a: Gliscor|atk|1\n|move|p1a: Gliscor|Facade|p2a: Landorus\n|-crit|p2a: Landorus\n|-damage|p2a: Landorus|30\/100\n|\n|-weather|Sandstorm|[upkeep]\n|-heal|p2a: Landorus|36\/100|[from] item: Leftovers\n|upkeep\n|turn|18\n|c|\u2606Darkman64|re piola\n|\n|t:|1666227715\n|move|p1a: Gliscor|Protect|p1a: Gliscor\n|-singleturn|p1a: Gliscor|Protect\n|move|p2a: Landorus|Hidden Power|p1a: Gliscor\n|-activate|p1a: Gliscor|move: Protect\n|\n|-weather|Sandstorm|[upkeep]\n|-heal|p2a: Landorus|42\/100|[from] item: Leftovers\n|upkeep\n|turn|19\n|\n|t:|1666227722\n|move|p2a: Landorus|Hidden Power|p1a: Gliscor\n|-supereffective|p1a: Gliscor\n|-damage|p1a: Gliscor|43\/100 tox\n|move|p1a: Gliscor|Facade|p2a: Landorus\n|-damage|p2a: Landorus|3\/100\n|\n|-weather|Sandstorm|[upkeep]\n|-heal|p2a: Landorus|9\/100|[from] item: Leftovers\n|-heal|p1a: Gliscor|55\/100 tox|[from] ability: Poison Heal\n|upkeep\n|turn|20\n|\n|t:|1666227731\n|move|p1a: Gliscor|Protect|p1a: Gliscor\n|-singleturn|p1a: Gliscor|Protect\n|move|p2a: Landorus|Knock Off|p1a: Gliscor\n|-activate|p1a: Gliscor|move: Protect\n|\n|-weather|Sandstorm|[upkeep]\n|-heal|p2a: Landorus|15\/100|[from] item: Leftovers\n|-heal|p1a: Gliscor|68\/100 tox|[from] ability: Poison Heal\n|upkeep\n|turn|21\n|\n|t:|1666227737\n|move|p2a: Landorus|Hidden Power|p1a: Gliscor\n|-supereffective|p1a: Gliscor\n|-damage|p1a: Gliscor|6\/100 tox\n|move|p1a: Gliscor|Facade|p2a: Landorus\n|-damage|p2a: Landorus|0 fnt\n|faint|p2a: Landorus\n|\n|-weather|Sandstorm|[upkeep]\n|-heal|p1a: Gliscor|19\/100 tox|[from] ability: Poison Heal\n|upkeep\n|\n|t:|1666227744\n|switch|p2a: Excadrill|Excadrill, F|100\/100\n|turn|22\n|\n|t:|1666227748\n|move|p2a: Excadrill|Substitute|p2a: Excadrill\n|-start|p2a: Excadrill|Substitute\n|-damage|p2a: Excadrill|76\/100\n|move|p1a: Gliscor|Earthquake|p2a: Excadrill\n|-supereffective|p2a: Excadrill\n|-end|p2a: Excadrill|Substitute\n|\n|-weather|Sandstorm|[upkeep]\n|-heal|p2a: Excadrill|82\/100|[from] item: Leftovers\n|-heal|p1a: Gliscor|31\/100 tox|[from] ability: Poison Heal\n|upkeep\n|turn|23\n|\n|t:|1666227752\n|move|p1a: Gliscor|Protect|p1a: Gliscor\n|-singleturn|p1a: Gliscor|Protect\n|move|p2a: Excadrill|Iron Head|p1a: Gliscor\n|-activate|p1a: Gliscor|move: Protect\n|\n|-weather|Sandstorm|[upkeep]\n|-heal|p2a: Excadrill|88\/100|[from] item: Leftovers\n|-heal|p1a: Gliscor|44\/100 tox|[from] ability: Poison Heal\n|upkeep\n|turn|24\n|\n|t:|1666227757\n|move|p2a: Excadrill|Iron Head|p1a: Gliscor\n|-damage|p1a: Gliscor|0 fnt\n|faint|p1a: Gliscor\n|\n|-weather|Sandstorm|[upkeep]\n|-heal|p2a: Excadrill|94\/100|[from] item: Leftovers\n|upkeep\n|\n|t:|1666227762\n|switch|p1a: Keldeo|Keldeo-Resolute|82\/100\n|-damage|p1a: Keldeo|76\/100|[from] Stealth Rock\n|turn|25\n|\n|t:|1666227766\n|switch|p2a: Latias|Latias, F|100\/100\n|move|p1a: Keldeo|Secret Sword|p2a: Latias\n|-resisted|p2a: Latias\n|-damage|p2a: Latias|78\/100\n|\n|-weather|Sandstorm|[upkeep]\n|-damage|p1a: Keldeo|70\/100|[from] Sandstorm\n|-damage|p2a: Latias|72\/100|[from] Sandstorm\n|-heal|p1a: Keldeo|76\/100|[from] item: Leftovers\n|upkeep\n|turn|26\n|\n|t:|1666227778\n|switch|p1a: Tyranitar|Tyranitar, F|63\/100\n|-damage|p1a: Tyranitar|50\/100|[from] Stealth Rock\n|move|p2a: Latias|Thunder Wave|p1a: Tyranitar\n|-status|p1a: Tyranitar|par\n|\n|-weather|Sandstorm|[upkeep]\n|-damage|p2a: Latias|66\/100|[from] Sandstorm\n|upkeep\n|turn|27\n|\n|t:|1666227785\n|-activate|p2a: Latias|move: Pursuit\n|cant|p1a: Tyranitar|par\n|switch|p2a: Excadrill|Excadrill, F|94\/100\n|\n|-weather|Sandstorm|[upkeep]\n|-heal|p2a: Excadrill|99\/100|[from] item: Leftovers\n|upkeep\n|turn|28\n|c|\u2606Darkman64|sorry\n|\n|t:|1666227792\n|switch|p1a: Latios|Latios, M|18\/100\n|-damage|p1a: Latios|6\/100|[from] Stealth Rock\n|move|p2a: Excadrill|Substitute|p2a: Excadrill\n|-start|p2a: Excadrill|Substitute\n|-damage|p2a: Excadrill|75\/100\n|\n|-weather|Sandstorm|[upkeep]\n|-damage|p1a: Latios|0 fnt|[from] Sandstorm\n|faint|p1a: Latios\n|-heal|p2a: Excadrill|81\/100|[from] item: Leftovers\n|upkeep\n|\n|t:|1666227800\n|switch|p1a: Keldeo|Keldeo-Resolute|76\/100\n|-damage|p1a: Keldeo|70\/100|[from] Stealth Rock\n|turn|29\n|\n|t:|1666227803\n|move|p1a: Keldeo|Scald|p2a: Excadrill\n|-supereffective|p2a: Excadrill\n|-end|p2a: Excadrill|Substitute\n|move|p2a: Excadrill|Earthquake|p1a: Keldeo\n|-damage|p1a: Keldeo|0 fnt\n|faint|p1a: Keldeo\n|\n|-weather|Sandstorm|[upkeep]\n|-heal|p2a: Excadrill|87\/100|[from] item: Leftovers\n|upkeep\n|c|\u2606Darkman64|gg\n|\n|t:|1666227810\n|switch|p1a: Excadrill|Excadrill, F|38\/100\n|-damage|p1a: Excadrill|35\/100|[from] Stealth Rock\n|-ability|p1a: Excadrill|Mold Breaker\n|turn|30\n|\n|t:|1666227818\n|switch|p2a: Tyranitar|Tyranitar, M|100\/100\n|move|p1a: Excadrill|Protect||[still]\n|-fail|p1a: Excadrill\n|\n|-weather|Sandstorm|[upkeep]\n|-heal|p1a: Excadrill|42\/100|[from] item: Leftovers\n|upkeep\n|turn|31\n|\n|t:|1666227822\n|move|p1a: Excadrill|Rapid Spin|p2a: Tyranitar\n|-resisted|p2a: Tyranitar\n|-damage|p2a: Tyranitar|98\/100\n|-sideend|p1: Lost Existence|Stealth Rock|[from] move: Rapid Spin|[of] p1a: Excadrill\n|move|p2a: Tyranitar|Fire Blast|p1a: Excadrill|[miss]\n|-miss|p2a: Tyranitar|p1a: Excadrill\n|\n|-weather|Sandstorm|[upkeep]\n|-heal|p1a: Excadrill|48\/100|[from] item: Leftovers\n|upkeep\n|turn|32\n|c|\u2606Darkman64|vam o\n|c|\u2606Darkman64|mas mala suerte\n|\n|t:|1666227841\n|move|p1a: Excadrill|Protect|p1a: Excadrill\n|-singleturn|p1a: Excadrill|Protect\n|move|p2a: Tyranitar|Stealth Rock|p1a: Excadrill\n|-sidestart|p1: Lost Existence|move: Stealth Rock\n|\n|-weather|Sandstorm|[upkeep]\n|-heal|p1a: Excadrill|54\/100|[from] item: Leftovers\n|upkeep\n|turn|33\n|\n|t:|1666227848\n|move|p1a: Excadrill|Toxic|p2a: Tyranitar\n|-status|p2a: Tyranitar|tox\n|move|p2a: Tyranitar|Fire Blast|p1a: Excadrill\n|-supereffective|p1a: Excadrill\n|-damage|p1a: Excadrill|15\/100\n|\n|-weather|Sandstorm|[upkeep]\n|-heal|p1a: Excadrill|21\/100|[from] item: Leftovers\n|-damage|p2a: Tyranitar|92\/100 tox|[from] psn\n|upkeep\n|turn|34\n|c|\u2606Darkman64|hoy es mi dia\n|\n|t:|1666227854\n|switch|p2a: Latias|Latias, F|66\/100\n|move|p1a: Excadrill|Protect||[still]\n|-fail|p1a: Excadrill\n|\n|-weather|Sandstorm|[upkeep]\n|-damage|p2a: Latias|59\/100|[from] Sandstorm\n|-heal|p1a: Excadrill|27\/100|[from] item: Leftovers\n|upkeep\n|turn|35\n|\n|t:|1666227858\n|move|p1a: Excadrill|Protect|p1a: Excadrill\n|-singleturn|p1a: Excadrill|Protect\n|move|p2a: Latias|Hidden Power|p1a: Excadrill\n|-activate|p1a: Excadrill|move: Protect\n|\n|-weather|Sandstorm|[upkeep]\n|-damage|p2a: Latias|53\/100|[from] Sandstorm\n|-heal|p1a: Excadrill|33\/100|[from] item: Leftovers\n|upkeep\n|turn|36\n|\n|t:|1666227865\n|move|p2a: Latias|Hidden Power|p1a: Excadrill\n|-supereffective|p1a: Excadrill\n|-damage|p1a: Excadrill|4\/100\n|move|p1a: Excadrill|Rapid Spin|p2a: Latias\n|-damage|p2a: Latias|47\/100\n|-damage|p1a: Excadrill|0 fnt|[from] item: Rocky Helmet|[of] p2a: Latias\n|faint|p1a: Excadrill\n|\n|-weather|Sandstorm|[upkeep]\n|-damage|p2a: Latias|41\/100|[from] Sandstorm\n|upkeep\n|\n|t:|1666227876\n|switch|p1a: Tyranitar|Tyranitar, F|50\/100 par\n|-damage|p1a: Tyranitar|38\/100 par|[from] Stealth Rock\n|turn|37\n|\n|t:|1666227878\n|move|p2a: Latias|Ice Beam|p1a: Tyranitar\n|-damage|p1a: Tyranitar|27\/100 par\n|move|p1a: Tyranitar|Pursuit|p2a: Latias\n|-supereffective|p2a: Latias\n|-damage|p2a: Latias|8\/100\n|-damage|p1a: Tyranitar|11\/100 par|[from] item: Rocky Helmet|[of] p2a: Latias\n|\n|-weather|Sandstorm|[upkeep]\n|-damage|p2a: Latias|2\/100|[from] Sandstorm\n|upkeep\n|turn|38\n|c|\u2606Darkman64|gg\n|\n|t:|1666227887\n|move|p2a: Latias|Ice Beam|p1a: Tyranitar\n|-damage|p1a: Tyranitar|1\/100 par\n|move|p1a: Tyranitar|Pursuit|p2a: Latias\n|-supereffective|p2a: Latias\n|-damage|p2a: Latias|0 fnt\n|-damage|p1a: Tyranitar|0 fnt|[from] item: Rocky Helmet|[of] p2a: Latias\n|faint|p1a: Tyranitar\n|faint|p2a: Latias\n|\n|-weather|Sandstorm|[upkeep]\n|upkeep\n|\n|t:|1666227891\n|switch|p2a: Excadrill|Excadrill, F|87\/100\n|switch|p1a: Heatran|Heatran, M|100\/100\n|-damage|p1a: Heatran|88\/100|[from] Stealth Rock\n|turn|39\n|\n|t:|1666227895\n|move|p2a: Excadrill|Earthquake|p1a: Heatran\n|-supereffective|p1a: Heatran\n|-damage|p1a: Heatran|0 fnt\n|faint|p1a: Heatran\n|\n|win|Darkman64\n","uploadtime":1666227899,"views":11,"p1id":"lostexistence","p2id":"darkman64","formatid":"gen5ou","rating":0,"private":0,"password":null}