{"id":"gen5ubers-1697142275","p1":"Steel S Kitty!","p2":"Raph369","format":"gen5ubers","log":"|j|\u2606Steel S Kitty!\n|j|\u2606Raph369\n|t:|1666970703\n|gametype|singles\n|player|p1|Steel S Kitty!|furisodegirl-blue|\n|player|p2|Raph369|blaine|\n|teamsize|p1|6\n|teamsize|p2|6\n|gen|5\n|tier|[Gen 5] Ubers\n|rule|Species Clause: Limit one of each Pok\u00e9mon\n|rule|OHKO Clause: OHKO moves are banned\n|rule|Moody Clause: Moody is banned\n|rule|Evasion Items Clause: Evasion items are banned\n|rule|Evasion Moves Clause: Evasion moves are banned\n|rule|Endless Battle Clause: Forcing endless battles is banned\n|rule|HP Percentage Mod: HP is shown in percentages\n|rule|Sleep Clause Mod: Limit one foe put to sleep\n|clearpoke\n|poke|p1|Groudon|item\n|poke|p1|Latios, M|item\n|poke|p1|Giratina-Origin|item\n|poke|p1|Forretress, F|item\n|poke|p1|Arceus-*|item\n|poke|p1|Reshiram|item\n|poke|p2|Froslass, F|item\n|poke|p2|Kyogre|item\n|poke|p2|Dialga|item\n|poke|p2|Giratina-Origin|item\n|poke|p2|Genesect|item\n|poke|p2|Arceus-*|item\n|teampreview\n|c|\u2606Raph369|hf\n|c|\u2606Steel S Kitty!|GL HF\n|\n|t:|1666970712\n|start\n|switch|p1a: Giratina|Giratina-Origin|100\/100\n|switch|p2a: Froslass|Froslass, F|100\/100\n|turn|1\n|\n|t:|1666970716\n|switch|p2a: Dialga|Dialga|100\/100\n|-ability|p2a: Dialga|Pressure\n|move|p1a: Giratina|Magic Coat|p1a: Giratina\n|-singleturn|p1a: Giratina|move: Magic Coat\n|\n|upkeep\n|turn|2\n|\n|t:|1666970722\n|switch|p1a: Groudon|Groudon|100\/100\n|-weather|SunnyDay|[from] ability: Drought|[of] p1a: Groudon\n|move|p2a: Dialga|Stealth Rock|p1a: Groudon\n|-sidestart|p1: Steel S Kitty!|move: Stealth Rock\n|\n|-weather|SunnyDay|[upkeep]\n|upkeep\n|turn|3\n|\n|t:|1666970726\n|switch|p2a: Froslass|Froslass, F|100\/100\n|move|p1a: Groudon|Stealth Rock|p2a: Froslass\n|-sidestart|p2: Raph369|move: Stealth Rock\n|\n|-weather|SunnyDay|[upkeep]\n|upkeep\n|turn|4\n|\n|t:|1666970731\n|move|p2a: Froslass|Spikes|p1a: Groudon\n|-sidestart|p1: Steel S Kitty!|Spikes\n|move|p1a: Groudon|Thunder Wave|p2a: Froslass\n|-status|p2a: Froslass|par\n|\n|-weather|SunnyDay|[upkeep]\n|upkeep\n|turn|5\n|\n|t:|1666970737\n|move|p1a: Groudon|Earthquake|p2a: Froslass\n|-damage|p2a: Froslass|27\/100 par\n|-start|p1a: Groudon|Disable|Earthquake|[from] ability: Cursed Body|[of] p2a: Froslass\n|move|p2a: Froslass|Taunt|p1a: Groudon\n|-start|p1a: Groudon|move: Taunt\n|\n|-weather|SunnyDay|[upkeep]\n|upkeep\n|turn|6\n|\n|t:|1666970741\n|move|p1a: Groudon|Stone Edge|p2a: Froslass\n|-supereffective|p2a: Froslass\n|-damage|p2a: Froslass|0 fnt\n|faint|p2a: Froslass\n|\n|-weather|SunnyDay|[upkeep]\n|upkeep\n|\n|t:|1666970756\n|switch|p2a: Dialga|Dialga|100\/100\n|-damage|p2a: Dialga|94\/100|[from] Stealth Rock\n|-ability|p2a: Dialga|Pressure\n|turn|7\n|\n|t:|1666970766\n|switch|p1a: Arceus|Arceus-Dark|100\/100\n|-damage|p1a: Arceus|88\/100|[from] Stealth Rock\n|-damage|p1a: Arceus|76\/100|[from] Spikes\n|move|p2a: Dialga|Draco Meteor|p1a: Arceus\n|-damage|p1a: Arceus|0 fnt\n|-unboost|p2a: Dialga|spa|2\n|faint|p1a: Arceus\n|-damage|p2a: Dialga|84\/100|[from] item: Life Orb\n|\n|-weather|SunnyDay|[upkeep]\n|upkeep\n|j| Inder\n|c| Inder|froslass.\n|c| Inder|it's over steel\n|c|\u2606Raph369|always\n|c| Inder|you alr lost\n|c|\u2606Steel S Kitty!|wait\n|c|\u2606Steel S Kitty!|are u modest\n|c|\u2606Raph369|y\n|c|\u2606Steel S Kitty!|goddamn\n|c|\u2606Steel S Kitty!|i think i\n|c|\u2606Steel S Kitty!|found an ev target\n|c|\u2606Steel S Kitty!|252 SpA Life Orb Dialga Draco Meteor vs. 252 HP \/ 0 SpD Arceus-Dark: 285-335 (64.1 - 75.4%) -- 6.3% chance to OHKO after Stealth Rock and 1 layer of Spikes\n|c|\u2606Raph369|skill.\n|\n|t:|1666970836\n|switch|p1a: Forretress|Forretress, F|100\/100\n|-damage|p1a: Forretress|88\/100|[from] Stealth Rock\n|-damage|p1a: Forretress|76\/100|[from] Spikes\n|turn|8\n|\n|t:|1666970840\n|switch|p2a: Giratina|Giratina-Origin, shiny|100\/100\n|-damage|p2a: Giratina|88\/100|[from] Stealth Rock\n|move|p1a: Forretress|Spikes|p2a: Giratina\n|-sidestart|p2: Raph369|Spikes\n|\n|-weather|SunnyDay|[upkeep]\n|-heal|p1a: Forretress|82\/100|[from] item: Leftovers\n|upkeep\n|turn|9\n|\n|t:|1666970843\n|move|p2a: Giratina|Substitute|p2a: Giratina\n|-start|p2a: Giratina|Substitute\n|-damage|p2a: Giratina|63\/100\n|move|p1a: Forretress|Toxic||[still]\n|-fail|p1a: Forretress\n|\n|-weather|SunnyDay|[upkeep]\n|-heal|p1a: Forretress|88\/100|[from] item: Leftovers\n|upkeep\n|turn|10\n|\n|t:|1666970847\n|move|p1a: Forretress|Spikes|p2a: Giratina\n|-sidestart|p2: Raph369|Spikes\n|move|p2a: Giratina|Dragon Tail|p1a: Forretress|[miss]\n|-miss|p2a: Giratina|p1a: Forretress\n|\n|-weather|SunnyDay|[upkeep]\n|-heal|p1a: Forretress|94\/100|[from] item: Leftovers\n|upkeep\n|turn|11\n|c|\u2606Steel S Kitty!|this is so fucking doomed\n|\n|t:|1666970852\n|move|p1a: Forretress|Spikes|p2a: Giratina\n|-sidestart|p2: Raph369|Spikes\n|move|p2a: Giratina|Dragon Tail|p1a: Forretress\n|-resisted|p1a: Forretress\n|-damage|p1a: Forretress|82\/100\n|drag|p1a: Reshiram|Reshiram|100\/100\n|-damage|p1a: Reshiram|76\/100|[from] Stealth Rock\n|-damage|p1a: Reshiram|63\/100|[from] Spikes\n|-ability|p1a: Reshiram|Turboblaze\n|\n|-weather|SunnyDay|[upkeep]\n|upkeep\n|turn|12\n|c|\u2606Steel S Kitty!|i cannot believe sweep scarf reshiram darkceus has let me down like this\n|\n|t:|1666970862\n|move|p1a: Reshiram|Draco Meteor|p2a: Giratina\n|-supereffective|p2a: Giratina\n|-end|p2a: Giratina|Substitute\n|-unboost|p1a: Reshiram|spa|2\n|move|p2a: Giratina|Dragon Tail|p1a: Reshiram\n|-supereffective|p1a: Reshiram\n|-damage|p1a: Reshiram|0 fnt\n|faint|p1a: Reshiram\n|\n|-weather|SunnyDay|[upkeep]\n|upkeep\n|j| Larrix\n|\n|t:|1666970872\n|switch|p1a: Giratina|Giratina-Origin|100\/100\n|-damage|p1a: Giratina|88\/100|[from] Stealth Rock\n|turn|13\n|c| Larrix|perdemos\n|c|\u2606Raph369|y\n|c|\u2606Raph369|well\n|c|\u2606Raph369|how do I win\n|c|\u2606Raph369|hmmm\n|\n|t:|1666970902\n|move|p2a: Giratina|Dragon Tail|p1a: Giratina\n|-supereffective|p1a: Giratina\n|-damage|p1a: Giratina|38\/100\n|drag|p1a: Latios|Latios, M|100\/100\n|-damage|p1a: Latios|88\/100|[from] Stealth Rock\n|\n|-weather|SunnyDay|[upkeep]\n|upkeep\n|turn|14\n|c| Larrix|always click the super effective move\n|c|\u2606Raph369|ok\n|c|\u2606Steel S Kitty!|how fuckin fast are u\n|c| Larrix|thats how you win\n|c|\u2606Steel S Kitty!|jesus\n|c|\u2606Raph369|246\n|\n|t:|1666970919\n|move|p2a: Giratina|Shadow Sneak|p1a: Latios\n|-supereffective|p1a: Latios\n|-damage|p1a: Latios|18\/100\n|move|p1a: Latios|Draco Meteor|p2a: Giratina|[miss]\n|-miss|p1a: Latios|p2a: Giratina\n|\n|-weather|SunnyDay|[upkeep]\n|upkeep\n|turn|15\n|c|\u2606Steel S Kitty!|obscene\n|c|\u2606Raph369|i'll sub\n|c| Inder|lol\n|c| Inder|that was so sure\n|\n|t:|1666970931\n|move|p1a: Latios|Draco Meteor|p2a: Giratina\n|-supereffective|p2a: Giratina\n|-damage|p2a: Giratina|0 fnt\n|-unboost|p1a: Latios|spa|2\n|faint|p2a: Giratina\n|\n|-weather|SunnyDay|[upkeep]\n|upkeep\n|c|\u2606Raph369|sorry for that team\n|c|\u2606Steel S Kitty!|i forgive u\n|\n|t:|1666970953\n|switch|p2a: Arceus|Arceus-Electric|100\/100\n|-damage|p2a: Arceus|88\/100|[from] Stealth Rock\n|-damage|p2a: Arceus|63\/100|[from] Spikes\n|turn|16\n|c|\u2606Steel S Kitty!|oh fuck no\n|c|\u2606Raph369|inder do you forgive me?\n|\n|t:|1666970962\n|switch|p1a: Forretress|Forretress, F|82\/100\n|-damage|p1a: Forretress|69\/100|[from] Stealth Rock\n|-damage|p1a: Forretress|57\/100|[from] Spikes\n|move|p2a: Arceus|Ice Beam|p1a: Forretress\n|-resisted|p1a: Forretress\n|-damage|p1a: Forretress|43\/100\n|\n|-weather|SunnyDay|[upkeep]\n|-heal|p1a: Forretress|49\/100|[from] item: Leftovers\n|upkeep\n|turn|17\n|c| Larrix|eleceus...\n|c|\u2606Steel S Kitty!|ur missing\n|c|\u2606Steel S Kitty!|btw\n|\n|t:|1666970968\n|move|p2a: Arceus|Recover|p2a: Arceus\n|-heal|p2a: Arceus|100\/100\n|move|p1a: Forretress|Rapid Spin|p2a: Arceus\n|-damage|p2a: Arceus|97\/100\n|-sideend|p1: Steel S Kitty!|Spikes|[from] move: Rapid Spin|[of] p1a: Forretress\n|-sideend|p1: Steel S Kitty!|Stealth Rock|[from] move: Rapid Spin|[of] p1a: Forretress\n|\n|-weather|SunnyDay|[upkeep]\n|-heal|p1a: Forretress|55\/100|[from] item: Leftovers\n|upkeep\n|turn|18\n|c|\u2606Steel S Kitty!|o\n|c|\u2606Steel S Kitty!|no recover misses here\n|\n|t:|1666970973\n|switch|p1a: Groudon|Groudon|100\/100\n|move|p2a: Arceus|Calm Mind|p2a: Arceus\n|-boost|p2a: Arceus|spa|1\n|-boost|p2a: Arceus|spd|1\n|\n|-weather|SunnyDay|[upkeep]\n|upkeep\n|turn|19\n|c|\u2606Raph369|no\n|c| Larrix|in\n|c|\u2606Raph369|I'll crit\n|c|\u2606Steel S Kitty!|will u now\n|\n|t:|1666970988\n|move|p2a: Arceus|Ice Beam|p1a: Groudon\n|-supereffective|p1a: Groudon\n|-damage|p1a: Groudon|41\/100\n|move|p1a: Groudon|Thunder Wave|p2a: Arceus\n|-status|p2a: Arceus|par\n|\n|-weather|SunnyDay|[upkeep]\n|-heal|p1a: Groudon|48\/100|[from] item: Leftovers\n|upkeep\n|turn|20\n|j| Fogbound Lake\n|c|\u2606Steel S Kitty!|u will not.\n|\n|t:|1666970994\n|switch|p1a: Giratina|Giratina-Origin|38\/100\n|move|p2a: Arceus|Ice Beam|p1a: Giratina\n|-supereffective|p1a: Giratina\n|-damage|p1a: Giratina|0 fnt\n|faint|p1a: Giratina\n|\n|-weather|SunnyDay|[upkeep]\n|upkeep\n|\n|t:|1666970996\n|switch|p1a: Latios|Latios, M|18\/100\n|turn|21\n|c|\u2606Raph369|hax\n|c| Larrix|oh that works\n|c|\u2606Raph369|tbh\n|c| Larrix|para on eleceus...\n|c| Larrix|i didnt know this lol\n|\n|t:|1666971022\n|move|p1a: Latios|Roost|p1a: Latios\n|-heal|p1a: Latios|69\/100\n|-singleturn|p1a: Latios|move: Roost\n|move|p2a: Arceus|Calm Mind|p2a: Arceus\n|-boost|p2a: Arceus|spa|1\n|-boost|p2a: Arceus|spd|1\n|\n|-weather|SunnyDay|[upkeep]\n|upkeep\n|turn|22\n|c|\u2606Raph369|smooooke on the water\n|c|\u2606Raph369|the fire in the sky\n|\n|t:|1666971033\n|move|p1a: Latios|Calm Mind|p1a: Latios\n|-boost|p1a: Latios|spa|1\n|-boost|p1a: Latios|spd|1\n|move|p2a: Arceus|Ice Beam|p1a: Latios\n|-supereffective|p1a: Latios\n|-damage|p1a: Latios|11\/100\n|\n|-weather|SunnyDay|[upkeep]\n|upkeep\n|turn|23\n|\n|t:|1666971038\n|move|p1a: Latios|Psyshock|p2a: Arceus\n|-damage|p2a: Arceus|25\/100 par\n|move|p2a: Arceus|Ice Beam|p1a: Latios\n|-supereffective|p1a: Latios\n|-damage|p1a: Latios|0 fnt\n|faint|p1a: Latios\n|\n|-weather|SunnyDay|[upkeep]\n|upkeep\n|\n|t:|1666971041\n|switch|p1a: Groudon|Groudon|48\/100\n|turn|24\n|\n|t:|1666971042\n|move|p1a: Groudon|Earthquake|p2a: Arceus\n|-supereffective|p2a: Arceus\n|-crit|p2a: Arceus\n|-damage|p2a: Arceus|0 fnt\n|faint|p2a: Arceus\n|\n|-weather|SunnyDay|[upkeep]\n|-heal|p1a: Groudon|54\/100|[from] item: Leftovers\n|upkeep\n|c|\u2606Steel S Kitty!|no justice\n|\n|t:|1666971046\n|switch|p2a: Kyogre|Kyogre|100\/100\n|-damage|p2a: Kyogre|88\/100|[from] Stealth Rock\n|-damage|p2a: Kyogre|63\/100|[from] Spikes\n|-weather|RainDance|[from] ability: Drizzle|[of] p2a: Kyogre\n|turn|25\n|c|\u2606Steel S Kitty!|no peade\n|\n|t:|1666971053\n|move|p1a: Groudon|Earthquake|p2a: Kyogre\n|-damage|p2a: Kyogre|19\/100\n|move|p2a: Kyogre|Scald|p1a: Groudon\n|-supereffective|p1a: Groudon\n|-damage|p1a: Groudon|0 fnt\n|faint|p1a: Groudon\n|\n|-weather|RainDance|[upkeep]\n|-heal|p2a: Kyogre|25\/100|[from] item: Leftovers\n|upkeep\n|\n|t:|1666971056\n|switch|p1a: Forretress|Forretress, F|55\/100\n|turn|26\n|c|\u2606Raph369|LET'S GO TEAM\n|c|\u2606Steel S Kitty!|GG\n|c|\u2606Raph369|de rien pour le carry\n|c|\u2606Steel S Kitty!|i cannot believe i have lost\n|c|\u2606Steel S Kitty!|this uwc match\n|c|\u2606Raph369|Time to post\n|c|\u2606Raph369|can you link the thread?\n|\n|t:|1666971076\n|move|p2a: Kyogre|Scald|p1a: Forretress\n|-damage|p1a: Forretress|0 fnt\n|faint|p1a: Forretress\n|\n|win|Raph369\n|c|\u2606Steel S Kitty!|nah i dont have it\n|c|\u2606Steel S Kitty!|sorry\n|c|\u2606Raph369|inder\n|l|\u2606Steel S Kitty!\n|c|\u2606Raph369|do you have it\n|c|\u2606Raph369|gg\n","uploadtime":1666971105,"views":37,"p1id":"steelskitty","p2id":"raph369","formatid":"gen5ubers","rating":0,"private":0,"password":null}