{"id":"gen5ubers-1676480688","p1":"alvar03","p2":"fire eyes2","format":"gen5ubers","log":"|j|\u2606alvar03\n|j|\u2606fire eyes2\n|t:|1664800591\n|gametype|singles\n|player|p1|alvar03|alder|1397\n|player|p2|fire eyes2|266|1308\n|teamsize|p1|6\n|teamsize|p2|6\n|gen|5\n|tier|[Gen 5] Ubers\n|rated|\n|rule|Species Clause: Limit one of each Pok\u00e9mon\n|rule|OHKO Clause: OHKO moves are banned\n|rule|Moody Clause: Moody is banned\n|rule|Evasion Items Clause: Evasion items are banned\n|rule|Evasion Moves Clause: Evasion moves are banned\n|rule|Endless Battle Clause: Forcing endless battles is banned\n|rule|HP Percentage Mod: HP is shown in percentages\n|rule|Sleep Clause Mod: Limit one foe put to sleep\n|clearpoke\n|poke|p1|Kyogre|item\n|poke|p1|Ferrothorn, F|item\n|poke|p1|Kabutops, F|item\n|poke|p1|Garchomp, F|item\n|poke|p1|Giratina-Origin|item\n|poke|p1|Arceus-*|item\n|poke|p2|Excadrill, F|item\n|poke|p2|Mewtwo|item\n|poke|p2|Arceus-*|item\n|poke|p2|Kyogre|item\n|poke|p2|Kyurem-White|item\n|poke|p2|Abomasnow, F|item\n|teampreview\n|j| Fiamma Marina\n|l| Fiamma Marina\n|\n|t:|1664800629\n|start\n|switch|p1a: Ferrothorn|Ferrothorn, F|100\/100\n|switch|p2a: Abomasnow|Abomasnow, F|100\/100\n|-weather|Hail|[from] ability: Snow Warning|[of] p2a: Abomasnow\n|turn|1\n|inactive|Battle timer is ON: inactive players will automatically lose when time's up. (requested by alvar03)\n|\n|t:|1664800636\n|switch|p2a: Excadrill|Excadrill, F|100\/100\n|-ability|p2a: Excadrill|Mold Breaker\n|move|p1a: Ferrothorn|Stealth Rock|p2a: Excadrill\n|-sidestart|p2: fire eyes2|move: Stealth Rock\n|\n|-weather|Hail|[upkeep]\n|-damage|p2a: Excadrill|94\/100|[from] Hail\n|-damage|p1a: Ferrothorn|94\/100|[from] Hail\n|-heal|p2a: Excadrill|100\/100|[from] item: Leftovers\n|-heal|p1a: Ferrothorn|100\/100|[from] item: Leftovers\n|upkeep\n|turn|2\n|\n|t:|1664800641\n|move|p2a: Excadrill|Toxic|p1a: Ferrothorn\n|-immune|p1a: Ferrothorn\n|move|p1a: Ferrothorn|Power Whip|p2a: Excadrill\n|-damage|p2a: Excadrill|48\/100\n|\n|-weather|Hail|[upkeep]\n|-damage|p2a: Excadrill|42\/100|[from] Hail\n|-damage|p1a: Ferrothorn|94\/100|[from] Hail\n|-heal|p2a: Excadrill|48\/100|[from] item: Leftovers\n|-heal|p1a: Ferrothorn|100\/100|[from] item: Leftovers\n|upkeep\n|turn|3\n|\n|t:|1664800646\n|move|p2a: Excadrill|Rapid Spin|p1a: Ferrothorn\n|-resisted|p1a: Ferrothorn\n|-damage|p1a: Ferrothorn|98\/100\n|-damage|p2a: Excadrill|36\/100|[from] ability: Iron Barbs|[of] p1a: Ferrothorn\n|-sideend|p2: fire eyes2|Stealth Rock|[from] move: Rapid Spin|[of] p2a: Excadrill\n|move|p1a: Ferrothorn|Power Whip|p2a: Excadrill|[miss]\n|-miss|p1a: Ferrothorn|p2a: Excadrill\n|\n|-weather|Hail|[upkeep]\n|-damage|p2a: Excadrill|29\/100|[from] Hail\n|-damage|p1a: Ferrothorn|92\/100|[from] Hail\n|-heal|p2a: Excadrill|36\/100|[from] item: Leftovers\n|-heal|p1a: Ferrothorn|98\/100|[from] item: Leftovers\n|upkeep\n|turn|4\n|\n|t:|1664800649\n|move|p2a: Excadrill|Stealth Rock|p1a: Ferrothorn\n|-sidestart|p1: alvar03|move: Stealth Rock\n|move|p1a: Ferrothorn|Power Whip|p2a: Excadrill\n|-damage|p2a: Excadrill|0 fnt\n|faint|p2a: Excadrill\n|\n|-weather|Hail|[upkeep]\n|-damage|p1a: Ferrothorn|92\/100|[from] Hail\n|-heal|p1a: Ferrothorn|98\/100|[from] item: Leftovers\n|upkeep\n|\n|t:|1664800653\n|switch|p2a: Mewtwo|Mewtwo|100\/100\n|-ability|p2a: Mewtwo|Pressure\n|turn|5\n|\n|t:|1664800659\n|switch|p1a: Kyogre|Kyogre|100\/100\n|-damage|p1a: Kyogre|88\/100|[from] Stealth Rock\n|-weather|RainDance|[from] ability: Drizzle|[of] p1a: Kyogre\n|move|p2a: Mewtwo|Taunt|p1a: Kyogre\n|-start|p1a: Kyogre|move: Taunt\n|\n|-weather|RainDance|[upkeep]\n|-heal|p1a: Kyogre|94\/100|[from] item: Leftovers\n|upkeep\n|turn|6\n|\n|t:|1664800664\n|switch|p2a: Kyogre|Kyogre|100\/100\n|move|p1a: Kyogre|Scald|p2a: Kyogre\n|-resisted|p2a: Kyogre\n|-damage|p2a: Kyogre|82\/100\n|\n|-weather|RainDance|[upkeep]\n|-heal|p2a: Kyogre|88\/100|[from] item: Leftovers\n|-heal|p1a: Kyogre|100\/100|[from] item: Leftovers\n|upkeep\n|turn|7\n|\n|t:|1664800673\n|switch|p2a: Abomasnow|Abomasnow, F|100\/100\n|-weather|Hail|[from] ability: Snow Warning|[of] p2a: Abomasnow\n|switch|p1a: Ferrothorn|Ferrothorn, F|98\/100\n|-damage|p1a: Ferrothorn|92\/100|[from] Stealth Rock\n|\n|-weather|Hail|[upkeep]\n|-damage|p1a: Ferrothorn|85\/100|[from] Hail\n|-heal|p1a: Ferrothorn|92\/100|[from] item: Leftovers\n|upkeep\n|turn|8\n|\n|t:|1664800680\n|switch|p2a: Mewtwo|Mewtwo|100\/100\n|-ability|p2a: Mewtwo|Pressure\n|move|p1a: Ferrothorn|Stealth Rock|p2a: Mewtwo\n|-sidestart|p2: fire eyes2|move: Stealth Rock\n|\n|-weather|Hail|[upkeep]\n|-damage|p2a: Mewtwo|94\/100|[from] Hail\n|-damage|p1a: Ferrothorn|85\/100|[from] Hail\n|-heal|p2a: Mewtwo|100\/100|[from] item: Leftovers\n|-heal|p1a: Ferrothorn|92\/100|[from] item: Leftovers\n|upkeep\n|turn|9\n|\n|t:|1664800686\n|switch|p1a: Kyogre|Kyogre|100\/100\n|-damage|p1a: Kyogre|88\/100|[from] Stealth Rock\n|-weather|RainDance|[from] ability: Drizzle|[of] p1a: Kyogre\n|move|p2a: Mewtwo|Will-O-Wisp|p1a: Kyogre\n|-status|p1a: Kyogre|brn\n|\n|-weather|RainDance|[upkeep]\n|-heal|p1a: Kyogre|94\/100 brn|[from] item: Leftovers\n|-damage|p1a: Kyogre|82\/100 brn|[from] brn\n|upkeep\n|turn|10\n|\n|t:|1664800690\n|move|p2a: Mewtwo|Psystrike|p1a: Kyogre\n|-damage|p1a: Kyogre|39\/100 brn\n|move|p1a: Kyogre|Scald|p2a: Mewtwo\n|-damage|p2a: Mewtwo|46\/100\n|\n|-weather|RainDance|[upkeep]\n|-heal|p2a: Mewtwo|52\/100|[from] item: Leftovers\n|-heal|p1a: Kyogre|45\/100 brn|[from] item: Leftovers\n|-damage|p1a: Kyogre|33\/100 brn|[from] brn\n|upkeep\n|turn|11\n|\n|t:|1664800696\n|move|p2a: Mewtwo|Psystrike|p1a: Kyogre\n|-damage|p1a: Kyogre|0 fnt\n|faint|p1a: Kyogre\n|\n|-weather|RainDance|[upkeep]\n|-heal|p2a: Mewtwo|58\/100|[from] item: Leftovers\n|upkeep\n|\n|t:|1664800698\n|switch|p1a: Kabutops|Kabutops, F|100\/100\n|-damage|p1a: Kabutops|88\/100|[from] Stealth Rock\n|turn|12\n|\n|t:|1664800705\n|switch|p2a: Abomasnow|Abomasnow, F|100\/100\n|-damage|p2a: Abomasnow|76\/100|[from] Stealth Rock\n|-weather|Hail|[from] ability: Snow Warning|[of] p2a: Abomasnow\n|move|p1a: Kabutops|Waterfall|p2a: Abomasnow\n|-resisted|p2a: Abomasnow\n|-damage|p2a: Abomasnow|47\/100\n|-damage|p1a: Kabutops|78\/100|[from] item: Life Orb\n|\n|-weather|Hail|[upkeep]\n|-damage|p1a: Kabutops|72\/100|[from] Hail\n|-heal|p2a: Abomasnow|53\/100|[from] item: Leftovers\n|upkeep\n|turn|13\n|\n|t:|1664800708\n|move|p2a: Abomasnow|Protect|p2a: Abomasnow\n|-singleturn|p2a: Abomasnow|Protect\n|move|p1a: Kabutops|Low Kick|p2a: Abomasnow\n|-activate|p2a: Abomasnow|move: Protect\n|\n|-weather|Hail|[upkeep]\n|-damage|p1a: Kabutops|66\/100|[from] Hail\n|-heal|p2a: Abomasnow|59\/100|[from] item: Leftovers\n|upkeep\n|turn|14\n|\n|t:|1664800715\n|switch|p2a: Arceus|Arceus-Fighting|100\/100\n|-damage|p2a: Arceus|94\/100|[from] Stealth Rock\n|move|p1a: Kabutops|Low Kick|p2a: Arceus\n|-crit|p2a: Arceus\n|-damage|p2a: Arceus|26\/100\n|-damage|p1a: Kabutops|56\/100|[from] item: Life Orb\n|\n|-weather|Hail|[upkeep]\n|-damage|p2a: Arceus|20\/100|[from] Hail\n|-damage|p1a: Kabutops|50\/100|[from] Hail\n|upkeep\n|turn|15\n|\n|t:|1664800724\n|switch|p1a: Giratina|Giratina-Origin|100\/100\n|-damage|p1a: Giratina|88\/100|[from] Stealth Rock\n|move|p2a: Arceus|Recover|p2a: Arceus\n|-heal|p2a: Arceus|70\/100\n|\n|-weather|Hail|[upkeep]\n|-damage|p2a: Arceus|64\/100|[from] Hail\n|-damage|p1a: Giratina|82\/100|[from] Hail\n|upkeep\n|turn|16\n|\n|t:|1664800727\n|move|p2a: Arceus|Toxic|p1a: Giratina\n|-status|p1a: Giratina|tox\n|move|p1a: Giratina|Calm Mind|p1a: Giratina\n|-boost|p1a: Giratina|spa|1\n|-boost|p1a: Giratina|spd|1\n|\n|-weather|Hail|[upkeep]\n|-damage|p2a: Arceus|58\/100|[from] Hail\n|-damage|p1a: Giratina|76\/100 tox|[from] Hail\n|-damage|p1a: Giratina|70\/100 tox|[from] psn\n|upkeep\n|turn|17\n|\n|t:|1664800731\n|move|p2a: Arceus|Recover|p2a: Arceus\n|-heal|p2a: Arceus|100\/100\n|move|p1a: Giratina|Dragon Pulse|p2a: Arceus\n|-damage|p2a: Arceus|51\/100\n|\n|-weather|Hail|[upkeep]\n|-damage|p2a: Arceus|45\/100|[from] Hail\n|-damage|p1a: Giratina|64\/100 tox|[from] Hail\n|-damage|p1a: Giratina|52\/100 tox|[from] psn\n|upkeep\n|turn|18\n|\n|t:|1664800735\n|move|p2a: Arceus|Recover|p2a: Arceus\n|-heal|p2a: Arceus|95\/100\n|move|p1a: Giratina|Dragon Pulse|p2a: Arceus\n|-damage|p2a: Arceus|39\/100\n|\n|-weather|Hail|[upkeep]\n|-damage|p2a: Arceus|33\/100|[from] Hail\n|-damage|p1a: Giratina|46\/100 tox|[from] Hail\n|-damage|p1a: Giratina|27\/100 tox|[from] psn\n|upkeep\n|turn|19\n|\n|t:|1664800739\n|move|p2a: Arceus|Recover|p2a: Arceus\n|-heal|p2a: Arceus|83\/100\n|move|p1a: Giratina|Dragon Pulse|p2a: Arceus\n|-damage|p2a: Arceus|33\/100\n|\n|-weather|Hail|[upkeep]\n|-damage|p2a: Arceus|27\/100|[from] Hail\n|-damage|p1a: Giratina|21\/100 tox|[from] Hail\n|-damage|p1a: Giratina|0 fnt|[from] psn\n|faint|p1a: Giratina\n|upkeep\n|\n|t:|1664800746\n|switch|p1a: Arceus|Arceus-Fighting|100\/100\n|-damage|p1a: Arceus|94\/100|[from] Stealth Rock\n|turn|20\n|\n|t:|1664800774\n|move|p1a: Arceus|Judgment|p2a: Arceus\n|-damage|p2a: Arceus|0 fnt\n|faint|p2a: Arceus\n|\n|-weather|Hail|[upkeep]\n|-damage|p1a: Arceus|88\/100|[from] Hail\n|upkeep\n|\n|t:|1664800776\n|switch|p2a: Mewtwo|Mewtwo|58\/100\n|-damage|p2a: Mewtwo|46\/100|[from] Stealth Rock\n|-ability|p2a: Mewtwo|Pressure\n|turn|21\n|\n|t:|1664800782\n|switch|p1a: Kabutops|Kabutops, F|50\/100\n|-damage|p1a: Kabutops|38\/100|[from] Stealth Rock\n|move|p2a: Mewtwo|Recover|p2a: Mewtwo\n|-heal|p2a: Mewtwo|96\/100\n|\n|-weather|Hail|[upkeep]\n|-damage|p2a: Mewtwo|90\/100|[from] Hail\n|-damage|p1a: Kabutops|32\/100|[from] Hail\n|-heal|p2a: Mewtwo|96\/100|[from] item: Leftovers\n|upkeep\n|turn|22\n|\n|t:|1664800786\n|move|p2a: Mewtwo|Psystrike|p1a: Kabutops\n|-damage|p1a: Kabutops|0 fnt\n|faint|p1a: Kabutops\n|\n|-weather|Hail|[upkeep]\n|-damage|p2a: Mewtwo|90\/100|[from] Hail\n|-heal|p2a: Mewtwo|96\/100|[from] item: Leftovers\n|upkeep\n|\n|t:|1664800803\n|switch|p1a: Ferrothorn|Ferrothorn, F|92\/100\n|-damage|p1a: Ferrothorn|85\/100|[from] Stealth Rock\n|turn|23\n|\n|t:|1664800809\n|move|p2a: Mewtwo|Will-O-Wisp|p1a: Ferrothorn\n|-status|p1a: Ferrothorn|brn\n|move|p1a: Ferrothorn|Gyro Ball|p2a: Mewtwo\n|-damage|p2a: Mewtwo|74\/100\n|\n|-weather|Hail|[upkeep]\n|-damage|p2a: Mewtwo|68\/100|[from] Hail\n|-damage|p1a: Ferrothorn|79\/100 brn|[from] Hail\n|-heal|p2a: Mewtwo|74\/100|[from] item: Leftovers\n|-heal|p1a: Ferrothorn|85\/100 brn|[from] item: Leftovers\n|-damage|p1a: Ferrothorn|73\/100 brn|[from] brn\n|upkeep\n|turn|24\n|\n|t:|1664800814\n|move|p2a: Mewtwo|Taunt|p1a: Ferrothorn\n|-start|p1a: Ferrothorn|move: Taunt\n|cant|p1a: Ferrothorn|move: Taunt|Spikes\n|\n|-weather|Hail|[upkeep]\n|-damage|p2a: Mewtwo|68\/100|[from] Hail\n|-damage|p1a: Ferrothorn|67\/100 brn|[from] Hail\n|-heal|p2a: Mewtwo|74\/100|[from] item: Leftovers\n|-heal|p1a: Ferrothorn|73\/100 brn|[from] item: Leftovers\n|-damage|p1a: Ferrothorn|60\/100 brn|[from] brn\n|upkeep\n|turn|25\n|\n|t:|1664800820\n|move|p2a: Mewtwo|Psystrike|p1a: Ferrothorn\n|-resisted|p1a: Ferrothorn\n|-damage|p1a: Ferrothorn|40\/100 brn\n|move|p1a: Ferrothorn|Gyro Ball|p2a: Mewtwo\n|-damage|p2a: Mewtwo|53\/100\n|\n|-weather|Hail|[upkeep]\n|-damage|p2a: Mewtwo|47\/100|[from] Hail\n|-damage|p1a: Ferrothorn|34\/100 brn|[from] Hail\n|-heal|p2a: Mewtwo|53\/100|[from] item: Leftovers\n|-heal|p1a: Ferrothorn|40\/100 brn|[from] item: Leftovers\n|-damage|p1a: Ferrothorn|28\/100 brn|[from] brn\n|upkeep\n|turn|26\n|\n|t:|1664800823\n|move|p2a: Mewtwo|Recover|p2a: Mewtwo\n|-heal|p2a: Mewtwo|100\/100\n|move|p1a: Ferrothorn|Gyro Ball|p2a: Mewtwo\n|-damage|p2a: Mewtwo|79\/100\n|\n|-weather|Hail|[upkeep]\n|-damage|p2a: Mewtwo|73\/100|[from] Hail\n|-damage|p1a: Ferrothorn|22\/100 brn|[from] Hail\n|-heal|p2a: Mewtwo|79\/100|[from] item: Leftovers\n|-heal|p1a: Ferrothorn|28\/100 brn|[from] item: Leftovers\n|-damage|p1a: Ferrothorn|15\/100 brn|[from] brn\n|-end|p1a: Ferrothorn|move: Taunt\n|upkeep\n|turn|27\n|\n|t:|1664800828\n|move|p2a: Mewtwo|Taunt|p1a: Ferrothorn\n|-start|p1a: Ferrothorn|move: Taunt\n|move|p1a: Ferrothorn|Gyro Ball|p2a: Mewtwo\n|-damage|p2a: Mewtwo|58\/100\n|\n|-weather|Hail|[upkeep]\n|-damage|p2a: Mewtwo|52\/100|[from] Hail\n|-damage|p1a: Ferrothorn|9\/100 brn|[from] Hail\n|-heal|p2a: Mewtwo|58\/100|[from] item: Leftovers\n|-heal|p1a: Ferrothorn|15\/100 brn|[from] item: Leftovers\n|-damage|p1a: Ferrothorn|3\/100 brn|[from] brn\n|upkeep\n|turn|28\n|\n|t:|1664800832\n|move|p2a: Mewtwo|Recover|p2a: Mewtwo\n|-heal|p2a: Mewtwo|100\/100\n|move|p1a: Ferrothorn|Power Whip|p2a: Mewtwo\n|-damage|p2a: Mewtwo|85\/100\n|\n|-weather|Hail|[upkeep]\n|-damage|p2a: Mewtwo|79\/100|[from] Hail\n|-damage|p1a: Ferrothorn|0 fnt|[from] Hail\n|faint|p1a: Ferrothorn\n|-heal|p2a: Mewtwo|85\/100|[from] item: Leftovers\n|upkeep\n|\n|t:|1664800835\n|switch|p1a: Garchomp|Garchomp, F|100\/100\n|-damage|p1a: Garchomp|94\/100|[from] Stealth Rock\n|turn|29\n|\n|t:|1664800839\n|move|p1a: Garchomp|Outrage|p2a: Mewtwo\n|-damage|p2a: Mewtwo|33\/100\n|move|p2a: Mewtwo|Will-O-Wisp|p1a: Garchomp\n|-status|p1a: Garchomp|brn\n|\n|-weather|Hail|[upkeep]\n|-damage|p1a: Garchomp|88\/100 brn|[from] Hail\n|-damage|p2a: Mewtwo|27\/100|[from] Hail\n|-heal|p2a: Mewtwo|33\/100|[from] item: Leftovers\n|-damage|p1a: Garchomp|76\/100 brn|[from] brn\n|upkeep\n|turn|30\n|\n|t:|1664800847\n|move|p1a: Garchomp|Outrage|p2a: Mewtwo|[from]lockedmove\n|-damage|p2a: Mewtwo|8\/100\n|-start|p1a: Garchomp|confusion|[fatigue]\n|move|p2a: Mewtwo|Recover|p2a: Mewtwo\n|-heal|p2a: Mewtwo|58\/100\n|\n|-weather|Hail|[upkeep]\n|-damage|p1a: Garchomp|70\/100 brn|[from] Hail\n|-damage|p2a: Mewtwo|52\/100|[from] Hail\n|-heal|p2a: Mewtwo|58\/100|[from] item: Leftovers\n|-damage|p1a: Garchomp|57\/100 brn|[from] brn\n|upkeep\n|turn|31\n|-message|alvar03 forfeited.\n|\n|win|fire eyes2\n|raw|alvar03's rating: 1397 &rarr; <strong>1372<\/strong><br \/>(-25 for losing)\n|raw|fire eyes2's rating: 1308 &rarr; <strong>1333<\/strong><br \/>(+25 for winning)\n|l|\u2606alvar03\n||Ladder isn't responding, score probably updated but might not have (Request timeout).\n","uploadtime":1664800858,"views":17,"p1id":"alvar03","p2id":"fireeyes2","formatid":"gen5ubers","rating":1333,"private":0,"password":null}