{"id":"gen5ou-1194098406","p1":"Goootzinho","p2":"Shaka - Gym","format":"gen5ou","log":"|j|\u2606Goootzinho\n|j|\u2606Shaka - Gym\n|t:|1601232940\n|player|p1|Goootzinho|mars|1555\n|player|p2|Shaka - Gym|cilan|1250\n|teamsize|p1|6\n|teamsize|p2|6\n|gametype|singles\n|gen|5\n|tier|[Gen 5] OU\n|rated|\n|clearpoke\n|poke|p1|Xatu, F|item\n|poke|p1|Latios, M|item\n|poke|p1|Jirachi|item\n|poke|p1|Hippowdon, F|item\n|poke|p1|Rotom-Wash|item\n|poke|p1|Terrakion|item\n|poke|p2|Ferrothorn, M|item\n|poke|p2|Celebi|item\n|poke|p2|Breloom, F|item\n|poke|p2|Tentacruel, M|item\n|poke|p2|Shaymin|item\n|poke|p2|Sceptile, M|item\n|rule|Species Clause: Limit one of each Pok\u00e9mon\n|rule|OHKO Clause: OHKO moves are banned\n|rule|Moody Clause: Moody is banned\n|rule|Evasion Moves Clause: Evasion moves are banned\n|rule|Endless Battle Clause: Forcing endless battles is banned\n|rule|HP Percentage Mod: HP is shown in percentages\n|rule|Evasion Abilities Clause: Evasion abilities are banned\n|rule|Baton Pass Clause: Limit one Baton Passer, can't pass Spe and other stats simultaneously\n|rule|Sleep Clause: Sleep-inducing moves are banned\n|rule|Swagger Clause: Swagger is banned\n|teampreview\n|c|\u2606Shaka - Gym|Oh, it's you. GL HF\n|c|\u2606Goootzinho|u2\n|\n|t:|1601232957\n|start\n|switch|p1a: Latios|Latios, M|100\/100\n|switch|p2a: Affilerbo|Sceptile, M|100\/100\n|turn|1\n|\n|t:|1601232964\n|switch|p2a: Ferraculeo|Ferrothorn, M|100\/100\n|move|p1a: Latios|Hidden Power|p2a: Ferraculeo\n|-supereffective|p2a: Ferraculeo\n|-damage|p2a: Ferraculeo|6\/100\n|-damage|p1a: Latios|91\/100|[from] item: Life Orb\n|\n|-heal|p2a: Ferraculeo|12\/100|[from] item: Leftovers\n|upkeep\n|turn|2\n|\n|t:|1601232982\n|move|p1a: Latios|Hidden Power|p2a: Ferraculeo\n|-supereffective|p2a: Ferraculeo\n|-damage|p2a: Ferraculeo|0 fnt\n|-damage|p1a: Latios|81\/100|[from] item: Life Orb\n|faint|p2a: Ferraculeo\n|\n|upkeep\n|\n|t:|1601232990\n|switch|p2a: Celebi|Celebi|100\/100\n|turn|3\n|\n|t:|1601233003\n|switch|p1a: Jirachi|Jirachi|100\/100\n|move|p2a: Celebi|Perish Song|p2a: Celebi\n|-start|p1a: Jirachi|perish3|[silent]\n|-start|p2a: Celebi|perish3|[silent]\n|-fieldactivate|move: Perish Song\n|\n|-start|p2a: Celebi|perish3\n|-start|p1a: Jirachi|perish3\n|upkeep\n|turn|4\n|\n|t:|1601233011\n|move|p2a: Celebi|Thunder Wave|p1a: Jirachi\n|-status|p1a: Jirachi|par\n|move|p1a: Jirachi|Body Slam|p2a: Celebi\n|-damage|p2a: Celebi|85\/100\n|\n|-heal|p2a: Celebi|91\/100|[from] item: Leftovers\n|-start|p2a: Celebi|perish2\n|-start|p1a: Jirachi|perish2\n|upkeep\n|turn|5\n|\n|t:|1601233020\n|move|p2a: Celebi|Stealth Rock|p1a: Jirachi\n|-sidestart|p1: Goootzinho|move: Stealth Rock\n|cant|p1a: Jirachi|par\n|\n|-heal|p2a: Celebi|97\/100|[from] item: Leftovers\n|-start|p2a: Celebi|perish1\n|-start|p1a: Jirachi|perish1\n|upkeep\n|turn|6\n|\n|t:|1601233036\n|switch|p2a: Affilerbo|Sceptile, M|100\/100\n|switch|p1a: Xatu|Xatu, F|100\/100\n|-damage|p1a: Xatu|76\/100|[from] Stealth Rock\n|\n|-heal|p1a: Xatu|82\/100|[from] item: Leftovers\n|upkeep\n|turn|7\n|\n|t:|1601233044\n|move|p2a: Affilerbo|Swords Dance|p2a: Affilerbo\n|-boost|p2a: Affilerbo|atk|2\n|move|p1a: Xatu|Toxic|p2a: Affilerbo\n|-status|p2a: Affilerbo|tox\n|\n|-heal|p1a: Xatu|88\/100|[from] item: Leftovers\n|-damage|p2a: Affilerbo|94\/100 tox|[from] psn\n|upkeep\n|turn|8\n|\n|t:|1601233052\n|move|p2a: Affilerbo|Acrobatics|p1a: Xatu\n|-enditem|p2a: Affilerbo|Flying Gem|[from] gem\n|-damage|p1a: Xatu|0 fnt\n|faint|p1a: Xatu\n|\n|-damage|p2a: Affilerbo|82\/100 tox|[from] psn\n|upkeep\n|\n|t:|1601233060\n|switch|p1a: Jirachi|Jirachi|100\/100 par\n|-damage|p1a: Jirachi|94\/100 par|[from] Stealth Rock\n|turn|9\n|\n|t:|1601233064\n|move|p2a: Affilerbo|Earthquake|p1a: Jirachi\n|-supereffective|p1a: Jirachi\n|-crit|p1a: Jirachi\n|-damage|p1a: Jirachi|0 fnt\n|faint|p1a: Jirachi\n|\n|-damage|p2a: Affilerbo|64\/100 tox|[from] psn\n|upkeep\n|\n|t:|1601233072\n|switch|p1a: Hippowdon|Hippowdon, F|100\/100\n|-damage|p1a: Hippowdon|94\/100|[from] Stealth Rock\n|-weather|Sandstorm|[from] ability: Sand Stream|[of] p1a: Hippowdon\n|turn|10\n|\n|t:|1601233080\n|move|p2a: Affilerbo|Leaf Blade|p1a: Hippowdon\n|-supereffective|p1a: Hippowdon\n|-damage|p1a: Hippowdon|10\/100\n|move|p1a: Hippowdon|Whirlwind|p2a: Affilerbo\n|drag|p2a: Loi|Breloom, F, shiny|100\/100\n|\n|-weather|Sandstorm|[upkeep]\n|-damage|p2a: Loi|94\/100|[from] Sandstorm\n|-heal|p1a: Hippowdon|16\/100|[from] item: Leftovers\n|upkeep\n|turn|11\n|\n|t:|1601233089\n|move|p2a: Loi|Mach Punch|p1a: Hippowdon\n|-damage|p1a: Hippowdon|0 fnt\n|-damage|p2a: Loi|84\/100|[from] item: Life Orb\n|faint|p1a: Hippowdon\n|\n|-weather|Sandstorm|[upkeep]\n|-damage|p2a: Loi|78\/100|[from] Sandstorm\n|upkeep\n|\n|t:|1601233094\n|switch|p1a: Latios|Latios, M|81\/100\n|-damage|p1a: Latios|68\/100|[from] Stealth Rock\n|turn|12\n|\n|t:|1601233102\n|switch|p2a: Tentacruel|Tentacruel, M|100\/100\n|move|p1a: Latios|Roost|p1a: Latios\n|-heal|p1a: Latios|100\/100\n|-singleturn|p1a: Latios|move: Roost\n|\n|-weather|Sandstorm|[upkeep]\n|-damage|p1a: Latios|95\/100|[from] Sandstorm\n|-damage|p2a: Tentacruel|94\/100|[from] Sandstorm\n|upkeep\n|turn|13\n|\n|t:|1601233111\n|move|p1a: Latios|Psyshock|p2a: Tentacruel\n|-supereffective|p2a: Tentacruel\n|-damage|p2a: Tentacruel|0 fnt\n|-damage|p1a: Latios|85\/100|[from] item: Life Orb\n|faint|p2a: Tentacruel\n|\n|-weather|Sandstorm|[upkeep]\n|-damage|p1a: Latios|79\/100|[from] Sandstorm\n|upkeep\n|\n|t:|1601233119\n|switch|p2a: Celebi|Celebi|97\/100\n|turn|14\n|\n|t:|1601233130\n|switch|p1a: Rotom|Rotom-Wash|100\/100\n|-damage|p1a: Rotom|88\/100|[from] Stealth Rock\n|move|p2a: Celebi|Thunder Wave|p1a: Rotom\n|-status|p1a: Rotom|par\n|\n|-weather|Sandstorm|[upkeep]\n|-damage|p2a: Celebi|91\/100|[from] Sandstorm\n|-damage|p1a: Rotom|82\/100 par|[from] Sandstorm\n|-heal|p2a: Celebi|97\/100|[from] item: Leftovers\n|-heal|p1a: Rotom|88\/100 par|[from] item: Leftovers\n|upkeep\n|turn|15\n|\n|t:|1601233143\n|move|p2a: Celebi|Leech Seed|p1a: Rotom\n|-start|p1a: Rotom|move: Leech Seed\n|move|p1a: Rotom|Volt Switch|p2a: Celebi\n|-resisted|p2a: Celebi\n|-damage|p2a: Celebi|90\/100\n|\n|t:|1601233155\n|switch|p1a: Terrakion|Terrakion|100\/100|[from]move: Volt Switch\n|-damage|p1a: Terrakion|94\/100|[from] Stealth Rock\n|\n|-weather|Sandstorm|[upkeep]\n|-damage|p2a: Celebi|84\/100|[from] Sandstorm\n|-heal|p2a: Celebi|90\/100|[from] item: Leftovers\n|upkeep\n|turn|16\n|\n|t:|1601233169\n|move|p1a: Terrakion|Stone Edge|p2a: Celebi|[miss]\n|-miss|p1a: Terrakion|p2a: Celebi\n|move|p2a: Celebi|Thunder Wave|p1a: Terrakion\n|-status|p1a: Terrakion|par\n|\n|-weather|Sandstorm|[upkeep]\n|-damage|p2a: Celebi|84\/100|[from] Sandstorm\n|-heal|p2a: Celebi|90\/100|[from] item: Leftovers\n|upkeep\n|turn|17\n|\n|t:|1601233178\n|move|p2a: Celebi|Leech Seed|p1a: Terrakion\n|-start|p1a: Terrakion|move: Leech Seed\n|cant|p1a: Terrakion|par\n|\n|-weather|Sandstorm|[upkeep]\n|-damage|p2a: Celebi|84\/100|[from] Sandstorm\n|-heal|p2a: Celebi|90\/100|[from] item: Leftovers\n|-damage|p1a: Terrakion|82\/100 par|[from] Leech Seed|[of] p2a: Celebi\n|-heal|p2a: Celebi|99\/100|[silent]\n|upkeep\n|turn|18\n|c|\u2606Goootzinho|lol\n|\n|t:|1601233194\n|move|p2a: Celebi|Perish Song|p2a: Celebi\n|-start|p1a: Terrakion|perish3|[silent]\n|-start|p2a: Celebi|perish3|[silent]\n|-fieldactivate|move: Perish Song\n|move|p1a: Terrakion|Stone Edge|p2a: Celebi\n|-damage|p2a: Celebi|33\/100\n|\n|-weather|Sandstorm|[upkeep]\n|-damage|p2a: Celebi|27\/100|[from] Sandstorm\n|-heal|p2a: Celebi|33\/100|[from] item: Leftovers\n|-damage|p1a: Terrakion|70\/100 par|[from] Leech Seed|[of] p2a: Celebi\n|-heal|p2a: Celebi|43\/100|[silent]\n|-start|p2a: Celebi|perish3\n|-start|p1a: Terrakion|perish3\n|upkeep\n|turn|19\n|\n|t:|1601233212\n|switch|p2a: Affilerbo|Sceptile, M|64\/100 tox\n|move|p1a: Terrakion|Stone Edge|p2a: Affilerbo\n|-damage|p2a: Affilerbo|0 fnt\n|faint|p2a: Affilerbo\n|\n|-weather|Sandstorm|[upkeep]\n|-start|p1a: Terrakion|perish2\n|upkeep\n|\n|t:|1601233222\n|switch|p2a: Loi|Breloom, F, shiny|78\/100\n|turn|20\n|\n|t:|1601233239\n|switch|p1a: Rotom|Rotom-Wash|88\/100 par\n|-damage|p1a: Rotom|75\/100 par|[from] Stealth Rock\n|move|p2a: Loi|Bullet Seed|p1a: Rotom\n|-supereffective|p1a: Rotom\n|-damage|p1a: Rotom|31\/100 par\n|-supereffective|p1a: Rotom\n|-crit|p1a: Rotom\n|-damage|p1a: Rotom|0 fnt\n|-hitcount|p1a: Rotom|2\n|-damage|p2a: Loi|68\/100|[from] item: Life Orb\n|faint|p1a: Rotom\n|\n|-weather|Sandstorm|[upkeep]\n|-damage|p2a: Loi|62\/100|[from] Sandstorm\n|upkeep\n|\n|t:|1601233243\n|switch|p1a: Latios|Latios, M|79\/100\n|-damage|p1a: Latios|66\/100|[from] Stealth Rock\n|turn|21\n|\n|t:|1601233259\n|move|p2a: Loi|Mach Punch|p1a: Latios\n|-resisted|p1a: Latios\n|-damage|p1a: Latios|37\/100\n|-damage|p2a: Loi|52\/100|[from] item: Life Orb\n|move|p1a: Latios|Roost|p1a: Latios\n|-heal|p1a: Latios|87\/100\n|-singleturn|p1a: Latios|move: Roost\n|\n|-weather|Sandstorm|[upkeep]\n|-damage|p1a: Latios|81\/100|[from] Sandstorm\n|-damage|p2a: Loi|46\/100|[from] Sandstorm\n|upkeep\n|turn|22\n|\n|t:|1601233291\n|move|p2a: Loi|Mach Punch|p1a: Latios\n|-resisted|p1a: Latios\n|-damage|p1a: Latios|54\/100\n|-damage|p2a: Loi|36\/100|[from] item: Life Orb\n|move|p1a: Latios|Hidden Power|p2a: Loi\n|-supereffective|p2a: Loi\n|-damage|p2a: Loi|0 fnt\n|-damage|p1a: Latios|44\/100|[from] item: Life Orb\n|faint|p2a: Loi\n|\n|-weather|Sandstorm|[upkeep]\n|-damage|p1a: Latios|38\/100|[from] Sandstorm\n|upkeep\n|\n|t:|1601233316\n|switch|p2a: Celebi|Celebi|43\/100\n|turn|23\n|\n|t:|1601233324\n|switch|p1a: Terrakion|Terrakion|70\/100 par\n|-damage|p1a: Terrakion|63\/100 par|[from] Stealth Rock\n|move|p2a: Celebi|Thunder Wave|p1a: Terrakion\n|-fail|p1a: Terrakion|par\n|\n|-weather|Sandstorm|[upkeep]\n|-damage|p2a: Celebi|37\/100|[from] Sandstorm\n|-heal|p2a: Celebi|43\/100|[from] item: Leftovers\n|upkeep\n|turn|24\n|\n|t:|1601233336\n|move|p2a: Celebi|Leech Seed|p1a: Terrakion\n|-start|p1a: Terrakion|move: Leech Seed\n|move|p1a: Terrakion|Close Combat|p2a: Celebi\n|-resisted|p2a: Celebi\n|-damage|p2a: Celebi|1\/100\n|-unboost|p1a: Terrakion|def|1\n|-unboost|p1a: Terrakion|spd|1\n|\n|-weather|Sandstorm|[upkeep]\n|-damage|p2a: Celebi|0 fnt|[from] Sandstorm\n|faint|p2a: Celebi\n|upkeep\n|\n|t:|1601233345\n|switch|p2a: Shaymin|Shaymin|100\/100\n|turn|25\n|\n|t:|1601233404\n|move|p2a: Shaymin|Seed Flare|p1a: Terrakion\n|-supereffective|p1a: Terrakion\n|-damage|p1a: Terrakion|0 fnt\n|faint|p1a: Terrakion\n|\n|-weather|Sandstorm|[upkeep]\n|-damage|p2a: Shaymin|94\/100|[from] Sandstorm\n|-heal|p2a: Shaymin|100\/100|[from] item: Leftovers\n|upkeep\n|\n|t:|1601233407\n|switch|p1a: Latios|Latios, M|38\/100\n|-damage|p1a: Latios|25\/100|[from] Stealth Rock\n|turn|26\n|\n|t:|1601233416\n|move|p1a: Latios|Draco Meteor|p2a: Shaymin|[miss]\n|-miss|p1a: Latios|p2a: Shaymin\n|move|p2a: Shaymin|Seed Flare|p1a: Latios\n|-resisted|p1a: Latios\n|-damage|p1a: Latios|0 fnt\n|faint|p1a: Latios\n|\n|win|Shaka - Gym\n|l|\u2606Goootzinho\n|c|\u2606Shaka - Gym|wow\n|c|\u2606Shaka - Gym|gg\n|raw|Goootzinho's rating: 1534 &rarr; <strong>1501<\/strong><br \/>(-33 for losing)\n|raw|Shaka - Gym's rating: 1250 &rarr; <strong>1292<\/strong><br \/>(+42 for winning)\n","uploadtime":1601233430,"views":66,"p1id":"goootzinho","p2id":"shakagym","formatid":"gen5ou","rating":1292,"private":0,"password":null}