{"id":"gen5ou-1692086602","p1":"DrPistacho","p2":"Darkman64","format":"gen5ou","log":"|j|\u2606DrPistacho\n|j|\u2606Darkman64\n|t:|1666450583\n|gametype|singles\n|player|p1|DrPistacho|acetrainer-gen4dp|\n|player|p2|Darkman64|juan|\n|teamsize|p1|6\n|teamsize|p2|6\n|gen|5\n|tier|[Gen 5] OU\n|rule|Species Clause: Limit one of each Pok\u00e9mon\n|rule|OHKO Clause: OHKO moves are banned\n|rule|Moody Clause: Moody is banned\n|rule|Evasion Items Clause: Evasion items are banned\n|rule|Evasion Moves Clause: Evasion moves are banned\n|rule|Endless Battle Clause: Forcing endless battles is banned\n|rule|HP Percentage Mod: HP is shown in percentages\n|rule|Evasion Abilities Clause: Evasion abilities are banned\n|rule|Sleep Clause: Sleep-inducing moves are banned\n|rule|Swagger Clause: Swagger is banned\n|clearpoke\n|poke|p1|Politoed, M|item\n|poke|p1|Ferrothorn, M|item\n|poke|p1|Tentacruel, F|item\n|poke|p1|Latios, M|item\n|poke|p1|Keldeo-Resolute|item\n|poke|p1|Thundurus-Therian, M|item\n|poke|p2|Tyranitar, F|item\n|poke|p2|Latias, F|item\n|poke|p2|Excadrill, F|item\n|poke|p2|Alakazam, F|item\n|poke|p2|Rotom-Wash|item\n|poke|p2|Landorus-Therian, M|item\n|teampreview\n|c|\u2606Darkman64|que gane el mejor\n|c|\u2606DrPistacho|suerte\n|c|\u2606DrPistacho|eje\n|c|\u2606DrPistacho|latios vs latias\n|inactive|Battle timer is ON: inactive players will automatically lose when time's up. (requested by Darkman64)\n|c|\u2606Darkman64|matemonos a pajas\n|c|\u2606DrPistacho|hacemos mencion para que alguien venga?\n|c|\u2606Darkman64|no\n|c|\u2606DrPistacho|mejor\n|inactive|DrPistacho has 270 seconds left.\n|c|\u2606DrPistacho|solo tu y yo solo\n|c|\u2606Darkman64|todos los que eh luchado\n|\n|t:|1666450656\n|start\n|switch|p1a: Ferrothorn|Ferrothorn, M|100\/100\n|switch|p2a: Latias|Latias, F|100\/100\n|turn|1\n|c|\u2606Darkman64|me han haxeado\n|c|\u2606Darkman64|ahora que me doy cuenta\n|c|\u2606Darkman64|si lo haces tu\n|c|\u2606Darkman64|y me ganas\n|inactive|Darkman64 has 270 seconds left.\n|c|\u2606DrPistacho|se me conoce en 3 servers como el tonto de la suerte, no es por insinuar que no podra pasar aqui\n|inactiveoff|Battle timer is now OFF.\n|c|\u2606DrPistacho|la graaan duda es... Excadrill es Focus sash, o es... *se asusta* Choice band\n|l|\u2606Darkman64\n|player|p2|\n|j|\u2606Darkman64\n|player|p2|Darkman64|juan\n|c|\u2606DrPistacho|volviste :D\n|c|\u2606Darkman64|si\n|c|\u2606DrPistacho|ok\n|c|\u2606DrPistacho|suerte pa\n|c|\u2606Darkman64|aunque desaparezca nuevamente prob\n|c|\u2606DrPistacho|da igual, lucha mientras puedas\n|c|\u2606Darkman64|veamos cuanto duro\n|\n|t:|1666452144\n|move|p2a: Latias|Hidden Power|p1a: Ferrothorn\n|-supereffective|p1a: Ferrothorn\n|-damage|p1a: Ferrothorn|49\/100\n|move|p1a: Ferrothorn|Knock Off|p2a: Latias\n|-supereffective|p2a: Latias\n|-damage|p2a: Latias|92\/100\n|-damage|p1a: Ferrothorn|33\/100|[from] item: Rocky Helmet|[of] p2a: Latias\n|-enditem|p2a: Latias|Rocky Helmet|[from] move: Knock Off|[of] p1a: Ferrothorn\n|\n|-heal|p1a: Ferrothorn|39\/100|[from] item: Leftovers\n|upkeep\n|turn|2\n|\n|t:|1666452156\n|switch|p1a: Politoed|Politoed, M|100\/100\n|-weather|RainDance|[from] ability: Drizzle|[of] p1a: Politoed\n|move|p2a: Latias|Thunder Wave|p1a: Politoed\n|-status|p1a: Politoed|par\n|\n|-weather|RainDance|[upkeep]\n|upkeep\n|turn|3\n|\n|t:|1666452161\n|switch|p2a: Tyranitar|Tyranitar, F|100\/100\n|-weather|Sandstorm|[from] ability: Sand Stream|[of] p2a: Tyranitar\n|move|p1a: Politoed|Toxic|p2a: Tyranitar\n|-status|p2a: Tyranitar|tox\n|\n|-weather|Sandstorm|[upkeep]\n|-damage|p1a: Politoed|94\/100 par|[from] Sandstorm\n|-heal|p1a: Politoed|100\/100 par|[from] item: Leftovers\n|-damage|p2a: Tyranitar|94\/100 tox|[from] psn\n|upkeep\n|turn|4\n|\n|t:|1666452168\n|move|p1a: Politoed|Protect|p1a: Politoed\n|-singleturn|p1a: Politoed|Protect\n|move|p2a: Tyranitar|Stealth Rock|p1a: Politoed\n|-sidestart|p1: DrPistacho|move: Stealth Rock\n|\n|-weather|Sandstorm|[upkeep]\n|-damage|p1a: Politoed|94\/100 par|[from] Sandstorm\n|-heal|p1a: Politoed|100\/100 par|[from] item: Leftovers\n|-damage|p2a: Tyranitar|82\/100 tox|[from] psn\n|upkeep\n|turn|5\n|\n|t:|1666452174\n|switch|p2a: Rotom|Rotom-Wash|100\/100\n|switch|p1a: Ferrothorn|Ferrothorn, M|39\/100\n|-damage|p1a: Ferrothorn|33\/100|[from] Stealth Rock\n|\n|-weather|Sandstorm|[upkeep]\n|-damage|p2a: Rotom|94\/100|[from] Sandstorm\n|-heal|p2a: Rotom|100\/100|[from] item: Leftovers\n|-heal|p1a: Ferrothorn|39\/100|[from] item: Leftovers\n|upkeep\n|turn|6\n|\n|t:|1666452179\n|move|p2a: Rotom|Will-O-Wisp|p1a: Ferrothorn\n|-status|p1a: Ferrothorn|brn\n|move|p1a: Ferrothorn|Leech Seed|p2a: Rotom\n|-start|p2a: Rotom|move: Leech Seed\n|\n|-weather|Sandstorm|[upkeep]\n|-damage|p2a: Rotom|94\/100|[from] Sandstorm\n|-heal|p2a: Rotom|100\/100|[from] item: Leftovers\n|-heal|p1a: Ferrothorn|45\/100 brn|[from] item: Leftovers\n|-damage|p2a: Rotom|88\/100|[from] Leech Seed|[of] p1a: Ferrothorn\n|-heal|p1a: Ferrothorn|56\/100 brn|[silent]\n|-damage|p1a: Ferrothorn|44\/100 brn|[from] brn\n|upkeep\n|turn|7\n|\n|t:|1666452190\n|move|p2a: Rotom|Volt Switch|p1a: Ferrothorn\n|-resisted|p1a: Ferrothorn\n|-damage|p1a: Ferrothorn|34\/100 brn\n|\n|t:|1666452193\n|switch|p2a: Latias|Latias, F|92\/100|[from]move: Volt Switch\n|move|p1a: Ferrothorn|Stealth Rock|p2a: Latias\n|-sidestart|p2: Darkman64|move: Stealth Rock\n|\n|-weather|Sandstorm|[upkeep]\n|-damage|p2a: Latias|86\/100|[from] Sandstorm\n|-heal|p1a: Ferrothorn|41\/100 brn|[from] item: Leftovers\n|-damage|p1a: Ferrothorn|28\/100 brn|[from] brn\n|upkeep\n|turn|8\n|\n|t:|1666452203\n|switch|p2a: Rotom|Rotom-Wash|88\/100\n|-damage|p2a: Rotom|75\/100|[from] Stealth Rock\n|switch|p1a: Politoed|Politoed, M|100\/100 par\n|-damage|p1a: Politoed|88\/100 par|[from] Stealth Rock\n|-weather|RainDance|[from] ability: Drizzle|[of] p1a: Politoed\n|\n|-weather|RainDance|[upkeep]\n|-heal|p2a: Rotom|82\/100|[from] item: Leftovers\n|-heal|p1a: Politoed|94\/100 par|[from] item: Leftovers\n|upkeep\n|turn|9\n|\n|t:|1666452212\n|move|p1a: Politoed|Protect|p1a: Politoed\n|-singleturn|p1a: Politoed|Protect\n|move|p2a: Rotom|Hydro Pump|p1a: Politoed\n|-activate|p1a: Politoed|move: Protect\n|\n|-weather|RainDance|[upkeep]\n|-heal|p2a: Rotom|88\/100|[from] item: Leftovers\n|-heal|p1a: Politoed|99\/100 par|[from] item: Leftovers\n|upkeep\n|turn|10\n|\n|t:|1666452229\n|switch|p1a: Ferrothorn|Ferrothorn, M|28\/100 brn\n|-damage|p1a: Ferrothorn|22\/100 brn|[from] Stealth Rock\n|move|p2a: Rotom|Volt Switch|p1a: Ferrothorn\n|-resisted|p1a: Ferrothorn\n|-damage|p1a: Ferrothorn|12\/100 brn\n|\n|t:|1666452233\n|switch|p2a: Alakazam|Alakazam, F|100\/100|[from]move: Volt Switch\n|\n|-weather|RainDance|[upkeep]\n|-heal|p1a: Ferrothorn|19\/100 brn|[from] item: Leftovers\n|-damage|p1a: Ferrothorn|6\/100 brn|[from] brn\n|upkeep\n|turn|11\n|\n|t:|1666452236\n|move|p2a: Alakazam|Psychic|p1a: Ferrothorn\n|-resisted|p1a: Ferrothorn\n|-damage|p1a: Ferrothorn|0 fnt\n|faint|p1a: Ferrothorn\n|\n|-weather|RainDance|[upkeep]\n|upkeep\n|\n|t:|1666452251\n|switch|p1a: Latios|Latios, M|100\/100\n|-damage|p1a: Latios|88\/100|[from] Stealth Rock\n|turn|12\n|\n|t:|1666452258\n|move|p1a: Latios|Draco Meteor|p2a: Alakazam\n|-crit|p2a: Alakazam\n|-enditem|p2a: Alakazam|Focus Sash\n|-damage|p2a: Alakazam|1\/100\n|-unboost|p1a: Latios|spa|2\n|move|p2a: Alakazam|Hidden Power|p1a: Latios\n|-supereffective|p1a: Latios\n|-damage|p1a: Latios|38\/100\n|\n|-weather|RainDance|[upkeep]\n|upkeep\n|turn|13\n|c|\u2606Darkman64|critico potente\n|\n|t:|1666452267\n|switch|p2a: Excadrill|Excadrill, F|100\/100\n|-damage|p2a: Excadrill|97\/100|[from] Stealth Rock\n|move|p1a: Latios|Draco Meteor|p2a: Excadrill\n|-resisted|p2a: Excadrill\n|-damage|p2a: Excadrill|71\/100\n|-unboost|p1a: Latios|spa|2\n|\n|-weather|RainDance|[upkeep]\n|-heal|p2a: Excadrill|77\/100|[from] item: Leftovers\n|upkeep\n|turn|14\n|c|\u2606DrPistacho|sep\n|\n|t:|1666452276\n|switch|p1a: Politoed|Politoed, M|99\/100 par\n|-damage|p1a: Politoed|88\/100 par|[from] Stealth Rock\n|move|p2a: Excadrill|Substitute|p2a: Excadrill\n|-start|p2a: Excadrill|Substitute\n|-damage|p2a: Excadrill|52\/100\n|\n|-weather|RainDance|[upkeep]\n|-heal|p2a: Excadrill|58\/100|[from] item: Leftovers\n|-heal|p1a: Politoed|94\/100 par|[from] item: Leftovers\n|upkeep\n|turn|15\n|\n|t:|1666452280\n|move|p2a: Excadrill|Protect|p2a: Excadrill\n|-singleturn|p2a: Excadrill|Protect\n|move|p1a: Politoed|Scald|p2a: Excadrill\n|-activate|p2a: Excadrill|move: Protect\n|\n|-weather|RainDance|[upkeep]\n|-heal|p2a: Excadrill|64\/100|[from] item: Leftovers\n|-heal|p1a: Politoed|99\/100 par|[from] item: Leftovers\n|upkeep\n|turn|16\n|\n|t:|1666452283\n|move|p2a: Excadrill|Earthquake|p1a: Politoed\n|-damage|p1a: Politoed|52\/100 par\n|move|p1a: Politoed|Scald|p2a: Excadrill\n|-supereffective|p2a: Excadrill\n|-end|p2a: Excadrill|Substitute\n|\n|-weather|RainDance|[upkeep]\n|-heal|p2a: Excadrill|70\/100|[from] item: Leftovers\n|-heal|p1a: Politoed|58\/100 par|[from] item: Leftovers\n|upkeep\n|turn|17\n|\n|t:|1666452290\n|switch|p2a: Rotom|Rotom-Wash|88\/100\n|-damage|p2a: Rotom|75\/100|[from] Stealth Rock\n|cant|p1a: Politoed|par\n|\n|-weather|RainDance|[upkeep]\n|-heal|p2a: Rotom|82\/100|[from] item: Leftovers\n|-heal|p1a: Politoed|64\/100 par|[from] item: Leftovers\n|upkeep\n|turn|18\n|\n|t:|1666452297\n|switch|p1a: Thundurus|Thundurus-Therian, M|100\/100\n|-damage|p1a: Thundurus|76\/100|[from] Stealth Rock\n|move|p2a: Rotom|Hydro Pump|p1a: Thundurus|[miss]\n|-miss|p2a: Rotom|p1a: Thundurus\n|\n|-weather|RainDance|[upkeep]\n|-heal|p1a: Thundurus|82\/100|[from] item: Leftovers\n|-heal|p2a: Rotom|88\/100|[from] item: Leftovers\n|upkeep\n|turn|19\n|c|\u2606Darkman64|jaja\n|c|\u2606Darkman64|empezamos\n|\n|t:|1666452304\n|move|p1a: Thundurus|Substitute|p1a: Thundurus\n|-start|p1a: Thundurus|Substitute\n|-damage|p1a: Thundurus|57\/100\n|move|p2a: Rotom|Hydro Pump|p1a: Thundurus\n|-end|p1a: Thundurus|Substitute\n|\n|-weather|RainDance|[upkeep]\n|-heal|p1a: Thundurus|63\/100|[from] item: Leftovers\n|-heal|p2a: Rotom|94\/100|[from] item: Leftovers\n|upkeep\n|turn|20\n|\n|t:|1666452310\n|move|p1a: Thundurus|Thunder|p2a: Rotom\n|-damage|p2a: Rotom|46\/100\n|move|p2a: Rotom|Hydro Pump|p1a: Thundurus\n|-damage|p1a: Thundurus|0 fnt\n|faint|p1a: Thundurus\n|\n|-weather|RainDance|[upkeep]\n|-heal|p2a: Rotom|52\/100|[from] item: Leftovers\n|upkeep\n|\n|t:|1666452316\n|switch|p1a: Latios|Latios, M|38\/100\n|-damage|p1a: Latios|25\/100|[from] Stealth Rock\n|turn|21\n|\n|t:|1666452322\n|switch|p2a: Landorus|Landorus-Therian, M|100\/100\n|-damage|p2a: Landorus|88\/100|[from] Stealth Rock\n|-ability|p2a: Landorus|Intimidate|boost\n|-unboost|p1a: Latios|atk|1\n|move|p1a: Latios|Draco Meteor|p2a: Landorus\n|-crit|p2a: Landorus\n|-damage|p2a: Landorus|0 fnt\n|-unboost|p1a: Latios|spa|2\n|faint|p2a: Landorus\n|\n|-weather|RainDance|[upkeep]\n|upkeep\n|\n|t:|1666452328\n|switch|p2a: Tyranitar|Tyranitar, F|82\/100 tox\n|-damage|p2a: Tyranitar|69\/100 tox|[from] Stealth Rock\n|-weather|Sandstorm|[from] ability: Sand Stream|[of] p2a: Tyranitar\n|turn|22\n|c|\u2606DrPistacho|2 criticos xD\n|\n|t:|1666452333\n|-activate|p1a: Latios|move: Pursuit\n|move|p2a: Tyranitar|Pursuit|p1a: Latios|[from]Pursuit\n|-supereffective|p1a: Latios\n|-damage|p1a: Latios|0 fnt\n|faint|p1a: Latios\n|-hint|A Pokemon can't switch between when it runs out of HP and when it faints\n|\n|-weather|Sandstorm|[upkeep]\n|-damage|p2a: Tyranitar|63\/100 tox|[from] psn\n|upkeep\n|\n|t:|1666452337\n|switch|p1a: Politoed|Politoed, M|64\/100 par\n|-damage|p1a: Politoed|52\/100 par|[from] Stealth Rock\n|-weather|RainDance|[from] ability: Drizzle|[of] p1a: Politoed\n|turn|23\n|\n|t:|1666452344\n|switch|p2a: Alakazam|Alakazam, F|1\/100\n|move|p1a: Politoed|Protect||[still]\n|-fail|p1a: Politoed\n|\n|-weather|RainDance|[upkeep]\n|-heal|p1a: Politoed|58\/100 par|[from] item: Leftovers\n|upkeep\n|turn|24\n|\n|t:|1666452347\n|move|p2a: Alakazam|Psychic|p1a: Politoed\n|-damage|p1a: Politoed|18\/100 par\n|move|p1a: Politoed|Scald|p2a: Alakazam\n|-crit|p2a: Alakazam\n|-damage|p2a: Alakazam|0 fnt\n|faint|p2a: Alakazam\n|\n|-weather|RainDance|[upkeep]\n|-heal|p1a: Politoed|24\/100 par|[from] item: Leftovers\n|upkeep\n|\n|t:|1666452350\n|switch|p2a: Tyranitar|Tyranitar, F|63\/100 tox\n|-damage|p2a: Tyranitar|51\/100 tox|[from] Stealth Rock\n|-weather|Sandstorm|[from] ability: Sand Stream|[of] p2a: Tyranitar\n|turn|25\n|\n|t:|1666452355\n|cant|p1a: Politoed|par\n|move|p2a: Tyranitar|Pursuit|p1a: Politoed\n|-damage|p1a: Politoed|7\/100 par\n|\n|-weather|Sandstorm|[upkeep]\n|-damage|p1a: Politoed|1\/100 par|[from] Sandstorm\n|-heal|p1a: Politoed|7\/100 par|[from] item: Leftovers\n|-damage|p2a: Tyranitar|45\/100 tox|[from] psn\n|upkeep\n|turn|26\n|\n|t:|1666452360\n|switch|p2a: Latias|Latias, F|86\/100\n|-damage|p2a: Latias|73\/100|[from] Stealth Rock\n|move|p1a: Politoed|Scald|p2a: Latias\n|-resisted|p2a: Latias\n|-damage|p2a: Latias|63\/100\n|-status|p2a: Latias|brn\n|\n|-weather|Sandstorm|[upkeep]\n|-damage|p2a: Latias|57\/100 brn|[from] Sandstorm\n|-damage|p1a: Politoed|1\/100 par|[from] Sandstorm\n|-heal|p1a: Politoed|7\/100 par|[from] item: Leftovers\n|-damage|p2a: Latias|45\/100 brn|[from] brn\n|upkeep\n|turn|27\n|\n|t:|1666452366\n|move|p1a: Politoed|Protect|p1a: Politoed\n|-singleturn|p1a: Politoed|Protect\n|move|p2a: Latias|Recover|p2a: Latias\n|-heal|p2a: Latias|95\/100 brn\n|\n|-weather|Sandstorm|[upkeep]\n|-damage|p2a: Latias|89\/100 brn|[from] Sandstorm\n|-damage|p1a: Politoed|1\/100 par|[from] Sandstorm\n|-heal|p1a: Politoed|7\/100 par|[from] item: Leftovers\n|-damage|p2a: Latias|77\/100 brn|[from] brn\n|upkeep\n|turn|28\n|\n|t:|1666452374\n|move|p2a: Latias|Ice Beam|p1a: Politoed\n|-resisted|p1a: Politoed\n|-crit|p1a: Politoed\n|-damage|p1a: Politoed|0 fnt\n|faint|p1a: Politoed\n|\n|-weather|Sandstorm|[upkeep]\n|-damage|p2a: Latias|70\/100 brn|[from] Sandstorm\n|-damage|p2a: Latias|58\/100 brn|[from] brn\n|upkeep\n|\n|t:|1666452381\n|switch|p1a: Keldeo|Keldeo-Resolute|100\/100\n|-damage|p1a: Keldeo|94\/100|[from] Stealth Rock\n|turn|29\n|\n|t:|1666452385\n|move|p1a: Keldeo|Hidden Power|p2a: Latias\n|-supereffective|p2a: Latias\n|-damage|p2a: Latias|0 fnt\n|faint|p2a: Latias\n|\n|-weather|Sandstorm|[upkeep]\n|-damage|p1a: Keldeo|88\/100|[from] Sandstorm\n|upkeep\n|c|\u2606Darkman64|que es eso\n|c|\u2606DrPistacho|a\n|\n|t:|1666452396\n|switch|p2a: Rotom|Rotom-Wash|52\/100\n|-damage|p2a: Rotom|39\/100|[from] Stealth Rock\n|turn|30\n|\n|t:|1666452401\n|move|p1a: Keldeo|Hidden Power|p2a: Rotom\n|-damage|p2a: Rotom|10\/100\n|move|p2a: Rotom|Pain Split|p1a: Keldeo\n|-sethp|p1a: Keldeo|49\/100|[from] move: Pain Split|[silent]\n|-sethp|p2a: Rotom|52\/100|[from] move: Pain Split\n|\n|-weather|Sandstorm|[upkeep]\n|-damage|p1a: Keldeo|43\/100|[from] Sandstorm\n|-damage|p2a: Rotom|46\/100|[from] Sandstorm\n|-heal|p2a: Rotom|52\/100|[from] item: Leftovers\n|upkeep\n|turn|31\n|\n|t:|1666452406\n|switch|p1a: Tentacruel|Tentacruel, F|100\/100\n|-damage|p1a: Tentacruel|88\/100|[from] Stealth Rock\n|move|p2a: Rotom|Volt Switch|p1a: Tentacruel\n|-supereffective|p1a: Tentacruel\n|-crit|p1a: Tentacruel\n|-damage|p1a: Tentacruel|6\/100\n|c|\u2606Darkman64|vamos\n|\n|t:|1666452409\n|switch|p2a: Excadrill|Excadrill, F|70\/100|[from]move: Volt Switch\n|-damage|p2a: Excadrill|67\/100|[from] Stealth Rock\n|\n|-weather|Sandstorm|[upkeep]\n|-damage|p1a: Tentacruel|0 fnt|[from] Sandstorm\n|faint|p1a: Tentacruel\n|-heal|p2a: Excadrill|73\/100|[from] item: Leftovers\n|upkeep\n|c|\u2606DrPistacho|Y aguanta\n|\n|t:|1666452413\n|switch|p1a: Keldeo|Keldeo-Resolute|43\/100\n|-damage|p1a: Keldeo|36\/100|[from] Stealth Rock\n|turn|32\n|\n|t:|1666452416\n|move|p2a: Excadrill|Protect|p2a: Excadrill\n|-singleturn|p2a: Excadrill|Protect\n|move|p1a: Keldeo|Secret Sword|p2a: Excadrill\n|-activate|p2a: Excadrill|move: Protect\n|\n|-weather|Sandstorm|[upkeep]\n|-damage|p1a: Keldeo|30\/100|[from] Sandstorm\n|-heal|p2a: Excadrill|79\/100|[from] item: Leftovers\n|upkeep\n|turn|33\n|c|\u2606DrPistacho|GG\n|c|\u2606Darkman64|gg\n|c|\u2606DrPistacho|era fantasma\n|c|\u2606Darkman64|dou\n|\n|t:|1666452432\n|move|p1a: Keldeo|Secret Sword|p2a: Excadrill\n|-supereffective|p2a: Excadrill\n|-damage|p2a: Excadrill|0 fnt\n|faint|p2a: Excadrill\n|\n|-weather|Sandstorm|[upkeep]\n|-damage|p1a: Keldeo|24\/100|[from] Sandstorm\n|upkeep\n|\n|t:|1666452434\n|switch|p2a: Rotom|Rotom-Wash|52\/100\n|-damage|p2a: Rotom|39\/100|[from] Stealth Rock\n|turn|34\n|\n|t:|1666452436\n|move|p1a: Keldeo|Secret Sword|p2a: Rotom\n|-damage|p2a: Rotom|0 fnt\n|faint|p2a: Rotom\n|\n|-weather|Sandstorm|[upkeep]\n|-damage|p1a: Keldeo|18\/100|[from] Sandstorm\n|upkeep\n|c|\u2606Darkman64|perdi+\n|c|\u2606Darkman64|sad\n|c|\u2606DrPistacho|QUE...\n|\n|t:|1666452442\n|switch|p2a: Tyranitar|Tyranitar, F|45\/100 tox\n|-damage|p2a: Tyranitar|32\/100 tox|[from] Stealth Rock\n|turn|35\n|c|\u2606DrPistacho|COJONES ACABA DE PASAR?\n|\n|t:|1666452450\n|move|p1a: Keldeo|Secret Sword|p2a: Tyranitar\n|-supereffective|p2a: Tyranitar\n|-enditem|p2a: Tyranitar|Chople Berry|[eat]\n|-enditem|p2a: Tyranitar|Chople Berry|[weaken]\n|-damage|p2a: Tyranitar|0 fnt\n|faint|p2a: Tyranitar\n|\n|win|DrPistacho\n|c|\u2606DrPistacho|Ok, me toca verme 4 temporadas de Mlp\n","uploadtime":1666452475,"views":11,"p1id":"drpistacho","p2id":"darkman64","formatid":"gen5ou","rating":0,"private":0,"password":null}