{"id":"gen5ou-1685876445","p1":"ILoveTheEarth","p2":"Darkman64","format":"gen5ou","log":"|j|\u2606ILoveTheEarth\n|j|\u2606Darkman64\n|t:|1665777769\n|gametype|singles\n|player|p1|ILoveTheEarth|fisherman-gen4|\n|player|p2|Darkman64|juan|\n|teamsize|p1|6\n|teamsize|p2|6\n|gen|5\n|tier|[Gen 5] OU\n|rule|Species Clause: Limit one of each Pok\u00e9mon\n|rule|OHKO Clause: OHKO moves are banned\n|rule|Moody Clause: Moody is banned\n|rule|Evasion Items Clause: Evasion items are banned\n|rule|Evasion Moves Clause: Evasion moves are banned\n|rule|Endless Battle Clause: Forcing endless battles is banned\n|rule|HP Percentage Mod: HP is shown in percentages\n|rule|Evasion Abilities Clause: Evasion abilities are banned\n|rule|Sleep Clause: Sleep-inducing moves are banned\n|rule|Swagger Clause: Swagger is banned\n|clearpoke\n|poke|p1|Breloom, M|item\n|poke|p1|Excadrill, F|item\n|poke|p1|Tyranitar, M|item\n|poke|p1|Vaporeon, F|item\n|poke|p1|Jirachi|item\n|poke|p1|Keldeo-Resolute|item\n|poke|p2|Tyranitar, M|item\n|poke|p2|Latias, F|item\n|poke|p2|Excadrill, F|item\n|poke|p2|Alakazam, F|item\n|poke|p2|Rotom-Wash|item\n|poke|p2|Landorus-Therian, M|item\n|teampreview\n|c|\u2606ILoveTheEarth|Glhf\n|c|\u2606Darkman64|u2\n|\n|t:|1665777785\n|start\n|switch|p1a: Keldeo|Keldeo-Resolute|100\/100\n|switch|p2a: Excadrill|Excadrill, F|100\/100\n|turn|1\n|\n|t:|1665777794\n|switch|p2a: Latias|Latias, F|100\/100\n|move|p1a: Keldeo|Surf|p2a: Latias\n|-resisted|p2a: Latias\n|-crit|p2a: Latias\n|-damage|p2a: Latias|61\/100\n|\n|upkeep\n|turn|2\n|\n|t:|1665777798\n|switch|p1a: Tyranitar|Tyranitar, M, shiny|100\/100\n|-weather|Sandstorm|[from] ability: Sand Stream|[of] p1a: Tyranitar\n|move|p2a: Latias|Thunder Wave|p1a: Tyranitar\n|-status|p1a: Tyranitar|par\n|\n|-weather|Sandstorm|[upkeep]\n|-damage|p2a: Latias|55\/100|[from] Sandstorm\n|upkeep\n|turn|3\n|\n|t:|1665777801\n|move|p2a: Latias|Recover|p2a: Latias\n|-heal|p2a: Latias|100\/100\n|move|p1a: Tyranitar|Pursuit|p2a: Latias\n|-supereffective|p2a: Latias\n|-damage|p2a: Latias|59\/100\n|-damage|p1a: Tyranitar|84\/100 par|[from] item: Rocky Helmet|[of] p2a: Latias\n|\n|-weather|Sandstorm|[upkeep]\n|-damage|p2a: Latias|53\/100|[from] Sandstorm\n|upkeep\n|turn|4\n|\n|t:|1665777805\n|switch|p2a: Landorus|Landorus-Therian, M|100\/100\n|-ability|p2a: Landorus|Intimidate|boost\n|-unboost|p1a: Tyranitar|atk|1\n|move|p1a: Tyranitar|Thunder Wave|p2a: Landorus\n|-immune|p2a: Landorus\n|\n|-weather|Sandstorm|[upkeep]\n|upkeep\n|turn|5\n|\n|t:|1665777813\n|switch|p1a: Breloom|Breloom, M, shiny|100\/100\n|move|p2a: Landorus|U-turn|p1a: Breloom\n|-damage|p1a: Breloom|66\/100\n|\n|t:|1665777818\n|switch|p2a: Alakazam|Alakazam, F|100\/100|[from]move: U-turn\n|\n|-weather|Sandstorm|[upkeep]\n|-damage|p1a: Breloom|60\/100|[from] Sandstorm\n|-status|p1a: Breloom|tox|[from] item: Toxic Orb\n|upkeep\n|turn|6\n|\n|t:|1665777822\n|switch|p1a: Vaporeon|Vaporeon, F|100\/100\n|move|p2a: Alakazam|Focus Blast|p1a: Vaporeon\n|-damage|p1a: Vaporeon|75\/100\n|\n|-weather|Sandstorm|[upkeep]\n|-damage|p1a: Vaporeon|69\/100|[from] Sandstorm\n|-heal|p1a: Vaporeon|75\/100|[from] item: Leftovers\n|upkeep\n|turn|7\n|\n|t:|1665777825\n|move|p2a: Alakazam|Psychic|p1a: Vaporeon\n|-damage|p1a: Vaporeon|47\/100\n|move|p1a: Vaporeon|Wish|p1a: Vaporeon\n|\n|-weather|Sandstorm|[upkeep]\n|-damage|p1a: Vaporeon|41\/100|[from] Sandstorm\n|-heal|p1a: Vaporeon|47\/100|[from] item: Leftovers\n|upkeep\n|turn|8\n|\n|t:|1665777829\n|move|p1a: Vaporeon|Protect|p1a: Vaporeon\n|-singleturn|p1a: Vaporeon|Protect\n|move|p2a: Alakazam|Encore|p1a: Vaporeon\n|-activate|p1a: Vaporeon|move: Protect\n|\n|-weather|Sandstorm|[upkeep]\n|-damage|p1a: Vaporeon|41\/100|[from] Sandstorm\n|-heal|p1a: Vaporeon|91\/100|[from] move: Wish|[wisher] Vaporeon\n|-heal|p1a: Vaporeon|97\/100|[from] item: Leftovers\n|upkeep\n|turn|9\n|\n|t:|1665777837\n|switch|p2a: Rotom|Rotom-Wash|100\/100\n|switch|p1a: Jirachi|Jirachi|100\/100\n|\n|-weather|Sandstorm|[upkeep]\n|-damage|p2a: Rotom|94\/100|[from] Sandstorm\n|-heal|p2a: Rotom|100\/100|[from] item: Leftovers\n|upkeep\n|turn|10\n|\n|t:|1665777841\n|move|p1a: Jirachi|Stealth Rock|p2a: Rotom\n|-sidestart|p2: Darkman64|move: Stealth Rock\n|move|p2a: Rotom|Will-O-Wisp|p1a: Jirachi\n|-status|p1a: Jirachi|brn\n|\n|-weather|Sandstorm|[upkeep]\n|-damage|p2a: Rotom|94\/100|[from] Sandstorm\n|-heal|p2a: Rotom|100\/100|[from] item: Leftovers\n|-damage|p1a: Jirachi|88\/100 brn|[from] brn\n|upkeep\n|turn|11\n|\n|t:|1665777846\n|switch|p1a: Vaporeon|Vaporeon, F|97\/100\n|move|p2a: Rotom|Volt Switch|p1a: Vaporeon\n|-supereffective|p1a: Vaporeon\n|-damage|p1a: Vaporeon|68\/100\n|\n|t:|1665777872\n|switch|p2a: Tyranitar|Tyranitar, M|100\/100|[from]move: Volt Switch\n|-damage|p2a: Tyranitar|88\/100|[from] Stealth Rock\n|\n|-weather|Sandstorm|[upkeep]\n|-damage|p1a: Vaporeon|62\/100|[from] Sandstorm\n|-heal|p1a: Vaporeon|68\/100|[from] item: Leftovers\n|upkeep\n|turn|12\n|\n|t:|1665777875\n|move|p1a: Vaporeon|Scald|p2a: Tyranitar\n|-supereffective|p2a: Tyranitar\n|-crit|p2a: Tyranitar\n|-damage|p2a: Tyranitar|31\/100\n|-status|p2a: Tyranitar|brn\n|move|p2a: Tyranitar|Stealth Rock|p1a: Vaporeon\n|-sidestart|p1: ILoveTheEarth|move: Stealth Rock\n|\n|-weather|Sandstorm|[upkeep]\n|-damage|p1a: Vaporeon|62\/100|[from] Sandstorm\n|-heal|p1a: Vaporeon|68\/100|[from] item: Leftovers\n|-damage|p2a: Tyranitar|19\/100 brn|[from] brn\n|upkeep\n|turn|13\n|c|\u2606Darkman64|uff\n|c|\u2606Darkman64|criticio\n|c|\u2606ILoveTheEarth|Mucha hax\n|c|\u2606ILoveTheEarth|srry\n|\n|t:|1665777895\n|move|p1a: Vaporeon|Wish|p1a: Vaporeon\n|move|p2a: Tyranitar|Crunch|p1a: Vaporeon\n|-damage|p1a: Vaporeon|44\/100\n|\n|-weather|Sandstorm|[upkeep]\n|-damage|p1a: Vaporeon|38\/100|[from] Sandstorm\n|-heal|p1a: Vaporeon|44\/100|[from] item: Leftovers\n|-damage|p2a: Tyranitar|6\/100 brn|[from] brn\n|upkeep\n|turn|14\n|\n|t:|1665777903\n|move|p1a: Vaporeon|Protect|p1a: Vaporeon\n|-singleturn|p1a: Vaporeon|Protect\n|move|p2a: Tyranitar|Fire Blast|p1a: Vaporeon\n|-activate|p1a: Vaporeon|move: Protect\n|\n|-weather|Sandstorm|[upkeep]\n|-damage|p1a: Vaporeon|38\/100|[from] Sandstorm\n|-heal|p1a: Vaporeon|88\/100|[from] move: Wish|[wisher] Vaporeon\n|-heal|p1a: Vaporeon|94\/100|[from] item: Leftovers\n|-damage|p2a: Tyranitar|0 fnt|[from] brn\n|faint|p2a: Tyranitar\n|upkeep\n|\n|t:|1665777908\n|switch|p2a: Rotom|Rotom-Wash|100\/100\n|-damage|p2a: Rotom|88\/100|[from] Stealth Rock\n|turn|15\n|\n|t:|1665777915\n|move|p2a: Rotom|Will-O-Wisp|p1a: Vaporeon\n|-status|p1a: Vaporeon|brn\n|move|p1a: Vaporeon|Wish|p1a: Vaporeon\n|\n|-weather|Sandstorm|[upkeep]\n|-damage|p2a: Rotom|82\/100|[from] Sandstorm\n|-damage|p1a: Vaporeon|88\/100 brn|[from] Sandstorm\n|-heal|p2a: Rotom|88\/100|[from] item: Leftovers\n|-heal|p1a: Vaporeon|94\/100 brn|[from] item: Leftovers\n|-damage|p1a: Vaporeon|81\/100 brn|[from] brn\n|upkeep\n|turn|16\n|\n|t:|1665777918\n|move|p1a: Vaporeon|Protect|p1a: Vaporeon\n|-singleturn|p1a: Vaporeon|Protect\n|move|p2a: Rotom|Volt Switch|p1a: Vaporeon\n|-activate|p1a: Vaporeon|move: Protect\n|\n|-weather|Sandstorm|[upkeep]\n|-damage|p2a: Rotom|82\/100|[from] Sandstorm\n|-damage|p1a: Vaporeon|75\/100 brn|[from] Sandstorm\n|-heal|p1a: Vaporeon|100\/100 brn|[from] move: Wish|[wisher] Vaporeon\n|-heal|p2a: Rotom|88\/100|[from] item: Leftovers\n|-damage|p1a: Vaporeon|88\/100 brn|[from] brn\n|upkeep\n|turn|17\n|\n|t:|1665777922\n|switch|p1a: Excadrill|Excadrill, F, shiny|100\/100\n|-damage|p1a: Excadrill|97\/100|[from] Stealth Rock\n|-ability|p1a: Excadrill|Mold Breaker\n|move|p2a: Rotom|Volt Switch|p1a: Excadrill\n|-immune|p1a: Excadrill\n|\n|-weather|Sandstorm|[upkeep]\n|-damage|p2a: Rotom|82\/100|[from] Sandstorm\n|-heal|p1a: Excadrill|100\/100|[from] item: Leftovers\n|-heal|p2a: Rotom|88\/100|[from] item: Leftovers\n|upkeep\n|turn|18\n|\n|t:|1665777927\n|switch|p1a: Vaporeon|Vaporeon, F|88\/100 brn\n|-damage|p1a: Vaporeon|76\/100 brn|[from] Stealth Rock\n|switch|p2a: Landorus|Landorus-Therian, M|100\/100\n|-damage|p2a: Landorus|88\/100|[from] Stealth Rock\n|-ability|p2a: Landorus|Intimidate|boost\n|-unboost|p1a: Vaporeon|atk|1\n|\n|-weather|Sandstorm|[upkeep]\n|-damage|p1a: Vaporeon|70\/100 brn|[from] Sandstorm\n|-heal|p2a: Landorus|94\/100|[from] item: Leftovers\n|-heal|p1a: Vaporeon|76\/100 brn|[from] item: Leftovers\n|-damage|p1a: Vaporeon|64\/100 brn|[from] brn\n|upkeep\n|turn|19\n|\n|t:|1665777931\n|move|p2a: Landorus|Knock Off|p1a: Vaporeon\n|-damage|p1a: Vaporeon|57\/100 brn\n|-enditem|p1a: Vaporeon|Leftovers|[from] move: Knock Off|[of] p2a: Landorus\n|move|p1a: Vaporeon|Ice Beam|p2a: Landorus\n|-supereffective|p2a: Landorus\n|-damage|p2a: Landorus|0 fnt\n|faint|p2a: Landorus\n|\n|-weather|Sandstorm|[upkeep]\n|-damage|p1a: Vaporeon|51\/100 brn|[from] Sandstorm\n|-damage|p1a: Vaporeon|39\/100 brn|[from] brn\n|upkeep\n|\n|t:|1665777935\n|switch|p2a: Excadrill|Excadrill, F|100\/100\n|-damage|p2a: Excadrill|97\/100|[from] Stealth Rock\n|turn|20\n|\n|t:|1665777938\n|move|p2a: Excadrill|Substitute|p2a: Excadrill\n|-start|p2a: Excadrill|Substitute\n|-damage|p2a: Excadrill|73\/100\n|move|p1a: Vaporeon|Scald|p2a: Excadrill\n|-supereffective|p2a: Excadrill\n|-end|p2a: Excadrill|Substitute\n|\n|-weather|Sandstorm|[upkeep]\n|-damage|p1a: Vaporeon|32\/100 brn|[from] Sandstorm\n|-heal|p2a: Excadrill|79\/100|[from] item: Leftovers\n|-damage|p1a: Vaporeon|20\/100 brn|[from] brn\n|upkeep\n|turn|21\n|\n|t:|1665777943\n|move|p2a: Excadrill|Substitute|p2a: Excadrill\n|-start|p2a: Excadrill|Substitute\n|-damage|p2a: Excadrill|54\/100\n|move|p1a: Vaporeon|Scald|p2a: Excadrill\n|-supereffective|p2a: Excadrill\n|-end|p2a: Excadrill|Substitute\n|\n|-weather|Sandstorm|[upkeep]\n|-damage|p1a: Vaporeon|14\/100 brn|[from] Sandstorm\n|-heal|p2a: Excadrill|60\/100|[from] item: Leftovers\n|-damage|p1a: Vaporeon|2\/100 brn|[from] brn\n|upkeep\n|turn|22\n|\n|t:|1665777947\n|move|p2a: Excadrill|Protect|p2a: Excadrill\n|-singleturn|p2a: Excadrill|Protect\n|move|p1a: Vaporeon|Scald|p2a: Excadrill\n|-activate|p2a: Excadrill|move: Protect\n|\n|-weather|Sandstorm|[upkeep]\n|-damage|p1a: Vaporeon|0 fnt|[from] Sandstorm\n|faint|p1a: Vaporeon\n|-heal|p2a: Excadrill|66\/100|[from] item: Leftovers\n|upkeep\n|\n|t:|1665777955\n|switch|p1a: Excadrill|Excadrill, F, shiny|100\/100\n|-damage|p1a: Excadrill|97\/100|[from] Stealth Rock\n|-ability|p1a: Excadrill|Mold Breaker\n|turn|23\n|\n|t:|1665777965\n|switch|p2a: Rotom|Rotom-Wash|88\/100\n|-damage|p2a: Rotom|75\/100|[from] Stealth Rock\n|move|p1a: Excadrill|Rapid Spin|p2a: Rotom\n|-damage|p2a: Rotom|68\/100\n|-sideend|p1: ILoveTheEarth|Stealth Rock|[from] move: Rapid Spin|[of] p1a: Excadrill\n|\n|-weather|Sandstorm|[upkeep]\n|-damage|p2a: Rotom|62\/100|[from] Sandstorm\n|-heal|p1a: Excadrill|100\/100|[from] item: Leftovers\n|-heal|p2a: Rotom|68\/100|[from] item: Leftovers\n|upkeep\n|turn|24\n|\n|t:|1665777970\n|switch|p1a: Jirachi|Jirachi|88\/100 brn\n|move|p2a: Rotom|Will-O-Wisp|p1a: Jirachi\n|-fail|p1a: Jirachi|brn\n|\n|-weather|Sandstorm|[upkeep]\n|-damage|p2a: Rotom|62\/100|[from] Sandstorm\n|-heal|p1a: Jirachi|94\/100 brn|[from] item: Leftovers\n|-heal|p2a: Rotom|68\/100|[from] item: Leftovers\n|-damage|p1a: Jirachi|82\/100 brn|[from] brn\n|upkeep\n|turn|25\n|\n|t:|1665777976\n|move|p1a: Jirachi|Iron Head|p2a: Rotom\n|-resisted|p2a: Rotom\n|-damage|p2a: Rotom|65\/100\n|move|p2a: Rotom|Pain Split|p1a: Jirachi\n|-sethp|p1a: Jirachi|66\/100 brn|[from] move: Pain Split|[silent]\n|-sethp|p2a: Rotom|87\/100|[from] move: Pain Split\n|\n|-weather|Sandstorm|[upkeep]\n|-damage|p2a: Rotom|80\/100|[from] Sandstorm\n|-heal|p1a: Jirachi|72\/100 brn|[from] item: Leftovers\n|-heal|p2a: Rotom|87\/100|[from] item: Leftovers\n|-damage|p1a: Jirachi|59\/100 brn|[from] brn\n|upkeep\n|turn|26\n|\n|t:|1665777979\n|move|p1a: Jirachi|Wish|p1a: Jirachi\n|move|p2a: Rotom|Hydro Pump|p1a: Jirachi\n|-damage|p1a: Jirachi|22\/100 brn\n|\n|-weather|Sandstorm|[upkeep]\n|-damage|p2a: Rotom|80\/100|[from] Sandstorm\n|-heal|p1a: Jirachi|28\/100 brn|[from] item: Leftovers\n|-heal|p2a: Rotom|87\/100|[from] item: Leftovers\n|-damage|p1a: Jirachi|16\/100 brn|[from] brn\n|upkeep\n|turn|27\n|\n|t:|1665777985\n|switch|p2a: Excadrill|Excadrill, F|66\/100\n|-damage|p2a: Excadrill|63\/100|[from] Stealth Rock\n|move|p1a: Jirachi|Iron Head|p2a: Excadrill\n|-resisted|p2a: Excadrill\n|-damage|p2a: Excadrill|53\/100\n|\n|-weather|Sandstorm|[upkeep]\n|-heal|p1a: Jirachi|66\/100 brn|[from] move: Wish|[wisher] Jirachi\n|-heal|p2a: Excadrill|59\/100|[from] item: Leftovers\n|-heal|p1a: Jirachi|72\/100 brn|[from] item: Leftovers\n|-damage|p1a: Jirachi|60\/100 brn|[from] brn\n|upkeep\n|turn|28\n|\n|t:|1665777989\n|switch|p1a: Breloom|Breloom, M, shiny|60\/100 tox\n|move|p2a: Excadrill|Substitute|p2a: Excadrill\n|-start|p2a: Excadrill|Substitute\n|-damage|p2a: Excadrill|34\/100\n|\n|-weather|Sandstorm|[upkeep]\n|-damage|p1a: Breloom|54\/100 tox|[from] Sandstorm\n|-heal|p2a: Excadrill|40\/100|[from] item: Leftovers\n|-heal|p1a: Breloom|66\/100 tox|[from] ability: Poison Heal\n|upkeep\n|turn|29\n|\n|t:|1665777992\n|move|p2a: Excadrill|Iron Head|p1a: Breloom\n|-damage|p1a: Breloom|0 fnt\n|faint|p1a: Breloom\n|\n|-weather|Sandstorm|[upkeep]\n|-heal|p2a: Excadrill|46\/100|[from] item: Leftovers\n|upkeep\n|\n|t:|1665777999\n|switch|p1a: Excadrill|Excadrill, F, shiny|100\/100\n|-ability|p1a: Excadrill|Mold Breaker\n|turn|30\n|\n|t:|1665778001\n|move|p1a: Excadrill|Earthquake|p2a: Excadrill\n|-supereffective|p2a: Excadrill\n|-end|p2a: Excadrill|Substitute\n|move|p2a: Excadrill|Earthquake|p1a: Excadrill\n|-supereffective|p1a: Excadrill\n|-damage|p1a: Excadrill|0 fnt\n|faint|p1a: Excadrill\n|\n|-weather|Sandstorm|[upkeep]\n|-heal|p2a: Excadrill|53\/100|[from] item: Leftovers\n|upkeep\n|\n|t:|1665778003\n|switch|p1a: Keldeo|Keldeo-Resolute|100\/100\n|turn|31\n|\n|t:|1665778008\n|move|p2a: Excadrill|Protect|p2a: Excadrill\n|-singleturn|p2a: Excadrill|Protect\n|move|p1a: Keldeo|Surf|p2a: Excadrill\n|-activate|p2a: Excadrill|move: Protect\n|\n|-weather|Sandstorm|[upkeep]\n|-damage|p1a: Keldeo|94\/100|[from] Sandstorm\n|-heal|p2a: Excadrill|59\/100|[from] item: Leftovers\n|upkeep\n|turn|32\n|\n|t:|1665778012\n|switch|p2a: Rotom|Rotom-Wash|87\/100\n|-damage|p2a: Rotom|74\/100|[from] Stealth Rock\n|move|p1a: Keldeo|Surf|p2a: Rotom\n|-resisted|p2a: Rotom\n|-damage|p2a: Rotom|54\/100\n|\n|-weather|Sandstorm|[upkeep]\n|-damage|p1a: Keldeo|88\/100|[from] Sandstorm\n|-damage|p2a: Rotom|48\/100|[from] Sandstorm\n|-heal|p2a: Rotom|54\/100|[from] item: Leftovers\n|upkeep\n|turn|33\n|\n|t:|1665778015\n|switch|p1a: Tyranitar|Tyranitar, M, shiny|84\/100 par\n|move|p2a: Rotom|Volt Switch|p1a: Tyranitar\n|-damage|p1a: Tyranitar|70\/100 par\n|\n|t:|1665778018\n|switch|p2a: Excadrill|Excadrill, F|59\/100|[from]move: Volt Switch\n|-damage|p2a: Excadrill|56\/100|[from] Stealth Rock\n|\n|-weather|Sandstorm|[upkeep]\n|-heal|p2a: Excadrill|62\/100|[from] item: Leftovers\n|upkeep\n|turn|34\n|\n|t:|1665778026\n|move|p2a: Excadrill|Protect|p2a: Excadrill\n|-singleturn|p2a: Excadrill|Protect\n|move|p1a: Tyranitar|Earthquake|p2a: Excadrill\n|-activate|p2a: Excadrill|move: Protect\n|\n|-weather|Sandstorm|[upkeep]\n|-heal|p2a: Excadrill|68\/100|[from] item: Leftovers\n|upkeep\n|turn|35\n|\n|t:|1665778031\n|move|p2a: Excadrill|Earthquake|p1a: Tyranitar\n|-supereffective|p1a: Tyranitar\n|-damage|p1a: Tyranitar|0 fnt\n|faint|p1a: Tyranitar\n|\n|-weather|Sandstorm|[upkeep]\n|-heal|p2a: Excadrill|74\/100|[from] item: Leftovers\n|upkeep\n|\n|t:|1665778034\n|switch|p1a: Keldeo|Keldeo-Resolute|88\/100\n|turn|36\n|\n|t:|1665778036\n|switch|p1a: Jirachi|Jirachi|60\/100 brn\n|move|p2a: Excadrill|Protect||[still]\n|-fail|p2a: Excadrill\n|\n|-weather|Sandstorm|[upkeep]\n|-heal|p2a: Excadrill|80\/100|[from] item: Leftovers\n|-heal|p1a: Jirachi|66\/100 brn|[from] item: Leftovers\n|-damage|p1a: Jirachi|53\/100 brn|[from] brn\n|upkeep\n|turn|37\n|\n|t:|1665778038\n|switch|p1a: Keldeo|Keldeo-Resolute|88\/100\n|move|p2a: Excadrill|Earthquake|p1a: Keldeo\n|-damage|p1a: Keldeo|2\/100\n|\n|-weather|Sandstorm|[upkeep]\n|-damage|p1a: Keldeo|0 fnt|[from] Sandstorm\n|faint|p1a: Keldeo\n|-heal|p2a: Excadrill|86\/100|[from] item: Leftovers\n|upkeep\n|\n|t:|1665778040\n|switch|p1a: Jirachi|Jirachi|53\/100 brn\n|turn|38\n|c|\u2606Darkman64|gg}\n|\n|t:|1665778043\n|move|p2a: Excadrill|Earthquake|p1a: Jirachi\n|-supereffective|p1a: Jirachi\n|-damage|p1a: Jirachi|0 fnt\n|faint|p1a: Jirachi\n|\n|win|Darkman64\n|c|\u2606ILoveTheEarth|gg\n|l|\u2606Darkman64\n|j|\u2606Darkman64\n|player|p2|Darkman64|juan\n","uploadtime":1665778052,"views":24,"p1id":"ilovetheearth","p2id":"darkman64","formatid":"gen5ou","rating":0,"private":0,"password":null}