{"id":"gen5ou-1637629948","p1":"Grabby","p2":"Highv0ltag3","format":"gen5ou","log":"|j|\u2606Grabby\n|j|\u2606Highv0ltag3\n|t:|1660256637\n|gametype|singles\n|player|p1|Grabby|ethan-pokeathlon|1406\n|player|p2|Highv0ltag3|volo|1443\n|teamsize|p1|6\n|teamsize|p2|6\n|gen|5\n|tier|[Gen 5] OU\n|rated|\n|rule|Species Clause: Limit one of each Pok\u00e9mon\n|rule|OHKO Clause: OHKO moves are banned\n|rule|Moody Clause: Moody is banned\n|rule|Evasion Moves Clause: Evasion moves are banned\n|rule|Endless Battle Clause: Forcing endless battles is banned\n|rule|HP Percentage Mod: HP is shown in percentages\n|rule|Evasion Abilities Clause: Evasion abilities are banned\n|rule|Sleep Clause: Sleep-inducing moves are banned\n|rule|Swagger Clause: Swagger is banned\n|clearpoke\n|poke|p1|Tyranitar, F|item\n|poke|p1|Excadrill, F|item\n|poke|p1|Heatran, M|item\n|poke|p1|Landorus-Therian, M|item\n|poke|p1|Latios, M|item\n|poke|p1|Jellicent, F|item\n|poke|p2|Slowbro, F|item\n|poke|p2|Chansey, F|item\n|poke|p2|Amoonguss, F|item\n|poke|p2|Skarmory, M|item\n|poke|p2|Magnezone|item\n|poke|p2|Excadrill, F|item\n|teampreview\n|c|\u2606Grabby|Gljf\n|c|\u2606Highv0ltag3|gl\n|\n|t:|1660256659\n|start\n|switch|p1a: Landorus|Landorus-Therian, M|100\/100\n|switch|p2a: Chansey|Chansey, F|100\/100\n|-ability|p1a: Landorus|Intimidate|boost\n|-unboost|p2a: Chansey|atk|1\n|turn|1\n|\n|t:|1660256674\n|switch|p2a: Skarmory|Skarmory, M|100\/100\n|move|p1a: Landorus|U-turn|p2a: Skarmory\n|-resisted|p2a: Skarmory\n|-damage|p2a: Skarmory|97\/100\n|\n|t:|1660256677\n|switch|p1a: Heatran|Heatran, M|100\/100|[from]move: U-turn\n|\n|upkeep\n|turn|2\n|j| Shiftryfishyy2\n|\n|t:|1660256689\n|switch|p2a: Slowbro|Slowbro, F|100\/100\n|move|p1a: Heatran|Stealth Rock|p2a: Slowbro\n|-sidestart|p2: Highv0ltag3|move: Stealth Rock\n|\n|upkeep\n|turn|3\n|\n|t:|1660256694\n|switch|p1a: Jellicent|Jellicent, F|100\/100\n|move|p2a: Slowbro|Calm Mind|p2a: Slowbro\n|-boost|p2a: Slowbro|spa|1\n|-boost|p2a: Slowbro|spd|1\n|\n|upkeep\n|turn|4\n|\n|t:|1660256706\n|switch|p2a: Amoonguss|Amoonguss, F|100\/100\n|-damage|p2a: Amoonguss|88\/100|[from] Stealth Rock\n|move|p1a: Jellicent|Taunt|p2a: Amoonguss\n|-start|p2a: Amoonguss|move: Taunt\n|\n|-heal|p2a: Amoonguss|94\/100|[from] item: Black Sludge\n|upkeep\n|turn|5\n|\n|t:|1660256711\n|switch|p1a: Heatran|Heatran, M|100\/100\n|move|p2a: Amoonguss|Giga Drain|p1a: Heatran\n|-resisted|p1a: Heatran\n|-damage|p1a: Heatran|97\/100\n|-heal|p2a: Amoonguss|96\/100|[from] drain|[of] p1a: Heatran\n|\n|-heal|p1a: Heatran|100\/100|[from] item: Leftovers\n|-heal|p2a: Amoonguss|100\/100|[from] item: Black Sludge\n|upkeep\n|turn|6\n|\n|t:|1660256717\n|switch|p2a: Slowbro|Slowbro, F|100\/100\n|-damage|p2a: Slowbro|88\/100|[from] Stealth Rock\n|move|p1a: Heatran|Roar|p2a: Slowbro\n|drag|p2a: Amoonguss|Amoonguss, F|100\/100\n|-damage|p2a: Amoonguss|88\/100|[from] Stealth Rock\n|\n|-heal|p2a: Amoonguss|94\/100|[from] item: Black Sludge\n|upkeep\n|turn|7\n|\n|t:|1660256722\n|switch|p2a: Slowbro|Slowbro, F|100\/100\n|-damage|p2a: Slowbro|88\/100|[from] Stealth Rock\n|move|p1a: Heatran|Lava Plume|p2a: Slowbro\n|-resisted|p2a: Slowbro\n|-damage|p2a: Slowbro|69\/100\n|\n|-heal|p2a: Slowbro|76\/100|[from] item: Leftovers\n|upkeep\n|turn|8\n|\n|t:|1660256731\n|move|p2a: Slowbro|Calm Mind|p2a: Slowbro\n|-boost|p2a: Slowbro|spa|1\n|-boost|p2a: Slowbro|spd|1\n|move|p1a: Heatran|Roar|p2a: Slowbro\n|drag|p2a: Chansey|Chansey, F|100\/100\n|-damage|p2a: Chansey|88\/100|[from] Stealth Rock\n|\n|upkeep\n|turn|9\n|\n|t:|1660256736\n|move|p2a: Chansey|Seismic Toss|p1a: Heatran\n|-damage|p1a: Heatran|75\/100\n|move|p1a: Heatran|Roar|p2a: Chansey\n|drag|p2a: Excadrill|Excadrill, F|100\/100\n|-damage|p2a: Excadrill|97\/100|[from] Stealth Rock\n|-ability|p2a: Excadrill|Mold Breaker\n|\n|-heal|p2a: Excadrill|100\/100|[from] item: Leftovers\n|-heal|p1a: Heatran|81\/100|[from] item: Leftovers\n|upkeep\n|turn|10\n|\n|t:|1660256741\n|move|p1a: Heatran|Protect|p1a: Heatran\n|-singleturn|p1a: Heatran|Protect\n|move|p2a: Excadrill|Stealth Rock|p1a: Heatran\n|-sidestart|p1: Grabby|move: Stealth Rock\n|\n|-heal|p1a: Heatran|87\/100|[from] item: Leftovers\n|upkeep\n|turn|11\n|\n|t:|1660256748\n|switch|p1a: Landorus|Landorus-Therian, M|100\/100\n|-damage|p1a: Landorus|88\/100|[from] Stealth Rock\n|-ability|p1a: Landorus|Intimidate|boost\n|-unboost|p2a: Excadrill|atk|1\n|move|p2a: Excadrill|Earthquake|p1a: Landorus\n|-immune|p1a: Landorus\n|\n|upkeep\n|turn|12\n|\n|t:|1660256754\n|switch|p2a: Skarmory|Skarmory, M|97\/100\n|-damage|p2a: Skarmory|85\/100|[from] Stealth Rock\n|move|p1a: Landorus|U-turn|p2a: Skarmory\n|-resisted|p2a: Skarmory\n|-damage|p2a: Skarmory|81\/100\n|\n|t:|1660256759\n|switch|p1a: Heatran|Heatran, M|87\/100|[from]move: U-turn\n|-damage|p1a: Heatran|75\/100|[from] Stealth Rock\n|\n|-heal|p1a: Heatran|81\/100|[from] item: Leftovers\n|upkeep\n|turn|13\n|\n|t:|1660256764\n|switch|p2a: Slowbro|Slowbro, F|100\/100\n|-damage|p2a: Slowbro|88\/100|[from] Stealth Rock\n|move|p1a: Heatran|Lava Plume|p2a: Slowbro\n|-resisted|p2a: Slowbro\n|-damage|p2a: Slowbro|69\/100\n|\n|-heal|p1a: Heatran|87\/100|[from] item: Leftovers\n|-heal|p2a: Slowbro|75\/100|[from] item: Leftovers\n|upkeep\n|turn|14\n|\n|t:|1660256769\n|move|p2a: Slowbro|Scald|p1a: Heatran\n|-supereffective|p1a: Heatran\n|-damage|p1a: Heatran|53\/100\n|move|p1a: Heatran|Roar|p2a: Slowbro\n|drag|p2a: Skarmory|Skarmory, M|81\/100\n|-damage|p2a: Skarmory|69\/100|[from] Stealth Rock\n|\n|-heal|p1a: Heatran|59\/100|[from] item: Leftovers\n|upkeep\n|turn|15\n|\n|t:|1660256772\n|switch|p2a: Slowbro|Slowbro, F|100\/100\n|-damage|p2a: Slowbro|88\/100|[from] Stealth Rock\n|move|p1a: Heatran|Lava Plume|p2a: Slowbro\n|-resisted|p2a: Slowbro\n|-damage|p2a: Slowbro|70\/100\n|\n|-heal|p1a: Heatran|65\/100|[from] item: Leftovers\n|-heal|p2a: Slowbro|76\/100|[from] item: Leftovers\n|upkeep\n|turn|16\n|\n|t:|1660256776\n|switch|p1a: Jellicent|Jellicent, F|100\/100\n|-damage|p1a: Jellicent|88\/100|[from] Stealth Rock\n|move|p2a: Slowbro|Scald|p1a: Jellicent\n|-heal|p1a: Jellicent|100\/100|[from] ability: Water Absorb|[of] p2a: Slowbro\n|\n|-heal|p2a: Slowbro|82\/100|[from] item: Leftovers\n|upkeep\n|turn|17\n|\n|t:|1660256782\n|switch|p2a: Amoonguss|Amoonguss, F|100\/100\n|-damage|p2a: Amoonguss|88\/100|[from] Stealth Rock\n|move|p1a: Jellicent|Will-O-Wisp|p2a: Amoonguss\n|-status|p2a: Amoonguss|brn\n|\n|-heal|p2a: Amoonguss|94\/100 brn|[from] item: Black Sludge\n|-damage|p2a: Amoonguss|82\/100 brn|[from] brn\n|upkeep\n|turn|18\n|\n|t:|1660256789\n|switch|p1a: Heatran|Heatran, M|65\/100\n|-damage|p1a: Heatran|53\/100|[from] Stealth Rock\n|move|p2a: Amoonguss|Stun Spore|p1a: Heatran\n|-status|p1a: Heatran|par\n|\n|-heal|p2a: Amoonguss|88\/100 brn|[from] item: Black Sludge\n|-heal|p1a: Heatran|59\/100 par|[from] item: Leftovers\n|-damage|p2a: Amoonguss|75\/100 brn|[from] brn\n|upkeep\n|turn|19\n|\n|t:|1660256800\n|switch|p2a: Slowbro|Slowbro, F|100\/100\n|-damage|p2a: Slowbro|88\/100|[from] Stealth Rock\n|move|p1a: Heatran|Lava Plume|p2a: Slowbro\n|-resisted|p2a: Slowbro\n|-damage|p2a: Slowbro|70\/100\n|\n|-heal|p2a: Slowbro|77\/100|[from] item: Leftovers\n|-heal|p1a: Heatran|65\/100 par|[from] item: Leftovers\n|upkeep\n|turn|20\n|\n|t:|1660256812\n|switch|p1a: Jellicent|Jellicent, F|100\/100\n|-damage|p1a: Jellicent|88\/100|[from] Stealth Rock\n|move|p2a: Slowbro|Calm Mind|p2a: Slowbro\n|-boost|p2a: Slowbro|spa|1\n|-boost|p2a: Slowbro|spd|1\n|\n|-heal|p1a: Jellicent|94\/100|[from] item: Leftovers\n|-heal|p2a: Slowbro|83\/100|[from] item: Leftovers\n|upkeep\n|turn|21\n|\n|t:|1660256817\n|move|p1a: Jellicent|Taunt|p2a: Slowbro\n|-start|p2a: Slowbro|move: Taunt\n|move|p2a: Slowbro|Ice Beam|p1a: Jellicent\n|-resisted|p1a: Jellicent\n|-damage|p1a: Jellicent|82\/100\n|\n|-heal|p1a: Jellicent|88\/100|[from] item: Leftovers\n|-heal|p2a: Slowbro|89\/100|[from] item: Leftovers\n|upkeep\n|turn|22\n|\n|t:|1660256820\n|switch|p2a: Amoonguss|Amoonguss, F|100\/100 brn\n|-damage|p2a: Amoonguss|88\/100 brn|[from] Stealth Rock\n|move|p1a: Jellicent|Will-O-Wisp|p2a: Amoonguss\n|-fail|p2a: Amoonguss|brn\n|\n|-heal|p1a: Jellicent|94\/100|[from] item: Leftovers\n|-heal|p2a: Amoonguss|94\/100 brn|[from] item: Black Sludge\n|-damage|p2a: Amoonguss|82\/100 brn|[from] brn\n|upkeep\n|turn|23\n|\n|t:|1660256826\n|switch|p1a: Heatran|Heatran, M|65\/100 par\n|-damage|p1a: Heatran|53\/100 par|[from] Stealth Rock\n|move|p2a: Amoonguss|Giga Drain|p1a: Heatran\n|-resisted|p1a: Heatran\n|-damage|p1a: Heatran|49\/100 par\n|-heal|p2a: Amoonguss|83\/100 brn|[from] drain|[of] p1a: Heatran\n|\n|-heal|p2a: Amoonguss|90\/100 brn|[from] item: Black Sludge\n|-heal|p1a: Heatran|56\/100 par|[from] item: Leftovers\n|-damage|p2a: Amoonguss|77\/100 brn|[from] brn\n|upkeep\n|turn|24\n|l| Shiftryfishyy2\n|\n|t:|1660256834\n|switch|p2a: Slowbro|Slowbro, F|100\/100\n|-damage|p2a: Slowbro|88\/100|[from] Stealth Rock\n|move|p1a: Heatran|Roar|p2a: Slowbro\n|drag|p2a: Excadrill|Excadrill, F|100\/100\n|-damage|p2a: Excadrill|97\/100|[from] Stealth Rock\n|-ability|p2a: Excadrill|Mold Breaker\n|\n|-heal|p2a: Excadrill|100\/100|[from] item: Leftovers\n|-heal|p1a: Heatran|62\/100 par|[from] item: Leftovers\n|upkeep\n|turn|25\n|\n|t:|1660256844\n|switch|p1a: Jellicent|Jellicent, F|94\/100\n|-damage|p1a: Jellicent|82\/100|[from] Stealth Rock\n|move|p2a: Excadrill|Rapid Spin|p1a: Jellicent\n|-immune|p1a: Jellicent\n|\n|-heal|p1a: Jellicent|88\/100|[from] item: Leftovers\n|upkeep\n|turn|26\n|\n|t:|1660256851\n|switch|p2a: Amoonguss|Amoonguss, F|100\/100 brn\n|-damage|p2a: Amoonguss|88\/100 brn|[from] Stealth Rock\n|move|p1a: Jellicent|Will-O-Wisp|p2a: Amoonguss\n|-fail|p2a: Amoonguss|brn\n|\n|-heal|p1a: Jellicent|94\/100|[from] item: Leftovers\n|-heal|p2a: Amoonguss|94\/100 brn|[from] item: Black Sludge\n|-damage|p2a: Amoonguss|82\/100 brn|[from] brn\n|upkeep\n|turn|27\n|\n|t:|1660256857\n|switch|p1a: Heatran|Heatran, M|62\/100 par\n|-damage|p1a: Heatran|49\/100 par|[from] Stealth Rock\n|switch|p2a: Slowbro|Slowbro, F|100\/100\n|-damage|p2a: Slowbro|88\/100|[from] Stealth Rock\n|\n|-heal|p2a: Slowbro|94\/100|[from] item: Leftovers\n|-heal|p1a: Heatran|56\/100 par|[from] item: Leftovers\n|upkeep\n|turn|28\n|\n|t:|1660256865\n|switch|p2a: Amoonguss|Amoonguss, F|100\/100 brn\n|-damage|p2a: Amoonguss|88\/100 brn|[from] Stealth Rock\n|switch|p1a: Landorus|Landorus-Therian, M|88\/100\n|-damage|p1a: Landorus|76\/100|[from] Stealth Rock\n|-ability|p1a: Landorus|Intimidate|boost\n|-unboost|p2a: Amoonguss|atk|1\n|\n|-heal|p2a: Amoonguss|94\/100 brn|[from] item: Black Sludge\n|-damage|p2a: Amoonguss|82\/100 brn|[from] brn\n|upkeep\n|turn|29\n|\n|t:|1660256872\n|move|p2a: Amoonguss|Protect|p2a: Amoonguss\n|-singleturn|p2a: Amoonguss|Protect\n|move|p1a: Landorus|U-turn|p2a: Amoonguss\n|-activate|p2a: Amoonguss|move: Protect\n|\n|-heal|p2a: Amoonguss|88\/100 brn|[from] item: Black Sludge\n|-damage|p2a: Amoonguss|75\/100 brn|[from] brn\n|upkeep\n|turn|30\n|\n|t:|1660256888\n|move|p1a: Landorus|U-turn|p2a: Amoonguss\n|-damage|p2a: Amoonguss|54\/100 brn\n|\n|t:|1660256894\n|switch|p1a: Heatran|Heatran, M|56\/100 par|[from]move: U-turn\n|-damage|p1a: Heatran|43\/100 par|[from] Stealth Rock\n|move|p2a: Amoonguss|Giga Drain|p1a: Heatran\n|-resisted|p1a: Heatran\n|-damage|p1a: Heatran|40\/100 par\n|-heal|p2a: Amoonguss|55\/100 brn|[from] drain|[of] p1a: Heatran\n|\n|-heal|p2a: Amoonguss|62\/100 brn|[from] item: Black Sludge\n|-heal|p1a: Heatran|46\/100 par|[from] item: Leftovers\n|-damage|p2a: Amoonguss|49\/100 brn|[from] brn\n|upkeep\n|turn|31\n|\n|t:|1660256908\n|switch|p2a: Slowbro|Slowbro, F|100\/100\n|-damage|p2a: Slowbro|88\/100|[from] Stealth Rock\n|cant|p1a: Heatran|par\n|\n|-heal|p2a: Slowbro|94\/100|[from] item: Leftovers\n|-heal|p1a: Heatran|52\/100 par|[from] item: Leftovers\n|upkeep\n|turn|32\n|\n|t:|1660256919\n|switch|p1a: Jellicent|Jellicent, F|94\/100\n|-damage|p1a: Jellicent|82\/100|[from] Stealth Rock\n|move|p2a: Slowbro|Calm Mind|p2a: Slowbro\n|-boost|p2a: Slowbro|spa|1\n|-boost|p2a: Slowbro|spd|1\n|\n|-heal|p1a: Jellicent|88\/100|[from] item: Leftovers\n|-heal|p2a: Slowbro|99\/100|[from] item: Leftovers\n|upkeep\n|turn|33\n|\n|t:|1660256923\n|switch|p2a: Amoonguss|Amoonguss, F|82\/100 brn\n|-damage|p2a: Amoonguss|70\/100 brn|[from] Stealth Rock\n|move|p1a: Jellicent|Taunt|p2a: Amoonguss\n|-start|p2a: Amoonguss|move: Taunt\n|\n|-heal|p1a: Jellicent|94\/100|[from] item: Leftovers\n|-heal|p2a: Amoonguss|76\/100 brn|[from] item: Black Sludge\n|-damage|p2a: Amoonguss|64\/100 brn|[from] brn\n|upkeep\n|turn|34\n|\n|t:|1660256931\n|switch|p1a: Latios|Latios, M|100\/100\n|-damage|p1a: Latios|88\/100|[from] Stealth Rock\n|switch|p2a: Slowbro|Slowbro, F|100\/100\n|-damage|p2a: Slowbro|88\/100|[from] Stealth Rock\n|\n|-heal|p2a: Slowbro|94\/100|[from] item: Leftovers\n|upkeep\n|turn|35\n|\n|t:|1660256937\n|switch|p2a: Chansey|Chansey, F|88\/100\n|-damage|p2a: Chansey|76\/100|[from] Stealth Rock\n|move|p1a: Latios|Draco Meteor|p2a: Chansey\n|-damage|p2a: Chansey|40\/100\n|-unboost|p1a: Latios|spa|2\n|\n|upkeep\n|turn|36\n|inactive|Battle timer is ON: inactive players will automatically lose when time's up. (requested by Highv0ltag3)\n|\n|t:|1660256945\n|switch|p1a: Excadrill|Excadrill, F|100\/100\n|-damage|p1a: Excadrill|97\/100|[from] Stealth Rock\n|move|p2a: Chansey|Soft-Boiled|p2a: Chansey\n|-heal|p2a: Chansey|91\/100\n|\n|-heal|p1a: Excadrill|100\/100|[from] item: Leftovers\n|upkeep\n|turn|37\n|\n|t:|1660256957\n|switch|p2a: Skarmory|Skarmory, M|69\/100\n|-damage|p2a: Skarmory|56\/100|[from] Stealth Rock\n|move|p1a: Excadrill|Rapid Spin|p2a: Skarmory\n|-resisted|p2a: Skarmory\n|-damage|p2a: Skarmory|55\/100\n|-sideend|p1: Grabby|Stealth Rock|[from] move: Rapid Spin|[of] p1a: Excadrill\n|\n|upkeep\n|turn|38\n|\n|t:|1660256966\n|switch|p1a: Heatran|Heatran, M|52\/100 par\n|move|p2a: Skarmory|Roost|p2a: Skarmory\n|-heal|p2a: Skarmory|100\/100\n|-singleturn|p2a: Skarmory|move: Roost\n|\n|-heal|p1a: Heatran|58\/100 par|[from] item: Leftovers\n|upkeep\n|turn|39\n|\n|t:|1660256977\n|switch|p2a: Slowbro|Slowbro, F|100\/100\n|-damage|p2a: Slowbro|88\/100|[from] Stealth Rock\n|cant|p1a: Heatran|par\n|\n|-heal|p2a: Slowbro|94\/100|[from] item: Leftovers\n|-heal|p1a: Heatran|64\/100 par|[from] item: Leftovers\n|upkeep\n|turn|40\n|\n|t:|1660256986\n|switch|p1a: Jellicent|Jellicent, F|94\/100\n|move|p2a: Slowbro|Calm Mind|p2a: Slowbro\n|-boost|p2a: Slowbro|spa|1\n|-boost|p2a: Slowbro|spd|1\n|\n|-heal|p1a: Jellicent|99\/100|[from] item: Leftovers\n|-heal|p2a: Slowbro|99\/100|[from] item: Leftovers\n|upkeep\n|turn|41\n|\n|t:|1660256993\n|move|p1a: Jellicent|Taunt|p2a: Slowbro\n|-start|p2a: Slowbro|move: Taunt\n|move|p2a: Slowbro|Ice Beam|p1a: Jellicent\n|-resisted|p1a: Jellicent\n|-damage|p1a: Jellicent|87\/100\n|\n|-heal|p1a: Jellicent|93\/100|[from] item: Leftovers\n|-heal|p2a: Slowbro|100\/100|[from] item: Leftovers\n|upkeep\n|turn|42\n|\n|t:|1660256997\n|switch|p2a: Amoonguss|Amoonguss, F|97\/100 brn\n|-damage|p2a: Amoonguss|85\/100 brn|[from] Stealth Rock\n|move|p1a: Jellicent|Night Shade|p2a: Amoonguss\n|-damage|p2a: Amoonguss|61\/100 brn\n|\n|-heal|p1a: Jellicent|99\/100|[from] item: Leftovers\n|-heal|p2a: Amoonguss|68\/100 brn|[from] item: Black Sludge\n|-damage|p2a: Amoonguss|55\/100 brn|[from] brn\n|upkeep\n|turn|43\n|\n|t:|1660257008\n|switch|p1a: Heatran|Heatran, M|64\/100 par\n|switch|p2a: Excadrill|Excadrill, F|100\/100\n|-damage|p2a: Excadrill|97\/100|[from] Stealth Rock\n|-ability|p2a: Excadrill|Mold Breaker\n|\n|-heal|p2a: Excadrill|100\/100|[from] item: Leftovers\n|-heal|p1a: Heatran|71\/100 par|[from] item: Leftovers\n|upkeep\n|turn|44\n|j| cell city\n|\n|t:|1660257012\n|switch|p1a: Jellicent|Jellicent, F|99\/100\n|move|p2a: Excadrill|Stealth Rock|p1a: Jellicent\n|-sidestart|p1: Grabby|move: Stealth Rock\n|\n|-heal|p1a: Jellicent|100\/100|[from] item: Leftovers\n|upkeep\n|turn|45\n|\n|t:|1660257018\n|move|p2a: Excadrill|Protect|p2a: Excadrill\n|-singleturn|p2a: Excadrill|Protect\n|move|p1a: Jellicent|Night Shade|p2a: Excadrill\n|-activate|p2a: Excadrill|move: Protect\n|\n|upkeep\n|turn|46\n|\n|t:|1660257023\n|switch|p2a: Amoonguss|Amoonguss, F|88\/100 brn\n|-damage|p2a: Amoonguss|76\/100 brn|[from] Stealth Rock\n|move|p1a: Jellicent|Night Shade|p2a: Amoonguss\n|-damage|p2a: Amoonguss|53\/100 brn\n|\n|-heal|p2a: Amoonguss|59\/100 brn|[from] item: Black Sludge\n|-damage|p2a: Amoonguss|47\/100 brn|[from] brn\n|upkeep\n|turn|47\n|l| cell city\n|\n|t:|1660257032\n|switch|p1a: Heatran|Heatran, M|71\/100 par\n|-damage|p1a: Heatran|58\/100 par|[from] Stealth Rock\n|switch|p2a: Slowbro|Slowbro, F|100\/100\n|-damage|p2a: Slowbro|88\/100|[from] Stealth Rock\n|\n|-heal|p2a: Slowbro|94\/100|[from] item: Leftovers\n|-heal|p1a: Heatran|64\/100 par|[from] item: Leftovers\n|upkeep\n|turn|48\n|\n|t:|1660257036\n|switch|p2a: Amoonguss|Amoonguss, F|80\/100 brn\n|-damage|p2a: Amoonguss|67\/100 brn|[from] Stealth Rock\n|switch|p1a: Jellicent|Jellicent, F|100\/100\n|-damage|p1a: Jellicent|88\/100|[from] Stealth Rock\n|\n|-heal|p1a: Jellicent|94\/100|[from] item: Leftovers\n|-heal|p2a: Amoonguss|74\/100 brn|[from] item: Black Sludge\n|-damage|p2a: Amoonguss|61\/100 brn|[from] brn\n|upkeep\n|turn|49\n|\n|t:|1660257040\n|switch|p2a: Slowbro|Slowbro, F|100\/100\n|-damage|p2a: Slowbro|88\/100|[from] Stealth Rock\n|move|p1a: Jellicent|Taunt|p2a: Slowbro\n|-start|p2a: Slowbro|move: Taunt\n|\n|-heal|p1a: Jellicent|100\/100|[from] item: Leftovers\n|-heal|p2a: Slowbro|94\/100|[from] item: Leftovers\n|upkeep\n|turn|50\n|\n|t:|1660257044\n|switch|p2a: Amoonguss|Amoonguss, F|94\/100 brn\n|-damage|p2a: Amoonguss|82\/100 brn|[from] Stealth Rock\n|move|p1a: Jellicent|Will-O-Wisp|p2a: Amoonguss|[miss]\n|-miss|p1a: Jellicent|p2a: Amoonguss\n|\n|-heal|p2a: Amoonguss|88\/100 brn|[from] item: Black Sludge\n|-damage|p2a: Amoonguss|76\/100 brn|[from] brn\n|upkeep\n|turn|51\n|\n|t:|1660257048\n|switch|p1a: Heatran|Heatran, M|64\/100 par\n|-damage|p1a: Heatran|52\/100 par|[from] Stealth Rock\n|switch|p2a: Slowbro|Slowbro, F|100\/100\n|-damage|p2a: Slowbro|88\/100|[from] Stealth Rock\n|\n|-heal|p2a: Slowbro|94\/100|[from] item: Leftovers\n|-heal|p1a: Heatran|58\/100 par|[from] item: Leftovers\n|upkeep\n|turn|52\n|\n|t:|1660257056\n|cant|p1a: Heatran|par\n|move|p2a: Slowbro|Scald|p1a: Heatran\n|-supereffective|p1a: Heatran\n|-damage|p1a: Heatran|23\/100 par\n|\n|-heal|p2a: Slowbro|99\/100|[from] item: Leftovers\n|-heal|p1a: Heatran|29\/100 par|[from] item: Leftovers\n|upkeep\n|turn|53\n|\n|t:|1660257066\n|switch|p2a: Amoonguss|Amoonguss, F|100\/100 brn\n|-damage|p2a: Amoonguss|88\/100 brn|[from] Stealth Rock\n|switch|p1a: Jellicent|Jellicent, F|100\/100\n|-damage|p1a: Jellicent|88\/100|[from] Stealth Rock\n|\n|-heal|p1a: Jellicent|94\/100|[from] item: Leftovers\n|-heal|p2a: Amoonguss|94\/100 brn|[from] item: Black Sludge\n|-damage|p2a: Amoonguss|82\/100 brn|[from] brn\n|upkeep\n|turn|54\n|\n|t:|1660257074\n|switch|p1a: Latios|Latios, M|88\/100\n|-damage|p1a: Latios|76\/100|[from] Stealth Rock\n|move|p2a: Amoonguss|Giga Drain|p1a: Latios\n|-resisted|p1a: Latios\n|-damage|p1a: Latios|64\/100\n|-heal|p2a: Amoonguss|86\/100 brn|[from] drain|[of] p1a: Latios\n|\n|-heal|p2a: Amoonguss|92\/100 brn|[from] item: Black Sludge\n|-damage|p2a: Amoonguss|80\/100 brn|[from] brn\n|upkeep\n|turn|55\n|\n|t:|1660257078\n|move|p2a: Amoonguss|Protect|p2a: Amoonguss\n|-singleturn|p2a: Amoonguss|Protect\n|move|p1a: Latios|Draco Meteor|p2a: Amoonguss\n|-activate|p2a: Amoonguss|move: Protect\n|\n|-heal|p2a: Amoonguss|86\/100 brn|[from] item: Black Sludge\n|-damage|p2a: Amoonguss|73\/100 brn|[from] brn\n|upkeep\n|turn|56\n|\n|t:|1660257091\n|switch|p1a: Tyranitar|Tyranitar, F|100\/100\n|-damage|p1a: Tyranitar|88\/100|[from] Stealth Rock\n|-weather|Sandstorm|[from] ability: Sand Stream|[of] p1a: Tyranitar\n|switch|p2a: Excadrill|Excadrill, F|100\/100\n|-damage|p2a: Excadrill|97\/100|[from] Stealth Rock\n|-ability|p2a: Excadrill|Mold Breaker\n|\n|-weather|Sandstorm|[upkeep]\n|-heal|p2a: Excadrill|100\/100|[from] item: Leftovers\n|upkeep\n|turn|57\n|\n|t:|1660257096\n|switch|p1a: Landorus|Landorus-Therian, M|76\/100\n|-damage|p1a: Landorus|63\/100|[from] Stealth Rock\n|-ability|p1a: Landorus|Intimidate|boost\n|-unboost|p2a: Excadrill|atk|1\n|move|p2a: Excadrill|Earthquake|p1a: Landorus\n|-immune|p1a: Landorus\n|\n|-weather|Sandstorm|[upkeep]\n|upkeep\n|turn|58\n|\n|t:|1660257103\n|move|p2a: Excadrill|Protect|p2a: Excadrill\n|-singleturn|p2a: Excadrill|Protect\n|move|p1a: Landorus|Earthquake|p2a: Excadrill\n|-activate|p2a: Excadrill|move: Protect\n|\n|-weather|Sandstorm|[upkeep]\n|upkeep\n|turn|59\n|\n|t:|1660257106\n|switch|p1a: Heatran|Heatran, M|29\/100 par\n|-damage|p1a: Heatran|16\/100 par|[from] Stealth Rock\n|switch|p2a: Skarmory|Skarmory, M|100\/100\n|-damage|p2a: Skarmory|88\/100|[from] Stealth Rock\n|\n|-weather|Sandstorm|[upkeep]\n|-heal|p1a: Heatran|23\/100 par|[from] item: Leftovers\n|upkeep\n|turn|60\n|\n|t:|1660257111\n|switch|p2a: Slowbro|Slowbro, F|100\/100\n|-damage|p2a: Slowbro|88\/100|[from] Stealth Rock\n|move|p1a: Heatran|Roar|p2a: Slowbro\n|drag|p2a: Magnezone|Magnezone|100\/100\n|-damage|p2a: Magnezone|94\/100|[from] Stealth Rock\n|\n|-weather|Sandstorm|[upkeep]\n|-heal|p1a: Heatran|29\/100 par|[from] item: Leftovers\n|upkeep\n|turn|61\n|\n|t:|1660257123\n|move|p2a: Magnezone|Thunderbolt|p1a: Heatran\n|-damage|p1a: Heatran|0 fnt\n|faint|p1a: Heatran\n|\n|-weather|Sandstorm|[upkeep]\n|upkeep\n|\n|t:|1660257132\n|switch|p1a: Excadrill|Excadrill, F|100\/100\n|-damage|p1a: Excadrill|97\/100|[from] Stealth Rock\n|turn|62\n|\n|t:|1660257138\n|switch|p2a: Skarmory|Skarmory, M|88\/100\n|-damage|p2a: Skarmory|76\/100|[from] Stealth Rock\n|move|p1a: Excadrill|Rapid Spin|p2a: Skarmory\n|-resisted|p2a: Skarmory\n|-damage|p2a: Skarmory|74\/100\n|-sideend|p1: Grabby|Stealth Rock|[from] move: Rapid Spin|[of] p1a: Excadrill\n|\n|-weather|Sandstorm|[upkeep]\n|-heal|p1a: Excadrill|100\/100|[from] item: Leftovers\n|upkeep\n|turn|63\n|\n|t:|1660257144\n|move|p1a: Excadrill|Iron Head|p2a: Skarmory\n|-resisted|p2a: Skarmory\n|-damage|p2a: Skarmory|56\/100\n|cant|p2a: Skarmory|flinch\n|\n|-weather|Sandstorm|[upkeep]\n|upkeep\n|turn|64\n|\n|t:|1660257147\n|move|p1a: Excadrill|Iron Head|p2a: Skarmory\n|-resisted|p2a: Skarmory\n|-damage|p2a: Skarmory|40\/100\n|move|p2a: Skarmory|Roost|p2a: Skarmory\n|-heal|p2a: Skarmory|90\/100\n|-singleturn|p2a: Skarmory|move: Roost\n|\n|-weather|Sandstorm|[upkeep]\n|upkeep\n|turn|65\n|\n|t:|1660257154\n|move|p1a: Excadrill|Rapid Spin|p2a: Skarmory\n|-resisted|p2a: Skarmory\n|-damage|p2a: Skarmory|88\/100\n|move|p2a: Skarmory|Counter|p1a: Excadrill\n|-damage|p1a: Excadrill|97\/100\n|\n|-weather|Sandstorm|[upkeep]\n|-heal|p1a: Excadrill|100\/100|[from] item: Leftovers\n|upkeep\n|turn|66\n|\n|t:|1660257161\n|move|p1a: Excadrill|Rapid Spin|p2a: Skarmory\n|-resisted|p2a: Skarmory\n|-damage|p2a: Skarmory|86\/100\n|move|p2a: Skarmory|Spikes|p1a: Excadrill\n|-sidestart|p1: Grabby|Spikes\n|\n|-weather|Sandstorm|[upkeep]\n|upkeep\n|turn|67\n|\n|t:|1660257166\n|move|p1a: Excadrill|Rapid Spin|p2a: Skarmory\n|-resisted|p2a: Skarmory\n|-damage|p2a: Skarmory|84\/100\n|-sideend|p1: Grabby|Spikes|[from] move: Rapid Spin|[of] p1a: Excadrill\n|move|p2a: Skarmory|Spikes|p1a: Excadrill\n|-sidestart|p1: Grabby|Spikes\n|\n|-weather|Sandstorm|[upkeep]\n|upkeep\n|turn|68\n|\n|t:|1660257168\n|switch|p1a: Latios|Latios, M|64\/100\n|move|p2a: Skarmory|Spikes|p1a: Latios\n|-sidestart|p1: Grabby|Spikes\n|\n|-weather|Sandstorm|[upkeep]\n|-damage|p1a: Latios|58\/100|[from] Sandstorm\n|upkeep\n|turn|69\n|\n|t:|1660257173\n|switch|p2a: Chansey|Chansey, F|91\/100\n|-damage|p2a: Chansey|78\/100|[from] Stealth Rock\n|move|p1a: Latios|Trick|p2a: Chansey\n|-activate|p1a: Latios|move: Trick|[of] p2a: Chansey\n|-item|p2a: Chansey|Choice Specs|[from] move: Trick\n|-item|p1a: Latios|Eviolite|[from] move: Trick\n|\n|-weather|Sandstorm|[upkeep]\n|-damage|p1a: Latios|52\/100|[from] Sandstorm\n|-damage|p2a: Chansey|72\/100|[from] Sandstorm\n|upkeep\n|turn|70\n|\n|t:|1660257182\n|switch|p1a: Excadrill|Excadrill, F|100\/100\n|-damage|p1a: Excadrill|84\/100|[from] Spikes\n|move|p2a: Chansey|Seismic Toss|p1a: Excadrill\n|-damage|p1a: Excadrill|56\/100\n|\n|-weather|Sandstorm|[upkeep]\n|-damage|p2a: Chansey|66\/100|[from] Sandstorm\n|-heal|p1a: Excadrill|62\/100|[from] item: Leftovers\n|upkeep\n|turn|71\n|\n|t:|1660257193\n|switch|p2a: Slowbro|Slowbro, F|100\/100\n|-damage|p2a: Slowbro|88\/100|[from] Stealth Rock\n|move|p1a: Excadrill|Rapid Spin|p2a: Slowbro\n|-damage|p2a: Slowbro|83\/100\n|-sideend|p1: Grabby|Spikes|[from] move: Rapid Spin|[of] p1a: Excadrill\n|\n|-weather|Sandstorm|[upkeep]\n|-damage|p2a: Slowbro|77\/100|[from] Sandstorm\n|-heal|p1a: Excadrill|68\/100|[from] item: Leftovers\n|-heal|p2a: Slowbro|83\/100|[from] item: Leftovers\n|upkeep\n|turn|72\n|\n|t:|1660257200\n|switch|p1a: Jellicent|Jellicent, F|94\/100\n|move|p2a: Slowbro|Calm Mind|p2a: Slowbro\n|-boost|p2a: Slowbro|spa|1\n|-boost|p2a: Slowbro|spd|1\n|\n|-weather|Sandstorm|[upkeep]\n|-damage|p1a: Jellicent|88\/100|[from] Sandstorm\n|-damage|p2a: Slowbro|77\/100|[from] Sandstorm\n|-heal|p1a: Jellicent|94\/100|[from] item: Leftovers\n|-heal|p2a: Slowbro|83\/100|[from] item: Leftovers\n|upkeep\n|turn|73\n|\n|t:|1660257209\n|switch|p2a: Amoonguss|Amoonguss, F|100\/100 brn\n|-damage|p2a: Amoonguss|88\/100 brn|[from] Stealth Rock\n|move|p1a: Jellicent|Taunt|p2a: Amoonguss\n|-start|p2a: Amoonguss|move: Taunt\n|\n|-weather|Sandstorm|[upkeep]\n|-damage|p1a: Jellicent|88\/100|[from] Sandstorm\n|-damage|p2a: Amoonguss|82\/100 brn|[from] Sandstorm\n|-heal|p1a: Jellicent|94\/100|[from] item: Leftovers\n|-heal|p2a: Amoonguss|88\/100 brn|[from] item: Black Sludge\n|-damage|p2a: Amoonguss|75\/100 brn|[from] brn\n|upkeep\n|turn|74\n|\n|t:|1660257226\n|switch|p1a: Excadrill|Excadrill, F|68\/100\n|move|p2a: Amoonguss|Sludge Bomb|p1a: Excadrill\n|-immune|p1a: Excadrill\n|\n|-weather|Sandstorm|[upkeep]\n|-damage|p2a: Amoonguss|69\/100 brn|[from] Sandstorm\n|-heal|p1a: Excadrill|75\/100|[from] item: Leftovers\n|-heal|p2a: Amoonguss|75\/100 brn|[from] item: Black Sludge\n|-damage|p2a: Amoonguss|63\/100 brn|[from] brn\n|upkeep\n|turn|75\n|\n|t:|1660257230\n|switch|p2a: Skarmory|Skarmory, M|84\/100\n|-damage|p2a: Skarmory|71\/100|[from] Stealth Rock\n|move|p1a: Excadrill|Earthquake|p2a: Skarmory\n|-immune|p2a: Skarmory\n|\n|-weather|Sandstorm|[upkeep]\n|-heal|p1a: Excadrill|81\/100|[from] item: Leftovers\n|upkeep\n|turn|76\n|\n|t:|1660257235\n|switch|p1a: Latios|Latios, M|52\/100\n|move|p2a: Skarmory|Roost|p2a: Skarmory\n|-heal|p2a: Skarmory|100\/100\n|-singleturn|p2a: Skarmory|move: Roost\n|\n|-weather|Sandstorm|[upkeep]\n|-damage|p1a: Latios|46\/100|[from] Sandstorm\n|upkeep\n|turn|77\n|\n|t:|1660257240\n|move|p1a: Latios|Trick|p2a: Skarmory\n|-activate|p1a: Latios|move: Trick|[of] p2a: Skarmory\n|-item|p2a: Skarmory|Eviolite|[from] move: Trick\n|-item|p1a: Latios|Shed Shell|[from] move: Trick\n|move|p2a: Skarmory|Whirlwind|p1a: Latios\n|drag|p1a: Tyranitar|Tyranitar, F|88\/100\n|\n|-weather|Sandstorm|[upkeep]\n|upkeep\n|turn|78\n|\n|t:|1660257258\n|switch|p2a: Slowbro|Slowbro, F|100\/100\n|-damage|p2a: Slowbro|88\/100|[from] Stealth Rock\n|switch|p1a: Jellicent|Jellicent, F|94\/100\n|\n|-weather|Sandstorm|[upkeep]\n|-damage|p1a: Jellicent|88\/100|[from] Sandstorm\n|-damage|p2a: Slowbro|82\/100|[from] Sandstorm\n|-heal|p1a: Jellicent|94\/100|[from] item: Leftovers\n|-heal|p2a: Slowbro|88\/100|[from] item: Leftovers\n|upkeep\n|turn|79\n|\n|t:|1660257263\n|move|p1a: Jellicent|Will-O-Wisp|p2a: Slowbro|[miss]\n|-miss|p1a: Jellicent|p2a: Slowbro\n|move|p2a: Slowbro|Ice Beam|p1a: Jellicent\n|-resisted|p1a: Jellicent\n|-damage|p1a: Jellicent|85\/100\n|\n|-weather|Sandstorm|[upkeep]\n|-damage|p1a: Jellicent|79\/100|[from] Sandstorm\n|-damage|p2a: Slowbro|82\/100|[from] Sandstorm\n|-heal|p1a: Jellicent|85\/100|[from] item: Leftovers\n|-heal|p2a: Slowbro|88\/100|[from] item: Leftovers\n|upkeep\n|turn|80\n|c|\u2606Highv0ltag3|,b\n|c|\u2606Highv0ltag3|mb\n|\n|t:|1660257270\n|switch|p2a: Amoonguss|Amoonguss, F|96\/100 brn\n|-damage|p2a: Amoonguss|84\/100 brn|[from] Stealth Rock\n|move|p1a: Jellicent|Will-O-Wisp|p2a: Amoonguss\n|-fail|p2a: Amoonguss|brn\n|\n|-weather|Sandstorm|[upkeep]\n|-damage|p1a: Jellicent|79\/100|[from] Sandstorm\n|-damage|p2a: Amoonguss|78\/100 brn|[from] Sandstorm\n|-heal|p1a: Jellicent|85\/100|[from] item: Leftovers\n|-heal|p2a: Amoonguss|84\/100 brn|[from] item: Black Sludge\n|-damage|p2a: Amoonguss|71\/100 brn|[from] brn\n|upkeep\n|turn|81\n|\n|t:|1660257285\n|move|p1a: Jellicent|Night Shade|p2a: Amoonguss\n|-damage|p2a: Amoonguss|48\/100 brn\n|move|p2a: Amoonguss|Stun Spore|p1a: Jellicent\n|-status|p1a: Jellicent|par\n|\n|-weather|Sandstorm|[upkeep]\n|-damage|p2a: Amoonguss|42\/100 brn|[from] Sandstorm\n|-damage|p1a: Jellicent|79\/100 par|[from] Sandstorm\n|-heal|p2a: Amoonguss|48\/100 brn|[from] item: Black Sludge\n|-heal|p1a: Jellicent|85\/100 par|[from] item: Leftovers\n|-damage|p2a: Amoonguss|36\/100 brn|[from] brn\n|upkeep\n|turn|82\n|\n|t:|1660257301\n|switch|p1a: Excadrill|Excadrill, F|81\/100\n|move|p2a: Amoonguss|Giga Drain|p1a: Excadrill\n|-damage|p1a: Excadrill|51\/100\n|-heal|p2a: Amoonguss|48\/100 brn|[from] drain|[of] p1a: Excadrill\n|\n|-weather|Sandstorm|[upkeep]\n|-damage|p2a: Amoonguss|42\/100 brn|[from] Sandstorm\n|-heal|p1a: Excadrill|57\/100|[from] item: Leftovers\n|-heal|p2a: Amoonguss|48\/100 brn|[from] item: Black Sludge\n|-damage|p2a: Amoonguss|36\/100 brn|[from] brn\n|upkeep\n|turn|83\n|\n|t:|1660257306\n|switch|p1a: Jellicent|Jellicent, F|85\/100 par\n|switch|p2a: Skarmory|Skarmory, M|100\/100\n|-damage|p2a: Skarmory|88\/100|[from] Stealth Rock\n|\n|-weather|Sandstorm|[upkeep]\n|-damage|p1a: Jellicent|79\/100 par|[from] Sandstorm\n|-heal|p1a: Jellicent|85\/100 par|[from] item: Leftovers\n|upkeep\n|turn|84\n|\n|t:|1660257317\n|switch|p2a: Chansey|Chansey, F|66\/100\n|-damage|p2a: Chansey|53\/100|[from] Stealth Rock\n|cant|p1a: Jellicent|par\n|\n|-weather|Sandstorm|[upkeep]\n|-damage|p2a: Chansey|47\/100|[from] Sandstorm\n|-damage|p1a: Jellicent|79\/100 par|[from] Sandstorm\n|-heal|p1a: Jellicent|85\/100 par|[from] item: Leftovers\n|upkeep\n|turn|85\n|\n|t:|1660257324\n|move|p2a: Chansey|Soft-Boiled|p2a: Chansey\n|-heal|p2a: Chansey|97\/100\n|move|p1a: Jellicent|Taunt|p2a: Chansey\n|-start|p2a: Chansey|move: Taunt\n|\n|-weather|Sandstorm|[upkeep]\n|-damage|p2a: Chansey|91\/100|[from] Sandstorm\n|-damage|p1a: Jellicent|79\/100 par|[from] Sandstorm\n|-heal|p1a: Jellicent|85\/100 par|[from] item: Leftovers\n|upkeep\n|turn|86\n|\n|t:|1660257332\n|switch|p2a: Amoonguss|Amoonguss, F|69\/100 brn\n|-damage|p2a: Amoonguss|57\/100 brn|[from] Stealth Rock\n|cant|p1a: Jellicent|par\n|\n|-weather|Sandstorm|[upkeep]\n|-damage|p2a: Amoonguss|50\/100 brn|[from] Sandstorm\n|-damage|p1a: Jellicent|79\/100 par|[from] Sandstorm\n|-heal|p2a: Amoonguss|57\/100 brn|[from] item: Black Sludge\n|-heal|p1a: Jellicent|85\/100 par|[from] item: Leftovers\n|-damage|p2a: Amoonguss|44\/100 brn|[from] brn\n|upkeep\n|turn|87\n|c|\u2606Grabby|Damn\n|c|\u2606Grabby|Rng do be kinda wack\n|c|\u2606Highv0ltag3|ye\n|\n|t:|1660257357\n|switch|p1a: Tyranitar|Tyranitar, F|88\/100\n|move|p2a: Amoonguss|Giga Drain|p1a: Tyranitar\n|-supereffective|p1a: Tyranitar\n|-damage|p1a: Tyranitar|67\/100\n|-heal|p2a: Amoonguss|54\/100 brn|[from] drain|[of] p1a: Tyranitar\n|\n|-weather|Sandstorm|[upkeep]\n|-damage|p2a: Amoonguss|47\/100 brn|[from] Sandstorm\n|-heal|p2a: Amoonguss|54\/100 brn|[from] item: Black Sludge\n|-damage|p2a: Amoonguss|41\/100 brn|[from] brn\n|upkeep\n|turn|88\n|\n|t:|1660257364\n|switch|p2a: Excadrill|Excadrill, F|100\/100\n|-damage|p2a: Excadrill|97\/100|[from] Stealth Rock\n|-ability|p2a: Excadrill|Mold Breaker\n|move|p1a: Tyranitar|Crunch|p2a: Excadrill\n|-resisted|p2a: Excadrill\n|-damage|p2a: Excadrill|73\/100\n|\n|-weather|Sandstorm|[upkeep]\n|-heal|p2a: Excadrill|79\/100|[from] item: Leftovers\n|upkeep\n|turn|89\n|\n|t:|1660257373\n|switch|p1a: Landorus|Landorus-Therian, M|63\/100\n|-ability|p1a: Landorus|Intimidate|boost\n|-unboost|p2a: Excadrill|atk|1\n|move|p2a: Excadrill|Rapid Spin|p1a: Landorus\n|-damage|p1a: Landorus|59\/100\n|-sideend|p2: Highv0ltag3|Stealth Rock|[from] move: Rapid Spin|[of] p2a: Excadrill\n|\n|-weather|Sandstorm|[upkeep]\n|-heal|p2a: Excadrill|85\/100|[from] item: Leftovers\n|upkeep\n|turn|90\n|\n|t:|1660257378\n|switch|p2a: Skarmory|Skarmory, M|88\/100\n|move|p1a: Landorus|U-turn|p2a: Skarmory\n|-resisted|p2a: Skarmory\n|-damage|p2a: Skarmory|85\/100\n|\n|t:|1660257382\n|switch|p1a: Jellicent|Jellicent, F|85\/100 par|[from]move: U-turn\n|\n|-weather|Sandstorm|[upkeep]\n|-damage|p1a: Jellicent|79\/100 par|[from] Sandstorm\n|-heal|p1a: Jellicent|85\/100 par|[from] item: Leftovers\n|upkeep\n|turn|91\n|\n|t:|1660257388\n|switch|p2a: Chansey|Chansey, F|91\/100\n|cant|p1a: Jellicent|par\n|\n|-weather|Sandstorm|[upkeep]\n|-damage|p2a: Chansey|85\/100|[from] Sandstorm\n|-damage|p1a: Jellicent|79\/100 par|[from] Sandstorm\n|-heal|p1a: Jellicent|85\/100 par|[from] item: Leftovers\n|upkeep\n|turn|92\n|\n|t:|1660257394\n|switch|p2a: Amoonguss|Amoonguss, F|75\/100 brn\n|move|p1a: Jellicent|Taunt|p2a: Amoonguss\n|-start|p2a: Amoonguss|move: Taunt\n|\n|-weather|Sandstorm|[upkeep]\n|-damage|p2a: Amoonguss|68\/100 brn|[from] Sandstorm\n|-damage|p1a: Jellicent|79\/100 par|[from] Sandstorm\n|-heal|p2a: Amoonguss|75\/100 brn|[from] item: Black Sludge\n|-heal|p1a: Jellicent|85\/100 par|[from] item: Leftovers\n|-damage|p2a: Amoonguss|62\/100 brn|[from] brn\n|upkeep\n|turn|93\n|\n|t:|1660257408\n|switch|p2a: Magnezone|Magnezone|94\/100\n|switch|p1a: Excadrill|Excadrill, F|57\/100\n|\n|-weather|Sandstorm|[upkeep]\n|-heal|p1a: Excadrill|63\/100|[from] item: Leftovers\n|upkeep\n|turn|94\n|\n|t:|1660257428\n|switch|p2a: Skarmory|Skarmory, M|85\/100\n|move|p1a: Excadrill|Iron Head|p2a: Skarmory\n|-resisted|p2a: Skarmory\n|-damage|p2a: Skarmory|68\/100\n|\n|-weather|Sandstorm|[upkeep]\n|-heal|p1a: Excadrill|69\/100|[from] item: Leftovers\n|upkeep\n|turn|95\n|inactive|Grabby has 120 seconds left.\n|\n|t:|1660257461\n|switch|p1a: Landorus|Landorus-Therian, M|59\/100\n|-ability|p1a: Landorus|Intimidate|boost\n|-unboost|p2a: Skarmory|atk|1\n|move|p2a: Skarmory|Roost|p2a: Skarmory\n|-heal|p2a: Skarmory|100\/100\n|-singleturn|p2a: Skarmory|move: Roost\n|\n|-weather|Sandstorm|[upkeep]\n|upkeep\n|turn|96\n|\n|t:|1660257466\n|move|p1a: Landorus|Stealth Rock|p2a: Skarmory\n|-sidestart|p2: Highv0ltag3|move: Stealth Rock\n|move|p2a: Skarmory|Counter||[still]\n|-fail|p2a: Skarmory\n|\n|-weather|Sandstorm|[upkeep]\n|upkeep\n|turn|97\n|inactive|Grabby has 120 seconds left.\n|\n|t:|1660257477\n|switch|p1a: Excadrill|Excadrill, F|69\/100\n|switch|p2a: Excadrill|Excadrill, F|85\/100\n|-damage|p2a: Excadrill|82\/100|[from] Stealth Rock\n|-ability|p2a: Excadrill|Mold Breaker\n|\n|-weather|Sandstorm|[upkeep]\n|-heal|p1a: Excadrill|75\/100|[from] item: Leftovers\n|-heal|p2a: Excadrill|89\/100|[from] item: Leftovers\n|upkeep\n|turn|98\n|\n|t:|1660257481\n|switch|p1a: Jellicent|Jellicent, F|85\/100 par\n|move|p2a: Excadrill|Protect||[still]\n|-fail|p2a: Excadrill\n|\n|-weather|Sandstorm|[upkeep]\n|-damage|p1a: Jellicent|79\/100 par|[from] Sandstorm\n|-heal|p2a: Excadrill|95\/100|[from] item: Leftovers\n|-heal|p1a: Jellicent|85\/100 par|[from] item: Leftovers\n|upkeep\n|turn|99\n|\n|t:|1660257487\n|move|p2a: Excadrill|Earthquake|p1a: Jellicent\n|-damage|p1a: Jellicent|41\/100 par\n|cant|p1a: Jellicent|par\n|\n|-weather|Sandstorm|[upkeep]\n|-damage|p1a: Jellicent|35\/100 par|[from] Sandstorm\n|-heal|p2a: Excadrill|100\/100|[from] item: Leftovers\n|-heal|p1a: Jellicent|41\/100 par|[from] item: Leftovers\n|upkeep\n|turn|100\n|\n|t:|1660257493\n|switch|p1a: Landorus|Landorus-Therian, M|59\/100\n|-ability|p1a: Landorus|Intimidate|boost\n|-unboost|p2a: Excadrill|atk|1\n|move|p2a: Excadrill|Rapid Spin|p1a: Landorus\n|-damage|p1a: Landorus|55\/100\n|-sideend|p2: Highv0ltag3|Stealth Rock|[from] move: Rapid Spin|[of] p2a: Excadrill\n|\n|-weather|Sandstorm|[upkeep]\n|upkeep\n|turn|101\n|\n|t:|1660257498\n|move|p2a: Excadrill|Protect|p2a: Excadrill\n|-singleturn|p2a: Excadrill|Protect\n|move|p1a: Landorus|U-turn|p2a: Excadrill\n|-activate|p2a: Excadrill|move: Protect\n|\n|-weather|Sandstorm|[upkeep]\n|upkeep\n|turn|102\n|\n|t:|1660257500\n|move|p1a: Landorus|U-turn|p2a: Excadrill\n|-resisted|p2a: Excadrill\n|-damage|p2a: Excadrill|87\/100\n|\n|t:|1660257513\n|switch|p1a: Tyranitar|Tyranitar, F|67\/100|[from]move: U-turn\n|move|p2a: Excadrill|Stealth Rock|p1a: Tyranitar\n|-sidestart|p1: Grabby|move: Stealth Rock\n|\n|-weather|Sandstorm|[upkeep]\n|-heal|p2a: Excadrill|93\/100|[from] item: Leftovers\n|upkeep\n|turn|103\n|\n|t:|1660257517\n|move|p2a: Excadrill|Earthquake|p1a: Tyranitar\n|-supereffective|p1a: Tyranitar\n|-damage|p1a: Tyranitar|19\/100\n|move|p1a: Tyranitar|Superpower|p2a: Excadrill\n|-supereffective|p2a: Excadrill\n|-damage|p2a: Excadrill|0 fnt\n|-unboost|p1a: Tyranitar|atk|1\n|-unboost|p1a: Tyranitar|def|1\n|faint|p2a: Excadrill\n|\n|-weather|Sandstorm|[upkeep]\n|upkeep\n|\n|t:|1660257529\n|switch|p2a: Skarmory|Skarmory, M|100\/100\n|turn|104\n|\n|t:|1660257534\n|move|p1a: Tyranitar|Thunder Wave|p2a: Skarmory\n|-status|p2a: Skarmory|par\n|cant|p2a: Skarmory|par\n|\n|-weather|Sandstorm|[upkeep]\n|upkeep\n|turn|105\n|\n|t:|1660257541\n|switch|p1a: Landorus|Landorus-Therian, M|55\/100\n|-damage|p1a: Landorus|42\/100|[from] Stealth Rock\n|-ability|p1a: Landorus|Intimidate|boost\n|-unboost|p2a: Skarmory|atk|1\n|cant|p2a: Skarmory|par\n|\n|-weather|Sandstorm|[upkeep]\n|upkeep\n|turn|106\n|\n|t:|1660257546\n|move|p1a: Landorus|Stealth Rock|p2a: Skarmory\n|-sidestart|p2: Highv0ltag3|move: Stealth Rock\n|move|p2a: Skarmory|Spikes|p1a: Landorus\n|-sidestart|p1: Grabby|Spikes\n|\n|-weather|Sandstorm|[upkeep]\n|upkeep\n|turn|107\n|\n|t:|1660257550\n|switch|p1a: Excadrill|Excadrill, F|75\/100\n|-damage|p1a: Excadrill|72\/100|[from] Stealth Rock\n|-damage|p1a: Excadrill|60\/100|[from] Spikes\n|move|p2a: Skarmory|Whirlwind|p1a: Excadrill\n|drag|p1a: Latios|Latios, M|46\/100\n|-damage|p1a: Latios|34\/100|[from] Stealth Rock\n|\n|-weather|Sandstorm|[upkeep]\n|-damage|p1a: Latios|28\/100|[from] Sandstorm\n|upkeep\n|turn|108\n|\n|t:|1660257559\n|move|p1a: Latios|Draco Meteor|p2a: Skarmory\n|-resisted|p2a: Skarmory\n|-damage|p2a: Skarmory|48\/100 par\n|-unboost|p1a: Latios|spa|2\n|move|p2a: Skarmory|Whirlwind|p1a: Latios\n|drag|p1a: Excadrill|Excadrill, F|60\/100\n|-damage|p1a: Excadrill|57\/100|[from] Stealth Rock\n|-damage|p1a: Excadrill|44\/100|[from] Spikes\n|\n|-weather|Sandstorm|[upkeep]\n|-heal|p1a: Excadrill|50\/100|[from] item: Leftovers\n|upkeep\n|turn|109\n|\n|t:|1660257566\n|move|p1a: Excadrill|Rapid Spin|p2a: Skarmory\n|-resisted|p2a: Skarmory\n|-damage|p2a: Skarmory|46\/100 par\n|-sideend|p1: Grabby|Spikes|[from] move: Rapid Spin|[of] p1a: Excadrill\n|-sideend|p1: Grabby|Stealth Rock|[from] move: Rapid Spin|[of] p1a: Excadrill\n|move|p2a: Skarmory|Roost|p2a: Skarmory\n|-heal|p2a: Skarmory|96\/100 par\n|-singleturn|p2a: Skarmory|move: Roost\n|\n|-weather|Sandstorm|[upkeep]\n|-heal|p1a: Excadrill|56\/100|[from] item: Leftovers\n|upkeep\n|turn|110\n|\n|t:|1660257572\n|move|p1a: Excadrill|Protect|p1a: Excadrill\n|-singleturn|p1a: Excadrill|Protect\n|move|p2a: Skarmory|Spikes|p1a: Excadrill\n|-sidestart|p1: Grabby|Spikes\n|\n|-weather|Sandstorm|[upkeep]\n|-heal|p1a: Excadrill|62\/100|[from] item: Leftovers\n|upkeep\n|turn|111\n|\n|t:|1660257576\n|move|p1a: Excadrill|Rapid Spin|p2a: Skarmory\n|-resisted|p2a: Skarmory\n|-crit|p2a: Skarmory\n|-damage|p2a: Skarmory|92\/100 par\n|-sideend|p1: Grabby|Spikes|[from] move: Rapid Spin|[of] p1a: Excadrill\n|cant|p2a: Skarmory|par\n|\n|-weather|Sandstorm|[upkeep]\n|-heal|p1a: Excadrill|68\/100|[from] item: Leftovers\n|upkeep\n|turn|112\n|\n|t:|1660257584\n|switch|p1a: Jellicent|Jellicent, F|41\/100 par\n|move|p2a: Skarmory|Whirlwind|p1a: Jellicent\n|drag|p1a: Latios|Latios, M|28\/100\n|\n|-weather|Sandstorm|[upkeep]\n|-damage|p1a: Latios|22\/100|[from] Sandstorm\n|upkeep\n|turn|113\n|\n|t:|1660257592\n|move|p1a: Latios|Surf|p2a: Skarmory\n|-damage|p2a: Skarmory|44\/100 par\n|move|p2a: Skarmory|Whirlwind|p1a: Latios\n|drag|p1a: Excadrill|Excadrill, F|68\/100\n|\n|-weather|Sandstorm|[upkeep]\n|-heal|p1a: Excadrill|75\/100|[from] item: Leftovers\n|upkeep\n|turn|114\n|\n|t:|1660257600\n|move|p1a: Excadrill|Iron Head|p2a: Skarmory\n|-resisted|p2a: Skarmory\n|-damage|p2a: Skarmory|28\/100 par\n|move|p2a: Skarmory|Roost|p2a: Skarmory\n|-heal|p2a: Skarmory|78\/100 par\n|-singleturn|p2a: Skarmory|move: Roost\n|\n|-weather|Sandstorm|[upkeep]\n|-heal|p1a: Excadrill|81\/100|[from] item: Leftovers\n|upkeep\n|turn|115\n|\n|t:|1660257609\n|move|p1a: Excadrill|Iron Head|p2a: Skarmory\n|-resisted|p2a: Skarmory\n|-damage|p2a: Skarmory|63\/100 par\n|cant|p2a: Skarmory|par\n|\n|-weather|Sandstorm|[upkeep]\n|-heal|p1a: Excadrill|87\/100|[from] item: Leftovers\n|upkeep\n|turn|116\n|\n|t:|1660257615\n|move|p1a: Excadrill|Iron Head|p2a: Skarmory\n|-resisted|p2a: Skarmory\n|-damage|p2a: Skarmory|48\/100 par\n|cant|p2a: Skarmory|flinch\n|\n|-weather|Sandstorm|[upkeep]\n|-heal|p1a: Excadrill|93\/100|[from] item: Leftovers\n|upkeep\n|turn|117\n|\n|t:|1660257619\n|move|p1a: Excadrill|Iron Head|p2a: Skarmory\n|-resisted|p2a: Skarmory\n|-damage|p2a: Skarmory|31\/100 par\n|cant|p2a: Skarmory|flinch\n|\n|-weather|Sandstorm|[upkeep]\n|-heal|p1a: Excadrill|99\/100|[from] item: Leftovers\n|upkeep\n|turn|118\n|\n|t:|1660257622\n|move|p1a: Excadrill|Iron Head|p2a: Skarmory\n|-resisted|p2a: Skarmory\n|-damage|p2a: Skarmory|16\/100 par\n|cant|p2a: Skarmory|flinch\n|\n|-weather|Sandstorm|[upkeep]\n|-heal|p1a: Excadrill|100\/100|[from] item: Leftovers\n|upkeep\n|turn|119\n|\n|t:|1660257627\n|move|p1a: Excadrill|Iron Head|p2a: Skarmory\n|-resisted|p2a: Skarmory\n|-damage|p2a: Skarmory|0 fnt\n|faint|p2a: Skarmory\n|\n|-weather|Sandstorm|[upkeep]\n|upkeep\n|\n|t:|1660257631\n|switch|p2a: Slowbro|Slowbro, F|100\/100\n|-damage|p2a: Slowbro|88\/100|[from] Stealth Rock\n|turn|120\n|\n|t:|1660257636\n|switch|p1a: Jellicent|Jellicent, F|41\/100 par\n|move|p2a: Slowbro|Calm Mind|p2a: Slowbro\n|-boost|p2a: Slowbro|spa|1\n|-boost|p2a: Slowbro|spd|1\n|\n|-weather|Sandstorm|[upkeep]\n|-damage|p2a: Slowbro|82\/100|[from] Sandstorm\n|-damage|p1a: Jellicent|35\/100 par|[from] Sandstorm\n|-heal|p2a: Slowbro|88\/100|[from] item: Leftovers\n|-heal|p1a: Jellicent|41\/100 par|[from] item: Leftovers\n|upkeep\n|turn|121\n|\n|t:|1660257640\n|move|p2a: Slowbro|Calm Mind|p2a: Slowbro\n|-boost|p2a: Slowbro|spa|1\n|-boost|p2a: Slowbro|spd|1\n|cant|p1a: Jellicent|par\n|\n|-weather|Sandstorm|[upkeep]\n|-damage|p2a: Slowbro|82\/100|[from] Sandstorm\n|-damage|p1a: Jellicent|35\/100 par|[from] Sandstorm\n|-heal|p2a: Slowbro|88\/100|[from] item: Leftovers\n|-heal|p1a: Jellicent|41\/100 par|[from] item: Leftovers\n|upkeep\n|turn|122\n|\n|t:|1660257644\n|move|p2a: Slowbro|Calm Mind|p2a: Slowbro\n|-boost|p2a: Slowbro|spa|1\n|-boost|p2a: Slowbro|spd|1\n|move|p1a: Jellicent|Will-O-Wisp|p2a: Slowbro\n|-status|p2a: Slowbro|brn\n|\n|-weather|Sandstorm|[upkeep]\n|-damage|p2a: Slowbro|82\/100 brn|[from] Sandstorm\n|-damage|p1a: Jellicent|35\/100 par|[from] Sandstorm\n|-heal|p2a: Slowbro|88\/100 brn|[from] item: Leftovers\n|-heal|p1a: Jellicent|41\/100 par|[from] item: Leftovers\n|-damage|p2a: Slowbro|76\/100 brn|[from] brn\n|upkeep\n|turn|123\n|\n|t:|1660257650\n|move|p2a: Slowbro|Ice Beam|p1a: Jellicent\n|-resisted|p1a: Jellicent\n|-damage|p1a: Jellicent|19\/100 par\n|move|p1a: Jellicent|Night Shade|p2a: Slowbro\n|-damage|p2a: Slowbro|50\/100 brn\n|\n|-weather|Sandstorm|[upkeep]\n|-damage|p2a: Slowbro|44\/100 brn|[from] Sandstorm\n|-damage|p1a: Jellicent|13\/100 par|[from] Sandstorm\n|-heal|p2a: Slowbro|50\/100 brn|[from] item: Leftovers\n|-heal|p1a: Jellicent|19\/100 par|[from] item: Leftovers\n|-damage|p2a: Slowbro|38\/100 brn|[from] brn\n|upkeep\n|turn|124\n|\n|t:|1660257654\n|move|p2a: Slowbro|Ice Beam|p1a: Jellicent\n|-resisted|p1a: Jellicent\n|-damage|p1a: Jellicent|0 fnt\n|faint|p1a: Jellicent\n|\n|-weather|Sandstorm|[upkeep]\n|-damage|p2a: Slowbro|32\/100 brn|[from] Sandstorm\n|-heal|p2a: Slowbro|38\/100 brn|[from] item: Leftovers\n|-damage|p2a: Slowbro|25\/100 brn|[from] brn\n|upkeep\n|\n|t:|1660257659\n|switch|p1a: Tyranitar|Tyranitar, F|19\/100\n|turn|125\n|\n|t:|1660257671\n|-activate|p2a: Slowbro|move: Pursuit\n|move|p1a: Tyranitar|Pursuit|p2a: Slowbro|[from]Pursuit\n|-supereffective|p2a: Slowbro\n|-damage|p2a: Slowbro|0 fnt\n|faint|p2a: Slowbro\n|-hint|A Pokemon can't switch between when it runs out of HP and when it faints\n|\n|-weather|Sandstorm|[upkeep]\n|upkeep\n|\n|t:|1660257688\n|switch|p2a: Amoonguss|Amoonguss, F|95\/100 brn\n|-damage|p2a: Amoonguss|83\/100 brn|[from] Stealth Rock\n|turn|126\n|\n|t:|1660257701\n|move|p1a: Tyranitar|Crunch|p2a: Amoonguss\n|-damage|p2a: Amoonguss|40\/100 brn\n|move|p2a: Amoonguss|Stun Spore|p1a: Tyranitar\n|-status|p1a: Tyranitar|par\n|\n|-weather|Sandstorm|[upkeep]\n|-damage|p2a: Amoonguss|34\/100 brn|[from] Sandstorm\n|-heal|p2a: Amoonguss|40\/100 brn|[from] item: Black Sludge\n|-damage|p2a: Amoonguss|27\/100 brn|[from] brn\n|upkeep\n|turn|127\n|\n|t:|1660257713\n|move|p2a: Amoonguss|Giga Drain|p1a: Tyranitar\n|-supereffective|p1a: Tyranitar\n|-damage|p1a: Tyranitar|0 fnt\n|-heal|p2a: Amoonguss|36\/100 brn|[from] drain|[of] p1a: Tyranitar\n|faint|p1a: Tyranitar\n|\n|-weather|Sandstorm|[upkeep]\n|-damage|p2a: Amoonguss|30\/100 brn|[from] Sandstorm\n|-heal|p2a: Amoonguss|36\/100 brn|[from] item: Black Sludge\n|-damage|p2a: Amoonguss|24\/100 brn|[from] brn\n|upkeep\n|\n|t:|1660257717\n|switch|p1a: Excadrill|Excadrill, F|100\/100\n|turn|128\n|\n|t:|1660257721\n|switch|p2a: Chansey|Chansey, F|85\/100\n|-damage|p2a: Chansey|73\/100|[from] Stealth Rock\n|move|p1a: Excadrill|Earthquake|p2a: Chansey\n|-damage|p2a: Chansey|11\/100\n|\n|-weather|Sandstorm|[upkeep]\n|-damage|p2a: Chansey|5\/100|[from] Sandstorm\n|upkeep\n|turn|129\n|\n|t:|1660257728\n|move|p1a: Excadrill|Earthquake|p2a: Chansey\n|-damage|p2a: Chansey|0 fnt\n|faint|p2a: Chansey\n|\n|-weather|Sandstorm|[upkeep]\n|upkeep\n|\n|t:|1660257731\n|switch|p2a: Amoonguss|Amoonguss, F|57\/100 brn\n|-damage|p2a: Amoonguss|44\/100 brn|[from] Stealth Rock\n|turn|130\n|\n|t:|1660257737\n|move|p1a: Excadrill|Earthquake|p2a: Amoonguss\n|-crit|p2a: Amoonguss\n|-damage|p2a: Amoonguss|0 fnt\n|faint|p2a: Amoonguss\n|\n|-weather|Sandstorm|[upkeep]\n|upkeep\n|c|\u2606Highv0ltag3|gg\n|\n|t:|1660257743\n|switch|p2a: Magnezone|Magnezone|94\/100\n|-damage|p2a: Magnezone|88\/100|[from] Stealth Rock\n|turn|131\n|c|\u2606Grabby|Gg\n|\n|t:|1660257746\n|move|p2a: Magnezone|Hidden Power|p1a: Excadrill\n|-supereffective|p1a: Excadrill\n|-damage|p1a: Excadrill|38\/100\n|move|p1a: Excadrill|Earthquake|p2a: Magnezone\n|-supereffective|p2a: Magnezone\n|-damage|p2a: Magnezone|0 fnt\n|faint|p2a: Magnezone\n|\n|win|Grabby\n|raw|Grabby's rating: 1406 &rarr; <strong>1429<\/strong><br \/>(+23 for winning)\n|raw|Highv0ltag3's rating: 1458 &rarr; <strong>1435<\/strong><br \/>(-23 for losing)\n|l|\u2606Highv0ltag3\n||Ladder isn't responding, score probably updated but might not have (Request timeout).\n","uploadtime":1660257765,"views":12,"p1id":"grabby","p2id":"highv0ltag3","formatid":"gen5ou","rating":1429,"private":0,"password":null}