{"id":"gen5ou-1654237463","p1":"crescent smog","p2":"dd absol","format":"gen5ou","log":"|j|\u2606crescent smog\n|j|\u2606dd absol\n|t:|1662122173\n|gametype|singles\n|player|p1|crescent smog|adaman|1528\n|player|p2|dd absol|acetrainerf|1548\n|teamsize|p1|6\n|teamsize|p2|6\n|gen|5\n|tier|[Gen 5] OU\n|rated|\n|rule|Species Clause: Limit one of each Pok\u00e9mon\n|rule|OHKO Clause: OHKO moves are banned\n|rule|Moody Clause: Moody is banned\n|rule|Evasion Items Clause: Evasion items are banned\n|rule|Evasion Moves Clause: Evasion moves are banned\n|rule|Endless Battle Clause: Forcing endless battles is banned\n|rule|HP Percentage Mod: HP is shown in percentages\n|rule|Evasion Abilities Clause: Evasion abilities are banned\n|rule|Sleep Clause: Sleep-inducing moves are banned\n|rule|Swagger Clause: Swagger is banned\n|clearpoke\n|poke|p1|Keldeo-Resolute|item\n|poke|p1|Politoed, M|item\n|poke|p1|Scizor, M|item\n|poke|p1|Thundurus-Therian, M|item\n|poke|p1|Ferrothorn, M|item\n|poke|p1|Starmie|item\n|poke|p2|Heatran, M|item\n|poke|p2|Breloom, F|item\n|poke|p2|Tyranitar, M|item\n|poke|p2|Ferrothorn, F|item\n|poke|p2|Reuniclus, F|item\n|poke|p2|Gengar, F|item\n|teampreview\n|inactive|Battle timer is ON: inactive players will automatically lose when time's up. (requested by dd absol)\n|\n|t:|1662122194\n|start\n|switch|p1a: From Mars|Scizor, M|100\/100\n|switch|p2a: risotto|Breloom, F|100\/100\n|turn|1\n|\n|t:|1662122199\n|move|p2a: risotto|Protect|p2a: risotto\n|-singleturn|p2a: risotto|Protect\n|move|p1a: From Mars|U-turn|p2a: risotto\n|-activate|p2a: risotto|move: Protect\n|\n|-status|p2a: risotto|tox|[from] item: Toxic Orb\n|upkeep\n|turn|2\n|inactive|dd absol has 120 seconds left.\n|\n|t:|1662122246\n|switch|p2a: spaghetti|Ferrothorn, F|100\/100\n|move|p1a: From Mars|U-turn|p2a: spaghetti\n|-damage|p2a: spaghetti|63\/100\n|-damage|p1a: From Mars|88\/100|[from] ability: Iron Barbs|[of] p2a: spaghetti\n|\n|t:|1662122255\n|switch|p1a: Unicorn|Keldeo-Resolute|100\/100|[from]move: U-turn\n|\n|-heal|p2a: spaghetti|69\/100|[from] item: Leftovers\n|upkeep\n|turn|3\n|\n|t:|1662122263\n|switch|p2a: gelato|Reuniclus, F|100\/100\n|move|p1a: Unicorn|Hydro Pump|p2a: gelato\n|-damage|p2a: gelato|20\/100\n|\n|-heal|p2a: gelato|26\/100|[from] item: Leftovers\n|upkeep\n|turn|4\n|\n|t:|1662122270\n|switch|p1a: From Mars|Scizor, M|88\/100\n|switch|p2a: spaghetti|Ferrothorn, F|69\/100\n|\n|-heal|p2a: spaghetti|75\/100|[from] item: Leftovers\n|upkeep\n|turn|5\n|\n|t:|1662122279\n|switch|p2a: arancini|Gengar, F|100\/100\n|move|p1a: From Mars|Superpower|p2a: arancini\n|-immune|p2a: arancini\n|\n|upkeep\n|turn|6\n|\n|t:|1662122285\n|switch|p2a: pizza|Heatran, M|100\/100\n|-item|p2a: pizza|Air Balloon\n|switch|p1a: Backbone|Ferrothorn, M|100\/100\n|\n|upkeep\n|turn|7\n|\n|t:|1662122289\n|switch|p1a: Global Warming|Politoed, M|100\/100\n|-weather|RainDance|[from] ability: Drizzle|[of] p1a: Global Warming\n|move|p2a: pizza|Magma Storm|p1a: Global Warming\n|-resisted|p1a: Global Warming\n|-damage|p1a: Global Warming|87\/100\n|-activate|p1a: Global Warming|move: Magma Storm|[of] p2a: pizza\n|\n|-weather|RainDance|[upkeep]\n|-heal|p1a: Global Warming|93\/100|[from] item: Leftovers\n|-damage|p1a: Global Warming|87\/100|[from] move: Magma Storm|[partiallytrapped]\n|upkeep\n|turn|8\n|\n|t:|1662122302\n|switch|p2a: risotto|Breloom, F|100\/100 tox\n|move|p1a: Global Warming|Scald|p2a: risotto\n|-resisted|p2a: risotto\n|-damage|p2a: risotto|76\/100 tox\n|\n|-weather|RainDance|[upkeep]\n|-heal|p1a: Global Warming|93\/100|[from] item: Leftovers\n|-heal|p2a: risotto|88\/100 tox|[from] ability: Poison Heal\n|upkeep\n|turn|9\n|\n|t:|1662122305\n|switch|p1a: To Sirius|Thundurus-Therian, M|100\/100\n|move|p2a: risotto|Substitute|p2a: risotto\n|-start|p2a: risotto|Substitute\n|-damage|p2a: risotto|63\/100 tox\n|\n|-weather|RainDance|[upkeep]\n|-heal|p2a: risotto|76\/100 tox|[from] ability: Poison Heal\n|upkeep\n|turn|10\n|\n|t:|1662122310\n|-singleturn|p2a: risotto|move: Focus Punch\n|move|p1a: To Sirius|Hidden Power|p2a: risotto\n|-supereffective|p2a: risotto\n|-end|p2a: risotto|Substitute\n|move|p2a: risotto|Focus Punch|p1a: To Sirius\n|-resisted|p1a: To Sirius\n|-damage|p1a: To Sirius|55\/100\n|\n|-weather|RainDance|[upkeep]\n|-heal|p1a: To Sirius|61\/100|[from] item: Leftovers\n|-heal|p2a: risotto|88\/100 tox|[from] ability: Poison Heal\n|upkeep\n|turn|11\n|\n|t:|1662122319\n|switch|p2a: ragu|Tyranitar, M|100\/100\n|-weather|Sandstorm|[from] ability: Sand Stream|[of] p2a: ragu\n|move|p1a: To Sirius|Focus Blast|p2a: ragu\n|-supereffective|p2a: ragu\n|-enditem|p2a: ragu|Chople Berry|[eat]\n|-enditem|p2a: ragu|Chople Berry|[weaken]\n|-damage|p2a: ragu|60\/100\n|-unboost|p2a: ragu|spd|1\n|\n|-weather|Sandstorm|[upkeep]\n|-damage|p1a: To Sirius|55\/100|[from] Sandstorm\n|-heal|p1a: To Sirius|61\/100|[from] item: Leftovers\n|upkeep\n|turn|12\n|\n|t:|1662122329\n|move|p1a: To Sirius|Focus Blast|p2a: ragu\n|-supereffective|p2a: ragu\n|-damage|p2a: ragu|0 fnt\n|faint|p2a: ragu\n|\n|-weather|Sandstorm|[upkeep]\n|-damage|p1a: To Sirius|55\/100|[from] Sandstorm\n|-heal|p1a: To Sirius|61\/100|[from] item: Leftovers\n|upkeep\n|\n|t:|1662122350\n|switch|p2a: pizza|Heatran, M|100\/100\n|-item|p2a: pizza|Air Balloon\n|turn|13\n|\n|t:|1662122362\n|switch|p1a: Global Warming|Politoed, M|93\/100\n|-weather|RainDance|[from] ability: Drizzle|[of] p1a: Global Warming\n|move|p2a: pizza|Magma Storm|p1a: Global Warming\n|-resisted|p1a: Global Warming\n|-damage|p1a: Global Warming|79\/100\n|-activate|p1a: Global Warming|move: Magma Storm|[of] p2a: pizza\n|\n|-weather|RainDance|[upkeep]\n|-heal|p1a: Global Warming|85\/100|[from] item: Leftovers\n|-damage|p1a: Global Warming|79\/100|[from] move: Magma Storm|[partiallytrapped]\n|upkeep\n|turn|14\n|\n|t:|1662122368\n|switch|p2a: risotto|Breloom, F|88\/100 tox\n|move|p1a: Global Warming|Scald|p2a: risotto\n|-resisted|p2a: risotto\n|-damage|p2a: risotto|62\/100 tox\n|\n|-weather|RainDance|[upkeep]\n|-heal|p1a: Global Warming|85\/100|[from] item: Leftovers\n|-heal|p2a: risotto|75\/100 tox|[from] ability: Poison Heal\n|upkeep\n|turn|15\n|\n|t:|1662122385\n|switch|p1a: To Sirius|Thundurus-Therian, M|61\/100\n|move|p2a: risotto|Seed Bomb|p1a: To Sirius\n|-resisted|p1a: To Sirius\n|-damage|p1a: To Sirius|37\/100\n|\n|-weather|RainDance|[upkeep]\n|-heal|p1a: To Sirius|43\/100|[from] item: Leftovers\n|-heal|p2a: risotto|87\/100 tox|[from] ability: Poison Heal\n|upkeep\n|turn|16\n|\n|t:|1662122394\n|switch|p2a: arancini|Gengar, F|100\/100\n|move|p1a: To Sirius|Substitute|p1a: To Sirius\n|-start|p1a: To Sirius|Substitute\n|-damage|p1a: To Sirius|18\/100\n|\n|-weather|RainDance|[upkeep]\n|-heal|p1a: To Sirius|24\/100|[from] item: Leftovers\n|upkeep\n|turn|17\n|\n|t:|1662122399\n|move|p2a: arancini|Destiny Bond|p2a: arancini\n|-singlemove|p2a: arancini|Destiny Bond\n|move|p1a: To Sirius|Thunder|p2a: arancini\n|-damage|p2a: arancini|0 fnt\n|faint|p2a: arancini\n|-activate|p2a: arancini|move: Destiny Bond\n|faint|p1a: To Sirius\n|\n|-weather|RainDance|[upkeep]\n|upkeep\n|\n|t:|1662122408\n|switch|p2a: pizza|Heatran, M|100\/100\n|switch|p1a: Unicorn|Keldeo-Resolute|100\/100\n|-item|p2a: pizza|Air Balloon\n|turn|18\n|\n|t:|1662122417\n|move|p1a: Unicorn|Secret Sword|p2a: pizza\n|-supereffective|p2a: pizza\n|-damage|p2a: pizza|0 fnt\n|-enditem|p2a: pizza|Air Balloon\n|faint|p2a: pizza\n|\n|-weather|RainDance|[upkeep]\n|upkeep\n|\n|t:|1662122422\n|switch|p2a: risotto|Breloom, F|87\/100 tox\n|turn|19\n|\n|t:|1662122428\n|move|p1a: Unicorn|Secret Sword|p2a: risotto\n|-damage|p2a: risotto|8\/100 tox\n|move|p2a: risotto|Substitute|p2a: risotto\n|-fail|p2a: risotto|move: Substitute|[weak]\n|\n|-weather|RainDance|[upkeep]\n|-heal|p2a: risotto|21\/100 tox|[from] ability: Poison Heal\n|upkeep\n|turn|20\n|-message|dd absol forfeited.\n|\n|win|crescent smog\n|raw|crescent smog's rating: 1528 &rarr; <strong>1549<\/strong><br \/>(+21 for winning)\n|raw|dd absol's rating: 1548 &rarr; <strong>1527<\/strong><br \/>(-21 for losing)\n|l|\u2606dd absol\n","uploadtime":1662122434,"views":7,"p1id":"crescentsmog","p2id":"ddabsol","formatid":"gen5ou","rating":1527,"private":0,"password":null}