{"id":"gen5ou-1664067872","p1":"dmt dreams","p2":"Daellio","format":"gen5ou","log":"|j|\u203ddmt dreams\n|j|\u2606Daellio\n|inactive|Battle timer is ON: inactive players will automatically lose when time's up.\n|t:|1663163993\n|gametype|singles\n|player|p1|dmt dreams|cynthia-gen4|\n|player|p2|Daellio|acetrainer|\n|teamsize|p1|6\n|teamsize|p2|6\n|gen|5\n|tier|[Gen 5] OU\n|rated|Tournament battle\n|rule|Species Clause: Limit one of each Pok\u00e9mon\n|rule|OHKO Clause: OHKO moves are banned\n|rule|Moody Clause: Moody is banned\n|rule|Evasion Items Clause: Evasion items are banned\n|rule|Evasion Moves Clause: Evasion moves are banned\n|rule|Endless Battle Clause: Forcing endless battles is banned\n|rule|HP Percentage Mod: HP is shown in percentages\n|rule|Evasion Abilities Clause: Evasion abilities are banned\n|rule|Sleep Clause: Sleep-inducing moves are banned\n|rule|Swagger Clause: Swagger is banned\n|clearpoke\n|poke|p1|Jirachi|item\n|poke|p1|Kyurem-Black|item\n|poke|p1|Latios, M|item\n|poke|p1|Magnezone|item\n|poke|p1|Dragonite, M|item\n|poke|p1|Garchomp, F|item\n|poke|p2|Heracross, M|item\n|poke|p2|Tyranitar, F|item\n|poke|p2|Slowking, M|item\n|poke|p2|Steelix, M|item\n|poke|p2|Excadrill, M|item\n|poke|p2|Alakazam, M|item\n|teampreview\n|j| RNN YasuKe\n|j|@Mimikyu Stardust\n|c|\u2606Daellio|this is literally the exact same team i've battled the round before\n|j| stunnagirl\n|inactive|dmt dreams has 120 seconds left.\n|inactive|Daellio has 120 seconds left.\n|l| stunnagirl\n|\n|t:|1663164032\n|start\n|switch|p1a: Garchomp|Garchomp, F|100\/100\n|switch|p2a: Steelix|Steelix, M|100\/100\n|turn|1\n|\n|t:|1663164036\n|move|p1a: Garchomp|Earthquake|p2a: Steelix\n|-supereffective|p2a: Steelix\n|-crit|p2a: Steelix\n|-damage|p2a: Steelix|15\/100\n|move|p2a: Steelix|Roar|p1a: Garchomp\n|drag|p1a: Latios|Latios, M|100\/100\n|\n|-heal|p2a: Steelix|21\/100|[from] item: Leftovers\n|upkeep\n|turn|2\n|\n|t:|1663164043\n|switch|p1a: Garchomp|Garchomp, F|100\/100\n|switch|p2a: Slowking|Slowking, M|100\/100\n|\n|upkeep\n|turn|3\n|\n|t:|1663164047\n|switch|p1a: Jirachi|Jirachi|100\/100\n|move|p2a: Slowking|Ice Beam|p1a: Jirachi\n|-resisted|p1a: Jirachi\n|-damage|p1a: Jirachi|92\/100\n|-status|p1a: Jirachi|frz\n|\n|-heal|p1a: Jirachi|98\/100 frz|[from] item: Leftovers\n|upkeep\n|turn|4\n|\n|t:|1663164051\n|switch|p2a: Steelix|Steelix, M|21\/100\n|cant|p1a: Jirachi|frz\n|\n|-heal|p1a: Jirachi|100\/100 frz|[from] item: Leftovers\n|-heal|p2a: Steelix|28\/100|[from] item: Leftovers\n|upkeep\n|turn|5\n|\n|t:|1663164053\n|switch|p1a: Magnezone|Magnezone|100\/100\n|-item|p1a: Magnezone|Air Balloon\n|move|p2a: Steelix|Stealth Rock|p1a: Magnezone\n|-sidestart|p1: dmt dreams|move: Stealth Rock\n|\n|-heal|p2a: Steelix|34\/100|[from] item: Leftovers\n|upkeep\n|turn|6\n|\n|t:|1663164056\n|move|p1a: Magnezone|Hidden Power|p2a: Steelix\n|-supereffective|p2a: Steelix\n|-damage|p2a: Steelix|0 fnt\n|faint|p2a: Steelix\n|\n|upkeep\n|\n|t:|1663164061\n|switch|p2a: Slowking|Slowking, M|100\/100\n|turn|7\n|\n|t:|1663164064\n|switch|p1a: Jirachi|Jirachi|100\/100 frz\n|-damage|p1a: Jirachi|94\/100 frz|[from] Stealth Rock\n|move|p2a: Slowking|Fire Blast|p1a: Jirachi|[miss]\n|-miss|p2a: Slowking|p1a: Jirachi\n|\n|-heal|p1a: Jirachi|100\/100 frz|[from] item: Leftovers\n|upkeep\n|turn|8\n|\n|t:|1663164068\n|cant|p1a: Jirachi|frz\n|move|p2a: Slowking|Fire Blast|p1a: Jirachi\n|-supereffective|p1a: Jirachi\n|-crit|p1a: Jirachi\n|-damage|p1a: Jirachi|8\/100 frz\n|-curestatus|p1a: Jirachi|frz|[msg]\n|\n|-heal|p1a: Jirachi|15\/100|[from] item: Leftovers\n|upkeep\n|turn|9\n|\n|t:|1663164071\n|move|p1a: Jirachi|Stealth Rock|p2a: Slowking\n|-sidestart|p2: Daellio|move: Stealth Rock\n|move|p2a: Slowking|Fire Blast|p1a: Jirachi\n|-supereffective|p1a: Jirachi\n|-damage|p1a: Jirachi|0 fnt\n|faint|p1a: Jirachi\n|\n|upkeep\n|\n|t:|1663164075\n|switch|p1a: Kyurem|Kyurem-Black|100\/100\n|-damage|p1a: Kyurem|76\/100|[from] Stealth Rock\n|-ability|p1a: Kyurem|Teravolt\n|turn|10\n|\n|t:|1663164081\n|move|p1a: Kyurem|Outrage|p2a: Slowking\n|-damage|p2a: Slowking|0 fnt\n|faint|p2a: Slowking\n|\n|upkeep\n|\n|t:|1663164091\n|switch|p2a: Excadrill|Excadrill, M|100\/100\n|-damage|p2a: Excadrill|97\/100|[from] Stealth Rock\n|turn|11\n|\n|t:|1663164093\n|move|p2a: Excadrill|Iron Head|p1a: Kyurem\n|-supereffective|p1a: Kyurem\n|-damage|p1a: Kyurem|2\/100\n|cant|p1a: Kyurem|flinch\n|\n|-heal|p2a: Excadrill|100\/100|[from] item: Leftovers\n|upkeep\n|turn|12\n|\n|t:|1663164101\n|move|p2a: Excadrill|Iron Head|p1a: Kyurem\n|-supereffective|p1a: Kyurem\n|-damage|p1a: Kyurem|0 fnt\n|faint|p1a: Kyurem\n|\n|upkeep\n|\n|t:|1663164103\n|switch|p1a: Magnezone|Magnezone|100\/100\n|-damage|p1a: Magnezone|94\/100|[from] Stealth Rock\n|-item|p1a: Magnezone|Air Balloon\n|turn|13\n|\n|t:|1663164109\n|move|p2a: Excadrill|Iron Head|p1a: Magnezone\n|-resisted|p1a: Magnezone\n|-damage|p1a: Magnezone|82\/100\n|-enditem|p1a: Magnezone|Air Balloon\n|cant|p1a: Magnezone|flinch\n|\n|upkeep\n|turn|14\n|\n|t:|1663164117\n|move|p2a: Excadrill|Earthquake|p1a: Magnezone\n|-supereffective|p1a: Magnezone\n|-damage|p1a: Magnezone|0 fnt\n|faint|p1a: Magnezone\n|\n|upkeep\n|\n|t:|1663164118\n|switch|p1a: Garchomp|Garchomp, F|100\/100\n|-damage|p1a: Garchomp|94\/100|[from] Stealth Rock\n|turn|15\n|\n|t:|1663164128\n|move|p1a: Garchomp|Substitute|p1a: Garchomp\n|-start|p1a: Garchomp|Substitute\n|-damage|p1a: Garchomp|69\/100\n|move|p2a: Excadrill|Earthquake|p1a: Garchomp\n|-end|p1a: Garchomp|Substitute\n|\n|upkeep\n|turn|16\n|\n|t:|1663164133\n|move|p1a: Garchomp|Earthquake|p2a: Excadrill\n|-supereffective|p2a: Excadrill\n|-damage|p2a: Excadrill|0 fnt\n|faint|p2a: Excadrill\n|\n|upkeep\n|\n|t:|1663164139\n|switch|p2a: Heracross|Heracross, M|100\/100\n|-damage|p2a: Heracross|88\/100|[from] Stealth Rock\n|turn|17\n|\n|t:|1663164145\n|switch|p1a: Latios|Latios, M|100\/100\n|-damage|p1a: Latios|88\/100|[from] Stealth Rock\n|move|p2a: Heracross|Close Combat|p1a: Latios\n|-resisted|p1a: Latios\n|-damage|p1a: Latios|45\/100\n|-unboost|p2a: Heracross|def|1\n|-unboost|p2a: Heracross|spd|1\n|\n|upkeep\n|turn|18\n|\n|t:|1663164158\n|switch|p2a: Tyranitar|Tyranitar, F|100\/100\n|-damage|p2a: Tyranitar|88\/100|[from] Stealth Rock\n|-weather|Sandstorm|[from] ability: Sand Stream|[of] p2a: Tyranitar\n|move|p1a: Latios|Dragon Pulse|p2a: Tyranitar\n|-damage|p2a: Tyranitar|63\/100\n|\n|-weather|Sandstorm|[upkeep]\n|-damage|p1a: Latios|39\/100|[from] Sandstorm\n|upkeep\n|turn|19\n|\n|t:|1663164167\n|move|p1a: Latios|Dragon Pulse|p2a: Tyranitar\n|-damage|p2a: Tyranitar|36\/100\n|move|p2a: Tyranitar|Crunch|p1a: Latios\n|-supereffective|p1a: Latios\n|-damage|p1a: Latios|0 fnt\n|faint|p1a: Latios\n|\n|-weather|Sandstorm|[upkeep]\n|upkeep\n|\n|t:|1663164170\n|switch|p1a: Garchomp|Garchomp, F|69\/100\n|-damage|p1a: Garchomp|63\/100|[from] Stealth Rock\n|turn|20\n|\n|t:|1663164173\n|move|p1a: Garchomp|Substitute|p1a: Garchomp\n|-start|p1a: Garchomp|Substitute\n|-damage|p1a: Garchomp|38\/100\n|move|p2a: Tyranitar|Crunch|p1a: Garchomp\n|-end|p1a: Garchomp|Substitute\n|\n|-weather|Sandstorm|[upkeep]\n|upkeep\n|turn|21\n|\n|t:|1663164179\n|move|p1a: Garchomp|Substitute|p1a: Garchomp\n|-start|p1a: Garchomp|Substitute\n|-damage|p1a: Garchomp|13\/100\n|-enditem|p1a: Garchomp|Salac Berry|[eat]\n|-boost|p1a: Garchomp|spe|1|[from] item: Salac Berry\n|move|p2a: Tyranitar|Crunch|p1a: Garchomp\n|-end|p1a: Garchomp|Substitute\n|\n|-weather|Sandstorm|[upkeep]\n|upkeep\n|turn|22\n|\n|t:|1663164183\n|move|p1a: Garchomp|Earthquake|p2a: Tyranitar\n|-supereffective|p2a: Tyranitar\n|-damage|p2a: Tyranitar|0 fnt\n|faint|p2a: Tyranitar\n|\n|-weather|Sandstorm|[upkeep]\n|upkeep\n|\n|t:|1663164185\n|switch|p2a: Heracross|Heracross, M|88\/100\n|-damage|p2a: Heracross|76\/100|[from] Stealth Rock\n|turn|23\n|\n|t:|1663164191\n|move|p1a: Garchomp|Outrage|p2a: Heracross\n|-damage|p2a: Heracross|0 fnt\n|faint|p2a: Heracross\n|\n|-weather|Sandstorm|[upkeep]\n|upkeep\n|\n|t:|1663164194\n|switch|p2a: Alakazam|Alakazam, M|100\/100\n|turn|24\n|\n|t:|1663164199\n|move|p1a: Garchomp|Outrage|p2a: Alakazam|[from]lockedmove\n|-enditem|p2a: Alakazam|Focus Sash\n|-damage|p2a: Alakazam|1\/100\n|move|p2a: Alakazam|Psychic|p1a: Garchomp\n|-damage|p1a: Garchomp|0 fnt\n|faint|p1a: Garchomp\n|\n|-weather|Sandstorm|[upkeep]\n|upkeep\n|\n|t:|1663164201\n|switch|p1a: Dragonite|Dragonite, M|100\/100\n|-damage|p1a: Dragonite|76\/100|[from] Stealth Rock\n|turn|25\n|\n|t:|1663164203\n|move|p1a: Dragonite|Extreme Speed|p2a: Alakazam\n|-damage|p2a: Alakazam|0 fnt\n|faint|p2a: Alakazam\n|\n|win|dmt dreams\n|n|\u203ddmt dreams|dmtdreams\n|n|\u2606Daellio|daellio\n|n| RNN YasuKe|rnnyasuke\n|n| Mimikyu Stardust|mimikyustardust\n","uploadtime":1663164205,"views":18,"p1id":"dmtdreams","p2id":"daellio","formatid":"gen5ou","rating":0,"private":0,"password":null}