{"id":"gen5ou-1670249421","p1":"ayevon","p2":"TrainerPla","format":"gen5ou","log":"|j|\u2606ayevon\n|j|\u2606TrainerPla\n|t:|1664142122\n|gametype|singles\n|player|p1|ayevon|1|\n|player|p2|TrainerPla|burglar|\n|teamsize|p1|6\n|teamsize|p2|6\n|gen|5\n|tier|[Gen 5] OU\n|rated|Tournament battle\n|rule|Species Clause: Limit one of each Pok\u00e9mon\n|rule|OHKO Clause: OHKO moves are banned\n|rule|Moody Clause: Moody is banned\n|rule|Evasion Items Clause: Evasion items are banned\n|rule|Evasion Moves Clause: Evasion moves are banned\n|rule|Endless Battle Clause: Forcing endless battles is banned\n|rule|HP Percentage Mod: HP is shown in percentages\n|rule|Evasion Abilities Clause: Evasion abilities are banned\n|rule|Sleep Clause: Sleep-inducing moves are banned\n|rule|Swagger Clause: Swagger is banned\n|clearpoke\n|poke|p1|Tyranitar, F|item\n|poke|p1|Keldeo|item\n|poke|p1|Landorus-Therian, M|item\n|poke|p1|Rotom-Wash|item\n|poke|p1|Excadrill, M|item\n|poke|p1|Latios, M|item\n|poke|p2|Keldeo|item\n|poke|p2|Landorus-Therian, M|item\n|poke|p2|Breloom, F|item\n|poke|p2|Snorlax, F|item\n|poke|p2|Volcarona, F|item\n|poke|p2|Toxicroak, F|item\n|teampreview\n|inactive|Battle timer is ON: inactive players will automatically lose when time's up. (requested by ayevon)\n|inactive|ayevon has 120 seconds left.\n|\n|t:|1664142156\n|start\n|switch|p1a: Landorus|Landorus-Therian, M|100\/100\n|switch|p2a: Keldeo|Keldeo|100\/100\n|-ability|p1a: Landorus|Intimidate|boost\n|-unboost|p2a: Keldeo|atk|1\n|turn|1\n|\n|t:|1664142163\n|switch|p1a: Rotom|Rotom-Wash|100\/100\n|move|p2a: Keldeo|Hydro Pump|p1a: Rotom\n|-resisted|p1a: Rotom\n|-damage|p1a: Rotom|59\/100\n|\n|-heal|p1a: Rotom|65\/100|[from] item: Leftovers\n|upkeep\n|turn|2\n|\n|t:|1664142172\n|switch|p2a: Toxicroak|Toxicroak, F|100\/100\n|move|p1a: Rotom|Pain Split|p2a: Toxicroak\n|-sethp|p2a: Toxicroak|77\/100|[from] move: Pain Split|[silent]\n|-sethp|p1a: Rotom|94\/100|[from] move: Pain Split\n|\n|-heal|p1a: Rotom|99\/100|[from] item: Leftovers\n|upkeep\n|turn|3\n|\n|t:|1664142188\n|move|p2a: Toxicroak|Protect|p2a: Toxicroak\n|-singleturn|p2a: Toxicroak|Protect\n|move|p1a: Rotom|Will-O-Wisp|p2a: Toxicroak\n|-activate|p2a: Toxicroak|move: Protect\n|\n|-heal|p1a: Rotom|100\/100|[from] item: Leftovers\n|upkeep\n|turn|4\n|\n|t:|1664142193\n|move|p2a: Toxicroak|Toxic|p1a: Rotom\n|-status|p1a: Rotom|tox\n|move|p1a: Rotom|Volt Switch|p2a: Toxicroak\n|-damage|p2a: Toxicroak|46\/100\n|\n|t:|1664142207\n|switch|p1a: Tyranitar|Tyranitar, F|100\/100|[from]move: Volt Switch\n|-weather|Sandstorm|[from] ability: Sand Stream|[of] p1a: Tyranitar\n|\n|-weather|Sandstorm|[upkeep]\n|-damage|p2a: Toxicroak|40\/100|[from] Sandstorm\n|upkeep\n|turn|5\n|\n|t:|1664142228\n|switch|p1a: Landorus|Landorus-Therian, M|100\/100\n|-ability|p1a: Landorus|Intimidate|boost\n|-unboost|p2a: Toxicroak|atk|1\n|move|p2a: Toxicroak|Toxic|p1a: Landorus|[miss]\n|-miss|p2a: Toxicroak|p1a: Landorus\n|\n|-weather|Sandstorm|[upkeep]\n|-damage|p2a: Toxicroak|33\/100|[from] Sandstorm\n|upkeep\n|turn|6\n|\n|t:|1664142234\n|move|p2a: Toxicroak|Protect|p2a: Toxicroak\n|-singleturn|p2a: Toxicroak|Protect\n|move|p1a: Landorus|Earthquake|p2a: Toxicroak\n|-activate|p2a: Toxicroak|move: Protect\n|\n|-weather|Sandstorm|[upkeep]\n|-damage|p2a: Toxicroak|27\/100|[from] Sandstorm\n|upkeep\n|turn|7\n|\n|t:|1664142244\n|move|p1a: Landorus|Stealth Rock|p2a: Toxicroak\n|-sidestart|p2: TrainerPla|move: Stealth Rock\n|move|p2a: Toxicroak|Ice Punch|p1a: Landorus\n|-supereffective|p1a: Landorus\n|-damage|p1a: Landorus|51\/100\n|-status|p1a: Landorus|psn|[from] ability: Poison Touch|[of] p2a: Toxicroak\n|\n|-weather|Sandstorm|[upkeep]\n|-damage|p2a: Toxicroak|21\/100|[from] Sandstorm\n|-heal|p1a: Landorus|57\/100 psn|[from] item: Leftovers\n|-damage|p1a: Landorus|45\/100 psn|[from] psn\n|upkeep\n|turn|8\n|\n|t:|1664142267\n|switch|p1a: Excadrill|Excadrill, M|100\/100\n|move|p2a: Toxicroak|Foul Play|p1a: Excadrill\n|-resisted|p1a: Excadrill\n|-crit|p1a: Excadrill\n|-damage|p1a: Excadrill|54\/100\n|\n|-weather|Sandstorm|[upkeep]\n|-damage|p2a: Toxicroak|15\/100|[from] Sandstorm\n|-heal|p1a: Excadrill|60\/100|[from] item: Leftovers\n|upkeep\n|turn|9\n|\n|t:|1664142275\n|move|p1a: Excadrill|Iron Head|p2a: Toxicroak\n|-damage|p2a: Toxicroak|0 fnt\n|faint|p2a: Toxicroak\n|\n|-weather|Sandstorm|[upkeep]\n|-heal|p1a: Excadrill|66\/100|[from] item: Leftovers\n|upkeep\n|\n|t:|1664142296\n|switch|p2a: Landorus|Landorus-Therian, M|100\/100\n|-damage|p2a: Landorus|88\/100|[from] Stealth Rock\n|-ability|p2a: Landorus|Intimidate|boost\n|-unboost|p1a: Excadrill|atk|1\n|turn|10\n|\n|t:|1664142303\n|switch|p1a: Landorus|Landorus-Therian, M|45\/100 psn\n|-ability|p1a: Landorus|Intimidate|boost\n|-unboost|p2a: Landorus|atk|1\n|move|p2a: Landorus|Earthquake|p1a: Landorus\n|-immune|p1a: Landorus\n|\n|-weather|Sandstorm|[upkeep]\n|-heal|p1a: Landorus|51\/100 psn|[from] item: Leftovers\n|-damage|p1a: Landorus|39\/100 psn|[from] psn\n|upkeep\n|turn|11\n|\n|t:|1664142320\n|switch|p2a: Keldeo|Keldeo|100\/100\n|-damage|p2a: Keldeo|94\/100|[from] Stealth Rock\n|move|p1a: Landorus|Hidden Power|p2a: Keldeo\n|-resisted|p2a: Keldeo\n|-damage|p2a: Keldeo|84\/100\n|\n|-weather|Sandstorm|[upkeep]\n|-damage|p2a: Keldeo|78\/100|[from] Sandstorm\n|-heal|p1a: Landorus|45\/100 psn|[from] item: Leftovers\n|-damage|p1a: Landorus|32\/100 psn|[from] psn\n|upkeep\n|turn|12\n|\n|t:|1664142341\n|switch|p1a: Rotom|Rotom-Wash|100\/100 tox\n|move|p2a: Keldeo|Icy Wind|p1a: Rotom\n|-resisted|p1a: Rotom\n|-damage|p1a: Rotom|88\/100 tox\n|-unboost|p1a: Rotom|spe|1\n|\n|-weather|Sandstorm|[upkeep]\n|-damage|p2a: Keldeo|71\/100|[from] Sandstorm\n|-damage|p1a: Rotom|82\/100 tox|[from] Sandstorm\n|-heal|p1a: Rotom|88\/100 tox|[from] item: Leftovers\n|-damage|p1a: Rotom|82\/100 tox|[from] psn\n|upkeep\n|turn|13\n|inactive|TrainerPla has 120 seconds left.\n|\n|t:|1664142360\n|switch|p2a: Breloom|Breloom, F|100\/100\n|-damage|p2a: Breloom|94\/100|[from] Stealth Rock\n|switch|p1a: Latios|Latios, M|100\/100\n|\n|-weather|Sandstorm|[upkeep]\n|-damage|p1a: Latios|95\/100|[from] Sandstorm\n|-damage|p2a: Breloom|88\/100|[from] Sandstorm\n|-heal|p2a: Breloom|94\/100|[from] item: Leftovers\n|upkeep\n|turn|14\n|inactive|TrainerPla has 120 seconds left.\n|\n|t:|1664142373\n|switch|p2a: Snorlax|Snorlax, F|100\/100\n|-damage|p2a: Snorlax|88\/100|[from] Stealth Rock\n|move|p1a: Latios|Draco Meteor|p2a: Snorlax\n|-damage|p2a: Snorlax|48\/100\n|-unboost|p1a: Latios|spa|2\n|\n|-weather|Sandstorm|[upkeep]\n|-damage|p1a: Latios|89\/100|[from] Sandstorm\n|-damage|p2a: Snorlax|42\/100|[from] Sandstorm\n|-heal|p2a: Snorlax|48\/100|[from] item: Leftovers\n|upkeep\n|turn|15\n|inactive|TrainerPla has 120 seconds left.\n|\n|t:|1664142390\n|switch|p1a: Keldeo|Keldeo|100\/100\n|move|p2a: Snorlax|Toxic|p1a: Keldeo\n|-status|p1a: Keldeo|tox\n|\n|-weather|Sandstorm|[upkeep]\n|-damage|p1a: Keldeo|94\/100 tox|[from] Sandstorm\n|-damage|p2a: Snorlax|42\/100|[from] Sandstorm\n|-heal|p2a: Snorlax|48\/100|[from] item: Leftovers\n|-damage|p1a: Keldeo|88\/100 tox|[from] psn\n|upkeep\n|turn|16\n|\n|t:|1664142402\n|move|p1a: Keldeo|Surf|p2a: Snorlax\n|-damage|p2a: Snorlax|7\/100\n|move|p2a: Snorlax|Zen Headbutt|p1a: Keldeo\n|-supereffective|p1a: Keldeo\n|-damage|p1a: Keldeo|41\/100 tox\n|\n|-weather|Sandstorm|[upkeep]\n|-damage|p1a: Keldeo|35\/100 tox|[from] Sandstorm\n|-damage|p2a: Snorlax|1\/100|[from] Sandstorm\n|-heal|p2a: Snorlax|7\/100|[from] item: Leftovers\n|-damage|p1a: Keldeo|22\/100 tox|[from] psn\n|upkeep\n|turn|17\n|\n|t:|1664142409\n|move|p2a: Snorlax|Protect|p2a: Snorlax\n|-singleturn|p2a: Snorlax|Protect\n|move|p1a: Keldeo|Surf|p2a: Snorlax\n|-activate|p2a: Snorlax|move: Protect\n|\n|-weather|Sandstorm|[upkeep]\n|-damage|p1a: Keldeo|16\/100 tox|[from] Sandstorm\n|-damage|p2a: Snorlax|1\/100|[from] Sandstorm\n|-heal|p2a: Snorlax|7\/100|[from] item: Leftovers\n|-damage|p1a: Keldeo|0 fnt|[from] psn\n|faint|p1a: Keldeo\n|upkeep\n|\n|t:|1664142412\n|switch|p1a: Excadrill|Excadrill, M|66\/100\n|turn|18\n|\n|t:|1664142426\n|move|p2a: Snorlax|Protect||[still]\n|-fail|p2a: Snorlax\n|move|p1a: Excadrill|Iron Head|p2a: Snorlax\n|-damage|p2a: Snorlax|0 fnt\n|faint|p2a: Snorlax\n|\n|-weather|Sandstorm|[upkeep]\n|-heal|p1a: Excadrill|72\/100|[from] item: Leftovers\n|upkeep\n|\n|t:|1664142431\n|switch|p2a: Volcarona|Volcarona, F|100\/100\n|-damage|p2a: Volcarona|51\/100|[from] Stealth Rock\n|turn|19\n|\n|t:|1664142446\n|switch|p1a: Tyranitar|Tyranitar, F|100\/100\n|move|p2a: Volcarona|Overheat|p1a: Tyranitar|[miss]\n|-miss|p2a: Volcarona|p1a: Tyranitar\n|\n|-weather|Sandstorm|[upkeep]\n|-damage|p2a: Volcarona|45\/100|[from] Sandstorm\n|upkeep\n|turn|20\n|\n|t:|1664142458\n|move|p2a: Volcarona|Flamethrower|p1a: Tyranitar\n|-resisted|p1a: Tyranitar\n|-damage|p1a: Tyranitar|85\/100\n|-damage|p2a: Volcarona|35\/100|[from] item: Life Orb\n|move|p1a: Tyranitar|Crunch|p2a: Volcarona\n|-damage|p2a: Volcarona|0 fnt\n|-status|p1a: Tyranitar|brn|[from] ability: Flame Body|[of] p2a: Volcarona\n|faint|p2a: Volcarona\n|\n|-weather|Sandstorm|[upkeep]\n|-damage|p1a: Tyranitar|73\/100 brn|[from] brn\n|upkeep\n|\n|t:|1664142467\n|switch|p2a: Breloom|Breloom, F|94\/100\n|-damage|p2a: Breloom|88\/100|[from] Stealth Rock\n|turn|21\n|\n|t:|1664142471\n|move|p2a: Breloom|Protect|p2a: Breloom\n|-singleturn|p2a: Breloom|Protect\n|move|p1a: Tyranitar|Thunder Wave|p2a: Breloom\n|-activate|p2a: Breloom|move: Protect\n|\n|-weather|Sandstorm|[upkeep]\n|-damage|p2a: Breloom|82\/100|[from] Sandstorm\n|-heal|p2a: Breloom|88\/100|[from] item: Leftovers\n|-damage|p1a: Tyranitar|60\/100 brn|[from] brn\n|upkeep\n|turn|22\n|\n|t:|1664142476\n|move|p2a: Breloom|Substitute|p2a: Breloom\n|-start|p2a: Breloom|Substitute\n|-damage|p2a: Breloom|63\/100\n|move|p1a: Tyranitar|Thunder Wave||[still]\n|-fail|p1a: Tyranitar\n|\n|-weather|Sandstorm|[upkeep]\n|-damage|p2a: Breloom|57\/100|[from] Sandstorm\n|-heal|p2a: Breloom|63\/100|[from] item: Leftovers\n|-damage|p1a: Tyranitar|48\/100 brn|[from] brn\n|upkeep\n|turn|23\n|\n|t:|1664142481\n|-singleturn|p2a: Breloom|move: Focus Punch\n|move|p1a: Tyranitar|Crunch|p2a: Breloom\n|-resisted|p2a: Breloom\n|-activate|p2a: Breloom|Substitute|[damage]\n|move|p2a: Breloom|Focus Punch|p1a: Tyranitar\n|-supereffective|p1a: Tyranitar\n|-crit|p1a: Tyranitar\n|-enditem|p1a: Tyranitar|Chople Berry|[eat]\n|-enditem|p1a: Tyranitar|Chople Berry|[weaken]\n|-damage|p1a: Tyranitar|0 fnt\n|faint|p1a: Tyranitar\n|\n|-weather|Sandstorm|[upkeep]\n|-damage|p2a: Breloom|57\/100|[from] Sandstorm\n|-heal|p2a: Breloom|63\/100|[from] item: Leftovers\n|upkeep\n|\n|t:|1664142483\n|switch|p1a: Excadrill|Excadrill, M|72\/100\n|turn|24\n|\n|t:|1664142493\n|-singleturn|p2a: Breloom|move: Focus Punch\n|move|p1a: Excadrill|Iron Head|p2a: Breloom\n|-end|p2a: Breloom|Substitute\n|move|p2a: Breloom|Focus Punch|p1a: Excadrill\n|-supereffective|p1a: Excadrill\n|-damage|p1a: Excadrill|0 fnt\n|faint|p1a: Excadrill\n|\n|-weather|Sandstorm|[upkeep]\n|-damage|p2a: Breloom|57\/100|[from] Sandstorm\n|-heal|p2a: Breloom|63\/100|[from] item: Leftovers\n|upkeep\n|\n|t:|1664142495\n|switch|p1a: Latios|Latios, M|89\/100\n|turn|25\n|\n|t:|1664142508\n|move|p2a: Breloom|Protect|p2a: Breloom\n|-singleturn|p2a: Breloom|Protect\n|move|p1a: Latios|Draco Meteor|p2a: Breloom\n|-activate|p2a: Breloom|move: Protect\n|\n|-weather|Sandstorm|[upkeep]\n|-damage|p1a: Latios|83\/100|[from] Sandstorm\n|-damage|p2a: Breloom|57\/100|[from] Sandstorm\n|-heal|p2a: Breloom|63\/100|[from] item: Leftovers\n|upkeep\n|turn|26\n|\n|t:|1664142518\n|move|p1a: Latios|Draco Meteor|p2a: Breloom\n|-damage|p2a: Breloom|0 fnt\n|-unboost|p1a: Latios|spa|2\n|faint|p2a: Breloom\n|\n|-weather|Sandstorm|[upkeep]\n|-damage|p1a: Latios|77\/100|[from] Sandstorm\n|upkeep\n|\n|t:|1664142521\n|switch|p2a: Keldeo|Keldeo|71\/100\n|-damage|p2a: Keldeo|65\/100|[from] Stealth Rock\n|turn|27\n|\n|t:|1664142524\n|switch|p1a: Rotom|Rotom-Wash|82\/100 tox\n|move|p2a: Keldeo|Icy Wind|p1a: Rotom\n|-resisted|p1a: Rotom\n|-damage|p1a: Rotom|71\/100 tox\n|-unboost|p1a: Rotom|spe|1\n|\n|-weather|Sandstorm|[upkeep]\n|-damage|p2a: Keldeo|59\/100|[from] Sandstorm\n|-damage|p1a: Rotom|65\/100 tox|[from] Sandstorm\n|-heal|p1a: Rotom|71\/100 tox|[from] item: Leftovers\n|-damage|p1a: Rotom|65\/100 tox|[from] psn\n|upkeep\n|turn|28\n|\n|t:|1664142530\n|switch|p2a: Landorus|Landorus-Therian, M|88\/100\n|-damage|p2a: Landorus|76\/100|[from] Stealth Rock\n|-ability|p2a: Landorus|Intimidate|boost\n|-unboost|p1a: Rotom|atk|1\n|move|p1a: Rotom|Will-O-Wisp|p2a: Landorus\n|-status|p2a: Landorus|brn\n|\n|-weather|Sandstorm|[upkeep]\n|-damage|p1a: Rotom|58\/100 tox|[from] Sandstorm\n|-heal|p1a: Rotom|65\/100 tox|[from] item: Leftovers\n|-damage|p1a: Rotom|52\/100 tox|[from] psn\n|-damage|p2a: Landorus|64\/100 brn|[from] brn\n|upkeep\n|turn|29\n|\n|t:|1664142544\n|switch|p1a: Landorus|Landorus-Therian, M|32\/100 psn\n|-ability|p1a: Landorus|Intimidate|boost\n|-unboost|p2a: Landorus|atk|1\n|move|p2a: Landorus|Psychic|p1a: Landorus\n|-damage|p1a: Landorus|5\/100 psn\n|\n|-weather|Sandstorm|[upkeep]\n|-heal|p1a: Landorus|11\/100 psn|[from] item: Leftovers\n|-damage|p1a: Landorus|0 fnt|[from] psn\n|faint|p1a: Landorus\n|-damage|p2a: Landorus|52\/100 brn|[from] brn\n|upkeep\n|\n|t:|1664142546\n|switch|p1a: Latios|Latios, M|77\/100\n|turn|30\n|\n|t:|1664142553\n|switch|p2a: Keldeo|Keldeo|59\/100\n|-damage|p2a: Keldeo|53\/100|[from] Stealth Rock\n|move|p1a: Latios|Surf|p2a: Keldeo\n|-resisted|p2a: Keldeo\n|-damage|p2a: Keldeo|32\/100\n|\n|-weather|Sandstorm|[upkeep]\n|-damage|p1a: Latios|71\/100|[from] Sandstorm\n|-damage|p2a: Keldeo|26\/100|[from] Sandstorm\n|upkeep\n|turn|31\n|\n|t:|1664142556\n|switch|p1a: Rotom|Rotom-Wash|52\/100 tox\n|move|p2a: Keldeo|Icy Wind|p1a: Rotom\n|-resisted|p1a: Rotom\n|-damage|p1a: Rotom|40\/100 tox\n|-unboost|p1a: Rotom|spe|1\n|\n|-weather|Sandstorm|[upkeep]\n|-damage|p2a: Keldeo|20\/100|[from] Sandstorm\n|-damage|p1a: Rotom|33\/100 tox|[from] Sandstorm\n|-heal|p1a: Rotom|40\/100 tox|[from] item: Leftovers\n|-damage|p1a: Rotom|33\/100 tox|[from] psn\n|upkeep\n|turn|32\n|\n|t:|1664142568\n|switch|p2a: Landorus|Landorus-Therian, M|52\/100 brn\n|-damage|p2a: Landorus|39\/100 brn|[from] Stealth Rock\n|-ability|p2a: Landorus|Intimidate|boost\n|-unboost|p1a: Rotom|atk|1\n|move|p1a: Rotom|Volt Switch|p2a: Landorus\n|-immune|p2a: Landorus\n|\n|-weather|Sandstorm|[upkeep]\n|-damage|p1a: Rotom|27\/100 tox|[from] Sandstorm\n|-heal|p1a: Rotom|33\/100 tox|[from] item: Leftovers\n|-damage|p1a: Rotom|21\/100 tox|[from] psn\n|-damage|p2a: Landorus|27\/100 brn|[from] brn\n|upkeep\n|turn|33\n|\n|t:|1664142578\n|move|p2a: Landorus|Psychic|p1a: Rotom\n|-damage|p1a: Rotom|1\/100 tox\n|move|p1a: Rotom|Volt Switch|p2a: Landorus\n|-immune|p2a: Landorus\n|\n|-weather|Sandstorm|[upkeep]\n|-damage|p1a: Rotom|0 fnt|[from] Sandstorm\n|faint|p1a: Rotom\n|-damage|p2a: Landorus|15\/100 brn|[from] brn\n|upkeep\n|\n|t:|1664142580\n|switch|p1a: Latios|Latios, M|71\/100\n|turn|34\n|\n|t:|1664142584\n|move|p1a: Latios|Surf|p2a: Landorus\n|-supereffective|p2a: Landorus\n|-crit|p2a: Landorus\n|-damage|p2a: Landorus|0 fnt\n|faint|p2a: Landorus\n|\n|-weather|Sandstorm|[upkeep]\n|-damage|p1a: Latios|65\/100|[from] Sandstorm\n|upkeep\n|\n|t:|1664142586\n|switch|p2a: Keldeo|Keldeo|20\/100\n|-damage|p2a: Keldeo|14\/100|[from] Stealth Rock\n|turn|35\n|\n|t:|1664142590\n|move|p1a: Latios|Surf|p2a: Keldeo\n|-resisted|p2a: Keldeo\n|-damage|p2a: Keldeo|0 fnt\n|faint|p2a: Keldeo\n|\n|win|ayevon\n|n|\u2606ayevon|ayevon\n|n|\u2606TrainerPla|trainerpla\n|l|\u2606ayevon\n|c|\u2606TrainerPla|gg\n","uploadtime":1664142600,"views":4,"p1id":"ayevon","p2id":"trainerpla","formatid":"gen5ou","rating":0,"private":0,"password":null}