{"id":"gen5ou-1664364504","p1":"Capital Cruiser","p2":"Duro o Molle?","format":"gen5ou","log":"|j|\u203dCapital Cruiser\n|j|\u2606Duro o Molle?\n|t:|1663186850\n|gametype|singles\n|player|p1|Capital Cruiser|cheren-gen5bw2|1388\n|player|p2|Duro o Molle?|gambler-gen1rb|1468\n|teamsize|p1|6\n|teamsize|p2|6\n|gen|5\n|tier|[Gen 5] OU\n|rated|\n|rule|Species Clause: Limit one of each Pok\u00e9mon\n|rule|OHKO Clause: OHKO moves are banned\n|rule|Moody Clause: Moody is banned\n|rule|Evasion Items Clause: Evasion items are banned\n|rule|Evasion Moves Clause: Evasion moves are banned\n|rule|Endless Battle Clause: Forcing endless battles is banned\n|rule|HP Percentage Mod: HP is shown in percentages\n|rule|Evasion Abilities Clause: Evasion abilities are banned\n|rule|Sleep Clause: Sleep-inducing moves are banned\n|rule|Swagger Clause: Swagger is banned\n|clearpoke\n|poke|p1|Excadrill, M|item\n|poke|p1|Garchomp, F|item\n|poke|p1|Vaporeon, M|item\n|poke|p1|Skarmory, F|item\n|poke|p1|Dusclops, M|item\n|poke|p1|Infernape, M|item\n|poke|p2|Excadrill, F|item\n|poke|p2|Heatran, M|item\n|poke|p2|Skarmory, F|item\n|poke|p2|Jirachi|item\n|poke|p2|Ferrothorn, F|item\n|poke|p2|Scizor, M|item\n|teampreview\n|inactive|Battle timer is ON: inactive players will automatically lose when time's up. (requested by Capital Cruiser)\n|j| tre3qwerty\n|\n|t:|1663186868\n|start\n|switch|p1a: Infernape|Infernape, M, shiny|100\/100\n|switch|p2a: Skarmory|Skarmory, F|100\/100\n|turn|1\n|\n|t:|1663186879\n|switch|p1a: Vaporeon|Vaporeon, M, shiny|100\/100\n|move|p2a: Skarmory|Brave Bird|p1a: Vaporeon\n|-damage|p1a: Vaporeon|55\/100\n|-damage|p2a: Skarmory|82\/100|[from] Recoil\n|\n|-heal|p2a: Skarmory|88\/100|[from] item: Leftovers\n|-heal|p1a: Vaporeon|61\/100|[from] item: Leftovers\n|upkeep\n|turn|2\n|\n|t:|1663186883\n|move|p2a: Skarmory|Spikes|p1a: Vaporeon\n|-sidestart|p1: Capital Cruiser|Spikes\n|move|p1a: Vaporeon|Scald|p2a: Skarmory\n|-damage|p2a: Skarmory|31\/100\n|-status|p2a: Skarmory|brn\n|\n|-heal|p2a: Skarmory|37\/100 brn|[from] item: Leftovers\n|-heal|p1a: Vaporeon|67\/100|[from] item: Leftovers\n|-damage|p2a: Skarmory|25\/100 brn|[from] brn\n|upkeep\n|turn|3\n|\n|t:|1663186890\n|move|p2a: Skarmory|Spikes|p1a: Vaporeon\n|-sidestart|p1: Capital Cruiser|Spikes\n|move|p1a: Vaporeon|Scald|p2a: Skarmory\n|-damage|p2a: Skarmory|0 fnt\n|faint|p2a: Skarmory\n|\n|-heal|p1a: Vaporeon|73\/100|[from] item: Leftovers\n|upkeep\n|\n|t:|1663186900\n|switch|p2a: Ferrothorn|Ferrothorn, F|100\/100\n|turn|4\n|\n|t:|1663186909\n|switch|p1a: Excadrill|Excadrill, M, shiny|100\/100\n|-damage|p1a: Excadrill|84\/100|[from] Spikes\n|-ability|p1a: Excadrill|Mold Breaker\n|move|p2a: Ferrothorn|Stealth Rock|p1a: Excadrill\n|-sidestart|p1: Capital Cruiser|move: Stealth Rock\n|\n|upkeep\n|turn|5\n|\n|t:|1663186918\n|move|p1a: Excadrill|Rapid Spin|p2a: Ferrothorn\n|-resisted|p2a: Ferrothorn\n|-damage|p2a: Ferrothorn|97\/100\n|-damage|p1a: Excadrill|71\/100|[from] ability: Iron Barbs|[of] p2a: Ferrothorn\n|-sideend|p1: Capital Cruiser|Spikes|[from] move: Rapid Spin|[of] p1a: Excadrill\n|-sideend|p1: Capital Cruiser|Stealth Rock|[from] move: Rapid Spin|[of] p1a: Excadrill\n|move|p2a: Ferrothorn|Knock Off|p1a: Excadrill\n|-resisted|p1a: Excadrill\n|-damage|p1a: Excadrill|68\/100\n|-enditem|p1a: Excadrill|Choice Band|[from] move: Knock Off|[of] p2a: Ferrothorn\n|\n|-heal|p2a: Ferrothorn|100\/100|[from] item: Leftovers\n|upkeep\n|turn|6\n|\n|t:|1663186929\n|move|p1a: Excadrill|Earthquake|p2a: Ferrothorn\n|-damage|p2a: Ferrothorn|64\/100\n|move|p2a: Ferrothorn|Stealth Rock|p1a: Excadrill\n|-sidestart|p1: Capital Cruiser|move: Stealth Rock\n|\n|-heal|p2a: Ferrothorn|71\/100|[from] item: Leftovers\n|upkeep\n|turn|7\n|\n|t:|1663186936\n|move|p1a: Excadrill|Earthquake|p2a: Ferrothorn\n|-damage|p2a: Ferrothorn|29\/100\n|move|p2a: Ferrothorn|Power Whip|p1a: Excadrill\n|-damage|p1a: Excadrill|17\/100\n|\n|-heal|p2a: Ferrothorn|35\/100|[from] item: Leftovers\n|upkeep\n|turn|8\n|\n|t:|1663186949\n|switch|p2a: Heatran|Heatran, M|100\/100\n|-item|p2a: Heatran|Air Balloon\n|move|p1a: Excadrill|Earthquake|p2a: Heatran\n|-immune|p2a: Heatran\n|\n|upkeep\n|turn|9\n|\n|t:|1663186958\n|move|p1a: Excadrill|Rapid Spin|p2a: Heatran\n|-resisted|p2a: Heatran\n|-damage|p2a: Heatran|96\/100\n|-enditem|p2a: Heatran|Air Balloon\n|-sideend|p1: Capital Cruiser|Stealth Rock|[from] move: Rapid Spin|[of] p1a: Excadrill\n|move|p2a: Heatran|Earth Power|p1a: Excadrill\n|-supereffective|p1a: Excadrill\n|-damage|p1a: Excadrill|0 fnt\n|faint|p1a: Excadrill\n|\n|upkeep\n|\n|t:|1663186962\n|switch|p1a: Garchomp|Garchomp, F|100\/100\n|turn|10\n|\n|t:|1663186975\n|move|p1a: Garchomp|Earthquake|p2a: Heatran\n|-supereffective|p2a: Heatran\n|-crit|p2a: Heatran\n|-damage|p2a: Heatran|0 fnt\n|faint|p2a: Heatran\n|\n|upkeep\n|\n|t:|1663186987\n|switch|p2a: Ferrothorn|Ferrothorn, F|35\/100\n|turn|11\n|\n|t:|1663186998\n|move|p1a: Garchomp|Earthquake|p2a: Ferrothorn\n|-damage|p2a: Ferrothorn|0 fnt\n|faint|p2a: Ferrothorn\n|\n|upkeep\n|\n|t:|1663187005\n|switch|p2a: Scizor|Scizor, M|100\/100\n|turn|12\n|\n|t:|1663187010\n|move|p1a: Garchomp|Earthquake|p2a: Scizor\n|-damage|p2a: Scizor|38\/100\n|move|p2a: Scizor|Swords Dance|p2a: Scizor\n|-boost|p2a: Scizor|atk|2\n|\n|upkeep\n|turn|13\n|\n|t:|1663187014\n|move|p2a: Scizor|Bullet Punch|p1a: Garchomp\n|-damage|p1a: Garchomp|14\/100\n|-damage|p2a: Scizor|25\/100|[from] ability: Rough Skin|[of] p1a: Garchomp\n|-enditem|p1a: Garchomp|Salac Berry|[eat]\n|-boost|p1a: Garchomp|spe|1|[from] item: Salac Berry\n|-damage|p2a: Scizor|15\/100|[from] item: Life Orb\n|move|p1a: Garchomp|Earthquake|p2a: Scizor\n|-damage|p2a: Scizor|0 fnt\n|faint|p2a: Scizor\n|\n|upkeep\n|\n|t:|1663187028\n|switch|p2a: Excadrill|Excadrill, F|100\/100\n|-ability|p2a: Excadrill|Mold Breaker\n|turn|14\n|\n|t:|1663187031\n|move|p1a: Garchomp|Earthquake|p2a: Excadrill\n|-supereffective|p2a: Excadrill\n|-damage|p2a: Excadrill|0 fnt\n|faint|p2a: Excadrill\n|\n|upkeep\n|\n|t:|1663187033\n|switch|p2a: Jirachi|Jirachi|100\/100\n|turn|15\n|\n|t:|1663187035\n|move|p1a: Garchomp|Earthquake|p2a: Jirachi\n|-supereffective|p2a: Jirachi\n|-damage|p2a: Jirachi|20\/100\n|move|p2a: Jirachi|Hidden Power|p1a: Garchomp\n|-supereffective|p1a: Garchomp\n|-damage|p1a: Garchomp|0 fnt\n|faint|p1a: Garchomp\n|\n|-heal|p2a: Jirachi|26\/100|[from] item: Leftovers\n|upkeep\n|\n|t:|1663187039\n|switch|p1a: Infernape|Infernape, M, shiny|100\/100\n|turn|16\n|\n|t:|1663187042\n|move|p1a: Infernape|Flamethrower|p2a: Jirachi\n|-supereffective|p2a: Jirachi\n|-damage|p2a: Jirachi|0 fnt\n|faint|p2a: Jirachi\n|\n|win|Capital Cruiser\n|raw|Capital Cruiser's rating: 1388 &rarr; <strong>1413<\/strong><br \/>(+25 for winning)\n|raw|Duro o Molle?'s rating: 1468 &rarr; <strong>1443<\/strong><br \/>(-25 for losing)\n|l|\u203dCapital Cruiser\n","uploadtime":1663187063,"views":12,"p1id":"capitalcruiser","p2id":"duroomolle","formatid":"gen5ou","rating":1413,"private":0,"password":null}