{"id":"gen5uu-1567964226","p1":"xskelly34","p2":"the returner 86","format":"gen5uu","log":"|j|\u2606xskelly34\n|j|\u2606the returner 86\n|inactive|Battle timer is ON: inactive players will automatically lose when time's up.\n|t:|1651719509\n|gametype|singles\n|player|p1|xskelly34|bugsy|\n|player|p2|the returner 86|camper|\n|teamsize|p1|6\n|teamsize|p2|6\n|gen|5\n|tier|[Gen 5] UU\n|rated|Tournament battle\n|rule|Species Clause: Limit one of each Pok\u00e9mon\n|rule|OHKO Clause: OHKO moves are banned\n|rule|Moody Clause: Moody is banned\n|rule|Evasion Moves Clause: Evasion moves are banned\n|rule|Endless Battle Clause: Forcing endless battles is banned\n|rule|HP Percentage Mod: HP is shown in percentages\n|rule|Evasion Abilities Clause: Evasion abilities are banned\n|rule|Swagger Clause: Swagger is banned\n|rule|Sleep Clause Mod: Limit one foe put to sleep\n|clearpoke\n|poke|p1|Roserade, F|item\n|poke|p1|Scrafty, M|item\n|poke|p1|Victini|item\n|poke|p1|Raikou|item\n|poke|p1|Slowbro, F|item\n|poke|p1|Gligar, F|item\n|poke|p2|Swampert, F|item\n|poke|p2|Zapdos|item\n|poke|p2|Roserade, M|item\n|poke|p2|Sableye, M|item\n|poke|p2|Snorlax, F|item\n|poke|p2|Cobalion|item\n|teampreview\n|j|*Lady Monita \u273f\n|j| BB-8-NU\n|j|+Fragments\n|c|\u2606the returner 86|hf\n|j| dhftjhfjy\n|c|\u2606xskelly34|hf\n|j| Ayeitsparker\n|j| Jnho\n|\n|t:|1651719531\n|start\n|switch|p1a: Victini|Victini|100\/100\n|switch|p2a: Swampert|Swampert, F|100\/100\n|turn|1\n|j| DrJoeBroni\n|\n|t:|1651719541\n|move|p1a: Victini|U-turn|p2a: Swampert\n|-damage|p2a: Swampert|91\/100\n|j| Ninja\n|\n|t:|1651719546\n|switch|p1a: Roserade|Roserade, F|100\/100|[from]move: U-turn\n|move|p2a: Swampert|Stealth Rock|p1a: Roserade\n|-sidestart|p1: xskelly34|move: Stealth Rock\n|\n|-heal|p2a: Swampert|98\/100|[from] item: Leftovers\n|upkeep\n|turn|2\n|l| Ninja\n|l|+Fragments\n|\n|t:|1651719556\n|switch|p2a: Roserade|Roserade, M|100\/100\n|move|p1a: Roserade|Leaf Storm|p2a: Roserade\n|-resisted|p2a: Roserade\n|-damage|p2a: Roserade|77\/100\n|-unboost|p1a: Roserade|spa|2\n|\n|-heal|p2a: Roserade|83\/100|[from] item: Black Sludge\n|upkeep\n|turn|3\n|\n|t:|1651719570\n|switch|p1a: Scrafty|Scrafty, M|100\/100\n|-damage|p1a: Scrafty|95\/100|[from] Stealth Rock\n|move|p2a: Roserade|Spikes|p1a: Scrafty\n|-sidestart|p1: xskelly34|Spikes\n|\n|-heal|p1a: Scrafty|100\/100|[from] item: Leftovers\n|-heal|p2a: Roserade|89\/100|[from] item: Black Sludge\n|upkeep\n|turn|4\n|j| Psyfox654\n|\n|t:|1651719580\n|switch|p2a: Cobalion|Cobalion|100\/100\n|move|p1a: Scrafty|Dragon Dance|p1a: Scrafty\n|-boost|p1a: Scrafty|atk|1\n|-boost|p1a: Scrafty|spe|1\n|\n|upkeep\n|turn|5\n|inactive|xskelly34 has 120 seconds left.\n|\n|t:|1651719618\n|switch|p1a: Gligar|Gligar, F|100\/100\n|-damage|p1a: Gligar|88\/100|[from] Stealth Rock\n|move|p2a: Cobalion|Close Combat|p1a: Gligar\n|-resisted|p1a: Gligar\n|-damage|p1a: Gligar|76\/100\n|-unboost|p2a: Cobalion|def|1\n|-unboost|p2a: Cobalion|spd|1\n|\n|upkeep\n|turn|6\n|\n|t:|1651719630\n|switch|p2a: Zapdos|Zapdos|100\/100\n|-ability|p2a: Zapdos|Pressure\n|move|p1a: Gligar|Stealth Rock|p2a: Zapdos\n|-sidestart|p2: the returner 86|move: Stealth Rock\n|\n|upkeep\n|turn|7\n|l| Psyfox654\n|\n|t:|1651719642\n|switch|p1a: Raikou|Raikou|100\/100\n|-damage|p1a: Raikou|88\/100|[from] Stealth Rock\n|-damage|p1a: Raikou|76\/100|[from] Spikes\n|-ability|p1a: Raikou|Pressure\n|move|p2a: Zapdos|Hidden Power|p1a: Raikou\n|-damage|p1a: Raikou|49\/100\n|\n|-heal|p1a: Raikou|55\/100|[from] item: Leftovers\n|upkeep\n|turn|8\n|inactive|xskelly34 has 120 seconds left.\n|\n|t:|1651719658\n|switch|p2a: Snorlax|Snorlax, F|100\/100\n|-damage|p2a: Snorlax|88\/100|[from] Stealth Rock\n|move|p1a: Raikou|Thunderbolt|p2a: Snorlax\n|-damage|p2a: Snorlax|62\/100\n|\n|-heal|p1a: Raikou|61\/100|[from] item: Leftovers\n|-heal|p2a: Snorlax|68\/100|[from] item: Leftovers\n|upkeep\n|turn|9\n|inactive|xskelly34 has 120 seconds left.\n|\n|t:|1651719669\n|switch|p1a: Scrafty|Scrafty, M|100\/100\n|-damage|p1a: Scrafty|88\/100|[from] Spikes\n|-damage|p1a: Scrafty|82\/100|[from] Stealth Rock\n|move|p2a: Snorlax|Body Slam|p1a: Scrafty\n|-damage|p1a: Scrafty|37\/100\n|\n|-heal|p1a: Scrafty|43\/100|[from] item: Leftovers\n|-heal|p2a: Snorlax|74\/100|[from] item: Leftovers\n|upkeep\n|turn|10\n|j| Hoennseptile\n|\n|t:|1651719682\n|switch|p2a: Sableye|Sableye, M|100\/100\n|-damage|p2a: Sableye|88\/100|[from] Stealth Rock\n|move|p1a: Scrafty|Drain Punch|p2a: Sableye\n|-immune|p2a: Sableye\n|\n|-heal|p1a: Scrafty|48\/100|[from] item: Leftovers\n|-heal|p2a: Sableye|94\/100|[from] item: Leftovers\n|upkeep\n|turn|11\n|\n|t:|1651719687\n|move|p2a: Sableye|Will-O-Wisp|p1a: Scrafty|[miss]\n|-miss|p2a: Sableye|p1a: Scrafty\n|move|p1a: Scrafty|Dragon Dance|p1a: Scrafty\n|-boost|p1a: Scrafty|atk|1\n|-boost|p1a: Scrafty|spe|1\n|\n|-heal|p1a: Scrafty|54\/100|[from] item: Leftovers\n|-heal|p2a: Sableye|100\/100|[from] item: Leftovers\n|upkeep\n|turn|12\n|\n|t:|1651719690\n|move|p2a: Sableye|Will-O-Wisp|p1a: Scrafty\n|-status|p1a: Scrafty|brn\n|move|p1a: Scrafty|Dragon Dance|p1a: Scrafty\n|-boost|p1a: Scrafty|atk|1\n|-boost|p1a: Scrafty|spe|1\n|\n|-heal|p1a: Scrafty|60\/100 brn|[from] item: Leftovers\n|-damage|p1a: Scrafty|48\/100 brn|[from] brn\n|upkeep\n|turn|13\n|j|^oaklies\n|\n|t:|1651719695\n|move|p2a: Sableye|Taunt|p1a: Scrafty\n|-start|p1a: Scrafty|move: Taunt\n|move|p1a: Scrafty|Crunch|p2a: Sableye\n|-damage|p2a: Sableye|64\/100\n|\n|-activate|p1a: Scrafty|ability: Shed Skin\n|-curestatus|p1a: Scrafty|brn|[msg]\n|-heal|p1a: Scrafty|54\/100|[from] item: Leftovers\n|-heal|p2a: Sableye|70\/100|[from] item: Leftovers\n|upkeep\n|turn|14\n|j| Breachingtrout\n|\n|t:|1651719697\n|move|p2a: Sableye|Will-O-Wisp|p1a: Scrafty|[miss]\n|-miss|p2a: Sableye|p1a: Scrafty\n|move|p1a: Scrafty|Crunch|p2a: Sableye\n|-damage|p2a: Sableye|0 fnt\n|faint|p2a: Sableye\n|\n|-heal|p1a: Scrafty|60\/100|[from] item: Leftovers\n|upkeep\n|c|\u2606the returner 86|this is the worst sable oat i swear lol\n|\n|t:|1651719709\n|switch|p2a: Cobalion|Cobalion|100\/100\n|-damage|p2a: Cobalion|97\/100|[from] Stealth Rock\n|turn|15\n|\n|t:|1651719718\n|move|p1a: Scrafty|Drain Punch|p2a: Cobalion\n|-supereffective|p2a: Cobalion\n|-enditem|p2a: Cobalion|Chople Berry|[eat]\n|-enditem|p2a: Cobalion|Chople Berry|[weaken]\n|-damage|p2a: Cobalion|49\/100\n|-heal|p1a: Scrafty|89\/100|[from] drain|[of] p2a: Cobalion\n|move|p2a: Cobalion|Close Combat|p1a: Scrafty\n|-supereffective|p1a: Scrafty\n|-damage|p1a: Scrafty|0 fnt\n|-unboost|p2a: Cobalion|def|1\n|-unboost|p2a: Cobalion|spd|1\n|faint|p1a: Scrafty\n|\n|upkeep\n|\n|t:|1651719726\n|switch|p1a: Slowbro|Slowbro, F|100\/100\n|-damage|p1a: Slowbro|88\/100|[from] Stealth Rock\n|-damage|p1a: Slowbro|76\/100|[from] Spikes\n|turn|16\n|\n|t:|1651719730\n|switch|p2a: Zapdos|Zapdos|100\/100\n|-damage|p2a: Zapdos|76\/100|[from] Stealth Rock\n|-ability|p2a: Zapdos|Pressure\n|move|p1a: Slowbro|Psyshock|p2a: Zapdos\n|-damage|p2a: Zapdos|8\/100\n|\n|-heal|p2a: Zapdos|14\/100|[from] item: Leftovers\n|upkeep\n|turn|17\n|\n|t:|1651719736\n|switch|p1a: Raikou|Raikou|61\/100\n|-damage|p1a: Raikou|49\/100|[from] Spikes\n|-damage|p1a: Raikou|36\/100|[from] Stealth Rock\n|-ability|p1a: Raikou|Pressure\n|move|p2a: Zapdos|Thunderbolt|p1a: Raikou\n|-resisted|p1a: Raikou\n|-damage|p1a: Raikou|13\/100\n|\n|-heal|p1a: Raikou|19\/100|[from] item: Leftovers\n|-heal|p2a: Zapdos|20\/100|[from] item: Leftovers\n|upkeep\n|turn|18\n|j|+Fragments\n|\n|t:|1651719750\n|move|p1a: Raikou|Thunderbolt|p2a: Zapdos\n|-damage|p2a: Zapdos|0 fnt\n|faint|p2a: Zapdos\n|\n|-heal|p1a: Raikou|25\/100|[from] item: Leftovers\n|upkeep\n|\n|t:|1651719752\n|switch|p2a: Snorlax|Snorlax, F|74\/100\n|-damage|p2a: Snorlax|62\/100|[from] Stealth Rock\n|turn|19\n|\n|t:|1651719758\n|switch|p1a: Slowbro|Slowbro, F|100\/100\n|-damage|p1a: Slowbro|88\/100|[from] Spikes\n|-damage|p1a: Slowbro|76\/100|[from] Stealth Rock\n|move|p2a: Snorlax|Body Slam|p1a: Slowbro\n|-damage|p1a: Slowbro|44\/100\n|\n|-heal|p2a: Snorlax|68\/100|[from] item: Leftovers\n|upkeep\n|turn|20\n|\n|t:|1651719765\n|move|p2a: Snorlax|Protect|p2a: Snorlax\n|-singleturn|p2a: Snorlax|Protect\n|move|p1a: Slowbro|Psyshock|p2a: Snorlax\n|-activate|p2a: Snorlax|move: Protect\n|\n|-heal|p2a: Snorlax|74\/100|[from] item: Leftovers\n|upkeep\n|turn|21\n|\n|t:|1651719769\n|move|p2a: Snorlax|Crunch|p1a: Slowbro\n|-supereffective|p1a: Slowbro\n|-damage|p1a: Slowbro|3\/100\n|move|p1a: Slowbro|Psyshock|p2a: Snorlax\n|-damage|p2a: Snorlax|23\/100\n|\n|-heal|p2a: Snorlax|30\/100|[from] item: Leftovers\n|upkeep\n|turn|22\n|j|+Mr. Aldo\n|j| Terror Fang\u30c4\n|\n|t:|1651719783\n|switch|p1a: Gligar|Gligar, F|76\/100\n|-damage|p1a: Gligar|63\/100|[from] Stealth Rock\n|move|p2a: Snorlax|Body Slam|p1a: Gligar\n|-damage|p1a: Gligar|45\/100\n|\n|-heal|p2a: Snorlax|36\/100|[from] item: Leftovers\n|upkeep\n|turn|23\n|\n|t:|1651719791\n|move|p1a: Gligar|Earthquake|p2a: Snorlax\n|-damage|p2a: Snorlax|15\/100\n|move|p2a: Snorlax|Body Slam|p1a: Gligar\n|-crit|p1a: Gligar\n|-damage|p1a: Gligar|7\/100\n|\n|-heal|p2a: Snorlax|21\/100|[from] item: Leftovers\n|upkeep\n|turn|24\n|\n|t:|1651719801\n|move|p1a: Gligar|Roost|p1a: Gligar\n|-heal|p1a: Gligar|57\/100\n|-singleturn|p1a: Gligar|move: Roost\n|move|p2a: Snorlax|Body Slam|p1a: Gligar\n|-damage|p1a: Gligar|39\/100\n|\n|-heal|p2a: Snorlax|27\/100|[from] item: Leftovers\n|upkeep\n|turn|25\n|\n|t:|1651719806\n|switch|p2a: Swampert|Swampert, F|98\/100\n|-damage|p2a: Swampert|91\/100|[from] Stealth Rock\n|move|p1a: Gligar|Earthquake|p2a: Swampert\n|-damage|p2a: Swampert|75\/100\n|\n|-heal|p2a: Swampert|81\/100|[from] item: Leftovers\n|upkeep\n|turn|26\n|\n|t:|1651719814\n|move|p1a: Gligar|U-turn|p2a: Swampert\n|-damage|p2a: Swampert|72\/100\n|\n|t:|1651719816\n|switch|p1a: Raikou|Raikou|25\/100|[from]move: U-turn\n|-damage|p1a: Raikou|13\/100|[from] Spikes\n|-damage|p1a: Raikou|0 fnt|[from] Stealth Rock\n|faint|p1a: Raikou\n|move|p2a: Swampert|Earthquake|p1: Raikou|[notarget]\n|-fail|p2a: Swampert\n|\n|-heal|p2a: Swampert|78\/100|[from] item: Leftovers\n|upkeep\n|\n|t:|1651719818\n|switch|p1a: Roserade|Roserade, F|100\/100\n|-damage|p1a: Roserade|88\/100|[from] Stealth Rock\n|-damage|p1a: Roserade|76\/100|[from] Spikes\n|turn|27\n|\n|t:|1651719827\n|switch|p2a: Snorlax|Snorlax, F|27\/100\n|-damage|p2a: Snorlax|15\/100|[from] Stealth Rock\n|move|p1a: Roserade|Leaf Storm|p2a: Snorlax|[miss]\n|-miss|p1a: Roserade|p2a: Snorlax\n|\n|-heal|p2a: Snorlax|21\/100|[from] item: Leftovers\n|upkeep\n|turn|28\n|\n|t:|1651719831\n|move|p2a: Snorlax|Protect|p2a: Snorlax\n|-singleturn|p2a: Snorlax|Protect\n|move|p1a: Roserade|Leaf Storm|p2a: Snorlax\n|-activate|p2a: Snorlax|move: Protect\n|\n|-heal|p2a: Snorlax|27\/100|[from] item: Leftovers\n|upkeep\n|turn|29\n|\n|t:|1651719835\n|switch|p2a: Roserade|Roserade, M|89\/100\n|-damage|p2a: Roserade|77\/100|[from] Stealth Rock\n|move|p1a: Roserade|Leaf Storm|p2a: Roserade\n|-resisted|p2a: Roserade\n|-damage|p2a: Roserade|52\/100\n|-unboost|p1a: Roserade|spa|2\n|\n|-heal|p2a: Roserade|59\/100|[from] item: Black Sludge\n|upkeep\n|turn|30\n|\n|t:|1651719841\n|switch|p1a: Gligar|Gligar, F|39\/100\n|-damage|p1a: Gligar|27\/100|[from] Stealth Rock\n|move|p2a: Roserade|Sludge Bomb|p1a: Gligar\n|-resisted|p1a: Gligar\n|-damage|p1a: Gligar|6\/100\n|\n|-heal|p2a: Roserade|65\/100|[from] item: Black Sludge\n|upkeep\n|turn|31\n|\n|t:|1651719847\n|move|p2a: Roserade|Sludge Bomb|p1a: Gligar\n|-resisted|p1a: Gligar\n|-damage|p1a: Gligar|0 fnt\n|faint|p1a: Gligar\n|\n|-heal|p2a: Roserade|71\/100|[from] item: Black Sludge\n|upkeep\n|\n|t:|1651719848\n|switch|p1a: Victini|Victini|100\/100\n|-damage|p1a: Victini|76\/100|[from] Stealth Rock\n|-damage|p1a: Victini|63\/100|[from] Spikes\n|turn|32\n|j| Metlica\n|\n|t:|1651719854\n|switch|p2a: Snorlax|Snorlax, F|27\/100\n|-damage|p2a: Snorlax|15\/100|[from] Stealth Rock\n|move|p1a: Victini|Psychic|p2a: Snorlax\n|-damage|p2a: Snorlax|0 fnt\n|faint|p2a: Snorlax\n|\n|upkeep\n|\n|t:|1651719860\n|switch|p2a: Cobalion|Cobalion|49\/100\n|-damage|p2a: Cobalion|46\/100|[from] Stealth Rock\n|turn|33\n|\n|t:|1651719868\n|move|p2a: Cobalion|Stone Edge|p1a: Victini\n|-supereffective|p1a: Victini\n|-damage|p1a: Victini|12\/100\n|move|p1a: Victini|Psychic|p2a: Cobalion\n|-damage|p2a: Cobalion|0 fnt\n|faint|p2a: Cobalion\n|\n|upkeep\n|c|\u2606the returner 86|that shit chewed\n|c|\u2606the returner 86|gg\n|c|\u2606xskelly34|didnt expect\n|\n|t:|1651719880\n|switch|p2a: Swampert|Swampert, F|78\/100\n|-damage|p2a: Swampert|72\/100|[from] Stealth Rock\n|turn|34\n|c|\u2606the returner 86|if that sable wasnt a bum\n|c|\u2606the returner 86|all g\n|c|\u2606xskelly34|fully expected you to miss\n|c|\u2606the returner 86|word\n|j| delemon\n|c|\u2606the returner 86|nah only the sable misses\n|c|\u2606xskelly34|true true\n|inactive|the returner 86 has 120 seconds left.\n|c|\u2606the returner 86|he went 1\/5 in semis\n|\n|t:|1651719915\n|move|p1a: Victini|Psychic|p2a: Swampert\n|-damage|p2a: Swampert|22\/100\n|move|p2a: Swampert|Earthquake|p1a: Victini\n|-supereffective|p1a: Victini\n|-damage|p1a: Victini|0 fnt\n|faint|p1a: Victini\n|\n|-heal|p2a: Swampert|28\/100|[from] item: Leftovers\n|upkeep\n|c|\u2606xskelly34|bench him\n|j| Surdish\n|c| Hoennseptile|he's good but his sable is cursed\n|c| Hoennseptile|lol\n|c|\u2606xskelly34|at least it still comes down to speed ties\n|c|\u2606the returner 86|ye he is being demoted to a spiritomb\n|inactive|xskelly34 has 120 seconds left.\n|j| shadowwind815\n|l| delemon\n|\n|t:|1651719961\n|switch|p1a: Roserade|Roserade, F|76\/100\n|-damage|p1a: Roserade|64\/100|[from] Stealth Rock\n|-damage|p1a: Roserade|51\/100|[from] Spikes\n|turn|35\n|inactive|xskelly34 has 90 seconds left.\n|j| tommy ege\n|\n|t:|1651719980\n|move|p1a: Roserade|Extrasensory|p2a: Swampert\n|-damage|p2a: Swampert|0 fnt\n|faint|p2a: Swampert\n|\n|upkeep\n|c|\u2606the returner 86|u genius\n|\n|t:|1651719987\n|switch|p2a: Roserade|Roserade, M|71\/100\n|-damage|p2a: Roserade|59\/100|[from] Stealth Rock\n|turn|36\n|\n|t:|1651719990\n|move|p1a: Roserade|Extrasensory|p2a: Roserade\n|-supereffective|p2a: Roserade\n|-damage|p2a: Roserade|0 fnt\n|faint|p2a: Roserade\n|\n|win|xskelly34\n|n|\u2606xskelly34|xskelly34\n|n|\u2606the returner 86|thereturner86\n|n|*Lady Monita \u273f|ladymonita\n|n| BB-8-NU|bb8nu\n|n| dhftjhfjy|dhftjhfjy\n|n| Ayeitsparker|ayeitsparker\n|n| Jnho|jnho\n|n| DrJoeBroni|drjoebroni\n|n| Hoennseptile|hoennseptile\n|n| oaklies|oaklies\n|n| Breachingtrout|breachingtrout\n|n|+Fragments|fragments\n|n|+Mr. Aldo|mraldo\n|n| Terror Fang\u30c4|terrorfang\n|n| Metlica|metlica\n|n| Surdish|surdish\n|n| shadowwind815|shadowwind815\n|n| tommy ege|tommyege\n","uploadtime":1651719991,"views":13,"p1id":"xskelly34","p2id":"thereturner86","formatid":"gen5uu","rating":0,"private":0,"password":null}