{"id":"gen5ubers-1693126853","p1":"Capital Cruiser","p2":"Limit Ubers","format":"gen5ubers","log":"|j|\u203dCapital Cruiser\n|j|\u2606Limit Ubers\n|t:|1666566037\n|gametype|singles\n|player|p1|Capital Cruiser|cheren-gen5bw2|1171\n|player|p2|Limit Ubers|1|1072\n|teamsize|p1|6\n|teamsize|p2|6\n|gen|5\n|tier|[Gen 5] Ubers\n|rated|\n|rule|Species Clause: Limit one of each Pok\u00e9mon\n|rule|OHKO Clause: OHKO moves are banned\n|rule|Moody Clause: Moody is banned\n|rule|Evasion Items Clause: Evasion items are banned\n|rule|Evasion Moves Clause: Evasion moves are banned\n|rule|Endless Battle Clause: Forcing endless battles is banned\n|rule|HP Percentage Mod: HP is shown in percentages\n|rule|Sleep Clause Mod: Limit one foe put to sleep\n|clearpoke\n|poke|p1|Deoxys-Attack|item\n|poke|p1|Arceus-*|item\n|poke|p1|Dialga|item\n|poke|p1|Lugia|item\n|poke|p1|Metagross|item\n|poke|p1|Kyogre|item\n|poke|p2|Darkrai|item\n|poke|p2|Mewtwo|item\n|poke|p2|Kyogre|item\n|poke|p2|Arceus-*|item\n|poke|p2|Genesect|item\n|poke|p2|Dialga|item\n|teampreview\n|inactive|Battle timer is ON: inactive players will automatically lose when time's up. (requested by Capital Cruiser)\n|\n|t:|1666566058\n|start\n|switch|p1a: Metagross|Metagross, shiny|100\/100\n|switch|p2a: Genesect|Genesect, shiny|100\/100\n|-ability|p2a: Genesect|Download|boost\n|-boost|p2a: Genesect|atk|1\n|turn|1\n|\n|t:|1666566063\n|move|p2a: Genesect|U-turn|p1a: Metagross\n|-damage|p1a: Metagross|64\/100\n|\n|t:|1666566064\n|switch|p2a: Dialga|Dialga|100\/100|[from]move: U-turn\n|-ability|p2a: Dialga|Pressure\n|move|p1a: Metagross|Stealth Rock|p2a: Dialga\n|-sidestart|p2: Limit Ubers|move: Stealth Rock\n|\n|-heal|p1a: Metagross|70\/100|[from] item: Leftovers\n|upkeep\n|turn|2\n|\n|t:|1666566067\n|move|p2a: Dialga|Stealth Rock|p1a: Metagross\n|-sidestart|p1: Capital Cruiser|move: Stealth Rock\n|move|p1a: Metagross|Earthquake|p2a: Dialga\n|-supereffective|p2a: Dialga\n|-damage|p2a: Dialga|48\/100\n|\n|-heal|p2a: Dialga|54\/100|[from] item: Leftovers\n|-heal|p1a: Metagross|76\/100|[from] item: Leftovers\n|upkeep\n|turn|3\n|\n|t:|1666566075\n|switch|p2a: Arceus|Arceus-Dark|100\/100\n|-damage|p2a: Arceus|88\/100|[from] Stealth Rock\n|move|p1a: Metagross|Earthquake|p2a: Arceus\n|-damage|p2a: Arceus|67\/100\n|\n|-heal|p1a: Metagross|82\/100|[from] item: Leftovers\n|upkeep\n|turn|4\n|\n|t:|1666566080\n|move|p2a: Arceus|Recover|p2a: Arceus\n|-heal|p2a: Arceus|100\/100\n|move|p1a: Metagross|Toxic|p2a: Arceus\n|-status|p2a: Arceus|tox\n|\n|-heal|p1a: Metagross|88\/100|[from] item: Leftovers\n|-damage|p2a: Arceus|94\/100 tox|[from] psn\n|upkeep\n|turn|5\n|\n|t:|1666566083\n|move|p2a: Arceus|Refresh|p2a: Arceus\n|-curestatus|p2a: Arceus|tox|[msg]\n|move|p1a: Metagross|Earthquake|p2a: Arceus\n|-damage|p2a: Arceus|73\/100\n|\n|-heal|p1a: Metagross|94\/100|[from] item: Leftovers\n|upkeep\n|turn|6\n|\n|t:|1666566086\n|move|p2a: Arceus|Judgment|p1a: Metagross\n|-damage|p1a: Metagross|58\/100\n|move|p1a: Metagross|Toxic|p2a: Arceus|[miss]\n|-miss|p1a: Metagross|p2a: Arceus\n|\n|-heal|p1a: Metagross|64\/100|[from] item: Leftovers\n|upkeep\n|turn|7\n|\n|t:|1666566092\n|move|p2a: Arceus|Judgment|p1a: Metagross\n|-damage|p1a: Metagross|28\/100\n|move|p1a: Metagross|Toxic|p2a: Arceus|[miss]\n|-miss|p1a: Metagross|p2a: Arceus\n|\n|-heal|p1a: Metagross|34\/100|[from] item: Leftovers\n|upkeep\n|turn|8\n|\n|t:|1666566099\n|move|p2a: Arceus|Judgment|p1a: Metagross\n|-damage|p1a: Metagross|0 fnt\n|faint|p1a: Metagross\n|\n|upkeep\n|\n|t:|1666566105\n|switch|p1a: Deoxys|Deoxys-Attack, shiny|100\/100\n|-damage|p1a: Deoxys|88\/100|[from] Stealth Rock\n|-ability|p1a: Deoxys|Pressure\n|turn|9\n|\n|t:|1666566110\n|move|p1a: Deoxys|Superpower|p2a: Arceus\n|-supereffective|p2a: Arceus\n|-crit|p2a: Arceus\n|-damage|p2a: Arceus|0 fnt\n|-unboost|p1a: Deoxys|atk|1\n|-unboost|p1a: Deoxys|def|1\n|faint|p2a: Arceus\n|-damage|p1a: Deoxys|78\/100|[from] item: Life Orb\n|\n|upkeep\n|\n|t:|1666566118\n|switch|p2a: Genesect|Genesect, shiny|100\/100\n|-damage|p2a: Genesect|88\/100|[from] Stealth Rock\n|-ability|p2a: Genesect|Download|boost\n|-boost|p2a: Genesect|atk|1\n|turn|10\n|\n|t:|1666566125\n|switch|p1a: Lugia|Lugia|100\/100\n|-damage|p1a: Lugia|76\/100|[from] Stealth Rock\n|move|p2a: Genesect|U-turn|p1a: Lugia\n|-damage|p1a: Lugia|52\/100\n|\n|t:|1666566132\n|switch|p2a: Darkrai|Darkrai|100\/100|[from]move: U-turn\n|-damage|p2a: Darkrai|88\/100|[from] Stealth Rock\n|\n|-heal|p2a: Darkrai|94\/100|[from] item: Leftovers\n|upkeep\n|turn|11\n|\n|t:|1666566137\n|move|p2a: Darkrai|Dark Void|p1a: Lugia\n|-status|p1a: Lugia|slp|[from] move: Dark Void\n|cant|p1a: Lugia|slp\n|\n|-heal|p2a: Darkrai|99\/100|[from] item: Leftovers\n|-damage|p1a: Lugia|40\/100 slp|[from] ability: Bad Dreams|[of] p2a: Darkrai\n|upkeep\n|turn|12\n|\n|t:|1666566142\n|switch|p1a: Kyogre|Kyogre, shiny|100\/100\n|-damage|p1a: Kyogre|88\/100|[from] Stealth Rock\n|-weather|RainDance|[from] ability: Drizzle|[of] p1a: Kyogre\n|move|p2a: Darkrai|Substitute|p2a: Darkrai\n|-start|p2a: Darkrai|Substitute\n|-damage|p2a: Darkrai|75\/100\n|\n|-weather|RainDance|[upkeep]\n|-heal|p2a: Darkrai|81\/100|[from] item: Leftovers\n|upkeep\n|turn|13\n|\n|t:|1666566145\n|move|p1a: Kyogre|Surf|p2a: Darkrai\n|-end|p2a: Darkrai|Substitute\n|move|p2a: Darkrai|Dark Pulse|p1a: Kyogre\n|-damage|p1a: Kyogre|57\/100\n|\n|-weather|RainDance|[upkeep]\n|-heal|p2a: Darkrai|87\/100|[from] item: Leftovers\n|upkeep\n|turn|14\n|\n|t:|1666566152\n|switch|p2a: Kyogre|Kyogre|100\/100\n|-damage|p2a: Kyogre|88\/100|[from] Stealth Rock\n|move|p1a: Kyogre|Surf|p2a: Kyogre\n|-resisted|p2a: Kyogre\n|-damage|p2a: Kyogre|57\/100\n|\n|-weather|RainDance|[upkeep]\n|upkeep\n|turn|15\n|\n|t:|1666566158\n|switch|p1a: Dialga|Dialga, shiny|100\/100\n|-damage|p1a: Dialga|94\/100|[from] Stealth Rock\n|-ability|p1a: Dialga|Pressure\n|move|p2a: Kyogre|Thunder|p1a: Dialga\n|-resisted|p1a: Dialga\n|-damage|p1a: Dialga|77\/100\n|-status|p1a: Dialga|par\n|\n|-weather|RainDance|[upkeep]\n|upkeep\n|turn|16\n|\n|t:|1666566168\n|switch|p2a: Dialga|Dialga|54\/100\n|-damage|p2a: Dialga|48\/100|[from] Stealth Rock\n|-ability|p2a: Dialga|Pressure\n|move|p1a: Dialga|Thunder|p2a: Dialga\n|-resisted|p2a: Dialga\n|-damage|p2a: Dialga|27\/100\n|\n|-weather|RainDance|[upkeep]\n|-heal|p2a: Dialga|33\/100|[from] item: Leftovers\n|upkeep\n|turn|17\n|\n|t:|1666566173\n|move|p2a: Dialga|Draco Meteor|p1a: Dialga|[miss]\n|-miss|p2a: Dialga|p1a: Dialga\n|cant|p1a: Dialga|par\n|\n|-weather|RainDance|[upkeep]\n|-heal|p2a: Dialga|40\/100|[from] item: Leftovers\n|upkeep\n|turn|18\n|\n|t:|1666566178\n|move|p2a: Dialga|Draco Meteor|p1a: Dialga\n|-damage|p1a: Dialga|11\/100 par\n|-unboost|p2a: Dialga|spa|2\n|move|p1a: Dialga|Dragon Pulse|p2a: Dialga\n|-damage|p2a: Dialga|0 fnt\n|faint|p2a: Dialga\n|\n|-weather|RainDance|[upkeep]\n|upkeep\n|\n|t:|1666566187\n|switch|p2a: Mewtwo|Mewtwo|100\/100\n|-damage|p2a: Mewtwo|88\/100|[from] Stealth Rock\n|-ability|p2a: Mewtwo|Pressure\n|turn|19\n|\n|t:|1666566194\n|move|p2a: Mewtwo|Aura Sphere|p1a: Dialga\n|-supereffective|p1a: Dialga\n|-damage|p1a: Dialga|0 fnt\n|faint|p1a: Dialga\n|\n|-weather|RainDance|[upkeep]\n|upkeep\n|\n|t:|1666566199\n|switch|p1a: Kyogre|Kyogre, shiny|57\/100\n|-damage|p1a: Kyogre|45\/100|[from] Stealth Rock\n|turn|20\n|\n|t:|1666566204\n|move|p2a: Mewtwo|Aura Sphere|p1a: Kyogre\n|-damage|p1a: Kyogre|18\/100\n|move|p1a: Kyogre|Surf|p2a: Mewtwo\n|-damage|p2a: Mewtwo|2\/100\n|\n|-weather|RainDance|[upkeep]\n|upkeep\n|turn|21\n|\n|t:|1666566223\n|move|p2a: Mewtwo|Aura Sphere|p1a: Kyogre\n|-damage|p1a: Kyogre|0 fnt\n|faint|p1a: Kyogre\n|\n|-weather|RainDance|[upkeep]\n|upkeep\n|\n|t:|1666566228\n|switch|p1a: Deoxys|Deoxys-Attack, shiny|78\/100\n|-damage|p1a: Deoxys|66\/100|[from] Stealth Rock\n|-ability|p1a: Deoxys|Pressure\n|turn|22\n|\n|t:|1666566234\n|move|p2a: Mewtwo|Aura Sphere|p1a: Deoxys\n|-resisted|p1a: Deoxys\n|-damage|p1a: Deoxys|0 fnt\n|faint|p1a: Deoxys\n|\n|-weather|RainDance|[upkeep]\n|upkeep\n|\n|t:|1666566237\n|switch|p1a: Arceus|Arceus|100\/100\n|-damage|p1a: Arceus|88\/100|[from] Stealth Rock\n|turn|23\n|\n|t:|1666566240\n|move|p1a: Arceus|Extreme Speed|p2a: Mewtwo\n|-damage|p2a: Mewtwo|0 fnt\n|faint|p2a: Mewtwo\n|\n|-weather|RainDance|[upkeep]\n|upkeep\n|\n|t:|1666566246\n|switch|p2a: Kyogre|Kyogre|57\/100\n|-damage|p2a: Kyogre|45\/100|[from] Stealth Rock\n|turn|24\n|\n|t:|1666566250\n|move|p1a: Arceus|Extreme Speed|p2a: Kyogre\n|-damage|p2a: Kyogre|3\/100\n|move|p2a: Kyogre|Hydro Pump|p1a: Arceus\n|-damage|p1a: Arceus|8\/100\n|\n|-weather|RainDance|[upkeep]\n|upkeep\n|turn|25\n|\n|t:|1666566255\n|move|p1a: Arceus|Extreme Speed|p2a: Kyogre\n|-damage|p2a: Kyogre|0 fnt\n|faint|p2a: Kyogre\n|\n|-weather|RainDance|[upkeep]\n|upkeep\n|\n|t:|1666566258\n|switch|p2a: Genesect|Genesect, shiny|88\/100\n|-damage|p2a: Genesect|76\/100|[from] Stealth Rock\n|-ability|p2a: Genesect|Download|boost\n|-boost|p2a: Genesect|atk|1\n|turn|26\n|-message|Capital Cruiser forfeited.\n|\n|win|Limit Ubers\n|raw|Capital Cruiser's rating: 1171 &rarr; <strong>1139<\/strong><br \/>(-32 for losing)\n|raw|Limit Ubers's rating: 1072 &rarr; <strong>1109<\/strong><br \/>(+37 for winning)\n|l|\u203dCapital Cruiser\n","uploadtime":1666566265,"views":12,"p1id":"capitalcruiser","p2id":"limitubers","formatid":"gen5ubers","rating":1109,"private":0,"password":null}