{"id":"gen5ou-1706964089","p1":"guay trainer","p2":"MoomanXX","format":"gen5ou","log":"|j|\u2606guay trainer\n|j|\u2606MoomanXX\n|t:|1668036900\n|gametype|singles\n|player|p1|guay trainer|acetrainerf-gen4|1169\n|player|p2|MoomanXX|fisherman-gen4|1257\n|teamsize|p1|6\n|teamsize|p2|6\n|gen|5\n|tier|[Gen 5] OU\n|rated|\n|rule|Species Clause: Limit one of each Pok\u00e9mon\n|rule|OHKO Clause: OHKO moves are banned\n|rule|Moody Clause: Moody is banned\n|rule|Evasion Items Clause: Evasion items are banned\n|rule|Evasion Moves Clause: Evasion moves are banned\n|rule|Endless Battle Clause: Forcing endless battles is banned\n|rule|HP Percentage Mod: HP is shown in percentages\n|rule|Evasion Abilities Clause: Evasion abilities are banned\n|rule|Sleep Clause: Sleep-inducing moves are banned\n|rule|Swagger Clause: Swagger is banned\n|clearpoke\n|poke|p1|Forretress, F|item\n|poke|p1|Mamoswine, M|item\n|poke|p1|Scizor, M|item\n|poke|p1|Jolteon, M|item\n|poke|p1|Blastoise, F|item\n|poke|p1|Tentacruel, F|item\n|poke|p2|Politoed, F|item\n|poke|p2|Ferrothorn, M|item\n|poke|p2|Toxicroak, M|item\n|poke|p2|Latios, M|item\n|poke|p2|Dragonite, M|item\n|poke|p2|Starmie|item\n|teampreview\n|inactive|Battle timer is ON: inactive players will automatically lose when time's up. (requested by MoomanXX)\n|\n|t:|1668036907\n|start\n|switch|p1a: Boss|Blastoise, F, shiny|100\/100\n|switch|p2a: The Guy|Latios, M|100\/100\n|turn|1\n|\n|t:|1668036914\n|move|p2a: The Guy|Trick|p1a: Boss\n|-activate|p2a: The Guy|move: Trick|[of] p1a: Boss\n|-item|p1a: Boss|Choice Specs|[from] move: Trick\n|-item|p2a: The Guy|Leftovers|[from] move: Trick\n|move|p1a: Boss|Ice Beam|p2a: The Guy\n|-supereffective|p2a: The Guy\n|-damage|p2a: The Guy|40\/100\n|\n|-heal|p2a: The Guy|46\/100|[from] item: Leftovers\n|upkeep\n|turn|2\n|\n|t:|1668036922\n|switch|p2a: Froge|Politoed, F|100\/100\n|-weather|RainDance|[from] ability: Drizzle|[of] p2a: Froge\n|move|p1a: Boss|Ice Beam|p2a: Froge\n|-resisted|p2a: Froge\n|-damage|p2a: Froge|89\/100\n|\n|-weather|RainDance|[upkeep]\n|-heal|p2a: Froge|95\/100|[from] item: Leftovers\n|upkeep\n|turn|3\n|\n|t:|1668036938\n|switch|p1a: Tentacruel|Tentacruel, F|100\/100\n|move|p2a: Froge|Scald|p1a: Tentacruel\n|-resisted|p1a: Tentacruel\n|-damage|p1a: Tentacruel|85\/100\n|\n|-weather|RainDance|[upkeep]\n|-heal|p1a: Tentacruel|91\/100|[from] item: Black Sludge\n|-heal|p2a: Froge|100\/100|[from] item: Leftovers\n|upkeep\n|turn|4\n|\n|t:|1668036949\n|move|p1a: Tentacruel|Scald|p2a: Froge\n|-resisted|p2a: Froge\n|-damage|p2a: Froge|85\/100\n|move|p2a: Froge|Scald|p1a: Tentacruel\n|-resisted|p1a: Tentacruel\n|-damage|p1a: Tentacruel|74\/100\n|\n|-weather|RainDance|[upkeep]\n|-heal|p1a: Tentacruel|81\/100|[from] item: Black Sludge\n|-heal|p2a: Froge|91\/100|[from] item: Leftovers\n|upkeep\n|turn|5\n|\n|t:|1668036959\n|move|p1a: Tentacruel|Scald|p2a: Froge\n|-resisted|p2a: Froge\n|-damage|p2a: Froge|77\/100\n|move|p2a: Froge|Scald|p1a: Tentacruel\n|-resisted|p1a: Tentacruel\n|-damage|p1a: Tentacruel|65\/100\n|\n|-weather|RainDance|[upkeep]\n|-heal|p1a: Tentacruel|71\/100|[from] item: Black Sludge\n|-heal|p2a: Froge|83\/100|[from] item: Leftovers\n|upkeep\n|turn|6\n|j| kppsub3\n|\n|t:|1668036973\n|move|p1a: Tentacruel|Scald|p2a: Froge\n|-resisted|p2a: Froge\n|-damage|p2a: Froge|69\/100\n|move|p2a: Froge|Scald|p1a: Tentacruel\n|-resisted|p1a: Tentacruel\n|-damage|p1a: Tentacruel|56\/100\n|-status|p1a: Tentacruel|brn\n|\n|-weather|RainDance|[upkeep]\n|-heal|p1a: Tentacruel|62\/100 brn|[from] item: Black Sludge\n|-heal|p2a: Froge|75\/100|[from] item: Leftovers\n|-damage|p1a: Tentacruel|50\/100 brn|[from] brn\n|upkeep\n|turn|7\n|l| kppsub3\n|\n|t:|1668036985\n|switch|p2a: Evil Froge|Toxicroak, M|100\/100\n|move|p1a: Tentacruel|Scald|p2a: Evil Froge\n|-immune|p2a: Evil Froge|[from] ability: Dry Skin\n|\n|-weather|RainDance|[upkeep]\n|-heal|p1a: Tentacruel|56\/100 brn|[from] item: Black Sludge\n|-damage|p1a: Tentacruel|43\/100 brn|[from] brn\n|upkeep\n|turn|8\n|\n|t:|1668036995\n|switch|p1a: Mamut|Mamoswine, M|100\/100\n|move|p2a: Evil Froge|Substitute|p2a: Evil Froge\n|-start|p2a: Evil Froge|Substitute\n|-damage|p2a: Evil Froge|76\/100\n|\n|-weather|RainDance|[upkeep]\n|-heal|p2a: Evil Froge|88\/100|[from] ability: Dry Skin\n|-heal|p2a: Evil Froge|94\/100|[from] item: Black Sludge\n|upkeep\n|turn|9\n|\n|t:|1668037004\n|move|p1a: Mamut|Earthquake|p2a: Evil Froge\n|-supereffective|p2a: Evil Froge\n|-end|p2a: Evil Froge|Substitute\n|move|p2a: Evil Froge|Drain Punch|p1a: Mamut\n|-supereffective|p1a: Mamut\n|-damage|p1a: Mamut|34\/100\n|-heal|p2a: Evil Froge|100\/100|[from] drain|[of] p1a: Mamut\n|\n|-weather|RainDance|[upkeep]\n|upkeep\n|turn|10\n|\n|t:|1668037015\n|switch|p2a: The Guy|Latios, M|46\/100\n|move|p1a: Mamut|Earthquake|p2a: The Guy\n|-immune|p2a: The Guy|[from] ability: Levitate\n|\n|-weather|RainDance|[upkeep]\n|-heal|p2a: The Guy|51\/100|[from] item: Leftovers\n|upkeep\n|turn|11\n|\n|t:|1668037022\n|switch|p2a: Froge|Politoed, F|75\/100\n|move|p1a: Mamut|Ice Shard|p2a: Froge\n|-resisted|p2a: Froge\n|-damage|p2a: Froge|67\/100\n|\n|-weather|RainDance|[upkeep]\n|-heal|p2a: Froge|74\/100|[from] item: Leftovers\n|upkeep\n|turn|12\n|\n|t:|1668037030\n|move|p1a: Mamut|Earthquake|p2a: Froge\n|-damage|p2a: Froge|34\/100\n|move|p2a: Froge|Toxic|p1a: Mamut\n|-status|p1a: Mamut|tox\n|\n|-weather|RainDance|[upkeep]\n|-heal|p2a: Froge|40\/100|[from] item: Leftovers\n|-damage|p1a: Mamut|28\/100 tox|[from] psn\n|upkeep\n|turn|13\n|\n|t:|1668037039\n|move|p2a: Froge|Protect|p2a: Froge\n|-singleturn|p2a: Froge|Protect\n|move|p1a: Mamut|Earthquake|p2a: Froge\n|-activate|p2a: Froge|move: Protect\n|\n|-weather|RainDance|[upkeep]\n|-heal|p2a: Froge|46\/100|[from] item: Leftovers\n|-damage|p1a: Mamut|16\/100 tox|[from] psn\n|upkeep\n|turn|14\n|\n|t:|1668037048\n|switch|p2a: The Guy|Latios, M|51\/100\n|move|p1a: Mamut|Endeavor|p2a: The Guy\n|-damage|p2a: The Guy|19\/100\n|\n|-weather|RainDance|[upkeep]\n|-heal|p2a: The Guy|25\/100|[from] item: Leftovers\n|-damage|p1a: Mamut|0 fnt|[from] psn\n|faint|p1a: Mamut\n|upkeep\n|\n|t:|1668037066\n|switch|p1a: spike|Jolteon, M|100\/100\n|turn|15\n|\n|t:|1668037071\n|switch|p2a: The Dude|Ferrothorn, M, shiny|100\/100\n|move|p1a: spike|Shadow Ball|p2a: The Dude\n|-resisted|p2a: The Dude\n|-crit|p2a: The Dude\n|-damage|p2a: The Dude|77\/100\n|\n|-weather|RainDance|[upkeep]\n|-heal|p2a: The Dude|83\/100|[from] item: Leftovers\n|upkeep\n|turn|16\n|\n|t:|1668037083\n|switch|p1a: Tentacruel|Tentacruel, F|43\/100 brn\n|move|p2a: The Dude|Knock Off|p1a: Tentacruel\n|-damage|p1a: Tentacruel|39\/100 brn\n|-enditem|p1a: Tentacruel|Black Sludge|[from] move: Knock Off|[of] p2a: The Dude\n|\n|-weather|RainDance|[upkeep]\n|-heal|p2a: The Dude|89\/100|[from] item: Leftovers\n|-damage|p1a: Tentacruel|27\/100 brn|[from] brn\n|upkeep\n|turn|17\n|\n|t:|1668037092\n|move|p1a: Tentacruel|Scald|p2a: The Dude\n|-resisted|p2a: The Dude\n|-damage|p2a: The Dude|78\/100\n|-status|p2a: The Dude|brn\n|move|p2a: The Dude|Power Whip|p1a: Tentacruel\n|-damage|p1a: Tentacruel|8\/100 brn\n|\n|-weather|RainDance|[upkeep]\n|-heal|p2a: The Dude|85\/100 brn|[from] item: Leftovers\n|-damage|p1a: Tentacruel|0 fnt|[from] brn\n|faint|p1a: Tentacruel\n|-damage|p2a: The Dude|72\/100 brn|[from] brn\n|upkeep\n|\n|t:|1668037105\n|switch|p1a: Scizor|Scizor, M|100\/100\n|turn|18\n|\n|t:|1668037109\n|switch|p2a: Evil Froge|Toxicroak, M|100\/100\n|move|p1a: Scizor|Superpower|p2a: Evil Froge\n|-resisted|p2a: Evil Froge\n|-damage|p2a: Evil Froge|69\/100\n|-unboost|p1a: Scizor|atk|1\n|-unboost|p1a: Scizor|def|1\n|-damage|p1a: Scizor|91\/100|[from] item: Life Orb\n|\n|-weather|RainDance|[upkeep]\n|-heal|p2a: Evil Froge|81\/100|[from] ability: Dry Skin\n|-heal|p2a: Evil Froge|87\/100|[from] item: Black Sludge\n|upkeep\n|turn|19\n|\n|t:|1668037122\n|switch|p1a: spike|Jolteon, M|100\/100\n|move|p2a: Evil Froge|Substitute|p2a: Evil Froge\n|-start|p2a: Evil Froge|Substitute\n|-damage|p2a: Evil Froge|62\/100\n|\n|-weather|RainDance|[upkeep]\n|-heal|p2a: Evil Froge|75\/100|[from] ability: Dry Skin\n|-heal|p2a: Evil Froge|81\/100|[from] item: Black Sludge\n|upkeep\n|turn|20\n|\n|t:|1668037130\n|move|p1a: spike|Thunderbolt|p2a: Evil Froge\n|-end|p2a: Evil Froge|Substitute\n|move|p2a: Evil Froge|Drain Punch|p1a: spike\n|-damage|p1a: spike|43\/100\n|-heal|p2a: Evil Froge|100\/100|[from] drain|[of] p1a: spike\n|\n|-weather|RainDance|[upkeep]\n|upkeep\n|turn|21\n|\n|t:|1668037142\n|switch|p2a: The Dude|Ferrothorn, M, shiny|72\/100 brn\n|move|p1a: spike|Thunderbolt|p2a: The Dude\n|-resisted|p2a: The Dude\n|-damage|p2a: The Dude|50\/100 brn\n|\n|-weather|RainDance|[upkeep]\n|-heal|p2a: The Dude|56\/100 brn|[from] item: Leftovers\n|-damage|p2a: The Dude|44\/100 brn|[from] brn\n|upkeep\n|turn|22\n|\n|t:|1668037167\n|switch|p1a: Scizor|Scizor, M|91\/100\n|move|p2a: The Dude|Knock Off|p1a: Scizor\n|-resisted|p1a: Scizor\n|-damage|p1a: Scizor|89\/100\n|-enditem|p1a: Scizor|Life Orb|[from] move: Knock Off|[of] p2a: The Dude\n|\n|-weather|RainDance|[upkeep]\n|-heal|p2a: The Dude|50\/100 brn|[from] item: Leftovers\n|-damage|p2a: The Dude|38\/100 brn|[from] brn\n|upkeep\n|turn|23\n|\n|t:|1668037177\n|move|p1a: Scizor|Swords Dance|p1a: Scizor\n|-boost|p1a: Scizor|atk|2\n|move|p2a: The Dude|Stealth Rock|p1a: Scizor\n|-sidestart|p1: guay trainer|move: Stealth Rock\n|\n|-weather|RainDance|[upkeep]\n|-heal|p2a: The Dude|44\/100 brn|[from] item: Leftovers\n|-damage|p2a: The Dude|31\/100 brn|[from] brn\n|upkeep\n|turn|24\n|j| kppsub3\n|\n|t:|1668037188\n|move|p1a: Scizor|Swords Dance|p1a: Scizor\n|-boost|p1a: Scizor|atk|2\n|move|p2a: The Dude|Spikes|p1a: Scizor\n|-sidestart|p1: guay trainer|Spikes\n|\n|-weather|RainDance|[upkeep]\n|-heal|p2a: The Dude|38\/100 brn|[from] item: Leftovers\n|-damage|p2a: The Dude|25\/100 brn|[from] brn\n|upkeep\n|turn|25\n|l| kppsub3\n|\n|t:|1668037201\n|move|p1a: Scizor|X-Scissor|p2a: The Dude\n|-damage|p2a: The Dude|0 fnt\n|-damage|p1a: Scizor|77\/100|[from] ability: Iron Barbs|[of] p2a: The Dude\n|faint|p2a: The Dude\n|\n|-weather|RainDance|[upkeep]\n|upkeep\n|\n|t:|1668037207\n|switch|p2a: Noodle|Dragonite, M|100\/100\n|turn|26\n|\n|t:|1668037212\n|move|p1a: Scizor|Bullet Punch|p2a: Noodle\n|-damage|p2a: Noodle|49\/100\n|move|p2a: Noodle|Dragon Tail|p1a: Scizor\n|-resisted|p1a: Scizor\n|-damage|p1a: Scizor|65\/100\n|drag|p1a: Boss|Blastoise, F, shiny|100\/100\n|-damage|p1a: Boss|88\/100|[from] Stealth Rock\n|-damage|p1a: Boss|76\/100|[from] Spikes\n|\n|-weather|RainDance|[upkeep]\n|-heal|p2a: Noodle|55\/100|[from] item: Leftovers\n|upkeep\n|turn|27\n|\n|t:|1668037226\n|switch|p2a: Froge|Politoed, F|46\/100\n|move|p1a: Boss|Ice Beam|p2a: Froge\n|-resisted|p2a: Froge\n|-damage|p2a: Froge|33\/100\n|\n|-weather|RainDance|[upkeep]\n|-heal|p2a: Froge|39\/100|[from] item: Leftovers\n|upkeep\n|turn|28\n|\n|t:|1668037236\n|move|p1a: Boss|Ice Beam|p2a: Froge\n|-resisted|p2a: Froge\n|-damage|p2a: Froge|26\/100\n|move|p2a: Froge|Scald|p1a: Boss\n|-resisted|p1a: Boss\n|-damage|p1a: Boss|59\/100\n|\n|-weather|RainDance|[upkeep]\n|-heal|p2a: Froge|32\/100|[from] item: Leftovers\n|upkeep\n|turn|29\n|\n|t:|1668037246\n|move|p2a: Froge|Protect|p2a: Froge\n|-singleturn|p2a: Froge|Protect\n|move|p1a: Boss|Ice Beam|p2a: Froge\n|-activate|p2a: Froge|move: Protect\n|\n|-weather|RainDance|[upkeep]\n|-heal|p2a: Froge|38\/100|[from] item: Leftovers\n|upkeep\n|turn|30\n|\n|t:|1668037253\n|move|p1a: Boss|Ice Beam|p2a: Froge\n|-resisted|p2a: Froge\n|-damage|p2a: Froge|25\/100\n|move|p2a: Froge|Toxic|p1a: Boss\n|-status|p1a: Boss|tox\n|\n|-weather|RainDance|[upkeep]\n|-heal|p2a: Froge|32\/100|[from] item: Leftovers\n|-damage|p1a: Boss|53\/100 tox|[from] psn\n|upkeep\n|turn|31\n|\n|t:|1668037263\n|move|p2a: Froge|Protect|p2a: Froge\n|-singleturn|p2a: Froge|Protect\n|move|p1a: Boss|Ice Beam|p2a: Froge\n|-activate|p2a: Froge|move: Protect\n|\n|-weather|RainDance|[upkeep]\n|-heal|p2a: Froge|38\/100|[from] item: Leftovers\n|-damage|p1a: Boss|41\/100 tox|[from] psn\n|upkeep\n|turn|32\n|\n|t:|1668037272\n|switch|p2a: North|Starmie, shiny|100\/100\n|move|p1a: Boss|Ice Beam|p2a: North\n|-resisted|p2a: North\n|-damage|p2a: North|78\/100\n|\n|-weather|RainDance|[upkeep]\n|-damage|p1a: Boss|23\/100 tox|[from] psn\n|upkeep\n|turn|33\n|\n|t:|1668037280\n|move|p2a: North|Psychic|p1a: Boss\n|-damage|p1a: Boss|0 fnt\n|faint|p1a: Boss\n|\n|-weather|RainDance|[upkeep]\n|upkeep\n|\n|t:|1668037294\n|switch|p1a: rock king|Forretress, F|100\/100\n|-damage|p1a: rock king|88\/100|[from] Stealth Rock\n|-damage|p1a: rock king|76\/100|[from] Spikes\n|turn|34\n|\n|t:|1668037301\n|move|p2a: North|Surf|p1a: rock king\n|-damage|p1a: rock king|0 fnt\n|faint|p1a: rock king\n|\n|-weather|RainDance|[upkeep]\n|upkeep\n|\n|t:|1668037307\n|switch|p1a: spike|Jolteon, M|43\/100\n|-damage|p1a: spike|30\/100|[from] Stealth Rock\n|-damage|p1a: spike|18\/100|[from] Spikes\n|turn|35\n|\n|t:|1668037313\n|switch|p2a: The Guy|Latios, M|25\/100\n|move|p1a: spike|Thunderbolt|p2a: The Guy\n|-resisted|p2a: The Guy\n|-damage|p2a: The Guy|0 fnt\n|faint|p2a: The Guy\n|\n|-weather|RainDance|[upkeep]\n|upkeep\n|\n|t:|1668037317\n|switch|p2a: Evil Froge|Toxicroak, M|100\/100\n|turn|36\n|\n|t:|1668037322\n|move|p2a: Evil Froge|Sucker Punch|p1a: spike\n|-crit|p1a: spike\n|-damage|p1a: spike|0 fnt\n|faint|p1a: spike\n|\n|-weather|RainDance|[upkeep]\n|upkeep\n|-message|guay trainer forfeited.\n|\n|win|MoomanXX\n|raw|guay trainer's rating: 1169 &rarr; <strong>1150<\/strong><br \/>(-19 for losing)\n|raw|MoomanXX's rating: 1257 &rarr; <strong>1276<\/strong><br \/>(+19 for winning)\n|l|\u2606guay trainer\n","uploadtime":1668037333,"views":3,"p1id":"guaytrainer","p2id":"moomanxx","formatid":"gen5ou","rating":1150,"private":0,"password":null}