{"id":"gen5randombattle-1582760283","p1":"AzureAngel275","p2":"delchef","format":"gen5randombattle","log":"|j|\u2606AzureAngel275\n|j|\u2606delchef\n|inactive|Battle timer is ON: inactive players will automatically lose when time's up.\n|t:|1653512412\n|gametype|singles\n|player|p1|AzureAngel275|riley|\n|player|p2|delchef|bugcatcher-gen1|\n|teamsize|p1|6\n|teamsize|p2|6\n|gen|5\n|tier|[Gen 5] Random Battle\n|rated|Tournament battle\n|rule|Sleep Clause Mod: Limit one foe put to sleep\n|rule|HP Percentage Mod: HP is shown in percentages\n|\n|t:|1653512412\n|start\n|switch|p1a: Regice|Regice, L86|278\/278\n|switch|p2a: Magmortar|Magmortar, L84, F|263\/263\n|turn|1\n|j|*Lady Monita \u273f\n|\n|t:|1653512420\n|switch|p1a: Golduck|Golduck, L88, F|284\/284\n|-ability|p1a: Golduck|Cloud Nine\n|move|p2a: Magmortar|Substitute|p2a: Magmortar\n|-start|p2a: Magmortar|Substitute\n|-damage|p2a: Magmortar|198\/263\n|\n|-heal|p2a: Magmortar|214\/263|[from] item: Leftovers\n|upkeep\n|turn|2\n|\n|t:|1653512440\n|move|p1a: Golduck|Hydro Pump|p2a: Magmortar\n|-supereffective|p2a: Magmortar\n|-end|p2a: Magmortar|Substitute\n|-damage|p1a: Golduck|256\/284|[from] item: Life Orb\n|move|p2a: Magmortar|Hidden Power|p1a: Golduck\n|-supereffective|p1a: Golduck\n|-damage|p1a: Golduck|128\/284\n|\n|-heal|p2a: Magmortar|230\/263|[from] item: Leftovers\n|upkeep\n|turn|3\n|\n|t:|1653512456\n|move|p1a: Golduck|Hydro Pump|p2a: Magmortar\n|-supereffective|p2a: Magmortar\n|-damage|p2a: Magmortar|0 fnt\n|faint|p2a: Magmortar\n|-damage|p1a: Golduck|100\/284|[from] item: Life Orb\n|\n|upkeep\n|\n|t:|1653512458\n|switch|p2a: Beedrill|Beedrill, L90, M|254\/254\n|turn|4\n|\n|t:|1653512461\n|move|p2a: Beedrill|Dark Pulse|p1a: Golduck\n|-damage|p1a: Golduck|0 fnt\n|faint|p1a: Golduck\n|-damage|p2a: Beedrill|229\/254|[from] item: Life Orb\n|\n|upkeep\n|\n|t:|1653512471\n|switch|p1a: Rapidash|Rapidash, L88, F|258\/258\n|turn|5\n|inactive|delchef has 120 seconds left.\n|inactive|delchef has 90 seconds left.\n|\n|t:|1653512534\n|move|p2a: Beedrill|Dark Pulse|p1a: Rapidash\n|-damage|p1a: Rapidash|101\/258\n|-damage|p2a: Beedrill|204\/254|[from] item: Life Orb\n|move|p1a: Rapidash|Megahorn|p2a: Beedrill\n|-supereffective|p2a: Beedrill\n|-crit|p2a: Beedrill\n|-damage|p2a: Beedrill|0 fnt\n|replace|p2a: Zoroark|Zoroark, L90, F\n|-end|p2a: Zoroark|Illusion\n|faint|p2a: Zoroark\n|\n|-heal|p1a: Rapidash|117\/258|[from] item: Leftovers\n|upkeep\n|inactive|delchef has 90 seconds left.\n|\n|t:|1653512545\n|switch|p2a: Gallade|Gallade, L84, M|251\/251\n|turn|6\n|inactive|delchef has 90 seconds left.\n|\n|t:|1653512551\n|move|p1a: Rapidash|Will-O-Wisp|p2a: Gallade\n|-status|p2a: Gallade|brn\n|move|p2a: Gallade|Zen Headbutt|p1a: Rapidash\n|-crit|p1a: Rapidash\n|-damage|p1a: Rapidash|0 fnt\n|faint|p1a: Rapidash\n|\n|-damage|p2a: Gallade|220\/251 brn|[from] brn\n|upkeep\n|\n|t:|1653512561\n|switch|p1a: Serperior|Serperior, L86, F|269\/269\n|turn|7\n|\n|t:|1653512567\n|switch|p2a: Beedrill|Beedrill, L90, M|263\/263\n|move|p1a: Serperior|Calm Mind|p1a: Serperior\n|-boost|p1a: Serperior|spa|1\n|-boost|p1a: Serperior|spd|1\n|\n|upkeep\n|turn|8\n|\n|t:|1653512569\n|move|p1a: Serperior|Hidden Power|p2a: Beedrill\n|-supereffective|p2a: Beedrill\n|-damage|p2a: Beedrill|89\/263\n|-damage|p1a: Serperior|243\/269|[from] item: Life Orb\n|move|p2a: Beedrill|Agility|p2a: Beedrill\n|-boost|p2a: Beedrill|spe|2\n|\n|-heal|p2a: Beedrill|105\/263|[from] item: Black Sludge\n|upkeep\n|turn|9\n|\n|t:|1653512582\n|switch|p1a: Klinklang|Klinklang, L84|238\/238\n|move|p2a: Beedrill|Poison Jab|p1a: Klinklang\n|-immune|p1a: Klinklang\n|\n|-heal|p2a: Beedrill|121\/263|[from] item: Black Sludge\n|upkeep\n|turn|10\n|\n|t:|1653512587\n|move|p2a: Beedrill|Baton Pass|p2a: Beedrill\n|\n|t:|1653512588\n|switch|p2a: Genesect|Genesect, L76|233\/233\n|-ability|p2a: Genesect|Download|boost\n|-boost|p2a: Genesect|spa|1\n|move|p1a: Klinklang|Shift Gear|p1a: Klinklang\n|-boost|p1a: Klinklang|spe|2\n|-boost|p1a: Klinklang|atk|1\n|\n|upkeep\n|turn|11\n|\n|t:|1653512594\n|move|p1a: Klinklang|Wild Charge|p2a: Genesect\n|-damage|p2a: Genesect|107\/233\n|-damage|p1a: Klinklang|206\/238|[from] Recoil\n|-damage|p1a: Klinklang|183\/238|[from] item: Life Orb\n|move|p2a: Genesect|Flamethrower|p1a: Klinklang\n|-supereffective|p1a: Klinklang\n|-damage|p1a: Klinklang|0 fnt\n|faint|p1a: Klinklang\n|-damage|p2a: Genesect|84\/233|[from] item: Life Orb\n|\n|upkeep\n|\n|t:|1653512602\n|switch|p1a: Crawdaunt|Crawdaunt, L84, F|243\/243\n|turn|12\n|\n|t:|1653512612\n|switch|p2a: Beedrill|Beedrill, L90, M|121\/263\n|move|p1a: Crawdaunt|Waterfall|p2a: Beedrill\n|-damage|p2a: Beedrill|0 fnt\n|faint|p2a: Beedrill\n|-damage|p1a: Crawdaunt|219\/243|[from] item: Life Orb\n|\n|upkeep\n|\n|t:|1653512621\n|switch|p2a: Bisharp|Bisharp, L82, M|241\/241\n|turn|13\n|\n|t:|1653512624\n|move|p2a: Bisharp|Swords Dance|p2a: Bisharp\n|-boost|p2a: Bisharp|atk|2\n|move|p1a: Crawdaunt|Superpower|p2a: Bisharp\n|-supereffective|p2a: Bisharp\n|-damage|p2a: Bisharp|0 fnt\n|-unboost|p1a: Crawdaunt|atk|1\n|-unboost|p1a: Crawdaunt|def|1\n|faint|p2a: Bisharp\n|-damage|p1a: Crawdaunt|195\/243|[from] item: Life Orb\n|\n|upkeep\n|\n|t:|1653512626\n|switch|p2a: Gallade|Gallade, L84, M|220\/251 brn\n|turn|14\n|\n|t:|1653512629\n|switch|p1a: Regice|Regice, L86|278\/278\n|move|p2a: Gallade|Drain Punch|p1a: Regice\n|-supereffective|p1a: Regice\n|-damage|p1a: Regice|197\/278\n|-heal|p2a: Gallade|251\/251 brn|[from] drain|[of] p1a: Regice\n|\n|-heal|p1a: Regice|214\/278|[from] item: Leftovers\n|-damage|p2a: Gallade|220\/251 brn|[from] brn\n|upkeep\n|turn|15\n|\n|t:|1653512640\n|move|p2a: Gallade|Swords Dance|p2a: Gallade\n|-boost|p2a: Gallade|atk|2\n|move|p1a: Regice|Rock Polish|p1a: Regice\n|-boost|p1a: Regice|spe|2\n|\n|-heal|p1a: Regice|231\/278|[from] item: Leftovers\n|-heal|p2a: Gallade|235\/251 brn|[from] item: Leftovers\n|-damage|p2a: Gallade|204\/251 brn|[from] brn\n|upkeep\n|turn|16\n|\n|t:|1653512643\n|move|p1a: Regice|Ice Beam|p2a: Gallade\n|-damage|p2a: Gallade|116\/251 brn\n|move|p2a: Gallade|Drain Punch|p1a: Regice\n|-supereffective|p1a: Regice\n|-damage|p1a: Regice|50\/278\n|-heal|p2a: Gallade|207\/251 brn|[from] drain|[of] p1a: Regice\n|\n|-heal|p1a: Regice|67\/278|[from] item: Leftovers\n|-heal|p2a: Gallade|222\/251 brn|[from] item: Leftovers\n|-damage|p2a: Gallade|191\/251 brn|[from] brn\n|upkeep\n|turn|17\n|\n|t:|1653512649\n|move|p1a: Regice|Ice Beam|p2a: Gallade\n|-damage|p2a: Gallade|98\/251 brn\n|move|p2a: Gallade|Drain Punch|p1a: Regice\n|-supereffective|p1a: Regice\n|-damage|p1a: Regice|0 fnt\n|-heal|p2a: Gallade|132\/251 brn|[from] drain|[of] p1a: Regice\n|faint|p1a: Regice\n|\n|-heal|p2a: Gallade|147\/251 brn|[from] item: Leftovers\n|-damage|p2a: Gallade|116\/251 brn|[from] brn\n|upkeep\n|\n|t:|1653512651\n|switch|p1a: Serperior|Serperior, L86, F|243\/269\n|turn|18\n|\n|t:|1653512653\n|move|p1a: Serperior|Calm Mind|p1a: Serperior\n|-boost|p1a: Serperior|spa|1\n|-boost|p1a: Serperior|spd|1\n|move|p2a: Gallade|Drain Punch|p1a: Serperior\n|-damage|p1a: Serperior|149\/269\n|-heal|p2a: Gallade|163\/251 brn|[from] drain|[of] p1a: Serperior\n|\n|-heal|p2a: Gallade|178\/251 brn|[from] item: Leftovers\n|-damage|p2a: Gallade|147\/251 brn|[from] brn\n|upkeep\n|turn|19\n|\n|t:|1653512656\n|move|p1a: Serperior|Giga Drain|p2a: Gallade\n|-crit|p2a: Gallade\n|-damage|p2a: Gallade|0 fnt\n|-heal|p1a: Serperior|223\/269|[from] drain|[of] p2a: Gallade\n|faint|p2a: Gallade\n|-damage|p1a: Serperior|197\/269|[from] item: Life Orb\n|\n|upkeep\n|\n|t:|1653512658\n|switch|p2a: Genesect|Genesect, L76|84\/233\n|-ability|p2a: Genesect|Download|boost\n|-boost|p2a: Genesect|atk|1\n|turn|20\n|\n|t:|1653512663\n|move|p1a: Serperior|Hidden Power|p2a: Genesect\n|-supereffective|p2a: Genesect\n|-damage|p2a: Genesect|0 fnt\n|faint|p2a: Genesect\n|-damage|p1a: Serperior|171\/269|[from] item: Life Orb\n|\n|win|AzureAngel275\n|n|\u2606AzureAngel275|azureangel275\n|n|\u2606delchef|delchef\n|n|*Lady Monita \u273f|ladymonita\n|l|*Lady Monita \u273f\n|l|\u2606delchef\n","inputlog":">version 2fb0b47ab463e8a2498db9c354e64d4afc199178\n>start {\"formatid\":\"gen5randombattle\",\"seed\":[43779,34064,1918,5122],\"rated\":\"Tournament battle\"}\n>player p1 {\"name\":\"AzureAngel275\",\"avatar\":\"riley\",\"rating\":0,\"seed\":[48232,25748,30742,36012]}\n>player p2 {\"name\":\"delchef\",\"avatar\":\"bugcatcher-gen1\",\"rating\":0,\"seed\":[21722,57706,23426,44560]}\n>p1 switch 3\n>p2 move substitute\n>p1 move hydropump\n>p2 move hiddenpower\n>p1 move hydropump\n>p2 move hiddenpower\n>p2 switch 4\n>p1 move psyshock\n>p2 move darkpulse\n>p1 switch 6\n>p1 move megahorn\n>p2 move darkpulse\n>p2 switch 5\n>p1 move willowisp\n>p2 move zenheadbutt\n>p1 switch 4\n>p1 move calmmind\n>p2 switch 6\n>p1 move hiddenpower\n>p2 move agility\n>p1 switch 2\n>p2 move poisonjab\n>p1 move shiftgear\n>p2 move batonpass\n>p2 switch 2\n>p1 move wildcharge\n>p2 move flamethrower\n>p1 switch 5\n>p1 move waterfall\n>p2 switch 2\n>p2 switch 3\n>p1 move superpower\n>p2 move swordsdance\n>p2 switch 6\n>p1 switch 3\n>p2 move drainpunch\n>p1 move rockpolish\n>p2 move swordsdance\n>p1 move icebeam\n>p2 move drainpunch\n>p1 move icebeam\n>p2 move drainpunch\n>p1 switch 2\n>p1 move calmmind\n>p2 move drainpunch\n>p1 move gigadrain\n>p2 move drainpunch\n>p2 switch 2\n>p1 move hiddenpower\n>p2 move bugbuzz","uploadtime":1653512670,"views":2,"p1id":"azureangel275","p2id":"delchef","formatid":"gen5randombattle","rating":0,"private":0,"password":null}