{"id":"gen5ou-1664061056","p1":"Danzuobear","p2":"dmt dreams","format":"gen5ou","log":"|j|\u2606Danzuobear\n|j|\u203ddmt dreams\n|inactive|Battle timer is ON: inactive players will automatically lose when time's up.\n|t:|1663163443\n|gametype|singles\n|player|p1|Danzuobear|pokemaniac|\n|player|p2|dmt dreams|cynthia-gen4|\n|teamsize|p1|6\n|teamsize|p2|6\n|gen|5\n|tier|[Gen 5] OU\n|rated|Tournament battle\n|rule|Species Clause: Limit one of each Pok\u00e9mon\n|rule|OHKO Clause: OHKO moves are banned\n|rule|Moody Clause: Moody is banned\n|rule|Evasion Items Clause: Evasion items are banned\n|rule|Evasion Moves Clause: Evasion moves are banned\n|rule|Endless Battle Clause: Forcing endless battles is banned\n|rule|HP Percentage Mod: HP is shown in percentages\n|rule|Evasion Abilities Clause: Evasion abilities are banned\n|rule|Sleep Clause: Sleep-inducing moves are banned\n|rule|Swagger Clause: Swagger is banned\n|clearpoke\n|poke|p1|Tyranitar, M|item\n|poke|p1|Rotom-Wash|item\n|poke|p1|Landorus-Therian, M|item\n|poke|p1|Latios, M|item\n|poke|p1|Ferrothorn, F|item\n|poke|p1|Excadrill, M|item\n|poke|p2|Xatu, F|item\n|poke|p2|Abomasnow, F|item\n|poke|p2|Kyurem-Black|item\n|poke|p2|Forretress, M|item\n|poke|p2|Gliscor, M|item\n|poke|p2|Latios, M|item\n|teampreview\n|j| stunnagirl\n|l| stunnagirl\n|j|@Mimikyu Stardust\n|inactive|dmt dreams has 120 seconds left.\n|c|\u2606Danzuobear|Hi\n|\n|t:|1663163492\n|start\n|switch|p1a: Tyranitar|Tyranitar, M|100\/100\n|switch|p2a: Forretress|Forretress, M|100\/100\n|-weather|Sandstorm|[from] ability: Sand Stream|[of] p1a: Tyranitar\n|turn|1\n|inactive|dmt dreams has 120 seconds left.\n|\n|t:|1663163530\n|move|p1a: Tyranitar|Crunch|p2a: Forretress\n|-resisted|p2a: Forretress\n|-damage|p2a: Forretress|84\/100\n|move|p2a: Forretress|Stealth Rock|p1a: Tyranitar\n|-sidestart|p1: Danzuobear|move: Stealth Rock\n|\n|-weather|Sandstorm|[upkeep]\n|-heal|p2a: Forretress|91\/100|[from] item: Leftovers\n|upkeep\n|turn|2\n|\n|t:|1663163539\n|move|p1a: Tyranitar|Superpower|p2a: Forretress\n|-crit|p2a: Forretress\n|-damage|p2a: Forretress|35\/100\n|-unboost|p1a: Tyranitar|atk|1\n|-unboost|p1a: Tyranitar|def|1\n|move|p2a: Forretress|Volt Switch|p1a: Tyranitar\n|-damage|p1a: Tyranitar|95\/100\n|\n|t:|1663163545\n|switch|p2a: Gliscor|Gliscor, M|100\/100|[from]move: Volt Switch\n|\n|-weather|Sandstorm|[upkeep]\n|-status|p2a: Gliscor|tox|[from] item: Toxic Orb\n|upkeep\n|turn|3\n|\n|t:|1663163558\n|switch|p1a: Ferrothorn|Ferrothorn, F|100\/100\n|-damage|p1a: Ferrothorn|94\/100|[from] Stealth Rock\n|move|p2a: Gliscor|Earthquake|p1a: Ferrothorn\n|-damage|p1a: Ferrothorn|70\/100\n|\n|-weather|Sandstorm|[upkeep]\n|-heal|p1a: Ferrothorn|77\/100|[from] item: Leftovers\n|upkeep\n|turn|4\n|\n|t:|1663163568\n|switch|p2a: Xatu|Xatu, F|100\/100\n|move|p1a: Ferrothorn|Power Whip|p2a: Xatu|[miss]\n|-miss|p1a: Ferrothorn|p2a: Xatu\n|\n|-weather|Sandstorm|[upkeep]\n|-damage|p2a: Xatu|94\/100|[from] Sandstorm\n|-heal|p1a: Ferrothorn|83\/100|[from] item: Leftovers\n|upkeep\n|turn|5\n|\n|t:|1663163582\n|move|p2a: Xatu|Reflect|p2a: Xatu\n|-sidestart|p2: dmt dreams|Reflect\n|move|p1a: Ferrothorn|Gyro Ball|p2a: Xatu\n|-damage|p2a: Xatu|76\/100\n|-damage|p1a: Ferrothorn|66\/100|[from] item: Rocky Helmet|[of] p2a: Xatu\n|\n|-weather|Sandstorm|[upkeep]\n|-damage|p2a: Xatu|70\/100|[from] Sandstorm\n|-heal|p1a: Ferrothorn|73\/100|[from] item: Leftovers\n|upkeep\n|turn|6\n|inactive|dmt dreams has 120 seconds left.\n|\n|t:|1663163613\n|switch|p2a: Abomasnow|Abomasnow, F|100\/100\n|-weather|Hail|[from] ability: Snow Warning|[of] p2a: Abomasnow\n|move|p1a: Ferrothorn|Knock Off|p2a: Abomasnow\n|-damage|p2a: Abomasnow|97\/100\n|-enditem|p2a: Abomasnow|Choice Scarf|[from] move: Knock Off|[of] p1a: Ferrothorn\n|\n|-weather|Hail|[upkeep]\n|-damage|p1a: Ferrothorn|66\/100|[from] Hail\n|-heal|p1a: Ferrothorn|73\/100|[from] item: Leftovers\n|upkeep\n|turn|7\n|\n|t:|1663163637\n|switch|p1a: Tyranitar|Tyranitar, M|95\/100\n|-damage|p1a: Tyranitar|83\/100|[from] Stealth Rock\n|-weather|Sandstorm|[from] ability: Sand Stream|[of] p1a: Tyranitar\n|move|p2a: Abomasnow|Hidden Power|p1a: Tyranitar\n|-resisted|p1a: Tyranitar\n|-damage|p1a: Tyranitar|78\/100\n|\n|-weather|Sandstorm|[upkeep]\n|-damage|p2a: Abomasnow|91\/100|[from] Sandstorm\n|upkeep\n|turn|8\n|inactive|dmt dreams has 120 seconds left.\n|inactive|Danzuobear has 120 seconds left.\n|\n|t:|1663163658\n|move|p2a: Abomasnow|Wood Hammer|p1a: Tyranitar\n|-supereffective|p1a: Tyranitar\n|-damage|p1a: Tyranitar|20\/100\n|-damage|p2a: Abomasnow|67\/100|[from] Recoil\n|move|p1a: Tyranitar|Crunch|p2a: Abomasnow\n|-damage|p2a: Abomasnow|35\/100\n|\n|-weather|Sandstorm|[upkeep]\n|-damage|p2a: Abomasnow|29\/100|[from] Sandstorm\n|upkeep\n|turn|9\n|inactive|dmt dreams has 120 seconds left.\n|\n|t:|1663163673\n|switch|p2a: Xatu|Xatu, F|70\/100\n|switch|p1a: Landorus|Landorus-Therian, M|100\/100\n|-damage|p1a: Landorus|88\/100|[from] Stealth Rock\n|-ability|p1a: Landorus|Intimidate|boost\n|-unboost|p2a: Xatu|atk|1\n|\n|-weather|Sandstorm|[upkeep]\n|-damage|p2a: Xatu|64\/100|[from] Sandstorm\n|-heal|p1a: Landorus|94\/100|[from] item: Leftovers\n|-sideend|p2: dmt dreams|Reflect\n|upkeep\n|turn|10\n|\n|t:|1663163687\n|move|p1a: Landorus|Hidden Power|p2a: Xatu\n|-supereffective|p2a: Xatu\n|-damage|p2a: Xatu|23\/100\n|move|p2a: Xatu|U-turn|p1a: Landorus\n|-resisted|p1a: Landorus\n|-damage|p1a: Landorus|90\/100\n|\n|t:|1663163694\n|switch|p2a: Abomasnow|Abomasnow, F|29\/100|[from]move: U-turn\n|-weather|Hail|[from] ability: Snow Warning|[of] p2a: Abomasnow\n|\n|-weather|Hail|[upkeep]\n|-damage|p1a: Landorus|84\/100|[from] Hail\n|-heal|p1a: Landorus|90\/100|[from] item: Leftovers\n|upkeep\n|turn|11\n|\n|t:|1663163712\n|switch|p2a: Kyurem|Kyurem-Black|100\/100\n|-ability|p2a: Kyurem|Teravolt\n|move|p1a: Landorus|U-turn|p2a: Kyurem\n|-damage|p2a: Kyurem|81\/100\n|\n|t:|1663163719\n|switch|p1a: Latios|Latios, M|100\/100|[from]move: U-turn\n|-damage|p1a: Latios|88\/100|[from] Stealth Rock\n|\n|-weather|Hail|[upkeep]\n|-damage|p1a: Latios|82\/100|[from] Hail\n|-heal|p2a: Kyurem|87\/100|[from] item: Leftovers\n|upkeep\n|turn|12\n|\n|t:|1663163746\n|switch|p2a: Forretress|Forretress, M|35\/100\n|move|p1a: Latios|Draco Meteor|p2a: Forretress\n|-resisted|p2a: Forretress\n|-damage|p2a: Forretress|0 fnt\n|-unboost|p1a: Latios|spa|2\n|faint|p2a: Forretress\n|\n|-weather|Hail|[upkeep]\n|-damage|p1a: Latios|76\/100|[from] Hail\n|upkeep\n|\n|t:|1663163751\n|switch|p2a: Latios|Latios, M|100\/100\n|turn|13\n|\n|t:|1663163766\n|switch|p1a: Ferrothorn|Ferrothorn, F|73\/100\n|-damage|p1a: Ferrothorn|66\/100|[from] Stealth Rock\n|move|p2a: Latios|Draco Meteor|p1a: Ferrothorn\n|-resisted|p1a: Ferrothorn\n|-damage|p1a: Ferrothorn|44\/100\n|-unboost|p2a: Latios|spa|2\n|\n|-weather|Hail|[upkeep]\n|-damage|p2a: Latios|95\/100|[from] Hail\n|-damage|p1a: Ferrothorn|38\/100|[from] Hail\n|-heal|p1a: Ferrothorn|44\/100|[from] item: Leftovers\n|upkeep\n|turn|14\n|\n|t:|1663163781\n|switch|p2a: Xatu|Xatu, F|23\/100\n|move|p1a: Ferrothorn|Knock Off|p2a: Xatu\n|-supereffective|p2a: Xatu\n|-damage|p2a: Xatu|14\/100\n|-damage|p1a: Ferrothorn|28\/100|[from] item: Rocky Helmet|[of] p2a: Xatu\n|-enditem|p2a: Xatu|Rocky Helmet|[from] move: Knock Off|[of] p1a: Ferrothorn\n|\n|-weather|Hail|[upkeep]\n|-damage|p2a: Xatu|8\/100|[from] Hail\n|-damage|p1a: Ferrothorn|22\/100|[from] Hail\n|-heal|p1a: Ferrothorn|28\/100|[from] item: Leftovers\n|upkeep\n|turn|15\n|\n|t:|1663163793\n|move|p2a: Xatu|Roost|p2a: Xatu\n|-heal|p2a: Xatu|58\/100\n|-singleturn|p2a: Xatu|move: Roost\n|move|p1a: Ferrothorn|Spikes|p2a: Xatu\n|move|p2a: Xatu|Spikes|p1a: Ferrothorn|[from]ability: Magic Bounce\n|-sidestart|p1: Danzuobear|Spikes\n|\n|-weather|Hail|[upkeep]\n|-damage|p2a: Xatu|52\/100|[from] Hail\n|-damage|p1a: Ferrothorn|22\/100|[from] Hail\n|-heal|p1a: Ferrothorn|28\/100|[from] item: Leftovers\n|upkeep\n|turn|16\n|\n|t:|1663163805\n|move|p2a: Xatu|U-turn|p1a: Ferrothorn\n|-damage|p1a: Ferrothorn|17\/100\n|-damage|p2a: Xatu|40\/100|[from] ability: Iron Barbs|[of] p1a: Ferrothorn\n|\n|t:|1663163807\n|switch|p2a: Gliscor|Gliscor, M|100\/100 tox|[from]move: U-turn\n|move|p1a: Ferrothorn|Gyro Ball|p2a: Gliscor\n|-damage|p2a: Gliscor|64\/100 tox\n|\n|-weather|Hail|[upkeep]\n|-damage|p2a: Gliscor|57\/100 tox|[from] Hail\n|-damage|p1a: Ferrothorn|11\/100|[from] Hail\n|-heal|p1a: Ferrothorn|17\/100|[from] item: Leftovers\n|-heal|p2a: Gliscor|70\/100 tox|[from] ability: Poison Heal\n|upkeep\n|turn|17\n|\n|t:|1663163823\n|move|p2a: Gliscor|Earthquake|p1a: Ferrothorn\n|-damage|p1a: Ferrothorn|0 fnt\n|faint|p1a: Ferrothorn\n|\n|-weather|Hail|[upkeep]\n|-damage|p2a: Gliscor|64\/100 tox|[from] Hail\n|-heal|p2a: Gliscor|76\/100 tox|[from] ability: Poison Heal\n|upkeep\n|inactive|Danzuobear has 120 seconds left.\n|\n|t:|1663163842\n|switch|p1a: Rotom|Rotom-Wash|100\/100\n|-damage|p1a: Rotom|88\/100|[from] Stealth Rock\n|turn|18\n|\n|t:|1663163851\n|switch|p2a: Kyurem|Kyurem-Black|87\/100\n|-ability|p2a: Kyurem|Teravolt\n|move|p1a: Rotom|Hydro Pump|p2a: Kyurem\n|-resisted|p2a: Kyurem\n|-crit|p2a: Kyurem\n|-damage|p2a: Kyurem|44\/100\n|\n|-weather|Hail|[upkeep]\n|-damage|p1a: Rotom|82\/100|[from] Hail\n|-heal|p2a: Kyurem|50\/100|[from] item: Leftovers\n|-heal|p1a: Rotom|88\/100|[from] item: Leftovers\n|upkeep\n|turn|19\n|inactive|Danzuobear has 120 seconds left.\n|\n|t:|1663163867\n|move|p2a: Kyurem|Substitute|p2a: Kyurem\n|-start|p2a: Kyurem|Substitute\n|-damage|p2a: Kyurem|25\/100\n|move|p1a: Rotom|Pain Split||[still]\n|-fail|p1a: Rotom\n|\n|-weather|Hail|[upkeep]\n|-damage|p1a: Rotom|82\/100|[from] Hail\n|-heal|p2a: Kyurem|31\/100|[from] item: Leftovers\n|-heal|p1a: Rotom|88\/100|[from] item: Leftovers\n|upkeep\n|turn|20\n|inactive|Danzuobear has 120 seconds left.\n|\n|t:|1663163877\n|move|p2a: Kyurem|Dragon Claw|p1a: Rotom\n|-damage|p1a: Rotom|30\/100\n|move|p1a: Rotom|Volt Switch|p2a: Kyurem\n|-resisted|p2a: Kyurem\n|-activate|p2a: Kyurem|Substitute|[damage]\n|inactive|Danzuobear has 120 seconds left.\n|\n|t:|1663163887\n|switch|p1a: Landorus|Landorus-Therian, M|90\/100|[from]move: Volt Switch\n|-damage|p1a: Landorus|77\/100|[from] Stealth Rock\n|-ability|p1a: Landorus|Intimidate|boost\n|-immune|p2a: Kyurem\n|\n|-weather|Hail|[upkeep]\n|-damage|p1a: Landorus|71\/100|[from] Hail\n|-heal|p1a: Landorus|77\/100|[from] item: Leftovers\n|-heal|p2a: Kyurem|38\/100|[from] item: Leftovers\n|upkeep\n|turn|21\n|inactive|Danzuobear has 120 seconds left.\n|\n|t:|1663163897\n|move|p1a: Landorus|Earthquake|p2a: Kyurem\n|-end|p2a: Kyurem|Substitute\n|move|p2a: Kyurem|Blizzard|p1a: Landorus\n|-supereffective|p1a: Landorus\n|-damage|p1a: Landorus|0 fnt\n|faint|p1a: Landorus\n|\n|-weather|Hail|[upkeep]\n|-heal|p2a: Kyurem|44\/100|[from] item: Leftovers\n|upkeep\n|inactive|Danzuobear has 120 seconds left.\n|\n|t:|1663163906\n|switch|p1a: Tyranitar|Tyranitar, M|20\/100\n|-damage|p1a: Tyranitar|7\/100|[from] Stealth Rock\n|-damage|p1a: Tyranitar|0 fnt|[from] Spikes\n|faint|p1a: Tyranitar\n|inactive|Danzuobear has 120 seconds left.\n|c|\u2606Danzuobear|gg\n|-message|Danzuobear forfeited.\n|\n|win|dmt dreams\n|n|\u2606Danzuobear|danzuobear\n|n|\u203ddmt dreams|dmtdreams\n|n| Mimikyu Stardust|mimikyustardust\n|l|\u2606Danzuobear\n","uploadtime":1663163921,"views":21,"p1id":"danzuobear","p2id":"dmtdreams","formatid":"gen5ou","rating":0,"private":0,"password":null}