{"id":"gen5ou-1603950116","p1":"Highv0ltag3","p2":"Darkininha","format":"gen5ou","log":"|j|\u2606Highv0ltag3\n|j|\u2606Darkininha\n|t:|1656167820\n|gametype|singles\n|player|p1|Highv0ltag3|volo|1424\n|player|p2|Darkininha|misty-gen1|1357\n|teamsize|p1|6\n|teamsize|p2|6\n|gen|5\n|tier|[Gen 5] OU\n|rated|\n|rule|Species Clause: Limit one of each Pok\u00e9mon\n|rule|OHKO Clause: OHKO moves are banned\n|rule|Moody Clause: Moody is banned\n|rule|Evasion Moves Clause: Evasion moves are banned\n|rule|Endless Battle Clause: Forcing endless battles is banned\n|rule|HP Percentage Mod: HP is shown in percentages\n|rule|Evasion Abilities Clause: Evasion abilities are banned\n|rule|Sleep Clause: Sleep-inducing moves are banned\n|rule|Swagger Clause: Swagger is banned\n|clearpoke\n|poke|p1|Keldeo-Resolute|item\n|poke|p1|Tyranitar, F|item\n|poke|p1|Jirachi|item\n|poke|p1|Xatu, M|item\n|poke|p1|Alakazam, F|item\n|poke|p1|Ferrothorn, M|item\n|poke|p2|Celebi|item\n|poke|p2|Volcarona, F|item\n|poke|p2|Terrakion|item\n|poke|p2|Bronzong|item\n|poke|p2|Starmie|item\n|poke|p2|Dragonite, M|item\n|teampreview\n|\n|t:|1656167828\n|start\n|switch|p1a: Jirachi|Jirachi|100\/100\n|switch|p2a: Bronzong|Bronzong|100\/100\n|turn|1\n|\n|t:|1656167835\n|move|p1a: Jirachi|Stealth Rock|p2a: Bronzong\n|-sidestart|p2: Darkininha|move: Stealth Rock\n|move|p2a: Bronzong|Reflect|p2a: Bronzong\n|-sidestart|p2: Darkininha|Reflect\n|\n|upkeep\n|turn|2\n|\n|t:|1656167840\n|move|p1a: Jirachi|U-turn|p2a: Bronzong\n|-damage|p2a: Bronzong|95\/100\n|\n|t:|1656167842\n|switch|p1a: Xatu|Xatu, M|100\/100|[from]move: U-turn\n|move|p2a: Bronzong|Light Screen|p2a: Bronzong\n|-sidestart|p2: Darkininha|move: Light Screen\n|\n|upkeep\n|turn|3\n|inactive|Battle timer is ON: inactive players will automatically lose when time's up. (requested by Highv0ltag3)\n|\n|t:|1656167848\n|switch|p2a: Starmie|Starmie|100\/100\n|-damage|p2a: Starmie|88\/100|[from] Stealth Rock\n|move|p1a: Xatu|Reflect|p1a: Xatu\n|-sidestart|p1: Highv0ltag3|Reflect\n|\n|upkeep\n|turn|4\n|\n|t:|1656167857\n|switch|p1a: Ferrothorn|Ferrothorn, M|100\/100\n|move|p2a: Starmie|Rapid Spin|p1a: Ferrothorn\n|-resisted|p1a: Ferrothorn\n|-damage|p1a: Ferrothorn|99\/100\n|-damage|p2a: Starmie|76\/100|[from] ability: Iron Barbs|[of] p1a: Ferrothorn\n|-sideend|p2: Darkininha|Stealth Rock|[from] move: Rapid Spin|[of] p2a: Starmie\n|-damage|p2a: Starmie|66\/100|[from] item: Life Orb\n|\n|-heal|p1a: Ferrothorn|100\/100|[from] item: Leftovers\n|upkeep\n|turn|5\n|\n|t:|1656167868\n|switch|p2a: Dragonite|Dragonite, M|100\/100\n|switch|p1a: Keldeo|Keldeo-Resolute|100\/100\n|\n|upkeep\n|turn|6\n|\n|t:|1656167876\n|switch|p1a: Ferrothorn|Ferrothorn, M|100\/100\n|move|p2a: Dragonite|Dragon Dance|p2a: Dragonite\n|-boost|p2a: Dragonite|atk|1\n|-boost|p2a: Dragonite|spe|1\n|\n|upkeep\n|turn|7\n|\n|t:|1656167883\n|move|p2a: Dragonite|Dragon Dance|p2a: Dragonite\n|-boost|p2a: Dragonite|atk|1\n|-boost|p2a: Dragonite|spe|1\n|move|p1a: Ferrothorn|Leech Seed|p2a: Dragonite\n|-start|p2a: Dragonite|move: Leech Seed\n|\n|-damage|p2a: Dragonite|88\/100|[from] Leech Seed|[of] p1a: Ferrothorn\n|-sideend|p1: Highv0ltag3|Reflect\n|upkeep\n|turn|8\n|\n|t:|1656167891\n|move|p2a: Dragonite|Fire Punch|p1a: Ferrothorn\n|-supereffective|p1a: Ferrothorn\n|-damage|p1a: Ferrothorn|0 fnt\n|-damage|p2a: Dragonite|76\/100|[from] ability: Iron Barbs|[of] p1a: Ferrothorn\n|faint|p1a: Ferrothorn\n|\n|-sideend|p2: Darkininha|Reflect\n|upkeep\n|\n|t:|1656167910\n|switch|p1a: Jirachi|Jirachi|100\/100\n|turn|9\n|\n|t:|1656167921\n|move|p2a: Dragonite|Fire Punch|p1a: Jirachi\n|-supereffective|p1a: Jirachi\n|-damage|p1a: Jirachi|7\/100\n|move|p1a: Jirachi|Body Slam|p2a: Dragonite\n|-damage|p2a: Dragonite|50\/100\n|\n|-heal|p1a: Jirachi|14\/100|[from] item: Leftovers\n|-damage|p2a: Dragonite|38\/100|[from] Leech Seed|[of] p1a: Jirachi\n|-heal|p1a: Jirachi|24\/100|[silent]\n|-sideend|p2: Darkininha|move: Light Screen\n|upkeep\n|turn|10\n|\n|t:|1656167932\n|move|p2a: Dragonite|Fire Punch|p1a: Jirachi\n|-supereffective|p1a: Jirachi\n|-damage|p1a: Jirachi|0 fnt\n|faint|p1a: Jirachi\n|\n|upkeep\n|\n|t:|1656167937\n|switch|p1a: Alakazam|Alakazam, F|100\/100\n|turn|11\n|\n|t:|1656167940\n|move|p2a: Dragonite|Dragon Claw|p1a: Alakazam\n|-crit|p1a: Alakazam\n|-enditem|p1a: Alakazam|Focus Sash\n|-damage|p1a: Alakazam|1\/100\n|move|p1a: Alakazam|Psychic|p2a: Dragonite\n|-damage|p2a: Dragonite|0 fnt\n|faint|p2a: Dragonite\n|\n|upkeep\n|\n|t:|1656167950\n|switch|p2a: Bronzong|Bronzong|95\/100\n|turn|12\n|\n|t:|1656167954\n|switch|p1a: Xatu|Xatu, M|100\/100\n|move|p2a: Bronzong|Reflect|p2a: Bronzong\n|-sidestart|p2: Darkininha|Reflect\n|\n|upkeep\n|turn|13\n|\n|t:|1656167961\n|move|p1a: Xatu|Reflect|p1a: Xatu\n|-sidestart|p1: Highv0ltag3|Reflect\n|move|p2a: Bronzong|Light Screen|p2a: Bronzong\n|-sidestart|p2: Darkininha|move: Light Screen\n|\n|upkeep\n|turn|14\n|\n|t:|1656167967\n|switch|p2a: Volcarona|Volcarona, F|100\/100\n|move|p1a: Xatu|Toxic|p2a: Volcarona|[miss]\n|-miss|p1a: Xatu|p2a: Volcarona\n|\n|upkeep\n|turn|15\n|c|\u2606Highv0ltag3|fuck\n|\n|t:|1656167974\n|move|p2a: Volcarona|Quiver Dance|p2a: Volcarona\n|-boost|p2a: Volcarona|spa|1\n|-boost|p2a: Volcarona|spd|1\n|-boost|p2a: Volcarona|spe|1\n|move|p1a: Xatu|Toxic|p2a: Volcarona\n|-status|p2a: Volcarona|tox\n|\n|-damage|p2a: Volcarona|94\/100 tox|[from] psn\n|upkeep\n|turn|16\n|\n|t:|1656167983\n|switch|p1a: Tyranitar|Tyranitar, F|100\/100\n|-weather|Sandstorm|[from] ability: Sand Stream|[of] p1a: Tyranitar\n|move|p2a: Volcarona|Quiver Dance|p2a: Volcarona\n|-boost|p2a: Volcarona|spa|1\n|-boost|p2a: Volcarona|spd|1\n|-boost|p2a: Volcarona|spe|1\n|\n|-weather|Sandstorm|[upkeep]\n|-damage|p2a: Volcarona|88\/100 tox|[from] Sandstorm\n|-damage|p2a: Volcarona|76\/100 tox|[from] psn\n|upkeep\n|turn|17\n|\n|t:|1656167997\n|switch|p1a: Keldeo|Keldeo-Resolute|100\/100\n|move|p2a: Volcarona|Bug Buzz|p1a: Keldeo\n|-resisted|p1a: Keldeo\n|-damage|p1a: Keldeo|44\/100\n|\n|-weather|Sandstorm|[upkeep]\n|-damage|p2a: Volcarona|70\/100 tox|[from] Sandstorm\n|-damage|p1a: Keldeo|38\/100|[from] Sandstorm\n|-damage|p2a: Volcarona|52\/100 tox|[from] psn\n|-sideend|p1: Highv0ltag3|Reflect\n|upkeep\n|turn|18\n|\n|t:|1656168008\n|switch|p1a: Xatu|Xatu, M|100\/100\n|move|p2a: Volcarona|Bug Buzz|p1a: Xatu\n|-damage|p1a: Xatu|0 fnt\n|faint|p1a: Xatu\n|\n|-weather|Sandstorm|[upkeep]\n|-damage|p2a: Volcarona|46\/100 tox|[from] Sandstorm\n|-damage|p2a: Volcarona|21\/100 tox|[from] psn\n|upkeep\n|\n|t:|1656168026\n|switch|p1a: Alakazam|Alakazam, F|1\/100\n|turn|19\n|\n|t:|1656168030\n|move|p2a: Volcarona|Bug Buzz|p1a: Alakazam\n|-supereffective|p1a: Alakazam\n|-damage|p1a: Alakazam|0 fnt\n|faint|p1a: Alakazam\n|\n|-weather|Sandstorm|[upkeep]\n|-damage|p2a: Volcarona|15\/100 tox|[from] Sandstorm\n|-damage|p2a: Volcarona|0 fnt|[from] psn\n|faint|p2a: Volcarona\n|-sideend|p2: Darkininha|Reflect\n|upkeep\n|\n|t:|1656168041\n|switch|p1a: Keldeo|Keldeo-Resolute|38\/100\n|switch|p2a: Terrakion|Terrakion|100\/100\n|turn|20\n|\n|t:|1656168046\n|move|p2a: Terrakion|Close Combat|p1a: Keldeo\n|-damage|p1a: Keldeo|0 fnt\n|-unboost|p2a: Terrakion|def|1\n|-unboost|p2a: Terrakion|spd|1\n|faint|p1a: Keldeo\n|\n|-weather|Sandstorm|[upkeep]\n|-sideend|p2: Darkininha|move: Light Screen\n|upkeep\n|-message|Highv0ltag3 forfeited.\n|\n|win|Darkininha\n|raw|Highv0ltag3's rating: 1424 &rarr; <strong>1400<\/strong><br \/>(-24 for losing)\n|raw|Darkininha's rating: 1357 &rarr; <strong>1381<\/strong><br \/>(+24 for winning)\n|l|\u2606Highv0ltag3\n||Ladder isn't responding, score probably updated but might not have (Request timeout).\n","uploadtime":1656168072,"views":20,"p1id":"highv0ltag3","p2id":"darkininha","formatid":"gen5ou","rating":1381,"private":0,"password":null}