{"id":"gen6pu-1704423319","p1":"lou dort","p2":"rubycandy","format":"gen6pu","log":"|j|\u203dlou dort\n|j|\u2606rubycandy\n|t:|1667773931\n|gametype|singles\n|player|p1|lou dort|zinnia|\n|player|p2|rubycandy|caitlin|\n|teamsize|p1|6\n|teamsize|p2|6\n|gen|6\n|tier|[Gen 6] PU\n|rated|Tournament battle\n|rule|Sleep Clause Mod: Limit one foe put to sleep\n|rule|Species Clause: Limit one of each Pok\u00e9mon\n|rule|OHKO Clause: OHKO moves are banned\n|rule|Moody Clause: Moody is banned\n|rule|Evasion Items Clause: Evasion items are banned\n|rule|Evasion Moves Clause: Evasion moves are banned\n|rule|Endless Battle Clause: Forcing endless battles is banned\n|rule|HP Percentage Mod: HP is shown in percentages\n|rule|Swagger Clause: Swagger is banned\n|clearpoke\n|poke|p1|Mr. Mime, F|item\n|poke|p1|Dusknoir, M|item\n|poke|p1|Monferno, F|item\n|poke|p1|Rotom-Frost|item\n|poke|p1|Golem, F|item\n|poke|p1|Leafeon, M|item\n|poke|p2|Prinplup, M|item\n|poke|p2|Golem, F|item\n|poke|p2|Zebstrika, F|item\n|poke|p2|Dodrio, M|item\n|poke|p2|Roselia, M|item\n|poke|p2|Stoutland, M|item\n|teampreview\n|j| BB-8-NU\n|inactive|Battle timer is ON: inactive players will automatically lose when time's up. (requested by lou dort)\n|inactive|lou dort has 120 seconds left.\n|\n|t:|1667773965\n|start\n|switch|p1a: Golem|Golem, F|100\/100\n|switch|p2a: Prinplup|Prinplup, M|100\/100\n|turn|1\n|j|%ibbysonlyfan\n|\n|t:|1667773973\n|move|p1a: Golem|Earthquake|p2a: Prinplup\n|-damage|p2a: Prinplup|67\/100\n|move|p2a: Prinplup|Stealth Rock|p1a: Golem\n|-sidestart|p1: lou dort|move: Stealth Rock\n|\n|upkeep\n|turn|2\n|\n|t:|1667773977\n|move|p1a: Golem|Stealth Rock|p2a: Prinplup\n|-sidestart|p2: rubycandy|move: Stealth Rock\n|move|p2a: Prinplup|Scald|p1a: Golem\n|-supereffective|p1a: Golem\n|-ability|p1a: Golem|Sturdy\n|-damage|p1a: Golem|1\/100\n|-enditem|p1a: Golem|Weakness Policy\n|-boost|p1a: Golem|atk|2|[from] item: Weakness Policy\n|-boost|p1a: Golem|spa|2|[from] item: Weakness Policy\n|\n|upkeep\n|turn|3\n|\n|t:|1667773982\n|move|p1a: Golem|Sucker Punch|p2a: Prinplup\n|-damage|p2a: Prinplup|32\/100\n|move|p2a: Prinplup|Scald|p1a: Golem\n|-supereffective|p1a: Golem\n|-damage|p1a: Golem|0 fnt\n|faint|p1a: Golem\n|\n|upkeep\n|\n|t:|1667773985\n|switch|p1a: Leafeon|Leafeon, M|100\/100\n|-damage|p1a: Leafeon|88\/100|[from] Stealth Rock\n|turn|4\n|\n|t:|1667773992\n|switch|p2a: Roselia|Roselia, M|100\/100\n|-damage|p2a: Roselia|88\/100|[from] Stealth Rock\n|move|p1a: Leafeon|Leaf Blade|p2a: Roselia\n|-resisted|p2a: Roselia\n|-damage|p2a: Roselia|75\/100\n|\n|upkeep\n|turn|5\n|\n|t:|1667773998\n|switch|p1a: Dusknoir|Dusknoir, M|100\/100\n|-damage|p1a: Dusknoir|88\/100|[from] Stealth Rock\n|-item|p2a: Roselia|Eviolite|[from] ability: Frisk|[of] p1a: Dusknoir|[identify]\n|move|p2a: Roselia|Spikes|p1a: Dusknoir\n|-sidestart|p1: lou dort|Spikes\n|\n|upkeep\n|turn|6\n|\n|t:|1667774004\n|switch|p2a: Golem|Golem, F|100\/100\n|-damage|p2a: Golem|94\/100|[from] Stealth Rock\n|move|p1a: Dusknoir|Ice Punch|p2a: Golem\n|-supereffective|p2a: Golem\n|-damage|p2a: Golem|47\/100\n|-damage|p1a: Dusknoir|79\/100|[from] item: Life Orb\n|\n|-heal|p2a: Golem|53\/100|[from] item: Leftovers\n|upkeep\n|turn|7\n|\n|t:|1667774009\n|move|p1a: Dusknoir|Ice Punch|p2a: Golem\n|-supereffective|p2a: Golem\n|-damage|p2a: Golem|8\/100\n|-damage|p1a: Dusknoir|69\/100|[from] item: Life Orb\n|move|p2a: Golem|Earthquake|p1a: Dusknoir\n|-damage|p1a: Dusknoir|29\/100\n|\n|-heal|p2a: Golem|14\/100|[from] item: Leftovers\n|upkeep\n|turn|8\n|\n|t:|1667774015\n|move|p1a: Dusknoir|Pursuit|p2a: Golem\n|-damage|p2a: Golem|2\/100\n|-damage|p1a: Dusknoir|19\/100|[from] item: Life Orb\n|move|p2a: Golem|Earthquake|p1a: Dusknoir\n|-damage|p1a: Dusknoir|0 fnt\n|faint|p1a: Dusknoir\n|\n|-heal|p2a: Golem|8\/100|[from] item: Leftovers\n|upkeep\n|\n|t:|1667774035\n|switch|p1a: Leafeon|Leafeon, M|88\/100\n|-damage|p1a: Leafeon|76\/100|[from] Stealth Rock\n|-damage|p1a: Leafeon|64\/100|[from] Spikes\n|turn|9\n|\n|t:|1667774040\n|move|p1a: Leafeon|Sunny Day|p1a: Leafeon\n|-weather|SunnyDay\n|move|p2a: Golem|Stone Edge|p1a: Leafeon|[miss]\n|-miss|p2a: Golem|p1a: Leafeon\n|\n|-weather|SunnyDay|[upkeep]\n|-heal|p2a: Golem|14\/100|[from] item: Leftovers\n|upkeep\n|turn|10\n|\n|t:|1667774045\n|move|p1a: Leafeon|Synthesis|p1a: Leafeon\n|-heal|p1a: Leafeon|100\/100\n|move|p2a: Golem|Stone Edge|p1a: Leafeon\n|-damage|p1a: Leafeon|61\/100\n|\n|-weather|SunnyDay|[upkeep]\n|-heal|p2a: Golem|20\/100|[from] item: Leftovers\n|upkeep\n|turn|11\n|\n|t:|1667774050\n|move|p1a: Leafeon|Leaf Blade|p2a: Golem\n|-supereffective|p2a: Golem\n|-damage|p2a: Golem|0 fnt\n|faint|p2a: Golem\n|\n|-weather|SunnyDay|[upkeep]\n|upkeep\n|\n|t:|1667774056\n|switch|p2a: Roselia|Roselia, M|75\/100\n|-damage|p2a: Roselia|63\/100|[from] Stealth Rock\n|turn|12\n|\n|t:|1667774067\n|move|p1a: Leafeon|Knock Off|p2a: Roselia\n|-damage|p2a: Roselia|25\/100\n|-enditem|p2a: Roselia|Eviolite|[from] move: Knock Off|[of] p1a: Leafeon\n|move|p2a: Roselia|Synthesis|p2a: Roselia\n|-heal|p2a: Roselia|92\/100\n|\n|-weather|SunnyDay|[upkeep]\n|upkeep\n|turn|13\n|\n|t:|1667774075\n|switch|p1a: Rotom|Rotom-Frost|100\/100\n|-damage|p1a: Rotom|76\/100|[from] Stealth Rock\n|move|p2a: Roselia|Sludge Bomb|p1a: Rotom\n|-damage|p1a: Rotom|37\/100\n|\n|-weather|none\n|upkeep\n|turn|14\n|\n|t:|1667774085\n|move|p1a: Rotom|Blizzard|p2a: Roselia\n|-supereffective|p2a: Roselia\n|-damage|p2a: Roselia|0 fnt\n|faint|p2a: Roselia\n|\n|upkeep\n|\n|t:|1667774089\n|switch|p2a: Prinplup|Prinplup, M|32\/100\n|-damage|p2a: Prinplup|20\/100|[from] Stealth Rock\n|turn|15\n|\n|t:|1667774099\n|move|p1a: Rotom|Blizzard|p2a: Prinplup\n|-resisted|p2a: Prinplup\n|-damage|p2a: Prinplup|0 fnt\n|faint|p2a: Prinplup\n|\n|upkeep\n|\n|t:|1667774108\n|switch|p2a: Zebstrika|Zebstrika, F|100\/100\n|-damage|p2a: Zebstrika|88\/100|[from] Stealth Rock\n|turn|16\n|\n|t:|1667774116\n|move|p1a: Rotom|Blizzard|p2a: Zebstrika\n|-crit|p2a: Zebstrika\n|-damage|p2a: Zebstrika|0 fnt\n|faint|p2a: Zebstrika\n|\n|upkeep\n|\n|t:|1667774120\n|switch|p2a: Stoutland|Stoutland, M|100\/100\n|-damage|p2a: Stoutland|88\/100|[from] Stealth Rock\n|turn|17\n|\n|t:|1667774122\n|move|p1a: Rotom|Blizzard|p2a: Stoutland\n|-damage|p2a: Stoutland|33\/100\n|move|p2a: Stoutland|Facade|p1a: Rotom\n|-damage|p1a: Rotom|0 fnt\n|faint|p1a: Rotom\n|\n|upkeep\n|\n|t:|1667774127\n|switch|p1a: Monferno|Monferno, F|100\/100\n|-damage|p1a: Monferno|88\/100|[from] Stealth Rock\n|-damage|p1a: Monferno|76\/100|[from] Spikes\n|turn|18\n|\n|t:|1667774130\n|move|p1a: Monferno|Mach Punch|p2a: Stoutland\n|-supereffective|p2a: Stoutland\n|-crit|p2a: Stoutland\n|-damage|p2a: Stoutland|0 fnt\n|faint|p2a: Stoutland\n|\n|upkeep\n|\n|t:|1667774133\n|switch|p2a: Dodrio|Dodrio, M|100\/100\n|-damage|p2a: Dodrio|76\/100|[from] Stealth Rock\n|turn|19\n|\n|t:|1667774136\n|move|p1a: Monferno|Mach Punch|p2a: Dodrio\n|-damage|p2a: Dodrio|42\/100\n|move|p2a: Dodrio|Brave Bird|p1a: Monferno\n|-supereffective|p1a: Monferno\n|-damage|p1a: Monferno|0 fnt\n|faint|p1a: Monferno\n|-damage|p2a: Dodrio|16\/100|[from] Recoil\n|\n|upkeep\n|\n|t:|1667774138\n|switch|p1a: Leafeon|Leafeon, M|61\/100\n|-damage|p1a: Leafeon|48\/100|[from] Stealth Rock\n|-damage|p1a: Leafeon|36\/100|[from] Spikes\n|turn|20\n|\n|t:|1667774141\n|move|p2a: Dodrio|Brave Bird|p1a: Leafeon\n|-supereffective|p1a: Leafeon\n|-damage|p1a: Leafeon|0 fnt\n|faint|p1a: Leafeon\n|-damage|p2a: Dodrio|4\/100|[from] Recoil\n|\n|upkeep\n|\n|t:|1667774143\n|switch|p1a: Mr. Mime|Mr. Mime, F|100\/100\n|-damage|p1a: Mr. Mime|88\/100|[from] Stealth Rock\n|-damage|p1a: Mr. Mime|76\/100|[from] Spikes\n|turn|21\n|\n|t:|1667774147\n|move|p2a: Dodrio|Brave Bird|p1a: Mr. Mime\n|-damage|p1a: Mr. Mime|0 fnt\n|faint|p1a: Mr. Mime\n|-damage|p2a: Dodrio|0 fnt|[from] Recoil\n|faint|p2a: Dodrio\n|\n|win|rubycandy\n|n|\u203dlou dort|loudort\n|n|\u2606rubycandy|rubycandy\n|n| BB-8-NU|bb8nu\n|n| ibbysonlyfan|ibbysonlyfan\n","uploadtime":1667774148,"views":6,"p1id":"loudort","p2id":"rubycandy","formatid":"gen6pu","rating":0,"private":0,"password":null}