{"id":"gen6ou-1693149332","p1":"BTLT6 Truths","p2":"Mimikyu Stardust","format":"gen6ou","log":"|raw|<div class=\"broadcast-blue\"><strong>This battle is required to be public due to a player having a name starting with 'btlt6'.<\/div>\n|j|\u2606BTLT6 Truths\n|j|\u2606Mimikyu Stardust\n|t:|1666568345\n|gametype|singles\n|player|p1|BTLT6 Truths|hilda-wonderlauncher|1154\n|player|p2|Mimikyu Stardust|#zuplivbutterfree|1383\n|teamsize|p1|6\n|teamsize|p2|6\n|gen|6\n|tier|[Gen 6] OU\n|rated|\n|rule|Sleep Clause Mod: Limit one foe put to sleep\n|rule|Species Clause: Limit one of each Pok\u00e9mon\n|rule|OHKO Clause: OHKO moves are banned\n|rule|Moody Clause: Moody is banned\n|rule|Evasion Items Clause: Evasion items are banned\n|rule|Evasion Moves Clause: Evasion moves are banned\n|rule|Endless Battle Clause: Forcing endless battles is banned\n|rule|HP Percentage Mod: HP is shown in percentages\n|rule|Swagger Clause: Swagger is banned\n|clearpoke\n|poke|p1|Garchomp, F|item\n|poke|p1|Keldeo|item\n|poke|p1|Diancie|item\n|poke|p1|Serperior, M|item\n|poke|p1|Talonflame, F|item\n|poke|p1|Bisharp, F|item\n|poke|p2|Medicham, M|item\n|poke|p2|Thundurus, M|item\n|poke|p2|Gastrodon, M|item\n|poke|p2|Skarmory, F|item\n|poke|p2|Tyranitar, M|item\n|poke|p2|Clefable, F|item\n|teampreview\n|inactive|Battle timer is ON: inactive players will automatically lose when time's up. (requested by BTLT6 Truths)\n|c|\u2606BTLT6 Truths|big fan\n|c|\u2606Mimikyu Stardust|hf\n|\n|t:|1666568359\n|start\n|switch|p1a: Suzuka Gongen|Garchomp, F|100\/100\n|switch|p2a: King Numeros|Medicham, M|100\/100\n|turn|1\n|\n|t:|1666568389\n|detailschange|p2a: King Numeros|Medicham-Mega, M\n|-mega|p2a: King Numeros|Medicham|Medichamite\n|move|p1a: Suzuka Gongen|Stealth Rock|p2a: King Numeros\n|-sidestart|p2: Mimikyu Stardust|move: Stealth Rock\n|move|p2a: King Numeros|Ice Punch|p1a: Suzuka Gongen\n|-supereffective|p1a: Suzuka Gongen\n|-damage|p1a: Suzuka Gongen|0 fnt\n|-damage|p2a: King Numeros|88\/100|[from] ability: Rough Skin|[of] p1a: Suzuka Gongen\n|-damage|p2a: King Numeros|72\/100|[from] item: Rocky Helmet|[of] p1a: Suzuka Gongen\n|faint|p1a: Suzuka Gongen\n|\n|upkeep\n|inactive|BTLT6 Truths has 120 seconds left.\n|\n|t:|1666568424\n|switch|p1a: Amaterasu|Talonflame, F|100\/100\n|turn|2\n|inactive|Mimikyu Stardust has 120 seconds left.\n|\n|t:|1666568461\n|switch|p2a: Sugarhigh|Tyranitar, M|100\/100\n|-damage|p2a: Sugarhigh|88\/100|[from] Stealth Rock\n|-weather|Sandstorm|[from] ability: Sand Stream|[of] p2a: Sugarhigh\n|move|p1a: Amaterasu|Flare Blitz|p2a: Sugarhigh\n|-resisted|p2a: Sugarhigh\n|-damage|p2a: Sugarhigh|59\/100\n|-damage|p1a: Amaterasu|89\/100|[from] Recoil\n|\n|-weather|Sandstorm|[upkeep]\n|-damage|p1a: Amaterasu|83\/100|[from] Sandstorm\n|upkeep\n|turn|3\n|\n|t:|1666568469\n|switch|p1a: Kamui|Keldeo|100\/100\n|move|p2a: Sugarhigh|Stone Edge|p1a: Kamui\n|-resisted|p1a: Kamui\n|-crit|p1a: Kamui\n|-damage|p1a: Kamui|58\/100\n|\n|-weather|Sandstorm|[upkeep]\n|-damage|p1a: Kamui|52\/100|[from] Sandstorm\n|upkeep\n|turn|4\n|inactive|Mimikyu Stardust has 120 seconds left.\n|\n|t:|1666568477\n|switch|p2a: WhiteQueen|Clefable, F|100\/100\n|move|p1a: Kamui|Secret Sword|p2a: WhiteQueen\n|-resisted|p2a: WhiteQueen\n|-damage|p2a: WhiteQueen|70\/100\n|\n|-weather|Sandstorm|[upkeep]\n|-damage|p1a: Kamui|46\/100|[from] Sandstorm\n|-heal|p2a: WhiteQueen|76\/100|[from] item: Leftovers\n|upkeep\n|turn|5\n|inactive|BTLT6 Truths has 120 seconds left.\n|\n|t:|1666568492\n|switch|p1a: Izanagi-No-Okami|Bisharp, F|100\/100\n|move|p2a: WhiteQueen|Thunder Wave|p1a: Izanagi-No-Okami\n|-status|p1a: Izanagi-No-Okami|par\n|\n|-weather|Sandstorm|[upkeep]\n|-heal|p2a: WhiteQueen|82\/100|[from] item: Leftovers\n|upkeep\n|turn|6\n|\n|t:|1666568503\n|switch|p2a: Blarajan|Skarmory, F|100\/100\n|-damage|p2a: Blarajan|88\/100|[from] Stealth Rock\n|move|p1a: Izanagi-No-Okami|Knock Off|p2a: Blarajan\n|-damage|p2a: Blarajan|42\/100\n|-enditem|p2a: Blarajan|Leftovers|[from] move: Knock Off|[of] p1a: Izanagi-No-Okami\n|\n|-weather|none\n|upkeep\n|turn|7\n|inactive|BTLT6 Truths has 120 seconds left.\n|\n|t:|1666568512\n|switch|p1a: Amaterasu|Talonflame, F|83\/100\n|move|p2a: Blarajan|Stealth Rock|p1a: Amaterasu\n|-sidestart|p1: BTLT6 Truths|move: Stealth Rock\n|\n|upkeep\n|turn|8\n|\n|t:|1666568520\n|move|p1a: Amaterasu|Flare Blitz|p2a: Blarajan\n|-supereffective|p2a: Blarajan\n|-damage|p2a: Blarajan|0 fnt\n|faint|p2a: Blarajan\n|-damage|p1a: Amaterasu|68\/100|[from] Recoil\n|\n|upkeep\n|\n|t:|1666568524\n|switch|p2a: Sugarhigh|Tyranitar, M|59\/100\n|-damage|p2a: Sugarhigh|47\/100|[from] Stealth Rock\n|-weather|Sandstorm|[from] ability: Sand Stream|[of] p2a: Sugarhigh\n|turn|9\n|\n|t:|1666568528\n|move|p1a: Amaterasu|Flare Blitz|p2a: Sugarhigh\n|-resisted|p2a: Sugarhigh\n|-damage|p2a: Sugarhigh|15\/100\n|-damage|p1a: Amaterasu|56\/100|[from] Recoil\n|move|p2a: Sugarhigh|Crunch|p1a: Amaterasu\n|-damage|p1a: Amaterasu|0 fnt\n|faint|p1a: Amaterasu\n|\n|-weather|Sandstorm|[upkeep]\n|upkeep\n|\n|t:|1666568536\n|switch|p1a: Kamui|Keldeo|46\/100\n|-damage|p1a: Kamui|40\/100|[from] Stealth Rock\n|turn|10\n|\n|t:|1666568549\n|switch|p2a: Alkov|Gastrodon, M|100\/100\n|-damage|p2a: Alkov|94\/100|[from] Stealth Rock\n|move|p1a: Kamui|Secret Sword|p2a: Alkov\n|-crit|p2a: Alkov\n|-damage|p2a: Alkov|16\/100\n|\n|-weather|Sandstorm|[upkeep]\n|-damage|p1a: Kamui|33\/100|[from] Sandstorm\n|-heal|p2a: Alkov|22\/100|[from] item: Leftovers\n|upkeep\n|turn|11\n|c|\u2606BTLT6 Truths|srry\n|\n|t:|1666568557\n|switch|p1a: Izanagi-No-Okami|Bisharp, F|100\/100 par\n|-damage|p1a: Izanagi-No-Okami|95\/100 par|[from] Stealth Rock\n|switch|p2a: WhiteQueen|Clefable, F|82\/100\n|\n|-weather|Sandstorm|[upkeep]\n|-heal|p2a: WhiteQueen|88\/100|[from] item: Leftovers\n|upkeep\n|turn|12\n|\n|t:|1666568563\n|switch|p2a: Alkov|Gastrodon, M|22\/100\n|-damage|p2a: Alkov|16\/100|[from] Stealth Rock\n|move|p1a: Izanagi-No-Okami|Iron Head|p2a: Alkov\n|-resisted|p2a: Alkov\n|-crit|p2a: Alkov\n|-damage|p2a: Alkov|0 fnt\n|faint|p2a: Alkov\n|\n|-weather|Sandstorm|[upkeep]\n|upkeep\n|\n|t:|1666568566\n|switch|p2a: King Numeros|Medicham-Mega, M|72\/100\n|-damage|p2a: King Numeros|66\/100|[from] Stealth Rock\n|turn|13\n|\n|t:|1666568571\n|move|p1a: Izanagi-No-Okami|Sucker Punch|p2a: King Numeros\n|-crit|p2a: King Numeros\n|-damage|p2a: King Numeros|0 fnt\n|faint|p2a: King Numeros\n|\n|-weather|none\n|upkeep\n|c|\u2606Mimikyu Stardust|nw\n|\n|t:|1666568575\n|switch|p2a: JohnYiu|Thundurus, M|100\/100\n|-damage|p2a: JohnYiu|76\/100|[from] Stealth Rock\n|turn|14\n|c|\u2606BTLT6 Truths|is this like someone's wcop team btw? I think i seen it before\n|\n|t:|1666568591\n|move|p2a: JohnYiu|Focus Blast|p1a: Izanagi-No-Okami\n|-supereffective|p1a: Izanagi-No-Okami\n|-damage|p1a: Izanagi-No-Okami|0 fnt\n|faint|p1a: Izanagi-No-Okami\n|-damage|p2a: JohnYiu|66\/100|[from] item: Life Orb\n|\n|upkeep\n|\n|t:|1666568600\n|switch|p1a: Kazeon|Diancie|100\/100\n|-damage|p1a: Kazeon|88\/100|[from] Stealth Rock\n|turn|15\n|c|\u2606Mimikyu Stardust|yes\n|\n|t:|1666568616\n|detailschange|p1a: Kazeon|Diancie-Mega\n|-mega|p1a: Kazeon|Diancie|Diancite\n|move|p1a: Kazeon|Protect|p1a: Kazeon\n|-singleturn|p1a: Kazeon|Protect\n|move|p2a: JohnYiu|Thunderbolt|p1a: Kazeon\n|-activate|p1a: Kazeon|move: Protect\n|\n|upkeep\n|turn|16\n|inactive|BTLT6 Truths has 120 seconds left.\n|\n|t:|1666568656\n|move|p2a: JohnYiu|Thunderbolt|p1a: Kazeon\n|-damage|p1a: Kazeon|2\/100\n|-damage|p2a: JohnYiu|56\/100|[from] item: Life Orb\n|move|p1a: Kazeon|Moonblast|p2a: JohnYiu\n|-damage|p2a: JohnYiu|0 fnt\n|faint|p2a: JohnYiu\n|\n|upkeep\n|\n|t:|1666568665\n|switch|p2a: Sugarhigh|Tyranitar, M|15\/100\n|-damage|p2a: Sugarhigh|2\/100|[from] Stealth Rock\n|-weather|Sandstorm|[from] ability: Sand Stream|[of] p2a: Sugarhigh\n|turn|17\n|\n|t:|1666568668\n|move|p2a: Sugarhigh|Stone Edge|p1a: Kazeon\n|-damage|p1a: Kazeon|0 fnt\n|faint|p1a: Kazeon\n|\n|-weather|Sandstorm|[upkeep]\n|upkeep\n|inactive|BTLT6 Truths has 120 seconds left.\n|\n|t:|1666568680\n|switch|p1a: Yamato-Takeru|Serperior, M|100\/100\n|-damage|p1a: Yamato-Takeru|88\/100|[from] Stealth Rock\n|turn|18\n|\n|t:|1666568684\n|move|p2a: Sugarhigh|Stone Edge|p1a: Yamato-Takeru\n|-damage|p1a: Yamato-Takeru|23\/100\n|move|p1a: Yamato-Takeru|Leaf Storm|p2a: Sugarhigh\n|-supereffective|p2a: Sugarhigh\n|-damage|p2a: Sugarhigh|0 fnt\n|-boost|p1a: Yamato-Takeru|spa|2\n|faint|p2a: Sugarhigh\n|\n|-weather|Sandstorm|[upkeep]\n|-damage|p1a: Yamato-Takeru|17\/100|[from] Sandstorm\n|-heal|p1a: Yamato-Takeru|23\/100|[from] item: Leftovers\n|upkeep\n|\n|t:|1666568686\n|switch|p2a: WhiteQueen|Clefable, F|88\/100\n|turn|19\n|\n|t:|1666568688\n|move|p1a: Yamato-Takeru|Leaf Storm|p2a: WhiteQueen\n|-damage|p2a: WhiteQueen|21\/100\n|-boost|p1a: Yamato-Takeru|spa|2\n|move|p2a: WhiteQueen|Thunder Wave|p1a: Yamato-Takeru\n|-status|p1a: Yamato-Takeru|par\n|\n|-weather|Sandstorm|[upkeep]\n|-damage|p1a: Yamato-Takeru|17\/100 par|[from] Sandstorm\n|-heal|p2a: WhiteQueen|27\/100|[from] item: Leftovers\n|-heal|p1a: Yamato-Takeru|23\/100 par|[from] item: Leftovers\n|upkeep\n|turn|20\n|\n|t:|1666568692\n|move|p2a: WhiteQueen|Soft-Boiled|p2a: WhiteQueen\n|-heal|p2a: WhiteQueen|77\/100\n|move|p1a: Yamato-Takeru|Leaf Storm|p2a: WhiteQueen\n|-damage|p2a: WhiteQueen|0 fnt\n|-boost|p1a: Yamato-Takeru|spa|2\n|faint|p2a: WhiteQueen\n|\n|win|BTLT6 Truths\n|raw|BTLT6 Truths's rating: 1154 &rarr; <strong>1193<\/strong><br \/>(+39 for winning)\n|raw|Mimikyu Stardust's rating: 1369 &rarr; <strong>1338<\/strong><br \/>(-31 for losing)\n|l|\u2606Mimikyu Stardust\n|c|\u2606BTLT6 Truths|gg\n","uploadtime":1666568700,"views":25,"p1id":"btlt6truths","p2id":"mimikyustardust","formatid":"gen6ou","rating":1193,"private":0,"password":null}