{"id":"gen6ou-1196499610","p1":"Not4","p2":"cows123p","format":"gen6ou","log":"|j|\u2606Not4\n|j|\u2606cows123p\n|t:|1601604870\n|player|p1|Not4|clerkf|1341\n|player|p2|cows123p|swimmerf|1225\n|teamsize|p1|6\n|teamsize|p2|6\n|gametype|singles\n|gen|6\n|tier|[Gen 6] OU\n|rated|\n|clearpoke\n|poke|p1|Tyranitar, M|item\n|poke|p1|Rotom-Wash|item\n|poke|p1|Togekiss, M|item\n|poke|p1|Roserade, M|item\n|poke|p1|Excadrill, F|item\n|poke|p1|Charizard, M|item\n|poke|p2|Scolipede, M|item\n|poke|p2|Weavile, F|item\n|poke|p2|Keldeo|item\n|poke|p2|Latias, F|item\n|poke|p2|Magnezone|item\n|poke|p2|Azumarill, F|item\n|rule|Sleep Clause Mod: Limit one foe put to sleep\n|rule|Species Clause: Limit one of each Pok\u00e9mon\n|rule|OHKO Clause: OHKO moves are banned\n|rule|Moody Clause: Moody is banned\n|rule|Evasion Moves Clause: Evasion moves are banned\n|rule|Endless Battle Clause: Forcing endless battles is banned\n|rule|HP Percentage Mod: HP is shown in percentages\n|rule|Swagger Clause: Swagger is banned\n|teampreview\n|inactive|Battle timer is ON: inactive players will automatically lose when time's up. (requested by Not4)\n|\n|t:|1601604889\n|start\n|switch|p1a: Charizard|Charizard, M|100\/100\n|switch|p2a: Scolipede|Scolipede, M|100\/100\n|turn|1\n|\n|t:|1601604894\n|switch|p2a: Latias|Latias, F|100\/100\n|detailschange|p1a: Charizard|Charizard-Mega-Y, M\n|-mega|p1a: Charizard|Charizard|Charizardite Y\n|-weather|SunnyDay|[from] ability: Drought|[of] p1a: Charizard\n|move|p1a: Charizard|Fire Blast|p2a: Latias\n|-resisted|p2a: Latias\n|-damage|p2a: Latias|66\/100\n|\n|-weather|SunnyDay|[upkeep]\n|upkeep\n|turn|2\n|\n|t:|1601604904\n|switch|p1a: Tyranitar|Tyranitar, M|100\/100\n|-weather|Sandstorm|[from] ability: Sand Stream|[of] p1a: Tyranitar\n|detailschange|p2a: Latias|Latias-Mega, F\n|-mega|p2a: Latias|Latias|Latiasite\n|move|p2a: Latias|Toxic|p1a: Tyranitar\n|-status|p1a: Tyranitar|tox\n|\n|-weather|Sandstorm|[upkeep]\n|-damage|p2a: Latias|60\/100|[from] Sandstorm\n|-damage|p1a: Tyranitar|94\/100 tox|[from] psn\n|upkeep\n|turn|3\n|\n|t:|1601604915\n|move|p2a: Latias|Recover|p2a: Latias\n|-heal|p2a: Latias|100\/100\n|move|p1a: Tyranitar|Pursuit|p2a: Latias\n|-supereffective|p2a: Latias\n|-damage|p2a: Latias|62\/100\n|\n|-weather|Sandstorm|[upkeep]\n|-damage|p2a: Latias|56\/100|[from] Sandstorm\n|-damage|p1a: Tyranitar|82\/100 tox|[from] psn\n|upkeep\n|turn|4\n|\n|t:|1601604924\n|move|p2a: Latias|Recover|p2a: Latias\n|-heal|p2a: Latias|100\/100\n|move|p1a: Tyranitar|Stealth Rock|p2a: Latias\n|-sidestart|p2: cows123p|move: Stealth Rock\n|\n|-weather|Sandstorm|[upkeep]\n|-damage|p2a: Latias|94\/100|[from] Sandstorm\n|-damage|p1a: Tyranitar|63\/100 tox|[from] psn\n|upkeep\n|turn|5\n|\n|t:|1601604934\n|switch|p2a: Scolipede|Scolipede, M|100\/100\n|-damage|p2a: Scolipede|76\/100|[from] Stealth Rock\n|switch|p1a: Togekiss|Togekiss, M|100\/100\n|\n|-weather|Sandstorm|[upkeep]\n|-damage|p2a: Scolipede|69\/100|[from] Sandstorm\n|-damage|p1a: Togekiss|94\/100|[from] Sandstorm\n|-heal|p1a: Togekiss|100\/100|[from] item: Leftovers\n|upkeep\n|turn|6\n|\n|t:|1601604943\n|move|p2a: Scolipede|Poison Jab|p1a: Togekiss\n|-supereffective|p1a: Togekiss\n|-damage|p1a: Togekiss|0 fnt\n|-damage|p2a: Scolipede|60\/100|[from] item: Life Orb\n|faint|p1a: Togekiss\n|\n|-weather|Sandstorm|[upkeep]\n|-damage|p2a: Scolipede|53\/100|[from] Sandstorm\n|-ability|p2a: Scolipede|Speed Boost|boost\n|-boost|p2a: Scolipede|spe|1\n|upkeep\n|\n|t:|1601604957\n|switch|p1a: Excadrill|Excadrill, F|100\/100\n|-item|p1a: Excadrill|Air Balloon\n|turn|7\n|\n|t:|1601604963\n|move|p1a: Excadrill|Iron Head|p2a: Scolipede\n|-damage|p2a: Scolipede|0 fnt\n|faint|p2a: Scolipede\n|\n|-weather|Sandstorm|[upkeep]\n|upkeep\n|\n|t:|1601604971\n|switch|p2a: Azumarill|Azumarill, F|100\/100\n|-damage|p2a: Azumarill|88\/100|[from] Stealth Rock\n|turn|8\n|\n|t:|1601604978\n|switch|p1a: Rotom|Rotom-Wash|100\/100\n|move|p2a: Azumarill|Play Rough|p1a: Rotom\n|-damage|p1a: Rotom|7\/100\n|\n|-weather|Sandstorm|[upkeep]\n|-damage|p1a: Rotom|0 fnt|[from] Sandstorm\n|-damage|p2a: Azumarill|82\/100|[from] Sandstorm\n|faint|p1a: Rotom\n|upkeep\n|\n|t:|1601604990\n|switch|p1a: Charizard|Charizard-Mega-Y, M|100\/100\n|-weather|SunnyDay|[from] ability: Drought|[of] p1a: Charizard\n|turn|9\n|\n|t:|1601604995\n|switch|p2a: Latias|Latias-Mega, F|94\/100\n|-damage|p2a: Latias|82\/100|[from] Stealth Rock\n|move|p1a: Charizard|Solar Beam||[still]\n|-prepare|p1a: Charizard|Solar Beam\n|-anim|p1a: Charizard|Solar Beam|p2a: Latias\n|-resisted|p2a: Latias\n|-damage|p2a: Latias|67\/100\n|\n|-weather|SunnyDay|[upkeep]\n|upkeep\n|turn|10\n|\n|t:|1601605011\n|switch|p2a: Keldeo|Keldeo|100\/100\n|-damage|p2a: Keldeo|94\/100|[from] Stealth Rock\n|switch|p1a: Tyranitar|Tyranitar, M|63\/100 tox\n|-weather|Sandstorm|[from] ability: Sand Stream|[of] p1a: Tyranitar\n|\n|-weather|Sandstorm|[upkeep]\n|-damage|p2a: Keldeo|88\/100|[from] Sandstorm\n|-damage|p1a: Tyranitar|57\/100 tox|[from] psn\n|upkeep\n|turn|11\n|\n|t:|1601605023\n|switch|p1a: Roserade|Roserade, M|100\/100\n|move|p2a: Keldeo|Secret Sword|p1a: Roserade\n|-resisted|p1a: Roserade\n|-damage|p1a: Roserade|36\/100\n|\n|-weather|Sandstorm|[upkeep]\n|-damage|p2a: Keldeo|82\/100|[from] Sandstorm\n|-damage|p1a: Roserade|30\/100|[from] Sandstorm\n|upkeep\n|turn|12\n|\n|t:|1601605031\n|move|p2a: Keldeo|Secret Sword|p1a: Roserade\n|-resisted|p1a: Roserade\n|-damage|p1a: Roserade|0 fnt\n|faint|p1a: Roserade\n|\n|-weather|Sandstorm|[upkeep]\n|-damage|p2a: Keldeo|76\/100|[from] Sandstorm\n|upkeep\n|\n|t:|1601605034\n|switch|p1a: Charizard|Charizard-Mega-Y, M|100\/100\n|-weather|SunnyDay|[from] ability: Drought|[of] p1a: Charizard\n|turn|13\n|\n|t:|1601605042\n|switch|p2a: Latias|Latias-Mega, F|67\/100\n|-damage|p2a: Latias|55\/100|[from] Stealth Rock\n|move|p1a: Charizard|Fire Blast|p2a: Latias\n|-resisted|p2a: Latias\n|-damage|p2a: Latias|24\/100\n|\n|-weather|SunnyDay|[upkeep]\n|upkeep\n|turn|14\n|\n|t:|1601605050\n|move|p2a: Latias|Recover|p2a: Latias\n|-heal|p2a: Latias|74\/100\n|move|p1a: Charizard|Fire Blast|p2a: Latias\n|-resisted|p2a: Latias\n|-damage|p2a: Latias|39\/100\n|\n|-weather|SunnyDay|[upkeep]\n|upkeep\n|turn|15\n|\n|t:|1601605058\n|switch|p1a: Tyranitar|Tyranitar, M|57\/100 tox\n|-weather|Sandstorm|[from] ability: Sand Stream|[of] p1a: Tyranitar\n|move|p2a: Latias|Recover|p2a: Latias\n|-heal|p2a: Latias|89\/100\n|\n|-weather|Sandstorm|[upkeep]\n|-damage|p2a: Latias|83\/100|[from] Sandstorm\n|-damage|p1a: Tyranitar|51\/100 tox|[from] psn\n|upkeep\n|turn|16\n|\n|t:|1601605072\n|move|p2a: Latias|Recover|p2a: Latias\n|-heal|p2a: Latias|100\/100\n|move|p1a: Tyranitar|Stone Edge|p2a: Latias\n|-damage|p2a: Latias|54\/100\n|\n|-weather|Sandstorm|[upkeep]\n|-damage|p2a: Latias|48\/100|[from] Sandstorm\n|-damage|p1a: Tyranitar|39\/100 tox|[from] psn\n|upkeep\n|turn|17\n|\n|t:|1601605082\n|move|p2a: Latias|Recover|p2a: Latias\n|-heal|p2a: Latias|98\/100\n|move|p1a: Tyranitar|Stone Edge|p2a: Latias\n|-damage|p2a: Latias|50\/100\n|\n|-weather|Sandstorm|[upkeep]\n|-damage|p2a: Latias|44\/100|[from] Sandstorm\n|-damage|p1a: Tyranitar|20\/100 tox|[from] psn\n|upkeep\n|turn|18\n|\n|t:|1601605090\n|move|p2a: Latias|Recover|p2a: Latias\n|-heal|p2a: Latias|94\/100\n|move|p1a: Tyranitar|Stone Edge|p2a: Latias|[miss]\n|-miss|p1a: Tyranitar|p2a: Latias\n|\n|-weather|Sandstorm|[upkeep]\n|-damage|p2a: Latias|88\/100|[from] Sandstorm\n|-damage|p1a: Tyranitar|0 fnt|[from] psn\n|faint|p1a: Tyranitar\n|upkeep\n|\n|t:|1601605095\n|switch|p1a: Excadrill|Excadrill, F|100\/100\n|-item|p1a: Excadrill|Air Balloon\n|turn|19\n|\n|t:|1601605103\n|move|p1a: Excadrill|Iron Head|p2a: Latias\n|-damage|p2a: Latias|50\/100\n|move|p2a: Latias|Defog|p1a: Excadrill\n|-unboost|p1a: Excadrill|evasion|1\n|-sideend|p2: cows123p|Stealth Rock|[from] move: Defog|[of] p2a: Latias\n|\n|-weather|Sandstorm|[upkeep]\n|-damage|p2a: Latias|44\/100|[from] Sandstorm\n|upkeep\n|turn|20\n|\n|t:|1601605111\n|move|p1a: Excadrill|Iron Head|p2a: Latias\n|-damage|p2a: Latias|7\/100\n|move|p2a: Latias|Recover|p2a: Latias\n|-heal|p2a: Latias|57\/100\n|\n|-weather|Sandstorm|[upkeep]\n|-damage|p2a: Latias|51\/100|[from] Sandstorm\n|upkeep\n|turn|21\n|\n|t:|1601605118\n|move|p1a: Excadrill|Iron Head|p2a: Latias\n|-damage|p2a: Latias|11\/100\n|cant|p2a: Latias|flinch\n|\n|-weather|Sandstorm|[upkeep]\n|-damage|p2a: Latias|5\/100|[from] Sandstorm\n|upkeep\n|turn|22\n|\n|t:|1601605125\n|move|p1a: Excadrill|Iron Head|p2a: Latias\n|-damage|p2a: Latias|0 fnt\n|faint|p2a: Latias\n|\n|-weather|none\n|upkeep\n|\n|t:|1601605131\n|switch|p2a: Keldeo|Keldeo|76\/100\n|turn|23\n|c|\u2606cows123p|gg\n|\n|t:|1601605151\n|switch|p1a: Charizard|Charizard-Mega-Y, M|100\/100\n|-weather|SunnyDay|[from] ability: Drought|[of] p1a: Charizard\n|move|p2a: Keldeo|Surf|p1a: Charizard\n|-supereffective|p1a: Charizard\n|-damage|p1a: Charizard|28\/100\n|\n|-weather|SunnyDay|[upkeep]\n|upkeep\n|turn|24\n|\n|t:|1601605158\n|move|p2a: Keldeo|Surf|p1a: Charizard\n|-supereffective|p1a: Charizard\n|-damage|p1a: Charizard|0 fnt\n|faint|p1a: Charizard\n|\n|-weather|SunnyDay|[upkeep]\n|upkeep\n|\n|t:|1601605162\n|switch|p1a: Excadrill|Excadrill, F|100\/100\n|-item|p1a: Excadrill|Air Balloon\n|turn|25\n|\n|t:|1601605166\n|move|p2a: Keldeo|Surf|p1a: Excadrill\n|-supereffective|p1a: Excadrill\n|-damage|p1a: Excadrill|7\/100\n|-enditem|p1a: Excadrill|Air Balloon\n|move|p1a: Excadrill|Earthquake|p2a: Keldeo\n|-damage|p2a: Keldeo|8\/100\n|\n|-weather|SunnyDay|[upkeep]\n|upkeep\n|turn|26\n|\n|t:|1601605173\n|move|p2a: Keldeo|Surf|p1a: Excadrill\n|-supereffective|p1a: Excadrill\n|-damage|p1a: Excadrill|0 fnt\n|faint|p1a: Excadrill\n|\n|win|cows123p\n|raw|Not4's rating: 1341 &rarr; <strong>1315<\/strong><br \/>(-26 for losing)\n|raw|cows123p's rating: 1225 &rarr; <strong>1258<\/strong><br \/>(+33 for winning)\n","uploadtime":1601605180,"views":27,"p1id":"not4","p2id":"cows123p","formatid":"gen6ou","rating":1258,"private":0,"password":null}