{"id":"gen6ou-1664127333","p1":"dmt dreams","p2":"Sp0onl0rd","format":"gen6ou","log":"|j|\u203ddmt dreams\n|j|\u2606Sp0onl0rd\n|inactive|Battle timer is ON: inactive players will automatically lose when time's up.\n|t:|1663168538\n|gametype|singles\n|player|p1|dmt dreams|cynthia-gen4|\n|player|p2|Sp0onl0rd|102|\n|teamsize|p1|6\n|teamsize|p2|6\n|gen|6\n|tier|[Gen 6] OU\n|rated|Tournament battle\n|rule|Sleep Clause Mod: Limit one foe put to sleep\n|rule|Species Clause: Limit one of each Pok\u00e9mon\n|rule|OHKO Clause: OHKO moves are banned\n|rule|Moody Clause: Moody is banned\n|rule|Evasion Items Clause: Evasion items are banned\n|rule|Evasion Moves Clause: Evasion moves are banned\n|rule|Endless Battle Clause: Forcing endless battles is banned\n|rule|HP Percentage Mod: HP is shown in percentages\n|rule|Swagger Clause: Swagger is banned\n|clearpoke\n|poke|p1|Quagsire, F|item\n|poke|p1|Altaria, F|item\n|poke|p1|Magnezone|item\n|poke|p1|Suicune|item\n|poke|p1|Zapdos|item\n|poke|p1|Chansey, F|item\n|poke|p2|Venusaur, F|item\n|poke|p2|Keldeo-Resolute|item\n|poke|p2|Skarmory, F|item\n|poke|p2|Chansey, F|item\n|poke|p2|Heatran, F|item\n|poke|p2|Bisharp, F|item\n|teampreview\n|inactive|Sp0onl0rd also wants the timer to be on.\n|j| ionlywinbyluck\n|j| SatelliteFifteen\n|j|%Sww-Suwa\n|j| aricrystalline\n|l| aricrystalline\n|c|%Sww-Suwa|. _.\n|inactive|dmt dreams has 120 seconds left.\n|inactive|Sp0onl0rd has 120 seconds left.\n|\n|t:|1663168594\n|start\n|switch|p1a: Magnezone|Magnezone|100\/100\n|switch|p2a: Heatran|Heatran, F|100\/100\n|turn|1\n|\n|t:|1663168601\n|move|p1a: Magnezone|Volt Switch|p2a: Heatran\n|-damage|p2a: Heatran|72\/100\n|\n|t:|1663168603\n|switch|p1a: Suicune|Suicune|100\/100|[from]move: Volt Switch\n|-ability|p1a: Suicune|Pressure\n|move|p2a: Heatran|Lava Plume|p1a: Suicune\n|-resisted|p1a: Suicune\n|-damage|p1a: Suicune|87\/100\n|\n|-heal|p2a: Heatran|78\/100|[from] item: Leftovers\n|-heal|p1a: Suicune|93\/100|[from] item: Leftovers\n|upkeep\n|turn|2\n|\n|t:|1663168608\n|switch|p2a: Venusaur|Venusaur, F|100\/100\n|move|p1a: Suicune|Scald|p2a: Venusaur\n|-resisted|p2a: Venusaur\n|-damage|p2a: Venusaur|90\/100\n|\n|-heal|p1a: Suicune|99\/100|[from] item: Leftovers\n|upkeep\n|turn|3\n|\n|t:|1663168618\n|switch|p2a: Heatran|Heatran, F|78\/100\n|switch|p1a: Chansey|Chansey, F|100\/100\n|\n|-heal|p2a: Heatran|84\/100|[from] item: Leftovers\n|upkeep\n|turn|4\n|\n|t:|1663168621\n|move|p2a: Heatran|Stealth Rock|p1a: Chansey\n|-sidestart|p1: dmt dreams|move: Stealth Rock\n|move|p1a: Chansey|Seismic Toss|p2a: Heatran\n|-damage|p2a: Heatran|56\/100\n|\n|-heal|p2a: Heatran|63\/100|[from] item: Leftovers\n|upkeep\n|turn|5\n|\n|t:|1663168627\n|switch|p2a: Keldeo|Keldeo-Resolute|100\/100\n|move|p1a: Chansey|Stealth Rock|p2a: Keldeo\n|-sidestart|p2: Sp0onl0rd|move: Stealth Rock\n|\n|upkeep\n|turn|6\n|\n|t:|1663168632\n|switch|p1a: Suicune|Suicune|99\/100\n|-damage|p1a: Suicune|87\/100|[from] Stealth Rock\n|-ability|p1a: Suicune|Pressure\n|move|p2a: Keldeo|Substitute|p2a: Keldeo\n|-start|p2a: Keldeo|Substitute\n|-damage|p2a: Keldeo|76\/100\n|\n|-heal|p2a: Keldeo|82\/100|[from] item: Leftovers\n|-heal|p1a: Suicune|93\/100|[from] item: Leftovers\n|upkeep\n|turn|7\n|\n|t:|1663168635\n|move|p2a: Keldeo|Secret Sword|p1a: Suicune\n|-damage|p1a: Suicune|69\/100\n|move|p1a: Suicune|Calm Mind|p1a: Suicune\n|-boost|p1a: Suicune|spa|1\n|-boost|p1a: Suicune|spd|1\n|\n|-heal|p2a: Keldeo|88\/100|[from] item: Leftovers\n|-heal|p1a: Suicune|75\/100|[from] item: Leftovers\n|upkeep\n|turn|8\n|\n|t:|1663168640\n|move|p2a: Keldeo|Calm Mind|p2a: Keldeo\n|-boost|p2a: Keldeo|spa|1\n|-boost|p2a: Keldeo|spd|1\n|move|p1a: Suicune|Roar|p2a: Keldeo\n|drag|p2a: Skarmory|Skarmory, F|100\/100\n|-damage|p2a: Skarmory|88\/100|[from] Stealth Rock\n|\n|-heal|p1a: Suicune|81\/100|[from] item: Leftovers\n|upkeep\n|turn|9\n|\n|t:|1663168643\n|move|p1a: Suicune|Scald|p2a: Skarmory\n|-damage|p2a: Skarmory|32\/100\n|move|p2a: Skarmory|Whirlwind|p1a: Suicune\n|drag|p1a: Chansey|Chansey, F|100\/100\n|-damage|p1a: Chansey|88\/100|[from] Stealth Rock\n|\n|upkeep\n|turn|10\n|\n|t:|1663168651\n|switch|p2a: Venusaur|Venusaur, F|90\/100\n|-damage|p2a: Venusaur|77\/100|[from] Stealth Rock\n|switch|p1a: Magnezone|Magnezone|100\/100\n|-damage|p1a: Magnezone|94\/100|[from] Stealth Rock\n|\n|upkeep\n|turn|11\n|\n|t:|1663168656\n|detailschange|p2a: Venusaur|Venusaur-Mega, F\n|-mega|p2a: Venusaur|Venusaur|Venusaurite\n|move|p1a: Magnezone|Volt Switch|p2a: Venusaur\n|-resisted|p2a: Venusaur\n|-damage|p2a: Venusaur|62\/100\n|\n|t:|1663168659\n|switch|p1a: Chansey|Chansey, F|88\/100|[from]move: Volt Switch\n|-damage|p1a: Chansey|76\/100|[from] Stealth Rock\n|move|p2a: Venusaur|Giga Drain|p1a: Chansey\n|-damage|p1a: Chansey|67\/100\n|-heal|p2a: Venusaur|71\/100|[from] drain|[of] p1a: Chansey\n|\n|upkeep\n|turn|12\n|\n|t:|1663168669\n|switch|p2a: Chansey|Chansey, F|100\/100\n|-damage|p2a: Chansey|88\/100|[from] Stealth Rock\n|move|p1a: Chansey|Seismic Toss|p2a: Chansey\n|-damage|p2a: Chansey|74\/100\n|\n|upkeep\n|turn|13\n|\n|t:|1663168671\n|move|p2a: Chansey|Thunder Wave|p1a: Chansey\n|-status|p1a: Chansey|par\n|move|p1a: Chansey|Soft-Boiled|p1a: Chansey\n|-heal|p1a: Chansey|100\/100 par\n|\n|upkeep\n|turn|14\n|j| AceTeaaa\n|\n|t:|1663168686\n|move|p2a: Chansey|Seismic Toss|p1a: Chansey\n|-damage|p1a: Chansey|86\/100 par\n|move|p1a: Chansey|Seismic Toss|p2a: Chansey\n|-damage|p2a: Chansey|60\/100\n|\n|upkeep\n|turn|15\n|c|\u2606Sp0onl0rd|ngl I don't know how to play vs oras stall\n|\n|t:|1663168692\n|move|p2a: Chansey|Soft-Boiled|p2a: Chansey\n|-heal|p2a: Chansey|100\/100\n|move|p1a: Chansey|Toxic|p2a: Chansey\n|-status|p2a: Chansey|tox\n|\n|-damage|p2a: Chansey|94\/100 tox|[from] psn\n|upkeep\n|turn|16\n|\n|t:|1663168701\n|move|p2a: Chansey|Aromatherapy|p2a: Chansey\n|-activate|p2a: Chansey|move: Aromatherapy\n|-curestatus|p2a: Chansey|tox|[msg]\n|move|p1a: Chansey|Seismic Toss|p2a: Chansey\n|-damage|p2a: Chansey|80\/100\n|\n|upkeep\n|turn|17\n|\n|t:|1663168706\n|switch|p2a: Bisharp|Bisharp, F|100\/100\n|-damage|p2a: Bisharp|94\/100|[from] Stealth Rock\n|move|p1a: Chansey|Seismic Toss|p2a: Bisharp\n|-damage|p2a: Bisharp|64\/100\n|\n|-heal|p2a: Bisharp|70\/100|[from] item: Leftovers\n|upkeep\n|turn|18\n|\n|t:|1663168711\n|-curestatus|p1a: Chansey|par|[from] ability: Natural Cure\n|switch|p1a: Quagsire|Quagsire, F|100\/100\n|-damage|p1a: Quagsire|94\/100|[from] Stealth Rock\n|move|p2a: Bisharp|Swords Dance|p2a: Bisharp\n|-boost|p2a: Bisharp|atk|2\n|\n|-heal|p2a: Bisharp|76\/100|[from] item: Leftovers\n|-heal|p1a: Quagsire|100\/100|[from] item: Leftovers\n|upkeep\n|turn|19\n|\n|t:|1663168714\n|switch|p2a: Venusaur|Venusaur-Mega, F|71\/100\n|-damage|p2a: Venusaur|58\/100|[from] Stealth Rock\n|move|p1a: Quagsire|Scald|p2a: Venusaur\n|-resisted|p2a: Venusaur\n|-damage|p2a: Venusaur|50\/100\n|-status|p2a: Venusaur|brn\n|\n|-damage|p2a: Venusaur|38\/100 brn|[from] brn\n|upkeep\n|turn|20\n|\n|t:|1663168723\n|switch|p1a: Chansey|Chansey, F|86\/100\n|-damage|p1a: Chansey|74\/100|[from] Stealth Rock\n|move|p2a: Venusaur|Synthesis|p2a: Venusaur\n|-heal|p2a: Venusaur|88\/100 brn\n|\n|-damage|p2a: Venusaur|75\/100 brn|[from] brn\n|upkeep\n|turn|21\n|c|\u2606Sp0onl0rd|I don't think this is winnable\n|c|\u2606Sp0onl0rd|gg\n|-message|Sp0onl0rd forfeited.\n|\n|win|dmt dreams\n|n|\u203ddmt dreams|dmtdreams\n|n|\u2606Sp0onl0rd|sp0onl0rd\n|n| ionlywinbyluck|ionlywinbyluck\n|n| SatelliteFifteen|satellitefifteen\n|n| Sww-Suwa|swwsuwa\n|n| AceTeaaa|aceteaaa\n|l|\u2606Sp0onl0rd\n","uploadtime":1663168734,"views":43,"p1id":"dmtdreams","p2id":"sp0onl0rd","formatid":"gen6ou","rating":0,"private":0,"password":null}