{"id":"gen6almostanyability-1656407908","p1":"Unviabriel","p2":"avyrie","format":"gen6almostanyability","log":"|j|\u2606Unviabriel\n|j|\u2606avyrie\n|inactive|Battle timer is ON: inactive players will automatically lose when time's up.\n|t:|1662348666\n|gametype|singles\n|player|p1|Unviabriel|shauntal|\n|player|p2|avyrie|elaine|\n|teamsize|p1|6\n|teamsize|p2|6\n|gen|6\n|tier|[Gen 6] Almost Any Ability\n|rated|Tournament battle\n|rule|Sleep Clause Mod: Limit one foe put to sleep\n|rule|Species Clause: Limit one of each Pok\u00e9mon\n|rule|OHKO Clause: OHKO moves are banned\n|rule|Moody Clause: Moody is banned\n|rule|Evasion Items Clause: Evasion items are banned\n|rule|Evasion Moves Clause: Evasion moves are banned\n|rule|Endless Battle Clause: Forcing endless battles is banned\n|rule|HP Percentage Mod: HP is shown in percentages\n|rule|Swagger Clause: Swagger is banned\n|rule|2 Ability Clause: Limit two of each ability\n|clearpoke\n|poke|p1|Noivern, F|item\n|poke|p1|Tyranitar, M|item\n|poke|p1|Skarmory, M|item\n|poke|p1|Meloetta|item\n|poke|p1|Swampert, F|item\n|poke|p1|Lucario, M|item\n|poke|p2|Rotom-Wash|item\n|poke|p2|Genesect|item\n|poke|p2|Lopunny, M|item\n|poke|p2|Zapdos|item\n|poke|p2|Skarmory, M|item\n|poke|p2|Tyranitar, M|item\n|teampreview\n|c|\u2606Unviabriel|why'd you actually load flying resists when i bring the noivern team\n|c|\u2606avyrie|bruh what\n|inactive|Unviabriel has 120 seconds left.\n|\n|t:|1662348702\n|start\n|switch|p1a: Swampert|Swampert, F|100\/100\n|switch|p2a: Genesect|Genesect|100\/100\n|turn|1\n|j|#in the hills@!\n|c|\u2606avyrie|i was gonna say why did you load vern when i don't bring its checks\n|\n|t:|1662348718\n|move|p1a: Swampert|Protect|p1a: Swampert\n|-singleturn|p1a: Swampert|Protect\n|move|p2a: Genesect|U-turn|p1a: Swampert\n|-activate|p1a: Swampert|move: Protect\n|\n|-status|p1a: Swampert|tox|[from] item: Toxic Orb\n|upkeep\n|turn|2\n|c|\u2606Unviabriel|it's been like 2 years since i've played this\n|c|\u2606Unviabriel|the first game i brought this to i faced 1 flying resist so that was my comparison\n|\n|t:|1662348747\n|move|p2a: Genesect|U-turn|p1a: Swampert\n|-damage|p1a: Swampert|84\/100 tox\n|j| 1hfkqhwhrelk\n|inactive|avyrie has 120 seconds left.\n|\n|t:|1662348790\n|switch|p2a: Rotom|Rotom-Wash|100\/100|[from]move: U-turn\n|move|p1a: Swampert|Stealth Rock|p2a: Rotom\n|-sidestart|p2: avyrie|move: Stealth Rock\n|\n|-heal|p1a: Swampert|97\/100 tox|[from] ability: Poison Heal\n|upkeep\n|turn|3\n|inactive|Unviabriel has 120 seconds left.\n|c| 1hfkqhwhrelk|a reunion\n|\n|t:|1662348823\n|switch|p1a: Meloetta|Meloetta|100\/100\n|move|p2a: Rotom|Hydro Pump|p1a: Meloetta\n|-damage|p1a: Meloetta|86\/100\n|\n|upkeep\n|turn|4\n|inactive|avyrie has 120 seconds left.\n|j| Tanny89k\n|inactive|avyrie has 90 seconds left.\n|\n|t:|1662348875\n|move|p2a: Rotom|Volt Switch|p1a: Meloetta\n|-damage|p1a: Meloetta|77\/100\n|\n|t:|1662348876\n|switch|p2a: Lopunny|Lopunny, M|100\/100|[from]move: Volt Switch\n|-damage|p2a: Lopunny|88\/100|[from] Stealth Rock\n|-ability|p2a: Lopunny|Download|boost\n|-boost|p2a: Lopunny|atk|1\n|move|p1a: Meloetta|Knock Off|p2a: Lopunny\n|-damage|p2a: Lopunny|73\/100\n|\n|upkeep\n|turn|5\n|inactive|Unviabriel has 120 seconds left.\n|l| 1hfkqhwhrelk\n|\n|t:|1662348899\n|switch|p1a: Skarmory|Skarmory, M|100\/100\n|detailschange|p2a: Lopunny|Lopunny-Mega, M\n|-mega|p2a: Lopunny|Lopunny|Lopunnite\n|move|p2a: Lopunny|High Jump Kick|p1a: Skarmory\n|-crit|p1a: Skarmory\n|-damage|p1a: Skarmory|0 fnt\n|-damage|p2a: Lopunny|56\/100|[from] item: Rocky Helmet|[of] p1a: Skarmory\n|faint|p1a: Skarmory\n|\n|upkeep\n|c|\u2606avyrie|mb\n|c|\u2606Unviabriel|what\n|c|\u2606avyrie|LOL\n|\n|t:|1662348918\n|switch|p1a: Lucario|Lucario, M|100\/100\n|turn|6\n|inactive|avyrie has 90 seconds left.\n|\n|t:|1662348957\n|move|p1a: Lucario|Extreme Speed|p2a: Lopunny\n|-damage|p2a: Lopunny|0 fnt\n|faint|p2a: Lopunny\n|-damage|p1a: Lucario|91\/100|[from] item: Life Orb\n|\n|upkeep\n|\n|t:|1662348963\n|switch|p2a: Rotom|Rotom-Wash|100\/100\n|-damage|p2a: Rotom|88\/100|[from] Stealth Rock\n|turn|7\n|inactive|Unviabriel has 90 seconds left.\n|\n|t:|1662349001\n|switch|p1a: Swampert|Swampert, F|97\/100 tox\n|move|p2a: Rotom|Hydro Pump|p1a: Swampert\n|-damage|p1a: Swampert|62\/100 tox\n|\n|-heal|p2a: Rotom|94\/100|[from] item: Leftovers\n|-heal|p1a: Swampert|75\/100 tox|[from] ability: Poison Heal\n|upkeep\n|turn|8\n|inactive|Unviabriel has 90 seconds left.\n|inactive|avyrie has 90 seconds left.\n|\n|t:|1662349019\n|move|p2a: Rotom|Hydro Pump|p1a: Swampert\n|-damage|p1a: Swampert|37\/100 tox\n|move|p1a: Swampert|Earthquake|p2a: Rotom\n|-supereffective|p2a: Rotom\n|-damage|p2a: Rotom|32\/100\n|\n|-heal|p2a: Rotom|38\/100|[from] item: Leftovers\n|-heal|p1a: Swampert|49\/100 tox|[from] ability: Poison Heal\n|upkeep\n|turn|9\n|\n|t:|1662349044\n|move|p1a: Swampert|Protect|p1a: Swampert\n|-singleturn|p1a: Swampert|Protect\n|move|p2a: Rotom|Hydro Pump|p1a: Swampert\n|-activate|p1a: Swampert|move: Protect\n|\n|-heal|p2a: Rotom|44\/100|[from] item: Leftovers\n|-heal|p1a: Swampert|61\/100 tox|[from] ability: Poison Heal\n|upkeep\n|turn|10\n|\n|t:|1662349060\n|switch|p2a: Genesect|Genesect|100\/100\n|-damage|p2a: Genesect|88\/100|[from] Stealth Rock\n|move|p1a: Swampert|Earthquake|p2a: Genesect\n|-damage|p2a: Genesect|47\/100\n|\n|-heal|p1a: Swampert|74\/100 tox|[from] ability: Poison Heal\n|upkeep\n|turn|11\n|c|\u2606avyrie|ow wtf\n|\n|t:|1662349072\n|move|p1a: Swampert|Protect|p1a: Swampert\n|-singleturn|p1a: Swampert|Protect\n|move|p2a: Genesect|U-turn|p1a: Swampert\n|-activate|p1a: Swampert|move: Protect\n|\n|-heal|p1a: Swampert|86\/100 tox|[from] ability: Poison Heal\n|upkeep\n|turn|12\n|inactive|Unviabriel has 90 seconds left.\n|\n|t:|1662349082\n|move|p2a: Genesect|U-turn|p1a: Swampert\n|-damage|p1a: Swampert|68\/100 tox\n|\n|t:|1662349083\n|switch|p2a: Rotom|Rotom-Wash|77\/100|[from]move: U-turn\n|-damage|p2a: Rotom|64\/100|[from] Stealth Rock\n|move|p1a: Swampert|Scald|p2a: Rotom\n|-resisted|p2a: Rotom\n|-damage|p2a: Rotom|50\/100\n|\n|-heal|p2a: Rotom|56\/100|[from] item: Leftovers\n|-heal|p1a: Swampert|81\/100 tox|[from] ability: Poison Heal\n|upkeep\n|turn|13\n|j| Pikaslayer2001\n|inactive|Unviabriel has 90 seconds left.\n|\n|t:|1662349102\n|move|p2a: Rotom|Pain Split|p1a: Swampert\n|-sethp|p1a: Swampert|59\/100 tox|[from] move: Pain Split|[silent]\n|-sethp|p2a: Rotom|88\/100|[from] move: Pain Split\n|move|p1a: Swampert|Scald|p2a: Rotom\n|-resisted|p2a: Rotom\n|-damage|p2a: Rotom|74\/100\n|\n|-heal|p2a: Rotom|80\/100|[from] item: Leftovers\n|-heal|p1a: Swampert|71\/100 tox|[from] ability: Poison Heal\n|upkeep\n|turn|14\n|inactive|avyrie has 90 seconds left.\n|inactive|Unviabriel has 90 seconds left.\n|c|\u2606avyrie|why isnt my gene enrgy ball...\n|inactive|avyrie has 60 seconds left.\n|c|\u2606Unviabriel|what if that's just a mindgame though...\n|l| Tanny89k\n|\n|t:|1662349162\n|move|p1a: Swampert|Protect|p1a: Swampert\n|-singleturn|p1a: Swampert|Protect\n|move|p2a: Rotom|Hydro Pump|p1a: Swampert\n|-activate|p1a: Swampert|move: Protect\n|\n|-heal|p2a: Rotom|86\/100|[from] item: Leftovers\n|-heal|p1a: Swampert|84\/100 tox|[from] ability: Poison Heal\n|upkeep\n|turn|15\n|\n|t:|1662349169\n|move|p2a: Rotom|Hydro Pump|p1a: Swampert\n|-damage|p1a: Swampert|50\/100 tox\n|move|p1a: Swampert|Scald|p2a: Rotom\n|-resisted|p2a: Rotom\n|-damage|p2a: Rotom|71\/100\n|\n|-heal|p2a: Rotom|77\/100|[from] item: Leftovers\n|-heal|p1a: Swampert|63\/100 tox|[from] ability: Poison Heal\n|upkeep\n|turn|16\n|c|\u2606avyrie|maybe\n|\n|t:|1662349176\n|move|p1a: Swampert|Protect|p1a: Swampert\n|-singleturn|p1a: Swampert|Protect\n|move|p2a: Rotom|Will-O-Wisp|p1a: Swampert\n|-activate|p1a: Swampert|move: Protect\n|\n|-heal|p2a: Rotom|83\/100|[from] item: Leftovers\n|-heal|p1a: Swampert|75\/100 tox|[from] ability: Poison Heal\n|upkeep\n|turn|17\n|inactive|avyrie has 60 seconds left.\n|\n|t:|1662349195\n|switch|p2a: Skarmory|Skarmory, M|100\/100\n|-damage|p2a: Skarmory|88\/100|[from] Stealth Rock\n|move|p1a: Swampert|Scald|p2a: Skarmory\n|-damage|p2a: Skarmory|52\/100\n|\n|-heal|p1a: Swampert|87\/100 tox|[from] ability: Poison Heal\n|upkeep\n|turn|18\n|j| AveragePkmnPlayR\n|l| AveragePkmnPlayR\n|\n|t:|1662349207\n|move|p2a: Skarmory|Swords Dance|p2a: Skarmory\n|-boost|p2a: Skarmory|atk|2\n|move|p1a: Swampert|Scald|p2a: Skarmory\n|-crit|p2a: Skarmory\n|-damage|p2a: Skarmory|0 fnt\n|faint|p2a: Skarmory\n|\n|-heal|p1a: Swampert|99\/100 tox|[from] ability: Poison Heal\n|upkeep\n|c|\u2606Unviabriel|oh\n|j| definitely a kyle\n|c|\u2606avyrie|oh\n|inactive|avyrie has 30 seconds left.\n|inactive|avyrie has 20 seconds left.\n|\n|t:|1662349248\n|switch|p2a: Tyranitar|Tyranitar, M|100\/100\n|-damage|p2a: Tyranitar|88\/100|[from] Stealth Rock\n|-weather|DesolateLand|[from] ability: Desolate Land|[of] p2a: Tyranitar\n|turn|19\n|inactive|avyrie has 30 seconds left this turn.\n|inactive|Unviabriel has 120 seconds left.\n|\n|t:|1662349259\n|move|p1a: Swampert|Protect|p1a: Swampert\n|-singleturn|p1a: Swampert|Protect\n|move|p2a: Tyranitar|Dragon Dance|p2a: Tyranitar\n|-boost|p2a: Tyranitar|atk|1\n|-boost|p2a: Tyranitar|spe|1\n|\n|-weather|DesolateLand|[upkeep]\n|-heal|p1a: Swampert|100\/100 tox|[from] ability: Poison Heal\n|upkeep\n|turn|20\n|inactive|Unviabriel has 120 seconds left.\n|\n|t:|1662349267\n|move|p2a: Tyranitar|Crunch|p1a: Swampert\n|-damage|p1a: Swampert|46\/100 tox\n|-damage|p2a: Tyranitar|78\/100|[from] item: Life Orb\n|move|p1a: Swampert|Earthquake|p2a: Tyranitar\n|-supereffective|p2a: Tyranitar\n|-damage|p2a: Tyranitar|14\/100\n|\n|-weather|DesolateLand|[upkeep]\n|-heal|p1a: Swampert|58\/100 tox|[from] ability: Poison Heal\n|upkeep\n|turn|21\n|c|\u2606avyrie|mf did 54\n|inactive|Unviabriel has 120 seconds left.\n|inactive|avyrie has 30 seconds left.\n|\n|t:|1662349305\n|move|p1a: Swampert|Protect|p1a: Swampert\n|-singleturn|p1a: Swampert|Protect\n|move|p2a: Tyranitar|Dragon Dance|p2a: Tyranitar\n|-boost|p2a: Tyranitar|atk|1\n|-boost|p2a: Tyranitar|spe|1\n|\n|-weather|DesolateLand|[upkeep]\n|-heal|p1a: Swampert|70\/100 tox|[from] ability: Poison Heal\n|upkeep\n|turn|22\n|inactive|Unviabriel has 90 seconds left.\n|inactive|avyrie has 30 seconds left.\n|\n|t:|1662349337\n|switch|p1a: Meloetta|Meloetta|100\/100\n|move|p2a: Tyranitar|Fire Blast|p1a: Meloetta\n|-damage|p1a: Meloetta|82\/100\n|-status|p1a: Meloetta|brn\n|-damage|p2a: Tyranitar|4\/100|[from] item: Life Orb\n|\n|-weather|DesolateLand|[upkeep]\n|-damage|p1a: Meloetta|70\/100 brn|[from] brn\n|upkeep\n|turn|23\n|inactive|Unviabriel has 90 seconds left.\n|c|\u2606avyrie|damn expected luke\n|inactive|avyrie has 30 seconds left.\n|\n|t:|1662349348\n|move|p2a: Tyranitar|Crunch|p1a: Meloetta\n|-supereffective|p1a: Meloetta\n|-damage|p1a: Meloetta|0 fnt\n|faint|p1a: Meloetta\n|-damage|p2a: Tyranitar|0 fnt|[from] item: Life Orb\n|faint|p2a: Tyranitar\n|-weather|none\n|\n|upkeep\n|inactive|avyrie has 30 seconds left.\n|\n|t:|1662349364\n|switch|p2a: Zapdos|Zapdos|100\/100\n|switch|p1a: Swampert|Swampert, F|70\/100 tox\n|-damage|p2a: Zapdos|76\/100|[from] Stealth Rock\n|-weather|PrimordialSea|[from] ability: Primordial Sea|[of] p2a: Zapdos\n|turn|24\n|\n|t:|1662349379\n|move|p1a: Swampert|Protect|p1a: Swampert\n|-singleturn|p1a: Swampert|Protect\n|move|p2a: Zapdos|Hidden Power|p1a: Swampert\n|-activate|p1a: Swampert|move: Protect\n|\n|-weather|PrimordialSea|[upkeep]\n|-heal|p2a: Zapdos|82\/100|[from] item: Leftovers\n|-heal|p1a: Swampert|83\/100 tox|[from] ability: Poison Heal\n|upkeep\n|turn|25\n|inactive|Unviabriel has 90 seconds left.\n|\n|t:|1662349412\n|switch|p1a: Noivern|Noivern, F|100\/100\n|move|p2a: Zapdos|Thunder|p1a: Noivern\n|-crit|p1a: Noivern\n|-damage|p1a: Noivern|15\/100\n|\n|-weather|PrimordialSea|[upkeep]\n|-heal|p2a: Zapdos|88\/100|[from] item: Leftovers\n|upkeep\n|turn|26\n|\n|t:|1662349416\n|move|p1a: Noivern|Boomburst|p2a: Zapdos\n|-resisted|p2a: Zapdos\n|-damage|p2a: Zapdos|38\/100\n|move|p2a: Zapdos|Thunder|p1a: Noivern\n|-damage|p1a: Noivern|0 fnt\n|faint|p1a: Noivern\n|\n|-weather|PrimordialSea|[upkeep]\n|-heal|p2a: Zapdos|44\/100|[from] item: Leftovers\n|upkeep\n|\n|t:|1662349422\n|switch|p1a: Lucario|Lucario, M|91\/100\n|turn|27\n|j| Hisuian Zoroark\n|\n|t:|1662349430\n|-weather|none\n|switch|p2a: Rotom|Rotom-Wash|100\/100\n|-damage|p2a: Rotom|88\/100|[from] Stealth Rock\n|move|p1a: Lucario|Extreme Speed|p2a: Rotom\n|-resisted|p2a: Rotom\n|-damage|p2a: Rotom|69\/100\n|-damage|p1a: Lucario|81\/100|[from] item: Life Orb\n|\n|-heal|p2a: Rotom|75\/100|[from] item: Leftovers\n|upkeep\n|turn|28\n|l| Hisuian Zoroark\n|\n|t:|1662349443\n|switch|p1a: Swampert|Swampert, F|83\/100 tox\n|move|p2a: Rotom|Will-O-Wisp||[still]\n|-fail|p2a: Rotom\n|\n|-heal|p2a: Rotom|81\/100|[from] item: Leftovers\n|-heal|p1a: Swampert|95\/100 tox|[from] ability: Poison Heal\n|upkeep\n|turn|29\n|\n|t:|1662349450\n|switch|p2a: Zapdos|Zapdos|44\/100\n|-damage|p2a: Zapdos|19\/100|[from] Stealth Rock\n|-weather|PrimordialSea|[from] ability: Primordial Sea|[of] p2a: Zapdos\n|move|p1a: Swampert|Scald|p2a: Zapdos\n|-damage|p2a: Zapdos|0 fnt\n|faint|p2a: Zapdos\n|-weather|none\n|\n|-heal|p1a: Swampert|100\/100 tox|[from] ability: Poison Heal\n|upkeep\n|j| Pyrite007\n|\n|t:|1662349452\n|switch|p2a: Genesect|Genesect|80\/100\n|-damage|p2a: Genesect|67\/100|[from] Stealth Rock\n|turn|30\n|\n|t:|1662349456\n|move|p2a: Genesect|Ice Beam|p1a: Swampert\n|-damage|p1a: Swampert|78\/100 tox\n|move|p1a: Swampert|Earthquake|p2a: Genesect\n|-damage|p2a: Genesect|28\/100\n|\n|-heal|p1a: Swampert|90\/100 tox|[from] ability: Poison Heal\n|upkeep\n|turn|31\n|-message|avyrie forfeited.\n|\n|win|Unviabriel\n|n|\u2606Unviabriel|unviabriel\n|n|\u2606avyrie|avyrie\n|n|@in the hills@!|inthehills\n|n| Pikaslayer2001|pikaslayer2001\n|n| definitely a kyle|definitelyakyle\n|n| Pyrite007|pyrite007\n","uploadtime":1662349462,"views":14,"p1id":"unviabriel","p2id":"avyrie","formatid":"gen6almostanyability","rating":0,"private":0,"password":null}