{"id":"gen6ou-1652685558","p1":"SkipTheDripBayless","p2":"La saliere","format":"gen6ou","log":"|j|\u2606SkipTheDripBayless\n|j|\u203dLa saliere\n|t:|1661953447\n|gametype|singles\n|player|p1|SkipTheDripBayless|worker-gen4|1471\n|player|p2|La saliere|lillie-masters2|1421\n|teamsize|p1|6\n|teamsize|p2|6\n|gen|6\n|tier|[Gen 6] OU\n|rated|\n|rule|Sleep Clause Mod: Limit one foe put to sleep\n|rule|Species Clause: Limit one of each Pok\u00e9mon\n|rule|OHKO Clause: OHKO moves are banned\n|rule|Moody Clause: Moody is banned\n|rule|Evasion Items Clause: Evasion items are banned\n|rule|Evasion Moves Clause: Evasion moves are banned\n|rule|Endless Battle Clause: Forcing endless battles is banned\n|rule|HP Percentage Mod: HP is shown in percentages\n|rule|Swagger Clause: Swagger is banned\n|clearpoke\n|poke|p1|Skarmory, F|item\n|poke|p1|Seismitoad, M|item\n|poke|p1|Tornadus-Therian, M|item\n|poke|p1|Clefable, F|item\n|poke|p1|Scizor, F|item\n|poke|p1|Volcanion|item\n|poke|p2|Reuniclus, F|item\n|poke|p2|Serperior, M|item\n|poke|p2|Ditto|item\n|poke|p2|Slowbro, M|item\n|poke|p2|Skarmory, F|item\n|poke|p2|Jellicent, F|item\n|teampreview\n|inactive|Battle timer is ON: inactive players will automatically lose when time's up. (requested by La saliere)\n|c|\u2606SkipTheDripBayless|yo\n|c|\u2606SkipTheDripBayless|do u want a team\n|c|\u2606SkipTheDripBayless|fo for this challenge\n|inactive|SkipTheDripBayless has 120 seconds left.\n|inactive|La saliere has 120 seconds left.\n|c|\u2606SkipTheDripBayless|i got 1 that guys pretty hard\n|\n|t:|1661953497\n|start\n|switch|p1a: Tornadus|Tornadus-Therian, M|100\/100\n|switch|p2a: Ditto|Ditto|100\/100\n|-transform|p2a: Ditto|p1a: Tornadus|[from] ability: Imposter\n|turn|1\n|\n|t:|1661953513\n|move|p2a: Ditto|Knock Off|p1a: Tornadus\n|-damage|p1a: Tornadus|78\/100\n|-enditem|p1a: Tornadus|Assault Vest|[from] move: Knock Off|[of] p2a: Ditto\n|move|p1a: Tornadus|Hurricane|p2a: Ditto\n|-damage|p2a: Ditto|30\/100\n|-start|p2a: Ditto|confusion\n|\n|upkeep\n|turn|2\n|\n|t:|1661953526\n|switch|p2a: Jellicent|Jellicent, F|100\/100\n|move|p1a: Tornadus|Knock Off|p2a: Jellicent\n|-supereffective|p2a: Jellicent\n|-damage|p2a: Jellicent|47\/100\n|-enditem|p2a: Jellicent|Leftovers|[from] move: Knock Off|[of] p1a: Tornadus\n|\n|upkeep\n|turn|3\n|\n|t:|1661953542\n|move|p1a: Tornadus|Hurricane|p2a: Jellicent\n|-damage|p2a: Jellicent|5\/100\n|move|p2a: Jellicent|Recover|p2a: Jellicent\n|-heal|p2a: Jellicent|55\/100\n|\n|upkeep\n|turn|4\n|\n|t:|1661953549\n|move|p1a: Tornadus|U-turn|p2a: Jellicent\n|-resisted|p2a: Jellicent\n|-damage|p2a: Jellicent|47\/100\n|\n|t:|1661953553\n|switch|p1a: Clefable|Clefable, F, shiny|100\/100|[from]move: U-turn\n|move|p2a: Jellicent|Recover|p2a: Jellicent\n|-heal|p2a: Jellicent|97\/100\n|\n|upkeep\n|turn|5\n|\n|t:|1661953568\n|switch|p2a: Skarmory|Skarmory, F|100\/100\n|move|p1a: Clefable|Thunder Wave|p2a: Skarmory\n|-status|p2a: Skarmory|par\n|\n|upkeep\n|turn|6\n|\n|t:|1661953576\n|switch|p1a: Seismitoad|Seismitoad, M|100\/100\n|move|p2a: Skarmory|Stealth Rock|p1a: Seismitoad\n|-sidestart|p1: SkipTheDripBayless|move: Stealth Rock\n|\n|upkeep\n|turn|7\n|\n|t:|1661953582\n|move|p1a: Seismitoad|Stealth Rock|p2a: Skarmory\n|-sidestart|p2: La saliere|move: Stealth Rock\n|move|p2a: Skarmory|Spikes|p1a: Seismitoad\n|-sidestart|p1: SkipTheDripBayless|Spikes\n|\n|upkeep\n|turn|8\n|\n|t:|1661953586\n|switch|p1a: Skarmory|Skarmory, F|100\/100\n|-damage|p1a: Skarmory|88\/100|[from] Stealth Rock\n|move|p2a: Skarmory|Spikes|p1a: Skarmory\n|-sidestart|p1: SkipTheDripBayless|Spikes\n|\n|upkeep\n|turn|9\n|\n|t:|1661953593\n|switch|p2a: Reuniclus|Reuniclus, F|100\/100\n|move|p1a: Skarmory|Spikes|p2a: Reuniclus\n|-sidestart|p2: La saliere|Spikes\n|\n|upkeep\n|turn|10\n|\n|t:|1661953596\n|move|p2a: Reuniclus|Acid Armor|p2a: Reuniclus\n|-boost|p2a: Reuniclus|def|2\n|move|p1a: Skarmory|Whirlwind|p2a: Reuniclus\n|drag|p2a: Ditto|Ditto|64\/100\n|-damage|p2a: Ditto|52\/100|[from] Stealth Rock\n|-damage|p2a: Ditto|39\/100|[from] Spikes\n|-transform|p2a: Ditto|p1a: Skarmory|[from] ability: Imposter\n|\n|upkeep\n|turn|11\n|\n|t:|1661953600\n|move|p2a: Ditto|Roost|p2a: Ditto\n|-heal|p2a: Ditto|90\/100\n|-singleturn|p2a: Ditto|move: Roost\n|move|p1a: Skarmory|Spikes|p2a: Ditto\n|-sidestart|p2: La saliere|Spikes\n|\n|upkeep\n|turn|12\n|\n|t:|1661953602\n|switch|p2a: Skarmory|Skarmory, F|100\/100 par\n|-damage|p2a: Skarmory|88\/100 par|[from] Stealth Rock\n|move|p1a: Skarmory|Whirlwind|p2a: Skarmory\n|drag|p2a: Ditto|Ditto|90\/100\n|-damage|p2a: Ditto|77\/100|[from] Stealth Rock\n|-damage|p2a: Ditto|61\/100|[from] Spikes\n|-transform|p2a: Ditto|p1a: Skarmory|[from] ability: Imposter\n|\n|upkeep\n|turn|13\n|\n|t:|1661953606\n|move|p2a: Ditto|Spikes|p1a: Skarmory\n|-sidestart|p1: SkipTheDripBayless|Spikes\n|move|p1a: Skarmory|Spikes|p2a: Ditto\n|-sidestart|p2: La saliere|Spikes\n|\n|upkeep\n|turn|14\n|\n|t:|1661953610\n|switch|p2a: Reuniclus|Reuniclus, F|100\/100\n|move|p1a: Skarmory|Whirlwind|p2a: Reuniclus\n|drag|p2a: Slowbro|Slowbro, M|100\/100\n|-damage|p2a: Slowbro|88\/100|[from] Stealth Rock\n|-damage|p2a: Slowbro|63\/100|[from] Spikes\n|\n|upkeep\n|turn|15\n|\n|t:|1661953614\n|move|p2a: Slowbro|Scald|p1a: Skarmory\n|-damage|p1a: Skarmory|49\/100\n|move|p1a: Skarmory|Whirlwind|p2a: Slowbro\n|drag|p2a: Ditto|Ditto|61\/100\n|-damage|p2a: Ditto|49\/100|[from] Stealth Rock\n|-damage|p2a: Ditto|24\/100|[from] Spikes\n|-transform|p2a: Ditto|p1a: Skarmory|[from] ability: Imposter\n|\n|upkeep\n|turn|16\n|\n|t:|1661953618\n|move|p2a: Ditto|Roost|p2a: Ditto\n|-heal|p2a: Ditto|74\/100\n|-singleturn|p2a: Ditto|move: Roost\n|move|p1a: Skarmory|Whirlwind|p2a: Ditto\n|drag|p2a: Slowbro|Slowbro, M|97\/100\n|-damage|p2a: Slowbro|84\/100|[from] Stealth Rock\n|-damage|p2a: Slowbro|59\/100|[from] Spikes\n|\n|upkeep\n|turn|17\n|\n|t:|1661953622\n|switch|p1a: Volcanion|Volcanion|100\/100\n|-damage|p1a: Volcanion|76\/100|[from] Stealth Rock\n|-damage|p1a: Volcanion|51\/100|[from] Spikes\n|move|p2a: Slowbro|Slack Off|p2a: Slowbro\n|-heal|p2a: Slowbro|100\/100\n|\n|-heal|p1a: Volcanion|57\/100|[from] item: Leftovers\n|upkeep\n|turn|18\n|\n|t:|1661953630\n|move|p2a: Slowbro|Calm Mind|p2a: Slowbro\n|-boost|p2a: Slowbro|spa|1\n|-boost|p2a: Slowbro|spd|1\n|move|p1a: Volcanion|Roar|p2a: Slowbro\n|drag|p2a: Skarmory|Skarmory, F|88\/100 par\n|-damage|p2a: Skarmory|76\/100 par|[from] Stealth Rock\n|\n|-heal|p1a: Volcanion|63\/100|[from] item: Leftovers\n|-heal|p2a: Skarmory|82\/100 par|[from] item: Leftovers\n|upkeep\n|turn|19\n|\n|t:|1661953646\n|switch|p2a: Slowbro|Slowbro, M|100\/100\n|-damage|p2a: Slowbro|88\/100|[from] Stealth Rock\n|-damage|p2a: Slowbro|63\/100|[from] Spikes\n|move|p1a: Volcanion|Flamethrower|p2a: Slowbro\n|-resisted|p2a: Slowbro\n|-damage|p2a: Slowbro|41\/100\n|\n|-heal|p1a: Volcanion|69\/100|[from] item: Leftovers\n|upkeep\n|turn|20\n|\n|t:|1661953651\n|move|p2a: Slowbro|Slack Off|p2a: Slowbro\n|-heal|p2a: Slowbro|91\/100\n|move|p1a: Volcanion|Roar|p2a: Slowbro\n|drag|p2a: Ditto|Ditto|74\/100\n|-damage|p2a: Ditto|62\/100|[from] Stealth Rock\n|-damage|p2a: Ditto|37\/100|[from] Spikes\n|-transform|p2a: Ditto|p1a: Volcanion|[from] ability: Imposter\n|\n|-heal|p1a: Volcanion|75\/100|[from] item: Leftovers\n|upkeep\n|turn|21\n|\n|t:|1661953657\n|move|p1a: Volcanion|Flamethrower|p2a: Ditto\n|-resisted|p2a: Ditto\n|-damage|p2a: Ditto|22\/100\n|move|p2a: Ditto|Roar|p1a: Volcanion\n|drag|p1a: Clefable|Clefable, F, shiny|100\/100\n|\n|upkeep\n|turn|22\n|\n|t:|1661953665\n|move|p1a: Clefable|Moonblast|p2a: Ditto\n|-resisted|p2a: Ditto\n|-damage|p2a: Ditto|2\/100\n|-unboost|p2a: Ditto|spa|1\n|move|p2a: Ditto|Roar|p1a: Clefable\n|drag|p1a: Scizor|Scizor, F|100\/100\n|-damage|p1a: Scizor|88\/100|[from] Stealth Rock\n|-damage|p1a: Scizor|63\/100|[from] Spikes\n|\n|upkeep\n|turn|23\n|\n|t:|1661953670\n|detailschange|p1a: Scizor|Scizor-Mega, F\n|-mega|p1a: Scizor|Scizor|Scizorite\n|move|p1a: Scizor|Bullet Punch|p2a: Ditto\n|-resisted|p2a: Ditto\n|-damage|p2a: Ditto|0 fnt\n|faint|p2a: Ditto\n|\n|upkeep\n|\n|t:|1661953675\n|switch|p2a: Jellicent|Jellicent, F|97\/100\n|-damage|p2a: Jellicent|84\/100|[from] Stealth Rock\n|-damage|p2a: Jellicent|59\/100|[from] Spikes\n|turn|24\n|\n|t:|1661953685\n|switch|p1a: Clefable|Clefable, F, shiny|100\/100\n|move|p2a: Jellicent|Recover|p2a: Jellicent\n|-heal|p2a: Jellicent|100\/100\n|\n|upkeep\n|turn|25\n|\n|t:|1661953689\n|move|p1a: Clefable|Thunder Wave|p2a: Jellicent\n|-status|p2a: Jellicent|par\n|move|p2a: Jellicent|Night Shade|p1a: Clefable\n|-damage|p1a: Clefable|75\/100\n|\n|upkeep\n|turn|26\n|\n|t:|1661953699\n|switch|p1a: Tornadus|Tornadus-Therian, M|100\/100\n|-damage|p1a: Tornadus|76\/100|[from] Stealth Rock\n|move|p2a: Jellicent|Night Shade|p1a: Tornadus\n|-damage|p1a: Tornadus|48\/100\n|\n|upkeep\n|turn|27\n|\n|t:|1661953704\n|move|p1a: Tornadus|Hurricane|p2a: Jellicent\n|-damage|p2a: Jellicent|64\/100 par\n|move|p2a: Jellicent|Night Shade|p1a: Tornadus\n|-damage|p1a: Tornadus|20\/100\n|\n|upkeep\n|turn|28\n|\n|t:|1661953718\n|move|p1a: Tornadus|Hurricane|p2a: Jellicent\n|-damage|p2a: Jellicent|23\/100 par\n|cant|p2a: Jellicent|par\n|\n|upkeep\n|turn|29\n|\n|t:|1661953723\n|move|p1a: Tornadus|Hurricane|p2a: Jellicent\n|-damage|p2a: Jellicent|0 fnt\n|faint|p2a: Jellicent\n|\n|upkeep\n|\n|t:|1661953728\n|switch|p2a: Reuniclus|Reuniclus, F|100\/100\n|turn|30\n|\n|t:|1661953732\n|move|p1a: Tornadus|Hurricane|p2a: Reuniclus\n|-damage|p2a: Reuniclus|60\/100\n|move|p2a: Reuniclus|Calm Mind|p2a: Reuniclus\n|-boost|p2a: Reuniclus|spa|1\n|-boost|p2a: Reuniclus|spd|1\n|\n|-heal|p2a: Reuniclus|66\/100|[from] item: Leftovers\n|upkeep\n|turn|31\n|\n|t:|1661953737\n|move|p1a: Tornadus|Knock Off|p2a: Reuniclus\n|-supereffective|p2a: Reuniclus\n|-damage|p2a: Reuniclus|18\/100\n|-enditem|p2a: Reuniclus|Leftovers|[from] move: Knock Off|[of] p1a: Tornadus\n|move|p2a: Reuniclus|Acid Armor|p2a: Reuniclus\n|-boost|p2a: Reuniclus|def|2\n|\n|upkeep\n|turn|32\n|\n|t:|1661953742\n|move|p1a: Tornadus|Hurricane|p2a: Reuniclus\n|-damage|p2a: Reuniclus|0 fnt\n|faint|p2a: Reuniclus\n|\n|upkeep\n|\n|t:|1661953746\n|switch|p2a: Slowbro|Slowbro, M|100\/100\n|-damage|p2a: Slowbro|88\/100|[from] Stealth Rock\n|-damage|p2a: Slowbro|63\/100|[from] Spikes\n|turn|33\n|\n|t:|1661953749\n|move|p1a: Tornadus|U-turn|p2a: Slowbro\n|-supereffective|p2a: Slowbro\n|-damage|p2a: Slowbro|34\/100\n|\n|t:|1661953753\n|switch|p1a: Volcanion|Volcanion|75\/100|[from]move: U-turn\n|-damage|p1a: Volcanion|50\/100|[from] Stealth Rock\n|-damage|p1a: Volcanion|26\/100|[from] Spikes\n|move|p2a: Slowbro|Calm Mind|p2a: Slowbro\n|-boost|p2a: Slowbro|spa|1\n|-boost|p2a: Slowbro|spd|1\n|\n|-heal|p1a: Volcanion|32\/100|[from] item: Leftovers\n|upkeep\n|turn|34\n|\n|t:|1661953758\n|move|p1a: Volcanion|Steam Eruption|p2a: Slowbro\n|-resisted|p2a: Slowbro\n|-damage|p2a: Slowbro|15\/100\n|move|p2a: Slowbro|Slack Off|p2a: Slowbro\n|-heal|p2a: Slowbro|65\/100\n|\n|-heal|p1a: Volcanion|38\/100|[from] item: Leftovers\n|upkeep\n|turn|35\n|\n|t:|1661953763\n|move|p1a: Volcanion|Steam Eruption|p2a: Slowbro\n|-resisted|p2a: Slowbro\n|-crit|p2a: Slowbro\n|-damage|p2a: Slowbro|19\/100\n|move|p2a: Slowbro|Slack Off|p2a: Slowbro\n|-heal|p2a: Slowbro|69\/100\n|\n|-heal|p1a: Volcanion|44\/100|[from] item: Leftovers\n|upkeep\n|turn|36\n|\n|t:|1661953766\n|move|p1a: Volcanion|Steam Eruption|p2a: Slowbro\n|-resisted|p2a: Slowbro\n|-damage|p2a: Slowbro|49\/100\n|move|p2a: Slowbro|Calm Mind|p2a: Slowbro\n|-boost|p2a: Slowbro|spa|1\n|-boost|p2a: Slowbro|spd|1\n|\n|-heal|p1a: Volcanion|50\/100|[from] item: Leftovers\n|upkeep\n|turn|37\n|\n|t:|1661953768\n|move|p1a: Volcanion|Steam Eruption|p2a: Slowbro\n|-resisted|p2a: Slowbro\n|-damage|p2a: Slowbro|35\/100\n|move|p2a: Slowbro|Slack Off|p2a: Slowbro\n|-heal|p2a: Slowbro|85\/100\n|\n|-heal|p1a: Volcanion|56\/100|[from] item: Leftovers\n|upkeep\n|turn|38\n|\n|t:|1661953771\n|move|p1a: Volcanion|Steam Eruption|p2a: Slowbro\n|-resisted|p2a: Slowbro\n|-damage|p2a: Slowbro|69\/100\n|move|p2a: Slowbro|Calm Mind|p2a: Slowbro\n|-boost|p2a: Slowbro|spa|1\n|-boost|p2a: Slowbro|spd|1\n|\n|-heal|p1a: Volcanion|62\/100|[from] item: Leftovers\n|upkeep\n|turn|39\n|\n|t:|1661953773\n|move|p1a: Volcanion|Steam Eruption|p2a: Slowbro\n|-resisted|p2a: Slowbro\n|-damage|p2a: Slowbro|57\/100\n|move|p2a: Slowbro|Slack Off|p2a: Slowbro\n|-heal|p2a: Slowbro|100\/100\n|\n|-heal|p1a: Volcanion|68\/100|[from] item: Leftovers\n|upkeep\n|turn|40\n|\n|t:|1661953778\n|move|p1a: Volcanion|Steam Eruption|p2a: Slowbro\n|-resisted|p2a: Slowbro\n|-damage|p2a: Slowbro|88\/100\n|move|p2a: Slowbro|Calm Mind|p2a: Slowbro\n|-boost|p2a: Slowbro|spa|1\n|-boost|p2a: Slowbro|spd|1\n|\n|-heal|p1a: Volcanion|74\/100|[from] item: Leftovers\n|upkeep\n|turn|41\n|\n|t:|1661953784\n|move|p2a: Slowbro|Calm Mind|p2a: Slowbro\n|-boost|p2a: Slowbro|spa|1\n|-boost|p2a: Slowbro|spd|1\n|move|p1a: Volcanion|Roar|p2a: Slowbro\n|drag|p2a: Serperior|Serperior, M|100\/100\n|-damage|p2a: Serperior|88\/100|[from] Stealth Rock\n|-damage|p2a: Serperior|63\/100|[from] Spikes\n|\n|-heal|p2a: Serperior|70\/100|[from] item: Leftovers\n|-heal|p1a: Volcanion|80\/100|[from] item: Leftovers\n|upkeep\n|turn|42\n|\n|t:|1661953792\n|move|p2a: Serperior|Leaf Storm|p1a: Volcanion\n|-damage|p1a: Volcanion|45\/100\n|-boost|p2a: Serperior|spa|2\n|move|p1a: Volcanion|Flamethrower|p2a: Serperior\n|-supereffective|p2a: Serperior\n|-damage|p2a: Serperior|0 fnt\n|faint|p2a: Serperior\n|\n|-heal|p1a: Volcanion|51\/100|[from] item: Leftovers\n|upkeep\n|-message|La saliere forfeited.\n|\n|win|SkipTheDripBayless\n|raw|SkipTheDripBayless's rating: 1471 &rarr; <strong>1488<\/strong><br \/>(+17 for winning)\n|raw|La saliere's rating: 1421 &rarr; <strong>1404<\/strong><br \/>(-17 for losing)\n|l|\u203dLa saliere\n|l|\u2606SkipTheDripBayless\n","uploadtime":1661953844,"views":6,"p1id":"skipthedripbayless","p2id":"lasaliere","formatid":"gen6ou","rating":1404,"private":0,"password":null}