{"id":"gen6ou-1648797569","p1":"darkkevo","p2":"SkipTheDripBayless","format":"gen6ou","log":"|j|\u2606darkkevo\n|j|\u203dSkipTheDripBayless\n|t:|1661527358\n|gametype|singles\n|player|p1|darkkevo|266|1349\n|player|p2|SkipTheDripBayless|worker-gen4|1631\n|teamsize|p1|6\n|teamsize|p2|6\n|gen|6\n|tier|[Gen 6] OU\n|rated|\n|rule|Sleep Clause Mod: Limit one foe put to sleep\n|rule|Species Clause: Limit one of each Pok\u00e9mon\n|rule|OHKO Clause: OHKO moves are banned\n|rule|Moody Clause: Moody is banned\n|rule|Evasion Items Clause: Evasion items are banned\n|rule|Evasion Moves Clause: Evasion moves are banned\n|rule|Endless Battle Clause: Forcing endless battles is banned\n|rule|HP Percentage Mod: HP is shown in percentages\n|rule|Swagger Clause: Swagger is banned\n|clearpoke\n|poke|p1|Azelf|item\n|poke|p1|Gengar, F|item\n|poke|p1|Gyarados, M|item\n|poke|p1|Raikou|item\n|poke|p1|Scizor, F|item\n|poke|p1|Garchomp, F|item\n|poke|p2|Quagsire, F|item\n|poke|p2|Altaria, F|item\n|poke|p2|Magnezone|item\n|poke|p2|Suicune|item\n|poke|p2|Zapdos|item\n|poke|p2|Chansey, F|item\n|teampreview\n|\n|t:|1661527384\n|start\n|switch|p1a: Azelf|Azelf|100\/100\n|switch|p2a: Altaria|Altaria, F|100\/100\n|turn|1\n|inactive|Battle timer is ON: inactive players will automatically lose when time's up. (requested by SkipTheDripBayless)\n|\n|t:|1661527395\n|detailschange|p2a: Altaria|Altaria-Mega, F\n|-mega|p2a: Altaria|Altaria|Altarianite\n|move|p1a: Azelf|Taunt|p2a: Altaria\n|-start|p2a: Altaria|move: Taunt\n|move|p2a: Altaria|Frustration|p1a: Azelf\n|-damage|p1a: Azelf|25\/100\n|\n|upkeep\n|turn|2\n|\n|t:|1661527402\n|move|p1a: Azelf|Stealth Rock|p2a: Altaria\n|-sidestart|p2: SkipTheDripBayless|move: Stealth Rock\n|move|p2a: Altaria|Frustration|p1a: Azelf\n|-damage|p1a: Azelf|0 fnt\n|faint|p1a: Azelf\n|\n|upkeep\n|\n|t:|1661527411\n|switch|p1a: Gengar|Gengar, F|100\/100\n|turn|3\n|\n|t:|1661527425\n|switch|p2a: Suicune|Suicune|100\/100\n|-damage|p2a: Suicune|88\/100|[from] Stealth Rock\n|-ability|p2a: Suicune|Pressure\n|move|p1a: Gengar|Focus Blast|p2a: Suicune\n|-damage|p2a: Suicune|48\/100\n|-damage|p1a: Gengar|91\/100|[from] item: Life Orb\n|\n|-heal|p2a: Suicune|54\/100|[from] item: Leftovers\n|upkeep\n|turn|4\n|\n|t:|1661527436\n|move|p1a: Gengar|Sludge Wave|p2a: Suicune\n|-damage|p2a: Suicune|2\/100\n|-damage|p1a: Gengar|81\/100|[from] item: Life Orb\n|move|p2a: Suicune|Scald|p1a: Gengar\n|-damage|p1a: Gengar|37\/100\n|-status|p1a: Gengar|brn\n|\n|-heal|p2a: Suicune|9\/100|[from] item: Leftovers\n|-damage|p1a: Gengar|25\/100 brn|[from] brn\n|upkeep\n|turn|5\n|\n|t:|1661527453\n|switch|p2a: Chansey|Chansey, F|100\/100\n|-damage|p2a: Chansey|88\/100|[from] Stealth Rock\n|move|p1a: Gengar|Sludge Wave|p2a: Chansey\n|-damage|p2a: Chansey|66\/100\n|-damage|p1a: Gengar|15\/100 brn|[from] item: Life Orb\n|\n|-damage|p1a: Gengar|2\/100 brn|[from] brn\n|upkeep\n|turn|6\n|\n|t:|1661527458\n|move|p1a: Gengar|Taunt|p2a: Chansey\n|-start|p2a: Chansey|move: Taunt\n|cant|p2a: Chansey|move: Taunt|Soft-Boiled\n|\n|-damage|p1a: Gengar|0 fnt|[from] brn\n|faint|p1a: Gengar\n|upkeep\n|\n|t:|1661527464\n|switch|p1a: Gyarados|Gyarados, M|100\/100\n|-ability|p1a: Gyarados|Intimidate|boost\n|-unboost|p2a: Chansey|atk|1\n|turn|7\n|\n|t:|1661527471\n|switch|p2a: Altaria|Altaria-Mega, F|100\/100\n|-damage|p2a: Altaria|88\/100|[from] Stealth Rock\n|detailschange|p1a: Gyarados|Gyarados-Mega, M\n|-mega|p1a: Gyarados|Gyarados|Gyaradosite\n|-ability|p1a: Gyarados|Mold Breaker\n|move|p1a: Gyarados|Dragon Dance|p1a: Gyarados\n|-boost|p1a: Gyarados|atk|1\n|-boost|p1a: Gyarados|spe|1\n|\n|upkeep\n|turn|8\n|\n|t:|1661527486\n|move|p1a: Gyarados|Waterfall|p2a: Altaria\n|-resisted|p2a: Altaria\n|-damage|p2a: Altaria|64\/100\n|move|p2a: Altaria|Frustration|p1a: Gyarados\n|-supereffective|p1a: Gyarados\n|-damage|p1a: Gyarados|10\/100\n|\n|upkeep\n|turn|9\n|\n|t:|1661527493\n|move|p1a: Gyarados|Waterfall|p2a: Altaria\n|-resisted|p2a: Altaria\n|-damage|p2a: Altaria|38\/100\n|cant|p2a: Altaria|flinch\n|\n|upkeep\n|turn|10\n|\n|t:|1661527498\n|move|p1a: Gyarados|Waterfall|p2a: Altaria\n|-resisted|p2a: Altaria\n|-damage|p2a: Altaria|14\/100\n|cant|p2a: Altaria|flinch\n|\n|upkeep\n|turn|11\n|\n|t:|1661527520\n|switch|p2a: Suicune|Suicune|9\/100\n|-damage|p2a: Suicune|0 fnt|[from] Stealth Rock\n|faint|p2a: Suicune\n|move|p1a: Gyarados|Waterfall|p2: Suicune|[notarget]\n|-fail|p1a: Gyarados\n|\n|upkeep\n|\n|t:|1661527522\n|switch|p2a: Zapdos|Zapdos|100\/100\n|-damage|p2a: Zapdos|75\/100|[from] Stealth Rock\n|-ability|p2a: Zapdos|Pressure\n|turn|12\n|\n|t:|1661527534\n|move|p1a: Gyarados|Waterfall|p2a: Zapdos\n|-damage|p2a: Zapdos|11\/100\n|move|p2a: Zapdos|Thunderbolt|p1a: Gyarados\n|-supereffective|p1a: Gyarados\n|-damage|p1a: Gyarados|0 fnt\n|faint|p1a: Gyarados\n|\n|-heal|p2a: Zapdos|17\/100|[from] item: Leftovers\n|upkeep\n|\n|t:|1661527548\n|switch|p1a: Raikou|Raikou|100\/100\n|-ability|p1a: Raikou|Pressure\n|turn|13\n|\n|t:|1661527556\n|move|p1a: Raikou|Shadow Ball|p2a: Zapdos\n|-damage|p2a: Zapdos|0 fnt\n|faint|p2a: Zapdos\n|\n|upkeep\n|\n|t:|1661527560\n|switch|p2a: Chansey|Chansey, F|66\/100\n|-damage|p2a: Chansey|54\/100|[from] Stealth Rock\n|turn|14\n|\n|t:|1661527564\n|switch|p1a: Scizor|Scizor, F|100\/100\n|move|p2a: Chansey|Soft-Boiled|p2a: Chansey\n|-heal|p2a: Chansey|100\/100\n|\n|upkeep\n|turn|15\n|\n|t:|1661527571\n|switch|p2a: Altaria|Altaria-Mega, F|14\/100\n|-damage|p2a: Altaria|1\/100|[from] Stealth Rock\n|move|p1a: Scizor|Superpower|p2a: Altaria\n|-resisted|p2a: Altaria\n|-damage|p2a: Altaria|0 fnt\n|-unboost|p1a: Scizor|atk|1\n|-unboost|p1a: Scizor|def|1\n|faint|p2a: Altaria\n|-damage|p1a: Scizor|91\/100|[from] item: Life Orb\n|\n|upkeep\n|\n|t:|1661527573\n|switch|p2a: Magnezone|Magnezone|100\/100\n|-damage|p2a: Magnezone|94\/100|[from] Stealth Rock\n|turn|16\n|\n|t:|1661527574\n|move|p2a: Magnezone|Hidden Power|p1a: Scizor\n|-supereffective|p1a: Scizor\n|-damage|p1a: Scizor|0 fnt\n|faint|p1a: Scizor\n|\n|upkeep\n|\n|t:|1661527579\n|switch|p1a: Garchomp|Garchomp, F|100\/100\n|turn|17\n|\n|t:|1661527582\n|move|p1a: Garchomp|Earthquake|p2a: Magnezone\n|-supereffective|p2a: Magnezone\n|-damage|p2a: Magnezone|0 fnt\n|faint|p2a: Magnezone\n|\n|upkeep\n|\n|t:|1661527584\n|switch|p2a: Quagsire|Quagsire, F|100\/100\n|-damage|p2a: Quagsire|94\/100|[from] Stealth Rock\n|turn|18\n|\n|t:|1661527601\n|move|p1a: Garchomp|Earthquake|p2a: Quagsire\n|-damage|p2a: Quagsire|60\/100\n|move|p2a: Quagsire|Toxic|p1a: Garchomp|[miss]\n|-miss|p2a: Quagsire|p1a: Garchomp\n|\n|-heal|p2a: Quagsire|66\/100|[from] item: Leftovers\n|upkeep\n|turn|19\n|inactive|darkkevo has 120 seconds left.\n|\n|t:|1661527634\n|move|p1a: Garchomp|Earthquake|p2a: Quagsire\n|-damage|p2a: Quagsire|27\/100\n|move|p2a: Quagsire|Recover|p2a: Quagsire\n|-heal|p2a: Quagsire|77\/100\n|\n|-heal|p2a: Quagsire|83\/100|[from] item: Leftovers\n|upkeep\n|turn|20\n|inactive|darkkevo has 120 seconds left.\n|inactive|SkipTheDripBayless has 120 seconds left.\n|\n|t:|1661527688\n|switch|p1a: Raikou|Raikou|100\/100\n|-ability|p1a: Raikou|Pressure\n|move|p2a: Quagsire|Recover|p2a: Quagsire\n|-heal|p2a: Quagsire|100\/100\n|\n|upkeep\n|turn|21\n|\n|t:|1661527695\n|switch|p2a: Chansey|Chansey, F|100\/100\n|-damage|p2a: Chansey|88\/100|[from] Stealth Rock\n|move|p1a: Raikou|Shadow Ball|p2a: Chansey\n|-immune|p2a: Chansey\n|\n|upkeep\n|turn|22\n|inactive|darkkevo has 120 seconds left.\n|inactive|darkkevo has 90 seconds left.\n|\n|t:|1661527757\n|move|p1a: Raikou|Shadow Ball|p2a: Chansey\n|-immune|p2a: Chansey\n|move|p2a: Chansey|Toxic|p1a: Raikou\n|-status|p1a: Raikou|tox\n|\n|-damage|p1a: Raikou|94\/100 tox|[from] psn\n|upkeep\n|turn|23\n|\n|t:|1661527760\n|switch|p1a: Garchomp|Garchomp, F|100\/100\n|move|p2a: Chansey|Toxic|p1a: Garchomp\n|-status|p1a: Garchomp|tox\n|\n|-damage|p1a: Garchomp|94\/100 tox|[from] psn\n|upkeep\n|turn|24\n|inactive|darkkevo has 90 seconds left.\n|\n|t:|1661527766\n|move|p1a: Garchomp|Outrage|p2a: Chansey\n|-damage|p2a: Chansey|51\/100\n|move|p2a: Chansey|Soft-Boiled|p2a: Chansey\n|-heal|p2a: Chansey|100\/100\n|\n|-damage|p1a: Garchomp|82\/100 tox|[from] psn\n|upkeep\n|turn|25\n|\n|t:|1661527772\n|move|p1a: Garchomp|Outrage|p2a: Chansey|[from]lockedmove\n|-damage|p2a: Chansey|58\/100\n|move|p2a: Chansey|Stealth Rock|p1a: Garchomp\n|-sidestart|p1: darkkevo|move: Stealth Rock\n|\n|-damage|p1a: Garchomp|64\/100 tox|[from] psn\n|upkeep\n|turn|26\n|\n|t:|1661527779\n|move|p1a: Garchomp|Outrage|p2a: Chansey|[from]lockedmove\n|-damage|p2a: Chansey|19\/100\n|-start|p1a: Garchomp|confusion|[fatigue]\n|move|p2a: Chansey|Soft-Boiled|p2a: Chansey\n|-heal|p2a: Chansey|69\/100\n|\n|-damage|p1a: Garchomp|39\/100 tox|[from] psn\n|upkeep\n|turn|27\n|\n|t:|1661527783\n|switch|p1a: Raikou|Raikou|94\/100 tox\n|-damage|p1a: Raikou|82\/100 tox|[from] Stealth Rock\n|-ability|p1a: Raikou|Pressure\n|move|p2a: Chansey|Soft-Boiled|p2a: Chansey\n|-heal|p2a: Chansey|100\/100\n|\n|-damage|p1a: Raikou|76\/100 tox|[from] psn\n|upkeep\n|turn|28\n|inactive|darkkevo has 120 seconds left.\n|-message|darkkevo forfeited.\n|\n|win|SkipTheDripBayless\n|raw|darkkevo's rating: 1349 &rarr; <strong>1342<\/strong><br \/>(-7 for losing)\n|raw|SkipTheDripBayless's rating: 1631 &rarr; <strong>1638<\/strong><br \/>(+7 for winning)\n|l|\u2606darkkevo\n||Ladder isn't responding, score probably updated but might not have (Request timeout).\n","uploadtime":1661527846,"views":9,"p1id":"darkkevo","p2id":"skipthedripbayless","formatid":"gen6ou","rating":1342,"private":0,"password":null}