{"id":"gen6ou-1610621619","p1":"Pedri Enjoyer","p2":"rooopos","format":"gen6ou","log":"|j|\u2606Pedri Enjoyer\n|j|\u2606rooopos\n|t:|1657006213\n|gametype|singles\n|player|p1|Pedri Enjoyer|striker|1318\n|player|p2|rooopos|102|1354\n|teamsize|p1|6\n|teamsize|p2|6\n|gen|6\n|tier|[Gen 6] OU\n|rated|\n|rule|Sleep Clause Mod: Limit one foe put to sleep\n|rule|Species Clause: Limit one of each Pok\u00e9mon\n|rule|OHKO Clause: OHKO moves are banned\n|rule|Moody Clause: Moody is banned\n|rule|Evasion Moves Clause: Evasion moves are banned\n|rule|Endless Battle Clause: Forcing endless battles is banned\n|rule|HP Percentage Mod: HP is shown in percentages\n|rule|Swagger Clause: Swagger is banned\n|clearpoke\n|poke|p1|Landorus-Therian, M|item\n|poke|p1|Heatran, F|item\n|poke|p1|Scizor, F|item\n|poke|p1|Tangrowth, F|item\n|poke|p1|Tornadus-Therian, M|item\n|poke|p1|Slowbro, F|item\n|poke|p2|Diancie|item\n|poke|p2|Tangrowth, M|item\n|poke|p2|Weavile, F|item\n|poke|p2|Latios, M|item\n|poke|p2|Zapdos|item\n|poke|p2|Hippowdon, M|item\n|teampreview\n|inactive|Battle timer is ON: inactive players will automatically lose when time's up. (requested by Pedri Enjoyer)\n|j| graaapgfhe\n|inactive|Pedri Enjoyer has 120 seconds left.\n|inactive|rooopos has 120 seconds left.\n|\n|t:|1657006252\n|start\n|switch|p1a: Landorus|Landorus-Therian, M|100\/100\n|switch|p2a: Zapdos|Zapdos|100\/100\n|-ability|p1a: Landorus|Intimidate|boost\n|-unboost|p2a: Zapdos|atk|1\n|-ability|p2a: Zapdos|Pressure\n|turn|1\n|\n|t:|1657006278\n|move|p1a: Landorus|U-turn|p2a: Zapdos\n|-resisted|p2a: Zapdos\n|-damage|p2a: Zapdos|90\/100\n|\n|t:|1657006284\n|switch|p1a: Heatran|Heatran, F|100\/100|[from]move: U-turn\n|move|p2a: Zapdos|Heat Wave|p1a: Heatran\n|-start|p1a: Heatran|ability: Flash Fire\n|\n|-heal|p2a: Zapdos|96\/100|[from] item: Leftovers\n|upkeep\n|turn|2\n|\n|t:|1657006294\n|switch|p2a: Hippowdon|Hippowdon, M|100\/100\n|-weather|Sandstorm|[from] ability: Sand Stream|[of] p2a: Hippowdon\n|move|p1a: Heatran|Toxic|p2a: Hippowdon\n|-status|p2a: Hippowdon|tox\n|\n|-weather|Sandstorm|[upkeep]\n|-damage|p2a: Hippowdon|94\/100 tox|[from] psn\n|upkeep\n|turn|3\n|\n|t:|1657006306\n|-end|p1a: Heatran|ability: Flash Fire|[silent]\n|switch|p1a: Landorus|Landorus-Therian, M|100\/100\n|-ability|p1a: Landorus|Intimidate|boost\n|-unboost|p2a: Hippowdon|atk|1\n|move|p2a: Hippowdon|Stealth Rock|p1a: Landorus\n|-sidestart|p1: Pedri Enjoyer|move: Stealth Rock\n|\n|-weather|Sandstorm|[upkeep]\n|-heal|p2a: Hippowdon|100\/100 tox|[from] item: Leftovers\n|-damage|p2a: Hippowdon|88\/100 tox|[from] psn\n|upkeep\n|turn|4\n|\n|t:|1657006333\n|switch|p2a: Zapdos|Zapdos|96\/100\n|-ability|p2a: Zapdos|Pressure\n|move|p1a: Landorus|U-turn|p2a: Zapdos\n|-resisted|p2a: Zapdos\n|-damage|p2a: Zapdos|86\/100\n|inactive|Pedri Enjoyer has 120 seconds left.\n|\n|t:|1657006347\n|switch|p1a: Heatran|Heatran, F|100\/100|[from]move: U-turn\n|-damage|p1a: Heatran|88\/100|[from] Stealth Rock\n|\n|-weather|Sandstorm|[upkeep]\n|-damage|p2a: Zapdos|80\/100|[from] Sandstorm\n|-heal|p2a: Zapdos|86\/100|[from] item: Leftovers\n|-heal|p1a: Heatran|94\/100|[from] item: Leftovers\n|upkeep\n|turn|5\n|inactive|Pedri Enjoyer has 120 seconds left.\n|\n|t:|1657006360\n|switch|p2a: Diancie|Diancie|100\/100\n|move|p1a: Heatran|Stealth Rock|p2a: Diancie\n|-sidestart|p2: rooopos|move: Stealth Rock\n|\n|-weather|Sandstorm|[upkeep]\n|-heal|p1a: Heatran|100\/100|[from] item: Leftovers\n|upkeep\n|turn|6\n|inactive|Pedri Enjoyer has 120 seconds left.\n|\n|t:|1657006371\n|switch|p1a: Landorus|Landorus-Therian, M|100\/100\n|-damage|p1a: Landorus|88\/100|[from] Stealth Rock\n|-ability|p1a: Landorus|Intimidate|boost\n|-fail|p2a: Diancie|unboost|[from] ability: Clear Body|[of] p2a: Diancie\n|detailschange|p2a: Diancie|Diancie-Mega\n|-mega|p2a: Diancie|Diancie|Diancite\n|move|p2a: Diancie|Diamond Storm|p1a: Landorus\n|-damage|p1a: Landorus|27\/100\n|\n|-weather|none\n|upkeep\n|turn|7\n|inactive|Pedri Enjoyer has 120 seconds left.\n|\n|t:|1657006383\n|switch|p2a: Tangrowth|Tangrowth, M|100\/100\n|-damage|p2a: Tangrowth|88\/100|[from] Stealth Rock\n|move|p1a: Landorus|U-turn|p2a: Tangrowth\n|-supereffective|p2a: Tangrowth\n|-crit|p2a: Tangrowth\n|-damage|p2a: Tangrowth|46\/100\n|-damage|p1a: Landorus|10\/100|[from] item: Rocky Helmet|[of] p2a: Tangrowth\n|inactive|Pedri Enjoyer has 120 seconds left.\n|\n|t:|1657006399\n|switch|p1a: Scizor|Scizor, F|100\/100|[from]move: U-turn\n|-damage|p1a: Scizor|88\/100|[from] Stealth Rock\n|\n|upkeep\n|turn|8\n|\n|t:|1657006405\n|switch|p2a: Zapdos|Zapdos|86\/100\n|-damage|p2a: Zapdos|61\/100|[from] Stealth Rock\n|-ability|p2a: Zapdos|Pressure\n|detailschange|p1a: Scizor|Scizor-Mega, F\n|-mega|p1a: Scizor|Scizor|Scizorite\n|move|p1a: Scizor|Swords Dance|p1a: Scizor\n|-boost|p1a: Scizor|atk|2\n|\n|-heal|p2a: Zapdos|67\/100|[from] item: Leftovers\n|upkeep\n|turn|9\n|inactive|Pedri Enjoyer has 120 seconds left.\n|\n|t:|1657006418\n|switch|p1a: Heatran|Heatran, F|100\/100\n|-damage|p1a: Heatran|88\/100|[from] Stealth Rock\n|move|p2a: Zapdos|Roost|p2a: Zapdos\n|-heal|p2a: Zapdos|100\/100\n|-singleturn|p2a: Zapdos|move: Roost\n|\n|-heal|p1a: Heatran|94\/100|[from] item: Leftovers\n|upkeep\n|turn|10\n|inactive|Pedri Enjoyer has 120 seconds left.\n|\n|t:|1657006428\n|switch|p2a: Hippowdon|Hippowdon, M|88\/100 tox\n|-damage|p2a: Hippowdon|82\/100 tox|[from] Stealth Rock\n|-weather|Sandstorm|[from] ability: Sand Stream|[of] p2a: Hippowdon\n|move|p1a: Heatran|Magma Storm|p2a: Hippowdon|[miss]\n|-miss|p1a: Heatran|p2a: Hippowdon\n|\n|-weather|Sandstorm|[upkeep]\n|-heal|p1a: Heatran|100\/100|[from] item: Leftovers\n|-heal|p2a: Hippowdon|88\/100 tox|[from] item: Leftovers\n|-damage|p2a: Hippowdon|82\/100 tox|[from] psn\n|upkeep\n|turn|11\n|inactive|Pedri Enjoyer has 120 seconds left.\n|\n|t:|1657006442\n|switch|p1a: Tornadus|Tornadus-Therian, M|100\/100\n|-damage|p1a: Tornadus|76\/100|[from] Stealth Rock\n|switch|p2a: Diancie|Diancie-Mega|100\/100\n|-damage|p2a: Diancie|88\/100|[from] Stealth Rock\n|\n|-weather|Sandstorm|[upkeep]\n|-damage|p1a: Tornadus|70\/100|[from] Sandstorm\n|upkeep\n|turn|12\n|inactive|Pedri Enjoyer has 120 seconds left.\n|\n|t:|1657006454\n|move|p1a: Tornadus|Heat Wave|p2a: Diancie|[miss]\n|-miss|p1a: Tornadus|p2a: Diancie\n|move|p2a: Diancie|Diamond Storm|p1a: Tornadus\n|-supereffective|p1a: Tornadus\n|-damage|p1a: Tornadus|0 fnt\n|faint|p1a: Tornadus\n|\n|-weather|Sandstorm|[upkeep]\n|upkeep\n|inactive|Pedri Enjoyer has 120 seconds left.\n|\n|t:|1657006465\n|switch|p1a: Heatran|Heatran, F|100\/100\n|-damage|p1a: Heatran|88\/100|[from] Stealth Rock\n|turn|13\n|\n|t:|1657006469\n|move|p2a: Diancie|Earth Power|p1a: Heatran\n|-supereffective|p1a: Heatran\n|-damage|p1a: Heatran|0 fnt\n|faint|p1a: Heatran\n|\n|-weather|Sandstorm|[upkeep]\n|upkeep\n|-message|Pedri Enjoyer forfeited.\n|\n|win|rooopos\n|raw|Pedri Enjoyer's rating: 1318 &rarr; <strong>1300<\/strong><br \/>(-18 for losing)\n|raw|rooopos's rating: 1354 &rarr; <strong>1372<\/strong><br \/>(+18 for winning)\n|l|\u2606Pedri Enjoyer\n","uploadtime":1657006482,"views":3,"p1id":"pedrienjoyer","p2id":"rooopos","formatid":"gen6ou","rating":1300,"private":0,"password":null}