{"id":"gen6randombattle-1287678762","p1":"IQMathlete","p2":"Lunar Neo","format":"gen6randombattle","log":"|j|\u2606IQMathlete\n|j|\u2606Lunar Neo\n|inactive|Battle timer is ON: inactive players will automatically lose when time's up.\n|t:|1614024501\n|player|p1|IQMathlete|lady-gen4|\n|player|p2|Lunar Neo|grimsley|\n|teamsize|p1|6\n|teamsize|p2|6\n|gametype|singles\n|gen|6\n|tier|[Gen 6] Random Battle\n|rated|Tournament battle\n|rule|Sleep Clause Mod: Limit one foe put to sleep\n|rule|HP Percentage Mod: HP is shown in percentages\n|rule|Inverse Mod: Weaknesses become resistances, while resistances and immunities become weaknesses.\n|\n|t:|1614024501\n|start\n|switch|p1a: Greninja|Greninja, L76, M|234\/234\n|switch|p2a: Terrakion|Terrakion, L82|283\/283\n|turn|1\n|inactive|Lunar Neo also wants the timer to be on.\n|j| FireWave217\n|j| 138646 QQ is afk\n|j| DayanYT\n|j| Draco vish partner\n|j| Aquafrrresh\n|j| GladionHaven\n|c| 138646 QQ is afk|yo\n|j| WitheredRoyal\n|j| tedro96\n|j| milese794\n|c| tedro96|hypeeeee\n|c| GladionHaven|Gl :>\n|j| TheKingofHats\n|c| WitheredRoyal|hypeee\n|\n|t:|1614024522\n|move|p1a: Greninja|Gunk Shot|p2a: Terrakion\n|-start|p1a: Greninja|typechange|Poison|[from] ability: Protean\n|-supereffective|p2a: Terrakion\n|-damage|p2a: Terrakion|55\/283\n|-status|p2a: Terrakion|psn\n|move|p2a: Terrakion|Earthquake|p1a: Greninja\n|-resisted|p1a: Greninja\n|-crit|p1a: Greninja\n|-damage|p1a: Greninja|149\/234\n|\n|-damage|p2a: Terrakion|20\/283 psn|[from] psn\n|upkeep\n|turn|2\n|c| FireWave217|gl both\n|j| TheGalarAsh\n|j| Chrysdon\n|\n|t:|1614024530\n|switch|p2a: Bellossom|Bellossom, L88, M|275\/275\n|move|p1a: Greninja|Toxic Spikes|p2a: Bellossom\n|-sidestart|p2: Lunar Neo|move: Toxic Spikes\n|\n|upkeep\n|turn|3\n|j| cool1111\n|\n|t:|1614024541\n|move|p1a: Greninja|Taunt|p2a: Bellossom\n|-start|p1a: Greninja|typechange|Dark|[from] ability: Protean\n|-start|p2a: Bellossom|move: Taunt\n|cant|p2a: Bellossom|move: Taunt|Sleep Powder\n|\n|upkeep\n|turn|4\n|\n|t:|1614024546\n|move|p1a: Greninja|Hydro Pump|p2a: Bellossom|[miss]\n|-start|p1a: Greninja|typechange|Water|[from] ability: Protean\n|-miss|p1a: Greninja|p2a: Bellossom\n|move|p2a: Bellossom|Giga Drain|p1a: Greninja\n|-resisted|p1a: Greninja\n|-damage|p1a: Greninja|84\/234\n|-damage|p2a: Bellossom|248\/275|[from] item: Life Orb\n|\n|upkeep\n|turn|5\n|j| ihavebestsandteam\n|\n|t:|1614024551\n|move|p1a: Greninja|Hydro Pump|p2a: Bellossom|[miss]\n|-miss|p1a: Greninja|p2a: Bellossom\n|move|p2a: Bellossom|Hidden Power|p1a: Greninja\n|-supereffective|p1a: Greninja\n|-crit|p1a: Greninja\n|-damage|p1a: Greninja|0 fnt\n|-damage|p2a: Bellossom|221\/275|[from] item: Life Orb\n|faint|p1a: Greninja\n|\n|-end|p2a: Bellossom|move: Taunt\n|upkeep\n|c| DayanYT|lmao\n|l| ihavebestsandteam\n|l| cool1111\n|\n|t:|1614024561\n|switch|p1a: Lapras|Lapras, L88, M|371\/371\n|turn|6\n|j| WaterMaster782\n|j|@ang\u25cb\n|c| TheGalarAsh|Greninja super good\n|c| GladionHaven|:\/\n|\n|t:|1614024566\n|move|p1a: Lapras|Hydro Pump|p2a: Bellossom\n|-supereffective|p2a: Bellossom\n|-damage|p2a: Bellossom|3\/275\n|move|p2a: Bellossom|Sleep Powder|p1a: Lapras\n|-status|p1a: Lapras|slp|[from] move: Sleep Powder\n|\n|upkeep\n|turn|7\n|j| cool1111\n|l| Draco vish partner\n|c| GladionHaven|Yeh\n|\n|t:|1614024573\n|switch|p2a: Qwilfish|Qwilfish, L84, M|246\/246\n|-sideend|p2: Lunar Neo|move: Toxic Spikes|[of] p2a: Qwilfish\n|-ability|p2a: Qwilfish|Intimidate|boost\n|-unboost|p1a: Lapras|atk|1\n|cant|p1a: Lapras|slp\n|\n|upkeep\n|turn|8\n|c| WitheredRoyal|Greninja ftw\n|j| thunderboxer\n|\n|t:|1614024579\n|switch|p1a: Magcargo|Magcargo, L88, F|231\/231\n|move|p2a: Qwilfish|Toxic Spikes|p1a: Magcargo\n|-sidestart|p1: IQMathlete|move: Toxic Spikes\n|\n|upkeep\n|turn|9\n|\n|t:|1614024587\n|switch|p1a: Xatu|Xatu, L86, F|251\/251\n|move|p2a: Qwilfish|Toxic Spikes|p1a: Xatu\n|move|p1a: Xatu|Toxic Spikes|p2a: Qwilfish|[from]ability: Magic Bounce\n|-sidestart|p2: Lunar Neo|move: Toxic Spikes\n|\n|upkeep\n|turn|10\n|j| guts88\n|c| tedro96|Lets go Lunar and Lets go IQ\n|\n|t:|1614024599\n|switch|p2a: Bellossom|Bellossom, L88, M|3\/275\n|-status|p2a: Bellossom|psn\n|move|p1a: Xatu|U-turn|p2a: Bellossom\n|-resisted|p2a: Bellossom\n|-damage|p2a: Bellossom|0 fnt\n|faint|p2a: Bellossom\n|j| 4Dninja\n|\n|t:|1614024604\n|switch|p1a: Forretress|Forretress, L82, M|257\/257\n|\n|upkeep\n|\n|t:|1614024608\n|switch|p2a: Qwilfish|Qwilfish, L84, M|246\/246\n|-sideend|p2: Lunar Neo|move: Toxic Spikes|[of] p2a: Qwilfish\n|-ability|p2a: Qwilfish|Intimidate|boost\n|-unboost|p1a: Forretress|atk|1\n|turn|11\n|j| VS3118mandjtv\n|\n|t:|1614024616\n|move|p2a: Qwilfish|Waterfall|p1a: Forretress\n|-damage|p1a: Forretress|194\/257\n|move|p1a: Forretress|Stealth Rock|p2a: Qwilfish\n|-sidestart|p2: Lunar Neo|move: Stealth Rock\n|\n|-heal|p1a: Forretress|210\/257|[from] item: Leftovers\n|upkeep\n|turn|12\n|c| guts88|lets go both\n|c| VS3118mandjtv|well hello\n|\n|t:|1614024623\n|move|p2a: Qwilfish|Waterfall|p1a: Forretress\n|-damage|p1a: Forretress|153\/257\n|move|p1a: Forretress|Spikes|p2a: Qwilfish\n|-sidestart|p2: Lunar Neo|Spikes\n|\n|-heal|p1a: Forretress|169\/257|[from] item: Leftovers\n|upkeep\n|turn|13\n|l| TheKingofHats\n|c| guts88|hello\n|c| FireWave217|hello\n|\n|t:|1614024630\n|switch|p1a: Lapras|Lapras, L88, M|371\/371 slp\n|move|p2a: Qwilfish|Waterfall|p1a: Lapras\n|-immune|p1a: Lapras|[from] ability: Water Absorb\n|\n|upkeep\n|turn|14\n|c| DayanYT|hello\n|l| guts88\n|c| GladionHaven|Hi :>\n|\n|t:|1614024635\n|move|p2a: Qwilfish|Toxic Spikes|p1a: Lapras\n|-sidestart|p1: IQMathlete|move: Toxic Spikes\n|cant|p1a: Lapras|slp\n|\n|upkeep\n|turn|15\n|c| tedro96|YELLO\n|\n|t:|1614024639\n|move|p2a: Qwilfish|Pain Split|p1a: Lapras\n|-sethp|p1a: Lapras|308\/371 slp|[from] move: Pain Split|[silent]\n|-sethp|p2a: Qwilfish|246\/246|[from] move: Pain Split\n|cant|p1a: Lapras|slp\n|\n|-heal|p1a: Lapras|331\/371 slp|[from] item: Leftovers\n|upkeep\n|turn|16\n|c| GladionHaven|Oh wow 18 people\n|\n|t:|1614024643\n|switch|p2a: Aggron|Aggron, L86, M|261\/261\n|-damage|p2a: Aggron|229\/261|[from] Spikes\n|-damage|p2a: Aggron|164\/261|[from] Stealth Rock\n|-curestatus|p1a: Lapras|slp|[msg]\n|move|p1a: Lapras|Hydro Pump|p2a: Aggron\n|-resisted|p2a: Aggron\n|-damage|p2a: Aggron|93\/261\n|\n|-heal|p1a: Lapras|354\/371|[from] item: Leftovers\n|upkeep\n|turn|17\n|c| VS3118mandjtv|dayan yt your here\n|c| DayanYT|yes\n|\n|t:|1614024665\n|move|p1a: Lapras|Ice Beam|p2a: Aggron\n|-supereffective|p2a: Aggron\n|-damage|p2a: Aggron|0 fnt\n|faint|p2a: Aggron\n|\n|-heal|p1a: Lapras|371\/371|[from] item: Leftovers\n|upkeep\n|\n|t:|1614024674\n|switch|p2a: Manectric|Manectric, L80, F|243\/243\n|-damage|p2a: Manectric|213\/243|[from] Spikes\n|-damage|p2a: Manectric|183\/243|[from] Stealth Rock\n|turn|18\n|l| cool1111\n|\n|t:|1614024681\n|detailschange|p2a: Manectric|Manectric-Mega, L80, F\n|-mega|p2a: Manectric|Manectric|Manectite\n|-ability|p2a: Manectric|Intimidate|boost\n|-unboost|p1a: Lapras|atk|1\n|move|p2a: Manectric|Hidden Power|p1a: Lapras\n|-supereffective|p1a: Lapras\n|-damage|p1a: Lapras|191\/371\n|move|p1a: Lapras|Thunderbolt|p2a: Manectric\n|-supereffective|p2a: Manectric\n|-damage|p2a: Manectric|51\/243\n|\n|-heal|p1a: Lapras|214\/371|[from] item: Leftovers\n|upkeep\n|turn|19\n|c| WaterMaster782|Internet disconnected is why I lost\n|\n|t:|1614024691\n|move|p2a: Manectric|Hidden Power|p1a: Lapras\n|-supereffective|p1a: Lapras\n|-damage|p1a: Lapras|38\/371\n|move|p1a: Lapras|Ice Beam|p2a: Manectric\n|-crit|p2a: Manectric\n|-damage|p2a: Manectric|0 fnt\n|faint|p2a: Manectric\n|\n|-heal|p1a: Lapras|61\/371|[from] item: Leftovers\n|upkeep\n|j| SayNoToCovid\n|c| thunderboxer|wtf\n|c| thunderboxer|is this inverse\n|c| GladionHaven|Damn rip\n|c| GladionHaven|Yes\n|c| FireWave217|oof\n|c| WitheredRoyal|dman\n|\n|t:|1614024703\n|switch|p2a: Electrode|Electrode, L88|249\/249\n|-damage|p2a: Electrode|218\/249|[from] Stealth Rock\n|-damage|p2a: Electrode|187\/249|[from] Spikes\n|turn|20\n|c| VS3118mandjtv|om what?\n|\n|t:|1614024707\n|move|p2a: Electrode|Signal Beam|p1a: Lapras\n|-damage|p1a: Lapras|3\/371\n|-damage|p2a: Electrode|163\/249|[from] item: Life Orb\n|move|p1a: Lapras|Thunderbolt|p2a: Electrode\n|-supereffective|p2a: Electrode\n|-crit|p2a: Electrode\n|-damage|p2a: Electrode|0 fnt\n|faint|p2a: Electrode\n|\n|-heal|p1a: Lapras|26\/371|[from] item: Leftovers\n|upkeep\n|c| WitheredRoyal|damn*\n|c| FireWave217|damn no wonter\n|c| FireWave217|wonder*\n|c| GladionHaven|Dman bye-\n|c| DayanYT|1% crit lmao\n|c| 4Dninja|oof\n|c| tedro96|WOAHHHHH\n|\n|t:|1614024715\n|switch|p2a: Terrakion|Terrakion, L82|20\/283 psn\n|-damage|p2a: Terrakion|0 fnt|[from] Stealth Rock\n|faint|p2a: Terrakion\n|\n|t:|1614024719\n|switch|p2a: Qwilfish|Qwilfish, L84, M|246\/246\n|-damage|p2a: Qwilfish|216\/246|[from] Spikes\n|-damage|p2a: Qwilfish|186\/246|[from] Stealth Rock\n|-ability|p2a: Qwilfish|Intimidate|boost\n|-unboost|p1a: Lapras|atk|1\n|turn|21\n|\n|t:|1614024723\n|move|p2a: Qwilfish|Thunder Wave|p1a: Lapras\n|-status|p1a: Lapras|par\n|move|p1a: Lapras|Ice Beam|p2a: Qwilfish\n|-supereffective|p2a: Qwilfish\n|-damage|p2a: Qwilfish|0 fnt\n|faint|p2a: Qwilfish\n|\n|win|IQMathlete\n|n|\u2606IQMathlete|iqmathlete\n|n|\u2606Lunar Neo|lunarneo\n|n| FireWave217|firewave217\n|n| 138646 QQ is afk|138646qqisafk\n|n| DayanYT|dayanyt\n|n| Aquafrrresh|aquafrrresh\n|n| GladionHaven|gladionhaven\n|n| WitheredRoyal|witheredroyal\n|n| tedro96|tedro96\n|n| milese794|milese794\n|n| TheGalarAsh|thegalarash\n|n| Chrysdon|chrysdon\n|n| WaterMaster782|watermaster782\n|n|+ang\u25cb|ang\n|n| thunderboxer|thunderboxer\n|n| 4Dninja|4dninja\n|n| VS3118mandjtv|vs3118mandjtv\n|n| SayNoToCovid|saynotocovid\n","inputlog":">version 3696796ca6ed831ce26656e199334d9950ce658c\n>start {\"formatid\":\"gen6randombattle@@@inversemod\",\"seed\":[42958,60983,60221,26005],\"rated\":\"Tournament battle\"}\n>player p1 {\"name\":\"IQMathlete\",\"avatar\":\"lady-gen4\",\"team\":\"\",\"rating\":0,\"seed\":[34167,15200,24114,51422]}\n>player p2 {\"name\":\"Lunar Neo\",\"avatar\":\"grimsley\",\"team\":\"\",\"rating\":0,\"seed\":[15433,62794,28946,28318]}\n>chat  138646 QQ is afk|yo\n>chat  tedro96|hypeeeee\n>chat  GladionHaven|Gl :>\n>chat  WitheredRoyal|hypeee\n>p1 move gunkshot\n>p2 move earthquake\n>chat  FireWave217|gl both\n>p1 move toxicspikes\n>p2 switch 6\n>p1 move taunt\n>p2 move sleeppowder\n>p1 move hydropump\n>p2 move gigadrain\n>p1 move hydropump\n>p2 move hiddenpower\n>chat  DayanYT|lmao\n>p1 switch 4\n>chat  TheGalarAsh|Greninja super good\n>chat  GladionHaven|:\/\n>p1 move hydropump\n>p2 move sleeppowder\n>chat  GladionHaven|Yeh\n>p1 move toxic\n>p2 switch 3\n>chat  WitheredRoyal|Greninja ftw\n>p1 switch 5\n>p2 move toxicspikes\n>p1 switch 2\n>p2 move toxicspikes\n>chat  tedro96|Lets go Lunar and Lets go IQ\n>p1 move uturn\n>p2 switch 3\n>p1 switch 3\n>p2 switch 3\n>p1 move stealthrock\n>p2 move waterfall\n>chat  guts88|lets go both\n>chat  VS3118mandjtv|well hello\n>p1 move spikes\n>p2 move waterfall\n>chat  guts88|hello\n>chat  FireWave217|hello\n>p1 switch 5\n>p2 move waterfall\n>chat  DayanYT|hello\n>chat  GladionHaven|Hi :>\n>p1 move hydropump\n>p2 move toxicspikes\n>chat  tedro96|YELLO\n>p1 move hydropump\n>p2 move painsplit\n>chat  GladionHaven|Oh wow 18 people\n>p1 move hydropump\n>p2 switch 2\n>chat  VS3118mandjtv|dayan yt your here\n>chat  DayanYT|yes\n>p1 move icebeam\n>p2 move aquatail\n>p2 switch 4\n>p1 move thunderbolt\n>p2 move hiddenpower mega\n>chat  WaterMaster782|Internet disconnected is why I lost\n>p1 move icebeam\n>p2 move hiddenpower\n>chat  thunderboxer|wtf\n>chat  thunderboxer|is this inverse\n>chat  GladionHaven|Damn rip\n>chat  GladionHaven|Yes\n>chat  FireWave217|oof\n>chat  WitheredRoyal|dman\n>p2 switch 5\n>chat  VS3118mandjtv|om what?\n>p1 move thunderbolt\n>p2 move signalbeam\n>chat  WitheredRoyal|damn*\n>chat  FireWave217|damn no wonter\n>chat  FireWave217|wonder*\n>chat  GladionHaven|Dman bye-\n>chat  DayanYT|1% crit lmao\n>chat  4Dninja|oof\n>chat  tedro96|WOAHHHHH\n>p2 switch 6\n>p2 switch 2\n>p1 move icebeam\n>p2 move thunderwave","uploadtime":1614024723,"views":2,"p1id":"iqmathlete","p2id":"lunarneo","formatid":"gen6randombattle","rating":0,"private":0,"password":null}