{"id":"gen6randombattle-1142142584","p1":"hgjfhgjkf","p2":"Lunar Neo","format":"gen6randombattle","log":"|j|\u2606hgjfhgjkf\n|j|\u2606Lunar Neo\n|inactive|Battle timer is ON: inactive players will automatically lose when time's up.\n|player|p1|hgjfhgjkf|nate|\n|player|p2|Lunar Neo|grimsley|\n|teamsize|p1|6\n|teamsize|p2|6\n|gametype|singles\n|gen|6\n|tier|[Gen 6] Random Battle\n|rated|Tournament battle\n|rule|Sleep Clause Mod: Limit one foe put to sleep\n|rule|HP Percentage Mod: HP is shown in percentages\n|\n|start\n|switch|p1a: Avalugg|Avalugg, L88, F|310\/310\n|switch|p2a: Quagsire|Quagsire, L88, M|310\/310\n|turn|1\n|j| Mega TropI\n|j| Jbaquero\n|j| Forest7\n|j|@r Y g L y\n|j| pengugeneral\n|j| MewDrag\n|j| krookies\n|j| Mbouchon\n|c| Mega TropI|first\n|c| Mega TropI|lol\n|c| MewDrag|gl\n|c| krookies|uwu\n|c|@r Y g L y|what an intense semi finals\n|c| Jbaquero|quagsire sweep right here\n|c| pengugeneral|gl\n|j| H2Oapocalypse\n|j| AhmedTheOne\n|j| normalperson\n|j| Bloodreina\n|c| krookies|table\n|c| Forest7|wowsers\n|c| Mbouchon|this is finals\n|l| Bloodreina\n|\n|move|p2a: Quagsire|Toxic|p1a: Avalugg\n|-status|p1a: Avalugg|tox\n|move|p1a: Avalugg|Toxic|p2a: Quagsire\n|-status|p2a: Quagsire|tox\n|\n|-damage|p2a: Quagsire|291\/310 tox|[from] psn\n|-damage|p1a: Avalugg|291\/310 tox|[from] psn\n|upkeep\n|turn|2\n|j|+piaa\n|c| H2Oapocalypse|noice\n|j| Moist Frog\n|c| MewDrag|eat table\n|j| SaucyLossy\n|c| pengugeneral|ditto eyes sweep the team\n|c| Mega TropI|ooof\n|c| krookies|toxic\n|\n|switch|p2a: Amoonguss|Amoonguss, L80, F|314\/314\n|move|p1a: Avalugg|Recover|p1a: Avalugg\n|-heal|p1a: Avalugg|310\/310 tox\n|\n|-damage|p1a: Avalugg|272\/310 tox|[from] psn\n|upkeep\n|turn|3\n|c|@r Y g L y|Mbouchon no this is patrick\n|\n|switch|p1a: Goodra|Goodra, L82, F|282\/282\n|switch|p2a: Genesect|Genesect, L78|239\/239\n|-ability|p2a: Genesect|Download|boost\n|-boost|p2a: Genesect|atk|1\n|\n|upkeep\n|turn|4\n|j| MaybeIllusion\n|c| Forest7|moo i'm a cat\n|\n|switch|p2a: Blastoise|Blastoise, L82, F|264\/264\n|move|p1a: Goodra|Fire Blast|p2a: Blastoise\n|-resisted|p2a: Blastoise\n|-damage|p2a: Blastoise|227\/264\n|\n|upkeep\n|turn|5\n|c|@r Y g L y|m00\n|l| MaybeIllusion\n|j| Temmie Flakesss\n|j| Chatty Remoraid\n|c| krookies|MOO\n|c| Mega TropI|mega boi?\n|c| Chatty Remoraid|moooooo\n|\n|switch|p1a: Starmie|Starmie, L80|227\/227\n|detailschange|p2a: Blastoise|Blastoise-Mega, L82, F\n|-mega|p2a: Blastoise|Blastoise|Blastoisinite\n|move|p2a: Blastoise|Dark Pulse|p1a: Starmie\n|-supereffective|p1a: Starmie\n|-damage|p1a: Starmie|9\/227\n|\n|-heal|p1a: Starmie|23\/227|[from] item: Leftovers\n|upkeep\n|turn|6\n|c| krookies|mowoooo\n|c| pengugeneral|woa\n|c| Mega TropI|ooo\n|c| pengugeneral|hot guess\n|c| Moist Frog|oof\n|\n|move|p1a: Starmie|Psyshock|p2a: Blastoise\n|-damage|p2a: Blastoise|164\/264\n|move|p2a: Blastoise|Dark Pulse|p1a: Starmie\n|-supereffective|p1a: Starmie\n|-damage|p1a: Starmie|0 fnt\n|faint|p1a: Starmie\n|\n|upkeep\n|c| H2Oapocalypse|eat pant\n|c| Jbaquero|blastoise had to do em like that\n|c|@r Y g L y|moo chain is kil\n|c| pengugeneral|tanky turtle\n|\n|switch|p1a: Heracross|Heracross, L80, M|259\/259\n|turn|7\n|c|@r Y g L y|soggy bowser\n|c| krookies|moo chain is ded\n|c| pengugeneral|lmfao\n|c| Moist Frog|i didn't know u could have megas in randbats\n|c| krookies|nao\n|c| MewDrag|ewe\n|c| Forest7|so soggy and thicc\n|c| Jbaquero|@Moist Frog: this is gen 6 so megas are a thing\n|\n|detailschange|p1a: Heracross|Heracross-Mega, L80, M\n|-mega|p1a: Heracross|Heracross|Heracronite\n|move|p1a: Heracross|Close Combat|p2a: Blastoise\n|-damage|p2a: Blastoise|0 fnt\n|-unboost|p1a: Heracross|def|1\n|-unboost|p1a: Heracross|spd|1\n|faint|p2a: Blastoise\n|\n|upkeep\n|c| pengugeneral|woa\n|\n|switch|p2a: Genesect|Genesect, L78|239\/239\n|-ability|p2a: Genesect|Download|boost\n|-boost|p2a: Genesect|spa|1\n|turn|8\n|\n|switch|p1a: Goodra|Goodra, L82, F|282\/282\n|move|p2a: Genesect|Blaze Kick|p1a: Goodra\n|-resisted|p1a: Goodra\n|-damage|p1a: Goodra|233\/282\n|-damage|p2a: Genesect|216\/239|[from] item: Life Orb\n|\n|upkeep\n|turn|9\n|c|\u2606hgjfhgjkf|the kick\n|c| krookies|hot sauce shoe\n|l|@r Y g L y\n|\n|switch|p2a: Quagsire|Quagsire, L88, M|291\/310 tox\n|move|p1a: Goodra|Fire Blast|p2a: Quagsire\n|-resisted|p2a: Quagsire\n|-damage|p2a: Quagsire|247\/310 tox\n|\n|-heal|p2a: Quagsire|266\/310 tox|[from] item: Leftovers\n|-damage|p2a: Quagsire|247\/310 tox|[from] psn\n|upkeep\n|turn|10\n|c| pengugeneral|quagsire sweep\n|\n|switch|p1a: Avalugg|Avalugg, L88, F|272\/310 tox\n|move|p2a: Quagsire|Toxic|p1a: Avalugg\n|-fail|p1a: Avalugg|tox\n|\n|-heal|p2a: Quagsire|266\/310 tox|[from] item: Leftovers\n|-heal|p1a: Avalugg|291\/310 tox|[from] item: Leftovers\n|-damage|p2a: Quagsire|228\/310 tox|[from] psn\n|-damage|p1a: Avalugg|272\/310 tox|[from] psn\n|upkeep\n|turn|11\n|\n|switch|p2a: Genesect|Genesect, L78|216\/239\n|-ability|p2a: Genesect|Download|boost\n|-boost|p2a: Genesect|spa|1\n|move|p1a: Avalugg|Avalanche|p2a: Genesect\n|-resisted|p2a: Genesect\n|-damage|p2a: Genesect|175\/239\n|\n|-heal|p1a: Avalugg|291\/310 tox|[from] item: Leftovers\n|-damage|p1a: Avalugg|253\/310 tox|[from] psn\n|upkeep\n|turn|12\n|\n|move|p2a: Genesect|Iron Head|p1a: Avalugg\n|-supereffective|p1a: Avalugg\n|-damage|p1a: Avalugg|141\/310 tox\n|-damage|p2a: Genesect|152\/239|[from] item: Life Orb\n|move|p1a: Avalugg|Recover|p1a: Avalugg\n|-heal|p1a: Avalugg|296\/310 tox\n|\n|-heal|p1a: Avalugg|310\/310 tox|[from] item: Leftovers\n|-damage|p1a: Avalugg|253\/310 tox|[from] psn\n|upkeep\n|turn|13\n|\n|move|p2a: Genesect|Shift Gear|p2a: Genesect\n|-boost|p2a: Genesect|spe|2\n|-boost|p2a: Genesect|atk|1\n|move|p1a: Avalugg|Recover|p1a: Avalugg\n|-heal|p1a: Avalugg|310\/310 tox\n|\n|-damage|p1a: Avalugg|234\/310 tox|[from] psn\n|upkeep\n|turn|14\n|\n|move|p2a: Genesect|Iron Head|p1a: Avalugg\n|-supereffective|p1a: Avalugg\n|-damage|p1a: Avalugg|55\/310 tox\n|-damage|p2a: Genesect|129\/239|[from] item: Life Orb\n|move|p1a: Avalugg|Roar|p2a: Genesect\n|drag|p2a: Amoonguss|Amoonguss, L80, F|314\/314\n|\n|-heal|p1a: Avalugg|74\/310 tox|[from] item: Leftovers\n|-damage|p1a: Avalugg|0 fnt|[from] psn\n|faint|p1a: Avalugg\n|upkeep\n|j| heracrossmanhehe\n|j|+ang \u2605\n|j| Dragon\u30b4Minded\n|l| heracrossmanhehe\n|c| krookies|rawr xd\n|\n|switch|p1a: Heracross|Heracross-Mega, L80, M|259\/259\n|turn|15\n|c| Jbaquero|rawr\n|c| pengugeneral|rawr\n|c| Dragon\u30b4Minded|kid a was a bit late\n|j| Muller98\n|\n|move|p1a: Heracross|Substitute|p1a: Heracross\n|-start|p1a: Heracross|Substitute\n|-damage|p1a: Heracross|195\/259\n|move|p2a: Amoonguss|Hidden Power|p1a: Heracross\n|-supereffective|p1a: Heracross\n|-end|p1a: Heracross|Substitute\n|\n|upkeep\n|turn|16\n|j| cellski\n|j| THE Beef Boy\n|\n|move|p1a: Heracross|Pin Missile|p2a: Amoonguss\n|-damage|p2a: Amoonguss|260\/314\n|-crit|p2a: Amoonguss\n|-damage|p2a: Amoonguss|175\/314\n|-damage|p2a: Amoonguss|127\/314\n|-damage|p2a: Amoonguss|76\/314\n|-damage|p2a: Amoonguss|28\/314\n|-hitcount|p2a: Amoonguss|5\n|move|p2a: Amoonguss|Hidden Power|p1a: Heracross\n|-supereffective|p1a: Heracross\n|-damage|p1a: Heracross|127\/259\n|\n|-heal|p2a: Amoonguss|47\/314|[from] item: Black Sludge\n|upkeep\n|turn|17\n|c| Forest7|rawr 0v^v^0\n|j| wfveagfserg\n|\n|switch|p2a: Muk|Muk, L88, F|328\/328\n|move|p1a: Heracross|Close Combat|p2a: Muk\n|-resisted|p2a: Muk\n|-damage|p2a: Muk|222\/328\n|-unboost|p1a: Heracross|def|1\n|-unboost|p1a: Heracross|spd|1\n|\n|-heal|p2a: Muk|242\/328|[from] item: Black Sludge\n|upkeep\n|turn|18\n|l| pengugeneral\n|l| wfveagfserg\n|c| krookies|owO\n|j| pengugeneral\n|l|+piaa\n|\n|switch|p1a: Greninja|Greninja, L78, F|240\/240\n|move|p2a: Muk|Shadow Sneak|p1a: Greninja\n|-resisted|p1a: Greninja\n|-damage|p1a: Greninja|216\/240\n|\n|-heal|p1a: Greninja|231\/240|[from] item: Leftovers\n|-heal|p2a: Muk|262\/328|[from] item: Black Sludge\n|upkeep\n|turn|19\n|\n|move|p1a: Greninja|Spikes|p2a: Muk\n|-start|p1a: Greninja|typechange|Ground|[from] ability: Protean\n|-sidestart|p2: Lunar Neo|Spikes\n|move|p2a: Muk|Gunk Shot|p1a: Greninja\n|-resisted|p1a: Greninja\n|-damage|p1a: Greninja|127\/240\n|\n|-heal|p1a: Greninja|142\/240|[from] item: Leftovers\n|-heal|p2a: Muk|282\/328|[from] item: Black Sludge\n|upkeep\n|turn|20\n|j|#fart \u2514\u2665\u2518\n|c| Jbaquero|damn gen 6 was so good compared to gen 8\n|l| Mbouchon\n|\n|move|p1a: Greninja|Hydro Pump|p2a: Muk\n|-start|p1a: Greninja|typechange|Water|[from] ability: Protean\n|-damage|p2a: Muk|185\/328\n|move|p2a: Muk|Fire Punch|p1a: Greninja\n|-resisted|p1a: Greninja\n|-damage|p1a: Greninja|104\/240\n|-status|p1a: Greninja|brn\n|\n|-heal|p1a: Greninja|119\/240 brn|[from] item: Leftovers\n|-heal|p2a: Muk|205\/328|[from] item: Black Sludge\n|-damage|p1a: Greninja|89\/240 brn|[from] brn\n|upkeep\n|turn|21\n|l|+ang \u2605\n|\n|move|p1a: Greninja|Hydro Pump|p2a: Muk\n|-damage|p2a: Muk|114\/328\n|move|p2a: Muk|Fire Punch|p1a: Greninja\n|-resisted|p1a: Greninja\n|-damage|p1a: Greninja|48\/240 brn\n|\n|-heal|p1a: Greninja|63\/240 brn|[from] item: Leftovers\n|-heal|p2a: Muk|134\/328|[from] item: Black Sludge\n|-damage|p1a: Greninja|33\/240 brn|[from] brn\n|upkeep\n|turn|22\n|\n|move|p2a: Muk|Shadow Sneak|p1a: Greninja\n|-damage|p1a: Greninja|0 fnt\n|faint|p1a: Greninja\n|\n|-heal|p2a: Muk|154\/328|[from] item: Black Sludge\n|upkeep\n|c| Dragon\u30b4Minded|imagine burn hax on gren\n|\n|switch|p1a: Goodra|Goodra, L82, F|233\/282\n|turn|23\n|\n|move|p1a: Goodra|Earthquake|p2a: Muk\n|-supereffective|p2a: Muk\n|-damage|p2a: Muk|0 fnt\n|faint|p2a: Muk\n|\n|upkeep\n|\n|switch|p2a: Quagsire|Quagsire, L88, M|228\/310 tox\n|-damage|p2a: Quagsire|190\/310 tox|[from] Spikes\n|turn|24\n|j| Freey4\n|\n|switch|p1a: Escavalier|Escavalier, L84, F|255\/255\n|move|p2a: Quagsire|Recover|p2a: Quagsire\n|-heal|p2a: Quagsire|310\/310 tox\n|\n|-damage|p2a: Quagsire|291\/310 tox|[from] psn\n|upkeep\n|turn|25\n|\n|move|p2a: Quagsire|Scald|p1a: Escavalier\n|-damage|p1a: Escavalier|195\/255\n|move|p1a: Escavalier|Megahorn|p2a: Quagsire\n|-damage|p2a: Quagsire|122\/310 tox\n|\n|-heal|p2a: Quagsire|141\/310 tox|[from] item: Leftovers\n|-heal|p1a: Escavalier|210\/255|[from] item: Leftovers\n|-damage|p2a: Quagsire|103\/310 tox|[from] psn\n|upkeep\n|turn|26\n|\n|switch|p2a: Noctowl|Noctowl, L88, F|319\/319\n|move|p1a: Escavalier|Megahorn|p2a: Noctowl\n|-resisted|p2a: Noctowl\n|-damage|p2a: Noctowl|199\/319\n|\n|-heal|p2a: Noctowl|218\/319|[from] item: Leftovers\n|-heal|p1a: Escavalier|225\/255|[from] item: Leftovers\n|upkeep\n|turn|27\n|l| Freey4\n|j| Dovehoot\n|l| normalperson\n|\n|switch|p2a: Amoonguss|Amoonguss, L80, F|151\/314\n|-damage|p2a: Amoonguss|112\/314|[from] Spikes\n|move|p1a: Escavalier|Iron Head|p2a: Amoonguss\n|-damage|p2a: Amoonguss|0 fnt\n|faint|p2a: Amoonguss\n|\n|-heal|p1a: Escavalier|240\/255|[from] item: Leftovers\n|upkeep\n|\n|switch|p2a: Genesect|Genesect, L78|129\/239\n|-damage|p2a: Genesect|100\/239|[from] Spikes\n|-ability|p2a: Genesect|Download|boost\n|-boost|p2a: Genesect|spa|1\n|turn|28\n|\n|move|p2a: Genesect|Blaze Kick|p1a: Escavalier\n|-supereffective|p1a: Escavalier\n|-damage|p1a: Escavalier|0 fnt\n|-damage|p2a: Genesect|77\/239|[from] item: Life Orb\n|faint|p1a: Escavalier\n|\n|upkeep\n|\n|switch|p1a: Goodra|Goodra, L82, F|233\/282\n|turn|29\n|l| Dragon\u30b4Minded\n|c| Muller98|damn\n|\n|switch|p2a: Quagsire|Quagsire, L88, M|103\/310 tox\n|-damage|p2a: Quagsire|65\/310 tox|[from] Spikes\n|move|p1a: Goodra|Thunderbolt|p2a: Quagsire\n|-immune|p2a: Quagsire\n|\n|-heal|p2a: Quagsire|84\/310 tox|[from] item: Leftovers\n|-damage|p2a: Quagsire|65\/310 tox|[from] psn\n|upkeep\n|turn|30\n|l| THE Beef Boy\n|\n|move|p1a: Goodra|Dragon Pulse|p2a: Quagsire\n|-damage|p2a: Quagsire|0 fnt\n|faint|p2a: Quagsire\n|\n|upkeep\n|\n|switch|p2a: Noctowl|Noctowl, L88, F|218\/319\n|turn|31\n|c| Jbaquero|damn quasgire outplayed him\n|\n|move|p1a: Goodra|Thunderbolt|p2a: Noctowl\n|-supereffective|p2a: Noctowl\n|-damage|p2a: Noctowl|108\/319\n|move|p2a: Noctowl|Toxic|p1a: Goodra\n|-status|p1a: Goodra|tox\n|\n|-heal|p2a: Noctowl|127\/319|[from] item: Leftovers\n|-damage|p1a: Goodra|216\/282 tox|[from] psn\n|upkeep\n|turn|32\n|\n|move|p1a: Goodra|Thunderbolt|p2a: Noctowl\n|-supereffective|p2a: Noctowl\n|-damage|p2a: Noctowl|9\/319\n|move|p2a: Noctowl|Roost|p2a: Noctowl\n|-heal|p2a: Noctowl|169\/319\n|-singleturn|p2a: Noctowl|move: Roost\n|\n|-heal|p2a: Noctowl|188\/319|[from] item: Leftovers\n|-damage|p1a: Goodra|182\/282 tox|[from] psn\n|upkeep\n|turn|33\n|j|\u203d4u3ifrnuidq\n|\n|move|p1a: Goodra|Thunderbolt|p2a: Noctowl\n|-supereffective|p2a: Noctowl\n|-damage|p2a: Noctowl|76\/319\n|-status|p2a: Noctowl|par\n|move|p2a: Noctowl|Roost|p2a: Noctowl\n|-heal|p2a: Noctowl|236\/319 par\n|-singleturn|p2a: Noctowl|move: Roost\n|\n|-heal|p2a: Noctowl|255\/319 par|[from] item: Leftovers\n|-damage|p1a: Goodra|131\/282 tox|[from] psn\n|upkeep\n|turn|34\n|c| krookies|fuuuuuuudge\n|\n|switch|p1a: Heracross|Heracross-Mega, L80, M|127\/259\n|move|p2a: Noctowl|Roost|p2a: Noctowl\n|-heal|p2a: Noctowl|319\/319 par\n|-singleturn|p2a: Noctowl|move: Roost\n|\n|upkeep\n|turn|35\n|\n|move|p1a: Heracross|Substitute|p1a: Heracross\n|-start|p1a: Heracross|Substitute\n|-damage|p1a: Heracross|63\/259\n|move|p2a: Noctowl|Air Slash|p1a: Heracross\n|-supereffective|p1a: Heracross\n|-end|p1a: Heracross|Substitute\n|\n|upkeep\n|turn|36\n|c| pengugeneral|damn\n|\n|move|p1a: Heracross|Close Combat|p2a: Noctowl\n|-damage|p2a: Noctowl|45\/319 par\n|-unboost|p1a: Heracross|def|1\n|-unboost|p1a: Heracross|spd|1\n|move|p2a: Noctowl|Air Slash|p1a: Heracross\n|-supereffective|p1a: Heracross\n|-damage|p1a: Heracross|0 fnt\n|faint|p1a: Heracross\n|\n|-heal|p2a: Noctowl|64\/319 par|[from] item: Leftovers\n|upkeep\n|j| andrewd78\n|\n|switch|p1a: Goodra|Goodra, L82, F|131\/282 tox\n|turn|37\n|c| H2Oapocalypse|00f\n|\n|move|p1a: Goodra|Thunderbolt|p2a: Noctowl\n|-supereffective|p2a: Noctowl\n|-damage|p2a: Noctowl|0 fnt\n|faint|p2a: Noctowl\n|\n|-damage|p1a: Goodra|114\/282 tox|[from] psn\n|upkeep\n|\n|switch|p2a: Genesect|Genesect, L78|77\/239\n|-damage|p2a: Genesect|48\/239|[from] Spikes\n|-ability|p2a: Genesect|Download|boost\n|-boost|p2a: Genesect|atk|1\n|turn|38\n|\n|move|p2a: Genesect|Iron Head|p1a: Goodra\n|-damage|p1a: Goodra|0 fnt\n|-damage|p2a: Genesect|25\/239|[from] item: Life Orb\n|faint|p1a: Goodra\n|\n|win|Lunar Neo\n","inputlog":">version af8dfa9035405839caa943c6ac531a95acff3801\n>start {\"formatid\":\"gen6randombattle\",\"seed\":[47827,16835,61276,44675],\"rated\":\"Tournament battle\"}\n>player p1 {\"name\":\"hgjfhgjkf\",\"avatar\":\"nate\",\"team\":\"\",\"rating\":0,\"seed\":[58390,53700,33656,13865]}\n>player p2 {\"name\":\"Lunar Neo\",\"avatar\":\"grimsley\",\"team\":\"\",\"rating\":0,\"seed\":[44634,573,49613,38493]}\n>p1 move toxic\n>p2 move toxic\n>p1 move recover\n>p2 switch 3\n>p1 switch 4\n>p2 switch 2\n>p1 move fireblast\n>p2 switch 6\n>p1 switch 5\n>p2 move darkpulse mega\n>p1 move psyshock\n>p2 move darkpulse\n>p1 switch 2\n>p1 move closecombat mega\n>p2 move scald\n>p2 switch 6\n>p1 switch 5\n>p2 move blazekick\n>p1 move fireblast\n>p2 switch 3\n>p1 switch 4\n>p2 move toxic\n>p1 move avalanche\n>p2 switch 3\n>p1 move recover\n>p2 move ironhead\n>p1 move recover\n>p2 move shiftgear\n>p1 move roar\n>p2 move ironhead\n>p1 switch 5\n>p1 move substitute\n>p2 move hiddenpower\n>p1 move pinmissile\n>p2 move hiddenpower\n>p1 move closecombat\n>p2 switch 4\n>p1 switch 3\n>p2 move shadowsneak\n>p1 move spikes\n>p2 move gunkshot\n>p1 move hydropump\n>p2 move firepunch\n>p1 move hydropump\n>p2 move firepunch\n>p1 move icebeam\n>p2 move shadowsneak\n>p1 switch 4\n>p1 move earthquake\n>p2 move gunkshot\n>p2 switch 3\n>p1 switch 6\n>p2 move recover\n>p1 move megahorn\n>p2 move scald\n>p1 move megahorn\n>p2 switch 5\n>p1 move ironhead\n>p2 switch 4\n>p2 switch 2\n>p1 move drillrun\n>p2 move blazekick\n>p1 switch 6\n>p1 move thunderbolt\n>p2 switch 5\n>p1 move dragonpulse\n>p2 move recover\n>p2 switch 4\n>p1 move thunderbolt\n>p2 move toxic\n>p1 move thunderbolt\n>p2 move roost\n>p1 move thunderbolt\n>p2 move roost\n>p1 switch 3\n>p2 move roost\n>p1 move substitute\n>p2 move airslash\n>p1 move closecombat\n>p2 move airslash\n>p1 switch 3\n>p1 move thunderbolt\n>p2 move roost\n>p2 switch 5\n>p1 move thunderbolt\n>p2 move ironhead","uploadtime":1593463804,"views":17,"p1id":"hgjfhgjkf","p2id":"lunarneo","formatid":"gen6randombattle","rating":0,"private":0,"password":null}