{"id":"gen6ou-1635002654","p1":"Skip The Drip","p2":"The pokemon dad","format":"gen6ou","log":"|j|\u2606Skip The Drip\n|j|\u2606The pokemon dad\n|t:|1659968972\n|gametype|singles\n|player|p1|Skip The Drip|lucas|1434\n|player|p2|The pokemon dad|rood|1468\n|teamsize|p1|6\n|teamsize|p2|6\n|gen|6\n|tier|[Gen 6] OU\n|rated|\n|rule|Sleep Clause Mod: Limit one foe put to sleep\n|rule|Species Clause: Limit one of each Pok\u00e9mon\n|rule|OHKO Clause: OHKO moves are banned\n|rule|Moody Clause: Moody is banned\n|rule|Evasion Moves Clause: Evasion moves are banned\n|rule|Endless Battle Clause: Forcing endless battles is banned\n|rule|HP Percentage Mod: HP is shown in percentages\n|rule|Swagger Clause: Swagger is banned\n|clearpoke\n|poke|p1|Ninetales, M|item\n|poke|p1|Tyranitar, F|item\n|poke|p1|Abomasnow, M|item\n|poke|p1|Politoed, M|item\n|poke|p1|Altaria, M|item\n|poke|p1|Manaphy|item\n|poke|p2|Lopunny, M|item\n|poke|p2|Heatran, F|item\n|poke|p2|Rotom-Wash|item\n|poke|p2|Alakazam, F|item\n|poke|p2|Scizor, F|item\n|poke|p2|Garchomp, M|item\n|teampreview\n|inactive|Battle timer is ON: inactive players will automatically lose when time's up. (requested by The pokemon dad)\n|c|\u2606The pokemon dad|wow triple weather\n|inactive|Skip The Drip has 120 seconds left.\n|\n|t:|1659969007\n|start\n|switch|p1a: Abomasnow|Abomasnow, M|100\/100\n|switch|p2a: Garchomp|Garchomp, M|100\/100\n|-weather|Hail|[from] ability: Snow Warning|[of] p1a: Abomasnow\n|turn|1\n|\n|t:|1659969016\n|move|p2a: Garchomp|Flamethrower|p1a: Abomasnow\n|-supereffective|p1a: Abomasnow\n|-damage|p1a: Abomasnow|38\/100\n|move|p1a: Abomasnow|Leech Seed|p2a: Garchomp\n|-start|p2a: Garchomp|move: Leech Seed\n|\n|-weather|Hail|[upkeep]\n|-damage|p2a: Garchomp|94\/100|[from] Hail\n|-heal|p2a: Garchomp|100\/100|[from] item: Leftovers\n|-heal|p1a: Abomasnow|44\/100|[from] item: Leftovers\n|-damage|p2a: Garchomp|88\/100|[from] Leech Seed|[of] p1a: Abomasnow\n|-heal|p1a: Abomasnow|58\/100|[silent]\n|upkeep\n|turn|2\n|\n|t:|1659969030\n|switch|p2a: Heatran|Heatran, F|100\/100\n|move|p1a: Abomasnow|Protect||[still]\n|-fail|p1a: Abomasnow\n|\n|-weather|Hail|[upkeep]\n|-damage|p2a: Heatran|94\/100|[from] Hail\n|-heal|p2a: Heatran|100\/100|[from] item: Leftovers\n|-heal|p1a: Abomasnow|64\/100|[from] item: Leftovers\n|upkeep\n|turn|3\n|\n|t:|1659969039\n|switch|p1a: Manaphy|Manaphy|100\/100\n|move|p2a: Heatran|Toxic|p1a: Manaphy\n|-status|p1a: Manaphy|tox\n|\n|-weather|Hail|[upkeep]\n|-damage|p1a: Manaphy|94\/100 tox|[from] Hail\n|-damage|p2a: Heatran|94\/100|[from] Hail\n|-heal|p1a: Manaphy|100\/100 tox|[from] item: Leftovers\n|-heal|p2a: Heatran|100\/100|[from] item: Leftovers\n|-damage|p1a: Manaphy|94\/100 tox|[from] psn\n|upkeep\n|turn|4\n|\n|t:|1659969050\n|switch|p1a: Politoed|Politoed, M|100\/100\n|-weather|RainDance|[from] ability: Drizzle|[of] p1a: Politoed\n|switch|p2a: Rotom|Rotom-Wash|100\/100\n|\n|-weather|RainDance|[upkeep]\n|upkeep\n|turn|5\n|\n|t:|1659969058\n|move|p2a: Rotom|Volt Switch|p1a: Politoed\n|-supereffective|p1a: Politoed\n|-damage|p1a: Politoed|63\/100\n|\n|t:|1659969063\n|switch|p2a: Alakazam|Alakazam, F|100\/100|[from]move: Volt Switch\n|move|p1a: Politoed|Scald|p2a: Alakazam\n|-damage|p2a: Alakazam|46\/100\n|\n|-weather|RainDance|[upkeep]\n|upkeep\n|turn|6\n|\n|t:|1659969074\n|switch|p2a: Rotom|Rotom-Wash|100\/100\n|move|p1a: Politoed|Scald|p2a: Rotom\n|-resisted|p2a: Rotom\n|-damage|p2a: Rotom|82\/100\n|\n|-weather|RainDance|[upkeep]\n|-heal|p2a: Rotom|88\/100|[from] item: Leftovers\n|upkeep\n|turn|7\n|\n|t:|1659969086\n|move|p2a: Rotom|Will-O-Wisp|p1a: Politoed\n|-status|p1a: Politoed|brn\n|move|p1a: Politoed|Rest|p1a: Politoed\n|-status|p1a: Politoed|slp|[from] move: Rest\n|-heal|p1a: Politoed|100\/100 slp|[silent]\n|\n|-weather|RainDance|[upkeep]\n|-heal|p2a: Rotom|94\/100|[from] item: Leftovers\n|upkeep\n|turn|8\n|\n|t:|1659969097\n|switch|p1a: Abomasnow|Abomasnow, M|64\/100\n|-weather|Hail|[from] ability: Snow Warning|[of] p1a: Abomasnow\n|move|p2a: Rotom|Volt Switch|p1a: Abomasnow\n|-resisted|p1a: Abomasnow\n|-damage|p1a: Abomasnow|54\/100\n|\n|t:|1659969104\n|switch|p2a: Heatran|Heatran, F|100\/100|[from]move: Volt Switch\n|\n|-weather|Hail|[upkeep]\n|-damage|p2a: Heatran|94\/100|[from] Hail\n|-heal|p2a: Heatran|100\/100|[from] item: Leftovers\n|-heal|p1a: Abomasnow|60\/100|[from] item: Leftovers\n|upkeep\n|turn|9\n|\n|t:|1659969111\n|switch|p1a: Politoed|Politoed, M|100\/100 slp\n|-weather|RainDance|[from] ability: Drizzle|[of] p1a: Politoed\n|move|p2a: Heatran|Magma Storm|p1a: Politoed\n|-resisted|p1a: Politoed\n|-damage|p1a: Politoed|94\/100 slp\n|-activate|p1a: Politoed|move: Magma Storm|[of] p2a: Heatran\n|\n|-weather|RainDance|[upkeep]\n|-damage|p1a: Politoed|81\/100 slp|[from] move: Magma Storm|[partiallytrapped]\n|upkeep\n|turn|10\n|\n|t:|1659969121\n|cant|p1a: Politoed|slp\n|move|p2a: Heatran|Taunt|p1a: Politoed\n|-start|p1a: Politoed|move: Taunt\n|\n|-weather|RainDance|[upkeep]\n|-damage|p1a: Politoed|69\/100 slp|[from] move: Magma Storm|[partiallytrapped]\n|upkeep\n|turn|11\n|\n|t:|1659969137\n|move|p2a: Heatran|Protect|p2a: Heatran\n|-singleturn|p2a: Heatran|Protect\n|cant|p1a: Politoed|slp\n|\n|-weather|RainDance|[upkeep]\n|-damage|p1a: Politoed|57\/100 slp|[from] move: Magma Storm|[partiallytrapped]\n|upkeep\n|turn|12\n|\n|t:|1659969145\n|switch|p2a: Rotom|Rotom-Wash|94\/100\n|-curestatus|p1a: Politoed|slp|[msg]\n|move|p1a: Politoed|Scald|p2a: Rotom\n|-resisted|p2a: Rotom\n|-damage|p2a: Rotom|74\/100\n|-status|p2a: Rotom|brn\n|\n|-weather|RainDance|[upkeep]\n|-heal|p2a: Rotom|80\/100 brn|[from] item: Leftovers\n|-damage|p2a: Rotom|68\/100 brn|[from] brn\n|-end|p1a: Politoed|Magma Storm|[partiallytrapped]|[silent]\n|upkeep\n|turn|13\n|\n|t:|1659969156\n|move|p2a: Rotom|Volt Switch|p1a: Politoed\n|-supereffective|p1a: Politoed\n|-damage|p1a: Politoed|21\/100\n|\n|t:|1659969166\n|switch|p2a: Garchomp|Garchomp, M|88\/100|[from]move: Volt Switch\n|move|p1a: Politoed|Scald|p2a: Garchomp\n|-damage|p2a: Garchomp|52\/100\n|\n|-weather|RainDance|[upkeep]\n|-heal|p2a: Garchomp|58\/100|[from] item: Leftovers\n|-end|p1a: Politoed|move: Taunt\n|upkeep\n|turn|14\n|\n|t:|1659969176\n|switch|p1a: Manaphy|Manaphy|94\/100 tox\n|move|p2a: Garchomp|Stealth Rock|p1a: Manaphy\n|-sidestart|p1: Skip The Drip|move: Stealth Rock\n|\n|-weather|RainDance|[upkeep]\n|-activate|p1a: Manaphy|ability: Hydration\n|-curestatus|p1a: Manaphy|tox|[msg]\n|-heal|p1a: Manaphy|100\/100|[from] item: Leftovers\n|-heal|p2a: Garchomp|64\/100|[from] item: Leftovers\n|upkeep\n|turn|15\n|\n|t:|1659969193\n|move|p1a: Manaphy|Tail Glow|p1a: Manaphy\n|-boost|p1a: Manaphy|spa|3\n|move|p2a: Garchomp|Earth Power|p1a: Manaphy\n|-damage|p1a: Manaphy|70\/100\n|\n|-weather|RainDance|[upkeep]\n|-heal|p1a: Manaphy|76\/100|[from] item: Leftovers\n|-heal|p2a: Garchomp|70\/100|[from] item: Leftovers\n|upkeep\n|turn|16\n|\n|t:|1659969202\n|switch|p2a: Rotom|Rotom-Wash|68\/100 brn\n|move|p1a: Manaphy|Surf|p2a: Rotom\n|-resisted|p2a: Rotom\n|-damage|p2a: Rotom|0 fnt\n|faint|p2a: Rotom\n|\n|-weather|none\n|-heal|p1a: Manaphy|83\/100|[from] item: Leftovers\n|upkeep\n|\n|t:|1659969211\n|switch|p2a: Bunner|Lopunny, M, shiny|100\/100\n|turn|17\n|\n|t:|1659969237\n|detailschange|p2a: Bunner|Lopunny-Mega, M, shiny\n|-mega|p2a: Bunner|Lopunny|Lopunnite\n|move|p2a: Bunner|Fake Out|p1a: Manaphy\n|-damage|p1a: Manaphy|61\/100\n|cant|p1a: Manaphy|flinch\n|\n|-heal|p1a: Manaphy|67\/100|[from] item: Leftovers\n|upkeep\n|turn|18\n|\n|t:|1659969247\n|move|p2a: Bunner|High Jump Kick|p1a: Manaphy|[miss]\n|-miss|p2a: Bunner|p1a: Manaphy\n|-damage|p2a: Bunner|50\/100|[from] highjumpkick\n|move|p1a: Manaphy|Surf|p2a: Bunner\n|-damage|p2a: Bunner|0 fnt\n|faint|p2a: Bunner\n|\n|-heal|p1a: Manaphy|74\/100|[from] item: Leftovers\n|upkeep\n|-message|The pokemon dad forfeited.\n|\n|win|Skip The Drip\n|raw|Skip The Drip's rating: 1434 &rarr; <strong>1456<\/strong><br \/>(+22 for winning)\n|raw|The pokemon dad's rating: 1468 &rarr; <strong>1446<\/strong><br \/>(-22 for losing)\n|l|\u2606The pokemon dad\n|c|\u2606Skip The Drip|!showteam\n|c| Skip The Drip|\/raw <div class=\"infobox\"><details><summary>View team<\/summary>Ninetales @ Leftovers  <br \/>Ability: Drought  <br \/>Hidden Power: Ground  <br \/>EVs: 252 SpA &#x2f; 4 SpD &#x2f; 252 Spe  <br \/>Timid Nature  <br \/>IVs: 1 Atk &#x2f; 30 SpA &#x2f; 30 SpD  <br \/>- Nasty Plot  <br \/>- Fire Blast  <br \/>- Solar Beam  <br \/>- Hidden Power [Ground]  <br \/><br \/>Tyranitar @ Choice Scarf  <br \/>Ability: Sand Stream  <br \/>EVs: 252 Atk &#x2f; 4 Def &#x2f; 252 Spe  <br \/>Jolly Nature  <br \/>- Stone Edge  <br \/>- Pursuit  <br \/>- Superpower  <br \/>- Crunch  <br \/><br \/>Abomasnow @ Leftovers  <br \/>Ability: Snow Warning  <br \/>EVs: 252 HP &#x2f; 152 SpD &#x2f; 104 Spe  <br \/>Calm Nature  <br \/>IVs: 0 Atk  <br \/>- Protect  <br \/>- Leech Seed  <br \/>- Blizzard  <br \/>- Giga Drain  <br \/><br \/>Politoed @ Damp Rock  <br \/>Ability: Drizzle  <br \/>EVs: 248 HP &#x2f; 164 SpD &#x2f; 96 Spe  <br \/>Calm Nature  <br \/>- Scald  <br \/>- Toxic  <br \/>- Encore  <br \/>- Rest  <br \/><br \/>Altaria @ Altarianite  <br \/>Ability: Natural Cure  <br \/>EVs: 252 Atk &#x2f; 4 Def &#x2f; 252 Spe  <br \/>Adamant Nature  <br \/>- Dragon Dance  <br \/>- Return  <br \/>- Earthquake  <br \/>- Roost  <br \/><br \/>Manaphy @ Leftovers  <br \/>Ability: Hydration  <br \/>EVs: 4 Def &#x2f; 252 SpA &#x2f; 252 Spe  <br \/>Timid Nature  <br \/>IVs: 0 Atk  <br \/>- Tail Glow  <br \/>- Surf  <br \/>- Ice Beam  <br \/>- Energy Ball  <br \/><br \/><\/details><\/div>\n||Ladder isn't responding, score probably updated but might not have (Request timeout).\n","uploadtime":1659969255,"views":50,"p1id":"skipthedrip","p2id":"thepokemondad","formatid":"gen6ou","rating":1446,"private":0,"password":null}