{"id":"gen6ubers-1623684255","p1":"Raph369","p2":"Icemaster","format":"gen6ubers","log":"|j|\u2606Raph369\n|j|\u2606Icemaster\n|t:|1658605156\n|gametype|singles\n|player|p1|Raph369|archer|\n|player|p2|Icemaster|#scl1terrors|\n|teamsize|p1|6\n|teamsize|p2|6\n|gen|6\n|tier|[Gen 6] Ubers\n|rule|Sleep Clause Mod: Limit one foe put to sleep\n|rule|Species Clause: Limit one of each Pok\u00e9mon\n|rule|OHKO Clause: OHKO moves are banned\n|rule|Moody Clause: Moody is banned\n|rule|Evasion Moves Clause: Evasion moves are banned\n|rule|Endless Battle Clause: Forcing endless battles is banned\n|rule|HP Percentage Mod: HP is shown in percentages\n|rule|Swagger Clause: Swagger is banned\n|rule|Mega Rayquaza Clause: You cannot mega evolve Rayquaza\n|clearpoke\n|poke|p1|Groudon|item\n|poke|p1|Greninja, F|item\n|poke|p1|Volbeat, M|item\n|poke|p1|Rayquaza|item\n|poke|p1|Xerneas-*|item\n|poke|p1|Arceus-*|item\n|poke|p2|Arceus-*|item\n|poke|p2|Yveltal|item\n|poke|p2|Groudon|item\n|poke|p2|Gengar, M|item\n|poke|p2|Xerneas-*|item\n|poke|p2|Latios, M|item\n|teampreview\n|c|\u2606Raph369|hf\n|c|\u2606Icemaster|Were you scald?\n|c|\u2606Icemaster|hf\n|c|\u2606Raph369|no\n|c|\u2606Raph369|flam\n|c|\u2606Icemaster|ah\n|\n|t:|1658605228\n|start\n|switch|p1a: Greninja|Greninja, F|100\/100\n|switch|p2a: Latios|Latios, M|100\/100\n|turn|1\n|\n|t:|1658605273\n|move|p1a: Greninja|Toxic Spikes|p2a: Latios\n|-start|p1a: Greninja|typechange|Poison|[from] ability: Protean\n|-sidestart|p2: Icemaster|move: Toxic Spikes\n|move|p2a: Latios|Draco Meteor|p1a: Greninja\n|-enditem|p1a: Greninja|Focus Sash\n|-damage|p1a: Greninja|1\/100\n|-unboost|p2a: Latios|spa|2\n|\n|upkeep\n|turn|2\n|\n|t:|1658605284\n|move|p1a: Greninja|Spikes|p2a: Latios\n|-start|p1a: Greninja|typechange|Ground|[from] ability: Protean\n|-sidestart|p2: Icemaster|Spikes\n|move|p2a: Latios|Psyshock|p1a: Greninja\n|-damage|p1a: Greninja|0 fnt\n|faint|p1a: Greninja\n|\n|upkeep\n|\n|t:|1658605302\n|switch|p1a: Volbeat|Volbeat, M|100\/100\n|turn|3\n|\n|t:|1658605314\n|switch|p2a: Gengar|Gengar, M|100\/100\n|move|p1a: Volbeat|Substitute|p1a: Volbeat\n|-start|p1a: Volbeat|Substitute\n|-damage|p1a: Volbeat|76\/100\n|\n|upkeep\n|turn|4\n|\n|t:|1658605321\n|detailschange|p2a: Gengar|Gengar-Mega, M\n|-mega|p2a: Gengar|Gengar|Gengarite\n|move|p1a: Volbeat|Tail Glow|p1a: Volbeat\n|-boost|p1a: Volbeat|spa|3\n|move|p2a: Gengar|Shadow Ball|p1a: Volbeat\n|-end|p1a: Volbeat|Substitute\n|\n|upkeep\n|turn|5\n|\n|t:|1658605334\n|move|p1a: Volbeat|Baton Pass|p1a: Volbeat\n|\n|t:|1658605338\n|switch|p1a: Xerneas|Xerneas|100\/100|[from]move: Baton Pass\n|-ability|p1a: Xerneas|Fairy Aura\n|move|p2a: Gengar|Sludge Wave|p1a: Xerneas\n|-supereffective|p1a: Xerneas\n|-damage|p1a: Xerneas|0 fnt\n|faint|p1a: Xerneas\n|\n|upkeep\n|c|\u2606Raph369|ah wp\n|c|\u2606Icemaster|Ty\n|c|\u2606Raph369|was a bit too obvious haha\n|\n|t:|1658605357\n|switch|p1a: Groudon|Groudon|100\/100\n|detailschange|p1a: Groudon|Groudon-Primal\n|-primal|p1a: Groudon\n|-weather|DesolateLand|[from] ability: Desolate Land|[of] p1a: Groudon\n|turn|6\n|c|\u2606Icemaster|yea true\n|\n|t:|1658605384\n|switch|p2a: Latios|Latios, M|100\/100\n|move|p1a: Groudon|Stealth Rock|p2a: Latios\n|-sidestart|p2: Icemaster|move: Stealth Rock\n|\n|-weather|DesolateLand|[upkeep]\n|upkeep\n|turn|7\n|\n|t:|1658605398\n|-weather|none\n|switch|p1a: Volbeat|Volbeat, M|76\/100\n|move|p2a: Latios|Defog|p1a: Volbeat\n|-unboost|p1a: Volbeat|evasion|1\n|-sideend|p2: Icemaster|Spikes|[from] move: Defog|[of] p2a: Latios\n|-sideend|p2: Icemaster|Toxic Spikes|[from] move: Defog|[of] p2a: Latios\n|-sideend|p2: Icemaster|Stealth Rock|[from] move: Defog|[of] p2a: Latios\n|\n|upkeep\n|turn|8\n|\n|t:|1658605422\n|move|p1a: Volbeat|Encore|p2a: Latios\n|-start|p2a: Latios|Encore\n|move|p2a: Latios|Defog|p1a: Volbeat\n|-unboost|p1a: Volbeat|evasion|1\n|\n|upkeep\n|turn|9\n|j| Gareeb 2.0\n|\n|t:|1658605436\n|switch|p2a: Gengar|Gengar-Mega, M|100\/100\n|move|p1a: Volbeat|Tail Glow|p1a: Volbeat\n|-boost|p1a: Volbeat|spa|3\n|\n|upkeep\n|turn|10\n|\n|t:|1658605443\n|move|p1a: Volbeat|Substitute|p1a: Volbeat\n|-start|p1a: Volbeat|Substitute\n|-damage|p1a: Volbeat|51\/100\n|move|p2a: Gengar|Sludge Wave|p1a: Volbeat\n|-end|p1a: Volbeat|Substitute\n|\n|upkeep\n|turn|11\n|\n|t:|1658605447\n|move|p1a: Volbeat|Baton Pass|p1a: Volbeat\n|\n|t:|1658605452\n|switch|p1a: Arceus|Arceus-Ghost|100\/100|[from]move: Baton Pass\n|move|p2a: Gengar|Sludge Wave|p1a: Arceus\n|-resisted|p1a: Arceus\n|-crit|p1a: Arceus\n|-damage|p1a: Arceus|63\/100\n|\n|upkeep\n|turn|12\n|\n|t:|1658605455\n|move|p2a: Gengar|Shadow Ball|p1a: Arceus\n|-supereffective|p1a: Arceus\n|-damage|p1a: Arceus|0 fnt\n|faint|p1a: Arceus\n|\n|upkeep\n|\n|t:|1658605458\n|switch|p1a: Rayquaza|Rayquaza|100\/100\n|-ability|p1a: Rayquaza|Air Lock\n|turn|13\n|\n|t:|1658605467\n|move|p2a: Gengar|Sludge Wave|p1a: Rayquaza\n|-damage|p1a: Rayquaza|29\/100\n|move|p1a: Rayquaza|Dragon Ascent|p2a: Gengar\n|-damage|p2a: Gengar|0 fnt\n|-unboost|p1a: Rayquaza|def|1\n|-unboost|p1a: Rayquaza|spd|1\n|faint|p2a: Gengar\n|-damage|p1a: Rayquaza|19\/100|[from] item: Life Orb\n|\n|upkeep\n|\n|t:|1658605470\n|switch|p2a: Arceus|Arceus-Ground|100\/100\n|turn|14\n|\n|t:|1658605473\n|move|p2a: Arceus|Ice Beam|p1a: Rayquaza\n|-supereffective|p1a: Rayquaza\n|-damage|p1a: Rayquaza|0 fnt\n|faint|p1a: Rayquaza\n|\n|upkeep\n|\n|t:|1658605475\n|switch|p1a: Volbeat|Volbeat, M|51\/100\n|turn|15\n|\n|t:|1658605477\n|move|p1a: Volbeat|Encore|p2a: Arceus\n|-start|p2a: Arceus|Encore\n|move|p2a: Arceus|Ice Beam|p1a: Volbeat\n|-damage|p1a: Volbeat|22\/100\n|\n|upkeep\n|turn|16\n|\n|t:|1658605483\n|switch|p2a: Latios|Latios, M|100\/100\n|move|p1a: Volbeat|Baton Pass|p1a: Volbeat\n|\n|t:|1658605489\n|switch|p1a: Groudon|Groudon-Primal|100\/100|[from]move: Baton Pass\n|-weather|DesolateLand|[from] ability: Desolate Land|[of] p1a: Groudon\n|\n|-weather|DesolateLand|[upkeep]\n|upkeep\n|turn|17\n|\n|t:|1658605490\n|move|p2a: Latios|Draco Meteor|p1a: Groudon|[miss]\n|-miss|p2a: Latios|p1a: Groudon\n|move|p1a: Groudon|Stealth Rock|p2a: Latios\n|-sidestart|p2: Icemaster|move: Stealth Rock\n|\n|-weather|DesolateLand|[upkeep]\n|upkeep\n|turn|18\n|\n|t:|1658605492\n|move|p2a: Latios|Draco Meteor|p1a: Groudon\n|-damage|p1a: Groudon|24\/100\n|-unboost|p2a: Latios|spa|2\n|move|p1a: Groudon|Dragon Tail|p2a: Latios\n|-supereffective|p2a: Latios\n|-damage|p2a: Latios|35\/100\n|drag|p2a: Groudon|Groudon|100\/100\n|-damage|p2a: Groudon|94\/100|[from] Stealth Rock\n|detailschange|p2a: Groudon|Groudon-Primal\n|-primal|p2a: Groudon\n|\n|-weather|DesolateLand|[upkeep]\n|upkeep\n|turn|19\n|l| Gareeb 2.0\n|\n|t:|1658605503\n|move|p2a: Groudon|Precipice Blades|p1a: Groudon\n|-supereffective|p1a: Groudon\n|-damage|p1a: Groudon|0 fnt\n|faint|p1a: Groudon\n|\n|-weather|DesolateLand|[upkeep]\n|upkeep\n|c|\u2606Raph369|gg\n|\n|t:|1658605516\n|switch|p1a: Volbeat|Volbeat, M|22\/100\n|turn|20\n|c|\u2606Icemaster|gg\n|\n|t:|1658605558\n|move|p1a: Volbeat|Baton Pass||[still]\n|-fail|p1a: Volbeat\n|move|p2a: Groudon|Precipice Blades|p1a: Volbeat\n|-resisted|p1a: Volbeat\n|-damage|p1a: Volbeat|0 fnt\n|faint|p1a: Volbeat\n|\n|win|Icemaster\n","uploadtime":1658605561,"views":12,"p1id":"raph369","p2id":"icemaster","formatid":"gen6ubers","rating":0,"private":0,"password":null}