{"id":"gen6battlefactory-1510886469","p1":"Xasah\u2764\ufe0eBae","p2":"Cubielubie","format":"gen6battlefactory","log":"|j|\u2606Xasah\u2764\ufe0eBae\n|j|\u2606Cubielubie\n|inactive|Battle timer is ON: inactive players will automatically lose when time's up.\n|t:|1644860916\n|gametype|singles\n|player|p1|Xasah\u2764\ufe0eBae|beauty-gen7|\n|player|p2|Cubielubie|169|\n|teamsize|p1|6\n|teamsize|p2|6\n|gen|6\n|tier|[Gen 6] Battle Factory\n|rated|Tournament battle\n|rule|Sleep Clause Mod: Limit one foe put to sleep\n|rule|HP Percentage Mod: HP is shown in percentages\n|rule|Mega Rayquaza Clause: You cannot mega evolve Rayquaza\n|clearpoke\n|poke|p1|Ninetales, F|item\n|poke|p1|Klinklang|item\n|poke|p1|Tangela, M|item\n|poke|p1|Archeops, M|\n|poke|p1|Misdreavus, M|item\n|poke|p1|Sandslash, M|item\n|poke|p2|Swellow, F|item\n|poke|p2|Cryogonal|item\n|poke|p2|Manectric, M|item\n|poke|p2|Mawile, F|item\n|poke|p2|Carracosta, F|item\n|poke|p2|Golurk|item\n|teampreview\n|j|*Lady Monita \u2744\n|\n|t:|1644860946\n|start\n|switch|p1a: Sandslash|Sandslash, M|334\/334\n|switch|p2a: Carracosta|Carracosta, F|352\/352\n|turn|1\n|\n|t:|1644860962\n|move|p1a: Sandslash|Knock Off|p2a: Carracosta\n|-damage|p2a: Carracosta|293\/352\n|-enditem|p2a: Carracosta|Leftovers|[from] move: Knock Off|[of] p1a: Sandslash\n|move|p2a: Carracosta|Scald|p1a: Sandslash\n|-supereffective|p1a: Sandslash\n|-damage|p1a: Sandslash|52\/334\n|-status|p1a: Sandslash|brn\n|-enditem|p1a: Sandslash|Lum Berry|[eat]\n|-curestatus|p1a: Sandslash|brn|[msg]\n|\n|upkeep\n|turn|2\n|\n|t:|1644860966\n|move|p1a: Sandslash|Stealth Rock|p2a: Carracosta\n|-sidestart|p2: Cubielubie|move: Stealth Rock\n|move|p2a: Carracosta|Stealth Rock|p1a: Sandslash\n|-sidestart|p1: Xasah\u2764\ufe0eBae|move: Stealth Rock\n|\n|upkeep\n|turn|3\n|\n|t:|1644860970\n|move|p1a: Sandslash|Rapid Spin|p2a: Carracosta\n|-resisted|p2a: Carracosta\n|-damage|p2a: Carracosta|287\/352\n|-sideend|p1: Xasah\u2764\ufe0eBae|Stealth Rock|[from] move: Rapid Spin|[of] p1a: Sandslash\n|move|p2a: Carracosta|Scald|p1a: Sandslash\n|-supereffective|p1a: Sandslash\n|-damage|p1a: Sandslash|0 fnt\n|faint|p1a: Sandslash\n|\n|upkeep\n|\n|t:|1644860981\n|switch|p1a: Klinklang|Klinklang|284\/284\n|turn|4\n|\n|t:|1644861001\n|switch|p2a: Golurk|Golurk|319\/319\n|-damage|p2a: Golurk|300\/319|[from] Stealth Rock\n|move|p1a: Klinklang|Shift Gear|p1a: Klinklang\n|-boost|p1a: Klinklang|spe|2\n|-boost|p1a: Klinklang|atk|1\n|\n|upkeep\n|turn|5\n|\n|t:|1644861008\n|move|p1a: Klinklang|Gear Grind|p2a: Golurk\n|-damage|p2a: Golurk|161\/319\n|-damage|p2a: Golurk|16\/319\n|-hitcount|p2a: Golurk|2\n|move|p2a: Golurk|Earthquake|p1a: Klinklang\n|-supereffective|p1a: Klinklang\n|-damage|p1a: Klinklang|0 fnt\n|faint|p1a: Klinklang\n|\n|upkeep\n|\n|t:|1644861023\n|switch|p1a: Archeops|Archeops, M|353\/353\n|turn|6\n|inactive|Cubielubie has 120 seconds left.\n|\n|t:|1644861068\n|move|p1a: Archeops|Acrobatics|p2a: Golurk\n|-damage|p2a: Golurk|0 fnt\n|faint|p2a: Golurk\n|\n|upkeep\n|\n|t:|1644861078\n|switch|p2a: Mawile|Mawile, F|241\/241\n|-damage|p2a: Mawile|226\/241|[from] Stealth Rock\n|turn|7\n|\n|t:|1644861081\n|move|p1a: Archeops|Earth Power|p2a: Mawile\n|-supereffective|p2a: Mawile\n|-damage|p2a: Mawile|0 fnt\n|faint|p2a: Mawile\n|\n|upkeep\n|inactive|Cubielubie has 90 seconds left.\n|\n|t:|1644861127\n|switch|p2a: Carracosta|Carracosta, F|287\/352\n|-damage|p2a: Carracosta|243\/352|[from] Stealth Rock\n|turn|8\n|\n|t:|1644861133\n|move|p1a: Archeops|Earth Power|p2a: Carracosta\n|-supereffective|p2a: Carracosta\n|-damage|p2a: Carracosta|105\/352\n|move|p2a: Carracosta|Scald|p1a: Archeops\n|-supereffective|p1a: Archeops\n|-damage|p1a: Archeops|125\/353\n|\n|upkeep\n|turn|9\n|inactive|Cubielubie has 90 seconds left.\n|\n|t:|1644861166\n|switch|p2a: Cryogonal|Cryogonal|281\/281\n|-damage|p2a: Cryogonal|211\/281|[from] Stealth Rock\n|move|p1a: Archeops|Earth Power|p2a: Cryogonal\n|-immune|p2a: Cryogonal|[from] ability: Levitate\n|\n|upkeep\n|turn|10\n|\n|t:|1644861170\n|move|p1a: Archeops|Acrobatics|p2a: Cryogonal\n|-damage|p2a: Cryogonal|1\/281\n|move|p2a: Cryogonal|Rapid Spin|p1a: Archeops\n|-resisted|p1a: Archeops\n|-damage|p1a: Archeops|117\/353\n|-sideend|p2: Cubielubie|Stealth Rock|[from] move: Rapid Spin|[of] p2a: Cryogonal\n|-damage|p2a: Cryogonal|0 fnt|[from] item: Life Orb\n|faint|p2a: Cryogonal\n|\n|upkeep\n|inactive|Cubielubie has 60 seconds left.\n|\n|t:|1644861191\n|switch|p2a: Swellow|Swellow, F|261\/261\n|turn|11\n|\n|t:|1644861210\n|move|p2a: Swellow|Boomburst|p1a: Archeops\n|-resisted|p1a: Archeops\n|-damage|p1a: Archeops|0 fnt\n|faint|p1a: Archeops\n|\n|upkeep\n|\n|t:|1644861214\n|switch|p1a: Misdreavus|Misdreavus, M|324\/324\n|turn|12\n|\n|t:|1644861226\n|move|p2a: Swellow|Boomburst|p1a: Misdreavus\n|-damage|p1a: Misdreavus|152\/324\n|move|p1a: Misdreavus|Will-O-Wisp|p2a: Swellow\n|-status|p2a: Swellow|brn\n|\n|-damage|p2a: Swellow|229\/261 brn|[from] brn\n|upkeep\n|turn|13\n|\n|t:|1644861243\n|move|p2a: Swellow|Boomburst|p1a: Misdreavus\n|-damage|p1a: Misdreavus|0 fnt\n|faint|p1a: Misdreavus\n|\n|-damage|p2a: Swellow|197\/261 brn|[from] brn\n|upkeep\n|\n|t:|1644861246\n|switch|p1a: Ninetales|Ninetales, F|287\/287\n|turn|14\n|\n|t:|1644861252\n|switch|p2a: Carracosta|Carracosta, F|105\/352\n|move|p1a: Ninetales|Fire Blast|p2a: Carracosta\n|-resisted|p2a: Carracosta\n|-damage|p2a: Carracosta|37\/352\n|-damage|p1a: Ninetales|259\/287|[from] item: Life Orb\n|\n|upkeep\n|turn|15\n|\n|t:|1644861260\n|move|p1a: Ninetales|Energy Ball|p2a: Carracosta\n|-supereffective|p2a: Carracosta\n|-damage|p2a: Carracosta|0 fnt\n|faint|p2a: Carracosta\n|-damage|p1a: Ninetales|231\/287|[from] item: Life Orb\n|\n|upkeep\n|\n|t:|1644861262\n|switch|p2a: Manectric|Manectric, M|281\/281\n|turn|16\n|\n|t:|1644861265\n|switch|p1a: Tangela|Tangela, M|334\/334\n|move|p2a: Manectric|Thunderbolt|p1a: Tangela\n|-resisted|p1a: Tangela\n|-damage|p1a: Tangela|212\/334\n|-status|p1a: Tangela|par\n|-damage|p2a: Manectric|253\/281|[from] item: Life Orb\n|\n|upkeep\n|turn|17\n|inactive|Cubielubie has 120 seconds left.\n|\n|t:|1644861273\n|move|p2a: Manectric|Volt Switch|p1a: Tangela\n|-resisted|p1a: Tangela\n|-damage|p1a: Tangela|113\/334 par\n|-damage|p2a: Manectric|225\/281|[from] item: Life Orb\n|\n|t:|1644861275\n|switch|p2a: Swellow|Swellow, F|197\/261 brn\n|cant|p1a: Tangela|par\n|\n|-damage|p2a: Swellow|165\/261 brn|[from] brn\n|upkeep\n|turn|18\n|\n|t:|1644861282\n|move|p2a: Swellow|Boomburst|p1a: Tangela\n|-damage|p1a: Tangela|0 fnt\n|faint|p1a: Tangela\n|\n|-damage|p2a: Swellow|133\/261 brn|[from] brn\n|upkeep\n|\n|t:|1644861284\n|switch|p1a: Ninetales|Ninetales, F|231\/287\n|turn|19\n|\n|t:|1644861286\n|move|p2a: Swellow|Boomburst|p1a: Ninetales\n|-damage|p1a: Ninetales|12\/287\n|move|p1a: Ninetales|Psyshock|p2a: Swellow\n|-damage|p2a: Swellow|3\/261 brn\n|-damage|p1a: Ninetales|0 fnt|[from] item: Life Orb\n|faint|p1a: Ninetales\n|\n|win|Cubielubie\n|n|\u2606Xasah\u2764\ufe0eBae|xasahbae\n|n|\u2606Cubielubie|cubielubie\n|n|*Lady Monita \u2744|ladymonita\n|l|*Lady Monita \u2744\n|l|\u2606Xasah\u2764\ufe0eBae\n","uploadtime":1644862191,"views":5,"p1id":"xasahbae","p2id":"cubielubie","formatid":"gen6battlefactory","rating":0,"private":0,"password":null}