{"id":"gen6ubers-1670259389","p1":"sandman42","p2":"misplayin","format":"gen6ubers","log":"|j|\u2606sandman42\n|j|\u2606misplayin\n|t:|1664143067\n|gametype|singles\n|player|p1|sandman42|jasmine|\n|player|p2|misplayin|bugsy|\n|teamsize|p1|6\n|teamsize|p2|6\n|gen|6\n|tier|[Gen 6] Ubers\n|rule|Sleep Clause Mod: Limit one foe put to sleep\n|rule|Species Clause: Limit one of each Pok\u00e9mon\n|rule|OHKO Clause: OHKO moves are banned\n|rule|Moody Clause: Moody is banned\n|rule|Evasion Items Clause: Evasion items are banned\n|rule|Evasion Moves Clause: Evasion moves are banned\n|rule|Endless Battle Clause: Forcing endless battles is banned\n|rule|HP Percentage Mod: HP is shown in percentages\n|rule|Swagger Clause: Swagger is banned\n|rule|Mega Rayquaza Clause: You cannot mega evolve Rayquaza\n|clearpoke\n|poke|p1|Slowking, F|item\n|poke|p1|Sableye, F|item\n|poke|p1|Weavile, M|item\n|poke|p1|Hippowdon, M|item\n|poke|p1|Excadrill, F|item\n|poke|p1|Gliscor, M|\n|poke|p2|Venusaur, M|item\n|poke|p2|Mamoswine, M|item\n|poke|p2|Gourgeist-*, M|item\n|poke|p2|Zapdos|item\n|poke|p2|Conkeldurr, F|item\n|poke|p2|Whimsicott, M|item\n|teampreview\n|inactive|Battle timer is ON: inactive players will automatically lose when time's up. (requested by misplayin)\n|c|\u2606sandman42|gl hf\n|c|\u2606misplayin|u2 friend\n|inactive|sandman42 has 270 seconds left.\n|inactive|misplayin has 270 seconds left.\n|j| Mim21\n|j| doopishere\n|j| AirChomp\n|inactive|misplayin has 240 seconds left.\n|c| doopishere|gl hf\n|c| AirChomp|timer on?\n|c| AirChomp|we dont play w timer lol\n|c| Mim21|LETS GOOOO JAY\n|inactiveoff|Battle timer is now OFF.\n|c|\u2606sandman42|it's fine, i dont take long anyway lol\n|\n|t:|1664143153\n|start\n|switch|p1a: Sableye|Sableye, F|100\/100\n|switch|p2a: Mamoswine|Mamoswine, M|100\/100\n|turn|1\n|\n|t:|1664143165\n|switch|p2a: Conkeldurr|Conkeldurr, F|100\/100\n|detailschange|p1a: Sableye|Sableye-Mega, F\n|-mega|p1a: Sableye|Sableye|Sablenite\n|move|p1a: Sableye|Knock Off|p2a: Conkeldurr\n|-resisted|p2a: Conkeldurr\n|-damage|p2a: Conkeldurr|87\/100\n|-enditem|p2a: Conkeldurr|Leftovers|[from] move: Knock Off|[of] p1a: Sableye\n|\n|upkeep\n|turn|2\n|\n|t:|1664143176\n|move|p2a: Conkeldurr|Ice Punch|p1a: Sableye\n|-crit|p1a: Sableye\n|-damage|p1a: Sableye|69\/100\n|move|p1a: Sableye|Night Shade|p2a: Conkeldurr\n|-damage|p2a: Conkeldurr|63\/100\n|\n|upkeep\n|turn|3\n|\n|t:|1664143185\n|switch|p2a: Mamoswine|Mamoswine, M|100\/100\n|move|p1a: Sableye|Recover|p1a: Sableye\n|-heal|p1a: Sableye|100\/100\n|\n|upkeep\n|turn|4\n|\n|t:|1664143187\n|move|p2a: Mamoswine|Earthquake|p1a: Sableye\n|-damage|p1a: Sableye|43\/100\n|move|p1a: Sableye|Knock Off|p2a: Mamoswine\n|-damage|p2a: Mamoswine|64\/100\n|-enditem|p2a: Mamoswine|Choice Band|[from] move: Knock Off|[of] p1a: Sableye\n|\n|upkeep\n|turn|5\n|\n|t:|1664143194\n|move|p2a: Mamoswine|Icicle Crash|p1a: Sableye\n|-damage|p1a: Sableye|15\/100\n|move|p1a: Sableye|Recover|p1a: Sableye\n|-heal|p1a: Sableye|65\/100\n|\n|upkeep\n|turn|6\n|\n|t:|1664143207\n|move|p2a: Mamoswine|Icicle Crash|p1a: Sableye\n|-damage|p1a: Sableye|33\/100\n|cant|p1a: Sableye|flinch\n|\n|upkeep\n|turn|7\n|c| AirChomp|!\n|\n|t:|1664143220\n|move|p2a: Mamoswine|Earthquake|p1a: Sableye\n|-damage|p1a: Sableye|0 fnt\n|faint|p1a: Sableye\n|\n|upkeep\n|\n|t:|1664143271\n|switch|p1a: Excadrill|Excadrill, F|100\/100\n|turn|8\n|\n|t:|1664143293\n|switch|p2a: Gourgeist|Gourgeist-Super, M|100\/100\n|-item|p1a: Excadrill|Life Orb|[from] ability: Frisk|[of] p2a: Gourgeist|[identify]\n|move|p1a: Excadrill|Iron Head|p2a: Gourgeist\n|-damage|p2a: Gourgeist|68\/100\n|-damage|p1a: Excadrill|91\/100|[from] item: Life Orb\n|\n|-heal|p2a: Gourgeist|74\/100|[from] item: Leftovers\n|upkeep\n|turn|9\n|\n|t:|1664143311\n|switch|p1a: Gliscor|Gliscor, M|100\/100\n|move|p2a: Gourgeist|Will-O-Wisp|p1a: Gliscor\n|-status|p1a: Gliscor|brn\n|\n|-heal|p2a: Gourgeist|80\/100|[from] item: Leftovers\n|-damage|p1a: Gliscor|88\/100 brn|[from] brn\n|upkeep\n|turn|10\n|\n|t:|1664143324\n|switch|p1a: Hippowdon|Hippowdon, M|100\/100\n|-weather|Sandstorm|[from] ability: Sand Stream|[of] p1a: Hippowdon\n|switch|p2a: Venusaur|Venusaur, M|100\/100\n|\n|-weather|Sandstorm|[upkeep]\n|-damage|p2a: Venusaur|94\/100|[from] Sandstorm\n|upkeep\n|turn|11\n|\n|t:|1664143332\n|detailschange|p2a: Venusaur|Venusaur-Mega, M\n|-mega|p2a: Venusaur|Venusaur|Venusaurite\n|move|p2a: Venusaur|Giga Drain|p1a: Hippowdon\n|-supereffective|p1a: Hippowdon\n|-damage|p1a: Hippowdon|28\/100\n|-heal|p2a: Venusaur|100\/100|[from] drain|[of] p1a: Hippowdon\n|move|p1a: Hippowdon|Stealth Rock|p2a: Venusaur\n|-sidestart|p2: misplayin|move: Stealth Rock\n|\n|-weather|Sandstorm|[upkeep]\n|-damage|p2a: Venusaur|94\/100|[from] Sandstorm\n|upkeep\n|turn|12\n|\n|t:|1664143337\n|move|p2a: Venusaur|Giga Drain|p1a: Hippowdon\n|-supereffective|p1a: Hippowdon\n|-damage|p1a: Hippowdon|0 fnt\n|-heal|p2a: Venusaur|100\/100|[from] drain|[of] p1a: Hippowdon\n|faint|p1a: Hippowdon\n|\n|-weather|Sandstorm|[upkeep]\n|-damage|p2a: Venusaur|94\/100|[from] Sandstorm\n|upkeep\n|\n|t:|1664143356\n|switch|p1a: Excadrill|Excadrill, F|91\/100\n|turn|13\n|\n|t:|1664143360\n|move|p1a: Excadrill|Swords Dance|p1a: Excadrill\n|-boost|p1a: Excadrill|atk|2\n|move|p2a: Venusaur|Giga Drain|p1a: Excadrill\n|-damage|p1a: Excadrill|48\/100\n|-heal|p2a: Venusaur|100\/100|[from] drain|[of] p1a: Excadrill\n|\n|-weather|Sandstorm|[upkeep]\n|-damage|p2a: Venusaur|94\/100|[from] Sandstorm\n|upkeep\n|turn|14\n|j| steinbaum\n|\n|t:|1664143411\n|switch|p2a: Gourgeist|Gourgeist-Super, M|80\/100\n|-damage|p2a: Gourgeist|68\/100|[from] Stealth Rock\n|-item|p1a: Excadrill|Life Orb|[from] ability: Frisk|[of] p2a: Gourgeist|[identify]\n|move|p1a: Excadrill|Earthquake|p2a: Gourgeist\n|-resisted|p2a: Gourgeist\n|-damage|p2a: Gourgeist|18\/100\n|-damage|p1a: Excadrill|38\/100|[from] item: Life Orb\n|\n|-weather|Sandstorm|[upkeep]\n|-damage|p2a: Gourgeist|12\/100|[from] Sandstorm\n|-heal|p2a: Gourgeist|18\/100|[from] item: Leftovers\n|upkeep\n|turn|15\n|\n|t:|1664143433\n|move|p2a: Gourgeist|Protect|p2a: Gourgeist\n|-singleturn|p2a: Gourgeist|Protect\n|move|p1a: Excadrill|Iron Head|p2a: Gourgeist\n|-activate|p2a: Gourgeist|move: Protect\n|\n|-weather|Sandstorm|[upkeep]\n|-damage|p2a: Gourgeist|12\/100|[from] Sandstorm\n|-heal|p2a: Gourgeist|18\/100|[from] item: Leftovers\n|upkeep\n|turn|16\n|\n|t:|1664143439\n|move|p1a: Excadrill|Iron Head|p2a: Gourgeist\n|-crit|p2a: Gourgeist\n|-damage|p2a: Gourgeist|0 fnt\n|faint|p2a: Gourgeist\n|-damage|p1a: Excadrill|28\/100|[from] item: Life Orb\n|\n|-weather|Sandstorm|[upkeep]\n|upkeep\n|\n|t:|1664143441\n|switch|p2a: Conkeldurr|Conkeldurr, F|63\/100\n|-damage|p2a: Conkeldurr|57\/100|[from] Stealth Rock\n|turn|17\n|\n|t:|1664143449\n|switch|p1a: Gliscor|Gliscor, M|88\/100 brn\n|move|p2a: Conkeldurr|Mach Punch|p1a: Gliscor\n|-resisted|p1a: Gliscor\n|-damage|p1a: Gliscor|78\/100 brn\n|\n|-weather|none\n|-damage|p1a: Gliscor|65\/100 brn|[from] brn\n|upkeep\n|turn|18\n|\n|t:|1664143453\n|move|p1a: Gliscor|Acrobatics|p2a: Conkeldurr\n|-supereffective|p2a: Conkeldurr\n|-damage|p2a: Conkeldurr|11\/100\n|move|p2a: Conkeldurr|Ice Punch|p1a: Gliscor\n|-supereffective|p1a: Gliscor\n|-damage|p1a: Gliscor|0 fnt\n|faint|p1a: Gliscor\n|\n|upkeep\n|\n|t:|1664143460\n|switch|p1a: Slowking|Slowking, F|100\/100\n|turn|19\n|\n|t:|1664143465\n|switch|p2a: Zapdos|Zapdos|100\/100\n|-damage|p2a: Zapdos|75\/100|[from] Stealth Rock\n|-ability|p2a: Zapdos|Pressure\n|move|p1a: Slowking|Future Sight|p2a: Zapdos\n|-start|p1a: Slowking|move: Future Sight\n|\n|-heal|p2a: Zapdos|82\/100|[from] item: Leftovers\n|upkeep\n|turn|20\n|\n|t:|1664143486\n|move|p2a: Zapdos|Thunderbolt|p1a: Slowking\n|-supereffective|p1a: Slowking\n|-damage|p1a: Slowking|62\/100\n|move|p1a: Slowking|Ice Beam|p2a: Zapdos\n|-supereffective|p2a: Zapdos\n|-damage|p2a: Zapdos|42\/100\n|\n|-heal|p2a: Zapdos|48\/100|[from] item: Leftovers\n|upkeep\n|turn|21\n|\n|t:|1664143499\n|move|p2a: Zapdos|Roost|p2a: Zapdos\n|-heal|p2a: Zapdos|98\/100\n|-singleturn|p2a: Zapdos|move: Roost\n|move|p1a: Slowking|Ice Beam|p2a: Zapdos\n|-damage|p2a: Zapdos|76\/100\n|\n|-end|p2a: Zapdos|move: Future Sight\n|-damage|p2a: Zapdos|36\/100\n|-heal|p2a: Zapdos|42\/100|[from] item: Leftovers\n|upkeep\n|turn|22\n|\n|t:|1664143513\n|move|p2a: Zapdos|Thunderbolt|p1a: Slowking\n|-supereffective|p1a: Slowking\n|-damage|p1a: Slowking|19\/100\n|-status|p1a: Slowking|par\n|cant|p1a: Slowking|par\n|\n|-heal|p2a: Zapdos|49\/100|[from] item: Leftovers\n|upkeep\n|turn|23\n|c|\u2606sandman42|i mean\n|\n|t:|1664143519\n|move|p2a: Zapdos|U-turn|p1a: Slowking\n|-supereffective|p1a: Slowking\n|-damage|p1a: Slowking|0 fnt\n|faint|p1a: Slowking\n|c|\u2606sandman42|ok i guess\n|\n|t:|1664143524\n|switch|p2a: Venusaur|Venusaur-Mega, M|94\/100|[from]move: U-turn\n|-damage|p2a: Venusaur|82\/100|[from] Stealth Rock\n|\n|upkeep\n|c| AirChomp|damn that para sucks\n|c|\u2606misplayin|sorry friend :\/\n|\n|t:|1664143557\n|switch|p1a: Weavile|Weavile, M|100\/100\n|-ability|p1a: Weavile|Pressure\n|turn|24\n|\n|t:|1664143561\n|move|p1a: Weavile|Icicle Crash|p2a: Venusaur\n|-supereffective|p2a: Venusaur\n|-damage|p2a: Venusaur|40\/100\n|move|p2a: Venusaur|Sludge Bomb|p1a: Weavile\n|-damage|p1a: Weavile|49\/100\n|\n|upkeep\n|turn|25\n|c|\u2606sandman42|flinch\n|\n|t:|1664143582\n|move|p1a: Weavile|Icicle Crash|p2a: Venusaur\n|-supereffective|p2a: Venusaur\n|-damage|p2a: Venusaur|0 fnt\n|faint|p2a: Venusaur\n|\n|upkeep\n|\n|t:|1664143584\n|switch|p2a: Whimsicott|Whimsicott, M|100\/100\n|-damage|p2a: Whimsicott|88\/100|[from] Stealth Rock\n|turn|26\n|\n|t:|1664143588\n|switch|p1a: Excadrill|Excadrill, F|28\/100\n|move|p2a: Whimsicott|Stun Spore|p1a: Excadrill\n|-status|p1a: Excadrill|par\n|\n|-heal|p2a: Whimsicott|94\/100|[from] item: Leftovers\n|upkeep\n|turn|27\n|\n|t:|1664143596\n|switch|p2a: Zapdos|Zapdos|49\/100\n|-damage|p2a: Zapdos|24\/100|[from] Stealth Rock\n|-ability|p2a: Zapdos|Pressure\n|move|p1a: Excadrill|Iron Head|p2a: Zapdos\n|-resisted|p2a: Zapdos\n|-damage|p2a: Zapdos|2\/100\n|-damage|p1a: Excadrill|18\/100 par|[from] item: Life Orb\n|\n|-heal|p2a: Zapdos|9\/100|[from] item: Leftovers\n|upkeep\n|turn|28\n|c|\u2606sandman42|fffs\n|\n|t:|1664143606\n|move|p2a: Zapdos|Roost|p2a: Zapdos\n|-heal|p2a: Zapdos|59\/100\n|-singleturn|p2a: Zapdos|move: Roost\n|cant|p1a: Excadrill|par\n|\n|-heal|p2a: Zapdos|65\/100|[from] item: Leftovers\n|upkeep\n|turn|29\n|c|\u2606sandman42|i eqed...\n|c|\u2606sandman42|i mean\n|c|\u2606sandman42|what am i supposed to do\n|\n|t:|1664143637\n|move|p2a: Zapdos|U-turn|p1a: Excadrill\n|-resisted|p1a: Excadrill\n|-damage|p1a: Excadrill|9\/100 par\n|\n|t:|1664143644\n|switch|p2a: Conkeldurr|Conkeldurr, F|11\/100|[from]move: U-turn\n|-damage|p2a: Conkeldurr|5\/100|[from] Stealth Rock\n|move|p1a: Excadrill|Earthquake|p2a: Conkeldurr\n|-damage|p2a: Conkeldurr|0 fnt\n|faint|p2a: Conkeldurr\n|-damage|p1a: Excadrill|0 fnt|[from] item: Life Orb\n|faint|p1a: Excadrill\n|\n|upkeep\n|\n|t:|1664143651\n|switch|p1a: Weavile|Weavile, M|49\/100\n|switch|p2a: Whimsicott|Whimsicott, M|94\/100\n|-damage|p2a: Whimsicott|82\/100|[from] Stealth Rock\n|-ability|p1a: Weavile|Pressure\n|turn|30\n|c| doopishere|great batttle guys\n|\n|t:|1664143677\n|move|p2a: Whimsicott|Stun Spore|p1a: Weavile\n|-status|p1a: Weavile|par\n|cant|p1a: Weavile|par\n|\n|-heal|p2a: Whimsicott|88\/100|[from] item: Leftovers\n|upkeep\n|turn|31\n|c|\u2606sandman42|yeah\n|c|\u2606sandman42|real good\n|c|\u2606sandman42|prankster stun spore\n|\n|t:|1664143707\n|move|p2a: Whimsicott|Moonblast|p1a: Weavile\n|-supereffective|p1a: Weavile\n|-damage|p1a: Weavile|0 fnt\n|faint|p1a: Weavile\n|\n|win|misplayin\n|l|\u2606sandman42\n","uploadtime":1664143716,"views":13,"p1id":"sandman42","p2id":"misplayin","formatid":"gen6ubers","rating":0,"private":0,"password":null}