{"id":"gen6purehackmons-1699669075","p1":"A litttle kid","p2":"MurderousMantyke","format":"gen6purehackmons","log":"|j|\u2606A litttle kid\n|j|\u2606MurderousMantyke\n|t:|1667256027\n|gametype|singles\n|player|p1|A litttle kid|102|1339\n|player|p2|MurderousMantyke|#helpstaffxmas|1557\n|teamsize|p1|6\n|teamsize|p2|6\n|gen|6\n|tier|[Gen 6] Pure Hackmons\n|rated|\n|rule|HP Percentage Mod: HP is shown in percentages\n|rule|Endless Battle Clause: Forcing endless battles is banned\n|clearpoke\n|poke|p1|Arceus-*|item\n|poke|p1|Mewtwo-Mega-Y|item\n|poke|p1|Registeel|item\n|poke|p1|Skarmory, F|item\n|poke|p1|Mewtwo-Mega-X|item\n|poke|p1|Electivire, M|item\n|poke|p2|Mewtwo-Mega-X|item\n|poke|p2|Gardevoir-Mega, F|item\n|poke|p2|Gyarados-Mega, M|item\n|poke|p2|Giratina|item\n|poke|p2|Xerneas-*|item\n|poke|p2|Scizor-Mega, M|item\n|teampreview\n|c|\u2606MurderousMantyke|hf\n|\n|t:|1667256043\n|start\n|switch|p1a: Skarmory|Skarmory, F, shiny|100\/100\n|switch|p2a: American Boy|Mewtwo-Mega-X|100\/100\n|turn|1\n|\n|t:|1667256058\n|move|p2a: American Boy|Sacred Fire|p1a: Skarmory\n|-supereffective|p1a: Skarmory\n|-enditem|p1a: Skarmory|Focus Sash\n|-damage|p1a: Skarmory|1\/100\n|-status|p1a: Skarmory|brn\n|move|p1a: Skarmory|Toxic Spikes|p2a: American Boy\n|-sidestart|p2: MurderousMantyke|move: Toxic Spikes\n|\n|-damage|p1a: Skarmory|0 fnt|[from] brn\n|faint|p1a: Skarmory\n|upkeep\n|\n|t:|1667256077\n|switch|p1a: Arceus|Arceus-Electric, shiny|100\/100\n|-item|p1a: Arceus|Air Balloon\n|turn|2\n|\n|t:|1667256083\n|switch|p2a: Come Over|Scizor-Mega, M|100\/100\n|move|p1a: Arceus|Worry Seed|p2a: Come Over\n|-endability|p2a: Come Over|Wonder Guard|[from] move: Worry Seed\n|-ability|p2a: Come Over|Insomnia|[from] move: Worry Seed\n|\n|upkeep\n|turn|3\n|j| Pure Hackmons 2\n|\n|t:|1667256091\n|move|p1a: Arceus|Thunderbolt|p2a: Come Over\n|-damage|p2a: Come Over|70\/100\n|move|p2a: Come Over|Defog|p1a: Arceus\n|-unboost|p1a: Arceus|evasion|1\n|-sideend|p2: MurderousMantyke|Toxic Spikes|[from] move: Defog|[of] p2a: Come Over\n|\n|upkeep\n|turn|4\n|\n|t:|1667256101\n|switch|p2a: Magnificent|Xerneas|100\/100\n|move|p1a: Arceus|Thunderbolt|p2a: Magnificent\n|-immune|p2a: Magnificent|[from] ability: Wonder Guard\n|\n|upkeep\n|turn|5\n|\n|t:|1667256109\n|move|p1a: Arceus|Worry Seed|p2a: Magnificent\n|-endability|p2a: Magnificent|Wonder Guard|[from] move: Worry Seed\n|-ability|p2a: Magnificent|Insomnia|[from] move: Worry Seed\n|move|p2a: Magnificent|Stealth Rock|p1a: Arceus\n|-sidestart|p1: A litttle kid|move: Stealth Rock\n|\n|upkeep\n|turn|6\n|\n|t:|1667256116\n|switch|p2a: American Boy|Mewtwo-Mega-X|100\/100\n|move|p1a: Arceus|Judgment|p2a: American Boy\n|-damage|p2a: American Boy|55\/100\n|\n|upkeep\n|turn|7\n|\n|t:|1667256123\n|move|p2a: American Boy|Drain Punch|p1a: Arceus\n|-supereffective|p1a: Arceus\n|-damage|p1a: Arceus|0 fnt\n|-heal|p2a: American Boy|100\/100|[from] drain|[of] p1a: Arceus\n|-enditem|p1a: Arceus|Air Balloon\n|faint|p1a: Arceus\n|\n|upkeep\n|\n|t:|1667256148\n|switch|p1a: Mewtwo|Mewtwo-Mega-Y, shiny|100\/100\n|-damage|p1a: Mewtwo|88\/100|[from] Stealth Rock\n|-ability|p1a: Mewtwo|Mold Breaker\n|turn|8\n|\n|t:|1667256156\n|switch|p2a: Pretty Please|Giratina|100\/100\n|move|p1a: Mewtwo|Dazzling Gleam|p2a: Pretty Please\n|-supereffective|p2a: Pretty Please\n|-damage|p2a: Pretty Please|60\/100\n|\n|upkeep\n|turn|9\n|j| esd12\n|\n|t:|1667256162\n|move|p2a: Pretty Please|Glare|p1a: Mewtwo\n|-status|p1a: Mewtwo|par\n|move|p1a: Mewtwo|Dazzling Gleam|p2a: Pretty Please\n|-supereffective|p2a: Pretty Please\n|-damage|p2a: Pretty Please|18\/100\n|\n|upkeep\n|turn|10\n|\n|t:|1667256169\n|move|p2a: Pretty Please|Curse|p1a: Mewtwo\n|-start|p1a: Mewtwo|Curse|[of] p2a: Pretty Please\n|-damage|p2a: Pretty Please|0 fnt\n|faint|p2a: Pretty Please\n|move|p1a: Mewtwo|Dazzling Gleam|p2: Pretty Please|[notarget]\n|-fail|p1a: Mewtwo\n|\n|-damage|p1a: Mewtwo|63\/100 par|[from] Curse\n|upkeep\n|\n|t:|1667256173\n|switch|p2a: In the Rain|Gyarados-Mega, M|100\/100\n|turn|11\n|\n|t:|1667256187\n|move|p2a: In the Rain|Water Shuriken|p1a: Mewtwo\n|-damage|p1a: Mewtwo|38\/100 par\n|-damage|p1a: Mewtwo|13\/100 par\n|-damage|p1a: Mewtwo|0 fnt\n|faint|p1a: Mewtwo\n|-hitcount|p1: Mewtwo|3\n|\n|upkeep\n|\n|t:|1667256202\n|switch|p1a: Electivire|Electivire, M|100\/100\n|-damage|p1a: Electivire|88\/100|[from] Stealth Rock\n|-item|p1a: Electivire|Air Balloon\n|turn|12\n|\n|t:|1667256208\n|move|p1a: Electivire|Substitute|p1a: Electivire\n|-start|p1a: Electivire|Substitute\n|-damage|p1a: Electivire|63\/100\n|move|p2a: In the Rain|Gastro Acid||[still]\n|-fail|p2a: In the Rain\n|\n|upkeep\n|turn|13\n|\n|t:|1667256215\n|switch|p2a: Magnificent|Xerneas|100\/100\n|move|p1a: Electivire|Toxic|p2a: Magnificent\n|-status|p2a: Magnificent|tox\n|\n|-damage|p2a: Magnificent|94\/100 tox|[from] psn\n|upkeep\n|turn|14\n|\n|t:|1667256224\n|move|p1a: Electivire|Clear Smog|p2a: Magnificent\n|-supereffective|p2a: Magnificent\n|-damage|p2a: Magnificent|76\/100 tox\n|-clearboost|p2a: Magnificent\n|move|p2a: Magnificent|Wish|p2a: Magnificent\n|\n|-heal|p2a: Magnificent|82\/100 tox|[from] item: Leftovers\n|-damage|p2a: Magnificent|70\/100 tox|[from] psn\n|upkeep\n|turn|15\n|\n|t:|1667256239\n|switch|p2a: Come Over|Scizor-Mega, M|70\/100\n|move|p1a: Electivire|Clear Smog|p2a: Come Over\n|-immune|p2a: Come Over\n|\n|-heal|p2a: Come Over|100\/100|[from] move: Wish|[wisher] Magnificent\n|upkeep\n|turn|16\n|\n|t:|1667256246\n|move|p1a: Electivire|Fusion Bolt|p2a: Come Over\n|-immune|p2a: Come Over|[from] ability: Wonder Guard\n|move|p2a: Come Over|Baton Pass|p2a: Come Over\n|\n|t:|1667256258\n|switch|p2a: American Boy|Mewtwo-Mega-X|100\/100|[from]move: Baton Pass\n|\n|upkeep\n|turn|17\n|\n|t:|1667256264\n|switch|p2a: Come Over|Scizor-Mega, M|100\/100\n|move|p1a: Electivire|Toxic|p2a: Come Over|[miss]\n|-miss|p1a: Electivire|p2a: Come Over\n|\n|upkeep\n|turn|18\n|\n|t:|1667256269\n|move|p1a: Electivire|Clear Smog|p2a: Come Over\n|-immune|p2a: Come Over\n|move|p2a: Come Over|Aromatherapy|p2a: Come Over\n|-activate|p2a: Come Over|move: Aromatherapy\n|-curestatus|p2: Magnificent|tox|[msg]\n|\n|upkeep\n|turn|19\n|c|\u2606MurderousMantyke|pp stall yourself if you want lol\n|inactive|Battle timer is ON: inactive players will automatically lose when time's up. (requested by MurderousMantyke)\n|\n|t:|1667256282\n|move|p1a: Electivire|Fusion Bolt|p2a: Come Over\n|-immune|p2a: Come Over|[from] ability: Wonder Guard\n|move|p2a: Come Over|Baton Pass|p2a: Come Over\n|\n|t:|1667256291\n|switch|p2a: Magnificent|Xerneas|70\/100|[from]move: Baton Pass\n|\n|-heal|p2a: Magnificent|76\/100|[from] item: Leftovers\n|upkeep\n|turn|20\n|c|\u2606A litttle kid|Ok\n|\n|t:|1667256299\n|switch|p2a: Come Over|Scizor-Mega, M|100\/100\n|move|p1a: Electivire|Toxic|p2a: Come Over\n|-immune|p2a: Come Over\n|\n|upkeep\n|turn|21\n|\n|t:|1667256306\n|switch|p1a: Registeel|Registeel, shiny|100\/100\n|-damage|p1a: Registeel|94\/100|[from] Stealth Rock\n|move|p2a: Come Over|Baton Pass|p2a: Come Over\n|\n|t:|1667256311\n|switch|p2a: American Boy|Mewtwo-Mega-X|100\/100|[from]move: Baton Pass\n|\n|upkeep\n|turn|22\n|\n|t:|1667256317\n|move|p2a: American Boy|Drain Punch|p1a: Registeel\n|-supereffective|p1a: Registeel\n|-damage|p1a: Registeel|2\/100\n|move|p1a: Registeel|Cosmic Power|p1a: Registeel\n|-boost|p1a: Registeel|def|1\n|-boost|p1a: Registeel|spd|1\n|\n|upkeep\n|turn|23\n|\n|t:|1667256330\n|move|p2a: American Boy|Drain Punch|p1a: Registeel\n|-supereffective|p1a: Registeel\n|-damage|p1a: Registeel|0 fnt\n|faint|p1a: Registeel\n|\n|upkeep\n|\n|t:|1667256340\n|switch|p1a: Mewtwo|Mewtwo-Mega-X, shiny|100\/100\n|-damage|p1a: Mewtwo|94\/100|[from] Stealth Rock\n|-ability|p1a: Mewtwo|Teravolt\n|turn|24\n|\n|t:|1667256347\n|move|p2a: American Boy|Drain Punch|p1a: Mewtwo\n|-resisted|p1a: Mewtwo\n|-damage|p1a: Mewtwo|61\/100\n|move|p1a: Mewtwo|Belly Drum|p1a: Mewtwo\n|-damage|p1a: Mewtwo|11\/100\n|-setboost|p1a: Mewtwo|atk|6|[from] move: Belly Drum\n|\n|upkeep\n|turn|25\n|\n|t:|1667256356\n|move|p1a: Mewtwo|Extreme Speed|p2a: American Boy\n|-damage|p2a: American Boy|0 fnt\n|faint|p2a: American Boy\n|\n|upkeep\n|\n|t:|1667256364\n|switch|p2a: In the Rain|Gyarados-Mega, M|100\/100\n|turn|26\n|\n|t:|1667256368\n|move|p1a: Mewtwo|Mach Punch|p2a: In the Rain\n|-supereffective|p2a: In the Rain\n|-damage|p2a: In the Rain|0 fnt\n|faint|p2a: In the Rain\n|\n|upkeep\n|\n|t:|1667256372\n|switch|p2a: Magnificent|Xerneas|76\/100\n|turn|27\n|\n|t:|1667256376\n|move|p1a: Mewtwo|Bullet Punch|p2a: Magnificent\n|-supereffective|p2a: Magnificent\n|-damage|p2a: Magnificent|0 fnt\n|faint|p2a: Magnificent\n|\n|upkeep\n|c|\u2606MurderousMantyke|gg fam\n|-message|MurderousMantyke forfeited.\n|\n|win|A litttle kid\n|raw|A litttle kid's rating: 1339 &rarr; <strong>1370<\/strong><br \/>(+31 for winning)\n|raw|MurderousMantyke's rating: 1557 &rarr; <strong>1526<\/strong><br \/>(-31 for losing)\n","uploadtime":1667256391,"views":16,"p1id":"alitttlekid","p2id":"murderousmantyke","formatid":"gen6purehackmons","rating":1370,"private":0,"password":null}