{"id":"gen6ou-1617106125","p1":"PurpleD3mon","p2":"rooopos","format":"gen6ou","log":"|j|\u2606PurpleD3mon\n|j|\u2606rooopos\n|t:|1657804658\n|gametype|singles\n|player|p1|PurpleD3mon|169|1311\n|player|p2|rooopos|265|1322\n|teamsize|p1|6\n|teamsize|p2|6\n|gen|6\n|tier|[Gen 6] OU\n|rated|\n|rule|Sleep Clause Mod: Limit one foe put to sleep\n|rule|Species Clause: Limit one of each Pok\u00e9mon\n|rule|OHKO Clause: OHKO moves are banned\n|rule|Moody Clause: Moody is banned\n|rule|Evasion Moves Clause: Evasion moves are banned\n|rule|Endless Battle Clause: Forcing endless battles is banned\n|rule|HP Percentage Mod: HP is shown in percentages\n|rule|Swagger Clause: Swagger is banned\n|clearpoke\n|poke|p1|Absol, M|item\n|poke|p1|Landorus-Therian, M|item\n|poke|p1|Latios, M|item\n|poke|p1|Keldeo|item\n|poke|p1|Clefable, F|item\n|poke|p1|Amoonguss, F|item\n|poke|p2|Garchomp, M|item\n|poke|p2|Hippowdon, M|item\n|poke|p2|Excadrill, F|item\n|poke|p2|Slowking, M|item\n|poke|p2|Tangrowth, F|item\n|poke|p2|Weavile, F|item\n|teampreview\n|inactive|Battle timer is ON: inactive players will automatically lose when time's up. (requested by PurpleD3mon)\n|inactive|PurpleD3mon has 120 seconds left.\n|inactive|rooopos has 120 seconds left.\n|\n|t:|1657804700\n|start\n|switch|p1a: Keldeo|Keldeo|100\/100\n|switch|p2a: Hippowdon|Hippowdon, M|100\/100\n|-weather|Sandstorm|[from] ability: Sand Stream|[of] p2a: Hippowdon\n|turn|1\n|\n|t:|1657804704\n|switch|p1a: Amoonguss|Amoonguss, F|100\/100\n|switch|p2a: Slowking|Slowking, M|100\/100\n|\n|-weather|Sandstorm|[upkeep]\n|-damage|p2a: Slowking|94\/100|[from] Sandstorm\n|-damage|p1a: Amoonguss|94\/100|[from] Sandstorm\n|-heal|p2a: Slowking|100\/100|[from] item: Leftovers\n|-heal|p1a: Amoonguss|100\/100|[from] item: Black Sludge\n|upkeep\n|turn|2\n|\n|t:|1657804722\n|switch|p2a: Tangrowth|Tangrowth, F|100\/100\n|move|p1a: Amoonguss|Spore|p2a: Tangrowth\n|-immune|p2a: Tangrowth\n|\n|-weather|Sandstorm|[upkeep]\n|-damage|p2a: Tangrowth|94\/100|[from] Sandstorm\n|-damage|p1a: Amoonguss|94\/100|[from] Sandstorm\n|-heal|p1a: Amoonguss|100\/100|[from] item: Black Sludge\n|upkeep\n|turn|3\n|\n|t:|1657804730\n|switch|p2a: Garchomp|Garchomp, M|100\/100\n|move|p1a: Amoonguss|Hidden Power|p2a: Garchomp\n|-resisted|p2a: Garchomp\n|-damage|p2a: Garchomp|94\/100\n|\n|-weather|Sandstorm|[upkeep]\n|-damage|p1a: Amoonguss|94\/100|[from] Sandstorm\n|-heal|p1a: Amoonguss|100\/100|[from] item: Black Sludge\n|upkeep\n|turn|4\n|\n|t:|1657804741\n|detailschange|p2a: Garchomp|Garchomp-Mega, M\n|-mega|p2a: Garchomp|Garchomp|Garchompite\n|move|p2a: Garchomp|Earthquake|p1a: Amoonguss\n|-damage|p1a: Amoonguss|32\/100\n|move|p1a: Amoonguss|Spore|p2a: Garchomp\n|-status|p2a: Garchomp|slp|[from] move: Spore\n|\n|-weather|Sandstorm|[upkeep]\n|-damage|p1a: Amoonguss|26\/100|[from] Sandstorm\n|-heal|p1a: Amoonguss|32\/100|[from] item: Black Sludge\n|upkeep\n|turn|5\n|\n|t:|1657804757\n|switch|p1a: Latios|Latios, M|100\/100\n|cant|p2a: Garchomp|slp\n|\n|-weather|none\n|upkeep\n|turn|6\n|\n|t:|1657804761\n|switch|p2a: Slowking|Slowking, M|100\/100\n|move|p1a: Latios|Draco Meteor|p2a: Slowking\n|-damage|p2a: Slowking|36\/100\n|-unboost|p1a: Latios|spa|2\n|-damage|p1a: Latios|91\/100|[from] item: Life Orb\n|\n|-heal|p2a: Slowking|43\/100|[from] item: Leftovers\n|upkeep\n|turn|7\n|\n|t:|1657804771\n|switch|p1a: Amoonguss|Amoonguss, F|65\/100\n|switch|p2a: Hippowdon|Hippowdon, M|100\/100\n|-weather|Sandstorm|[from] ability: Sand Stream|[of] p2a: Hippowdon\n|\n|-weather|Sandstorm|[upkeep]\n|-damage|p1a: Amoonguss|59\/100|[from] Sandstorm\n|-heal|p1a: Amoonguss|65\/100|[from] item: Black Sludge\n|upkeep\n|turn|8\n|\n|t:|1657804778\n|move|p2a: Hippowdon|Stealth Rock|p1a: Amoonguss\n|-sidestart|p1: PurpleD3mon|move: Stealth Rock\n|move|p1a: Amoonguss|Giga Drain|p2a: Hippowdon\n|-supereffective|p2a: Hippowdon\n|-damage|p2a: Hippowdon|62\/100\n|-heal|p1a: Amoonguss|84\/100|[from] drain|[of] p2a: Hippowdon\n|\n|-weather|Sandstorm|[upkeep]\n|-damage|p1a: Amoonguss|78\/100|[from] Sandstorm\n|-heal|p2a: Hippowdon|68\/100|[from] item: Leftovers\n|-heal|p1a: Amoonguss|84\/100|[from] item: Black Sludge\n|upkeep\n|turn|9\n|\n|t:|1657804794\n|switch|p2a: Garchomp|Garchomp-Mega, M|94\/100 slp\n|switch|p1a: Clefable|Clefable, F|100\/100\n|\n|-weather|Sandstorm|[upkeep]\n|upkeep\n|turn|10\n|\n|t:|1657804810\n|switch|p2a: Excadrill|Excadrill, F|100\/100\n|switch|p1a: Landorus|Landorus-Therian, M|100\/100\n|-damage|p1a: Landorus|88\/100|[from] Stealth Rock\n|-ability|p1a: Landorus|Intimidate|boost\n|-unboost|p2a: Excadrill|atk|1\n|\n|-weather|Sandstorm|[upkeep]\n|-heal|p1a: Landorus|94\/100|[from] item: Leftovers\n|upkeep\n|turn|11\n|\n|t:|1657804818\n|switch|p2a: Tangrowth|Tangrowth, F|100\/100\n|move|p1a: Landorus|U-turn|p2a: Tangrowth\n|-supereffective|p2a: Tangrowth\n|-damage|p2a: Tangrowth|76\/100\n|-damage|p1a: Landorus|78\/100|[from] item: Rocky Helmet|[of] p2a: Tangrowth\n|\n|t:|1657804830\n|switch|p1a: Amoonguss|Amoonguss, F|100\/100|[from]move: U-turn\n|-damage|p1a: Amoonguss|88\/100|[from] Stealth Rock\n|\n|-weather|none\n|-heal|p1a: Amoonguss|94\/100|[from] item: Black Sludge\n|upkeep\n|turn|12\n|\n|t:|1657804836\n|switch|p2a: Hippowdon|Hippowdon, M|68\/100\n|-weather|Sandstorm|[from] ability: Sand Stream|[of] p2a: Hippowdon\n|move|p1a: Amoonguss|Hidden Power|p2a: Hippowdon\n|-damage|p2a: Hippowdon|57\/100\n|\n|-weather|Sandstorm|[upkeep]\n|-damage|p1a: Amoonguss|88\/100|[from] Sandstorm\n|-heal|p2a: Hippowdon|63\/100|[from] item: Leftovers\n|-heal|p1a: Amoonguss|94\/100|[from] item: Black Sludge\n|upkeep\n|turn|13\n|\n|t:|1657804848\n|switch|p2a: Garchomp|Garchomp-Mega, M|94\/100 slp\n|move|p1a: Amoonguss|Giga Drain|p2a: Garchomp\n|-damage|p2a: Garchomp|72\/100 slp\n|-heal|p1a: Amoonguss|100\/100|[from] drain|[of] p2a: Garchomp\n|\n|-weather|Sandstorm|[upkeep]\n|-damage|p1a: Amoonguss|94\/100|[from] Sandstorm\n|-heal|p1a: Amoonguss|100\/100|[from] item: Black Sludge\n|upkeep\n|turn|14\n|\n|t:|1657804856\n|switch|p1a: Clefable|Clefable, F|100\/100\n|-curestatus|p2a: Garchomp|slp|[msg]\n|move|p2a: Garchomp|Swords Dance|p2a: Garchomp\n|-boost|p2a: Garchomp|atk|2\n|\n|-weather|Sandstorm|[upkeep]\n|upkeep\n|turn|15\n|\n|t:|1657804861\n|move|p2a: Garchomp|Earthquake|p1a: Clefable\n|-damage|p1a: Clefable|0 fnt\n|faint|p1a: Clefable\n|\n|-weather|Sandstorm|[upkeep]\n|upkeep\n|\n|t:|1657804865\n|switch|p1a: Latios|Latios, M|91\/100\n|-damage|p1a: Latios|78\/100|[from] Stealth Rock\n|turn|16\n|\n|t:|1657804870\n|switch|p2a: Slowking|Slowking, M|76\/100\n|move|p1a: Latios|Draco Meteor|p2a: Slowking\n|-damage|p2a: Slowking|11\/100\n|-unboost|p1a: Latios|spa|2\n|-damage|p1a: Latios|68\/100|[from] item: Life Orb\n|\n|-weather|none\n|-heal|p2a: Slowking|17\/100|[from] item: Leftovers\n|upkeep\n|turn|17\n|\n|t:|1657804883\n|switch|p2a: Excadrill|Excadrill, F|100\/100\n|move|p1a: Latios|Defog|p2a: Excadrill\n|-unboost|p2a: Excadrill|evasion|1\n|-sideend|p1: PurpleD3mon|Stealth Rock|[from] move: Defog|[of] p1a: Latios\n|\n|upkeep\n|turn|18\n|\n|t:|1657804892\n|switch|p1a: Landorus|Landorus-Therian, M|78\/100\n|-ability|p1a: Landorus|Intimidate|boost\n|-unboost|p2a: Excadrill|atk|1\n|move|p2a: Excadrill|Iron Head|p1a: Landorus\n|-damage|p1a: Landorus|56\/100\n|\n|-heal|p1a: Landorus|62\/100|[from] item: Leftovers\n|upkeep\n|turn|19\n|\n|t:|1657804900\n|switch|p2a: Hippowdon|Hippowdon, M|63\/100\n|-weather|Sandstorm|[from] ability: Sand Stream|[of] p2a: Hippowdon\n|move|p1a: Landorus|U-turn|p2a: Hippowdon\n|-crit|p2a: Hippowdon\n|-damage|p2a: Hippowdon|44\/100\n|\n|t:|1657804910\n|switch|p1a: Latios|Latios, M|68\/100|[from]move: U-turn\n|\n|-weather|Sandstorm|[upkeep]\n|-damage|p1a: Latios|62\/100|[from] Sandstorm\n|-heal|p2a: Hippowdon|50\/100|[from] item: Leftovers\n|upkeep\n|turn|20\n|\n|t:|1657804915\n|switch|p2a: Slowking|Slowking, M|50\/100\n|move|p1a: Latios|Draco Meteor|p2a: Slowking\n|-crit|p2a: Slowking\n|-damage|p2a: Slowking|0 fnt\n|-unboost|p1a: Latios|spa|2\n|faint|p2a: Slowking\n|-damage|p1a: Latios|52\/100|[from] item: Life Orb\n|\n|-weather|Sandstorm|[upkeep]\n|-damage|p1a: Latios|46\/100|[from] Sandstorm\n|upkeep\n|\n|t:|1657804918\n|switch|p2a: Weavile|Weavile, F|100\/100\n|-ability|p2a: Weavile|Pressure\n|turn|21\n|\n|t:|1657804931\n|-activate|p1a: Latios|move: Pursuit\n|move|p2a: Weavile|Pursuit|p1a: Latios|[from]Pursuit\n|-supereffective|p1a: Latios\n|-damage|p1a: Latios|0 fnt\n|faint|p1a: Latios\n|-hint|A Pokemon can't switch between when it runs out of HP and when it faints\n|\n|-weather|Sandstorm|[upkeep]\n|-damage|p2a: Weavile|94\/100|[from] Sandstorm\n|upkeep\n|\n|t:|1657804939\n|switch|p1a: Keldeo|Keldeo|100\/100\n|turn|22\n|\n|t:|1657804958\n|switch|p2a: Tangrowth|Tangrowth, F|100\/100\n|move|p1a: Keldeo|Scald|p2a: Tangrowth\n|-resisted|p2a: Tangrowth\n|-crit|p2a: Tangrowth\n|-damage|p2a: Tangrowth|42\/100\n|-status|p2a: Tangrowth|brn\n|\n|-weather|Sandstorm|[upkeep]\n|-damage|p1a: Keldeo|94\/100|[from] Sandstorm\n|-damage|p2a: Tangrowth|36\/100 brn|[from] Sandstorm\n|-damage|p2a: Tangrowth|23\/100 brn|[from] brn\n|upkeep\n|turn|23\n|\n|t:|1657804979\n|move|p1a: Keldeo|Scald|p2a: Tangrowth\n|-resisted|p2a: Tangrowth\n|-damage|p2a: Tangrowth|0 fnt\n|faint|p2a: Tangrowth\n|\n|-weather|none\n|upkeep\n|\n|t:|1657804985\n|switch|p2a: Garchomp|Garchomp-Mega, M|72\/100\n|turn|24\n|\n|t:|1657805004\n|switch|p1a: Landorus|Landorus-Therian, M|62\/100\n|-ability|p1a: Landorus|Intimidate|boost\n|-unboost|p2a: Garchomp|atk|1\n|move|p2a: Garchomp|Dragon Claw|p1a: Landorus\n|-damage|p1a: Landorus|40\/100\n|\n|-heal|p1a: Landorus|46\/100|[from] item: Leftovers\n|upkeep\n|turn|25\n|\n|t:|1657805015\n|move|p2a: Garchomp|Dragon Claw|p1a: Landorus\n|-damage|p1a: Landorus|20\/100\n|move|p1a: Landorus|U-turn|p2a: Garchomp\n|-damage|p2a: Garchomp|52\/100\n|\n|t:|1657805024\n|switch|p1a: Keldeo|Keldeo|94\/100|[from]move: U-turn\n|\n|upkeep\n|turn|26\n|\n|t:|1657805031\n|switch|p2a: Hippowdon|Hippowdon, M|50\/100\n|-weather|Sandstorm|[from] ability: Sand Stream|[of] p2a: Hippowdon\n|move|p1a: Keldeo|Hydro Pump|p2a: Hippowdon\n|-supereffective|p2a: Hippowdon\n|-damage|p2a: Hippowdon|0 fnt\n|faint|p2a: Hippowdon\n|\n|-weather|Sandstorm|[upkeep]\n|-damage|p1a: Keldeo|88\/100|[from] Sandstorm\n|upkeep\n|\n|t:|1657805037\n|switch|p2a: Weavile|Weavile, F|94\/100\n|-ability|p2a: Weavile|Pressure\n|turn|27\n|\n|t:|1657805048\n|move|p2a: Weavile|Knock Off|p1a: Keldeo\n|-resisted|p1a: Keldeo\n|-damage|p1a: Keldeo|47\/100\n|-ability|p1a: Keldeo|Justified|boost\n|-boost|p1a: Keldeo|atk|1\n|-enditem|p1a: Keldeo|Choice Specs|[from] move: Knock Off|[of] p2a: Weavile\n|move|p1a: Keldeo|Hydro Pump|p2a: Weavile\n|-damage|p2a: Weavile|8\/100\n|\n|-weather|Sandstorm|[upkeep]\n|-damage|p2a: Weavile|2\/100|[from] Sandstorm\n|-damage|p1a: Keldeo|41\/100|[from] Sandstorm\n|upkeep\n|turn|28\n|\n|t:|1657805056\n|move|p2a: Weavile|Knock Off|p1a: Keldeo\n|-resisted|p1a: Keldeo\n|-damage|p1a: Keldeo|13\/100\n|-ability|p1a: Keldeo|Justified|boost\n|-boost|p1a: Keldeo|atk|1\n|move|p1a: Keldeo|Scald|p2a: Weavile\n|-damage|p2a: Weavile|0 fnt\n|faint|p2a: Weavile\n|\n|-weather|Sandstorm|[upkeep]\n|-damage|p1a: Keldeo|7\/100|[from] Sandstorm\n|upkeep\n|\n|t:|1657805068\n|switch|p2a: Excadrill|Excadrill, F|100\/100\n|turn|29\n|\n|t:|1657805074\n|switch|p1a: Landorus|Landorus-Therian, M|20\/100\n|-ability|p1a: Landorus|Intimidate|boost\n|-unboost|p2a: Excadrill|atk|1\n|move|p2a: Excadrill|Iron Head|p1a: Landorus\n|-damage|p1a: Landorus|0 fnt\n|faint|p1a: Landorus\n|\n|-weather|Sandstorm|[upkeep]\n|upkeep\n|\n|t:|1657805080\n|switch|p1a: Amoonguss|Amoonguss, F|100\/100\n|turn|30\n|\n|t:|1657805083\n|move|p2a: Excadrill|Swords Dance|p2a: Excadrill\n|-boost|p2a: Excadrill|atk|2\n|move|p1a: Amoonguss|Spore|p2a: Excadrill\n|-status|p2a: Excadrill|slp|[from] move: Spore\n|\n|-weather|none\n|upkeep\n|turn|31\n|\n|t:|1657805098\n|cant|p2a: Excadrill|slp\n|move|p1a: Amoonguss|Hidden Power|p2a: Excadrill\n|-supereffective|p2a: Excadrill\n|-damage|p2a: Excadrill|67\/100 slp\n|\n|-heal|p2a: Excadrill|73\/100 slp|[from] item: Leftovers\n|upkeep\n|turn|32\n|\n|t:|1657805106\n|cant|p2a: Excadrill|slp\n|move|p1a: Amoonguss|Hidden Power|p2a: Excadrill\n|-supereffective|p2a: Excadrill\n|-crit|p2a: Excadrill\n|-damage|p2a: Excadrill|21\/100 slp\n|\n|-heal|p2a: Excadrill|27\/100 slp|[from] item: Leftovers\n|upkeep\n|turn|33\n|\n|t:|1657805111\n|-curestatus|p2a: Excadrill|slp|[msg]\n|move|p2a: Excadrill|Earthquake|p1a: Amoonguss\n|-damage|p1a: Amoonguss|33\/100\n|move|p1a: Amoonguss|Hidden Power|p2a: Excadrill\n|-supereffective|p2a: Excadrill\n|-damage|p2a: Excadrill|0 fnt\n|faint|p2a: Excadrill\n|\n|-heal|p1a: Amoonguss|39\/100|[from] item: Black Sludge\n|upkeep\n|\n|t:|1657805117\n|switch|p2a: Garchomp|Garchomp-Mega, M|52\/100\n|turn|34\n|c|\u2606PurpleD3mon|ggwp\n|\n|t:|1657805123\n|move|p2a: Garchomp|Earthquake|p1a: Amoonguss\n|-damage|p1a: Amoonguss|0 fnt\n|faint|p1a: Amoonguss\n|\n|upkeep\n|\n|t:|1657805129\n|switch|p1a: Keldeo|Keldeo|7\/100\n|turn|35\n|\n|t:|1657805132\n|move|p1a: Keldeo|Scald|p2a: Garchomp\n|-damage|p2a: Garchomp|10\/100\n|-status|p2a: Garchomp|brn\n|move|p2a: Garchomp|Earthquake|p1a: Keldeo\n|-damage|p1a: Keldeo|0 fnt\n|faint|p1a: Keldeo\n|\n|-damage|p2a: Garchomp|0 fnt|[from] brn\n|faint|p2a: Garchomp\n|\n|win|PurpleD3mon\n|upkeep\n|raw|PurpleD3mon's rating: 1311 &rarr; <strong>1332<\/strong><br \/>(+21 for winning)\n|raw|rooopos's rating: 1322 &rarr; <strong>1301<\/strong><br \/>(-21 for losing)\n|l|\u2606rooopos\n","uploadtime":1657805152,"views":5,"p1id":"purpled3mon","p2id":"rooopos","formatid":"gen6ou","rating":1301,"private":0,"password":null}