{"id":"gen6randombattle-1706966657","p1":"Nolan1311","p2":"Naruto fan youtube","format":"gen6randombattle","log":"|j|\u2606Nolan1311\n|j|\u2606Naruto fan youtube\n|t:|1668037158\n|gametype|singles\n|player|p1|Nolan1311|1|1310\n|player|p2|Naruto fan youtube|pokekid|1396\n|teamsize|p1|6\n|teamsize|p2|6\n|gen|6\n|tier|[Gen 6] Random Battle\n|rated|\n|rule|Sleep Clause Mod: Limit one foe put to sleep\n|rule|HP Percentage Mod: HP is shown in percentages\n|rule|Mega Rayquaza Clause: You cannot mega evolve Rayquaza\n|\n|t:|1668037158\n|start\n|switch|p1a: Flygon|Flygon, L84, M|272\/272\n|switch|p2a: Darkrai|Darkrai, L76|231\/231\n|turn|1\n|inactive|Battle timer is ON: inactive players will automatically lose when time's up. (requested by Naruto fan youtube)\n|\n|t:|1668037179\n|switch|p1a: Houndoom|Houndoom, L84, M|263\/263\n|move|p2a: Darkrai|Dark Void|p1a: Houndoom\n|-status|p1a: Houndoom|slp|[from] move: Dark Void\n|\n|-damage|p1a: Houndoom|231\/263 slp|[from] ability: Bad Dreams|[of] p2a: Darkrai\n|upkeep\n|turn|2\n|\n|t:|1668037194\n|switch|p2a: Talonflame|Talonflame, L80, F|255\/255\n|switch|p1a: Sceptile|Sceptile, L86, M|261\/261\n|\n|upkeep\n|turn|3\n|\n|t:|1668037217\n|switch|p1a: Jynx|Jynx, L86, F|251\/251\n|move|p2a: Talonflame|Brave Bird|p1a: Jynx\n|-damage|p1a: Jynx|47\/251\n|-damage|p2a: Talonflame|188\/255|[from] Recoil\n|\n|upkeep\n|turn|4\n|\n|t:|1668037226\n|move|p2a: Talonflame|Brave Bird|p1a: Jynx\n|-damage|p1a: Jynx|0 fnt\n|faint|p1a: Jynx\n|-damage|p2a: Talonflame|172\/255|[from] Recoil\n|\n|upkeep\n|\n|t:|1668037238\n|switch|p1a: Flygon|Flygon, L84, M|272\/272\n|turn|5\n|\n|t:|1668037245\n|move|p2a: Talonflame|Brave Bird|p1a: Flygon\n|-damage|p1a: Flygon|128\/272\n|-damage|p2a: Talonflame|124\/255|[from] Recoil\n|move|p1a: Flygon|Outrage|p2a: Talonflame\n|-damage|p2a: Talonflame|0 fnt\n|faint|p2a: Talonflame\n|-damage|p1a: Flygon|101\/272|[from] item: Life Orb\n|\n|upkeep\n|\n|t:|1668037258\n|switch|p2a: Shedinja|Shedinja, L88|1\/1\n|turn|6\n|\n|t:|1668037261\n|move|p1a: Flygon|Outrage|p2a: Shedinja|[from]lockedmove\n|-immune|p2a: Shedinja|[from] ability: Wonder Guard\n|move|p2a: Shedinja|Will-O-Wisp|p1a: Flygon\n|-status|p1a: Flygon|brn\n|\n|-damage|p1a: Flygon|67\/272 brn|[from] brn\n|upkeep\n|turn|7\n|\n|t:|1668037270\n|move|p1a: Flygon|Fire Blast|p2a: Shedinja\n|-supereffective|p2a: Shedinja\n|-enditem|p2a: Shedinja|Focus Sash\n|-damage|p2a: Shedinja|1\/1\n|-damage|p1a: Flygon|40\/272 brn|[from] item: Life Orb\n|move|p2a: Shedinja|Swords Dance|p2a: Shedinja\n|-boost|p2a: Shedinja|atk|2\n|\n|-damage|p1a: Flygon|6\/272 brn|[from] brn\n|upkeep\n|turn|8\n|\n|t:|1668037282\n|move|p2a: Shedinja|Shadow Sneak|p1a: Flygon\n|-crit|p1a: Flygon\n|-damage|p1a: Flygon|0 fnt\n|faint|p1a: Flygon\n|\n|upkeep\n|\n|t:|1668037292\n|switch|p1a: Sceptile|Sceptile, L86, M|261\/261\n|turn|9\n|\n|t:|1668037295\n|move|p2a: Shedinja|Shadow Sneak|p1a: Sceptile\n|-damage|p1a: Sceptile|144\/261\n|move|p1a: Sceptile|Hidden Power|p2a: Shedinja\n|-supereffective|p2a: Shedinja\n|-damage|p2a: Shedinja|0 fnt\n|faint|p2a: Shedinja\n|-damage|p1a: Sceptile|118\/261|[from] item: Life Orb\n|\n|upkeep\n|\n|t:|1668037306\n|switch|p2a: Rotom|Rotom-Mow, L84|221\/221\n|turn|10\n|\n|t:|1668037314\n|move|p2a: Rotom|Hidden Power|p1a: Sceptile\n|-supereffective|p1a: Sceptile\n|-damage|p1a: Sceptile|22\/261\n|move|p1a: Sceptile|Hidden Power|p2a: Rotom\n|-supereffective|p2a: Rotom\n|-damage|p2a: Rotom|120\/221\n|-damage|p1a: Sceptile|0 fnt|[from] item: Life Orb\n|faint|p1a: Sceptile\n|\n|upkeep\n|\n|t:|1668037327\n|switch|p1a: Dragonite|Dragonite, L80, F|277\/277\n|turn|11\n|l|\u2606Nolan1311\n|inactive|Nolan1311 disconnected and has a minute to reconnect!\n|player|p1|\n|j|\u2606Nolan1311\n|inactive|Nolan1311 reconnected and has 135 seconds left.\n|player|p1|Nolan1311|1\n|\n|t:|1668037350\n|switch|p2a: Mesprit|Mesprit, L86|278\/278\n|move|p1a: Dragonite|Fire Punch|p2a: Mesprit\n|-damage|p2a: Mesprit|222\/278\n|\n|upkeep\n|turn|12\n|\n|t:|1668037358\n|switch|p1a: Houndoom|Houndoom, L84, M|231\/263 slp\n|move|p2a: Mesprit|Ice Beam|p1a: Houndoom\n|-resisted|p1a: Houndoom\n|-damage|p1a: Houndoom|178\/263 slp\n|\n|upkeep\n|turn|13\n|\n|t:|1668037371\n|switch|p2a: Rotom|Rotom-Mow, L84|120\/221\n|detailschange|p1a: Houndoom|Houndoom-Mega, L84, M\n|-mega|p1a: Houndoom|Houndoom|Houndoominite\n|cant|p1a: Houndoom|slp\n|\n|upkeep\n|turn|14\n|\n|t:|1668037384\n|move|p2a: Rotom|Thunderbolt|p1a: Houndoom\n|-damage|p1a: Houndoom|87\/263 slp\n|-curestatus|p1a: Houndoom|slp|[msg]\n|move|p1a: Houndoom|Fire Blast|p2a: Rotom\n|-supereffective|p2a: Rotom\n|-crit|p2a: Rotom\n|-damage|p2a: Rotom|0 fnt\n|faint|p2a: Rotom\n|\n|upkeep\n|\n|t:|1668037395\n|switch|p2a: Thundurus|Thundurus-Therian, L82, M|263\/263\n|turn|15\n|\n|t:|1668037416\n|move|p1a: Houndoom|Dark Pulse|p2a: Thundurus\n|-damage|p2a: Thundurus|148\/263\n|move|p2a: Thundurus|Thunderbolt|p1a: Houndoom\n|-damage|p1a: Houndoom|0 fnt\n|faint|p1a: Houndoom\n|\n|upkeep\n|\n|t:|1668037422\n|switch|p1a: Dragonite|Dragonite, L80, F|277\/277\n|turn|16\n|\n|t:|1668037426\n|move|p2a: Thundurus|Thunderbolt|p1a: Dragonite\n|-damage|p1a: Dragonite|183\/277\n|move|p1a: Dragonite|Outrage|p2a: Thundurus\n|-damage|p2a: Thundurus|0 fnt\n|faint|p2a: Thundurus\n|\n|-heal|p1a: Dragonite|200\/277|[from] item: Leftovers\n|upkeep\n|\n|t:|1668037431\n|switch|p2a: Mesprit|Mesprit, L86|222\/278\n|turn|17\n|\n|t:|1668037435\n|move|p2a: Mesprit|Ice Beam|p1a: Dragonite\n|-supereffective|p1a: Dragonite\n|-damage|p1a: Dragonite|0 fnt\n|faint|p1a: Dragonite\n|\n|upkeep\n|\n|t:|1668037440\n|switch|p1a: Ho-Oh|Ho-Oh, L76|285\/285\n|turn|18\n|\n|t:|1668037446\n|switch|p2a: Darkrai|Darkrai, L76|231\/231\n|move|p1a: Ho-Oh|Substitute|p1a: Ho-Oh\n|-start|p1a: Ho-Oh|Substitute\n|-damage|p1a: Ho-Oh|214\/285\n|\n|-heal|p1a: Ho-Oh|231\/285|[from] item: Leftovers\n|upkeep\n|turn|19\n|\n|t:|1668037453\n|move|p2a: Darkrai|Dark Pulse|p1a: Ho-Oh\n|-activate|p1a: Ho-Oh|move: Substitute|[damage]\n|move|p1a: Ho-Oh|Sacred Fire|p2a: Darkrai\n|-damage|p2a: Darkrai|104\/231\n|-status|p2a: Darkrai|brn\n|\n|-heal|p2a: Darkrai|118\/231 brn|[from] item: Leftovers\n|-heal|p1a: Ho-Oh|248\/285|[from] item: Leftovers\n|-damage|p2a: Darkrai|90\/231 brn|[from] brn\n|upkeep\n|turn|20\n|\n|t:|1668037465\n|move|p2a: Darkrai|Dark Pulse|p1a: Ho-Oh\n|-end|p1a: Ho-Oh|Substitute\n|move|p1a: Ho-Oh|Sacred Fire|p2a: Darkrai\n|-damage|p2a: Darkrai|0 fnt\n|faint|p2a: Darkrai\n|\n|-heal|p1a: Ho-Oh|265\/285|[from] item: Leftovers\n|upkeep\n|\n|t:|1668037471\n|switch|p2a: Mesprit|Mesprit, L86|222\/278\n|turn|21\n|\n|t:|1668037477\n|move|p2a: Mesprit|Psyshock|p1a: Ho-Oh\n|-damage|p1a: Ho-Oh|112\/285\n|move|p1a: Ho-Oh|Sacred Fire|p2a: Mesprit\n|-damage|p2a: Mesprit|132\/278\n|-status|p2a: Mesprit|brn\n|\n|-heal|p1a: Ho-Oh|129\/285|[from] item: Leftovers\n|-damage|p2a: Mesprit|98\/278 brn|[from] brn\n|upkeep\n|turn|22\n|\n|t:|1668037487\n|move|p2a: Mesprit|Psyshock|p1a: Ho-Oh\n|-damage|p1a: Ho-Oh|0 fnt\n|faint|p1a: Ho-Oh\n|\n|win|Naruto fan youtube\n|raw|Nolan1311's rating: 1310 &rarr; <strong>1295<\/strong><br \/>(-15 for losing)\n|raw|Naruto fan youtube's rating: 1396 &rarr; <strong>1411<\/strong><br \/>(+15 for winning)\n","inputlog":">version 453a3ad56483cc6a5c08448f6577d394b68621b7\n>start {\"formatid\":\"gen6randombattle\",\"seed\":[46557,49458,52928,8294],\"rated\":\"Rated battle\"}\n>player p1 {\"name\":\"Nolan1311\",\"avatar\":\"1\",\"rating\":1310,\"seed\":[15542,124,5992,20658]}\n>player p2 {\"name\":\"Naruto fan youtube\",\"avatar\":\"pokekid\",\"rating\":1396,\"seed\":[29862,47809,13737,54230]}\n>p1 switch 4\n>p2 move darkvoid\n>p1 switch 2\n>p2 switch 5\n>p1 switch 3\n>p2 move bravebird\n>p1 move icebeam\n>p2 move bravebird\n>p1 switch 4\n>p1 move outrage\n>p2 move bravebird\n>p2 switch 2\n>p1 move outrage\n>p2 move willowisp\n>p1 move fireblast\n>p2 move swordsdance\n>p1 move fireblast\n>p2 move shadowsneak\n>p1 switch 3\n>p1 move hiddenpower\n>p2 move shadowsneak\n>p2 switch 6\n>p1 move hiddenpower\n>p2 move hiddenpower\n>p1 switch 5\n>p1 move firepunch\n>p2 switch 3\n>p1 switch 2\n>p2 move icebeam\n>p1 move darkpulse mega\n>p2 switch 3\n>p1 move fireblast\n>p2 move thunderbolt\n>p2 switch 4\n>p1 move darkpulse\n>p2 move thunderbolt\n>p1 switch 2\n>p1 move outrage\n>p2 move thunderbolt\n>p2 switch 3\n>p1 move outrage\n>p2 move icebeam\n>p1 switch 6\n>p1 move substitute\n>p2 switch 5\n>p1 move sacredfire\n>p2 move darkpulse\n>p1 move sacredfire\n>p2 move darkpulse\n>p2 switch 5\n>p1 move sacredfire\n>p2 move psyshock\n>p1 move sacredfire\n>p2 move psyshock","uploadtime":1668037493,"views":4,"p1id":"nolan1311","p2id":"narutofanyoutube","formatid":"gen6randombattle","rating":1295,"private":0,"password":null}