{"id":"gen6ou-1634253578","p1":"Alpha1013","p2":"Sww-Suwa","format":"gen6ou","log":"|j|\u2606Alpha1013\n|j|\u2606Sww-Suwa\n|t:|1659881480\n|gametype|singles\n|player|p1|Alpha1013|clair|\n|player|p2|Sww-Suwa|lisia|\n|teamsize|p1|6\n|teamsize|p2|6\n|gen|6\n|tier|[Gen 6] OU\n|rated|Tournament battle\n|rule|Sleep Clause Mod: Limit one foe put to sleep\n|rule|Species Clause: Limit one of each Pok\u00e9mon\n|rule|OHKO Clause: OHKO moves are banned\n|rule|Moody Clause: Moody is banned\n|rule|Evasion Moves Clause: Evasion moves are banned\n|rule|Endless Battle Clause: Forcing endless battles is banned\n|rule|HP Percentage Mod: HP is shown in percentages\n|rule|Swagger Clause: Swagger is banned\n|clearpoke\n|poke|p1|Charizard, F|item\n|poke|p1|Slowbro, F|item\n|poke|p1|Weavile, F|item\n|poke|p1|Heatran, M|item\n|poke|p1|Serperior, F|item\n|poke|p1|Excadrill, M|item\n|poke|p2|Azelf|item\n|poke|p2|Pinsir, F|item\n|poke|p2|Excadrill, F|item\n|poke|p2|Talonflame, F|item\n|poke|p2|Manaphy|item\n|poke|p2|Dragonite, F|item\n|teampreview\n|inactive|Battle timer is ON: inactive players will automatically lose when time's up. (requested by Alpha1013)\n|c|\u2606Sww-Suwa|hf\n|c|\u2606Alpha1013|Hf\n|\n|t:|1659881496\n|start\n|switch|p1a: Weavile|Weavile, F|100\/100\n|switch|p2a: Azelf|Azelf|100\/100\n|-ability|p1a: Weavile|Pressure\n|turn|1\n|\n|t:|1659881513\n|move|p1a: Weavile|Knock Off|p2a: Azelf\n|-supereffective|p2a: Azelf\n|-crit|p2a: Azelf\n|-enditem|p2a: Azelf|Focus Sash\n|-damage|p2a: Azelf|1\/100\n|move|p2a: Azelf|Stealth Rock|p1a: Weavile\n|-sidestart|p1: Alpha1013|move: Stealth Rock\n|\n|upkeep\n|turn|2\n|\n|t:|1659881517\n|move|p1a: Weavile|Knock Off|p2a: Azelf\n|-supereffective|p2a: Azelf\n|-damage|p2a: Azelf|0 fnt\n|faint|p2a: Azelf\n|\n|upkeep\n|\n|t:|1659881519\n|switch|p2a: Talonflame|Talonflame, F|100\/100\n|turn|3\n|\n|t:|1659881523\n|move|p1a: Weavile|Knock Off|p2a: Talonflame\n|-damage|p2a: Talonflame|0 fnt\n|-enditem|p2a: Talonflame|Choice Band|[from] move: Knock Off|[of] p1a: Weavile\n|faint|p2a: Talonflame\n|\n|upkeep\n|c|\u2606Sww-Suwa|o\n|\n|t:|1659881529\n|switch|p2a: Excadrill|Excadrill, F|100\/100\n|-ability|p2a: Excadrill|Mold Breaker\n|turn|4\n|\n|t:|1659881532\n|move|p2a: Excadrill|Iron Head|p1a: Weavile\n|-supereffective|p1a: Weavile\n|-damage|p1a: Weavile|0 fnt\n|faint|p1a: Weavile\n|\n|upkeep\n|\n|t:|1659881539\n|switch|p1a: Excadrill|Excadrill, M|100\/100\n|-damage|p1a: Excadrill|97\/100|[from] Stealth Rock\n|-ability|p1a: Excadrill|Mold Breaker\n|turn|5\n|\n|t:|1659881544\n|switch|p2a: Manaphy|Manaphy|100\/100\n|move|p1a: Excadrill|Rapid Spin|p2a: Manaphy\n|-damage|p2a: Manaphy|95\/100\n|-sideend|p1: Alpha1013|Stealth Rock|[from] move: Rapid Spin|[of] p1a: Excadrill\n|\n|-heal|p1a: Excadrill|100\/100|[from] item: Leftovers\n|-heal|p2a: Manaphy|100\/100|[from] item: Leftovers\n|upkeep\n|turn|6\n|\n|t:|1659881550\n|move|p1a: Excadrill|Stealth Rock|p2a: Manaphy\n|-sidestart|p2: Sww-Suwa|move: Stealth Rock\n|move|p2a: Manaphy|Tail Glow|p2a: Manaphy\n|-boost|p2a: Manaphy|spa|3\n|\n|upkeep\n|turn|7\n|\n|t:|1659881553\n|move|p1a: Excadrill|Earthquake|p2a: Manaphy\n|-damage|p2a: Manaphy|54\/100\n|move|p2a: Manaphy|Surf|p1a: Excadrill\n|-supereffective|p1a: Excadrill\n|-damage|p1a: Excadrill|0 fnt\n|faint|p1a: Excadrill\n|\n|-heal|p2a: Manaphy|61\/100|[from] item: Leftovers\n|upkeep\n|\n|t:|1659881559\n|switch|p1a: Serperior|Serperior, F|100\/100\n|turn|8\n|\n|t:|1659881563\n|switch|p2a: Excadrill|Excadrill, F|100\/100\n|-damage|p2a: Excadrill|97\/100|[from] Stealth Rock\n|-ability|p2a: Excadrill|Mold Breaker\n|move|p1a: Serperior|Leaf Storm|p2a: Excadrill\n|-damage|p2a: Excadrill|38\/100\n|-boost|p1a: Serperior|spa|2\n|\n|upkeep\n|turn|9\n|\n|t:|1659881572\n|move|p2a: Excadrill|Rapid Spin|p1a: Serperior\n|-damage|p1a: Serperior|90\/100\n|-damage|p2a: Excadrill|22\/100|[from] item: Rocky Helmet|[of] p1a: Serperior\n|-sideend|p2: Sww-Suwa|Stealth Rock|[from] move: Rapid Spin|[of] p2a: Excadrill\n|move|p1a: Serperior|Glare|p2a: Excadrill\n|-status|p2a: Excadrill|par\n|\n|upkeep\n|turn|10\n|\n|t:|1659881579\n|move|p1a: Serperior|Leaf Storm|p2a: Excadrill\n|-damage|p2a: Excadrill|0 fnt\n|-boost|p1a: Serperior|spa|2\n|faint|p2a: Excadrill\n|\n|upkeep\n|\n|t:|1659881581\n|switch|p2a: Pinsir|Pinsir, F|100\/100\n|turn|11\n|\n|t:|1659881584\n|detailschange|p2a: Pinsir|Pinsir-Mega, F\n|-mega|p2a: Pinsir|Pinsir|Pinsirite\n|move|p1a: Serperior|Hidden Power|p2a: Pinsir\n|-supereffective|p2a: Pinsir\n|-damage|p2a: Pinsir|0 fnt\n|faint|p2a: Pinsir\n|\n|upkeep\n|\n|t:|1659881588\n|switch|p2a: Dragonite|Dragonite, F|100\/100\n|turn|12\n|\n|t:|1659881592\n|move|p1a: Serperior|Hidden Power|p2a: Dragonite\n|-supereffective|p2a: Dragonite\n|-damage|p2a: Dragonite|57\/100\n|-enditem|p2a: Dragonite|Weakness Policy\n|-boost|p2a: Dragonite|atk|2|[from] item: Weakness Policy\n|-boost|p2a: Dragonite|spa|2|[from] item: Weakness Policy\n|move|p2a: Dragonite|Dragon Dance|p2a: Dragonite\n|-boost|p2a: Dragonite|atk|1\n|-boost|p2a: Dragonite|spe|1\n|\n|upkeep\n|turn|13\n|\n|t:|1659881596\n|move|p2a: Dragonite|Extreme Speed|p1a: Serperior\n|-damage|p1a: Serperior|4\/100\n|-damage|p2a: Dragonite|40\/100|[from] item: Rocky Helmet|[of] p1a: Serperior\n|move|p1a: Serperior|Glare|p2a: Dragonite\n|-status|p2a: Dragonite|par\n|\n|upkeep\n|turn|14\n|\n|t:|1659881603\n|move|p2a: Dragonite|Extreme Speed|p1a: Serperior\n|-damage|p1a: Serperior|0 fnt\n|-damage|p2a: Dragonite|24\/100 par|[from] item: Rocky Helmet|[of] p1a: Serperior\n|faint|p1a: Serperior\n|\n|upkeep\n|\n|t:|1659881619\n|switch|p1a: Slowbro|Slowbro, F|100\/100\n|turn|15\n|\n|t:|1659881626\n|move|p2a: Dragonite|Outrage|p1a: Slowbro\n|-damage|p1a: Slowbro|0 fnt\n|faint|p1a: Slowbro\n|\n|upkeep\n|\n|t:|1659881631\n|switch|p1a: Charizard|Charizard, F|100\/100\n|turn|16\n|\n|t:|1659881634\n|detailschange|p1a: Charizard|Charizard-Mega-Y, F\n|-mega|p1a: Charizard|Charizard|Charizardite Y\n|-weather|SunnyDay|[from] ability: Drought|[of] p1a: Charizard\n|move|p1a: Charizard|Hidden Power|p2a: Dragonite\n|-supereffective|p2a: Dragonite\n|-damage|p2a: Dragonite|0 fnt\n|faint|p2a: Dragonite\n|\n|-weather|SunnyDay|[upkeep]\n|upkeep\n|\n|t:|1659881637\n|switch|p2a: Manaphy|Manaphy|61\/100\n|turn|17\n|\n|t:|1659881639\n|move|p1a: Charizard|Solar Beam||[still]\n|-prepare|p1a: Charizard|Solar Beam\n|-anim|p1a: Charizard|Solar Beam|p2a: Manaphy\n|-supereffective|p2a: Manaphy\n|-damage|p2a: Manaphy|0 fnt\n|faint|p2a: Manaphy\n|\n|win|Alpha1013\n|n|\u2606Alpha1013|alpha1013\n|n|\u2606Sww-Suwa|swwsuwa\n|c|\u2606Alpha1013|gg\n|c|\u2606Sww-Suwa|alr then lol\n|c|\u2606Sww-Suwa|gg\n|l|\u2606Sww-Suwa\n","uploadtime":1659881651,"views":23,"p1id":"alpha1013","p2id":"swwsuwa","formatid":"gen6ou","rating":0,"private":0,"password":null}