{"id":"gen6ou-1693446696","p1":"BTLT6 Orchid","p2":"CLOysTerdeEzNutS","format":"gen6ou","log":"|raw|<div class=\"broadcast-blue\"><strong>This battle is required to be public due to a player having a name starting with 'btlt6'.<\/div>\n|j|\u2606BTLT6 Orchid\n|j|\u2606CLOysTerdeEzNutS\n|t:|1666608050\n|gametype|singles\n|player|p1|BTLT6 Orchid|winona-gen6|1286\n|player|p2|CLOysTerdeEzNutS|fisherman-gen4|1427\n|teamsize|p1|6\n|teamsize|p2|6\n|gen|6\n|tier|[Gen 6] OU\n|rated|\n|rule|Sleep Clause Mod: Limit one foe put to sleep\n|rule|Species Clause: Limit one of each Pok\u00e9mon\n|rule|OHKO Clause: OHKO moves are banned\n|rule|Moody Clause: Moody is banned\n|rule|Evasion Items Clause: Evasion items are banned\n|rule|Evasion Moves Clause: Evasion moves are banned\n|rule|Endless Battle Clause: Forcing endless battles is banned\n|rule|HP Percentage Mod: HP is shown in percentages\n|rule|Swagger Clause: Swagger is banned\n|clearpoke\n|poke|p1|Serperior, M|item\n|poke|p1|Tornadus-Therian, M|item\n|poke|p1|Tyranitar, M|item\n|poke|p1|Lopunny, F|item\n|poke|p1|Excadrill, M|item\n|poke|p1|Slowbro, M|item\n|poke|p2|Scolipede, F|item\n|poke|p2|Sharpedo, M|item\n|poke|p2|Landorus-Therian, M|item\n|poke|p2|Serperior, M|item\n|poke|p2|Heatran, F|item\n|poke|p2|Manaphy|item\n|teampreview\n|inactive|Battle timer is ON: inactive players will automatically lose when time's up. (requested by CLOysTerdeEzNutS)\n|j| Ultimate ou\n|inactive|CLOysTerdeEzNutS has 120 seconds left.\n|inactive|CLOysTerdeEzNutS has 90 seconds left.\n|\n|t:|1666608111\n|start\n|switch|p1a: Excadrill|Excadrill, M|100\/100\n|switch|p2a: Landorus|Landorus-Therian, M|100\/100\n|-ability|p2a: Landorus|Intimidate|boost\n|-unboost|p1a: Excadrill|atk|1\n|turn|1\n|\n|t:|1666608117\n|switch|p1a: Slowbro|Slowbro, M|100\/100\n|move|p2a: Landorus|Knock Off|p1a: Slowbro\n|-supereffective|p1a: Slowbro\n|-damage|p1a: Slowbro|53\/100\n|-damage|p2a: Landorus|84\/100|[from] item: Rocky Helmet|[of] p1a: Slowbro\n|-enditem|p1a: Slowbro|Rocky Helmet|[from] move: Knock Off|[of] p2a: Landorus\n|\n|upkeep\n|turn|2\n|j| PYUKUMUKU GURU\n|\n|t:|1666608119\n|move|p2a: Landorus|Stealth Rock|p1a: Slowbro\n|-sidestart|p1: BTLT6 Orchid|move: Stealth Rock\n|move|p1a: Slowbro|Scald|p2a: Landorus\n|-supereffective|p2a: Landorus\n|-damage|p2a: Landorus|19\/100\n|\n|upkeep\n|turn|3\n|\n|t:|1666608123\n|switch|p2a: Scolipede|Scolipede, F|100\/100\n|move|p1a: Slowbro|Slack Off|p1a: Slowbro\n|-heal|p1a: Slowbro|100\/100\n|\n|upkeep\n|turn|4\n|\n|t:|1666608126\n|switch|p1a: Excadrill|Excadrill, M|100\/100\n|-damage|p1a: Excadrill|98\/100|[from] Stealth Rock\n|move|p2a: Scolipede|Spikes|p1a: Excadrill\n|-sidestart|p1: BTLT6 Orchid|Spikes\n|\n|-heal|p1a: Excadrill|100\/100|[from] item: Leftovers\n|-ability|p2a: Scolipede|Speed Boost|boost\n|-boost|p2a: Scolipede|spe|1\n|upkeep\n|turn|5\n|\n|t:|1666608128\n|move|p2a: Scolipede|Earthquake|p1a: Excadrill\n|-supereffective|p1a: Excadrill\n|-damage|p1a: Excadrill|26\/100\n|move|p1a: Excadrill|Rapid Spin|p2a: Scolipede\n|-damage|p2a: Scolipede|89\/100\n|-sideend|p1: BTLT6 Orchid|Spikes|[from] move: Rapid Spin|[of] p1a: Excadrill\n|-sideend|p1: BTLT6 Orchid|Stealth Rock|[from] move: Rapid Spin|[of] p1a: Excadrill\n|\n|-heal|p1a: Excadrill|32\/100|[from] item: Leftovers\n|-ability|p2a: Scolipede|Speed Boost|boost\n|-boost|p2a: Scolipede|spe|1\n|upkeep\n|turn|6\n|\n|t:|1666608131\n|move|p2a: Scolipede|Spikes|p1a: Excadrill\n|-sidestart|p1: BTLT6 Orchid|Spikes\n|move|p1a: Excadrill|Earthquake|p2a: Scolipede\n|-damage|p2a: Scolipede|17\/100\n|\n|-heal|p1a: Excadrill|38\/100|[from] item: Leftovers\n|-ability|p2a: Scolipede|Speed Boost|boost\n|-boost|p2a: Scolipede|spe|1\n|upkeep\n|turn|7\n|\n|t:|1666608134\n|switch|p1a: Tornadus|Tornadus-Therian, M|100\/100\n|move|p2a: Scolipede|Earthquake|p1a: Tornadus\n|-immune|p1a: Tornadus\n|\n|-ability|p2a: Scolipede|Speed Boost|boost\n|-boost|p2a: Scolipede|spe|1\n|upkeep\n|turn|8\n|\n|t:|1666608137\n|move|p2a: Scolipede|Toxic Spikes|p1a: Tornadus\n|-sidestart|p1: BTLT6 Orchid|move: Toxic Spikes\n|move|p1a: Tornadus|Knock Off|p2a: Scolipede\n|-damage|p2a: Scolipede|0 fnt\n|-enditem|p2a: Scolipede|Focus Sash|[from] move: Knock Off|[of] p1a: Tornadus\n|faint|p2a: Scolipede\n|\n|upkeep\n|\n|t:|1666608141\n|switch|p2a: Heatran|Heatran, F|100\/100\n|turn|9\n|\n|t:|1666608148\n|move|p1a: Tornadus|Knock Off|p2a: Heatran\n|-damage|p2a: Heatran|81\/100\n|-enditem|p2a: Heatran|Leftovers|[from] move: Knock Off|[of] p1a: Tornadus\n|move|p2a: Heatran|Toxic|p1a: Tornadus\n|-status|p1a: Tornadus|tox\n|\n|-damage|p1a: Tornadus|94\/100 tox|[from] psn\n|upkeep\n|turn|10\n|\n|t:|1666608151\n|move|p1a: Tornadus|U-turn|p2a: Heatran\n|-resisted|p2a: Heatran\n|-damage|p2a: Heatran|78\/100\n|\n|t:|1666608154\n|switch|p1a: Tyranitar|Tyranitar, M|100\/100|[from]move: U-turn\n|-damage|p1a: Tyranitar|88\/100|[from] Spikes\n|-status|p1a: Tyranitar|psn\n|-weather|Sandstorm|[from] ability: Sand Stream|[of] p1a: Tyranitar\n|move|p2a: Heatran|Magma Storm|p1a: Tyranitar\n|-resisted|p1a: Tyranitar\n|-damage|p1a: Tyranitar|76\/100 psn\n|-activate|p1a: Tyranitar|move: Magma Storm|[of] p2a: Heatran\n|\n|-weather|Sandstorm|[upkeep]\n|-damage|p1a: Tyranitar|63\/100 psn|[from] psn\n|-damage|p1a: Tyranitar|51\/100 psn|[from] move: Magma Storm|[partiallytrapped]\n|upkeep\n|turn|11\n|\n|t:|1666608163\n|move|p2a: Heatran|Earth Power|p1a: Tyranitar\n|-supereffective|p1a: Tyranitar\n|-damage|p1a: Tyranitar|19\/100 psn\n|move|p1a: Tyranitar|Stealth Rock|p2a: Heatran\n|-sidestart|p2: CLOysTerdeEzNutS|move: Stealth Rock\n|\n|-weather|Sandstorm|[upkeep]\n|-damage|p1a: Tyranitar|6\/100 psn|[from] psn\n|-damage|p1a: Tyranitar|0 fnt|[from] move: Magma Storm|[partiallytrapped]\n|faint|p1a: Tyranitar\n|upkeep\n|\n|t:|1666608168\n|switch|p1a: Excadrill|Excadrill, M|38\/100\n|-damage|p1a: Excadrill|26\/100|[from] Spikes\n|turn|12\n|\n|t:|1666608171\n|move|p2a: Heatran|Protect|p2a: Heatran\n|-singleturn|p2a: Heatran|Protect\n|move|p1a: Excadrill|Earthquake|p2a: Heatran\n|-activate|p2a: Heatran|move: Protect\n|\n|-weather|Sandstorm|[upkeep]\n|-heal|p1a: Excadrill|32\/100|[from] item: Leftovers\n|upkeep\n|turn|13\n|\n|t:|1666608175\n|move|p1a: Excadrill|Rapid Spin|p2a: Heatran\n|-resisted|p2a: Heatran\n|-damage|p2a: Heatran|74\/100\n|-sideend|p1: BTLT6 Orchid|Spikes|[from] move: Rapid Spin|[of] p1a: Excadrill\n|-sideend|p1: BTLT6 Orchid|Toxic Spikes|[from] move: Rapid Spin|[of] p1a: Excadrill\n|move|p2a: Heatran|Earth Power|p1a: Excadrill\n|-supereffective|p1a: Excadrill\n|-damage|p1a: Excadrill|0 fnt\n|faint|p1a: Excadrill\n|\n|-weather|Sandstorm|[upkeep]\n|upkeep\n|\n|t:|1666608178\n|switch|p1a: Lopunny|Lopunny, F|100\/100\n|turn|14\n|\n|t:|1666608181\n|detailschange|p1a: Lopunny|Lopunny-Mega, F\n|-mega|p1a: Lopunny|Lopunny|Lopunnite\n|move|p1a: Lopunny|Fake Out|p2a: Heatran\n|-resisted|p2a: Heatran\n|-damage|p2a: Heatran|62\/100\n|cant|p2a: Heatran|flinch\n|\n|-weather|none\n|upkeep\n|turn|15\n|\n|t:|1666608191\n|move|p1a: Lopunny|Frustration|p2a: Heatran\n|-resisted|p2a: Heatran\n|-damage|p2a: Heatran|33\/100\n|move|p2a: Heatran|Magma Storm|p1a: Lopunny|[miss]\n|-miss|p2a: Heatran|p1a: Lopunny\n|\n|upkeep\n|turn|16\n|\n|t:|1666608195\n|move|p2a: Heatran|Protect|p2a: Heatran\n|-singleturn|p2a: Heatran|Protect\n|move|p1a: Lopunny|High Jump Kick|p2a: Heatran\n|-activate|p2a: Heatran|move: Protect\n|-damage|p1a: Lopunny|51\/100|[from] highjumpkick\n|\n|upkeep\n|turn|17\n|\n|t:|1666608198\n|move|p2a: Heatran|Protect|p2a: Heatran\n|-singleturn|p2a: Heatran|Protect\n|move|p1a: Lopunny|High Jump Kick|p2a: Heatran\n|-activate|p2a: Heatran|move: Protect\n|-damage|p1a: Lopunny|1\/100|[from] highjumpkick\n|\n|upkeep\n|turn|18\n|c|\u2606BTLT6 Orchid|....\n|\n|t:|1666608202\n|move|p1a: Lopunny|High Jump Kick|p2a: Heatran\n|-supereffective|p2a: Heatran\n|-damage|p2a: Heatran|0 fnt\n|faint|p2a: Heatran\n|\n|upkeep\n|c|\u2606CLOysTerdeEzNutS|you dodged magma\n|\n|t:|1666608209\n|switch|p2a: Sharpedo|Sharpedo, M|100\/100\n|-damage|p2a: Sharpedo|88\/100|[from] Stealth Rock\n|turn|19\n|\n|t:|1666608219\n|switch|p1a: Serperior|Serperior, M|100\/100\n|move|p2a: Sharpedo|Crunch|p1a: Serperior\n|-damage|p1a: Serperior|53\/100\n|\n|-ability|p2a: Sharpedo|Speed Boost|boost\n|-boost|p2a: Sharpedo|spe|1\n|upkeep\n|turn|20\n|\n|t:|1666608225\n|switch|p1a: Tornadus|Tornadus-Therian, M|100\/100 tox\n|move|p2a: Sharpedo|Protect||[still]\n|-fail|p2a: Sharpedo\n|\n|-damage|p1a: Tornadus|94\/100 tox|[from] psn\n|-ability|p2a: Sharpedo|Speed Boost|boost\n|-boost|p2a: Sharpedo|spe|1\n|upkeep\n|turn|21\n|\n|t:|1666608229\n|move|p2a: Sharpedo|Protect|p2a: Sharpedo\n|-singleturn|p2a: Sharpedo|Protect\n|move|p1a: Tornadus|U-turn|p2a: Sharpedo\n|-activate|p2a: Sharpedo|move: Protect\n|\n|-damage|p1a: Tornadus|82\/100 tox|[from] psn\n|-ability|p2a: Sharpedo|Speed Boost|boost\n|-boost|p2a: Sharpedo|spe|1\n|upkeep\n|turn|22\n|\n|t:|1666608234\n|detailschange|p2a: Sharpedo|Sharpedo-Mega, M\n|-mega|p2a: Sharpedo|Sharpedo|Sharpedonite\n|move|p2a: Sharpedo|Ice Fang|p1a: Tornadus\n|-supereffective|p1a: Tornadus\n|-damage|p1a: Tornadus|0 fnt\n|-damage|p2a: Sharpedo|72\/100|[from] item: Rocky Helmet|[of] p1a: Tornadus\n|faint|p1a: Tornadus\n|\n|upkeep\n|\n|t:|1666608238\n|switch|p1a: Lopunny|Lopunny-Mega, F|1\/100\n|turn|23\n|\n|t:|1666608241\n|move|p2a: Sharpedo|Protect|p2a: Sharpedo\n|-singleturn|p2a: Sharpedo|Protect\n|move|p1a: Lopunny|Fake Out|p2a: Sharpedo\n|-activate|p2a: Sharpedo|move: Protect\n|\n|upkeep\n|turn|24\n|\n|t:|1666608251\n|switch|p1a: Slowbro|Slowbro, M|100\/100\n|move|p2a: Sharpedo|Crunch|p1a: Slowbro\n|-supereffective|p1a: Slowbro\n|-damage|p1a: Slowbro|10\/100\n|-unboost|p1a: Slowbro|def|1\n|\n|upkeep\n|turn|25\n|\n|t:|1666608263\n|move|p2a: Sharpedo|Crunch|p1a: Slowbro\n|-supereffective|p1a: Slowbro\n|-damage|p1a: Slowbro|0 fnt\n|faint|p1a: Slowbro\n|\n|upkeep\n|\n|t:|1666608265\n|switch|p1a: Lopunny|Lopunny-Mega, F|1\/100\n|turn|26\n|\n|t:|1666608267\n|move|p2a: Sharpedo|Protect|p2a: Sharpedo\n|-singleturn|p2a: Sharpedo|Protect\n|move|p1a: Lopunny|Fake Out|p2a: Sharpedo\n|-activate|p2a: Sharpedo|move: Protect\n|\n|upkeep\n|turn|27\n|\n|t:|1666608269\n|move|p1a: Lopunny|Quick Attack|p2a: Sharpedo\n|-damage|p2a: Sharpedo|32\/100\n|move|p2a: Sharpedo|Crunch|p1a: Lopunny\n|-resisted|p1a: Lopunny\n|-damage|p1a: Lopunny|0 fnt\n|faint|p1a: Lopunny\n|\n|upkeep\n|c|\u2606BTLT6 Orchid|w\/e\n|-message|BTLT6 Orchid forfeited.\n|\n|win|CLOysTerdeEzNutS\n|raw|BTLT6 Orchid's rating: 1294 &rarr; <strong>1278<\/strong><br \/>(-16 for losing)\n|raw|CLOysTerdeEzNutS's rating: 1427 &rarr; <strong>1440<\/strong><br \/>(+13 for winning)\n|l|\u2606BTLT6 Orchid\n","uploadtime":1666608278,"views":10,"p1id":"btlt6orchid","p2id":"cloysterdeeznuts","formatid":"gen6ou","rating":1278,"private":0,"password":null}