{"id":"gen6ou-1682838206","p1":"Caosnivoro","p2":"nimed beatches","format":"gen6ou","log":"|j|\u2606Caosnivoro\n|j|\u2606nimed beatches\n|t:|1665465163\n|gametype|singles\n|player|p1|Caosnivoro|harlequin|1328\n|player|p2|nimed beatches|dawn|1469\n|teamsize|p1|6\n|teamsize|p2|6\n|gen|6\n|tier|[Gen 6] OU\n|rated|\n|rule|Sleep Clause Mod: Limit one foe put to sleep\n|rule|Species Clause: Limit one of each Pok\u00e9mon\n|rule|OHKO Clause: OHKO moves are banned\n|rule|Moody Clause: Moody is banned\n|rule|Evasion Items Clause: Evasion items are banned\n|rule|Evasion Moves Clause: Evasion moves are banned\n|rule|Endless Battle Clause: Forcing endless battles is banned\n|rule|HP Percentage Mod: HP is shown in percentages\n|rule|Swagger Clause: Swagger is banned\n|clearpoke\n|poke|p1|Skarmory, M|item\n|poke|p1|Chansey, F|item\n|poke|p1|Gengar, M|item\n|poke|p1|Tyranitar, F|item\n|poke|p1|Excadrill, F|item\n|poke|p1|Manectric, M|item\n|poke|p2|Lopunny, M|item\n|poke|p2|Cofagrigus, M|item\n|poke|p2|Weavile, M|item\n|poke|p2|Seismitoad, M|item\n|poke|p2|Excadrill, M|item\n|poke|p2|Thundurus-Therian, M|item\n|teampreview\n|inactive|Battle timer is ON: inactive players will automatically lose when time's up. (requested by Caosnivoro)\n|\n|t:|1665465225\n|start\n|switch|p1a: Chansey|Chansey, F|100\/100\n|switch|p2a: Seismitoad|Seismitoad, M, shiny|100\/100\n|turn|1\n|\n|t:|1665465233\n|switch|p2a: Excadrill|Excadrill, M, shiny|100\/100\n|-ability|p2a: Excadrill|Mold Breaker\n|move|p1a: Chansey|Stealth Rock|p2a: Excadrill\n|-sidestart|p2: nimed beatches|move: Stealth Rock\n|\n|upkeep\n|turn|2\n|\n|t:|1665465241\n|switch|p1a: Gengar|Gengar, M|100\/100\n|move|p2a: Excadrill|Earthquake|p1a: Gengar\n|-supereffective|p1a: Gengar\n|-damage|p1a: Gengar|0 fnt\n|faint|p1a: Gengar\n|\n|upkeep\n|\n|t:|1665465268\n|switch|p1a: Manectric|Manectric, M|100\/100\n|turn|3\n|\n|t:|1665465278\n|switch|p2a: Seismitoad|Seismitoad, M, shiny|100\/100\n|-damage|p2a: Seismitoad|94\/100|[from] Stealth Rock\n|detailschange|p1a: Manectric|Manectric-Mega, M\n|-mega|p1a: Manectric|Manectric|Manectite\n|-ability|p1a: Manectric|Intimidate|boost\n|-unboost|p2a: Seismitoad|atk|1\n|move|p1a: Manectric|Flamethrower|p2a: Seismitoad\n|-resisted|p2a: Seismitoad\n|-damage|p2a: Seismitoad|77\/100\n|\n|-heal|p2a: Seismitoad|83\/100|[from] item: Leftovers\n|upkeep\n|turn|4\n|\n|t:|1665465296\n|switch|p1a: Chansey|Chansey, F|100\/100\n|move|p2a: Seismitoad|Stealth Rock|p1a: Chansey\n|-sidestart|p1: Caosnivoro|move: Stealth Rock\n|\n|-heal|p2a: Seismitoad|89\/100|[from] item: Leftovers\n|upkeep\n|turn|5\n|inactive|nimed beatches has 120 seconds left.\n|\n|t:|1665465332\n|move|p2a: Seismitoad|Protect|p2a: Seismitoad\n|-singleturn|p2a: Seismitoad|Protect\n|move|p1a: Chansey|Seismic Toss|p2a: Seismitoad\n|-activate|p2a: Seismitoad|move: Protect\n|\n|-heal|p2a: Seismitoad|95\/100|[from] item: Leftovers\n|upkeep\n|turn|6\n|inactive|nimed beatches has 120 seconds left.\n|\n|t:|1665465341\n|switch|p2a: Excadrill|Excadrill, M, shiny|100\/100\n|-damage|p2a: Excadrill|97\/100|[from] Stealth Rock\n|-ability|p2a: Excadrill|Mold Breaker\n|move|p1a: Chansey|Thunder Wave|p2a: Excadrill\n|-immune|p2a: Excadrill\n|\n|-heal|p2a: Excadrill|100\/100|[from] item: Leftovers\n|upkeep\n|turn|7\n|\n|t:|1665465352\n|switch|p1a: Skarmory|Skarmory, M|100\/100\n|-damage|p1a: Skarmory|88\/100|[from] Stealth Rock\n|move|p2a: Excadrill|Rapid Spin|p1a: Skarmory\n|-resisted|p1a: Skarmory\n|-damage|p1a: Skarmory|86\/100\n|-damage|p2a: Excadrill|84\/100|[from] item: Rocky Helmet|[of] p1a: Skarmory\n|-sideend|p2: nimed beatches|Stealth Rock|[from] move: Rapid Spin|[of] p2a: Excadrill\n|\n|-heal|p2a: Excadrill|90\/100|[from] item: Leftovers\n|upkeep\n|turn|8\n|\n|t:|1665465364\n|switch|p2a: Cofagrigus|Cofagrigus, M, shiny|100\/100\n|move|p1a: Skarmory|Spikes|p2a: Cofagrigus\n|-sidestart|p2: nimed beatches|Spikes\n|\n|upkeep\n|turn|9\n|\n|t:|1665465372\n|move|p1a: Skarmory|Toxic|p2a: Cofagrigus\n|-status|p2a: Cofagrigus|tox\n|move|p2a: Cofagrigus|Toxic Spikes|p1a: Skarmory\n|-sidestart|p1: Caosnivoro|move: Toxic Spikes\n|\n|-damage|p2a: Cofagrigus|94\/100 tox|[from] psn\n|upkeep\n|turn|10\n|\n|t:|1665465381\n|move|p1a: Skarmory|Spikes|p2a: Cofagrigus\n|-sidestart|p2: nimed beatches|Spikes\n|move|p2a: Cofagrigus|Will-O-Wisp|p1a: Skarmory\n|-status|p1a: Skarmory|brn\n|\n|-heal|p2a: Cofagrigus|100\/100 tox|[from] item: Leftovers\n|-damage|p2a: Cofagrigus|88\/100 tox|[from] psn\n|-damage|p1a: Skarmory|74\/100 brn|[from] brn\n|upkeep\n|turn|11\n|\n|t:|1665465397\n|switch|p2a: Excadrill|Excadrill, M, shiny|90\/100\n|-damage|p2a: Excadrill|74\/100|[from] Spikes\n|-ability|p2a: Excadrill|Mold Breaker\n|move|p1a: Skarmory|Whirlwind|p2a: Excadrill\n|drag|p2a: Weavile|Weavile, M, shiny|100\/100\n|-damage|p2a: Weavile|84\/100|[from] Spikes\n|-ability|p2a: Weavile|Pressure\n|\n|-damage|p1a: Skarmory|62\/100 brn|[from] brn\n|upkeep\n|turn|12\n|\n|t:|1665465411\n|move|p2a: Weavile|Icicle Crash|p1a: Skarmory\n|-damage|p1a: Skarmory|26\/100 brn\n|move|p1a: Skarmory|Roost|p1a: Skarmory\n|-heal|p1a: Skarmory|76\/100 brn\n|-singleturn|p1a: Skarmory|move: Roost\n|\n|-damage|p1a: Skarmory|63\/100 brn|[from] brn\n|upkeep\n|turn|13\n|\n|t:|1665465422\n|switch|p1a: Tyranitar|Tyranitar, F|100\/100\n|-damage|p1a: Tyranitar|88\/100|[from] Stealth Rock\n|-status|p1a: Tyranitar|psn\n|-weather|Sandstorm|[from] ability: Sand Stream|[of] p1a: Tyranitar\n|move|p2a: Weavile|Icicle Crash|p1a: Tyranitar\n|-damage|p1a: Tyranitar|43\/100 psn\n|\n|-weather|Sandstorm|[upkeep]\n|-damage|p2a: Weavile|78\/100|[from] Sandstorm\n|-heal|p1a: Tyranitar|49\/100 psn|[from] item: Leftovers\n|-damage|p1a: Tyranitar|37\/100 psn|[from] psn\n|upkeep\n|turn|14\n|\n|t:|1665465437\n|move|p2a: Weavile|Icicle Crash|p1a: Tyranitar\n|-damage|p1a: Tyranitar|0 fnt\n|faint|p1a: Tyranitar\n|\n|-weather|Sandstorm|[upkeep]\n|-damage|p2a: Weavile|72\/100|[from] Sandstorm\n|upkeep\n|\n|t:|1665465445\n|switch|p1a: Excadrill|Excadrill, F|100\/100\n|-damage|p1a: Excadrill|97\/100|[from] Stealth Rock\n|turn|15\n|\n|t:|1665465459\n|switch|p2a: Thundurus|Thundurus-Therian, M, shiny|100\/100\n|move|p1a: Excadrill|Earthquake|p2a: Thundurus\n|-immune|p2a: Thundurus\n|\n|-weather|Sandstorm|[upkeep]\n|-damage|p2a: Thundurus|94\/100|[from] Sandstorm\n|-heal|p2a: Thundurus|100\/100|[from] item: Leftovers\n|upkeep\n|turn|16\n|\n|t:|1665465469\n|switch|p2a: Cofagrigus|Cofagrigus, M, shiny|88\/100 tox\n|-damage|p2a: Cofagrigus|71\/100 tox|[from] Spikes\n|move|p1a: Excadrill|Rapid Spin|p2a: Cofagrigus\n|-immune|p2a: Cofagrigus\n|\n|-weather|Sandstorm|[upkeep]\n|-damage|p2a: Cofagrigus|65\/100 tox|[from] Sandstorm\n|-heal|p2a: Cofagrigus|71\/100 tox|[from] item: Leftovers\n|-damage|p2a: Cofagrigus|65\/100 tox|[from] psn\n|upkeep\n|turn|17\n|\n|t:|1665465481\n|move|p1a: Excadrill|Earthquake|p2a: Cofagrigus\n|-damage|p2a: Cofagrigus|31\/100 tox\n|move|p2a: Cofagrigus|Will-O-Wisp|p1a: Excadrill\n|-status|p1a: Excadrill|brn\n|\n|-weather|none\n|-heal|p2a: Cofagrigus|37\/100 tox|[from] item: Leftovers\n|-damage|p2a: Cofagrigus|25\/100 tox|[from] psn\n|-damage|p1a: Excadrill|85\/100 brn|[from] brn\n|upkeep\n|turn|18\n|\n|t:|1665465493\n|move|p1a: Excadrill|Rapid Spin|p2a: Cofagrigus\n|-immune|p2a: Cofagrigus\n|move|p2a: Cofagrigus|Pain Split|p1a: Excadrill\n|-sethp|p1a: Excadrill|53\/100 brn|[from] move: Pain Split|[silent]\n|-sethp|p2a: Cofagrigus|60\/100 tox|[from] move: Pain Split\n|\n|-heal|p2a: Cofagrigus|66\/100 tox|[from] item: Leftovers\n|-damage|p2a: Cofagrigus|48\/100 tox|[from] psn\n|-damage|p1a: Excadrill|41\/100 brn|[from] brn\n|upkeep\n|turn|19\n|\n|t:|1665465505\n|move|p1a: Excadrill|Iron Head|p2a: Cofagrigus\n|-damage|p2a: Cofagrigus|33\/100 tox\n|-activate|p2a: Cofagrigus|ability: Mummy|Sand Rush|[of] p1a: Excadrill\n|move|p2a: Cofagrigus|Hex|p1a: Excadrill\n|-damage|p1a: Excadrill|0 fnt\n|faint|p1a: Excadrill\n|\n|-heal|p2a: Cofagrigus|39\/100 tox|[from] item: Leftovers\n|-damage|p2a: Cofagrigus|14\/100 tox|[from] psn\n|upkeep\n|\n|t:|1665465522\n|switch|p1a: Manectric|Manectric-Mega, M|100\/100\n|-damage|p1a: Manectric|88\/100|[from] Stealth Rock\n|-status|p1a: Manectric|psn\n|-ability|p1a: Manectric|Intimidate|boost\n|-unboost|p2a: Cofagrigus|atk|1\n|turn|20\n|\n|t:|1665465529\n|switch|p2a: Seismitoad|Seismitoad, M, shiny|95\/100\n|-damage|p2a: Seismitoad|79\/100|[from] Spikes\n|move|p1a: Manectric|Hidden Power|p2a: Seismitoad\n|-damage|p2a: Seismitoad|57\/100\n|\n|-heal|p2a: Seismitoad|63\/100|[from] item: Leftovers\n|-damage|p1a: Manectric|76\/100 psn|[from] psn\n|upkeep\n|turn|21\n|\n|t:|1665465540\n|switch|p1a: Chansey|Chansey, F|100\/100\n|-damage|p1a: Chansey|88\/100|[from] Stealth Rock\n|-status|p1a: Chansey|psn\n|move|p2a: Seismitoad|Scald|p1a: Chansey\n|-damage|p1a: Chansey|82\/100 psn\n|\n|-heal|p2a: Seismitoad|69\/100|[from] item: Leftovers\n|-damage|p1a: Chansey|70\/100 psn|[from] psn\n|upkeep\n|turn|22\n|\n|t:|1665465554\n|switch|p2a: Excadrill|Excadrill, M, shiny|74\/100\n|-damage|p2a: Excadrill|57\/100|[from] Spikes\n|-ability|p2a: Excadrill|Mold Breaker\n|move|p1a: Chansey|Seismic Toss|p2a: Excadrill\n|-damage|p2a: Excadrill|30\/100\n|\n|-heal|p2a: Excadrill|36\/100|[from] item: Leftovers\n|-damage|p1a: Chansey|57\/100 psn|[from] psn\n|upkeep\n|turn|23\n|\n|t:|1665465566\n|-curestatus|p1a: Chansey|psn|[from] ability: Natural Cure\n|switch|p1a: Skarmory|Skarmory, M|63\/100 brn\n|-damage|p1a: Skarmory|51\/100 brn|[from] Stealth Rock\n|move|p2a: Excadrill|Rapid Spin|p1a: Skarmory\n|-resisted|p1a: Skarmory\n|-damage|p1a: Skarmory|49\/100 brn\n|-damage|p2a: Excadrill|19\/100|[from] item: Rocky Helmet|[of] p1a: Skarmory\n|-sideend|p2: nimed beatches|Spikes|[from] move: Rapid Spin|[of] p2a: Excadrill\n|\n|-heal|p2a: Excadrill|25\/100|[from] item: Leftovers\n|-damage|p1a: Skarmory|37\/100 brn|[from] brn\n|upkeep\n|turn|24\n|\n|t:|1665465579\n|switch|p2a: Thundurus|Thundurus-Therian, M, shiny|100\/100\n|move|p1a: Skarmory|Roost|p1a: Skarmory\n|-heal|p1a: Skarmory|87\/100 brn\n|-singleturn|p1a: Skarmory|move: Roost\n|\n|-damage|p1a: Skarmory|75\/100 brn|[from] brn\n|upkeep\n|turn|25\n|\n|t:|1665465589\n|move|p2a: Thundurus|Thunderbolt|p1a: Skarmory\n|-supereffective|p1a: Skarmory\n|-damage|p1a: Skarmory|0 fnt\n|faint|p1a: Skarmory\n|\n|upkeep\n|-message|Caosnivoro forfeited.\n|\n|win|nimed beatches\n|raw|Caosnivoro's rating: 1328 &rarr; <strong>1316<\/strong><br \/>(-12 for losing)\n|raw|nimed beatches's rating: 1469 &rarr; <strong>1481<\/strong><br \/>(+12 for winning)\n|l|\u2606Caosnivoro\n","uploadtime":1665465599,"views":17,"p1id":"caosnivoro","p2id":"nimedbeatches","formatid":"gen6ou","rating":1316,"private":0,"password":null}