{"id":"gen6ou-1633714961","p1":"Awesome Person III","p2":"Daevank5","format":"gen6ou","log":"|j|\u2606Awesome Person III\n|j|\u2606Daevank5\n|inactive|Battle timer is ON: inactive players will automatically lose when time's up.\n|t:|1659811440\n|gametype|singles\n|player|p1|Awesome Person III|flannery|\n|player|p2|Daevank5|102|\n|teamsize|p1|6\n|teamsize|p2|6\n|gen|6\n|tier|[Gen 6] OU\n|rated|Tournament battle\n|rule|Sleep Clause Mod: Limit one foe put to sleep\n|rule|Species Clause: Limit one of each Pok\u00e9mon\n|rule|OHKO Clause: OHKO moves are banned\n|rule|Moody Clause: Moody is banned\n|rule|Evasion Moves Clause: Evasion moves are banned\n|rule|Endless Battle Clause: Forcing endless battles is banned\n|rule|HP Percentage Mod: HP is shown in percentages\n|rule|Swagger Clause: Swagger is banned\n|clearpoke\n|poke|p1|Quagsire, M|item\n|poke|p1|Alomomola, F|item\n|poke|p1|Aggron, M|item\n|poke|p1|Blissey, F|item\n|poke|p1|Mandibuzz, F|item\n|poke|p1|Moltres|item\n|poke|p2|Metagross|item\n|poke|p2|Magnezone|item\n|poke|p2|Alomomola, F|item\n|poke|p2|Ferrothorn, F|item\n|poke|p2|Landorus-Therian, M|item\n|poke|p2|Latios, M|item\n|teampreview\n|inactive|Awesome Person III also wants the timer to be on.\n|j| Juni01\n|l| Juni01\n|j| BanetteBandit69\n|\n|t:|1659811467\n|start\n|switch|p1a: Quagsire|Quagsire, M|100\/100\n|switch|p2a: Landorus|Landorus-Therian, M|100\/100\n|-ability|p2a: Landorus|Intimidate|boost\n|-unboost|p1a: Quagsire|atk|1\n|turn|1\n|j| Dragonowl678\n|j| purple13\n|c|\u2606Daevank5|*joins* *instantly leaves*\n|\n|t:|1659811474\n|move|p2a: Landorus|U-turn|p1a: Quagsire\n|-crit|p1a: Quagsire\n|-damage|p1a: Quagsire|73\/100\n|\n|t:|1659811476\n|switch|p2a: Ferrothorn|Ferrothorn, F|100\/100|[from]move: U-turn\n|move|p1a: Quagsire|Scald|p2a: Ferrothorn\n|-resisted|p2a: Ferrothorn\n|-damage|p2a: Ferrothorn|94\/100\n|-status|p2a: Ferrothorn|brn\n|\n|-heal|p1a: Quagsire|79\/100|[from] item: Leftovers\n|-heal|p2a: Ferrothorn|99\/100 brn|[from] item: Leftovers\n|-damage|p2a: Ferrothorn|88\/100 brn|[from] brn\n|upkeep\n|turn|2\n|c| BanetteBandit69|bro\n|\n|t:|1659811484\n|switch|p1a: Aggron|Aggron, M|100\/100\n|move|p2a: Ferrothorn|Leech Seed|p1a: Aggron\n|-start|p1a: Aggron|move: Leech Seed\n|\n|-heal|p2a: Ferrothorn|94\/100 brn|[from] item: Leftovers\n|-damage|p1a: Aggron|88\/100|[from] Leech Seed|[of] p2a: Ferrothorn\n|-heal|p2a: Ferrothorn|100\/100 brn|[silent]\n|-damage|p2a: Ferrothorn|88\/100 brn|[from] brn\n|upkeep\n|turn|3\n|\n|t:|1659811488\n|switch|p2a: Alomomola|Alomomola, F|100\/100\n|detailschange|p1a: Aggron|Aggron-Mega, M\n|-mega|p1a: Aggron|Aggron|Aggronite\n|move|p1a: Aggron|Stealth Rock|p2a: Alomomola\n|-sidestart|p2: Daevank5|move: Stealth Rock\n|\n|-damage|p1a: Aggron|76\/100|[from] Leech Seed|[of] p2a: Alomomola\n|upkeep\n|turn|4\n|\n|t:|1659811492\n|switch|p2a: Ferrothorn|Ferrothorn, F|88\/100 brn\n|-damage|p2a: Ferrothorn|82\/100 brn|[from] Stealth Rock\n|switch|p1a: Blissey|Blissey, F|100\/100\n|\n|-heal|p2a: Ferrothorn|88\/100 brn|[from] item: Leftovers\n|-damage|p2a: Ferrothorn|75\/100 brn|[from] brn\n|upkeep\n|turn|5\n|\n|t:|1659811494\n|switch|p1a: Moltres|Moltres|100\/100\n|-ability|p1a: Moltres|Pressure\n|move|p2a: Ferrothorn|Leech Seed|p1a: Moltres\n|-start|p1a: Moltres|move: Leech Seed\n|\n|-heal|p2a: Ferrothorn|82\/100 brn|[from] item: Leftovers\n|-damage|p1a: Moltres|88\/100|[from] Leech Seed|[of] p2a: Ferrothorn\n|-heal|p2a: Ferrothorn|95\/100 brn|[silent]\n|-damage|p2a: Ferrothorn|82\/100 brn|[from] brn\n|upkeep\n|turn|6\n|j| TheNewBrends11\n|\n|t:|1659811499\n|switch|p1a: Alomomola|Alomomola, F|100\/100\n|switch|p2a: Alomomola|Alomomola, F|100\/100\n|-damage|p2a: Alomomola|88\/100|[from] Stealth Rock\n|\n|-heal|p2a: Alomomola|94\/100|[from] item: Leftovers\n|upkeep\n|turn|7\n|\n|t:|1659811503\n|switch|p2a: Ferrothorn|Ferrothorn, F|82\/100 brn\n|-damage|p2a: Ferrothorn|76\/100 brn|[from] Stealth Rock\n|move|p1a: Alomomola|Toxic||[still]\n|-fail|p1a: Alomomola\n|\n|-heal|p2a: Ferrothorn|82\/100 brn|[from] item: Leftovers\n|-damage|p2a: Ferrothorn|70\/100 brn|[from] brn\n|upkeep\n|turn|8\n|\n|t:|1659811505\n|move|p1a: Alomomola|Knock Off|p2a: Ferrothorn\n|-damage|p2a: Ferrothorn|57\/100 brn\n|-damage|p1a: Alomomola|88\/100|[from] ability: Iron Barbs|[of] p2a: Ferrothorn\n|-enditem|p2a: Ferrothorn|Leftovers|[from] move: Knock Off|[of] p1a: Alomomola\n|move|p2a: Ferrothorn|Stealth Rock|p1a: Alomomola\n|-sidestart|p1: Awesome Person III|move: Stealth Rock\n|\n|-heal|p1a: Alomomola|94\/100|[from] item: Leftovers\n|-damage|p2a: Ferrothorn|45\/100 brn|[from] brn\n|upkeep\n|turn|9\n|\n|t:|1659811510\n|move|p1a: Alomomola|Wish|p1a: Alomomola\n|move|p2a: Ferrothorn|Leech Seed|p1a: Alomomola\n|-start|p1a: Alomomola|move: Leech Seed\n|\n|-heal|p1a: Alomomola|100\/100|[from] item: Leftovers\n|-damage|p1a: Alomomola|88\/100|[from] Leech Seed|[of] p2a: Ferrothorn\n|-heal|p2a: Ferrothorn|63\/100 brn|[silent]\n|-damage|p2a: Ferrothorn|51\/100 brn|[from] brn\n|upkeep\n|turn|10\n|\n|t:|1659811514\n|switch|p1a: Mandibuzz|Mandibuzz, F|100\/100\n|-damage|p1a: Mandibuzz|76\/100|[from] Stealth Rock\n|move|p2a: Ferrothorn|Leech Seed|p1a: Mandibuzz\n|-start|p1a: Mandibuzz|move: Leech Seed\n|\n|-heal|p1a: Mandibuzz|100\/100|[from] move: Wish|[wisher] Alomomola\n|-damage|p1a: Mandibuzz|88\/100|[from] Leech Seed|[of] p2a: Ferrothorn\n|-heal|p2a: Ferrothorn|66\/100 brn|[silent]\n|-damage|p2a: Ferrothorn|53\/100 brn|[from] brn\n|upkeep\n|turn|11\n|\n|t:|1659811522\n|move|p1a: Mandibuzz|Defog|p2a: Ferrothorn\n|-unboost|p2a: Ferrothorn|evasion|1\n|-sideend|p2: Daevank5|Stealth Rock|[from] move: Defog|[of] p1a: Mandibuzz\n|-sideend|p1: Awesome Person III|Stealth Rock|[from] move: Defog|[of] p1a: Mandibuzz\n|move|p2a: Ferrothorn|Spikes|p1a: Mandibuzz\n|-sidestart|p1: Awesome Person III|Spikes\n|\n|-heal|p1a: Mandibuzz|94\/100|[from] item: Leftovers\n|-damage|p1a: Mandibuzz|82\/100|[from] Leech Seed|[of] p2a: Ferrothorn\n|-heal|p2a: Ferrothorn|68\/100 brn|[silent]\n|-damage|p2a: Ferrothorn|55\/100 brn|[from] brn\n|upkeep\n|turn|12\n|\n|t:|1659811529\n|switch|p1a: Moltres|Moltres|88\/100\n|-ability|p1a: Moltres|Pressure\n|move|p2a: Ferrothorn|Leech Seed|p1a: Moltres\n|-start|p1a: Moltres|move: Leech Seed\n|\n|-heal|p1a: Moltres|94\/100|[from] item: Leftovers\n|-damage|p1a: Moltres|82\/100|[from] Leech Seed|[of] p2a: Ferrothorn\n|-heal|p2a: Ferrothorn|68\/100 brn|[silent]\n|-damage|p2a: Ferrothorn|56\/100 brn|[from] brn\n|upkeep\n|turn|13\n|\n|t:|1659811536\n|switch|p2a: Landorus|Landorus-Therian, M|100\/100\n|-ability|p2a: Landorus|Intimidate|boost\n|-unboost|p1a: Moltres|atk|1\n|move|p1a: Moltres|Defog|p2a: Landorus\n|-unboost|p2a: Landorus|evasion|1\n|-sideend|p1: Awesome Person III|Spikes|[from] move: Defog|[of] p1a: Moltres\n|\n|-heal|p1a: Moltres|88\/100|[from] item: Leftovers\n|-damage|p1a: Moltres|76\/100|[from] Leech Seed|[of] p2a: Landorus\n|upkeep\n|turn|14\n|\n|t:|1659811545\n|switch|p1a: Quagsire|Quagsire, M|79\/100\n|move|p2a: Landorus|Knock Off|p1a: Quagsire\n|-damage|p1a: Quagsire|53\/100\n|-enditem|p1a: Quagsire|Leftovers|[from] move: Knock Off|[of] p2a: Landorus\n|\n|upkeep\n|turn|15\n|\n|t:|1659811548\n|switch|p2a: Alomomola|Alomomola, F|100\/100\n|move|p1a: Quagsire|Recover|p1a: Quagsire\n|-heal|p1a: Quagsire|100\/100\n|\n|upkeep\n|turn|16\n|\n|t:|1659811552\n|switch|p2a: Ferrothorn|Ferrothorn, F|56\/100 brn\n|switch|p1a: Alomomola|Alomomola, F|100\/100\n|\n|-damage|p2a: Ferrothorn|43\/100 brn|[from] brn\n|upkeep\n|turn|17\n|\n|t:|1659811578\n|switch|p1a: Moltres|Moltres|76\/100\n|-ability|p1a: Moltres|Pressure\n|switch|p2a: Magnezone|Magnezone|100\/100\n|\n|-heal|p1a: Moltres|82\/100|[from] item: Leftovers\n|upkeep\n|turn|18\n|inactive|Daevank5 has 120 seconds left.\n|\n|t:|1659811601\n|switch|p2a: Alomomola|Alomomola, F|100\/100\n|switch|p1a: Quagsire|Quagsire, M|100\/100\n|\n|upkeep\n|turn|19\n|j| Bluey5413\n|inactive|Daevank5 has 120 seconds left.\n|\n|t:|1659811609\n|switch|p1a: Aggron|Aggron-Mega, M|76\/100\n|move|p2a: Alomomola|Wish|p2a: Alomomola\n|\n|upkeep\n|turn|20\n|\n|t:|1659811616\n|switch|p2a: Ferrothorn|Ferrothorn, F|43\/100 brn\n|move|p1a: Aggron|Stealth Rock|p2a: Ferrothorn\n|-sidestart|p2: Daevank5|move: Stealth Rock\n|\n|-heal|p2a: Ferrothorn|100\/100 brn|[from] move: Wish|[wisher] Alomomola\n|-damage|p2a: Ferrothorn|88\/100 brn|[from] brn\n|upkeep\n|turn|21\n|c| Bluey5413|I love maggron stall\n|\n|t:|1659811619\n|switch|p1a: Moltres|Moltres|82\/100\n|-ability|p1a: Moltres|Pressure\n|move|p2a: Ferrothorn|Stealth Rock|p1a: Moltres\n|-sidestart|p1: Awesome Person III|move: Stealth Rock\n|\n|-heal|p1a: Moltres|88\/100|[from] item: Leftovers\n|-damage|p2a: Ferrothorn|75\/100 brn|[from] brn\n|upkeep\n|turn|22\n|\n|t:|1659811625\n|switch|p2a: Latios|Latios, M|100\/100\n|-damage|p2a: Latios|88\/100|[from] Stealth Rock\n|move|p1a: Moltres|Substitute|p1a: Moltres\n|-start|p1a: Moltres|Substitute\n|-damage|p1a: Moltres|63\/100\n|\n|-heal|p1a: Moltres|69\/100|[from] item: Leftovers\n|upkeep\n|turn|23\n|\n|t:|1659811632\n|move|p2a: Latios|Psyshock|p1a: Moltres\n|-end|p1a: Moltres|Substitute\n|-damage|p2a: Latios|78\/100|[from] item: Life Orb\n|move|p1a: Moltres|Defog|p2a: Latios\n|-unboost|p2a: Latios|evasion|1\n|-sideend|p2: Daevank5|Stealth Rock|[from] move: Defog|[of] p1a: Moltres\n|-sideend|p1: Awesome Person III|Stealth Rock|[from] move: Defog|[of] p1a: Moltres\n|\n|-heal|p1a: Moltres|76\/100|[from] item: Leftovers\n|upkeep\n|turn|24\n|\n|t:|1659811657\n|switch|p2a: Landorus|Landorus-Therian, M|100\/100\n|-ability|p2a: Landorus|Intimidate|boost\n|-unboost|p1a: Moltres|atk|1\n|switch|p1a: Aggron|Aggron-Mega, M|76\/100\n|\n|upkeep\n|turn|25\n|l| Bluey5413\n|\n|t:|1659811669\n|switch|p1a: Quagsire|Quagsire, M|100\/100\n|move|p2a: Landorus|U-turn|p1a: Quagsire\n|-damage|p1a: Quagsire|83\/100\n|\n|t:|1659811677\n|switch|p2a: Ferrothorn|Ferrothorn, F|75\/100 brn|[from]move: U-turn\n|\n|-damage|p2a: Ferrothorn|63\/100 brn|[from] brn\n|upkeep\n|turn|26\n|\n|t:|1659811683\n|switch|p1a: Moltres|Moltres|76\/100\n|-ability|p1a: Moltres|Pressure\n|move|p2a: Ferrothorn|Stealth Rock|p1a: Moltres\n|-sidestart|p1: Awesome Person III|move: Stealth Rock\n|\n|-heal|p1a: Moltres|82\/100|[from] item: Leftovers\n|-damage|p2a: Ferrothorn|50\/100 brn|[from] brn\n|upkeep\n|turn|27\n|\n|t:|1659811687\n|switch|p2a: Magnezone|Magnezone|100\/100\n|move|p1a: Moltres|Defog|p2a: Magnezone\n|-unboost|p2a: Magnezone|evasion|1\n|-sideend|p1: Awesome Person III|Stealth Rock|[from] move: Defog|[of] p1a: Moltres\n|\n|-heal|p1a: Moltres|88\/100|[from] item: Leftovers\n|upkeep\n|turn|28\n|\n|t:|1659811707\n|switch|p1a: Blissey|Blissey, F|100\/100\n|move|p2a: Magnezone|Thunderbolt|p1a: Blissey\n|-damage|p1a: Blissey|84\/100\n|-status|p1a: Blissey|par\n|\n|-heal|p1a: Blissey|91\/100 par|[from] item: Leftovers\n|upkeep\n|turn|29\n|\n|t:|1659811711\n|switch|p2a: Alomomola|Alomomola, F|100\/100\n|move|p1a: Blissey|Toxic|p2a: Alomomola\n|-status|p2a: Alomomola|tox\n|\n|-heal|p1a: Blissey|97\/100 par|[from] item: Leftovers\n|-damage|p2a: Alomomola|94\/100 tox|[from] psn\n|upkeep\n|turn|30\n|\n|t:|1659811717\n|-curestatus|p1a: Blissey|par|[from] ability: Natural Cure\n|switch|p1a: Alomomola|Alomomola, F|100\/100\n|move|p2a: Alomomola|Wish|p2a: Alomomola\n|\n|-heal|p2a: Alomomola|100\/100 tox|[from] item: Leftovers\n|-damage|p2a: Alomomola|88\/100 tox|[from] psn\n|upkeep\n|turn|31\n|\n|t:|1659811722\n|switch|p2a: Ferrothorn|Ferrothorn, F|50\/100 brn\n|move|p1a: Alomomola|Knock Off|p2a: Ferrothorn\n|-damage|p2a: Ferrothorn|43\/100 brn\n|-damage|p1a: Alomomola|88\/100|[from] ability: Iron Barbs|[of] p2a: Ferrothorn\n|\n|-heal|p2a: Ferrothorn|100\/100 brn|[from] move: Wish|[wisher] Alomomola\n|-heal|p1a: Alomomola|94\/100|[from] item: Leftovers\n|-damage|p2a: Ferrothorn|88\/100 brn|[from] brn\n|upkeep\n|turn|32\n|\n|t:|1659811732\n|switch|p1a: Moltres|Moltres|88\/100\n|-ability|p1a: Moltres|Pressure\n|switch|p2a: Landorus|Landorus-Therian, M|100\/100\n|-ability|p2a: Landorus|Intimidate|boost\n|-unboost|p1a: Moltres|atk|1\n|\n|-heal|p1a: Moltres|94\/100|[from] item: Leftovers\n|upkeep\n|turn|33\n|\n|t:|1659811739\n|switch|p1a: Quagsire|Quagsire, M|83\/100\n|move|p2a: Landorus|U-turn|p1a: Quagsire\n|-damage|p1a: Quagsire|66\/100\n|\n|t:|1659811742\n|switch|p2a: Latios|Latios, M|78\/100|[from]move: U-turn\n|\n|upkeep\n|turn|34\n|\n|t:|1659811747\n|switch|p2a: Landorus|Landorus-Therian, M|100\/100\n|-ability|p2a: Landorus|Intimidate|boost\n|-unboost|p1a: Quagsire|atk|1\n|switch|p1a: Blissey|Blissey, F|97\/100\n|\n|-heal|p1a: Blissey|100\/100|[from] item: Leftovers\n|upkeep\n|turn|35\n|\n|t:|1659811749\n|move|p2a: Landorus|Knock Off|p1a: Blissey\n|-damage|p1a: Blissey|69\/100\n|-enditem|p1a: Blissey|Leftovers|[from] move: Knock Off|[of] p2a: Landorus\n|move|p1a: Blissey|Toxic|p2a: Landorus\n|-status|p2a: Landorus|tox\n|\n|-damage|p2a: Landorus|95\/100 tox|[from] psn\n|upkeep\n|turn|36\n|\n|t:|1659811758\n|switch|p2a: Metagross|Metagross|100\/100\n|move|p1a: Blissey|Soft-Boiled|p1a: Blissey\n|-heal|p1a: Blissey|100\/100\n|\n|upkeep\n|turn|37\n|l| purple13\n|\n|t:|1659811768\n|-activate|p1a: Blissey|move: Pursuit\n|detailschange|p2a: Metagross|Metagross-Mega\n|-mega|p2a: Metagross|Metagross|Metagrossite\n|move|p2a: Metagross|Pursuit|p1a: Blissey|[from]Pursuit\n|-damage|p1a: Blissey|66\/100\n|switch|p1a: Moltres|Moltres|94\/100\n|-ability|p1a: Moltres|Pressure\n|\n|-heal|p1a: Moltres|99\/100|[from] item: Leftovers\n|upkeep\n|turn|38\n|\n|t:|1659811774\n|switch|p2a: Latios|Latios, M|78\/100\n|move|p1a: Moltres|Flamethrower|p2a: Latios\n|-resisted|p2a: Latios\n|-damage|p2a: Latios|58\/100\n|\n|-heal|p1a: Moltres|100\/100|[from] item: Leftovers\n|upkeep\n|turn|39\n|\n|t:|1659811779\n|switch|p1a: Alomomola|Alomomola, F|100\/100\n|move|p2a: Latios|Recover|p2a: Latios\n|-heal|p2a: Latios|100\/100\n|\n|upkeep\n|turn|40\n|\n|t:|1659811794\n|switch|p2a: Alomomola|Alomomola, F|100\/100 tox\n|move|p1a: Alomomola|Protect||[still]\n|-fail|p1a: Alomomola\n|\n|-damage|p2a: Alomomola|94\/100 tox|[from] psn\n|upkeep\n|turn|41\n|\n|t:|1659811805\n|switch|p2a: Metagross|Metagross-Mega|100\/100\n|move|p1a: Alomomola|Knock Off|p2a: Metagross\n|-supereffective|p2a: Metagross\n|-damage|p2a: Metagross|81\/100\n|\n|upkeep\n|turn|42\n|\n|t:|1659811820\n|switch|p2a: Latios|Latios, M|100\/100\n|move|p1a: Alomomola|Wish|p1a: Alomomola\n|\n|upkeep\n|turn|43\n|\n|t:|1659811829\n|switch|p2a: Metagross|Metagross-Mega|81\/100\n|switch|p1a: Blissey|Blissey, F|66\/100\n|\n|-heal|p1a: Blissey|100\/100|[from] move: Wish|[wisher] Alomomola\n|upkeep\n|turn|44\n|\n|t:|1659811834\n|switch|p1a: Moltres|Moltres|100\/100\n|-ability|p1a: Moltres|Pressure\n|move|p2a: Metagross|Meteor Mash|p1a: Moltres\n|-resisted|p1a: Moltres\n|-damage|p1a: Moltres|70\/100\n|\n|-heal|p1a: Moltres|77\/100|[from] item: Leftovers\n|upkeep\n|turn|45\n|\n|t:|1659811845\n|move|p2a: Metagross|Thunder Punch|p1a: Moltres\n|-supereffective|p1a: Moltres\n|-damage|p1a: Moltres|11\/100\n|move|p1a: Moltres|Roost|p1a: Moltres\n|-heal|p1a: Moltres|61\/100\n|-singleturn|p1a: Moltres|move: Roost\n|\n|-heal|p1a: Moltres|67\/100|[from] item: Leftovers\n|upkeep\n|turn|46\n|\n|t:|1659811850\n|-activate|p1a: Moltres|move: Pursuit\n|move|p2a: Metagross|Pursuit|p1a: Moltres|[from]Pursuit\n|-damage|p1a: Moltres|33\/100\n|switch|p1a: Aggron|Aggron-Mega, M|76\/100\n|\n|upkeep\n|turn|47\n|j| Plummer r\n|l| BanetteBandit69\n|\n|t:|1659811870\n|switch|p2a: Landorus|Landorus-Therian, M|95\/100 tox\n|-ability|p2a: Landorus|Intimidate|boost\n|-unboost|p1a: Aggron|atk|1\n|move|p1a: Aggron|Earthquake|p2a: Landorus\n|-immune|p2a: Landorus\n|\n|-damage|p2a: Landorus|89\/100 tox|[from] psn\n|upkeep\n|turn|48\n|\n|t:|1659811882\n|switch|p1a: Mandibuzz|Mandibuzz, F|82\/100\n|move|p2a: Landorus|U-turn|p1a: Mandibuzz\n|-damage|p1a: Mandibuzz|64\/100\n|j| Daellio\n|l| Daellio\n|inactive|Daevank5 has 120 seconds left.\n|j| yoyolord\n|\n|t:|1659811921\n|switch|p2a: Magnezone|Magnezone|100\/100|[from]move: U-turn\n|\n|-heal|p1a: Mandibuzz|70\/100|[from] item: Leftovers\n|upkeep\n|turn|49\n|\n|t:|1659811948\n|switch|p2a: Latios|Latios, M|100\/100\n|switch|p1a: Blissey|Blissey, F|100\/100\n|\n|upkeep\n|turn|50\n|\n|t:|1659811956\n|switch|p2a: Metagross|Metagross-Mega|81\/100\n|move|p1a: Blissey|Toxic|p2a: Metagross\n|-immune|p2a: Metagross\n|\n|upkeep\n|turn|51\n|\n|t:|1659811964\n|-activate|p1a: Blissey|move: Pursuit\n|move|p2a: Metagross|Pursuit|p1a: Blissey|[from]Pursuit\n|-damage|p1a: Blissey|64\/100\n|switch|p1a: Aggron|Aggron-Mega, M|76\/100\n|\n|upkeep\n|turn|52\n|\n|t:|1659811985\n|switch|p2a: Landorus|Landorus-Therian, M|89\/100 tox\n|-ability|p2a: Landorus|Intimidate|boost\n|-unboost|p1a: Aggron|atk|1\n|move|p1a: Aggron|Stealth Rock|p2a: Landorus\n|-sidestart|p2: Daevank5|move: Stealth Rock\n|\n|-damage|p2a: Landorus|83\/100 tox|[from] psn\n|upkeep\n|turn|53\n|\n|t:|1659811992\n|switch|p1a: Alomomola|Alomomola, F|100\/100\n|move|p2a: Landorus|Knock Off|p1a: Alomomola\n|-damage|p1a: Alomomola|82\/100\n|-enditem|p1a: Alomomola|Leftovers|[from] move: Knock Off|[of] p2a: Landorus\n|\n|-damage|p2a: Landorus|71\/100 tox|[from] psn\n|upkeep\n|turn|54\n|\n|t:|1659812000\n|switch|p2a: Metagross|Metagross-Mega|81\/100\n|-damage|p2a: Metagross|75\/100|[from] Stealth Rock\n|move|p1a: Alomomola|Wish|p1a: Alomomola\n|\n|upkeep\n|turn|55\n|inactive|Daevank5 has 120 seconds left.\n|\n|t:|1659812017\n|switch|p1a: Quagsire|Quagsire, M|66\/100\n|move|p2a: Metagross|Thunder Punch|p1a: Quagsire\n|-immune|p1a: Quagsire\n|\n|-heal|p1a: Quagsire|100\/100|[from] move: Wish|[wisher] Alomomola\n|upkeep\n|turn|56\n|\n|t:|1659812029\n|switch|p2a: Latios|Latios, M|100\/100\n|-damage|p2a: Latios|88\/100|[from] Stealth Rock\n|move|p1a: Quagsire|Scald|p2a: Latios\n|-resisted|p2a: Latios\n|-damage|p2a: Latios|78\/100\n|-status|p2a: Latios|brn\n|\n|-damage|p2a: Latios|66\/100 brn|[from] brn\n|upkeep\n|turn|57\n|\n|t:|1659812042\n|switch|p2a: Ferrothorn|Ferrothorn, F|88\/100 brn\n|-damage|p2a: Ferrothorn|82\/100 brn|[from] Stealth Rock\n|switch|p1a: Aggron|Aggron-Mega, M|76\/100\n|\n|-damage|p2a: Ferrothorn|69\/100 brn|[from] brn\n|upkeep\n|turn|58\n|\n|t:|1659812045\n|switch|p1a: Moltres|Moltres|33\/100\n|-ability|p1a: Moltres|Pressure\n|move|p2a: Ferrothorn|Stealth Rock|p1a: Moltres\n|-sidestart|p1: Awesome Person III|move: Stealth Rock\n|\n|-heal|p1a: Moltres|39\/100|[from] item: Leftovers\n|-damage|p2a: Ferrothorn|57\/100 brn|[from] brn\n|upkeep\n|turn|59\n|inactive|Daevank5 has 120 seconds left.\n|\n|t:|1659812067\n|switch|p2a: Landorus|Landorus-Therian, M|71\/100 tox\n|-damage|p2a: Landorus|58\/100 tox|[from] Stealth Rock\n|-ability|p2a: Landorus|Intimidate|boost\n|-unboost|p1a: Moltres|atk|1\n|move|p1a: Moltres|Roost|p1a: Moltres\n|-heal|p1a: Moltres|89\/100\n|-singleturn|p1a: Moltres|move: Roost\n|\n|-heal|p1a: Moltres|95\/100|[from] item: Leftovers\n|-damage|p2a: Landorus|53\/100 tox|[from] psn\n|upkeep\n|turn|60\n|\n|t:|1659812075\n|switch|p1a: Quagsire|Quagsire, M|100\/100\n|-damage|p1a: Quagsire|94\/100|[from] Stealth Rock\n|move|p2a: Landorus|Stone Edge|p1a: Quagsire\n|-resisted|p1a: Quagsire\n|-damage|p1a: Quagsire|81\/100\n|\n|-damage|p2a: Landorus|41\/100 tox|[from] psn\n|upkeep\n|turn|61\n|inactive|Daevank5 has 120 seconds left.\n|\n|t:|1659812090\n|move|p2a: Landorus|Stone Edge|p1a: Quagsire\n|-resisted|p1a: Quagsire\n|-damage|p1a: Quagsire|69\/100\n|move|p1a: Quagsire|Stockpile|p1a: Quagsire\n|-start|p1a: Quagsire|stockpile1\n|-boost|p1a: Quagsire|def|1\n|-boost|p1a: Quagsire|spd|1\n|\n|-damage|p2a: Landorus|23\/100 tox|[from] psn\n|upkeep\n|turn|62\n|\n|t:|1659812094\n|switch|p2a: Alomomola|Alomomola, F|100\/100 tox\n|-damage|p2a: Alomomola|88\/100 tox|[from] Stealth Rock\n|move|p1a: Quagsire|Recover|p1a: Quagsire\n|-heal|p1a: Quagsire|100\/100\n|\n|-heal|p2a: Alomomola|94\/100 tox|[from] item: Leftovers\n|-damage|p2a: Alomomola|88\/100 tox|[from] psn\n|upkeep\n|turn|63\n|j|%Sww-Suwa\n|inactive|Daevank5 has 120 seconds left.\n|\n|t:|1659812115\n|switch|p2a: Magnezone|Magnezone|100\/100\n|-damage|p2a: Magnezone|94\/100|[from] Stealth Rock\n|switch|p1a: Blissey|Blissey, F|64\/100\n|-damage|p1a: Blissey|52\/100|[from] Stealth Rock\n|\n|upkeep\n|turn|64\n|\n|t:|1659812120\n|move|p2a: Magnezone|Volt Switch|p1a: Blissey\n|-damage|p1a: Blissey|39\/100\n|\n|t:|1659812122\n|switch|p2a: Metagross|Metagross-Mega|75\/100|[from]move: Volt Switch\n|-damage|p2a: Metagross|69\/100|[from] Stealth Rock\n|move|p1a: Blissey|Soft-Boiled|p1a: Blissey\n|-heal|p1a: Blissey|89\/100\n|\n|upkeep\n|turn|65\n|\n|t:|1659812134\n|switch|p1a: Quagsire|Quagsire, M|100\/100\n|-damage|p1a: Quagsire|94\/100|[from] Stealth Rock\n|move|p2a: Metagross|Meteor Mash|p1a: Quagsire\n|-resisted|p1a: Quagsire\n|-damage|p1a: Quagsire|70\/100\n|-boost|p2a: Metagross|atk|1\n|\n|upkeep\n|turn|66\n|\n|t:|1659812147\n|switch|p2a: Latios|Latios, M|66\/100 brn\n|-damage|p2a: Latios|53\/100 brn|[from] Stealth Rock\n|move|p1a: Quagsire|Scald|p2a: Latios\n|-resisted|p2a: Latios\n|-damage|p2a: Latios|43\/100 brn\n|\n|-damage|p2a: Latios|31\/100 brn|[from] brn\n|upkeep\n|turn|67\n|\n|t:|1659812153\n|switch|p1a: Blissey|Blissey, F|89\/100\n|-damage|p1a: Blissey|77\/100|[from] Stealth Rock\n|move|p2a: Latios|Recover|p2a: Latios\n|-heal|p2a: Latios|81\/100 brn\n|\n|-damage|p2a: Latios|68\/100 brn|[from] brn\n|upkeep\n|turn|68\n|\n|t:|1659812156\n|move|p2a: Latios|Psyshock|p1a: Blissey\n|-damage|p1a: Blissey|32\/100\n|-damage|p2a: Latios|59\/100 brn|[from] item: Life Orb\n|move|p1a: Blissey|Seismic Toss|p2a: Latios\n|-damage|p2a: Latios|25\/100 brn\n|\n|-damage|p2a: Latios|13\/100 brn|[from] brn\n|upkeep\n|turn|69\n|\n|t:|1659812170\n|switch|p1a: Aggron|Aggron-Mega, M|76\/100\n|-damage|p1a: Aggron|70\/100|[from] Stealth Rock\n|move|p2a: Latios|Psyshock|p1a: Aggron\n|-resisted|p1a: Aggron\n|-damage|p1a: Aggron|57\/100\n|-damage|p2a: Latios|3\/100 brn|[from] item: Life Orb\n|\n|-damage|p2a: Latios|0 fnt|[from] brn\n|faint|p2a: Latios\n|upkeep\n|\n|t:|1659812172\n|switch|p2a: Magnezone|Magnezone|94\/100\n|-damage|p2a: Magnezone|88\/100|[from] Stealth Rock\n|turn|70\n|\n|t:|1659812185\n|move|p2a: Magnezone|Volt Switch|p1a: Aggron\n|-damage|p1a: Aggron|24\/100\n|\n|t:|1659812189\n|switch|p2a: Landorus|Landorus-Therian, M|23\/100 tox|[from]move: Volt Switch\n|-damage|p2a: Landorus|11\/100 tox|[from] Stealth Rock\n|-ability|p2a: Landorus|Intimidate|boost\n|-unboost|p1a: Aggron|atk|1\n|move|p1a: Aggron|Earthquake|p2a: Landorus\n|-immune|p2a: Landorus\n|\n|-damage|p2a: Landorus|5\/100 tox|[from] psn\n|upkeep\n|turn|71\n|\n|t:|1659812204\n|move|p2a: Landorus|Earthquake|p1a: Aggron\n|-supereffective|p1a: Aggron\n|-damage|p1a: Aggron|0 fnt\n|faint|p1a: Aggron\n|\n|-damage|p2a: Landorus|0 fnt|[from] psn\n|faint|p2a: Landorus\n|upkeep\n|\n|t:|1659812224\n|switch|p2a: Ferrothorn|Ferrothorn, F|57\/100 brn\n|switch|p1a: Moltres|Moltres|95\/100\n|-damage|p1a: Moltres|45\/100|[from] Stealth Rock\n|-ability|p1a: Moltres|Pressure\n|-damage|p2a: Ferrothorn|50\/100 brn|[from] Stealth Rock\n|turn|72\n|\n|t:|1659812231\n|switch|p2a: Magnezone|Magnezone|88\/100\n|-damage|p2a: Magnezone|82\/100|[from] Stealth Rock\n|move|p1a: Moltres|Substitute|p1a: Moltres\n|-start|p1a: Moltres|Substitute\n|-damage|p1a: Moltres|20\/100\n|\n|-heal|p1a: Moltres|27\/100|[from] item: Leftovers\n|upkeep\n|turn|73\n|l| Dragonowl678\n|\n|t:|1659812241\n|move|p2a: Magnezone|Thunderbolt|p1a: Moltres\n|-supereffective|p1a: Moltres\n|-end|p1a: Moltres|Substitute\n|move|p1a: Moltres|Flamethrower|p2a: Magnezone\n|-supereffective|p2a: Magnezone\n|-damage|p2a: Magnezone|0 fnt\n|faint|p2a: Magnezone\n|\n|-heal|p1a: Moltres|33\/100|[from] item: Leftovers\n|upkeep\n|\n|t:|1659812243\n|switch|p2a: Metagross|Metagross-Mega|69\/100\n|-damage|p2a: Metagross|63\/100|[from] Stealth Rock\n|turn|74\n|\n|t:|1659812259\n|switch|p1a: Blissey|Blissey, F|32\/100\n|-damage|p1a: Blissey|19\/100|[from] Stealth Rock\n|move|p2a: Metagross|Thunder Punch|p1a: Blissey\n|-damage|p1a: Blissey|0 fnt\n|faint|p1a: Blissey\n|\n|upkeep\n|\n|t:|1659812262\n|switch|p1a: Quagsire|Quagsire, M|70\/100\n|-damage|p1a: Quagsire|64\/100|[from] Stealth Rock\n|turn|75\n|\n|t:|1659812275\n|switch|p2a: Ferrothorn|Ferrothorn, F|50\/100 brn\n|-damage|p2a: Ferrothorn|44\/100 brn|[from] Stealth Rock\n|move|p1a: Quagsire|Recover|p1a: Quagsire\n|-heal|p1a: Quagsire|100\/100\n|\n|-damage|p2a: Ferrothorn|32\/100 brn|[from] brn\n|upkeep\n|turn|76\n|\n|t:|1659812279\n|switch|p1a: Mandibuzz|Mandibuzz, F|70\/100\n|-damage|p1a: Mandibuzz|45\/100|[from] Stealth Rock\n|move|p2a: Ferrothorn|Leech Seed|p1a: Mandibuzz\n|-start|p1a: Mandibuzz|move: Leech Seed\n|\n|-heal|p1a: Mandibuzz|51\/100|[from] item: Leftovers\n|-damage|p1a: Mandibuzz|39\/100|[from] Leech Seed|[of] p2a: Ferrothorn\n|-heal|p2a: Ferrothorn|47\/100 brn|[silent]\n|-damage|p2a: Ferrothorn|34\/100 brn|[from] brn\n|upkeep\n|turn|77\n|\n|t:|1659812287\n|switch|p2a: Metagross|Metagross-Mega|63\/100\n|-damage|p2a: Metagross|57\/100|[from] Stealth Rock\n|move|p1a: Mandibuzz|Roost|p1a: Mandibuzz\n|-heal|p1a: Mandibuzz|89\/100\n|-singleturn|p1a: Mandibuzz|move: Roost\n|\n|-heal|p1a: Mandibuzz|95\/100|[from] item: Leftovers\n|-damage|p1a: Mandibuzz|83\/100|[from] Leech Seed|[of] p2a: Metagross\n|-heal|p2a: Metagross|74\/100|[silent]\n|upkeep\n|turn|78\n|\n|t:|1659812295\n|move|p2a: Metagross|Pursuit|p1a: Mandibuzz\n|-resisted|p1a: Mandibuzz\n|-damage|p1a: Mandibuzz|76\/100\n|move|p1a: Mandibuzz|Foul Play|p2a: Metagross\n|-supereffective|p2a: Metagross\n|-damage|p2a: Metagross|0 fnt\n|faint|p2a: Metagross\n|\n|-heal|p1a: Mandibuzz|83\/100|[from] item: Leftovers\n|upkeep\n|c|\u2606Daevank5|gg\n|c|\u2606Awesome Person III|gg\n|j| galaxyxxivory\n|j| Daellio\n|c|\u2606Daevank5|i think i played that pretty well\n|c|\u2606Daevank5|despite the matchup\n|c|\u2606Daevank5|i almost broke down your team\n|inactive|Daevank5 has 120 seconds left.\n|c|\u2606Daevank5|if i had zen on metagross\n|c|\u2606Daevank5|i would have won easy\n|c| Daellio|would have been nice if you succeeded though\n|c|\u2606Daevank5|alas did not have it\n|c|\u2606Daevank5|yes it would have\n|c|\u2606Daevank5|anyway gg\n|l| galaxyxxivory\n|-message|Daevank5 forfeited.\n|\n|win|Awesome Person III\n|n|\u2606Awesome Person III|awesomepersoniii\n|n|\u2606Daevank5|daevank5\n|n| TheNewBrends11|thenewbrends11\n|n| Plummer r|plummerr\n|n| yoyolord|yoyolord\n|n| Sww-Suwa|swwsuwa\n|n| Daellio|daellio\n|l|\u2606Daevank5\n|l|\u2606Awesome Person III\n|l| Daellio\n|l| Sww-Suwa\n|l| Plummer r\n","uploadtime":1659813655,"views":9,"p1id":"awesomepersoniii","p2id":"daevank5","formatid":"gen6ou","rating":0,"private":0,"password":null}