{"id":"gen6randombattle-1122828054","p1":"BigWes95","p2":"Rach's No 1 fanboy","format":"gen6randombattle","log":"|j|\u2606BigWes95\n|j|\u2606Rach's No 1 fanboy\n|player|p1|BigWes95|swimmer-gen4dp|1462\n|player|p2|Rach's No 1 fanboy|winona-gen6|1515\n|teamsize|p1|6\n|teamsize|p2|6\n|gametype|singles\n|gen|6\n|tier|[Gen 6] Random Battle\n|rated|\n|rule|Sleep Clause Mod: Limit one foe put to sleep\n|rule|HP Percentage Mod: HP is shown in percentages\n|\n|start\n|switch|p1a: Aggron|Aggron, L86, F|261\/261\n|switch|p2a: Rapidash|Rapidash, L88, M|258\/258\n|-item|p1a: Aggron|Air Balloon\n|turn|1\n|inactive|Battle timer is ON: inactive players will automatically lose when time's up. (requested by BigWes95)\n|\n|move|p2a: Rapidash|Will-O-Wisp|p1a: Aggron\n|-status|p1a: Aggron|brn\n|move|p1a: Aggron|Rock Polish|p1a: Aggron\n|-boost|p1a: Aggron|spe|2\n|\n|-damage|p1a: Aggron|229\/261 brn|[from] brn\n|upkeep\n|turn|2\n|\n|switch|p2a: Trevenant|Trevenant, L88, M|293\/293\n|move|p1a: Aggron|Head Smash|p2a: Trevenant\n|-damage|p2a: Trevenant|189\/293\n|\n|-damage|p1a: Aggron|197\/261 brn|[from] brn\n|upkeep\n|turn|3\n|\n|move|p1a: Aggron|Heavy Slam|p2a: Trevenant\n|-damage|p2a: Trevenant|115\/293\n|move|p2a: Trevenant|Horn Leech|p1a: Aggron\n|-damage|p1a: Aggron|112\/261 brn\n|-heal|p2a: Trevenant|158\/293|[from] drain|[of] p1a: Aggron\n|-enditem|p1a: Aggron|Air Balloon\n|\n|-damage|p1a: Aggron|80\/261 brn|[from] brn\n|upkeep\n|turn|4\n|\n|move|p1a: Aggron|Heavy Slam|p2a: Trevenant\n|-damage|p2a: Trevenant|80\/293\n|move|p2a: Trevenant|Horn Leech|p1a: Aggron\n|-damage|p1a: Aggron|4\/261 brn\n|-heal|p2a: Trevenant|118\/293|[from] drain|[of] p1a: Aggron\n|\n|-damage|p1a: Aggron|0 fnt|[from] brn\n|faint|p1a: Aggron\n|upkeep\n|\n|switch|p1a: Houndoom|Houndoom, L84, F|263\/263\n|turn|5\n|\n|switch|p2a: Tyranitar|Tyranitar, L80, F|291\/291\n|-weather|Sandstorm|[from] ability: Sand Stream|[of] p2a: Tyranitar\n|move|p1a: Houndoom|Dark Pulse|p2a: Tyranitar\n|-resisted|p2a: Tyranitar\n|-damage|p2a: Tyranitar|266\/291\n|-damage|p1a: Houndoom|237\/263|[from] item: Life Orb\n|\n|-weather|Sandstorm|[upkeep]\n|-damage|p1a: Houndoom|221\/263|[from] Sandstorm\n|upkeep\n|turn|6\n|\n|switch|p1a: Bibarel|Bibarel, L88, M|282\/282\n|move|p2a: Tyranitar|Stone Edge|p1a: Bibarel\n|-damage|p1a: Bibarel|119\/282\n|\n|-weather|Sandstorm|[upkeep]\n|-damage|p1a: Bibarel|102\/282|[from] Sandstorm\n|upkeep\n|turn|7\n|\n|switch|p2a: Celebi|Celebi, L82|298\/298\n|move|p1a: Bibarel|Waterfall|p2a: Celebi\n|-resisted|p2a: Celebi\n|-damage|p2a: Celebi|258\/298\n|\n|-weather|Sandstorm|[upkeep]\n|-damage|p2a: Celebi|240\/298|[from] Sandstorm\n|-damage|p1a: Bibarel|85\/282|[from] Sandstorm\n|upkeep\n|turn|8\n|\n|switch|p1a: Houndoom|Houndoom, L84, F|221\/263\n|move|p2a: Celebi|Earth Power|p1a: Houndoom\n|-supereffective|p1a: Houndoom\n|-damage|p1a: Houndoom|7\/263\n|\n|-weather|Sandstorm|[upkeep]\n|-damage|p2a: Celebi|222\/298|[from] Sandstorm\n|-damage|p1a: Houndoom|0 fnt|[from] Sandstorm\n|faint|p1a: Houndoom\n|upkeep\n|\n|switch|p1a: Victini|Victini, L82|298\/298\n|turn|9\n|\n|switch|p2a: Rapidash|Rapidash, L88, M|258\/258\n|move|p1a: Victini|Blue Flare|p2a: Rapidash\n|-start|p2a: Rapidash|ability: Flash Fire\n|\n|-weather|none\n|upkeep\n|turn|10\n|\n|switch|p1a: Bibarel|Bibarel, L88, M|85\/282\n|move|p2a: Rapidash|Flare Blitz|p1a: Bibarel\n|-resisted|p1a: Bibarel\n|-damage|p1a: Bibarel|0 fnt\n|-damage|p2a: Rapidash|230\/258|[from] Recoil\n|faint|p1a: Bibarel\n|\n|-heal|p2a: Rapidash|246\/258|[from] item: Leftovers\n|upkeep\n|\n|switch|p1a: Crawdaunt|Crawdaunt, L82, F|237\/237\n|turn|11\n|\n|move|p2a: Rapidash|Will-O-Wisp|p1a: Crawdaunt\n|-status|p1a: Crawdaunt|brn\n|move|p1a: Crawdaunt|Dragon Dance|p1a: Crawdaunt\n|-boost|p1a: Crawdaunt|atk|1\n|-boost|p1a: Crawdaunt|spe|1\n|\n|-heal|p2a: Rapidash|258\/258|[from] item: Leftovers\n|-damage|p1a: Crawdaunt|208\/237 brn|[from] brn\n|upkeep\n|turn|12\n|\n|move|p2a: Rapidash|Wild Charge|p1a: Crawdaunt\n|-supereffective|p1a: Crawdaunt\n|-damage|p1a: Crawdaunt|52\/237 brn\n|-damage|p2a: Rapidash|219\/258|[from] Recoil\n|move|p1a: Crawdaunt|Dragon Dance|p1a: Crawdaunt\n|-boost|p1a: Crawdaunt|atk|1\n|-boost|p1a: Crawdaunt|spe|1\n|\n|-heal|p2a: Rapidash|235\/258|[from] item: Leftovers\n|-damage|p1a: Crawdaunt|23\/237 brn|[from] brn\n|upkeep\n|turn|13\n|\n|-end|p2a: Rapidash|ability: Flash Fire|[silent]\n|switch|p2a: Celebi|Celebi, L82|222\/298\n|move|p1a: Crawdaunt|Crabhammer|p2a: Celebi\n|-resisted|p2a: Celebi\n|-crit|p2a: Celebi\n|-damage|p2a: Celebi|80\/298\n|-damage|p1a: Crawdaunt|0 fnt|[from] item: Life Orb\n|faint|p1a: Crawdaunt\n|\n|upkeep\n|\n|switch|p1a: Medicham|Medicham, L80, F|227\/227\n|turn|14\n|\n|detailschange|p1a: Medicham|Medicham-Mega, L80, F\n|-mega|p1a: Medicham|Medicham|Medichamite\n|move|p1a: Medicham|Fake Out|p2a: Celebi\n|-damage|p2a: Celebi|27\/298\n|cant|p2a: Celebi|flinch\n|\n|upkeep\n|turn|15\n|\n|move|p2a: Celebi|Leaf Storm|p1a: Medicham\n|-damage|p1a: Medicham|0 fnt\n|-unboost|p2a: Celebi|spa|2\n|faint|p1a: Medicham\n|\n|upkeep\n|-message|BigWes95 forfeited.\n|\n|win|Rach's No 1 fanboy\n|l|\u2606BigWes95\n","inputlog":">version 2f4c728b69094b56e51c6e92bfb7de7dedc71a30\n>start {\"formatid\":\"gen6randombattle\",\"seed\":[16500,36942,32929,21742],\"rated\":\"Rated battle\"}\n>player p1 {\"name\":\"BigWes95\",\"avatar\":\"swimmer-gen4dp\",\"team\":\"\",\"rating\":1462,\"seed\":[32175,35620,56514,36638]}\n>player p2 {\"name\":\"Rach's No 1 fanboy\",\"avatar\":\"winona-gen6\",\"team\":\"\",\"rating\":1515,\"seed\":[17385,53351,60516,1062]}\n>p1 move rockpolish\n>p2 move willowisp\n>p1 move headsmash\n>p2 switch 6\n>p1 move heavyslam\n>p2 move hornleech\n>p1 move heavyslam\n>p2 move hornleech\n>p1 switch 6\n>p1 move darkpulse\n>p2 switch 5\n>p1 switch 4\n>p2 move stoneedge\n>p1 move waterfall\n>p2 switch 3\n>p1 switch 4\n>p2 move earthpower\n>p1 switch 3\n>p1 move blueflare\n>p2 switch 6\n>p1 switch 4\n>p2 move flareblitz\n>p1 switch 2\n>p1 move dragondance\n>p2 move willowisp\n>p1 move dragondance\n>p2 move wildcharge\n>p1 move crabhammer\n>p2 switch 6\n>p1 switch 5\n>p1 move fakeout mega\n>p2 move leafstorm\n>p1 move icepunch\n>p2 move leafstorm","uploadtime":1590693045,"views":5,"p1id":"bigwes95","p2id":"rachsno1fanboy","formatid":"gen6randombattle","rating":0,"private":0,"password":null}