{"id":"gen6battlefactory-1195954713","p1":"Lunar Neo","p2":"lod finale","format":"gen6battlefactory","log":"|j|\u2606Lunar Neo\n|j|\u2606lod finale\n|inactive|Battle timer is ON: inactive players will automatically lose when time's up.\n|t:|1601520323\n|player|p1|Lunar Neo|grimsley|\n|player|p2|lod finale|266|\n|teamsize|p1|6\n|teamsize|p2|6\n|gametype|singles\n|gen|6\n|tier|[Gen 6] Battle Factory\n|rated|Tournament battle\n|rule|Sleep Clause Mod: Limit one foe put to sleep\n|clearpoke\n|poke|p1|Armaldo, M|item\n|poke|p1|Misdreavus, F|item\n|poke|p1|Quilladin, F|item\n|poke|p1|Swanna, M|item\n|poke|p1|Metang|item\n|poke|p1|Politoed, F|item\n|poke|p2|Rotom-Frost|item\n|poke|p2|Basculin, F|item\n|poke|p2|Mightyena, F|item\n|poke|p2|Articuno|item\n|poke|p2|Vibrava, M|item\n|poke|p2|Armaldo, M|item\n|rule|HP Percentage Mod: HP is shown in percentages\n|rule|Mega Rayquaza Clause: You cannot mega evolve Rayquaza\n|teampreview\n|inactive|Lunar Neo also wants the timer to be on.\n|j| Charuru\n|j| Percyjacksonki\n|c|\u2606Lunar Neo|man I hate this tier\n|\n|t:|1601520350\n|start\n|switch|p1a: Metang|Metang|323\/323\n|switch|p2a: Armaldo|Armaldo, M|353\/353\n|turn|1\n|c|\u2606lod finale|x2\n|j| Wooperstein\u26a2\n|\n|t:|1601520361\n|move|p1a: Metang|Stealth Rock|p2a: Armaldo\n|-sidestart|p2: lod finale|move: Stealth Rock\n|move|p2a: Armaldo|Stealth Rock|p1a: Metang\n|-sidestart|p1: Lunar Neo|move: Stealth Rock\n|\n|upkeep\n|turn|2\n|j|%piaa\n|j| KratosKra\n|\n|t:|1601520378\n|move|p1a: Metang|Meteor Mash|p2a: Armaldo\n|-supereffective|p2a: Armaldo\n|-damage|p2a: Armaldo|167\/353\n|-boost|p1a: Metang|atk|1\n|move|p2a: Armaldo|Knock Off|p1a: Metang\n|-supereffective|p1a: Metang\n|-damage|p1a: Metang|203\/323\n|-enditem|p1a: Metang|Eviolite|[from] move: Knock Off|[of] p2a: Armaldo\n|\n|-heal|p2a: Armaldo|189\/353|[from] item: Leftovers\n|upkeep\n|turn|3\n|\n|t:|1601520388\n|move|p1a: Metang|Meteor Mash|p2a: Armaldo|[miss]\n|-miss|p1a: Metang|p2a: Armaldo\n|move|p2a: Armaldo|Rapid Spin|p1a: Metang\n|-resisted|p1a: Metang\n|-damage|p1a: Metang|194\/323\n|-sideend|p2: lod finale|Stealth Rock|[from] move: Rapid Spin|[of] p2a: Armaldo\n|\n|-heal|p2a: Armaldo|211\/353|[from] item: Leftovers\n|upkeep\n|turn|4\n|\n|t:|1601520396\n|move|p1a: Metang|Stealth Rock|p2a: Armaldo\n|-sidestart|p2: lod finale|move: Stealth Rock\n|move|p2a: Armaldo|Knock Off|p1a: Metang\n|-supereffective|p1a: Metang\n|-damage|p1a: Metang|70\/323\n|\n|-heal|p2a: Armaldo|233\/353|[from] item: Leftovers\n|upkeep\n|turn|5\n|\n|t:|1601520403\n|move|p1a: Metang|Bullet Punch|p2a: Armaldo\n|-supereffective|p2a: Armaldo\n|-damage|p2a: Armaldo|125\/353\n|move|p2a: Armaldo|Rapid Spin|p1a: Metang\n|-resisted|p1a: Metang\n|-damage|p1a: Metang|60\/323\n|-sideend|p2: lod finale|Stealth Rock|[from] move: Rapid Spin|[of] p2a: Armaldo\n|\n|-heal|p2a: Armaldo|147\/353|[from] item: Leftovers\n|upkeep\n|turn|6\n|j| Zaep0320\n|c| Percyjacksonki|Best of luck to both\n|\n|t:|1601520413\n|move|p1a: Metang|Stealth Rock|p2a: Armaldo\n|-sidestart|p2: lod finale|move: Stealth Rock\n|move|p2a: Armaldo|Rapid Spin|p1a: Metang\n|-resisted|p1a: Metang\n|-damage|p1a: Metang|49\/323\n|-sideend|p2: lod finale|Stealth Rock|[from] move: Rapid Spin|[of] p2a: Armaldo\n|\n|-heal|p2a: Armaldo|169\/353|[from] item: Leftovers\n|upkeep\n|turn|7\n|j| Hayden_A\n|\n|t:|1601520430\n|move|p1a: Metang|Meteor Mash|p2a: Armaldo\n|-supereffective|p2a: Armaldo\n|-damage|p2a: Armaldo|0 fnt\n|faint|p2a: Armaldo\n|\n|upkeep\n|\n|t:|1601520437\n|switch|p2a: Mightyena|Mightyena, F|279\/279\n|turn|8\n|\n|t:|1601520443\n|move|p1a: Metang|Bullet Punch|p2a: Mightyena\n|-damage|p2a: Mightyena|165\/279\n|move|p2a: Mightyena|Crunch|p1a: Metang\n|-supereffective|p1a: Metang\n|-damage|p1a: Metang|0 fnt\n|-damage|p2a: Mightyena|138\/279|[from] item: Life Orb\n|faint|p1a: Metang\n|-ability|p2a: Mightyena|Moxie|boost\n|-boost|p2a: Mightyena|atk|1\n|\n|upkeep\n|\n|t:|1601520465\n|switch|p1a: Swanna|Swanna, M|289\/289\n|-damage|p1a: Swanna|217\/289|[from] Stealth Rock\n|turn|9\n|\n|t:|1601520492\n|move|p2a: Mightyena|Sucker Punch||[still]\n|-fail|p2a: Mightyena\n|move|p1a: Swanna|Defog|p2a: Mightyena\n|-unboost|p2a: Mightyena|evasion|1\n|-sideend|p1: Lunar Neo|Stealth Rock|[from] move: Defog|[of] p1a: Swanna\n|\n|upkeep\n|turn|10\n|\n|t:|1601520499\n|move|p2a: Mightyena|Sucker Punch|p1a: Swanna\n|-damage|p1a: Swanna|0 fnt\n|-damage|p2a: Mightyena|111\/279|[from] item: Life Orb\n|faint|p1a: Swanna\n|-ability|p2a: Mightyena|Moxie|boost\n|-boost|p2a: Mightyena|atk|1\n|\n|upkeep\n|j|+Let's go shuckles\n|\n|t:|1601520517\n|switch|p1a: Quilladin|Quilladin, F|263\/263\n|turn|11\n|l|+Let's go shuckles\n|\n|t:|1601520546\n|move|p2a: Mightyena|Crunch|p1a: Quilladin\n|-damage|p1a: Quilladin|24\/263\n|-damage|p2a: Mightyena|84\/279|[from] item: Life Orb\n|move|p1a: Quilladin|Wood Hammer|p2a: Mightyena\n|-damage|p2a: Mightyena|0 fnt\n|-damage|p1a: Quilladin|0 fnt|[from] Recoil\n|faint|p2a: Mightyena\n|faint|p1a: Quilladin\n|\n|upkeep\n|inactive|lod finale has 120 seconds left.\n|\n|t:|1601520575\n|switch|p2a: Rotom|Rotom-Frost|241\/241\n|switch|p1a: Armaldo|Armaldo, M|353\/353\n|turn|12\n|\n|t:|1601520583\n|move|p2a: Rotom|Will-O-Wisp|p1a: Armaldo\n|-status|p1a: Armaldo|brn\n|move|p1a: Armaldo|Stone Edge|p2a: Rotom\n|-supereffective|p2a: Rotom\n|-damage|p2a: Rotom|114\/241\n|\n|-damage|p1a: Armaldo|309\/353 brn|[from] brn\n|upkeep\n|turn|13\n|\n|t:|1601520590\n|switch|p2a: Vibrava|Vibrava, M|303\/303\n|move|p1a: Armaldo|Stone Edge|p2a: Vibrava\n|-resisted|p2a: Vibrava\n|-damage|p2a: Vibrava|261\/303\n|\n|-heal|p1a: Armaldo|331\/353 brn|[from] item: Leftovers\n|-damage|p1a: Armaldo|287\/353 brn|[from] brn\n|upkeep\n|turn|14\n|\n|t:|1601520595\n|move|p2a: Vibrava|Earthquake|p1a: Armaldo\n|-damage|p1a: Armaldo|227\/353 brn\n|move|p1a: Armaldo|Toxic|p2a: Vibrava\n|-status|p2a: Vibrava|tox\n|\n|-heal|p1a: Armaldo|249\/353 brn|[from] item: Leftovers\n|-damage|p2a: Vibrava|243\/303 tox|[from] psn\n|-damage|p1a: Armaldo|205\/353 brn|[from] brn\n|upkeep\n|turn|15\n|\n|t:|1601520603\n|switch|p1a: Misdreavus|Misdreavus, F|261\/261\n|move|p2a: Vibrava|Earthquake|p1a: Misdreavus\n|-immune|p1a: Misdreavus|[from] ability: Levitate\n|\n|-damage|p2a: Vibrava|207\/303 tox|[from] psn\n|upkeep\n|turn|16\n|l| KratosKra\n|\n|t:|1601520620\n|move|p1a: Misdreavus|Shadow Ball|p2a: Vibrava\n|-damage|p2a: Vibrava|117\/303 tox\n|move|p2a: Vibrava|Toxic|p1a: Misdreavus\n|-status|p1a: Misdreavus|tox\n|\n|-damage|p1a: Misdreavus|245\/261 tox|[from] psn\n|-damage|p2a: Vibrava|63\/303 tox|[from] psn\n|upkeep\n|turn|17\n|\n|t:|1601520629\n|move|p1a: Misdreavus|Shadow Ball|p2a: Vibrava\n|-damage|p2a: Vibrava|0 fnt\n|faint|p2a: Vibrava\n|\n|-damage|p1a: Misdreavus|213\/261 tox|[from] psn\n|upkeep\n|\n|t:|1601520636\n|switch|p2a: Articuno|Articuno|321\/321\n|-ability|p2a: Articuno|Pressure\n|turn|18\n|\n|t:|1601520639\n|move|p2a: Articuno|Ice Beam|p1a: Misdreavus\n|-damage|p1a: Misdreavus|84\/261 tox\n|-damage|p2a: Articuno|289\/321|[from] item: Life Orb\n|move|p1a: Misdreavus|Nasty Plot|p1a: Misdreavus\n|-boost|p1a: Misdreavus|spa|2\n|\n|-damage|p1a: Misdreavus|36\/261 tox|[from] psn\n|upkeep\n|turn|19\n|\n|t:|1601520644\n|move|p2a: Articuno|Ice Beam|p1a: Misdreavus\n|-damage|p1a: Misdreavus|0 fnt\n|-damage|p2a: Articuno|257\/321|[from] item: Life Orb\n|faint|p1a: Misdreavus\n|\n|upkeep\n|\n|t:|1601520647\n|switch|p1a: Armaldo|Armaldo, M|205\/353 brn\n|turn|20\n|\n|t:|1601520662\n|switch|p2a: Basculin|Basculin, F|281\/281\n|move|p1a: Armaldo|Stone Edge|p2a: Basculin\n|-damage|p2a: Basculin|178\/281\n|\n|-heal|p1a: Armaldo|227\/353 brn|[from] item: Leftovers\n|-damage|p1a: Armaldo|183\/353 brn|[from] brn\n|upkeep\n|turn|21\n|\n|t:|1601520668\n|switch|p1a: Politoed|Politoed, F|384\/384\n|move|p2a: Basculin|Waterfall|p1a: Politoed\n|-immune|p1a: Politoed|[from] ability: Water Absorb\n|\n|upkeep\n|turn|22\n|\n|t:|1601520676\n|move|p2a: Basculin|Hidden Power|p1a: Politoed\n|-supereffective|p1a: Politoed\n|-damage|p1a: Politoed|303\/384\n|-damage|p2a: Basculin|150\/281|[from] item: Life Orb\n|move|p1a: Politoed|Toxic|p2a: Basculin\n|-status|p2a: Basculin|tox\n|\n|-heal|p1a: Politoed|327\/384|[from] item: Leftovers\n|-damage|p2a: Basculin|133\/281 tox|[from] psn\n|upkeep\n|turn|23\n|\n|t:|1601520684\n|switch|p2a: Rotom|Rotom-Frost|114\/241\n|move|p1a: Politoed|Protect||[still]\n|-fail|p1a: Politoed\n|\n|-heal|p1a: Politoed|351\/384|[from] item: Leftovers\n|upkeep\n|turn|24\n|\n|t:|1601520698\n|move|p1a: Politoed|Protect|p1a: Politoed\n|-singleturn|p1a: Politoed|Protect\n|move|p2a: Rotom|Thunderbolt|p1a: Politoed\n|-activate|p1a: Politoed|move: Protect\n|\n|-heal|p1a: Politoed|375\/384|[from] item: Leftovers\n|upkeep\n|turn|25\n|c| Zaep0320|hot\n|c|\u2606Lunar Neo|shieet\n|\n|t:|1601520722\n|move|p2a: Rotom|Thunderbolt|p1a: Politoed\n|-supereffective|p1a: Politoed\n|-damage|p1a: Politoed|133\/384\n|-damage|p2a: Rotom|90\/241|[from] item: Life Orb\n|move|p1a: Politoed|Toxic|p2a: Rotom\n|-status|p2a: Rotom|tox\n|\n|-heal|p1a: Politoed|157\/384|[from] item: Leftovers\n|-damage|p2a: Rotom|75\/241 tox|[from] psn\n|upkeep\n|turn|26\n|\n|t:|1601520752\n|switch|p2a: Basculin|Basculin, F|133\/281 tox\n|move|p1a: Politoed|Protect||[still]\n|-fail|p1a: Politoed\n|\n|-heal|p1a: Politoed|181\/384|[from] item: Leftovers\n|-damage|p2a: Basculin|116\/281 tox|[from] psn\n|upkeep\n|turn|27\n|\n|t:|1601520756\n|move|p1a: Politoed|Protect|p1a: Politoed\n|-singleturn|p1a: Politoed|Protect\n|move|p2a: Basculin|Hidden Power|p1a: Politoed\n|-activate|p1a: Politoed|move: Protect\n|\n|-heal|p1a: Politoed|205\/384|[from] item: Leftovers\n|-damage|p2a: Basculin|82\/281 tox|[from] psn\n|upkeep\n|turn|28\n|inactive|Lunar Neo has 120 seconds left.\n|\n|t:|1601520789\n|move|p2a: Basculin|Hidden Power|p1a: Politoed\n|-supereffective|p1a: Politoed\n|-damage|p1a: Politoed|132\/384\n|-damage|p2a: Basculin|54\/281 tox|[from] item: Life Orb\n|move|p1a: Politoed|Scald|p2a: Basculin\n|-resisted|p2a: Basculin\n|-damage|p2a: Basculin|0 fnt\n|faint|p2a: Basculin\n|\n|-heal|p1a: Politoed|156\/384|[from] item: Leftovers\n|upkeep\n|inactive|lod finale has 120 seconds left.\n|\n|t:|1601520820\n|switch|p2a: Rotom|Rotom-Frost|75\/241 tox\n|turn|29\n|\n|t:|1601520824\n|move|p1a: Politoed|Protect|p1a: Politoed\n|-singleturn|p1a: Politoed|Protect\n|move|p2a: Rotom|Thunderbolt|p1a: Politoed\n|-activate|p1a: Politoed|move: Protect\n|\n|-heal|p1a: Politoed|180\/384|[from] item: Leftovers\n|-damage|p2a: Rotom|60\/241 tox|[from] psn\n|upkeep\n|turn|30\n|inactive|Lunar Neo has 120 seconds left.\n|\n|t:|1601520858\n|switch|p1a: Armaldo|Armaldo, M|183\/353 brn\n|move|p2a: Rotom|Thunderbolt|p1a: Armaldo\n|-damage|p1a: Armaldo|0 fnt\n|-damage|p2a: Rotom|36\/241 tox|[from] item: Life Orb\n|faint|p1a: Armaldo\n|\n|-damage|p2a: Rotom|6\/241 tox|[from] psn\n|upkeep\n|\n|t:|1601520861\n|switch|p1a: Politoed|Politoed, F|180\/384\n|turn|31\n|\n|t:|1601520872\n|move|p1a: Politoed|Protect|p1a: Politoed\n|-singleturn|p1a: Politoed|Protect\n|move|p2a: Rotom|Thunderbolt|p1a: Politoed\n|-activate|p1a: Politoed|move: Protect\n|\n|-heal|p1a: Politoed|204\/384|[from] item: Leftovers\n|-damage|p2a: Rotom|0 fnt|[from] psn\n|faint|p2a: Rotom\n|upkeep\n|\n|t:|1601520873\n|switch|p2a: Articuno|Articuno|257\/321\n|-ability|p2a: Articuno|Pressure\n|turn|32\n|c|\u2606Lunar Neo|If this has freeze dry imma be sad\n|\n|t:|1601520887\n|move|p2a: Articuno|Substitute|p2a: Articuno\n|-start|p2a: Articuno|Substitute\n|-damage|p2a: Articuno|177\/321\n|move|p1a: Politoed|Toxic||[still]\n|-fail|p1a: Politoed\n|\n|-heal|p1a: Politoed|228\/384|[from] item: Leftovers\n|upkeep\n|turn|33\n|c| Zaep0320|tuff\n|\n|t:|1601520896\n|move|p2a: Articuno|Hurricane|p1a: Politoed\n|-damage|p1a: Politoed|67\/384\n|-start|p1a: Politoed|confusion\n|-damage|p2a: Articuno|145\/321|[from] item: Life Orb\n|-activate|p1a: Politoed|confusion\n|-damage|p1a: Politoed|41\/384|[from] confusion\n|\n|-heal|p1a: Politoed|65\/384|[from] item: Leftovers\n|upkeep\n|turn|34\n|c|\u2606Lunar Neo|FUCK\n|l| Charuru\n|c| Zaep0320|sheesh nice\n|\n|t:|1601520910\n|-activate|p1a: Politoed|confusion\n|-damage|p1a: Politoed|40\/384|[from] confusion\n|move|p2a: Articuno|Ice Beam|p1a: Politoed\n|-resisted|p1a: Politoed\n|-damage|p1a: Politoed|0 fnt\n|-damage|p2a: Articuno|113\/321|[from] item: Life Orb\n|faint|p1a: Politoed\n|\n|win|lod finale\n","uploadtime":1601520911,"views":5,"p1id":"lunarneo","p2id":"lodfinale","formatid":"gen6battlefactory","rating":0,"private":0,"password":null}