{"id":"gen6ou-1695941447","p1":"CLOYSTERDEEZNUTS","p2":"BTLT6 Pepe","format":"gen6ou","log":"|raw|<div class=\"broadcast-blue\"><strong>This battle is required to be public due to a player having a name starting with 'btlt6'.<\/div>\n|j|\u2606CLOYSTERDEEZNUTS\n|j|\u2606BTLT6 Pepe\n|t:|1666845400\n|gametype|singles\n|player|p1|CLOYSTERDEEZNUTS|tuber-gen6|1517\n|player|p2|BTLT6 Pepe|#splxiiitigers|1496\n|teamsize|p1|6\n|teamsize|p2|6\n|gen|6\n|tier|[Gen 6] OU\n|rated|\n|rule|Sleep Clause Mod: Limit one foe put to sleep\n|rule|Species Clause: Limit one of each Pok\u00e9mon\n|rule|OHKO Clause: OHKO moves are banned\n|rule|Moody Clause: Moody is banned\n|rule|Evasion Items Clause: Evasion items are banned\n|rule|Evasion Moves Clause: Evasion moves are banned\n|rule|Endless Battle Clause: Forcing endless battles is banned\n|rule|HP Percentage Mod: HP is shown in percentages\n|rule|Swagger Clause: Swagger is banned\n|clearpoke\n|poke|p1|Mew|item\n|poke|p1|Metagross|item\n|poke|p1|Weavile, M|item\n|poke|p1|Keldeo|item\n|poke|p1|Excadrill, M|item\n|poke|p1|Talonflame, M|item\n|poke|p2|Nidoking, M|item\n|poke|p2|Medicham, F|item\n|poke|p2|Bisharp, M|item\n|poke|p2|Thundurus, M|item\n|poke|p2|Serperior, F|item\n|poke|p2|Manaphy|item\n|teampreview\n|inactive|Battle timer is ON: inactive players will automatically lose when time's up. (requested by CLOYSTERDEEZNUTS)\n|j| strealet\u2744\n|\n|t:|1666845431\n|start\n|switch|p1a: Mew|Mew|100\/100\n|switch|p2a: Medicham|Medicham, F|100\/100\n|turn|1\n|j| showdex_tester\n|c| strealet\u2744|uh ahora te doma un gross por boludearlo\n|\n|t:|1666845443\n|detailschange|p2a: Medicham|Medicham-Mega, F\n|-mega|p2a: Medicham|Medicham|Medichamite\n|move|p2a: Medicham|Fake Out|p1a: Mew\n|-damage|p1a: Mew|79\/100\n|-damage|p2a: Medicham|84\/100|[from] item: Rocky Helmet|[of] p1a: Mew\n|cant|p1a: Mew|flinch\n|\n|upkeep\n|turn|2\n|c|\u2606BTLT6 Pepe|me va a domar mas mew\n|c|\u2606BTLT6 Pepe|q otra cosa\n|l| showdex_tester\n|c|\u2606BTLT6 Pepe|tbh\n|j| TheMobedex\n|c|\u2606BTLT6 Pepe|sep\n|\n|t:|1666845458\n|switch|p2a: Nidoking|Nidoking, M|100\/100\n|move|p1a: Mew|Stealth Rock|p2a: Nidoking\n|-sidestart|p2: BTLT6 Pepe|move: Stealth Rock\n|\n|upkeep\n|turn|3\n|\n|t:|1666845461\n|move|p1a: Mew|Taunt|p2a: Nidoking\n|-start|p2a: Nidoking|move: Taunt\n|cant|p2a: Nidoking|move: Taunt|Stealth Rock\n|\n|upkeep\n|turn|4\n|\n|t:|1666845464\n|move|p1a: Mew|Explosion|p2a: Nidoking\n|-damage|p2a: Nidoking|16\/100\n|faint|p1a: Mew\n|move|p2a: Nidoking|Sludge Wave|p1: Mew|[notarget]\n|-fail|p2a: Nidoking\n|\n|upkeep\n|\n|t:|1666845467\n|switch|p1a: Metagross|Metagross|100\/100\n|turn|5\n|j| drey77\n|c|\u2606BTLT6 Pepe|definitivamente\n|c|\u2606BTLT6 Pepe|fue un me\n|\n|t:|1666845474\n|detailschange|p1a: Metagross|Metagross-Mega\n|-mega|p1a: Metagross|Metagross|Metagrossite\n|move|p1a: Metagross|Bullet Punch|p2a: Nidoking\n|-damage|p2a: Nidoking|0 fnt\n|faint|p2a: Nidoking\n|\n|upkeep\n|\n|t:|1666845478\n|switch|p2a: Serperior|Serperior, F|100\/100\n|-damage|p2a: Serperior|88\/100|[from] Stealth Rock\n|turn|6\n|\n|t:|1666845483\n|switch|p1a: Talonflame|Talonflame, M|100\/100\n|move|p2a: Serperior|Glare|p1a: Talonflame\n|-status|p1a: Talonflame|par\n|\n|-heal|p2a: Serperior|94\/100|[from] item: Leftovers\n|upkeep\n|turn|7\n|\n|t:|1666845488\n|switch|p2a: Manaphy|Manaphy|100\/100\n|-damage|p2a: Manaphy|88\/100|[from] Stealth Rock\n|move|p1a: Talonflame|U-turn|p2a: Manaphy\n|-damage|p2a: Manaphy|65\/100\n|c| TheMobedex|Domadisimo\n|\n|t:|1666845491\n|switch|p1a: Metagross|Metagross-Mega|100\/100|[from]move: U-turn\n|\n|upkeep\n|turn|8\n|\n|t:|1666845492\n|move|p1a: Metagross|Thunder Punch|p2a: Manaphy\n|-supereffective|p2a: Manaphy\n|-damage|p2a: Manaphy|0 fnt\n|faint|p2a: Manaphy\n|\n|upkeep\n|c| TheMobedex|Qui\u00e9n pija es drey\n|c|\u2606BTLT6 Pepe|nose\n|c|\u2606BTLT6 Pepe|por\n|\n|t:|1666845506\n|switch|p2a: Bisharp|Bisharp, M|100\/100\n|-damage|p2a: Bisharp|95\/100|[from] Stealth Rock\n|turn|9\n|\n|t:|1666845510\n|move|p2a: Bisharp|Sucker Punch|p1a: Metagross\n|-supereffective|p1a: Metagross\n|-damage|p1a: Metagross|27\/100\n|move|p1a: Metagross|Hammer Arm|p2a: Bisharp\n|-supereffective|p2a: Bisharp\n|-damage|p2a: Bisharp|0 fnt\n|-unboost|p1a: Metagross|spe|1\n|faint|p2a: Bisharp\n|\n|upkeep\n|c|\u2606BTLT6 Pepe|nah ya perdi\n|c|\u2606BTLT6 Pepe|q paja\n|c| TheMobedex|Se mete a todas las partidas tuyas\n|\n|t:|1666845516\n|switch|p2a: Medicham|Medicham-Mega, F|84\/100\n|-damage|p2a: Medicham|78\/100|[from] Stealth Rock\n|turn|10\n|\n|t:|1666845524\n|move|p1a: Metagross|Bullet Punch|p2a: Medicham\n|-damage|p2a: Medicham|33\/100\n|move|p2a: Medicham|High Jump Kick|p1a: Metagross\n|-damage|p1a: Metagross|0 fnt\n|faint|p1a: Metagross\n|\n|upkeep\n|\n|t:|1666845526\n|switch|p1a: Weavile|Weavile, M|100\/100\n|-ability|p1a: Weavile|Pressure\n|turn|11\n|\n|t:|1666845529\n|move|p1a: Weavile|Ice Shard|p2a: Medicham\n|-damage|p2a: Medicham|0 fnt\n|faint|p2a: Medicham\n|\n|upkeep\n|\n|t:|1666845532\n|switch|p2a: Serperior|Serperior, F|94\/100\n|-damage|p2a: Serperior|82\/100|[from] Stealth Rock\n|turn|12\n|-message|BTLT6 Pepe forfeited.\n|\n|win|CLOYSTERDEEZNUTS\n|raw|CLOYSTERDEEZNUTS's rating: 1517 &rarr; <strong>1536<\/strong><br \/>(+19 for winning)\n|raw|BTLT6 Pepe's rating: 1496 &rarr; <strong>1477<\/strong><br \/>(-19 for losing)\n|l|\u2606BTLT6 Pepe\n","uploadtime":1666845544,"views":11,"p1id":"cloysterdeeznuts","p2id":"btlt6pepe","formatid":"gen6ou","rating":1477,"private":0,"password":null}