{"id":"gen6ou-1664121689","p1":"dmt dreams","p2":"qxfn143","format":"gen6ou","log":"|j|\u203ddmt dreams\n|j|\u2606qxfn143\n|inactive|Battle timer is ON: inactive players will automatically lose when time's up.\n|t:|1663168114\n|gametype|singles\n|player|p1|dmt dreams|cynthia-gen4|\n|player|p2|qxfn143|steven|\n|teamsize|p1|6\n|teamsize|p2|6\n|gen|6\n|tier|[Gen 6] OU\n|rated|Tournament battle\n|rule|Sleep Clause Mod: Limit one foe put to sleep\n|rule|Species Clause: Limit one of each Pok\u00e9mon\n|rule|OHKO Clause: OHKO moves are banned\n|rule|Moody Clause: Moody is banned\n|rule|Evasion Items Clause: Evasion items are banned\n|rule|Evasion Moves Clause: Evasion moves are banned\n|rule|Endless Battle Clause: Forcing endless battles is banned\n|rule|HP Percentage Mod: HP is shown in percentages\n|rule|Swagger Clause: Swagger is banned\n|clearpoke\n|poke|p1|Shuckle, F|item\n|poke|p1|Swampert, F|item\n|poke|p1|Bisharp, F|item\n|poke|p1|Manaphy|item\n|poke|p1|Thundurus-Therian, M|item\n|poke|p1|Gengar, F|item\n|poke|p2|Metagross|item\n|poke|p2|Clefable, F|item\n|poke|p2|Keldeo-Resolute|item\n|poke|p2|Excadrill, F|item\n|poke|p2|Rotom-Wash|item\n|poke|p2|Tornadus-Therian, M|item\n|teampreview\n|inactive|qxfn143 also wants the timer to be on.\n|j| sexy thanos\n|inactive|dmt dreams has 120 seconds left.\n|inactive|qxfn143 has 120 seconds left.\n|\n|t:|1663168162\n|start\n|switch|p1a: Manaphy|Manaphy|100\/100\n|switch|p2a: Excadrill|Excadrill, F|100\/100\n|-ability|p2a: Excadrill|Mold Breaker\n|turn|1\n|\n|t:|1663168170\n|switch|p2a: Tornadus|Tornadus-Therian, M|100\/100\n|move|p1a: Manaphy|Scald|p2a: Tornadus\n|-damage|p2a: Tornadus|75\/100\n|-status|p2a: Tornadus|brn\n|\n|-damage|p2a: Tornadus|63\/100 brn|[from] brn\n|upkeep\n|turn|2\n|\n|t:|1663168176\n|switch|p1a: Shuckle|Shuckle, F|100\/100\n|move|p2a: Tornadus|U-turn|p1a: Shuckle\n|-damage|p1a: Shuckle|96\/100\n|\n|t:|1663168189\n|switch|p2a: Excadrill|Excadrill, F|100\/100|[from]move: U-turn\n|-ability|p2a: Excadrill|Mold Breaker\n|\n|upkeep\n|turn|3\n|\n|t:|1663168194\n|move|p2a: Excadrill|Stealth Rock|p1a: Shuckle\n|-sidestart|p1: dmt dreams|move: Stealth Rock\n|move|p1a: Shuckle|Sticky Web|p2a: Excadrill\n|-sidestart|p2: qxfn143|move: Sticky Web\n|\n|upkeep\n|turn|4\n|\n|t:|1663168197\n|move|p2a: Excadrill|Rapid Spin|p1a: Shuckle\n|-resisted|p1a: Shuckle\n|-damage|p1a: Shuckle|94\/100\n|-sideend|p2: qxfn143|Sticky Web|[from] move: Rapid Spin|[of] p2a: Excadrill\n|move|p1a: Shuckle|Encore|p2a: Excadrill\n|-start|p2a: Excadrill|Encore\n|\n|upkeep\n|turn|5\n|\n|t:|1663168200\n|move|p2a: Excadrill|Rapid Spin|p1a: Shuckle\n|-resisted|p1a: Shuckle\n|-damage|p1a: Shuckle|92\/100\n|move|p1a: Shuckle|Sticky Web|p2a: Excadrill\n|-sidestart|p2: qxfn143|move: Sticky Web\n|\n|upkeep\n|turn|6\n|\n|t:|1663168205\n|switch|p1a: Gengar|Gengar, F|100\/100\n|-damage|p1a: Gengar|88\/100|[from] Stealth Rock\n|move|p2a: Excadrill|Rapid Spin|p1a: Gengar\n|-immune|p1a: Gengar\n|\n|upkeep\n|turn|7\n|\n|t:|1663168212\n|switch|p1a: Shuckle|Shuckle, F|92\/100\n|-damage|p1a: Shuckle|67\/100|[from] Stealth Rock\n|switch|p2a: Tornadus|Tornadus-Therian, M|96\/100 brn\n|\n|-damage|p2a: Tornadus|84\/100 brn|[from] brn\n|upkeep\n|turn|8\n|\n|t:|1663168214\n|move|p2a: Tornadus|U-turn|p1a: Shuckle\n|-damage|p1a: Shuckle|63\/100\n|\n|t:|1663168215\n|switch|p2a: Excadrill|Excadrill, F|100\/100|[from]move: U-turn\n|-activate|p2a: Excadrill|move: Sticky Web\n|-unboost|p2a: Excadrill|spe|1\n|-ability|p2a: Excadrill|Mold Breaker\n|move|p1a: Shuckle|Stealth Rock|p2a: Excadrill\n|-sidestart|p2: qxfn143|move: Stealth Rock\n|\n|upkeep\n|turn|9\n|\n|t:|1663168218\n|move|p2a: Excadrill|Rapid Spin|p1a: Shuckle\n|-resisted|p1a: Shuckle\n|-damage|p1a: Shuckle|61\/100\n|-sideend|p2: qxfn143|Stealth Rock|[from] move: Rapid Spin|[of] p2a: Excadrill\n|-sideend|p2: qxfn143|Sticky Web|[from] move: Rapid Spin|[of] p2a: Excadrill\n|move|p1a: Shuckle|Encore|p2a: Excadrill\n|-start|p2a: Excadrill|Encore\n|\n|upkeep\n|turn|10\n|j|@Mimikyu Stardust\n|\n|t:|1663168233\n|switch|p2a: Tornadus|Tornadus-Therian, M|100\/100 brn\n|move|p1a: Shuckle|Sticky Web|p2a: Tornadus\n|-sidestart|p2: qxfn143|move: Sticky Web\n|\n|-damage|p2a: Tornadus|88\/100 brn|[from] brn\n|upkeep\n|turn|11\n|\n|t:|1663168238\n|move|p2a: Tornadus|Knock Off|p1a: Shuckle\n|-damage|p1a: Shuckle|55\/100\n|-enditem|p1a: Shuckle|Mental Herb|[from] move: Knock Off|[of] p2a: Tornadus\n|move|p1a: Shuckle|Stealth Rock|p2a: Tornadus\n|-sidestart|p2: qxfn143|move: Stealth Rock\n|\n|-damage|p2a: Tornadus|76\/100 brn|[from] brn\n|upkeep\n|turn|12\n|l| sexy thanos\n|\n|t:|1663168241\n|move|p2a: Tornadus|U-turn|p1a: Shuckle\n|-damage|p1a: Shuckle|51\/100\n|\n|t:|1663168243\n|switch|p2a: Excadrill|Excadrill, F|100\/100|[from]move: U-turn\n|-activate|p2a: Excadrill|move: Sticky Web\n|-unboost|p2a: Excadrill|spe|1\n|-damage|p2a: Excadrill|97\/100|[from] Stealth Rock\n|-ability|p2a: Excadrill|Mold Breaker\n|move|p1a: Shuckle|Infestation|p2a: Excadrill\n|-resisted|p2a: Excadrill\n|-crit|p2a: Excadrill\n|-damage|p2a: Excadrill|96\/100\n|-activate|p2a: Excadrill|move: Infestation|[of] p1a: Shuckle\n|\n|-heal|p2a: Excadrill|100\/100|[from] item: Leftovers\n|-damage|p2a: Excadrill|88\/100|[from] move: Infestation|[partiallytrapped]\n|upkeep\n|turn|13\n|\n|t:|1663168246\n|switch|p1a: Gengar|Gengar, F|88\/100\n|-damage|p1a: Gengar|76\/100|[from] Stealth Rock\n|move|p2a: Excadrill|Rapid Spin|p1a: Gengar\n|-immune|p1a: Gengar\n|\n|-heal|p2a: Excadrill|94\/100|[from] item: Leftovers\n|-end|p2a: Excadrill|Infestation|[partiallytrapped]|[silent]\n|upkeep\n|turn|14\n|\n|t:|1663168249\n|move|p1a: Gengar|Destiny Bond|p1a: Gengar\n|-singlemove|p1a: Gengar|Destiny Bond\n|move|p2a: Excadrill|Earthquake|p1a: Gengar\n|-supereffective|p1a: Gengar\n|-crit|p1a: Gengar\n|-damage|p1a: Gengar|0 fnt\n|faint|p1a: Gengar\n|-activate|p1a: Gengar|move: Destiny Bond\n|faint|p2a: Excadrill\n|\n|upkeep\n|\n|t:|1663168262\n|switch|p1a: Manaphy|Manaphy|100\/100\n|switch|p2a: Tornadus|Tornadus-Therian, M|100\/100 brn\n|-damage|p2a: Tornadus|76\/100 brn|[from] Stealth Rock\n|-damage|p1a: Manaphy|88\/100|[from] Stealth Rock\n|turn|15\n|\n|t:|1663168276\n|move|p2a: Tornadus|U-turn|p1a: Manaphy\n|-damage|p1a: Manaphy|82\/100\n|\n|t:|1663168277\n|switch|p2a: Metagross|Metagross|100\/100|[from]move: U-turn\n|-activate|p2a: Metagross|move: Sticky Web\n|-fail|p2a: Metagross|unboost|[from] ability: Clear Body|[of] p2a: Metagross\n|-damage|p2a: Metagross|95\/100|[from] Stealth Rock\n|move|p1a: Manaphy|Tail Glow|p1a: Manaphy\n|-boost|p1a: Manaphy|spa|3\n|\n|-heal|p1a: Manaphy|88\/100|[from] item: Leftovers\n|upkeep\n|turn|16\n|\n|t:|1663168282\n|detailschange|p2a: Metagross|Metagross-Mega\n|-mega|p2a: Metagross|Metagross|Metagrossite\n|move|p1a: Manaphy|Scald|p2a: Metagross\n|-damage|p2a: Metagross|5\/100\n|move|p2a: Metagross|Thunder Punch|p1a: Manaphy\n|-supereffective|p1a: Manaphy\n|-damage|p1a: Manaphy|20\/100\n|\n|-heal|p1a: Manaphy|26\/100|[from] item: Leftovers\n|upkeep\n|turn|17\n|j| Tarre25\n|\n|t:|1663168291\n|move|p2a: Metagross|Pursuit|p1a: Manaphy\n|-damage|p1a: Manaphy|10\/100\n|move|p1a: Manaphy|Scald|p2a: Metagross\n|-damage|p2a: Metagross|0 fnt\n|faint|p2a: Metagross\n|\n|-heal|p1a: Manaphy|16\/100|[from] item: Leftovers\n|upkeep\n|\n|t:|1663168299\n|switch|p2a: Rotom|Rotom-Wash|100\/100\n|-damage|p2a: Rotom|88\/100|[from] Stealth Rock\n|turn|18\n|\n|t:|1663168302\n|move|p1a: Manaphy|Psychic|p2a: Rotom\n|-damage|p2a: Rotom|13\/100\n|move|p2a: Rotom|Volt Switch|p1a: Manaphy\n|-supereffective|p1a: Manaphy\n|-damage|p1a: Manaphy|0 fnt\n|faint|p1a: Manaphy\n|\n|t:|1663168305\n|switch|p2a: Keldeo|Keldeo-Resolute|100\/100|[from]move: Volt Switch\n|-activate|p2a: Keldeo|move: Sticky Web\n|-unboost|p2a: Keldeo|spe|1\n|-damage|p2a: Keldeo|94\/100|[from] Stealth Rock\n|\n|upkeep\n|\n|t:|1663168309\n|switch|p1a: Thundurus|Thundurus-Therian, M|100\/100\n|-damage|p1a: Thundurus|76\/100|[from] Stealth Rock\n|turn|19\n|\n|t:|1663168316\n|switch|p2a: Rotom|Rotom-Wash|13\/100\n|-damage|p2a: Rotom|1\/100|[from] Stealth Rock\n|move|p1a: Thundurus|Thunderbolt|p2a: Rotom\n|-damage|p2a: Rotom|0 fnt\n|faint|p2a: Rotom\n|\n|upkeep\n|\n|t:|1663168318\n|switch|p2a: Clefable|Clefable, F|100\/100\n|-activate|p2a: Clefable|move: Sticky Web\n|-unboost|p2a: Clefable|spe|1\n|turn|20\n|\n|t:|1663168323\n|move|p1a: Thundurus|Thunderbolt|p2a: Clefable\n|-damage|p2a: Clefable|49\/100\n|move|p2a: Clefable|Calm Mind|p2a: Clefable\n|-boost|p2a: Clefable|spa|1\n|-boost|p2a: Clefable|spd|1\n|\n|-heal|p2a: Clefable|56\/100|[from] item: Leftovers\n|upkeep\n|turn|21\n|\n|t:|1663168325\n|switch|p1a: Bisharp|Bisharp, F|100\/100\n|-damage|p1a: Bisharp|95\/100|[from] Stealth Rock\n|move|p2a: Clefable|Soft-Boiled|p2a: Clefable\n|-heal|p2a: Clefable|100\/100\n|\n|upkeep\n|turn|22\n|\n|t:|1663168327\n|move|p1a: Bisharp|Iron Head|p2a: Clefable\n|-supereffective|p2a: Clefable\n|-damage|p2a: Clefable|37\/100\n|move|p2a: Clefable|Flamethrower|p1a: Bisharp\n|-supereffective|p1a: Bisharp\n|-damage|p1a: Bisharp|0 fnt\n|faint|p1a: Bisharp\n|\n|-heal|p2a: Clefable|43\/100|[from] item: Leftovers\n|upkeep\n|\n|t:|1663168330\n|switch|p1a: Swampert|Swampert, F|100\/100\n|-damage|p1a: Swampert|94\/100|[from] Stealth Rock\n|turn|23\n|\n|t:|1663168333\n|detailschange|p1a: Swampert|Swampert-Mega, F\n|-mega|p1a: Swampert|Swampert|Swampertite\n|move|p1a: Swampert|Rain Dance|p1a: Swampert\n|-weather|RainDance\n|move|p2a: Clefable|Soft-Boiled|p2a: Clefable\n|-heal|p2a: Clefable|93\/100\n|\n|-weather|RainDance|[upkeep]\n|-heal|p2a: Clefable|99\/100|[from] item: Leftovers\n|upkeep\n|turn|24\n|\n|t:|1663168338\n|switch|p2a: Tornadus|Tornadus-Therian, M|100\/100 brn\n|-damage|p2a: Tornadus|76\/100 brn|[from] Stealth Rock\n|move|p1a: Swampert|Waterfall|p2a: Tornadus\n|-damage|p2a: Tornadus|0 fnt\n|faint|p2a: Tornadus\n|\n|-weather|RainDance|[upkeep]\n|upkeep\n|\n|t:|1663168340\n|switch|p2a: Keldeo|Keldeo-Resolute|94\/100\n|-activate|p2a: Keldeo|move: Sticky Web\n|-unboost|p2a: Keldeo|spe|1\n|-damage|p2a: Keldeo|88\/100|[from] Stealth Rock\n|turn|25\n|\n|t:|1663168343\n|switch|p1a: Shuckle|Shuckle, F|51\/100\n|-damage|p1a: Shuckle|26\/100|[from] Stealth Rock\n|move|p2a: Keldeo|Hidden Power|p1a: Shuckle\n|-damage|p1a: Shuckle|7\/100\n|\n|-weather|RainDance|[upkeep]\n|upkeep\n|turn|26\n|j|%Sww-Suwa\n|\n|t:|1663168347\n|move|p2a: Keldeo|Hidden Power|p1a: Shuckle\n|-damage|p1a: Shuckle|0 fnt\n|faint|p1a: Shuckle\n|\n|-weather|RainDance|[upkeep]\n|upkeep\n|\n|t:|1663168348\n|switch|p1a: Thundurus|Thundurus-Therian, M|76\/100\n|-damage|p1a: Thundurus|51\/100|[from] Stealth Rock\n|turn|27\n|j| SatelliteFifteen\n|inactive|qxfn143 has 120 seconds left.\n|\n|t:|1663168395\n|switch|p2a: Clefable|Clefable, F|99\/100\n|-activate|p2a: Clefable|move: Sticky Web\n|-unboost|p2a: Clefable|spe|1\n|move|p1a: Thundurus|Nasty Plot|p1a: Thundurus\n|-boost|p1a: Thundurus|spa|2\n|\n|-weather|none\n|-heal|p2a: Clefable|100\/100|[from] item: Leftovers\n|upkeep\n|turn|28\n|\n|t:|1663168400\n|move|p1a: Thundurus|Thunderbolt|p2a: Clefable\n|-damage|p2a: Clefable|4\/100\n|move|p2a: Clefable|Ice Beam|p1a: Thundurus\n|-supereffective|p1a: Thundurus\n|-damage|p1a: Thundurus|0 fnt\n|faint|p1a: Thundurus\n|\n|-heal|p2a: Clefable|10\/100|[from] item: Leftovers\n|upkeep\n|\n|t:|1663168403\n|switch|p1a: Swampert|Swampert-Mega, F|94\/100\n|-damage|p1a: Swampert|88\/100|[from] Stealth Rock\n|turn|29\n|\n|t:|1663168411\n|move|p1a: Swampert|Rain Dance|p1a: Swampert\n|-weather|RainDance\n|move|p2a: Clefable|Soft-Boiled|p2a: Clefable\n|-heal|p2a: Clefable|60\/100\n|\n|-weather|RainDance|[upkeep]\n|-heal|p2a: Clefable|66\/100|[from] item: Leftovers\n|upkeep\n|turn|30\n|\n|t:|1663168414\n|move|p1a: Swampert|Waterfall|p2a: Clefable\n|-damage|p2a: Clefable|9\/100\n|cant|p2a: Clefable|flinch\n|\n|-weather|RainDance|[upkeep]\n|-heal|p2a: Clefable|15\/100|[from] item: Leftovers\n|upkeep\n|turn|31\n|\n|t:|1663168416\n|move|p1a: Swampert|Waterfall|p2a: Clefable\n|-damage|p2a: Clefable|0 fnt\n|faint|p2a: Clefable\n|\n|-weather|RainDance|[upkeep]\n|upkeep\n|\n|t:|1663168418\n|switch|p2a: Keldeo|Keldeo-Resolute|88\/100\n|-activate|p2a: Keldeo|move: Sticky Web\n|-unboost|p2a: Keldeo|spe|1\n|-damage|p2a: Keldeo|82\/100|[from] Stealth Rock\n|turn|32\n|\n|t:|1663168420\n|move|p1a: Swampert|Waterfall|p2a: Keldeo\n|-resisted|p2a: Keldeo\n|-damage|p2a: Keldeo|42\/100\n|cant|p2a: Keldeo|flinch\n|\n|-weather|RainDance|[upkeep]\n|upkeep\n|turn|33\n|\n|t:|1663168423\n|move|p1a: Swampert|Earthquake|p2a: Keldeo\n|-damage|p2a: Keldeo|0 fnt\n|faint|p2a: Keldeo\n|\n|win|dmt dreams\n|n|\u203ddmt dreams|dmtdreams\n|n|\u2606qxfn143|qxfn143\n|n| Mimikyu Stardust|mimikyustardust\n|n| Tarre25|tarre25\n|n| Sww-Suwa|swwsuwa\n|n| SatelliteFifteen|satellitefifteen\n","uploadtime":1663168426,"views":25,"p1id":"dmtdreams","p2id":"qxfn143","formatid":"gen6ou","rating":0,"private":0,"password":null}