{"id":"gen6zu-1677776892","p1":"ayevon","p2":"pinorska","format":"gen6zu","log":"|j|\u2606ayevon\n|j|\u2606pinorska\n|t:|1664923646\n|gametype|singles\n|player|p1|ayevon|265|\n|player|p2|pinorska|jasmine-masters|\n|teamsize|p1|6\n|teamsize|p2|6\n|gen|6\n|tier|[Gen 6] ZU\n|rated|Tournament battle\n|rule|Sleep Clause Mod: Limit one foe put to sleep\n|rule|Species Clause: Limit one of each Pok\u00e9mon\n|rule|OHKO Clause: OHKO moves are banned\n|rule|Moody Clause: Moody is banned\n|rule|Evasion Items Clause: Evasion items are banned\n|rule|Evasion Moves Clause: Evasion moves are banned\n|rule|Endless Battle Clause: Forcing endless battles is banned\n|rule|HP Percentage Mod: HP is shown in percentages\n|rule|Swagger Clause: Swagger is banned\n|clearpoke\n|poke|p1|Carbink|item\n|poke|p1|Whiscash, F|item\n|poke|p1|Krokorok, F|item\n|poke|p1|Dustox, F|item\n|poke|p1|Jumpluff, M|\n|poke|p1|Purugly, F|item\n|poke|p2|Simisage, M|item\n|poke|p2|Simipour, M|item\n|poke|p2|Golduck, M|item\n|poke|p2|Purugly, F|item\n|poke|p2|Glalie, F|item\n|poke|p2|Magcargo, M|item\n|teampreview\n|inactive|Battle timer is ON: inactive players will automatically lose when time's up. (requested by ayevon)\n|inactive|pinorska also wants the timer to be on.\n|c|\u2606pinorska|do u like my team\n|j|+BOOken Phobias\n|c|\u2606pinorska|i made it myself\n|c|\u2606ayevon|no\n|c|+BOOken Phobias|fwg\n|c|+BOOken Phobias|sick\n|c|\u2606pinorska|thats so fair\n|\n|t:|1664923671\n|start\n|switch|p1a: Dustox|Dustox, F|100\/100\n|switch|p2a: Glalie|Glalie, F|100\/100\n|turn|1\n|\n|t:|1664923680\n|move|p2a: Glalie|Spikes|p1a: Dustox\n|-sidestart|p1: ayevon|Spikes\n|move|p1a: Dustox|U-turn|p2a: Glalie\n|-damage|p2a: Glalie|85\/100\n|\n|t:|1664923684\n|switch|p1a: Carbink|Carbink|100\/100|[from]move: U-turn\n|-damage|p1a: Carbink|88\/100|[from] Spikes\n|\n|upkeep\n|turn|2\n|\n|t:|1664923687\n|move|p2a: Glalie|Taunt|p1a: Carbink\n|-start|p1a: Carbink|move: Taunt\n|cant|p1a: Carbink|move: Taunt|Stealth Rock\n|\n|upkeep\n|turn|3\n|j|%5Dots\n|\n|t:|1664923693\n|move|p2a: Glalie|Spikes|p1a: Carbink\n|-sidestart|p1: ayevon|Spikes\n|move|p1a: Carbink|Moonblast|p2a: Glalie\n|-damage|p2a: Glalie|62\/100\n|-unboost|p2a: Glalie|spa|1\n|\n|upkeep\n|turn|4\n|c|\u2606pinorska|i cant even express to u how up im getting them\n|j| BaitWiz\n|\n|t:|1664923706\n|move|p2a: Glalie|Spikes|p1a: Carbink\n|-sidestart|p1: ayevon|Spikes\n|move|p1a: Carbink|Moonblast|p2a: Glalie\n|-damage|p2a: Glalie|41\/100\n|\n|-end|p1a: Carbink|move: Taunt\n|upkeep\n|turn|5\n|\n|t:|1664923718\n|switch|p2a: Golduck|Golduck, M|100\/100\n|move|p1a: Carbink|Moonblast|p2a: Golduck\n|-damage|p2a: Golduck|74\/100\n|-unboost|p2a: Golduck|spa|1\n|\n|upkeep\n|turn|6\n|c|+BOOken Phobias|lol\n|\n|t:|1664923725\n|move|p2a: Golduck|Calm Mind|p2a: Golduck\n|-boost|p2a: Golduck|spa|1\n|-boost|p2a: Golduck|spd|1\n|move|p1a: Carbink|Stealth Rock|p2a: Golduck\n|-sidestart|p2: pinorska|move: Stealth Rock\n|\n|upkeep\n|turn|7\n|\n|t:|1664923731\n|switch|p1a: Jumpluff|Jumpluff, M|100\/100\n|move|p2a: Golduck|Calm Mind|p2a: Golduck\n|-boost|p2a: Golduck|spa|1\n|-boost|p2a: Golduck|spd|1\n|\n|upkeep\n|turn|8\n|c|\u2606pinorska|i thought about icing\n|c|\u2606pinorska|i rly did\n|\n|t:|1664923742\n|move|p1a: Jumpluff|U-turn|p2a: Golduck\n|-damage|p2a: Golduck|54\/100\n|c|+BOOken Phobias|Golduck looking hot to trot rn\n|\n|t:|1664923762\n|switch|p1a: Krokorok|Krokorok, F|100\/100|[from]move: U-turn\n|-damage|p1a: Krokorok|76\/100|[from] Spikes\n|-ability|p1a: Krokorok|Intimidate|boost\n|-unboost|p2a: Golduck|atk|1\n|move|p2a: Golduck|Ice Beam|p1a: Krokorok\n|-supereffective|p1a: Krokorok\n|-damage|p1a: Krokorok|0 fnt\n|faint|p1a: Krokorok\n|-damage|p2a: Golduck|44\/100|[from] item: Life Orb\n|\n|upkeep\n|j| Serving Suggestion\n|\n|t:|1664923773\n|switch|p1a: Jumpluff|Jumpluff, M|100\/100\n|turn|9\n|\n|t:|1664923778\n|switch|p2a: Magcargo|Magcargo, M|100\/100\n|-damage|p2a: Magcargo|76\/100|[from] Stealth Rock\n|move|p1a: Jumpluff|Acrobatics|p2a: Magcargo\n|-resisted|p2a: Magcargo\n|-damage|p2a: Magcargo|65\/100\n|\n|-heal|p2a: Magcargo|71\/100|[from] item: Leftovers\n|upkeep\n|turn|10\n|\n|t:|1664923786\n|switch|p1a: Whiscash|Whiscash, F|100\/100\n|-damage|p1a: Whiscash|76\/100|[from] Spikes\n|move|p2a: Magcargo|Lava Plume|p1a: Whiscash\n|-resisted|p1a: Whiscash\n|-damage|p1a: Whiscash|62\/100\n|\n|-heal|p2a: Magcargo|77\/100|[from] item: Leftovers\n|upkeep\n|turn|11\n|\n|t:|1664923794\n|move|p1a: Whiscash|Hydro Pump|p2a: Magcargo|[miss]\n|-miss|p1a: Whiscash|p2a: Magcargo\n|move|p2a: Magcargo|Toxic|p1a: Whiscash\n|-status|p1a: Whiscash|tox\n|\n|-heal|p2a: Magcargo|83\/100|[from] item: Leftovers\n|-damage|p1a: Whiscash|56\/100 tox|[from] psn\n|upkeep\n|turn|12\n|c|\u2606ayevon|ok\n|\n|t:|1664923802\n|switch|p2a: Glalie|Glalie, F|41\/100\n|-damage|p2a: Glalie|16\/100|[from] Stealth Rock\n|move|p1a: Whiscash|Hydro Pump|p2a: Glalie\n|-damage|p2a: Glalie|0 fnt\n|faint|p2a: Glalie\n|\n|-damage|p1a: Whiscash|44\/100 tox|[from] psn\n|upkeep\n|\n|t:|1664923808\n|switch|p2a: Simipour|Simipour, M|100\/100\n|-damage|p2a: Simipour|88\/100|[from] Stealth Rock\n|turn|13\n|\n|t:|1664923813\n|switch|p1a: Dustox|Dustox, F|100\/100\n|-damage|p1a: Dustox|75\/100|[from] Spikes\n|move|p2a: Simipour|Substitute|p2a: Simipour\n|-start|p2a: Simipour|Substitute\n|-damage|p2a: Simipour|63\/100\n|\n|-heal|p1a: Dustox|82\/100|[from] item: Black Sludge\n|upkeep\n|turn|14\n|\n|t:|1664923815\n|move|p2a: Simipour|Nasty Plot|p2a: Simipour\n|-boost|p2a: Simipour|spa|2\n|move|p1a: Dustox|Whirlwind|p2a: Simipour\n|drag|p2a: Magcargo|Magcargo, M|83\/100\n|-damage|p2a: Magcargo|58\/100|[from] Stealth Rock\n|\n|-heal|p1a: Dustox|88\/100|[from] item: Black Sludge\n|-heal|p2a: Magcargo|64\/100|[from] item: Leftovers\n|upkeep\n|turn|15\n|\n|t:|1664923819\n|move|p1a: Dustox|Defog|p2a: Magcargo\n|-unboost|p2a: Magcargo|evasion|1\n|-sideend|p2: pinorska|Stealth Rock|[from] move: Defog|[of] p1a: Dustox\n|-sideend|p1: ayevon|Spikes|[from] move: Defog|[of] p1a: Dustox\n|move|p2a: Magcargo|Lava Plume|p1a: Dustox\n|-supereffective|p1a: Dustox\n|-damage|p1a: Dustox|47\/100\n|\n|-heal|p1a: Dustox|53\/100|[from] item: Black Sludge\n|-heal|p2a: Magcargo|70\/100|[from] item: Leftovers\n|upkeep\n|turn|16\n|\n|t:|1664923824\n|move|p1a: Dustox|Roost|p1a: Dustox\n|-heal|p1a: Dustox|100\/100\n|-singleturn|p1a: Dustox|move: Roost\n|move|p2a: Magcargo|Lava Plume|p1a: Dustox\n|-supereffective|p1a: Dustox\n|-crit|p1a: Dustox\n|-damage|p1a: Dustox|48\/100\n|\n|-heal|p1a: Dustox|54\/100|[from] item: Black Sludge\n|-heal|p2a: Magcargo|76\/100|[from] item: Leftovers\n|upkeep\n|turn|17\n|\n|t:|1664923826\n|switch|p1a: Carbink|Carbink|88\/100\n|move|p2a: Magcargo|Stealth Rock|p1a: Carbink\n|-sidestart|p1: ayevon|move: Stealth Rock\n|\n|-heal|p2a: Magcargo|82\/100|[from] item: Leftovers\n|upkeep\n|turn|18\n|\n|t:|1664923831\n|switch|p2a: Golduck|Golduck, M|44\/100\n|move|p1a: Carbink|Stealth Rock|p2a: Golduck\n|-sidestart|p2: pinorska|move: Stealth Rock\n|\n|upkeep\n|turn|19\n|\n|t:|1664923840\n|switch|p1a: Whiscash|Whiscash, F|44\/100 tox\n|-damage|p1a: Whiscash|38\/100 tox|[from] Stealth Rock\n|move|p2a: Golduck|Scald|p1a: Whiscash\n|-damage|p1a: Whiscash|0 fnt\n|faint|p1a: Whiscash\n|-damage|p2a: Golduck|34\/100|[from] item: Life Orb\n|\n|upkeep\n|\n|t:|1664923845\n|switch|p1a: Jumpluff|Jumpluff, M|100\/100\n|-damage|p1a: Jumpluff|76\/100|[from] Stealth Rock\n|turn|20\n|c|\u2606ayevon|classic lucky and bad pinor\n|c|\u2606pinorska|sorry\n|c|\u2606pinorska|im ass\n|\n|t:|1664923860\n|switch|p2a: Magcargo|Magcargo, M|82\/100\n|-damage|p2a: Magcargo|57\/100|[from] Stealth Rock\n|move|p1a: Jumpluff|Acrobatics|p2a: Magcargo\n|-resisted|p2a: Magcargo\n|-damage|p2a: Magcargo|44\/100\n|\n|-heal|p2a: Magcargo|50\/100|[from] item: Leftovers\n|upkeep\n|turn|21\n|\n|t:|1664923869\n|switch|p1a: Carbink|Carbink|88\/100\n|-damage|p1a: Carbink|76\/100|[from] Stealth Rock\n|move|p2a: Magcargo|Recover|p2a: Magcargo\n|-heal|p2a: Magcargo|99\/100\n|\n|-heal|p2a: Magcargo|100\/100|[from] item: Leftovers\n|upkeep\n|turn|22\n|\n|t:|1664923874\n|switch|p2a: Simipour|Simipour, M|63\/100\n|-damage|p2a: Simipour|51\/100|[from] Stealth Rock\n|move|p1a: Carbink|Calm Mind|p1a: Carbink\n|-boost|p1a: Carbink|spa|1\n|-boost|p1a: Carbink|spd|1\n|\n|upkeep\n|turn|23\n|\n|t:|1664923879\n|move|p2a: Simipour|Hydro Pump|p1a: Carbink\n|-supereffective|p1a: Carbink\n|-damage|p1a: Carbink|25\/100\n|move|p1a: Carbink|Moonblast|p2a: Simipour\n|-damage|p2a: Simipour|0 fnt\n|faint|p2a: Simipour\n|\n|upkeep\n|\n|t:|1664923883\n|switch|p2a: Golduck|Golduck, M|34\/100\n|-damage|p2a: Golduck|21\/100|[from] Stealth Rock\n|turn|24\n|\n|t:|1664923889\n|switch|p1a: Jumpluff|Jumpluff, M|76\/100\n|-damage|p1a: Jumpluff|51\/100|[from] Stealth Rock\n|move|p2a: Golduck|Scald|p1a: Jumpluff\n|-resisted|p1a: Jumpluff\n|-damage|p1a: Jumpluff|23\/100\n|-status|p1a: Jumpluff|brn\n|-damage|p2a: Golduck|11\/100|[from] item: Life Orb\n|\n|-damage|p1a: Jumpluff|11\/100 brn|[from] brn\n|upkeep\n|turn|25\n|c|\u2606pinorska|i shoulda subbed to torent\n|c|+BOOken Phobias|that pump still did 1 million\n|\n|t:|1664923902\n|move|p1a: Jumpluff|Acrobatics|p2a: Golduck\n|-crit|p2a: Golduck\n|-damage|p2a: Golduck|0 fnt\n|faint|p2a: Golduck\n|\n|-damage|p1a: Jumpluff|0 fnt|[from] brn\n|faint|p1a: Jumpluff\n|upkeep\n|\n|t:|1664923911\n|switch|p1a: Purugly|Purugly, F|100\/100\n|switch|p2a: Magcargo|Magcargo, M|100\/100\n|-damage|p1a: Purugly|88\/100|[from] Stealth Rock\n|-damage|p2a: Magcargo|76\/100|[from] Stealth Rock\n|turn|26\n|\n|t:|1664923928\n|switch|p1a: Dustox|Dustox, F|54\/100\n|-damage|p1a: Dustox|29\/100|[from] Stealth Rock\n|move|p2a: Magcargo|Lava Plume|p1a: Dustox\n|-supereffective|p1a: Dustox\n|-damage|p1a: Dustox|0 fnt\n|faint|p1a: Dustox\n|\n|-heal|p2a: Magcargo|82\/100|[from] item: Leftovers\n|upkeep\n|\n|t:|1664923930\n|switch|p1a: Carbink|Carbink|25\/100\n|-damage|p1a: Carbink|12\/100|[from] Stealth Rock\n|turn|27\n|\n|t:|1664923941\n|switch|p2a: Simisage|Simisage, M|100\/100\n|-damage|p2a: Simisage|88\/100|[from] Stealth Rock\n|move|p1a: Carbink|Rest|p1a: Carbink\n|-status|p1a: Carbink|slp|[from] move: Rest\n|-heal|p1a: Carbink|100\/100 slp|[silent]\n|\n|upkeep\n|turn|28\n|\n|t:|1664923943\n|move|p2a: Simisage|Leaf Storm|p1a: Carbink\n|-supereffective|p1a: Carbink\n|-damage|p1a: Carbink|0 fnt\n|-unboost|p2a: Simisage|spa|2\n|faint|p1a: Carbink\n|-damage|p2a: Simisage|78\/100|[from] item: Life Orb\n|\n|upkeep\n|c|\u2606ayevon|bg\n|-message|ayevon forfeited.\n|\n|win|pinorska\n|n|\u2606ayevon|ayevon\n|n|\u2606pinorska|pinorska\n|n| BOOken Phobias|bookenphobias\n|n| 5Dots|5dots\n|n| BaitWiz|baitwiz\n|n| Serving Suggestion|servingsuggestion\n","uploadtime":1664923950,"views":5,"p1id":"ayevon","p2id":"pinorska","formatid":"gen6zu","rating":0,"private":0,"password":null}