{"id":"gen6ou-1689195986","p1":"IIIodyne","p2":"marniedoll","format":"gen6ou","log":"|j|\u2606IIIodyne\n|j|\u2606marniedoll\n|inactive|Battle timer is ON: inactive players will automatically lose when time's up.\n|t:|1666141357\n|gametype|singles\n|player|p1|IIIodyne|170|\n|player|p2|marniedoll|cynthia|\n|teamsize|p1|6\n|teamsize|p2|6\n|gen|6\n|tier|[Gen 6] OU\n|rated|Tournament battle\n|rule|Sleep Clause Mod: Limit one foe put to sleep\n|rule|Species Clause: Limit one of each Pok\u00e9mon\n|rule|OHKO Clause: OHKO moves are banned\n|rule|Moody Clause: Moody is banned\n|rule|Evasion Items Clause: Evasion items are banned\n|rule|Evasion Moves Clause: Evasion moves are banned\n|rule|Endless Battle Clause: Forcing endless battles is banned\n|rule|HP Percentage Mod: HP is shown in percentages\n|rule|Swagger Clause: Swagger is banned\n|clearpoke\n|poke|p1|Milotic, F|item\n|poke|p1|Amoonguss, F|item\n|poke|p1|Florges, F|item\n|poke|p1|Bronzong|item\n|poke|p1|Umbreon, F|item\n|poke|p1|Rotom-Heat|item\n|poke|p2|Landorus-Therian, M|item\n|poke|p2|Goodra, F|item\n|poke|p2|Rotom-Wash|item\n|poke|p2|Tyranitar, M|item\n|poke|p2|Gardevoir, F|item\n|poke|p2|Victini|item\n|teampreview\n|inactive|marniedoll also wants the timer to be on.\n|c|\u2606IIIodyne|hf\n|c|\u2606marniedoll|thank you!! you too <3\n|inactive|IIIodyne has 120 seconds left.\n|inactive|IIIodyne has 90 seconds left.\n|\n|t:|1666141432\n|start\n|switch|p1a: Milotic|Milotic, F|100\/100\n|switch|p2a: Gardevoir|Gardevoir, F, shiny|100\/100\n|turn|1\n|\n|t:|1666141442\n|switch|p1a: Bronzong|Bronzong|100\/100\n|move|p2a: Gardevoir|Light Screen|p2a: Gardevoir\n|-sidestart|p2: marniedoll|move: Light Screen\n|\n|upkeep\n|turn|2\n|\n|t:|1666141449\n|move|p2a: Gardevoir|Reflect|p2a: Gardevoir\n|-sidestart|p2: marniedoll|Reflect\n|move|p1a: Bronzong|Stealth Rock|p2a: Gardevoir\n|-sidestart|p2: marniedoll|move: Stealth Rock\n|\n|upkeep\n|turn|3\n|inactive|marniedoll has 120 seconds left.\n|\n|t:|1666141488\n|switch|p2a: Rotom|Rotom-Wash|100\/100\n|-damage|p2a: Rotom|88\/100|[from] Stealth Rock\n|move|p1a: Bronzong|Gyro Ball|p2a: Rotom\n|-resisted|p2a: Rotom\n|-damage|p2a: Rotom|85\/100\n|\n|-heal|p2a: Rotom|91\/100|[from] item: Leftovers\n|upkeep\n|turn|4\n|inactive|marniedoll has 120 seconds left.\n|\n|t:|1666141499\n|switch|p1a: Amoonguss|Amoonguss, F|100\/100\n|move|p2a: Rotom|Will-O-Wisp|p1a: Amoonguss\n|-status|p1a: Amoonguss|brn\n|\n|-heal|p2a: Rotom|97\/100|[from] item: Leftovers\n|-damage|p1a: Amoonguss|88\/100 brn|[from] brn\n|upkeep\n|turn|5\n|inactive|marniedoll has 120 seconds left.\n|\n|t:|1666141515\n|move|p2a: Rotom|Volt Switch|p1a: Amoonguss\n|-resisted|p1a: Amoonguss\n|-damage|p1a: Amoonguss|77\/100 brn\n|j| OUTD FaceBlue\n|inactive|marniedoll has 120 seconds left.\n|\n|t:|1666141523\n|switch|p2a: Victini|Victini|100\/100|[from]move: Volt Switch\n|-damage|p2a: Victini|76\/100|[from] Stealth Rock\n|move|p1a: Amoonguss|Spore|p2a: Victini\n|-status|p2a: Victini|slp|[from] move: Spore\n|\n|-heal|p1a: Amoonguss|83\/100 brn|[from] item: Black Sludge\n|-damage|p1a: Amoonguss|71\/100 brn|[from] brn\n|upkeep\n|turn|6\n|inactive|marniedoll has 120 seconds left.\n|\n|t:|1666141540\n|switch|p2a: Goodra|Goodra, F|100\/100\n|-damage|p2a: Goodra|88\/100|[from] Stealth Rock\n|switch|p1a: Umbreon|Umbreon, F|100\/100\n|\n|upkeep\n|turn|7\n|inactive|marniedoll has 120 seconds left.\n|inactive|marniedoll has 90 seconds left.\n|\n|t:|1666141592\n|switch|p2a: Landorus|Landorus-Therian, M|100\/100\n|-damage|p2a: Landorus|88\/100|[from] Stealth Rock\n|-ability|p2a: Landorus|Intimidate|boost\n|-unboost|p1a: Umbreon|atk|1\n|move|p1a: Umbreon|Wish|p1a: Umbreon\n|\n|-heal|p2a: Landorus|94\/100|[from] item: Leftovers\n|upkeep\n|turn|8\n|\n|t:|1666141608\n|move|p1a: Umbreon|Protect|p1a: Umbreon\n|-singleturn|p1a: Umbreon|Protect\n|move|p2a: Landorus|Stealth Rock|p1a: Umbreon\n|-sidestart|p1: IIIodyne|move: Stealth Rock\n|\n|-heal|p2a: Landorus|99\/100|[from] item: Leftovers\n|-sideend|p2: marniedoll|move: Light Screen\n|upkeep\n|turn|9\n|\n|t:|1666141618\n|move|p2a: Landorus|Toxic|p1a: Umbreon\n|-status|p1a: Umbreon|tox\n|-activate|p1a: Umbreon|ability: Synchronize\n|-status|p2a: Landorus|tox\n|move|p1a: Umbreon|Wish|p1a: Umbreon\n|\n|-heal|p2a: Landorus|100\/100 tox|[from] item: Leftovers\n|-damage|p2a: Landorus|94\/100 tox|[from] psn\n|-damage|p1a: Umbreon|94\/100 tox|[from] psn\n|-sideend|p2: marniedoll|Reflect\n|upkeep\n|turn|10\n|inactive|marniedoll has 90 seconds left.\n|\n|t:|1666141648\n|switch|p2a: Tyranitar|Tyranitar, M|100\/100\n|-damage|p2a: Tyranitar|88\/100|[from] Stealth Rock\n|-weather|Sandstorm|[from] ability: Sand Stream|[of] p2a: Tyranitar\n|move|p1a: Umbreon|Foul Play|p2a: Tyranitar\n|-resisted|p2a: Tyranitar\n|-damage|p2a: Tyranitar|61\/100\n|\n|-weather|Sandstorm|[upkeep]\n|-damage|p1a: Umbreon|88\/100 tox|[from] Sandstorm\n|-heal|p1a: Umbreon|100\/100 tox|[from] move: Wish|[wisher] Umbreon\n|-damage|p1a: Umbreon|88\/100 tox|[from] psn\n|upkeep\n|turn|11\n|inactive|marniedoll has 60 seconds left.\n|\n|t:|1666141663\n|switch|p1a: Amoonguss|Amoonguss, F|100\/100 brn\n|-damage|p1a: Amoonguss|88\/100 brn|[from] Stealth Rock\n|move|p2a: Tyranitar|Earthquake|p1a: Amoonguss\n|-damage|p1a: Amoonguss|44\/100 brn\n|\n|-weather|Sandstorm|[upkeep]\n|-damage|p1a: Amoonguss|38\/100 brn|[from] Sandstorm\n|-heal|p1a: Amoonguss|44\/100 brn|[from] item: Black Sludge\n|-damage|p1a: Amoonguss|31\/100 brn|[from] brn\n|upkeep\n|turn|12\n|\n|t:|1666141673\n|switch|p1a: Rotom|Rotom-Heat|100\/100\n|-damage|p1a: Rotom|76\/100|[from] Stealth Rock\n|move|p2a: Tyranitar|Earthquake|p1a: Rotom\n|-immune|p1a: Rotom|[from] ability: Levitate\n|\n|-weather|Sandstorm|[upkeep]\n|-damage|p1a: Rotom|70\/100|[from] Sandstorm\n|-heal|p1a: Rotom|76\/100|[from] item: Leftovers\n|upkeep\n|turn|13\n|j| samohi0\n|inactive|marniedoll has 60 seconds left.\n|\n|t:|1666141689\n|switch|p2a: Landorus|Landorus-Therian, M|94\/100 tox\n|-damage|p2a: Landorus|82\/100 tox|[from] Stealth Rock\n|-ability|p2a: Landorus|Intimidate|boost\n|-unboost|p1a: Rotom|atk|1\n|move|p1a: Rotom|Will-O-Wisp||[still]\n|-fail|p1a: Rotom\n|\n|-weather|Sandstorm|[upkeep]\n|-damage|p1a: Rotom|70\/100|[from] Sandstorm\n|-heal|p1a: Rotom|76\/100|[from] item: Leftovers\n|-heal|p2a: Landorus|88\/100 tox|[from] item: Leftovers\n|-damage|p2a: Landorus|82\/100 tox|[from] psn\n|upkeep\n|turn|14\n|inactive|marniedoll has 60 seconds left.\n|\n|t:|1666141704\n|move|p1a: Rotom|Overheat|p2a: Landorus\n|-damage|p2a: Landorus|31\/100 tox\n|-unboost|p1a: Rotom|spa|2\n|move|p2a: Landorus|U-turn|p1a: Rotom\n|-resisted|p1a: Rotom\n|-damage|p1a: Rotom|65\/100\n|inactive|marniedoll has 60 seconds left.\n|\n|t:|1666141712\n|switch|p2a: Gardevoir|Gardevoir, F, shiny|100\/100|[from]move: U-turn\n|-damage|p2a: Gardevoir|88\/100|[from] Stealth Rock\n|\n|-weather|none\n|-heal|p1a: Rotom|71\/100|[from] item: Leftovers\n|upkeep\n|turn|15\n|\n|t:|1666141724\n|move|p1a: Rotom|Thunder Wave|p2a: Gardevoir\n|-status|p2a: Gardevoir|par\n|-activate|p2a: Gardevoir|ability: Synchronize\n|-immune|p1a: Rotom\n|move|p2a: Gardevoir|Light Screen|p2a: Gardevoir\n|-sidestart|p2: marniedoll|move: Light Screen\n|\n|-heal|p1a: Rotom|77\/100|[from] item: Leftovers\n|upkeep\n|turn|16\n|\n|t:|1666141737\n|move|p1a: Rotom|Volt Switch|p2a: Gardevoir\n|-damage|p2a: Gardevoir|84\/100 par\n|\n|t:|1666141740\n|switch|p1a: Florges|Florges, F|100\/100|[from]move: Volt Switch\n|-damage|p1a: Florges|88\/100|[from] Stealth Rock\n|move|p2a: Gardevoir|Reflect|p2a: Gardevoir\n|-sidestart|p2: marniedoll|Reflect\n|\n|-heal|p1a: Florges|94\/100|[from] item: Leftovers\n|upkeep\n|turn|17\n|inactive|marniedoll has 60 seconds left.\n|\n|t:|1666141768\n|move|p1a: Florges|Calm Mind|p1a: Florges\n|-boost|p1a: Florges|spa|1\n|-boost|p1a: Florges|spd|1\n|cant|p2a: Gardevoir|par\n|\n|-heal|p1a: Florges|99\/100|[from] item: Leftovers\n|upkeep\n|turn|18\n|inactive|marniedoll has 60 seconds left.\n|\n|t:|1666141783\n|switch|p2a: Rotom|Rotom-Wash|97\/100\n|-damage|p2a: Rotom|85\/100|[from] Stealth Rock\n|move|p1a: Florges|Calm Mind|p1a: Florges\n|-boost|p1a: Florges|spa|1\n|-boost|p1a: Florges|spd|1\n|\n|-heal|p2a: Rotom|91\/100|[from] item: Leftovers\n|-heal|p1a: Florges|100\/100|[from] item: Leftovers\n|upkeep\n|turn|19\n|inactive|marniedoll has 60 seconds left.\n|\n|t:|1666141796\n|move|p2a: Rotom|Hydro Pump|p1a: Florges\n|-damage|p1a: Florges|87\/100\n|move|p1a: Florges|Calm Mind|p1a: Florges\n|-boost|p1a: Florges|spa|1\n|-boost|p1a: Florges|spd|1\n|\n|-heal|p2a: Rotom|97\/100|[from] item: Leftovers\n|-heal|p1a: Florges|93\/100|[from] item: Leftovers\n|upkeep\n|turn|20\n|inactive|marniedoll has 60 seconds left.\n|\n|t:|1666141805\n|move|p2a: Rotom|Will-O-Wisp|p1a: Florges\n|-status|p1a: Florges|brn\n|move|p1a: Florges|Calm Mind|p1a: Florges\n|-boost|p1a: Florges|spa|1\n|-boost|p1a: Florges|spd|1\n|\n|-heal|p2a: Rotom|100\/100|[from] item: Leftovers\n|-heal|p1a: Florges|99\/100 brn|[from] item: Leftovers\n|-damage|p1a: Florges|87\/100 brn|[from] brn\n|upkeep\n|turn|21\n|inactive|marniedoll has 60 seconds left.\n|\n|t:|1666141818\n|move|p2a: Rotom|Volt Switch|p1a: Florges\n|-damage|p1a: Florges|81\/100 brn\n|inactive|marniedoll has 60 seconds left.\n|\n|t:|1666141850\n|switch|p2a: Landorus|Landorus-Therian, M|31\/100 tox|[from]move: Volt Switch\n|-damage|p2a: Landorus|19\/100 tox|[from] Stealth Rock\n|-ability|p2a: Landorus|Intimidate|boost\n|-unboost|p1a: Florges|atk|1\n|move|p1a: Florges|Aromatherapy|p1a: Florges\n|-activate|p1a: Florges|move: Aromatherapy\n|-curestatus|p1a: Florges|brn|[msg]\n|-curestatus|p1: Umbreon|tox|[msg]\n|-curestatus|p1: Amoonguss|brn|[msg]\n|\n|-heal|p2a: Landorus|25\/100 tox|[from] item: Leftovers\n|-heal|p1a: Florges|87\/100|[from] item: Leftovers\n|-damage|p2a: Landorus|19\/100 tox|[from] psn\n|upkeep\n|turn|22\n|inactive|marniedoll has 30 seconds left.\n|j| zaydapoketrainer\n|c| zaydapoketrainer|wtf is\n|inactive|IIIodyne has 120 seconds left.\n|c| zaydapoketrainer|this stlal\n|\n|t:|1666141890\n|move|p2a: Landorus|Earthquake|p1a: Florges\n|-damage|p1a: Florges|49\/100\n|move|p1a: Florges|Moonblast|p2a: Landorus\n|-damage|p2a: Landorus|0 fnt\n|faint|p2a: Landorus\n|\n|-heal|p1a: Florges|55\/100|[from] item: Leftovers\n|-sideend|p2: marniedoll|move: Light Screen\n|upkeep\n|inactive|marniedoll has 30 seconds left this turn.\n|\n|t:|1666141898\n|switch|p2a: Victini|Victini|76\/100 slp\n|-damage|p2a: Victini|51\/100 slp|[from] Stealth Rock\n|turn|23\n|c| zaydapoketrainer|gen 6 sounds wack\n|l| zaydapoketrainer\n|\n|t:|1666141908\n|cant|p2a: Victini|slp\n|move|p1a: Florges|Moonblast|p2a: Victini\n|-resisted|p2a: Victini\n|-damage|p2a: Victini|0 fnt\n|faint|p2a: Victini\n|\n|-heal|p1a: Florges|61\/100|[from] item: Leftovers\n|-sideend|p2: marniedoll|Reflect\n|upkeep\n|j| zaydapoketrainer\n|c|\u2606marniedoll|i uh\n|inactive|marniedoll has 30 seconds left.\n|c|\u2606marniedoll|forgot that was asleep lmao\n|c|\u2606IIIodyne|:\/\n|\n|t:|1666141926\n|switch|p2a: Tyranitar|Tyranitar, M|61\/100\n|-damage|p2a: Tyranitar|49\/100|[from] Stealth Rock\n|-weather|Sandstorm|[from] ability: Sand Stream|[of] p2a: Tyranitar\n|turn|24\n|c| zaydapoketrainer|lol\n|inactive|marniedoll has 30 seconds left.\n|\n|t:|1666141931\n|move|p2a: Tyranitar|Earthquake|p1a: Florges\n|-damage|p1a: Florges|11\/100\n|move|p1a: Florges|Moonblast|p2a: Tyranitar\n|-supereffective|p2a: Tyranitar\n|-damage|p2a: Tyranitar|0 fnt\n|faint|p2a: Tyranitar\n|\n|-weather|Sandstorm|[upkeep]\n|-damage|p1a: Florges|5\/100|[from] Sandstorm\n|-heal|p1a: Florges|11\/100|[from] item: Leftovers\n|upkeep\n|inactive|marniedoll has 30 seconds left.\n|c| zaydapoketrainer|dont u lose to this anyway though\n|c| zaydapoketrainer|it has done enough damage\n|c|\u2606marniedoll|shhh we dont talk about that\n|inactive|marniedoll has 20 seconds left.\n|\n|t:|1666141951\n|switch|p2a: Rotom|Rotom-Wash|100\/100\n|-damage|p2a: Rotom|88\/100|[from] Stealth Rock\n|turn|25\n|inactive|marniedoll has 30 seconds left this turn.\n|c| zaydapoketrainer|victini was hardwalled by milotic\n|c| zaydapoketrainer|+ rotom-heat\n|\n|t:|1666141960\n|move|p2a: Rotom|Volt Switch|p1a: Florges\n|-damage|p1a: Florges|5\/100\n|inactive|marniedoll has 30 seconds left this turn.\n|c| zaydapoketrainer|so it wouldnt do anything with sand and rocks\n|c| zaydapoketrainer|oh my\n|c| zaydapoketrainer|that tank\n|\n|t:|1666141965\n|switch|p2a: Gardevoir|Gardevoir, F, shiny|84\/100 par|[from]move: Volt Switch\n|-damage|p2a: Gardevoir|72\/100 par|[from] Stealth Rock\n|move|p1a: Florges|Synthesis|p1a: Florges\n|-heal|p1a: Florges|30\/100\n|\n|-weather|Sandstorm|[upkeep]\n|-damage|p1a: Florges|24\/100|[from] Sandstorm\n|-damage|p2a: Gardevoir|65\/100 par|[from] Sandstorm\n|-heal|p1a: Florges|30\/100|[from] item: Leftovers\n|upkeep\n|turn|26\n|inactive|marniedoll has 30 seconds left.\n|c| zaydapoketrainer|LOL\n|c| zaydapoketrainer|SYNTHESIS IS HALFED\n|\n|t:|1666141975\n|move|p1a: Florges|Synthesis|p1a: Florges\n|-heal|p1a: Florges|55\/100\n|cant|p2a: Gardevoir|par\n|\n|-weather|Sandstorm|[upkeep]\n|-damage|p1a: Florges|49\/100|[from] Sandstorm\n|-damage|p2a: Gardevoir|59\/100 par|[from] Sandstorm\n|-heal|p1a: Florges|55\/100|[from] item: Leftovers\n|upkeep\n|turn|27\n|c| zaydapoketrainer|HALVED\n|inactive|marniedoll has 30 seconds left.\n|\n|t:|1666141985\n|move|p1a: Florges|Moonblast|p2a: Gardevoir\n|-damage|p2a: Gardevoir|0 fnt\n|faint|p2a: Gardevoir\n|\n|-weather|Sandstorm|[upkeep]\n|-damage|p1a: Florges|49\/100|[from] Sandstorm\n|-heal|p1a: Florges|55\/100|[from] item: Leftovers\n|upkeep\n|inactive|marniedoll has 30 seconds left.\n|c| zaydapoketrainer|Imagine melmetal in gen 6\n|\n|t:|1666141997\n|switch|p2a: Goodra|Goodra, F|88\/100\n|-damage|p2a: Goodra|76\/100|[from] Stealth Rock\n|turn|28\n|\n|t:|1666142002\n|move|p2a: Goodra|Sludge Wave|p1a: Florges\n|-supereffective|p1a: Florges\n|-damage|p1a: Florges|42\/100\n|move|p1a: Florges|Moonblast|p2a: Goodra\n|-supereffective|p2a: Goodra\n|-damage|p2a: Goodra|0 fnt\n|faint|p2a: Goodra\n|\n|-weather|none\n|-heal|p1a: Florges|48\/100|[from] item: Leftovers\n|upkeep\n|c| zaydapoketrainer|13\n|c| zaydapoketrainer|BROO\n|c|\u2606marniedoll|gg\n|c|\u2606IIIodyne|gg \u2606\uff5e\uff08\u309d\u3002\u2202)\n|\n|t:|1666142011\n|switch|p2a: Rotom|Rotom-Wash|88\/100\n|-damage|p2a: Rotom|76\/100|[from] Stealth Rock\n|turn|29\n|c| zaydapoketrainer|FLORGES BROKEN??\n|inactive|marniedoll has 30 seconds left.\n|\n|t:|1666142026\n|move|p2a: Rotom|Pain Split|p1a: Florges\n|-sethp|p1a: Florges|56\/100|[from] move: Pain Split|[silent]\n|-sethp|p2a: Rotom|67\/100|[from] move: Pain Split\n|move|p1a: Florges|Moonblast|p2a: Rotom\n|-damage|p2a: Rotom|0 fnt\n|faint|p2a: Rotom\n|\n|win|IIIodyne\n|n|\u2606IIIodyne|iiiodyne\n|n|\u2606marniedoll|marniedoll\n|n| OUTD FaceBlue|outdfaceblue\n|n| samohi0|samohi0\n|n| zaydapoketrainer|zaydapoketrainer\n|c| zaydapoketrainer|tbf ttar first was probably the play\n|c|\u2606IIIodyne|ty\n|c| zaydapoketrainer|going for as many phys attacks\n|c|\u2606marniedoll|gg <3\n","uploadtime":1666142048,"views":17,"p1id":"iiiodyne","p2id":"marniedoll","formatid":"gen6ou","rating":0,"private":0,"password":null}