{"id":"gen6ou-608257241","p1":"SweetPosho","p2":"Bestixl","format":"gen6ou","log":"|j|SweetPosho\n|j|Bestixl\n|player|p1|SweetPosho|25\n|teamsize|p1|6\n|player|p2|Bestixl|96\n|teamsize|p2|6\n|gametype|singles\n|gen|6\n|tier|[Gen 6] OU\n|seed|26060,16572,62836,63415\n|rule|Sleep Clause Mod: Limit one foe put to sleep\n|rule|Species Clause: Limit one of each Pok\u00e9mon\n|rule|OHKO Clause: OHKO moves are banned\n|rule|Moody Clause: Moody is banned\n|rule|Evasion Moves Clause: Evasion moves are banned\n|rule|Endless Battle Clause: Forcing endless battles is banned\n|rule|HP Percentage Mod: HP is shown in percentages\n|clearpoke\n|poke|p1|Clefable, F|item\n|poke|p1|Garchomp, M|item\n|poke|p1|Excadrill, M|item\n|poke|p1|Ferrothorn, M|item\n|poke|p1|Tornadus-Therian, M|item\n|poke|p1|Slowbro, F|item\n|poke|p2|Medicham, F|item\n|poke|p2|Excadrill, M|item\n|poke|p2|Rotom-Wash|item\n|poke|p2|Tornadus-Therian, M|item\n|poke|p2|Clefable, M|item\n|poke|p2|Keldeo-Resolute|item\n|rule|Swagger Clause: Swagger is banned\n|rule|Baton Pass Clause: Limit one Baton Passer, can't pass Spe and other stats simultaneously\n|teampreview\n|choice|team 2, team 1, team 3, team 4, team 5, team 6|team 5, team 2, team 3, team 4, team 1, team 6\n|\n|start\n|switch|p1a: Roughneck|Garchomp, M|419\/419\n|switch|p2a: Clefable|Clefable, M|394\/394\n|turn|1\n|choice|move stealthrock|move stealthrock\n|\n|move|p1a: Roughneck|Stealth Rock|p2a: Clefable\n|-sidestart|p2: Bestixl|move: Stealth Rock\n|move|p2a: Clefable|Stealth Rock|p1a: Roughneck\n|-sidestart|p1: SweetPosho|move: Stealth Rock\n|\n|upkeep\n|turn|2\n|choice|switch 4|switch 5\n|\n|switch|p1a: Tuerca|Ferrothorn, M|351\/351\n|-damage|p1a: Tuerca|330\/351|[from] Stealth Rock\n|switch|p2a: Medicham|Medicham, F|261\/261\n|-damage|p2a: Medicham|245\/261|[from] Stealth Rock\n|\n|-heal|p1a: Tuerca|351\/351|[from] item: Leftovers\n|upkeep\n|turn|3\n|choice|switch 6|move thunderpunch mega\n|\n|switch|p1a: Reiku|Slowbro, F|394\/394\n|-damage|p1a: Reiku|345\/394|[from] Stealth Rock\n|detailschange|p2a: Medicham|Medicham-Mega, F\n|-mega|p2a: Medicham|Medicham|Medichamite\n|move|p2a: Medicham|Thunder Punch|p1a: Reiku\n|-supereffective|p1a: Reiku\n|-damage|p1a: Reiku|121\/394\n|\n|upkeep\n|turn|4\n|choice|switch 2|move thunderpunch\n|\n|switch|p1a: Dolores|Clefable, F|394\/394\n|move|p2a: Medicham|Thunder Punch|p1a: Dolores\n|-damage|p1a: Dolores|231\/394\n|\n|-heal|p1a: Dolores|255\/394|[from] item: Leftovers\n|upkeep\n|turn|5\n|choice|move softboiled|move highjumpkick\n|\n|move|p2a: Medicham|High Jump Kick|p1a: Dolores\n|-resisted|p1a: Dolores\n|-damage|p1a: Dolores|44\/394\n|move|p1a: Dolores|Soft-Boiled|p1a: Dolores\n|-heal|p1a: Dolores|241\/394\n|\n|-heal|p1a: Dolores|265\/394|[from] item: Leftovers\n|upkeep\n|turn|6\n|choice|move softboiled|move highjumpkick\n|\n|move|p2a: Medicham|High Jump Kick|p1a: Dolores\n|-resisted|p1a: Dolores\n|-damage|p1a: Dolores|69\/394\n|move|p1a: Dolores|Soft-Boiled|p1a: Dolores\n|-heal|p1a: Dolores|266\/394\n|\n|-heal|p1a: Dolores|290\/394|[from] item: Leftovers\n|upkeep\n|turn|7\n|choice|move softboiled|move highjumpkick\n|\n|move|p2a: Medicham|High Jump Kick|p1a: Dolores\n|-resisted|p1a: Dolores\n|-damage|p1a: Dolores|81\/394\n|move|p1a: Dolores|Soft-Boiled|p1a: Dolores\n|-heal|p1a: Dolores|278\/394\n|\n|-heal|p1a: Dolores|302\/394|[from] item: Leftovers\n|upkeep\n|turn|8\n|choice|move softboiled|move highjumpkick\n|\n|move|p2a: Medicham|High Jump Kick|p1a: Dolores\n|-resisted|p1a: Dolores\n|-damage|p1a: Dolores|113\/394\n|move|p1a: Dolores|Soft-Boiled|p1a: Dolores\n|-heal|p1a: Dolores|310\/394\n|\n|-heal|p1a: Dolores|334\/394|[from] item: Leftovers\n|upkeep\n|turn|9\n|choice|move softboiled|switch 4\n|\n|switch|p2a: Tornadus|Tornadus-Therian, M|361\/361\n|-damage|p2a: Tornadus|271\/361|[from] Stealth Rock\n|move|p1a: Dolores|Soft-Boiled|p1a: Dolores\n|-heal|p1a: Dolores|394\/394\n|\n|upkeep\n|turn|10\n|choice|switch 4|move knockoff\n|\n|switch|p1a: Roughneck|Garchomp, M|419\/419\n|-damage|p1a: Roughneck|393\/419|[from] Stealth Rock\n|move|p2a: Tornadus|Knock Off|p1a: Roughneck\n|-damage|p1a: Roughneck|338\/419\n|-damage|p2a: Tornadus|226\/361|[from] ability: Rough Skin|[of] p1a: Roughneck\n|-damage|p2a: Tornadus|166\/361|[from] item: Rocky Helmet|[of] p1a: Roughneck\n|-enditem|p1a: Roughneck|Rocky Helmet|[from] move: Knock Off|[of] p2a: Tornadus\n|\n|upkeep\n|turn|11\n|choice|switch 6|switch 3\n|\n|switch|p2a: Rotom|Rotom-Wash|303\/303\n|-damage|p2a: Rotom|266\/303|[from] Stealth Rock\n|switch|p1a: Tuerca|Ferrothorn, M|351\/351\n|-damage|p1a: Tuerca|330\/351|[from] Stealth Rock\n|\n|-heal|p2a: Rotom|284\/303|[from] item: Leftovers\n|-heal|p1a: Tuerca|351\/351|[from] item: Leftovers\n|upkeep\n|turn|12\n|choice|switch 4|move willowisp\n|\n|switch|p1a: Dolores|Clefable, F|394\/394\n|move|p2a: Rotom|Will-O-Wisp|p1a: Dolores|[miss]\n|-miss|p2a: Rotom|p1a: Dolores\n|\n|-heal|p2a: Rotom|302\/303|[from] item: Leftovers\n|upkeep\n|turn|13\n|choice|switch 3|move thunderwave\n|\n|switch|p1a: Topotamadre|Excadrill, M|361\/361\n|-damage|p1a: Topotamadre|350\/361|[from] Stealth Rock\n|-ability|p1a: Topotamadre|Mold Breaker\n|move|p2a: Rotom|Thunder Wave|p1a: Topotamadre\n|-immune|p1a: Topotamadre|[msg]\n|\n|-heal|p2a: Rotom|303\/303|[from] item: Leftovers\n|upkeep\n|turn|14\n|choice|move earthquake|move hydropump\n|\n|move|p1a: Topotamadre|Earthquake|p2a: Rotom\n|-supereffective|p2a: Rotom\n|-damage|p2a: Rotom|45\/303\n|move|p2a: Rotom|Hydro Pump|p1a: Topotamadre\n|-supereffective|p1a: Topotamadre\n|-damage|p1a: Topotamadre|0 fnt\n|faint|p1a: Topotamadre\n|\n|-heal|p2a: Rotom|63\/303|[from] item: Leftovers\n|upkeep\n|choice|switch 5|\n|\n|switch|p1a: Periquito|Tornadus-Therian, M|299\/299\n|-damage|p1a: Periquito|225\/299|[from] Stealth Rock\n|turn|15\n|inactive|Battle timer is ON: inactive players will automatically lose when time's up. (requested by SweetPosho)\n|choice|move superpower|switch 5\n|\n|switch|p2a: Clefable|Clefable, M|394\/394\n|move|p1a: Periquito|Superpower|p2a: Clefable\n|-resisted|p2a: Clefable\n|-damage|p2a: Clefable|332\/394\n|-unboost|p1a: Periquito|atk|1\n|-unboost|p1a: Periquito|def|1\n|-damage|p1a: Periquito|196\/299|[from] item: Life Orb\n|\n|-heal|p2a: Clefable|356\/394|[from] item: Leftovers\n|upkeep\n|turn|16\n|inactive|Bestixl has 270 seconds left.\n|choice|move hurricane|move moonblast\n|\n|move|p1a: Periquito|Hurricane|p2a: Clefable|[miss]\n|-miss|p1a: Periquito|p2a: Clefable\n|move|p2a: Clefable|Moonblast|p1a: Periquito\n|-damage|p1a: Periquito|75\/299\n|-unboost|p1a: Periquito|spa|1\n|\n|-heal|p2a: Clefable|380\/394|[from] item: Leftovers\n|upkeep\n|turn|17\n|c|\u2606Bestixl|lol\n|inactive|Bestixl has 270 seconds left.\n|c|\u2606SweetPosho|pero mueve r\u00e1pidooooo\n|choice|switch 4|move moonblast\n|\n|switch|p1a: Tuerca|Ferrothorn, M|351\/351\n|-damage|p1a: Tuerca|330\/351|[from] Stealth Rock\n|move|p2a: Clefable|Moonblast|p1a: Tuerca\n|-resisted|p1a: Tuerca\n|-damage|p1a: Tuerca|289\/351\n|-unboost|p1a: Tuerca|spa|1\n|\n|-heal|p2a: Clefable|394\/394|[from] item: Leftovers\n|-heal|p1a: Tuerca|310\/351|[from] item: Leftovers\n|upkeep\n|turn|18\n|c|\u2606Bestixl|;-;\n|choice|move powerwhip|switch 3\n|\n|switch|p2a: Tornadus|Tornadus-Therian, M|286\/361\n|-damage|p2a: Tornadus|196\/361|[from] Stealth Rock\n|move|p1a: Tuerca|Power Whip|p2a: Tornadus\n|-resisted|p2a: Tornadus\n|-damage|p2a: Tornadus|113\/361\n|\n|-heal|p1a: Tuerca|331\/351|[from] item: Leftovers\n|upkeep\n|turn|19\n|choice|move powerwhip|move heatwave\n|\n|move|p2a: Tornadus|Heat Wave|p1a: Tuerca\n|-supereffective|p1a: Tuerca\n|-damage|p1a: Tuerca|95\/351\n|-status|p1a: Tuerca|brn\n|move|p1a: Tuerca|Power Whip|p2a: Tornadus\n|-resisted|p2a: Tornadus\n|-damage|p2a: Tornadus|75\/361\n|\n|-heal|p1a: Tuerca|116\/351 brn|[from] item: Leftovers\n|-damage|p1a: Tuerca|73\/351 brn|[from] brn\n|upkeep\n|turn|20\n|c|\u2606SweetPosho|ol paso\n|inactive|Bestixl has 270 seconds left.\n|c|\u2606Bestixl|sad\n|choice|switch 3|move knockoff\n|\n|switch|p1a: Dolores|Clefable, F|394\/394\n|move|p2a: Tornadus|Knock Off|p1a: Dolores\n|-resisted|p1a: Dolores\n|-damage|p1a: Dolores|364\/394\n|-enditem|p1a: Dolores|Leftovers|[from] move: Knock Off|[of] p2a: Tornadus\n|\n|upkeep\n|turn|21\n|choice|move moonblast|move uturn\n|\n|move|p2a: Tornadus|U-turn|p1a: Dolores\n|-resisted|p1a: Dolores\n|-damage|p1a: Dolores|339\/394\n|choice||switch 2\n|\n|switch|p2a: Excadrill|Excadrill, M|361\/361\n|-damage|p2a: Excadrill|350\/361|[from] Stealth Rock\n|-ability|p2a: Excadrill|Mold Breaker\n|move|p1a: Dolores|Moonblast|p2a: Excadrill\n|-resisted|p2a: Excadrill\n|-damage|p2a: Excadrill|275\/361\n|\n|upkeep\n|turn|22\n|choice|move calmmind|move rapidspin\n|\n|move|p2a: Excadrill|Rapid Spin|p1a: Dolores\n|-damage|p1a: Dolores|316\/394\n|-sideend|p2: Bestixl|Stealth Rock|[from] move: Rapid Spin|[of] p2a: Excadrill\n|move|p1a: Dolores|Calm Mind|p1a: Dolores\n|-boost|p1a: Dolores|spa|1\n|-boost|p1a: Dolores|spd|1\n|\n|upkeep\n|turn|23\n|choice|move moonblast|switch 2\n|\n|switch|p2a: Tornadus|Tornadus-Therian, M|195\/361\n|move|p1a: Dolores|Moonblast|p2a: Tornadus\n|-damage|p2a: Tornadus|78\/361\n|\n|upkeep\n|turn|24\n|choice|move softboiled|move uturn\n|\n|move|p2a: Tornadus|U-turn|p1a: Dolores\n|-resisted|p1a: Dolores\n|-damage|p1a: Dolores|293\/394\n|c|\u2606Bestixl|ahora es cuando revela flame\n|choice||switch 2\n|\n|switch|p2a: Excadrill|Excadrill, M|275\/361\n|-ability|p2a: Excadrill|Mold Breaker\n|move|p1a: Dolores|Soft-Boiled|p1a: Dolores\n|-heal|p1a: Dolores|394\/394\n|\n|upkeep\n|turn|25\n|choice|switch 6|move ironhead\n|\n|switch|p1a: Roughneck|Garchomp, M|338\/419\n|-damage|p1a: Roughneck|312\/419|[from] Stealth Rock\n|move|p2a: Excadrill|Iron Head|p1a: Roughneck\n|-damage|p1a: Roughneck|192\/419\n|-damage|p2a: Excadrill|230\/361|[from] ability: Rough Skin|[of] p1a: Roughneck\n|\n|upkeep\n|turn|26\n|choice|move stealthrock|switch 4\n|\n|switch|p2a: Medicham|Medicham-Mega, F|245\/261\n|move|p1a: Roughneck|Stealth Rock|p2a: Medicham\n|-sidestart|p2: Bestixl|move: Stealth Rock\n|\n|upkeep\n|turn|27\n|choice|switch 6|move thunderpunch\n|\n|switch|p1a: Dolores|Clefable, F|394\/394\n|move|p2a: Medicham|Thunder Punch|p1a: Dolores\n|-damage|p1a: Dolores|254\/394\n|\n|upkeep\n|turn|28\n|choice|move softboiled|move highjumpkick\n|\n|move|p2a: Medicham|High Jump Kick|p1a: Dolores\n|-resisted|p1a: Dolores\n|-damage|p1a: Dolores|54\/394\n|move|p1a: Dolores|Soft-Boiled|p1a: Dolores\n|-heal|p1a: Dolores|251\/394\n|\n|upkeep\n|turn|29\n|choice|move thunderwave|move highjumpkick\n|\n|move|p2a: Medicham|High Jump Kick|p1a: Dolores\n|-resisted|p1a: Dolores\n|-damage|p1a: Dolores|42\/394\n|move|p1a: Dolores|Thunder Wave|p2a: Medicham\n|-status|p2a: Medicham|par\n|\n|upkeep\n|turn|30\n|choice|move softboiled|switch 6\n|\n|switch|p2a: Keldeo|Keldeo-Resolute|323\/323\n|-damage|p2a: Keldeo|303\/323|[from] Stealth Rock\n|move|p1a: Dolores|Soft-Boiled|p1a: Dolores\n|-heal|p1a: Dolores|239\/394\n|\n|upkeep\n|turn|31\n|choice|switch 3|move hydropump\n|\n|switch|p1a: Tuerca|Ferrothorn, M|73\/351 brn\n|-damage|p1a: Tuerca|52\/351 brn|[from] Stealth Rock\n|move|p2a: Keldeo|Hydro Pump|p1a: Tuerca\n|-resisted|p1a: Tuerca\n|-damage|p1a: Tuerca|0 fnt\n|faint|p1a: Tuerca\n|\n|upkeep\n|choice|switch 4|\n|\n|switch|p1a: Periquito|Tornadus-Therian, M|174\/299\n|-damage|p1a: Periquito|100\/299|[from] Stealth Rock\n|turn|32\n|choice|move hurricane|switch 2\n|\n|switch|p2a: Tornadus|Tornadus-Therian, M|198\/361\n|-damage|p2a: Tornadus|108\/361|[from] Stealth Rock\n|move|p1a: Periquito|Hurricane|p2a: Tornadus|[miss]\n|-miss|p1a: Periquito|p2a: Tornadus\n|\n|upkeep\n|turn|33\n|choice|move hurricane|move knockoff\n|\n|move|p1a: Periquito|Hurricane|p2a: Tornadus\n|-damage|p2a: Tornadus|0 fnt\n|-damage|p1a: Periquito|71\/299|[from] item: Life Orb\n|faint|p2a: Tornadus\n|\n|upkeep\n|j|Garay oak\n|j|Xirak\n|inactive|Bestixl has 270 seconds left.\n|c| Garay oak|Esto para que es?\n|choice||switch 4\n|\n|switch|p2a: Excadrill|Excadrill, M|230\/361\n|-damage|p2a: Excadrill|219\/361|[from] Stealth Rock\n|-ability|p2a: Excadrill|Mold Breaker\n|turn|34\n|l|Xirak\n|j|Leiteng\n|c| Leiteng|fun\n|c| Garay oak|Ah\n|choice|switch 6|move ironhead\n|\n|switch|p1a: Roughneck|Garchomp, M|192\/419\n|-damage|p1a: Roughneck|166\/419|[from] Stealth Rock\n|move|p2a: Excadrill|Iron Head|p1a: Roughneck\n|-damage|p1a: Roughneck|52\/419\n|-damage|p2a: Excadrill|174\/361|[from] ability: Rough Skin|[of] p1a: Roughneck\n|\n|upkeep\n|turn|35\n|choice|switch 2|move ironhead\n|\n|switch|p1a: Reiku|Slowbro, F|252\/394\n|-damage|p1a: Reiku|203\/394|[from] Stealth Rock\n|move|p2a: Excadrill|Iron Head|p1a: Reiku\n|-resisted|p1a: Reiku\n|-damage|p1a: Reiku|152\/394\n|\n|upkeep\n|turn|36\n|c| Leiteng|si quieres ver combates de torneos\n|c| Leiteng|http:\/\/smogtours.psim.us\/battle-gen4ou-305304 ruleta\n|choice|move scald|switch 3\n|\n|switch|p2a: Clefable|Clefable, M|394\/394\n|move|p1a: Reiku|Scald|p2a: Clefable\n|-damage|p2a: Clefable|288\/394\n|-status|p2a: Clefable|brn\n|\n|-heal|p2a: Clefable|312\/394 brn|[from] item: Leftovers\n|upkeep\n|turn|37\n|l|Garay oak\n|choice|move slackoff|move moonblast\n|\n|move|p2a: Clefable|Moonblast|p1a: Reiku\n|-damage|p1a: Reiku|43\/394\n|-unboost|p1a: Reiku|spa|1\n|move|p1a: Reiku|Slack Off|p1a: Reiku\n|-heal|p1a: Reiku|240\/394\n|\n|-heal|p2a: Clefable|336\/394 brn|[from] item: Leftovers\n|upkeep\n|turn|38\n|choice|move slackoff|move healingwish\n|\n|move|p2a: Clefable|Healing Wish|p2a: Clefable\n|faint|p2a: Clefable\n|move|p1a: Reiku|Slack Off|p1a: Reiku\n|-heal|p1a: Reiku|394\/394\n|\n|upkeep\n|choice||switch 6\n|\n|switch|p2a: Medicham|Medicham-Mega, F|245\/261 par\n|-heal|p2a: Medicham|261\/261|[from] move: Healing Wish\n|-damage|p2a: Medicham|245\/261|[from] Stealth Rock\n|turn|39\n|c|\u2606Bestixl|lol\n|c|\u2606Bestixl|miss\n|c|\u2606Bestixl|;-;\n|choice|move calmmind mega|move thunderpunch\n|\n|detailschange|p1a: Reiku|Slowbro-Mega, F\n|-mega|p1a: Reiku|Slowbro|Slowbronite\n|move|p2a: Medicham|Thunder Punch|p1a: Reiku\n|-supereffective|p1a: Reiku\n|-damage|p1a: Reiku|242\/394\n|move|p1a: Reiku|Calm Mind|p1a: Reiku\n|-boost|p1a: Reiku|spa|1\n|-boost|p1a: Reiku|spd|1\n|\n|upkeep\n|turn|40\n|choice|move slackoff|move thunderpunch\n|\n|move|p2a: Medicham|Thunder Punch|p1a: Reiku\n|-supereffective|p1a: Reiku\n|-damage|p1a: Reiku|92\/394\n|-status|p1a: Reiku|par\n|move|p1a: Reiku|Slack Off|p1a: Reiku\n|-heal|p1a: Reiku|289\/394 par\n|\n|upkeep\n|turn|41\n|choice|move slackoff|move thunderpunch\n|\n|move|p2a: Medicham|Thunder Punch|p1a: Reiku\n|-supereffective|p1a: Reiku\n|-damage|p1a: Reiku|139\/394 par\n|move|p1a: Reiku|Slack Off|p1a: Reiku\n|-heal|p1a: Reiku|336\/394 par\n|\n|upkeep\n|turn|42\n|c|\u2606SweetPosho|venga\n|choice|move scald|move thunderpunch\n|\n|move|p2a: Medicham|Thunder Punch|p1a: Reiku\n|-supereffective|p1a: Reiku\n|-damage|p1a: Reiku|186\/394 par\n|move|p1a: Reiku|Scald|p2a: Medicham\n|-damage|p2a: Medicham|119\/261\n|\n|upkeep\n|turn|43\n|choice|move slackoff|move thunderpunch\n|\n|move|p2a: Medicham|Thunder Punch|p1a: Reiku\n|-supereffective|p1a: Reiku\n|-damage|p1a: Reiku|26\/394 par\n|move|p1a: Reiku|Slack Off|p1a: Reiku\n|-heal|p1a: Reiku|223\/394 par\n|\n|upkeep\n|turn|44\n|choice|move scald|move thunderpunch\n|\n|move|p2a: Medicham|Thunder Punch|p1a: Reiku\n|-supereffective|p1a: Reiku\n|-damage|p1a: Reiku|45\/394 par\n|move|p1a: Reiku|Scald|p2a: Medicham\n|-damage|p2a: Medicham|0 fnt\n|faint|p2a: Medicham\n|\n|upkeep\n|inactive|Bestixl has 270 seconds left.\n|choice||switch 5\n|\n|switch|p2a: Rotom|Rotom-Wash|63\/303\n|-damage|p2a: Rotom|26\/303|[from] Stealth Rock\n|turn|45\n|choice|switch 2|move voltswitch\n|\n|switch|p1a: Roughneck|Garchomp, M|52\/419\n|-damage|p1a: Roughneck|26\/419|[from] Stealth Rock\n|move|p2a: Rotom|Volt Switch|p1a: Roughneck\n|-immune|p1a: Roughneck|[msg]\n|\n|-heal|p2a: Rotom|44\/303|[from] item: Leftovers\n|upkeep\n|turn|46\n|choice|move dragontail|move voltswitch\n|\n|move|p2a: Rotom|Volt Switch|p1a: Roughneck\n|-immune|p1a: Roughneck|[msg]\n|move|p1a: Roughneck|Dragon Tail|p2a: Rotom\n|-damage|p2a: Rotom|0 fnt\n|faint|p2a: Rotom\n|\n|upkeep\n|choice||switch 2\n|\n|switch|p2a: Keldeo|Keldeo-Resolute|303\/323\n|-damage|p2a: Keldeo|283\/323|[from] Stealth Rock\n|turn|47\n|choice|move fireblast|move scald\n|\n|move|p2a: Keldeo|Scald|p1a: Roughneck\n|-crit|p1a: Roughneck\n|-damage|p1a: Roughneck|0 fnt\n|faint|p1a: Roughneck\n|\n|upkeep\n|choice|switch 3|\n|\n|switch|p1a: Dolores|Clefable, F|239\/394\n|turn|48\n|choice|move calmmind|move scald\n|\n|move|p2a: Keldeo|Scald|p1a: Dolores\n|-damage|p1a: Dolores|32\/394\n|move|p1a: Dolores|Calm Mind|p1a: Dolores\n|-boost|p1a: Dolores|spa|1\n|-boost|p1a: Dolores|spd|1\n|\n|upkeep\n|turn|49\n|c|\u2606SweetPosho|wait why\n|c|\u2606SweetPosho|en serion qu\u00e9 puta potra tienes macho lol\n|-message|SweetPosho forfeited.\n|\n|win|Bestixl\n|l|SweetPosho","inputlog":null,"uploadtime":1500926207,"views":64,"p1id":"sweetposho","p2id":"bestixl","formatid":"gen6ou","rating":0,"private":0,"password":null}