{"id":"gen6ou-1695307456","p1":"BTLT6 Tropico","p2":"CLOysTerdeEzNutS","format":"gen6ou","log":"|raw|<div class=\"broadcast-blue\"><strong>This battle is required to be public due to a player having a name starting with 'btlt6'.<\/div>\n|j|\u2606BTLT6 Tropico\n|j|\u2606CLOysTerdeEzNutS\n|t:|1666790626\n|gametype|singles\n|player|p1|BTLT6 Tropico|nate|1460\n|player|p2|CLOysTerdeEzNutS|gambler-gen1|1482\n|teamsize|p1|6\n|teamsize|p2|6\n|gen|6\n|tier|[Gen 6] OU\n|rated|\n|rule|Sleep Clause Mod: Limit one foe put to sleep\n|rule|Species Clause: Limit one of each Pok\u00e9mon\n|rule|OHKO Clause: OHKO moves are banned\n|rule|Moody Clause: Moody is banned\n|rule|Evasion Items Clause: Evasion items are banned\n|rule|Evasion Moves Clause: Evasion moves are banned\n|rule|Endless Battle Clause: Forcing endless battles is banned\n|rule|HP Percentage Mod: HP is shown in percentages\n|rule|Swagger Clause: Swagger is banned\n|clearpoke\n|poke|p1|Excadrill, M|item\n|poke|p1|Gyarados, F|item\n|poke|p1|Bisharp, M|item\n|poke|p1|Thundurus, M|item\n|poke|p1|Volcarona, F|item\n|poke|p1|Serperior, F|item\n|poke|p2|Scolipede, M|item\n|poke|p2|Lopunny, F|item\n|poke|p2|Landorus-Therian, M|item\n|poke|p2|Bisharp, M|item\n|poke|p2|Garchomp, M|item\n|poke|p2|Cloyster, M|item\n|teampreview\n|inactive|Battle timer is ON: inactive players will automatically lose when time's up. (requested by CLOysTerdeEzNutS)\n|inactive|BTLT6 Tropico also wants the timer to be on.\n|\n|t:|1666790655\n|start\n|switch|p1a: Thundurus|Thundurus, M|100\/100\n|switch|p2a: Lopunny|Lopunny, F|100\/100\n|turn|1\n|\n|t:|1666790661\n|switch|p1a: Gyarados|Gyarados, F|100\/100\n|-ability|p1a: Gyarados|Intimidate|boost\n|-unboost|p2a: Lopunny|atk|1\n|detailschange|p2a: Lopunny|Lopunny-Mega, F\n|-mega|p2a: Lopunny|Lopunny|Lopunnite\n|move|p2a: Lopunny|Fake Out|p1a: Gyarados\n|-damage|p1a: Gyarados|81\/100\n|\n|upkeep\n|turn|2\n|\n|t:|1666790670\n|switch|p1a: Excadrill|Excadrill, M|100\/100\n|-ability|p1a: Excadrill|Mold Breaker\n|move|p2a: Lopunny|Frustration|p1a: Excadrill\n|-resisted|p1a: Excadrill\n|-damage|p1a: Excadrill|70\/100\n|\n|upkeep\n|turn|3\n|\n|t:|1666790675\n|move|p1a: Excadrill|Protect|p1a: Excadrill\n|-singleturn|p1a: Excadrill|Protect\n|move|p2a: Lopunny|High Jump Kick|p1a: Excadrill\n|-activate|p1a: Excadrill|move: Protect\n|-damage|p2a: Lopunny|51\/100|[from] highjumpkick\n|\n|upkeep\n|turn|4\n|\n|t:|1666790678\n|switch|p1a: Gyarados|Gyarados, F|81\/100\n|-ability|p1a: Gyarados|Intimidate|boost\n|-unboost|p2a: Lopunny|atk|1\n|move|p2a: Lopunny|High Jump Kick|p1a: Gyarados\n|-resisted|p1a: Gyarados\n|-crit|p1a: Gyarados\n|-damage|p1a: Gyarados|12\/100\n|\n|upkeep\n|turn|5\n|c|\u2606BTLT6 Tropico|ntm mdr\n|\n|t:|1666790687\n|detailschange|p1a: Gyarados|Gyarados-Mega, F\n|-mega|p1a: Gyarados|Gyarados|Gyaradosite\n|-ability|p1a: Gyarados|Mold Breaker\n|move|p2a: Lopunny|Frustration|p1a: Gyarados\n|-damage|p1a: Gyarados|0 fnt\n|faint|p1a: Gyarados\n|\n|upkeep\n|\n|t:|1666790693\n|switch|p1a: Volcarona|Volcarona, F|100\/100\n|turn|6\n|\n|t:|1666790696\n|switch|p2a: Garchomp|Garchomp, M|100\/100\n|move|p1a: Volcarona|Quiver Dance|p1a: Volcarona\n|-boost|p1a: Volcarona|spa|1\n|-boost|p1a: Volcarona|spd|1\n|-boost|p1a: Volcarona|spe|1\n|\n|upkeep\n|turn|7\n|\n|t:|1666790698\n|move|p1a: Volcarona|Bug Buzz|p2a: Garchomp\n|-damage|p2a: Garchomp|15\/100\n|move|p2a: Garchomp|Earthquake|p1a: Volcarona\n|-damage|p1a: Volcarona|19\/100\n|\n|upkeep\n|turn|8\n|\n|t:|1666790701\n|move|p1a: Volcarona|Giga Drain|p2a: Garchomp\n|-damage|p2a: Garchomp|0 fnt\n|-heal|p1a: Volcarona|28\/100|[from] drain|[of] p2a: Garchomp\n|faint|p2a: Garchomp\n|\n|upkeep\n|\n|t:|1666790703\n|switch|p2a: Lopunny|Lopunny-Mega, F|51\/100\n|turn|9\n|\n|t:|1666790708\n|move|p2a: Lopunny|Fake Out|p1a: Volcarona\n|-damage|p1a: Volcarona|0 fnt\n|faint|p1a: Volcarona\n|\n|upkeep\n|\n|t:|1666790714\n|switch|p1a: Excadrill|Excadrill, M|70\/100\n|-ability|p1a: Excadrill|Mold Breaker\n|turn|10\n|\n|t:|1666790718\n|switch|p2a: Landorus|Landorus-Therian, M|100\/100\n|-ability|p2a: Landorus|Intimidate|boost\n|-unboost|p1a: Excadrill|atk|1\n|move|p1a: Excadrill|Stealth Rock|p2a: Landorus\n|-sidestart|p2: CLOysTerdeEzNutS|move: Stealth Rock\n|\n|upkeep\n|turn|11\n|\n|t:|1666790720\n|switch|p1a: Thundurus|Thundurus, M|100\/100\n|move|p2a: Landorus|Stealth Rock|p1a: Thundurus\n|-sidestart|p1: BTLT6 Tropico|move: Stealth Rock\n|\n|upkeep\n|turn|12\n|\n|t:|1666790722\n|move|p1a: Thundurus|Hidden Power|p2a: Landorus\n|-supereffective|p2a: Landorus\n|-enditem|p2a: Landorus|Focus Sash\n|-damage|p2a: Landorus|1\/100\n|move|p2a: Landorus|Explosion|p1a: Thundurus\n|-damage|p1a: Thundurus|0 fnt\n|faint|p2a: Landorus\n|faint|p1a: Thundurus\n|\n|upkeep\n|\n|t:|1666790727\n|switch|p1a: Excadrill|Excadrill, M|70\/100\n|switch|p2a: Lopunny|Lopunny-Mega, F|51\/100\n|-damage|p2a: Lopunny|45\/100|[from] Stealth Rock\n|-damage|p1a: Excadrill|67\/100|[from] Stealth Rock\n|-ability|p1a: Excadrill|Mold Breaker\n|turn|13\n|\n|t:|1666790738\n|move|p2a: Lopunny|Fake Out|p1a: Excadrill\n|-resisted|p1a: Excadrill\n|-damage|p1a: Excadrill|49\/100\n|cant|p1a: Excadrill|flinch\n|\n|upkeep\n|turn|14\n|\n|t:|1666790742\n|switch|p2a: Scolipede|Scolipede, M|100\/100\n|-damage|p2a: Scolipede|76\/100|[from] Stealth Rock\n|move|p1a: Excadrill|Earthquake|p2a: Scolipede\n|-damage|p2a: Scolipede|0 fnt\n|faint|p2a: Scolipede\n|\n|upkeep\n|\n|t:|1666790746\n|switch|p2a: Cloyster|Cloyster, M|100\/100\n|-damage|p2a: Cloyster|76\/100|[from] Stealth Rock\n|turn|15\n|\n|t:|1666790752\n|move|p1a: Excadrill|Earthquake|p2a: Cloyster\n|-damage|p2a: Cloyster|33\/100\n|move|p2a: Cloyster|Shell Smash|p2a: Cloyster\n|-unboost|p2a: Cloyster|def|1\n|-unboost|p2a: Cloyster|spd|1\n|-boost|p2a: Cloyster|atk|2\n|-boost|p2a: Cloyster|spa|2\n|-boost|p2a: Cloyster|spe|2\n|\n|upkeep\n|turn|16\n|\n|t:|1666790757\n|move|p2a: Cloyster|Icicle Spear|p1a: Excadrill\n|-damage|p1a: Excadrill|17\/100\n|-damage|p1a: Excadrill|0 fnt\n|faint|p1a: Excadrill\n|-hitcount|p1: Excadrill|2\n|\n|upkeep\n|\n|t:|1666790759\n|switch|p1a: Bisharp|Bisharp, M|100\/100\n|-damage|p1a: Bisharp|95\/100|[from] Stealth Rock\n|turn|17\n|\n|t:|1666790767\n|move|p2a: Cloyster|Icicle Spear|p1a: Bisharp\n|-resisted|p1a: Bisharp\n|-crit|p1a: Bisharp\n|-damage|p1a: Bisharp|72\/100\n|-resisted|p1a: Bisharp\n|-damage|p1a: Bisharp|57\/100\n|-resisted|p1a: Bisharp\n|-damage|p1a: Bisharp|41\/100\n|-resisted|p1a: Bisharp\n|-damage|p1a: Bisharp|27\/100\n|-resisted|p1a: Bisharp\n|-damage|p1a: Bisharp|12\/100\n|-hitcount|p1a: Bisharp|5\n|cant|p1a: Bisharp|flinch\n|\n|upkeep\n|turn|18\n|\n|t:|1666790770\n|move|p2a: Cloyster|Rapid Spin|p1a: Bisharp\n|-resisted|p1a: Bisharp\n|-damage|p1a: Bisharp|4\/100\n|-sideend|p2: CLOysTerdeEzNutS|Stealth Rock|[from] move: Rapid Spin|[of] p2a: Cloyster\n|move|p1a: Bisharp|Knock Off|p2a: Cloyster\n|-damage|p2a: Cloyster|0 fnt\n|-enditem|p2a: Cloyster|King's Rock|[from] move: Knock Off|[of] p1a: Bisharp\n|faint|p2a: Cloyster\n|\n|upkeep\n|\n|t:|1666790772\n|switch|p2a: Lopunny|Lopunny-Mega, F|45\/100\n|turn|19\n|\n|t:|1666790776\n|move|p2a: Lopunny|Fake Out|p1a: Bisharp\n|-resisted|p1a: Bisharp\n|-damage|p1a: Bisharp|0 fnt\n|faint|p1a: Bisharp\n|\n|upkeep\n|\n|t:|1666790778\n|switch|p1a: Serperior|Serperior, F|100\/100\n|-damage|p1a: Serperior|88\/100|[from] Stealth Rock\n|turn|20\n|\n|t:|1666790780\n|move|p2a: Lopunny|High Jump Kick|p1a: Serperior\n|-damage|p1a: Serperior|7\/100\n|move|p1a: Serperior|Leaf Storm|p2a: Lopunny|[miss]\n|-miss|p1a: Serperior|p2a: Lopunny\n|\n|upkeep\n|turn|21\n|-message|BTLT6 Tropico forfeited.\n|\n|win|CLOysTerdeEzNutS\n|raw|BTLT6 Tropico's rating: 1460 &rarr; <strong>1441<\/strong><br \/>(-19 for losing)\n|raw|CLOysTerdeEzNutS's rating: 1482 &rarr; <strong>1501<\/strong><br \/>(+19 for winning)\n|l|\u2606BTLT6 Tropico\n","uploadtime":1666790792,"views":12,"p1id":"btlt6tropico","p2id":"cloysterdeeznuts","formatid":"gen6ou","rating":1441,"private":0,"password":null}