{"id":"gen6ou-1695949054","p1":"CLOYSTERDEEZNUTS","p2":"BTLT6 Pepe","format":"gen6ou","log":"|raw|<div class=\"broadcast-blue\"><strong>This battle is required to be public due to a player having a name starting with 'btlt6'.<\/div>\n|j|\u2606CLOYSTERDEEZNUTS\n|j|\u2606BTLT6 Pepe\n|t:|1666846587\n|gametype|singles\n|player|p1|CLOYSTERDEEZNUTS|tuber-gen6|1555\n|player|p2|BTLT6 Pepe|#splxiiitigers|1467\n|teamsize|p1|6\n|teamsize|p2|6\n|gen|6\n|tier|[Gen 6] OU\n|rated|\n|rule|Sleep Clause Mod: Limit one foe put to sleep\n|rule|Species Clause: Limit one of each Pok\u00e9mon\n|rule|OHKO Clause: OHKO moves are banned\n|rule|Moody Clause: Moody is banned\n|rule|Evasion Items Clause: Evasion items are banned\n|rule|Evasion Moves Clause: Evasion moves are banned\n|rule|Endless Battle Clause: Forcing endless battles is banned\n|rule|HP Percentage Mod: HP is shown in percentages\n|rule|Swagger Clause: Swagger is banned\n|clearpoke\n|poke|p1|Mew|item\n|poke|p1|Metagross|item\n|poke|p1|Weavile, F|item\n|poke|p1|Keldeo|item\n|poke|p1|Excadrill, M|item\n|poke|p1|Talonflame, M|item\n|poke|p2|Landorus-Therian, M|item\n|poke|p2|Serperior, M|item\n|poke|p2|Starmie|item\n|poke|p2|Pinsir, M|item\n|poke|p2|Bisharp, F|item\n|poke|p2|Diggersby, F|item\n|teampreview\n|inactive|Battle timer is ON: inactive players will automatically lose when time's up. (requested by CLOYSTERDEEZNUTS)\n|inactive|BTLT6 Pepe has 120 seconds left.\n|\n|t:|1666846632\n|start\n|switch|p1a: Mew|Mew|100\/100\n|switch|p2a: Bisharp|Bisharp, F|100\/100\n|turn|1\n|j| strealet\u2744\n|\n|t:|1666846636\n|move|p1a: Mew|Stealth Rock|p2a: Bisharp\n|-sidestart|p2: BTLT6 Pepe|move: Stealth Rock\n|move|p2a: Bisharp|Knock Off|p1a: Mew\n|-supereffective|p1a: Mew\n|-damage|p1a: Mew|11\/100\n|-enditem|p1a: Mew|Mental Herb|[from] move: Knock Off|[of] p2a: Bisharp\n|\n|upkeep\n|turn|2\n|\n|t:|1666846641\n|move|p1a: Mew|Thunder Wave|p2a: Bisharp\n|-status|p2a: Bisharp|par\n|-enditem|p2a: Bisharp|Lum Berry|[eat]\n|-curestatus|p2a: Bisharp|par|[msg]\n|move|p2a: Bisharp|Swords Dance|p2a: Bisharp\n|-boost|p2a: Bisharp|atk|2\n|\n|upkeep\n|turn|3\n|\n|t:|1666846646\n|move|p1a: Mew|Thunder Wave|p2a: Bisharp\n|-status|p2a: Bisharp|par\n|cant|p2a: Bisharp|par\n|\n|upkeep\n|turn|4\n|\n|t:|1666846649\n|move|p1a: Mew|Taunt|p2a: Bisharp\n|-start|p2a: Bisharp|move: Taunt\n|cant|p2a: Bisharp|move: Taunt|Swords Dance\n|\n|upkeep\n|turn|5\n|\n|t:|1666846654\n|cant|p2a: Bisharp|par\n|move|p1a: Mew|Explosion|p2a: Bisharp\n|-resisted|p2a: Bisharp\n|-damage|p2a: Bisharp|67\/100 par\n|faint|p1a: Mew\n|\n|upkeep\n|\n|t:|1666846659\n|switch|p1a: Keldeo|Keldeo|100\/100\n|turn|6\n|c| strealet\u2744|classic\n|c|\u2606BTLT6 Pepe|increibol\n|\n|t:|1666846663\n|move|p2a: Bisharp|Sucker Punch|p1a: Keldeo\n|-resisted|p1a: Keldeo\n|-damage|p1a: Keldeo|49\/100\n|-ability|p1a: Keldeo|Justified|boost\n|-boost|p1a: Keldeo|atk|1\n|move|p1a: Keldeo|Scald|p2a: Bisharp\n|-damage|p2a: Bisharp|0 fnt\n|faint|p2a: Bisharp\n|\n|upkeep\n|\n|t:|1666846668\n|switch|p2a: Serperior|Serperior, M|100\/100\n|-damage|p2a: Serperior|88\/100|[from] Stealth Rock\n|turn|7\n|\n|t:|1666846672\n|switch|p1a: Talonflame|Talonflame, M|100\/100\n|move|p2a: Serperior|Reflect|p2a: Serperior\n|-sidestart|p2: BTLT6 Pepe|Reflect\n|\n|upkeep\n|turn|8\n|\n|t:|1666846676\n|move|p1a: Talonflame|Brave Bird|p2a: Serperior\n|-supereffective|p2a: Serperior\n|-damage|p2a: Serperior|19\/100\n|-damage|p1a: Talonflame|73\/100|[from] Recoil\n|move|p2a: Serperior|Glare|p1a: Talonflame\n|-status|p1a: Talonflame|par\n|\n|upkeep\n|turn|9\n|\n|t:|1666846681\n|switch|p2a: Landorus|Landorus-Therian, M|100\/100\n|-damage|p2a: Landorus|88\/100|[from] Stealth Rock\n|-ability|p2a: Landorus|Intimidate|boost\n|-unboost|p1a: Talonflame|atk|1\n|move|p1a: Talonflame|Brave Bird|p2a: Landorus\n|-damage|p2a: Landorus|60\/100\n|-damage|p1a: Talonflame|63\/100 par|[from] Recoil\n|\n|upkeep\n|turn|10\n|\n|t:|1666846691\n|switch|p1a: Excadrill|Excadrill, M|100\/100\n|-ability|p1a: Excadrill|Mold Breaker\n|move|p2a: Landorus|Stealth Rock|p1a: Excadrill\n|-sidestart|p1: CLOYSTERDEEZNUTS|move: Stealth Rock\n|\n|upkeep\n|turn|11\n|\n|t:|1666846694\n|move|p2a: Landorus|Earthquake|p1a: Excadrill\n|-supereffective|p1a: Excadrill\n|-enditem|p1a: Excadrill|Focus Sash\n|-damage|p1a: Excadrill|1\/100\n|move|p1a: Excadrill|Rapid Spin|p2a: Landorus\n|-damage|p2a: Landorus|56\/100\n|-sideend|p1: CLOYSTERDEEZNUTS|Stealth Rock|[from] move: Rapid Spin|[of] p1a: Excadrill\n|\n|upkeep\n|turn|12\n|\n|t:|1666846696\n|move|p2a: Landorus|Stealth Rock|p1a: Excadrill\n|-sidestart|p1: CLOYSTERDEEZNUTS|move: Stealth Rock\n|move|p1a: Excadrill|Rapid Spin|p2a: Landorus\n|-damage|p2a: Landorus|52\/100\n|-sideend|p1: CLOYSTERDEEZNUTS|Stealth Rock|[from] move: Rapid Spin|[of] p1a: Excadrill\n|\n|upkeep\n|turn|13\n|\n|t:|1666846709\n|switch|p2a: Starmie|Starmie|100\/100\n|-damage|p2a: Starmie|88\/100|[from] Stealth Rock\n|move|p1a: Excadrill|Rapid Spin|p2a: Starmie\n|-damage|p2a: Starmie|82\/100\n|\n|upkeep\n|turn|14\n|\n|t:|1666846714\n|switch|p1a: Weavile|Weavile, F|100\/100\n|-ability|p1a: Weavile|Pressure\n|move|p2a: Starmie|Rapid Spin|p1a: Weavile\n|-damage|p1a: Weavile|91\/100\n|-sideend|p2: BTLT6 Pepe|Stealth Rock|[from] move: Rapid Spin|[of] p2a: Starmie\n|-damage|p2a: Starmie|73\/100|[from] item: Life Orb\n|\n|-sideend|p2: BTLT6 Pepe|Reflect\n|upkeep\n|turn|15\n|\n|t:|1666846717\n|move|p1a: Weavile|Pursuit|p2a: Starmie\n|-supereffective|p2a: Starmie\n|-damage|p2a: Starmie|0 fnt\n|faint|p2a: Starmie\n|-damage|p1a: Weavile|81\/100|[from] item: Life Orb\n|\n|upkeep\n|\n|t:|1666846726\n|switch|p2a: Pinsir|Pinsir, M|100\/100\n|turn|16\n|\n|t:|1666846730\n|move|p1a: Weavile|Icicle Crash|p2a: Pinsir|[miss]\n|-miss|p1a: Weavile|p2a: Pinsir\n|move|p2a: Pinsir|Return|p1a: Weavile\n|-damage|p1a: Weavile|17\/100\n|\n|upkeep\n|turn|17\n|\n|t:|1666846736\n|move|p1a: Weavile|Ice Shard|p2a: Pinsir\n|-damage|p2a: Pinsir|67\/100\n|-damage|p1a: Weavile|7\/100|[from] item: Life Orb\n|move|p2a: Pinsir|Quick Attack|p1a: Weavile\n|-damage|p1a: Weavile|0 fnt\n|faint|p1a: Weavile\n|\n|upkeep\n|c| strealet\u2744|no moxie?\n|c| strealet\u2744|cringe\n|\n|t:|1666846750\n|switch|p1a: Metagross|Metagross|100\/100\n|turn|18\n|c|\u2606BTLT6 Pepe|Buah\n|c| strealet\u2744|ya me joderia\n|c|\u2606BTLT6 Pepe|seria re basado eso\n|\n|t:|1666846768\n|switch|p2a: Landorus|Landorus-Therian, M|52\/100\n|-ability|p2a: Landorus|Intimidate|boost\n|-fail|p1a: Metagross|unboost|[from] ability: Clear Body|[of] p1a: Metagross\n|detailschange|p1a: Metagross|Metagross-Mega\n|-mega|p1a: Metagross|Metagross|Metagrossite\n|move|p1a: Metagross|Thunder Punch|p2a: Landorus\n|-immune|p2a: Landorus\n|\n|upkeep\n|turn|19\n|\n|t:|1666846773\n|switch|p2a: Serperior|Serperior, M|19\/100\n|move|p1a: Metagross|Zen Headbutt|p2a: Serperior\n|-damage|p2a: Serperior|0 fnt\n|faint|p2a: Serperior\n|\n|upkeep\n|\n|t:|1666846775\n|switch|p2a: Landorus|Landorus-Therian, M|52\/100\n|-ability|p2a: Landorus|Intimidate|boost\n|-unboost|p1a: Metagross|atk|1\n|turn|20\n|\n|t:|1666846781\n|move|p1a: Metagross|Zen Headbutt|p2a: Landorus\n|-damage|p2a: Landorus|6\/100\n|move|p2a: Landorus|Earthquake|p1a: Metagross\n|-supereffective|p1a: Metagross\n|-damage|p1a: Metagross|7\/100\n|\n|upkeep\n|turn|21\n|\n|t:|1666846786\n|move|p1a: Metagross|Bullet Punch|p2a: Landorus\n|-damage|p2a: Landorus|0 fnt\n|faint|p2a: Landorus\n|\n|upkeep\n|\n|t:|1666846789\n|switch|p2a: Pinsir|Pinsir, M|67\/100\n|turn|22\n|\n|t:|1666846796\n|switch|p1a: Excadrill|Excadrill, M|1\/100\n|-ability|p1a: Excadrill|Mold Breaker\n|detailschange|p2a: Pinsir|Pinsir-Mega, M\n|-mega|p2a: Pinsir|Pinsir|Pinsirite\n|move|p2a: Pinsir|Quick Attack|p1a: Excadrill\n|-resisted|p1a: Excadrill\n|-damage|p1a: Excadrill|0 fnt\n|faint|p1a: Excadrill\n|\n|upkeep\n|\n|t:|1666846802\n|switch|p1a: Talonflame|Talonflame, M|63\/100 par\n|turn|23\n|c|\u2606BTLT6 Pepe|soy malisimo\n|\n|t:|1666846806\n|switch|p2a: Diggersby|Diggersby, F|100\/100\n|switch|p1a: Keldeo|Keldeo|49\/100\n|\n|upkeep\n|turn|24\n|c|\u2606BTLT6 Pepe|naaaaaah q me hizo mano\n|\n|t:|1666846815\n|move|p1a: Keldeo|Scald|p2a: Diggersby\n|-supereffective|p2a: Diggersby\n|-damage|p2a: Diggersby|0 fnt\n|faint|p2a: Diggersby\n|\n|upkeep\n|\n|t:|1666846817\n|switch|p2a: Pinsir|Pinsir-Mega, M|67\/100\n|turn|25\n|\n|t:|1666846819\n|move|p1a: Keldeo|Scald|p2a: Pinsir\n|-damage|p2a: Pinsir|0 fnt\n|faint|p2a: Pinsir\n|\n|win|CLOYSTERDEEZNUTS\n|raw|CLOYSTERDEEZNUTS's rating: 1555 &rarr; <strong>1570<\/strong><br \/>(+15 for winning)\n|raw|BTLT6 Pepe's rating: 1467 &rarr; <strong>1452<\/strong><br \/>(-15 for losing)\n","uploadtime":1666846823,"views":5,"p1id":"cloysterdeeznuts","p2id":"btlt6pepe","formatid":"gen6ou","rating":1452,"private":0,"password":null}