{"id":"gen6ou-1586869129","p1":"3d","p2":"SkipTheDripBayless","format":"gen6ou","log":"|j|\u26063d\n|j|\u2606SkipTheDripBayless\n|t:|1654058190\n|gametype|singles\n|player|p1|3d|erika|\n|player|p2|SkipTheDripBayless|pokekidf-gen8|\n|teamsize|p1|6\n|teamsize|p2|6\n|gen|6\n|tier|[Gen 6] OU\n|rule|Sleep Clause Mod: Limit one foe put to sleep\n|rule|Species Clause: Limit one of each Pok\u00e9mon\n|rule|OHKO Clause: OHKO moves are banned\n|rule|Moody Clause: Moody is banned\n|rule|Evasion Moves Clause: Evasion moves are banned\n|rule|Endless Battle Clause: Forcing endless battles is banned\n|rule|HP Percentage Mod: HP is shown in percentages\n|rule|Swagger Clause: Swagger is banned\n|clearpoke\n|poke|p1|Bisharp, F|item\n|poke|p1|Aerodactyl, F|item\n|poke|p1|Breloom, F|item\n|poke|p1|Charizard, F|item\n|poke|p1|Azumarill, M|item\n|poke|p1|Thundurus, M|item\n|poke|p2|Garchomp, M|item\n|poke|p2|Tyranitar, F|item\n|poke|p2|Excadrill, M|item\n|poke|p2|Slowbro, M|item\n|poke|p2|Amoonguss, F|item\n|poke|p2|Gliscor, M|item\n|teampreview\n|\n|t:|1654058207\n|start\n|switch|p1a: Aerodactyl|Aerodactyl, F|100\/100\n|switch|p2a: Gliscor|Gliscor, M|100\/100\n|turn|1\n|\n|t:|1654058216\n|move|p1a: Aerodactyl|Taunt|p2a: Gliscor\n|-start|p2a: Gliscor|move: Taunt\n|cant|p2a: Gliscor|move: Taunt|Swords Dance\n|\n|-status|p2a: Gliscor|tox|[from] item: Toxic Orb\n|upkeep\n|turn|2\n|\n|t:|1654058220\n|move|p1a: Aerodactyl|Stealth Rock|p2a: Gliscor\n|-sidestart|p2: SkipTheDripBayless|move: Stealth Rock\n|move|p2a: Gliscor|Rock Slide|p1a: Aerodactyl\n|-supereffective|p1a: Aerodactyl\n|-damage|p1a: Aerodactyl|46\/100\n|\n|upkeep\n|turn|3\n|\n|t:|1654058233\n|move|p1a: Aerodactyl|Stone Edge|p2a: Gliscor\n|-crit|p2a: Gliscor\n|-damage|p2a: Gliscor|56\/100 tox\n|move|p2a: Gliscor|Rock Slide|p1a: Aerodactyl\n|-supereffective|p1a: Aerodactyl\n|-damage|p1a: Aerodactyl|0 fnt\n|faint|p1a: Aerodactyl\n|\n|-heal|p2a: Gliscor|69\/100 tox|[from] ability: Poison Heal\n|-end|p2a: Gliscor|move: Taunt\n|upkeep\n|\n|t:|1654058258\n|switch|p1a: Azumarill|Azumarill, M|100\/100\n|turn|4\n|\n|t:|1654058279\n|move|p2a: Gliscor|Earthquake|p1a: Azumarill\n|-damage|p1a: Azumarill|64\/100\n|move|p1a: Azumarill|Belly Drum|p1a: Azumarill\n|-damage|p1a: Azumarill|14\/100\n|-setboost|p1a: Azumarill|atk|6|[from] move: Belly Drum\n|-enditem|p1a: Azumarill|Sitrus Berry|[eat]\n|-heal|p1a: Azumarill|39\/100|[from] item: Sitrus Berry\n|\n|-heal|p2a: Gliscor|81\/100 tox|[from] ability: Poison Heal\n|upkeep\n|turn|5\n|j| Kart Blanche\n|\n|t:|1654058348\n|switch|p2a: Tyranitar|Tyranitar, F|100\/100\n|-damage|p2a: Tyranitar|88\/100|[from] Stealth Rock\n|-weather|Sandstorm|[from] ability: Sand Stream|[of] p2a: Tyranitar\n|move|p1a: Azumarill|Knock Off|p2a: Tyranitar\n|-resisted|p2a: Tyranitar\n|-damage|p2a: Tyranitar|29\/100\n|-enditem|p2a: Tyranitar|Smooth Rock|[from] move: Knock Off|[of] p1a: Azumarill\n|\n|-weather|Sandstorm|[upkeep]\n|-damage|p1a: Azumarill|32\/100|[from] Sandstorm\n|upkeep\n|turn|6\n|\n|t:|1654058363\n|move|p1a: Azumarill|Aqua Jet|p2a: Tyranitar\n|-supereffective|p2a: Tyranitar\n|-damage|p2a: Tyranitar|0 fnt\n|faint|p2a: Tyranitar\n|\n|-weather|Sandstorm|[upkeep]\n|-damage|p1a: Azumarill|26\/100|[from] Sandstorm\n|upkeep\n|\n|t:|1654058366\n|switch|p2a: Garchomp|Garchomp, M|100\/100\n|-damage|p2a: Garchomp|94\/100|[from] Stealth Rock\n|turn|7\n|c|\u26063d|does this shit really live lmfao\n|c|\u26063d|azu sucks\n|\n|t:|1654058373\n|detailschange|p2a: Garchomp|Garchomp-Mega, M\n|-mega|p2a: Garchomp|Garchomp|Garchompite\n|move|p1a: Azumarill|Aqua Jet|p2a: Garchomp\n|-damage|p2a: Garchomp|13\/100\n|move|p2a: Garchomp|Earthquake|p1a: Azumarill\n|-damage|p1a: Azumarill|0 fnt\n|faint|p1a: Azumarill\n|\n|-weather|Sandstorm|[upkeep]\n|upkeep\n|c|\u2606SkipTheDripBayless|ye\n|c|\u2606SkipTheDripBayless|lol\n|c|\u26063d|yea ass\n|c|\u26063d|i thouught u would try to\n|c|\u26063d|helmet amoonguss shit me\n|c|\u26063d|but i didnt know this just lives\n|\n|t:|1654058395\n|switch|p1a: Thundurus|Thundurus, M|100\/100\n|turn|8\n|\n|t:|1654058412\n|switch|p2a: Excadrill|Excadrill, M|100\/100\n|-damage|p2a: Excadrill|97\/100|[from] Stealth Rock\n|move|p1a: Thundurus|Hidden Power|p2a: Excadrill\n|-damage|p2a: Excadrill|77\/100\n|\n|-weather|Sandstorm|[upkeep]\n|-damage|p1a: Thundurus|94\/100|[from] Sandstorm\n|-heal|p2a: Excadrill|83\/100|[from] item: Leftovers\n|-heal|p1a: Thundurus|100\/100|[from] item: Leftovers\n|upkeep\n|turn|9\n|\n|t:|1654058420\n|move|p2a: Excadrill|Swords Dance|p2a: Excadrill\n|-boost|p2a: Excadrill|atk|2\n|move|p1a: Thundurus|Focus Blast|p2a: Excadrill\n|-supereffective|p2a: Excadrill\n|-damage|p2a: Excadrill|9\/100\n|\n|-weather|Sandstorm|[upkeep]\n|-damage|p1a: Thundurus|94\/100|[from] Sandstorm\n|-heal|p2a: Excadrill|15\/100|[from] item: Leftovers\n|-heal|p1a: Thundurus|100\/100|[from] item: Leftovers\n|upkeep\n|turn|10\n|\n|t:|1654058426\n|move|p2a: Excadrill|Iron Head|p1a: Thundurus\n|-resisted|p1a: Thundurus\n|-damage|p1a: Thundurus|35\/100\n|move|p1a: Thundurus|Hidden Power|p2a: Excadrill\n|-damage|p2a: Excadrill|0 fnt\n|faint|p2a: Excadrill\n|\n|-weather|Sandstorm|[upkeep]\n|-damage|p1a: Thundurus|29\/100|[from] Sandstorm\n|-heal|p1a: Thundurus|35\/100|[from] item: Leftovers\n|upkeep\n|\n|t:|1654058429\n|switch|p2a: Amoonguss|Amoonguss, F|100\/100\n|-damage|p2a: Amoonguss|88\/100|[from] Stealth Rock\n|turn|11\n|\n|t:|1654058438\n|switch|p1a: Breloom|Breloom, F|100\/100\n|move|p2a: Amoonguss|Hidden Power|p1a: Breloom\n|-supereffective|p1a: Breloom\n|-damage|p1a: Breloom|52\/100\n|\n|-weather|Sandstorm|[upkeep]\n|-damage|p1a: Breloom|46\/100|[from] Sandstorm\n|-damage|p2a: Amoonguss|82\/100|[from] Sandstorm\n|-heal|p2a: Amoonguss|88\/100|[from] item: Black Sludge\n|upkeep\n|turn|12\n|\n|t:|1654058444\n|move|p1a: Breloom|Bullet Seed|p2a: Amoonguss\n|-resisted|p2a: Amoonguss\n|-damage|p2a: Amoonguss|82\/100\n|-resisted|p2a: Amoonguss\n|-damage|p2a: Amoonguss|77\/100\n|-hitcount|p2a: Amoonguss|2\n|-damage|p1a: Breloom|36\/100|[from] item: Life Orb\n|move|p2a: Amoonguss|Hidden Power|p1a: Breloom\n|-supereffective|p1a: Breloom\n|-damage|p1a: Breloom|0 fnt\n|faint|p1a: Breloom\n|\n|-weather|none\n|-heal|p2a: Amoonguss|83\/100|[from] item: Black Sludge\n|upkeep\n|\n|t:|1654058450\n|switch|p1a: Charizard|Charizard, F|100\/100\n|turn|13\n|\n|t:|1654058455\n|switch|p2a: Slowbro|Slowbro, M|100\/100\n|-damage|p2a: Slowbro|88\/100|[from] Stealth Rock\n|detailschange|p1a: Charizard|Charizard-Mega-X, F\n|-mega|p1a: Charizard|Charizard|Charizardite X\n|move|p1a: Charizard|Dragon Dance|p1a: Charizard\n|-boost|p1a: Charizard|atk|1\n|-boost|p1a: Charizard|spe|1\n|\n|-heal|p2a: Slowbro|94\/100|[from] item: Leftovers\n|upkeep\n|turn|14\n|\n|t:|1654058460\n|move|p1a: Charizard|Outrage|p2a: Slowbro\n|-damage|p2a: Slowbro|25\/100\n|move|p2a: Slowbro|Thunder Wave|p1a: Charizard\n|-status|p1a: Charizard|par\n|\n|-heal|p2a: Slowbro|32\/100|[from] item: Leftovers\n|upkeep\n|turn|15\n|\n|t:|1654058466\n|move|p1a: Charizard|Outrage|p2a: Slowbro|[from]lockedmove\n|-damage|p2a: Slowbro|0 fnt\n|faint|p2a: Slowbro\n|-start|p1a: Charizard|confusion|[fatigue]\n|\n|upkeep\n|\n|t:|1654058469\n|switch|p2a: Garchomp|Garchomp-Mega, M|13\/100\n|-damage|p2a: Garchomp|7\/100|[from] Stealth Rock\n|turn|16\n|\n|t:|1654058476\n|move|p2a: Garchomp|Stone Edge|p1a: Charizard\n|-supereffective|p1a: Charizard\n|-damage|p1a: Charizard|2\/100 par\n|-activate|p1a: Charizard|confusion\n|-damage|p1a: Charizard|0 fnt|[from] confusion\n|faint|p1a: Charizard\n|\n|upkeep\n|\n|t:|1654058480\n|switch|p1a: Thundurus|Thundurus, M|35\/100\n|turn|17\n|\n|t:|1654058486\n|move|p1a: Thundurus|Hidden Power|p2a: Garchomp\n|-supereffective|p2a: Garchomp\n|-damage|p2a: Garchomp|0 fnt\n|faint|p2a: Garchomp\n|\n|-heal|p1a: Thundurus|41\/100|[from] item: Leftovers\n|upkeep\n|\n|t:|1654058488\n|switch|p2a: Amoonguss|Amoonguss, F|100\/100\n|-damage|p2a: Amoonguss|88\/100|[from] Stealth Rock\n|turn|18\n|\n|t:|1654058490\n|move|p1a: Thundurus|Thunder Wave|p2a: Amoonguss\n|-status|p2a: Amoonguss|par\n|move|p2a: Amoonguss|Spore|p1a: Thundurus\n|-status|p1a: Thundurus|slp|[from] move: Spore\n|\n|-heal|p1a: Thundurus|47\/100 slp|[from] item: Leftovers\n|-heal|p2a: Amoonguss|94\/100 par|[from] item: Black Sludge\n|upkeep\n|turn|19\n|\n|t:|1654058497\n|cant|p1a: Thundurus|slp\n|move|p2a: Amoonguss|Hidden Power|p1a: Thundurus\n|-crit|p1a: Thundurus\n|-damage|p1a: Thundurus|24\/100 slp\n|\n|-heal|p1a: Thundurus|30\/100 slp|[from] item: Leftovers\n|-heal|p2a: Amoonguss|99\/100 par|[from] item: Black Sludge\n|upkeep\n|turn|20\n|\n|t:|1654058501\n|-curestatus|p1a: Thundurus|slp|[msg]\n|move|p1a: Thundurus|Hidden Power|p2a: Amoonguss\n|-supereffective|p2a: Amoonguss\n|-damage|p2a: Amoonguss|67\/100 par\n|move|p2a: Amoonguss|Hidden Power|p1a: Thundurus\n|-damage|p1a: Thundurus|13\/100\n|\n|-heal|p1a: Thundurus|19\/100|[from] item: Leftovers\n|-heal|p2a: Amoonguss|73\/100 par|[from] item: Black Sludge\n|upkeep\n|turn|21\n|\n|t:|1654058506\n|move|p1a: Thundurus|Hidden Power|p2a: Amoonguss\n|-supereffective|p2a: Amoonguss\n|-damage|p2a: Amoonguss|37\/100 par\n|move|p2a: Amoonguss|Hidden Power|p1a: Thundurus\n|-damage|p1a: Thundurus|3\/100\n|\n|-heal|p1a: Thundurus|9\/100|[from] item: Leftovers\n|-heal|p2a: Amoonguss|43\/100 par|[from] item: Black Sludge\n|upkeep\n|turn|22\n|\n|t:|1654058510\n|move|p1a: Thundurus|Hidden Power|p2a: Amoonguss\n|-supereffective|p2a: Amoonguss\n|-damage|p2a: Amoonguss|9\/100 par\n|move|p2a: Amoonguss|Hidden Power|p1a: Thundurus\n|-damage|p1a: Thundurus|0 fnt\n|faint|p1a: Thundurus\n|\n|-heal|p2a: Amoonguss|15\/100 par|[from] item: Black Sludge\n|upkeep\n|\n|t:|1654058512\n|switch|p1a: Bisharp|Bisharp, F|100\/100\n|turn|23\n|\n|t:|1654058515\n|move|p1a: Bisharp|Swords Dance|p1a: Bisharp\n|-boost|p1a: Bisharp|atk|2\n|move|p2a: Amoonguss|Spore|p1a: Bisharp\n|-status|p1a: Bisharp|slp|[from] move: Spore\n|-enditem|p1a: Bisharp|Lum Berry|[eat]\n|-curestatus|p1a: Bisharp|slp|[msg]\n|\n|-heal|p2a: Amoonguss|21\/100 par|[from] item: Black Sludge\n|upkeep\n|turn|24\n|\n|t:|1654058518\n|move|p1a: Bisharp|Knock Off|p2a: Amoonguss\n|-damage|p2a: Amoonguss|0 fnt\n|-enditem|p2a: Amoonguss|Black Sludge|[from] move: Knock Off|[of] p1a: Bisharp\n|faint|p2a: Amoonguss\n|\n|upkeep\n|\n|t:|1654058519\n|switch|p2a: Gliscor|Gliscor, M|81\/100 tox\n|-damage|p2a: Gliscor|69\/100 tox|[from] Stealth Rock\n|turn|25\n|c|\u26063d|do these run speed\n|c|\u2606SkipTheDripBayless|ye\n|c|\u26063d|!analysis gliscor\n|c| 3d|\/raw <div class=\"infobox\"><a href=\"https:\/\/www.smogon.com\/dex\/ss\/pokemon\/gliscor\">SS  Gliscor analysis<\/a>, brought to you by <a href=\"https:\/\/www.smogon.com\">Smogon University<\/a><\/div>\n|c|\u26063d|fuck it\n|\n|t:|1654058545\n|move|p2a: Gliscor|Earthquake|p1a: Bisharp\n|-supereffective|p1a: Bisharp\n|-damage|p1a: Bisharp|20\/100\n|move|p1a: Bisharp|Knock Off|p2a: Gliscor\n|-damage|p2a: Gliscor|0 fnt\n|-enditem|p2a: Gliscor|Toxic Orb|[from] move: Knock Off|[of] p1a: Bisharp\n|faint|p2a: Gliscor\n|\n|win|3d\n|c|\u26063d|gg\n|c|\u2606SkipTheDripBayless|is should of hp\n|c|\u2606SkipTheDripBayless|fire\n|c|\u2606SkipTheDripBayless|lol\n","uploadtime":1654058556,"views":24,"p1id":"3d","p2id":"skipthedripbayless","formatid":"gen6ou","rating":0,"private":0,"password":null}