{"id":"gen6ou-1617189905","p1":"Juliomv02","p2":"TestingTesting1","format":"gen6ou","log":"|j|\u2606Juliomv02\n|j|\u2606TestingTesting1\n|t:|1657813413\n|gametype|singles\n|player|p1|Juliomv02|101|1262\n|player|p2|TestingTesting1|169|1485\n|teamsize|p1|6\n|teamsize|p2|6\n|gen|6\n|tier|[Gen 6] OU\n|rated|\n|rule|Sleep Clause Mod: Limit one foe put to sleep\n|rule|Species Clause: Limit one of each Pok\u00e9mon\n|rule|OHKO Clause: OHKO moves are banned\n|rule|Moody Clause: Moody is banned\n|rule|Evasion Moves Clause: Evasion moves are banned\n|rule|Endless Battle Clause: Forcing endless battles is banned\n|rule|HP Percentage Mod: HP is shown in percentages\n|rule|Swagger Clause: Swagger is banned\n|clearpoke\n|poke|p1|Gyarados, M|item\n|poke|p1|Cloyster, F|item\n|poke|p1|Skarmory, F|item\n|poke|p1|Salamence, M|item\n|poke|p1|Typhlosion, M|item\n|poke|p1|Umbreon, M|item\n|poke|p2|Metagross|item\n|poke|p2|Garchomp, F|item\n|poke|p2|Starmie|item\n|poke|p2|Staraptor, F|item\n|poke|p2|Heatran, F|item\n|poke|p2|Rotom-Wash|item\n|teampreview\n|inactive|Battle timer is ON: inactive players will automatically lose when time's up. (requested by TestingTesting1)\n|inactive|Juliomv02 also wants the timer to be on.\n|\n|t:|1657813428\n|start\n|switch|p1a: Umbreon|Umbreon, M, shiny|100\/100\n|switch|p2a: Rotom|Rotom-Wash|100\/100\n|turn|1\n|\n|t:|1657813442\n|switch|p2a: Heatran|Heatran, F|100\/100\n|move|p1a: Umbreon|Toxic|p2a: Heatran\n|-immune|p2a: Heatran\n|\n|upkeep\n|turn|2\n|\n|t:|1657813453\n|move|p1a: Umbreon|Protect|p1a: Umbreon\n|-singleturn|p1a: Umbreon|Protect\n|move|p2a: Heatran|Magma Storm|p1a: Umbreon\n|-activate|p1a: Umbreon|move: Protect\n|\n|upkeep\n|turn|3\n|\n|t:|1657813472\n|switch|p1a: Typhlosion|Typhlosion, M, shiny|100\/100\n|move|p2a: Heatran|Toxic|p1a: Typhlosion|[miss]\n|-miss|p2a: Heatran|p1a: Typhlosion\n|\n|upkeep\n|turn|4\n|\n|t:|1657813478\n|move|p1a: Typhlosion|Focus Blast|p2a: Heatran\n|-supereffective|p2a: Heatran\n|-damage|p2a: Heatran|51\/100\n|move|p2a: Heatran|Toxic|p1a: Typhlosion\n|-status|p1a: Typhlosion|tox\n|\n|-heal|p2a: Heatran|57\/100|[from] item: Leftovers\n|-damage|p1a: Typhlosion|94\/100 tox|[from] psn\n|upkeep\n|turn|5\n|\n|t:|1657813487\n|switch|p2a: Starmie|Starmie|100\/100\n|move|p1a: Typhlosion|Focus Blast|p2a: Starmie|[miss]\n|-miss|p1a: Typhlosion|p2a: Starmie\n|\n|-damage|p1a: Typhlosion|82\/100 tox|[from] psn\n|upkeep\n|turn|6\n|\n|t:|1657813496\n|switch|p1a: Umbreon|Umbreon, M, shiny|100\/100\n|move|p2a: Starmie|Scald|p1a: Umbreon\n|-damage|p1a: Umbreon|82\/100\n|-status|p1a: Umbreon|brn\n|-activate|p1a: Umbreon|ability: Synchronize\n|-status|p2a: Starmie|brn\n|\n|-heal|p1a: Umbreon|88\/100 brn|[from] item: Leftovers\n|-damage|p2a: Starmie|88\/100 brn|[from] brn\n|-damage|p1a: Umbreon|76\/100 brn|[from] brn\n|upkeep\n|turn|7\n|\n|t:|1657813508\n|-curestatus|p2a: Starmie|brn|[from] ability: Natural Cure\n|switch|p2a: Heatran|Heatran, F|57\/100\n|move|p1a: Umbreon|Foul Play|p2a: Heatran\n|-damage|p2a: Heatran|48\/100\n|\n|-heal|p2a: Heatran|54\/100|[from] item: Leftovers\n|-heal|p1a: Umbreon|82\/100 brn|[from] item: Leftovers\n|-damage|p1a: Umbreon|70\/100 brn|[from] brn\n|upkeep\n|turn|8\n|\n|t:|1657813520\n|switch|p1a: Gyarados|Gyarados, M, shiny|100\/100\n|-ability|p1a: Gyarados|Intimidate|boost\n|-unboost|p2a: Heatran|atk|1\n|move|p2a: Heatran|Magma Storm|p1a: Gyarados|[miss]\n|-miss|p2a: Heatran|p1a: Gyarados\n|\n|-heal|p2a: Heatran|60\/100|[from] item: Leftovers\n|upkeep\n|turn|9\n|\n|t:|1657813540\n|switch|p2a: Rotom|Rotom-Wash|100\/100\n|detailschange|p1a: Gyarados|Gyarados-Mega, M, shiny\n|-mega|p1a: Gyarados|Gyarados|Gyaradosite\n|-ability|p1a: Gyarados|Mold Breaker\n|move|p1a: Gyarados|Dragon Dance|p1a: Gyarados\n|-boost|p1a: Gyarados|atk|1\n|-boost|p1a: Gyarados|spe|1\n|\n|upkeep\n|turn|10\n|\n|t:|1657813557\n|move|p1a: Gyarados|Earthquake|p2a: Rotom\n|-supereffective|p2a: Rotom\n|-damage|p2a: Rotom|0 fnt\n|faint|p2a: Rotom\n|\n|upkeep\n|\n|t:|1657813574\n|switch|p2a: Garchomp|Garchomp, F|100\/100\n|turn|11\n|inactive|Juliomv02 has 120 seconds left.\n|\n|t:|1657813602\n|move|p1a: Gyarados|Waterfall|p2a: Garchomp\n|-damage|p2a: Garchomp|27\/100\n|-damage|p1a: Gyarados|88\/100|[from] ability: Rough Skin|[of] p2a: Garchomp\n|cant|p2a: Garchomp|flinch\n|\n|upkeep\n|turn|12\n|\n|t:|1657813609\n|move|p1a: Gyarados|Waterfall|p2a: Garchomp\n|-damage|p2a: Garchomp|0 fnt\n|-damage|p1a: Gyarados|76\/100|[from] ability: Rough Skin|[of] p2a: Garchomp\n|faint|p2a: Garchomp\n|\n|upkeep\n|\n|t:|1657813615\n|switch|p2a: Staraptor|Staraptor, F|100\/100\n|turn|13\n|j| Swordm13x24\n|\n|t:|1657813635\n|move|p1a: Gyarados|Waterfall|p2a: Staraptor\n|-damage|p2a: Staraptor|0 fnt\n|faint|p2a: Staraptor\n|\n|upkeep\n|-message|TestingTesting1 forfeited.\n|\n|win|Juliomv02\n|raw|Juliomv02's rating: 1262 &rarr; <strong>1301<\/strong><br \/>(+39 for winning)\n|raw|TestingTesting1's rating: 1485 &rarr; <strong>1454<\/strong><br \/>(-31 for losing)\n|l|\u2606TestingTesting1\n|l|\u2606Juliomv02\n||Ladder isn't responding, score probably updated but might not have (Request timeout).\n","uploadtime":1657813786,"views":3,"p1id":"juliomv02","p2id":"testingtesting1","formatid":"gen6ou","rating":1301,"private":0,"password":null}