{"id":"gen6ou-1651068607","p1":"SkipTheDripBayless","p2":"samarthps","format":"gen6ou","log":"|j|\u2606SkipTheDripBayless\n|j|\u2606samarthps\n|t:|1661784616\n|gametype|singles\n|player|p1|SkipTheDripBayless|worker-gen4|1379\n|player|p2|samarthps|1|1419\n|teamsize|p1|6\n|teamsize|p2|6\n|gen|6\n|tier|[Gen 6] OU\n|rated|\n|rule|Sleep Clause Mod: Limit one foe put to sleep\n|rule|Species Clause: Limit one of each Pok\u00e9mon\n|rule|OHKO Clause: OHKO moves are banned\n|rule|Moody Clause: Moody is banned\n|rule|Evasion Items Clause: Evasion items are banned\n|rule|Evasion Moves Clause: Evasion moves are banned\n|rule|Endless Battle Clause: Forcing endless battles is banned\n|rule|HP Percentage Mod: HP is shown in percentages\n|rule|Swagger Clause: Swagger is banned\n|clearpoke\n|poke|p1|Tyranitar, M|item\n|poke|p1|Skarmory, F|item\n|poke|p1|Gastrodon, F|item\n|poke|p1|Reuniclus, M|item\n|poke|p1|Alakazam, F|item\n|poke|p1|Gliscor, F|item\n|poke|p2|Metagross|item\n|poke|p2|Tangrowth, M|item\n|poke|p2|Tornadus-Therian, M|item\n|poke|p2|Tyranitar, F|item\n|poke|p2|Excadrill, F|item\n|poke|p2|Manaphy|item\n|teampreview\n|inactive|Battle timer is ON: inactive players will automatically lose when time's up. (requested by SkipTheDripBayless)\n|\n|t:|1661784649\n|start\n|switch|p1a: Gliscor|Gliscor, F|100\/100\n|switch|p2a: Tyranitar|Tyranitar, F|100\/100\n|-weather|Sandstorm|[from] ability: Sand Stream|[of] p2a: Tyranitar\n|turn|1\n|\n|t:|1661784657\n|move|p1a: Gliscor|Earthquake|p2a: Tyranitar\n|-supereffective|p2a: Tyranitar\n|-damage|p2a: Tyranitar|60\/100\n|move|p2a: Tyranitar|Ice Beam|p1a: Gliscor\n|-supereffective|p1a: Gliscor\n|-damage|p1a: Gliscor|32\/100\n|\n|-weather|Sandstorm|[upkeep]\n|-status|p1a: Gliscor|tox|[from] item: Toxic Orb\n|upkeep\n|turn|2\n|\n|t:|1661784670\n|move|p1a: Gliscor|Stealth Rock|p2a: Tyranitar\n|-sidestart|p2: samarthps|move: Stealth Rock\n|move|p2a: Tyranitar|Stealth Rock|p1a: Gliscor\n|-sidestart|p1: SkipTheDripBayless|move: Stealth Rock\n|\n|-weather|Sandstorm|[upkeep]\n|-heal|p1a: Gliscor|45\/100 tox|[from] ability: Poison Heal\n|upkeep\n|turn|3\n|inactive|samarthps has 120 seconds left.\n|\n|t:|1661784702\n|move|p1a: Gliscor|Protect|p1a: Gliscor\n|-singleturn|p1a: Gliscor|Protect\n|move|p2a: Tyranitar|Ice Beam|p1a: Gliscor\n|-activate|p1a: Gliscor|move: Protect\n|\n|-weather|Sandstorm|[upkeep]\n|-heal|p1a: Gliscor|57\/100 tox|[from] ability: Poison Heal\n|upkeep\n|turn|4\n|inactive|samarthps has 120 seconds left.\n|\n|t:|1661784723\n|-activate|p1a: Gliscor|move: Pursuit\n|move|p2a: Tyranitar|Pursuit|p1a: Gliscor|[from]Pursuit\n|-damage|p1a: Gliscor|30\/100 tox\n|switch|p1a: Gastrodon|Gastrodon, F|100\/100\n|-damage|p1a: Gastrodon|94\/100|[from] Stealth Rock\n|\n|-weather|Sandstorm|[upkeep]\n|-heal|p1a: Gastrodon|100\/100|[from] item: Leftovers\n|upkeep\n|turn|5\n|inactive|samarthps has 90 seconds left.\n|\n|t:|1661784756\n|switch|p2a: Tornadus|Tornadus-Therian, M|100\/100\n|-damage|p2a: Tornadus|76\/100|[from] Stealth Rock\n|move|p1a: Gastrodon|Ice Beam|p2a: Tornadus\n|-supereffective|p2a: Tornadus\n|-damage|p2a: Tornadus|28\/100\n|-status|p2a: Tornadus|frz\n|\n|-weather|Sandstorm|[upkeep]\n|-damage|p2a: Tornadus|22\/100 frz|[from] Sandstorm\n|upkeep\n|turn|6\n|inactive|samarthps has 90 seconds left.\n|\n|t:|1661784772\n|switch|p2a: Excadrill|Excadrill, F|100\/100\n|-damage|p2a: Excadrill|97\/100|[from] Stealth Rock\n|move|p1a: Gastrodon|Toxic|p2a: Excadrill\n|-immune|p2a: Excadrill\n|\n|-weather|Sandstorm|[upkeep]\n|upkeep\n|turn|7\n|inactive|samarthps has 90 seconds left.\n|\n|t:|1661784791\n|move|p2a: Excadrill|Rapid Spin|p1a: Gastrodon\n|-damage|p1a: Gastrodon|95\/100\n|-sideend|p2: samarthps|Stealth Rock|[from] move: Rapid Spin|[of] p2a: Excadrill\n|move|p1a: Gastrodon|Scald|p2a: Excadrill\n|-supereffective|p2a: Excadrill\n|-damage|p2a: Excadrill|54\/100\n|\n|-weather|Sandstorm|[upkeep]\n|-heal|p1a: Gastrodon|100\/100|[from] item: Leftovers\n|upkeep\n|turn|8\n|\n|t:|1661784802\n|switch|p2a: Manaphy|Manaphy|100\/100\n|move|p1a: Gastrodon|Ice Beam|p2a: Manaphy\n|-resisted|p2a: Manaphy\n|-damage|p2a: Manaphy|92\/100\n|-status|p2a: Manaphy|frz\n|-enditem|p2a: Manaphy|Lum Berry|[eat]\n|-curestatus|p2a: Manaphy|frz|[msg]\n|\n|-weather|none\n|upkeep\n|turn|9\n|\n|t:|1661784814\n|move|p2a: Manaphy|Tail Glow|p2a: Manaphy\n|-boost|p2a: Manaphy|spa|3\n|move|p1a: Gastrodon|Toxic|p2a: Manaphy\n|-status|p2a: Manaphy|tox\n|\n|-damage|p2a: Manaphy|86\/100 tox|[from] psn\n|upkeep\n|turn|10\n|\n|t:|1661784823\n|switch|p1a: Tyranitar|Tyranitar, M|100\/100\n|-damage|p1a: Tyranitar|88\/100|[from] Stealth Rock\n|-weather|Sandstorm|[from] ability: Sand Stream|[of] p1a: Tyranitar\n|move|p2a: Manaphy|Energy Ball|p1a: Tyranitar\n|-supereffective|p1a: Tyranitar\n|-damage|p1a: Tyranitar|23\/100\n|\n|-weather|Sandstorm|[upkeep]\n|-damage|p2a: Manaphy|79\/100 tox|[from] Sandstorm\n|-damage|p2a: Manaphy|67\/100 tox|[from] psn\n|upkeep\n|turn|11\n|inactive|samarthps has 90 seconds left.\n|\n|t:|1661784839\n|move|p2a: Manaphy|Scald|p1a: Tyranitar\n|-supereffective|p1a: Tyranitar\n|-damage|p1a: Tyranitar|0 fnt\n|faint|p1a: Tyranitar\n|\n|-weather|Sandstorm|[upkeep]\n|-damage|p2a: Manaphy|61\/100 tox|[from] Sandstorm\n|-damage|p2a: Manaphy|42\/100 tox|[from] psn\n|upkeep\n|\n|t:|1661784842\n|switch|p1a: Alakazam|Alakazam, F|100\/100\n|turn|12\n|inactive|samarthps has 90 seconds left.\n|\n|t:|1661784860\n|switch|p2a: Tornadus|Tornadus-Therian, M|56\/100 frz\n|move|p1a: Alakazam|Psychic|p2a: Tornadus\n|-damage|p2a: Tornadus|0 fnt\n|faint|p2a: Tornadus\n|\n|-weather|Sandstorm|[upkeep]\n|upkeep\n|\n|t:|1661784879\n|switch|p2a: Excadrill|Excadrill, F|54\/100\n|turn|13\n|\n|t:|1661784884\n|switch|p1a: Skarmory|Skarmory, F|100\/100\n|-damage|p1a: Skarmory|88\/100|[from] Stealth Rock\n|move|p2a: Excadrill|Iron Head|p1a: Skarmory\n|-resisted|p1a: Skarmory\n|-damage|p1a: Skarmory|72\/100\n|\n|-weather|Sandstorm|[upkeep]\n|-heal|p1a: Skarmory|78\/100|[from] item: Leftovers\n|upkeep\n|turn|14\n|\n|t:|1661784901\n|move|p2a: Excadrill|Rock Slide|p1a: Skarmory\n|-damage|p1a: Skarmory|56\/100\n|move|p1a: Skarmory|Spikes|p2a: Excadrill\n|-sidestart|p2: samarthps|Spikes\n|\n|-weather|none\n|-heal|p1a: Skarmory|62\/100|[from] item: Leftovers\n|upkeep\n|turn|15\n|\n|t:|1661784910\n|move|p2a: Excadrill|Rapid Spin|p1a: Skarmory\n|-resisted|p1a: Skarmory\n|-damage|p1a: Skarmory|60\/100\n|-sideend|p2: samarthps|Spikes|[from] move: Rapid Spin|[of] p2a: Excadrill\n|move|p1a: Skarmory|Roost|p1a: Skarmory\n|-heal|p1a: Skarmory|100\/100\n|-singleturn|p1a: Skarmory|move: Roost\n|\n|upkeep\n|turn|16\n|\n|t:|1661784930\n|move|p2a: Excadrill|Rock Slide|p1a: Skarmory|[miss]\n|-miss|p2a: Excadrill|p1a: Skarmory\n|move|p1a: Skarmory|Brave Bird|p2a: Excadrill\n|-resisted|p2a: Excadrill\n|-damage|p2a: Excadrill|29\/100\n|-damage|p1a: Skarmory|91\/100|[from] Recoil\n|\n|-heal|p1a: Skarmory|97\/100|[from] item: Leftovers\n|upkeep\n|turn|17\n|\n|t:|1661784942\n|switch|p2a: Manaphy|Manaphy|42\/100 tox\n|move|p1a: Skarmory|Brave Bird|p2a: Manaphy\n|-damage|p2a: Manaphy|7\/100 tox\n|-damage|p1a: Skarmory|85\/100|[from] Recoil\n|\n|-heal|p1a: Skarmory|91\/100|[from] item: Leftovers\n|-damage|p2a: Manaphy|1\/100 tox|[from] psn\n|upkeep\n|turn|18\n|inactive|samarthps has 60 seconds left.\n|inactive|SkipTheDripBayless has 120 seconds left.\n|\n|t:|1661784974\n|switch|p2a: Tyranitar|Tyranitar, F|60\/100\n|-weather|Sandstorm|[from] ability: Sand Stream|[of] p2a: Tyranitar\n|switch|p1a: Gliscor|Gliscor, F|30\/100 tox\n|-damage|p1a: Gliscor|18\/100 tox|[from] Stealth Rock\n|\n|-weather|Sandstorm|[upkeep]\n|-heal|p1a: Gliscor|30\/100 tox|[from] ability: Poison Heal\n|upkeep\n|turn|19\n|\n|t:|1661784986\n|move|p1a: Gliscor|Protect|p1a: Gliscor\n|-singleturn|p1a: Gliscor|Protect\n|move|p2a: Tyranitar|Ice Beam|p1a: Gliscor\n|-activate|p1a: Gliscor|move: Protect\n|\n|-weather|Sandstorm|[upkeep]\n|-heal|p1a: Gliscor|43\/100 tox|[from] ability: Poison Heal\n|upkeep\n|turn|20\n|\n|t:|1661784995\n|move|p1a: Gliscor|Stealth Rock|p2a: Tyranitar\n|-sidestart|p2: samarthps|move: Stealth Rock\n|move|p2a: Tyranitar|Ice Beam|p1a: Gliscor\n|-supereffective|p1a: Gliscor\n|-damage|p1a: Gliscor|0 fnt\n|faint|p1a: Gliscor\n|\n|-weather|Sandstorm|[upkeep]\n|upkeep\n|\n|t:|1661785004\n|switch|p1a: Reuniclus|Reuniclus, M|100\/100\n|turn|21\n|\n|t:|1661785013\n|move|p2a: Tyranitar|Ice Beam|p1a: Reuniclus\n|-damage|p1a: Reuniclus|81\/100\n|move|p1a: Reuniclus|Calm Mind|p1a: Reuniclus\n|-boost|p1a: Reuniclus|spa|1\n|-boost|p1a: Reuniclus|spd|1\n|\n|-weather|Sandstorm|[upkeep]\n|-heal|p1a: Reuniclus|87\/100|[from] item: Leftovers\n|upkeep\n|turn|22\n|\n|t:|1661785022\n|move|p2a: Tyranitar|Stone Edge|p1a: Reuniclus\n|-damage|p1a: Reuniclus|58\/100\n|move|p1a: Reuniclus|Calm Mind|p1a: Reuniclus\n|-boost|p1a: Reuniclus|spa|1\n|-boost|p1a: Reuniclus|spd|1\n|\n|-weather|Sandstorm|[upkeep]\n|-heal|p1a: Reuniclus|64\/100|[from] item: Leftovers\n|upkeep\n|turn|23\n|\n|t:|1661785031\n|move|p2a: Tyranitar|Stone Edge|p1a: Reuniclus\n|-crit|p1a: Reuniclus\n|-damage|p1a: Reuniclus|18\/100\n|move|p1a: Reuniclus|Recover|p1a: Reuniclus\n|-heal|p1a: Reuniclus|68\/100\n|\n|-weather|Sandstorm|[upkeep]\n|-heal|p1a: Reuniclus|75\/100|[from] item: Leftovers\n|upkeep\n|turn|24\n|\n|t:|1661785042\n|move|p2a: Tyranitar|Ice Beam|p1a: Reuniclus\n|-damage|p1a: Reuniclus|65\/100\n|move|p1a: Reuniclus|Recover|p1a: Reuniclus\n|-heal|p1a: Reuniclus|100\/100\n|\n|-weather|Sandstorm|[upkeep]\n|upkeep\n|turn|25\n|\n|t:|1661785049\n|move|p2a: Tyranitar|Ice Beam|p1a: Reuniclus\n|-damage|p1a: Reuniclus|91\/100\n|move|p1a: Reuniclus|Focus Blast|p2a: Tyranitar|[miss]\n|-miss|p1a: Reuniclus|p2a: Tyranitar\n|\n|-weather|none\n|-heal|p1a: Reuniclus|97\/100|[from] item: Leftovers\n|upkeep\n|turn|26\n|\n|t:|1661785058\n|move|p2a: Tyranitar|Ice Beam|p1a: Reuniclus\n|-damage|p1a: Reuniclus|87\/100\n|move|p1a: Reuniclus|Focus Blast|p2a: Tyranitar\n|-supereffective|p2a: Tyranitar\n|-damage|p2a: Tyranitar|0 fnt\n|faint|p2a: Tyranitar\n|\n|-heal|p1a: Reuniclus|93\/100|[from] item: Leftovers\n|upkeep\n|\n|t:|1661785068\n|switch|p2a: Excadrill|Excadrill, F|29\/100\n|-damage|p2a: Excadrill|26\/100|[from] Stealth Rock\n|turn|27\n|\n|t:|1661785074\n|move|p2a: Excadrill|Iron Head|p1a: Reuniclus\n|-damage|p1a: Reuniclus|59\/100\n|move|p1a: Reuniclus|Psyshock|p2a: Excadrill\n|-resisted|p2a: Excadrill\n|-damage|p2a: Excadrill|0 fnt\n|faint|p2a: Excadrill\n|\n|-heal|p1a: Reuniclus|65\/100|[from] item: Leftovers\n|upkeep\n|\n|t:|1661785085\n|switch|p2a: Tangrowth|Tangrowth, M|100\/100\n|-damage|p2a: Tangrowth|88\/100|[from] Stealth Rock\n|turn|28\n|\n|t:|1661785093\n|move|p2a: Tangrowth|Sleep Powder|p1a: Reuniclus|[miss]\n|-miss|p2a: Tangrowth|p1a: Reuniclus\n|move|p1a: Reuniclus|Recover|p1a: Reuniclus\n|-heal|p1a: Reuniclus|100\/100\n|\n|upkeep\n|turn|29\n|inactive|samarthps has 90 seconds left.\n|\n|t:|1661785100\n|move|p2a: Tangrowth|Sleep Powder|p1a: Reuniclus|[miss]\n|-miss|p2a: Tangrowth|p1a: Reuniclus\n|move|p1a: Reuniclus|Focus Blast|p2a: Tangrowth\n|-damage|p2a: Tangrowth|0 fnt\n|faint|p2a: Tangrowth\n|\n|upkeep\n|inactive|samarthps has 90 seconds left.\n|\n|t:|1661785116\n|switch|p2a: Metagross|Metagross|100\/100\n|-damage|p2a: Metagross|95\/100|[from] Stealth Rock\n|turn|30\n|\n|t:|1661785124\n|detailschange|p2a: Metagross|Metagross-Mega\n|-mega|p2a: Metagross|Metagross|Metagrossite\n|move|p2a: Metagross|Meteor Mash|p1a: Reuniclus\n|-damage|p1a: Reuniclus|52\/100\n|-boost|p2a: Metagross|atk|1\n|move|p1a: Reuniclus|Focus Blast|p2a: Metagross\n|-damage|p2a: Metagross|29\/100\n|\n|-heal|p1a: Reuniclus|58\/100|[from] item: Leftovers\n|upkeep\n|turn|31\n|inactive|samarthps has 90 seconds left.\n|\n|t:|1661785135\n|move|p2a: Metagross|Meteor Mash|p1a: Reuniclus\n|-damage|p1a: Reuniclus|0 fnt\n|faint|p1a: Reuniclus\n|\n|upkeep\n|\n|t:|1661785138\n|switch|p1a: Skarmory|Skarmory, F|91\/100\n|-damage|p1a: Skarmory|79\/100|[from] Stealth Rock\n|turn|32\n|\n|t:|1661785145\n|move|p2a: Metagross|Hone Claws|p2a: Metagross\n|-boost|p2a: Metagross|atk|1\n|-boost|p2a: Metagross|accuracy|1\n|move|p1a: Skarmory|Brave Bird|p2a: Metagross\n|-resisted|p2a: Metagross\n|-damage|p2a: Metagross|16\/100\n|-damage|p1a: Skarmory|75\/100|[from] Recoil\n|\n|-heal|p1a: Skarmory|81\/100|[from] item: Leftovers\n|upkeep\n|turn|33\n|\n|t:|1661785156\n|move|p2a: Metagross|Hammer Arm|p1a: Skarmory\n|-damage|p1a: Skarmory|7\/100\n|-unboost|p2a: Metagross|spe|1\n|move|p1a: Skarmory|Brave Bird|p2a: Metagross\n|-resisted|p2a: Metagross\n|-damage|p2a: Metagross|3\/100\n|-damage|p1a: Skarmory|4\/100|[from] Recoil\n|\n|-heal|p1a: Skarmory|10\/100|[from] item: Leftovers\n|upkeep\n|turn|34\n|\n|t:|1661785171\n|move|p2a: Metagross|Meteor Mash|p1a: Skarmory\n|-resisted|p1a: Skarmory\n|-damage|p1a: Skarmory|0 fnt\n|-boost|p2a: Metagross|atk|1\n|faint|p1a: Skarmory\n|\n|upkeep\n|\n|t:|1661785173\n|switch|p1a: Alakazam|Alakazam, F|100\/100\n|turn|35\n|inactive|samarthps has 90 seconds left.\n|\n|t:|1661785195\n|move|p1a: Alakazam|Psychic|p2a: Metagross\n|-resisted|p2a: Metagross\n|-damage|p2a: Metagross|0 fnt\n|faint|p2a: Metagross\n|\n|upkeep\n|inactive|samarthps has 90 seconds left.\n|\n|t:|1661785215\n|switch|p2a: Manaphy|Manaphy|1\/100 tox\n|-damage|p2a: Manaphy|0 fnt|[from] Stealth Rock\n|faint|p2a: Manaphy\n|\n|win|SkipTheDripBayless\n|raw|SkipTheDripBayless's rating: 1397 &rarr; <strong>1418<\/strong><br \/>(+21 for winning)\n|raw|samarthps's rating: 1419 &rarr; <strong>1398<\/strong><br \/>(-21 for losing)\n||Ladder isn't responding, score probably updated but might not have (Request timeout).\n","uploadtime":1661785219,"views":29,"p1id":"skipthedripbayless","p2id":"samarthps","formatid":"gen6ou","rating":1398,"private":0,"password":null}