{"id":"gen6ou-1682322314","p1":"eternal atake1","p2":"Mimikyu Stardust","format":"gen6ou","log":"|j|\u2606eternal atake1\n|j|\u2606Mimikyu Stardust\n|inactive|Battle timer is ON: inactive players will automatically lose when time's up.\n|t:|1665416288\n|gametype|singles\n|player|p1|eternal atake1|lucas|\n|player|p2|Mimikyu Stardust|#zuplivbutterfree|\n|teamsize|p1|6\n|teamsize|p2|6\n|gen|6\n|tier|[Gen 6] OU\n|rated|Tournament battle\n|rule|Sleep Clause Mod: Limit one foe put to sleep\n|rule|Species Clause: Limit one of each Pok\u00e9mon\n|rule|OHKO Clause: OHKO moves are banned\n|rule|Moody Clause: Moody is banned\n|rule|Evasion Items Clause: Evasion items are banned\n|rule|Evasion Moves Clause: Evasion moves are banned\n|rule|Endless Battle Clause: Forcing endless battles is banned\n|rule|HP Percentage Mod: HP is shown in percentages\n|rule|Swagger Clause: Swagger is banned\n|clearpoke\n|poke|p1|Azelf|item\n|poke|p1|Pinsir, M|item\n|poke|p1|Dragonite, M|item\n|poke|p1|Manaphy|item\n|poke|p1|Excadrill, M|item\n|poke|p1|Talonflame, F|item\n|poke|p2|Empoleon, M|item\n|poke|p2|Mew|item\n|poke|p2|Hoopa|item\n|poke|p2|Charizard, M|item\n|poke|p2|Staraptor, M|item\n|poke|p2|Mandibuzz, F|item\n|teampreview\n|j| SatelliteFifteen\n|j| stunnagirl\n|c|\u2606eternal atake1|hf\n|\n|t:|1665416295\n|start\n|switch|p1a: Azelf|Azelf|100\/100\n|switch|p2a: Empoleon|Empoleon, M|100\/100\n|turn|1\n|j| Fade A Wei\n|j| Break Me Free\n|c|\u2606Mimikyu Stardust|hf\n|j| garbagetrashplayer\n|\n|t:|1665416313\n|move|p1a: Azelf|Taunt|p2a: Empoleon\n|-start|p2a: Empoleon|move: Taunt\n|cant|p2a: Empoleon|move: Taunt|Stealth Rock\n|\n|upkeep\n|turn|2\n|\n|t:|1665416315\n|move|p1a: Azelf|Stealth Rock|p2a: Empoleon\n|-sidestart|p2: Mimikyu Stardust|move: Stealth Rock\n|move|p2a: Empoleon|Scald|p1a: Azelf\n|-damage|p1a: Azelf|28\/100\n|\n|upkeep\n|turn|3\n|j| PoobleMaster945\n|\n|t:|1665416323\n|switch|p2a: Mew|Mew|100\/100\n|-damage|p2a: Mew|88\/100|[from] Stealth Rock\n|move|p1a: Azelf|Explosion|p2a: Mew\n|-damage|p2a: Mew|24\/100\n|faint|p1a: Azelf\n|\n|upkeep\n|j| nimed beatches\n|l| nimed beatches\n|j| Nauts\n|\n|t:|1665416335\n|switch|p1a: Talonflame|Talonflame, F|100\/100\n|turn|4\n|l| Break Me Free\n|\n|t:|1665416338\n|move|p1a: Talonflame|Brave Bird|p2a: Mew\n|-crit|p2a: Mew\n|-damage|p2a: Mew|0 fnt\n|faint|p2a: Mew\n|-damage|p1a: Talonflame|92\/100|[from] Recoil\n|\n|-heal|p1a: Talonflame|98\/100|[from] item: Leftovers\n|upkeep\n|j| Break Me Free\n|\n|t:|1665416341\n|switch|p2a: Empoleon|Empoleon, M|100\/100\n|-damage|p2a: Empoleon|94\/100|[from] Stealth Rock\n|turn|5\n|\n|t:|1665416347\n|move|p1a: Talonflame|Swords Dance|p1a: Talonflame\n|-boost|p1a: Talonflame|atk|2\n|move|p2a: Empoleon|Stealth Rock|p1a: Talonflame\n|-sidestart|p1: eternal atake1|move: Stealth Rock\n|\n|-heal|p1a: Talonflame|100\/100|[from] item: Leftovers\n|upkeep\n|turn|6\n|\n|t:|1665416349\n|move|p1a: Talonflame|Flare Blitz|p2a: Empoleon\n|-damage|p2a: Empoleon|0 fnt\n|faint|p2a: Empoleon\n|-damage|p1a: Talonflame|68\/100|[from] Recoil\n|\n|-heal|p1a: Talonflame|74\/100|[from] item: Leftovers\n|upkeep\n|\n|t:|1665416354\n|switch|p2a: Mandibuzz|Mandibuzz, F, shiny|100\/100\n|-damage|p2a: Mandibuzz|76\/100|[from] Stealth Rock\n|turn|7\n|\n|t:|1665416374\n|move|p1a: Talonflame|Brave Bird|p2a: Mandibuzz\n|-damage|p2a: Mandibuzz|18\/100\n|-damage|p1a: Talonflame|57\/100|[from] item: Rocky Helmet|[of] p2a: Mandibuzz\n|-damage|p1a: Talonflame|31\/100|[from] Recoil\n|move|p2a: Mandibuzz|Foul Play|p1a: Talonflame\n|-damage|p1a: Talonflame|0 fnt\n|faint|p1a: Talonflame\n|\n|upkeep\n|\n|t:|1665416379\n|switch|p1a: Manaphy|Manaphy|100\/100\n|-damage|p1a: Manaphy|88\/100|[from] Stealth Rock\n|turn|8\n|\n|t:|1665416387\n|move|p1a: Manaphy|Surf|p2a: Mandibuzz\n|-damage|p2a: Mandibuzz|0 fnt\n|faint|p2a: Mandibuzz\n|\n|-heal|p1a: Manaphy|94\/100|[from] item: Leftovers\n|upkeep\n|\n|t:|1665416401\n|switch|p2a: Charizard|Charizard, M|100\/100\n|-damage|p2a: Charizard|51\/100|[from] Stealth Rock\n|turn|9\n|\n|t:|1665416410\n|detailschange|p2a: Charizard|Charizard-Mega-X, M\n|-mega|p2a: Charizard|Charizard|Charizardite X\n|move|p1a: Manaphy|Surf|p2a: Charizard\n|-damage|p2a: Charizard|1\/100\n|move|p2a: Charizard|Dragon Dance|p2a: Charizard\n|-boost|p2a: Charizard|atk|1\n|-boost|p2a: Charizard|spe|1\n|\n|-heal|p1a: Manaphy|100\/100|[from] item: Leftovers\n|upkeep\n|turn|10\n|\n|t:|1665416414\n|move|p2a: Charizard|Roost|p2a: Charizard\n|-heal|p2a: Charizard|52\/100\n|-singleturn|p2a: Charizard|move: Roost\n|move|p1a: Manaphy|Surf|p2a: Charizard\n|-damage|p2a: Charizard|0 fnt\n|faint|p2a: Charizard\n|\n|upkeep\n|\n|t:|1665416419\n|switch|p2a: Hoopa|Hoopa|100\/100\n|-damage|p2a: Hoopa|88\/100|[from] Stealth Rock\n|turn|11\n|\n|t:|1665416429\n|move|p1a: Manaphy|Surf|p2a: Hoopa\n|-damage|p2a: Hoopa|57\/100\n|move|p2a: Hoopa|Substitute|p2a: Hoopa\n|-start|p2a: Hoopa|Substitute\n|-damage|p2a: Hoopa|32\/100\n|-enditem|p2a: Hoopa|Sitrus Berry|[eat]\n|-heal|p2a: Hoopa|57\/100|[from] item: Sitrus Berry\n|\n|upkeep\n|turn|12\n|\n|t:|1665416433\n|move|p1a: Manaphy|Surf|p2a: Hoopa\n|-end|p2a: Hoopa|Substitute\n|move|p2a: Hoopa|Shadow Ball|p1a: Manaphy\n|-damage|p1a: Manaphy|48\/100\n|-item|p2a: Hoopa|Leftovers|[from] ability: Magician|[of] p1a: Manaphy\n|\n|-heal|p2a: Hoopa|63\/100|[from] item: Leftovers\n|upkeep\n|turn|13\n|\n|t:|1665416448\n|move|p1a: Manaphy|Surf|p2a: Hoopa\n|-crit|p2a: Hoopa\n|-damage|p2a: Hoopa|12\/100\n|move|p2a: Hoopa|Shadow Ball|p1a: Manaphy\n|-damage|p1a: Manaphy|0 fnt\n|faint|p1a: Manaphy\n|\n|-heal|p2a: Hoopa|18\/100|[from] item: Leftovers\n|upkeep\n|\n|t:|1665416454\n|switch|p1a: Excadrill|Excadrill, M|100\/100\n|-damage|p1a: Excadrill|97\/100|[from] Stealth Rock\n|-ability|p1a: Excadrill|Mold Breaker\n|turn|14\n|\n|t:|1665416460\n|move|p1a: Excadrill|Iron Head|p2a: Hoopa\n|-damage|p2a: Hoopa|0 fnt\n|faint|p2a: Hoopa\n|\n|upkeep\n|\n|t:|1665416461\n|switch|p2a: Staraptor|Staraptor, M, shiny|100\/100\n|-damage|p2a: Staraptor|76\/100|[from] Stealth Rock\n|turn|15\n|\n|t:|1665416463\n|move|p1a: Excadrill|Iron Head|p2a: Staraptor\n|-damage|p2a: Staraptor|18\/100\n|move|p2a: Staraptor|Brave Bird|p1a: Excadrill\n|-resisted|p1a: Excadrill\n|-damage|p1a: Excadrill|44\/100\n|-damage|p2a: Staraptor|0 fnt|[from] Recoil\n|faint|p2a: Staraptor\n|\n|win|eternal atake1\n|n|\u2606eternal atake1|eternalatake1\n|n|\u2606Mimikyu Stardust|mimikyustardust\n|n| SatelliteFifteen|satellitefifteen\n|n| stunnagirl|stunnagirl\n|n| Fade A Wei|fadeawei\n|n| garbagetrashplayer|garbagetrashplayer\n|n| PoobleMaster945|pooblemaster945\n|n| Nauts|nauts\n|n| Break Me Free|breakmefree\n","uploadtime":1665416464,"views":20,"p1id":"eternalatake1","p2id":"mimikyustardust","formatid":"gen6ou","rating":0,"private":0,"password":null}