{"id":"gen6ou-1060347969","p1":"Bobblezyu","p2":"soap776","format":"gen6ou","log":"|j|\u2606Bobblezyu\n|j|\u2606soap776\n|player|p1|Bobblezyu|rosa|1000\n|player|p2|soap776|red|1226\n|teamsize|p1|6\n|teamsize|p2|6\n|gametype|singles\n|gen|6\n|tier|[Gen 6] OU\n|rated|\n|clearpoke\n|poke|p1|Clefable, F|\n|poke|p1|Sylveon, F|\n|poke|p1|Corsola, M|item\n|poke|p1|Heracross, M|item\n|poke|p1|Ditto|\n|poke|p1|Pikachu, M|item\n|poke|p2|Ampharos, F|item\n|poke|p2|Keldeo-Resolute|item\n|poke|p2|Landorus-Therian, M|item\n|poke|p2|Ferrothorn, M|item\n|poke|p2|Latios, M|item\n|poke|p2|Azumarill, M|item\n|rule|Sleep Clause Mod: Limit one foe put to sleep\n|rule|Species Clause: Limit one of each Pok\u00e9mon\n|rule|OHKO Clause: OHKO moves are banned\n|rule|Moody Clause: Moody is banned\n|rule|Evasion Moves Clause: Evasion moves are banned\n|rule|Endless Battle Clause: Forcing endless battles is banned\n|rule|HP Percentage Mod: HP is shown in percentages\n|rule|Swagger Clause: Swagger is banned\n|teampreview\n|\n|start\n|switch|p1a: Ditto|Ditto|100\/100\n|switch|p2a: Keldeo|Keldeo-Resolute|100\/100\n|-transform|p1a: Ditto|p2a: Keldeo|[from] ability: Imposter\n|turn|1\n|\n|move|p1a: Ditto|Hydro Pump|p2a: Keldeo|[miss]\n|-miss|p1a: Ditto|p2a: Keldeo\n|move|p2a: Keldeo|Secret Sword|p1a: Ditto\n|-damage|p1a: Ditto|0 fnt\n|faint|p1a: Ditto\n|\n|upkeep\n|\n|switch|p1a: Clefable|Clefable, F|100\/100\n|turn|2\n|\n|switch|p2a: Ferrothorn|Ferrothorn, M|100\/100\n|move|p1a: Clefable|Misty Terrain|p1a: Clefable\n|-fieldstart|move: Misty Terrain\n|\n|upkeep\n|turn|3\n|\n|switch|p1a: Corsola|Corsola, M|100\/100\n|move|p2a: Ferrothorn|Spikes|p1a: Corsola\n|-sidestart|p1: Bobblezyu|Spikes\n|\n|upkeep\n|turn|4\n|\n|move|p1a: Corsola|Camouflage|p1a: Corsola\n|-start|p1a: Corsola|typechange|Fairy\n|move|p2a: Ferrothorn|Spikes|p1a: Corsola\n|-sidestart|p1: Bobblezyu|Spikes\n|\n|upkeep\n|turn|5\n|\n|move|p1a: Corsola|Dig||[still]\n|-prepare|p1a: Corsola|Dig|p2a: Ferrothorn\n|move|p2a: Ferrothorn|Spikes|p1a: Corsola\n|-sidestart|p1: Bobblezyu|Spikes\n|\n|upkeep\n|turn|6\n|\n|move|p2a: Ferrothorn|Protect|p2a: Ferrothorn\n|-singleturn|p2a: Ferrothorn|Protect\n|move|p1a: Corsola|Dig|p2a: Ferrothorn|[from]lockedmove\n|-activate|p2a: Ferrothorn|move: Protect\n|\n|-fieldend|Misty Terrain\n|upkeep\n|turn|7\n|\n|move|p1a: Corsola|Rain Dance|p1a: Corsola\n|-weather|RainDance\n|move|p2a: Ferrothorn|Leech Seed|p1a: Corsola\n|-start|p1a: Corsola|move: Leech Seed\n|\n|-weather|RainDance|[upkeep]\n|-damage|p1a: Corsola|88\/100|[from] Leech Seed|[of] p2a: Ferrothorn\n|upkeep\n|turn|8\n|\n|switch|p2a: Azumarill|Azumarill, M|100\/100\n|move|p1a: Corsola|Aqua Ring|p1a: Corsola\n|-start|p1a: Corsola|Aqua Ring\n|\n|-weather|RainDance|[upkeep]\n|-heal|p1a: Corsola|94\/100|[from] Aqua Ring\n|-damage|p1a: Corsola|82\/100|[from] Leech Seed|[of] p2a: Azumarill\n|upkeep\n|turn|9\n|\n|move|p2a: Azumarill|Aqua Jet|p1a: Corsola\n|-damage|p1a: Corsola|5\/100\n|-enditem|p1a: Corsola|Aguav Berry|[eat]\n|-heal|p1a: Corsola|17\/100|[from] item: Aguav Berry\n|move|p1a: Corsola|Dig||[still]\n|-prepare|p1a: Corsola|Dig|p2a: Azumarill\n|\n|-weather|RainDance|[upkeep]\n|-heal|p1a: Corsola|23\/100|[from] Aqua Ring\n|-damage|p1a: Corsola|11\/100|[from] Leech Seed|[of] p2a: Azumarill\n|upkeep\n|turn|10\n|\n|move|p2a: Azumarill|Aqua Jet|p1a: Corsola|[miss]\n|-miss|p2a: Azumarill|p1a: Corsola\n|move|p1a: Corsola|Dig|p2a: Azumarill|[from]lockedmove|[miss]\n|-miss|p1a: Corsola|p2a: Azumarill\n|\n|-weather|RainDance|[upkeep]\n|-heal|p1a: Corsola|17\/100|[from] Aqua Ring\n|-damage|p1a: Corsola|5\/100|[from] Leech Seed|[of] p2a: Azumarill\n|upkeep\n|turn|11\n|\n|switch|p1a: Sylveon|Sylveon, F|100\/100\n|-damage|p1a: Sylveon|75\/100|[from] Spikes\n|move|p2a: Azumarill|Aqua Jet|p1a: Sylveon\n|-damage|p1a: Sylveon|0 fnt\n|faint|p1a: Sylveon\n|\n|-weather|none\n|upkeep\n|\n|switch|p1a: Pikachu|Pikachu, M|100\/100\n|-damage|p1a: Pikachu|76\/100|[from] Spikes\n|turn|12\n|\n|move|p2a: Azumarill|Aqua Jet|p1a: Pikachu\n|-damage|p1a: Pikachu|0 fnt\n|-status|p2a: Azumarill|par|[from] ability: Static|[of] p1a: Pikachu\n|faint|p1a: Pikachu\n|\n|upkeep\n|\n|switch|p1a: Heracross|Heracross, M|100\/100\n|-damage|p1a: Heracross|76\/100|[from] Spikes\n|turn|13\n|\n|detailschange|p1a: Heracross|Heracross-Mega, M\n|-mega|p1a: Heracross|Heracross|Heracronite\n|move|p2a: Azumarill|Aqua Jet|p1a: Heracross\n|-damage|p1a: Heracross|41\/100\n|move|p1a: Heracross|Hidden Power|p2a: Azumarill\n|-resisted|p2a: Azumarill\n|-damage|p2a: Azumarill|95\/100 par\n|\n|upkeep\n|turn|14\n|\n|switch|p2a: Ampharos|Ampharos, F|100\/100\n|move|p1a: Heracross|Earthquake|p2a: Ampharos\n|-supereffective|p2a: Ampharos\n|-damage|p2a: Ampharos|45\/100\n|\n|upkeep\n|turn|15\n|\n|switch|p2a: Landorus|Landorus-Therian, M|100\/100\n|-ability|p2a: Landorus|Intimidate|boost\n|-unboost|p1a: Heracross|atk|1\n|move|p1a: Heracross|Earthquake|p2a: Landorus\n|-immune|p2a: Landorus\n|\n|upkeep\n|turn|16\n|\n|move|p2a: Landorus|Stealth Rock|p1a: Heracross\n|-sidestart|p1: Bobblezyu|move: Stealth Rock\n|move|p1a: Heracross|Aerial Ace|p2a: Landorus\n|-damage|p2a: Landorus|88\/100\n|-damage|p1a: Heracross|24\/100|[from] item: Rocky Helmet|[of] p2a: Landorus\n|\n|upkeep\n|turn|17\n|\n|move|p2a: Landorus|U-turn|p1a: Heracross\n|-resisted|p1a: Heracross\n|-damage|p1a: Heracross|14\/100\n|\n|switch|p2a: Ferrothorn|Ferrothorn, M|100\/100|[from]move: U-turn\n|move|p1a: Heracross|Hidden Power|p2a: Ferrothorn\n|-damage|p2a: Ferrothorn|93\/100\n|\n|-heal|p2a: Ferrothorn|99\/100|[from] item: Leftovers\n|upkeep\n|turn|18\n|\n|switch|p2a: Keldeo|Keldeo-Resolute|100\/100\n|move|p1a: Heracross|Aerial Ace|p2a: Keldeo\n|-supereffective|p2a: Keldeo\n|-damage|p2a: Keldeo|63\/100\n|\n|upkeep\n|turn|19\n|\n|switch|p1a: Corsola|Corsola, M|5\/100\n|-damage|p1a: Corsola|0 fnt|[from] Stealth Rock\n|faint|p1a: Corsola\n|move|p2a: Keldeo|Scald|p1: Corsola|[notarget]\n|-fail|p2a: Keldeo\n|\n|upkeep\n|\n|switch|p1a: Clefable|Clefable, F|100\/100\n|-damage|p1a: Clefable|76\/100|[from] Spikes\n|-damage|p1a: Clefable|63\/100|[from] Stealth Rock\n|turn|20\n|\n|move|p2a: Keldeo|Scald|p1a: Clefable\n|-damage|p1a: Clefable|0 fnt\n|faint|p1a: Clefable\n|\n|upkeep\n|\n|switch|p1a: Heracross|Heracross-Mega, M|14\/100\n|-damage|p1a: Heracross|0 fnt|[from] Spikes\n|faint|p1a: Heracross\n|\n|win|soap776\n|raw|Bobblezyu's rating: 1000 &rarr; <strong>1000<\/strong><br \/>(+0 for losing)\n|raw|soap776's rating: 1226 &rarr; <strong>1237<\/strong><br \/>(+11 for winning)\n","uploadtime":1581245394,"views":26,"p1id":"bobblezyu","p2id":"soap776","formatid":"gen6ou","rating":1000,"private":0,"password":null}