{"id":"gen6ou-1695956233","p1":"BTLT6 TheJester","p2":"CLOYSTERDEEZNUTS","format":"gen6ou","log":"|raw|<div class=\"broadcast-blue\"><strong>This battle is required to be public due to a player having a name starting with 'btlt6'.<\/div>\n|j|\u2606BTLT6 TheJester\n|j|\u2606CLOYSTERDEEZNUTS\n|t:|1666847817\n|gametype|singles\n|player|p1|BTLT6 TheJester|170|1292\n|player|p2|CLOYSTERDEEZNUTS|tuber-gen6|1600\n|teamsize|p1|6\n|teamsize|p2|6\n|gen|6\n|tier|[Gen 6] OU\n|rated|\n|rule|Sleep Clause Mod: Limit one foe put to sleep\n|rule|Species Clause: Limit one of each Pok\u00e9mon\n|rule|OHKO Clause: OHKO moves are banned\n|rule|Moody Clause: Moody is banned\n|rule|Evasion Items Clause: Evasion items are banned\n|rule|Evasion Moves Clause: Evasion moves are banned\n|rule|Endless Battle Clause: Forcing endless battles is banned\n|rule|HP Percentage Mod: HP is shown in percentages\n|rule|Swagger Clause: Swagger is banned\n|clearpoke\n|poke|p1|Garchomp, M|item\n|poke|p1|Scizor, F|item\n|poke|p1|Gengar, F|item\n|poke|p1|Dragonite, M|item\n|poke|p1|Rotom-Wash|item\n|poke|p1|Infernape, M|item\n|poke|p2|Mew|item\n|poke|p2|Metagross|item\n|poke|p2|Weavile, M|item\n|poke|p2|Keldeo|item\n|poke|p2|Excadrill, F|item\n|poke|p2|Talonflame, F|item\n|teampreview\n|inactive|Battle timer is ON: inactive players will automatically lose when time's up. (requested by CLOYSTERDEEZNUTS)\n|\n|t:|1666847829\n|start\n|switch|p1a: Gengar|Gengar, F|100\/100\n|switch|p2a: Mew|Mew|100\/100\n|turn|1\n|\n|t:|1666847836\n|switch|p2a: Weavile|Weavile, M|100\/100\n|-ability|p2a: Weavile|Pressure\n|move|p1a: Gengar|Shadow Ball|p2a: Weavile\n|-resisted|p2a: Weavile\n|-damage|p2a: Weavile|60\/100\n|\n|upkeep\n|turn|2\n|\n|t:|1666847845\n|-activate|p1a: Gengar|move: Pursuit\n|move|p2a: Weavile|Pursuit|p1a: Gengar|[from]Pursuit\n|-supereffective|p1a: Gengar\n|-damage|p1a: Gengar|0 fnt\n|faint|p1a: Gengar\n|-damage|p2a: Weavile|50\/100|[from] item: Life Orb\n|-hint|A Pokemon can't switch between when it runs out of HP and when it faints\n|\n|upkeep\n|\n|t:|1666847856\n|switch|p1a: Rotom|Rotom-Wash|100\/100\n|turn|3\n|\n|t:|1666847860\n|move|p1a: Rotom|Volt Switch|p2a: Weavile\n|-damage|p2a: Weavile|7\/100\n|\n|t:|1666847864\n|switch|p1a: Garchomp|Garchomp, M|100\/100|[from]move: Volt Switch\n|move|p2a: Weavile|Knock Off|p1a: Garchomp\n|-damage|p1a: Garchomp|64\/100\n|-damage|p2a: Weavile|0 fnt|[from] ability: Rough Skin|[of] p1a: Garchomp\n|faint|p2a: Weavile\n|\n|upkeep\n|\n|t:|1666847869\n|switch|p2a: Mew|Mew|100\/100\n|turn|4\n|\n|t:|1666847875\n|move|p2a: Mew|Taunt|p1a: Garchomp\n|-start|p1a: Garchomp|move: Taunt\n|cant|p1a: Garchomp|move: Taunt|Stealth Rock\n|\n|upkeep\n|turn|5\n|\n|t:|1666847883\n|switch|p1a: Scizor|Scizor, F|100\/100\n|move|p2a: Mew|Stealth Rock|p1a: Scizor\n|-sidestart|p1: BTLT6 TheJester|move: Stealth Rock\n|\n|upkeep\n|turn|6\n|\n|t:|1666847890\n|detailschange|p1a: Scizor|Scizor-Mega, F\n|-mega|p1a: Scizor|Scizor|Scizorite\n|move|p2a: Mew|Thunder Wave|p1a: Scizor\n|-status|p1a: Scizor|par\n|move|p1a: Scizor|U-turn|p2a: Mew\n|-supereffective|p2a: Mew\n|-damage|p2a: Mew|22\/100\n|\n|t:|1666847910\n|switch|p1a: Infernape|Infernape, M|100\/100|[from]move: U-turn\n|-damage|p1a: Infernape|88\/100|[from] Stealth Rock\n|\n|upkeep\n|turn|7\n|\n|t:|1666847916\n|move|p1a: Infernape|Fire Blast|p2a: Mew\n|-crit|p2a: Mew\n|-damage|p2a: Mew|0 fnt\n|faint|p2a: Mew\n|-damage|p1a: Infernape|78\/100|[from] item: Life Orb\n|\n|upkeep\n|\n|t:|1666847926\n|switch|p2a: Keldeo|Keldeo|100\/100\n|turn|8\n|\n|t:|1666847938\n|move|p2a: Keldeo|Scald|p1a: Infernape\n|-supereffective|p1a: Infernape\n|-damage|p1a: Infernape|0 fnt\n|faint|p1a: Infernape\n|\n|upkeep\n|\n|t:|1666847946\n|switch|p1a: Rotom|Rotom-Wash|100\/100\n|-damage|p1a: Rotom|88\/100|[from] Stealth Rock\n|turn|9\n|\n|t:|1666847951\n|switch|p2a: Excadrill|Excadrill, F|100\/100\n|-ability|p2a: Excadrill|Mold Breaker\n|move|p1a: Rotom|Hydro Pump|p2a: Excadrill\n|-supereffective|p2a: Excadrill\n|-enditem|p2a: Excadrill|Focus Sash\n|-damage|p2a: Excadrill|1\/100\n|\n|upkeep\n|turn|10\n|\n|t:|1666847960\n|switch|p2a: Keldeo|Keldeo|100\/100\n|move|p1a: Rotom|Hydro Pump|p2a: Keldeo|[miss]\n|-miss|p1a: Rotom|p2a: Keldeo\n|\n|upkeep\n|turn|11\n|\n|t:|1666847968\n|switch|p1a: Scizor|Scizor-Mega, F|100\/100 par\n|-damage|p1a: Scizor|88\/100 par|[from] Stealth Rock\n|move|p2a: Keldeo|Scald|p1a: Scizor\n|-damage|p1a: Scizor|13\/100 par\n|\n|upkeep\n|turn|12\n|\n|t:|1666847975\n|cant|p1a: Scizor|par\n|move|p2a: Keldeo|Scald|p1a: Scizor\n|-damage|p1a: Scizor|0 fnt\n|faint|p1a: Scizor\n|\n|upkeep\n|\n|t:|1666847982\n|switch|p1a: Garchomp|Garchomp, M|64\/100\n|-damage|p1a: Garchomp|58\/100|[from] Stealth Rock\n|turn|13\n|\n|t:|1666847987\n|move|p2a: Keldeo|Scald|p1a: Garchomp\n|-damage|p1a: Garchomp|6\/100\n|-status|p1a: Garchomp|brn\n|move|p1a: Garchomp|Stealth Rock|p2a: Keldeo\n|-sidestart|p2: CLOYSTERDEEZNUTS|move: Stealth Rock\n|\n|-damage|p1a: Garchomp|0 fnt|[from] brn\n|faint|p1a: Garchomp\n|upkeep\n|\n|t:|1666847996\n|switch|p1a: Rotom|Rotom-Wash|88\/100\n|-damage|p1a: Rotom|76\/100|[from] Stealth Rock\n|turn|14\n|\n|t:|1666848001\n|move|p1a: Rotom|Thunderbolt|p2a: Keldeo\n|-supereffective|p2a: Keldeo\n|-damage|p2a: Keldeo|3\/100\n|move|p2a: Keldeo|Scald|p1a: Rotom\n|-resisted|p1a: Rotom\n|-damage|p1a: Rotom|31\/100\n|-status|p1a: Rotom|brn\n|\n|-damage|p1a: Rotom|18\/100 brn|[from] brn\n|upkeep\n|turn|15\n|j| drey77\n|\n|t:|1666848011\n|move|p1a: Rotom|Thunderbolt|p2a: Keldeo\n|-supereffective|p2a: Keldeo\n|-damage|p2a: Keldeo|0 fnt\n|faint|p2a: Keldeo\n|\n|-damage|p1a: Rotom|6\/100 brn|[from] brn\n|upkeep\n|\n|t:|1666848014\n|switch|p2a: Talonflame|Talonflame, F|100\/100\n|-damage|p2a: Talonflame|51\/100|[from] Stealth Rock\n|turn|16\n|\n|t:|1666848024\n|move|p2a: Talonflame|Brave Bird|p1a: Rotom\n|-resisted|p1a: Rotom\n|-crit|p1a: Rotom\n|-damage|p1a: Rotom|0 fnt\n|faint|p1a: Rotom\n|-damage|p2a: Talonflame|49\/100|[from] Recoil\n|\n|upkeep\n|\n|t:|1666848032\n|switch|p1a: Dragonite|Dragonite, M|100\/100\n|-damage|p1a: Dragonite|76\/100|[from] Stealth Rock\n|turn|17\n|\n|t:|1666848037\n|move|p2a: Talonflame|Brave Bird|p1a: Dragonite\n|-damage|p1a: Dragonite|0 fnt\n|faint|p1a: Dragonite\n|-damage|p2a: Talonflame|22\/100|[from] Recoil\n|\n|win|CLOYSTERDEEZNUTS\n|raw|BTLT6 TheJester's rating: 1292 &rarr; <strong>1285<\/strong><br \/>(-7 for losing)\n|raw|CLOYSTERDEEZNUTS's rating: 1600 &rarr; <strong>1606<\/strong><br \/>(+6 for winning)\n","uploadtime":1666848041,"views":6,"p1id":"btlt6thejester","p2id":"cloysterdeeznuts","formatid":"gen6ou","rating":1285,"private":0,"password":null}