{"id":"gen6ou-1648837470","p1":"SkipTheDripBayless","p2":"YanDog","format":"gen6ou","log":"|j|\u203dSkipTheDripBayless\n|j|\u2606YanDog\n|t:|1661530582\n|gametype|singles\n|player|p1|SkipTheDripBayless|worker-gen4|1646\n|player|p2|YanDog|red|1632\n|teamsize|p1|6\n|teamsize|p2|6\n|gen|6\n|tier|[Gen 6] OU\n|rated|\n|rule|Sleep Clause Mod: Limit one foe put to sleep\n|rule|Species Clause: Limit one of each Pok\u00e9mon\n|rule|OHKO Clause: OHKO moves are banned\n|rule|Moody Clause: Moody is banned\n|rule|Evasion Items Clause: Evasion items are banned\n|rule|Evasion Moves Clause: Evasion moves are banned\n|rule|Endless Battle Clause: Forcing endless battles is banned\n|rule|HP Percentage Mod: HP is shown in percentages\n|rule|Swagger Clause: Swagger is banned\n|clearpoke\n|poke|p1|Chansey, F|item\n|poke|p1|Medicham, M|item\n|poke|p1|Alomomola, M|item\n|poke|p1|Scizor, M|item\n|poke|p1|Excadrill, F|item\n|poke|p1|Zapdos|item\n|poke|p2|Charizard, F|item\n|poke|p2|Tyranitar, M|item\n|poke|p2|Latios, M|item\n|poke|p2|Azumarill, M|item\n|poke|p2|Excadrill, M|item\n|poke|p2|Keldeo|item\n|teampreview\n|inactive|Battle timer is ON: inactive players will automatically lose when time's up. (requested by SkipTheDripBayless)\n|\n|t:|1661530595\n|start\n|switch|p1a: Medicham|Medicham, M|100\/100\n|switch|p2a: Charizard|Charizard, F|100\/100\n|turn|1\n|\n|t:|1661530598\n|switch|p2a: Latios|Latios, M|100\/100\n|detailschange|p1a: Medicham|Medicham-Mega, M\n|-mega|p1a: Medicham|Medicham|Medichamite\n|move|p1a: Medicham|Fake Out|p2a: Latios\n|-crit|p2a: Latios\n|-damage|p2a: Latios|52\/100\n|\n|upkeep\n|turn|2\n|\n|t:|1661530615\n|switch|p2a: Charizard|Charizard, F|100\/100\n|switch|p1a: Scizor|Scizor, M|100\/100\n|\n|upkeep\n|turn|3\n|\n|t:|1661530629\n|switch|p2a: Tyranitar|Tyranitar, M|100\/100\n|-weather|Sandstorm|[from] ability: Sand Stream|[of] p2a: Tyranitar\n|switch|p1a: Chansey|Chansey, F|100\/100\n|\n|-weather|Sandstorm|[upkeep]\n|-damage|p1a: Chansey|94\/100|[from] Sandstorm\n|upkeep\n|turn|4\n|\n|t:|1661530633\n|switch|p1a: Excadrill|Excadrill, F|100\/100\n|-ability|p1a: Excadrill|Mold Breaker\n|move|p2a: Tyranitar|Stealth Rock|p1a: Excadrill\n|-sidestart|p1: SkipTheDripBayless|move: Stealth Rock\n|\n|-weather|Sandstorm|[upkeep]\n|upkeep\n|turn|5\n|\n|t:|1661530635\n|switch|p2a: Charizard|Charizard, F|100\/100\n|move|p1a: Excadrill|Rapid Spin|p2a: Charizard\n|-damage|p2a: Charizard|91\/100\n|-sideend|p1: SkipTheDripBayless|Stealth Rock|[from] move: Rapid Spin|[of] p1a: Excadrill\n|\n|-weather|Sandstorm|[upkeep]\n|-damage|p2a: Charizard|85\/100|[from] Sandstorm\n|upkeep\n|turn|6\n|\n|t:|1661530643\n|switch|p1a: Chansey|Chansey, F|94\/100\n|detailschange|p2a: Charizard|Charizard-Mega-Y, F\n|-mega|p2a: Charizard|Charizard|Charizardite Y\n|-weather|SunnyDay|[from] ability: Drought|[of] p2a: Charizard\n|move|p2a: Charizard|Fire Blast|p1a: Chansey\n|-damage|p1a: Chansey|69\/100\n|\n|-weather|SunnyDay|[upkeep]\n|upkeep\n|turn|7\n|\n|t:|1661530652\n|switch|p2a: Tyranitar|Tyranitar, M|100\/100\n|-weather|Sandstorm|[from] ability: Sand Stream|[of] p2a: Tyranitar\n|move|p1a: Chansey|Soft-Boiled|p1a: Chansey\n|-heal|p1a: Chansey|100\/100\n|\n|-weather|Sandstorm|[upkeep]\n|-damage|p1a: Chansey|94\/100|[from] Sandstorm\n|upkeep\n|turn|8\n|\n|t:|1661530655\n|switch|p1a: Excadrill|Excadrill, F|100\/100\n|-ability|p1a: Excadrill|Mold Breaker\n|move|p2a: Tyranitar|Stealth Rock|p1a: Excadrill\n|-sidestart|p1: SkipTheDripBayless|move: Stealth Rock\n|\n|-weather|Sandstorm|[upkeep]\n|upkeep\n|turn|9\n|\n|t:|1661530660\n|switch|p2a: Keldeo|Keldeo|100\/100\n|move|p1a: Excadrill|Rapid Spin|p2a: Keldeo\n|-damage|p2a: Keldeo|93\/100\n|-sideend|p1: SkipTheDripBayless|Stealth Rock|[from] move: Rapid Spin|[of] p1a: Excadrill\n|\n|-weather|Sandstorm|[upkeep]\n|-damage|p2a: Keldeo|87\/100|[from] Sandstorm\n|-heal|p2a: Keldeo|93\/100|[from] item: Leftovers\n|upkeep\n|turn|10\n|\n|t:|1661530670\n|move|p2a: Keldeo|Scald|p1a: Excadrill\n|-supereffective|p1a: Excadrill\n|-damage|p1a: Excadrill|37\/100\n|move|p1a: Excadrill|Earthquake|p2a: Keldeo\n|-damage|p2a: Keldeo|44\/100\n|\n|-weather|Sandstorm|[upkeep]\n|-damage|p2a: Keldeo|38\/100|[from] Sandstorm\n|-heal|p2a: Keldeo|44\/100|[from] item: Leftovers\n|-heal|p1a: Excadrill|43\/100|[from] item: Leftovers\n|upkeep\n|turn|11\n|\n|t:|1661530675\n|switch|p1a: Zapdos|Zapdos|100\/100\n|move|p2a: Keldeo|Scald|p1a: Zapdos\n|-damage|p1a: Zapdos|57\/100\n|-status|p1a: Zapdos|brn\n|\n|-weather|Sandstorm|[upkeep]\n|-damage|p2a: Keldeo|38\/100|[from] Sandstorm\n|-damage|p1a: Zapdos|51\/100 brn|[from] Sandstorm\n|-heal|p2a: Keldeo|44\/100|[from] item: Leftovers\n|-damage|p1a: Zapdos|39\/100 brn|[from] brn\n|upkeep\n|turn|12\n|j| Danger!Chupacabra!\n|inactive|YanDog has 120 seconds left.\n|\n|t:|1661530706\n|switch|p2a: Tyranitar|Tyranitar, M|100\/100\n|move|p1a: Zapdos|Volt Switch|p2a: Tyranitar\n|-damage|p2a: Tyranitar|87\/100\n|\n|t:|1661530708\n|switch|p1a: Medicham|Medicham-Mega, M|100\/100|[from]move: Volt Switch\n|\n|-weather|Sandstorm|[upkeep]\n|-damage|p1a: Medicham|94\/100|[from] Sandstorm\n|upkeep\n|turn|13\n|inactive|YanDog has 120 seconds left.\n|inactive|YanDog has 90 seconds left.\n|\n|t:|1661530765\n|switch|p2a: Latios|Latios, M|52\/100\n|move|p1a: Medicham|High Jump Kick|p2a: Latios\n|-resisted|p2a: Latios\n|-damage|p2a: Latios|0 fnt\n|faint|p2a: Latios\n|\n|-weather|Sandstorm|[upkeep]\n|-damage|p1a: Medicham|88\/100|[from] Sandstorm\n|upkeep\n|inactive|YanDog has 60 seconds left.\n|\n|t:|1661530807\n|switch|p2a: Excadrill|Excadrill, M|100\/100\n|-item|p2a: Excadrill|Air Balloon\n|turn|14\n|\n|t:|1661530813\n|switch|p1a: Alomomola|Alomomola, M|100\/100\n|move|p2a: Excadrill|Earthquake|p1a: Alomomola\n|-damage|p1a: Alomomola|67\/100\n|\n|-weather|none\n|-heal|p1a: Alomomola|73\/100|[from] item: Leftovers\n|upkeep\n|turn|15\n|inactive|YanDog has 60 seconds left.\n|\n|t:|1661530819\n|switch|p2a: Charizard|Charizard-Mega-Y, F|85\/100\n|-weather|SunnyDay|[from] ability: Drought|[of] p2a: Charizard\n|move|p1a: Alomomola|Scald|p2a: Charizard\n|-supereffective|p2a: Charizard\n|-crit|p2a: Charizard\n|-damage|p2a: Charizard|64\/100\n|\n|-weather|SunnyDay|[upkeep]\n|-heal|p1a: Alomomola|79\/100|[from] item: Leftovers\n|upkeep\n|turn|16\n|inactive|YanDog has 60 seconds left.\n|\n|t:|1661530832\n|switch|p2a: Tyranitar|Tyranitar, M|87\/100\n|-weather|Sandstorm|[from] ability: Sand Stream|[of] p2a: Tyranitar\n|move|p1a: Alomomola|Toxic|p2a: Tyranitar\n|-status|p2a: Tyranitar|tox\n|\n|-weather|Sandstorm|[upkeep]\n|-damage|p1a: Alomomola|73\/100|[from] Sandstorm\n|-heal|p1a: Alomomola|79\/100|[from] item: Leftovers\n|-damage|p2a: Tyranitar|81\/100 tox|[from] psn\n|upkeep\n|turn|17\n|\n|t:|1661530835\n|switch|p1a: Excadrill|Excadrill, F|43\/100\n|-ability|p1a: Excadrill|Mold Breaker\n|move|p2a: Tyranitar|Stealth Rock|p1a: Excadrill\n|-sidestart|p1: SkipTheDripBayless|move: Stealth Rock\n|\n|-weather|Sandstorm|[upkeep]\n|-heal|p1a: Excadrill|49\/100|[from] item: Leftovers\n|-damage|p2a: Tyranitar|68\/100 tox|[from] psn\n|upkeep\n|turn|18\n|\n|t:|1661530840\n|switch|p2a: Keldeo|Keldeo|44\/100\n|move|p1a: Excadrill|Stealth Rock|p2a: Keldeo\n|-sidestart|p2: YanDog|move: Stealth Rock\n|\n|-weather|Sandstorm|[upkeep]\n|-damage|p2a: Keldeo|38\/100|[from] Sandstorm\n|-heal|p2a: Keldeo|44\/100|[from] item: Leftovers\n|-heal|p1a: Excadrill|55\/100|[from] item: Leftovers\n|upkeep\n|turn|19\n|\n|t:|1661530851\n|switch|p1a: Zapdos|Zapdos|39\/100 brn\n|-damage|p1a: Zapdos|14\/100 brn|[from] Stealth Rock\n|move|p2a: Keldeo|Secret Sword|p1a: Zapdos\n|-resisted|p1a: Zapdos\n|-damage|p1a: Zapdos|0 fnt\n|faint|p1a: Zapdos\n|\n|-weather|Sandstorm|[upkeep]\n|-damage|p2a: Keldeo|38\/100|[from] Sandstorm\n|-heal|p2a: Keldeo|44\/100|[from] item: Leftovers\n|upkeep\n|\n|t:|1661530853\n|switch|p1a: Medicham|Medicham-Mega, M|88\/100\n|-damage|p1a: Medicham|82\/100|[from] Stealth Rock\n|turn|20\n|\n|t:|1661530855\n|move|p1a: Medicham|Fake Out|p2a: Keldeo\n|-damage|p2a: Keldeo|16\/100\n|cant|p2a: Keldeo|flinch\n|\n|-weather|Sandstorm|[upkeep]\n|-damage|p2a: Keldeo|10\/100|[from] Sandstorm\n|-damage|p1a: Medicham|76\/100|[from] Sandstorm\n|-heal|p2a: Keldeo|16\/100|[from] item: Leftovers\n|upkeep\n|turn|21\n|\n|t:|1661530885\n|switch|p1a: Alomomola|Alomomola, M|100\/100\n|-damage|p1a: Alomomola|88\/100|[from] Stealth Rock\n|move|p2a: Keldeo|Scald|p1a: Alomomola\n|-resisted|p1a: Alomomola\n|-damage|p1a: Alomomola|69\/100\n|-status|p1a: Alomomola|brn\n|\n|-weather|Sandstorm|[upkeep]\n|-damage|p2a: Keldeo|10\/100|[from] Sandstorm\n|-damage|p1a: Alomomola|63\/100 brn|[from] Sandstorm\n|-heal|p2a: Keldeo|16\/100|[from] item: Leftovers\n|-heal|p1a: Alomomola|69\/100 brn|[from] item: Leftovers\n|-damage|p1a: Alomomola|57\/100 brn|[from] brn\n|upkeep\n|turn|22\n|\n|t:|1661530900\n|move|p2a: Keldeo|Secret Sword|p1a: Alomomola\n|-damage|p1a: Alomomola|31\/100 brn\n|move|p1a: Alomomola|Toxic|p2a: Keldeo\n|-status|p2a: Keldeo|tox\n|\n|-weather|Sandstorm|[upkeep]\n|-damage|p2a: Keldeo|10\/100 tox|[from] Sandstorm\n|-damage|p1a: Alomomola|25\/100 brn|[from] Sandstorm\n|-heal|p2a: Keldeo|16\/100 tox|[from] item: Leftovers\n|-heal|p1a: Alomomola|31\/100 brn|[from] item: Leftovers\n|-damage|p2a: Keldeo|10\/100 tox|[from] psn\n|-damage|p1a: Alomomola|19\/100 brn|[from] brn\n|upkeep\n|turn|23\n|inactive|SkipTheDripBayless has 120 seconds left.\n|\n|t:|1661530926\n|switch|p1a: Excadrill|Excadrill, F|55\/100\n|-damage|p1a: Excadrill|52\/100|[from] Stealth Rock\n|-ability|p1a: Excadrill|Mold Breaker\n|move|p2a: Keldeo|Secret Sword|p1a: Excadrill\n|-supereffective|p1a: Excadrill\n|-damage|p1a: Excadrill|0 fnt\n|faint|p1a: Excadrill\n|\n|-weather|none\n|-heal|p2a: Keldeo|16\/100 tox|[from] item: Leftovers\n|-damage|p2a: Keldeo|4\/100 tox|[from] psn\n|upkeep\n|\n|t:|1661530930\n|switch|p1a: Medicham|Medicham-Mega, M|76\/100\n|-damage|p1a: Medicham|70\/100|[from] Stealth Rock\n|turn|24\n|\n|t:|1661530937\n|switch|p2a: Tyranitar|Tyranitar, M|68\/100 tox\n|-damage|p2a: Tyranitar|56\/100 tox|[from] Stealth Rock\n|-weather|Sandstorm|[from] ability: Sand Stream|[of] p2a: Tyranitar\n|move|p1a: Medicham|Fake Out|p2a: Tyranitar\n|-resisted|p2a: Tyranitar\n|-damage|p2a: Tyranitar|49\/100 tox\n|\n|-weather|Sandstorm|[upkeep]\n|-damage|p1a: Medicham|64\/100|[from] Sandstorm\n|-damage|p2a: Tyranitar|42\/100 tox|[from] psn\n|upkeep\n|turn|25\n|\n|t:|1661530940\n|switch|p1a: Chansey|Chansey, F|94\/100\n|-damage|p1a: Chansey|82\/100|[from] Stealth Rock\n|switch|p2a: Keldeo|Keldeo|4\/100 tox\n|-damage|p2a: Keldeo|0 fnt|[from] Stealth Rock\n|faint|p2a: Keldeo\n|\n|-weather|Sandstorm|[upkeep]\n|-damage|p1a: Chansey|76\/100|[from] Sandstorm\n|upkeep\n|inactive|YanDog has 120 seconds left.\n|\n|t:|1661530972\n|switch|p2a: Excadrill|Excadrill, M|100\/100\n|-damage|p2a: Excadrill|97\/100|[from] Stealth Rock\n|-item|p2a: Excadrill|Air Balloon\n|turn|26\n|\n|t:|1661530975\n|move|p2a: Excadrill|Swords Dance|p2a: Excadrill\n|-boost|p2a: Excadrill|atk|2\n|move|p1a: Chansey|Seismic Toss|p2a: Excadrill\n|-damage|p2a: Excadrill|70\/100\n|-enditem|p2a: Excadrill|Air Balloon\n|\n|-weather|Sandstorm|[upkeep]\n|-damage|p1a: Chansey|69\/100|[from] Sandstorm\n|upkeep\n|turn|27\n|\n|t:|1661530985\n|move|p2a: Excadrill|Earthquake|p1a: Chansey\n|-damage|p1a: Chansey|0 fnt\n|faint|p1a: Chansey\n|\n|-weather|Sandstorm|[upkeep]\n|upkeep\n|\n|t:|1661530988\n|switch|p1a: Medicham|Medicham-Mega, M|64\/100\n|-damage|p1a: Medicham|58\/100|[from] Stealth Rock\n|turn|28\n|\n|t:|1661530991\n|move|p1a: Medicham|Fake Out|p2a: Excadrill\n|-resisted|p2a: Excadrill\n|-damage|p2a: Excadrill|53\/100\n|cant|p2a: Excadrill|flinch\n|\n|-weather|Sandstorm|[upkeep]\n|-damage|p1a: Medicham|51\/100|[from] Sandstorm\n|upkeep\n|turn|29\n|inactive|SkipTheDripBayless has 120 seconds left.\n|\n|t:|1661531045\n|switch|p1a: Alomomola|Alomomola, M|52\/100 brn\n|-damage|p1a: Alomomola|39\/100 brn|[from] Stealth Rock\n|move|p2a: Excadrill|Earthquake|p1a: Alomomola\n|-damage|p1a: Alomomola|0 fnt\n|faint|p1a: Alomomola\n|\n|-weather|Sandstorm|[upkeep]\n|upkeep\n|\n|t:|1661531051\n|switch|p1a: Medicham|Medicham-Mega, M|51\/100\n|-damage|p1a: Medicham|45\/100|[from] Stealth Rock\n|turn|30\n|\n|t:|1661531054\n|move|p1a: Medicham|Fake Out|p2a: Excadrill\n|-resisted|p2a: Excadrill\n|-damage|p2a: Excadrill|37\/100\n|cant|p2a: Excadrill|flinch\n|\n|-weather|Sandstorm|[upkeep]\n|-damage|p1a: Medicham|39\/100|[from] Sandstorm\n|upkeep\n|turn|31\n|\n|t:|1661531058\n|move|p1a: Medicham|Bullet Punch|p2a: Excadrill\n|-resisted|p2a: Excadrill\n|-damage|p2a: Excadrill|20\/100\n|move|p2a: Excadrill|Earthquake|p1a: Medicham\n|-damage|p1a: Medicham|0 fnt\n|faint|p1a: Medicham\n|\n|-weather|none\n|upkeep\n|\n|t:|1661531060\n|switch|p1a: Scizor|Scizor, M|100\/100\n|-damage|p1a: Scizor|88\/100|[from] Stealth Rock\n|turn|32\n|\n|t:|1661531067\n|move|p1a: Scizor|Bullet Punch|p2a: Excadrill\n|-resisted|p2a: Excadrill\n|-damage|p2a: Excadrill|0 fnt\n|faint|p2a: Excadrill\n|\n|upkeep\n|inactive|YanDog has 120 seconds left.\n|\n|t:|1661531119\n|switch|p2a: Azumarill|Azumarill, M|100\/100\n|-damage|p2a: Azumarill|88\/100|[from] Stealth Rock\n|turn|33\n|\n|t:|1661531126\n|move|p1a: Scizor|Bullet Punch|p2a: Azumarill\n|-crit|p2a: Azumarill\n|-damage|p2a: Azumarill|2\/100\n|-enditem|p2a: Azumarill|Sitrus Berry|[eat]\n|-heal|p2a: Azumarill|27\/100|[from] item: Sitrus Berry\n|move|p2a: Azumarill|Knock Off|p1a: Scizor\n|-damage|p1a: Scizor|45\/100\n|-enditem|p1a: Scizor|Choice Band|[from] move: Knock Off|[of] p2a: Azumarill\n|\n|upkeep\n|turn|34\n|c|\u2606YanDog|bro fuck this game\n|c|\u2606YanDog|u needed that crit\n|\n|t:|1661531154\n|move|p1a: Scizor|Bullet Punch|p2a: Azumarill\n|-damage|p2a: Azumarill|0 fnt\n|faint|p2a: Azumarill\n|\n|upkeep\n|c|\u2606YanDog|such trash\n|\n|t:|1661531162\n|switch|p2a: Charizard|Charizard-Mega-Y, F|64\/100\n|-damage|p2a: Charizard|14\/100|[from] Stealth Rock\n|-weather|SunnyDay|[from] ability: Drought|[of] p2a: Charizard\n|turn|35\n|\n|t:|1661531167\n|move|p1a: Scizor|Bullet Punch|p2a: Charizard\n|-resisted|p2a: Charizard\n|-damage|p2a: Charizard|0 fnt\n|faint|p2a: Charizard\n|\n|-weather|SunnyDay|[upkeep]\n|upkeep\n|\n|t:|1661531170\n|switch|p2a: Tyranitar|Tyranitar, M|42\/100 tox\n|-damage|p2a: Tyranitar|30\/100 tox|[from] Stealth Rock\n|-weather|Sandstorm|[from] ability: Sand Stream|[of] p2a: Tyranitar\n|turn|36\n|\n|t:|1661531172\n|move|p1a: Scizor|Bullet Punch|p2a: Tyranitar\n|-supereffective|p2a: Tyranitar\n|-damage|p2a: Tyranitar|0 fnt\n|faint|p2a: Tyranitar\n|\n|win|SkipTheDripBayless\n|raw|SkipTheDripBayless's rating: 1646 &rarr; <strong>1665<\/strong><br \/>(+19 for winning)\n|raw|YanDog's rating: 1632 &rarr; <strong>1613<\/strong><br \/>(-19 for losing)\n|c|\u2606YanDog|lucky mf\n|l|\u203dSkipTheDripBayless\n","uploadtime":1661531193,"views":20,"p1id":"skipthedripbayless","p2id":"yandog","formatid":"gen6ou","rating":1613,"private":0,"password":null}