{"id":"gen6ou-1680433064","p1":"ayevon","p2":"weRHEGJHM","format":"gen6ou","log":"|j|\u2606ayevon\n|j|\u2606weRHEGJHM\n|t:|1665190728\n|gametype|singles\n|player|p1|ayevon|102|\n|player|p2|weRHEGJHM|erika|\n|teamsize|p1|6\n|teamsize|p2|6\n|gen|6\n|tier|[Gen 6] OU\n|rated|Tournament battle\n|rule|Sleep Clause Mod: Limit one foe put to sleep\n|rule|Species Clause: Limit one of each Pok\u00e9mon\n|rule|OHKO Clause: OHKO moves are banned\n|rule|Moody Clause: Moody is banned\n|rule|Evasion Items Clause: Evasion items are banned\n|rule|Evasion Moves Clause: Evasion moves are banned\n|rule|Endless Battle Clause: Forcing endless battles is banned\n|rule|HP Percentage Mod: HP is shown in percentages\n|rule|Swagger Clause: Swagger is banned\n|clearpoke\n|poke|p1|Metagross|item\n|poke|p1|Tyranitar, M|item\n|poke|p1|Excadrill, M|item\n|poke|p1|Amoonguss, F|item\n|poke|p1|Rotom-Wash|item\n|poke|p1|Landorus-Therian, M|item\n|poke|p2|Weavile, F|item\n|poke|p2|Rotom-Wash|item\n|poke|p2|Tornadus-Therian, M|item\n|poke|p2|Excadrill, F|item\n|poke|p2|Lopunny, F|item\n|poke|p2|Latios, M|item\n|teampreview\n|inactive|Battle timer is ON: inactive players will automatically lose when time's up. (requested by ayevon)\n|j| BB-8-NU\n|c|\u2606weRHEGJHM|glhf\n|c|\u2606ayevon|hf\n|\n|t:|1665190745\n|start\n|switch|p1a: Rotom|Rotom-Wash|100\/100\n|switch|p2a: Rotom|Rotom-Wash|100\/100\n|turn|1\n|\n|t:|1665190750\n|move|p1a: Rotom|Will-O-Wisp|p2a: Rotom\n|-status|p2a: Rotom|brn\n|move|p2a: Rotom|Will-O-Wisp|p1a: Rotom|[miss]\n|-miss|p2a: Rotom|p1a: Rotom\n|\n|-damage|p2a: Rotom|88\/100 brn|[from] brn\n|upkeep\n|turn|2\n|j| Danger!Chupacabra!\n|\n|t:|1665190756\n|move|p2a: Rotom|Hydro Pump|p1a: Rotom\n|-resisted|p1a: Rotom\n|-damage|p1a: Rotom|80\/100\n|move|p1a: Rotom|Hydro Pump|p2a: Rotom|[miss]\n|-miss|p1a: Rotom|p2a: Rotom\n|\n|-heal|p2a: Rotom|94\/100 brn|[from] item: Leftovers\n|-heal|p1a: Rotom|86\/100|[from] item: Leftovers\n|-damage|p2a: Rotom|82\/100 brn|[from] brn\n|upkeep\n|turn|3\n|j| Azure_Cry$ta1\n|\n|t:|1665190760\n|move|p1a: Rotom|Volt Switch|p2a: Rotom\n|-damage|p2a: Rotom|57\/100 brn\n|\n|t:|1665190762\n|switch|p1a: Amoonguss|Amoonguss, F|100\/100|[from]move: Volt Switch\n|move|p2a: Rotom|Will-O-Wisp|p1a: Amoonguss\n|-status|p1a: Amoonguss|brn\n|\n|-heal|p2a: Rotom|63\/100 brn|[from] item: Leftovers\n|-damage|p2a: Rotom|51\/100 brn|[from] brn\n|-damage|p1a: Amoonguss|88\/100 brn|[from] brn\n|upkeep\n|turn|4\n|\n|t:|1665190771\n|move|p2a: Rotom|Volt Switch|p1a: Amoonguss\n|-resisted|p1a: Amoonguss\n|-damage|p1a: Amoonguss|77\/100 brn\n|\n|t:|1665190774\n|switch|p2a: Tornadus|Tornadus-Therian, M|100\/100|[from]move: Volt Switch\n|move|p1a: Amoonguss|Spore|p2a: Tornadus\n|-status|p2a: Tornadus|slp|[from] move: Spore\n|\n|-heal|p1a: Amoonguss|83\/100 brn|[from] item: Black Sludge\n|-damage|p1a: Amoonguss|71\/100 brn|[from] brn\n|upkeep\n|turn|5\n|\n|t:|1665190784\n|switch|p2a: Lopunny|Lopunny, F|100\/100\n|switch|p1a: Landorus|Landorus-Therian, M|100\/100\n|-ability|p1a: Landorus|Intimidate|boost\n|-unboost|p2a: Lopunny|atk|1\n|\n|upkeep\n|turn|6\n|\n|t:|1665190788\n|detailschange|p2a: Lopunny|Lopunny-Mega, F\n|-mega|p2a: Lopunny|Lopunny|Lopunnite\n|move|p2a: Lopunny|Fake Out|p1a: Landorus\n|-damage|p1a: Landorus|90\/100\n|-damage|p2a: Lopunny|84\/100|[from] item: Rocky Helmet|[of] p1a: Landorus\n|cant|p1a: Landorus|flinch\n|\n|upkeep\n|turn|7\n|\n|t:|1665190799\n|switch|p2a: Latios|Latios, M|100\/100\n|move|p1a: Landorus|Stealth Rock|p2a: Latios\n|-sidestart|p2: weRHEGJHM|move: Stealth Rock\n|\n|upkeep\n|turn|8\n|\n|t:|1665190805\n|switch|p1a: Amoonguss|Amoonguss, F|100\/100 brn\n|move|p2a: Latios|Surf|p1a: Amoonguss\n|-resisted|p1a: Amoonguss\n|-damage|p1a: Amoonguss|81\/100 brn\n|\n|-heal|p1a: Amoonguss|87\/100 brn|[from] item: Black Sludge\n|-damage|p1a: Amoonguss|75\/100 brn|[from] brn\n|upkeep\n|turn|9\n|\n|t:|1665190812\n|switch|p2a: Excadrill|Excadrill, F|100\/100\n|-damage|p2a: Excadrill|98\/100|[from] Stealth Rock\n|-ability|p2a: Excadrill|Mold Breaker\n|switch|p1a: Rotom|Rotom-Wash|86\/100\n|\n|-heal|p2a: Excadrill|100\/100|[from] item: Leftovers\n|-heal|p1a: Rotom|92\/100|[from] item: Leftovers\n|upkeep\n|turn|10\n|\n|t:|1665190823\n|switch|p2a: Latios|Latios, M|100\/100\n|-damage|p2a: Latios|88\/100|[from] Stealth Rock\n|switch|p1a: Landorus|Landorus-Therian, M|90\/100\n|-ability|p1a: Landorus|Intimidate|boost\n|-unboost|p2a: Latios|atk|1\n|\n|upkeep\n|turn|11\n|\n|t:|1665190827\n|switch|p1a: Rotom|Rotom-Wash|92\/100\n|move|p2a: Latios|Draco Meteor|p1a: Rotom\n|-damage|p1a: Rotom|0 fnt\n|-unboost|p2a: Latios|spa|2\n|faint|p1a: Rotom\n|\n|upkeep\n|\n|t:|1665190828\n|switch|p1a: Metagross|Metagross|100\/100\n|turn|12\n|\n|t:|1665190835\n|switch|p2a: Excadrill|Excadrill, F|100\/100\n|-damage|p2a: Excadrill|98\/100|[from] Stealth Rock\n|-ability|p2a: Excadrill|Mold Breaker\n|detailschange|p1a: Metagross|Metagross-Mega\n|-mega|p1a: Metagross|Metagross|Metagrossite\n|move|p1a: Metagross|Hammer Arm|p2a: Excadrill\n|-supereffective|p2a: Excadrill\n|-damage|p2a: Excadrill|0 fnt\n|-unboost|p1a: Metagross|spe|1\n|faint|p2a: Excadrill\n|\n|upkeep\n|\n|t:|1665190855\n|switch|p2a: Weavile|Weavile, F|100\/100\n|-damage|p2a: Weavile|76\/100|[from] Stealth Rock\n|-ability|p2a: Weavile|Pressure\n|turn|13\n|\n|t:|1665190859\n|move|p2a: Weavile|Pursuit|p1a: Metagross\n|-supereffective|p1a: Metagross\n|-damage|p1a: Metagross|52\/100\n|move|p1a: Metagross|Meteor Mash|p2a: Weavile|[miss]\n|-miss|p1a: Metagross|p2a: Weavile\n|\n|upkeep\n|turn|14\n|\n|t:|1665190863\n|move|p2a: Weavile|Pursuit|p1a: Metagross\n|-supereffective|p1a: Metagross\n|-damage|p1a: Metagross|1\/100\n|move|p1a: Metagross|Meteor Mash|p2a: Weavile\n|-supereffective|p2a: Weavile\n|-damage|p2a: Weavile|0 fnt\n|faint|p2a: Weavile\n|\n|upkeep\n|\n|t:|1665190868\n|switch|p2a: Lopunny|Lopunny-Mega, F|84\/100\n|-damage|p2a: Lopunny|78\/100|[from] Stealth Rock\n|turn|15\n|\n|t:|1665190872\n|switch|p1a: Landorus|Landorus-Therian, M|90\/100\n|-ability|p1a: Landorus|Intimidate|boost\n|-unboost|p2a: Lopunny|atk|1\n|move|p2a: Lopunny|Frustration|p1a: Landorus\n|-damage|p1a: Landorus|66\/100\n|-damage|p2a: Lopunny|61\/100|[from] item: Rocky Helmet|[of] p1a: Landorus\n|\n|upkeep\n|turn|16\n|\n|t:|1665190875\n|switch|p2a: Latios|Latios, M|88\/100\n|-damage|p2a: Latios|76\/100|[from] Stealth Rock\n|move|p1a: Landorus|U-turn|p2a: Latios\n|-supereffective|p2a: Latios\n|-damage|p2a: Latios|17\/100\n|\n|t:|1665190877\n|switch|p1a: Tyranitar|Tyranitar, M|100\/100|[from]move: U-turn\n|-weather|Sandstorm|[from] ability: Sand Stream|[of] p1a: Tyranitar\n|\n|-weather|Sandstorm|[upkeep]\n|-damage|p2a: Latios|11\/100|[from] Sandstorm\n|upkeep\n|turn|17\n|\n|t:|1665190882\n|move|p2a: Latios|Trick|p1a: Tyranitar\n|-activate|p2a: Latios|move: Trick|[of] p1a: Tyranitar\n|-item|p1a: Tyranitar|Choice Specs|[from] move: Trick\n|-item|p2a: Latios|Choice Band|[from] move: Trick\n|move|p1a: Tyranitar|Crunch|p2a: Latios\n|-supereffective|p2a: Latios\n|-damage|p2a: Latios|0 fnt\n|faint|p2a: Latios\n|\n|-weather|Sandstorm|[upkeep]\n|upkeep\n|\n|t:|1665190889\n|switch|p2a: Lopunny|Lopunny-Mega, F|61\/100\n|-damage|p2a: Lopunny|55\/100|[from] Stealth Rock\n|turn|18\n|\n|t:|1665190892\n|switch|p1a: Landorus|Landorus-Therian, M|66\/100\n|-ability|p1a: Landorus|Intimidate|boost\n|-unboost|p2a: Lopunny|atk|1\n|move|p2a: Lopunny|High Jump Kick|p1a: Landorus\n|-resisted|p1a: Landorus\n|-damage|p1a: Landorus|48\/100\n|-damage|p2a: Lopunny|39\/100|[from] item: Rocky Helmet|[of] p1a: Landorus\n|\n|-weather|Sandstorm|[upkeep]\n|-damage|p2a: Lopunny|33\/100|[from] Sandstorm\n|upkeep\n|turn|19\n|\n|t:|1665190896\n|move|p2a: Lopunny|Frustration|p1a: Landorus\n|-damage|p1a: Landorus|23\/100\n|-damage|p2a: Lopunny|16\/100|[from] item: Rocky Helmet|[of] p1a: Landorus\n|move|p1a: Landorus|U-turn|p2a: Lopunny\n|-resisted|p2a: Lopunny\n|-damage|p2a: Lopunny|3\/100\n|\n|t:|1665190899\n|switch|p1a: Excadrill|Excadrill, M|100\/100|[from]move: U-turn\n|\n|-weather|Sandstorm|[upkeep]\n|-damage|p2a: Lopunny|0 fnt|[from] Sandstorm\n|faint|p2a: Lopunny\n|upkeep\n|c|\u2606weRHEGJHM|ggwp\n|c|\u2606weRHEGJHM|your gonna win\n|\n|t:|1665190907\n|switch|p2a: Rotom|Rotom-Wash|51\/100 brn\n|-damage|p2a: Rotom|38\/100 brn|[from] Stealth Rock\n|turn|20\n|\n|t:|1665190912\n|switch|p1a: Landorus|Landorus-Therian, M|23\/100\n|-ability|p1a: Landorus|Intimidate|boost\n|-unboost|p2a: Rotom|atk|1\n|move|p2a: Rotom|Will-O-Wisp|p1a: Landorus|[miss]\n|-miss|p2a: Rotom|p1a: Landorus\n|\n|-weather|none\n|-heal|p2a: Rotom|45\/100 brn|[from] item: Leftovers\n|-damage|p2a: Rotom|32\/100 brn|[from] brn\n|upkeep\n|turn|21\n|l| Danger!Chupacabra!\n|\n|t:|1665190917\n|move|p1a: Landorus|U-turn|p2a: Rotom\n|-damage|p2a: Rotom|14\/100 brn\n|\n|t:|1665190920\n|switch|p1a: Tyranitar|Tyranitar, M|100\/100|[from]move: U-turn\n|-weather|Sandstorm|[from] ability: Sand Stream|[of] p1a: Tyranitar\n|move|p2a: Rotom|Will-O-Wisp|p1a: Tyranitar\n|-status|p1a: Tyranitar|brn\n|\n|-weather|Sandstorm|[upkeep]\n|-damage|p2a: Rotom|8\/100 brn|[from] Sandstorm\n|-heal|p2a: Rotom|14\/100 brn|[from] item: Leftovers\n|-damage|p1a: Tyranitar|88\/100 brn|[from] brn\n|-damage|p2a: Rotom|1\/100 brn|[from] brn\n|upkeep\n|turn|22\n|\n|t:|1665190926\n|switch|p1a: Metagross|Metagross-Mega|1\/100\n|move|p2a: Rotom|Hydro Pump|p1a: Metagross\n|-damage|p1a: Metagross|0 fnt\n|faint|p1a: Metagross\n|\n|-weather|Sandstorm|[upkeep]\n|-damage|p2a: Rotom|0 fnt|[from] Sandstorm\n|faint|p2a: Rotom\n|upkeep\n|\n|t:|1665190929\n|switch|p1a: Excadrill|Excadrill, M|100\/100\n|switch|p2a: Tornadus|Tornadus-Therian, M|100\/100 slp\n|-damage|p2a: Tornadus|76\/100 slp|[from] Stealth Rock\n|turn|23\n|\n|t:|1665190932\n|move|p1a: Excadrill|Rock Slide|p2a: Tornadus\n|-supereffective|p2a: Tornadus\n|-damage|p2a: Tornadus|13\/100 slp\n|cant|p2a: Tornadus|slp\n|\n|-weather|Sandstorm|[upkeep]\n|-damage|p2a: Tornadus|7\/100 slp|[from] Sandstorm\n|upkeep\n|turn|24\n|\n|t:|1665190937\n|move|p1a: Excadrill|Rapid Spin|p2a: Tornadus\n|-damage|p2a: Tornadus|0 fnt\n|faint|p2a: Tornadus\n|\n|win|ayevon\n|n|\u2606ayevon|ayevon\n|n|\u2606weRHEGJHM|werhegjhm\n|n| BB-8-NU|bb8nu\n|n| Azure_Cry$ta1|azurecryta1\n","uploadtime":1665190938,"views":6,"p1id":"ayevon","p2id":"werhegjhm","formatid":"gen6ou","rating":0,"private":0,"password":null}