{"id":"gen6ou-1695295661","p1":"BTLT6 Tropico","p2":"CLOysTerdeEzNutS","format":"gen6ou","log":"|raw|<div class=\"broadcast-blue\"><strong>This battle is required to be public due to a player having a name starting with 'btlt6'.<\/div>\n|j|\u2606BTLT6 Tropico\n|j|\u2606CLOysTerdeEzNutS\n|t:|1666789632\n|gametype|singles\n|player|p1|BTLT6 Tropico|nate|1451\n|player|p2|CLOysTerdeEzNutS|gambler-gen1|1435\n|teamsize|p1|6\n|teamsize|p2|6\n|gen|6\n|tier|[Gen 6] OU\n|rated|\n|rule|Sleep Clause Mod: Limit one foe put to sleep\n|rule|Species Clause: Limit one of each Pok\u00e9mon\n|rule|OHKO Clause: OHKO moves are banned\n|rule|Moody Clause: Moody is banned\n|rule|Evasion Items Clause: Evasion items are banned\n|rule|Evasion Moves Clause: Evasion moves are banned\n|rule|Endless Battle Clause: Forcing endless battles is banned\n|rule|HP Percentage Mod: HP is shown in percentages\n|rule|Swagger Clause: Swagger is banned\n|clearpoke\n|poke|p1|Excadrill, M|item\n|poke|p1|Gyarados, M|item\n|poke|p1|Bisharp, M|item\n|poke|p1|Thundurus, M|item\n|poke|p1|Volcarona, F|item\n|poke|p1|Serperior, M|item\n|poke|p2|Landorus-Therian, M|item\n|poke|p2|Charizard, F|item\n|poke|p2|Kyurem-Black|item\n|poke|p2|Starmie|item\n|poke|p2|Serperior, M|item\n|poke|p2|Bisharp, F|item\n|teampreview\n|inactive|Battle timer is ON: inactive players will automatically lose when time's up. (requested by BTLT6 Tropico)\n|inactive|CLOysTerdeEzNutS also wants the timer to be on.\n|\n|t:|1666789643\n|start\n|switch|p1a: Thundurus|Thundurus, M|100\/100\n|switch|p2a: Landorus|Landorus-Therian, M|100\/100\n|-ability|p2a: Landorus|Intimidate|boost\n|-unboost|p1a: Thundurus|atk|1\n|turn|1\n|\n|t:|1666789646\n|move|p1a: Thundurus|Hidden Power|p2a: Landorus\n|-supereffective|p2a: Landorus\n|-damage|p2a: Landorus|3\/100\n|move|p2a: Landorus|Stealth Rock|p1a: Thundurus\n|-sidestart|p1: BTLT6 Tropico|move: Stealth Rock\n|\n|upkeep\n|turn|2\n|\n|t:|1666789654\n|switch|p2a: Kyurem|Kyurem-Black|100\/100\n|-ability|p2a: Kyurem|Teravolt\n|move|p1a: Thundurus|Hidden Power|p2a: Kyurem\n|-crit|p2a: Kyurem\n|-damage|p2a: Kyurem|67\/100\n|\n|upkeep\n|turn|3\n|\n|t:|1666789659\n|move|p2a: Kyurem|Ice Beam|p1a: Thundurus\n|-supereffective|p1a: Thundurus\n|-damage|p1a: Thundurus|0 fnt\n|faint|p1a: Thundurus\n|\n|upkeep\n|\n|t:|1666789662\n|switch|p1a: Excadrill|Excadrill, M|100\/100\n|-damage|p1a: Excadrill|97\/100|[from] Stealth Rock\n|-ability|p1a: Excadrill|Mold Breaker\n|turn|4\n|\n|t:|1666789668\n|move|p2a: Kyurem|Ice Beam|p1a: Excadrill\n|-damage|p1a: Excadrill|51\/100\n|move|p1a: Excadrill|Rapid Spin|p2a: Kyurem\n|-damage|p2a: Kyurem|60\/100\n|-sideend|p1: BTLT6 Tropico|Stealth Rock|[from] move: Rapid Spin|[of] p1a: Excadrill\n|\n|upkeep\n|turn|5\n|\n|t:|1666789675\n|switch|p2a: Starmie|Starmie|100\/100\n|-item|p2a: Starmie|Air Balloon\n|move|p1a: Excadrill|Stealth Rock|p2a: Starmie\n|-sidestart|p2: CLOysTerdeEzNutS|move: Stealth Rock\n|\n|upkeep\n|turn|6\n|\n|t:|1666789683\n|move|p2a: Starmie|Rapid Spin|p1a: Excadrill\n|-resisted|p1a: Excadrill\n|-damage|p1a: Excadrill|49\/100\n|-sideend|p2: CLOysTerdeEzNutS|Stealth Rock|[from] move: Rapid Spin|[of] p2a: Starmie\n|move|p1a: Excadrill|Rapid Spin|p2a: Starmie\n|-damage|p2a: Starmie|89\/100\n|-enditem|p2a: Starmie|Air Balloon\n|\n|upkeep\n|turn|7\n|\n|t:|1666789687\n|move|p2a: Starmie|Scald|p1a: Excadrill\n|-supereffective|p1a: Excadrill\n|-damage|p1a: Excadrill|0 fnt\n|faint|p1a: Excadrill\n|\n|upkeep\n|\n|t:|1666789697\n|switch|p1a: Serperior|Serperior, M|100\/100\n|turn|8\n|\n|t:|1666789699\n|move|p2a: Starmie|Hidden Power|p1a: Serperior\n|-supereffective|p1a: Serperior\n|-damage|p1a: Serperior|66\/100\n|move|p1a: Serperior|Leaf Storm|p2a: Starmie\n|-supereffective|p2a: Starmie\n|-damage|p2a: Starmie|0 fnt\n|-boost|p1a: Serperior|spa|2\n|faint|p2a: Starmie\n|\n|upkeep\n|\n|t:|1666789703\n|switch|p2a: Kyurem|Kyurem-Black|60\/100\n|-ability|p2a: Kyurem|Teravolt\n|turn|9\n|\n|t:|1666789712\n|move|p2a: Kyurem|Outrage|p1a: Serperior\n|-damage|p1a: Serperior|0 fnt\n|faint|p1a: Serperior\n|\n|upkeep\n|\n|t:|1666789721\n|switch|p1a: Gyarados|Gyarados, M|100\/100\n|-ability|p1a: Gyarados|Intimidate|boost\n|-unboost|p2a: Kyurem|atk|1\n|turn|10\n|\n|t:|1666789727\n|move|p2a: Kyurem|Outrage|p1a: Gyarados|[from]lockedmove\n|-damage|p1a: Gyarados|38\/100\n|move|p1a: Gyarados|Dragon Dance|p1a: Gyarados\n|-boost|p1a: Gyarados|atk|1\n|-boost|p1a: Gyarados|spe|1\n|\n|upkeep\n|turn|11\n|j| BTLT6 Oreotrague\n|l| BTLT6 Oreotrague\n|\n|t:|1666789736\n|detailschange|p1a: Gyarados|Gyarados-Mega, M\n|-mega|p1a: Gyarados|Gyarados|Gyaradosite\n|-ability|p1a: Gyarados|Mold Breaker\n|move|p2a: Kyurem|Outrage|p1a: Gyarados|[from]lockedmove\n|-damage|p1a: Gyarados|0 fnt\n|faint|p1a: Gyarados\n|-start|p2a: Kyurem|confusion|[fatigue]\n|\n|upkeep\n|\n|t:|1666789742\n|switch|p1a: Bisharp|Bisharp, M|100\/100\n|turn|12\n|\n|t:|1666789746\n|switch|p2a: Serperior|Serperior, M|100\/100\n|move|p1a: Bisharp|Swords Dance|p1a: Bisharp\n|-boost|p1a: Bisharp|atk|2\n|\n|upkeep\n|turn|13\n|\n|t:|1666789749\n|move|p2a: Serperior|Glare|p1a: Bisharp\n|-status|p1a: Bisharp|par\n|move|p1a: Bisharp|Knock Off|p2a: Serperior\n|-crit|p2a: Serperior\n|-damage|p2a: Serperior|0 fnt\n|-enditem|p2a: Serperior|Miracle Seed|[from] move: Knock Off|[of] p1a: Bisharp\n|faint|p2a: Serperior\n|\n|upkeep\n|\n|t:|1666789754\n|switch|p2a: Bisharp|Bisharp, F|100\/100\n|turn|14\n|\n|t:|1666789758\n|move|p2a: Bisharp|Iron Head|p1a: Bisharp\n|-resisted|p1a: Bisharp\n|-damage|p1a: Bisharp|75\/100 par\n|move|p1a: Bisharp|Knock Off|p2a: Bisharp\n|-resisted|p2a: Bisharp\n|-damage|p2a: Bisharp|20\/100\n|-enditem|p2a: Bisharp|Black Glasses|[from] move: Knock Off|[of] p1a: Bisharp\n|\n|upkeep\n|turn|15\n|\n|t:|1666789764\n|move|p2a: Bisharp|Sucker Punch|p1a: Bisharp\n|-resisted|p1a: Bisharp\n|-damage|p1a: Bisharp|49\/100 par\n|move|p1a: Bisharp|Knock Off|p2a: Bisharp\n|-resisted|p2a: Bisharp\n|-damage|p2a: Bisharp|0 fnt\n|faint|p2a: Bisharp\n|\n|upkeep\n|\n|t:|1666789775\n|switch|p2a: Landorus|Landorus-Therian, M|3\/100\n|-ability|p2a: Landorus|Intimidate|boost\n|-unboost|p1a: Bisharp|atk|1\n|-ability|p1a: Bisharp|Defiant|boost\n|-boost|p1a: Bisharp|atk|2\n|turn|16\n|\n|t:|1666789782\n|move|p2a: Landorus|Earthquake|p1a: Bisharp\n|-supereffective|p1a: Bisharp\n|-damage|p1a: Bisharp|0 fnt\n|faint|p1a: Bisharp\n|\n|upkeep\n|\n|t:|1666789784\n|switch|p1a: Volcarona|Volcarona, F|100\/100\n|turn|17\n|\n|t:|1666789787\n|move|p1a: Volcarona|Quiver Dance|p1a: Volcarona\n|-boost|p1a: Volcarona|spa|1\n|-boost|p1a: Volcarona|spd|1\n|-boost|p1a: Volcarona|spe|1\n|move|p2a: Landorus|Explosion|p1a: Volcarona\n|-damage|p1a: Volcarona|0 fnt\n|faint|p2a: Landorus\n|faint|p1a: Volcarona\n|\n|win|CLOysTerdeEzNutS\n|raw|BTLT6 Tropico's rating: 1451 &rarr; <strong>1430<\/strong><br \/>(-21 for losing)\n|raw|CLOysTerdeEzNutS's rating: 1435 &rarr; <strong>1456<\/strong><br \/>(+21 for winning)\n","uploadtime":1666789792,"views":11,"p1id":"btlt6tropico","p2id":"cloysterdeeznuts","formatid":"gen6ou","rating":1430,"private":0,"password":null}