{"id":"gen6ou-1693554134","p1":"BTLT6 Tropico","p2":"CLOysTerdeEzNutS","format":"gen6ou","log":"|raw|<div class=\"broadcast-blue\"><strong>This battle is required to be public due to a player having a name starting with 'btlt6'.<\/div>\n|j|\u2606BTLT6 Tropico\n|j|\u2606CLOysTerdeEzNutS\n|t:|1666619041\n|gametype|singles\n|player|p1|BTLT6 Tropico|ethan|1388\n|player|p2|CLOysTerdeEzNutS|fisherman-gen4|1529\n|teamsize|p1|6\n|teamsize|p2|6\n|gen|6\n|tier|[Gen 6] OU\n|rated|\n|rule|Sleep Clause Mod: Limit one foe put to sleep\n|rule|Species Clause: Limit one of each Pok\u00e9mon\n|rule|OHKO Clause: OHKO moves are banned\n|rule|Moody Clause: Moody is banned\n|rule|Evasion Items Clause: Evasion items are banned\n|rule|Evasion Moves Clause: Evasion moves are banned\n|rule|Endless Battle Clause: Forcing endless battles is banned\n|rule|HP Percentage Mod: HP is shown in percentages\n|rule|Swagger Clause: Swagger is banned\n|clearpoke\n|poke|p1|Charizard, M|item\n|poke|p1|Weavile, M|item\n|poke|p1|Skarmory, F|item\n|poke|p1|Chansey, F|item\n|poke|p1|Gliscor, F|item\n|poke|p1|Slowbro, M|item\n|poke|p2|Scolipede, M|item\n|poke|p2|Sharpedo, M|item\n|poke|p2|Landorus-Therian, M|item\n|poke|p2|Serperior, F|item\n|poke|p2|Heatran, M|item\n|poke|p2|Manaphy|item\n|teampreview\n|inactive|Battle timer is ON: inactive players will automatically lose when time's up. (requested by BTLT6 Tropico)\n|inactive|CLOysTerdeEzNutS also wants the timer to be on.\n|inactive|BTLT6 Tropico has 120 seconds left.\n|inactive|CLOysTerdeEzNutS has 120 seconds left.\n|\n|t:|1666619080\n|start\n|switch|p1a: Weavile|Weavile, M|100\/100\n|switch|p2a: Landorus|Landorus-Therian, M|100\/100\n|-ability|p1a: Weavile|Pressure\n|-ability|p2a: Landorus|Intimidate|boost\n|-unboost|p1a: Weavile|atk|1\n|turn|1\n|\n|t:|1666619089\n|switch|p2a: Heatran|Heatran, M|100\/100\n|move|p1a: Weavile|Ice Shard|p2a: Heatran\n|-resisted|p2a: Heatran\n|-damage|p2a: Heatran|96\/100\n|\n|-heal|p2a: Heatran|100\/100|[from] item: Leftovers\n|upkeep\n|turn|2\n|\n|t:|1666619094\n|switch|p1a: Gliscor|Gliscor, F|100\/100\n|move|p2a: Heatran|Magma Storm|p1a: Gliscor\n|-damage|p1a: Gliscor|55\/100\n|-activate|p1a: Gliscor|move: Magma Storm|[of] p2a: Heatran\n|\n|-damage|p1a: Gliscor|43\/100|[from] move: Magma Storm|[partiallytrapped]\n|-status|p1a: Gliscor|tox|[from] item: Toxic Orb\n|upkeep\n|turn|3\n|\n|t:|1666619110\n|move|p2a: Heatran|Magma Storm|p1a: Gliscor|[miss]\n|-miss|p2a: Heatran|p1a: Gliscor\n|move|p1a: Gliscor|Earthquake|p2a: Heatran\n|-supereffective|p2a: Heatran\n|-damage|p2a: Heatran|0 fnt\n|faint|p2a: Heatran\n|\n|-heal|p1a: Gliscor|55\/100 tox|[from] ability: Poison Heal\n|-end|p1a: Gliscor|Magma Storm|[partiallytrapped]|[silent]\n|upkeep\n|\n|t:|1666619128\n|switch|p2a: Manaphy|Manaphy|100\/100\n|turn|4\n|\n|t:|1666619136\n|switch|p2a: Landorus|Landorus-Therian, M|100\/100\n|-ability|p2a: Landorus|Intimidate|boost\n|-unboost|p1a: Gliscor|atk|1\n|switch|p1a: Chansey|Chansey, F|100\/100\n|\n|upkeep\n|turn|5\n|\n|t:|1666619138\n|move|p2a: Landorus|Stealth Rock|p1a: Chansey\n|-sidestart|p1: BTLT6 Tropico|move: Stealth Rock\n|move|p1a: Chansey|Stealth Rock|p2a: Landorus\n|-sidestart|p2: CLOysTerdeEzNutS|move: Stealth Rock\n|\n|upkeep\n|turn|6\n|\n|t:|1666619140\n|move|p2a: Landorus|Knock Off|p1a: Chansey\n|-damage|p1a: Chansey|76\/100\n|-enditem|p1a: Chansey|Eviolite|[from] move: Knock Off|[of] p2a: Landorus\n|move|p1a: Chansey|Toxic|p2a: Landorus\n|-status|p2a: Landorus|tox\n|\n|-damage|p2a: Landorus|95\/100 tox|[from] psn\n|upkeep\n|turn|7\n|\n|t:|1666619143\n|switch|p2a: Scolipede|Scolipede, M|100\/100\n|-damage|p2a: Scolipede|76\/100|[from] Stealth Rock\n|move|p1a: Chansey|Soft-Boiled|p1a: Chansey\n|-heal|p1a: Chansey|100\/100\n|\n|upkeep\n|turn|8\n|\n|t:|1666619146\n|switch|p1a: Skarmory|Skarmory, F|100\/100\n|-damage|p1a: Skarmory|88\/100|[from] Stealth Rock\n|move|p2a: Scolipede|Spikes|p1a: Skarmory\n|-sidestart|p1: BTLT6 Tropico|Spikes\n|\n|-ability|p2a: Scolipede|Speed Boost|boost\n|-boost|p2a: Scolipede|spe|1\n|upkeep\n|turn|9\n|\n|t:|1666619152\n|switch|p2a: Landorus|Landorus-Therian, M|95\/100 tox\n|-damage|p2a: Landorus|82\/100 tox|[from] Stealth Rock\n|-ability|p2a: Landorus|Intimidate|boost\n|-unboost|p1a: Skarmory|atk|1\n|move|p1a: Skarmory|Defog|p2a: Landorus\n|-unboost|p2a: Landorus|evasion|1\n|-sideend|p2: CLOysTerdeEzNutS|Stealth Rock|[from] move: Defog|[of] p1a: Skarmory\n|-sideend|p1: BTLT6 Tropico|Spikes|[from] move: Defog|[of] p1a: Skarmory\n|-sideend|p1: BTLT6 Tropico|Stealth Rock|[from] move: Defog|[of] p1a: Skarmory\n|\n|-damage|p2a: Landorus|76\/100 tox|[from] psn\n|upkeep\n|turn|10\n|\n|t:|1666619157\n|move|p2a: Landorus|Stealth Rock|p1a: Skarmory\n|-sidestart|p1: BTLT6 Tropico|move: Stealth Rock\n|move|p1a: Skarmory|Brave Bird|p2a: Landorus\n|-damage|p2a: Landorus|52\/100 tox\n|-damage|p1a: Skarmory|80\/100|[from] Recoil\n|\n|-damage|p2a: Landorus|40\/100 tox|[from] psn\n|upkeep\n|turn|11\n|\n|t:|1666619159\n|move|p2a: Landorus|Explosion|p1a: Skarmory\n|-resisted|p1a: Skarmory\n|-damage|p1a: Skarmory|51\/100\n|faint|p2a: Landorus\n|move|p1a: Skarmory|Defog|p2: Landorus|[notarget]\n|-fail|p1a: Skarmory\n|\n|upkeep\n|\n|t:|1666619164\n|switch|p2a: Serperior|Serperior, F|100\/100\n|turn|12\n|\n|t:|1666619167\n|move|p2a: Serperior|Taunt|p1a: Skarmory\n|-start|p1a: Skarmory|move: Taunt\n|cant|p1a: Skarmory|move: Taunt|Defog\n|\n|upkeep\n|turn|13\n|\n|t:|1666619172\n|move|p2a: Serperior|Leaf Storm|p1a: Skarmory\n|-resisted|p1a: Skarmory\n|-damage|p1a: Skarmory|33\/100\n|-boost|p2a: Serperior|spa|2\n|move|p1a: Skarmory|Brave Bird|p2a: Serperior\n|-supereffective|p2a: Serperior\n|-damage|p2a: Serperior|45\/100\n|-damage|p1a: Skarmory|17\/100|[from] Recoil\n|\n|upkeep\n|turn|14\n|\n|t:|1666619180\n|move|p2a: Serperior|Hidden Power|p1a: Skarmory\n|-supereffective|p1a: Skarmory\n|-damage|p1a: Skarmory|0 fnt\n|faint|p1a: Skarmory\n|\n|upkeep\n|\n|t:|1666619187\n|switch|p1a: Weavile|Weavile, M|100\/100\n|-damage|p1a: Weavile|76\/100|[from] Stealth Rock\n|-ability|p1a: Weavile|Pressure\n|turn|15\n|\n|t:|1666619194\n|move|p1a: Weavile|Knock Off|p2a: Serperior\n|-damage|p2a: Serperior|0 fnt\n|-enditem|p2a: Serperior|Miracle Seed|[from] move: Knock Off|[of] p1a: Weavile\n|faint|p2a: Serperior\n|\n|upkeep\n|\n|t:|1666619196\n|switch|p2a: Sharpedo|Sharpedo, M|100\/100\n|turn|16\n|\n|t:|1666619211\n|switch|p1a: Gliscor|Gliscor, F|55\/100 tox\n|-damage|p1a: Gliscor|43\/100 tox|[from] Stealth Rock\n|move|p2a: Sharpedo|Waterfall|p1a: Gliscor\n|-supereffective|p1a: Gliscor\n|-damage|p1a: Gliscor|0 fnt\n|faint|p1a: Gliscor\n|\n|-ability|p2a: Sharpedo|Speed Boost|boost\n|-boost|p2a: Sharpedo|spe|1\n|upkeep\n|\n|t:|1666619215\n|switch|p1a: Slowbro|Slowbro, M|100\/100\n|-damage|p1a: Slowbro|88\/100|[from] Stealth Rock\n|turn|17\n|\n|t:|1666619221\n|switch|p2a: Scolipede|Scolipede, M|76\/100\n|move|p1a: Slowbro|Thunder Wave|p2a: Scolipede\n|-status|p2a: Scolipede|par\n|\n|-heal|p1a: Slowbro|94\/100|[from] item: Leftovers\n|upkeep\n|turn|18\n|\n|t:|1666619230\n|move|p1a: Slowbro|Psyshock|p2a: Scolipede\n|-supereffective|p2a: Scolipede\n|-damage|p2a: Scolipede|0 fnt\n|faint|p2a: Scolipede\n|\n|-heal|p1a: Slowbro|99\/100|[from] item: Leftovers\n|upkeep\n|\n|t:|1666619233\n|switch|p2a: Manaphy|Manaphy|100\/100\n|turn|19\n|\n|t:|1666619238\n|move|p2a: Manaphy|Tail Glow|p2a: Manaphy\n|-boost|p2a: Manaphy|spa|3\n|move|p1a: Slowbro|Thunder Wave|p2a: Manaphy\n|-status|p2a: Manaphy|par\n|-enditem|p2a: Manaphy|Lum Berry|[eat]\n|-curestatus|p2a: Manaphy|par|[msg]\n|\n|-heal|p1a: Slowbro|100\/100|[from] item: Leftovers\n|upkeep\n|turn|20\n|\n|t:|1666619243\n|switch|p1a: Chansey|Chansey, F|100\/100\n|-damage|p1a: Chansey|88\/100|[from] Stealth Rock\n|move|p2a: Manaphy|Energy Ball|p1a: Chansey\n|-damage|p1a: Chansey|63\/100\n|\n|upkeep\n|turn|21\n|\n|t:|1666619247\n|move|p2a: Manaphy|Tail Glow|p2a: Manaphy\n|-boost|p2a: Manaphy|spa|3\n|move|p1a: Chansey|Toxic|p2a: Manaphy\n|-status|p2a: Manaphy|tox\n|\n|-damage|p2a: Manaphy|94\/100 tox|[from] psn\n|upkeep\n|turn|22\n|\n|t:|1666619250\n|move|p2a: Manaphy|Surf|p1a: Chansey\n|-damage|p1a: Chansey|0 fnt\n|faint|p1a: Chansey\n|\n|-damage|p2a: Manaphy|82\/100 tox|[from] psn\n|upkeep\n|\n|t:|1666619252\n|switch|p1a: Charizard|Charizard, M|100\/100\n|-damage|p1a: Charizard|51\/100|[from] Stealth Rock\n|turn|23\n|\n|t:|1666619254\n|detailschange|p1a: Charizard|Charizard-Mega-Y, M\n|-mega|p1a: Charizard|Charizard|Charizardite Y\n|-weather|SunnyDay|[from] ability: Drought|[of] p1a: Charizard\n|move|p1a: Charizard|Solar Beam||[still]\n|-prepare|p1a: Charizard|Solar Beam\n|-anim|p1a: Charizard|Solar Beam|p2a: Manaphy\n|-supereffective|p2a: Manaphy\n|-crit|p2a: Manaphy\n|-damage|p2a: Manaphy|0 fnt\n|faint|p2a: Manaphy\n|\n|-weather|SunnyDay|[upkeep]\n|upkeep\n|\n|t:|1666619256\n|switch|p2a: Sharpedo|Sharpedo, M|100\/100\n|turn|24\n|\n|t:|1666619258\n|move|p1a: Charizard|Roost|p1a: Charizard\n|-heal|p1a: Charizard|100\/100\n|-singleturn|p1a: Charizard|move: Roost\n|move|p2a: Sharpedo|Crunch|p1a: Charizard\n|-damage|p1a: Charizard|41\/100\n|\n|-weather|SunnyDay|[upkeep]\n|-ability|p2a: Sharpedo|Speed Boost|boost\n|-boost|p2a: Sharpedo|spe|1\n|upkeep\n|turn|25\n|\n|t:|1666619262\n|move|p2a: Sharpedo|Crunch|p1a: Charizard\n|-damage|p1a: Charizard|0 fnt\n|faint|p1a: Charizard\n|\n|-weather|SunnyDay|[upkeep]\n|-ability|p2a: Sharpedo|Speed Boost|boost\n|-boost|p2a: Sharpedo|spe|1\n|upkeep\n|\n|t:|1666619265\n|switch|p1a: Slowbro|Slowbro, M|100\/100\n|-damage|p1a: Slowbro|88\/100|[from] Stealth Rock\n|turn|26\n|\n|t:|1666619268\n|detailschange|p2a: Sharpedo|Sharpedo-Mega, M\n|-mega|p2a: Sharpedo|Sharpedo|Sharpedonite\n|move|p2a: Sharpedo|Crunch|p1a: Slowbro\n|-supereffective|p1a: Slowbro\n|-damage|p1a: Slowbro|0 fnt\n|faint|p1a: Slowbro\n|\n|-weather|SunnyDay|[upkeep]\n|upkeep\n|\n|t:|1666619270\n|switch|p1a: Weavile|Weavile, M|76\/100\n|-damage|p1a: Weavile|51\/100|[from] Stealth Rock\n|-ability|p1a: Weavile|Pressure\n|turn|27\n|\n|t:|1666619273\n|move|p2a: Sharpedo|Protect|p2a: Sharpedo\n|-singleturn|p2a: Sharpedo|Protect\n|move|p1a: Weavile|Icicle Crash|p2a: Sharpedo\n|-activate|p2a: Sharpedo|move: Protect\n|\n|-weather|none\n|upkeep\n|turn|28\n|\n|t:|1666619275\n|move|p2a: Sharpedo|Crunch|p1a: Weavile\n|-resisted|p1a: Weavile\n|-damage|p1a: Weavile|0 fnt\n|faint|p1a: Weavile\n|\n|win|CLOysTerdeEzNutS\n|raw|BTLT6 Tropico's rating: 1388 &rarr; <strong>1376<\/strong><br \/>(-12 for losing)\n|raw|CLOysTerdeEzNutS's rating: 1529 &rarr; <strong>1541<\/strong><br \/>(+12 for winning)\n|l|\u2606BTLT6 Tropico\n||Ladder isn't responding, score probably updated but might not have (Request timeout).\n","uploadtime":1666619286,"views":14,"p1id":"btlt6tropico","p2id":"cloysterdeeznuts","formatid":"gen6ou","rating":1376,"private":0,"password":null}