{"id":"gen6ou-1674340596","p1":"SkipTheDripBayless","p2":"bizarman","format":"gen6ou","log":"|j|\u2606SkipTheDripBayless\n|j|\u2606bizarman\n|inactive|Battle timer is ON: inactive players will automatically lose when time's up.\n|t:|1664558023\n|gametype|singles\n|player|p1|SkipTheDripBayless|#roaladder|\n|player|p2|bizarman|scientist-gen4|\n|teamsize|p1|6\n|teamsize|p2|6\n|gen|6\n|tier|[Gen 6] OU\n|rated|Tournament battle\n|rule|Sleep Clause Mod: Limit one foe put to sleep\n|rule|Species Clause: Limit one of each Pok\u00e9mon\n|rule|OHKO Clause: OHKO moves are banned\n|rule|Moody Clause: Moody is banned\n|rule|Evasion Items Clause: Evasion items are banned\n|rule|Evasion Moves Clause: Evasion moves are banned\n|rule|Endless Battle Clause: Forcing endless battles is banned\n|rule|HP Percentage Mod: HP is shown in percentages\n|rule|Swagger Clause: Swagger is banned\n|clearpoke\n|poke|p1|Cofagrigus, M|item\n|poke|p1|Lopunny, F|item\n|poke|p1|Chansey, F|item\n|poke|p1|Excadrill, M|item\n|poke|p1|Alomomola, F|item\n|poke|p1|Skarmory, F|item\n|poke|p2|Medicham, M|item\n|poke|p2|Rotom-Wash|item\n|poke|p2|Tornadus-Therian, M|item\n|poke|p2|Manaphy|item\n|poke|p2|Excadrill, M|item\n|poke|p2|Kyurem-Black|item\n|teampreview\n|j| Wildform\n|j| PkmnMasterEclipse\n|c|\u2606bizarman|glhf\n|j|%Sww-Suwa\n|c|\u2606SkipTheDripBayless|u2\n|inactive|bizarman has 120 seconds left.\n|\n|t:|1664558054\n|start\n|switch|p1a: Lopunny|Lopunny, F, shiny|100\/100\n|switch|p2a: Tatsumaki|Tornadus-Therian, M|100\/100\n|turn|1\n|\n|t:|1664558060\n|switch|p2a: Mumen Rider|Rotom-Wash|100\/100\n|detailschange|p1a: Lopunny|Lopunny-Mega, F, shiny\n|-mega|p1a: Lopunny|Lopunny|Lopunnite\n|move|p1a: Lopunny|Fake Out|p2a: Mumen Rider\n|-damage|p2a: Mumen Rider|79\/100\n|\n|-heal|p2a: Mumen Rider|86\/100|[from] item: Leftovers\n|upkeep\n|turn|2\n|\n|t:|1664558067\n|switch|p1a: Chansey|Chansey, F|100\/100\n|move|p2a: Mumen Rider|Will-O-Wisp|p1a: Chansey\n|-status|p1a: Chansey|brn\n|\n|-heal|p2a: Mumen Rider|92\/100|[from] item: Leftovers\n|-damage|p1a: Chansey|88\/100 brn|[from] brn\n|upkeep\n|turn|3\n|\n|t:|1664558076\n|-curestatus|p1a: Chansey|brn|[from] ability: Natural Cure\n|switch|p1a: Excadrill|Excadrill, M|100\/100\n|-ability|p1a: Excadrill|Mold Breaker\n|move|p2a: Mumen Rider|Volt Switch|p1a: Excadrill\n|-immune|p1a: Excadrill\n|\n|-heal|p2a: Mumen Rider|98\/100|[from] item: Leftovers\n|upkeep\n|turn|4\n|\n|t:|1664558087\n|switch|p2a: Tatsumaki|Tornadus-Therian, M|100\/100\n|move|p1a: Excadrill|Earthquake|p2a: Tatsumaki\n|-immune|p2a: Tatsumaki\n|\n|upkeep\n|turn|5\n|\n|t:|1664558093\n|move|p2a: Tatsumaki|Knock Off|p1a: Excadrill\n|-damage|p1a: Excadrill|75\/100\n|-enditem|p1a: Excadrill|Leftovers|[from] move: Knock Off|[of] p2a: Tatsumaki\n|move|p1a: Excadrill|Stealth Rock|p2a: Tatsumaki\n|-sidestart|p2: bizarman|move: Stealth Rock\n|\n|upkeep\n|turn|6\n|\n|t:|1664558099\n|switch|p1a: Alomomola|Alomomola, F|100\/100\n|move|p2a: Tatsumaki|Heat Wave|p1a: Alomomola\n|-resisted|p1a: Alomomola\n|-crit|p1a: Alomomola\n|-damage|p1a: Alomomola|83\/100\n|\n|-heal|p1a: Alomomola|89\/100|[from] item: Leftovers\n|upkeep\n|turn|7\n|\n|t:|1664558109\n|move|p2a: Tatsumaki|Knock Off|p1a: Alomomola\n|-damage|p1a: Alomomola|75\/100\n|-enditem|p1a: Alomomola|Leftovers|[from] move: Knock Off|[of] p2a: Tatsumaki\n|move|p1a: Alomomola|Toxic|p2a: Tatsumaki\n|-status|p2a: Tatsumaki|tox\n|\n|-damage|p2a: Tatsumaki|94\/100 tox|[from] psn\n|upkeep\n|turn|8\n|\n|t:|1664558117\n|move|p2a: Tatsumaki|U-turn|p1a: Alomomola\n|-damage|p1a: Alomomola|63\/100\n|\n|t:|1664558129\n|switch|p2a: Saitama|Medicham, M|100\/100|[from]move: U-turn\n|-damage|p2a: Saitama|94\/100|[from] Stealth Rock\n|move|p1a: Alomomola|Scald|p2a: Saitama\n|-damage|p2a: Saitama|73\/100\n|\n|upkeep\n|turn|9\n|j| SatelliteFifteen\n|\n|t:|1664558139\n|detailschange|p2a: Saitama|Medicham-Mega, M\n|-mega|p2a: Saitama|Medicham|Medichamite\n|move|p1a: Alomomola|Protect|p1a: Alomomola\n|-singleturn|p1a: Alomomola|Protect\n|move|p2a: Saitama|Zen Headbutt|p1a: Alomomola\n|-activate|p1a: Alomomola|move: Protect\n|\n|upkeep\n|turn|10\n|\n|t:|1664558146\n|switch|p1a: Skarmory|Skarmory, F|100\/100\n|move|p2a: Saitama|Zen Headbutt|p1a: Skarmory\n|-resisted|p1a: Skarmory\n|-damage|p1a: Skarmory|81\/100\n|-damage|p2a: Saitama|56\/100|[from] item: Rocky Helmet|[of] p1a: Skarmory\n|\n|upkeep\n|turn|11\n|\n|t:|1664558155\n|switch|p2a: Genos|Excadrill, M|100\/100\n|-damage|p2a: Genos|97\/100|[from] Stealth Rock\n|-ability|p2a: Genos|Mold Breaker\n|move|p1a: Skarmory|Spikes|p2a: Genos\n|-sidestart|p2: bizarman|Spikes\n|\n|-heal|p2a: Genos|100\/100|[from] item: Leftovers\n|upkeep\n|turn|12\n|\n|t:|1664558164\n|switch|p1a: Cofagrigus|Cofagrigus, M, shiny|100\/100\n|move|p2a: Genos|Stealth Rock|p1a: Cofagrigus\n|-sidestart|p1: SkipTheDripBayless|move: Stealth Rock\n|\n|upkeep\n|turn|13\n|\n|t:|1664558170\n|switch|p2a: Tatsumaki|Tornadus-Therian, M|100\/100 tox\n|-damage|p2a: Tatsumaki|76\/100 tox|[from] Stealth Rock\n|move|p1a: Cofagrigus|Toxic Spikes|p2a: Tatsumaki\n|-sidestart|p2: bizarman|move: Toxic Spikes\n|\n|-damage|p2a: Tatsumaki|70\/100 tox|[from] psn\n|upkeep\n|turn|14\n|\n|t:|1664558187\n|switch|p1a: Excadrill|Excadrill, M|75\/100\n|-damage|p1a: Excadrill|72\/100|[from] Stealth Rock\n|-ability|p1a: Excadrill|Mold Breaker\n|move|p2a: Tatsumaki|Knock Off|p1a: Excadrill\n|-damage|p1a: Excadrill|54\/100\n|\n|-damage|p2a: Tatsumaki|57\/100 tox|[from] psn\n|upkeep\n|turn|15\n|\n|t:|1664558197\n|move|p2a: Tatsumaki|U-turn|p1a: Excadrill\n|-resisted|p1a: Excadrill\n|-crit|p1a: Excadrill\n|-damage|p1a: Excadrill|40\/100\n|\n|t:|1664558203\n|switch|p2a: Genos|Excadrill, M|100\/100|[from]move: U-turn\n|-damage|p2a: Genos|97\/100|[from] Stealth Rock\n|-damage|p2a: Genos|85\/100|[from] Spikes\n|-ability|p2a: Genos|Mold Breaker\n|move|p1a: Excadrill|Rapid Spin|p2a: Genos\n|-resisted|p2a: Genos\n|-damage|p2a: Genos|81\/100\n|-sideend|p1: SkipTheDripBayless|Stealth Rock|[from] move: Rapid Spin|[of] p1a: Excadrill\n|\n|-heal|p2a: Genos|88\/100|[from] item: Leftovers\n|upkeep\n|turn|16\n|\n|t:|1664558214\n|move|p1a: Excadrill|Earthquake|p2a: Genos\n|-supereffective|p2a: Genos\n|-damage|p2a: Genos|0 fnt\n|faint|p2a: Genos\n|\n|upkeep\n|c|\u2606bizarman|damn\n|c|\u2606SkipTheDripBayless|im fast drill\n|\n|t:|1664558226\n|switch|p2a: Saitama|Medicham-Mega, M|56\/100\n|-damage|p2a: Saitama|50\/100|[from] Stealth Rock\n|-damage|p2a: Saitama|38\/100|[from] Spikes\n|-status|p2a: Saitama|psn\n|turn|17\n|c|\u2606SkipTheDripBayless|!showset 4\n|c| SkipTheDripBayless|\/raw <div class=\"infobox\">Excadrill @ Leftovers  <br \/>Ability: Mold Breaker  <br \/>EVs: 252 HP &#x2f; 88 SpD &#x2f; 168 Spe  <br \/>Jolly Nature  <br \/>- Earthquake  <br \/>- Iron Head  <br \/>- Stealth Rock  <br \/>- Rapid Spin  <br \/><br \/><\/div>\n|inactive|bizarman has 120 seconds left.\n|c|\u2606bizarman|oh yh you oputspeed for ssure\n|c|\u2606bizarman|well\n|\n|t:|1664558262\n|switch|p1a: Cofagrigus|Cofagrigus, M, shiny|100\/100\n|move|p2a: Saitama|High Jump Kick|p1a: Cofagrigus\n|-immune|p1a: Cofagrigus\n|-damage|p2a: Saitama|0 fnt|[from] highjumpkick\n|faint|p2a: Saitama\n|\n|upkeep\n|l| Wildform\n|c|\u2606bizarman|thats gg i guess\n|c|\u2606SkipTheDripBayless|gg\n|\n|t:|1664558275\n|switch|p2a: Pri-Pri-Prisoner|Manaphy|100\/100\n|-damage|p2a: Pri-Pri-Prisoner|88\/100|[from] Stealth Rock\n|-damage|p2a: Pri-Pri-Prisoner|76\/100|[from] Spikes\n|-status|p2a: Pri-Pri-Prisoner|psn\n|turn|18\n|j| en mode aigri\n|\n|t:|1664558281\n|move|p2a: Pri-Pri-Prisoner|Tail Glow|p2a: Pri-Pri-Prisoner\n|-boost|p2a: Pri-Pri-Prisoner|spa|3\n|move|p1a: Cofagrigus|Hex|p2a: Pri-Pri-Prisoner\n|-damage|p2a: Pri-Pri-Prisoner|37\/100 psn\n|\n|-heal|p2a: Pri-Pri-Prisoner|43\/100 psn|[from] item: Leftovers\n|-damage|p2a: Pri-Pri-Prisoner|31\/100 psn|[from] psn\n|upkeep\n|turn|19\n|\n|t:|1664558289\n|move|p2a: Pri-Pri-Prisoner|Scald|p1a: Cofagrigus\n|-damage|p1a: Cofagrigus|12\/100\n|move|p1a: Cofagrigus|Hex|p2a: Pri-Pri-Prisoner\n|-damage|p2a: Pri-Pri-Prisoner|0 fnt\n|faint|p2a: Pri-Pri-Prisoner\n|\n|-heal|p1a: Cofagrigus|19\/100|[from] item: Leftovers\n|upkeep\n|\n|t:|1664558302\n|switch|p2a: Tatsumaki|Tornadus-Therian, M|90\/100 tox\n|-damage|p2a: Tatsumaki|66\/100 tox|[from] Stealth Rock\n|turn|20\n|\n|t:|1664558307\n|move|p2a: Tatsumaki|Hurricane|p1a: Cofagrigus\n|-damage|p1a: Cofagrigus|0 fnt\n|faint|p1a: Cofagrigus\n|\n|-damage|p2a: Tatsumaki|59\/100 tox|[from] psn\n|upkeep\n|\n|t:|1664558309\n|switch|p1a: Lopunny|Lopunny-Mega, F, shiny|100\/100\n|turn|21\n|\n|t:|1664558318\n|switch|p2a: Mumen Rider|Rotom-Wash|98\/100\n|-damage|p2a: Mumen Rider|86\/100|[from] Stealth Rock\n|move|p1a: Lopunny|Fake Out|p2a: Mumen Rider\n|-damage|p2a: Mumen Rider|67\/100\n|\n|-heal|p2a: Mumen Rider|73\/100|[from] item: Leftovers\n|upkeep\n|turn|22\n|\n|t:|1664558328\n|switch|p1a: Chansey|Chansey, F|88\/100\n|move|p2a: Mumen Rider|Hydro Pump|p1a: Chansey\n|-crit|p1a: Chansey\n|-damage|p1a: Chansey|72\/100\n|\n|-heal|p2a: Mumen Rider|79\/100|[from] item: Leftovers\n|upkeep\n|turn|23\n|\n|t:|1664558335\n|move|p2a: Mumen Rider|Volt Switch|p1a: Chansey\n|-damage|p1a: Chansey|65\/100\n|\n|t:|1664558339\n|switch|p2a: Tatsumaki|Tornadus-Therian, M|92\/100 tox|[from]move: Volt Switch\n|-damage|p2a: Tatsumaki|68\/100 tox|[from] Stealth Rock\n|move|p1a: Chansey|Seismic Toss|p2a: Tatsumaki\n|-damage|p2a: Tatsumaki|37\/100 tox\n|\n|-damage|p2a: Tatsumaki|31\/100 tox|[from] psn\n|upkeep\n|turn|24\n|\n|t:|1664558347\n|move|p2a: Tatsumaki|U-turn|p1a: Chansey\n|-damage|p1a: Chansey|54\/100\n|\n|t:|1664558350\n|switch|p2a: Mumen Rider|Rotom-Wash|79\/100|[from]move: U-turn\n|-damage|p2a: Mumen Rider|67\/100|[from] Stealth Rock\n|move|p1a: Chansey|Seismic Toss|p2a: Mumen Rider\n|-damage|p2a: Mumen Rider|34\/100\n|\n|-heal|p2a: Mumen Rider|40\/100|[from] item: Leftovers\n|upkeep\n|turn|25\n|\n|t:|1664558358\n|move|p2a: Mumen Rider|Pain Split|p1a: Chansey\n|-sethp|p1a: Chansey|36\/100|[from] move: Pain Split|[silent]\n|-sethp|p2a: Mumen Rider|76\/100|[from] move: Pain Split\n|move|p1a: Chansey|Toxic|p2a: Mumen Rider\n|-status|p2a: Mumen Rider|tox\n|\n|-heal|p2a: Mumen Rider|83\/100 tox|[from] item: Leftovers\n|-damage|p2a: Mumen Rider|76\/100 tox|[from] psn\n|upkeep\n|turn|26\n|\n|t:|1664558367\n|move|p2a: Mumen Rider|Volt Switch|p1a: Chansey\n|-damage|p1a: Chansey|29\/100\n|\n|t:|1664558370\n|switch|p2a: Silver Fang|Kyurem-Black|100\/100|[from]move: Volt Switch\n|-damage|p2a: Silver Fang|76\/100|[from] Stealth Rock\n|-damage|p2a: Silver Fang|63\/100|[from] Spikes\n|-status|p2a: Silver Fang|psn\n|-ability|p2a: Silver Fang|Teravolt\n|move|p1a: Chansey|Soft-Boiled|p1a: Chansey\n|-heal|p1a: Chansey|79\/100\n|\n|-damage|p2a: Silver Fang|51\/100 psn|[from] psn\n|upkeep\n|turn|27\n|\n|t:|1664558381\n|move|p2a: Silver Fang|Fusion Bolt|p1a: Chansey\n|-damage|p1a: Chansey|48\/100\n|move|p1a: Chansey|Seismic Toss|p2a: Silver Fang\n|-damage|p2a: Silver Fang|26\/100 psn\n|\n|-damage|p2a: Silver Fang|13\/100 psn|[from] psn\n|upkeep\n|turn|28\n|-message|bizarman forfeited.\n|\n|win|SkipTheDripBayless\n|n|\u2606SkipTheDripBayless|skipthedripbayless\n|n|\u2606bizarman|bizarman\n|n| PkmnMasterEclipse|pkmnmastereclipse\n|n| Sww-Suwa|swwsuwa\n|n| SatelliteFifteen|satellitefifteen\n|n| en mode aigri|enmodeaigri\n|c|\u2606bizarman|gg\n|l|\u2606SkipTheDripBayless\n|l| Sww-Suwa\n|l|\u2606bizarman\n|l| SatelliteFifteen\n|l| PkmnMasterEclipse\n","uploadtime":1664558606,"views":22,"p1id":"skipthedripbayless","p2id":"bizarman","formatid":"gen6ou","rating":0,"private":0,"password":null}