{"id":"gen6ou-1631646657","p1":"SHALN4RK","p2":"alvar03","format":"gen6ou","log":"|j|\u2606SHALN4RK\n|j|\u2606alvar03\n|t:|1659563712\n|gametype|singles\n|player|p1|SHALN4RK|1|1338\n|player|p2|alvar03|alder|1431\n|teamsize|p1|6\n|teamsize|p2|6\n|gen|6\n|tier|[Gen 6] OU\n|rated|\n|rule|Sleep Clause Mod: Limit one foe put to sleep\n|rule|Species Clause: Limit one of each Pok\u00e9mon\n|rule|OHKO Clause: OHKO moves are banned\n|rule|Moody Clause: Moody is banned\n|rule|Evasion Moves Clause: Evasion moves are banned\n|rule|Endless Battle Clause: Forcing endless battles is banned\n|rule|HP Percentage Mod: HP is shown in percentages\n|rule|Swagger Clause: Swagger is banned\n|clearpoke\n|poke|p1|Keldeo|item\n|poke|p1|Volcanion|item\n|poke|p1|Weavile, F|item\n|poke|p1|Tangrowth, F|item\n|poke|p1|Excadrill, F|item\n|poke|p1|Zapdos|item\n|poke|p2|Latias, F|item\n|poke|p2|Ferrothorn, M|item\n|poke|p2|Clefable, F|item\n|poke|p2|Excadrill, F|item\n|poke|p2|Volcarona, M|item\n|poke|p2|Tornadus-Therian, M|item\n|teampreview\n|inactive|Battle timer is ON: inactive players will automatically lose when time's up. (requested by SHALN4RK)\n|\n|t:|1659563728\n|start\n|switch|p1a: Keldeo|Keldeo|100\/100\n|switch|p2a: Clefable|Clefable, F|100\/100\n|turn|1\n|\n|t:|1659563741\n|switch|p1a: Excadrill|Excadrill, F|100\/100\n|-ability|p1a: Excadrill|Mold Breaker\n|move|p2a: Clefable|Moonblast|p1a: Excadrill\n|-resisted|p1a: Excadrill\n|-damage|p1a: Excadrill|88\/100\n|\n|-heal|p1a: Excadrill|94\/100|[from] item: Leftovers\n|upkeep\n|turn|2\n|\n|t:|1659563748\n|switch|p2a: Tornadus|Tornadus-Therian, M|100\/100\n|move|p1a: Excadrill|Stealth Rock|p2a: Tornadus\n|-sidestart|p2: alvar03|move: Stealth Rock\n|\n|-heal|p1a: Excadrill|100\/100|[from] item: Leftovers\n|upkeep\n|turn|3\n|\n|t:|1659563752\n|switch|p1a: Zapdos|Zapdos|100\/100\n|move|p2a: Tornadus|Knock Off|p1a: Zapdos\n|-damage|p1a: Zapdos|86\/100\n|-enditem|p1a: Zapdos|Leftovers|[from] move: Knock Off|[of] p2a: Tornadus\n|\n|upkeep\n|turn|4\n|\n|t:|1659563759\n|switch|p2a: Clefable|Clefable, F|100\/100\n|move|p1a: Zapdos|Discharge|p2a: Clefable\n|-damage|p2a: Clefable|68\/100\n|-status|p2a: Clefable|par\n|\n|-heal|p2a: Clefable|74\/100 par|[from] item: Leftovers\n|upkeep\n|turn|5\n|\n|t:|1659563766\n|switch|p1a: Volcanion|Volcanion|100\/100\n|move|p2a: Clefable|Flamethrower|p1a: Volcanion\n|-resisted|p1a: Volcanion\n|-damage|p1a: Volcanion|95\/100\n|\n|-heal|p1a: Volcanion|100\/100|[from] item: Leftovers\n|-heal|p2a: Clefable|80\/100 par|[from] item: Leftovers\n|upkeep\n|turn|6\n|\n|t:|1659563772\n|move|p1a: Volcanion|Substitute|p1a: Volcanion\n|-start|p1a: Volcanion|Substitute\n|-damage|p1a: Volcanion|76\/100\n|move|p2a: Clefable|Stealth Rock|p1a: Volcanion\n|-sidestart|p1: SHALN4RK|move: Stealth Rock\n|\n|-heal|p1a: Volcanion|82\/100|[from] item: Leftovers\n|-heal|p2a: Clefable|87\/100 par|[from] item: Leftovers\n|upkeep\n|turn|7\n|\n|t:|1659563776\n|switch|p2a: Latias|Latias, F|100\/100\n|-damage|p2a: Latias|88\/100|[from] Stealth Rock\n|move|p1a: Volcanion|Steam Eruption|p2a: Latias\n|-resisted|p2a: Latias\n|-damage|p2a: Latias|65\/100\n|\n|-heal|p1a: Volcanion|88\/100|[from] item: Leftovers\n|upkeep\n|turn|8\n|\n|t:|1659563779\n|detailschange|p2a: Latias|Latias-Mega, F\n|-mega|p2a: Latias|Latias|Latiasite\n|move|p2a: Latias|Recover|p2a: Latias\n|-heal|p2a: Latias|100\/100\n|move|p1a: Volcanion|Toxic|p2a: Latias\n|-status|p2a: Latias|tox\n|\n|-heal|p1a: Volcanion|94\/100|[from] item: Leftovers\n|-damage|p2a: Latias|94\/100 tox|[from] psn\n|upkeep\n|turn|9\n|-message|alvar03 forfeited.\n|\n|win|SHALN4RK\n|raw|SHALN4RK's rating: 1338 &rarr; <strong>1363<\/strong><br \/>(+25 for winning)\n|raw|alvar03's rating: 1431 &rarr; <strong>1406<\/strong><br \/>(-25 for losing)\n|l|\u2606alvar03\n||Ladder isn't responding, score probably updated but might not have (Request timeout).\n","uploadtime":1659563789,"views":9,"p1id":"shaln4rk","p2id":"alvar03","formatid":"gen6ou","rating":1363,"private":0,"password":null}