{"id":"gen6ou-1695935037","p1":"CLOysTerdeEzNutS","p2":"BTLT6 Pepe","format":"gen6ou","log":"|raw|<div class=\"broadcast-blue\"><strong>This battle is required to be public due to a player having a name starting with 'btlt6'.<\/div>\n|j|\u2606CLOysTerdeEzNutS\n|j|\u2606BTLT6 Pepe\n|t:|1666844449\n|gametype|singles\n|player|p1|CLOysTerdeEzNutS|tuber-gen6|1521\n|player|p2|BTLT6 Pepe|#splxiiitigers|1482\n|teamsize|p1|6\n|teamsize|p2|6\n|gen|6\n|tier|[Gen 6] OU\n|rated|\n|rule|Sleep Clause Mod: Limit one foe put to sleep\n|rule|Species Clause: Limit one of each Pok\u00e9mon\n|rule|OHKO Clause: OHKO moves are banned\n|rule|Moody Clause: Moody is banned\n|rule|Evasion Items Clause: Evasion items are banned\n|rule|Evasion Moves Clause: Evasion moves are banned\n|rule|Endless Battle Clause: Forcing endless battles is banned\n|rule|HP Percentage Mod: HP is shown in percentages\n|rule|Swagger Clause: Swagger is banned\n|clearpoke\n|poke|p1|Scolipede, M|item\n|poke|p1|Lopunny, M|item\n|poke|p1|Landorus-Therian, M|item\n|poke|p1|Bisharp, F|item\n|poke|p1|Garchomp, F|item\n|poke|p1|Cloyster, F|item\n|poke|p2|Lopunny, M|item\n|poke|p2|Dodrio, M|item\n|poke|p2|Gyarados, M|item\n|poke|p2|Diggersby, F|item\n|poke|p2|Gengar, M|item\n|poke|p2|Cobalion|item\n|teampreview\n|inactive|Battle timer is ON: inactive players will automatically lose when time's up. (requested by CLOysTerdeEzNutS)\n|inactive|BTLT6 Pepe has 120 seconds left.\n|c|\u2606BTLT6 Pepe|bien\n|j| Typewriter II\n|c|\u2606BTLT6 Pepe|buena nat en el cobalion thiago\n|j| strealet\u2744\n|j| TheMobedex\n|\n|t:|1666844497\n|start\n|switch|p1a: Landorus|Landorus-Therian, M|100\/100\n|switch|p2a: Cobalion|Cobalion|100\/100\n|-ability|p1a: Landorus|Intimidate|boost\n|-unboost|p2a: Cobalion|atk|1\n|turn|1\n|\n|t:|1666844502\n|move|p2a: Cobalion|Stealth Rock|p1a: Landorus\n|-sidestart|p1: CLOysTerdeEzNutS|move: Stealth Rock\n|move|p1a: Landorus|Earthquake|p2a: Cobalion\n|-supereffective|p2a: Cobalion\n|-crit|p2a: Cobalion\n|-damage|p2a: Cobalion|0 fnt\n|faint|p2a: Cobalion\n|\n|upkeep\n|c| strealet\u2744|ni se q sets tiene\n|c| strealet\u2744|pero domado\n|\n|t:|1666844514\n|switch|p2a: Lopunny|Lopunny, M|100\/100\n|turn|2\n|c|\u2606BTLT6 Pepe|era ada\n|\n|t:|1666844521\n|switch|p1a: Scolipede|Scolipede, M|100\/100\n|-damage|p1a: Scolipede|76\/100|[from] Stealth Rock\n|detailschange|p2a: Lopunny|Lopunny-Mega, M\n|-mega|p2a: Lopunny|Lopunny|Lopunnite\n|move|p2a: Lopunny|Fake Out|p1a: Scolipede\n|-damage|p1a: Scolipede|39\/100\n|\n|upkeep\n|turn|3\n|\n|t:|1666844526\n|move|p1a: Scolipede|Protect|p1a: Scolipede\n|-singleturn|p1a: Scolipede|Protect\n|move|p2a: Lopunny|Quick Attack|p1a: Scolipede\n|-activate|p1a: Scolipede|move: Protect\n|\n|-ability|p1a: Scolipede|Speed Boost|boost\n|-boost|p1a: Scolipede|spe|1\n|upkeep\n|turn|4\n|\n|t:|1666844534\n|move|p2a: Lopunny|Quick Attack|p1a: Scolipede\n|-crit|p1a: Scolipede\n|-damage|p1a: Scolipede|0 fnt\n|faint|p1a: Scolipede\n|\n|upkeep\n|c|\u2606BTLT6 Pepe|sino mato soy gei\n|c|\u2606BTLT6 Pepe|UF\n|c| strealet\u2744|uf\n|c|\u2606BTLT6 Pepe|gracias messi\n|\n|t:|1666844542\n|switch|p1a: Landorus|Landorus-Therian, M|100\/100\n|-damage|p1a: Landorus|88\/100|[from] Stealth Rock\n|-ability|p1a: Landorus|Intimidate|boost\n|-unboost|p2a: Lopunny|atk|1\n|turn|5\n|\n|t:|1666844553\n|switch|p2a: Gengar|Gengar, M|100\/100\n|move|p1a: Landorus|Stealth Rock|p2a: Gengar\n|-sidestart|p2: BTLT6 Pepe|move: Stealth Rock\n|\n|upkeep\n|turn|6\n|\n|t:|1666844556\n|move|p2a: Gengar|Shadow Ball|p1a: Landorus\n|-damage|p1a: Landorus|35\/100\n|move|p1a: Landorus|Knock Off|p2a: Gengar\n|-supereffective|p2a: Gengar\n|-crit|p2a: Gengar\n|-damage|p2a: Gengar|0 fnt\n|-enditem|p2a: Gengar|Choice Scarf|[from] move: Knock Off|[of] p1a: Landorus\n|faint|p2a: Gengar\n|\n|upkeep\n|\n|t:|1666844561\n|switch|p2a: Lopunny|Lopunny-Mega, M|100\/100\n|-damage|p2a: Lopunny|95\/100|[from] Stealth Rock\n|turn|7\n|c| strealet\u2744|knock off lead\n|c| strealet\u2744|domado\n|\n|t:|1666844572\n|move|p2a: Lopunny|Return|p1a: Landorus\n|-damage|p1a: Landorus|0 fnt\n|faint|p1a: Landorus\n|\n|upkeep\n|c|\u2606BTLT6 Pepe|literalmente domado\n|\n|t:|1666844575\n|switch|p1a: Garchomp|Garchomp, F|100\/100\n|-damage|p1a: Garchomp|94\/100|[from] Stealth Rock\n|turn|8\n|\n|t:|1666844579\n|move|p2a: Lopunny|High Jump Kick|p1a: Garchomp\n|-damage|p1a: Garchomp|19\/100\n|-damage|p2a: Lopunny|82\/100|[from] ability: Rough Skin|[of] p1a: Garchomp\n|move|p1a: Garchomp|Earthquake|p2a: Lopunny\n|-damage|p2a: Lopunny|13\/100\n|\n|upkeep\n|turn|9\n|c| strealet\u2744|hazlo\n|c| strealet\u2744|basado\n|\n|t:|1666844591\n|move|p2a: Lopunny|Return|p1a: Garchomp\n|-damage|p1a: Garchomp|0 fnt\n|-damage|p2a: Lopunny|1\/100|[from] ability: Rough Skin|[of] p1a: Garchomp\n|faint|p1a: Garchomp\n|\n|upkeep\n|\n|t:|1666844593\n|switch|p1a: Lopunny|Lopunny, M|100\/100\n|-damage|p1a: Lopunny|88\/100|[from] Stealth Rock\n|turn|10\n|\n|t:|1666844597\n|detailschange|p1a: Lopunny|Lopunny-Mega, M\n|-mega|p1a: Lopunny|Lopunny|Lopunnite\n|move|p1a: Lopunny|Fake Out|p2a: Lopunny\n|-damage|p2a: Lopunny|0 fnt\n|faint|p2a: Lopunny\n|\n|upkeep\n|c| strealet\u2744|esto lo gana el\n|\n|t:|1666844603\n|switch|p2a: Dodrio|Dodrio, M|100\/100\n|-damage|p2a: Dodrio|76\/100|[from] Stealth Rock\n|turn|11\n|c|\u2606BTLT6 Pepe|si tan solo\n|\n|t:|1666844610\n|switch|p1a: Bisharp|Bisharp, F|100\/100\n|-damage|p1a: Bisharp|95\/100|[from] Stealth Rock\n|move|p2a: Dodrio|Brave Bird|p1a: Bisharp\n|-resisted|p1a: Bisharp\n|-damage|p1a: Bisharp|57\/100\n|-damage|p2a: Dodrio|63\/100|[from] Recoil\n|\n|upkeep\n|turn|12\n|c|\u2606BTLT6 Pepe|tuviera el move superefectivo\n|c|\u2606BTLT6 Pepe|vs los 3 restantes\n|c|\u2606BTLT6 Pepe|:))))))))))))))))))))9\n|c| strealet\u2744|tira el ataque lucha retrasado\n|j| drey77\n|c|\u2606BTLT6 Pepe|SI TAN SOLO LO TUVIERA\n|c| strealet\u2744|ah no tiene\n|c|\u2606BTLT6 Pepe|ENFERMITOOOOOOO\n|c| strealet\u2744|pq mierda tiene haze\n|c| strealet\u2744|KLASJDKLAJSDKL\u00d1JALSKJDKLASJDLKJASD\n|c|\u2606BTLT6 Pepe|NOSE\n|c| strealet\u2744|LOOOOOOOOOOL\n|c| TheMobedex|JAJAJAJA\n|c|\u2606BTLT6 Pepe|AJSDHBUNJ\n|c| TheMobedex|JAJAJAJSJSJSJSJSJSJS\n|inactive|BTLT6 Pepe has 120 seconds left.\n|c| strealet\u2744|en el team de sun and moon lo tenia\n|\n|t:|1666844644\n|move|p2a: Dodrio|Brave Bird|p1a: Bisharp\n|-resisted|p1a: Bisharp\n|-damage|p1a: Bisharp|21\/100\n|-damage|p2a: Dodrio|50\/100|[from] Recoil\n|move|p1a: Bisharp|Knock Off|p2a: Dodrio\n|-damage|p2a: Dodrio|0 fnt\n|-enditem|p2a: Dodrio|Choice Scarf|[from] move: Knock Off|[of] p1a: Bisharp\n|faint|p2a: Dodrio\n|\n|upkeep\n|inactive|BTLT6 Pepe has 120 seconds left.\n|\n|t:|1666844649\n|switch|p2a: Diggersby|Diggersby, F|100\/100\n|-damage|p2a: Diggersby|94\/100|[from] Stealth Rock\n|turn|13\n|inactive|BTLT6 Pepe has 120 seconds left.\n|c| TheMobedex|Gana diggers no\n|c| strealet\u2744|buah ese set es top 3 sets basados\n|c|\u2606BTLT6 Pepe|nop\n|c|\u2606BTLT6 Pepe|perdi\n|c|\u2606BTLT6 Pepe|xd\n|inactive|CLOysTerdeEzNutS has 120 seconds left.\n|c|\u2606BTLT6 Pepe|por no tener el move correcto smh\n|\n|t:|1666844696\n|move|p1a: Bisharp|Sucker Punch|p2a: Diggersby\n|-damage|p2a: Diggersby|25\/100\n|move|p2a: Diggersby|Return|p1a: Bisharp\n|-resisted|p1a: Bisharp\n|-damage|p1a: Bisharp|0 fnt\n|faint|p1a: Bisharp\n|\n|upkeep\n|\n|t:|1666844699\n|switch|p1a: Lopunny|Lopunny-Mega, M|88\/100\n|-damage|p1a: Lopunny|82\/100|[from] Stealth Rock\n|turn|14\n|\n|t:|1666844705\n|move|p1a: Lopunny|Fake Out|p2a: Diggersby\n|-crit|p2a: Diggersby\n|-damage|p2a: Diggersby|0 fnt\n|faint|p2a: Diggersby\n|\n|upkeep\n|\n|t:|1666844707\n|switch|p2a: Gyarados|Gyarados, M|100\/100\n|-damage|p2a: Gyarados|76\/100|[from] Stealth Rock\n|-ability|p2a: Gyarados|Intimidate|boost\n|-unboost|p1a: Lopunny|atk|1\n|turn|15\n|\n|t:|1666844710\n|move|p1a: Lopunny|Frustration|p2a: Gyarados\n|-crit|p2a: Gyarados\n|-damage|p2a: Gyarados|0 fnt\n|faint|p2a: Gyarados\n|\n|win|CLOysTerdeEzNutS\n|raw|CLOysTerdeEzNutS's rating: 1521 &rarr; <strong>1539<\/strong><br \/>(+18 for winning)\n|raw|BTLT6 Pepe's rating: 1482 &rarr; <strong>1464<\/strong><br \/>(-18 for losing)\n","uploadtime":1666844715,"views":8,"p1id":"cloysterdeeznuts","p2id":"btlt6pepe","formatid":"gen6ou","rating":1464,"private":0,"password":null}