{"id":"gen6lc-1453884606","p1":"Boulicrok","p2":"Laroxyl","format":"gen6lc","log":"|j|\u2606Boulicrok\n|j|\u2606Laroxyl\n|t:|1636740416\n|gametype|singles\n|player|p1|Boulicrok|guzma|\n|player|p2|Laroxyl|169|\n|teamsize|p1|6\n|teamsize|p2|6\n|gen|6\n|tier|[Gen 6] LC\n|rule|Sleep Clause Mod: Limit one foe put to sleep\n|rule|Species Clause: Limit one of each Pok\u00e9mon\n|rule|OHKO Clause: OHKO moves are banned\n|rule|Moody Clause: Moody is banned\n|rule|Evasion Moves Clause: Evasion moves are banned\n|rule|Endless Battle Clause: Forcing endless battles is banned\n|rule|HP Percentage Mod: HP is shown in percentages\n|clearpoke\n|poke|p1|Porygon, L5|item\n|poke|p1|Mienfoo, L5, F|item\n|poke|p1|Snubbull, L5, F|item\n|poke|p1|Fletchling, L5, M|\n|poke|p1|Snivy, L5, F|item\n|poke|p1|Pawniard, L5, M|item\n|poke|p2|Mienfoo, L5, F|item\n|poke|p2|Diglett, L5, F|item\n|poke|p2|Foongus, L5, F|item\n|poke|p2|Pawniard, L5, F|item\n|poke|p2|Abra, L5, F|item\n|poke|p2|Ponyta, L5, F|item\n|teampreview\n|c|\u2606Boulicrok|hf\n|c|\u2606Laroxyl|hf\n|j|+Lunala\n|\n|t:|1636740465\n|start\n|switch|p1a: Mienfoo|Mienfoo, L5, F|100\/100\n|switch|p2a: Foongus|Foongus, L5, F|100\/100\n|turn|1\n|\n|t:|1636740473\n|move|p1a: Mienfoo|Taunt|p2a: Foongus\n|-start|p2a: Foongus|move: Taunt\n|cant|p2a: Foongus|move: Taunt|Spore\n|\n|upkeep\n|turn|2\n|\n|t:|1636740482\n|move|p1a: Mienfoo|Knock Off|p2a: Foongus\n|-damage|p2a: Foongus|76\/100\n|-enditem|p2a: Foongus|Eviolite|[from] move: Knock Off|[of] p1a: Mienfoo\n|move|p2a: Foongus|Sludge Bomb|p1a: Mienfoo\n|-damage|p1a: Mienfoo|69\/100\n|-status|p1a: Mienfoo|psn\n|\n|-damage|p1a: Mienfoo|60\/100 psn|[from] psn\n|upkeep\n|turn|3\n|\n|t:|1636740489\n|switch|p2a: Mienfoo|Mienfoo, L5, F|100\/100\n|move|p1a: Mienfoo|U-turn|p2a: Mienfoo\n|-resisted|p2a: Mienfoo\n|-damage|p2a: Mienfoo|91\/100\n|j| Skyrio\n|\n|t:|1636740512\n|switch|p1a: Snubbull|Snubbull, L5, F|100\/100|[from]move: U-turn\n|-ability|p1a: Snubbull|Intimidate|boost\n|-unboost|p2a: Mienfoo|atk|1\n|\n|upkeep\n|turn|4\n|\n|t:|1636740523\n|switch|p1a: Fletchling|Fletchling, L5, M|100\/100\n|move|p2a: Mienfoo|U-turn|p1a: Fletchling\n|-resisted|p1a: Fletchling\n|-damage|p1a: Fletchling|91\/100\n|\n|t:|1636740549\n|switch|p2a: Ponyta|Ponyta, L5, F|100\/100|[from]move: U-turn\n|\n|upkeep\n|turn|5\n|\n|t:|1636740582\n|switch|p1a: Porygon|Porygon, L5|100\/100\n|-ability|p1a: Porygon|Download|boost\n|-boost|p1a: Porygon|spa|1\n|move|p2a: Ponyta|Flare Blitz|p1a: Porygon\n|-damage|p1a: Porygon|60\/100\n|-damage|p2a: Ponyta|86\/100|[from] Recoil\n|\n|upkeep\n|turn|6\n|\n|t:|1636740606\n|switch|p2a: Mienfoo|Mienfoo, L5, F|100\/100\n|move|p1a: Porygon|Recover|p1a: Porygon\n|-heal|p1a: Porygon|100\/100\n|\n|upkeep\n|turn|7\n|\n|t:|1636740639\n|switch|p1a: Snubbull|Snubbull, L5, F|100\/100\n|-ability|p1a: Snubbull|Intimidate|boost\n|-unboost|p2a: Mienfoo|atk|1\n|move|p2a: Mienfoo|High Jump Kick|p1a: Snubbull\n|-resisted|p1a: Snubbull\n|-damage|p1a: Snubbull|79\/100\n|\n|upkeep\n|turn|8\n|\n|t:|1636740647\n|move|p2a: Mienfoo|U-turn|p1a: Snubbull\n|-resisted|p1a: Snubbull\n|-crit|p1a: Snubbull\n|-damage|p1a: Snubbull|57\/100\n|\n|t:|1636740654\n|switch|p2a: Foongus|Foongus, L5, F|100\/100|[from]move: U-turn\n|move|p1a: Snubbull|Thunder Wave|p2a: Foongus\n|-status|p2a: Foongus|par\n|\n|upkeep\n|turn|9\n|\n|t:|1636740674\n|switch|p1a: Mienfoo|Mienfoo, L5, F|91\/100 psn\n|move|p2a: Foongus|Sludge Bomb|p1a: Mienfoo\n|-damage|p1a: Mienfoo|60\/100 psn\n|\n|-damage|p1a: Mienfoo|50\/100 psn|[from] psn\n|upkeep\n|turn|10\n|\n|t:|1636740694\n|move|p1a: Mienfoo|U-turn|p2a: Foongus\n|-damage|p2a: Foongus|68\/100 par\n|\n|t:|1636740696\n|switch|p1a: Pawniard|Pawniard, L5, M|100\/100|[from]move: U-turn\n|move|p2a: Foongus|Sludge Bomb|p1a: Pawniard\n|-immune|p1a: Pawniard\n|\n|upkeep\n|turn|11\n|\n|t:|1636740710\n|switch|p2a: Mienfoo|Mienfoo, L5, F|100\/100\n|move|p1a: Pawniard|Stealth Rock|p2a: Mienfoo\n|-sidestart|p2: Laroxyl|move: Stealth Rock\n|\n|upkeep\n|turn|12\n|\n|t:|1636740729\n|switch|p2a: Pawniard|Pawniard, L5, F|100\/100\n|-damage|p2a: Pawniard|96\/100|[from] Stealth Rock\n|switch|p1a: Snubbull|Snubbull, L5, F|57\/100\n|-ability|p1a: Snubbull|Intimidate|boost\n|-unboost|p2a: Pawniard|atk|1\n|-ability|p2a: Pawniard|Defiant\n|-boost|p2a: Pawniard|atk|2\n|\n|upkeep\n|turn|13\n|\n|t:|1636740750\n|move|p2a: Pawniard|Stealth Rock|p1a: Snubbull\n|-sidestart|p1: Boulicrok|move: Stealth Rock\n|move|p1a: Snubbull|Thunder Wave|p2a: Pawniard\n|-status|p2a: Pawniard|par\n|\n|upkeep\n|turn|14\n|\n|t:|1636740761\n|switch|p1a: Pawniard|Pawniard, L5, M|100\/100\n|-damage|p1a: Pawniard|96\/100|[from] Stealth Rock\n|cant|p2a: Pawniard|par\n|\n|upkeep\n|turn|15\n|\n|t:|1636740802\n|switch|p2a: Mienfoo|Mienfoo, L5, F|100\/100\n|-damage|p2a: Mienfoo|96\/100|[from] Stealth Rock\n|move|p1a: Pawniard|Knock Off|p2a: Mienfoo\n|-resisted|p2a: Mienfoo\n|-damage|p2a: Mienfoo|77\/100\n|-enditem|p2a: Mienfoo|Eviolite|[from] move: Knock Off|[of] p1a: Pawniard\n|\n|upkeep\n|turn|16\n|\n|t:|1636740820\n|switch|p1a: Snubbull|Snubbull, L5, F|57\/100\n|-damage|p1a: Snubbull|48\/100|[from] Stealth Rock\n|-ability|p1a: Snubbull|Intimidate|boost\n|-unboost|p2a: Mienfoo|atk|1\n|-enditem|p1a: Snubbull|Berry Juice\n|-heal|p1a: Snubbull|100\/100|[from] item: Berry Juice\n|move|p2a: Mienfoo|U-turn|p1a: Snubbull\n|-resisted|p1a: Snubbull\n|-damage|p1a: Snubbull|92\/100\n|\n|t:|1636740830\n|switch|p2a: Pawniard|Pawniard, L5, F|96\/100 par|[from]move: U-turn\n|-damage|p2a: Pawniard|91\/100 par|[from] Stealth Rock\n|\n|upkeep\n|turn|17\n|\n|t:|1636740854\n|switch|p1a: Mienfoo|Mienfoo, L5, F|82\/100 psn\n|-damage|p1a: Mienfoo|78\/100 psn|[from] Stealth Rock\n|move|p2a: Pawniard|Iron Head|p1a: Mienfoo\n|-damage|p1a: Mienfoo|46\/100 psn\n|\n|-damage|p1a: Mienfoo|37\/100 psn|[from] psn\n|upkeep\n|turn|18\n|\n|t:|1636740876\n|switch|p2a: Mienfoo|Mienfoo, L5, F|100\/100\n|-damage|p2a: Mienfoo|96\/100|[from] Stealth Rock\n|move|p1a: Mienfoo|Drain Punch|p2a: Mienfoo\n|-damage|p2a: Mienfoo|53\/100\n|-heal|p1a: Mienfoo|60\/100 psn|[from] drain|[of] p2a: Mienfoo\n|\n|-damage|p1a: Mienfoo|50\/100 psn|[from] psn\n|upkeep\n|turn|19\n|\n|t:|1636740889\n|switch|p1a: Snubbull|Snubbull, L5, F|92\/100\n|-damage|p1a: Snubbull|83\/100|[from] Stealth Rock\n|-ability|p1a: Snubbull|Intimidate|boost\n|-unboost|p2a: Mienfoo|atk|1\n|move|p2a: Mienfoo|U-turn|p1a: Snubbull\n|-resisted|p1a: Snubbull\n|-damage|p1a: Snubbull|74\/100\n|\n|t:|1636740934\n|switch|p2a: Pawniard|Pawniard, L5, F|91\/100 par|[from]move: U-turn\n|-damage|p2a: Pawniard|86\/100 par|[from] Stealth Rock\n|\n|upkeep\n|turn|20\n|\n|t:|1636740956\n|switch|p1a: Mienfoo|Mienfoo, L5, F|82\/100 psn\n|-damage|p1a: Mienfoo|78\/100 psn|[from] Stealth Rock\n|cant|p2a: Pawniard|par\n|\n|-damage|p1a: Mienfoo|69\/100 psn|[from] psn\n|upkeep\n|turn|21\n|\n|t:|1636740980\n|switch|p2a: Mienfoo|Mienfoo, L5, F|86\/100\n|-damage|p2a: Mienfoo|81\/100|[from] Stealth Rock\n|move|p1a: Mienfoo|Drain Punch|p2a: Mienfoo\n|-damage|p2a: Mienfoo|34\/100\n|-heal|p1a: Mienfoo|91\/100 psn|[from] drain|[of] p2a: Mienfoo\n|\n|-damage|p1a: Mienfoo|82\/100 psn|[from] psn\n|upkeep\n|turn|22\n|\n|t:|1636740991\n|move|p2a: Mienfoo|Fake Out|p1a: Mienfoo\n|-damage|p1a: Mienfoo|69\/100 psn\n|cant|p1a: Mienfoo|flinch\n|\n|-damage|p1a: Mienfoo|60\/100 psn|[from] psn\n|upkeep\n|turn|23\n|\n|t:|1636740997\n|switch|p2a: Foongus|Foongus, L5, F|100\/100 par\n|-damage|p2a: Foongus|88\/100 par|[from] Stealth Rock\n|move|p1a: Mienfoo|Drain Punch|p2a: Foongus\n|-resisted|p2a: Foongus\n|-damage|p2a: Foongus|68\/100 par\n|-heal|p1a: Mienfoo|73\/100 psn|[from] drain|[of] p2a: Foongus\n|\n|-damage|p1a: Mienfoo|64\/100 psn|[from] psn\n|upkeep\n|turn|24\n|\n|t:|1636741014\n|switch|p2a: Mienfoo|Mienfoo, L5, F|67\/100\n|-damage|p2a: Mienfoo|62\/100|[from] Stealth Rock\n|move|p1a: Mienfoo|U-turn|p2a: Mienfoo\n|-resisted|p2a: Mienfoo\n|-damage|p2a: Mienfoo|48\/100\n|\n|t:|1636741035\n|switch|p1a: Snivy|Snivy, L5, F|100\/100|[from]move: U-turn\n|-damage|p1a: Snivy|91\/100|[from] Stealth Rock\n|\n|upkeep\n|turn|25\n|\n|t:|1636741041\n|move|p2a: Mienfoo|Fake Out|p1a: Snivy\n|-damage|p1a: Snivy|77\/100\n|cant|p1a: Snivy|flinch\n|\n|upkeep\n|turn|26\n|\n|t:|1636741050\n|switch|p2a: Ponyta|Ponyta, L5, F|86\/100\n|-damage|p2a: Ponyta|62\/100|[from] Stealth Rock\n|move|p1a: Snivy|Leaf Storm|p2a: Ponyta\n|-resisted|p2a: Ponyta\n|-damage|p2a: Ponyta|39\/100\n|-boost|p1a: Snivy|spa|2\n|\n|upkeep\n|turn|27\n|\n|t:|1636741064\n|move|p2a: Ponyta|Morning Sun|p2a: Ponyta\n|-heal|p2a: Ponyta|86\/100\n|move|p1a: Snivy|Leaf Storm|p2a: Ponyta\n|-resisted|p2a: Ponyta\n|-crit|p2a: Ponyta\n|-damage|p2a: Ponyta|20\/100\n|-boost|p1a: Snivy|spa|2\n|\n|upkeep\n|turn|28\n|\n|t:|1636741081\n|move|p2a: Ponyta|Morning Sun|p2a: Ponyta\n|-heal|p2a: Ponyta|67\/100\n|move|p1a: Snivy|Leaf Storm|p2a: Ponyta\n|-resisted|p2a: Ponyta\n|-damage|p2a: Ponyta|0 fnt\n|-boost|p1a: Snivy|spa|2\n|faint|p2a: Ponyta\n|\n|upkeep\n|\n|t:|1636741086\n|switch|p2a: Abra|Abra, L5, F|100\/100\n|turn|29\n|\n|t:|1636741090\n|move|p2a: Abra|Psychic|p1a: Snivy\n|-damage|p1a: Snivy|15\/100\n|move|p1a: Snivy|Hidden Power|p2a: Abra\n|-enditem|p2a: Abra|Focus Sash\n|-damage|p2a: Abra|6\/100\n|\n|upkeep\n|turn|30\n|\n|t:|1636741104\n|move|p2a: Abra|Hidden Power|p1a: Snivy\n|-damage|p1a: Snivy|0 fnt\n|faint|p1a: Snivy\n|\n|upkeep\n|l|\u2606Boulicrok\n|player|p1|\n|j|\u2606Boulicrok\n|player|p1|Boulicrok|guzma\n|\n|t:|1636741123\n|switch|p1a: Porygon|Porygon, L5|100\/100\n|-damage|p1a: Porygon|88\/100|[from] Stealth Rock\n|-ability|p1a: Porygon|Download|boost\n|-boost|p1a: Porygon|atk|1\n|turn|31\n|\n|t:|1636741152\n|move|p2a: Abra|Hidden Power|p1a: Porygon\n|-supereffective|p1a: Porygon\n|-damage|p1a: Porygon|48\/100\n|move|p1a: Porygon|Psychic|p2a: Abra\n|-resisted|p2a: Abra\n|-damage|p2a: Abra|0 fnt\n|faint|p2a: Abra\n|\n|upkeep\n|\n|t:|1636741170\n|switch|p2a: Mienfoo|Mienfoo, L5, F|81\/100\n|-damage|p2a: Mienfoo|77\/100|[from] Stealth Rock\n|turn|32\n|\n|t:|1636741181\n|switch|p1a: Snubbull|Snubbull, L5, F|74\/100\n|-damage|p1a: Snubbull|66\/100|[from] Stealth Rock\n|-ability|p1a: Snubbull|Intimidate|boost\n|-unboost|p2a: Mienfoo|atk|1\n|move|p2a: Mienfoo|High Jump Kick|p1a: Snubbull\n|-resisted|p1a: Snubbull\n|-damage|p1a: Snubbull|40\/100\n|\n|upkeep\n|turn|33\n|\n|t:|1636741192\n|move|p2a: Mienfoo|U-turn|p1a: Snubbull\n|-resisted|p1a: Snubbull\n|-damage|p1a: Snubbull|31\/100\n|\n|t:|1636741244\n|switch|p2a: Foongus|Foongus, L5, F|100\/100 par|[from]move: U-turn\n|-damage|p2a: Foongus|88\/100 par|[from] Stealth Rock\n|move|p1a: Snubbull|Play Rough|p2a: Foongus\n|-resisted|p2a: Foongus\n|-damage|p2a: Foongus|64\/100 par\n|\n|upkeep\n|turn|34\n|\n|t:|1636741279\n|switch|p2a: Mienfoo|Mienfoo, L5, F|100\/100\n|-damage|p2a: Mienfoo|96\/100|[from] Stealth Rock\n|move|p1a: Snubbull|Earthquake|p2a: Mienfoo\n|-damage|p2a: Mienfoo|48\/100\n|\n|upkeep\n|turn|35\n|\n|t:|1636741333\n|switch|p1a: Mienfoo|Mienfoo, L5, F|96\/100 psn\n|-damage|p1a: Mienfoo|91\/100 psn|[from] Stealth Rock\n|move|p2a: Mienfoo|High Jump Kick|p1a: Mienfoo\n|-damage|p1a: Mienfoo|37\/100 psn\n|\n|-damage|p1a: Mienfoo|28\/100 psn|[from] psn\n|upkeep\n|turn|36\n|\n|t:|1636741355\n|switch|p1a: Snubbull|Snubbull, L5, F|31\/100\n|-damage|p1a: Snubbull|22\/100|[from] Stealth Rock\n|-ability|p1a: Snubbull|Intimidate|boost\n|-unboost|p2a: Mienfoo|atk|1\n|move|p2a: Mienfoo|High Jump Kick|p1a: Snubbull\n|-resisted|p1a: Snubbull\n|-damage|p1a: Snubbull|0 fnt\n|faint|p1a: Snubbull\n|\n|upkeep\n|\n|t:|1636741359\n|switch|p1a: Fletchling|Fletchling, L5, M|91\/100\n|-damage|p1a: Fletchling|67\/100|[from] Stealth Rock\n|turn|37\n|\n|t:|1636741380\n|switch|p2a: Pawniard|Pawniard, L5, F|86\/100 par\n|-damage|p2a: Pawniard|81\/100 par|[from] Stealth Rock\n|move|p1a: Fletchling|Acrobatics|p2a: Pawniard\n|-resisted|p2a: Pawniard\n|-damage|p2a: Pawniard|58\/100 par\n|\n|upkeep\n|turn|38\n|\n|t:|1636741454\n|switch|p2a: Mienfoo|Mienfoo, L5, F|81\/100\n|-damage|p2a: Mienfoo|77\/100|[from] Stealth Rock\n|move|p1a: Fletchling|Roost|p1a: Fletchling\n|-heal|p1a: Fletchling|100\/100\n|-singleturn|p1a: Fletchling|move: Roost\n|\n|upkeep\n|turn|39\n|\n|t:|1636741464\n|move|p2a: Mienfoo|Fake Out|p1a: Fletchling\n|-damage|p1a: Fletchling|77\/100\n|cant|p1a: Fletchling|flinch\n|\n|upkeep\n|turn|40\n|j| Joya\n|\n|t:|1636741504\n|switch|p2a: Pawniard|Pawniard, L5, F|58\/100 par\n|-damage|p2a: Pawniard|53\/100 par|[from] Stealth Rock\n|move|p1a: Fletchling|Acrobatics|p2a: Pawniard\n|-resisted|p2a: Pawniard\n|-damage|p2a: Pawniard|24\/100 par\n|\n|upkeep\n|turn|41\n|\n|t:|1636741537\n|move|p1a: Fletchling|Acrobatics|p2a: Pawniard\n|-resisted|p2a: Pawniard\n|-damage|p2a: Pawniard|5\/100 par\n|cant|p2a: Pawniard|par\n|\n|upkeep\n|turn|42\n|\n|t:|1636741571\n|move|p1a: Fletchling|Acrobatics|p2a: Pawniard\n|-resisted|p2a: Pawniard\n|-damage|p2a: Pawniard|0 fnt\n|faint|p2a: Pawniard\n|\n|upkeep\n|\n|t:|1636741575\n|switch|p2a: Diglett|Diglett, L5, F|100\/100\n|-damage|p2a: Diglett|95\/100|[from] Stealth Rock\n|turn|43\n|j|@Tony\n|\n|t:|1636741622\n|move|p1a: Fletchling|Roost|p1a: Fletchling\n|-heal|p1a: Fletchling|100\/100\n|-singleturn|p1a: Fletchling|move: Roost\n|move|p2a: Diglett|Rock Slide|p1a: Fletchling\n|-damage|p1a: Fletchling|62\/100\n|\n|upkeep\n|turn|44\n|\n|t:|1636741684\n|move|p1a: Fletchling|Acrobatics|p2a: Diglett\n|-damage|p2a: Diglett|6\/100\n|move|p2a: Diglett|Rock Slide|p1a: Fletchling\n|-supereffective|p1a: Fletchling\n|-damage|p1a: Fletchling|0 fnt\n|faint|p1a: Fletchling\n|\n|upkeep\n|\n|t:|1636741689\n|switch|p1a: Porygon|Porygon, L5|48\/100\n|-damage|p1a: Porygon|36\/100|[from] Stealth Rock\n|-ability|p1a: Porygon|Download|boost\n|-boost|p1a: Porygon|atk|1\n|turn|45\n|\n|t:|1636741697\n|move|p2a: Diglett|Earthquake|p1a: Porygon\n|-damage|p1a: Porygon|0 fnt\n|faint|p1a: Porygon\n|\n|upkeep\n|\n|t:|1636741702\n|switch|p1a: Pawniard|Pawniard, L5, M|96\/100\n|-damage|p1a: Pawniard|91\/100|[from] Stealth Rock\n|turn|46\n|\n|t:|1636741715\n|switch|p2a: Mienfoo|Mienfoo, L5, F|100\/100\n|-damage|p2a: Mienfoo|96\/100|[from] Stealth Rock\n|move|p1a: Pawniard|Sucker Punch||[still]\n|-fail|p1a: Pawniard\n|\n|upkeep\n|turn|47\n|\n|t:|1636741724\n|move|p2a: Mienfoo|High Jump Kick|p1a: Pawniard\n|-supereffective|p1a: Pawniard\n|-damage|p1a: Pawniard|0 fnt\n|faint|p1a: Pawniard\n|\n|upkeep\n|\n|t:|1636741727\n|switch|p1a: Mienfoo|Mienfoo, L5, F|60\/100 psn\n|-damage|p1a: Mienfoo|55\/100 psn|[from] Stealth Rock\n|turn|48\n|\n|t:|1636741732\n|switch|p2a: Diglett|Diglett, L5, F|6\/100\n|-damage|p2a: Diglett|0 fnt|[from] Stealth Rock\n|faint|p2a: Diglett\n|move|p1a: Mienfoo|Drain Punch|p2: Diglett|[notarget]\n|-fail|p1a: Mienfoo\n|\n|-damage|p1a: Mienfoo|46\/100 psn|[from] psn\n|upkeep\n|\n|t:|1636741734\n|switch|p2a: Foongus|Foongus, L5, F|96\/100 par\n|-damage|p2a: Foongus|84\/100 par|[from] Stealth Rock\n|turn|49\n|\n|t:|1636741739\n|move|p1a: Mienfoo|Drain Punch|p2a: Foongus\n|-resisted|p2a: Foongus\n|-damage|p2a: Foongus|64\/100 par\n|-heal|p1a: Mienfoo|60\/100 psn|[from] drain|[of] p2a: Foongus\n|move|p2a: Foongus|Sludge Bomb|p1a: Mienfoo\n|-damage|p1a: Mienfoo|28\/100 psn\n|\n|-damage|p1a: Mienfoo|19\/100 psn|[from] psn\n|upkeep\n|turn|50\n|\n|t:|1636741745\n|move|p1a: Mienfoo|Drain Punch|p2a: Foongus\n|-resisted|p2a: Foongus\n|-damage|p2a: Foongus|44\/100 par\n|-heal|p1a: Mienfoo|32\/100 psn|[from] drain|[of] p2a: Foongus\n|move|p2a: Foongus|Sludge Bomb|p1a: Mienfoo\n|-damage|p1a: Mienfoo|0 fnt\n|faint|p1a: Mienfoo\n|\n|win|Laroxyl\n|c|\u2606Laroxyl|gg\n|c|\u2606Boulicrok|gg\n","uploadtime":1636741751,"views":99,"p1id":"boulicrok","p2id":"laroxyl","formatid":"gen6lc","rating":0,"private":0,"password":null}