{"id":"gen6ou-1617192343","p1":"Tron Bin Reaper","p2":"TestingTesting1","format":"gen6ou","log":"|j|\u2606Tron Bin Reaper\n|j|\u2606TestingTesting1\n|t:|1657813652\n|gametype|singles\n|player|p1|Tron Bin Reaper|lisia|1519\n|player|p2|TestingTesting1|169|1454\n|teamsize|p1|6\n|teamsize|p2|6\n|gen|6\n|tier|[Gen 6] OU\n|rated|\n|rule|Sleep Clause Mod: Limit one foe put to sleep\n|rule|Species Clause: Limit one of each Pok\u00e9mon\n|rule|OHKO Clause: OHKO moves are banned\n|rule|Moody Clause: Moody is banned\n|rule|Evasion Moves Clause: Evasion moves are banned\n|rule|Endless Battle Clause: Forcing endless battles is banned\n|rule|HP Percentage Mod: HP is shown in percentages\n|rule|Swagger Clause: Swagger is banned\n|clearpoke\n|poke|p1|Zapdos|item\n|poke|p1|Lopunny, F|item\n|poke|p1|Excadrill, M|item\n|poke|p1|Clefable, F|item\n|poke|p1|Volcanion|item\n|poke|p1|Cofagrigus, M|item\n|poke|p2|Metagross|item\n|poke|p2|Garchomp, F|item\n|poke|p2|Starmie|item\n|poke|p2|Staraptor, F|item\n|poke|p2|Heatran, F|item\n|poke|p2|Rotom-Wash|item\n|teampreview\n|\n|t:|1657813664\n|start\n|switch|p1a: Zapdos|Zapdos|100\/100\n|switch|p2a: Staraptor|Staraptor, F|100\/100\n|turn|1\n|\n|t:|1657813672\n|move|p2a: Staraptor|Double-Edge|p1a: Zapdos\n|-crit|p1a: Zapdos\n|-damage|p1a: Zapdos|0 fnt\n|faint|p1a: Zapdos\n|-damage|p2a: Staraptor|60\/100|[from] Recoil\n|\n|upkeep\n|\n|t:|1657813676\n|switch|p1a: Lopunny|Lopunny, F|100\/100\n|turn|2\n|\n|t:|1657813681\n|switch|p2a: Rotom|Rotom-Wash|100\/100\n|detailschange|p1a: Lopunny|Lopunny-Mega, F\n|-mega|p1a: Lopunny|Lopunny|Lopunnite\n|move|p1a: Lopunny|Fake Out|p2a: Rotom\n|-damage|p2a: Rotom|81\/100\n|\n|-heal|p2a: Rotom|88\/100|[from] item: Leftovers\n|upkeep\n|turn|3\n|\n|t:|1657813701\n|switch|p1a: Clefable|Clefable, F|100\/100\n|move|p2a: Rotom|Will-O-Wisp|p1a: Clefable\n|-status|p1a: Clefable|brn\n|\n|-heal|p2a: Rotom|94\/100|[from] item: Leftovers\n|upkeep\n|turn|4\n|\n|t:|1657813709\n|move|p2a: Rotom|Volt Switch|p1a: Clefable\n|-damage|p1a: Clefable|77\/100 brn\n|\n|t:|1657813713\n|switch|p2a: Heatran|Heatran, F|100\/100|[from]move: Volt Switch\n|move|p1a: Clefable|Moonblast|p2a: Heatran\n|-resisted|p2a: Heatran\n|-damage|p2a: Heatran|94\/100\n|\n|-heal|p2a: Heatran|99\/100|[from] item: Leftovers\n|upkeep\n|turn|5\n|inactive|Battle timer is ON: inactive players will automatically lose when time's up. (requested by Tron Bin Reaper)\n|\n|t:|1657813721\n|move|p2a: Heatran|Magma Storm|p1a: Clefable|[miss]\n|-miss|p2a: Heatran|p1a: Clefable\n|move|p1a: Clefable|Knock Off|p2a: Heatran\n|-damage|p2a: Heatran|92\/100\n|-enditem|p2a: Heatran|Leftovers|[from] move: Knock Off|[of] p1a: Clefable\n|\n|upkeep\n|turn|6\n|\n|t:|1657813728\n|move|p2a: Heatran|Magma Storm|p1a: Clefable\n|-damage|p1a: Clefable|32\/100 brn\n|-activate|p1a: Clefable|move: Magma Storm|[of] p2a: Heatran\n|move|p1a: Clefable|Soft-Boiled|p1a: Clefable\n|-heal|p1a: Clefable|82\/100 brn\n|\n|upkeep\n|turn|7\n|\n|t:|1657813734\n|move|p2a: Heatran|Taunt|p1a: Clefable\n|-start|p1a: Clefable|move: Taunt\n|move|p1a: Clefable|Moonblast|p2a: Heatran\n|-resisted|p2a: Heatran\n|-damage|p2a: Heatran|87\/100\n|\n|upkeep\n|turn|8\n|\n|t:|1657813740\n|move|p2a: Heatran|Earth Power|p1a: Clefable\n|-damage|p1a: Clefable|59\/100 brn\n|move|p1a: Clefable|Moonblast|p2a: Heatran\n|-resisted|p2a: Heatran\n|-damage|p2a: Heatran|80\/100\n|\n|upkeep\n|turn|9\n|\n|t:|1657813746\n|move|p2a: Heatran|Magma Storm|p1a: Clefable\n|-damage|p1a: Clefable|22\/100 brn\n|move|p1a: Clefable|Moonblast|p2a: Heatran\n|-resisted|p2a: Heatran\n|-damage|p2a: Heatran|74\/100\n|\n|-end|p1a: Clefable|move: Taunt\n|upkeep\n|turn|10\n|\n|t:|1657813756\n|move|p2a: Heatran|Earth Power|p1a: Clefable\n|-damage|p1a: Clefable|0 fnt\n|faint|p1a: Clefable\n|\n|upkeep\n|\n|t:|1657813758\n|switch|p1a: Excadrill|Excadrill, M|100\/100\n|-ability|p1a: Excadrill|Mold Breaker\n|turn|11\n|\n|t:|1657813763\n|switch|p2a: Garchomp|Garchomp, F|100\/100\n|move|p1a: Excadrill|Stealth Rock|p2a: Garchomp\n|-sidestart|p2: TestingTesting1|move: Stealth Rock\n|\n|upkeep\n|turn|12\n|\n|t:|1657813768\n|move|p2a: Garchomp|Stealth Rock|p1a: Excadrill\n|-sidestart|p1: Tron Bin Reaper|move: Stealth Rock\n|move|p1a: Excadrill|Earthquake|p2a: Garchomp\n|-damage|p2a: Garchomp|57\/100\n|\n|upkeep\n|turn|13\n|\n|t:|1657813775\n|switch|p1a: Cofagrigus|Cofagrigus, M|100\/100\n|-damage|p1a: Cofagrigus|88\/100|[from] Stealth Rock\n|move|p2a: Garchomp|Earthquake|p1a: Cofagrigus\n|-damage|p1a: Cofagrigus|60\/100\n|\n|-heal|p1a: Cofagrigus|66\/100|[from] item: Leftovers\n|upkeep\n|turn|14\n|\n|t:|1657813785\n|move|p2a: Garchomp|Swords Dance|p2a: Garchomp\n|-boost|p2a: Garchomp|atk|2\n|move|p1a: Cofagrigus|Hex|p2a: Garchomp\n|-damage|p2a: Garchomp|34\/100\n|\n|-heal|p1a: Cofagrigus|72\/100|[from] item: Leftovers\n|upkeep\n|turn|15\n|\n|t:|1657813792\n|move|p2a: Garchomp|Earthquake|p1a: Cofagrigus\n|-damage|p1a: Cofagrigus|15\/100\n|move|p1a: Cofagrigus|Hex|p2a: Garchomp\n|-damage|p2a: Garchomp|10\/100\n|\n|-heal|p1a: Cofagrigus|22\/100|[from] item: Leftovers\n|upkeep\n|turn|16\n|\n|t:|1657813800\n|move|p2a: Garchomp|Earthquake|p1a: Cofagrigus\n|-damage|p1a: Cofagrigus|0 fnt\n|faint|p1a: Cofagrigus\n|\n|upkeep\n|\n|t:|1657813803\n|switch|p1a: Lopunny|Lopunny-Mega, F|100\/100\n|-damage|p1a: Lopunny|95\/100|[from] Stealth Rock\n|turn|17\n|\n|t:|1657813807\n|move|p1a: Lopunny|Return|p2a: Garchomp\n|-crit|p2a: Garchomp\n|-damage|p2a: Garchomp|0 fnt\n|-damage|p1a: Lopunny|82\/100|[from] ability: Rough Skin|[of] p2a: Garchomp\n|faint|p2a: Garchomp\n|\n|upkeep\n|\n|t:|1657813813\n|switch|p2a: Rotom|Rotom-Wash|94\/100\n|-damage|p2a: Rotom|81\/100|[from] Stealth Rock\n|turn|18\n|\n|t:|1657813829\n|switch|p1a: Volcanion|Volcanion|100\/100\n|-damage|p1a: Volcanion|76\/100|[from] Stealth Rock\n|move|p2a: Rotom|Will-O-Wisp|p1a: Volcanion\n|-immune|p1a: Volcanion\n|\n|-heal|p2a: Rotom|88\/100|[from] item: Leftovers\n|-heal|p1a: Volcanion|82\/100|[from] item: Leftovers\n|upkeep\n|turn|19\n|\n|t:|1657813837\n|switch|p1a: Excadrill|Excadrill, M|100\/100\n|-damage|p1a: Excadrill|97\/100|[from] Stealth Rock\n|-ability|p1a: Excadrill|Mold Breaker\n|move|p2a: Rotom|Volt Switch|p1a: Excadrill\n|-immune|p1a: Excadrill\n|\n|-heal|p1a: Excadrill|100\/100|[from] item: Leftovers\n|-heal|p2a: Rotom|94\/100|[from] item: Leftovers\n|upkeep\n|turn|20\n|\n|t:|1657813854\n|move|p1a: Excadrill|Earthquake|p2a: Rotom\n|-supereffective|p2a: Rotom\n|-damage|p2a: Rotom|28\/100\n|move|p2a: Rotom|Will-O-Wisp|p1a: Excadrill\n|-status|p1a: Excadrill|brn\n|\n|-heal|p2a: Rotom|34\/100|[from] item: Leftovers\n|-damage|p1a: Excadrill|88\/100 brn|[from] brn\n|upkeep\n|turn|21\n|\n|t:|1657813864\n|move|p1a: Excadrill|Rapid Spin|p2a: Rotom\n|-damage|p2a: Rotom|32\/100\n|-sideend|p1: Tron Bin Reaper|Stealth Rock|[from] move: Rapid Spin|[of] p1a: Excadrill\n|move|p2a: Rotom|Hydro Pump|p1a: Excadrill\n|-supereffective|p1a: Excadrill\n|-damage|p1a: Excadrill|26\/100 brn\n|\n|-heal|p1a: Excadrill|32\/100 brn|[from] item: Leftovers\n|-heal|p2a: Rotom|38\/100|[from] item: Leftovers\n|-damage|p1a: Excadrill|19\/100 brn|[from] brn\n|upkeep\n|turn|22\n|j| Swordm13x24\n|\n|t:|1657813873\n|switch|p2a: Starmie|Starmie|100\/100\n|-damage|p2a: Starmie|88\/100|[from] Stealth Rock\n|move|p1a: Excadrill|Earthquake|p2a: Starmie\n|-damage|p2a: Starmie|59\/100\n|\n|-heal|p2a: Starmie|65\/100|[from] item: Leftovers\n|-heal|p1a: Excadrill|25\/100 brn|[from] item: Leftovers\n|-damage|p1a: Excadrill|13\/100 brn|[from] brn\n|upkeep\n|turn|23\n|\n|t:|1657813883\n|move|p2a: Starmie|Rapid Spin|p1a: Excadrill\n|-resisted|p1a: Excadrill\n|-damage|p1a: Excadrill|11\/100 brn\n|-sideend|p2: TestingTesting1|Stealth Rock|[from] move: Rapid Spin|[of] p2a: Starmie\n|move|p1a: Excadrill|Stealth Rock|p2a: Starmie\n|-sidestart|p2: TestingTesting1|move: Stealth Rock\n|\n|-heal|p2a: Starmie|71\/100|[from] item: Leftovers\n|-heal|p1a: Excadrill|17\/100 brn|[from] item: Leftovers\n|-damage|p1a: Excadrill|5\/100 brn|[from] brn\n|upkeep\n|turn|24\n|\n|t:|1657813902\n|move|p2a: Starmie|Recover|p2a: Starmie\n|-heal|p2a: Starmie|100\/100\n|move|p1a: Excadrill|Stealth Rock||[still]\n|-fail|p1a: Excadrill\n|\n|-heal|p1a: Excadrill|11\/100 brn|[from] item: Leftovers\n|-damage|p1a: Excadrill|0 fnt|[from] brn\n|faint|p1a: Excadrill\n|upkeep\n|\n|t:|1657813904\n|switch|p1a: Lopunny|Lopunny-Mega, F|82\/100\n|turn|25\n|\n|t:|1657813913\n|switch|p2a: Rotom|Rotom-Wash|38\/100\n|-damage|p2a: Rotom|26\/100|[from] Stealth Rock\n|move|p1a: Lopunny|Fake Out|p2a: Rotom\n|-damage|p2a: Rotom|8\/100\n|\n|-heal|p2a: Rotom|14\/100|[from] item: Leftovers\n|upkeep\n|turn|26\n|\n|t:|1657813920\n|move|p1a: Lopunny|Return|p2a: Rotom\n|-damage|p2a: Rotom|0 fnt\n|faint|p2a: Rotom\n|\n|upkeep\n|\n|t:|1657813928\n|switch|p2a: Starmie|Starmie|100\/100\n|-damage|p2a: Starmie|88\/100|[from] Stealth Rock\n|turn|27\n|\n|t:|1657813933\n|move|p1a: Lopunny|Return|p2a: Starmie\n|-damage|p2a: Starmie|12\/100\n|move|p2a: Starmie|Psyshock|p1a: Lopunny\n|-supereffective|p1a: Lopunny\n|-damage|p1a: Lopunny|13\/100\n|\n|-heal|p2a: Starmie|18\/100|[from] item: Leftovers\n|upkeep\n|turn|28\n|\n|t:|1657813943\n|move|p1a: Lopunny|Return|p2a: Starmie\n|-damage|p2a: Starmie|0 fnt\n|faint|p2a: Starmie\n|\n|upkeep\n|\n|t:|1657813947\n|switch|p2a: Metagross|Metagross|100\/100\n|-damage|p2a: Metagross|95\/100|[from] Stealth Rock\n|turn|29\n|\n|t:|1657813952\n|switch|p1a: Volcanion|Volcanion|82\/100\n|detailschange|p2a: Metagross|Metagross-Mega\n|-mega|p2a: Metagross|Metagross|Metagrossite\n|move|p2a: Metagross|Bullet Punch|p1a: Volcanion\n|-resisted|p1a: Volcanion\n|-damage|p1a: Volcanion|77\/100\n|\n|-heal|p1a: Volcanion|83\/100|[from] item: Leftovers\n|upkeep\n|turn|30\n|\n|t:|1657813960\n|switch|p2a: Heatran|Heatran, F|74\/100\n|-damage|p2a: Heatran|62\/100|[from] Stealth Rock\n|switch|p1a: Lopunny|Lopunny-Mega, F|13\/100\n|\n|upkeep\n|turn|31\n|\n|t:|1657813967\n|move|p1a: Lopunny|High Jump Kick|p2a: Heatran\n|-supereffective|p2a: Heatran\n|-damage|p2a: Heatran|0 fnt\n|faint|p2a: Heatran\n|\n|upkeep\n|\n|t:|1657813971\n|switch|p2a: Metagross|Metagross-Mega|95\/100\n|-damage|p2a: Metagross|89\/100|[from] Stealth Rock\n|turn|32\n|\n|t:|1657813976\n|switch|p1a: Volcanion|Volcanion|83\/100\n|move|p2a: Metagross|Zen Headbutt|p1a: Volcanion\n|-damage|p1a: Volcanion|42\/100\n|\n|-heal|p1a: Volcanion|48\/100|[from] item: Leftovers\n|upkeep\n|turn|33\n|\n|t:|1657813984\n|move|p2a: Metagross|Zen Headbutt|p1a: Volcanion\n|-damage|p1a: Volcanion|10\/100\n|move|p1a: Volcanion|Flamethrower|p2a: Metagross\n|-supereffective|p2a: Metagross\n|-damage|p2a: Metagross|13\/100\n|\n|-heal|p1a: Volcanion|16\/100|[from] item: Leftovers\n|upkeep\n|turn|34\n|\n|t:|1657813992\n|move|p1a: Volcanion|Protect|p1a: Volcanion\n|-singleturn|p1a: Volcanion|Protect\n|move|p2a: Metagross|Zen Headbutt|p1a: Volcanion\n|-activate|p1a: Volcanion|move: Protect\n|\n|-heal|p1a: Volcanion|22\/100|[from] item: Leftovers\n|upkeep\n|turn|35\n|\n|t:|1657813998\n|move|p2a: Metagross|Zen Headbutt|p1a: Volcanion\n|-damage|p1a: Volcanion|0 fnt\n|faint|p1a: Volcanion\n|\n|upkeep\n|\n|t:|1657814000\n|switch|p1a: Lopunny|Lopunny-Mega, F|13\/100\n|turn|36\n|\n|t:|1657814004\n|switch|p2a: Staraptor|Staraptor, F|60\/100\n|-damage|p2a: Staraptor|35\/100|[from] Stealth Rock\n|move|p1a: Lopunny|Fake Out|p2a: Staraptor\n|-damage|p2a: Staraptor|0 fnt\n|faint|p2a: Staraptor\n|\n|upkeep\n|\n|t:|1657814010\n|switch|p2a: Metagross|Metagross-Mega|13\/100\n|-damage|p2a: Metagross|7\/100|[from] Stealth Rock\n|turn|37\n|\n|t:|1657814014\n|move|p1a: Lopunny|Quick Attack|p2a: Metagross\n|-resisted|p2a: Metagross\n|-damage|p2a: Metagross|0 fnt\n|faint|p2a: Metagross\n|\n|win|Tron Bin Reaper\n|raw|Tron Bin Reaper's rating: 1457 &rarr; <strong>1477<\/strong><br \/>(+20 for winning)\n|raw|TestingTesting1's rating: 1454 &rarr; <strong>1434<\/strong><br \/>(-20 for losing)\n|l|\u2606Tron Bin Reaper\n","uploadtime":1657814020,"views":11,"p1id":"tronbinreaper","p2id":"testingtesting1","formatid":"gen6ou","rating":1434,"private":0,"password":null}