{"id":"gen6battlefactory-1684031139","p1":"H4WT \u2605","p2":"SHONE","format":"gen6battlefactory","log":"|j|\u2606H4WT \u2605\n|j|\u2606SHONE\n|t:|1665592890\n|gametype|singles\n|player|p1|H4WT \u2605|nate|\n|player|p2|SHONE|camper|\n|teamsize|p1|6\n|teamsize|p2|6\n|gen|6\n|tier|[Gen 6] Battle Factory\n|rated|Tournament battle\n|rule|Sleep Clause Mod: Limit one foe put to sleep\n|rule|HP Percentage Mod: HP is shown in percentages\n|rule|Mega Rayquaza Clause: You cannot mega evolve Rayquaza\n|clearpoke\n|poke|p1|Landorus, M|item\n|poke|p1|Ho-Oh|item\n|poke|p1|Deoxys-Defense|item\n|poke|p1|Sableye, M|item\n|poke|p1|Giratina-Origin|item\n|poke|p1|Tyranitar, F|item\n|poke|p2|Latios, M|item\n|poke|p2|Darkrai|item\n|poke|p2|Reshiram|item\n|poke|p2|Lucario, F|item\n|poke|p2|Arceus-*|item\n|poke|p2|Tyranitar, M|item\n|teampreview\n|j| the PDB\n|c|\u2606SHONE|oof looks like ag\n|c|\u2606SHONE|gl hf\n|c|\u2606H4WT \u2605|u2\n|j| Dr J3kyll\n|\n|t:|1665592950\n|start\n|switch|p1a: Sableye|Sableye, M|303\/303\n|switch|p2a: Tyranitar|Tyranitar, M|403\/403\n|-weather|Sandstorm|[from] ability: Sand Stream|[of] p2a: Tyranitar\n|turn|1\n|inactive|Battle timer is ON: inactive players will automatically lose when time's up. (requested by SHONE)\n|\n|t:|1665592961\n|switch|p2a: Reshiram|Reshiram|341\/341\n|-ability|p2a: Reshiram|Turboblaze\n|detailschange|p1a: Sableye|Sableye-Mega, M\n|-mega|p1a: Sableye|Sableye|Sablenite\n|move|p1a: Sableye|Will-O-Wisp|p2a: Reshiram|[miss]\n|-miss|p1a: Sableye|p2a: Reshiram\n|\n|-weather|Sandstorm|[upkeep]\n|-damage|p2a: Reshiram|320\/341|[from] Sandstorm\n|-damage|p1a: Sableye|285\/303|[from] Sandstorm\n|upkeep\n|turn|2\n|inactive|H4WT \u2605 has 120 seconds left.\n|\n|t:|1665592994\n|switch|p1a: Tyranitar|Tyranitar, F|403\/403\n|move|p2a: Reshiram|Flame Charge|p1a: Tyranitar\n|-resisted|p1a: Tyranitar\n|-damage|p1a: Tyranitar|367\/403\n|-boost|p2a: Reshiram|spe|1\n|-damage|p2a: Reshiram|286\/341|[from] item: Life Orb\n|\n|-weather|Sandstorm|[upkeep]\n|-damage|p2a: Reshiram|265\/341|[from] Sandstorm\n|upkeep\n|turn|3\n|inactive|H4WT \u2605 has 120 seconds left.\n|inactive|SHONE has 120 seconds left.\n|\n|t:|1665593026\n|switch|p2a: Tyranitar|Tyranitar, M|403\/403\n|move|p1a: Tyranitar|Stealth Rock|p2a: Tyranitar\n|-sidestart|p2: SHONE|move: Stealth Rock\n|\n|-weather|Sandstorm|[upkeep]\n|upkeep\n|turn|4\n|inactive|SHONE has 120 seconds left.\n|inactive|H4WT \u2605 has 120 seconds left.\n|\n|t:|1665593041\n|switch|p1a: Landorus|Landorus, M|319\/319\n|move|p2a: Tyranitar|Stealth Rock|p1a: Landorus\n|-sidestart|p1: H4WT \u2605|move: Stealth Rock\n|\n|-weather|Sandstorm|[upkeep]\n|upkeep\n|turn|5\n|inactive|SHONE has 120 seconds left.\n|inactive|H4WT \u2605 has 120 seconds left.\n|\n|t:|1665593062\n|switch|p2a: Latios|Latios, M|301\/301\n|-damage|p2a: Latios|264\/301|[from] Stealth Rock\n|move|p1a: Landorus|Knock Off|p2a: Latios\n|-supereffective|p2a: Latios\n|-damage|p2a: Latios|22\/301\n|-enditem|p2a: Latios|Soul Dew|[from] move: Knock Off|[of] p1a: Landorus\n|-damage|p1a: Landorus|288\/319|[from] item: Life Orb\n|\n|-weather|none\n|upkeep\n|turn|6\n|inactive|H4WT \u2605 has 120 seconds left.\n|\n|t:|1665593078\n|switch|p1a: Deoxys|Deoxys-Defense|303\/303\n|-damage|p1a: Deoxys|266\/303|[from] Stealth Rock\n|-ability|p1a: Deoxys|Pressure\n|move|p2a: Latios|Draco Meteor|p1a: Deoxys\n|-damage|p1a: Deoxys|136\/303\n|-unboost|p2a: Latios|spa|2\n|\n|upkeep\n|turn|7\n|inactive|H4WT \u2605 has 120 seconds left.\n|\n|t:|1665593090\n|move|p2a: Latios|Defog|p1a: Deoxys\n|-unboost|p1a: Deoxys|evasion|1\n|-sideend|p1: H4WT \u2605|Stealth Rock|[from] move: Defog|[of] p2a: Latios\n|-sideend|p2: SHONE|Stealth Rock|[from] move: Defog|[of] p2a: Latios\n|move|p1a: Deoxys|Spikes|p2a: Latios\n|-sidestart|p2: SHONE|Spikes\n|\n|upkeep\n|turn|8\n|\n|t:|1665593095\n|move|p2a: Latios|Defog|p1a: Deoxys\n|-unboost|p1a: Deoxys|evasion|1\n|-sideend|p2: SHONE|Spikes|[from] move: Defog|[of] p2a: Latios\n|move|p1a: Deoxys|Recover|p1a: Deoxys\n|-heal|p1a: Deoxys|288\/303\n|\n|upkeep\n|turn|9\n|\n|t:|1665593102\n|switch|p2a: Darkrai|Darkrai|282\/282\n|move|p1a: Deoxys|Toxic|p2a: Darkrai\n|-status|p2a: Darkrai|tox\n|\n|-damage|p2a: Darkrai|265\/282 tox|[from] psn\n|upkeep\n|turn|10\n|\n|t:|1665593123\n|switch|p1a: Sableye|Sableye-Mega, M|285\/303\n|move|p2a: Darkrai|Dark Pulse|p1a: Sableye\n|-damage|p1a: Sableye|132\/303\n|-damage|p2a: Darkrai|237\/282 tox|[from] item: Life Orb\n|\n|-damage|p2a: Darkrai|203\/282 tox|[from] psn\n|upkeep\n|turn|11\n|\n|t:|1665593134\n|move|p1a: Sableye|Protect|p1a: Sableye\n|-singleturn|p1a: Sableye|Protect\n|move|p2a: Darkrai|Dark Void|p1a: Sableye\n|-activate|p1a: Sableye|move: Protect\n|\n|-damage|p2a: Darkrai|152\/282 tox|[from] psn\n|upkeep\n|turn|12\n|l| Dr J3kyll\n|\n|t:|1665593156\n|switch|p2a: Lucario|Lucario, F|281\/281\n|switch|p1a: Ho-Oh|Ho-Oh|415\/415\n|\n|upkeep\n|turn|13\n|inactive|H4WT \u2605 has 120 seconds left.\n|\n|t:|1665593196\n|switch|p1a: Giratina|Giratina-Origin|441\/441\n|detailschange|p2a: Lucario|Lucario-Mega, F\n|-mega|p2a: Lucario|Lucario|Lucarionite\n|move|p2a: Lucario|Stone Edge|p1a: Giratina\n|-damage|p1a: Giratina|344\/441\n|\n|upkeep\n|turn|14\n|\n|t:|1665593209\n|switch|p2a: Tyranitar|Tyranitar, M|403\/403\n|-weather|Sandstorm|[from] ability: Sand Stream|[of] p2a: Tyranitar\n|move|p1a: Giratina|Dragon Tail|p2a: Tyranitar\n|-damage|p2a: Tyranitar|279\/403\n|drag|p2a: Reshiram|Reshiram|265\/341\n|-ability|p2a: Reshiram|Turboblaze\n|\n|-weather|Sandstorm|[upkeep]\n|-damage|p2a: Reshiram|244\/341|[from] Sandstorm\n|-damage|p1a: Giratina|317\/441|[from] Sandstorm\n|upkeep\n|turn|15\n|\n|t:|1665593220\n|switch|p1a: Tyranitar|Tyranitar, F|367\/403\n|move|p2a: Reshiram|Draco Meteor|p1a: Tyranitar\n|-damage|p1a: Tyranitar|195\/403\n|-unboost|p2a: Reshiram|spa|2\n|-damage|p2a: Reshiram|210\/341|[from] item: Life Orb\n|\n|-weather|Sandstorm|[upkeep]\n|-damage|p2a: Reshiram|189\/341|[from] Sandstorm\n|upkeep\n|turn|16\n|\n|t:|1665593233\n|move|p2a: Reshiram|Blue Flare|p1a: Tyranitar\n|-resisted|p1a: Tyranitar\n|-damage|p1a: Tyranitar|156\/403\n|-damage|p2a: Reshiram|155\/341|[from] item: Life Orb\n|move|p1a: Tyranitar|Stealth Rock|p2a: Reshiram\n|-sidestart|p2: SHONE|move: Stealth Rock\n|\n|-weather|Sandstorm|[upkeep]\n|-damage|p2a: Reshiram|134\/341|[from] Sandstorm\n|upkeep\n|turn|17\n|\n|t:|1665593246\n|-activate|p2a: Reshiram|move: Pursuit\n|move|p1a: Tyranitar|Pursuit|p2a: Reshiram|[from]Pursuit\n|-damage|p2a: Reshiram|2\/341\n|switch|p2a: Latios|Latios, M|22\/301\n|-damage|p2a: Latios|0 fnt|[from] Stealth Rock\n|faint|p2a: Latios\n|\n|-weather|Sandstorm|[upkeep]\n|upkeep\n|\n|t:|1665593257\n|switch|p2a: Lucario|Lucario-Mega, F|281\/281\n|-damage|p2a: Lucario|273\/281|[from] Stealth Rock\n|turn|18\n|inactive|H4WT \u2605 has 120 seconds left.\n|\n|t:|1665593266\n|switch|p2a: Tyranitar|Tyranitar, M|279\/403\n|-damage|p2a: Tyranitar|229\/403|[from] Stealth Rock\n|move|p1a: Tyranitar|Thunder Wave|p2a: Tyranitar\n|-status|p2a: Tyranitar|par\n|\n|-weather|none\n|upkeep\n|turn|19\n|\n|t:|1665593273\n|move|p1a: Tyranitar|Rock Slide|p2a: Tyranitar|[miss]\n|-miss|p1a: Tyranitar|p2a: Tyranitar\n|move|p2a: Tyranitar|Low Kick|p1a: Tyranitar\n|-supereffective|p1a: Tyranitar\n|-damage|p1a: Tyranitar|0 fnt\n|faint|p1a: Tyranitar\n|\n|upkeep\n|inactive|H4WT \u2605 has 120 seconds left.\n|\n|t:|1665593284\n|switch|p1a: Sableye|Sableye-Mega, M|132\/303\n|turn|20\n|\n|t:|1665593291\n|move|p1a: Sableye|Recover|p1a: Sableye\n|-heal|p1a: Sableye|284\/303\n|move|p2a: Tyranitar|Rock Slide|p1a: Sableye\n|-damage|p1a: Sableye|206\/303\n|\n|upkeep\n|turn|21\n|\n|t:|1665593299\n|switch|p2a: Reshiram|Reshiram|2\/341\n|-damage|p2a: Reshiram|0 fnt|[from] Stealth Rock\n|faint|p2a: Reshiram\n|move|p1a: Sableye|Recover|p1a: Sableye\n|-heal|p1a: Sableye|303\/303\n|\n|upkeep\n|\n|t:|1665593306\n|switch|p2a: Arceus|Arceus-Fire|431\/431\n|-damage|p2a: Arceus|324\/431|[from] Stealth Rock\n|turn|22\n|\n|t:|1665593320\n|switch|p1a: Giratina|Giratina-Origin|317\/441\n|move|p2a: Arceus|Calm Mind|p2a: Arceus\n|-boost|p2a: Arceus|spa|1\n|-boost|p2a: Arceus|spd|1\n|\n|upkeep\n|turn|23\n|inactive|SHONE has 120 seconds left.\n|\n|t:|1665593345\n|move|p2a: Arceus|Thunder|p1a: Giratina|[miss]\n|-miss|p2a: Arceus|p1a: Giratina\n|move|p1a: Giratina|Dragon Tail|p2a: Arceus\n|-damage|p2a: Arceus|204\/431\n|drag|p2a: Darkrai|Darkrai|152\/282 tox\n|-damage|p2a: Darkrai|117\/282 tox|[from] Stealth Rock\n|\n|-damage|p2a: Darkrai|100\/282 tox|[from] psn\n|upkeep\n|turn|24\n|inactive|SHONE has 120 seconds left.\n|\n|t:|1665593366\n|switch|p1a: Ho-Oh|Ho-Oh|415\/415\n|move|p2a: Darkrai|Dark Pulse|p1a: Ho-Oh\n|-damage|p1a: Ho-Oh|290\/415\n|-damage|p2a: Darkrai|72\/282 tox|[from] item: Life Orb\n|\n|-damage|p2a: Darkrai|38\/282 tox|[from] psn\n|upkeep\n|turn|25\n|inactive|SHONE has 120 seconds left.\n|\n|t:|1665593377\n|move|p2a: Darkrai|Dark Void|p1a: Ho-Oh\n|-status|p1a: Ho-Oh|slp|[from] move: Dark Void\n|cant|p1a: Ho-Oh|slp\n|\n|-damage|p2a: Darkrai|0 fnt|[from] psn\n|faint|p2a: Darkrai\n|upkeep\n|inactive|SHONE has 120 seconds left.\n|\n|t:|1665593387\n|switch|p2a: Arceus|Arceus-Fire|204\/431\n|-damage|p2a: Arceus|97\/431|[from] Stealth Rock\n|turn|26\n|\n|t:|1665593391\n|switch|p1a: Giratina|Giratina-Origin|317\/441\n|move|p2a: Arceus|Thunder|p1a: Giratina\n|-resisted|p1a: Giratina\n|-damage|p1a: Giratina|255\/441\n|\n|upkeep\n|turn|27\n|\n|t:|1665593400\n|move|p2a: Arceus|Thunder|p1a: Giratina\n|-resisted|p1a: Giratina\n|-damage|p1a: Giratina|188\/441\n|move|p1a: Giratina|Shadow Force||[still]\n|-prepare|p1a: Giratina|Shadow Force\n|\n|upkeep\n|turn|28\n|\n|t:|1665593408\n|switch|p2a: Tyranitar|Tyranitar, M|229\/403 par\n|-damage|p2a: Tyranitar|179\/403 par|[from] Stealth Rock\n|-weather|Sandstorm|[from] ability: Sand Stream|[of] p2a: Tyranitar\n|move|p1a: Giratina|Shadow Force|p2a: Tyranitar|[from]lockedmove\n|-resisted|p2a: Tyranitar\n|-damage|p2a: Tyranitar|59\/403 par\n|\n|-weather|Sandstorm|[upkeep]\n|-damage|p1a: Giratina|161\/441|[from] Sandstorm\n|upkeep\n|turn|29\n|\n|t:|1665593421\n|move|p1a: Giratina|Shadow Force||[still]\n|-prepare|p1a: Giratina|Shadow Force\n|cant|p2a: Tyranitar|par\n|\n|-weather|Sandstorm|[upkeep]\n|-damage|p1a: Giratina|134\/441|[from] Sandstorm\n|upkeep\n|turn|30\n|\n|t:|1665593426\n|move|p1a: Giratina|Shadow Force|p2a: Tyranitar|[from]lockedmove\n|-resisted|p2a: Tyranitar\n|-damage|p2a: Tyranitar|0 fnt\n|faint|p2a: Tyranitar\n|\n|-weather|Sandstorm|[upkeep]\n|-damage|p1a: Giratina|107\/441|[from] Sandstorm\n|upkeep\n|\n|t:|1665593433\n|switch|p2a: Lucario|Lucario-Mega, F|273\/281\n|-damage|p2a: Lucario|265\/281|[from] Stealth Rock\n|turn|31\n|\n|t:|1665593438\n|move|p2a: Lucario|Stone Edge|p1a: Giratina|[miss]\n|-miss|p2a: Lucario|p1a: Giratina\n|move|p1a: Giratina|Shadow Force||[still]\n|-prepare|p1a: Giratina|Shadow Force\n|\n|-weather|Sandstorm|[upkeep]\n|-damage|p1a: Giratina|80\/441|[from] Sandstorm\n|upkeep\n|turn|32\n|c|\u2606SHONE|f\n|c|\u2606H4WT \u2605|mb\n|\n|t:|1665593446\n|switch|p2a: Arceus|Arceus-Fire|97\/431\n|-damage|p2a: Arceus|0 fnt|[from] Stealth Rock\n|faint|p2a: Arceus\n|move|p1a: Giratina|Shadow Force|p2: Arceus|[from]lockedmove|[notarget]\n|-fail|p1a: Giratina\n|\n|-weather|none\n|upkeep\n|\n|t:|1665593452\n|switch|p2a: Lucario|Lucario-Mega, F|265\/281\n|-damage|p2a: Lucario|257\/281|[from] Stealth Rock\n|turn|33\n|\n|t:|1665593457\n|move|p2a: Lucario|Stone Edge|p1a: Giratina\n|-damage|p1a: Giratina|0 fnt\n|faint|p1a: Giratina\n|\n|upkeep\n|\n|t:|1665593462\n|switch|p1a: Landorus|Landorus, M|288\/319\n|turn|34\n|\n|t:|1665593468\n|move|p2a: Lucario|Iron Tail|p1a: Landorus\n|-damage|p1a: Landorus|22\/319\n|move|p1a: Landorus|Earth Power|p2a: Lucario\n|-supereffective|p2a: Lucario\n|-damage|p2a: Lucario|0 fnt\n|faint|p2a: Lucario\n|\n|win|H4WT \u2605\n|n|\u2606H4WT \u2605|h4wt\n|n|\u2606SHONE|shone\n|n| the PDB|thepdb\n","uploadtime":1665593469,"views":9,"p1id":"h4wt","p2id":"shone","formatid":"gen6battlefactory","rating":0,"private":0,"password":null}