{"id":"gen6ou-1678115626","p1":"Pok et Glace","p2":"TimeforDarlings","format":"gen6ou","log":"|j|\u2606Pok et Glace\n|j|\u2606TimeforDarlings\n|t:|1664964651\n|gametype|singles\n|player|p1|Pok et Glace|cynthia-masters|1384\n|player|p2|TimeforDarlings|170|1431\n|teamsize|p1|6\n|teamsize|p2|6\n|gen|6\n|tier|[Gen 6] OU\n|rated|\n|rule|Sleep Clause Mod: Limit one foe put to sleep\n|rule|Species Clause: Limit one of each Pok\u00e9mon\n|rule|OHKO Clause: OHKO moves are banned\n|rule|Moody Clause: Moody is banned\n|rule|Evasion Items Clause: Evasion items are banned\n|rule|Evasion Moves Clause: Evasion moves are banned\n|rule|Endless Battle Clause: Forcing endless battles is banned\n|rule|HP Percentage Mod: HP is shown in percentages\n|rule|Swagger Clause: Swagger is banned\n|clearpoke\n|poke|p1|Mew|item\n|poke|p1|Clefable, M|item\n|poke|p1|Charizard, M|item\n|poke|p1|Garchomp, M|item\n|poke|p1|Breloom, M|item\n|poke|p1|Excadrill, M|item\n|poke|p2|Altaria, M|item\n|poke|p2|Chansey, F|item\n|poke|p2|Doublade, M|item\n|poke|p2|Quagsire, F|item\n|poke|p2|Alomomola, F|item\n|poke|p2|Zapdos|item\n|teampreview\n|inactive|Battle timer is ON: inactive players will automatically lose when time's up. (requested by Pok et Glace)\n|\n|t:|1664964671\n|start\n|switch|p1a: Chaos|Mew, shiny|100\/100\n|switch|p2a: Zapdos|Zapdos|100\/100\n|-ability|p2a: Zapdos|Pressure\n|turn|1\n|\n|t:|1664964678\n|move|p1a: Chaos|Will-O-Wisp|p2a: Zapdos\n|-status|p2a: Zapdos|brn\n|move|p2a: Zapdos|Discharge||[still]\n|-damage|p1a: Chaos|73\/100\n|-status|p1a: Chaos|par\n|-activate|p1a: Chaos|ability: Synchronize\n|-fail|p1a: Chaos\n|\n|-heal|p1a: Chaos|79\/100 par|[from] item: Leftovers\n|-damage|p2a: Zapdos|88\/100 brn|[from] brn\n|upkeep\n|turn|2\n|\n|t:|1664964694\n|move|p2a: Zapdos|Discharge|p1a: Chaos\n|-damage|p1a: Chaos|52\/100 par\n|move|p1a: Chaos|Roost|p1a: Chaos\n|-heal|p1a: Chaos|100\/100 par\n|-singleturn|p1a: Chaos|move: Roost\n|\n|-heal|p2a: Zapdos|94\/100 brn|[from] item: Leftovers\n|-damage|p2a: Zapdos|82\/100 brn|[from] brn\n|upkeep\n|turn|3\n|\n|t:|1664964705\n|switch|p2a: Chansey|Chansey, F|100\/100\n|cant|p1a: Chaos|par\n|\n|upkeep\n|turn|4\n|\n|t:|1664964710\n|move|p2a: Chansey|Stealth Rock|p1a: Chaos\n|-sidestart|p1: Pok et Glace|move: Stealth Rock\n|move|p1a: Chaos|Knock Off|p2a: Chansey\n|-damage|p2a: Chansey|84\/100\n|-enditem|p2a: Chansey|Eviolite|[from] move: Knock Off|[of] p1a: Chaos\n|\n|upkeep\n|turn|5\n|\n|t:|1664964717\n|switch|p2a: Alomomola|Alomomola, F|100\/100\n|move|p1a: Chaos|Will-O-Wisp|p2a: Alomomola\n|-status|p2a: Alomomola|brn\n|\n|-damage|p2a: Alomomola|88\/100 brn|[from] brn\n|upkeep\n|turn|6\n|\n|t:|1664964726\n|move|p2a: Alomomola|Knock Off|p1a: Chaos\n|-supereffective|p1a: Chaos\n|-damage|p1a: Chaos|86\/100 par\n|-enditem|p1a: Chaos|Leftovers|[from] move: Knock Off|[of] p2a: Alomomola\n|move|p1a: Chaos|Taunt|p2a: Alomomola\n|-start|p2a: Alomomola|move: Taunt\n|\n|-heal|p2a: Alomomola|94\/100 brn|[from] item: Leftovers\n|-damage|p2a: Alomomola|82\/100 brn|[from] brn\n|upkeep\n|turn|7\n|\n|t:|1664964736\n|switch|p2a: Altaria|Altaria, M, shiny|100\/100\n|move|p1a: Chaos|Knock Off|p2a: Altaria\n|-damage|p2a: Altaria|87\/100\n|\n|upkeep\n|turn|8\n|\n|t:|1664964746\n|detailschange|p2a: Altaria|Altaria-Mega, M, shiny\n|-mega|p2a: Altaria|Altaria|Altarianite\n|move|p2a: Altaria|Earthquake|p1a: Chaos\n|-damage|p1a: Chaos|67\/100 par\n|cant|p1a: Chaos|par\n|\n|upkeep\n|turn|9\n|\n|t:|1664964752\n|move|p2a: Altaria|Body Slam|p1a: Chaos\n|-damage|p1a: Chaos|34\/100 par\n|move|p1a: Chaos|Roost|p1a: Chaos\n|-heal|p1a: Chaos|84\/100 par\n|-singleturn|p1a: Chaos|move: Roost\n|\n|upkeep\n|turn|10\n|\n|t:|1664964760\n|move|p2a: Altaria|Body Slam|p1a: Chaos\n|-damage|p1a: Chaos|48\/100 par\n|move|p1a: Chaos|Will-O-Wisp|p2a: Altaria\n|-status|p2a: Altaria|brn\n|\n|-damage|p2a: Altaria|75\/100 brn|[from] brn\n|upkeep\n|turn|11\n|\n|t:|1664964769\n|switch|p1a: Zangetsu|Garchomp, M, shiny|100\/100\n|-damage|p1a: Zangetsu|94\/100|[from] Stealth Rock\n|move|p2a: Altaria|Heal Bell|p2a: Altaria\n|-activate|p2a: Altaria|move: Heal Bell\n|-curestatus|p2a: Altaria|brn|[msg]\n|-curestatus|p2: Zapdos|brn|[msg]\n|-curestatus|p2: Alomomola|brn|[msg]\n|\n|-heal|p1a: Zangetsu|100\/100|[from] item: Leftovers\n|upkeep\n|turn|12\n|\n|t:|1664964780\n|move|p1a: Zangetsu|Stealth Rock|p2a: Altaria\n|-sidestart|p2: TimeforDarlings|move: Stealth Rock\n|move|p2a: Altaria|Body Slam|p1a: Zangetsu\n|-supereffective|p1a: Zangetsu\n|-damage|p1a: Zangetsu|25\/100\n|-damage|p2a: Altaria|62\/100|[from] ability: Rough Skin|[of] p1a: Zangetsu\n|\n|-heal|p1a: Zangetsu|31\/100|[from] item: Leftovers\n|upkeep\n|turn|13\n|\n|t:|1664964788\n|move|p1a: Zangetsu|Earthquake|p2a: Altaria\n|-damage|p2a: Altaria|33\/100\n|move|p2a: Altaria|Body Slam|p1a: Zangetsu\n|-supereffective|p1a: Zangetsu\n|-damage|p1a: Zangetsu|0 fnt\n|-damage|p2a: Altaria|20\/100|[from] ability: Rough Skin|[of] p1a: Zangetsu\n|faint|p1a: Zangetsu\n|\n|upkeep\n|\n|t:|1664964799\n|switch|p1a: Impaler|Excadrill, M, shiny|100\/100\n|-damage|p1a: Impaler|97\/100|[from] Stealth Rock\n|-ability|p1a: Impaler|Mold Breaker\n|turn|14\n|\n|t:|1664964806\n|switch|p2a: Zapdos|Zapdos|82\/100\n|-damage|p2a: Zapdos|57\/100|[from] Stealth Rock\n|-ability|p2a: Zapdos|Pressure\n|move|p1a: Impaler|Iron Head|p2a: Zapdos\n|-resisted|p2a: Zapdos\n|-damage|p2a: Zapdos|39\/100\n|\n|-heal|p2a: Zapdos|45\/100|[from] item: Leftovers\n|upkeep\n|turn|15\n|\n|t:|1664964817\n|switch|p1a: Crescent|Clefable, M, shiny|100\/100\n|-damage|p1a: Crescent|88\/100|[from] Stealth Rock\n|move|p2a: Zapdos|Defog|p1a: Crescent\n|-unboost|p1a: Crescent|evasion|1\n|-sideend|p1: Pok et Glace|Stealth Rock|[from] move: Defog|[of] p2a: Zapdos\n|-sideend|p2: TimeforDarlings|Stealth Rock|[from] move: Defog|[of] p2a: Zapdos\n|\n|-heal|p2a: Zapdos|51\/100|[from] item: Leftovers\n|-heal|p1a: Crescent|94\/100|[from] item: Leftovers\n|upkeep\n|turn|16\n|\n|t:|1664964827\n|move|p2a: Zapdos|Discharge|p1a: Crescent\n|-damage|p1a: Crescent|62\/100\n|-status|p1a: Crescent|par\n|move|p1a: Crescent|Calm Mind|p1a: Crescent\n|-boost|p1a: Crescent|spa|1\n|-boost|p1a: Crescent|spd|1\n|\n|-heal|p2a: Zapdos|57\/100|[from] item: Leftovers\n|-heal|p1a: Crescent|68\/100 par|[from] item: Leftovers\n|upkeep\n|turn|17\n|\n|t:|1664964836\n|move|p2a: Zapdos|Roost|p2a: Zapdos\n|-heal|p2a: Zapdos|100\/100\n|-singleturn|p2a: Zapdos|move: Roost\n|move|p1a: Crescent|Moonblast|p2a: Zapdos\n|-damage|p2a: Zapdos|60\/100\n|-unboost|p2a: Zapdos|spa|1\n|\n|-heal|p2a: Zapdos|66\/100|[from] item: Leftovers\n|-heal|p1a: Crescent|74\/100 par|[from] item: Leftovers\n|upkeep\n|turn|18\n|\n|t:|1664964847\n|switch|p2a: Chansey|Chansey, F|84\/100\n|move|p1a: Crescent|Moonblast|p2a: Chansey\n|-damage|p2a: Chansey|65\/100\n|-unboost|p2a: Chansey|spa|1\n|\n|-heal|p1a: Crescent|80\/100 par|[from] item: Leftovers\n|upkeep\n|turn|19\n|\n|t:|1664964856\n|switch|p1a: Fungus|Breloom, M, shiny|100\/100\n|move|p2a: Chansey|Stealth Rock|p1a: Fungus\n|-sidestart|p1: Pok et Glace|move: Stealth Rock\n|\n|upkeep\n|turn|20\n|\n|t:|1664964863\n|switch|p2a: Doublade|Doublade, M|100\/100\n|move|p1a: Fungus|Bullet Seed|p2a: Doublade\n|-resisted|p2a: Doublade\n|-damage|p2a: Doublade|93\/100\n|-resisted|p2a: Doublade\n|-damage|p2a: Doublade|86\/100\n|-resisted|p2a: Doublade\n|-damage|p2a: Doublade|79\/100\n|-resisted|p2a: Doublade\n|-damage|p2a: Doublade|72\/100\n|-hitcount|p2a: Doublade|4\n|-damage|p1a: Fungus|91\/100|[from] item: Life Orb\n|\n|upkeep\n|turn|21\n|\n|t:|1664964875\n|switch|p2a: Alomomola|Alomomola, F|100\/100\n|move|p1a: Fungus|Spore|p2a: Alomomola\n|-status|p2a: Alomomola|slp|[from] move: Spore\n|\n|upkeep\n|turn|22\n|\n|t:|1664964881\n|switch|p1a: Impaler|Excadrill, M, shiny|97\/100\n|-damage|p1a: Impaler|94\/100|[from] Stealth Rock\n|-ability|p1a: Impaler|Mold Breaker\n|switch|p2a: Zapdos|Zapdos|66\/100\n|-ability|p2a: Zapdos|Pressure\n|\n|-heal|p2a: Zapdos|72\/100|[from] item: Leftovers\n|upkeep\n|turn|23\n|\n|t:|1664964894\n|switch|p2a: Quagsire|Quagsire, F|100\/100\n|move|p1a: Impaler|Rapid Spin|p2a: Quagsire\n|-damage|p2a: Quagsire|95\/100\n|-sideend|p1: Pok et Glace|Stealth Rock|[from] move: Rapid Spin|[of] p1a: Impaler\n|\n|-heal|p2a: Quagsire|100\/100|[from] item: Leftovers\n|upkeep\n|turn|24\n|\n|t:|1664964906\n|switch|p1a: Chaos|Mew, shiny|48\/100 par\n|move|p2a: Quagsire|Toxic||[still]\n|-fail|p2a: Quagsire\n|\n|upkeep\n|turn|25\n|\n|t:|1664964915\n|switch|p2a: Chansey|Chansey, F|65\/100\n|move|p1a: Chaos|Taunt|p2a: Chansey\n|-start|p2a: Chansey|move: Taunt\n|\n|upkeep\n|turn|26\n|\n|t:|1664964922\n|move|p2a: Chansey|Seismic Toss|p1a: Chaos\n|-damage|p1a: Chaos|23\/100 par\n|move|p1a: Chaos|Will-O-Wisp|p2a: Chansey|[miss]\n|-miss|p1a: Chaos|p2a: Chansey\n|\n|upkeep\n|turn|27\n|\n|t:|1664964927\n|move|p2a: Chansey|Seismic Toss|p1a: Chaos\n|-damage|p1a: Chaos|0 fnt\n|faint|p1a: Chaos\n|\n|-end|p2a: Chansey|move: Taunt\n|upkeep\n|\n|t:|1664964930\n|switch|p1a: Fungus|Breloom, M, shiny|91\/100\n|turn|28\n|\n|t:|1664964947\n|switch|p1a: Sage|Charizard, M, shiny|100\/100\n|move|p2a: Chansey|Stealth Rock|p1a: Sage\n|-sidestart|p1: Pok et Glace|move: Stealth Rock\n|\n|upkeep\n|turn|29\n|\n|t:|1664964955\n|detailschange|p1a: Sage|Charizard-Mega-Y, M, shiny\n|-mega|p1a: Sage|Charizard|Charizardite Y\n|-weather|SunnyDay|[from] ability: Drought|[of] p1a: Sage\n|move|p1a: Sage|Fire Blast|p2a: Chansey\n|-damage|p2a: Chansey|18\/100\n|move|p2a: Chansey|Soft-Boiled|p2a: Chansey\n|-heal|p2a: Chansey|68\/100\n|\n|-weather|SunnyDay|[upkeep]\n|upkeep\n|turn|30\n|\n|t:|1664964983\n|switch|p2a: Alomomola|Alomomola, F|100\/100 slp\n|move|p1a: Sage|Focus Blast|p2a: Alomomola\n|-damage|p2a: Alomomola|50\/100 slp\n|\n|-weather|SunnyDay|[upkeep]\n|-heal|p2a: Alomomola|56\/100 slp|[from] item: Leftovers\n|upkeep\n|turn|31\n|\n|t:|1664964991\n|switch|p2a: Doublade|Doublade, M|72\/100\n|move|p1a: Sage|Solar Beam||[still]\n|-prepare|p1a: Sage|Solar Beam\n|-anim|p1a: Sage|Solar Beam|p2a: Doublade\n|-resisted|p2a: Doublade\n|-damage|p2a: Doublade|52\/100\n|\n|-weather|SunnyDay|[upkeep]\n|upkeep\n|turn|32\n|\n|t:|1664964999\n|switch|p2a: Alomomola|Alomomola, F|89\/100 slp\n|move|p1a: Sage|Fire Blast|p2a: Alomomola\n|-resisted|p2a: Alomomola\n|-damage|p2a: Alomomola|37\/100 slp\n|\n|-weather|SunnyDay|[upkeep]\n|-heal|p2a: Alomomola|43\/100 slp|[from] item: Leftovers\n|upkeep\n|turn|33\n|\n|t:|1664965010\n|move|p1a: Sage|Fire Blast|p2a: Alomomola\n|-resisted|p2a: Alomomola\n|-damage|p2a: Alomomola|0 fnt\n|faint|p2a: Alomomola\n|\n|-weather|none\n|upkeep\n|\n|t:|1664965016\n|switch|p2a: Chansey|Chansey, F|68\/100\n|turn|34\n|\n|t:|1664965021\n|switch|p1a: Impaler|Excadrill, M, shiny|94\/100\n|-damage|p1a: Impaler|91\/100|[from] Stealth Rock\n|-ability|p1a: Impaler|Mold Breaker\n|move|p2a: Chansey|Calm Mind|p2a: Chansey\n|-boost|p2a: Chansey|spa|1\n|-boost|p2a: Chansey|spd|1\n|\n|upkeep\n|turn|35\n|\n|t:|1664965036\n|move|p1a: Impaler|Rapid Spin|p2a: Chansey\n|-damage|p2a: Chansey|60\/100\n|-sideend|p1: Pok et Glace|Stealth Rock|[from] move: Rapid Spin|[of] p1a: Impaler\n|move|p2a: Chansey|Soft-Boiled|p2a: Chansey\n|-heal|p2a: Chansey|100\/100\n|\n|upkeep\n|turn|36\n|\n|t:|1664965043\n|switch|p1a: Fungus|Breloom, M, shiny|91\/100\n|switch|p2a: Quagsire|Quagsire, F|100\/100\n|\n|upkeep\n|turn|37\n|\n|t:|1664965056\n|switch|p2a: Zapdos|Zapdos|72\/100\n|-ability|p2a: Zapdos|Pressure\n|move|p1a: Fungus|Bullet Seed|p2a: Zapdos\n|-resisted|p2a: Zapdos\n|-damage|p2a: Zapdos|61\/100\n|-resisted|p2a: Zapdos\n|-damage|p2a: Zapdos|50\/100\n|-hitcount|p2a: Zapdos|2\n|-damage|p1a: Fungus|81\/100|[from] item: Life Orb\n|\n|-heal|p2a: Zapdos|56\/100|[from] item: Leftovers\n|upkeep\n|turn|38\n|\n|t:|1664965067\n|switch|p1a: Impaler|Excadrill, M, shiny|91\/100\n|-ability|p1a: Impaler|Mold Breaker\n|move|p2a: Zapdos|Discharge|p1a: Impaler\n|-immune|p1a: Impaler\n|\n|-heal|p2a: Zapdos|62\/100|[from] item: Leftovers\n|upkeep\n|turn|39\n|\n|t:|1664965077\n|switch|p2a: Quagsire|Quagsire, F|100\/100\n|move|p1a: Impaler|Rock Slide|p2a: Quagsire\n|-resisted|p2a: Quagsire\n|-damage|p2a: Quagsire|91\/100\n|\n|-heal|p2a: Quagsire|97\/100|[from] item: Leftovers\n|upkeep\n|turn|40\n|\n|t:|1664965085\n|switch|p1a: Crescent|Clefable, M, shiny|80\/100 par\n|move|p2a: Quagsire|Toxic||[still]\n|-fail|p2a: Quagsire\n|\n|-heal|p2a: Quagsire|100\/100|[from] item: Leftovers\n|-heal|p1a: Crescent|86\/100 par|[from] item: Leftovers\n|upkeep\n|turn|41\n|\n|t:|1664965093\n|switch|p2a: Chansey|Chansey, F|100\/100\n|switch|p1a: Fungus|Breloom, M, shiny|81\/100\n|\n|upkeep\n|turn|42\n|\n|t:|1664965101\n|move|p1a: Fungus|Spore|p2a: Chansey\n|-status|p2a: Chansey|slp|[from] move: Spore\n|cant|p2a: Chansey|slp\n|\n|upkeep\n|turn|43\n|\n|t:|1664965107\n|-curestatus|p2a: Chansey|slp|[from] ability: Natural Cure\n|switch|p2a: Doublade|Doublade, M|52\/100\n|move|p1a: Fungus|Spore|p2a: Doublade\n|-status|p2a: Doublade|slp|[from] move: Spore\n|\n|upkeep\n|turn|44\n|\n|t:|1664965113\n|switch|p1a: Sage|Charizard-Mega-Y, M, shiny|100\/100\n|-weather|SunnyDay|[from] ability: Drought|[of] p1a: Sage\n|switch|p2a: Zapdos|Zapdos|62\/100\n|-ability|p2a: Zapdos|Pressure\n|\n|-weather|SunnyDay|[upkeep]\n|-heal|p2a: Zapdos|68\/100|[from] item: Leftovers\n|upkeep\n|turn|45\n|\n|t:|1664965132\n|switch|p2a: Quagsire|Quagsire, F|100\/100\n|move|p1a: Sage|Fire Blast|p2a: Quagsire\n|-resisted|p2a: Quagsire\n|-damage|p2a: Quagsire|35\/100\n|\n|-weather|SunnyDay|[upkeep]\n|-heal|p2a: Quagsire|41\/100|[from] item: Leftovers\n|upkeep\n|turn|46\n|\n|t:|1664965140\n|switch|p2a: Chansey|Chansey, F|100\/100\n|move|p1a: Sage|Fire Blast|p2a: Chansey\n|-damage|p2a: Chansey|56\/100\n|\n|-weather|SunnyDay|[upkeep]\n|upkeep\n|turn|47\n|\n|t:|1664965150\n|switch|p1a: Fungus|Breloom, M, shiny|81\/100\n|move|p2a: Chansey|Soft-Boiled|p2a: Chansey\n|-heal|p2a: Chansey|100\/100\n|\n|-weather|SunnyDay|[upkeep]\n|upkeep\n|turn|48\n|\n|t:|1664965157\n|switch|p1a: Impaler|Excadrill, M, shiny|91\/100\n|-ability|p1a: Impaler|Mold Breaker\n|move|p2a: Chansey|Stealth Rock|p1a: Impaler\n|-sidestart|p1: Pok et Glace|move: Stealth Rock\n|\n|-weather|none\n|upkeep\n|turn|49\n|\n|t:|1664965164\n|move|p1a: Impaler|Rapid Spin|p2a: Chansey\n|-damage|p2a: Chansey|92\/100\n|-sideend|p1: Pok et Glace|Stealth Rock|[from] move: Rapid Spin|[of] p1a: Impaler\n|move|p2a: Chansey|Seismic Toss|p1a: Impaler\n|-damage|p1a: Impaler|64\/100\n|\n|upkeep\n|turn|50\n|\n|t:|1664965170\n|switch|p1a: Fungus|Breloom, M, shiny|81\/100\n|move|p2a: Chansey|Stealth Rock|p1a: Fungus\n|-sidestart|p1: Pok et Glace|move: Stealth Rock\n|\n|upkeep\n|turn|51\n|\n|t:|1664965180\n|switch|p2a: Zapdos|Zapdos|68\/100\n|-ability|p2a: Zapdos|Pressure\n|move|p1a: Fungus|Swords Dance|p1a: Fungus\n|-boost|p1a: Fungus|atk|2\n|\n|-heal|p2a: Zapdos|74\/100|[from] item: Leftovers\n|upkeep\n|turn|52\n|\n|t:|1664965188\n|move|p2a: Zapdos|Discharge|p1a: Fungus\n|-resisted|p1a: Fungus\n|-damage|p1a: Fungus|49\/100\n|move|p1a: Fungus|Bullet Seed|p2a: Zapdos\n|-resisted|p2a: Zapdos\n|-damage|p2a: Zapdos|54\/100\n|-resisted|p2a: Zapdos\n|-damage|p2a: Zapdos|32\/100\n|-resisted|p2a: Zapdos\n|-damage|p2a: Zapdos|9\/100\n|-hitcount|p2a: Zapdos|3\n|-damage|p1a: Fungus|39\/100|[from] item: Life Orb\n|\n|-heal|p2a: Zapdos|15\/100|[from] item: Leftovers\n|upkeep\n|turn|53\n|\n|t:|1664965200\n|move|p1a: Fungus|Mach Punch|p2a: Zapdos\n|-resisted|p2a: Zapdos\n|-damage|p2a: Zapdos|0 fnt\n|faint|p2a: Zapdos\n|-damage|p1a: Fungus|29\/100|[from] item: Life Orb\n|\n|upkeep\n|\n|t:|1664965210\n|switch|p2a: Chansey|Chansey, F|92\/100\n|turn|54\n|\n|t:|1664965215\n|move|p1a: Fungus|Bullet Seed|p2a: Chansey\n|-damage|p2a: Chansey|32\/100\n|-damage|p2a: Chansey|0 fnt\n|faint|p2a: Chansey\n|-hitcount|p2: Chansey|2\n|-damage|p1a: Fungus|19\/100|[from] item: Life Orb\n|\n|upkeep\n|\n|t:|1664965221\n|switch|p2a: Altaria|Altaria-Mega, M, shiny|20\/100\n|turn|55\n|\n|t:|1664965224\n|move|p1a: Fungus|Mach Punch|p2a: Altaria\n|-resisted|p2a: Altaria\n|-damage|p2a: Altaria|0 fnt\n|faint|p2a: Altaria\n|-damage|p1a: Fungus|9\/100|[from] item: Life Orb\n|\n|upkeep\n|c|\u2606Pok et Glace|gg\n|\n|t:|1664965233\n|switch|p2a: Doublade|Doublade, M|52\/100 slp\n|turn|56\n|c|\u2606TimeforDarlings|stfu\n|\n|t:|1664965237\n|move|p1a: Fungus|Bullet Seed|p2a: Doublade\n|-resisted|p2a: Doublade\n|-damage|p2a: Doublade|38\/100 slp\n|-resisted|p2a: Doublade\n|-damage|p2a: Doublade|25\/100 slp\n|-resisted|p2a: Doublade\n|-damage|p2a: Doublade|12\/100 slp\n|-resisted|p2a: Doublade\n|-damage|p2a: Doublade|0 fnt\n|faint|p2a: Doublade\n|-hitcount|p2: Doublade|4\n|-damage|p1a: Fungus|0 fnt|[from] item: Life Orb\n|faint|p1a: Fungus\n|\n|upkeep\n|c|\u2606Pok et Glace|lol\n|\n|t:|1664965249\n|switch|p1a: Sage|Charizard-Mega-Y, M, shiny|100\/100\n|switch|p2a: Quagsire|Quagsire, F|41\/100\n|-damage|p1a: Sage|51\/100|[from] Stealth Rock\n|-weather|SunnyDay|[from] ability: Drought|[of] p1a: Sage\n|turn|57\n|c|\u2606Pok et Glace|g\n|c|\u2606Pok et Glace|g\n|c|\u2606Pok et Glace|g\n|c|\u2606Pok et Glace|gg\n|c|\u2606TimeforDarlings|tragic\n|\n|t:|1664965263\n|move|p1a: Sage|Solar Beam||[still]\n|-prepare|p1a: Sage|Solar Beam\n|-anim|p1a: Sage|Solar Beam|p2a: Quagsire\n|-supereffective|p2a: Quagsire\n|-damage|p2a: Quagsire|0 fnt\n|faint|p2a: Quagsire\n|\n|win|Pok et Glace\n|raw|Pok et Glace's rating: 1384 &rarr; <strong>1407<\/strong><br \/>(+23 for winning)\n|raw|TimeforDarlings's rating: 1431 &rarr; <strong>1408<\/strong><br \/>(-23 for losing)\n|c|\u2606Pok et Glace|get gud\n|l|\u2606TimeforDarlings\n||Ladder isn't responding, score probably updated but might not have (Request timeout).\n","uploadtime":1664965273,"views":7,"p1id":"poketglace","p2id":"timefordarlings","formatid":"gen6ou","rating":1407,"private":0,"password":null}