{"id":"gen6zu-1703015557","p1":"ayevon","p2":"shaneghoul","format":"gen6zu","log":"|j|\u2606ayevon\n|j|\u2606shaneghoul\n|t:|1667604708\n|gametype|singles\n|player|p1|ayevon|1|\n|player|p2|shaneghoul|veteran|\n|teamsize|p1|6\n|teamsize|p2|6\n|gen|6\n|tier|[Gen 6] ZU\n|rated|Tournament battle\n|rule|Sleep Clause Mod: Limit one foe put to sleep\n|rule|Species Clause: Limit one of each Pok\u00e9mon\n|rule|OHKO Clause: OHKO moves are banned\n|rule|Moody Clause: Moody is banned\n|rule|Evasion Items Clause: Evasion items are banned\n|rule|Evasion Moves Clause: Evasion moves are banned\n|rule|Endless Battle Clause: Forcing endless battles is banned\n|rule|HP Percentage Mod: HP is shown in percentages\n|rule|Swagger Clause: Swagger is banned\n|clearpoke\n|poke|p1|Gogoat, F|item\n|poke|p1|Bronzor|item\n|poke|p1|Frogadier, M|item\n|poke|p1|Dustox, F|item\n|poke|p1|Krokorok, M|item\n|poke|p1|Purugly, M|item\n|poke|p2|Trubbish, M|item\n|poke|p2|Purugly, M|item\n|poke|p2|Huntail, F|item\n|poke|p2|Lairon, F|item\n|poke|p2|Gastly, F|item\n|poke|p2|Bibarel, M|item\n|teampreview\n|inactive|Battle timer is ON: inactive players will automatically lose when time's up. (requested by ayevon)\n|inactive|shaneghoul also wants the timer to be on.\n|j|+Jett@!\n|j|%skrimps\n|j| pinorska\n|c|%skrimps|shaneghoul more like shanecool\n|c|%skrimps|look at all his broken mons\n|c|\u2606shaneghoul|:3\n|inactive|ayevon has 120 seconds left.\n|inactive|shaneghoul has 120 seconds left.\n|c|+Jett|that ho looks scary fsr\n|\n|t:|1667604753\n|start\n|switch|p1a: Purugly|Purugly, M|100\/100\n|switch|p2a: Bibarel|Bibarel, M|100\/100\n|turn|1\n|c|\u2606shaneghoul|it's undefeated in zupl !\n|\n|t:|1667604780\n|switch|p2a: Trubbish|Trubbish, M|100\/100\n|move|p1a: Purugly|Frustration|p2a: Trubbish\n|-damage|p2a: Trubbish|32\/100\n|\n|upkeep\n|turn|2\n|\n|t:|1667604799\n|switch|p2a: Lairon|Lairon, F|100\/100\n|move|p1a: Purugly|U-turn|p2a: Lairon\n|-resisted|p2a: Lairon\n|-damage|p2a: Lairon|95\/100\n|\n|t:|1667604802\n|switch|p1a: Krokorok|Krokorok, M|100\/100|[from]move: U-turn\n|-ability|p1a: Krokorok|Intimidate|boost\n|-unboost|p2a: Lairon|atk|1\n|\n|upkeep\n|turn|3\n|\n|t:|1667604815\n|switch|p2a: Gastly|Gastly, F|100\/100\n|move|p1a: Krokorok|Knock Off|p2a: Gastly\n|-supereffective|p2a: Gastly\n|-damage|p2a: Gastly|0 fnt\n|-enditem|p2a: Gastly|Choice Scarf|[from] move: Knock Off|[of] p1a: Krokorok\n|faint|p2a: Gastly\n|\n|upkeep\n|\n|t:|1667604818\n|switch|p2a: Bibarel|Bibarel, M|100\/100\n|turn|4\n|\n|t:|1667604823\n|move|p2a: Bibarel|Stealth Rock|p1a: Krokorok\n|-sidestart|p1: ayevon|move: Stealth Rock\n|move|p1a: Krokorok|Knock Off|p2a: Bibarel\n|-damage|p2a: Bibarel|19\/100\n|-enditem|p2a: Bibarel|Focus Sash|[from] move: Knock Off|[of] p1a: Krokorok\n|\n|upkeep\n|turn|5\n|\n|t:|1667604847\n|switch|p1a: Gogoat|Gogoat, F|100\/100\n|-damage|p1a: Gogoat|88\/100|[from] Stealth Rock\n|move|p2a: Bibarel|Double-Edge|p1a: Gogoat\n|-damage|p1a: Gogoat|52\/100\n|-damage|p2a: Bibarel|5\/100|[from] Recoil\n|\n|-heal|p1a: Gogoat|58\/100|[from] item: Leftovers\n|upkeep\n|turn|6\n|\n|t:|1667604861\n|move|p2a: Bibarel|Double-Edge|p1a: Gogoat\n|-damage|p1a: Gogoat|27\/100\n|-damage|p2a: Bibarel|0 fnt|[from] Recoil\n|faint|p2a: Bibarel\n|move|p1a: Gogoat|Bulk Up|p1a: Gogoat\n|-boost|p1a: Gogoat|atk|1\n|-boost|p1a: Gogoat|def|1\n|\n|-heal|p1a: Gogoat|33\/100|[from] item: Leftovers\n|upkeep\n|\n|t:|1667604866\n|switch|p2a: Trubbish|Trubbish, M|32\/100\n|turn|7\n|\n|t:|1667604873\n|move|p2a: Trubbish|Gunk Shot|p1a: Gogoat\n|-supereffective|p1a: Gogoat\n|-damage|p1a: Gogoat|0 fnt\n|faint|p1a: Gogoat\n|\n|upkeep\n|\n|t:|1667604892\n|switch|p1a: Frogadier|Frogadier, M|100\/100\n|-damage|p1a: Frogadier|88\/100|[from] Stealth Rock\n|turn|8\n|\n|t:|1667604899\n|move|p1a: Frogadier|Toxic Spikes|p2a: Trubbish\n|-start|p1a: Frogadier|typechange|Poison|[from] ability: Protean\n|-sidestart|p2: shaneghoul|move: Toxic Spikes\n|move|p2a: Trubbish|Spikes|p1a: Frogadier\n|-sidestart|p1: ayevon|Spikes\n|\n|upkeep\n|turn|9\n|\n|t:|1667604921\n|move|p1a: Frogadier|Hydro Pump|p2a: Trubbish|[miss]\n|-start|p1a: Frogadier|typechange|Water|[from] ability: Protean\n|-miss|p1a: Frogadier|p2a: Trubbish\n|move|p2a: Trubbish|Explosion|p1a: Frogadier\n|-damage|p1a: Frogadier|19\/100\n|faint|p2a: Trubbish\n|\n|upkeep\n|\n|t:|1667604927\n|switch|p2a: Purugly|Purugly, M|100\/100\n|-status|p2a: Purugly|psn\n|turn|10\n|c|\u2606shaneghoul|my ps has stopped responding\n|c|\u2606shaneghoul|hm\n|inactive|shaneghoul has 120 seconds left.\n|c|\u2606shaneghoul|[Invalid choice] Can't make choices: You sent choices for 7 Pok\u00e9mon, but this is a singles game!\n|c|\u2606ayevon|ctrl r\n|l|\u2606shaneghoul\n|inactive|shaneghoul disconnected and has a minute to reconnect!\n|player|p2|\n|j|\u2606shaneghoul\n|inactive|shaneghoul reconnected and has 105 seconds left.\n|player|p2|shaneghoul|veteran\n|\n|t:|1667604967\n|switch|p1a: Bronzor|Bronzor|100\/100\n|-damage|p1a: Bronzor|95\/100|[from] Stealth Rock\n|-damage|p1a: Bronzor|82\/100|[from] Spikes\n|move|p2a: Purugly|Frustration|p1a: Bronzor\n|-resisted|p1a: Bronzor\n|-damage|p1a: Bronzor|68\/100\n|\n|-damage|p2a: Purugly|88\/100 psn|[from] psn\n|upkeep\n|turn|11\n|\n|t:|1667604976\n|move|p2a: Purugly|Knock Off|p1a: Bronzor\n|-supereffective|p1a: Bronzor\n|-damage|p1a: Bronzor|41\/100\n|-enditem|p1a: Bronzor|Eviolite|[from] move: Knock Off|[of] p2a: Purugly\n|move|p1a: Bronzor|Psywave|p2a: Purugly\n|-damage|p2a: Purugly|49\/100 psn\n|\n|-damage|p2a: Purugly|36\/100 psn|[from] psn\n|upkeep\n|turn|12\n|\n|t:|1667604982\n|move|p2a: Purugly|Knock Off|p1a: Bronzor\n|-supereffective|p1a: Bronzor\n|-damage|p1a: Bronzor|10\/100\n|move|p1a: Bronzor|Stealth Rock|p2a: Purugly\n|-sidestart|p2: shaneghoul|move: Stealth Rock\n|\n|-damage|p2a: Purugly|24\/100 psn|[from] psn\n|upkeep\n|turn|13\n|\n|t:|1667604987\n|move|p2a: Purugly|Knock Off|p1a: Bronzor\n|-supereffective|p1a: Bronzor\n|-damage|p1a: Bronzor|0 fnt\n|faint|p1a: Bronzor\n|\n|-damage|p2a: Purugly|11\/100 psn|[from] psn\n|upkeep\n|\n|t:|1667604997\n|switch|p1a: Dustox|Dustox, F|100\/100\n|-damage|p1a: Dustox|76\/100|[from] Stealth Rock\n|-damage|p1a: Dustox|63\/100|[from] Spikes\n|turn|14\n|\n|t:|1667605003\n|move|p2a: Purugly|Frustration|p1a: Dustox\n|-damage|p1a: Dustox|3\/100\n|move|p1a: Dustox|Roost|p1a: Dustox\n|-heal|p1a: Dustox|53\/100\n|-singleturn|p1a: Dustox|move: Roost\n|\n|-heal|p1a: Dustox|59\/100|[from] item: Black Sludge\n|-damage|p2a: Purugly|0 fnt|[from] psn\n|faint|p2a: Purugly\n|upkeep\n|\n|t:|1667605006\n|switch|p2a: Lairon|Lairon, F|95\/100\n|-damage|p2a: Lairon|89\/100|[from] Stealth Rock\n|turn|15\n|\n|t:|1667605019\n|move|p2a: Lairon|Rock Polish|p2a: Lairon\n|-boost|p2a: Lairon|spe|2\n|move|p1a: Dustox|Roost|p1a: Dustox\n|-heal|p1a: Dustox|100\/100\n|-singleturn|p1a: Dustox|move: Roost\n|\n|upkeep\n|turn|16\n|\n|t:|1667605023\n|move|p2a: Lairon|Head Smash|p1a: Dustox\n|-supereffective|p1a: Dustox\n|-damage|p1a: Dustox|0 fnt\n|faint|p1a: Dustox\n|\n|upkeep\n|\n|t:|1667605025\n|switch|p1a: Krokorok|Krokorok, M|100\/100\n|-damage|p1a: Krokorok|94\/100|[from] Stealth Rock\n|-damage|p1a: Krokorok|82\/100|[from] Spikes\n|-ability|p1a: Krokorok|Intimidate|boost\n|-unboost|p2a: Lairon|atk|1\n|turn|17\n|\n|t:|1667605029\n|move|p2a: Lairon|Superpower|p1a: Krokorok\n|-supereffective|p1a: Krokorok\n|-damage|p1a: Krokorok|0 fnt\n|-unboost|p2a: Lairon|atk|1\n|-unboost|p2a: Lairon|def|1\n|faint|p1a: Krokorok\n|\n|upkeep\n|\n|t:|1667605033\n|switch|p1a: Purugly|Purugly, M|100\/100\n|-damage|p1a: Purugly|88\/100|[from] Stealth Rock\n|-damage|p1a: Purugly|76\/100|[from] Spikes\n|turn|18\n|\n|t:|1667605038\n|switch|p2a: Huntail|Huntail, F|100\/100\n|-status|p2a: Huntail|psn\n|-damage|p2a: Huntail|88\/100 psn|[from] Stealth Rock\n|move|p1a: Purugly|Fake Out|p2a: Huntail\n|-damage|p2a: Huntail|63\/100 psn\n|\n|-damage|p2a: Huntail|50\/100 psn|[from] psn\n|upkeep\n|turn|19\n|\n|t:|1667605045\n|move|p1a: Purugly|Frustration|p2a: Huntail\n|-damage|p2a: Huntail|0 fnt\n|faint|p2a: Huntail\n|\n|upkeep\n|\n|t:|1667605046\n|switch|p2a: Lairon|Lairon, F|89\/100\n|-damage|p2a: Lairon|82\/100|[from] Stealth Rock\n|turn|20\n|\n|t:|1667605049\n|move|p1a: Purugly|U-turn|p2a: Lairon\n|-resisted|p2a: Lairon\n|-damage|p2a: Lairon|76\/100\n|\n|t:|1667605050\n|switch|p1a: Frogadier|Frogadier, M|19\/100|[from]move: U-turn\n|-damage|p1a: Frogadier|7\/100|[from] Stealth Rock\n|-damage|p1a: Frogadier|0 fnt|[from] Spikes\n|faint|p1a: Frogadier\n|move|p2a: Lairon|Rock Polish|p2a: Lairon\n|-boost|p2a: Lairon|spe|2\n|\n|upkeep\n|c|\u2606ayevon|it seems i choked\n|c|\u2606ayevon|i blame hax tho\n|-message|ayevon forfeited.\n|\n|win|shaneghoul\n|n|\u2606ayevon|ayevon\n|n|+Jett@!|jett\n|n| skrimps|skrimps\n|n| pinorska|pinorska\n|n|\u2606shaneghoul|shaneghoul\n","uploadtime":1667605073,"views":9,"p1id":"ayevon","p2id":"shaneghoul","formatid":"gen6zu","rating":0,"private":0,"password":null}