{"id":"gen6randombattle-1132160090","p1":"Yayayajhv","p2":"BigWes95","format":"gen6randombattle","log":"|j|\u2606Yayayajhv\n|j|\u2606BigWes95\n|player|p1|Yayayajhv|101|1374\n|player|p2|BigWes95|swimmer-gen4dp|1555\n|teamsize|p1|6\n|teamsize|p2|6\n|gametype|singles\n|gen|6\n|tier|[Gen 6] Random Battle\n|rated|\n|rule|Sleep Clause Mod: Limit one foe put to sleep\n|rule|HP Percentage Mod: HP is shown in percentages\n|\n|start\n|switch|p1a: Trevenant|Trevenant, L88, F|293\/293\n|switch|p2a: Arbok|Arbok, L88, F|249\/249\n|turn|1\n|inactive|Battle timer is ON: inactive players will automatically lose when time's up. (requested by BigWes95)\n|\n|move|p2a: Arbok|Gunk Shot|p1a: Trevenant\n|-damage|p1a: Trevenant|167\/293\n|move|p1a: Trevenant|Trick Room|p1a: Trevenant\n|-fieldstart|move: Trick Room|[of] p1a: Trevenant\n|\n|upkeep\n|turn|2\n|\n|move|p1a: Trevenant|Earthquake|p2a: Arbok\n|-supereffective|p2a: Arbok\n|-enditem|p2a: Arbok|Focus Sash\n|-damage|p2a: Arbok|1\/249\n|-damage|p1a: Trevenant|138\/293|[from] item: Life Orb\n|move|p2a: Arbok|Gunk Shot|p1a: Trevenant\n|-damage|p1a: Trevenant|12\/293\n|\n|upkeep\n|turn|3\n|\n|move|p1a: Trevenant|Shadow Claw|p2a: Arbok\n|-damage|p2a: Arbok|0 fnt\n|-damage|p1a: Trevenant|0 fnt|[from] item: Life Orb\n|faint|p2a: Arbok\n|faint|p1a: Trevenant\n|\n|upkeep\n|\n|switch|p1a: Tropius|Tropius, L88, F|316\/316\n|switch|p2a: Chansey|Chansey, L80, F|531\/531\n|turn|4\n|\n|move|p2a: Chansey|Toxic|p1a: Tropius\n|-status|p1a: Tropius|tox\n|move|p1a: Tropius|Substitute|p1a: Tropius\n|-start|p1a: Tropius|Substitute\n|-damage|p1a: Tropius|237\/316 tox\n|\n|-damage|p1a: Tropius|218\/316 tox|[from] psn\n|upkeep\n|turn|5\n|\n|move|p2a: Chansey|Seismic Toss|p1a: Tropius\n|-end|p1a: Tropius|Substitute\n|move|p1a: Tropius|Leech Seed|p2a: Chansey\n|-start|p2a: Chansey|move: Leech Seed\n|\n|-damage|p2a: Chansey|465\/531|[from] Leech Seed|[of] p1a: Tropius\n|-heal|p1a: Tropius|284\/316 tox|[silent]\n|-damage|p1a: Tropius|246\/316 tox|[from] psn\n|-fieldend|move: Trick Room\n|upkeep\n|turn|6\n|\n|move|p1a: Tropius|Toxic|p2a: Chansey\n|-status|p2a: Chansey|tox\n|move|p2a: Chansey|Seismic Toss|p1a: Tropius\n|-damage|p1a: Tropius|166\/316 tox\n|\n|-damage|p2a: Chansey|399\/531 tox|[from] Leech Seed|[of] p1a: Tropius\n|-heal|p1a: Tropius|232\/316 tox|[silent]\n|-damage|p1a: Tropius|175\/316 tox|[from] psn\n|-damage|p2a: Chansey|366\/531 tox|[from] psn\n|upkeep\n|turn|7\n|\n|switch|p2a: Fearow|Fearow, L88, F|258\/258\n|move|p1a: Tropius|Giga Drain|p2a: Fearow\n|-resisted|p2a: Fearow\n|-damage|p2a: Fearow|213\/258\n|-heal|p1a: Tropius|198\/316 tox|[from] drain|[of] p2a: Fearow\n|\n|-damage|p1a: Tropius|122\/316 tox|[from] psn\n|upkeep\n|-enditem|p1a: Tropius|Sitrus Berry|[eat]\n|-heal|p1a: Tropius|201\/316 tox|[from] item: Sitrus Berry\n|turn|8\n|\n|move|p2a: Fearow|Double-Edge|p1a: Tropius\n|-damage|p1a: Tropius|20\/316 tox\n|-damage|p2a: Fearow|153\/258|[from] Recoil\n|move|p1a: Tropius|Toxic|p2a: Fearow\n|-status|p2a: Fearow|tox\n|\n|-damage|p2a: Fearow|137\/258 tox|[from] psn\n|-damage|p1a: Tropius|0 fnt|[from] psn\n|faint|p1a: Tropius\n|upkeep\n|\n|switch|p1a: Groudon|Groudon, L78|284\/284\n|detailschange|p1a: Groudon|Groudon-Primal, L78\n|-primal|p1a: Groudon\n|-weather|DesolateLand|[from] ability: Desolate Land|[of] p1a: Groudon\n|turn|9\n|\n|move|p2a: Fearow|Double-Edge|p1a: Groudon\n|-damage|p1a: Groudon|161\/284\n|-damage|p2a: Fearow|96\/258 tox|[from] Recoil\n|move|p1a: Groudon|Rock Polish|p1a: Groudon\n|-boost|p1a: Groudon|spe|2\n|\n|-weather|DesolateLand|[upkeep]\n|-damage|p2a: Fearow|64\/258 tox|[from] psn\n|upkeep\n|turn|10\n|\n|move|p1a: Groudon|Fire Punch|p2a: Fearow\n|-damage|p2a: Fearow|0 fnt\n|faint|p2a: Fearow\n|\n|-weather|DesolateLand|[upkeep]\n|upkeep\n|\n|switch|p2a: Poliwrath|Poliwrath, L86, M|295\/295\n|turn|11\n|\n|move|p1a: Groudon|Precipice Blades|p2a: Poliwrath\n|-damage|p2a: Poliwrath|135\/295\n|move|p2a: Poliwrath|Ice Punch|p1a: Groudon\n|-damage|p1a: Groudon|114\/284\n|-damage|p2a: Poliwrath|106\/295|[from] item: Life Orb\n|\n|-weather|DesolateLand|[upkeep]\n|upkeep\n|turn|12\n|\n|move|p1a: Groudon|Precipice Blades|p2a: Poliwrath\n|-damage|p2a: Poliwrath|0 fnt\n|faint|p2a: Poliwrath\n|\n|-weather|DesolateLand|[upkeep]\n|upkeep\n|\n|switch|p2a: Venusaur|Venusaur, L80, M|259\/259\n|turn|13\n|\n|detailschange|p2a: Venusaur|Venusaur-Mega, L80, M\n|-mega|p2a: Venusaur|Venusaur|Venusaurite\n|move|p1a: Groudon|Fire Punch|p2a: Venusaur\n|-supereffective|p2a: Venusaur\n|-damage|p2a: Venusaur|113\/259\n|move|p2a: Venusaur|Sludge Bomb|p1a: Groudon\n|-resisted|p1a: Groudon\n|-damage|p1a: Groudon|59\/284\n|-status|p1a: Groudon|psn\n|\n|-weather|DesolateLand|[upkeep]\n|-damage|p1a: Groudon|24\/284 psn|[from] psn\n|upkeep\n|turn|14\n|\n|switch|p2a: Florges|Florges-Blue, L82, F|262\/262\n|move|p1a: Groudon|Fire Punch|p2a: Florges\n|-damage|p2a: Florges|42\/262\n|\n|-weather|DesolateLand|[upkeep]\n|-heal|p2a: Florges|58\/262|[from] item: Leftovers\n|-damage|p1a: Groudon|0 fnt|[from] psn\n|faint|p1a: Groudon\n|-weather|none\n|upkeep\n|\n|switch|p1a: Braviary|Braviary, L84, M|305\/305\n|turn|15\n|\n|move|p2a: Florges|Protect|p2a: Florges\n|-singleturn|p2a: Florges|Protect\n|move|p1a: Braviary|Brave Bird|p2a: Florges\n|-activate|p2a: Florges|move: Protect\n|\n|-heal|p2a: Florges|74\/262|[from] item: Leftovers\n|upkeep\n|turn|16\n|\n|move|p1a: Braviary|Brave Bird|p2a: Florges\n|-damage|p2a: Florges|0 fnt\n|-damage|p1a: Braviary|281\/305|[from] Recoil\n|faint|p2a: Florges\n|\n|upkeep\n|\n|switch|p2a: Chansey|Chansey, L80, F|366\/531\n|turn|17\n|\n|switch|p1a: Magmortar|Magmortar, L86, F|269\/269\n|move|p2a: Chansey|Toxic|p1a: Magmortar\n|-status|p1a: Magmortar|tox\n|\n|-damage|p1a: Magmortar|253\/269 tox|[from] psn\n|upkeep\n|turn|18\n|\n|move|p1a: Magmortar|Focus Blast|p2a: Chansey\n|-supereffective|p2a: Chansey\n|-damage|p2a: Chansey|242\/531\n|move|p2a: Chansey|Seismic Toss|p1a: Magmortar\n|-damage|p1a: Magmortar|173\/269 tox\n|\n|-heal|p1a: Magmortar|189\/269 tox|[from] item: Leftovers\n|-damage|p1a: Magmortar|157\/269 tox|[from] psn\n|upkeep\n|turn|19\n|\n|move|p1a: Magmortar|Focus Blast|p2a: Chansey\n|-supereffective|p2a: Chansey\n|-damage|p2a: Chansey|108\/531\n|move|p2a: Chansey|Soft-Boiled|p2a: Chansey\n|-heal|p2a: Chansey|374\/531\n|\n|-heal|p1a: Magmortar|173\/269 tox|[from] item: Leftovers\n|-damage|p1a: Magmortar|125\/269 tox|[from] psn\n|upkeep\n|turn|20\n|\n|move|p1a: Magmortar|Focus Blast|p2a: Chansey\n|-supereffective|p2a: Chansey\n|-damage|p2a: Chansey|250\/531\n|-unboost|p2a: Chansey|spd|1\n|move|p2a: Chansey|Soft-Boiled|p2a: Chansey\n|-heal|p2a: Chansey|516\/531\n|\n|-heal|p1a: Magmortar|141\/269 tox|[from] item: Leftovers\n|-damage|p1a: Magmortar|77\/269 tox|[from] psn\n|upkeep\n|turn|21\n|\n|move|p1a: Magmortar|Focus Blast|p2a: Chansey\n|-supereffective|p2a: Chansey\n|-crit|p2a: Chansey\n|-damage|p2a: Chansey|230\/531\n|-unboost|p2a: Chansey|spd|1\n|move|p2a: Chansey|Soft-Boiled|p2a: Chansey\n|-heal|p2a: Chansey|496\/531\n|\n|-heal|p1a: Magmortar|93\/269 tox|[from] item: Leftovers\n|-damage|p1a: Magmortar|13\/269 tox|[from] psn\n|upkeep\n|turn|22\n|\n|switch|p2a: Venusaur|Venusaur-Mega, L80, M|113\/259\n|move|p1a: Magmortar|Focus Blast|p2a: Venusaur|[miss]\n|-miss|p1a: Magmortar|p2a: Venusaur\n|\n|-heal|p1a: Magmortar|29\/269 tox|[from] item: Leftovers\n|-damage|p1a: Magmortar|0 fnt|[from] psn\n|faint|p1a: Magmortar\n|upkeep\n|\n|switch|p1a: Braviary|Braviary, L84, M|281\/305\n|turn|23\n|\n|move|p1a: Braviary|Brave Bird|p2a: Venusaur\n|-supereffective|p2a: Venusaur\n|-damage|p2a: Venusaur|0 fnt\n|-damage|p1a: Braviary|244\/305|[from] Recoil\n|faint|p2a: Venusaur\n|\n|upkeep\n|\n|switch|p2a: Chansey|Chansey, L80, F|496\/531\n|turn|24\n|\n|switch|p1a: Porygon-Z|Porygon-Z, L82|274\/274\n|-ability|p1a: Porygon-Z|Download|boost\n|-boost|p1a: Porygon-Z|atk|1\n|move|p2a: Chansey|Toxic|p1a: Porygon-Z\n|-status|p1a: Porygon-Z|tox\n|\n|-damage|p1a: Porygon-Z|257\/274 tox|[from] psn\n|upkeep\n|turn|25\n|\n|move|p1a: Porygon-Z|Trick|p2a: Chansey\n|-activate|p1a: Porygon-Z|move: Trick|[of] p2a: Chansey\n|-item|p2a: Chansey|Choice Scarf|[from] move: Trick\n|-item|p1a: Porygon-Z|Eviolite|[from] move: Trick\n|move|p2a: Chansey|Seismic Toss|p1a: Porygon-Z\n|-damage|p1a: Porygon-Z|177\/274 tox\n|\n|-damage|p1a: Porygon-Z|143\/274 tox|[from] psn\n|upkeep\n|turn|26\n|\n|move|p1a: Porygon-Z|Tri Attack|p2a: Chansey\n|-damage|p2a: Chansey|408\/531\n|move|p2a: Chansey|Seismic Toss|p1a: Porygon-Z\n|-damage|p1a: Porygon-Z|63\/274 tox\n|\n|-damage|p1a: Porygon-Z|12\/274 tox|[from] psn\n|upkeep\n|turn|27\n|\n|move|p1a: Porygon-Z|Tri Attack|p2a: Chansey\n|-damage|p2a: Chansey|311\/531\n|move|p2a: Chansey|Seismic Toss|p1a: Porygon-Z\n|-damage|p1a: Porygon-Z|0 fnt\n|faint|p1a: Porygon-Z\n|\n|upkeep\n|\n|switch|p1a: Braviary|Braviary, L84, M|244\/305\n|turn|28\n|\n|move|p2a: Chansey|Seismic Toss|p1a: Braviary\n|-damage|p1a: Braviary|164\/305\n|move|p1a: Braviary|Superpower|p2a: Chansey\n|-supereffective|p2a: Chansey\n|-damage|p2a: Chansey|0 fnt\n|-unboost|p1a: Braviary|atk|1\n|-unboost|p1a: Braviary|def|1\n|faint|p2a: Chansey\n|\n|win|Yayayajhv\n|l|\u2606BigWes95\n","inputlog":">version e1649a2dfaa61a80f5a5f70e20f6f26ae4cc4115\n>version-origin 70ab234f1d71fd2bc2b4c543cd0d0a1110b8e06b\n>start {\"formatid\":\"gen6randombattle\",\"seed\":[64174,13663,59598,9670],\"rated\":\"Rated battle\"}\n>player p1 {\"name\":\"Yayayajhv\",\"avatar\":\"101\",\"team\":\"\",\"rating\":1374,\"seed\":[61111,50008,43808,52671]}\n>player p2 {\"name\":\"BigWes95\",\"avatar\":\"swimmer-gen4dp\",\"team\":\"\",\"rating\":1555,\"seed\":[61963,18779,2021,42207]}\n>p1 move trickroom\n>p2 move gunkshot\n>p1 move earthquake\n>p2 move gunkshot\n>p1 move shadowclaw\n>p2 move rest\n>p1 switch 5\n>p2 switch 3\n>p1 move substitute\n>p2 move toxic\n>p1 move leechseed\n>p2 move seismictoss\n>p1 move toxic\n>p2 move seismictoss\n>p1 move gigadrain\n>p2 switch 5\n>p1 move toxic\n>p2 move doubleedge\n>p1 switch 2\n>p1 move rockpolish\n>p2 move doubleedge\n>p1 move firepunch\n>p2 move doubleedge\n>p2 switch 2\n>p1 move precipiceblades\n>p2 move icepunch\n>p1 move precipiceblades\n>p2 move icepunch\n>p2 switch 4\n>p1 move firepunch\n>p2 move sludgebomb mega\n>p1 move firepunch\n>p2 switch 6\n>p1 switch 6\n>p1 move bravebird\n>p2 move protect\n>p1 move bravebird\n>p2 move moonblast\n>p2 switch 5\n>p1 switch 3\n>p2 move toxic\n>p1 move focusblast\n>p2 move seismictoss\n>p1 move focusblast\n>p2 move softboiled\n>p1 move focusblast\n>p2 move softboiled\n>p1 move focusblast\n>p2 move softboiled\n>p1 move focusblast\n>p2 switch 6\n>p1 switch 3\n>p1 move bravebird\n>p2 move sludgebomb\n>p2 switch 6\n>p1 switch 4\n>p2 move toxic\n>p1 move trick\n>p2 move seismictoss\n>p1 move triattack\n>p2 move seismictoss\n>p1 move triattack\n>p2 move seismictoss\n>p1 switch 4\n>p1 move superpower\n>p2 move seismictoss","uploadtime":1592081811,"views":2,"p1id":"yayayajhv","p2id":"bigwes95","formatid":"gen6randombattle","rating":0,"private":0,"password":null}