{"id":"gen6ou-1698292516","p1":"Mimikyu Stardust","p2":"BTLT6 Undercover","format":"gen6ou","log":"|raw|<div class=\"broadcast-blue\"><strong>This battle is required to be public due to a player having a name starting with 'btlt6'.<\/div>\n|j|\u2606Mimikyu Stardust\n|j|\u2606BTLT6 Undercover\n|t:|1667097354\n|gametype|singles\n|player|p1|Mimikyu Stardust|#zuplivbutterfree|1553\n|player|p2|BTLT6 Undercover|unknown|1477\n|teamsize|p1|6\n|teamsize|p2|6\n|gen|6\n|tier|[Gen 6] OU\n|rated|\n|rule|Sleep Clause Mod: Limit one foe put to sleep\n|rule|Species Clause: Limit one of each Pok\u00e9mon\n|rule|OHKO Clause: OHKO moves are banned\n|rule|Moody Clause: Moody is banned\n|rule|Evasion Items Clause: Evasion items are banned\n|rule|Evasion Moves Clause: Evasion moves are banned\n|rule|Endless Battle Clause: Forcing endless battles is banned\n|rule|HP Percentage Mod: HP is shown in percentages\n|rule|Swagger Clause: Swagger is banned\n|clearpoke\n|poke|p1|Latios, M|item\n|poke|p1|Excadrill, F|item\n|poke|p1|Tornadus-Therian, M|item\n|poke|p1|Cofagrigus, F|item\n|poke|p1|Bisharp, M|item\n|poke|p1|Volcanion|item\n|poke|p2|Tyranitar, F|item\n|poke|p2|Volcanion|item\n|poke|p2|Excadrill, F|item\n|poke|p2|Serperior, F|item\n|poke|p2|Clefable, M|item\n|poke|p2|Zapdos|item\n|teampreview\n|\n|t:|1667097397\n|start\n|switch|p1a: Tornadus|Tornadus-Therian, M|100\/100\n|switch|p2a: Tyranitar|Tyranitar, F|100\/100\n|-weather|Sandstorm|[from] ability: Sand Stream|[of] p2a: Tyranitar\n|turn|1\n|inactive|Battle timer is ON: inactive players will automatically lose when time's up. (requested by Mimikyu Stardust)\n|\n|t:|1667097404\n|detailschange|p2a: Tyranitar|Tyranitar-Mega, F\n|-mega|p2a: Tyranitar|Tyranitar|Tyranitarite\n|move|p1a: Tornadus|U-turn|p2a: Tyranitar\n|-supereffective|p2a: Tyranitar\n|-damage|p2a: Tyranitar|83\/100\n|\n|t:|1667097409\n|switch|p1a: Excadrill|Excadrill, F, shiny|100\/100|[from]move: U-turn\n|-ability|p1a: Excadrill|Mold Breaker\n|move|p2a: Tyranitar|Stone Edge|p1a: Excadrill\n|-resisted|p1a: Excadrill\n|-damage|p1a: Excadrill|78\/100\n|\n|-weather|Sandstorm|[upkeep]\n|-heal|p1a: Excadrill|84\/100|[from] item: Leftovers\n|upkeep\n|turn|2\n|\n|t:|1667097416\n|move|p1a: Excadrill|Stealth Rock|p2a: Tyranitar\n|-sidestart|p2: BTLT6 Undercover|move: Stealth Rock\n|move|p2a: Tyranitar|Fire Punch|p1a: Excadrill\n|-supereffective|p1a: Excadrill\n|-damage|p1a: Excadrill|0 fnt\n|faint|p1a: Excadrill\n|\n|-weather|Sandstorm|[upkeep]\n|upkeep\n|\n|t:|1667097426\n|switch|p1a: Bisharp|Bisharp, M|100\/100\n|turn|3\n|\n|t:|1667097431\n|move|p2a: Tyranitar|Fire Punch|p1a: Bisharp\n|-supereffective|p1a: Bisharp\n|-damage|p1a: Bisharp|35\/100\n|move|p1a: Bisharp|Iron Head|p2a: Tyranitar\n|-supereffective|p2a: Tyranitar\n|-damage|p2a: Tyranitar|33\/100\n|\n|-weather|Sandstorm|[upkeep]\n|upkeep\n|turn|4\n|\n|t:|1667097439\n|switch|p2a: Zapdos|Zapdos|100\/100\n|-damage|p2a: Zapdos|76\/100|[from] Stealth Rock\n|-ability|p2a: Zapdos|Pressure\n|move|p1a: Bisharp|Sucker Punch||[still]\n|-fail|p1a: Bisharp\n|\n|-weather|Sandstorm|[upkeep]\n|-damage|p2a: Zapdos|70\/100|[from] Sandstorm\n|upkeep\n|turn|5\n|\n|t:|1667097443\n|move|p2a: Zapdos|Roost|p2a: Zapdos\n|-heal|p2a: Zapdos|100\/100\n|-singleturn|p2a: Zapdos|move: Roost\n|move|p1a: Bisharp|Knock Off|p2a: Zapdos\n|-damage|p2a: Zapdos|54\/100\n|-damage|p1a: Bisharp|18\/100|[from] item: Rocky Helmet|[of] p2a: Zapdos\n|-enditem|p2a: Zapdos|Rocky Helmet|[from] move: Knock Off|[of] p1a: Bisharp\n|\n|-weather|none\n|upkeep\n|turn|6\n|\n|t:|1667097449\n|move|p2a: Zapdos|Heat Wave|p1a: Bisharp\n|-supereffective|p1a: Bisharp\n|-damage|p1a: Bisharp|0 fnt\n|faint|p1a: Bisharp\n|\n|upkeep\n|\n|t:|1667097451\n|switch|p1a: Latios|Latios, M|100\/100\n|turn|7\n|\n|t:|1667097456\n|detailschange|p1a: Latios|Latios-Mega, M\n|-mega|p1a: Latios|Latios|Latiosite\n|move|p1a: Latios|Psychic|p2a: Zapdos\n|-damage|p2a: Zapdos|0 fnt\n|faint|p2a: Zapdos\n|\n|upkeep\n|\n|t:|1667097461\n|switch|p2a: Serperior|Serperior, F|100\/100\n|-damage|p2a: Serperior|88\/100|[from] Stealth Rock\n|turn|8\n|\n|t:|1667097468\n|switch|p1a: Volcanion|Volcanion|100\/100\n|move|p2a: Serperior|Glare|p1a: Volcanion\n|-status|p1a: Volcanion|par\n|\n|upkeep\n|turn|9\n|c|\u2606BTLT6 Undercover|icebeam\/eq?\n|\n|t:|1667097476\n|switch|p2a: Clefable|Clefable, M|100\/100\n|move|p1a: Volcanion|Flamethrower|p2a: Clefable\n|-damage|p2a: Clefable|58\/100\n|\n|-heal|p2a: Clefable|64\/100|[from] item: Leftovers\n|upkeep\n|turn|10\n|\n|t:|1667097483\n|switch|p1a: Tornadus|Tornadus-Therian, M|100\/100\n|move|p2a: Clefable|Stealth Rock|p1a: Tornadus\n|-sidestart|p1: Mimikyu Stardust|move: Stealth Rock\n|\n|-heal|p2a: Clefable|71\/100|[from] item: Leftovers\n|upkeep\n|turn|11\n|c|\u2606BTLT6 Undercover|for latios\n|\n|t:|1667097490\n|move|p1a: Tornadus|Taunt|p2a: Clefable\n|-start|p2a: Clefable|move: Taunt\n|cant|p2a: Clefable|move: Taunt|Soft-Boiled\n|\n|-heal|p2a: Clefable|77\/100|[from] item: Leftovers\n|upkeep\n|turn|12\n|\n|t:|1667097494\n|switch|p2a: Tyranitar|Tyranitar-Mega, F|33\/100\n|-damage|p2a: Tyranitar|21\/100|[from] Stealth Rock\n|-weather|Sandstorm|[from] ability: Sand Stream|[of] p2a: Tyranitar\n|move|p1a: Tornadus|Knock Off|p2a: Tyranitar\n|-resisted|p2a: Tyranitar\n|-damage|p2a: Tyranitar|16\/100\n|\n|-weather|Sandstorm|[upkeep]\n|-damage|p1a: Tornadus|94\/100|[from] Sandstorm\n|upkeep\n|turn|13\n|c|\u2606Mimikyu Stardust|yea\n|\n|t:|1667097505\n|switch|p2a: Excadrill|Excadrill, F|100\/100\n|-damage|p2a: Excadrill|97\/100|[from] Stealth Rock\n|move|p1a: Tornadus|U-turn|p2a: Excadrill\n|-resisted|p2a: Excadrill\n|-damage|p2a: Excadrill|88\/100\n|\n|t:|1667097509\n|switch|p1a: Cofagrigus|Cofagrigus, F|100\/100|[from]move: U-turn\n|-damage|p1a: Cofagrigus|88\/100|[from] Stealth Rock\n|\n|-weather|Sandstorm|[upkeep]\n|-damage|p1a: Cofagrigus|82\/100|[from] Sandstorm\n|-heal|p1a: Cofagrigus|88\/100|[from] item: Leftovers\n|upkeep\n|turn|14\n|\n|t:|1667097513\n|switch|p2a: Volcanion|Volcanion|100\/100\n|-damage|p2a: Volcanion|76\/100|[from] Stealth Rock\n|move|p1a: Cofagrigus|Will-O-Wisp|p2a: Volcanion|[miss]\n|-miss|p1a: Cofagrigus|p2a: Volcanion\n|\n|-weather|Sandstorm|[upkeep]\n|-damage|p2a: Volcanion|70\/100|[from] Sandstorm\n|-damage|p1a: Cofagrigus|82\/100|[from] Sandstorm\n|-heal|p1a: Cofagrigus|88\/100|[from] item: Leftovers\n|upkeep\n|turn|15\n|\n|t:|1667097520\n|move|p2a: Volcanion|Earth Power|p1a: Cofagrigus\n|-damage|p1a: Cofagrigus|56\/100\n|move|p1a: Cofagrigus|Toxic Spikes|p2a: Volcanion\n|-sidestart|p2: BTLT6 Undercover|move: Toxic Spikes\n|\n|-weather|Sandstorm|[upkeep]\n|-damage|p2a: Volcanion|64\/100|[from] Sandstorm\n|-damage|p1a: Cofagrigus|50\/100|[from] Sandstorm\n|-heal|p1a: Cofagrigus|56\/100|[from] item: Leftovers\n|upkeep\n|turn|16\n|\n|t:|1667097528\n|switch|p2a: Excadrill|Excadrill, F|88\/100\n|-damage|p2a: Excadrill|85\/100|[from] Stealth Rock\n|switch|p1a: Latios|Latios-Mega, M|100\/100\n|-damage|p1a: Latios|88\/100|[from] Stealth Rock\n|\n|-weather|none\n|upkeep\n|turn|17\n|\n|t:|1667097534\n|move|p1a: Latios|Earthquake|p2a: Excadrill\n|-supereffective|p2a: Excadrill\n|-damage|p2a: Excadrill|9\/100\n|move|p2a: Excadrill|Iron Head|p1a: Latios\n|-damage|p1a: Latios|20\/100\n|-damage|p2a: Excadrill|0 fnt|[from] item: Life Orb\n|faint|p2a: Excadrill\n|\n|upkeep\n|\n|t:|1667097546\n|switch|p2a: Clefable|Clefable, M|77\/100\n|-status|p2a: Clefable|psn\n|turn|18\n|\n|t:|1667097549\n|move|p1a: Latios|Psychic|p2a: Clefable\n|-damage|p2a: Clefable|27\/100 psn\n|move|p2a: Clefable|Moonblast|p1a: Latios\n|-supereffective|p1a: Latios\n|-damage|p1a: Latios|0 fnt\n|faint|p1a: Latios\n|\n|-heal|p2a: Clefable|33\/100 psn|[from] item: Leftovers\n|upkeep\n|\n|t:|1667097554\n|switch|p1a: Tornadus|Tornadus-Therian, M|100\/100\n|-damage|p1a: Tornadus|76\/100|[from] Stealth Rock\n|turn|19\n|\n|t:|1667097558\n|switch|p2a: Tyranitar|Tyranitar-Mega, F|16\/100\n|-damage|p2a: Tyranitar|4\/100|[from] Stealth Rock\n|-status|p2a: Tyranitar|psn\n|-weather|Sandstorm|[from] ability: Sand Stream|[of] p2a: Tyranitar\n|move|p1a: Tornadus|Hurricane|p2a: Tyranitar\n|-resisted|p2a: Tyranitar\n|-damage|p2a: Tyranitar|0 fnt\n|faint|p2a: Tyranitar\n|\n|-weather|Sandstorm|[upkeep]\n|-damage|p1a: Tornadus|69\/100|[from] Sandstorm\n|upkeep\n|\n|t:|1667097564\n|switch|p2a: Volcanion|Volcanion|64\/100\n|-damage|p2a: Volcanion|39\/100|[from] Stealth Rock\n|-status|p2a: Volcanion|psn\n|turn|20\n|\n|t:|1667097568\n|move|p2a: Volcanion|Steam Eruption|p1a: Tornadus\n|-damage|p1a: Tornadus|12\/100\n|move|p1a: Tornadus|Hurricane|p2a: Volcanion\n|-damage|p2a: Volcanion|0 fnt\n|faint|p2a: Volcanion\n|\n|-weather|Sandstorm|[upkeep]\n|-damage|p1a: Tornadus|6\/100|[from] Sandstorm\n|upkeep\n|\n|t:|1667097575\n|switch|p2a: Serperior|Serperior, F|88\/100\n|-damage|p2a: Serperior|76\/100|[from] Stealth Rock\n|-status|p2a: Serperior|psn\n|turn|21\n|\n|t:|1667097585\n|switch|p1a: Cofagrigus|Cofagrigus, F|56\/100\n|-damage|p1a: Cofagrigus|44\/100|[from] Stealth Rock\n|move|p2a: Serperior|Leaf Storm|p1a: Cofagrigus\n|-damage|p1a: Cofagrigus|10\/100\n|-boost|p2a: Serperior|spa|2\n|\n|-weather|Sandstorm|[upkeep]\n|-damage|p2a: Serperior|69\/100 psn|[from] Sandstorm\n|-damage|p1a: Cofagrigus|4\/100|[from] Sandstorm\n|-heal|p1a: Cofagrigus|10\/100|[from] item: Leftovers\n|-damage|p2a: Serperior|57\/100 psn|[from] psn\n|upkeep\n|turn|22\n|\n|t:|1667097589\n|move|p2a: Serperior|Rest|p2a: Serperior\n|-status|p2a: Serperior|slp|[from] move: Rest\n|-heal|p2a: Serperior|100\/100 slp|[silent]\n|-enditem|p2a: Serperior|Chesto Berry|[eat]\n|-curestatus|p2a: Serperior|slp|[msg]\n|move|p1a: Cofagrigus|Hex|p2a: Serperior\n|-damage|p2a: Serperior|80\/100\n|\n|-weather|Sandstorm|[upkeep]\n|-damage|p2a: Serperior|74\/100|[from] Sandstorm\n|-damage|p1a: Cofagrigus|4\/100|[from] Sandstorm\n|-heal|p1a: Cofagrigus|10\/100|[from] item: Leftovers\n|upkeep\n|turn|23\n|\n|t:|1667097600\n|move|p2a: Serperior|Leaf Storm|p1a: Cofagrigus|[miss]\n|-miss|p2a: Serperior|p1a: Cofagrigus\n|move|p1a: Cofagrigus|Hex|p2a: Serperior\n|-damage|p2a: Serperior|51\/100\n|\n|-weather|none\n|-heal|p1a: Cofagrigus|16\/100|[from] item: Leftovers\n|upkeep\n|turn|24\n|\n|t:|1667097604\n|move|p2a: Serperior|Glare|p1a: Cofagrigus\n|-status|p1a: Cofagrigus|par\n|move|p1a: Cofagrigus|Will-O-Wisp|p2a: Serperior\n|-status|p2a: Serperior|brn\n|\n|-heal|p1a: Cofagrigus|22\/100 par|[from] item: Leftovers\n|-damage|p2a: Serperior|39\/100 brn|[from] brn\n|upkeep\n|turn|25\n|\n|t:|1667097608\n|move|p2a: Serperior|Glare|p1a: Cofagrigus\n|-fail|p1a: Cofagrigus|par\n|cant|p1a: Cofagrigus|par\n|\n|-heal|p1a: Cofagrigus|29\/100 par|[from] item: Leftovers\n|-damage|p2a: Serperior|27\/100 brn|[from] brn\n|upkeep\n|turn|26\n|j| AxCypher\n|\n|t:|1667097617\n|move|p2a: Serperior|Glare|p1a: Cofagrigus\n|-fail|p1a: Cofagrigus|par\n|move|p1a: Cofagrigus|Pain Split|p2a: Serperior\n|-sethp|p2a: Serperior|26\/100 brn|[from] move: Pain Split|[silent]\n|-sethp|p1a: Cofagrigus|29\/100 par|[from] move: Pain Split\n|\n|-heal|p1a: Cofagrigus|35\/100 par|[from] item: Leftovers\n|-damage|p2a: Serperior|14\/100 brn|[from] brn\n|upkeep\n|turn|27\n|\n|t:|1667097628\n|move|p2a: Serperior|Glare|p1a: Cofagrigus\n|-fail|p1a: Cofagrigus|par\n|move|p1a: Cofagrigus|Pain Split|p2a: Serperior\n|-sethp|p2a: Serperior|23\/100 brn|[from] move: Pain Split|[silent]\n|-sethp|p1a: Cofagrigus|25\/100 par|[from] move: Pain Split\n|\n|-heal|p1a: Cofagrigus|31\/100 par|[from] item: Leftovers\n|-damage|p2a: Serperior|10\/100 brn|[from] brn\n|upkeep\n|turn|28\n|\n|t:|1667097634\n|move|p2a: Serperior|Glare|p1a: Cofagrigus\n|-fail|p1a: Cofagrigus|par\n|move|p1a: Cofagrigus|Will-O-Wisp|p2a: Serperior\n|-fail|p2a: Serperior|brn\n|\n|-heal|p1a: Cofagrigus|38\/100 par|[from] item: Leftovers\n|-damage|p2a: Serperior|0 fnt|[from] brn\n|faint|p2a: Serperior\n|upkeep\n|\n|t:|1667097636\n|switch|p2a: Clefable|Clefable, M|33\/100 psn\n|turn|29\n|\n|t:|1667097641\n|move|p2a: Clefable|Soft-Boiled|p2a: Clefable\n|-heal|p2a: Clefable|83\/100 psn\n|move|p1a: Cofagrigus|Pain Split|p2a: Clefable\n|-sethp|p2a: Clefable|57\/100 psn|[from] move: Pain Split|[silent]\n|-sethp|p1a: Cofagrigus|70\/100 par|[from] move: Pain Split\n|\n|-heal|p2a: Clefable|63\/100 psn|[from] item: Leftovers\n|-heal|p1a: Cofagrigus|76\/100 par|[from] item: Leftovers\n|upkeep\n|turn|30\n|\n|t:|1667097646\n|switch|p1a: Tornadus|Tornadus-Therian, M|39\/100\n|-damage|p1a: Tornadus|14\/100|[from] Stealth Rock\n|move|p2a: Clefable|Moonblast|p1a: Tornadus\n|-damage|p1a: Tornadus|0 fnt\n|faint|p1a: Tornadus\n|\n|-heal|p2a: Clefable|69\/100 psn|[from] item: Leftovers\n|upkeep\n|\n|t:|1667097648\n|switch|p1a: Volcanion|Volcanion|100\/100 par\n|-damage|p1a: Volcanion|76\/100 par|[from] Stealth Rock\n|turn|31\n|c|\u2606Mimikyu Stardust|gg\n|\n|t:|1667097653\n|move|p2a: Clefable|Knock Off|p1a: Volcanion\n|-damage|p1a: Volcanion|66\/100 par\n|-enditem|p1a: Volcanion|Leftovers|[from] move: Knock Off|[of] p2a: Clefable\n|move|p1a: Volcanion|Steam Eruption|p2a: Clefable|[miss]\n|-miss|p1a: Volcanion|p2a: Clefable\n|\n|-heal|p2a: Clefable|75\/100 psn|[from] item: Leftovers\n|upkeep\n|turn|32\n|-message|Mimikyu Stardust forfeited.\n|\n|win|BTLT6 Undercover\n|raw|Mimikyu Stardust's rating: 1553 &rarr; <strong>1529<\/strong><br \/>(-24 for losing)\n|raw|BTLT6 Undercover's rating: 1477 &rarr; <strong>1501<\/strong><br \/>(+24 for winning)\n|l|\u2606Mimikyu Stardust\n|c|\u2606BTLT6 Undercover|gg\n||Ladder isn't responding, score probably updated but might not have (Request timeout).\n","uploadtime":1667097670,"views":21,"p1id":"mimikyustardust","p2id":"btlt6undercover","formatid":"gen6ou","rating":1501,"private":0,"password":null}