{"id":"gen6ou-1694504210","p1":"BTLT6 sltcv","p2":"Mimikyu Stardust","format":"gen6ou","log":"|j|\u2606BTLT6 sltcv\n|j|\u2606Mimikyu Stardust\n|t:|1666710444\n|gametype|singles\n|player|p1|BTLT6 sltcv|swimmer-gen4dp|\n|player|p2|Mimikyu Stardust|#zuplivbutterfree|\n|teamsize|p1|6\n|teamsize|p2|6\n|gen|6\n|tier|[Gen 6] OU\n|rated|Tournament battle\n|rule|Sleep Clause Mod: Limit one foe put to sleep\n|rule|Species Clause: Limit one of each Pok\u00e9mon\n|rule|OHKO Clause: OHKO moves are banned\n|rule|Moody Clause: Moody is banned\n|rule|Evasion Items Clause: Evasion items are banned\n|rule|Evasion Moves Clause: Evasion moves are banned\n|rule|Endless Battle Clause: Forcing endless battles is banned\n|rule|HP Percentage Mod: HP is shown in percentages\n|rule|Swagger Clause: Swagger is banned\n|clearpoke\n|poke|p1|Slurpuff, F|item\n|poke|p1|Uxie|item\n|poke|p1|Cofagrigus, F|item\n|poke|p1|Linoone, M|item\n|poke|p1|Latias, F|item\n|poke|p1|Gyarados, M|item\n|poke|p2|Magnezone|item\n|poke|p2|Gardevoir, M|item\n|poke|p2|Rotom-Wash|item\n|poke|p2|Landorus-Therian, M|item\n|poke|p2|Latios, M|item\n|poke|p2|Keldeo|item\n|teampreview\n|inactive|Battle timer is ON: inactive players will automatically lose when time's up. (requested by BTLT6 sltcv)\n|c|\u2606BTLT6 sltcv|have fun\n|c|\u2606Mimikyu Stardust|hf\n|j| rpriley1234\n|j| the PDB\n|\n|t:|1666710465\n|start\n|switch|p1a: Cofagrigus|Cofagrigus, F|100\/100\n|switch|p2a: Magnezone|Magnezone|100\/100\n|turn|1\n|\n|t:|1666710475\n|move|p2a: Magnezone|Volt Switch|p1a: Cofagrigus\n|-damage|p1a: Cofagrigus|64\/100\n|c| the PDB|uxie <3\n|\n|t:|1666710480\n|switch|p2a: Keldeo|Keldeo|100\/100|[from]move: Volt Switch\n|move|p1a: Cofagrigus|Toxic Spikes|p2a: Keldeo\n|-sidestart|p2: Mimikyu Stardust|move: Toxic Spikes\n|\n|-heal|p1a: Cofagrigus|70\/100|[from] item: Leftovers\n|upkeep\n|turn|2\n|c|\u2606BTLT6 sltcv|the pdb <3\n|\n|t:|1666710489\n|move|p2a: Keldeo|Hydro Pump|p1a: Cofagrigus\n|-damage|p1a: Cofagrigus|0 fnt\n|faint|p1a: Cofagrigus\n|\n|upkeep\n|\n|t:|1666710497\n|switch|p1a: Gyarados|Gyarados, M|100\/100\n|-ability|p1a: Gyarados|Intimidate|boost\n|-unboost|p2a: Keldeo|atk|1\n|turn|3\n|\n|t:|1666710513\n|switch|p2a: Rotom|Rotom-Wash|100\/100\n|detailschange|p1a: Gyarados|Gyarados-Mega, M\n|-mega|p1a: Gyarados|Gyarados|Gyaradosite\n|-ability|p1a: Gyarados|Mold Breaker\n|move|p1a: Gyarados|Dragon Dance|p1a: Gyarados\n|-boost|p1a: Gyarados|atk|1\n|-boost|p1a: Gyarados|spe|1\n|\n|upkeep\n|turn|4\n|\n|t:|1666710522\n|move|p1a: Gyarados|Earthquake|p2a: Rotom\n|-supereffective|p2a: Rotom\n|-damage|p2a: Rotom|12\/100\n|move|p2a: Rotom|Will-O-Wisp|p1a: Gyarados\n|-status|p1a: Gyarados|brn\n|\n|-heal|p2a: Rotom|18\/100|[from] item: Leftovers\n|-damage|p1a: Gyarados|88\/100 brn|[from] brn\n|upkeep\n|turn|5\n|\n|t:|1666710525\n|switch|p2a: Landorus|Landorus-Therian, M|100\/100\n|-ability|p2a: Landorus|Intimidate|boost\n|-unboost|p1a: Gyarados|atk|1\n|move|p1a: Gyarados|Crunch|p2a: Landorus\n|-damage|p2a: Landorus|83\/100\n|-damage|p1a: Gyarados|71\/100 brn|[from] item: Rocky Helmet|[of] p2a: Landorus\n|\n|-damage|p1a: Gyarados|59\/100 brn|[from] brn\n|upkeep\n|turn|6\n|\n|t:|1666710532\n|switch|p2a: Rotom|Rotom-Wash|18\/100\n|move|p1a: Gyarados|Waterfall|p2a: Rotom\n|-resisted|p2a: Rotom\n|-damage|p2a: Rotom|8\/100\n|\n|-heal|p2a: Rotom|15\/100|[from] item: Leftovers\n|-damage|p1a: Gyarados|47\/100 brn|[from] brn\n|upkeep\n|turn|7\n|\n|t:|1666710537\n|move|p1a: Gyarados|Crunch|p2a: Rotom\n|-damage|p2a: Rotom|0 fnt\n|faint|p2a: Rotom\n|\n|-damage|p1a: Gyarados|34\/100 brn|[from] brn\n|upkeep\n|j| LoFiPanda\n|\n|t:|1666710545\n|switch|p2a: Keldeo|Keldeo|100\/100\n|-status|p2a: Keldeo|psn\n|turn|8\n|l| LoFiPanda\n|\n|t:|1666710548\n|switch|p1a: Latias|Latias, F|100\/100\n|move|p2a: Keldeo|Scald|p1a: Latias\n|-resisted|p1a: Latias\n|-crit|p1a: Latias\n|-damage|p1a: Latias|64\/100\n|-status|p1a: Latias|brn\n|\n|-damage|p2a: Keldeo|88\/100 psn|[from] psn\n|-damage|p1a: Latias|52\/100 brn|[from] brn\n|upkeep\n|turn|9\n|\n|t:|1666710560\n|switch|p2a: Magnezone|Magnezone|100\/100\n|move|p1a: Latias|Healing Wish|p1a: Latias\n|faint|p1a: Latias\n|\n|upkeep\n|\n|t:|1666710562\n|switch|p1a: Gyarados|Gyarados-Mega, M|34\/100 brn\n|-heal|p1a: Gyarados|100\/100|[from] move: Healing Wish\n|-ability|p1a: Gyarados|Mold Breaker\n|turn|10\n|\n|t:|1666710573\n|move|p2a: Magnezone|Thunderbolt|p1a: Gyarados\n|-supereffective|p1a: Gyarados\n|-damage|p1a: Gyarados|20\/100\n|move|p1a: Gyarados|Dragon Dance|p1a: Gyarados\n|-boost|p1a: Gyarados|atk|1\n|-boost|p1a: Gyarados|spe|1\n|\n|upkeep\n|turn|11\n|\n|t:|1666710584\n|move|p1a: Gyarados|Earthquake|p2a: Magnezone\n|-supereffective|p2a: Magnezone\n|-damage|p2a: Magnezone|0 fnt\n|faint|p2a: Magnezone\n|\n|upkeep\n|\n|t:|1666710587\n|switch|p2a: Latios|Latios, M|100\/100\n|turn|12\n|\n|t:|1666710589\n|move|p2a: Latios|Draco Meteor|p1a: Gyarados\n|-crit|p1a: Gyarados\n|-damage|p1a: Gyarados|0 fnt\n|-unboost|p2a: Latios|spa|2\n|faint|p1a: Gyarados\n|\n|upkeep\n|\n|t:|1666710592\n|switch|p1a: Slurpuff|Slurpuff, F|100\/100\n|turn|13\n|\n|t:|1666710605\n|switch|p2a: Landorus|Landorus-Therian, M|83\/100\n|-ability|p2a: Landorus|Intimidate|boost\n|-unboost|p1a: Slurpuff|atk|1\n|move|p1a: Slurpuff|Belly Drum|p1a: Slurpuff\n|-damage|p1a: Slurpuff|50\/100\n|-setboost|p1a: Slurpuff|atk|6|[from] move: Belly Drum\n|-enditem|p1a: Slurpuff|Sitrus Berry|[eat]\n|-heal|p1a: Slurpuff|75\/100|[from] item: Sitrus Berry\n|\n|upkeep\n|turn|14\n|c|\u2606BTLT6 sltcv|cool cool cool\n|\n|t:|1666710608\n|move|p1a: Slurpuff|Play Rough|p2a: Landorus\n|-damage|p2a: Landorus|0 fnt\n|-damage|p1a: Slurpuff|59\/100|[from] item: Rocky Helmet|[of] p2a: Landorus\n|faint|p2a: Landorus\n|\n|upkeep\n|\n|t:|1666710615\n|switch|p2a: Latios|Latios, M|100\/100\n|turn|15\n|\n|t:|1666710618\n|move|p2a: Latios|Psyshock|p1a: Slurpuff\n|-damage|p1a: Slurpuff|11\/100\n|move|p1a: Slurpuff|Play Rough|p2a: Latios\n|-supereffective|p2a: Latios\n|-damage|p2a: Latios|0 fnt\n|faint|p2a: Latios\n|\n|upkeep\n|l| rpriley1234\n|\n|t:|1666710628\n|switch|p2a: Keldeo|Keldeo|88\/100 psn\n|turn|16\n|j| rpriley1234\n|\n|t:|1666710636\n|move|p1a: Slurpuff|Play Rough|p2a: Keldeo\n|-supereffective|p2a: Keldeo\n|-damage|p2a: Keldeo|0 fnt\n|faint|p2a: Keldeo\n|\n|upkeep\n|l| rpriley1234\n|j| Not Savouras\n|c|\u2606BTLT6 sltcv|good game\n|\n|t:|1666710641\n|switch|p2a: Gardevoir|Gardevoir, M|100\/100\n|-status|p2a: Gardevoir|psn\n|-ability|p2a: Gardevoir|Unburden|[from] ability: Trace|[of] p1a: Slurpuff\n|turn|17\n|\n|t:|1666710643\n|detailschange|p2a: Gardevoir|Gardevoir-Mega, M\n|-mega|p2a: Gardevoir|Gardevoir|Gardevoirite\n|move|p1a: Slurpuff|Return|p2a: Gardevoir\n|-damage|p2a: Gardevoir|0 fnt\n|faint|p2a: Gardevoir\n|\n|win|BTLT6 sltcv\n|n|\u2606BTLT6 sltcv|btlt6sltcv\n|n|\u2606Mimikyu Stardust|mimikyustardust\n|n| the PDB|thepdb\n|n| Not Savouras|notsavouras\n|c|\u2606Mimikyu Stardust|gg\n","uploadtime":1666710646,"views":16,"p1id":"btlt6sltcv","p2id":"mimikyustardust","formatid":"gen6ou","rating":0,"private":0,"password":null}