{"id":"gen6ou-1230136566","p1":"ez","p2":"relic stone","format":"gen6ou","log":"|j|\u2606ez\n|j|\u2606relic stone\n|t:|1606184097\n|player|p1|ez|ethan|\n|player|p2|relic stone|swimmer-gen4dp|\n|teamsize|p1|6\n|teamsize|p2|6\n|gametype|singles\n|gen|6\n|tier|[Gen 6] OU\n|clearpoke\n|poke|p1|Volcarona, F|item\n|poke|p1|Bisharp, M|item\n|poke|p1|Serperior, M|item\n|poke|p1|Pinsir, M|item\n|poke|p1|Starmie|item\n|poke|p1|Landorus-Therian, M|item\n|poke|p2|Empoleon, M|item\n|poke|p2|Meloetta|item\n|poke|p2|Altaria, M|item\n|poke|p2|Dragonite, M|item\n|poke|p2|Magnezone|item\n|poke|p2|Gengar, M|item\n|rule|Sleep Clause Mod: Limit one foe put to sleep\n|rule|Species Clause: Limit one of each Pok\u00e9mon\n|rule|OHKO Clause: OHKO moves are banned\n|rule|Moody Clause: Moody is banned\n|rule|Evasion Moves Clause: Evasion moves are banned\n|rule|Endless Battle Clause: Forcing endless battles is banned\n|rule|HP Percentage Mod: HP is shown in percentages\n|rule|Swagger Clause: Swagger is banned\n|teampreview\n|j|+thankyou\n|j|+ninjadog\n|j| rival b\n|\n|t:|1606184142\n|start\n|switch|p1a: Landorus|Landorus-Therian, M|100\/100\n|switch|p2a: Trident|Empoleon, M, shiny|100\/100\n|-ability|p1a: Landorus|Intimidate|boost\n|-unboost|p2a: Trident|atk|1\n|turn|1\n|\n|t:|1606184157\n|move|p1a: Landorus|Imprison|p1a: Landorus\n|-start|p1a: Landorus|move: Imprison\n|move|p2a: Trident|Scald|p1a: Landorus\n|-supereffective|p1a: Landorus\n|-damage|p1a: Landorus|17\/100\n|\n|upkeep\n|turn|2\n|\n|t:|1606184167\n|move|p1a: Landorus|Stealth Rock|p2a: Trident\n|-sidestart|p2: relic stone|move: Stealth Rock\n|move|p2a: Trident|Scald|p1a: Landorus\n|-supereffective|p1a: Landorus\n|-damage|p1a: Landorus|0 fnt\n|faint|p1a: Landorus\n|\n|upkeep\n|\n|t:|1606184177\n|switch|p1a: Serperior|Serperior, M|100\/100\n|turn|3\n|\n|t:|1606184197\n|move|p1a: Serperior|Light Screen|p1a: Serperior\n|-sidestart|p1: ez|move: Light Screen\n|move|p2a: Trident|Defog|p1a: Serperior\n|-boost|p1a: Serperior|evasion|1\n|-sideend|p1: ez|move: Light Screen\n|-sideend|p2: relic stone|Stealth Rock|[from] move: Defog|[of] p2a: Trident\n|\n|upkeep\n|turn|4\n|j| 100percentpureheat\n|j| russiadog\n|\n|t:|1606184206\n|move|p1a: Serperior|Light Screen|p1a: Serperior\n|-sidestart|p1: ez|move: Light Screen\n|move|p2a: Trident|Stealth Rock|p1a: Serperior\n|-sidestart|p1: ez|move: Stealth Rock\n|\n|upkeep\n|turn|5\n|j| victorperezrio\n|\n|t:|1606184211\n|move|p2a: Trident|Protect|p2a: Trident\n|-singleturn|p2a: Trident|Protect\n|move|p1a: Serperior|Leaf Storm|p2a: Trident\n|-activate|p2a: Trident|move: Protect\n|\n|upkeep\n|turn|6\n|\n|t:|1606184215\n|switch|p2a: Crane|Altaria, M, shiny|100\/100\n|-ability|p2a: Crane|Cloud Nine\n|move|p1a: Serperior|Leaf Storm|p2a: Crane\n|-resisted|p2a: Crane\n|-damage|p2a: Crane|93\/100\n|-boost|p1a: Serperior|spa|2\n|\n|upkeep\n|turn|7\n|\n|t:|1606184218\n|move|p1a: Serperior|Glare|p2a: Crane\n|-status|p2a: Crane|par\n|cant|p2a: Crane|par\n|\n|upkeep\n|turn|8\n|\n|t:|1606184223\n|move|p1a: Serperior|Reflect|p1a: Serperior\n|-sidestart|p1: ez|Reflect\n|move|p2a: Crane|Dragon Dance|p2a: Crane\n|-boost|p2a: Crane|atk|1\n|-boost|p2a: Crane|spe|1\n|\n|upkeep\n|turn|9\n|\n|t:|1606184230\n|switch|p1a: Bisharp|Bisharp, M|100\/100\n|-damage|p1a: Bisharp|95\/100|[from] Stealth Rock\n|move|p2a: Crane|Roost|p2a: Crane\n|-heal|p2a: Crane|100\/100 par\n|-singleturn|p2a: Crane|move: Roost\n|\n|upkeep\n|turn|10\n|\n|t:|1606184236\n|move|p1a: Bisharp|Swords Dance|p1a: Bisharp\n|-boost|p1a: Bisharp|atk|2\n|move|p2a: Crane|Dragon Dance|p2a: Crane\n|-boost|p2a: Crane|atk|1\n|-boost|p2a: Crane|spe|1\n|\n|upkeep\n|turn|11\n|\n|t:|1606184241\n|detailschange|p2a: Crane|Altaria-Mega, M, shiny\n|-mega|p2a: Crane|Altaria|Altarianite\n|move|p1a: Bisharp|Iron Head|p2a: Crane\n|-supereffective|p2a: Crane\n|-damage|p2a: Crane|0 fnt\n|faint|p2a: Crane\n|\n|-sideend|p1: ez|move: Light Screen\n|upkeep\n|\n|t:|1606184247\n|switch|p2a: Lockdown|Dragonite, M|100\/100\n|turn|12\n|\n|t:|1606184273\n|move|p2a: Lockdown|Superpower|p1a: Bisharp\n|-supereffective|p1a: Bisharp\n|-damage|p1a: Bisharp|0 fnt\n|-unboost|p2a: Lockdown|atk|1\n|-unboost|p2a: Lockdown|def|1\n|faint|p1a: Bisharp\n|\n|upkeep\n|c|\u2606ez|LOL\n|\n|t:|1606184288\n|switch|p1a: Starmie|Starmie|100\/100\n|-damage|p1a: Starmie|88\/100|[from] Stealth Rock\n|turn|13\n|\n|t:|1606184293\n|switch|p2a: Trident|Empoleon, M, shiny|100\/100\n|move|p1a: Starmie|Hydro Pump|p2a: Trident\n|-resisted|p2a: Trident\n|-damage|p2a: Trident|69\/100\n|-damage|p1a: Starmie|78\/100|[from] item: Life Orb\n|\n|upkeep\n|turn|14\n|\n|t:|1606184304\n|move|p1a: Starmie|Rapid Spin|p2a: Trident\n|-resisted|p2a: Trident\n|-crit|p2a: Trident\n|-damage|p2a: Trident|67\/100\n|-sideend|p1: ez|Stealth Rock|[from] move: Rapid Spin|[of] p1a: Starmie\n|-damage|p1a: Starmie|68\/100|[from] item: Life Orb\n|move|p2a: Trident|Stealth Rock|p1a: Starmie\n|-sidestart|p1: ez|move: Stealth Rock\n|\n|upkeep\n|turn|15\n|j| fish18\n|\n|t:|1606184311\n|move|p1a: Starmie|Thunderbolt|p2a: Trident\n|-supereffective|p2a: Trident\n|-damage|p2a: Trident|12\/100\n|-damage|p1a: Starmie|58\/100|[from] item: Life Orb\n|move|p2a: Trident|Scald|p1a: Starmie\n|-resisted|p1a: Starmie\n|-damage|p1a: Starmie|26\/100\n|\n|-sideend|p1: ez|Reflect\n|upkeep\n|turn|16\n|\n|t:|1606184319\n|move|p1a: Starmie|Thunderbolt|p2a: Trident\n|-supereffective|p2a: Trident\n|-damage|p2a: Trident|0 fnt\n|-damage|p1a: Starmie|16\/100|[from] item: Life Orb\n|faint|p2a: Trident\n|\n|upkeep\n|\n|t:|1606184323\n|switch|p2a: Lockdown|Dragonite, M|100\/100\n|turn|17\n|\n|t:|1606184350\n|move|p2a: Lockdown|Extreme Speed|p1a: Starmie\n|-damage|p1a: Starmie|0 fnt\n|faint|p1a: Starmie\n|\n|upkeep\n|\n|t:|1606184353\n|switch|p1a: Serperior|Serperior, M|100\/100\n|-damage|p1a: Serperior|88\/100|[from] Stealth Rock\n|turn|18\n|\n|t:|1606184359\n|switch|p2a: Grimlock|Magnezone, shiny|100\/100\n|move|p1a: Serperior|Reflect|p1a: Serperior\n|-sidestart|p1: ez|Reflect\n|\n|upkeep\n|turn|19\n|\n|t:|1606184365\n|move|p1a: Serperior|Light Screen|p1a: Serperior\n|-sidestart|p1: ez|move: Light Screen\n|move|p2a: Grimlock|Flash Cannon|p1a: Serperior\n|-damage|p1a: Serperior|70\/100\n|\n|upkeep\n|turn|20\n|\n|t:|1606184370\n|move|p1a: Serperior|Leaf Storm|p2a: Grimlock\n|-resisted|p2a: Grimlock\n|-damage|p2a: Grimlock|79\/100\n|-boost|p1a: Serperior|spa|2\n|move|p2a: Grimlock|Flash Cannon|p1a: Serperior\n|-damage|p1a: Serperior|50\/100\n|\n|-heal|p2a: Grimlock|85\/100|[from] item: Leftovers\n|upkeep\n|turn|21\n|\n|t:|1606184376\n|move|p1a: Serperior|Leaf Storm|p2a: Grimlock|[miss]\n|-miss|p1a: Serperior|p2a: Grimlock\n|move|p2a: Grimlock|Flash Cannon|p1a: Serperior\n|-damage|p1a: Serperior|30\/100\n|\n|-heal|p2a: Grimlock|91\/100|[from] item: Leftovers\n|upkeep\n|turn|22\n|\n|t:|1606184379\n|move|p1a: Serperior|Leaf Storm|p2a: Grimlock\n|-resisted|p2a: Grimlock\n|-damage|p2a: Grimlock|45\/100\n|-boost|p1a: Serperior|spa|2\n|move|p2a: Grimlock|Flash Cannon|p1a: Serperior\n|-crit|p1a: Serperior\n|-damage|p1a: Serperior|0 fnt\n|faint|p1a: Serperior\n|\n|-heal|p2a: Grimlock|51\/100|[from] item: Leftovers\n|upkeep\n|\n|t:|1606184385\n|switch|p1a: Volcarona|Volcarona, F|100\/100\n|-damage|p1a: Volcarona|51\/100|[from] Stealth Rock\n|turn|23\n|j| samqian\n|\n|t:|1606184398\n|switch|p2a: Lockdown|Dragonite, M|100\/100\n|move|p1a: Volcarona|Quiver Dance|p1a: Volcarona\n|-boost|p1a: Volcarona|spa|1\n|-boost|p1a: Volcarona|spd|1\n|-boost|p1a: Volcarona|spe|1\n|\n|upkeep\n|turn|24\n|\n|t:|1606184412\n|switch|p2a: Grimlock|Magnezone, shiny|51\/100\n|move|p1a: Volcarona|Bug Buzz|p2a: Grimlock\n|-resisted|p2a: Grimlock\n|-damage|p2a: Grimlock|9\/100\n|\n|-heal|p2a: Grimlock|16\/100|[from] item: Leftovers\n|upkeep\n|turn|25\n|\n|t:|1606184422\n|move|p1a: Volcarona|Substitute|p1a: Volcarona\n|-start|p1a: Volcarona|Substitute\n|-damage|p1a: Volcarona|26\/100\n|move|p2a: Grimlock|Charge Beam|p1a: Volcarona\n|-activate|p1a: Volcarona|move: Substitute|[damage]\n|-boost|p2a: Grimlock|spa|1\n|\n|-heal|p2a: Grimlock|22\/100|[from] item: Leftovers\n|-sideend|p1: ez|Reflect\n|upkeep\n|turn|26\n|\n|t:|1606184431\n|move|p1a: Volcarona|Fiery Dance|p2a: Grimlock\n|-supereffective|p2a: Grimlock\n|-damage|p2a: Grimlock|0 fnt\n|faint|p2a: Grimlock\n|\n|-sideend|p1: ez|move: Light Screen\n|upkeep\n|\n|t:|1606184433\n|switch|p2a: Lockdown|Dragonite, M|100\/100\n|turn|27\n|j| EG Jhonx\n|\n|t:|1606184438\n|move|p2a: Lockdown|Extreme Speed|p1a: Volcarona\n|-end|p1a: Volcarona|Substitute\n|move|p1a: Volcarona|Fiery Dance|p2a: Lockdown\n|-resisted|p2a: Lockdown\n|-damage|p2a: Lockdown|81\/100\n|\n|upkeep\n|turn|28\n|\n|t:|1606184444\n|move|p2a: Lockdown|Extreme Speed|p1a: Volcarona\n|-damage|p1a: Volcarona|0 fnt\n|-status|p2a: Lockdown|brn|[from] ability: Flame Body|[of] p1a: Volcarona\n|faint|p1a: Volcarona\n|\n|-damage|p2a: Lockdown|69\/100 brn|[from] brn\n|upkeep\n|\n|t:|1606184446\n|switch|p1a: Pinsir|Pinsir, M|100\/100\n|-damage|p1a: Pinsir|76\/100|[from] Stealth Rock\n|turn|29\n|\n|t:|1606184458\n|detailschange|p1a: Pinsir|Pinsir-Mega, M\n|-mega|p1a: Pinsir|Pinsir|Pinsirite\n|move|p2a: Lockdown|Extreme Speed|p1a: Pinsir\n|-damage|p1a: Pinsir|50\/100\n|move|p1a: Pinsir|Swords Dance|p1a: Pinsir\n|-boost|p1a: Pinsir|atk|2\n|\n|-damage|p2a: Lockdown|57\/100 brn|[from] brn\n|upkeep\n|turn|30\n|\n|t:|1606184470\n|move|p2a: Lockdown|Extreme Speed|p1a: Pinsir\n|-damage|p1a: Pinsir|23\/100\n|move|p1a: Pinsir|Frustration|p2a: Lockdown\n|-damage|p2a: Lockdown|0 fnt\n|faint|p2a: Lockdown\n|\n|upkeep\n|l| fish18\n|\n|t:|1606184477\n|switch|p2a: Calamity|Meloetta|100\/100\n|turn|31\n|\n|t:|1606184512\n|move|p1a: Pinsir|Frustration|p2a: Calamity\n|-damage|p2a: Calamity|0 fnt\n|faint|p2a: Calamity\n|\n|upkeep\n|\n|t:|1606184515\n|switch|p2a: Kage|Gengar, M, shiny|100\/100\n|turn|32\n|\n|t:|1606184519\n|move|p1a: Pinsir|Quick Attack|p2a: Kage\n|-damage|p2a: Kage|0 fnt\n|faint|p2a: Kage\n|\n|win|ez\n|c|\u2606ez|g\n|l| rival b\n|c|\u2606relic stone|ggs\n|l|\u2606ez\n|l|+thankyou\n|l|+ninjadog\n|l| russiadog\n|l| EG Jhonx\n|l| samqian\n|j|\u2606ez\n|player|p1|ez|ethan\n","uploadtime":1606184626,"views":969,"p1id":"ez","p2id":"relicstone","formatid":"gen6ou","rating":0,"private":0,"password":null}