{"id":"gen6ubers-1656219511","p1":"Lasen","p2":"Raph369","format":"gen6ubers","log":"|j|\u2606Lasen\n|j|\u2606Raph369\n|t:|1662329790\n|gametype|singles\n|player|p1|Lasen|steven-masters|\n|player|p2|Raph369|archer|\n|teamsize|p1|6\n|teamsize|p2|6\n|gen|6\n|tier|[Gen 6] Ubers\n|rated|Tournament battle\n|rule|Sleep Clause Mod: Limit one foe put to sleep\n|rule|Species Clause: Limit one of each Pok\u00e9mon\n|rule|OHKO Clause: OHKO moves are banned\n|rule|Moody Clause: Moody is banned\n|rule|Evasion Items Clause: Evasion items are banned\n|rule|Evasion Moves Clause: Evasion moves are banned\n|rule|Endless Battle Clause: Forcing endless battles is banned\n|rule|HP Percentage Mod: HP is shown in percentages\n|rule|Swagger Clause: Swagger is banned\n|rule|Mega Rayquaza Clause: You cannot mega evolve Rayquaza\n|clearpoke\n|poke|p1|Groudon|item\n|poke|p1|Arceus-*|item\n|poke|p1|Kyogre|item\n|poke|p1|Terrakion|item\n|poke|p1|Salamence, M|item\n|poke|p1|Ditto|item\n|poke|p2|Mewtwo|item\n|poke|p2|Groudon|item\n|poke|p2|Arceus-*|item\n|poke|p2|Yveltal|item\n|poke|p2|Cloyster, F|item\n|poke|p2|Xerneas-*|item\n|teampreview\n|inactive|Battle timer is ON: inactive players will automatically lose when time's up. (requested by Lasen)\n|j| Hi ima tom\n|c|\u2606Lasen|hf\n|c|\u2606Raph369|https:\/\/www.youtube.com\/watch?v=9Z-NbQvhzKM\n|j| LeBarBURR2\n|c|\u2606Raph369|LASEN\n|c|\u2606Raph369|hf\n|\n|t:|1662329820\n|start\n|switch|p1a: Kyogre|Kyogre, shiny|100\/100\n|switch|p2a: Cloyster|Cloyster, F, shiny|100\/100\n|detailschange|p1a: Kyogre|Kyogre-Primal, shiny\n|-primal|p1a: Kyogre\n|-weather|PrimordialSea|[from] ability: Primordial Sea|[of] p1a: Kyogre\n|turn|1\n|j| ILoveMashing\u2764\n|\n|t:|1662329824\n|move|p1a: Kyogre|Water Spout|p2a: Cloyster\n|-resisted|p2a: Cloyster\n|-enditem|p2a: Cloyster|Focus Sash\n|-damage|p2a: Cloyster|1\/100\n|move|p2a: Cloyster|Shell Smash|p2a: Cloyster\n|-unboost|p2a: Cloyster|def|1\n|-unboost|p2a: Cloyster|spd|1\n|-boost|p2a: Cloyster|atk|2\n|-boost|p2a: Cloyster|spa|2\n|-boost|p2a: Cloyster|spe|2\n|\n|-weather|PrimordialSea|[upkeep]\n|upkeep\n|turn|2\n|\n|t:|1662329828\n|move|p2a: Cloyster|Toxic Spikes|p1a: Kyogre\n|-sidestart|p1: Lasen|move: Toxic Spikes\n|move|p1a: Kyogre|Ice Beam|p2a: Cloyster\n|-resisted|p2a: Cloyster\n|-damage|p2a: Cloyster|0 fnt\n|faint|p2a: Cloyster\n|\n|-weather|PrimordialSea|[upkeep]\n|upkeep\n|c|\u2606Raph369|I have the song rn\n|c|\u2606Raph369|max sound\n|c|\u2606Lasen|it's how I found out\n|\n|t:|1662329844\n|switch|p2a: Groudon|Groudon|100\/100\n|detailschange|p2a: Groudon|Groudon-Primal\n|-primal|p2a: Groudon\n|-weather|DesolateLand|[from] ability: Desolate Land|[of] p2a: Groudon\n|turn|3\n|c|\u2606Lasen|what the french name for the river is\n|c|\u2606Lasen|at age uh\n|c|\u2606Lasen|13?\n|c|\u2606Raph369|LA SEINE LA SEINE LA SEINE\n|\n|t:|1662329857\n|move|p1a: Kyogre|Ice Beam|p2a: Groudon\n|-damage|p2a: Groudon|74\/100\n|move|p2a: Groudon|Stealth Rock|p1a: Kyogre\n|-sidestart|p1: Lasen|move: Stealth Rock\n|\n|-weather|DesolateLand|[upkeep]\n|upkeep\n|turn|4\n|\n|t:|1662329860\n|move|p1a: Kyogre|Ice Beam|p2a: Groudon\n|-damage|p2a: Groudon|49\/100\n|move|p2a: Groudon|Roar|p1a: Kyogre\n|drag|p1a: Terrakion|Terrakion|100\/100\n|-status|p1a: Terrakion|psn\n|-damage|p1a: Terrakion|94\/100 psn|[from] Stealth Rock\n|\n|-weather|DesolateLand|[upkeep]\n|-damage|p1a: Terrakion|82\/100 psn|[from] psn\n|upkeep\n|turn|5\n|\n|t:|1662329869\n|move|p1a: Terrakion|Earthquake|p2a: Groudon\n|-supereffective|p2a: Groudon\n|-damage|p2a: Groudon|3\/100\n|move|p2a: Groudon|Precipice Blades|p1a: Terrakion\n|-supereffective|p1a: Terrakion\n|-damage|p1a: Terrakion|0 fnt\n|faint|p1a: Terrakion\n|\n|-weather|DesolateLand|[upkeep]\n|upkeep\n|\n|t:|1662329875\n|switch|p1a: Salamence|Salamence, M|100\/100\n|-damage|p1a: Salamence|76\/100|[from] Stealth Rock\n|-ability|p1a: Salamence|Intimidate|boost\n|-unboost|p2a: Groudon|atk|1\n|turn|6\n|\n|t:|1662329877\n|detailschange|p1a: Salamence|Salamence-Mega, M\n|-mega|p1a: Salamence|Salamence|Salamencite\n|move|p1a: Salamence|Defog|p2a: Groudon\n|-unboost|p2a: Groudon|evasion|1\n|-sideend|p1: Lasen|Toxic Spikes|[from] move: Defog|[of] p1a: Salamence\n|-sideend|p1: Lasen|Stealth Rock|[from] move: Defog|[of] p1a: Salamence\n|move|p2a: Groudon|Roar|p1a: Salamence\n|drag|p1a: Ditto|Ditto|100\/100\n|-transform|p1a: Ditto|p2a: Groudon|[from] ability: Imposter\n|\n|-weather|DesolateLand|[upkeep]\n|upkeep\n|turn|7\n|\n|t:|1662329884\n|move|p1a: Ditto|Lava Plume|p2a: Groudon\n|-resisted|p2a: Groudon\n|-crit|p2a: Groudon\n|-damage|p2a: Groudon|0 fnt\n|faint|p2a: Groudon\n|\n|-weather|DesolateLand|[upkeep]\n|upkeep\n|\n|t:|1662329895\n|switch|p2a: Arceus|Arceus-Ghost|100\/100\n|turn|8\n|\n|t:|1662329902\n|move|p2a: Arceus|Swords Dance|p2a: Arceus\n|-boost|p2a: Arceus|atk|2\n|move|p1a: Ditto|Lava Plume|p2a: Arceus\n|-damage|p2a: Arceus|62\/100\n|\n|-weather|DesolateLand|[upkeep]\n|upkeep\n|turn|9\n|\n|t:|1662329911\n|move|p2a: Arceus|Extreme Speed|p1a: Ditto\n|-damage|p1a: Ditto|59\/100\n|move|p1a: Ditto|Lava Plume|p2a: Arceus\n|-damage|p2a: Arceus|24\/100\n|-status|p2a: Arceus|brn\n|\n|-weather|DesolateLand|[upkeep]\n|-damage|p2a: Arceus|12\/100 brn|[from] brn\n|upkeep\n|turn|10\n|\n|t:|1662329917\n|-weather|none\n|switch|p1a: Salamence|Salamence-Mega, M|76\/100\n|move|p2a: Arceus|Extreme Speed|p1a: Salamence\n|-damage|p1a: Salamence|61\/100\n|\n|-damage|p2a: Arceus|0 fnt|[from] brn\n|faint|p2a: Arceus\n|upkeep\n|\n|t:|1662329921\n|switch|p2a: Mewtwo|Mewtwo|100\/100\n|-ability|p2a: Mewtwo|Unnerve\n|turn|11\n|c|\u2606Raph369|tudutututudutututudutututu\n|\n|t:|1662329929\n|detailschange|p2a: Mewtwo|Mewtwo-Mega-Y\n|-mega|p2a: Mewtwo|Mewtwo|Mewtwonite Y\n|move|p2a: Mewtwo|Ice Beam|p1a: Salamence\n|-supereffective|p1a: Salamence\n|-damage|p1a: Salamence|0 fnt\n|faint|p1a: Salamence\n|\n|upkeep\n|\n|t:|1662329941\n|switch|p1a: Kyogre|Kyogre-Primal, shiny|100\/100\n|-weather|PrimordialSea|[from] ability: Primordial Sea|[of] p1a: Kyogre\n|turn|12\n|c|\u2606Raph369|LA SEINE ET MOI\n|\n|t:|1662329950\n|move|p2a: Mewtwo|Psystrike|p1a: Kyogre\n|-damage|p1a: Kyogre|20\/100\n|move|p1a: Kyogre|Origin Pulse|p2a: Mewtwo\n|-damage|p2a: Mewtwo|13\/100\n|\n|-weather|PrimordialSea|[upkeep]\n|upkeep\n|turn|13\n|\n|t:|1662329954\n|move|p2a: Mewtwo|Psystrike|p1a: Kyogre\n|-damage|p1a: Kyogre|0 fnt\n|faint|p1a: Kyogre\n|-weather|none\n|\n|upkeep\n|\n|t:|1662329957\n|switch|p1a: Ditto|Ditto|59\/100\n|-transform|p1a: Ditto|p2a: Mewtwo|[from] ability: Imposter\n|turn|14\n|j| Glass Soldier\n|\n|t:|1662329972\n|move|p1a: Ditto|Ice Beam|p2a: Mewtwo\n|-crit|p2a: Mewtwo\n|-damage|p2a: Mewtwo|0 fnt\n|faint|p2a: Mewtwo\n|\n|upkeep\n|\n|t:|1662329985\n|switch|p2a: Yveltal|Yveltal|100\/100\n|-ability|p2a: Yveltal|Dark Aura\n|turn|15\n|c|\u2606Raph369|NO THE SONG IS OVER\n|c|\u2606Raph369|I SHOULD FF\n|\n|t:|1662330000\n|move|p2a: Yveltal|Sucker Punch|p1a: Ditto\n|-supereffective|p1a: Ditto\n|-damage|p1a: Ditto|0 fnt\n|faint|p1a: Ditto\n|-damage|p2a: Yveltal|91\/100|[from] item: Life Orb\n|\n|upkeep\n|\n|t:|1662330010\n|switch|p1a: Arceus|Arceus-Ground|100\/100\n|turn|16\n|\n|t:|1662330020\n|move|p1a: Arceus|Stone Edge|p2a: Yveltal\n|-supereffective|p2a: Yveltal\n|-damage|p2a: Yveltal|35\/100\n|move|p2a: Yveltal|Oblivion Wing|p1a: Arceus\n|-damage|p1a: Arceus|52\/100\n|-heal|p2a: Yveltal|69\/100|[from] drain|[of] p1a: Arceus\n|-damage|p2a: Yveltal|60\/100|[from] item: Life Orb\n|\n|upkeep\n|turn|17\n|c|\u2606Raph369|hmmmmmmmmmmmmmm\n|inactive|Raph369 has 120 seconds left.\n|c|\u2606Raph369|hmmmmmmmmmmmmmmmmmmmmmmmm\n|inactive|Raph369 has 90 seconds left.\n|\n|t:|1662330076\n|move|p1a: Arceus|Stone Edge|p2a: Yveltal\n|-supereffective|p2a: Yveltal\n|-damage|p2a: Yveltal|2\/100\n|move|p2a: Yveltal|Oblivion Wing|p1a: Arceus\n|-damage|p1a: Arceus|9\/100\n|-heal|p2a: Yveltal|33\/100|[from] drain|[of] p1a: Arceus\n|-damage|p2a: Yveltal|23\/100|[from] item: Life Orb\n|\n|upkeep\n|turn|18\n|c|\u2606Raph369|no recover\n|inactive|Raph369 has 90 seconds left.\n|c|\u2606Raph369|like a REAL MAN\n|\n|t:|1662330090\n|move|p2a: Yveltal|Sucker Punch||[still]\n|-fail|p2a: Yveltal\n|move|p1a: Arceus|Recover|p1a: Arceus\n|-heal|p1a: Arceus|60\/100\n|\n|upkeep\n|turn|19\n|c|\u2606Lasen|should have been\n|c|\u2606Lasen|espeed\n|c|\u2606Raph369|you are not a real man...\n|c|\u2606Lasen|lol\n|inactive|Raph369 has 90 seconds left.\n|c|\u2606Raph369|CRIT\n|\n|t:|1662330107\n|switch|p2a: Xerneas|Xerneas|100\/100\n|-ability|p2a: Xerneas|Fairy Aura\n|move|p1a: Arceus|Stone Edge|p2a: Xerneas\n|-damage|p2a: Xerneas|75\/100\n|\n|upkeep\n|turn|20\n|inactive|Raph369 has 90 seconds left.\n|j| FrostedC\n|\n|t:|1662330120\n|move|p1a: Arceus|Earthquake|p2a: Xerneas\n|-damage|p2a: Xerneas|28\/100\n|move|p2a: Xerneas|Geomancy||[still]\n|-prepare|p2a: Xerneas|Geomancy\n|-enditem|p2a: Xerneas|Power Herb\n|-anim|p2a: Xerneas|Geomancy|p2a: Xerneas\n|-boost|p2a: Xerneas|spa|2\n|-boost|p2a: Xerneas|spd|2\n|-boost|p2a: Xerneas|spe|2\n|\n|upkeep\n|turn|21\n|\n|t:|1662330124\n|move|p2a: Xerneas|Moonblast|p1a: Arceus\n|-crit|p1a: Arceus\n|-damage|p1a: Arceus|0 fnt\n|faint|p1a: Arceus\n|\n|upkeep\n|l| FrostedC\n|\n|t:|1662330126\n|switch|p1a: Groudon|Groudon, shiny|100\/100\n|detailschange|p1a: Groudon|Groudon-Primal, shiny\n|-primal|p1a: Groudon\n|-weather|DesolateLand|[from] ability: Desolate Land|[of] p1a: Groudon\n|turn|22\n|\n|t:|1662330129\n|move|p2a: Xerneas|Moonblast|p1a: Groudon\n|-resisted|p1a: Groudon\n|-damage|p1a: Groudon|29\/100\n|move|p1a: Groudon|Fire Punch|p2a: Xerneas\n|-damage|p2a: Xerneas|0 fnt\n|faint|p2a: Xerneas\n|\n|-weather|DesolateLand|[upkeep]\n|upkeep\n|\n|t:|1662330133\n|switch|p2a: Yveltal|Yveltal|23\/100\n|-ability|p2a: Yveltal|Dark Aura\n|turn|23\n|\n|t:|1662330141\n|move|p2a: Yveltal|Sucker Punch|p1a: Groudon\n|-damage|p1a: Groudon|0 fnt\n|faint|p1a: Groudon\n|-weather|none\n|-damage|p2a: Yveltal|13\/100|[from] item: Life Orb\n|\n|win|Raph369\n|n|\u2606Lasen|lasen\n|n|\u2606Raph369|raph369\n|n| Hi ima tom|hiimatom\n|n| LeBarBURR2|lebarburr2\n|n| ILoveMashing\u2764|ilovemashing\n|n| Glass Soldier|glasssoldier\n","uploadtime":1662330142,"views":19,"p1id":"lasen","p2id":"raph369","formatid":"gen6ubers","rating":0,"private":0,"password":null}