{"id":"gen6purehackmons-1705342968","p1":"MurderousMantyke","p2":"Smalldick guy","format":"gen6purehackmons","log":"|j|\u2606MurderousMantyke\n|j|\u2606Smalldick guy\n|t:|1667868666\n|gametype|singles\n|player|p1|MurderousMantyke|#helpstaff|1594\n|player|p2|Smalldick guy|265|1459\n|teamsize|p1|6\n|teamsize|p2|6\n|gen|6\n|tier|[Gen 6] Pure Hackmons\n|rated|\n|rule|HP Percentage Mod: HP is shown in percentages\n|rule|Endless Battle Clause: Forcing endless battles is banned\n|clearpoke\n|poke|p1|Mewtwo-Mega-X|item\n|poke|p1|Gardevoir-Mega, M|item\n|poke|p1|Gyarados-Mega, M|item\n|poke|p1|Giratina|item\n|poke|p1|Xerneas-*|item\n|poke|p1|Scizor-Mega, F|item\n|poke|p2|Regigigas|item\n|poke|p2|Groudon-Primal|item\n|poke|p2|Mewtwo-Mega-X|item\n|poke|p2|Regigigas|item\n|poke|p2|Banette-Mega, M|item\n|poke|p2|Scizor-Mega, M|item\n|teampreview\n|inactive|Battle timer is ON: inactive players will automatically lose when time's up. (requested by Smalldick guy)\n|j| oTst\n|inactive|MurderousMantyke has 120 seconds left.\n|c|\u2606MurderousMantyke|hf\n|\n|t:|1667868708\n|start\n|switch|p1a: American Boy|Mewtwo-Mega-X|100\/100\n|switch|p2a: Regigigas|Regigigas|100\/100\n|-ability|p2a: Regigigas|Mold Breaker\n|turn|1\n|\n|t:|1667868713\n|move|p2a: Regigigas|Fake Out|p1a: American Boy\n|-damage|p1a: American Boy|72\/100\n|cant|p1a: American Boy|flinch\n|\n|upkeep\n|turn|2\n|\n|t:|1667868717\n|move|p2a: Regigigas|Extreme Speed|p1a: American Boy\n|-damage|p1a: American Boy|17\/100\n|move|p1a: American Boy|Low Kick|p2a: Regigigas\n|-supereffective|p2a: Regigigas\n|-damage|p2a: Regigigas|0 fnt\n|faint|p2a: Regigigas\n|\n|upkeep\n|\n|t:|1667868725\n|switch|p2a: Regigigas|Regigigas|100\/100\n|turn|3\n|\n|t:|1667868730\n|switch|p1a: Come Over|Scizor-Mega, F|100\/100\n|move|p2a: Regigigas|Extreme Speed|p1a: Come Over\n|-immune|p1a: Come Over|[from] ability: Wonder Guard\n|\n|upkeep\n|turn|4\n|\n|t:|1667868735\n|move|p2a: Regigigas|Flame Charge|p1a: Come Over\n|-supereffective|p1a: Come Over\n|-damage|p1a: Come Over|8\/100\n|-boost|p2a: Regigigas|spe|1\n|move|p1a: Come Over|Baton Pass|p1a: Come Over\n|\n|t:|1667868740\n|switch|p1a: Magnificent|Xerneas|100\/100|[from]move: Baton Pass\n|\n|upkeep\n|turn|5\n|\n|t:|1667868743\n|move|p2a: Regigigas|Iron Head|p1a: Magnificent\n|-supereffective|p1a: Magnificent\n|-damage|p1a: Magnificent|0 fnt\n|faint|p1a: Magnificent\n|\n|upkeep\n|\n|t:|1667868749\n|switch|p1a: Pretty Please|Giratina|100\/100\n|turn|6\n|\n|t:|1667868756\n|switch|p2a: Groudon|Groudon-Primal|100\/100\n|-ability|p2a: Groudon|Mold Breaker\n|move|p1a: Pretty Please|Glare|p2a: Groudon\n|-status|p2a: Groudon|par\n|\n|upkeep\n|turn|7\n|\n|t:|1667868766\n|move|p1a: Pretty Please|Curse|p2a: Groudon\n|-start|p2a: Groudon|Curse|[of] p1a: Pretty Please\n|-damage|p1a: Pretty Please|51\/100\n|move|p2a: Groudon|Thousand Arrows|p1a: Pretty Please\n|-damage|p1a: Pretty Please|9\/100\n|\n|-damage|p2a: Groudon|76\/100 par|[from] Curse\n|upkeep\n|turn|8\n|\n|t:|1667868775\n|switch|p2a: Regigigas|Regigigas|100\/100\n|move|p1a: Pretty Please|Recover|p1a: Pretty Please\n|-heal|p1a: Pretty Please|60\/100\n|\n|upkeep\n|turn|9\n|inactive|MurderousMantyke has 120 seconds left.\n|\n|t:|1667868817\n|move|p1a: Pretty Please|Glare|p2a: Regigigas\n|-status|p2a: Regigigas|par\n|-enditem|p2a: Regigigas|Lum Berry|[eat]\n|-curestatus|p2a: Regigigas|par|[msg]\n|move|p2a: Regigigas|Iron Head|p1a: Pretty Please\n|-damage|p1a: Pretty Please|30\/100\n|\n|upkeep\n|turn|10\n|\n|t:|1667868829\n|switch|p2a: Groudon|Groudon-Primal|76\/100 par\n|-ability|p2a: Groudon|Mold Breaker\n|move|p1a: Pretty Please|Recover|p1a: Pretty Please\n|-heal|p1a: Pretty Please|80\/100\n|\n|upkeep\n|turn|11\n|inactive|MurderousMantyke has 120 seconds left.\n|\n|t:|1667868836\n|switch|p1a: Come Over|Scizor-Mega, F|8\/100\n|cant|p2a: Groudon|par\n|\n|upkeep\n|turn|12\n|inactive|Smalldick guy has 120 seconds left.\n|inactive|Smalldick guy has 90 seconds left.\n|\n|t:|1667868899\n|move|p1a: Come Over|Aromatherapy||[still]\n|-activate|p1a: Come Over|move: Aromatherapy\n|-fail|p1a: Come Over\n|move|p2a: Groudon|Thousand Arrows|p1a: Come Over\n|-damage|p1a: Come Over|0 fnt\n|faint|p1a: Come Over\n|\n|upkeep\n|inactive|MurderousMantyke has 120 seconds left.\n|\n|t:|1667868919\n|switch|p1a: American Boy|Mewtwo-Mega-X|17\/100\n|turn|13\n|\n|t:|1667868930\n|move|p1a: American Boy|Low Kick|p2a: Groudon\n|-damage|p2a: Groudon|0 fnt\n|faint|p2a: Groudon\n|\n|upkeep\n|\n|t:|1667868935\n|switch|p2a: Banette|Banette-Mega, M|100\/100\n|turn|14\n|\n|t:|1667868945\n|switch|p1a: Pretty Please|Giratina|80\/100\n|move|p2a: Banette|Shadow Sneak|p1a: Pretty Please\n|-supereffective|p1a: Pretty Please\n|-damage|p1a: Pretty Please|21\/100\n|-damage|p2a: Banette|91\/100|[from] item: Life Orb\n|\n|upkeep\n|turn|15\n|\n|t:|1667868958\n|move|p2a: Banette|Shadow Sneak|p1a: Pretty Please\n|-supereffective|p1a: Pretty Please\n|-damage|p1a: Pretty Please|0 fnt\n|faint|p1a: Pretty Please\n|-damage|p2a: Banette|81\/100|[from] item: Life Orb\n|\n|upkeep\n|\n|t:|1667868963\n|switch|p1a: In the Rain|Gyarados-Mega, M|100\/100\n|turn|16\n|inactive|Smalldick guy has 120 seconds left.\n|\n|t:|1667868973\n|move|p2a: Banette|Mach Punch|p1a: In the Rain\n|-supereffective|p1a: In the Rain\n|-damage|p1a: In the Rain|29\/100\n|-damage|p2a: Banette|72\/100|[from] item: Life Orb\n|move|p1a: In the Rain|Pursuit|p2a: Banette\n|-supereffective|p2a: Banette\n|-damage|p2a: Banette|0 fnt\n|faint|p2a: Banette\n|\n|upkeep\n|inactive|Smalldick guy has 120 seconds left.\n|\n|t:|1667868982\n|switch|p2a: Regigigas|Regigigas|100\/100\n|turn|17\n|\n|t:|1667868994\n|switch|p1a: American Boy|Mewtwo-Mega-X|17\/100\n|move|p2a: Regigigas|Extreme Speed|p1a: American Boy\n|-damage|p1a: American Boy|0 fnt\n|faint|p1a: American Boy\n|\n|upkeep\n|\n|t:|1667869000\n|switch|p1a: Shine|Gardevoir-Mega, M|100\/100\n|turn|18\n|inactive|Smalldick guy has 120 seconds left.\n|\n|t:|1667869028\n|move|p2a: Regigigas|Extreme Speed|p1a: Shine\n|-immune|p1a: Shine|[from] ability: Wonder Guard\n|move|p1a: Shine|Moonblast|p2a: Regigigas\n|-damage|p2a: Regigigas|43\/100\n|\n|upkeep\n|turn|19\n|\n|t:|1667869038\n|move|p2a: Regigigas|Iron Head|p1a: Shine\n|-supereffective|p1a: Shine\n|-crit|p1a: Shine\n|-damage|p1a: Shine|0 fnt\n|faint|p1a: Shine\n|\n|upkeep\n|-message|MurderousMantyke forfeited.\n|\n|win|Smalldick guy\n|raw|MurderousMantyke's rating: 1594 &rarr; <strong>1567<\/strong><br \/>(-27 for losing)\n|raw|Smalldick guy's rating: 1459 &rarr; <strong>1486<\/strong><br \/>(+27 for winning)\n|l|\u2606MurderousMantyke\n||Ladder isn't responding, score probably updated but might not have (Request timeout).\n|l|\u2606Smalldick guy\n","uploadtime":1667869120,"views":5,"p1id":"murderousmantyke","p2id":"smalldickguy","formatid":"gen6purehackmons","rating":1486,"private":0,"password":null}