{"id":"gen6ou-1586877095","p1":"3d","p2":"SkipTheDripBayless","format":"gen6ou","log":"|j|\u26063d\n|j|\u2606SkipTheDripBayless\n|t:|1654059583\n|gametype|singles\n|player|p1|3d|erika|\n|player|p2|SkipTheDripBayless|pokekidf-gen8|\n|teamsize|p1|6\n|teamsize|p2|6\n|gen|6\n|tier|[Gen 6] OU\n|rule|Sleep Clause Mod: Limit one foe put to sleep\n|rule|Species Clause: Limit one of each Pok\u00e9mon\n|rule|OHKO Clause: OHKO moves are banned\n|rule|Moody Clause: Moody is banned\n|rule|Evasion Moves Clause: Evasion moves are banned\n|rule|Endless Battle Clause: Forcing endless battles is banned\n|rule|HP Percentage Mod: HP is shown in percentages\n|rule|Swagger Clause: Swagger is banned\n|clearpoke\n|poke|p1|Pinsir, M|item\n|poke|p1|Clefable, M|item\n|poke|p1|Starmie|item\n|poke|p1|Jirachi|item\n|poke|p1|Breloom, F|item\n|poke|p1|Landorus-Therian, M|item\n|poke|p2|Beedrill, M|item\n|poke|p2|Magnezone|item\n|poke|p2|Tornadus-Therian, M|item\n|poke|p2|Keldeo|item\n|poke|p2|Hippowdon, M|item\n|poke|p2|Latios, M|item\n|teampreview\n|\n|t:|1654059596\n|start\n|switch|p1a: Landorus|Landorus-Therian, M|100\/100\n|switch|p2a: Tornadus|Tornadus-Therian, M|100\/100\n|-ability|p1a: Landorus|Intimidate|boost\n|-unboost|p2a: Tornadus|atk|1\n|turn|1\n|\n|t:|1654059614\n|switch|p1a: Clefable|Clefable, M|100\/100\n|switch|p2a: Hippowdon|Hippowdon, M|100\/100\n|-weather|Sandstorm|[from] ability: Sand Stream|[of] p2a: Hippowdon\n|\n|-weather|Sandstorm|[upkeep]\n|upkeep\n|turn|2\n|j| Kart Blanche\n|\n|t:|1654059619\n|move|p1a: Clefable|Knock Off|p2a: Hippowdon\n|-damage|p2a: Hippowdon|92\/100\n|-enditem|p2a: Hippowdon|Leftovers|[from] move: Knock Off|[of] p1a: Clefable\n|move|p2a: Hippowdon|Stealth Rock|p1a: Clefable\n|-sidestart|p1: 3d|move: Stealth Rock\n|\n|-weather|Sandstorm|[upkeep]\n|upkeep\n|turn|3\n|\n|t:|1654059627\n|switch|p2a: Magnezone|Magnezone|100\/100\n|move|p1a: Clefable|Stealth Rock|p2a: Magnezone\n|-sidestart|p2: SkipTheDripBayless|move: Stealth Rock\n|\n|-weather|Sandstorm|[upkeep]\n|upkeep\n|turn|4\n|\n|t:|1654059634\n|switch|p1a: Landorus|Landorus-Therian, M|100\/100\n|-damage|p1a: Landorus|88\/100|[from] Stealth Rock\n|-ability|p1a: Landorus|Intimidate|boost\n|-unboost|p2a: Magnezone|atk|1\n|move|p2a: Magnezone|Flash Cannon|p1a: Landorus\n|-damage|p1a: Landorus|0 fnt\n|faint|p1a: Landorus\n|\n|-weather|Sandstorm|[upkeep]\n|upkeep\n|c|\u26063d|that kills\n|c|\u26063d|damn\n|\n|t:|1654059645\n|switch|p1a: Starmie|Starmie|100\/100\n|-damage|p1a: Starmie|88\/100|[from] Stealth Rock\n|turn|5\n|\n|t:|1654059648\n|move|p1a: Starmie|Thunder Wave|p2a: Magnezone\n|-immune|p2a: Magnezone\n|move|p2a: Magnezone|Flash Cannon|p1a: Starmie\n|-resisted|p1a: Starmie\n|-damage|p1a: Starmie|50\/100\n|\n|-weather|none\n|-heal|p1a: Starmie|56\/100|[from] item: Leftovers\n|upkeep\n|turn|6\n|\n|t:|1654059660\n|switch|p2a: Tornadus|Tornadus-Therian, M|100\/100\n|-damage|p2a: Tornadus|76\/100|[from] Stealth Rock\n|move|p1a: Starmie|Rapid Spin|p2a: Tornadus\n|-damage|p2a: Tornadus|71\/100\n|-sideend|p1: 3d|Stealth Rock|[from] move: Rapid Spin|[of] p1a: Starmie\n|\n|-heal|p1a: Starmie|62\/100|[from] item: Leftovers\n|upkeep\n|turn|7\n|\n|t:|1654059665\n|switch|p1a: Jirachi|Jirachi|100\/100\n|move|p2a: Tornadus|Taunt|p1a: Jirachi\n|-start|p1a: Jirachi|move: Taunt\n|\n|upkeep\n|turn|8\n|\n|t:|1654059671\n|move|p2a: Tornadus|Hurricane|p1a: Jirachi|[miss]\n|-miss|p2a: Tornadus|p1a: Jirachi\n|move|p1a: Jirachi|Fire Punch|p2a: Tornadus\n|-damage|p2a: Tornadus|49\/100\n|\n|upkeep\n|turn|9\n|\n|t:|1654059678\n|switch|p2a: Hippowdon|Hippowdon, M|92\/100\n|-damage|p2a: Hippowdon|86\/100|[from] Stealth Rock\n|-weather|Sandstorm|[from] ability: Sand Stream|[of] p2a: Hippowdon\n|move|p1a: Jirachi|Fire Punch|p2a: Hippowdon\n|-damage|p2a: Hippowdon|75\/100\n|-status|p2a: Hippowdon|brn\n|\n|-weather|Sandstorm|[upkeep]\n|-damage|p2a: Hippowdon|63\/100 brn|[from] brn\n|-end|p1a: Jirachi|move: Taunt\n|upkeep\n|turn|10\n|\n|t:|1654059686\n|move|p1a: Jirachi|Iron Head|p2a: Hippowdon\n|-damage|p2a: Hippowdon|48\/100 brn\n|move|p2a: Hippowdon|Stealth Rock|p1a: Jirachi\n|-sidestart|p1: 3d|move: Stealth Rock\n|\n|-weather|Sandstorm|[upkeep]\n|-damage|p2a: Hippowdon|36\/100 brn|[from] brn\n|upkeep\n|turn|11\n|\n|t:|1654059690\n|switch|p2a: Magnezone|Magnezone|100\/100\n|-damage|p2a: Magnezone|94\/100|[from] Stealth Rock\n|move|p1a: Jirachi|Iron Head|p2a: Magnezone\n|-resisted|p2a: Magnezone\n|-damage|p2a: Magnezone|88\/100\n|\n|-weather|Sandstorm|[upkeep]\n|upkeep\n|turn|12\n|\n|t:|1654059694\n|move|p1a: Jirachi|Fire Punch|p2a: Magnezone\n|-supereffective|p2a: Magnezone\n|-crit|p2a: Magnezone\n|-damage|p2a: Magnezone|32\/100\n|move|p2a: Magnezone|Volt Switch|p1a: Jirachi\n|-damage|p1a: Jirachi|52\/100\n|\n|t:|1654059696\n|switch|p2a: Beedrill|Beedrill, M|100\/100|[from]move: Volt Switch\n|-damage|p2a: Beedrill|76\/100|[from] Stealth Rock\n|\n|-weather|Sandstorm|[upkeep]\n|-damage|p2a: Beedrill|70\/100|[from] Sandstorm\n|-heal|p1a: Jirachi|58\/100|[from] item: Leftovers\n|upkeep\n|turn|13\n|\n|t:|1654059708\n|detailschange|p2a: Beedrill|Beedrill-Mega, M\n|-mega|p2a: Beedrill|Beedrill|Beedrillite\n|move|p2a: Beedrill|Protect|p2a: Beedrill\n|-singleturn|p2a: Beedrill|Protect\n|move|p1a: Jirachi|Iron Head|p2a: Beedrill\n|-activate|p2a: Beedrill|move: Protect\n|\n|-weather|none\n|-heal|p1a: Jirachi|65\/100|[from] item: Leftovers\n|upkeep\n|turn|14\n|\n|t:|1654059714\n|move|p2a: Beedrill|U-turn|p1a: Jirachi\n|-crit|p1a: Jirachi\n|-damage|p1a: Jirachi|0 fnt\n|faint|p1a: Jirachi\n|\n|t:|1654059722\n|switch|p2a: Tornadus|Tornadus-Therian, M|82\/100|[from]move: U-turn\n|-damage|p2a: Tornadus|57\/100|[from] Stealth Rock\n|\n|upkeep\n|\n|t:|1654059725\n|switch|p1a: Clefable|Clefable, M|100\/100\n|turn|15\n|\n|t:|1654059729\n|move|p2a: Tornadus|Hurricane|p1a: Clefable|[miss]\n|-miss|p2a: Tornadus|p1a: Clefable\n|move|p1a: Clefable|Knock Off|p2a: Tornadus\n|-damage|p2a: Tornadus|37\/100\n|-enditem|p2a: Tornadus|Life Orb|[from] move: Knock Off|[of] p1a: Clefable\n|\n|upkeep\n|turn|16\n|\n|t:|1654059732\n|move|p2a: Tornadus|Taunt|p1a: Clefable\n|-start|p1a: Clefable|move: Taunt\n|move|p1a: Clefable|Moonblast|p2a: Tornadus\n|-damage|p2a: Tornadus|0 fnt\n|faint|p2a: Tornadus\n|\n|upkeep\n|\n|t:|1654059736\n|switch|p2a: Beedrill|Beedrill-Mega, M|70\/100\n|-damage|p2a: Beedrill|45\/100|[from] Stealth Rock\n|turn|17\n|\n|t:|1654059742\n|move|p2a: Beedrill|Poison Jab|p1a: Clefable\n|-supereffective|p1a: Clefable\n|-damage|p1a: Clefable|9\/100\n|move|p1a: Clefable|Moonblast|p2a: Beedrill\n|-resisted|p2a: Beedrill\n|-damage|p2a: Beedrill|20\/100\n|\n|-heal|p1a: Clefable|15\/100|[from] item: Leftovers\n|upkeep\n|turn|18\n|\n|t:|1654059747\n|move|p2a: Beedrill|Poison Jab|p1a: Clefable\n|-supereffective|p1a: Clefable\n|-damage|p1a: Clefable|0 fnt\n|faint|p1a: Clefable\n|\n|upkeep\n|\n|t:|1654059749\n|switch|p1a: Breloom|Breloom, F|100\/100\n|-damage|p1a: Breloom|94\/100|[from] Stealth Rock\n|turn|19\n|\n|t:|1654059754\n|move|p1a: Breloom|Mach Punch|p2a: Beedrill\n|-resisted|p2a: Beedrill\n|-damage|p2a: Beedrill|0 fnt\n|faint|p2a: Beedrill\n|-damage|p1a: Breloom|84\/100|[from] item: Life Orb\n|\n|upkeep\n|\n|t:|1654059758\n|switch|p2a: Latios|Latios, M|100\/100\n|-damage|p2a: Latios|88\/100|[from] Stealth Rock\n|turn|20\n|\n|t:|1654059763\n|move|p2a: Latios|Psyshock|p1a: Breloom\n|-supereffective|p1a: Breloom\n|-damage|p1a: Breloom|0 fnt\n|faint|p1a: Breloom\n|-damage|p2a: Latios|78\/100|[from] item: Life Orb\n|\n|upkeep\n|\n|t:|1654059764\n|switch|p1a: Starmie|Starmie|62\/100\n|-damage|p1a: Starmie|50\/100|[from] Stealth Rock\n|turn|21\n|\n|t:|1654059789\n|move|p1a: Starmie|Recover|p1a: Starmie\n|-heal|p1a: Starmie|99\/100\n|move|p2a: Latios|Psyshock|p1a: Starmie\n|-resisted|p1a: Starmie\n|-crit|p1a: Starmie\n|-damage|p1a: Starmie|52\/100\n|-damage|p2a: Latios|68\/100|[from] item: Life Orb\n|\n|-heal|p1a: Starmie|58\/100|[from] item: Leftovers\n|upkeep\n|turn|22\n|c|\u26063d|oh\n|\n|t:|1654059824\n|switch|p2a: Magnezone|Magnezone|32\/100\n|-damage|p2a: Magnezone|26\/100|[from] Stealth Rock\n|move|p1a: Starmie|Rapid Spin|p2a: Magnezone\n|-resisted|p2a: Magnezone\n|-damage|p2a: Magnezone|25\/100\n|-sideend|p1: 3d|Stealth Rock|[from] move: Rapid Spin|[of] p1a: Starmie\n|\n|-heal|p1a: Starmie|64\/100|[from] item: Leftovers\n|upkeep\n|turn|23\n|c|\u26063d|yea\n|\n|t:|1654059834\n|move|p1a: Starmie|Scald|p2a: Magnezone\n|-damage|p2a: Magnezone|0 fnt\n|faint|p2a: Magnezone\n|\n|-heal|p1a: Starmie|70\/100|[from] item: Leftovers\n|upkeep\n|\n|t:|1654059844\n|switch|p2a: Latios|Latios, M|68\/100\n|-damage|p2a: Latios|56\/100|[from] Stealth Rock\n|turn|24\n|\n|t:|1654059849\n|move|p1a: Starmie|Thunder Wave|p2a: Latios\n|-status|p2a: Latios|par\n|move|p2a: Latios|Roost|p2a: Latios\n|-heal|p2a: Latios|100\/100 par\n|-singleturn|p2a: Latios|move: Roost\n|\n|-heal|p1a: Starmie|76\/100|[from] item: Leftovers\n|upkeep\n|turn|25\n|\n|t:|1654059853\n|move|p1a: Starmie|Scald|p2a: Latios\n|-resisted|p2a: Latios\n|-damage|p2a: Latios|85\/100 par\n|move|p2a: Latios|Defog|p1a: Starmie\n|-unboost|p1a: Starmie|evasion|1\n|-sideend|p2: SkipTheDripBayless|Stealth Rock|[from] move: Defog|[of] p2a: Latios\n|\n|-heal|p1a: Starmie|83\/100|[from] item: Leftovers\n|upkeep\n|turn|26\n|\n|t:|1654059857\n|move|p1a: Starmie|Scald|p2a: Latios\n|-resisted|p2a: Latios\n|-damage|p2a: Latios|71\/100 par\n|cant|p2a: Latios|par\n|\n|-heal|p1a: Starmie|89\/100|[from] item: Leftovers\n|upkeep\n|turn|27\n|\n|t:|1654059862\n|move|p1a: Starmie|Scald|p2a: Latios\n|-resisted|p2a: Latios\n|-damage|p2a: Latios|57\/100 par\n|move|p2a: Latios|Roost|p2a: Latios\n|-heal|p2a: Latios|100\/100 par\n|-singleturn|p2a: Latios|move: Roost\n|\n|-heal|p1a: Starmie|95\/100|[from] item: Leftovers\n|upkeep\n|turn|28\n|\n|t:|1654059867\n|move|p1a: Starmie|Thunder Wave|p2a: Latios\n|-fail|p2a: Latios|par\n|move|p2a: Latios|Psyshock|p1a: Starmie\n|-resisted|p1a: Starmie\n|-crit|p1a: Starmie\n|-damage|p1a: Starmie|48\/100\n|-damage|p2a: Latios|91\/100 par|[from] item: Life Orb\n|\n|-heal|p1a: Starmie|54\/100|[from] item: Leftovers\n|upkeep\n|turn|29\n|c|\u26063d|burn is 12%\n|c|\u26063d|right\n|\n|t:|1654059879\n|move|p1a: Starmie|Recover|p1a: Starmie\n|-heal|p1a: Starmie|100\/100\n|move|p2a: Latios|Psyshock|p1a: Starmie\n|-resisted|p1a: Starmie\n|-damage|p1a: Starmie|68\/100\n|-damage|p2a: Latios|81\/100 par|[from] item: Life Orb\n|\n|-heal|p1a: Starmie|75\/100|[from] item: Leftovers\n|upkeep\n|turn|30\n|c|\u26063d|Kart Blanche\n|c| Kart Blanche|yes\n|\n|t:|1654059885\n|move|p1a: Starmie|Rapid Spin|p2a: Latios\n|-damage|p2a: Latios|77\/100 par\n|cant|p2a: Latios|par\n|\n|-heal|p1a: Starmie|81\/100|[from] item: Leftovers\n|upkeep\n|turn|31\n|\n|t:|1654059889\n|move|p1a: Starmie|Scald|p2a: Latios\n|-resisted|p2a: Latios\n|-damage|p2a: Latios|62\/100 par\n|move|p2a: Latios|Psyshock|p1a: Starmie\n|-resisted|p1a: Starmie\n|-damage|p1a: Starmie|46\/100\n|-damage|p2a: Latios|52\/100 par|[from] item: Life Orb\n|\n|-heal|p1a: Starmie|52\/100|[from] item: Leftovers\n|upkeep\n|turn|32\n|\n|t:|1654059891\n|move|p1a: Starmie|Scald|p2a: Latios\n|-resisted|p2a: Latios\n|-damage|p2a: Latios|37\/100 par\n|move|p2a: Latios|Roost|p2a: Latios\n|-heal|p2a: Latios|87\/100 par\n|-singleturn|p2a: Latios|move: Roost\n|\n|-heal|p1a: Starmie|58\/100|[from] item: Leftovers\n|upkeep\n|turn|33\n|\n|t:|1654059895\n|move|p1a: Starmie|Scald|p2a: Latios\n|-resisted|p2a: Latios\n|-damage|p2a: Latios|72\/100 par\n|move|p2a: Latios|Psyshock|p1a: Starmie\n|-resisted|p1a: Starmie\n|-damage|p1a: Starmie|27\/100\n|-damage|p2a: Latios|62\/100 par|[from] item: Life Orb\n|\n|-heal|p1a: Starmie|33\/100|[from] item: Leftovers\n|upkeep\n|turn|34\n|c| Kart Blanche|3d\n|c| Kart Blanche|this starmie set used to be soannoying\n|c| Kart Blanche|but i thinkwhat fucked it over was\n|c| Kart Blanche|koko\n|c| Kart Blanche|fini\n|c|\u26063d|ye\n|c| Kart Blanche|z moves hitting too hard\n|c|\u26063d|252 Atk Aerilate Pinsir-Mega Return vs. 0 HP \/ 4 Def Latios: 297-349 (99.3 - 116.7%) -- 93.8% chance to OHKO\n|c| Kart Blanche|also\n|c| Kart Blanche|gren came back\n|c|\u26063d|this shit is so stupid\n|c|\u26063d|lmfao\n|c| Kart Blanche|yea ate used to be so good\n|c|\u26063d|im just worried about\n|c| Kart Blanche|but gren coming back\n|c|\u26063d|specs hydro\n|c| Kart Blanche|fucked starmie\n|\n|t:|1654059952\n|move|p1a: Starmie|Recover|p1a: Starmie\n|-heal|p1a: Starmie|83\/100\n|move|p2a: Latios|Psyshock|p1a: Starmie\n|-resisted|p1a: Starmie\n|-damage|p1a: Starmie|50\/100\n|-damage|p2a: Latios|52\/100 par|[from] item: Life Orb\n|\n|-heal|p1a: Starmie|56\/100|[from] item: Leftovers\n|upkeep\n|turn|35\n|\n|t:|1654059960\n|move|p1a: Starmie|Recover|p1a: Starmie\n|-heal|p1a: Starmie|100\/100\n|move|p2a: Latios|Roost|p2a: Latios\n|-heal|p2a: Latios|100\/100 par\n|-singleturn|p2a: Latios|move: Roost\n|\n|upkeep\n|turn|36\n|\n|t:|1654059977\n|move|p1a: Starmie|Scald|p2a: Latios\n|-resisted|p2a: Latios\n|-damage|p2a: Latios|86\/100 par\n|move|p2a: Latios|Psyshock|p1a: Starmie\n|-resisted|p1a: Starmie\n|-crit|p1a: Starmie\n|-damage|p1a: Starmie|53\/100\n|-damage|p2a: Latios|76\/100 par|[from] item: Life Orb\n|\n|-heal|p1a: Starmie|59\/100|[from] item: Leftovers\n|upkeep\n|turn|37\n|\n|t:|1654059983\n|move|p1a: Starmie|Scald|p2a: Latios\n|-resisted|p2a: Latios\n|-damage|p2a: Latios|63\/100 par\n|cant|p2a: Latios|par\n|\n|-heal|p1a: Starmie|66\/100|[from] item: Leftovers\n|upkeep\n|turn|38\n|\n|t:|1654059986\n|move|p1a: Starmie|Recover|p1a: Starmie\n|-heal|p1a: Starmie|100\/100\n|move|p2a: Latios|Defog|p1a: Starmie\n|-unboost|p1a: Starmie|evasion|1\n|\n|upkeep\n|turn|39\n|\n|t:|1654059991\n|move|p1a: Starmie|Scald|p2a: Latios\n|-resisted|p2a: Latios\n|-damage|p2a: Latios|49\/100 par\n|move|p2a: Latios|Roost|p2a: Latios\n|-heal|p2a: Latios|99\/100 par\n|-singleturn|p2a: Latios|move: Roost\n|\n|upkeep\n|turn|40\n|\n|t:|1654059997\n|move|p1a: Starmie|Rapid Spin|p2a: Latios\n|-damage|p2a: Latios|96\/100 par\n|move|p2a: Latios|Defog|p1a: Starmie\n|-unboost|p1a: Starmie|evasion|1\n|\n|upkeep\n|turn|41\n|\n|t:|1654059999\n|move|p1a: Starmie|Rapid Spin|p2a: Latios\n|-damage|p2a: Latios|92\/100 par\n|move|p2a: Latios|Defog|p1a: Starmie\n|-unboost|p1a: Starmie|evasion|1\n|\n|upkeep\n|turn|42\n|\n|t:|1654060003\n|move|p1a: Starmie|Rapid Spin|p2a: Latios\n|-damage|p2a: Latios|88\/100 par\n|move|p2a: Latios|Defog|p1a: Starmie\n|-unboost|p1a: Starmie|evasion|1\n|\n|upkeep\n|turn|43\n|c|\u26063d|making sure draco doesnt miss\n|\n|t:|1654060014\n|move|p1a: Starmie|Scald|p2a: Latios\n|-resisted|p2a: Latios\n|-damage|p2a: Latios|74\/100 par\n|move|p2a: Latios|Psyshock|p1a: Starmie\n|-resisted|p1a: Starmie\n|-damage|p1a: Starmie|66\/100\n|-damage|p2a: Latios|64\/100 par|[from] item: Life Orb\n|\n|-heal|p1a: Starmie|72\/100|[from] item: Leftovers\n|upkeep\n|turn|44\n|\n|t:|1654060017\n|move|p1a: Starmie|Rapid Spin|p2a: Latios\n|-damage|p2a: Latios|60\/100 par\n|move|p2a: Latios|Psyshock|p1a: Starmie\n|-resisted|p1a: Starmie\n|-damage|p1a: Starmie|40\/100\n|-damage|p2a: Latios|50\/100 par|[from] item: Life Orb\n|\n|-heal|p1a: Starmie|46\/100|[from] item: Leftovers\n|upkeep\n|turn|45\n|\n|t:|1654060023\n|move|p1a: Starmie|Recover|p1a: Starmie\n|-heal|p1a: Starmie|96\/100\n|move|p2a: Latios|Psyshock|p1a: Starmie\n|-resisted|p1a: Starmie\n|-damage|p1a: Starmie|62\/100\n|-damage|p2a: Latios|40\/100 par|[from] item: Life Orb\n|\n|-heal|p1a: Starmie|68\/100|[from] item: Leftovers\n|upkeep\n|turn|46\n|\n|t:|1654060028\n|move|p1a: Starmie|Scald|p2a: Latios\n|-resisted|p2a: Latios\n|-damage|p2a: Latios|26\/100 par\n|move|p2a: Latios|Roost|p2a: Latios\n|-heal|p2a: Latios|77\/100 par\n|-singleturn|p2a: Latios|move: Roost\n|\n|-heal|p1a: Starmie|75\/100|[from] item: Leftovers\n|upkeep\n|turn|47\n|\n|t:|1654060034\n|move|p1a: Starmie|Recover|p1a: Starmie\n|-heal|p1a: Starmie|100\/100\n|move|p2a: Latios|Psyshock|p1a: Starmie\n|-resisted|p1a: Starmie\n|-damage|p1a: Starmie|67\/100\n|-damage|p2a: Latios|67\/100 par|[from] item: Life Orb\n|\n|-heal|p1a: Starmie|73\/100|[from] item: Leftovers\n|upkeep\n|turn|48\n|\n|t:|1654060036\n|move|p1a: Starmie|Scald|p2a: Latios\n|-resisted|p2a: Latios\n|-damage|p2a: Latios|51\/100 par\n|move|p2a: Latios|Defog|p1a: Starmie\n|-unboost|p1a: Starmie|evasion|1\n|\n|-heal|p1a: Starmie|80\/100|[from] item: Leftovers\n|upkeep\n|turn|49\n|\n|t:|1654060039\n|move|p1a: Starmie|Rapid Spin|p2a: Latios\n|-damage|p2a: Latios|47\/100 par\n|move|p2a: Latios|Roost|p2a: Latios\n|-heal|p2a: Latios|98\/100 par\n|-singleturn|p2a: Latios|move: Roost\n|\n|-heal|p1a: Starmie|86\/100|[from] item: Leftovers\n|upkeep\n|turn|50\n|\n|t:|1654060041\n|move|p1a: Starmie|Rapid Spin|p2a: Latios\n|-damage|p2a: Latios|94\/100 par\n|move|p2a: Latios|Defog||[still]\n|-unboost|p1a: Starmie|evasion|0\n|-fail|p2a: Latios\n|\n|-heal|p1a: Starmie|92\/100|[from] item: Leftovers\n|upkeep\n|turn|51\n|\n|t:|1654060043\n|move|p1a: Starmie|Rapid Spin|p2a: Latios\n|-damage|p2a: Latios|90\/100 par\n|move|p2a: Latios|Defog||[still]\n|-unboost|p1a: Starmie|evasion|0\n|-fail|p2a: Latios\n|\n|-heal|p1a: Starmie|98\/100|[from] item: Leftovers\n|upkeep\n|turn|52\n|\n|t:|1654060048\n|move|p1a: Starmie|Rapid Spin|p2a: Latios\n|-damage|p2a: Latios|86\/100 par\n|move|p2a: Latios|Psyshock|p1a: Starmie\n|-resisted|p1a: Starmie\n|-damage|p1a: Starmie|64\/100\n|-damage|p2a: Latios|76\/100 par|[from] item: Life Orb\n|\n|-heal|p1a: Starmie|70\/100|[from] item: Leftovers\n|upkeep\n|turn|53\n|\n|t:|1654060062\n|move|p1a: Starmie|Thunder Wave|p2a: Latios\n|-fail|p2a: Latios|par\n|move|p2a: Latios|Psyshock|p1a: Starmie\n|-resisted|p1a: Starmie\n|-damage|p1a: Starmie|39\/100\n|-damage|p2a: Latios|66\/100 par|[from] item: Life Orb\n|\n|-heal|p1a: Starmie|45\/100|[from] item: Leftovers\n|upkeep\n|turn|54\n|\n|t:|1654060067\n|move|p1a: Starmie|Recover|p1a: Starmie\n|-heal|p1a: Starmie|95\/100\n|move|p2a: Latios|Roost|p2a: Latios\n|-heal|p2a: Latios|100\/100 par\n|-singleturn|p2a: Latios|move: Roost\n|\n|-heal|p1a: Starmie|100\/100|[from] item: Leftovers\n|upkeep\n|turn|55\n|\n|t:|1654060080\n|move|p1a: Starmie|Rapid Spin|p2a: Latios\n|-damage|p2a: Latios|97\/100 par\n|move|p2a: Latios|Psyshock|p1a: Starmie\n|-resisted|p1a: Starmie\n|-damage|p1a: Starmie|68\/100\n|-damage|p2a: Latios|87\/100 par|[from] item: Life Orb\n|\n|-heal|p1a: Starmie|74\/100|[from] item: Leftovers\n|upkeep\n|turn|56\n|\n|t:|1654060087\n|move|p1a: Starmie|Rapid Spin|p2a: Latios\n|-damage|p2a: Latios|83\/100 par\n|move|p2a: Latios|Draco Meteor|p1a: Starmie\n|-damage|p1a: Starmie|0 fnt\n|-unboost|p2a: Latios|spa|2\n|faint|p1a: Starmie\n|-damage|p2a: Latios|73\/100 par|[from] item: Life Orb\n|\n|upkeep\n|\n|t:|1654060089\n|switch|p1a: Pinsir|Pinsir, M|100\/100\n|turn|57\n|c| Kart Blanche|why does starmie have a massive pp to wield\n|c|\u26063d|gg\n|c|\u26063d|unless u crit me\n|c|\u26063d|but\n|c|\u26063d|this should be my win\n|\n|t:|1654060102\n|detailschange|p1a: Pinsir|Pinsir-Mega, M\n|-mega|p1a: Pinsir|Pinsir|Pinsirite\n|move|p1a: Pinsir|Swords Dance|p1a: Pinsir\n|-boost|p1a: Pinsir|atk|2\n|move|p2a: Latios|Draco Meteor|p1a: Pinsir\n|-damage|p1a: Pinsir|40\/100\n|-unboost|p2a: Latios|spa|2\n|-damage|p2a: Latios|63\/100 par|[from] item: Life Orb\n|\n|upkeep\n|turn|58\n|c| Kart Blanche|really wasted all those turns just for this\n|c|\u2606SkipTheDripBayless|burned my hippo\n|c|\u26063d|!dt fire pnch\nNo Pok\u00e9mon, item, move, ability or nature named 'fire pnch' was found in Gen 6. Showing the data of 'Fire Punch' instead.\n|raw|<ul class=\"utilichart\"><li class=\"result\"><span class=\"col movenamecol\"><a href=\"https:\/\/dex.pokemonshowdown.com\/moves\/firepunch\">Fire Punch<\/a><\/span> <span class=\"col typecol\"><img src=\"\/\/play.pokemonshowdown.com\/sprites\/types\/Fire.png\" alt=\"Fire\" width=\"32\" height=\"14\"><img src=\"\/\/play.pokemonshowdown.com\/sprites\/categories\/Physical.png\" alt=\"Physical\" width=\"32\" height=\"14\"><\/span> <span class=\"col labelcol\"><em>Power<\/em><br>75<\/span> <span class=\"col widelabelcol\"><em>Accuracy<\/em><br>100%<\/span> <span class=\"col pplabelcol\"><em>PP<\/em><br>24<\/span> <span class=\"col movedesccol\">10% chance to burn the target.<\/span> <\/li><li style=\"clear:both\"><\/li><\/ul>\n|raw|<font size=\"1\"><font color=\"#686868\">Priority:<\/font> 0&nbsp;|&ThickSpace;<font color=\"#686868\">Gen:<\/font> 1&nbsp;|&ThickSpace;&#10003; Secondary effect&nbsp;|&ThickSpace;&#10003; Contact&nbsp;|&ThickSpace;&#10003; Punch&nbsp;|&ThickSpace;<font color=\"#686868\">Target:<\/font> One Adjacent Pok\u00e9mon<\/font>\n\n|c|\u26063d|didnt matter\n|c|\u2606SkipTheDripBayless|dont\n|c| Kart Blanche|yea otherwise eq wouldve killed pinsir\n|c|\u26063d|anyway\n|c|\u2606SkipTheDripBayless|u dare\n|\n|t:|1654060128\n|move|p1a: Pinsir|Return|p2a: Latios\n|-damage|p2a: Latios|0 fnt\n|faint|p2a: Latios\n|\n|upkeep\n|c|\u2606SkipTheDripBayless|!showset hippowdon\n|c| SkipTheDripBayless|\/raw <div class=\"infobox\">Hippowdon @ Leftovers  <br \/>Ability: Sand Stream  <br \/>EVs: 252 HP &#x2f; 144 Def &#x2f; 112 SpD  <br \/>Impish Nature  <br \/>- Stealth Rock  <br \/>- Earthquake  <br \/>- Stone Edge  <br \/>- Slack Off  <br \/><br \/><\/div>\n|c|\u26063d|look at its hp\n|\n|t:|1654060147\n|switch|p2a: Hippowdon|Hippowdon, M|36\/100 brn\n|-weather|Sandstorm|[from] ability: Sand Stream|[of] p2a: Hippowdon\n|turn|59\n|c|\u2606SkipTheDripBayless|im only rheere\n|c|\u26063d|+2 252 Atk Aerilate Pinsir-Mega Return vs. 252 HP \/ 144+ Def Hippowdon: 346-408 (82.3 - 97.1%) -- guaranteed 2HKO after Leftovers recovery\n|c|\u26063d|ok\n|c|\u2606SkipTheDripBayless|cause u bunr\n|c|\u26063d|so u would be at\n|c| Kart Blanche|i didnt know burn lets it live +2 return\n|c|\u26063d|80\n|c|\u26063d|if i didnt burn\n|c|\u26063d|right\n|c| Kart Blanche|lmao\n|c|\u2606SkipTheDripBayless|bro\n|c| Kart Blanche|sigh\n|c|\u2606SkipTheDripBayless|im not allowing\n|c|\u26063d|what\n|c| Kart Blanche|sigh\n|c|\u2606SkipTheDripBayless|this situiation\n|c|\u2606SkipTheDripBayless|if ym hippo\n|c|\u26063d|how\n|c|\u2606SkipTheDripBayless|isnt burned\n|c|\u2606SkipTheDripBayless|i heal\n|c|\u2606SkipTheDripBayless|on clef\n|c|\u2606SkipTheDripBayless|??\n|c|\u26063d|so u get above\n|c|\u26063d|82\n|c|\u2606SkipTheDripBayless|yes\n|c|\u26063d|how\n|c|\u26063d|i just moonblast\n|c|\u26063d|to keep this in range\n|c|\u26063d|that was my whole pla\n|c|\u26063d|n\n|c| Kart Blanche|sigh\n|c|\u2606SkipTheDripBayless|ur honestly\n|c|\u2606SkipTheDripBayless|slow\n|c|\u2606SkipTheDripBayless|i dont feel like\n|c|\u2606SkipTheDripBayless|telling\n|c|\u26063d|why do u keep complaining about every game\n|c|\u26063d|dont u get tired\n|\n|t:|1654060231\n|move|p1a: Pinsir|Return|p2a: Hippowdon\n|-damage|p2a: Hippowdon|0 fnt\n|faint|p2a: Hippowdon\n|\n|-weather|Sandstorm|[upkeep]\n|-damage|p1a: Pinsir|34\/100|[from] Sandstorm\n|upkeep\n|c|\u2606SkipTheDripBayless|ye\n|c|\u2606SkipTheDripBayless|kind\n|\n|t:|1654060239\n|switch|p2a: Keldeo|Keldeo|100\/100\n|turn|60\n|\n|t:|1654060241\n|move|p1a: Pinsir|Quick Attack|p2a: Keldeo\n|-supereffective|p2a: Keldeo\n|-damage|p2a: Keldeo|0 fnt\n|faint|p2a: Keldeo\n|\n|win|3d\n|l|\u26063d\n|j|\u26063d\n|player|p1|3d|erika\n","uploadtime":1654060249,"views":44,"p1id":"3d","p2id":"skipthedripbayless","formatid":"gen6ou","rating":0,"private":0,"password":null}