{"id":"gen6ou-1560431636","p1":"patboiii","p2":"SetsuStsna","format":"gen6ou","log":"|j|\u2606patboiii\n|j|\u2606SetsuStsna\n|inactive|Battle timer is ON: inactive players will automatically lose when time's up.\n|t:|1650823252\n|gametype|singles\n|player|p1|patboiii|lillie|\n|player|p2|SetsuStsna|dawn-gen4pt|\n|teamsize|p1|6\n|teamsize|p2|6\n|gen|6\n|tier|[Gen 6] OU\n|rated|Tournament battle\n|rule|Sleep Clause Mod: Limit one foe put to sleep\n|rule|Species Clause: Limit one of each Pok\u00e9mon\n|rule|OHKO Clause: OHKO moves are banned\n|rule|Moody Clause: Moody is banned\n|rule|Evasion Moves Clause: Evasion moves are banned\n|rule|Endless Battle Clause: Forcing endless battles is banned\n|rule|HP Percentage Mod: HP is shown in percentages\n|rule|Swagger Clause: Swagger is banned\n|clearpoke\n|poke|p1|Metagross|item\n|poke|p1|Keldeo|item\n|poke|p1|Latios, M|item\n|poke|p1|Clefable, F|item\n|poke|p1|Landorus-Therian, M|item\n|poke|p1|Bisharp, F|item\n|poke|p2|Shuckle, F|item\n|poke|p2|Scizor, F|item\n|poke|p2|Azumarill, M|item\n|poke|p2|Hoopa|item\n|poke|p2|Thundurus, M|item\n|poke|p2|Bisharp, M|item\n|teampreview\n|j| Fart Stinky\n|c|\u2606patboiii|hf\n|j| GhostFreakkkk\n|c|\u2606SetsuStsna|=\n|c| Fart Stinky|omg a big battle\n|inactive|patboiii has 120 seconds left.\n|inactive|SetsuStsna has 120 seconds left.\n|j| SenorDinosaurio\n|\n|t:|1650823293\n|start\n|switch|p1a: Ralyk Steel|Keldeo|100\/100\n|switch|p2a: Bisharp|Bisharp, M|100\/100\n|turn|1\n|l| SenorDinosaurio\n|\n|t:|1650823304\n|switch|p2a: Hoopa|Hoopa|100\/100\n|move|p1a: Ralyk Steel|Scald|p2a: Hoopa\n|-damage|p2a: Hoopa|39\/100\n|\n|upkeep\n|turn|2\n|\n|t:|1650823310\n|move|p2a: Hoopa|Hyperspace Hole|p1a: Ralyk Steel\n|-supereffective|p1a: Ralyk Steel\n|-damage|p1a: Ralyk Steel|0 fnt\n|faint|p1a: Ralyk Steel\n|\n|upkeep\n|c|\u2606patboiii|i forgot that that could happen\n|inactive|patboiii has 120 seconds left.\n|\n|t:|1650823344\n|switch|p1a: Mewfour|Metagross, shiny|100\/100\n|turn|3\n|\n|t:|1650823358\n|-activate|p2a: Hoopa|move: Pursuit\n|detailschange|p1a: Mewfour|Metagross-Mega, shiny\n|-mega|p1a: Mewfour|Metagross|Metagrossite\n|move|p1a: Mewfour|Pursuit|p2a: Hoopa|[from]Pursuit\n|-supereffective|p2a: Hoopa\n|-damage|p2a: Hoopa|0 fnt\n|faint|p2a: Hoopa\n|-hint|A Pokemon can't switch between when it runs out of HP and when it faints\n|\n|upkeep\n|\n|t:|1650823369\n|switch|p2a: Shuckle|Shuckle, F|100\/100\n|turn|4\n|\n|t:|1650823379\n|move|p1a: Mewfour|Zen Headbutt|p2a: Shuckle\n|-damage|p2a: Shuckle|66\/100\n|move|p2a: Shuckle|Encore|p1a: Mewfour\n|-start|p1a: Mewfour|Encore\n|\n|upkeep\n|turn|5\n|\n|t:|1650823384\n|move|p1a: Mewfour|Zen Headbutt|p2a: Shuckle\n|-damage|p2a: Shuckle|31\/100\n|move|p2a: Shuckle|Stealth Rock|p1a: Mewfour\n|-sidestart|p1: patboiii|move: Stealth Rock\n|\n|upkeep\n|turn|6\n|\n|t:|1650823388\n|move|p1a: Mewfour|Zen Headbutt|p2a: Shuckle|[miss]\n|-miss|p1a: Mewfour|p2a: Shuckle\n|move|p2a: Shuckle|Sticky Web|p1a: Mewfour\n|-sidestart|p1: patboiii|move: Sticky Web\n|\n|upkeep\n|turn|7\n|\n|t:|1650823400\n|switch|p2a: Bisharp|Bisharp, M|100\/100\n|move|p1a: Mewfour|Zen Headbutt|p2a: Bisharp\n|-immune|p2a: Bisharp\n|\n|-end|p1a: Mewfour|Encore\n|upkeep\n|turn|8\n|\n|t:|1650823412\n|switch|p2a: Shuckle|Shuckle, F|31\/100\n|move|p1a: Mewfour|Earthquake|p2a: Shuckle\n|-damage|p2a: Shuckle|12\/100\n|\n|upkeep\n|turn|9\n|\n|t:|1650823417\n|move|p1a: Mewfour|Earthquake|p2a: Shuckle\n|-damage|p2a: Shuckle|0 fnt\n|faint|p2a: Shuckle\n|\n|upkeep\n|\n|t:|1650823420\n|switch|p2a: Scizor|Scizor, F|100\/100\n|turn|10\n|\n|t:|1650823426\n|switch|p1a: do a barrelroll|Landorus-Therian, M, shiny|100\/100\n|-damage|p1a: do a barrelroll|88\/100|[from] Stealth Rock\n|-ability|p1a: do a barrelroll|Intimidate|boost\n|-unboost|p2a: Scizor|atk|1\n|detailschange|p2a: Scizor|Scizor-Mega, F\n|-mega|p2a: Scizor|Scizor|Scizorite\n|move|p2a: Scizor|Bug Bite|p1a: do a barrelroll\n|-resisted|p1a: do a barrelroll\n|-damage|p1a: do a barrelroll|67\/100\n|\n|upkeep\n|turn|11\n|\n|t:|1650823442\n|switch|p2a: Thundurus|Thundurus, M|100\/100\n|move|p1a: do a barrelroll|Earthquake|p2a: Thundurus\n|-immune|p2a: Thundurus\n|\n|upkeep\n|turn|12\n|\n|t:|1650823463\n|switch|p1a: pinkblob a classic|Clefable, F|100\/100\n|-activate|p1a: pinkblob a classic|move: Sticky Web\n|-unboost|p1a: pinkblob a classic|spe|1\n|move|p2a: Thundurus|Nasty Plot|p2a: Thundurus\n|-boost|p2a: Thundurus|spa|2\n|\n|upkeep\n|turn|13\n|\n|t:|1650823471\n|move|p2a: Thundurus|Thunderbolt|p1a: pinkblob a classic\n|-damage|p1a: pinkblob a classic|9\/100\n|move|p1a: pinkblob a classic|Ice Beam|p2a: Thundurus\n|-supereffective|p2a: Thundurus\n|-damage|p2a: Thundurus|49\/100\n|\n|-heal|p2a: Thundurus|55\/100|[from] item: Leftovers\n|-heal|p1a: pinkblob a classic|15\/100|[from] item: Leftovers\n|upkeep\n|turn|14\n|\n|t:|1650823475\n|move|p2a: Thundurus|Hidden Power|p1a: pinkblob a classic\n|-damage|p1a: pinkblob a classic|0 fnt\n|faint|p1a: pinkblob a classic\n|\n|-heal|p2a: Thundurus|61\/100|[from] item: Leftovers\n|upkeep\n|\n|t:|1650823486\n|switch|p1a: do a barrelroll|Landorus-Therian, M, shiny|67\/100\n|-damage|p1a: do a barrelroll|55\/100|[from] Stealth Rock\n|-ability|p1a: do a barrelroll|Intimidate|boost\n|-unboost|p2a: Thundurus|atk|1\n|turn|15\n|\n|t:|1650823506\n|move|p1a: do a barrelroll|Earthquake|p2a: Thundurus\n|-immune|p2a: Thundurus\n|move|p2a: Thundurus|Hidden Power|p1a: do a barrelroll\n|-supereffective|p1a: do a barrelroll\n|-damage|p1a: do a barrelroll|0 fnt\n|faint|p1a: do a barrelroll\n|\n|-heal|p2a: Thundurus|67\/100|[from] item: Leftovers\n|upkeep\n|\n|t:|1650823517\n|switch|p1a: Knock Knock!|Bisharp, F, shiny|100\/100\n|-damage|p1a: Knock Knock!|95\/100|[from] Stealth Rock\n|-activate|p1a: Knock Knock!|move: Sticky Web\n|-unboost|p1a: Knock Knock!|spe|1\n|-ability|p1a: Knock Knock!|Defiant\n|-boost|p1a: Knock Knock!|atk|2\n|turn|16\n|\n|t:|1650823537\n|move|p2a: Thundurus|Thunderbolt|p1a: Knock Knock!\n|-damage|p1a: Knock Knock!|0 fnt\n|faint|p1a: Knock Knock!\n|\n|-heal|p2a: Thundurus|73\/100|[from] item: Leftovers\n|upkeep\n|inactive|patboiii has 120 seconds left.\n|c|\u2606patboiii|okay ggs wanted to make some flashy plays\n|\n|t:|1650823558\n|switch|p1a: Mewfour|Metagross-Mega, shiny|100\/100\n|-activate|p1a: Mewfour|move: Sticky Web\n|-unboost|p1a: Mewfour|spe|1\n|-damage|p1a: Mewfour|95\/100|[from] Stealth Rock\n|turn|17\n|c|\u2606patboiii|but they didnt work out\n|c|\u2606SetsuStsna|ngl i had bisharp clicked on lando\n|c|\u2606patboiii|my problem is that im sometimes a bit too ballsy\n|inactive|patboiii has 90 seconds left.\n|c|\u2606patboiii|but ya fun match\n|\n|t:|1650823593\n|move|p2a: Thundurus|Thunderbolt|p1a: Mewfour\n|-damage|p1a: Mewfour|0 fnt\n|faint|p1a: Mewfour\n|\n|-heal|p2a: Thundurus|79\/100|[from] item: Leftovers\n|upkeep\n|\n|t:|1650823596\n|switch|p1a: Boeing 747|Latios, M|100\/100\n|-damage|p1a: Boeing 747|88\/100|[from] Stealth Rock\n|turn|18\n|\n|t:|1650823599\n|move|p2a: Thundurus|Hidden Power|p1a: Boeing 747\n|-supereffective|p1a: Boeing 747\n|-damage|p1a: Boeing 747|0 fnt\n|faint|p1a: Boeing 747\n|\n|win|SetsuStsna\n|n|\u2606patboiii|patboiii\n|n|\u2606SetsuStsna|setsustsna\n|n| Fart Stinky|fartstinky\n|n| GhostFreakkkk|ghostfreakkkk\n|c|\u2606SetsuStsna|gg\n|c|\u2606patboiii|ggs\n|l| Fart Stinky\n|l|\u2606SetsuStsna\n","uploadtime":1650823607,"views":13,"p1id":"patboiii","p2id":"setsustsna","formatid":"gen6ou","rating":0,"private":0,"password":null}