{"id":"gen6ou-1648819680","p1":"SkipTheDripBayless","p2":"YanDog","format":"gen6ou","log":"|j|\u203dSkipTheDripBayless\n|j|\u2606YanDog\n|t:|1661529158\n|gametype|singles\n|player|p1|SkipTheDripBayless|worker-gen4|1615\n|player|p2|YanDog|red|1647\n|teamsize|p1|6\n|teamsize|p2|6\n|gen|6\n|tier|[Gen 6] OU\n|rated|\n|rule|Sleep Clause Mod: Limit one foe put to sleep\n|rule|Species Clause: Limit one of each Pok\u00e9mon\n|rule|OHKO Clause: OHKO moves are banned\n|rule|Moody Clause: Moody is banned\n|rule|Evasion Items Clause: Evasion items are banned\n|rule|Evasion Moves Clause: Evasion moves are banned\n|rule|Endless Battle Clause: Forcing endless battles is banned\n|rule|HP Percentage Mod: HP is shown in percentages\n|rule|Swagger Clause: Swagger is banned\n|clearpoke\n|poke|p1|Quagsire, F|item\n|poke|p1|Altaria, M|item\n|poke|p1|Magnezone|item\n|poke|p1|Suicune|item\n|poke|p1|Zapdos|item\n|poke|p1|Chansey, F|item\n|poke|p2|Charizard, M|item\n|poke|p2|Tyranitar, F|item\n|poke|p2|Latios, M|item\n|poke|p2|Azumarill, M|item\n|poke|p2|Excadrill, M|item\n|poke|p2|Keldeo|item\n|teampreview\n|inactive|Battle timer is ON: inactive players will automatically lose when time's up. (requested by SkipTheDripBayless)\n|j| Danger!Chupacabra!\n|inactive|YanDog has 120 seconds left.\n|\n|t:|1661529196\n|start\n|switch|p1a: Magnezone|Magnezone|100\/100\n|switch|p2a: Tyranitar|Tyranitar, F|100\/100\n|-weather|Sandstorm|[from] ability: Sand Stream|[of] p2a: Tyranitar\n|turn|1\n|\n|t:|1661529210\n|move|p1a: Magnezone|Flash Cannon|p2a: Tyranitar\n|-supereffective|p2a: Tyranitar\n|-damage|p2a: Tyranitar|63\/100\n|move|p2a: Tyranitar|Stealth Rock|p1a: Magnezone\n|-sidestart|p1: SkipTheDripBayless|move: Stealth Rock\n|\n|-weather|Sandstorm|[upkeep]\n|upkeep\n|turn|2\n|\n|t:|1661529217\n|switch|p1a: Suicune|Suicune|100\/100\n|-damage|p1a: Suicune|88\/100|[from] Stealth Rock\n|-ability|p1a: Suicune|Pressure\n|switch|p2a: Keldeo|Keldeo|100\/100\n|\n|-weather|Sandstorm|[upkeep]\n|-damage|p2a: Keldeo|94\/100|[from] Sandstorm\n|-damage|p1a: Suicune|82\/100|[from] Sandstorm\n|-heal|p2a: Keldeo|100\/100|[from] item: Leftovers\n|-heal|p1a: Suicune|88\/100|[from] item: Leftovers\n|upkeep\n|turn|3\n|\n|t:|1661529238\n|switch|p1a: Zapdos|Zapdos|100\/100\n|-damage|p1a: Zapdos|75\/100|[from] Stealth Rock\n|-ability|p1a: Zapdos|Pressure\n|move|p2a: Keldeo|Substitute|p2a: Keldeo\n|-start|p2a: Keldeo|Substitute\n|-damage|p2a: Keldeo|76\/100\n|\n|-weather|Sandstorm|[upkeep]\n|-damage|p2a: Keldeo|70\/100|[from] Sandstorm\n|-damage|p1a: Zapdos|69\/100|[from] Sandstorm\n|-heal|p2a: Keldeo|76\/100|[from] item: Leftovers\n|-heal|p1a: Zapdos|75\/100|[from] item: Leftovers\n|upkeep\n|turn|4\n|\n|t:|1661529246\n|move|p2a: Keldeo|Scald|p1a: Zapdos\n|-damage|p1a: Zapdos|47\/100\n|-status|p1a: Zapdos|brn\n|move|p1a: Zapdos|Defog|p2a: Keldeo\n|-sideend|p1: SkipTheDripBayless|Stealth Rock|[from] move: Defog|[of] p1a: Zapdos\n|\n|-weather|Sandstorm|[upkeep]\n|-damage|p2a: Keldeo|70\/100|[from] Sandstorm\n|-damage|p1a: Zapdos|41\/100 brn|[from] Sandstorm\n|-heal|p2a: Keldeo|76\/100|[from] item: Leftovers\n|-heal|p1a: Zapdos|47\/100 brn|[from] item: Leftovers\n|-damage|p1a: Zapdos|35\/100 brn|[from] brn\n|upkeep\n|turn|5\n|\n|t:|1661529255\n|move|p2a: Keldeo|Calm Mind|p2a: Keldeo\n|-boost|p2a: Keldeo|spa|1\n|-boost|p2a: Keldeo|spd|1\n|move|p1a: Zapdos|Roost|p1a: Zapdos\n|-heal|p1a: Zapdos|85\/100 brn\n|-singleturn|p1a: Zapdos|move: Roost\n|\n|-weather|Sandstorm|[upkeep]\n|-damage|p2a: Keldeo|70\/100|[from] Sandstorm\n|-damage|p1a: Zapdos|78\/100 brn|[from] Sandstorm\n|-heal|p2a: Keldeo|76\/100|[from] item: Leftovers\n|-heal|p1a: Zapdos|85\/100 brn|[from] item: Leftovers\n|-damage|p1a: Zapdos|72\/100 brn|[from] brn\n|upkeep\n|turn|6\n|\n|t:|1661529257\n|switch|p1a: Altaria|Altaria, M|100\/100\n|move|p2a: Keldeo|Scald|p1a: Altaria\n|-resisted|p1a: Altaria\n|-damage|p1a: Altaria|72\/100\n|-status|p1a: Altaria|brn\n|\n|-weather|Sandstorm|[upkeep]\n|-damage|p2a: Keldeo|70\/100|[from] Sandstorm\n|-damage|p1a: Altaria|66\/100 brn|[from] Sandstorm\n|-heal|p2a: Keldeo|76\/100|[from] item: Leftovers\n|-damage|p1a: Altaria|54\/100 brn|[from] brn\n|upkeep\n|turn|7\n|\n|t:|1661529266\n|detailschange|p1a: Altaria|Altaria-Mega, M\n|-mega|p1a: Altaria|Altaria|Altarianite\n|move|p2a: Keldeo|Calm Mind|p2a: Keldeo\n|-boost|p2a: Keldeo|spa|1\n|-boost|p2a: Keldeo|spd|1\n|move|p1a: Altaria|Roost|p1a: Altaria\n|-heal|p1a: Altaria|100\/100 brn\n|-singleturn|p1a: Altaria|move: Roost\n|\n|-weather|Sandstorm|[upkeep]\n|-damage|p2a: Keldeo|70\/100|[from] Sandstorm\n|-damage|p1a: Altaria|94\/100 brn|[from] Sandstorm\n|-heal|p2a: Keldeo|76\/100|[from] item: Leftovers\n|-damage|p1a: Altaria|82\/100 brn|[from] brn\n|upkeep\n|turn|8\n|inactive|YanDog has 120 seconds left.\n|\n|t:|1661529296\n|move|p2a: Keldeo|Scald|p1a: Altaria\n|-resisted|p1a: Altaria\n|-damage|p1a: Altaria|46\/100 brn\n|move|p1a: Altaria|Heal Bell|p1a: Altaria\n|-activate|p1a: Altaria|move: Heal Bell\n|-curestatus|p1a: Altaria|brn|[msg]\n|-curestatus|p1: Zapdos|brn|[msg]\n|\n|-weather|none\n|-heal|p2a: Keldeo|82\/100|[from] item: Leftovers\n|upkeep\n|turn|9\n|\n|t:|1661529302\n|move|p2a: Keldeo|Scald|p1a: Altaria\n|-resisted|p1a: Altaria\n|-crit|p1a: Altaria\n|-damage|p1a: Altaria|0 fnt\n|faint|p1a: Altaria\n|\n|-heal|p2a: Keldeo|88\/100|[from] item: Leftovers\n|upkeep\n|\n|t:|1661529316\n|switch|p1a: Magnezone|Magnezone|100\/100\n|turn|10\n|\n|t:|1661529329\n|move|p1a: Magnezone|Volt Switch|p2a: Keldeo\n|-supereffective|p2a: Keldeo\n|-end|p2a: Keldeo|Substitute\n|\n|t:|1661529331\n|switch|p1a: Quagsire|Quagsire, F|100\/100|[from]move: Volt Switch\n|move|p2a: Keldeo|Substitute|p2a: Keldeo\n|-start|p2a: Keldeo|Substitute\n|-damage|p2a: Keldeo|63\/100\n|\n|-heal|p2a: Keldeo|70\/100|[from] item: Leftovers\n|upkeep\n|turn|11\n|\n|t:|1661529338\n|move|p2a: Keldeo|Secret Sword|p1a: Quagsire\n|-damage|p1a: Quagsire|72\/100\n|move|p1a: Quagsire|Haze|p1a: Quagsire\n|-clearallboost\n|\n|-heal|p2a: Keldeo|76\/100|[from] item: Leftovers\n|-heal|p1a: Quagsire|78\/100|[from] item: Leftovers\n|upkeep\n|turn|12\n|\n|t:|1661529343\n|switch|p1a: Suicune|Suicune|88\/100\n|-ability|p1a: Suicune|Pressure\n|move|p2a: Keldeo|Scald|p1a: Suicune\n|-resisted|p1a: Suicune\n|-damage|p1a: Suicune|74\/100\n|\n|-heal|p2a: Keldeo|82\/100|[from] item: Leftovers\n|-heal|p1a: Suicune|80\/100|[from] item: Leftovers\n|upkeep\n|turn|13\n|\n|t:|1661529354\n|move|p2a: Keldeo|Calm Mind|p2a: Keldeo\n|-boost|p2a: Keldeo|spa|1\n|-boost|p2a: Keldeo|spd|1\n|move|p1a: Suicune|Roar|p2a: Keldeo\n|drag|p2a: Tyranitar|Tyranitar, F|63\/100\n|-weather|Sandstorm|[from] ability: Sand Stream|[of] p2a: Tyranitar\n|\n|-weather|Sandstorm|[upkeep]\n|-damage|p1a: Suicune|74\/100|[from] Sandstorm\n|-heal|p1a: Suicune|80\/100|[from] item: Leftovers\n|upkeep\n|turn|14\n|\n|t:|1661529364\n|switch|p2a: Latios|Latios, M|100\/100\n|move|p1a: Suicune|Calm Mind|p1a: Suicune\n|-boost|p1a: Suicune|spa|1\n|-boost|p1a: Suicune|spd|1\n|\n|-weather|Sandstorm|[upkeep]\n|-damage|p2a: Latios|95\/100|[from] Sandstorm\n|-damage|p1a: Suicune|74\/100|[from] Sandstorm\n|-heal|p1a: Suicune|80\/100|[from] item: Leftovers\n|upkeep\n|turn|15\n|\n|t:|1661529371\n|switch|p1a: Chansey|Chansey, F|100\/100\n|move|p2a: Latios|Psyshock|p1a: Chansey\n|-damage|p1a: Chansey|65\/100\n|-damage|p2a: Latios|85\/100|[from] item: Life Orb\n|\n|-weather|Sandstorm|[upkeep]\n|-damage|p2a: Latios|79\/100|[from] Sandstorm\n|-damage|p1a: Chansey|59\/100|[from] Sandstorm\n|upkeep\n|turn|16\n|\n|t:|1661529392\n|switch|p2a: Azumarill|Azumarill, M|100\/100\n|move|p1a: Chansey|Soft-Boiled|p1a: Chansey\n|-heal|p1a: Chansey|100\/100\n|\n|-weather|Sandstorm|[upkeep]\n|-damage|p2a: Azumarill|94\/100|[from] Sandstorm\n|-damage|p1a: Chansey|94\/100|[from] Sandstorm\n|upkeep\n|turn|17\n|\n|t:|1661529413\n|switch|p1a: Magnezone|Magnezone|100\/100\n|move|p2a: Azumarill|Knock Off|p1a: Magnezone\n|-damage|p1a: Magnezone|56\/100\n|-enditem|p1a: Magnezone|Choice Scarf|[from] move: Knock Off|[of] p2a: Azumarill\n|\n|-weather|Sandstorm|[upkeep]\n|-damage|p2a: Azumarill|88\/100|[from] Sandstorm\n|upkeep\n|turn|18\n|\n|t:|1661529426\n|switch|p2a: Latios|Latios, M|79\/100\n|move|p1a: Magnezone|Flash Cannon|p2a: Latios\n|-damage|p2a: Latios|37\/100\n|\n|-weather|Sandstorm|[upkeep]\n|-damage|p2a: Latios|31\/100|[from] Sandstorm\n|upkeep\n|turn|19\n|\n|t:|1661529430\n|move|p2a: Latios|Roost|p2a: Latios\n|-heal|p2a: Latios|81\/100\n|-singleturn|p2a: Latios|move: Roost\n|move|p1a: Magnezone|Flash Cannon|p2a: Latios\n|-damage|p2a: Latios|34\/100\n|\n|-weather|Sandstorm|[upkeep]\n|-damage|p2a: Latios|28\/100|[from] Sandstorm\n|upkeep\n|turn|20\n|\n|t:|1661529444\n|move|p2a: Latios|Roost|p2a: Latios\n|-heal|p2a: Latios|78\/100\n|-singleturn|p2a: Latios|move: Roost\n|move|p1a: Magnezone|Flash Cannon|p2a: Latios\n|-damage|p2a: Latios|31\/100\n|\n|-weather|none\n|upkeep\n|turn|21\n|\n|t:|1661529446\n|move|p2a: Latios|Roost|p2a: Latios\n|-heal|p2a: Latios|81\/100\n|-singleturn|p2a: Latios|move: Roost\n|move|p1a: Magnezone|Flash Cannon|p2a: Latios\n|-damage|p2a: Latios|34\/100\n|\n|upkeep\n|turn|22\n|\n|t:|1661529449\n|move|p2a: Latios|Roost|p2a: Latios\n|-heal|p2a: Latios|85\/100\n|-singleturn|p2a: Latios|move: Roost\n|move|p1a: Magnezone|Flash Cannon|p2a: Latios\n|-crit|p2a: Latios\n|-damage|p2a: Latios|25\/100\n|\n|upkeep\n|turn|23\n|\n|t:|1661529452\n|move|p2a: Latios|Roost|p2a: Latios\n|-heal|p2a: Latios|75\/100\n|-singleturn|p2a: Latios|move: Roost\n|move|p1a: Magnezone|Flash Cannon|p2a: Latios\n|-damage|p2a: Latios|32\/100\n|\n|upkeep\n|turn|24\n|\n|t:|1661529455\n|move|p2a: Latios|Roost|p2a: Latios\n|-heal|p2a: Latios|82\/100\n|-singleturn|p2a: Latios|move: Roost\n|move|p1a: Magnezone|Flash Cannon|p2a: Latios\n|-damage|p2a: Latios|36\/100\n|\n|upkeep\n|turn|25\n|\n|t:|1661529458\n|move|p2a: Latios|Roost|p2a: Latios\n|-heal|p2a: Latios|86\/100\n|-singleturn|p2a: Latios|move: Roost\n|move|p1a: Magnezone|Flash Cannon|p2a: Latios\n|-damage|p2a: Latios|46\/100\n|\n|upkeep\n|turn|26\n|\n|t:|1661529462\n|switch|p2a: Charizard|Charizard, M|100\/100\n|move|p1a: Magnezone|Volt Switch|p2a: Charizard\n|-supereffective|p2a: Charizard\n|-damage|p2a: Charizard|8\/100\n|c|\u2606YanDog|bruh\n|c|\u2606YanDog|wtf\n|\n|t:|1661529470\n|switch|p1a: Chansey|Chansey, F|94\/100|[from]move: Volt Switch\n|\n|upkeep\n|turn|27\n|\n|t:|1661529474\n|detailschange|p2a: Charizard|Charizard-Mega-Y, M\n|-mega|p2a: Charizard|Charizard|Charizardite Y\n|-weather|SunnyDay|[from] ability: Drought|[of] p2a: Charizard\n|move|p2a: Charizard|Roost|p2a: Charizard\n|-heal|p2a: Charizard|58\/100\n|-singleturn|p2a: Charizard|move: Roost\n|move|p1a: Chansey|Toxic|p2a: Charizard\n|-status|p2a: Charizard|tox\n|\n|-weather|SunnyDay|[upkeep]\n|-damage|p2a: Charizard|52\/100 tox|[from] psn\n|upkeep\n|turn|28\n|\n|t:|1661529479\n|switch|p2a: Tyranitar|Tyranitar, F|63\/100\n|-weather|Sandstorm|[from] ability: Sand Stream|[of] p2a: Tyranitar\n|move|p1a: Chansey|Stealth Rock|p2a: Tyranitar\n|-sidestart|p2: YanDog|move: Stealth Rock\n|\n|-weather|Sandstorm|[upkeep]\n|-damage|p1a: Chansey|88\/100|[from] Sandstorm\n|upkeep\n|turn|29\n|\n|t:|1661529488\n|switch|p1a: Quagsire|Quagsire, F|78\/100\n|move|p2a: Tyranitar|Stealth Rock|p1a: Quagsire\n|-sidestart|p1: SkipTheDripBayless|move: Stealth Rock\n|\n|-weather|Sandstorm|[upkeep]\n|-heal|p1a: Quagsire|85\/100|[from] item: Leftovers\n|upkeep\n|turn|30\n|\n|t:|1661529495\n|switch|p2a: Keldeo|Keldeo|82\/100\n|-damage|p2a: Keldeo|76\/100|[from] Stealth Rock\n|move|p1a: Quagsire|Toxic|p2a: Keldeo\n|-status|p2a: Keldeo|tox\n|\n|-weather|Sandstorm|[upkeep]\n|-damage|p2a: Keldeo|70\/100 tox|[from] Sandstorm\n|-heal|p2a: Keldeo|76\/100 tox|[from] item: Leftovers\n|-heal|p1a: Quagsire|91\/100|[from] item: Leftovers\n|-damage|p2a: Keldeo|70\/100 tox|[from] psn\n|upkeep\n|turn|31\n|\n|t:|1661529506\n|switch|p1a: Suicune|Suicune|80\/100\n|-damage|p1a: Suicune|68\/100|[from] Stealth Rock\n|-ability|p1a: Suicune|Pressure\n|move|p2a: Keldeo|Scald|p1a: Suicune\n|-resisted|p1a: Suicune\n|-damage|p1a: Suicune|53\/100\n|\n|-weather|Sandstorm|[upkeep]\n|-damage|p2a: Keldeo|63\/100 tox|[from] Sandstorm\n|-damage|p1a: Suicune|47\/100|[from] Sandstorm\n|-heal|p2a: Keldeo|70\/100 tox|[from] item: Leftovers\n|-heal|p1a: Suicune|53\/100|[from] item: Leftovers\n|-damage|p2a: Keldeo|57\/100 tox|[from] psn\n|upkeep\n|turn|32\n|\n|t:|1661529520\n|move|p2a: Keldeo|Secret Sword|p1a: Suicune\n|-damage|p1a: Suicune|29\/100\n|move|p1a: Suicune|Rest|p1a: Suicune\n|-status|p1a: Suicune|slp|[from] move: Rest\n|-heal|p1a: Suicune|100\/100 slp|[silent]\n|\n|-weather|Sandstorm|[upkeep]\n|-damage|p2a: Keldeo|51\/100 tox|[from] Sandstorm\n|-damage|p1a: Suicune|94\/100 slp|[from] Sandstorm\n|-heal|p2a: Keldeo|57\/100 tox|[from] item: Leftovers\n|-heal|p1a: Suicune|100\/100 slp|[from] item: Leftovers\n|-damage|p2a: Keldeo|39\/100 tox|[from] psn\n|upkeep\n|turn|33\n|\n|t:|1661529530\n|move|p2a: Keldeo|Calm Mind|p2a: Keldeo\n|-boost|p2a: Keldeo|spa|1\n|-boost|p2a: Keldeo|spd|1\n|cant|p1a: Suicune|slp\n|\n|-weather|Sandstorm|[upkeep]\n|-damage|p2a: Keldeo|32\/100 tox|[from] Sandstorm\n|-damage|p1a: Suicune|94\/100 slp|[from] Sandstorm\n|-heal|p2a: Keldeo|39\/100 tox|[from] item: Leftovers\n|-heal|p1a: Suicune|100\/100 slp|[from] item: Leftovers\n|-damage|p2a: Keldeo|14\/100 tox|[from] psn\n|upkeep\n|turn|34\n|\n|t:|1661529533\n|move|p2a: Keldeo|Secret Sword|p1a: Suicune\n|-damage|p1a: Suicune|62\/100 slp\n|cant|p1a: Suicune|slp\n|\n|-weather|Sandstorm|[upkeep]\n|-damage|p2a: Keldeo|8\/100 tox|[from] Sandstorm\n|-damage|p1a: Suicune|55\/100 slp|[from] Sandstorm\n|-heal|p2a: Keldeo|14\/100 tox|[from] item: Leftovers\n|-heal|p1a: Suicune|62\/100 slp|[from] item: Leftovers\n|-damage|p2a: Keldeo|0 fnt|[from] psn\n|faint|p2a: Keldeo\n|upkeep\n|inactive|YanDog has 120 seconds left.\n|inactive|YanDog has 90 seconds left.\n|\n|t:|1661529601\n|switch|p2a: Latios|Latios, M|46\/100\n|-damage|p2a: Latios|34\/100|[from] Stealth Rock\n|turn|35\n|j| Hizelend\n|\n|t:|1661529611\n|switch|p1a: Magnezone|Magnezone|56\/100\n|-damage|p1a: Magnezone|50\/100|[from] Stealth Rock\n|move|p2a: Latios|Defog|p1a: Magnezone\n|-unboost|p1a: Magnezone|evasion|1\n|-sideend|p1: SkipTheDripBayless|Stealth Rock|[from] move: Defog|[of] p2a: Latios\n|-sideend|p2: YanDog|Stealth Rock|[from] move: Defog|[of] p2a: Latios\n|\n|-weather|none\n|upkeep\n|turn|36\n|\n|t:|1661529625\n|move|p2a: Latios|Draco Meteor|p1a: Magnezone\n|-resisted|p1a: Magnezone\n|-damage|p1a: Magnezone|0 fnt\n|-unboost|p2a: Latios|spa|2\n|faint|p1a: Magnezone\n|-damage|p2a: Latios|24\/100|[from] item: Life Orb\n|\n|upkeep\n|\n|t:|1661529631\n|switch|p1a: Suicune|Suicune|62\/100 slp\n|-ability|p1a: Suicune|Pressure\n|turn|37\n|\n|t:|1661529642\n|switch|p2a: Charizard|Charizard-Mega-Y, M|52\/100 tox\n|-weather|SunnyDay|[from] ability: Drought|[of] p2a: Charizard\n|-curestatus|p1a: Suicune|slp|[msg]\n|move|p1a: Suicune|Scald|p2a: Charizard\n|-supereffective|p2a: Charizard\n|-damage|p2a: Charizard|23\/100 tox\n|\n|-weather|SunnyDay|[upkeep]\n|-heal|p1a: Suicune|68\/100|[from] item: Leftovers\n|-damage|p2a: Charizard|17\/100 tox|[from] psn\n|upkeep\n|turn|38\n|\n|t:|1661529654\n|switch|p1a: Chansey|Chansey, F|88\/100\n|move|p2a: Charizard|Solar Beam||[still]\n|-prepare|p2a: Charizard|Solar Beam\n|-anim|p2a: Charizard|Solar Beam|p1a: Chansey\n|-damage|p1a: Chansey|73\/100\n|\n|-weather|SunnyDay|[upkeep]\n|-damage|p2a: Charizard|5\/100 tox|[from] psn\n|upkeep\n|turn|39\n|\n|t:|1661529670\n|move|p2a: Charizard|Roost|p2a: Charizard\n|-heal|p2a: Charizard|55\/100 tox\n|-singleturn|p2a: Charizard|move: Roost\n|move|p1a: Chansey|Soft-Boiled|p1a: Chansey\n|-heal|p1a: Chansey|100\/100\n|\n|-weather|SunnyDay|[upkeep]\n|-damage|p2a: Charizard|37\/100 tox|[from] psn\n|upkeep\n|turn|40\n|\n|t:|1661529680\n|switch|p2a: Azumarill|Azumarill, M|88\/100\n|move|p1a: Chansey|Toxic|p2a: Azumarill\n|-status|p2a: Azumarill|tox\n|\n|-weather|SunnyDay|[upkeep]\n|-damage|p2a: Azumarill|82\/100 tox|[from] psn\n|upkeep\n|turn|41\n|\n|t:|1661529700\n|switch|p1a: Zapdos|Zapdos|72\/100\n|-ability|p1a: Zapdos|Pressure\n|move|p2a: Azumarill|Knock Off|p1a: Zapdos\n|-crit|p1a: Zapdos\n|-damage|p1a: Zapdos|15\/100\n|-enditem|p1a: Zapdos|Leftovers|[from] move: Knock Off|[of] p2a: Azumarill\n|\n|-weather|none\n|-damage|p2a: Azumarill|70\/100 tox|[from] psn\n|upkeep\n|turn|42\n|\n|t:|1661529711\n|switch|p1a: Quagsire|Quagsire, F|91\/100\n|switch|p2a: Tyranitar|Tyranitar, F|63\/100\n|-weather|Sandstorm|[from] ability: Sand Stream|[of] p2a: Tyranitar\n|\n|-weather|Sandstorm|[upkeep]\n|-heal|p1a: Quagsire|97\/100|[from] item: Leftovers\n|upkeep\n|turn|43\n|\n|t:|1661529728\n|move|p2a: Tyranitar|Stealth Rock|p1a: Quagsire\n|-sidestart|p1: SkipTheDripBayless|move: Stealth Rock\n|move|p1a: Quagsire|Toxic|p2a: Tyranitar\n|-status|p2a: Tyranitar|tox\n|\n|-weather|Sandstorm|[upkeep]\n|-heal|p1a: Quagsire|100\/100|[from] item: Leftovers\n|-damage|p2a: Tyranitar|57\/100 tox|[from] psn\n|upkeep\n|turn|44\n|\n|t:|1661529740\n|switch|p1a: Chansey|Chansey, F|100\/100\n|-damage|p1a: Chansey|88\/100|[from] Stealth Rock\n|move|p2a: Tyranitar|Stone Edge|p1a: Chansey|[miss]\n|-miss|p2a: Tyranitar|p1a: Chansey\n|\n|-weather|Sandstorm|[upkeep]\n|-damage|p1a: Chansey|82\/100|[from] Sandstorm\n|-damage|p2a: Tyranitar|44\/100 tox|[from] psn\n|upkeep\n|turn|45\n|\n|t:|1661529746\n|switch|p2a: Azumarill|Azumarill, M|70\/100 tox\n|move|p1a: Chansey|Stealth Rock|p2a: Azumarill\n|-sidestart|p2: YanDog|move: Stealth Rock\n|\n|-weather|Sandstorm|[upkeep]\n|-damage|p2a: Azumarill|64\/100 tox|[from] Sandstorm\n|-damage|p1a: Chansey|76\/100|[from] Sandstorm\n|-damage|p2a: Azumarill|58\/100 tox|[from] psn\n|upkeep\n|turn|46\n|\n|t:|1661529750\n|switch|p1a: Quagsire|Quagsire, F|100\/100\n|-damage|p1a: Quagsire|94\/100|[from] Stealth Rock\n|move|p2a: Azumarill|Knock Off|p1a: Quagsire\n|-damage|p1a: Quagsire|66\/100\n|-enditem|p1a: Quagsire|Leftovers|[from] move: Knock Off|[of] p2a: Azumarill\n|\n|-weather|Sandstorm|[upkeep]\n|-damage|p2a: Azumarill|52\/100 tox|[from] Sandstorm\n|-damage|p2a: Azumarill|40\/100 tox|[from] psn\n|upkeep\n|-enditem|p2a: Azumarill|Sitrus Berry|[eat]\n|-heal|p2a: Azumarill|65\/100 tox|[from] item: Sitrus Berry\n|turn|47\n|\n|t:|1661529780\n|move|p2a: Azumarill|Play Rough|p1a: Quagsire|[miss]\n|-miss|p2a: Azumarill|p1a: Quagsire\n|move|p1a: Quagsire|Recover|p1a: Quagsire\n|-heal|p1a: Quagsire|100\/100\n|\n|-weather|Sandstorm|[upkeep]\n|-damage|p2a: Azumarill|59\/100 tox|[from] Sandstorm\n|-damage|p2a: Azumarill|41\/100 tox|[from] psn\n|upkeep\n|turn|48\n|\n|t:|1661529789\n|switch|p2a: Excadrill|Excadrill, M|100\/100\n|-damage|p2a: Excadrill|97\/100|[from] Stealth Rock\n|-item|p2a: Excadrill|Air Balloon\n|move|p1a: Quagsire|Recover||[still]\n|-fail|p1a: Quagsire|heal\n|\n|-weather|Sandstorm|[upkeep]\n|upkeep\n|turn|49\n|\n|t:|1661529791\n|move|p2a: Excadrill|Swords Dance|p2a: Excadrill\n|-boost|p2a: Excadrill|atk|2\n|move|p1a: Quagsire|Scald|p2a: Excadrill\n|-supereffective|p2a: Excadrill\n|-damage|p2a: Excadrill|44\/100\n|-enditem|p2a: Excadrill|Air Balloon\n|\n|-weather|none\n|upkeep\n|turn|50\n|c|\u2606YanDog|this is such a joke\n|c|\u2606YanDog|fat ass stall in 2022 with scald instead of eq\n|inactive|YanDog has 90 seconds left.\n|\n|t:|1661529824\n|switch|p2a: Latios|Latios, M|24\/100\n|-damage|p2a: Latios|12\/100|[from] Stealth Rock\n|move|p1a: Quagsire|Scald|p2a: Latios\n|-resisted|p2a: Latios\n|-damage|p2a: Latios|1\/100\n|-status|p2a: Latios|brn\n|\n|-damage|p2a: Latios|0 fnt|[from] brn\n|faint|p2a: Latios\n|upkeep\n|inactive|YanDog has 90 seconds left.\n|\n|t:|1661529829\n|switch|p2a: Excadrill|Excadrill, M|44\/100\n|-damage|p2a: Excadrill|41\/100|[from] Stealth Rock\n|turn|51\n|\n|t:|1661529833\n|move|p2a: Excadrill|Earthquake|p1a: Quagsire\n|-crit|p1a: Quagsire\n|-damage|p1a: Quagsire|39\/100\n|move|p1a: Quagsire|Scald|p2a: Excadrill\n|-supereffective|p2a: Excadrill\n|-damage|p2a: Excadrill|0 fnt\n|faint|p2a: Excadrill\n|\n|upkeep\n|\n|t:|1661529842\n|switch|p2a: Azumarill|Azumarill, M|41\/100 tox\n|-damage|p2a: Azumarill|29\/100 tox|[from] Stealth Rock\n|turn|52\n|\n|t:|1661529864\n|move|p2a: Azumarill|Play Rough|p1a: Quagsire\n|-damage|p1a: Quagsire|2\/100\n|move|p1a: Quagsire|Recover|p1a: Quagsire\n|-heal|p1a: Quagsire|52\/100\n|\n|-damage|p2a: Azumarill|22\/100 tox|[from] psn\n|upkeep\n|turn|53\n|\n|t:|1661529868\n|move|p2a: Azumarill|Play Rough|p1a: Quagsire\n|-damage|p1a: Quagsire|10\/100\n|-unboost|p1a: Quagsire|atk|1\n|move|p1a: Quagsire|Recover|p1a: Quagsire\n|-heal|p1a: Quagsire|60\/100\n|\n|-damage|p2a: Azumarill|10\/100 tox|[from] psn\n|upkeep\n|turn|54\n|\n|t:|1661529872\n|switch|p1a: Zapdos|Zapdos|15\/100\n|-damage|p1a: Zapdos|0 fnt|[from] Stealth Rock\n|faint|p1a: Zapdos\n|move|p2a: Azumarill|Play Rough|p1: Zapdos|[notarget]\n|-fail|p2a: Azumarill\n|\n|-damage|p2a: Azumarill|0 fnt|[from] psn\n|faint|p2a: Azumarill\n|upkeep\n|\n|t:|1661529878\n|switch|p1a: Chansey|Chansey, F|76\/100\n|switch|p2a: Tyranitar|Tyranitar, F|44\/100 tox\n|-damage|p2a: Tyranitar|32\/100 tox|[from] Stealth Rock\n|-weather|Sandstorm|[from] ability: Sand Stream|[of] p2a: Tyranitar\n|-damage|p1a: Chansey|64\/100|[from] Stealth Rock\n|turn|55\n|\n|t:|1661529881\n|move|p2a: Tyranitar|Stone Edge|p1a: Chansey|[miss]\n|-miss|p2a: Tyranitar|p1a: Chansey\n|move|p1a: Chansey|Seismic Toss|p2a: Tyranitar\n|-damage|p2a: Tyranitar|7\/100 tox\n|\n|-weather|Sandstorm|[upkeep]\n|-damage|p1a: Chansey|57\/100|[from] Sandstorm\n|-damage|p2a: Tyranitar|1\/100 tox|[from] psn\n|upkeep\n|turn|56\n|\n|t:|1661529883\n|move|p2a: Tyranitar|Stone Edge|p1a: Chansey\n|-damage|p1a: Chansey|29\/100\n|move|p1a: Chansey|Seismic Toss|p2a: Tyranitar\n|-damage|p2a: Tyranitar|0 fnt\n|faint|p2a: Tyranitar\n|\n|-weather|Sandstorm|[upkeep]\n|-damage|p1a: Chansey|23\/100|[from] Sandstorm\n|upkeep\n|\n|t:|1661529888\n|switch|p2a: Charizard|Charizard-Mega-Y, M|37\/100 tox\n|-damage|p2a: Charizard|0 fnt|[from] Stealth Rock\n|faint|p2a: Charizard\n|\n|win|SkipTheDripBayless\n|raw|SkipTheDripBayless's rating: 1615 &rarr; <strong>1637<\/strong><br \/>(+22 for winning)\n|raw|YanDog's rating: 1647 &rarr; <strong>1625<\/strong><br \/>(-22 for losing)\n|c|\u2606YanDog|gg\n|l|\u2606YanDog\n|l|\u203dSkipTheDripBayless\n|l| Danger!Chupacabra!\n||Ladder isn't responding, score probably updated but might not have (Request timeout).\n","uploadtime":1661530043,"views":22,"p1id":"skipthedripbayless","p2id":"yandog","formatid":"gen6ou","rating":1625,"private":0,"password":null}