{"id":"gen6ou-1675591086","p1":"AlIoutdragadarts","p2":"Hublo","format":"gen6ou","log":"|j|\u2606AlIoutdragadarts\n|j|\u2606Hublo\n|t:|1664697559\n|gametype|singles\n|player|p1|AlIoutdragadarts|hiker-gen4|1524\n|player|p2|Hublo|camper|1389\n|teamsize|p1|6\n|teamsize|p2|6\n|gen|6\n|tier|[Gen 6] OU\n|rated|\n|rule|Sleep Clause Mod: Limit one foe put to sleep\n|rule|Species Clause: Limit one of each Pok\u00e9mon\n|rule|OHKO Clause: OHKO moves are banned\n|rule|Moody Clause: Moody is banned\n|rule|Evasion Items Clause: Evasion items are banned\n|rule|Evasion Moves Clause: Evasion moves are banned\n|rule|Endless Battle Clause: Forcing endless battles is banned\n|rule|HP Percentage Mod: HP is shown in percentages\n|rule|Swagger Clause: Swagger is banned\n|clearpoke\n|poke|p1|Charizard, F|item\n|poke|p1|Xatu, F|item\n|poke|p1|Azumarill, F|item\n|poke|p1|Dragonite, M|item\n|poke|p1|Excadrill, F|item\n|poke|p1|Bisharp, M|item\n|poke|p2|Ferrothorn, M|item\n|poke|p2|Charizard, F|item\n|poke|p2|Weavile, M|item\n|poke|p2|Latias, F|item\n|poke|p2|Landorus-Therian, M|item\n|poke|p2|Rotom-Wash|item\n|teampreview\n|\n|t:|1664697593\n|start\n|switch|p1a: Excadrill|Excadrill, F|100\/100\n|switch|p2a: Weavile|Weavile, M|100\/100\n|-ability|p2a: Weavile|Pressure\n|-ability|p1a: Excadrill|Mold Breaker\n|turn|1\n|\n|t:|1664697597\n|move|p2a: Weavile|Icicle Crash|p1a: Excadrill\n|-damage|p1a: Excadrill|8\/100\n|cant|p1a: Excadrill|flinch\n|\n|upkeep\n|turn|2\n|\n|t:|1664697607\n|move|p2a: Weavile|Icicle Crash|p1a: Excadrill\n|-damage|p1a: Excadrill|0 fnt\n|faint|p1a: Excadrill\n|\n|upkeep\n|\n|t:|1664697611\n|switch|p1a: Azumarill|Azumarill, F|100\/100\n|turn|3\n|\n|t:|1664697614\n|switch|p2a: Rotom|Rotom-Wash, shiny|100\/100\n|move|p1a: Azumarill|Belly Drum|p1a: Azumarill\n|-damage|p1a: Azumarill|50\/100\n|-setboost|p1a: Azumarill|atk|6|[from] move: Belly Drum\n|-enditem|p1a: Azumarill|Sitrus Berry|[eat]\n|-heal|p1a: Azumarill|75\/100|[from] item: Sitrus Berry\n|\n|upkeep\n|turn|4\n|\n|t:|1664697618\n|move|p2a: Rotom|Volt Switch|p1a: Azumarill\n|-supereffective|p1a: Azumarill\n|-crit|p1a: Azumarill\n|-damage|p1a: Azumarill|0 fnt\n|faint|p1a: Azumarill\n|\n|t:|1664697623\n|switch|p2a: Landorus|Landorus-Therian, M|100\/100|[from]move: Volt Switch\n|\n|upkeep\n|c|\u2606AlIoutdragadarts|hm\n|\n|t:|1664697633\n|switch|p1a: Xatu|Xatu, F|100\/100\n|turn|5\n|\n|t:|1664697653\n|move|p2a: Landorus|U-turn|p1a: Xatu\n|-damage|p1a: Xatu|65\/100\n|\n|t:|1664697657\n|switch|p2a: Weavile|Weavile, M|100\/100|[from]move: U-turn\n|-ability|p2a: Weavile|Pressure\n|move|p1a: Xatu|Reflect|p1a: Xatu\n|-sidestart|p1: AlIoutdragadarts|Reflect\n|\n|upkeep\n|turn|6\n|\n|t:|1664697663\n|move|p2a: Weavile|Knock Off|p1a: Xatu\n|-supereffective|p1a: Xatu\n|-damage|p1a: Xatu|0 fnt\n|-enditem|p1a: Xatu|Light Clay|[from] move: Knock Off|[of] p2a: Weavile\n|faint|p1a: Xatu\n|\n|upkeep\n|\n|t:|1664697669\n|switch|p1a: Bisharp|Bisharp, M|100\/100\n|turn|7\n|\n|t:|1664697672\n|move|p2a: Weavile|Knock Off|p1a: Bisharp\n|-resisted|p1a: Bisharp\n|-damage|p1a: Bisharp|78\/100\n|-enditem|p1a: Bisharp|Life Orb|[from] move: Knock Off|[of] p2a: Weavile\n|move|p1a: Bisharp|Swords Dance|p1a: Bisharp\n|-boost|p1a: Bisharp|atk|2\n|\n|upkeep\n|turn|8\n|\n|t:|1664697682\n|switch|p2a: Charizard|Charizard, F|100\/100\n|move|p1a: Bisharp|Swords Dance|p1a: Bisharp\n|-boost|p1a: Bisharp|atk|2\n|\n|upkeep\n|turn|9\n|\n|t:|1664697687\n|detailschange|p2a: Charizard|Charizard-Mega-X, F\n|-mega|p2a: Charizard|Charizard|Charizardite X\n|move|p1a: Bisharp|Sucker Punch||[still]\n|-fail|p1a: Bisharp\n|move|p2a: Charizard|Dragon Dance|p2a: Charizard\n|-boost|p2a: Charizard|atk|1\n|-boost|p2a: Charizard|spe|1\n|\n|upkeep\n|turn|10\n|\n|t:|1664697691\n|move|p1a: Bisharp|Sucker Punch||[still]\n|-fail|p1a: Bisharp\n|move|p2a: Charizard|Dragon Dance|p2a: Charizard\n|-boost|p2a: Charizard|atk|1\n|-boost|p2a: Charizard|spe|1\n|\n|upkeep\n|turn|11\n|\n|t:|1664697693\n|move|p1a: Bisharp|Sucker Punch||[still]\n|-fail|p1a: Bisharp\n|move|p2a: Charizard|Dragon Dance|p2a: Charizard\n|-boost|p2a: Charizard|atk|1\n|-boost|p2a: Charizard|spe|1\n|\n|upkeep\n|turn|12\n|\n|t:|1664697697\n|move|p1a: Bisharp|Sucker Punch||[still]\n|-fail|p1a: Bisharp\n|move|p2a: Charizard|Dragon Dance|p2a: Charizard\n|-boost|p2a: Charizard|atk|1\n|-boost|p2a: Charizard|spe|1\n|\n|-sideend|p1: AlIoutdragadarts|Reflect\n|upkeep\n|turn|13\n|\n|t:|1664697701\n|move|p2a: Charizard|Flare Blitz|p1a: Bisharp\n|-supereffective|p1a: Bisharp\n|-damage|p1a: Bisharp|0 fnt\n|faint|p1a: Bisharp\n|-damage|p2a: Charizard|80\/100|[from] Recoil\n|\n|upkeep\n|c|\u2606AlIoutdragadarts|holy\n|c|\u2606AlIoutdragadarts|I suck\n|-message|AlIoutdragadarts forfeited.\n|\n|win|Hublo\n|raw|AlIoutdragadarts's rating: 1524 &rarr; <strong>1497<\/strong><br \/>(-27 for losing)\n|raw|Hublo's rating: 1389 &rarr; <strong>1416<\/strong><br \/>(+27 for winning)\n|l|\u2606AlIoutdragadarts\n","uploadtime":1664697737,"views":10,"p1id":"alioutdragadarts","p2id":"hublo","formatid":"gen6ou","rating":1416,"private":0,"password":null}