{"id":"gen6ou-1636688580","p1":"SkipTheDripBayless","p2":"Eric shuor","format":"gen6ou","log":"|j|\u2606SkipTheDripBayless\n|j|\u2606Eric shuor\n|t:|1660153881\n|gametype|singles\n|player|p1|SkipTheDripBayless|worker-gen4|1461\n|player|p2|Eric shuor|red-masters|1349\n|teamsize|p1|6\n|teamsize|p2|6\n|gen|6\n|tier|[Gen 6] OU\n|rated|\n|rule|Sleep Clause Mod: Limit one foe put to sleep\n|rule|Species Clause: Limit one of each Pok\u00e9mon\n|rule|OHKO Clause: OHKO moves are banned\n|rule|Moody Clause: Moody is banned\n|rule|Evasion Moves Clause: Evasion moves are banned\n|rule|Endless Battle Clause: Forcing endless battles is banned\n|rule|HP Percentage Mod: HP is shown in percentages\n|rule|Swagger Clause: Swagger is banned\n|clearpoke\n|poke|p1|Quagsire, F|item\n|poke|p1|Altaria, F|item\n|poke|p1|Magnezone|item\n|poke|p1|Suicune|item\n|poke|p1|Zapdos|item\n|poke|p1|Chansey, F|item\n|poke|p2|Nidoking, M|item\n|poke|p2|Scizor, M|item\n|poke|p2|Weavile, M|item\n|poke|p2|Garchomp, M|item\n|poke|p2|Latios, M|item\n|poke|p2|Tornadus-Therian, M|item\n|teampreview\n|inactive|Battle timer is ON: inactive players will automatically lose when time's up. (requested by SkipTheDripBayless)\n|\n|t:|1660153903\n|start\n|switch|p1a: Suicune|Suicune|100\/100\n|switch|p2a: Weavile|Weavile, M|100\/100\n|-ability|p2a: Weavile|Pressure\n|-ability|p1a: Suicune|Pressure\n|turn|1\n|\n|t:|1660153915\n|move|p2a: Weavile|Knock Off|p1a: Suicune\n|-damage|p1a: Suicune|64\/100\n|-enditem|p1a: Suicune|Leftovers|[from] move: Knock Off|[of] p2a: Weavile\n|move|p1a: Suicune|Scald|p2a: Weavile\n|-damage|p2a: Weavile|63\/100\n|\n|upkeep\n|turn|2\n|\n|t:|1660153925\n|switch|p2a: Tornadus|Tornadus-Therian, M|100\/100\n|switch|p1a: Chansey|Chansey, F|100\/100\n|\n|upkeep\n|turn|3\n|\n|t:|1660153928\n|switch|p1a: Suicune|Suicune|64\/100\n|-ability|p1a: Suicune|Pressure\n|move|p2a: Tornadus|Knock Off|p1a: Suicune\n|-damage|p1a: Suicune|57\/100\n|\n|upkeep\n|turn|4\n|\n|t:|1660153932\n|move|p2a: Tornadus|Hurricane|p1a: Suicune\n|-damage|p1a: Suicune|29\/100\n|move|p1a: Suicune|Rest|p1a: Suicune\n|-status|p1a: Suicune|slp|[from] move: Rest\n|-heal|p1a: Suicune|100\/100 slp|[silent]\n|\n|upkeep\n|turn|5\n|\n|t:|1660153937\n|move|p2a: Tornadus|U-turn|p1a: Suicune\n|-damage|p1a: Suicune|93\/100 slp\n|\n|t:|1660153941\n|switch|p2a: Garchomp|Garchomp, M|100\/100|[from]move: U-turn\n|cant|p1a: Suicune|slp\n|\n|upkeep\n|turn|6\n|\n|t:|1660153953\n|switch|p1a: Zapdos|Zapdos|100\/100\n|-ability|p1a: Zapdos|Pressure\n|move|p2a: Garchomp|Stealth Rock|p1a: Zapdos\n|-sidestart|p1: SkipTheDripBayless|move: Stealth Rock\n|\n|upkeep\n|turn|7\n|\n|t:|1660153962\n|switch|p2a: Nidoking|Nidoking, M|100\/100\n|move|p1a: Zapdos|Hidden Power|p2a: Nidoking\n|-supereffective|p2a: Nidoking\n|-damage|p2a: Nidoking|56\/100\n|\n|upkeep\n|turn|8\n|\n|t:|1660153972\n|move|p2a: Nidoking|Ice Beam|p1a: Zapdos\n|-supereffective|p1a: Zapdos\n|-damage|p1a: Zapdos|38\/100\n|move|p1a: Zapdos|Defog|p2a: Nidoking\n|-unboost|p2a: Nidoking|evasion|1\n|-sideend|p1: SkipTheDripBayless|Stealth Rock|[from] move: Defog|[of] p1a: Zapdos\n|\n|-heal|p1a: Zapdos|45\/100|[from] item: Leftovers\n|upkeep\n|turn|9\n|\n|t:|1660153979\n|switch|p2a: Weavile|Weavile, M|63\/100\n|-ability|p2a: Weavile|Pressure\n|switch|p1a: Chansey|Chansey, F|100\/100\n|\n|upkeep\n|turn|10\n|\n|t:|1660153986\n|switch|p2a: Scizor|Scizor, M|100\/100\n|switch|p1a: Suicune|Suicune|93\/100 slp\n|-ability|p1a: Suicune|Pressure\n|\n|upkeep\n|turn|11\n|\n|t:|1660153990\n|detailschange|p2a: Scizor|Scizor-Mega, M\n|-mega|p2a: Scizor|Scizor|Scizorite\n|cant|p1a: Suicune|slp\n|move|p2a: Scizor|U-turn|p1a: Suicune\n|-damage|p1a: Suicune|69\/100 slp\n|\n|t:|1660154001\n|switch|p2a: Garchomp|Garchomp, M|100\/100|[from]move: U-turn\n|\n|upkeep\n|turn|12\n|\n|t:|1660154004\n|switch|p1a: Zapdos|Zapdos|45\/100\n|-ability|p1a: Zapdos|Pressure\n|move|p2a: Garchomp|Dragon Tail|p1a: Zapdos\n|-damage|p1a: Zapdos|18\/100\n|drag|p1a: Magnezone|Magnezone|100\/100\n|\n|upkeep\n|turn|13\n|\n|t:|1660154011\n|switch|p1a: Zapdos|Zapdos|18\/100\n|-ability|p1a: Zapdos|Pressure\n|move|p2a: Garchomp|Stealth Rock|p1a: Zapdos\n|-sidestart|p1: SkipTheDripBayless|move: Stealth Rock\n|\n|-heal|p1a: Zapdos|24\/100|[from] item: Leftovers\n|upkeep\n|turn|14\n|\n|t:|1660154014\n|move|p2a: Garchomp|Earthquake|p1a: Zapdos\n|-immune|p1a: Zapdos\n|move|p1a: Zapdos|Defog|p2a: Garchomp\n|-unboost|p2a: Garchomp|evasion|1\n|-sideend|p1: SkipTheDripBayless|Stealth Rock|[from] move: Defog|[of] p1a: Zapdos\n|\n|-heal|p1a: Zapdos|30\/100|[from] item: Leftovers\n|upkeep\n|turn|15\n|\n|t:|1660154018\n|move|p2a: Garchomp|Stealth Rock|p1a: Zapdos\n|-sidestart|p1: SkipTheDripBayless|move: Stealth Rock\n|move|p1a: Zapdos|Roost|p1a: Zapdos\n|-heal|p1a: Zapdos|80\/100\n|-singleturn|p1a: Zapdos|move: Roost\n|\n|-heal|p1a: Zapdos|87\/100|[from] item: Leftovers\n|upkeep\n|turn|16\n|\n|t:|1660154023\n|switch|p2a: Weavile|Weavile, M|63\/100\n|-ability|p2a: Weavile|Pressure\n|move|p1a: Zapdos|Defog|p2a: Weavile\n|-unboost|p2a: Weavile|evasion|1\n|-sideend|p1: SkipTheDripBayless|Stealth Rock|[from] move: Defog|[of] p1a: Zapdos\n|\n|-heal|p1a: Zapdos|93\/100|[from] item: Leftovers\n|upkeep\n|turn|17\n|\n|t:|1660154029\n|switch|p1a: Suicune|Suicune|69\/100 slp\n|-ability|p1a: Suicune|Pressure\n|move|p2a: Weavile|Knock Off|p1a: Suicune\n|-damage|p1a: Suicune|44\/100 slp\n|\n|upkeep\n|turn|18\n|\n|t:|1660154034\n|switch|p2a: Garchomp|Garchomp, M|100\/100\n|-curestatus|p1a: Suicune|slp|[msg]\n|move|p1a: Suicune|Scald|p2a: Garchomp\n|-damage|p2a: Garchomp|77\/100\n|\n|upkeep\n|turn|19\n|\n|t:|1660154037\n|switch|p1a: Zapdos|Zapdos|93\/100\n|-ability|p1a: Zapdos|Pressure\n|move|p2a: Garchomp|Stealth Rock|p1a: Zapdos\n|-sidestart|p1: SkipTheDripBayless|move: Stealth Rock\n|\n|-heal|p1a: Zapdos|99\/100|[from] item: Leftovers\n|upkeep\n|turn|20\n|\n|t:|1660154041\n|switch|p2a: Latios|Latios, M|100\/100\n|move|p1a: Zapdos|Defog|p2a: Latios\n|-unboost|p2a: Latios|evasion|1\n|-sideend|p1: SkipTheDripBayless|Stealth Rock|[from] move: Defog|[of] p1a: Zapdos\n|\n|-heal|p1a: Zapdos|100\/100|[from] item: Leftovers\n|upkeep\n|turn|21\n|\n|t:|1660154047\n|switch|p2a: Tornadus|Tornadus-Therian, M|100\/100\n|move|p1a: Zapdos|Roost||[still]\n|-fail|p1a: Zapdos|heal\n|\n|upkeep\n|turn|22\n|\n|t:|1660154053\n|switch|p1a: Suicune|Suicune|44\/100\n|-ability|p1a: Suicune|Pressure\n|move|p2a: Tornadus|U-turn|p1a: Suicune\n|-damage|p1a: Suicune|37\/100\n|\n|t:|1660154058\n|switch|p2a: Nidoking|Nidoking, M|56\/100|[from]move: U-turn\n|\n|upkeep\n|turn|23\n|\n|t:|1660154061\n|switch|p1a: Chansey|Chansey, F|100\/100\n|move|p2a: Nidoking|Sludge Wave|p1a: Chansey\n|-damage|p1a: Chansey|80\/100\n|\n|upkeep\n|turn|24\n|\n|t:|1660154064\n|switch|p2a: Garchomp|Garchomp, M|77\/100\n|move|p1a: Chansey|Toxic|p2a: Garchomp\n|-status|p2a: Garchomp|tox\n|\n|-damage|p2a: Garchomp|71\/100 tox|[from] psn\n|upkeep\n|turn|25\n|\n|t:|1660154067\n|switch|p1a: Zapdos|Zapdos|100\/100\n|-ability|p1a: Zapdos|Pressure\n|move|p2a: Garchomp|Stealth Rock|p1a: Zapdos\n|-sidestart|p1: SkipTheDripBayless|move: Stealth Rock\n|\n|-damage|p2a: Garchomp|59\/100 tox|[from] psn\n|upkeep\n|turn|26\n|\n|t:|1660154073\n|switch|p2a: Latios|Latios, M|100\/100\n|move|p1a: Zapdos|Defog|p2a: Latios\n|-unboost|p2a: Latios|evasion|1\n|-sideend|p1: SkipTheDripBayless|Stealth Rock|[from] move: Defog|[of] p1a: Zapdos\n|\n|upkeep\n|turn|27\n|\n|t:|1660154084\n|move|p2a: Latios|Psyshock|p1a: Zapdos\n|-damage|p1a: Zapdos|48\/100\n|-damage|p2a: Latios|91\/100|[from] item: Life Orb\n|move|p1a: Zapdos|Roost|p1a: Zapdos\n|-heal|p1a: Zapdos|98\/100\n|-singleturn|p1a: Zapdos|move: Roost\n|\n|-heal|p1a: Zapdos|100\/100|[from] item: Leftovers\n|upkeep\n|turn|28\n|\n|t:|1660154093\n|switch|p2a: Tornadus|Tornadus-Therian, M|100\/100\n|move|p1a: Zapdos|Roost||[still]\n|-fail|p1a: Zapdos|heal\n|\n|upkeep\n|turn|29\n|\n|t:|1660154098\n|move|p2a: Tornadus|Knock Off|p1a: Zapdos\n|-damage|p1a: Zapdos|80\/100\n|-enditem|p1a: Zapdos|Leftovers|[from] move: Knock Off|[of] p2a: Tornadus\n|move|p1a: Zapdos|Hidden Power|p2a: Tornadus\n|-supereffective|p2a: Tornadus\n|-crit|p2a: Tornadus\n|-damage|p2a: Tornadus|64\/100\n|\n|upkeep\n|turn|30\n|\n|t:|1660154106\n|move|p2a: Tornadus|U-turn|p1a: Zapdos\n|-resisted|p1a: Zapdos\n|-damage|p1a: Zapdos|73\/100\n|\n|t:|1660154113\n|switch|p2a: Latios|Latios, M|91\/100|[from]move: U-turn\n|move|p1a: Zapdos|Hidden Power|p2a: Latios\n|-supereffective|p2a: Latios\n|-damage|p2a: Latios|57\/100\n|\n|upkeep\n|turn|31\n|\n|t:|1660154118\n|switch|p1a: Magnezone|Magnezone|100\/100\n|move|p2a: Latios|Recover|p2a: Latios\n|-heal|p2a: Latios|100\/100\n|\n|upkeep\n|turn|32\n|\n|t:|1660154127\n|move|p1a: Magnezone|Volt Switch|p2a: Latios\n|-resisted|p2a: Latios\n|-crit|p2a: Latios\n|-damage|p2a: Latios|69\/100\n|\n|t:|1660154133\n|switch|p1a: Chansey|Chansey, F|80\/100|[from]move: Volt Switch\n|move|p2a: Latios|Draco Meteor|p1a: Chansey\n|-damage|p1a: Chansey|53\/100\n|-unboost|p2a: Latios|spa|2\n|-damage|p2a: Latios|60\/100|[from] item: Life Orb\n|\n|upkeep\n|turn|33\n|\n|t:|1660154137\n|switch|p2a: Garchomp|Garchomp, M|59\/100 tox\n|move|p1a: Chansey|Soft-Boiled|p1a: Chansey\n|-heal|p1a: Chansey|100\/100\n|\n|-damage|p2a: Garchomp|53\/100 tox|[from] psn\n|upkeep\n|turn|34\n|\n|t:|1660154141\n|switch|p2a: Weavile|Weavile, M|63\/100\n|-ability|p2a: Weavile|Pressure\n|switch|p1a: Zapdos|Zapdos|73\/100\n|-ability|p1a: Zapdos|Pressure\n|\n|upkeep\n|turn|35\n|\n|t:|1660154148\n|-activate|p1a: Zapdos|move: Pursuit\n|move|p2a: Weavile|Pursuit|p1a: Zapdos|[from]Pursuit\n|-damage|p1a: Zapdos|15\/100\n|switch|p1a: Suicune|Suicune|37\/100\n|-ability|p1a: Suicune|Pressure\n|\n|upkeep\n|turn|36\n|\n|t:|1660154159\n|move|p2a: Weavile|Pursuit|p1a: Suicune\n|-damage|p1a: Suicune|19\/100\n|move|p1a: Suicune|Rest|p1a: Suicune\n|-status|p1a: Suicune|slp|[from] move: Rest\n|-heal|p1a: Suicune|100\/100 slp|[silent]\n|\n|upkeep\n|turn|37\n|\n|t:|1660154163\n|switch|p2a: Latios|Latios, M|60\/100\n|cant|p1a: Suicune|slp\n|\n|upkeep\n|turn|38\n|\n|t:|1660154167\n|switch|p2a: Garchomp|Garchomp, M|53\/100 tox\n|cant|p1a: Suicune|slp\n|\n|-damage|p2a: Garchomp|46\/100 tox|[from] psn\n|upkeep\n|turn|39\n|\n|t:|1660154172\n|-curestatus|p1a: Suicune|slp|[msg]\n|move|p1a: Suicune|Scald|p2a: Garchomp\n|-damage|p2a: Garchomp|21\/100 tox\n|move|p2a: Garchomp|Dragon Tail|p1a: Suicune\n|-damage|p1a: Suicune|86\/100\n|drag|p1a: Chansey|Chansey, F|100\/100\n|\n|-damage|p2a: Garchomp|8\/100 tox|[from] psn\n|upkeep\n|turn|40\n|\n|t:|1660154177\n|move|p2a: Garchomp|Stealth Rock|p1a: Chansey\n|-sidestart|p1: SkipTheDripBayless|move: Stealth Rock\n|move|p1a: Chansey|Stealth Rock|p2a: Garchomp\n|-sidestart|p2: Eric shuor|move: Stealth Rock\n|\n|-damage|p2a: Garchomp|0 fnt|[from] psn\n|faint|p2a: Garchomp\n|upkeep\n|\n|t:|1660154185\n|switch|p2a: Scizor|Scizor-Mega, M|100\/100\n|-damage|p2a: Scizor|88\/100|[from] Stealth Rock\n|turn|41\n|\n|t:|1660154189\n|move|p2a: Scizor|Superpower|p1a: Chansey\n|-supereffective|p1a: Chansey\n|-damage|p1a: Chansey|39\/100\n|-unboost|p2a: Scizor|atk|1\n|-unboost|p2a: Scizor|def|1\n|move|p1a: Chansey|Seismic Toss|p2a: Scizor\n|-damage|p2a: Scizor|59\/100\n|\n|upkeep\n|turn|42\n|\n|t:|1660154197\n|move|p2a: Scizor|Superpower|p1a: Chansey\n|-supereffective|p1a: Chansey\n|-damage|p1a: Chansey|0 fnt\n|-unboost|p2a: Scizor|atk|1\n|-unboost|p2a: Scizor|def|1\n|faint|p1a: Chansey\n|\n|upkeep\n|\n|t:|1660154199\n|switch|p1a: Magnezone|Magnezone|100\/100\n|-damage|p1a: Magnezone|94\/100|[from] Stealth Rock\n|turn|43\n|\n|t:|1660154202\n|move|p1a: Magnezone|Hidden Power|p2a: Scizor\n|-supereffective|p2a: Scizor\n|-damage|p2a: Scizor|0 fnt\n|faint|p2a: Scizor\n|\n|upkeep\n|\n|t:|1660154207\n|switch|p2a: Latios|Latios, M|60\/100\n|-damage|p2a: Latios|47\/100|[from] Stealth Rock\n|turn|44\n|\n|t:|1660154213\n|switch|p1a: Quagsire|Quagsire, F|100\/100\n|-damage|p1a: Quagsire|94\/100|[from] Stealth Rock\n|move|p2a: Latios|Recover|p2a: Latios\n|-heal|p2a: Latios|97\/100\n|\n|-heal|p1a: Quagsire|100\/100|[from] item: Leftovers\n|upkeep\n|turn|45\n|\n|t:|1660154217\n|move|p2a: Latios|Draco Meteor|p1a: Quagsire\n|-damage|p1a: Quagsire|0 fnt\n|-unboost|p2a: Latios|spa|2\n|faint|p1a: Quagsire\n|-damage|p2a: Latios|88\/100|[from] item: Life Orb\n|\n|upkeep\n|\n|t:|1660154219\n|switch|p1a: Altaria|Altaria, F|100\/100\n|-damage|p1a: Altaria|76\/100|[from] Stealth Rock\n|turn|46\n|\n|t:|1660154225\n|switch|p2a: Weavile|Weavile, M|63\/100\n|-damage|p2a: Weavile|38\/100|[from] Stealth Rock\n|-ability|p2a: Weavile|Pressure\n|detailschange|p1a: Altaria|Altaria-Mega, F\n|-mega|p1a: Altaria|Altaria|Altarianite\n|move|p1a: Altaria|Dragon Dance|p1a: Altaria\n|-boost|p1a: Altaria|atk|1\n|-boost|p1a: Altaria|spe|1\n|\n|upkeep\n|turn|47\n|\n|t:|1660154232\n|switch|p1a: Magnezone|Magnezone|94\/100\n|-damage|p1a: Magnezone|88\/100|[from] Stealth Rock\n|move|p2a: Weavile|Ice Shard|p1a: Magnezone\n|-resisted|p1a: Magnezone\n|-damage|p1a: Magnezone|73\/100\n|\n|upkeep\n|turn|48\n|\n|t:|1660154237\n|switch|p2a: Tornadus|Tornadus-Therian, M|98\/100\n|-damage|p2a: Tornadus|73\/100|[from] Stealth Rock\n|move|p1a: Magnezone|Flash Cannon|p2a: Tornadus\n|-damage|p2a: Tornadus|44\/100\n|\n|upkeep\n|turn|49\n|\n|t:|1660154242\n|switch|p1a: Suicune|Suicune|86\/100\n|-damage|p1a: Suicune|74\/100|[from] Stealth Rock\n|-ability|p1a: Suicune|Pressure\n|move|p2a: Tornadus|Knock Off|p1a: Suicune\n|-damage|p1a: Suicune|67\/100\n|\n|upkeep\n|turn|50\n|\n|t:|1660154253\n|move|p2a: Tornadus|Hurricane|p1a: Suicune|[miss]\n|-miss|p2a: Tornadus|p1a: Suicune\n|move|p1a: Suicune|Calm Mind|p1a: Suicune\n|-boost|p1a: Suicune|spa|1\n|-boost|p1a: Suicune|spd|1\n|\n|upkeep\n|turn|51\n|\n|t:|1660154260\n|move|p2a: Tornadus|Hurricane|p1a: Suicune|[miss]\n|-miss|p2a: Tornadus|p1a: Suicune\n|move|p1a: Suicune|Rest|p1a: Suicune\n|-status|p1a: Suicune|slp|[from] move: Rest\n|-heal|p1a: Suicune|100\/100 slp|[silent]\n|\n|upkeep\n|turn|52\n|\n|t:|1660154262\n|move|p2a: Tornadus|Hurricane|p1a: Suicune\n|-damage|p1a: Suicune|81\/100 slp\n|cant|p1a: Suicune|slp\n|\n|upkeep\n|turn|53\n|\n|t:|1660154264\n|move|p2a: Tornadus|U-turn|p1a: Suicune\n|-damage|p1a: Suicune|74\/100 slp\n|\n|t:|1660154267\n|switch|p2a: Latios|Latios, M|88\/100|[from]move: U-turn\n|-damage|p2a: Latios|75\/100|[from] Stealth Rock\n|cant|p1a: Suicune|slp\n|\n|upkeep\n|turn|54\n|\n|t:|1660154269\n|move|p2a: Latios|Psyshock|p1a: Suicune\n|-damage|p1a: Suicune|43\/100 slp\n|-damage|p2a: Latios|66\/100|[from] item: Life Orb\n|-curestatus|p1a: Suicune|slp|[msg]\n|move|p1a: Suicune|Rest|p1a: Suicune\n|-status|p1a: Suicune|slp|[from] move: Rest\n|-heal|p1a: Suicune|100\/100 slp|[silent]\n|\n|upkeep\n|turn|55\n|\n|t:|1660154274\n|move|p2a: Latios|Psyshock|p1a: Suicune\n|-damage|p1a: Suicune|73\/100 slp\n|-damage|p2a: Latios|56\/100|[from] item: Life Orb\n|cant|p1a: Suicune|slp\n|\n|upkeep\n|turn|56\n|\n|t:|1660154282\n|move|p2a: Latios|Draco Meteor|p1a: Suicune\n|-damage|p1a: Suicune|31\/100 slp\n|-unboost|p2a: Latios|spa|2\n|-damage|p2a: Latios|46\/100|[from] item: Life Orb\n|cant|p1a: Suicune|slp\n|\n|upkeep\n|turn|57\n|\n|t:|1660154291\n|switch|p2a: Nidoking|Nidoking, M|56\/100\n|-damage|p2a: Nidoking|50\/100|[from] Stealth Rock\n|-curestatus|p1a: Suicune|slp|[msg]\n|move|p1a: Suicune|Rest|p1a: Suicune\n|-status|p1a: Suicune|slp|[from] move: Rest\n|-heal|p1a: Suicune|100\/100 slp|[silent]\n|\n|upkeep\n|turn|58\n|\n|t:|1660154299\n|move|p2a: Nidoking|Sludge Wave|p1a: Suicune\n|-damage|p1a: Suicune|71\/100 slp\n|cant|p1a: Suicune|slp\n|\n|upkeep\n|turn|59\n|\n|t:|1660154302\n|move|p2a: Nidoking|Sludge Wave|p1a: Suicune\n|-damage|p1a: Suicune|38\/100 slp\n|cant|p1a: Suicune|slp\n|\n|upkeep\n|turn|60\n|\n|t:|1660154307\n|move|p2a: Nidoking|Sludge Wave|p1a: Suicune\n|-crit|p1a: Suicune\n|-damage|p1a: Suicune|0 fnt\n|faint|p1a: Suicune\n|\n|upkeep\n|\n|t:|1660154309\n|switch|p1a: Magnezone|Magnezone|73\/100\n|-damage|p1a: Magnezone|67\/100|[from] Stealth Rock\n|turn|61\n|\n|t:|1660154313\n|switch|p2a: Tornadus|Tornadus-Therian, M|78\/100\n|-damage|p2a: Tornadus|53\/100|[from] Stealth Rock\n|move|p1a: Magnezone|Flash Cannon|p2a: Tornadus\n|-damage|p2a: Tornadus|25\/100\n|\n|upkeep\n|turn|62\n|\n|t:|1660154318\n|switch|p1a: Altaria|Altaria-Mega, F|76\/100\n|-damage|p1a: Altaria|63\/100|[from] Stealth Rock\n|move|p2a: Tornadus|Hurricane|p1a: Altaria\n|-damage|p1a: Altaria|28\/100\n|\n|upkeep\n|turn|63\n|\n|t:|1660154322\n|move|p2a: Tornadus|Hurricane|p1a: Altaria\n|-crit|p1a: Altaria\n|-damage|p1a: Altaria|0 fnt\n|faint|p1a: Altaria\n|\n|upkeep\n|-message|SkipTheDripBayless forfeited.\n|\n|win|Eric shuor\n|raw|SkipTheDripBayless's rating: 1461 &rarr; <strong>1435<\/strong><br \/>(-26 for losing)\n|raw|Eric shuor's rating: 1349 &rarr; <strong>1375<\/strong><br \/>(+26 for winning)\n|l|\u2606SkipTheDripBayless\n","uploadtime":1660154339,"views":19,"p1id":"skipthedripbayless","p2id":"ericshuor","formatid":"gen6ou","rating":1375,"private":0,"password":null}