{"id":"gen7monotype-797615561","p1":"Tw4ne","p2":"Del chef","format":"gen7monotype","log":"|j|\u2606Tw4ne\n|j|\u2606Del chef\n|player|p1|Tw4ne|52\n|player|p2|Del chef|101\n|teamsize|p1|6\n|teamsize|p2|6\n|gametype|singles\n|gen|7\n|tier|[Gen 7] Monotype\n|rated|\n|rule|Sleep Clause Mod: Limit one foe put to sleep\n|rule|Species Clause: Limit one of each Pok\u00e9mon\n|rule|OHKO Clause: OHKO moves are banned\n|rule|Moody Clause: Moody is banned\n|rule|Evasion Moves Clause: Evasion moves are banned\n|rule|Endless Battle Clause: Forcing endless battles is banned\n|rule|HP Percentage Mod: HP is shown in percentages\n|rule|Swagger Clause: Swagger is banned\n|rule|Same Type Clause: Pok\u00e9mon in a team must share a type\n|clearpoke\n|poke|p1|Chansey, F|item\n|poke|p1|Lopunny, F|item\n|poke|p1|Porygon2|item\n|poke|p1|Ditto|item\n|poke|p1|Bewear, F|item\n|poke|p1|Porygon-Z|item\n|poke|p2|Chansey, F|item\n|poke|p2|Lopunny, F|item\n|poke|p2|Swellow, F|item\n|poke|p2|Porygon-Z|item\n|poke|p2|Ditto|item\n|poke|p2|Miltank, F|item\n|teampreview\n|\n|start\n|switch|p1a: Lopunny|Lopunny, F|100\/100\n|switch|p2a: Lopunny|Lopunny, F, shiny|100\/100\n|turn|1\n|j| FcukingOak\n|c|\u2606Del chef|mmmmmhhh.....\n|\n|switch|p1a: Bewear|Bewear, F|100\/100\n|detailschange|p2a: Lopunny|Lopunny-Mega, F, shiny\n|-mega|p2a: Lopunny|Lopunny|Lopunnite\n|move|p2a: Lopunny|Fake Out|p1a: Bewear\n|-damage|p1a: Bewear|94\/100\n|-damage|p2a: Lopunny|84\/100|[from] item: Rocky Helmet|[of] p1a: Bewear\n|\n|upkeep\n|turn|2\n|c|\u2606Tw4ne|gl, hf ;)\n|\n|switch|p2a: Miltank|Miltank, F|100\/100\n|move|p1a: Bewear|Drain Punch|p2a: Miltank\n|-supereffective|p2a: Miltank\n|-damage|p2a: Miltank|48\/100\n|-heal|p1a: Bewear|100\/100|[from] drain|[of] p2a: Miltank\n|\n|-heal|p2a: Miltank|54\/100|[from] item: Leftovers\n|upkeep\n|turn|3\n|inactive|Battle timer is ON: inactive players will automatically lose when time's up. (requested by Del chef)\n|\n|move|p2a: Miltank|Stealth Rock|p1a: Bewear\n|-sidestart|p1: Tw4ne|move: Stealth Rock\n|move|p1a: Bewear|Drain Punch|p2a: Miltank\n|-supereffective|p2a: Miltank\n|-damage|p2a: Miltank|4\/100\n|\n|-heal|p2a: Miltank|10\/100|[from] item: Leftovers\n|upkeep\n|turn|4\n|\n|move|p2a: Miltank|Milk Drink|p2a: Miltank\n|-heal|p2a: Miltank|60\/100\n|move|p1a: Bewear|Drain Punch|p2a: Miltank\n|-supereffective|p2a: Miltank\n|-damage|p2a: Miltank|7\/100\n|\n|-heal|p2a: Miltank|13\/100|[from] item: Leftovers\n|upkeep\n|turn|5\n|\n|move|p2a: Miltank|Body Slam|p1a: Bewear\n|-damage|p1a: Bewear|94\/100\n|-damage|p2a: Miltank|0|[from] item: Rocky Helmet|[of] p1a: Bewear\n|-status|p1a: Bewear|par\n|faint|p2a: Miltank\n|move|p1a: Bewear|Toxic|p2: Miltank|[notarget]\n|-notarget\n|\n|upkeep\n|\n|switch|p2a: Swellow|Swellow, F|100\/100\n|turn|6\n|\n|move|p2a: Swellow|Protect|p2a: Swellow\n|-singleturn|p2a: Swellow|Protect\n|move|p1a: Bewear|Drain Punch|p2a: Swellow\n|-activate|p2a: Swellow|move: Protect\n|\n|-status|p2a: Swellow|brn|[from] item: Flame Orb\n|upkeep\n|turn|7\n|\n|move|p2a: Swellow|Brave Bird|p1a: Bewear\n|-supereffective|p1a: Bewear\n|-damage|p1a: Bewear|51\/100 par\n|-damage|p2a: Swellow|84\/100 brn|[from] item: Rocky Helmet|[of] p1a: Bewear\n|-damage|p2a: Swellow|60\/100 brn|[from] Recoil\n|move|p1a: Bewear|Drain Punch|p2a: Swellow\n|-damage|p2a: Swellow|0 brn\n|-heal|p1a: Bewear|69\/100 par|[from] drain|[of] p2a: Swellow\n|faint|p2a: Swellow\n|\n|upkeep\n|j| choppoch\n|\n|switch|p2a: Ditto|Ditto|100\/100\n|-transform|p2a: Ditto|p1a: Bewear|[from] ability: Imposter\n|turn|8\n|\n|move|p2a: Ditto|Drain Punch|p1a: Bewear\n|-supereffective|p1a: Bewear\n|-damage|p1a: Bewear|47\/100 par\n|-damage|p2a: Ditto|84\/100|[from] item: Rocky Helmet|[of] p1a: Bewear\n|move|p1a: Bewear|Toxic|p2a: Ditto\n|-status|p2a: Ditto|tox\n|\n|-damage|p2a: Ditto|78\/100 tox|[from] psn\n|upkeep\n|turn|9\n|\n|move|p2a: Ditto|Drain Punch|p1a: Bewear\n|-supereffective|p1a: Bewear\n|-damage|p1a: Bewear|27\/100 par\n|-heal|p2a: Ditto|93\/100 tox|[from] drain|[of] p1a: Bewear\n|-damage|p2a: Ditto|76\/100 tox|[from] item: Rocky Helmet|[of] p1a: Bewear\n|move|p1a: Bewear|Earthquake|p2a: Ditto\n|-damage|p2a: Ditto|49\/100 tox\n|\n|-damage|p2a: Ditto|37\/100 tox|[from] psn\n|upkeep\n|turn|10\n|\n|move|p2a: Ditto|Drain Punch|p1a: Bewear\n|-supereffective|p1a: Bewear\n|-damage|p1a: Bewear|7\/100 par\n|-heal|p2a: Ditto|52\/100 tox|[from] drain|[of] p1a: Bewear\n|-damage|p2a: Ditto|35\/100 tox|[from] item: Rocky Helmet|[of] p1a: Bewear\n|move|p1a: Bewear|Earthquake|p2a: Ditto\n|-damage|p2a: Ditto|10\/100 tox\n|\n|-damage|p2a: Ditto|0 tox|[from] psn\n|upkeep\n|faint|p2a: Ditto\n|\n|switch|p2a: Lopunny|Lopunny-Mega, F, shiny|84\/100\n|turn|11\n|\n|move|p2a: Lopunny|Fake Out|p1a: Bewear\n|-damage|p1a: Bewear|0 par\n|-damage|p2a: Lopunny|67\/100|[from] item: Rocky Helmet|[of] p1a: Bewear\n|faint|p1a: Bewear\n|\n|upkeep\n|\n|switch|p1a: Ditto|Ditto|100\/100\n|-damage|p1a: Ditto|88\/100|[from] Stealth Rock\n|-transform|p1a: Ditto|p2a: Lopunny|[from] ability: Imposter\n|turn|12\n|\n|move|p1a: Ditto|High Jump Kick|p2a: Lopunny\n|-supereffective|p2a: Lopunny\n|-damage|p2a: Lopunny|0\n|faint|p2a: Lopunny\n|\n|upkeep\n|\n|switch|p2a: Chansey|Chansey, F|100\/100\n|turn|13\n|\n|move|p1a: Ditto|High Jump Kick|p2a: Chansey\n|-supereffective|p2a: Chansey\n|-damage|p2a: Chansey|14\/100\n|move|p2a: Chansey|Thunder Wave|p1a: Ditto\n|-status|p1a: Ditto|par\n|\n|upkeep\n|turn|14\n|\n|move|p1a: Ditto|High Jump Kick|p2a: Chansey\n|-supereffective|p2a: Chansey\n|-damage|p2a: Chansey|0\n|faint|p2a: Chansey\n|\n|upkeep\n|\n|switch|p2a: Porygon-Z|Porygon-Z, shiny|100\/100\n|turn|15\n|\n|move|p2a: Porygon-Z|Protect|p2a: Porygon-Z\n|-singleturn|p2a: Porygon-Z|Protect\n|move|p1a: Ditto|High Jump Kick|p2a: Porygon-Z\n|-activate|p2a: Porygon-Z|move: Protect\n|-damage|p1a: Ditto|38\/100 par|[from] highjumpkick\n|\n|upkeep\n|turn|16\n|\n|move|p1a: Ditto|High Jump Kick|p2a: Porygon-Z\n|-supereffective|p2a: Porygon-Z\n|-damage|p2a: Porygon-Z|0\n|faint|p2a: Porygon-Z\n|\n|win|Tw4ne\n|l|\u2606Del chef\n","uploadtime":1535549216,"views":0,"p1id":"tw4ne","p2id":"delchef","formatid":"gen7monotype","rating":0,"private":0,"password":null}