{"id":"gen7ou-518786866","p1":"SMxVale","p2":"Party Brock","format":"gen7ou","log":"|j|SMxVale\n|j|Party Brock\n|player|p1|SMxVale|151\n|player|p2|Party Brock|154\n|gametype|singles\n|gen|7\n|tier|[Gen 7] OU\n|rated\n|seed|14840,52540,62125,43935\n|clearpoke\n|poke|p1|Pheromosa|item\n|poke|p1|Tapu Lele|item\n|poke|p1|Mandibuzz, F|item\n|poke|p1|Nihilego|item\n|poke|p1|Zygarde|item\n|poke|p1|Magnezone|item\n|poke|p2|Scizor, F|item\n|poke|p2|Primarina, M|item\n|poke|p2|Togekiss, M|item\n|poke|p2|Ditto|item\n|poke|p2|Garchomp, F|item\n|poke|p2|Lucario, M|item\n|rule|Baton Pass Clause: Limit one Baton Passer, can't pass Spe and other stats simultaneously\n|rule|Sleep Clause Mod: Limit one foe put to sleep\n|rule|Species Clause: Limit one of each Pok\u00e9mon\n|rule|OHKO Clause: OHKO moves are banned\n|rule|Moody Clause: Moody is banned\n|rule|Evasion Moves Clause: Evasion moves are banned\n|rule|Endless Battle Clause: Forcing endless battles is banned\n|rule|HP Percentage Mod: HP is shown in percentages\n|teampreview\n|choice|team 1, team 2, team 3, team 4, team 5, team 6|team 4, team 2, team 3, team 1, team 5, team 6\n|\n|start\n|switch|p1a: Pheromosa|Pheromosa|283\/283\n|switch|p2a: Ditto|Ditto|299\/299\n|-transform|p2a: Ditto|p1a: Pheromosa|[from] ability: Imposter\n|turn|1\n|choice|move uturn|move uturn\n|\n|move|p2a: Ditto|U-turn|p1a: Pheromosa\n|-resisted|p1a: Pheromosa\n|-damage|p1a: Pheromosa|127\/283\n|choice||switch 3\n|\n|switch|p2a: Togekiss|Togekiss, M|374\/374\n|move|p1a: Pheromosa|U-turn|p2a: Togekiss\n|-resisted|p2a: Togekiss\n|-damage|p2a: Togekiss|336\/374\n|choice|switch 6|\n|\n|switch|p1a: Magnezone|Magnezone|281\/281\n|\n|-heal|p2a: Togekiss|359\/374|[from] item: Leftovers\n|upkeep\n|turn|2\n|j|Lucas832\n|choice|move voltswitch|move fireblast\n|\n|move|p1a: Magnezone|Volt Switch|p2a: Togekiss\n|-supereffective|p2a: Togekiss\n|-damage|p2a: Togekiss|111\/374\n|choice|switch 4|\n|\n|switch|p1a: Nihilego|Nihilego|421\/421\n|move|p2a: Togekiss|Fire Blast|p1a: Nihilego\n|-resisted|p1a: Nihilego\n|-damage|p1a: Nihilego|378\/421\n|\n|-heal|p1a: Nihilego|404\/421|[from] item: Black Sludge\n|-heal|p2a: Togekiss|134\/374|[from] item: Leftovers\n|upkeep\n|turn|3\n|choice|move stealthrock|move thunderwave\n|\n|move|p1a: Nihilego|Stealth Rock|p2a: Togekiss\n|-sidestart|p2: Party Brock|move: Stealth Rock\n|move|p2a: Togekiss|Thunder Wave|p1a: Nihilego\n|-status|p1a: Nihilego|par\n|\n|-heal|p2a: Togekiss|157\/374|[from] item: Leftovers\n|-heal|p1a: Nihilego|421\/421 par|[from] item: Black Sludge\n|upkeep\n|turn|4\n|choice|move sludgebomb|switch 3\n|\n|switch|p2a: Ditto|Ditto|299\/299\n|-damage|p2a: Ditto|262\/299|[from] Stealth Rock\n|-transform|p2a: Ditto|p1a: Nihilego|[from] ability: Imposter\n|move|p1a: Nihilego|Sludge Bomb|p2a: Ditto\n|-resisted|p2a: Ditto\n|-damage|p2a: Ditto|240\/299\n|\n|upkeep\n|turn|5\n|choice|move thunderwave|switch 5\n|\n|switch|p2a: Garchomp|Garchomp, F|357\/357\n|-damage|p2a: Garchomp|335\/357|[from] Stealth Rock\n|move|p1a: Nihilego|Thunder Wave|p2a: Garchomp\n|-immune|p2a: Garchomp|[msg]\n|\n|upkeep\n|turn|6\n|choice|switch 3|switch 3\n|\n|switch|p2a: Togekiss|Togekiss, M|157\/374\n|-damage|p2a: Togekiss|64\/374|[from] Stealth Rock\n|switch|p1a: Mandibuzz|Mandibuzz, F|423\/423\n|\n|-heal|p2a: Togekiss|87\/374|[from] item: Leftovers\n|upkeep\n|turn|7\n|choice|move uturn|move airslash\n|\n|move|p2a: Togekiss|Air Slash|p1a: Mandibuzz|[miss]\n|-miss|p2a: Togekiss|p1a: Mandibuzz\n|move|p1a: Mandibuzz|U-turn|p2a: Togekiss\n|-resisted|p2a: Togekiss\n|-crit|p2a: Togekiss\n|-damage|p2a: Togekiss|73\/374\n|choice|switch 2|\n|\n|switch|p1a: Tapu Lele|Tapu Lele|281\/281\n|-fieldstart|move: Psychic Terrain|[from] ability: Psychic Surge|[of] p1a: Tapu Lele\n|\n|-heal|p2a: Togekiss|96\/374|[from] item: Leftovers\n|upkeep\n|turn|8\n|choice|move psychic|switch 4\n|\n|switch|p2a: Scizor|Scizor, F|343\/343\n|-damage|p2a: Scizor|301\/343|[from] Stealth Rock\n|move|p1a: Tapu Lele|Psychic|p2a: Scizor\n|-resisted|p2a: Scizor\n|-damage|p2a: Scizor|98\/343\n|-unboost|p2a: Scizor|spd|1\n|-damage|p1a: Tapu Lele|253\/281|[from] item: Life Orb\n|\n|upkeep\n|turn|9\n|choice|move moonblast|move roost mega\n|\n|detailschange|p2a: Scizor|Scizor-Mega, F\n|-mega|p2a: Scizor|Scizor|Scizorite\n|move|p1a: Tapu Lele|Moonblast|p2a: Scizor\n|-resisted|p2a: Scizor\n|-crit|p2a: Scizor\n|-damage|p2a: Scizor|0 fnt\n|-damage|p1a: Tapu Lele|225\/281|[from] item: Life Orb\n|faint|p2a: Scizor\n|\n|upkeep\n|choice||switch 2\n|\n|switch|p2a: Primarina|Primarina, M|364\/364\n|-damage|p2a: Primarina|319\/364|[from] Stealth Rock\n|turn|10\n|choice|move psyshock|move hydropump\n|\n|move|p1a: Tapu Lele|Psyshock|p2a: Primarina\n|-damage|p2a: Primarina|0 fnt\n|-damage|p1a: Tapu Lele|197\/281|[from] item: Life Orb\n|faint|p2a: Primarina\n|\n|upkeep\n|choice||switch 3\n|\n|switch|p2a: Garchomp|Garchomp, F|335\/357\n|-damage|p2a: Garchomp|313\/357|[from] Stealth Rock\n|turn|11\n|choice|move moonblast|move dragonclaw\n|\n|move|p2a: Garchomp|Dragon Claw|p1a: Tapu Lele\n|-immune|p1a: Tapu Lele|[msg]\n|move|p1a: Tapu Lele|Moonblast|p2a: Garchomp\n|-supereffective|p2a: Garchomp\n|-damage|p2a: Garchomp|0 fnt\n|-damage|p1a: Tapu Lele|169\/281|[from] item: Life Orb\n|faint|p2a: Garchomp\n|\n|-fieldend|move: Psychic Terrain\n|upkeep\n|choice||switch 5\n|\n|switch|p2a: Ditto|Ditto|240\/299\n|-damage|p2a: Ditto|203\/299|[from] Stealth Rock\n|-transform|p2a: Ditto|p1a: Tapu Lele|[from] ability: Imposter\n|-fieldstart|move: Psychic Terrain|[from] ability: Psychic Surge|[of] p2a: Ditto\n|turn|12\n|c|\u2605SMxVale|used to be a sac lol\n|choice|switch 4|move moonblast\n|\n|switch|p1a: Magnezone|Magnezone|281\/281\n|move|p2a: Ditto|Moonblast|p1a: Magnezone\n|-resisted|p1a: Magnezone\n|-damage|p1a: Magnezone|173\/281\n|\n|upkeep\n|turn|13\n|choice|move voltswitch|move moonblast\n|\n|move|p2a: Ditto|Moonblast|p1a: Magnezone\n|-resisted|p1a: Magnezone\n|-damage|p1a: Magnezone|65\/281\n|move|p1a: Magnezone|Volt Switch|p2a: Ditto\n|-damage|p2a: Ditto|71\/299\n|choice|switch 6|\n|\n|switch|p1a: Pheromosa|Pheromosa|127\/283\n|\n|upkeep\n|turn|14\n|choice|move uturn|switch 4\n|\n|switch|p2a: Togekiss|Togekiss, M|96\/374\n|-damage|p2a: Togekiss|3\/374|[from] Stealth Rock\n|move|p1a: Pheromosa|U-turn|p2a: Togekiss\n|-resisted|p2a: Togekiss\n|-damage|p2a: Togekiss|0 fnt\n|faint|p2a: Togekiss\n|-ability|p1a: Pheromosa|Beast Boost|boost\n|-boost|p1a: Pheromosa|atk|1\n|choice|switch 6|\n|\n|switch|p1a: Magnezone|Magnezone|65\/281\n|\n|upkeep\n|choice||switch 6\n|\n|switch|p2a: Lucario|Lucario, M|343\/343\n|-damage|p2a: Lucario|333\/343|[from] Stealth Rock\n|turn|15\n|choice|move voltswitch|move shadowball\n|\n|move|p1a: Magnezone|Volt Switch|p2a: Lucario\n|-crit|p2a: Lucario\n|-damage|p2a: Lucario|77\/343\n|choice|switch 5|\n|\n|switch|p1a: Zygarde|Zygarde|419\/419\n|-ability|p1a: Zygarde|Aura Break\n|move|p2a: Lucario|Shadow Ball|p1a: Zygarde\n|-crit|p1a: Zygarde\n|-damage|p1a: Zygarde|307\/419\n|\n|-heal|p2a: Lucario|98\/343|[from] item: Leftovers\n|-heal|p1a: Zygarde|333\/419|[from] item: Leftovers\n|upkeep\n|turn|16\n|j|RTZGOD\n|choice|move glare|move highjumpkick\n|\n|move|p2a: Lucario|High Jump Kick|p1a: Zygarde|[miss]\n|-miss|p2a: Lucario|p1a: Zygarde\n|-damage|p2a: Lucario|0 fnt|[from] highjumpkick\n|faint|p2a: Lucario\n|move|p1a: Zygarde|Glare|p2: Lucario|[notarget]\n|-notarget\n|\n|-heal|p1a: Zygarde|359\/419|[from] item: Leftovers\n|-fieldend|move: Psychic Terrain\n|upkeep\n|c|\u2605SMxVale|lol im sorry\n|choice||switch 4\n|\n|switch|p2a: Ditto|Ditto|71\/299\n|-damage|p2a: Ditto|34\/299|[from] Stealth Rock\n|-transform|p2a: Ditto|p1a: Zygarde|[from] ability: Imposter\n|-ability|p2a: Ditto|Aura Break\n|turn|17\n|c|\u2605SMxVale|to have 6 oed u\n|c|\u2605Party Brock|yeah i guess\n|choice|switch 2|move dragonpulse\n|\n|switch|p1a: Mandibuzz|Mandibuzz, F|423\/423\n|move|p2a: Ditto|Dragon Pulse|p1a: Mandibuzz\n|-crit|p1a: Mandibuzz\n|-damage|p1a: Mandibuzz|302\/423\n|\n|-heal|p1a: Mandibuzz|328\/423|[from] item: Leftovers\n|upkeep\n|turn|18\n|choice|move foulplay|move dragonpulse\n|\n|move|p2a: Ditto|Dragon Pulse|p1a: Mandibuzz\n|-damage|p1a: Mandibuzz|246\/423\n|move|p1a: Mandibuzz|Foul Play|p2a: Ditto\n|-damage|p2a: Ditto|0 fnt\n|faint|p2a: Ditto\n|\n|win|SMxVale\n|player|p1\n|player|p2","inputlog":null,"uploadtime":1484672137,"views":16,"p1id":"smxvale","p2id":"partybrock","formatid":"gen7ou","rating":0,"private":0,"password":null}