{"id":"gen7uususpecttest-612062851","p1":"Tyrtyr2","p2":"OGamer289","format":"gen7uususpecttest","log":"|j|Tyrtyr2\n|j|OGamer289\n|player|p1|Tyrtyr2|260\n|teamsize|p1|6\n|player|p2|OGamer289|153\n|teamsize|p2|6\n|gametype|singles\n|gen|7\n|tier|[Gen 7] UU (suspect test)\n|rated\n|seed|55185,45691,50395,31756\n|rule|Sleep Clause Mod: Limit one foe put to sleep\n|rule|Species Clause: Limit one of each Pok\u00e9mon\n|rule|OHKO Clause: OHKO moves are banned\n|rule|Moody Clause: Moody is banned\n|rule|Evasion Moves Clause: Evasion moves are banned\n|rule|Endless Battle Clause: Forcing endless battles is banned\n|rule|HP Percentage Mod: HP is shown in percentages\n|clearpoke\n|poke|p1|Absol, F|item\n|poke|p1|Gliscor, F|item\n|poke|p1|Scizor, M|item\n|poke|p1|Primarina, M|item\n|poke|p1|Latias, F|item\n|poke|p1|Muk-Alola, F|item\n|poke|p2|Aerodactyl, M|item\n|poke|p2|Metagross, shiny|item\n|poke|p2|Dhelmise, shiny|item\n|poke|p2|Infernape, M|item\n|poke|p2|Kyurem, shiny|item\n|poke|p2|Sylveon, F, shiny|item\n|teampreview\n|choice|team 1, team 2, team 3, team 4, team 5, team 6|team 4, team 2, team 3, team 1, team 5, team 6\n|\n|start\n|switch|p1a: Absol|Absol, F|271\/271\n|switch|p2a: Affi|Infernape, M|294\/294\n|-ability|p1a: Absol|Pressure\n|turn|1\n|choice|switch 6|move uturn\n|\n|switch|p1a: Muk|Muk-Alola, F|414\/414\n|move|p2a: Affi|U-turn|p1a: Muk\n|-damage|p1a: Muk|324\/414\n|-damage|p2a: Affi|265\/294|[from] item: Life Orb\n|choice||switch 4\n|\n|switch|p2a: Till|Aerodactyl, M|301\/301\n|\n|upkeep\n|turn|2\n|choice|switch 2|move honeclaws mega\n|\n|switch|p1a: Gliscor|Gliscor, F|353\/353\n|detailschange|p2a: Till|Aerodactyl-Mega, M\n|-mega|p2a: Till|Aerodactyl|Aerodactylite\n|move|p2a: Till|Hone Claws|p2a: Till\n|-boost|p2a: Till|atk|1\n|-boost|p2a: Till|accuracy|1\n|\n|-status|p1a: Gliscor|tox|[from] item: Toxic Orb\n|upkeep\n|turn|3\n|choice|move uturn|move aquatail\n|\n|move|p2a: Till|Aqua Tail|p1a: Gliscor\n|-supereffective|p1a: Gliscor\n|-damage|p1a: Gliscor|27\/353 tox\n|move|p1a: Gliscor|U-turn|p2a: Till\n|-resisted|p2a: Till\n|-damage|p2a: Till|272\/301\n|choice|switch 3|\n|\n|switch|p1a: Scizor|Scizor, M|343\/343\n|\n|upkeep\n|turn|4\n|inactive|Battle timer is ON: inactive players will automatically lose when time's up. (requested by Tyrtyr2)\n|choice|move bulletpunch|switch 4\n|\n|switch|p2a: Affi|Infernape, M|265\/294\n|move|p1a: Scizor|Bullet Punch|p2a: Affi\n|-resisted|p2a: Affi\n|-damage|p2a: Affi|205\/294\n|\n|upkeep\n|turn|5\n|choice|switch 5|move uturn\n|\n|switch|p1a: Latias|Latias, F|301\/301\n|move|p2a: Affi|U-turn|p1a: Latias\n|-supereffective|p1a: Latias\n|-damage|p1a: Latias|166\/301\n|-damage|p2a: Affi|176\/294|[from] item: Life Orb\n|choice||switch 6\n|\n|switch|p2a: Schleife|Sylveon, F, shiny|394\/394\n|\n|upkeep\n|turn|6\n|inactive|Tyrtyr2 has 120 seconds left.\n|choice|switch 5|move wish\n|\n|switch|p1a: Scizor|Scizor, M|343\/343\n|move|p2a: Schleife|Wish|p2a: Schleife\n|\n|upkeep\n|turn|7\n|choice|move bulletpunch|switch 6\n|\n|switch|p2a: Affi|Infernape, M|176\/294\n|move|p1a: Scizor|Bullet Punch|p2a: Affi\n|-resisted|p2a: Affi\n|-damage|p2a: Affi|113\/294\n|\n|-heal|p2a: Affi|294\/294|[from] move: Wish|[wisher] Schleife\n|upkeep\n|turn|8\n|choice|move uturn|move focusblast\n|\n|move|p2a: Affi|Focus Blast|p1a: Scizor\n|-damage|p1a: Scizor|90\/343\n|-damage|p2a: Affi|265\/294|[from] item: Life Orb\n|move|p1a: Scizor|U-turn|p2a: Affi\n|-resisted|p2a: Affi\n|-damage|p2a: Affi|230\/294\n|choice|switch 5|\n|\n|switch|p1a: Latias|Latias, F|166\/301\n|\n|upkeep\n|turn|9\n|choice|move psychic|move uturn\n|\n|move|p1a: Latias|Psychic|p2a: Affi\n|-supereffective|p2a: Affi\n|-damage|p2a: Affi|0 fnt\n|faint|p2a: Affi\n|\n|upkeep\n|choice||switch 5\n|\n|switch|p2a: H\u00fchnchen|Kyurem, shiny|391\/391\n|-ability|p2a: H\u00fchnchen|Pressure\n|turn|10\n|choice|move dracometeor zmove|move icebeam\n|\n|move|p2a: H\u00fchnchen|Ice Beam|p1a: Latias\n|-supereffective|p1a: Latias\n|-damage|p1a: Latias|0 fnt\n|faint|p1a: Latias\n|\n|upkeep\n|choice|switch 4|\n|\n|switch|p1a: Primarina|Primarina, M|301\/301\n|turn|11\n|choice|move moonblast|switch 6\n|\n|switch|p2a: Schleife|Sylveon, F, shiny|394\/394\n|move|p1a: Primarina|Moonblast|p2a: Schleife\n|-damage|p2a: Schleife|192\/394\n|-enditem|p2a: Schleife|Sitrus Berry|[eat]\n|-heal|p2a: Schleife|290\/394|[from] item: Sitrus Berry\n|\n|upkeep\n|turn|12\n|choice|move moonblast|move wish\n|\n|move|p1a: Primarina|Moonblast|p2a: Schleife\n|-damage|p2a: Schleife|83\/394\n|move|p2a: Schleife|Wish|p2a: Schleife\n|\n|upkeep\n|turn|13\n|choice|move moonblast|move protect\n|\n|move|p2a: Schleife|Protect|p2a: Schleife\n|-singleturn|p2a: Schleife|Protect\n|move|p1a: Primarina|Moonblast|p2a: Schleife\n|-activate|p2a: Schleife|move: Protect\n|\n|-heal|p2a: Schleife|280\/394|[from] move: Wish|[wisher] Schleife\n|upkeep\n|turn|14\n|choice|move moonblast|move wish\n|\n|move|p1a: Primarina|Moonblast|p2a: Schleife\n|-damage|p2a: Schleife|87\/394\n|move|p2a: Schleife|Wish|p2a: Schleife\n|\n|upkeep\n|turn|15\n|choice|switch 2|move toxic\n|\n|switch|p1a: Muk|Muk-Alola, F|324\/414\n|move|p2a: Schleife|Toxic|p1a: Muk\n|-immune|p1a: Muk|[msg]\n|\n|-heal|p2a: Schleife|284\/394|[from] move: Wish|[wisher] Schleife\n|upkeep\n|turn|16\n|choice|move knockoff|move wish\n|\n|move|p2a: Schleife|Wish|p2a: Schleife\n|move|p1a: Muk|Knock Off|p2a: Schleife\n|-resisted|p2a: Schleife\n|-damage|p2a: Schleife|225\/394\n|\n|upkeep\n|turn|17\n|choice|move poisonjab|switch 2\n|\n|switch|p2a: X Man|Metagross, shiny|364\/364\n|move|p1a: Muk|Poison Jab|p2a: X Man\n|-immune|p2a: X Man|[msg]\n|\n|upkeep\n|turn|18\n|choice|move knockoff|move earthquake\n|\n|move|p2a: X Man|Earthquake|p1a: Muk\n|-supereffective|p1a: Muk\n|-damage|p1a: Muk|0 fnt\n|-damage|p2a: X Man|328\/364|[from] item: Life Orb\n|faint|p1a: Muk\n|\n|upkeep\n|choice|switch 6|\n|\n|switch|p1a: Absol|Absol, F|271\/271\n|-ability|p1a: Absol|Pressure\n|turn|19\n|choice|move knockoff mega|switch 2\n|\n|switch|p2a: Schleife|Sylveon, F, shiny|225\/394\n|detailschange|p1a: Absol|Absol-Mega, F\n|-mega|p1a: Absol|Absol|Absolite\n|move|p1a: Absol|Knock Off|p2a: Schleife\n|-resisted|p2a: Schleife\n|-damage|p2a: Schleife|159\/394\n|\n|upkeep\n|turn|20\n|inactive|Tyrtyr2 has 120 seconds left.\n|choice|switch 5|move moonblast\n|\n|switch|p1a: Scizor|Scizor, M|90\/343\n|move|p2a: Schleife|Moonblast|p1a: Scizor\n|-resisted|p1a: Scizor\n|-damage|p1a: Scizor|32\/343\n|\n|-heal|p1a: Scizor|53\/343|[from] item: Leftovers\n|upkeep\n|turn|21\n|choice|move roost|move moonblast\n|\n|move|p1a: Scizor|Roost|p1a: Scizor\n|-heal|p1a: Scizor|225\/343\n|move|p2a: Schleife|Moonblast|p1a: Scizor\n|-resisted|p1a: Scizor\n|-damage|p1a: Scizor|165\/343\n|-unboost|p1a: Scizor|spa|1\n|\n|-heal|p1a: Scizor|186\/343|[from] item: Leftovers\n|upkeep\n|turn|22\n|choice|move bulletpunch|move wish\n|\n|move|p1a: Scizor|Bullet Punch|p2a: Schleife\n|-supereffective|p2a: Schleife\n|-crit|p2a: Schleife\n|-damage|p2a: Schleife|0 fnt\n|faint|p2a: Schleife\n|\n|-heal|p1a: Scizor|207\/343|[from] item: Leftovers\n|upkeep\n|choice||switch 2\n|\n|switch|p2a: X Man|Metagross, shiny|328\/364\n|turn|23\n|choice|move roost|move earthquake\n|\n|move|p2a: X Man|Earthquake|p1a: Scizor\n|-damage|p1a: Scizor|103\/343\n|-damage|p2a: X Man|292\/364|[from] item: Life Orb\n|move|p1a: Scizor|Roost|p1a: Scizor\n|-heal|p1a: Scizor|275\/343\n|\n|-heal|p1a: Scizor|296\/343|[from] item: Leftovers\n|upkeep\n|turn|24\n|choice|move uturn|move stealthrock\n|\n|move|p2a: X Man|Stealth Rock|p1a: Scizor\n|-sidestart|p1: Tyrtyr2|move: Stealth Rock\n|move|p1a: Scizor|U-turn|p2a: X Man\n|-damage|p2a: X Man|234\/364\n|choice|switch 5|\n|\n|switch|p1a: Absol|Absol-Mega, F|271\/271\n|-damage|p1a: Absol|238\/271|[from] Stealth Rock\n|\n|upkeep\n|turn|25\n|choice|move knockoff|move bulletpunch\n|\n|move|p2a: X Man|Bullet Punch|p1a: Absol\n|-damage|p1a: Absol|108\/271\n|-damage|p2a: X Man|198\/364|[from] item: Life Orb\n|move|p1a: Absol|Knock Off|p2a: X Man\n|-supereffective|p2a: X Man\n|-damage|p2a: X Man|0 fnt\n|-enditem|p2a: X Man|Life Orb|[from] move: Knock Off|[of] p1a: Absol\n|faint|p2a: X Man\n|\n|upkeep\n|choice||switch 4\n|\n|switch|p2a: Till|Aerodactyl-Mega, M|272\/301\n|turn|26\n|choice|move playrough|move honeclaws\n|\n|move|p2a: Till|Hone Claws|p2a: Till\n|-boost|p2a: Till|atk|1\n|-boost|p2a: Till|accuracy|1\n|move|p1a: Absol|Play Rough|p2a: Till\n|-damage|p2a: Till|131\/301\n|\n|upkeep\n|turn|27\n|c|\u2606OGamer289|ops\n|choice|move suckerpunch|move earthquake\n|\n|move|p1a: Absol|Sucker Punch|p2a: Till\n|-damage|p2a: Till|0 fnt\n|faint|p2a: Till\n|\n|upkeep\n|choice||switch 6\n|\n|switch|p2a: H\u00fchnchen|Kyurem, shiny|391\/391\n|-ability|p2a: H\u00fchnchen|Pressure\n|turn|28\n|c|\u2606OGamer289|gg\n|choice|switch 3|move icebeam\n|\n|switch|p1a: Gliscor|Gliscor, F|27\/353 tox\n|-damage|p1a: Gliscor|0 fnt|[from] Stealth Rock\n|faint|p1a: Gliscor\n|move|p2a: H\u00fchnchen|Ice Beam|p1: Gliscor|[notarget]\n|-notarget\n|\n|upkeep\n|c|\u2606Tyrtyr2|Gg\n|choice|switch 2|\n|\n|switch|p1a: Primarina|Primarina, M|301\/301\n|-damage|p1a: Primarina|264\/301|[from] Stealth Rock\n|turn|29\n|choice|move moonblast|switch 3\n|\n|switch|p2a: Ahio|Dhelmise, shiny|344\/344\n|move|p1a: Primarina|Moonblast|p2a: Ahio\n|-damage|p2a: Ahio|152\/344\n|-unboost|p2a: Ahio|spa|1\n|\n|upkeep\n|turn|30\n|choice|move moonblast|move powerwhip\n|\n|move|p1a: Primarina|Moonblast|p2a: Ahio\n|-damage|p2a: Ahio|0 fnt\n|faint|p2a: Ahio\n|\n|upkeep\n|choice||switch 3\n|\n|switch|p2a: H\u00fchnchen|Kyurem, shiny|391\/391\n|-ability|p2a: H\u00fchnchen|Pressure\n|turn|31\n|choice|move moonblast|move flashcannon\n|\n|move|p2a: H\u00fchnchen|Flash Cannon|p1a: Primarina\n|-damage|p1a: Primarina|184\/301\n|move|p1a: Primarina|Moonblast|p2a: H\u00fchnchen\n|-supereffective|p2a: H\u00fchnchen\n|-damage|p2a: H\u00fchnchen|0 fnt\n|faint|p2a: H\u00fchnchen\n|\n|win|Tyrtyr2\n|raw|Tyrtyr2's rating: 1048 &rarr; <strong>1086<\/strong><br \/>(+38 for winning)\n|raw|OGamer289's rating: 1101 &rarr; <strong>1072<\/strong><br \/>(-29 for losing)","inputlog":null,"uploadtime":1501660767,"views":0,"p1id":"tyrtyr2","p2id":"ogamer289","formatid":"gen7uususpecttest","rating":1072,"private":0,"password":null}