{"id":"gen7ou-920665652","p1":"Kiliminati","p2":"HQSFun","format":"gen7ou","log":"|j|\u2606Kiliminati\n|j|\u2606HQSFun\n|player|p1|Kiliminati|52\n|player|p2|HQSFun|260\n|teamsize|p1|6\n|teamsize|p2|6\n|gametype|singles\n|gen|7\n|tier|[Gen 7] OU\n|rated|\n|rule|Sleep Clause Mod: Limit one foe put to sleep\n|rule|Species Clause: Limit one of each Pok\u00e9mon\n|rule|OHKO Clause: OHKO moves are banned\n|rule|Moody Clause: Moody is banned\n|rule|Evasion Moves Clause: Evasion moves are banned\n|rule|Endless Battle Clause: Forcing endless battles is banned\n|rule|HP Percentage Mod: HP is shown in percentages\n|clearpoke\n|poke|p1|Latios, M|item\n|poke|p1|Hawlucha, F|item\n|poke|p1|Tapu Bulu|item\n|poke|p1|Heatran, M|item\n|poke|p1|Landorus-Therian, M|item\n|poke|p1|Magearna|item\n|poke|p2|Medicham, M|item\n|poke|p2|Greninja, M|item\n|poke|p2|Kartana|item\n|poke|p2|Landorus-Therian, M|item\n|poke|p2|Magearna|item\n|poke|p2|Tapu Koko|item\n|teampreview\n|\n|start\n|switch|p1a: Landorus|Landorus-Therian, M|382\/382\n|switch|p2a: Medicham|Medicham, M|261\/261\n|-ability|p1a: Landorus|Intimidate|boost\n|-unboost|p2a: Medicham|atk|1\n|turn|1\n|\n|detailschange|p2a: Medicham|Medicham-Mega, M\n|-mega|p2a: Medicham|Medicham|Medichamite\n|move|p2a: Medicham|Fake Out|p1a: Landorus\n|-crit|p1a: Landorus\n|-damage|p1a: Landorus|269\/382\n|cant|p1a: Landorus|flinch\n|\n|upkeep\n|turn|2\n|\n|switch|p2a: Landorus|Landorus-Therian, M|382\/382\n|-ability|p2a: Landorus|Intimidate|boost\n|-unboost|p1a: Landorus|atk|1\n|-zpower|p1a: Landorus\n|move|p1a: Landorus|Supersonic Skystrike|p2a: Landorus|[zeffect]\n|-damage|p2a: Landorus|226\/382\n|\n|-heal|p2a: Landorus|249\/382|[from] item: Leftovers\n|upkeep\n|turn|3\n|\n|move|p1a: Landorus|Stealth Rock|p2a: Landorus\n|-sidestart|p2: HQSFun|move: Stealth Rock\n|move|p2a: Landorus|Stealth Rock|p1a: Landorus\n|-sidestart|p1: Kiliminati|move: Stealth Rock\n|\n|-heal|p2a: Landorus|272\/382|[from] item: Leftovers\n|upkeep\n|turn|4\n|\n|move|p1a: Landorus|Fly||[still]\n|-prepare|p1a: Landorus|Fly|p2a: Landorus\n|move|p2a: Landorus|U-turn|p1a: Landorus|[miss]\n|-miss|p2a: Landorus|p1a: Landorus\n|\n|-heal|p2a: Landorus|295\/382|[from] item: Leftovers\n|upkeep\n|turn|5\n|\n|switch|p2a: Magearna|Magearna|363\/363\n|-damage|p2a: Magearna|341\/363|[from] Stealth Rock\n|move|p1a: Landorus|Fly|p2a: Magearna|[from]lockedmove\n|-resisted|p2a: Magearna\n|-damage|p2a: Magearna|296\/363\n|\n|upkeep\n|turn|6\n|\n|switch|p1a: Magearna|Magearna|363\/363\n|-damage|p1a: Magearna|341\/363|[from] Stealth Rock\n|switch|p2a: Landorus|Landorus-Therian, M|295\/382\n|-damage|p2a: Landorus|248\/382|[from] Stealth Rock\n|-ability|p2a: Landorus|Intimidate|boost\n|-unboost|p1a: Magearna|atk|1\n|\n|-heal|p2a: Landorus|271\/382|[from] item: Leftovers\n|upkeep\n|turn|7\n|\n|switch|p1a: Landorus|Landorus-Therian, M|269\/382\n|-damage|p1a: Landorus|222\/382|[from] Stealth Rock\n|-ability|p1a: Landorus|Intimidate|boost\n|-unboost|p2a: Landorus|atk|1\n|move|p2a: Landorus|Earthquake|p1a: Landorus\n|-immune|p1a: Landorus\n|\n|-heal|p2a: Landorus|294\/382|[from] item: Leftovers\n|upkeep\n|turn|8\n|\n|move|p1a: Landorus|Fly||[still]\n|-prepare|p1a: Landorus|Fly|p2a: Landorus\n|move|p2a: Landorus|U-turn|p1a: Landorus|[miss]\n|-miss|p2a: Landorus|p1a: Landorus\n|\n|-heal|p2a: Landorus|317\/382|[from] item: Leftovers\n|upkeep\n|turn|9\n|\n|move|p1a: Landorus|Fly|p2a: Landorus|[from]lockedmove\n|-damage|p2a: Landorus|208\/382\n|move|p2a: Landorus|U-turn|p1a: Landorus\n|-resisted|p1a: Landorus\n|-damage|p1a: Landorus|200\/382\n|\n|switch|p2a: Greninja|Greninja, M|285\/285\n|-damage|p2a: Greninja|250\/285|[from] Stealth Rock\n|\n|upkeep\n|turn|10\n|\n|switch|p1a: Magearna|Magearna|341\/363\n|-damage|p1a: Magearna|319\/363|[from] Stealth Rock\n|move|p2a: Greninja|Spikes|p1a: Magearna\n|-sidestart|p1: Kiliminati|Spikes\n|\n|upkeep\n|turn|11\n|\n|switch|p2a: Magearna|Magearna|296\/363\n|-damage|p2a: Magearna|274\/363|[from] Stealth Rock\n|move|p1a: Magearna|Fleur Cannon|p2a: Magearna\n|-resisted|p2a: Magearna\n|-damage|p2a: Magearna|228\/363\n|-unboost|p1a: Magearna|spa|2\n|\n|upkeep\n|turn|12\n|\n|move|p1a: Magearna|Volt Switch|p2a: Magearna\n|-crit|p2a: Magearna\n|-damage|p2a: Magearna|170\/363\n|\n|switch|p1a: Heatran|Heatran, M|323\/323\n|-damage|p1a: Heatran|283\/323|[from] Spikes\n|-damage|p1a: Heatran|243\/323|[from] Stealth Rock\n|move|p2a: Magearna|Volt Switch|p1a: Heatran\n|-damage|p1a: Heatran|164\/323\n|\n|switch|p2a: Medicham|Medicham-Mega, M|261\/261\n|-damage|p2a: Medicham|245\/261|[from] Stealth Rock\n|\n|-heal|p1a: Heatran|184\/323|[from] item: Leftovers\n|upkeep\n|turn|13\n|\n|move|p2a: Medicham|High Jump Kick|p1a: Heatran\n|-supereffective|p1a: Heatran\n|-damage|p1a: Heatran|0 fnt\n|faint|p1a: Heatran\n|\n|upkeep\n|\n|switch|p1a: Landorus|Landorus-Therian, M|200\/382\n|-damage|p1a: Landorus|153\/382|[from] Stealth Rock\n|-ability|p1a: Landorus|Intimidate|boost\n|-unboost|p2a: Medicham|atk|1\n|turn|14\n|\n|move|p2a: Medicham|Zen Headbutt|p1a: Landorus\n|-damage|p1a: Landorus|8\/382\n|move|p1a: Landorus|Defog|p2a: Medicham\n|-unboost|p2a: Medicham|evasion|1\n|-sideend|p2: HQSFun|Stealth Rock|[from] move: Defog|[of] p1a: Landorus\n|-sideend|p1: Kiliminati|Spikes|[from] move: Defog|[of] p1a: Landorus\n|-sideend|p1: Kiliminati|Stealth Rock|[from] move: Defog|[of] p1a: Landorus\n|\n|upkeep\n|turn|15\n|\n|move|p2a: Medicham|Zen Headbutt|p1a: Landorus\n|-damage|p1a: Landorus|0 fnt\n|faint|p1a: Landorus\n|\n|upkeep\n|\n|switch|p1a: Tapu Bulu|Tapu Bulu|343\/343\n|-fieldstart|move: Grassy Terrain|[from] ability: Grassy Surge|[of] p1a: Tapu Bulu\n|turn|16\n|\n|move|p2a: Medicham|Zen Headbutt|p1a: Tapu Bulu\n|-damage|p1a: Tapu Bulu|201\/343\n|move|p1a: Tapu Bulu|Substitute|p1a: Tapu Bulu\n|-start|p1a: Tapu Bulu|Substitute\n|-damage|p1a: Tapu Bulu|116\/343\n|\n|-heal|p2a: Medicham|261\/261|[from] Grassy Terrain\n|-heal|p1a: Tapu Bulu|137\/343|[from] item: Leftovers\n|-heal|p1a: Tapu Bulu|158\/343|[from] Grassy Terrain\n|upkeep\n|turn|17\n|\n|move|p2a: Medicham|Zen Headbutt|p1a: Tapu Bulu|[miss]\n|-miss|p2a: Medicham|p1a: Tapu Bulu\n|move|p1a: Tapu Bulu|Horn Leech|p2a: Medicham\n|-damage|p2a: Medicham|87\/261\n|-heal|p1a: Tapu Bulu|245\/343|[from] drain|[of] p2a: Medicham\n|\n|-heal|p2a: Medicham|103\/261|[from] Grassy Terrain\n|-heal|p1a: Tapu Bulu|266\/343|[from] item: Leftovers\n|-heal|p1a: Tapu Bulu|287\/343|[from] Grassy Terrain\n|upkeep\n|turn|18\n|\n|switch|p2a: Magearna|Magearna|170\/363\n|move|p1a: Tapu Bulu|Horn Leech|p2a: Magearna\n|-resisted|p2a: Magearna\n|-damage|p2a: Magearna|101\/363\n|-heal|p1a: Tapu Bulu|322\/343|[from] drain|[of] p2a: Magearna\n|\n|-heal|p1a: Tapu Bulu|343\/343|[from] item: Leftovers\n|-heal|p2a: Magearna|123\/363|[from] Grassy Terrain\n|upkeep\n|turn|19\n|\n|switch|p2a: Landorus|Landorus-Therian, M|208\/382\n|-ability|p2a: Landorus|Intimidate|boost\n|-immune|p1a: Tapu Bulu\n|move|p1a: Tapu Bulu|Superpower|p2a: Landorus\n|-resisted|p2a: Landorus\n|-damage|p2a: Landorus|165\/382\n|-unboost|p1a: Tapu Bulu|atk|1\n|-unboost|p1a: Tapu Bulu|def|1\n|\n|-heal|p2a: Landorus|188\/382|[from] item: Leftovers\n|upkeep\n|turn|20\n|\n|move|p2a: Landorus|Stealth Rock|p1a: Tapu Bulu\n|-sidestart|p1: Kiliminati|move: Stealth Rock\n|move|p1a: Tapu Bulu|Swords Dance|p1a: Tapu Bulu\n|-boost|p1a: Tapu Bulu|atk|2\n|\n|-heal|p2a: Landorus|211\/382|[from] item: Leftovers\n|-fieldend|move: Grassy Terrain\n|upkeep\n|turn|21\n|\n|move|p2a: Landorus|U-turn|p1a: Tapu Bulu\n|-end|p1a: Tapu Bulu|Substitute\n|\n|switch|p2a: Magearna|Magearna|123\/363\n|move|p1a: Tapu Bulu|Horn Leech|p2a: Magearna\n|-resisted|p2a: Magearna\n|-damage|p2a: Magearna|51\/363\n|\n|upkeep\n|turn|22\n|\n|switch|p2a: Kartana|Kartana|259\/259\n|move|p1a: Tapu Bulu|Horn Leech|p2a: Kartana\n|-resisted|p2a: Kartana\n|-damage|p2a: Kartana|227\/259\n|\n|upkeep\n|turn|23\n|\n|-zpower|p2a: Kartana\n|move|p2a: Kartana|Breakneck Blitz|p1a: Tapu Bulu|[zeffect]\n|-damage|p1a: Tapu Bulu|0 fnt\n|faint|p1a: Tapu Bulu\n|-ability|p2a: Kartana|Beast Boost|boost\n|-boost|p2a: Kartana|atk|1\n|\n|upkeep\n|\n|switch|p1a: Latios|Latios, M|301\/301\n|-damage|p1a: Latios|264\/301|[from] Stealth Rock\n|turn|24\n|\n|switch|p2a: Magearna|Magearna|51\/363\n|detailschange|p1a: Latios|Latios-Mega, M\n|-mega|p1a: Latios|Latios|Latiosite\n|move|p1a: Latios|Ice Beam|p2a: Magearna\n|-resisted|p2a: Magearna\n|-damage|p2a: Magearna|16\/363\n|-status|p2a: Magearna|frz\n|\n|upkeep\n|turn|25\n|\n|move|p1a: Latios|Ice Beam|p2a: Magearna\n|-resisted|p2a: Magearna\n|-damage|p2a: Magearna|0 fnt\n|faint|p2a: Magearna\n|\n|upkeep\n|\n|switch|p2a: Greninja|Greninja, M|250\/285\n|turn|26\n|\n|switch|p1a: Magearna|Magearna|319\/363\n|-damage|p1a: Magearna|297\/363|[from] Stealth Rock\n|move|p2a: Greninja|Spikes|p1a: Magearna\n|-sidestart|p1: Kiliminati|Spikes\n|\n|upkeep\n|turn|27\n|\n|switch|p2a: Landorus|Landorus-Therian, M|211\/382\n|-ability|p2a: Landorus|Intimidate|boost\n|-unboost|p1a: Magearna|atk|1\n|move|p1a: Magearna|Fleur Cannon|p2a: Landorus\n|-damage|p2a: Landorus|0 fnt\n|-unboost|p1a: Magearna|spa|2\n|faint|p2a: Landorus\n|-ability|p1a: Magearna|Soul-Heart|boost\n|-boost|p1a: Magearna|spa|1\n|\n|upkeep\n|\n|switch|p2a: Medicham|Medicham-Mega, M|103\/261\n|turn|28\n|\n|switch|p1a: Hawlucha|Hawlucha, F|321\/321\n|-damage|p1a: Hawlucha|281\/321|[from] Stealth Rock\n|move|p2a: Medicham|High Jump Kick|p1a: Hawlucha\n|-resisted|p1a: Hawlucha\n|-damage|p1a: Hawlucha|17\/321\n|\n|upkeep\n|turn|29\n|\n|switch|p2a: Tapu Koko|Tapu Koko|281\/281\n|-fieldstart|move: Electric Terrain|[from] ability: Electric Surge|[of] p2a: Tapu Koko\n|move|p1a: Hawlucha|Poison Jab|p2a: Tapu Koko\n|-supereffective|p2a: Tapu Koko\n|-damage|p2a: Tapu Koko|89\/281\n|-status|p2a: Tapu Koko|psn\n|\n|-damage|p2a: Tapu Koko|54\/281 psn|[from] psn\n|upkeep\n|turn|30\n|\n|move|p2a: Tapu Koko|U-turn|p1a: Hawlucha\n|-resisted|p1a: Hawlucha\n|-damage|p1a: Hawlucha|0 fnt\n|faint|p1a: Hawlucha\n|\n|switch|p2a: Medicham|Medicham-Mega, M|103\/261\n|\n|upkeep\n|\n|switch|p1a: Latios|Latios-Mega, M|264\/301\n|-damage|p1a: Latios|227\/301|[from] Stealth Rock\n|turn|31\n|\n|move|p2a: Medicham|Fake Out|p1a: Latios\n|-damage|p1a: Latios|144\/301\n|cant|p1a: Latios|flinch\n|\n|upkeep\n|turn|32\n|\n|move|p1a: Latios|Recover|p1a: Latios\n|-heal|p1a: Latios|295\/301\n|move|p2a: Medicham|High Jump Kick|p1a: Latios\n|-resisted|p1a: Latios\n|-damage|p1a: Latios|95\/301\n|\n|upkeep\n|turn|33\n|\n|move|p1a: Latios|Ice Beam|p2a: Medicham\n|-damage|p2a: Medicham|0 fnt\n|faint|p2a: Medicham\n|\n|-fieldend|move: Electric Terrain\n|upkeep\n|\n|switch|p2a: Greninja|Greninja, M|250\/285\n|turn|34\n|\n|switch|p1a: Magearna|Magearna|297\/363\n|-damage|p1a: Magearna|275\/363|[from] Stealth Rock\n|-damage|p1a: Magearna|230\/363|[from] Spikes\n|move|p2a: Greninja|Dark Pulse|p1a: Magearna\n|-resisted|p1a: Magearna\n|-damage|p1a: Magearna|193\/363\n|\n|upkeep\n|turn|35\n|\n|switch|p2a: Kartana|Kartana|227\/259\n|move|p1a: Magearna|Volt Switch|p2a: Kartana\n|-resisted|p2a: Kartana\n|-damage|p2a: Kartana|142\/259\n|\n|switch|p1a: Latios|Latios-Mega, M|95\/301\n|-damage|p1a: Latios|58\/301|[from] Stealth Rock\n|\n|upkeep\n|turn|36\n|\n|move|p1a: Latios|Ice Beam|p2a: Kartana\n|-damage|p2a: Kartana|0 fnt\n|faint|p2a: Kartana\n|\n|upkeep\n|\n|switch|p2a: Tapu Koko|Tapu Koko|54\/281 psn\n|-fieldstart|move: Electric Terrain|[from] ability: Electric Surge|[of] p2a: Tapu Koko\n|turn|37\n|\n|move|p2a: Tapu Koko|Thunderbolt|p1a: Latios\n|-resisted|p1a: Latios\n|-damage|p1a: Latios|0 fnt\n|faint|p1a: Latios\n|\n|-damage|p2a: Tapu Koko|19\/281 psn|[from] psn\n|upkeep\n|\n|switch|p1a: Magearna|Magearna|193\/363\n|-damage|p1a: Magearna|171\/363|[from] Stealth Rock\n|-damage|p1a: Magearna|126\/363|[from] Spikes\n|turn|38\n|\n|move|p2a: Tapu Koko|Thunderbolt|p1a: Magearna\n|-damage|p1a: Magearna|45\/363\n|-status|p1a: Magearna|par\n|move|p1a: Magearna|Thunderbolt|p2a: Tapu Koko\n|-resisted|p2a: Tapu Koko\n|-damage|p2a: Tapu Koko|0 fnt\n|faint|p2a: Tapu Koko\n|-ability|p1a: Magearna|Soul-Heart|boost\n|-boost|p1a: Magearna|spa|1\n|\n|upkeep\n|\n|switch|p2a: Greninja|Greninja, M|250\/285\n|turn|39\n|\n|move|p2a: Greninja|Hydro Pump|p1a: Magearna\n|-damage|p1a: Magearna|0 fnt\n|faint|p1a: Magearna\n|\n|win|HQSFun\n|raw|Kiliminati's rating: 1595 &rarr; <strong>1574<\/strong><br \/>(-21 for losing)\n|raw|HQSFun's rating: 1578 &rarr; <strong>1599<\/strong><br \/>(+21 for winning)\n","uploadtime":1559451442,"views":3,"p1id":"kiliminati","p2id":"hqsfun","formatid":"gen7ou","rating":1574,"private":0,"password":null}