{"id":"gen7ou-828761260","p1":"hauntersnightmare","p2":"RedBeaver540","format":"gen7ou","log":"|j|\u2606hauntersnightmare\n|j|\u2606RedBeaver540\n|player|p1|hauntersnightmare|266\n|player|p2|RedBeaver540|266\n|teamsize|p1|6\n|teamsize|p2|6\n|gametype|singles\n|gen|7\n|tier|[Gen 7] OU\n|rated|\n|rule|Sleep Clause Mod: Limit one foe put to sleep\n|rule|Species Clause: Limit one of each Pok\u00e9mon\n|rule|OHKO Clause: OHKO moves are banned\n|rule|Moody Clause: Moody is banned\n|rule|Evasion Moves Clause: Evasion moves are banned\n|rule|Endless Battle Clause: Forcing endless battles is banned\n|rule|HP Percentage Mod: HP is shown in percentages\n|clearpoke\n|poke|p1|Salamence, F|item\n|poke|p1|Landorus-Therian, M|item\n|poke|p1|Magearna|item\n|poke|p1|Tapu Koko|item\n|poke|p1|Hawlucha, M|item\n|poke|p1|Talonflame, F|item\n|poke|p2|Kartana|item\n|poke|p2|Tapu Lele|item\n|poke|p2|Clefable, M|item\n|poke|p2|Heatran, F|item\n|poke|p2|Greninja, M|item\n|poke|p2|Latios, M|item\n|teampreview\n|\n|start\n|switch|p1a: Talonflame|Talonflame, F|100\/100\n|switch|p2a: Latios|Latios, M|100\/100\n|turn|1\n|\n|detailschange|p2a: Latios|Latios-Mega, M\n|-mega|p2a: Latios|Latios|Latiosite\n|move|p1a: Talonflame|Brave Bird|p2a: Latios\n|-damage|p2a: Latios|33\/100\n|-damage|p1a: Talonflame|78\/100|[from] Recoil\n|-damage|p1a: Talonflame|68\/100|[from] item: Life Orb\n|move|p2a: Latios|Psychic|p1a: Talonflame\n|-damage|p1a: Talonflame|0 fnt\n|faint|p1a: Talonflame\n|\n|upkeep\n|\n|switch|p1a: Tapu Koko|Tapu Koko|100\/100\n|-fieldstart|move: Electric Terrain|[from] ability: Electric Surge|[of] p1a: Tapu Koko\n|turn|2\n|\n|switch|p2a: Tapu Lele|Tapu Lele|100\/100\n|-fieldstart|move: Psychic Terrain|[from] ability: Psychic Surge|[of] p2a: Tapu Lele\n|move|p1a: Tapu Koko|Hidden Power|p2a: Tapu Lele\n|-damage|p2a: Tapu Lele|82\/100\n|\n|upkeep\n|turn|3\n|\n|switch|p1a: Magearna|Magearna|100\/100\n|move|p2a: Tapu Lele|Psychic|p1a: Magearna\n|-resisted|p1a: Magearna\n|-damage|p1a: Magearna|78\/100\n|\n|upkeep\n|turn|4\n|\n|switch|p2a: Heatran|Heatran, F|100\/100\n|move|p1a: Magearna|Volt Switch|p2a: Heatran\n|-crit|p2a: Heatran\n|-damage|p2a: Heatran|80\/100\n|\n|switch|p1a: Landorus|Landorus-Therian, M|100\/100\n|-ability|p1a: Landorus|Intimidate|boost\n|-unboost|p2a: Heatran|atk|1\n|\n|-heal|p2a: Heatran|87\/100|[from] item: Leftovers\n|upkeep\n|turn|5\n|\n|move|p1a: Landorus|Stealth Rock|p2a: Heatran\n|-sidestart|p2: RedBeaver540|move: Stealth Rock\n|move|p2a: Heatran|Lava Plume|p1a: Landorus\n|-damage|p1a: Landorus|66\/100\n|\n|-heal|p2a: Heatran|93\/100|[from] item: Leftovers\n|upkeep\n|turn|6\n|\n|switch|p2a: Latios|Latios-Mega, M|33\/100\n|-damage|p2a: Latios|20\/100|[from] Stealth Rock\n|move|p1a: Landorus|U-turn|p2a: Latios\n|-supereffective|p2a: Latios\n|-damage|p2a: Latios|0 fnt\n|faint|p2a: Latios\n|\n|switch|p1a: Tapu Koko|Tapu Koko|100\/100\n|-fieldstart|move: Electric Terrain|[from] ability: Electric Surge|[of] p1a: Tapu Koko\n|\n|upkeep\n|\n|switch|p2a: Clefable|Clefable, M|100\/100\n|-damage|p2a: Clefable|88\/100|[from] Stealth Rock\n|turn|7\n|\n|move|p1a: Tapu Koko|Thunderbolt|p2a: Clefable\n|-damage|p2a: Clefable|38\/100\n|move|p2a: Clefable|Light Screen|p2a: Clefable\n|-sidestart|p2: RedBeaver540|move: Light Screen\n|\n|upkeep\n|turn|8\n|\n|switch|p1a: Magearna|Magearna|78\/100\n|move|p2a: Clefable|Reflect|p2a: Clefable\n|-sidestart|p2: RedBeaver540|Reflect\n|\n|upkeep\n|turn|9\n|\n|move|p2a: Clefable|Wish|p2a: Clefable\n|move|p1a: Magearna|Iron Head|p2a: Clefable\n|-supereffective|p2a: Clefable\n|-damage|p2a: Clefable|19\/100\n|\n|upkeep\n|turn|10\n|\n|switch|p2a: Tapu Lele|Tapu Lele|82\/100\n|-damage|p2a: Tapu Lele|70\/100|[from] Stealth Rock\n|-fieldstart|move: Psychic Terrain|[from] ability: Psychic Surge|[of] p2a: Tapu Lele\n|switch|p1a: Tapu Koko|Tapu Koko|100\/100\n|-fieldstart|move: Electric Terrain|[from] ability: Electric Surge|[of] p1a: Tapu Koko\n|\n|-heal|p2a: Tapu Lele|100\/100|[from] move: Wish|[wisher] Clefable\n|upkeep\n|turn|11\n|\n|switch|p1a: Magearna|Magearna|78\/100\n|move|p2a: Tapu Lele|Psychic|p1a: Magearna\n|-resisted|p1a: Magearna\n|-damage|p1a: Magearna|65\/100\n|\n|upkeep\n|turn|12\n|\n|switch|p2a: Heatran|Heatran, F|93\/100\n|-damage|p2a: Heatran|80\/100|[from] Stealth Rock\n|move|p1a: Magearna|Iron Head|p2a: Heatran\n|-resisted|p2a: Heatran\n|-damage|p2a: Heatran|77\/100\n|\n|-heal|p2a: Heatran|84\/100|[from] item: Leftovers\n|upkeep\n|turn|13\n|\n|switch|p1a: Landorus|Landorus-Therian, M|66\/100\n|-ability|p1a: Landorus|Intimidate|boost\n|-unboost|p2a: Heatran|atk|1\n|move|p2a: Heatran|Lava Plume|p1a: Landorus\n|-damage|p1a: Landorus|30\/100\n|-status|p1a: Landorus|brn\n|\n|-heal|p2a: Heatran|90\/100|[from] item: Leftovers\n|-damage|p1a: Landorus|24\/100 brn|[from] brn\n|upkeep\n|turn|14\n|\n|move|p1a: Landorus|Earthquake|p2a: Heatran\n|-supereffective|p2a: Heatran\n|-damage|p2a: Heatran|52\/100\n|move|p2a: Heatran|Stealth Rock|p1a: Landorus\n|-sidestart|p1: hauntersnightmare|move: Stealth Rock\n|\n|-heal|p2a: Heatran|58\/100|[from] item: Leftovers\n|-damage|p1a: Landorus|18\/100 brn|[from] brn\n|-sideend|p2: RedBeaver540|move: Light Screen\n|-fieldend|move: Electric Terrain\n|upkeep\n|turn|15\n|\n|move|p1a: Landorus|Explosion|p2a: Heatran\n|-resisted|p2a: Heatran\n|-damage|p2a: Heatran|49\/100\n|faint|p1a: Landorus\n|move|p2a: Heatran|Lava Plume|p1: Landorus|[notarget]\n|-notarget\n|\n|-heal|p2a: Heatran|55\/100|[from] item: Leftovers\n|-sideend|p2: RedBeaver540|Reflect\n|upkeep\n|\n|switch|p1a: Tapu Koko|Tapu Koko|100\/100\n|-damage|p1a: Tapu Koko|88\/100|[from] Stealth Rock\n|-fieldstart|move: Electric Terrain|[from] ability: Electric Surge|[of] p1a: Tapu Koko\n|turn|16\n|\n|move|p1a: Tapu Koko|Thunderbolt|p2a: Heatran\n|-damage|p2a: Heatran|17\/100\n|move|p2a: Heatran|Earth Power|p1a: Tapu Koko\n|-supereffective|p1a: Tapu Koko\n|-enditem|p1a: Tapu Koko|Shuca Berry|[eat]\n|-enditem|p1a: Tapu Koko|Shuca Berry|[weaken]\n|-damage|p1a: Tapu Koko|49\/100\n|\n|-heal|p2a: Heatran|23\/100|[from] item: Leftovers\n|upkeep\n|turn|17\n|\n|move|p1a: Tapu Koko|Defog|p2a: Heatran\n|-unboost|p2a: Heatran|evasion|1\n|-sideend|p2: RedBeaver540|Stealth Rock|[from] move: Defog|[of] p2a: Heatran\n|-sideend|p1: hauntersnightmare|Stealth Rock|[from] move: Defog|[of] p1a: Tapu Koko\n|move|p2a: Heatran|Earth Power|p1a: Tapu Koko\n|-supereffective|p1a: Tapu Koko\n|-damage|p1a: Tapu Koko|0 fnt\n|faint|p1a: Tapu Koko\n|\n|-heal|p2a: Heatran|30\/100|[from] item: Leftovers\n|upkeep\n|\n|switch|p1a: Hawlucha|Hawlucha, M|100\/100\n|-enditem|p1a: Hawlucha|Electric Seed\n|-boost|p1a: Hawlucha|def|1\n|turn|18\n|\n|move|p1a: Hawlucha|Swords Dance|p1a: Hawlucha\n|-boost|p1a: Hawlucha|atk|2\n|move|p2a: Heatran|Lava Plume|p1a: Hawlucha\n|-damage|p1a: Hawlucha|50\/100\n|-status|p1a: Hawlucha|brn\n|\n|-heal|p2a: Heatran|36\/100|[from] item: Leftovers\n|-damage|p1a: Hawlucha|44\/100 brn|[from] brn\n|upkeep\n|turn|19\n|\n|move|p1a: Hawlucha|High Jump Kick|p2a: Heatran\n|-supereffective|p2a: Heatran\n|-damage|p2a: Heatran|0 fnt\n|faint|p2a: Heatran\n|\n|-damage|p1a: Hawlucha|38\/100 brn|[from] brn\n|upkeep\n|\n|switch|p2a: Clefable|Clefable, M|19\/100\n|turn|20\n|\n|move|p1a: Hawlucha|Acrobatics|p2a: Clefable\n|-damage|p2a: Clefable|1\/100\n|move|p2a: Clefable|Reflect|p2a: Clefable\n|-sidestart|p2: RedBeaver540|Reflect\n|\n|-damage|p1a: Hawlucha|32\/100 brn|[from] brn\n|-fieldend|move: Electric Terrain\n|upkeep\n|turn|21\n|\n|move|p1a: Hawlucha|Acrobatics|p2a: Clefable\n|-damage|p2a: Clefable|0 fnt\n|faint|p2a: Clefable\n|\n|-damage|p1a: Hawlucha|26\/100 brn|[from] brn\n|upkeep\n|\n|switch|p2a: Kartana|Kartana|100\/100\n|turn|22\n|\n|move|p1a: Hawlucha|High Jump Kick|p2a: Kartana\n|-supereffective|p2a: Kartana\n|-damage|p2a: Kartana|38\/100\n|move|p2a: Kartana|Smart Strike|p1a: Hawlucha\n|-damage|p1a: Hawlucha|0 fnt\n|faint|p1a: Hawlucha\n|-ability|p2a: Kartana|Beast Boost|boost\n|-boost|p2a: Kartana|atk|1\n|\n|upkeep\n|\n|switch|p1a: Salamence|Salamence, F|100\/100\n|turn|23\n|\n|-zpower|p2a: Kartana\n|move|p2a: Kartana|Corkscrew Crash|p1a: Salamence|[zeffect]\n|-damage|p1a: Salamence|0 fnt\n|faint|p1a: Salamence\n|-ability|p2a: Kartana|Beast Boost|boost\n|-boost|p2a: Kartana|atk|1\n|\n|upkeep\n|\n|switch|p1a: Magearna|Magearna|65\/100\n|turn|24\n|\n|move|p2a: Kartana|Smart Strike|p1a: Magearna\n|-damage|p1a: Magearna|0 fnt\n|faint|p1a: Magearna\n|\n|win|RedBeaver540\n|raw|hauntersnightmare's rating: 1413 &rarr; <strong>1391<\/strong><br \/>(-22 for losing)\n|raw|RedBeaver540's rating: 1379 &rarr; <strong>1401<\/strong><br \/>(+22 for winning)\n|l|\u2606hauntersnightmare\n","uploadtime":1541052775,"views":8,"p1id":"hauntersnightmare","p2id":"redbeaver540","formatid":"gen7ou","rating":1391,"private":0,"password":null}