{"id":"gen7ou-1005684969","p1":"4G3NC KANTO","p2":"SMxVale","format":"gen7ou","log":"|j|\u26064G3NC KANTO\n|j|\u2606SMxVale\n|player|p1|4G3NC KANTO|red-gen1rb|1748\n|player|p2|SMxVale|151|1723\n|teamsize|p1|6\n|teamsize|p2|6\n|gametype|singles\n|gen|7\n|tier|[Gen 7] OU\n|rated|\n|rule|Sleep Clause Mod: Limit one foe put to sleep\n|rule|Species Clause: Limit one of each Pok\u00e9mon\n|rule|OHKO Clause: OHKO moves are banned\n|rule|Moody Clause: Moody is banned\n|rule|Evasion Moves Clause: Evasion moves are banned\n|rule|Endless Battle Clause: Forcing endless battles is banned\n|rule|HP Percentage Mod: HP is shown in percentages\n|clearpoke\n|poke|p1|Nidoking, M|item\n|poke|p1|Charizard, M|item\n|poke|p1|Zapdos|item\n|poke|p1|Mew|item\n|poke|p1|Dragonite, M|item\n|poke|p1|Clefable, F|item\n|poke|p2|Jirachi|item\n|poke|p2|Greninja, M|item\n|poke|p2|Serperior, M|item\n|poke|p2|Mawile, F|item\n|poke|p2|Landorus-Therian, M|item\n|poke|p2|Keldeo-Resolute|item\n|teampreview\n|c|\u26064G3NC KANTO|hf\n|inactive|Battle timer is ON: inactive players will automatically lose when time's up. (requested by SMxVale)\n|c|\u2606SMxVale|u2\n|c|\u2606SMxVale|i ve seen u fighting blunder\n|\n|start\n|switch|p1a: Nidoking|Nidoking, M|100\/100\n|switch|p2a: Keldeo|Keldeo-Resolute|100\/100\n|turn|1\n|c|\u26064G3NC KANTO|lol\n|c|\u26064G3NC KANTO|Getting crushed by blunder\n|c|\u26064G3NC KANTO|Would be more appropiate\n|\n|move|p2a: Keldeo|Scald|p1a: Nidoking\n|-supereffective|p1a: Nidoking\n|-enditem|p1a: Nidoking|Focus Sash\n|-damage|p1a: Nidoking|1\/100\n|-status|p1a: Nidoking|brn\n|move|p1a: Nidoking|Stealth Rock|p2a: Keldeo\n|-sidestart|p2: SMxVale|move: Stealth Rock\n|\n|-damage|p1a: Nidoking|0 fnt|[from] brn\n|faint|p1a: Nidoking\n|upkeep\n|c|\u2606SMxVale|xD\n|\n|switch|p1a: Charizard|Charizard, M|100\/100\n|turn|2\n|\n|detailschange|p1a: Charizard|Charizard-Mega-Y, M\n|-mega|p1a: Charizard|Charizard|Charizardite Y\n|-weather|SunnyDay|[from] ability: Drought|[of] p1a: Charizard\n|-zpower|p2a: Keldeo\n|move|p2a: Keldeo|Hydro Vortex|p1a: Charizard|[zeffect]\n|-supereffective|p1a: Charizard\n|-damage|p1a: Charizard|6\/100\n|move|p1a: Charizard|Solar Beam||[still]\n|-prepare|p1a: Charizard|Solar Beam|p2a: Keldeo\n|-anim|p1a: Charizard|Solar Beam|p2a: Keldeo\n|-supereffective|p2a: Keldeo\n|-damage|p2a: Keldeo|0 fnt\n|faint|p2a: Keldeo\n|\n|-weather|SunnyDay|[upkeep]\n|upkeep\n|\n|switch|p2a: Greninja|Greninja, M|100\/100\n|-damage|p2a: Greninja|88\/100|[from] Stealth Rock\n|turn|3\n|\n|switch|p2a: Mawile|Mawile, F|100\/100\n|-damage|p2a: Mawile|95\/100|[from] Stealth Rock\n|-ability|p2a: Mawile|Intimidate|boost\n|-unboost|p1a: Charizard|atk|1\n|switch|p1a: Clefable|Clefable, F|100\/100\n|\n|-weather|SunnyDay|[upkeep]\n|upkeep\n|turn|4\n|\n|detailschange|p2a: Mawile|Mawile-Mega, F\n|-mega|p2a: Mawile|Mawile|Mawilite\n|move|p2a: Mawile|Play Rough|p1a: Clefable\n|-damage|p1a: Clefable|5\/100\n|move|p1a: Clefable|Fire Blast|p2a: Mawile\n|-supereffective|p2a: Mawile\n|-crit|p2a: Mawile\n|-damage|p2a: Mawile|0 fnt\n|faint|p2a: Mawile\n|\n|-weather|SunnyDay|[upkeep]\n|upkeep\n|\n|switch|p2a: Greninja|Greninja, M|88\/100\n|-damage|p2a: Greninja|76\/100|[from] Stealth Rock\n|turn|5\n|\n|switch|p1a: Dragonite|Dragonite, M|100\/100\n|move|p2a: Greninja|Dark Pulse|p1a: Dragonite\n|-damage|p1a: Dragonite|76\/100\n|\n|-weather|SunnyDay|[upkeep]\n|-heal|p1a: Dragonite|82\/100|[from] item: Leftovers\n|upkeep\n|turn|6\n|\n|move|p2a: Greninja|Dark Pulse|p1a: Dragonite\n|-damage|p1a: Dragonite|33\/100\n|move|p1a: Dragonite|Dragon Dance|p1a: Dragonite\n|-boost|p1a: Dragonite|atk|1\n|-boost|p1a: Dragonite|spe|1\n|\n|-weather|none\n|-heal|p1a: Dragonite|39\/100|[from] item: Leftovers\n|upkeep\n|turn|7\n|\n|switch|p2a: Landorus|Landorus-Therian, M|100\/100\n|-damage|p2a: Landorus|88\/100|[from] Stealth Rock\n|-ability|p2a: Landorus|Intimidate|boost\n|-unboost|p1a: Dragonite|atk|1\n|move|p1a: Dragonite|Roost|p1a: Dragonite\n|-heal|p1a: Dragonite|89\/100\n|-singleturn|p1a: Dragonite|move: Roost\n|\n|-heal|p1a: Dragonite|95\/100|[from] item: Leftovers\n|upkeep\n|turn|8\n|\n|move|p1a: Dragonite|Roost|p1a: Dragonite\n|-heal|p1a: Dragonite|100\/100\n|-singleturn|p1a: Dragonite|move: Roost\n|move|p2a: Landorus|Rock Tomb|p1a: Dragonite\n|-damage|p1a: Dragonite|91\/100\n|-unboost|p1a: Dragonite|spe|1\n|\n|-heal|p1a: Dragonite|98\/100|[from] item: Leftovers\n|upkeep\n|turn|9\n|\n|switch|p1a: Zapdos|Zapdos|100\/100\n|move|p2a: Landorus|Rock Tomb|p1a: Zapdos\n|-supereffective|p1a: Zapdos\n|-crit|p1a: Zapdos\n|-damage|p1a: Zapdos|55\/100\n|-unboost|p1a: Zapdos|spe|1\n|\n|-heal|p1a: Zapdos|61\/100|[from] item: Leftovers\n|upkeep\n|turn|10\n|j| nemkg\n|\n|switch|p2a: Jirachi|Jirachi|100\/100\n|-damage|p2a: Jirachi|94\/100|[from] Stealth Rock\n|move|p1a: Zapdos|Roost|p1a: Zapdos\n|-heal|p1a: Zapdos|100\/100\n|-singleturn|p1a: Zapdos|move: Roost\n|\n|-heal|p2a: Jirachi|100\/100|[from] item: Leftovers\n|upkeep\n|turn|11\n|\n|move|p2a: Jirachi|Stealth Rock|p1a: Zapdos\n|-sidestart|p1: 4G3NC KANTO|move: Stealth Rock\n|move|p1a: Zapdos|Discharge|p2a: Jirachi\n|-damage|p2a: Jirachi|79\/100\n|\n|-heal|p2a: Jirachi|86\/100|[from] item: Leftovers\n|upkeep\n|turn|12\n|\n|switch|p2a: Greninja|Greninja, M|76\/100\n|-damage|p2a: Greninja|64\/100|[from] Stealth Rock\n|move|p1a: Zapdos|Heat Wave|p2a: Greninja\n|-resisted|p2a: Greninja\n|-damage|p2a: Greninja|42\/100\n|\n|upkeep\n|turn|13\n|\n|move|p2a: Greninja|Dark Pulse|p1a: Zapdos\n|-damage|p1a: Zapdos|51\/100\n|move|p1a: Zapdos|Discharge|p2a: Greninja\n|-supereffective|p2a: Greninja\n|-damage|p2a: Greninja|0 fnt\n|faint|p2a: Greninja\n|\n|-heal|p1a: Zapdos|57\/100|[from] item: Leftovers\n|upkeep\n|\n|switch|p2a: Landorus|Landorus-Therian, M|88\/100\n|-damage|p2a: Landorus|76\/100|[from] Stealth Rock\n|-ability|p2a: Landorus|Intimidate|boost\n|-unboost|p1a: Zapdos|atk|1\n|turn|14\n|\n|move|p2a: Landorus|Rock Tomb|p1a: Zapdos\n|-supereffective|p1a: Zapdos\n|-damage|p1a: Zapdos|30\/100\n|-unboost|p1a: Zapdos|spe|1\n|move|p1a: Zapdos|Roost|p1a: Zapdos\n|-heal|p1a: Zapdos|80\/100\n|-singleturn|p1a: Zapdos|move: Roost\n|\n|-heal|p1a: Zapdos|86\/100|[from] item: Leftovers\n|upkeep\n|turn|15\n|\n|move|p2a: Landorus|Rock Tomb|p1a: Zapdos\n|-supereffective|p1a: Zapdos\n|-damage|p1a: Zapdos|57\/100\n|-unboost|p1a: Zapdos|spe|1\n|move|p1a: Zapdos|Roost|p1a: Zapdos\n|-heal|p1a: Zapdos|100\/100\n|-singleturn|p1a: Zapdos|move: Roost\n|\n|upkeep\n|turn|16\n|\n|switch|p2a: Jirachi|Jirachi|86\/100\n|-damage|p2a: Jirachi|79\/100|[from] Stealth Rock\n|move|p1a: Zapdos|Defog|p2a: Jirachi\n|-unboost|p2a: Jirachi|evasion|1\n|-sideend|p2: SMxVale|Stealth Rock|[from] move: Defog|[of] p1a: Zapdos\n|-sideend|p1: 4G3NC KANTO|Stealth Rock|[from] move: Defog|[of] p1a: Zapdos\n|\n|-heal|p2a: Jirachi|86\/100|[from] item: Leftovers\n|upkeep\n|turn|17\n|\n|move|p2a: Jirachi|Iron Head|p1a: Zapdos\n|-resisted|p1a: Zapdos\n|-damage|p1a: Zapdos|90\/100\n|-status|p2a: Jirachi|par|[from] ability: Static|[of] p1a: Zapdos\n|cant|p1a: Zapdos|flinch\n|\n|-heal|p2a: Jirachi|92\/100 par|[from] item: Leftovers\n|-heal|p1a: Zapdos|96\/100|[from] item: Leftovers\n|upkeep\n|turn|18\n|-message|SMxVale forfeited.\n|\n|win|4G3NC KANTO\n|l|\u2606SMxVale\n|l|\u26064G3NC KANTO\n||Ladder (probably) updated, but score could not be retrieved (Response not received).\n","uploadtime":1573157375,"views":25,"p1id":"4g3nckanto","p2id":"smxvale","formatid":"gen7ou","rating":0,"private":0,"password":null}