{"id":"gen7randombattle-959980736","p1":"Legend Davy","p2":"comp233","format":"gen7randombattle","log":"|j|\u2606Legend Davy\n|j|\u2606comp233\n|player|p1|Legend Davy|168|2131\n|player|p2|comp233|115|2106\n|teamsize|p1|6\n|teamsize|p2|6\n|gametype|singles\n|gen|7\n|tier|[Gen 7] Random Battle\n|rated|\n|rule|Sleep Clause Mod: Limit one foe put to sleep\n|rule|HP Percentage Mod: HP is shown in percentages\n|\n|start\n|switch|p1a: Gourgeist|Gourgeist, L89, F|260\/260\n|switch|p2a: Chandelure|Chandelure, L82, M|233\/233\n|turn|1\n|j| HoEs MaD?\u00bf LMFAO\n|inactive|Battle timer is ON: inactive players will automatically lose when time's up. (requested by Legend Davy)\n|\n|move|p1a: Gourgeist|Shadow Sneak|p2a: Chandelure\n|-supereffective|p2a: Chandelure\n|-crit|p2a: Chandelure\n|-damage|p2a: Chandelure|99\/233\n|move|p2a: Chandelure|Shadow Ball|p1a: Gourgeist\n|-supereffective|p1a: Gourgeist\n|-damage|p1a: Gourgeist|24\/260\n|-unboost|p1a: Gourgeist|spd|1\n|\n|-heal|p1a: Gourgeist|40\/260|[from] item: Leftovers\n|upkeep\n|turn|2\n|\n|switch|p2a: Honchkrow|Honchkrow, L84, M|305\/305\n|move|p1a: Gourgeist|Leech Seed|p2a: Honchkrow\n|-start|p2a: Honchkrow|move: Leech Seed\n|\n|-heal|p1a: Gourgeist|56\/260|[from] item: Leftovers\n|-damage|p2a: Honchkrow|267\/305|[from] Leech Seed|[of] p1a: Gourgeist\n|-heal|p1a: Gourgeist|94\/260|[silent]\n|upkeep\n|turn|3\n|\n|move|p1a: Gourgeist|Substitute|p1a: Gourgeist\n|-start|p1a: Gourgeist|Substitute\n|-damage|p1a: Gourgeist|29\/260\n|move|p2a: Honchkrow|Pursuit|p1a: Gourgeist\n|-supereffective|p1a: Gourgeist\n|-end|p1a: Gourgeist|Substitute\n|-damage|p2a: Honchkrow|237\/305|[from] item: Life Orb\n|\n|-heal|p1a: Gourgeist|45\/260|[from] item: Leftovers\n|-damage|p2a: Honchkrow|199\/305|[from] Leech Seed|[of] p1a: Gourgeist\n|-heal|p1a: Gourgeist|83\/260|[silent]\n|upkeep\n|turn|4\n|\n|switch|p2a: Masquerain|Masquerain, L89, M|269\/269\n|-ability|p2a: Masquerain|Intimidate|boost\n|-unboost|p1a: Gourgeist|atk|1\n|move|p1a: Gourgeist|Substitute|p1a: Gourgeist\n|-start|p1a: Gourgeist|Substitute\n|-damage|p1a: Gourgeist|18\/260\n|\n|-heal|p1a: Gourgeist|34\/260|[from] item: Leftovers\n|upkeep\n|turn|5\n|\n|switch|p1a: Blacephalon|Blacephalon, L80|215\/215\n|move|p2a: Masquerain|Quiver Dance|p2a: Masquerain\n|-boost|p2a: Masquerain|spa|1\n|-boost|p2a: Masquerain|spd|1\n|-boost|p2a: Masquerain|spe|1\n|\n|upkeep\n|turn|6\n|\n|switch|p2a: Blastoise|Blastoise, L84, F|270\/270\n|-zpower|p1a: Blacephalon\n|move|p1a: Blacephalon|Inferno Overdrive|p2a: Blastoise|[zeffect]\n|-resisted|p2a: Blastoise\n|-damage|p2a: Blastoise|156\/270\n|\n|upkeep\n|turn|7\n|\n|switch|p1a: Milotic|Milotic, L84, M|297\/297\n|detailschange|p2a: Blastoise|Blastoise-Mega, L84, F\n|-mega|p2a: Blastoise|Blastoise|Blastoisinite\n|move|p2a: Blastoise|Dark Pulse|p1a: Milotic\n|-damage|p1a: Milotic|210\/297\n|\n|-heal|p1a: Milotic|228\/297|[from] item: Leftovers\n|upkeep\n|turn|8\n|\n|switch|p2a: Vileplume|Vileplume, L85, F|266\/266\n|move|p1a: Milotic|Toxic|p2a: Vileplume\n|-immune|p2a: Vileplume\n|\n|-heal|p1a: Milotic|246\/297|[from] item: Leftovers\n|upkeep\n|turn|9\n|\n|move|p1a: Milotic|Scald|p2a: Vileplume\n|-resisted|p2a: Vileplume\n|-damage|p2a: Vileplume|221\/266\n|-status|p2a: Vileplume|brn\n|move|p2a: Vileplume|Sludge Bomb|p1a: Milotic\n|-damage|p1a: Milotic|132\/297\n|-status|p1a: Milotic|psn\n|-damage|p2a: Vileplume|195\/266 brn|[from] item: Life Orb\n|\n|-heal|p1a: Milotic|150\/297 psn|[from] item: Leftovers\n|-damage|p1a: Milotic|113\/297 psn|[from] psn\n|-damage|p2a: Vileplume|179\/266 brn|[from] brn\n|upkeep\n|turn|10\n|\n|move|p1a: Milotic|Rest|p1a: Milotic\n|-status|p1a: Milotic|slp|[from] move: Rest\n|-heal|p1a: Milotic|297\/297 slp|[silent]\n|move|p2a: Vileplume|Sludge Bomb|p1a: Milotic\n|-damage|p1a: Milotic|194\/297 slp\n|-damage|p2a: Vileplume|153\/266 brn|[from] item: Life Orb\n|\n|-heal|p1a: Milotic|212\/297 slp|[from] item: Leftovers\n|-damage|p2a: Vileplume|137\/266 brn|[from] brn\n|upkeep\n|turn|11\n|\n|switch|p1a: Blacephalon|Blacephalon, L80|215\/215\n|move|p2a: Vileplume|Giga Drain|p1a: Blacephalon\n|-resisted|p1a: Blacephalon\n|-damage|p1a: Blacephalon|145\/215\n|-heal|p2a: Vileplume|172\/266 brn|[from] drain|[of] p1a: Blacephalon\n|-damage|p2a: Vileplume|146\/266 brn|[from] item: Life Orb\n|\n|-damage|p2a: Vileplume|130\/266 brn|[from] brn\n|upkeep\n|turn|12\n|\n|switch|p2a: Blastoise|Blastoise-Mega, L84, F|156\/270\n|move|p1a: Blacephalon|Fire Blast|p2a: Blastoise\n|-resisted|p2a: Blastoise\n|-damage|p2a: Blastoise|96\/270\n|\n|upkeep\n|turn|13\n|\n|move|p1a: Blacephalon|Shadow Ball|p2a: Blastoise\n|-damage|p2a: Blastoise|0 fnt\n|faint|p2a: Blastoise\n|-ability|p1a: Blacephalon|Beast Boost|boost\n|-boost|p1a: Blacephalon|spa|1\n|\n|upkeep\n|\n|switch|p2a: Honchkrow|Honchkrow, L84, M|199\/305\n|turn|14\n|\n|move|p2a: Honchkrow|Sucker Punch||[still]\n|-fail|p2a: Honchkrow\n|move|p1a: Blacephalon|Calm Mind|p1a: Blacephalon\n|-boost|p1a: Blacephalon|spa|1\n|-boost|p1a: Blacephalon|spd|1\n|\n|upkeep\n|turn|15\n|\n|move|p2a: Honchkrow|Sucker Punch|p1a: Blacephalon\n|-supereffective|p1a: Blacephalon\n|-damage|p1a: Blacephalon|0 fnt\n|-damage|p2a: Honchkrow|169\/305|[from] item: Life Orb\n|faint|p1a: Blacephalon\n|-ability|p2a: Honchkrow|Moxie|boost\n|-boost|p2a: Honchkrow|atk|1\n|\n|upkeep\n|c|\u2606Legend Davy|xddd\n|\n|switch|p1a: Whimsicott|Whimsicott, L86, M|243\/243\n|turn|16\n|\n|switch|p2a: Vileplume|Vileplume, L85, F|130\/266 brn\n|move|p1a: Whimsicott|Moonblast|p2a: Vileplume\n|-resisted|p2a: Vileplume\n|-damage|p2a: Vileplume|86\/266 brn\n|-unboost|p2a: Vileplume|spa|1\n|\n|-damage|p2a: Vileplume|70\/266 brn|[from] brn\n|upkeep\n|turn|17\n|\n|move|p1a: Whimsicott|Moonblast|p2a: Vileplume\n|-resisted|p2a: Vileplume\n|-damage|p2a: Vileplume|31\/266 brn\n|move|p2a: Vileplume|Sludge Bomb|p1a: Whimsicott\n|-supereffective|p1a: Whimsicott\n|-damage|p1a: Whimsicott|0 fnt\n|-damage|p2a: Vileplume|5\/266 brn|[from] item: Life Orb\n|faint|p1a: Whimsicott\n|\n|-damage|p2a: Vileplume|0 fnt|[from] brn\n|faint|p2a: Vileplume\n|upkeep\n|inactive|comp233 has 120 seconds left.\n|\n|switch|p1a: Kyogre|Kyogre, L78|284\/284\n|switch|p2a: Masquerain|Masquerain, L89, M|269\/269\n|-ability|p2a: Masquerain|Intimidate|boost\n|-unboost|p1a: Kyogre|atk|1\n|-weather|RainDance|[from] ability: Drizzle|[of] p1a: Kyogre\n|turn|18\n|inactive|comp233 has 120 seconds left.\n|\n|move|p2a: Masquerain|Quiver Dance|p2a: Masquerain\n|-boost|p2a: Masquerain|spa|1\n|-boost|p2a: Masquerain|spd|1\n|-boost|p2a: Masquerain|spe|1\n|move|p1a: Kyogre|Water Spout|p2a: Masquerain\n|-damage|p2a: Masquerain|0 fnt\n|faint|p2a: Masquerain\n|\n|-weather|RainDance|[upkeep]\n|upkeep\n|\n|switch|p2a: Honchkrow|Honchkrow, L84, M|169\/305\n|turn|19\n|\n|move|p2a: Honchkrow|Sucker Punch|p1a: Kyogre\n|-damage|p1a: Kyogre|162\/284\n|-damage|p2a: Honchkrow|139\/305|[from] item: Life Orb\n|move|p1a: Kyogre|Water Spout|p2a: Honchkrow\n|-damage|p2a: Honchkrow|0 fnt\n|faint|p2a: Honchkrow\n|\n|-weather|RainDance|[upkeep]\n|upkeep\n|inactive|comp233 has 120 seconds left.\n|\n|switch|p2a: Sableye|Sableye, L88, F|231\/231\n|turn|20\n|\n|move|p1a: Kyogre|Water Spout|p2a: Sableye\n|-damage|p2a: Sableye|0 fnt\n|faint|p2a: Sableye\n|\n|-weather|RainDance|[upkeep]\n|upkeep\n|-message|comp233 forfeited.\n|\n|win|Legend Davy\n|l|\u2606comp233\n|raw|Legend Davy's rating: 2131 &rarr; <strong>2150<\/strong><br \/>(+19 for winning)\n|raw|comp233's rating: 2107 &rarr; <strong>2088<\/strong><br \/>(-19 for losing)\n","inputlog":">version c2e63201c8a8f2687ba1010bf05246a5d4a3463b\n>start {\"formatid\":\"gen7randombattle\",\"seed\":[45203,54578,7961,656],\"rated\":\"Rated battle\"}\n>player p1 {\"name\":\"Legend Davy\",\"avatar\":\"168\",\"team\":\"\",\"rating\":2131,\"seed\":[21026,47799,147,5251]}\n>player p2 {\"name\":\"comp233\",\"avatar\":\"115\",\"team\":\"\",\"rating\":2106,\"seed\":[58460,9203,33612,38929]}\n>p1 move shadowsneak\n>p2 move shadowball\n>p1 move leechseed\n>p2 switch 5\n>p1 move substitute\n>p2 move pursuit\n>p1 move substitute\n>p2 switch 3\n>p1 switch 6\n>p2 move quiverdance\n>p1 move mindblown zmove\n>p2 switch 2\n>p1 switch 3\n>p2 move darkpulse mega\n>p1 move toxic\n>p2 switch 6\n>p1 move scald\n>p2 move sludgebomb\n>p1 move rest\n>p2 move sludgebomb\n>p1 switch 3\n>p2 move gigadrain\n>p1 move fireblast\n>p2 switch 6\n>p1 move shadowball\n>p2 move darkpulse\n>p2 switch 3\n>p1 move calmmind\n>p2 move suckerpunch\n>p1 move mindblown\n>p2 move suckerpunch\n>p1 switch 5\n>p1 move moonblast\n>p2 switch 6\n>p1 move moonblast\n>p2 move sludgebomb\n>p1 switch 4\n>p2 switch 2\n>p1 move waterspout\n>p2 move quiverdance\n>p2 switch 6\n>p1 move waterspout\n>p2 move suckerpunch\n>p2 switch 4\n>p1 move waterspout\n>p2 move knockoff","uploadtime":1565744405,"views":4,"p1id":"legenddavy","p2id":"comp233","formatid":"gen7randombattle","rating":2088,"private":0,"password":null}