{"id":"gen7randombattle-742595745","p1":"wolfwarrior","p2":"DR2","format":"gen7randombattle","log":"|j|\u2606wolfwarrior\n|j|\u2606DR2\n|player|p1|wolfwarrior|162\n|player|p2|DR2|151\n|teamsize|p1|6\n|teamsize|p2|6\n|gametype|singles\n|gen|7\n|tier|[Gen 7] Random Battle\n|rated|\n|seed|63552,62431,38234,58178\n|rule|Sleep Clause Mod: Limit one foe put to sleep\n|rule|HP Percentage Mod: HP is shown in percentages\n|\n|start\n|switch|p1a: Toucannon|Toucannon, L83, F|267\/267\n|switch|p2a: Comfey|Comfey, L81, F|215\/215\n|turn|1\n|inactive|Battle timer is ON: inactive players will automatically lose when time's up. (requested by DR2)\n|\n|switch|p1a: Steelix|Steelix, L79, F|248\/248\n|move|p2a: Comfey|U-turn|p1a: Steelix\n|-resisted|p1a: Steelix\n|-damage|p1a: Steelix|240\/248\n|\n|switch|p2a: Aggron|Aggron, L77, F|234\/234|[from]move: U-turn\n|\n|upkeep\n|turn|2\n|\n|-mega|p2a: Aggron|Aggron|Aggronite\n|detailschange|p2a: Aggron|Aggron-Mega, L77, F\n|-mega|p1a: Steelix|Steelix|Steelixite\n|detailschange|p1a: Steelix|Steelix-Mega, L79, F\n|move|p2a: Aggron|Stealth Rock|p1a: Steelix\n|-sidestart|p1: wolfwarrior|move: Stealth Rock\n|move|p1a: Steelix|Earthquake|p2a: Aggron\n|-supereffective|p2a: Aggron\n|-damage|p2a: Aggron|140\/234\n|\n|upkeep\n|turn|3\n|inactive|DR2 has 135 seconds left.\n|\n|switch|p2a: Venusaur|Venusaur, L81, F|262\/262\n|move|p1a: Steelix|Stealth Rock|p2a: Venusaur\n|-sidestart|p2: DR2|move: Stealth Rock\n|\n|upkeep\n|turn|4\n|\n|move|p2a: Venusaur|Leech Seed|p1a: Steelix\n|-start|p1a: Steelix|move: Leech Seed\n|move|p1a: Steelix|Earthquake|p2a: Venusaur\n|-damage|p2a: Venusaur|142\/262\n|\n|-heal|p2a: Venusaur|158\/262|[from] item: Black Sludge\n|-damage|p1a: Steelix|209\/248|[from] Leech Seed|[of] p2a: Venusaur\n|-heal|p2a: Venusaur|189\/262|[silent]\n|upkeep\n|turn|5\n|\n|switch|p1a: Muk|Muk-Alola, L77, F|288\/288\n|-damage|p1a: Muk|252\/288|[from] Stealth Rock\n|move|p2a: Venusaur|Sleep Powder|p1a: Muk\n|-status|p1a: Muk|slp\n|\n|-heal|p2a: Venusaur|205\/262|[from] item: Black Sludge\n|-heal|p1a: Muk|270\/288 slp|[from] item: Black Sludge\n|upkeep\n|turn|6\n|\n|move|p2a: Venusaur|Leech Seed|p1a: Muk|[miss]\n|-miss|p2a: Venusaur|p1a: Muk\n|cant|p1a: Muk|slp\n|\n|-heal|p2a: Venusaur|221\/262|[from] item: Black Sludge\n|-heal|p1a: Muk|288\/288 slp|[from] item: Black Sludge\n|upkeep\n|turn|7\n|\n|move|p2a: Venusaur|Leech Seed|p1a: Muk\n|-start|p1a: Muk|move: Leech Seed\n|cant|p1a: Muk|slp\n|\n|-heal|p2a: Venusaur|237\/262|[from] item: Black Sludge\n|-damage|p1a: Muk|252\/288 slp|[from] Leech Seed|[of] p2a: Venusaur\n|-heal|p2a: Venusaur|262\/262|[silent]\n|upkeep\n|turn|8\n|-message|wolfwarrior forfeited.\n|\n|win|DR2\n|l|\u2606wolfwarrior\n","inputlog":null,"uploadtime":1525470534,"views":0,"p1id":"wolfwarrior","p2id":"dr2","formatid":"gen7randombattle","rating":0,"private":0,"password":null}