{"id":"gen7randombattle-688543829","p1":"wolfwarrior","p2":"WhiteWolfLives","format":"gen7randombattle","log":"|j|\u2606wolfwarrior\n|j|\u2606WhiteWolfLives\n|player|p1|wolfwarrior|162\n|teamsize|p1|6\n|player|p2|WhiteWolfLives|2\n|teamsize|p2|6\n|gametype|singles\n|gen|7\n|tier|[Gen 7] Random Battle\n|rated|\n|seed|55342,6975,54623,15167,35848,62610,41732,18641,17172,31268,41366,6817\n|rule|Sleep Clause Mod: Limit one foe put to sleep\n|rule|HP Percentage Mod: HP is shown in percentages\n|\n|start\n|switch|p1a: Manectric|Manectric, L77, M|100\/100\n|switch|p2a: Sunflora|Sunflora, L83, F|100\/100\n|turn|1\n|choice|move voltswitch|switch 5\n|\n|switch|p2a: Heatran|Heatran, L75, M|100\/100\n|-item|p2a: Heatran|Air Balloon\n|move|p1a: Manectric|Volt Switch|p2a: Heatran\n|-damage|p2a: Heatran|76\/100\n|-enditem|p2a: Heatran|Air Balloon\n|choice|switch 6|\n|\n|switch|p1a: Mudsdale|Mudsdale, L83, M|100\/100|[from]move: Volt Switch\n|\n|upkeep\n|turn|2\n|choice|move heavyslam|switch 2\n|\n|switch|p2a: Breloom|Breloom, L76, M|100\/100\n|move|p1a: Mudsdale|Heavy Slam|p2a: Breloom\n|-crit|p2a: Breloom\n|-damage|p2a: Breloom|13\/100\n|\n|upkeep\n|turn|3\n|choice|move stealthrock|move spore\n|\n|move|p2a: Breloom|Spore|p1a: Mudsdale\n|-status|p1a: Mudsdale|slp\n|cant|p1a: Mudsdale|slp\n|\n|upkeep\n|turn|4\n|choice|move stealthrock|move bulletseed\n|\n|move|p2a: Breloom|Bullet Seed|p1a: Mudsdale\n|-supereffective|p1a: Mudsdale\n|-damage|p1a: Mudsdale|67\/100 slp\n|-ability|p1a: Mudsdale|Stamina|boost\n|-boost|p1a: Mudsdale|def|1\n|-supereffective|p1a: Mudsdale\n|-damage|p1a: Mudsdale|44\/100 slp\n|-ability|p1a: Mudsdale|Stamina|boost\n|-boost|p1a: Mudsdale|def|1\n|-hitcount|p1a: Mudsdale|2\n|-damage|p2a: Breloom|3\/100|[from] item: Life Orb\n|cant|p1a: Mudsdale|slp\n|\n|-heal|p1a: Mudsdale|50\/100 slp|[from] item: Leftovers\n|upkeep\n|turn|5\n|choice|move stealthrock|move bulletseed\n|\n|move|p2a: Breloom|Bullet Seed|p1a: Mudsdale\n|-supereffective|p1a: Mudsdale\n|-damage|p1a: Mudsdale|34\/100 slp\n|-ability|p1a: Mudsdale|Stamina|boost\n|-boost|p1a: Mudsdale|def|1\n|-supereffective|p1a: Mudsdale\n|-damage|p1a: Mudsdale|20\/100 slp\n|-ability|p1a: Mudsdale|Stamina|boost\n|-boost|p1a: Mudsdale|def|1\n|-supereffective|p1a: Mudsdale\n|-damage|p1a: Mudsdale|9\/100 slp\n|-ability|p1a: Mudsdale|Stamina|boost\n|-boost|p1a: Mudsdale|def|1\n|-supereffective|p1a: Mudsdale\n|-damage|p1a: Mudsdale|0 fnt\n|-hitcount|p1a: Mudsdale|4\n|-damage|p2a: Breloom|0 fnt|[from] item: Life Orb\n|faint|p1a: Mudsdale\n|faint|p2a: Breloom\n|\n|upkeep\n|choice|switch 3|switch 6\n|\n|switch|p2a: Deoxys|Deoxys-Attack, L73|100\/100\n|switch|p1a: Mienshao|Mienshao, L77, M|100\/100\n|-ability|p2a: Deoxys|Pressure\n|turn|6\n|choice|switch 4|switch 3\n|\n|switch|p2a: Charizard|Charizard, L76, M|100\/100\n|switch|p1a: Magearna|Magearna, L75|100\/100\n|\n|upkeep\n|turn|7\n|choice|move thunderbolt|move fireblast mega\n|\n|-mega|p2a: Charizard|Charizard|Charizardite Y\n|detailschange|p2a: Charizard|Charizard-Mega-Y, L76, M\n|-weather|SunnyDay|[from] ability: Drought|[of] p2a: Charizard\n|move|p2a: Charizard|Fire Blast|p1a: Magearna|[miss]\n|-miss|p2a: Charizard|p1a: Magearna\n|move|p1a: Magearna|Thunderbolt|p2a: Charizard\n|-supereffective|p2a: Charizard\n|-damage|p2a: Charizard|29\/100\n|\n|-weather|SunnyDay|[upkeep]\n|upkeep\n|turn|8\n|choice|move thunderbolt|move fireblast\n|\n|move|p2a: Charizard|Fire Blast|p1a: Magearna\n|-supereffective|p1a: Magearna\n|-damage|p1a: Magearna|0 fnt\n|faint|p1a: Magearna\n|\n|-weather|SunnyDay|[upkeep]\n|upkeep\n|choice|switch 6|\n|\n|switch|p1a: Manectric|Manectric, L77, M|100\/100\n|turn|9\n|choice|move voltswitch mega|move fireblast\n|\n|-mega|p1a: Manectric|Manectric|Manectite\n|detailschange|p1a: Manectric|Manectric-Mega, L77, M\n|-ability|p1a: Manectric|Intimidate|boost\n|-unboost|p2a: Charizard|atk|1\n|move|p1a: Manectric|Volt Switch|p2a: Charizard\n|-supereffective|p2a: Charizard\n|-damage|p2a: Charizard|0 fnt\n|faint|p2a: Charizard\n|choice|switch 5|\n|\n|switch|p1a: Drampa|Drampa, L83, F|100\/100|[from]move: Volt Switch\n|\n|-weather|SunnyDay|[upkeep]\n|upkeep\n|choice||switch 3\n|\n|switch|p2a: Deoxys|Deoxys-Attack, L73|100\/100\n|-ability|p2a: Deoxys|Pressure\n|turn|10\n|choice|move hypervoice|move superpower\n|\n|move|p2a: Deoxys|Superpower|p1a: Drampa\n|-supereffective|p1a: Drampa\n|-damage|p1a: Drampa|0 fnt\n|-unboost|p2a: Deoxys|atk|1\n|-unboost|p2a: Deoxys|def|1\n|-damage|p2a: Deoxys|91\/100|[from] item: Life Orb\n|faint|p1a: Drampa\n|\n|-weather|SunnyDay|[upkeep]\n|upkeep\n|choice|switch 2|\n|\n|switch|p1a: Darmanitan|Darmanitan, L77, M|100\/100\n|turn|11\n|choice|move uturn|move psychoboost\n|\n|move|p2a: Deoxys|Psycho Boost|p1a: Darmanitan\n|-damage|p1a: Darmanitan|0 fnt\n|-unboost|p2a: Deoxys|spa|2\n|-damage|p2a: Deoxys|81\/100|[from] item: Life Orb\n|faint|p1a: Darmanitan\n|\n|-weather|none\n|upkeep\n|choice|switch 4|\n|\n|switch|p1a: Mienshao|Mienshao, L77, M|100\/100\n|turn|12\n|choice|move knockoff|switch 5\n|\n|switch|p2a: Sunflora|Sunflora, L83, F|100\/100\n|move|p1a: Mienshao|Knock Off|p2a: Sunflora\n|-damage|p2a: Sunflora|64\/100\n|-enditem|p2a: Sunflora|Life Orb|[from] move: Knock Off|[of] p1a: Mienshao\n|\n|upkeep\n|turn|13\n|choice|move highjumpkick|move gigadrain\n|\n|move|p1a: Mienshao|High Jump Kick|p2a: Sunflora\n|-damage|p2a: Sunflora|0 fnt\n|faint|p2a: Sunflora\n|\n|upkeep\n|choice||switch 5\n|\n|switch|p2a: Deoxys|Deoxys-Attack, L73|81\/100\n|-ability|p2a: Deoxys|Pressure\n|turn|14\n|choice|move knockoff|move psychoboost\n|\n|move|p2a: Deoxys|Psycho Boost|p1a: Mienshao\n|-supereffective|p1a: Mienshao\n|-damage|p1a: Mienshao|0 fnt\n|-unboost|p2a: Deoxys|spa|2\n|-damage|p2a: Deoxys|71\/100|[from] item: Life Orb\n|faint|p1a: Mienshao\n|\n|upkeep\n|choice|switch 5|\n|\n|switch|p1a: Manectric|Manectric-Mega, L77, M|100\/100\n|-ability|p1a: Manectric|Intimidate|boost\n|-unboost|p2a: Deoxys|atk|1\n|turn|15\n|choice|move thunderbolt|switch 2\n|\n|switch|p2a: Heatran|Heatran, L75, M|76\/100\n|move|p1a: Manectric|Thunderbolt|p2a: Heatran\n|-damage|p2a: Heatran|37\/100\n|\n|upkeep\n|turn|16\n|choice|move thunderbolt|move lavaplume\n|\n|move|p1a: Manectric|Thunderbolt|p2a: Heatran\n|-crit|p2a: Heatran\n|-damage|p2a: Heatran|0 fnt\n|faint|p2a: Heatran\n|\n|upkeep\n|choice||switch 2\n|\n|switch|p2a: Deoxys|Deoxys-Attack, L73|71\/100\n|-ability|p2a: Deoxys|Pressure\n|turn|17\n|choice|move thunderbolt|move psychoboost\n|\n|move|p2a: Deoxys|Psycho Boost|p1a: Manectric|[miss]\n|-miss|p2a: Deoxys|p1a: Manectric\n|move|p1a: Manectric|Thunderbolt|p2a: Deoxys\n|-damage|p2a: Deoxys|0 fnt\n|faint|p2a: Deoxys\n|\n|upkeep\n|inactive|Battle timer is ON: inactive players will automatically lose when time's up. (requested by wolfwarrior)\n|c|\u2606WhiteWolfLives|I was afraid that might happen\n|choice||switch 4\n|\n|switch|p2a: Garbodor|Garbodor, L81, M|100\/100\n|turn|18\n|choice|move thunderbolt|move gunkshot\n|\n|move|p1a: Manectric|Thunderbolt|p2a: Garbodor\n|-damage|p2a: Garbodor|55\/100\n|-status|p2a: Garbodor|par\n|cant|p2a: Garbodor|par\n|\n|-heal|p2a: Garbodor|62\/100 par|[from] item: Black Sludge\n|upkeep\n|turn|19\n|choice|move thunderbolt|move gunkshot\n|\n|move|p1a: Manectric|Thunderbolt|p2a: Garbodor\n|-damage|p2a: Garbodor|19\/100 par\n|move|p2a: Garbodor|Gunk Shot|p1a: Manectric|[miss]\n|-miss|p2a: Garbodor|p1a: Manectric\n|\n|-heal|p2a: Garbodor|25\/100 par|[from] item: Black Sludge\n|upkeep\n|turn|20\n|inactive|WhiteWolfLives has 135 seconds left.\n|c|\u2606wolfwarrior|only shot\n|inactive|WhiteWolfLives has 120 seconds left.\n|choice|move overheat|move gunkshot\n|\n|move|p1a: Manectric|Overheat|p2a: Garbodor|[miss]\n|-miss|p1a: Manectric|p2a: Garbodor\n|move|p2a: Garbodor|Gunk Shot|p1a: Manectric\n|-damage|p1a: Manectric|45\/100\n|\n|-heal|p2a: Garbodor|31\/100 par|[from] item: Black Sludge\n|upkeep\n|turn|21\n|inactive|WhiteWolfLives has 135 seconds left.\n|choice|move thunderbolt|move gunkshot\n|\n|move|p1a: Manectric|Thunderbolt|p2a: Garbodor\n|-damage|p2a: Garbodor|0 fnt\n|faint|p2a: Garbodor\n|\n|win|wolfwarrior\n|raw|wolfwarrior's rating: 1651 &rarr; <strong>1671<\/strong><br \/>(+20 for winning)\n|raw|WhiteWolfLives's rating: 1645 &rarr; <strong>1625<\/strong><br \/>(-20 for losing)\n|c|\u2606wolfwarrior|seed hitting 4 times almost got me\n|l|\u2606wolfwarrior\n","inputlog":null,"uploadtime":1515899272,"views":8,"p1id":"wolfwarrior","p2id":"whitewolflives","formatid":"gen7randombattle","rating":1625,"private":0,"password":null}