{"id":"gen7ou-688897669","p1":"Moskito Cup","p2":"the skill book","format":"gen7ou","log":"|raw|<div class=\"broadcast-red\"><strong>This battle is invite-only!<\/strong><br \/>Users must be rank + or invited with <code>\/invite<\/code> to join<\/div>\n|j|\u2606Moskito Cup\n|j|\u2606the skill book\n|player|p1|Moskito Cup|169\n|teamsize|p1|6\n|player|p2|the skill book|1\n|teamsize|p2|6\n|gametype|singles\n|gen|7\n|tier|[Gen 7] OU\n|rated||rule|Sleep Clause Mod: Limit one foe put to sleep\n|rule|Species Clause: Limit one of each Pok\u00e9mon\n|rule|OHKO Clause: OHKO moves are banned\n|rule|Moody Clause: Moody is banned\n|rule|Evasion Moves Clause: Evasion moves are banned\n|rule|Endless Battle Clause: Forcing endless battles is banned\n|rule|HP Percentage Mod: HP is shown in percentages\n|clearpoke\n|poke|p1|Venusaur, M|item\n|poke|p1|Keldeo-Resolute|item\n|poke|p1|Skarmory, F|item\n|poke|p1|Chansey, F|item\n|poke|p1|Heatran, F|item\n|poke|p1|Bisharp, F|item\n|poke|p2|Scizor, F|item\n|poke|p2|Tornadus-Therian, M|item\n|poke|p2|Chansey, F|item\n|poke|p2|Ditto|item\n|poke|p2|Zygarde|item\n|poke|p2|Toxapex, M|item\n|teampreview|\n|start\n|switch|p1a: Heatran|Heatran, F|100\/100\n|switch|p2a: Zygarde|Zygarde|100\/100\n|-ability|p2a: Zygarde|Aura Break\n|turn|1\n|inactive|Battle timer is ON: inactive players will automatically lose when time's up. (requested by Moskito Cup)|\n|switch|p1a: Chansey|Chansey, F|100\/100\n|move|p2a: Zygarde|Thousand Arrows|p1a: Chansey\n|-damage|p1a: Chansey|57\/100\n|\n|upkeep\n|turn|2|\n|switch|p2a: Tornadus|Tornadus-Therian, M|100\/100\n|move|p1a: Chansey|Soft-Boiled|p1a: Chansey\n|-heal|p1a: Chansey|100\/100\n|\n|upkeep\n|turn|3|\n|switch|p2a: Toxapex|Toxapex, M|100\/100\n|move|p1a: Chansey|Thunder Wave|p2a: Toxapex\n|-status|p2a: Toxapex|par\n|\n|upkeep\n|turn|4|\n|switch|p1a: Heatran|Heatran, F|100\/100\n|switch|p2a: Zygarde|Zygarde|100\/100\n|-ability|p2a: Zygarde|Aura Break\n|\n|upkeep\n|turn|5|\n|switch|p1a: Chansey|Chansey, F|100\/100\n|move|p2a: Zygarde|Thousand Arrows|p1a: Chansey\n|-damage|p1a: Chansey|61\/100\n|\n|upkeep\n|turn|6|\n|switch|p2a: Chansey|Chansey, F|100\/100\n|move|p1a: Chansey|Soft-Boiled|p1a: Chansey\n|-heal|p1a: Chansey|100\/100\n|\n|upkeep\n|turn|7|\n|switch|p1a: Heatran|Heatran, F|100\/100\n|move|p2a: Chansey|Stealth Rock|p1a: Heatran\n|-sidestart|p1: Moskito Cup|move: Stealth Rock\n|\n|upkeep\n|turn|8|\n|switch|p2a: Zygarde|Zygarde|100\/100\n|-ability|p2a: Zygarde|Aura Break\n|move|p1a: Heatran|Toxic|p2a: Zygarde\n|-status|p2a: Zygarde|tox\n|\n|-damage|p2a: Zygarde|94\/100 tox|[from] psn\n|upkeep\n|turn|9|\n|switch|p1a: Chansey|Chansey, F|100\/100\n|-damage|p1a: Chansey|88\/100|[from] Stealth Rock\n|move|p2a: Zygarde|Thousand Arrows|p1a: Chansey\n|-damage|p1a: Chansey|45\/100\n|\n|-damage|p2a: Zygarde|82\/100 tox|[from] psn\n|upkeep\n|turn|10|\n|switch|p2a: Scizor|Scizor, F|100\/100\n|move|p1a: Chansey|Soft-Boiled|p1a: Chansey\n|-heal|p1a: Chansey|95\/100\n|\n|upkeep\n|turn|11|\n|-mega|p2a: Scizor|Scizor|Scizorite\n|detailschange|p2a: Scizor|Scizor-Mega, F\n|move|p2a: Scizor|U-turn|p1a: Chansey\n|-damage|p1a: Chansey|74\/100|\n|switch|p2a: Toxapex|Toxapex, M|100\/100 par\n|move|p1a: Chansey|Seismic Toss|p2a: Toxapex\n|-damage|p2a: Toxapex|68\/100 par\n|\n|-heal|p2a: Toxapex|74\/100 par|[from] item: Black Sludge\n|upkeep\n|turn|12|\n|switch|p2a: Tornadus|Tornadus-Therian, M|100\/100\n|move|p1a: Chansey|Soft-Boiled|p1a: Chansey\n|-heal|p1a: Chansey|100\/100\n|\n|upkeep\n|turn|13|\n|switch|p2a: Toxapex|Toxapex, M|100\/100 par\n|move|p1a: Chansey|Thunder Wave|p2a: Toxapex\n|-fail|p2a: Toxapex|par\n|\n|upkeep\n|turn|14|\n|switch|p1a: Heatran|Heatran, F|100\/100\n|-damage|p1a: Heatran|88\/100|[from] Stealth Rock\n|move|p2a: Toxapex|Toxic|p1a: Heatran\n|-immune|p1a: Heatran|[msg]\n|\n|-heal|p1a: Heatran|94\/100|[from] item: Leftovers\n|upkeep\n|turn|15|\n|switch|p2a: Zygarde|Zygarde|82\/100 tox\n|-ability|p2a: Zygarde|Aura Break\n|move|p1a: Heatran|Stealth Rock|p2a: Zygarde\n|-sidestart|p2: the skill book|move: Stealth Rock\n|\n|-heal|p1a: Heatran|100\/100|[from] item: Leftovers\n|-damage|p2a: Zygarde|76\/100 tox|[from] psn\n|upkeep\n|turn|16|\n|switch|p1a: Chansey|Chansey, F|100\/100\n|-damage|p1a: Chansey|88\/100|[from] Stealth Rock\n|move|p2a: Zygarde|Thousand Arrows|p1a: Chansey\n|-damage|p1a: Chansey|44\/100\n|\n|-damage|p2a: Zygarde|64\/100 tox|[from] psn\n|upkeep\n|turn|17|\n|move|p2a: Zygarde|Thousand Arrows|p1a: Chansey\n|-damage|p1a: Chansey|4\/100\n|move|p1a: Chansey|Soft-Boiled|p1a: Chansey\n|-heal|p1a: Chansey|54\/100\n|\n|-damage|p2a: Zygarde|45\/100 tox|[from] psn\n|upkeep\n|turn|18|\n|switch|p2a: Tornadus|Tornadus-Therian, M|100\/100\n|-damage|p2a: Tornadus|76\/100|[from] Stealth Rock\n|move|p1a: Chansey|Soft-Boiled|p1a: Chansey\n|-heal|p1a: Chansey|100\/100\n|\n|upkeep\n|turn|19|\n|switch|p2a: Toxapex|Toxapex, M|100\/100 par\n|-damage|p2a: Toxapex|88\/100 par|[from] Stealth Rock\n|move|p1a: Chansey|Seismic Toss|p2a: Toxapex\n|-damage|p2a: Toxapex|55\/100 par\n|\n|-heal|p2a: Toxapex|61\/100 par|[from] item: Black Sludge\n|upkeep\n|turn|20|\n|move|p1a: Chansey|Seismic Toss|p2a: Toxapex\n|-damage|p2a: Toxapex|28\/100 par\n|move|p2a: Toxapex|Recover|p2a: Toxapex\n|-heal|p2a: Toxapex|78\/100 par\n|\n|-heal|p2a: Toxapex|85\/100 par|[from] item: Black Sludge\n|upkeep\n|turn|21|\n|switch|p1a: Bisharp|Bisharp, F|100\/100\n|-damage|p1a: Bisharp|94\/100|[from] Stealth Rock\n|cant|p2a: Toxapex|par\n|\n|-heal|p1a: Bisharp|100\/100|[from] item: Leftovers\n|-heal|p2a: Toxapex|91\/100 par|[from] item: Black Sludge\n|upkeep\n|turn|22\n|inactive|the skill book has 135 seconds left.|\n|switch|p2a: Scizor|Scizor-Mega, F|100\/100\n|-damage|p2a: Scizor|88\/100|[from] Stealth Rock\n|move|p1a: Bisharp|Swords Dance|p1a: Bisharp\n|-boost|p1a: Bisharp|atk|2\n|\n|upkeep\n|turn|23|\n|move|p2a: Scizor|Swords Dance|p2a: Scizor\n|-boost|p2a: Scizor|atk|2\n|move|p1a: Bisharp|Knock Off|p2a: Scizor\n|-damage|p2a: Scizor|44\/100\n|\n|upkeep\n|turn|24|\n|move|p2a: Scizor|Roost|p2a: Scizor\n|-heal|p2a: Scizor|94\/100\n|move|p1a: Bisharp|Knock Off|p2a: Scizor\n|-damage|p2a: Scizor|54\/100\n|\n|upkeep\n|turn|25|\n|move|p2a: Scizor|Roost|p2a: Scizor\n|-heal|p2a: Scizor|100\/100\n|move|p1a: Bisharp|Knock Off|p2a: Scizor\n|-damage|p2a: Scizor|61\/100\n|\n|upkeep\n|turn|26|\n|switch|p1a: Heatran|Heatran, F|100\/100\n|-damage|p1a: Heatran|88\/100|[from] Stealth Rock\n|move|p2a: Scizor|Roost|p2a: Scizor\n|-heal|p2a: Scizor|100\/100\n|\n|-heal|p1a: Heatran|94\/100|[from] item: Leftovers\n|upkeep\n|turn|27|\n|switch|p1a: Venusaur|Venusaur, M|100\/100\n|-damage|p1a: Venusaur|88\/100|[from] Stealth Rock\n|switch|p2a: Toxapex|Toxapex, M|100\/100 par\n|-damage|p2a: Toxapex|88\/100 par|[from] Stealth Rock\n|\n|-heal|p2a: Toxapex|94\/100 par|[from] item: Black Sludge\n|upkeep\n|turn|28|\n|-mega|p1a: Venusaur|Venusaur|Venusaurite\n|detailschange|p1a: Venusaur|Venusaur-Mega, M\n|move|p1a: Venusaur|Sludge Bomb|p2a: Toxapex\n|-resisted|p2a: Toxapex\n|-damage|p2a: Toxapex|79\/100 par\n|move|p2a: Toxapex|Scald|p1a: Venusaur\n|-resisted|p1a: Venusaur\n|-damage|p1a: Venusaur|82\/100\n|\n|-heal|p2a: Toxapex|85\/100 par|[from] item: Black Sludge\n|upkeep\n|turn|29|\n|move|p1a: Venusaur|Giga Drain|p2a: Toxapex\n|-damage|p2a: Toxapex|61\/100 par\n|-heal|p1a: Venusaur|92\/100|[from] drain|[of] p2a: Toxapex\n|cant|p2a: Toxapex|par\n|\n|-heal|p2a: Toxapex|68\/100 par|[from] item: Black Sludge\n|upkeep\n|turn|30|\n|move|p1a: Venusaur|Giga Drain|p2a: Toxapex\n|-damage|p2a: Toxapex|46\/100 par\n|-heal|p1a: Venusaur|100\/100|[from] drain|[of] p2a: Toxapex\n|cant|p2a: Toxapex|par\n|\n|-heal|p2a: Toxapex|52\/100 par|[from] item: Black Sludge\n|upkeep\n|turn|31|\n|switch|p1a: Skarmory|Skarmory, F|100\/100\n|-damage|p1a: Skarmory|88\/100|[from] Stealth Rock\n|switch|p2a: Tornadus|Tornadus-Therian, M|100\/100\n|-damage|p2a: Tornadus|76\/100|[from] Stealth Rock\n|\n|upkeep\n|turn|32|\n|move|p2a: Tornadus|Hurricane|p1a: Skarmory\n|-resisted|p1a: Skarmory\n|-damage|p1a: Skarmory|60\/100\n|-start|p1a: Skarmory|confusion\n|-activate|p1a: Skarmory|confusion\n|move|p1a: Skarmory|Brave Bird|p2a: Tornadus\n|-damage|p2a: Tornadus|29\/100\n|-damage|p1a: Skarmory|46\/100|[from] Recoil|[of] p2a: Tornadus\n|\n|upkeep\n|turn|33\n|inactive|the skill book has 135 seconds left.|\n|switch|p2a: Toxapex|Toxapex, M|85\/100 par\n|-damage|p2a: Toxapex|73\/100 par|[from] Stealth Rock\n|-activate|p1a: Skarmory|confusion\n|move|p1a: Skarmory|Spikes|p2a: Toxapex\n|-sidestart|p2: the skill book|Spikes\n|\n|-heal|p2a: Toxapex|79\/100 par|[from] item: Black Sludge\n|upkeep\n|turn|34|\n|-activate|p1a: Skarmory|confusion\n|-damage|p1a: Skarmory|41\/100|[from] confusion\n|move|p2a: Toxapex|Scald|p1a: Skarmory\n|-damage|p1a: Skarmory|24\/100\n|\n|-heal|p2a: Toxapex|85\/100 par|[from] item: Black Sludge\n|upkeep\n|turn|35\n|inactive|the skill book has 135 seconds left.|\n|-end|p1a: Skarmory|confusion\n|move|p1a: Skarmory|Brave Bird|p2a: Toxapex\n|-damage|p2a: Toxapex|62\/100 par\n|-damage|p1a: Skarmory|16\/100|[from] Recoil|[of] p2a: Toxapex\n|cant|p2a: Toxapex|par\n|\n|-heal|p2a: Toxapex|68\/100 par|[from] item: Black Sludge\n|upkeep\n|turn|36|\n|move|p1a: Skarmory|Roost|p1a: Skarmory\n|-heal|p1a: Skarmory|67\/100\n|move|p2a: Toxapex|Scald|p1a: Skarmory\n|-damage|p1a: Skarmory|49\/100\n|\n|-heal|p2a: Toxapex|74\/100 par|[from] item: Black Sludge\n|upkeep\n|turn|37\n|inactive|the skill book has 135 seconds left.|\n|move|p1a: Skarmory|Brave Bird|p2a: Toxapex\n|-damage|p2a: Toxapex|52\/100 par\n|-damage|p1a: Skarmory|43\/100|[from] Recoil|[of] p2a: Toxapex\n|move|p2a: Toxapex|Scald|p1a: Skarmory\n|-damage|p1a: Skarmory|24\/100\n|\n|-heal|p2a: Toxapex|59\/100 par|[from] item: Black Sludge\n|upkeep\n|turn|38|\n|move|p1a: Skarmory|Roost|p1a: Skarmory\n|-heal|p1a: Skarmory|74\/100\n|move|p2a: Toxapex|Scald|p1a: Skarmory\n|-damage|p1a: Skarmory|56\/100\n|-status|p1a: Skarmory|brn\n|\n|-heal|p2a: Toxapex|65\/100 par|[from] item: Black Sludge\n|-damage|p1a: Skarmory|50\/100 brn|[from] brn\n|upkeep\n|turn|39|\n|switch|p2a: Tornadus|Tornadus-Therian, M|62\/100\n|-damage|p2a: Tornadus|38\/100|[from] Stealth Rock\n|move|p1a: Skarmory|Whirlwind|p2a: Tornadus\n|drag|p2a: Zygarde|Zygarde|45\/100 tox\n|-damage|p2a: Zygarde|39\/100 tox|[from] Stealth Rock\n|-damage|p2a: Zygarde|27\/100 tox|[from] Spikes\n|-ability|p2a: Zygarde|Aura Break\n|\n|-damage|p2a: Zygarde|20\/100 tox|[from] psn\n|-damage|p1a: Skarmory|44\/100 brn|[from] brn\n|upkeep\n|turn|40|\n|switch|p2a: Tornadus|Tornadus-Therian, M|71\/100\n|-damage|p2a: Tornadus|46\/100|[from] Stealth Rock\n|move|p1a: Skarmory|Brave Bird|p2a: Tornadus\n|-damage|p2a: Tornadus|23\/100\n|-damage|p1a: Skarmory|37\/100 brn|[from] Recoil|[of] p2a: Tornadus\n|\n|-damage|p1a: Skarmory|31\/100 brn|[from] brn\n|upkeep\n|turn|41|\n|-zpower|p2a: Tornadus\n|move|p2a: Tornadus|Supersonic Skystrike|p1a: Skarmory|[zeffect]\n|-resisted|p1a: Skarmory\n|-damage|p1a: Skarmory|0 fnt\n|faint|p1a: Skarmory\n|\n|upkeep|\n|switch|p1a: Bisharp|Bisharp, F|100\/100\n|-damage|p1a: Bisharp|94\/100|[from] Stealth Rock\n|turn|42|\n|switch|p2a: Scizor|Scizor-Mega, F|100\/100\n|-damage|p2a: Scizor|88\/100|[from] Stealth Rock\n|-damage|p2a: Scizor|76\/100|[from] Spikes\n|switch|p1a: Heatran|Heatran, F|94\/100\n|-damage|p1a: Heatran|82\/100|[from] Stealth Rock\n|\n|-heal|p1a: Heatran|88\/100|[from] item: Leftovers\n|upkeep\n|turn|43|\n|switch|p1a: Bisharp|Bisharp, F|94\/100\n|-damage|p1a: Bisharp|88\/100|[from] Stealth Rock\n|switch|p2a: Toxapex|Toxapex, M|98\/100 par\n|-damage|p2a: Toxapex|86\/100 par|[from] Spikes\n|-damage|p2a: Toxapex|73\/100 par|[from] Stealth Rock\n|\n|-heal|p1a: Bisharp|94\/100|[from] item: Leftovers\n|-heal|p2a: Toxapex|79\/100 par|[from] item: Black Sludge\n|upkeep\n|turn|44|\n|move|p1a: Bisharp|Swords Dance|p1a: Bisharp\n|-boost|p1a: Bisharp|atk|2\n|move|p2a: Toxapex|Scald|p1a: Bisharp\n|-damage|p1a: Bisharp|73\/100\n|\n|-heal|p1a: Bisharp|79\/100|[from] item: Leftovers\n|-heal|p2a: Toxapex|86\/100 par|[from] item: Black Sludge\n|upkeep\n|turn|45|\n|move|p1a: Bisharp|Knock Off|p2a: Toxapex\n|-damage|p2a: Toxapex|22\/100 par\n|-enditem|p2a: Toxapex|Black Sludge|[from] move: Knock Off|[of] p1a: Bisharp\n|move|p2a: Toxapex|Haze|p2a: Toxapex\n|-clearallboost\n|\n|-heal|p1a: Bisharp|85\/100|[from] item: Leftovers\n|upkeep\n|turn|46|\n|switch|p2a: Scizor|Scizor-Mega, F|76\/100\n|-damage|p2a: Scizor|64\/100|[from] Spikes\n|-damage|p2a: Scizor|52\/100|[from] Stealth Rock\n|move|p1a: Bisharp|Knock Off|p2a: Scizor\n|-damage|p2a: Scizor|30\/100\n|\n|-heal|p1a: Bisharp|91\/100|[from] item: Leftovers\n|upkeep\n|turn|47|\n|switch|p1a: Heatran|Heatran, F|88\/100\n|-damage|p1a: Heatran|76\/100|[from] Stealth Rock\n|move|p2a: Scizor|Roost|p2a: Scizor\n|-heal|p2a: Scizor|80\/100\n|\n|-heal|p1a: Heatran|82\/100|[from] item: Leftovers\n|upkeep\n|turn|48|\n|switch|p2a: Chansey|Chansey, F|100\/100\n|-damage|p2a: Chansey|88\/100|[from] Stealth Rock\n|-damage|p2a: Chansey|76\/100|[from] Spikes\n|move|p1a: Heatran|Lava Plume|p2a: Chansey\n|-damage|p2a: Chansey|65\/100\n|-status|p2a: Chansey|brn\n|\n|-heal|p1a: Heatran|88\/100|[from] item: Leftovers\n|-damage|p2a: Chansey|59\/100 brn|[from] brn\n|upkeep\n|turn|49|\n|move|p1a: Heatran|Taunt|p2a: Chansey\n|-start|p2a: Chansey|move: Taunt\n|cant|p2a: Chansey|move: Taunt|Soft-Boiled\n|\n|-heal|p1a: Heatran|94\/100|[from] item: Leftovers\n|-damage|p2a: Chansey|53\/100 brn|[from] brn\n|upkeep\n|turn|50|\n|move|p1a: Heatran|Lava Plume|p2a: Chansey\n|-damage|p2a: Chansey|42\/100 brn\n|move|p2a: Chansey|Seismic Toss|p1a: Heatran\n|-damage|p1a: Heatran|66\/100\n|\n|-heal|p1a: Heatran|73\/100|[from] item: Leftovers\n|-damage|p2a: Chansey|36\/100 brn|[from] brn\n|upkeep\n|turn|51\n|-message|the skill book forfeited.\n|\n|win|Moskito Cup\n|l|\u2606the skill book\n|raw|Moskito Cup's rating: 1985 &rarr; <strong>1998<\/strong><br \/>(+13 for winning)\n|raw|the skill book's rating: 1861 &rarr; <strong>1848<\/strong><br \/>(-13 for losing)\n|c|\u2606Moskito Cup|\/log Moskito Cup made this room public.\n","inputlog":null,"uploadtime":1515967029,"views":594,"p1id":"moskitocup","p2id":"theskillbook","formatid":"gen7ou","rating":1848,"private":0,"password":null}