{"id":"gen7ou-1524797211","p1":"StreetCredCookie","p2":"tanishq1","format":"gen7ou","log":"|j|\u2606StreetCredCookie\n|j|\u2606tanishq1\n|t:|1646581299\n|gametype|singles\n|player|p1|StreetCredCookie|birdkeeper|1516\n|player|p2|tanishq1|170|1690\n|teamsize|p1|6\n|teamsize|p2|6\n|gen|7\n|tier|[Gen 7] OU\n|rated|\n|rule|Sleep Clause Mod: Limit one foe put to sleep\n|rule|Species Clause: Limit one of each Pok\u00e9mon\n|rule|OHKO Clause: OHKO moves are banned\n|rule|Moody Clause: Moody is banned\n|rule|Evasion Moves Clause: Evasion moves are banned\n|rule|Endless Battle Clause: Forcing endless battles is banned\n|rule|HP Percentage Mod: HP is shown in percentages\n|clearpoke\n|poke|p1|Garchomp, M|item\n|poke|p1|Heatran, F|item\n|poke|p1|Rotom-Wash|item\n|poke|p1|Lopunny, F|item\n|poke|p1|Tangrowth, F|item\n|poke|p1|Xurkitree|item\n|poke|p2|Gliscor, F|item\n|poke|p2|Lopunny, F|item\n|poke|p2|Magearna|item\n|poke|p2|Tangrowth, M|item\n|poke|p2|Tornadus-Therian, M|item\n|poke|p2|Toxapex, F|item\n|teampreview\n|inactive|Battle timer is ON: inactive players will automatically lose when time's up. (requested by tanishq1)\n|\n|t:|1646581310\n|start\n|switch|p1a: Lopunny|Lopunny, F|100\/100\n|switch|p2a: Tornadus|Tornadus-Therian, M|100\/100\n|turn|1\n|\n|t:|1646581315\n|switch|p2a: Tangrowth|Tangrowth, M|100\/100\n|detailschange|p1a: Lopunny|Lopunny-Mega, F\n|-mega|p1a: Lopunny|Lopunny|Lopunnite\n|move|p1a: Lopunny|Fake Out|p2a: Tangrowth\n|-damage|p2a: Tangrowth|89\/100\n|-damage|p1a: Lopunny|84\/100|[from] item: Rocky Helmet|[of] p2a: Tangrowth\n|\n|upkeep\n|turn|2\n|\n|t:|1646581325\n|switch|p1a: Garchomp|Garchomp, M|100\/100\n|move|p2a: Tangrowth|Knock Off|p1a: Garchomp\n|-damage|p1a: Garchomp|86\/100\n|-damage|p2a: Tangrowth|76\/100|[from] ability: Rough Skin|[of] p1a: Garchomp\n|\n|upkeep\n|turn|3\n|\n|t:|1646581329\n|move|p1a: Garchomp|Stealth Rock|p2a: Tangrowth\n|-sidestart|p2: tanishq1|move: Stealth Rock\n|move|p2a: Tangrowth|Hidden Power|p1a: Garchomp\n|-supereffective|p1a: Garchomp\n|-damage|p1a: Garchomp|25\/100\n|\n|upkeep\n|turn|4\n|j| Tryoutsbuyouts\n|\n|t:|1646581335\n|switch|p1a: Heatran|Heatran, F|100\/100\n|move|p2a: Tangrowth|Hidden Power|p1a: Heatran\n|-resisted|p1a: Heatran\n|-damage|p1a: Heatran|98\/100\n|\n|-heal|p1a: Heatran|100\/100|[from] item: Leftovers\n|upkeep\n|turn|5\n|\n|t:|1646581340\n|switch|p2a: Gliscor|Gliscor, F|100\/100\n|-damage|p2a: Gliscor|88\/100|[from] Stealth Rock\n|move|p1a: Heatran|Magma Storm|p2a: Gliscor\n|-damage|p2a: Gliscor|46\/100\n|-activate|p2a: Gliscor|move: Magma Storm|[of] p1a: Heatran\n|\n|-damage|p2a: Gliscor|33\/100|[from] move: Magma Storm|[partiallytrapped]\n|-status|p2a: Gliscor|tox|[from] item: Toxic Orb\n|upkeep\n|turn|6\n|j| Room Trainer 1.1\n|\n|t:|1646581358\n|switch|p1a: Tangrowth|Tangrowth, F|100\/100\n|move|p2a: Gliscor|Roost|p2a: Gliscor\n|-heal|p2a: Gliscor|83\/100 tox\n|-singleturn|p2a: Gliscor|move: Roost\n|\n|-heal|p2a: Gliscor|96\/100 tox|[from] ability: Poison Heal\n|-end|p2a: Gliscor|Magma Storm|[partiallytrapped]|[silent]\n|upkeep\n|turn|7\n|\n|t:|1646581363\n|move|p2a: Gliscor|Stealth Rock|p1a: Tangrowth\n|-sidestart|p1: StreetCredCookie|move: Stealth Rock\n|move|p1a: Tangrowth|Giga Drain|p2a: Gliscor\n|-damage|p2a: Gliscor|69\/100 tox\n|\n|-heal|p2a: Gliscor|81\/100 tox|[from] ability: Poison Heal\n|upkeep\n|turn|8\n|\n|t:|1646581372\n|move|p2a: Gliscor|Toxic|p1a: Tangrowth\n|-status|p1a: Tangrowth|tox\n|move|p1a: Tangrowth|Giga Drain|p2a: Gliscor\n|-damage|p2a: Gliscor|56\/100 tox\n|\n|-heal|p2a: Gliscor|68\/100 tox|[from] ability: Poison Heal\n|-damage|p1a: Tangrowth|94\/100 tox|[from] psn\n|upkeep\n|turn|9\n|\n|t:|1646581379\n|switch|p2a: Tornadus|Tornadus-Therian, M|100\/100\n|-damage|p2a: Tornadus|76\/100|[from] Stealth Rock\n|move|p1a: Tangrowth|Giga Drain|p2a: Tornadus\n|-resisted|p2a: Tornadus\n|-damage|p2a: Tornadus|59\/100\n|-heal|p1a: Tangrowth|100\/100 tox|[from] drain|[of] p2a: Tornadus\n|\n|-damage|p1a: Tangrowth|88\/100 tox|[from] psn\n|upkeep\n|turn|10\n|\n|t:|1646581385\n|switch|p2a: Gliscor|Gliscor, F|68\/100 tox\n|-damage|p2a: Gliscor|56\/100 tox|[from] Stealth Rock\n|switch|p1a: Rotom|Rotom-Wash|100\/100\n|-damage|p1a: Rotom|88\/100|[from] Stealth Rock\n|\n|-heal|p2a: Gliscor|68\/100 tox|[from] ability: Poison Heal\n|upkeep\n|turn|11\n|\n|t:|1646581389\n|switch|p2a: Tangrowth|Tangrowth, M|100\/100\n|-damage|p2a: Tangrowth|88\/100|[from] Stealth Rock\n|move|p1a: Rotom|Hydro Pump|p2a: Tangrowth\n|-resisted|p2a: Tangrowth\n|-damage|p2a: Tangrowth|59\/100\n|\n|upkeep\n|turn|12\n|\n|t:|1646581394\n|move|p1a: Rotom|Volt Switch|p2a: Tangrowth\n|-resisted|p2a: Tangrowth\n|-damage|p2a: Tangrowth|40\/100\n|\n|t:|1646581400\n|switch|p1a: Heatran|Heatran, F|100\/100|[from]move: Volt Switch\n|-damage|p1a: Heatran|88\/100|[from] Stealth Rock\n|move|p2a: Tangrowth|Knock Off|p1a: Heatran\n|-damage|p1a: Heatran|68\/100\n|-enditem|p1a: Heatran|Leftovers|[from] move: Knock Off|[of] p2a: Tangrowth\n|\n|upkeep\n|turn|13\n|\n|t:|1646581405\n|switch|p2a: Gliscor|Gliscor, F|68\/100 tox\n|-damage|p2a: Gliscor|56\/100 tox|[from] Stealth Rock\n|move|p1a: Heatran|Magma Storm|p2a: Gliscor|[miss]\n|-miss|p1a: Heatran|p2a: Gliscor\n|\n|-heal|p2a: Gliscor|68\/100 tox|[from] ability: Poison Heal\n|upkeep\n|turn|14\n|\n|t:|1646581421\n|move|p1a: Heatran|Protect|p1a: Heatran\n|-singleturn|p1a: Heatran|Protect\n|move|p2a: Gliscor|Toxic|p1a: Heatran\n|-activate|p1a: Heatran|move: Protect\n|\n|-heal|p2a: Gliscor|81\/100 tox|[from] ability: Poison Heal\n|upkeep\n|turn|15\n|\n|t:|1646581427\n|switch|p2a: Tornadus|Tornadus-Therian, M|92\/100\n|-damage|p2a: Tornadus|67\/100|[from] Stealth Rock\n|switch|p1a: Rotom|Rotom-Wash|88\/100\n|-damage|p1a: Rotom|75\/100|[from] Stealth Rock\n|\n|upkeep\n|turn|16\n|\n|t:|1646581436\n|switch|p2a: Gliscor|Gliscor, F|81\/100 tox\n|-damage|p2a: Gliscor|68\/100 tox|[from] Stealth Rock\n|move|p1a: Rotom|Hydro Pump|p2a: Gliscor\n|-supereffective|p2a: Gliscor\n|-damage|p2a: Gliscor|0 fnt\n|faint|p2a: Gliscor\n|\n|upkeep\n|\n|t:|1646581439\n|switch|p2a: Lopunny|Lopunny, F|100\/100\n|-damage|p2a: Lopunny|88\/100|[from] Stealth Rock\n|turn|17\n|\n|t:|1646581457\n|detailschange|p2a: Lopunny|Lopunny-Mega, F\n|-mega|p2a: Lopunny|Lopunny|Lopunnite\n|move|p2a: Lopunny|High Jump Kick|p1a: Rotom\n|-damage|p1a: Rotom|19\/100\n|-enditem|p1a: Rotom|Iapapa Berry|[eat]\n|-heal|p1a: Rotom|69\/100|[from] item: Iapapa Berry\n|move|p1a: Rotom|Defog|p2a: Lopunny\n|-unboost|p2a: Lopunny|evasion|1\n|-sideend|p2: tanishq1|Stealth Rock|[from] move: Defog|[of] p1a: Rotom\n|-sideend|p1: StreetCredCookie|Stealth Rock|[from] move: Defog|[of] p1a: Rotom\n|\n|upkeep\n|turn|18\n|\n|t:|1646581475\n|switch|p2a: Magearna|Magearna|100\/100\n|move|p1a: Rotom|Volt Switch|p2a: Magearna\n|-damage|p2a: Magearna|86\/100\n|\n|t:|1646581480\n|switch|p1a: Heatran|Heatran, F|68\/100|[from]move: Volt Switch\n|\n|-heal|p2a: Magearna|92\/100|[from] item: Leftovers\n|upkeep\n|turn|19\n|\n|t:|1646581485\n|move|p1a: Heatran|Magma Storm|p2a: Magearna\n|-supereffective|p2a: Magearna\n|-crit|p2a: Magearna\n|-damage|p2a: Magearna|11\/100\n|-activate|p2a: Magearna|move: Magma Storm|[of] p1a: Heatran\n|move|p2a: Magearna|Volt Switch|p1a: Heatran\n|-damage|p1a: Heatran|55\/100\n|\n|t:|1646581488\n|switch|p2a: Lopunny|Lopunny-Mega, F|88\/100|[from]move: Volt Switch\n|\n|upkeep\n|turn|20\n|\n|t:|1646581498\n|move|p2a: Lopunny|Fake Out|p1a: Heatran\n|-resisted|p1a: Heatran\n|-damage|p1a: Heatran|46\/100\n|cant|p1a: Heatran|flinch\n|\n|upkeep\n|turn|21\n|\n|t:|1646581503\n|move|p1a: Heatran|Protect|p1a: Heatran\n|-singleturn|p1a: Heatran|Protect\n|move|p2a: Lopunny|Return|p1a: Heatran\n|-activate|p1a: Heatran|move: Protect\n|\n|upkeep\n|turn|22\n|inactive|StreetCredCookie has 120 seconds left.\n|\n|t:|1646581534\n|switch|p1a: Garchomp|Garchomp, M|25\/100\n|move|p2a: Lopunny|High Jump Kick|p1a: Garchomp\n|-damage|p1a: Garchomp|0 fnt\n|-damage|p2a: Lopunny|76\/100|[from] ability: Rough Skin|[of] p1a: Garchomp\n|faint|p1a: Garchomp\n|\n|upkeep\n|inactive|StreetCredCookie has 120 seconds left.\n|\n|t:|1646581541\n|switch|p1a: Xurkitree|Xurkitree|100\/100\n|turn|23\n|\n|t:|1646581550\n|switch|p2a: Magearna|Magearna|11\/100\n|move|p1a: Xurkitree|Thunderbolt|p2a: Magearna\n|-damage|p2a: Magearna|0 fnt\n|faint|p2a: Magearna\n|-ability|p1a: Xurkitree|Beast Boost|boost\n|-boost|p1a: Xurkitree|spa|1\n|\n|upkeep\n|\n|t:|1646581552\n|switch|p2a: Lopunny|Lopunny-Mega, F|76\/100\n|turn|24\n|\n|t:|1646581555\n|move|p2a: Lopunny|Fake Out|p1a: Xurkitree\n|-damage|p1a: Xurkitree|67\/100\n|cant|p1a: Xurkitree|flinch\n|\n|upkeep\n|turn|25\n|\n|t:|1646581559\n|switch|p2a: Tangrowth|Tangrowth, M|73\/100\n|move|p1a: Xurkitree|Thunderbolt|p2a: Tangrowth\n|-resisted|p2a: Tangrowth\n|-crit|p2a: Tangrowth\n|-damage|p2a: Tangrowth|0 fnt\n|faint|p2a: Tangrowth\n|-ability|p1a: Xurkitree|Beast Boost|boost\n|-boost|p1a: Xurkitree|spa|1\n|\n|upkeep\n|\n|t:|1646581561\n|switch|p2a: Lopunny|Lopunny-Mega, F|76\/100\n|turn|26\n|\n|t:|1646581575\n|switch|p1a: Tangrowth|Tangrowth, F|100\/100 tox\n|move|p2a: Lopunny|Fake Out|p1a: Tangrowth\n|-damage|p1a: Tangrowth|84\/100 tox\n|\n|-damage|p1a: Tangrowth|78\/100 tox|[from] psn\n|upkeep\n|turn|27\n|\n|t:|1646581580\n|switch|p2a: Tornadus|Tornadus-Therian, M|100\/100\n|move|p1a: Tangrowth|Giga Drain|p2a: Tornadus\n|-resisted|p2a: Tornadus\n|-damage|p2a: Tornadus|85\/100\n|-heal|p1a: Tangrowth|84\/100 tox|[from] drain|[of] p2a: Tornadus\n|\n|-damage|p1a: Tangrowth|72\/100 tox|[from] psn\n|upkeep\n|turn|28\n|\n|t:|1646581585\n|switch|p1a: Heatran|Heatran, F|46\/100\n|move|p2a: Tornadus|Hurricane|p1a: Heatran\n|-resisted|p1a: Heatran\n|-damage|p1a: Heatran|31\/100\n|\n|upkeep\n|turn|29\n|\n|t:|1646581590\n|move|p2a: Tornadus|Focus Blast|p1a: Heatran\n|-supereffective|p1a: Heatran\n|-damage|p1a: Heatran|0 fnt\n|faint|p1a: Heatran\n|\n|upkeep\n|\n|t:|1646581593\n|switch|p1a: Xurkitree|Xurkitree|67\/100\n|turn|30\n|\n|t:|1646581601\n|move|p1a: Xurkitree|Thunderbolt|p2a: Tornadus\n|-supereffective|p2a: Tornadus\n|-damage|p2a: Tornadus|0 fnt\n|faint|p2a: Tornadus\n|-ability|p1a: Xurkitree|Beast Boost|boost\n|-boost|p1a: Xurkitree|spa|1\n|\n|upkeep\n|\n|t:|1646581603\n|switch|p2a: Lopunny|Lopunny-Mega, F|76\/100\n|turn|31\n|\n|t:|1646581616\n|switch|p1a: Tangrowth|Tangrowth, F|100\/100 tox\n|move|p2a: Lopunny|Fake Out|p1a: Tangrowth\n|-damage|p1a: Tangrowth|86\/100 tox\n|\n|-damage|p1a: Tangrowth|79\/100 tox|[from] psn\n|upkeep\n|turn|32\n|\n|t:|1646581620\n|move|p2a: Lopunny|Return|p1a: Tangrowth\n|-damage|p1a: Tangrowth|42\/100 tox\n|move|p1a: Tangrowth|Giga Drain|p2a: Lopunny\n|-damage|p2a: Lopunny|40\/100\n|-heal|p1a: Tangrowth|55\/100 tox|[from] drain|[of] p2a: Lopunny\n|\n|-damage|p1a: Tangrowth|42\/100 tox|[from] psn\n|upkeep\n|turn|33\n|\n|t:|1646581625\n|move|p2a: Lopunny|High Jump Kick|p1a: Tangrowth\n|-damage|p1a: Tangrowth|0 fnt\n|faint|p1a: Tangrowth\n|\n|upkeep\n|\n|t:|1646581628\n|switch|p1a: Lopunny|Lopunny-Mega, F|84\/100\n|turn|34\n|\n|t:|1646581636\n|switch|p2a: Toxapex|Toxapex, F|100\/100\n|switch|p1a: Rotom|Rotom-Wash|69\/100\n|\n|upkeep\n|turn|35\n|\n|t:|1646581646\n|move|p1a: Rotom|Volt Switch|p2a: Toxapex\n|-supereffective|p2a: Toxapex\n|-damage|p2a: Toxapex|62\/100\n|\n|t:|1646581652\n|switch|p1a: Xurkitree|Xurkitree|67\/100|[from]move: Volt Switch\n|move|p2a: Toxapex|Toxic|p1a: Xurkitree\n|-status|p1a: Xurkitree|tox\n|\n|-heal|p2a: Toxapex|68\/100|[from] item: Black Sludge\n|-damage|p1a: Xurkitree|61\/100 tox|[from] psn\n|upkeep\n|turn|36\n|\n|t:|1646581657\n|move|p1a: Xurkitree|Thunderbolt|p2a: Toxapex\n|-supereffective|p2a: Toxapex\n|-damage|p2a: Toxapex|0 fnt\n|faint|p2a: Toxapex\n|-ability|p1a: Xurkitree|Beast Boost|boost\n|-boost|p1a: Xurkitree|spa|1\n|\n|-damage|p1a: Xurkitree|49\/100 tox|[from] psn\n|upkeep\n|\n|t:|1646581660\n|switch|p2a: Lopunny|Lopunny-Mega, F|40\/100\n|turn|37\n|\n|t:|1646581666\n|move|p2a: Lopunny|Fake Out|p1a: Xurkitree\n|-damage|p1a: Xurkitree|14\/100 tox\n|cant|p1a: Xurkitree|flinch\n|\n|-damage|p1a: Xurkitree|0 fnt|[from] psn\n|faint|p1a: Xurkitree\n|upkeep\n|\n|t:|1646581669\n|switch|p1a: Lopunny|Lopunny-Mega, F|84\/100\n|turn|38\n|\n|t:|1646581671\n|move|p1a: Lopunny|Fake Out|p2a: Lopunny\n|-damage|p2a: Lopunny|10\/100\n|cant|p2a: Lopunny|flinch\n|\n|upkeep\n|turn|39\n|\n|t:|1646581676\n|move|p1a: Lopunny|Quick Attack|p2a: Lopunny\n|-damage|p2a: Lopunny|0 fnt\n|faint|p2a: Lopunny\n|\n|win|StreetCredCookie\n|raw|StreetCredCookie's rating: 1516 &rarr; <strong>1545<\/strong><br \/>(+29 for winning)\n|raw|tanishq1's rating: 1690 &rarr; <strong>1661<\/strong><br \/>(-29 for losing)\n|l|\u2606tanishq1\n","uploadtime":1646581685,"views":20,"p1id":"streetcredcookie","p2id":"tanishq1","formatid":"gen7ou","rating":1545,"private":0,"password":null}