{"id":"gen7ou-897243938","p1":"c0rumba","p2":"why addicted","format":"gen7ou","log":"|j|\u2606c0rumba\n|j|\u2606why addicted\n|player|p1|c0rumba|122\n|player|p2|why addicted|169\n|teamsize|p1|6\n|teamsize|p2|6\n|gametype|singles\n|gen|7\n|tier|[Gen 7] OU\n|rated|\n|rule|Sleep Clause Mod: Limit one foe put to sleep\n|rule|Species Clause: Limit one of each Pok\u00e9mon\n|rule|OHKO Clause: OHKO moves are banned\n|rule|Moody Clause: Moody is banned\n|rule|Evasion Moves Clause: Evasion moves are banned\n|rule|Endless Battle Clause: Forcing endless battles is banned\n|rule|HP Percentage Mod: HP is shown in percentages\n|clearpoke\n|poke|p1|Shuckle, M|item\n|poke|p1|Tyranitar, M|item\n|poke|p1|Victini|item\n|poke|p1|Tapu Bulu|item\n|poke|p1|Serperior, M|item\n|poke|p1|Mimikyu, M|item\n|poke|p2|Mawile, F|item\n|poke|p2|Greninja, M|item\n|poke|p2|Pelipper, M|item\n|poke|p2|Seismitoad, F|item\n|poke|p2|Tornadus-Therian, M|item\n|poke|p2|Magearna|item\n|teampreview\n|\n|start\n|switch|p1a: Shuckle|Shuckle, M|100\/100\n|switch|p2a: Tornadus|Tornadus-Therian, M|100\/100\n|turn|1\n|\n|move|p2a: Tornadus|U-turn|p1a: Shuckle\n|-damage|p1a: Shuckle|90\/100\n|\n|switch|p2a: Greninja|Greninja, M|100\/100\n|move|p1a: Shuckle|Encore||[still]\n|-fail|p1a: Shuckle\n|\n|upkeep\n|turn|2\n|j| kundenservice\n|\n|move|p2a: Greninja|Hydro Pump|p1a: Shuckle\n|-supereffective|p1a: Shuckle\n|-damage|p1a: Shuckle|8\/100\n|move|p1a: Shuckle|Sticky Web|p2a: Greninja\n|-sidestart|p2: why addicted|move: Sticky Web\n|\n|upkeep\n|turn|3\n|\n|switch|p1a: Tapu Bulu|Tapu Bulu|100\/100\n|-fieldstart|move: Grassy Terrain|[from] ability: Grassy Surge|[of] p1a: Tapu Bulu\n|move|p2a: Greninja|Hydro Pump|p1a: Tapu Bulu\n|-resisted|p1a: Tapu Bulu\n|-damage|p1a: Tapu Bulu|68\/100\n|\n|-heal|p1a: Tapu Bulu|74\/100|[from] Grassy Terrain\n|upkeep\n|turn|4\n|\n|switch|p2a: Mawile|Mawile, F|100\/100\n|-activate|p2a: Mawile|move: Sticky Web\n|-unboost|p2a: Mawile|spe|1\n|-ability|p2a: Mawile|Intimidate|boost\n|-unboost|p1a: Tapu Bulu|atk|1\n|switch|p1a: Tyranitar|Tyranitar, M|100\/100\n|-weather|Sandstorm|[from] ability: Sand Stream|[of] p1a: Tyranitar\n|\n|-weather|Sandstorm|[upkeep]\n|upkeep\n|turn|5\n|\n|detailschange|p1a: Tyranitar|Tyranitar-Mega, M\n|-mega|p1a: Tyranitar|Tyranitar|Tyranitarite\n|detailschange|p2a: Mawile|Mawile-Mega, F\n|-mega|p2a: Mawile|Mawile|Mawilite\n|move|p1a: Tyranitar|Fire Punch|p2a: Mawile\n|-supereffective|p2a: Mawile\n|-damage|p2a: Mawile|37\/100\n|move|p2a: Mawile|Play Rough|p1a: Tyranitar\n|-supereffective|p1a: Tyranitar\n|-damage|p1a: Tyranitar|0 fnt\n|faint|p1a: Tyranitar\n|\n|-weather|Sandstorm|[upkeep]\n|-heal|p2a: Mawile|43\/100|[from] Grassy Terrain\n|upkeep\n|\n|switch|p1a: Victini|Victini|100\/100\n|turn|6\n|\n|-zpower|p1a: Victini\n|move|p1a: Victini|Z-Celebrate|p1a: Victini|[anim]Celebrate\n|-boost|p1a: Victini|atk|1|[zeffect]\n|-boost|p1a: Victini|def|1|[zeffect]\n|-boost|p1a: Victini|spa|1|[zeffect]\n|-boost|p1a: Victini|spd|1|[zeffect]\n|-boost|p1a: Victini|spe|1|[zeffect]\n|-activate|p1a: Victini|move: Celebrate\n|move|p2a: Mawile|Swords Dance|p2a: Mawile\n|-boost|p2a: Mawile|atk|2\n|\n|-weather|Sandstorm|[upkeep]\n|-damage|p1a: Victini|94\/100|[from] Sandstorm\n|-heal|p1a: Victini|100\/100|[from] Grassy Terrain\n|-heal|p2a: Mawile|49\/100|[from] Grassy Terrain\n|upkeep\n|turn|7\n|\n|move|p2a: Mawile|Sucker Punch|p1a: Victini\n|-supereffective|p1a: Victini\n|-damage|p1a: Victini|0 fnt\n|faint|p1a: Victini\n|\n|-weather|Sandstorm|[upkeep]\n|-heal|p2a: Mawile|55\/100|[from] Grassy Terrain\n|upkeep\n|-message|c0rumba forfeited.\n|\n|win|why addicted\n|l|\u2606c0rumba\n","uploadtime":1555948368,"views":68,"p1id":"c0rumba","p2id":"whyaddicted","formatid":"gen7ou","rating":0,"private":0,"password":null}