{"id":"gen7ou-789580510","p1":"OGamer289","p2":"Jfsosa10","format":"gen7ou","log":"|j|\u2606OGamer289\n|j|\u2606Jfsosa10\n|player|p1|OGamer289|153\n|player|p2|Jfsosa10|87\n|teamsize|p1|6\n|teamsize|p2|6\n|gametype|singles\n|gen|7\n|tier|[Gen 7] OU\n|rated|\n|rule|Sleep Clause Mod: Limit one foe put to sleep\n|rule|Species Clause: Limit one of each Pok\u00e9mon\n|rule|OHKO Clause: OHKO moves are banned\n|rule|Moody Clause: Moody is banned\n|rule|Evasion Moves Clause: Evasion moves are banned\n|rule|Endless Battle Clause: Forcing endless battles is banned\n|rule|HP Percentage Mod: HP is shown in percentages\n|clearpoke\n|poke|p1|Zapdos|item\n|poke|p1|Ferrothorn, M|item\n|poke|p1|Tapu Fini|item\n|poke|p1|Garchomp, M|item\n|poke|p1|Chansey, F|item\n|poke|p1|Victini|item\n|poke|p2|Alakazam, F|item\n|poke|p2|Zygarde|item\n|poke|p2|Tapu Bulu|item\n|poke|p2|Tornadus-Therian, M|item\n|poke|p2|Heatran, M|item\n|poke|p2|Greninja, F|item\n|teampreview\n|inactive|Battle timer is ON: inactive players will automatically lose when time's up. (requested by OGamer289)\n|\n|start\n|switch|p1a: Victor|Victini|100\/100\n|switch|p2a: Heatran|Heatran, M|100\/100\n|turn|1\n|inactive|OGamer289 has 135 seconds left.\n|\n|switch|p2a: Tornadus|Tornadus-Therian, M|100\/100\n|move|p1a: Victor|U-turn|p2a: Tornadus\n|-resisted|p2a: Tornadus\n|-damage|p2a: Tornadus|89\/100\n|-damage|p1a: Victor|84\/100|[from] item: Rocky Helmet|[of] p2a: Tornadus\n|\n|switch|p1a: Zappy|Zapdos|100\/100\n|\n|upkeep\n|turn|2\n|\n|switch|p2a: Heatran|Heatran, M|100\/100\n|move|p1a: Zappy|Thunderbolt|p2a: Heatran\n|-damage|p2a: Heatran|62\/100\n|-damage|p1a: Zappy|91\/100|[from] item: Life Orb\n|\n|-heal|p2a: Heatran|68\/100|[from] item: Leftovers\n|upkeep\n|turn|3\n|\n|move|p1a: Zappy|Thunderbolt|p2a: Heatran\n|-damage|p2a: Heatran|27\/100\n|-damage|p1a: Zappy|81\/100|[from] item: Life Orb\n|move|p2a: Heatran|Magma Storm|p1a: Zappy\n|-damage|p1a: Zappy|27\/100\n|-activate|p1a: Zappy|move: Magma Storm|[of] p2a: Heatran\n|\n|-heal|p2a: Heatran|33\/100|[from] item: Leftovers\n|-damage|p1a: Zappy|15\/100|[from] move: Magma Storm|[partiallytrapped]\n|upkeep\n|turn|4\n|\n|switch|p2a: Zygarde|Zygarde|100\/100\n|-ability|p2a: Zygarde|Aura Break\n|move|p1a: Zappy|Thunderbolt|p2a: Zygarde\n|-immune|p2a: Zygarde|[msg]\n|\n|upkeep\n|turn|5\n|\n|switch|p1a: Samen|Ferrothorn, M, shiny|100\/100\n|move|p2a: Zygarde|Extreme Speed|p1a: Samen\n|-resisted|p1a: Samen\n|-damage|p1a: Samen|88\/100\n|-damage|p2a: Zygarde|88\/100|[from] ability: Iron Barbs|[of] p1a: Samen\n|\n|-heal|p1a: Samen|94\/100|[from] item: Leftovers\n|upkeep\n|turn|6\n|\n|switch|p2a: Heatran|Heatran, M|33\/100\n|move|p1a: Samen|Stealth Rock|p2a: Heatran\n|-sidestart|p2: Jfsosa10|move: Stealth Rock\n|\n|-heal|p2a: Heatran|39\/100|[from] item: Leftovers\n|-heal|p1a: Samen|99\/100|[from] item: Leftovers\n|upkeep\n|turn|7\n|\n|switch|p1a: Fich|Tapu Fini|100\/100\n|-fieldstart|move: Misty Terrain|[from] ability: Misty Surge|[of] p1a: Fich\n|move|p2a: Heatran|Stealth Rock|p1a: Fich\n|-sidestart|p1: OGamer289|move: Stealth Rock\n|\n|-heal|p2a: Heatran|45\/100|[from] item: Leftovers\n|upkeep\n|turn|8\n|\n|switch|p2a: Tapu Bulu|Tapu Bulu|100\/100\n|-damage|p2a: Tapu Bulu|88\/100|[from] Stealth Rock\n|-fieldstart|move: Grassy Terrain|[from] ability: Grassy Surge|[of] p2a: Tapu Bulu\n|move|p1a: Fich|Defog|p2a: Tapu Bulu\n|-unboost|p2a: Tapu Bulu|evasion|1\n|-sideend|p2: Jfsosa10|Stealth Rock|[from] move: Defog|[of] p2a: Tapu Bulu\n|-sideend|p1: OGamer289|Stealth Rock|[from] move: Defog|[of] p1a: Fich\n|\n|-heal|p2a: Tapu Bulu|94\/100|[from] item: Leftovers\n|-heal|p2a: Tapu Bulu|100\/100|[from] Grassy Terrain\n|upkeep\n|turn|9\n|\n|switch|p1a: Samen|Ferrothorn, M, shiny|99\/100\n|switch|p2a: Heatran|Heatran, M|45\/100\n|\n|-heal|p2a: Heatran|52\/100|[from] item: Leftovers\n|-heal|p2a: Heatran|58\/100|[from] Grassy Terrain\n|-heal|p1a: Samen|100\/100|[from] item: Leftovers\n|upkeep\n|turn|10\n|\n|switch|p1a: Fich|Tapu Fini|100\/100\n|-fieldstart|move: Misty Terrain|[from] ability: Misty Surge|[of] p1a: Fich\n|move|p2a: Heatran|Stealth Rock|p1a: Fich\n|-sidestart|p1: OGamer289|move: Stealth Rock\n|\n|-heal|p2a: Heatran|64\/100|[from] item: Leftovers\n|upkeep\n|turn|11\n|\n|move|p1a: Fich|Defog|p2a: Heatran\n|-unboost|p2a: Heatran|evasion|1\n|-sideend|p1: OGamer289|Stealth Rock|[from] move: Defog|[of] p1a: Fich\n|move|p2a: Heatran|Magma Storm|p1a: Fich\n|-resisted|p1a: Fich\n|-damage|p1a: Fich|85\/100\n|-activate|p1a: Fich|move: Magma Storm|[of] p2a: Heatran\n|\n|-heal|p1a: Fich|91\/100|[from] item: Leftovers\n|-heal|p2a: Heatran|70\/100|[from] item: Leftovers\n|-damage|p1a: Fich|79\/100|[from] move: Magma Storm|[partiallytrapped]\n|upkeep\n|turn|12\n|\n|move|p1a: Fich|Surf|p2a: Heatran\n|-supereffective|p2a: Heatran\n|-damage|p2a: Heatran|34\/100\n|move|p2a: Heatran|Stealth Rock|p1a: Fich\n|-sidestart|p1: OGamer289|move: Stealth Rock\n|\n|-heal|p1a: Fich|85\/100|[from] item: Leftovers\n|-heal|p2a: Heatran|40\/100|[from] item: Leftovers\n|-damage|p1a: Fich|73\/100|[from] move: Magma Storm|[partiallytrapped]\n|upkeep\n|turn|13\n|\n|switch|p2a: Tapu Bulu|Tapu Bulu|100\/100\n|-fieldstart|move: Grassy Terrain|[from] ability: Grassy Surge|[of] p2a: Tapu Bulu\n|move|p1a: Fich|Defog|p2a: Tapu Bulu\n|-unboost|p2a: Tapu Bulu|evasion|1\n|-sideend|p1: OGamer289|Stealth Rock|[from] move: Defog|[of] p1a: Fich\n|\n|-heal|p1a: Fich|79\/100|[from] item: Leftovers\n|-heal|p1a: Fich|85\/100|[from] Grassy Terrain\n|upkeep\n|turn|14\n|\n|switch|p1a: Samen|Ferrothorn, M, shiny|100\/100\n|move|p2a: Tapu Bulu|Swords Dance|p2a: Tapu Bulu\n|-boost|p2a: Tapu Bulu|atk|2\n|\n|upkeep\n|turn|15\n|\n|move|p2a: Tapu Bulu|Superpower|p1a: Samen\n|-supereffective|p1a: Samen\n|-damage|p1a: Samen|7\/100\n|-damage|p2a: Tapu Bulu|88\/100|[from] ability: Iron Barbs|[of] p1a: Samen\n|-unboost|p2a: Tapu Bulu|atk|1\n|-unboost|p2a: Tapu Bulu|def|1\n|move|p1a: Samen|Gyro Ball|p2a: Tapu Bulu\n|-supereffective|p2a: Tapu Bulu\n|-damage|p2a: Tapu Bulu|0\n|faint|p2a: Tapu Bulu\n|\n|-heal|p1a: Samen|14\/100|[from] item: Leftovers\n|-heal|p1a: Samen|20\/100|[from] Grassy Terrain\n|upkeep\n|inactive|Jfsosa10 has 135 seconds left.\n|\n|switch|p2a: Zygarde|Zygarde|88\/100\n|-ability|p2a: Zygarde|Aura Break\n|turn|16\n|inactive|OGamer289 has 135 seconds left.\n|\n|move|p2a: Zygarde|Thousand Arrows|p1a: Samen\n|-damage|p1a: Samen|0\n|faint|p1a: Samen\n|\n|-heal|p2a: Zygarde|94\/100|[from] Grassy Terrain\n|upkeep\n|\n|switch|p1a: Hai|Garchomp, M|100\/100\n|turn|17\n|\n|switch|p2a: Tornadus|Tornadus-Therian, M|100\/100\n|detailschange|p1a: Hai|Garchomp-Mega, M\n|-mega|p1a: Hai|Garchomp|Garchompite\n|move|p1a: Hai|Dragon Claw|p2a: Tornadus\n|-crit|p2a: Tornadus\n|-damage|p2a: Tornadus|17\/100\n|-damage|p1a: Hai|84\/100|[from] item: Rocky Helmet|[of] p2a: Tornadus\n|\n|-heal|p1a: Hai|90\/100|[from] Grassy Terrain\n|-fieldend|move: Grassy Terrain\n|upkeep\n|turn|18\n|inactive|Jfsosa10 has 135 seconds left.\n|\n|move|p2a: Tornadus|U-turn|p1a: Hai\n|-damage|p1a: Hai|77\/100\n|\n|switch|p2a: Heatran|Heatran, M|40\/100\n|move|p1a: Hai|Dragon Claw|p2a: Heatran\n|-resisted|p2a: Heatran\n|-damage|p2a: Heatran|18\/100\n|\n|-heal|p2a: Heatran|24\/100|[from] item: Leftovers\n|upkeep\n|turn|19\n|\n|move|p1a: Hai|Earthquake|p2a: Heatran\n|-supereffective|p2a: Heatran\n|-damage|p2a: Heatran|0\n|faint|p2a: Heatran\n|\n|upkeep\n|\n|switch|p2a: Greninja|Greninja, F|100\/100\n|turn|20\n|\n|switch|p1a: Fich|Tapu Fini|85\/100\n|-fieldstart|move: Misty Terrain|[from] ability: Misty Surge|[of] p1a: Fich\n|move|p2a: Greninja|Spikes|p1a: Fich\n|-start|p2a: Greninja|typechange|Ground|[from] Protean\n|-sidestart|p1: OGamer289|Spikes\n|\n|-heal|p1a: Fich|91\/100|[from] item: Leftovers\n|upkeep\n|turn|21\n|\n|move|p2a: Greninja|Gunk Shot|p1a: Fich\n|-start|p2a: Greninja|typechange|Poison|[from] Protean\n|-supereffective|p1a: Fich\n|-damage|p1a: Fich|31\/100\n|move|p1a: Fich|Defog|p2a: Greninja\n|-unboost|p2a: Greninja|evasion|1\n|-sideend|p1: OGamer289|Spikes|[from] move: Defog|[of] p1a: Fich\n|\n|-heal|p1a: Fich|37\/100|[from] item: Leftovers\n|upkeep\n|turn|22\n|\n|switch|p1a: Zappy|Zapdos|15\/100\n|move|p2a: Greninja|Gunk Shot|p1a: Zappy|[miss]\n|-miss|p2a: Greninja|p1a: Zappy\n|\n|upkeep\n|turn|23\n|\n|move|p2a: Greninja|Hidden Power|p1a: Zappy\n|-start|p2a: Greninja|typechange|Fire|[from] Protean\n|-damage|p1a: Zappy|0\n|faint|p1a: Zappy\n|\n|upkeep\n|\n|switch|p1a: Eierbomba|Chansey, F|100\/100\n|turn|24\n|inactive|Jfsosa10 has 135 seconds left.\n|\n|switch|p2a: Tornadus|Tornadus-Therian, M|51\/100\n|move|p1a: Eierbomba|Stealth Rock|p2a: Tornadus\n|-sidestart|p2: Jfsosa10|move: Stealth Rock\n|\n|-fieldend|Misty Terrain\n|upkeep\n|turn|25\n|\n|move|p2a: Tornadus|Defog|p1a: Eierbomba\n|-unboost|p1a: Eierbomba|evasion|1\n|-sideend|p2: Jfsosa10|Stealth Rock|[from] move: Defog|[of] p2a: Tornadus\n|move|p1a: Eierbomba|Seismic Toss|p2a: Tornadus\n|-damage|p2a: Tornadus|23\/100\n|-damage|p1a: Eierbomba|84\/100|[from] item: Rocky Helmet|[of] p2a: Tornadus\n|\n|upkeep\n|turn|26\n|\n|move|p2a: Tornadus|Knock Off|p1a: Eierbomba\n|-damage|p1a: Eierbomba|70\/100\n|-enditem|p1a: Eierbomba|Eviolite|[from] move: Knock Off|[of] p2a: Tornadus\n|move|p1a: Eierbomba|Stealth Rock|p2a: Tornadus\n|-sidestart|p2: Jfsosa10|move: Stealth Rock\n|\n|upkeep\n|turn|27\n|\n|move|p2a: Tornadus|Defog|p1a: Eierbomba\n|-unboost|p1a: Eierbomba|evasion|1\n|-sideend|p2: Jfsosa10|Stealth Rock|[from] move: Defog|[of] p2a: Tornadus\n|move|p1a: Eierbomba|Toxic|p2a: Tornadus\n|-status|p2a: Tornadus|tox\n|\n|-damage|p2a: Tornadus|17\/100 tox|[from] psn\n|upkeep\n|turn|28\n|\n|move|p2a: Tornadus|U-turn|p1a: Eierbomba\n|-damage|p1a: Eierbomba|56\/100\n|\n|switch|p2a: Zygarde|Zygarde|94\/100\n|-ability|p2a: Zygarde|Aura Break\n|move|p1a: Eierbomba|Stealth Rock|p2a: Zygarde\n|-sidestart|p2: Jfsosa10|move: Stealth Rock\n|\n|upkeep\n|turn|29\n|\n|move|p2a: Zygarde|Thousand Arrows|p1a: Eierbomba\n|-damage|p1a: Eierbomba|0\n|faint|p1a: Eierbomba\n|\n|upkeep\n|\n|switch|p1a: Hai|Garchomp-Mega, M|77\/100\n|turn|30\n|\n|switch|p2a: Tornadus|Tornadus-Therian, M|50\/100 tox\n|-damage|p2a: Tornadus|25\/100 tox|[from] Stealth Rock\n|move|p1a: Hai|Dragon Claw|p2a: Tornadus\n|-damage|p2a: Tornadus|0 tox\n|-damage|p1a: Hai|61\/100|[from] item: Rocky Helmet|[of] p2a: Tornadus\n|faint|p2a: Tornadus\n|\n|upkeep\n|\n|switch|p2a: Greninja|Greninja, F|100\/100\n|-damage|p2a: Greninja|88\/100|[from] Stealth Rock\n|turn|31\n|\n|switch|p1a: Fich|Tapu Fini|37\/100\n|-fieldstart|move: Misty Terrain|[from] ability: Misty Surge|[of] p1a: Fich\n|-zpower|p2a: Greninja\n|move|p2a: Greninja|Hydro Vortex|p1a: Fich|[zeffect]\n|-start|p2a: Greninja|typechange|Water|[from] Protean\n|-resisted|p1a: Fich\n|-damage|p1a: Fich|7\/100\n|\n|-heal|p1a: Fich|13\/100|[from] item: Leftovers\n|upkeep\n|turn|32\n|\n|move|p2a: Greninja|Spikes|p1a: Fich\n|-start|p2a: Greninja|typechange|Ground|[from] Protean\n|-sidestart|p1: OGamer289|Spikes\n|move|p1a: Fich|Moonblast|p2a: Greninja\n|-damage|p2a: Greninja|37\/100\n|\n|-heal|p1a: Fich|19\/100|[from] item: Leftovers\n|upkeep\n|turn|33\n|\n|move|p2a: Greninja|Gunk Shot|p1a: Fich\n|-start|p2a: Greninja|typechange|Poison|[from] Protean\n|-supereffective|p1a: Fich\n|-damage|p1a: Fich|0\n|faint|p1a: Fich\n|\n|upkeep\n|\n|switch|p1a: Victor|Victini|84\/100\n|-damage|p1a: Victor|72\/100|[from] Spikes\n|turn|34\n|\n|move|p1a: Victor|Zen Headbutt|p2a: Greninja\n|-supereffective|p2a: Greninja\n|-damage|p2a: Greninja|0\n|faint|p2a: Greninja\n|\n|upkeep\n|\n|switch|p2a: Zygarde|Zygarde|94\/100\n|-damage|p2a: Zygarde|88\/100|[from] Stealth Rock\n|-ability|p2a: Zygarde|Aura Break\n|turn|35\n|\n|switch|p1a: Hai|Garchomp-Mega, M|61\/100\n|-damage|p1a: Hai|48\/100|[from] Spikes\n|move|p2a: Zygarde|Outrage|p1a: Hai\n|-supereffective|p1a: Hai\n|-damage|p1a: Hai|0\n|faint|p1a: Hai\n|\n|-fieldend|Misty Terrain\n|upkeep\n|\n|switch|p1a: Victor|Victini|72\/100\n|-damage|p1a: Victor|59\/100|[from] Spikes\n|turn|36\n|\n|move|p1a: Victor|Zen Headbutt|p2a: Zygarde\n|-damage|p2a: Zygarde|62\/100\n|move|p2a: Zygarde|Outrage|p1a: Victor|[from]lockedmove\n|-damage|p1a: Victor|0\n|-start|p2a: Zygarde|confusion|[fatigue]\n|faint|p1a: Victor\n|\n|win|Jfsosa10\n|c|\u2606Jfsosa10|gg\n|l|\u2606OGamer289\n|raw|OGamer289's rating: 1367 &rarr; <strong>1347<\/strong><br \/>(-20 for losing)\n|raw|Jfsosa10's rating: 1377 &rarr; <strong>1396<\/strong><br \/>(+19 for winning)\n","uploadtime":1534077053,"views":3,"p1id":"ogamer289","p2id":"jfsosa10","formatid":"gen7ou","rating":1347,"private":0,"password":null}