{"id":"gen7randombattle-1663126945","p1":"Ferrothornail\u8349\u94a2\u7532","p2":"yokobaby","format":"gen7randombattle","log":"|j|\u2606Ferrothornail\u8349\u94a2\u7532\n|j|\u2606yokobaby\n|t:|1663067591\n|gametype|singles\n|player|p1|Ferrothornail\u8349\u94a2\u7532|lillie|\n|player|p2|yokobaby|rosa|\n|teamsize|p1|6\n|teamsize|p2|6\n|gen|7\n|tier|[Gen 7] Random Battle\n|rated|Tournament battle\n|rule|Sleep Clause Mod: Limit one foe put to sleep\n|rule|HP Percentage Mod: HP is shown in percentages\n|rule|Mega Rayquaza Clause: You cannot mega evolve Rayquaza\n|\n|t:|1663067591\n|start\n|switch|p1a: Dugtrio|Dugtrio-Alola, L88, M|205\/205\n|switch|p2a: Latios|Latios, L82, M|265\/265\n|turn|1\n|j| mmmmky\n|j| ActiveCarlio4\n|\n|t:|1663067609\n|switch|p2a: Samurott|Samurott, L86, F|304\/304\n|move|p1a: Dugtrio|Iron Head|p2a: Samurott\n|-resisted|p2a: Samurott\n|-damage|p2a: Samurott|259\/304\n|\n|upkeep\n|turn|2\n|c| ActiveCarlio4|Glhf\n|\n|t:|1663067621\n|switch|p1a: Rotom|Rotom-Wash, L80|211\/211\n|move|p2a: Samurott|Liquidation|p1a: Rotom\n|-resisted|p1a: Rotom\n|-damage|p1a: Rotom|168\/211\n|\n|-heal|p1a: Rotom|181\/211|[from] item: Leftovers\n|upkeep\n|turn|3\n|\n|t:|1663067630\n|switch|p2a: Vileplume|Vileplume, L86, F|269\/269\n|move|p1a: Rotom|Volt Switch|p2a: Vileplume\n|-resisted|p2a: Vileplume\n|-damage|p2a: Vileplume|235\/269\n|\n|t:|1663067640\n|switch|p1a: Deoxys|Deoxys, L76|201\/201\n|-ability|p1a: Deoxys|Pressure\n|\n|-heal|p2a: Vileplume|251\/269|[from] item: Black Sludge\n|upkeep\n|turn|4\n|\n|t:|1663067646\n|switch|p2a: Latios|Latios, L82, M|265\/265\n|move|p1a: Deoxys|Stealth Rock|p2a: Latios\n|-sidestart|p2: yokobaby|move: Stealth Rock\n|\n|upkeep\n|turn|5\n|\n|t:|1663067652\n|detailschange|p2a: Latios|Latios-Mega, L82, M\n|-mega|p2a: Latios|Latios|Latiosite\n|move|p1a: Deoxys|Knock Off|p2a: Latios\n|-supereffective|p2a: Latios\n|-damage|p2a: Latios|143\/265\n|-damage|p1a: Deoxys|181\/201|[from] item: Life Orb\n|move|p2a: Latios|Draco Meteor|p1a: Deoxys\n|-damage|p1a: Deoxys|0 fnt\n|-unboost|p2a: Latios|spa|2\n|faint|p1a: Deoxys\n|\n|upkeep\n|\n|t:|1663067663\n|switch|p1a: Crustle|Crustle, L88, M|266\/266\n|turn|6\n|\n|t:|1663067668\n|switch|p2a: Furfrou|Furfrou, L88, M|275\/275\n|-damage|p2a: Furfrou|241\/275|[from] Stealth Rock\n|move|p1a: Crustle|Shell Smash|p1a: Crustle\n|-unboost|p1a: Crustle|def|1\n|-unboost|p1a: Crustle|spd|1\n|-boost|p1a: Crustle|atk|2\n|-boost|p1a: Crustle|spa|2\n|-boost|p1a: Crustle|spe|2\n|-enditem|p1a: Crustle|White Herb\n|-clearnegativeboost|p1a: Crustle|[silent]\n|\n|-heal|p2a: Furfrou|258\/275|[from] item: Leftovers\n|upkeep\n|turn|7\n|\n|t:|1663067677\n|move|p2a: Furfrou|Sucker Punch|p1a: Crustle\n|-damage|p1a: Crustle|231\/266\n|move|p1a: Crustle|X-Scissor|p2a: Furfrou\n|-damage|p2a: Furfrou|126\/275\n|\n|-heal|p2a: Furfrou|143\/275|[from] item: Leftovers\n|upkeep\n|turn|8\n|\n|t:|1663067683\n|move|p1a: Crustle|X-Scissor|p2a: Furfrou\n|-damage|p2a: Furfrou|10\/275\n|move|p2a: Furfrou|Toxic|p1a: Crustle|[miss]\n|-miss|p2a: Furfrou|p1a: Crustle\n|\n|-heal|p2a: Furfrou|27\/275|[from] item: Leftovers\n|upkeep\n|turn|9\n|\n|t:|1663067688\n|move|p1a: Crustle|X-Scissor|p2a: Furfrou\n|-damage|p2a: Furfrou|0 fnt\n|faint|p2a: Furfrou\n|\n|upkeep\n|\n|t:|1663067698\n|switch|p2a: Vileplume|Vileplume, L86, F|251\/269\n|-damage|p2a: Vileplume|218\/269|[from] Stealth Rock\n|turn|10\n|\n|t:|1663067702\n|move|p1a: Crustle|X-Scissor|p2a: Vileplume\n|-damage|p2a: Vileplume|26\/269\n|-status|p1a: Crustle|psn|[from] ability: Effect Spore|[of] p2a: Vileplume\n|move|p2a: Vileplume|Giga Drain|p1a: Crustle\n|-damage|p1a: Crustle|134\/266 psn\n|-heal|p2a: Vileplume|75\/269|[from] drain|[of] p1a: Crustle\n|\n|-heal|p2a: Vileplume|91\/269|[from] item: Black Sludge\n|-damage|p1a: Crustle|101\/266 psn|[from] psn\n|upkeep\n|turn|11\n|\n|t:|1663067710\n|move|p1a: Crustle|X-Scissor|p2a: Vileplume\n|-crit|p2a: Vileplume\n|-damage|p2a: Vileplume|0 fnt\n|faint|p2a: Vileplume\n|\n|-damage|p1a: Crustle|68\/266 psn|[from] psn\n|upkeep\n|\n|t:|1663067722\n|switch|p2a: Latios|Latios-Mega, L82, M|143\/265\n|-damage|p2a: Latios|110\/265|[from] Stealth Rock\n|turn|12\n|\n|t:|1663067726\n|switch|p2a: Pelipper|Pelipper, L84, M|238\/238\n|-damage|p2a: Pelipper|179\/238|[from] Stealth Rock\n|-weather|RainDance|[from] ability: Drizzle|[of] p2a: Pelipper\n|move|p1a: Crustle|X-Scissor|p2a: Pelipper\n|-resisted|p2a: Pelipper\n|-crit|p2a: Pelipper\n|-damage|p2a: Pelipper|35\/238\n|\n|-weather|RainDance|[upkeep]\n|-heal|p2a: Pelipper|49\/238|[from] item: Leftovers\n|-damage|p1a: Crustle|35\/266 psn|[from] psn\n|upkeep\n|turn|13\n|\n|t:|1663067729\n|move|p1a: Crustle|X-Scissor|p2a: Pelipper\n|-resisted|p2a: Pelipper\n|-damage|p2a: Pelipper|0 fnt\n|faint|p2a: Pelipper\n|\n|-weather|RainDance|[upkeep]\n|-damage|p1a: Crustle|2\/266 psn|[from] psn\n|upkeep\n|\n|t:|1663067733\n|switch|p2a: Samurott|Samurott, L86, F|259\/304\n|-damage|p2a: Samurott|221\/304|[from] Stealth Rock\n|turn|14\n|\n|t:|1663067743\n|move|p2a: Samurott|Aqua Jet|p1a: Crustle\n|-supereffective|p1a: Crustle\n|-damage|p1a: Crustle|0 fnt\n|faint|p1a: Crustle\n|\n|-weather|RainDance|[upkeep]\n|upkeep\n|\n|t:|1663067748\n|switch|p1a: Rotom|Rotom-Wash, L80|181\/211\n|turn|15\n|\n|t:|1663067750\n|move|p1a: Rotom|Volt Switch|p2a: Samurott\n|-supereffective|p2a: Samurott\n|-damage|p2a: Samurott|113\/304\n|\n|t:|1663067755\n|switch|p1a: Bouffalant|Bouffalant, L88, F|310\/310\n|move|p2a: Samurott|Grass Knot|p1a: Bouffalant\n|-ability|p1a: Bouffalant|Sap Sipper|boost\n|-boost|p1a: Bouffalant|atk|1\n|\n|-weather|RainDance|[upkeep]\n|upkeep\n|turn|16\n|\n|t:|1663067765\n|move|p2a: Samurott|Liquidation|p1a: Bouffalant\n|-damage|p1a: Bouffalant|166\/310\n|move|p1a: Bouffalant|Stone Edge|p2a: Samurott\n|-damage|p2a: Samurott|0 fnt\n|faint|p2a: Samurott\n|\n|-weather|none\n|-heal|p1a: Bouffalant|185\/310|[from] item: Leftovers\n|upkeep\n|\n|t:|1663067769\n|switch|p2a: Latios|Latios-Mega, L82, M|110\/265\n|-damage|p2a: Latios|77\/265|[from] Stealth Rock\n|turn|17\n|\n|t:|1663067776\n|move|p2a: Latios|Roost|p2a: Latios\n|-heal|p2a: Latios|210\/265\n|-singleturn|p2a: Latios|move: Roost\n|move|p1a: Bouffalant|Head Charge|p2a: Latios\n|-damage|p2a: Latios|9\/265\n|-damage|p1a: Bouffalant|135\/310|[from] Recoil\n|\n|-heal|p1a: Bouffalant|154\/310|[from] item: Leftovers\n|upkeep\n|turn|18\n|\n|t:|1663067781\n|move|p2a: Latios|Psyshock|p1a: Bouffalant\n|-damage|p1a: Bouffalant|42\/310\n|move|p1a: Bouffalant|Head Charge|p2a: Latios\n|-damage|p2a: Latios|0 fnt\n|faint|p2a: Latios\n|-damage|p1a: Bouffalant|40\/310|[from] Recoil\n|\n|-heal|p1a: Bouffalant|59\/310|[from] item: Leftovers\n|upkeep\n|\n|t:|1663067784\n|switch|p2a: Delibird|Delibird, M|251\/251\n|-damage|p2a: Delibird|126\/251|[from] Stealth Rock\n|turn|19\n|\n|t:|1663067786\n|move|p2a: Delibird|Rapid Spin|p1a: Bouffalant\n|-damage|p1a: Bouffalant|47\/310\n|-sideend|p2: yokobaby|Stealth Rock|[from] move: Rapid Spin|[of] p2a: Delibird\n|move|p1a: Bouffalant|Head Charge|p2a: Delibird\n|-damage|p2a: Delibird|0 fnt\n|faint|p2a: Delibird\n|-damage|p1a: Bouffalant|15\/310|[from] Recoil\n|\n|win|Ferrothornail\u8349\u94a2\u7532\n|n|\u2606Ferrothornail\u8349\u94a2\u7532|ferrothornail\n|n|\u2606yokobaby|yokobaby\n|n| mmmmky|mmmmky\n|n| ActiveCarlio4|activecarlio4\n","inputlog":">version 5c6abb95de7955ef65e8c44f22370ca3210c1360\n>start {\"formatid\":\"gen7randombattle\",\"seed\":[45740,40553,9497,19610],\"rated\":\"Tournament battle\"}\n>player p1 {\"name\":\"Ferrothornail\u8349\u94a2\u7532\",\"avatar\":\"lillie\",\"rating\":0,\"seed\":[3581,30883,60080,4491]}\n>player p2 {\"name\":\"yokobaby\",\"avatar\":\"rosa\",\"rating\":0,\"seed\":[41179,52682,7466,42634]}\n>p1 move ironhead\n>p2 switch 3\n>chat  ActiveCarlio4|Glhf\n>p1 switch 2\n>p2 move liquidation\n>p1 move voltswitch\n>p2 switch 6\n>p1 switch 6\n>p1 move stealthrock\n>p2 switch 3\n>p1 move knockoff\n>p2 move dracometeor mega\n>p1 switch 5\n>p1 move shellsmash\n>p2 switch 2\n>p1 move xscissor\n>p2 move suckerpunch\n>p1 move xscissor\n>p2 move toxic\n>p1 move xscissor\n>p2 move toxic\n>p2 switch 3\n>p1 move xscissor\n>p2 move gigadrain\n>p1 move xscissor\n>p2 move gigadrain\n>p2 switch 2\n>p1 move xscissor\n>p2 switch 5\n>p1 move xscissor\n>p2 move scald\n>p2 switch 6\n>p1 move xscissor\n>p2 move aquajet\n>p1 switch 6\n>p1 move voltswitch\n>p2 move grassknot\n>p1 switch 4\n>p1 move stoneedge\n>p2 move liquidation\n>p2 switch 5\n>p1 move headcharge\n>p2 move roost\n>p1 move headcharge\n>p2 move psyshock\n>p2 switch 4\n>p1 move headcharge\n>p2 move rapidspin","uploadtime":1663067787,"views":5,"p1id":"ferrothornail","p2id":"yokobaby","formatid":"gen7randombattle","rating":0,"private":0,"password":null}