{"id":"gen7randombattle-1127211269","p1":"DoppelNinja","p2":"BaddyGames","format":"gen7randombattle","log":"|j|\u2606DoppelNinja\n|j|\u2606BaddyGames\n|player|p1|DoppelNinja|266|\n|player|p2|BaddyGames|275|\n|teamsize|p1|6\n|teamsize|p2|6\n|gametype|singles\n|gen|7\n|tier|[Gen 7] Random Battle\n|rule|Sleep Clause Mod: Limit one foe put to sleep\n|rule|HP Percentage Mod: HP is shown in percentages\n|\n|start\n|switch|p1a: Shaymin|Shaymin-Sky, L78|283\/283\n|switch|p2a: Torkoal|Torkoal, L88, F|266\/266\n|-weather|SunnyDay|[from] ability: Drought|[of] p2a: Torkoal\n|turn|1\n|c|\u2606BaddyGames|hf\n|c|\u2606DoppelNinja|gl\n|\n|switch|p1a: Camerupt|Camerupt, L86, M|261\/261\n|move|p2a: Torkoal|Yawn|p1a: Camerupt\n|-start|p1a: Camerupt|move: Yawn|[of] p2a: Torkoal\n|\n|-weather|SunnyDay|[upkeep]\n|upkeep\n|turn|2\n|\n|switch|p2a: Solrock|Solrock, L88|302\/302\n|move|p1a: Camerupt|Stealth Rock|p2a: Solrock\n|-sidestart|p2: BaddyGames|move: Stealth Rock\n|\n|-weather|SunnyDay|[upkeep]\n|-end|p1a: Camerupt|move: Yawn|[silent]\n|-status|p1a: Camerupt|slp\n|upkeep\n|turn|3\n|\n|move|p2a: Solrock|Light Screen|p2a: Solrock\n|-sidestart|p2: BaddyGames|move: Light Screen\n|cant|p1a: Camerupt|slp\n|\n|-weather|SunnyDay|[upkeep]\n|upkeep\n|turn|4\n|j| Charliepoo\n|\n|detailschange|p1a: Camerupt|Camerupt-Mega, L86, M\n|-mega|p1a: Camerupt|Camerupt|Cameruptite\n|move|p2a: Solrock|Stealth Rock|p1a: Camerupt\n|-sidestart|p1: DoppelNinja|move: Stealth Rock\n|-curestatus|p1a: Camerupt|slp|[msg]\n|move|p1a: Camerupt|Will-O-Wisp|p2a: Solrock\n|-status|p2a: Solrock|brn\n|\n|-weather|SunnyDay|[upkeep]\n|-damage|p2a: Solrock|284\/302 brn|[from] brn\n|upkeep\n|turn|5\n|\n|move|p2a: Solrock|Reflect|p2a: Solrock\n|-sidestart|p2: BaddyGames|Reflect\n|move|p1a: Camerupt|Fire Blast|p2a: Solrock\n|-resisted|p2a: Solrock\n|-damage|p2a: Solrock|184\/302 brn\n|\n|-weather|none\n|-damage|p2a: Solrock|166\/302 brn|[from] brn\n|upkeep\n|turn|6\n|\n|switch|p1a: Gardevoir|Gardevoir, L84, M|251\/251\n|-damage|p1a: Gardevoir|220\/251|[from] Stealth Rock\n|-ability|p1a: Gardevoir|Levitate|[from] ability: Trace|[of] p2a: Solrock\n|move|p2a: Solrock|Morning Sun|p2a: Solrock\n|-heal|p2a: Solrock|302\/302 brn\n|\n|-damage|p2a: Solrock|284\/302 brn|[from] brn\n|upkeep\n|turn|7\n|\n|switch|p2a: Torkoal|Torkoal, L88, F|266\/266\n|-damage|p2a: Torkoal|200\/266|[from] Stealth Rock\n|-weather|SunnyDay|[from] ability: Drought|[of] p2a: Torkoal\n|move|p1a: Gardevoir|Shadow Ball|p2a: Torkoal\n|-damage|p2a: Torkoal|145\/266\n|\n|-weather|SunnyDay|[upkeep]\n|-heal|p2a: Torkoal|161\/266|[from] item: Leftovers\n|upkeep\n|turn|8\n|\n|move|p1a: Gardevoir|Shadow Ball|p2a: Torkoal\n|-damage|p2a: Torkoal|101\/266\n|move|p2a: Torkoal|Lava Plume|p1a: Gardevoir\n|-damage|p1a: Gardevoir|114\/251\n|\n|-weather|SunnyDay|[upkeep]\n|-heal|p2a: Torkoal|117\/266|[from] item: Leftovers\n|upkeep\n|turn|9\n|\n|move|p1a: Gardevoir|Shadow Ball|p2a: Torkoal\n|-damage|p2a: Torkoal|55\/266\n|move|p2a: Torkoal|Lava Plume|p1a: Gardevoir\n|-damage|p1a: Gardevoir|11\/251\n|\n|-weather|SunnyDay|[upkeep]\n|-heal|p2a: Torkoal|71\/266|[from] item: Leftovers\n|upkeep\n|turn|10\n|\n|move|p1a: Gardevoir|Shadow Ball|p2a: Torkoal\n|-damage|p2a: Torkoal|16\/266\n|move|p2a: Torkoal|Earth Power|p1a: Gardevoir\n|-immune|p1a: Gardevoir|[from] ability: Levitate\n|\n|-weather|SunnyDay|[upkeep]\n|-heal|p2a: Torkoal|32\/266|[from] item: Leftovers\n|-sideend|p2: BaddyGames|move: Light Screen\n|upkeep\n|turn|11\n|\n|move|p1a: Gardevoir|Shadow Ball|p2a: Torkoal\n|-damage|p2a: Torkoal|0 fnt\n|faint|p2a: Torkoal\n|\n|-weather|none\n|upkeep\n|\n|switch|p2a: Passimian|Passimian, L86, F|312\/312\n|-damage|p2a: Passimian|293\/312|[from] Stealth Rock\n|turn|12\n|\n|move|p2a: Passimian|Knock Off|p1a: Gardevoir\n|-damage|p1a: Gardevoir|0 fnt\n|-enditem|p1a: Gardevoir|Choice Specs|[from] move: Knock Off|[of] p2a: Passimian\n|faint|p1a: Gardevoir\n|\n|-sideend|p2: BaddyGames|Reflect\n|upkeep\n|\n|switch|p1a: Silvally|Silvally-Psychic, L88|310\/310\n|-damage|p1a: Silvally|272\/310|[from] Stealth Rock\n|turn|13\n|\n|move|p1a: Silvally|Multi-Attack|p2a: Passimian\n|-supereffective|p2a: Passimian\n|-damage|p2a: Passimian|83\/312\n|move|p2a: Passimian|Knock Off|p1a: Silvally\n|-supereffective|p1a: Silvally\n|-damage|p1a: Silvally|108\/310\n|\n|upkeep\n|turn|14\n|\n|switch|p2a: Solrock|Solrock, L88|284\/302 brn\n|-damage|p2a: Solrock|247\/302 brn|[from] Stealth Rock\n|move|p1a: Silvally|Multi-Attack|p2a: Solrock\n|-resisted|p2a: Solrock\n|-damage|p2a: Solrock|192\/302 brn\n|\n|-damage|p2a: Solrock|174\/302 brn|[from] brn\n|upkeep\n|turn|15\n|\n|move|p1a: Silvally|Rock Slide|p2a: Solrock\n|-damage|p2a: Solrock|114\/302 brn\n|move|p2a: Solrock|Reflect|p2a: Solrock\n|-sidestart|p2: BaddyGames|Reflect\n|\n|-damage|p2a: Solrock|96\/302 brn|[from] brn\n|upkeep\n|turn|16\n|\n|move|p1a: Silvally|Rock Slide|p2a: Solrock\n|-damage|p2a: Solrock|70\/302 brn\n|move|p2a: Solrock|Light Screen|p2a: Solrock\n|-sidestart|p2: BaddyGames|move: Light Screen\n|\n|-damage|p2a: Solrock|52\/302 brn|[from] brn\n|upkeep\n|turn|17\n|\n|switch|p2a: Kartana|Kartana, L80|226\/226\n|-damage|p2a: Kartana|212\/226|[from] Stealth Rock\n|move|p1a: Silvally|Multi-Attack|p2a: Kartana\n|-resisted|p2a: Kartana\n|-damage|p2a: Kartana|194\/226\n|\n|upkeep\n|turn|18\n|\n|move|p2a: Kartana|Leaf Blade|p1a: Silvally\n|-damage|p1a: Silvally|0 fnt\n|-damage|p2a: Kartana|172\/226|[from] item: Life Orb\n|faint|p1a: Silvally\n|-ability|p2a: Kartana|Beast Boost|boost\n|-boost|p2a: Kartana|atk|1\n|\n|upkeep\n|\n|switch|p1a: Spinda|Spinda, M|282\/282\n|-damage|p1a: Spinda|247\/282|[from] Stealth Rock\n|turn|19\n|\n|move|p2a: Kartana|Knock Off|p1a: Spinda\n|-crit|p1a: Spinda\n|-damage|p1a: Spinda|13\/282\n|-damage|p2a: Kartana|150\/226|[from] item: Life Orb\n|move|p1a: Spinda|Superpower|p2a: Kartana\n|-supereffective|p2a: Kartana\n|-crit|p2a: Kartana\n|-damage|p2a: Kartana|0 fnt\n|-boost|p1a: Spinda|atk|1\n|-boost|p1a: Spinda|def|1\n|faint|p2a: Kartana\n|\n|upkeep\n|\n|switch|p2a: Reshiram|Reshiram, L78|283\/283\n|-damage|p2a: Reshiram|213\/283|[from] Stealth Rock\n|-ability|p2a: Reshiram|Turboblaze\n|turn|20\n|\n|move|p2a: Reshiram|Blue Flare|p1a: Spinda\n|-damage|p1a: Spinda|0 fnt\n|faint|p1a: Spinda\n|\n|-heal|p2a: Reshiram|230\/283|[from] item: Leftovers\n|upkeep\n|\n|switch|p1a: Camerupt|Camerupt-Mega, L86, M|261\/261\n|-damage|p1a: Camerupt|229\/261|[from] Stealth Rock\n|turn|21\n|\n|move|p2a: Reshiram|Draco Meteor|p1a: Camerupt\n|-damage|p1a: Camerupt|79\/261\n|-unboost|p2a: Reshiram|spa|2\n|move|p1a: Camerupt|Earth Power|p2a: Reshiram\n|-supereffective|p2a: Reshiram\n|-damage|p2a: Reshiram|74\/283\n|\n|-heal|p2a: Reshiram|91\/283|[from] item: Leftovers\n|upkeep\n|turn|22\n|\n|switch|p2a: Solrock|Solrock, L88|52\/302 brn\n|-damage|p2a: Solrock|15\/302 brn|[from] Stealth Rock\n|move|p1a: Camerupt|Earth Power|p2a: Solrock\n|-immune|p2a: Solrock|[from] ability: Levitate\n|\n|-damage|p2a: Solrock|0 fnt|[from] brn\n|faint|p2a: Solrock\n|-sideend|p2: BaddyGames|Reflect\n|upkeep\n|\n|switch|p2a: Passimian|Passimian, L86, F|83\/312\n|-damage|p2a: Passimian|64\/312|[from] Stealth Rock\n|turn|23\n|\n|move|p2a: Passimian|Rock Slide|p1a: Camerupt\n|-damage|p1a: Camerupt|0 fnt\n|faint|p1a: Camerupt\n|\n|-sideend|p2: BaddyGames|move: Light Screen\n|upkeep\n|\n|switch|p1a: Shaymin|Shaymin-Sky, L78|283\/283\n|-damage|p1a: Shaymin|213\/283|[from] Stealth Rock\n|turn|24\n|\n|move|p1a: Shaymin|Air Slash|p2a: Passimian\n|-supereffective|p2a: Passimian\n|-damage|p2a: Passimian|0 fnt\n|faint|p2a: Passimian\n|\n|-heal|p1a: Shaymin|230\/283|[from] item: Leftovers\n|upkeep\n|\n|switch|p2a: Yanmega|Yanmega, L84, M|281\/281\n|-damage|p2a: Yanmega|141\/281|[from] Stealth Rock\n|turn|25\n|\n|move|p2a: Yanmega|Protect|p2a: Yanmega\n|-singleturn|p2a: Yanmega|Protect\n|move|p1a: Shaymin|Air Slash|p2a: Yanmega\n|-activate|p2a: Yanmega|move: Protect\n|\n|-heal|p1a: Shaymin|247\/283|[from] item: Leftovers\n|-ability|p2a: Yanmega|Speed Boost|boost\n|-boost|p2a: Yanmega|spe|1\n|upkeep\n|turn|26\n|\n|move|p2a: Yanmega|Air Slash|p1a: Shaymin|[miss]\n|-miss|p2a: Yanmega|p1a: Shaymin\n|move|p1a: Shaymin|Substitute|p1a: Shaymin\n|-start|p1a: Shaymin|Substitute\n|-damage|p1a: Shaymin|177\/283\n|\n|-heal|p1a: Shaymin|194\/283|[from] item: Leftovers\n|-ability|p2a: Yanmega|Speed Boost|boost\n|-boost|p2a: Yanmega|spe|1\n|upkeep\n|turn|27\n|\n|move|p2a: Yanmega|Air Slash|p1a: Shaymin\n|-supereffective|p1a: Shaymin\n|-end|p1a: Shaymin|Substitute\n|-damage|p2a: Yanmega|113\/281|[from] item: Life Orb\n|move|p1a: Shaymin|Air Slash|p2a: Yanmega\n|-supereffective|p2a: Yanmega\n|-damage|p2a: Yanmega|0 fnt\n|faint|p2a: Yanmega\n|\n|-heal|p1a: Shaymin|211\/283|[from] item: Leftovers\n|upkeep\n|\n|switch|p2a: Reshiram|Reshiram, L78|91\/283\n|-damage|p2a: Reshiram|21\/283|[from] Stealth Rock\n|-ability|p2a: Reshiram|Turboblaze\n|turn|28\n|\n|move|p1a: Shaymin|Hidden Power|p2a: Reshiram\n|-damage|p2a: Reshiram|0 fnt\n|faint|p2a: Reshiram\n|\n|win|DoppelNinja\n|c|\u2606BaddyGames|gg\n","inputlog":">version c9c7f6a747c4fa4bb90ab0817471f3f1098ea029\n>start {\"formatid\":\"gen7randombattle\",\"seed\":[21918,34243,7538,22483]}\n>player p1 {\"name\":\"DoppelNinja\",\"avatar\":\"266\",\"team\":\"\",\"rating\":0,\"seed\":[46687,5434,3592,54196]}\n>player p2 {\"name\":\"BaddyGames\",\"avatar\":\"275\",\"team\":\"\",\"rating\":0,\"seed\":[54997,20749,17969,39799]}\n>p1 switch 2\n>p2 move yawn\n>p1 move stealthrock\n>p2 switch 6\n>p1 move willowisp\n>p2 move lightscreen\n>p1 move willowisp mega\n>p2 move stealthrock\n>p1 move fireblast\n>p2 move reflect\n>p1 switch 4\n>p2 move morningsun\n>p1 move shadowball\n>p2 switch 6\n>p1 move shadowball\n>p2 move lavaplume\n>p1 move shadowball\n>p2 move lavaplume\n>p1 move shadowball\n>p2 move earthpower\n>p1 move shadowball\n>p2 move lavaplume\n>p2 switch 3\n>p1 move shadowball\n>p2 move knockoff\n>p1 switch 5\n>p1 move multiattack\n>p2 move knockoff\n>p1 move multiattack\n>p2 switch 6\n>p1 move rockslide\n>p2 move reflect\n>p1 move rockslide\n>p2 move lightscreen\n>p1 move multiattack\n>p2 switch 2\n>p1 move flamethrower\n>p2 move leafblade\n>p1 switch 3\n>p1 move superpower\n>p2 move knockoff\n>p2 switch 4\n>p1 move return zmove\n>p2 move blueflare\n>p1 switch 4\n>p1 move earthpower\n>p2 move dracometeor\n>p1 move earthpower\n>p2 switch 2\n>p2 switch 6\n>p1 move earthpower\n>p2 move rockslide\n>p1 switch 2\n>p1 move airslash\n>p2 move rockslide\n>p2 switch 5\n>p1 move airslash\n>p2 move protect\n>p1 move substitute\n>p2 move airslash\n>p1 move airslash\n>p2 move airslash\n>p2 switch 2\n>p1 move hiddenpower\n>p2 move roost","uploadtime":1591354931,"views":11,"p1id":"doppelninja","p2id":"baddygames","formatid":"gen7randombattle","rating":0,"private":0,"password":null}