{"id":"gen7ou-1704410630","p1":"Juanjoseq","p2":"Lucians Call","format":"gen7ou","log":"|j|\u2606Juanjoseq\n|j|\u2606Lucians Call\n|t:|1667772724\n|gametype|singles\n|player|p1|Juanjoseq|102|1434\n|player|p2|Lucians Call|furisodegirl-blue|1674\n|teamsize|p1|6\n|teamsize|p2|6\n|gen|7\n|tier|[Gen 7] OU\n|rated|\n|rule|Sleep Clause Mod: Limit one foe put to sleep\n|rule|Species Clause: Limit one of each Pok\u00e9mon\n|rule|OHKO Clause: OHKO moves are banned\n|rule|Moody Clause: Moody is banned\n|rule|Evasion Items Clause: Evasion items are banned\n|rule|Evasion Moves Clause: Evasion moves are banned\n|rule|Endless Battle Clause: Forcing endless battles is banned\n|rule|HP Percentage Mod: HP is shown in percentages\n|clearpoke\n|poke|p1|Latias, F|item\n|poke|p1|Buzzwole|item\n|poke|p1|Greninja, F|item\n|poke|p1|Jirachi|item\n|poke|p1|Chansey, F|item\n|poke|p1|Galvantula, M|item\n|poke|p2|Zapdos|item\n|poke|p2|Garchomp, F|item\n|poke|p2|Ferrothorn, M|item\n|poke|p2|Landorus-Therian, M|item\n|poke|p2|Greninja, M|item\n|poke|p2|Magearna|item\n|teampreview\n|inactive|Battle timer is ON: inactive players will automatically lose when time's up. (requested by Lucians Call)\n|\n|t:|1667772757\n|start\n|switch|p1a: Greninja|Greninja, F|100\/100\n|switch|p2a: Garchomp|Garchomp, F|100\/100\n|turn|1\n|\n|t:|1667772761\n|switch|p2a: Ferrothorn|Ferrothorn, M|100\/100\n|move|p1a: Greninja|Surf|p2a: Ferrothorn\n|-start|p1a: Greninja|typechange|Water|[from] ability: Protean\n|-resisted|p2a: Ferrothorn\n|-damage|p2a: Ferrothorn|88\/100\n|\n|-heal|p2a: Ferrothorn|95\/100|[from] item: Leftovers\n|upkeep\n|turn|2\n|\n|t:|1667772764\n|move|p1a: Greninja|Hidden Power|p2a: Ferrothorn\n|-start|p1a: Greninja|typechange|Fire|[from] ability: Protean\n|-supereffective|p2a: Ferrothorn\n|-damage|p2a: Ferrothorn|26\/100\n|move|p2a: Ferrothorn|Thunder Wave|p1a: Greninja\n|-status|p1a: Greninja|par\n|\n|-heal|p2a: Ferrothorn|33\/100|[from] item: Leftovers\n|upkeep\n|turn|3\n|\n|t:|1667772773\n|switch|p2a: Greninja|Greninja, M|100\/100\n|-zpower|p1a: Greninja\n|move|p1a: Greninja|Hydro Vortex|p2a: Greninja|[zeffect]\n|-start|p1a: Greninja|typechange|Water|[from] ability: Protean\n|-resisted|p2a: Greninja\n|-damage|p2a: Greninja|43\/100\n|\n|upkeep\n|turn|4\n|\n|t:|1667772778\n|switch|p1a: Chansey|Chansey, F|100\/100\n|move|p2a: Greninja|Dark Pulse|p1a: Chansey\n|-damage|p1a: Chansey|83\/100\n|\n|upkeep\n|turn|5\n|\n|t:|1667772780\n|switch|p2a: Ferrothorn|Ferrothorn, M|33\/100\n|move|p1a: Chansey|Heal Bell|p1a: Chansey\n|-activate|p1a: Chansey|move: Heal Bell\n|-curestatus|p1: Greninja|par|[msg]\n|\n|-heal|p2a: Ferrothorn|39\/100|[from] item: Leftovers\n|upkeep\n|turn|6\n|\n|t:|1667772784\n|move|p1a: Chansey|Seismic Toss|p2a: Ferrothorn\n|-damage|p2a: Ferrothorn|10\/100\n|-damage|p1a: Chansey|71\/100|[from] ability: Iron Barbs|[of] p2a: Ferrothorn\n|move|p2a: Ferrothorn|Leech Seed|p1a: Chansey\n|-start|p1a: Chansey|move: Leech Seed\n|\n|-heal|p2a: Ferrothorn|17\/100|[from] item: Leftovers\n|-damage|p1a: Chansey|58\/100|[from] Leech Seed|[of] p2a: Ferrothorn\n|-heal|p2a: Ferrothorn|41\/100|[silent]\n|upkeep\n|turn|7\n|\n|t:|1667772790\n|switch|p1a: Greninja|Greninja, F|100\/100\n|move|p2a: Ferrothorn|Stealth Rock|p1a: Greninja\n|-sidestart|p1: Juanjoseq|move: Stealth Rock\n|\n|-heal|p2a: Ferrothorn|48\/100|[from] item: Leftovers\n|upkeep\n|turn|8\n|\n|t:|1667772797\n|switch|p2a: Greninja|Greninja, M|43\/100\n|move|p1a: Greninja|Surf|p2a: Greninja\n|-start|p1a: Greninja|typechange|Water|[from] ability: Protean\n|-resisted|p2a: Greninja\n|-damage|p2a: Greninja|12\/100\n|\n|upkeep\n|turn|9\n|\n|t:|1667772802\n|move|p1a: Greninja|Surf|p2a: Greninja\n|-resisted|p2a: Greninja\n|-damage|p2a: Greninja|0 fnt\n|faint|p2a: Greninja\n|\n|upkeep\n|\n|t:|1667772807\n|switch|p2a: Landorus|Landorus-Therian, M|100\/100\n|-ability|p2a: Landorus|Intimidate|boost\n|-unboost|p1a: Greninja|atk|1\n|turn|10\n|\n|t:|1667772815\n|move|p2a: Landorus|U-turn|p1a: Greninja\n|-damage|p1a: Greninja|59\/100\n|\n|t:|1667772817\n|switch|p2a: Zapdos|Zapdos|100\/100|[from]move: U-turn\n|move|p1a: Greninja|Ice Beam|p2a: Zapdos\n|-start|p1a: Greninja|typechange|Ice|[from] ability: Protean\n|-supereffective|p2a: Zapdos\n|-damage|p2a: Zapdos|26\/100\n|\n|upkeep\n|turn|11\n|\n|t:|1667772822\n|move|p1a: Greninja|Surf|p2a: Zapdos\n|-start|p1a: Greninja|typechange|Water|[from] ability: Protean\n|-damage|p2a: Zapdos|0 fnt\n|faint|p2a: Zapdos\n|\n|upkeep\n|\n|t:|1667772824\n|switch|p2a: Landorus|Landorus-Therian, M|100\/100\n|-ability|p2a: Landorus|Intimidate|boost\n|-unboost|p1a: Greninja|atk|1\n|turn|12\n|\n|t:|1667772828\n|switch|p1a: Galvantula|Galvantula, M|100\/100\n|-damage|p1a: Galvantula|76\/100|[from] Stealth Rock\n|move|p2a: Landorus|U-turn|p1a: Galvantula\n|-damage|p1a: Galvantula|23\/100\n|\n|t:|1667772834\n|switch|p2a: Magearna|Magearna|100\/100|[from]move: U-turn\n|\n|upkeep\n|turn|13\n|\n|t:|1667772842\n|move|p1a: Galvantula|Thunder|p2a: Magearna\n|-damage|p2a: Magearna|67\/100\n|move|p2a: Magearna|Thunderbolt|p1a: Galvantula\n|-resisted|p1a: Galvantula\n|-damage|p1a: Galvantula|0 fnt\n|faint|p1a: Galvantula\n|-ability|p2a: Magearna|Soul-Heart|boost\n|-boost|p2a: Magearna|spa|1\n|\n|upkeep\n|\n|t:|1667772853\n|switch|p1a: Chansey|Chansey, F|58\/100\n|-damage|p1a: Chansey|46\/100|[from] Stealth Rock\n|turn|14\n|\n|t:|1667772856\n|move|p2a: Magearna|Calm Mind|p2a: Magearna\n|-boost|p2a: Magearna|spa|1\n|-boost|p2a: Magearna|spd|1\n|move|p1a: Chansey|Seismic Toss|p2a: Magearna\n|-damage|p2a: Magearna|39\/100\n|\n|upkeep\n|turn|15\n|\n|t:|1667772858\n|move|p2a: Magearna|Pain Split|p1a: Chansey\n|-sethp|p1a: Chansey|33\/100|[from] move: Pain Split|[silent]\n|-sethp|p2a: Magearna|64\/100|[from] move: Pain Split\n|move|p1a: Chansey|Soft-Boiled|p1a: Chansey\n|-heal|p1a: Chansey|83\/100\n|\n|upkeep\n|turn|16\n|\n|t:|1667772860\n|move|p2a: Magearna|Calm Mind|p2a: Magearna\n|-boost|p2a: Magearna|spa|1\n|-boost|p2a: Magearna|spd|1\n|move|p1a: Chansey|Seismic Toss|p2a: Magearna\n|-damage|p2a: Magearna|36\/100\n|\n|upkeep\n|turn|17\n|\n|t:|1667772863\n|switch|p1a: Greninja|Greninja, F|59\/100\n|-damage|p1a: Greninja|46\/100|[from] Stealth Rock\n|move|p2a: Magearna|Pain Split|p1a: Greninja\n|-sethp|p1a: Greninja|46\/100|[from] move: Pain Split|[silent]\n|-sethp|p2a: Magearna|36\/100|[from] move: Pain Split\n|\n|upkeep\n|turn|18\n|\n|t:|1667772873\n|switch|p1a: Chansey|Chansey, F|83\/100\n|-damage|p1a: Chansey|71\/100|[from] Stealth Rock\n|move|p2a: Magearna|Thunderbolt|p1a: Chansey\n|-damage|p1a: Chansey|45\/100\n|\n|upkeep\n|turn|19\n|\n|t:|1667772876\n|move|p2a: Magearna|Pain Split|p1a: Chansey\n|-sethp|p1a: Chansey|32\/100|[from] move: Pain Split|[silent]\n|-sethp|p2a: Magearna|62\/100|[from] move: Pain Split\n|move|p1a: Chansey|Seismic Toss|p2a: Magearna\n|-damage|p2a: Magearna|34\/100\n|\n|upkeep\n|turn|20\n|\n|t:|1667772880\n|move|p2a: Magearna|Fleur Cannon|p1a: Chansey\n|-damage|p1a: Chansey|0 fnt\n|-unboost|p2a: Magearna|spa|2\n|faint|p1a: Chansey\n|-ability|p2a: Magearna|Soul-Heart|boost\n|-boost|p2a: Magearna|spa|1\n|\n|upkeep\n|\n|t:|1667772887\n|switch|p1a: Greninja|Greninja, F|46\/100\n|-damage|p1a: Greninja|34\/100|[from] Stealth Rock\n|turn|21\n|\n|t:|1667772892\n|move|p1a: Greninja|Hidden Power|p2a: Magearna\n|-start|p1a: Greninja|typechange|Fire|[from] ability: Protean\n|-supereffective|p2a: Magearna\n|-damage|p2a: Magearna|12\/100\n|move|p2a: Magearna|Thunderbolt|p1a: Greninja\n|-damage|p1a: Greninja|0 fnt\n|faint|p1a: Greninja\n|-ability|p2a: Magearna|Soul-Heart|boost\n|-boost|p2a: Magearna|spa|1\n|\n|upkeep\n|\n|t:|1667772903\n|switch|p1a: Jirachi|Jirachi, shiny|100\/100\n|-damage|p1a: Jirachi|94\/100|[from] Stealth Rock\n|turn|22\n|c|\u2606Lucians Call|no offense\n|c|\u2606Lucians Call|but why are u playing like a downs\n|\n|t:|1667772914\n|switch|p2a: Ferrothorn|Ferrothorn, M|48\/100\n|move|p1a: Jirachi|Iron Head|p2a: Ferrothorn\n|-resisted|p2a: Ferrothorn\n|-crit|p2a: Ferrothorn\n|-damage|p2a: Ferrothorn|27\/100\n|-damage|p1a: Jirachi|82\/100|[from] ability: Iron Barbs|[of] p2a: Ferrothorn\n|\n|-heal|p1a: Jirachi|88\/100|[from] item: Leftovers\n|-heal|p2a: Ferrothorn|34\/100|[from] item: Leftovers\n|upkeep\n|turn|23\n|\n|t:|1667772917\n|move|p1a: Jirachi|Power-Up Punch|p2a: Ferrothorn\n|-supereffective|p2a: Ferrothorn\n|-damage|p2a: Ferrothorn|17\/100\n|-boost|p1a: Jirachi|atk|1\n|-damage|p1a: Jirachi|76\/100|[from] ability: Iron Barbs|[of] p2a: Ferrothorn\n|move|p2a: Ferrothorn|Thunder Wave|p1a: Jirachi\n|-status|p1a: Jirachi|par\n|\n|-heal|p1a: Jirachi|82\/100 par|[from] item: Leftovers\n|-heal|p2a: Ferrothorn|23\/100|[from] item: Leftovers\n|upkeep\n|turn|24\n|\n|t:|1667772921\n|switch|p2a: Landorus|Landorus-Therian, M|100\/100\n|-ability|p2a: Landorus|Intimidate|boost\n|-unboost|p1a: Jirachi|atk|1\n|move|p1a: Jirachi|Iron Head|p2a: Landorus\n|-damage|p2a: Landorus|59\/100\n|\n|-heal|p1a: Jirachi|88\/100 par|[from] item: Leftovers\n|upkeep\n|turn|25\n|\n|t:|1667772926\n|switch|p1a: Latias|Latias, F|100\/100\n|-damage|p1a: Latias|88\/100|[from] Stealth Rock\n|move|p2a: Landorus|Earthquake|p1a: Latias\n|-immune|p1a: Latias|[from] ability: Levitate\n|\n|upkeep\n|turn|26\n|\n|t:|1667772934\n|switch|p2a: Ferrothorn|Ferrothorn, M|23\/100\n|detailschange|p1a: Latias|Latias-Mega, F\n|-mega|p1a: Latias|Latias|Latiasite\n|move|p1a: Latias|Calm Mind|p1a: Latias\n|-boost|p1a: Latias|spa|1\n|-boost|p1a: Latias|spd|1\n|\n|-heal|p2a: Ferrothorn|29\/100|[from] item: Leftovers\n|upkeep\n|turn|27\n|\n|t:|1667772948\n|move|p1a: Latias|Dragon Pulse|p2a: Ferrothorn\n|-resisted|p2a: Ferrothorn\n|-damage|p2a: Ferrothorn|10\/100\n|move|p2a: Ferrothorn|Thunder Wave|p1a: Latias\n|-status|p1a: Latias|par\n|\n|-heal|p2a: Ferrothorn|17\/100|[from] item: Leftovers\n|upkeep\n|turn|28\n|\n|t:|1667772954\n|move|p1a: Latias|Stored Power|p2a: Ferrothorn\n|-resisted|p2a: Ferrothorn\n|-damage|p2a: Ferrothorn|4\/100\n|move|p2a: Ferrothorn|Leech Seed|p1a: Latias\n|-start|p1a: Latias|move: Leech Seed\n|\n|-heal|p2a: Ferrothorn|11\/100|[from] item: Leftovers\n|-damage|p1a: Latias|76\/100 par|[from] Leech Seed|[of] p2a: Ferrothorn\n|-heal|p2a: Ferrothorn|23\/100|[silent]\n|upkeep\n|turn|29\n|\n|t:|1667772959\n|switch|p1a: Buzzwole|Buzzwole|100\/100\n|-damage|p1a: Buzzwole|88\/100|[from] Stealth Rock\n|switch|p2a: Magearna|Magearna|12\/100\n|\n|upkeep\n|turn|30\n|\n|t:|1667772969\n|switch|p2a: Ferrothorn|Ferrothorn, M|23\/100\n|move|p1a: Buzzwole|Iron Head|p2a: Ferrothorn\n|-resisted|p2a: Ferrothorn\n|-damage|p2a: Ferrothorn|12\/100\n|-damage|p1a: Buzzwole|76\/100|[from] ability: Iron Barbs|[of] p2a: Ferrothorn\n|\n|-heal|p2a: Ferrothorn|18\/100|[from] item: Leftovers\n|upkeep\n|turn|31\n|\n|t:|1667772976\n|switch|p1a: Jirachi|Jirachi, shiny|88\/100 par\n|-damage|p1a: Jirachi|82\/100 par|[from] Stealth Rock\n|switch|p2a: Landorus|Landorus-Therian, M|59\/100\n|-ability|p2a: Landorus|Intimidate|boost\n|-unboost|p1a: Jirachi|atk|1\n|\n|-heal|p1a: Jirachi|88\/100 par|[from] item: Leftovers\n|upkeep\n|turn|32\n|\n|t:|1667772979\n|move|p2a: Landorus|U-turn|p1a: Jirachi\n|-damage|p1a: Jirachi|63\/100 par\n|\n|t:|1667772983\n|switch|p2a: Garchomp|Garchomp, F|100\/100|[from]move: U-turn\n|move|p1a: Jirachi|Iron Head|p2a: Garchomp\n|-damage|p2a: Garchomp|77\/100\n|-damage|p1a: Jirachi|51\/100 par|[from] ability: Rough Skin|[of] p2a: Garchomp\n|\n|-heal|p1a: Jirachi|57\/100 par|[from] item: Leftovers\n|upkeep\n|turn|33\n|\n|t:|1667772987\n|move|p2a: Garchomp|Swords Dance|p2a: Garchomp\n|-boost|p2a: Garchomp|atk|2\n|move|p1a: Jirachi|Iron Head|p2a: Garchomp\n|-crit|p2a: Garchomp\n|-damage|p2a: Garchomp|25\/100\n|-damage|p1a: Jirachi|44\/100 par|[from] ability: Rough Skin|[of] p2a: Garchomp\n|\n|-heal|p1a: Jirachi|51\/100 par|[from] item: Leftovers\n|upkeep\n|turn|34\n|\n|t:|1667772994\n|detailschange|p2a: Garchomp|Garchomp-Mega, F\n|-mega|p2a: Garchomp|Garchomp|Garchompite\n|move|p2a: Garchomp|Fire Fang|p1a: Jirachi\n|-supereffective|p1a: Jirachi\n|-damage|p1a: Jirachi|0 fnt\n|faint|p1a: Jirachi\n|\n|upkeep\n|\n|t:|1667772996\n|switch|p1a: Buzzwole|Buzzwole|76\/100\n|-damage|p1a: Buzzwole|63\/100|[from] Stealth Rock\n|turn|35\n|\n|t:|1667772999\n|move|p1a: Buzzwole|Ice Punch|p2a: Garchomp\n|-supereffective|p2a: Garchomp\n|-damage|p2a: Garchomp|0 fnt\n|faint|p2a: Garchomp\n|-ability|p1a: Buzzwole|Beast Boost|boost\n|-boost|p1a: Buzzwole|atk|1\n|\n|upkeep\n|\n|t:|1667773003\n|switch|p2a: Landorus|Landorus-Therian, M|59\/100\n|-ability|p2a: Landorus|Intimidate|boost\n|-unboost|p1a: Buzzwole|atk|1\n|turn|36\n|\n|t:|1667773006\n|move|p2a: Landorus|U-turn|p1a: Buzzwole\n|-resisted|p1a: Buzzwole\n|-damage|p1a: Buzzwole|53\/100\n|\n|t:|1667773009\n|switch|p2a: Ferrothorn|Ferrothorn, M|18\/100|[from]move: U-turn\n|move|p1a: Buzzwole|Ice Punch|p2a: Ferrothorn\n|-damage|p2a: Ferrothorn|0 fnt\n|-damage|p1a: Buzzwole|41\/100|[from] ability: Iron Barbs|[of] p2a: Ferrothorn\n|faint|p2a: Ferrothorn\n|-ability|p1a: Buzzwole|Beast Boost|boost\n|-boost|p1a: Buzzwole|atk|1\n|\n|upkeep\n|\n|t:|1667773013\n|switch|p2a: Landorus|Landorus-Therian, M|59\/100\n|-ability|p2a: Landorus|Intimidate|boost\n|-unboost|p1a: Buzzwole|atk|1\n|turn|37\n|\n|t:|1667773017\n|move|p2a: Landorus|Stone Edge|p1a: Buzzwole|[miss]\n|-miss|p2a: Landorus|p1a: Buzzwole\n|move|p1a: Buzzwole|Ice Punch|p2a: Landorus\n|-supereffective|p2a: Landorus\n|-damage|p2a: Landorus|0 fnt\n|faint|p2a: Landorus\n|-ability|p1a: Buzzwole|Beast Boost|boost\n|-boost|p1a: Buzzwole|atk|1\n|\n|upkeep\n|\n|t:|1667773018\n|switch|p2a: Magearna|Magearna|12\/100\n|turn|38\n|\n|t:|1667773022\n|switch|p1a: Latias|Latias-Mega, F|76\/100 par\n|-damage|p1a: Latias|64\/100 par|[from] Stealth Rock\n|move|p2a: Magearna|Pain Split|p1a: Latias\n|-sethp|p1a: Latias|38\/100 par|[from] move: Pain Split|[silent]\n|-sethp|p2a: Magearna|37\/100|[from] move: Pain Split\n|\n|upkeep\n|turn|39\n|\n|t:|1667773027\n|move|p2a: Magearna|Calm Mind|p2a: Magearna\n|-boost|p2a: Magearna|spa|1\n|-boost|p2a: Magearna|spd|1\n|move|p1a: Latias|Stored Power|p2a: Magearna\n|-resisted|p2a: Magearna\n|-damage|p2a: Magearna|34\/100\n|\n|upkeep\n|turn|40\n|\n|t:|1667773030\n|move|p2a: Magearna|Calm Mind|p2a: Magearna\n|-boost|p2a: Magearna|spa|1\n|-boost|p2a: Magearna|spd|1\n|move|p1a: Latias|Stored Power|p2a: Magearna\n|-resisted|p2a: Magearna\n|-damage|p2a: Magearna|32\/100\n|\n|upkeep\n|turn|41\n|\n|t:|1667773035\n|move|p2a: Magearna|Calm Mind|p2a: Magearna\n|-boost|p2a: Magearna|spa|1\n|-boost|p2a: Magearna|spd|1\n|move|p1a: Latias|Calm Mind|p1a: Latias\n|-boost|p1a: Latias|spa|1\n|-boost|p1a: Latias|spd|1\n|\n|upkeep\n|turn|42\n|\n|t:|1667773038\n|move|p2a: Magearna|Calm Mind|p2a: Magearna\n|-boost|p2a: Magearna|spa|1\n|-boost|p2a: Magearna|spd|1\n|cant|p1a: Latias|par\n|\n|upkeep\n|turn|43\n|\n|t:|1667773044\n|move|p2a: Magearna|Calm Mind|p2a: Magearna\n|-boost|p2a: Magearna|spa|1\n|-boost|p2a: Magearna|spd|1\n|move|p1a: Latias|Stored Power|p2a: Magearna\n|-resisted|p2a: Magearna\n|-damage|p2a: Magearna|27\/100\n|\n|upkeep\n|turn|44\n|\n|t:|1667773047\n|move|p2a: Magearna|Calm Mind|p2a: Magearna\n|-boost|p2a: Magearna|spa|1\n|-boost|p2a: Magearna|spd|1\n|move|p1a: Latias|Stored Power|p2a: Magearna\n|-resisted|p2a: Magearna\n|-damage|p2a: Magearna|23\/100\n|\n|upkeep\n|turn|45\n|\n|t:|1667773050\n|move|p2a: Magearna|Pain Split|p1a: Latias\n|-sethp|p1a: Latias|31\/100 par|[from] move: Pain Split|[silent]\n|-sethp|p2a: Magearna|30\/100|[from] move: Pain Split\n|cant|p1a: Latias|par\n|\n|upkeep\n|turn|46\n|\n|t:|1667773056\n|move|p2a: Magearna|Thunderbolt|p1a: Latias\n|-resisted|p1a: Latias\n|-damage|p1a: Latias|4\/100 par\n|move|p1a: Latias|Stored Power|p2a: Magearna\n|-resisted|p2a: Magearna\n|-damage|p2a: Magearna|26\/100\n|\n|upkeep\n|turn|47\n|\n|t:|1667773063\n|move|p2a: Magearna|Thunderbolt|p1a: Latias\n|-resisted|p1a: Latias\n|-damage|p1a: Latias|0 fnt\n|faint|p1a: Latias\n|\n|upkeep\n|c|\u2606Juanjoseq|\ud83d\uddff\n|\n|t:|1667773066\n|switch|p1a: Buzzwole|Buzzwole|41\/100\n|-damage|p1a: Buzzwole|28\/100|[from] Stealth Rock\n|turn|48\n|\n|t:|1667773071\n|move|p1a: Buzzwole|Superpower|p2a: Magearna\n|-damage|p2a: Magearna|0 fnt\n|-unboost|p1a: Buzzwole|atk|1\n|-unboost|p1a: Buzzwole|def|1\n|faint|p2a: Magearna\n|\n|win|Juanjoseq\n|raw|Juanjoseq's rating: 1434 &rarr; <strong>1466<\/strong><br \/>(+32 for winning)\n|raw|Lucians Call's rating: 1674 &rarr; <strong>1642<\/strong><br \/>(-32 for losing)\n|c|\u2606Lucians Call|ur a fucking clown\n|l|\u2606Lucians Call\n|c|\u2606Juanjoseq|\ud83d\ude0e\ud83d\udc4c\n||Ladder isn't responding, score probably updated but might not have (Request timeout).\n","uploadtime":1667773099,"views":5,"p1id":"juanjoseq","p2id":"lucianscall","formatid":"gen7ou","rating":1466,"private":0,"password":null}