{"id":"gen7randombattle-982221289","p1":"wolfwarrior","p2":"BungusMcChungus","format":"gen7randombattle","log":"|j|\u2606wolfwarrior\n|j|\u2606BungusMcChungus\n|player|p1|wolfwarrior|162|1523\n|player|p2|BungusMcChungus|265|1585\n|teamsize|p1|6\n|teamsize|p2|6\n|gametype|singles\n|gen|7\n|tier|[Gen 7] Random Battle\n|rated|\n|rule|Sleep Clause Mod: Limit one foe put to sleep\n|rule|HP Percentage Mod: HP is shown in percentages\n|\n|start\n|switch|p1a: Vivillon|Vivillon, L86, M|277\/277\n|switch|p2a: Heracross|Heracross, L81, F|262\/262\n|turn|1\n|\n|switch|p2a: Probopass|Probopass, L89, M|252\/252\n|-item|p2a: Probopass|Air Balloon\n|move|p1a: Vivillon|Sleep Powder|p2a: Probopass\n|-status|p2a: Probopass|slp|[from] move: Sleep Powder\n|\n|upkeep\n|turn|2\n|\n|move|p1a: Vivillon|Energy Ball|p2a: Probopass\n|-damage|p2a: Probopass|214\/252 slp\n|-enditem|p2a: Probopass|Air Balloon\n|-unboost|p2a: Probopass|spd|1\n|cant|p2a: Probopass|slp\n|\n|upkeep\n|turn|3\n|\n|switch|p1a: Forretress|Forretress, L84, M|263\/263\n|-curestatus|p2a: Probopass|slp|[msg]\n|move|p2a: Probopass|Toxic|p1a: Forretress\n|-immune|p1a: Forretress\n|\n|upkeep\n|turn|4\n|\n|move|p2a: Probopass|Stealth Rock|p1a: Forretress\n|-sidestart|p1: wolfwarrior|move: Stealth Rock\n|move|p1a: Forretress|Spikes|p2a: Probopass\n|-sidestart|p2: BungusMcChungus|Spikes\n|\n|upkeep\n|turn|5\n|\n|move|p2a: Probopass|Volt Switch|p1a: Forretress\n|-damage|p1a: Forretress|202\/263\n|\n|switch|p2a: Hitmonchan|Hitmonchan, L88, M|231\/231\n|-damage|p2a: Hitmonchan|203\/231|[from] Spikes\n|move|p1a: Forretress|Rapid Spin|p2a: Hitmonchan\n|-damage|p2a: Hitmonchan|189\/231\n|-sideend|p1: wolfwarrior|Stealth Rock|[from] move: Rapid Spin|[of] p1a: Forretress\n|\n|-heal|p1a: Forretress|218\/263|[from] item: Leftovers\n|upkeep\n|turn|6\n|\n|switch|p1a: Aegislash|Aegislash, L78, F|222\/222\n|move|p2a: Hitmonchan|Rapid Spin|p1a: Aegislash\n|-immune|p1a: Aegislash\n|\n|upkeep\n|turn|7\n|\n|switch|p2a: Malamar|Malamar, L86, F|288\/288\n|-damage|p2a: Malamar|252\/288|[from] Spikes\n|move|p1a: Aegislash|King's Shield||[still]\n|-fail|p1a: Aegislash\n|\n|upkeep\n|turn|8\n|\n|switch|p1a: Gyarados|Gyarados, L80, M|283\/283\n|-ability|p1a: Gyarados|Intimidate|boost\n|-boost|p2a: Malamar|atk|1\n|move|p2a: Malamar|Knock Off|p1a: Gyarados\n|-damage|p1a: Gyarados|166\/283\n|\n|upkeep\n|turn|9\n|\n|switch|p1a: Sableye|Sableye, L88, F|231\/231\n|-zpower|p2a: Malamar\n|move|p2a: Malamar|Z-Happy Hour|p2a: Malamar|[anim]Happy Hour\n|-boost|p2a: Malamar|atk|1|[zeffect]\n|-boost|p2a: Malamar|def|1|[zeffect]\n|-boost|p2a: Malamar|spa|1|[zeffect]\n|-boost|p2a: Malamar|spd|1|[zeffect]\n|-boost|p2a: Malamar|spe|1|[zeffect]\n|\n|upkeep\n|turn|10\n|\n|move|p1a: Sableye|Will-O-Wisp|p2a: Malamar\n|-hint|In gen 7, Dark is immune to Prankster moves.\n|-immune|p2a: Malamar\n|move|p2a: Malamar|Knock Off|p1a: Sableye\n|-damage|p1a: Sableye|14\/231\n|-enditem|p1a: Sableye|Leftovers|[from] move: Knock Off|[of] p2a: Malamar\n|\n|upkeep\n|turn|11\n|\n|move|p2a: Malamar|Knock Off|p1a: Sableye\n|-damage|p1a: Sableye|0 fnt\n|faint|p1a: Sableye\n|\n|upkeep\n|\n|switch|p1a: Forretress|Forretress, L84, M|218\/263\n|turn|12\n|\n|move|p2a: Malamar|Superpower|p1a: Forretress\n|-damage|p1a: Forretress|96\/263\n|-boost|p2a: Malamar|atk|1\n|-boost|p2a: Malamar|def|1\n|move|p1a: Forretress|Gyro Ball|p2a: Malamar\n|-damage|p2a: Malamar|206\/288\n|\n|-heal|p1a: Forretress|112\/263|[from] item: Leftovers\n|upkeep\n|turn|13\n|\n|switch|p1a: Aegislash|Aegislash, L78, F|222\/222\n|move|p2a: Malamar|Superpower|p1a: Aegislash\n|-immune|p1a: Aegislash\n|\n|upkeep\n|turn|14\n|\n|move|p1a: Aegislash|King's Shield|p1a: Aegislash\n|-singleturn|p1a: Aegislash|Protect\n|move|p2a: Malamar|Knock Off|p1a: Aegislash\n|-activate|p1a: Aegislash|move: Protect\n|-boost|p2a: Malamar|atk|2\n|\n|upkeep\n|turn|15\n|-message|wolfwarrior forfeited.\n|\n|win|BungusMcChungus\n|l|\u2606wolfwarrior\n|raw|wolfwarrior's rating: 1503 &rarr; <strong>1488<\/strong><br \/>(-15 for losing)\n|raw|BungusMcChungus's rating: 1585 &rarr; <strong>1601<\/strong><br \/>(+16 for winning)\n","inputlog":">version f005a5bfcfab31b57cd20a45bf2950caebd886de\n>start {\"formatid\":\"gen7randombattle\",\"seed\":[51452,24442,31828,59034],\"rated\":\"Rated battle\"}\n>player p1 {\"name\":\"wolfwarrior\",\"avatar\":\"162\",\"team\":\"\",\"rating\":1523,\"seed\":[1597,29523,5971,25308]}\n>player p2 {\"name\":\"BungusMcChungus\",\"avatar\":\"265\",\"team\":\"\",\"rating\":1585,\"seed\":[53503,11638,53316,2047]}\n>p1 move sleeppowder\n>p2 switch 6\n>p1 move energyball\n>p2 move toxic\n>p1 switch 6\n>p2 move toxic\n>p1 move spikes\n>p2 move stealthrock\n>p1 move rapidspin\n>p2 move voltswitch\n>p2 switch 4\n>p1 switch 3\n>p2 move rapidspin\n>p1 move kingsshield\n>p2 switch 2\n>p1 switch 4\n>p2 move knockoff\n>p1 switch 2\n>p2 move happyhour zmove\n>p1 move willowisp\n>p2 move knockoff\n>p1 move foulplay\n>p2 move knockoff\n>p1 switch 3\n>p1 move gyroball\n>p2 move superpower\n>p1 switch 4\n>p2 move superpower\n>p1 move kingsshield\n>p2 move knockoff","uploadtime":1569458376,"views":6,"p1id":"wolfwarrior","p2id":"bungusmcchungus","formatid":"gen7randombattle","rating":1488,"private":0,"password":null}