{"id":"gen7ou-950675318","p1":"Ban lando t guy jk","p2":"ladderingwithgucci","format":"gen7ou","log":"|j|\u2606Ban lando t guy jk\n|j|\u2606ladderingwithgucci\n|player|p1|Ban lando t guy jk|164|1679\n|player|p2|ladderingwithgucci|272|1636\n|teamsize|p1|6\n|teamsize|p2|6\n|gametype|singles\n|gen|7\n|tier|[Gen 7] OU\n|rated|\n|rule|Sleep Clause Mod: Limit one foe put to sleep\n|rule|Species Clause: Limit one of each Pok\u00e9mon\n|rule|OHKO Clause: OHKO moves are banned\n|rule|Moody Clause: Moody is banned\n|rule|Evasion Moves Clause: Evasion moves are banned\n|rule|Endless Battle Clause: Forcing endless battles is banned\n|rule|HP Percentage Mod: HP is shown in percentages\n|clearpoke\n|poke|p1|Swampert, M|item\n|poke|p1|Pelipper, F|item\n|poke|p1|Hawlucha, F|item\n|poke|p1|Ferrothorn, F|item\n|poke|p1|Tapu Koko|item\n|poke|p1|Greninja, F|item\n|poke|p2|Medicham, M|item\n|poke|p2|Rotom-Wash|item\n|poke|p2|Landorus-Therian, M|item\n|poke|p2|Greninja, M|item\n|poke|p2|Kartana|item\n|poke|p2|Magearna|item\n|teampreview\n|inactive|Battle timer is ON: inactive players will automatically lose when time's up. (requested by ladderingwithgucci)\n|inactive|Ban lando t guy jk also wants the timer to be on.\n|\n|start\n|switch|p1a: Tapu Koko|Tapu Koko|100\/100\n|switch|p2a: Medicham|Medicham, M|100\/100\n|-fieldstart|move: Electric Terrain|[from] ability: Electric Surge|[of] p1a: Tapu Koko\n|turn|1\n|\n|detailschange|p2a: Medicham|Medicham-Mega, M\n|-mega|p2a: Medicham|Medicham|Medichamite\n|move|p2a: Medicham|Fake Out|p1a: Tapu Koko\n|-damage|p1a: Tapu Koko|70\/100\n|cant|p1a: Tapu Koko|flinch\n|\n|upkeep\n|turn|2\n|\n|switch|p2a: Landorus|Landorus-Therian, M|100\/100\n|-ability|p2a: Landorus|Intimidate|boost\n|-unboost|p1a: Tapu Koko|atk|1\n|move|p1a: Tapu Koko|Dazzling Gleam|p2a: Landorus\n|-damage|p2a: Landorus|63\/100\n|\n|upkeep\n|turn|3\n|\n|switch|p1a: Ferrothorn|Ferrothorn, F|100\/100\n|switch|p2a: Magearna|Magearna|100\/100\n|\n|upkeep\n|turn|4\n|\n|move|p2a: Magearna|Focus Blast|p1a: Ferrothorn|[miss]\n|-miss|p2a: Magearna|p1a: Ferrothorn\n|move|p1a: Ferrothorn|Stealth Rock|p2a: Magearna\n|-sidestart|p2: ladderingwithgucci|move: Stealth Rock\n|\n|upkeep\n|turn|5\n|\n|switch|p1a: Pelipper|Pelipper, F|100\/100\n|-weather|RainDance|[from] ability: Drizzle|[of] p1a: Pelipper\n|move|p2a: Magearna|Focus Blast|p1a: Pelipper\n|-resisted|p1a: Pelipper\n|-damage|p1a: Pelipper|79\/100\n|\n|-weather|RainDance|[upkeep]\n|-fieldend|move: Electric Terrain\n|upkeep\n|turn|6\n|\n|switch|p1a: Swampert|Swampert, M|100\/100\n|move|p2a: Magearna|Fleur Cannon|p1a: Swampert\n|-damage|p1a: Swampert|39\/100\n|-unboost|p2a: Magearna|spa|2\n|\n|-weather|RainDance|[upkeep]\n|upkeep\n|turn|7\n|\n|switch|p2a: Rotom|Rotom-Wash|100\/100\n|-damage|p2a: Rotom|88\/100|[from] Stealth Rock\n|detailschange|p1a: Swampert|Swampert-Mega, M\n|-mega|p1a: Swampert|Swampert|Swampertite\n|move|p1a: Swampert|Waterfall|p2a: Rotom\n|-resisted|p2a: Rotom\n|-damage|p2a: Rotom|56\/100\n|\n|-weather|RainDance|[upkeep]\n|upkeep\n|turn|8\n|\n|switch|p1a: Ferrothorn|Ferrothorn, F|100\/100\n|move|p2a: Rotom|Will-O-Wisp|p1a: Ferrothorn\n|-status|p1a: Ferrothorn|brn\n|\n|-weather|RainDance|[upkeep]\n|-damage|p1a: Ferrothorn|94\/100 brn|[from] brn\n|upkeep\n|turn|9\n|\n|move|p2a: Rotom|Defog|p1a: Ferrothorn\n|-unboost|p1a: Ferrothorn|evasion|1\n|-sideend|p2: ladderingwithgucci|Stealth Rock|[from] move: Defog|[of] p2a: Rotom\n|move|p1a: Ferrothorn|Knock Off|p2a: Rotom\n|-damage|p2a: Rotom|48\/100\n|-enditem|p2a: Rotom|Iapapa Berry|[from] move: Knock Off|[of] p1a: Ferrothorn\n|\n|-weather|RainDance|[upkeep]\n|-damage|p1a: Ferrothorn|88\/100 brn|[from] brn\n|upkeep\n|turn|10\n|\n|switch|p2a: Landorus|Landorus-Therian, M|63\/100\n|-ability|p2a: Landorus|Intimidate|boost\n|-unboost|p1a: Ferrothorn|atk|1\n|move|p1a: Ferrothorn|Stealth Rock|p2a: Landorus\n|-sidestart|p2: ladderingwithgucci|move: Stealth Rock\n|\n|-weather|RainDance|[upkeep]\n|-damage|p1a: Ferrothorn|82\/100 brn|[from] brn\n|upkeep\n|turn|11\n|\n|move|p2a: Landorus|Stealth Rock|p1a: Ferrothorn\n|-sidestart|p1: Ban lando t guy jk|move: Stealth Rock\n|move|p1a: Ferrothorn|Spikes|p2a: Landorus\n|-sidestart|p2: ladderingwithgucci|Spikes\n|\n|-weather|RainDance|[upkeep]\n|-damage|p1a: Ferrothorn|75\/100 brn|[from] brn\n|upkeep\n|turn|12\n|\n|move|p2a: Landorus|Earthquake|p1a: Ferrothorn\n|-damage|p1a: Ferrothorn|46\/100 brn\n|move|p1a: Ferrothorn|Spikes|p2a: Landorus\n|-sidestart|p2: ladderingwithgucci|Spikes\n|\n|-weather|none\n|-damage|p1a: Ferrothorn|39\/100 brn|[from] brn\n|upkeep\n|turn|13\n|\n|switch|p1a: Pelipper|Pelipper, F|79\/100\n|-damage|p1a: Pelipper|54\/100|[from] Stealth Rock\n|-weather|RainDance|[from] ability: Drizzle|[of] p1a: Pelipper\n|move|p2a: Landorus|Earthquake|p1a: Pelipper\n|-immune|p1a: Pelipper\n|\n|-weather|RainDance|[upkeep]\n|upkeep\n|turn|14\n|\n|switch|p1a: Ferrothorn|Ferrothorn, F|39\/100 brn\n|-damage|p1a: Ferrothorn|33\/100 brn|[from] Stealth Rock\n|-zpower|p2a: Landorus\n|move|p2a: Landorus|Supersonic Skystrike|p1a: Ferrothorn|[zeffect]\n|-damage|p1a: Ferrothorn|0 fnt\n|faint|p1a: Ferrothorn\n|\n|-weather|RainDance|[upkeep]\n|upkeep\n|\n|switch|p1a: Swampert|Swampert-Mega, M|39\/100\n|-damage|p1a: Swampert|32\/100|[from] Stealth Rock\n|turn|15\n|\n|move|p1a: Swampert|Waterfall|p2a: Landorus\n|-supereffective|p2a: Landorus\n|-damage|p2a: Landorus|0 fnt\n|faint|p2a: Landorus\n|\n|-weather|RainDance|[upkeep]\n|upkeep\n|\n|switch|p2a: Kartana|Kartana|100\/100\n|-damage|p2a: Kartana|84\/100|[from] Spikes\n|-damage|p2a: Kartana|78\/100|[from] Stealth Rock\n|turn|16\n|\n|switch|p1a: Tapu Koko|Tapu Koko|70\/100\n|-damage|p1a: Tapu Koko|57\/100|[from] Stealth Rock\n|-fieldstart|move: Electric Terrain|[from] ability: Electric Surge|[of] p1a: Tapu Koko\n|move|p2a: Kartana|Leaf Blade|p1a: Tapu Koko\n|-crit|p1a: Tapu Koko\n|-damage|p1a: Tapu Koko|0 fnt\n|faint|p1a: Tapu Koko\n|-ability|p2a: Kartana|Beast Boost|boost\n|-boost|p2a: Kartana|atk|1\n|\n|-weather|RainDance|[upkeep]\n|upkeep\n|\n|switch|p1a: Hawlucha|Hawlucha, F|100\/100\n|-damage|p1a: Hawlucha|88\/100|[from] Stealth Rock\n|-enditem|p1a: Hawlucha|Electric Seed\n|-boost|p1a: Hawlucha|def|1\n|turn|17\n|\n|move|p1a: Hawlucha|Swords Dance|p1a: Hawlucha\n|-boost|p1a: Hawlucha|atk|2\n|move|p2a: Kartana|Leaf Blade|p1a: Hawlucha\n|-resisted|p1a: Hawlucha\n|-damage|p1a: Hawlucha|48\/100\n|\n|-weather|RainDance|[upkeep]\n|upkeep\n|turn|18\n|\n|move|p1a: Hawlucha|Acrobatics|p2a: Kartana\n|-crit|p2a: Kartana\n|-damage|p2a: Kartana|0 fnt\n|faint|p2a: Kartana\n|\n|-weather|RainDance|[upkeep]\n|upkeep\n|\n|switch|p2a: Greninja|Greninja, M|100\/100\n|-damage|p2a: Greninja|88\/100|[from] Stealth Rock\n|-damage|p2a: Greninja|72\/100|[from] Spikes\n|turn|19\n|\n|switch|p1a: Greninja|Greninja, F|100\/100\n|-damage|p1a: Greninja|88\/100|[from] Stealth Rock\n|move|p2a: Greninja|Water Shuriken|p1a: Greninja\n|-resisted|p1a: Greninja\n|-damage|p1a: Greninja|77\/100\n|-resisted|p1a: Greninja\n|-damage|p1a: Greninja|65\/100\n|-resisted|p1a: Greninja\n|-damage|p1a: Greninja|53\/100\n|-resisted|p1a: Greninja\n|-damage|p1a: Greninja|40\/100\n|-resisted|p1a: Greninja\n|-damage|p1a: Greninja|28\/100\n|-hitcount|p1a: Greninja|5\n|\n|-weather|RainDance|[upkeep]\n|upkeep\n|turn|20\n|\n|move|p2a: Greninja|Water Shuriken|p1a: Greninja\n|-resisted|p1a: Greninja\n|-damage|p1a: Greninja|15\/100\n|-resisted|p1a: Greninja\n|-damage|p1a: Greninja|3\/100\n|-resisted|p1a: Greninja\n|-damage|p1a: Greninja|0 fnt\n|-hitcount|p1a: Greninja|3\n|faint|p1a: Greninja\n|-activate|p2a: Greninja|ability: Battle Bond\n|detailschange|p2a: Greninja|Greninja-Ash, M\n|\n|-weather|none\n|-fieldend|move: Electric Terrain\n|upkeep\n|-message|Ban lando t guy jk forfeited.\n|\n|win|ladderingwithgucci\n|l|\u2606Ban lando t guy jk\n","uploadtime":1564109016,"views":13,"p1id":"banlandotguyjk","p2id":"ladderingwithgucci","formatid":"gen7ou","rating":0,"private":0,"password":null}