{"id":"gen7ou-742662283","p1":"Tikarah","p2":"H4WT \u272f","format":"gen7ou","log":"|j|\u2606Tikarah\n|j|\u2606H4WT \u272f\n|player|p1|Tikarah|122\n|player|p2|H4WT \u272f|266\n|teamsize|p1|6\n|teamsize|p2|6\n|gametype|singles\n|gen|7\n|tier|[Gen 7] OU\n|rated|Tournament battle\n|rule|Sleep Clause Mod: Limit one foe put to sleep\n|rule|Species Clause: Limit one of each Pok\u00e9mon\n|rule|OHKO Clause: OHKO moves are banned\n|rule|Moody Clause: Moody is banned\n|rule|Evasion Moves Clause: Evasion moves are banned\n|rule|Endless Battle Clause: Forcing endless battles is banned\n|rule|HP Percentage Mod: HP is shown in percentages\n|clearpoke\n|poke|p1|Tapu Lele|item\n|poke|p1|Necrozma|item\n|poke|p1|Nidoking, M|item\n|poke|p1|Ferrothorn, M|item\n|poke|p1|Starmie|item\n|poke|p1|Beedrill, M|item\n|poke|p2|Hoopa-Unbound|item\n|poke|p2|Landorus-Therian, M|item\n|poke|p2|Chansey, F|item\n|poke|p2|Mantine, F|item\n|poke|p2|Breloom, M|item\n|poke|p2|Victini|item\n|teampreview\n|c|\u2606Tikarah|Gl hf.\n|c|\u2606H4WT \u272f|hf\n|\n|start\n|switch|p1a: Beedrill|Beedrill, M|100\/100\n|switch|p2a: Victini|Victini|100\/100\n|turn|1\n|\n|-mega|p1a: Beedrill|Beedrill|Beedrillite\n|detailschange|p1a: Beedrill|Beedrill-Mega, M\n|move|p2a: Victini|V-create|p1a: Beedrill\n|-supereffective|p1a: Beedrill\n|-crit|p1a: Beedrill\n|-damage|p1a: Beedrill|0 fnt\n|-unboost|p2a: Victini|spe|1\n|-unboost|p2a: Victini|def|1\n|-unboost|p2a: Victini|spd|1\n|faint|p1a: Beedrill\n|\n|upkeep\n|j|@l0ckjaw\n|c|\u2606Tikarah|Ok, um set Scarf que eu n\u00e3o vejo faz tempo.\n|\n|switch|p1a: Starmie|Starmie|100\/100\n|turn|2\n|c|\u2606H4WT \u272f|mano\n|c|\u2606H4WT \u272f|\u00e9 meme\n|c|\u2606H4WT \u272f|._\n|\n|switch|p1a: Tapu Lele|Tapu Lele|100\/100\n|-fieldstart|move: Psychic Terrain|[from] ability: Psychic Surge|[of] p1a: Tapu Lele\n|switch|p2a: Chansey|Chansey, F|100\/100\n|\n|upkeep\n|turn|3\n|\n|switch|p1a: Nidoking|Nidoking, M|100\/100\n|switch|p2a: Victini|Victini|100\/100\n|\n|upkeep\n|turn|4\n|\n|move|p2a: Victini|V-create|p1a: Nidoking\n|-damage|p1a: Nidoking|0 fnt\n|-unboost|p2a: Victini|spe|1\n|-unboost|p2a: Victini|def|1\n|-unboost|p2a: Victini|spd|1\n|faint|p1a: Nidoking\n|\n|upkeep\n|j| pedrohhs1\n|\n|switch|p1a: Necrozma|Necrozma|100\/100\n|turn|5\n|\n|switch|p2a: Landorus|Landorus-Therian, M|100\/100\n|-ability|p2a: Landorus|Intimidate|boost\n|-unboost|p1a: Necrozma|atk|1\n|move|p1a: Necrozma|Psyshock|p2a: Landorus\n|-damage|p2a: Landorus|29\/100\n|\n|upkeep\n|turn|6\n|j| LuckyRyu\n|\n|move|p1a: Necrozma|Psyshock|p2a: Landorus\n|-damage|p2a: Landorus|0 fnt\n|faint|p2a: Landorus\n|\n|-fieldend|move: Psychic Terrain\n|upkeep\n|\n|switch|p2a: Hoopa|Hoopa-Unbound|100\/100\n|turn|7\n|\n|switch|p1a: Ferrothorn|Ferrothorn, M|100\/100\n|move|p2a: Hoopa|Hyperspace Fury|p1a: Ferrothorn\n|-damage|p1a: Ferrothorn|46\/100\n|-unboost|p2a: Hoopa|def|1\n|\n|-heal|p1a: Ferrothorn|52\/100|[from] item: Leftovers\n|upkeep\n|turn|8\n|\n|move|p2a: Hoopa|Hyperspace Fury|p1a: Ferrothorn\n|-damage|p1a: Ferrothorn|0 fnt\n|-unboost|p2a: Hoopa|def|1\n|faint|p1a: Ferrothorn\n|\n|upkeep\n|\n|switch|p1a: Tapu Lele|Tapu Lele|100\/100\n|-fieldstart|move: Psychic Terrain|[from] ability: Psychic Surge|[of] p1a: Tapu Lele\n|turn|9\n|\n|switch|p1a: Necrozma|Necrozma|100\/100\n|switch|p2a: Mantine|Mantine, F|100\/100\n|\n|upkeep\n|turn|10\n|\n|move|p1a: Necrozma|Prismatic Laser|p2a: Mantine\n|-damage|p2a: Mantine|0 fnt\n|faint|p2a: Mantine\n|\n|upkeep\n|\n|switch|p2a: Hoopa|Hoopa-Unbound|100\/100\n|turn|11\n|-mustrecharge|p1a: Necrozma\n|-mustrecharge|p1a: Necrozma\n|-mustrecharge|p1a: Necrozma\n|\n|move|p2a: Hoopa|Hyperspace Fury|p1a: Necrozma\n|-supereffective|p1a: Necrozma\n|-damage|p1a: Necrozma|0 fnt\n|-unboost|p2a: Hoopa|def|1\n|faint|p1a: Necrozma\n|\n|upkeep\n|\n|switch|p1a: Tapu Lele|Tapu Lele|100\/100\n|turn|12\n|\n|switch|p2a: Breloom|Breloom, M|100\/100\n|move|p1a: Tapu Lele|Moonblast|p2a: Breloom\n|-supereffective|p2a: Breloom\n|-damage|p2a: Breloom|0 fnt\n|faint|p2a: Breloom\n|\n|upkeep\n|\n|switch|p2a: Victini|Victini|100\/100\n|turn|13\n|\n|switch|p1a: Starmie|Starmie|100\/100\n|move|p2a: Victini|V-create|p1a: Starmie\n|-resisted|p1a: Starmie\n|-damage|p1a: Starmie|53\/100\n|-unboost|p2a: Victini|spe|1\n|-unboost|p2a: Victini|def|1\n|-unboost|p2a: Victini|spd|1\n|\n|-heal|p1a: Starmie|59\/100|[from] item: Leftovers\n|-fieldend|move: Psychic Terrain\n|upkeep\n|turn|14\n|\n|switch|p2a: Chansey|Chansey, F|100\/100\n|move|p1a: Starmie|Toxic|p2a: Chansey\n|-status|p2a: Chansey|tox\n|\n|-heal|p1a: Starmie|65\/100|[from] item: Leftovers\n|-damage|p2a: Chansey|94\/100 tox|[from] psn\n|upkeep\n|turn|15\n|\n|move|p1a: Starmie|Recover|p1a: Starmie\n|-heal|p1a: Starmie|100\/100\n|move|p2a: Chansey|Thunder Wave|p1a: Starmie\n|-status|p1a: Starmie|par\n|\n|-damage|p2a: Chansey|82\/100 tox|[from] psn\n|upkeep\n|turn|16\n|\n|switch|p1a: Tapu Lele|Tapu Lele|100\/100\n|-fieldstart|move: Psychic Terrain|[from] ability: Psychic Surge|[of] p1a: Tapu Lele\n|move|p2a: Chansey|Wish|p2a: Chansey\n|\n|-damage|p2a: Chansey|64\/100 tox|[from] psn\n|upkeep\n|turn|17\n|\n|switch|p1a: Starmie|Starmie|100\/100\n|move|p2a: Chansey|Thunder Wave|p1a: Starmie\n|-status|p1a: Starmie|par\n|\n|-heal|p2a: Chansey|100\/100 tox|[from] move: Wish|[wisher] Chansey\n|-damage|p2a: Chansey|76\/100 tox|[from] psn\n|upkeep\n|turn|18\n|\n|switch|p2a: Hoopa|Hoopa-Unbound|100\/100\n|move|p1a: Starmie|Scald|p2a: Hoopa\n|-damage|p2a: Hoopa|77\/100\n|\n|upkeep\n|turn|19\n|c|\u2606Tikarah|Saudades burn.\n|c|\u2606H4WT \u272f|eu sou bad por essa play e.e\n|j| R y L o n~\n|\n|-curestatus|p1a: Starmie|par|[from] ability: Natural Cure\n|switch|p1a: Tapu Lele|Tapu Lele|100\/100\n|move|p2a: Hoopa|Hyperspace Fury|p1a: Tapu Lele\n|-damage|p1a: Tapu Lele|0 fnt\n|-unboost|p2a: Hoopa|def|1\n|faint|p1a: Tapu Lele\n|\n|upkeep\n|j| Sas0 \u30c4\n|\n|switch|p1a: Starmie|Starmie|100\/100\n|turn|20\n|\n|move|p1a: Starmie|Scald|p2a: Hoopa\n|-damage|p2a: Hoopa|53\/100\n|move|p2a: Hoopa|Hyperspace Fury|p1a: Starmie\n|-supereffective|p1a: Starmie\n|-damage|p1a: Starmie|0 fnt\n|-unboost|p2a: Hoopa|def|1\n|faint|p1a: Starmie\n|\n|win|H4WT \u272f\n|l| pedrohhs1\n|c|\u2606Tikarah|Gg.\n|l| Sas0 \u30c4\n","inputlog":null,"uploadtime":1525481367,"views":42,"p1id":"tikarah","p2id":"h4wt","formatid":"gen7ou","rating":0,"private":0,"password":null}