{"id":"gen7ou-601197945","p1":"ja siggi","p2":"Pokefreak77","format":"gen7ou","log":"|j|ja siggi\n|j|Pokefreak77\n|player|p1|ja siggi|195\n|teamsize|p1|6\n|player|p2|Pokefreak77|#zinnia\n|teamsize|p2|6\n|gametype|singles\n|gen|7\n|tier|[Gen 7] OU\n|rated\n|seed|17142,13942,4706,39830\n|clearpoke\n|poke|p1|Greninja, M|item\n|poke|p1|Toxapex, F|item\n|poke|p1|Excadrill, M|item\n|poke|p1|Tyranitar, M|item\n|poke|p1|Celesteela|item\n|poke|p1|Clefable, F|item\n|poke|p2|Pelipper, M|item\n|poke|p2|Kingdra, F|item\n|poke|p2|Ferrothorn, M|item\n|poke|p2|Medicham, F|item\n|poke|p2|Tapu Koko|item\n|poke|p2|Landorus-Therian, M|item\n|rule|Sleep Clause Mod: Limit one foe put to sleep\n|rule|Species Clause: Limit one of each Pok\u00e9mon\n|rule|OHKO Clause: OHKO moves are banned\n|rule|Moody Clause: Moody is banned\n|rule|Evasion Moves Clause: Evasion moves are banned\n|rule|Endless Battle Clause: Forcing endless battles is banned\n|rule|HP Percentage Mod: HP is shown in percentages\n|teampreview\n|choice|team 2, team 1, team 3, team 4, team 5, team 6|team 5, team 2, team 3, team 4, team 1, team 6\n|\n|start\n|switch|p1a: Toxapex|Toxapex, F|303\/303\n|switch|p2a: Tapu Koko|Tapu Koko|281\/281\n|-fieldstart|move: Electric Terrain|[from] ability: Electric Surge|[of] p2a: Tapu Koko\n|turn|1\n|choice|move toxicspikes|move uturn\n|\n|move|p2a: Tapu Koko|U-turn|p1a: Toxapex\n|-resisted|p1a: Toxapex\n|-damage|p1a: Toxapex|285\/303\n|choice||switch 3\n|\n|switch|p2a: Ferrothorn|Ferrothorn, M|351\/351\n|move|p1a: Toxapex|Toxic Spikes|p2a: Ferrothorn\n|-sidestart|p2: Pokefreak77|move: Toxic Spikes\n|\n|upkeep\n|turn|2\n|j|burn the city down\n|j|uu open test\n|choice|switch 6|move knockoff\n|\n|switch|p1a: Clefable|Clefable, F|394\/394\n|move|p2a: Ferrothorn|Knock Off|p1a: Clefable\n|-resisted|p1a: Clefable\n|-damage|p1a: Clefable|365\/394\n|-enditem|p1a: Clefable|Leftovers|[from] move: Knock Off|[of] p2a: Ferrothorn\n|\n|upkeep\n|turn|3\n|c| i bims der crit|hy\n|choice|move stealthrock|move gyroball\n|\n|move|p1a: Clefable|Stealth Rock|p2a: Ferrothorn\n|-sidestart|p2: Pokefreak77|move: Stealth Rock\n|move|p2a: Ferrothorn|Gyro Ball|p1a: Clefable\n|-supereffective|p1a: Clefable\n|-damage|p1a: Clefable|209\/394\n|\n|upkeep\n|turn|4\n|choice|move softboiled|switch 5\n|\n|switch|p2a: Pelipper|Pelipper, M|323\/323\n|-damage|p2a: Pelipper|243\/323|[from] Stealth Rock\n|-weather|RainDance|[from] ability: Drizzle|[of] p2a: Pelipper\n|move|p1a: Clefable|Soft-Boiled|p1a: Clefable\n|-heal|p1a: Clefable|394\/394\n|\n|-weather|RainDance|[upkeep]\n|upkeep\n|turn|5\n|j|Emre Mor 9\n|c| burn the city down|so we sacking our rain counter now\n|choice|switch 6|move defog\n|\n|switch|p1a: Toxapex|Toxapex, F|303\/303\n|move|p2a: Pelipper|Defog|p1a: Toxapex\n|-unboost|p1a: Toxapex|evasion|1\n|-sideend|p2: Pokefreak77|Toxic Spikes|[from] move: Defog|[of] p2a: Pelipper\n|-sideend|p2: Pokefreak77|Stealth Rock|[from] move: Defog|[of] p2a: Pelipper\n|\n|-weather|RainDance|[upkeep]\n|-fieldend|move: Electric Terrain\n|upkeep\n|turn|6\n|choice|move toxicspikes|move scald\n|\n|move|p2a: Pelipper|Scald|p1a: Toxapex\n|-resisted|p1a: Toxapex\n|-damage|p1a: Toxapex|265\/303\n|move|p1a: Toxapex|Toxic Spikes|p2a: Pelipper\n|-sidestart|p2: Pokefreak77|move: Toxic Spikes\n|\n|-weather|RainDance|[upkeep]\n|upkeep\n|turn|7\n|choice|move toxic|move defog\n|\n|move|p2a: Pelipper|Defog|p1a: Toxapex\n|-unboost|p1a: Toxapex|evasion|1\n|-sideend|p2: Pokefreak77|Toxic Spikes|[from] move: Defog|[of] p2a: Pelipper\n|move|p1a: Toxapex|Toxic|p2a: Pelipper\n|-status|p2a: Pelipper|tox\n|\n|-weather|RainDance|[upkeep]\n|-damage|p2a: Pelipper|223\/323 tox|[from] psn\n|upkeep\n|turn|8\n|choice|move toxicspikes|switch 3\n|\n|switch|p2a: Tapu Koko|Tapu Koko|281\/281\n|-fieldstart|move: Electric Terrain|[from] ability: Electric Surge|[of] p2a: Tapu Koko\n|move|p1a: Toxapex|Toxic Spikes|p2a: Tapu Koko\n|-sidestart|p2: Pokefreak77|move: Toxic Spikes\n|\n|-weather|RainDance|[upkeep]\n|upkeep\n|turn|9\n|choice|switch 3|move uturn\n|\n|switch|p1a: Excadrill|Excadrill, M|362\/362\n|move|p2a: Tapu Koko|U-turn|p1a: Excadrill\n|-resisted|p1a: Excadrill\n|-damage|p1a: Excadrill|324\/362\n|choice||switch 6\n|\n|switch|p2a: Landorus|Landorus-Therian, M|319\/319\n|-ability|p2a: Landorus|Intimidate|boost\n|-unboost|p1a: Excadrill|atk|1\n|\n|-weather|RainDance|[upkeep]\n|upkeep\n|turn|10\n|choice|switch 5|move smackdown\n|\n|switch|p1a: Celesteela|Celesteela|397\/397\n|move|p2a: Landorus|Smack Down|p1a: Celesteela\n|-damage|p1a: Celesteela|349\/397\n|-start|p1a: Celesteela|Smack Down\n|\n|-weather|RainDance|[upkeep]\n|-heal|p1a: Celesteela|373\/397|[from] item: Leftovers\n|upkeep\n|turn|11\n|choice|move heavyslam|move stealthrock\n|\n|move|p2a: Landorus|Stealth Rock|p1a: Celesteela\n|-sidestart|p1: ja siggi|move: Stealth Rock\n|move|p1a: Celesteela|Heavy Slam|p2a: Landorus\n|-damage|p2a: Landorus|162\/319\n|\n|-weather|none\n|-heal|p1a: Celesteela|397\/397|[from] item: Leftovers\n|upkeep\n|turn|12\n|choice|move heavyslam|move earthquake\n|\n|move|p2a: Landorus|Earthquake|p1a: Celesteela\n|-supereffective|p1a: Celesteela\n|-damage|p1a: Celesteela|121\/397\n|move|p1a: Celesteela|Heavy Slam|p2a: Landorus\n|-damage|p2a: Landorus|11\/319\n|\n|-heal|p1a: Celesteela|145\/397|[from] item: Leftovers\n|-fieldend|move: Electric Terrain\n|upkeep\n|turn|13\n|choice|move leechseed|move earthquake\n|\n|move|p2a: Landorus|Earthquake|p1a: Celesteela\n|-supereffective|p1a: Celesteela\n|-damage|p1a: Celesteela|0 fnt\n|faint|p1a: Celesteela\n|\n|upkeep\n|choice|switch 5|\n|\n|switch|p1a: Excadrill|Excadrill, M|324\/362\n|-damage|p1a: Excadrill|313\/362|[from] Stealth Rock\n|turn|14\n|choice|move rapidspin|switch 5\n|\n|switch|p2a: Ferrothorn|Ferrothorn, M|351\/351\n|move|p1a: Excadrill|Rapid Spin|p2a: Ferrothorn\n|-resisted|p2a: Ferrothorn\n|-damage|p2a: Ferrothorn|342\/351\n|-damage|p1a: Excadrill|268\/362|[from] ability: Iron Barbs|[of] p2a: Ferrothorn\n|-sideend|p1: ja siggi|Stealth Rock|[from] move: Rapid Spin|[of] p1a: Excadrill\n|\n|upkeep\n|turn|15\n|choice|switch 6|move gyroball\n|\n|switch|p1a: Clefable|Clefable, F|394\/394\n|move|p2a: Ferrothorn|Gyro Ball|p1a: Clefable\n|-supereffective|p1a: Clefable\n|-damage|p1a: Clefable|226\/394\n|\n|upkeep\n|turn|16\n|choice|move moonblast|switch 3\n|\n|switch|p2a: Pelipper|Pelipper, M|223\/323 tox\n|-weather|RainDance|[from] ability: Drizzle|[of] p2a: Pelipper\n|move|p1a: Clefable|Moonblast|p2a: Pelipper\n|-damage|p2a: Pelipper|123\/323 tox\n|\n|-weather|RainDance|[upkeep]\n|-damage|p2a: Pelipper|103\/323 tox|[from] psn\n|upkeep\n|turn|17\n|choice|move softboiled|move roost\n|\n|move|p2a: Pelipper|Roost|p2a: Pelipper\n|-heal|p2a: Pelipper|265\/323 tox\n|move|p1a: Clefable|Soft-Boiled|p1a: Clefable\n|-heal|p1a: Clefable|394\/394\n|\n|-weather|RainDance|[upkeep]\n|-damage|p2a: Pelipper|225\/323 tox|[from] psn\n|upkeep\n|turn|18\n|choice|move stealthrock|move defog\n|\n|move|p2a: Pelipper|Defog|p1a: Clefable\n|-unboost|p1a: Clefable|evasion|1\n|-sideend|p2: Pokefreak77|Toxic Spikes|[from] move: Defog|[of] p2a: Pelipper\n|move|p1a: Clefable|Stealth Rock|p2a: Pelipper\n|-sidestart|p2: Pokefreak77|move: Stealth Rock\n|\n|-weather|RainDance|[upkeep]\n|-damage|p2a: Pelipper|165\/323 tox|[from] psn\n|upkeep\n|turn|19\n|choice|move moonblast|move uturn\n|\n|move|p2a: Pelipper|U-turn|p1a: Clefable\n|-resisted|p1a: Clefable\n|-damage|p1a: Clefable|381\/394\n|choice||switch 6\n|\n|switch|p2a: Tapu Koko|Tapu Koko|281\/281\n|-damage|p2a: Tapu Koko|246\/281|[from] Stealth Rock\n|-fieldstart|move: Electric Terrain|[from] ability: Electric Surge|[of] p2a: Tapu Koko\n|move|p1a: Clefable|Moonblast|p2a: Tapu Koko\n|-damage|p2a: Tapu Koko|101\/281\n|\n|-weather|RainDance|[upkeep]\n|upkeep\n|turn|20\n|choice|switch 6|move thunder\n|\n|switch|p1a: Excadrill|Excadrill, M|268\/362\n|move|p2a: Tapu Koko|Thunder|p1a: Excadrill\n|-immune|p1a: Excadrill|[msg]\n|\n|-weather|RainDance|[upkeep]\n|upkeep\n|turn|21\n|choice|move swordsdance|move uturn\n|\n|move|p2a: Tapu Koko|U-turn|p1a: Excadrill\n|-resisted|p1a: Excadrill\n|-damage|p1a: Excadrill|224\/362\n|choice||switch 3\n|\n|switch|p2a: Ferrothorn|Ferrothorn, M|342\/351\n|-damage|p2a: Ferrothorn|321\/351|[from] Stealth Rock\n|move|p1a: Excadrill|Swords Dance|p1a: Excadrill\n|-boost|p1a: Excadrill|atk|2\n|\n|-weather|RainDance|[upkeep]\n|upkeep\n|turn|22\n|choice|move earthquake|switch 5\n|\n|switch|p2a: Landorus|Landorus-Therian, M|11\/319\n|-damage|p2a: Landorus|0 fnt|[from] Stealth Rock\n|faint|p2a: Landorus\n|move|p1a: Excadrill|Earthquake|p2: Landorus|[notarget]\n|-notarget\n|\n|-weather|RainDance|[upkeep]\n|upkeep\n|choice||switch 4\n|\n|switch|p2a: Medicham|Medicham, F|261\/261\n|-damage|p2a: Medicham|245\/261|[from] Stealth Rock\n|turn|23\n|choice|switch 6|move highjumpkick mega\n|\n|switch|p1a: Clefable|Clefable, F|381\/394\n|detailschange|p2a: Medicham|Medicham-Mega, F\n|-mega|p2a: Medicham|Medicham|Medichamite\n|move|p2a: Medicham|High Jump Kick|p1a: Clefable\n|-resisted|p1a: Clefable\n|-damage|p1a: Clefable|201\/394\n|\n|-weather|none\n|-fieldend|move: Electric Terrain\n|upkeep\n|turn|24\n|choice|move softboiled|move megakick\n|\n|move|p2a: Medicham|Mega Kick|p1a: Clefable\n|-crit|p1a: Clefable\n|-damage|p1a: Clefable|0 fnt\n|faint|p1a: Clefable\n|\n|upkeep\n|choice|switch 2|\n|\n|switch|p1a: Greninja|Greninja, M|285\/285\n|turn|25\n|choice|move darkpulse|switch 5\n|\n|switch|p2a: Ferrothorn|Ferrothorn, M|321\/351\n|-damage|p2a: Ferrothorn|300\/351|[from] Stealth Rock\n|move|p1a: Greninja|Dark Pulse|p2a: Ferrothorn\n|-damage|p2a: Ferrothorn|164\/351\n|\n|upkeep\n|turn|26\n|choice|switch 6|move thunderwave\n|\n|switch|p1a: Excadrill|Excadrill, M|224\/362\n|move|p2a: Ferrothorn|Thunder Wave|p1a: Excadrill\n|-immune|p1a: Excadrill|[msg]\n|\n|upkeep\n|turn|27\n|choice|move earthquake|move spikes\n|\n|move|p1a: Excadrill|Earthquake|p2a: Ferrothorn\n|-damage|p2a: Ferrothorn|26\/351\n|move|p2a: Ferrothorn|Spikes|p1a: Excadrill\n|-sidestart|p1: ja siggi|Spikes\n|\n|upkeep\n|turn|28\n|choice|move rapidspin|move spikes\n|\n|move|p1a: Excadrill|Rapid Spin|p2a: Ferrothorn\n|-resisted|p2a: Ferrothorn\n|-damage|p2a: Ferrothorn|17\/351\n|-damage|p1a: Excadrill|179\/362|[from] ability: Iron Barbs|[of] p2a: Ferrothorn\n|-sideend|p1: ja siggi|Spikes|[from] move: Rapid Spin|[of] p1a: Excadrill\n|move|p2a: Ferrothorn|Spikes|p1a: Excadrill\n|-sidestart|p1: ja siggi|Spikes\n|\n|upkeep\n|turn|29\n|choice|move rapidspin|switch 5\n|\n|switch|p2a: Medicham|Medicham-Mega, F|245\/261\n|-damage|p2a: Medicham|229\/261|[from] Stealth Rock\n|move|p1a: Excadrill|Rapid Spin|p2a: Medicham\n|-damage|p2a: Medicham|199\/261\n|-sideend|p1: ja siggi|Spikes|[from] move: Rapid Spin|[of] p1a: Excadrill\n|\n|upkeep\n|turn|30\n|choice|move ironhead zmove|move megakick\n|\n|move|p2a: Medicham|Mega Kick|p1a: Excadrill\n|-resisted|p1a: Excadrill\n|-damage|p1a: Excadrill|15\/362\n|-zpower|p1a: Excadrill\n|move|p1a: Excadrill|Corkscrew Crash|p2a: Medicham|[zeffect]\n|-damage|p2a: Medicham|0 fnt\n|faint|p2a: Medicham\n|\n|upkeep\n|choice||switch 3\n|\n|switch|p2a: Tapu Koko|Tapu Koko|101\/281\n|-damage|p2a: Tapu Koko|66\/281|[from] Stealth Rock\n|-fieldstart|move: Electric Terrain|[from] ability: Electric Surge|[of] p2a: Tapu Koko\n|turn|31\n|choice|switch 4|move hiddenpower\n|\n|switch|p1a: Tyranitar|Tyranitar, M|341\/341\n|-weather|Sandstorm|[from] ability: Sand Stream|[of] p1a: Tyranitar\n|move|p2a: Tapu Koko|Hidden Power|p1a: Tyranitar\n|-damage|p1a: Tyranitar|299\/341\n|\n|-weather|Sandstorm|[upkeep]\n|-damage|p2a: Tapu Koko|49\/281|[from] sandstorm\n|upkeep\n|turn|32\n|choice|move icepunch mega|move uturn\n|\n|detailschange|p1a: Tyranitar|Tyranitar-Mega, M\n|-mega|p1a: Tyranitar|Tyranitar|Tyranitarite\n|move|p2a: Tapu Koko|U-turn|p1a: Tyranitar\n|-supereffective|p1a: Tyranitar\n|-damage|p1a: Tyranitar|221\/341\n|choice||switch 6\n|\n|switch|p2a: Pelipper|Pelipper, M|165\/323 tox\n|-damage|p2a: Pelipper|85\/323 tox|[from] Stealth Rock\n|-weather|RainDance|[from] ability: Drizzle|[of] p2a: Pelipper\n|move|p1a: Tyranitar|Ice Punch|p2a: Pelipper\n|-damage|p2a: Pelipper|0 fnt\n|faint|p2a: Pelipper\n|\n|-weather|RainDance|[upkeep]\n|upkeep\n|choice||switch 2\n|\n|switch|p2a: Kingdra|Kingdra, F|291\/291\n|-damage|p2a: Kingdra|255\/291|[from] Stealth Rock\n|turn|33\n|choice|switch 3|move hydropump\n|\n|switch|p1a: Toxapex|Toxapex, F|303\/303\n|move|p2a: Kingdra|Hydro Pump|p1a: Toxapex\n|-resisted|p1a: Toxapex\n|-damage|p1a: Toxapex|194\/303\n|\n|-weather|RainDance|[upkeep]\n|upkeep\n|turn|34\n|choice|move recover|move hydropump\n|\n|move|p2a: Kingdra|Hydro Pump|p1a: Toxapex\n|-resisted|p1a: Toxapex\n|-damage|p1a: Toxapex|91\/303\n|move|p1a: Toxapex|Recover|p1a: Toxapex\n|-heal|p1a: Toxapex|243\/303\n|\n|-weather|RainDance|[upkeep]\n|upkeep\n|turn|35\n|-message|Pokefreak77 forfeited.\n|\n|win|ja siggi\n|l|i bims der crit\n|raw|ja siggi's rating: 1811 &rarr; <strong>1831<\/strong><br \/>(+20 for winning)\n|raw|Pokefreak77's rating: 1803 &rarr; <strong>1783<\/strong><br \/>(-20 for losing)","inputlog":null,"uploadtime":1499535340,"views":3,"p1id":"jasiggi","p2id":"pokefreak77","formatid":"gen7ou","rating":1783,"private":0,"password":null}