{"id":"gen7ou-587392464","p1":"I'm back from mars","p2":"darius45","format":"gen7ou","log":"|j|I'm back from mars\n|j|darius45\n|player|p1|I'm back from mars|128\n|teamsize|p1|6\n|player|p2|darius45|201\n|teamsize|p2|6\n|gametype|singles\n|gen|7\n|tier|[Gen 7] OU\n|rated\n|seed|47831,28980,459,8445\n|clearpoke\n|poke|p1|Manectric, M|item\n|poke|p1|Landorus-Therian, M|item\n|poke|p1|Tapu Fini|item\n|poke|p1|Tangrowth, M|item\n|poke|p1|Magearna|item\n|poke|p1|Zygarde|item\n|poke|p2|Heracross, M|item\n|poke|p2|Tapu Koko, shiny|item\n|poke|p2|Jirachi|item\n|poke|p2|Greninja, M|item\n|poke|p2|Landorus-Therian, M|item\n|poke|p2|Goodra, F|item\n|rule|Sleep Clause Mod: Limit one foe put to sleep\n|rule|Species Clause: Limit one of each Pok\u00e9mon\n|rule|OHKO Clause: OHKO moves are banned\n|rule|Moody Clause: Moody is banned\n|rule|Evasion Moves Clause: Evasion moves are banned\n|rule|Endless Battle Clause: Forcing endless battles is banned\n|rule|HP Percentage Mod: HP is shown in percentages\n|teampreview\n|j|Shadowisp\n|choice|team 2, team 1, team 3, team 4, team 5, team 6|team 5, team 2, team 3, team 4, team 1, team 6\n|\n|start\n|switch|p1a: Landorus|Landorus-Therian, M|331\/331\n|switch|p2a: Landorus|Landorus-Therian, M|381\/381\n|-ability|p1a: Landorus|Intimidate|boost\n|-unboost|p2a: Landorus|atk|1\n|-ability|p2a: Landorus|Intimidate|boost\n|-unboost|p1a: Landorus|atk|1\n|turn|1\n|choice|move stealthrock|move stealthrock\n|\n|move|p1a: Landorus|Stealth Rock|p2a: Landorus\n|-sidestart|p2: darius45|move: Stealth Rock\n|move|p2a: Landorus|Stealth Rock|p1a: Landorus\n|-sidestart|p1: I'm back from mars|move: Stealth Rock\n|\n|upkeep\n|turn|2\n|choice|move hiddenpower|switch 5\n|\n|switch|p2a: Heracross|Heracross, M|354\/354\n|-damage|p2a: Heracross|310\/354|[from] Stealth Rock\n|move|p1a: Landorus|Hidden Power|p2a: Heracross\n|-damage|p2a: Heracross|262\/354\n|\n|upkeep\n|turn|3\n|choice|switch 3|move swordsdance mega\n|\n|switch|p1a: Tapu Fini|Tapu Fini|343\/343\n|-damage|p1a: Tapu Fini|301\/343|[from] Stealth Rock\n|-fieldstart|move: Misty Terrain|[from] ability: Misty Surge|[of] p1a: Tapu Fini\n|detailschange|p2a: Heracross|Heracross-Mega, M\n|-mega|p2a: Heracross|Heracross|Heracronite\n|move|p2a: Heracross|Swords Dance|p2a: Heracross\n|-boost|p2a: Heracross|atk|2\n|\n|-heal|p1a: Tapu Fini|322\/343|[from] item: Leftovers\n|upkeep\n|turn|4\n|choice|move moonblast|move rockblast\n|\n|move|p1a: Tapu Fini|Moonblast|p2a: Heracross\n|-supereffective|p2a: Heracross\n|-damage|p2a: Heracross|74\/354\n|move|p2a: Heracross|Rock Blast|p1a: Tapu Fini\n|-damage|p1a: Tapu Fini|263\/343\n|-damage|p1a: Tapu Fini|203\/343\n|-damage|p1a: Tapu Fini|140\/343\n|-damage|p1a: Tapu Fini|85\/343\n|-damage|p1a: Tapu Fini|26\/343\n|-hitcount|p1a: Tapu Fini|5\n|\n|-heal|p1a: Tapu Fini|47\/343|[from] item: Leftovers\n|upkeep\n|turn|5\n|choice|move naturesmadness|switch 3\n|\n|switch|p2a: Jirachi|Jirachi|404\/404\n|-damage|p2a: Jirachi|379\/404|[from] Stealth Rock\n|move|p1a: Tapu Fini|Nature's Madness|p2a: Jirachi\n|-damage|p2a: Jirachi|190\/404\n|\n|-heal|p2a: Jirachi|215\/404|[from] item: Leftovers\n|-heal|p1a: Tapu Fini|68\/343|[from] item: Leftovers\n|upkeep\n|turn|6\n|choice|move taunt|move wish\n|\n|move|p2a: Jirachi|Wish|p2a: Jirachi\n|move|p1a: Tapu Fini|Taunt|p2a: Jirachi\n|-start|p2a: Jirachi|move: Taunt\n|\n|-heal|p2a: Jirachi|240\/404|[from] item: Leftovers\n|-heal|p1a: Tapu Fini|89\/343|[from] item: Leftovers\n|upkeep\n|turn|7\n|choice|move moonblast|move ironhead\n|\n|move|p2a: Jirachi|Iron Head|p1a: Tapu Fini\n|-damage|p1a: Tapu Fini|22\/343\n|cant|p1a: Tapu Fini|flinch\n|\n|-heal|p2a: Jirachi|404\/404|[from] move: Wish|[wisher] Jirachi\n|-heal|p1a: Tapu Fini|43\/343|[from] item: Leftovers\n|-fieldend|Misty Terrain\n|upkeep\n|turn|8\n|choice|switch 3|move ironhead\n|\n|switch|p1a: Landorus|Landorus-Therian, M|331\/331\n|-damage|p1a: Landorus|290\/331|[from] Stealth Rock\n|-ability|p1a: Landorus|Intimidate|boost\n|-unboost|p2a: Jirachi|atk|1\n|move|p2a: Jirachi|Iron Head|p1a: Landorus\n|-damage|p1a: Landorus|223\/331\n|-damage|p2a: Jirachi|337\/404|[from] item: Rocky Helmet|[of] p1a: Landorus\n|\n|-heal|p2a: Jirachi|362\/404|[from] item: Leftovers\n|upkeep\n|turn|9\n|choice|move hiddenpower|switch 4\n|\n|switch|p2a: Greninja|Greninja, M|285\/285\n|-damage|p2a: Greninja|250\/285|[from] Stealth Rock\n|move|p1a: Landorus|Hidden Power|p2a: Greninja\n|-resisted|p2a: Greninja\n|-damage|p2a: Greninja|221\/285\n|\n|upkeep\n|turn|10\n|inactive|Battle timer is ON: inactive players will automatically lose when time's up. (requested by darius45)\n|choice|switch 4|move uturn\n|\n|switch|p1a: Tangrowth|Tangrowth, M|404\/404\n|-damage|p1a: Tangrowth|354\/404|[from] Stealth Rock\n|move|p2a: Greninja|U-turn|p1a: Tangrowth\n|-supereffective|p1a: Tangrowth\n|-damage|p1a: Tangrowth|276\/404\n|choice||switch 3\n|\n|switch|p2a: Heracross|Heracross-Mega, M|74\/354\n|-damage|p2a: Heracross|30\/354|[from] Stealth Rock\n|\n|upkeep\n|turn|11\n|choice|switch 3|move rockblast\n|\n|switch|p1a: Tapu Fini|Tapu Fini|43\/343\n|-damage|p1a: Tapu Fini|1\/343|[from] Stealth Rock\n|-fieldstart|move: Misty Terrain|[from] ability: Misty Surge|[of] p1a: Tapu Fini\n|move|p2a: Heracross|Rock Blast|p1a: Tapu Fini\n|-damage|p1a: Tapu Fini|0 fnt\n|-hitcount|p1a: Tapu Fini|1\n|faint|p1a: Tapu Fini\n|\n|upkeep\n|choice|switch 2|\n|\n|switch|p1a: Manectric|Manectric, M|281\/281\n|-damage|p1a: Manectric|246\/281|[from] Stealth Rock\n|turn|12\n|choice|move voltswitch mega|switch 6\n|\n|switch|p2a: Goodra|Goodra, F|381\/381\n|-damage|p2a: Goodra|334\/381|[from] Stealth Rock\n|detailschange|p1a: Manectric|Manectric-Mega, M\n|-mega|p1a: Manectric|Manectric|Manectite\n|-ability|p1a: Manectric|Intimidate|boost\n|-unboost|p2a: Goodra|atk|1\n|move|p1a: Manectric|Volt Switch|p2a: Goodra\n|-resisted|p2a: Goodra\n|-damage|p2a: Goodra|303\/381\n|choice|switch 6|\n|\n|switch|p1a: Zygarde|Zygarde|357\/357\n|-damage|p1a: Zygarde|335\/357|[from] Stealth Rock\n|-ability|p1a: Zygarde|Aura Break\n|\n|upkeep\n|turn|13\n|choice|move thousandarrows|switch 5\n|\n|switch|p2a: Landorus|Landorus-Therian, M|381\/381\n|-damage|p2a: Landorus|334\/381|[from] Stealth Rock\n|-ability|p2a: Landorus|Intimidate|boost\n|-unboost|p1a: Zygarde|atk|1\n|move|p1a: Zygarde|Thousand Arrows|p2a: Landorus\n|-damage|p2a: Landorus|208\/381\n|-start|p2a: Landorus|Smack Down\n|\n|upkeep\n|turn|14\n|choice|switch 3|move hiddenpower\n|\n|switch|p1a: Tangrowth|Tangrowth, M|404\/404\n|-damage|p1a: Tangrowth|354\/404|[from] Stealth Rock\n|move|p2a: Landorus|Hidden Power|p1a: Tangrowth\n|-supereffective|p1a: Tangrowth\n|-damage|p1a: Tangrowth|288\/404\n|\n|upkeep\n|turn|15\n|choice|move hiddenpower|move uturn\n|\n|move|p2a: Landorus|U-turn|p1a: Tangrowth\n|-supereffective|p1a: Tangrowth\n|-damage|p1a: Tangrowth|172\/404\n|choice||switch 6\n|\n|switch|p2a: Heracross|Heracross-Mega, M|30\/354\n|-damage|p2a: Heracross|0 fnt|[from] Stealth Rock\n|faint|p2a: Heracross\n|move|p1a: Tangrowth|Hidden Power|p2: Heracross|[notarget]\n|-notarget\n|\n|-fieldend|Misty Terrain\n|upkeep\n|choice||switch 5\n|\n|switch|p2a: Goodra|Goodra, F|303\/381\n|-damage|p2a: Goodra|256\/381|[from] Stealth Rock\n|turn|16\n|choice|switch 5|move dracometeor\n|\n|switch|p1a: Magearna|Magearna|301\/301\n|-damage|p1a: Magearna|283\/301|[from] Stealth Rock\n|move|p2a: Goodra|Draco Meteor|p1a: Magearna\n|-immune|p1a: Magearna|[msg]\n|\n|upkeep\n|turn|17\n|choice|switch 3|switch 4\n|\n|switch|p1a: Zygarde|Zygarde|335\/357\n|-damage|p1a: Zygarde|313\/357|[from] Stealth Rock\n|-ability|p1a: Zygarde|Aura Break\n|switch|p2a: Jirachi|Jirachi|362\/404\n|-damage|p2a: Jirachi|337\/404|[from] Stealth Rock\n|\n|-heal|p2a: Jirachi|362\/404|[from] item: Leftovers\n|upkeep\n|turn|18\n|choice|move thousandarrows|switch 6\n|\n|switch|p2a: Landorus|Landorus-Therian, M|208\/381\n|-damage|p2a: Landorus|161\/381|[from] Stealth Rock\n|-ability|p2a: Landorus|Intimidate|boost\n|-unboost|p1a: Zygarde|atk|1\n|move|p1a: Zygarde|Thousand Arrows|p2a: Landorus\n|-damage|p2a: Landorus|46\/381\n|-start|p2a: Landorus|Smack Down\n|\n|upkeep\n|turn|19\n|choice|move thousandarrows|move hiddenpower\n|\n|move|p1a: Zygarde|Thousand Arrows|p2a: Landorus\n|-damage|p2a: Landorus|0 fnt\n|faint|p2a: Landorus\n|\n|upkeep\n|choice||switch 2\n|\n|switch|p2a: Tapu Koko|Tapu Koko, shiny|281\/281\n|-damage|p2a: Tapu Koko|246\/281|[from] Stealth Rock\n|-fieldstart|move: Electric Terrain|[from] ability: Electric Surge|[of] p2a: Tapu Koko\n|turn|20\n|choice|switch 5|move hiddenpower\n|\n|switch|p1a: Tangrowth|Tangrowth, M|306\/404\n|-damage|p1a: Tangrowth|256\/404|[from] Stealth Rock\n|move|p2a: Tapu Koko|Hidden Power|p1a: Tangrowth\n|-supereffective|p1a: Tangrowth\n|-crit|p1a: Tangrowth\n|-damage|p1a: Tangrowth|132\/404\n|\n|upkeep\n|turn|21\n|choice|switch 4|move hiddenpower\n|\n|switch|p1a: Landorus|Landorus-Therian, M|223\/331\n|-damage|p1a: Landorus|182\/331|[from] Stealth Rock\n|-ability|p1a: Landorus|Intimidate|boost\n|-unboost|p2a: Tapu Koko|atk|1\n|move|p2a: Tapu Koko|Hidden Power|p1a: Landorus\n|-supereffective|p1a: Landorus\n|-damage|p1a: Landorus|0 fnt\n|faint|p1a: Landorus\n|\n|upkeep\n|choice|switch 6|\n|\n|switch|p1a: Manectric|Manectric-Mega, M|246\/281\n|-damage|p1a: Manectric|211\/281|[from] Stealth Rock\n|-ability|p1a: Manectric|Intimidate|boost\n|-unboost|p2a: Tapu Koko|atk|1\n|turn|22\n|choice|move thunderbolt|move hiddenpower\n|\n|move|p1a: Manectric|Thunderbolt|p2a: Tapu Koko\n|-resisted|p2a: Tapu Koko\n|-damage|p2a: Tapu Koko|87\/281\n|move|p2a: Tapu Koko|Hidden Power|p1a: Manectric\n|-damage|p1a: Manectric|143\/281\n|\n|upkeep\n|turn|23\n|choice|move flamethrower|move hiddenpower\n|\n|move|p1a: Manectric|Flamethrower|p2a: Tapu Koko\n|-damage|p2a: Tapu Koko|0 fnt\n|faint|p2a: Tapu Koko\n|\n|upkeep\n|choice||switch 4\n|\n|switch|p2a: Goodra|Goodra, F|256\/381\n|-damage|p2a: Goodra|209\/381|[from] Stealth Rock\n|turn|24\n|choice|switch 3|move fireblast\n|\n|switch|p1a: Magearna|Magearna|283\/301\n|-damage|p1a: Magearna|265\/301|[from] Stealth Rock\n|move|p2a: Goodra|Fire Blast|p1a: Magearna\n|-supereffective|p1a: Magearna\n|-damage|p1a: Magearna|45\/301\n|\n|-fieldend|move: Electric Terrain\n|upkeep\n|turn|25\n|choice|switch 5|move dracometeor\n|\n|switch|p1a: Zygarde|Zygarde|313\/357\n|-damage|p1a: Zygarde|291\/357|[from] Stealth Rock\n|-ability|p1a: Zygarde|Aura Break\n|move|p2a: Goodra|Draco Meteor|p1a: Zygarde\n|-supereffective|p1a: Zygarde\n|-damage|p1a: Zygarde|0 fnt\n|-unboost|p2a: Goodra|spa|2\n|faint|p1a: Zygarde\n|\n|upkeep\n|choice|switch 4|\n|\n|switch|p1a: Tangrowth|Tangrowth, M|266\/404\n|-damage|p1a: Tangrowth|216\/404|[from] Stealth Rock\n|turn|26\n|choice|move knockoff|switch 6\n|\n|switch|p2a: Jirachi|Jirachi|362\/404\n|-damage|p2a: Jirachi|337\/404|[from] Stealth Rock\n|move|p1a: Tangrowth|Knock Off|p2a: Jirachi\n|-supereffective|p2a: Jirachi\n|-damage|p2a: Jirachi|171\/404\n|-enditem|p2a: Jirachi|Leftovers|[from] move: Knock Off|[of] p1a: Tangrowth\n|\n|upkeep\n|turn|27\n|choice|switch 3|move wish\n|\n|switch|p1a: Manectric|Manectric-Mega, M|143\/281\n|-damage|p1a: Manectric|108\/281|[from] Stealth Rock\n|-ability|p1a: Manectric|Intimidate|boost\n|-unboost|p2a: Jirachi|atk|1\n|move|p2a: Jirachi|Wish|p2a: Jirachi\n|\n|upkeep\n|turn|28\n|choice|move flamethrower|move protect\n|\n|move|p2a: Jirachi|Protect|p2a: Jirachi\n|-singleturn|p2a: Jirachi|Protect\n|move|p1a: Manectric|Flamethrower|p2a: Jirachi\n|-activate|p2a: Jirachi|move: Protect\n|\n|-heal|p2a: Jirachi|373\/404|[from] move: Wish|[wisher] Jirachi\n|upkeep\n|turn|29\n|choice|move flamethrower|move wish\n|\n|move|p1a: Manectric|Flamethrower|p2a: Jirachi\n|-supereffective|p2a: Jirachi\n|-damage|p2a: Jirachi|203\/404\n|-status|p2a: Jirachi|brn\n|move|p2a: Jirachi|Wish|p2a: Jirachi\n|\n|-damage|p2a: Jirachi|178\/404 brn|[from] brn\n|upkeep\n|turn|30\n|choice|move voltswitch|switch 6\n|\n|switch|p2a: Goodra|Goodra, F|209\/381\n|-damage|p2a: Goodra|162\/381|[from] Stealth Rock\n|move|p1a: Manectric|Volt Switch|p2a: Goodra\n|-resisted|p2a: Goodra\n|-damage|p2a: Goodra|132\/381\n|choice|switch 3|\n|\n|switch|p1a: Tangrowth|Tangrowth, M|350\/404\n|-damage|p1a: Tangrowth|300\/404|[from] Stealth Rock\n|\n|-heal|p2a: Goodra|334\/381|[from] move: Wish|[wisher] Jirachi\n|upkeep\n|turn|31\n|choice|move knockoff|move fireblast\n|\n|move|p2a: Goodra|Fire Blast|p1a: Tangrowth\n|-supereffective|p1a: Tangrowth\n|-damage|p1a: Tangrowth|108\/404\n|move|p1a: Tangrowth|Knock Off|p2a: Goodra\n|-damage|p2a: Goodra|226\/381\n|-enditem|p2a: Goodra|Assault Vest|[from] move: Knock Off|[of] p1a: Tangrowth\n|\n|upkeep\n|turn|32\n|c|\u2606I'm back from mars|rofl i lost bc people are actually dumb enough to use av goodra\n|choice|switch 5|move fireblast\n|\n|switch|p1a: Magearna|Magearna|45\/301\n|-damage|p1a: Magearna|27\/301|[from] Stealth Rock\n|move|p2a: Goodra|Fire Blast|p1a: Magearna\n|-supereffective|p1a: Magearna\n|-damage|p1a: Magearna|0 fnt\n|faint|p1a: Magearna\n|\n|upkeep\n|choice|switch 5|\n|\n|switch|p1a: Tangrowth|Tangrowth, M|242\/404\n|-damage|p1a: Tangrowth|192\/404|[from] Stealth Rock\n|turn|33\n|c|\u2606darius45|lmao\n|c| Shadowisp|whats wrong with av goodra\n|c| Shadowisp|even tho it isnt common\n|c|\u2606I'm back from mars|i was expecting specs at least\n|c|\u2606darius45|yea what's wrong?\n|c|\u2606I'm back from mars|its bad\n|c| Shadowisp|it has a wide movepool lol\n|c| Shadowisp|poison, fire, ice, draco meteor etc\n|c|\u2606darius45|Then why you losing?\n|c|\u2606I'm back from mars|movepool doesnt mean anyting\n|c| Shadowisp|the standard goodra set is av anyway\n|c|\u2606I'm back from mars|goodra cant switch in on anything\n|c| Shadowisp|if you are going to specs goodra, might as well specs sth else\n|c| Shadowisp|lolll\n|c|\u2606darius45|If its bad, shouldn't you be the one winning?\n|c|\u2606I'm back from mars|AV isnt standard lol\n|c|\u2606darius45|stfu and play\n|c| Shadowisp|goodra cant switch in\n|c| Shadowisp|lmao\n|c|\u2606I'm back from mars|I lost bc I choked\n|c| Shadowisp|it's more bulky than you think\n|c|\u2606I'm back from mars|expecting specs\n|c|\u2606darius45|Its been doing that the whole game\n|c| Shadowisp|think it was obvious back then that it's not a specs goodra lol\n|c|\u2606I'm back from mars|Shadowisp what does goodra check\n|c|\u2606darius45|I can make a list if you want lmao\n|c|\u2606I'm back from mars|because it has \"wide movepool\" doesnt mean its a good mon\n|c| Shadowisp|gengar for one.\n|c|\u2606darius45|Koko\n|c| Shadowisp|tapu\n|c|\u2606darius45|Manectric\n|choice|move knockoff|move fireblast\n|\n|move|p2a: Goodra|Fire Blast|p1a: Tangrowth\n|-supereffective|p1a: Tangrowth\n|-damage|p1a: Tangrowth|8\/404\n|move|p1a: Tangrowth|Knock Off|p2a: Goodra\n|-damage|p2a: Goodra|161\/381\n|\n|upkeep\n|turn|34\n|c| Shadowisp|tangrowth also\n|c| Shadowisp|ferrothorn\n|c| Shadowisp|etc.\n|c|\u2606darius45|Amoongus\n|c| Shadowisp|lol list goes on\n|c|\u2606I'm back from mars|uh\n|c|\u2606I'm back from mars|most of those arent offenisive threats\n|c| Shadowisp|it has base 150 spe d\n|c|\u2606darius45|Most sp attackers get walled :]\n|c|\u2606I'm back from mars|m mane and koko yh\n|c|\u2606I'm back from mars|but why wouldnt you use tang for that\n|c| Shadowisp|well not offensive threats but\n|choice|move hiddenpower|move fireblast\n|\n|move|p2a: Goodra|Fire Blast|p1a: Tangrowth\n|-supereffective|p1a: Tangrowth\n|-damage|p1a: Tangrowth|0 fnt\n|faint|p1a: Tangrowth\n|\n|upkeep\n|choice|switch 3|\n|\n|switch|p1a: Manectric|Manectric-Mega, M|108\/281\n|-damage|p1a: Manectric|73\/281|[from] Stealth Rock\n|-ability|p1a: Manectric|Intimidate|boost\n|-unboost|p2a: Goodra|atk|1\n|turn|35\n|c| Shadowisp|dont see whats wrong with checking tanks and pivots lol\n|choice|move hiddenpower|move dracometeor\n|\n|move|p1a: Manectric|Hidden Power|p2a: Goodra\n|-supereffective|p2a: Goodra\n|-damage|p2a: Goodra|63\/381\n|move|p2a: Goodra|Draco Meteor|p1a: Manectric\n|-damage|p1a: Manectric|0 fnt\n|-unboost|p2a: Goodra|spa|2\n|faint|p1a: Manectric\n|\n|win|darius45\n|c|\u2606darius45|gg\n|c| Shadowisp|lol\n|raw|I&apos;m back from mars's rating: 1687 &rarr; <strong>1666<\/strong><br \/>(-21 for losing)\n|raw|darius45's rating: 1680 &rarr; <strong>1701<\/strong><br \/>(+21 for winning)\n|c| Shadowisp|26%\n|c|\u2606I'm back from mars|gg\n|l|Shadowisp\n|l|I'm back from mars","inputlog":null,"uploadtime":1496844991,"views":10,"p1id":"imbackfrommars","p2id":"darius45","formatid":"gen7ou","rating":1666,"private":0,"password":null}