{"id":"gen7ou-688759831","p1":"Moskito Cup","p2":"XtraTh1cC","format":"gen7ou","log":"|raw|<div class=\"broadcast-red\"><strong>This battle is invite-only!<\/strong><br \/>Users must be rank + or invited with <code>\/invite<\/code> to join<\/div>\n|j|\u2606Moskito Cup\n|j|\u2606XtraTh1cC\n|player|p1|Moskito Cup|101\n|teamsize|p1|6\n|player|p2|XtraTh1cC|102\n|teamsize|p2|6\n|gametype|singles\n|gen|7\n|tier|[Gen 7] OU\n|rated||rule|Sleep Clause Mod: Limit one foe put to sleep\n|rule|Species Clause: Limit one of each Pok\u00e9mon\n|rule|OHKO Clause: OHKO moves are banned\n|rule|Moody Clause: Moody is banned\n|rule|Evasion Moves Clause: Evasion moves are banned\n|rule|Endless Battle Clause: Forcing endless battles is banned\n|rule|HP Percentage Mod: HP is shown in percentages\n|clearpoke\n|poke|p1|Venusaur, F|item\n|poke|p1|Keldeo-Resolute|item\n|poke|p1|Skarmory, F|item\n|poke|p1|Chansey, F|item\n|poke|p1|Heatran, M|item\n|poke|p1|Bisharp, M|item\n|poke|p2|Tapu Koko|item\n|poke|p2|Hawlucha, M|item\n|poke|p2|Tapu Lele|item\n|poke|p2|Landorus-Therian, M|item\n|poke|p2|Latias, F|item\n|poke|p2|Ferrothorn, F|item\n|teampreview\n|inactive|Battle timer is ON: inactive players will automatically lose when time's up. (requested by Moskito Cup)|\n|start\n|switch|p1a: Heatran|Heatran, M|100\/100\n|switch|p2a: Tapu Koko|Tapu Koko|100\/100\n|-fieldstart|move: Electric Terrain|[from] ability: Electric Surge|[of] p2a: Tapu Koko\n|turn|1\n|inactive|Moskito Cup has 135 seconds left.|\n|move|p2a: Tapu Koko|Taunt|p1a: Heatran\n|-start|p1a: Heatran|move: Taunt\n|cant|p1a: Heatran|move: Taunt|Stealth Rock\n|\n|upkeep\n|turn|2|\n|move|p2a: Tapu Koko|Nature's Madness|p1a: Heatran\n|-damage|p1a: Heatran|50\/100\n|move|p1a: Heatran|Lava Plume|p2a: Tapu Koko\n|-damage|p2a: Tapu Koko|49\/100\n|\n|-heal|p1a: Heatran|57\/100|[from] item: Leftovers\n|upkeep\n|turn|3\n|inactive|Moskito Cup has 135 seconds left.\n|inactive|Moskito Cup has 120 seconds left.|\n|move|p2a: Tapu Koko|Wild Charge|p1a: Heatran\n|-damage|p1a: Heatran|2\/100\n|-damage|p2a: Tapu Koko|31\/100|[from] Recoil|[of] p1a: Heatran\n|move|p1a: Heatran|Lava Plume|p2a: Tapu Koko\n|-damage|p2a: Tapu Koko|0 fnt\n|faint|p2a: Tapu Koko\n|\n|-heal|p1a: Heatran|8\/100|[from] item: Leftovers\n|-end|p1a: Heatran|move: Taunt\n|upkeep|\n|switch|p2a: Hawlucha|Hawlucha, M|100\/100\n|-enditem|p2a: Hawlucha|Electric Seed\n|-boost|p2a: Hawlucha|def|1\n|turn|4\n|inactive|Moskito Cup has 135 seconds left.|\n|move|p2a: Hawlucha|Drain Punch|p1a: Heatran\n|-supereffective|p1a: Heatran\n|-damage|p1a: Heatran|0 fnt\n|faint|p1a: Heatran\n|\n|upkeep|\n|switch|p1a: Skarmory|Skarmory, F|100\/100\n|turn|5|\n|move|p2a: Hawlucha|Swords Dance|p2a: Hawlucha\n|-boost|p2a: Hawlucha|atk|2\n|move|p1a: Skarmory|Whirlwind|p2a: Hawlucha\n|drag|p2a: Tapu Lele|Tapu Lele|100\/100\n|-fieldstart|move: Psychic Terrain|[from] ability: Psychic Surge|[of] p2a: Tapu Lele\n|\n|upkeep\n|turn|6|\n|switch|p1a: Chansey|Chansey, F|100\/100\n|move|p2a: Tapu Lele|Hidden Power|p1a: Chansey\n|-damage|p1a: Chansey|94\/100\n|\n|upkeep\n|turn|7|\n|switch|p2a: Hawlucha|Hawlucha, M|100\/100\n|switch|p1a: Keldeo|Keldeo-Resolute|100\/100\n|\n|upkeep\n|turn|8|\n|switch|p1a: Skarmory|Skarmory, F|100\/100\n|move|p2a: Hawlucha|Acrobatics|p1a: Skarmory\n|-resisted|p1a: Skarmory\n|-damage|p1a: Skarmory|86\/100\n|-damage|p2a: Hawlucha|84\/100|[from] item: Rocky Helmet|[of] p1a: Skarmory\n|\n|upkeep\n|turn|9|\n|move|p2a: Hawlucha|Swords Dance|p2a: Hawlucha\n|-boost|p2a: Hawlucha|atk|2\n|move|p1a: Skarmory|Brave Bird|p2a: Hawlucha\n|-supereffective|p2a: Hawlucha\n|-damage|p2a: Hawlucha|0 fnt\n|-damage|p1a: Skarmory|59\/100|[from] Recoil|[of] p2a: Hawlucha\n|faint|p2a: Hawlucha\n|\n|-fieldend|move: Psychic Terrain\n|upkeep|\n|switch|p2a: Tapu Lele|Tapu Lele|100\/100\n|-fieldstart|move: Psychic Terrain|[from] ability: Psychic Surge|[of] p2a: Tapu Lele\n|turn|10|\n|move|p2a: Tapu Lele|Calm Mind|p2a: Tapu Lele\n|-boost|p2a: Tapu Lele|spa|1\n|-boost|p2a: Tapu Lele|spd|1\n|move|p1a: Skarmory|Spikes|p2a: Tapu Lele\n|-sidestart|p2: XtraTh1cC|Spikes\n|\n|upkeep\n|turn|11|\n|switch|p1a: Chansey|Chansey, F|94\/100\n|move|p2a: Tapu Lele|Psyshock|p1a: Chansey\n|-damage|p1a: Chansey|34\/100\n|\n|upkeep\n|turn|12|\n|switch|p1a: Bisharp|Bisharp, M|100\/100\n|move|p2a: Tapu Lele|Psyshock|p1a: Bisharp\n|-immune|p1a: Bisharp|[msg]\n|\n|upkeep\n|turn|13|\n|switch|p2a: Ferrothorn|Ferrothorn, F|100\/100\n|-damage|p2a: Ferrothorn|88\/100|[from] Spikes\n|switch|p1a: Chansey|Chansey, F|34\/100\n|\n|-heal|p2a: Ferrothorn|94\/100|[from] item: Leftovers\n|upkeep\n|turn|14|\n|move|p1a: Chansey|Soft-Boiled|p1a: Chansey\n|-heal|p1a: Chansey|84\/100\n|move|p2a: Ferrothorn|Spikes|p1a: Chansey\n|-sidestart|p1: Moskito Cup|Spikes\n|\n|-heal|p2a: Ferrothorn|100\/100|[from] item: Leftovers\n|-fieldend|move: Psychic Terrain\n|upkeep\n|turn|15|\n|switch|p1a: Skarmory|Skarmory, F|59\/100\n|move|p2a: Ferrothorn|Spikes|p1a: Skarmory\n|-sidestart|p1: Moskito Cup|Spikes\n|\n|upkeep\n|turn|16|\n|move|p1a: Skarmory|Spikes|p2a: Ferrothorn\n|-sidestart|p2: XtraTh1cC|Spikes\n|move|p2a: Ferrothorn|Spikes|p1a: Skarmory\n|-sidestart|p1: Moskito Cup|Spikes\n|\n|upkeep\n|turn|17|\n|switch|p2a: Latias|Latias, F|100\/100\n|move|p1a: Skarmory|Spikes|p2a: Latias\n|-sidestart|p2: XtraTh1cC|Spikes\n|\n|upkeep\n|turn|18|\n|switch|p2a: Landorus|Landorus-Therian, M|100\/100\n|-ability|p2a: Landorus|Intimidate|boost\n|-unboost|p1a: Skarmory|atk|1\n|switch|p1a: Chansey|Chansey, F|84\/100\n|-damage|p1a: Chansey|59\/100|[from] Spikes\n|\n|upkeep\n|turn|19|\n|move|p2a: Landorus|Stealth Rock|p1a: Chansey\n|-sidestart|p1: Moskito Cup|move: Stealth Rock\n|move|p1a: Chansey|Soft-Boiled|p1a: Chansey\n|-heal|p1a: Chansey|100\/100\n|\n|upkeep\n|turn|20|\n|move|p2a: Landorus|Earthquake|p1a: Chansey\n|-damage|p1a: Chansey|71\/100\n|move|p1a: Chansey|Seismic Toss|p2a: Landorus\n|-damage|p2a: Landorus|74\/100\n|-damage|p1a: Chansey|55\/100|[from] item: Rocky Helmet|[of] p2a: Landorus\n|\n|upkeep\n|turn|21|\n|move|p2a: Landorus|U-turn|p1a: Chansey\n|-damage|p1a: Chansey|40\/100|\n|switch|p2a: Ferrothorn|Ferrothorn, F|100\/100\n|-damage|p2a: Ferrothorn|75\/100|[from] Spikes\n|move|p1a: Chansey|Soft-Boiled|p1a: Chansey\n|-heal|p1a: Chansey|90\/100\n|\n|-heal|p2a: Ferrothorn|82\/100|[from] item: Leftovers\n|upkeep\n|turn|22|\n|move|p1a: Chansey|Thunder Wave|p2a: Ferrothorn\n|-status|p2a: Ferrothorn|par\n|cant|p2a: Ferrothorn|par\n|\n|-heal|p2a: Ferrothorn|88\/100 par|[from] item: Leftovers\n|upkeep\n|turn|23|\n|switch|p1a: Venusaur|Venusaur, F|100\/100\n|-damage|p1a: Venusaur|75\/100|[from] Spikes\n|-damage|p1a: Venusaur|63\/100|[from] Stealth Rock\n|move|p2a: Ferrothorn|Leech Seed|p1a: Venusaur\n|-immune|p1a: Venusaur|[msg]\n|\n|-heal|p2a: Ferrothorn|94\/100 par|[from] item: Leftovers\n|upkeep\n|turn|24|\n|switch|p2a: Latias|Latias, F|100\/100\n|-mega|p1a: Venusaur|Venusaur|Venusaurite\n|detailschange|p1a: Venusaur|Venusaur-Mega, F\n|move|p1a: Venusaur|Sludge Bomb|p2a: Latias\n|-damage|p2a: Latias|73\/100\n|\n|upkeep\n|turn|25|\n|-mega|p2a: Latias|Latias|Latiasite\n|detailschange|p2a: Latias|Latias-Mega, F\n|move|p2a: Latias|Calm Mind|p2a: Latias\n|-boost|p2a: Latias|spa|1\n|-boost|p2a: Latias|spd|1\n|move|p1a: Venusaur|Synthesis|p1a: Venusaur\n|-heal|p1a: Venusaur|100\/100\n|\n|upkeep\n|turn|26|\n|switch|p1a: Bisharp|Bisharp, M|100\/100\n|-damage|p1a: Bisharp|94\/100|[from] Stealth Rock\n|-damage|p1a: Bisharp|70\/100|[from] Spikes\n|move|p2a: Latias|Calm Mind|p2a: Latias\n|-boost|p2a: Latias|spa|1\n|-boost|p2a: Latias|spd|1\n|\n|-heal|p1a: Bisharp|76\/100|[from] item: Leftovers\n|upkeep\n|turn|27|\n|move|p2a: Latias|Thunderbolt|p1a: Bisharp\n|-damage|p1a: Bisharp|2\/100\n|move|p1a: Bisharp|Knock Off|p2a: Latias\n|-supereffective|p2a: Latias\n|-damage|p2a: Latias|12\/100\n|\n|-heal|p1a: Bisharp|8\/100|[from] item: Leftovers\n|upkeep\n|turn|28|\n|move|p1a: Bisharp|Sucker Punch|p2a: Latias\n|-supereffective|p2a: Latias\n|-damage|p2a: Latias|0 fnt\n|faint|p2a: Latias\n|\n|-heal|p1a: Bisharp|14\/100|[from] item: Leftovers\n|upkeep|\n|switch|p2a: Tapu Lele|Tapu Lele|100\/100\n|-damage|p2a: Tapu Lele|76\/100|[from] Spikes\n|-fieldstart|move: Psychic Terrain|[from] ability: Psychic Surge|[of] p2a: Tapu Lele\n|turn|29|\n|move|p2a: Tapu Lele|Moonblast|p1a: Bisharp\n|-damage|p1a: Bisharp|0 fnt\n|faint|p1a: Bisharp\n|\n|upkeep|\n|switch|p1a: Chansey|Chansey, F|90\/100\n|-damage|p1a: Chansey|78\/100|[from] Stealth Rock\n|-damage|p1a: Chansey|53\/100|[from] Spikes\n|turn|30\n|inactive|XtraTh1cC has 135 seconds left.|\n|move|p2a: Tapu Lele|Psyshock|p1a: Chansey\n|-damage|p1a: Chansey|15\/100\n|move|p1a: Chansey|Thunder Wave|p2a: Tapu Lele\n|-status|p2a: Tapu Lele|par\n|\n|upkeep\n|turn|31|\n|move|p2a: Tapu Lele|Psyshock|p1a: Chansey\n|-damage|p1a: Chansey|0 fnt\n|faint|p1a: Chansey\n|\n|upkeep|\n|switch|p1a: Skarmory|Skarmory, F|59\/100\n|-damage|p1a: Skarmory|46\/100|[from] Stealth Rock\n|turn|32|\n|move|p1a: Skarmory|Brave Bird|p2a: Tapu Lele\n|-damage|p2a: Tapu Lele|27\/100 par\n|-damage|p1a: Skarmory|33\/100|[from] Recoil|[of] p2a: Tapu Lele\n|move|p2a: Tapu Lele|Hidden Power|p1a: Skarmory\n|-supereffective|p1a: Skarmory\n|-damage|p1a: Skarmory|0 fnt\n|faint|p1a: Skarmory\n|\n|upkeep|\n|switch|p1a: Venusaur|Venusaur-Mega, F|100\/100\n|-damage|p1a: Venusaur|75\/100|[from] Spikes\n|-damage|p1a: Venusaur|63\/100|[from] Stealth Rock\n|turn|33|\n|move|p1a: Venusaur|Sludge Bomb|p2a: Tapu Lele\n|-supereffective|p2a: Tapu Lele\n|-damage|p2a: Tapu Lele|0 fnt\n|faint|p2a: Tapu Lele\n|\n|-fieldend|move: Psychic Terrain\n|upkeep|\n|switch|p2a: Landorus|Landorus-Therian, M|74\/100\n|-ability|p2a: Landorus|Intimidate|boost\n|-unboost|p1a: Venusaur|atk|1\n|turn|34|\n|move|p2a: Landorus|Earthquake|p1a: Venusaur\n|-damage|p1a: Venusaur|35\/100\n|move|p1a: Venusaur|Synthesis|p1a: Venusaur\n|-heal|p1a: Venusaur|85\/100\n|\n|upkeep\n|turn|35|\n|move|p2a: Landorus|Earthquake|p1a: Venusaur\n|-damage|p1a: Venusaur|58\/100\n|move|p1a: Venusaur|Giga Drain|p2a: Landorus\n|-damage|p2a: Landorus|38\/100\n|-heal|p1a: Venusaur|77\/100|[from] drain|[of] p2a: Landorus\n|\n|upkeep\n|turn|36|\n|move|p2a: Landorus|U-turn|p1a: Venusaur\n|-damage|p1a: Venusaur|64\/100|\n|switch|p2a: Ferrothorn|Ferrothorn, F|94\/100 par\n|-damage|p2a: Ferrothorn|69\/100 par|[from] Spikes\n|move|p1a: Venusaur|Giga Drain|p2a: Ferrothorn\n|-resisted|p2a: Ferrothorn\n|-damage|p2a: Ferrothorn|64\/100 par\n|-heal|p1a: Venusaur|67\/100|[from] drain|[of] p2a: Ferrothorn\n|\n|-heal|p2a: Ferrothorn|70\/100 par|[from] item: Leftovers\n|upkeep\n|turn|37|\n|move|p1a: Venusaur|Hidden Power|p2a: Ferrothorn\n|-supereffective|p2a: Ferrothorn\n|-damage|p2a: Ferrothorn|25\/100 par\n|move|p2a: Ferrothorn|Power Whip|p1a: Venusaur\n|-resisted|p1a: Venusaur\n|-damage|p1a: Venusaur|61\/100\n|\n|-heal|p2a: Ferrothorn|31\/100 par|[from] item: Leftovers\n|upkeep\n|turn|38\n|-message|XtraTh1cC forfeited.\n|\n|win|Moskito Cup\n|l|\u2606XtraTh1cC\n|raw|Moskito Cup's rating: 1972 &rarr; <strong>1990<\/strong><br \/>(+18 for winning)\n|raw|XtraTh1cC's rating: 1940 &rarr; <strong>1922<\/strong><br \/>(-18 for losing)\n|c|\u2606Moskito Cup|\/log Moskito Cup made this room public.\n","inputlog":null,"uploadtime":1515948540,"views":312,"p1id":"moskitocup","p2id":"xtrath1cc","formatid":"gen7ou","rating":1922,"private":0,"password":null}