{"id":"gen7ou-578589135","p1":"I'm back from mars","p2":"Dram is average","format":"gen7ou","log":"|j|I'm back from mars\n|j|Dram is average\n|player|p1|I'm back from mars|128\n|teamsize|p1|6\n|player|p2|Dram is average|179\n|teamsize|p2|6\n|gametype|singles\n|gen|7\n|tier|[Gen 7] OU\n|rated\n|seed|15428,42434,15348,23374\n|clearpoke\n|poke|p1|Heracross, F|item\n|poke|p1|Muk-Alola, F|item\n|poke|p1|Zapdos|item\n|poke|p1|Hippowdon, M|item\n|poke|p1|Toxapex, F|item\n|poke|p1|Cresselia, F|item\n|poke|p2|Landorus-Therian, M|item\n|poke|p2|Greninja, M|item\n|poke|p2|Ferrothorn, M|item\n|poke|p2|Medicham, F|item\n|poke|p2|Magearna|item\n|poke|p2|Garchomp, F|item\n|rule|Baton Pass Clause: Limit one Baton Passer, can't pass Spe and other stats simultaneously\n|rule|Sleep Clause Mod: Limit one foe put to sleep\n|rule|Species Clause: Limit one of each Pok\u00e9mon\n|rule|OHKO Clause: OHKO moves are banned\n|rule|Moody Clause: Moody is banned\n|rule|Evasion Moves Clause: Evasion moves are banned\n|rule|Endless Battle Clause: Forcing endless battles is banned\n|rule|HP Percentage Mod: HP is shown in percentages\n|teampreview\n|choice|team 6, team 2, team 3, team 4, team 5, team 1|team 2, team 1, team 3, team 4, team 5, team 6\n|\n|start\n|switch|p1a: Cresselia|Cresselia, F|444\/444\n|switch|p2a: Greninja|Greninja, M|285\/285\n|turn|1\n|choice|switch 5|move uturn\n|\n|switch|p1a: Toxapex|Toxapex, F|304\/304\n|move|p2a: Greninja|U-turn|p1a: Toxapex\n|-resisted|p1a: Toxapex\n|-damage|p1a: Toxapex|290\/304\n|inactive|Battle timer is ON: inactive players will automatically lose when time's up. (requested by Dram is average)\n|choice||switch 2\n|\n|switch|p2a: Landorus|Landorus-Therian, M|319\/319\n|-ability|p2a: Landorus|Intimidate|boost\n|-unboost|p1a: Toxapex|atk|1\n|\n|-heal|p1a: Toxapex|304\/304|[from] item: Black Sludge\n|upkeep\n|turn|2\n|choice|move toxicspikes|move stealthrock\n|\n|move|p2a: Landorus|Stealth Rock|p1a: Toxapex\n|-sidestart|p1: I'm back from mars|move: Stealth Rock\n|move|p1a: Toxapex|Toxic Spikes|p2a: Landorus\n|-sidestart|p2: Dram is average|move: Toxic Spikes\n|\n|upkeep\n|turn|3\n|choice|switch 4|move swordsdance\n|\n|switch|p1a: Hippowdon|Hippowdon, M|420\/420\n|-damage|p1a: Hippowdon|394\/420|[from] stealthrock\n|move|p2a: Landorus|Swords Dance|p2a: Landorus\n|-boost|p2a: Landorus|atk|2\n|\n|-heal|p1a: Hippowdon|420\/420|[from] item: Leftovers\n|upkeep\n|turn|4\n|choice|move whirlwind|move earthquake\n|\n|move|p2a: Landorus|Earthquake|p1a: Hippowdon\n|-damage|p1a: Hippowdon|165\/420\n|move|p1a: Hippowdon|Whirlwind|p2a: Landorus\n|drag|p2a: Garchomp|Garchomp, F|357\/357\n|-status|p2a: Garchomp|psn\n|\n|-heal|p1a: Hippowdon|191\/420|[from] item: Leftovers\n|-damage|p2a: Garchomp|313\/357 psn|[from] psn\n|upkeep\n|turn|5\n|choice|move slackoff|switch 3\n|\n|switch|p2a: Ferrothorn|Ferrothorn, M|352\/352\n|move|p1a: Hippowdon|Slack Off|p1a: Hippowdon\n|-heal|p1a: Hippowdon|401\/420\n|\n|-heal|p1a: Hippowdon|420\/420|[from] item: Leftovers\n|upkeep\n|turn|6\n|choice|move stealthrock|move spikes\n|\n|move|p1a: Hippowdon|Stealth Rock|p2a: Ferrothorn\n|-sidestart|p2: Dram is average|move: Stealth Rock\n|move|p2a: Ferrothorn|Spikes|p1a: Hippowdon\n|-sidestart|p1: I'm back from mars|Spikes\n|\n|upkeep\n|turn|7\n|j|FlexChampHeracules\n|choice|switch 6|move spikes\n|\n|switch|p1a: Heracross|Heracross, F|332\/332\n|-damage|p1a: Heracross|291\/332|[from] spikes\n|-damage|p1a: Heracross|250\/332|[from] stealthrock\n|move|p2a: Ferrothorn|Spikes|p1a: Heracross\n|-sidestart|p1: I'm back from mars|Spikes\n|\n|upkeep\n|turn|8\n|choice|move closecombat mega|switch 6\n|\n|switch|p2a: Landorus|Landorus-Therian, M|319\/319\n|-damage|p2a: Landorus|280\/319|[from] stealthrock\n|-ability|p2a: Landorus|Intimidate|boost\n|-unboost|p1a: Heracross|atk|1\n|detailschange|p1a: Heracross|Heracross-Mega, F\n|-mega|p1a: Heracross|Heracross|Heracronite\n|move|p1a: Heracross|Close Combat|p2a: Landorus\n|-resisted|p2a: Landorus\n|-damage|p2a: Landorus|163\/319\n|-unboost|p1a: Heracross|def|1\n|-unboost|p1a: Heracross|spd|1\n|\n|upkeep\n|turn|9\n|choice|switch 5|move fly zmove\n|\n|switch|p1a: Cresselia|Cresselia, F|444\/444\n|-damage|p1a: Cresselia|389\/444|[from] stealthrock\n|-zpower|p2a: Landorus\n|move|p2a: Landorus|Supersonic Skystrike|p1a: Cresselia|[zeffect]\n|-damage|p1a: Cresselia|169\/444\n|\n|-heal|p1a: Cresselia|196\/444|[from] item: Leftovers\n|upkeep\n|turn|10\n|choice|move moonlight|move swordsdance\n|\n|move|p2a: Landorus|Swords Dance|p2a: Landorus\n|-boost|p2a: Landorus|atk|2\n|move|p1a: Cresselia|Moonlight|p1a: Cresselia\n|-heal|p1a: Cresselia|418\/444\n|\n|-heal|p1a: Cresselia|444\/444|[from] item: Leftovers\n|upkeep\n|turn|11\n|choice|move icebeam|move fly\n|\n|move|p2a: Landorus|Fly|p1a: Cresselia|[still]\n|-prepare|p2a: Landorus|Fly|p1a: Cresselia\n|move|p1a: Cresselia|Ice Beam|p2a: Landorus|[miss]\n|-miss|p1a: Cresselia|p2a: Landorus\n|\n|upkeep\n|turn|12\n|choice|move icebeam|move fly\n|\n|move|p2a: Landorus|Fly|p1a: Cresselia|[from]lockedmove\n|-damage|p1a: Cresselia|219\/444\n|move|p1a: Cresselia|Ice Beam|p2a: Landorus\n|-supereffective|p2a: Landorus\n|-damage|p2a: Landorus|0 fnt\n|faint|p2a: Landorus\n|\n|-heal|p1a: Cresselia|246\/444|[from] item: Leftovers\n|upkeep\n|choice||switch 2\n|\n|switch|p2a: Greninja|Greninja, M|285\/285\n|-damage|p2a: Greninja|250\/285|[from] stealthrock\n|-status|p2a: Greninja|psn\n|turn|13\n|choice|switch 4|move uturn\n|\n|switch|p1a: Toxapex|Toxapex, F|304\/304\n|-damage|p1a: Toxapex|254\/304|[from] spikes\n|-damage|p1a: Toxapex|216\/304|[from] stealthrock\n|move|p2a: Greninja|U-turn|p1a: Toxapex\n|-resisted|p1a: Toxapex\n|-damage|p1a: Toxapex|203\/304\n|choice||switch 4\n|\n|switch|p2a: Medicham|Medicham, F|261\/261\n|-status|p2a: Medicham|psn\n|-damage|p2a: Medicham|245\/261 psn|[from] stealthrock\n|\n|-heal|p1a: Toxapex|222\/304|[from] item: Black Sludge\n|-damage|p2a: Medicham|213\/261 psn|[from] psn\n|upkeep\n|turn|14\n|choice|move recover|move thunderpunch mega\n|\n|detailschange|p2a: Medicham|Medicham-Mega, F\n|-mega|p2a: Medicham|Medicham|Medichamite\n|move|p2a: Medicham|Thunder Punch|p1a: Toxapex\n|-supereffective|p1a: Toxapex\n|-damage|p1a: Toxapex|56\/304\n|move|p1a: Toxapex|Recover|p1a: Toxapex\n|-heal|p1a: Toxapex|208\/304\n|\n|-heal|p1a: Toxapex|227\/304|[from] item: Black Sludge\n|-damage|p2a: Medicham|181\/261 psn|[from] psn\n|upkeep\n|turn|15\n|l|FlexChampHeracules\n|choice|move recover|move thunderpunch\n|\n|move|p2a: Medicham|Thunder Punch|p1a: Toxapex\n|-supereffective|p1a: Toxapex\n|-damage|p1a: Toxapex|71\/304\n|move|p1a: Toxapex|Recover|p1a: Toxapex\n|-heal|p1a: Toxapex|223\/304\n|\n|-heal|p1a: Toxapex|242\/304|[from] item: Black Sludge\n|-damage|p2a: Medicham|149\/261 psn|[from] psn\n|upkeep\n|turn|16\n|choice|move recover|switch 6\n|\n|switch|p2a: Ferrothorn|Ferrothorn, M|352\/352\n|-damage|p2a: Ferrothorn|330\/352|[from] stealthrock\n|move|p1a: Toxapex|Recover|p1a: Toxapex\n|-heal|p1a: Toxapex|304\/304\n|\n|-heal|p2a: Ferrothorn|352\/352|[from] item: Leftovers\n|upkeep\n|turn|17\n|choice|switch 3|move spikes\n|\n|switch|p1a: Zapdos|Zapdos|382\/382\n|-damage|p1a: Zapdos|287\/382|[from] stealthrock\n|-ability|p1a: Zapdos|Pressure\n|move|p2a: Ferrothorn|Spikes|p1a: Zapdos\n|-sidestart|p1: I'm back from mars|Spikes\n|\n|-heal|p1a: Zapdos|310\/382|[from] item: Leftovers\n|upkeep\n|turn|18\n|choice|move defog|move protect\n|\n|move|p2a: Ferrothorn|Protect|p2a: Ferrothorn\n|-singleturn|p2a: Ferrothorn|Protect\n|move|p1a: Zapdos|Defog|p2a: Ferrothorn\n|-activate|p2a: Ferrothorn|move: Protect\n|\n|-heal|p1a: Zapdos|333\/382|[from] item: Leftovers\n|upkeep\n|turn|19\n|choice|move defog|move leechseed\n|\n|move|p1a: Zapdos|Defog|p2a: Ferrothorn\n|-unboost|p2a: Ferrothorn|evasion|1\n|-sideend|p2: Dram is average|toxicspikes|[from] move: Defog|[of] p2a: Ferrothorn\n|-sideend|p2: Dram is average|stealthrock|[from] move: Defog|[of] p2a: Ferrothorn\n|-sideend|p1: I'm back from mars|spikes|[from] move: Defog|[of] p1a: Zapdos\n|-sideend|p1: I'm back from mars|stealthrock|[from] move: Defog|[of] p1a: Zapdos\n|move|p2a: Ferrothorn|Leech Seed|p1a: Zapdos\n|-start|p1a: Zapdos|move: Leech Seed\n|\n|-heal|p1a: Zapdos|356\/382|[from] item: Leftovers\n|-damage|p1a: Zapdos|309\/382|[from] leechseed|[of] p2a: Ferrothorn\n|upkeep\n|turn|20\n|choice|move heatwave|switch 4\n|\n|switch|p2a: Greninja|Greninja, M|250\/285 psn\n|move|p1a: Zapdos|Heat Wave|p2a: Greninja|[miss]\n|-miss|p1a: Zapdos|p2a: Greninja\n|\n|-heal|p1a: Zapdos|332\/382|[from] item: Leftovers\n|-damage|p1a: Zapdos|285\/382|[from] leechseed|[of] p2a: Greninja\n|-heal|p2a: Greninja|285\/285 psn|[silent]\n|-damage|p2a: Greninja|250\/285 psn|[from] psn\n|upkeep\n|turn|21\n|choice|switch 3|move uturn\n|\n|switch|p1a: Toxapex|Toxapex, F|304\/304\n|move|p2a: Greninja|U-turn|p1a: Toxapex\n|-resisted|p1a: Toxapex\n|-damage|p1a: Toxapex|290\/304\n|choice||switch 4\n|\n|switch|p2a: Ferrothorn|Ferrothorn, M|352\/352\n|\n|-heal|p1a: Toxapex|304\/304|[from] item: Black Sludge\n|upkeep\n|turn|22\n|choice|switch 5|switch 6\n|\n|switch|p1a: Heracross|Heracross-Mega, F|250\/332\n|switch|p2a: Medicham|Medicham-Mega, F|149\/261 psn\n|\n|-damage|p2a: Medicham|117\/261 psn|[from] psn\n|upkeep\n|turn|23\n|choice|switch 5|move icepunch\n|\n|switch|p1a: Toxapex|Toxapex, F|304\/304\n|move|p2a: Medicham|Ice Punch|p1a: Toxapex\n|-resisted|p1a: Toxapex\n|-crit|p1a: Toxapex\n|-damage|p1a: Toxapex|246\/304\n|\n|-heal|p1a: Toxapex|265\/304|[from] item: Black Sludge\n|-damage|p2a: Medicham|85\/261 psn|[from] psn\n|upkeep\n|turn|24\n|choice|move scald|move thunderpunch\n|\n|move|p2a: Medicham|Thunder Punch|p1a: Toxapex\n|-supereffective|p1a: Toxapex\n|-damage|p1a: Toxapex|103\/304\n|-status|p1a: Toxapex|par\n|move|p1a: Toxapex|Scald|p2a: Medicham\n|-damage|p2a: Medicham|24\/261 psn\n|\n|-heal|p1a: Toxapex|122\/304 par|[from] item: Black Sludge\n|-damage|p2a: Medicham|0 fnt|[from] psn\n|upkeep\n|faint|p2a: Medicham\n|choice||switch 3\n|\n|switch|p2a: Garchomp|Garchomp, F|313\/357 psn\n|turn|25\n|choice|switch 6|switch 4\n|\n|switch|p2a: Greninja|Greninja, M|250\/285 psn\n|switch|p1a: Hippowdon|Hippowdon, M|420\/420\n|\n|-damage|p2a: Greninja|215\/285 psn|[from] psn\n|upkeep\n|turn|26\n|choice|switch 6|move darkpulse\n|\n|switch|p1a: Toxapex|Toxapex, F|223\/304 par\n|move|p2a: Greninja|Dark Pulse|p1a: Toxapex\n|-damage|p1a: Toxapex|99\/304 par\n|\n|-heal|p1a: Toxapex|118\/304 par|[from] item: Black Sludge\n|-damage|p2a: Greninja|180\/285 psn|[from] psn\n|upkeep\n|turn|27\n|choice|switch 2|move darkpulse\n|\n|switch|p1a: Muk|Muk-Alola, F|414\/414\n|move|p2a: Greninja|Dark Pulse|p1a: Muk\n|-resisted|p1a: Muk\n|-damage|p1a: Muk|354\/414\n|\n|-damage|p2a: Greninja|145\/285 psn|[from] psn\n|upkeep\n|turn|28\n|choice|move pursuit|switch 6\n|\n|-activate|p2a: Greninja|move: Pursuit\n|move|p1a: Muk|Pursuit|p2a: Greninja|[from]pursuit\n|-resisted|p2a: Greninja\n|-damage|p2a: Greninja|45\/285 psn\n|switch|p2a: Ferrothorn|Ferrothorn, M|352\/352\n|\n|upkeep\n|turn|29\n|-message|Dram is average forfeited.\n|\n|win|I'm back from mars\n|l|Dram is average","inputlog":null,"uploadtime":1495206256,"views":1,"p1id":"imbackfrommars","p2id":"dramisaverage","formatid":"gen7ou","rating":0,"private":0,"password":null}