{"id":"gen7ou-766807262","p1":"uuuuiiii","p2":"union boss","format":"gen7ou","log":"|j|\u2606uuuuiiii\n|j|\u2606union boss\n|player|p1|uuuuiiii|2\n|player|p2|union boss|134\n|teamsize|p1|6\n|teamsize|p2|6\n|gametype|singles\n|gen|7\n|tier|[Gen 7] OU\n|rated|\n|rule|Sleep Clause Mod: Limit one foe put to sleep\n|rule|Species Clause: Limit one of each Pok\u00e9mon\n|rule|OHKO Clause: OHKO moves are banned\n|rule|Moody Clause: Moody is banned\n|rule|Evasion Moves Clause: Evasion moves are banned\n|rule|Endless Battle Clause: Forcing endless battles is banned\n|rule|HP Percentage Mod: HP is shown in percentages\n|clearpoke\n|poke|p1|Silvally-*|item\n|poke|p1|Kartana|item\n|poke|p1|Tapu Koko|item\n|poke|p1|Hawlucha, M|item\n|poke|p1|Landorus-Therian, M|item\n|poke|p1|Celesteela|item\n|poke|p2|Ninetales-Alola, M|item\n|poke|p2|Magearna|item\n|poke|p2|Zygarde|item\n|poke|p2|Alakazam, M|item\n|poke|p2|Landorus-Therian, M|item\n|poke|p2|Manaphy|item\n|teampreview\n|j| qingsomepokeman\n|j| loser115\n|j| w1575\n|\n|start\n|switch|p1a: Kartana|Kartana|100\/100\n|switch|p2a: IShouldBePU|Landorus-Therian, M|100\/100\n|-ability|p2a: IShouldBePU|Intimidate|boost\n|-unboost|p1a: Kartana|atk|1\n|turn|1\n|\n|switch|p1a: Landorus|Landorus-Therian, M|100\/100\n|-ability|p1a: Landorus|Intimidate|boost\n|-unboost|p2a: IShouldBePU|atk|1\n|move|p2a: IShouldBePU|Stealth Rock|p1a: Landorus\n|-sidestart|p1: uuuuiiii|move: Stealth Rock\n|\n|upkeep\n|turn|2\n|\n|move|p1a: Landorus|Stealth Rock|p2a: IShouldBePU\n|-sidestart|p2: union boss|move: Stealth Rock\n|move|p2a: IShouldBePU|Swords Dance|p2a: IShouldBePU\n|-boost|p2a: IShouldBePU|atk|2\n|\n|upkeep\n|turn|3\n|\n|move|p2a: IShouldBePU|Explosion|p1a: Landorus\n|-enditem|p1a: Landorus|Focus Sash\n|-damage|p1a: Landorus|1\/100\n|faint|p2a: IShouldBePU\n|move|p1a: Landorus|Swords Dance|p1a: Landorus\n|-boost|p1a: Landorus|atk|2\n|\n|upkeep\n|\n|switch|p2a: ImSmart|Alakazam, M|100\/100\n|turn|4\n|\n|move|p2a: ImSmart|Hidden Power|p1a: Landorus\n|-damage|p1a: Landorus|0 fnt\n|faint|p1a: Landorus\n|\n|upkeep\n|\n|switch|p1a: Celesteela|Celesteela|100\/100\n|-damage|p1a: Celesteela|88\/100|[from] Stealth Rock\n|turn|5\n|j| CantStopTheDurst\n|\n|move|p2a: ImSmart|Hidden Power|p1a: Celesteela\n|-supereffective|p1a: Celesteela\n|-damage|p1a: Celesteela|52\/100\n|move|p1a: Celesteela|Heavy Slam|p2a: ImSmart\n|-damage|p2a: ImSmart|0 fnt\n|faint|p2a: ImSmart\n|-ability|p1a: Celesteela|Beast Boost|boost\n|-boost|p1a: Celesteela|def|1\n|\n|-heal|p1a: Celesteela|58\/100|[from] item: Leftovers\n|upkeep\n|\n|switch|p2a: IMATOOHTPASTE|Zygarde, shiny|100\/100\n|-damage|p2a: IMATOOHTPASTE|94\/100|[from] Stealth Rock\n|-ability|p2a: IMATOOHTPASTE|Aura Break\n|turn|6\n|\n|switch|p1a: Silvally|Silvally|100\/100\n|-damage|p1a: Silvally|88\/100|[from] Stealth Rock\n|move|p2a: IMATOOHTPASTE|Substitute|p2a: IMATOOHTPASTE\n|-start|p2a: IMATOOHTPASTE|Substitute\n|-damage|p2a: IMATOOHTPASTE|69\/100\n|\n|-heal|p1a: Silvally|94\/100|[from] item: Leftovers\n|upkeep\n|turn|7\n|\n|move|p1a: Silvally|Ice Beam|p2a: IMATOOHTPASTE\n|-supereffective|p2a: IMATOOHTPASTE\n|-end|p2a: IMATOOHTPASTE|Substitute\n|move|p2a: IMATOOHTPASTE|Thousand Arrows|p1a: Silvally\n|-damage|p1a: Silvally|51\/100\n|\n|-heal|p1a: Silvally|57\/100|[from] item: Leftovers\n|upkeep\n|turn|8\n|\n|switch|p2a: Chasey?who?|Manaphy|100\/100\n|-damage|p2a: Chasey?who?|88\/100|[from] Stealth Rock\n|move|p1a: Silvally|Ice Beam|p2a: Chasey?who?\n|-resisted|p2a: Chasey?who?\n|-damage|p2a: Chasey?who?|77\/100\n|\n|-heal|p1a: Silvally|63\/100|[from] item: Leftovers\n|upkeep\n|turn|9\n|\n|-zpower|p2a: Chasey?who?\n|move|p2a: Chasey?who?|Hydro Vortex|p1a: Silvally|[zeffect]\n|-damage|p1a: Silvally|0 fnt\n|faint|p1a: Silvally\n|\n|upkeep\n|\n|switch|p1a: Kartana|Kartana|100\/100\n|-damage|p1a: Kartana|94\/100|[from] Stealth Rock\n|turn|10\n|\n|move|p1a: Kartana|Swords Dance|p1a: Kartana\n|-boost|p1a: Kartana|atk|2\n|move|p2a: Chasey?who?|Surf|p1a: Kartana\n|-resisted|p1a: Kartana\n|-damage|p1a: Kartana|36\/100\n|\n|upkeep\n|turn|11\n|\n|move|p1a: Kartana|Leaf Blade|p2a: Chasey?who?\n|-supereffective|p2a: Chasey?who?\n|-damage|p2a: Chasey?who?|0 fnt\n|faint|p2a: Chasey?who?\n|-ability|p1a: Kartana|Beast Boost|boost\n|-boost|p1a: Kartana|atk|1\n|\n|upkeep\n|\n|switch|p2a: cute|Ninetales-Alola, M|100\/100\n|-damage|p2a: cute|76\/100|[from] Stealth Rock\n|-weather|Hail|[from] ability: Snow Warning|[of] p2a: cute\n|turn|12\n|inactive|Battle timer is ON: inactive players will automatically lose when time's up. (requested by union boss)\n|\n|move|p2a: cute|Freeze-Dry|p1a: Kartana\n|-damage|p1a: Kartana|0 fnt\n|faint|p1a: Kartana\n|\n|-weather|Hail|[upkeep]\n|upkeep\n|l| w1575\n|\n|switch|p1a: Celesteela|Celesteela|58\/100\n|-damage|p1a: Celesteela|45\/100|[from] Stealth Rock\n|turn|13\n|\n|move|p2a: cute|Aurora Veil|p2a: cute\n|-sidestart|p2: union boss|move: Aurora Veil\n|move|p1a: Celesteela|Heavy Slam|p2a: cute\n|-supereffective|p2a: cute\n|-damage|p2a: cute|0 fnt\n|faint|p2a: cute\n|-ability|p1a: Celesteela|Beast Boost|boost\n|-boost|p1a: Celesteela|def|1\n|\n|-weather|Hail|[upkeep]\n|-damage|p1a: Celesteela|39\/100|[from] Hail\n|-heal|p1a: Celesteela|45\/100|[from] item: Leftovers\n|upkeep\n|\n|switch|p2a: IMATOOHTPASTE|Zygarde, shiny|69\/100\n|-damage|p2a: IMATOOHTPASTE|63\/100|[from] Stealth Rock\n|-ability|p2a: IMATOOHTPASTE|Aura Break\n|turn|14\n|\n|switch|p1a: Tapu Koko|Tapu Koko|100\/100\n|-damage|p1a: Tapu Koko|88\/100|[from] Stealth Rock\n|-fieldstart|move: Electric Terrain|[from] ability: Electric Surge|[of] p1a: Tapu Koko\n|move|p2a: IMATOOHTPASTE|Substitute|p2a: IMATOOHTPASTE\n|-start|p2a: IMATOOHTPASTE|Substitute\n|-damage|p2a: IMATOOHTPASTE|38\/100\n|\n|-weather|Hail|[upkeep]\n|-damage|p1a: Tapu Koko|82\/100|[from] Hail\n|-damage|p2a: IMATOOHTPASTE|32\/100|[from] Hail\n|upkeep\n|turn|15\n|\n|move|p1a: Tapu Koko|Dazzling Gleam|p2a: IMATOOHTPASTE\n|-supereffective|p2a: IMATOOHTPASTE\n|-end|p2a: IMATOOHTPASTE|Substitute\n|move|p2a: IMATOOHTPASTE|Dragon Dance|p2a: IMATOOHTPASTE\n|-boost|p2a: IMATOOHTPASTE|atk|1\n|-boost|p2a: IMATOOHTPASTE|spe|1\n|\n|-weather|Hail|[upkeep]\n|-damage|p1a: Tapu Koko|76\/100|[from] Hail\n|-damage|p2a: IMATOOHTPASTE|26\/100|[from] Hail\n|upkeep\n|turn|16\n|\n|move|p1a: Tapu Koko|Dazzling Gleam|p2a: IMATOOHTPASTE\n|-supereffective|p2a: IMATOOHTPASTE\n|-damage|p2a: IMATOOHTPASTE|0 fnt\n|faint|p2a: IMATOOHTPASTE\n|\n|-weather|none\n|upkeep\n|\n|switch|p2a: URWEAKTOME|Magearna|100\/100\n|-damage|p2a: URWEAKTOME|94\/100|[from] Stealth Rock\n|turn|17\n|\n|switch|p1a: Hawlucha|Hawlucha, M|100\/100\n|-enditem|p1a: Hawlucha|Electric Seed\n|-boost|p1a: Hawlucha|def|1\n|-damage|p1a: Hawlucha|88\/100|[from] Stealth Rock\n|move|p2a: URWEAKTOME|Shift Gear|p2a: URWEAKTOME\n|-boost|p2a: URWEAKTOME|spe|2\n|-boost|p2a: URWEAKTOME|atk|1\n|\n|upkeep\n|turn|18\n|\n|move|p1a: Hawlucha|High Jump Kick|p2a: URWEAKTOME\n|-damage|p2a: URWEAKTOME|71\/100\n|move|p2a: URWEAKTOME|Thunderbolt|p1a: Hawlucha\n|-supereffective|p1a: Hawlucha\n|-damage|p1a: Hawlucha|0 fnt\n|faint|p1a: Hawlucha\n|-ability|p2a: URWEAKTOME|Soul-Heart|boost\n|-boost|p2a: URWEAKTOME|spa|1\n|\n|-fieldend|move: Electric Terrain\n|upkeep\n|\n|switch|p1a: Celesteela|Celesteela|45\/100\n|-damage|p1a: Celesteela|33\/100|[from] Stealth Rock\n|turn|19\n|\n|move|p1a: Celesteela|Protect|p1a: Celesteela\n|-singleturn|p1a: Celesteela|Protect\n|move|p2a: URWEAKTOME|Thunderbolt|p1a: Celesteela\n|-activate|p1a: Celesteela|move: Protect\n|\n|-heal|p1a: Celesteela|39\/100|[from] item: Leftovers\n|upkeep\n|turn|20\n|\n|move|p2a: URWEAKTOME|Thunderbolt|p1a: Celesteela\n|-supereffective|p1a: Celesteela\n|-damage|p1a: Celesteela|0 fnt\n|faint|p1a: Celesteela\n|-ability|p2a: URWEAKTOME|Soul-Heart|boost\n|-boost|p2a: URWEAKTOME|spa|1\n|\n|-sideend|p2: union boss|move: Aurora Veil\n|upkeep\n|\n|switch|p1a: Tapu Koko|Tapu Koko|76\/100\n|-damage|p1a: Tapu Koko|64\/100|[from] Stealth Rock\n|-fieldstart|move: Electric Terrain|[from] ability: Electric Surge|[of] p1a: Tapu Koko\n|turn|21\n|\n|move|p1a: Tapu Koko|Thunderbolt|p2a: URWEAKTOME\n|-damage|p2a: URWEAKTOME|23\/100\n|-enditem|p2a: URWEAKTOME|Iapapa Berry|[eat]\n|-heal|p2a: URWEAKTOME|73\/100|[from] item: Iapapa Berry\n|move|p2a: URWEAKTOME|Ice Beam|p1a: Tapu Koko\n|-damage|p1a: Tapu Koko|0 fnt\n|faint|p1a: Tapu Koko\n|\n|win|union boss\n|j| w1575\n|raw|uuuuiiii's rating: 1869 &rarr; <strong>1849<\/strong><br \/>(-20 for losing)\n|raw|union boss's rating: 1870 &rarr; <strong>1890<\/strong><br \/>(+20 for winning)\n|l|\u2606uuuuiiii\n|l|\u2606union boss\n|l| w1575\n|l| qingsomepokeman\n|l| CantStopTheDurst\n","inputlog":null,"uploadtime":1529839056,"views":102,"p1id":"uuuuiiii","p2id":"unionboss","formatid":"gen7ou","rating":1849,"private":0,"password":null}