{"id":"gen7ou-1554336428","p1":"SkipTheDripBayless","p2":"FortnitePogger69","format":"gen7ou","log":"|j|\u2606SkipTheDripBayless\n|j|\u203dFortnitePogger69\n|t:|1650065492\n|gametype|singles\n|player|p1|SkipTheDripBayless|wally|1552\n|player|p2|FortnitePogger69|jogger|1625\n|teamsize|p1|6\n|teamsize|p2|6\n|gen|7\n|tier|[Gen 7] OU\n|rated|\n|rule|Sleep Clause Mod: Limit one foe put to sleep\n|rule|Species Clause: Limit one of each Pok\u00e9mon\n|rule|OHKO Clause: OHKO moves are banned\n|rule|Moody Clause: Moody is banned\n|rule|Evasion Moves Clause: Evasion moves are banned\n|rule|Endless Battle Clause: Forcing endless battles is banned\n|rule|HP Percentage Mod: HP is shown in percentages\n|clearpoke\n|poke|p1|Magearna|item\n|poke|p1|Skarmory, M|item\n|poke|p1|Alakazam, F|item\n|poke|p1|Toxapex, M|item\n|poke|p1|Chansey, F|item\n|poke|p1|Gliscor, F|item\n|poke|p2|Uxie|item\n|poke|p2|Mawile, M|item\n|poke|p2|Stakataka|item\n|poke|p2|Marowak-Alola, M|item\n|poke|p2|Cresselia, F|item\n|poke|p2|Crawdaunt, F|item\n|teampreview\n|inactive|Battle timer is ON: inactive players will automatically lose when time's up. (requested by SkipTheDripBayless)\n|\n|t:|1650065518\n|start\n|switch|p1a: Magearna|Magearna|100\/100\n|switch|p2a: Uxie|Uxie|100\/100\n|turn|1\n|\n|t:|1650065523\n|move|p2a: Uxie|Stealth Rock|p1a: Magearna\n|-sidestart|p1: SkipTheDripBayless|move: Stealth Rock\n|move|p1a: Magearna|Calm Mind|p1a: Magearna\n|-boost|p1a: Magearna|spa|1\n|-boost|p1a: Magearna|spd|1\n|\n|upkeep\n|turn|2\n|\n|t:|1650065531\n|-zpower|p1a: Magearna\n|move|p1a: Magearna|Twinkle Tackle|p2a: Uxie|[zeffect]\n|-damage|p2a: Uxie|0 fnt\n|faint|p2a: Uxie\n|-ability|p1a: Magearna|Soul-Heart|boost\n|-boost|p1a: Magearna|spa|1\n|\n|upkeep\n|\n|t:|1650065558\n|switch|p2a: Cresselia|Cresselia, F|100\/100\n|turn|3\n|\n|t:|1650065570\n|switch|p1a: Toxapex|Toxapex, M|100\/100\n|-damage|p1a: Toxapex|88\/100|[from] Stealth Rock\n|move|p2a: Cresselia|Trick Room|p2a: Cresselia\n|-fieldstart|move: Trick Room|[of] p2a: Cresselia\n|\n|-heal|p1a: Toxapex|94\/100|[from] item: Black Sludge\n|upkeep\n|turn|4\n|\n|t:|1650065585\n|switch|p2a: Crawdaunt|Crawdaunt, F|100\/100\n|move|p1a: Toxapex|Toxic Spikes|p2a: Crawdaunt\n|-sidestart|p2: FortnitePogger69|move: Toxic Spikes\n|\n|-heal|p1a: Toxapex|100\/100|[from] item: Black Sludge\n|upkeep\n|turn|5\n|\n|t:|1650065591\n|move|p2a: Crawdaunt|Swords Dance|p2a: Crawdaunt\n|-boost|p2a: Crawdaunt|atk|2\n|move|p1a: Toxapex|Haze|p1a: Toxapex\n|-clearallboost\n|\n|upkeep\n|turn|6\n|\n|t:|1650065600\n|switch|p2a: Mawile|Mawile, M|100\/100\n|move|p1a: Toxapex|Haze|p1a: Toxapex\n|-clearallboost\n|\n|upkeep\n|turn|7\n|\n|t:|1650065618\n|switch|p1a: Skarmory|Skarmory, M|100\/100\n|-damage|p1a: Skarmory|88\/100|[from] Stealth Rock\n|detailschange|p2a: Mawile|Mawile-Mega, M\n|-mega|p2a: Mawile|Mawile|Mawilite\n|move|p2a: Mawile|Play Rough|p1a: Skarmory\n|-resisted|p1a: Skarmory\n|-damage|p1a: Skarmory|63\/100\n|-damage|p2a: Mawile|84\/100|[from] item: Rocky Helmet|[of] p1a: Skarmory\n|\n|-fieldend|move: Trick Room\n|upkeep\n|turn|8\n|\n|t:|1650065629\n|switch|p2a: Stakataka|Stakataka|100\/100\n|move|p1a: Skarmory|Roost|p1a: Skarmory\n|-heal|p1a: Skarmory|100\/100\n|-singleturn|p1a: Skarmory|move: Roost\n|\n|upkeep\n|turn|9\n|\n|t:|1650065631\n|move|p1a: Skarmory|Spikes|p2a: Stakataka\n|-sidestart|p2: FortnitePogger69|Spikes\n|move|p2a: Stakataka|Trick Room|p2a: Stakataka\n|-fieldstart|move: Trick Room|[of] p2a: Stakataka\n|\n|upkeep\n|turn|10\n|\n|t:|1650065637\n|switch|p2a: Marowak|Marowak-Alola, M|100\/100\n|-damage|p2a: Marowak|88\/100|[from] Spikes\n|-status|p2a: Marowak|psn\n|move|p1a: Skarmory|Spikes|p2a: Marowak\n|-sidestart|p2: FortnitePogger69|Spikes\n|\n|-damage|p2a: Marowak|76\/100 psn|[from] psn\n|upkeep\n|turn|11\n|\n|t:|1650065645\n|switch|p1a: Chansey|Chansey, F|100\/100\n|-damage|p1a: Chansey|88\/100|[from] Stealth Rock\n|move|p2a: Marowak|Flare Blitz|p1a: Chansey\n|-damage|p1a: Chansey|27\/100\n|\n|-damage|p2a: Marowak|63\/100 psn|[from] psn\n|upkeep\n|turn|12\n|\n|t:|1650065652\n|move|p2a: Marowak|Flare Blitz|p1a: Chansey\n|-damage|p1a: Chansey|0 fnt\n|faint|p1a: Chansey\n|\n|-damage|p2a: Marowak|51\/100 psn|[from] psn\n|upkeep\n|\n|t:|1650065655\n|switch|p1a: Toxapex|Toxapex, M|100\/100\n|-damage|p1a: Toxapex|88\/100|[from] Stealth Rock\n|turn|13\n|\n|t:|1650065658\n|move|p2a: Marowak|Bonemerang|p1a: Toxapex\n|-supereffective|p1a: Toxapex\n|-damage|p1a: Toxapex|54\/100\n|-supereffective|p1a: Toxapex\n|-damage|p1a: Toxapex|21\/100\n|-hitcount|p1a: Toxapex|2\n|move|p1a: Toxapex|Scald|p2a: Marowak\n|-supereffective|p2a: Marowak\n|-damage|p2a: Marowak|8\/100 psn\n|\n|-heal|p1a: Toxapex|27\/100|[from] item: Black Sludge\n|-damage|p2a: Marowak|0 fnt|[from] psn\n|faint|p2a: Marowak\n|-fieldend|move: Trick Room\n|upkeep\n|\n|t:|1650065680\n|switch|p2a: Crawdaunt|Crawdaunt, F|100\/100\n|-damage|p2a: Crawdaunt|84\/100|[from] Spikes\n|-status|p2a: Crawdaunt|psn\n|turn|14\n|\n|t:|1650065695\n|switch|p1a: Alakazam|Alakazam, F|100\/100\n|-damage|p1a: Alakazam|88\/100|[from] Stealth Rock\n|move|p2a: Crawdaunt|Knock Off|p1a: Alakazam\n|-supereffective|p1a: Alakazam\n|-damage|p1a: Alakazam|0 fnt\n|faint|p1a: Alakazam\n|-damage|p2a: Crawdaunt|74\/100 psn|[from] item: Life Orb\n|\n|-damage|p2a: Crawdaunt|61\/100 psn|[from] psn\n|upkeep\n|\n|t:|1650065697\n|switch|p1a: Magearna|Magearna|100\/100\n|-damage|p1a: Magearna|94\/100|[from] Stealth Rock\n|turn|15\n|\n|t:|1650065705\n|switch|p2a: Cresselia|Cresselia, F|100\/100\n|move|p1a: Magearna|Thunderbolt|p2a: Cresselia\n|-damage|p2a: Cresselia|80\/100\n|\n|upkeep\n|turn|16\n|\n|t:|1650065710\n|move|p1a: Magearna|Calm Mind|p1a: Magearna\n|-boost|p1a: Magearna|spa|1\n|-boost|p1a: Magearna|spd|1\n|move|p2a: Cresselia|Trick Room|p2a: Cresselia\n|-fieldstart|move: Trick Room|[of] p2a: Cresselia\n|\n|upkeep\n|turn|17\n|\n|t:|1650065718\n|switch|p2a: Stakataka|Stakataka|100\/100\n|-damage|p2a: Stakataka|84\/100|[from] Spikes\n|move|p1a: Magearna|Calm Mind|p1a: Magearna\n|-boost|p1a: Magearna|spa|1\n|-boost|p1a: Magearna|spd|1\n|\n|upkeep\n|turn|18\n|\n|t:|1650065725\n|switch|p1a: Skarmory|Skarmory, M|100\/100\n|-damage|p1a: Skarmory|88\/100|[from] Stealth Rock\n|move|p2a: Stakataka|Gyro Ball|p1a: Skarmory\n|-resisted|p1a: Skarmory\n|-damage|p1a: Skarmory|66\/100\n|-damage|p2a: Stakataka|67\/100|[from] item: Rocky Helmet|[of] p1a: Skarmory\n|\n|upkeep\n|turn|19\n|\n|t:|1650065731\n|-zpower|p2a: Stakataka\n|move|p2a: Stakataka|Continental Crush|p1a: Skarmory|[zeffect]\n|-damage|p1a: Skarmory|8\/100\n|move|p1a: Skarmory|Roost|p1a: Skarmory\n|-heal|p1a: Skarmory|58\/100\n|-singleturn|p1a: Skarmory|move: Roost\n|\n|upkeep\n|turn|20\n|\n|t:|1650065736\n|move|p2a: Stakataka|Stone Edge|p1a: Skarmory\n|-damage|p1a: Skarmory|25\/100\n|move|p1a: Skarmory|Roost|p1a: Skarmory\n|-heal|p1a: Skarmory|75\/100\n|-singleturn|p1a: Skarmory|move: Roost\n|\n|-fieldend|move: Trick Room\n|upkeep\n|turn|21\n|\n|t:|1650065748\n|move|p1a: Skarmory|Whirlwind|p2a: Stakataka\n|drag|p2a: Crawdaunt|Crawdaunt, F|61\/100 psn\n|-damage|p2a: Crawdaunt|45\/100 psn|[from] Spikes\n|\n|-damage|p2a: Crawdaunt|32\/100 psn|[from] psn\n|upkeep\n|turn|22\n|\n|t:|1650065771\n|switch|p1a: Magearna|Magearna|94\/100\n|-damage|p1a: Magearna|88\/100|[from] Stealth Rock\n|move|p2a: Crawdaunt|Swords Dance|p2a: Crawdaunt\n|-boost|p2a: Crawdaunt|atk|2\n|\n|-damage|p2a: Crawdaunt|20\/100 psn|[from] psn\n|upkeep\n|turn|23\n|\n|t:|1650065779\n|move|p2a: Crawdaunt|Aqua Jet|p1a: Magearna\n|-damage|p1a: Magearna|27\/100\n|-damage|p2a: Crawdaunt|10\/100 psn|[from] item: Life Orb\n|move|p1a: Magearna|Thunderbolt|p2a: Crawdaunt\n|-supereffective|p2a: Crawdaunt\n|-damage|p2a: Crawdaunt|0 fnt\n|faint|p2a: Crawdaunt\n|-ability|p1a: Magearna|Soul-Heart|boost\n|-boost|p1a: Magearna|spa|1\n|\n|upkeep\n|\n|t:|1650065785\n|switch|p2a: Stakataka|Stakataka|67\/100\n|-damage|p2a: Stakataka|51\/100|[from] Spikes\n|turn|24\n|\n|t:|1650065792\n|move|p1a: Magearna|Thunderbolt|p2a: Stakataka\n|-damage|p2a: Stakataka|0 fnt\n|faint|p2a: Stakataka\n|-ability|p1a: Magearna|Soul-Heart|boost\n|-boost|p1a: Magearna|spa|1\n|\n|upkeep\n|-message|FortnitePogger69 forfeited.\n|\n|win|SkipTheDripBayless\n|raw|SkipTheDripBayless's rating: 1552 &rarr; <strong>1576<\/strong><br \/>(+24 for winning)\n|raw|FortnitePogger69's rating: 1625 &rarr; <strong>1601<\/strong><br \/>(-24 for losing)\n","uploadtime":1650065800,"views":8,"p1id":"skipthedripbayless","p2id":"fortnitepogger69","formatid":"gen7ou","rating":1576,"private":0,"password":null}