{"id":"gen7ou-761555146","p1":"Adelorme2","p2":"BigL91","format":"gen7ou","log":"|j|\u2606Adelorme2\n|j|\u2606BigL91\n|player|p1|Adelorme2|123\n|player|p2|BigL91|2\n|teamsize|p1|6\n|teamsize|p2|6\n|gametype|singles\n|gen|7\n|tier|[Gen 7] OU\n|rated|\n|rule|Sleep Clause Mod: Limit one foe put to sleep\n|rule|Species Clause: Limit one of each Pok\u00e9mon\n|rule|OHKO Clause: OHKO moves are banned\n|rule|Moody Clause: Moody is banned\n|rule|Evasion Moves Clause: Evasion moves are banned\n|rule|Endless Battle Clause: Forcing endless battles is banned\n|rule|HP Percentage Mod: HP is shown in percentages\n|clearpoke\n|poke|p1|Xatu, F|item\n|poke|p1|Golem-Alola, M|item\n|poke|p1|Skarmory, M|item\n|poke|p1|Gastrodon, M|item\n|poke|p1|Zapdos|item\n|poke|p1|Altaria, F|item\n|poke|p2|Excadrill, M|item\n|poke|p2|Tapu Koko|item\n|poke|p2|Kartana|item\n|poke|p2|Diancie|item\n|poke|p2|Zygarde|item\n|poke|p2|Tangrowth, M|item\n|teampreview\n|\n|start\n|switch|p1a: Golem|Golem-Alola, M|100\/100\n|switch|p2a: Excadrill|Excadrill, M|100\/100\n|-ability|p2a: Excadrill|Mold Breaker\n|turn|1\n|\n|move|p1a: Golem|Earthquake|p2a: Excadrill\n|-supereffective|p2a: Excadrill\n|-enditem|p2a: Excadrill|Focus Sash\n|-damage|p2a: Excadrill|1\/100\n|move|p2a: Excadrill|Stealth Rock|p1a: Golem\n|-sidestart|p1: Adelorme2|move: Stealth Rock\n|\n|upkeep\n|turn|2\n|\n|move|p1a: Golem|Earthquake|p2a: Excadrill\n|-supereffective|p2a: Excadrill\n|-damage|p2a: Excadrill|0 fnt\n|faint|p2a: Excadrill\n|\n|upkeep\n|\n|switch|p2a: Zygarde|Zygarde|100\/100\n|-ability|p2a: Zygarde|Aura Break\n|turn|3\n|\n|switch|p1a: Zapdos|Zapdos|100\/100\n|-damage|p1a: Zapdos|76\/100|[from] Stealth Rock\n|move|p2a: Zygarde|Thousand Arrows|p1a: Zapdos\n|-damage|p1a: Zapdos|26\/100\n|-start|p1a: Zapdos|Smack Down\n|\n|-heal|p1a: Zapdos|32\/100|[from] item: Leftovers\n|upkeep\n|turn|4\n|\n|switch|p2a: Tangrowth|Tangrowth, M|100\/100\n|move|p1a: Zapdos|Defog|p2a: Tangrowth\n|-unboost|p2a: Tangrowth|evasion|1\n|-sideend|p1: Adelorme2|Stealth Rock|[from] move: Defog|[of] p1a: Zapdos\n|\n|-heal|p1a: Zapdos|38\/100|[from] item: Leftovers\n|upkeep\n|turn|5\n|\n|switch|p1a: Altaria|Altaria, F|100\/100\n|move|p2a: Tangrowth|Knock Off|p1a: Altaria\n|-damage|p1a: Altaria|89\/100\n|\n|upkeep\n|turn|6\n|\n|switch|p2a: Kikoupe|Kartana|100\/100\n|detailschange|p1a: Altaria|Altaria-Mega, F\n|-mega|p1a: Altaria|Altaria|Altarianite\n|move|p1a: Altaria|Body Slam|p2a: Kikoupe\n|-resisted|p2a: Kikoupe\n|-damage|p2a: Kikoupe|80\/100\n|\n|upkeep\n|turn|7\n|\n|switch|p2a: Tapu Koko|Tapu Koko|100\/100\n|-fieldstart|move: Electric Terrain|[from] ability: Electric Surge|[of] p2a: Tapu Koko\n|switch|p1a: Zapdos|Zapdos|38\/100\n|\n|-heal|p1a: Zapdos|44\/100|[from] item: Leftovers\n|upkeep\n|turn|8\n|\n|switch|p1a: Gastrodon|Gastrodon, M|100\/100\n|move|p2a: Tapu Koko|U-turn|p1a: Gastrodon\n|-damage|p1a: Gastrodon|74\/100\n|\n|switch|p2a: Diancie|Diancie|100\/100\n|\n|-heal|p1a: Gastrodon|80\/100|[from] item: Leftovers\n|upkeep\n|turn|9\n|\n|detailschange|p2a: Diancie|Diancie-Mega\n|-mega|p2a: Diancie|Diancie|Diancite\n|move|p2a: Diancie|Moonblast|p1a: Gastrodon\n|-damage|p1a: Gastrodon|40\/100\n|move|p1a: Gastrodon|Recover|p1a: Gastrodon\n|-heal|p1a: Gastrodon|90\/100\n|\n|-heal|p1a: Gastrodon|96\/100|[from] item: Leftovers\n|upkeep\n|turn|10\n|\n|switch|p2a: Kikoupe|Kartana|80\/100\n|move|p1a: Gastrodon|Earthquake|p2a: Kikoupe\n|-damage|p2a: Kikoupe|48\/100\n|\n|-heal|p1a: Gastrodon|100\/100|[from] item: Leftovers\n|upkeep\n|turn|11\n|\n|switch|p1a: Xatu|Xatu, F|100\/100\n|move|p2a: Kikoupe|Knock Off|p1a: Xatu\n|-supereffective|p1a: Xatu\n|-damage|p1a: Xatu|7\/100\n|-enditem|p1a: Xatu|Weakness Policy\n|-boost|p1a: Xatu|atk|2\n|-boost|p1a: Xatu|spa|2\n|\n|-fieldend|move: Electric Terrain\n|upkeep\n|turn|12\n|\n|switch|p1a: Altaria|Altaria-Mega, F|89\/100\n|move|p2a: Kikoupe|Knock Off|p1a: Altaria\n|-resisted|p1a: Altaria\n|-damage|p1a: Altaria|79\/100\n|\n|upkeep\n|turn|13\n|\n|switch|p2a: Tangrowth|Tangrowth, M|100\/100\n|move|p1a: Altaria|Body Slam|p2a: Tangrowth\n|-damage|p2a: Tangrowth|74\/100\n|\n|upkeep\n|turn|14\n|\n|move|p1a: Altaria|Body Slam|p2a: Tangrowth\n|-damage|p2a: Tangrowth|49\/100\n|move|p2a: Tangrowth|Hidden Power|p1a: Altaria\n|-supereffective|p1a: Altaria\n|-damage|p1a: Altaria|51\/100\n|\n|upkeep\n|turn|15\n|\n|switch|p2a: Zygarde|Zygarde|100\/100\n|-ability|p2a: Zygarde|Aura Break\n|move|p1a: Altaria|Body Slam|p2a: Zygarde\n|-supereffective|p2a: Zygarde\n|-damage|p2a: Zygarde|38\/100\n|\n|upkeep\n|turn|16\n|\n|move|p2a: Zygarde|Thousand Arrows|p1a: Altaria\n|-damage|p1a: Altaria|3\/100\n|move|p1a: Altaria|Roost|p1a: Altaria\n|-heal|p1a: Altaria|53\/100\n|\n|upkeep\n|turn|17\n|\n|move|p2a: Zygarde|Thousand Arrows|p1a: Altaria\n|-damage|p1a: Altaria|8\/100\n|move|p1a: Altaria|Roost|p1a: Altaria\n|-heal|p1a: Altaria|58\/100\n|\n|upkeep\n|turn|18\n|\n|move|p2a: Zygarde|Thousand Arrows|p1a: Altaria\n|-damage|p1a: Altaria|9\/100\n|move|p1a: Altaria|Roost|p1a: Altaria\n|-heal|p1a: Altaria|59\/100\n|\n|upkeep\n|turn|19\n|\n|move|p2a: Zygarde|Thousand Arrows|p1a: Altaria\n|-damage|p1a: Altaria|14\/100\n|move|p1a: Altaria|Roost|p1a: Altaria\n|-heal|p1a: Altaria|64\/100\n|\n|upkeep\n|turn|20\n|\n|move|p2a: Zygarde|Thousand Arrows|p1a: Altaria\n|-damage|p1a: Altaria|20\/100\n|move|p1a: Altaria|Roost|p1a: Altaria\n|-heal|p1a: Altaria|70\/100\n|\n|upkeep\n|turn|21\n|\n|move|p2a: Zygarde|Thousand Arrows|p1a: Altaria\n|-damage|p1a: Altaria|26\/100\n|move|p1a: Altaria|Roost|p1a: Altaria\n|-heal|p1a: Altaria|76\/100\n|\n|upkeep\n|turn|22\n|\n|switch|p2a: Tangrowth|Tangrowth, M|82\/100\n|move|p1a: Altaria|Body Slam|p2a: Tangrowth\n|-damage|p2a: Tangrowth|58\/100\n|\n|upkeep\n|turn|23\n|\n|switch|p2a: Diancie|Diancie-Mega|100\/100\n|move|p1a: Altaria|Roost|p1a: Altaria\n|-heal|p1a: Altaria|100\/100\n|\n|upkeep\n|turn|24\n|\n|switch|p1a: Gastrodon|Gastrodon, M|100\/100\n|move|p2a: Diancie|Moonblast|p1a: Gastrodon\n|-damage|p1a: Gastrodon|63\/100\n|-unboost|p1a: Gastrodon|spa|1\n|\n|-heal|p1a: Gastrodon|69\/100|[from] item: Leftovers\n|upkeep\n|turn|25\n|\n|switch|p2a: Tangrowth|Tangrowth, M|91\/100\n|move|p1a: Gastrodon|Recover|p1a: Gastrodon\n|-heal|p1a: Gastrodon|100\/100\n|\n|upkeep\n|turn|26\n|\n|switch|p2a: Kikoupe|Kartana|48\/100\n|switch|p1a: Altaria|Altaria-Mega, F|100\/100\n|\n|upkeep\n|turn|27\n|\n|switch|p1a: Skarmory|Skarmory, M|100\/100\n|move|p2a: Kikoupe|Smart Strike|p1a: Skarmory\n|-resisted|p1a: Skarmory\n|-damage|p1a: Skarmory|84\/100\n|\n|upkeep\n|turn|28\n|\n|switch|p2a: Tapu Koko|Tapu Koko|100\/100\n|-fieldstart|move: Electric Terrain|[from] ability: Electric Surge|[of] p2a: Tapu Koko\n|move|p1a: Skarmory|Spikes|p2a: Tapu Koko\n|-sidestart|p2: BigL91|Spikes\n|\n|upkeep\n|turn|29\n|\n|switch|p1a: Gastrodon|Gastrodon, M|100\/100\n|move|p2a: Tapu Koko|Taunt|p1a: Gastrodon\n|-start|p1a: Gastrodon|move: Taunt\n|\n|upkeep\n|turn|30\n|\n|move|p2a: Tapu Koko|U-turn|p1a: Gastrodon\n|-damage|p1a: Gastrodon|75\/100\n|\n|switch|p2a: Zygarde|Zygarde|38\/100\n|-damage|p2a: Zygarde|26\/100|[from] Spikes\n|-ability|p2a: Zygarde|Aura Break\n|move|p1a: Gastrodon|Earthquake|p2a: Zygarde\n|-damage|p2a: Zygarde|1\/100\n|\n|-heal|p1a: Gastrodon|81\/100|[from] item: Leftovers\n|upkeep\n|turn|31\n|\n|switch|p1a: Xatu|Xatu, F|7\/100\n|move|p2a: Zygarde|Toxic|p1a: Xatu\n|move|p1a: Xatu|Toxic|p2a: Zygarde|[from]Magic Bounce\n|-status|p2a: Zygarde|tox\n|\n|-damage|p2a: Zygarde|0 fnt|[from] psn\n|upkeep\n|faint|p2a: Zygarde\n|\n|switch|p2a: Kikoupe|Kartana|48\/100\n|-damage|p2a: Kikoupe|36\/100|[from] Spikes\n|turn|32\n|\n|switch|p1a: Skarmory|Skarmory, M|84\/100\n|move|p2a: Kikoupe|Leaf Blade|p1a: Skarmory\n|-resisted|p1a: Skarmory\n|-damage|p1a: Skarmory|72\/100\n|\n|-fieldend|move: Electric Terrain\n|upkeep\n|turn|33\n|-message|BigL91 forfeited.\n|\n|win|Adelorme2\n","inputlog":null,"uploadtime":1528836518,"views":40,"p1id":"adelorme2","p2id":"bigl91","formatid":"gen7ou","rating":0,"private":0,"password":null}