{"id":"gen7ou-938265707","p1":"koishi hack","p2":"HQSFun","format":"gen7ou","log":"|j|\u2606koishi hack\n|j|\u2606HQSFun\n|player|p1|koishi hack|27\n|player|p2|HQSFun|260\n|teamsize|p1|6\n|teamsize|p2|6\n|gametype|singles\n|gen|7\n|tier|[Gen 7] OU\n|rated|\n|rule|Sleep Clause Mod: Limit one foe put to sleep\n|rule|Species Clause: Limit one of each Pok\u00e9mon\n|rule|OHKO Clause: OHKO moves are banned\n|rule|Moody Clause: Moody is banned\n|rule|Evasion Moves Clause: Evasion moves are banned\n|rule|Endless Battle Clause: Forcing endless battles is banned\n|rule|HP Percentage Mod: HP is shown in percentages\n|clearpoke\n|poke|p1|Greninja, M|item\n|poke|p1|Landorus-Therian, M|item\n|poke|p1|Tapu Koko|item\n|poke|p1|Magearna|item\n|poke|p1|Blacephalon|item\n|poke|p1|Serperior, M|item\n|poke|p2|Medicham, M|item\n|poke|p2|Greninja, M|item\n|poke|p2|Kartana|item\n|poke|p2|Landorus-Therian, M|item\n|poke|p2|Magearna|item\n|poke|p2|Tapu Koko|item\n|teampreview\n|inactive|Battle timer is ON: inactive players will automatically lose when time's up. (requested by koishi hack)\n|\n|start\n|switch|p1a: Greninja|Greninja, M|100\/100\n|switch|p2a: Landorus|Landorus-Therian, M|100\/100\n|-ability|p2a: Landorus|Intimidate|boost\n|-unboost|p1a: Greninja|atk|1\n|turn|1\n|\n|move|p1a: Greninja|Ice Beam|p2a: Landorus\n|-start|p1a: Greninja|typechange|Ice|[from] ability: Protean\n|-supereffective|p2a: Landorus\n|-enditem|p2a: Landorus|Yache Berry|[eat]\n|-enditem|p2a: Landorus|Yache Berry|[weaken]\n|-damage|p2a: Landorus|17\/100\n|move|p2a: Landorus|Stealth Rock|p1a: Greninja\n|-sidestart|p1: koishi hack|move: Stealth Rock\n|\n|upkeep\n|turn|2\n|\n|switch|p2a: Greninja|Greninja, M|100\/100\n|move|p1a: Greninja|Ice Beam|p2a: Greninja\n|-resisted|p2a: Greninja\n|-damage|p2a: Greninja|71\/100\n|\n|upkeep\n|turn|3\n|\n|move|p1a: Greninja|Spikes|p2a: Greninja\n|-start|p1a: Greninja|typechange|Ground|[from] ability: Protean\n|-sidestart|p2: HQSFun|Spikes\n|move|p2a: Greninja|Hydro Pump|p1a: Greninja\n|-supereffective|p1a: Greninja\n|-crit|p1a: Greninja\n|-enditem|p1a: Greninja|Focus Sash\n|-damage|p1a: Greninja|1\/100\n|\n|upkeep\n|turn|4\n|\n|move|p1a: Greninja|Ice Beam|p2a: Greninja\n|-start|p1a: Greninja|typechange|Ice|[from] ability: Protean\n|-resisted|p2a: Greninja\n|-damage|p2a: Greninja|39\/100\n|move|p2a: Greninja|Hydro Pump|p1a: Greninja\n|-damage|p1a: Greninja|0 fnt\n|faint|p1a: Greninja\n|-activate|p2a: Greninja|ability: Battle Bond\n|detailschange|p2a: Greninja|Greninja-Ash, M\n|\n|upkeep\n|\n|switch|p1a: Serperior|Serperior, M|100\/100\n|-damage|p1a: Serperior|88\/100|[from] Stealth Rock\n|turn|5\n|\n|switch|p2a: Magearna|Magearna|100\/100\n|-damage|p2a: Magearna|88\/100|[from] Spikes\n|move|p1a: Serperior|Substitute|p1a: Serperior\n|-start|p1a: Serperior|Substitute\n|-damage|p1a: Serperior|63\/100\n|\n|-heal|p1a: Serperior|69\/100|[from] item: Leftovers\n|upkeep\n|turn|6\n|\n|move|p1a: Serperior|Leech Seed|p2a: Magearna\n|-start|p2a: Magearna|move: Leech Seed\n|move|p2a: Magearna|Ice Beam|p1a: Serperior\n|-supereffective|p1a: Serperior\n|-end|p1a: Serperior|Substitute\n|\n|-heal|p1a: Serperior|76\/100|[from] item: Leftovers\n|-damage|p2a: Magearna|76\/100|[from] Leech Seed|[of] p1a: Serperior\n|-heal|p1a: Serperior|90\/100|[silent]\n|upkeep\n|turn|7\n|\n|switch|p2a: Tapu Koko|Tapu Koko|100\/100\n|-damage|p2a: Tapu Koko|88\/100|[from] Spikes\n|-fieldstart|move: Electric Terrain|[from] ability: Electric Surge|[of] p2a: Tapu Koko\n|move|p1a: Serperior|Substitute|p1a: Serperior\n|-start|p1a: Serperior|Substitute\n|-damage|p1a: Serperior|65\/100\n|\n|-heal|p1a: Serperior|72\/100|[from] item: Leftovers\n|upkeep\n|turn|8\n|\n|move|p2a: Tapu Koko|Brave Bird|p1a: Serperior\n|-supereffective|p1a: Serperior\n|-end|p1a: Serperior|Substitute\n|-damage|p2a: Tapu Koko|79\/100|[from] Recoil|[of] p1a: Serperior\n|move|p1a: Serperior|Leaf Storm|p2a: Tapu Koko\n|-damage|p2a: Tapu Koko|5\/100\n|-boost|p1a: Serperior|spa|2\n|\n|-heal|p1a: Serperior|78\/100|[from] item: Leftovers\n|upkeep\n|turn|9\n|\n|switch|p1a: Landorus|Landorus-Therian, M|100\/100\n|-damage|p1a: Landorus|88\/100|[from] Stealth Rock\n|-ability|p1a: Landorus|Intimidate|boost\n|-unboost|p2a: Tapu Koko|atk|1\n|move|p2a: Tapu Koko|Brave Bird|p1a: Landorus\n|-damage|p1a: Landorus|65\/100\n|-damage|p2a: Tapu Koko|0 fnt|[from] Recoil\n|faint|p2a: Tapu Koko\n|\n|upkeep\n|\n|switch|p2a: Greninja|Greninja-Ash, M|39\/100\n|-damage|p2a: Greninja|27\/100|[from] Spikes\n|turn|10\n|\n|move|p2a: Greninja|Dark Pulse|p1a: Landorus\n|-damage|p1a: Landorus|0 fnt\n|faint|p1a: Landorus\n|\n|upkeep\n|\n|switch|p1a: Magearna|Magearna|100\/100\n|-damage|p1a: Magearna|95\/100|[from] Stealth Rock\n|turn|11\n|\n|switch|p2a: Magearna|Magearna|76\/100\n|-damage|p2a: Magearna|63\/100|[from] Spikes\n|move|p1a: Magearna|Shift Gear|p1a: Magearna\n|-boost|p1a: Magearna|spe|2\n|-boost|p1a: Magearna|atk|1\n|\n|-heal|p1a: Magearna|100\/100|[from] item: Leftovers\n|-fieldend|move: Electric Terrain\n|upkeep\n|turn|12\n|\n|move|p1a: Magearna|Calm Mind|p1a: Magearna\n|-boost|p1a: Magearna|spa|1\n|-boost|p1a: Magearna|spd|1\n|move|p2a: Magearna|Flash Cannon|p1a: Magearna\n|-damage|p1a: Magearna|72\/100\n|\n|-heal|p1a: Magearna|78\/100|[from] item: Leftovers\n|upkeep\n|turn|13\n|\n|move|p1a: Magearna|Shift Gear|p1a: Magearna\n|-boost|p1a: Magearna|spe|2\n|-boost|p1a: Magearna|atk|1\n|move|p2a: Magearna|Flash Cannon|p1a: Magearna\n|-crit|p1a: Magearna\n|-damage|p1a: Magearna|11\/100\n|\n|-heal|p1a: Magearna|17\/100|[from] item: Leftovers\n|upkeep\n|turn|14\n|\n|move|p1a: Magearna|Thunderbolt|p2a: Magearna\n|-damage|p2a: Magearna|40\/100\n|move|p2a: Magearna|Flash Cannon|p1a: Magearna\n|-damage|p1a: Magearna|0 fnt\n|faint|p1a: Magearna\n|-ability|p2a: Magearna|Soul-Heart|boost\n|-boost|p2a: Magearna|spa|1\n|\n|upkeep\n|\n|switch|p1a: Blacephalon|Blacephalon|100\/100\n|-damage|p1a: Blacephalon|76\/100|[from] Stealth Rock\n|turn|15\n|-message|koishi hack forfeited.\n|\n|win|HQSFun\n|l|\u2606koishi hack\n|raw|koishi hack's rating: 1746 &rarr; <strong>1717<\/strong><br \/>(-29 for losing)\n|raw|HQSFun's rating: 1568 &rarr; <strong>1598<\/strong><br \/>(+30 for winning)\n","uploadtime":1562032822,"views":15,"p1id":"koishihack","p2id":"hqsfun","formatid":"gen7ou","rating":1598,"private":0,"password":null}