{"id":"gen7randombattle-1128534546","p1":"BaddyGames","p2":"K3ysha_x","format":"gen7randombattle","log":"|j|\u2606BaddyGames\n|j|\u2606K3ysha_x\n|player|p1|BaddyGames|275|\n|player|p2|K3ysha_x|winona|\n|teamsize|p1|6\n|teamsize|p2|6\n|gametype|singles\n|gen|7\n|tier|[Gen 7] Random Battle\n|rule|Sleep Clause Mod: Limit one foe put to sleep\n|rule|HP Percentage Mod: HP is shown in percentages\n|\n|start\n|switch|p1a: Gigalith|Gigalith, L84, F|280\/280\n|switch|p2a: Lunatone|Lunatone, L88|302\/302\n|-weather|Sandstorm|[from] ability: Sand Stream|[of] p1a: Gigalith\n|turn|1\n|c|\u2606K3ysha_x|gl\n|c|\u2606BaddyGames|u2\n|inactive|Battle timer is ON: inactive players will automatically lose when time's up. (requested by K3ysha_x)\n|\n|switch|p1a: Zebstrika|Zebstrika, L88, M|275\/275\n|move|p2a: Lunatone|Earth Power|p1a: Zebstrika\n|-supereffective|p1a: Zebstrika\n|-damage|p1a: Zebstrika|109\/275\n|\n|-weather|Sandstorm|[upkeep]\n|-damage|p1a: Zebstrika|92\/275|[from] Sandstorm\n|upkeep\n|turn|2\n|\n|move|p1a: Zebstrika|Wild Charge|p2a: Lunatone\n|-damage|p2a: Lunatone|166\/302\n|-damage|p1a: Zebstrika|58\/275|[from] Recoil\n|move|p2a: Lunatone|Power Gem|p1a: Zebstrika\n|-damage|p1a: Zebstrika|0 fnt\n|faint|p1a: Zebstrika\n|\n|-weather|Sandstorm|[upkeep]\n|-heal|p2a: Lunatone|184\/302|[from] item: Leftovers\n|upkeep\n|\n|switch|p1a: Scizor|Scizor, L80, M|243\/243\n|turn|3\n|\n|detailschange|p1a: Scizor|Scizor-Mega, L80, M\n|-mega|p1a: Scizor|Scizor|Scizorite\n|move|p2a: Lunatone|Calm Mind|p2a: Lunatone\n|-boost|p2a: Lunatone|spa|1\n|-boost|p2a: Lunatone|spd|1\n|move|p1a: Scizor|Swords Dance|p1a: Scizor\n|-boost|p1a: Scizor|atk|2\n|\n|-weather|Sandstorm|[upkeep]\n|-heal|p2a: Lunatone|202\/302|[from] item: Leftovers\n|upkeep\n|turn|4\n|\n|move|p1a: Scizor|Bullet Punch|p2a: Lunatone\n|-supereffective|p2a: Lunatone\n|-damage|p2a: Lunatone|0 fnt\n|faint|p2a: Lunatone\n|\n|-weather|Sandstorm|[upkeep]\n|upkeep\n|\n|switch|p2a: Vivillon|Vivillon-Sandstorm, L86, M|277\/277\n|turn|5\n|\n|move|p1a: Scizor|Bullet Punch|p2a: Vivillon\n|-damage|p2a: Vivillon|30\/277\n|move|p2a: Vivillon|Sleep Powder|p1a: Scizor\n|-status|p1a: Scizor|slp|[from] move: Sleep Powder\n|\n|-weather|none\n|-heal|p2a: Vivillon|47\/277|[from] item: Leftovers\n|upkeep\n|turn|6\n|c|\u2606K3ysha_x|lol\n|\n|cant|p1a: Scizor|slp\n|move|p2a: Vivillon|Energy Ball|p1a: Scizor\n|-resisted|p1a: Scizor\n|-damage|p1a: Scizor|227\/243 slp\n|\n|-heal|p2a: Vivillon|64\/277|[from] item: Leftovers\n|upkeep\n|turn|7\n|\n|cant|p1a: Scizor|slp\n|move|p2a: Vivillon|Hurricane|p1a: Scizor\n|-damage|p1a: Scizor|113\/243 slp\n|\n|-heal|p2a: Vivillon|81\/277|[from] item: Leftovers\n|upkeep\n|turn|8\n|\n|-curestatus|p1a: Scizor|slp|[msg]\n|move|p1a: Scizor|Bullet Punch|p2a: Vivillon\n|-damage|p2a: Vivillon|0 fnt\n|faint|p2a: Vivillon\n|\n|upkeep\n|\n|switch|p2a: Archeops|Archeops, L88, M|275\/275\n|turn|9\n|\n|move|p1a: Scizor|Bullet Punch|p2a: Archeops\n|-supereffective|p2a: Archeops\n|-damage|p2a: Archeops|0 fnt\n|faint|p2a: Archeops\n|\n|upkeep\n|\n|switch|p2a: Ludicolo|Ludicolo, L88, F|284\/284\n|turn|10\n|\n|move|p2a: Ludicolo|Focus Blast|p1a: Scizor|[miss]\n|-miss|p2a: Ludicolo|p1a: Scizor\n|move|p1a: Scizor|Knock Off|p2a: Ludicolo\n|-damage|p2a: Ludicolo|91\/284\n|-enditem|p2a: Ludicolo|Choice Specs|[from] move: Knock Off|[of] p1a: Scizor\n|\n|upkeep\n|turn|11\n|\n|move|p1a: Scizor|Bullet Punch|p2a: Ludicolo\n|-resisted|p2a: Ludicolo\n|-damage|p2a: Ludicolo|0 fnt\n|faint|p2a: Ludicolo\n|\n|upkeep\n|\n|switch|p2a: Buzzwole|Buzzwole, L82|310\/310\n|turn|12\n|\n|move|p1a: Scizor|Bullet Punch|p2a: Buzzwole\n|-damage|p2a: Buzzwole|195\/310\n|move|p2a: Buzzwole|Superpower|p1a: Scizor\n|-damage|p1a: Scizor|0 fnt\n|-unboost|p2a: Buzzwole|atk|1\n|-unboost|p2a: Buzzwole|def|1\n|faint|p1a: Scizor\n|-ability|p2a: Buzzwole|Beast Boost|boost\n|-boost|p2a: Buzzwole|atk|1\n|\n|upkeep\n|\n|switch|p1a: Gigalith|Gigalith, L84, F|280\/280\n|-weather|Sandstorm|[from] ability: Sand Stream|[of] p1a: Gigalith\n|turn|13\n|\n|switch|p2a: Wailord|Wailord, L88, F|442\/442\n|move|p1a: Gigalith|Explosion|p2a: Wailord\n|-damage|p2a: Wailord|0 fnt\n|faint|p1a: Gigalith\n|faint|p2a: Wailord\n|\n|-weather|Sandstorm|[upkeep]\n|upkeep\n|c|\u2606K3ysha_x|bruh\n|\n|switch|p2a: Buzzwole|Buzzwole, L82|195\/310\n|switch|p1a: Decidueye|Decidueye, L86, M|274\/274\n|turn|14\n|\n|move|p2a: Buzzwole|Leech Life|p1a: Decidueye\n|-damage|p1a: Decidueye|160\/274\n|-heal|p2a: Buzzwole|252\/310|[from] drain|[of] p1a: Decidueye\n|-zpower|p1a: Decidueye\n|move|p1a: Decidueye|Sinister Arrow Raid|p2a: Buzzwole|[zeffect]\n|-damage|p2a: Buzzwole|101\/310\n|\n|-weather|Sandstorm|[upkeep]\n|-damage|p2a: Buzzwole|82\/310|[from] Sandstorm\n|-damage|p1a: Decidueye|143\/274|[from] Sandstorm\n|upkeep\n|turn|15\n|\n|switch|p1a: Cobalion|Cobalion, L82|283\/283\n|move|p2a: Buzzwole|Leech Life|p1a: Cobalion\n|-resisted|p1a: Cobalion\n|-damage|p1a: Cobalion|264\/283\n|-heal|p2a: Buzzwole|92\/310|[from] drain|[of] p1a: Cobalion\n|\n|-weather|Sandstorm|[upkeep]\n|-damage|p2a: Buzzwole|73\/310|[from] Sandstorm\n|-heal|p1a: Cobalion|281\/283|[from] item: Leftovers\n|upkeep\n|turn|16\n|\n|move|p2a: Buzzwole|Leech Life|p1a: Cobalion\n|-resisted|p1a: Cobalion\n|-damage|p1a: Cobalion|261\/283\n|-heal|p2a: Buzzwole|83\/310|[from] drain|[of] p1a: Cobalion\n|move|p1a: Cobalion|Iron Head|p2a: Buzzwole\n|-damage|p2a: Buzzwole|26\/310\n|\n|-weather|Sandstorm|[upkeep]\n|-damage|p2a: Buzzwole|7\/310|[from] Sandstorm\n|-heal|p1a: Cobalion|278\/283|[from] item: Leftovers\n|upkeep\n|turn|17\n|\n|move|p2a: Buzzwole|Leech Life|p1a: Cobalion\n|-resisted|p1a: Cobalion\n|-damage|p1a: Cobalion|259\/283\n|-heal|p2a: Buzzwole|17\/310|[from] drain|[of] p1a: Cobalion\n|move|p1a: Cobalion|Iron Head|p2a: Buzzwole\n|-damage|p2a: Buzzwole|0 fnt\n|faint|p2a: Buzzwole\n|\n|win|BaddyGames\n|c|\u2606K3ysha_x|gg :\/\n|c|\u2606BaddyGames|gg\n","inputlog":">version c9c7f6a747c4fa4bb90ab0817471f3f1098ea029\n>start {\"formatid\":\"gen7randombattle\",\"seed\":[62559,35773,29614,9106]}\n>player p1 {\"name\":\"BaddyGames\",\"avatar\":\"275\",\"team\":\"\",\"rating\":0,\"seed\":[26790,47331,5320,7081]}\n>player p2 {\"name\":\"K3ysha_x\",\"avatar\":\"winona\",\"team\":\"\",\"rating\":0,\"seed\":[40045,26487,30382,59864]}\n>p1 switch 5\n>p2 move earthpower\n>p1 move wildcharge\n>p2 move powergem\n>p1 switch 3\n>p1 move swordsdance mega\n>p2 move calmmind\n>p1 move bulletpunch\n>p2 move moonlight\n>p2 switch 3\n>p1 move bulletpunch\n>p2 move sleeppowder\n>p1 move bulletpunch\n>p2 move energyball\n>p1 move bulletpunch\n>p2 move hurricane\n>p1 move bulletpunch\n>p2 move hurricane\n>p2 switch 2\n>p1 move bulletpunch\n>p2 move headsmash\n>p2 switch 6\n>p1 move knockoff\n>p2 move focusblast\n>p1 move bulletpunch\n>p2 move scald\n>p2 switch 4\n>p1 move bulletpunch\n>p2 move superpower\n>p1 switch 5\n>p1 move explosion\n>p2 switch 5\n>p1 switch 2\n>p2 switch 5\n>p1 move spiritshackle zmove\n>p2 move leechlife\n>p1 switch 6\n>p2 move leechlife\n>p1 move ironhead\n>p2 move leechlife\n>p1 move ironhead\n>p2 move leechlife","uploadtime":1591548452,"views":5,"p1id":"baddygames","p2id":"k3yshax","formatid":"gen7randombattle","rating":0,"private":0,"password":null}