{"id":"gen7ou-872884281","p1":"Hachimaki98","p2":"JoeyOwesMeMoney","format":"gen7ou","log":"|j|\u2606Hachimaki98\n|j|\u2606JoeyOwesMeMoney\n|player|p1|Hachimaki98|tucker-gen3\n|player|p2|JoeyOwesMeMoney|169\n|teamsize|p1|6\n|teamsize|p2|6\n|gametype|singles\n|gen|7\n|tier|[Gen 7] OU\n|rated|\n|rule|Sleep Clause Mod: Limit one foe put to sleep\n|rule|Species Clause: Limit one of each Pok\u00e9mon\n|rule|OHKO Clause: OHKO moves are banned\n|rule|Moody Clause: Moody is banned\n|rule|Evasion Moves Clause: Evasion moves are banned\n|rule|Endless Battle Clause: Forcing endless battles is banned\n|rule|HP Percentage Mod: HP is shown in percentages\n|clearpoke\n|poke|p1|Tyranitar, M|item\n|poke|p1|Skarmory, M|item\n|poke|p1|Tapu Fini|item\n|poke|p1|Scolipede, F|item\n|poke|p1|Dragalge, M|item\n|poke|p1|Landorus-Therian, M|item\n|poke|p2|Skarmory, M|item\n|poke|p2|Chansey, F|item\n|poke|p2|Magnezone|item\n|poke|p2|Toxapex, F|item\n|poke|p2|Clefable, F|item\n|poke|p2|Sableye, M|item\n|teampreview\n|j| Monna Lusa\n|j| NaCl\n|inactive|Battle timer is ON: inactive players will automatically lose when time's up. (requested by JoeyOwesMeMoney)\n|\n|start\n|switch|p1a: Landorus|Landorus-Therian, M|100\/100\n|switch|p2a: Sableye|Sableye, M|100\/100\n|-ability|p1a: Landorus|Intimidate|boost\n|-unboost|p2a: Sableye|atk|1\n|turn|1\n|\n|switch|p1a: Tapu Fini|Tapu Fini|100\/100\n|-fieldstart|move: Misty Terrain|[from] ability: Misty Surge|[of] p1a: Tapu Fini\n|move|p2a: Sableye|Will-O-Wisp|p1a: Tapu Fini|[miss]\n|-miss|p2a: Sableye|p1a: Tapu Fini\n|\n|upkeep\n|turn|2\n|\n|switch|p1a: Tyranitar|Tyranitar, M|100\/100\n|-weather|Sandstorm|[from] ability: Sand Stream|[of] p1a: Tyranitar\n|detailschange|p2a: Sableye|Sableye-Mega, M\n|-mega|p2a: Sableye|Sableye|Sablenite\n|move|p2a: Sableye|Protect||[still]\n|-fail|p2a: Sableye\n|\n|-weather|Sandstorm|[upkeep]\n|-damage|p2a: Sableye|95\/100|[from] Sandstorm\n|upkeep\n|turn|3\n|inactive|Hachimaki98 has 120 seconds left.\n|\n|switch|p2a: Skarmory|Skarmory, M|100\/100\n|detailschange|p1a: Tyranitar|Tyranitar-Mega, M\n|-mega|p1a: Tyranitar|Tyranitar|Tyranitarite\n|move|p1a: Tyranitar|Dragon Dance|p1a: Tyranitar\n|-boost|p1a: Tyranitar|atk|1\n|-boost|p1a: Tyranitar|spe|1\n|\n|-weather|Sandstorm|[upkeep]\n|upkeep\n|turn|4\n|\n|move|p1a: Tyranitar|Fire Punch|p2a: Skarmory\n|-supereffective|p2a: Skarmory\n|-damage|p2a: Skarmory|39\/100\n|-damage|p1a: Tyranitar|84\/100|[from] item: Rocky Helmet|[of] p2a: Skarmory\n|move|p2a: Skarmory|Counter|p1a: Tyranitar\n|-damage|p1a: Tyranitar|0 fnt\n|faint|p1a: Tyranitar\n|\n|-weather|Sandstorm|[upkeep]\n|upkeep\n|\n|switch|p1a: Tapu Fini|Tapu Fini|100\/100\n|turn|5\n|inactive|Hachimaki98 has 90 seconds left.\n|\n|switch|p2a: Toxapex|Toxapex, F|100\/100\n|move|p1a: Tapu Fini|Taunt|p2a: Toxapex\n|-start|p2a: Toxapex|move: Taunt\n|\n|-weather|Sandstorm|[upkeep]\n|-damage|p1a: Tapu Fini|94\/100|[from] Sandstorm\n|-damage|p2a: Toxapex|95\/100|[from] Sandstorm\n|-heal|p1a: Tapu Fini|100\/100|[from] item: Leftovers\n|-heal|p2a: Toxapex|100\/100|[from] item: Black Sludge\n|-fieldend|Misty Terrain\n|upkeep\n|turn|6\n|inactive|Hachimaki98 has 90 seconds left.\n|\n|move|p1a: Tapu Fini|Nature's Madness|p2a: Toxapex\n|-damage|p2a: Toxapex|51\/100\n|move|p2a: Toxapex|Scald|p1a: Tapu Fini\n|-resisted|p1a: Tapu Fini\n|-damage|p1a: Tapu Fini|94\/100\n|\n|-weather|none\n|-heal|p1a: Tapu Fini|99\/100|[from] item: Leftovers\n|-heal|p2a: Toxapex|57\/100|[from] item: Black Sludge\n|upkeep\n|turn|7\n|\n|move|p1a: Tapu Fini|Nature's Madness|p2a: Toxapex\n|-damage|p2a: Toxapex|29\/100\n|move|p2a: Toxapex|Scald|p1a: Tapu Fini\n|-resisted|p1a: Tapu Fini\n|-damage|p1a: Tapu Fini|93\/100\n|-status|p1a: Tapu Fini|brn\n|\n|-heal|p1a: Tapu Fini|99\/100 brn|[from] item: Leftovers\n|-heal|p2a: Toxapex|34\/100|[from] item: Black Sludge\n|-damage|p1a: Tapu Fini|93\/100 brn|[from] brn\n|-end|p2a: Toxapex|move: Taunt\n|upkeep\n|turn|8\n|\n|move|p1a: Tapu Fini|Taunt|p2a: Toxapex\n|-start|p2a: Toxapex|move: Taunt\n|cant|p2a: Toxapex|move: Taunt|Recover\n|\n|-heal|p1a: Tapu Fini|99\/100 brn|[from] item: Leftovers\n|-heal|p2a: Toxapex|40\/100|[from] item: Black Sludge\n|-damage|p1a: Tapu Fini|93\/100 brn|[from] brn\n|upkeep\n|turn|9\n|\n|switch|p1a: Dragalge|Dragalge, M|100\/100\n|move|p2a: Toxapex|Scald|p1a: Dragalge\n|-resisted|p1a: Dragalge\n|-damage|p1a: Dragalge|94\/100\n|-status|p1a: Dragalge|brn\n|\n|-heal|p1a: Dragalge|99\/100 brn|[from] item: Leftovers\n|-heal|p2a: Toxapex|46\/100|[from] item: Black Sludge\n|-damage|p1a: Dragalge|94\/100 brn|[from] brn\n|upkeep\n|turn|10\n|\n|switch|p2a: Chansey|Chansey, F|100\/100\n|move|p1a: Dragalge|Toxic Spikes|p2a: Chansey\n|-sidestart|p2: JoeyOwesMeMoney|move: Toxic Spikes\n|\n|-heal|p1a: Dragalge|99\/100 brn|[from] item: Leftovers\n|-damage|p1a: Dragalge|94\/100 brn|[from] brn\n|upkeep\n|turn|11\n|\n|switch|p1a: Landorus|Landorus-Therian, M|100\/100\n|-ability|p1a: Landorus|Intimidate|boost\n|-unboost|p2a: Chansey|atk|1\n|move|p2a: Chansey|Stealth Rock|p1a: Landorus\n|-sidestart|p1: Hachimaki98|move: Stealth Rock\n|\n|upkeep\n|turn|12\n|\n|move|p1a: Landorus|Superpower|p2a: Chansey\n|-supereffective|p2a: Chansey\n|-damage|p2a: Chansey|37\/100\n|-unboost|p1a: Landorus|atk|1\n|-unboost|p1a: Landorus|def|1\n|move|p2a: Chansey|Toxic|p1a: Landorus\n|-status|p1a: Landorus|tox\n|\n|-damage|p1a: Landorus|94\/100 tox|[from] psn\n|upkeep\n|turn|13\n|\n|switch|p2a: Toxapex|Toxapex, F|80\/100\n|-sideend|p2: JoeyOwesMeMoney|move: Toxic Spikes|[of] p2a: Toxapex\n|move|p1a: Landorus|Stealth Rock|p2a: Toxapex\n|-sidestart|p2: JoeyOwesMeMoney|move: Stealth Rock\n|\n|-heal|p1a: Landorus|100\/100 tox|[from] item: Leftovers\n|-heal|p2a: Toxapex|86\/100|[from] item: Black Sludge\n|-damage|p1a: Landorus|88\/100 tox|[from] psn\n|upkeep\n|turn|14\n|\n|move|p1a: Landorus|U-turn|p2a: Toxapex\n|-resisted|p2a: Toxapex\n|-damage|p2a: Toxapex|79\/100\n|\n|switch|p1a: Tapu Fini|Tapu Fini|93\/100 brn\n|-damage|p1a: Tapu Fini|81\/100 brn|[from] Stealth Rock\n|-fieldstart|move: Misty Terrain|[from] ability: Misty Surge|[of] p1a: Tapu Fini\n|move|p2a: Toxapex|Scald|p1a: Tapu Fini\n|-resisted|p1a: Tapu Fini\n|-crit|p1a: Tapu Fini\n|-damage|p1a: Tapu Fini|71\/100 brn\n|\n|-heal|p1a: Tapu Fini|78\/100 brn|[from] item: Leftovers\n|-heal|p2a: Toxapex|85\/100|[from] item: Black Sludge\n|-damage|p1a: Tapu Fini|71\/100 brn|[from] brn\n|upkeep\n|turn|15\n|inactive|Hachimaki98 has 90 seconds left.\n|\n|move|p1a: Tapu Fini|Nature's Madness|p2a: Toxapex\n|-damage|p2a: Toxapex|43\/100\n|move|p2a: Toxapex|Scald|p1a: Tapu Fini\n|-resisted|p1a: Tapu Fini\n|-damage|p1a: Tapu Fini|65\/100 brn\n|\n|-heal|p1a: Tapu Fini|71\/100 brn|[from] item: Leftovers\n|-heal|p2a: Toxapex|49\/100|[from] item: Black Sludge\n|-damage|p1a: Tapu Fini|65\/100 brn|[from] brn\n|upkeep\n|turn|16\n|\n|move|p1a: Tapu Fini|Taunt|p2a: Toxapex\n|-start|p2a: Toxapex|move: Taunt\n|move|p2a: Toxapex|Scald|p1a: Tapu Fini\n|-resisted|p1a: Tapu Fini\n|-damage|p1a: Tapu Fini|58\/100 brn\n|\n|-heal|p1a: Tapu Fini|64\/100 brn|[from] item: Leftovers\n|-heal|p2a: Toxapex|55\/100|[from] item: Black Sludge\n|-damage|p1a: Tapu Fini|58\/100 brn|[from] brn\n|upkeep\n|turn|17\n|\n|switch|p1a: Scolipede|Scolipede, F|100\/100\n|-damage|p1a: Scolipede|76\/100|[from] Stealth Rock\n|move|p2a: Toxapex|Scald|p1a: Scolipede\n|-damage|p1a: Scolipede|47\/100\n|\n|-heal|p2a: Toxapex|61\/100|[from] item: Black Sludge\n|upkeep\n|turn|18\n|\n|move|p1a: Scolipede|Swords Dance|p1a: Scolipede\n|-boost|p1a: Scolipede|atk|2\n|move|p2a: Toxapex|Scald|p1a: Scolipede\n|-damage|p1a: Scolipede|19\/100\n|\n|-heal|p2a: Toxapex|67\/100|[from] item: Black Sludge\n|-end|p2a: Toxapex|move: Taunt\n|-fieldend|Misty Terrain\n|-ability|p1a: Scolipede|Speed Boost|boost\n|-boost|p1a: Scolipede|spe|1\n|upkeep\n|turn|19\n|inactive|JoeyOwesMeMoney has 120 seconds left.\n|\n|switch|p2a: Chansey|Chansey, F|37\/100\n|-damage|p2a: Chansey|25\/100|[from] Stealth Rock\n|move|p1a: Scolipede|Earthquake|p2a: Chansey\n|-damage|p2a: Chansey|0 fnt\n|faint|p2a: Chansey\n|\n|-ability|p1a: Scolipede|Speed Boost|boost\n|-boost|p1a: Scolipede|spe|1\n|upkeep\n|inactive|JoeyOwesMeMoney has 90 seconds left.\n|\n|switch|p2a: Toxapex|Toxapex, F|99\/100\n|-damage|p2a: Toxapex|88\/100|[from] Stealth Rock\n|turn|20\n|\n|move|p1a: Scolipede|Earthquake|p2a: Toxapex\n|-supereffective|p2a: Toxapex\n|-damage|p2a: Toxapex|15\/100\n|move|p2a: Toxapex|Scald|p1a: Scolipede\n|-damage|p1a: Scolipede|0 fnt\n|faint|p1a: Scolipede\n|\n|-heal|p2a: Toxapex|21\/100|[from] item: Black Sludge\n|upkeep\n|\n|switch|p1a: Landorus|Landorus-Therian, M|88\/100 tox\n|-damage|p1a: Landorus|76\/100 tox|[from] Stealth Rock\n|-ability|p1a: Landorus|Intimidate|boost\n|-unboost|p2a: Toxapex|atk|1\n|turn|21\n|inactive|Hachimaki98 has 120 seconds left.\n|inactive|JoeyOwesMeMoney has 90 seconds left.\n|\n|switch|p2a: Skarmory|Skarmory, M|39\/100\n|-damage|p2a: Skarmory|27\/100|[from] Stealth Rock\n|move|p1a: Landorus|Superpower|p2a: Skarmory\n|-damage|p2a: Skarmory|0 fnt\n|-damage|p1a: Landorus|60\/100 tox|[from] item: Rocky Helmet|[of] p2a: Skarmory\n|-unboost|p1a: Landorus|atk|1\n|-unboost|p1a: Landorus|def|1\n|faint|p2a: Skarmory\n|\n|-heal|p1a: Landorus|66\/100 tox|[from] item: Leftovers\n|-damage|p1a: Landorus|60\/100 tox|[from] psn\n|upkeep\n|inactive|JoeyOwesMeMoney has 90 seconds left.\n|\n|switch|p2a: Clefable|Clefable, F|100\/100\n|-damage|p2a: Clefable|88\/100|[from] Stealth Rock\n|turn|22\n|\n|switch|p1a: Dragalge|Dragalge, M|94\/100 brn\n|-damage|p1a: Dragalge|81\/100 brn|[from] Stealth Rock\n|move|p2a: Clefable|Wish|p2a: Clefable\n|\n|-heal|p2a: Clefable|94\/100|[from] item: Leftovers\n|-heal|p1a: Dragalge|87\/100 brn|[from] item: Leftovers\n|-damage|p1a: Dragalge|81\/100 brn|[from] brn\n|upkeep\n|turn|23\n|\n|switch|p2a: Sableye|Sableye-Mega, M|95\/100\n|-damage|p2a: Sableye|82\/100|[from] Stealth Rock\n|move|p1a: Dragalge|Draco Meteor|p2a: Sableye\n|-damage|p2a: Sableye|24\/100\n|-unboost|p1a: Dragalge|spa|2\n|\n|-heal|p2a: Sableye|89\/100|[from] move: Wish|[wisher] Clefable\n|-heal|p1a: Dragalge|87\/100 brn|[from] item: Leftovers\n|-damage|p1a: Dragalge|81\/100 brn|[from] brn\n|upkeep\n|turn|24\n|\n|switch|p1a: Tapu Fini|Tapu Fini|58\/100 brn\n|-damage|p1a: Tapu Fini|46\/100 brn|[from] Stealth Rock\n|-fieldstart|move: Misty Terrain|[from] ability: Misty Surge|[of] p1a: Tapu Fini\n|move|p2a: Sableye|Knock Off|p1a: Tapu Fini\n|-resisted|p1a: Tapu Fini\n|-damage|p1a: Tapu Fini|34\/100 brn\n|-enditem|p1a: Tapu Fini|Leftovers|[from] move: Knock Off|[of] p2a: Sableye\n|\n|-damage|p1a: Tapu Fini|28\/100 brn|[from] brn\n|upkeep\n|turn|25\n|l| NaCl\n|inactive|Hachimaki98 has 90 seconds left.\n|\n|move|p2a: Sableye|Protect|p2a: Sableye\n|-singleturn|p2a: Sableye|Protect\n|move|p1a: Tapu Fini|Scald|p2a: Sableye\n|-activate|p2a: Sableye|move: Protect\n|\n|-damage|p1a: Tapu Fini|21\/100 brn|[from] brn\n|upkeep\n|turn|26\n|\n|move|p1a: Tapu Fini|Defog|p2a: Sableye\n|move|p2a: Sableye|Defog|p1a: Tapu Fini|[from]Magic Bounce\n|-unboost|p1a: Tapu Fini|evasion|1\n|-sideend|p1: Hachimaki98|Stealth Rock|[from] move: Defog|[of] p2a: Sableye\n|-sideend|p2: JoeyOwesMeMoney|Stealth Rock|[from] move: Defog|[of] p2a: Sableye\n|move|p2a: Sableye|Recover|p2a: Sableye\n|-heal|p2a: Sableye|100\/100\n|\n|-damage|p1a: Tapu Fini|15\/100 brn|[from] brn\n|upkeep\n|turn|27\n|inactive|JoeyOwesMeMoney has 120 seconds left.\n|\n|move|p2a: Sableye|Protect|p2a: Sableye\n|-singleturn|p2a: Sableye|Protect\n|move|p1a: Tapu Fini|Nature's Madness|p2a: Sableye\n|-activate|p2a: Sableye|move: Protect\n|\n|-damage|p1a: Tapu Fini|9\/100 brn|[from] brn\n|upkeep\n|turn|28\n|\n|switch|p2a: Toxapex|Toxapex, F|54\/100\n|move|p1a: Tapu Fini|Nature's Madness|p2a: Toxapex\n|-damage|p2a: Toxapex|27\/100\n|\n|-heal|p2a: Toxapex|33\/100|[from] item: Black Sludge\n|-damage|p1a: Tapu Fini|3\/100 brn|[from] brn\n|-fieldend|Misty Terrain\n|upkeep\n|turn|29\n|inactive|Hachimaki98 has 90 seconds left.\n|\n|switch|p2a: Clefable|Clefable, F|94\/100\n|move|p1a: Tapu Fini|Nature's Madness|p2a: Clefable\n|-damage|p2a: Clefable|47\/100\n|\n|-heal|p2a: Clefable|53\/100|[from] item: Leftovers\n|-damage|p1a: Tapu Fini|0 fnt|[from] brn\n|faint|p1a: Tapu Fini\n|upkeep\n|\n|switch|p1a: Landorus|Landorus-Therian, M|60\/100 tox\n|-ability|p1a: Landorus|Intimidate|boost\n|-unboost|p2a: Clefable|atk|1\n|turn|30\n|inactive|Hachimaki98 has 90 seconds left.\n|\n|move|p2a: Clefable|Protect|p2a: Clefable\n|-singleturn|p2a: Clefable|Protect\n|move|p1a: Landorus|Earthquake|p2a: Clefable\n|-activate|p2a: Clefable|move: Protect\n|\n|-heal|p1a: Landorus|66\/100 tox|[from] item: Leftovers\n|-heal|p2a: Clefable|60\/100|[from] item: Leftovers\n|-damage|p1a: Landorus|60\/100 tox|[from] psn\n|upkeep\n|turn|31\n|\n|move|p1a: Landorus|Earthquake|p2a: Clefable\n|-damage|p2a: Clefable|11\/100\n|move|p2a: Clefable|Wish|p2a: Clefable\n|\n|-heal|p1a: Landorus|66\/100 tox|[from] item: Leftovers\n|-heal|p2a: Clefable|17\/100|[from] item: Leftovers\n|-damage|p1a: Landorus|54\/100 tox|[from] psn\n|upkeep\n|turn|32\n|\n|switch|p1a: Dragalge|Dragalge, M|81\/100 brn\n|move|p2a: Clefable|Protect||[still]\n|-fail|p2a: Clefable\n|\n|-heal|p2a: Clefable|67\/100|[from] move: Wish|[wisher] Clefable\n|-heal|p2a: Clefable|73\/100|[from] item: Leftovers\n|-heal|p1a: Dragalge|87\/100 brn|[from] item: Leftovers\n|-damage|p1a: Dragalge|81\/100 brn|[from] brn\n|upkeep\n|turn|33\n|inactive|Hachimaki98 has 90 seconds left.\n|\n|move|p2a: Clefable|Protect|p2a: Clefable\n|-singleturn|p2a: Clefable|Protect\n|move|p1a: Dragalge|Sludge Bomb|p2a: Clefable\n|-activate|p2a: Clefable|move: Protect\n|\n|-heal|p2a: Clefable|79\/100|[from] item: Leftovers\n|-heal|p1a: Dragalge|87\/100 brn|[from] item: Leftovers\n|-damage|p1a: Dragalge|81\/100 brn|[from] brn\n|upkeep\n|turn|34\n|j| Renny\n|inactive|Hachimaki98 has 90 seconds left.\n|\n|switch|p2a: Toxapex|Toxapex, F|67\/100\n|switch|p1a: Landorus|Landorus-Therian, M|54\/100 tox\n|-ability|p1a: Landorus|Intimidate|boost\n|-unboost|p2a: Toxapex|atk|1\n|\n|-heal|p1a: Landorus|60\/100 tox|[from] item: Leftovers\n|-heal|p2a: Toxapex|72\/100|[from] item: Black Sludge\n|-damage|p1a: Landorus|54\/100 tox|[from] psn\n|upkeep\n|turn|35\n|\n|move|p1a: Landorus|Earthquake|p2a: Toxapex\n|-supereffective|p2a: Toxapex\n|-damage|p2a: Toxapex|0 fnt\n|faint|p2a: Toxapex\n|\n|-heal|p1a: Landorus|60\/100 tox|[from] item: Leftovers\n|-damage|p1a: Landorus|48\/100 tox|[from] psn\n|upkeep\n|\n|switch|p2a: Sableye|Sableye-Mega, M|100\/100\n|turn|36\n|\n|switch|p1a: Skarmory|Skarmory, M|100\/100\n|move|p2a: Sableye|Knock Off|p1a: Skarmory\n|-damage|p1a: Skarmory|76\/100\n|-enditem|p1a: Skarmory|Shed Shell|[from] move: Knock Off|[of] p2a: Sableye\n|\n|upkeep\n|turn|37\n|j| gpz123\n|inactive|Hachimaki98 has 90 seconds left.\n|\n|move|p1a: Skarmory|Roost|p1a: Skarmory\n|-heal|p1a: Skarmory|100\/100\n|-singleturn|p1a: Skarmory|move: Roost\n|move|p2a: Sableye|Knock Off|p1a: Skarmory\n|-damage|p1a: Skarmory|87\/100\n|\n|upkeep\n|turn|38\n|inactive|Hachimaki98 has 60 seconds left.\n|\n|move|p1a: Skarmory|Iron Head|p2a: Sableye\n|-damage|p2a: Sableye|80\/100\n|move|p2a: Sableye|Knock Off|p1a: Skarmory\n|-damage|p1a: Skarmory|73\/100\n|\n|upkeep\n|turn|39\n|\n|switch|p1a: Dragalge|Dragalge, M|81\/100 brn\n|move|p2a: Sableye|Will-O-Wisp|p1a: Dragalge\n|-fail|p1a: Dragalge|brn\n|\n|-heal|p1a: Dragalge|87\/100 brn|[from] item: Leftovers\n|-damage|p1a: Dragalge|81\/100 brn|[from] brn\n|upkeep\n|turn|40\n|\n|move|p1a: Dragalge|Sludge Bomb|p2a: Sableye\n|-resisted|p2a: Sableye\n|-damage|p2a: Sableye|59\/100\n|-status|p2a: Sableye|psn\n|move|p2a: Sableye|Recover|p2a: Sableye\n|-heal|p2a: Sableye|100\/100 psn\n|\n|-heal|p1a: Dragalge|87\/100 brn|[from] item: Leftovers\n|-damage|p1a: Dragalge|81\/100 brn|[from] brn\n|-damage|p2a: Sableye|88\/100 psn|[from] psn\n|upkeep\n|turn|41\n|\n|move|p1a: Dragalge|Sludge Bomb|p2a: Sableye\n|-resisted|p2a: Sableye\n|-damage|p2a: Sableye|67\/100 psn\n|move|p2a: Sableye|Recover|p2a: Sableye\n|-heal|p2a: Sableye|100\/100 psn\n|\n|-heal|p1a: Dragalge|87\/100 brn|[from] item: Leftovers\n|-damage|p1a: Dragalge|81\/100 brn|[from] brn\n|-damage|p2a: Sableye|88\/100 psn|[from] psn\n|upkeep\n|turn|42\n|\n|move|p1a: Dragalge|Sludge Bomb|p2a: Sableye\n|-resisted|p2a: Sableye\n|-damage|p2a: Sableye|69\/100 psn\n|move|p2a: Sableye|Recover|p2a: Sableye\n|-heal|p2a: Sableye|100\/100 psn\n|\n|-heal|p1a: Dragalge|87\/100 brn|[from] item: Leftovers\n|-damage|p1a: Dragalge|81\/100 brn|[from] brn\n|-damage|p2a: Sableye|88\/100 psn|[from] psn\n|upkeep\n|turn|43\n|\n|move|p1a: Dragalge|Sludge Bomb|p2a: Sableye\n|-resisted|p2a: Sableye\n|-crit|p2a: Sableye\n|-damage|p2a: Sableye|55\/100 psn\n|move|p2a: Sableye|Knock Off|p1a: Dragalge\n|-crit|p1a: Dragalge\n|-damage|p1a: Dragalge|36\/100 brn\n|-enditem|p1a: Dragalge|Leftovers|[from] move: Knock Off|[of] p2a: Sableye\n|\n|-damage|p1a: Dragalge|30\/100 brn|[from] brn\n|-damage|p2a: Sableye|43\/100 psn|[from] psn\n|upkeep\n|turn|44\n|j| litezzz\n|\n|switch|p2a: Magnezone|Magnezone|100\/100\n|move|p1a: Dragalge|Draco Meteor|p2a: Magnezone\n|-resisted|p2a: Magnezone\n|-damage|p2a: Magnezone|50\/100\n|-unboost|p1a: Dragalge|spa|2\n|\n|-damage|p1a: Dragalge|24\/100 brn|[from] brn\n|upkeep\n|turn|45\n|inactive|Hachimaki98 has 90 seconds left.\n|\n|move|p2a: Magnezone|Flash Cannon|p1a: Dragalge\n|-damage|p1a: Dragalge|0 fnt\n|faint|p1a: Dragalge\n|\n|upkeep\n|\n|switch|p1a: Landorus|Landorus-Therian, M|48\/100 tox\n|-ability|p1a: Landorus|Intimidate|boost\n|-unboost|p2a: Magnezone|atk|1\n|turn|46\n|\n|move|p2a: Magnezone|Flash Cannon|p1a: Landorus\n|-damage|p1a: Landorus|2\/100 tox\n|move|p1a: Landorus|Earthquake|p2a: Magnezone\n|-supereffective|p2a: Magnezone\n|-damage|p2a: Magnezone|0 fnt\n|faint|p2a: Magnezone\n|\n|-heal|p1a: Landorus|8\/100 tox|[from] item: Leftovers\n|-damage|p1a: Landorus|2\/100 tox|[from] psn\n|upkeep\n|\n|switch|p2a: Clefable|Clefable, F|79\/100\n|turn|47\n|inactive|Hachimaki98 has 120 seconds left.\n|\n|switch|p1a: Skarmory|Skarmory, M|73\/100\n|move|p2a: Clefable|Wish|p2a: Clefable\n|\n|-heal|p2a: Clefable|85\/100|[from] item: Leftovers\n|upkeep\n|turn|48\n|j| ahihcU Sasuke\n|\n|switch|p2a: Sableye|Sableye-Mega, M|43\/100 psn\n|move|p1a: Skarmory|Iron Head|p2a: Sableye\n|-damage|p2a: Sableye|21\/100 psn\n|\n|-heal|p2a: Sableye|86\/100 psn|[from] move: Wish|[wisher] Clefable\n|-damage|p2a: Sableye|73\/100 psn|[from] psn\n|upkeep\n|turn|49\n|\n|move|p1a: Skarmory|Iron Head|p2a: Sableye\n|-damage|p2a: Sableye|53\/100 psn\n|cant|p2a: Sableye|flinch\n|\n|-damage|p2a: Sableye|40\/100 psn|[from] psn\n|upkeep\n|turn|50\n|\n|move|p1a: Skarmory|Iron Head|p2a: Sableye\n|-damage|p2a: Sableye|18\/100 psn\n|cant|p2a: Sableye|flinch\n|\n|-damage|p2a: Sableye|5\/100 psn|[from] psn\n|upkeep\n|turn|51\n|c| Monna Lusa|POG\n|c| Monna Lusa|EZ\n|inactive|JoeyOwesMeMoney has 120 seconds left.\n|l| gpz123\n|inactive|JoeyOwesMeMoney has 90 seconds left.\n|inactive|JoeyOwesMeMoney has 60 seconds left.\n|inactive|JoeyOwesMeMoney has 30 seconds left.\n|l| Monna Lusa\n|inactive|JoeyOwesMeMoney has 20 seconds left.\n|j| Monna Lusa\n|inactive|JoeyOwesMeMoney has 15 seconds left.\n|l| Monna Lusa\n|inactive|JoeyOwesMeMoney has 10 seconds left.\n|inactive|JoeyOwesMeMoney has 5 seconds left.\n|-message|JoeyOwesMeMoney lost due to inactivity.\n|\n|win|Hachimaki98\n|l| litezzz\n|raw|Hachimaki98's rating: 1715 &rarr; <strong>1735<\/strong><br \/>(+20 for winning)\n|raw|JoeyOwesMeMoney's rating: 1695 &rarr; <strong>1676<\/strong><br \/>(-19 for losing)\n|l| Renny\n","uploadtime":1552016928,"views":14,"p1id":"hachimaki98","p2id":"joeyowesmemoney","formatid":"gen7ou","rating":1676,"private":0,"password":null}