{"id":"gen7oublitz-997503993","p1":"orangesss","p2":"Frost38","format":"gen7oublitz","log":"|j|\u2606orangesss\n|j|\u2606Frost38\n|player|p1|orangesss|164|1543\n|player|p2|Frost38|52|1443\n|teamsize|p1|6\n|teamsize|p2|6\n|gametype|singles\n|gen|7\n|tier|[Gen 7] OU (Blitz)\n|rated|\n|rule|Sleep Clause Mod: Limit one foe put to sleep\n|rule|Species Clause: Limit one of each Pok\u00e9mon\n|rule|OHKO Clause: OHKO moves are banned\n|rule|Moody Clause: Moody is banned\n|rule|Evasion Moves Clause: Evasion moves are banned\n|rule|Endless Battle Clause: Forcing endless battles is banned\n|rule|HP Percentage Mod: HP is shown in percentages\n|clearpoke\n|poke|p1|Hawlucha, M|item\n|poke|p1|Ferrothorn, F|item\n|poke|p1|Pelipper, M|item\n|poke|p1|Tapu Koko|item\n|poke|p1|Swampert, M|item\n|poke|p1|Kartana|item\n|poke|p2|Salamence, M|item\n|poke|p2|Scizor, F|item\n|poke|p2|Landorus-Therian, M|item\n|poke|p2|Greninja, M|item\n|poke|p2|Rotom-Wash|item\n|poke|p2|Serperior, M|item\n|rule|Blitz: Super-fast timer\n|teampreview\n|inactive|Battle timer is ON: inactive players will automatically lose when time's up. (requested by orangesss)\n|inactive|Frost38 also wants the timer to be on.\n|inactive|Frost38 has 20 seconds left.\n|\n|start\n|switch|p1a: Speed OD|Tapu Koko|100\/100\n|switch|p2a: SET?|Greninja, M|100\/100\n|-fieldstart|move: Electric Terrain|[from] ability: Electric Surge|[of] p1a: Speed OD\n|turn|1\n|\n|move|p2a: SET?|Gunk Shot|p1a: Speed OD\n|-start|p2a: SET?|typechange|Poison|[from] ability: Protean\n|-supereffective|p1a: Speed OD\n|-damage|p1a: Speed OD|0 fnt\n|faint|p1a: Speed OD\n|\n|upkeep\n|\n|switch|p1a: Hate rain :(|Ferrothorn, F|100\/100\n|turn|2\n|inactive|Frost38 has 10 seconds left.\n|inactive|Frost38 has 5 seconds left.\n|\n|switch|p2a: Vert|Serperior, M|100\/100\n|move|p1a: Hate rain :(|Stealth Rock|p2a: Vert\n|-sidestart|p2: Frost38|move: Stealth Rock\n|\n|upkeep\n|turn|3\n|inactive|Frost38 has 10 seconds left this turn.\n|\n|switch|p1a: Copypaste|Hawlucha, M|100\/100\n|-enditem|p1a: Copypaste|Electric Seed\n|-boost|p1a: Copypaste|def|1\n|move|p2a: Vert|Substitute|p2a: Vert\n|-start|p2a: Vert|Substitute\n|-damage|p2a: Vert|76\/100\n|\n|-heal|p2a: Vert|82\/100|[from] item: Leftovers\n|upkeep\n|turn|4\n|\n|move|p1a: Copypaste|Swords Dance|p1a: Copypaste\n|-boost|p1a: Copypaste|atk|2\n|move|p2a: Vert|Glare|p1a: Copypaste\n|-status|p1a: Copypaste|par\n|\n|-heal|p2a: Vert|88\/100|[from] item: Leftovers\n|upkeep\n|turn|5\n|\n|move|p2a: Vert|Leaf Storm|p1a: Copypaste\n|-resisted|p1a: Copypaste\n|-damage|p1a: Copypaste|68\/100 par\n|-boost|p2a: Vert|spa|2\n|move|p1a: Copypaste|Acrobatics|p2a: Vert\n|-supereffective|p2a: Vert\n|-end|p2a: Vert|Substitute\n|\n|-heal|p2a: Vert|94\/100|[from] item: Leftovers\n|-fieldend|move: Electric Terrain\n|upkeep\n|turn|6\n|inactive|orangesss has 10 seconds left.\n|\n|move|p2a: Vert|Substitute|p2a: Vert\n|-start|p2a: Vert|Substitute\n|-damage|p2a: Vert|70\/100\n|move|p1a: Copypaste|Acrobatics|p2a: Vert\n|-supereffective|p2a: Vert\n|-crit|p2a: Vert\n|-end|p2a: Vert|Substitute\n|\n|-heal|p2a: Vert|76\/100|[from] item: Leftovers\n|upkeep\n|turn|7\n|\n|move|p2a: Vert|Substitute|p2a: Vert\n|-start|p2a: Vert|Substitute\n|-damage|p2a: Vert|51\/100\n|move|p1a: Copypaste|Acrobatics|p2a: Vert\n|-supereffective|p2a: Vert\n|-end|p2a: Vert|Substitute\n|\n|-heal|p2a: Vert|57\/100|[from] item: Leftovers\n|upkeep\n|turn|8\n|\n|move|p2a: Vert|Substitute|p2a: Vert\n|-start|p2a: Vert|Substitute\n|-damage|p2a: Vert|32\/100\n|move|p1a: Copypaste|Acrobatics|p2a: Vert\n|-supereffective|p2a: Vert\n|-end|p2a: Vert|Substitute\n|\n|-heal|p2a: Vert|39\/100|[from] item: Leftovers\n|upkeep\n|turn|9\n|\n|move|p2a: Vert|Substitute|p2a: Vert\n|-start|p2a: Vert|Substitute\n|-damage|p2a: Vert|14\/100\n|move|p1a: Copypaste|Acrobatics|p2a: Vert\n|-supereffective|p2a: Vert\n|-end|p2a: Vert|Substitute\n|\n|-heal|p2a: Vert|20\/100|[from] item: Leftovers\n|upkeep\n|turn|10\n|inactive|orangesss has 10 seconds left.\n|\n|move|p2a: Vert|Leaf Storm|p1a: Copypaste\n|-resisted|p1a: Copypaste\n|-damage|p1a: Copypaste|3\/100 par\n|-boost|p2a: Vert|spa|2\n|cant|p1a: Copypaste|par\n|\n|-heal|p2a: Vert|26\/100|[from] item: Leftovers\n|upkeep\n|turn|11\n|\n|move|p2a: Vert|Hidden Power|p1a: Copypaste\n|-damage|p1a: Copypaste|0 fnt\n|faint|p1a: Copypaste\n|\n|-heal|p2a: Vert|32\/100|[from] item: Leftovers\n|upkeep\n|\n|switch|p1a: Wolverine|Kartana|100\/100\n|turn|12\n|inactive|Frost38 has 10 seconds left.\n|inactive|Frost38 has 5 seconds left.\n|\n|switch|p2a: Lead ou pas ?|Landorus-Therian, M|100\/100\n|-damage|p2a: Lead ou pas ?|88\/100|[from] Stealth Rock\n|-ability|p2a: Lead ou pas ?|Intimidate|boost\n|-unboost|p1a: Wolverine|atk|1\n|move|p1a: Wolverine|Knock Off|p2a: Lead ou pas ?\n|-damage|p2a: Lead ou pas ?|57\/100\n|-enditem|p2a: Lead ou pas ?|Focus Sash|[from] move: Knock Off|[of] p1a: Wolverine\n|\n|upkeep\n|turn|13\n|inactive|Frost38 has 10 seconds left this turn.\n|inactive|orangesss has 10 seconds left.\n|\n|switch|p1a: Hate rain :(|Ferrothorn, F|100\/100\n|move|p2a: Lead ou pas ?|Defog|p1a: Hate rain :(\n|-unboost|p1a: Hate rain :(|evasion|1\n|-sideend|p2: Frost38|Stealth Rock|[from] move: Defog|[of] p2a: Lead ou pas ?\n|\n|upkeep\n|turn|14\n|inactive|Frost38 has 10 seconds left.\n|\n|move|p2a: Lead ou pas ?|Stealth Rock|p1a: Hate rain :(\n|-sidestart|p1: orangesss|move: Stealth Rock\n|move|p1a: Hate rain :(|Stealth Rock|p2a: Lead ou pas ?\n|-sidestart|p2: Frost38|move: Stealth Rock\n|\n|upkeep\n|turn|15\n|\n|move|p2a: Lead ou pas ?|Defog|p1a: Hate rain :(\n|-unboost|p1a: Hate rain :(|evasion|1\n|-sideend|p1: orangesss|Stealth Rock|[from] move: Defog|[of] p2a: Lead ou pas ?\n|-sideend|p2: Frost38|Stealth Rock|[from] move: Defog|[of] p2a: Lead ou pas ?\n|move|p1a: Hate rain :(|Spikes|p2a: Lead ou pas ?\n|-sidestart|p2: Frost38|Spikes\n|\n|upkeep\n|turn|16\n|\n|move|p2a: Lead ou pas ?|Earthquake|p1a: Hate rain :(\n|-damage|p1a: Hate rain :(|63\/100\n|move|p1a: Hate rain :(|Stealth Rock|p2a: Lead ou pas ?\n|-sidestart|p2: Frost38|move: Stealth Rock\n|\n|-heal|p1a: Hate rain :(|69\/100|[from] item: Leftovers\n|upkeep\n|turn|17\n|\n|move|p2a: Lead ou pas ?|Defog|p1a: Hate rain :(\n|-unboost|p1a: Hate rain :(|evasion|1\n|-sideend|p2: Frost38|Spikes|[from] move: Defog|[of] p2a: Lead ou pas ?\n|-sideend|p2: Frost38|Stealth Rock|[from] move: Defog|[of] p2a: Lead ou pas ?\n|move|p1a: Hate rain :(|Spikes|p2a: Lead ou pas ?\n|-sidestart|p2: Frost38|Spikes\n|\n|-heal|p1a: Hate rain :(|75\/100|[from] item: Leftovers\n|upkeep\n|turn|18\n|\n|move|p2a: Lead ou pas ?|Earthquake|p1a: Hate rain :(\n|-damage|p1a: Hate rain :(|37\/100\n|move|p1a: Hate rain :(|Stealth Rock|p2a: Lead ou pas ?\n|-sidestart|p2: Frost38|move: Stealth Rock\n|\n|-heal|p1a: Hate rain :(|43\/100|[from] item: Leftovers\n|upkeep\n|turn|19\n|\n|move|p2a: Lead ou pas ?|Defog|p1a: Hate rain :(\n|-unboost|p1a: Hate rain :(|evasion|1\n|-sideend|p2: Frost38|Spikes|[from] move: Defog|[of] p2a: Lead ou pas ?\n|-sideend|p2: Frost38|Stealth Rock|[from] move: Defog|[of] p2a: Lead ou pas ?\n|move|p1a: Hate rain :(|Stealth Rock|p2a: Lead ou pas ?\n|-sidestart|p2: Frost38|move: Stealth Rock\n|\n|-heal|p1a: Hate rain :(|49\/100|[from] item: Leftovers\n|upkeep\n|turn|20\n|\n|move|p2a: Lead ou pas ?|Earthquake|p1a: Hate rain :(\n|-damage|p1a: Hate rain :(|14\/100\n|move|p1a: Hate rain :(|Stealth Rock||[still]\n|-fail|p1a: Hate rain :(\n|\n|-heal|p1a: Hate rain :(|20\/100|[from] item: Leftovers\n|upkeep\n|turn|21\n|\n|move|p2a: Lead ou pas ?|Defog|p1a: Hate rain :(\n|-unboost|p1a: Hate rain :(|evasion|1\n|-sideend|p2: Frost38|Stealth Rock|[from] move: Defog|[of] p2a: Lead ou pas ?\n|move|p1a: Hate rain :(|Stealth Rock|p2a: Lead ou pas ?\n|-sidestart|p2: Frost38|move: Stealth Rock\n|\n|-heal|p1a: Hate rain :(|26\/100|[from] item: Leftovers\n|upkeep\n|turn|22\n|\n|move|p2a: Lead ou pas ?|Defog|p1a: Hate rain :(\n|-unboost|p1a: Hate rain :(|evasion|1\n|-sideend|p2: Frost38|Stealth Rock|[from] move: Defog|[of] p2a: Lead ou pas ?\n|move|p1a: Hate rain :(|Stealth Rock|p2a: Lead ou pas ?\n|-sidestart|p2: Frost38|move: Stealth Rock\n|\n|-heal|p1a: Hate rain :(|32\/100|[from] item: Leftovers\n|upkeep\n|turn|23\n|inactive|Frost38 has 10 seconds left.\n|\n|move|p2a: Lead ou pas ?|Defog|p1a: Hate rain :(\n|-unboost|p1a: Hate rain :(|evasion|0\n|-sideend|p2: Frost38|Stealth Rock|[from] move: Defog|[of] p2a: Lead ou pas ?\n|move|p1a: Hate rain :(|Stealth Rock|p2a: Lead ou pas ?\n|-sidestart|p2: Frost38|move: Stealth Rock\n|\n|-heal|p1a: Hate rain :(|39\/100|[from] item: Leftovers\n|upkeep\n|turn|24\n|\n|move|p2a: Lead ou pas ?|Defog|p1a: Hate rain :(\n|-unboost|p1a: Hate rain :(|evasion|0\n|-sideend|p2: Frost38|Stealth Rock|[from] move: Defog|[of] p2a: Lead ou pas ?\n|move|p1a: Hate rain :(|Stealth Rock|p2a: Lead ou pas ?\n|-sidestart|p2: Frost38|move: Stealth Rock\n|\n|-heal|p1a: Hate rain :(|45\/100|[from] item: Leftovers\n|upkeep\n|turn|25\n|\n|move|p2a: Lead ou pas ?|Earthquake|p1a: Hate rain :(\n|-damage|p1a: Hate rain :(|11\/100\n|move|p1a: Hate rain :(|Stealth Rock||[still]\n|-fail|p1a: Hate rain :(\n|\n|-heal|p1a: Hate rain :(|17\/100|[from] item: Leftovers\n|upkeep\n|turn|26\n|\n|switch|p2a: 1 touche|Scizor, F|100\/100\n|-damage|p2a: 1 touche|88\/100|[from] Stealth Rock\n|move|p1a: Hate rain :(|Stealth Rock||[still]\n|-fail|p1a: Hate rain :(\n|\n|-heal|p1a: Hate rain :(|23\/100|[from] item: Leftovers\n|upkeep\n|turn|27\n|inactive|orangesss has 10 seconds left.\n|\n|switch|p1a: Nappy is trash|Pelipper, M|100\/100\n|-weather|RainDance|[from] ability: Drizzle|[of] p1a: Nappy is trash\n|detailschange|p2a: 1 touche|Scizor-Mega, F\n|-mega|p2a: 1 touche|Scizor|Scizorite\n|move|p2a: 1 touche|Knock Off|p1a: Nappy is trash\n|-damage|p1a: Nappy is trash|59\/100\n|-enditem|p1a: Nappy is trash|Damp Rock|[from] move: Knock Off|[of] p2a: 1 touche\n|\n|-weather|RainDance|[upkeep]\n|upkeep\n|turn|28\n|inactive|orangesss has 10 seconds left.\n|inactive|Frost38 has 10 seconds left.\n|\n|switch|p2a: Lead ou pas ?|Landorus-Therian, M|57\/100\n|-damage|p2a: Lead ou pas ?|45\/100|[from] Stealth Rock\n|-ability|p2a: Lead ou pas ?|Intimidate|boost\n|-unboost|p1a: Nappy is trash|atk|1\n|move|p1a: Nappy is trash|U-turn|p2a: Lead ou pas ?\n|-resisted|p2a: Lead ou pas ?\n|-damage|p2a: Lead ou pas ?|42\/100\n|\n|switch|p1a: Swamp Thing|Swampert, M|100\/100|[from]move: U-turn\n|\n|-weather|RainDance|[upkeep]\n|upkeep\n|turn|29\n|\n|detailschange|p1a: Swamp Thing|Swampert-Mega, M\n|-mega|p1a: Swamp Thing|Swampert|Swampertite\n|move|p1a: Swamp Thing|Waterfall|p2a: Lead ou pas ?\n|-supereffective|p2a: Lead ou pas ?\n|-damage|p2a: Lead ou pas ?|0 fnt\n|faint|p2a: Lead ou pas ?\n|\n|-weather|RainDance|[upkeep]\n|upkeep\n|\n|switch|p2a: Machine|Rotom-Wash|100\/100\n|-damage|p2a: Machine|88\/100|[from] Stealth Rock\n|turn|30\n|\n|switch|p1a: Hate rain :(|Ferrothorn, F|23\/100\n|move|p2a: Machine|Hydro Pump|p1a: Hate rain :(\n|-resisted|p1a: Hate rain :(\n|-damage|p1a: Hate rain :(|0 fnt\n|faint|p1a: Hate rain :(\n|\n|-weather|RainDance|[upkeep]\n|upkeep\n|inactive|orangesss has 10 seconds left.\n|\n|switch|p1a: Swamp Thing|Swampert-Mega, M|100\/100\n|turn|31\n|\n|move|p1a: Swamp Thing|Power-Up Punch|p2a: Machine\n|-damage|p2a: Machine|66\/100\n|-boost|p1a: Swamp Thing|atk|1\n|move|p2a: Machine|Hydro Pump|p1a: Swamp Thing\n|-damage|p1a: Swamp Thing|35\/100\n|\n|-weather|RainDance|[upkeep]\n|upkeep\n|turn|32\n|\n|move|p1a: Swamp Thing|Waterfall|p2a: Machine\n|-resisted|p2a: Machine\n|-damage|p2a: Machine|0 fnt\n|faint|p2a: Machine\n|\n|-weather|RainDance|[upkeep]\n|upkeep\n|\n|switch|p2a: SET?|Greninja, M|100\/100\n|-damage|p2a: SET?|88\/100|[from] Stealth Rock\n|turn|33\n|inactive|orangesss has 10 seconds left.\n|\n|switch|p1a: Nappy is trash|Pelipper, M|59\/100\n|move|p2a: SET?|Ice Beam|p1a: Nappy is trash\n|-start|p2a: SET?|typechange|Ice|[from] ability: Protean\n|-damage|p1a: Nappy is trash|16\/100\n|\n|-weather|RainDance|[upkeep]\n|upkeep\n|turn|34\n|inactive|orangesss has 10 seconds left.\n|\n|move|p2a: SET?|Ice Beam|p1a: Nappy is trash\n|-damage|p1a: Nappy is trash|0 fnt\n|faint|p1a: Nappy is trash\n|\n|-weather|none\n|upkeep\n|\n|switch|p1a: Wolverine|Kartana|100\/100\n|turn|35\n|\n|move|p2a: SET?|Ice Beam|p1a: Wolverine\n|-damage|p1a: Wolverine|0 fnt\n|faint|p1a: Wolverine\n|\n|upkeep\n|inactive|orangesss has 10 seconds left.\n|c|\u2606orangesss|Gg\n|c|\u2606Frost38|gg\n|inactive|orangesss has 5 seconds left.\n|-message|orangesss forfeited.\n|\n|win|Frost38\n|inactive|orangesss has 10 seconds left this turn.\n|l|\u2606orangesss\n|raw|orangesss's rating: 1543 &rarr; <strong>1518<\/strong><br \/>(-25 for losing)\n|raw|Frost38's rating: 1443 &rarr; <strong>1469<\/strong><br \/>(+26 for winning)\n","uploadtime":1571868355,"views":3,"p1id":"orangesss","p2id":"frost38","formatid":"gen7oublitz","rating":1469,"private":0,"password":null}