{"id":"gen7ou-913792880","p1":"HQSFun","p2":"Youngster Nicky","format":"gen7ou","log":"|j|\u2606HQSFun\n|j|\u2606Youngster Nicky\n|player|p1|HQSFun|260\n|player|p2|Youngster Nicky|184\n|teamsize|p1|6\n|teamsize|p2|6\n|gametype|singles\n|gen|7\n|tier|[Gen 7] OU\n|rated|\n|rule|Sleep Clause Mod: Limit one foe put to sleep\n|rule|Species Clause: Limit one of each Pok\u00e9mon\n|rule|OHKO Clause: OHKO moves are banned\n|rule|Moody Clause: Moody is banned\n|rule|Evasion Moves Clause: Evasion moves are banned\n|rule|Endless Battle Clause: Forcing endless battles is banned\n|rule|HP Percentage Mod: HP is shown in percentages\n|clearpoke\n|poke|p1|Greninja, M|item\n|poke|p1|Landorus-Therian, M|item\n|poke|p1|Magearna|item\n|poke|p1|Alomomola, F|item\n|poke|p1|Kartana|item\n|poke|p1|Medicham, M|item\n|poke|p2|Dragonite, M|item\n|poke|p2|Rotom-Wash|item\n|poke|p2|Heatran, F|item\n|poke|p2|Medicham, M|item\n|poke|p2|Landorus-Therian, M|item\n|poke|p2|Magearna|item\n|teampreview\n|\n|start\n|switch|p1a: Medicham|Medicham, M|261\/261\n|switch|p2a: Rotom|Rotom-Wash|299\/299\n|turn|1\n|inactive|Battle timer is ON: inactive players will automatically lose when time's up. (requested by HQSFun)\n|\n|detailschange|p1a: Medicham|Medicham-Mega, M\n|-mega|p1a: Medicham|Medicham|Medichamite\n|move|p1a: Medicham|Fake Out|p2a: Rotom\n|-damage|p2a: Rotom|248\/299\n|cant|p2a: Rotom|flinch\n|\n|upkeep\n|turn|2\n|\n|move|p1a: Medicham|High Jump Kick|p2a: Rotom|[miss]\n|-miss|p1a: Medicham|p2a: Rotom\n|-damage|p1a: Medicham|131\/261|[from] highjumpkick\n|move|p2a: Rotom|Thunder Wave|p1a: Medicham|[miss]\n|-miss|p2a: Rotom|p1a: Medicham\n|\n|upkeep\n|turn|3\n|\n|switch|p2a: Landorus|Landorus-Therian, M|319\/319\n|-ability|p2a: Landorus|Intimidate|boost\n|-unboost|p1a: Medicham|atk|1\n|move|p1a: Medicham|High Jump Kick|p2a: Landorus\n|-resisted|p2a: Landorus\n|-damage|p2a: Landorus|174\/319\n|\n|upkeep\n|turn|4\n|\n|switch|p1a: Landorus|Landorus-Therian, M|382\/382\n|-ability|p1a: Landorus|Intimidate|boost\n|-unboost|p2a: Landorus|atk|1\n|move|p2a: Landorus|U-turn|p1a: Landorus\n|-resisted|p1a: Landorus\n|-damage|p1a: Landorus|357\/382\n|\n|switch|p2a: Rotom|Rotom-Wash|248\/299\n|\n|upkeep\n|turn|5\n|\n|move|p1a: Landorus|Stealth Rock|p2a: Rotom\n|-sidestart|p2: Youngster Nicky|move: Stealth Rock\n|move|p2a: Rotom|Volt Switch|p1a: Landorus\n|-immune|p1a: Landorus\n|\n|upkeep\n|turn|6\n|\n|switch|p1a: Magearna|Magearna|363\/363\n|move|p2a: Rotom|Defog|p1a: Magearna\n|-unboost|p1a: Magearna|evasion|1\n|-sideend|p2: Youngster Nicky|Stealth Rock|[from] move: Defog|[of] p2a: Rotom\n|\n|upkeep\n|turn|7\n|\n|move|p2a: Rotom|Volt Switch|p1a: Magearna\n|-crit|p1a: Magearna\n|-damage|p1a: Magearna|308\/363\n|\n|switch|p2a: Heatran|Heatran, F|386\/386\n|move|p1a: Magearna|Volt Switch|p2a: Heatran\n|-damage|p2a: Heatran|338\/386\n|\n|switch|p1a: Medicham|Medicham-Mega, M|131\/261\n|\n|-heal|p2a: Heatran|362\/386|[from] item: Leftovers\n|upkeep\n|turn|8\n|\n|switch|p2a: Landorus|Landorus-Therian, M|174\/319\n|-ability|p2a: Landorus|Intimidate|boost\n|-unboost|p1a: Medicham|atk|1\n|move|p1a: Medicham|Zen Headbutt|p2a: Landorus\n|-damage|p2a: Landorus|12\/319\n|\n|upkeep\n|turn|9\n|\n|switch|p1a: Landorus|Landorus-Therian, M|357\/382\n|-ability|p1a: Landorus|Intimidate|boost\n|-unboost|p2a: Landorus|atk|1\n|move|p2a: Landorus|Explosion|p1a: Landorus\n|-damage|p1a: Landorus|190\/382\n|faint|p2a: Landorus\n|\n|upkeep\n|\n|switch|p2a: Medicham|Medicham, M|261\/261\n|turn|10\n|\n|switch|p1a: Alomomola|Alomomola, F|481\/481\n|detailschange|p2a: Medicham|Medicham-Mega, M\n|-mega|p2a: Medicham|Medicham|Medichamite\n|move|p2a: Medicham|Zen Headbutt|p1a: Alomomola|[miss]\n|-miss|p2a: Medicham|p1a: Alomomola\n|\n|upkeep\n|turn|11\n|\n|switch|p2a: Magearna|Magearna|301\/301\n|move|p1a: Alomomola|Toxic|p2a: Magearna\n|-immune|p2a: Magearna\n|\n|upkeep\n|turn|12\n|\n|move|p2a: Magearna|Shift Gear|p2a: Magearna\n|-boost|p2a: Magearna|spe|2\n|-boost|p2a: Magearna|atk|1\n|move|p1a: Alomomola|Knock Off|p2a: Magearna\n|-resisted|p2a: Magearna\n|-damage|p2a: Magearna|275\/301\n|-enditem|p2a: Magearna|Leftovers|[from] move: Knock Off|[of] p1a: Alomomola\n|\n|upkeep\n|turn|13\n|\n|switch|p1a: Magearna|Magearna|308\/363\n|move|p2a: Magearna|Calm Mind|p2a: Magearna\n|-boost|p2a: Magearna|spa|1\n|-boost|p2a: Magearna|spd|1\n|\n|upkeep\n|turn|14\n|\n|move|p2a: Magearna|Calm Mind|p2a: Magearna\n|-boost|p2a: Magearna|spa|1\n|-boost|p2a: Magearna|spd|1\n|move|p1a: Magearna|Hidden Power|p2a: Magearna\n|-supereffective|p2a: Magearna\n|-damage|p2a: Magearna|219\/301\n|\n|upkeep\n|turn|15\n|\n|move|p2a: Magearna|Calm Mind|p2a: Magearna\n|-boost|p2a: Magearna|spa|1\n|-boost|p2a: Magearna|spd|1\n|move|p1a: Magearna|Hidden Power|p2a: Magearna\n|-supereffective|p2a: Magearna\n|-damage|p2a: Magearna|171\/301\n|\n|upkeep\n|turn|16\n|\n|move|p2a: Magearna|Thunderbolt|p1a: Magearna\n|-damage|p1a: Magearna|189\/363\n|move|p1a: Magearna|Hidden Power|p2a: Magearna\n|-supereffective|p2a: Magearna\n|-damage|p2a: Magearna|127\/301\n|\n|upkeep\n|turn|17\n|\n|move|p2a: Magearna|Thunderbolt|p1a: Magearna\n|-damage|p1a: Magearna|64\/363\n|-status|p1a: Magearna|par\n|move|p1a: Magearna|Hidden Power|p2a: Magearna\n|-supereffective|p2a: Magearna\n|-damage|p2a: Magearna|83\/301\n|\n|upkeep\n|turn|18\n|\n|move|p2a: Magearna|Thunderbolt|p1a: Magearna\n|-damage|p1a: Magearna|0 fnt\n|faint|p1a: Magearna\n|-ability|p2a: Magearna|Soul-Heart|boost\n|-boost|p2a: Magearna|spa|1\n|\n|upkeep\n|\n|switch|p1a: Kartana|Kartana|259\/259\n|turn|19\n|\n|move|p1a: Kartana|Smart Strike|p2a: Magearna\n|-damage|p2a: Magearna|0 fnt\n|faint|p2a: Magearna\n|-ability|p1a: Kartana|Beast Boost|boost\n|-boost|p1a: Kartana|atk|1\n|\n|upkeep\n|\n|switch|p2a: Heatran|Heatran, F|362\/386\n|turn|20\n|\n|switch|p1a: Greninja|Greninja, M|285\/285\n|move|p2a: Heatran|Stealth Rock|p1a: Greninja\n|-sidestart|p1: HQSFun|move: Stealth Rock\n|\n|-heal|p2a: Heatran|386\/386|[from] item: Leftovers\n|upkeep\n|turn|21\n|\n|move|p2a: Heatran|Protect|p2a: Heatran\n|-singleturn|p2a: Heatran|Protect\n|move|p1a: Greninja|Dark Pulse|p2a: Heatran\n|-activate|p2a: Heatran|move: Protect\n|\n|upkeep\n|turn|22\n|\n|move|p1a: Greninja|Dark Pulse|p2a: Heatran\n|-damage|p2a: Heatran|260\/386\n|move|p2a: Heatran|Toxic|p1a: Greninja\n|-status|p1a: Greninja|tox\n|\n|-heal|p2a: Heatran|284\/386|[from] item: Leftovers\n|-damage|p1a: Greninja|268\/285 tox|[from] psn\n|upkeep\n|turn|23\n|\n|switch|p1a: Landorus|Landorus-Therian, M|190\/382\n|-damage|p1a: Landorus|143\/382|[from] Stealth Rock\n|-ability|p1a: Landorus|Intimidate|boost\n|-unboost|p2a: Heatran|atk|1\n|move|p2a: Heatran|Magma Storm|p1a: Landorus\n|-damage|p1a: Landorus|0 fnt\n|faint|p1a: Landorus\n|\n|-heal|p2a: Heatran|308\/386|[from] item: Leftovers\n|upkeep\n|\n|switch|p1a: Greninja|Greninja, M|268\/285 tox\n|-damage|p1a: Greninja|233\/285 tox|[from] Stealth Rock\n|turn|24\n|\n|move|p2a: Heatran|Protect|p2a: Heatran\n|-singleturn|p2a: Heatran|Protect\n|move|p1a: Greninja|Surf|p2a: Heatran\n|-activate|p2a: Heatran|move: Protect\n|\n|-heal|p2a: Heatran|332\/386|[from] item: Leftovers\n|-damage|p1a: Greninja|216\/285 tox|[from] psn\n|upkeep\n|turn|25\n|\n|switch|p1a: Medicham|Medicham-Mega, M|131\/261\n|-damage|p1a: Medicham|115\/261|[from] Stealth Rock\n|switch|p2a: Rotom|Rotom-Wash|248\/299\n|\n|upkeep\n|turn|26\n|\n|move|p1a: Medicham|High Jump Kick|p2a: Rotom\n|-crit|p2a: Rotom\n|-damage|p2a: Rotom|0 fnt\n|faint|p2a: Rotom\n|\n|upkeep\n|\n|switch|p2a: Medicham|Medicham-Mega, M|261\/261\n|turn|27\n|\n|switch|p1a: Alomomola|Alomomola, F|481\/481\n|-damage|p1a: Alomomola|421\/481|[from] Stealth Rock\n|move|p2a: Medicham|Fake Out|p1a: Alomomola\n|-damage|p1a: Alomomola|352\/481\n|\n|-heal|p1a: Alomomola|382\/481|[from] item: Leftovers\n|upkeep\n|turn|28\n|\n|move|p2a: Medicham|Zen Headbutt|p1a: Alomomola\n|-crit|p1a: Alomomola\n|-damage|p1a: Alomomola|97\/481\n|move|p1a: Alomomola|Toxic|p2a: Medicham\n|-status|p2a: Medicham|tox\n|\n|-heal|p1a: Alomomola|127\/481|[from] item: Leftovers\n|-damage|p2a: Medicham|245\/261 tox|[from] psn\n|upkeep\n|turn|29\n|\n|move|p1a: Alomomola|Protect|p1a: Alomomola\n|-singleturn|p1a: Alomomola|Protect\n|move|p2a: Medicham|Zen Headbutt|p1a: Alomomola\n|-activate|p1a: Alomomola|move: Protect\n|\n|-heal|p1a: Alomomola|157\/481|[from] item: Leftovers\n|-damage|p2a: Medicham|213\/261 tox|[from] psn\n|upkeep\n|turn|30\n|\n|move|p2a: Medicham|High Jump Kick|p1a: Alomomola\n|-damage|p1a: Alomomola|0 fnt\n|faint|p1a: Alomomola\n|\n|-damage|p2a: Medicham|165\/261 tox|[from] psn\n|upkeep\n|\n|switch|p1a: Greninja|Greninja, M|216\/285 tox\n|-damage|p1a: Greninja|181\/285 tox|[from] Stealth Rock\n|turn|31\n|\n|switch|p2a: Heatran|Heatran, F|332\/386\n|move|p1a: Greninja|Surf|p2a: Heatran\n|-supereffective|p2a: Heatran\n|-damage|p2a: Heatran|48\/386\n|\n|-heal|p2a: Heatran|72\/386|[from] item: Leftovers\n|-damage|p1a: Greninja|164\/285 tox|[from] psn\n|upkeep\n|turn|32\n|\n|move|p2a: Heatran|Protect|p2a: Heatran\n|-singleturn|p2a: Heatran|Protect\n|move|p1a: Greninja|Surf|p2a: Heatran\n|-activate|p2a: Heatran|move: Protect\n|\n|-heal|p2a: Heatran|96\/386|[from] item: Leftovers\n|-damage|p1a: Greninja|130\/285 tox|[from] psn\n|upkeep\n|turn|33\n|\n|move|p1a: Greninja|Surf|p2a: Heatran\n|-supereffective|p2a: Heatran\n|-damage|p2a: Heatran|0 fnt\n|faint|p2a: Heatran\n|-activate|p1a: Greninja|ability: Battle Bond\n|detailschange|p1a: Greninja|Greninja-Ash, M\n|\n|-damage|p1a: Greninja|79\/285 tox|[from] psn\n|upkeep\n|\n|switch|p2a: Dragonite|Dragonite, M|345\/345\n|turn|34\n|\n|move|p1a: Greninja|Surf|p2a: Dragonite\n|-resisted|p2a: Dragonite\n|-damage|p2a: Dragonite|273\/345\n|move|p2a: Dragonite|Dragon Dance|p2a: Dragonite\n|-boost|p2a: Dragonite|atk|1\n|-boost|p2a: Dragonite|spe|1\n|\n|-damage|p1a: Greninja|11\/285 tox|[from] psn\n|upkeep\n|turn|35\n|\n|move|p1a: Greninja|Surf|p2a: Dragonite\n|-resisted|p2a: Dragonite\n|-damage|p2a: Dragonite|147\/345\n|move|p2a: Dragonite|Dragon Dance|p2a: Dragonite\n|-boost|p2a: Dragonite|atk|1\n|-boost|p2a: Dragonite|spe|1\n|\n|-damage|p1a: Greninja|0 fnt|[from] psn\n|faint|p1a: Greninja\n|upkeep\n|\n|switch|p1a: Medicham|Medicham-Mega, M|115\/261\n|-damage|p1a: Medicham|99\/261|[from] Stealth Rock\n|turn|36\n|\n|move|p1a: Medicham|Fake Out|p2a: Dragonite\n|-damage|p2a: Dragonite|66\/345\n|cant|p2a: Dragonite|flinch\n|\n|upkeep\n|turn|37\n|\n|move|p2a: Dragonite|Extreme Speed|p1a: Medicham\n|-crit|p1a: Medicham\n|-damage|p1a: Medicham|0 fnt\n|faint|p1a: Medicham\n|\n|upkeep\n|\n|switch|p1a: Kartana|Kartana|259\/259\n|-damage|p1a: Kartana|243\/259|[from] Stealth Rock\n|turn|38\n|\n|move|p1a: Kartana|Smart Strike|p2a: Dragonite\n|-damage|p2a: Dragonite|0 fnt\n|faint|p2a: Dragonite\n|-ability|p1a: Kartana|Beast Boost|boost\n|-boost|p1a: Kartana|atk|1\n|\n|upkeep\n|-message|Youngster Nicky forfeited.\n|\n|win|HQSFun\n|l|\u2606Youngster Nicky\n","uploadtime":1558465053,"views":3,"p1id":"hqsfun","p2id":"youngsternicky","formatid":"gen7ou","rating":0,"private":0,"password":null}