{"id":"gen7ou-823368523","p1":"jzxcvghk","p2":"Ban Lando t guy jk","format":"gen7ou","log":"|j|\u2606jzxcvghk\n|j|\u2606Ban Lando t guy jk\n|player|p1|jzxcvghk|265\n|player|p2|Ban Lando t guy jk|247\n|teamsize|p1|6\n|teamsize|p2|6\n|gametype|singles\n|gen|7\n|tier|[Gen 7] OU\n|rated|\n|rule|Sleep Clause Mod: Limit one foe put to sleep\n|rule|Species Clause: Limit one of each Pok\u00e9mon\n|rule|OHKO Clause: OHKO moves are banned\n|rule|Moody Clause: Moody is banned\n|rule|Evasion Moves Clause: Evasion moves are banned\n|rule|Endless Battle Clause: Forcing endless battles is banned\n|rule|HP Percentage Mod: HP is shown in percentages\n|clearpoke\n|poke|p1|Charizard, M|item\n|poke|p1|Tapu Lele|item\n|poke|p1|Excadrill, F|item\n|poke|p1|Kartana|item\n|poke|p1|Skarmory, M|item\n|poke|p1|Tapu Bulu|item\n|poke|p2|Gyarados, F|item\n|poke|p2|Hawlucha, F|item\n|poke|p2|Scizor, F|item\n|poke|p2|Landorus-Therian, M|item\n|poke|p2|Greninja, M|item\n|poke|p2|Tapu Koko|item\n|teampreview\n|inactive|Battle timer is ON: inactive players will automatically lose when time's up. (requested by jzxcvghk)\n|inactive|Ban Lando t guy jk also wants the timer to be on.\n|\n|start\n|switch|p1a: Tapu Lele|Tapu Lele|100\/100\n|switch|p2a: Who am I?|Landorus-Therian, M|100\/100\n|-fieldstart|move: Psychic Terrain|[from] ability: Psychic Surge|[of] p1a: Tapu Lele\n|-ability|p2a: Who am I?|Intimidate|boost\n|-unboost|p1a: Tapu Lele|atk|1\n|turn|1\n|\n|move|p1a: Tapu Lele|Psychic|p2a: Who am I?\n|-enditem|p2a: Who am I?|Focus Sash\n|-damage|p2a: Who am I?|1\/100\n|-unboost|p2a: Who am I?|spd|1\n|move|p2a: Who am I?|Stealth Rock|p1a: Tapu Lele\n|-sidestart|p1: jzxcvghk|move: Stealth Rock\n|\n|upkeep\n|turn|2\n|\n|switch|p2a: Ash Who?|Greninja, M|100\/100\n|move|p1a: Tapu Lele|Psychic|p2a: Ash Who?\n|-immune|p2a: Ash Who?\n|\n|upkeep\n|turn|3\n|\n|switch|p1a: Skarmory|Skarmory, M|100\/100\n|-damage|p1a: Skarmory|88\/100|[from] Stealth Rock\n|move|p2a: Ash Who?|Spikes|p1a: Skarmory\n|-sidestart|p1: jzxcvghk|Spikes\n|\n|-heal|p1a: Skarmory|94\/100|[from] item: Leftovers\n|upkeep\n|turn|4\n|\n|switch|p2a: Lochness|Gyarados, F|100\/100\n|move|p1a: Skarmory|Defog|p2a: Lochness\n|-unboost|p2a: Lochness|evasion|1\n|-sideend|p1: jzxcvghk|Spikes|[from] move: Defog|[of] p1a: Skarmory\n|-sideend|p1: jzxcvghk|Stealth Rock|[from] move: Defog|[of] p1a: Skarmory\n|\n|-heal|p1a: Skarmory|99\/100|[from] item: Leftovers\n|upkeep\n|turn|5\n|\n|move|p2a: Lochness|Dragon Dance|p2a: Lochness\n|-boost|p2a: Lochness|atk|1\n|-boost|p2a: Lochness|spe|1\n|move|p1a: Skarmory|Toxic|p2a: Lochness\n|-status|p2a: Lochness|tox\n|\n|-heal|p1a: Skarmory|100\/100|[from] item: Leftovers\n|-damage|p2a: Lochness|94\/100 tox|[from] psn\n|-fieldend|move: Psychic Terrain\n|upkeep\n|turn|6\n|\n|move|p2a: Lochness|Dragon Dance|p2a: Lochness\n|-boost|p2a: Lochness|atk|1\n|-boost|p2a: Lochness|spe|1\n|move|p1a: Skarmory|Stealth Rock|p2a: Lochness\n|-sidestart|p2: Ban Lando t guy jk|move: Stealth Rock\n|\n|-damage|p2a: Lochness|82\/100 tox|[from] psn\n|upkeep\n|turn|7\n|\n|switch|p1a: Tapu Bulu|Tapu Bulu|100\/100\n|-fieldstart|move: Grassy Terrain|[from] ability: Grassy Surge|[of] p1a: Tapu Bulu\n|move|p2a: Lochness|Waterfall|p1a: Tapu Bulu\n|-resisted|p1a: Tapu Bulu\n|-damage|p1a: Tapu Bulu|60\/100\n|\n|-heal|p1a: Tapu Bulu|66\/100|[from] Grassy Terrain\n|-damage|p2a: Lochness|64\/100 tox|[from] psn\n|upkeep\n|turn|8\n|\n|switch|p1a: Skarmory|Skarmory, M|100\/100\n|-zpower|p2a: Lochness\n|move|p2a: Lochness|Supersonic Skystrike|p1a: Skarmory|[zeffect]\n|-resisted|p1a: Skarmory\n|-damage|p1a: Skarmory|52\/100\n|\n|-heal|p1a: Skarmory|58\/100|[from] item: Leftovers\n|-damage|p2a: Lochness|40\/100 tox|[from] psn\n|upkeep\n|turn|9\n|\n|switch|p1a: Tapu Bulu|Tapu Bulu|66\/100\n|move|p2a: Lochness|Taunt|p1a: Tapu Bulu\n|-start|p1a: Tapu Bulu|move: Taunt\n|\n|-heal|p1a: Tapu Bulu|72\/100|[from] Grassy Terrain\n|-damage|p2a: Lochness|10\/100 tox|[from] psn\n|upkeep\n|turn|10\n|\n|switch|p1a: Skarmory|Skarmory, M|58\/100\n|move|p2a: Lochness|Waterfall|p1a: Skarmory\n|-damage|p1a: Skarmory|9\/100\n|\n|-heal|p1a: Skarmory|15\/100|[from] item: Leftovers\n|-damage|p2a: Lochness|0 fnt|[from] psn\n|upkeep\n|faint|p2a: Lochness\n|\n|switch|p2a: Ash Who?|Greninja, M|100\/100\n|-damage|p2a: Ash Who?|88\/100|[from] Stealth Rock\n|turn|11\n|\n|move|p2a: Ash Who?|Dark Pulse|p1a: Skarmory\n|-damage|p1a: Skarmory|0 fnt\n|faint|p1a: Skarmory\n|-activate|p2a: Ash Who?|ability: Battle Bond\n|detailschange|p2a: Ash Who?|Greninja-Ash, M\n|\n|-heal|p2a: Ash Who?|94\/100|[from] Grassy Terrain\n|-fieldend|move: Grassy Terrain\n|upkeep\n|\n|switch|p1a: Tapu Bulu|Tapu Bulu|72\/100\n|-fieldstart|move: Grassy Terrain|[from] ability: Grassy Surge|[of] p1a: Tapu Bulu\n|turn|12\n|\n|switch|p1a: Charizard|Charizard, M|100\/100\n|switch|p2a: Omega|Scizor, F|100\/100\n|-damage|p2a: Omega|88\/100|[from] Stealth Rock\n|\n|-heal|p2a: Omega|94\/100|[from] Grassy Terrain\n|upkeep\n|turn|13\n|\n|switch|p2a: Who am I?|Landorus-Therian, M|1\/100\n|-damage|p2a: Who am I?|0 fnt|[from] Stealth Rock\n|faint|p2a: Who am I?\n|detailschange|p1a: Charizard|Charizard-Mega-X, M\n|-mega|p1a: Charizard|Charizard|Charizardite X\n|move|p1a: Charizard|Flare Blitz|p2: Who am I?|[notarget]\n|-notarget\n|\n|upkeep\n|\n|switch|p2a: Kanye west|Tapu Koko|100\/100\n|-damage|p2a: Kanye west|88\/100|[from] Stealth Rock\n|-fieldstart|move: Electric Terrain|[from] ability: Electric Surge|[of] p2a: Kanye west\n|turn|14\n|\n|move|p2a: Kanye west|Reflect|p2a: Kanye west\n|-sidestart|p2: Ban Lando t guy jk|Reflect\n|move|p1a: Charizard|Dragon Dance|p1a: Charizard\n|-boost|p1a: Charizard|atk|1\n|-boost|p1a: Charizard|spe|1\n|\n|upkeep\n|turn|15\n|\n|move|p1a: Charizard|Dragon Dance|p1a: Charizard\n|-boost|p1a: Charizard|atk|1\n|-boost|p1a: Charizard|spe|1\n|move|p2a: Kanye west|Taunt|p1a: Charizard\n|-start|p1a: Charizard|move: Taunt\n|\n|upkeep\n|turn|16\n|\n|move|p1a: Charizard|Flare Blitz|p2a: Kanye west\n|-crit|p2a: Kanye west\n|-damage|p2a: Kanye west|0 fnt\n|-damage|p1a: Charizard|69\/100|[from] Recoil\n|faint|p2a: Kanye west\n|\n|upkeep\n|\n|switch|p2a: Retired Lucha|Hawlucha, F|100\/100\n|-enditem|p2a: Retired Lucha|Electric Seed\n|-boost|p2a: Retired Lucha|def|1\n|-damage|p2a: Retired Lucha|88\/100|[from] Stealth Rock\n|turn|17\n|\n|move|p2a: Retired Lucha|Swords Dance|p2a: Retired Lucha\n|-boost|p2a: Retired Lucha|atk|2\n|move|p1a: Charizard|Flare Blitz|p2a: Retired Lucha\n|-damage|p2a: Retired Lucha|10\/100\n|-damage|p1a: Charizard|43\/100|[from] Recoil\n|\n|upkeep\n|turn|18\n|\n|switch|p1a: Kartana|Kartana|100\/100\n|move|p2a: Retired Lucha|Acrobatics|p1a: Kartana\n|-damage|p1a: Kartana|0 fnt\n|faint|p1a: Kartana\n|\n|-fieldend|move: Electric Terrain\n|upkeep\n|\n|switch|p1a: Excadrill|Excadrill, F|100\/100\n|-ability|p1a: Excadrill|Mold Breaker\n|turn|19\n|\n|move|p2a: Retired Lucha|High Jump Kick|p1a: Excadrill\n|-supereffective|p1a: Excadrill\n|-enditem|p1a: Excadrill|Focus Sash\n|-damage|p1a: Excadrill|1\/100\n|move|p1a: Excadrill|Iron Head|p2a: Retired Lucha\n|-damage|p2a: Retired Lucha|0 fnt\n|faint|p2a: Retired Lucha\n|\n|upkeep\n|\n|switch|p2a: Omega|Scizor, F|94\/100\n|-damage|p2a: Omega|82\/100|[from] Stealth Rock\n|turn|20\n|\n|switch|p1a: Charizard|Charizard-Mega-X, M|43\/100\n|detailschange|p2a: Omega|Scizor-Mega, F\n|-mega|p2a: Omega|Scizor|Scizorite\n|move|p2a: Omega|Curse|p2a: Omega\n|-unboost|p2a: Omega|spe|1\n|-boost|p2a: Omega|atk|1\n|-boost|p2a: Omega|def|1\n|\n|upkeep\n|turn|21\n|\n|move|p2a: Omega|Bullet Punch|p1a: Charizard\n|-resisted|p1a: Charizard\n|-damage|p1a: Charizard|23\/100\n|move|p1a: Charizard|Dragon Dance|p1a: Charizard\n|-boost|p1a: Charizard|atk|1\n|-boost|p1a: Charizard|spe|1\n|\n|-sideend|p2: Ban Lando t guy jk|Reflect\n|upkeep\n|turn|22\n|\n|move|p2a: Omega|Bullet Punch|p1a: Charizard\n|-resisted|p1a: Charizard\n|-damage|p1a: Charizard|0 fnt\n|faint|p1a: Charizard\n|\n|upkeep\n|\n|switch|p1a: Tapu Lele|Tapu Lele|100\/100\n|-fieldstart|move: Psychic Terrain|[from] ability: Psychic Surge|[of] p1a: Tapu Lele\n|turn|23\n|\n|move|p1a: Tapu Lele|Focus Blast|p2a: Omega\n|-damage|p2a: Omega|18\/100\n|move|p2a: Omega|Roost|p2a: Omega\n|-heal|p2a: Omega|68\/100\n|\n|upkeep\n|turn|24\n|\n|move|p1a: Tapu Lele|Focus Blast|p2a: Omega\n|-damage|p2a: Omega|2\/100\n|move|p2a: Omega|Roost|p2a: Omega\n|-heal|p2a: Omega|52\/100\n|\n|upkeep\n|turn|25\n|\n|move|p1a: Tapu Lele|Focus Blast|p2a: Omega\n|-damage|p2a: Omega|0 fnt\n|faint|p2a: Omega\n|\n|upkeep\n|\n|switch|p2a: Ash Who?|Greninja-Ash, M|94\/100\n|-damage|p2a: Ash Who?|82\/100|[from] Stealth Rock\n|turn|26\n|\n|switch|p1a: Excadrill|Excadrill, F|1\/100\n|-ability|p1a: Excadrill|Mold Breaker\n|move|p2a: Ash Who?|Dark Pulse|p1a: Excadrill\n|-damage|p1a: Excadrill|0 fnt\n|faint|p1a: Excadrill\n|\n|upkeep\n|\n|switch|p1a: Tapu Bulu|Tapu Bulu|72\/100\n|-fieldstart|move: Grassy Terrain|[from] ability: Grassy Surge|[of] p1a: Tapu Bulu\n|turn|27\n|\n|move|p1a: Tapu Bulu|Horn Leech|p2a: Ash Who?\n|-supereffective|p2a: Ash Who?\n|-damage|p2a: Ash Who?|0 fnt\n|-heal|p1a: Tapu Bulu|100\/100|[from] drain|[of] p2a: Ash Who?\n|faint|p2a: Ash Who?\n|\n|win|jzxcvghk\n|c|\u2606Ban Lando t guy jk|gg\n|raw|jzxcvghk's rating: 1584 &rarr; <strong>1602<\/strong><br \/>(+18 for winning)\n|raw|Ban Lando t guy jk's rating: 1547 &rarr; <strong>1529<\/strong><br \/>(-18 for losing)\n|c|\u2606jzxcvghk|gg\n|l|\u2606Ban Lando t guy jk\n","uploadtime":1542693450,"views":34,"p1id":"jzxcvghk","p2id":"banlandotguyjk","formatid":"gen7ou","rating":1529,"private":0,"password":null}