{"id":"gen7ou-944191096","p1":"THC_wenger","p2":"Blaziden","format":"gen7ou","log":"|j|\u2606THC_wenger\n|j|\u2606Blaziden\n|player|p1|THC_wenger|170|\n|player|p2|Blaziden|238|\n|teamsize|p1|6\n|teamsize|p2|6\n|gametype|singles\n|gen|7\n|tier|[Gen 7] OU\n|rated|\n|rule|Sleep Clause Mod: Limit one foe put to sleep\n|rule|Species Clause: Limit one of each Pok\u00e9mon\n|rule|OHKO Clause: OHKO moves are banned\n|rule|Moody Clause: Moody is banned\n|rule|Evasion Moves Clause: Evasion moves are banned\n|rule|Endless Battle Clause: Forcing endless battles is banned\n|rule|HP Percentage Mod: HP is shown in percentages\n|clearpoke\n|poke|p1|Ninetales-Alola, M|item\n|poke|p1|Serperior, M|item\n|poke|p1|Toxapex, F|item\n|poke|p1|Infernape, F|item\n|poke|p1|Excadrill, M|item\n|poke|p1|Manectric, M|item\n|poke|p2|Malamar, F|item\n|poke|p2|Gliscor, F|item\n|poke|p2|Charizard, M|item\n|poke|p2|Azumarill, M|item\n|poke|p2|Buzzwole|item\n|poke|p2|Staraptor, M|item\n|teampreview\n|inactive|Battle timer is ON: inactive players will automatically lose when time's up. (requested by Blaziden)\n|\n|start\n|switch|p1a: Excadrill|Excadrill, M, shiny|100\/100\n|switch|p2a: Malamar|Malamar, F|100\/100\n|turn|1\n|\n|-zpower|p2a: Malamar\n|move|p2a: Malamar|Z-Happy Hour|p2a: Malamar|[anim]Happy Hour\n|-boost|p2a: Malamar|atk|1|[zeffect]\n|-boost|p2a: Malamar|def|1|[zeffect]\n|-boost|p2a: Malamar|spa|1|[zeffect]\n|-boost|p2a: Malamar|spd|1|[zeffect]\n|-boost|p2a: Malamar|spe|1|[zeffect]\n|move|p1a: Excadrill|Stealth Rock|p2a: Malamar\n|-sidestart|p2: Blaziden|move: Stealth Rock\n|\n|upkeep\n|turn|2\n|inactive|THC_wenger has 120 seconds left.\n|\n|move|p2a: Malamar|Superpower|p1a: Excadrill\n|-supereffective|p1a: Excadrill\n|-damage|p1a: Excadrill|0 fnt\n|-boost|p2a: Malamar|atk|1\n|-boost|p2a: Malamar|def|1\n|faint|p1a: Excadrill\n|\n|upkeep\n|inactive|THC_wenger has 120 seconds left.\n|\n|switch|p1a: Serperior|Serperior, M, shiny|100\/100\n|turn|3\n|\n|move|p2a: Malamar|Superpower|p1a: Serperior\n|-damage|p1a: Serperior|26\/100\n|-boost|p2a: Malamar|atk|1\n|-boost|p2a: Malamar|def|1\n|move|p1a: Serperior|Leaf Storm|p2a: Malamar\n|-damage|p2a: Malamar|41\/100\n|-boost|p1a: Serperior|spa|2\n|\n|upkeep\n|turn|4\n|inactive|THC_wenger has 120 seconds left.\n|\n|move|p2a: Malamar|Superpower|p1a: Serperior\n|-damage|p1a: Serperior|0 fnt\n|-boost|p2a: Malamar|atk|1\n|-boost|p2a: Malamar|def|1\n|faint|p1a: Serperior\n|\n|upkeep\n|\n|switch|p1a: Toxapex|Toxapex, F, shiny|100\/100\n|turn|5\n|\n|move|p1a: Toxapex|Baneful Bunker|p1a: Toxapex\n|-singleturn|p1a: Toxapex|move: Protect\n|move|p2a: Malamar|Psycho Cut|p1a: Toxapex\n|-activate|p1a: Toxapex|move: Protect\n|\n|upkeep\n|turn|6\n|\n|move|p2a: Malamar|Psycho Cut|p1a: Toxapex\n|-supereffective|p1a: Toxapex\n|-damage|p1a: Toxapex|0 fnt\n|faint|p1a: Toxapex\n|\n|upkeep\n|inactive|THC_wenger has 120 seconds left.\n|\n|switch|p1a: Manectric|Manectric, M|100\/100\n|turn|7\n|\n|detailschange|p1a: Manectric|Manectric-Mega, M\n|-mega|p1a: Manectric|Manectric|Manectite\n|-ability|p1a: Manectric|Intimidate|boost\n|-boost|p2a: Malamar|atk|1\n|move|p2a: Malamar|Superpower|p1a: Manectric\n|-damage|p1a: Manectric|0 fnt\n|-boost|p2a: Malamar|atk|1\n|-boost|p2a: Malamar|def|1\n|faint|p1a: Manectric\n|\n|upkeep\n|\n|switch|p1a: Ninetales|Ninetales-Alola, M|100\/100\n|-weather|Hail|[from] ability: Snow Warning|[of] p1a: Ninetales\n|turn|8\n|\n|move|p2a: Malamar|Superpower|p1a: Ninetales\n|-enditem|p1a: Ninetales|Focus Sash\n|-damage|p1a: Ninetales|1\/100\n|-boost|p2a: Malamar|def|1\n|move|p1a: Ninetales|Ice Beam|p2a: Malamar\n|-damage|p2a: Malamar|8\/100\n|\n|-weather|Hail|[upkeep]\n|-damage|p2a: Malamar|2\/100|[from] Hail\n|upkeep\n|turn|9\n|inactive|THC_wenger has 120 seconds left.\n|\n|move|p2a: Malamar|Night Slash|p1a: Ninetales\n|-resisted|p1a: Ninetales\n|-crit|p1a: Ninetales\n|-damage|p1a: Ninetales|0 fnt\n|faint|p1a: Ninetales\n|\n|-weather|Hail|[upkeep]\n|-damage|p2a: Malamar|0 fnt|[from] Hail\n|faint|p2a: Malamar\n|upkeep\n|\n|switch|p1a: Infernape|Infernape, F|100\/100\n|switch|p2a: Staraptor|Staraptor, M|100\/100\n|-damage|p2a: Staraptor|75\/100|[from] Stealth Rock\n|turn|10\n|\n|move|p2a: Staraptor|Brave Bird|p1a: Infernape\n|-supereffective|p1a: Infernape\n|-damage|p1a: Infernape|0 fnt\n|-damage|p2a: Staraptor|44\/100|[from] Recoil\n|faint|p1a: Infernape\n|\n|win|Blaziden\n","uploadtime":1563033261,"views":4,"p1id":"thcwenger","p2id":"blaziden","formatid":"gen7ou","rating":0,"private":0,"password":null}