{"id":"gen7ou-985953222","p1":"comp233","p2":"aguadechucaberry","format":"gen7ou","log":"|j|\u2606comp233\n|j|\u2606aguadechucaberry\n|player|p1|comp233|115|1680\n|player|p2|aguadechucaberry|292|1666\n|teamsize|p1|6\n|teamsize|p2|6\n|gametype|singles\n|gen|7\n|tier|[Gen 7] OU\n|rated|\n|rule|Sleep Clause Mod: Limit one foe put to sleep\n|rule|Species Clause: Limit one of each Pok\u00e9mon\n|rule|OHKO Clause: OHKO moves are banned\n|rule|Moody Clause: Moody is banned\n|rule|Evasion Moves Clause: Evasion moves are banned\n|rule|Endless Battle Clause: Forcing endless battles is banned\n|rule|HP Percentage Mod: HP is shown in percentages\n|clearpoke\n|poke|p1|Lucario, M|item\n|poke|p1|Lopunny, M|item\n|poke|p1|Hawlucha, F|item\n|poke|p1|Kommo-o, F|item\n|poke|p1|Keldeo-Resolute|item\n|poke|p1|Infernape, F|item\n|poke|p2|Magearna|item\n|poke|p2|Chansey, F|item\n|poke|p2|Keldeo|item\n|poke|p2|Medicham, F|item\n|poke|p2|Tapu Bulu|item\n|poke|p2|Zapdos|item\n|teampreview\n|\n|start\n|switch|p1a: Infernape|Infernape, F, shiny|100\/100\n|switch|p2a: Keldeo|Keldeo|100\/100\n|turn|1\n|\n|move|p1a: Infernape|Stealth Rock|p2a: Keldeo\n|-sidestart|p2: aguadechucaberry|move: Stealth Rock\n|move|p2a: Keldeo|Substitute|p2a: Keldeo\n|-start|p2a: Keldeo|Substitute\n|-damage|p2a: Keldeo|75\/100\n|\n|-heal|p2a: Keldeo|82\/100|[from] item: Leftovers\n|upkeep\n|turn|2\n|\n|switch|p1a: Keldeo|Keldeo-Resolute|100\/100\n|move|p2a: Keldeo|Calm Mind|p2a: Keldeo\n|-boost|p2a: Keldeo|spa|1\n|-boost|p2a: Keldeo|spd|1\n|\n|-heal|p2a: Keldeo|88\/100|[from] item: Leftovers\n|upkeep\n|turn|3\n|\n|move|p1a: Keldeo|Secret Sword|p2a: Keldeo\n|-end|p2a: Keldeo|Substitute\n|move|p2a: Keldeo|Calm Mind|p2a: Keldeo\n|-boost|p2a: Keldeo|spa|1\n|-boost|p2a: Keldeo|spd|1\n|\n|-heal|p2a: Keldeo|94\/100|[from] item: Leftovers\n|upkeep\n|turn|4\n|\n|move|p1a: Keldeo|Secret Sword|p2a: Keldeo\n|-damage|p2a: Keldeo|46\/100\n|move|p2a: Keldeo|Secret Sword|p1a: Keldeo\n|-damage|p1a: Keldeo|0 fnt\n|faint|p1a: Keldeo\n|\n|-heal|p2a: Keldeo|53\/100|[from] item: Leftovers\n|upkeep\n|\n|switch|p1a: Lopunny|Lopunny, M, shiny|100\/100\n|turn|5\n|\n|switch|p2a: Zapdos|Zapdos|100\/100\n|-damage|p2a: Zapdos|75\/100|[from] Stealth Rock\n|detailschange|p1a: Lopunny|Lopunny-Mega, M, shiny\n|-mega|p1a: Lopunny|Lopunny|Lopunnite\n|move|p1a: Lopunny|Fake Out|p2a: Zapdos\n|-crit|p2a: Zapdos\n|-damage|p2a: Zapdos|39\/100\n|-status|p1a: Lopunny|par|[from] ability: Static|[of] p2a: Zapdos\n|\n|-heal|p2a: Zapdos|46\/100|[from] item: Leftovers\n|upkeep\n|turn|6\n|\n|move|p2a: Zapdos|Defog|p1a: Lopunny\n|-unboost|p1a: Lopunny|evasion|1\n|-sideend|p2: aguadechucaberry|Stealth Rock|[from] move: Defog|[of] p2a: Zapdos\n|move|p1a: Lopunny|Return|p2a: Zapdos\n|-damage|p2a: Zapdos|0 fnt\n|faint|p2a: Zapdos\n|\n|upkeep\n|\n|switch|p2a: Magearna|Magearna|100\/100\n|turn|7\n|\n|move|p2a: Magearna|Shift Gear|p2a: Magearna\n|-boost|p2a: Magearna|spe|2\n|-boost|p2a: Magearna|atk|1\n|move|p1a: Lopunny|High Jump Kick|p2a: Magearna\n|-damage|p2a: Magearna|20\/100\n|\n|upkeep\n|turn|8\n|inactive|Battle timer is ON: inactive players will automatically lose when time's up. (requested by aguadechucaberry)\n|\n|-zpower|p2a: Magearna\n|move|p2a: Magearna|Twinkle Tackle|p1a: Lopunny|[zeffect]\n|-supereffective|p1a: Lopunny\n|-damage|p1a: Lopunny|0 fnt\n|faint|p1a: Lopunny\n|-ability|p2a: Magearna|Soul-Heart|boost\n|-boost|p2a: Magearna|spa|1\n|\n|upkeep\n|\n|switch|p1a: Infernape|Infernape, F, shiny|100\/100\n|turn|9\n|\n|move|p2a: Magearna|Fleur Cannon|p1a: Infernape|[miss]\n|-miss|p2a: Magearna|p1a: Infernape\n|move|p1a: Infernape|Overheat|p2a: Magearna\n|-supereffective|p2a: Magearna\n|-damage|p2a: Magearna|0 fnt\n|-unboost|p1a: Infernape|spa|2\n|faint|p2a: Magearna\n|\n|upkeep\n|\n|switch|p2a: Medicham|Medicham, F|100\/100\n|turn|10\n|\n|switch|p1a: Lucario|Lucario, M|100\/100\n|detailschange|p2a: Medicham|Medicham-Mega, F\n|-mega|p2a: Medicham|Medicham|Medichamite\n|move|p2a: Medicham|High Jump Kick|p1a: Lucario\n|-supereffective|p1a: Lucario\n|-damage|p1a: Lucario|0 fnt\n|faint|p1a: Lucario\n|\n|upkeep\n|\n|switch|p1a: Hawlucha|Hawlucha, F|100\/100\n|turn|11\n|\n|move|p2a: Medicham|Thunder Punch|p1a: Hawlucha\n|-supereffective|p1a: Hawlucha\n|-damage|p1a: Hawlucha|0 fnt\n|faint|p1a: Hawlucha\n|\n|upkeep\n|\n|switch|p1a: Infernape|Infernape, F, shiny|100\/100\n|turn|12\n|\n|switch|p2a: Chansey|Chansey, F|100\/100\n|move|p1a: Infernape|Counter||[still]\n|-fail|p1a: Infernape\n|\n|upkeep\n|turn|13\n|\n|switch|p1a: Kommo-o|Kommo-o, F|100\/100\n|move|p2a: Chansey|Toxic|p1a: Kommo-o\n|-status|p1a: Kommo-o|tox\n|\n|-damage|p1a: Kommo-o|94\/100 tox|[from] psn\n|upkeep\n|turn|14\n|\n|switch|p2a: Tapu Bulu|Tapu Bulu|100\/100\n|-fieldstart|move: Grassy Terrain|[from] ability: Grassy Surge|[of] p2a: Tapu Bulu\n|move|p1a: Kommo-o|Dragon Dance|p1a: Kommo-o\n|-boost|p1a: Kommo-o|atk|1\n|-boost|p1a: Kommo-o|spe|1\n|\n|-heal|p1a: Kommo-o|100\/100 tox|[from] Grassy Terrain\n|-damage|p1a: Kommo-o|88\/100 tox|[from] psn\n|upkeep\n|turn|15\n|\n|move|p1a: Kommo-o|Poison Jab|p2a: Tapu Bulu\n|-supereffective|p2a: Tapu Bulu\n|-damage|p2a: Tapu Bulu|0 fnt\n|faint|p2a: Tapu Bulu\n|\n|-heal|p1a: Kommo-o|94\/100 tox|[from] Grassy Terrain\n|-damage|p1a: Kommo-o|76\/100 tox|[from] psn\n|upkeep\n|\n|switch|p2a: Medicham|Medicham-Mega, F|100\/100\n|turn|16\n|inactive|comp233 has 120 seconds left.\n|\n|move|p2a: Medicham|Fake Out|p1a: Kommo-o\n|-damage|p1a: Kommo-o|53\/100 tox\n|cant|p1a: Kommo-o|flinch\n|\n|-heal|p1a: Kommo-o|60\/100 tox|[from] Grassy Terrain\n|-damage|p1a: Kommo-o|35\/100 tox|[from] psn\n|upkeep\n|turn|17\n|\n|switch|p2a: Keldeo|Keldeo|53\/100\n|-zpower|p1a: Kommo-o\n|move|p1a: Kommo-o|Clangorous Soulblaze|p2a: Keldeo|[zeffect]\n|-damage|p2a: Keldeo|0 fnt\n|-boost|p1a: Kommo-o|atk|1\n|-boost|p1a: Kommo-o|def|1\n|-boost|p1a: Kommo-o|spa|1\n|-boost|p1a: Kommo-o|spd|1\n|-boost|p1a: Kommo-o|spe|1\n|faint|p2a: Keldeo\n|\n|-heal|p1a: Kommo-o|41\/100 tox|[from] Grassy Terrain\n|-damage|p1a: Kommo-o|10\/100 tox|[from] psn\n|upkeep\n|\n|switch|p2a: Medicham|Medicham-Mega, F|100\/100\n|turn|18\n|\n|move|p2a: Medicham|Fake Out|p1a: Kommo-o\n|-damage|p1a: Kommo-o|0 fnt\n|faint|p1a: Kommo-o\n|\n|-fieldend|move: Grassy Terrain\n|upkeep\n|\n|switch|p1a: Infernape|Infernape, F, shiny|100\/100\n|turn|19\n|\n|switch|p2a: Chansey|Chansey, F|100\/100\n|move|p1a: Infernape|Overheat|p2a: Chansey\n|-damage|p2a: Chansey|83\/100\n|-unboost|p1a: Infernape|spa|2\n|\n|upkeep\n|turn|20\n|-message|comp233 forfeited.\n|\n|win|aguadechucaberry\n|l|\u2606comp233\n||Ladder (probably) updated, but score could not be retrieved (Response not received).\n","uploadtime":1570045951,"views":5,"p1id":"comp233","p2id":"aguadechucaberry","formatid":"gen7ou","rating":0,"private":0,"password":null}