{"id":"gen7ubers-975917862","p1":"Walletinspector62","p2":"DomTom22","format":"gen7ubers","log":"|j|\u2606Walletinspector62\n|j|\u2606DomTom22\n|player|p1|Walletinspector62|2|\n|player|p2|DomTom22|92|\n|teamsize|p1|6\n|teamsize|p2|6\n|gametype|singles\n|gen|7\n|tier|[Gen 7] Ubers\n|rule|Sleep Clause Mod: Limit one foe put to sleep\n|rule|Species Clause: Limit one of each Pok\u00e9mon\n|rule|OHKO Clause: OHKO moves are banned\n|rule|Moody Clause: Moody is banned\n|rule|Evasion Moves Clause: Evasion moves are banned\n|rule|Endless Battle Clause: Forcing endless battles is banned\n|rule|HP Percentage Mod: HP is shown in percentages\n|clearpoke\n|poke|p1|Gardevoir, F|item\n|poke|p1|Greninja, M|item\n|poke|p1|Dragonite, M|item\n|poke|p1|Ninetales-Alola, M|item\n|poke|p1|Sceptile, M|item\n|poke|p1|Talonflame, M|\n|poke|p2|Kyogre|item\n|poke|p2|Magearna|item\n|poke|p2|Pangoro, F|item\n|poke|p2|Mudsdale, F|item\n|poke|p2|Cresselia, F|item\n|poke|p2|Vikavolt, F|item\n|rule|Mega Rayquaza Clause: You cannot mega evolve Rayquaza\n|teampreview\n|c|\u2606DomTom22|ive been waiting a long time for this rematch lol\n|c|\u2606Walletinspector62|No ray?\n|c|\u2606DomTom22|gl\n|c|\u2606Walletinspector62|Glhf\n|j| D-Fallt\n|\n|start\n|switch|p1a: Fox|Ninetales-Alola, M, shiny|100\/100\n|switch|p2a: Yee Haw|Mudsdale, F|100\/100\n|-weather|Hail|[from] ability: Snow Warning|[of] p1a: Fox\n|turn|1\n|\n|move|p1a: Fox|Freeze-Dry|p2a: Yee Haw\n|-supereffective|p2a: Yee Haw\n|-damage|p2a: Yee Haw|60\/100\n|-ability|p2a: Yee Haw|Stamina|boost\n|-boost|p2a: Yee Haw|def|1\n|move|p2a: Yee Haw|Stealth Rock|p1a: Fox\n|-sidestart|p1: Walletinspector62|move: Stealth Rock\n|\n|-weather|Hail|[upkeep]\n|-damage|p2a: Yee Haw|54\/100|[from] Hail\n|-heal|p2a: Yee Haw|60\/100|[from] item: Leftovers\n|upkeep\n|turn|2\n|\n|move|p1a: Fox|Aurora Veil|p1a: Fox\n|-sidestart|p1: Walletinspector62|move: Aurora Veil\n|move|p2a: Yee Haw|Close Combat|p1a: Fox\n|-damage|p1a: Fox|76\/100\n|-unboost|p2a: Yee Haw|def|1\n|-unboost|p2a: Yee Haw|spd|1\n|\n|-weather|Hail|[upkeep]\n|-damage|p2a: Yee Haw|54\/100|[from] Hail\n|-heal|p2a: Yee Haw|60\/100|[from] item: Leftovers\n|upkeep\n|turn|3\n|j| holy pea\n|\n|move|p1a: Fox|Blizzard|p2a: Yee Haw\n|-supereffective|p2a: Yee Haw\n|-damage|p2a: Yee Haw|0 fnt\n|faint|p2a: Yee Haw\n|\n|-weather|Hail|[upkeep]\n|upkeep\n|\n|switch|p2a: My Heart n Soul|Magearna|100\/100\n|turn|4\n|\n|switch|p1a: Captain Falcon|Talonflame, M|100\/100\n|-damage|p1a: Captain Falcon|51\/100|[from] Stealth Rock\n|move|p2a: My Heart n Soul|Trick Room|p2a: My Heart n Soul\n|-fieldstart|move: Trick Room|[of] p2a: My Heart n Soul\n|\n|-weather|Hail|[upkeep]\n|-damage|p2a: My Heart n Soul|94\/100|[from] Hail\n|-damage|p1a: Captain Falcon|45\/100|[from] Hail\n|-heal|p2a: My Heart n Soul|100\/100|[from] item: Leftovers\n|upkeep\n|turn|5\n|j| Nixority\n|\n|move|p2a: My Heart n Soul|Volt Switch|p1a: Captain Falcon\n|-supereffective|p1a: Captain Falcon\n|-damage|p1a: Captain Falcon|3\/100\n|\n|switch|p2a: My Primal Urges|Kyogre|100\/100|[from]move: Volt Switch\n|detailschange|p2a: My Primal Urges|Kyogre-Primal\n|-primal|p2a: My Primal Urges\n|-weather|PrimordialSea|[from] ability: Primordial Sea|[of] p2a: My Primal Urges\n|move|p1a: Captain Falcon|Roost|p1a: Captain Falcon\n|-heal|p1a: Captain Falcon|53\/100\n|-singleturn|p1a: Captain Falcon|move: Roost\n|\n|-weather|PrimordialSea|[upkeep]\n|upkeep\n|turn|6\n|\n|move|p2a: My Primal Urges|Thunder|p1a: Captain Falcon\n|-supereffective|p1a: Captain Falcon\n|-damage|p1a: Captain Falcon|0 fnt\n|faint|p1a: Captain Falcon\n|\n|-weather|PrimordialSea|[upkeep]\n|upkeep\n|\n|switch|p1a: Marth|Sceptile, M, shiny|100\/100\n|-damage|p1a: Marth|88\/100|[from] Stealth Rock\n|turn|7\n|\n|-weather|none\n|switch|p2a: OvErAtEd|Cresselia, F|100\/100\n|move|p1a: Marth|Swords Dance|p1a: Marth\n|-boost|p1a: Marth|atk|2\n|\n|upkeep\n|turn|8\n|\n|move|p2a: OvErAtEd|Attract|p1a: Marth\n|-start|p1a: Marth|Attract\n|-activate|p1a: Marth|move: Attract|[of] p2a: OvErAtEd\n|cant|p1a: Marth|Attract\n|\n|-fieldend|move: Trick Room\n|upkeep\n|turn|9\n|c|\u2606Walletinspector62|O\n|\n|-activate|p1a: Marth|move: Attract|[of] p2a: OvErAtEd\n|move|p1a: Marth|Swords Dance|p1a: Marth\n|-boost|p1a: Marth|atk|2\n|move|p2a: OvErAtEd|Trick Room|p2a: OvErAtEd\n|-fieldstart|move: Trick Room|[of] p2a: OvErAtEd\n|\n|-sideend|p1: Walletinspector62|move: Aurora Veil\n|upkeep\n|turn|10\n|c|\u2606DomTom22|lmao\n|\n|switch|p2a: Dan AKA ADrive|Vikavolt, F|100\/100\n|-end|p1a: Marth|Attract|[silent]\n|move|p1a: Marth|Leaf Blade|p2a: Dan AKA ADrive\n|-resisted|p2a: Dan AKA ADrive\n|-crit|p2a: Dan AKA ADrive\n|-damage|p2a: Dan AKA ADrive|6\/100\n|\n|upkeep\n|turn|11\n|\n|switch|p1a: Fox|Ninetales-Alola, M, shiny|76\/100\n|-damage|p1a: Fox|51\/100|[from] Stealth Rock\n|-weather|Hail|[from] ability: Snow Warning|[of] p1a: Fox\n|move|p2a: Dan AKA ADrive|Bug Buzz|p1a: Fox\n|-resisted|p1a: Fox\n|-damage|p1a: Fox|17\/100\n|-unboost|p1a: Fox|spd|1\n|\n|-weather|Hail|[upkeep]\n|-damage|p2a: Dan AKA ADrive|0 fnt|[from] Hail\n|faint|p2a: Dan AKA ADrive\n|upkeep\n|c|\u2606DomTom22|dang that really sucks\n|\n|switch|p2a: OvErAtEd|Cresselia, F|100\/100\n|turn|12\n|\n|move|p2a: OvErAtEd|Attract|p1a: Fox\n|-start|p1a: Fox|Attract\n|-activate|p1a: Fox|move: Attract|[of] p2a: OvErAtEd\n|cant|p1a: Fox|Attract\n|\n|-weather|Hail|[upkeep]\n|-damage|p2a: OvErAtEd|94\/100|[from] Hail\n|upkeep\n|turn|13\n|\n|move|p2a: OvErAtEd|Moonblast|p1a: Fox\n|-damage|p1a: Fox|0 fnt\n|faint|p1a: Fox\n|\n|-weather|Hail|[upkeep]\n|-damage|p2a: OvErAtEd|88\/100|[from] Hail\n|-fieldend|move: Trick Room\n|upkeep\n|\n|switch|p1a: Shiek|Greninja, M|100\/100\n|-damage|p1a: Shiek|88\/100|[from] Stealth Rock\n|turn|14\n|c|\u2606DomTom22|I love how attract is putting in work\n|c| Nixority|SHEIK IS MALE?! Oh no\n|c|\u2606Walletinspector62|Oh shid your right\n|c| D-Fallt|My primal urges\n|c|\u2606Walletinspector62|I forgot about that\n|c| Nixority|Smash Bros bros will never be the same\n|c| D-Fallt|Still waiting on the gren nicknamed Delphine\n|c| Nixority|So after all this time, Zelda was the dude?\n|c|\u2606Walletinspector62|Well I mean\n|c|\u2606Walletinspector62|in oot shiek was a dude\n|\n|switch|p2a: My Primal Urges|Kyogre-Primal|100\/100\n|-weather|PrimordialSea|[from] ability: Primordial Sea|[of] p2a: My Primal Urges\n|move|p1a: Shiek|Hydro Pump|p2a: My Primal Urges\n|-resisted|p2a: My Primal Urges\n|-damage|p2a: My Primal Urges|82\/100\n|\n|-weather|PrimordialSea|[upkeep]\n|upkeep\n|turn|15\n|\n|switch|p1a: Yoshi|Dragonite, M, shiny|100\/100\n|-damage|p1a: Yoshi|76\/100|[from] Stealth Rock\n|move|p2a: My Primal Urges|Signal Beam|p1a: Yoshi\n|-resisted|p1a: Yoshi\n|-damage|p1a: Yoshi|55\/100\n|\n|-weather|PrimordialSea|[upkeep]\n|upkeep\n|turn|16\n|c| Nixority|The urges told him to signal the beam towards the male shiek\n|\n|-weather|none\n|switch|p2a: OvErAtEd|Cresselia, F|88\/100\n|move|p1a: Yoshi|Roost|p1a: Yoshi\n|-heal|p1a: Yoshi|100\/100\n|-singleturn|p1a: Yoshi|move: Roost\n|\n|upkeep\n|turn|17\n|c|\u2606Walletinspector62|Wow dom is reallythinking about this battle\n|\n|move|p1a: Yoshi|Dragon Dance|p1a: Yoshi\n|-boost|p1a: Yoshi|atk|1\n|-boost|p1a: Yoshi|spe|1\n|move|p2a: OvErAtEd|Attract|p1a: Yoshi\n|-start|p1a: Yoshi|Attract\n|\n|upkeep\n|turn|18\n|c|\u2606DomTom22|i am dude\n|\n|-activate|p1a: Yoshi|move: Attract|[of] p2a: OvErAtEd\n|move|p1a: Yoshi|Dragon Dance|p1a: Yoshi\n|-boost|p1a: Yoshi|atk|1\n|-boost|p1a: Yoshi|spe|1\n|move|p2a: OvErAtEd|Trick Room|p2a: OvErAtEd\n|-fieldstart|move: Trick Room|[of] p2a: OvErAtEd\n|\n|upkeep\n|turn|19\n|\n|move|p2a: OvErAtEd|Moonblast|p1a: Yoshi\n|-supereffective|p1a: Yoshi\n|-damage|p1a: Yoshi|83\/100\n|-activate|p1a: Yoshi|move: Attract|[of] p2a: OvErAtEd\n|move|p1a: Yoshi|Earthquake|p2a: OvErAtEd\n|-immune|p2a: OvErAtEd|[from] ability: Levitate\n|\n|upkeep\n|turn|20\n|c| holy pea|no, shiek is dude\n|\n|move|p2a: OvErAtEd|Moonblast|p1a: Yoshi\n|-supereffective|p1a: Yoshi\n|-damage|p1a: Yoshi|46\/100\n|-unboost|p1a: Yoshi|spa|1\n|-activate|p1a: Yoshi|move: Attract|[of] p2a: OvErAtEd\n|cant|p1a: Yoshi|Attract\n|\n|upkeep\n|turn|21\n|\n|move|p2a: OvErAtEd|Moonblast|p1a: Yoshi\n|-supereffective|p1a: Yoshi\n|-damage|p1a: Yoshi|13\/100\n|-activate|p1a: Yoshi|move: Attract|[of] p2a: OvErAtEd\n|move|p1a: Yoshi|Roost|p1a: Yoshi\n|-heal|p1a: Yoshi|63\/100\n|-singleturn|p1a: Yoshi|move: Roost\n|\n|upkeep\n|turn|22\n|\n|move|p2a: OvErAtEd|Moonblast|p1a: Yoshi\n|-supereffective|p1a: Yoshi\n|-damage|p1a: Yoshi|27\/100\n|-activate|p1a: Yoshi|move: Attract|[of] p2a: OvErAtEd\n|move|p1a: Yoshi|Roost|p1a: Yoshi\n|-heal|p1a: Yoshi|77\/100\n|-singleturn|p1a: Yoshi|move: Roost\n|\n|-fieldend|move: Trick Room\n|upkeep\n|turn|23\n|\n|-activate|p1a: Yoshi|move: Attract|[of] p2a: OvErAtEd\n|move|p1a: Yoshi|Dragon Claw|p2a: OvErAtEd\n|-damage|p2a: OvErAtEd|31\/100\n|move|p2a: OvErAtEd|Trick Room|p2a: OvErAtEd\n|-fieldstart|move: Trick Room|[of] p2a: OvErAtEd\n|\n|upkeep\n|turn|24\n|\n|move|p2a: OvErAtEd|Moonlight|p2a: OvErAtEd\n|-heal|p2a: OvErAtEd|81\/100\n|-activate|p1a: Yoshi|move: Attract|[of] p2a: OvErAtEd\n|cant|p1a: Yoshi|Attract\n|\n|upkeep\n|turn|25\n|\n|move|p2a: OvErAtEd|Moonblast|p1a: Yoshi\n|-supereffective|p1a: Yoshi\n|-damage|p1a: Yoshi|43\/100\n|-activate|p1a: Yoshi|move: Attract|[of] p2a: OvErAtEd\n|cant|p1a: Yoshi|Attract\n|\n|upkeep\n|turn|26\n|\n|move|p2a: OvErAtEd|Moonblast|p1a: Yoshi\n|-supereffective|p1a: Yoshi\n|-damage|p1a: Yoshi|7\/100\n|-activate|p1a: Yoshi|move: Attract|[of] p2a: OvErAtEd\n|move|p1a: Yoshi|Roost|p1a: Yoshi\n|-heal|p1a: Yoshi|57\/100\n|-singleturn|p1a: Yoshi|move: Roost\n|\n|upkeep\n|turn|27\n|\n|move|p2a: OvErAtEd|Moonblast|p1a: Yoshi\n|-supereffective|p1a: Yoshi\n|-damage|p1a: Yoshi|23\/100\n|-activate|p1a: Yoshi|move: Attract|[of] p2a: OvErAtEd\n|cant|p1a: Yoshi|Attract\n|\n|-fieldend|move: Trick Room\n|upkeep\n|turn|28\n|\n|-activate|p1a: Yoshi|move: Attract|[of] p2a: OvErAtEd\n|cant|p1a: Yoshi|Attract\n|move|p2a: OvErAtEd|Moonblast|p1a: Yoshi\n|-supereffective|p1a: Yoshi\n|-crit|p1a: Yoshi\n|-damage|p1a: Yoshi|0 fnt\n|faint|p1a: Yoshi\n|\n|upkeep\n|\n|switch|p1a: Peach|Gardevoir, F|100\/100\n|-damage|p1a: Peach|88\/100|[from] Stealth Rock\n|-ability|p1a: Peach|Levitate|[from] ability: Trace|[of] p2a: OvErAtEd\n|turn|29\n|c| Nixority|That feeling when the boys are all attracted to the same e-thot\n|c|\u2606DomTom22|finally something thats not male lol\n|c|\u2606DomTom22|lmao nix\n|c| D-Fallt|\"finally something that's not male\" -- Dom 2019\n|\n|detailschange|p1a: Peach|Gardevoir-Mega, F\n|-mega|p1a: Peach|Gardevoir|Gardevoirite\n|move|p1a: Peach|Calm Mind|p1a: Peach\n|-boost|p1a: Peach|spa|1\n|-boost|p1a: Peach|spd|1\n|move|p2a: OvErAtEd|Trick Room|p2a: OvErAtEd\n|-fieldstart|move: Trick Room|[of] p2a: OvErAtEd\n|\n|upkeep\n|turn|30\n|c| holy pea|have something to tell us dom?\n|c|\u2606Walletinspector62|Dom is secretly a woman?\n|\n|switch|p2a: My Heart n Soul|Magearna|100\/100\n|move|p1a: Peach|Hyper Voice|p2a: My Heart n Soul\n|-resisted|p2a: My Heart n Soul\n|-damage|p2a: My Heart n Soul|55\/100\n|\n|-heal|p2a: My Heart n Soul|61\/100|[from] item: Leftovers\n|upkeep\n|turn|31\n|c| holy pea|well, he does have the meaty fists\n|c|\u2606DomTom22|oof this might be game\n|\n|move|p2a: My Heart n Soul|Flash Cannon|p1a: Peach\n|-supereffective|p1a: Peach\n|-damage|p1a: Peach|28\/100\n|move|p1a: Peach|Hidden Power|p2a: My Heart n Soul\n|-supereffective|p2a: My Heart n Soul\n|-damage|p2a: My Heart n Soul|1\/100\n|\n|-heal|p2a: My Heart n Soul|7\/100|[from] item: Leftovers\n|upkeep\n|turn|32\n|c| D-Fallt|Dodoria22\n|c|\u2606DomTom22|or not\n|\n|switch|p1a: Shiek|Greninja, M|88\/100\n|-damage|p1a: Shiek|76\/100|[from] Stealth Rock\n|move|p2a: My Heart n Soul|Flash Cannon|p1a: Shiek\n|-resisted|p1a: Shiek\n|-damage|p1a: Shiek|37\/100\n|\n|-heal|p2a: My Heart n Soul|13\/100|[from] item: Leftovers\n|upkeep\n|turn|33\n|c| Nixority|5 dudes, one thiccc e-thot and a preppy school girl have primal urges\n|\n|switch|p1a: Marth|Sceptile, M, shiny|88\/100\n|-damage|p1a: Marth|76\/100|[from] Stealth Rock\n|move|p2a: My Heart n Soul|Volt Switch|p1a: Marth\n|-resisted|p1a: Marth\n|-damage|p1a: Marth|58\/100\n|\n|switch|p2a: OvErAtEd|Cresselia, F|81\/100|[from]move: Volt Switch\n|\n|-fieldend|move: Trick Room\n|upkeep\n|turn|34\n|\n|move|p1a: Marth|Swords Dance|p1a: Marth\n|-boost|p1a: Marth|atk|2\n|move|p2a: OvErAtEd|Attract|p1a: Marth\n|-start|p1a: Marth|Attract\n|\n|upkeep\n|turn|35\n|\n|-activate|p1a: Marth|move: Attract|[of] p2a: OvErAtEd\n|cant|p1a: Marth|Attract\n|move|p2a: OvErAtEd|Trick Room|p2a: OvErAtEd\n|-fieldstart|move: Trick Room|[of] p2a: OvErAtEd\n|\n|upkeep\n|turn|36\n|\n|move|p2a: OvErAtEd|Moonblast|p1a: Marth\n|-damage|p1a: Marth|33\/100\n|-enditem|p1a: Marth|Sitrus Berry|[eat]\n|-heal|p1a: Marth|57\/100|[from] item: Sitrus Berry\n|-activate|p1a: Marth|move: Attract|[of] p2a: OvErAtEd\n|cant|p1a: Marth|Attract\n|\n|upkeep\n|turn|37\n|\n|move|p2a: OvErAtEd|Moonblast|p1a: Marth\n|-damage|p1a: Marth|35\/100\n|-activate|p1a: Marth|move: Attract|[of] p2a: OvErAtEd\n|move|p1a: Marth|Leaf Blade|p2a: OvErAtEd\n|-damage|p2a: OvErAtEd|33\/100\n|\n|upkeep\n|turn|38\n|\n|move|p2a: OvErAtEd|Moonlight|p2a: OvErAtEd\n|-heal|p2a: OvErAtEd|83\/100\n|-activate|p1a: Marth|move: Attract|[of] p2a: OvErAtEd\n|cant|p1a: Marth|Attract\n|\n|upkeep\n|turn|39\n|c| Nixority|Too bad this isn\u2019t Lucina in disguise\n|\n|move|p2a: OvErAtEd|Moonblast|p1a: Marth\n|-damage|p1a: Marth|13\/100\n|-activate|p1a: Marth|move: Attract|[of] p2a: OvErAtEd\n|move|p1a: Marth|Leaf Blade|p2a: OvErAtEd\n|-damage|p2a: OvErAtEd|38\/100\n|\n|-fieldend|move: Trick Room\n|upkeep\n|turn|40\n|c|\u2606Walletinspector62|It comes down to this turn\n|\n|-activate|p1a: Marth|move: Attract|[of] p2a: OvErAtEd\n|cant|p1a: Marth|Attract\n|move|p2a: OvErAtEd|Moonlight|p2a: OvErAtEd\n|-heal|p2a: OvErAtEd|88\/100\n|\n|upkeep\n|turn|41\n|c|\u2606Walletinspector62|:(\n|c|\u2606DomTom22|rip\n|c|\u2606Walletinspector62|what are the chances for attract to activate?\n|\n|-activate|p1a: Marth|move: Attract|[of] p2a: OvErAtEd\n|cant|p1a: Marth|Attract\n|move|p2a: OvErAtEd|Trick Room|p2a: OvErAtEd\n|-fieldstart|move: Trick Room|[of] p2a: OvErAtEd\n|\n|upkeep\n|turn|42\n|c|\u2606DomTom22|think its 50 50\n|\n|move|p2a: OvErAtEd|Moonblast|p1a: Marth\n|-damage|p1a: Marth|0 fnt\n|faint|p1a: Marth\n|\n|upkeep\n|\n|switch|p1a: Peach|Gardevoir-Mega, F|28\/100\n|-damage|p1a: Peach|15\/100|[from] Stealth Rock\n|turn|43\n|c|\u2606DomTom22|i feel like such an ass for bringing attrack lol\n|c|\u2606Walletinspector62|Gg\n|\n|move|p2a: OvErAtEd|Moonblast|p1a: Peach\n|-damage|p1a: Peach|0 fnt\n|faint|p1a: Peach\n|\n|upkeep\n|\n|switch|p1a: Shiek|Greninja, M|37\/100\n|-damage|p1a: Shiek|24\/100|[from] Stealth Rock\n|turn|44\n|c|\u2606DomTom22|gg\n|c| holy pea|attracc\n|\n|move|p2a: OvErAtEd|Moonblast|p1a: Shiek\n|-supereffective|p1a: Shiek\n|-damage|p1a: Shiek|0 fnt\n|faint|p1a: Shiek\n|\n|win|DomTom22\n|c| Nixority|Top 10 reasons why gender matters in pokemon\n|l| Nixority\n|c|\u2606Walletinspector62|I couldn\u2019t have made shiek female either\n|c|\u2606Walletinspector62|cause ash greninja is male only\n|c|\u2606DomTom22|exactly\n","uploadtime":1568477943,"views":27,"p1id":"walletinspector62","p2id":"domtom22","formatid":"gen7ubers","rating":0,"private":0,"password":null}