{"id":"gen7ou-966373413","p1":"lord cube","p2":"zappingzap","format":"gen7ou","log":"|j|\u2606lord cube\n|j|\u2606zappingzap\n|player|p1|lord cube|92|1456\n|player|p2|zappingzap|17|1420\n|teamsize|p1|6\n|teamsize|p2|6\n|gametype|singles\n|gen|7\n|tier|[Gen 7] OU\n|rated|\n|rule|Sleep Clause Mod: Limit one foe put to sleep\n|rule|Species Clause: Limit one of each Pok\u00e9mon\n|rule|OHKO Clause: OHKO moves are banned\n|rule|Moody Clause: Moody is banned\n|rule|Evasion Moves Clause: Evasion moves are banned\n|rule|Endless Battle Clause: Forcing endless battles is banned\n|rule|HP Percentage Mod: HP is shown in percentages\n|clearpoke\n|poke|p1|Banette, F|item\n|poke|p1|Skarmory, M|item\n|poke|p1|Thundurus, M|item\n|poke|p1|Azumarill, F|item\n|poke|p1|Alakazam, F|item\n|poke|p1|Garchomp, M|item\n|poke|p2|Excadrill, M|item\n|poke|p2|Tyranitar, M|item\n|poke|p2|Charizard, F|item\n|poke|p2|Azumarill, F|item\n|poke|p2|Tapu Koko|item\n|poke|p2|Landorus-Therian, M|item\n|teampreview\n|inactive|Battle timer is ON: inactive players will automatically lose when time's up. (requested by lord cube)\n|\n|start\n|switch|p1a: Thundurus|Thundurus, M|100\/100\n|switch|p2a: Tapu Koko|Tapu Koko|100\/100\n|-fieldstart|move: Electric Terrain|[from] ability: Electric Surge|[of] p2a: Tapu Koko\n|turn|1\n|\n|switch|p1a: Garchomp|Garchomp, M|100\/100\n|move|p2a: Tapu Koko|Hidden Power|p1a: Garchomp\n|-supereffective|p1a: Garchomp\n|-damage|p1a: Garchomp|33\/100\n|\n|upkeep\n|turn|2\n|\n|move|p1a: Garchomp|Earthquake|p2a: Tapu Koko\n|-supereffective|p2a: Tapu Koko\n|-enditem|p2a: Tapu Koko|Shuca Berry|[eat]\n|-enditem|p2a: Tapu Koko|Shuca Berry|[weaken]\n|-damage|p2a: Tapu Koko|39\/100\n|move|p2a: Tapu Koko|Hidden Power|p1a: Garchomp\n|-supereffective|p1a: Garchomp\n|-damage|p1a: Garchomp|0 fnt\n|faint|p1a: Garchomp\n|\n|upkeep\n|inactive|lord cube has 120 seconds left.\n|\n|switch|p1a: Banette|Banette, F|100\/100\n|turn|3\n|\n|switch|p2a: Charizard|Charizard, F|100\/100\n|detailschange|p1a: Banette|Banette-Mega, F\n|-mega|p1a: Banette|Banette|Banettite\n|move|p1a: Banette|Shadow Sneak|p2a: Charizard\n|-damage|p2a: Charizard|65\/100\n|\n|upkeep\n|turn|4\n|inactive|lord cube has 120 seconds left.\n|\n|detailschange|p2a: Charizard|Charizard-Mega-Y, F\n|-mega|p2a: Charizard|Charizard|Charizardite Y\n|-weather|SunnyDay|[from] ability: Drought|[of] p2a: Charizard\n|move|p1a: Banette|Shadow Sneak|p2a: Charizard\n|-damage|p2a: Charizard|23\/100\n|move|p2a: Charizard|Fire Blast|p1a: Banette|[miss]\n|-miss|p2a: Charizard|p1a: Banette\n|\n|-weather|SunnyDay|[upkeep]\n|upkeep\n|turn|5\n|\n|switch|p2a: Landorus|Landorus-Therian, M|100\/100\n|-ability|p2a: Landorus|Intimidate|boost\n|-unboost|p1a: Banette|atk|1\n|move|p1a: Banette|Shadow Sneak|p2a: Landorus\n|-damage|p2a: Landorus|79\/100\n|\n|-weather|SunnyDay|[upkeep]\n|-fieldend|move: Electric Terrain\n|upkeep\n|turn|6\n|inactive|lord cube has 120 seconds left.\n|inactive|lord cube has 90 seconds left.\n|\n|move|p1a: Banette|Will-O-Wisp|p2a: Landorus\n|-status|p2a: Landorus|brn\n|move|p2a: Landorus|U-turn|p1a: Banette\n|-resisted|p1a: Banette\n|-damage|p1a: Banette|92\/100\n|\n|switch|p2a: Tyranitar|Tyranitar, M|100\/100|[from]move: U-turn\n|-weather|Sandstorm|[from] ability: Sand Stream|[of] p2a: Tyranitar\n|\n|-weather|Sandstorm|[upkeep]\n|-damage|p1a: Banette|86\/100|[from] Sandstorm\n|upkeep\n|turn|7\n|\n|move|p1a: Banette|Will-O-Wisp|p2a: Tyranitar\n|-hint|In gen 7, Dark is immune to Prankster moves.\n|-immune|p2a: Tyranitar\n|move|p2a: Tyranitar|Crunch|p1a: Banette\n|-supereffective|p1a: Banette\n|-damage|p1a: Banette|0 fnt\n|faint|p1a: Banette\n|\n|-weather|Sandstorm|[upkeep]\n|upkeep\n|inactive|lord cube has 90 seconds left.\n|\n|switch|p1a: Thundurus|Thundurus, M|100\/100\n|turn|8\n|\n|move|p1a: Thundurus|Superpower|p2a: Tyranitar\n|-supereffective|p2a: Tyranitar\n|-damage|p2a: Tyranitar|0 fnt\n|-unboost|p1a: Thundurus|atk|1\n|-unboost|p1a: Thundurus|def|1\n|-damage|p1a: Thundurus|91\/100|[from] item: Life Orb\n|faint|p2a: Tyranitar\n|\n|-weather|Sandstorm|[upkeep]\n|-damage|p1a: Thundurus|85\/100|[from] Sandstorm\n|upkeep\n|\n|switch|p2a: Excadrill|Excadrill, M|100\/100\n|turn|9\n|\n|switch|p2a: Charizard|Charizard-Mega-Y, F|23\/100\n|-weather|SunnyDay|[from] ability: Drought|[of] p2a: Charizard\n|move|p1a: Thundurus|Superpower|p2a: Charizard\n|-resisted|p2a: Charizard\n|-damage|p2a: Charizard|3\/100\n|-unboost|p1a: Thundurus|atk|1\n|-unboost|p1a: Thundurus|def|1\n|-damage|p1a: Thundurus|75\/100|[from] item: Life Orb\n|\n|-weather|SunnyDay|[upkeep]\n|upkeep\n|turn|10\n|\n|switch|p2a: Landorus|Landorus-Therian, M|79\/100 brn\n|-ability|p2a: Landorus|Intimidate|boost\n|-unboost|p1a: Thundurus|atk|1\n|-ability|p1a: Thundurus|Defiant|boost\n|-boost|p1a: Thundurus|atk|2\n|move|p1a: Thundurus|Hidden Power|p2a: Landorus\n|-supereffective|p2a: Landorus\n|-damage|p2a: Landorus|0 fnt\n|-damage|p1a: Thundurus|65\/100|[from] item: Life Orb\n|faint|p2a: Landorus\n|\n|-weather|SunnyDay|[upkeep]\n|upkeep\n|\n|switch|p2a: Azumarill|Azumarill, F|100\/100\n|turn|11\n|inactive|lord cube has 120 seconds left.\n|\n|switch|p1a: Azumarill|Azumarill, F, shiny|100\/100\n|move|p2a: Azumarill|Aqua Jet|p1a: Azumarill\n|-resisted|p1a: Azumarill\n|-damage|p1a: Azumarill|95\/100\n|\n|-weather|SunnyDay|[upkeep]\n|upkeep\n|turn|12\n|\n|move|p2a: Azumarill|Belly Drum|p2a: Azumarill\n|-damage|p2a: Azumarill|50\/100\n|-setboost|p2a: Azumarill|atk|6|[from] move: Belly Drum\n|-enditem|p2a: Azumarill|Sitrus Berry|[eat]\n|-heal|p2a: Azumarill|75\/100|[from] item: Sitrus Berry\n|move|p1a: Azumarill|Belly Drum|p1a: Azumarill\n|-damage|p1a: Azumarill|45\/100\n|-setboost|p1a: Azumarill|atk|6|[from] move: Belly Drum\n|-enditem|p1a: Azumarill|Sitrus Berry|[eat]\n|-heal|p1a: Azumarill|69\/100|[from] item: Sitrus Berry\n|\n|-weather|SunnyDay|[upkeep]\n|upkeep\n|turn|13\n|\n|move|p2a: Azumarill|Play Rough|p1a: Azumarill\n|-damage|p1a: Azumarill|0 fnt\n|faint|p1a: Azumarill\n|\n|-weather|none\n|upkeep\n|\n|switch|p1a: Alakazam|Alakazam, F|100\/100\n|turn|14\n|\n|move|p2a: Azumarill|Aqua Jet|p1a: Alakazam\n|-enditem|p1a: Alakazam|Focus Sash\n|-damage|p1a: Alakazam|1\/100\n|move|p1a: Alakazam|Energy Ball|p2a: Azumarill\n|-supereffective|p2a: Azumarill\n|-damage|p2a: Azumarill|0 fnt\n|faint|p2a: Azumarill\n|\n|upkeep\n|\n|switch|p2a: Tapu Koko|Tapu Koko|39\/100\n|-fieldstart|move: Electric Terrain|[from] ability: Electric Surge|[of] p2a: Tapu Koko\n|turn|15\n|\n|move|p2a: Tapu Koko|Volt Switch|p1a: Alakazam\n|-crit|p1a: Alakazam\n|-damage|p1a: Alakazam|0 fnt\n|faint|p1a: Alakazam\n|\n|switch|p2a: Excadrill|Excadrill, M|100\/100|[from]move: Volt Switch\n|\n|upkeep\n|\n|switch|p1a: Thundurus|Thundurus, M|65\/100\n|turn|16\n|\n|move|p1a: Thundurus|Superpower|p2a: Excadrill\n|-supereffective|p2a: Excadrill\n|-damage|p2a: Excadrill|0 fnt\n|-unboost|p1a: Thundurus|atk|1\n|-unboost|p1a: Thundurus|def|1\n|-damage|p1a: Thundurus|56\/100|[from] item: Life Orb\n|faint|p2a: Excadrill\n|\n|upkeep\n|\n|switch|p2a: Tapu Koko|Tapu Koko|39\/100\n|turn|17\n|\n|switch|p1a: Skarmory|Skarmory, M|100\/100\n|move|p2a: Tapu Koko|Thunderbolt|p1a: Skarmory\n|-supereffective|p1a: Skarmory\n|-ability|p1a: Skarmory|Sturdy\n|-damage|p1a: Skarmory|1\/100\n|\n|upkeep\n|turn|18\n|-enditem|p1a: Skarmory|Custap Berry|[eat]\n|-activate|p1a: Skarmory|item: Custap Berry|[consumed]\n|\n|switch|p2a: Charizard|Charizard-Mega-Y, F|3\/100\n|-weather|SunnyDay|[from] ability: Drought|[of] p2a: Charizard\n|move|p1a: Skarmory|Brave Bird|p2a: Charizard\n|-damage|p2a: Charizard|0 fnt\n|-damage|p1a: Skarmory|0 fnt|[from] Recoil\n|faint|p2a: Charizard\n|faint|p1a: Skarmory\n|\n|-weather|SunnyDay|[upkeep]\n|upkeep\n|\n|switch|p2a: Tapu Koko|Tapu Koko|39\/100\n|switch|p1a: Thundurus|Thundurus, M|56\/100\n|turn|19\n|\n|move|p2a: Tapu Koko|Thunderbolt|p1a: Thundurus\n|-damage|p1a: Thundurus|0 fnt\n|faint|p1a: Thundurus\n|\n|win|zappingzap\n|l|\u2606lord cube\n|c|\u2606zappingzap|Gg\n","uploadtime":1566842833,"views":17,"p1id":"lordcube","p2id":"zappingzap","formatid":"gen7ou","rating":0,"private":0,"password":null}