{"id":"gen7ou-742943884","p1":"smee maimen","p2":"BigL91","format":"gen7ou","log":"|j|\u2606smee maimen\n|j|\u2606BigL91\n|player|p1|smee maimen|84\n|player|p2|BigL91|101\n|teamsize|p1|6\n|teamsize|p2|6\n|gametype|singles\n|gen|7\n|tier|[Gen 7] OU\n|rated|\n|rule|Sleep Clause Mod: Limit one foe put to sleep\n|rule|Species Clause: Limit one of each Pok\u00e9mon\n|rule|OHKO Clause: OHKO moves are banned\n|rule|Moody Clause: Moody is banned\n|rule|Evasion Moves Clause: Evasion moves are banned\n|rule|Endless Battle Clause: Forcing endless battles is banned\n|rule|HP Percentage Mod: HP is shown in percentages\n|clearpoke\n|poke|p1|Skarmory, M|item\n|poke|p1|Tyranitar, M|item\n|poke|p1|Buzzwole|item\n|poke|p1|Aggron, M|item\n|poke|p1|Magnezone|item\n|poke|p1|Swampert, M|item\n|poke|p2|Ribombee, M|item\n|poke|p2|Landorus-Therian, M|item\n|poke|p2|Medicham, M|item\n|poke|p2|Magearna|item\n|poke|p2|Bisharp, M|item\n|poke|p2|Greninja, M|item\n|teampreview\n|\n|start\n|switch|p1a: A Hired Gun|Tyranitar, M|100\/100\n|switch|p2a: Ribombee|Ribombee, M, shiny|100\/100\n|-weather|Sandstorm|[from] ability: Sand Stream|[of] p1a: A Hired Gun\n|turn|1\n|\n|move|p2a: Ribombee|Sticky Web|p1a: A Hired Gun\n|-sidestart|p1: smee maimen|move: Sticky Web\n|move|p1a: A Hired Gun|Stone Edge|p2a: Ribombee\n|-supereffective|p2a: Ribombee\n|-crit|p2a: Ribombee\n|-enditem|p2a: Ribombee|Focus Sash\n|-damage|p2a: Ribombee|1\/100\n|\n|-weather|Sandstorm|[upkeep]\n|-damage|p2a: Ribombee|0 fnt|[from] Sandstorm\n|upkeep\n|faint|p2a: Ribombee\n|inactive|Battle timer is ON: inactive players will automatically lose when time's up. (requested by smee maimen)\n|\n|switch|p2a: Medicham|Medicham, M|100\/100\n|turn|2\n|\n|-mega|p2a: Medicham|Medicham|Medichamite\n|detailschange|p2a: Medicham|Medicham-Mega, M\n|move|p2a: Medicham|High Jump Kick|p1a: A Hired Gun\n|-supereffective|p1a: A Hired Gun\n|-damage|p1a: A Hired Gun|0 fnt\n|faint|p1a: A Hired Gun\n|\n|-weather|Sandstorm|[upkeep]\n|-damage|p2a: Medicham|94\/100|[from] Sandstorm\n|upkeep\n|\n|switch|p1a: Wreckage Brother|Skarmory, M|100\/100\n|turn|3\n|inactive|BigL91 has 135 seconds left.\n|\n|switch|p2a: Bisharp|Bisharp, M|100\/100\n|-zpower|p1a: Wreckage Brother\n|move|p1a: Wreckage Brother|Supersonic Skystrike|p2a: Bisharp|[zeffect]\n|-resisted|p2a: Bisharp\n|-damage|p2a: Bisharp|51\/100\n|\n|-weather|Sandstorm|[upkeep]\n|upkeep\n|turn|4\n|\n|switch|p1a: Bane|Buzzwole|100\/100\n|-activate|p1a: Bane|move: Sticky Web\n|-unboost|p1a: Bane|spe|1\n|move|p2a: Bisharp|Swords Dance|p2a: Bisharp\n|-boost|p2a: Bisharp|atk|2\n|\n|-weather|Sandstorm|[upkeep]\n|-damage|p1a: Bane|94\/100|[from] Sandstorm\n|upkeep\n|turn|5\n|inactive|smee maimen has 135 seconds left.\n|inactive|BigL91 has 135 seconds left.\n|\n|move|p2a: Bisharp|Iron Head|p1a: Bane\n|-damage|p1a: Bane|38\/100\n|move|p1a: Bane|Drain Punch|p2a: Bisharp\n|-supereffective|p2a: Bisharp\n|-damage|p2a: Bisharp|0 fnt\n|-heal|p1a: Bane|55\/100|[from] drain|[of] p2a: Bisharp\n|faint|p2a: Bisharp\n|-ability|p1a: Bane|Beast Boost|boost\n|-boost|p1a: Bane|atk|1\n|\n|-weather|none\n|upkeep\n|inactive|BigL91 has 135 seconds left.\n|\n|switch|p2a: Greninja|Greninja, M|100\/100\n|turn|6\n|inactive|smee maimen has 135 seconds left.\n|inactive|smee maimen has 120 seconds left.\n|\n|-zpower|p2a: Greninja\n|move|p2a: Greninja|Hydro Vortex|p1a: Bane|[zeffect]\n|-damage|p1a: Bane|0 fnt\n|faint|p1a: Bane\n|-activate|p2a: Greninja|ability: Battle Bond\n|detailschange|p2a: Greninja|Greninja-Ash, M\n|\n|upkeep\n|\n|switch|p1a: Masketta Man|Magnezone|100\/100\n|-activate|p1a: Masketta Man|move: Sticky Web\n|-unboost|p1a: Masketta Man|spe|1\n|turn|7\n|\n|switch|p2a: Landorus|Landorus-Therian, M|100\/100\n|-ability|p2a: Landorus|Intimidate|boost\n|-unboost|p1a: Masketta Man|atk|1\n|move|p1a: Masketta Man|Thunderbolt|p2a: Landorus\n|-immune|p2a: Landorus|[msg]\n|\n|upkeep\n|turn|8\n|\n|switch|p2a: Magearna|Magearna|100\/100\n|switch|p1a: Bill \"CIA\" Wilson|Swampert, M|100\/100\n|-activate|p1a: Bill \"CIA\" Wilson|move: Sticky Web\n|-unboost|p1a: Bill \"CIA\" Wilson|spe|1\n|\n|upkeep\n|turn|9\n|inactive|smee maimen has 135 seconds left.\n|\n|move|p2a: Magearna|Fleur Cannon|p1a: Bill \"CIA\" Wilson\n|-damage|p1a: Bill \"CIA\" Wilson|65\/100\n|-unboost|p2a: Magearna|spa|2\n|move|p1a: Bill \"CIA\" Wilson|Earth Power|p2a: Magearna\n|-supereffective|p2a: Magearna\n|-damage|p2a: Magearna|69\/100\n|\n|upkeep\n|turn|10\n|\n|switch|p2a: Landorus|Landorus-Therian, M|100\/100\n|-ability|p2a: Landorus|Intimidate|boost\n|-unboost|p1a: Bill \"CIA\" Wilson|atk|1\n|move|p1a: Bill \"CIA\" Wilson|Earth Power|p2a: Landorus\n|-immune|p2a: Landorus|[msg]\n|\n|upkeep\n|turn|11\n|\n|move|p2a: Landorus|Earthquake|p1a: Bill \"CIA\" Wilson\n|-damage|p1a: Bill \"CIA\" Wilson|16\/100\n|move|p1a: Bill \"CIA\" Wilson|Ice Beam|p2a: Landorus\n|-supereffective|p2a: Landorus\n|-damage|p2a: Landorus|0 fnt\n|faint|p2a: Landorus\n|\n|upkeep\n|\n|switch|p2a: Magearna|Magearna|69\/100\n|turn|12\n|\n|move|p2a: Magearna|Ice Beam|p1a: Bill \"CIA\" Wilson\n|-damage|p1a: Bill \"CIA\" Wilson|1\/100\n|move|p1a: Bill \"CIA\" Wilson|Earth Power|p2a: Magearna\n|-supereffective|p2a: Magearna\n|-damage|p2a: Magearna|33\/100\n|\n|upkeep\n|turn|13\n|\n|move|p2a: Magearna|Ice Beam|p1a: Bill \"CIA\" Wilson\n|-damage|p1a: Bill \"CIA\" Wilson|0 fnt\n|faint|p1a: Bill \"CIA\" Wilson\n|-ability|p2a: Magearna|Soul-Heart|boost\n|-boost|p2a: Magearna|spa|1\n|\n|upkeep\n|\n|switch|p1a: Masketta Man|Magnezone|100\/100\n|-activate|p1a: Masketta Man|move: Sticky Web\n|-unboost|p1a: Masketta Man|spe|1\n|turn|14\n|inactive|BigL91 has 135 seconds left.\n|\n|move|p2a: Magearna|Fleur Cannon|p1a: Masketta Man\n|-resisted|p1a: Masketta Man\n|-damage|p1a: Masketta Man|67\/100\n|-unboost|p2a: Magearna|spa|2\n|move|p1a: Masketta Man|Thunderbolt|p2a: Magearna\n|-damage|p2a: Magearna|12\/100\n|\n|upkeep\n|turn|15\n|\n|move|p2a: Magearna|Fleur Cannon|p1a: Masketta Man\n|-resisted|p1a: Masketta Man\n|-damage|p1a: Masketta Man|54\/100\n|-unboost|p2a: Magearna|spa|2\n|move|p1a: Masketta Man|Volt Switch|p2a: Magearna\n|-damage|p2a: Magearna|0 fnt\n|faint|p2a: Magearna\n|\n|switch|p1a: Wreckage Brother|Skarmory, M|100\/100\n|\n|upkeep\n|\n|switch|p2a: Greninja|Greninja-Ash, M|100\/100\n|turn|16\n|inactive|smee maimen has 135 seconds left.\n|\n|move|p2a: Greninja|Hydro Pump|p1a: Wreckage Brother\n|-damage|p1a: Wreckage Brother|10\/100\n|move|p1a: Wreckage Brother|Brave Bird|p2a: Greninja\n|-damage|p2a: Greninja|15\/100\n|-damage|p1a: Wreckage Brother|0 fnt|[from] Recoil\n|faint|p1a: Wreckage Brother\n|\n|upkeep\n|\n|switch|p1a: Masketta Man|Magnezone|54\/100\n|-activate|p1a: Masketta Man|move: Sticky Web\n|-unboost|p1a: Masketta Man|spe|1\n|turn|17\n|\n|move|p2a: Greninja|Hydro Pump|p1a: Masketta Man\n|-damage|p1a: Masketta Man|6\/100\n|move|p1a: Masketta Man|Volt Switch|p2a: Greninja\n|-supereffective|p2a: Greninja\n|-damage|p2a: Greninja|0 fnt\n|faint|p2a: Greninja\n|\n|switch|p1a: No Survivors|Aggron, M|100\/100\n|-activate|p1a: No Survivors|move: Sticky Web\n|-unboost|p1a: No Survivors|spe|1\n|\n|upkeep\n|\n|switch|p2a: Medicham|Medicham-Mega, M|94\/100\n|turn|18\n|\n|-mega|p1a: No Survivors|Aggron|Aggronite\n|detailschange|p1a: No Survivors|Aggron-Mega, M\n|move|p2a: Medicham|Fake Out|p1a: No Survivors\n|-resisted|p1a: No Survivors\n|-damage|p1a: No Survivors|94\/100\n|cant|p1a: No Survivors|flinch\n|\n|upkeep\n|turn|19\n|\n|move|p2a: Medicham|High Jump Kick|p1a: No Survivors\n|-supereffective|p1a: No Survivors\n|-damage|p1a: No Survivors|21\/100\n|move|p1a: No Survivors|Heavy Slam|p2a: Medicham\n|-damage|p2a: Medicham|0 fnt\n|faint|p2a: Medicham\n|\n|win|smee maimen\n|j| union boss\n","inputlog":null,"uploadtime":1525541338,"views":43,"p1id":"smeemaimen","p2id":"bigl91","formatid":"gen7ou","rating":0,"private":0,"password":null}