{"id":"gen7ou-707818422","p1":"Faarhan","p2":"Dragon rider43","format":"gen7ou","log":"|j|\u2606Faarhan\n|j|\u2606Dragon rider43\n|player|p1|Faarhan|1\n|player|p2|Dragon rider43|169\n|teamsize|p1|6\n|teamsize|p2|6\n|gametype|singles\n|gen|7\n|tier|[Gen 7] OU\n|rule|Sleep Clause Mod: Limit one foe put to sleep\n|rule|Species Clause: Limit one of each Pok\u00e9mon\n|rule|OHKO Clause: OHKO moves are banned\n|rule|Moody Clause: Moody is banned\n|rule|Evasion Moves Clause: Evasion moves are banned\n|rule|Endless Battle Clause: Forcing endless battles is banned\n|rule|HP Percentage Mod: HP is shown in percentages\n|clearpoke\n|poke|p1|Landorus-Therian, M|item\n|poke|p1|Manectric, M|item\n|poke|p1|Heatran, M|item\n|poke|p1|Suicune|item\n|poke|p1|Serperior, F|item\n|poke|p1|Mew|item\n|poke|p2|Tyranitar, M|item\n|poke|p2|Bisharp, M|item\n|poke|p2|Charizard, M|item\n|poke|p2|Unfezant, M|item\n|poke|p2|Weavile, F|item\n|poke|p2|Metagross|item\n|teampreview\n|\n|start\n|switch|p1a: Heatran|Heatran, M|100\/100\n|switch|p2a: Bisharp|Bisharp, M|100\/100\n|turn|1\n|\n|switch|p2a: Metagross|Metagross|100\/100\n|move|p1a: Heatran|Will-O-Wisp|p2a: Metagross|[miss]\n|-miss|p1a: Heatran|p2a: Metagross\n|\n|upkeep\n|turn|2\n|c|\u2606Faarhan|Amr 1 st valo ou\n|\n|move|p2a: Metagross|Agility|p2a: Metagross\n|-boost|p2a: Metagross|spe|2\n|move|p1a: Heatran|Will-O-Wisp|p2a: Metagross\n|-status|p2a: Metagross|brn\n|\n|-damage|p2a: Metagross|95\/100 brn|[from] brn\n|upkeep\n|turn|3\n|inactive|Battle timer is ON: inactive players will automatically lose when time's up. (requested by Faarhan)\n|inactive|Faarhan has 285 seconds left.\n|\n|move|p2a: Metagross|Earthquake|p1a: Heatran\n|-supereffective|p1a: Heatran\n|-damage|p1a: Heatran|41\/100\n|move|p1a: Heatran|Roar|p2a: Metagross\n|drag|p2a: Tyranitar|Tyranitar, M|100\/100\n|-weather|Sandstorm|[from] ability: Sand Stream|[of] p2a: Tyranitar\n|\n|-weather|Sandstorm|[upkeep]\n|-heal|p1a: Heatran|48\/100|[from] item: Leftovers\n|upkeep\n|turn|4\n|c|\u2606Dragon rider43|hmm\n|inactive|Faarhan has 285 seconds left.\n|inactive|Faarhan has 270 seconds left.\n|\n|switch|p1a: Suicune|Suicune|100\/100\n|-ability|p1a: Suicune|Pressure\n|move|p2a: Tyranitar|Stone Edge|p1a: Suicune\n|-damage|p1a: Suicune|74\/100\n|\n|-weather|Sandstorm|[upkeep]\n|-damage|p1a: Suicune|68\/100|[from] sandstorm\n|-heal|p1a: Suicune|74\/100|[from] item: Leftovers\n|upkeep\n|turn|5\n|inactive|Faarhan has 270 seconds left.\n|inactive|Dragon rider43 has 285 seconds left.\n|inactive|Dragon rider43 has 270 seconds left.\n|c|\u2606Faarhan|Hmm\n|inactive|Dragon rider43 has 255 seconds left.\n|c|\u2606Faarhan|Alver\n|c|\u2606Dragon rider43|ki?\n|inactive|Dragon rider43 has 240 seconds left.\n|c|\u2606Faarhan|Attack kor\n|inactive|Dragon rider43 has 225 seconds left.\n|\n|move|p2a: Tyranitar|Thunder|p1a: Suicune|[miss]\n|-miss|p2a: Tyranitar|p1a: Suicune\n|move|p1a: Suicune|Calm Mind|p1a: Suicune\n|-boost|p1a: Suicune|spa|1\n|-boost|p1a: Suicune|spd|1\n|\n|-weather|Sandstorm|[upkeep]\n|-damage|p1a: Suicune|68\/100|[from] sandstorm\n|-heal|p1a: Suicune|74\/100|[from] item: Leftovers\n|upkeep\n|turn|6\n|inactive|Dragon rider43 has 225 seconds left.\n|inactive|Faarhan has 270 seconds left.\n|c|\u2606Faarhan|Thunde?\n|\n|switch|p2a: Unfezant|Unfezant, M|100\/100\n|move|p1a: Suicune|Scald|p2a: Unfezant\n|-damage|p2a: Unfezant|26\/100\n|-status|p2a: Unfezant|brn\n|\n|-weather|Sandstorm|[upkeep]\n|-damage|p2a: Unfezant|20\/100 brn|[from] sandstorm\n|-damage|p1a: Suicune|68\/100|[from] sandstorm\n|-heal|p1a: Suicune|74\/100|[from] item: Leftovers\n|-damage|p2a: Unfezant|14\/100 brn|[from] brn\n|upkeep\n|turn|7\n|inactive|Faarhan has 270 seconds left.\n|inactive|Dragon rider43 has 225 seconds left.\n|c|\u2606Dragon rider43|bolt rakhte chaisilam vule thunder hoye gese\n|\n|move|p2a: Unfezant|Return|p1a: Suicune\n|-damage|p1a: Suicune|62\/100\n|move|p1a: Suicune|Scald|p2a: Unfezant\n|-damage|p2a: Unfezant|0 fnt\n|faint|p2a: Unfezant\n|\n|-weather|none\n|-heal|p1a: Suicune|68\/100|[from] item: Leftovers\n|upkeep\n|inactive|Dragon rider43 has 225 seconds left.\n|inactive|Dragon rider43 has 210 seconds left.\n|\n|switch|p2a: Bisharp|Bisharp, M|100\/100\n|turn|8\n|c|\u2606Faarhan|Arpor rain\n|inactive|Faarhan has 270 seconds left.\n|c|\u2606Dragon rider43|ok\n|\n|move|p2a: Bisharp|Swords Dance|p2a: Bisharp\n|-boost|p2a: Bisharp|atk|2\n|move|p1a: Suicune|Scald|p2a: Bisharp\n|-damage|p2a: Bisharp|40\/100\n|\n|-heal|p1a: Suicune|74\/100|[from] item: Leftovers\n|upkeep\n|turn|9\n|inactive|Faarhan has 270 seconds left.\n|inactive|Dragon rider43 has 210 seconds left.\n|\n|move|p2a: Bisharp|Knock Off|p1a: Suicune\n|-damage|p1a: Suicune|0 fnt\n|-enditem|p1a: Suicune|Leftovers|[from] move: Knock Off|[of] p2a: Bisharp\n|faint|p1a: Suicune\n|\n|upkeep\n|inactive|Faarhan has 270 seconds left.\n|c|\u2606Dragon rider43|boom\n|\n|switch|p1a: Serperior|Serperior, F|100\/100\n|turn|10\n|inactive|Faarhan has 270 seconds left.\n|inactive|Dragon rider43 has 225 seconds left.\n|\n|move|p2a: Bisharp|Sucker Punch|p1a: Serperior|[still]\n|-fail|p2a: Bisharp\n|move|p1a: Serperior|Substitute|p1a: Serperior\n|-start|p1a: Serperior|Substitute\n|-damage|p1a: Serperior|76\/100\n|\n|-heal|p1a: Serperior|82\/100|[from] item: Leftovers\n|upkeep\n|turn|11\n|inactive|Faarhan has 270 seconds left.\n|inactive|Dragon rider43 has 225 seconds left.\n|inactive|Faarhan has 255 seconds left.\n|\n|move|p2a: Bisharp|Sucker Punch|p1a: Serperior\n|-end|p1a: Serperior|Substitute\n|move|p1a: Serperior|Hidden Power|p2a: Bisharp\n|-supereffective|p2a: Bisharp\n|-damage|p2a: Bisharp|0 fnt\n|faint|p2a: Bisharp\n|\n|-heal|p1a: Serperior|88\/100|[from] item: Leftovers\n|upkeep\n|c|\u2606Faarhan|Yes\n|\n|switch|p2a: Weavile|Weavile, F|100\/100\n|turn|12\n|inactive|Faarhan has 255 seconds left.\n|\n|move|p2a: Weavile|Ice Punch|p1a: Serperior\n|-supereffective|p1a: Serperior\n|-damage|p1a: Serperior|0 fnt\n|faint|p1a: Serperior\n|\n|upkeep\n|c|\u2606Dragon rider43|good play\n|c|\u2606Faarhan|Wtf\n|inactive|Faarhan has 255 seconds left.\n|\n|switch|p1a: Heatran|Heatran, M|48\/100\n|turn|13\n|inactive|Dragon rider43 has 240 seconds left.\n|c|\u2606Dragon rider43|substitute valo chilo\n|\n|move|p2a: Weavile|Brick Break|p1a: Heatran\n|-supereffective|p1a: Heatran\n|-damage|p1a: Heatran|3\/100\n|move|p1a: Heatran|Will-O-Wisp|p2a: Weavile|[miss]\n|-miss|p1a: Heatran|p2a: Weavile\n|\n|-heal|p1a: Heatran|9\/100|[from] item: Leftovers\n|upkeep\n|turn|14\n|inactive|Dragon rider43 has 240 seconds left.\n|c|\u2606Dragon rider43|lucky\n|c|\u2606Faarhan|Shit!!!!!?\n|inactive|Faarhan has 255 seconds left.\n|\n|-activate|p1a: Heatran|move: Pursuit\n|move|p2a: Weavile|Pursuit|p1a: Heatran|[from]Pursuit\n|-damage|p1a: Heatran|0 fnt\n|faint|p1a: Heatran\n|\n|upkeep\n|c|\u2606Faarhan|Dhur\n|inactive|Faarhan has 255 seconds left.\n|\n|switch|p1a: Landorus|Landorus-Therian, M|100\/100\n|-ability|p1a: Landorus|Intimidate|boost\n|-unboost|p2a: Weavile|atk|1\n|turn|15\n|inactive|Faarhan has 255 seconds left.\n|inactive|Dragon rider43 has 240 seconds left.\n|\n|switch|p1a: Mew|Mew|100\/100\n|switch|p2a: Metagross|Metagross|95\/100 brn\n|\n|-damage|p2a: Metagross|89\/100 brn|[from] brn\n|upkeep\n|turn|16\n|c|\u2606Dragon rider43|kano?\n|inactive|Faarhan has 255 seconds left.\n|\n|move|p2a: Metagross|Meteor Mash|p1a: Mew|[miss]\n|-miss|p2a: Metagross|p1a: Mew\n|move|p1a: Mew|Knock Off|p2a: Metagross\n|-supereffective|p2a: Metagross\n|-damage|p2a: Metagross|49\/100 brn\n|-enditem|p2a: Metagross|Shuca Berry|[from] move: Knock Off|[of] p1a: Mew\n|\n|-damage|p2a: Metagross|43\/100 brn|[from] brn\n|upkeep\n|turn|17\n|inactive|Faarhan has 255 seconds left.\n|\n|move|p2a: Metagross|Meteor Mash|p1a: Mew\n|-damage|p1a: Mew|80\/100\n|move|p1a: Mew|Knock Off|p2a: Metagross\n|-supereffective|p2a: Metagross\n|-damage|p2a: Metagross|15\/100 brn\n|\n|-heal|p1a: Mew|86\/100|[from] item: Leftovers\n|-damage|p2a: Metagross|9\/100 brn|[from] brn\n|upkeep\n|turn|18\n|inactive|Dragon rider43 has 240 seconds left.\n|c|\u2606Dragon rider43|switch korli kan?\n|inactive|Faarhan has 255 seconds left.\n|inactive|Faarhan has 240 seconds left.\n|\n|move|p2a: Metagross|Meteor Mash|p1a: Mew\n|-damage|p1a: Mew|67\/100\n|move|p1a: Mew|Knock Off|p2a: Metagross\n|-supereffective|p2a: Metagross\n|-damage|p2a: Metagross|0 fnt\n|faint|p2a: Metagross\n|\n|-heal|p1a: Mew|73\/100|[from] item: Leftovers\n|upkeep\n|inactive|Dragon rider43 has 240 seconds left.\n|c|\u2606Faarhan|Mew\n|inactive|Dragon rider43 has 225 seconds left.\n|c|\u2606Dragon rider43|kano?\n|\n|switch|p2a: Weavile|Weavile, F|100\/100\n|turn|19\n|inactive|Faarhan has 255 seconds left.\n|inactive|Dragon rider43 has 225 seconds left.\n|c|\u2606Faarhan|Swich na korle landaous shessh\n|\n|move|p2a: Weavile|Pursuit|p1a: Mew\n|-supereffective|p1a: Mew\n|-damage|p1a: Mew|42\/100\n|move|p1a: Mew|Toxic|p2a: Weavile\n|-status|p2a: Weavile|tox\n|\n|-heal|p1a: Mew|48\/100|[from] item: Leftovers\n|-damage|p2a: Weavile|94\/100 tox|[from] psn\n|upkeep\n|turn|20\n|inactive|Faarhan has 255 seconds left.\n|c|\u2606Dragon rider43|choice scarfe deoa na?\n|inactive|Dragon rider43 has 225 seconds left.\n|\n|switch|p1a: Landorus|Landorus-Therian, M|100\/100\n|-ability|p1a: Landorus|Intimidate|boost\n|-unboost|p2a: Weavile|atk|1\n|move|p2a: Weavile|Ice Punch|p1a: Landorus\n|-supereffective|p1a: Landorus\n|-damage|p1a: Landorus|0 fnt\n|faint|p1a: Landorus\n|\n|-damage|p2a: Weavile|82\/100 tox|[from] psn\n|upkeep\n|c|\u2606Dragon rider43|hehehe\n|c|\u2606Dragon rider43|bolod\n|c|\u2606Faarhan|Shit\n|inactive|Faarhan has 240 seconds left.\n|c|\u2606Faarhan|Vula gesilam\n|\n|switch|p1a: Manectric|Manectric, M|100\/100\n|turn|21\n|inactive|Dragon rider43 has 240 seconds left.\n|\n|switch|p2a: Tyranitar|Tyranitar, M|100\/100\n|-weather|Sandstorm|[from] ability: Sand Stream|[of] p2a: Tyranitar\n|-mega|p1a: Manectric|Manectric|Manectite\n|detailschange|p1a: Manectric|Manectric-Mega, M\n|-ability|p1a: Manectric|Intimidate|boost\n|-unboost|p2a: Tyranitar|atk|1\n|move|p1a: Manectric|Flamethrower|p2a: Tyranitar\n|-resisted|p2a: Tyranitar\n|-damage|p2a: Tyranitar|89\/100\n|-status|p2a: Tyranitar|brn\n|\n|-weather|Sandstorm|[upkeep]\n|-damage|p1a: Manectric|94\/100|[from] sandstorm\n|-damage|p2a: Tyranitar|83\/100 brn|[from] brn\n|upkeep\n|turn|22\n|inactive|Faarhan has 240 seconds left.\n|inactive|Dragon rider43 has 240 seconds left.\n|inactive|Faarhan has 225 seconds left.\n|\n|move|p1a: Manectric|Thunderbolt|p2a: Tyranitar\n|-damage|p2a: Tyranitar|44\/100 brn\n|move|p2a: Tyranitar|Ice Beam|p1a: Manectric\n|-damage|p1a: Manectric|60\/100\n|\n|-weather|Sandstorm|[upkeep]\n|-damage|p1a: Manectric|54\/100|[from] sandstorm\n|-damage|p2a: Tyranitar|38\/100 brn|[from] brn\n|upkeep\n|turn|23\n|inactive|Faarhan has 225 seconds left.\n|inactive|Dragon rider43 has 240 seconds left.\n|inactive|Faarhan has 210 seconds left.\n|\n|move|p1a: Manectric|Volt Switch|p2a: Tyranitar\n|-damage|p2a: Tyranitar|10\/100 brn\n|\n|switch|p1a: Mew|Mew|48\/100\n|move|p2a: Tyranitar|Ice Beam|p1a: Mew\n|-damage|p1a: Mew|33\/100\n|\n|-weather|Sandstorm|[upkeep]\n|-damage|p1a: Mew|27\/100|[from] sandstorm\n|-heal|p1a: Mew|33\/100|[from] item: Leftovers\n|-damage|p2a: Tyranitar|4\/100 brn|[from] brn\n|upkeep\n|turn|24\n|inactive|Dragon rider43 has 255 seconds left.\n|inactive|Faarhan has 210 seconds left.\n|\n|move|p1a: Mew|Soft-Boiled|p1a: Mew\n|-heal|p1a: Mew|83\/100\n|move|p2a: Tyranitar|Ice Beam|p1a: Mew\n|-damage|p1a: Mew|67\/100\n|\n|-weather|Sandstorm|[upkeep]\n|-damage|p1a: Mew|61\/100|[from] sandstorm\n|-heal|p1a: Mew|67\/100|[from] item: Leftovers\n|-damage|p2a: Tyranitar|0 fnt|[from] brn\n|upkeep\n|faint|p2a: Tyranitar\n|inactive|Dragon rider43 has 255 seconds left.\n|\n|switch|p2a: Weavile|Weavile, F|82\/100 tox\n|turn|25\n|inactive|Faarhan has 225 seconds left.\n|\n|move|p2a: Weavile|Ice Punch|p1a: Mew\n|-damage|p1a: Mew|27\/100\n|move|p1a: Mew|Soft-Boiled|p1a: Mew\n|-heal|p1a: Mew|77\/100\n|\n|-weather|none\n|-heal|p1a: Mew|83\/100|[from] item: Leftovers\n|-damage|p2a: Weavile|76\/100 tox|[from] psn\n|upkeep\n|turn|26\n|inactive|Dragon rider43 has 270 seconds left.\n|inactive|Faarhan has 210 seconds left.\n|\n|switch|p2a: Charizard|Charizard, M|100\/100\n|move|p1a: Mew|Soft-Boiled|p1a: Mew\n|-heal|p1a: Mew|100\/100\n|\n|upkeep\n|turn|27\n|inactive|Dragon rider43 has 270 seconds left.\n|inactive|Faarhan has 210 seconds left.\n|\n|-mega|p2a: Charizard|Charizard|Charizardite X\n|detailschange|p2a: Charizard|Charizard-Mega-X, M\n|move|p2a: Charizard|Dragon Dance|p2a: Charizard\n|-boost|p2a: Charizard|atk|1\n|-boost|p2a: Charizard|spe|1\n|move|p1a: Mew|Toxic|p2a: Charizard\n|-status|p2a: Charizard|tox\n|\n|-damage|p2a: Charizard|94\/100 tox|[from] psn\n|upkeep\n|turn|28\n|inactive|Faarhan has 210 seconds left.\n|inactive|Dragon rider43 has 270 seconds left.\n|inactive|Dragon rider43 has 255 seconds left.\n|\n|move|p2a: Charizard|Flare Blitz|p1a: Mew\n|-damage|p1a: Mew|0 fnt\n|-damage|p2a: Charizard|50\/100 tox|[from] Recoil\n|faint|p1a: Mew\n|\n|-damage|p2a: Charizard|38\/100 tox|[from] psn\n|upkeep\n|inactive|Faarhan has 210 seconds left.\n|c|\u2606Dragon rider43|gg\n|l|\u2606Faarhan\n|inactive|Faarhan disconnected!\n|player|p1|\n|inactive|Faarhan has 195 seconds left.\n|j|\u2606Faarhan\n|inactive|Faarhan reconnected and has 195 seconds left.\n|player|p1|Faarhan|1\n|\n|switch|p1a: Manectric|Manectric-Mega, M|54\/100\n|-ability|p1a: Manectric|Intimidate|boost\n|-unboost|p2a: Charizard|atk|1\n|turn|29\n|inactive|Faarhan has 195 seconds left.\n|\n|move|p2a: Charizard|Flare Blitz|p1a: Manectric\n|-damage|p1a: Manectric|0 fnt\n|-damage|p2a: Charizard|21\/100 tox|[from] Recoil\n|faint|p1a: Manectric\n|\n|win|Dragon rider43\n","inputlog":null,"uploadtime":1519290390,"views":6,"p1id":"faarhan","p2id":"dragonrider43","formatid":"gen7ou","rating":0,"private":0,"password":null}