{"id":"gen7ou-936973053","p1":"ghecisbestvillain","p2":"ErinaSamaForYou","format":"gen7ou","log":"|j|\u2606ghecisbestvillain\n|j|\u2606ErinaSamaForYou\n|player|p1|ghecisbestvillain|269\n|player|p2|ErinaSamaForYou|170\n|teamsize|p1|6\n|teamsize|p2|6\n|gametype|singles\n|gen|7\n|tier|[Gen 7] OU\n|rated|\n|rule|Sleep Clause Mod: Limit one foe put to sleep\n|rule|Species Clause: Limit one of each Pok\u00e9mon\n|rule|OHKO Clause: OHKO moves are banned\n|rule|Moody Clause: Moody is banned\n|rule|Evasion Moves Clause: Evasion moves are banned\n|rule|Endless Battle Clause: Forcing endless battles is banned\n|rule|HP Percentage Mod: HP is shown in percentages\n|clearpoke\n|poke|p1|Hawlucha, M|item\n|poke|p1|Clefable, F|item\n|poke|p1|Charizard, M|item\n|poke|p1|Tapu Koko|item\n|poke|p1|Magearna|item\n|poke|p1|Kyurem-Black|item\n|poke|p2|Swampert, M|item\n|poke|p2|Pelipper, M|item\n|poke|p2|Tornadus-Therian, M|item\n|poke|p2|Ferrothorn, M|item\n|poke|p2|Tapu Koko|item\n|poke|p2|Greninja, M|item\n|teampreview\n|inactive|Battle timer is ON: inactive players will automatically lose when time's up. (requested by ghecisbestvillain)\n|\n|start\n|switch|p1a: Tapu Koko|Tapu Koko|100\/100\n|switch|p2a: Pelipper|Pelipper, M|100\/100\n|-fieldstart|move: Electric Terrain|[from] ability: Electric Surge|[of] p1a: Tapu Koko\n|-weather|RainDance|[from] ability: Drizzle|[of] p2a: Pelipper\n|turn|1\n|\n|switch|p2a: Ferrothorn|Ferrothorn, M|100\/100\n|move|p1a: Tapu Koko|Light Screen|p1a: Tapu Koko\n|-sidestart|p1: ghecisbestvillain|move: Light Screen\n|\n|-weather|RainDance|[upkeep]\n|upkeep\n|turn|2\n|\n|switch|p2a: Swampert|Swampert, M|100\/100\n|move|p1a: Tapu Koko|Reflect|p1a: Tapu Koko\n|-sidestart|p1: ghecisbestvillain|Reflect\n|\n|-weather|RainDance|[upkeep]\n|upkeep\n|turn|3\n|\n|switch|p1a: Clefable|Clefable, F|100\/100\n|detailschange|p2a: Swampert|Swampert-Mega, M\n|-mega|p2a: Swampert|Swampert|Swampertite\n|move|p2a: Swampert|Power-Up Punch|p1a: Clefable\n|-resisted|p1a: Clefable\n|-damage|p1a: Clefable|97\/100\n|-boost|p2a: Swampert|atk|1\n|\n|-weather|RainDance|[upkeep]\n|-heal|p1a: Clefable|100\/100|[from] item: Leftovers\n|upkeep\n|turn|4\n|\n|move|p2a: Swampert|Waterfall|p1a: Clefable\n|-damage|p1a: Clefable|49\/100\n|move|p1a: Clefable|Cosmic Power|p1a: Clefable\n|-boost|p1a: Clefable|def|1\n|-boost|p1a: Clefable|spd|1\n|\n|-weather|RainDance|[upkeep]\n|-heal|p1a: Clefable|55\/100|[from] item: Leftovers\n|upkeep\n|turn|5\n|\n|move|p2a: Swampert|Waterfall|p1a: Clefable\n|-damage|p1a: Clefable|23\/100\n|move|p1a: Clefable|Soft-Boiled|p1a: Clefable\n|-heal|p1a: Clefable|73\/100\n|\n|-weather|RainDance|[upkeep]\n|-heal|p1a: Clefable|79\/100|[from] item: Leftovers\n|-fieldend|move: Electric Terrain\n|upkeep\n|turn|6\n|\n|move|p2a: Swampert|Power-Up Punch|p1a: Clefable\n|-resisted|p1a: Clefable\n|-damage|p1a: Clefable|76\/100\n|-boost|p2a: Swampert|atk|1\n|move|p1a: Clefable|Soft-Boiled|p1a: Clefable\n|-heal|p1a: Clefable|100\/100\n|\n|-weather|RainDance|[upkeep]\n|upkeep\n|turn|7\n|\n|move|p2a: Swampert|Waterfall|p1a: Clefable\n|-damage|p1a: Clefable|58\/100\n|move|p1a: Clefable|Cosmic Power|p1a: Clefable\n|-boost|p1a: Clefable|def|1\n|-boost|p1a: Clefable|spd|1\n|\n|-weather|RainDance|[upkeep]\n|-heal|p1a: Clefable|64\/100|[from] item: Leftovers\n|upkeep\n|turn|8\n|\n|move|p2a: Swampert|Waterfall|p1a: Clefable\n|-damage|p1a: Clefable|33\/100\n|cant|p1a: Clefable|flinch\n|\n|-weather|none\n|-heal|p1a: Clefable|39\/100|[from] item: Leftovers\n|-sideend|p1: ghecisbestvillain|move: Light Screen\n|upkeep\n|turn|9\n|\n|move|p2a: Swampert|Earthquake|p1a: Clefable\n|-damage|p1a: Clefable|10\/100\n|move|p1a: Clefable|Soft-Boiled|p1a: Clefable\n|-heal|p1a: Clefable|61\/100\n|\n|-heal|p1a: Clefable|67\/100|[from] item: Leftovers\n|-sideend|p1: ghecisbestvillain|Reflect\n|upkeep\n|turn|10\n|\n|move|p2a: Swampert|Power-Up Punch|p1a: Clefable\n|-resisted|p1a: Clefable\n|-damage|p1a: Clefable|59\/100\n|-boost|p2a: Swampert|atk|1\n|move|p1a: Clefable|Soft-Boiled|p1a: Clefable\n|-heal|p1a: Clefable|100\/100\n|\n|upkeep\n|turn|11\n|\n|move|p2a: Swampert|Waterfall|p1a: Clefable\n|-damage|p1a: Clefable|46\/100\n|move|p1a: Clefable|Cosmic Power|p1a: Clefable\n|-boost|p1a: Clefable|def|1\n|-boost|p1a: Clefable|spd|1\n|\n|-heal|p1a: Clefable|52\/100|[from] item: Leftovers\n|upkeep\n|turn|12\n|\n|move|p2a: Swampert|Waterfall|p1a: Clefable\n|-damage|p1a: Clefable|9\/100\n|move|p1a: Clefable|Stored Power|p2a: Swampert\n|-damage|p2a: Swampert|71\/100\n|\n|-heal|p1a: Clefable|15\/100|[from] item: Leftovers\n|upkeep\n|turn|13\n|\n|move|p2a: Swampert|Waterfall|p1a: Clefable\n|-damage|p1a: Clefable|0 fnt\n|faint|p1a: Clefable\n|\n|upkeep\n|\n|switch|p1a: Tapu Koko|Tapu Koko|100\/100\n|-fieldstart|move: Electric Terrain|[from] ability: Electric Surge|[of] p1a: Tapu Koko\n|turn|14\n|\n|move|p1a: Tapu Koko|Reflect|p1a: Tapu Koko\n|-sidestart|p1: ghecisbestvillain|Reflect\n|move|p2a: Swampert|Waterfall|p1a: Tapu Koko\n|-damage|p1a: Tapu Koko|36\/100\n|\n|upkeep\n|turn|15\n|\n|move|p1a: Tapu Koko|Light Screen|p1a: Tapu Koko\n|-sidestart|p1: ghecisbestvillain|move: Light Screen\n|move|p2a: Swampert|Power-Up Punch|p1a: Tapu Koko\n|-resisted|p1a: Tapu Koko\n|-damage|p1a: Tapu Koko|25\/100\n|-boost|p2a: Swampert|atk|1\n|\n|upkeep\n|turn|16\n|\n|switch|p1a: Kyurem|Kyurem-Black|100\/100\n|-ability|p1a: Kyurem|Teravolt\n|move|p2a: Swampert|Waterfall|p1a: Kyurem\n|-resisted|p1a: Kyurem\n|-damage|p1a: Kyurem|72\/100\n|\n|upkeep\n|turn|17\n|\n|switch|p2a: Ferrothorn|Ferrothorn, M|100\/100\n|move|p1a: Kyurem|Ice Beam|p2a: Ferrothorn\n|-damage|p2a: Ferrothorn|59\/100\n|-status|p2a: Ferrothorn|frz\n|-damage|p1a: Kyurem|62\/100|[from] item: Life Orb\n|\n|-heal|p2a: Ferrothorn|65\/100 frz|[from] item: Leftovers\n|upkeep\n|turn|18\n|\n|switch|p1a: Hawlucha|Hawlucha, M|100\/100\n|-enditem|p1a: Hawlucha|Electric Seed\n|-boost|p1a: Hawlucha|def|1\n|switch|p2a: Tapu Koko|Tapu Koko|100\/100\n|\n|-fieldend|move: Electric Terrain\n|upkeep\n|turn|19\n|\n|move|p1a: Hawlucha|Swords Dance|p1a: Hawlucha\n|-boost|p1a: Hawlucha|atk|2\n|-zpower|p2a: Tapu Koko\n|move|p2a: Tapu Koko|Gigavolt Havoc|p1a: Hawlucha|[zeffect]\n|-supereffective|p1a: Hawlucha\n|-damage|p1a: Hawlucha|14\/100\n|\n|upkeep\n|turn|20\n|\n|switch|p2a: Ferrothorn|Ferrothorn, M|65\/100 frz\n|move|p1a: Hawlucha|Rock Slide|p2a: Ferrothorn\n|-resisted|p2a: Ferrothorn\n|-damage|p2a: Ferrothorn|49\/100 frz\n|\n|-heal|p2a: Ferrothorn|55\/100 frz|[from] item: Leftovers\n|upkeep\n|turn|21\n|\n|move|p1a: Hawlucha|Drain Punch|p2a: Ferrothorn\n|-supereffective|p2a: Ferrothorn\n|-damage|p2a: Ferrothorn|0 fnt\n|-heal|p1a: Hawlucha|46\/100|[from] drain|[of] p2a: Ferrothorn\n|-damage|p1a: Hawlucha|34\/100|[from] ability: Iron Barbs|[of] p2a: Ferrothorn\n|faint|p2a: Ferrothorn\n|\n|-sideend|p1: ghecisbestvillain|Reflect\n|upkeep\n|\n|switch|p2a: Tapu Koko|Tapu Koko|100\/100\n|-fieldstart|move: Electric Terrain|[from] ability: Electric Surge|[of] p2a: Tapu Koko\n|turn|22\n|\n|move|p1a: Hawlucha|Rock Slide|p2a: Tapu Koko|[miss]\n|-miss|p1a: Hawlucha|p2a: Tapu Koko\n|move|p2a: Tapu Koko|Wild Charge|p1a: Hawlucha\n|-supereffective|p1a: Hawlucha\n|-damage|p1a: Hawlucha|0 fnt\n|-damage|p2a: Tapu Koko|92\/100|[from] Recoil\n|faint|p1a: Hawlucha\n|\n|-sideend|p1: ghecisbestvillain|move: Light Screen\n|upkeep\n|\n|switch|p1a: Charizard|Charizard, M|100\/100\n|turn|23\n|\n|detailschange|p1a: Charizard|Charizard-Mega-X, M\n|-mega|p1a: Charizard|Charizard|Charizardite X\n|move|p2a: Tapu Koko|U-turn|p1a: Charizard\n|-resisted|p1a: Charizard\n|-damage|p1a: Charizard|88\/100\n|\n|switch|p2a: Pelipper|Pelipper, M|100\/100|[from]move: U-turn\n|-weather|RainDance|[from] ability: Drizzle|[of] p2a: Pelipper\n|move|p1a: Charizard|Dragon Dance|p1a: Charizard\n|-boost|p1a: Charizard|atk|1\n|-boost|p1a: Charizard|spe|1\n|\n|-weather|RainDance|[upkeep]\n|upkeep\n|turn|24\n|\n|move|p1a: Charizard|Dragon Dance|p1a: Charizard\n|-boost|p1a: Charizard|atk|1\n|-boost|p1a: Charizard|spe|1\n|move|p2a: Pelipper|Hurricane|p1a: Charizard\n|-damage|p1a: Charizard|45\/100\n|\n|-weather|RainDance|[upkeep]\n|upkeep\n|turn|25\n|\n|move|p1a: Charizard|Dragon Claw|p2a: Pelipper\n|-damage|p2a: Pelipper|17\/100\n|move|p2a: Pelipper|Hurricane|p1a: Charizard\n|-damage|p1a: Charizard|0 fnt\n|faint|p1a: Charizard\n|\n|-weather|RainDance|[upkeep]\n|upkeep\n|\n|switch|p1a: Tapu Koko|Tapu Koko|25\/100\n|turn|26\n|\n|move|p1a: Tapu Koko|Reflect|p1a: Tapu Koko\n|-sidestart|p1: ghecisbestvillain|Reflect\n|move|p2a: Pelipper|Roost|p2a: Pelipper\n|-heal|p2a: Pelipper|67\/100\n|-singleturn|p2a: Pelipper|move: Roost\n|\n|-weather|RainDance|[upkeep]\n|-fieldend|move: Electric Terrain\n|upkeep\n|turn|27\n|\n|move|p1a: Tapu Koko|Taunt|p2a: Pelipper\n|-start|p2a: Pelipper|move: Taunt\n|cant|p2a: Pelipper|move: Taunt|Defog\n|\n|-weather|RainDance|[upkeep]\n|upkeep\n|turn|28\n|\n|switch|p2a: Swampert|Swampert-Mega, M|71\/100\n|move|p1a: Tapu Koko|Light Screen|p1a: Tapu Koko\n|-sidestart|p1: ghecisbestvillain|move: Light Screen\n|\n|-weather|RainDance|[upkeep]\n|upkeep\n|turn|29\n|\n|switch|p1a: Kyurem|Kyurem-Black|62\/100\n|-ability|p1a: Kyurem|Teravolt\n|move|p2a: Swampert|Power-Up Punch|p1a: Kyurem\n|-supereffective|p1a: Kyurem\n|-damage|p1a: Kyurem|49\/100\n|-boost|p2a: Swampert|atk|1\n|\n|-weather|RainDance|[upkeep]\n|upkeep\n|turn|30\n|inactive|ErinaSamaForYou has 120 seconds left.\n|\n|move|p2a: Swampert|Waterfall|p1a: Kyurem\n|-resisted|p1a: Kyurem\n|-damage|p1a: Kyurem|29\/100\n|move|p1a: Kyurem|Ice Beam|p2a: Swampert\n|-damage|p2a: Swampert|9\/100\n|-damage|p1a: Kyurem|20\/100|[from] item: Life Orb\n|\n|-weather|none\n|upkeep\n|turn|31\n|\n|switch|p2a: Pelipper|Pelipper, M|67\/100\n|-weather|RainDance|[from] ability: Drizzle|[of] p2a: Pelipper\n|move|p1a: Kyurem|Ice Beam|p2a: Pelipper\n|-damage|p2a: Pelipper|0 fnt\n|-damage|p1a: Kyurem|10\/100|[from] item: Life Orb\n|faint|p2a: Pelipper\n|\n|-weather|RainDance|[upkeep]\n|upkeep\n|\n|switch|p2a: Swampert|Swampert-Mega, M|9\/100\n|turn|32\n|\n|move|p2a: Swampert|Power-Up Punch|p1a: Kyurem\n|-supereffective|p1a: Kyurem\n|-damage|p1a: Kyurem|0 fnt\n|-boost|p2a: Swampert|atk|1\n|faint|p1a: Kyurem\n|\n|-weather|RainDance|[upkeep]\n|upkeep\n|\n|switch|p1a: Magearna|Magearna|100\/100\n|turn|33\n|\n|move|p2a: Swampert|Earthquake|p1a: Magearna\n|-supereffective|p1a: Magearna\n|-damage|p1a: Magearna|25\/100\n|move|p1a: Magearna|Shift Gear|p1a: Magearna\n|-boost|p1a: Magearna|spe|2\n|-boost|p1a: Magearna|atk|1\n|\n|-weather|RainDance|[upkeep]\n|-sideend|p1: ghecisbestvillain|Reflect\n|upkeep\n|turn|34\n|-message|ghecisbestvillain forfeited.\n|\n|win|ErinaSamaForYou\n|l|\u2606ghecisbestvillain\n|raw|ghecisbestvillain's rating: 1759 &rarr; <strong>1741<\/strong><br \/>(-18 for losing)\n|raw|ErinaSamaForYou's rating: 1793 &rarr; <strong>1811<\/strong><br \/>(+18 for winning)\n","uploadtime":1561828274,"views":8,"p1id":"ghecisbestvillain","p2id":"erinasamaforyou","formatid":"gen7ou","rating":1741,"private":0,"password":null}