{"id":"gen7ou-929653377","p1":"know me not","p2":"JoeyOwesMeMoney","format":"gen7ou","log":"|raw|<div class=\"broadcast-red\"><strong>This battle is invite-only!<\/strong><br \/>Users must be rank + or invited with <code>\/invite<\/code> to join<\/div>\n|j|\u2606know me not\n|j|\u2606JoeyOwesMeMoney\n|player|p1|know me not|erika-gen2\n|player|p2|JoeyOwesMeMoney|265\n|teamsize|p1|6\n|teamsize|p2|6\n|gametype|singles\n|gen|7\n|tier|[Gen 7] OU\n|rated|\n|rule|Sleep Clause Mod: Limit one foe put to sleep\n|rule|Species Clause: Limit one of each Pok\u00e9mon\n|rule|OHKO Clause: OHKO moves are banned\n|rule|Moody Clause: Moody is banned\n|rule|Evasion Moves Clause: Evasion moves are banned\n|rule|Endless Battle Clause: Forcing endless battles is banned\n|rule|HP Percentage Mod: HP is shown in percentages\n|clearpoke\n|poke|p1|Latias, F|item\n|poke|p1|Reuniclus, F|item\n|poke|p1|Ferrothorn, F|item\n|poke|p1|Heatran, M|item\n|poke|p1|Landorus-Therian, M|item\n|poke|p1|Clefable, F|item\n|poke|p2|Skarmory, M|item\n|poke|p2|Chansey, F|item\n|poke|p2|Magnezone|item\n|poke|p2|Toxapex, F|item\n|poke|p2|Clefable, F|item\n|poke|p2|Sableye, M|item\n|teampreview\n|inactive|Battle timer is ON: inactive players will automatically lose when time's up. (requested by JoeyOwesMeMoney)\n|c|\u2606JoeyOwesMeMoney|gg\n|c|\u2606know me not|\/log Aka Spencer was invited (and promoted to Room Voice) by know me not.\n|inactive|know me not has 120 seconds left.\n|\n|start\n|switch|p1a: Clefable|Clefable, F|394\/394\n|switch|p2a: Sableye|Sableye, M|303\/303\n|turn|1\n|j|+Aka Spencer\n|\n|detailschange|p2a: Sableye|Sableye-Mega, M\n|-mega|p2a: Sableye|Sableye|Sablenite\n|move|p2a: Sableye|Protect|p2a: Sableye\n|-singleturn|p2a: Sableye|Protect\n|move|p1a: Clefable|Moonblast|p2a: Sableye\n|-activate|p2a: Sableye|move: Protect\n|\n|upkeep\n|turn|2\n|\n|move|p1a: Clefable|Moonblast|p2a: Sableye\n|-supereffective|p2a: Sableye\n|-damage|p2a: Sableye|175\/303\n|move|p2a: Sableye|Recover|p2a: Sableye\n|-heal|p2a: Sableye|303\/303\n|\n|upkeep\n|turn|3\n|\n|move|p2a: Sableye|Protect|p2a: Sableye\n|-singleturn|p2a: Sableye|Protect\n|move|p1a: Clefable|Moonblast|p2a: Sableye\n|-activate|p2a: Sableye|move: Protect\n|\n|upkeep\n|turn|4\n|\n|move|p1a: Clefable|Moonblast|p2a: Sableye\n|-supereffective|p2a: Sableye\n|-damage|p2a: Sableye|163\/303\n|move|p2a: Sableye|Recover|p2a: Sableye\n|-heal|p2a: Sableye|303\/303\n|\n|upkeep\n|turn|5\n|c|\u2606know me not|\/log cleann \u2602 was invited (and promoted to Room Voice) by know me not.\n|j|+cleann \u2602\n|\n|move|p2a: Sableye|Protect|p2a: Sableye\n|-singleturn|p2a: Sableye|Protect\n|move|p1a: Clefable|Moonblast|p2a: Sableye\n|-activate|p2a: Sableye|move: Protect\n|\n|upkeep\n|turn|6\n|\n|move|p1a: Clefable|Moonblast|p2a: Sableye\n|-supereffective|p2a: Sableye\n|-damage|p2a: Sableye|171\/303\n|-unboost|p2a: Sableye|spa|1\n|move|p2a: Sableye|Knock Off|p1a: Clefable\n|-resisted|p1a: Clefable\n|-damage|p1a: Clefable|352\/394\n|-enditem|p1a: Clefable|Leftovers|[from] move: Knock Off|[of] p2a: Sableye\n|\n|upkeep\n|turn|7\n|\n|move|p1a: Clefable|Moonblast|p2a: Sableye\n|-supereffective|p2a: Sableye\n|-damage|p2a: Sableye|33\/303\n|move|p2a: Sableye|Recover|p2a: Sableye\n|-heal|p2a: Sableye|185\/303\n|\n|upkeep\n|turn|8\n|\n|move|p2a: Sableye|Protect|p2a: Sableye\n|-singleturn|p2a: Sableye|Protect\n|move|p1a: Clefable|Moonblast|p2a: Sableye\n|-activate|p2a: Sableye|move: Protect\n|\n|upkeep\n|turn|9\n|\n|move|p1a: Clefable|Moonblast|p2a: Sableye\n|-supereffective|p2a: Sableye\n|-crit|p2a: Sableye\n|-damage|p2a: Sableye|0 fnt\n|faint|p2a: Sableye\n|\n|upkeep\n|c|+cleann \u2602|lol\n|\n|switch|p2a: Chansey|Chansey, F|703\/703\n|turn|10\n|c|+Aka Spencer|gg\n|\n|move|p1a: Clefable|Stealth Rock|p2a: Chansey\n|-sidestart|p2: JoeyOwesMeMoney|move: Stealth Rock\n|move|p2a: Chansey|Stealth Rock|p1a: Clefable\n|-sidestart|p1: know me not|move: Stealth Rock\n|\n|upkeep\n|turn|11\n|\n|switch|p1a: Reuniclus|Reuniclus, F|424\/424\n|move|p2a: Chansey|Toxic|p1a: Reuniclus\n|-status|p1a: Reuniclus|tox\n|\n|upkeep\n|turn|12\n|c|+cleann \u2602|yes toxic the clef\n|\n|move|p2a: Chansey|Seismic Toss|p1a: Reuniclus\n|-damage|p1a: Reuniclus|324\/424 tox\n|-damage|p2a: Chansey|586\/703|[from] item: Rocky Helmet|[of] p1a: Reuniclus\n|move|p1a: Reuniclus|Calm Mind|p1a: Reuniclus\n|-boost|p1a: Reuniclus|spa|1\n|-boost|p1a: Reuniclus|spd|1\n|\n|upkeep\n|turn|13\n|c|+cleann \u2602|aka spencer did u see that poorness\n|c|+Aka Spencer|welfare tier\n|\n|move|p2a: Chansey|Seismic Toss|p1a: Reuniclus\n|-damage|p1a: Reuniclus|224\/424 tox\n|-damage|p2a: Chansey|469\/703|[from] item: Rocky Helmet|[of] p1a: Reuniclus\n|move|p1a: Reuniclus|Calm Mind|p1a: Reuniclus\n|-boost|p1a: Reuniclus|spa|1\n|-boost|p1a: Reuniclus|spd|1\n|\n|upkeep\n|turn|14\n|\n|move|p2a: Chansey|Seismic Toss|p1a: Reuniclus\n|-damage|p1a: Reuniclus|124\/424 tox\n|-damage|p2a: Chansey|352\/703|[from] item: Rocky Helmet|[of] p1a: Reuniclus\n|move|p1a: Reuniclus|Recover|p1a: Reuniclus\n|-heal|p1a: Reuniclus|336\/424 tox\n|\n|upkeep\n|turn|15\n|\n|move|p2a: Chansey|Soft-Boiled|p2a: Chansey\n|-heal|p2a: Chansey|703\/703\n|move|p1a: Reuniclus|Calm Mind|p1a: Reuniclus\n|-boost|p1a: Reuniclus|spa|1\n|-boost|p1a: Reuniclus|spd|1\n|\n|upkeep\n|turn|16\n|\n|move|p2a: Chansey|Stealth Rock||[still]\n|-fail|p2a: Chansey\n|move|p1a: Reuniclus|Calm Mind|p1a: Reuniclus\n|-boost|p1a: Reuniclus|spa|1\n|-boost|p1a: Reuniclus|spd|1\n|\n|upkeep\n|turn|17\n|\n|move|p2a: Chansey|Stealth Rock||[still]\n|-fail|p2a: Chansey\n|move|p1a: Reuniclus|Psyshock|p2a: Chansey\n|-damage|p2a: Chansey|280\/703\n|\n|upkeep\n|turn|18\n|c|+cleann \u2602|niggas cappin on my name...\n|\n|switch|p2a: Clefable|Clefable, F|393\/393\n|-damage|p2a: Clefable|344\/393|[from] Stealth Rock\n|move|p1a: Reuniclus|Psyshock|p2a: Clefable\n|-damage|p2a: Clefable|244\/393\n|\n|-heal|p2a: Clefable|268\/393|[from] item: Leftovers\n|upkeep\n|turn|19\n|\n|move|p2a: Clefable|Moonblast|p1a: Reuniclus\n|-damage|p1a: Reuniclus|224\/424 tox\n|move|p1a: Reuniclus|Psyshock|p2a: Clefable\n|-damage|p2a: Clefable|168\/393\n|\n|-heal|p2a: Clefable|192\/393|[from] item: Leftovers\n|upkeep\n|turn|20\n|\n|switch|p1a: Heatran|Heatran, M|323\/323\n|-damage|p1a: Heatran|283\/323|[from] Stealth Rock\n|move|p2a: Clefable|Wish|p2a: Clefable\n|\n|-heal|p2a: Clefable|216\/393|[from] item: Leftovers\n|upkeep\n|turn|21\n|\n|move|p2a: Clefable|Protect|p2a: Clefable\n|-singleturn|p2a: Clefable|Protect\n|move|p1a: Heatran|Earth Power|p2a: Clefable\n|-activate|p2a: Clefable|move: Protect\n|\n|-heal|p2a: Clefable|393\/393|[from] move: Wish|[wisher] Clefable\n|upkeep\n|turn|22\n|\n|move|p1a: Heatran|Magma Storm|p2a: Clefable\n|-damage|p2a: Clefable|197\/393\n|-activate|p2a: Clefable|move: Magma Storm|[of] p1a: Heatran\n|move|p2a: Clefable|Wish|p2a: Clefable\n|\n|-heal|p2a: Clefable|221\/393|[from] item: Leftovers\n|-damage|p2a: Clefable|172\/393|[from] move: Magma Storm|[partiallytrapped]\n|upkeep\n|turn|23\n|\n|move|p2a: Clefable|Protect|p2a: Clefable\n|-singleturn|p2a: Clefable|Protect\n|move|p1a: Heatran|Taunt|p2a: Clefable\n|-activate|p2a: Clefable|move: Protect\n|\n|-heal|p2a: Clefable|368\/393|[from] move: Wish|[wisher] Clefable\n|-heal|p2a: Clefable|392\/393|[from] item: Leftovers\n|-damage|p2a: Clefable|343\/393|[from] move: Magma Storm|[partiallytrapped]\n|upkeep\n|turn|24\n|c|+cleann \u2602|just kill this shit\n|inactive|JoeyOwesMeMoney has 120 seconds left.\n|inactive|JoeyOwesMeMoney has 90 seconds left.\n|inactive|JoeyOwesMeMoney has 60 seconds left.\n|inactive|JoeyOwesMeMoney has 30 seconds left.\n|inactive|JoeyOwesMeMoney has 20 seconds left.\n|inactive|JoeyOwesMeMoney has 15 seconds left.\n|inactive|JoeyOwesMeMoney has 10 seconds left.\n|inactive|JoeyOwesMeMoney has 5 seconds left.\n|inactiveoff|Battle timer is now OFF.\n|inactive|JoeyOwesMeMoney has 5 seconds left this turn.\n|inactive|Battle timer is ON: inactive players will automatically lose when time's up. (requested by know me not)\n|c|\u2606know me not|bro\n|c|\u2606know me not|lmao\n|-message|JoeyOwesMeMoney lost due to inactivity.\n|\n|win|know me not\n|raw|know me not's rating: 1839 &rarr; <strong>1854<\/strong><br \/>(+15 for winning)\n|raw|JoeyOwesMeMoney's rating: 1733 &rarr; <strong>1719<\/strong><br \/>(-14 for losing)\n|l|+cleann \u2602\n|c|\u2606know me not|\/log know me not made this room public.\n","uploadtime":1560742528,"views":185,"p1id":"knowmenot","p2id":"joeyowesmemoney","formatid":"gen7ou","rating":1719,"private":0,"password":null}