{"id":"gen7ou-1145085401","p1":"Synerg1","p2":"Hajmola","format":"gen7ou","log":"|j|\u2606Synerg1\n|j|\u2606Hajmola\n|player|p1|Synerg1|266|1202\n|player|p2|Hajmola|pokefan|1214\n|teamsize|p1|6\n|teamsize|p2|6\n|gametype|singles\n|gen|7\n|tier|[Gen 7] OU\n|rated|\n|clearpoke\n|poke|p1|Medicham, F|item\n|poke|p1|Landorus-Therian, M|item\n|poke|p1|Rotom-Wash|item\n|poke|p1|Tornadus-Therian, M|item\n|poke|p1|Bisharp, M|item\n|poke|p1|Amoonguss, F|item\n|poke|p2|Kartana|item\n|poke|p2|Kyurem-Black|item\n|poke|p2|Charizard, F|item\n|poke|p2|Cloyster, F|item\n|poke|p2|Zeraora|item\n|poke|p2|Cresselia, F|item\n|rule|Sleep Clause Mod: Limit one foe put to sleep\n|rule|Species Clause: Limit one of each Pok\u00e9mon\n|rule|OHKO Clause: OHKO moves are banned\n|rule|Moody Clause: Moody is banned\n|rule|Evasion Moves Clause: Evasion moves are banned\n|rule|Endless Battle Clause: Forcing endless battles is banned\n|rule|HP Percentage Mod: HP is shown in percentages\n|teampreview\n|inactive|Battle timer is ON: inactive players will automatically lose when time's up. (requested by Hajmola)\n|\n|start\n|switch|p1a: Rotom|Rotom-Wash|100\/100\n|switch|p2a: Cloyster|Cloyster, F, shiny|100\/100\n|turn|1\n|\n|move|p1a: Rotom|Volt Switch|p2a: Cloyster\n|-supereffective|p2a: Cloyster\n|-enditem|p2a: Cloyster|Focus Sash\n|-damage|p2a: Cloyster|1\/100\n|\n|switch|p1a: Medicham|Medicham, F|100\/100|[from]move: Volt Switch\n|move|p2a: Cloyster|Shell Smash|p2a: Cloyster\n|-unboost|p2a: Cloyster|def|1\n|-unboost|p2a: Cloyster|spd|1\n|-boost|p2a: Cloyster|atk|2\n|-boost|p2a: Cloyster|spa|2\n|-boost|p2a: Cloyster|spe|2\n|\n|upkeep\n|turn|2\n|\n|detailschange|p1a: Medicham|Medicham-Mega, F\n|-mega|p1a: Medicham|Medicham|Medichamite\n|move|p1a: Medicham|Fake Out|p2a: Cloyster\n|-damage|p2a: Cloyster|0 fnt\n|faint|p2a: Cloyster\n|\n|upkeep\n|\n|switch|p2a: Cresselia|Cresselia, F|100\/100\n|turn|3\n|\n|switch|p1a: Bisharp|Bisharp, M|100\/100\n|move|p2a: Cresselia|Toxic|p1a: Bisharp\n|-immune|p1a: Bisharp\n|\n|upkeep\n|turn|4\n|\n|switch|p2a: Charizard|Charizard, F|100\/100\n|move|p1a: Bisharp|Swords Dance|p1a: Bisharp\n|-boost|p1a: Bisharp|atk|2\n|\n|upkeep\n|turn|5\n|\n|detailschange|p2a: Charizard|Charizard-Mega-X, F\n|-mega|p2a: Charizard|Charizard|Charizardite X\n|move|p1a: Bisharp|Sucker Punch|p2a: Charizard\n|-damage|p2a: Charizard|0 fnt\n|-damage|p1a: Bisharp|91\/100|[from] item: Life Orb\n|faint|p2a: Charizard\n|\n|upkeep\n|-message|Hajmola forfeited.\n|\n|win|Synerg1\n","uploadtime":1593885509,"views":5,"p1id":"synerg1","p2id":"hajmola","formatid":"gen7ou","rating":0,"private":0,"password":null}