{"id":"gen7ou-1703335992","p1":"Ice Caves","p2":"BTLT007 SF'","format":"gen7ou","log":"|j|\u2606Ice Caves\n|j|\u2606BTLT007 SF'\n|t:|1667651465\n|gametype|singles\n|player|p1|Ice Caves|rosa-pokestar|1827\n|player|p2|BTLT007 SF'|palmer|1588\n|teamsize|p1|6\n|teamsize|p2|6\n|gen|7\n|tier|[Gen 7] OU\n|rated|\n|rule|Sleep Clause Mod: Limit one foe put to sleep\n|rule|Species Clause: Limit one of each Pok\u00e9mon\n|rule|OHKO Clause: OHKO moves are banned\n|rule|Moody Clause: Moody is banned\n|rule|Evasion Items Clause: Evasion items are banned\n|rule|Evasion Moves Clause: Evasion moves are banned\n|rule|Endless Battle Clause: Forcing endless battles is banned\n|rule|HP Percentage Mod: HP is shown in percentages\n|clearpoke\n|poke|p1|Landorus-Therian, M|item\n|poke|p1|Mawile, F|item\n|poke|p1|Greninja, M|item\n|poke|p1|Tapu Lele|item\n|poke|p1|Magearna|item\n|poke|p1|Kartana|item\n|poke|p2|Kartana|item\n|poke|p2|Charizard, M|item\n|poke|p2|Tapu Fini|item\n|poke|p2|Heatran, F|item\n|poke|p2|Landorus-Therian, M|item\n|poke|p2|Weavile, M|item\n|teampreview\n|inactive|Battle timer is ON: inactive players will automatically lose when time's up. (requested by BTLT007 SF')\n|inactive|BTLT007 SF' has 120 seconds left.\n|inactive|Ice Caves has 120 seconds left.\n|inactive|BTLT007 SF' has 90 seconds left.\n|\n|t:|1667651526\n|start\n|switch|p1a: Greninja|Greninja, M|100\/100\n|switch|p2a: Weavile|Weavile, M|100\/100\n|-ability|p2a: Weavile|Pressure\n|turn|1\n|inactive|Ice Caves has 120 seconds left.\n|l|\u2606Ice Caves\n|inactive|Ice Caves disconnected and has a minute to reconnect!\n|player|p1|\n|j|\u2606Ice Caves\n|inactive|Ice Caves reconnected and has 100 seconds left.\n|player|p1|Ice Caves|rosa-pokestar\n|inactive|Ice Caves has 90 seconds left.\n|\n|t:|1667651595\n|move|p2a: Weavile|Low Kick|p1a: Greninja\n|-supereffective|p1a: Greninja\n|-damage|p1a: Greninja|0 fnt\n|faint|p1a: Greninja\n|\n|upkeep\n|j| CM Reuni\n|\n|t:|1667651617\n|switch|p1a: Landorus|Landorus-Therian, M|100\/100\n|-ability|p1a: Landorus|Intimidate|boost\n|-unboost|p2a: Weavile|atk|1\n|turn|2\n|\n|t:|1667651627\n|switch|p2a: Kartana|Kartana|100\/100\n|move|p1a: Landorus|Stealth Rock|p2a: Kartana\n|-sidestart|p2: BTLT007 SF'|move: Stealth Rock\n|\n|upkeep\n|turn|3\n|j| Temporia~\n|inactive|Ice Caves has 60 seconds left.\n|l|\u2606Ice Caves\n|inactive|Ice Caves disconnected and has a minute to reconnect!\n|player|p1|\n|l| Temporia~\n|inactive|Ice Caves has 30 seconds to reconnect!\n|j|\u2606Ice Caves\n|inactive|Ice Caves reconnected and has 25 seconds left.\n|player|p1|Ice Caves|rosa-pokestar\n|inactive|Ice Caves has 20 seconds left.\n|\n|t:|1667651694\n|move|p2a: Kartana|Defog|p1a: Landorus\n|-unboost|p1a: Landorus|evasion|1\n|-sideend|p2: BTLT007 SF'|Stealth Rock|[from] move: Defog|[of] p2a: Kartana\n|move|p1a: Landorus|U-turn|p2a: Kartana\n|-damage|p2a: Kartana|78\/100\n|inactive|Ice Caves has 25 seconds left this turn.\n|inactive|Ice Caves has 20 seconds left.\n|\n|t:|1667651701\n|switch|p1a: Magearna|Magearna|100\/100|[from]move: U-turn\n|\n|upkeep\n|turn|4\n|inactive|Ice Caves has 30 seconds left this turn.\n|\n|t:|1667651706\n|switch|p2a: Heatran|Heatran, F|100\/100\n|move|p1a: Magearna|Focus Blast|p2a: Heatran\n|-supereffective|p2a: Heatran\n|-damage|p2a: Heatran|42\/100\n|\n|-heal|p2a: Heatran|48\/100|[from] item: Leftovers\n|upkeep\n|turn|5\n|\n|t:|1667651713\n|switch|p1a: Landorus|Landorus-Therian, M|100\/100\n|-ability|p1a: Landorus|Intimidate|boost\n|-unboost|p2a: Heatran|atk|1\n|move|p2a: Heatran|Magma Storm|p1a: Landorus\n|-damage|p1a: Landorus|57\/100\n|-activate|p1a: Landorus|move: Magma Storm|[of] p2a: Heatran\n|\n|-heal|p2a: Heatran|54\/100|[from] item: Leftovers\n|-damage|p1a: Landorus|44\/100|[from] move: Magma Storm|[partiallytrapped]\n|upkeep\n|turn|6\n|\n|t:|1667651719\n|move|p1a: Landorus|Stealth Rock|p2a: Heatran\n|-sidestart|p2: BTLT007 SF'|move: Stealth Rock\n|move|p2a: Heatran|Stealth Rock|p1a: Landorus\n|-sidestart|p1: Ice Caves|move: Stealth Rock\n|\n|-heal|p2a: Heatran|60\/100|[from] item: Leftovers\n|-damage|p1a: Landorus|32\/100|[from] move: Magma Storm|[partiallytrapped]\n|upkeep\n|turn|7\n|\n|t:|1667651729\n|move|p1a: Landorus|U-turn|p2a: Heatran\n|-resisted|p2a: Heatran\n|-damage|p2a: Heatran|56\/100\n|\n|t:|1667651732\n|switch|p1a: Tapu Lele|Tapu Lele|100\/100|[from]move: U-turn\n|-damage|p1a: Tapu Lele|88\/100|[from] Stealth Rock\n|-fieldstart|move: Psychic Terrain|[from] ability: Psychic Surge|[of] p1a: Tapu Lele\n|move|p2a: Heatran|Magma Storm|p1a: Tapu Lele|[miss]\n|-miss|p2a: Heatran|p1a: Tapu Lele\n|\n|-heal|p2a: Heatran|62\/100|[from] item: Leftovers\n|upkeep\n|turn|8\n|inactive|Ice Caves has 60 seconds left.\n|\n|t:|1667651740\n|switch|p2a: Landorus|Landorus-Therian, M|100\/100\n|-damage|p2a: Landorus|88\/100|[from] Stealth Rock\n|-ability|p2a: Landorus|Intimidate|boost\n|-unboost|p1a: Tapu Lele|atk|1\n|move|p1a: Tapu Lele|Psyshock|p2a: Landorus\n|-damage|p2a: Landorus|12\/100\n|\n|upkeep\n|turn|9\n|\n|t:|1667651747\n|move|p2a: Landorus|Explosion|p1a: Tapu Lele\n|-damage|p1a: Tapu Lele|0 fnt\n|faint|p2a: Landorus\n|faint|p1a: Tapu Lele\n|\n|upkeep\n|\n|t:|1667651759\n|switch|p1a: Magearna|Magearna|100\/100\n|switch|p2a: Kartana|Kartana|78\/100\n|-damage|p2a: Kartana|72\/100|[from] Stealth Rock\n|-damage|p1a: Magearna|94\/100|[from] Stealth Rock\n|turn|10\n|\n|t:|1667651771\n|-zpower|p2a: Kartana\n|move|p2a: Kartana|Bloom Doom|p1a: Magearna|[zeffect]\n|-resisted|p1a: Magearna\n|-damage|p1a: Magearna|49\/100\n|move|p1a: Magearna|Trick Room|p1a: Magearna\n|-fieldstart|move: Trick Room|[of] p1a: Magearna\n|\n|upkeep\n|turn|11\n|\n|t:|1667651783\n|switch|p2a: Tapu Fini|Tapu Fini|100\/100\n|-damage|p2a: Tapu Fini|88\/100|[from] Stealth Rock\n|-fieldstart|move: Misty Terrain|[from] ability: Misty Surge|[of] p2a: Tapu Fini\n|-zpower|p1a: Magearna\n|move|p1a: Magearna|Twinkle Tackle|p2a: Tapu Fini|[zeffect]\n|-damage|p2a: Tapu Fini|7\/100\n|\n|-heal|p2a: Tapu Fini|13\/100|[from] item: Leftovers\n|upkeep\n|turn|12\n|\n|t:|1667651792\n|move|p1a: Magearna|Thunderbolt|p2a: Tapu Fini\n|-supereffective|p2a: Tapu Fini\n|-damage|p2a: Tapu Fini|0 fnt\n|faint|p2a: Tapu Fini\n|-ability|p1a: Magearna|Soul-Heart|boost\n|-boost|p1a: Magearna|spa|1\n|\n|upkeep\n|\n|t:|1667651798\n|switch|p2a: Heatran|Heatran, F|62\/100\n|-damage|p2a: Heatran|49\/100|[from] Stealth Rock\n|turn|13\n|inactive|Ice Caves has 90 seconds left.\n|inactive|Ice Caves has 60 seconds left.\n|\n|t:|1667651845\n|move|p1a: Magearna|Focus Blast|p2a: Heatran\n|-supereffective|p2a: Heatran\n|-crit|p2a: Heatran\n|-damage|p2a: Heatran|0 fnt\n|faint|p2a: Heatran\n|-ability|p1a: Magearna|Soul-Heart|boost\n|-boost|p1a: Magearna|spa|1\n|\n|upkeep\n|\n|t:|1667651857\n|switch|p2a: Weavile|Weavile, M|100\/100\n|-damage|p2a: Weavile|76\/100|[from] Stealth Rock\n|-ability|p2a: Weavile|Pressure\n|turn|14\n|\n|t:|1667651863\n|switch|p1a: Landorus|Landorus-Therian, M|32\/100\n|-damage|p1a: Landorus|20\/100|[from] Stealth Rock\n|-ability|p1a: Landorus|Intimidate|boost\n|-unboost|p2a: Weavile|atk|1\n|move|p2a: Weavile|Low Kick|p1a: Landorus\n|-resisted|p1a: Landorus\n|-damage|p1a: Landorus|9\/100\n|-damage|p2a: Weavile|59\/100|[from] item: Rocky Helmet|[of] p1a: Landorus\n|\n|-fieldend|move: Trick Room\n|upkeep\n|turn|15\n|\n|t:|1667651875\n|switch|p2a: Kartana|Kartana|72\/100\n|-damage|p2a: Kartana|65\/100|[from] Stealth Rock\n|move|p1a: Landorus|U-turn|p2a: Kartana\n|-damage|p2a: Kartana|40\/100\n|\n|t:|1667651889\n|switch|p1a: Magearna|Magearna|49\/100|[from]move: U-turn\n|-damage|p1a: Magearna|43\/100|[from] Stealth Rock\n|\n|-fieldend|Misty Terrain\n|upkeep\n|turn|16\n|\n|t:|1667651910\n|move|p2a: Kartana|Defog|p1a: Magearna\n|-unboost|p1a: Magearna|evasion|1\n|-sideend|p1: Ice Caves|Stealth Rock|[from] move: Defog|[of] p2a: Kartana\n|-sideend|p2: BTLT007 SF'|Stealth Rock|[from] move: Defog|[of] p2a: Kartana\n|move|p1a: Magearna|Trick Room|p1a: Magearna\n|-fieldstart|move: Trick Room|[of] p1a: Magearna\n|\n|upkeep\n|turn|17\n|\n|t:|1667651917\n|switch|p2a: Weavile|Weavile, M|59\/100\n|-ability|p2a: Weavile|Pressure\n|move|p1a: Magearna|Thunderbolt|p2a: Weavile\n|-damage|p2a: Weavile|15\/100\n|\n|upkeep\n|turn|18\n|\n|t:|1667651926\n|move|p1a: Magearna|Thunderbolt|p2a: Weavile\n|-damage|p2a: Weavile|0 fnt\n|faint|p2a: Weavile\n|-ability|p1a: Magearna|Soul-Heart|boost\n|-boost|p1a: Magearna|spa|1\n|\n|upkeep\n|\n|t:|1667651928\n|switch|p2a: Kartana|Kartana|40\/100\n|turn|19\n|\n|t:|1667651931\n|move|p1a: Magearna|Thunderbolt|p2a: Kartana\n|-resisted|p2a: Kartana\n|-damage|p2a: Kartana|0 fnt\n|faint|p2a: Kartana\n|-ability|p1a: Magearna|Soul-Heart|boost\n|-boost|p1a: Magearna|spa|1\n|\n|upkeep\n|\n|t:|1667651932\n|switch|p2a: Charizard|Charizard, M|100\/100\n|turn|20\n|\n|t:|1667651934\n|detailschange|p2a: Charizard|Charizard-Mega-Y, M\n|-mega|p2a: Charizard|Charizard|Charizardite Y\n|-weather|SunnyDay|[from] ability: Drought|[of] p2a: Charizard\n|move|p1a: Magearna|Thunderbolt|p2a: Charizard\n|-supereffective|p2a: Charizard\n|-damage|p2a: Charizard|0 fnt\n|faint|p2a: Charizard\n|\n|win|Ice Caves\n|raw|Ice Caves's rating: 1827 &rarr; <strong>1835<\/strong><br \/>(+8 for winning)\n|raw|BTLT007 SF&apos;'s rating: 1588 &rarr; <strong>1580<\/strong><br \/>(-8 for losing)\n|l|\u2606BTLT007 SF'\n|l| CM Reuni\n||Ladder isn't responding, score probably updated but might not have (Request timeout).\n|j| ntntnrst\n|l|\u2606Ice Caves\n","uploadtime":1667652263,"views":5,"p1id":"icecaves","p2id":"btlt007sf","formatid":"gen7ou","rating":1580,"private":0,"password":null}