{"id":"gen7ou-1699757597","p1":"BigChungusIsFunny!","p2":"minecraftuprising","format":"gen7ou","log":"|j|\u2606BigChungusIsFunny!\n|j|\u2606minecraftuprising\n|t:|1667265310\n|gametype|singles\n|player|p1|BigChungusIsFunny!|wallace|1652\n|player|p2|minecraftuprising|2|1625\n|teamsize|p1|6\n|teamsize|p2|6\n|gen|7\n|tier|[Gen 7] OU\n|rated|\n|rule|Sleep Clause Mod: Limit one foe put to sleep\n|rule|Species Clause: Limit one of each Pok\u00e9mon\n|rule|OHKO Clause: OHKO moves are banned\n|rule|Moody Clause: Moody is banned\n|rule|Evasion Items Clause: Evasion items are banned\n|rule|Evasion Moves Clause: Evasion moves are banned\n|rule|Endless Battle Clause: Forcing endless battles is banned\n|rule|HP Percentage Mod: HP is shown in percentages\n|clearpoke\n|poke|p1|Pelipper, M|item\n|poke|p1|Swampert, F|item\n|poke|p1|Tapu Koko|item\n|poke|p1|Greninja, M|item\n|poke|p1|Hawlucha, F|item\n|poke|p1|Ferrothorn, M|item\n|poke|p2|Charizard, F|item\n|poke|p2|Serperior, M|item\n|poke|p2|Volcarona, F|item\n|poke|p2|Kommo-o, M|item\n|poke|p2|Magearna|item\n|poke|p2|Mew|item\n|teampreview\n|inactive|Battle timer is ON: inactive players will automatically lose when time's up. (requested by BigChungusIsFunny!)\n|\n|t:|1667265318\n|start\n|switch|p1a: take a seat|Tapu Koko|100\/100\n|switch|p2a: Mew|Mew|100\/100\n|-fieldstart|move: Electric Terrain|[from] ability: Electric Surge|[of] p1a: take a seat\n|turn|1\n|\n|t:|1667265323\n|move|p1a: take a seat|Volt Switch|p2a: Mew\n|-damage|p2a: Mew|50\/100\n|\n|t:|1667265326\n|switch|p1a: take a dump|Pelipper, M, shiny|100\/100|[from]move: Volt Switch\n|-weather|RainDance|[from] ability: Drizzle|[of] p1a: take a dump\n|move|p2a: Mew|Stealth Rock|p1a: take a dump\n|-sidestart|p1: BigChungusIsFunny!|move: Stealth Rock\n|\n|-weather|RainDance|[upkeep]\n|upkeep\n|turn|2\n|\n|t:|1667265332\n|move|p2a: Mew|Explosion|p1a: take a dump\n|-damage|p1a: take a dump|41\/100\n|faint|p2a: Mew\n|move|p1a: take a dump|U-turn|p2: Mew|[notarget]\n|-fail|p1a: take a dump\n|\n|-weather|RainDance|[upkeep]\n|upkeep\n|\n|t:|1667265346\n|switch|p2a: Serperior|Serperior, M|100\/100\n|turn|3\n|\n|t:|1667265353\n|switch|p1a: take a wizz|Ferrothorn, M, shiny|100\/100\n|-damage|p1a: take a wizz|94\/100|[from] Stealth Rock\n|move|p2a: Serperior|Leaf Storm|p1a: take a wizz\n|-resisted|p1a: take a wizz\n|-damage|p1a: take a wizz|87\/100\n|-boost|p2a: Serperior|spa|2\n|\n|-weather|RainDance|[upkeep]\n|-heal|p1a: take a wizz|93\/100|[from] item: Leftovers\n|upkeep\n|turn|4\n|\n|t:|1667265357\n|move|p2a: Serperior|Taunt|p1a: take a wizz\n|-start|p1a: take a wizz|move: Taunt\n|move|p1a: take a wizz|Gyro Ball|p2a: Serperior\n|-damage|p2a: Serperior|46\/100\n|-damage|p1a: take a wizz|77\/100|[from] item: Rocky Helmet|[of] p2a: Serperior\n|\n|-weather|RainDance|[upkeep]\n|-heal|p1a: take a wizz|83\/100|[from] item: Leftovers\n|upkeep\n|turn|5\n|\n|t:|1667265380\n|switch|p2a: Volcarona|Volcarona, F|100\/100\n|switch|p1a: take a seat|Tapu Koko|100\/100\n|-damage|p1a: take a seat|88\/100|[from] Stealth Rock\n|\n|-weather|RainDance|[upkeep]\n|-fieldend|move: Electric Terrain\n|upkeep\n|turn|6\n|\n|t:|1667265388\n|move|p1a: take a seat|U-turn|p2a: Volcarona\n|-resisted|p2a: Volcarona\n|-damage|p2a: Volcarona|88\/100\n|\n|t:|1667265389\n|switch|p1a: take a poop|Swampert, F, shiny|100\/100|[from]move: U-turn\n|-damage|p1a: take a poop|94\/100|[from] Stealth Rock\n|move|p2a: Volcarona|Quiver Dance|p2a: Volcarona\n|-boost|p2a: Volcarona|spa|1\n|-boost|p2a: Volcarona|spd|1\n|-boost|p2a: Volcarona|spe|1\n|\n|-weather|RainDance|[upkeep]\n|upkeep\n|turn|7\n|\n|t:|1667265399\n|detailschange|p1a: take a poop|Swampert-Mega, F, shiny\n|-mega|p1a: take a poop|Swampert|Swampertite\n|move|p2a: Volcarona|Bug Buzz|p1a: take a poop\n|-damage|p1a: take a poop|28\/100\n|move|p1a: take a poop|Waterfall|p2a: Volcarona\n|-supereffective|p2a: Volcarona\n|-damage|p2a: Volcarona|0 fnt\n|-status|p1a: take a poop|brn|[from] ability: Flame Body|[of] p2a: Volcarona\n|faint|p2a: Volcarona\n|\n|-weather|RainDance|[upkeep]\n|-damage|p1a: take a poop|22\/100 brn|[from] brn\n|upkeep\n|\n|t:|1667265408\n|switch|p2a: Serperior|Serperior, M|46\/100\n|turn|8\n|\n|t:|1667265414\n|move|p1a: take a poop|Ice Punch|p2a: Serperior\n|-supereffective|p2a: Serperior\n|-damage|p2a: Serperior|10\/100\n|-damage|p1a: take a poop|6\/100 brn|[from] item: Rocky Helmet|[of] p2a: Serperior\n|move|p2a: Serperior|Leaf Storm|p1a: take a poop\n|-supereffective|p1a: take a poop\n|-crit|p1a: take a poop\n|-damage|p1a: take a poop|0 fnt\n|-boost|p2a: Serperior|spa|2\n|faint|p1a: take a poop\n|\n|-weather|none\n|upkeep\n|\n|t:|1667265418\n|switch|p1a: take a seat|Tapu Koko|88\/100\n|-damage|p1a: take a seat|76\/100|[from] Stealth Rock\n|-fieldstart|move: Electric Terrain|[from] ability: Electric Surge|[of] p1a: take a seat\n|turn|9\n|\n|t:|1667265423\n|move|p1a: take a seat|Defog|p2a: Serperior\n|-boost|p2a: Serperior|evasion|1\n|-sideend|p1: BigChungusIsFunny!|Stealth Rock|[from] move: Defog|[of] p1a: take a seat\n|move|p2a: Serperior|Glare|p1a: take a seat\n|-immune|p1a: take a seat\n|\n|upkeep\n|turn|10\n|\n|t:|1667265435\n|move|p1a: take a seat|U-turn|p2a: Serperior\n|-supereffective|p2a: Serperior\n|-damage|p2a: Serperior|0 fnt\n|-damage|p1a: take a seat|59\/100|[from] item: Rocky Helmet|[of] p2a: Serperior\n|faint|p2a: Serperior\n|\n|t:|1667265437\n|switch|p1a: take a dump|Pelipper, M, shiny|41\/100|[from]move: U-turn\n|-weather|RainDance|[from] ability: Drizzle|[of] p1a: take a dump\n|\n|-weather|RainDance|[upkeep]\n|upkeep\n|\n|t:|1667265439\n|switch|p2a: Kommo-o|Kommo-o, M|100\/100\n|turn|11\n|\n|t:|1667265443\n|switch|p1a: take a seat|Tapu Koko|59\/100\n|-zpower|p2a: Kommo-o\n|move|p2a: Kommo-o|Clangorous Soulblaze|p1a: take a seat|[zeffect]\n|-immune|p1a: take a seat\n|\n|-weather|RainDance|[upkeep]\n|upkeep\n|turn|12\n|\n|t:|1667265464\n|switch|p2a: Magearna|Magearna|100\/100\n|move|p1a: take a seat|Hidden Power|p2a: Magearna\n|-resisted|p2a: Magearna\n|-damage|p2a: Magearna|94\/100\n|\n|-weather|RainDance|[upkeep]\n|-heal|p2a: Magearna|99\/100|[from] item: Leftovers\n|upkeep\n|turn|13\n|\n|t:|1667265471\n|move|p1a: take a seat|Volt Switch|p2a: Magearna\n|-damage|p2a: Magearna|59\/100\n|\n|t:|1667265473\n|switch|p1a: take a wizz|Ferrothorn, M, shiny|83\/100|[from]move: Volt Switch\n|move|p2a: Magearna|Calm Mind|p2a: Magearna\n|-boost|p2a: Magearna|spa|1\n|-boost|p2a: Magearna|spd|1\n|\n|-weather|RainDance|[upkeep]\n|-heal|p2a: Magearna|65\/100|[from] item: Leftovers\n|-heal|p1a: take a wizz|89\/100|[from] item: Leftovers\n|-fieldend|move: Electric Terrain\n|upkeep\n|turn|14\n|\n|t:|1667265477\n|move|p2a: Magearna|Aura Sphere|p1a: take a wizz\n|-supereffective|p1a: take a wizz\n|-damage|p1a: take a wizz|35\/100\n|move|p1a: take a wizz|Leech Seed|p2a: Magearna\n|-start|p2a: Magearna|move: Leech Seed\n|\n|-weather|RainDance|[upkeep]\n|-heal|p2a: Magearna|71\/100|[from] item: Leftovers\n|-heal|p1a: take a wizz|42\/100|[from] item: Leftovers\n|-damage|p2a: Magearna|59\/100|[from] Leech Seed|[of] p1a: take a wizz\n|-heal|p1a: take a wizz|54\/100|[silent]\n|upkeep\n|turn|15\n|\n|t:|1667265493\n|switch|p1a: take a seat|Tapu Koko|59\/100\n|-fieldstart|move: Electric Terrain|[from] ability: Electric Surge|[of] p1a: take a seat\n|move|p2a: Magearna|Aura Sphere|p1a: take a seat\n|-resisted|p1a: take a seat\n|-damage|p1a: take a seat|25\/100\n|\n|-weather|RainDance|[upkeep]\n|-heal|p2a: Magearna|65\/100|[from] item: Leftovers\n|-damage|p2a: Magearna|53\/100|[from] Leech Seed|[of] p1a: take a seat\n|-heal|p1a: take a seat|41\/100|[silent]\n|upkeep\n|turn|16\n|inactive|BigChungusIsFunny! has 120 seconds left.\n|\n|t:|1667265520\n|move|p1a: take a seat|Volt Switch|p2a: Magearna\n|-crit|p2a: Magearna\n|-damage|p2a: Magearna|0 fnt\n|faint|p2a: Magearna\n|inactive|BigChungusIsFunny! has 120 seconds left.\n|\n|t:|1667265536\n|switch|p1a: Hawlucha|Hawlucha, F|100\/100|[from]move: Volt Switch\n|-enditem|p1a: Hawlucha|Electric Seed\n|-boost|p1a: Hawlucha|def|1|[from] item: Electric Seed\n|\n|-weather|RainDance|[upkeep]\n|upkeep\n|\n|t:|1667265541\n|switch|p2a: Charizard|Charizard, F|100\/100\n|turn|17\n|inactive|BigChungusIsFunny! has 120 seconds left.\n|c|\u2606BigChungusIsFunny!|epic minecraft gaming moment, to be sure\n|c|\u2606minecraftuprising|you have ligma\n|\n|t:|1667265554\n|detailschange|p2a: Charizard|Charizard-Mega-X, F\n|-mega|p2a: Charizard|Charizard|Charizardite X\n|move|p1a: Hawlucha|Swords Dance|p1a: Hawlucha\n|-boost|p1a: Hawlucha|atk|2\n|move|p2a: Charizard|Flare Blitz|p1a: Hawlucha\n|-damage|p1a: Hawlucha|59\/100\n|-status|p1a: Hawlucha|brn\n|-damage|p2a: Charizard|87\/100|[from] Recoil\n|\n|-weather|none\n|-damage|p1a: Hawlucha|53\/100 brn|[from] brn\n|upkeep\n|turn|18\n|c|\u2606BigChungusIsFunny!|who is steve jobs?\n|inactive|BigChungusIsFunny! has 120 seconds left.\n|\n|t:|1667265575\n|move|p1a: Hawlucha|Acrobatics|p2a: Charizard\n|-damage|p2a: Charizard|34\/100\n|move|p2a: Charizard|Dragon Dance|p2a: Charizard\n|-boost|p2a: Charizard|atk|1\n|-boost|p2a: Charizard|spe|1\n|\n|-damage|p1a: Hawlucha|47\/100 brn|[from] brn\n|upkeep\n|turn|19\n|\n|t:|1667265586\n|move|p1a: Hawlucha|Acrobatics|p2a: Charizard\n|-damage|p2a: Charizard|0 fnt\n|faint|p2a: Charizard\n|\n|-damage|p1a: Hawlucha|41\/100 brn|[from] brn\n|-fieldend|move: Electric Terrain\n|upkeep\n|\n|t:|1667265588\n|switch|p2a: Kommo-o|Kommo-o, M|100\/100\n|turn|20\n|-message|minecraftuprising forfeited.\n|\n|win|BigChungusIsFunny!\n|raw|BigChungusIsFunny!'s rating: 1652 &rarr; <strong>1670<\/strong><br \/>(+18 for winning)\n|raw|minecraftuprising's rating: 1625 &rarr; <strong>1607<\/strong><br \/>(-18 for losing)\n|l|\u2606minecraftuprising\n|c|\u2606BigChungusIsFunny!|gg\n||Ladder isn't responding, score probably updated but might not have (Request timeout).\n","uploadtime":1667265641,"views":15,"p1id":"bigchungusisfunny","p2id":"minecraftuprising","formatid":"gen7ou","rating":1607,"private":0,"password":null}