{"id":"gen7randombattle-1702404420","p1":"bruhmoment783","p2":"pdt","format":"gen7randombattle","log":"|j|\u2606bruhmoment783\n|j|\u2606pdt\n|inactive|Battle timer is ON: inactive players will automatically lose when time's up.\n|t:|1667548563\n|gametype|singles\n|player|p1|bruhmoment783|preschooler|\n|player|p2|pdt|#scl1islanders|\n|teamsize|p1|6\n|teamsize|p2|6\n|gen|7\n|tier|[Gen 7] Random Battle\n|rated|Tournament battle\n|rule|Sleep Clause Mod: Limit one foe put to sleep\n|rule|HP Percentage Mod: HP is shown in percentages\n|rule|Mega Rayquaza Clause: You cannot mega evolve Rayquaza\n|\n|t:|1667548563\n|start\n|switch|p1a: Vanilluxe|Vanilluxe, L86, M|262\/262\n|switch|p2a: Lycanroc|Lycanroc-Midnight, L88, F|293\/293\n|-weather|Hail|[from] ability: Snow Warning|[of] p1a: Vanilluxe\n|turn|1\n|j| ragasio\n|c|\u2606pdt|hf\n|c|\u2606bruhmoment783|whattup bossman\n|j|%articoo \u263e\n|j| C4RB0N\n|j| IamGBS\n|\n|t:|1667548584\n|move|p2a: Lycanroc|Stone Edge|p1a: Vanilluxe\n|-supereffective|p1a: Vanilluxe\n|-damage|p1a: Vanilluxe|10\/262\n|move|p1a: Vanilluxe|Autotomize|p1a: Vanilluxe\n|-boost|p1a: Vanilluxe|spe|2\n|-start|p1a: Vanilluxe|Autotomize\n|\n|-weather|Hail|[upkeep]\n|-damage|p2a: Lycanroc|275\/293|[from] Hail\n|upkeep\n|turn|2\n|\n|t:|1667548593\n|move|p2a: Lycanroc|Sucker Punch|p1a: Vanilluxe\n|-damage|p1a: Vanilluxe|0 fnt\n|faint|p1a: Vanilluxe\n|\n|-weather|Hail|[upkeep]\n|-damage|p2a: Lycanroc|257\/293|[from] Hail\n|upkeep\n|\n|t:|1667548599\n|switch|p1a: Hawlucha|Hawlucha, L80, M|256\/256\n|turn|3\n|j| Joyce C.\n|\n|t:|1667548611\n|move|p1a: Hawlucha|High Jump Kick|p2a: Lycanroc\n|-supereffective|p2a: Lycanroc\n|-damage|p2a: Lycanroc|0 fnt\n|faint|p2a: Lycanroc\n|\n|-weather|Hail|[upkeep]\n|-damage|p1a: Hawlucha|240\/256|[from] Hail\n|upkeep\n|j| sussy div\n|\n|t:|1667548622\n|switch|p2a: Vileplume|Vileplume, L86, M|269\/269\n|turn|4\n|\n|t:|1667548629\n|move|p1a: Hawlucha|Sky Attack||[still]\n|-prepare|p1a: Hawlucha|Sky Attack\n|-enditem|p1a: Hawlucha|Power Herb\n|-anim|p1a: Hawlucha|Sky Attack|p2a: Vileplume\n|-supereffective|p2a: Vileplume\n|-damage|p2a: Vileplume|23\/269\n|cant|p2a: Vileplume|flinch\n|\n|-weather|Hail|[upkeep]\n|-damage|p1a: Hawlucha|224\/256|[from] Hail\n|-damage|p2a: Vileplume|7\/269|[from] Hail\n|-heal|p2a: Vileplume|23\/269|[from] item: Black Sludge\n|upkeep\n|turn|5\n|c|\u2606pdt|thank u game\n|c|\u2606pdt|for giving me no switch in\n|j|%Yveltalrat@!\n|\n|t:|1667548648\n|move|p1a: Hawlucha|Acrobatics|p2a: Vileplume\n|-supereffective|p2a: Vileplume\n|-damage|p2a: Vileplume|0 fnt\n|faint|p2a: Vileplume\n|\n|-weather|none\n|upkeep\n|c|\u2606bruhmoment783|\"ur welcome\" - mr. nintendo\n|c|\u2606pdt|alright\n|c|\u2606pdt|time to dodge\n|\n|t:|1667548662\n|switch|p2a: Empoleon|Empoleon, L82, F|272\/272\n|turn|6\n|j| Bosanski\n|c|\u2606bruhmoment783|i dodged the draft once\n|\n|t:|1667548667\n|move|p1a: Hawlucha|High Jump Kick|p2a: Empoleon\n|-supereffective|p2a: Empoleon\n|-damage|p2a: Empoleon|18\/272\n|move|p2a: Empoleon|Hydro Pump|p1a: Hawlucha|[miss]\n|-miss|p2a: Empoleon|p1a: Hawlucha\n|\n|-heal|p2a: Empoleon|35\/272|[from] item: Leftovers\n|upkeep\n|turn|7\n|c|\u2606pdt|pls\n|\n|t:|1667548681\n|move|p1a: Hawlucha|Acrobatics|p2a: Empoleon\n|-resisted|p2a: Empoleon\n|-damage|p2a: Empoleon|0 fnt\n|faint|p2a: Empoleon\n|\n|upkeep\n|j| a deer\n|\n|t:|1667548687\n|switch|p2a: Vanilluxe|Vanilluxe, L86, M|262\/262\n|-weather|Hail|[from] ability: Snow Warning|[of] p2a: Vanilluxe\n|turn|8\n|c|\u2606pdt|ok now miss\n|\n|t:|1667548692\n|move|p1a: Hawlucha|High Jump Kick|p2a: Vanilluxe\n|-supereffective|p2a: Vanilluxe\n|-damage|p2a: Vanilluxe|16\/262\n|move|p2a: Vanilluxe|Blizzard|p1a: Hawlucha\n|-supereffective|p1a: Hawlucha\n|-damage|p1a: Hawlucha|0 fnt\n|faint|p1a: Hawlucha\n|-damage|p2a: Vanilluxe|0 fnt|[from] item: Life Orb\n|faint|p2a: Vanilluxe\n|\n|-weather|Hail|[upkeep]\n|upkeep\n|c|\u2606pdt|saved?\n|c|\u2606pdt|only took 4 pokemon\n|\n|t:|1667548702\n|switch|p1a: Arbok|Arbok, L88, F|249\/249\n|switch|p2a: Kabutops|Kabutops, L88, F|249\/249\n|-ability|p1a: Arbok|Intimidate|boost\n|-unboost|p2a: Kabutops|atk|1\n|turn|9\n|\n|t:|1667548710\n|move|p2a: Kabutops|Stone Edge|p1a: Arbok|[miss]\n|-miss|p2a: Kabutops|p1a: Arbok\n|move|p1a: Arbok|Earthquake|p2a: Kabutops\n|-supereffective|p2a: Kabutops\n|-damage|p2a: Kabutops|77\/249\n|-damage|p1a: Arbok|225\/249|[from] item: Life Orb\n|\n|-weather|Hail|[upkeep]\n|-damage|p2a: Kabutops|62\/249|[from] Hail\n|-damage|p1a: Arbok|210\/249|[from] Hail\n|upkeep\n|turn|10\n|c|\u2606pdt|pls game\n|c|%Yveltalrat|what mega do you least want them to pull out rn\n|c| Bosanski|skill issue\n|\n|t:|1667548720\n|move|p1a: Arbok|Sucker Punch|p2a: Kabutops\n|-damage|p2a: Kabutops|0 fnt\n|faint|p2a: Kabutops\n|-damage|p1a: Arbok|186\/249|[from] item: Life Orb\n|\n|-weather|Hail|[upkeep]\n|-damage|p1a: Arbok|171\/249|[from] Hail\n|upkeep\n|\n|t:|1667548724\n|switch|p2a: Lilligant|Lilligant, L88, F|266\/266\n|turn|11\n|c|%articoo \u263e|this is kinda\n|c|%articoo \u263e|horrifying ngl\n|c|\u2606pdt|ok here we go\n|\n|t:|1667548731\n|move|p2a: Lilligant|Sleep Powder|p1a: Arbok\n|-status|p1a: Arbok|slp|[from] move: Sleep Powder\n|cant|p1a: Arbok|slp\n|\n|-weather|Hail|[upkeep]\n|-damage|p2a: Lilligant|250\/266|[from] Hail\n|-damage|p1a: Arbok|156\/249 slp|[from] Hail\n|-heal|p2a: Lilligant|266\/266|[from] item: Leftovers\n|upkeep\n|turn|12\n|c|%Yveltalrat|shed skin let's go\n|\n|t:|1667548738\n|switch|p1a: Gengar|Gengar, L76, M|216\/216\n|move|p2a: Lilligant|Quiver Dance|p2a: Lilligant\n|-boost|p2a: Lilligant|spa|1\n|-boost|p2a: Lilligant|spd|1\n|-boost|p2a: Lilligant|spe|1\n|\n|-weather|none\n|upkeep\n|turn|13\n|\n|t:|1667548741\n|detailschange|p1a: Gengar|Gengar-Mega, L76, M\n|-mega|p1a: Gengar|Gengar|Gengarite\n|move|p2a: Lilligant|Quiver Dance|p2a: Lilligant\n|-boost|p2a: Lilligant|spa|1\n|-boost|p2a: Lilligant|spd|1\n|-boost|p2a: Lilligant|spe|1\n|move|p1a: Gengar|Sludge Wave|p2a: Lilligant\n|-supereffective|p2a: Lilligant\n|-damage|p2a: Lilligant|132\/266\n|\n|-heal|p2a: Lilligant|148\/266|[from] item: Leftovers\n|upkeep\n|turn|14\n|c|%Yveltalrat|nvm it's intimidate\n|\n|t:|1667548747\n|move|p2a: Lilligant|Petal Dance|p1a: Gengar\n|-resisted|p1a: Gengar\n|-damage|p1a: Gengar|60\/216\n|move|p1a: Gengar|Sludge Wave|p2a: Lilligant\n|-supereffective|p2a: Lilligant\n|-damage|p2a: Lilligant|10\/266\n|\n|-heal|p2a: Lilligant|26\/266|[from] item: Leftovers\n|upkeep\n|turn|15\n|j| GarboHanzo\n|c|\u2606pdt|chance\n|\n|t:|1667548754\n|move|p2a: Lilligant|Petal Dance|p1a: Gengar|[from]lockedmove\n|-resisted|p1a: Gengar\n|-damage|p1a: Gengar|0 fnt\n|faint|p1a: Gengar\n|\n|-heal|p2a: Lilligant|42\/266|[from] item: Leftovers\n|upkeep\n|\n|t:|1667548755\n|switch|p1a: Bastiodon|Bastiodon, L88, M|249\/249\n|-item|p1a: Bastiodon|Air Balloon\n|turn|16\n|c|\u2606pdt|unchance.\n|c|\u2606pdt|mf got a sturdy pokemon\n|c|%Yveltalrat|sturdy moment\n|\n|t:|1667548768\n|move|p2a: Lilligant|Petal Dance|p1a: Bastiodon|[from]lockedmove\n|-damage|p1a: Bastiodon|39\/249\n|-enditem|p1a: Bastiodon|Air Balloon\n|move|p1a: Bastiodon|Metal Burst|p2a: Lilligant\n|-damage|p2a: Lilligant|0 fnt\n|faint|p2a: Lilligant\n|\n|win|bruhmoment783\n|n|\u2606bruhmoment783|bruhmoment783\n|n|\u2606pdt|pdt\n|n| ragasio|ragasio\n|n|+articoo \u263e|articoo\n|n| C4RB0N|c4rb0n\n|n| IamGBS|iamgbs\n|n| Joyce C.|joycec\n|n| sussy div|sussydiv\n|n| Yveltalrat@!|yveltalrat\n|n| Bosanski|bosanski\n|n| a deer|adeer\n|n| GarboHanzo|garbohanzo\n","inputlog":">version 64bd7780963bb8912946b73c4d69c4a2054e31b7\n>start {\"formatid\":\"gen7randombattle\",\"seed\":[33664,38276,13174,31948],\"rated\":\"Tournament battle\"}\n>player p1 {\"name\":\"bruhmoment783\",\"avatar\":\"preschooler\",\"rating\":0,\"seed\":[57418,54149,39846,47289]}\n>player p2 {\"name\":\"pdt\",\"avatar\":\"#scl1islanders\",\"rating\":0,\"seed\":[37976,60310,61517,29901]}\n>chat \u2606pdt|hf\n>chat \u2606bruhmoment783|whattup bossman\n>p1 move autotomize\n>p2 move stoneedge\n>p1 move flashcannon\n>p2 move suckerpunch\n>p1 switch 6\n>p1 move highjumpkick\n>p2 move stoneedge zmove\n>p2 switch 2\n>p1 move skyattack\n>p2 move sludgebomb\n>chat \u2606pdt|thank u game\n>chat \u2606pdt|for giving me no switch in\n>p1 move acrobatics\n>p2 move strengthsap\n>chat \u2606bruhmoment783|\"ur welcome\" - mr. nintendo\n>chat \u2606pdt|alright\n>chat \u2606pdt|time to dodge\n>p2 switch 6\n>chat \u2606bruhmoment783|i dodged the draft once\n>p1 move highjumpkick\n>p2 move hydropump\n>chat \u2606pdt|.\n>chat \u2606pdt|pls\n>p1 move acrobatics\n>p2 move hydropump\n>p2 switch 3\n>chat \u2606pdt|ok now miss\n>p1 move highjumpkick\n>p2 move blizzard\n>chat \u2606pdt|saved?\n>chat \u2606pdt|only took 4 pokemon\n>p1 switch 4\n>p2 switch 5\n>p1 move earthquake\n>p2 move stoneedge\n>chat \u2606pdt|pls game\n>chat %Yveltalrat|what mega do you least want them to pull out rn \n>chat  Bosanski|skill issue\n>p1 move suckerpunch\n>p2 move stoneedge\n>p2 switch 4\n>chat %articoo \u263e|this is kinda\n>chat %articoo \u263e|horrifying ngl\n>chat \u2606pdt|ok here we go\n>p1 move gunkshot\n>p2 move sleeppowder\n>chat %Yveltalrat|shed skin let's go\n>p1 switch 2\n>p2 move quiverdance\n>p1 move sludgewave mega\n>p2 move quiverdance\n>chat %Yveltalrat|nvm it's intimidate\n>p1 move sludgewave\n>p2 move petaldance\n>chat \u2606pdt|chance\n>p1 move sludgewave\n>p2 move petaldance\n>p1 switch 3\n>chat \u2606pdt|unchance.\n>chat \u2606pdt|mf got a sturdy pokemon\n>chat %Yveltalrat|sturdy moment\n>p1 move metalburst\n>p2 move petaldance","uploadtime":1667548769,"views":6,"p1id":"bruhmoment783","p2id":"pdt","formatid":"gen7randombattle","rating":0,"private":0,"password":null}