{"id":"gen7ou-746237456","p1":"OGamer289","p2":"Confide_2_me","format":"gen7ou","log":"|j|\u2606OGamer289\n|j|\u2606Confide_2_me\n|player|p1|OGamer289|153\n|player|p2|Confide_2_me|80\n|teamsize|p1|6\n|teamsize|p2|6\n|gametype|singles\n|gen|7\n|tier|[Gen 7] OU\n|rated|\n|rule|Sleep Clause Mod: Limit one foe put to sleep\n|rule|Species Clause: Limit one of each Pok\u00e9mon\n|rule|OHKO Clause: OHKO moves are banned\n|rule|Moody Clause: Moody is banned\n|rule|Evasion Moves Clause: Evasion moves are banned\n|rule|Endless Battle Clause: Forcing endless battles is banned\n|rule|HP Percentage Mod: HP is shown in percentages\n|clearpoke\n|poke|p1|Greninja, M|item\n|poke|p1|Kyurem-Black|item\n|poke|p1|Heatran, M|item\n|poke|p1|Tapu Fini|item\n|poke|p1|Tangrowth, M|item\n|poke|p1|Gengar, M|item\n|poke|p2|Lopunny, M|item\n|poke|p2|Salamence, F|item\n|poke|p2|Magnezone|item\n|poke|p2|Toxapex, F|item\n|poke|p2|Chansey, F|item\n|poke|p2|Garchomp, M|item\n|teampreview\n|inactive|Battle timer is ON: inactive players will automatically lose when time's up. (requested by Confide_2_me)\n|\n|start\n|switch|p1a: Shinobi|Greninja, M, shiny|100\/100\n|switch|p2a: Magnezone|Magnezone|100\/100\n|-item|p2a: Magnezone|Air Balloon\n|turn|1\n|\n|switch|p1a: Mr. Lava Lava|Heatran, M|100\/100\n|move|p2a: Magnezone|Volt Switch|p1a: Mr. Lava Lava\n|-crit|p1a: Mr. Lava Lava\n|-damage|p1a: Mr. Lava Lava|49\/100\n|\n|switch|p2a: Chansey|Chansey, F|100\/100\n|\n|-heal|p1a: Mr. Lava Lava|55\/100|[from] item: Leftovers\n|upkeep\n|turn|2\n|\n|move|p1a: Mr. Lava Lava|Magma Storm|p2a: Chansey\n|-damage|p2a: Chansey|86\/100\n|-activate|p2a: Chansey|move: Magma Storm|[of] p1a: Mr. Lava Lava\n|move|p2a: Chansey|Stealth Rock|p1a: Mr. Lava Lava\n|-sidestart|p1: OGamer289|move: Stealth Rock\n|\n|-heal|p1a: Mr. Lava Lava|61\/100|[from] item: Leftovers\n|-damage|p2a: Chansey|73\/100|[from] move: Magma Storm|[partiallytrapped]\n|upkeep\n|turn|3\n|\n|move|p1a: Mr. Lava Lava|Stealth Rock|p2a: Chansey\n|-sidestart|p2: Confide_2_me|move: Stealth Rock\n|move|p2a: Chansey|Seismic Toss|p1a: Mr. Lava Lava\n|-damage|p1a: Mr. Lava Lava|35\/100\n|\n|-heal|p1a: Mr. Lava Lava|41\/100|[from] item: Leftovers\n|-damage|p2a: Chansey|61\/100|[from] move: Magma Storm|[partiallytrapped]\n|upkeep\n|turn|4\n|\n|move|p1a: Mr. Lava Lava|Toxic|p2a: Chansey\n|-status|p2a: Chansey|tox\n|move|p2a: Chansey|Thunder Wave|p1a: Mr. Lava Lava\n|-status|p1a: Mr. Lava Lava|par\n|\n|-heal|p1a: Mr. Lava Lava|47\/100 par|[from] item: Leftovers\n|-damage|p2a: Chansey|55\/100 tox|[from] psn\n|-damage|p2a: Chansey|42\/100 tox|[from] move: Magma Storm|[partiallytrapped]\n|upkeep\n|turn|5\n|\n|move|p1a: Mr. Lava Lava|Magma Storm|p2a: Chansey\n|-damage|p2a: Chansey|28\/100 tox\n|move|p2a: Chansey|Seismic Toss|p1a: Mr. Lava Lava\n|-damage|p1a: Mr. Lava Lava|20\/100 par\n|\n|-heal|p1a: Mr. Lava Lava|27\/100 par|[from] item: Leftovers\n|-damage|p2a: Chansey|15\/100 tox|[from] psn\n|-damage|p2a: Chansey|3\/100 tox|[from] move: Magma Storm|[partiallytrapped]\n|upkeep\n|turn|6\n|inactive|OGamer289 has 135 seconds left.\n|\n|switch|p1a: Gohstrider|Gengar, M, shiny|100\/100\n|-damage|p1a: Gohstrider|88\/100|[from] Stealth Rock\n|move|p2a: Chansey|Soft-Boiled|p2a: Chansey\n|-heal|p2a: Chansey|53\/100 tox\n|\n|-damage|p2a: Chansey|34\/100 tox|[from] psn\n|-end|p2a: Chansey|Magma Storm|[partiallytrapped]\n|upkeep\n|turn|7\n|\n|switch|p2a: Toxapex|Toxapex, F|100\/100\n|-damage|p2a: Toxapex|88\/100|[from] Stealth Rock\n|move|p1a: Gohstrider|Sludge Wave|p2a: Toxapex\n|-resisted|p2a: Toxapex\n|-damage|p2a: Toxapex|68\/100\n|\n|-heal|p2a: Toxapex|74\/100|[from] item: Black Sludge\n|upkeep\n|turn|8\n|\n|switch|p1a: black|Kyurem-Black|100\/100\n|-damage|p1a: black|76\/100|[from] Stealth Rock\n|-ability|p1a: black|Teravolt\n|switch|p2a: Magnezone|Magnezone|100\/100\n|-damage|p2a: Magnezone|94\/100|[from] Stealth Rock\n|-item|p2a: Magnezone|Air Balloon\n|\n|upkeep\n|turn|9\n|inactive|Confide_2_me has 135 seconds left.\n|\n|move|p1a: black|Hidden Power|p2a: Magnezone\n|-supereffective|p2a: Magnezone\n|-damage|p2a: Magnezone|55\/100\n|-enditem|p2a: Magnezone|Air Balloon\n|move|p2a: Magnezone|Flash Cannon|p1a: black\n|-supereffective|p1a: black\n|-damage|p1a: black|0 fnt\n|faint|p1a: black\n|\n|upkeep\n|inactive|OGamer289 has 135 seconds left.\n|\n|switch|p1a: lianen|Tangrowth, M|100\/100\n|-damage|p1a: lianen|88\/100|[from] Stealth Rock\n|turn|10\n|\n|move|p2a: Magnezone|Volt Switch|p1a: lianen\n|-resisted|p1a: lianen\n|-damage|p1a: lianen|75\/100\n|\n|switch|p2a: Toxapex|Toxapex, F|100\/100\n|-damage|p2a: Toxapex|88\/100|[from] Stealth Rock\n|move|p1a: lianen|Earthquake|p2a: Toxapex\n|-supereffective|p2a: Toxapex\n|-damage|p2a: Toxapex|59\/100\n|\n|-heal|p2a: Toxapex|65\/100|[from] item: Black Sludge\n|upkeep\n|turn|11\n|\n|move|p1a: lianen|Knock Off|p2a: Toxapex\n|-damage|p2a: Toxapex|51\/100\n|-enditem|p2a: Toxapex|Black Sludge|[from] move: Knock Off|[of] p1a: lianen\n|move|p2a: Toxapex|Toxic|p1a: lianen\n|-status|p1a: lianen|tox\n|\n|-damage|p1a: lianen|69\/100 tox|[from] psn\n|upkeep\n|turn|12\n|inactive|Confide_2_me has 135 seconds left.\n|inactive|Confide_2_me has 120 seconds left.\n|\n|switch|p1a: Gohstrider|Gengar, M, shiny|88\/100\n|-damage|p1a: Gohstrider|76\/100|[from] Stealth Rock\n|move|p2a: Toxapex|Recover|p2a: Toxapex\n|-heal|p2a: Toxapex|100\/100\n|\n|upkeep\n|turn|13\n|\n|move|p1a: Gohstrider|Thunder|p2a: Toxapex\n|-supereffective|p2a: Toxapex\n|-damage|p2a: Toxapex|43\/100\n|move|p2a: Toxapex|Scald|p1a: Gohstrider\n|-damage|p1a: Gohstrider|49\/100\n|-status|p1a: Gohstrider|brn\n|\n|-damage|p1a: Gohstrider|43\/100 brn|[from] brn\n|upkeep\n|turn|14\n|\n|switch|p1a: Aqua|Tapu Fini|100\/100\n|-damage|p1a: Aqua|88\/100|[from] Stealth Rock\n|-fieldstart|move: Misty Terrain|[from] ability: Misty Surge|[of] p1a: Aqua\n|switch|p2a: Chansey|Chansey, F|34\/100\n|-damage|p2a: Chansey|22\/100|[from] Stealth Rock\n|\n|-heal|p1a: Aqua|94\/100|[from] item: Leftovers\n|upkeep\n|turn|15\n|inactive|OGamer289 has 135 seconds left.\n|\n|move|p1a: Aqua|Moonblast|p2a: Chansey\n|-damage|p2a: Chansey|12\/100\n|move|p2a: Chansey|Soft-Boiled|p2a: Chansey\n|-heal|p2a: Chansey|62\/100\n|\n|-heal|p1a: Aqua|100\/100|[from] item: Leftovers\n|upkeep\n|turn|16\n|\n|move|p1a: Aqua|Nature's Madness|p2a: Chansey\n|-damage|p2a: Chansey|31\/100\n|move|p2a: Chansey|Soft-Boiled|p2a: Chansey\n|-heal|p2a: Chansey|81\/100\n|\n|upkeep\n|turn|17\n|\n|move|p1a: Aqua|Nature's Madness|p2a: Chansey\n|-damage|p2a: Chansey|41\/100\n|move|p2a: Chansey|Seismic Toss|p1a: Aqua\n|-damage|p1a: Aqua|71\/100\n|\n|-heal|p1a: Aqua|77\/100|[from] item: Leftovers\n|upkeep\n|turn|18\n|\n|switch|p1a: Mr. Lava Lava|Heatran, M|27\/100 par\n|-damage|p1a: Mr. Lava Lava|14\/100 par|[from] Stealth Rock\n|move|p2a: Chansey|Soft-Boiled|p2a: Chansey\n|-heal|p2a: Chansey|91\/100\n|\n|-heal|p1a: Mr. Lava Lava|20\/100 par|[from] item: Leftovers\n|-fieldend|Misty Terrain\n|upkeep\n|turn|19\n|\n|move|p1a: Mr. Lava Lava|Toxic|p2a: Chansey\n|-status|p2a: Chansey|tox\n|move|p2a: Chansey|Seismic Toss|p1a: Mr. Lava Lava\n|-damage|p1a: Mr. Lava Lava|0 fnt\n|faint|p1a: Mr. Lava Lava\n|\n|-damage|p2a: Chansey|85\/100 tox|[from] psn\n|upkeep\n|inactive|OGamer289 has 135 seconds left.\n|inactive|OGamer289 has 120 seconds left.\n|inactive|OGamer289 has 105 seconds left.\n|\n|switch|p1a: lianen|Tangrowth, M|100\/100 tox\n|-damage|p1a: lianen|88\/100 tox|[from] Stealth Rock\n|turn|20\n|\n|-curestatus|p2a: Chansey|tox|[from] ability: Natural Cure\n|switch|p2a: Salamence|Salamence, F|100\/100\n|-damage|p2a: Salamence|76\/100|[from] Stealth Rock\n|move|p1a: lianen|Knock Off|p2a: Salamence\n|-damage|p2a: Salamence|56\/100\n|\n|-damage|p1a: lianen|82\/100 tox|[from] psn\n|upkeep\n|turn|21\n|\n|switch|p1a: Aqua|Tapu Fini|77\/100\n|-damage|p1a: Aqua|65\/100|[from] Stealth Rock\n|-fieldstart|move: Misty Terrain|[from] ability: Misty Surge|[of] p1a: Aqua\n|move|p2a: Salamence|Dragon Dance|p2a: Salamence\n|-boost|p2a: Salamence|atk|1\n|-boost|p2a: Salamence|spe|1\n|\n|-heal|p1a: Aqua|71\/100|[from] item: Leftovers\n|upkeep\n|turn|22\n|\n|-zpower|p2a: Salamence\n|move|p2a: Salamence|Supersonic Skystrike|p1a: Aqua|[zeffect]\n|-damage|p1a: Aqua|0 fnt\n|faint|p1a: Aqua\n|-ability|p2a: Salamence|Moxie|boost\n|-boost|p2a: Salamence|atk|1\n|\n|upkeep\n|\n|switch|p1a: lianen|Tangrowth, M|100\/100 tox\n|-damage|p1a: lianen|88\/100 tox|[from] Stealth Rock\n|turn|23\n|\n|move|p2a: Salamence|Fly|p1a: lianen|[still]\n|-prepare|p2a: Salamence|Fly|p1a: lianen\n|move|p1a: lianen|Knock Off|p2a: Salamence|[miss]\n|-miss|p1a: lianen|p2a: Salamence\n|\n|-damage|p1a: lianen|82\/100 tox|[from] psn\n|upkeep\n|turn|24\n|\n|move|p2a: Salamence|Fly|p1a: lianen|[from]lockedmove\n|-supereffective|p1a: lianen\n|-damage|p1a: lianen|0 fnt\n|faint|p1a: lianen\n|-ability|p2a: Salamence|Moxie|boost\n|-boost|p2a: Salamence|atk|1\n|\n|upkeep\n|c|\u2606Confide_2_me|Gg\n|\n|switch|p1a: Gohstrider|Gengar, M, shiny|43\/100 brn\n|-damage|p1a: Gohstrider|31\/100 brn|[from] Stealth Rock\n|turn|25\n|\n|move|p1a: Gohstrider|Sludge Wave|p2a: Salamence\n|-damage|p2a: Salamence|0 fnt\n|faint|p2a: Salamence\n|\n|-damage|p1a: Gohstrider|24\/100 brn|[from] brn\n|-fieldend|Misty Terrain\n|upkeep\n|\n|switch|p2a: Magnezone|Magnezone|55\/100\n|-damage|p2a: Magnezone|49\/100|[from] Stealth Rock\n|turn|26\n|\n|switch|p1a: Shinobi|Greninja, M, shiny|100\/100\n|-damage|p1a: Shinobi|88\/100|[from] Stealth Rock\n|move|p2a: Magnezone|Volt Switch|p1a: Shinobi\n|-supereffective|p1a: Shinobi\n|-damage|p1a: Shinobi|0 fnt\n|faint|p1a: Shinobi\n|inactive|Confide_2_me has 135 seconds left.\n|\n|switch|p2a: Lopunny|Lopunny, M|100\/100\n|-damage|p2a: Lopunny|88\/100|[from] Stealth Rock\n|\n|upkeep\n|\n|switch|p1a: Gohstrider|Gengar, M, shiny|24\/100 brn\n|-damage|p1a: Gohstrider|12\/100 brn|[from] Stealth Rock\n|turn|27\n|-message|OGamer289 forfeited.\n|\n|win|Confide_2_me\n|l|\u2606OGamer289\n|raw|OGamer289's rating: 1277 &rarr; <strong>1251<\/strong><br \/>(-26 for losing)\n|raw|Confide_2_me's rating: 1269 &rarr; <strong>1295<\/strong><br \/>(+26 for winning)\n","inputlog":null,"uploadtime":1526124493,"views":4,"p1id":"ogamer289","p2id":"confide2me","formatid":"gen7ou","rating":1251,"private":0,"password":null}