{"id":"gen7randombattle-1131969320","p1":"BaddyGames","p2":"Wacro","format":"gen7randombattle","log":"|j|\u2606BaddyGames\n|j|\u2606Wacro\n|player|p1|BaddyGames|275|\n|player|p2|Wacro|swimmer|\n|teamsize|p1|6\n|teamsize|p2|6\n|gametype|singles\n|gen|7\n|tier|[Gen 7] Random Battle\n|rule|Sleep Clause Mod: Limit one foe put to sleep\n|rule|HP Percentage Mod: HP is shown in percentages\n|\n|start\n|switch|p1a: Venusaur|Venusaur, L82, F|265\/265\n|switch|p2a: Dugtrio|Dugtrio-Alola, L88, M|205\/205\n|turn|1\n|c|\u2606BaddyGames|hf\n|\n|move|p2a: Dugtrio|Iron Head|p1a: Venusaur\n|-damage|p1a: Venusaur|168\/265\n|move|p1a: Venusaur|Hidden Power|p2a: Dugtrio\n|-supereffective|p2a: Dugtrio\n|-damage|p2a: Dugtrio|117\/205\n|\n|upkeep\n|turn|2\n|\n|move|p2a: Dugtrio|Iron Head|p1a: Venusaur\n|-damage|p1a: Venusaur|56\/265\n|cant|p1a: Venusaur|flinch\n|\n|upkeep\n|turn|3\n|c|\u2606Wacro|Gl\n|\n|switch|p1a: Scizor|Scizor, L82, F|249\/249\n|move|p2a: Dugtrio|Sucker Punch||[still]\n|-fail|p2a: Dugtrio\n|\n|upkeep\n|turn|4\n|\n|switch|p2a: Flareon|Flareon, L88, M|258\/258\n|move|p1a: Scizor|Swords Dance|p1a: Scizor\n|-boost|p1a: Scizor|atk|2\n|\n|-status|p2a: Flareon|tox|[from] item: Toxic Orb\n|upkeep\n|turn|5\n|\n|switch|p1a: Tapu Lele|Tapu Lele, L80|243\/243\n|-fieldstart|move: Psychic Terrain|[from] ability: Psychic Surge|[of] p1a: Tapu Lele\n|move|p2a: Flareon|Flare Blitz|p1a: Tapu Lele\n|-damage|p1a: Tapu Lele|0 fnt\n|-damage|p2a: Flareon|178\/258 tox|[from] Recoil\n|faint|p1a: Tapu Lele\n|\n|-damage|p2a: Flareon|162\/258 tox|[from] psn\n|upkeep\n|\n|switch|p1a: Floette|Floette-Eternal, L80, F|250\/250\n|turn|6\n|\n|move|p2a: Flareon|Quick Attack|p1a: Floette\n|-activate|p1a: Floette|move: Psychic Terrain\n|move|p1a: Floette|Psychic|p2a: Flareon\n|-damage|p2a: Flareon|29\/258 tox\n|\n|-damage|p2a: Flareon|0 fnt|[from] psn\n|faint|p2a: Flareon\n|upkeep\n|c|\u2606Wacro|Oh\n|c|\u2606Wacro|Ffs\n|\n|switch|p2a: Dugtrio|Dugtrio-Alola, L88, M|117\/205\n|turn|7\n|\n|switch|p1a: Scizor|Scizor, L82, F|249\/249\n|move|p2a: Dugtrio|Earthquake|p1a: Scizor\n|-damage|p1a: Scizor|141\/249\n|\n|upkeep\n|turn|8\n|\n|move|p2a: Dugtrio|Earthquake|p1a: Scizor\n|-damage|p1a: Scizor|20\/249\n|move|p1a: Scizor|Superpower|p2a: Dugtrio\n|-supereffective|p2a: Dugtrio\n|-damage|p2a: Dugtrio|0 fnt\n|-unboost|p1a: Scizor|atk|1\n|-unboost|p1a: Scizor|def|1\n|-ability|p2a: Dugtrio|Tangling Hair\n|-unboost|p1a: Scizor|spe|1\n|-damage|p1a: Scizor|0 fnt|[from] item: Life Orb\n|faint|p2a: Dugtrio\n|faint|p1a: Scizor\n|\n|upkeep\n|\n|switch|p2a: Houndoom|Houndoom, L84, F|263\/263\n|switch|p1a: Venusaur|Venusaur, L82, F|56\/265\n|turn|9\n|\n|detailschange|p2a: Houndoom|Houndoom-Mega, L84, F\n|-mega|p2a: Houndoom|Houndoom|Houndoominite\n|move|p2a: Houndoom|Fire Blast|p1a: Venusaur\n|-supereffective|p1a: Venusaur\n|-damage|p1a: Venusaur|0 fnt\n|faint|p1a: Venusaur\n|\n|-fieldend|move: Psychic Terrain\n|upkeep\n|\n|switch|p1a: Cacturne|Cacturne, L88, M|266\/266\n|turn|10\n|\n|move|p2a: Houndoom|Fire Blast|p1a: Cacturne|[miss]\n|-miss|p2a: Houndoom|p1a: Cacturne\n|move|p1a: Cacturne|Drain Punch|p2a: Houndoom\n|-supereffective|p2a: Houndoom\n|-damage|p2a: Houndoom|78\/263\n|-damage|p1a: Cacturne|240\/266|[from] item: Life Orb\n|\n|upkeep\n|turn|11\n|c|\u2606Wacro|Nooo\n|\n|move|p2a: Houndoom|Fire Blast|p1a: Cacturne\n|-supereffective|p1a: Cacturne\n|-damage|p1a: Cacturne|0 fnt\n|faint|p1a: Cacturne\n|\n|upkeep\n|\n|switch|p1a: Floette|Floette-Eternal, L80, F|250\/250\n|turn|12\n|\n|move|p2a: Houndoom|Fire Blast|p1a: Floette\n|-damage|p1a: Floette|136\/250\n|move|p1a: Floette|Moonblast|p2a: Houndoom\n|-crit|p2a: Houndoom\n|-damage|p2a: Houndoom|0 fnt\n|faint|p2a: Houndoom\n|\n|upkeep\n|\n|switch|p2a: Empoleon|Empoleon, L82, M|272\/272\n|turn|13\n|\n|switch|p1a: Exeggutor|Exeggutor-Alola, L86, M|304\/304\n|-item|p2a: Empoleon|Life Orb|[from] ability: Frisk|[of] p1a: Exeggutor|[identify]\n|move|p2a: Empoleon|Flash Cannon|p1a: Exeggutor\n|-damage|p1a: Exeggutor|187\/304\n|-damage|p2a: Empoleon|245\/272|[from] item: Life Orb\n|\n|upkeep\n|turn|14\n|\n|move|p1a: Exeggutor|Giga Drain|p2a: Empoleon\n|-damage|p2a: Empoleon|115\/272\n|-heal|p1a: Exeggutor|252\/304|[from] drain|[of] p2a: Empoleon\n|move|p2a: Empoleon|Roar|p1a: Exeggutor\n|drag|p1a: Floette|Floette-Eternal, L80, F|136\/250\n|\n|upkeep\n|turn|15\n|\n|move|p1a: Floette|Hidden Power|p2a: Empoleon\n|-supereffective|p2a: Empoleon\n|-damage|p2a: Empoleon|0 fnt\n|faint|p2a: Empoleon\n|\n|upkeep\n|\n|switch|p2a: Whimsicott|Whimsicott, L86, M|243\/243\n|turn|16\n|\n|switch|p1a: Exeggutor|Exeggutor-Alola, L86, M|252\/304\n|-item|p2a: Whimsicott|Leftovers|[from] ability: Frisk|[of] p1a: Exeggutor|[identify]\n|move|p2a: Whimsicott|Moonblast|p1a: Exeggutor\n|-supereffective|p1a: Exeggutor\n|-damage|p1a: Exeggutor|64\/304\n|\n|upkeep\n|turn|17\n|\n|move|p2a: Whimsicott|Moonblast|p1a: Exeggutor\n|-supereffective|p1a: Exeggutor\n|-damage|p1a: Exeggutor|0 fnt\n|faint|p1a: Exeggutor\n|\n|upkeep\n|\n|switch|p1a: Floette|Floette-Eternal, L80, F|136\/250\n|turn|18\n|\n|move|p2a: Whimsicott|Moonblast|p1a: Floette\n|-damage|p1a: Floette|61\/250\n|move|p1a: Floette|Moonblast|p2a: Whimsicott\n|-damage|p2a: Whimsicott|72\/243\n|\n|-heal|p2a: Whimsicott|87\/243|[from] item: Leftovers\n|upkeep\n|turn|19\n|c|\u2606BaddyGames|gg\n|\n|move|p2a: Whimsicott|Moonblast|p1a: Floette\n|-damage|p1a: Floette|0 fnt\n|faint|p1a: Floette\n|\n|win|Wacro\n","inputlog":">version e1649a2dfaa61a80f5a5f70e20f6f26ae4cc4115\n>version-origin 70ab234f1d71fd2bc2b4c543cd0d0a1110b8e06b\n>start {\"formatid\":\"gen7randombattle\",\"seed\":[61758,40661,5558,64653]}\n>player p1 {\"name\":\"BaddyGames\",\"avatar\":\"275\",\"team\":\"\",\"rating\":0,\"seed\":[35902,40459,11959,54814]}\n>player p2 {\"name\":\"Wacro\",\"avatar\":\"swimmer\",\"team\":\"\",\"rating\":0,\"seed\":[18574,46628,59824,22582]}\n>p1 move hiddenpower\n>p2 move ironhead\n>p1 move synthesis\n>p2 move ironhead\n>p1 switch 3\n>p2 move suckerpunch\n>p1 move swordsdance\n>p2 switch 6\n>p1 switch 6\n>p2 move flareblitz\n>p1 switch 5\n>p1 move psychic\n>p2 move quickattack\n>p2 switch 6\n>p1 switch 6\n>p2 move earthquake\n>p1 move superpower\n>p2 move earthquake\n>p1 switch 3\n>p2 switch 2\n>p1 move synthesis\n>p2 move fireblast mega\n>p1 switch 2\n>p1 move drainpunch\n>p2 move fireblast\n>p1 move drainpunch\n>p2 move fireblast\n>p1 switch 6\n>p1 move moonblast\n>p2 move fireblast\n>p2 switch 4\n>p1 switch 4\n>p2 move flashcannon\n>p1 move gigadrain\n>p2 move roar\n>p1 move hiddenpower\n>p2 move flashcannon\n>p2 switch 5\n>p1 switch 4\n>p2 move moonblast\n>p1 move flamethrower\n>p2 move moonblast\n>p1 switch 4\n>p1 move moonblast\n>p2 move moonblast\n>p1 move moonblast\n>p2 move moonblast","uploadtime":1592056316,"views":4,"p1id":"baddygames","p2id":"wacro","formatid":"gen7randombattle","rating":0,"private":0,"password":null}