{"id":"gen7ou-921226640","p1":"Ban Lando t guy jk","p2":"Kommo-On And Slam","format":"gen7ou","log":"|j|\u2606Ban Lando t guy jk\n|j|\u2606Kommo-On And Slam\n|player|p1|Ban Lando t guy jk|247\n|player|p2|Kommo-On And Slam|136\n|teamsize|p1|6\n|teamsize|p2|6\n|gametype|singles\n|gen|7\n|tier|[Gen 7] OU\n|rated|\n|rule|Sleep Clause Mod: Limit one foe put to sleep\n|rule|Species Clause: Limit one of each Pok\u00e9mon\n|rule|OHKO Clause: OHKO moves are banned\n|rule|Moody Clause: Moody is banned\n|rule|Evasion Moves Clause: Evasion moves are banned\n|rule|Endless Battle Clause: Forcing endless battles is banned\n|rule|HP Percentage Mod: HP is shown in percentages\n|clearpoke\n|poke|p1|Hawlucha, M|item\n|poke|p1|Swampert, F|item\n|poke|p1|Ferrothorn, M|item\n|poke|p1|Pelipper, F|item\n|poke|p1|Tapu Koko|item\n|poke|p1|Greninja, M|item\n|poke|p2|Tapu Lele|item\n|poke|p2|Tapu Koko|item\n|poke|p2|Manectric, F|item\n|poke|p2|Landorus-Therian, M|item\n|poke|p2|Magearna|item\n|poke|p2|Kommo-o, M|item\n|teampreview\n|inactive|Battle timer is ON: inactive players will automatically lose when time's up. (requested by Ban Lando t guy jk)\n|\n|start\n|switch|p1a: Nappy is trash|Pelipper, F|323\/323\n|switch|p2a: Lightning|Manectric, F|281\/281\n|-weather|RainDance|[from] ability: Drizzle|[of] p1a: Nappy is trash\n|turn|1\n|c|\u2606Ban Lando t guy jk|i like your team\n|\n|switch|p1a: Let get Bluff|Swampert, F|341\/341\n|detailschange|p2a: Lightning|Manectric-Mega, F\n|-mega|p2a: Lightning|Manectric|Manectite\n|-ability|p2a: Lightning|Intimidate|boost\n|-unboost|p1a: Let get Bluff|atk|1\n|move|p2a: Lightning|Volt Switch|p1a: Let get Bluff\n|-immune|p1a: Let get Bluff\n|\n|-weather|RainDance|[upkeep]\n|upkeep\n|turn|2\n|c|\u2606Kommo-On And Slam|thanks I stole it off the smogon forums\n|\n|switch|p2a: Nature|Kommo-o, M|354\/354\n|detailschange|p1a: Let get Bluff|Swampert-Mega, F\n|-mega|p1a: Let get Bluff|Swampert|Swampertite\n|move|p1a: Let get Bluff|Power-Up Punch|p2a: Nature\n|-damage|p2a: Nature|320\/354\n|-boost|p1a: Let get Bluff|atk|1\n|\n|-weather|RainDance|[upkeep]\n|-heal|p2a: Nature|342\/354|[from] item: Leftovers\n|upkeep\n|turn|3\n|\n|move|p1a: Let get Bluff|Ice Punch|p2a: Nature\n|-supereffective|p2a: Nature\n|-damage|p2a: Nature|160\/354\n|move|p2a: Nature|Toxic|p1a: Let get Bluff\n|-status|p1a: Let get Bluff|tox\n|\n|-weather|RainDance|[upkeep]\n|-heal|p2a: Nature|182\/354|[from] item: Leftovers\n|-damage|p1a: Let get Bluff|320\/341 tox|[from] psn\n|upkeep\n|turn|4\n|\n|move|p2a: Nature|Protect|p2a: Nature\n|-singleturn|p2a: Nature|Protect\n|move|p1a: Let get Bluff|Waterfall|p2a: Nature\n|-activate|p2a: Nature|move: Protect\n|\n|-weather|RainDance|[upkeep]\n|-heal|p2a: Nature|204\/354|[from] item: Leftovers\n|-damage|p1a: Let get Bluff|278\/341 tox|[from] psn\n|upkeep\n|turn|5\n|\n|switch|p1a: Tapu Koko|Tapu Koko|281\/281\n|-fieldstart|move: Electric Terrain|[from] ability: Electric Surge|[of] p1a: Tapu Koko\n|switch|p2a: Lightning|Manectric-Mega, F|281\/281\n|-ability|p2a: Lightning|Intimidate|boost\n|-unboost|p1a: Tapu Koko|atk|1\n|\n|-weather|RainDance|[upkeep]\n|upkeep\n|turn|6\n|c|\u2606Ban Lando t guy jk|ya i seen it before stillcool\n|\n|switch|p2a: Clouds|Landorus-Therian, M|319\/319\n|-ability|p2a: Clouds|Intimidate|boost\n|-unboost|p1a: Tapu Koko|atk|1\n|-zpower|p1a: Tapu Koko\n|move|p1a: Tapu Koko|Twinkle Tackle|p2a: Clouds|[zeffect]\n|-damage|p2a: Clouds|37\/319\n|\n|-weather|RainDance|[upkeep]\n|upkeep\n|turn|7\n|\n|switch|p1a: Hey|Ferrothorn, M|352\/352\n|move|p2a: Clouds|U-turn|p1a: Hey\n|-damage|p1a: Hey|289\/352\n|-damage|p2a: Clouds|0 fnt|[from] ability: Iron Barbs|[of] p1a: Hey\n|faint|p2a: Clouds\n|\n|-weather|RainDance|[upkeep]\n|-heal|p1a: Hey|311\/352|[from] item: Leftovers\n|upkeep\n|\n|switch|p2a: Nature|Kommo-o, M|204\/354\n|turn|8\n|\n|move|p2a: Nature|Drain Punch|p1a: Hey\n|-supereffective|p1a: Hey\n|-damage|p1a: Hey|191\/352\n|-heal|p2a: Nature|264\/354|[from] drain|[of] p1a: Hey\n|-damage|p2a: Nature|220\/354|[from] ability: Iron Barbs|[of] p1a: Hey\n|move|p1a: Hey|Thunder Wave|p2a: Nature\n|-status|p2a: Nature|par\n|\n|-weather|none\n|-heal|p2a: Nature|242\/354 par|[from] item: Leftovers\n|-heal|p1a: Hey|213\/352|[from] item: Leftovers\n|upkeep\n|turn|9\n|\n|move|p2a: Nature|Stealth Rock|p1a: Hey\n|-sidestart|p1: Ban Lando t guy jk|move: Stealth Rock\n|move|p1a: Hey|Stealth Rock|p2a: Nature\n|-sidestart|p2: Kommo-On And Slam|move: Stealth Rock\n|\n|-heal|p2a: Nature|264\/354 par|[from] item: Leftovers\n|-heal|p1a: Hey|235\/352|[from] item: Leftovers\n|-fieldend|move: Electric Terrain\n|upkeep\n|turn|10\n|inactive|Kommo-On And Slam has 120 seconds left.\n|\n|switch|p1a: Tapu Koko|Tapu Koko|281\/281\n|-damage|p1a: Tapu Koko|246\/281|[from] Stealth Rock\n|-fieldstart|move: Electric Terrain|[from] ability: Electric Surge|[of] p1a: Tapu Koko\n|move|p2a: Nature|Drain Punch|p1a: Tapu Koko\n|-resisted|p1a: Tapu Koko\n|-damage|p1a: Tapu Koko|193\/281\n|-heal|p2a: Nature|291\/354 par|[from] drain|[of] p1a: Tapu Koko\n|\n|-heal|p2a: Nature|313\/354 par|[from] item: Leftovers\n|upkeep\n|turn|11\n|c|\u2606Ban Lando t guy jk|how do you like the team?\n|\n|switch|p2a: Technology|Magearna|363\/363\n|-damage|p2a: Technology|341\/363|[from] Stealth Rock\n|move|p1a: Tapu Koko|Dazzling Gleam|p2a: Technology\n|-resisted|p2a: Technology\n|-damage|p2a: Technology|315\/363\n|\n|upkeep\n|turn|12\n|c|\u2606Kommo-On And Slam|Tbh this is my first day playing OU\n|\n|move|p1a: Tapu Koko|Volt Switch|p2a: Technology\n|-damage|p2a: Technology|243\/363\n|\n|switch|p1a: Hey|Ferrothorn, M|235\/352\n|-damage|p1a: Hey|213\/352|[from] Stealth Rock\n|move|p2a: Technology|Volt Switch|p1a: Hey\n|-resisted|p1a: Hey\n|-damage|p1a: Hey|172\/352\n|\n|switch|p2a: Storm|Tapu Lele|281\/281\n|-damage|p2a: Storm|246\/281|[from] Stealth Rock\n|-fieldstart|move: Psychic Terrain|[from] ability: Psychic Surge|[of] p2a: Storm\n|\n|-heal|p1a: Hey|194\/352|[from] item: Leftovers\n|upkeep\n|turn|13\n|\n|move|p2a: Storm|Hidden Power|p1a: Hey\n|-supereffective|p1a: Hey\n|-damage|p1a: Hey|0 fnt\n|faint|p1a: Hey\n|\n|upkeep\n|\n|switch|p1a: Nappy is trash|Pelipper, F|323\/323\n|-damage|p1a: Nappy is trash|243\/323|[from] Stealth Rock\n|-weather|RainDance|[from] ability: Drizzle|[of] p1a: Nappy is trash\n|turn|14\n|\n|switch|p2a: Technology|Magearna|243\/363\n|-damage|p2a: Technology|221\/363|[from] Stealth Rock\n|move|p1a: Nappy is trash|U-turn|p2a: Technology\n|-resisted|p2a: Technology\n|-damage|p2a: Technology|215\/363\n|c|\u2606Ban Lando t guy jk|really\n|\n|switch|p1a: Let get Bluff|Swampert-Mega, F|278\/341 tox\n|-damage|p1a: Let get Bluff|257\/341 tox|[from] Stealth Rock\n|\n|-weather|RainDance|[upkeep]\n|-damage|p1a: Let get Bluff|236\/341 tox|[from] psn\n|upkeep\n|turn|15\n|\n|switch|p2a: Nature|Kommo-o, M|313\/354 par\n|-damage|p2a: Nature|291\/354 par|[from] Stealth Rock\n|move|p1a: Let get Bluff|Waterfall|p2a: Nature\n|-resisted|p2a: Nature\n|-damage|p2a: Nature|174\/354 par\n|\n|-weather|RainDance|[upkeep]\n|-heal|p2a: Nature|196\/354 par|[from] item: Leftovers\n|-damage|p1a: Let get Bluff|194\/341 tox|[from] psn\n|upkeep\n|turn|16\n|\n|switch|p1a: Tapu Koko|Tapu Koko|193\/281\n|-damage|p1a: Tapu Koko|158\/281|[from] Stealth Rock\n|-fieldstart|move: Electric Terrain|[from] ability: Electric Surge|[of] p1a: Tapu Koko\n|cant|p2a: Nature|par\n|\n|-weather|RainDance|[upkeep]\n|-heal|p2a: Nature|218\/354 par|[from] item: Leftovers\n|upkeep\n|turn|17\n|\n|move|p2a: Nature|Protect|p2a: Nature\n|-singleturn|p2a: Nature|Protect\n|move|p1a: Tapu Koko|Dazzling Gleam|p2a: Nature\n|-activate|p2a: Nature|move: Protect\n|\n|-weather|RainDance|[upkeep]\n|-heal|p2a: Nature|240\/354 par|[from] item: Leftovers\n|upkeep\n|turn|18\n|\n|switch|p2a: Technology|Magearna|215\/363\n|-damage|p2a: Technology|193\/363|[from] Stealth Rock\n|move|p1a: Tapu Koko|Volt Switch|p2a: Technology\n|-damage|p2a: Technology|123\/363\n|\n|switch|p1a: Let get Bluff|Swampert-Mega, F|194\/341 tox\n|-damage|p1a: Let get Bluff|173\/341 tox|[from] Stealth Rock\n|\n|-weather|RainDance|[upkeep]\n|-damage|p1a: Let get Bluff|152\/341 tox|[from] psn\n|upkeep\n|turn|19\n|\n|move|p1a: Let get Bluff|Earthquake|p2a: Technology\n|-supereffective|p2a: Technology\n|-damage|p2a: Technology|0 fnt\n|faint|p2a: Technology\n|\n|-weather|RainDance|[upkeep]\n|-damage|p1a: Let get Bluff|110\/341 tox|[from] psn\n|upkeep\n|\n|switch|p2a: Nature|Kommo-o, M|240\/354 par\n|-damage|p2a: Nature|218\/354 par|[from] Stealth Rock\n|turn|20\n|\n|switch|p1a: Tapu Koko|Tapu Koko|158\/281\n|-damage|p1a: Tapu Koko|123\/281|[from] Stealth Rock\n|cant|p2a: Nature|par\n|\n|-weather|RainDance|[upkeep]\n|-heal|p2a: Nature|240\/354 par|[from] item: Leftovers\n|-fieldend|move: Electric Terrain\n|upkeep\n|turn|21\n|\n|switch|p2a: Lightning|Manectric-Mega, F|281\/281\n|-damage|p2a: Lightning|246\/281|[from] Stealth Rock\n|-ability|p2a: Lightning|Intimidate|boost\n|-unboost|p1a: Tapu Koko|atk|1\n|move|p1a: Tapu Koko|Dazzling Gleam|p2a: Lightning\n|-damage|p2a: Lightning|99\/281\n|\n|-weather|none\n|upkeep\n|turn|22\n|\n|switch|p1a: Nappy is trash|Pelipper, F|243\/323\n|-damage|p1a: Nappy is trash|163\/323|[from] Stealth Rock\n|-weather|RainDance|[from] ability: Drizzle|[of] p1a: Nappy is trash\n|move|p2a: Lightning|Overheat|p1a: Nappy is trash\n|-resisted|p1a: Nappy is trash\n|-damage|p1a: Nappy is trash|120\/323\n|-unboost|p2a: Lightning|spa|2\n|\n|-weather|RainDance|[upkeep]\n|upkeep\n|turn|23\n|\n|switch|p1a: Let get Bluff|Swampert-Mega, F|110\/341 tox\n|-damage|p1a: Let get Bluff|89\/341 tox|[from] Stealth Rock\n|move|p2a: Lightning|Volt Switch|p1a: Let get Bluff\n|-immune|p1a: Let get Bluff\n|\n|-weather|RainDance|[upkeep]\n|-damage|p1a: Let get Bluff|68\/341 tox|[from] psn\n|upkeep\n|turn|24\n|\n|switch|p2a: Nature|Kommo-o, M|240\/354 par\n|-damage|p2a: Nature|218\/354 par|[from] Stealth Rock\n|move|p1a: Let get Bluff|Waterfall|p2a: Nature\n|-resisted|p2a: Nature\n|-damage|p2a: Nature|109\/354 par\n|\n|-weather|RainDance|[upkeep]\n|-heal|p2a: Nature|131\/354 par|[from] item: Leftovers\n|-damage|p1a: Let get Bluff|26\/341 tox|[from] psn\n|upkeep\n|turn|25\n|\n|move|p2a: Nature|Protect|p2a: Nature\n|-singleturn|p2a: Nature|Protect\n|move|p1a: Let get Bluff|Ice Punch|p2a: Nature\n|-activate|p2a: Nature|move: Protect\n|\n|-weather|RainDance|[upkeep]\n|-heal|p2a: Nature|153\/354 par|[from] item: Leftovers\n|-damage|p1a: Let get Bluff|0 fnt|[from] psn\n|faint|p1a: Let get Bluff\n|upkeep\n|\n|switch|p1a: Tapu Koko|Tapu Koko|123\/281\n|-damage|p1a: Tapu Koko|88\/281|[from] Stealth Rock\n|-fieldstart|move: Electric Terrain|[from] ability: Electric Surge|[of] p1a: Tapu Koko\n|turn|26\n|\n|switch|p2a: Thunder|Tapu Koko|281\/281\n|-damage|p2a: Thunder|246\/281|[from] Stealth Rock\n|move|p1a: Tapu Koko|Dazzling Gleam|p2a: Thunder\n|-damage|p2a: Thunder|99\/281\n|\n|-weather|RainDance|[upkeep]\n|upkeep\n|turn|27\n|\n|move|p1a: Tapu Koko|Dazzling Gleam|p2a: Thunder\n|-damage|p2a: Thunder|0 fnt\n|faint|p2a: Thunder\n|\n|-weather|RainDance|[upkeep]\n|upkeep\n|\n|switch|p2a: Lightning|Manectric-Mega, F|99\/281\n|-damage|p2a: Lightning|64\/281|[from] Stealth Rock\n|-ability|p2a: Lightning|Intimidate|boost\n|-unboost|p1a: Tapu Koko|atk|1\n|turn|28\n|\n|switch|p1a: Nappy is trash|Pelipper, F|120\/323\n|-damage|p1a: Nappy is trash|40\/323|[from] Stealth Rock\n|move|p2a: Lightning|Thunderbolt|p1a: Nappy is trash\n|-supereffective|p1a: Nappy is trash\n|-damage|p1a: Nappy is trash|0 fnt\n|faint|p1a: Nappy is trash\n|\n|-weather|RainDance|[upkeep]\n|upkeep\n|\n|switch|p1a: Greninja|Greninja, M|285\/285\n|-damage|p1a: Greninja|250\/285|[from] Stealth Rock\n|turn|29\n|\n|switch|p2a: Nature|Kommo-o, M|153\/354 par\n|-damage|p2a: Nature|131\/354 par|[from] Stealth Rock\n|move|p1a: Greninja|Dark Pulse|p2a: Nature\n|-resisted|p2a: Nature\n|-damage|p2a: Nature|71\/354 par\n|\n|-weather|none\n|-heal|p2a: Nature|93\/354 par|[from] item: Leftovers\n|upkeep\n|turn|30\n|\n|switch|p1a: Copy and PasteBirb|Hawlucha, M|321\/321\n|-damage|p1a: Copy and PasteBirb|281\/321|[from] Stealth Rock\n|-enditem|p1a: Copy and PasteBirb|Electric Seed\n|-boost|p1a: Copy and PasteBirb|def|1\n|move|p2a: Nature|Drain Punch|p1a: Copy and PasteBirb\n|-resisted|p1a: Copy and PasteBirb\n|-damage|p1a: Copy and PasteBirb|244\/321\n|-heal|p2a: Nature|112\/354 par|[from] drain|[of] p1a: Copy and PasteBirb\n|\n|-heal|p2a: Nature|134\/354 par|[from] item: Leftovers\n|-fieldend|move: Electric Terrain\n|upkeep\n|turn|31\n|\n|move|p1a: Copy and PasteBirb|Swords Dance|p1a: Copy and PasteBirb\n|-boost|p1a: Copy and PasteBirb|atk|2\n|move|p2a: Nature|Toxic|p1a: Copy and PasteBirb\n|-status|p1a: Copy and PasteBirb|tox\n|\n|-heal|p2a: Nature|156\/354 par|[from] item: Leftovers\n|-damage|p1a: Copy and PasteBirb|224\/321 tox|[from] psn\n|upkeep\n|turn|32\n|c|\u2606Ban Lando t guy jk|gg\n|\n|move|p1a: Copy and PasteBirb|Acrobatics|p2a: Nature\n|-supereffective|p2a: Nature\n|-damage|p2a: Nature|0 fnt\n|faint|p2a: Nature\n|\n|-damage|p1a: Copy and PasteBirb|184\/321 tox|[from] psn\n|upkeep\n|\n|switch|p2a: Lightning|Manectric-Mega, F|64\/281\n|-damage|p2a: Lightning|29\/281|[from] Stealth Rock\n|-ability|p2a: Lightning|Intimidate|boost\n|-unboost|p1a: Copy and PasteBirb|atk|1\n|turn|33\n|\n|switch|p2a: Storm|Tapu Lele|246\/281\n|-damage|p2a: Storm|211\/281|[from] Stealth Rock\n|-fieldstart|move: Psychic Terrain|[from] ability: Psychic Surge|[of] p2a: Storm\n|move|p1a: Copy and PasteBirb|Acrobatics|p2a: Storm\n|-damage|p2a: Storm|0 fnt\n|faint|p2a: Storm\n|\n|-damage|p1a: Copy and PasteBirb|124\/321 tox|[from] psn\n|upkeep\n|\n|switch|p2a: Lightning|Manectric-Mega, F|29\/281\n|-damage|p2a: Lightning|0 fnt|[from] Stealth Rock\n|faint|p2a: Lightning\n|\n|win|Ban Lando t guy jk\n|c|\u2606Kommo-On And Slam|gg\n|raw|Ban Lando t guy jk's rating: 1560 &rarr; <strong>1580<\/strong><br \/>(+20 for winning)\n|raw|Kommo-On And Slam's rating: 1552 &rarr; <strong>1532<\/strong><br \/>(-20 for losing)\n|c|\u2606Ban Lando t guy jk|you played well\n|c|\u2606Kommo-On And Slam|ty <3\n|c|\u2606Kommo-On And Slam|u 2\n|c|\u2606Ban Lando t guy jk|the parlyz\n|c|\u2606Ban Lando t guy jk|kind of help\n|c|\u2606Ban Lando t guy jk|and i wasnt relying on them\n|c|\u2606Kommo-On And Slam|Ah don't worry about it\n|c|\u2606Ban Lando t guy jk|i should of mot let swampert get toxic\n|c|\u2606Ban Lando t guy jk|kommo\n|c|\u2606Ban Lando t guy jk|is really starting be tiough to play\n|c|\u2606Ban Lando t guy jk|it has a few good sets\n|c|\u2606Kommo-On And Slam|I've been liking this set\n|c|\u2606Kommo-On And Slam|I usually play VGC so this semistally set is a refreshing change of pace\n|c|\u2606Ban Lando t guy jk|oh that cool\n|c|\u2606Ban Lando t guy jk|i never could get into vgc\n|c|\u2606Ban Lando t guy jk|always single\n|c|\u2606Ban Lando t guy jk|it cool seeing manetric\n|c|\u2606Ban Lando t guy jk|remind me 6 gen ou\n|c|\u2606Kommo-On And Slam|Manectric is pretty cool\n|c|\u2606Ban Lando t guy jk|a lot of 6 gen ou became 7 gen uu haha\n|c|\u2606Ban Lando t guy jk|well it was nice playing with you\n|c|\u2606Ban Lando t guy jk|nice from a lot of idiot on the ladder\n|c|\u2606Kommo-On And Slam|same for you my guy, have a nice day\/night\n|c|\u2606Ban Lando t guy jk|night here. good luck\n|c|\u2606Kommo-On And Slam|u 2\n","uploadtime":1559534132,"views":30,"p1id":"banlandotguyjk","p2id":"kommoonandslam","formatid":"gen7ou","rating":1532,"private":0,"password":null}