{"id":"gen7oublitz-968042676","p1":"Voltare","p2":"orangesss","format":"gen7oublitz","log":"|j|\u2606Voltare\n|j|\u2606orangesss\n|player|p1|Voltare|291|1532\n|player|p2|orangesss|164|1525\n|teamsize|p1|6\n|teamsize|p2|6\n|gametype|singles\n|gen|7\n|tier|[Gen 7] OU (Blitz)\n|rated|\n|rule|Sleep Clause Mod: Limit one foe put to sleep\n|rule|Species Clause: Limit one of each Pok\u00e9mon\n|rule|OHKO Clause: OHKO moves are banned\n|rule|Moody Clause: Moody is banned\n|rule|Evasion Moves Clause: Evasion moves are banned\n|rule|Endless Battle Clause: Forcing endless battles is banned\n|rule|HP Percentage Mod: HP is shown in percentages\n|clearpoke\n|poke|p1|Scolipede, M|item\n|poke|p1|Aerodactyl, F|item\n|poke|p1|Zapdos|item\n|poke|p1|Tyranitar, F|item\n|poke|p1|Tapu Lele|item\n|poke|p1|Greninja, M|item\n|poke|p2|Hawlucha, F|item\n|poke|p2|Swampert, M|item\n|poke|p2|Ferrothorn, M|item\n|poke|p2|Pelipper, F|item\n|poke|p2|Tapu Koko|item\n|poke|p2|Greninja, M|item\n|rule|Blitz: Super-fast timer\n|teampreview\n|inactive|Battle timer is ON: inactive players will automatically lose when time's up. (requested by orangesss)\n|\n|start\n|switch|p1a: Jan Pawel II|Scolipede, M|100\/100\n|switch|p2a: Hey|Ferrothorn, M|100\/100\n|turn|1\n|\n|move|p1a: Jan Pawel II|Toxic Spikes|p2a: Hey\n|-sidestart|p2: orangesss|move: Toxic Spikes\n|move|p2a: Hey|Stealth Rock|p1a: Jan Pawel II\n|-sidestart|p1: Voltare|move: Stealth Rock\n|\n|-ability|p1a: Jan Pawel II|Speed Boost|boost\n|-boost|p1a: Jan Pawel II|spe|1\n|upkeep\n|turn|2\n|\n|move|p1a: Jan Pawel II|Spikes|p2a: Hey\n|-sidestart|p2: orangesss|Spikes\n|move|p2a: Hey|Spikes|p1a: Jan Pawel II\n|-sidestart|p1: Voltare|Spikes\n|\n|-ability|p1a: Jan Pawel II|Speed Boost|boost\n|-boost|p1a: Jan Pawel II|spe|1\n|upkeep\n|turn|3\n|\n|move|p1a: Jan Pawel II|Spikes|p2a: Hey\n|-sidestart|p2: orangesss|Spikes\n|move|p2a: Hey|Gyro Ball|p1a: Jan Pawel II\n|-enditem|p1a: Jan Pawel II|Focus Sash\n|-damage|p1a: Jan Pawel II|1\/100\n|\n|-ability|p1a: Jan Pawel II|Speed Boost|boost\n|-boost|p1a: Jan Pawel II|spe|1\n|upkeep\n|turn|4\n|\n|move|p1a: Jan Pawel II|Endeavor|p2a: Hey\n|-damage|p2a: Hey|1\/100\n|-damage|p1a: Jan Pawel II|0 fnt|[from] ability: Iron Barbs|[of] p2a: Hey\n|faint|p1a: Jan Pawel II\n|move|p2a: Hey|Spikes|p1: Jan Pawel II\n|-sidestart|p1: Voltare|Spikes\n|\n|-heal|p2a: Hey|7\/100|[from] item: Leftovers\n|upkeep\n|inactive|Voltare has 10 seconds left.\n|\n|switch|p1a: Bob|Greninja, M|100\/100\n|-damage|p1a: Bob|88\/100|[from] Stealth Rock\n|-damage|p1a: Bob|72\/100|[from] Spikes\n|turn|5\n|inactive|Voltare has 10 seconds left.\n|\n|switch|p2a: K. Beats|Greninja, M|100\/100\n|-damage|p2a: K. Beats|84\/100|[from] Spikes\n|-status|p2a: K. Beats|psn\n|move|p1a: Bob|Hydro Pump|p2a: K. Beats\n|-resisted|p2a: K. Beats\n|-damage|p2a: K. Beats|23\/100 psn\n|\n|-damage|p2a: K. Beats|11\/100 psn|[from] psn\n|upkeep\n|turn|6\n|inactive|Voltare has 10 seconds left.\n|inactive|orangesss has 10 seconds left.\n|\n|-zpower|p2a: K. Beats\n|move|p2a: K. Beats|Tectonic Rage|p1a: Bob|[zeffect]\n|-start|p2a: K. Beats|typechange|Ground|[from] ability: Protean\n|-damage|p1a: Bob|0 fnt\n|faint|p1a: Bob\n|\n|-damage|p2a: K. Beats|0 fnt|[from] psn\n|faint|p2a: K. Beats\n|upkeep\n|inactive|Voltare has 10 seconds left.\n|inactive|orangesss has 10 seconds left.\n|\n|switch|p2a: Nappy is trash|Pelipper, F|100\/100\n|switch|p1a: Gray|Aerodactyl, F|100\/100\n|-ability|p1a: Gray|Unnerve|p2: orangesss\n|-damage|p1a: Gray|76\/100|[from] Stealth Rock\n|-weather|RainDance|[from] ability: Drizzle|[of] p2a: Nappy is trash\n|turn|7\n|\n|detailschange|p1a: Gray|Aerodactyl-Mega, F\n|-mega|p1a: Gray|Aerodactyl|Aerodactylite\n|move|p1a: Gray|Stone Edge|p2a: Nappy is trash|[miss]\n|-miss|p1a: Gray|p2a: Nappy is trash\n|move|p2a: Nappy is trash|U-turn|p1a: Gray\n|-resisted|p1a: Gray\n|-damage|p1a: Gray|71\/100\n|\n|switch|p2a: Let get Bluff|Swampert, M|100\/100|[from]move: U-turn\n|-damage|p2a: Let get Bluff|84\/100|[from] Spikes\n|-status|p2a: Let get Bluff|psn\n|\n|-weather|RainDance|[upkeep]\n|-damage|p2a: Let get Bluff|72\/100 psn|[from] psn\n|upkeep\n|turn|8\n|\n|switch|p1a: Billy|Tyranitar, F|100\/100\n|-damage|p1a: Billy|88\/100|[from] Stealth Rock\n|-damage|p1a: Billy|72\/100|[from] Spikes\n|-weather|Sandstorm|[from] ability: Sand Stream|[of] p1a: Billy\n|detailschange|p2a: Let get Bluff|Swampert-Mega, M\n|-mega|p2a: Let get Bluff|Swampert|Swampertite\n|move|p2a: Let get Bluff|Power-Up Punch|p1a: Billy\n|-supereffective|p1a: Billy\n|-damage|p1a: Billy|20\/100\n|-boost|p2a: Let get Bluff|atk|1\n|\n|-weather|Sandstorm|[upkeep]\n|-damage|p2a: Let get Bluff|59\/100 psn|[from] psn\n|upkeep\n|turn|9\n|inactive|Voltare has 10 seconds left.\n|inactive|orangesss has 10 seconds left.\n|inactive|Voltare has 5 seconds left.\n|\n|move|p2a: Let get Bluff|Waterfall|p1a: Billy\n|-supereffective|p1a: Billy\n|-damage|p1a: Billy|0 fnt\n|faint|p1a: Billy\n|\n|-weather|Sandstorm|[upkeep]\n|-damage|p2a: Let get Bluff|47\/100 psn|[from] psn\n|upkeep\n|inactive|Voltare has 10 seconds left this turn.\n|\n|switch|p1a: Mimi|Tapu Lele, shiny|100\/100\n|-damage|p1a: Mimi|88\/100|[from] Stealth Rock\n|-damage|p1a: Mimi|72\/100|[from] Spikes\n|-fieldstart|move: Psychic Terrain|[from] ability: Psychic Surge|[of] p1a: Mimi\n|turn|10\n|\n|switch|p2a: Nappy is trash|Pelipper, F|100\/100\n|-weather|RainDance|[from] ability: Drizzle|[of] p2a: Nappy is trash\n|move|p1a: Mimi|Psychic|p2a: Nappy is trash\n|-damage|p2a: Nappy is trash|27\/100\n|\n|-weather|RainDance|[upkeep]\n|upkeep\n|turn|11\n|c|\u2606Voltare|...\n|inactive|Voltare has 10 seconds left.\n|\n|move|p1a: Mimi|Psychic|p2a: Nappy is trash\n|-damage|p2a: Nappy is trash|0 fnt\n|faint|p2a: Nappy is trash\n|\n|-weather|RainDance|[upkeep]\n|upkeep\n|\n|switch|p2a: Let get Bluff|Swampert-Mega, M|47\/100 psn\n|-damage|p2a: Let get Bluff|31\/100 psn|[from] Spikes\n|turn|12\n|inactive|Voltare has 10 seconds left.\n|\n|move|p2a: Let get Bluff|Waterfall|p1a: Mimi\n|-damage|p1a: Mimi|0 fnt\n|faint|p1a: Mimi\n|\n|-weather|RainDance|[upkeep]\n|-damage|p2a: Let get Bluff|18\/100 psn|[from] psn\n|upkeep\n|inactive|Voltare has 10 seconds left.\n|c|\u2606Voltare|fuk dat miss\n|\n|switch|p1a: Imagine Garchomps|Zapdos|100\/100\n|-damage|p1a: Imagine Garchomps|76\/100|[from] Stealth Rock\n|turn|13\n|\n|move|p2a: Let get Bluff|Power-Up Punch|p1a: Imagine Garchomps\n|-resisted|p1a: Imagine Garchomps\n|-damage|p1a: Imagine Garchomps|66\/100\n|-boost|p2a: Let get Bluff|atk|1\n|move|p1a: Imagine Garchomps|Agility|p1a: Imagine Garchomps\n|-boost|p1a: Imagine Garchomps|spe|2\n|\n|-weather|RainDance|[upkeep]\n|-damage|p2a: Let get Bluff|6\/100 psn|[from] psn\n|upkeep\n|turn|14\n|\n|move|p1a: Imagine Garchomps|Hidden Power|p2a: Let get Bluff\n|-damage|p2a: Let get Bluff|0 fnt\n|faint|p2a: Let get Bluff\n|\n|-weather|RainDance|[upkeep]\n|-fieldend|move: Psychic Terrain\n|upkeep\n|\n|switch|p2a: Tapu Koko|Tapu Koko|100\/100\n|-damage|p2a: Tapu Koko|84\/100|[from] Spikes\n|-status|p2a: Tapu Koko|psn\n|-fieldstart|move: Electric Terrain|[from] ability: Electric Surge|[of] p2a: Tapu Koko\n|turn|15\n|\n|-zpower|p1a: Imagine Garchomps\n|move|p1a: Imagine Garchomps|Gigavolt Havoc|p2a: Tapu Koko|[zeffect]\n|-resisted|p2a: Tapu Koko\n|-damage|p2a: Tapu Koko|4\/100 psn\n|move|p2a: Tapu Koko|Taunt|p1a: Imagine Garchomps\n|-start|p1a: Imagine Garchomps|move: Taunt\n|\n|-weather|RainDance|[upkeep]\n|-damage|p2a: Tapu Koko|0 fnt|[from] psn\n|faint|p2a: Tapu Koko\n|upkeep\n|\n|switch|p2a: opy and PasteBirb|Hawlucha, F|100\/100\n|-enditem|p2a: opy and PasteBirb|Electric Seed\n|-boost|p2a: opy and PasteBirb|def|1\n|turn|16\n|\n|move|p2a: opy and PasteBirb|High Jump Kick|p1a: Imagine Garchomps\n|-resisted|p1a: Imagine Garchomps\n|-damage|p1a: Imagine Garchomps|30\/100\n|move|p1a: Imagine Garchomps|Thunderbolt|p2a: opy and PasteBirb\n|-supereffective|p2a: opy and PasteBirb\n|-damage|p2a: opy and PasteBirb|0 fnt\n|faint|p2a: opy and PasteBirb\n|\n|-weather|RainDance|[upkeep]\n|upkeep\n|inactive|orangesss has 10 seconds left.\n|-message|orangesss forfeited.\n|\n|win|Voltare\n|l|\u2606orangesss\n|raw|Voltare's rating: 1532 &rarr; <strong>1552<\/strong><br \/>(+20 for winning)\n|raw|orangesss's rating: 1525 &rarr; <strong>1505<\/strong><br \/>(-20 for losing)\n","uploadtime":1567113689,"views":9,"p1id":"voltare","p2id":"orangesss","formatid":"gen7oublitz","rating":1505,"private":0,"password":null}