{"id":"gen7ou-750840282","p1":"Slowbro_Ganon","p2":"CarlyBae","format":"gen7ou","log":"|j|\u2606Slowbro_Ganon\n|j|\u2606CarlyBae\n|player|p1|Slowbro_Ganon|264\n|player|p2|CarlyBae|138\n|teamsize|p1|6\n|teamsize|p2|6\n|gametype|singles\n|gen|7\n|tier|[Gen 7] OU\n|rated|\n|rule|Sleep Clause Mod: Limit one foe put to sleep\n|rule|Species Clause: Limit one of each Pok\u00e9mon\n|rule|OHKO Clause: OHKO moves are banned\n|rule|Moody Clause: Moody is banned\n|rule|Evasion Moves Clause: Evasion moves are banned\n|rule|Endless Battle Clause: Forcing endless battles is banned\n|rule|HP Percentage Mod: HP is shown in percentages\n|clearpoke\n|poke|p1|Tapu Koko|item\n|poke|p1|Landorus-Therian, M|item\n|poke|p1|Victini|item\n|poke|p1|Gyarados, F|item\n|poke|p1|Latias, F|item\n|poke|p1|Mimikyu, M|item\n|poke|p2|Shuckle, F|item\n|poke|p2|Tapu Lele|item\n|poke|p2|Bisharp, F|item\n|poke|p2|Sableye, M|item\n|poke|p2|Kartana|item\n|poke|p2|Manaphy|item\n|teampreview\n|\n|start\n|switch|p1a: Victini|Victini|100\/100\n|switch|p2a: Shuckle|Shuckle, F|100\/100\n|turn|1\n|inactive|Battle timer is ON: inactive players will automatically lose when time's up. (requested by Slowbro_Ganon)\n|\n|move|p1a: Victini|Trick|p2a: Shuckle\n|-activate|p1a: Victini|move: Trick|[of] p2a: Shuckle\n|-item|p2a: Shuckle|Choice Scarf|[from] move: Trick\n|-item|p1a: Victini|Mental Herb|[from] move: Trick\n|move|p2a: Shuckle|Sticky Web|p1a: Victini\n|-sidestart|p1: Slowbro_Ganon|move: Sticky Web\n|\n|upkeep\n|turn|2\n|\n|move|p1a: Victini|V-create|p2a: Shuckle\n|-damage|p2a: Shuckle|51\/100\n|-unboost|p1a: Victini|spe|1\n|-unboost|p1a: Victini|def|1\n|-unboost|p1a: Victini|spd|1\n|move|p2a: Shuckle|Sticky Web|p1a: Victini\n|-fail|p2a: Shuckle\n|\n|upkeep\n|turn|3\n|\n|move|p1a: Victini|V-create|p2a: Shuckle\n|-damage|p2a: Shuckle|4\/100\n|-unboost|p1a: Victini|spe|1\n|-unboost|p1a: Victini|def|1\n|-unboost|p1a: Victini|spd|1\n|move|p2a: Shuckle|Sticky Web|p1a: Victini\n|-fail|p2a: Shuckle\n|\n|upkeep\n|turn|4\n|\n|move|p1a: Victini|V-create|p2a: Shuckle\n|-damage|p2a: Shuckle|0 fnt\n|-unboost|p1a: Victini|spe|1\n|-unboost|p1a: Victini|def|1\n|-unboost|p1a: Victini|spd|1\n|faint|p2a: Shuckle\n|\n|upkeep\n|inactive|CarlyBae has 135 seconds left.\n|\n|switch|p2a: Manaphy|Manaphy|100\/100\n|turn|5\n|\n|move|p2a: Manaphy|Tail Glow|p2a: Manaphy\n|-boost|p2a: Manaphy|spa|3\n|move|p1a: Victini|Bolt Strike|p2a: Manaphy\n|-supereffective|p2a: Manaphy\n|-damage|p2a: Manaphy|20\/100\n|-status|p2a: Manaphy|par\n|\n|upkeep\n|turn|6\n|inactive|Slowbro_Ganon has 135 seconds left.\n|\n|switch|p1a: Mimikyu|Mimikyu, M|100\/100\n|-activate|p1a: Mimikyu|move: Sticky Web\n|-unboost|p1a: Mimikyu|spe|1\n|-zpower|p2a: Manaphy\n|move|p2a: Manaphy|Hydro Vortex|p1a: Mimikyu|[zeffect]\n|-activate|p1a: Mimikyu|ability: Disguise\n|-damage|p1a: Mimikyu|100\/100\n|detailschange|p1a: Mimikyu|Mimikyu-Busted, M\n|-enditem|p1a: Mimikyu|Red Card|[of] p2a: Manaphy\n|drag|p2a: Sableye|Sableye, M|100\/100\n|\n|upkeep\n|turn|7\n|\n|switch|p2a: Kartana|Kartana|100\/100\n|move|p1a: Mimikyu|Play Rough|p2a: Kartana\n|-resisted|p2a: Kartana\n|-damage|p2a: Kartana|80\/100\n|\n|upkeep\n|turn|8\n|\n|switch|p1a: Landorus|Landorus-Therian, M, shiny|100\/100\n|-ability|p1a: Landorus|Intimidate|boost\n|-unboost|p2a: Kartana|atk|1\n|-enditem|p2a: Kartana|Adrenaline Orb\n|-boost|p2a: Kartana|spe|1\n|move|p2a: Kartana|Swords Dance|p2a: Kartana\n|-boost|p2a: Kartana|atk|2\n|\n|upkeep\n|turn|9\n|\n|move|p2a: Kartana|Swords Dance|p2a: Kartana\n|-boost|p2a: Kartana|atk|2\n|move|p1a: Landorus|Earthquake|p2a: Kartana\n|-damage|p2a: Kartana|0 fnt\n|faint|p2a: Kartana\n|\n|upkeep\n|\n|switch|p2a: Sableye|Sableye, M|100\/100\n|turn|10\n|\n|switch|p1a: Victini|Victini|100\/100\n|-activate|p1a: Victini|move: Sticky Web\n|-unboost|p1a: Victini|spe|1\n|-mega|p2a: Sableye|Sableye|Sablenite\n|detailschange|p2a: Sableye|Sableye-Mega, M\n|move|p2a: Sableye|Calm Mind|p2a: Sableye\n|-boost|p2a: Sableye|spa|1\n|-boost|p2a: Sableye|spd|1\n|\n|upkeep\n|turn|11\n|\n|move|p1a: Victini|V-create|p2a: Sableye\n|-damage|p2a: Sableye|44\/100\n|-unboost|p1a: Victini|spe|1\n|-unboost|p1a: Victini|def|1\n|-unboost|p1a: Victini|spd|1\n|move|p2a: Sableye|Recover|p2a: Sableye\n|-heal|p2a: Sableye|94\/100\n|\n|upkeep\n|turn|12\n|\n|move|p1a: Victini|V-create|p2a: Sableye\n|-damage|p2a: Sableye|36\/100\n|-unboost|p1a: Victini|spe|1\n|-unboost|p1a: Victini|def|1\n|-unboost|p1a: Victini|spd|1\n|move|p2a: Sableye|Recover|p2a: Sableye\n|-heal|p2a: Sableye|87\/100\n|\n|upkeep\n|turn|13\n|inactive|CarlyBae has 135 seconds left.\n|\n|move|p1a: Victini|V-create|p2a: Sableye\n|-damage|p2a: Sableye|28\/100\n|-unboost|p1a: Victini|spe|1\n|-unboost|p1a: Victini|def|1\n|-unboost|p1a: Victini|spd|1\n|move|p2a: Sableye|Recover|p2a: Sableye\n|-heal|p2a: Sableye|78\/100\n|\n|upkeep\n|turn|14\n|\n|move|p1a: Victini|V-create|p2a: Sableye\n|-damage|p2a: Sableye|27\/100\n|-unboost|p1a: Victini|spe|1\n|-unboost|p1a: Victini|def|1\n|-unboost|p1a: Victini|spd|1\n|move|p2a: Sableye|Recover|p2a: Sableye\n|-heal|p2a: Sableye|77\/100\n|\n|upkeep\n|turn|15\n|inactive|CarlyBae has 135 seconds left.\n|inactive|Slowbro_Ganon has 135 seconds left.\n|\n|move|p1a: Victini|U-turn|p2a: Sableye\n|-damage|p2a: Sableye|63\/100\n|\n|switch|p1a: Mimikyu|Mimikyu-Busted, M|100\/100\n|-activate|p1a: Mimikyu|move: Sticky Web\n|-unboost|p1a: Mimikyu|spe|1\n|move|p2a: Sableye|Dark Pulse|p1a: Mimikyu\n|-damage|p1a: Mimikyu|56\/100\n|\n|upkeep\n|turn|16\n|\n|switch|p2a: Manaphy|Manaphy|20\/100 par\n|move|p1a: Mimikyu|Play Rough|p2a: Manaphy\n|-damage|p2a: Manaphy|0 fnt\n|faint|p2a: Manaphy\n|\n|upkeep\n|\n|switch|p2a: Tapu Lele|Tapu Lele|100\/100\n|-fieldstart|move: Psychic Terrain|[from] ability: Psychic Surge|[of] p2a: Tapu Lele\n|turn|17\n|\n|switch|p1a: Tapu Koko|Tapu Koko|100\/100\n|-activate|p1a: Tapu Koko|move: Sticky Web\n|-unboost|p1a: Tapu Koko|spe|1\n|-fieldstart|move: Electric Terrain|[from] ability: Electric Surge|[of] p1a: Tapu Koko\n|move|p2a: Tapu Lele|Moonblast|p1a: Tapu Koko\n|-damage|p1a: Tapu Koko|19\/100\n|\n|upkeep\n|turn|18\n|\n|move|p2a: Tapu Lele|Moonblast|p1a: Tapu Koko\n|-damage|p1a: Tapu Koko|0 fnt\n|faint|p1a: Tapu Koko\n|\n|upkeep\n|\n|switch|p1a: Victini|Victini|100\/100\n|-activate|p1a: Victini|move: Sticky Web\n|-unboost|p1a: Victini|spe|1\n|turn|19\n|\n|switch|p2a: Sableye|Sableye-Mega, M|63\/100\n|move|p1a: Victini|V-create|p2a: Sableye\n|-damage|p2a: Sableye|9\/100\n|-unboost|p1a: Victini|spe|1\n|-unboost|p1a: Victini|def|1\n|-unboost|p1a: Victini|spd|1\n|\n|upkeep\n|turn|20\n|\n|move|p1a: Victini|Bolt Strike|p2a: Sableye\n|-damage|p2a: Sableye|0 fnt\n|faint|p2a: Sableye\n|\n|upkeep\n|\n|switch|p2a: Bisharp|Bisharp, F|100\/100\n|turn|21\n|\n|move|p2a: Bisharp|Swords Dance|p2a: Bisharp\n|-boost|p2a: Bisharp|atk|2\n|move|p1a: Victini|Bolt Strike|p2a: Bisharp|[miss]\n|-miss|p1a: Victini|p2a: Bisharp\n|\n|-fieldend|move: Electric Terrain\n|upkeep\n|turn|22\n|\n|move|p2a: Bisharp|Knock Off|p1a: Victini\n|-supereffective|p1a: Victini\n|-damage|p1a: Victini|0 fnt\n|-enditem|p1a: Victini|Mental Herb|[from] move: Knock Off|[of] p2a: Bisharp\n|-damage|p2a: Bisharp|91\/100|[from] item: Life Orb\n|faint|p1a: Victini\n|\n|upkeep\n|inactive|Slowbro_Ganon has 135 seconds left.\n|\n|switch|p1a: Gyarados|Gyarados, F, shiny|100\/100\n|turn|23\n|inactive|CarlyBae has 135 seconds left.\n|\n|-zpower|p1a: Gyarados\n|move|p1a: Gyarados|Supersonic Skystrike|p2a: Bisharp|[zeffect]\n|-resisted|p2a: Bisharp\n|-damage|p2a: Bisharp|40\/100\n|move|p2a: Bisharp|Knock Off|p1a: Gyarados\n|-damage|p1a: Gyarados|0 fnt\n|-damage|p2a: Bisharp|30\/100|[from] item: Life Orb\n|faint|p1a: Gyarados\n|\n|upkeep\n|\n|switch|p1a: Latias|Latias, F|100\/100\n|turn|24\n|\n|-mega|p1a: Latias|Latias|Latiasite\n|detailschange|p1a: Latias|Latias-Mega, F\n|move|p2a: Bisharp|Sucker Punch|p1a: Latias\n|-supereffective|p1a: Latias\n|-damage|p1a: Latias|0 fnt\n|-damage|p2a: Bisharp|20\/100|[from] item: Life Orb\n|faint|p1a: Latias\n|\n|upkeep\n|\n|switch|p1a: Mimikyu|Mimikyu-Busted, M|56\/100\n|-activate|p1a: Mimikyu|move: Sticky Web\n|-unboost|p1a: Mimikyu|spe|1\n|turn|25\n|\n|move|p1a: Mimikyu|Shadow Sneak|p2a: Bisharp\n|-resisted|p2a: Bisharp\n|-damage|p2a: Bisharp|9\/100\n|move|p2a: Bisharp|Iron Head|p1a: Mimikyu\n|-supereffective|p1a: Mimikyu\n|-damage|p1a: Mimikyu|0 fnt\n|-damage|p2a: Bisharp|0 fnt|[from] item: Life Orb\n|faint|p1a: Mimikyu\n|faint|p2a: Bisharp\n|\n|upkeep\n|\n|switch|p1a: Landorus|Landorus-Therian, M, shiny|100\/100\n|switch|p2a: Tapu Lele|Tapu Lele|100\/100\n|-fieldstart|move: Psychic Terrain|[from] ability: Psychic Surge|[of] p2a: Tapu Lele\n|-ability|p1a: Landorus|Intimidate|boost\n|-unboost|p2a: Tapu Lele|atk|1\n|turn|26\n|\n|move|p2a: Tapu Lele|Psychic|p1a: Landorus\n|-damage|p1a: Landorus|0 fnt\n|faint|p1a: Landorus\n|\n|win|CarlyBae\n|c|\u2606CarlyBae|gg\n|l|\u2606Slowbro_Ganon\n","inputlog":null,"uploadtime":1526938671,"views":5,"p1id":"slowbroganon","p2id":"carlybae","formatid":"gen7ou","rating":0,"private":0,"password":null}