{"id":"gen7monotype-1048405354","p1":"Leader Kobe","p2":"Shardul888","format":"gen7monotype","log":"|j|\u2606Leader Kobe\n|j|\u2606Shardul888\n|player|p1|Leader Kobe|bugcatcher|1266\n|player|p2|Shardul888|92|1327\n|teamsize|p1|6\n|teamsize|p2|6\n|gametype|singles\n|gen|7\n|tier|[Gen 7] Monotype\n|rated|\n|rule|Same Type Clause: Pok\u00e9mon in a team must share a type\n|clearpoke\n|poke|p1|Shedinja|item\n|poke|p1|Scizor, M|item\n|poke|p1|Heracross, F|item\n|poke|p1|Volcarona, M|item\n|poke|p1|Armaldo, M|item\n|poke|p1|Araquanid, F|item\n|poke|p2|Venusaur, M|item\n|poke|p2|Nihilego|item\n|poke|p2|Scolipede, F|item\n|poke|p2|Toxapex, M|item\n|poke|p2|Golbat, F|item\n|poke|p2|Muk-Alola, M|item\n|rule|Sleep Clause Mod: Limit one foe put to sleep\n|rule|Species Clause: Limit one of each Pok\u00e9mon\n|rule|OHKO Clause: OHKO moves are banned\n|rule|Moody Clause: Moody is banned\n|rule|Evasion Moves Clause: Evasion moves are banned\n|rule|Endless Battle Clause: Forcing endless battles is banned\n|rule|HP Percentage Mod: HP is shown in percentages\n|rule|Swagger Clause: Swagger is banned\n|teampreview\n|inactive|Battle timer is ON: inactive players will automatically lose when time's up. (requested by Shardul888)\n|\n|start\n|switch|p1a: Armaldo|Armaldo, M|100\/100\n|switch|p2a: Golbat|Golbat, F|100\/100\n|turn|1\n|\n|move|p2a: Golbat|Toxic|p1a: Armaldo\n|-status|p1a: Armaldo|tox\n|move|p1a: Armaldo|Stealth Rock|p2a: Golbat\n|-sidestart|p2: Shardul888|move: Stealth Rock\n|\n|-damage|p1a: Armaldo|94\/100 tox|[from] psn\n|upkeep\n|turn|2\n|\n|move|p2a: Golbat|Defog|p1a: Armaldo\n|-unboost|p1a: Armaldo|evasion|1\n|-sideend|p2: Shardul888|Stealth Rock|[from] move: Defog|[of] p2a: Golbat\n|move|p1a: Armaldo|Stone Edge|p2a: Golbat\n|-supereffective|p2a: Golbat\n|-damage|p2a: Golbat|19\/100\n|\n|-heal|p1a: Armaldo|100\/100 tox|[from] item: Leftovers\n|-damage|p1a: Armaldo|88\/100 tox|[from] psn\n|upkeep\n|turn|3\n|\n|move|p2a: Golbat|Roost|p2a: Golbat\n|-heal|p2a: Golbat|69\/100\n|-singleturn|p2a: Golbat|move: Roost\n|move|p1a: Armaldo|Stealth Rock|p2a: Golbat\n|-sidestart|p2: Shardul888|move: Stealth Rock\n|\n|-heal|p1a: Armaldo|94\/100 tox|[from] item: Leftovers\n|-damage|p1a: Armaldo|76\/100 tox|[from] psn\n|upkeep\n|turn|4\n|\n|move|p2a: Golbat|Roost|p2a: Golbat\n|-heal|p2a: Golbat|100\/100\n|-singleturn|p2a: Golbat|move: Roost\n|move|p1a: Armaldo|Stone Edge|p2a: Golbat|[miss]\n|-miss|p1a: Armaldo|p2a: Golbat\n|\n|-heal|p1a: Armaldo|82\/100 tox|[from] item: Leftovers\n|-damage|p1a: Armaldo|57\/100 tox|[from] psn\n|upkeep\n|turn|5\n|\n|move|p2a: Golbat|Defog|p1a: Armaldo\n|-unboost|p1a: Armaldo|evasion|1\n|-sideend|p2: Shardul888|Stealth Rock|[from] move: Defog|[of] p2a: Golbat\n|move|p1a: Armaldo|Stone Edge|p2a: Golbat\n|-supereffective|p2a: Golbat\n|-damage|p2a: Golbat|27\/100\n|\n|-heal|p1a: Armaldo|63\/100 tox|[from] item: Leftovers\n|-damage|p1a: Armaldo|32\/100 tox|[from] psn\n|upkeep\n|turn|6\n|\n|move|p2a: Golbat|Roost|p2a: Golbat\n|-heal|p2a: Golbat|77\/100\n|-singleturn|p2a: Golbat|move: Roost\n|move|p1a: Armaldo|Stone Edge|p2a: Golbat\n|-damage|p2a: Golbat|36\/100\n|\n|-heal|p1a: Armaldo|38\/100 tox|[from] item: Leftovers\n|-damage|p1a: Armaldo|1\/100 tox|[from] psn\n|upkeep\n|turn|7\n|\n|move|p2a: Golbat|Roost|p2a: Golbat\n|-heal|p2a: Golbat|86\/100\n|-singleturn|p2a: Golbat|move: Roost\n|move|p1a: Armaldo|Stone Edge|p2a: Golbat\n|-damage|p2a: Golbat|45\/100\n|\n|-heal|p1a: Armaldo|7\/100 tox|[from] item: Leftovers\n|-damage|p1a: Armaldo|0 fnt|[from] psn\n|faint|p1a: Armaldo\n|upkeep\n|\n|switch|p1a: Volcarona|Volcarona, M|100\/100\n|turn|8\n|\n|move|p1a: Volcarona|Quiver Dance|p1a: Volcarona\n|-boost|p1a: Volcarona|spa|1\n|-boost|p1a: Volcarona|spd|1\n|-boost|p1a: Volcarona|spe|1\n|move|p2a: Golbat|Toxic|p1a: Volcarona\n|-status|p1a: Volcarona|tox\n|\n|-damage|p1a: Volcarona|94\/100 tox|[from] psn\n|upkeep\n|turn|9\n|\n|move|p1a: Volcarona|Fiery Dance|p2a: Golbat\n|-damage|p2a: Golbat|0 fnt\n|-boost|p1a: Volcarona|spa|1\n|faint|p2a: Golbat\n|\n|-damage|p1a: Volcarona|82\/100 tox|[from] psn\n|upkeep\n|\n|switch|p2a: Toxapex|Toxapex, M, shiny|100\/100\n|turn|10\n|\n|move|p2a: Toxapex|Baneful Bunker|p2a: Toxapex\n|-singleturn|p2a: Toxapex|move: Protect\n|-zpower|p1a: Volcarona\n|move|p1a: Volcarona|Inferno Overdrive|p2a: Toxapex|[zeffect]\n|-resisted|p2a: Toxapex\n|-zbroken|p2a: Toxapex\n|-damage|p2a: Toxapex|83\/100\n|\n|-heal|p2a: Toxapex|89\/100|[from] item: Leftovers\n|-damage|p1a: Volcarona|64\/100 tox|[from] psn\n|upkeep\n|turn|11\n|\n|move|p1a: Volcarona|Hidden Power|p2a: Toxapex\n|-supereffective|p2a: Toxapex\n|-damage|p2a: Toxapex|20\/100\n|move|p2a: Toxapex|Haze|p2a: Toxapex\n|-clearallboost\n|\n|-heal|p2a: Toxapex|26\/100|[from] item: Leftovers\n|-damage|p1a: Volcarona|39\/100 tox|[from] psn\n|upkeep\n|turn|12\n|\n|move|p2a: Toxapex|Baneful Bunker|p2a: Toxapex\n|-singleturn|p2a: Toxapex|move: Protect\n|move|p1a: Volcarona|Hidden Power|p2a: Toxapex\n|-activate|p2a: Toxapex|move: Protect\n|\n|-heal|p2a: Toxapex|33\/100|[from] item: Leftovers\n|-damage|p1a: Volcarona|9\/100 tox|[from] psn\n|upkeep\n|turn|13\n|\n|move|p2a: Toxapex|Baneful Bunker|p2a: Toxapex\n|-singleturn|p2a: Toxapex|move: Protect\n|move|p1a: Volcarona|Hidden Power|p2a: Toxapex\n|-activate|p2a: Toxapex|move: Protect\n|\n|-heal|p2a: Toxapex|39\/100|[from] item: Leftovers\n|-damage|p1a: Volcarona|0 fnt|[from] psn\n|faint|p1a: Volcarona\n|upkeep\n|\n|switch|p1a: Heracross|Heracross, F|100\/100\n|turn|14\n|\n|move|p1a: Heracross|Earthquake|p2a: Toxapex\n|-supereffective|p2a: Toxapex\n|-damage|p2a: Toxapex|0 fnt\n|faint|p2a: Toxapex\n|-ability|p1a: Heracross|Moxie|boost\n|-boost|p1a: Heracross|atk|1\n|\n|upkeep\n|\n|switch|p2a: Venusaur|Venusaur, M|100\/100\n|turn|15\n|\n|detailschange|p2a: Venusaur|Venusaur-Mega, M\n|-mega|p2a: Venusaur|Venusaur|Venusaurite\n|move|p1a: Heracross|Earthquake|p2a: Venusaur\n|-damage|p2a: Venusaur|67\/100\n|move|p2a: Venusaur|Leech Seed|p1a: Heracross\n|-start|p1a: Heracross|move: Leech Seed\n|\n|-damage|p1a: Heracross|88\/100|[from] Leech Seed|[of] p2a: Venusaur\n|-heal|p2a: Venusaur|77\/100|[silent]\n|upkeep\n|turn|16\n|\n|move|p1a: Heracross|Earthquake|p2a: Venusaur\n|-damage|p2a: Venusaur|40\/100\n|move|p2a: Venusaur|Sludge Bomb|p1a: Heracross\n|-damage|p1a: Heracross|41\/100\n|-status|p1a: Heracross|psn\n|\n|-damage|p1a: Heracross|29\/100 psn|[from] Leech Seed|[of] p2a: Venusaur\n|-heal|p2a: Venusaur|50\/100|[silent]\n|-damage|p1a: Heracross|16\/100 psn|[from] psn\n|upkeep\n|turn|17\n|\n|move|p1a: Heracross|Earthquake|p2a: Venusaur\n|-damage|p2a: Venusaur|17\/100\n|move|p2a: Venusaur|Synthesis|p2a: Venusaur\n|-heal|p2a: Venusaur|67\/100\n|\n|-damage|p1a: Heracross|4\/100 psn|[from] Leech Seed|[of] p2a: Venusaur\n|-heal|p2a: Venusaur|77\/100|[silent]\n|-damage|p1a: Heracross|0 fnt|[from] psn\n|faint|p1a: Heracross\n|upkeep\n|\n|switch|p1a: Araquanid|Araquanid, F|100\/100\n|turn|18\n|\n|move|p2a: Venusaur|Leech Seed|p1a: Araquanid\n|-start|p1a: Araquanid|move: Leech Seed\n|move|p1a: Araquanid|Leech Life|p2a: Venusaur\n|-damage|p2a: Venusaur|56\/100\n|\n|-damage|p1a: Araquanid|88\/100|[from] Leech Seed|[of] p2a: Venusaur\n|-heal|p2a: Venusaur|68\/100|[silent]\n|upkeep\n|turn|19\n|\n|move|p2a: Venusaur|Sludge Bomb|p1a: Araquanid\n|-damage|p1a: Araquanid|65\/100\n|move|p1a: Araquanid|Leech Life|p2a: Venusaur\n|-damage|p2a: Venusaur|47\/100\n|-heal|p1a: Araquanid|76\/100|[from] drain|[of] p2a: Venusaur\n|\n|-damage|p1a: Araquanid|64\/100|[from] Leech Seed|[of] p2a: Venusaur\n|-heal|p2a: Venusaur|59\/100|[silent]\n|upkeep\n|turn|20\n|\n|move|p2a: Venusaur|Sludge Bomb|p1a: Araquanid\n|-damage|p1a: Araquanid|42\/100\n|move|p1a: Araquanid|Leech Life|p2a: Venusaur\n|-damage|p2a: Venusaur|36\/100\n|-heal|p1a: Araquanid|54\/100|[from] drain|[of] p2a: Venusaur\n|\n|-damage|p1a: Araquanid|41\/100|[from] Leech Seed|[of] p2a: Venusaur\n|-heal|p2a: Venusaur|48\/100|[silent]\n|upkeep\n|turn|21\n|\n|move|p2a: Venusaur|Synthesis|p2a: Venusaur\n|-heal|p2a: Venusaur|98\/100\n|move|p1a: Araquanid|Leech Life|p2a: Venusaur\n|-damage|p2a: Venusaur|78\/100\n|-heal|p1a: Araquanid|52\/100|[from] drain|[of] p2a: Venusaur\n|\n|-damage|p1a: Araquanid|40\/100|[from] Leech Seed|[of] p2a: Venusaur\n|-heal|p2a: Venusaur|89\/100|[silent]\n|upkeep\n|turn|22\n|\n|move|p2a: Venusaur|Sludge Bomb|p1a: Araquanid\n|-damage|p1a: Araquanid|19\/100\n|move|p1a: Araquanid|Leech Life|p2a: Venusaur\n|-damage|p2a: Venusaur|68\/100\n|-heal|p1a: Araquanid|31\/100|[from] drain|[of] p2a: Venusaur\n|\n|-damage|p1a: Araquanid|18\/100|[from] Leech Seed|[of] p2a: Venusaur\n|-heal|p2a: Venusaur|79\/100|[silent]\n|upkeep\n|turn|23\n|\n|move|p2a: Venusaur|Giga Drain|p1a: Araquanid\n|-damage|p1a: Araquanid|0 fnt\n|-heal|p2a: Venusaur|88\/100|[from] drain|[of] p1a: Araquanid\n|faint|p1a: Araquanid\n|\n|upkeep\n|\n|switch|p1a: Scizor|Scizor, M|100\/100\n|turn|24\n|\n|detailschange|p1a: Scizor|Scizor-Mega, M\n|-mega|p1a: Scizor|Scizor|Scizorite\n|move|p2a: Venusaur|Leech Seed|p1a: Scizor\n|-start|p1a: Scizor|move: Leech Seed\n|move|p1a: Scizor|Swords Dance|p1a: Scizor\n|-boost|p1a: Scizor|atk|2\n|\n|-damage|p1a: Scizor|88\/100|[from] Leech Seed|[of] p2a: Venusaur\n|-heal|p2a: Venusaur|99\/100|[silent]\n|upkeep\n|turn|25\n|\n|move|p2a: Venusaur|Giga Drain|p1a: Scizor\n|-resisted|p1a: Scizor\n|-crit|p1a: Scizor\n|-damage|p1a: Scizor|77\/100\n|-heal|p2a: Venusaur|100\/100|[from] drain|[of] p1a: Scizor\n|move|p1a: Scizor|Swords Dance|p1a: Scizor\n|-boost|p1a: Scizor|atk|2\n|\n|-damage|p1a: Scizor|64\/100|[from] Leech Seed|[of] p2a: Venusaur\n|upkeep\n|turn|26\n|\n|move|p2a: Venusaur|Giga Drain|p1a: Scizor\n|-resisted|p1a: Scizor\n|-damage|p1a: Scizor|57\/100\n|move|p1a: Scizor|Swords Dance|p1a: Scizor\n|-boost|p1a: Scizor|atk|2\n|\n|-damage|p1a: Scizor|45\/100|[from] Leech Seed|[of] p2a: Venusaur\n|upkeep\n|turn|27\n|\n|switch|p2a: Scolipede|Scolipede, F, shiny|100\/100\n|move|p1a: Scizor|Bullet Punch|p2a: Scolipede\n|-damage|p2a: Scolipede|0 fnt\n|faint|p2a: Scolipede\n|\n|upkeep\n|\n|switch|p2a: Venusaur|Venusaur-Mega, M|100\/100\n|turn|28\n|\n|move|p1a: Scizor|Bullet Punch|p2a: Venusaur\n|-damage|p2a: Venusaur|15\/100\n|move|p2a: Venusaur|Synthesis|p2a: Venusaur\n|-heal|p2a: Venusaur|65\/100\n|\n|-damage|p1a: Scizor|32\/100|[from] Leech Seed|[of] p2a: Venusaur\n|-heal|p2a: Venusaur|76\/100|[silent]\n|upkeep\n|turn|29\n|\n|move|p1a: Scizor|Bullet Punch|p2a: Venusaur\n|-damage|p2a: Venusaur|0 fnt\n|faint|p2a: Venusaur\n|\n|upkeep\n|\n|switch|p2a: Nihilego|Nihilego, shiny|100\/100\n|turn|30\n|\n|move|p1a: Scizor|Bullet Punch|p2a: Nihilego\n|-supereffective|p2a: Nihilego\n|-damage|p2a: Nihilego|0 fnt\n|faint|p2a: Nihilego\n|\n|upkeep\n|\n|switch|p2a: Muk|Muk-Alola, M|100\/100\n|turn|31\n|\n|move|p1a: Scizor|Bullet Punch|p2a: Muk\n|-damage|p2a: Muk|0 fnt\n|faint|p2a: Muk\n|\n|win|Leader Kobe\n|raw|Leader Kobe's rating: 1266 &rarr; <strong>1296<\/strong><br \/>(+30 for winning)\n|raw|Shardul888's rating: 1327 &rarr; <strong>1304<\/strong><br \/>(-23 for losing)\n|l|\u2606Shardul888\n","uploadtime":1579325907,"views":6,"p1id":"leaderkobe","p2id":"shardul888","formatid":"gen7monotype","rating":1296,"private":0,"password":null}