{"id":"gen7ou-968947220","p1":"LordSlytherin2001","p2":"Walletinspector62","format":"gen7ou","log":"|j|\u2606LordSlytherin2001\n|j|\u2606Walletinspector62\n|player|p1|LordSlytherin2001|269|\n|player|p2|Walletinspector62|101|\n|teamsize|p1|6\n|teamsize|p2|6\n|gametype|singles\n|gen|7\n|tier|[Gen 7] OU\n|rule|Sleep Clause Mod: Limit one foe put to sleep\n|rule|Species Clause: Limit one of each Pok\u00e9mon\n|rule|OHKO Clause: OHKO moves are banned\n|rule|Moody Clause: Moody is banned\n|rule|Evasion Moves Clause: Evasion moves are banned\n|rule|Endless Battle Clause: Forcing endless battles is banned\n|rule|HP Percentage Mod: HP is shown in percentages\n|clearpoke\n|poke|p1|Zeraora|item\n|poke|p1|Lopunny, M|item\n|poke|p1|Victini|item\n|poke|p1|Krookodile, M|item\n|poke|p1|Keldeo|item\n|poke|p1|Lycanroc-Dusk, M|item\n|poke|p2|Clefable, M|item\n|poke|p2|Zapdos|item\n|poke|p2|Excadrill, M|item\n|poke|p2|Tyranitar, M|item\n|poke|p2|Jellicent, M|item\n|poke|p2|Hydreigon, M|item\n|teampreview\n|c|\u2606Walletinspector62|Glhf\n|c|\u2606LordSlytherin2001|glhf!\n|j| dingalingading\n|\n|start\n|switch|p1a: Keldeo|Keldeo|100\/100\n|switch|p2a: Jellicent|Jellicent, M|100\/100\n|turn|1\n|\n|move|p2a: Jellicent|Dazzling Gleam|p1a: Keldeo\n|-supereffective|p1a: Keldeo\n|-damage|p1a: Keldeo|59\/100\n|move|p1a: Keldeo|Scald|p2a: Jellicent\n|-resisted|p2a: Jellicent\n|-damage|p2a: Jellicent|78\/100\n|-start|p1a: Keldeo|Disable|Scald|[from] ability: Cursed Body|[of] p2a: Jellicent\n|\n|-heal|p1a: Keldeo|65\/100|[from] item: Leftovers\n|upkeep\n|turn|2\n|\n|move|p1a: Keldeo|Aqua Jet|p2a: Jellicent\n|-resisted|p2a: Jellicent\n|-damage|p2a: Jellicent|71\/100\n|move|p2a: Jellicent|Dazzling Gleam|p1a: Keldeo\n|-supereffective|p1a: Keldeo\n|-damage|p1a: Keldeo|22\/100\n|\n|-heal|p1a: Keldeo|28\/100|[from] item: Leftovers\n|upkeep\n|turn|3\n|\n|move|p2a: Jellicent|Dazzling Gleam|p1a: Keldeo\n|-supereffective|p1a: Keldeo\n|-damage|p1a: Keldeo|0 fnt\n|faint|p1a: Keldeo\n|\n|upkeep\n|\n|switch|p1a: Zeraora|Zeraora|100\/100\n|turn|4\n|\n|switch|p2a: Hydreigon|Hydreigon, M, shiny|100\/100\n|move|p1a: Zeraora|Knock Off|p2a: Hydreigon\n|-resisted|p2a: Hydreigon\n|-damage|p2a: Hydreigon|79\/100\n|-enditem|p2a: Hydreigon|Choice Scarf|[from] move: Knock Off|[of] p1a: Zeraora\n|-damage|p1a: Zeraora|91\/100|[from] item: Life Orb\n|\n|upkeep\n|turn|5\n|\n|move|p1a: Zeraora|Close Combat|p2a: Hydreigon\n|-supereffective|p2a: Hydreigon\n|-damage|p2a: Hydreigon|0 fnt\n|-unboost|p1a: Zeraora|def|1\n|-unboost|p1a: Zeraora|spd|1\n|-damage|p1a: Zeraora|81\/100|[from] item: Life Orb\n|faint|p2a: Hydreigon\n|\n|upkeep\n|\n|switch|p2a: Zapdos|Zapdos|100\/100\n|turn|6\n|\n|switch|p1a: Krookodile|Krookodile, M|100\/100\n|-ability|p1a: Krookodile|Intimidate|boost\n|-unboost|p2a: Zapdos|atk|1\n|move|p2a: Zapdos|Heat Wave|p1a: Krookodile\n|-damage|p1a: Krookodile|64\/100\n|\n|upkeep\n|turn|7\n|\n|move|p1a: Krookodile|Knock Off|p2a: Zapdos\n|-damage|p2a: Zapdos|64\/100\n|-enditem|p2a: Zapdos|Leftovers|[from] move: Knock Off|[of] p1a: Krookodile\n|move|p2a: Zapdos|U-turn|p1a: Krookodile\n|-supereffective|p1a: Krookodile\n|-damage|p1a: Krookodile|42\/100\n|\n|switch|p2a: Jellicent|Jellicent, M|71\/100|[from]move: U-turn\n|\n|upkeep\n|turn|8\n|\n|move|p1a: Krookodile|Knock Off|p2a: Jellicent\n|-supereffective|p2a: Jellicent\n|-damage|p2a: Jellicent|0 fnt\n|-enditem|p2a: Jellicent|Choice Scarf|[from] move: Knock Off|[of] p1a: Krookodile\n|faint|p2a: Jellicent\n|\n|upkeep\n|\n|switch|p2a: Tyranitar|Tyranitar, M, shiny|100\/100\n|-weather|Sandstorm|[from] ability: Sand Stream|[of] p2a: Tyranitar\n|turn|9\n|\n|switch|p1a: Lopunny|Lopunny, M|100\/100\n|detailschange|p2a: Tyranitar|Tyranitar-Mega, M, shiny\n|-mega|p2a: Tyranitar|Tyranitar|Tyranitarite\n|move|p2a: Tyranitar|Dragon Dance|p2a: Tyranitar\n|-boost|p2a: Tyranitar|atk|1\n|-boost|p2a: Tyranitar|spe|1\n|\n|-weather|Sandstorm|[upkeep]\n|-damage|p1a: Lopunny|95\/100|[from] Sandstorm\n|upkeep\n|turn|10\n|\n|switch|p2a: Zapdos|Zapdos|64\/100\n|detailschange|p1a: Lopunny|Lopunny-Mega, M\n|-mega|p1a: Lopunny|Lopunny|Lopunnite\n|move|p1a: Lopunny|Fake Out|p2a: Zapdos\n|-damage|p2a: Zapdos|49\/100\n|\n|-weather|Sandstorm|[upkeep]\n|-damage|p1a: Lopunny|89\/100|[from] Sandstorm\n|-damage|p2a: Zapdos|42\/100|[from] Sandstorm\n|upkeep\n|turn|11\n|\n|move|p1a: Lopunny|Return|p2a: Zapdos\n|-damage|p2a: Zapdos|3\/100\n|move|p2a: Zapdos|Roost|p2a: Zapdos\n|-heal|p2a: Zapdos|53\/100\n|-singleturn|p2a: Zapdos|move: Roost\n|\n|-weather|Sandstorm|[upkeep]\n|-damage|p1a: Lopunny|83\/100|[from] Sandstorm\n|-damage|p2a: Zapdos|46\/100|[from] Sandstorm\n|upkeep\n|turn|12\n|\n|switch|p1a: Victini|Victini|100\/100\n|move|p2a: Zapdos|Roost|p2a: Zapdos\n|-heal|p2a: Zapdos|96\/100\n|-singleturn|p2a: Zapdos|move: Roost\n|\n|-weather|Sandstorm|[upkeep]\n|-damage|p1a: Victini|94\/100|[from] Sandstorm\n|-damage|p2a: Zapdos|90\/100|[from] Sandstorm\n|upkeep\n|turn|13\n|\n|switch|p2a: Tyranitar|Tyranitar-Mega, M, shiny|100\/100\n|move|p1a: Victini|Blue Flare|p2a: Tyranitar\n|-resisted|p2a: Tyranitar\n|-damage|p2a: Tyranitar|85\/100\n|\n|-weather|none\n|upkeep\n|turn|14\n|\n|-zpower|p1a: Victini\n|move|p1a: Victini|All-Out Pummeling|p2a: Tyranitar|[zeffect]\n|-supereffective|p2a: Tyranitar\n|-damage|p2a: Tyranitar|0 fnt\n|faint|p2a: Tyranitar\n|\n|upkeep\n|\n|switch|p2a: Zapdos|Zapdos|90\/100\n|turn|15\n|\n|move|p1a: Victini|U-turn|p2a: Zapdos\n|-resisted|p2a: Zapdos\n|-damage|p2a: Zapdos|85\/100\n|\n|switch|p1a: Zeraora|Zeraora|81\/100|[from]move: U-turn\n|move|p2a: Zapdos|Discharge|p1a: Zeraora\n|-heal|p1a: Zeraora|100\/100|[from] ability: Volt Absorb|[of] p2a: Zapdos\n|\n|upkeep\n|turn|16\n|\n|move|p1a: Zeraora|Plasma Fists|p2a: Zapdos\n|-damage|p2a: Zapdos|45\/100\n|-fieldactivate|move: Ion Deluge\n|-damage|p1a: Zeraora|91\/100|[from] item: Life Orb\n|move|p2a: Zapdos|Roost|p2a: Zapdos\n|-heal|p2a: Zapdos|95\/100\n|-singleturn|p2a: Zapdos|move: Roost\n|\n|upkeep\n|turn|17\n|\n|switch|p1a: Krookodile|Krookodile, M|42\/100\n|-ability|p1a: Krookodile|Intimidate|boost\n|-unboost|p2a: Zapdos|atk|1\n|move|p2a: Zapdos|Heat Wave|p1a: Krookodile\n|-damage|p1a: Krookodile|7\/100\n|\n|upkeep\n|turn|18\n|\n|move|p1a: Krookodile|Stone Edge|p2a: Zapdos\n|-supereffective|p2a: Zapdos\n|-damage|p2a: Zapdos|53\/100\n|move|p2a: Zapdos|Roost|p2a: Zapdos\n|-heal|p2a: Zapdos|100\/100\n|-singleturn|p2a: Zapdos|move: Roost\n|\n|upkeep\n|turn|19\n|\n|switch|p2a: Excadrill|Excadrill, M, shiny|100\/100\n|move|p1a: Krookodile|Stone Edge|p2a: Excadrill\n|-resisted|p2a: Excadrill\n|-damage|p2a: Excadrill|89\/100\n|\n|upkeep\n|turn|20\n|\n|switch|p1a: Lopunny|Lopunny-Mega, M|83\/100\n|move|p2a: Excadrill|Earthquake|p1a: Lopunny\n|-damage|p1a: Lopunny|0 fnt\n|-damage|p2a: Excadrill|79\/100|[from] item: Life Orb\n|faint|p1a: Lopunny\n|\n|upkeep\n|\n|switch|p1a: Lycanroc|Lycanroc-Dusk, M|100\/100\n|turn|21\n|\n|move|p1a: Lycanroc|Drill Run|p2a: Excadrill\n|-supereffective|p2a: Excadrill\n|-damage|p2a: Excadrill|0 fnt\n|-damage|p1a: Lycanroc|91\/100|[from] item: Life Orb\n|faint|p2a: Excadrill\n|\n|upkeep\n|\n|switch|p2a: Clefable|Clefable, M|100\/100\n|turn|22\n|\n|move|p1a: Lycanroc|Iron Head|p2a: Clefable\n|-supereffective|p2a: Clefable\n|-damage|p2a: Clefable|0 fnt\n|-damage|p1a: Lycanroc|81\/100|[from] item: Life Orb\n|faint|p2a: Clefable\n|\n|upkeep\n|\n|switch|p2a: Zapdos|Zapdos|100\/100\n|turn|23\n|\n|move|p1a: Lycanroc|Sucker Punch|p2a: Zapdos\n|-damage|p2a: Zapdos|69\/100\n|-damage|p1a: Lycanroc|71\/100|[from] item: Life Orb\n|move|p2a: Zapdos|Discharge|p1a: Lycanroc\n|-damage|p1a: Lycanroc|11\/100\n|\n|upkeep\n|turn|24\n|\n|move|p1a: Lycanroc|Accelerock|p2a: Zapdos\n|-supereffective|p2a: Zapdos\n|-damage|p2a: Zapdos|14\/100\n|-damage|p1a: Lycanroc|1\/100|[from] item: Life Orb\n|move|p2a: Zapdos|Discharge|p1a: Lycanroc\n|-damage|p1a: Lycanroc|0 fnt\n|faint|p1a: Lycanroc\n|\n|upkeep\n|\n|switch|p1a: Zeraora|Zeraora|91\/100\n|turn|25\n|\n|move|p1a: Zeraora|Plasma Fists|p2a: Zapdos\n|-damage|p2a: Zapdos|0 fnt\n|-fieldactivate|move: Ion Deluge\n|-damage|p1a: Zeraora|81\/100|[from] item: Life Orb\n|faint|p2a: Zapdos\n|\n|win|LordSlytherin2001\n|c|\u2606LordSlytherin2001|gg\n|c|\u2606Walletinspector62|Gg\n|l|\u2606Walletinspector62\n|l| dingalingading\n|j| dingalingading\n|l|\u2606LordSlytherin2001\n|l| dingalingading\n|j| dingalingading\n","uploadtime":1567275418,"views":2,"p1id":"lordslytherin2001","p2id":"walletinspector62","formatid":"gen7ou","rating":0,"private":0,"password":null}