{"id":"gen7ou-697127621","p1":"FIRE LORD AESON!","p2":"jly8","format":"gen7ou","log":"|j|\u2606FIRE LORD AESON!\n|j|\u2606jly8\n|player|p1|FIRE LORD AESON!|68\n|player|p2|jly8|80\n|teamsize|p1|6\n|teamsize|p2|6\n|gametype|singles\n|gen|7\n|tier|[Gen 7] OU\n|rated|\n|rule|Sleep Clause Mod: Limit one foe put to sleep\n|rule|Species Clause: Limit one of each Pok\u00e9mon\n|rule|OHKO Clause: OHKO moves are banned\n|rule|Moody Clause: Moody is banned\n|rule|Evasion Moves Clause: Evasion moves are banned\n|rule|Endless Battle Clause: Forcing endless battles is banned\n|rule|HP Percentage Mod: HP is shown in percentages\n|clearpoke\n|poke|p1|Zygarde|item\n|poke|p1|Charizard, M|item\n|poke|p1|Venusaur, M|item\n|poke|p1|Torkoal, F|item\n|poke|p1|Tapu Fini|item\n|poke|p1|Tyranitar, M|item\n|poke|p2|Alomomola, M|item\n|poke|p2|Chansey, F|item\n|poke|p2|Mew|item\n|poke|p2|Celesteela|item\n|poke|p2|Venusaur, M|item\n|poke|p2|Hippowdon, F|item\n|teampreview\n|\n|start\n|switch|p1a: KAMEHAMEHA!|Tapu Fini|100\/100\n|switch|p2a: Venusaur|Venusaur, M|100\/100\n|-fieldstart|move: Misty Terrain|[from] ability: Misty Surge|[of] p1a: KAMEHAMEHA!\n|turn|1\n|\n|switch|p1a: MASTER SENSEI|Torkoal, F|100\/100\n|-weather|SunnyDay|[from] ability: Drought|[of] p1a: MASTER SENSEI\n|-mega|p2a: Venusaur|Venusaur|Venusaurite\n|detailschange|p2a: Venusaur|Venusaur-Mega, M\n|move|p2a: Venusaur|Sludge Bomb|p1a: MASTER SENSEI\n|-damage|p1a: MASTER SENSEI|64\/100\n|\n|-weather|SunnyDay|[upkeep]\n|upkeep\n|turn|2\n|\n|switch|p1a: SAGITTARIUS|Zygarde|100\/100\n|-ability|p1a: SAGITTARIUS|Aura Break\n|move|p2a: Venusaur|Sludge Bomb|p1a: SAGITTARIUS\n|-resisted|p1a: SAGITTARIUS\n|-damage|p1a: SAGITTARIUS|83\/100\n|\n|-weather|SunnyDay|[upkeep]\n|upkeep\n|turn|3\n|\n|switch|p2a: Hippowdon|Hippowdon, F|100\/100\n|-weather|Sandstorm|[from] ability: Sand Stream|[of] p2a: Hippowdon\n|move|p1a: SAGITTARIUS|Dragon Dance|p1a: SAGITTARIUS\n|-boost|p1a: SAGITTARIUS|atk|1\n|-boost|p1a: SAGITTARIUS|spe|1\n|\n|-weather|Sandstorm|[upkeep]\n|upkeep\n|turn|4\n|\n|move|p1a: SAGITTARIUS|Thousand Arrows|p2a: Hippowdon\n|-damage|p2a: Hippowdon|64\/100\n|move|p2a: Hippowdon|Whirlwind|p1a: SAGITTARIUS\n|drag|p1a: KAMEHAMEHA!|Tapu Fini|100\/100\n|\n|-weather|Sandstorm|[upkeep]\n|-damage|p1a: KAMEHAMEHA!|94\/100|[from] sandstorm\n|-heal|p2a: Hippowdon|71\/100|[from] item: Leftovers\n|upkeep\n|turn|5\n|\n|switch|p2a: Venusaur|Venusaur-Mega, M|100\/100\n|move|p1a: KAMEHAMEHA!|Taunt|p2a: Venusaur\n|-start|p2a: Venusaur|move: Taunt\n|\n|-weather|Sandstorm|[upkeep]\n|-damage|p1a: KAMEHAMEHA!|88\/100|[from] sandstorm\n|-damage|p2a: Venusaur|94\/100|[from] sandstorm\n|-fieldend|Misty Terrain\n|upkeep\n|turn|6\n|\n|switch|p1a: SAGITTARIUS|Zygarde|83\/100\n|-ability|p1a: SAGITTARIUS|Aura Break\n|move|p2a: Venusaur|Sludge Bomb|p1a: SAGITTARIUS\n|-resisted|p1a: SAGITTARIUS\n|-crit|p1a: SAGITTARIUS\n|-damage|p1a: SAGITTARIUS|60\/100\n|-status|p1a: SAGITTARIUS|psn\n|\n|-weather|Sandstorm|[upkeep]\n|-damage|p2a: Venusaur|88\/100|[from] sandstorm\n|-damage|p1a: SAGITTARIUS|47\/100 psn|[from] psn\n|upkeep\n|turn|7\n|\n|move|p1a: SAGITTARIUS|Dragon Dance|p1a: SAGITTARIUS\n|-boost|p1a: SAGITTARIUS|atk|1\n|-boost|p1a: SAGITTARIUS|spe|1\n|move|p2a: Venusaur|Giga Drain|p1a: SAGITTARIUS\n|-damage|p1a: SAGITTARIUS|21\/100 psn\n|-heal|p2a: Venusaur|100\/100|[from] drain|[of] p1a: SAGITTARIUS\n|-enditem|p1a: SAGITTARIUS|Mago Berry|[eat]\n|-heal|p1a: SAGITTARIUS|71\/100 psn|[from] item: Mago Berry\n|\n|-weather|none\n|-damage|p1a: SAGITTARIUS|58\/100 psn|[from] psn\n|-end|p2a: Venusaur|move: Taunt\n|upkeep\n|turn|8\n|\n|switch|p2a: Alomomola|Alomomola, M|100\/100\n|move|p1a: SAGITTARIUS|Thousand Arrows|p2a: Alomomola\n|-damage|p2a: Alomomola|59\/100\n|\n|-heal|p2a: Alomomola|66\/100|[from] item: Leftovers\n|-damage|p1a: SAGITTARIUS|46\/100 psn|[from] psn\n|upkeep\n|turn|9\n|\n|move|p2a: Alomomola|Protect|p2a: Alomomola\n|-singleturn|p2a: Alomomola|Protect\n|move|p1a: SAGITTARIUS|Outrage|p2a: Alomomola\n|-activate|p2a: Alomomola|move: Protect\n|\n|-heal|p2a: Alomomola|72\/100|[from] item: Leftovers\n|-damage|p1a: SAGITTARIUS|33\/100 psn|[from] psn\n|upkeep\n|turn|10\n|\n|switch|p2a: Celesteela|Celesteela|100\/100\n|move|p1a: SAGITTARIUS|Outrage|p2a: Celesteela\n|-resisted|p2a: Celesteela\n|-damage|p2a: Celesteela|73\/100\n|\n|-heal|p2a: Celesteela|79\/100|[from] item: Leftovers\n|-damage|p1a: SAGITTARIUS|21\/100 psn|[from] psn\n|upkeep\n|turn|11\n|\n|move|p2a: Celesteela|Protect|p2a: Celesteela\n|-singleturn|p2a: Celesteela|Protect\n|move|p1a: SAGITTARIUS|Outrage|p2a: Celesteela|[from]lockedmove\n|-activate|p2a: Celesteela|move: Protect\n|-start|p1a: SAGITTARIUS|confusion|[fatigue]\n|\n|-heal|p2a: Celesteela|85\/100|[from] item: Leftovers\n|-damage|p1a: SAGITTARIUS|9\/100 psn|[from] psn\n|upkeep\n|turn|12\n|\n|switch|p2a: Alomomola|Alomomola, M|100\/100\n|-activate|p1a: SAGITTARIUS|confusion\n|move|p1a: SAGITTARIUS|Thousand Arrows|p2a: Alomomola\n|-damage|p2a: Alomomola|64\/100\n|\n|-heal|p2a: Alomomola|71\/100|[from] item: Leftovers\n|-damage|p1a: SAGITTARIUS|0 fnt|[from] psn\n|upkeep\n|faint|p1a: SAGITTARIUS\n|\n|switch|p1a: MASTER SENSEI|Torkoal, F|64\/100\n|-weather|SunnyDay|[from] ability: Drought|[of] p1a: MASTER SENSEI\n|turn|13\n|\n|move|p1a: MASTER SENSEI|Stealth Rock|p2a: Alomomola\n|-sidestart|p2: jly8|move: Stealth Rock\n|move|p2a: Alomomola|Mirror Coat|p1a: MASTER SENSEI\n|-fail|p1a: MASTER SENSEI\n|\n|-weather|SunnyDay|[upkeep]\n|-heal|p2a: Alomomola|77\/100|[from] item: Leftovers\n|upkeep\n|turn|14\n|\n|switch|p2a: Hippowdon|Hippowdon, F|71\/100\n|-damage|p2a: Hippowdon|64\/100|[from] Stealth Rock\n|-weather|Sandstorm|[from] ability: Sand Stream|[of] p2a: Hippowdon\n|switch|p1a: MICK JAGGER|Venusaur, M|100\/100\n|\n|-weather|Sandstorm|[upkeep]\n|-damage|p1a: MICK JAGGER|95\/100|[from] sandstorm\n|-heal|p2a: Hippowdon|71\/100|[from] item: Leftovers\n|upkeep\n|turn|15\n|\n|switch|p2a: Mew|Mew|100\/100\n|-damage|p2a: Mew|88\/100|[from] Stealth Rock\n|move|p1a: MICK JAGGER|Giga Drain|p2a: Mew\n|-damage|p2a: Mew|52\/100\n|-heal|p1a: MICK JAGGER|100\/100|[from] drain|[of] p2a: Mew\n|-damage|p1a: MICK JAGGER|91\/100|[from] item: Life Orb\n|\n|-weather|Sandstorm|[upkeep]\n|-damage|p1a: MICK JAGGER|85\/100|[from] sandstorm\n|-damage|p2a: Mew|46\/100|[from] sandstorm\n|-heal|p2a: Mew|52\/100|[from] item: Leftovers\n|upkeep\n|turn|16\n|\n|switch|p1a: KAMEHAMEHA!|Tapu Fini|88\/100\n|-fieldstart|move: Misty Terrain|[from] ability: Misty Surge|[of] p1a: KAMEHAMEHA!\n|move|p2a: Mew|Defog|p1a: KAMEHAMEHA!\n|-unboost|p1a: KAMEHAMEHA!|evasion|1\n|-sideend|p2: jly8|Stealth Rock|[from] move: Defog|[of] p2a: Mew\n|\n|-weather|Sandstorm|[upkeep]\n|-damage|p2a: Mew|46\/100|[from] sandstorm\n|-damage|p1a: KAMEHAMEHA!|82\/100|[from] sandstorm\n|-heal|p2a: Mew|52\/100|[from] item: Leftovers\n|upkeep\n|turn|17\n|\n|switch|p1a: MASTER SENSEI|Torkoal, F|64\/100\n|-weather|SunnyDay|[from] ability: Drought|[of] p1a: MASTER SENSEI\n|move|p2a: Mew|Roost|p2a: Mew\n|-heal|p2a: Mew|100\/100\n|\n|-weather|SunnyDay|[upkeep]\n|upkeep\n|turn|18\n|\n|move|p2a: Mew|Will-O-Wisp|p1a: MASTER SENSEI\n|-immune|p1a: MASTER SENSEI|[msg]\n|move|p1a: MASTER SENSEI|Stealth Rock|p2a: Mew\n|-sidestart|p2: jly8|move: Stealth Rock\n|\n|-weather|SunnyDay|[upkeep]\n|upkeep\n|turn|19\n|\n|switch|p1a: MAGNETO|Tyranitar, M|100\/100\n|-weather|Sandstorm|[from] ability: Sand Stream|[of] p1a: MAGNETO\n|move|p2a: Mew|Defog|p1a: MAGNETO\n|-unboost|p1a: MAGNETO|evasion|1\n|-sideend|p2: jly8|Stealth Rock|[from] move: Defog|[of] p2a: Mew\n|\n|-weather|Sandstorm|[upkeep]\n|-damage|p2a: Mew|94\/100|[from] sandstorm\n|-heal|p2a: Mew|100\/100|[from] item: Leftovers\n|upkeep\n|turn|20\n|\n|move|p2a: Mew|Will-O-Wisp|p1a: MAGNETO\n|-activate|p1a: MAGNETO|move: Misty Terrain\n|move|p1a: MAGNETO|Pursuit|p2a: Mew\n|-supereffective|p2a: Mew\n|-damage|p2a: Mew|73\/100\n|\n|-weather|Sandstorm|[upkeep]\n|-damage|p2a: Mew|67\/100|[from] sandstorm\n|-heal|p2a: Mew|73\/100|[from] item: Leftovers\n|-fieldend|Misty Terrain\n|upkeep\n|turn|21\n|\n|switch|p1a: KAMEHAMEHA!|Tapu Fini|82\/100\n|-fieldstart|move: Misty Terrain|[from] ability: Misty Surge|[of] p1a: KAMEHAMEHA!\n|move|p2a: Mew|Psychic|p1a: KAMEHAMEHA!\n|-damage|p1a: KAMEHAMEHA!|56\/100\n|\n|-weather|Sandstorm|[upkeep]\n|-damage|p2a: Mew|67\/100|[from] sandstorm\n|-damage|p1a: KAMEHAMEHA!|50\/100|[from] sandstorm\n|-heal|p2a: Mew|73\/100|[from] item: Leftovers\n|upkeep\n|turn|22\n|\n|switch|p2a: Hippowdon|Hippowdon, F|71\/100\n|move|p1a: KAMEHAMEHA!|Hydro Pump|p2a: Hippowdon|[miss]\n|-miss|p1a: KAMEHAMEHA!|p2a: Hippowdon\n|\n|-weather|Sandstorm|[upkeep]\n|-damage|p1a: KAMEHAMEHA!|44\/100|[from] sandstorm\n|-heal|p2a: Hippowdon|77\/100|[from] item: Leftovers\n|upkeep\n|turn|23\n|\n|switch|p2a: Venusaur|Venusaur-Mega, M|100\/100\n|move|p1a: KAMEHAMEHA!|Hydro Pump|p2a: Venusaur\n|-resisted|p2a: Venusaur\n|-damage|p2a: Venusaur|88\/100\n|\n|-weather|none\n|upkeep\n|turn|24\n|\n|switch|p1a: MASTER SENSEI|Torkoal, F|64\/100\n|-weather|SunnyDay|[from] ability: Drought|[of] p1a: MASTER SENSEI\n|move|p2a: Venusaur|Sludge Bomb|p1a: MASTER SENSEI\n|-damage|p1a: MASTER SENSEI|24\/100\n|\n|-weather|SunnyDay|[upkeep]\n|upkeep\n|turn|25\n|\n|move|p2a: Venusaur|Sludge Bomb|p1a: MASTER SENSEI\n|-damage|p1a: MASTER SENSEI|0 fnt\n|faint|p1a: MASTER SENSEI\n|\n|-weather|SunnyDay|[upkeep]\n|-fieldend|Misty Terrain\n|upkeep\n|\n|switch|p1a: KILLER|Charizard, M|100\/100\n|turn|26\n|\n|switch|p2a: Hippowdon|Hippowdon, F|77\/100\n|-weather|Sandstorm|[from] ability: Sand Stream|[of] p2a: Hippowdon\n|-mega|p1a: KILLER|Charizard|Charizardite X\n|detailschange|p1a: KILLER|Charizard-Mega-X, M\n|move|p1a: KILLER|Flare Blitz|p2a: Hippowdon\n|-damage|p2a: Hippowdon|26\/100\n|-damage|p1a: KILLER|77\/100|[from] Recoil|[of] p2a: Hippowdon\n|\n|-weather|Sandstorm|[upkeep]\n|-damage|p1a: KILLER|71\/100|[from] sandstorm\n|-heal|p2a: Hippowdon|32\/100|[from] item: Leftovers\n|upkeep\n|turn|27\n|\n|switch|p2a: Venusaur|Venusaur-Mega, M|88\/100\n|move|p1a: KILLER|Flare Blitz|p2a: Venusaur\n|-supereffective|p2a: Venusaur\n|-damage|p2a: Venusaur|28\/100\n|-damage|p1a: KILLER|47\/100|[from] Recoil|[of] p2a: Venusaur\n|\n|-weather|Sandstorm|[upkeep]\n|-damage|p1a: KILLER|41\/100|[from] sandstorm\n|-damage|p2a: Venusaur|22\/100|[from] sandstorm\n|upkeep\n|turn|28\n|\n|move|p1a: KILLER|Dragon Claw|p2a: Venusaur\n|-damage|p2a: Venusaur|0 fnt\n|faint|p2a: Venusaur\n|\n|-weather|Sandstorm|[upkeep]\n|-damage|p1a: KILLER|35\/100|[from] sandstorm\n|upkeep\n|\n|switch|p2a: Hippowdon|Hippowdon, F|32\/100\n|turn|29\n|\n|move|p1a: KILLER|Flare Blitz|p2a: Hippowdon\n|-damage|p2a: Hippowdon|0 fnt\n|-damage|p1a: KILLER|20\/100|[from] Recoil|[of] p2a: Hippowdon\n|faint|p2a: Hippowdon\n|\n|-weather|Sandstorm|[upkeep]\n|-damage|p1a: KILLER|14\/100|[from] sandstorm\n|upkeep\n|\n|switch|p2a: Celesteela|Celesteela|85\/100\n|turn|30\n|\n|move|p1a: KILLER|Roost|p1a: KILLER\n|-heal|p1a: KILLER|64\/100\n|move|p2a: Celesteela|Leech Seed|p1a: KILLER\n|-start|p1a: KILLER|move: Leech Seed\n|\n|-weather|none\n|-heal|p2a: Celesteela|91\/100|[from] item: Leftovers\n|-damage|p1a: KILLER|51\/100|[from] Leech Seed|[of] p2a: Celesteela\n|-heal|p2a: Celesteela|99\/100|[silent]\n|upkeep\n|turn|31\n|\n|switch|p2a: Mew|Mew|73\/100\n|move|p1a: KILLER|Roost|p1a: KILLER\n|-heal|p1a: KILLER|100\/100\n|\n|-heal|p2a: Mew|79\/100|[from] item: Leftovers\n|-damage|p1a: KILLER|88\/100|[from] Leech Seed|[of] p2a: Mew\n|-heal|p2a: Mew|89\/100|[silent]\n|upkeep\n|turn|32\n|\n|switch|p1a: MAGNETO|Tyranitar, M|100\/100\n|-weather|Sandstorm|[from] ability: Sand Stream|[of] p1a: MAGNETO\n|switch|p2a: Celesteela|Celesteela|99\/100\n|\n|-weather|Sandstorm|[upkeep]\n|-heal|p2a: Celesteela|100\/100|[from] item: Leftovers\n|upkeep\n|turn|33\n|\n|switch|p1a: KAMEHAMEHA!|Tapu Fini|44\/100\n|-fieldstart|move: Misty Terrain|[from] ability: Misty Surge|[of] p1a: KAMEHAMEHA!\n|move|p2a: Celesteela|Heavy Slam|p1a: KAMEHAMEHA!\n|-damage|p1a: KAMEHAMEHA!|13\/100\n|-enditem|p1a: KAMEHAMEHA!|Mago Berry|[eat]\n|-heal|p1a: KAMEHAMEHA!|63\/100|[from] item: Mago Berry\n|\n|-weather|Sandstorm|[upkeep]\n|-damage|p1a: KAMEHAMEHA!|57\/100|[from] sandstorm\n|upkeep\n|turn|34\n|\n|move|p1a: KAMEHAMEHA!|Hydro Pump|p2a: Celesteela\n|-damage|p2a: Celesteela|63\/100\n|move|p2a: Celesteela|Leech Seed|p1a: KAMEHAMEHA!\n|-start|p1a: KAMEHAMEHA!|move: Leech Seed\n|\n|-weather|Sandstorm|[upkeep]\n|-damage|p1a: KAMEHAMEHA!|50\/100|[from] sandstorm\n|-heal|p2a: Celesteela|69\/100|[from] item: Leftovers\n|-damage|p1a: KAMEHAMEHA!|38\/100|[from] Leech Seed|[of] p2a: Celesteela\n|-heal|p2a: Celesteela|79\/100|[silent]\n|upkeep\n|turn|35\n|\n|switch|p1a: KILLER|Charizard-Mega-X, M|88\/100\n|move|p2a: Celesteela|Protect|p2a: Celesteela\n|-fail|p2a: Celesteela\n|\n|-weather|Sandstorm|[upkeep]\n|-damage|p1a: KILLER|82\/100|[from] sandstorm\n|-heal|p2a: Celesteela|85\/100|[from] item: Leftovers\n|upkeep\n|turn|36\n|\n|switch|p2a: Chansey|Chansey, F|100\/100\n|move|p1a: KILLER|Flare Blitz|p2a: Chansey\n|-damage|p2a: Chansey|44\/100\n|-damage|p1a: KILLER|38\/100|[from] Recoil|[of] p2a: Chansey\n|\n|-weather|none\n|upkeep\n|turn|37\n|\n|move|p1a: KILLER|Flare Blitz|p2a: Chansey\n|-damage|p2a: Chansey|0 fnt\n|-damage|p1a: KILLER|4\/100|[from] Recoil|[of] p2a: Chansey\n|faint|p2a: Chansey\n|\n|-fieldend|Misty Terrain\n|upkeep\n|\n|switch|p2a: Celesteela|Celesteela|85\/100\n|turn|38\n|\n|move|p1a: KILLER|Roost|p1a: KILLER\n|-heal|p1a: KILLER|54\/100\n|move|p2a: Celesteela|Leech Seed|p1a: KILLER\n|-start|p1a: KILLER|move: Leech Seed\n|\n|-heal|p2a: Celesteela|91\/100|[from] item: Leftovers\n|-damage|p1a: KILLER|42\/100|[from] Leech Seed|[of] p2a: Celesteela\n|-heal|p2a: Celesteela|100\/100|[silent]\n|upkeep\n|turn|39\n|\n|move|p1a: KILLER|Roost|p1a: KILLER\n|-heal|p1a: KILLER|92\/100\n|move|p2a: Celesteela|Heavy Slam|p1a: KILLER\n|-resisted|p1a: KILLER\n|-damage|p1a: KILLER|69\/100\n|\n|-damage|p1a: KILLER|56\/100|[from] Leech Seed|[of] p2a: Celesteela\n|upkeep\n|turn|40\n|\n|move|p1a: KILLER|Dragon Dance|p1a: KILLER\n|-boost|p1a: KILLER|atk|1\n|-boost|p1a: KILLER|spe|1\n|move|p2a: Celesteela|Heavy Slam|p1a: KILLER\n|-resisted|p1a: KILLER\n|-damage|p1a: KILLER|36\/100\n|\n|-damage|p1a: KILLER|23\/100|[from] Leech Seed|[of] p2a: Celesteela\n|upkeep\n|turn|41\n|\n|move|p1a: KILLER|Roost|p1a: KILLER\n|-heal|p1a: KILLER|74\/100\n|move|p2a: Celesteela|Heavy Slam|p1a: KILLER\n|-resisted|p1a: KILLER\n|-damage|p1a: KILLER|50\/100\n|\n|-damage|p1a: KILLER|38\/100|[from] Leech Seed|[of] p2a: Celesteela\n|upkeep\n|turn|42\n|\n|move|p1a: KILLER|Roost|p1a: KILLER\n|-heal|p1a: KILLER|88\/100\n|move|p2a: Celesteela|Heavy Slam|p1a: KILLER\n|-resisted|p1a: KILLER\n|-damage|p1a: KILLER|67\/100\n|\n|-damage|p1a: KILLER|55\/100|[from] Leech Seed|[of] p2a: Celesteela\n|upkeep\n|turn|43\n|\n|move|p1a: KILLER|Roost|p1a: KILLER\n|-heal|p1a: KILLER|100\/100\n|move|p2a: Celesteela|Heavy Slam|p1a: KILLER\n|-resisted|p1a: KILLER\n|-damage|p1a: KILLER|77\/100\n|\n|-damage|p1a: KILLER|64\/100|[from] Leech Seed|[of] p2a: Celesteela\n|upkeep\n|turn|44\n|\n|move|p2a: Celesteela|Protect|p2a: Celesteela\n|-singleturn|p2a: Celesteela|Protect\n|move|p1a: KILLER|Flare Blitz|p2a: Celesteela\n|-activate|p2a: Celesteela|move: Protect\n|\n|-damage|p1a: KILLER|52\/100|[from] Leech Seed|[of] p2a: Celesteela\n|upkeep\n|turn|45\n|\n|move|p1a: KILLER|Roost|p1a: KILLER\n|-heal|p1a: KILLER|100\/100\n|move|p2a: Celesteela|Heavy Slam|p1a: KILLER\n|-resisted|p1a: KILLER\n|-damage|p1a: KILLER|80\/100\n|\n|-damage|p1a: KILLER|68\/100|[from] Leech Seed|[of] p2a: Celesteela\n|upkeep\n|turn|46\n|\n|move|p1a: KILLER|Dragon Dance|p1a: KILLER\n|-boost|p1a: KILLER|atk|1\n|-boost|p1a: KILLER|spe|1\n|move|p2a: Celesteela|Heavy Slam|p1a: KILLER\n|-resisted|p1a: KILLER\n|-damage|p1a: KILLER|46\/100\n|\n|-damage|p1a: KILLER|33\/100|[from] Leech Seed|[of] p2a: Celesteela\n|upkeep\n|turn|47\n|\n|move|p1a: KILLER|Roost|p1a: KILLER\n|-heal|p1a: KILLER|84\/100\n|move|p2a: Celesteela|Heavy Slam|p1a: KILLER\n|-resisted|p1a: KILLER\n|-crit|p1a: KILLER\n|-damage|p1a: KILLER|52\/100\n|\n|-damage|p1a: KILLER|40\/100|[from] Leech Seed|[of] p2a: Celesteela\n|upkeep\n|turn|48\n|\n|move|p1a: KILLER|Roost|p1a: KILLER\n|-heal|p1a: KILLER|90\/100\n|move|p2a: Celesteela|Heavy Slam|p1a: KILLER\n|-resisted|p1a: KILLER\n|-damage|p1a: KILLER|69\/100\n|\n|-damage|p1a: KILLER|56\/100|[from] Leech Seed|[of] p2a: Celesteela\n|upkeep\n|turn|49\n|\n|move|p1a: KILLER|Roost|p1a: KILLER\n|-heal|p1a: KILLER|100\/100\n|move|p2a: Celesteela|Heavy Slam|p1a: KILLER\n|-resisted|p1a: KILLER\n|-damage|p1a: KILLER|77\/100\n|\n|-damage|p1a: KILLER|64\/100|[from] Leech Seed|[of] p2a: Celesteela\n|upkeep\n|turn|50\n|\n|move|p1a: KILLER|Roost|p1a: KILLER\n|-heal|p1a: KILLER|100\/100\n|move|p2a: Celesteela|Heavy Slam|p1a: KILLER\n|-resisted|p1a: KILLER\n|-damage|p1a: KILLER|77\/100\n|\n|-damage|p1a: KILLER|64\/100|[from] Leech Seed|[of] p2a: Celesteela\n|upkeep\n|turn|51\n|\n|move|p1a: KILLER|Flare Blitz|p2a: Celesteela\n|-supereffective|p2a: Celesteela\n|-damage|p2a: Celesteela|0 fnt\n|-damage|p1a: KILLER|20\/100|[from] Recoil|[of] p2a: Celesteela\n|faint|p2a: Celesteela\n|\n|upkeep\n|\n|switch|p2a: Alomomola|Alomomola, M|100\/100\n|turn|52\n|\n|move|p1a: KILLER|Roost|p1a: KILLER\n|-heal|p1a: KILLER|70\/100\n|move|p2a: Alomomola|Scald|p1a: KILLER\n|-damage|p1a: KILLER|54\/100\n|\n|-damage|p1a: KILLER|41\/100|[from] Leech Seed|[of] p2a: Alomomola\n|upkeep\n|turn|53\n|\n|move|p1a: KILLER|Roost|p1a: KILLER\n|-heal|p1a: KILLER|91\/100\n|move|p2a: Alomomola|Scald|p1a: KILLER\n|-damage|p1a: KILLER|74\/100\n|\n|-damage|p1a: KILLER|61\/100|[from] Leech Seed|[of] p2a: Alomomola\n|upkeep\n|turn|54\n|\n|move|p1a: KILLER|Roost|p1a: KILLER\n|-heal|p1a: KILLER|100\/100\n|move|p2a: Alomomola|Scald|p1a: KILLER\n|-damage|p1a: KILLER|84\/100\n|\n|-damage|p1a: KILLER|72\/100|[from] Leech Seed|[of] p2a: Alomomola\n|upkeep\n|turn|55\n|\n|move|p1a: KILLER|Dragon Claw|p2a: Alomomola\n|-damage|p2a: Alomomola|32\/100\n|move|p2a: Alomomola|Scald|p1a: KILLER\n|-damage|p1a: KILLER|55\/100\n|\n|-heal|p2a: Alomomola|38\/100|[from] item: Leftovers\n|-damage|p1a: KILLER|43\/100|[from] Leech Seed|[of] p2a: Alomomola\n|-heal|p2a: Alomomola|46\/100|[silent]\n|upkeep\n|turn|56\n|\n|move|p2a: Alomomola|Protect|p2a: Alomomola\n|-singleturn|p2a: Alomomola|Protect\n|move|p1a: KILLER|Dragon Claw|p2a: Alomomola\n|-activate|p2a: Alomomola|move: Protect\n|\n|-heal|p2a: Alomomola|52\/100|[from] item: Leftovers\n|-damage|p1a: KILLER|30\/100|[from] Leech Seed|[of] p2a: Alomomola\n|-heal|p2a: Alomomola|60\/100|[silent]\n|upkeep\n|turn|57\n|\n|switch|p2a: Mew|Mew|89\/100\n|move|p1a: KILLER|Dragon Claw|p2a: Mew\n|-damage|p2a: Mew|24\/100\n|\n|-heal|p2a: Mew|31\/100|[from] item: Leftovers\n|-damage|p1a: KILLER|18\/100|[from] Leech Seed|[of] p2a: Mew\n|-heal|p2a: Mew|40\/100|[silent]\n|upkeep\n|turn|58\n|\n|switch|p2a: Alomomola|Alomomola, M|93\/100\n|move|p1a: KILLER|Dragon Claw|p2a: Alomomola\n|-damage|p2a: Alomomola|26\/100\n|\n|-heal|p2a: Alomomola|32\/100|[from] item: Leftovers\n|-damage|p1a: KILLER|5\/100|[from] Leech Seed|[of] p2a: Alomomola\n|-heal|p2a: Alomomola|40\/100|[silent]\n|upkeep\n|turn|59\n|\n|move|p2a: Alomomola|Protect|p2a: Alomomola\n|-singleturn|p2a: Alomomola|Protect\n|move|p1a: KILLER|Roost|p1a: KILLER\n|-heal|p1a: KILLER|55\/100\n|\n|-heal|p2a: Alomomola|46\/100|[from] item: Leftovers\n|-damage|p1a: KILLER|43\/100|[from] Leech Seed|[of] p2a: Alomomola\n|-heal|p2a: Alomomola|54\/100|[silent]\n|upkeep\n|turn|60\n|\n|switch|p2a: Mew|Mew|40\/100\n|move|p1a: KILLER|Dragon Claw|p2a: Mew\n|-damage|p2a: Mew|0 fnt\n|faint|p2a: Mew\n|\n|upkeep\n|\n|switch|p2a: Alomomola|Alomomola, M|87\/100\n|turn|61\n|c|\u2606FIRE LORD AESON!|Great game dude\n|\n|move|p1a: KILLER|Dragon Dance|p1a: KILLER\n|-boost|p1a: KILLER|atk|1\n|-boost|p1a: KILLER|spe|1\n|move|p2a: Alomomola|Wish|p2a: Alomomola\n|\n|-heal|p2a: Alomomola|93\/100|[from] item: Leftovers\n|-damage|p1a: KILLER|30\/100|[from] Leech Seed|[of] p2a: Alomomola\n|-heal|p2a: Alomomola|100\/100|[silent]\n|upkeep\n|turn|62\n|\n|move|p1a: KILLER|Dragon Claw|p2a: Alomomola\n|-damage|p2a: Alomomola|13\/100\n|move|p2a: Alomomola|Scald|p1a: KILLER\n|-damage|p1a: KILLER|11\/100\n|\n|-heal|p2a: Alomomola|63\/100|[from] move: Wish|[wisher] Alomomola\n|-heal|p2a: Alomomola|69\/100|[from] item: Leftovers\n|-damage|p1a: KILLER|0 fnt|[from] Leech Seed|[of] p2a: Alomomola\n|-heal|p2a: Alomomola|76\/100|[silent]\n|upkeep\n|faint|p1a: KILLER\n|\n|switch|p1a: MICK JAGGER|Venusaur, M|85\/100\n|turn|63\n|\n|move|p1a: MICK JAGGER|Giga Drain|p2a: Alomomola\n|-supereffective|p2a: Alomomola\n|-damage|p2a: Alomomola|0 fnt\n|-heal|p1a: MICK JAGGER|100\/100|[from] drain|[of] p2a: Alomomola\n|-damage|p1a: MICK JAGGER|91\/100|[from] item: Life Orb\n|faint|p2a: Alomomola\n|\n|win|FIRE LORD AESON!\n|l|\u2606jly8\n|raw|FIRE LORD AESON!'s rating: 1578 &rarr; <strong>1597<\/strong><br \/>(+19 for winning)\n|raw|jly8's rating: 1552 &rarr; <strong>1533<\/strong><br \/>(-19 for losing)\n","inputlog":null,"uploadtime":1517426179,"views":16,"p1id":"firelordaeson","p2id":"jly8","formatid":"gen7ou","rating":1533,"private":0,"password":null}