{"id":"gen7sketchmonssuspecttest-649660860","p1":"Lkjhgfdsapoi","p2":"Overdragoon","format":"gen7sketchmonssuspecttest","log":"|j|Lkjhgfdsapoi\n|j|Overdragoon\n|player|p1|Lkjhgfdsapoi|222\n|teamsize|p1|6\n|player|p2|Overdragoon|167\n|teamsize|p2|6\n|gametype|singles\n|gen|7\n|tier|[Gen 7] Sketchmons (suspect test)\n|seed|16911,44198,25247,7383\n|rule|Sleep Clause Mod: Limit one foe put to sleep\n|rule|Species Clause: Limit one of each Pok\u00e9mon\n|rule|OHKO Clause: OHKO moves are banned\n|rule|Moody Clause: Moody is banned\n|rule|Evasion Moves Clause: Evasion moves are banned\n|rule|Endless Battle Clause: Forcing endless battles is banned\n|rule|HP Percentage Mod: HP is shown in percentages\n|clearpoke\n|poke|p1|Greninja, M|item\n|poke|p1|Beedrill, M|item\n|poke|p1|Tapu Koko|item\n|poke|p1|Excadrill, F|item\n|poke|p1|Hitmonlee, M|item\n|poke|p1|Garchomp, F|item\n|poke|p2|Clefable, M|item\n|poke|p2|Gyarados, M|item\n|poke|p2|Mew|item\n|poke|p2|Heatran, M|item\n|poke|p2|Serperior, M|item\n|poke|p2|Landorus-Therian, M|item\n|teampreview\n|j|Stats Bot\n|c|\u2606Lkjhgfdsapoi|h\n|l|Stats Bot\n|j|rgerpihjeth\n|c|\u2606Overdragoon|Now it's semis haha\n|j|WillyWonkaFlava\n|c|\u2606Lkjhgfdsapoi|good luck\n|j|Nick996136\n|c|\u2606Overdragoon|Thanks, have fun\n|c| WillyWonkaFlava|no dragon really???\n|c| WillyWonkaFlava|wow\n|c| WillyWonkaFlava|Overdragoon\n|c| WillyWonkaFlava|not one dragon\n|j|smileeface\n|c|\u2606Overdragoon|lol\n|choice|team 4, team 2, team 3, team 1, team 5, team 6|team 6, team 2, team 3, team 4, team 5, team 1\n|\n|start\n|switch|p1a: Excadrill|Excadrill, F|361\/361\n|switch|p2a: Landorus|Landorus-Therian, M, shiny|320\/320\n|-ability|p2a: Landorus|Intimidate|boost\n|-unboost|p1a: Excadrill|atk|1\n|-ability|p1a: Excadrill|Mold Breaker\n|turn|1\n|choice|move stealthrock|move earthquake\n|\n|move|p2a: Landorus|Earthquake|p1a: Excadrill\n|-supereffective|p1a: Excadrill\n|-enditem|p1a: Excadrill|Focus Sash\n|-damage|p1a: Excadrill|1\/361\n|move|p1a: Excadrill|Stealth Rock|p2a: Landorus\n|-sidestart|p2: Overdragoon|move: Stealth Rock\n|\n|upkeep\n|turn|2\n|choice|move rocktomb|move earthquake\n|\n|move|p2a: Landorus|Earthquake|p1a: Excadrill\n|-supereffective|p1a: Excadrill\n|-damage|p1a: Excadrill|0 fnt\n|faint|p1a: Excadrill\n|\n|upkeep\n|j|gatogatogato\n|choice|switch 6|\n|\n|switch|p1a: Garchomp|Garchomp, F|357\/357\n|turn|3\n|choice|move dragondance|move earthquake\n|\n|move|p2a: Landorus|Earthquake|p1a: Garchomp\n|-damage|p1a: Garchomp|147\/357\n|move|p1a: Garchomp|Dragon Dance|p1a: Garchomp\n|-boost|p1a: Garchomp|atk|1\n|-boost|p1a: Garchomp|spe|1\n|\n|-heal|p1a: Garchomp|169\/357|[from] item: Leftovers\n|upkeep\n|turn|4\n|choice|move dragonclaw|switch 6\n|\n|switch|p2a: Clefable|Clefable, M, shiny|394\/394\n|-damage|p2a: Clefable|345\/394|[from] Stealth Rock\n|move|p1a: Garchomp|Dragon Claw|p2a: Clefable\n|-immune|p2a: Clefable|[msg]\n|\n|-heal|p1a: Garchomp|191\/357|[from] item: Leftovers\n|-heal|p2a: Clefable|369\/394|[from] item: Leftovers\n|upkeep\n|turn|5\n|choice|move ironhead|move moonblast\n|\n|move|p1a: Garchomp|Iron Head|p2a: Clefable\n|-supereffective|p2a: Clefable\n|-damage|p2a: Clefable|199\/394\n|move|p2a: Clefable|Moonblast|p1a: Garchomp\n|-supereffective|p1a: Garchomp\n|-crit|p1a: Garchomp\n|-damage|p1a: Garchomp|0 fnt\n|faint|p1a: Garchomp\n|\n|-heal|p2a: Clefable|223\/394|[from] item: Leftovers\n|upkeep\n|j|DaniTra\n|j|Kittu1\n|choice|switch 4|\n|\n|switch|p1a: Greninja|Greninja, M|285\/285\n|turn|6\n|j|tanmay and ash\n|c| tanmay and ash|hi i am tanmay\n|c| Kittu1|YO\n|c| Kittu1|aur bhai log ssup\n|choice|move hydropump|move protect\n|\n|move|p2a: Clefable|Protect|p2a: Clefable\n|-singleturn|p2a: Clefable|Protect\n|move|p1a: Greninja|Hydro Pump|p2a: Clefable\n|-activate|p2a: Clefable|move: Protect\n|\n|-heal|p2a: Clefable|247\/394|[from] item: Leftovers\n|upkeep\n|turn|7\n|choice|switch 2|switch 2\n|\n|switch|p1a: Beedrill|Beedrill, M|271\/271\n|switch|p2a: Gyarados|Gyarados, M, shiny|331\/331\n|-damage|p2a: Gyarados|249\/331|[from] Stealth Rock\n|-ability|p2a: Gyarados|Intimidate|boost\n|-unboost|p1a: Beedrill|atk|1\n|\n|upkeep\n|turn|8\n|choice|move uturn mega|move flareblitz\n|\n|detailschange|p1a: Beedrill|Beedrill-Mega, M\n|-mega|p1a: Beedrill|Beedrill|Beedrillite\n|move|p1a: Beedrill|U-turn|p2a: Gyarados\n|-resisted|p2a: Gyarados\n|-damage|p2a: Gyarados|172\/331\n|choice|switch 3|\n|\n|switch|p1a: Tapu Koko|Tapu Koko|281\/281\n|-fieldstart|move: Electric Terrain|[from] ability: Electric Surge|[of] p1a: Tapu Koko\n|move|p2a: Gyarados|Flare Blitz|p1a: Tapu Koko\n|-damage|p1a: Tapu Koko|98\/281\n|-damage|p2a: Gyarados|112\/331|[from] Recoil|[of] p1a: Tapu Koko\n|\n|upkeep\n|turn|9\n|choice|move uturn|switch 3\n|\n|switch|p2a: Mew|Mew|404\/404\n|-damage|p2a: Mew|354\/404|[from] Stealth Rock\n|move|p1a: Tapu Koko|U-turn|p2a: Mew\n|-supereffective|p2a: Mew\n|-damage|p2a: Mew|112\/404\n|choice|switch 3|\n|\n|switch|p1a: Beedrill|Beedrill-Mega, M|271\/271\n|\n|-heal|p2a: Mew|137\/404|[from] item: Leftovers\n|upkeep\n|turn|10\n|choice|move fellstinger|move sacredfire\n|\n|move|p1a: Beedrill|Fell Stinger|p2a: Mew\n|-supereffective|p2a: Mew\n|-damage|p2a: Mew|0 fnt\n|-boost|p1a: Beedrill|atk|3\n|faint|p2a: Mew\n|\n|upkeep\n|choice||switch 6\n|\n|switch|p2a: Landorus|Landorus-Therian, M, shiny|320\/320\n|-damage|p2a: Landorus|280\/320|[from] Stealth Rock\n|-ability|p2a: Landorus|Intimidate|boost\n|-unboost|p1a: Beedrill|atk|1\n|turn|11\n|l|Nick996136\n|l|WillyWonkaFlava\n|choice|move poisonjab|move dragonascent\n|\n|move|p1a: Beedrill|Poison Jab|p2a: Landorus\n|-resisted|p2a: Landorus\n|-damage|p2a: Landorus|43\/320\n|move|p2a: Landorus|Dragon Ascent|p1a: Beedrill\n|-supereffective|p1a: Beedrill\n|-damage|p1a: Beedrill|0 fnt\n|-unboost|p2a: Landorus|def|1\n|-unboost|p2a: Landorus|spd|1\n|faint|p1a: Beedrill\n|\n|upkeep\n|c| Kittu1|whoa\n|choice|switch 2|\n|\n|switch|p1a: Greninja|Greninja, M|285\/285\n|turn|12\n|c|\u2606Lkjhgfdsapoi|close\n|c| Kittu1|yep\n|c|\u2606Lkjhgfdsapoi|im done\n|choice|move watershuriken|switch 5\n|\n|switch|p2a: Serperior|Serperior, M, shiny|292\/292\n|-damage|p2a: Serperior|256\/292|[from] Stealth Rock\n|move|p1a: Greninja|Water Shuriken|p2a: Serperior\n|-resisted|p2a: Serperior\n|-damage|p2a: Serperior|240\/292\n|-resisted|p2a: Serperior\n|-crit|p2a: Serperior\n|-damage|p2a: Serperior|217\/292\n|-resisted|p2a: Serperior\n|-damage|p2a: Serperior|200\/292\n|-resisted|p2a: Serperior\n|-damage|p2a: Serperior|184\/292\n|-resisted|p2a: Serperior\n|-damage|p2a: Serperior|168\/292\n|-hitcount|p2a: Serperior|5\n|-damage|p1a: Greninja|257\/285|[from] item: Life Orb\n|\n|-heal|p2a: Serperior|186\/292|[from] item: Leftovers\n|-fieldend|move: Electric Terrain\n|upkeep\n|turn|13\n|c| Kittu1|maybe\n|choice|move icebeam|move vcreate\n|\n|move|p1a: Greninja|Ice Beam|p2a: Serperior\n|-supereffective|p2a: Serperior\n|-damage|p2a: Serperior|0 fnt\n|-damage|p1a: Greninja|229\/285|[from] item: Life Orb\n|faint|p2a: Serperior\n|-activate|p1a: Greninja|ability: Battle Bond\n|detailschange|p1a: Greninja|Greninja-Ash, M\n|\n|upkeep\n|c| Kittu1|lol\n|c|\u2606Overdragoon|I thought this was banned in the suspect test lol\n|c| Kittu1|hehe ash greninja\n|choice||switch 2\n|\n|switch|p2a: Clefable|Clefable, M, shiny|247\/394\n|-damage|p2a: Clefable|198\/394|[from] Stealth Rock\n|turn|14\n|j|WillyWonkaFlava\n|c|\u2606Lkjhgfdsapoi|oh i just put cool moves on my ou team\n|choice|move hydropump|move moonblast\n|\n|move|p1a: Greninja|Hydro Pump|p2a: Clefable|[miss]\n|-miss|p1a: Greninja|p2a: Clefable\n|move|p2a: Clefable|Moonblast|p1a: Greninja\n|-supereffective|p1a: Greninja\n|-damage|p1a: Greninja|0 fnt\n|faint|p1a: Greninja\n|\n|-heal|p2a: Clefable|222\/394|[from] item: Leftovers\n|upkeep\n|c|\u2606Lkjhgfdsapoi|well played\n|c|\u2606Overdragoon|No I mean\n|choice|switch 3|\n|\n|switch|p1a: Tapu Koko|Tapu Koko|98\/281\n|-fieldstart|move: Electric Terrain|[from] ability: Electric Surge|[of] p1a: Tapu Koko\n|turn|15\n|c|\u2606Overdragoon|Greninja Ash\n|c|\u2606Overdragoon|Is being suspect tested\n|c| Kittu1|maybe\n|c|\u2606Overdragoon|Also, I did the same lol\n|c|\u2606Lkjhgfdsapoi|lol\n|c|\u2606Lkjhgfdsapoi|gg\n|c| Kittu1|lol\n|choice|move uturn|move protect\n|\n|move|p2a: Clefable|Protect|p2a: Clefable\n|-singleturn|p2a: Clefable|Protect\n|move|p1a: Tapu Koko|U-turn|p2a: Clefable\n|-activate|p2a: Clefable|move: Protect\n|\n|-heal|p2a: Clefable|246\/394|[from] item: Leftovers\n|upkeep\n|turn|16\n|c|\u2606Lkjhgfdsapoi|you are really good at the game\n|c|\u2606Overdragoon|Is not over yet.\n|c|\u2606Overdragoon|Thanks\n|c|\u2606Lkjhgfdsapoi|i dunno\n|c| WillyWonkaFlava|i dunno\n|c| WillyWonkaFlava|i do know\n|c| WillyWonkaFlava|it is over\n|l|DaniTra\n|c| WillyWonkaFlava|hitmon cannot sweep\n|c|\u2606Lkjhgfdsapoi|i have 2 physical attackers against two intimidaters\n|choice|move uturn|switch 3\n|\n|switch|p2a: Gyarados|Gyarados, M, shiny|112\/331\n|-damage|p2a: Gyarados|30\/331|[from] Stealth Rock\n|-ability|p2a: Gyarados|Intimidate|boost\n|-unboost|p1a: Tapu Koko|atk|1\n|move|p1a: Tapu Koko|U-turn|p2a: Gyarados\n|-resisted|p2a: Gyarados\n|-damage|p2a: Gyarados|0 fnt\n|faint|p2a: Gyarados\n|choice|switch 5|\n|\n|switch|p1a: Hitmonlee|Hitmonlee, M|241\/241\n|\n|upkeep\n|choice||switch 5\n|\n|switch|p2a: Landorus|Landorus-Therian, M, shiny|43\/320\n|-damage|p2a: Landorus|3\/320|[from] Stealth Rock\n|-ability|p2a: Landorus|Intimidate|boost\n|-unboost|p1a: Hitmonlee|atk|1\n|turn|17\n|c| WillyWonkaFlava|1 intimidator\n|c| WillyWonkaFlava|soon to be 0\n|c|\u2606Lkjhgfdsapoi|now yes\n|choice|move suckerpunch|move dragonascent\n|\n|move|p1a: Hitmonlee|Sucker Punch|p2a: Landorus\n|-damage|p2a: Landorus|0 fnt\n|faint|p2a: Landorus\n|\n|upkeep\n|c|\u2606Overdragoon|reveal prio\n|c|\u2606Overdragoon|lol yeah\n|choice||switch 3\n|\n|switch|p2a: Clefable|Clefable, M, shiny|246\/394\n|-damage|p2a: Clefable|197\/394|[from] Stealth Rock\n|turn|18\n|choice|switch 5|move moonblast\n|\n|switch|p1a: Tapu Koko|Tapu Koko|98\/281\n|move|p2a: Clefable|Moonblast|p1a: Tapu Koko\n|-damage|p1a: Tapu Koko|0 fnt\n|faint|p1a: Tapu Koko\n|\n|-heal|p2a: Clefable|221\/394|[from] item: Leftovers\n|upkeep\n|c|\u2606Lkjhgfdsapoi|sac\n|c|\u2606Lkjhgfdsapoi|rifice\n|choice|switch 5|\n|\n|switch|p1a: Hitmonlee|Hitmonlee, M|241\/241\n|turn|19\n|choice|move fakeout|move protect\n|\n|move|p2a: Clefable|Protect|p2a: Clefable\n|-singleturn|p2a: Clefable|Protect\n|move|p1a: Hitmonlee|Fake Out|p2a: Clefable\n|-activate|p2a: Clefable|move: Protect\n|\n|-heal|p2a: Clefable|245\/394|[from] item: Leftovers\n|-fieldend|move: Electric Terrain\n|upkeep\n|turn|20\n|c|\u2606Lkjhgfdsapoi|my secret unburden weapon was just destroyed\n|c| WillyWonkaFlava|Overdragoon shouldnt have won\n|choice|move poisonjab|move nuzzle\n|\n|move|p1a: Hitmonlee|Poison Jab|p2a: Clefable\n|-supereffective|p2a: Clefable\n|-damage|p2a: Clefable|85\/394\n|-status|p2a: Clefable|psn\n|move|p2a: Clefable|Nuzzle|p1a: Hitmonlee\n|-damage|p1a: Hitmonlee|227\/241\n|-status|p1a: Hitmonlee|par\n|\n|-heal|p2a: Clefable|109\/394 psn|[from] item: Leftovers\n|-damage|p2a: Clefable|60\/394 psn|[from] psn\n|upkeep\n|turn|21\n|c| WillyWonkaFlava|he has no dragons !!!!!\n|choice|move suckerpunch|move moonblast\n|\n|move|p1a: Hitmonlee|Sucker Punch|p2a: Clefable\n|-resisted|p2a: Clefable\n|-damage|p2a: Clefable|25\/394 psn\n|move|p2a: Clefable|Moonblast|p1a: Hitmonlee\n|-supereffective|p1a: Hitmonlee\n|-damage|p1a: Hitmonlee|11\/241 par\n|\n|-heal|p2a: Clefable|49\/394 psn|[from] item: Leftovers\n|-damage|p2a: Clefable|0 fnt|[from] psn\n|upkeep\n|faint|p2a: Clefable\n|choice||switch 4\n|\n|switch|p2a: Heatran|Heatran, M, shiny|325\/325\n|-damage|p2a: Heatran|285\/325|[from] Stealth Rock\n|turn|22\n|c|\u2606Lkjhgfdsapoi|rip\n|j|ghostchimpdamage\n|c|\u2606Overdragoon|gg\n|l|ghostchimpdamage\n|c|\u2606Lkjhgfdsapoi|lee the greatest\n|c|\u2606Lkjhgfdsapoi|but not in pokemon\n|c|\u2606Lkjhgfdsapoi|well played\n|j|Hell rayquaza1\n|c|\u2606Lkjhgfdsapoi|im screwed\n|choice|move highjumpkick|move earthpower\n|\n|move|p2a: Heatran|Earth Power|p1a: Hitmonlee\n|-damage|p1a: Hitmonlee|0 fnt\n|faint|p1a: Hitmonlee\n|\n|win|Overdragoon","inputlog":null,"uploadtime":1508836391,"views":9,"p1id":"lkjhgfdsapoi","p2id":"overdragoon","formatid":"gen7sketchmonssuspecttest","rating":0,"private":0,"password":null}