{"id":"gen7nu-886467746","p1":"Abrasion","p2":"BugCatcherWeevil","format":"gen7nu","log":"|j|\u2606Abrasion\n|j|\u2606BugCatcherWeevil\n|player|p1|Abrasion|1\n|player|p2|BugCatcherWeevil|7\n|teamsize|p1|6\n|teamsize|p2|6\n|gametype|singles\n|gen|7\n|tier|[Gen 7] NU\n|rated|\n|rule|Sleep Clause Mod: Limit one foe put to sleep\n|rule|Species Clause: Limit one of each Pok\u00e9mon\n|rule|OHKO Clause: OHKO moves are banned\n|rule|Moody Clause: Moody is banned\n|rule|Evasion Moves Clause: Evasion moves are banned\n|rule|Endless Battle Clause: Forcing endless battles is banned\n|rule|HP Percentage Mod: HP is shown in percentages\n|clearpoke\n|poke|p1|Archeops, M|item\n|poke|p1|Slowking, M|item\n|poke|p1|Crabominable, M|item\n|poke|p1|Whimsicott, M|item\n|poke|p1|Incineroar, F|item\n|poke|p1|Steelix, F|item\n|poke|p2|Passimian, M|item\n|poke|p2|Abomasnow, F|item\n|poke|p2|Incineroar, M|item\n|poke|p2|Xatu, F|item\n|poke|p2|Steelix, F|item\n|poke|p2|Blastoise, F|item\n|teampreview\n|inactive|Battle timer is ON: inactive players will automatically lose when time's up. (requested by BugCatcherWeevil)\n|inactive|Abrasion has 120 seconds left.\n|inactive|Abrasion has 90 seconds left.\n|\n|start\n|switch|p1a: Crabominable|Crabominable, M|100\/100\n|switch|p2a: Incineroar|Incineroar, M|100\/100\n|-ability|p2a: Incineroar|Intimidate|boost\n|-unboost|p1a: Crabominable|atk|1\n|turn|1\n|\n|move|p1a: Crabominable|Drain Punch|p2a: Incineroar\n|-supereffective|p2a: Incineroar\n|-damage|p2a: Incineroar|14\/100\n|-enditem|p2a: Incineroar|Iapapa Berry|[eat]\n|-heal|p2a: Incineroar|64\/100|[from] item: Iapapa Berry\n|move|p2a: Incineroar|U-turn|p1a: Crabominable\n|-resisted|p1a: Crabominable\n|-damage|p1a: Crabominable|89\/100\n|\n|switch|p2a: Steelix|Steelix, F|100\/100\n|\n|upkeep\n|turn|2\n|\n|move|p1a: Crabominable|Drain Punch|p2a: Steelix\n|-supereffective|p2a: Steelix\n|-damage|p2a: Steelix|49\/100\n|-heal|p1a: Crabominable|100\/100|[from] drain|[of] p2a: Steelix\n|move|p2a: Steelix|Stealth Rock|p1a: Crabominable\n|-sidestart|p1: Abrasion|move: Stealth Rock\n|\n|-heal|p2a: Steelix|55\/100|[from] item: Leftovers\n|upkeep\n|turn|3\n|\n|switch|p1a: Whimsicott|Whimsicott, M|100\/100\n|-damage|p1a: Whimsicott|88\/100|[from] Stealth Rock\n|move|p2a: Steelix|Protect||[still]\n|-fail|p2a: Steelix\n|\n|-heal|p1a: Whimsicott|94\/100|[from] item: Leftovers\n|-heal|p2a: Steelix|62\/100|[from] item: Leftovers\n|upkeep\n|turn|4\n|\n|switch|p1a: Slowking|Slowking, M|100\/100\n|-damage|p1a: Slowking|88\/100|[from] Stealth Rock\n|move|p2a: Steelix|Heavy Slam|p1a: Slowking\n|-resisted|p1a: Slowking\n|-damage|p1a: Slowking|74\/100\n|\n|-heal|p2a: Steelix|68\/100|[from] item: Leftovers\n|upkeep\n|turn|5\n|\n|switch|p2a: Xatu|Xatu, F|100\/100\n|move|p1a: Slowking|Calm Mind|p1a: Slowking\n|-boost|p1a: Slowking|spa|1\n|-boost|p1a: Slowking|spd|1\n|\n|upkeep\n|turn|6\n|\n|move|p2a: Xatu|Thunder Wave|p1a: Slowking\n|-status|p1a: Slowking|par\n|move|p1a: Slowking|Scald|p2a: Xatu\n|-damage|p2a: Xatu|42\/100\n|-status|p2a: Xatu|brn\n|\n|-damage|p2a: Xatu|36\/100 brn|[from] brn\n|upkeep\n|turn|7\n|\n|move|p2a: Xatu|Roost|p2a: Xatu\n|-heal|p2a: Xatu|86\/100 brn\n|-singleturn|p2a: Xatu|move: Roost\n|move|p1a: Slowking|Psyshock|p2a: Xatu\n|-resisted|p2a: Xatu\n|-damage|p2a: Xatu|64\/100 brn\n|\n|-damage|p2a: Xatu|58\/100 brn|[from] brn\n|upkeep\n|turn|8\n|j| ikegukohs\n|\n|move|p2a: Xatu|U-turn|p1a: Slowking\n|-supereffective|p1a: Slowking\n|-crit|p1a: Slowking\n|-damage|p1a: Slowking|61\/100 par\n|\n|switch|p2a: Abomasnow|Abomasnow, F|100\/100\n|move|p1a: Slowking|Slack Off|p1a: Slowking\n|-heal|p1a: Slowking|100\/100 par\n|\n|upkeep\n|turn|9\n|\n|detailschange|p2a: Abomasnow|Abomasnow-Mega, F\n|-mega|p2a: Abomasnow|Abomasnow|Abomasite\n|-weather|Hail|[from] ability: Snow Warning|[of] p2a: Abomasnow\n|move|p2a: Abomasnow|Giga Drain|p1a: Slowking\n|-supereffective|p1a: Slowking\n|-damage|p1a: Slowking|51\/100 par\n|-zpower|p1a: Slowking\n|move|p1a: Slowking|Shattered Psyche|p2a: Abomasnow|[zeffect]\n|-damage|p2a: Abomasnow|24\/100\n|\n|-weather|Hail|[upkeep]\n|-damage|p1a: Slowking|45\/100 par|[from] Hail\n|upkeep\n|turn|10\n|\n|switch|p1a: Incineroar|Incineroar, F|100\/100\n|-damage|p1a: Incineroar|75\/100|[from] Stealth Rock\n|-ability|p1a: Incineroar|Intimidate|boost\n|-unboost|p2a: Abomasnow|atk|1\n|move|p2a: Abomasnow|Giga Drain|p1a: Incineroar\n|-resisted|p1a: Incineroar\n|-damage|p1a: Incineroar|61\/100\n|-heal|p2a: Abomasnow|33\/100|[from] drain|[of] p1a: Incineroar\n|\n|-weather|Hail|[upkeep]\n|-damage|p1a: Incineroar|55\/100|[from] Hail\n|upkeep\n|turn|11\n|\n|switch|p2a: Passimian|Passimian, M|100\/100\n|move|p1a: Incineroar|U-turn|p2a: Passimian\n|-resisted|p2a: Passimian\n|-damage|p2a: Passimian|91\/100\n|\n|switch|p1a: Slowking|Slowking, M|78\/100 par\n|-damage|p1a: Slowking|66\/100 par|[from] Stealth Rock\n|\n|-weather|Hail|[upkeep]\n|-damage|p2a: Passimian|85\/100|[from] Hail\n|-damage|p1a: Slowking|60\/100 par|[from] Hail\n|upkeep\n|turn|12\n|\n|move|p2a: Passimian|U-turn|p1a: Slowking\n|-supereffective|p1a: Slowking\n|-damage|p1a: Slowking|25\/100 par\n|\n|switch|p2a: Abomasnow|Abomasnow-Mega, F|33\/100\n|move|p1a: Slowking|Slack Off|p1a: Slowking\n|-heal|p1a: Slowking|75\/100 par\n|\n|-weather|Hail|[upkeep]\n|-damage|p1a: Slowking|69\/100 par|[from] Hail\n|upkeep\n|turn|13\n|\n|switch|p1a: Incineroar|Incineroar, F|55\/100\n|-damage|p1a: Incineroar|30\/100|[from] Stealth Rock\n|-ability|p1a: Incineroar|Intimidate|boost\n|-unboost|p2a: Abomasnow|atk|1\n|move|p2a: Abomasnow|Giga Drain|p1a: Incineroar\n|-resisted|p1a: Incineroar\n|-damage|p1a: Incineroar|15\/100\n|-heal|p2a: Abomasnow|42\/100|[from] drain|[of] p1a: Incineroar\n|-enditem|p1a: Incineroar|Figy Berry|[eat]\n|-heal|p1a: Incineroar|65\/100|[from] item: Figy Berry\n|\n|-weather|none\n|upkeep\n|turn|14\n|\n|switch|p2a: Incineroar|Incineroar, M|64\/100\n|-ability|p2a: Incineroar|Intimidate|boost\n|-unboost|p1a: Incineroar|atk|1\n|move|p1a: Incineroar|Knock Off|p2a: Incineroar\n|-resisted|p2a: Incineroar\n|-damage|p2a: Incineroar|58\/100\n|\n|upkeep\n|turn|15\n|\n|switch|p1a: Whimsicott|Whimsicott, M|94\/100\n|-damage|p1a: Whimsicott|82\/100|[from] Stealth Rock\n|move|p2a: Incineroar|U-turn|p1a: Whimsicott\n|-damage|p1a: Whimsicott|53\/100\n|\n|switch|p2a: Steelix|Steelix, F|68\/100\n|\n|-heal|p1a: Whimsicott|60\/100|[from] item: Leftovers\n|-heal|p2a: Steelix|74\/100|[from] item: Leftovers\n|upkeep\n|turn|16\n|\n|switch|p1a: Steelix|Steelix, F|100\/100\n|-damage|p1a: Steelix|98\/100|[from] Stealth Rock\n|move|p2a: Steelix|Earthquake|p1a: Steelix\n|-supereffective|p1a: Steelix\n|-damage|p1a: Steelix|55\/100\n|\n|-heal|p2a: Steelix|80\/100|[from] item: Leftovers\n|upkeep\n|turn|17\n|\n|switch|p2a: Xatu|Xatu, F|58\/100 brn\n|move|p1a: Steelix|Flash Cannon|p2a: Xatu\n|-damage|p2a: Xatu|0 fnt\n|faint|p2a: Xatu\n|\n|upkeep\n|\n|switch|p2a: Abomasnow|Abomasnow-Mega, F|42\/100\n|-weather|Hail|[from] ability: Snow Warning|[of] p2a: Abomasnow\n|turn|18\n|\n|move|p1a: Steelix|Flash Cannon|p2a: Abomasnow\n|-supereffective|p2a: Abomasnow\n|-damage|p2a: Abomasnow|0 fnt\n|faint|p2a: Abomasnow\n|\n|-weather|Hail|[upkeep]\n|-damage|p1a: Steelix|49\/100|[from] Hail\n|upkeep\n|-message|BugCatcherWeevil forfeited.\n|\n|win|Abrasion\n|l|\u2606BugCatcherWeevil\n|raw|Abrasion's rating: 1505 &rarr; <strong>1526<\/strong><br \/>(+21 for winning)\n|raw|BugCatcherWeevil's rating: 1521 &rarr; <strong>1500<\/strong><br \/>(-21 for losing)\n|l|\u2606Abrasion\n","uploadtime":1554287139,"views":2,"p1id":"abrasion","p2id":"bugcatcherweevil","formatid":"gen7nu","rating":1500,"private":0,"password":null}