{"id":"gen7ou-953743254","p1":"Lord cube","p2":"fenghu","format":"gen7ou","log":"|j|\u2606Lord cube\n|j|\u2606fenghu\n|player|p1|Lord cube|169|1234\n|player|p2|fenghu|258|1249\n|teamsize|p1|6\n|teamsize|p2|6\n|gametype|singles\n|gen|7\n|tier|[Gen 7] OU\n|rated|\n|rule|Sleep Clause Mod: Limit one foe put to sleep\n|rule|Species Clause: Limit one of each Pok\u00e9mon\n|rule|OHKO Clause: OHKO moves are banned\n|rule|Moody Clause: Moody is banned\n|rule|Evasion Moves Clause: Evasion moves are banned\n|rule|Endless Battle Clause: Forcing endless battles is banned\n|rule|HP Percentage Mod: HP is shown in percentages\n|clearpoke\n|poke|p1|Entei|item\n|poke|p1|Blastoise, M|item\n|poke|p1|Venusaur, M|item\n|poke|p1|Togekiss, F|item\n|poke|p1|Galvantula, F|item\n|poke|p1|Xurkitree|item\n|poke|p2|Pelipper, M|item\n|poke|p2|Greninja, M|item\n|poke|p2|Swampert, F|item\n|poke|p2|Tornadus-Therian, M|item\n|poke|p2|Tapu Koko|item\n|poke|p2|Ferrothorn, F|item\n|teampreview\n|inactive|Battle timer is ON: inactive players will automatically lose when time's up. (requested by Lord cube)\n|inactive|fenghu also wants the timer to be on.\n|l|\u2606fenghu\n|inactive|fenghu disconnected and has a minute to reconnect!\n|player|p2|\n|\n|start\n|switch|p1a: Entei|Entei, shiny|100\/100\n|switch|p2a: Ferrothorn|Ferrothorn, F|100\/100\n|-ability|p1a: Entei|Pressure\n|turn|1\n|j|\u2606fenghu\n|inactive|fenghu reconnected and has 140 seconds left.\n|player|p2|fenghu|258\n|\n|switch|p2a: Pelipper|Pelipper, M|100\/100\n|-weather|RainDance|[from] ability: Drizzle|[of] p2a: Pelipper\n|move|p1a: Entei|Stone Edge|p2a: Pelipper|[miss]\n|-miss|p1a: Entei|p2a: Pelipper\n|\n|-weather|RainDance|[upkeep]\n|upkeep\n|turn|2\n|\n|switch|p1a: Venusaur|Venusaur, M|100\/100\n|move|p2a: Pelipper|Scald|p1a: Venusaur\n|-resisted|p1a: Venusaur\n|-damage|p1a: Venusaur|82\/100\n|-status|p1a: Venusaur|brn\n|\n|-weather|RainDance|[upkeep]\n|-damage|p1a: Venusaur|76\/100 brn|[from] brn\n|upkeep\n|turn|3\n|\n|switch|p1a: Galvantula|Galvantula, F|100\/100\n|switch|p2a: Ferrothorn|Ferrothorn, F|100\/100\n|\n|-weather|RainDance|[upkeep]\n|upkeep\n|turn|4\n|\n|move|p1a: Galvantula|Sticky Web|p2a: Ferrothorn\n|-sidestart|p2: fenghu|move: Sticky Web\n|move|p2a: Ferrothorn|Stealth Rock|p1a: Galvantula\n|-sidestart|p1: Lord cube|move: Stealth Rock\n|\n|-weather|RainDance|[upkeep]\n|upkeep\n|turn|5\n|\n|move|p1a: Galvantula|Thunderbolt|p2a: Ferrothorn\n|-resisted|p2a: Ferrothorn\n|-damage|p2a: Ferrothorn|89\/100\n|move|p2a: Ferrothorn|Leech Seed|p1a: Galvantula\n|-start|p1a: Galvantula|move: Leech Seed\n|\n|-weather|RainDance|[upkeep]\n|-heal|p2a: Ferrothorn|95\/100|[from] item: Leftovers\n|-damage|p1a: Galvantula|88\/100|[from] Leech Seed|[of] p2a: Ferrothorn\n|-heal|p2a: Ferrothorn|100\/100|[silent]\n|upkeep\n|turn|6\n|\n|switch|p1a: Blastoise|Blastoise, M|100\/100\n|-damage|p1a: Blastoise|88\/100|[from] Stealth Rock\n|move|p2a: Ferrothorn|Spikes|p1a: Blastoise\n|-sidestart|p1: Lord cube|Spikes\n|\n|-weather|RainDance|[upkeep]\n|-heal|p1a: Blastoise|94\/100|[from] item: Leftovers\n|upkeep\n|turn|7\n|\n|move|p1a: Blastoise|Aura Sphere|p2a: Ferrothorn\n|-supereffective|p2a: Ferrothorn\n|-damage|p2a: Ferrothorn|69\/100\n|move|p2a: Ferrothorn|Leech Seed|p1a: Blastoise\n|-start|p1a: Blastoise|move: Leech Seed\n|\n|-weather|RainDance|[upkeep]\n|-heal|p1a: Blastoise|99\/100|[from] item: Leftovers\n|-heal|p2a: Ferrothorn|75\/100|[from] item: Leftovers\n|-damage|p1a: Blastoise|88\/100|[from] Leech Seed|[of] p2a: Ferrothorn\n|-heal|p2a: Ferrothorn|88\/100|[silent]\n|upkeep\n|turn|8\n|\n|move|p1a: Blastoise|Rapid Spin|p2a: Ferrothorn\n|-resisted|p2a: Ferrothorn\n|-damage|p2a: Ferrothorn|87\/100\n|-damage|p1a: Blastoise|75\/100|[from] ability: Iron Barbs|[of] p2a: Ferrothorn\n|-end|p1a: Blastoise|Leech Seed|[from] move: Rapid Spin|[of] p1a: Blastoise\n|-sideend|p1: Lord cube|Spikes|[from] move: Rapid Spin|[of] p1a: Blastoise\n|-sideend|p1: Lord cube|Stealth Rock|[from] move: Rapid Spin|[of] p1a: Blastoise\n|move|p2a: Ferrothorn|Gyro Ball|p1a: Blastoise\n|-resisted|p1a: Blastoise\n|-damage|p1a: Blastoise|57\/100\n|\n|-weather|none\n|-heal|p1a: Blastoise|63\/100|[from] item: Leftovers\n|-heal|p2a: Ferrothorn|93\/100|[from] item: Leftovers\n|upkeep\n|turn|9\n|\n|switch|p1a: Entei|Entei, shiny|100\/100\n|-ability|p1a: Entei|Pressure\n|move|p2a: Ferrothorn|Stealth Rock|p1a: Entei\n|-sidestart|p1: Lord cube|move: Stealth Rock\n|\n|-heal|p2a: Ferrothorn|99\/100|[from] item: Leftovers\n|upkeep\n|turn|10\n|\n|move|p1a: Entei|Stone Edge|p2a: Ferrothorn|[miss]\n|-miss|p1a: Entei|p2a: Ferrothorn\n|move|p2a: Ferrothorn|Leech Seed|p1a: Entei\n|-start|p1a: Entei|move: Leech Seed\n|\n|-heal|p2a: Ferrothorn|100\/100|[from] item: Leftovers\n|-damage|p1a: Entei|88\/100|[from] Leech Seed|[of] p2a: Ferrothorn\n|upkeep\n|turn|11\n|\n|switch|p1a: Blastoise|Blastoise, M|63\/100\n|-damage|p1a: Blastoise|51\/100|[from] Stealth Rock\n|move|p2a: Ferrothorn|Gyro Ball|p1a: Blastoise\n|-resisted|p1a: Blastoise\n|-crit|p1a: Blastoise\n|-damage|p1a: Blastoise|22\/100\n|\n|-heal|p1a: Blastoise|28\/100|[from] item: Leftovers\n|upkeep\n|turn|12\n|\n|move|p1a: Blastoise|Rapid Spin|p2a: Ferrothorn\n|-resisted|p2a: Ferrothorn\n|-damage|p2a: Ferrothorn|99\/100\n|-damage|p1a: Blastoise|16\/100|[from] ability: Iron Barbs|[of] p2a: Ferrothorn\n|-sideend|p1: Lord cube|Stealth Rock|[from] move: Rapid Spin|[of] p1a: Blastoise\n|move|p2a: Ferrothorn|Leech Seed|p1a: Blastoise\n|-start|p1a: Blastoise|move: Leech Seed\n|\n|-heal|p1a: Blastoise|22\/100|[from] item: Leftovers\n|-heal|p2a: Ferrothorn|100\/100|[from] item: Leftovers\n|-damage|p1a: Blastoise|10\/100|[from] Leech Seed|[of] p2a: Ferrothorn\n|upkeep\n|turn|13\n|\n|move|p1a: Blastoise|Rapid Spin|p2a: Ferrothorn\n|-resisted|p2a: Ferrothorn\n|-damage|p2a: Ferrothorn|99\/100\n|-damage|p1a: Blastoise|0 fnt|[from] ability: Iron Barbs|[of] p2a: Ferrothorn\n|faint|p1a: Blastoise\n|move|p2a: Ferrothorn|Stealth Rock|p1: Blastoise\n|-sidestart|p1: Lord cube|move: Stealth Rock\n|\n|-heal|p2a: Ferrothorn|100\/100|[from] item: Leftovers\n|upkeep\n|\n|switch|p1a: Entei|Entei, shiny|88\/100\n|-damage|p1a: Entei|63\/100|[from] Stealth Rock\n|-ability|p1a: Entei|Pressure\n|turn|14\n|\n|switch|p2a: Swampert|Swampert, F|100\/100\n|-activate|p2a: Swampert|move: Sticky Web\n|-unboost|p2a: Swampert|spe|1\n|move|p1a: Entei|Sacred Fire|p2a: Swampert\n|-resisted|p2a: Swampert\n|-damage|p2a: Swampert|60\/100\n|\n|upkeep\n|turn|15\n|\n|switch|p1a: Venusaur|Venusaur, M|76\/100 brn\n|-damage|p1a: Venusaur|64\/100 brn|[from] Stealth Rock\n|detailschange|p2a: Swampert|Swampert-Mega, F\n|-mega|p2a: Swampert|Swampert|Swampertite\n|move|p2a: Swampert|Waterfall|p1a: Venusaur\n|-resisted|p1a: Venusaur\n|-damage|p1a: Venusaur|41\/100 brn\n|\n|-damage|p1a: Venusaur|35\/100 brn|[from] brn\n|upkeep\n|turn|16\n|-message|Lord cube forfeited.\n|\n|win|fenghu\n|l|\u2606Lord cube\n|raw|Lord cube's rating: 1234 &rarr; <strong>1210<\/strong><br \/>(-24 for losing)\n|raw|fenghu's rating: 1249 &rarr; <strong>1273<\/strong><br \/>(+24 for winning)\n","uploadtime":1564642394,"views":17,"p1id":"lordcube","p2id":"fenghu","formatid":"gen7ou","rating":1210,"private":0,"password":null}