{"id":"gen7ou-882243238","p1":"why addicted","p2":"fyfyk","format":"gen7ou","log":"|j|\u2606why addicted\n|j|\u2606fyfyk\n|player|p1|why addicted|168\n|player|p2|fyfyk|3\n|teamsize|p1|6\n|teamsize|p2|6\n|gametype|singles\n|gen|7\n|tier|[Gen 7] OU\n|rated|\n|rule|Sleep Clause Mod: Limit one foe put to sleep\n|rule|Species Clause: Limit one of each Pok\u00e9mon\n|rule|OHKO Clause: OHKO moves are banned\n|rule|Moody Clause: Moody is banned\n|rule|Evasion Moves Clause: Evasion moves are banned\n|rule|Endless Battle Clause: Forcing endless battles is banned\n|rule|HP Percentage Mod: HP is shown in percentages\n|clearpoke\n|poke|p1|Mawile, M|item\n|poke|p1|Tapu Fini|item\n|poke|p1|Garchomp, F|item\n|poke|p1|Greninja, M|item\n|poke|p1|Zapdos|item\n|poke|p1|Jirachi|item\n|poke|p2|Reuniclus, F|item\n|poke|p2|Seismitoad, F|item\n|poke|p2|Skarmory, M|item\n|poke|p2|Chansey, F|item\n|poke|p2|Bisharp, M|item\n|poke|p2|Tornadus-Therian, M|item\n|teampreview\n|c|\u2606why addicted|hf\n|j| sstj\n|c|\u2606fyfyk|u2\n|\n|start\n|switch|p1a: Tapu Fini|Tapu Fini|100\/100\n|switch|p2a: Seismitoad|Seismitoad, F|100\/100\n|-fieldstart|move: Misty Terrain|[from] ability: Misty Surge|[of] p1a: Tapu Fini\n|turn|1\n|j| Alex28260\n|l| Alex28260\n|\n|switch|p2a: Tornadus|Tornadus-Therian, M|100\/100\n|move|p1a: Tapu Fini|Nature's Madness|p2a: Tornadus\n|-damage|p2a: Tornadus|51\/100\n|\n|upkeep\n|turn|2\n|\n|move|p2a: Tornadus|Hurricane|p1a: Tapu Fini\n|-damage|p1a: Tapu Fini|64\/100\n|move|p1a: Tapu Fini|Nature's Madness|p2a: Tornadus\n|-damage|p2a: Tornadus|26\/100\n|\n|-heal|p1a: Tapu Fini|70\/100|[from] item: Leftovers\n|upkeep\n|turn|3\n|\n|switch|p2a: Seismitoad|Seismitoad, F|100\/100\n|switch|p1a: Zapdos|Zapdos|100\/100\n|\n|upkeep\n|turn|4\n|j| vusty fans2\n|j| Barbatos Sirius\n|\n|switch|p1a: Mawile|Mawile, M|100\/100\n|-ability|p1a: Mawile|Intimidate|boost\n|-unboost|p2a: Seismitoad|atk|1\n|move|p2a: Seismitoad|Stealth Rock|p1a: Mawile\n|-sidestart|p1: why addicted|move: Stealth Rock\n|\n|upkeep\n|turn|5\n|c| Barbatos Sirius|yhnb\n|\n|switch|p2a: Skarmory|Skarmory, M|100\/100\n|detailschange|p1a: Mawile|Mawile-Mega, M\n|-mega|p1a: Mawile|Mawile|Mawilite\n|move|p1a: Mawile|Knock Off|p2a: Skarmory\n|-damage|p2a: Skarmory|61\/100\n|-damage|p1a: Mawile|84\/100|[from] item: Rocky Helmet|[of] p2a: Skarmory\n|-enditem|p2a: Skarmory|Rocky Helmet|[from] move: Knock Off|[of] p1a: Mawile\n|\n|-fieldend|Misty Terrain\n|upkeep\n|turn|6\n|\n|switch|p1a: Tapu Fini|Tapu Fini|70\/100\n|-damage|p1a: Tapu Fini|58\/100|[from] Stealth Rock\n|-fieldstart|move: Misty Terrain|[from] ability: Misty Surge|[of] p1a: Tapu Fini\n|move|p2a: Skarmory|Roost|p2a: Skarmory\n|-heal|p2a: Skarmory|100\/100\n|-singleturn|p2a: Skarmory|move: Roost\n|\n|-heal|p1a: Tapu Fini|64\/100|[from] item: Leftovers\n|upkeep\n|turn|7\n|c|\u2606fyfyk|yhsb\n|\n|switch|p2a: Bisharp|Bisharp, M|100\/100\n|move|p1a: Tapu Fini|Defog|p2a: Bisharp\n|-unboost|p2a: Bisharp|evasion|1\n|-ability|p2a: Bisharp|Defiant|boost\n|-boost|p2a: Bisharp|atk|2\n|-sideend|p1: why addicted|Stealth Rock|[from] move: Defog|[of] p1a: Tapu Fini\n|\n|-heal|p1a: Tapu Fini|70\/100|[from] item: Leftovers\n|upkeep\n|turn|8\n|\n|switch|p1a: Zapdos|Zapdos|100\/100\n|move|p2a: Bisharp|Knock Off|p1a: Zapdos\n|-damage|p1a: Zapdos|25\/100\n|-enditem|p1a: Zapdos|Leftovers|[from] move: Knock Off|[of] p2a: Bisharp\n|\n|upkeep\n|turn|9\n|\n|move|p2a: Bisharp|Knock Off|p1a: Zapdos\n|-damage|p1a: Zapdos|0 fnt\n|faint|p1a: Zapdos\n|\n|upkeep\n|\n|switch|p1a: Greninja|Greninja, M|100\/100\n|turn|10\n|\n|switch|p2a: Chansey|Chansey, F|100\/100\n|switch|p1a: Garchomp|Garchomp, F|100\/100\n|\n|-fieldend|Misty Terrain\n|upkeep\n|turn|11\n|\n|move|p1a: Garchomp|Stealth Rock|p2a: Chansey\n|-sidestart|p2: fyfyk|move: Stealth Rock\n|move|p2a: Chansey|Toxic|p1a: Garchomp\n|-status|p1a: Garchomp|tox\n|\n|-damage|p1a: Garchomp|94\/100 tox|[from] psn\n|upkeep\n|turn|12\n|\n|switch|p2a: Skarmory|Skarmory, M|100\/100\n|-damage|p2a: Skarmory|88\/100|[from] Stealth Rock\n|move|p1a: Garchomp|Swords Dance|p1a: Garchomp\n|-boost|p1a: Garchomp|atk|2\n|\n|-damage|p1a: Garchomp|82\/100 tox|[from] psn\n|upkeep\n|turn|13\n|\n|move|p1a: Garchomp|Swords Dance|p1a: Garchomp\n|-boost|p1a: Garchomp|atk|2\n|move|p2a: Skarmory|Roost|p2a: Skarmory\n|-heal|p2a: Skarmory|100\/100\n|-singleturn|p2a: Skarmory|move: Roost\n|\n|-damage|p1a: Garchomp|64\/100 tox|[from] psn\n|upkeep\n|turn|14\n|\n|move|p1a: Garchomp|Earthquake|p2a: Skarmory\n|-immune|p2a: Skarmory\n|move|p2a: Skarmory|Roost||[still]\n|-fail|p2a: Skarmory\n|\n|-damage|p1a: Garchomp|39\/100 tox|[from] psn\n|upkeep\n|turn|15\n|\n|-zpower|p1a: Garchomp\n|move|p1a: Garchomp|Continental Crush|p2a: Skarmory|[zeffect]\n|-crit|p2a: Skarmory\n|-ability|p2a: Skarmory|Sturdy\n|-damage|p2a: Skarmory|1\/100\n|move|p2a: Skarmory|Roost|p2a: Skarmory\n|-heal|p2a: Skarmory|51\/100\n|-singleturn|p2a: Skarmory|move: Roost\n|\n|-damage|p1a: Garchomp|8\/100 tox|[from] psn\n|upkeep\n|turn|16\n|\n|move|p1a: Garchomp|Stone Edge|p2a: Skarmory\n|-damage|p2a: Skarmory|0 fnt\n|faint|p2a: Skarmory\n|\n|-damage|p1a: Garchomp|0 fnt|[from] psn\n|faint|p1a: Garchomp\n|upkeep\n|\n|switch|p1a: Mawile|Mawile-Mega, M|84\/100\n|switch|p2a: Seismitoad|Seismitoad, F|100\/100\n|-damage|p2a: Seismitoad|94\/100|[from] Stealth Rock\n|turn|17\n|\n|move|p2a: Seismitoad|Earthquake|p1a: Mawile\n|-supereffective|p1a: Mawile\n|-crit|p1a: Mawile\n|-damage|p1a: Mawile|0 fnt\n|faint|p1a: Mawile\n|\n|upkeep\n|c|\u2606why addicted|gg\n|c|\u2606fyfyk|sry\n|-message|why addicted forfeited.\n|\n|win|fyfyk\n|c|\u2606why addicted|nah\n|c|\u2606fyfyk|sry\n|raw|why addicted's rating: 1947 &rarr; <strong>1930<\/strong><br \/>(-17 for losing)\n|raw|fyfyk's rating: 1994 &rarr; <strong>2011<\/strong><br \/>(+17 for winning)\n|l| Barbatos Sirius\n","uploadtime":1553605945,"views":242,"p1id":"whyaddicted","p2id":"fyfyk","formatid":"gen7ou","rating":1930,"private":0,"password":null}