{"id":"gen7ou-658421201","p1":"Rebel casasas","p2":"Toxabelle","format":"gen7ou","log":"|j|Rebel casasas\n|j|Toxabelle\n|inactive|Battle timer is ON: inactive players will automatically lose when time's up.\n|player|p1|Rebel casasas|153\n|teamsize|p1|6\n|player|p2|Toxabelle|238\n|teamsize|p2|6\n|gametype|singles\n|gen|7\n|tier|[Gen 7] OU\n|rated|Tournament battle\n|seed|4396,33838,61423,32964\n|rule|Sleep Clause Mod: Limit one foe put to sleep\n|rule|Species Clause: Limit one of each Pok\u00e9mon\n|rule|OHKO Clause: OHKO moves are banned\n|rule|Moody Clause: Moody is banned\n|rule|Evasion Moves Clause: Evasion moves are banned\n|rule|Endless Battle Clause: Forcing endless battles is banned\n|rule|HP Percentage Mod: HP is shown in percentages\n|clearpoke\n|poke|p1|Hawlucha, F|item\n|poke|p1|Tapu Koko|item\n|poke|p1|Greninja, F|item\n|poke|p1|Scizor, F|item\n|poke|p1|Tangrowth, F|item\n|poke|p1|Toxapex, F|item\n|poke|p2|Venusaur, M|item\n|poke|p2|Keldeo-Resolute|item\n|poke|p2|Skarmory, F|item\n|poke|p2|Chansey, F|item\n|poke|p2|Heatran, F|item\n|poke|p2|Bisharp, F|item\n|teampreview\n|choice|team 2, team 1, team 3, team 4, team 5, team 6|team 1, team 2, team 3, team 4, team 5, team 6\n|\n|start\n|switch|p1a: Tapu Koko|Tapu Koko|281\/281\n|switch|p2a: Venusaur|Venusaur, M|363\/363\n|-fieldstart|move: Electric Terrain|[from] ability: Electric Surge|[of] p1a: Tapu Koko\n|turn|1\n|choice|move voltswitch|move gigadrain mega\n|\n|detailschange|p2a: Venusaur|Venusaur-Mega, M\n|-mega|p2a: Venusaur|Venusaur|Venusaurite\n|move|p1a: Tapu Koko|Volt Switch|p2a: Venusaur\n|-resisted|p2a: Venusaur\n|-damage|p2a: Venusaur|264\/363\n|choice|switch 2|\n|\n|switch|p1a: Hawlucha|Hawlucha, F|343\/343\n|-enditem|p1a: Hawlucha|Electric Seed\n|-boost|p1a: Hawlucha|def|1\n|move|p2a: Venusaur|Giga Drain|p1a: Hawlucha\n|-resisted|p1a: Hawlucha\n|-damage|p1a: Hawlucha|261\/343\n|-heal|p2a: Venusaur|305\/363|[from] drain|[of] p1a: Hawlucha\n|\n|upkeep\n|turn|2\n|j|ABK\u30c41997\u266b\u2606\n|choice|move swordsdance|switch 3\n|\n|switch|p2a: Skarmory|Skarmory, F|333\/333\n|move|p1a: Hawlucha|Swords Dance|p1a: Hawlucha\n|-boost|p1a: Hawlucha|atk|2\n|\n|upkeep\n|turn|3\n|choice|move highjumpkick|move bravebird\n|\n|move|p1a: Hawlucha|High Jump Kick|p2a: Skarmory\n|-damage|p2a: Skarmory|114\/333\n|-damage|p1a: Hawlucha|204\/343|[from] item: Rocky Helmet|[of] p2a: Skarmory\n|move|p2a: Skarmory|Brave Bird|p1a: Hawlucha\n|-supereffective|p1a: Hawlucha\n|-damage|p1a: Hawlucha|18\/343\n|-damage|p2a: Skarmory|53\/333|[from] Recoil|[of] p1a: Hawlucha\n|\n|upkeep\n|turn|4\n|c| ABK\u30c41997\u266b\u2606|wishkiller\n|c| ABK\u30c41997\u266b\u2606|thats so disgusting\n|inactive|Toxabelle has 135 seconds left.\n|choice|move roost|move roost\n|\n|move|p1a: Hawlucha|Roost|p1a: Hawlucha\n|-heal|p1a: Hawlucha|190\/343\n|move|p2a: Skarmory|Roost|p2a: Skarmory\n|-heal|p2a: Skarmory|220\/333\n|\n|upkeep\n|turn|5\n|choice|move roost|move whirlwind\n|\n|move|p1a: Hawlucha|Roost|p1a: Hawlucha\n|-heal|p1a: Hawlucha|343\/343\n|move|p2a: Skarmory|Whirlwind|p1a: Hawlucha\n|drag|p1a: Scizor|Scizor, F|343\/343\n|\n|-fieldend|move: Electric Terrain\n|upkeep\n|turn|6\n|choice|move uturn mega|move spikes\n|\n|detailschange|p1a: Scizor|Scizor-Mega, F\n|-mega|p1a: Scizor|Scizor|Scizorite\n|move|p1a: Scizor|U-turn|p2a: Skarmory\n|-resisted|p2a: Skarmory\n|-damage|p2a: Skarmory|203\/333\n|-damage|p1a: Scizor|286\/343|[from] item: Rocky Helmet|[of] p2a: Skarmory\n|choice|switch 2|\n|\n|switch|p1a: Tapu Koko|Tapu Koko|281\/281\n|-fieldstart|move: Electric Terrain|[from] ability: Electric Surge|[of] p1a: Tapu Koko\n|move|p2a: Skarmory|Spikes|p1a: Tapu Koko\n|-sidestart|p1: Rebel casasas|Spikes\n|\n|upkeep\n|turn|7\n|choice|move voltswitch|switch 4\n|\n|switch|p2a: Chansey|Chansey, F|703\/703\n|move|p1a: Tapu Koko|Volt Switch|p2a: Chansey\n|-damage|p2a: Chansey|571\/703\n|choice|switch 4|\n|\n|switch|p1a: Hawlucha|Hawlucha, F|343\/343\n|\n|upkeep\n|turn|8\n|c|\u2606Toxabelle|specs koko is even more disgusting\n|choice|move swordsdance|move thunderwave\n|\n|move|p1a: Hawlucha|Swords Dance|p1a: Hawlucha\n|-boost|p1a: Hawlucha|atk|2\n|move|p2a: Chansey|Thunder Wave|p1a: Hawlucha\n|-status|p1a: Hawlucha|par\n|\n|upkeep\n|turn|9\n|choice|move highjumpkick|switch 4\n|\n|switch|p2a: Skarmory|Skarmory, F|203\/333\n|move|p1a: Hawlucha|High Jump Kick|p2a: Skarmory\n|-damage|p2a: Skarmory|0 fnt\n|-damage|p1a: Hawlucha|286\/343 par|[from] item: Rocky Helmet|[of] p2a: Skarmory\n|faint|p2a: Skarmory\n|\n|upkeep\n|J|supa hot fiaro\n|choice||switch 2\n|\n|switch|p2a: Keldeo|Keldeo-Resolute|323\/323\n|turn|10\n|choice|move acrobatics|move substitute\n|\n|move|p2a: Keldeo|Substitute|p2a: Keldeo\n|-start|p2a: Keldeo|Substitute\n|-damage|p2a: Keldeo|243\/323\n|move|p1a: Hawlucha|Acrobatics|p2a: Keldeo\n|-supereffective|p2a: Keldeo\n|-crit|p2a: Keldeo\n|-end|p2a: Keldeo|Substitute\n|\n|-heal|p2a: Keldeo|263\/323|[from] item: Leftovers\n|-fieldend|move: Electric Terrain\n|upkeep\n|turn|11\n|c| ABK\u30c41997\u266b\u2606|wishkiller is more disgusting\n|choice|move acrobatics|move substitute\n|\n|move|p2a: Keldeo|Substitute|p2a: Keldeo\n|-start|p2a: Keldeo|Substitute\n|-damage|p2a: Keldeo|183\/323\n|move|p1a: Hawlucha|Acrobatics|p2a: Keldeo\n|-supereffective|p2a: Keldeo\n|-end|p2a: Keldeo|Substitute\n|\n|-heal|p2a: Keldeo|203\/323|[from] item: Leftovers\n|upkeep\n|turn|12\n|choice|move acrobatics|move substitute\n|\n|move|p2a: Keldeo|Substitute|p2a: Keldeo\n|-start|p2a: Keldeo|Substitute\n|-damage|p2a: Keldeo|123\/323\n|move|p1a: Hawlucha|Acrobatics|p2a: Keldeo\n|-supereffective|p2a: Keldeo\n|-end|p2a: Keldeo|Substitute\n|\n|-heal|p2a: Keldeo|143\/323|[from] item: Leftovers\n|upkeep\n|turn|13\n|choice|move acrobatics|move substitute\n|\n|move|p2a: Keldeo|Substitute|p2a: Keldeo\n|-start|p2a: Keldeo|Substitute\n|-damage|p2a: Keldeo|63\/323\n|cant|p1a: Hawlucha|par\n|\n|-heal|p2a: Keldeo|83\/323|[from] item: Leftovers\n|upkeep\n|turn|14\n|c| ABK\u30c41997\u266b\u2606|thats a 4 year old team\n|choice|move acrobatics|move scald\n|\n|move|p2a: Keldeo|Scald|p1a: Hawlucha\n|-crit|p1a: Hawlucha\n|-damage|p1a: Hawlucha|0 fnt\n|faint|p1a: Hawlucha\n|\n|-heal|p2a: Keldeo|103\/323|[from] item: Leftovers\n|upkeep\n|choice|switch 4|\n|\n|switch|p1a: Tapu Koko|Tapu Koko|281\/281\n|-damage|p1a: Tapu Koko|246\/281|[from] Spikes\n|-fieldstart|move: Electric Terrain|[from] ability: Electric Surge|[of] p1a: Tapu Koko\n|turn|15\n|j|Pretty bad alt.\n|c|\u2606Rebel casasas|mine?\n|choice|move voltswitch|move scald\n|\n|move|p1a: Tapu Koko|Volt Switch|p2a: Keldeo\n|-supereffective|p2a: Keldeo\n|-end|p2a: Keldeo|Substitute\n|choice|switch 5|\n|\n|switch|p1a: Tangrowth|Tangrowth, F|403\/403\n|-damage|p1a: Tangrowth|353\/403|[from] Spikes\n|move|p2a: Keldeo|Scald|p1a: Tangrowth\n|-resisted|p1a: Tangrowth\n|-damage|p1a: Tangrowth|306\/403\n|\n|-heal|p2a: Keldeo|123\/323|[from] item: Leftovers\n|upkeep\n|turn|16\n|c| ABK\u30c41997\u266b\u2606|toxabelle's\n|choice|move earthquake|switch 3\n|\n|switch|p2a: Venusaur|Venusaur-Mega, M|305\/363\n|move|p1a: Tangrowth|Earthquake|p2a: Venusaur\n|-damage|p2a: Venusaur|253\/363\n|\n|upkeep\n|turn|17\n|c|\u2606Rebel casasas|okey\n|choice|switch 2|move hiddenpower\n|\n|switch|p1a: Scizor|Scizor-Mega, F|286\/343\n|-damage|p1a: Scizor|244\/343|[from] Spikes\n|move|p2a: Venusaur|Hidden Power|p1a: Scizor\n|-supereffective|p1a: Scizor\n|-damage|p1a: Scizor|32\/343\n|\n|upkeep\n|turn|18\n|inactive|Toxabelle has 135 seconds left.\n|l|ABK\u30c41997\u266b\u2606\n|inactive|Toxabelle has 120 seconds left.\n|inactive|Toxabelle has 105 seconds left.\n|choice|switch 6|move hiddenpower\n|\n|switch|p1a: Toxapex|Toxapex, F|303\/303\n|-damage|p1a: Toxapex|266\/303|[from] Spikes\n|move|p2a: Venusaur|Hidden Power|p1a: Toxapex\n|-resisted|p1a: Toxapex\n|-crit|p1a: Toxapex\n|-damage|p1a: Toxapex|240\/303\n|\n|-heal|p1a: Toxapex|258\/303|[from] item: Black Sludge\n|upkeep\n|turn|19\n|inactive|Rebel casasas has 135 seconds left.\n|inactive|Rebel casasas has 120 seconds left.\n|choice|move toxicspikes|switch 3\n|\n|switch|p2a: Keldeo|Keldeo-Resolute|123\/323\n|move|p1a: Toxapex|Toxic Spikes|p2a: Keldeo\n|-sidestart|p2: Toxabelle|move: Toxic Spikes\n|\n|-heal|p2a: Keldeo|143\/323|[from] item: Leftovers\n|-heal|p1a: Toxapex|276\/303|[from] item: Black Sludge\n|-fieldend|move: Electric Terrain\n|upkeep\n|turn|20\n|choice|switch 2|move scald\n|\n|switch|p1a: Tangrowth|Tangrowth, F|403\/403\n|-damage|p1a: Tangrowth|353\/403|[from] Spikes\n|move|p2a: Keldeo|Scald|p1a: Tangrowth\n|-resisted|p1a: Tangrowth\n|-damage|p1a: Tangrowth|302\/403\n|-status|p1a: Tangrowth|brn\n|\n|-heal|p2a: Keldeo|163\/323|[from] item: Leftovers\n|-damage|p1a: Tangrowth|277\/403 brn|[from] brn\n|upkeep\n|turn|21\n|choice|move gigadrain|switch 3\n|\n|switch|p2a: Venusaur|Venusaur-Mega, M|253\/363\n|-sideend|p2: Toxabelle|move: Toxic Spikes|[of] p2a: Venusaur\n|move|p1a: Tangrowth|Giga Drain|p2a: Venusaur\n|-resisted|p2a: Venusaur\n|-damage|p2a: Venusaur|233\/363\n|-heal|p1a: Tangrowth|287\/403 brn|[from] drain|[of] p2a: Venusaur\n|\n|-damage|p1a: Tangrowth|262\/403 brn|[from] brn\n|upkeep\n|turn|22\n|choice|switch 3|move gigadrain\n|\n|switch|p1a: Greninja|Greninja, F|285\/285\n|-damage|p1a: Greninja|250\/285|[from] Spikes\n|move|p2a: Venusaur|Giga Drain|p1a: Greninja\n|-supereffective|p1a: Greninja\n|-crit|p1a: Greninja\n|-damage|p1a: Greninja|0 fnt\n|-heal|p2a: Venusaur|358\/363|[from] drain|[of] p1a: Greninja\n|faint|p1a: Greninja\n|\n|upkeep\n|c|\u2606Rebel casasas|nice cirt\n|choice|switch 5|\n|\n|switch|p1a: Tapu Koko|Tapu Koko|246\/281\n|-damage|p1a: Tapu Koko|211\/281|[from] Spikes\n|-fieldstart|move: Electric Terrain|[from] ability: Electric Surge|[of] p1a: Tapu Koko\n|turn|23\n|c|\u2606Toxabelle|didnt matter\n|j|AlexZale\u2605\n|inactive|Toxabelle has 135 seconds left.\n|choice|move voltswitch|move sludgebomb\n|\n|move|p1a: Tapu Koko|Volt Switch|p2a: Venusaur\n|-resisted|p2a: Venusaur\n|-damage|p2a: Venusaur|271\/363\n|choice|switch 6|\n|\n|switch|p1a: Scizor|Scizor-Mega, F|32\/343\n|-damage|p1a: Scizor|0 fnt|[from] Spikes\n|faint|p1a: Scizor\n|move|p2a: Venusaur|Sludge Bomb|p1: Scizor|[notarget]\n|-notarget\n|\n|upkeep\n|l|AlexZale\u2605\n|choice|switch 3|\n|\n|switch|p1a: Tangrowth|Tangrowth, F|396\/403 brn\n|-damage|p1a: Tangrowth|346\/403 brn|[from] Spikes\n|turn|24\n|l|Pretty bad alt.\n|choice|move hiddenpower|move sludgebomb\n|\n|move|p2a: Venusaur|Sludge Bomb|p1a: Tangrowth\n|-supereffective|p1a: Tangrowth\n|-damage|p1a: Tangrowth|170\/403 brn\n|move|p1a: Tangrowth|Hidden Power|p2a: Venusaur\n|-supereffective|p2a: Venusaur\n|-damage|p2a: Venusaur|231\/363\n|\n|-damage|p1a: Tangrowth|145\/403 brn|[from] brn\n|upkeep\n|turn|25\n|-message|Rebel casasas forfeited.\n|\n|win|Toxabelle\n|l|Rebel casasas\n|c|\u2606Toxabelle|gg","inputlog":null,"uploadtime":1510491857,"views":39,"p1id":"rebelcasasas","p2id":"toxabelle","formatid":"gen7ou","rating":0,"private":0,"password":null}