{"id":"gen7ou-1703370590","p1":"BTLT007 SF'","p2":"Imprima Red","format":"gen7ou","log":"|j|\u2606BTLT007 SF'\n|j|\u2606Imprima Red\n|t:|1667655886\n|gametype|singles\n|player|p1|BTLT007 SF'|palmer|1659\n|player|p2|Imprima Red|red|1563\n|teamsize|p1|6\n|teamsize|p2|6\n|gen|7\n|tier|[Gen 7] OU\n|rated|\n|rule|Sleep Clause Mod: Limit one foe put to sleep\n|rule|Species Clause: Limit one of each Pok\u00e9mon\n|rule|OHKO Clause: OHKO moves are banned\n|rule|Moody Clause: Moody is banned\n|rule|Evasion Items Clause: Evasion items are banned\n|rule|Evasion Moves Clause: Evasion moves are banned\n|rule|Endless Battle Clause: Forcing endless battles is banned\n|rule|HP Percentage Mod: HP is shown in percentages\n|clearpoke\n|poke|p1|Medicham, F|item\n|poke|p1|Tornadus-Therian, M|item\n|poke|p1|Landorus-Therian, M|item\n|poke|p1|Greninja, M|item\n|poke|p1|Rotom-Wash|item\n|poke|p1|Magearna|item\n|poke|p2|Bronzong|item\n|poke|p2|Cresselia, F|item\n|poke|p2|Magearna|item\n|poke|p2|Marowak-Alola, F|item\n|poke|p2|Mawile, M|item\n|poke|p2|Crawdaunt, F|item\n|teampreview\n|inactive|Battle timer is ON: inactive players will automatically lose when time's up. (requested by BTLT007 SF')\n|\n|t:|1667655902\n|start\n|switch|p1a: Greninja|Greninja, M|100\/100\n|switch|p2a: I'm high|Bronzong, shiny|100\/100\n|turn|1\n|\n|t:|1667655928\n|move|p1a: Greninja|Dark Pulse|p2a: I'm high\n|-supereffective|p2a: I'm high\n|-damage|p2a: I'm high|3\/100\n|cant|p2a: I'm high|flinch\n|\n|upkeep\n|turn|2\n|\n|t:|1667655934\n|switch|p2a: Ima bitch|Magearna|100\/100\n|move|p1a: Greninja|Dark Pulse|p2a: Ima bitch\n|-resisted|p2a: Ima bitch\n|-damage|p2a: Ima bitch|79\/100\n|\n|upkeep\n|turn|3\n|\n|t:|1667655938\n|switch|p1a: Magearna|Magearna|100\/100\n|move|p2a: Ima bitch|Trick Room|p2a: Ima bitch\n|-fieldstart|move: Trick Room|[of] p2a: Ima bitch\n|\n|upkeep\n|turn|4\n|\n|t:|1667655945\n|switch|p2a: I'm sad..|Marowak-Alola, F, shiny|100\/100\n|move|p1a: Magearna|Iron Head|p2a: I'm sad..\n|-resisted|p2a: I'm sad..\n|-damage|p2a: I'm sad..|88\/100\n|\n|upkeep\n|turn|5\n|\n|t:|1667655951\n|switch|p1a: Tornadus|Tornadus-Therian, M|100\/100\n|move|p2a: I'm sad..|Swords Dance|p2a: I'm sad..\n|-boost|p2a: I'm sad..|atk|2\n|\n|upkeep\n|turn|6\n|\n|t:|1667655961\n|move|p2a: I'm sad..|Shadow Bone|p1a: Tornadus\n|-damage|p1a: Tornadus|0 fnt\n|faint|p1a: Tornadus\n|\n|upkeep\n|\n|t:|1667655966\n|switch|p1a: Greninja|Greninja, M|100\/100\n|turn|7\n|\n|t:|1667655970\n|switch|p2a: Ima bitch|Magearna|79\/100\n|move|p1a: Greninja|Water Shuriken|p2a: Ima bitch\n|-damage|p2a: Ima bitch|70\/100\n|-damage|p2a: Ima bitch|62\/100\n|-damage|p2a: Ima bitch|53\/100\n|-damage|p2a: Ima bitch|45\/100\n|-hitcount|p2a: Ima bitch|4\n|\n|-fieldend|move: Trick Room\n|upkeep\n|turn|8\n|\n|t:|1667655982\n|switch|p1a: Magearna|Magearna|100\/100\n|move|p2a: Ima bitch|Aura Sphere|p1a: Magearna\n|-damage|p1a: Magearna|88\/100\n|\n|upkeep\n|turn|9\n|\n|t:|1667655988\n|move|p1a: Magearna|Iron Head|p2a: Ima bitch\n|-damage|p2a: Ima bitch|23\/100\n|move|p2a: Ima bitch|Trick Room|p2a: Ima bitch\n|-fieldstart|move: Trick Room|[of] p2a: Ima bitch\n|\n|upkeep\n|turn|10\n|\n|t:|1667655995\n|switch|p1a: Landorus|Landorus-Therian, M|100\/100\n|-ability|p1a: Landorus|Intimidate|boost\n|-unboost|p2a: Ima bitch|atk|1\n|-zpower|p2a: Ima bitch\n|move|p2a: Ima bitch|Twinkle Tackle|p1a: Landorus|[zeffect]\n|-crit|p1a: Landorus\n|-damage|p1a: Landorus|0 fnt\n|faint|p1a: Landorus\n|-ability|p2a: Ima bitch|Soul-Heart|boost\n|-boost|p2a: Ima bitch|spa|1\n|\n|upkeep\n|\n|t:|1667656001\n|switch|p1a: Greninja|Greninja, M|100\/100\n|turn|11\n|\n|t:|1667656008\n|switch|p2a: I'm embarassed|Cresselia, F, shiny|100\/100\n|move|p1a: Greninja|Water Shuriken|p2a: I'm embarassed\n|-damage|p2a: I'm embarassed|94\/100\n|-damage|p2a: I'm embarassed|88\/100\n|-damage|p2a: I'm embarassed|82\/100\n|-damage|p2a: I'm embarassed|77\/100\n|-damage|p2a: I'm embarassed|71\/100\n|-hitcount|p2a: I'm embarassed|5\n|\n|-heal|p2a: I'm embarassed|77\/100|[from] item: Leftovers\n|upkeep\n|turn|12\n|\n|t:|1667656016\n|switch|p1a: Rotom|Rotom-Wash|100\/100\n|move|p2a: I'm embarassed|Toxic|p1a: Rotom\n|-status|p1a: Rotom|tox\n|\n|-heal|p2a: I'm embarassed|83\/100|[from] item: Leftovers\n|-damage|p1a: Rotom|94\/100 tox|[from] psn\n|upkeep\n|turn|13\n|\n|t:|1667656026\n|switch|p2a: I'm high|Bronzong, shiny|3\/100\n|move|p1a: Rotom|Trick|p2a: I'm high\n|-activate|p1a: Rotom|move: Trick|[of] p2a: I'm high\n|-item|p2a: I'm high|Choice Scarf|[from] move: Trick\n|-item|p1a: Rotom|Mental Herb|[from] move: Trick\n|\n|-damage|p1a: Rotom|82\/100 tox|[from] psn\n|-fieldend|move: Trick Room\n|upkeep\n|turn|14\n|\n|t:|1667656044\n|move|p1a: Rotom|Volt Switch|p2a: I'm high\n|-damage|p2a: I'm high|0 fnt\n|faint|p2a: I'm high\n|\n|t:|1667656052\n|switch|p1a: Medicham|Medicham, F|100\/100|[from]move: Volt Switch\n|\n|upkeep\n|\n|t:|1667656056\n|switch|p2a: I'm embarassed|Cresselia, F, shiny|83\/100\n|turn|15\n|\n|t:|1667656059\n|detailschange|p1a: Medicham|Medicham-Mega, F\n|-mega|p1a: Medicham|Medicham|Medichamite\n|move|p1a: Medicham|Fake Out|p2a: I'm embarassed\n|-damage|p2a: I'm embarassed|70\/100\n|cant|p2a: I'm embarassed|flinch\n|\n|-heal|p2a: I'm embarassed|76\/100|[from] item: Leftovers\n|upkeep\n|turn|16\n|\n|t:|1667656072\n|move|p1a: Medicham|Ice Punch|p2a: I'm embarassed\n|-damage|p2a: I'm embarassed|51\/100\n|move|p2a: I'm embarassed|Trick Room|p2a: I'm embarassed\n|-fieldstart|move: Trick Room|[of] p2a: I'm embarassed\n|\n|-heal|p2a: I'm embarassed|57\/100|[from] item: Leftovers\n|upkeep\n|turn|17\n|\n|t:|1667656078\n|switch|p1a: Rotom|Rotom-Wash|82\/100 tox\n|move|p2a: I'm embarassed|Moonlight|p2a: I'm embarassed\n|-heal|p2a: I'm embarassed|100\/100\n|\n|-damage|p1a: Rotom|76\/100 tox|[from] psn\n|upkeep\n|turn|18\n|\n|t:|1667656090\n|switch|p2a: Ima bitch|Magearna|23\/100\n|move|p1a: Rotom|Trick||[still]\n|-fail|p1a: Rotom\n|\n|-damage|p1a: Rotom|64\/100 tox|[from] psn\n|upkeep\n|turn|19\n|\n|t:|1667656094\n|switch|p1a: Magearna|Magearna|88\/100\n|move|p2a: Ima bitch|Fleur Cannon|p1a: Magearna\n|-resisted|p1a: Magearna\n|-damage|p1a: Magearna|71\/100\n|-unboost|p2a: Ima bitch|spa|2\n|\n|upkeep\n|turn|20\n|j| Zedd Nikki\n|\n|t:|1667656100\n|switch|p2a: I'm embarassed|Cresselia, F, shiny|100\/100\n|switch|p1a: Greninja|Greninja, M|100\/100\n|\n|-fieldend|move: Trick Room\n|upkeep\n|turn|21\n|\n|t:|1667656104\n|move|p1a: Greninja|Dark Pulse|p2a: I'm embarassed\n|-supereffective|p2a: I'm embarassed\n|-damage|p2a: I'm embarassed|41\/100\n|move|p2a: I'm embarassed|Trick Room|p2a: I'm embarassed\n|-fieldstart|move: Trick Room|[of] p2a: I'm embarassed\n|\n|-heal|p2a: I'm embarassed|47\/100|[from] item: Leftovers\n|upkeep\n|turn|22\n|\n|t:|1667656110\n|switch|p2a: I'm thug|Crawdaunt, F, shiny|100\/100\n|move|p1a: Greninja|Dark Pulse|p2a: I'm thug\n|-resisted|p2a: I'm thug\n|-damage|p2a: I'm thug|57\/100\n|\n|upkeep\n|turn|23\n|\n|t:|1667656119\n|switch|p1a: Magearna|Magearna|71\/100\n|move|p2a: I'm thug|Crabhammer|p1a: Magearna\n|-damage|p1a: Magearna|0 fnt\n|faint|p1a: Magearna\n|-damage|p2a: I'm thug|47\/100|[from] item: Life Orb\n|\n|upkeep\n|\n|t:|1667656127\n|switch|p1a: Medicham|Medicham-Mega, F|100\/100\n|turn|24\n|\n|t:|1667656131\n|switch|p2a: I'm.. just weird|Mawile, M, shiny|100\/100\n|-ability|p2a: I'm.. just weird|Intimidate|boost\n|-unboost|p1a: Medicham|atk|1\n|move|p1a: Medicham|Fake Out|p2a: I'm.. just weird\n|-resisted|p2a: I'm.. just weird\n|-damage|p2a: I'm.. just weird|91\/100\n|\n|upkeep\n|turn|25\n|\n|t:|1667656138\n|switch|p1a: Rotom|Rotom-Wash|64\/100 tox\n|detailschange|p2a: I'm.. just weird|Mawile-Mega, M, shiny\n|-mega|p2a: I'm.. just weird|Mawile|Mawilite\n|move|p2a: I'm.. just weird|Play Rough|p1a: Rotom|[miss]\n|-miss|p2a: I'm.. just weird|p1a: Rotom\n|\n|-damage|p1a: Rotom|58\/100 tox|[from] psn\n|-fieldend|move: Trick Room\n|upkeep\n|turn|26\n|inactive|BTLT007 SF' has 120 seconds left.\n|\n|t:|1667656170\n|switch|p2a: Ima bitch|Magearna|23\/100\n|move|p1a: Rotom|Volt Switch|p2a: Ima bitch\n|-damage|p2a: Ima bitch|4\/100\n|\n|t:|1667656172\n|switch|p1a: Greninja|Greninja, M|100\/100|[from]move: Volt Switch\n|\n|upkeep\n|turn|27\n|inactive|BTLT007 SF' has 120 seconds left.\n|\n|t:|1667656192\n|move|p1a: Greninja|Hydro Pump|p2a: Ima bitch|[miss]\n|-miss|p1a: Greninja|p2a: Ima bitch\n|move|p2a: Ima bitch|Trick Room|p2a: Ima bitch\n|-fieldstart|move: Trick Room|[of] p2a: Ima bitch\n|\n|upkeep\n|turn|28\n|inactive|BTLT007 SF' has 120 seconds left.\n|\n|t:|1667656200\n|switch|p1a: Rotom|Rotom-Wash|58\/100 tox\n|move|p2a: Ima bitch|Aura Sphere|p1a: Rotom\n|-damage|p1a: Rotom|24\/100 tox\n|\n|-damage|p1a: Rotom|18\/100 tox|[from] psn\n|upkeep\n|turn|29\n|\n|t:|1667656211\n|switch|p1a: Medicham|Medicham-Mega, F|100\/100\n|move|p2a: Ima bitch|Aura Sphere|p1a: Medicham\n|-resisted|p1a: Medicham\n|-damage|p1a: Medicham|76\/100\n|\n|upkeep\n|turn|30\n|\n|t:|1667656216\n|switch|p1a: Rotom|Rotom-Wash|18\/100 tox\n|move|p2a: Ima bitch|Fleur Cannon|p1a: Rotom|[miss]\n|-miss|p2a: Ima bitch|p1a: Rotom\n|\n|-damage|p1a: Rotom|12\/100 tox|[from] psn\n|upkeep\n|turn|31\n|\n|t:|1667656226\n|move|p2a: Ima bitch|Aura Sphere|p1a: Rotom\n|-damage|p1a: Rotom|0 fnt\n|faint|p1a: Rotom\n|-ability|p2a: Ima bitch|Soul-Heart|boost\n|-boost|p2a: Ima bitch|spa|1\n|\n|-fieldend|move: Trick Room\n|upkeep\n|\n|t:|1667656227\n|switch|p1a: Greninja|Greninja, M|100\/100\n|turn|32\n|j| CM Reuni\n|\n|t:|1667656238\n|move|p1a: Greninja|Hydro Pump|p2a: Ima bitch\n|-damage|p2a: Ima bitch|0 fnt\n|faint|p2a: Ima bitch\n|-activate|p1a: Greninja|ability: Battle Bond\n|detailschange|p1a: Greninja|Greninja-Ash, M\n|\n|upkeep\n|\n|t:|1667656243\n|switch|p2a: I'm thug|Crawdaunt, F, shiny|47\/100\n|turn|33\n|\n|t:|1667656254\n|move|p2a: I'm thug|Aqua Jet|p1a: Greninja\n|-resisted|p1a: Greninja\n|-damage|p1a: Greninja|68\/100\n|-damage|p2a: I'm thug|37\/100|[from] item: Life Orb\n|move|p1a: Greninja|Hydro Pump|p2a: I'm thug|[miss]\n|-miss|p1a: Greninja|p2a: I'm thug\n|\n|upkeep\n|turn|34\n|\n|t:|1667656267\n|switch|p1a: Medicham|Medicham-Mega, F|76\/100\n|move|p2a: I'm thug|Aqua Jet|p1a: Medicham\n|-damage|p1a: Medicham|22\/100\n|-damage|p2a: I'm thug|27\/100|[from] item: Life Orb\n|\n|upkeep\n|turn|35\n|\n|t:|1667656289\n|move|p1a: Medicham|Fake Out|p2a: I'm thug\n|-damage|p2a: I'm thug|1\/100\n|cant|p2a: I'm thug|flinch\n|\n|upkeep\n|turn|36\n|\n|t:|1667656298\n|move|p1a: Medicham|Fake Out||[still]\n|-hint|Fake Out only works on your first turn out.\n|-fail|p1a: Medicham\n|move|p2a: I'm thug|Aqua Jet|p1a: Medicham\n|-damage|p1a: Medicham|0 fnt\n|faint|p1a: Medicham\n|-damage|p2a: I'm thug|0 fnt|[from] item: Life Orb\n|faint|p2a: I'm thug\n|\n|upkeep\n|\n|t:|1667656307\n|switch|p1a: Greninja|Greninja-Ash, M|68\/100\n|switch|p2a: I'm.. just weird|Mawile-Mega, M, shiny|91\/100\n|turn|37\n|\n|t:|1667656312\n|move|p2a: I'm.. just weird|Sucker Punch|p1a: Greninja\n|-resisted|p1a: Greninja\n|-damage|p1a: Greninja|29\/100\n|move|p1a: Greninja|Hydro Pump|p2a: I'm.. just weird\n|-damage|p2a: I'm.. just weird|0 fnt\n|faint|p2a: I'm.. just weird\n|\n|upkeep\n|\n|t:|1667656318\n|switch|p2a: I'm embarassed|Cresselia, F, shiny|47\/100\n|turn|38\n|\n|t:|1667656322\n|move|p1a: Greninja|Hydro Pump|p2a: I'm embarassed\n|-damage|p2a: I'm embarassed|0 fnt\n|faint|p2a: I'm embarassed\n|\n|upkeep\n|\n|t:|1667656325\n|switch|p2a: I'm sad..|Marowak-Alola, F, shiny|88\/100\n|turn|39\n|\n|t:|1667656327\n|move|p1a: Greninja|Hydro Pump|p2a: I'm sad..|[miss]\n|-miss|p1a: Greninja|p2a: I'm sad..\n|move|p2a: I'm sad..|Flare Blitz|p1a: Greninja\n|-resisted|p1a: Greninja\n|-damage|p1a: Greninja|0 fnt\n|faint|p1a: Greninja\n|\n|win|Imprima Red\n|raw|BTLT007 SF&apos;'s rating: 1659 &rarr; <strong>1634<\/strong><br \/>(-25 for losing)\n|raw|Imprima Red's rating: 1563 &rarr; <strong>1588<\/strong><br \/>(+25 for winning)\n|l| CM Reuni\n|c|\u2606BTLT007 SF'|hax won alone\n|l|\u2606BTLT007 SF'\n||Ladder isn't responding, score probably updated but might not have (Request timeout).\n|l| Zedd Nikki\n","uploadtime":1667656603,"views":5,"p1id":"btlt007sf","p2id":"imprimared","formatid":"gen7ou","rating":1588,"private":0,"password":null}