{"id":"gen7ou-1706217714","p1":"Lucians Call","p2":"And0NE","format":"gen7ou","log":"|j|\u2606Lucians Call\n|j|\u2606And0NE\n|t:|1667959185\n|gametype|singles\n|player|p1|Lucians Call|furisodegirl-blue|\n|player|p2|And0NE|furisodegirl-black|\n|teamsize|p1|6\n|teamsize|p2|6\n|gen|7\n|tier|[Gen 7] OU\n|rule|Sleep Clause Mod: Limit one foe put to sleep\n|rule|Species Clause: Limit one of each Pok\u00e9mon\n|rule|OHKO Clause: OHKO moves are banned\n|rule|Moody Clause: Moody is banned\n|rule|Evasion Items Clause: Evasion items are banned\n|rule|Evasion Moves Clause: Evasion moves are banned\n|rule|Endless Battle Clause: Forcing endless battles is banned\n|rule|HP Percentage Mod: HP is shown in percentages\n|clearpoke\n|poke|p1|Landorus-Therian, M|item\n|poke|p1|Magnezone|item\n|poke|p1|Rampardos, F|item\n|poke|p1|Latios, M|item\n|poke|p1|Heatran, M|item\n|poke|p1|Toxapex, M|item\n|poke|p2|Medicham, M|item\n|poke|p2|Garchomp, F|item\n|poke|p2|Zapdos|item\n|poke|p2|Ferrothorn, M|item\n|poke|p2|Suicune|item\n|poke|p2|Weavile, M|item\n|teampreview\n|inactive|Battle timer is ON: inactive players will automatically lose when time's up. (requested by Lucians Call)\n|\n|t:|1667959197\n|start\n|switch|p1a: Timmy257|Landorus-Therian, M|100\/100\n|switch|p2a: Garchomp|Garchomp, F|100\/100\n|-ability|p1a: Timmy257|Intimidate|boost\n|-unboost|p2a: Garchomp|atk|1\n|turn|1\n|\n|t:|1667959201\n|switch|p2a: Weavile|Weavile, M|100\/100\n|-ability|p2a: Weavile|Pressure\n|move|p1a: Timmy257|Hidden Power|p2a: Weavile\n|-resisted|p2a: Weavile\n|-damage|p2a: Weavile|88\/100\n|\n|upkeep\n|turn|2\n|\n|t:|1667959205\n|-activate|p1a: Timmy257|move: Pursuit\n|move|p2a: Weavile|Pursuit|p1a: Timmy257|[from]Pursuit\n|-damage|p1a: Timmy257|46\/100\n|switch|p1a: Heatran|Heatran, M|100\/100\n|\n|upkeep\n|turn|3\n|\n|t:|1667959210\n|switch|p2a: Garchomp|Garchomp, F|100\/100\n|move|p1a: Heatran|Stealth Rock|p2a: Garchomp\n|-sidestart|p2: And0NE|move: Stealth Rock\n|\n|upkeep\n|turn|4\n|\n|t:|1667959215\n|switch|p1a: Latios|Latios, M|100\/100\n|move|p2a: Garchomp|Stealth Rock|p1a: Latios\n|-sidestart|p1: Lucians Call|move: Stealth Rock\n|\n|upkeep\n|turn|5\n|\n|t:|1667959221\n|switch|p2a: Suicune|Suicune|100\/100\n|-damage|p2a: Suicune|88\/100|[from] Stealth Rock\n|-ability|p2a: Suicune|Pressure\n|detailschange|p1a: Latios|Latios-Mega, M\n|-mega|p1a: Latios|Latios|Latiosite\n|move|p1a: Latios|Ice Beam|p2a: Suicune\n|-resisted|p2a: Suicune\n|-damage|p2a: Suicune|74\/100\n|\n|-heal|p2a: Suicune|81\/100|[from] item: Leftovers\n|upkeep\n|turn|6\n|\n|t:|1667959225\n|move|p1a: Latios|Psychic|p2a: Suicune\n|-damage|p2a: Suicune|37\/100\n|move|p2a: Suicune|Toxic|p1a: Latios\n|-status|p1a: Latios|tox\n|\n|-heal|p2a: Suicune|43\/100|[from] item: Leftovers\n|-damage|p1a: Latios|95\/100 tox|[from] psn\n|upkeep\n|turn|7\n|\n|t:|1667959231\n|switch|p2a: Weavile|Weavile, M|88\/100\n|-damage|p2a: Weavile|63\/100|[from] Stealth Rock\n|-ability|p2a: Weavile|Pressure\n|move|p1a: Latios|Psychic|p2a: Weavile\n|-immune|p2a: Weavile\n|\n|-damage|p1a: Latios|83\/100 tox|[from] psn\n|upkeep\n|turn|8\n|\n|t:|1667959236\n|switch|p1a: Toxapex|Toxapex, M|100\/100\n|-damage|p1a: Toxapex|88\/100|[from] Stealth Rock\n|move|p2a: Weavile|Knock Off|p1a: Toxapex\n|-damage|p1a: Toxapex|49\/100\n|-enditem|p1a: Toxapex|Black Sludge|[from] move: Knock Off|[of] p2a: Weavile\n|\n|upkeep\n|turn|9\n|\n|t:|1667959243\n|switch|p2a: Ferrothorn|Ferrothorn, M|100\/100\n|-damage|p2a: Ferrothorn|95\/100|[from] Stealth Rock\n|move|p1a: Toxapex|Toxic|p2a: Ferrothorn\n|-immune|p2a: Ferrothorn\n|\n|-heal|p2a: Ferrothorn|100\/100|[from] item: Leftovers\n|upkeep\n|turn|10\n|\n|t:|1667959247\n|switch|p1a: Magnezone|Magnezone|100\/100\n|-damage|p1a: Magnezone|94\/100|[from] Stealth Rock\n|switch|p2a: Garchomp|Garchomp, F|100\/100\n|-damage|p2a: Garchomp|94\/100|[from] Stealth Rock\n|\n|upkeep\n|turn|11\n|\n|t:|1667959251\n|switch|p1a: Latios|Latios-Mega, M|83\/100 tox\n|-damage|p1a: Latios|70\/100 tox|[from] Stealth Rock\n|move|p2a: Garchomp|Earthquake|p1a: Latios\n|-immune|p1a: Latios|[from] ability: Levitate\n|\n|-damage|p1a: Latios|64\/100 tox|[from] psn\n|upkeep\n|turn|12\n|\n|t:|1667959254\n|switch|p2a: Weavile|Weavile, M|63\/100\n|-damage|p2a: Weavile|38\/100|[from] Stealth Rock\n|-ability|p2a: Weavile|Pressure\n|move|p1a: Latios|Ice Beam|p2a: Weavile\n|-resisted|p2a: Weavile\n|-damage|p2a: Weavile|14\/100\n|\n|-damage|p1a: Latios|52\/100 tox|[from] psn\n|upkeep\n|turn|13\n|\n|t:|1667959257\n|move|p2a: Weavile|Pursuit|p1a: Latios\n|-supereffective|p1a: Latios\n|-damage|p1a: Latios|0 fnt\n|faint|p1a: Latios\n|\n|upkeep\n|\n|t:|1667959262\n|switch|p1a: Toxapex|Toxapex, M|82\/100\n|-damage|p1a: Toxapex|70\/100|[from] Stealth Rock\n|turn|14\n|\n|t:|1667959273\n|switch|p2a: Zapdos|Zapdos|100\/100\n|-damage|p2a: Zapdos|76\/100|[from] Stealth Rock\n|-ability|p2a: Zapdos|Pressure\n|move|p1a: Toxapex|Scald|p2a: Zapdos\n|-damage|p2a: Zapdos|60\/100\n|\n|-heal|p2a: Zapdos|66\/100|[from] item: Leftovers\n|upkeep\n|turn|15\n|\n|t:|1667959276\n|move|p2a: Zapdos|Volt Switch|p1a: Toxapex\n|-supereffective|p1a: Toxapex\n|-damage|p1a: Toxapex|32\/100\n|\n|t:|1667959280\n|switch|p2a: Garchomp|Garchomp, F|94\/100|[from]move: Volt Switch\n|-damage|p2a: Garchomp|88\/100|[from] Stealth Rock\n|move|p1a: Toxapex|Toxic|p2a: Garchomp\n|-status|p2a: Garchomp|tox\n|\n|-damage|p2a: Garchomp|82\/100 tox|[from] psn\n|upkeep\n|turn|16\n|\n|t:|1667959286\n|switch|p1a: Timmy257|Landorus-Therian, M|46\/100\n|-damage|p1a: Timmy257|33\/100|[from] Stealth Rock\n|-ability|p1a: Timmy257|Intimidate|boost\n|-unboost|p2a: Garchomp|atk|1\n|-zpower|p2a: Garchomp\n|move|p2a: Garchomp|Continental Crush|p1a: Timmy257|[zeffect]\n|-damage|p1a: Timmy257|0 fnt\n|faint|p1a: Timmy257\n|\n|-damage|p2a: Garchomp|70\/100 tox|[from] psn\n|upkeep\n|\n|t:|1667959290\n|switch|p1a: Toxapex|Toxapex, M|66\/100\n|-damage|p1a: Toxapex|53\/100|[from] Stealth Rock\n|turn|17\n|\n|t:|1667959292\n|switch|p1a: Magnezone|Magnezone|94\/100\n|-damage|p1a: Magnezone|88\/100|[from] Stealth Rock\n|move|p2a: Garchomp|Earthquake|p1a: Magnezone\n|-supereffective|p1a: Magnezone\n|-damage|p1a: Magnezone|0 fnt\n|faint|p1a: Magnezone\n|\n|-damage|p2a: Garchomp|51\/100 tox|[from] psn\n|upkeep\n|-message|Lucians Call forfeited.\n|\n|win|And0NE\n|l|\u2606Lucians Call\n","uploadtime":1667959301,"views":3,"p1id":"lucianscall","p2id":"and0ne","formatid":"gen7ou","rating":0,"private":0,"password":null}