{"id":"gen7ou-865523466","p1":"popoling","p2":"orangesss","format":"gen7ou","log":"|j|\u2606popoling\n|j|\u2606orangesss\n|player|p1|popoling|167\n|player|p2|orangesss|269\n|teamsize|p1|6\n|teamsize|p2|6\n|gametype|singles\n|gen|7\n|tier|[Gen 7] OU\n|rated|\n|rule|Sleep Clause Mod: Limit one foe put to sleep\n|rule|Species Clause: Limit one of each Pok\u00e9mon\n|rule|OHKO Clause: OHKO moves are banned\n|rule|Moody Clause: Moody is banned\n|rule|Evasion Moves Clause: Evasion moves are banned\n|rule|Endless Battle Clause: Forcing endless battles is banned\n|rule|HP Percentage Mod: HP is shown in percentages\n|clearpoke\n|poke|p1|Hippowdon, F|item\n|poke|p1|Tornadus-Therian, M|item\n|poke|p1|Charizard, M|item\n|poke|p1|Jirachi|item\n|poke|p1|Ditto|item\n|poke|p1|Tapu Fini|item\n|poke|p2|Hawlucha, M|item\n|poke|p2|Swampert, F|item\n|poke|p2|Ferrothorn, M|item\n|poke|p2|Pelipper, F|item\n|poke|p2|Tapu Koko|item\n|poke|p2|Kartana|item\n|teampreview\n|j| yan neep\n|inactive|Battle timer is ON: inactive players will automatically lose when time's up. (requested by orangesss)\n|j| TheDarkSwirl\n|l| TheDarkSwirl\n|inactive|orangesss has 120 seconds left.\n|\n|start\n|switch|p1a: Tornadus|Tornadus-Therian, M|100\/100\n|switch|p2a: Birdman|Tapu Koko|100\/100\n|-fieldstart|move: Electric Terrain|[from] ability: Electric Surge|[of] p2a: Birdman\n|turn|1\n|\n|switch|p1a: Hippowdon|Hippowdon, F|100\/100\n|move|p2a: Birdman|Nature's Madness|p1a: Hippowdon\n|-damage|p1a: Hippowdon|50\/100\n|\n|upkeep\n|turn|2\n|inactive|orangesss has 120 seconds left.\n|\n|-zpower|p2a: Birdman\n|move|p2a: Birdman|Twinkle Tackle|p1a: Hippowdon|[zeffect]\n|-damage|p1a: Hippowdon|0 fnt\n|faint|p1a: Hippowdon\n|\n|upkeep\n|\n|switch|p1a: Charizard|Charizard, M|100\/100\n|turn|3\n|inactive|orangesss has 120 seconds left.\n|\n|detailschange|p1a: Charizard|Charizard-Mega-X, M\n|-mega|p1a: Charizard|Charizard|Charizardite X\n|move|p2a: Birdman|Taunt|p1a: Charizard\n|-start|p1a: Charizard|move: Taunt\n|cant|p1a: Charizard|move: Taunt|Will-O-Wisp\n|\n|upkeep\n|turn|4\n|\n|switch|p1a: Ditto|Ditto|100\/100\n|-transform|p1a: Ditto|p2a: Birdman|[from] ability: Imposter\n|move|p2a: Birdman|Volt Switch|p1a: Ditto\n|-resisted|p1a: Ditto\n|-damage|p1a: Ditto|66\/100\n|j| HQSHeat\n|inactive|orangesss has 90 seconds left.\n|\n|switch|p2a: Nappy love|Pelipper, F|100\/100\n|-weather|RainDance|[from] ability: Drizzle|[of] p2a: Nappy love\n|\n|-weather|RainDance|[upkeep]\n|upkeep\n|turn|5\n|\n|switch|p2a: Hate rain :(|Ferrothorn, M|100\/100\n|move|p1a: Ditto|Nature's Madness|p2a: Hate rain :(\n|-damage|p2a: Hate rain :(|50\/100\n|\n|-weather|RainDance|[upkeep]\n|-heal|p2a: Hate rain :(|57\/100|[from] item: Leftovers\n|-fieldend|move: Electric Terrain\n|upkeep\n|turn|6\n|inactive|orangesss has 90 seconds left.\n|\n|switch|p1a: Charizard|Charizard-Mega-X, M|100\/100\n|move|p2a: Hate rain :(|Stealth Rock|p1a: Charizard\n|-sidestart|p1: popoling|move: Stealth Rock\n|\n|-weather|RainDance|[upkeep]\n|-heal|p2a: Hate rain :(|63\/100|[from] item: Leftovers\n|upkeep\n|turn|7\n|\n|switch|p2a: Birdman|Tapu Koko|100\/100\n|-fieldstart|move: Electric Terrain|[from] ability: Electric Surge|[of] p2a: Birdman\n|move|p1a: Charizard|Will-O-Wisp|p2a: Birdman\n|-status|p2a: Birdman|brn\n|\n|-weather|RainDance|[upkeep]\n|-damage|p2a: Birdman|94\/100 brn|[from] brn\n|upkeep\n|turn|8\n|\n|move|p2a: Birdman|Nature's Madness|p1a: Charizard\n|-damage|p1a: Charizard|51\/100\n|move|p1a: Charizard|Will-O-Wisp|p2a: Birdman\n|-fail|p2a: Birdman|brn\n|\n|-weather|RainDance|[upkeep]\n|-damage|p2a: Birdman|88\/100 brn|[from] brn\n|upkeep\n|turn|9\n|\n|move|p2a: Birdman|Taunt|p1a: Charizard\n|-start|p1a: Charizard|move: Taunt\n|move|p1a: Charizard|Earthquake|p2a: Birdman\n|-supereffective|p2a: Birdman\n|-damage|p2a: Birdman|1\/100 brn\n|\n|-weather|RainDance|[upkeep]\n|-damage|p2a: Birdman|0 fnt|[from] brn\n|faint|p2a: Birdman\n|upkeep\n|\n|switch|p2a: Copypaste|Hawlucha, M|100\/100\n|-enditem|p2a: Copypaste|Electric Seed\n|-boost|p2a: Copypaste|def|1\n|turn|10\n|\n|switch|p1a: Tapu Fini|Tapu Fini|100\/100\n|-damage|p1a: Tapu Fini|88\/100|[from] Stealth Rock\n|-fieldstart|move: Misty Terrain|[from] ability: Misty Surge|[of] p1a: Tapu Fini\n|move|p2a: Copypaste|Swords Dance|p2a: Copypaste\n|-boost|p2a: Copypaste|atk|2\n|\n|-weather|RainDance|[upkeep]\n|-heal|p1a: Tapu Fini|94\/100|[from] item: Leftovers\n|upkeep\n|turn|11\n|\n|move|p2a: Copypaste|Acrobatics|p1a: Tapu Fini\n|-damage|p1a: Tapu Fini|24\/100\n|move|p1a: Tapu Fini|Moonblast|p2a: Copypaste\n|-supereffective|p2a: Copypaste\n|-damage|p2a: Copypaste|12\/100\n|-unboost|p2a: Copypaste|spa|1\n|\n|-weather|none\n|-heal|p1a: Tapu Fini|30\/100|[from] item: Leftovers\n|upkeep\n|turn|12\n|\n|switch|p1a: Jirachi|Jirachi|100\/100\n|-damage|p1a: Jirachi|94\/100|[from] Stealth Rock\n|move|p2a: Copypaste|Acrobatics|p1a: Jirachi\n|-resisted|p1a: Jirachi\n|-damage|p1a: Jirachi|54\/100\n|\n|-heal|p1a: Jirachi|61\/100|[from] item: Leftovers\n|upkeep\n|turn|13\n|\n|move|p2a: Copypaste|High Jump Kick|p1a: Jirachi\n|-damage|p1a: Jirachi|0 fnt\n|faint|p1a: Jirachi\n|\n|upkeep\n|-message|popoling forfeited.\n|\n|win|orangesss\n|l|\u2606popoling\n|raw|popoling's rating: 1806 &rarr; <strong>1781<\/strong><br \/>(-25 for losing)\n|raw|orangesss's rating: 1708 &rarr; <strong>1734<\/strong><br \/>(+26 for winning)\n|c|\u2606orangesss|gg\n|l| yan neep\n","uploadtime":1550726895,"views":47,"p1id":"popoling","p2id":"orangesss","formatid":"gen7ou","rating":1734,"private":0,"password":null}