{"id":"gen7randombattle-941230765","p1":"comp233","p2":"ash_won_kalos","format":"gen7randombattle","log":"|j|\u2606comp233\n|j|\u2606ash_won_kalos\n|player|p1|comp233|115\n|player|p2|ash_won_kalos|292\n|teamsize|p1|6\n|teamsize|p2|6\n|gametype|singles\n|gen|7\n|tier|[Gen 7] Random Battle\n|rated|\n|rule|Sleep Clause Mod: Limit one foe put to sleep\n|rule|HP Percentage Mod: HP is shown in percentages\n|\n|start\n|switch|p1a: Vivillon|Vivillon, L86, F|277\/277\n|switch|p2a: Hippowdon|Hippowdon, L82, M|311\/311\n|-weather|Sandstorm|[from] ability: Sand Stream|[of] p2a: Hippowdon\n|turn|1\n|\n|move|p1a: Vivillon|Sleep Powder|p2a: Hippowdon\n|-status|p2a: Hippowdon|slp|[from] move: Sleep Powder\n|cant|p2a: Hippowdon|slp\n|\n|-weather|Sandstorm|[upkeep]\n|-damage|p1a: Vivillon|260\/277|[from] Sandstorm\n|upkeep\n|turn|2\n|\n|move|p1a: Vivillon|Quiver Dance|p1a: Vivillon\n|-boost|p1a: Vivillon|spa|1\n|-boost|p1a: Vivillon|spd|1\n|-boost|p1a: Vivillon|spe|1\n|-curestatus|p2a: Hippowdon|slp|[msg]\n|move|p2a: Hippowdon|Whirlwind|p1a: Vivillon\n|drag|p1a: Tapu Lele|Tapu Lele, L80|243\/243\n|-fieldstart|move: Psychic Terrain|[from] ability: Psychic Surge|[of] p1a: Tapu Lele\n|\n|-weather|Sandstorm|[upkeep]\n|-damage|p1a: Tapu Lele|228\/243|[from] Sandstorm\n|upkeep\n|turn|3\n|\n|move|p1a: Tapu Lele|Moonblast|p2a: Hippowdon\n|-damage|p2a: Hippowdon|166\/311\n|-unboost|p2a: Hippowdon|spa|1\n|move|p2a: Hippowdon|Stealth Rock|p1a: Tapu Lele\n|-sidestart|p1: comp233|move: Stealth Rock\n|\n|-weather|Sandstorm|[upkeep]\n|-damage|p1a: Tapu Lele|213\/243|[from] Sandstorm\n|-heal|p2a: Hippowdon|185\/311|[from] item: Leftovers\n|upkeep\n|turn|4\n|inactive|Battle timer is ON: inactive players will automatically lose when time's up. (requested by comp233)\n|\n|switch|p2a: Mismagius|Mismagius, L86, M|243\/243\n|move|p1a: Tapu Lele|Moonblast|p2a: Mismagius\n|-damage|p2a: Mismagius|138\/243\n|\n|-weather|Sandstorm|[upkeep]\n|-damage|p1a: Tapu Lele|198\/243|[from] Sandstorm\n|-damage|p2a: Mismagius|123\/243|[from] Sandstorm\n|-heal|p2a: Mismagius|138\/243|[from] item: Leftovers\n|upkeep\n|turn|5\n|\n|switch|p1a: Spiritomb|Spiritomb, L88, M|231\/231\n|-damage|p1a: Spiritomb|203\/231|[from] Stealth Rock\n|-ability|p1a: Spiritomb|Pressure\n|move|p2a: Mismagius|Shadow Ball|p1a: Spiritomb\n|-damage|p1a: Spiritomb|124\/231\n|\n|-weather|none\n|-heal|p2a: Mismagius|153\/243|[from] item: Leftovers\n|-heal|p1a: Spiritomb|138\/231|[from] item: Leftovers\n|upkeep\n|turn|6\n|\n|move|p2a: Mismagius|Shadow Ball|p1a: Spiritomb\n|-damage|p1a: Spiritomb|65\/231\n|-unboost|p1a: Spiritomb|spd|1\n|move|p1a: Spiritomb|Will-O-Wisp|p2a: Mismagius\n|-status|p2a: Mismagius|brn\n|\n|-heal|p2a: Mismagius|168\/243 brn|[from] item: Leftovers\n|-heal|p1a: Spiritomb|79\/231|[from] item: Leftovers\n|-damage|p2a: Mismagius|153\/243 brn|[from] brn\n|-fieldend|move: Psychic Terrain\n|upkeep\n|turn|7\n|\n|move|p1a: Spiritomb|Shadow Sneak|p2a: Mismagius\n|-supereffective|p2a: Mismagius\n|-damage|p2a: Mismagius|45\/243 brn\n|move|p2a: Mismagius|Shadow Ball|p1a: Spiritomb\n|-damage|p1a: Spiritomb|0 fnt\n|faint|p1a: Spiritomb\n|\n|-heal|p2a: Mismagius|60\/243 brn|[from] item: Leftovers\n|-damage|p2a: Mismagius|45\/243 brn|[from] brn\n|upkeep\n|\n|switch|p1a: Simisear|Simisear, L89, M|278\/278\n|-damage|p1a: Simisear|209\/278|[from] Stealth Rock\n|turn|8\n|\n|switch|p2a: Simisear|Simisear, L89, F|278\/278\n|move|p1a: Simisear|Fire Blast|p2a: Simisear|[miss]\n|-miss|p1a: Simisear|p2a: Simisear\n|\n|upkeep\n|turn|9\n|\n|switch|p1a: Kingdra|Kingdra, L85, F|266\/266\n|-damage|p1a: Kingdra|233\/266|[from] Stealth Rock\n|move|p2a: Simisear|Nasty Plot|p2a: Simisear\n|-boost|p2a: Simisear|spa|2\n|\n|upkeep\n|turn|10\n|\n|move|p2a: Simisear|Focus Blast|p1a: Kingdra\n|-damage|p1a: Kingdra|7\/266\n|-damage|p2a: Simisear|251\/278|[from] item: Life Orb\n|move|p1a: Kingdra|Rain Dance|p1a: Kingdra\n|-weather|RainDance\n|\n|-weather|RainDance|[upkeep]\n|upkeep\n|turn|11\n|\n|switch|p2a: Hippowdon|Hippowdon, L82, M|185\/311\n|-weather|Sandstorm|[from] ability: Sand Stream|[of] p2a: Hippowdon\n|move|p1a: Kingdra|Waterfall|p2a: Hippowdon\n|-supereffective|p2a: Hippowdon\n|-damage|p2a: Hippowdon|13\/311\n|-damage|p1a: Kingdra|0 fnt|[from] item: Life Orb\n|faint|p1a: Kingdra\n|\n|-weather|Sandstorm|[upkeep]\n|-heal|p2a: Hippowdon|32\/311|[from] item: Leftovers\n|upkeep\n|\n|switch|p1a: Kyogre|Kyogre, L78|284\/284\n|-damage|p1a: Kyogre|249\/284|[from] Stealth Rock\n|detailschange|p1a: Kyogre|Kyogre-Primal, L78\n|-primal|p1a: Kyogre\n|-weather|PrimordialSea|[from] ability: Primordial Sea|[of] p1a: Kyogre\n|turn|12\n|\n|move|p1a: Kyogre|Ice Beam|p2a: Hippowdon\n|-supereffective|p2a: Hippowdon\n|-damage|p2a: Hippowdon|0 fnt\n|faint|p2a: Hippowdon\n|\n|-weather|PrimordialSea|[upkeep]\n|upkeep\n|\n|switch|p2a: Tsareena|Tsareena, L84, F|258\/258\n|turn|13\n|\n|-weather|none\n|switch|p1a: Vivillon|Vivillon, L86, F|260\/277\n|-damage|p1a: Vivillon|122\/277|[from] Stealth Rock\n|move|p2a: Tsareena|Power Whip|p1a: Vivillon\n|-resisted|p1a: Vivillon\n|-damage|p1a: Vivillon|64\/277\n|\n|upkeep\n|turn|14\n|\n|switch|p2a: Kangaskhan|Kangaskhan, L78, F|292\/292\n|move|p1a: Vivillon|Hurricane|p2a: Kangaskhan\n|-damage|p2a: Kangaskhan|169\/292\n|\n|upkeep\n|turn|15\n|\n|detailschange|p2a: Kangaskhan|Kangaskhan-Mega, L78, F\n|-mega|p2a: Kangaskhan|Kangaskhan|Kangaskhanite\n|move|p2a: Kangaskhan|Fake Out|p1a: Vivillon\n|-damage|p1a: Vivillon|0 fnt\n|-hitcount|p1a: Vivillon|1\n|faint|p1a: Vivillon\n|\n|upkeep\n|\n|switch|p1a: Tapu Lele|Tapu Lele, L80|198\/243\n|-damage|p1a: Tapu Lele|168\/243|[from] Stealth Rock\n|-fieldstart|move: Psychic Terrain|[from] ability: Psychic Surge|[of] p1a: Tapu Lele\n|turn|16\n|\n|move|p1a: Tapu Lele|Psyshock|p2a: Kangaskhan\n|-damage|p2a: Kangaskhan|21\/292\n|move|p2a: Kangaskhan|Return|p1a: Tapu Lele\n|-damage|p1a: Tapu Lele|30\/243\n|-damage|p1a: Tapu Lele|0 fnt\n|-hitcount|p1a: Tapu Lele|2\n|faint|p1a: Tapu Lele\n|\n|upkeep\n|\n|switch|p1a: Simisear|Simisear, L89, M|209\/278\n|-damage|p1a: Simisear|140\/278|[from] Stealth Rock\n|turn|17\n|\n|switch|p2a: Mismagius|Mismagius, L86, M|45\/243 brn\n|move|p1a: Simisear|Fire Blast|p2a: Mismagius\n|-damage|p2a: Mismagius|0 fnt\n|faint|p2a: Mismagius\n|\n|upkeep\n|\n|switch|p2a: Simisear|Simisear, L89, F|251\/278\n|turn|18\n|\n|move|p1a: Simisear|Fire Blast|p2a: Simisear\n|-resisted|p2a: Simisear\n|-damage|p2a: Simisear|128\/278\n|move|p2a: Simisear|Nasty Plot|p2a: Simisear\n|-boost|p2a: Simisear|spa|2\n|\n|upkeep\n|turn|19\n|\n|move|p2a: Simisear|Focus Blast|p1a: Simisear\n|-damage|p1a: Simisear|0 fnt\n|-damage|p2a: Simisear|101\/278|[from] item: Life Orb\n|faint|p1a: Simisear\n|\n|upkeep\n|\n|switch|p1a: Kyogre|Kyogre-Primal, L78|249\/284\n|-damage|p1a: Kyogre|214\/284|[from] Stealth Rock\n|-weather|PrimordialSea|[from] ability: Primordial Sea|[of] p1a: Kyogre\n|turn|20\n|\n|move|p2a: Simisear|Focus Blast|p1a: Kyogre\n|-crit|p1a: Kyogre\n|-damage|p1a: Kyogre|0 fnt\n|-damage|p2a: Simisear|74\/278|[from] item: Life Orb\n|faint|p1a: Kyogre\n|-weather|none\n|\n|win|ash_won_kalos\n|l|\u2606comp233\n|c|\u2606ash_won_kalos|gg\n|raw|comp233's rating: 1965 &rarr; <strong>1943<\/strong><br \/>(-22 for losing)\n|raw|ash_won_kalos's rating: 1921 &rarr; <strong>1944<\/strong><br \/>(+23 for winning)\n","inputlog":">version b1891ab6d4b409b45d9306e62b7cd965f7e9bfc8\n>start {\"formatid\":\"gen7randombattle\",\"seed\":[59136,888,35567,41837],\"rated\":\"Rated battle\"}\n>player p1 {\"name\":\"comp233\",\"avatar\":\"115\",\"team\":\"\",\"seed\":[54431,52381,4073,43996]}\n>player p2 {\"name\":\"ash_won_kalos\",\"avatar\":\"292\",\"team\":\"\",\"seed\":[3266,44765,29538,5900]}\n>p1 move sleeppowder\n>p2 move stealthrock\n>p1 move quiverdance\n>p2 move whirlwind\n>p1 move moonblast\n>p2 move stealthrock\n>p1 move moonblast\n>p2 switch 5\n>p1 switch 4\n>p2 move shadowball\n>p1 move willowisp\n>p2 move shadowball\n>p1 move shadowsneak\n>p2 move shadowball\n>p1 switch 3\n>p1 move fireblast\n>p2 switch 2\n>p1 switch 6\n>p2 move nastyplot\n>p1 move raindance\n>p2 move focusblast\n>p1 move waterfall\n>p2 switch 5\n>p1 switch 5\n>p1 move icebeam\n>p2 move slackoff\n>p2 switch 6\n>p1 switch 2\n>p2 move powerwhip\n>p1 move hurricane\n>p2 switch 4\n>p1 move sleeppowder\n>p2 move fakeout mega\n>p1 switch 4\n>p1 move psyshock\n>p2 move return\n>p1 switch 6\n>p1 move fireblast\n>p2 switch 2\n>p2 switch 5\n>p1 move fireblast\n>p2 move nastyplot\n>p1 move fireblast\n>p2 move focusblast\n>p1 switch 2\n>p1 move thunder\n>p2 move focusblast","uploadtime":1562536004,"views":8,"p1id":"comp233","p2id":"ashwonkalos","formatid":"gen7randombattle","rating":1943,"private":0,"password":null}