{"id":"gen7randombattle-1336707893","p1":"BigWes95","p2":"NTsweeper007","format":"gen7randombattle","log":"|j|\u2606BigWes95\n|j|\u2606NTsweeper007\n|t:|1620476733\n|gametype|singles\n|player|p1|BigWes95|swimmer-gen4dp|1763\n|player|p2|NTsweeper007|hilbert-dueldisk|1809\n|teamsize|p1|6\n|teamsize|p2|6\n|gen|7\n|tier|[Gen 7] Random Battle\n|rated|\n|rule|Sleep Clause Mod: Limit one foe put to sleep\n|rule|HP Percentage Mod: HP is shown in percentages\n|\n|t:|1620476733\n|start\n|switch|p1a: Beautifly|Beautifly, L88, M|249\/249\n|switch|p2a: Whimsicott|Whimsicott, L86, F|243\/243\n|turn|1\n|\n|t:|1620476743\n|move|p2a: Whimsicott|Toxic|p1a: Beautifly\n|-status|p1a: Beautifly|tox\n|move|p1a: Beautifly|Quiver Dance|p1a: Beautifly\n|-boost|p1a: Beautifly|spa|1\n|-boost|p1a: Beautifly|spd|1\n|-boost|p1a: Beautifly|spe|1\n|\n|-damage|p1a: Beautifly|234\/249 tox|[from] psn\n|upkeep\n|turn|2\n|\n|t:|1620476750\n|move|p2a: Whimsicott|Encore|p1a: Beautifly\n|-start|p1a: Beautifly|Encore\n|move|p1a: Beautifly|Quiver Dance|p1a: Beautifly\n|-boost|p1a: Beautifly|spa|1\n|-boost|p1a: Beautifly|spd|1\n|-boost|p1a: Beautifly|spe|1\n|\n|-damage|p1a: Beautifly|204\/249 tox|[from] psn\n|upkeep\n|turn|3\n|inactive|Battle timer is ON: inactive players will automatically lose when time's up. (requested by NTsweeper007)\n|\n|t:|1620476756\n|switch|p1a: Amoonguss|Amoonguss, L82, M|321\/321\n|move|p2a: Whimsicott|Toxic|p1a: Amoonguss\n|-immune|p1a: Amoonguss\n|\n|upkeep\n|turn|4\n|\n|t:|1620476764\n|move|p2a: Whimsicott|U-turn|p1a: Amoonguss\n|-damage|p1a: Amoonguss|275\/321\n|\n|t:|1620476766\n|switch|p2a: Solgaleo|Solgaleo, L76|333\/333\n|move|p1a: Amoonguss|Spore|p2a: Solgaleo\n|-status|p2a: Solgaleo|slp|[from] move: Spore\n|\n|-heal|p1a: Amoonguss|295\/321|[from] item: Black Sludge\n|upkeep\n|turn|5\n|\n|t:|1620476769\n|cant|p2a: Solgaleo|slp\n|move|p1a: Amoonguss|Foul Play|p2a: Solgaleo\n|-supereffective|p2a: Solgaleo\n|-damage|p2a: Solgaleo|183\/333 slp\n|\n|-heal|p2a: Solgaleo|203\/333 slp|[from] item: Leftovers\n|-heal|p1a: Amoonguss|315\/321|[from] item: Black Sludge\n|upkeep\n|turn|6\n|\n|t:|1620476773\n|-curestatus|p2a: Solgaleo|slp|[msg]\n|move|p2a: Solgaleo|Zen Headbutt|p1a: Amoonguss\n|-supereffective|p1a: Amoonguss\n|-damage|p1a: Amoonguss|91\/321\n|cant|p1a: Amoonguss|flinch\n|\n|-heal|p2a: Solgaleo|223\/333|[from] item: Leftovers\n|-heal|p1a: Amoonguss|111\/321|[from] item: Black Sludge\n|upkeep\n|turn|7\n|\n|t:|1620476778\n|move|p2a: Solgaleo|Sunsteel Strike|p1a: Amoonguss\n|-damage|p1a: Amoonguss|0 fnt\n|faint|p1a: Amoonguss\n|\n|-heal|p2a: Solgaleo|243\/333|[from] item: Leftovers\n|upkeep\n|\n|t:|1620476780\n|switch|p1a: Alakazam|Alakazam, L80, F|219\/219\n|turn|8\n|\n|t:|1620476785\n|switch|p2a: Porygon2|Porygon2, L84|280\/280\n|-ability|p2a: Porygon2|Magic Guard|[from] ability: Trace|[of] p1a: Alakazam\n|detailschange|p1a: Alakazam|Alakazam-Mega, L80, F\n|-mega|p1a: Alakazam|Alakazam|Alakazite\n|-ability|p1a: Alakazam|Magic Guard|[from] ability: Trace|[of] p2a: Porygon2\n|move|p1a: Alakazam|Shadow Ball|p2a: Porygon2\n|-immune|p2a: Porygon2\n|\n|upkeep\n|turn|9\n|\n|t:|1620476797\n|move|p1a: Alakazam|Calm Mind|p1a: Alakazam\n|-boost|p1a: Alakazam|spa|1\n|-boost|p1a: Alakazam|spd|1\n|move|p2a: Porygon2|Tri Attack|p1a: Alakazam\n|-damage|p1a: Alakazam|167\/219\n|\n|upkeep\n|turn|10\n|\n|t:|1620476804\n|move|p1a: Alakazam|Calm Mind|p1a: Alakazam\n|-boost|p1a: Alakazam|spa|1\n|-boost|p1a: Alakazam|spd|1\n|move|p2a: Porygon2|Tri Attack|p1a: Alakazam\n|-damage|p1a: Alakazam|122\/219\n|\n|upkeep\n|turn|11\n|\n|t:|1620476808\n|move|p1a: Alakazam|Focus Blast|p2a: Porygon2\n|-supereffective|p2a: Porygon2\n|-damage|p2a: Porygon2|0 fnt\n|faint|p2a: Porygon2\n|\n|upkeep\n|\n|t:|1620476815\n|switch|p2a: Whimsicott|Whimsicott, L86, F|243\/243\n|turn|12\n|\n|t:|1620476820\n|switch|p1a: Ho-Oh|Ho-Oh, L76|285\/285\n|move|p2a: Whimsicott|U-turn|p1a: Ho-Oh\n|-resisted|p1a: Ho-Oh\n|-damage|p1a: Ho-Oh|274\/285\n|\n|t:|1620476823\n|switch|p2a: Solgaleo|Solgaleo, L76|243\/333\n|\n|-heal|p2a: Solgaleo|263\/333|[from] item: Leftovers\n|-heal|p1a: Ho-Oh|285\/285|[from] item: Leftovers\n|upkeep\n|turn|13\n|\n|t:|1620476826\n|move|p2a: Solgaleo|Stone Edge|p1a: Ho-Oh\n|-supereffective|p1a: Ho-Oh\n|-damage|p1a: Ho-Oh|0 fnt\n|faint|p1a: Ho-Oh\n|\n|-heal|p2a: Solgaleo|283\/333|[from] item: Leftovers\n|upkeep\n|\n|t:|1620476831\n|switch|p1a: Alakazam|Alakazam-Mega, L80, F|122\/219\n|-ability|p1a: Alakazam|Full Metal Body|[from] ability: Trace|[of] p2a: Solgaleo\n|turn|14\n|\n|t:|1620476832\n|move|p1a: Alakazam|Shadow Ball|p2a: Solgaleo\n|-supereffective|p2a: Solgaleo\n|-damage|p2a: Solgaleo|87\/333\n|move|p2a: Solgaleo|Sunsteel Strike|p1a: Alakazam\n|-damage|p1a: Alakazam|0 fnt\n|faint|p1a: Alakazam\n|\n|-heal|p2a: Solgaleo|107\/333|[from] item: Leftovers\n|upkeep\n|-message|BigWes95 forfeited.\n|\n|win|NTsweeper007\n|raw|BigWes95's rating: 1763 &rarr; <strong>1746<\/strong><br \/>(-17 for losing)\n|raw|NTsweeper007's rating: 1809 &rarr; <strong>1826<\/strong><br \/>(+17 for winning)\n|l|\u2606BigWes95\n","inputlog":">version 30c461bfdce0f92e8ea495b7691a794ace91d26d\n>start {\"formatid\":\"gen7randombattle\",\"seed\":[40596,41541,52617,61404],\"rated\":\"Rated battle\"}\n>player p1 {\"name\":\"BigWes95\",\"avatar\":\"swimmer-gen4dp\",\"rating\":1763,\"seed\":[57074,14777,39813,28890]}\n>player p2 {\"name\":\"NTsweeper007\",\"avatar\":\"hilbert-dueldisk\",\"rating\":1809,\"seed\":[15574,5925,18225,1083]}\n>p1 move quiverdance\n>p2 move toxic\n>p1 move bugbuzz\n>p2 move encore\n>p1 switch 2\n>p2 move toxic\n>p1 move spore\n>p2 move uturn\n>p2 switch 5\n>p1 move foulplay\n>p2 move zenheadbutt\n>p1 move foulplay\n>p2 move zenheadbutt\n>p1 move foulplay\n>p2 move sunsteelstrike\n>p1 switch 5\n>p1 move shadowball mega\n>p2 switch 2\n>p1 move calmmind\n>p2 move triattack\n>p1 move calmmind\n>p2 move triattack\n>p1 move focusblast\n>p2 move discharge\n>p2 switch 5\n>p1 switch 6\n>p2 move uturn\n>p2 switch 2\n>p1 move sacredfire\n>p2 move stoneedge\n>p1 switch 6\n>p1 move shadowball\n>p2 move sunsteelstrike\n>forcelose p1","uploadtime":1620476841,"views":27,"p1id":"bigwes95","p2id":"ntsweeper007","formatid":"gen7randombattle","rating":1746,"private":0,"password":null}