{"id":"gen7bssfactory-1704184097","p1":"Sir GrandMaster","p2":"LoSconosciuto","format":"gen7bssfactory","log":"|j|\u2606Sir GrandMaster\n|j|\u2606LoSconosciuto\n|t:|1667752039\n|gametype|singles\n|player|p1|Sir GrandMaster|ghetsis|\n|player|p2|LoSconosciuto|#teamgapdos|\n|teamsize|p1|6\n|teamsize|p2|6\n|gen|7\n|tier|[Gen 7] BSS Factory\n|rule|Species Clause: Limit one of each Pok\u00e9mon\n|rule|Item Clause: Limit one of each item\n|clearpoke\n|poke|p1|Steelix, L50, M|item\n|poke|p1|Slurpuff, L50, F|item\n|poke|p1|Beedrill, L50, F|item\n|poke|p1|Conkeldurr, L50, M|item\n|poke|p1|Araquanid, L50, F|item\n|poke|p1|Jellicent, L50, M|item\n|poke|p2|Latias, L50, F|item\n|poke|p2|Scizor, L50, M|item\n|poke|p2|Excadrill, L50, F|item\n|poke|p2|Altaria, L50, M|item\n|poke|p2|Politoed, L50, M|item\n|poke|p2|Milotic, L50, M|item\n|teampreview|3\n|inactive|Battle timer is ON: inactive players will automatically lose when time's up. (requested by LoSconosciuto)\n|c|\u2606LoSconosciuto|hf\n|c|\u2606Sir GrandMaster|hfgl\n|j| Trefleuh\n|j| Teres BAHJi\n|j|+heroictobias\n|inactive|Sir GrandMaster has 270 seconds left.\n|inactive|LoSconosciuto has 270 seconds left.\n|j| Tarrembelle\n|j|+pokeblade\u2606101\n|j| Ciro napoli\n|inactive|Sir GrandMaster has 240 seconds left.\n|inactive|LoSconosciuto has 240 seconds left.\n|j|+piaa\n|inactive|LoSconosciuto has 210 seconds left.\n|inactive|LoSconosciuto has 180 seconds left.\n|inactive|LoSconosciuto has 150 seconds left.\n|\n|t:|1667752212\n|start\n|switch|p1a: Araquanid|Araquanid, L50, F|175\/175\n|switch|p2a: Scizor|Scizor, L50, M|177\/177\n|turn|1\n|inactive|LoSconosciuto has 180 seconds left.\n|inactive|Sir GrandMaster has 270 seconds left.\n|inactive|Sir GrandMaster has 240 seconds left.\n|\n|t:|1667752269\n|detailschange|p2a: Scizor|Scizor-Mega, L50, M\n|-mega|p2a: Scizor|Scizor|Scizorite\n|move|p2a: Scizor|U-turn|p1a: Araquanid\n|-damage|p1a: Araquanid|94\/175\n|\n|t:|1667752272\n|switch|p2a: Milotic|Milotic, L50, M|202\/202\n|move|p1a: Araquanid|Scald|p2a: Milotic\n|-resisted|p2a: Milotic\n|-damage|p2a: Milotic|148\/202\n|\n|-status|p2a: Milotic|brn|[from] item: Flame Orb\n|upkeep\n|turn|2\n|\n|t:|1667752281\n|switch|p1a: Jellicent|Jellicent, L50, M|207\/207\n|move|p2a: Milotic|Recover|p2a: Milotic\n|-heal|p2a: Milotic|202\/202 brn\n|\n|-damage|p2a: Milotic|190\/202 brn|[from] brn\n|upkeep\n|turn|3\n|\n|t:|1667752285\n|move|p2a: Milotic|Toxic|p1a: Jellicent\n|-status|p1a: Jellicent|tox\n|move|p1a: Jellicent|Scald|p2a: Milotic\n|-resisted|p2a: Milotic\n|-damage|p2a: Milotic|173\/202 brn\n|\n|-damage|p1a: Jellicent|195\/207 tox|[from] psn\n|-damage|p2a: Milotic|161\/202 brn|[from] brn\n|upkeep\n|turn|4\n|\n|t:|1667752289\n|switch|p1a: Beedrill|Beedrill, L50, F|141\/141\n|move|p2a: Milotic|Recover|p2a: Milotic\n|-heal|p2a: Milotic|202\/202 brn\n|\n|-damage|p2a: Milotic|190\/202 brn|[from] brn\n|upkeep\n|turn|5\n|inactive|Sir GrandMaster has 270 seconds left.\n|\n|t:|1667752309\n|switch|p2a: Scizor|Scizor-Mega, L50, M|177\/177\n|detailschange|p1a: Beedrill|Beedrill-Mega, L50, F\n|-mega|p1a: Beedrill|Beedrill|Beedrillite\n|move|p1a: Beedrill|Poison Jab|p2a: Scizor\n|-immune|p2a: Scizor\n|\n|upkeep\n|turn|6\n|\n|t:|1667752317\n|switch|p1a: Jellicent|Jellicent, L50, M|195\/207 tox\n|move|p2a: Scizor|Bullet Punch|p1a: Jellicent\n|-resisted|p1a: Jellicent\n|-damage|p1a: Jellicent|165\/207 tox\n|\n|-damage|p1a: Jellicent|153\/207 tox|[from] psn\n|upkeep\n|turn|7\n|inactive|Sir GrandMaster has 270 seconds left.\n|\n|t:|1667752328\n|switch|p2a: Milotic|Milotic, L50, M|190\/202 brn\n|move|p1a: Jellicent|Recover|p1a: Jellicent\n|-heal|p1a: Jellicent|207\/207 tox\n|\n|-damage|p1a: Jellicent|183\/207 tox|[from] psn\n|-damage|p2a: Milotic|178\/202 brn|[from] brn\n|upkeep\n|turn|8\n|inactive|Sir GrandMaster has 270 seconds left.\n|\n|t:|1667752347\n|move|p2a: Milotic|Scald|p1a: Jellicent\n|-resisted|p1a: Jellicent\n|-damage|p1a: Jellicent|162\/207 tox\n|move|p1a: Jellicent|Scald|p2a: Milotic\n|-resisted|p2a: Milotic\n|-damage|p2a: Milotic|162\/202 brn\n|\n|-damage|p1a: Jellicent|126\/207 tox|[from] psn\n|-damage|p2a: Milotic|150\/202 brn|[from] brn\n|upkeep\n|turn|9\n|\n|t:|1667752351\n|move|p2a: Milotic|Recover|p2a: Milotic\n|-heal|p2a: Milotic|202\/202 brn\n|move|p1a: Jellicent|Recover|p1a: Jellicent\n|-heal|p1a: Jellicent|207\/207 tox\n|\n|-damage|p1a: Jellicent|159\/207 tox|[from] psn\n|-damage|p2a: Milotic|190\/202 brn|[from] brn\n|upkeep\n|turn|10\n|\n|t:|1667752355\n|switch|p1a: Araquanid|Araquanid, L50, F|94\/175\n|move|p2a: Milotic|Scald|p1a: Araquanid\n|-resisted|p1a: Araquanid\n|-damage|p1a: Araquanid|75\/175\n|\n|-damage|p2a: Milotic|178\/202 brn|[from] brn\n|upkeep\n|turn|11\n|\n|t:|1667752366\n|move|p1a: Araquanid|Scald|p2a: Milotic\n|-resisted|p2a: Milotic\n|-damage|p2a: Milotic|123\/202 brn\n|move|p2a: Milotic|Mirror Coat|p1a: Araquanid\n|-damage|p1a: Araquanid|0 fnt\n|faint|p1a: Araquanid\n|\n|-damage|p2a: Milotic|111\/202 brn|[from] brn\n|upkeep\n|\n|t:|1667752370\n|switch|p1a: Beedrill|Beedrill-Mega, L50, F|141\/141\n|turn|12\n|\n|t:|1667752375\n|switch|p2a: Scizor|Scizor-Mega, L50, M|177\/177\n|move|p1a: Beedrill|Fell Stinger|p2a: Scizor\n|-resisted|p2a: Scizor\n|-damage|p2a: Scizor|148\/177\n|\n|upkeep\n|turn|13\n|\n|t:|1667752384\n|switch|p1a: Jellicent|Jellicent, L50, M|159\/207 tox\n|move|p2a: Scizor|Knock Off|p1a: Jellicent\n|-supereffective|p1a: Jellicent\n|-damage|p1a: Jellicent|33\/207 tox\n|-enditem|p1a: Jellicent|Sitrus Berry|[from] move: Knock Off|[of] p2a: Scizor\n|\n|-damage|p1a: Jellicent|21\/207 tox|[from] psn\n|upkeep\n|turn|14\n|\n|t:|1667752394\n|move|p2a: Scizor|Knock Off|p1a: Jellicent\n|-supereffective|p1a: Jellicent\n|-crit|p1a: Jellicent\n|-damage|p1a: Jellicent|0 fnt\n|-start|p2a: Scizor|Disable|Knock Off|[from] ability: Cursed Body|[of] p1a: Jellicent\n|faint|p1a: Jellicent\n|\n|upkeep\n|\n|t:|1667752396\n|switch|p1a: Beedrill|Beedrill-Mega, L50, F|141\/141\n|turn|15\n|c|\u2606LoSconosciuto|ggs\n|c|\u2606Sir GrandMaster|ggs\n|\n|t:|1667752400\n|move|p2a: Scizor|Bullet Punch|p1a: Beedrill\n|-damage|p1a: Beedrill|12\/141\n|move|p1a: Beedrill|Drill Run|p2a: Scizor\n|-damage|p2a: Scizor|105\/177\n|\n|upkeep\n|turn|16\n|\n|t:|1667752404\n|move|p2a: Scizor|Bullet Punch|p1a: Beedrill\n|-damage|p1a: Beedrill|0 fnt\n|faint|p1a: Beedrill\n|\n|win|LoSconosciuto\n|c|+pokeblade\u2606101|what was that conk set\n|c|\u2606LoSconosciuto|yeah conk scared me\n|l| Tarrembelle\n|c|\u2606LoSconosciuto|but i brought latias\n|l|+heroictobias\n|l|\u2606Sir GrandMaster\n|l| Teres BAHJi\n","inputlog":">version 64bd7780963bb8912946b73c4d69c4a2054e31b7\n>start {\"formatid\":\"gen7bssfactory\",\"seed\":[29798,56547,23878,33366]}\n>player p1 {\"name\":\"Sir GrandMaster\",\"avatar\":\"ghetsis\",\"rating\":0,\"seed\":[3309,14971,36106,40825]}\n>player p2 {\"name\":\"LoSconosciuto\",\"avatar\":\"#teamgapdos\",\"rating\":0,\"seed\":[31355,59018,34889,13462]}\n>chat \u2606LoSconosciuto|hf\n>chat \u2606Sir GrandMaster|hfgl\n>p1 team 5, 3, 6\n>p2 team 2, 1, 6\n>p1 move scald\n>p2 move uturn mega\n>p2 switch 3\n>p1 switch 3\n>p2 move recover\n>p1 move scald\n>p2 move toxic\n>p1 switch 2\n>p2 move recover\n>p1 move poisonjab mega\n>p2 switch 3\n>p1 switch 2\n>p2 move bulletpunch\n>p1 move recover\n>p2 switch 3\n>p1 move scald\n>p2 move scald\n>p1 move recover\n>p2 move recover\n>p1 switch 3\n>p2 move scald\n>p1 move scald\n>p2 move mirrorcoat\n>p1 switch 2\n>p1 move fellstinger\n>p2 switch 3\n>p1 switch 3\n>p2 move knockoff\n>p1 move scald\n>p2 move knockoff\n>p1 switch 3\n>chat \u2606LoSconosciuto|ggs\n>chat \u2606Sir GrandMaster|ggs\n>p1 move drillrun\n>p2 move bulletpunch\n>p1 move drillrun\n>p2 move bulletpunch","uploadtime":1667752415,"views":26,"p1id":"sirgrandmaster","p2id":"losconosciuto","formatid":"gen7bssfactory","rating":0,"private":0,"password":null}