{"id":"gen7ou-1608156671","p1":"SKIP THE DRIP","p2":"eelektrik funeral","format":"gen7ou","log":"|j|\u2606SKIP THE DRIP\n|j|\u2606eelektrik funeral\n|inactive|Battle timer is ON: inactive players will automatically lose when time's up.\n|t:|1656689530\n|gametype|singles\n|player|p1|SKIP THE DRIP|pokemonbreeder-gen3|\n|player|p2|eelektrik funeral|workerice|\n|teamsize|p1|6\n|teamsize|p2|6\n|gen|7\n|tier|[Gen 7] OU\n|rated|Tournament battle\n|rule|Sleep Clause Mod: Limit one foe put to sleep\n|rule|Species Clause: Limit one of each Pok\u00e9mon\n|rule|OHKO Clause: OHKO moves are banned\n|rule|Moody Clause: Moody is banned\n|rule|Evasion Moves Clause: Evasion moves are banned\n|rule|Endless Battle Clause: Forcing endless battles is banned\n|rule|HP Percentage Mod: HP is shown in percentages\n|clearpoke\n|poke|p1|Chansey, F|item\n|poke|p1|Heatran, F|item\n|poke|p1|Skarmory, F|item\n|poke|p1|Bisharp, M|item\n|poke|p1|Venusaur, F|item\n|poke|p1|Keldeo|item\n|poke|p2|Bisharp, F|item\n|poke|p2|Chansey, F|item\n|poke|p2|Heatran, F|item\n|poke|p2|Keldeo|item\n|poke|p2|Skarmory, M|item\n|poke|p2|Venusaur, M|item\n|teampreview\n|c|\u2606eelektrik funeral|cool team\n|c|\u2606SKIP THE DRIP|ty\n|inactive|eelektrik funeral has 120 seconds left.\n|c|\u2606SKIP THE DRIP|i saw ur team\n|c|\u2606SKIP THE DRIP|and got inspired\n|j| jayglee\n|\n|t:|1656689576\n|start\n|switch|p1a: Keldeo|Keldeo|100\/100\n|switch|p2a: Keldeo|Keldeo|100\/100\n|turn|1\n|c|\u2606SKIP THE DRIP|so i built my own\n|l| jayglee\n|\n|t:|1656689583\n|move|p1a: Keldeo|Secret Sword|p2a: Keldeo\n|-damage|p2a: Keldeo|48\/100\n|move|p2a: Keldeo|Hidden Power|p1a: Keldeo\n|-supereffective|p1a: Keldeo\n|-damage|p1a: Keldeo|31\/100\n|\n|-heal|p1a: Keldeo|37\/100|[from] item: Leftovers\n|upkeep\n|turn|2\n|\n|t:|1656689604\n|switch|p2a: Venusaur|Venusaur, M|100\/100\n|switch|p1a: Venusaur|Venusaur, F|100\/100\n|\n|upkeep\n|turn|3\n|\n|t:|1656689615\n|switch|p1a: Chansey|Chansey, F|100\/100\n|switch|p2a: Skarmory|Skarmory, M|100\/100\n|\n|upkeep\n|turn|4\n|\n|t:|1656689626\n|switch|p2a: Chansey|Chansey, F|100\/100\n|switch|p1a: Skarmory|Skarmory, F|100\/100\n|\n|upkeep\n|turn|5\n|\n|t:|1656689629\n|move|p1a: Skarmory|Spikes|p2a: Chansey\n|-sidestart|p2: eelektrik funeral|Spikes\n|move|p2a: Chansey|Stealth Rock|p1a: Skarmory\n|-sidestart|p1: SKIP THE DRIP|move: Stealth Rock\n|\n|upkeep\n|turn|6\n|\n|t:|1656689633\n|move|p1a: Skarmory|Spikes|p2a: Chansey\n|-sidestart|p2: eelektrik funeral|Spikes\n|move|p2a: Chansey|Seismic Toss|p1a: Skarmory\n|-damage|p1a: Skarmory|71\/100\n|-damage|p2a: Chansey|84\/100|[from] item: Rocky Helmet|[of] p1a: Skarmory\n|\n|upkeep\n|turn|7\n|c|\u2606SKIP THE DRIP|why does that have rocks\n|\n|t:|1656689640\n|switch|p2a: Skarmory|Skarmory, M|100\/100\n|move|p1a: Skarmory|Whirlwind|p2a: Skarmory\n|drag|p2a: Keldeo|Keldeo|48\/100\n|-damage|p2a: Keldeo|31\/100|[from] Spikes\n|\n|upkeep\n|turn|8\n|j| Lacksatives\n|\n|t:|1656689648\n|switch|p1a: Venusaur|Venusaur, F|100\/100\n|-damage|p1a: Venusaur|88\/100|[from] Stealth Rock\n|move|p2a: Keldeo|Scald|p1a: Venusaur\n|-resisted|p1a: Venusaur\n|-damage|p1a: Venusaur|61\/100\n|-status|p1a: Venusaur|brn\n|\n|-damage|p1a: Venusaur|55\/100 brn|[from] brn\n|upkeep\n|turn|9\n|\n|t:|1656689664\n|switch|p2a: Skarmory|Skarmory, M|100\/100\n|detailschange|p1a: Venusaur|Venusaur-Mega, F\n|-mega|p1a: Venusaur|Venusaur|Venusaurite\n|move|p1a: Venusaur|Synthesis|p1a: Venusaur\n|-heal|p1a: Venusaur|100\/100 brn\n|\n|-damage|p1a: Venusaur|94\/100 brn|[from] brn\n|upkeep\n|turn|10\n|j|+OXTHEFOX\n|\n|t:|1656689667\n|switch|p1a: Heatran|Heatran, F|100\/100\n|-damage|p1a: Heatran|88\/100|[from] Stealth Rock\n|-item|p1a: Heatran|Air Balloon\n|move|p2a: Skarmory|Spikes|p1a: Heatran\n|-sidestart|p1: SKIP THE DRIP|Spikes\n|\n|upkeep\n|turn|11\n|\n|t:|1656689672\n|switch|p2a: Heatran|Heatran, F|100\/100\n|-item|p2a: Heatran|Air Balloon\n|move|p1a: Heatran|Stealth Rock|p2a: Heatran\n|-sidestart|p2: eelektrik funeral|move: Stealth Rock\n|\n|upkeep\n|turn|12\n|\n|t:|1656689675\n|move|p1a: Heatran|Taunt|p2a: Heatran\n|-start|p2a: Heatran|move: Taunt\n|cant|p2a: Heatran|move: Taunt|Taunt\n|\n|upkeep\n|turn|13\n|l|+OXTHEFOX\n|\n|t:|1656689683\n|move|p2a: Heatran|Earth Power|p1a: Heatran\n|-immune|p1a: Heatran\n|move|p1a: Heatran|Lava Plume|p2a: Heatran\n|-start|p2a: Heatran|ability: Flash Fire\n|\n|upkeep\n|turn|14\n|\n|t:|1656689695\n|move|p1a: Heatran|Stealth Rock||[still]\n|-fail|p1a: Heatran\n|move|p2a: Heatran|Magma Storm|p1a: Heatran\n|-start|p1a: Heatran|ability: Flash Fire\n|\n|-end|p2a: Heatran|move: Taunt\n|upkeep\n|turn|15\n|\n|t:|1656689705\n|move|p1a: Heatran|Taunt|p2a: Heatran\n|-start|p2a: Heatran|move: Taunt\n|cant|p2a: Heatran|move: Taunt|Taunt\n|\n|upkeep\n|turn|16\n|\n|t:|1656689712\n|move|p1a: Heatran|Stealth Rock||[still]\n|-fail|p1a: Heatran\n|move|p2a: Heatran|Earth Power|p1a: Heatran\n|-immune|p1a: Heatran\n|\n|upkeep\n|turn|17\n|\n|t:|1656689730\n|move|p1a: Heatran|Stealth Rock||[still]\n|-fail|p1a: Heatran\n|move|p2a: Heatran|Earth Power|p1a: Heatran\n|-immune|p1a: Heatran\n|\n|-end|p2a: Heatran|move: Taunt\n|upkeep\n|turn|18\n|\n|t:|1656689745\n|move|p1a: Heatran|Taunt|p2a: Heatran\n|-start|p2a: Heatran|move: Taunt\n|cant|p2a: Heatran|move: Taunt|Taunt\n|\n|upkeep\n|turn|19\n|c|\u2606SKIP THE DRIP|are u timid\n|\n|t:|1656689759\n|move|p1a: Heatran|Stealth Rock||[still]\n|-fail|p1a: Heatran\n|move|p2a: Heatran|Earth Power|p1a: Heatran\n|-immune|p1a: Heatran\n|\n|upkeep\n|turn|20\n|\n|t:|1656689762\n|move|p1a: Heatran|Stealth Rock||[still]\n|-fail|p1a: Heatran\n|move|p2a: Heatran|Earth Power|p1a: Heatran\n|-immune|p1a: Heatran\n|\n|-end|p2a: Heatran|move: Taunt\n|upkeep\n|turn|21\n|j| maxime.s\n|\n|t:|1656689764\n|move|p1a: Heatran|Taunt|p2a: Heatran\n|-start|p2a: Heatran|move: Taunt\n|cant|p2a: Heatran|move: Taunt|Taunt\n|\n|upkeep\n|turn|22\n|l| maxime.s\n|c| Lacksatives|what a fun game guys\n|c|\u2606SKIP THE DRIP|who am i kidding\n|c|\u2606SKIP THE DRIP|u ar\n|c|\u2606eelektrik funeral|how have you won 4 speed tirs\n|j| Pinecoishot\n|c|\u2606eelektrik funeral|ties\n|c|\u2606SKIP THE DRIP|bro ur timid\n|c|\u2606SKIP THE DRIP|* modest\n|c|\u2606eelektrik funeral|i\u2019m not\n|inactive|SKIP THE DRIP has 120 seconds left.\n|c|\u2606SKIP THE DRIP|u are\n|c|\u2606eelektrik funeral|that\u2019s the funny thing\n|c|\u2606SKIP THE DRIP|ive been faster\n|c| Pinecoishot|I was excited when I saw air slash on Keldeo\n|c|\u2606SKIP THE DRIP|every turn\n|c| Pinecoishot|but it is\n|\n|t:|1656689808\n|move|p1a: Heatran|Stealth Rock||[still]\n|-fail|p1a: Heatran\n|move|p2a: Heatran|Magma Storm|p1a: Heatran\n|-immune|p1a: Heatran|[from] ability: Flash Fire\n|\n|upkeep\n|turn|23\n|c| Pinecoishot|Gen 8 only\n|c|\u2606eelektrik funeral|i got 278 speed\n|c|\u2606SKIP THE DRIP|ur cap\n|c|\u2606SKIP THE DRIP|code\n|c|\u2606SKIP THE DRIP|rn\n|inactive|eelektrik funeral has 120 seconds left.\n|\n|t:|1656689829\n|move|p2a: Heatran|Magma Storm|p1a: Heatran\n|-immune|p1a: Heatran|[from] ability: Flash Fire\n|move|p1a: Heatran|Stealth Rock||[still]\n|-fail|p1a: Heatran\n|\n|-end|p2a: Heatran|move: Taunt\n|upkeep\n|turn|24\n|inactive|SKIP THE DRIP has 120 seconds left.\n|c|\u2606SKIP THE DRIP|!help\nCOMMANDS: \/report, \/msg, \/reply, \/logout, \/challenge, \/search, \/rating, \/whois, \/user, \/join, \/leave, \/userauth, \/roomauth\nBATTLE ROOM COMMANDS: \/savereplay, \/hideroom, \/inviteonly, \/invite, \/timer, \/forfeit\nOPTION COMMANDS: \/nick, \/avatar, \/ignore, \/status, \/away, \/busy, \/back, \/timestamps, \/highlight, \/showjoins, \/hidejoins, \/blockchallenges, \/blockpms\nINFORMATIONAL\/RESOURCE COMMANDS: \/groups, \/faq, \/rules, \/intro, \/formatshelp, \/othermetas, \/analysis, \/punishments, \/calc, \/git, \/cap, \/roomhelp, \/roomfaq (replace \/ with ! to broadcast. Broadcasting requires: + % @ # &)\nDATA COMMANDS: \/data, \/dexsearch, \/movesearch, \/itemsearch, \/learn, \/statcalc, \/effectiveness, \/weakness, \/coverage, \/randommove, \/randompokemon (replace \/ with ! to broadcast. Broadcasting requires: + % @ # &)\nFor an overview of room commands, use \/roomhelp\nFor details of a specific command, use something like: \/help data\n|\n|t:|1656689851\n|move|p2a: Heatran|Taunt|p1a: Heatran\n|-start|p1a: Heatran|move: Taunt\n|cant|p1a: Heatran|move: Taunt|Stealth Rock\n|\n|upkeep\n|turn|25\n|c|\u2606SKIP THE DRIP|wtf\n|c|\u2606SKIP THE DRIP|no way\n|j| RGCultist\n|c|\u2606SKIP THE DRIP|no way\n|c|\u2606SKIP THE DRIP|noway\n|\n|t:|1656689868\n|-end|p2a: Heatran|ability: Flash Fire|[silent]\n|switch|p2a: Chansey|Chansey, F|84\/100\n|-damage|p2a: Chansey|67\/100|[from] Spikes\n|-damage|p2a: Chansey|55\/100|[from] Stealth Rock\n|move|p1a: Heatran|Lava Plume|p2a: Chansey\n|-damage|p2a: Chansey|39\/100\n|-status|p2a: Chansey|brn\n|\n|-damage|p2a: Chansey|33\/100 brn|[from] brn\n|upkeep\n|turn|26\n|\n|t:|1656689873\n|-end|p1a: Heatran|ability: Flash Fire|[silent]\n|switch|p1a: Skarmory|Skarmory, F|71\/100\n|-damage|p1a: Skarmory|58\/100|[from] Stealth Rock\n|move|p2a: Chansey|Soft-Boiled|p2a: Chansey\n|-heal|p2a: Chansey|83\/100 brn\n|\n|-damage|p2a: Chansey|76\/100 brn|[from] brn\n|upkeep\n|turn|27\n|\n|t:|1656689879\n|-curestatus|p2a: Chansey|brn|[from] ability: Natural Cure\n|switch|p2a: Skarmory|Skarmory, M|100\/100\n|-damage|p2a: Skarmory|88\/100|[from] Stealth Rock\n|move|p1a: Skarmory|Whirlwind|p2a: Skarmory\n|drag|p2a: Heatran|Heatran, F|100\/100\n|-damage|p2a: Heatran|88\/100|[from] Stealth Rock\n|-item|p2a: Heatran|Air Balloon\n|\n|upkeep\n|turn|28\n|inactive|SKIP THE DRIP has 120 seconds left.\n|\n|t:|1656689896\n|switch|p2a: Venusaur|Venusaur, M|100\/100\n|-damage|p2a: Venusaur|84\/100|[from] Spikes\n|-damage|p2a: Venusaur|72\/100|[from] Stealth Rock\n|switch|p1a: Heatran|Heatran, F|88\/100\n|-damage|p1a: Heatran|76\/100|[from] Stealth Rock\n|-item|p1a: Heatran|Air Balloon\n|\n|upkeep\n|turn|29\n|inactive|SKIP THE DRIP has 120 seconds left.\n|\n|t:|1656689902\n|switch|p1a: Chansey|Chansey, F|100\/100\n|-damage|p1a: Chansey|88\/100|[from] Stealth Rock\n|-damage|p1a: Chansey|76\/100|[from] Spikes\n|detailschange|p2a: Venusaur|Venusaur-Mega, M\n|-mega|p2a: Venusaur|Venusaur|Venusaurite\n|move|p2a: Venusaur|Giga Drain|p1a: Chansey\n|-damage|p1a: Chansey|67\/100\n|-heal|p2a: Venusaur|79\/100|[from] drain|[of] p1a: Chansey\n|\n|upkeep\n|turn|30\n|\n|t:|1656689907\n|switch|p2a: Chansey|Chansey, F|76\/100\n|-damage|p2a: Chansey|60\/100|[from] Spikes\n|-damage|p2a: Chansey|47\/100|[from] Stealth Rock\n|move|p1a: Chansey|Soft-Boiled|p1a: Chansey\n|-heal|p1a: Chansey|100\/100\n|\n|upkeep\n|turn|31\n|\n|t:|1656689910\n|switch|p1a: Skarmory|Skarmory, F|58\/100\n|-damage|p1a: Skarmory|46\/100|[from] Stealth Rock\n|move|p2a: Chansey|Soft-Boiled|p2a: Chansey\n|-heal|p2a: Chansey|97\/100\n|\n|upkeep\n|turn|32\n|j| cogonahorse\n|\n|t:|1656689924\n|switch|p2a: Skarmory|Skarmory, M|88\/100\n|-damage|p2a: Skarmory|76\/100|[from] Stealth Rock\n|move|p1a: Skarmory|Roost|p1a: Skarmory\n|-heal|p1a: Skarmory|96\/100\n|-singleturn|p1a: Skarmory|move: Roost\n|\n|upkeep\n|turn|33\n|\n|t:|1656689927\n|move|p2a: Skarmory|Spikes|p1a: Skarmory\n|-sidestart|p1: SKIP THE DRIP|Spikes\n|move|p1a: Skarmory|Whirlwind|p2a: Skarmory\n|drag|p2a: Chansey|Chansey, F|97\/100\n|-damage|p2a: Chansey|81\/100|[from] Spikes\n|-damage|p2a: Chansey|68\/100|[from] Stealth Rock\n|\n|upkeep\n|turn|34\n|\n|t:|1656689930\n|move|p1a: Skarmory|Spikes|p2a: Chansey\n|-sidestart|p2: eelektrik funeral|Spikes\n|move|p2a: Chansey|Soft-Boiled|p2a: Chansey\n|-heal|p2a: Chansey|100\/100\n|\n|upkeep\n|turn|35\n|\n|t:|1656689933\n|move|p2a: Chansey|Seismic Toss|p1a: Skarmory\n|-damage|p1a: Skarmory|66\/100\n|-damage|p2a: Chansey|84\/100|[from] item: Rocky Helmet|[of] p1a: Skarmory\n|move|p1a: Skarmory|Whirlwind|p2a: Chansey\n|drag|p2a: Keldeo|Keldeo|31\/100\n|-damage|p2a: Keldeo|6\/100|[from] Spikes\n|-damage|p2a: Keldeo|0 fnt|[from] Stealth Rock\n|faint|p2a: Keldeo\n|\n|upkeep\n|\n|t:|1656689954\n|switch|p2a: Skarmory|Skarmory, M|76\/100\n|-damage|p2a: Skarmory|64\/100|[from] Stealth Rock\n|turn|36\n|\n|t:|1656689958\n|move|p2a: Skarmory|Spikes|p1a: Skarmory\n|-sidestart|p1: SKIP THE DRIP|Spikes\n|move|p1a: Skarmory|Whirlwind|p2a: Skarmory\n|drag|p2a: Heatran|Heatran, F|88\/100\n|-damage|p2a: Heatran|76\/100|[from] Stealth Rock\n|-item|p2a: Heatran|Air Balloon\n|\n|upkeep\n|turn|37\n|\n|t:|1656689969\n|switch|p1a: Heatran|Heatran, F|76\/100\n|-damage|p1a: Heatran|63\/100|[from] Stealth Rock\n|-item|p1a: Heatran|Air Balloon\n|move|p2a: Heatran|Taunt|p1a: Heatran\n|-start|p1a: Heatran|move: Taunt\n|\n|upkeep\n|turn|38\n|\n|t:|1656689978\n|switch|p2a: Chansey|Chansey, F|84\/100\n|-damage|p2a: Chansey|59\/100|[from] Spikes\n|-damage|p2a: Chansey|46\/100|[from] Stealth Rock\n|move|p1a: Heatran|Lava Plume|p2a: Chansey\n|-damage|p2a: Chansey|37\/100\n|\n|upkeep\n|turn|39\n|c| Lacksatives|what a fun game guys\n|j| Chiles Habaneros\n|c|\u2606SKIP THE DRIP|how many times u gonna say that\n|c|\u2606eelektrik funeral|balloon coming in clutch on these spikes\n|c|\u2606SKIP THE DRIP|ikr\n|\n|t:|1656690003\n|switch|p1a: Skarmory|Skarmory, F|66\/100\n|-damage|p1a: Skarmory|54\/100|[from] Stealth Rock\n|move|p2a: Chansey|Soft-Boiled|p2a: Chansey\n|-heal|p2a: Chansey|87\/100\n|\n|upkeep\n|turn|40\n|c| Lacksatives|SKIP THE DRIP every time 2 balloon trans are stuck in a mirror match\n|\n|t:|1656690012\n|move|p1a: Skarmory|Roost|p1a: Skarmory\n|-heal|p1a: Skarmory|100\/100\n|-singleturn|p1a: Skarmory|move: Roost\n|move|p2a: Chansey|Seismic Toss|p1a: Skarmory\n|-damage|p1a: Skarmory|71\/100\n|-damage|p2a: Chansey|70\/100|[from] item: Rocky Helmet|[of] p1a: Skarmory\n|\n|upkeep\n|turn|41\n|\n|t:|1656690017\n|move|p1a: Skarmory|Roost|p1a: Skarmory\n|-heal|p1a: Skarmory|100\/100\n|-singleturn|p1a: Skarmory|move: Roost\n|move|p2a: Chansey|Seismic Toss|p1a: Skarmory\n|-damage|p1a: Skarmory|71\/100\n|-damage|p2a: Chansey|53\/100|[from] item: Rocky Helmet|[of] p1a: Skarmory\n|\n|upkeep\n|turn|42\n|\n|t:|1656690021\n|move|p1a: Skarmory|Roost|p1a: Skarmory\n|-heal|p1a: Skarmory|100\/100\n|-singleturn|p1a: Skarmory|move: Roost\n|move|p2a: Chansey|Soft-Boiled|p2a: Chansey\n|-heal|p2a: Chansey|100\/100\n|\n|upkeep\n|turn|43\n|\n|t:|1656690026\n|move|p1a: Skarmory|Brave Bird|p2a: Chansey\n|-damage|p2a: Chansey|79\/100\n|-damage|p1a: Skarmory|86\/100|[from] Recoil\n|move|p2a: Chansey|Seismic Toss|p1a: Skarmory\n|-damage|p1a: Skarmory|56\/100\n|-damage|p2a: Chansey|62\/100|[from] item: Rocky Helmet|[of] p1a: Skarmory\n|\n|upkeep\n|turn|44\n|\n|t:|1656690029\n|move|p1a: Skarmory|Roost|p1a: Skarmory\n|-heal|p1a: Skarmory|100\/100\n|-singleturn|p1a: Skarmory|move: Roost\n|move|p2a: Chansey|Soft-Boiled|p2a: Chansey\n|-heal|p2a: Chansey|100\/100\n|\n|upkeep\n|turn|45\n|\n|t:|1656690032\n|move|p2a: Chansey|Seismic Toss|p1a: Skarmory\n|-damage|p1a: Skarmory|71\/100\n|-damage|p2a: Chansey|84\/100|[from] item: Rocky Helmet|[of] p1a: Skarmory\n|move|p1a: Skarmory|Whirlwind|p2a: Chansey\n|drag|p2a: Skarmory|Skarmory, M|64\/100\n|-damage|p2a: Skarmory|51\/100|[from] Stealth Rock\n|\n|upkeep\n|turn|46\n|c|\u2606SKIP THE DRIP|can just get bisharp\n|\n|t:|1656690061\n|move|p2a: Skarmory|Whirlwind|p1a: Skarmory\n|drag|p1a: Chansey|Chansey, F|100\/100\n|-damage|p1a: Chansey|88\/100|[from] Stealth Rock\n|-damage|p1a: Chansey|63\/100|[from] Spikes\n|\n|upkeep\n|turn|47\n|\n|t:|1656690067\n|move|p2a: Skarmory|Roost|p2a: Skarmory\n|-heal|p2a: Skarmory|100\/100\n|-singleturn|p2a: Skarmory|move: Roost\n|move|p1a: Chansey|Thunder Wave|p2a: Skarmory\n|-status|p2a: Skarmory|par\n|\n|upkeep\n|turn|48\n|\n|t:|1656690070\n|move|p1a: Chansey|Soft-Boiled|p1a: Chansey\n|-heal|p1a: Chansey|100\/100\n|move|p2a: Skarmory|Whirlwind|p1a: Chansey\n|drag|p1a: Keldeo|Keldeo|37\/100\n|-damage|p1a: Keldeo|31\/100|[from] Stealth Rock\n|-damage|p1a: Keldeo|6\/100|[from] Spikes\n|\n|-heal|p1a: Keldeo|12\/100|[from] item: Leftovers\n|upkeep\n|turn|49\n|\n|t:|1656690076\n|switch|p2a: Venusaur|Venusaur-Mega, M|79\/100\n|-damage|p2a: Venusaur|54\/100|[from] Spikes\n|-damage|p2a: Venusaur|42\/100|[from] Stealth Rock\n|move|p1a: Keldeo|Scald|p2a: Venusaur\n|-resisted|p2a: Venusaur\n|-damage|p2a: Venusaur|25\/100\n|\n|-heal|p1a: Keldeo|18\/100|[from] item: Leftovers\n|upkeep\n|turn|50\n|\n|t:|1656690085\n|move|p1a: Keldeo|Scald|p2a: Venusaur\n|-resisted|p2a: Venusaur\n|-damage|p2a: Venusaur|8\/100\n|move|p2a: Venusaur|Synthesis|p2a: Venusaur\n|-heal|p2a: Venusaur|58\/100\n|\n|-heal|p1a: Keldeo|24\/100|[from] item: Leftovers\n|upkeep\n|turn|51\n|\n|t:|1656690091\n|switch|p1a: Chansey|Chansey, F|100\/100\n|-damage|p1a: Chansey|88\/100|[from] Stealth Rock\n|-damage|p1a: Chansey|63\/100|[from] Spikes\n|move|p2a: Venusaur|Synthesis|p2a: Venusaur\n|-heal|p2a: Venusaur|100\/100\n|\n|upkeep\n|turn|52\n|\n|t:|1656690097\n|switch|p2a: Skarmory|Skarmory, M|100\/100 par\n|-damage|p2a: Skarmory|88\/100 par|[from] Stealth Rock\n|move|p1a: Chansey|Soft-Boiled|p1a: Chansey\n|-heal|p1a: Chansey|100\/100\n|\n|upkeep\n|turn|53\n|l|\u2606eelektrik funeral\n|inactive|eelektrik funeral disconnected and has a minute to reconnect!\n|player|p2|\n|l| RGCultist\n|l| Chiles Habaneros\n|inactive|eelektrik funeral has 30 seconds to reconnect!\n|inactive|eelektrik funeral has 20 seconds to reconnect!\n|inactive|eelektrik funeral has 15 seconds to reconnect!\n|inactive|eelektrik funeral has 10 seconds to reconnect!\n|inactive|eelektrik funeral has 5 seconds to reconnect!\n|-message|eelektrik funeral lost due to inactivity.\n|\n|win|SKIP THE DRIP\n|n|\u2606SKIP THE DRIP|skipthedrip\n|n| Lacksatives|lacksatives\n|n| Pinecoishot|pinecoishot\n|n| cogonahorse|cogonahorse\n|l|\u2606SKIP THE DRIP\n|l| Lacksatives\n|l| Pinecoishot\n","uploadtime":1656690540,"views":9,"p1id":"skipthedrip","p2id":"eelektrikfuneral","formatid":"gen7ou","rating":0,"private":0,"password":null}