{"id":"gen7ou-991261077","p1":"madness10","p2":"Gyslexic Duy (\u203d)","format":"gen7ou","log":"|j|\u2606madness10\n|j|\u2606Gyslexic Duy (\u203d)\n|player|p1|madness10|2|1454\n|player|p2|Gyslexic Duy (\u203d)|290|1497\n|teamsize|p1|6\n|teamsize|p2|6\n|gametype|singles\n|gen|7\n|tier|[Gen 7] OU\n|rated|\n|rule|Sleep Clause Mod: Limit one foe put to sleep\n|rule|Species Clause: Limit one of each Pok\u00e9mon\n|rule|OHKO Clause: OHKO moves are banned\n|rule|Moody Clause: Moody is banned\n|rule|Evasion Moves Clause: Evasion moves are banned\n|rule|Endless Battle Clause: Forcing endless battles is banned\n|rule|HP Percentage Mod: HP is shown in percentages\n|clearpoke\n|poke|p1|Celesteela|item\n|poke|p1|Landorus-Therian, M|item\n|poke|p1|Toxapex, F|item\n|poke|p1|Serperior, F|item\n|poke|p1|Mawile, F|item\n|poke|p1|Blacephalon|item\n|poke|p2|Clefable, F|item\n|poke|p2|Tyranitar, F|item\n|poke|p2|Toxapex, F|item\n|poke|p2|Tornadus-Therian, M|item\n|poke|p2|Ferrothorn, F|item\n|poke|p2|Landorus-Therian, M|item\n|teampreview\n|inactive|Battle timer is ON: inactive players will automatically lose when time's up. (requested by Gyslexic Duy (\u203d))\n|\n|start\n|switch|p1a: Landorus|Landorus-Therian, M, shiny|100\/100\n|switch|p2a: Clefable|Clefable, F|100\/100\n|-ability|p1a: Landorus|Intimidate|boost\n|-unboost|p2a: Clefable|atk|1\n|turn|1\n|\n|move|p1a: Landorus|Stealth Rock|p2a: Clefable\n|-sidestart|p2: Gyslexic Duy (\u203d)|move: Stealth Rock\n|move|p2a: Clefable|Stealth Rock|p1a: Landorus\n|-sidestart|p1: madness10|move: Stealth Rock\n|\n|upkeep\n|turn|2\n|\n|move|p1a: Landorus|U-turn|p2a: Clefable\n|-resisted|p2a: Clefable\n|-damage|p2a: Clefable|92\/100\n|\n|switch|p1a: Toxapex|Toxapex, F, shiny|100\/100|[from]move: U-turn\n|-damage|p1a: Toxapex|88\/100|[from] Stealth Rock\n|move|p2a: Clefable|Calm Mind|p2a: Clefable\n|-boost|p2a: Clefable|spa|1\n|-boost|p2a: Clefable|spd|1\n|\n|-heal|p2a: Clefable|98\/100|[from] item: Leftovers\n|-heal|p1a: Toxapex|94\/100|[from] item: Leftovers\n|upkeep\n|turn|3\n|\n|switch|p1a: Celesteela|Celesteela, shiny|100\/100\n|-damage|p1a: Celesteela|88\/100|[from] Stealth Rock\n|move|p2a: Clefable|Calm Mind|p2a: Clefable\n|-boost|p2a: Clefable|spa|1\n|-boost|p2a: Clefable|spd|1\n|\n|-heal|p2a: Clefable|100\/100|[from] item: Leftovers\n|-heal|p1a: Celesteela|94\/100|[from] item: Leftovers\n|upkeep\n|turn|4\n|\n|move|p2a: Clefable|Calm Mind|p2a: Clefable\n|-boost|p2a: Clefable|spa|1\n|-boost|p2a: Clefable|spd|1\n|move|p1a: Celesteela|Heavy Slam|p2a: Clefable\n|-supereffective|p2a: Clefable\n|-damage|p2a: Clefable|37\/100\n|\n|-heal|p2a: Clefable|43\/100|[from] item: Leftovers\n|-heal|p1a: Celesteela|99\/100|[from] item: Leftovers\n|upkeep\n|turn|5\n|\n|move|p2a: Clefable|Soft-Boiled|p2a: Clefable\n|-heal|p2a: Clefable|93\/100\n|move|p1a: Celesteela|Heavy Slam|p2a: Clefable\n|-supereffective|p2a: Clefable\n|-damage|p2a: Clefable|30\/100\n|\n|-heal|p2a: Clefable|36\/100|[from] item: Leftovers\n|-heal|p1a: Celesteela|100\/100|[from] item: Leftovers\n|upkeep\n|turn|6\n|\n|switch|p2a: Toxapex|Toxapex, F|100\/100\n|-damage|p2a: Toxapex|88\/100|[from] Stealth Rock\n|move|p1a: Celesteela|Heavy Slam|p2a: Toxapex\n|-resisted|p2a: Toxapex\n|-damage|p2a: Toxapex|71\/100\n|\n|upkeep\n|turn|7\n|\n|move|p1a: Celesteela|Leech Seed|p2a: Toxapex\n|-start|p2a: Toxapex|move: Leech Seed\n|move|p2a: Toxapex|Scald|p1a: Celesteela\n|-damage|p1a: Celesteela|85\/100\n|\n|-heal|p1a: Celesteela|91\/100|[from] item: Leftovers\n|-damage|p2a: Toxapex|59\/100|[from] Leech Seed|[of] p1a: Celesteela\n|-heal|p1a: Celesteela|100\/100|[silent]\n|upkeep\n|turn|8\n|\n|switch|p1a: Serperior|Serperior, F, shiny|100\/100\n|-damage|p1a: Serperior|88\/100|[from] Stealth Rock\n|move|p2a: Toxapex|Scald|p1a: Serperior\n|-resisted|p1a: Serperior\n|-damage|p1a: Serperior|77\/100\n|-status|p1a: Serperior|brn\n|\n|-damage|p2a: Toxapex|47\/100|[from] Leech Seed|[of] p1a: Serperior\n|-heal|p1a: Serperior|90\/100 brn|[silent]\n|-damage|p1a: Serperior|84\/100 brn|[from] brn\n|upkeep\n|turn|9\n|\n|switch|p2a: Tornadus|Tornadus-Therian, M|100\/100\n|-damage|p2a: Tornadus|76\/100|[from] Stealth Rock\n|move|p1a: Serperior|Knock Off|p2a: Tornadus\n|-crit|p2a: Tornadus\n|-damage|p2a: Tornadus|65\/100\n|\n|-damage|p1a: Serperior|77\/100 brn|[from] brn\n|upkeep\n|turn|10\n|\n|switch|p1a: Toxapex|Toxapex, F, shiny|100\/100\n|-damage|p1a: Toxapex|88\/100|[from] Stealth Rock\n|move|p2a: Tornadus|Heat Wave|p1a: Toxapex|[miss]\n|-miss|p2a: Tornadus|p1a: Toxapex\n|\n|-heal|p1a: Toxapex|94\/100|[from] item: Leftovers\n|upkeep\n|turn|11\n|\n|switch|p2a: Clefable|Clefable, F|36\/100\n|move|p1a: Toxapex|Toxic|p2a: Clefable\n|-status|p2a: Clefable|tox\n|\n|-heal|p2a: Clefable|42\/100 tox|[from] item: Leftovers\n|-heal|p1a: Toxapex|100\/100|[from] item: Leftovers\n|upkeep\n|turn|12\n|\n|switch|p1a: Mawile|Mawile, F, shiny|100\/100\n|-damage|p1a: Mawile|95\/100|[from] Stealth Rock\n|-ability|p1a: Mawile|Intimidate|boost\n|-unboost|p2a: Clefable|atk|1\n|move|p2a: Clefable|Soft-Boiled|p2a: Clefable\n|-heal|p2a: Clefable|92\/100 tox\n|\n|-heal|p2a: Clefable|98\/100 tox|[from] item: Leftovers\n|upkeep\n|turn|13\n|\n|switch|p2a: Landorus|Landorus-Therian, M|100\/100\n|-damage|p2a: Landorus|88\/100|[from] Stealth Rock\n|-ability|p2a: Landorus|Intimidate|boost\n|-unboost|p1a: Mawile|atk|1\n|detailschange|p1a: Mawile|Mawile-Mega, F, shiny\n|-mega|p1a: Mawile|Mawile|Mawilite\n|move|p1a: Mawile|Swords Dance|p1a: Mawile\n|-boost|p1a: Mawile|atk|2\n|\n|upkeep\n|turn|14\n|\n|switch|p1a: Celesteela|Celesteela, shiny|100\/100\n|-damage|p1a: Celesteela|88\/100|[from] Stealth Rock\n|move|p2a: Landorus|Earthquake|p1a: Celesteela\n|-immune|p1a: Celesteela\n|\n|-heal|p1a: Celesteela|94\/100|[from] item: Leftovers\n|upkeep\n|turn|15\n|\n|switch|p2a: Toxapex|Toxapex, F|80\/100\n|-damage|p2a: Toxapex|68\/100|[from] Stealth Rock\n|move|p1a: Celesteela|Heavy Slam|p2a: Toxapex\n|-resisted|p2a: Toxapex\n|-damage|p2a: Toxapex|52\/100\n|\n|-heal|p1a: Celesteela|99\/100|[from] item: Leftovers\n|upkeep\n|turn|16\n|\n|move|p1a: Celesteela|Leech Seed|p2a: Toxapex\n|-start|p2a: Toxapex|move: Leech Seed\n|move|p2a: Toxapex|Scald|p1a: Celesteela\n|-damage|p1a: Celesteela|87\/100\n|\n|-heal|p1a: Celesteela|93\/100|[from] item: Leftovers\n|-damage|p2a: Toxapex|40\/100|[from] Leech Seed|[of] p1a: Celesteela\n|-heal|p1a: Celesteela|100\/100|[silent]\n|upkeep\n|turn|17\n|\n|switch|p2a: Ferrothorn|Ferrothorn, F|100\/100\n|-damage|p2a: Ferrothorn|94\/100|[from] Stealth Rock\n|move|p1a: Celesteela|Leech Seed|p2a: Ferrothorn\n|-immune|p2a: Ferrothorn\n|\n|-heal|p2a: Ferrothorn|100\/100|[from] item: Leftovers\n|upkeep\n|turn|18\n|\n|switch|p2a: Toxapex|Toxapex, F|73\/100\n|-damage|p2a: Toxapex|61\/100|[from] Stealth Rock\n|move|p1a: Celesteela|Flamethrower|p2a: Toxapex\n|-resisted|p2a: Toxapex\n|-crit|p2a: Toxapex\n|-damage|p2a: Toxapex|50\/100\n|\n|upkeep\n|turn|19\n|\n|switch|p1a: Serperior|Serperior, F, shiny|77\/100 brn\n|-damage|p1a: Serperior|65\/100 brn|[from] Stealth Rock\n|move|p2a: Toxapex|Scald|p1a: Serperior\n|-resisted|p1a: Serperior\n|-damage|p1a: Serperior|55\/100 brn\n|\n|-damage|p1a: Serperior|49\/100 brn|[from] brn\n|upkeep\n|turn|20\n|\n|switch|p2a: Ferrothorn|Ferrothorn, F|100\/100\n|-damage|p2a: Ferrothorn|94\/100|[from] Stealth Rock\n|move|p1a: Serperior|Glare|p2a: Ferrothorn\n|-status|p2a: Ferrothorn|par\n|\n|-heal|p2a: Ferrothorn|100\/100 par|[from] item: Leftovers\n|-damage|p1a: Serperior|43\/100 brn|[from] brn\n|upkeep\n|turn|21\n|\n|switch|p1a: Celesteela|Celesteela, shiny|100\/100\n|-damage|p1a: Celesteela|88\/100|[from] Stealth Rock\n|move|p2a: Ferrothorn|Spikes|p1a: Celesteela\n|-sidestart|p1: madness10|Spikes\n|\n|-heal|p1a: Celesteela|94\/100|[from] item: Leftovers\n|upkeep\n|turn|22\n|\n|switch|p2a: Toxapex|Toxapex, F|83\/100\n|-damage|p2a: Toxapex|71\/100|[from] Stealth Rock\n|move|p1a: Celesteela|Leech Seed|p2a: Toxapex\n|-start|p2a: Toxapex|move: Leech Seed\n|\n|-heal|p1a: Celesteela|99\/100|[from] item: Leftovers\n|-damage|p2a: Toxapex|59\/100|[from] Leech Seed|[of] p1a: Celesteela\n|-heal|p1a: Celesteela|100\/100|[silent]\n|upkeep\n|turn|23\n|\n|switch|p1a: Serperior|Serperior, F, shiny|43\/100 brn\n|-damage|p1a: Serperior|30\/100 brn|[from] Spikes\n|-damage|p1a: Serperior|18\/100 brn|[from] Stealth Rock\n|switch|p2a: Tornadus|Tornadus-Therian, M|98\/100\n|-damage|p2a: Tornadus|73\/100|[from] Stealth Rock\n|\n|-damage|p1a: Serperior|12\/100 brn|[from] brn\n|upkeep\n|turn|24\n|\n|switch|p2a: Ferrothorn|Ferrothorn, F|100\/100 par\n|-damage|p2a: Ferrothorn|94\/100 par|[from] Stealth Rock\n|move|p1a: Serperior|Defog|p2a: Ferrothorn\n|-unboost|p2a: Ferrothorn|evasion|1\n|-sideend|p2: Gyslexic Duy (\u203d)|Stealth Rock|[from] move: Defog|[of] p1a: Serperior\n|-sideend|p1: madness10|Spikes|[from] move: Defog|[of] p1a: Serperior\n|-sideend|p1: madness10|Stealth Rock|[from] move: Defog|[of] p1a: Serperior\n|\n|-heal|p2a: Ferrothorn|100\/100 par|[from] item: Leftovers\n|-damage|p1a: Serperior|6\/100 brn|[from] brn\n|upkeep\n|turn|25\n|\n|switch|p1a: Blacephalon|Blacephalon, shiny|100\/100\n|move|p2a: Ferrothorn|Spikes|p1a: Blacephalon\n|-sidestart|p1: madness10|Spikes\n|\n|upkeep\n|turn|26\n|\n|switch|p2a: Tyranitar|Tyranitar, F|100\/100\n|-weather|Sandstorm|[from] ability: Sand Stream|[of] p2a: Tyranitar\n|move|p1a: Blacephalon|Substitute|p1a: Blacephalon\n|-start|p1a: Blacephalon|Substitute\n|-damage|p1a: Blacephalon|76\/100\n|\n|-weather|Sandstorm|[upkeep]\n|-damage|p1a: Blacephalon|70\/100|[from] Sandstorm\n|upkeep\n|turn|27\n|\n|switch|p1a: Celesteela|Celesteela, shiny|100\/100\n|move|p2a: Tyranitar|Crunch|p1a: Celesteela\n|-damage|p1a: Celesteela|61\/100\n|\n|-weather|Sandstorm|[upkeep]\n|-heal|p1a: Celesteela|67\/100|[from] item: Leftovers\n|upkeep\n|turn|28\n|\n|switch|p2a: Toxapex|Toxapex, F|92\/100\n|move|p1a: Celesteela|Leech Seed|p2a: Toxapex\n|-start|p2a: Toxapex|move: Leech Seed\n|\n|-weather|Sandstorm|[upkeep]\n|-damage|p2a: Toxapex|86\/100|[from] Sandstorm\n|-heal|p1a: Celesteela|73\/100|[from] item: Leftovers\n|-damage|p2a: Toxapex|74\/100|[from] Leech Seed|[of] p1a: Celesteela\n|-heal|p1a: Celesteela|83\/100|[silent]\n|upkeep\n|turn|29\n|inactive|madness10 has 120 seconds left.\n|\n|switch|p2a: Tornadus|Tornadus-Therian, M|100\/100\n|move|p1a: Celesteela|Flamethrower|p2a: Tornadus\n|-damage|p2a: Tornadus|69\/100\n|\n|-weather|Sandstorm|[upkeep]\n|-damage|p2a: Tornadus|63\/100|[from] Sandstorm\n|-heal|p1a: Celesteela|89\/100|[from] item: Leftovers\n|upkeep\n|turn|30\n|\n|switch|p2a: Toxapex|Toxapex, F|100\/100\n|switch|p1a: Landorus|Landorus-Therian, M, shiny|100\/100\n|-ability|p1a: Landorus|Intimidate|boost\n|-unboost|p2a: Toxapex|atk|1\n|\n|-weather|none\n|upkeep\n|turn|31\n|\n|move|p1a: Landorus|Stealth Rock|p2a: Toxapex\n|-sidestart|p2: Gyslexic Duy (\u203d)|move: Stealth Rock\n|move|p2a: Toxapex|Scald|p1a: Landorus\n|-supereffective|p1a: Landorus\n|-damage|p1a: Landorus|67\/100\n|-status|p1a: Landorus|brn\n|\n|-damage|p1a: Landorus|61\/100 brn|[from] brn\n|upkeep\n|turn|32\n|\n|move|p1a: Landorus|U-turn|p2a: Toxapex\n|-resisted|p2a: Toxapex\n|-damage|p2a: Toxapex|96\/100\n|\n|switch|p1a: Mawile|Mawile-Mega, F, shiny|95\/100|[from]move: U-turn\n|-damage|p1a: Mawile|82\/100|[from] Spikes\n|move|p2a: Toxapex|Scald|p1a: Mawile\n|-damage|p1a: Mawile|63\/100\n|\n|upkeep\n|turn|33\n|\n|move|p1a: Mawile|Thunder Punch|p2a: Toxapex\n|-supereffective|p2a: Toxapex\n|-damage|p2a: Toxapex|22\/100\n|move|p2a: Toxapex|Scald|p1a: Mawile\n|-damage|p1a: Mawile|44\/100\n|\n|upkeep\n|turn|34\n|\n|switch|p2a: Landorus|Landorus-Therian, M|88\/100\n|-damage|p2a: Landorus|76\/100|[from] Stealth Rock\n|-ability|p2a: Landorus|Intimidate|boost\n|-unboost|p1a: Mawile|atk|1\n|move|p1a: Mawile|Play Rough|p2a: Landorus|[miss]\n|-miss|p1a: Mawile|p2a: Landorus\n|\n|upkeep\n|turn|35\n|\n|switch|p1a: Landorus|Landorus-Therian, M, shiny|61\/100 brn\n|-ability|p1a: Landorus|Intimidate|boost\n|-unboost|p2a: Landorus|atk|1\n|move|p2a: Landorus|Earthquake|p1a: Landorus\n|-immune|p1a: Landorus\n|\n|-damage|p1a: Landorus|55\/100 brn|[from] brn\n|upkeep\n|turn|36\n|\n|switch|p2a: Ferrothorn|Ferrothorn, F|100\/100 par\n|-damage|p2a: Ferrothorn|94\/100 par|[from] Stealth Rock\n|move|p1a: Landorus|U-turn|p2a: Ferrothorn\n|-damage|p2a: Ferrothorn|86\/100 par\n|-damage|p1a: Landorus|42\/100 brn|[from] ability: Iron Barbs|[of] p2a: Ferrothorn\n|\n|switch|p1a: Blacephalon|Blacephalon, shiny|70\/100|[from]move: U-turn\n|-damage|p1a: Blacephalon|58\/100|[from] Spikes\n|\n|-heal|p2a: Ferrothorn|92\/100 par|[from] item: Leftovers\n|upkeep\n|turn|37\n|\n|switch|p1a: Celesteela|Celesteela, shiny|89\/100\n|switch|p2a: Tyranitar|Tyranitar, F|100\/100\n|-damage|p2a: Tyranitar|88\/100|[from] Stealth Rock\n|-weather|Sandstorm|[from] ability: Sand Stream|[of] p2a: Tyranitar\n|\n|-weather|Sandstorm|[upkeep]\n|-heal|p1a: Celesteela|95\/100|[from] item: Leftovers\n|upkeep\n|turn|38\n|\n|switch|p2a: Toxapex|Toxapex, F|55\/100\n|-damage|p2a: Toxapex|43\/100|[from] Stealth Rock\n|move|p1a: Celesteela|Leech Seed|p2a: Toxapex\n|-start|p2a: Toxapex|move: Leech Seed\n|\n|-weather|Sandstorm|[upkeep]\n|-damage|p2a: Toxapex|37\/100|[from] Sandstorm\n|-heal|p1a: Celesteela|100\/100|[from] item: Leftovers\n|-damage|p2a: Toxapex|25\/100|[from] Leech Seed|[of] p1a: Celesteela\n|upkeep\n|turn|39\n|\n|switch|p2a: Ferrothorn|Ferrothorn, F|92\/100 par\n|-damage|p2a: Ferrothorn|86\/100 par|[from] Stealth Rock\n|move|p1a: Celesteela|Heavy Slam|p2a: Ferrothorn\n|-resisted|p2a: Ferrothorn\n|-damage|p2a: Ferrothorn|71\/100 par\n|-damage|p1a: Celesteela|88\/100|[from] ability: Iron Barbs|[of] p2a: Ferrothorn\n|\n|-weather|Sandstorm|[upkeep]\n|-heal|p1a: Celesteela|94\/100|[from] item: Leftovers\n|-heal|p2a: Ferrothorn|77\/100 par|[from] item: Leftovers\n|upkeep\n|turn|40\n|inactive|madness10 has 120 seconds left.\n|\n|switch|p2a: Toxapex|Toxapex, F|58\/100\n|-damage|p2a: Toxapex|46\/100|[from] Stealth Rock\n|move|p1a: Celesteela|Flamethrower|p2a: Toxapex\n|-resisted|p2a: Toxapex\n|-crit|p2a: Toxapex\n|-damage|p2a: Toxapex|36\/100\n|\n|-weather|Sandstorm|[upkeep]\n|-damage|p2a: Toxapex|30\/100|[from] Sandstorm\n|-heal|p1a: Celesteela|99\/100|[from] item: Leftovers\n|upkeep\n|turn|41\n|inactive|madness10 has 120 seconds left.\n|\n|move|p1a: Celesteela|Leech Seed|p2a: Toxapex\n|-start|p2a: Toxapex|move: Leech Seed\n|move|p2a: Toxapex|Recover|p2a: Toxapex\n|-heal|p2a: Toxapex|80\/100\n|\n|-weather|none\n|-heal|p1a: Celesteela|100\/100|[from] item: Leftovers\n|-damage|p2a: Toxapex|68\/100|[from] Leech Seed|[of] p1a: Celesteela\n|upkeep\n|turn|42\n|\n|move|p1a: Celesteela|Flamethrower|p2a: Toxapex\n|-resisted|p2a: Toxapex\n|-damage|p2a: Toxapex|60\/100\n|move|p2a: Toxapex|Scald|p1a: Celesteela\n|-damage|p1a: Celesteela|86\/100\n|-status|p1a: Celesteela|brn\n|\n|-heal|p1a: Celesteela|92\/100 brn|[from] item: Leftovers\n|-damage|p2a: Toxapex|48\/100|[from] Leech Seed|[of] p1a: Celesteela\n|-heal|p1a: Celesteela|100\/100 brn|[silent]\n|-damage|p1a: Celesteela|94\/100 brn|[from] brn\n|upkeep\n|turn|43\n|inactive|madness10 has 120 seconds left.\n|\n|switch|p1a: Mawile|Mawile-Mega, F, shiny|44\/100\n|-damage|p1a: Mawile|32\/100|[from] Spikes\n|move|p2a: Toxapex|Recover|p2a: Toxapex\n|-heal|p2a: Toxapex|98\/100\n|\n|-damage|p2a: Toxapex|86\/100|[from] Leech Seed|[of] p1a: Mawile\n|-heal|p1a: Mawile|44\/100|[silent]\n|upkeep\n|turn|44\n|inactive|madness10 has 120 seconds left.\n|\n|move|p1a: Mawile|Sucker Punch||[still]\n|-fail|p1a: Mawile\n|move|p2a: Toxapex|Recover|p2a: Toxapex\n|-heal|p2a: Toxapex|100\/100\n|\n|-damage|p2a: Toxapex|88\/100|[from] Leech Seed|[of] p1a: Mawile\n|-heal|p1a: Mawile|56\/100|[silent]\n|upkeep\n|turn|45\n|\n|move|p1a: Mawile|Play Rough|p2a: Toxapex\n|-resisted|p2a: Toxapex\n|-damage|p2a: Toxapex|56\/100\n|move|p2a: Toxapex|Scald|p1a: Mawile\n|-damage|p1a: Mawile|37\/100\n|\n|-damage|p2a: Toxapex|43\/100|[from] Leech Seed|[of] p1a: Mawile\n|-heal|p1a: Mawile|50\/100|[silent]\n|upkeep\n|turn|46\n|\n|switch|p2a: Landorus|Landorus-Therian, M|76\/100\n|-damage|p2a: Landorus|63\/100|[from] Stealth Rock\n|-ability|p2a: Landorus|Intimidate|boost\n|-unboost|p1a: Mawile|atk|1\n|move|p1a: Mawile|Play Rough|p2a: Landorus\n|-damage|p2a: Landorus|12\/100\n|\n|upkeep\n|turn|47\n|\n|switch|p2a: Tornadus|Tornadus-Therian, M|96\/100\n|-damage|p2a: Tornadus|71\/100|[from] Stealth Rock\n|switch|p1a: Celesteela|Celesteela, shiny|94\/100 brn\n|\n|-heal|p1a: Celesteela|100\/100 brn|[from] item: Leftovers\n|-damage|p1a: Celesteela|94\/100 brn|[from] brn\n|upkeep\n|turn|48\n|\n|move|p2a: Tornadus|Heat Wave|p1a: Celesteela\n|-supereffective|p1a: Celesteela\n|-damage|p1a: Celesteela|43\/100 brn\n|move|p1a: Celesteela|Leech Seed|p2a: Tornadus\n|-start|p2a: Tornadus|move: Leech Seed\n|\n|-heal|p1a: Celesteela|49\/100 brn|[from] item: Leftovers\n|-damage|p2a: Tornadus|59\/100|[from] Leech Seed|[of] p1a: Celesteela\n|-heal|p1a: Celesteela|59\/100 brn|[silent]\n|-damage|p1a: Celesteela|53\/100 brn|[from] brn\n|upkeep\n|turn|49\n|\n|switch|p2a: Clefable|Clefable, F|98\/100 tox\n|move|p1a: Celesteela|Protect||[still]\n|-fail|p1a: Celesteela\n|\n|-heal|p2a: Clefable|100\/100 tox|[from] item: Leftovers\n|-heal|p1a: Celesteela|59\/100 brn|[from] item: Leftovers\n|-damage|p1a: Celesteela|53\/100 brn|[from] brn\n|upkeep\n|turn|50\n|\n|move|p2a: Clefable|Stealth Rock|p1a: Celesteela\n|-sidestart|p1: madness10|move: Stealth Rock\n|move|p1a: Celesteela|Heavy Slam|p2a: Clefable\n|-supereffective|p2a: Clefable\n|-crit|p2a: Clefable\n|-damage|p2a: Clefable|54\/100 tox\n|\n|-heal|p2a: Clefable|60\/100 tox|[from] item: Leftovers\n|-heal|p1a: Celesteela|59\/100 brn|[from] item: Leftovers\n|-damage|p1a: Celesteela|53\/100 brn|[from] brn\n|upkeep\n|turn|51\n|\n|switch|p1a: Mawile|Mawile-Mega, F, shiny|50\/100\n|-damage|p1a: Mawile|37\/100|[from] Spikes\n|-damage|p1a: Mawile|32\/100|[from] Stealth Rock\n|move|p2a: Clefable|Soft-Boiled|p2a: Clefable\n|-heal|p2a: Clefable|100\/100 tox\n|\n|upkeep\n|turn|52\n|\n|move|p2a: Clefable|Moonblast|p1a: Mawile\n|-resisted|p1a: Mawile\n|-damage|p1a: Mawile|14\/100\n|move|p1a: Mawile|Play Rough|p2a: Clefable\n|-damage|p2a: Clefable|36\/100 tox\n|\n|-heal|p2a: Clefable|42\/100 tox|[from] item: Leftovers\n|upkeep\n|turn|53\n|\n|move|p2a: Clefable|Moonblast|p1a: Mawile\n|-resisted|p1a: Mawile\n|-damage|p1a: Mawile|0 fnt\n|faint|p1a: Mawile\n|\n|-heal|p2a: Clefable|48\/100 tox|[from] item: Leftovers\n|upkeep\n|\n|switch|p1a: Blacephalon|Blacephalon, shiny|58\/100\n|-damage|p1a: Blacephalon|33\/100|[from] Stealth Rock\n|-damage|p1a: Blacephalon|21\/100|[from] Spikes\n|turn|54\n|\n|switch|p2a: Tyranitar|Tyranitar, F|88\/100\n|-damage|p2a: Tyranitar|76\/100|[from] Stealth Rock\n|-weather|Sandstorm|[from] ability: Sand Stream|[of] p2a: Tyranitar\n|-zpower|p1a: Blacephalon\n|move|p1a: Blacephalon|Never-Ending Nightmare|p2a: Tyranitar|[zeffect]\n|-resisted|p2a: Tyranitar\n|-damage|p2a: Tyranitar|46\/100\n|\n|-weather|Sandstorm|[upkeep]\n|-damage|p1a: Blacephalon|15\/100|[from] Sandstorm\n|upkeep\n|turn|55\n|inactive|madness10 has 90 seconds left.\n|\n|move|p1a: Blacephalon|Fire Blast|p2a: Tyranitar|[miss]\n|-miss|p1a: Blacephalon|p2a: Tyranitar\n|move|p2a: Tyranitar|Crunch|p1a: Blacephalon\n|-supereffective|p1a: Blacephalon\n|-damage|p1a: Blacephalon|0 fnt\n|faint|p1a: Blacephalon\n|\n|-weather|Sandstorm|[upkeep]\n|upkeep\n|inactive|madness10 has 90 seconds left.\n|\n|switch|p1a: Celesteela|Celesteela, shiny|53\/100 brn\n|-damage|p1a: Celesteela|40\/100 brn|[from] Stealth Rock\n|turn|56\n|\n|move|p2a: Tyranitar|Crunch|p1a: Celesteela\n|-damage|p1a: Celesteela|0 fnt\n|faint|p1a: Celesteela\n|\n|-weather|Sandstorm|[upkeep]\n|upkeep\n|-message|madness10 forfeited.\n|\n|win|Gyslexic Duy (\u203d)\n|l|\u2606madness10\n","uploadtime":1570890160,"views":15,"p1id":"madness10","p2id":"gyslexicduy","formatid":"gen7ou","rating":0,"private":0,"password":null}