{"id":"gen7ubers-1489764047","p1":"QiYu5","p2":"Cowsrule247","format":"gen7ubers","log":"|j|\u2606QiYu5\n|j|\u2606Cowsrule247\n|t:|1641945688\n|gametype|singles\n|player|p1|QiYu5|drayden|1501\n|player|p2|Cowsrule247|skyla|1471\n|teamsize|p1|6\n|teamsize|p2|6\n|gen|7\n|tier|[Gen 7] Ubers\n|rated|\n|rule|Sleep Clause Mod: Limit one foe put to sleep\n|rule|Species Clause: Limit one of each Pok\u00e9mon\n|rule|OHKO Clause: OHKO moves are banned\n|rule|Moody Clause: Moody is banned\n|rule|Evasion Moves Clause: Evasion moves are banned\n|rule|Endless Battle Clause: Forcing endless battles is banned\n|rule|HP Percentage Mod: HP is shown in percentages\n|rule|Mega Rayquaza Clause: You cannot mega evolve Rayquaza\n|clearpoke\n|poke|p1|Rhyperior, M|item\n|poke|p1|Necrozma-Dusk-Mane|item\n|poke|p1|Chansey, F|item\n|poke|p1|Yveltal|item\n|poke|p1|Arceus-*|item\n|poke|p1|Ho-Oh|item\n|poke|p2|Necrozma-Dusk-Mane|item\n|poke|p2|Deoxys-Speed|item\n|poke|p2|Xerneas|item\n|poke|p2|Arceus-*|item\n|poke|p2|Salamence, M|item\n|poke|p2|Groudon|item\n|teampreview\n|inactive|Battle timer is ON: inactive players will automatically lose when time's up. (requested by Cowsrule247)\n|\n|t:|1641945696\n|start\n|switch|p1a: \u7a97\u5916\u7684\u9ebb\u96c0\u5728\u7535\u7ebf\u6746\u4e0a\u5575\u5634|Yveltal|100\/100\n|switch|p2a: Fast as f**k|Deoxys-Speed|100\/100\n|-ability|p2a: Fast as f**k|Pressure\n|-ability|p1a: \u7a97\u5916\u7684\u9ebb\u96c0\u5728\u7535\u7ebf\u6746\u4e0a\u5575\u5634|Dark Aura\n|turn|1\n|\n|t:|1641945703\n|move|p2a: Fast as f**k|Taunt|p1a: \u7a97\u5916\u7684\u9ebb\u96c0\u5728\u7535\u7ebf\u6746\u4e0a\u5575\u5634\n|-start|p1a: \u7a97\u5916\u7684\u9ebb\u96c0\u5728\u7535\u7ebf\u6746\u4e0a\u5575\u5634|move: Taunt\n|move|p1a: \u7a97\u5916\u7684\u9ebb\u96c0\u5728\u7535\u7ebf\u6746\u4e0a\u5575\u5634|Dark Pulse|p2a: Fast as f**k\n|-supereffective|p2a: Fast as f**k\n|-enditem|p2a: Fast as f**k|Focus Sash\n|-damage|p2a: Fast as f**k|1\/100\n|\n|upkeep\n|turn|2\n|\n|t:|1641945718\n|move|p2a: Fast as f**k|Stealth Rock|p1a: \u7a97\u5916\u7684\u9ebb\u96c0\u5728\u7535\u7ebf\u6746\u4e0a\u5575\u5634\n|-sidestart|p1: QiYu5|move: Stealth Rock\n|move|p1a: \u7a97\u5916\u7684\u9ebb\u96c0\u5728\u7535\u7ebf\u6746\u4e0a\u5575\u5634|Dark Pulse|p2a: Fast as f**k\n|-supereffective|p2a: Fast as f**k\n|-crit|p2a: Fast as f**k\n|-damage|p2a: Fast as f**k|0 fnt\n|faint|p2a: Fast as f**k\n|\n|upkeep\n|\n|t:|1641945721\n|switch|p2a: Give up|Xerneas|100\/100\n|-ability|p2a: Give up|Fairy Aura\n|turn|3\n|l|\u2606QiYu5\n|inactive|QiYu5 disconnected and has a minute to reconnect!\n|player|p1|\n|inactive|QiYu5 has 30 seconds to reconnect!\n|inactive|QiYu5 has 20 seconds to reconnect!\n|inactive|QiYu5 has 15 seconds to reconnect!\n|inactive|QiYu5 has 10 seconds to reconnect!\n|j|\u2606QiYu5\n|inactive|QiYu5 reconnected and has 95 seconds left.\n|player|p1|QiYu5|drayden\n|inactive|QiYu5 has 90 seconds left.\n|\n|t:|1641945783\n|switch|p2a: Necrophobia|Necrozma-Dusk-Mane|100\/100\n|move|p1a: \u7a97\u5916\u7684\u9ebb\u96c0\u5728\u7535\u7ebf\u6746\u4e0a\u5575\u5634|U-turn|p2a: Necrophobia\n|-damage|p2a: Necrophobia|85\/100\n|inactive|QiYu5 has 90 seconds left.\n|\n|t:|1641945792\n|switch|p1a: \u7231\u65b0\u89c9\u7f57 \u53cd\u6e05\u590d\u660e|Rhyperior, M|100\/100|[from]move: U-turn\n|-damage|p1a: \u7231\u65b0\u89c9\u7f57 \u53cd\u6e05\u590d\u660e|94\/100|[from] Stealth Rock\n|\n|upkeep\n|turn|4\n|\n|t:|1641945796\n|move|p2a: Necrophobia|Swords Dance|p2a: Necrophobia\n|-boost|p2a: Necrophobia|atk|2\n|move|p1a: \u7231\u65b0\u89c9\u7f57 \u53cd\u6e05\u590d\u660e|Earthquake|p2a: Necrophobia\n|-supereffective|p2a: Necrophobia\n|-damage|p2a: Necrophobia|6\/100\n|\n|upkeep\n|turn|5\n|\n|t:|1641945807\n|switch|p1a: \u7a97\u5916\u7684\u9ebb\u96c0\u5728\u7535\u7ebf\u6746\u4e0a\u5575\u5634|Yveltal|100\/100\n|-damage|p1a: \u7a97\u5916\u7684\u9ebb\u96c0\u5728\u7535\u7ebf\u6746\u4e0a\u5575\u5634|76\/100|[from] Stealth Rock\n|-ability|p1a: \u7a97\u5916\u7684\u9ebb\u96c0\u5728\u7535\u7ebf\u6746\u4e0a\u5575\u5634|Dark Aura\n|detailschange|p2a: Necrophobia|Necrozma-Ultra\n|-burst|p2a: Necrophobia|Necrozma|Ultranecrozium Z\n|move|p2a: Necrophobia|Earthquake|p1a: \u7a97\u5916\u7684\u9ebb\u96c0\u5728\u7535\u7ebf\u6746\u4e0a\u5575\u5634\n|-immune|p1a: \u7a97\u5916\u7684\u9ebb\u96c0\u5728\u7535\u7ebf\u6746\u4e0a\u5575\u5634\n|\n|upkeep\n|turn|6\n|\n|t:|1641945811\n|move|p1a: \u7a97\u5916\u7684\u9ebb\u96c0\u5728\u7535\u7ebf\u6746\u4e0a\u5575\u5634|Sucker Punch||[still]\n|-fail|p1a: \u7a97\u5916\u7684\u9ebb\u96c0\u5728\u7535\u7ebf\u6746\u4e0a\u5575\u5634\n|move|p2a: Necrophobia|Swords Dance|p2a: Necrophobia\n|-boost|p2a: Necrophobia|atk|2\n|\n|upkeep\n|turn|7\n|\n|t:|1641945816\n|move|p1a: \u7a97\u5916\u7684\u9ebb\u96c0\u5728\u7535\u7ebf\u6746\u4e0a\u5575\u5634|Sucker Punch|p2a: Necrophobia\n|-supereffective|p2a: Necrophobia\n|-damage|p2a: Necrophobia|0 fnt\n|faint|p2a: Necrophobia\n|\n|upkeep\n|\n|t:|1641945830\n|switch|p2a: Give up|Xerneas|100\/100\n|-ability|p2a: Give up|Fairy Aura\n|turn|8\n|\n|t:|1641945835\n|move|p1a: \u7a97\u5916\u7684\u9ebb\u96c0\u5728\u7535\u7ebf\u6746\u4e0a\u5575\u5634|U-turn|p2a: Give up\n|-resisted|p2a: Give up\n|-damage|p2a: Give up|92\/100\n|\n|t:|1641945836\n|switch|p1a: \u4f53\u6709\u91d1\u5149\u8986\u5370\u543e\u8eab|Necrozma-Dusk-Mane|100\/100|[from]move: U-turn\n|-damage|p1a: \u4f53\u6709\u91d1\u5149\u8986\u5370\u543e\u8eab|94\/100|[from] Stealth Rock\n|move|p2a: Give up|Moonblast|p1a: \u4f53\u6709\u91d1\u5149\u8986\u5370\u543e\u8eab\n|-resisted|p1a: \u4f53\u6709\u91d1\u5149\u8986\u5370\u543e\u8eab\n|-damage|p1a: \u4f53\u6709\u91d1\u5149\u8986\u5370\u543e\u8eab|69\/100\n|\n|upkeep\n|turn|9\n|\n|t:|1641945843\n|switch|p2a: BloodSoakedCrecent|Salamence, M|100\/100\n|-ability|p2a: BloodSoakedCrecent|Intimidate|boost\n|-unboost|p1a: \u4f53\u6709\u91d1\u5149\u8986\u5370\u543e\u8eab|atk|1\n|move|p1a: \u4f53\u6709\u91d1\u5149\u8986\u5370\u543e\u8eab|Photon Geyser|p2a: BloodSoakedCrecent\n|-damage|p2a: BloodSoakedCrecent|60\/100\n|\n|upkeep\n|turn|10\n|\n|t:|1641945854\n|switch|p1a: \u7231\u65b0\u89c9\u7f57 \u53cd\u6e05\u590d\u660e|Rhyperior, M|94\/100\n|-damage|p1a: \u7231\u65b0\u89c9\u7f57 \u53cd\u6e05\u590d\u660e|88\/100|[from] Stealth Rock\n|move|p2a: BloodSoakedCrecent|Roost|p2a: BloodSoakedCrecent\n|-heal|p2a: BloodSoakedCrecent|100\/100\n|-singleturn|p2a: BloodSoakedCrecent|move: Roost\n|\n|upkeep\n|turn|11\n|\n|t:|1641945859\n|switch|p2a: God|Arceus|100\/100\n|move|p1a: \u7231\u65b0\u89c9\u7f57 \u53cd\u6e05\u590d\u660e|Stealth Rock|p2a: God\n|-sidestart|p2: Cowsrule247|move: Stealth Rock\n|\n|upkeep\n|turn|12\n|\n|t:|1641945865\n|move|p2a: God|Swords Dance|p2a: God\n|-boost|p2a: God|atk|2\n|move|p1a: \u7231\u65b0\u89c9\u7f57 \u53cd\u6e05\u590d\u660e|Stone Edge|p2a: God|[miss]\n|-miss|p1a: \u7231\u65b0\u89c9\u7f57 \u53cd\u6e05\u590d\u660e|p2a: God\n|\n|upkeep\n|turn|13\n|\n|t:|1641945868\n|move|p2a: God|Earthquake|p1a: \u7231\u65b0\u89c9\u7f57 \u53cd\u6e05\u590d\u660e\n|-supereffective|p1a: \u7231\u65b0\u89c9\u7f57 \u53cd\u6e05\u590d\u660e\n|-damage|p1a: \u7231\u65b0\u89c9\u7f57 \u53cd\u6e05\u590d\u660e|19\/100\n|-enditem|p1a: \u7231\u65b0\u89c9\u7f57 \u53cd\u6e05\u590d\u660e|Weakness Policy\n|-boost|p1a: \u7231\u65b0\u89c9\u7f57 \u53cd\u6e05\u590d\u660e|atk|2|[from] item: Weakness Policy\n|-boost|p1a: \u7231\u65b0\u89c9\u7f57 \u53cd\u6e05\u590d\u660e|spa|2|[from] item: Weakness Policy\n|move|p1a: \u7231\u65b0\u89c9\u7f57 \u53cd\u6e05\u590d\u660e|Earthquake|p2a: God\n|-damage|p2a: God|15\/100\n|\n|upkeep\n|turn|14\n|\n|t:|1641945873\n|move|p2a: God|Earthquake|p1a: \u7231\u65b0\u89c9\u7f57 \u53cd\u6e05\u590d\u660e\n|-supereffective|p1a: \u7231\u65b0\u89c9\u7f57 \u53cd\u6e05\u590d\u660e\n|-damage|p1a: \u7231\u65b0\u89c9\u7f57 \u53cd\u6e05\u590d\u660e|0 fnt\n|faint|p1a: \u7231\u65b0\u89c9\u7f57 \u53cd\u6e05\u590d\u660e\n|\n|upkeep\n|\n|t:|1641945875\n|switch|p1a: \u98ce\u8427\u8427\u516e\u6613\u6c34\u5bd2|Arceus-Water|100\/100\n|-damage|p1a: \u98ce\u8427\u8427\u516e\u6613\u6c34\u5bd2|88\/100|[from] Stealth Rock\n|turn|15\n|\n|t:|1641945877\n|move|p2a: God|Extreme Speed|p1a: \u98ce\u8427\u8427\u516e\u6613\u6c34\u5bd2\n|-damage|p1a: \u98ce\u8427\u8427\u516e\u6613\u6c34\u5bd2|34\/100\n|move|p1a: \u98ce\u8427\u8427\u516e\u6613\u6c34\u5bd2|Judgment|p2a: God\n|-crit|p2a: God\n|-damage|p2a: God|0 fnt\n|faint|p2a: God\n|\n|upkeep\n|\n|t:|1641945882\n|switch|p2a: Amaterasu|Groudon, shiny|100\/100\n|-damage|p2a: Amaterasu|94\/100|[from] Stealth Rock\n|detailschange|p2a: Amaterasu|Groudon-Primal, shiny\n|-primal|p2a: Amaterasu\n|-weather|DesolateLand|[from] ability: Desolate Land|[of] p2a: Amaterasu\n|turn|16\n|\n|t:|1641945884\n|move|p1a: \u98ce\u8427\u8427\u516e\u6613\u6c34\u5bd2|Toxic|p2a: Amaterasu\n|-status|p2a: Amaterasu|tox\n|move|p2a: Amaterasu|Rock Polish|p2a: Amaterasu\n|-boost|p2a: Amaterasu|spe|2\n|\n|-weather|DesolateLand|[upkeep]\n|-damage|p2a: Amaterasu|88\/100 tox|[from] psn\n|upkeep\n|turn|17\n|\n|t:|1641945889\n|move|p2a: Amaterasu|Fire Punch|p1a: \u98ce\u8427\u8427\u516e\u6613\u6c34\u5bd2\n|-resisted|p1a: \u98ce\u8427\u8427\u516e\u6613\u6c34\u5bd2\n|-damage|p1a: \u98ce\u8427\u8427\u516e\u6613\u6c34\u5bd2|10\/100\n|move|p1a: \u98ce\u8427\u8427\u516e\u6613\u6c34\u5bd2|Recover|p1a: \u98ce\u8427\u8427\u516e\u6613\u6c34\u5bd2\n|-heal|p1a: \u98ce\u8427\u8427\u516e\u6613\u6c34\u5bd2|60\/100\n|\n|-weather|DesolateLand|[upkeep]\n|-damage|p2a: Amaterasu|76\/100 tox|[from] psn\n|upkeep\n|turn|18\n|\n|t:|1641945892\n|move|p2a: Amaterasu|Precipice Blades|p1a: \u98ce\u8427\u8427\u516e\u6613\u6c34\u5bd2|[miss]\n|-miss|p2a: Amaterasu|p1a: \u98ce\u8427\u8427\u516e\u6613\u6c34\u5bd2\n|move|p1a: \u98ce\u8427\u8427\u516e\u6613\u6c34\u5bd2|Recover|p1a: \u98ce\u8427\u8427\u516e\u6613\u6c34\u5bd2\n|-heal|p1a: \u98ce\u8427\u8427\u516e\u6613\u6c34\u5bd2|100\/100\n|\n|-weather|DesolateLand|[upkeep]\n|-damage|p2a: Amaterasu|58\/100 tox|[from] psn\n|upkeep\n|turn|19\n|\n|t:|1641945895\n|move|p2a: Amaterasu|Swords Dance|p2a: Amaterasu\n|-boost|p2a: Amaterasu|atk|2\n|move|p1a: \u98ce\u8427\u8427\u516e\u6613\u6c34\u5bd2|Recover||[still]\n|-fail|p1a: \u98ce\u8427\u8427\u516e\u6613\u6c34\u5bd2|heal\n|\n|-weather|DesolateLand|[upkeep]\n|-damage|p2a: Amaterasu|34\/100 tox|[from] psn\n|upkeep\n|turn|20\n|\n|t:|1641945902\n|switch|p1a: \u7a97\u5916\u7684\u9ebb\u96c0\u5728\u7535\u7ebf\u6746\u4e0a\u5575\u5634|Yveltal|76\/100\n|-damage|p1a: \u7a97\u5916\u7684\u9ebb\u96c0\u5728\u7535\u7ebf\u6746\u4e0a\u5575\u5634|51\/100|[from] Stealth Rock\n|-ability|p1a: \u7a97\u5916\u7684\u9ebb\u96c0\u5728\u7535\u7ebf\u6746\u4e0a\u5575\u5634|Dark Aura\n|move|p2a: Amaterasu|Fire Punch|p1a: \u7a97\u5916\u7684\u9ebb\u96c0\u5728\u7535\u7ebf\u6746\u4e0a\u5575\u5634\n|-damage|p1a: \u7a97\u5916\u7684\u9ebb\u96c0\u5728\u7535\u7ebf\u6746\u4e0a\u5575\u5634|0 fnt\n|faint|p1a: \u7a97\u5916\u7684\u9ebb\u96c0\u5728\u7535\u7ebf\u6746\u4e0a\u5575\u5634\n|\n|-weather|DesolateLand|[upkeep]\n|-damage|p2a: Amaterasu|4\/100 tox|[from] psn\n|upkeep\n|\n|t:|1641945914\n|switch|p1a: \u5b81\u505a\u9e21\u5934 \u4e0d\u505a\u51e4\u738b|Ho-Oh|100\/100\n|-damage|p1a: \u5b81\u505a\u9e21\u5934 \u4e0d\u505a\u51e4\u738b|51\/100|[from] Stealth Rock\n|turn|21\n|\n|t:|1641945917\n|move|p2a: Amaterasu|Fire Punch|p1a: \u5b81\u505a\u9e21\u5934 \u4e0d\u505a\u51e4\u738b\n|-resisted|p1a: \u5b81\u505a\u9e21\u5934 \u4e0d\u505a\u51e4\u738b\n|-damage|p1a: \u5b81\u505a\u9e21\u5934 \u4e0d\u505a\u51e4\u738b|0 fnt\n|faint|p1a: \u5b81\u505a\u9e21\u5934 \u4e0d\u505a\u51e4\u738b\n|\n|-weather|DesolateLand|[upkeep]\n|-damage|p2a: Amaterasu|0 fnt|[from] psn\n|faint|p2a: Amaterasu\n|-weather|none\n|upkeep\n|\n|t:|1641945924\n|switch|p1a: \u4f53\u6709\u91d1\u5149\u8986\u5370\u543e\u8eab|Necrozma-Dusk-Mane|69\/100\n|switch|p2a: Give up|Xerneas|92\/100\n|-damage|p2a: Give up|80\/100|[from] Stealth Rock\n|-ability|p2a: Give up|Fairy Aura\n|-damage|p1a: \u4f53\u6709\u91d1\u5149\u8986\u5370\u543e\u8eab|63\/100|[from] Stealth Rock\n|turn|22\n|\n|t:|1641945934\n|switch|p2a: BloodSoakedCrecent|Salamence, M|100\/100\n|-damage|p2a: BloodSoakedCrecent|76\/100|[from] Stealth Rock\n|-ability|p2a: BloodSoakedCrecent|Intimidate|boost\n|-unboost|p1a: \u4f53\u6709\u91d1\u5149\u8986\u5370\u543e\u8eab|atk|1\n|move|p1a: \u4f53\u6709\u91d1\u5149\u8986\u5370\u543e\u8eab|Morning Sun|p1a: \u4f53\u6709\u91d1\u5149\u8986\u5370\u543e\u8eab\n|-heal|p1a: \u4f53\u6709\u91d1\u5149\u8986\u5370\u543e\u8eab|100\/100\n|\n|upkeep\n|turn|23\n|\n|t:|1641945938\n|detailschange|p2a: BloodSoakedCrecent|Salamence-Mega, M\n|-mega|p2a: BloodSoakedCrecent|Salamence|Salamencite\n|move|p2a: BloodSoakedCrecent|Dragon Dance|p2a: BloodSoakedCrecent\n|-boost|p2a: BloodSoakedCrecent|atk|1\n|-boost|p2a: BloodSoakedCrecent|spe|1\n|move|p1a: \u4f53\u6709\u91d1\u5149\u8986\u5370\u543e\u8eab|Swords Dance|p1a: \u4f53\u6709\u91d1\u5149\u8986\u5370\u543e\u8eab\n|-boost|p1a: \u4f53\u6709\u91d1\u5149\u8986\u5370\u543e\u8eab|atk|2\n|\n|upkeep\n|turn|24\n|\n|t:|1641945946\n|move|p2a: BloodSoakedCrecent|Dragon Dance|p2a: BloodSoakedCrecent\n|-boost|p2a: BloodSoakedCrecent|atk|1\n|-boost|p2a: BloodSoakedCrecent|spe|1\n|move|p1a: \u4f53\u6709\u91d1\u5149\u8986\u5370\u543e\u8eab|Photon Geyser|p2a: BloodSoakedCrecent\n|-damage|p2a: BloodSoakedCrecent|12\/100\n|\n|upkeep\n|turn|25\n|\n|t:|1641945951\n|move|p2a: BloodSoakedCrecent|Facade|p1a: \u4f53\u6709\u91d1\u5149\u8986\u5370\u543e\u8eab\n|-resisted|p1a: \u4f53\u6709\u91d1\u5149\u8986\u5370\u543e\u8eab\n|-damage|p1a: \u4f53\u6709\u91d1\u5149\u8986\u5370\u543e\u8eab|63\/100\n|move|p1a: \u4f53\u6709\u91d1\u5149\u8986\u5370\u543e\u8eab|Photon Geyser|p2a: BloodSoakedCrecent\n|-crit|p2a: BloodSoakedCrecent\n|-damage|p2a: BloodSoakedCrecent|0 fnt\n|faint|p2a: BloodSoakedCrecent\n|\n|upkeep\n|\n|t:|1641945954\n|switch|p2a: Give up|Xerneas|80\/100\n|-damage|p2a: Give up|67\/100|[from] Stealth Rock\n|-ability|p2a: Give up|Fairy Aura\n|turn|26\n|\n|t:|1641945957\n|detailschange|p1a: \u4f53\u6709\u91d1\u5149\u8986\u5370\u543e\u8eab|Necrozma-Ultra\n|-burst|p1a: \u4f53\u6709\u91d1\u5149\u8986\u5370\u543e\u8eab|Necrozma|Ultranecrozium Z\n|move|p1a: \u4f53\u6709\u91d1\u5149\u8986\u5370\u543e\u8eab|Sunsteel Strike|p2a: Give up\n|-supereffective|p2a: Give up\n|-damage|p2a: Give up|0 fnt\n|faint|p2a: Give up\n|\n|win|QiYu5\n|raw|QiYu5's rating: 1501 &rarr; <strong>1519<\/strong><br \/>(+18 for winning)\n|raw|Cowsrule247's rating: 1471 &rarr; <strong>1453<\/strong><br \/>(-18 for losing)\n|l|\u2606Cowsrule247\n|l|\u2606QiYu5\n|j|\u2606QiYu5\n|player|p1|QiYu5|drayden\n","uploadtime":1641945977,"views":37,"p1id":"qiyu5","p2id":"cowsrule247","formatid":"gen7ubers","rating":1453,"private":0,"password":null}