{"id":"gen7ou-847332318","p1":"Teatingweirdshitt","p2":"uuuuiiii","format":"gen7ou","log":"|j|\u2606Teatingweirdshitt\n|j|\u2606uuuuiiii\n|player|p1|Teatingweirdshitt|266\n|player|p2|uuuuiiii|102\n|teamsize|p1|6\n|teamsize|p2|6\n|gametype|singles\n|gen|7\n|tier|[Gen 7] OU\n|rated|\n|rule|Sleep Clause Mod: Limit one foe put to sleep\n|rule|Species Clause: Limit one of each Pok\u00e9mon\n|rule|OHKO Clause: OHKO moves are banned\n|rule|Moody Clause: Moody is banned\n|rule|Evasion Moves Clause: Evasion moves are banned\n|rule|Endless Battle Clause: Forcing endless battles is banned\n|rule|HP Percentage Mod: HP is shown in percentages\n|clearpoke\n|poke|p1|Tapu Koko|item\n|poke|p1|Hoopa-Unbound|item\n|poke|p1|Greninja, M|item\n|poke|p1|Landorus-Therian, M|item\n|poke|p1|Medicham, M|item\n|poke|p1|Magearna|item\n|poke|p2|Greninja, M|item\n|poke|p2|Tapu Koko|item\n|poke|p2|Kyurem-Black|item\n|poke|p2|Landorus-Therian, M|item\n|poke|p2|Tornadus-Therian, M|item\n|poke|p2|Celesteela|item\n|teampreview\n|\n|start\n|switch|p1a: Landorus|Landorus-Therian, M|100\/100\n|switch|p2a: Tornadus|Tornadus-Therian, M|100\/100\n|-ability|p1a: Landorus|Intimidate|boost\n|-unboost|p2a: Tornadus|atk|1\n|turn|1\n|\n|move|p2a: Tornadus|Hurricane|p1a: Landorus\n|-damage|p1a: Landorus|38\/100\n|-start|p1a: Landorus|confusion\n|-activate|p1a: Landorus|confusion\n|-zpower|p1a: Landorus\n|move|p1a: Landorus|Supersonic Skystrike|p2a: Tornadus|[zeffect]\n|-damage|p2a: Tornadus|0 fnt\n|faint|p2a: Tornadus\n|\n|upkeep\n|\n|switch|p2a: Tapu Koko|Tapu Koko|100\/100\n|-fieldstart|move: Electric Terrain|[from] ability: Electric Surge|[of] p2a: Tapu Koko\n|turn|2\n|\n|switch|p1a: Magearna|Magearna|100\/100\n|move|p2a: Tapu Koko|Volt Switch|p1a: Magearna\n|-damage|p1a: Magearna|83\/100\n|\n|switch|p2a: Landorus|Landorus-Therian, M|100\/100\n|-ability|p2a: Landorus|Intimidate|boost\n|-unboost|p1a: Magearna|atk|1\n|\n|upkeep\n|turn|3\n|\n|switch|p1a: Landorus|Landorus-Therian, M|38\/100\n|-ability|p1a: Landorus|Intimidate|boost\n|-unboost|p2a: Landorus|atk|1\n|move|p2a: Landorus|Earthquake|p1a: Landorus\n|-immune|p1a: Landorus\n|\n|upkeep\n|turn|4\n|\n|move|p1a: Landorus|Stealth Rock|p2a: Landorus\n|-sidestart|p2: uuuuiiii|move: Stealth Rock\n|move|p2a: Landorus|Stealth Rock|p1a: Landorus\n|-sidestart|p1: Teatingweirdshitt|move: Stealth Rock\n|\n|upkeep\n|turn|5\n|\n|move|p1a: Landorus|Swords Dance|p1a: Landorus\n|-boost|p1a: Landorus|atk|2\n|move|p2a: Landorus|Defog|p1a: Landorus\n|-unboost|p1a: Landorus|evasion|1\n|-sideend|p1: Teatingweirdshitt|Stealth Rock|[from] move: Defog|[of] p2a: Landorus\n|-sideend|p2: uuuuiiii|Stealth Rock|[from] move: Defog|[of] p2a: Landorus\n|\n|upkeep\n|turn|6\n|\n|move|p1a: Landorus|Stealth Rock|p2a: Landorus\n|-sidestart|p2: uuuuiiii|move: Stealth Rock\n|move|p2a: Landorus|U-turn|p1a: Landorus\n|-resisted|p1a: Landorus\n|-damage|p1a: Landorus|30\/100\n|\n|switch|p2a: Tapu Koko|Tapu Koko|100\/100\n|-damage|p2a: Tapu Koko|88\/100|[from] Stealth Rock\n|\n|-fieldend|move: Electric Terrain\n|upkeep\n|turn|7\n|\n|switch|p1a: Magearna|Magearna|83\/100\n|move|p2a: Tapu Koko|Hidden Power|p1a: Magearna\n|-resisted|p1a: Magearna\n|-damage|p1a: Magearna|79\/100\n|\n|upkeep\n|turn|8\n|\n|move|p2a: Tapu Koko|Thunderbolt|p1a: Magearna\n|-damage|p1a: Magearna|65\/100\n|move|p1a: Magearna|Fleur Cannon|p2a: Tapu Koko\n|-crit|p2a: Tapu Koko\n|-damage|p2a: Tapu Koko|0 fnt\n|-unboost|p1a: Magearna|spa|2\n|faint|p2a: Tapu Koko\n|-ability|p1a: Magearna|Soul-Heart|boost\n|-boost|p1a: Magearna|spa|1\n|\n|upkeep\n|\n|switch|p2a: Greninja|Greninja, M|100\/100\n|-damage|p2a: Greninja|88\/100|[from] Stealth Rock\n|turn|9\n|\n|move|p2a: Greninja|Hidden Power|p1a: Magearna\n|-start|p2a: Greninja|typechange|Fire|[from] Protean\n|-supereffective|p1a: Magearna\n|-damage|p1a: Magearna|39\/100\n|move|p1a: Magearna|Volt Switch|p2a: Greninja\n|-damage|p2a: Greninja|63\/100\n|\n|switch|p1a: Greninja|Greninja, M|100\/100\n|\n|upkeep\n|turn|10\n|\n|switch|p2a: Kyurem|Kyurem-Black|100\/100\n|-damage|p2a: Kyurem|76\/100|[from] Stealth Rock\n|-ability|p2a: Kyurem|Teravolt\n|move|p1a: Greninja|Rock Slide|p2a: Kyurem\n|-start|p1a: Greninja|typechange|Rock|[from] Protean\n|-supereffective|p2a: Kyurem\n|-damage|p2a: Kyurem|18\/100\n|\n|upkeep\n|turn|11\n|-message|uuuuiiii forfeited.\n|\n|win|Teatingweirdshitt\n|l|\u2606uuuuiiii\n|raw|Teatingweirdshitt's rating: 1535 &rarr; <strong>1558<\/strong><br \/>(+23 for winning)\n|raw|uuuuiiii's rating: 1587 &rarr; <strong>1564<\/strong><br \/>(-23 for losing)\n|c|\u2606Teatingweirdshitt|gg\n","uploadtime":1547202615,"views":4,"p1id":"teatingweirdshitt","p2id":"uuuuiiii","formatid":"gen7ou","rating":1558,"private":0,"password":null}