{"id":"gen7uu-900035302","p1":"June.fml2","p2":"Jakkkkkka","format":"gen7uu","log":"|j|\u2606June.fml2\n|j|\u2606Jakkkkkka\n|player|p1|June.fml2|62\n|player|p2|Jakkkkkka|137\n|teamsize|p1|6\n|teamsize|p2|6\n|gametype|singles\n|gen|7\n|tier|[Gen 7] UU\n|rated|\n|rule|Sleep Clause Mod: Limit one foe put to sleep\n|rule|Species Clause: Limit one of each Pok\u00e9mon\n|rule|OHKO Clause: OHKO moves are banned\n|rule|Moody Clause: Moody is banned\n|rule|Evasion Moves Clause: Evasion moves are banned\n|rule|Endless Battle Clause: Forcing endless battles is banned\n|rule|HP Percentage Mod: HP is shown in percentages\n|clearpoke\n|poke|p1|Gengar, F|item\n|poke|p1|Latias, F|item\n|poke|p1|Muk-Alola, M|item\n|poke|p1|Swampert, M|item\n|poke|p1|Whimsicott, F|item\n|poke|p1|Blissey, F|item\n|poke|p2|Swampert, F|item\n|poke|p2|Hydreigon, F|item\n|poke|p2|Scizor, F|item\n|poke|p2|Sylveon, M|item\n|poke|p2|Manectric, F|item\n|poke|p2|Nidoking, M|item\n|teampreview\n|\n|start\n|switch|p1a: Whimsicott|Whimsicott, F|100\/100\n|switch|p2a: Supair|Scizor, F|100\/100\n|turn|1\n|\n|move|p1a: Whimsicott|Substitute|p1a: Whimsicott\n|-start|p1a: Whimsicott|Substitute\n|-damage|p1a: Whimsicott|76\/100\n|move|p2a: Supair|U-turn|p1a: Whimsicott\n|-end|p1a: Whimsicott|Substitute\n|\n|switch|p2a: Violetta|Nidoking, M|100\/100|[from]move: U-turn\n|\n|-heal|p1a: Whimsicott|82\/100|[from] item: Leftovers\n|upkeep\n|turn|2\n|\n|switch|p1a: Blissey|Blissey, F|100\/100\n|move|p2a: Violetta|Sludge Wave|p1a: Blissey\n|-damage|p1a: Blissey|78\/100\n|\n|-heal|p1a: Blissey|84\/100|[from] item: Leftovers\n|upkeep\n|turn|3\n|\n|switch|p2a: Supair|Scizor, F|100\/100\n|switch|p1a: Swampert|Swampert, M|100\/100\n|\n|upkeep\n|turn|4\n|\n|move|p1a: Swampert|Stealth Rock|p2a: Supair\n|-sidestart|p2: Jakkkkkka|move: Stealth Rock\n|move|p2a: Supair|Knock Off|p1a: Swampert\n|-damage|p1a: Swampert|47\/100\n|-enditem|p1a: Swampert|Leftovers|[from] move: Knock Off|[of] p2a: Supair\n|\n|upkeep\n|turn|5\n|\n|move|p1a: Swampert|Earthquake|p2a: Supair\n|-damage|p2a: Supair|54\/100\n|move|p2a: Supair|Knock Off|p1a: Swampert\n|-damage|p1a: Swampert|14\/100\n|\n|upkeep\n|turn|6\n|\n|switch|p2a: Hercule|Hydreigon, F|100\/100\n|-damage|p2a: Hercule|88\/100|[from] Stealth Rock\n|move|p1a: Swampert|Ice Punch|p2a: Hercule\n|-supereffective|p2a: Hercule\n|-damage|p2a: Hercule|35\/100\n|\n|upkeep\n|turn|7\n|\n|move|p2a: Hercule|U-turn|p1a: Swampert\n|-damage|p1a: Swampert|0 fnt\n|faint|p1a: Swampert\n|\n|switch|p2a: Crazy Frog|Swampert, F|100\/100|[from]move: U-turn\n|-damage|p2a: Crazy Frog|94\/100|[from] Stealth Rock\n|\n|-heal|p2a: Crazy Frog|100\/100|[from] item: Leftovers\n|upkeep\n|\n|switch|p1a: Whimsicott|Whimsicott, F|82\/100\n|turn|8\n|\n|switch|p2a: Violetta|Nidoking, M|100\/100\n|-damage|p2a: Violetta|95\/100|[from] Stealth Rock\n|move|p1a: Whimsicott|Substitute|p1a: Whimsicott\n|-start|p1a: Whimsicott|Substitute\n|-damage|p1a: Whimsicott|57\/100\n|\n|-heal|p1a: Whimsicott|63\/100|[from] item: Leftovers\n|upkeep\n|turn|9\n|\n|move|p1a: Whimsicott|Leech Seed|p2a: Violetta\n|-start|p2a: Violetta|move: Leech Seed\n|move|p2a: Violetta|Sludge Wave|p1a: Whimsicott\n|-supereffective|p1a: Whimsicott\n|-end|p1a: Whimsicott|Substitute\n|\n|-heal|p1a: Whimsicott|69\/100|[from] item: Leftovers\n|-damage|p2a: Violetta|82\/100|[from] Leech Seed|[of] p1a: Whimsicott\n|-heal|p1a: Whimsicott|82\/100|[silent]\n|upkeep\n|turn|10\n|\n|move|p1a: Whimsicott|Substitute|p1a: Whimsicott\n|-start|p1a: Whimsicott|Substitute\n|-damage|p1a: Whimsicott|57\/100\n|move|p2a: Violetta|Toxic Spikes|p1a: Whimsicott\n|-sidestart|p1: June.fml2|move: Toxic Spikes\n|\n|-heal|p1a: Whimsicott|63\/100|[from] item: Leftovers\n|-damage|p2a: Violetta|70\/100|[from] Leech Seed|[of] p1a: Whimsicott\n|-heal|p1a: Whimsicott|76\/100|[silent]\n|upkeep\n|turn|11\n|\n|move|p1a: Whimsicott|Fake Tears|p2a: Violetta\n|-unboost|p2a: Violetta|spd|2\n|move|p2a: Violetta|Ice Beam|p1a: Whimsicott\n|-supereffective|p1a: Whimsicott\n|-end|p1a: Whimsicott|Substitute\n|\n|-heal|p1a: Whimsicott|82\/100|[from] item: Leftovers\n|-damage|p2a: Violetta|58\/100|[from] Leech Seed|[of] p1a: Whimsicott\n|-heal|p1a: Whimsicott|96\/100|[silent]\n|upkeep\n|turn|12\n|\n|move|p1a: Whimsicott|Substitute|p1a: Whimsicott\n|-start|p1a: Whimsicott|Substitute\n|-damage|p1a: Whimsicott|71\/100\n|move|p2a: Violetta|Sludge Wave|p1a: Whimsicott\n|-supereffective|p1a: Whimsicott\n|-end|p1a: Whimsicott|Substitute\n|\n|-heal|p1a: Whimsicott|77\/100|[from] item: Leftovers\n|-damage|p2a: Violetta|46\/100|[from] Leech Seed|[of] p1a: Whimsicott\n|-heal|p1a: Whimsicott|90\/100|[silent]\n|upkeep\n|turn|13\n|\n|move|p1a: Whimsicott|Substitute|p1a: Whimsicott\n|-start|p1a: Whimsicott|Substitute\n|-damage|p1a: Whimsicott|65\/100\n|move|p2a: Violetta|Sludge Wave|p1a: Whimsicott\n|-supereffective|p1a: Whimsicott\n|-crit|p1a: Whimsicott\n|-end|p1a: Whimsicott|Substitute\n|\n|-heal|p1a: Whimsicott|71\/100|[from] item: Leftovers\n|-damage|p2a: Violetta|34\/100|[from] Leech Seed|[of] p1a: Whimsicott\n|-heal|p1a: Whimsicott|84\/100|[silent]\n|upkeep\n|turn|14\n|\n|move|p1a: Whimsicott|Moonblast|p2a: Violetta\n|-resisted|p2a: Violetta\n|-damage|p2a: Violetta|0 fnt\n|faint|p2a: Violetta\n|\n|-heal|p1a: Whimsicott|90\/100|[from] item: Leftovers\n|upkeep\n|\n|switch|p2a: Supair|Scizor, F|54\/100\n|-damage|p2a: Supair|41\/100|[from] Stealth Rock\n|turn|15\n|\n|switch|p1a: Gengar|Gengar, F|100\/100\n|-sideend|p1: June.fml2|move: Toxic Spikes|[of] p1a: Gengar\n|move|p2a: Supair|Bullet Punch|p1a: Gengar\n|-damage|p1a: Gengar|6\/100\n|-start|p2a: Supair|Disable|Bullet Punch|[from] ability: Cursed Body|[of] p1a: Gengar\n|\n|upkeep\n|turn|16\n|\n|switch|p2a: Hercule|Hydreigon, F|35\/100\n|-damage|p2a: Hercule|23\/100|[from] Stealth Rock\n|move|p1a: Gengar|Shadow Ball|p2a: Hercule\n|-resisted|p2a: Hercule\n|-crit|p2a: Hercule\n|-damage|p2a: Hercule|0 fnt\n|-damage|p1a: Gengar|0 fnt|[from] item: Life Orb\n|faint|p2a: Hercule\n|faint|p1a: Gengar\n|\n|upkeep\n|\n|switch|p1a: Muk|Muk-Alola, M|100\/100\n|switch|p2a: Crazy Frog|Swampert, F|100\/100\n|-damage|p2a: Crazy Frog|94\/100|[from] Stealth Rock\n|turn|17\n|\n|move|p2a: Crazy Frog|Stealth Rock|p1a: Muk\n|-sidestart|p1: June.fml2|move: Stealth Rock\n|move|p1a: Muk|Poison Jab|p2a: Crazy Frog\n|-resisted|p2a: Crazy Frog\n|-damage|p2a: Crazy Frog|84\/100\n|-status|p2a: Crazy Frog|psn|[from] ability: Poison Touch|[of] p1a: Muk\n|\n|-heal|p2a: Crazy Frog|90\/100 psn|[from] item: Leftovers\n|-damage|p2a: Crazy Frog|78\/100 psn|[from] psn\n|upkeep\n|turn|18\n|\n|switch|p1a: Latias|Latias, F|100\/100\n|-damage|p1a: Latias|88\/100|[from] Stealth Rock\n|move|p2a: Crazy Frog|Toxic|p1a: Latias|[miss]\n|-miss|p2a: Crazy Frog|p1a: Latias\n|\n|-heal|p2a: Crazy Frog|84\/100 psn|[from] item: Leftovers\n|-damage|p2a: Crazy Frog|72\/100 psn|[from] psn\n|upkeep\n|turn|19\n|\n|switch|p2a: Instagram|Sylveon, M|100\/100\n|-damage|p2a: Instagram|88\/100|[from] Stealth Rock\n|move|p1a: Latias|Psyshock|p2a: Instagram\n|-damage|p2a: Instagram|30\/100\n|\n|-heal|p2a: Instagram|36\/100|[from] item: Leftovers\n|upkeep\n|turn|20\n|\n|move|p1a: Latias|Psyshock|p2a: Instagram\n|-damage|p2a: Instagram|0 fnt\n|faint|p2a: Instagram\n|\n|upkeep\n|\n|switch|p2a: Predator|Manectric, F|100\/100\n|-damage|p2a: Predator|88\/100|[from] Stealth Rock\n|turn|21\n|\n|switch|p1a: Blissey|Blissey, F|84\/100\n|-damage|p1a: Blissey|71\/100|[from] Stealth Rock\n|detailschange|p2a: Predator|Manectric-Mega, F\n|-mega|p2a: Predator|Manectric|Manectite\n|-ability|p2a: Predator|Intimidate|boost\n|-unboost|p1a: Blissey|atk|1\n|move|p2a: Predator|Hidden Power|p1a: Blissey\n|-damage|p1a: Blissey|64\/100\n|\n|-heal|p1a: Blissey|70\/100|[from] item: Leftovers\n|upkeep\n|turn|22\n|\n|move|p2a: Predator|Volt Switch|p1a: Blissey\n|-crit|p1a: Blissey\n|-damage|p1a: Blissey|50\/100\n|\n|switch|p2a: Supair|Scizor, F|41\/100|[from]move: Volt Switch\n|-damage|p2a: Supair|29\/100|[from] Stealth Rock\n|move|p1a: Blissey|Soft-Boiled|p1a: Blissey\n|-heal|p1a: Blissey|99\/100\n|\n|-heal|p1a: Blissey|100\/100|[from] item: Leftovers\n|upkeep\n|turn|23\n|\n|move|p2a: Supair|U-turn|p1a: Blissey\n|-damage|p1a: Blissey|46\/100\n|\n|switch|p2a: Crazy Frog|Swampert, F|72\/100 psn|[from]move: U-turn\n|-damage|p2a: Crazy Frog|65\/100 psn|[from] Stealth Rock\n|move|p1a: Blissey|Soft-Boiled|p1a: Blissey\n|-heal|p1a: Blissey|96\/100\n|\n|-heal|p2a: Crazy Frog|72\/100 psn|[from] item: Leftovers\n|-heal|p1a: Blissey|100\/100|[from] item: Leftovers\n|-damage|p2a: Crazy Frog|59\/100 psn|[from] psn\n|upkeep\n|turn|24\n|\n|move|p2a: Crazy Frog|Toxic|p1a: Blissey\n|-status|p1a: Blissey|tox\n|move|p1a: Blissey|Heal Bell|p1a: Blissey\n|-activate|p1a: Blissey|move: Heal Bell\n|-curestatus|p1a: Blissey|tox|[msg]\n|\n|-heal|p2a: Crazy Frog|65\/100 psn|[from] item: Leftovers\n|-damage|p2a: Crazy Frog|53\/100 psn|[from] psn\n|upkeep\n|turn|25\n|\n|move|p2a: Crazy Frog|Earthquake|p1a: Blissey\n|-damage|p1a: Blissey|62\/100\n|move|p1a: Blissey|Soft-Boiled|p1a: Blissey\n|-heal|p1a: Blissey|100\/100\n|\n|-heal|p2a: Crazy Frog|59\/100 psn|[from] item: Leftovers\n|-damage|p2a: Crazy Frog|47\/100 psn|[from] psn\n|upkeep\n|turn|26\n|\n|move|p2a: Crazy Frog|Toxic|p1a: Blissey\n|-status|p1a: Blissey|tox\n|move|p1a: Blissey|Soft-Boiled||[still]\n|-fail|p1a: Blissey\n|\n|-heal|p2a: Crazy Frog|53\/100 psn|[from] item: Leftovers\n|-damage|p2a: Crazy Frog|41\/100 psn|[from] psn\n|-damage|p1a: Blissey|94\/100 tox|[from] psn\n|upkeep\n|turn|27\n|\n|move|p2a: Crazy Frog|Earthquake|p1a: Blissey\n|-damage|p1a: Blissey|56\/100 tox\n|move|p1a: Blissey|Soft-Boiled|p1a: Blissey\n|-heal|p1a: Blissey|100\/100 tox\n|\n|-heal|p2a: Crazy Frog|47\/100 psn|[from] item: Leftovers\n|-damage|p2a: Crazy Frog|34\/100 psn|[from] psn\n|-damage|p1a: Blissey|88\/100 tox|[from] psn\n|upkeep\n|turn|28\n|\n|move|p2a: Crazy Frog|Earthquake|p1a: Blissey\n|-damage|p1a: Blissey|50\/100 tox\n|move|p1a: Blissey|Heal Bell|p1a: Blissey\n|-activate|p1a: Blissey|move: Heal Bell\n|-curestatus|p1a: Blissey|tox|[msg]\n|\n|-heal|p2a: Crazy Frog|41\/100 psn|[from] item: Leftovers\n|-heal|p1a: Blissey|57\/100|[from] item: Leftovers\n|-damage|p2a: Crazy Frog|28\/100 psn|[from] psn\n|upkeep\n|turn|29\n|\n|move|p2a: Crazy Frog|Earthquake|p1a: Blissey\n|-damage|p1a: Blissey|20\/100\n|move|p1a: Blissey|Soft-Boiled|p1a: Blissey\n|-heal|p1a: Blissey|70\/100\n|\n|-heal|p2a: Crazy Frog|34\/100 psn|[from] item: Leftovers\n|-heal|p1a: Blissey|76\/100|[from] item: Leftovers\n|-damage|p2a: Crazy Frog|22\/100 psn|[from] psn\n|upkeep\n|turn|30\n|\n|move|p2a: Crazy Frog|Earthquake|p1a: Blissey\n|-damage|p1a: Blissey|41\/100\n|move|p1a: Blissey|Soft-Boiled|p1a: Blissey\n|-heal|p1a: Blissey|91\/100\n|\n|-heal|p2a: Crazy Frog|28\/100 psn|[from] item: Leftovers\n|-heal|p1a: Blissey|97\/100|[from] item: Leftovers\n|-damage|p2a: Crazy Frog|16\/100 psn|[from] psn\n|upkeep\n|turn|31\n|-message|Jakkkkkka forfeited.\n|\n|win|June.fml2\n|l|\u2606Jakkkkkka\n|raw|June.fml2's rating: 1351 &rarr; <strong>1378<\/strong><br \/>(+27 for winning)\n|raw|Jakkkkkka's rating: 1473 &rarr; <strong>1446<\/strong><br \/>(-27 for losing)\n","uploadtime":1556389312,"views":23,"p1id":"junefml2","p2id":"jakkkkkka","formatid":"gen7uu","rating":1378,"private":0,"password":null}