{"id":"gen7randombattle-1438186530","p1":"BigWes95","p2":"richard_tater","format":"gen7randombattle","log":"|j|\u2606BigWes95\n|j|\u2606richard_tater\n|t:|1634641174\n|gametype|singles\n|player|p1|BigWes95|169|1775\n|player|p2|richard_tater|265|1727\n|teamsize|p1|6\n|teamsize|p2|6\n|gen|7\n|tier|[Gen 7] Random Battle\n|rated|\n|rule|Sleep Clause Mod: Limit one foe put to sleep\n|rule|HP Percentage Mod: HP is shown in percentages\n|\n|t:|1634641174\n|start\n|switch|p1a: Ledian|Ledian, L88, F|239\/239\n|switch|p2a: Aromatisse|Aromatisse, L88, F|321\/321\n|turn|1\n|inactive|Battle timer is ON: inactive players will automatically lose when time's up. (requested by richard_tater)\n|\n|t:|1634641188\n|switch|p2a: Aurorus|Aurorus, L88, F|359\/359\n|-weather|Hail|[from] ability: Snow Warning|[of] p2a: Aurorus\n|move|p1a: Ledian|Toxic|p2a: Aurorus\n|-status|p2a: Aurorus|tox\n|\n|-weather|Hail|[upkeep]\n|-damage|p1a: Ledian|225\/239|[from] Hail\n|-damage|p2a: Aurorus|337\/359 tox|[from] psn\n|upkeep\n|turn|2\n|\n|t:|1634641194\n|switch|p1a: Buzzwole|Buzzwole, L82|310\/310\n|move|p2a: Aurorus|Ancient Power|p1a: Buzzwole\n|-damage|p1a: Buzzwole|214\/310\n|\n|-weather|Hail|[upkeep]\n|-damage|p1a: Buzzwole|195\/310|[from] Hail\n|-heal|p2a: Aurorus|359\/359 tox|[from] item: Leftovers\n|-damage|p2a: Aurorus|315\/359 tox|[from] psn\n|upkeep\n|turn|3\n|\n|t:|1634641201\n|switch|p2a: Aromatisse|Aromatisse, L88, F|321\/321\n|move|p1a: Buzzwole|Stone Edge|p2a: Aromatisse\n|-damage|p2a: Aromatisse|219\/321\n|\n|-weather|Hail|[upkeep]\n|-damage|p1a: Buzzwole|176\/310|[from] Hail\n|-damage|p2a: Aromatisse|199\/321|[from] Hail\n|-heal|p2a: Aromatisse|219\/321|[from] item: Leftovers\n|upkeep\n|turn|4\n|\n|t:|1634641205\n|switch|p1a: Ledian|Ledian, L88, F|225\/239\n|move|p2a: Aromatisse|Toxic|p1a: Ledian\n|-status|p1a: Ledian|tox\n|\n|-weather|Hail|[upkeep]\n|-damage|p1a: Ledian|211\/239 tox|[from] Hail\n|-damage|p2a: Aromatisse|199\/321|[from] Hail\n|-heal|p2a: Aromatisse|219\/321|[from] item: Leftovers\n|-damage|p1a: Ledian|197\/239 tox|[from] psn\n|upkeep\n|turn|5\n|\n|t:|1634641209\n|switch|p2a: Haxorus|Haxorus, L82, F|259\/259\n|-ability|p2a: Haxorus|Mold Breaker\n|move|p1a: Ledian|Light Screen|p1a: Ledian\n|-sidestart|p1: BigWes95|move: Light Screen\n|\n|-weather|none\n|-damage|p1a: Ledian|169\/239 tox|[from] psn\n|upkeep\n|turn|6\n|\n|t:|1634641211\n|-zpower|p2a: Haxorus\n|move|p2a: Haxorus|Devastating Drake|p1a: Ledian|[zeffect]\n|-crit|p1a: Ledian\n|-damage|p1a: Ledian|0 fnt\n|faint|p1a: Ledian\n|\n|upkeep\n|\n|t:|1634641215\n|switch|p1a: Clefable|Clefable, L80, M|283\/283\n|turn|7\n|\n|t:|1634641219\n|switch|p2a: Aromatisse|Aromatisse, L88, F|219\/321\n|move|p1a: Clefable|Thunder Wave|p2a: Aromatisse\n|-status|p2a: Aromatisse|par\n|\n|-heal|p2a: Aromatisse|239\/321 par|[from] item: Leftovers\n|upkeep\n|turn|8\n|\n|t:|1634641222\n|move|p1a: Clefable|Stealth Rock|p2a: Aromatisse\n|-sidestart|p2: richard_tater|move: Stealth Rock\n|cant|p2a: Aromatisse|par\n|\n|-heal|p2a: Aromatisse|259\/321 par|[from] item: Leftovers\n|upkeep\n|turn|9\n|\n|t:|1634641227\n|move|p1a: Clefable|Moonblast|p2a: Aromatisse\n|-damage|p2a: Aromatisse|168\/321 par\n|-unboost|p2a: Aromatisse|spa|1\n|cant|p2a: Aromatisse|par\n|\n|-heal|p2a: Aromatisse|188\/321 par|[from] item: Leftovers\n|upkeep\n|turn|10\n|\n|t:|1634641230\n|move|p1a: Clefable|Moonblast|p2a: Aromatisse\n|-damage|p2a: Aromatisse|101\/321 par\n|move|p2a: Aromatisse|Rest|p2a: Aromatisse\n|-status|p2a: Aromatisse|slp|[from] move: Rest\n|-heal|p2a: Aromatisse|321\/321 slp|[silent]\n|\n|upkeep\n|turn|11\n|\n|t:|1634641233\n|move|p1a: Clefable|Moonblast|p2a: Aromatisse\n|-damage|p2a: Aromatisse|240\/321 slp\n|cant|p2a: Aromatisse|slp\n|\n|-heal|p2a: Aromatisse|260\/321 slp|[from] item: Leftovers\n|upkeep\n|turn|12\n|\n|t:|1634641237\n|switch|p1a: Bibarel|Bibarel, L88, M|282\/282\n|cant|p2a: Aromatisse|slp\n|\n|-heal|p2a: Aromatisse|280\/321 slp|[from] item: Leftovers\n|-sideend|p1: BigWes95|move: Light Screen\n|upkeep\n|turn|13\n|\n|t:|1634641240\n|move|p1a: Bibarel|Swords Dance|p1a: Bibarel\n|-boost|p1a: Bibarel|atk|4\n|-curestatus|p2a: Aromatisse|slp|[msg]\n|move|p2a: Aromatisse|Toxic|p1a: Bibarel\n|-status|p1a: Bibarel|tox\n|\n|-heal|p2a: Aromatisse|300\/321|[from] item: Leftovers\n|-damage|p1a: Bibarel|265\/282 tox|[from] psn\n|upkeep\n|turn|14\n|\n|t:|1634641241\n|switch|p2a: Aurorus|Aurorus, L88, F|315\/359 tox\n|-damage|p2a: Aurorus|226\/359 tox|[from] Stealth Rock\n|-weather|Hail|[from] ability: Snow Warning|[of] p2a: Aurorus\n|move|p1a: Bibarel|Return|p2a: Aurorus\n|-resisted|p2a: Aurorus\n|-damage|p2a: Aurorus|12\/359 tox\n|-damage|p1a: Bibarel|237\/282 tox|[from] item: Life Orb\n|\n|-weather|Hail|[upkeep]\n|-damage|p1a: Bibarel|220\/282 tox|[from] Hail\n|-heal|p2a: Aurorus|34\/359 tox|[from] item: Leftovers\n|-damage|p1a: Bibarel|186\/282 tox|[from] psn\n|-damage|p2a: Aurorus|12\/359 tox|[from] psn\n|upkeep\n|turn|15\n|\n|t:|1634641259\n|move|p1a: Bibarel|Return|p2a: Aurorus\n|-resisted|p2a: Aurorus\n|-damage|p2a: Aurorus|0 fnt\n|faint|p2a: Aurorus\n|-damage|p1a: Bibarel|158\/282 tox|[from] item: Life Orb\n|\n|-weather|Hail|[upkeep]\n|-damage|p1a: Bibarel|141\/282 tox|[from] Hail\n|-damage|p1a: Bibarel|90\/282 tox|[from] psn\n|upkeep\n|\n|t:|1634641259\n|switch|p2a: Haxorus|Haxorus, L82, F|259\/259\n|-damage|p2a: Haxorus|227\/259|[from] Stealth Rock\n|-ability|p2a: Haxorus|Mold Breaker\n|turn|16\n|\n|t:|1634641261\n|move|p1a: Bibarel|Aqua Jet|p2a: Haxorus\n|-resisted|p2a: Haxorus\n|-damage|p2a: Haxorus|146\/259\n|-damage|p1a: Bibarel|62\/282 tox|[from] item: Life Orb\n|move|p2a: Haxorus|Earthquake|p1a: Bibarel\n|-crit|p1a: Bibarel\n|-damage|p1a: Bibarel|0 fnt\n|faint|p1a: Bibarel\n|\n|-weather|Hail|[upkeep]\n|-damage|p2a: Haxorus|130\/259|[from] Hail\n|upkeep\n|\n|t:|1634641271\n|switch|p1a: Clefable|Clefable, L80, M|283\/283\n|turn|17\n|\n|t:|1634641273\n|move|p2a: Haxorus|Poison Jab|p1a: Clefable\n|-supereffective|p1a: Clefable\n|-damage|p1a: Clefable|87\/283\n|move|p1a: Clefable|Moonblast|p2a: Haxorus\n|-supereffective|p2a: Haxorus\n|-damage|p2a: Haxorus|0 fnt\n|faint|p2a: Haxorus\n|\n|-weather|Hail|[upkeep]\n|-heal|p1a: Clefable|104\/283|[from] item: Leftovers\n|upkeep\n|\n|t:|1634641273\n|switch|p2a: Diggersby|Diggersby, L82, F|274\/274\n|-damage|p2a: Diggersby|257\/274|[from] Stealth Rock\n|turn|18\n|\n|t:|1634641290\n|switch|p1a: Buzzwole|Buzzwole, L82|176\/310\n|move|p2a: Diggersby|U-turn|p1a: Buzzwole\n|-resisted|p1a: Buzzwole\n|-damage|p1a: Buzzwole|145\/310\n|\n|t:|1634641290\n|switch|p2a: Aromatisse|Aromatisse, L88, F|300\/321\n|-damage|p2a: Aromatisse|260\/321|[from] Stealth Rock\n|\n|-weather|none\n|-heal|p2a: Aromatisse|280\/321|[from] item: Leftovers\n|upkeep\n|turn|19\n|\n|t:|1634641293\n|move|p1a: Buzzwole|Stone Edge|p2a: Aromatisse|[miss]\n|-miss|p1a: Buzzwole|p2a: Aromatisse\n|move|p2a: Aromatisse|Moonblast|p1a: Buzzwole\n|-supereffective|p1a: Buzzwole\n|-damage|p1a: Buzzwole|0 fnt\n|faint|p1a: Buzzwole\n|\n|-heal|p2a: Aromatisse|300\/321|[from] item: Leftovers\n|upkeep\n|\n|t:|1634641295\n|switch|p1a: Slowbro|Slowbro, L84, F|297\/297\n|turn|20\n|\n|t:|1634641299\n|detailschange|p1a: Slowbro|Slowbro-Mega, L84, F\n|-mega|p1a: Slowbro|Slowbro|Slowbronite\n|move|p2a: Aromatisse|Toxic|p1a: Slowbro\n|-status|p1a: Slowbro|tox\n|move|p1a: Slowbro|Calm Mind|p1a: Slowbro\n|-boost|p1a: Slowbro|spa|1\n|-boost|p1a: Slowbro|spd|1\n|\n|-heal|p2a: Aromatisse|320\/321|[from] item: Leftovers\n|-damage|p1a: Slowbro|279\/297 tox|[from] psn\n|upkeep\n|turn|21\n|\n|t:|1634641300\n|move|p2a: Aromatisse|Moonblast|p1a: Slowbro\n|-damage|p1a: Slowbro|203\/297 tox\n|move|p1a: Slowbro|Calm Mind|p1a: Slowbro\n|-boost|p1a: Slowbro|spa|1\n|-boost|p1a: Slowbro|spd|1\n|\n|-heal|p2a: Aromatisse|321\/321|[from] item: Leftovers\n|-damage|p1a: Slowbro|167\/297 tox|[from] psn\n|upkeep\n|turn|22\n|\n|t:|1634641302\n|move|p2a: Aromatisse|Moonblast|p1a: Slowbro\n|-damage|p1a: Slowbro|100\/297 tox\n|move|p1a: Slowbro|Psyshock|p2a: Aromatisse\n|-damage|p2a: Aromatisse|105\/321\n|\n|-heal|p2a: Aromatisse|125\/321|[from] item: Leftovers\n|-damage|p1a: Slowbro|46\/297 tox|[from] psn\n|upkeep\n|turn|23\n|\n|t:|1634641304\n|move|p2a: Aromatisse|Moonblast|p1a: Slowbro\n|-damage|p1a: Slowbro|0 fnt\n|faint|p1a: Slowbro\n|\n|-heal|p2a: Aromatisse|145\/321|[from] item: Leftovers\n|upkeep\n|\n|t:|1634641307\n|switch|p1a: Krookodile|Krookodile, L82, F|290\/290\n|turn|24\n|\n|t:|1634641309\n|move|p1a: Krookodile|Earthquake|p2a: Aromatisse\n|-damage|p2a: Aromatisse|0 fnt\n|faint|p2a: Aromatisse\n|-ability|p1a: Krookodile|Moxie|boost\n|-boost|p1a: Krookodile|atk|1\n|\n|upkeep\n|\n|t:|1634641309\n|switch|p2a: Pheromosa|Pheromosa, L76|233\/233\n|-damage|p2a: Pheromosa|204\/233|[from] Stealth Rock\n|turn|25\n|\n|t:|1634641313\n|move|p2a: Pheromosa|High Jump Kick|p1a: Krookodile\n|-supereffective|p1a: Krookodile\n|-damage|p1a: Krookodile|0 fnt\n|faint|p1a: Krookodile\n|-ability|p2a: Pheromosa|Beast Boost|boost\n|-boost|p2a: Pheromosa|spe|1\n|-damage|p2a: Pheromosa|181\/233|[from] item: Life Orb\n|\n|upkeep\n|-message|BigWes95 forfeited.\n|\n|win|richard_tater\n|raw|BigWes95's rating: 1775 &rarr; <strong>1752<\/strong><br \/>(-23 for losing)\n|raw|richard_tater's rating: 1727 &rarr; <strong>1750<\/strong><br \/>(+23 for winning)\n|l|\u2606BigWes95\n|l|\u2606richard_tater\n","inputlog":">version 0611c6724c00d812c68af60a7c8f2f2fc4d6c00d\n>start {\"formatid\":\"gen7randombattle\",\"seed\":[5462,42211,38029,33937],\"rated\":\"Rated battle\"}\n>player p1 {\"name\":\"BigWes95\",\"avatar\":\"169\",\"rating\":1775,\"seed\":[59490,40867,57309,44427]}\n>player p2 {\"name\":\"richard_tater\",\"avatar\":\"265\",\"rating\":1727,\"seed\":[51313,15987,7088,55427]}\n>p1 move toxic\n>p2 switch 3\n>p1 switch 3\n>p2 move ancientpower\n>p1 move stoneedge\n>p2 switch 3\n>p1 switch 3\n>p2 move toxic\n>p1 move lightscreen\n>p2 switch 4\n>p1 move reflect\n>p2 move outrage zmove\n>p1 switch 4\n>p1 move thunderwave\n>p2 switch 4\n>p1 move stealthrock\n>p2 move toxic\n>p1 move moonblast\n>p2 move toxic\n>p1 move moonblast\n>p2 move rest\n>p1 move moonblast\n>p2 move moonblast\n>p1 switch 2\n>p2 move toxic\n>p1 move swordsdance\n>p2 move toxic\n>p1 move return\n>p2 switch 3\n>p1 move return\n>p2 move ancientpower\n>p2 switch 4\n>p1 move aquajet\n>p2 move earthquake\n>p1 switch 2\n>p1 move moonblast\n>p2 move poisonjab\n>p2 switch 2\n>p1 switch 3\n>p2 move uturn\n>p2 switch 3\n>p1 move stoneedge\n>p2 move moonblast\n>p1 switch 5\n>p1 move calmmind mega\n>p2 move toxic\n>p1 move calmmind\n>p2 move moonblast\n>p1 move psyshock\n>p2 move moonblast\n>p1 move psyshock\n>p2 move moonblast\n>p1 switch 6\n>p1 move earthquake\n>p2 move moonblast\n>p2 switch 6\n>p1 move earthquake\n>p2 move highjumpkick\n>forcelose p1","uploadtime":1634641319,"views":3,"p1id":"bigwes95","p2id":"richardtater","formatid":"gen7randombattle","rating":1750,"private":0,"password":null}