{"id":"gen7ou-1706959685","p1":"aulyve","p2":"Baptista Augusto","format":"gen7ou","log":"|j|\u2606aulyve\n|j|\u2606Baptista Augusto\n|t:|1668036469\n|gametype|singles\n|player|p1|aulyve|lyra|1217\n|player|p2|Baptista Augusto|red|1312\n|teamsize|p1|6\n|teamsize|p2|6\n|gen|7\n|tier|[Gen 7] OU\n|rated|\n|rule|Sleep Clause Mod: Limit one foe put to sleep\n|rule|Species Clause: Limit one of each Pok\u00e9mon\n|rule|OHKO Clause: OHKO moves are banned\n|rule|Moody Clause: Moody is banned\n|rule|Evasion Items Clause: Evasion items are banned\n|rule|Evasion Moves Clause: Evasion moves are banned\n|rule|Endless Battle Clause: Forcing endless battles is banned\n|rule|HP Percentage Mod: HP is shown in percentages\n|clearpoke\n|poke|p1|Scrafty, M|item\n|poke|p1|Florges, F|item\n|poke|p1|Torkoal, M|item\n|poke|p1|Dugtrio-Alola, M|item\n|poke|p1|Houndoom, F|item\n|poke|p1|Dusclops, M|item\n|poke|p2|Jolteon, M|item\n|poke|p2|Starmie|item\n|poke|p2|Scyther, M|item\n|poke|p2|Dodrio, M|item\n|poke|p2|Dragonite, M|item\n|poke|p2|Venusaur, M|item\n|teampreview\n|inactive|Battle timer is ON: inactive players will automatically lose when time's up. (requested by aulyve)\n|\n|t:|1668036482\n|start\n|switch|p1a: Torkoal|Torkoal, M|100\/100\n|switch|p2a: Jolteon|Jolteon, M|100\/100\n|-weather|SunnyDay|[from] ability: Drought|[of] p1a: Torkoal\n|turn|1\n|\n|t:|1668036487\n|move|p2a: Jolteon|Discharge|p1a: Torkoal\n|-damage|p1a: Torkoal|44\/100\n|-status|p1a: Torkoal|par\n|move|p1a: Torkoal|Stealth Rock|p2a: Jolteon\n|-sidestart|p2: Baptista Augusto|move: Stealth Rock\n|\n|-weather|SunnyDay|[upkeep]\n|-status|p2a: Jolteon|brn|[from] item: Flame Orb\n|upkeep\n|turn|2\n|\n|t:|1668036494\n|switch|p1a: Florges|Florges, F|100\/100\n|move|p2a: Jolteon|Shadow Ball|p1a: Florges\n|-damage|p1a: Florges|87\/100\n|\n|-weather|SunnyDay|[upkeep]\n|-heal|p1a: Florges|94\/100|[from] item: Leftovers\n|-damage|p2a: Jolteon|95\/100 brn|[from] brn\n|upkeep\n|turn|3\n|\n|t:|1668036497\n|move|p2a: Jolteon|Discharge|p1a: Florges\n|-damage|p1a: Florges|71\/100\n|move|p1a: Florges|Wish|p1a: Florges\n|\n|-weather|SunnyDay|[upkeep]\n|-heal|p1a: Florges|77\/100|[from] item: Leftovers\n|-damage|p2a: Jolteon|89\/100 brn|[from] brn\n|upkeep\n|turn|4\n|\n|t:|1668036505\n|move|p2a: Jolteon|Volt Switch|p1a: Florges\n|-damage|p1a: Florges|60\/100\n|\n|t:|1668036507\n|switch|p2a: Starmie|Starmie|100\/100|[from]move: Volt Switch\n|-damage|p2a: Starmie|88\/100|[from] Stealth Rock\n|move|p1a: Florges|Moonblast|p2a: Starmie\n|-damage|p2a: Starmie|34\/100\n|-unboost|p2a: Starmie|spa|1\n|\n|-weather|SunnyDay|[upkeep]\n|-heal|p1a: Florges|100\/100|[from] move: Wish|[wisher] Florges\n|-heal|p2a: Starmie|40\/100|[from] item: Leftovers\n|upkeep\n|turn|5\n|\n|t:|1668036515\n|switch|p2a: Dodrio|Dodrio, M|100\/100\n|-damage|p2a: Dodrio|76\/100|[from] Stealth Rock\n|move|p1a: Florges|Wish|p1a: Florges\n|\n|-weather|SunnyDay|[upkeep]\n|upkeep\n|turn|6\n|\n|t:|1668036519\n|move|p2a: Dodrio|Brave Bird|p1a: Florges\n|-damage|p1a: Florges|28\/100\n|-damage|p2a: Dodrio|43\/100|[from] Recoil\n|move|p1a: Florges|Moonblast|p2a: Dodrio\n|-damage|p2a: Dodrio|0 fnt\n|faint|p2a: Dodrio\n|\n|-weather|SunnyDay|[upkeep]\n|-heal|p1a: Florges|78\/100|[from] move: Wish|[wisher] Florges\n|-heal|p1a: Florges|84\/100|[from] item: Leftovers\n|upkeep\n|\n|t:|1668036522\n|switch|p2a: Starmie|Starmie|40\/100\n|-damage|p2a: Starmie|28\/100|[from] Stealth Rock\n|turn|7\n|\n|t:|1668036527\n|move|p2a: Starmie|Rapid Spin|p1a: Florges\n|-damage|p1a: Florges|80\/100\n|-sideend|p2: Baptista Augusto|Stealth Rock|[from] move: Rapid Spin|[of] p2a: Starmie\n|move|p1a: Florges|Wish|p1a: Florges\n|\n|-weather|SunnyDay|[upkeep]\n|-heal|p2a: Starmie|34\/100|[from] item: Leftovers\n|-heal|p1a: Florges|86\/100|[from] item: Leftovers\n|upkeep\n|turn|8\n|\n|t:|1668036530\n|move|p2a: Starmie|Scald|p1a: Florges\n|-damage|p1a: Florges|78\/100\n|move|p1a: Florges|Moonblast|p2a: Starmie\n|-damage|p2a: Starmie|0 fnt\n|faint|p2a: Starmie\n|\n|-weather|none\n|-heal|p1a: Florges|100\/100|[from] move: Wish|[wisher] Florges\n|upkeep\n|\n|t:|1668036535\n|switch|p2a: Venusaur|Venusaur, M|100\/100\n|turn|9\n|\n|t:|1668036538\n|move|p2a: Venusaur|Sludge Bomb|p1a: Florges\n|-supereffective|p1a: Florges\n|-damage|p1a: Florges|62\/100\n|move|p1a: Florges|Wish|p1a: Florges\n|\n|-heal|p1a: Florges|68\/100|[from] item: Leftovers\n|upkeep\n|turn|10\n|\n|t:|1668036544\n|switch|p1a: Torkoal|Torkoal, M|44\/100 par\n|-weather|SunnyDay|[from] ability: Drought|[of] p1a: Torkoal\n|move|p2a: Venusaur|Sleep Powder||[still]\n|-fail|p2a: Venusaur\n|\n|-weather|SunnyDay|[upkeep]\n|-heal|p1a: Torkoal|96\/100 par|[from] move: Wish|[wisher] Florges\n|upkeep\n|turn|11\n|\n|t:|1668036555\n|detailschange|p2a: Venusaur|Venusaur-Mega, M\n|-mega|p2a: Venusaur|Venusaur|Venusaurite\n|move|p2a: Venusaur|Sludge Bomb|p1a: Torkoal\n|-damage|p1a: Torkoal|33\/100 par\n|move|p1a: Torkoal|Stealth Rock|p2a: Venusaur\n|-sidestart|p2: Baptista Augusto|move: Stealth Rock\n|\n|-weather|SunnyDay|[upkeep]\n|upkeep\n|turn|12\n|\n|t:|1668036557\n|move|p2a: Venusaur|Sludge Bomb|p1a: Torkoal\n|-damage|p1a: Torkoal|0 fnt\n|faint|p1a: Torkoal\n|\n|-weather|SunnyDay|[upkeep]\n|upkeep\n|\n|t:|1668036559\n|switch|p1a: Houndoom|Houndoom, F, shiny|100\/100\n|turn|13\n|\n|t:|1668036562\n|detailschange|p1a: Houndoom|Houndoom-Mega, F, shiny\n|-mega|p1a: Houndoom|Houndoom|Houndoominite\n|move|p1a: Houndoom|Flamethrower|p2a: Venusaur\n|-supereffective|p2a: Venusaur\n|-damage|p2a: Venusaur|16\/100\n|move|p2a: Venusaur|Sleep Powder|p1a: Houndoom\n|-status|p1a: Houndoom|slp|[from] move: Sleep Powder\n|\n|-weather|SunnyDay|[upkeep]\n|-damage|p1a: Houndoom|88\/100 slp|[from] ability: Solar Power|[of] p1a: Houndoom\n|upkeep\n|turn|14\n|\n|t:|1668036571\n|switch|p1a: Dugtrio|Dugtrio-Alola, M|100\/100\n|move|p2a: Venusaur|Synthesis|p2a: Venusaur\n|-heal|p2a: Venusaur|83\/100\n|\n|-weather|SunnyDay|[upkeep]\n|upkeep\n|turn|15\n|\n|t:|1668036575\n|move|p1a: Dugtrio|Iron Head|p2a: Venusaur\n|-damage|p2a: Venusaur|49\/100\n|-damage|p1a: Dugtrio|91\/100|[from] item: Life Orb\n|move|p2a: Venusaur|Giga Drain|p1a: Dugtrio\n|-damage|p1a: Dugtrio|10\/100\n|-heal|p2a: Venusaur|72\/100|[from] drain|[of] p1a: Dugtrio\n|\n|-weather|SunnyDay|[upkeep]\n|upkeep\n|turn|16\n|\n|t:|1668036585\n|switch|p2a: Jolteon|Jolteon, M|89\/100 brn\n|-damage|p2a: Jolteon|77\/100 brn|[from] Stealth Rock\n|move|p1a: Dugtrio|Earthquake|p2a: Jolteon\n|-supereffective|p2a: Jolteon\n|-damage|p2a: Jolteon|0 fnt\n|faint|p2a: Jolteon\n|-damage|p1a: Dugtrio|0 fnt|[from] item: Life Orb\n|faint|p1a: Dugtrio\n|\n|-weather|SunnyDay|[upkeep]\n|upkeep\n|\n|t:|1668036598\n|switch|p2a: Venusaur|Venusaur-Mega, M|72\/100\n|switch|p1a: Scrafty|Scrafty, M|100\/100\n|-damage|p2a: Venusaur|60\/100|[from] Stealth Rock\n|turn|17\n|\n|t:|1668036607\n|move|p1a: Scrafty|Dragon Dance|p1a: Scrafty\n|-boost|p1a: Scrafty|atk|1\n|-boost|p1a: Scrafty|spe|1\n|move|p2a: Venusaur|Synthesis|p2a: Venusaur\n|-heal|p2a: Venusaur|100\/100\n|\n|-weather|none\n|upkeep\n|turn|18\n|\n|t:|1668036611\n|move|p1a: Scrafty|Knock Off|p2a: Venusaur\n|-damage|p2a: Venusaur|67\/100\n|move|p2a: Venusaur|Sludge Bomb|p1a: Scrafty\n|-damage|p1a: Scrafty|50\/100\n|\n|upkeep\n|turn|19\n|\n|t:|1668036615\n|move|p1a: Scrafty|Dragon Dance|p1a: Scrafty\n|-boost|p1a: Scrafty|atk|1\n|-boost|p1a: Scrafty|spe|1\n|move|p2a: Venusaur|Synthesis|p2a: Venusaur\n|-heal|p2a: Venusaur|100\/100\n|\n|upkeep\n|turn|20\n|\n|t:|1668036617\n|move|p1a: Scrafty|Knock Off|p2a: Venusaur\n|-damage|p2a: Venusaur|57\/100\n|move|p2a: Venusaur|Sludge Bomb|p1a: Scrafty\n|-damage|p1a: Scrafty|0 fnt\n|faint|p1a: Scrafty\n|\n|upkeep\n|\n|t:|1668036623\n|switch|p1a: Dusclops|Dusclops, M|100\/100\n|-item|p2a: Venusaur|Venusaurite|[from] ability: Frisk|[of] p1a: Dusclops|[identify]\n|turn|21\n|\n|t:|1668036632\n|move|p2a: Venusaur|Giga Drain|p1a: Dusclops\n|-damage|p1a: Dusclops|78\/100\n|-heal|p2a: Venusaur|66\/100|[from] drain|[of] p1a: Dusclops\n|move|p1a: Dusclops|Calm Mind|p1a: Dusclops\n|-boost|p1a: Dusclops|spa|1\n|-boost|p1a: Dusclops|spd|1\n|\n|upkeep\n|turn|22\n|\n|t:|1668036636\n|switch|p2a: Scyther|Scyther, M|100\/100\n|-damage|p2a: Scyther|51\/100|[from] Stealth Rock\n|move|p1a: Dusclops|Calm Mind|p1a: Dusclops\n|-boost|p1a: Dusclops|spa|1\n|-boost|p1a: Dusclops|spd|1\n|\n|upkeep\n|turn|23\n|\n|t:|1668036638\n|move|p2a: Scyther|Knock Off|p1a: Dusclops\n|-supereffective|p1a: Dusclops\n|-damage|p1a: Dusclops|44\/100\n|-enditem|p1a: Dusclops|Eviolite|[from] move: Knock Off|[of] p2a: Scyther\n|move|p1a: Dusclops|Will-O-Wisp|p2a: Scyther\n|-status|p2a: Scyther|brn\n|\n|-damage|p2a: Scyther|45\/100 brn|[from] brn\n|upkeep\n|turn|24\n|\n|t:|1668036643\n|move|p2a: Scyther|Swords Dance|p2a: Scyther\n|-boost|p2a: Scyther|atk|2\n|move|p1a: Dusclops|Hex|p2a: Scyther\n|-damage|p2a: Scyther|0 fnt\n|faint|p2a: Scyther\n|\n|upkeep\n|\n|t:|1668036646\n|switch|p2a: Dragonite|Dragonite, M|100\/100\n|-damage|p2a: Dragonite|76\/100|[from] Stealth Rock\n|turn|25\n|\n|t:|1668036648\n|move|p2a: Dragonite|Dragon Dance|p2a: Dragonite\n|-boost|p2a: Dragonite|atk|1\n|-boost|p2a: Dragonite|spe|1\n|move|p1a: Dusclops|Will-O-Wisp|p2a: Dragonite\n|-status|p2a: Dragonite|brn\n|-enditem|p2a: Dragonite|Lum Berry|[eat]\n|-curestatus|p2a: Dragonite|brn|[msg]\n|\n|upkeep\n|turn|26\n|\n|t:|1668036651\n|move|p2a: Dragonite|Fire Punch|p1a: Dusclops\n|-damage|p1a: Dusclops|10\/100\n|move|p1a: Dusclops|Will-O-Wisp|p2a: Dragonite|[miss]\n|-miss|p1a: Dusclops|p2a: Dragonite\n|\n|upkeep\n|turn|27\n|\n|t:|1668036657\n|move|p2a: Dragonite|Fire Punch|p1a: Dusclops\n|-damage|p1a: Dusclops|0 fnt\n|faint|p1a: Dusclops\n|\n|upkeep\n|\n|t:|1668036659\n|switch|p1a: Florges|Florges, F|68\/100\n|turn|28\n|\n|t:|1668036662\n|switch|p2a: Venusaur|Venusaur-Mega, M|66\/100\n|-damage|p2a: Venusaur|54\/100|[from] Stealth Rock\n|move|p1a: Florges|Moonblast|p2a: Venusaur\n|-resisted|p2a: Venusaur\n|-damage|p2a: Venusaur|41\/100\n|\n|-heal|p1a: Florges|74\/100|[from] item: Leftovers\n|upkeep\n|turn|29\n|\n|t:|1668036666\n|move|p2a: Venusaur|Synthesis|p2a: Venusaur\n|-heal|p2a: Venusaur|91\/100\n|move|p1a: Florges|Moonblast|p2a: Venusaur\n|-resisted|p2a: Venusaur\n|-damage|p2a: Venusaur|77\/100\n|\n|-heal|p1a: Florges|80\/100|[from] item: Leftovers\n|upkeep\n|turn|30\n|\n|t:|1668036668\n|move|p2a: Venusaur|Sludge Bomb|p1a: Florges\n|-supereffective|p1a: Florges\n|-damage|p1a: Florges|32\/100\n|-status|p1a: Florges|psn\n|move|p1a: Florges|Wish|p1a: Florges\n|\n|-heal|p1a: Florges|38\/100 psn|[from] item: Leftovers\n|-damage|p1a: Florges|26\/100 psn|[from] psn\n|upkeep\n|turn|31\n|\n|t:|1668036674\n|switch|p1a: Houndoom|Houndoom-Mega, F, shiny|88\/100 slp\n|move|p2a: Venusaur|Giga Drain|p1a: Houndoom\n|-resisted|p1a: Houndoom\n|-damage|p1a: Houndoom|65\/100 slp\n|-heal|p2a: Venusaur|86\/100|[from] drain|[of] p1a: Houndoom\n|\n|-heal|p1a: Houndoom|100\/100 slp|[from] move: Wish|[wisher] Florges\n|upkeep\n|turn|32\n|\n|t:|1668036677\n|cant|p1a: Houndoom|slp\n|move|p2a: Venusaur|Sludge Bomb|p1a: Houndoom\n|-damage|p1a: Houndoom|48\/100 slp\n|\n|upkeep\n|turn|33\n|\n|t:|1668036681\n|cant|p1a: Houndoom|slp\n|move|p2a: Venusaur|Sludge Bomb|p1a: Houndoom\n|-damage|p1a: Houndoom|0 fnt\n|faint|p1a: Houndoom\n|\n|upkeep\n|\n|t:|1668036683\n|switch|p1a: Florges|Florges, F|26\/100 psn\n|turn|34\n|c|\u2606aulyve|gg\n|c|\u2606Baptista Augusto|gg\n|\n|t:|1668036691\n|move|p2a: Venusaur|Synthesis|p2a: Venusaur\n|-heal|p2a: Venusaur|100\/100\n|move|p1a: Florges|Moonblast|p2a: Venusaur\n|-resisted|p2a: Venusaur\n|-damage|p2a: Venusaur|86\/100\n|\n|-heal|p1a: Florges|32\/100 psn|[from] item: Leftovers\n|-damage|p1a: Florges|20\/100 psn|[from] psn\n|upkeep\n|turn|35\n|\n|t:|1668036694\n|move|p2a: Venusaur|Synthesis|p2a: Venusaur\n|-heal|p2a: Venusaur|100\/100\n|move|p1a: Florges|Moonblast|p2a: Venusaur\n|-resisted|p2a: Venusaur\n|-damage|p2a: Venusaur|87\/100\n|\n|-heal|p1a: Florges|26\/100 psn|[from] item: Leftovers\n|-damage|p1a: Florges|14\/100 psn|[from] psn\n|upkeep\n|turn|36\n|\n|t:|1668036698\n|move|p2a: Venusaur|Giga Drain|p1a: Florges\n|-damage|p1a: Florges|0 fnt\n|-heal|p2a: Venusaur|94\/100|[from] drain|[of] p1a: Florges\n|faint|p1a: Florges\n|\n|win|Baptista Augusto\n|raw|aulyve's rating: 1217 &rarr; <strong>1199<\/strong><br \/>(-18 for losing)\n|raw|Baptista Augusto's rating: 1312 &rarr; <strong>1327<\/strong><br \/>(+15 for winning)\n|l|\u2606aulyve\n","uploadtime":1668036706,"views":4,"p1id":"aulyve","p2id":"baptistaaugusto","formatid":"gen7ou","rating":1199,"private":0,"password":null}