{"id":"gen7ou-1391083200","p1":"Mega METABOT","p2":"EEEEEvolto\u6df1\u6eba","format":"gen7ou","log":"|j|\u2606Mega METABOT\n|j|\u2606EEEEEvolto\u6df1\u6eba\n|t:|1628212151\n|gametype|singles\n|player|p1|Mega METABOT|101|1464\n|player|p2|EEEEEvolto\u6df1\u6eba|2|1570\n|teamsize|p1|6\n|teamsize|p2|6\n|gen|7\n|tier|[Gen 7] OU\n|rated|\n|rule|Sleep Clause Mod: Limit one foe put to sleep\n|rule|Species Clause: Limit one of each Pok\u00e9mon\n|rule|OHKO Clause: OHKO moves are banned\n|rule|Moody Clause: Moody is banned\n|rule|Evasion Moves Clause: Evasion moves are banned\n|rule|Endless Battle Clause: Forcing endless battles is banned\n|rule|HP Percentage Mod: HP is shown in percentages\n|clearpoke\n|poke|p1|Beedrill, M|item\n|poke|p1|Magnezone|item\n|poke|p1|Greninja, M|item\n|poke|p1|Gliscor, F|item\n|poke|p1|Slowbro, F|item\n|poke|p1|Tornadus-Therian, M|item\n|poke|p2|Sableye, M|item\n|poke|p2|Pyukumuku, L90, M|item\n|poke|p2|Skarmory, M|item\n|poke|p2|Chansey, F|item\n|poke|p2|Toxapex, M|item\n|poke|p2|Gliscor, M|item\n|teampreview\n|inactive|Battle timer is ON: inactive players will automatically lose when time's up. (requested by EEEEEvolto\u6df1\u6eba)\n|\n|t:|1628212166\n|start\n|switch|p1a: Beedrill|Beedrill, M|100\/100\n|switch|p2a: Sableye|Sableye, M|100\/100\n|turn|1\n|\n|t:|1628212190\n|switch|p1a: Magnezone|Magnezone|100\/100\n|detailschange|p2a: Sableye|Sableye-Mega, M\n|-mega|p2a: Sableye|Sableye|Sablenite\n|move|p2a: Sableye|Protect||[still]\n|-fail|p2a: Sableye\n|\n|upkeep\n|turn|2\n|\n|t:|1628212200\n|move|p1a: Magnezone|Volt Switch|p2a: Sableye\n|-damage|p2a: Sableye|71\/100\n|\n|t:|1628212205\n|switch|p1a: Tornadus|Tornadus-Therian, M|100\/100|[from]move: Volt Switch\n|move|p2a: Sableye|Knock Off|p1a: Tornadus\n|-damage|p1a: Tornadus|67\/100\n|-enditem|p1a: Tornadus|Assault Vest|[from] move: Knock Off|[of] p2a: Sableye\n|\n|upkeep\n|turn|3\n|\n|t:|1628212212\n|switch|p2a: Gliscor|Gliscor, M|100\/100\n|move|p1a: Tornadus|U-turn|p2a: Gliscor\n|-resisted|p2a: Gliscor\n|-damage|p2a: Gliscor|95\/100\n|\n|t:|1628212218\n|switch|p1a: Greninja|Greninja, M, shiny|100\/100|[from]move: U-turn\n|\n|-status|p2a: Gliscor|tox|[from] item: Toxic Orb\n|upkeep\n|turn|4\n|\n|t:|1628212222\n|switch|p2a: Sableye|Sableye-Mega, M|71\/100\n|move|p1a: Greninja|Ice Beam|p2a: Sableye\n|-start|p1a: Greninja|typechange|Ice|[from] ability: Protean\n|-damage|p2a: Sableye|47\/100\n|\n|upkeep\n|turn|5\n|\n|t:|1628212240\n|-zpower|p1a: Greninja\n|move|p1a: Greninja|Tectonic Rage|p2a: Sableye|[zeffect]\n|-start|p1a: Greninja|typechange|Ground|[from] ability: Protean\n|-damage|p2a: Sableye|0 fnt\n|faint|p2a: Sableye\n|\n|upkeep\n|\n|t:|1628212249\n|switch|p2a: Chansey|Chansey, F|100\/100\n|turn|6\n|\n|t:|1628212255\n|move|p1a: Greninja|Spikes|p2a: Chansey\n|-sidestart|p2: EEEEEvolto\u6df1\u6eba|Spikes\n|move|p2a: Chansey|Stealth Rock|p1a: Greninja\n|-sidestart|p1: Mega METABOT|move: Stealth Rock\n|\n|upkeep\n|turn|7\n|\n|t:|1628212260\n|move|p1a: Greninja|Spikes|p2a: Chansey\n|-sidestart|p2: EEEEEvolto\u6df1\u6eba|Spikes\n|move|p2a: Chansey|Toxic|p1a: Greninja\n|-status|p1a: Greninja|tox\n|\n|-damage|p1a: Greninja|95\/100 tox|[from] psn\n|upkeep\n|turn|8\n|\n|t:|1628212265\n|move|p1a: Greninja|Spikes|p2a: Chansey\n|-sidestart|p2: EEEEEvolto\u6df1\u6eba|Spikes\n|move|p2a: Chansey|Seismic Toss|p1a: Greninja\n|-damage|p1a: Greninja|59\/100 tox\n|\n|-damage|p1a: Greninja|48\/100 tox|[from] psn\n|upkeep\n|turn|9\n|\n|t:|1628212272\n|switch|p1a: Gliscor|Gliscor, F|100\/100\n|-damage|p1a: Gliscor|88\/100|[from] Stealth Rock\n|move|p2a: Chansey|Seismic Toss|p1a: Gliscor\n|-damage|p1a: Gliscor|60\/100\n|\n|-status|p1a: Gliscor|tox|[from] item: Toxic Orb\n|upkeep\n|turn|10\n|\n|t:|1628212275\n|switch|p2a: Skarmory|Skarmory, M|100\/100\n|move|p1a: Gliscor|Stealth Rock|p2a: Skarmory\n|-sidestart|p2: EEEEEvolto\u6df1\u6eba|move: Stealth Rock\n|\n|-heal|p1a: Gliscor|72\/100 tox|[from] ability: Poison Heal\n|upkeep\n|turn|11\n|\n|t:|1628212282\n|switch|p1a: Magnezone|Magnezone|100\/100\n|-damage|p1a: Magnezone|94\/100|[from] Stealth Rock\n|move|p2a: Skarmory|Defog|p1a: Magnezone\n|-unboost|p1a: Magnezone|evasion|1\n|-sideend|p1: Mega METABOT|Stealth Rock|[from] move: Defog|[of] p2a: Skarmory\n|-sideend|p2: EEEEEvolto\u6df1\u6eba|Spikes|[from] move: Defog|[of] p2a: Skarmory\n|-sideend|p2: EEEEEvolto\u6df1\u6eba|Stealth Rock|[from] move: Defog|[of] p2a: Skarmory\n|\n|upkeep\n|turn|12\n|\n|t:|1628212290\n|switch|p2a: Gliscor|Gliscor, M|95\/100 tox\n|move|p1a: Magnezone|Thunderbolt|p2a: Gliscor\n|-immune|p2a: Gliscor\n|\n|-heal|p2a: Gliscor|100\/100 tox|[from] ability: Poison Heal\n|upkeep\n|turn|13\n|\n|t:|1628212300\n|switch|p1a: Gliscor|Gliscor, F|72\/100 tox\n|move|p2a: Gliscor|Earthquake|p1a: Gliscor\n|-immune|p1a: Gliscor\n|\n|-heal|p1a: Gliscor|85\/100 tox|[from] ability: Poison Heal\n|upkeep\n|turn|14\n|\n|t:|1628212304\n|switch|p2a: Skarmory|Skarmory, M|100\/100\n|move|p1a: Gliscor|Stealth Rock|p2a: Skarmory\n|-sidestart|p2: EEEEEvolto\u6df1\u6eba|move: Stealth Rock\n|\n|-heal|p1a: Gliscor|97\/100 tox|[from] ability: Poison Heal\n|upkeep\n|turn|15\n|\n|t:|1628212309\n|move|p1a: Gliscor|U-turn|p2a: Skarmory\n|-resisted|p2a: Skarmory\n|-damage|p2a: Skarmory|98\/100\n|\n|t:|1628212312\n|switch|p1a: Tornadus|Tornadus-Therian, M|99\/100|[from]move: U-turn\n|move|p2a: Skarmory|Defog|p1a: Tornadus\n|-unboost|p1a: Tornadus|evasion|1\n|-sideend|p2: EEEEEvolto\u6df1\u6eba|Stealth Rock|[from] move: Defog|[of] p2a: Skarmory\n|\n|upkeep\n|turn|16\n|\n|t:|1628212316\n|switch|p2a: Gliscor|Gliscor, M|100\/100 tox\n|move|p1a: Tornadus|U-turn|p2a: Gliscor\n|-resisted|p2a: Gliscor\n|-damage|p2a: Gliscor|95\/100 tox\n|\n|t:|1628212323\n|switch|p1a: Greninja|Greninja, M, shiny|48\/100 tox|[from]move: U-turn\n|\n|-damage|p1a: Greninja|42\/100 tox|[from] psn\n|-heal|p2a: Gliscor|100\/100 tox|[from] ability: Poison Heal\n|upkeep\n|turn|17\n|\n|t:|1628212329\n|switch|p2a: Chansey|Chansey, F|100\/100\n|move|p1a: Greninja|Ice Beam|p2a: Chansey\n|-start|p1a: Greninja|typechange|Ice|[from] ability: Protean\n|-damage|p2a: Chansey|90\/100\n|\n|-damage|p1a: Greninja|30\/100 tox|[from] psn\n|upkeep\n|turn|18\n|\n|t:|1628212340\n|switch|p1a: Gliscor|Gliscor, F|97\/100 tox\n|move|p2a: Chansey|Seismic Toss|p1a: Gliscor\n|-damage|p1a: Gliscor|69\/100 tox\n|\n|-heal|p1a: Gliscor|81\/100 tox|[from] ability: Poison Heal\n|upkeep\n|turn|19\n|\n|t:|1628212344\n|move|p1a: Gliscor|Stealth Rock|p2a: Chansey\n|-sidestart|p2: EEEEEvolto\u6df1\u6eba|move: Stealth Rock\n|move|p2a: Chansey|Stealth Rock|p1a: Gliscor\n|-sidestart|p1: Mega METABOT|move: Stealth Rock\n|\n|-heal|p1a: Gliscor|94\/100 tox|[from] ability: Poison Heal\n|upkeep\n|turn|20\n|\n|t:|1628212350\n|switch|p2a: Gliscor|Gliscor, M|100\/100 tox\n|-damage|p2a: Gliscor|88\/100 tox|[from] Stealth Rock\n|move|p1a: Gliscor|U-turn|p2a: Gliscor\n|-resisted|p2a: Gliscor\n|-damage|p2a: Gliscor|82\/100 tox\n|\n|t:|1628212357\n|switch|p1a: Slowbro|Slowbro, F|100\/100|[from]move: U-turn\n|-damage|p1a: Slowbro|88\/100|[from] Stealth Rock\n|\n|-heal|p1a: Slowbro|94\/100|[from] item: Leftovers\n|-heal|p2a: Gliscor|95\/100 tox|[from] ability: Poison Heal\n|upkeep\n|turn|21\n|\n|t:|1628212365\n|switch|p2a: Chansey|Chansey, F|90\/100\n|-damage|p2a: Chansey|78\/100|[from] Stealth Rock\n|move|p1a: Slowbro|Toxic|p2a: Chansey\n|-status|p2a: Chansey|tox\n|\n|-heal|p1a: Slowbro|99\/100|[from] item: Leftovers\n|-damage|p2a: Chansey|72\/100 tox|[from] psn\n|upkeep\n|turn|22\n|\n|t:|1628212372\n|switch|p1a: Beedrill|Beedrill, M|100\/100\n|-damage|p1a: Beedrill|76\/100|[from] Stealth Rock\n|move|p2a: Chansey|Soft-Boiled|p2a: Chansey\n|-heal|p2a: Chansey|100\/100 tox\n|\n|-damage|p2a: Chansey|88\/100 tox|[from] psn\n|upkeep\n|turn|23\n|\n|t:|1628212379\n|switch|p2a: Gliscor|Gliscor, M|95\/100 tox\n|-damage|p2a: Gliscor|82\/100 tox|[from] Stealth Rock\n|detailschange|p1a: Beedrill|Beedrill-Mega, M\n|-mega|p1a: Beedrill|Beedrill|Beedrillite\n|move|p1a: Beedrill|U-turn|p2a: Gliscor\n|-resisted|p2a: Gliscor\n|-damage|p2a: Gliscor|60\/100 tox\n|\n|t:|1628212386\n|switch|p1a: Gliscor|Gliscor, F|94\/100 tox|[from]move: U-turn\n|-damage|p1a: Gliscor|81\/100 tox|[from] Stealth Rock\n|\n|-heal|p2a: Gliscor|72\/100 tox|[from] ability: Poison Heal\n|-heal|p1a: Gliscor|94\/100 tox|[from] ability: Poison Heal\n|upkeep\n|turn|24\n|\n|t:|1628212392\n|move|p2a: Gliscor|Roost|p2a: Gliscor\n|-heal|p2a: Gliscor|100\/100 tox\n|-singleturn|p2a: Gliscor|move: Roost\n|move|p1a: Gliscor|Defog|p2a: Gliscor\n|-unboost|p2a: Gliscor|evasion|1\n|-sideend|p2: EEEEEvolto\u6df1\u6eba|Stealth Rock|[from] move: Defog|[of] p1a: Gliscor\n|-sideend|p1: Mega METABOT|Stealth Rock|[from] move: Defog|[of] p1a: Gliscor\n|\n|-heal|p1a: Gliscor|100\/100 tox|[from] ability: Poison Heal\n|upkeep\n|turn|25\n|\n|t:|1628212398\n|switch|p2a: Skarmory|Skarmory, M|98\/100\n|move|p1a: Gliscor|Stealth Rock|p2a: Skarmory\n|-sidestart|p2: EEEEEvolto\u6df1\u6eba|move: Stealth Rock\n|\n|upkeep\n|turn|26\n|\n|t:|1628212404\n|move|p1a: Gliscor|U-turn|p2a: Skarmory\n|-resisted|p2a: Skarmory\n|-damage|p2a: Skarmory|96\/100\n|\n|t:|1628212407\n|switch|p1a: Magnezone|Magnezone|94\/100|[from]move: U-turn\n|move|p2a: Skarmory|Defog|p1a: Magnezone\n|-unboost|p1a: Magnezone|evasion|1\n|-sideend|p2: EEEEEvolto\u6df1\u6eba|Stealth Rock|[from] move: Defog|[of] p2a: Skarmory\n|\n|upkeep\n|turn|27\n|\n|t:|1628212415\n|switch|p2a: Chansey|Chansey, F|88\/100\n|move|p1a: Magnezone|Flash Cannon|p2a: Chansey\n|-damage|p2a: Chansey|75\/100\n|\n|upkeep\n|turn|28\n|\n|t:|1628212420\n|switch|p1a: Tornadus|Tornadus-Therian, M|100\/100\n|move|p2a: Chansey|Stealth Rock|p1a: Tornadus\n|-sidestart|p1: Mega METABOT|move: Stealth Rock\n|\n|upkeep\n|turn|29\n|\n|t:|1628212424\n|switch|p2a: Gliscor|Gliscor, M|100\/100 tox\n|move|p1a: Tornadus|Knock Off|p2a: Gliscor\n|-damage|p2a: Gliscor|85\/100 tox\n|-enditem|p2a: Gliscor|Toxic Orb|[from] move: Knock Off|[of] p1a: Tornadus\n|\n|-heal|p2a: Gliscor|97\/100 tox|[from] ability: Poison Heal\n|upkeep\n|turn|30\n|\n|t:|1628212430\n|move|p1a: Tornadus|Hurricane|p2a: Gliscor|[miss]\n|-miss|p1a: Tornadus|p2a: Gliscor\n|move|p2a: Gliscor|Toxic|p1a: Tornadus\n|-status|p1a: Tornadus|tox\n|\n|-damage|p1a: Tornadus|94\/100 tox|[from] psn\n|-heal|p2a: Gliscor|100\/100 tox|[from] ability: Poison Heal\n|upkeep\n|turn|31\n|\n|t:|1628212439\n|switch|p2a: Toxapex|Toxapex, M|100\/100\n|move|p1a: Tornadus|U-turn|p2a: Toxapex\n|-resisted|p2a: Toxapex\n|-damage|p2a: Toxapex|95\/100\n|\n|t:|1628212445\n|switch|p1a: Gliscor|Gliscor, F|100\/100 tox|[from]move: U-turn\n|-damage|p1a: Gliscor|88\/100 tox|[from] Stealth Rock\n|\n|-heal|p1a: Gliscor|100\/100 tox|[from] ability: Poison Heal\n|upkeep\n|turn|32\n|\n|t:|1628212449\n|switch|p2a: Skarmory|Skarmory, M|96\/100\n|move|p1a: Gliscor|Defog|p2a: Skarmory\n|-unboost|p2a: Skarmory|evasion|1\n|-sideend|p1: Mega METABOT|Stealth Rock|[from] move: Defog|[of] p1a: Gliscor\n|\n|upkeep\n|turn|33\n|c|\u2606Mega METABOT|Can i ask u something\n|\n|t:|1628212462\n|move|p1a: Gliscor|U-turn|p2a: Skarmory\n|-resisted|p2a: Skarmory\n|-damage|p2a: Skarmory|94\/100\n|\n|t:|1628212465\n|switch|p1a: Magnezone|Magnezone|94\/100|[from]move: U-turn\n|move|p2a: Skarmory|Spikes|p1a: Magnezone\n|-sidestart|p1: Mega METABOT|Spikes\n|\n|upkeep\n|turn|34\n|\n|t:|1628212473\n|switch|p2a: Chansey|Chansey, F|75\/100\n|move|p1a: Magnezone|Volt Switch|p2a: Chansey\n|-damage|p2a: Chansey|64\/100\n|\n|t:|1628212477\n|switch|p1a: Beedrill|Beedrill-Mega, M|76\/100|[from]move: Volt Switch\n|-damage|p1a: Beedrill|64\/100|[from] Spikes\n|\n|upkeep\n|turn|35\n|c|\u2606EEEEEvolto\u6df1\u6eba|Yes\n|c|\u2606Mega METABOT|Ho wu od for play stall at 3 am\n|\n|t:|1628212494\n|switch|p2a: Toxapex|Toxapex, M|100\/100\n|move|p1a: Beedrill|U-turn|p2a: Toxapex\n|-resisted|p2a: Toxapex\n|-damage|p2a: Toxapex|79\/100\n|c|\u2606Mega METABOT|how u\n|\n|t:|1628212504\n|switch|p1a: Gliscor|Gliscor, F|100\/100 tox|[from]move: U-turn\n|\n|upkeep\n|turn|36\n|c|\u2606EEEEEvolto\u6df1\u6eba|What does od mean\uff1f\n|inactive|EEEEEvolto\u6df1\u6eba has 120 seconds left.\n|c|\u2606Mega METABOT|how u do\n|\n|t:|1628212553\n|switch|p2a: Gliscor|Gliscor, M|100\/100 tox\n|move|p1a: Gliscor|Defog|p2a: Gliscor\n|-unboost|p2a: Gliscor|evasion|1\n|-sideend|p1: Mega METABOT|Spikes|[from] move: Defog|[of] p1a: Gliscor\n|\n|upkeep\n|turn|37\n|\n|t:|1628212560\n|switch|p2a: Chansey|Chansey, F|64\/100\n|move|p1a: Gliscor|U-turn|p2a: Chansey\n|-damage|p2a: Chansey|54\/100\n|\n|t:|1628212564\n|switch|p1a: Beedrill|Beedrill-Mega, M|64\/100|[from]move: U-turn\n|\n|upkeep\n|turn|38\n|c|\u2606EEEEEvolto\u6df1\u6eba|I am Chinese\n|inactive|EEEEEvolto\u6df1\u6eba has 120 seconds left.\n|\n|t:|1628212570\n|switch|p2a: Toxapex|Toxapex, M|100\/100\n|move|p1a: Beedrill|Poison Jab|p2a: Toxapex\n|-resisted|p2a: Toxapex\n|-crit|p2a: Toxapex\n|-damage|p2a: Toxapex|62\/100\n|\n|upkeep\n|turn|39\n|\n|t:|1628212577\n|switch|p2a: Gliscor|Gliscor, M|100\/100 tox\n|move|p1a: Beedrill|Drill Run|p2a: Gliscor\n|-immune|p2a: Gliscor\n|\n|upkeep\n|turn|40\n|c|\u2606EEEEEvolto\u6df1\u6eba|It's 9 am here\n|\n|t:|1628212588\n|move|p1a: Beedrill|U-turn|p2a: Gliscor\n|-resisted|p2a: Gliscor\n|-damage|p2a: Gliscor|80\/100 tox\n|\n|t:|1628212594\n|switch|p1a: Slowbro|Slowbro, F|100\/100|[from]move: U-turn\n|move|p2a: Gliscor|Toxic|p1a: Slowbro\n|-status|p1a: Slowbro|tox\n|\n|-heal|p2a: Gliscor|92\/100 tox|[from] ability: Poison Heal\n|-damage|p1a: Slowbro|94\/100 tox|[from] psn\n|upkeep\n|turn|41\n|\n|t:|1628212601\n|switch|p2a: Chansey|Chansey, F|54\/100\n|switch|p1a: Beedrill|Beedrill-Mega, M|64\/100\n|\n|upkeep\n|turn|42\n|\n|t:|1628212611\n|switch|p2a: Gliscor|Gliscor, M|92\/100 tox\n|move|p1a: Beedrill|U-turn|p2a: Gliscor\n|-resisted|p2a: Gliscor\n|-damage|p2a: Gliscor|72\/100 tox\n|\n|t:|1628212617\n|switch|p1a: Greninja|Greninja, M, shiny|30\/100 tox|[from]move: U-turn\n|\n|-damage|p1a: Greninja|24\/100 tox|[from] psn\n|-heal|p2a: Gliscor|84\/100 tox|[from] ability: Poison Heal\n|upkeep\n|turn|43\n|\n|t:|1628212627\n|switch|p1a: Tornadus|Tornadus-Therian, M|100\/100 tox\n|switch|p2a: Chansey|Chansey, F|54\/100\n|\n|-damage|p1a: Tornadus|94\/100 tox|[from] psn\n|upkeep\n|turn|44\n|\n|t:|1628212632\n|switch|p2a: Toxapex|Toxapex, M|95\/100\n|move|p1a: Tornadus|Knock Off|p2a: Toxapex\n|-damage|p2a: Toxapex|84\/100\n|\n|-damage|p1a: Tornadus|82\/100 tox|[from] psn\n|upkeep\n|turn|45\n|j| Meteor_qwq\n|\n|t:|1628212644\n|move|p1a: Tornadus|U-turn|p2a: Toxapex\n|-resisted|p2a: Toxapex\n|-damage|p2a: Toxapex|78\/100\n|\n|t:|1628212648\n|switch|p1a: Gliscor|Gliscor, F|100\/100 tox|[from]move: U-turn\n|move|p2a: Toxapex|Scald|p1a: Gliscor\n|-supereffective|p1a: Gliscor\n|-damage|p1a: Gliscor|63\/100 tox\n|\n|-heal|p1a: Gliscor|75\/100 tox|[from] ability: Poison Heal\n|upkeep\n|turn|46\n|\n|t:|1628212670\n|switch|p2a: Chansey|Chansey, F|54\/100\n|move|p1a: Gliscor|Stealth Rock|p2a: Chansey\n|-sidestart|p2: EEEEEvolto\u6df1\u6eba|move: Stealth Rock\n|\n|-heal|p1a: Gliscor|88\/100 tox|[from] ability: Poison Heal\n|upkeep\n|turn|47\n|\n|t:|1628212679\n|switch|p1a: Tornadus|Tornadus-Therian, M|100\/100 tox\n|move|p2a: Chansey|Soft-Boiled|p2a: Chansey\n|-heal|p2a: Chansey|100\/100\n|\n|-damage|p1a: Tornadus|94\/100 tox|[from] psn\n|upkeep\n|turn|48\n|\n|t:|1628212685\n|switch|p2a: Toxapex|Toxapex, M|100\/100\n|-damage|p2a: Toxapex|88\/100|[from] Stealth Rock\n|move|p1a: Tornadus|Knock Off|p2a: Toxapex\n|-damage|p2a: Toxapex|78\/100\n|\n|-damage|p1a: Tornadus|82\/100 tox|[from] psn\n|upkeep\n|turn|49\n|\n|t:|1628212695\n|switch|p2a: Gliscor|Gliscor, M|84\/100 tox\n|-damage|p2a: Gliscor|72\/100 tox|[from] Stealth Rock\n|move|p1a: Tornadus|U-turn|p2a: Gliscor\n|-resisted|p2a: Gliscor\n|-damage|p2a: Gliscor|66\/100 tox\n|\n|t:|1628212700\n|switch|p1a: Greninja|Greninja, M, shiny|24\/100 tox|[from]move: U-turn\n|\n|-damage|p1a: Greninja|18\/100 tox|[from] psn\n|-heal|p2a: Gliscor|79\/100 tox|[from] ability: Poison Heal\n|upkeep\n|turn|50\n|\n|t:|1628212712\n|switch|p1a: Tornadus|Tornadus-Therian, M|100\/100 tox\n|switch|p2a: Toxapex|Toxapex, M|100\/100\n|-damage|p2a: Toxapex|88\/100|[from] Stealth Rock\n|\n|-damage|p1a: Tornadus|94\/100 tox|[from] psn\n|upkeep\n|turn|51\n|\n|t:|1628212723\n|move|p1a: Tornadus|Hurricane|p2a: Toxapex\n|-damage|p2a: Toxapex|61\/100\n|-start|p2a: Toxapex|confusion\n|-activate|p2a: Toxapex|confusion\n|move|p2a: Toxapex|Toxic Spikes|p1a: Tornadus\n|-sidestart|p1: Mega METABOT|move: Toxic Spikes\n|\n|-damage|p1a: Tornadus|82\/100 tox|[from] psn\n|upkeep\n|turn|52\n|\n|t:|1628212730\n|switch|p2a: Gliscor|Gliscor, M|79\/100 tox\n|-damage|p2a: Gliscor|66\/100 tox|[from] Stealth Rock\n|move|p1a: Tornadus|U-turn|p2a: Gliscor\n|-resisted|p2a: Gliscor\n|-damage|p2a: Gliscor|61\/100 tox\n|\n|t:|1628212742\n|switch|p1a: Slowbro|Slowbro, F|100\/100 tox|[from]move: U-turn\n|\n|-heal|p2a: Gliscor|73\/100 tox|[from] ability: Poison Heal\n|-damage|p1a: Slowbro|94\/100 tox|[from] psn\n|upkeep\n|turn|53\n|\n|t:|1628212748\n|switch|p1a: Tornadus|Tornadus-Therian, M|100\/100 tox\n|move|p2a: Gliscor|Defog|p1a: Tornadus\n|-unboost|p1a: Tornadus|evasion|1\n|-sideend|p1: Mega METABOT|Toxic Spikes|[from] move: Defog|[of] p2a: Gliscor\n|-sideend|p2: EEEEEvolto\u6df1\u6eba|Stealth Rock|[from] move: Defog|[of] p2a: Gliscor\n|\n|-damage|p1a: Tornadus|94\/100 tox|[from] psn\n|-heal|p2a: Gliscor|85\/100 tox|[from] ability: Poison Heal\n|upkeep\n|turn|54\n|c| Meteor_qwq|\u554a\u8fd9\n|\n|t:|1628212760\n|switch|p2a: Toxapex|Toxapex, M|95\/100\n|move|p1a: Tornadus|Hurricane|p2a: Toxapex\n|-damage|p2a: Toxapex|67\/100\n|\n|-damage|p1a: Tornadus|82\/100 tox|[from] psn\n|upkeep\n|turn|55\n|\n|t:|1628212781\n|switch|p1a: Gliscor|Gliscor, F|88\/100 tox\n|move|p2a: Toxapex|Recover|p2a: Toxapex\n|-heal|p2a: Toxapex|100\/100\n|\n|-heal|p1a: Gliscor|99\/100 tox|[from] ability: Poison Heal\n|upkeep\n|turn|56\n|\n|t:|1628212788\n|move|p1a: Gliscor|Stealth Rock|p2a: Toxapex\n|-sidestart|p2: EEEEEvolto\u6df1\u6eba|move: Stealth Rock\n|move|p2a: Toxapex|Toxic Spikes|p1a: Gliscor\n|-sidestart|p1: Mega METABOT|move: Toxic Spikes\n|\n|-heal|p1a: Gliscor|100\/100 tox|[from] ability: Poison Heal\n|upkeep\n|turn|57\n|\n|t:|1628212796\n|switch|p2a: Gliscor|Gliscor, M|85\/100 tox\n|-damage|p2a: Gliscor|73\/100 tox|[from] Stealth Rock\n|move|p1a: Gliscor|U-turn|p2a: Gliscor\n|-resisted|p2a: Gliscor\n|-damage|p2a: Gliscor|67\/100 tox\n|\n|t:|1628212799\n|switch|p1a: Slowbro|Slowbro, F|100\/100 tox|[from]move: U-turn\n|\n|-heal|p2a: Gliscor|80\/100 tox|[from] ability: Poison Heal\n|-damage|p1a: Slowbro|94\/100 tox|[from] psn\n|upkeep\n|turn|58\n|l| Meteor_qwq\n|\n|t:|1628212826\n|switch|p2a: Chansey|Chansey, F|100\/100\n|-damage|p2a: Chansey|88\/100|[from] Stealth Rock\n|move|p1a: Slowbro|Ice Beam|p2a: Chansey\n|-damage|p2a: Chansey|82\/100\n|\n|-heal|p1a: Slowbro|100\/100 tox|[from] item: Leftovers\n|-damage|p1a: Slowbro|88\/100 tox|[from] psn\n|upkeep\n|turn|59\n|j| Meteor_qwq\n|\n|t:|1628212832\n|move|p2a: Chansey|Stealth Rock|p1a: Slowbro\n|-sidestart|p1: Mega METABOT|move: Stealth Rock\n|move|p1a: Slowbro|Toxic|p2a: Chansey\n|-status|p2a: Chansey|tox\n|\n|-heal|p1a: Slowbro|94\/100 tox|[from] item: Leftovers\n|-damage|p2a: Chansey|76\/100 tox|[from] psn\n|-damage|p1a: Slowbro|76\/100 tox|[from] psn\n|upkeep\n|turn|60\n|\n|t:|1628212840\n|switch|p1a: Tornadus|Tornadus-Therian, M|100\/100 tox\n|-damage|p1a: Tornadus|76\/100 tox|[from] Stealth Rock\n|move|p2a: Chansey|Soft-Boiled|p2a: Chansey\n|-heal|p2a: Chansey|100\/100 tox\n|\n|-damage|p1a: Tornadus|69\/100 tox|[from] psn\n|-damage|p2a: Chansey|88\/100 tox|[from] psn\n|upkeep\n|turn|61\n|l| Meteor_qwq\n|\n|t:|1628212846\n|-curestatus|p2a: Chansey|tox|[from] ability: Natural Cure\n|switch|p2a: Toxapex|Toxapex, M|100\/100\n|-damage|p2a: Toxapex|88\/100|[from] Stealth Rock\n|move|p1a: Tornadus|Knock Off|p2a: Toxapex\n|-damage|p2a: Toxapex|77\/100\n|\n|-damage|p1a: Tornadus|57\/100 tox|[from] psn\n|upkeep\n|turn|62\n|\n|t:|1628212854\n|switch|p1a: Slowbro|Slowbro, F|100\/100 tox\n|-damage|p1a: Slowbro|88\/100 tox|[from] Stealth Rock\n|move|p2a: Toxapex|Toxic Spikes|p1a: Slowbro\n|-sidestart|p1: Mega METABOT|move: Toxic Spikes\n|\n|-heal|p1a: Slowbro|94\/100 tox|[from] item: Leftovers\n|-damage|p1a: Slowbro|88\/100 tox|[from] psn\n|upkeep\n|turn|63\n|\n|t:|1628212870\n|switch|p1a: Gliscor|Gliscor, F|100\/100 tox\n|-damage|p1a: Gliscor|88\/100 tox|[from] Stealth Rock\n|move|p2a: Toxapex|Recover|p2a: Toxapex\n|-heal|p2a: Toxapex|100\/100\n|\n|-heal|p1a: Gliscor|100\/100 tox|[from] ability: Poison Heal\n|upkeep\n|turn|64\n|\n|t:|1628212877\n|move|p1a: Gliscor|Defog|p2a: Toxapex\n|-unboost|p2a: Toxapex|evasion|1\n|-sideend|p2: EEEEEvolto\u6df1\u6eba|Stealth Rock|[from] move: Defog|[of] p1a: Gliscor\n|-sideend|p1: Mega METABOT|Toxic Spikes|[from] move: Defog|[of] p1a: Gliscor\n|-sideend|p1: Mega METABOT|Stealth Rock|[from] move: Defog|[of] p1a: Gliscor\n|move|p2a: Toxapex|Scald|p1a: Gliscor\n|-supereffective|p1a: Gliscor\n|-damage|p1a: Gliscor|63\/100 tox\n|\n|-heal|p1a: Gliscor|75\/100 tox|[from] ability: Poison Heal\n|upkeep\n|turn|65\n|\n|t:|1628212886\n|switch|p2a: Skarmory|Skarmory, M|94\/100\n|move|p1a: Gliscor|Stealth Rock|p2a: Skarmory\n|-sidestart|p2: EEEEEvolto\u6df1\u6eba|move: Stealth Rock\n|\n|-heal|p1a: Gliscor|88\/100 tox|[from] ability: Poison Heal\n|upkeep\n|turn|66\n|\n|t:|1628212916\n|move|p1a: Gliscor|Stealth Rock||[still]\n|-fail|p1a: Gliscor\n|move|p2a: Skarmory|Spikes|p1a: Gliscor\n|-sidestart|p1: Mega METABOT|Spikes\n|\n|-heal|p1a: Gliscor|99\/100 tox|[from] ability: Poison Heal\n|upkeep\n|turn|67\n|c|\u2606EEEEEvolto\u6df1\u6eba|I am just trying my team which I will use for tournament\n|\n|t:|1628212927\n|move|p1a: Gliscor|Defog|p2a: Skarmory\n|-unboost|p2a: Skarmory|evasion|1\n|-sideend|p2: EEEEEvolto\u6df1\u6eba|Stealth Rock|[from] move: Defog|[of] p1a: Gliscor\n|-sideend|p1: Mega METABOT|Spikes|[from] move: Defog|[of] p1a: Gliscor\n|move|p2a: Skarmory|Spikes|p1a: Gliscor\n|-sidestart|p1: Mega METABOT|Spikes\n|\n|-heal|p1a: Gliscor|100\/100 tox|[from] ability: Poison Heal\n|upkeep\n|turn|68\n|c|\u2606Mega METABOT|item skarmory ?\n|c|\u2606Mega METABOT|dont remember name\n|j| sgaah\n|c|\u2606Mega METABOT|of the item\n|inactive|Mega METABOT has 120 seconds left.\n|\n|t:|1628212957\n|move|p1a: Gliscor|Stealth Rock|p2a: Skarmory\n|-sidestart|p2: EEEEEvolto\u6df1\u6eba|move: Stealth Rock\n|move|p2a: Skarmory|Spikes|p1a: Gliscor\n|-sidestart|p1: Mega METABOT|Spikes\n|\n|upkeep\n|turn|69\n|c|\u2606EEEEEvolto\u6df1\u6eba|Shed Shell\n|\n|t:|1628212983\n|move|p1a: Gliscor|U-turn|p2a: Skarmory\n|-resisted|p2a: Skarmory\n|-damage|p2a: Skarmory|92\/100\n|inactive|Mega METABOT has 120 seconds left.\n|\n|t:|1628212999\n|switch|p1a: Tornadus|Tornadus-Therian, M|91\/100 tox|[from]move: U-turn\n|move|p2a: Skarmory|Spikes|p1a: Tornadus\n|-sidestart|p1: Mega METABOT|Spikes\n|\n|-damage|p1a: Tornadus|84\/100 tox|[from] psn\n|upkeep\n|turn|70\n|\n|t:|1628213002\n|switch|p2a: Toxapex|Toxapex, M|100\/100\n|-damage|p2a: Toxapex|88\/100|[from] Stealth Rock\n|move|p1a: Tornadus|U-turn|p2a: Toxapex\n|-resisted|p2a: Toxapex\n|-damage|p2a: Toxapex|83\/100\n|\n|t:|1628213008\n|switch|p1a: Gliscor|Gliscor, F|100\/100 tox|[from]move: U-turn\n|\n|upkeep\n|turn|71\n|\n|t:|1628213012\n|move|p1a: Gliscor|Defog|p2a: Toxapex\n|-unboost|p2a: Toxapex|evasion|1\n|-sideend|p2: EEEEEvolto\u6df1\u6eba|Stealth Rock|[from] move: Defog|[of] p1a: Gliscor\n|-sideend|p1: Mega METABOT|Spikes|[from] move: Defog|[of] p1a: Gliscor\n|move|p2a: Toxapex|Toxic Spikes|p1a: Gliscor\n|-sidestart|p1: Mega METABOT|move: Toxic Spikes\n|\n|upkeep\n|turn|72\n|\n|t:|1628213018\n|switch|p2a: Gliscor|Gliscor, M|80\/100 tox\n|move|p1a: Gliscor|Stealth Rock|p2a: Gliscor\n|-sidestart|p2: EEEEEvolto\u6df1\u6eba|move: Stealth Rock\n|\n|-heal|p2a: Gliscor|92\/100 tox|[from] ability: Poison Heal\n|upkeep\n|turn|73\n|\n|t:|1628213023\n|switch|p1a: Slowbro|Slowbro, F|100\/100 tox\n|move|p2a: Gliscor|Defog|p1a: Slowbro\n|-unboost|p1a: Slowbro|evasion|1\n|-sideend|p1: Mega METABOT|Toxic Spikes|[from] move: Defog|[of] p2a: Gliscor\n|-sideend|p2: EEEEEvolto\u6df1\u6eba|Stealth Rock|[from] move: Defog|[of] p2a: Gliscor\n|\n|-heal|p2a: Gliscor|100\/100 tox|[from] ability: Poison Heal\n|-damage|p1a: Slowbro|94\/100 tox|[from] psn\n|upkeep\n|turn|74\n|\n|t:|1628213029\n|switch|p2a: Chansey|Chansey, F|88\/100\n|move|p1a: Slowbro|Toxic|p2a: Chansey\n|-status|p2a: Chansey|tox\n|\n|-heal|p1a: Slowbro|100\/100 tox|[from] item: Leftovers\n|-damage|p2a: Chansey|82\/100 tox|[from] psn\n|-damage|p1a: Slowbro|88\/100 tox|[from] psn\n|upkeep\n|turn|75\n|\n|t:|1628213034\n|switch|p1a: Tornadus|Tornadus-Therian, M|100\/100 tox\n|move|p2a: Chansey|Stealth Rock|p1a: Tornadus\n|-sidestart|p1: Mega METABOT|move: Stealth Rock\n|\n|-damage|p1a: Tornadus|94\/100 tox|[from] psn\n|-damage|p2a: Chansey|70\/100 tox|[from] psn\n|upkeep\n|turn|76\n|\n|t:|1628213039\n|-curestatus|p2a: Chansey|tox|[from] ability: Natural Cure\n|switch|p2a: Toxapex|Toxapex, M|100\/100\n|move|p1a: Tornadus|U-turn|p2a: Toxapex\n|-resisted|p2a: Toxapex\n|-crit|p2a: Toxapex\n|-damage|p2a: Toxapex|92\/100\n|\n|t:|1628213048\n|switch|p1a: Gliscor|Gliscor, F|100\/100 tox|[from]move: U-turn\n|-damage|p1a: Gliscor|88\/100 tox|[from] Stealth Rock\n|\n|-heal|p1a: Gliscor|100\/100 tox|[from] ability: Poison Heal\n|upkeep\n|turn|77\n|\n|t:|1628213055\n|switch|p2a: Chansey|Chansey, F|70\/100\n|move|p1a: Gliscor|Defog|p2a: Chansey\n|-unboost|p2a: Chansey|evasion|1\n|-sideend|p1: Mega METABOT|Stealth Rock|[from] move: Defog|[of] p1a: Gliscor\n|\n|upkeep\n|turn|78\n|\n|t:|1628213060\n|move|p1a: Gliscor|Stealth Rock|p2a: Chansey\n|-sidestart|p2: EEEEEvolto\u6df1\u6eba|move: Stealth Rock\n|move|p2a: Chansey|Stealth Rock|p1a: Gliscor\n|-sidestart|p1: Mega METABOT|move: Stealth Rock\n|\n|upkeep\n|turn|79\n|\n|t:|1628213065\n|move|p1a: Gliscor|Defog|p2a: Chansey\n|-unboost|p2a: Chansey|evasion|1\n|-sideend|p2: EEEEEvolto\u6df1\u6eba|Stealth Rock|[from] move: Defog|[of] p1a: Gliscor\n|-sideend|p1: Mega METABOT|Stealth Rock|[from] move: Defog|[of] p1a: Gliscor\n|move|p2a: Chansey|Soft-Boiled|p2a: Chansey\n|-heal|p2a: Chansey|100\/100\n|\n|upkeep\n|turn|80\n|\n|t:|1628213068\n|move|p1a: Gliscor|Stealth Rock|p2a: Chansey\n|-sidestart|p2: EEEEEvolto\u6df1\u6eba|move: Stealth Rock\n|move|p2a: Chansey|Stealth Rock|p1a: Gliscor\n|-sidestart|p1: Mega METABOT|move: Stealth Rock\n|\n|upkeep\n|turn|81\n|\n|t:|1628213072\n|move|p1a: Gliscor|Defog|p2a: Chansey\n|-unboost|p2a: Chansey|evasion|1\n|-sideend|p2: EEEEEvolto\u6df1\u6eba|Stealth Rock|[from] move: Defog|[of] p1a: Gliscor\n|-sideend|p1: Mega METABOT|Stealth Rock|[from] move: Defog|[of] p1a: Gliscor\n|move|p2a: Chansey|Seismic Toss|p1a: Gliscor\n|-damage|p1a: Gliscor|72\/100 tox\n|\n|-heal|p1a: Gliscor|85\/100 tox|[from] ability: Poison Heal\n|upkeep\n|turn|82\n|\n|t:|1628213074\n|move|p1a: Gliscor|Stealth Rock|p2a: Chansey\n|-sidestart|p2: EEEEEvolto\u6df1\u6eba|move: Stealth Rock\n|move|p2a: Chansey|Stealth Rock|p1a: Gliscor\n|-sidestart|p1: Mega METABOT|move: Stealth Rock\n|\n|-heal|p1a: Gliscor|97\/100 tox|[from] ability: Poison Heal\n|upkeep\n|turn|83\n|\n|t:|1628213080\n|switch|p1a: Slowbro|Slowbro, F|100\/100 tox\n|-damage|p1a: Slowbro|88\/100 tox|[from] Stealth Rock\n|move|p2a: Chansey|Seismic Toss|p1a: Slowbro\n|-damage|p1a: Slowbro|63\/100 tox\n|\n|-heal|p1a: Slowbro|69\/100 tox|[from] item: Leftovers\n|-damage|p1a: Slowbro|63\/100 tox|[from] psn\n|upkeep\n|turn|84\n|\n|t:|1628213084\n|switch|p2a: Toxapex|Toxapex, M|100\/100\n|-damage|p2a: Toxapex|88\/100|[from] Stealth Rock\n|switch|p1a: Tornadus|Tornadus-Therian, M|100\/100 tox\n|-damage|p1a: Tornadus|76\/100 tox|[from] Stealth Rock\n|\n|-damage|p1a: Tornadus|69\/100 tox|[from] psn\n|upkeep\n|turn|85\n|\n|t:|1628213089\n|switch|p1a: Gliscor|Gliscor, F|97\/100 tox\n|-damage|p1a: Gliscor|85\/100 tox|[from] Stealth Rock\n|move|p2a: Toxapex|Scald|p1a: Gliscor\n|-supereffective|p1a: Gliscor\n|-damage|p1a: Gliscor|40\/100 tox\n|\n|-heal|p1a: Gliscor|52\/100 tox|[from] ability: Poison Heal\n|upkeep\n|turn|86\n|\n|t:|1628213099\n|move|p1a: Gliscor|Roost|p1a: Gliscor\n|-heal|p1a: Gliscor|100\/100 tox\n|-singleturn|p1a: Gliscor|move: Roost\n|move|p2a: Toxapex|Scald|p1a: Gliscor\n|-supereffective|p1a: Gliscor\n|-damage|p1a: Gliscor|60\/100 tox\n|\n|-heal|p1a: Gliscor|72\/100 tox|[from] ability: Poison Heal\n|upkeep\n|turn|87\n|\n|t:|1628213108\n|move|p1a: Gliscor|Defog|p2a: Toxapex\n|-unboost|p2a: Toxapex|evasion|1\n|-sideend|p2: EEEEEvolto\u6df1\u6eba|Stealth Rock|[from] move: Defog|[of] p1a: Gliscor\n|-sideend|p1: Mega METABOT|Stealth Rock|[from] move: Defog|[of] p1a: Gliscor\n|move|p2a: Toxapex|Scald|p1a: Gliscor\n|-supereffective|p1a: Gliscor\n|-damage|p1a: Gliscor|30\/100 tox\n|\n|-heal|p1a: Gliscor|42\/100 tox|[from] ability: Poison Heal\n|upkeep\n|turn|88\n|\n|t:|1628213112\n|switch|p1a: Beedrill|Beedrill-Mega, M|64\/100\n|switch|p2a: Chansey|Chansey, F|100\/100\n|\n|upkeep\n|turn|89\n|\n|t:|1628213117\n|switch|p2a: Gliscor|Gliscor, M|100\/100 tox\n|move|p1a: Beedrill|U-turn|p2a: Gliscor\n|-resisted|p2a: Gliscor\n|-damage|p2a: Gliscor|77\/100 tox\n|\n|t:|1628213124\n|switch|p1a: Slowbro|Slowbro, F|96\/100 tox|[from]move: U-turn\n|\n|-heal|p1a: Slowbro|100\/100 tox|[from] item: Leftovers\n|-heal|p2a: Gliscor|89\/100 tox|[from] ability: Poison Heal\n|-damage|p1a: Slowbro|94\/100 tox|[from] psn\n|upkeep\n|turn|90\n|\n|t:|1628213137\n|switch|p2a: Chansey|Chansey, F|100\/100\n|switch|p1a: Gliscor|Gliscor, F|42\/100 tox\n|\n|-heal|p1a: Gliscor|55\/100 tox|[from] ability: Poison Heal\n|upkeep\n|turn|91\n|\n|t:|1628213140\n|move|p1a: Gliscor|Roost|p1a: Gliscor\n|-heal|p1a: Gliscor|100\/100 tox\n|-singleturn|p1a: Gliscor|move: Roost\n|move|p2a: Chansey|Stealth Rock|p1a: Gliscor\n|-sidestart|p1: Mega METABOT|move: Stealth Rock\n|\n|upkeep\n|turn|92\n|\n|t:|1628213146\n|move|p1a: Gliscor|Stealth Rock|p2a: Chansey\n|-sidestart|p2: EEEEEvolto\u6df1\u6eba|move: Stealth Rock\n|move|p2a: Chansey|Seismic Toss|p1a: Gliscor\n|-damage|p1a: Gliscor|72\/100 tox\n|\n|-heal|p1a: Gliscor|85\/100 tox|[from] ability: Poison Heal\n|upkeep\n|turn|93\n|\n|t:|1628213154\n|move|p1a: Gliscor|Stealth Rock||[still]\n|-fail|p1a: Gliscor\n|move|p2a: Chansey|Seismic Toss|p1a: Gliscor\n|-damage|p1a: Gliscor|56\/100 tox\n|\n|-heal|p1a: Gliscor|69\/100 tox|[from] ability: Poison Heal\n|upkeep\n|turn|94\n|\n|t:|1628213157\n|move|p1a: Gliscor|Stealth Rock||[still]\n|-fail|p1a: Gliscor\n|move|p2a: Chansey|Seismic Toss|p1a: Gliscor\n|-damage|p1a: Gliscor|41\/100 tox\n|\n|-heal|p1a: Gliscor|53\/100 tox|[from] ability: Poison Heal\n|upkeep\n|turn|95\n|\n|t:|1628213160\n|move|p1a: Gliscor|Roost|p1a: Gliscor\n|-heal|p1a: Gliscor|100\/100 tox\n|-singleturn|p1a: Gliscor|move: Roost\n|move|p2a: Chansey|Seismic Toss|p1a: Gliscor\n|-damage|p1a: Gliscor|72\/100 tox\n|\n|-heal|p1a: Gliscor|85\/100 tox|[from] ability: Poison Heal\n|upkeep\n|turn|96\n|\n|t:|1628213169\n|switch|p2a: Skarmory|Skarmory, M|92\/100\n|-damage|p2a: Skarmory|79\/100|[from] Stealth Rock\n|move|p1a: Gliscor|U-turn|p2a: Skarmory\n|-resisted|p2a: Skarmory\n|-damage|p2a: Skarmory|77\/100\n|\n|t:|1628213178\n|switch|p1a: Tornadus|Tornadus-Therian, M|100\/100 tox|[from]move: U-turn\n|-damage|p1a: Tornadus|76\/100 tox|[from] Stealth Rock\n|\n|-damage|p1a: Tornadus|69\/100 tox|[from] psn\n|upkeep\n|turn|97\n|\n|t:|1628213182\n|switch|p2a: Chansey|Chansey, F|100\/100\n|-damage|p2a: Chansey|88\/100|[from] Stealth Rock\n|move|p1a: Tornadus|Knock Off|p2a: Chansey\n|-damage|p2a: Chansey|76\/100\n|-enditem|p2a: Chansey|Eviolite|[from] move: Knock Off|[of] p1a: Tornadus\n|\n|-damage|p1a: Tornadus|57\/100 tox|[from] psn\n|upkeep\n|turn|98\n|\n|t:|1628213190\n|move|p1a: Tornadus|U-turn|p2a: Chansey\n|-damage|p2a: Chansey|62\/100\n|\n|t:|1628213193\n|switch|p1a: Slowbro|Slowbro, F|100\/100 tox|[from]move: U-turn\n|-damage|p1a: Slowbro|88\/100 tox|[from] Stealth Rock\n|move|p2a: Chansey|Seismic Toss|p1a: Slowbro\n|-damage|p1a: Slowbro|63\/100 tox\n|\n|-heal|p1a: Slowbro|69\/100 tox|[from] item: Leftovers\n|-damage|p1a: Slowbro|63\/100 tox|[from] psn\n|upkeep\n|turn|99\n|\n|t:|1628213213\n|switch|p2a: Skarmory|Skarmory, M|77\/100\n|-damage|p2a: Skarmory|65\/100|[from] Stealth Rock\n|switch|p1a: Gliscor|Gliscor, F|85\/100 tox\n|-damage|p1a: Gliscor|72\/100 tox|[from] Stealth Rock\n|\n|-heal|p1a: Gliscor|85\/100 tox|[from] ability: Poison Heal\n|upkeep\n|turn|100\n|\n|t:|1628213217\n|move|p1a: Gliscor|U-turn|p2a: Skarmory\n|-resisted|p2a: Skarmory\n|-damage|p2a: Skarmory|63\/100\n|\n|t:|1628213222\n|switch|p1a: Tornadus|Tornadus-Therian, M|91\/100 tox|[from]move: U-turn\n|-damage|p1a: Tornadus|66\/100 tox|[from] Stealth Rock\n|move|p2a: Skarmory|Spikes|p1a: Tornadus\n|-sidestart|p1: Mega METABOT|Spikes\n|\n|-damage|p1a: Tornadus|60\/100 tox|[from] psn\n|upkeep\n|turn|101\n|\n|t:|1628213227\n|switch|p2a: Toxapex|Toxapex, M|100\/100\n|-damage|p2a: Toxapex|88\/100|[from] Stealth Rock\n|move|p1a: Tornadus|Knock Off|p2a: Toxapex\n|-damage|p2a: Toxapex|78\/100\n|\n|-damage|p1a: Tornadus|47\/100 tox|[from] psn\n|upkeep\n|turn|102\n|\n|t:|1628213238\n|move|p1a: Tornadus|U-turn|p2a: Toxapex\n|-resisted|p2a: Toxapex\n|-damage|p2a: Toxapex|72\/100\n|\n|t:|1628213242\n|switch|p1a: Magnezone|Magnezone|94\/100|[from]move: U-turn\n|-damage|p1a: Magnezone|82\/100|[from] Spikes\n|-damage|p1a: Magnezone|76\/100|[from] Stealth Rock\n|move|p2a: Toxapex|Scald|p1a: Magnezone\n|-damage|p1a: Magnezone|56\/100\n|\n|upkeep\n|turn|103\n|\n|t:|1628213250\n|switch|p2a: Gliscor|Gliscor, M|89\/100 tox\n|-damage|p2a: Gliscor|77\/100 tox|[from] Stealth Rock\n|move|p1a: Magnezone|Volt Switch|p2a: Gliscor\n|-immune|p2a: Gliscor\n|\n|-heal|p2a: Gliscor|89\/100 tox|[from] ability: Poison Heal\n|upkeep\n|turn|104\n|\n|t:|1628213256\n|switch|p1a: Gliscor|Gliscor, F|85\/100 tox\n|-damage|p1a: Gliscor|72\/100 tox|[from] Stealth Rock\n|move|p2a: Gliscor|Earthquake|p1a: Gliscor\n|-immune|p1a: Gliscor\n|\n|-heal|p2a: Gliscor|100\/100 tox|[from] ability: Poison Heal\n|-heal|p1a: Gliscor|85\/100 tox|[from] ability: Poison Heal\n|upkeep\n|turn|105\n|\n|t:|1628213264\n|move|p2a: Gliscor|Defog|p1a: Gliscor\n|-unboost|p1a: Gliscor|evasion|1\n|-sideend|p1: Mega METABOT|Spikes|[from] move: Defog|[of] p2a: Gliscor\n|-sideend|p1: Mega METABOT|Stealth Rock|[from] move: Defog|[of] p2a: Gliscor\n|-sideend|p2: EEEEEvolto\u6df1\u6eba|Stealth Rock|[from] move: Defog|[of] p2a: Gliscor\n|move|p1a: Gliscor|Defog|p2a: Gliscor\n|-unboost|p2a: Gliscor|evasion|1\n|\n|-heal|p1a: Gliscor|97\/100 tox|[from] ability: Poison Heal\n|upkeep\n|turn|106\n|\n|t:|1628213273\n|switch|p2a: Chansey|Chansey, F|62\/100\n|move|p1a: Gliscor|U-turn|p2a: Chansey\n|-crit|p2a: Chansey\n|-damage|p2a: Chansey|39\/100\n|\n|t:|1628213279\n|switch|p1a: Beedrill|Beedrill-Mega, M|64\/100|[from]move: U-turn\n|\n|upkeep\n|turn|107\n|\n|t:|1628213283\n|switch|p2a: Skarmory|Skarmory, M|63\/100\n|move|p1a: Beedrill|U-turn|p2a: Skarmory\n|-resisted|p2a: Skarmory\n|-damage|p2a: Skarmory|55\/100\n|\n|t:|1628213289\n|switch|p1a: Tornadus|Tornadus-Therian, M|81\/100 tox|[from]move: U-turn\n|\n|-damage|p1a: Tornadus|74\/100 tox|[from] psn\n|upkeep\n|turn|108\n|\n|t:|1628213291\n|switch|p2a: Chansey|Chansey, F|39\/100\n|move|p1a: Tornadus|Knock Off|p2a: Chansey\n|-damage|p2a: Chansey|26\/100\n|\n|-damage|p1a: Tornadus|62\/100 tox|[from] psn\n|upkeep\n|turn|109\n|\n|t:|1628213300\n|move|p1a: Tornadus|U-turn|p2a: Chansey\n|-damage|p2a: Chansey|13\/100\n|\n|t:|1628213304\n|switch|p1a: Beedrill|Beedrill-Mega, M|64\/100|[from]move: U-turn\n|move|p2a: Chansey|Soft-Boiled|p2a: Chansey\n|-heal|p2a: Chansey|63\/100\n|\n|upkeep\n|turn|110\n|l| sgaah\n|\n|t:|1628213309\n|switch|p2a: Skarmory|Skarmory, M|55\/100\n|move|p1a: Beedrill|U-turn|p2a: Skarmory\n|-resisted|p2a: Skarmory\n|-damage|p2a: Skarmory|48\/100\n|\n|t:|1628213315\n|switch|p1a: Magnezone|Magnezone|56\/100|[from]move: U-turn\n|\n|upkeep\n|turn|111\n|\n|t:|1628213324\n|switch|p2a: Gliscor|Gliscor, M|100\/100 tox\n|move|p1a: Magnezone|Flash Cannon|p2a: Gliscor\n|-damage|p2a: Gliscor|58\/100 tox\n|\n|-heal|p2a: Gliscor|70\/100 tox|[from] ability: Poison Heal\n|upkeep\n|turn|112\n|\n|t:|1628213331\n|switch|p1a: Slowbro|Slowbro, F|96\/100 tox\n|move|p2a: Gliscor|Toxic|p1a: Slowbro\n|-fail|p1a: Slowbro|tox\n|\n|-heal|p1a: Slowbro|100\/100 tox|[from] item: Leftovers\n|-heal|p2a: Gliscor|83\/100 tox|[from] ability: Poison Heal\n|-damage|p1a: Slowbro|94\/100 tox|[from] psn\n|upkeep\n|turn|113\n|\n|t:|1628213338\n|switch|p2a: Chansey|Chansey, F|63\/100\n|move|p1a: Slowbro|Toxic|p2a: Chansey\n|-status|p2a: Chansey|tox\n|\n|-heal|p1a: Slowbro|100\/100 tox|[from] item: Leftovers\n|-damage|p2a: Chansey|57\/100 tox|[from] psn\n|-damage|p1a: Slowbro|88\/100 tox|[from] psn\n|upkeep\n|turn|114\n|j| atkg2\n|\n|t:|1628213342\n|switch|p1a: Beedrill|Beedrill-Mega, M|64\/100\n|move|p2a: Chansey|Soft-Boiled|p2a: Chansey\n|-heal|p2a: Chansey|100\/100 tox\n|\n|-damage|p2a: Chansey|88\/100 tox|[from] psn\n|upkeep\n|turn|115\n|\n|t:|1628213346\n|-curestatus|p2a: Chansey|tox|[from] ability: Natural Cure\n|switch|p2a: Skarmory|Skarmory, M|48\/100\n|move|p1a: Beedrill|U-turn|p2a: Skarmory\n|-resisted|p2a: Skarmory\n|-damage|p2a: Skarmory|40\/100\n|\n|t:|1628213360\n|switch|p1a: Tornadus|Tornadus-Therian, M|96\/100 tox|[from]move: U-turn\n|\n|-damage|p1a: Tornadus|89\/100 tox|[from] psn\n|upkeep\n|turn|116\n|\n|t:|1628213365\n|switch|p2a: Chansey|Chansey, F|88\/100\n|move|p1a: Tornadus|Knock Off|p2a: Chansey\n|-damage|p2a: Chansey|75\/100\n|\n|-damage|p1a: Tornadus|77\/100 tox|[from] psn\n|upkeep\n|turn|117\n|\n|t:|1628213368\n|move|p1a: Tornadus|U-turn|p2a: Chansey\n|-damage|p2a: Chansey|61\/100\n|\n|t:|1628213372\n|switch|p1a: Gliscor|Gliscor, F|97\/100 tox|[from]move: U-turn\n|move|p2a: Chansey|Stealth Rock|p1a: Gliscor\n|-sidestart|p1: Mega METABOT|move: Stealth Rock\n|\n|-heal|p1a: Gliscor|100\/100 tox|[from] ability: Poison Heal\n|upkeep\n|turn|118\n|\n|t:|1628213375\n|move|p1a: Gliscor|U-turn|p2a: Chansey\n|-damage|p2a: Chansey|47\/100\n|\n|t:|1628213377\n|switch|p1a: Slowbro|Slowbro, F|100\/100 tox|[from]move: U-turn\n|-damage|p1a: Slowbro|88\/100 tox|[from] Stealth Rock\n|move|p2a: Chansey|Soft-Boiled|p2a: Chansey\n|-heal|p2a: Chansey|97\/100\n|\n|-heal|p1a: Slowbro|94\/100 tox|[from] item: Leftovers\n|-damage|p1a: Slowbro|88\/100 tox|[from] psn\n|upkeep\n|turn|119\n|\n|t:|1628213383\n|switch|p2a: Toxapex|Toxapex, M|100\/100\n|move|p1a: Slowbro|Toxic|p2a: Toxapex\n|-immune|p2a: Toxapex\n|\n|-heal|p1a: Slowbro|94\/100 tox|[from] item: Leftovers\n|-damage|p1a: Slowbro|82\/100 tox|[from] psn\n|upkeep\n|turn|120\n|\n|t:|1628213390\n|switch|p1a: Gliscor|Gliscor, F|100\/100 tox\n|-damage|p1a: Gliscor|88\/100 tox|[from] Stealth Rock\n|move|p2a: Toxapex|Scald|p1a: Gliscor\n|-supereffective|p1a: Gliscor\n|-damage|p1a: Gliscor|45\/100 tox\n|\n|-heal|p1a: Gliscor|58\/100 tox|[from] ability: Poison Heal\n|upkeep\n|turn|121\n|\n|t:|1628213394\n|move|p1a: Gliscor|Roost|p1a: Gliscor\n|-heal|p1a: Gliscor|100\/100 tox\n|-singleturn|p1a: Gliscor|move: Roost\n|move|p2a: Toxapex|Scald|p1a: Gliscor\n|-supereffective|p1a: Gliscor\n|-damage|p1a: Gliscor|58\/100 tox\n|\n|-heal|p1a: Gliscor|70\/100 tox|[from] ability: Poison Heal\n|upkeep\n|turn|122\n|\n|t:|1628213406\n|move|p1a: Gliscor|Defog|p2a: Toxapex\n|-unboost|p2a: Toxapex|evasion|1\n|-sideend|p1: Mega METABOT|Stealth Rock|[from] move: Defog|[of] p1a: Gliscor\n|move|p2a: Toxapex|Scald|p1a: Gliscor\n|-supereffective|p1a: Gliscor\n|-damage|p1a: Gliscor|27\/100 tox\n|\n|-heal|p1a: Gliscor|39\/100 tox|[from] ability: Poison Heal\n|upkeep\n|turn|123\n|\n|t:|1628213409\n|switch|p2a: Chansey|Chansey, F|97\/100\n|move|p1a: Gliscor|Roost|p1a: Gliscor\n|-heal|p1a: Gliscor|89\/100 tox\n|-singleturn|p1a: Gliscor|move: Roost\n|\n|-heal|p1a: Gliscor|100\/100 tox|[from] ability: Poison Heal\n|upkeep\n|turn|124\n|\n|t:|1628213415\n|move|p1a: Gliscor|U-turn|p2a: Chansey\n|-damage|p2a: Chansey|81\/100\n|\n|t:|1628213417\n|switch|p1a: Beedrill|Beedrill-Mega, M|64\/100|[from]move: U-turn\n|move|p2a: Chansey|Stealth Rock|p1a: Beedrill\n|-sidestart|p1: Mega METABOT|move: Stealth Rock\n|\n|upkeep\n|turn|125\n|\n|t:|1628213422\n|switch|p2a: Toxapex|Toxapex, M|100\/100\n|move|p1a: Beedrill|U-turn|p2a: Toxapex\n|-resisted|p2a: Toxapex\n|-damage|p2a: Toxapex|81\/100\n|\n|t:|1628213438\n|switch|p1a: Magnezone|Magnezone|56\/100|[from]move: U-turn\n|-damage|p1a: Magnezone|50\/100|[from] Stealth Rock\n|\n|upkeep\n|turn|126\n|\n|t:|1628213442\n|move|p1a: Magnezone|Volt Switch|p2a: Toxapex\n|-supereffective|p2a: Toxapex\n|-damage|p2a: Toxapex|34\/100\n|\n|t:|1628213456\n|switch|p1a: Gliscor|Gliscor, F|100\/100 tox|[from]move: Volt Switch\n|-damage|p1a: Gliscor|88\/100 tox|[from] Stealth Rock\n|move|p2a: Toxapex|Scald|p1a: Gliscor\n|-supereffective|p1a: Gliscor\n|-damage|p1a: Gliscor|47\/100 tox\n|\n|-heal|p1a: Gliscor|60\/100 tox|[from] ability: Poison Heal\n|upkeep\n|turn|127\n|\n|t:|1628213461\n|switch|p2a: Skarmory|Skarmory, M|40\/100\n|move|p1a: Gliscor|U-turn|p2a: Skarmory\n|-resisted|p2a: Skarmory\n|-damage|p2a: Skarmory|38\/100\n|\n|t:|1628213474\n|switch|p1a: Tornadus|Tornadus-Therian, M|100\/100 tox|[from]move: U-turn\n|-damage|p1a: Tornadus|76\/100 tox|[from] Stealth Rock\n|\n|-damage|p1a: Tornadus|69\/100 tox|[from] psn\n|upkeep\n|turn|128\n|\n|t:|1628213479\n|switch|p2a: Chansey|Chansey, F|81\/100\n|move|p1a: Tornadus|Knock Off|p2a: Chansey\n|-damage|p2a: Chansey|67\/100\n|\n|-damage|p1a: Tornadus|57\/100 tox|[from] psn\n|upkeep\n|turn|129\n|\n|t:|1628213485\n|move|p1a: Tornadus|U-turn|p2a: Chansey\n|-damage|p2a: Chansey|53\/100\n|\n|t:|1628213490\n|switch|p1a: Gliscor|Gliscor, F|60\/100 tox|[from]move: U-turn\n|-damage|p1a: Gliscor|47\/100 tox|[from] Stealth Rock\n|move|p2a: Chansey|Seismic Toss|p1a: Gliscor\n|-damage|p1a: Gliscor|19\/100 tox\n|\n|-heal|p1a: Gliscor|32\/100 tox|[from] ability: Poison Heal\n|upkeep\n|turn|130\n|\n|t:|1628213493\n|move|p1a: Gliscor|Roost|p1a: Gliscor\n|-heal|p1a: Gliscor|82\/100 tox\n|-singleturn|p1a: Gliscor|move: Roost\n|move|p2a: Chansey|Soft-Boiled|p2a: Chansey\n|-heal|p2a: Chansey|100\/100\n|\n|-heal|p1a: Gliscor|94\/100 tox|[from] ability: Poison Heal\n|upkeep\n|turn|131\n|\n|t:|1628213495\n|move|p1a: Gliscor|U-turn|p2a: Chansey\n|-damage|p2a: Chansey|86\/100\n|\n|t:|1628213512\n|switch|p1a: Slowbro|Slowbro, F|100\/100 tox|[from]move: U-turn\n|-damage|p1a: Slowbro|88\/100 tox|[from] Stealth Rock\n|move|p2a: Chansey|Seismic Toss|p1a: Slowbro\n|-damage|p1a: Slowbro|63\/100 tox\n|\n|-heal|p1a: Slowbro|69\/100 tox|[from] item: Leftovers\n|-damage|p1a: Slowbro|63\/100 tox|[from] psn\n|upkeep\n|turn|132\n|\n|t:|1628213517\n|switch|p2a: Skarmory|Skarmory, M|38\/100\n|switch|p1a: Tornadus|Tornadus-Therian, M|91\/100 tox\n|-damage|p1a: Tornadus|66\/100 tox|[from] Stealth Rock\n|\n|-damage|p1a: Tornadus|60\/100 tox|[from] psn\n|upkeep\n|turn|133\n|\n|t:|1628213525\n|switch|p2a: Gliscor|Gliscor, M|83\/100 tox\n|move|p1a: Tornadus|Knock Off|p2a: Gliscor\n|-damage|p2a: Gliscor|71\/100 tox\n|\n|-damage|p1a: Tornadus|47\/100 tox|[from] psn\n|-heal|p2a: Gliscor|84\/100 tox|[from] ability: Poison Heal\n|upkeep\n|turn|134\n|\n|t:|1628213531\n|move|p1a: Tornadus|U-turn|p2a: Gliscor\n|-resisted|p2a: Gliscor\n|-damage|p2a: Gliscor|78\/100 tox\n|\n|t:|1628213534\n|switch|p1a: Gliscor|Gliscor, F|94\/100 tox|[from]move: U-turn\n|-damage|p1a: Gliscor|82\/100 tox|[from] Stealth Rock\n|move|p2a: Gliscor|Roost|p2a: Gliscor\n|-heal|p2a: Gliscor|100\/100 tox\n|-singleturn|p2a: Gliscor|move: Roost\n|\n|-heal|p1a: Gliscor|94\/100 tox|[from] ability: Poison Heal\n|upkeep\n|turn|135\n|\n|t:|1628213538\n|switch|p2a: Skarmory|Skarmory, M|38\/100\n|move|p1a: Gliscor|U-turn|p2a: Skarmory\n|-resisted|p2a: Skarmory\n|-damage|p2a: Skarmory|36\/100\n|\n|t:|1628213545\n|switch|p1a: Tornadus|Tornadus-Therian, M|81\/100 tox|[from]move: U-turn\n|-damage|p1a: Tornadus|56\/100 tox|[from] Stealth Rock\n|\n|-damage|p1a: Tornadus|50\/100 tox|[from] psn\n|upkeep\n|turn|136\n|\n|t:|1628213552\n|switch|p2a: Chansey|Chansey, F|86\/100\n|move|p1a: Tornadus|Knock Off|p2a: Chansey\n|-damage|p2a: Chansey|74\/100\n|\n|-damage|p1a: Tornadus|37\/100 tox|[from] psn\n|upkeep\n|turn|137\n|n| atkg2|atkg2\n|\n|t:|1628213556\n|move|p1a: Tornadus|U-turn|p2a: Chansey\n|-damage|p2a: Chansey|59\/100\n|l| atkg2\n|\n|t:|1628213564\n|switch|p1a: Slowbro|Slowbro, F|96\/100 tox|[from]move: U-turn\n|-damage|p1a: Slowbro|83\/100 tox|[from] Stealth Rock\n|move|p2a: Chansey|Seismic Toss|p1a: Slowbro\n|-damage|p1a: Slowbro|58\/100 tox\n|\n|-heal|p1a: Slowbro|64\/100 tox|[from] item: Leftovers\n|-damage|p1a: Slowbro|58\/100 tox|[from] psn\n|upkeep\n|turn|138\n|\n|t:|1628213571\n|switch|p1a: Tornadus|Tornadus-Therian, M|71\/100 tox\n|-damage|p1a: Tornadus|46\/100 tox|[from] Stealth Rock\n|move|p2a: Chansey|Soft-Boiled|p2a: Chansey\n|-heal|p2a: Chansey|100\/100\n|\n|-damage|p1a: Tornadus|40\/100 tox|[from] psn\n|upkeep\n|turn|139\n|\n|t:|1628213574\n|move|p1a: Tornadus|U-turn|p2a: Chansey\n|-damage|p2a: Chansey|87\/100\n|\n|t:|1628213576\n|switch|p1a: Slowbro|Slowbro, F|91\/100 tox|[from]move: U-turn\n|-damage|p1a: Slowbro|79\/100 tox|[from] Stealth Rock\n|move|p2a: Chansey|Seismic Toss|p1a: Slowbro\n|-damage|p1a: Slowbro|54\/100 tox\n|\n|-heal|p1a: Slowbro|60\/100 tox|[from] item: Leftovers\n|-damage|p1a: Slowbro|54\/100 tox|[from] psn\n|upkeep\n|turn|140\n|\n|t:|1628213580\n|switch|p2a: Skarmory|Skarmory, M|36\/100\n|move|p1a: Slowbro|Toxic|p2a: Skarmory\n|-immune|p2a: Skarmory\n|\n|-heal|p1a: Slowbro|60\/100 tox|[from] item: Leftovers\n|-damage|p1a: Slowbro|47\/100 tox|[from] psn\n|upkeep\n|turn|141\n|\n|t:|1628213583\n|move|p2a: Skarmory|Roost|p2a: Skarmory\n|-heal|p2a: Skarmory|86\/100\n|-singleturn|p2a: Skarmory|move: Roost\n|move|p1a: Slowbro|Scald|p2a: Skarmory\n|-damage|p2a: Skarmory|50\/100\n|\n|-heal|p1a: Slowbro|54\/100 tox|[from] item: Leftovers\n|-damage|p1a: Slowbro|35\/100 tox|[from] psn\n|upkeep\n|turn|142\n|\n|t:|1628213586\n|move|p2a: Skarmory|Roost|p2a: Skarmory\n|-heal|p2a: Skarmory|99\/100\n|-singleturn|p2a: Skarmory|move: Roost\n|move|p1a: Slowbro|Scald|p2a: Skarmory\n|-damage|p2a: Skarmory|60\/100\n|-status|p2a: Skarmory|brn\n|\n|-heal|p1a: Slowbro|41\/100 tox|[from] item: Leftovers\n|-damage|p1a: Slowbro|17\/100 tox|[from] psn\n|-damage|p2a: Skarmory|54\/100 brn|[from] brn\n|upkeep\n|turn|143\n|\n|t:|1628213593\n|switch|p1a: Tornadus|Tornadus-Therian, M|73\/100 tox\n|-damage|p1a: Tornadus|48\/100 tox|[from] Stealth Rock\n|move|p2a: Skarmory|Roost|p2a: Skarmory\n|-heal|p2a: Skarmory|100\/100 brn\n|-singleturn|p2a: Skarmory|move: Roost\n|\n|-damage|p1a: Tornadus|42\/100 tox|[from] psn\n|-damage|p2a: Skarmory|94\/100 brn|[from] brn\n|upkeep\n|turn|144\n|\n|t:|1628213598\n|switch|p1a: Gliscor|Gliscor, F|94\/100 tox\n|-damage|p1a: Gliscor|82\/100 tox|[from] Stealth Rock\n|switch|p2a: Chansey|Chansey, F|87\/100\n|\n|-heal|p1a: Gliscor|94\/100 tox|[from] ability: Poison Heal\n|upkeep\n|turn|145\n|\n|t:|1628213603\n|move|p1a: Gliscor|Defog|p2a: Chansey\n|-unboost|p2a: Chansey|evasion|1\n|-sideend|p1: Mega METABOT|Stealth Rock|[from] move: Defog|[of] p1a: Gliscor\n|move|p2a: Chansey|Stealth Rock|p1a: Gliscor\n|-sidestart|p1: Mega METABOT|move: Stealth Rock\n|\n|-heal|p1a: Gliscor|100\/100 tox|[from] ability: Poison Heal\n|upkeep\n|turn|146\n|\n|t:|1628213611\n|switch|p1a: Slowbro|Slowbro, F|50\/100 tox\n|-damage|p1a: Slowbro|38\/100 tox|[from] Stealth Rock\n|move|p2a: Chansey|Seismic Toss|p1a: Slowbro\n|-damage|p1a: Slowbro|12\/100 tox\n|\n|-heal|p1a: Slowbro|19\/100 tox|[from] item: Leftovers\n|-damage|p1a: Slowbro|12\/100 tox|[from] psn\n|upkeep\n|turn|147\n|\n|t:|1628213619\n|switch|p1a: Gliscor|Gliscor, F|100\/100 tox\n|-damage|p1a: Gliscor|88\/100 tox|[from] Stealth Rock\n|move|p2a: Chansey|Seismic Toss|p1a: Gliscor\n|-damage|p1a: Gliscor|60\/100 tox\n|\n|-heal|p1a: Gliscor|72\/100 tox|[from] ability: Poison Heal\n|upkeep\n|turn|148\n|\n|t:|1628213623\n|move|p1a: Gliscor|Stealth Rock|p2a: Chansey\n|-sidestart|p2: EEEEEvolto\u6df1\u6eba|move: Stealth Rock\n|move|p2a: Chansey|Stealth Rock||[still]\n|-fail|p2a: Chansey\n|\n|-heal|p1a: Gliscor|85\/100 tox|[from] ability: Poison Heal\n|upkeep\n|turn|149\n|\n|t:|1628213631\n|move|p1a: Gliscor|Stealth Rock||[still]\n|-fail|p1a: Gliscor\n|move|p2a: Chansey|Seismic Toss|p1a: Gliscor\n|-damage|p1a: Gliscor|56\/100 tox\n|\n|-heal|p1a: Gliscor|69\/100 tox|[from] ability: Poison Heal\n|upkeep\n|turn|150\n|\n|t:|1628213638\n|move|p1a: Gliscor|Defog|p2a: Chansey\n|-unboost|p2a: Chansey|evasion|1\n|-sideend|p2: EEEEEvolto\u6df1\u6eba|Stealth Rock|[from] move: Defog|[of] p1a: Gliscor\n|-sideend|p1: Mega METABOT|Stealth Rock|[from] move: Defog|[of] p1a: Gliscor\n|move|p2a: Chansey|Stealth Rock|p1a: Gliscor\n|-sidestart|p1: Mega METABOT|move: Stealth Rock\n|\n|-heal|p1a: Gliscor|81\/100 tox|[from] ability: Poison Heal\n|upkeep\n|turn|151\n|\n|t:|1628213640\n|move|p1a: Gliscor|Defog|p2a: Chansey\n|-unboost|p2a: Chansey|evasion|1\n|-sideend|p1: Mega METABOT|Stealth Rock|[from] move: Defog|[of] p1a: Gliscor\n|move|p2a: Chansey|Seismic Toss|p1a: Gliscor\n|-damage|p1a: Gliscor|53\/100 tox\n|\n|-heal|p1a: Gliscor|65\/100 tox|[from] ability: Poison Heal\n|upkeep\n|turn|152\n|\n|t:|1628213645\n|switch|p1a: Slowbro|Slowbro, F|46\/100 tox\n|move|p2a: Chansey|Stealth Rock|p1a: Slowbro\n|-sidestart|p1: Mega METABOT|move: Stealth Rock\n|\n|-heal|p1a: Slowbro|52\/100 tox|[from] item: Leftovers\n|-damage|p1a: Slowbro|46\/100 tox|[from] psn\n|upkeep\n|turn|153\n|\n|t:|1628213651\n|switch|p1a: Gliscor|Gliscor, F|65\/100 tox\n|-damage|p1a: Gliscor|53\/100 tox|[from] Stealth Rock\n|move|p2a: Chansey|Seismic Toss|p1a: Gliscor\n|-damage|p1a: Gliscor|25\/100 tox\n|\n|-heal|p1a: Gliscor|37\/100 tox|[from] ability: Poison Heal\n|upkeep\n|turn|154\n|\n|t:|1628213654\n|move|p1a: Gliscor|Roost|p1a: Gliscor\n|-heal|p1a: Gliscor|87\/100 tox\n|-singleturn|p1a: Gliscor|move: Roost\n|move|p2a: Chansey|Seismic Toss|p1a: Gliscor\n|-damage|p1a: Gliscor|59\/100 tox\n|\n|-heal|p1a: Gliscor|71\/100 tox|[from] ability: Poison Heal\n|upkeep\n|turn|155\n|\n|t:|1628213677\n|switch|p2a: Toxapex|Toxapex, M|68\/100\n|move|p1a: Gliscor|Stealth Rock|p2a: Toxapex\n|-sidestart|p2: EEEEEvolto\u6df1\u6eba|move: Stealth Rock\n|\n|-heal|p1a: Gliscor|84\/100 tox|[from] ability: Poison Heal\n|upkeep\n|turn|156\n|\n|t:|1628213682\n|switch|p2a: Chansey|Chansey, F|87\/100\n|-damage|p2a: Chansey|75\/100|[from] Stealth Rock\n|move|p1a: Gliscor|U-turn|p2a: Chansey\n|-crit|p2a: Chansey\n|-damage|p2a: Chansey|52\/100\n|inactive|Mega METABOT has 120 seconds left.\n|\n|t:|1628213701\n|switch|p1a: Slowbro|Slowbro, F|79\/100 tox|[from]move: U-turn\n|-damage|p1a: Slowbro|66\/100 tox|[from] Stealth Rock\n|\n|-heal|p1a: Slowbro|73\/100 tox|[from] item: Leftovers\n|-damage|p1a: Slowbro|66\/100 tox|[from] psn\n|upkeep\n|turn|157\n|\n|t:|1628213705\n|move|p2a: Chansey|Soft-Boiled|p2a: Chansey\n|-heal|p2a: Chansey|100\/100\n|move|p1a: Slowbro|Toxic|p2a: Chansey\n|-status|p2a: Chansey|tox\n|\n|-heal|p1a: Slowbro|73\/100 tox|[from] item: Leftovers\n|-damage|p2a: Chansey|94\/100 tox|[from] psn\n|-damage|p1a: Slowbro|60\/100 tox|[from] psn\n|upkeep\n|turn|158\n|\n|t:|1628213710\n|-curestatus|p2a: Chansey|tox|[from] ability: Natural Cure\n|switch|p2a: Toxapex|Toxapex, M|100\/100\n|-damage|p2a: Toxapex|88\/100|[from] Stealth Rock\n|switch|p1a: Gliscor|Gliscor, F|84\/100 tox\n|-damage|p1a: Gliscor|71\/100 tox|[from] Stealth Rock\n|\n|-heal|p1a: Gliscor|84\/100 tox|[from] ability: Poison Heal\n|upkeep\n|turn|159\n|\n|t:|1628213713\n|move|p1a: Gliscor|Defog|p2a: Toxapex\n|-unboost|p2a: Toxapex|evasion|1\n|-sideend|p2: EEEEEvolto\u6df1\u6eba|Stealth Rock|[from] move: Defog|[of] p1a: Gliscor\n|-sideend|p1: Mega METABOT|Stealth Rock|[from] move: Defog|[of] p1a: Gliscor\n|move|p2a: Toxapex|Scald|p1a: Gliscor\n|-supereffective|p1a: Gliscor\n|-damage|p1a: Gliscor|40\/100 tox\n|\n|-heal|p1a: Gliscor|52\/100 tox|[from] ability: Poison Heal\n|upkeep\n|turn|160\n|\n|t:|1628213722\n|switch|p2a: Chansey|Chansey, F|94\/100\n|move|p1a: Gliscor|Roost|p1a: Gliscor\n|-heal|p1a: Gliscor|100\/100 tox\n|-singleturn|p1a: Gliscor|move: Roost\n|\n|upkeep\n|turn|161\n|\n|t:|1628213725\n|switch|p1a: Beedrill|Beedrill-Mega, M|64\/100\n|move|p2a: Chansey|Stealth Rock|p1a: Beedrill\n|-sidestart|p1: Mega METABOT|move: Stealth Rock\n|\n|upkeep\n|turn|162\n|\n|t:|1628213731\n|switch|p2a: Skarmory|Skarmory, M|94\/100 brn\n|move|p1a: Beedrill|U-turn|p2a: Skarmory\n|-resisted|p2a: Skarmory\n|-damage|p2a: Skarmory|86\/100 brn\n|inactive|Mega METABOT has 120 seconds left.\n|\n|t:|1628213740\n|switch|p1a: Gliscor|Gliscor, F|100\/100 tox|[from]move: U-turn\n|-damage|p1a: Gliscor|88\/100 tox|[from] Stealth Rock\n|\n|-heal|p1a: Gliscor|100\/100 tox|[from] ability: Poison Heal\n|-damage|p2a: Skarmory|80\/100 brn|[from] brn\n|upkeep\n|turn|163\n|inactive|Mega METABOT has 120 seconds left.\n|\n|t:|1628213747\n|move|p1a: Gliscor|U-turn|p2a: Skarmory\n|-resisted|p2a: Skarmory\n|-damage|p2a: Skarmory|78\/100 brn\n|\n|t:|1628213750\n|switch|p1a: Tornadus|Tornadus-Therian, M|75\/100 tox|[from]move: U-turn\n|-damage|p1a: Tornadus|50\/100 tox|[from] Stealth Rock\n|move|p2a: Skarmory|Spikes|p1a: Tornadus\n|-sidestart|p1: Mega METABOT|Spikes\n|\n|-damage|p1a: Tornadus|44\/100 tox|[from] psn\n|-damage|p2a: Skarmory|72\/100 brn|[from] brn\n|upkeep\n|turn|164\n|\n|t:|1628213754\n|switch|p2a: Chansey|Chansey, F|94\/100\n|move|p1a: Tornadus|U-turn|p2a: Chansey\n|-damage|p2a: Chansey|81\/100\n|inactive|Mega METABOT has 120 seconds left.\n|\n|t:|1628213780\n|switch|p1a: Gliscor|Gliscor, F|100\/100 tox|[from]move: U-turn\n|-damage|p1a: Gliscor|88\/100 tox|[from] Stealth Rock\n|\n|-heal|p1a: Gliscor|100\/100 tox|[from] ability: Poison Heal\n|upkeep\n|turn|165\n|\n|t:|1628213784\n|move|p1a: Gliscor|U-turn|p2a: Chansey\n|-damage|p2a: Chansey|67\/100\n|\n|t:|1628213786\n|switch|p1a: Slowbro|Slowbro, F|94\/100 tox|[from]move: U-turn\n|-damage|p1a: Slowbro|81\/100 tox|[from] Spikes\n|-damage|p1a: Slowbro|69\/100 tox|[from] Stealth Rock\n|move|p2a: Chansey|Seismic Toss|p1a: Slowbro\n|-damage|p1a: Slowbro|43\/100 tox\n|\n|-heal|p1a: Slowbro|49\/100 tox|[from] item: Leftovers\n|-damage|p1a: Slowbro|43\/100 tox|[from] psn\n|upkeep\n|turn|166\n|\n|t:|1628213790\n|switch|p1a: Gliscor|Gliscor, F|100\/100 tox\n|-damage|p1a: Gliscor|88\/100 tox|[from] Stealth Rock\n|move|p2a: Chansey|Seismic Toss|p1a: Gliscor\n|-damage|p1a: Gliscor|60\/100 tox\n|\n|-heal|p1a: Gliscor|72\/100 tox|[from] ability: Poison Heal\n|upkeep\n|turn|167\n|\n|t:|1628213793\n|switch|p1a: Slowbro|Slowbro, F|77\/100 tox\n|-damage|p1a: Slowbro|64\/100 tox|[from] Stealth Rock\n|-damage|p1a: Slowbro|52\/100 tox|[from] Spikes\n|move|p2a: Chansey|Seismic Toss|p1a: Slowbro\n|-damage|p1a: Slowbro|26\/100 tox\n|\n|-heal|p1a: Slowbro|32\/100 tox|[from] item: Leftovers\n|-damage|p1a: Slowbro|26\/100 tox|[from] psn\n|upkeep\n|turn|168\n|\n|t:|1628213796\n|switch|p1a: Gliscor|Gliscor, F|72\/100 tox\n|-damage|p1a: Gliscor|60\/100 tox|[from] Stealth Rock\n|move|p2a: Chansey|Seismic Toss|p1a: Gliscor\n|-damage|p1a: Gliscor|32\/100 tox\n|\n|-heal|p1a: Gliscor|44\/100 tox|[from] ability: Poison Heal\n|upkeep\n|turn|169\n|\n|t:|1628213802\n|move|p1a: Gliscor|Roost|p1a: Gliscor\n|-heal|p1a: Gliscor|94\/100 tox\n|-singleturn|p1a: Gliscor|move: Roost\n|move|p2a: Chansey|Stealth Rock||[still]\n|-fail|p2a: Chansey\n|\n|-heal|p1a: Gliscor|100\/100 tox|[from] ability: Poison Heal\n|upkeep\n|turn|170\n|\n|t:|1628213806\n|move|p1a: Gliscor|Defog|p2a: Chansey\n|-unboost|p2a: Chansey|evasion|1\n|-sideend|p1: Mega METABOT|Spikes|[from] move: Defog|[of] p1a: Gliscor\n|-sideend|p1: Mega METABOT|Stealth Rock|[from] move: Defog|[of] p1a: Gliscor\n|move|p2a: Chansey|Seismic Toss|p1a: Gliscor\n|-damage|p1a: Gliscor|72\/100 tox\n|\n|-heal|p1a: Gliscor|85\/100 tox|[from] ability: Poison Heal\n|upkeep\n|turn|171\n|\n|t:|1628213809\n|switch|p1a: Slowbro|Slowbro, F|60\/100 tox\n|move|p2a: Chansey|Seismic Toss|p1a: Slowbro\n|-damage|p1a: Slowbro|34\/100 tox\n|\n|-heal|p1a: Slowbro|40\/100 tox|[from] item: Leftovers\n|-damage|p1a: Slowbro|34\/100 tox|[from] psn\n|upkeep\n|turn|172\n|\n|t:|1628213816\n|switch|p1a: Tornadus|Tornadus-Therian, M|77\/100 tox\n|move|p2a: Chansey|Stealth Rock|p1a: Tornadus\n|-sidestart|p1: Mega METABOT|move: Stealth Rock\n|\n|-damage|p1a: Tornadus|71\/100 tox|[from] psn\n|upkeep\n|turn|173\n|\n|t:|1628213818\n|move|p1a: Tornadus|U-turn|p2a: Chansey\n|-damage|p2a: Chansey|53\/100\n|\n|t:|1628213822\n|switch|p1a: Gliscor|Gliscor, F|85\/100 tox|[from]move: U-turn\n|-damage|p1a: Gliscor|72\/100 tox|[from] Stealth Rock\n|move|p2a: Chansey|Seismic Toss|p1a: Gliscor\n|-damage|p1a: Gliscor|44\/100 tox\n|\n|-heal|p1a: Gliscor|56\/100 tox|[from] ability: Poison Heal\n|upkeep\n|turn|174\n|\n|t:|1628213839\n|move|p1a: Gliscor|Stealth Rock|p2a: Chansey\n|-sidestart|p2: EEEEEvolto\u6df1\u6eba|move: Stealth Rock\n|move|p2a: Chansey|Soft-Boiled|p2a: Chansey\n|-heal|p2a: Chansey|100\/100\n|\n|-heal|p1a: Gliscor|69\/100 tox|[from] ability: Poison Heal\n|upkeep\n|turn|175\n|\n|t:|1628213844\n|move|p1a: Gliscor|Stealth Rock||[still]\n|-fail|p1a: Gliscor\n|move|p2a: Chansey|Seismic Toss|p1a: Gliscor\n|-damage|p1a: Gliscor|41\/100 tox\n|\n|-heal|p1a: Gliscor|53\/100 tox|[from] ability: Poison Heal\n|upkeep\n|turn|176\n|\n|t:|1628213850\n|move|p1a: Gliscor|Stealth Rock||[still]\n|-fail|p1a: Gliscor\n|move|p2a: Chansey|Stealth Rock||[still]\n|-fail|p2a: Chansey\n|\n|-heal|p1a: Gliscor|65\/100 tox|[from] ability: Poison Heal\n|upkeep\n|turn|177\n|\n|t:|1628213852\n|move|p1a: Gliscor|Stealth Rock||[still]\n|-fail|p1a: Gliscor\n|move|p2a: Chansey|Stealth Rock||[still]\n|-fail|p2a: Chansey\n|\n|-heal|p1a: Gliscor|78\/100 tox|[from] ability: Poison Heal\n|upkeep\n|turn|178\n|\n|t:|1628213858\n|switch|p2a: Gliscor|Gliscor, M|100\/100 tox\n|-damage|p2a: Gliscor|88\/100 tox|[from] Stealth Rock\n|move|p1a: Gliscor|Stealth Rock||[still]\n|-fail|p1a: Gliscor\n|\n|-heal|p2a: Gliscor|100\/100 tox|[from] ability: Poison Heal\n|-heal|p1a: Gliscor|90\/100 tox|[from] ability: Poison Heal\n|upkeep\n|turn|179\n|\n|t:|1628213862\n|move|p2a: Gliscor|Toxic|p1a: Gliscor\n|-fail|p1a: Gliscor|tox\n|move|p1a: Gliscor|U-turn|p2a: Gliscor\n|-resisted|p2a: Gliscor\n|-damage|p2a: Gliscor|94\/100 tox\n|\n|t:|1628213866\n|switch|p1a: Slowbro|Slowbro, F|68\/100 tox|[from]move: U-turn\n|-damage|p1a: Slowbro|55\/100 tox|[from] Stealth Rock\n|\n|-heal|p1a: Slowbro|61\/100 tox|[from] item: Leftovers\n|-heal|p2a: Gliscor|100\/100 tox|[from] ability: Poison Heal\n|-damage|p1a: Slowbro|55\/100 tox|[from] psn\n|upkeep\n|turn|180\n|\n|t:|1628213873\n|move|p2a: Gliscor|Earthquake|p1a: Slowbro\n|-damage|p1a: Slowbro|35\/100 tox\n|move|p1a: Slowbro|Ice Beam|p2a: Gliscor\n|-supereffective|p2a: Gliscor\n|-damage|p2a: Gliscor|9\/100 tox\n|\n|-heal|p1a: Slowbro|41\/100 tox|[from] item: Leftovers\n|-heal|p2a: Gliscor|21\/100 tox|[from] ability: Poison Heal\n|-damage|p1a: Slowbro|29\/100 tox|[from] psn\n|upkeep\n|turn|181\n|inactive|Mega METABOT has 90 seconds left.\n|\n|t:|1628213895\n|switch|p1a: Tornadus|Tornadus-Therian, M|100\/100 tox\n|-damage|p1a: Tornadus|76\/100 tox|[from] Stealth Rock\n|move|p2a: Gliscor|Roost|p2a: Gliscor\n|-heal|p2a: Gliscor|71\/100 tox\n|-singleturn|p2a: Gliscor|move: Roost\n|\n|-damage|p1a: Tornadus|69\/100 tox|[from] psn\n|-heal|p2a: Gliscor|84\/100 tox|[from] ability: Poison Heal\n|upkeep\n|turn|182\n|inactive|Mega METABOT has 90 seconds left.\n|\n|t:|1628213904\n|switch|p2a: Toxapex|Toxapex, M|100\/100\n|-damage|p2a: Toxapex|88\/100|[from] Stealth Rock\n|move|p1a: Tornadus|U-turn|p2a: Toxapex\n|-resisted|p2a: Toxapex\n|-damage|p2a: Toxapex|83\/100\n|\n|t:|1628213911\n|switch|p1a: Slowbro|Slowbro, F|62\/100 tox|[from]move: U-turn\n|-damage|p1a: Slowbro|50\/100 tox|[from] Stealth Rock\n|\n|-heal|p1a: Slowbro|56\/100 tox|[from] item: Leftovers\n|-damage|p1a: Slowbro|50\/100 tox|[from] psn\n|upkeep\n|turn|183\n|\n|t:|1628213915\n|switch|p1a: Gliscor|Gliscor, F|90\/100 tox\n|-damage|p1a: Gliscor|78\/100 tox|[from] Stealth Rock\n|move|p2a: Toxapex|Toxic Spikes|p1a: Gliscor\n|-sidestart|p1: Mega METABOT|move: Toxic Spikes\n|\n|-heal|p1a: Gliscor|90\/100 tox|[from] ability: Poison Heal\n|upkeep\n|turn|184\n|\n|t:|1628213918\n|switch|p2a: Gliscor|Gliscor, M|84\/100 tox\n|-damage|p2a: Gliscor|71\/100 tox|[from] Stealth Rock\n|move|p1a: Gliscor|Defog|p2a: Gliscor\n|-unboost|p2a: Gliscor|evasion|1\n|-sideend|p2: EEEEEvolto\u6df1\u6eba|Stealth Rock|[from] move: Defog|[of] p1a: Gliscor\n|-sideend|p1: Mega METABOT|Toxic Spikes|[from] move: Defog|[of] p1a: Gliscor\n|-sideend|p1: Mega METABOT|Stealth Rock|[from] move: Defog|[of] p1a: Gliscor\n|\n|-heal|p2a: Gliscor|84\/100 tox|[from] ability: Poison Heal\n|-heal|p1a: Gliscor|100\/100 tox|[from] ability: Poison Heal\n|upkeep\n|turn|185\n|\n|t:|1628213926\n|switch|p2a: Chansey|Chansey, F|100\/100\n|move|p1a: Gliscor|U-turn|p2a: Chansey\n|-damage|p2a: Chansey|85\/100\n|\n|t:|1628213931\n|switch|p1a: Beedrill|Beedrill-Mega, M|64\/100|[from]move: U-turn\n|\n|upkeep\n|turn|186\n|\n|t:|1628213937\n|-activate|p2a: Chansey|move: Pursuit\n|move|p1a: Beedrill|Pursuit|p2a: Chansey|[from]Pursuit\n|-damage|p2a: Chansey|55\/100\n|switch|p2a: Toxapex|Toxapex, M|100\/100\n|\n|upkeep\n|turn|187\n|inactive|Mega METABOT has 90 seconds left.\n|\n|t:|1628213943\n|move|p1a: Beedrill|Drill Run|p2a: Toxapex\n|-supereffective|p2a: Toxapex\n|-damage|p2a: Toxapex|51\/100\n|move|p2a: Toxapex|Scald|p1a: Beedrill\n|-damage|p1a: Beedrill|38\/100\n|\n|upkeep\n|turn|188\n|inactive|Mega METABOT has 90 seconds left.\n|\n|t:|1628213950\n|move|p1a: Beedrill|U-turn|p2a: Toxapex\n|-resisted|p2a: Toxapex\n|-damage|p2a: Toxapex|29\/100\n|\n|t:|1628213954\n|switch|p1a: Slowbro|Slowbro, F|83\/100 tox|[from]move: U-turn\n|move|p2a: Toxapex|Scald|p1a: Slowbro\n|-resisted|p1a: Slowbro\n|-damage|p1a: Slowbro|74\/100 tox\n|\n|-heal|p1a: Slowbro|80\/100 tox|[from] item: Leftovers\n|-damage|p1a: Slowbro|74\/100 tox|[from] psn\n|upkeep\n|turn|189\n|inactive|Mega METABOT has 90 seconds left.\n|\n|t:|1628213960\n|move|p2a: Toxapex|Recover|p2a: Toxapex\n|-heal|p2a: Toxapex|79\/100\n|move|p1a: Slowbro|Scald|p2a: Toxapex\n|-resisted|p2a: Toxapex\n|-damage|p2a: Toxapex|70\/100\n|\n|-heal|p1a: Slowbro|80\/100 tox|[from] item: Leftovers\n|-damage|p1a: Slowbro|68\/100 tox|[from] psn\n|upkeep\n|turn|190\n|\n|t:|1628213971\n|switch|p2a: Chansey|Chansey, F|55\/100\n|move|p1a: Slowbro|Scald|p2a: Chansey\n|-damage|p2a: Chansey|42\/100\n|-status|p2a: Chansey|brn\n|\n|-heal|p1a: Slowbro|74\/100 tox|[from] item: Leftovers\n|-damage|p1a: Slowbro|56\/100 tox|[from] psn\n|-damage|p2a: Chansey|36\/100 brn|[from] brn\n|upkeep\n|turn|191\n|\n|t:|1628213983\n|switch|p1a: Beedrill|Beedrill-Mega, M|38\/100\n|move|p2a: Chansey|Soft-Boiled|p2a: Chansey\n|-heal|p2a: Chansey|86\/100 brn\n|\n|-damage|p2a: Chansey|80\/100 brn|[from] brn\n|upkeep\n|turn|192\n|\n|t:|1628213994\n|move|p1a: Beedrill|U-turn|p2a: Chansey\n|-damage|p2a: Chansey|31\/100 brn\n|j| jjjjsss\n|inactive|Mega METABOT has 60 seconds left.\n|\n|t:|1628214006\n|switch|p1a: Tornadus|Tornadus-Therian, M|100\/100 tox|[from]move: U-turn\n|move|p2a: Chansey|Stealth Rock|p1a: Tornadus\n|-sidestart|p1: Mega METABOT|move: Stealth Rock\n|\n|-damage|p1a: Tornadus|94\/100 tox|[from] psn\n|-damage|p2a: Chansey|25\/100 brn|[from] brn\n|upkeep\n|turn|193\n|\n|t:|1628214012\n|move|p1a: Tornadus|U-turn|p2a: Chansey\n|-damage|p2a: Chansey|11\/100 brn\n|l| jjjjsss\n|\n|t:|1628214016\n|switch|p1a: Gliscor|Gliscor, F|100\/100 tox|[from]move: U-turn\n|-damage|p1a: Gliscor|88\/100 tox|[from] Stealth Rock\n|move|p2a: Chansey|Soft-Boiled|p2a: Chansey\n|-heal|p2a: Chansey|62\/100 brn\n|\n|-heal|p1a: Gliscor|100\/100 tox|[from] ability: Poison Heal\n|-damage|p2a: Chansey|55\/100 brn|[from] brn\n|upkeep\n|turn|194\n|\n|t:|1628214022\n|move|p1a: Gliscor|Stealth Rock|p2a: Chansey\n|-sidestart|p2: EEEEEvolto\u6df1\u6eba|move: Stealth Rock\n|move|p2a: Chansey|Soft-Boiled|p2a: Chansey\n|-heal|p2a: Chansey|100\/100 brn\n|\n|-damage|p2a: Chansey|94\/100 brn|[from] brn\n|upkeep\n|turn|195\n|\n|t:|1628214027\n|-curestatus|p2a: Chansey|brn|[from] ability: Natural Cure\n|switch|p2a: Skarmory|Skarmory, M|72\/100 brn\n|-damage|p2a: Skarmory|59\/100 brn|[from] Stealth Rock\n|move|p1a: Gliscor|U-turn|p2a: Skarmory\n|-resisted|p2a: Skarmory\n|-damage|p2a: Skarmory|57\/100 brn\n|\n|t:|1628214037\n|switch|p1a: Magnezone|Magnezone|50\/100|[from]move: U-turn\n|-damage|p1a: Magnezone|44\/100|[from] Stealth Rock\n|\n|-damage|p2a: Skarmory|51\/100 brn|[from] brn\n|upkeep\n|turn|196\n|\n|t:|1628214043\n|switch|p2a: Gliscor|Gliscor, M|84\/100 tox\n|-damage|p2a: Gliscor|71\/100 tox|[from] Stealth Rock\n|move|p1a: Magnezone|Flash Cannon|p2a: Gliscor\n|-damage|p2a: Gliscor|25\/100 tox\n|\n|-heal|p2a: Gliscor|38\/100 tox|[from] ability: Poison Heal\n|upkeep\n|turn|197\n|\n|t:|1628214055\n|move|p1a: Magnezone|Flash Cannon|p2a: Gliscor\n|-damage|p2a: Gliscor|0 fnt\n|faint|p2a: Gliscor\n|\n|upkeep\n|\n|t:|1628214058\n|switch|p2a: Chansey|Chansey, F|94\/100\n|-damage|p2a: Chansey|82\/100|[from] Stealth Rock\n|turn|198\n|\n|t:|1628214063\n|switch|p1a: Tornadus|Tornadus-Therian, M|100\/100 tox\n|-damage|p1a: Tornadus|76\/100 tox|[from] Stealth Rock\n|move|p2a: Chansey|Seismic Toss|p1a: Tornadus\n|-damage|p1a: Tornadus|48\/100 tox\n|\n|-damage|p1a: Tornadus|42\/100 tox|[from] psn\n|upkeep\n|turn|199\n|\n|t:|1628214069\n|move|p1a: Tornadus|U-turn|p2a: Chansey\n|-damage|p2a: Chansey|67\/100\n|\n|t:|1628214074\n|switch|p1a: Gliscor|Gliscor, F|100\/100 tox|[from]move: U-turn\n|-damage|p1a: Gliscor|88\/100 tox|[from] Stealth Rock\n|move|p2a: Chansey|Seismic Toss|p1a: Gliscor\n|-damage|p1a: Gliscor|60\/100 tox\n|\n|-heal|p1a: Gliscor|72\/100 tox|[from] ability: Poison Heal\n|upkeep\n|turn|200\n|\n|t:|1628214085\n|switch|p2a: Skarmory|Skarmory, M|51\/100 brn\n|-damage|p2a: Skarmory|39\/100 brn|[from] Stealth Rock\n|move|p1a: Gliscor|U-turn|p2a: Skarmory\n|-resisted|p2a: Skarmory\n|-damage|p2a: Skarmory|37\/100 brn\n|inactive|Mega METABOT has 30 seconds left.\n|\n|t:|1628214092\n|switch|p1a: Tornadus|Tornadus-Therian, M|75\/100 tox|[from]move: U-turn\n|-damage|p1a: Tornadus|50\/100 tox|[from] Stealth Rock\n|\n|-damage|p1a: Tornadus|44\/100 tox|[from] psn\n|-damage|p2a: Skarmory|31\/100 brn|[from] brn\n|upkeep\n|turn|201\n|\n|t:|1628214096\n|move|p1a: Tornadus|Knock Off|p2a: Skarmory\n|-damage|p2a: Skarmory|20\/100 brn\n|-enditem|p2a: Skarmory|Shed Shell|[from] move: Knock Off|[of] p1a: Tornadus\n|move|p2a: Skarmory|Roost|p2a: Skarmory\n|-heal|p2a: Skarmory|70\/100 brn\n|-singleturn|p2a: Skarmory|move: Roost\n|\n|-damage|p1a: Tornadus|32\/100 tox|[from] psn\n|-damage|p2a: Skarmory|64\/100 brn|[from] brn\n|upkeep\n|turn|202\n|\n|t:|1628214099\n|switch|p2a: Chansey|Chansey, F|67\/100\n|-damage|p2a: Chansey|55\/100|[from] Stealth Rock\n|move|p1a: Tornadus|U-turn|p2a: Chansey\n|-damage|p2a: Chansey|41\/100\n|\n|t:|1628214104\n|switch|p1a: Gliscor|Gliscor, F|72\/100 tox|[from]move: U-turn\n|-damage|p1a: Gliscor|60\/100 tox|[from] Stealth Rock\n|\n|-heal|p1a: Gliscor|72\/100 tox|[from] ability: Poison Heal\n|upkeep\n|turn|203\n|\n|t:|1628214107\n|move|p1a: Gliscor|Defog|p2a: Chansey\n|-unboost|p2a: Chansey|evasion|1\n|-sideend|p2: EEEEEvolto\u6df1\u6eba|Stealth Rock|[from] move: Defog|[of] p1a: Gliscor\n|-sideend|p1: Mega METABOT|Stealth Rock|[from] move: Defog|[of] p1a: Gliscor\n|move|p2a: Chansey|Soft-Boiled|p2a: Chansey\n|-heal|p2a: Chansey|91\/100\n|\n|-heal|p1a: Gliscor|85\/100 tox|[from] ability: Poison Heal\n|upkeep\n|turn|204\n|\n|t:|1628214114\n|move|p1a: Gliscor|U-turn|p2a: Chansey\n|-damage|p2a: Chansey|77\/100\n|\n|t:|1628214116\n|switch|p1a: Beedrill|Beedrill-Mega, M|38\/100|[from]move: U-turn\n|move|p2a: Chansey|Stealth Rock|p1a: Beedrill\n|-sidestart|p1: Mega METABOT|move: Stealth Rock\n|\n|upkeep\n|turn|205\n|\n|t:|1628214122\n|switch|p2a: Toxapex|Toxapex, M|100\/100\n|move|p1a: Beedrill|U-turn|p2a: Toxapex\n|-resisted|p2a: Toxapex\n|-damage|p2a: Toxapex|79\/100\n|\n|t:|1628214128\n|switch|p1a: Magnezone|Magnezone|44\/100|[from]move: U-turn\n|-damage|p1a: Magnezone|38\/100|[from] Stealth Rock\n|\n|upkeep\n|turn|206\n|\n|t:|1628214130\n|move|p1a: Magnezone|Volt Switch|p2a: Toxapex\n|-supereffective|p2a: Toxapex\n|-damage|p2a: Toxapex|35\/100\n|\n|t:|1628214140\n|switch|p1a: Greninja|Greninja, M, shiny|18\/100 tox|[from]move: Volt Switch\n|-damage|p1a: Greninja|5\/100 tox|[from] Stealth Rock\n|move|p2a: Toxapex|Scald|p1a: Greninja\n|-resisted|p1a: Greninja\n|-damage|p1a: Greninja|0 fnt\n|faint|p1a: Greninja\n|\n|upkeep\n|inactive|Mega METABOT has 30 seconds left.\n|\n|t:|1628214157\n|switch|p1a: Magnezone|Magnezone|38\/100\n|-damage|p1a: Magnezone|31\/100|[from] Stealth Rock\n|turn|207\n|inactive|Mega METABOT has 25 seconds left this turn.\n|\n|t:|1628214162\n|switch|p2a: Chansey|Chansey, F|77\/100\n|move|p1a: Magnezone|Volt Switch|p2a: Chansey\n|-damage|p2a: Chansey|60\/100\n|inactive|Mega METABOT has 30 seconds left this turn.\n|\n|t:|1628214170\n|switch|p1a: Gliscor|Gliscor, F|85\/100 tox|[from]move: Volt Switch\n|-damage|p1a: Gliscor|72\/100 tox|[from] Stealth Rock\n|\n|-heal|p1a: Gliscor|85\/100 tox|[from] ability: Poison Heal\n|upkeep\n|turn|208\n|inactive|Mega METABOT has 25 seconds left this turn.\n|\n|t:|1628214175\n|switch|p2a: Skarmory|Skarmory, M|64\/100 brn\n|move|p1a: Gliscor|U-turn|p2a: Skarmory\n|-resisted|p2a: Skarmory\n|-damage|p2a: Skarmory|62\/100 brn\n|inactive|Mega METABOT has 30 seconds left this turn.\n|\n|t:|1628214180\n|switch|p1a: Magnezone|Magnezone|31\/100|[from]move: U-turn\n|-damage|p1a: Magnezone|25\/100|[from] Stealth Rock\n|\n|-damage|p2a: Skarmory|56\/100 brn|[from] brn\n|upkeep\n|turn|209\n|inactive|Mega METABOT has 30 seconds left this turn.\n|\n|t:|1628214184\n|move|p1a: Magnezone|Volt Switch|p2a: Skarmory\n|-supereffective|p2a: Skarmory\n|-damage|p2a: Skarmory|0 fnt\n|faint|p2a: Skarmory\n|inactive|Mega METABOT has 30 seconds left.\n|\n|t:|1628214194\n|switch|p1a: Gliscor|Gliscor, F|85\/100 tox|[from]move: Volt Switch\n|-damage|p1a: Gliscor|72\/100 tox|[from] Stealth Rock\n|\n|-heal|p1a: Gliscor|85\/100 tox|[from] ability: Poison Heal\n|upkeep\n|inactive|Mega METABOT has 30 seconds left this turn.\n|\n|t:|1628214197\n|switch|p2a: Chansey|Chansey, F|60\/100\n|turn|210\n|inactive|Mega METABOT has 30 seconds left.\n|\n|t:|1628214203\n|move|p1a: Gliscor|Stealth Rock|p2a: Chansey\n|-sidestart|p2: EEEEEvolto\u6df1\u6eba|move: Stealth Rock\n|move|p2a: Chansey|Soft-Boiled|p2a: Chansey\n|-heal|p2a: Chansey|100\/100\n|\n|-heal|p1a: Gliscor|97\/100 tox|[from] ability: Poison Heal\n|upkeep\n|turn|211\n|inactive|Mega METABOT has 30 seconds left this turn.\n|\n|t:|1628214208\n|switch|p2a: Toxapex|Toxapex, M|68\/100\n|-damage|p2a: Toxapex|56\/100|[from] Stealth Rock\n|move|p1a: Gliscor|U-turn|p2a: Toxapex\n|-resisted|p2a: Toxapex\n|-damage|p2a: Toxapex|50\/100\n|inactive|Mega METABOT has 30 seconds left this turn.\n|\n|t:|1628214213\n|switch|p1a: Magnezone|Magnezone|25\/100|[from]move: U-turn\n|-damage|p1a: Magnezone|19\/100|[from] Stealth Rock\n|\n|upkeep\n|turn|212\n|inactive|Mega METABOT has 30 seconds left this turn.\n|\n|t:|1628214216\n|move|p1a: Magnezone|Thunderbolt|p2a: Toxapex\n|-supereffective|p2a: Toxapex\n|-damage|p2a: Toxapex|0 fnt\n|faint|p2a: Toxapex\n|\n|upkeep\n|c|\u2606Mega METABOT|sad for u\n|\n|t:|1628214221\n|switch|p2a: Pyukumuku|Pyukumuku, L90, M|100\/100\n|-damage|p2a: Pyukumuku|88\/100|[from] Stealth Rock\n|turn|213\n|\n|t:|1628214225\n|move|p2a: Pyukumuku|Protect|p2a: Pyukumuku\n|-singleturn|p2a: Pyukumuku|Protect\n|move|p1a: Magnezone|Thunderbolt|p2a: Pyukumuku\n|-activate|p2a: Pyukumuku|move: Protect\n|\n|upkeep\n|turn|214\n|-message|EEEEEvolto\u6df1\u6eba forfeited.\n|\n|win|Mega METABOT\n|raw|Mega METABOT's rating: 1464 &rarr; <strong>1490<\/strong><br \/>(+26 for winning)\n|raw|EEEEEvolto\u6df1\u6eba's rating: 1570 &rarr; <strong>1544<\/strong><br \/>(-26 for losing)\n|l|\u2606EEEEEvolto\u6df1\u6eba\n|c|\u2606Mega METABOT|fucking\n|n|!Mega METABOT|megametabot\n||Ladder isn't responding, score probably updated but might not have (Request timeout).\n","uploadtime":1628214248,"views":3,"p1id":"megametabot","p2id":"eeeeevolto","formatid":"gen7ou","rating":1490,"private":0,"password":null}