{"id":"gen7ou-1695560206","p1":"Shinjou Akane","p2":"Elitedunsparce","format":"gen7ou","log":"|j|\u2606Shinjou Akane\n|j|\u2606Elitedunsparce\n|t:|1666808604\n|gametype|singles\n|player|p1|Shinjou Akane|acerola|1319\n|player|p2|Elitedunsparce|acetrainersnow|1357\n|teamsize|p1|6\n|teamsize|p2|6\n|gen|7\n|tier|[Gen 7] OU\n|rated|\n|rule|Sleep Clause Mod: Limit one foe put to sleep\n|rule|Species Clause: Limit one of each Pok\u00e9mon\n|rule|OHKO Clause: OHKO moves are banned\n|rule|Moody Clause: Moody is banned\n|rule|Evasion Items Clause: Evasion items are banned\n|rule|Evasion Moves Clause: Evasion moves are banned\n|rule|Endless Battle Clause: Forcing endless battles is banned\n|rule|HP Percentage Mod: HP is shown in percentages\n|clearpoke\n|poke|p1|Gardevoir, M|item\n|poke|p1|Garchomp, M|item\n|poke|p1|Rotom-Wash|item\n|poke|p1|Tapu Koko|item\n|poke|p1|Victini|item\n|poke|p1|Magearna|item\n|poke|p2|Clefable, F|item\n|poke|p2|Rotom-Wash|item\n|poke|p2|Landorus-Therian, M|item\n|poke|p2|Manectric, F|item\n|poke|p2|Bisharp, F|item\n|poke|p2|Kommo-o, F|item\n|teampreview\n|\n|t:|1666808617\n|start\n|switch|p1a: Garchomp|Garchomp, M|100\/100\n|switch|p2a: Landorus|Landorus-Therian, M|100\/100\n|-ability|p2a: Landorus|Intimidate|boost\n|-unboost|p1a: Garchomp|atk|1\n|turn|1\n|\n|t:|1666808623\n|switch|p2a: Rotom|Rotom-Wash|100\/100\n|move|p1a: Garchomp|Toxic|p2a: Rotom\n|-status|p2a: Rotom|tox\n|\n|-damage|p2a: Rotom|94\/100 tox|[from] psn\n|upkeep\n|turn|2\n|\n|t:|1666808631\n|move|p1a: Garchomp|Stealth Rock|p2a: Rotom\n|-sidestart|p2: Elitedunsparce|move: Stealth Rock\n|move|p2a: Rotom|Will-O-Wisp|p1a: Garchomp|[miss]\n|-miss|p2a: Rotom|p1a: Garchomp\n|\n|-heal|p2a: Rotom|100\/100 tox|[from] item: Leftovers\n|-damage|p2a: Rotom|88\/100 tox|[from] psn\n|upkeep\n|turn|3\n|\n|t:|1666808639\n|switch|p1a: Magearna|Magearna|100\/100\n|move|p2a: Rotom|Defog|p1a: Magearna\n|-unboost|p1a: Magearna|evasion|1\n|-sideend|p2: Elitedunsparce|Stealth Rock|[from] move: Defog|[of] p2a: Rotom\n|\n|-heal|p2a: Rotom|94\/100 tox|[from] item: Leftovers\n|-damage|p2a: Rotom|75\/100 tox|[from] psn\n|upkeep\n|turn|4\n|inactive|Battle timer is ON: inactive players will automatically lose when time's up. (requested by Elitedunsparce)\n|\n|t:|1666808647\n|move|p2a: Rotom|Volt Switch|p1a: Magearna\n|-damage|p1a: Magearna|90\/100\n|\n|t:|1666808651\n|switch|p2a: Bisharp|Bisharp, F|100\/100|[from]move: Volt Switch\n|move|p1a: Magearna|Fleur Cannon|p2a: Bisharp\n|-crit|p2a: Bisharp\n|-damage|p2a: Bisharp|0 fnt\n|-unboost|p1a: Magearna|spa|2\n|faint|p2a: Bisharp\n|-ability|p1a: Magearna|Soul-Heart|boost\n|-boost|p1a: Magearna|spa|1\n|\n|upkeep\n|\n|t:|1666808660\n|switch|p2a: Landorus|Landorus-Therian, M|100\/100\n|-ability|p2a: Landorus|Intimidate|boost\n|-unboost|p1a: Magearna|atk|1\n|turn|5\n|\n|t:|1666808664\n|switch|p1a: Rotom|Rotom-Wash|100\/100\n|move|p2a: Landorus|Knock Off|p1a: Rotom\n|-damage|p1a: Rotom|77\/100\n|-enditem|p1a: Rotom|Leftovers|[from] move: Knock Off|[of] p2a: Landorus\n|\n|upkeep\n|turn|6\n|\n|t:|1666808672\n|switch|p2a: Manectric|Manectric, F|100\/100\n|move|p1a: Rotom|Volt Switch|p2a: Manectric\n|-ability|p2a: Manectric|Lightning Rod|boost\n|-boost|p2a: Manectric|spa|1\n|\n|upkeep\n|turn|7\n|\n|t:|1666808685\n|switch|p1a: Magearna|Magearna|90\/100\n|move|p2a: Manectric|Hidden Power|p1a: Magearna\n|-resisted|p1a: Magearna\n|-damage|p1a: Magearna|84\/100\n|\n|upkeep\n|turn|8\n|\n|t:|1666808694\n|detailschange|p2a: Manectric|Manectric-Mega, F\n|-mega|p2a: Manectric|Manectric|Manectite\n|-ability|p2a: Manectric|Intimidate|boost\n|-unboost|p1a: Magearna|atk|1\n|move|p2a: Manectric|Volt Switch|p1a: Magearna\n|-damage|p1a: Magearna|59\/100\n|\n|t:|1666808700\n|switch|p2a: Landorus|Landorus-Therian, M|100\/100|[from]move: Volt Switch\n|-ability|p2a: Landorus|Intimidate|boost\n|-unboost|p1a: Magearna|atk|1\n|move|p1a: Magearna|Fleur Cannon|p2a: Landorus\n|-damage|p2a: Landorus|44\/100\n|-unboost|p1a: Magearna|spa|2\n|\n|upkeep\n|turn|9\n|\n|t:|1666808712\n|switch|p1a: Rotom|Rotom-Wash|77\/100\n|move|p2a: Landorus|Stealth Rock|p1a: Rotom\n|-sidestart|p1: Shinjou Akane|move: Stealth Rock\n|\n|upkeep\n|turn|10\n|\n|t:|1666808721\n|switch|p2a: Rotom|Rotom-Wash|75\/100 tox\n|move|p1a: Rotom|Defog|p2a: Rotom\n|-unboost|p2a: Rotom|evasion|1\n|-sideend|p1: Shinjou Akane|Stealth Rock|[from] move: Defog|[of] p1a: Rotom\n|\n|-heal|p2a: Rotom|82\/100 tox|[from] item: Leftovers\n|-damage|p2a: Rotom|75\/100 tox|[from] psn\n|upkeep\n|turn|11\n|\n|t:|1666808729\n|switch|p2a: Landorus|Landorus-Therian, M|44\/100\n|-ability|p2a: Landorus|Intimidate|boost\n|-unboost|p1a: Rotom|atk|1\n|move|p1a: Rotom|Volt Switch|p2a: Landorus\n|-immune|p2a: Landorus\n|\n|upkeep\n|turn|12\n|\n|t:|1666808739\n|switch|p2a: Kommo-o|Kommo-o, F|100\/100\n|move|p1a: Rotom|Hydro Pump|p2a: Kommo-o|[miss]\n|-miss|p1a: Rotom|p2a: Kommo-o\n|\n|upkeep\n|turn|13\n|\n|t:|1666808748\n|switch|p2a: Rotom|Rotom-Wash|75\/100 tox\n|move|p1a: Rotom|Will-O-Wisp||[still]\n|-fail|p1a: Rotom\n|\n|-heal|p2a: Rotom|82\/100 tox|[from] item: Leftovers\n|-damage|p2a: Rotom|75\/100 tox|[from] psn\n|upkeep\n|turn|14\n|\n|t:|1666808755\n|move|p1a: Rotom|Volt Switch|p2a: Rotom\n|-crit|p2a: Rotom\n|-damage|p2a: Rotom|46\/100 tox\n|\n|t:|1666808759\n|switch|p1a: Garchomp|Garchomp, M|100\/100|[from]move: Volt Switch\n|move|p2a: Rotom|Volt Switch|p1a: Garchomp\n|-immune|p1a: Garchomp\n|\n|-heal|p2a: Rotom|52\/100 tox|[from] item: Leftovers\n|-damage|p2a: Rotom|40\/100 tox|[from] psn\n|upkeep\n|turn|15\n|\n|t:|1666808770\n|move|p1a: Garchomp|Stealth Rock|p2a: Rotom\n|-sidestart|p2: Elitedunsparce|move: Stealth Rock\n|move|p2a: Rotom|Will-O-Wisp|p1a: Garchomp\n|-status|p1a: Garchomp|brn\n|\n|-heal|p2a: Rotom|46\/100 tox|[from] item: Leftovers\n|-damage|p2a: Rotom|27\/100 tox|[from] psn\n|-damage|p1a: Garchomp|94\/100 brn|[from] brn\n|upkeep\n|turn|16\n|\n|t:|1666808778\n|move|p1a: Garchomp|Protect|p1a: Garchomp\n|-singleturn|p1a: Garchomp|Protect\n|move|p2a: Rotom|Defog|p1a: Garchomp\n|-activate|p1a: Garchomp|move: Protect\n|\n|-heal|p1a: Garchomp|100\/100 brn|[from] item: Leftovers\n|-heal|p2a: Rotom|33\/100 tox|[from] item: Leftovers\n|-damage|p2a: Rotom|8\/100 tox|[from] psn\n|-damage|p1a: Garchomp|94\/100 brn|[from] brn\n|upkeep\n|turn|17\n|\n|t:|1666808789\n|switch|p1a: Gardevoir|Gardevoir, M|100\/100\n|-ability|p1a: Gardevoir|Levitate|[from] ability: Trace|[of] p2a: Rotom\n|move|p2a: Rotom|Defog|p1a: Gardevoir\n|-unboost|p1a: Gardevoir|evasion|1\n|-sideend|p2: Elitedunsparce|Stealth Rock|[from] move: Defog|[of] p2a: Rotom\n|\n|-heal|p2a: Rotom|15\/100 tox|[from] item: Leftovers\n|-damage|p2a: Rotom|0 fnt|[from] psn\n|faint|p2a: Rotom\n|upkeep\n|\n|t:|1666808803\n|switch|p2a: Manectric|Manectric-Mega, F|100\/100\n|-ability|p2a: Manectric|Intimidate|boost\n|-unboost|p1a: Gardevoir|atk|1\n|turn|18\n|\n|t:|1666808808\n|detailschange|p1a: Gardevoir|Gardevoir-Mega, M\n|-mega|p1a: Gardevoir|Gardevoir|Gardevoirite\n|move|p2a: Manectric|Thunderbolt|p1a: Gardevoir\n|-damage|p1a: Gardevoir|58\/100\n|move|p1a: Gardevoir|Hyper Voice|p2a: Manectric\n|-damage|p2a: Manectric|0 fnt\n|faint|p2a: Manectric\n|\n|upkeep\n|\n|t:|1666808815\n|switch|p2a: Landorus|Landorus-Therian, M|44\/100\n|-ability|p2a: Landorus|Intimidate|boost\n|-unboost|p1a: Gardevoir|atk|1\n|turn|19\n|\n|t:|1666808820\n|move|p1a: Gardevoir|Hyper Voice|p2a: Landorus\n|-damage|p2a: Landorus|0 fnt\n|faint|p2a: Landorus\n|\n|upkeep\n|\n|t:|1666808825\n|switch|p2a: Clefable|Clefable, F|100\/100\n|turn|20\n|-message|Elitedunsparce forfeited.\n|\n|win|Shinjou Akane\n|raw|Shinjou Akane's rating: 1319 &rarr; <strong>1341<\/strong><br \/>(+22 for winning)\n|raw|Elitedunsparce's rating: 1357 &rarr; <strong>1335<\/strong><br \/>(-22 for losing)\n|l|\u2606Elitedunsparce\n","uploadtime":1666808833,"views":13,"p1id":"shinjouakane","p2id":"elitedunsparce","formatid":"gen7ou","rating":1335,"private":0,"password":null}