{"id":"gen7ou-825786994","p1":"Cubielubie","p2":"hauntersnightmare","format":"gen7ou","log":"|j|\u2606Cubielubie\n|j|\u2606hauntersnightmare\n|player|p1|Cubielubie|265\n|player|p2|hauntersnightmare|170\n|teamsize|p1|6\n|teamsize|p2|6\n|gametype|singles\n|gen|7\n|tier|[Gen 7] OU\n|rated|\n|rule|Sleep Clause Mod: Limit one foe put to sleep\n|rule|Species Clause: Limit one of each Pok\u00e9mon\n|rule|OHKO Clause: OHKO moves are banned\n|rule|Moody Clause: Moody is banned\n|rule|Evasion Moves Clause: Evasion moves are banned\n|rule|Endless Battle Clause: Forcing endless battles is banned\n|rule|HP Percentage Mod: HP is shown in percentages\n|clearpoke\n|poke|p1|Venusaur, M|item\n|poke|p1|Weavile, F|item\n|poke|p1|Excadrill, M|item\n|poke|p1|Gengar, F|item\n|poke|p1|Gliscor, M|item\n|poke|p1|Gyarados, M|item\n|poke|p2|Bisharp, F|item\n|poke|p2|Chansey, F|item\n|poke|p2|Keldeo|item\n|poke|p2|Venusaur, M|item\n|poke|p2|Heatran, M|item\n|poke|p2|Skarmory, F|item\n|teampreview\n|\n|start\n|switch|p1a: Alucard|Gliscor, M|100\/100\n|switch|p2a: Chansey|Chansey, F|100\/100\n|turn|1\n|\n|switch|p2a: Keldeo|Keldeo|100\/100\n|move|p1a: Alucard|Knock Off|p2a: Keldeo\n|-resisted|p2a: Keldeo\n|-damage|p2a: Keldeo|89\/100\n|-ability|p2a: Keldeo|Justified|boost\n|-boost|p2a: Keldeo|atk|1\n|-enditem|p2a: Keldeo|Leftovers|[from] move: Knock Off|[of] p1a: Alucard\n|\n|-status|p1a: Alucard|tox|[from] item: Toxic Orb\n|upkeep\n|turn|2\n|\n|switch|p1a: Thickums|Venusaur, M|100\/100\n|move|p2a: Keldeo|Scald|p1a: Thickums\n|-resisted|p1a: Thickums\n|-damage|p1a: Thickums|81\/100\n|\n|upkeep\n|turn|3\n|\n|switch|p2a: Chansey|Chansey, F|100\/100\n|switch|p1a: Alucard|Gliscor, M|100\/100 tox\n|\n|upkeep\n|turn|4\n|\n|move|p1a: Alucard|Stealth Rock|p2a: Chansey\n|-sidestart|p2: hauntersnightmare|move: Stealth Rock\n|move|p2a: Chansey|Stealth Rock|p1a: Alucard\n|-sidestart|p1: Cubielubie|move: Stealth Rock\n|\n|upkeep\n|turn|5\n|\n|switch|p2a: Keldeo|Keldeo|89\/100\n|-damage|p2a: Keldeo|83\/100|[from] Stealth Rock\n|move|p1a: Alucard|Earthquake|p2a: Keldeo\n|-damage|p2a: Keldeo|43\/100\n|\n|upkeep\n|turn|6\n|\n|switch|p1a: Thickums|Venusaur, M|81\/100\n|-damage|p1a: Thickums|69\/100|[from] Stealth Rock\n|move|p2a: Keldeo|Scald|p1a: Thickums\n|-resisted|p1a: Thickums\n|-damage|p1a: Thickums|49\/100\n|\n|upkeep\n|turn|7\n|\n|detailschange|p1a: Thickums|Venusaur-Mega, M\n|-mega|p1a: Thickums|Venusaur|Venusaurite\n|move|p2a: Keldeo|Scald|p1a: Thickums\n|-resisted|p1a: Thickums\n|-damage|p1a: Thickums|34\/100\n|-status|p1a: Thickums|brn\n|move|p1a: Thickums|Synthesis|p1a: Thickums\n|-heal|p1a: Thickums|83\/100 brn\n|\n|-damage|p1a: Thickums|77\/100 brn|[from] brn\n|upkeep\n|turn|8\n|\n|switch|p2a: Heatran|Heatran, M|100\/100\n|-damage|p2a: Heatran|88\/100|[from] Stealth Rock\n|move|p1a: Thickums|Giga Drain|p2a: Heatran\n|-resisted|p2a: Heatran\n|-damage|p2a: Heatran|83\/100\n|-heal|p1a: Thickums|80\/100 brn|[from] drain|[of] p2a: Heatran\n|\n|-heal|p2a: Heatran|89\/100|[from] item: Leftovers\n|-damage|p1a: Thickums|74\/100 brn|[from] brn\n|upkeep\n|turn|9\n|\n|switch|p1a: Alucard|Gliscor, M|100\/100 tox\n|-damage|p1a: Alucard|88\/100 tox|[from] Stealth Rock\n|move|p2a: Heatran|Magma Storm|p1a: Alucard\n|-damage|p1a: Alucard|42\/100 tox\n|-activate|p1a: Alucard|move: Magma Storm|[of] p2a: Heatran\n|\n|-heal|p2a: Heatran|95\/100|[from] item: Leftovers\n|-heal|p1a: Alucard|55\/100 tox|[from] ability: Poison Heal\n|-damage|p1a: Alucard|42\/100 tox|[from] move: Magma Storm|[partiallytrapped]\n|upkeep\n|turn|10\n|\n|switch|p2a: Skarmory|Skarmory, F|100\/100\n|-damage|p2a: Skarmory|88\/100|[from] Stealth Rock\n|move|p1a: Alucard|Earthquake|p2a: Skarmory\n|-immune|p2a: Skarmory|[msg]\n|\n|-heal|p1a: Alucard|55\/100 tox|[from] ability: Poison Heal\n|upkeep\n|turn|11\n|\n|move|p1a: Alucard|Knock Off|p2a: Skarmory\n|-damage|p2a: Skarmory|76\/100\n|-damage|p1a: Alucard|38\/100 tox|[from] item: Rocky Helmet|[of] p2a: Skarmory\n|-enditem|p2a: Skarmory|Rocky Helmet|[from] move: Knock Off|[of] p1a: Alucard\n|move|p2a: Skarmory|Spikes|p1a: Alucard\n|-sidestart|p1: Cubielubie|Spikes\n|\n|-heal|p1a: Alucard|50\/100 tox|[from] ability: Poison Heal\n|upkeep\n|turn|12\n|\n|switch|p1a: Shooting Star|Excadrill, M|100\/100\n|-damage|p1a: Shooting Star|97\/100|[from] Stealth Rock\n|-damage|p1a: Shooting Star|85\/100|[from] Spikes\n|-ability|p1a: Shooting Star|Mold Breaker\n|move|p2a: Skarmory|Brave Bird|p1a: Shooting Star\n|-resisted|p1a: Shooting Star\n|-damage|p1a: Shooting Star|68\/100\n|-damage|p2a: Skarmory|70\/100|[from] Recoil\n|\n|upkeep\n|turn|13\n|\n|move|p1a: Shooting Star|Rapid Spin|p2a: Skarmory\n|-resisted|p2a: Skarmory\n|-damage|p2a: Skarmory|68\/100\n|-sideend|p1: Cubielubie|Spikes|[from] move: Rapid Spin|[of] p1a: Shooting Star\n|-sideend|p1: Cubielubie|Stealth Rock|[from] move: Rapid Spin|[of] p1a: Shooting Star\n|move|p2a: Skarmory|Defog|p1a: Shooting Star\n|-unboost|p1a: Shooting Star|evasion|1\n|-sideend|p2: hauntersnightmare|Stealth Rock|[from] move: Defog|[of] p2a: Skarmory\n|\n|upkeep\n|turn|14\n|\n|switch|p1a: Alucard|Gliscor, M|50\/100 tox\n|switch|p2a: Keldeo|Keldeo|43\/100\n|\n|-heal|p1a: Alucard|63\/100 tox|[from] ability: Poison Heal\n|upkeep\n|turn|15\n|\n|switch|p2a: Heatran|Heatran, M|95\/100\n|switch|p1a: Thickums|Venusaur-Mega, M|74\/100 brn\n|\n|-heal|p2a: Heatran|100\/100|[from] item: Leftovers\n|-damage|p1a: Thickums|68\/100 brn|[from] brn\n|upkeep\n|turn|16\n|\n|switch|p1a: Alucard|Gliscor, M|63\/100 tox\n|move|p2a: Heatran|Magma Storm|p1a: Alucard\n|-damage|p1a: Alucard|13\/100 tox\n|-activate|p1a: Alucard|move: Magma Storm|[of] p2a: Heatran\n|\n|-heal|p1a: Alucard|25\/100 tox|[from] ability: Poison Heal\n|-damage|p1a: Alucard|13\/100 tox|[from] move: Magma Storm|[partiallytrapped]\n|upkeep\n|turn|17\n|\n|switch|p2a: Keldeo|Keldeo|43\/100\n|move|p1a: Alucard|Stealth Rock|p2a: Keldeo\n|-sidestart|p2: hauntersnightmare|move: Stealth Rock\n|\n|-heal|p1a: Alucard|25\/100 tox|[from] ability: Poison Heal\n|upkeep\n|turn|18\n|\n|switch|p2a: Heatran|Heatran, M|100\/100\n|-damage|p2a: Heatran|88\/100|[from] Stealth Rock\n|switch|p1a: Thickums|Venusaur-Mega, M|68\/100 brn\n|\n|-heal|p2a: Heatran|94\/100|[from] item: Leftovers\n|-damage|p1a: Thickums|62\/100 brn|[from] brn\n|upkeep\n|turn|19\n|\n|switch|p1a: Alucard|Gliscor, M|25\/100 tox\n|move|p2a: Heatran|Magma Storm|p1a: Alucard|[miss]\n|-miss|p2a: Heatran|p1a: Alucard\n|\n|-heal|p2a: Heatran|100\/100|[from] item: Leftovers\n|-heal|p1a: Alucard|38\/100 tox|[from] ability: Poison Heal\n|upkeep\n|turn|20\n|\n|switch|p2a: Skarmory|Skarmory, F|68\/100\n|-damage|p2a: Skarmory|56\/100|[from] Stealth Rock\n|move|p1a: Alucard|Earthquake|p2a: Skarmory\n|-immune|p2a: Skarmory|[msg]\n|\n|-heal|p1a: Alucard|50\/100 tox|[from] ability: Poison Heal\n|upkeep\n|turn|21\n|\n|switch|p1a: Shooting Star|Excadrill, M|68\/100\n|-ability|p1a: Shooting Star|Mold Breaker\n|move|p2a: Skarmory|Defog|p1a: Shooting Star\n|-unboost|p1a: Shooting Star|evasion|1\n|-sideend|p2: hauntersnightmare|Stealth Rock|[from] move: Defog|[of] p2a: Skarmory\n|\n|upkeep\n|turn|22\n|\n|move|p1a: Shooting Star|Earthquake|p2a: Skarmory\n|-immune|p2a: Skarmory|[msg]\n|move|p2a: Skarmory|Roost|p2a: Skarmory\n|-heal|p2a: Skarmory|100\/100\n|\n|upkeep\n|turn|23\n|\n|move|p1a: Shooting Star|Earthquake|p2a: Skarmory\n|-immune|p2a: Skarmory|[msg]\n|move|p2a: Skarmory|Spikes|p1a: Shooting Star\n|-sidestart|p1: Cubielubie|Spikes\n|\n|upkeep\n|turn|24\n|\n|switch|p2a: Venusaur|Venusaur, M|100\/100\n|move|p1a: Shooting Star|Rapid Spin|p2a: Venusaur\n|-damage|p2a: Venusaur|96\/100\n|-sideend|p1: Cubielubie|Spikes|[from] move: Rapid Spin|[of] p1a: Shooting Star\n|\n|upkeep\n|turn|25\n|\n|switch|p1a: Thickums|Venusaur-Mega, M|62\/100 brn\n|detailschange|p2a: Venusaur|Venusaur-Mega, M\n|-mega|p2a: Venusaur|Venusaur|Venusaurite\n|move|p2a: Venusaur|Leech Seed|p1a: Thickums\n|-immune|p1a: Thickums|[msg]\n|\n|-damage|p1a: Thickums|56\/100 brn|[from] brn\n|upkeep\n|turn|26\n|\n|move|p2a: Venusaur|Sludge Bomb|p1a: Thickums\n|-damage|p1a: Thickums|28\/100 brn\n|move|p1a: Thickums|Synthesis|p1a: Thickums\n|-heal|p1a: Thickums|78\/100 brn\n|\n|-damage|p1a: Thickums|72\/100 brn|[from] brn\n|upkeep\n|turn|27\n|\n|move|p2a: Venusaur|Sludge Bomb|p1a: Thickums\n|-damage|p1a: Thickums|43\/100 brn\n|move|p1a: Thickums|Synthesis|p1a: Thickums\n|-heal|p1a: Thickums|93\/100 brn\n|\n|-damage|p1a: Thickums|87\/100 brn|[from] brn\n|upkeep\n|turn|28\n|\n|switch|p2a: Heatran|Heatran, M|100\/100\n|move|p1a: Thickums|Sludge Bomb|p2a: Heatran\n|-immune|p2a: Heatran|[msg]\n|\n|-damage|p1a: Thickums|81\/100 brn|[from] brn\n|upkeep\n|turn|29\n|\n|switch|p1a: Alucard|Gliscor, M|50\/100 tox\n|move|p2a: Heatran|Magma Storm|p1a: Alucard\n|-damage|p1a: Alucard|0 fnt\n|faint|p1a: Alucard\n|\n|upkeep\n|\n|switch|p1a: Lochness|Gyarados, M|100\/100\n|turn|30\n|\n|switch|p2a: Venusaur|Venusaur-Mega, M|96\/100\n|move|p1a: Lochness|Dragon Dance|p1a: Lochness\n|-boost|p1a: Lochness|atk|1\n|-boost|p1a: Lochness|spe|1\n|\n|upkeep\n|turn|31\n|\n|switch|p2a: Skarmory|Skarmory, F|100\/100\n|-zpower|p1a: Lochness\n|move|p1a: Lochness|Supersonic Skystrike|p2a: Skarmory|[zeffect]\n|-resisted|p2a: Skarmory\n|-damage|p2a: Skarmory|71\/100\n|\n|upkeep\n|turn|32\n|\n|move|p1a: Lochness|Dragon Dance|p1a: Lochness\n|-boost|p1a: Lochness|atk|1\n|-boost|p1a: Lochness|spe|1\n|move|p2a: Skarmory|Brave Bird|p1a: Lochness\n|-damage|p1a: Lochness|60\/100\n|-damage|p2a: Skarmory|56\/100|[from] Recoil\n|\n|upkeep\n|turn|33\n|\n|move|p1a: Lochness|Waterfall|p2a: Skarmory\n|-damage|p2a: Skarmory|12\/100\n|cant|p2a: Skarmory|flinch\n|\n|upkeep\n|turn|34\n|\n|switch|p2a: Venusaur|Venusaur-Mega, M|96\/100\n|move|p1a: Lochness|Waterfall|p2a: Venusaur\n|-resisted|p2a: Venusaur\n|-damage|p2a: Venusaur|73\/100\n|\n|upkeep\n|turn|35\n|\n|switch|p2a: Heatran|Heatran, M|100\/100\n|move|p1a: Lochness|Bounce|p2a: Heatran|[still]\n|-prepare|p1a: Lochness|Bounce|p2a: Heatran\n|\n|upkeep\n|turn|36\n|\n|move|p1a: Lochness|Bounce|p2a: Heatran|[from]lockedmove\n|-resisted|p2a: Heatran\n|-damage|p2a: Heatran|66\/100\n|move|p2a: Heatran|Toxic|p1a: Lochness|[miss]\n|-miss|p2a: Heatran|p1a: Lochness\n|\n|-heal|p2a: Heatran|72\/100|[from] item: Leftovers\n|upkeep\n|turn|37\n|\n|switch|p2a: Venusaur|Venusaur-Mega, M|73\/100\n|move|p1a: Lochness|Waterfall|p2a: Venusaur\n|-resisted|p2a: Venusaur\n|-damage|p2a: Venusaur|53\/100\n|\n|upkeep\n|turn|38\n|\n|move|p1a: Lochness|Earthquake|p2a: Venusaur\n|-damage|p2a: Venusaur|14\/100\n|move|p2a: Venusaur|Synthesis|p2a: Venusaur\n|-heal|p2a: Venusaur|64\/100\n|\n|upkeep\n|turn|39\n|\n|move|p1a: Lochness|Bounce|p2a: Venusaur|[still]\n|-prepare|p1a: Lochness|Bounce|p2a: Venusaur\n|move|p2a: Venusaur|Synthesis|p2a: Venusaur\n|-heal|p2a: Venusaur|100\/100\n|\n|upkeep\n|turn|40\n|\n|switch|p2a: Skarmory|Skarmory, F|12\/100\n|move|p1a: Lochness|Bounce|p2a: Skarmory|[from]lockedmove\n|-resisted|p2a: Skarmory\n|-damage|p2a: Skarmory|0 fnt\n|faint|p2a: Skarmory\n|-ability|p1a: Lochness|Moxie|boost\n|-boost|p1a: Lochness|atk|1\n|\n|upkeep\n|\n|switch|p2a: Venusaur|Venusaur-Mega, M|100\/100\n|turn|41\n|\n|switch|p2a: Heatran|Heatran, M|72\/100\n|move|p1a: Lochness|Earthquake|p2a: Heatran\n|-supereffective|p2a: Heatran\n|-damage|p2a: Heatran|0 fnt\n|faint|p2a: Heatran\n|-ability|p1a: Lochness|Moxie|boost\n|-boost|p1a: Lochness|atk|1\n|\n|upkeep\n|-message|hauntersnightmare forfeited.\n|\n|win|Cubielubie\n|l|\u2606hauntersnightmare\n|raw|Cubielubie's rating: 1477 &rarr; <strong>1494<\/strong><br \/>(+17 for winning)\n|raw|hauntersnightmare's rating: 1421 &rarr; <strong>1404<\/strong><br \/>(-17 for losing)\n","uploadtime":1540529678,"views":15,"p1id":"cubielubie","p2id":"hauntersnightmare","formatid":"gen7ou","rating":1404,"private":0,"password":null}