{"id":"gen7ou-740428997","p1":"SMxVale","p2":"TameFlame","format":"gen7ou","log":"|j|\u2606SMxVale\n|j|\u2606TameFlame\n|player|p1|SMxVale|102\n|player|p2|TameFlame|79\n|teamsize|p1|6\n|teamsize|p2|6\n|gametype|singles\n|gen|7\n|tier|[Gen 7] OU\n|rated|\n|rule|Sleep Clause Mod: Limit one foe put to sleep\n|rule|Species Clause: Limit one of each Pok\u00e9mon\n|rule|OHKO Clause: OHKO moves are banned\n|rule|Moody Clause: Moody is banned\n|rule|Evasion Moves Clause: Evasion moves are banned\n|rule|Endless Battle Clause: Forcing endless battles is banned\n|rule|HP Percentage Mod: HP is shown in percentages\n|clearpoke\n|poke|p1|Scizor, M|item\n|poke|p1|Tapu Koko|item\n|poke|p1|Latios, M|item\n|poke|p1|Landorus-Therian, M|item\n|poke|p1|Magearna|item\n|poke|p1|Mew|item\n|poke|p2|Pinsir, F|item\n|poke|p2|Landorus-Therian, M|item\n|poke|p2|Tapu Lele|item\n|poke|p2|Greninja, M|item\n|poke|p2|Toxapex, F|item\n|poke|p2|Excadrill, M|item\n|teampreview\n|inactive|Battle timer is ON: inactive players will automatically lose when time's up. (requested by TameFlame)\n|inactive|SMxVale has 135 seconds left.\n|\n|start\n|switch|p1a: Landorus|Landorus-Therian, M|100\/100\n|switch|p2a: Watrika|Tapu Lele|100\/100\n|-ability|p1a: Landorus|Intimidate|boost\n|-unboost|p2a: Watrika|atk|1\n|-fieldstart|move: Psychic Terrain|[from] ability: Psychic Surge|[of] p2a: Watrika\n|turn|1\n|inactive|SMxVale has 135 seconds left.\n|\n|move|p1a: Landorus|Swords Dance|p1a: Landorus\n|-boost|p1a: Landorus|atk|2\n|move|p2a: Watrika|Moonblast|p1a: Landorus\n|-damage|p1a: Landorus|29\/100\n|\n|upkeep\n|turn|2\n|inactive|SMxVale has 135 seconds left.\n|inactive|TameFlame has 135 seconds left.\n|\n|switch|p2a: Toxapex|Toxapex, F|100\/100\n|-zpower|p1a: Landorus\n|move|p1a: Landorus|Supersonic Skystrike|p2a: Toxapex|[zeffect]\n|-damage|p2a: Toxapex|0 fnt\n|faint|p2a: Toxapex\n|\n|upkeep\n|\n|switch|p2a: Tameflame|Pinsir, F|100\/100\n|turn|3\n|inactive|SMxVale also wants the timer to be on.\n|\n|-mega|p2a: Tameflame|Pinsir|Pinsirite\n|detailschange|p2a: Tameflame|Pinsir-Mega, F\n|move|p2a: Tameflame|Return|p1a: Landorus\n|-damage|p1a: Landorus|0 fnt\n|faint|p1a: Landorus\n|\n|upkeep\n|\n|switch|p1a: Tapu Koko|Tapu Koko|100\/100\n|-fieldstart|move: Electric Terrain|[from] ability: Electric Surge|[of] p1a: Tapu Koko\n|turn|4\n|\n|move|p1a: Tapu Koko|U-turn|p2a: Tameflame\n|-resisted|p2a: Tameflame\n|-damage|p2a: Tameflame|92\/100\n|\n|switch|p1a: Magearna|Magearna|100\/100\n|move|p2a: Tameflame|Return|p1a: Magearna\n|-resisted|p1a: Magearna\n|-damage|p1a: Magearna|73\/100\n|\n|upkeep\n|turn|5\n|\n|switch|p2a: Watrika|Tapu Lele|100\/100\n|-fieldstart|move: Psychic Terrain|[from] ability: Psychic Surge|[of] p2a: Watrika\n|move|p1a: Magearna|Ice Beam|p2a: Watrika\n|-damage|p2a: Watrika|86\/100\n|\n|upkeep\n|turn|6\n|\n|move|p2a: Watrika|Psyshock|p1a: Magearna\n|-resisted|p1a: Magearna\n|-damage|p1a: Magearna|46\/100\n|move|p1a: Magearna|Volt Switch|p2a: Watrika\n|-damage|p2a: Watrika|75\/100\n|inactive|SMxVale has 135 seconds left.\n|\n|switch|p1a: Tapu Koko|Tapu Koko|100\/100\n|-fieldstart|move: Electric Terrain|[from] ability: Electric Surge|[of] p1a: Tapu Koko\n|\n|upkeep\n|turn|7\n|\n|switch|p2a: Excadrill|Excadrill, M|100\/100\n|-ability|p2a: Excadrill|Mold Breaker\n|move|p1a: Tapu Koko|U-turn|p2a: Excadrill\n|-resisted|p2a: Excadrill\n|-damage|p2a: Excadrill|88\/100\n|\n|switch|p1a: Scizor|Scizor, M|100\/100\n|\n|upkeep\n|turn|8\n|inactive|TameFlame has 135 seconds left.\n|\n|switch|p2a: Tameflame2|Landorus-Therian, M|100\/100\n|-ability|p2a: Tameflame2|Intimidate|boost\n|-unboost|p1a: Scizor|atk|1\n|-mega|p1a: Scizor|Scizor|Scizorite\n|detailschange|p1a: Scizor|Scizor-Mega, M\n|move|p1a: Scizor|Superpower|p2a: Tameflame2\n|-resisted|p2a: Tameflame2\n|-damage|p2a: Tameflame2|84\/100\n|-unboost|p1a: Scizor|atk|1\n|-unboost|p1a: Scizor|def|1\n|\n|upkeep\n|turn|9\n|inactive|SMxVale has 135 seconds left.\n|\n|switch|p1a: Latios|Latios, M|100\/100\n|move|p2a: Tameflame2|Knock Off|p1a: Latios\n|-supereffective|p1a: Latios\n|-damage|p1a: Latios|0 fnt\n|-enditem|p1a: Latios|Life Orb|[from] move: Knock Off|[of] p2a: Tameflame2\n|faint|p1a: Latios\n|\n|upkeep\n|inactive|SMxVale has 135 seconds left.\n|\n|switch|p1a: Mew|Mew|100\/100\n|turn|10\n|\n|move|p1a: Mew|Ice Beam|p2a: Tameflame2\n|-supereffective|p2a: Tameflame2\n|-damage|p2a: Tameflame2|0 fnt\n|faint|p2a: Tameflame2\n|\n|-fieldend|move: Electric Terrain\n|upkeep\n|\n|switch|p2a: Greninja|Greninja, M|100\/100\n|turn|11\n|\n|switch|p1a: Magearna|Magearna|46\/100\n|move|p2a: Greninja|Hydro Pump|p1a: Magearna\n|-damage|p1a: Magearna|18\/100\n|\n|upkeep\n|turn|12\n|\n|move|p2a: Greninja|Hydro Pump|p1a: Magearna|[miss]\n|-miss|p2a: Greninja|p1a: Magearna\n|move|p1a: Magearna|Fleur Cannon|p2a: Greninja\n|-supereffective|p2a: Greninja\n|-damage|p2a: Greninja|0 fnt\n|-unboost|p1a: Magearna|spa|2\n|faint|p2a: Greninja\n|-ability|p1a: Magearna|Soul-Heart|boost\n|-boost|p1a: Magearna|spa|1\n|\n|upkeep\n|\n|switch|p2a: Tameflame|Pinsir-Mega, F|92\/100\n|turn|13\n|\n|move|p2a: Tameflame|Return|p1a: Magearna\n|-resisted|p1a: Magearna\n|-damage|p1a: Magearna|0 fnt\n|faint|p1a: Magearna\n|\n|upkeep\n|\n|switch|p1a: Scizor|Scizor-Mega, M|100\/100\n|turn|14\n|\n|move|p2a: Tameflame|Swords Dance|p2a: Tameflame\n|-boost|p2a: Tameflame|atk|2\n|move|p1a: Scizor|Knock Off|p2a: Tameflame\n|-damage|p2a: Tameflame|62\/100\n|\n|upkeep\n|turn|15\n|inactive|SMxVale has 135 seconds left.\n|\n|move|p1a: Scizor|Bullet Punch|p2a: Tameflame\n|-damage|p2a: Tameflame|19\/100\n|move|p2a: Tameflame|Return|p1a: Scizor\n|-damage|p1a: Scizor|0 fnt\n|faint|p1a: Scizor\n|\n|upkeep\n|\n|switch|p1a: Tapu Koko|Tapu Koko|100\/100\n|-fieldstart|move: Electric Terrain|[from] ability: Electric Surge|[of] p1a: Tapu Koko\n|turn|16\n|\n|switch|p2a: Excadrill|Excadrill, M|88\/100\n|-ability|p2a: Excadrill|Mold Breaker\n|move|p1a: Tapu Koko|Dazzling Gleam|p2a: Excadrill\n|-resisted|p2a: Excadrill\n|-damage|p2a: Excadrill|56\/100\n|\n|upkeep\n|turn|17\n|\n|move|p2a: Excadrill|Earthquake|p1a: Tapu Koko\n|-supereffective|p1a: Tapu Koko\n|-damage|p1a: Tapu Koko|0 fnt\n|faint|p1a: Tapu Koko\n|\n|upkeep\n|\n|switch|p1a: Mew|Mew|100\/100\n|turn|18\n|\n|move|p2a: Excadrill|Earthquake|p1a: Mew\n|-damage|p1a: Mew|63\/100\n|move|p1a: Mew|Flamethrower|p2a: Excadrill\n|-supereffective|p2a: Excadrill\n|-damage|p2a: Excadrill|0 fnt\n|faint|p2a: Excadrill\n|\n|-heal|p1a: Mew|69\/100|[from] item: Leftovers\n|upkeep\n|\n|switch|p2a: Tameflame|Pinsir-Mega, F|19\/100\n|turn|19\n|\n|move|p2a: Tameflame|Return|p1a: Mew\n|-damage|p1a: Mew|16\/100\n|move|p1a: Mew|Roost|p1a: Mew\n|-heal|p1a: Mew|66\/100\n|\n|-heal|p1a: Mew|72\/100|[from] item: Leftovers\n|upkeep\n|turn|20\n|inactive|TameFlame has 135 seconds left.\n|\n|move|p2a: Tameflame|Return|p1a: Mew\n|-damage|p1a: Mew|18\/100\n|move|p1a: Mew|Ice Beam|p2a: Tameflame\n|-supereffective|p2a: Tameflame\n|-damage|p2a: Tameflame|0 fnt\n|faint|p2a: Tameflame\n|\n|-heal|p1a: Mew|24\/100|[from] item: Leftovers\n|-fieldend|move: Electric Terrain\n|upkeep\n|\n|switch|p2a: Watrika|Tapu Lele|75\/100\n|-fieldstart|move: Psychic Terrain|[from] ability: Psychic Surge|[of] p2a: Watrika\n|turn|21\n|\n|move|p1a: Mew|Roost|p1a: Mew\n|-heal|p1a: Mew|74\/100\n|move|p2a: Watrika|Moonblast|p1a: Mew\n|-damage|p1a: Mew|32\/100\n|-unboost|p1a: Mew|spa|1\n|\n|-heal|p1a: Mew|38\/100|[from] item: Leftovers\n|upkeep\n|turn|22\n|\n|move|p1a: Mew|Roost|p1a: Mew\n|-heal|p1a: Mew|88\/100\n|move|p2a: Watrika|Moonblast|p1a: Mew\n|-damage|p1a: Mew|43\/100\n|\n|-heal|p1a: Mew|49\/100|[from] item: Leftovers\n|upkeep\n|turn|23\n|\n|move|p1a: Mew|Roost|p1a: Mew\n|-heal|p1a: Mew|99\/100\n|move|p2a: Watrika|Moonblast|p1a: Mew\n|-damage|p1a: Mew|54\/100\n|-unboost|p1a: Mew|spa|1\n|\n|-heal|p1a: Mew|61\/100|[from] item: Leftovers\n|upkeep\n|turn|24\n|inactive|TameFlame has 135 seconds left.\n|inactive|TameFlame has 120 seconds left.\n|\n|move|p1a: Mew|Ice Beam|p2a: Watrika\n|-damage|p2a: Watrika|69\/100\n|move|p2a: Watrika|Moonblast|p1a: Mew\n|-damage|p1a: Mew|17\/100\n|\n|-heal|p1a: Mew|23\/100|[from] item: Leftovers\n|upkeep\n|turn|25\n|\n|move|p1a: Mew|Roost|p1a: Mew\n|-heal|p1a: Mew|73\/100\n|move|p2a: Watrika|Moonblast|p1a: Mew\n|-damage|p1a: Mew|26\/100\n|\n|-heal|p1a: Mew|32\/100|[from] item: Leftovers\n|-fieldend|move: Psychic Terrain\n|upkeep\n|turn|26\n|\n|move|p1a: Mew|Roost|p1a: Mew\n|-heal|p1a: Mew|82\/100\n|move|p2a: Watrika|Moonblast|p1a: Mew\n|-damage|p1a: Mew|34\/100\n|\n|-heal|p1a: Mew|40\/100|[from] item: Leftovers\n|upkeep\n|turn|27\n|\n|move|p1a: Mew|Roost|p1a: Mew\n|-heal|p1a: Mew|90\/100\n|move|p2a: Watrika|Moonblast|p1a: Mew\n|-damage|p1a: Mew|43\/100\n|\n|-heal|p1a: Mew|49\/100|[from] item: Leftovers\n|upkeep\n|turn|28\n|\n|move|p1a: Mew|Roost|p1a: Mew\n|-heal|p1a: Mew|99\/100\n|move|p2a: Watrika|Moonblast|p1a: Mew\n|-crit|p1a: Mew\n|-damage|p1a: Mew|31\/100\n|\n|-heal|p1a: Mew|37\/100|[from] item: Leftovers\n|upkeep\n|turn|29\n|\n|move|p1a: Mew|Roost|p1a: Mew\n|-heal|p1a: Mew|87\/100\n|move|p2a: Watrika|Moonblast|p1a: Mew\n|-damage|p1a: Mew|37\/100\n|\n|-heal|p1a: Mew|44\/100|[from] item: Leftovers\n|upkeep\n|turn|30\n|inactive|TameFlame has 135 seconds left.\n|\n|move|p1a: Mew|Roost|p1a: Mew\n|-heal|p1a: Mew|94\/100\n|move|p2a: Watrika|Moonblast|p1a: Mew\n|-damage|p1a: Mew|50\/100\n|\n|-heal|p1a: Mew|57\/100|[from] item: Leftovers\n|upkeep\n|turn|31\n|\n|move|p1a: Mew|Ice Beam|p2a: Watrika\n|-damage|p2a: Watrika|62\/100\n|move|p2a: Watrika|Moonblast|p1a: Mew\n|-damage|p1a: Mew|9\/100\n|-unboost|p1a: Mew|spa|1\n|\n|-heal|p1a: Mew|15\/100|[from] item: Leftovers\n|upkeep\n|turn|32\n|\n|move|p1a: Mew|Roost|p1a: Mew\n|-heal|p1a: Mew|65\/100\n|move|p2a: Watrika|Moonblast|p1a: Mew\n|-damage|p1a: Mew|16\/100\n|-unboost|p1a: Mew|spa|1\n|\n|-heal|p1a: Mew|22\/100|[from] item: Leftovers\n|upkeep\n|turn|33\n|\n|move|p1a: Mew|Roost|p1a: Mew\n|-heal|p1a: Mew|72\/100\n|move|p2a: Watrika|Moonblast|p1a: Mew\n|-damage|p1a: Mew|26\/100\n|\n|-heal|p1a: Mew|32\/100|[from] item: Leftovers\n|upkeep\n|turn|34\n|\n|move|p1a: Mew|Roost|p1a: Mew\n|-heal|p1a: Mew|82\/100\n|move|p2a: Watrika|Moonblast|p1a: Mew\n|-damage|p1a: Mew|35\/100\n|\n|-heal|p1a: Mew|41\/100|[from] item: Leftovers\n|upkeep\n|turn|35\n|\n|move|p1a: Mew|Roost|p1a: Mew\n|-heal|p1a: Mew|91\/100\n|move|p2a: Watrika|Moonblast|p1a: Mew\n|-damage|p1a: Mew|43\/100\n|\n|-heal|p1a: Mew|50\/100|[from] item: Leftovers\n|upkeep\n|turn|36\n|\n|move|p1a: Mew|Ice Beam|p2a: Watrika\n|-damage|p2a: Watrika|58\/100\n|move|p2a: Watrika|Moonblast|p1a: Mew\n|-damage|p1a: Mew|6\/100\n|\n|-heal|p1a: Mew|12\/100|[from] item: Leftovers\n|upkeep\n|turn|37\n|\n|move|p1a: Mew|Roost|p1a: Mew\n|-heal|p1a: Mew|62\/100\n|move|p2a: Watrika|Moonblast|p1a: Mew\n|-damage|p1a: Mew|18\/100\n|\n|-heal|p1a: Mew|24\/100|[from] item: Leftovers\n|upkeep\n|turn|38\n|\n|move|p1a: Mew|Roost|p1a: Mew\n|-heal|p1a: Mew|74\/100\n|move|p2a: Watrika|Moonblast|p1a: Mew\n|-damage|p1a: Mew|32\/100\n|-unboost|p1a: Mew|spa|1\n|\n|-heal|p1a: Mew|38\/100|[from] item: Leftovers\n|upkeep\n|turn|39\n|\n|move|p1a: Mew|Ice Beam|p2a: Watrika\n|-damage|p2a: Watrika|54\/100\n|move|p2a: Watrika|Moonblast|p1a: Mew\n|-crit|p1a: Mew\n|-damage|p1a: Mew|0 fnt\n|faint|p1a: Mew\n|\n|win|TameFlame\n|c|\u2606TameFlame|Gg\n|c|\u2606TameFlame|Ez\n|raw|SMxVale's rating: 1617 &rarr; <strong>1598<\/strong><br \/>(-19 for losing)\n|raw|TameFlame's rating: 1630 &rarr; <strong>1649<\/strong><br \/>(+19 for winning)\n|l|\u2606SMxVale\n","inputlog":null,"uploadtime":1525102822,"views":48,"p1id":"smxvale","p2id":"tameflame","formatid":"gen7ou","rating":1598,"private":0,"password":null}