{"id":"gen7ou-860664307","p1":"Moskito Cup","p2":"Jebus1989_","format":"gen7ou","log":"|j|\u2606Moskito Cup\n|j|\u2606Jebus1989_\n|player|p1|Moskito Cup|1\n|player|p2|Jebus1989_|167\n|teamsize|p1|6\n|teamsize|p2|6\n|gametype|singles\n|gen|7\n|tier|[Gen 7] OU\n|rated|\n|rule|Sleep Clause Mod: Limit one foe put to sleep\n|rule|Species Clause: Limit one of each Pok\u00e9mon\n|rule|OHKO Clause: OHKO moves are banned\n|rule|Moody Clause: Moody is banned\n|rule|Evasion Moves Clause: Evasion moves are banned\n|rule|Endless Battle Clause: Forcing endless battles is banned\n|rule|HP Percentage Mod: HP is shown in percentages\n|clearpoke\n|poke|p1|Venusaur, M|item\n|poke|p1|Keldeo-Resolute|item\n|poke|p1|Skarmory, M|item\n|poke|p1|Chansey, F|item\n|poke|p1|Heatran, F|item\n|poke|p1|Bisharp, M|item\n|poke|p2|Volcanion|item\n|poke|p2|Scizor, M|item\n|poke|p2|Landorus-Therian, M|item\n|poke|p2|Tapu Koko|item\n|poke|p2|Clefable, F|item\n|poke|p2|Hawlucha, M|item\n|teampreview\n|inactive|Battle timer is ON: inactive players will automatically lose when time's up. (requested by Jebus1989_)\n|\n|start\n|switch|p1a: Heatran|Heatran, F|100\/100\n|switch|p2a: Volcanion|Volcanion|100\/100\n|turn|1\n|\n|move|p1a: Heatran|Toxic|p2a: Volcanion\n|-status|p2a: Volcanion|tox\n|move|p2a: Volcanion|Earth Power|p1a: Heatran\n|-supereffective|p1a: Heatran\n|-damage|p1a: Heatran|3\/100\n|\n|-heal|p1a: Heatran|9\/100|[from] item: Leftovers\n|-damage|p2a: Volcanion|94\/100 tox|[from] psn\n|upkeep\n|turn|2\n|\n|switch|p2a: Tapu Koko|Tapu Koko|100\/100\n|-fieldstart|move: Electric Terrain|[from] ability: Electric Surge|[of] p2a: Tapu Koko\n|move|p1a: Heatran|Stealth Rock|p2a: Tapu Koko\n|-sidestart|p2: Jebus1989_|move: Stealth Rock\n|\n|-heal|p1a: Heatran|16\/100|[from] item: Leftovers\n|upkeep\n|turn|3\n|\n|switch|p1a: Chansey|Chansey, F|100\/100\n|move|p2a: Tapu Koko|U-turn|p1a: Chansey\n|-damage|p1a: Chansey|86\/100\n|\n|switch|p2a: Scizor|Scizor, M|100\/100\n|-damage|p2a: Scizor|88\/100|[from] Stealth Rock\n|\n|upkeep\n|turn|4\n|\n|switch|p1a: Heatran|Heatran, F|16\/100\n|detailschange|p2a: Scizor|Scizor-Mega, M\n|-mega|p2a: Scizor|Scizor|Scizorite\n|move|p2a: Scizor|Knock Off|p1a: Heatran\n|-crit|p1a: Heatran\n|-damage|p1a: Heatran|0 fnt\n|-enditem|p1a: Heatran|Leftovers|[from] move: Knock Off|[of] p2a: Scizor\n|faint|p1a: Heatran\n|\n|upkeep\n|\n|switch|p1a: Keldeo|Keldeo-Resolute|100\/100\n|turn|5\n|\n|switch|p2a: Clefable|Clefable, F|100\/100\n|-damage|p2a: Clefable|88\/100|[from] Stealth Rock\n|move|p1a: Keldeo|Scald|p2a: Clefable\n|-damage|p2a: Clefable|48\/100\n|\n|-heal|p2a: Clefable|54\/100|[from] item: Leftovers\n|upkeep\n|turn|6\n|\n|switch|p1a: Bisharp|Bisharp, M|100\/100\n|move|p2a: Clefable|Protect||[still]\n|-fail|p2a: Clefable\n|\n|-heal|p2a: Clefable|60\/100|[from] item: Leftovers\n|-fieldend|move: Electric Terrain\n|upkeep\n|turn|7\n|\n|move|p1a: Bisharp|Knock Off|p2a: Clefable\n|-resisted|p2a: Clefable\n|-crit|p2a: Clefable\n|-damage|p2a: Clefable|30\/100\n|-enditem|p2a: Clefable|Leftovers|[from] move: Knock Off|[of] p1a: Bisharp\n|move|p2a: Clefable|Moonblast|p1a: Bisharp\n|-damage|p1a: Bisharp|61\/100\n|\n|-heal|p1a: Bisharp|67\/100|[from] item: Leftovers\n|upkeep\n|turn|8\n|\n|switch|p2a: Tapu Koko|Tapu Koko|100\/100\n|-damage|p2a: Tapu Koko|88\/100|[from] Stealth Rock\n|-fieldstart|move: Electric Terrain|[from] ability: Electric Surge|[of] p2a: Tapu Koko\n|move|p1a: Bisharp|Iron Head|p2a: Tapu Koko\n|-damage|p2a: Tapu Koko|29\/100\n|\n|-heal|p1a: Bisharp|73\/100|[from] item: Leftovers\n|upkeep\n|turn|9\n|\n|move|p1a: Bisharp|Sucker Punch|p2a: Tapu Koko\n|-resisted|p2a: Tapu Koko\n|-damage|p2a: Tapu Koko|0 fnt\n|faint|p2a: Tapu Koko\n|\n|-heal|p1a: Bisharp|79\/100|[from] item: Leftovers\n|upkeep\n|\n|switch|p2a: Landorus|Landorus-Therian, M|100\/100\n|-damage|p2a: Landorus|88\/100|[from] Stealth Rock\n|-ability|p2a: Landorus|Intimidate|boost\n|-unboost|p1a: Bisharp|atk|1\n|-ability|p1a: Bisharp|Defiant|boost\n|-boost|p1a: Bisharp|atk|2\n|turn|10\n|\n|move|p1a: Bisharp|Sucker Punch|p2a: Landorus\n|-crit|p2a: Landorus\n|-damage|p2a: Landorus|7\/100\n|move|p2a: Landorus|Earthquake|p1a: Bisharp\n|-supereffective|p1a: Bisharp\n|-damage|p1a: Bisharp|0 fnt\n|faint|p1a: Bisharp\n|\n|upkeep\n|\n|switch|p1a: Skarmory|Skarmory, M|100\/100\n|turn|11\n|j| plt josifdin\n|\n|move|p2a: Landorus|Defog|p1a: Skarmory\n|-unboost|p1a: Skarmory|evasion|1\n|-sideend|p2: Jebus1989_|Stealth Rock|[from] move: Defog|[of] p2a: Landorus\n|move|p1a: Skarmory|Whirlwind|p2a: Landorus\n|drag|p2a: Hawlucha|Hawlucha, M, shiny|100\/100\n|-enditem|p2a: Hawlucha|Electric Seed\n|-boost|p2a: Hawlucha|def|1\n|\n|upkeep\n|turn|12\n|\n|switch|p2a: Clefable|Clefable, F|30\/100\n|move|p1a: Skarmory|Spikes|p2a: Clefable\n|-sidestart|p2: Jebus1989_|Spikes\n|\n|-fieldend|move: Electric Terrain\n|upkeep\n|turn|13\n|\n|move|p1a: Skarmory|Brave Bird|p2a: Clefable\n|-damage|p2a: Clefable|5\/100\n|-damage|p1a: Skarmory|91\/100|[from] Recoil\n|move|p2a: Clefable|Wish|p2a: Clefable\n|\n|upkeep\n|turn|14\n|\n|move|p2a: Clefable|Protect|p2a: Clefable\n|-singleturn|p2a: Clefable|Protect\n|move|p1a: Skarmory|Whirlwind|p2a: Clefable\n|drag|p2a: Landorus|Landorus-Therian, M|7\/100\n|-ability|p2a: Landorus|Intimidate|boost\n|-unboost|p1a: Skarmory|atk|1\n|\n|-heal|p2a: Landorus|67\/100|[from] move: Wish|[wisher] Clefable\n|upkeep\n|turn|15\n|\n|switch|p1a: Keldeo|Keldeo-Resolute|100\/100\n|move|p2a: Landorus|Defog|p1a: Keldeo\n|-unboost|p1a: Keldeo|evasion|1\n|-sideend|p2: Jebus1989_|Spikes|[from] move: Defog|[of] p2a: Landorus\n|\n|upkeep\n|turn|16\n|\n|switch|p2a: Volcanion|Volcanion|94\/100 tox\n|move|p1a: Keldeo|Substitute|p1a: Keldeo\n|-start|p1a: Keldeo|Substitute\n|-damage|p1a: Keldeo|75\/100\n|\n|-heal|p1a: Keldeo|82\/100|[from] item: Leftovers\n|-damage|p2a: Volcanion|88\/100 tox|[from] psn\n|upkeep\n|turn|17\n|\n|move|p1a: Keldeo|Calm Mind|p1a: Keldeo\n|-boost|p1a: Keldeo|spa|1\n|-boost|p1a: Keldeo|spd|1\n|move|p2a: Volcanion|Sludge Wave|p1a: Keldeo\n|-end|p1a: Keldeo|Substitute\n|\n|-heal|p1a: Keldeo|88\/100|[from] item: Leftovers\n|-damage|p2a: Volcanion|76\/100 tox|[from] psn\n|upkeep\n|turn|18\n|\n|move|p1a: Keldeo|Secret Sword|p2a: Volcanion\n|-damage|p2a: Volcanion|29\/100 tox\n|move|p2a: Volcanion|Sludge Wave|p1a: Keldeo\n|-crit|p1a: Keldeo\n|-damage|p1a: Keldeo|33\/100\n|\n|-heal|p1a: Keldeo|39\/100|[from] item: Leftovers\n|-damage|p2a: Volcanion|10\/100 tox|[from] psn\n|upkeep\n|-enditem|p2a: Volcanion|Iapapa Berry|[eat]\n|-heal|p2a: Volcanion|60\/100 tox|[from] item: Iapapa Berry\n|turn|19\n|\n|move|p1a: Keldeo|Substitute|p1a: Keldeo\n|-start|p1a: Keldeo|Substitute\n|-damage|p1a: Keldeo|14\/100\n|move|p2a: Volcanion|Sludge Wave|p1a: Keldeo\n|-activate|p1a: Keldeo|move: Substitute|[damage]\n|\n|-heal|p1a: Keldeo|20\/100|[from] item: Leftovers\n|-damage|p2a: Volcanion|36\/100 tox|[from] psn\n|upkeep\n|turn|20\n|\n|move|p1a: Keldeo|Secret Sword|p2a: Volcanion\n|-damage|p2a: Volcanion|0 fnt\n|faint|p2a: Volcanion\n|\n|-heal|p1a: Keldeo|26\/100|[from] item: Leftovers\n|upkeep\n|\n|switch|p2a: Scizor|Scizor-Mega, M|88\/100\n|turn|21\n|\n|move|p2a: Scizor|Bullet Punch|p1a: Keldeo\n|-resisted|p1a: Keldeo\n|-end|p1a: Keldeo|Substitute\n|move|p1a: Keldeo|Scald|p2a: Scizor\n|-damage|p2a: Scizor|25\/100\n|\n|-heal|p1a: Keldeo|32\/100|[from] item: Leftovers\n|upkeep\n|turn|22\n|\n|move|p2a: Scizor|Bullet Punch|p1a: Keldeo\n|-resisted|p1a: Keldeo\n|-damage|p1a: Keldeo|11\/100\n|move|p1a: Keldeo|Scald|p2a: Scizor\n|-damage|p2a: Scizor|0 fnt\n|faint|p2a: Scizor\n|\n|-heal|p1a: Keldeo|17\/100|[from] item: Leftovers\n|upkeep\n|\n|switch|p2a: Landorus|Landorus-Therian, M|67\/100\n|-ability|p2a: Landorus|Intimidate|boost\n|-unboost|p1a: Keldeo|atk|1\n|turn|23\n|\n|move|p1a: Keldeo|Scald|p2a: Landorus\n|-supereffective|p2a: Landorus\n|-damage|p2a: Landorus|0 fnt\n|faint|p2a: Landorus\n|\n|-heal|p1a: Keldeo|23\/100|[from] item: Leftovers\n|upkeep\n|-message|Jebus1989_ forfeited.\n|\n|win|Moskito Cup\n|l|\u2606Jebus1989_\n|raw|Moskito Cup's rating: 1927 &rarr; <strong>1944<\/strong><br \/>(+17 for winning)\n|raw|Jebus1989_'s rating: 1870 &rarr; <strong>1853<\/strong><br \/>(-17 for losing)\n|l|\u2606Moskito Cup\n|l| plt josifdin\n|j|\u2606Jebus1989_\n","uploadtime":1549777675,"views":315,"p1id":"moskitocup","p2id":"jebus1989","formatid":"gen7ou","rating":1853,"private":0,"password":null}