{"id":"gen7uu-1438127018","p1":"xasahbae","p2":"skylermaser","format":"gen7uu","log":"|j|\u2606xasahbae\n|j|\u2606skylermaser\n|inactive|Battle timer is ON: inactive players will automatically lose when time's up.\n|t:|1634630212\n|gametype|singles\n|player|p1|xasahbae|lass-gen4dp|\n|player|p2|skylermaser|2|\n|teamsize|p1|6\n|teamsize|p2|6\n|gen|7\n|tier|[Gen 7] UU\n|rated|Tournament battle\n|rule|Sleep Clause Mod: Limit one foe put to sleep\n|rule|Species Clause: Limit one of each Pok\u00e9mon\n|rule|OHKO Clause: OHKO moves are banned\n|rule|Moody Clause: Moody is banned\n|rule|Evasion Moves Clause: Evasion moves are banned\n|rule|Endless Battle Clause: Forcing endless battles is banned\n|rule|HP Percentage Mod: HP is shown in percentages\n|clearpoke\n|poke|p1|Rotom-Heat|item\n|poke|p1|Altaria, F|item\n|poke|p1|Tentacruel, M|item\n|poke|p1|Krookodile, M|item\n|poke|p1|Necrozma|item\n|poke|p1|Scizor, F|item\n|poke|p2|Sharpedo, F|item\n|poke|p2|Latias, F|item\n|poke|p2|Froslass, F|item\n|poke|p2|Cobalion|item\n|poke|p2|Mimikyu, F|item\n|poke|p2|Mamoswine, F|item\n|teampreview\n|j|*Lady Monita \u263d\n|\n|t:|1634630232\n|start\n|switch|p1a: Scizor|Scizor, F|100\/100\n|switch|p2a: icy waifu|Froslass, F|100\/100\n|turn|1\n|\n|t:|1634630255\n|move|p2a: icy waifu|Taunt|p1a: Scizor\n|-start|p1a: Scizor|move: Taunt\n|move|p1a: Scizor|U-turn|p2a: icy waifu\n|-resisted|p2a: icy waifu\n|-damage|p2a: icy waifu|77\/100\n|\n|t:|1634630261\n|switch|p1a: Krookodile|Krookodile, M|100\/100|[from]move: U-turn\n|-ability|p1a: Krookodile|Intimidate|boost\n|-unboost|p2a: icy waifu|atk|1\n|\n|upkeep\n|turn|2\n|\n|t:|1634630278\n|move|p1a: Krookodile|Knock Off|p2a: icy waifu\n|-supereffective|p2a: icy waifu\n|-damage|p2a: icy waifu|0 fnt\n|-enditem|p2a: icy waifu|Focus Sash|[from] move: Knock Off|[of] p1a: Krookodile\n|faint|p2a: icy waifu\n|\n|upkeep\n|\n|t:|1634630289\n|switch|p2a: DONALD2020|Cobalion|100\/100\n|turn|3\n|\n|t:|1634630293\n|switch|p1a: Rotom|Rotom-Heat|100\/100\n|move|p2a: DONALD2020|Stealth Rock|p1a: Rotom\n|-sidestart|p1: xasahbae|move: Stealth Rock\n|\n|upkeep\n|turn|4\n|\n|t:|1634630301\n|switch|p2a: memoswine|Mamoswine, F|100\/100\n|move|p1a: Rotom|Volt Switch|p2a: memoswine\n|-immune|p2a: memoswine\n|\n|upkeep\n|turn|5\n|\n|t:|1634630310\n|move|p1a: Rotom|Will-O-Wisp|p2a: memoswine\n|-status|p2a: memoswine|brn\n|move|p2a: memoswine|Knock Off|p1a: Rotom\n|-damage|p1a: Rotom|72\/100\n|-enditem|p1a: Rotom|Leftovers|[from] move: Knock Off|[of] p2a: memoswine\n|-damage|p2a: memoswine|91\/100 brn|[from] item: Life Orb\n|\n|-damage|p2a: memoswine|84\/100 brn|[from] brn\n|upkeep\n|turn|6\n|\n|t:|1634630317\n|move|p1a: Rotom|Overheat|p2a: memoswine|[miss]\n|-miss|p1a: Rotom|p2a: memoswine\n|move|p2a: memoswine|Icicle Crash|p1a: Rotom|[miss]\n|-miss|p2a: memoswine|p1a: Rotom\n|\n|-damage|p2a: memoswine|78\/100 brn|[from] brn\n|upkeep\n|turn|7\n|j| DanDaMan99\n|\n|t:|1634630339\n|switch|p2a: jaws (i am shark)|Sharpedo, F|100\/100\n|move|p1a: Rotom|Overheat|p2a: jaws (i am shark)\n|-resisted|p2a: jaws (i am shark)\n|-damage|p2a: jaws (i am shark)|41\/100\n|-unboost|p1a: Rotom|spa|2\n|\n|upkeep\n|turn|8\n|j| ii88\n|j| PokeArt2004\u2764\n|l| ii88\n|inactive|xasahbae has 120 seconds left.\n|\n|t:|1634630367\n|switch|p1a: Scizor|Scizor, F|100\/100\n|-damage|p1a: Scizor|88\/100|[from] Stealth Rock\n|move|p2a: jaws (i am shark)|Protect||[still]\n|-fail|p2a: jaws (i am shark)\n|\n|-ability|p2a: jaws (i am shark)|Speed Boost|boost\n|-boost|p2a: jaws (i am shark)|spe|1\n|upkeep\n|turn|9\n|inactive|xasahbae has 120 seconds left.\n|\n|t:|1634630412\n|switch|p2a: memoswine|Mamoswine, F|78\/100 brn\n|-zpower|p1a: Scizor\n|move|p1a: Scizor|Savage Spin-Out|p2a: memoswine|[zeffect]\n|-damage|p2a: memoswine|0 fnt\n|faint|p2a: memoswine\n|\n|upkeep\n|\n|t:|1634630428\n|switch|p2a: DONALD2020|Cobalion|100\/100\n|turn|10\n|\n|t:|1634630433\n|move|p2a: DONALD2020|Close Combat|p1a: Scizor\n|-damage|p1a: Scizor|42\/100\n|-unboost|p2a: DONALD2020|def|1\n|-unboost|p2a: DONALD2020|spd|1\n|move|p1a: Scizor|U-turn|p2a: DONALD2020\n|-resisted|p2a: DONALD2020\n|-damage|p2a: DONALD2020|88\/100\n|\n|t:|1634630448\n|switch|p1a: Tentacruel|Tentacruel, M|100\/100|[from]move: U-turn\n|-damage|p1a: Tentacruel|88\/100|[from] Stealth Rock\n|\n|-heal|p1a: Tentacruel|94\/100|[from] item: Black Sludge\n|upkeep\n|turn|11\n|inactive|xasahbae has 90 seconds left.\n|j| prenklo\n|\n|t:|1634630478\n|switch|p2a: mi mi mi sexy mimi|Mimikyu, F|100\/100\n|move|p1a: Tentacruel|Scald|p2a: mi mi mi sexy mimi\n|-activate|p2a: mi mi mi sexy mimi|ability: Disguise\n|-damage|p2a: mi mi mi sexy mimi|100\/100\n|detailschange|p2a: mi mi mi sexy mimi|Mimikyu-Busted, F\n|\n|-heal|p1a: Tentacruel|99\/100|[from] item: Black Sludge\n|upkeep\n|turn|12\n|\n|t:|1634630485\n|move|p2a: mi mi mi sexy mimi|Swords Dance|p2a: mi mi mi sexy mimi\n|-boost|p2a: mi mi mi sexy mimi|atk|2\n|move|p1a: Tentacruel|Scald|p2a: mi mi mi sexy mimi\n|-damage|p2a: mi mi mi sexy mimi|69\/100\n|\n|-heal|p1a: Tentacruel|100\/100|[from] item: Black Sludge\n|upkeep\n|turn|13\n|inactive|xasahbae has 90 seconds left.\n|\n|t:|1634630492\n|move|p2a: mi mi mi sexy mimi|Shadow Claw|p1a: Tentacruel\n|-damage|p1a: Tentacruel|13\/100\n|-damage|p2a: mi mi mi sexy mimi|59\/100|[from] item: Life Orb\n|move|p1a: Tentacruel|Haze|p1a: Tentacruel\n|-clearallboost\n|\n|-heal|p1a: Tentacruel|20\/100|[from] item: Black Sludge\n|upkeep\n|turn|14\n|\n|t:|1634630500\n|move|p2a: mi mi mi sexy mimi|Shadow Claw|p1a: Tentacruel\n|-damage|p1a: Tentacruel|0 fnt\n|faint|p1a: Tentacruel\n|-damage|p2a: mi mi mi sexy mimi|50\/100|[from] item: Life Orb\n|\n|upkeep\n|inactive|xasahbae has 90 seconds left.\n|\n|t:|1634630516\n|switch|p1a: Scizor|Scizor, F|42\/100\n|-damage|p1a: Scizor|30\/100|[from] Stealth Rock\n|turn|15\n|\n|t:|1634630520\n|move|p2a: mi mi mi sexy mimi|Shadow Sneak|p1a: Scizor\n|-damage|p1a: Scizor|10\/100\n|-damage|p2a: mi mi mi sexy mimi|40\/100|[from] item: Life Orb\n|move|p1a: Scizor|Bullet Punch|p2a: mi mi mi sexy mimi\n|-supereffective|p2a: mi mi mi sexy mimi\n|-damage|p2a: mi mi mi sexy mimi|0 fnt\n|faint|p2a: mi mi mi sexy mimi\n|\n|upkeep\n|\n|t:|1634630530\n|switch|p2a: DONALD2020|Cobalion|88\/100\n|turn|16\n|\n|t:|1634630533\n|move|p2a: DONALD2020|Iron Head|p1a: Scizor\n|-resisted|p1a: Scizor\n|-damage|p1a: Scizor|0 fnt\n|faint|p1a: Scizor\n|\n|upkeep\n|\n|t:|1634630540\n|switch|p1a: Rotom|Rotom-Heat|72\/100\n|-damage|p1a: Rotom|47\/100|[from] Stealth Rock\n|turn|17\n|\n|t:|1634630545\n|move|p2a: DONALD2020|Close Combat|p1a: Rotom\n|-damage|p1a: Rotom|0 fnt\n|-unboost|p2a: DONALD2020|def|1\n|-unboost|p2a: DONALD2020|spd|1\n|faint|p1a: Rotom\n|\n|upkeep\n|inactive|xasahbae has 120 seconds left.\n|\n|t:|1634630575\n|switch|p1a: Krookodile|Krookodile, M|100\/100\n|-damage|p1a: Krookodile|94\/100|[from] Stealth Rock\n|-ability|p1a: Krookodile|Intimidate|boost\n|-unboost|p2a: DONALD2020|atk|1\n|turn|18\n|\n|t:|1634630596\n|move|p1a: Krookodile|Earthquake|p2a: DONALD2020\n|-supereffective|p2a: DONALD2020\n|-enditem|p2a: DONALD2020|Shuca Berry|[eat]\n|-enditem|p2a: DONALD2020|Shuca Berry|[weaken]\n|-damage|p2a: DONALD2020|24\/100\n|move|p2a: DONALD2020|Close Combat|p1a: Krookodile\n|-supereffective|p1a: Krookodile\n|-damage|p1a: Krookodile|9\/100\n|-unboost|p2a: DONALD2020|def|1\n|-unboost|p2a: DONALD2020|spd|1\n|\n|upkeep\n|turn|19\n|l| DanDaMan99\n|inactive|xasahbae has 120 seconds left.\n|\n|t:|1634630603\n|move|p1a: Krookodile|Earthquake|p2a: DONALD2020\n|-supereffective|p2a: DONALD2020\n|-damage|p2a: DONALD2020|0 fnt\n|faint|p2a: DONALD2020\n|\n|upkeep\n|\n|t:|1634630607\n|switch|p2a: jaws (i am shark)|Sharpedo, F|41\/100\n|turn|20\n|\n|t:|1634630609\n|move|p2a: jaws (i am shark)|Protect|p2a: jaws (i am shark)\n|-singleturn|p2a: jaws (i am shark)|Protect\n|move|p1a: Krookodile|Earthquake|p2a: jaws (i am shark)\n|-activate|p2a: jaws (i am shark)|move: Protect\n|\n|-ability|p2a: jaws (i am shark)|Speed Boost|boost\n|-boost|p2a: jaws (i am shark)|spe|1\n|upkeep\n|turn|21\n|\n|t:|1634630612\n|detailschange|p2a: jaws (i am shark)|Sharpedo-Mega, F\n|-mega|p2a: jaws (i am shark)|Sharpedo|Sharpedonite\n|move|p1a: Krookodile|Earthquake|p2a: jaws (i am shark)\n|-damage|p2a: jaws (i am shark)|0 fnt\n|faint|p2a: jaws (i am shark)\n|\n|upkeep\n|\n|t:|1634630615\n|switch|p2a: BLM IS A JOKE|Latias, F|100\/100\n|turn|22\n|\n|t:|1634630621\n|switch|p1a: Altaria|Altaria, F|100\/100\n|-damage|p1a: Altaria|76\/100|[from] Stealth Rock\n|move|p2a: BLM IS A JOKE|Calm Mind|p2a: BLM IS A JOKE\n|-boost|p2a: BLM IS A JOKE|spa|1\n|-boost|p2a: BLM IS A JOKE|spd|1\n|\n|upkeep\n|turn|23\n|\n|t:|1634630625\n|detailschange|p1a: Altaria|Altaria-Mega, F\n|-mega|p1a: Altaria|Altaria|Altarianite\n|-zpower|p2a: BLM IS A JOKE\n|move|p2a: BLM IS A JOKE|Devastating Drake|p1a: Altaria|[zeffect]\n|-immune|p1a: Altaria\n|move|p1a: Altaria|Frustration|p2a: BLM IS A JOKE\n|-supereffective|p2a: BLM IS A JOKE\n|-damage|p2a: BLM IS A JOKE|0 fnt\n|faint|p2a: BLM IS A JOKE\n|\n|win|xasahbae\n|n|\u2606xasahbae|xasahbae\n|n|\u2606skylermaser|skylermaser\n|n|*Lady Monita \u263d|ladymonita\n|n| PokeArt2004\u2764|pokeart2004\n|n| prenklo|prenklo\n|l|*Lady Monita \u263d\n|j| DanDaMan99\n|c|\u2606xasahbae|gg\n|l| DanDaMan99\n","uploadtime":1634630630,"views":8,"p1id":"xasahbae","p2id":"skylermaser","formatid":"gen7uu","rating":0,"private":0,"password":null}