{"id":"gen7ou-1166945182","p1":"Coqueliqueue","p2":"MAVERICK SHOOTERS","format":"gen7ou","log":"|j|\u2606Coqueliqueue\n|j|\u2606MAVERICK SHOOTERS\n|t:|1597137660\n|player|p1|Coqueliqueue|rood|1304\n|player|p2|MAVERICK SHOOTERS|brawly|1181\n|teamsize|p1|6\n|teamsize|p2|6\n|gametype|singles\n|gen|7\n|tier|[Gen 7] OU\n|rated|\n|clearpoke\n|poke|p1|Kyurem-Black|item\n|poke|p1|Alakazam, F|item\n|poke|p1|Greninja, M|item\n|poke|p1|Azumarill, M|item\n|poke|p1|Serperior, M|item\n|poke|p1|Hawlucha, M|item\n|poke|p2|Azumarill, M|item\n|poke|p2|Excadrill, M|item\n|poke|p2|Charizard, F|item\n|poke|p2|Magearna|item\n|poke|p2|Tapu Koko|item\n|poke|p2|Hawlucha, F|item\n|rule|Sleep Clause Mod: Limit one foe put to sleep\n|rule|Species Clause: Limit one of each Pok\u00e9mon\n|rule|OHKO Clause: OHKO moves are banned\n|rule|Moody Clause: Moody is banned\n|rule|Evasion Moves Clause: Evasion moves are banned\n|rule|Endless Battle Clause: Forcing endless battles is banned\n|rule|HP Percentage Mod: HP is shown in percentages\n|teampreview\n|\n|t:|1597137673\n|start\n|switch|p1a: Kyurem|Kyurem-Black|100\/100\n|switch|p2a: Excadrill|Excadrill, M|100\/100\n|-ability|p1a: Kyurem|Teravolt\n|-ability|p2a: Excadrill|Mold Breaker\n|turn|1\n|\n|t:|1597137703\n|switch|p1a: Azumarill|Azumarill, M|100\/100\n|move|p2a: Excadrill|Stealth Rock|p1a: Azumarill\n|-sidestart|p1: Coqueliqueue|move: Stealth Rock\n|\n|upkeep\n|turn|2\n|\n|t:|1597137728\n|move|p2a: Excadrill|Earthquake|p1a: Azumarill\n|-damage|p1a: Azumarill|46\/100\n|-zpower|p1a: Azumarill\n|move|p1a: Azumarill|Z-Belly Drum|p1a: Azumarill|[anim]Belly Drum\n|-heal|p1a: Azumarill|100\/100|[zeffect]\n|-damage|p1a: Azumarill|51\/100\n|-setboost|p1a: Azumarill|atk|6|[from] move: Belly Drum\n|\n|upkeep\n|turn|3\n|\n|t:|1597137740\n|move|p1a: Azumarill|Aqua Jet|p2a: Excadrill\n|-supereffective|p2a: Excadrill\n|-enditem|p2a: Excadrill|Focus Sash\n|-damage|p2a: Excadrill|1\/100\n|move|p2a: Excadrill|Earthquake|p1a: Azumarill\n|-damage|p1a: Azumarill|0 fnt\n|faint|p1a: Azumarill\n|\n|upkeep\n|c|\u2606Coqueliqueue|Your name is too long i cant forfeit\n|\n|t:|1597137785\n|switch|p1a: Greninja|Greninja, M|100\/100\n|-damage|p1a: Greninja|88\/100|[from] Stealth Rock\n|turn|4\n|\n|t:|1597137801\n|move|p1a: Greninja|Surf|p2a: Excadrill\n|-supereffective|p2a: Excadrill\n|-damage|p2a: Excadrill|0 fnt\n|faint|p2a: Excadrill\n|-activate|p1a: Greninja|ability: Battle Bond\n|detailschange|p1a: Greninja|Greninja-Ash, M\n|\n|upkeep\n|\n|t:|1597137817\n|switch|p2a: Tapu Koko|Tapu Koko|100\/100\n|-fieldstart|move: Electric Terrain|[from] ability: Electric Surge|[of] p2a: Tapu Koko\n|turn|5\n|\n|t:|1597137824\n|move|p1a: Greninja|Surf|p2a: Tapu Koko\n|-damage|p2a: Tapu Koko|3\/100\n|move|p2a: Tapu Koko|Light Screen|p2a: Tapu Koko\n|-sidestart|p2: MAVERICK SHOOTERS|move: Light Screen\n|\n|upkeep\n|turn|6\n|\n|t:|1597137833\n|switch|p2a: Magearna|Magearna|100\/100\n|move|p1a: Greninja|Surf|p2a: Magearna\n|-damage|p2a: Magearna|67\/100\n|\n|-heal|p2a: Magearna|74\/100|[from] item: Leftovers\n|upkeep\n|turn|7\n|\n|t:|1597137853\n|switch|p1a: Kyurem|Kyurem-Black|100\/100\n|-damage|p1a: Kyurem|76\/100|[from] Stealth Rock\n|-ability|p1a: Kyurem|Teravolt\n|move|p2a: Magearna|Shift Gear|p2a: Magearna\n|-boost|p2a: Magearna|spe|2\n|-boost|p2a: Magearna|atk|1\n|\n|-heal|p2a: Magearna|80\/100|[from] item: Leftovers\n|upkeep\n|turn|8\n|c|\u2606MAVERICK SHOOTERS|!weak kyurem-black\n|c| MAVERICK SHOOTERS|\/raw <div class=\"infobox\">Kyurem-Black (ignoring abilities):<br \/><span class=\"message-effect-weak\">Weaknesses<\/span>: Dragon, Fairy, Fighting, Rock, Steel<br \/><span class=\"message-effect-resist\">Resistances<\/span>: Electric, Grass, Water<br \/><span class=\"message-effect-immune\">Immunities<\/span>: Frozen, Hail damage<\/div>\n|\n|t:|1597137882\n|move|p1a: Kyurem|Fusion Bolt|p2a: Magearna\n|-damage|p2a: Magearna|22\/100\n|move|p2a: Magearna|Calm Mind|p2a: Magearna\n|-boost|p2a: Magearna|spa|1\n|-boost|p2a: Magearna|spd|1\n|\n|-heal|p2a: Magearna|28\/100|[from] item: Leftovers\n|upkeep\n|turn|9\n|\n|t:|1597137891\n|move|p1a: Kyurem|Fusion Bolt|p2a: Magearna\n|-damage|p2a: Magearna|0 fnt\n|faint|p2a: Magearna\n|\n|-fieldend|move: Electric Terrain\n|upkeep\n|\n|t:|1597137902\n|switch|p2a: Tapu Koko|Tapu Koko|3\/100\n|-fieldstart|move: Electric Terrain|[from] ability: Electric Surge|[of] p2a: Tapu Koko\n|turn|10\n|c|\u2606Coqueliqueue|Why bro 0_0\n|\n|t:|1597137908\n|move|p1a: Kyurem|Fusion Bolt|p2a: Tapu Koko\n|-resisted|p2a: Tapu Koko\n|-damage|p2a: Tapu Koko|0 fnt\n|faint|p2a: Tapu Koko\n|\n|upkeep\n|c|\u2606MAVERICK SHOOTERS|ur choice scarf\n|\n|t:|1597137920\n|switch|p2a: Hawlucha|Hawlucha, F|100\/100\n|-enditem|p2a: Hawlucha|Electric Seed\n|-boost|p2a: Hawlucha|def|1|[from] item: Electric Seed\n|turn|11\n|c|\u2606Coqueliqueue|yep\n|\n|t:|1597137935\n|move|p2a: Hawlucha|Swords Dance|p2a: Hawlucha\n|-boost|p2a: Hawlucha|atk|2\n|move|p1a: Kyurem|Fusion Bolt|p2a: Hawlucha\n|-supereffective|p2a: Hawlucha\n|-damage|p2a: Hawlucha|0 fnt\n|faint|p2a: Hawlucha\n|\n|upkeep\n|\n|t:|1597137943\n|switch|p2a: Charizard|Charizard, F|100\/100\n|turn|12\n|c|\u2606Coqueliqueue|????\n|\n|t:|1597137949\n|detailschange|p2a: Charizard|Charizard-Mega-X, F\n|-mega|p2a: Charizard|Charizard|Charizardite X\n|move|p1a: Kyurem|Fusion Bolt|p2a: Charizard\n|-resisted|p2a: Charizard\n|-damage|p2a: Charizard|64\/100\n|move|p2a: Charizard|Dragon Dance|p2a: Charizard\n|-boost|p2a: Charizard|atk|1\n|-boost|p2a: Charizard|spe|1\n|\n|-sideend|p2: MAVERICK SHOOTERS|move: Light Screen\n|upkeep\n|turn|13\n|c|\u2606Coqueliqueue|You could do close combat\n|\n|t:|1597137964\n|move|p2a: Charizard|Dragon Dance|p2a: Charizard\n|-boost|p2a: Charizard|atk|1\n|-boost|p2a: Charizard|spe|1\n|move|p1a: Kyurem|Fusion Bolt|p2a: Charizard\n|-resisted|p2a: Charizard\n|-damage|p2a: Charizard|30\/100\n|\n|upkeep\n|turn|14\n|\n|t:|1597137972\n|move|p2a: Charizard|Outrage|p1a: Kyurem\n|-supereffective|p1a: Kyurem\n|-damage|p1a: Kyurem|0 fnt\n|faint|p1a: Kyurem\n|\n|-fieldend|move: Electric Terrain\n|upkeep\n|\n|t:|1597137985\n|switch|p1a: Serperior|Serperior, M|100\/100\n|-damage|p1a: Serperior|88\/100|[from] Stealth Rock\n|turn|15\n|\n|t:|1597137992\n|move|p2a: Charizard|Outrage|p1a: Serperior|[from]lockedmove\n|-damage|p1a: Serperior|0 fnt\n|faint|p1a: Serperior\n|\n|upkeep\n|c|\u2606Coqueliqueue|Ohho\n|\n|t:|1597138001\n|switch|p1a: Greninja|Greninja-Ash, M|88\/100\n|-damage|p1a: Greninja|76\/100|[from] Stealth Rock\n|turn|16\n|\n|t:|1597138007\n|move|p2a: Charizard|Outrage|p1a: Greninja|[from]lockedmove\n|-damage|p1a: Greninja|0 fnt\n|-start|p2a: Charizard|confusion|[fatigue]\n|faint|p1a: Greninja\n|\n|upkeep\n|\n|t:|1597138020\n|switch|p1a: Alakazam|Alakazam, F|100\/100\n|-damage|p1a: Alakazam|88\/100|[from] Stealth Rock\n|turn|17\n|\n|t:|1597138030\n|detailschange|p1a: Alakazam|Alakazam-Mega, F\n|-mega|p1a: Alakazam|Alakazam|Alakazite\n|-ability|p1a: Alakazam|Tough Claws|[from] ability: Trace|[of] p2a: Charizard\n|-activate|p2a: Charizard|confusion\n|-damage|p2a: Charizard|3\/100|[from] confusion\n|move|p1a: Alakazam|Dazzling Gleam|p2a: Charizard\n|-damage|p2a: Charizard|0 fnt\n|faint|p2a: Charizard\n|\n|upkeep\n|\n|t:|1597138038\n|switch|p2a: Azumarill|Azumarill, M, shiny|100\/100\n|turn|18\n|c|\u2606Coqueliqueue|Bruuuh\n|\n|t:|1597138044\n|move|p1a: Alakazam|Energy Ball|p2a: Azumarill\n|-supereffective|p2a: Azumarill\n|-damage|p2a: Azumarill|3\/100\n|-unboost|p2a: Azumarill|spd|1\n|-zpower|p2a: Azumarill\n|move|p2a: Azumarill|Z-Belly Drum|p2a: Azumarill|[anim]Belly Drum\n|-heal|p2a: Azumarill|100\/100|[zeffect]\n|-damage|p2a: Azumarill|50\/100\n|-setboost|p2a: Azumarill|atk|6|[from] move: Belly Drum\n|\n|upkeep\n|turn|19\n|\n|t:|1597138056\n|move|p2a: Azumarill|Aqua Jet|p1a: Alakazam\n|-damage|p1a: Alakazam|0 fnt\n|faint|p1a: Alakazam\n|\n|upkeep\n|c|\u2606MAVERICK SHOOTERS|gg\n|\n|t:|1597138064\n|switch|p1a: Hawlucha|Hawlucha, M|100\/100\n|-damage|p1a: Hawlucha|88\/100|[from] Stealth Rock\n|turn|20\n|\n|t:|1597138077\n|move|p2a: Azumarill|Aqua Jet|p1a: Hawlucha\n|-damage|p1a: Hawlucha|0 fnt\n|faint|p1a: Hawlucha\n|\n|win|MAVERICK SHOOTERS\n|c|\u2606Coqueliqueue|Gg\n|raw|Coqueliqueue's rating: 1304 &rarr; <strong>1277<\/strong><br \/>(-27 for losing)\n|raw|MAVERICK SHOOTERS's rating: 1181 &rarr; <strong>1215<\/strong><br \/>(+34 for winning)\n|c|\u2606MAVERICK SHOOTERS|my charizard and azumarill just sweeped the floor\n|l|\u2606Coqueliqueue\n|c|\u2606MAVERICK SHOOTERS|xD\n","uploadtime":1597138091,"views":5,"p1id":"coqueliqueue","p2id":"maverickshooters","formatid":"gen7ou","rating":1215,"private":0,"password":null}