{"id":"gen7ou-611364568","p1":"Pokefreak77","p2":"bandaidfan","format":"gen7ou","log":"|j|Pokefreak77\n|j|bandaidfan\n|player|p1|Pokefreak77|#zinnia\n|teamsize|p1|6\n|player|p2|bandaidfan|1\n|teamsize|p2|6\n|gametype|singles\n|gen|7\n|tier|[Gen 7] OU\n|rated\n|seed|47763,39185,32295,19835\n|rule|Sleep Clause Mod: Limit one foe put to sleep\n|rule|Species Clause: Limit one of each Pok\u00e9mon\n|rule|OHKO Clause: OHKO moves are banned\n|rule|Moody Clause: Moody is banned\n|rule|Evasion Moves Clause: Evasion moves are banned\n|rule|Endless Battle Clause: Forcing endless battles is banned\n|rule|HP Percentage Mod: HP is shown in percentages\n|clearpoke\n|poke|p1|Entei, shiny|item\n|poke|p1|Nihilego|item\n|poke|p1|Tapu Fini|item\n|poke|p1|Mew|item\n|poke|p1|Dugtrio, M|item\n|poke|p1|Celesteela|item\n|poke|p2|Mimikyu, F|item\n|poke|p2|Bisharp, F|item\n|poke|p2|Lopunny, M|item\n|poke|p2|Greninja, F|item\n|poke|p2|Landorus-Therian, M|item\n|poke|p2|Tapu Koko|item\n|teampreview\n|j|stringel\n|inactive|Battle timer is ON: inactive players will automatically lose when time's up. (requested by bandaidfan)\n|choice|team 4, team 2, team 3, team 1, team 5, team 6|team 4, team 2, team 3, team 1, team 5, team 6\n|\n|start\n|switch|p1a: Mew|Mew|403\/403\n|switch|p2a: Greninja|Greninja, F|285\/285\n|turn|1\n|choice|move voltswitch|move toxicspikes\n|\n|move|p2a: Greninja|Toxic Spikes|p1a: Mew\n|-start|p2a: Greninja|typechange|Poison|[from] Protean\n|-sidestart|p1: Pokefreak77|move: Toxic Spikes\n|move|p1a: Mew|Volt Switch|p2a: Greninja\n|-damage|p2a: Greninja|213\/285\n|choice|switch 2|\n|\n|switch|p1a: Nihilego|Nihilego|359\/359\n|-sideend|p1: Pokefreak77|move: Toxic Spikes|[of] p1a: Nihilego\n|\n|upkeep\n|turn|2\n|choice|move toxicspikes|move spikes\n|\n|move|p1a: Nihilego|Toxic Spikes|p2a: Greninja\n|-sidestart|p2: bandaidfan|move: Toxic Spikes\n|move|p2a: Greninja|Spikes|p1a: Nihilego\n|-start|p2a: Greninja|typechange|Ground|[from] Protean\n|-sidestart|p1: Pokefreak77|Spikes\n|\n|upkeep\n|turn|3\n|choice|switch 2|move toxicspikes\n|\n|switch|p1a: Mew|Mew|403\/403\n|-damage|p1a: Mew|353\/403|[from] Spikes\n|move|p2a: Greninja|Toxic Spikes|p1a: Mew\n|-start|p2a: Greninja|typechange|Poison|[from] Protean\n|-sidestart|p1: Pokefreak77|move: Toxic Spikes\n|\n|-heal|p1a: Mew|378\/403|[from] item: Leftovers\n|upkeep\n|turn|4\n|choice|move willowisp|move spikes\n|\n|move|p2a: Greninja|Spikes|p1a: Mew\n|-start|p2a: Greninja|typechange|Ground|[from] Protean\n|-sidestart|p1: Pokefreak77|Spikes\n|move|p1a: Mew|Will-O-Wisp|p2a: Greninja\n|-status|p2a: Greninja|brn\n|\n|-heal|p1a: Mew|403\/403|[from] item: Leftovers\n|-damage|p2a: Greninja|196\/285 brn|[from] brn\n|upkeep\n|turn|5\n|j|LT41A Comp\n|choice|move defog|move taunt\n|\n|move|p2a: Greninja|Taunt|p1a: Mew\n|-start|p2a: Greninja|typechange|Dark|[from] Protean\n|-start|p1a: Mew|move: Taunt\n|cant|p1a: Mew|move: Taunt|Defog\n|\n|-damage|p2a: Greninja|179\/285 brn|[from] brn\n|upkeep\n|turn|6\n|c| LT41A Comp|she's a poke freak\n|choice|switch 6|move spikes\n|\n|switch|p1a: Celesteela|Celesteela|335\/335\n|move|p2a: Greninja|Spikes|p1a: Celesteela\n|-start|p2a: Greninja|typechange|Ground|[from] Protean\n|-sidestart|p1: Pokefreak77|Spikes\n|\n|-damage|p2a: Greninja|162\/285 brn|[from] brn\n|upkeep\n|turn|7\n|c|\u2606bandaidfan|poke freak shes k=poke freakay\n|choice|move autotomize|switch 5\n|\n|switch|p2a: Landorus|Landorus-Therian, M|319\/319\n|-ability|p2a: Landorus|Intimidate|boost\n|-unboost|p1a: Celesteela|atk|1\n|move|p1a: Celesteela|Autotomize|p1a: Celesteela\n|-boost|p1a: Celesteela|spe|2\n|-start|p1a: Celesteela|Autotomize\n|\n|upkeep\n|turn|8\n|choice|move airslash zmove|move stealthrock\n|\n|-zpower|p1a: Celesteela\n|move|p1a: Celesteela|Supersonic Skystrike|p2a: Landorus|[zeffect]\n|-crit|p2a: Landorus\n|-enditem|p2a: Landorus|Focus Sash\n|-damage|p2a: Landorus|1\/319\n|move|p2a: Landorus|Stealth Rock|p1a: Celesteela\n|-sidestart|p1: Pokefreak77|move: Stealth Rock\n|\n|upkeep\n|turn|9\n|choice|move fireblast|switch 6\n|\n|switch|p2a: Tapu Koko|Tapu Koko|281\/281\n|-status|p2a: Tapu Koko|psn\n|-fieldstart|move: Electric Terrain|[from] ability: Electric Surge|[of] p2a: Tapu Koko\n|move|p1a: Celesteela|Fire Blast|p2a: Tapu Koko\n|-damage|p2a: Tapu Koko|134\/281 psn\n|\n|-damage|p2a: Tapu Koko|99\/281 psn|[from] psn\n|upkeep\n|turn|10\n|choice|move fireblast|move thunderbolt\n|\n|move|p2a: Tapu Koko|Thunderbolt|p1a: Celesteela\n|-supereffective|p1a: Celesteela\n|-damage|p1a: Celesteela|0 fnt\n|faint|p1a: Celesteela\n|\n|-damage|p2a: Tapu Koko|64\/281 psn|[from] psn\n|upkeep\n|choice|switch 6|\n|\n|switch|p1a: Mew|Mew|403\/403\n|-status|p1a: Mew|psn\n|-damage|p1a: Mew|303\/403 psn|[from] Spikes\n|-damage|p1a: Mew|253\/403 psn|[from] Stealth Rock\n|turn|11\n|choice|move defog|move thunderbolt\n|\n|move|p2a: Tapu Koko|Thunderbolt|p1a: Mew\n|-damage|p1a: Mew|55\/403 psn\n|move|p1a: Mew|Defog|p2a: Tapu Koko\n|-unboost|p2a: Tapu Koko|evasion|1\n|-sideend|p2: bandaidfan|Toxic Spikes|[from] move: Defog|[of] p2a: Tapu Koko\n|-sideend|p1: Pokefreak77|Spikes|[from] move: Defog|[of] p1a: Mew\n|-sideend|p1: Pokefreak77|Toxic Spikes|[from] move: Defog|[of] p1a: Mew\n|-sideend|p1: Pokefreak77|Stealth Rock|[from] move: Defog|[of] p1a: Mew\n|\n|-heal|p1a: Mew|80\/403 psn|[from] item: Leftovers\n|-damage|p2a: Tapu Koko|29\/281 psn|[from] psn\n|-damage|p1a: Mew|30\/403 psn|[from] psn\n|upkeep\n|turn|12\n|choice|switch 5|move thunderbolt\n|\n|switch|p1a: Dugtrio|Dugtrio, M|201\/201\n|move|p2a: Tapu Koko|Thunderbolt|p1a: Dugtrio\n|-immune|p1a: Dugtrio|[msg]\n|\n|-damage|p2a: Tapu Koko|0 fnt|[from] psn\n|upkeep\n|faint|p2a: Tapu Koko\n|j|Blightbringerr\n|choice||switch 3\n|\n|switch|p2a: Lopunny|Lopunny, M|271\/271\n|turn|13\n|choice|switch 5|move poweruppunch mega\n|\n|switch|p1a: Mew|Mew|30\/403 psn\n|detailschange|p2a: Lopunny|Lopunny-Mega, M\n|-mega|p2a: Lopunny|Lopunny|Lopunnite\n|move|p2a: Lopunny|Power-Up Punch|p1a: Mew\n|-resisted|p1a: Mew\n|-damage|p1a: Mew|0 fnt\n|-boost|p2a: Lopunny|atk|1\n|faint|p1a: Mew\n|\n|-fieldend|move: Electric Terrain\n|upkeep\n|choice|switch 5|\n|\n|switch|p1a: Dugtrio|Dugtrio, M|201\/201\n|turn|14\n|choice|move reversal|move poweruppunch\n|\n|move|p2a: Lopunny|Power-Up Punch|p1a: Dugtrio\n|-damage|p1a: Dugtrio|3\/201\n|-boost|p2a: Lopunny|atk|1\n|move|p1a: Dugtrio|Reversal|p2a: Lopunny\n|-supereffective|p2a: Lopunny\n|-damage|p2a: Lopunny|0 fnt\n|faint|p2a: Lopunny\n|\n|upkeep\n|c|\u2606Pokefreak77|LOL\n|choice||switch 5\n|\n|switch|p2a: Greninja|Greninja, F|162\/285 brn\n|turn|15\n|c|\u2606Pokefreak77|weak af\n|choice|move stealthrock|move icebeam\n|\n|move|p2a: Greninja|Ice Beam|p1a: Dugtrio\n|-start|p2a: Greninja|typechange|Ice|[from] Protean\n|-supereffective|p1a: Dugtrio\n|-damage|p1a: Dugtrio|0 fnt\n|faint|p1a: Dugtrio\n|\n|-damage|p2a: Greninja|145\/285 brn|[from] brn\n|upkeep\n|choice|switch 2|\n|\n|switch|p1a: Nihilego|Nihilego|359\/359\n|turn|16\n|choice|move powergem|move spikes\n|\n|move|p1a: Nihilego|Power Gem|p2a: Greninja\n|-supereffective|p2a: Greninja\n|-damage|p2a: Greninja|0 fnt\n|faint|p2a: Greninja\n|-ability|p1a: Nihilego|Beast Boost|boost\n|-boost|p1a: Nihilego|spa|1\n|\n|upkeep\n|choice||switch 2\n|\n|switch|p2a: Bisharp|Bisharp, F|334\/334\n|turn|17\n|choice|move powergem|move swordsdance\n|\n|move|p1a: Nihilego|Power Gem|p2a: Bisharp\n|-resisted|p2a: Bisharp\n|-damage|p2a: Bisharp|193\/334\n|move|p2a: Bisharp|Swords Dance|p2a: Bisharp\n|-boost|p2a: Bisharp|atk|2\n|\n|upkeep\n|turn|18\n|choice|switch 3|move suckerpunch\n|\n|switch|p1a: Tapu Fini|Tapu Fini|343\/343\n|-fieldstart|move: Misty Terrain|[from] ability: Misty Surge|[of] p1a: Tapu Fini\n|move|p2a: Bisharp|Sucker Punch|p1a: Tapu Fini|[still]\n|-fail|p2a: Bisharp\n|\n|upkeep\n|turn|19\n|choice|move moonblast|move ironhead\n|\n|move|p1a: Tapu Fini|Moonblast|p2a: Bisharp\n|-damage|p2a: Bisharp|49\/334\n|move|p2a: Bisharp|Iron Head|p1a: Tapu Fini\n|-crit|p1a: Tapu Fini\n|-damage|p1a: Tapu Fini|0 fnt\n|-damage|p2a: Bisharp|16\/334|[from] item: Life Orb\n|faint|p1a: Tapu Fini\n|\n|upkeep\n|choice|switch 4|\n|\n|switch|p1a: Entei|Entei, shiny|433\/433\n|-ability|p1a: Entei|Pressure\n|turn|20\n|choice|move substitute|switch 4\n|\n|switch|p2a: Mimikyu|Mimikyu, F|251\/251\n|move|p1a: Entei|Substitute|p1a: Entei\n|-start|p1a: Entei|Substitute\n|-damage|p1a: Entei|325\/433\n|\n|-heal|p1a: Entei|352\/433|[from] item: Leftovers\n|upkeep\n|turn|21\n|choice|move calmmind|move taunt\n|\n|move|p1a: Entei|Calm Mind|p1a: Entei\n|-boost|p1a: Entei|spa|1\n|-boost|p1a: Entei|spd|1\n|move|p2a: Mimikyu|Taunt|p1a: Entei\n|-start|p1a: Entei|move: Taunt\n|\n|-heal|p1a: Entei|379\/433|[from] item: Leftovers\n|upkeep\n|turn|22\n|choice|move lavaplume|move willowisp\n|\n|move|p1a: Entei|Lava Plume|p2a: Mimikyu\n|-activate|p2a: Mimikyu|ability: Disguise\n|-damage|p2a: Mimikyu|251\/251\n|detailschange|p2a: Mimikyu|Mimikyu-Busted, F\n|-enditem|p2a: Mimikyu|Red Card|[of] p1a: Entei\n|drag|p1a: Nihilego|Nihilego|359\/359\n|move|p2a: Mimikyu|Will-O-Wisp|p1a: Nihilego\n|-activate|p1a: Nihilego|move: Misty Terrain\n|\n|-fieldend|Misty Terrain\n|upkeep\n|turn|23\n|choice|move powergem|move destinybond\n|\n|move|p1a: Nihilego|Power Gem|p2a: Mimikyu\n|-damage|p2a: Mimikyu|125\/251\n|move|p2a: Mimikyu|Destiny Bond|p2a: Mimikyu\n|-singlemove|p2a: Mimikyu|Destiny Bond\n|\n|upkeep\n|turn|24\n|c|\u2606Pokefreak77|gg\n|-message|bandaidfan forfeited.\n|\n|win|Pokefreak77\n|l|bandaidfan\n|raw|Pokefreak77's rating: 1866 &rarr; <strong>1888<\/strong><br \/>(+22 for winning)\n|raw|bandaidfan's rating: 1892 &rarr; <strong>1870<\/strong><br \/>(-22 for losing)\n|l|stringel","inputlog":null,"uploadtime":1501530525,"views":22,"p1id":"pokefreak77","p2id":"bandaidfan","formatid":"gen7ou","rating":1870,"private":0,"password":null}