{"id":"gen7ou-1697000372","p1":"Shinjou Akane","p2":"weilili","format":"gen7ou","log":"|j|\u2606Shinjou Akane\n|j|\u2606weilili\n|t:|1666959158\n|gametype|singles\n|player|p1|Shinjou Akane|nurse|1334\n|player|p2|weilili|pokemaniac|1358\n|teamsize|p1|6\n|teamsize|p2|6\n|gen|7\n|tier|[Gen 7] OU\n|rated|\n|rule|Sleep Clause Mod: Limit one foe put to sleep\n|rule|Species Clause: Limit one of each Pok\u00e9mon\n|rule|OHKO Clause: OHKO moves are banned\n|rule|Moody Clause: Moody is banned\n|rule|Evasion Items Clause: Evasion items are banned\n|rule|Evasion Moves Clause: Evasion moves are banned\n|rule|Endless Battle Clause: Forcing endless battles is banned\n|rule|HP Percentage Mod: HP is shown in percentages\n|clearpoke\n|poke|p1|Gardevoir, F|item\n|poke|p1|Garchomp, M|item\n|poke|p1|Rotom-Wash|item\n|poke|p1|Tapu Koko|item\n|poke|p1|Victini|item\n|poke|p1|Magearna|item\n|poke|p2|Tapu Lele|item\n|poke|p2|Tornadus-Therian, M|item\n|poke|p2|Victini|item\n|poke|p2|Zapdos|item\n|poke|p2|Sableye, M|item\n|poke|p2|Toxapex, F|item\n|teampreview\n|\n|t:|1666959167\n|start\n|switch|p1a: Gardevoir|Gardevoir, F|100\/100\n|switch|p2a: Tapu Lele|Tapu Lele|100\/100\n|-fieldstart|move: Psychic Terrain|[from] ability: Psychic Surge|[of] p2a: Tapu Lele\n|-ability|p1a: Gardevoir|Psychic Surge|[from] ability: Trace|[of] p2a: Tapu Lele\n|turn|1\n|\n|t:|1666959179\n|detailschange|p1a: Gardevoir|Gardevoir-Mega, F\n|-mega|p1a: Gardevoir|Gardevoir|Gardevoirite\n|move|p1a: Gardevoir|Hyper Voice|p2a: Tapu Lele\n|-crit|p2a: Tapu Lele\n|-damage|p2a: Tapu Lele|0 fnt\n|faint|p2a: Tapu Lele\n|\n|upkeep\n|\n|t:|1666959193\n|switch|p2a: Victini|Victini|100\/100\n|turn|2\n|\n|t:|1666959200\n|switch|p1a: Garchomp|Garchomp, M|100\/100\n|move|p2a: Victini|V-create|p1a: Garchomp\n|-resisted|p1a: Garchomp\n|-damage|p1a: Garchomp|63\/100\n|-unboost|p2a: Victini|spe|1\n|-unboost|p2a: Victini|def|1\n|-unboost|p2a: Victini|spd|1\n|-damage|p2a: Victini|88\/100|[from] ability: Rough Skin|[of] p1a: Garchomp\n|\n|-heal|p1a: Garchomp|69\/100|[from] item: Leftovers\n|upkeep\n|turn|3\n|\n|t:|1666959212\n|switch|p2a: Zapdos|Zapdos|100\/100\n|-ability|p2a: Zapdos|Pressure\n|move|p1a: Garchomp|Stealth Rock|p2a: Zapdos\n|-sidestart|p2: weilili|move: Stealth Rock\n|\n|-heal|p1a: Garchomp|75\/100|[from] item: Leftovers\n|upkeep\n|turn|4\n|\n|t:|1666959227\n|move|p1a: Garchomp|Toxic|p2a: Zapdos\n|-status|p2a: Zapdos|tox\n|move|p2a: Zapdos|Defog|p1a: Garchomp\n|-unboost|p1a: Garchomp|evasion|1\n|-sideend|p2: weilili|Stealth Rock|[from] move: Defog|[of] p2a: Zapdos\n|\n|-heal|p1a: Garchomp|81\/100|[from] item: Leftovers\n|-damage|p2a: Zapdos|94\/100 tox|[from] psn\n|upkeep\n|turn|5\n|\n|t:|1666959237\n|move|p1a: Garchomp|Stealth Rock|p2a: Zapdos\n|-sidestart|p2: weilili|move: Stealth Rock\n|move|p2a: Zapdos|Hidden Power|p1a: Garchomp\n|-supereffective|p1a: Garchomp\n|-damage|p1a: Garchomp|0 fnt\n|faint|p1a: Garchomp\n|\n|-heal|p2a: Zapdos|100\/100 tox|[from] item: Leftovers\n|-damage|p2a: Zapdos|88\/100 tox|[from] psn\n|-fieldend|move: Psychic Terrain\n|upkeep\n|\n|t:|1666959260\n|switch|p1a: Tapu Koko|Tapu Koko|100\/100\n|-fieldstart|move: Electric Terrain|[from] ability: Electric Surge|[of] p1a: Tapu Koko\n|turn|6\n|\n|t:|1666959272\n|-zpower|p1a: Tapu Koko\n|move|p1a: Tapu Koko|Gigavolt Havoc|p2a: Zapdos|[zeffect]\n|-damage|p2a: Zapdos|0 fnt\n|faint|p2a: Zapdos\n|\n|upkeep\n|\n|t:|1666959280\n|switch|p2a: Sableye|Sableye, M|100\/100\n|-damage|p2a: Sableye|88\/100|[from] Stealth Rock\n|turn|7\n|\n|t:|1666959290\n|detailschange|p2a: Sableye|Sableye-Mega, M\n|-mega|p2a: Sableye|Sableye|Sablenite\n|move|p1a: Tapu Koko|Thunderbolt|p2a: Sableye\n|-damage|p2a: Sableye|46\/100\n|move|p2a: Sableye|Will-O-Wisp|p1a: Tapu Koko\n|-status|p1a: Tapu Koko|brn\n|\n|-damage|p1a: Tapu Koko|94\/100 brn|[from] brn\n|upkeep\n|turn|8\n|\n|t:|1666959301\n|move|p1a: Tapu Koko|Volt Switch|p2a: Sableye\n|-damage|p2a: Sableye|12\/100\n|\n|t:|1666959303\n|switch|p1a: Gardevoir|Gardevoir-Mega, F|100\/100|[from]move: Volt Switch\n|move|p2a: Sableye|Recover|p2a: Sableye\n|-heal|p2a: Sableye|62\/100\n|\n|upkeep\n|turn|9\n|\n|t:|1666959313\n|switch|p2a: Toxapex|Toxapex, F|100\/100\n|-damage|p2a: Toxapex|88\/100|[from] Stealth Rock\n|move|p1a: Gardevoir|Hyper Voice|p2a: Toxapex\n|-resisted|p2a: Toxapex\n|-damage|p2a: Toxapex|59\/100\n|\n|-heal|p2a: Toxapex|66\/100|[from] item: Leftovers\n|upkeep\n|turn|10\n|\n|t:|1666959323\n|move|p1a: Gardevoir|Psyshock|p2a: Toxapex\n|-supereffective|p2a: Toxapex\n|-damage|p2a: Toxapex|8\/100\n|move|p2a: Toxapex|Toxic Spikes|p1a: Gardevoir\n|-sidestart|p1: Shinjou Akane|move: Toxic Spikes\n|\n|-heal|p2a: Toxapex|14\/100|[from] item: Leftovers\n|-fieldend|move: Electric Terrain\n|upkeep\n|turn|11\n|\n|t:|1666959332\n|move|p1a: Gardevoir|Hyper Voice|p2a: Toxapex\n|-resisted|p2a: Toxapex\n|-crit|p2a: Toxapex\n|-damage|p2a: Toxapex|0 fnt\n|faint|p2a: Toxapex\n|\n|upkeep\n|\n|t:|1666959338\n|switch|p2a: Tornadus|Tornadus-Therian, M|100\/100\n|-damage|p2a: Tornadus|76\/100|[from] Stealth Rock\n|turn|12\n|\n|t:|1666959343\n|-zpower|p2a: Tornadus\n|move|p2a: Tornadus|Supersonic Skystrike|p1a: Gardevoir|[zeffect]\n|-damage|p1a: Gardevoir|12\/100\n|move|p1a: Gardevoir|Hyper Voice|p2a: Tornadus\n|-damage|p2a: Tornadus|0 fnt\n|faint|p2a: Tornadus\n|\n|upkeep\n|-message|weilili forfeited.\n|\n|win|Shinjou Akane\n|raw|Shinjou Akane's rating: 1334 &rarr; <strong>1355<\/strong><br \/>(+21 for winning)\n|raw|weilili's rating: 1358 &rarr; <strong>1337<\/strong><br \/>(-21 for losing)\n|l|\u2606weilili\n","uploadtime":1666959357,"views":14,"p1id":"shinjouakane","p2id":"weilili","formatid":"gen7ou","rating":1337,"private":0,"password":null}