{"id":"gen7ou-1686291586","p1":"HQSTest","p2":"Diskenth","format":"gen7ou","log":"|j|\u2606HQSTest\n|j|\u2606Diskenth\n|t:|1665830051\n|gametype|singles\n|player|p1|HQSTest|veteranf|1555\n|player|p2|Diskenth|n|1655\n|teamsize|p1|6\n|teamsize|p2|6\n|gen|7\n|tier|[Gen 7] OU\n|rated|\n|rule|Sleep Clause Mod: Limit one foe put to sleep\n|rule|Species Clause: Limit one of each Pok\u00e9mon\n|rule|OHKO Clause: OHKO moves are banned\n|rule|Moody Clause: Moody is banned\n|rule|Evasion Items Clause: Evasion items are banned\n|rule|Evasion Moves Clause: Evasion moves are banned\n|rule|Endless Battle Clause: Forcing endless battles is banned\n|rule|HP Percentage Mod: HP is shown in percentages\n|clearpoke\n|poke|p1|Scizor, M|item\n|poke|p1|Clefable, F|item\n|poke|p1|Serperior, F|item\n|poke|p1|Kommo-o, M|item\n|poke|p1|Landorus-Therian, M|item\n|poke|p1|Heatran, F|item\n|poke|p2|Latias, F|item\n|poke|p2|Landorus-Therian, M|item\n|poke|p2|Scizor, M|item\n|poke|p2|Greninja, M|item\n|poke|p2|Heatran, F|item\n|poke|p2|Kartana|item\n|teampreview\n|inactive|Battle timer is ON: inactive players will automatically lose when time's up. (requested by Diskenth)\n|\n|t:|1665830071\n|start\n|switch|p1a: Kommo-o|Kommo-o, M|100\/100\n|switch|p2a: Scizor|Scizor, M|100\/100\n|turn|1\n|\n|t:|1665830075\n|detailschange|p2a: Scizor|Scizor-Mega, M\n|-mega|p2a: Scizor|Scizor|Scizorite\n|move|p1a: Kommo-o|Stealth Rock|p2a: Scizor\n|-sidestart|p2: Diskenth|move: Stealth Rock\n|move|p2a: Scizor|U-turn|p1a: Kommo-o\n|-resisted|p1a: Kommo-o\n|-damage|p1a: Kommo-o|87\/100\n|\n|t:|1665830080\n|switch|p2a: Greninja|Greninja, M|100\/100|[from]move: U-turn\n|-damage|p2a: Greninja|88\/100|[from] Stealth Rock\n|\n|-heal|p1a: Kommo-o|94\/100|[from] item: Leftovers\n|upkeep\n|turn|2\n|\n|t:|1665830083\n|move|p1a: Kommo-o|Protect|p1a: Kommo-o\n|-singleturn|p1a: Kommo-o|Protect\n|move|p2a: Greninja|Ice Beam|p1a: Kommo-o\n|-start|p2a: Greninja|typechange|Ice|[from] ability: Protean\n|-activate|p1a: Kommo-o|move: Protect\n|\n|-heal|p1a: Kommo-o|99\/100|[from] item: Leftovers\n|upkeep\n|turn|3\n|\n|t:|1665830089\n|switch|p1a: Heatran|Heatran, F|100\/100\n|move|p2a: Greninja|Ice Beam|p1a: Heatran\n|-resisted|p1a: Heatran\n|-damage|p1a: Heatran|92\/100\n|\n|upkeep\n|turn|4\n|\n|t:|1665830093\n|switch|p1a: Landorus|Landorus-Therian, M|100\/100\n|-ability|p1a: Landorus|Intimidate|boost\n|-unboost|p2a: Greninja|atk|1\n|-zpower|p2a: Greninja\n|move|p2a: Greninja|Tectonic Rage|p1a: Landorus|[zeffect]\n|-start|p2a: Greninja|typechange|Ground|[from] ability: Protean\n|-immune|p1a: Landorus\n|\n|upkeep\n|turn|5\n|\n|t:|1665830096\n|move|p1a: Landorus|U-turn|p2a: Greninja\n|-damage|p2a: Greninja|39\/100\n|\n|t:|1665830100\n|switch|p1a: Scizor|Scizor, M|100\/100|[from]move: U-turn\n|move|p2a: Greninja|Ice Beam|p1a: Scizor\n|-start|p2a: Greninja|typechange|Ice|[from] ability: Protean\n|-resisted|p1a: Scizor\n|-damage|p1a: Scizor|87\/100\n|\n|upkeep\n|turn|6\n|\n|t:|1665830103\n|switch|p2a: Landorus|Landorus-Therian, M|100\/100\n|-damage|p2a: Landorus|88\/100|[from] Stealth Rock\n|-ability|p2a: Landorus|Intimidate|boost\n|-unboost|p1a: Scizor|atk|1\n|detailschange|p1a: Scizor|Scizor-Mega, M\n|-mega|p1a: Scizor|Scizor|Scizorite\n|move|p1a: Scizor|Bullet Punch|p2a: Landorus\n|-damage|p2a: Landorus|74\/100\n|\n|-heal|p2a: Landorus|80\/100|[from] item: Leftovers\n|upkeep\n|turn|7\n|\n|t:|1665830110\n|move|p2a: Landorus|Stealth Rock|p1a: Scizor\n|-sidestart|p1: HQSTest|move: Stealth Rock\n|move|p1a: Scizor|Knock Off|p2a: Landorus\n|-damage|p2a: Landorus|64\/100\n|-enditem|p2a: Landorus|Leftovers|[from] move: Knock Off|[of] p1a: Scizor\n|\n|upkeep\n|turn|8\n|\n|t:|1665830114\n|move|p2a: Landorus|U-turn|p1a: Scizor\n|-resisted|p1a: Scizor\n|-damage|p1a: Scizor|80\/100\n|\n|t:|1665830117\n|switch|p2a: Heatran|Heatran, F|100\/100|[from]move: U-turn\n|-damage|p2a: Heatran|88\/100|[from] Stealth Rock\n|move|p1a: Scizor|U-turn|p2a: Heatran\n|-resisted|p2a: Heatran\n|-damage|p2a: Heatran|84\/100\n|\n|t:|1665830122\n|switch|p1a: Kommo-o|Kommo-o, M|99\/100|[from]move: U-turn\n|-damage|p1a: Kommo-o|94\/100|[from] Stealth Rock\n|\n|-heal|p1a: Kommo-o|99\/100|[from] item: Leftovers\n|-heal|p2a: Heatran|90\/100|[from] item: Leftovers\n|upkeep\n|turn|9\n|\n|t:|1665830125\n|move|p2a: Heatran|Protect|p2a: Heatran\n|-singleturn|p2a: Heatran|Protect\n|move|p1a: Kommo-o|Dragon Tail|p2a: Heatran\n|-activate|p2a: Heatran|move: Protect\n|\n|-heal|p1a: Kommo-o|100\/100|[from] item: Leftovers\n|-heal|p2a: Heatran|96\/100|[from] item: Leftovers\n|upkeep\n|turn|10\n|\n|t:|1665830130\n|move|p1a: Kommo-o|Earthquake|p2a: Heatran\n|-supereffective|p2a: Heatran\n|-damage|p2a: Heatran|8\/100\n|move|p2a: Heatran|Toxic|p1a: Kommo-o|[miss]\n|-miss|p2a: Heatran|p1a: Kommo-o\n|\n|-heal|p2a: Heatran|14\/100|[from] item: Leftovers\n|upkeep\n|turn|11\n|\n|t:|1665830134\n|move|p2a: Heatran|Protect|p2a: Heatran\n|-singleturn|p2a: Heatran|Protect\n|move|p1a: Kommo-o|Earthquake|p2a: Heatran\n|-activate|p2a: Heatran|move: Protect\n|\n|-heal|p2a: Heatran|20\/100|[from] item: Leftovers\n|upkeep\n|turn|12\n|\n|t:|1665830139\n|switch|p2a: Landorus|Landorus-Therian, M|64\/100\n|-damage|p2a: Landorus|51\/100|[from] Stealth Rock\n|-ability|p2a: Landorus|Intimidate|boost\n|-unboost|p1a: Kommo-o|atk|1\n|move|p1a: Kommo-o|Earthquake|p2a: Landorus\n|-immune|p2a: Landorus\n|\n|upkeep\n|turn|13\n|\n|t:|1665830149\n|move|p2a: Landorus|Hidden Power|p1a: Kommo-o\n|-supereffective|p1a: Kommo-o\n|-damage|p1a: Kommo-o|82\/100\n|move|p1a: Kommo-o|Dragon Tail|p2a: Landorus|[miss]\n|-miss|p1a: Kommo-o|p2a: Landorus\n|\n|-heal|p1a: Kommo-o|88\/100|[from] item: Leftovers\n|upkeep\n|turn|14\n|\n|t:|1665830155\n|move|p1a: Kommo-o|Protect|p1a: Kommo-o\n|-singleturn|p1a: Kommo-o|Protect\n|move|p2a: Landorus|Hidden Power|p1a: Kommo-o\n|-activate|p1a: Kommo-o|move: Protect\n|\n|-heal|p1a: Kommo-o|94\/100|[from] item: Leftovers\n|upkeep\n|turn|15\n|\n|t:|1665830157\n|move|p2a: Landorus|Earthquake|p1a: Kommo-o\n|-damage|p1a: Kommo-o|53\/100\n|move|p1a: Kommo-o|Dragon Tail|p2a: Landorus\n|-damage|p2a: Landorus|40\/100\n|drag|p2a: Scizor|Scizor-Mega, M|100\/100\n|-damage|p2a: Scizor|88\/100|[from] Stealth Rock\n|\n|-heal|p1a: Kommo-o|60\/100|[from] item: Leftovers\n|upkeep\n|turn|16\n|\n|t:|1665830168\n|move|p2a: Scizor|Bullet Punch|p1a: Kommo-o\n|-damage|p1a: Kommo-o|36\/100\n|move|p1a: Kommo-o|Dragon Tail|p2a: Scizor|[miss]\n|-miss|p1a: Kommo-o|p2a: Scizor\n|\n|-heal|p1a: Kommo-o|42\/100|[from] item: Leftovers\n|upkeep\n|turn|17\n|\n|t:|1665830172\n|switch|p1a: Heatran|Heatran, F|92\/100\n|-damage|p1a: Heatran|79\/100|[from] Stealth Rock\n|move|p2a: Scizor|U-turn|p1a: Heatran\n|-resisted|p1a: Heatran\n|-damage|p1a: Heatran|71\/100\n|\n|t:|1665830181\n|switch|p2a: Kartana|Kartana|100\/100|[from]move: U-turn\n|-damage|p2a: Kartana|94\/100|[from] Stealth Rock\n|\n|upkeep\n|turn|18\n|\n|t:|1665830185\n|switch|p1a: Scizor|Scizor-Mega, M|80\/100\n|-damage|p1a: Scizor|67\/100|[from] Stealth Rock\n|move|p2a: Kartana|Sacred Sword|p1a: Scizor\n|-damage|p1a: Scizor|42\/100\n|\n|upkeep\n|turn|19\n|\n|t:|1665830198\n|move|p2a: Kartana|Sacred Sword|p1a: Scizor\n|-damage|p1a: Scizor|15\/100\n|move|p1a: Scizor|Roost|p1a: Scizor\n|-heal|p1a: Scizor|66\/100\n|-singleturn|p1a: Scizor|move: Roost\n|\n|upkeep\n|turn|20\n|\n|t:|1665830214\n|switch|p2a: Latias|Latias, F|100\/100\n|-damage|p2a: Latias|88\/100|[from] Stealth Rock\n|move|p1a: Scizor|Roost|p1a: Scizor\n|-heal|p1a: Scizor|100\/100\n|-singleturn|p1a: Scizor|move: Roost\n|\n|upkeep\n|turn|21\n|\n|t:|1665830219\n|move|p2a: Latias|Healing Wish|p2a: Latias\n|faint|p2a: Latias\n|move|p1a: Scizor|U-turn|p2: Latias|[notarget]\n|-fail|p1a: Scizor\n|\n|upkeep\n|\n|t:|1665830221\n|switch|p2a: Heatran|Heatran, F|20\/100\n|-heal|p2a: Heatran|100\/100|[from] move: Healing Wish\n|-damage|p2a: Heatran|88\/100|[from] Stealth Rock\n|turn|22\n|\n|t:|1665830226\n|switch|p1a: Kommo-o|Kommo-o, M|42\/100\n|-damage|p1a: Kommo-o|36\/100|[from] Stealth Rock\n|move|p2a: Heatran|Earth Power|p1a: Kommo-o\n|-damage|p1a: Kommo-o|17\/100\n|\n|-heal|p1a: Kommo-o|23\/100|[from] item: Leftovers\n|-heal|p2a: Heatran|94\/100|[from] item: Leftovers\n|upkeep\n|turn|23\n|\n|t:|1665830233\n|switch|p2a: Scizor|Scizor-Mega, M|88\/100\n|-damage|p2a: Scizor|76\/100|[from] Stealth Rock\n|move|p1a: Kommo-o|Dragon Tail|p2a: Scizor\n|-resisted|p2a: Scizor\n|-damage|p2a: Scizor|68\/100\n|drag|p2a: Landorus|Landorus-Therian, M|40\/100\n|-damage|p2a: Landorus|27\/100|[from] Stealth Rock\n|-ability|p2a: Landorus|Intimidate|boost\n|-unboost|p1a: Kommo-o|atk|1\n|\n|-heal|p1a: Kommo-o|29\/100|[from] item: Leftovers\n|upkeep\n|turn|24\n|\n|t:|1665830240\n|move|p1a: Kommo-o|Protect|p1a: Kommo-o\n|-singleturn|p1a: Kommo-o|Protect\n|move|p2a: Landorus|Earthquake|p1a: Kommo-o\n|-activate|p1a: Kommo-o|move: Protect\n|\n|-heal|p1a: Kommo-o|36\/100|[from] item: Leftovers\n|upkeep\n|turn|25\n|\n|t:|1665830245\n|switch|p1a: Landorus|Landorus-Therian, M|100\/100\n|-damage|p1a: Landorus|88\/100|[from] Stealth Rock\n|-ability|p1a: Landorus|Intimidate|boost\n|-unboost|p2a: Landorus|atk|1\n|move|p2a: Landorus|Earthquake|p1a: Landorus\n|-immune|p1a: Landorus\n|\n|upkeep\n|turn|26\n|\n|t:|1665830248\n|move|p1a: Landorus|U-turn|p2a: Landorus\n|-resisted|p2a: Landorus\n|-damage|p2a: Landorus|17\/100\n|\n|t:|1665830253\n|switch|p1a: Scizor|Scizor-Mega, M|100\/100|[from]move: U-turn\n|-damage|p1a: Scizor|88\/100|[from] Stealth Rock\n|move|p2a: Landorus|U-turn|p1a: Scizor\n|-resisted|p1a: Scizor\n|-damage|p1a: Scizor|84\/100\n|\n|t:|1665830266\n|switch|p2a: Heatran|Heatran, F|94\/100|[from]move: U-turn\n|-damage|p2a: Heatran|82\/100|[from] Stealth Rock\n|\n|-heal|p2a: Heatran|88\/100|[from] item: Leftovers\n|upkeep\n|turn|27\n|\n|t:|1665830269\n|switch|p1a: Kommo-o|Kommo-o, M|36\/100\n|-damage|p1a: Kommo-o|29\/100|[from] Stealth Rock\n|move|p2a: Heatran|Magma Storm|p1a: Kommo-o\n|-resisted|p1a: Kommo-o\n|-crit|p1a: Kommo-o\n|-damage|p1a: Kommo-o|6\/100\n|-activate|p1a: Kommo-o|move: Magma Storm|[of] p2a: Heatran\n|\n|-heal|p1a: Kommo-o|12\/100|[from] item: Leftovers\n|-heal|p2a: Heatran|94\/100|[from] item: Leftovers\n|-damage|p1a: Kommo-o|0 fnt|[from] move: Magma Storm|[partiallytrapped]\n|faint|p1a: Kommo-o\n|upkeep\n|\n|t:|1665830280\n|switch|p1a: Heatran|Heatran, F|71\/100\n|-damage|p1a: Heatran|59\/100|[from] Stealth Rock\n|turn|28\n|\n|t:|1665830283\n|move|p1a: Heatran|Earth Power|p2a: Heatran\n|-supereffective|p2a: Heatran\n|-damage|p2a: Heatran|3\/100\n|move|p2a: Heatran|Earth Power|p1a: Heatran\n|-supereffective|p1a: Heatran\n|-damage|p1a: Heatran|0 fnt\n|faint|p1a: Heatran\n|\n|-heal|p2a: Heatran|9\/100|[from] item: Leftovers\n|upkeep\n|\n|t:|1665830292\n|switch|p1a: Landorus|Landorus-Therian, M|88\/100\n|-damage|p1a: Landorus|76\/100|[from] Stealth Rock\n|-ability|p1a: Landorus|Intimidate|boost\n|-unboost|p2a: Heatran|atk|1\n|turn|29\n|\n|t:|1665830295\n|move|p2a: Heatran|Protect|p2a: Heatran\n|-singleturn|p2a: Heatran|Protect\n|move|p1a: Landorus|Earthquake|p2a: Heatran\n|-activate|p2a: Heatran|move: Protect\n|\n|-heal|p2a: Heatran|16\/100|[from] item: Leftovers\n|upkeep\n|turn|30\n|\n|t:|1665830300\n|switch|p1a: Serperior|Serperior, F|100\/100\n|-damage|p1a: Serperior|88\/100|[from] Stealth Rock\n|switch|p2a: Landorus|Landorus-Therian, M|17\/100\n|-damage|p2a: Landorus|5\/100|[from] Stealth Rock\n|-ability|p2a: Landorus|Intimidate|boost\n|-boost|p1a: Serperior|atk|1\n|\n|-heal|p1a: Serperior|94\/100|[from] item: Leftovers\n|upkeep\n|turn|31\n|\n|t:|1665830308\n|move|p1a: Serperior|Leaf Storm|p2a: Landorus\n|-damage|p2a: Landorus|0 fnt\n|-boost|p1a: Serperior|spa|2\n|faint|p2a: Landorus\n|\n|-heal|p1a: Serperior|100\/100|[from] item: Leftovers\n|upkeep\n|\n|t:|1665830310\n|switch|p2a: Scizor|Scizor-Mega, M|68\/100\n|-damage|p2a: Scizor|56\/100|[from] Stealth Rock\n|turn|32\n|\n|t:|1665830313\n|move|p1a: Serperior|Hidden Power|p2a: Scizor\n|-supereffective|p2a: Scizor\n|-damage|p2a: Scizor|0 fnt\n|faint|p2a: Scizor\n|\n|upkeep\n|\n|t:|1665830316\n|switch|p2a: Greninja|Greninja, M|39\/100\n|-damage|p2a: Greninja|27\/100|[from] Stealth Rock\n|turn|33\n|\n|t:|1665830321\n|switch|p1a: Scizor|Scizor-Mega, M|84\/100\n|-damage|p1a: Scizor|71\/100|[from] Stealth Rock\n|move|p2a: Greninja|Ice Beam|p1a: Scizor\n|-start|p2a: Greninja|typechange|Ice|[from] ability: Protean\n|-resisted|p1a: Scizor\n|-damage|p1a: Scizor|58\/100\n|\n|upkeep\n|turn|34\n|\n|t:|1665830328\n|move|p1a: Scizor|Bullet Punch|p2a: Greninja\n|-supereffective|p2a: Greninja\n|-damage|p2a: Greninja|0 fnt\n|faint|p2a: Greninja\n|\n|upkeep\n|\n|t:|1665830331\n|switch|p2a: Heatran|Heatran, F|16\/100\n|-damage|p2a: Heatran|3\/100|[from] Stealth Rock\n|turn|35\n|\n|t:|1665830335\n|switch|p1a: Landorus|Landorus-Therian, M|76\/100\n|-damage|p1a: Landorus|64\/100|[from] Stealth Rock\n|-ability|p1a: Landorus|Intimidate|boost\n|-unboost|p2a: Heatran|atk|1\n|move|p2a: Heatran|Protect||[still]\n|-fail|p2a: Heatran\n|\n|-heal|p2a: Heatran|9\/100|[from] item: Leftovers\n|upkeep\n|turn|36\n|inactive|Diskenth has 120 seconds left.\n|\n|t:|1665830373\n|move|p2a: Heatran|Protect|p2a: Heatran\n|-singleturn|p2a: Heatran|Protect\n|move|p1a: Landorus|Earthquake|p2a: Heatran\n|-activate|p2a: Heatran|move: Protect\n|\n|-heal|p2a: Heatran|16\/100|[from] item: Leftovers\n|upkeep\n|turn|37\n|inactive|Diskenth has 120 seconds left.\n|\n|t:|1665830385\n|switch|p2a: Kartana|Kartana|94\/100\n|-damage|p2a: Kartana|88\/100|[from] Stealth Rock\n|move|p1a: Landorus|Earthquake|p2a: Kartana\n|-damage|p2a: Kartana|31\/100\n|\n|upkeep\n|turn|38\n|inactive|Diskenth has 120 seconds left.\n|\n|t:|1665830395\n|switch|p1a: Scizor|Scizor-Mega, M|58\/100\n|-damage|p1a: Scizor|46\/100|[from] Stealth Rock\n|move|p2a: Kartana|Sacred Sword|p1a: Scizor\n|-damage|p1a: Scizor|17\/100\n|\n|upkeep\n|turn|39\n|inactive|Diskenth has 120 seconds left.\n|\n|t:|1665830404\n|switch|p2a: Heatran|Heatran, F|16\/100\n|-damage|p2a: Heatran|3\/100|[from] Stealth Rock\n|switch|p1a: Clefable|Clefable, F|100\/100\n|\n|-heal|p2a: Heatran|9\/100|[from] item: Leftovers\n|upkeep\n|turn|40\n|\n|t:|1665830410\n|move|p2a: Heatran|Magma Storm|p1a: Clefable\n|-damage|p1a: Clefable|62\/100\n|-activate|p1a: Clefable|move: Magma Storm|[of] p2a: Heatran\n|move|p1a: Clefable|Thunder|p2a: Heatran\n|-damage|p2a: Heatran|0 fnt\n|faint|p2a: Heatran\n|\n|-heal|p1a: Clefable|68\/100|[from] item: Leftovers\n|-end|p1a: Clefable|Magma Storm|[partiallytrapped]|[silent]\n|upkeep\n|\n|t:|1665830414\n|switch|p2a: Kartana|Kartana|31\/100\n|-damage|p2a: Kartana|25\/100|[from] Stealth Rock\n|turn|41\n|\n|t:|1665830420\n|switch|p1a: Landorus|Landorus-Therian, M|64\/100\n|-damage|p1a: Landorus|52\/100|[from] Stealth Rock\n|-ability|p1a: Landorus|Intimidate|boost\n|-unboost|p2a: Kartana|atk|1\n|move|p2a: Kartana|Smart Strike|p1a: Landorus\n|-damage|p1a: Landorus|18\/100\n|\n|upkeep\n|turn|42\n|\n|t:|1665830427\n|move|p2a: Kartana|Smart Strike|p1a: Landorus\n|-damage|p1a: Landorus|0 fnt\n|faint|p1a: Landorus\n|-ability|p2a: Kartana|Beast Boost|boost\n|-boost|p2a: Kartana|atk|1\n|\n|upkeep\n|\n|t:|1665830429\n|switch|p1a: Serperior|Serperior, F|100\/100\n|-damage|p1a: Serperior|88\/100|[from] Stealth Rock\n|turn|43\n|\n|t:|1665830431\n|move|p2a: Kartana|Smart Strike|p1a: Serperior\n|-damage|p1a: Serperior|34\/100\n|move|p1a: Serperior|Hidden Power|p2a: Kartana\n|-supereffective|p2a: Kartana\n|-damage|p2a: Kartana|0 fnt\n|faint|p2a: Kartana\n|\n|win|HQSTest\n|raw|HQSTest's rating: 1555 &rarr; <strong>1581<\/strong><br \/>(+26 for winning)\n|raw|Diskenth's rating: 1655 &rarr; <strong>1629<\/strong><br \/>(-26 for losing)\n|l|\u2606Diskenth\n","uploadtime":1665830449,"views":8,"p1id":"hqstest","p2id":"diskenth","formatid":"gen7ou","rating":1581,"private":0,"password":null}