{"id":"gen7ou-904169114","p1":"Quaseem","p2":"Flashybee","format":"gen7ou","log":"|j|\u2606Quaseem\n|j|\u2606Flashybee\n|player|p1|Quaseem|251\n|player|p2|Flashybee|70\n|teamsize|p1|6\n|teamsize|p2|6\n|gametype|singles\n|gen|7\n|tier|[Gen 7] OU\n|rated|\n|rule|Sleep Clause Mod: Limit one foe put to sleep\n|rule|Species Clause: Limit one of each Pok\u00e9mon\n|rule|OHKO Clause: OHKO moves are banned\n|rule|Moody Clause: Moody is banned\n|rule|Evasion Moves Clause: Evasion moves are banned\n|rule|Endless Battle Clause: Forcing endless battles is banned\n|rule|HP Percentage Mod: HP is shown in percentages\n|clearpoke\n|poke|p1|Charizard, F|item\n|poke|p1|Tapu Bulu|item\n|poke|p1|Magearna|item\n|poke|p1|Landorus-Therian, M|item\n|poke|p1|Kyurem-Black|item\n|poke|p1|Greninja, M|item\n|poke|p2|Diancie|item\n|poke|p2|Ribombee, F|item\n|poke|p2|Serperior, F|item\n|poke|p2|Bisharp, F|item\n|poke|p2|Milotic, F|item\n|poke|p2|Purugly, M|item\n|teampreview\n|j| Tempest-San\n|inactive|Battle timer is ON: inactive players will automatically lose when time's up. (requested by Quaseem)\n|j| CrazyClown94\n|\n|start\n|switch|p1a: Magearna|Magearna|100\/100\n|switch|p2a: Milotic|Milotic, F|100\/100\n|turn|1\n|\n|move|p2a: Milotic|Scald|p1a: Magearna\n|-damage|p1a: Magearna|85\/100\n|-status|p1a: Magearna|brn\n|move|p1a: Magearna|Volt Switch|p2a: Milotic\n|-supereffective|p2a: Milotic\n|-damage|p2a: Milotic|80\/100\n|\n|switch|p1a: Tapu Bulu|Tapu Bulu|100\/100|[from]move: Volt Switch\n|-fieldstart|move: Grassy Terrain|[from] ability: Grassy Surge|[of] p1a: Tapu Bulu\n|\n|-heal|p2a: Milotic|86\/100|[from] Grassy Terrain\n|upkeep\n|turn|2\n|\n|switch|p2a: Bisharp|Bisharp, F|100\/100\n|move|p1a: Tapu Bulu|Wood Hammer|p2a: Bisharp\n|-resisted|p2a: Bisharp\n|-damage|p2a: Bisharp|49\/100\n|-damage|p1a: Tapu Bulu|80\/100|[from] Recoil\n|\n|-heal|p1a: Tapu Bulu|86\/100|[from] Grassy Terrain\n|-heal|p2a: Bisharp|55\/100|[from] Grassy Terrain\n|upkeep\n|turn|3\n|\n|switch|p1a: Charizard|Charizard, F|100\/100\n|move|p2a: Bisharp|Iron Head|p1a: Charizard\n|-resisted|p1a: Charizard\n|-damage|p1a: Charizard|56\/100\n|-damage|p2a: Bisharp|45\/100|[from] item: Life Orb\n|\n|-heal|p2a: Bisharp|51\/100|[from] Grassy Terrain\n|upkeep\n|turn|4\n|\n|switch|p1a: Greninja|Greninja, M|100\/100\n|move|p2a: Bisharp|Sucker Punch||[still]\n|-fail|p2a: Bisharp\n|\n|-heal|p2a: Bisharp|57\/100|[from] Grassy Terrain\n|upkeep\n|turn|5\n|\n|switch|p2a: Milotic|Milotic, F|86\/100\n|move|p1a: Greninja|Surf|p2a: Milotic\n|-resisted|p2a: Milotic\n|-damage|p2a: Milotic|71\/100\n|\n|-heal|p2a: Milotic|77\/100|[from] Grassy Terrain\n|-fieldend|move: Grassy Terrain\n|upkeep\n|turn|6\n|l| Tempest-San\n|\n|switch|p1a: Tapu Bulu|Tapu Bulu|86\/100\n|-fieldstart|move: Grassy Terrain|[from] ability: Grassy Surge|[of] p1a: Tapu Bulu\n|move|p2a: Milotic|Ice Beam|p1a: Tapu Bulu\n|-supereffective|p1a: Tapu Bulu\n|-damage|p1a: Tapu Bulu|10\/100\n|\n|-heal|p1a: Tapu Bulu|16\/100|[from] Grassy Terrain\n|-heal|p2a: Milotic|83\/100|[from] Grassy Terrain\n|upkeep\n|turn|7\n|inactive|Flashybee has 120 seconds left.\n|\n|switch|p2a: Bisharp|Bisharp, F|57\/100\n|move|p1a: Tapu Bulu|Horn Leech|p2a: Bisharp\n|-resisted|p2a: Bisharp\n|-damage|p2a: Bisharp|24\/100\n|-heal|p1a: Tapu Bulu|35\/100|[from] drain|[of] p2a: Bisharp\n|\n|-heal|p1a: Tapu Bulu|41\/100|[from] Grassy Terrain\n|-heal|p2a: Bisharp|30\/100|[from] Grassy Terrain\n|upkeep\n|turn|8\n|c| CrazyClown94|bisharp is lame cuz u cant go lando\n|\n|move|p1a: Tapu Bulu|Horn Leech|p2a: Bisharp\n|-resisted|p2a: Bisharp\n|-damage|p2a: Bisharp|3\/100\n|-heal|p1a: Tapu Bulu|58\/100|[from] drain|[of] p2a: Bisharp\n|move|p2a: Bisharp|Iron Head|p1a: Tapu Bulu\n|-supereffective|p1a: Tapu Bulu\n|-damage|p1a: Tapu Bulu|0 fnt\n|-damage|p2a: Bisharp|0 fnt|[from] item: Life Orb\n|faint|p1a: Tapu Bulu\n|faint|p2a: Bisharp\n|\n|upkeep\n|c|\u2606Quaseem|rolls\n|c|\u2606Quaseem|;;;\n|c| CrazyClown94|;;;\n|\n|switch|p1a: Magearna|Magearna|85\/100 brn\n|switch|p2a: Milotic|Milotic, F|83\/100\n|turn|9\n|\n|move|p2a: Milotic|Scald|p1a: Magearna\n|-damage|p1a: Magearna|69\/100 brn\n|move|p1a: Magearna|Volt Switch|p2a: Milotic\n|-supereffective|p2a: Milotic\n|-damage|p2a: Milotic|62\/100\n|\n|switch|p1a: Greninja|Greninja, M|100\/100|[from]move: Volt Switch\n|\n|-heal|p2a: Milotic|68\/100|[from] Grassy Terrain\n|upkeep\n|turn|10\n|inactive|Flashybee has 120 seconds left.\n|\n|move|p1a: Greninja|Dark Pulse|p2a: Milotic\n|-damage|p2a: Milotic|40\/100\n|move|p2a: Milotic|Dragon Pulse|p1a: Greninja\n|-damage|p1a: Greninja|58\/100\n|\n|-heal|p1a: Greninja|64\/100|[from] Grassy Terrain\n|-heal|p2a: Milotic|46\/100|[from] Grassy Terrain\n|-fieldend|move: Grassy Terrain\n|upkeep\n|turn|11\n|inactive|Flashybee has 120 seconds left.\n|\n|move|p1a: Greninja|Dark Pulse|p2a: Milotic\n|-damage|p2a: Milotic|20\/100\n|cant|p2a: Milotic|flinch\n|\n|upkeep\n|turn|12\n|\n|move|p1a: Greninja|Dark Pulse|p2a: Milotic\n|-damage|p2a: Milotic|0 fnt\n|faint|p2a: Milotic\n|-activate|p1a: Greninja|ability: Battle Bond\n|detailschange|p1a: Greninja|Greninja-Ash, M\n|\n|upkeep\n|\n|switch|p2a: Purugly|Purugly, M|100\/100\n|turn|13\n|c| CrazyClown94|run.\n|c| CrazyClown94|u cant beat this cat\n|\n|switch|p1a: Landorus|Landorus-Therian, M|100\/100\n|-ability|p1a: Landorus|Intimidate|boost\n|-unboost|p2a: Purugly|atk|1\n|-ability|p2a: Purugly|Defiant|boost\n|-boost|p2a: Purugly|atk|2\n|move|p2a: Purugly|Fake Out|p1a: Landorus\n|-damage|p1a: Landorus|77\/100\n|-damage|p2a: Purugly|84\/100|[from] item: Rocky Helmet|[of] p1a: Landorus\n|-damage|p2a: Purugly|74\/100|[from] item: Life Orb\n|\n|upkeep\n|turn|14\n|c|\u2606Quaseem|OH\n|c| CrazyClown94|U IDIOT\n|c| CrazyClown94|LOOOOOOOOOOOL\n|c|\u2606Quaseem|OOPS\n|\n|move|p2a: Purugly|Frustration|p1a: Landorus\n|-damage|p1a: Landorus|17\/100\n|-damage|p2a: Purugly|58\/100|[from] item: Rocky Helmet|[of] p1a: Landorus\n|-damage|p2a: Purugly|48\/100|[from] item: Life Orb\n|move|p1a: Landorus|Stealth Rock|p2a: Purugly\n|-sidestart|p2: Flashybee|move: Stealth Rock\n|\n|upkeep\n|turn|15\n|c| CrazyClown94|I DIDNT KNOW EITHER\n|\n|move|p2a: Purugly|Frustration|p1a: Landorus\n|-damage|p1a: Landorus|0 fnt\n|-damage|p2a: Purugly|31\/100|[from] item: Rocky Helmet|[of] p1a: Landorus\n|-damage|p2a: Purugly|21\/100|[from] item: Life Orb\n|faint|p1a: Landorus\n|\n|upkeep\n|c| CrazyClown94|WAIT HOLY SHIT\n|c| CrazyClown94|PURULGY\n|c| CrazyClown94|IS FASTER AS FUCK\n|\n|switch|p1a: Greninja|Greninja-Ash, M|64\/100\n|turn|16\n|c| CrazyClown94|FAST*\n|\n|move|p1a: Greninja|Water Shuriken|p2a: Purugly\n|-damage|p2a: Purugly|0 fnt\n|-hitcount|p2a: Purugly|1\n|faint|p2a: Purugly\n|\n|upkeep\n|c| CrazyClown94|well\n|c| CrazyClown94|gren is faster..\n|\n|switch|p2a: Serperior|Serperior, F|100\/100\n|-damage|p2a: Serperior|88\/100|[from] Stealth Rock\n|turn|17\n|c|\u2606Quaseem|i thought it was base 70 speed\n|c|\u2606Quaseem|lmao\n|\n|switch|p1a: Magearna|Magearna|69\/100 brn\n|move|p2a: Serperior|Leaf Storm|p1a: Magearna\n|-resisted|p1a: Magearna\n|-damage|p1a: Magearna|53\/100 brn\n|-boost|p2a: Serperior|spa|2\n|\n|-damage|p1a: Magearna|47\/100 brn|[from] brn\n|upkeep\n|turn|18\n|c| CrazyClown94|base 112 broski\n|\n|move|p2a: Serperior|Leaf Storm|p1a: Magearna\n|-resisted|p1a: Magearna\n|-damage|p1a: Magearna|14\/100 brn\n|-boost|p2a: Serperior|spa|2\n|move|p1a: Magearna|Ice Beam|p2a: Serperior\n|-supereffective|p2a: Serperior\n|-damage|p2a: Serperior|24\/100\n|\n|-damage|p1a: Magearna|8\/100 brn|[from] brn\n|upkeep\n|turn|19\n|\n|move|p2a: Serperior|Leaf Storm|p1a: Magearna\n|-resisted|p1a: Magearna\n|-damage|p1a: Magearna|0 fnt\n|-boost|p2a: Serperior|spa|2\n|faint|p1a: Magearna\n|\n|upkeep\n|\n|switch|p1a: Greninja|Greninja-Ash, M|64\/100\n|turn|20\n|\n|move|p1a: Greninja|Water Shuriken|p2a: Serperior\n|-resisted|p2a: Serperior\n|-damage|p2a: Serperior|12\/100\n|-resisted|p2a: Serperior\n|-damage|p2a: Serperior|1\/100\n|-resisted|p2a: Serperior\n|-damage|p2a: Serperior|0 fnt\n|-hitcount|p2a: Serperior|3\n|faint|p2a: Serperior\n|\n|upkeep\n|\n|switch|p2a: Ribombee|Ribombee, F|100\/100\n|-damage|p2a: Ribombee|76\/100|[from] Stealth Rock\n|turn|21\n|\n|move|p1a: Greninja|Water Shuriken|p2a: Ribombee\n|-damage|p2a: Ribombee|44\/100\n|-damage|p2a: Ribombee|11\/100\n|-damage|p2a: Ribombee|0 fnt\n|-hitcount|p2a: Ribombee|3\n|faint|p2a: Ribombee\n|\n|upkeep\n|\n|switch|p2a: Diancie|Diancie|100\/100\n|-damage|p2a: Diancie|88\/100|[from] Stealth Rock\n|turn|22\n|\n|move|p1a: Greninja|Water Shuriken|p2a: Diancie\n|-supereffective|p2a: Diancie\n|-damage|p2a: Diancie|50\/100\n|-supereffective|p2a: Diancie\n|-crit|p2a: Diancie\n|-damage|p2a: Diancie|0 fnt\n|-hitcount|p2a: Diancie|2\n|faint|p2a: Diancie\n|\n|win|Quaseem\n|raw|Quaseem's rating: 1461 &rarr; <strong>1479<\/strong><br \/>(+18 for winning)\n|raw|Flashybee's rating: 1433 &rarr; <strong>1415<\/strong><br \/>(-18 for losing)\n|c|\u2606Flashybee|gg\n|c|\u2606Quaseem|gg\n","uploadtime":1557023432,"views":6,"p1id":"quaseem","p2id":"flashybee","formatid":"gen7ou","rating":1415,"private":0,"password":null}