{"id":"gen7ou-1680609191","p1":"tanishq1","p2":"A-Loquesea","format":"gen7ou","log":"|j|\u2606tanishq1\n|j|\u2606A-Loquesea\n|t:|1665213850\n|gametype|singles\n|player|p1|tanishq1|101|1663\n|player|p2|A-Loquesea|acetrainerf|1603\n|teamsize|p1|6\n|teamsize|p2|6\n|gen|7\n|tier|[Gen 7] OU\n|rated|\n|rule|Sleep Clause Mod: Limit one foe put to sleep\n|rule|Species Clause: Limit one of each Pok\u00e9mon\n|rule|OHKO Clause: OHKO moves are banned\n|rule|Moody Clause: Moody is banned\n|rule|Evasion Items Clause: Evasion items are banned\n|rule|Evasion Moves Clause: Evasion moves are banned\n|rule|Endless Battle Clause: Forcing endless battles is banned\n|rule|HP Percentage Mod: HP is shown in percentages\n|clearpoke\n|poke|p1|Aggron, M|item\n|poke|p1|Clefable, F|item\n|poke|p1|Gastrodon, F|item\n|poke|p1|Slowbro, M|item\n|poke|p1|Tornadus-Therian, M|item\n|poke|p1|Tyranitar, F|item\n|poke|p2|Greninja, M|item\n|poke|p2|Mawile, M|item\n|poke|p2|Garchomp, F|item\n|poke|p2|Celesteela|item\n|poke|p2|Tornadus-Therian, M|item\n|poke|p2|Tangrowth, M|item\n|teampreview\n|inactive|Battle timer is ON: inactive players will automatically lose when time's up. (requested by tanishq1)\n|inactive|tanishq1 has 120 seconds left.\n|\n|t:|1665213898\n|start\n|switch|p1a: Clefable|Clefable, F|100\/100\n|switch|p2a: R-I-O-T|Greninja, M|100\/100\n|turn|1\n|\n|t:|1665213913\n|move|p2a: R-I-O-T|Hydro Pump|p1a: Clefable|[miss]\n|-miss|p2a: R-I-O-T|p1a: Clefable\n|move|p1a: Clefable|Stealth Rock|p2a: R-I-O-T\n|-sidestart|p2: A-Loquesea|move: Stealth Rock\n|\n|upkeep\n|turn|2\n|\n|t:|1665213920\n|switch|p2a: Y.O.L.O!!!!!|Celesteela|100\/100\n|-damage|p2a: Y.O.L.O!!!!!|88\/100|[from] Stealth Rock\n|move|p1a: Clefable|Moonblast|p2a: Y.O.L.O!!!!!\n|-resisted|p2a: Y.O.L.O!!!!!\n|-damage|p2a: Y.O.L.O!!!!!|78\/100\n|\n|-heal|p2a: Y.O.L.O!!!!!|84\/100|[from] item: Leftovers\n|upkeep\n|turn|3\n|\n|t:|1665213937\n|switch|p1a: Slowbro|Slowbro, M|100\/100\n|switch|p2a: Egao No Orchestra!|Tornadus-Therian, M|100\/100\n|-damage|p2a: Egao No Orchestra!|76\/100|[from] Stealth Rock\n|\n|upkeep\n|turn|4\n|\n|t:|1665213941\n|move|p2a: Egao No Orchestra!|Defog|p1a: Slowbro\n|-unboost|p1a: Slowbro|evasion|1\n|-sideend|p2: A-Loquesea|Stealth Rock|[from] move: Defog|[of] p2a: Egao No Orchestra!\n|move|p1a: Slowbro|Ice Beam|p2a: Egao No Orchestra!\n|-supereffective|p2a: Egao No Orchestra!\n|-damage|p2a: Egao No Orchestra!|30\/100\n|\n|upkeep\n|turn|5\n|\n|t:|1665213946\n|move|p2a: Egao No Orchestra!|U-turn|p1a: Slowbro\n|-supereffective|p1a: Slowbro\n|-damage|p1a: Slowbro|83\/100\n|\n|t:|1665213951\n|switch|p2a: Wonderland Girl|Tangrowth, M|100\/100|[from]move: U-turn\n|move|p1a: Slowbro|Scald|p2a: Wonderland Girl\n|-resisted|p2a: Wonderland Girl\n|-damage|p2a: Wonderland Girl|93\/100\n|\n|upkeep\n|turn|6\n|\n|t:|1665213963\n|switch|p1a: Tornadus|Tornadus-Therian, M|100\/100\n|move|p2a: Wonderland Girl|Knock Off|p1a: Tornadus\n|-damage|p1a: Tornadus|80\/100\n|\n|upkeep\n|turn|7\n|\n|t:|1665213984\n|switch|p2a: Egao No Orchestra!|Tornadus-Therian, M|63\/100\n|move|p1a: Tornadus|Knock Off|p2a: Egao No Orchestra!\n|-damage|p2a: Egao No Orchestra!|40\/100\n|-damage|p1a: Tornadus|63\/100|[from] item: Rocky Helmet|[of] p2a: Egao No Orchestra!\n|-enditem|p2a: Egao No Orchestra!|Rocky Helmet|[from] move: Knock Off|[of] p1a: Tornadus\n|\n|upkeep\n|turn|8\n|\n|t:|1665213987\n|move|p1a: Tornadus|Hurricane|p2a: Egao No Orchestra!\n|-damage|p2a: Egao No Orchestra!|0 fnt\n|faint|p2a: Egao No Orchestra!\n|\n|upkeep\n|\n|t:|1665213991\n|switch|p2a: Returns!|Mawile, M|100\/100\n|-ability|p2a: Returns!|Intimidate|boost\n|-unboost|p1a: Tornadus|atk|1\n|turn|9\n|\n|t:|1665214007\n|move|p1a: Tornadus|U-turn|p2a: Returns!\n|-resisted|p2a: Returns!\n|-damage|p2a: Returns!|97\/100\n|\n|t:|1665214009\n|switch|p1a: Aggron|Aggron, M|100\/100|[from]move: U-turn\n|move|p2a: Returns!|Substitute|p2a: Returns!\n|-start|p2a: Returns!|Substitute\n|-damage|p2a: Returns!|72\/100\n|\n|upkeep\n|turn|10\n|\n|t:|1665214013\n|detailschange|p2a: Returns!|Mawile-Mega, M\n|-mega|p2a: Returns!|Mawile|Mawilite\n|detailschange|p1a: Aggron|Aggron-Mega, M\n|-mega|p1a: Aggron|Aggron|Aggronite\n|-singleturn|p2a: Returns!|move: Focus Punch\n|move|p1a: Aggron|Fire Punch|p2a: Returns!\n|-supereffective|p2a: Returns!\n|-end|p2a: Returns!|Substitute\n|move|p2a: Returns!|Focus Punch|p1a: Aggron\n|-supereffective|p1a: Aggron\n|-crit|p1a: Aggron\n|-damage|p1a: Aggron|0 fnt\n|faint|p1a: Aggron\n|\n|upkeep\n|\n|t:|1665214024\n|switch|p1a: Gastrodon|Gastrodon, F|100\/100\n|turn|11\n|\n|t:|1665214027\n|switch|p2a: Wonderland Girl|Tangrowth, M|100\/100\n|move|p1a: Gastrodon|Scald|p2a: Wonderland Girl\n|-resisted|p2a: Wonderland Girl\n|-damage|p2a: Wonderland Girl|92\/100\n|\n|upkeep\n|turn|12\n|\n|t:|1665214033\n|switch|p2a: Louder|Garchomp, F|100\/100\n|switch|p1a: Tornadus|Tornadus-Therian, M|96\/100\n|\n|upkeep\n|turn|13\n|\n|t:|1665214043\n|move|p1a: Tornadus|U-turn|p2a: Louder\n|-damage|p2a: Louder|85\/100\n|-damage|p1a: Tornadus|84\/100|[from] ability: Rough Skin|[of] p2a: Louder\n|\n|t:|1665214045\n|switch|p1a: Clefable|Clefable, F|100\/100|[from]move: U-turn\n|move|p2a: Louder|Swords Dance|p2a: Louder\n|-boost|p2a: Louder|atk|2\n|\n|upkeep\n|turn|14\n|\n|t:|1665214050\n|-zpower|p2a: Louder\n|move|p2a: Louder|Continental Crush|p1a: Clefable|[zeffect]\n|-damage|p1a: Clefable|8\/100\n|move|p1a: Clefable|Moonblast|p2a: Louder\n|-supereffective|p2a: Louder\n|-damage|p2a: Louder|21\/100\n|-unboost|p2a: Louder|spa|1\n|\n|-heal|p1a: Clefable|14\/100|[from] item: Leftovers\n|upkeep\n|turn|15\n|\n|t:|1665214056\n|move|p2a: Louder|Stone Edge|p1a: Clefable\n|-crit|p1a: Clefable\n|-damage|p1a: Clefable|0 fnt\n|faint|p1a: Clefable\n|\n|upkeep\n|\n|t:|1665214068\n|switch|p1a: Tornadus|Tornadus-Therian, M|100\/100\n|turn|16\n|\n|t:|1665214072\n|switch|p2a: Y.O.L.O!!!!!|Celesteela|84\/100\n|move|p1a: Tornadus|Hurricane|p2a: Y.O.L.O!!!!!\n|-resisted|p2a: Y.O.L.O!!!!!\n|-damage|p2a: Y.O.L.O!!!!!|68\/100\n|\n|-heal|p2a: Y.O.L.O!!!!!|74\/100|[from] item: Leftovers\n|upkeep\n|turn|17\n|\n|t:|1665214074\n|move|p1a: Tornadus|Knock Off|p2a: Y.O.L.O!!!!!\n|-damage|p2a: Y.O.L.O!!!!!|58\/100\n|-enditem|p2a: Y.O.L.O!!!!!|Leftovers|[from] move: Knock Off|[of] p1a: Tornadus\n|move|p2a: Y.O.L.O!!!!!|Leech Seed|p1a: Tornadus\n|-start|p1a: Tornadus|move: Leech Seed\n|\n|-damage|p1a: Tornadus|88\/100|[from] Leech Seed|[of] p2a: Y.O.L.O!!!!!\n|-heal|p2a: Y.O.L.O!!!!!|67\/100|[silent]\n|upkeep\n|turn|18\n|\n|t:|1665214077\n|move|p1a: Tornadus|U-turn|p2a: Y.O.L.O!!!!!\n|-resisted|p2a: Y.O.L.O!!!!!\n|-damage|p2a: Y.O.L.O!!!!!|64\/100\n|\n|t:|1665214092\n|switch|p1a: Slowbro|Slowbro, M|100\/100|[from]move: U-turn\n|move|p2a: Y.O.L.O!!!!!|Leech Seed|p1a: Slowbro\n|-start|p1a: Slowbro|move: Leech Seed\n|\n|-damage|p1a: Slowbro|88\/100|[from] Leech Seed|[of] p2a: Y.O.L.O!!!!!\n|-heal|p2a: Y.O.L.O!!!!!|77\/100|[silent]\n|upkeep\n|turn|19\n|\n|t:|1665214099\n|switch|p1a: Tornadus|Tornadus-Therian, M|100\/100\n|move|p2a: Y.O.L.O!!!!!|Protect||[still]\n|-fail|p2a: Y.O.L.O!!!!!\n|\n|upkeep\n|turn|20\n|\n|t:|1665214115\n|move|p1a: Tornadus|Hurricane|p2a: Y.O.L.O!!!!!\n|-resisted|p2a: Y.O.L.O!!!!!\n|-damage|p2a: Y.O.L.O!!!!!|62\/100\n|move|p2a: Y.O.L.O!!!!!|Leech Seed|p1a: Tornadus\n|-start|p1a: Tornadus|move: Leech Seed\n|\n|-damage|p1a: Tornadus|88\/100|[from] Leech Seed|[of] p2a: Y.O.L.O!!!!!\n|-heal|p2a: Y.O.L.O!!!!!|71\/100|[silent]\n|upkeep\n|turn|21\n|\n|t:|1665214121\n|switch|p1a: Slowbro|Slowbro, M|100\/100\n|move|p2a: Y.O.L.O!!!!!|Leech Seed|p1a: Slowbro\n|-start|p1a: Slowbro|move: Leech Seed\n|\n|-damage|p1a: Slowbro|88\/100|[from] Leech Seed|[of] p2a: Y.O.L.O!!!!!\n|-heal|p2a: Y.O.L.O!!!!!|83\/100|[silent]\n|upkeep\n|turn|22\n|\n|t:|1665214128\n|switch|p1a: Gastrodon|Gastrodon, F|100\/100\n|move|p2a: Y.O.L.O!!!!!|Protect||[still]\n|-fail|p2a: Y.O.L.O!!!!!\n|\n|upkeep\n|turn|23\n|\n|t:|1665214130\n|switch|p1a: Tornadus|Tornadus-Therian, M|100\/100\n|move|p2a: Y.O.L.O!!!!!|Leech Seed|p1a: Tornadus\n|-start|p1a: Tornadus|move: Leech Seed\n|\n|-damage|p1a: Tornadus|88\/100|[from] Leech Seed|[of] p2a: Y.O.L.O!!!!!\n|-heal|p2a: Y.O.L.O!!!!!|93\/100|[silent]\n|upkeep\n|turn|24\n|\n|t:|1665214135\n|move|p1a: Tornadus|Knock Off|p2a: Y.O.L.O!!!!!\n|-damage|p2a: Y.O.L.O!!!!!|83\/100\n|move|p2a: Y.O.L.O!!!!!|Leech Seed||[still]\n|-fail|p2a: Y.O.L.O!!!!!\n|\n|-damage|p1a: Tornadus|76\/100|[from] Leech Seed|[of] p2a: Y.O.L.O!!!!!\n|-heal|p2a: Y.O.L.O!!!!!|92\/100|[silent]\n|upkeep\n|turn|25\n|\n|t:|1665214139\n|switch|p1a: Slowbro|Slowbro, M|100\/100\n|switch|p2a: Louder|Garchomp, F|21\/100\n|\n|upkeep\n|turn|26\n|\n|t:|1665214142\n|move|p2a: Louder|Stealth Rock|p1a: Slowbro\n|-sidestart|p1: tanishq1|move: Stealth Rock\n|move|p1a: Slowbro|Scald|p2a: Louder\n|-damage|p2a: Louder|0 fnt\n|faint|p2a: Louder\n|\n|upkeep\n|\n|t:|1665214153\n|switch|p2a: R-I-O-T|Greninja, M|100\/100\n|turn|27\n|\n|t:|1665214157\n|switch|p1a: Gastrodon|Gastrodon, F|100\/100\n|-damage|p1a: Gastrodon|94\/100|[from] Stealth Rock\n|move|p2a: R-I-O-T|Spikes|p1a: Gastrodon\n|-sidestart|p1: tanishq1|Spikes\n|\n|-heal|p1a: Gastrodon|100\/100|[from] item: Leftovers\n|upkeep\n|turn|28\n|\n|t:|1665214162\n|switch|p2a: Wonderland Girl|Tangrowth, M|100\/100\n|move|p1a: Gastrodon|Toxic|p2a: Wonderland Girl\n|-status|p2a: Wonderland Girl|tox\n|\n|-damage|p2a: Wonderland Girl|94\/100 tox|[from] psn\n|upkeep\n|turn|29\n|\n|t:|1665214165\n|switch|p2a: Returns!|Mawile-Mega, M|72\/100\n|switch|p1a: Tornadus|Tornadus-Therian, M|100\/100\n|-damage|p1a: Tornadus|76\/100|[from] Stealth Rock\n|\n|upkeep\n|turn|30\n|\n|t:|1665214170\n|-zpower|p1a: Tornadus\n|move|p1a: Tornadus|Supersonic Skystrike|p2a: Returns!|[zeffect]\n|-resisted|p2a: Returns!\n|-damage|p2a: Returns!|17\/100\n|move|p2a: Returns!|Ice Punch|p1a: Tornadus\n|-supereffective|p1a: Tornadus\n|-damage|p1a: Tornadus|0 fnt\n|faint|p1a: Tornadus\n|\n|upkeep\n|\n|t:|1665214175\n|switch|p1a: Slowbro|Slowbro, M|100\/100\n|-damage|p1a: Slowbro|88\/100|[from] Stealth Rock\n|-damage|p1a: Slowbro|76\/100|[from] Spikes\n|turn|31\n|\n|t:|1665214178\n|move|p2a: Returns!|Thunder Punch|p1a: Slowbro\n|-supereffective|p1a: Slowbro\n|-damage|p1a: Slowbro|14\/100\n|move|p1a: Slowbro|Scald|p2a: Returns!\n|-damage|p2a: Returns!|0 fnt\n|faint|p2a: Returns!\n|\n|upkeep\n|\n|t:|1665214182\n|switch|p2a: R-I-O-T|Greninja, M|100\/100\n|turn|32\n|\n|t:|1665214187\n|switch|p1a: Gastrodon|Gastrodon, F|100\/100\n|-damage|p1a: Gastrodon|94\/100|[from] Stealth Rock\n|-damage|p1a: Gastrodon|82\/100|[from] Spikes\n|move|p2a: R-I-O-T|Dark Pulse|p1a: Gastrodon\n|-damage|p1a: Gastrodon|43\/100\n|\n|-heal|p1a: Gastrodon|49\/100|[from] item: Leftovers\n|upkeep\n|turn|33\n|\n|t:|1665214192\n|switch|p2a: Wonderland Girl|Tangrowth, M|100\/100 tox\n|move|p1a: Gastrodon|Recover|p1a: Gastrodon\n|-heal|p1a: Gastrodon|99\/100\n|\n|-heal|p1a: Gastrodon|100\/100|[from] item: Leftovers\n|-damage|p2a: Wonderland Girl|94\/100 tox|[from] psn\n|upkeep\n|turn|34\n|inactive|tanishq1 has 120 seconds left.\n|\n|t:|1665214224\n|switch|p1a: Tyranitar|Tyranitar, F|100\/100\n|-damage|p1a: Tyranitar|88\/100|[from] Stealth Rock\n|-damage|p1a: Tyranitar|76\/100|[from] Spikes\n|-weather|Sandstorm|[from] ability: Sand Stream|[of] p1a: Tyranitar\n|move|p2a: Wonderland Girl|Giga Drain|p1a: Tyranitar\n|-supereffective|p1a: Tyranitar\n|-damage|p1a: Tyranitar|59\/100\n|-heal|p2a: Wonderland Girl|100\/100 tox|[from] drain|[of] p1a: Tyranitar\n|\n|-weather|Sandstorm|[upkeep]\n|-damage|p2a: Wonderland Girl|94\/100 tox|[from] Sandstorm\n|-damage|p2a: Wonderland Girl|82\/100 tox|[from] psn\n|upkeep\n|turn|35\n|\n|t:|1665214229\n|switch|p2a: Y.O.L.O!!!!!|Celesteela|92\/100\n|move|p1a: Tyranitar|Crunch|p2a: Y.O.L.O!!!!!\n|-damage|p2a: Y.O.L.O!!!!!|64\/100\n|-unboost|p2a: Y.O.L.O!!!!!|def|1\n|\n|-weather|Sandstorm|[upkeep]\n|upkeep\n|turn|36\n|\n|t:|1665214233\n|move|p1a: Tyranitar|Rock Slide|p2a: Y.O.L.O!!!!!\n|-damage|p2a: Y.O.L.O!!!!!|19\/100\n|move|p2a: Y.O.L.O!!!!!|Heavy Slam|p1a: Tyranitar\n|-supereffective|p1a: Tyranitar\n|-damage|p1a: Tyranitar|5\/100\n|\n|-weather|Sandstorm|[upkeep]\n|upkeep\n|turn|37\n|\n|t:|1665214239\n|move|p1a: Tyranitar|Crunch|p2a: Y.O.L.O!!!!!\n|-damage|p2a: Y.O.L.O!!!!!|0 fnt\n|faint|p2a: Y.O.L.O!!!!!\n|\n|-weather|Sandstorm|[upkeep]\n|upkeep\n|\n|t:|1665214241\n|switch|p2a: R-I-O-T|Greninja, M|100\/100\n|turn|38\n|\n|t:|1665214262\n|move|p2a: R-I-O-T|Dark Pulse|p1a: Tyranitar\n|-resisted|p1a: Tyranitar\n|-damage|p1a: Tyranitar|0 fnt\n|faint|p1a: Tyranitar\n|-activate|p2a: R-I-O-T|ability: Battle Bond\n|detailschange|p2a: R-I-O-T|Greninja-Ash, M\n|\n|-weather|none\n|upkeep\n|\n|t:|1665214264\n|switch|p1a: Gastrodon|Gastrodon, F|100\/100\n|-damage|p1a: Gastrodon|94\/100|[from] Stealth Rock\n|-damage|p1a: Gastrodon|82\/100|[from] Spikes\n|turn|39\n|\n|t:|1665214267\n|switch|p2a: Wonderland Girl|Tangrowth, M|100\/100 tox\n|move|p1a: Gastrodon|Toxic|p2a: Wonderland Girl\n|-fail|p2a: Wonderland Girl|tox\n|\n|-heal|p1a: Gastrodon|88\/100|[from] item: Leftovers\n|-damage|p2a: Wonderland Girl|94\/100 tox|[from] psn\n|upkeep\n|turn|40\n|\n|t:|1665214270\n|move|p2a: Wonderland Girl|Giga Drain|p1a: Gastrodon\n|-supereffective|p1a: Gastrodon\n|-damage|p1a: Gastrodon|1\/100\n|-heal|p2a: Wonderland Girl|100\/100 tox|[from] drain|[of] p1a: Gastrodon\n|move|p1a: Gastrodon|Recover|p1a: Gastrodon\n|-heal|p1a: Gastrodon|51\/100\n|\n|-heal|p1a: Gastrodon|57\/100|[from] item: Leftovers\n|-damage|p2a: Wonderland Girl|88\/100 tox|[from] psn\n|upkeep\n|turn|41\n|inactive|tanishq1 has 120 seconds left.\n|c|\u2606A-Loquesea|gg\n|\n|t:|1665214306\n|move|p2a: Wonderland Girl|Giga Drain|p1a: Gastrodon\n|-supereffective|p1a: Gastrodon\n|-damage|p1a: Gastrodon|0 fnt\n|-heal|p2a: Wonderland Girl|100\/100 tox|[from] drain|[of] p1a: Gastrodon\n|faint|p1a: Gastrodon\n|\n|-damage|p2a: Wonderland Girl|82\/100 tox|[from] psn\n|upkeep\n|-message|tanishq1 forfeited.\n|\n|win|A-Loquesea\n|raw|tanishq1's rating: 1637 &rarr; <strong>1616<\/strong><br \/>(-21 for losing)\n|raw|A-Loquesea's rating: 1614 &rarr; <strong>1635<\/strong><br \/>(+21 for winning)\n|l|\u2606tanishq1\n","uploadtime":1665214317,"views":7,"p1id":"tanishq1","p2id":"aloquesea","formatid":"gen7ou","rating":1616,"private":0,"password":null}