{"id":"gen7uu-977948815","p1":"Igotthegat","p2":"Welchieboy","format":"gen7uu","log":"|j|\u2606Igotthegat\n|j|\u2606Welchieboy\n|player|p1|Igotthegat|170|1476\n|player|p2|Welchieboy|10|1450\n|teamsize|p1|6\n|teamsize|p2|6\n|gametype|singles\n|gen|7\n|tier|[Gen 7] UU\n|rated|\n|rule|Sleep Clause Mod: Limit one foe put to sleep\n|rule|Species Clause: Limit one of each Pok\u00e9mon\n|rule|OHKO Clause: OHKO moves are banned\n|rule|Moody Clause: Moody is banned\n|rule|Evasion Moves Clause: Evasion moves are banned\n|rule|Endless Battle Clause: Forcing endless battles is banned\n|rule|HP Percentage Mod: HP is shown in percentages\n|clearpoke\n|poke|p1|Pyukumuku, M|item\n|poke|p1|Blissey, F|item\n|poke|p1|Altaria, F|item\n|poke|p1|Registeel|item\n|poke|p1|Alomomola, M|item\n|poke|p1|Crobat, M|item\n|poke|p2|Espeon, F|item\n|poke|p2|Slowbro, F|item\n|poke|p2|Necrozma|item\n|poke|p2|Muk-Alola, F|item\n|poke|p2|Klefki, F|item\n|poke|p2|Chesnaught, M|item\n|teampreview\n|inactive|Battle timer is ON: inactive players will automatically lose when time's up. (requested by Igotthegat)\n|j| Mz_786\n|inactive|Welchieboy has 120 seconds left.\n|\n|start\n|switch|p1a: Crobat|Crobat, M|100\/100\n|switch|p2a: Molly|Espeon, F|100\/100\n|turn|1\n|\n|-zpower|p1a: Crobat\n|move|p1a: Crobat|Supersonic Skystrike|p2a: Molly|[zeffect]\n|-damage|p2a: Molly|0 fnt\n|faint|p2a: Molly\n|\n|upkeep\n|\n|switch|p2a: Bruh|Slowbro, F, shiny|100\/100\n|turn|2\n|\n|move|p1a: Crobat|Taunt|p2a: Bruh\n|-start|p2a: Bruh|move: Taunt\n|move|p2a: Bruh|Scald|p1a: Crobat\n|-damage|p1a: Crobat|66\/100\n|\n|upkeep\n|turn|3\n|l| Mz_786\n|\n|move|p1a: Crobat|Super Fang|p2a: Bruh\n|-damage|p2a: Bruh|50\/100\n|move|p2a: Bruh|Scald|p1a: Crobat\n|-damage|p1a: Crobat|28\/100\n|\n|upkeep\n|turn|4\n|\n|switch|p1a: Registeel|Registeel|100\/100\n|move|p2a: Bruh|Scald|p1a: Registeel\n|-damage|p1a: Registeel|86\/100\n|\n|-heal|p1a: Registeel|92\/100|[from] item: Leftovers\n|-end|p2a: Bruh|move: Taunt\n|upkeep\n|turn|5\n|\n|switch|p2a: And Crosses|Chesnaught, M, shiny|100\/100\n|move|p1a: Registeel|Toxic|p2a: And Crosses\n|-status|p2a: And Crosses|tox\n|\n|-heal|p1a: Registeel|98\/100|[from] item: Leftovers\n|-damage|p2a: And Crosses|94\/100 tox|[from] psn\n|upkeep\n|turn|6\n|\n|move|p2a: And Crosses|Belly Drum|p2a: And Crosses\n|-damage|p2a: And Crosses|44\/100 tox\n|-setboost|p2a: And Crosses|atk|6|[from] move: Belly Drum\n|move|p1a: Registeel|Stealth Rock|p2a: And Crosses\n|-sidestart|p2: Welchieboy|move: Stealth Rock\n|\n|-heal|p1a: Registeel|100\/100|[from] item: Leftovers\n|-damage|p2a: And Crosses|32\/100 tox|[from] psn\n|upkeep\n|turn|7\n|\n|switch|p1a: Crobat|Crobat, M|28\/100\n|move|p2a: And Crosses|Drain Punch|p1a: Crobat\n|-resisted|p1a: Crobat\n|-damage|p1a: Crobat|0 fnt\n|-heal|p2a: And Crosses|45\/100 tox|[from] drain|[of] p1a: Crobat\n|faint|p1a: Crobat\n|\n|-damage|p2a: And Crosses|27\/100 tox|[from] psn\n|upkeep\n|\n|switch|p1a: Alomomola|Alomomola, M|100\/100\n|turn|8\n|\n|move|p1a: Alomomola|Protect|p1a: Alomomola\n|-singleturn|p1a: Alomomola|Protect\n|move|p2a: And Crosses|Seed Bomb|p1a: Alomomola\n|-activate|p1a: Alomomola|move: Protect\n|\n|-damage|p2a: And Crosses|3\/100 tox|[from] psn\n|upkeep\n|-enditem|p2a: And Crosses|Salac Berry|[eat]\n|-boost|p2a: And Crosses|spe|1\n|turn|9\n|\n|switch|p1a: Pyukumuku|Pyukumuku, M|100\/100\n|move|p2a: And Crosses|Drain Punch|p1a: Pyukumuku\n|-crit|p1a: Pyukumuku\n|-damage|p1a: Pyukumuku|68\/100\n|-heal|p2a: And Crosses|17\/100 tox|[from] drain|[of] p1a: Pyukumuku\n|\n|-heal|p1a: Pyukumuku|74\/100|[from] item: Leftovers\n|-damage|p2a: And Crosses|0 fnt|[from] psn\n|faint|p2a: And Crosses\n|upkeep\n|\n|switch|p2a: Armour|Necrozma|100\/100\n|-damage|p2a: Armour|88\/100|[from] Stealth Rock\n|turn|10\n|\n|switch|p1a: Blissey|Blissey, F|100\/100\n|move|p2a: Armour|Calm Mind|p2a: Armour\n|-boost|p2a: Armour|spa|1\n|-boost|p2a: Armour|spd|1\n|\n|upkeep\n|turn|11\n|\n|move|p2a: Armour|Calm Mind|p2a: Armour\n|-boost|p2a: Armour|spa|1\n|-boost|p2a: Armour|spd|1\n|move|p1a: Blissey|Wish|p1a: Blissey\n|\n|upkeep\n|turn|12\n|\n|switch|p1a: Pyukumuku|Pyukumuku, M|74\/100\n|move|p2a: Armour|Calm Mind|p2a: Armour\n|-boost|p2a: Armour|spa|1\n|-boost|p2a: Armour|spd|1\n|\n|-heal|p1a: Pyukumuku|100\/100|[from] move: Wish|[wisher] Blissey\n|upkeep\n|turn|13\n|\n|move|p2a: Armour|Calm Mind|p2a: Armour\n|-boost|p2a: Armour|spa|1\n|-boost|p2a: Armour|spd|1\n|move|p1a: Pyukumuku|Block|p2a: Armour\n|-activate|p2a: Armour|trapped\n|\n|upkeep\n|turn|14\n|\n|move|p2a: Armour|Iron Defense|p2a: Armour\n|-boost|p2a: Armour|def|2\n|move|p1a: Pyukumuku|Toxic|p2a: Armour\n|-status|p2a: Armour|tox\n|\n|-damage|p2a: Armour|82\/100 tox|[from] psn\n|upkeep\n|turn|15\n|\n|move|p2a: Armour|Iron Defense|p2a: Armour\n|-boost|p2a: Armour|def|2\n|move|p1a: Pyukumuku|Recover||[still]\n|-fail|p1a: Pyukumuku\n|\n|-damage|p2a: Armour|70\/100 tox|[from] psn\n|upkeep\n|turn|16\n|\n|move|p2a: Armour|Iron Defense|p2a: Armour\n|-boost|p2a: Armour|def|2\n|move|p1a: Pyukumuku|Soak|p2a: Armour\n|-start|p2a: Armour|typechange|Water\n|\n|-damage|p2a: Armour|52\/100 tox|[from] psn\n|upkeep\n|turn|17\n|\n|move|p2a: Armour|Calm Mind|p2a: Armour\n|-boost|p2a: Armour|spa|1\n|-boost|p2a: Armour|spd|1\n|move|p1a: Pyukumuku|Recover||[still]\n|-fail|p1a: Pyukumuku\n|\n|-damage|p2a: Armour|28\/100 tox|[from] psn\n|upkeep\n|turn|18\n|\n|move|p2a: Armour|Rest|p2a: Armour\n|-status|p2a: Armour|slp|[from] move: Rest\n|-heal|p2a: Armour|100\/100 slp|[silent]\n|-enditem|p2a: Armour|Chesto Berry|[eat]\n|-curestatus|p2a: Armour|slp|[msg]\n|move|p1a: Pyukumuku|Recover||[still]\n|-fail|p1a: Pyukumuku\n|\n|upkeep\n|turn|19\n|\n|move|p2a: Armour|Stored Power|p1a: Pyukumuku\n|-damage|p1a: Pyukumuku|25\/100\n|move|p1a: Pyukumuku|Toxic|p2a: Armour\n|-status|p2a: Armour|tox\n|\n|-heal|p1a: Pyukumuku|31\/100|[from] item: Leftovers\n|-damage|p2a: Armour|94\/100 tox|[from] psn\n|upkeep\n|turn|20\n|c|\u2606Welchieboy|a valuable lesson was learned today\n|\n|switch|p1a: Blissey|Blissey, F|100\/100\n|move|p2a: Armour|Stored Power|p1a: Blissey\n|-damage|p1a: Blissey|0 fnt\n|faint|p1a: Blissey\n|\n|-damage|p2a: Armour|82\/100 tox|[from] psn\n|upkeep\n|\n|switch|p1a: Alomomola|Alomomola, M|100\/100\n|turn|21\n|\n|move|p1a: Alomomola|Protect|p1a: Alomomola\n|-singleturn|p1a: Alomomola|Protect\n|move|p2a: Armour|Rest|p2a: Armour\n|-status|p2a: Armour|slp|[from] move: Rest\n|-heal|p2a: Armour|100\/100 slp|[silent]\n|\n|upkeep\n|turn|22\n|\n|switch|p1a: Registeel|Registeel|100\/100\n|cant|p2a: Armour|slp\n|\n|upkeep\n|turn|23\n|\n|cant|p2a: Armour|slp\n|move|p1a: Registeel|Seismic Toss|p2a: Armour\n|-damage|p2a: Armour|75\/100 slp\n|\n|upkeep\n|turn|24\n|\n|-curestatus|p2a: Armour|slp|[msg]\n|move|p2a: Armour|Stored Power|p1a: Registeel\n|-resisted|p1a: Registeel\n|-damage|p1a: Registeel|14\/100\n|move|p1a: Registeel|Seismic Toss|p2a: Armour\n|-damage|p2a: Armour|50\/100\n|\n|-heal|p1a: Registeel|20\/100|[from] item: Leftovers\n|upkeep\n|turn|25\n|\n|move|p2a: Armour|Stored Power|p1a: Registeel\n|-resisted|p1a: Registeel\n|-damage|p1a: Registeel|0 fnt\n|faint|p1a: Registeel\n|\n|upkeep\n|-message|Igotthegat forfeited.\n|\n|win|Welchieboy\n|l|\u2606Igotthegat\n","uploadtime":1568817131,"views":1,"p1id":"igotthegat","p2id":"welchieboy","formatid":"gen7uu","rating":0,"private":0,"password":null}