{"id":"gen7ubers-1622004918","p1":"ringlord","p2":"Raph369","format":"gen7ubers","log":"|j|\u2606ringlord\n|j|\u2606Raph369\n|t:|1658398997\n|gametype|singles\n|player|p1|ringlord|266|\n|player|p2|Raph369|archer|\n|teamsize|p1|6\n|teamsize|p2|6\n|gen|7\n|tier|[Gen 7] Ubers\n|rated|Tournament battle\n|rule|Sleep Clause Mod: Limit one foe put to sleep\n|rule|Species Clause: Limit one of each Pok\u00e9mon\n|rule|OHKO Clause: OHKO moves are banned\n|rule|Moody Clause: Moody is banned\n|rule|Evasion Moves Clause: Evasion moves are banned\n|rule|Endless Battle Clause: Forcing endless battles is banned\n|rule|HP Percentage Mod: HP is shown in percentages\n|rule|Mega Rayquaza Clause: You cannot mega evolve Rayquaza\n|clearpoke\n|poke|p1|Mewtwo|item\n|poke|p1|Groudon|item\n|poke|p1|Necrozma-Dusk-Mane|item\n|poke|p1|Arceus-*|item\n|poke|p1|Deoxys-Attack|item\n|poke|p1|Xerneas-*|item\n|poke|p2|Groudon|item\n|poke|p2|Greninja, M|item\n|poke|p2|Necrozma-Dusk-Mane|item\n|poke|p2|Xerneas-*|item\n|poke|p2|Zygarde|item\n|poke|p2|Arceus-*|item\n|teampreview\n|inactive|Battle timer is ON: inactive players will automatically lose when time's up. (requested by ringlord)\n|c|\u2606Raph369|hf\n|\n|t:|1658399004\n|start\n|switch|p1a: shirt doesn't fit|Deoxys-Attack|100\/100\n|switch|p2a: Greninja|Greninja, M|100\/100\n|-ability|p1a: shirt doesn't fit|Pressure\n|turn|1\n|c|\u2606ringlord|gl hf\n|\n|t:|1658399014\n|move|p1a: shirt doesn't fit|Extreme Speed|p2a: Greninja\n|-damage|p2a: Greninja|37\/100\n|move|p2a: Greninja|Toxic Spikes|p1a: shirt doesn't fit\n|-start|p2a: Greninja|typechange|Poison|[from] ability: Protean\n|-sidestart|p1: ringlord|move: Toxic Spikes\n|\n|upkeep\n|turn|2\n|\n|t:|1658399019\n|move|p1a: shirt doesn't fit|Extreme Speed|p2a: Greninja\n|-damage|p2a: Greninja|0 fnt\n|faint|p2a: Greninja\n|\n|upkeep\n|\n|t:|1658399023\n|switch|p2a: Arceus|Arceus-Water|100\/100\n|turn|3\n|\n|t:|1658399031\n|switch|p1a: Ultra Necro Thingy|Necrozma-Dusk-Mane|100\/100\n|move|p2a: Arceus|Calm Mind|p2a: Arceus\n|-boost|p2a: Arceus|spa|1\n|-boost|p2a: Arceus|spd|1\n|\n|upkeep\n|turn|4\n|\n|t:|1658399036\n|detailschange|p1a: Ultra Necro Thingy|Necrozma-Ultra\n|-burst|p1a: Ultra Necro Thingy|Necrozma|Ultranecrozium Z\n|move|p1a: Ultra Necro Thingy|Photon Geyser|p2a: Arceus\n|-damage|p2a: Arceus|71\/100\n|-zpower|p2a: Arceus\n|move|p2a: Arceus|Hydro Vortex|p1a: Ultra Necro Thingy|[zeffect]\n|-resisted|p1a: Ultra Necro Thingy\n|-damage|p1a: Ultra Necro Thingy|21\/100\n|\n|upkeep\n|turn|5\n|\n|t:|1658399040\n|-zpower|p1a: Ultra Necro Thingy\n|move|p1a: Ultra Necro Thingy|Light That Burns the Sky|p2a: Arceus|[zeffect]\n|-damage|p2a: Arceus|11\/100\n|move|p2a: Arceus|Ice Beam|p1a: Ultra Necro Thingy\n|-supereffective|p1a: Ultra Necro Thingy\n|-damage|p1a: Ultra Necro Thingy|0 fnt\n|faint|p1a: Ultra Necro Thingy\n|\n|upkeep\n|\n|t:|1658399045\n|switch|p1a: shirt doesn't fit|Deoxys-Attack|100\/100\n|-status|p1a: shirt doesn't fit|psn\n|-ability|p1a: shirt doesn't fit|Pressure\n|turn|6\n|\n|t:|1658399048\n|move|p1a: shirt doesn't fit|Extreme Speed|p2a: Arceus\n|-damage|p2a: Arceus|0 fnt\n|faint|p2a: Arceus\n|\n|-damage|p1a: shirt doesn't fit|88\/100 psn|[from] psn\n|upkeep\n|\n|t:|1658399056\n|switch|p2a: Xerneas|Xerneas|100\/100\n|-ability|p2a: Xerneas|Fairy Aura\n|turn|7\n|\n|t:|1658399058\n|move|p1a: shirt doesn't fit|Knock Off|p2a: Xerneas\n|-resisted|p2a: Xerneas\n|-damage|p2a: Xerneas|83\/100\n|-enditem|p2a: Xerneas|Power Herb|[from] move: Knock Off|[of] p1a: shirt doesn't fit\n|move|p2a: Xerneas|Geomancy||[still]\n|-prepare|p2a: Xerneas|Geomancy\n|\n|-damage|p1a: shirt doesn't fit|76\/100 psn|[from] psn\n|upkeep\n|turn|8\n|\n|t:|1658399064\n|move|p1a: shirt doesn't fit|Psycho Boost|p2a: Xerneas\n|-damage|p2a: Xerneas|18\/100\n|-unboost|p1a: shirt doesn't fit|spa|2\n|move|p2a: Xerneas|Geomancy|p2a: Xerneas|[from]lockedmove\n|-boost|p2a: Xerneas|spa|2\n|-boost|p2a: Xerneas|spd|2\n|-boost|p2a: Xerneas|spe|2\n|\n|-damage|p1a: shirt doesn't fit|63\/100 psn|[from] psn\n|upkeep\n|turn|9\n|\n|t:|1658399069\n|move|p1a: shirt doesn't fit|Extreme Speed|p2a: Xerneas\n|-damage|p2a: Xerneas|0 fnt\n|faint|p2a: Xerneas\n|\n|-damage|p1a: shirt doesn't fit|51\/100 psn|[from] psn\n|upkeep\n|\n|t:|1658399074\n|switch|p2a: Necrozma|Necrozma-Dusk-Mane|100\/100\n|turn|10\n|\n|t:|1658399076\n|move|p1a: shirt doesn't fit|Knock Off|p2a: Necrozma\n|-supereffective|p2a: Necrozma\n|-damage|p2a: Necrozma|43\/100\n|-enditem|p2a: Necrozma|Weakness Policy\n|-boost|p2a: Necrozma|atk|2|[from] item: Weakness Policy\n|-boost|p2a: Necrozma|spa|2|[from] item: Weakness Policy\n|move|p2a: Necrozma|Rock Polish|p2a: Necrozma\n|-boost|p2a: Necrozma|spe|2\n|\n|-damage|p1a: shirt doesn't fit|38\/100 psn|[from] psn\n|upkeep\n|turn|11\n|\n|t:|1658399084\n|move|p1a: shirt doesn't fit|Extreme Speed|p2a: Necrozma\n|-resisted|p2a: Necrozma\n|-damage|p2a: Necrozma|28\/100\n|move|p2a: Necrozma|Sunsteel Strike|p1a: shirt doesn't fit\n|-crit|p1a: shirt doesn't fit\n|-damage|p1a: shirt doesn't fit|0 fnt\n|faint|p1a: shirt doesn't fit\n|\n|upkeep\n|j|+aurora\n|\n|t:|1658399097\n|switch|p1a: Marshadow hates me|Arceus|100\/100\n|-status|p1a: Marshadow hates me|psn\n|turn|12\n|\n|t:|1658399104\n|move|p2a: Necrozma|Sunsteel Strike|p1a: Marshadow hates me\n|-damage|p1a: Marshadow hates me|17\/100 psn\n|move|p1a: Marshadow hates me|Earthquake|p2a: Necrozma\n|-supereffective|p2a: Necrozma\n|-crit|p2a: Necrozma\n|-damage|p2a: Necrozma|0 fnt\n|faint|p2a: Necrozma\n|\n|-damage|p1a: Marshadow hates me|4\/100 psn|[from] psn\n|upkeep\n|\n|t:|1658399108\n|switch|p2a: Zygarde|Zygarde|100\/100\n|turn|13\n|\n|t:|1658399111\n|move|p1a: Marshadow hates me|Extreme Speed|p2a: Zygarde\n|-damage|p2a: Zygarde|66\/100\n|move|p2a: Zygarde|Dragon Dance|p2a: Zygarde\n|-boost|p2a: Zygarde|atk|1\n|-boost|p2a: Zygarde|spe|1\n|\n|-damage|p1a: Marshadow hates me|0 fnt|[from] psn\n|faint|p1a: Marshadow hates me\n|upkeep\n|\n|t:|1658399129\n|switch|p1a: Rainbow Deer|Xerneas|100\/100\n|-status|p1a: Rainbow Deer|psn\n|-ability|p1a: Rainbow Deer|Fairy Aura\n|turn|14\n|\n|t:|1658399133\n|move|p2a: Zygarde|Iron Tail|p1a: Rainbow Deer\n|-supereffective|p1a: Rainbow Deer\n|-damage|p1a: Rainbow Deer|26\/100 psn\n|move|p1a: Rainbow Deer|Moonblast|p2a: Zygarde\n|-supereffective|p2a: Zygarde\n|-enditem|p2a: Zygarde|Roseli Berry|[eat]\n|-enditem|p2a: Zygarde|Roseli Berry|[weaken]\n|-damage|p2a: Zygarde|0 fnt\n|faint|p2a: Zygarde\n|\n|-damage|p1a: Rainbow Deer|13\/100 psn|[from] psn\n|upkeep\n|\n|t:|1658399139\n|switch|p2a: Groudon|Groudon|100\/100\n|detailschange|p2a: Groudon|Groudon-Primal\n|-primal|p2a: Groudon\n|-weather|DesolateLand|[from] ability: Desolate Land|[of] p2a: Groudon\n|turn|15\n|\n|t:|1658399141\n|move|p2a: Groudon|Stealth Rock|p1a: Rainbow Deer\n|-sidestart|p1: ringlord|move: Stealth Rock\n|move|p1a: Rainbow Deer|Moonblast|p2a: Groudon\n|-resisted|p2a: Groudon\n|-damage|p2a: Groudon|67\/100\n|\n|-weather|DesolateLand|[upkeep]\n|-damage|p1a: Rainbow Deer|1\/100 psn|[from] psn\n|upkeep\n|turn|16\n|\n|t:|1658399147\n|move|p2a: Groudon|Precipice Blades|p1a: Rainbow Deer\n|-damage|p1a: Rainbow Deer|0 fnt\n|faint|p1a: Rainbow Deer\n|\n|-weather|DesolateLand|[upkeep]\n|upkeep\n|\n|t:|1658399152\n|switch|p1a: Help I'm burning|Groudon|100\/100\n|-status|p1a: Help I'm burning|psn\n|-damage|p1a: Help I'm burning|94\/100 psn|[from] Stealth Rock\n|detailschange|p1a: Help I'm burning|Groudon-Primal\n|-primal|p1a: Help I'm burning\n|turn|17\n|\n|t:|1658399154\n|move|p2a: Groudon|Precipice Blades|p1a: Help I'm burning\n|-supereffective|p1a: Help I'm burning\n|-damage|p1a: Help I'm burning|0 fnt\n|faint|p1a: Help I'm burning\n|\n|-weather|DesolateLand|[upkeep]\n|upkeep\n|j| Sandis Ozolinch\n|c|\u2606ringlord|oof\n|c|\u2606ringlord|gg\n|c|\u2606ringlord|wp\n|c|\u2606Raph369|gg\n|\n|t:|1658399165\n|switch|p1a: Punchy Boii|Mewtwo|100\/100\n|-status|p1a: Punchy Boii|psn\n|-damage|p1a: Punchy Boii|88\/100 psn|[from] Stealth Rock\n|-ability|p1a: Punchy Boii|Pressure\n|turn|18\n|\n|t:|1658399169\n|detailschange|p1a: Punchy Boii|Mewtwo-Mega-Y\n|-mega|p1a: Punchy Boii|Mewtwo|Mewtwonite Y\n|move|p1a: Punchy Boii|Psystrike|p2a: Groudon\n|-damage|p2a: Groudon|23\/100\n|move|p2a: Groudon|Precipice Blades|p1a: Punchy Boii\n|-damage|p1a: Punchy Boii|0 fnt\n|faint|p1a: Punchy Boii\n|\n|win|Raph369\n|n|\u2606ringlord|ringlord\n|n|\u2606Raph369|raph369\n|n| aurora|aurora\n|n| Sandis Ozolinch|sandisozolinch\n","uploadtime":1658399170,"views":10,"p1id":"ringlord","p2id":"raph369","formatid":"gen7ubers","rating":0,"private":0,"password":null}