{"id":"gen7ou-1694751585","p1":"BigChungusIsFunny!","p2":"Lucians Call","format":"gen7ou","log":"|j|\u2606BigChungusIsFunny!\n|j|\u2606Lucians Call\n|t:|1666727959\n|gametype|singles\n|player|p1|BigChungusIsFunny!|wallace|1578\n|player|p2|Lucians Call|furisodegirl-blue|1854\n|teamsize|p1|6\n|teamsize|p2|6\n|gen|7\n|tier|[Gen 7] OU\n|rated|\n|rule|Sleep Clause Mod: Limit one foe put to sleep\n|rule|Species Clause: Limit one of each Pok\u00e9mon\n|rule|OHKO Clause: OHKO moves are banned\n|rule|Moody Clause: Moody is banned\n|rule|Evasion Items Clause: Evasion items are banned\n|rule|Evasion Moves Clause: Evasion moves are banned\n|rule|Endless Battle Clause: Forcing endless battles is banned\n|rule|HP Percentage Mod: HP is shown in percentages\n|clearpoke\n|poke|p1|Pelipper, M|item\n|poke|p1|Swampert, M|item\n|poke|p1|Tapu Koko|item\n|poke|p1|Greninja, M|item\n|poke|p1|Hawlucha, M|item\n|poke|p1|Ferrothorn, F|item\n|poke|p2|Alakazam, M|item\n|poke|p2|Tauros, M|item\n|poke|p2|Gliscor, F|item\n|poke|p2|Tornadus-Therian, M|item\n|poke|p2|Tangrowth, M|item\n|poke|p2|Magearna|item\n|teampreview\n|inactive|Battle timer is ON: inactive players will automatically lose when time's up. (requested by BigChungusIsFunny!)\n|\n|t:|1666727976\n|start\n|switch|p1a: take a fart|Greninja, M|100\/100\n|switch|p2a: Tauros|Tauros, M|100\/100\n|turn|1\n|\n|t:|1666727987\n|switch|p1a: take a dump|Pelipper, M, shiny|100\/100\n|-weather|RainDance|[from] ability: Drizzle|[of] p1a: take a dump\n|switch|p2a: Tangrowth|Tangrowth, M|100\/100\n|\n|-weather|RainDance|[upkeep]\n|upkeep\n|turn|2\n|\n|t:|1666727992\n|move|p1a: take a dump|U-turn|p2a: Tangrowth\n|-supereffective|p2a: Tangrowth\n|-damage|p2a: Tangrowth|89\/100\n|\n|t:|1666728000\n|switch|p1a: take a wizz|Ferrothorn, F, shiny|100\/100|[from]move: U-turn\n|move|p2a: Tangrowth|Knock Off|p1a: take a wizz\n|-damage|p1a: take a wizz|83\/100\n|-damage|p2a: Tangrowth|77\/100|[from] ability: Iron Barbs|[of] p1a: take a wizz\n|-enditem|p1a: take a wizz|Leftovers|[from] move: Knock Off|[of] p2a: Tangrowth\n|\n|-weather|RainDance|[upkeep]\n|upkeep\n|turn|3\n|\n|t:|1666728003\n|switch|p2a: Tornadus|Tornadus-Therian, M|100\/100\n|move|p1a: take a wizz|Stealth Rock|p2a: Tornadus\n|-sidestart|p2: Lucians Call|move: Stealth Rock\n|\n|-weather|RainDance|[upkeep]\n|upkeep\n|turn|4\n|\n|t:|1666728007\n|switch|p1a: take a seat|Tapu Koko|100\/100\n|-fieldstart|move: Electric Terrain|[from] ability: Electric Surge|[of] p1a: take a seat\n|move|p2a: Tornadus|Defog|p1a: take a seat\n|-unboost|p1a: take a seat|evasion|1\n|-sideend|p2: Lucians Call|Stealth Rock|[from] move: Defog|[of] p2a: Tornadus\n|\n|-weather|RainDance|[upkeep]\n|upkeep\n|turn|5\n|\n|t:|1666728011\n|switch|p2a: Tangrowth|Tangrowth, M|100\/100\n|move|p1a: take a seat|Volt Switch|p2a: Tangrowth\n|-resisted|p2a: Tangrowth\n|-damage|p2a: Tangrowth|85\/100\n|\n|t:|1666728020\n|switch|p1a: Hawlucha|Hawlucha, M|100\/100|[from]move: Volt Switch\n|-enditem|p1a: Hawlucha|Electric Seed\n|-boost|p1a: Hawlucha|def|1|[from] item: Electric Seed\n|\n|-weather|RainDance|[upkeep]\n|upkeep\n|turn|6\n|inactive|Lucians Call has 120 seconds left.\n|\n|t:|1666728078\n|switch|p2a: Tornadus|Tornadus-Therian, M|100\/100\n|move|p1a: Hawlucha|Swords Dance|p1a: Hawlucha\n|-boost|p1a: Hawlucha|atk|2\n|\n|-weather|RainDance|[upkeep]\n|upkeep\n|turn|7\n|\n|t:|1666728096\n|move|p1a: Hawlucha|Acrobatics|p2a: Tornadus\n|-damage|p2a: Tornadus|0 fnt\n|-damage|p1a: Hawlucha|84\/100|[from] item: Rocky Helmet|[of] p2a: Tornadus\n|faint|p2a: Tornadus\n|\n|-weather|RainDance|[upkeep]\n|upkeep\n|\n|t:|1666728102\n|switch|p2a: Gliscor|Gliscor, F|100\/100\n|turn|8\n|inactive|BigChungusIsFunny! has 120 seconds left.\n|\n|t:|1666728133\n|move|p1a: Hawlucha|Taunt|p2a: Gliscor\n|-start|p2a: Gliscor|move: Taunt\n|cant|p2a: Gliscor|move: Taunt|Toxic\n|\n|-weather|none\n|-fieldend|move: Electric Terrain\n|-status|p2a: Gliscor|tox|[from] item: Toxic Orb\n|upkeep\n|turn|9\n|inactive|Lucians Call has 120 seconds left.\n|\n|t:|1666728143\n|move|p1a: Hawlucha|Swords Dance|p1a: Hawlucha\n|-boost|p1a: Hawlucha|atk|2\n|move|p2a: Gliscor|Earthquake|p1a: Hawlucha\n|-immune|p1a: Hawlucha\n|\n|upkeep\n|turn|10\n|\n|t:|1666728149\n|move|p1a: Hawlucha|Swords Dance|p1a: Hawlucha\n|-boost|p1a: Hawlucha|atk|2\n|move|p2a: Gliscor|Earthquake|p1a: Hawlucha\n|-immune|p1a: Hawlucha\n|\n|-end|p2a: Gliscor|move: Taunt\n|upkeep\n|turn|11\n|\n|t:|1666728152\n|move|p1a: Hawlucha|Taunt|p2a: Gliscor\n|-start|p2a: Gliscor|move: Taunt\n|cant|p2a: Gliscor|move: Taunt|Toxic\n|\n|upkeep\n|turn|12\n|\n|t:|1666728154\n|move|p1a: Hawlucha|Drain Punch|p2a: Gliscor\n|-resisted|p2a: Gliscor\n|-damage|p2a: Gliscor|53\/100 tox\n|-heal|p1a: Hawlucha|100\/100|[from] drain|[of] p2a: Gliscor\n|move|p2a: Gliscor|Earthquake|p1a: Hawlucha\n|-immune|p1a: Hawlucha\n|\n|-heal|p2a: Gliscor|65\/100 tox|[from] ability: Poison Heal\n|upkeep\n|turn|13\n|-message|Lucians Call forfeited.\n|\n|win|BigChungusIsFunny!\n|raw|BigChungusIsFunny!'s rating: 1590 &rarr; <strong>1623<\/strong><br \/>(+33 for winning)\n|raw|Lucians Call's rating: 1854 &rarr; <strong>1821<\/strong><br \/>(-33 for losing)\n|c|\u2606BigChungusIsFunny!|what does the tauros do\n|l|\u2606Lucians Call\n||Ladder isn't responding, score probably updated but might not have (Request timeout).\n","uploadtime":1666728189,"views":36,"p1id":"bigchungusisfunny","p2id":"lucianscall","formatid":"gen7ou","rating":1623,"private":0,"password":null}