{"id":"gen7ou-833255281","p1":"Toxabelle","p2":"smee maimen","format":"gen7ou","log":"|j|\u2606Toxabelle\n|j|\u2606smee maimen\n|player|p1|Toxabelle|265\n|player|p2|smee maimen|84\n|teamsize|p1|6\n|teamsize|p2|6\n|gametype|singles\n|gen|7\n|tier|[Gen 7] OU\n|rated|\n|rule|Sleep Clause Mod: Limit one foe put to sleep\n|rule|Species Clause: Limit one of each Pok\u00e9mon\n|rule|OHKO Clause: OHKO moves are banned\n|rule|Moody Clause: Moody is banned\n|rule|Evasion Moves Clause: Evasion moves are banned\n|rule|Endless Battle Clause: Forcing endless battles is banned\n|rule|HP Percentage Mod: HP is shown in percentages\n|clearpoke\n|poke|p1|Buzzwole|item\n|poke|p1|Celesteela|item\n|poke|p1|Alakazam, F|item\n|poke|p1|Toxapex, F|item\n|poke|p1|Landorus-Therian, M|item\n|poke|p1|Heatran, M|item\n|poke|p2|Skarmory, M|item\n|poke|p2|Tyranitar, M|item\n|poke|p2|Buzzwole|item\n|poke|p2|Aggron, M|item\n|poke|p2|Magnezone|item\n|poke|p2|Swampert, M|item\n|teampreview\n|inactive|Battle timer is ON: inactive players will automatically lose when time's up. (requested by Toxabelle)\n|\n|start\n|switch|p1a: Heatran|Heatran, M|100\/100\n|switch|p2a: Bill \"CIA\" Wilson|Swampert, M|100\/100\n|turn|1\n|\n|switch|p1a: Toxapex|Toxapex, F|100\/100\n|move|p2a: Bill \"CIA\" Wilson|Earth Power|p1a: Toxapex\n|-supereffective|p1a: Toxapex\n|-damage|p1a: Toxapex|47\/100\n|\n|-heal|p1a: Toxapex|53\/100|[from] item: Black Sludge\n|upkeep\n|turn|2\n|j| DollynhoRadioativo\n|j| Dollynho Coach\n|\n|switch|p1a: Alakazam|Alakazam, F|100\/100\n|move|p2a: Bill \"CIA\" Wilson|Scald|p1a: Alakazam\n|-crit|p1a: Alakazam\n|-damage|p1a: Alakazam|32\/100\n|\n|upkeep\n|turn|3\n|\n|detailschange|p1a: Alakazam|Alakazam-Mega, F\n|-mega|p1a: Alakazam|Alakazam|Alakazite\n|-ability|p1a: Alakazam|Torrent|[from] ability: Trace|[of] p2a: Bill \"CIA\" Wilson\n|move|p1a: Alakazam|Recover|p1a: Alakazam\n|-heal|p1a: Alakazam|82\/100\n|move|p2a: Bill \"CIA\" Wilson|Scald|p1a: Alakazam\n|-damage|p1a: Alakazam|33\/100\n|\n|upkeep\n|turn|4\n|j| Testing pickle\n|inactive|smee maimen has 120 seconds left.\n|\n|move|p1a: Alakazam|Recover|p1a: Alakazam\n|-heal|p1a: Alakazam|83\/100\n|move|p2a: Bill \"CIA\" Wilson|Scald|p1a: Alakazam\n|-damage|p1a: Alakazam|39\/100\n|\n|upkeep\n|turn|5\n|\n|move|p1a: Alakazam|Recover|p1a: Alakazam\n|-heal|p1a: Alakazam|89\/100\n|move|p2a: Bill \"CIA\" Wilson|Earth Power|p1a: Alakazam\n|-crit|p1a: Alakazam\n|-damage|p1a: Alakazam|16\/100\n|\n|upkeep\n|turn|6\n|\n|move|p1a: Alakazam|Recover|p1a: Alakazam\n|-heal|p1a: Alakazam|67\/100\n|move|p2a: Bill \"CIA\" Wilson|Earth Power|p1a: Alakazam\n|-damage|p1a: Alakazam|16\/100\n|\n|upkeep\n|turn|7\n|\n|move|p1a: Alakazam|Recover|p1a: Alakazam\n|-heal|p1a: Alakazam|66\/100\n|move|p2a: Bill \"CIA\" Wilson|Earth Power|p1a: Alakazam\n|-damage|p1a: Alakazam|18\/100\n|\n|upkeep\n|turn|8\n|\n|move|p1a: Alakazam|Recover|p1a: Alakazam\n|-heal|p1a: Alakazam|69\/100\n|move|p2a: Bill \"CIA\" Wilson|Earth Power|p1a: Alakazam\n|-damage|p1a: Alakazam|18\/100\n|-unboost|p1a: Alakazam|spd|1\n|\n|upkeep\n|turn|9\n|\n|move|p1a: Alakazam|Psychic|p2a: Bill \"CIA\" Wilson\n|-damage|p2a: Bill \"CIA\" Wilson|65\/100\n|-unboost|p2a: Bill \"CIA\" Wilson|spd|1\n|move|p2a: Bill \"CIA\" Wilson|Scald|p1a: Alakazam\n|-damage|p1a: Alakazam|0 fnt\n|faint|p1a: Alakazam\n|\n|upkeep\n|\n|switch|p1a: Landorus|Landorus-Therian, M|100\/100\n|-ability|p1a: Landorus|Intimidate|boost\n|-unboost|p2a: Bill \"CIA\" Wilson|atk|1\n|turn|10\n|\n|move|p1a: Landorus|U-turn|p2a: Bill \"CIA\" Wilson\n|-damage|p2a: Bill \"CIA\" Wilson|44\/100\n|\n|switch|p1a: Toxapex|Toxapex, F|86\/100\n|move|p2a: Bill \"CIA\" Wilson|Ice Beam|p1a: Toxapex\n|-resisted|p1a: Toxapex\n|-damage|p1a: Toxapex|78\/100\n|\n|-heal|p1a: Toxapex|84\/100|[from] item: Black Sludge\n|upkeep\n|turn|11\n|\n|move|p2a: Bill \"CIA\" Wilson|Earth Power|p1a: Toxapex\n|-supereffective|p1a: Toxapex\n|-damage|p1a: Toxapex|30\/100\n|move|p1a: Toxapex|Scald|p2a: Bill \"CIA\" Wilson\n|-damage|p2a: Bill \"CIA\" Wilson|29\/100\n|\n|-heal|p1a: Toxapex|36\/100|[from] item: Black Sludge\n|upkeep\n|turn|12\n|\n|switch|p1a: Celesteela|Celesteela|100\/100\n|move|p2a: Bill \"CIA\" Wilson|Scald|p1a: Celesteela\n|-damage|p1a: Celesteela|67\/100\n|\n|-heal|p1a: Celesteela|73\/100|[from] item: Leftovers\n|upkeep\n|turn|13\n|\n|switch|p2a: Masketta Man|Magnezone|100\/100\n|move|p1a: Celesteela|Leech Seed|p2a: Masketta Man|[miss]\n|-miss|p1a: Celesteela|p2a: Masketta Man\n|\n|-heal|p1a: Celesteela|79\/100|[from] item: Leftovers\n|upkeep\n|turn|14\n|\n|move|p1a: Celesteela|Protect|p1a: Celesteela\n|-singleturn|p1a: Celesteela|Protect\n|move|p2a: Masketta Man|Thunderbolt|p1a: Celesteela\n|-activate|p1a: Celesteela|move: Protect\n|\n|-heal|p1a: Celesteela|85\/100|[from] item: Leftovers\n|upkeep\n|turn|15\n|\n|move|p1a: Celesteela|Leech Seed|p2a: Masketta Man\n|-start|p2a: Masketta Man|move: Leech Seed\n|move|p2a: Masketta Man|Thunderbolt|p1a: Celesteela\n|-supereffective|p1a: Celesteela\n|-damage|p1a: Celesteela|19\/100\n|\n|-heal|p1a: Celesteela|25\/100|[from] item: Leftovers\n|-damage|p2a: Masketta Man|88\/100|[from] Leech Seed|[of] p1a: Celesteela\n|-heal|p1a: Celesteela|36\/100|[silent]\n|upkeep\n|turn|16\n|\n|move|p1a: Celesteela|Protect|p1a: Celesteela\n|-singleturn|p1a: Celesteela|Protect\n|move|p2a: Masketta Man|Thunderbolt|p1a: Celesteela\n|-activate|p1a: Celesteela|move: Protect\n|\n|-heal|p1a: Celesteela|42\/100|[from] item: Leftovers\n|-damage|p2a: Masketta Man|75\/100|[from] Leech Seed|[of] p1a: Celesteela\n|-heal|p1a: Celesteela|52\/100|[silent]\n|upkeep\n|turn|17\n|\n|move|p1a: Celesteela|Flamethrower|p2a: Masketta Man\n|-supereffective|p2a: Masketta Man\n|-damage|p2a: Masketta Man|47\/100\n|move|p2a: Masketta Man|Thunderbolt|p1a: Celesteela\n|-supereffective|p1a: Celesteela\n|-damage|p1a: Celesteela|0 fnt\n|faint|p1a: Celesteela\n|\n|upkeep\n|\n|switch|p1a: Heatran|Heatran, M|100\/100\n|turn|18\n|\n|move|p1a: Heatran|Stealth Rock|p2a: Masketta Man\n|-sidestart|p2: smee maimen|move: Stealth Rock\n|move|p2a: Masketta Man|Volt Switch|p1a: Heatran\n|-damage|p1a: Heatran|74\/100\n|\n|switch|p2a: A Hired Gun|Tyranitar, M|100\/100\n|-damage|p2a: A Hired Gun|88\/100|[from] Stealth Rock\n|-weather|Sandstorm|[from] ability: Sand Stream|[of] p2a: A Hired Gun\n|\n|-weather|Sandstorm|[upkeep]\n|-heal|p1a: Heatran|80\/100|[from] item: Leftovers\n|upkeep\n|turn|19\n|\n|-activate|p1a: Heatran|move: Pursuit\n|move|p2a: A Hired Gun|Pursuit|p1a: Heatran|[from]Pursuit\n|-damage|p1a: Heatran|36\/100\n|switch|p1a: rambo|Buzzwole|100\/100\n|\n|-weather|Sandstorm|[upkeep]\n|-damage|p1a: rambo|94\/100|[from] Sandstorm\n|upkeep\n|turn|20\n|\n|switch|p1a: Heatran|Heatran, M|36\/100\n|switch|p2a: Masketta Man|Magnezone|47\/100\n|-damage|p2a: Masketta Man|41\/100|[from] Stealth Rock\n|\n|-weather|Sandstorm|[upkeep]\n|-heal|p1a: Heatran|42\/100|[from] item: Leftovers\n|upkeep\n|turn|21\n|\n|switch|p2a: A Hired Gun|Tyranitar, M|88\/100\n|-damage|p2a: A Hired Gun|76\/100|[from] Stealth Rock\n|move|p1a: Heatran|Earth Power|p2a: A Hired Gun\n|-supereffective|p2a: A Hired Gun\n|-damage|p2a: A Hired Gun|53\/100\n|\n|-weather|Sandstorm|[upkeep]\n|-heal|p1a: Heatran|48\/100|[from] item: Leftovers\n|upkeep\n|turn|22\n|\n|move|p1a: Heatran|Earth Power|p2a: A Hired Gun\n|-supereffective|p2a: A Hired Gun\n|-damage|p2a: A Hired Gun|31\/100\n|move|p2a: A Hired Gun|Pursuit|p1a: Heatran\n|-damage|p1a: Heatran|27\/100\n|\n|-weather|none\n|-heal|p1a: Heatran|33\/100|[from] item: Leftovers\n|upkeep\n|turn|23\n|\n|switch|p1a: Landorus|Landorus-Therian, M|100\/100\n|-ability|p1a: Landorus|Intimidate|boost\n|-unboost|p2a: A Hired Gun|atk|1\n|move|p2a: A Hired Gun|Earthquake|p1a: Landorus\n|-immune|p1a: Landorus|[msg]\n|\n|upkeep\n|turn|24\n|\n|switch|p2a: Masketta Man|Magnezone|41\/100\n|-damage|p2a: Masketta Man|35\/100|[from] Stealth Rock\n|move|p1a: Landorus|U-turn|p2a: Masketta Man\n|-resisted|p2a: Masketta Man\n|-damage|p2a: Masketta Man|23\/100\n|\n|switch|p1a: Heatran|Heatran, M|33\/100\n|\n|-heal|p1a: Heatran|39\/100|[from] item: Leftovers\n|upkeep\n|turn|25\n|\n|move|p1a: Heatran|Earth Power|p2a: Masketta Man\n|-supereffective|p2a: Masketta Man\n|-damage|p2a: Masketta Man|0 fnt\n|faint|p2a: Masketta Man\n|\n|-heal|p1a: Heatran|45\/100|[from] item: Leftovers\n|upkeep\n|\n|switch|p2a: Bill \"CIA\" Wilson|Swampert, M|29\/100\n|-damage|p2a: Bill \"CIA\" Wilson|23\/100|[from] Stealth Rock\n|turn|26\n|\n|switch|p1a: Landorus|Landorus-Therian, M|100\/100\n|-ability|p1a: Landorus|Intimidate|boost\n|-unboost|p2a: Bill \"CIA\" Wilson|atk|1\n|move|p2a: Bill \"CIA\" Wilson|Scald|p1a: Landorus\n|-supereffective|p1a: Landorus\n|-damage|p1a: Landorus|0 fnt\n|faint|p1a: Landorus\n|\n|upkeep\n|\n|switch|p1a: rambo|Buzzwole|94\/100\n|turn|27\n|inactive|smee maimen has 120 seconds left.\n|\n|move|p1a: rambo|Drain Punch|p2a: Bill \"CIA\" Wilson\n|-damage|p2a: Bill \"CIA\" Wilson|0 fnt\n|-heal|p1a: rambo|100\/100|[from] drain|[of] p2a: Bill \"CIA\" Wilson\n|faint|p2a: Bill \"CIA\" Wilson\n|-ability|p1a: rambo|Beast Boost|boost\n|-boost|p1a: rambo|def|1\n|\n|upkeep\n|\n|switch|p2a: Wreckage Brother|Skarmory, M|100\/100\n|-damage|p2a: Wreckage Brother|88\/100|[from] Stealth Rock\n|turn|28\n|\n|switch|p1a: Heatran|Heatran, M|45\/100\n|-zpower|p2a: Wreckage Brother\n|move|p2a: Wreckage Brother|Supersonic Skystrike|p1a: Heatran|[zeffect]\n|-resisted|p1a: Heatran\n|-damage|p1a: Heatran|9\/100\n|\n|-heal|p1a: Heatran|15\/100|[from] item: Leftovers\n|upkeep\n|turn|29\n|\n|switch|p2a: A Hired Gun|Tyranitar, M|31\/100\n|-damage|p2a: A Hired Gun|18\/100|[from] Stealth Rock\n|-weather|Sandstorm|[from] ability: Sand Stream|[of] p2a: A Hired Gun\n|move|p1a: Heatran|Earth Power|p2a: A Hired Gun\n|-supereffective|p2a: A Hired Gun\n|-damage|p2a: A Hired Gun|0 fnt\n|faint|p2a: A Hired Gun\n|\n|-weather|Sandstorm|[upkeep]\n|-heal|p1a: Heatran|21\/100|[from] item: Leftovers\n|upkeep\n|\n|switch|p2a: Bane|Buzzwole|100\/100\n|-damage|p2a: Bane|88\/100|[from] Stealth Rock\n|turn|30\n|\n|switch|p1a: rambo|Buzzwole|100\/100\n|move|p2a: Bane|Drain Punch|p1a: rambo\n|-resisted|p1a: rambo\n|-crit|p1a: rambo\n|-damage|p1a: rambo|84\/100\n|-heal|p2a: Bane|96\/100|[from] drain|[of] p1a: rambo\n|\n|-weather|Sandstorm|[upkeep]\n|-damage|p1a: rambo|78\/100|[from] Sandstorm\n|-damage|p2a: Bane|90\/100|[from] Sandstorm\n|upkeep\n|turn|31\n|\n|switch|p2a: Wreckage Brother|Skarmory, M|88\/100\n|-damage|p2a: Wreckage Brother|76\/100|[from] Stealth Rock\n|move|p1a: rambo|Roost|p1a: rambo\n|-heal|p1a: rambo|100\/100\n|\n|-weather|Sandstorm|[upkeep]\n|-damage|p1a: rambo|94\/100|[from] Sandstorm\n|upkeep\n|turn|32\n|\n|switch|p1a: Heatran|Heatran, M|21\/100\n|move|p2a: Wreckage Brother|Stealth Rock|p1a: Heatran\n|-sidestart|p1: Toxabelle|move: Stealth Rock\n|\n|-weather|Sandstorm|[upkeep]\n|-heal|p1a: Heatran|27\/100|[from] item: Leftovers\n|upkeep\n|turn|33\n|\n|switch|p2a: No Survivors|Aggron, M|100\/100\n|-damage|p2a: No Survivors|94\/100|[from] Stealth Rock\n|move|p1a: Heatran|Magma Storm|p2a: No Survivors\n|-damage|p2a: No Survivors|47\/100\n|-activate|p2a: No Survivors|move: Magma Storm|[of] p1a: Heatran\n|\n|-weather|none\n|-heal|p1a: Heatran|33\/100|[from] item: Leftovers\n|-damage|p2a: No Survivors|35\/100|[from] move: Magma Storm|[partiallytrapped]\n|upkeep\n|turn|34\n|\n|detailschange|p2a: No Survivors|Aggron-Mega, M\n|-mega|p2a: No Survivors|Aggron|Aggronite\n|move|p1a: Heatran|Earth Power|p2a: No Survivors\n|-supereffective|p2a: No Survivors\n|-damage|p2a: No Survivors|0 fnt\n|faint|p2a: No Survivors\n|\n|-heal|p1a: Heatran|39\/100|[from] item: Leftovers\n|upkeep\n|\n|switch|p2a: Bane|Buzzwole|90\/100\n|-damage|p2a: Bane|78\/100|[from] Stealth Rock\n|turn|35\n|\n|switch|p1a: rambo|Buzzwole|94\/100\n|-damage|p1a: rambo|82\/100|[from] Stealth Rock\n|move|p2a: Bane|Drain Punch|p1a: rambo\n|-resisted|p1a: rambo\n|-damage|p1a: rambo|70\/100\n|-heal|p2a: Bane|84\/100|[from] drain|[of] p1a: rambo\n|\n|upkeep\n|turn|36\n|\n|move|p1a: rambo|Drain Punch|p2a: Bane\n|-resisted|p2a: Bane\n|-damage|p2a: Bane|72\/100\n|-heal|p1a: rambo|76\/100|[from] drain|[of] p2a: Bane\n|move|p2a: Bane|Poison Jab|p1a: rambo\n|-damage|p1a: rambo|61\/100\n|\n|upkeep\n|turn|37\n|inactive|smee maimen has 120 seconds left.\n|\n|switch|p2a: Wreckage Brother|Skarmory, M|76\/100\n|-damage|p2a: Wreckage Brother|64\/100|[from] Stealth Rock\n|move|p1a: rambo|Drain Punch|p2a: Wreckage Brother\n|-damage|p2a: Wreckage Brother|34\/100\n|-heal|p1a: rambo|73\/100|[from] drain|[of] p2a: Wreckage Brother\n|\n|upkeep\n|turn|38\n|\n|switch|p1a: Heatran|Heatran, M|39\/100\n|-damage|p1a: Heatran|27\/100|[from] Stealth Rock\n|switch|p2a: Bane|Buzzwole|72\/100\n|-damage|p2a: Bane|60\/100|[from] Stealth Rock\n|\n|-heal|p1a: Heatran|33\/100|[from] item: Leftovers\n|upkeep\n|turn|39\n|\n|switch|p1a: Toxapex|Toxapex, F|69\/100\n|-damage|p1a: Toxapex|57\/100|[from] Stealth Rock\n|move|p2a: Bane|Drain Punch|p1a: Toxapex\n|-resisted|p1a: Toxapex\n|-damage|p1a: Toxapex|41\/100\n|-heal|p2a: Bane|65\/100|[from] drain|[of] p1a: Toxapex\n|\n|-heal|p1a: Toxapex|47\/100|[from] item: Black Sludge\n|upkeep\n|turn|40\n|\n|move|p2a: Bane|Earthquake|p1a: Toxapex\n|-supereffective|p1a: Toxapex\n|-damage|p1a: Toxapex|0 fnt\n|faint|p1a: Toxapex\n|-ability|p2a: Bane|Beast Boost|boost\n|-boost|p2a: Bane|atk|1\n|\n|upkeep\n|\n|switch|p1a: rambo|Buzzwole|73\/100\n|-damage|p1a: rambo|60\/100|[from] Stealth Rock\n|turn|41\n|\n|move|p1a: rambo|Roost|p1a: rambo\n|-heal|p1a: rambo|100\/100\n|move|p2a: Bane|Poison Jab|p1a: rambo\n|-damage|p1a: rambo|77\/100\n|-status|p1a: rambo|psn\n|\n|-damage|p1a: rambo|64\/100 psn|[from] psn\n|upkeep\n|turn|42\n|\n|move|p1a: rambo|Bulk Up|p1a: rambo\n|-boost|p1a: rambo|atk|1\n|-boost|p1a: rambo|def|1\n|move|p2a: Bane|Drain Punch|p1a: rambo\n|-resisted|p1a: rambo\n|-damage|p1a: rambo|52\/100 psn\n|-heal|p2a: Bane|71\/100|[from] drain|[of] p1a: rambo\n|\n|-damage|p1a: rambo|40\/100 psn|[from] psn\n|upkeep\n|turn|43\n|\n|switch|p2a: Wreckage Brother|Skarmory, M|34\/100\n|-damage|p2a: Wreckage Brother|22\/100|[from] Stealth Rock\n|move|p1a: rambo|Drain Punch|p2a: Wreckage Brother\n|-damage|p2a: Wreckage Brother|0 fnt\n|-heal|p1a: rambo|48\/100 psn|[from] drain|[of] p2a: Wreckage Brother\n|faint|p2a: Wreckage Brother\n|-ability|p1a: rambo|Beast Boost|boost\n|-boost|p1a: rambo|def|1\n|\n|-damage|p1a: rambo|36\/100 psn|[from] psn\n|upkeep\n|\n|switch|p2a: Bane|Buzzwole|71\/100\n|-damage|p2a: Bane|59\/100|[from] Stealth Rock\n|turn|44\n|\n|move|p1a: rambo|Roost|p1a: rambo\n|-heal|p1a: rambo|86\/100 psn\n|move|p2a: Bane|Poison Jab|p1a: rambo\n|-damage|p1a: rambo|78\/100 psn\n|\n|-damage|p1a: rambo|65\/100 psn|[from] psn\n|upkeep\n|turn|45\n|\n|move|p1a: rambo|Bulk Up|p1a: rambo\n|-boost|p1a: rambo|atk|1\n|-boost|p1a: rambo|def|1\n|move|p2a: Bane|Poison Jab|p1a: rambo\n|-damage|p1a: rambo|59\/100 psn\n|\n|-damage|p1a: rambo|46\/100 psn|[from] psn\n|upkeep\n|turn|46\n|\n|move|p1a: rambo|Roost|p1a: rambo\n|-heal|p1a: rambo|96\/100 psn\n|move|p2a: Bane|Poison Jab|p1a: rambo\n|-damage|p1a: rambo|90\/100 psn\n|\n|-damage|p1a: rambo|78\/100 psn|[from] psn\n|upkeep\n|turn|47\n|\n|move|p1a: rambo|Bulk Up|p1a: rambo\n|-boost|p1a: rambo|atk|1\n|-boost|p1a: rambo|def|1\n|move|p2a: Bane|Drain Punch|p1a: rambo\n|-resisted|p1a: rambo\n|-crit|p1a: rambo\n|-damage|p1a: rambo|60\/100 psn\n|-heal|p2a: Bane|68\/100|[from] drain|[of] p1a: rambo\n|\n|-damage|p1a: rambo|48\/100 psn|[from] psn\n|upkeep\n|turn|48\n|\n|move|p1a: rambo|Roost|p1a: rambo\n|-heal|p1a: rambo|98\/100 psn\n|move|p2a: Bane|Poison Jab|p1a: rambo\n|-damage|p1a: rambo|93\/100 psn\n|\n|-damage|p1a: rambo|80\/100 psn|[from] psn\n|upkeep\n|turn|49\n|\n|move|p1a: rambo|Bulk Up|p1a: rambo\n|-boost|p1a: rambo|atk|1\n|-boost|p1a: rambo|def|1\n|move|p2a: Bane|Poison Jab|p1a: rambo\n|-damage|p1a: rambo|75\/100 psn\n|\n|-damage|p1a: rambo|63\/100 psn|[from] psn\n|upkeep\n|turn|50\n|-message|smee maimen forfeited.\n|\n|win|Toxabelle\n|l|\u2606smee maimen\n|raw|Toxabelle's rating: 1751 &rarr; <strong>1769<\/strong><br \/>(+18 for winning)\n|raw|smee maimen's rating: 1715 &rarr; <strong>1697<\/strong><br \/>(-18 for losing)\n|c|\u2606Toxabelle|Gg ez\n","uploadtime":1541824225,"views":58,"p1id":"toxabelle","p2id":"smeemaimen","formatid":"gen7ou","rating":1697,"private":0,"password":null}