{"id":"gen7ou-619938193","p1":"Quik23","p2":"Kaylss","format":"gen7ou","log":"|j|Quik23\n|j|Kaylss\n|player|p1|Quik23|266\n|teamsize|p1|6\n|player|p2|Kaylss|138\n|teamsize|p2|6\n|gametype|singles\n|gen|7\n|tier|[Gen 7] OU\n|rated\n|seed|33501,35998,29366,14225\n|rule|Sleep Clause Mod: Limit one foe put to sleep\n|rule|Species Clause: Limit one of each Pok\u00e9mon\n|rule|OHKO Clause: OHKO moves are banned\n|rule|Moody Clause: Moody is banned\n|rule|Evasion Moves Clause: Evasion moves are banned\n|rule|Endless Battle Clause: Forcing endless battles is banned\n|rule|HP Percentage Mod: HP is shown in percentages\n|clearpoke\n|poke|p1|Mew|item\n|poke|p1|Arcanine, F|item\n|poke|p1|Rhyperior, F|item\n|poke|p1|Venusaur, F|item\n|poke|p1|Scizor, F|item\n|poke|p1|Porygon-Z|item\n|poke|p2|Chansey, F|item\n|poke|p2|Sableye, F|item\n|poke|p2|Quagsire, M|item\n|poke|p2|Skarmory, M|item\n|poke|p2|Toxapex, M|item\n|poke|p2|Tangrowth, M|item\n|teampreview\n|c|\u2606Kaylss|\/log Kaylss made this room hidden.\n|choice|team 3, team 2, team 1, team 4, team 5, team 6|team 2, team 1, team 3, team 4, team 5, team 6\n|\n|start\n|switch|p1a: Rhyperior|Rhyperior, F|434\/434\n|switch|p2a: Alessia Cara|Sableye, F|303\/303\n|turn|1\n|choice|switch 2|move protect mega\n|\n|switch|p1a: Arcanine|Arcanine, F|321\/321\n|detailschange|p2a: Alessia Cara|Sableye-Mega, F\n|-mega|p2a: Alessia Cara|Sableye|Sablenite\n|move|p2a: Alessia Cara|Protect|p2a: Alessia Cara\n|-fail|p2a: Alessia Cara\n|\n|upkeep\n|turn|2\n|choice|move flareblitz|switch 5\n|\n|switch|p2a: Ariana Grande|Toxapex, M|304\/304\n|move|p1a: Arcanine|Flare Blitz|p2a: Ariana Grande\n|-resisted|p2a: Ariana Grande\n|-damage|p2a: Ariana Grande|252\/304\n|-damage|p1a: Arcanine|304\/321|[from] Recoil|[of] p2a: Ariana Grande\n|\n|-heal|p2a: Ariana Grande|271\/304|[from] item: Black Sludge\n|upkeep\n|turn|3\n|choice|switch 6|move toxicspikes\n|\n|switch|p1a: Porygon-Z|Porygon-Z|311\/311\n|move|p2a: Ariana Grande|Toxic Spikes|p1a: Porygon-Z\n|-sidestart|p1: Quik23|move: Toxic Spikes\n|\n|-heal|p2a: Ariana Grande|290\/304|[from] item: Black Sludge\n|upkeep\n|turn|4\n|choice|move trick|move haze\n|\n|move|p1a: Porygon-Z|Trick|p2a: Ariana Grande\n|-activate|p1a: Porygon-Z|move: Trick|[of] p2a: Ariana Grande\n|-item|p2a: Ariana Grande|Choice Scarf|[from] move: Trick\n|-item|p1a: Porygon-Z|Black Sludge|[from] move: Trick\n|move|p2a: Ariana Grande|Haze|p2a: Ariana Grande\n|-clearallboost\n|\n|-damage|p1a: Porygon-Z|273\/311|[from] item: Black Sludge\n|upkeep\n|turn|5\n|choice|switch 4|switch 2\n|\n|switch|p1a: Venusaur|Venusaur, F|364\/364\n|-sideend|p1: Quik23|move: Toxic Spikes|[of] p1a: Venusaur\n|switch|p2a: Carly Rae Jepsen|Chansey, F|642\/642\n|\n|upkeep\n|turn|6\n|choice|switch 2|move stealthrock\n|\n|switch|p1a: Rhyperior|Rhyperior, F|434\/434\n|move|p2a: Carly Rae Jepsen|Stealth Rock|p1a: Rhyperior\n|-sidestart|p1: Quik23|move: Stealth Rock\n|\n|upkeep\n|turn|7\n|choice|move stoneedge|switch 5\n|\n|switch|p2a: Alessia Cara|Sableye-Mega, F|303\/303\n|move|p1a: Rhyperior|Stone Edge|p2a: Alessia Cara\n|-damage|p2a: Alessia Cara|116\/303\n|\n|upkeep\n|turn|8\n|choice|switch 5|move protect\n|\n|switch|p1a: Scizor|Scizor, F|344\/344\n|-damage|p1a: Scizor|301\/344|[from] Stealth Rock\n|move|p2a: Alessia Cara|Protect|p2a: Alessia Cara\n|-fail|p2a: Alessia Cara\n|\n|-heal|p1a: Scizor|322\/344|[from] item: Leftovers\n|upkeep\n|turn|9\n|choice|move defog|move recover\n|\n|move|p1a: Scizor|Defog|p2a: Alessia Cara\n|move|p2a: Alessia Cara|Defog|p1a: Scizor|[from]Magic Bounce\n|-unboost|p1a: Scizor|evasion|1\n|-sideend|p1: Quik23|Stealth Rock|[from] move: Defog|[of] p1a: Scizor\n|move|p2a: Alessia Cara|Recover|p2a: Alessia Cara\n|-heal|p2a: Alessia Cara|268\/303\n|\n|-heal|p1a: Scizor|343\/344|[from] item: Leftovers\n|upkeep\n|turn|10\n|choice|move uturn|move foulplay\n|\n|move|p1a: Scizor|U-turn|p2a: Alessia Cara\n|-damage|p2a: Alessia Cara|207\/303\n|choice|switch 6|\n|\n|switch|p1a: Arcanine|Arcanine, F|304\/321\n|move|p2a: Alessia Cara|Foul Play|p1a: Arcanine\n|-damage|p1a: Arcanine|112\/321\n|\n|upkeep\n|turn|11\n|choice|move flareblitz|move protect\n|\n|move|p2a: Alessia Cara|Protect|p2a: Alessia Cara\n|-singleturn|p2a: Alessia Cara|Protect\n|move|p1a: Arcanine|Flare Blitz|p2a: Alessia Cara\n|-activate|p2a: Alessia Cara|move: Protect\n|\n|upkeep\n|turn|12\n|choice|move flareblitz|switch 2\n|\n|switch|p2a: Ariana Grande|Toxapex, M|304\/304\n|move|p1a: Arcanine|Flare Blitz|p2a: Ariana Grande\n|-resisted|p2a: Ariana Grande\n|-damage|p2a: Ariana Grande|244\/304\n|-damage|p1a: Arcanine|92\/321|[from] Recoil|[of] p2a: Ariana Grande\n|\n|upkeep\n|turn|13\n|choice|move wildcharge|move scald\n|\n|move|p1a: Arcanine|Wild Charge|p2a: Ariana Grande\n|-supereffective|p2a: Ariana Grande\n|-damage|p2a: Ariana Grande|134\/304\n|-damage|p1a: Arcanine|64\/321|[from] Recoil|[of] p2a: Ariana Grande\n|move|p2a: Ariana Grande|Scald|p1a: Arcanine\n|-supereffective|p1a: Arcanine\n|-enditem|p1a: Arcanine|Passho Berry|[eat]\n|-enditem|p1a: Arcanine|Passho Berry|[weaken]\n|-damage|p1a: Arcanine|0 fnt\n|faint|p1a: Arcanine\n|\n|upkeep\n|choice|switch 2|\n|\n|switch|p1a: Venusaur|Venusaur, F|364\/364\n|turn|14\n|choice|move curse mega|switch 6\n|\n|switch|p2a: Chance the Rapper|Tangrowth, M|404\/404\n|detailschange|p1a: Venusaur|Venusaur-Mega, F\n|-mega|p1a: Venusaur|Venusaur|Venusaurite\n|move|p1a: Venusaur|Curse|p1a: Venusaur\n|-unboost|p1a: Venusaur|spe|1\n|-boost|p1a: Venusaur|atk|1\n|-boost|p1a: Venusaur|def|1\n|\n|upkeep\n|turn|15\n|choice|move powerwhip|switch 6\n|\n|switch|p2a: Ariana Grande|Toxapex, M|235\/304\n|move|p1a: Venusaur|Power Whip|p2a: Ariana Grande\n|-damage|p2a: Ariana Grande|121\/304\n|\n|upkeep\n|turn|16\n|choice|move earthquake|move haze\n|\n|move|p2a: Ariana Grande|Haze|p2a: Ariana Grande\n|-clearallboost\n|move|p1a: Venusaur|Earthquake|p2a: Ariana Grande\n|-supereffective|p2a: Ariana Grande\n|-damage|p2a: Ariana Grande|35\/304\n|\n|upkeep\n|turn|17\n|choice|move curse|switch 4\n|\n|switch|p2a: Kanye West|Skarmory, M|334\/334\n|move|p1a: Venusaur|Curse|p1a: Venusaur\n|-unboost|p1a: Venusaur|spe|1\n|-boost|p1a: Venusaur|atk|1\n|-boost|p1a: Venusaur|def|1\n|\n|upkeep\n|turn|18\n|choice|switch 4|move spikes\n|\n|switch|p1a: Porygon-Z|Porygon-Z|273\/311\n|move|p2a: Kanye West|Spikes|p1a: Porygon-Z\n|-sidestart|p1: Quik23|Spikes\n|\n|-damage|p1a: Porygon-Z|235\/311|[from] item: Black Sludge\n|upkeep\n|turn|19\n|choice|move trick|switch 4\n|\n|switch|p2a: Ariana Grande|Toxapex, M|136\/304\n|move|p1a: Porygon-Z|Trick|p2a: Ariana Grande\n|-activate|p1a: Porygon-Z|move: Trick|[of] p2a: Ariana Grande\n|-item|p2a: Ariana Grande|Black Sludge|[from] move: Trick\n|-item|p1a: Porygon-Z|Choice Scarf|[from] move: Trick\n|\n|-heal|p2a: Ariana Grande|155\/304|[from] item: Black Sludge\n|upkeep\n|turn|20\n|choice|switch 5|move recover\n|\n|switch|p1a: Rhyperior|Rhyperior, F|434\/434\n|-damage|p1a: Rhyperior|380\/434|[from] Spikes\n|move|p2a: Ariana Grande|Recover|p2a: Ariana Grande\n|-heal|p2a: Ariana Grande|304\/304\n|\n|upkeep\n|turn|21\n|choice|move stoneedge|move scald\n|\n|move|p1a: Rhyperior|Stone Edge|p2a: Ariana Grande\n|-damage|p2a: Ariana Grande|144\/304\n|move|p2a: Ariana Grande|Scald|p1a: Rhyperior\n|-supereffective|p1a: Rhyperior\n|-damage|p1a: Rhyperior|128\/434\n|-status|p1a: Rhyperior|brn\n|\n|-heal|p2a: Ariana Grande|163\/304|[from] item: Black Sludge\n|-damage|p1a: Rhyperior|101\/434 brn|[from] brn\n|upkeep\n|turn|22\n|choice|switch 6|switch 2\n|\n|switch|p1a: Scizor|Scizor, F|343\/344\n|-damage|p1a: Scizor|300\/344|[from] Spikes\n|switch|p2a: Alessia Cara|Sableye-Mega, F|207\/303\n|\n|-heal|p1a: Scizor|321\/344|[from] item: Leftovers\n|upkeep\n|turn|23\n|choice|move defog|move recover\n|\n|move|p1a: Scizor|Defog|p2a: Alessia Cara\n|move|p2a: Alessia Cara|Defog|p1a: Scizor|[from]Magic Bounce\n|-unboost|p1a: Scizor|evasion|1\n|-sideend|p1: Quik23|Spikes|[from] move: Defog|[of] p1a: Scizor\n|move|p2a: Alessia Cara|Recover|p2a: Alessia Cara\n|-heal|p2a: Alessia Cara|303\/303\n|\n|-heal|p1a: Scizor|342\/344|[from] item: Leftovers\n|upkeep\n|turn|24\n|choice|move uturn|move willowisp\n|\n|move|p1a: Scizor|U-turn|p2a: Alessia Cara\n|-damage|p2a: Alessia Cara|239\/303\n|choice|switch 4|\n|\n|switch|p1a: Venusaur|Venusaur-Mega, F|364\/364\n|move|p2a: Alessia Cara|Will-O-Wisp|p1a: Venusaur|[miss]\n|-miss|p2a: Alessia Cara|p1a: Venusaur\n|\n|upkeep\n|turn|25\n|choice|move powerwhip|switch 4\n|\n|switch|p2a: Kanye West|Skarmory, M|334\/334\n|move|p1a: Venusaur|Power Whip|p2a: Kanye West\n|-resisted|p2a: Kanye West\n|-damage|p2a: Kanye West|314\/334\n|\n|upkeep\n|turn|26\n|choice|switch 5|move spikes\n|\n|switch|p1a: Porygon-Z|Porygon-Z|235\/311\n|move|p2a: Kanye West|Spikes|p1a: Porygon-Z\n|-sidestart|p1: Quik23|Spikes\n|\n|upkeep\n|turn|27\n|choice|move trick|switch 2\n|\n|switch|p2a: Ariana Grande|Toxapex, M|264\/304\n|move|p1a: Porygon-Z|Trick|p2a: Ariana Grande\n|-activate|p1a: Porygon-Z|move: Trick|[of] p2a: Ariana Grande\n|-item|p2a: Ariana Grande|Choice Scarf|[from] move: Trick\n|-item|p1a: Porygon-Z|Black Sludge|[from] move: Trick\n|\n|-damage|p1a: Porygon-Z|197\/311|[from] item: Black Sludge\n|upkeep\n|turn|28\n|choice|switch 3|move scald\n|\n|switch|p1a: Mew|Mew|341\/341\n|-damage|p1a: Mew|299\/341|[from] Spikes\n|move|p2a: Ariana Grande|Scald|p1a: Mew\n|-damage|p1a: Mew|242\/341\n|-status|p1a: Mew|brn\n|-activate|p1a: Mew|ability: Synchronize\n|-status|p2a: Ariana Grande|brn\n|\n|-damage|p1a: Mew|221\/341 brn|[from] brn\n|-damage|p2a: Ariana Grande|245\/304 brn|[from] brn\n|upkeep\n|turn|29\n|choice|move nastyplot|move scald\n|\n|move|p1a: Mew|Nasty Plot|p1a: Mew\n|-boost|p1a: Mew|spa|2\n|move|p2a: Ariana Grande|Scald|p1a: Mew\n|-damage|p1a: Mew|164\/341 brn\n|\n|-damage|p1a: Mew|143\/341 brn|[from] brn\n|-damage|p2a: Ariana Grande|226\/304 brn|[from] brn\n|upkeep\n|turn|30\n|choice|move nastyplot|switch 5\n|\n|switch|p2a: Carly Rae Jepsen|Chansey, F|642\/642\n|move|p1a: Mew|Nasty Plot|p1a: Mew\n|-boost|p1a: Mew|spa|2\n|\n|-damage|p1a: Mew|122\/341 brn|[from] brn\n|upkeep\n|turn|31\n|choice|move psychic zmove|switch 4\n|\n|switch|p2a: Alessia Cara|Sableye-Mega, F|239\/303\n|-zpower|p1a: Mew\n|move|p1a: Mew|Genesis Supernova|p2a: Alessia Cara|[zeffect]\n|-immune|p2a: Alessia Cara|[msg]\n|\n|-damage|p1a: Mew|101\/341 brn|[from] brn\n|upkeep\n|turn|32\n|-message|Quik23 forfeited.\n|\n|win|Kaylss\n|l|Quik23\n|raw|Quik23's rating: 1569 &rarr; <strong>1553<\/strong><br \/>(-16 for losing)\n|raw|Kaylss's rating: 1636 &rarr; <strong>1652<\/strong><br \/>(+16 for winning)\n|l|Kaylss\n|j|Kaylss\n|c|\u2606Kaylss|\/log Kaylss made this room public.","inputlog":null,"uploadtime":1503198152,"views":10,"p1id":"quik23","p2id":"kaylss","formatid":"gen7ou","rating":1553,"private":0,"password":null}