{"id":"gen7randombattle-1138272035","p1":"Retronub","p2":"BaddyGames","format":"gen7randombattle","log":"|j|\u2606Retronub\n|j|\u2606BaddyGames\n|player|p1|Retronub|169|\n|player|p2|BaddyGames|275|\n|teamsize|p1|6\n|teamsize|p2|6\n|gametype|singles\n|gen|7\n|tier|[Gen 7] Random Battle\n|rule|Sleep Clause Mod: Limit one foe put to sleep\n|rule|HP Percentage Mod: HP is shown in percentages\n|\n|start\n|switch|p1a: Sableye|Sableye, L80, F|211\/211\n|switch|p2a: Kyurem|Kyurem-Black, L80|331\/331\n|-ability|p2a: Kyurem|Teravolt\n|turn|1\n|\n|switch|p2a: Thundurus|Thundurus-Therian, L82, M|263\/263\n|detailschange|p1a: Sableye|Sableye-Mega, L80, F\n|-mega|p1a: Sableye|Sableye|Sablenite\n|move|p1a: Sableye|Calm Mind|p1a: Sableye\n|-boost|p1a: Sableye|spa|1\n|-boost|p1a: Sableye|spd|1\n|\n|upkeep\n|turn|2\n|\n|move|p2a: Thundurus|Thunderbolt|p1a: Sableye\n|-damage|p1a: Sableye|102\/211\n|move|p1a: Sableye|Dark Pulse|p2a: Thundurus\n|-damage|p2a: Thundurus|139\/263\n|\n|upkeep\n|turn|3\n|\n|switch|p1a: Cacturne|Cacturne, L88, M|266\/266\n|move|p2a: Thundurus|Thunderbolt|p1a: Cacturne\n|-resisted|p1a: Cacturne\n|-damage|p1a: Cacturne|140\/266\n|\n|upkeep\n|turn|4\n|\n|move|p2a: Thundurus|Thunderbolt|p1a: Cacturne\n|-resisted|p1a: Cacturne\n|-damage|p1a: Cacturne|33\/266\n|move|p1a: Cacturne|Dark Pulse|p2a: Thundurus\n|-damage|p2a: Thundurus|0 fnt\n|-damage|p1a: Cacturne|7\/266|[from] item: Life Orb\n|faint|p2a: Thundurus\n|\n|upkeep\n|\n|switch|p2a: Naganadel|Naganadel, L78|242\/242\n|turn|5\n|\n|move|p1a: Cacturne|Sucker Punch||[still]\n|-fail|p1a: Cacturne\n|move|p2a: Naganadel|Nasty Plot|p2a: Naganadel\n|-boost|p2a: Naganadel|spa|2\n|\n|upkeep\n|turn|6\n|\n|move|p1a: Cacturne|Sucker Punch|p2a: Naganadel\n|-damage|p2a: Naganadel|98\/242\n|-damage|p1a: Cacturne|0 fnt|[from] item: Life Orb\n|faint|p1a: Cacturne\n|move|p2a: Naganadel|Sludge Wave|p1: Cacturne|[notarget]\n|-fail|p2a: Naganadel\n|\n|upkeep\n|\n|switch|p1a: Tauros|Tauros, L88, M|275\/275\n|-ability|p1a: Tauros|Intimidate|boost\n|-unboost|p2a: Naganadel|atk|1\n|turn|7\n|\n|move|p1a: Tauros|Earthquake|p2a: Naganadel\n|-supereffective|p2a: Naganadel\n|-damage|p2a: Naganadel|0 fnt\n|faint|p2a: Naganadel\n|\n|upkeep\n|\n|switch|p2a: Honchkrow|Honchkrow, L84, F|305\/305\n|turn|8\n|l|\u2606Retronub\n|player|p1|\n|j|\u2606Retronub\n|player|p1|Retronub|169\n|\n|-activate|p1a: Tauros|move: Pursuit\n|move|p2a: Honchkrow|Pursuit|p1a: Tauros|[from]Pursuit\n|-damage|p1a: Tauros|161\/275\n|-damage|p2a: Honchkrow|275\/305|[from] item: Life Orb\n|switch|p1a: Gengar|Gengar, L82, F|233\/233\n|\n|upkeep\n|turn|9\n|\n|move|p2a: Honchkrow|Sucker Punch|p1a: Gengar\n|-supereffective|p1a: Gengar\n|-damage|p1a: Gengar|0 fnt\n|-damage|p2a: Honchkrow|245\/305|[from] item: Life Orb\n|faint|p1a: Gengar\n|-ability|p2a: Honchkrow|Moxie|boost\n|-boost|p2a: Honchkrow|atk|1\n|\n|upkeep\n|\n|switch|p1a: Ninetales|Ninetales, L84, M|259\/259\n|-weather|SunnyDay|[from] ability: Drought|[of] p1a: Ninetales\n|turn|10\n|\n|move|p1a: Ninetales|Fire Blast|p2a: Honchkrow|[miss]\n|-miss|p1a: Ninetales|p2a: Honchkrow\n|move|p2a: Honchkrow|Brave Bird|p1a: Ninetales\n|-damage|p1a: Ninetales|0 fnt\n|-damage|p2a: Honchkrow|160\/305|[from] Recoil\n|-damage|p2a: Honchkrow|130\/305|[from] item: Life Orb\n|faint|p1a: Ninetales\n|-ability|p2a: Honchkrow|Moxie|boost\n|-boost|p2a: Honchkrow|atk|1\n|\n|-weather|SunnyDay|[upkeep]\n|upkeep\n|c|\u2606Retronub|Wow\n|\n|switch|p1a: Tauros|Tauros, L88, M|161\/275\n|-ability|p1a: Tauros|Intimidate|boost\n|-unboost|p2a: Honchkrow|atk|1\n|turn|11\n|\n|move|p2a: Honchkrow|Sucker Punch|p1a: Tauros\n|-damage|p1a: Tauros|4\/275\n|-damage|p2a: Honchkrow|100\/305|[from] item: Life Orb\n|move|p1a: Tauros|Rock Slide|p2a: Honchkrow\n|-supereffective|p2a: Honchkrow\n|-crit|p2a: Honchkrow\n|-damage|p2a: Honchkrow|0 fnt\n|faint|p2a: Honchkrow\n|\n|-weather|SunnyDay|[upkeep]\n|upkeep\n|\n|switch|p2a: Mewtwo|Mewtwo, L78|293\/293\n|-ability|p2a: Mewtwo|Unnerve|p1: Retronub\n|turn|12\n|\n|detailschange|p2a: Mewtwo|Mewtwo-Mega-X, L78\n|-mega|p2a: Mewtwo|Mewtwo|Mewtwonite X\n|move|p2a: Mewtwo|Drain Punch|p1a: Tauros\n|-supereffective|p1a: Tauros\n|-damage|p1a: Tauros|0 fnt\n|faint|p1a: Tauros\n|\n|-weather|SunnyDay|[upkeep]\n|upkeep\n|\n|switch|p1a: Kyurem|Kyurem-White, L78|323\/323\n|-ability|p1a: Kyurem|Turboblaze\n|turn|13\n|c|\u2606Retronub|your team is so overpowered what the fuck\n|c|\u2606Retronub|like 4 legend\n|c|\u2606BaddyGames|cry\n|\n|move|p2a: Mewtwo|Drain Punch|p1a: Kyurem\n|-supereffective|p1a: Kyurem\n|-damage|p1a: Kyurem|77\/323\n|move|p1a: Kyurem|Draco Meteor|p2a: Mewtwo\n|-damage|p2a: Mewtwo|100\/293\n|-unboost|p1a: Kyurem|spa|2\n|\n|-weather|SunnyDay|[upkeep]\n|-heal|p1a: Kyurem|97\/323|[from] item: Leftovers\n|upkeep\n|turn|14\n|\n|switch|p1a: Sableye|Sableye-Mega, L80, F|102\/211\n|move|p2a: Mewtwo|Drain Punch|p1a: Sableye\n|-immune|p1a: Sableye\n|\n|-weather|none\n|upkeep\n|turn|15\n|\n|move|p2a: Mewtwo|Stone Edge|p1a: Sableye\n|-damage|p1a: Sableye|20\/211\n|move|p1a: Sableye|Recover|p1a: Sableye\n|-heal|p1a: Sableye|126\/211\n|\n|upkeep\n|turn|16\n|\n|switch|p2a: Bouffalant|Bouffalant, L88, M|310\/310\n|move|p1a: Sableye|Recover|p1a: Sableye\n|-heal|p1a: Sableye|211\/211\n|\n|upkeep\n|turn|17\n|\n|move|p2a: Bouffalant|Swords Dance|p2a: Bouffalant\n|-boost|p2a: Bouffalant|atk|2\n|move|p1a: Sableye|Dark Pulse|p2a: Bouffalant\n|-damage|p2a: Bouffalant|249\/310\n|\n|-heal|p2a: Bouffalant|268\/310|[from] item: Leftovers\n|upkeep\n|turn|18\n|\n|move|p2a: Bouffalant|Stone Edge|p1a: Sableye\n|-damage|p1a: Sableye|71\/211\n|move|p1a: Sableye|Dark Pulse|p2a: Bouffalant\n|-damage|p2a: Bouffalant|207\/310\n|\n|-heal|p2a: Bouffalant|226\/310|[from] item: Leftovers\n|upkeep\n|turn|19\n|\n|move|p2a: Bouffalant|Stone Edge|p1a: Sableye\n|-damage|p1a: Sableye|0 fnt\n|faint|p1a: Sableye\n|\n|-heal|p2a: Bouffalant|245\/310|[from] item: Leftovers\n|upkeep\n|\n|switch|p1a: Kyurem|Kyurem-White, L78|97\/323\n|-ability|p1a: Kyurem|Turboblaze\n|turn|20\n|\n|move|p1a: Kyurem|Fusion Flare|p2a: Bouffalant\n|-damage|p2a: Bouffalant|151\/310\n|move|p2a: Bouffalant|Head Charge|p1a: Kyurem\n|-damage|p1a: Kyurem|0 fnt\n|-damage|p2a: Bouffalant|127\/310|[from] Recoil\n|faint|p1a: Kyurem\n|\n|win|BaddyGames\n|l|\u2606Retronub\n|c|\u2606BaddyGames|zzz\n","inputlog":">version d7c26c1baada66bae3d90aadb513f0f3b66fa5bd\n>start {\"formatid\":\"gen7randombattle\",\"seed\":[64411,57587,62867,20542]}\n>player p1 {\"name\":\"Retronub\",\"avatar\":\"169\",\"team\":\"\",\"rating\":0,\"seed\":[30046,5372,55440,16067]}\n>player p2 {\"name\":\"BaddyGames\",\"avatar\":\"275\",\"team\":\"\",\"rating\":0,\"seed\":[41678,45933,12196,51920]}\n>p1 move calmmind mega\n>p2 switch 2\n>p1 move darkpulse\n>p2 move thunderbolt\n>p1 switch 6\n>p2 move thunderbolt\n>p1 move darkpulse\n>p2 move thunderbolt\n>p2 switch 3\n>p1 move suckerpunch\n>p2 move nastyplot\n>p1 move suckerpunch\n>p2 move sludgewave\n>p1 switch 4\n>p1 move earthquake\n>p2 move dracometeor\n>p2 switch 4\n>p1 switch 2\n>p2 move pursuit\n>p1 move focusblast\n>p2 move suckerpunch\n>p1 switch 3\n>p1 move fireblast\n>p2 move bravebird\n>p1 switch 2\n>p1 move rockslide\n>p2 move suckerpunch\n>p2 switch 5\n>p1 move rockslide\n>p2 move drainpunch mega\n>p1 switch 5\n>p1 move dracometeor\n>p2 move drainpunch\n>p1 switch 6\n>p2 move drainpunch\n>p1 move recover\n>p2 move stoneedge\n>p1 move recover\n>p2 switch 6\n>p1 move darkpulse\n>p2 move swordsdance\n>p1 move darkpulse\n>p2 move stoneedge\n>p1 move recover\n>p2 move stoneedge\n>p1 switch 6\n>p1 move fusionflare\n>p2 move headcharge","uploadtime":1592943109,"views":24,"p1id":"retronub","p2id":"baddygames","formatid":"gen7randombattle","rating":0,"private":0,"password":null}