{"id":"gen7ou-937478213","p1":"giorgio jackson","p2":"ghecisbestvillain","format":"gen7ou","log":"|j|\u2606giorgio jackson\n|j|\u2606ghecisbestvillain\n|player|p1|giorgio jackson|3\n|player|p2|ghecisbestvillain|269\n|teamsize|p1|6\n|teamsize|p2|6\n|gametype|singles\n|gen|7\n|tier|[Gen 7] OU\n|rated|\n|rule|Sleep Clause Mod: Limit one foe put to sleep\n|rule|Species Clause: Limit one of each Pok\u00e9mon\n|rule|OHKO Clause: OHKO moves are banned\n|rule|Moody Clause: Moody is banned\n|rule|Evasion Moves Clause: Evasion moves are banned\n|rule|Endless Battle Clause: Forcing endless battles is banned\n|rule|HP Percentage Mod: HP is shown in percentages\n|clearpoke\n|poke|p1|Porygon2|item\n|poke|p1|Jirachi|item\n|poke|p1|Scolipede, M|item\n|poke|p1|Pinsir, M|item\n|poke|p1|Greninja, M|item\n|poke|p1|Landorus-Therian, M|item\n|poke|p2|Hawlucha, M|item\n|poke|p2|Clefable, F|item\n|poke|p2|Charizard, M|item\n|poke|p2|Tapu Koko|item\n|poke|p2|Magearna|item\n|poke|p2|Kyurem-Black|item\n|teampreview\n|inactive|Battle timer is ON: inactive players will automatically lose when time's up. (requested by ghecisbestvillain)\n|\n|start\n|switch|p1a: Scolipede|Scolipede, M|100\/100\n|switch|p2a: Tapu Koko|Tapu Koko|100\/100\n|-fieldstart|move: Electric Terrain|[from] ability: Electric Surge|[of] p2a: Tapu Koko\n|turn|1\n|j| ismail5896\n|\n|move|p1a: Scolipede|Protect|p1a: Scolipede\n|-singleturn|p1a: Scolipede|Protect\n|move|p2a: Tapu Koko|Taunt|p1a: Scolipede\n|-activate|p1a: Scolipede|move: Protect\n|\n|-ability|p1a: Scolipede|Speed Boost|boost\n|-boost|p1a: Scolipede|spe|1\n|upkeep\n|turn|2\n|\n|move|p1a: Scolipede|Spikes|p2a: Tapu Koko\n|-sidestart|p2: ghecisbestvillain|Spikes\n|move|p2a: Tapu Koko|Reflect|p2a: Tapu Koko\n|-sidestart|p2: ghecisbestvillain|Reflect\n|\n|-ability|p1a: Scolipede|Speed Boost|boost\n|-boost|p1a: Scolipede|spe|1\n|upkeep\n|turn|3\n|\n|move|p1a: Scolipede|Spikes|p2a: Tapu Koko\n|-sidestart|p2: ghecisbestvillain|Spikes\n|move|p2a: Tapu Koko|Taunt|p1a: Scolipede\n|-start|p1a: Scolipede|move: Taunt\n|\n|-ability|p1a: Scolipede|Speed Boost|boost\n|-boost|p1a: Scolipede|spe|1\n|upkeep\n|turn|4\n|\n|switch|p1a: Landorus|Landorus-Therian, M|100\/100\n|-ability|p1a: Landorus|Intimidate|boost\n|-unboost|p2a: Tapu Koko|atk|1\n|move|p2a: Tapu Koko|Light Screen|p2a: Tapu Koko\n|-sidestart|p2: ghecisbestvillain|move: Light Screen\n|\n|upkeep\n|turn|5\n|\n|switch|p2a: Hawlucha|Hawlucha, M|100\/100\n|-enditem|p2a: Hawlucha|Electric Seed\n|-boost|p2a: Hawlucha|def|1\n|switch|p1a: Jirachi|Jirachi|100\/100\n|\n|-fieldend|move: Electric Terrain\n|upkeep\n|turn|6\n|\n|switch|p1a: Scolipede|Scolipede, M|100\/100\n|move|p2a: Hawlucha|Swords Dance|p2a: Hawlucha\n|-boost|p2a: Hawlucha|atk|2\n|\n|upkeep\n|turn|7\n|j| sealx\n|\n|move|p1a: Scolipede|Protect|p1a: Scolipede\n|-singleturn|p1a: Scolipede|Protect\n|move|p2a: Hawlucha|Swords Dance|p2a: Hawlucha\n|-boost|p2a: Hawlucha|atk|2\n|\n|-ability|p1a: Scolipede|Speed Boost|boost\n|-boost|p1a: Scolipede|spe|1\n|upkeep\n|turn|8\n|\n|move|p2a: Hawlucha|Acrobatics|p1a: Scolipede\n|-supereffective|p1a: Scolipede\n|-enditem|p1a: Scolipede|Focus Sash\n|-damage|p1a: Scolipede|1\/100\n|move|p1a: Scolipede|Spikes|p2a: Hawlucha\n|-sidestart|p2: ghecisbestvillain|Spikes\n|\n|-ability|p1a: Scolipede|Speed Boost|boost\n|-boost|p1a: Scolipede|spe|1\n|upkeep\n|turn|9\n|\n|move|p1a: Scolipede|Endeavor|p2a: Hawlucha\n|-damage|p2a: Hawlucha|1\/100\n|move|p2a: Hawlucha|Acrobatics|p1a: Scolipede\n|-supereffective|p1a: Scolipede\n|-damage|p1a: Scolipede|0 fnt\n|faint|p1a: Scolipede\n|\n|-sideend|p2: ghecisbestvillain|Reflect\n|upkeep\n|\n|switch|p1a: Pinsir|Pinsir, M|100\/100\n|turn|10\n|\n|detailschange|p1a: Pinsir|Pinsir-Mega, M\n|-mega|p1a: Pinsir|Pinsir|Pinsirite\n|move|p1a: Pinsir|Quick Attack|p2a: Hawlucha\n|-supereffective|p2a: Hawlucha\n|-damage|p2a: Hawlucha|0 fnt\n|faint|p2a: Hawlucha\n|\n|upkeep\n|\n|switch|p2a: Tapu Koko|Tapu Koko|100\/100\n|-damage|p2a: Tapu Koko|76\/100|[from] Spikes\n|-fieldstart|move: Electric Terrain|[from] ability: Electric Surge|[of] p2a: Tapu Koko\n|turn|11\n|\n|switch|p1a: Porygon2|Porygon2|100\/100\n|-ability|p1a: Porygon2|Download|boost\n|-boost|p1a: Porygon2|spa|1\n|move|p2a: Tapu Koko|Reflect|p2a: Tapu Koko\n|-sidestart|p2: ghecisbestvillain|Reflect\n|\n|-sideend|p2: ghecisbestvillain|move: Light Screen\n|upkeep\n|turn|12\n|l| ismail5896\n|\n|move|p2a: Tapu Koko|Light Screen|p2a: Tapu Koko\n|-sidestart|p2: ghecisbestvillain|move: Light Screen\n|move|p1a: Porygon2|Tri Attack|p2a: Tapu Koko\n|-damage|p2a: Tapu Koko|30\/100\n|\n|upkeep\n|turn|13\n|\n|switch|p1a: Landorus|Landorus-Therian, M|100\/100\n|-ability|p1a: Landorus|Intimidate|boost\n|-unboost|p2a: Tapu Koko|atk|1\n|move|p2a: Tapu Koko|Defog|p1a: Landorus\n|-unboost|p1a: Landorus|evasion|1\n|-sideend|p2: ghecisbestvillain|Spikes|[from] move: Defog|[of] p2a: Tapu Koko\n|\n|upkeep\n|turn|14\n|\n|switch|p2a: Charizard|Charizard, M|100\/100\n|switch|p1a: Jirachi|Jirachi|100\/100\n|\n|upkeep\n|turn|15\n|\n|detailschange|p2a: Charizard|Charizard-Mega-X, M\n|-mega|p2a: Charizard|Charizard|Charizardite X\n|move|p1a: Jirachi|U-turn|p2a: Charizard\n|-resisted|p2a: Charizard\n|-damage|p2a: Charizard|95\/100\n|\n|switch|p1a: Landorus|Landorus-Therian, M|100\/100|[from]move: U-turn\n|-ability|p1a: Landorus|Intimidate|boost\n|-unboost|p2a: Charizard|atk|1\n|move|p2a: Charizard|Fire Punch|p1a: Landorus\n|-damage|p1a: Landorus|76\/100\n|-status|p1a: Landorus|brn\n|-enditem|p1a: Landorus|Lum Berry|[eat]\n|-curestatus|p1a: Landorus|brn|[msg]\n|\n|-fieldend|move: Electric Terrain\n|upkeep\n|turn|16\n|\n|switch|p2a: Kyurem|Kyurem-Black|100\/100\n|-ability|p2a: Kyurem|Teravolt\n|move|p1a: Landorus|Earthquake|p2a: Kyurem\n|-damage|p2a: Kyurem|85\/100\n|\n|upkeep\n|turn|17\n|\n|switch|p1a: Jirachi|Jirachi|100\/100\n|move|p2a: Kyurem|Earth Power|p1a: Jirachi\n|-supereffective|p1a: Jirachi\n|-crit|p1a: Jirachi\n|-damage|p1a: Jirachi|0 fnt\n|-damage|p2a: Kyurem|76\/100|[from] item: Life Orb\n|faint|p1a: Jirachi\n|\n|upkeep\n|\n|switch|p1a: Porygon2|Porygon2|100\/100\n|-ability|p1a: Porygon2|Download|boost\n|-boost|p1a: Porygon2|spa|1\n|turn|18\n|\n|switch|p2a: Clefable|Clefable, F|100\/100\n|move|p1a: Porygon2|Trick Room|p1a: Porygon2\n|-fieldstart|move: Trick Room|[of] p1a: Porygon2\n|\n|-sideend|p2: ghecisbestvillain|Reflect\n|upkeep\n|turn|19\n|\n|switch|p1a: Landorus|Landorus-Therian, M|76\/100\n|-ability|p1a: Landorus|Intimidate|boost\n|-unboost|p2a: Clefable|atk|1\n|move|p2a: Clefable|Cosmic Power|p2a: Clefable\n|-boost|p2a: Clefable|def|1\n|-boost|p2a: Clefable|spd|1\n|\n|-sideend|p2: ghecisbestvillain|move: Light Screen\n|upkeep\n|turn|20\n|\n|move|p2a: Clefable|Cosmic Power|p2a: Clefable\n|-boost|p2a: Clefable|def|1\n|-boost|p2a: Clefable|spd|1\n|move|p1a: Landorus|Toxic|p2a: Clefable\n|-status|p2a: Clefable|tox\n|\n|upkeep\n|turn|21\n|\n|move|p2a: Clefable|Cosmic Power|p2a: Clefable\n|-boost|p2a: Clefable|def|1\n|-boost|p2a: Clefable|spd|1\n|move|p1a: Landorus|Stealth Rock|p2a: Clefable\n|-sidestart|p2: ghecisbestvillain|move: Stealth Rock\n|\n|upkeep\n|turn|22\n|\n|switch|p1a: Pinsir|Pinsir-Mega, M|100\/100\n|move|p2a: Clefable|Cosmic Power|p2a: Clefable\n|-boost|p2a: Clefable|def|1\n|-boost|p2a: Clefable|spd|1\n|\n|-fieldend|move: Trick Room\n|upkeep\n|turn|23\n|\n|move|p1a: Pinsir|Swords Dance|p1a: Pinsir\n|-boost|p1a: Pinsir|atk|2\n|move|p2a: Clefable|Charge Beam|p1a: Pinsir\n|-supereffective|p1a: Pinsir\n|-damage|p1a: Pinsir|71\/100\n|-boost|p2a: Clefable|spa|1\n|\n|upkeep\n|turn|24\n|\n|move|p1a: Pinsir|Return|p2a: Clefable\n|-damage|p2a: Clefable|57\/100 tox\n|move|p2a: Clefable|Stored Power|p1a: Pinsir\n|-damage|p1a: Pinsir|0 fnt\n|faint|p1a: Pinsir\n|\n|-heal|p2a: Clefable|63\/100 tox|[from] item: Leftovers\n|upkeep\n|\n|switch|p1a: Greninja|Greninja, M|100\/100\n|turn|25\n|\n|move|p1a: Greninja|Hydro Pump|p2a: Clefable\n|-damage|p2a: Clefable|43\/100 tox\n|move|p2a: Clefable|Soft-Boiled|p2a: Clefable\n|-heal|p2a: Clefable|93\/100 tox\n|\n|-heal|p2a: Clefable|99\/100 tox|[from] item: Leftovers\n|upkeep\n|turn|26\n|-message|giorgio jackson forfeited.\n|\n|win|ghecisbestvillain\n|l|\u2606giorgio jackson\n|l|\u2606ghecisbestvillain\n|raw|giorgio jackson's rating: 1807 &rarr; <strong>1787<\/strong><br \/>(-20 for losing)\n|raw|ghecisbestvillain's rating: 1810 &rarr; <strong>1830<\/strong><br \/>(+20 for winning)\n","uploadtime":1561913373,"views":39,"p1id":"giorgiojackson","p2id":"ghecisbestvillain","formatid":"gen7ou","rating":1787,"private":0,"password":null}