{"id":"gen7ou-998016912","p1":"Ban lando t guy jk","p2":"The Goomy","format":"gen7ou","log":"|j|\u2606Ban lando t guy jk\n|j|\u2606The Goomy\n|player|p1|Ban lando t guy jk|164|1869\n|player|p2|The Goomy|184|1815\n|teamsize|p1|6\n|teamsize|p2|6\n|gametype|singles\n|gen|7\n|tier|[Gen 7] OU\n|rated|\n|rule|Sleep Clause Mod: Limit one foe put to sleep\n|rule|Species Clause: Limit one of each Pok\u00e9mon\n|rule|OHKO Clause: OHKO moves are banned\n|rule|Moody Clause: Moody is banned\n|rule|Evasion Moves Clause: Evasion moves are banned\n|rule|Endless Battle Clause: Forcing endless battles is banned\n|rule|HP Percentage Mod: HP is shown in percentages\n|clearpoke\n|poke|p1|Hawlucha, F|item\n|poke|p1|Ferrothorn, F|item\n|poke|p1|Pelipper, F|item\n|poke|p1|Tapu Koko|item\n|poke|p1|Swampert, M|item\n|poke|p1|Kartana|item\n|poke|p2|Hoopa-Unbound|item\n|poke|p2|Kyurem-Black|item\n|poke|p2|Greninja, M|item\n|poke|p2|Magearna|item\n|poke|p2|Landorus-Therian, M|item\n|poke|p2|Rotom-Wash|item\n|teampreview\n|inactive|Battle timer is ON: inactive players will automatically lose when time's up. (requested by Ban lando t guy jk)\n|\n|start\n|switch|p1a: Speed OD|Tapu Koko|100\/100\n|switch|p2a: Kyurem|Kyurem-Black|100\/100\n|-fieldstart|move: Electric Terrain|[from] ability: Electric Surge|[of] p1a: Speed OD\n|-ability|p2a: Kyurem|Teravolt\n|turn|1\n|\n|-zpower|p1a: Speed OD\n|move|p1a: Speed OD|Twinkle Tackle|p2a: Kyurem|[zeffect]\n|-supereffective|p2a: Kyurem\n|-damage|p2a: Kyurem|0 fnt\n|faint|p2a: Kyurem\n|\n|upkeep\n|\n|switch|p2a: Landorus|Landorus-Therian, M|100\/100\n|-ability|p2a: Landorus|Intimidate|boost\n|-unboost|p1a: Speed OD|atk|1\n|turn|2\n|\n|switch|p1a: Hate rain :(|Ferrothorn, F|100\/100\n|move|p2a: Landorus|Stealth Rock|p1a: Hate rain :(\n|-sidestart|p1: Ban lando t guy jk|move: Stealth Rock\n|\n|upkeep\n|turn|3\n|\n|switch|p2a: Hoopa|Hoopa-Unbound|100\/100\n|move|p1a: Hate rain :(|Stealth Rock|p2a: Hoopa\n|-sidestart|p2: The Goomy|move: Stealth Rock\n|\n|upkeep\n|turn|4\n|\n|move|p2a: Hoopa|Substitute|p2a: Hoopa\n|-start|p2a: Hoopa|Substitute\n|-damage|p2a: Hoopa|76\/100\n|move|p1a: Hate rain :(|Spikes|p2a: Hoopa\n|-sidestart|p2: The Goomy|Spikes\n|\n|-heal|p2a: Hoopa|82\/100|[from] item: Leftovers\n|upkeep\n|turn|5\n|j| CEROPR\n|l| CEROPR\n|\n|move|p2a: Hoopa|Dark Pulse|p1a: Hate rain :(\n|-damage|p1a: Hate rain :(|54\/100\n|move|p1a: Hate rain :(|Gyro Ball|p2a: Hoopa\n|-end|p2a: Hoopa|Substitute\n|\n|-heal|p2a: Hoopa|88\/100|[from] item: Leftovers\n|-heal|p1a: Hate rain :(|60\/100|[from] item: Leftovers\n|-fieldend|move: Electric Terrain\n|upkeep\n|turn|6\n|\n|move|p2a: Hoopa|Psychic|p1a: Hate rain :(\n|-resisted|p1a: Hate rain :(\n|-damage|p1a: Hate rain :(|37\/100\n|move|p1a: Hate rain :(|Gyro Ball|p2a: Hoopa\n|-damage|p2a: Hoopa|5\/100\n|\n|-heal|p2a: Hoopa|11\/100|[from] item: Leftovers\n|-heal|p1a: Hate rain :(|44\/100|[from] item: Leftovers\n|upkeep\n|turn|7\n|\n|move|p2a: Hoopa|Dark Pulse|p1a: Hate rain :(\n|-damage|p1a: Hate rain :(|0 fnt\n|faint|p1a: Hate rain :(\n|\n|-heal|p2a: Hoopa|17\/100|[from] item: Leftovers\n|upkeep\n|\n|switch|p1a: Speed OD|Tapu Koko|100\/100\n|-damage|p1a: Speed OD|88\/100|[from] Stealth Rock\n|-fieldstart|move: Electric Terrain|[from] ability: Electric Surge|[of] p1a: Speed OD\n|turn|8\n|j| thr3atII\n|\n|move|p1a: Speed OD|Dazzling Gleam|p2a: Hoopa\n|-supereffective|p2a: Hoopa\n|-damage|p2a: Hoopa|0 fnt\n|faint|p2a: Hoopa\n|\n|upkeep\n|\n|switch|p2a: Landorus|Landorus-Therian, M|100\/100\n|-damage|p2a: Landorus|88\/100|[from] Stealth Rock\n|-ability|p2a: Landorus|Intimidate|boost\n|-unboost|p1a: Speed OD|atk|1\n|turn|9\n|\n|move|p1a: Speed OD|Dazzling Gleam|p2a: Landorus\n|-damage|p2a: Landorus|50\/100\n|move|p2a: Landorus|U-turn|p1a: Speed OD\n|-resisted|p1a: Speed OD\n|-damage|p1a: Speed OD|72\/100\n|\n|switch|p2a: Rotom|Rotom-Wash|100\/100|[from]move: U-turn\n|-damage|p2a: Rotom|88\/100|[from] Stealth Rock\n|\n|upkeep\n|turn|10\n|j| capeat\n|\n|move|p1a: Speed OD|Nature's Madness|p2a: Rotom\n|-damage|p2a: Rotom|44\/100\n|move|p2a: Rotom|Defog|p1a: Speed OD\n|-unboost|p1a: Speed OD|evasion|1\n|-sideend|p1: Ban lando t guy jk|Stealth Rock|[from] move: Defog|[of] p2a: Rotom\n|-sideend|p2: The Goomy|Spikes|[from] move: Defog|[of] p2a: Rotom\n|-sideend|p2: The Goomy|Stealth Rock|[from] move: Defog|[of] p2a: Rotom\n|\n|upkeep\n|turn|11\n|l| capeat\n|\n|move|p1a: Speed OD|Volt Switch|p2a: Rotom\n|-damage|p2a: Rotom|0 fnt\n|faint|p2a: Rotom\n|\n|switch|p1a: Nappy is trash|Pelipper, F|100\/100|[from]move: Volt Switch\n|-weather|RainDance|[from] ability: Drizzle|[of] p1a: Nappy is trash\n|\n|-weather|RainDance|[upkeep]\n|upkeep\n|\n|switch|p2a: Greninja|Greninja, M|100\/100\n|turn|12\n|\n|move|p2a: Greninja|Spikes|p1a: Nappy is trash\n|-start|p2a: Greninja|typechange|Ground|[from] ability: Protean\n|-sidestart|p1: Ban lando t guy jk|Spikes\n|move|p1a: Nappy is trash|U-turn|p2a: Greninja\n|-damage|p2a: Greninja|86\/100\n|j| 931786law\n|\n|switch|p1a: Swamp Thing|Swampert, M|100\/100|[from]move: U-turn\n|-damage|p1a: Swamp Thing|88\/100|[from] Spikes\n|\n|-weather|RainDance|[upkeep]\n|-fieldend|move: Electric Terrain\n|upkeep\n|turn|13\n|\n|switch|p2a: Landorus|Landorus-Therian, M|50\/100\n|-ability|p2a: Landorus|Intimidate|boost\n|-unboost|p1a: Swamp Thing|atk|1\n|detailschange|p1a: Swamp Thing|Swampert-Mega, M\n|-mega|p1a: Swamp Thing|Swampert|Swampertite\n|move|p1a: Swamp Thing|Power-Up Punch|p2a: Landorus\n|-resisted|p2a: Landorus\n|-damage|p2a: Landorus|46\/100\n|-boost|p1a: Swamp Thing|atk|1\n|\n|-weather|RainDance|[upkeep]\n|-heal|p2a: Landorus|52\/100|[from] item: Leftovers\n|upkeep\n|turn|14\n|\n|move|p1a: Swamp Thing|Waterfall|p2a: Landorus\n|-supereffective|p2a: Landorus\n|-damage|p2a: Landorus|0 fnt\n|faint|p2a: Landorus\n|\n|-weather|RainDance|[upkeep]\n|upkeep\n|\n|switch|p2a: Greninja|Greninja, M|86\/100\n|turn|15\n|\n|move|p2a: Greninja|Ice Beam|p1a: Swamp Thing\n|-start|p2a: Greninja|typechange|Ice|[from] ability: Protean\n|-damage|p1a: Swamp Thing|59\/100\n|move|p1a: Swamp Thing|Earthquake|p2a: Greninja\n|-damage|p2a: Greninja|0 fnt\n|faint|p2a: Greninja\n|\n|-weather|RainDance|[upkeep]\n|upkeep\n|\n|switch|p2a: Magearna|Magearna|100\/100\n|turn|16\n|\n|move|p1a: Swamp Thing|Earthquake|p2a: Magearna\n|-supereffective|p2a: Magearna\n|-damage|p2a: Magearna|0 fnt\n|faint|p2a: Magearna\n|\n|win|Ban lando t guy jk\n|l|\u2606The Goomy\n|c|\u2606Ban lando t guy jk|Gg\n","uploadtime":1571947530,"views":15,"p1id":"banlandotguyjk","p2id":"thegoomy","formatid":"gen7ou","rating":0,"private":0,"password":null}