{"id":"gen7randombattle-1131941712","p1":"BaddyGames","p2":"Chimtwig","format":"gen7randombattle","log":"|j|\u2606BaddyGames\n|j|\u2606Chimtwig\n|player|p1|BaddyGames|275|\n|player|p2|Chimtwig|byron|\n|teamsize|p1|6\n|teamsize|p2|6\n|gametype|singles\n|gen|7\n|tier|[Gen 7] Random Battle\n|rule|Sleep Clause Mod: Limit one foe put to sleep\n|rule|HP Percentage Mod: HP is shown in percentages\n|\n|start\n|switch|p1a: Avalugg|Avalugg, L88, M|310\/310\n|switch|p2a: Gardevoir|Gardevoir, L82, M|246\/246\n|-ability|p2a: Gardevoir|Sturdy|[from] ability: Trace|[of] p1a: Avalugg\n|turn|1\n|c|\u2606Chimtwig|gl hf\n|c|\u2606BaddyGames|u2\n|\n|switch|p1a: Steelix|Steelix, L86, F|269\/269\n|move|p2a: Gardevoir|Will-O-Wisp|p1a: Steelix\n|-status|p1a: Steelix|brn\n|\n|-damage|p1a: Steelix|253\/269 brn|[from] brn\n|upkeep\n|turn|2\n|\n|switch|p2a: Pyroar|Pyroar, L88, F|295\/295\n|-ability|p2a: Pyroar|Unnerve|p1: BaddyGames\n|move|p1a: Steelix|Toxic|p2a: Pyroar\n|-status|p2a: Pyroar|tox\n|\n|-heal|p1a: Steelix|269\/269 brn|[from] item: Leftovers\n|-damage|p2a: Pyroar|277\/295 tox|[from] psn\n|-damage|p1a: Steelix|253\/269 brn|[from] brn\n|upkeep\n|turn|3\n|\n|move|p2a: Pyroar|Fire Blast|p1a: Steelix\n|-supereffective|p1a: Steelix\n|-damage|p1a: Steelix|0 fnt\n|-damage|p2a: Pyroar|248\/295 tox|[from] item: Life Orb\n|faint|p1a: Steelix\n|\n|-damage|p2a: Pyroar|212\/295 tox|[from] psn\n|upkeep\n|\n|switch|p1a: Bruxish|Bruxish, L86, M|257\/257\n|turn|4\n|\n|move|p2a: Pyroar|Dark Pulse|p1a: Bruxish\n|-supereffective|p1a: Bruxish\n|-damage|p1a: Bruxish|67\/257\n|-damage|p2a: Pyroar|183\/295 tox|[from] item: Life Orb\n|move|p1a: Bruxish|Swords Dance|p1a: Bruxish\n|-boost|p1a: Bruxish|atk|2\n|\n|-damage|p2a: Pyroar|129\/295 tox|[from] psn\n|upkeep\n|turn|5\n|\n|move|p1a: Bruxish|Aqua Jet|p2a: Pyroar\n|-supereffective|p2a: Pyroar\n|-damage|p2a: Pyroar|0 fnt\n|-damage|p1a: Bruxish|42\/257|[from] item: Life Orb\n|faint|p2a: Pyroar\n|\n|upkeep\n|\n|switch|p2a: Nihilego|Nihilego, L82|313\/313\n|-item|p2a: Nihilego|Air Balloon\n|turn|6\n|\n|move|p1a: Bruxish|Aqua Jet|p2a: Nihilego\n|-supereffective|p2a: Nihilego\n|-damage|p2a: Nihilego|0 fnt\n|-enditem|p2a: Nihilego|Air Balloon\n|-damage|p1a: Bruxish|17\/257|[from] item: Life Orb\n|faint|p2a: Nihilego\n|\n|upkeep\n|c|\u2606Chimtwig|lol im dumb\n|\n|switch|p2a: Persian|Persian-Alola, L88, M|258\/258\n|turn|7\n|\n|move|p1a: Bruxish|Aqua Jet|p2a: Persian\n|-damage|p2a: Persian|102\/258\n|-damage|p1a: Bruxish|0 fnt|[from] item: Life Orb\n|faint|p1a: Bruxish\n|move|p2a: Persian|Dark Pulse|p1: Bruxish|[notarget]\n|-fail|p2a: Persian\n|\n|upkeep\n|\n|switch|p1a: Clefable|Clefable, L80, M|283\/283\n|turn|8\n|\n|move|p2a: Persian|Power Gem|p1a: Clefable\n|-damage|p1a: Clefable|210\/283\n|-damage|p2a: Persian|77\/258|[from] item: Life Orb\n|move|p1a: Clefable|Calm Mind|p1a: Clefable\n|-boost|p1a: Clefable|spa|1\n|-boost|p1a: Clefable|spd|1\n|\n|-heal|p1a: Clefable|227\/283|[from] item: Leftovers\n|upkeep\n|turn|9\n|\n|move|p2a: Persian|Hypnosis|p1a: Clefable|[miss]\n|-miss|p2a: Persian|p1a: Clefable\n|move|p1a: Clefable|Calm Mind|p1a: Clefable\n|-boost|p1a: Clefable|spa|1\n|-boost|p1a: Clefable|spd|1\n|\n|-heal|p1a: Clefable|244\/283|[from] item: Leftovers\n|upkeep\n|turn|10\n|\n|move|p2a: Persian|Hypnosis|p1a: Clefable|[miss]\n|-miss|p2a: Persian|p1a: Clefable\n|move|p1a: Clefable|Moonblast|p2a: Persian\n|-supereffective|p2a: Persian\n|-damage|p2a: Persian|0 fnt\n|faint|p2a: Persian\n|\n|-heal|p1a: Clefable|261\/283|[from] item: Leftovers\n|upkeep\n|\n|switch|p2a: Golem|Golem-Alola, L88, F|284\/284\n|-item|p2a: Golem|Air Balloon\n|turn|11\n|\n|move|p1a: Clefable|Moonblast|p2a: Golem\n|-damage|p2a: Golem|77\/284\n|-enditem|p2a: Golem|Air Balloon\n|move|p2a: Golem|Return|p1a: Clefable\n|-damage|p1a: Clefable|63\/283\n|\n|-heal|p1a: Clefable|80\/283|[from] item: Leftovers\n|upkeep\n|turn|12\n|\n|move|p1a: Clefable|Moonblast|p2a: Golem\n|-damage|p2a: Golem|0 fnt\n|faint|p2a: Golem\n|\n|-heal|p1a: Clefable|97\/283|[from] item: Leftovers\n|upkeep\n|\n|switch|p2a: Volcarona|Volcarona, L80, M|267\/267\n|turn|13\n|\n|move|p2a: Volcarona|Bug Buzz|p1a: Clefable\n|-resisted|p1a: Clefable\n|-damage|p1a: Clefable|62\/283\n|-damage|p2a: Volcarona|241\/267|[from] item: Life Orb\n|move|p1a: Clefable|Soft-Boiled|p1a: Clefable\n|-heal|p1a: Clefable|204\/283\n|\n|-heal|p1a: Clefable|221\/283|[from] item: Leftovers\n|upkeep\n|turn|14\n|\n|move|p2a: Volcarona|Fiery Dance|p1a: Clefable\n|-damage|p1a: Clefable|153\/283\n|-damage|p2a: Volcarona|215\/267|[from] item: Life Orb\n|move|p1a: Clefable|Calm Mind|p1a: Clefable\n|-boost|p1a: Clefable|spa|1\n|-boost|p1a: Clefable|spd|1\n|\n|-heal|p1a: Clefable|170\/283|[from] item: Leftovers\n|upkeep\n|turn|15\n|\n|move|p2a: Volcarona|Quiver Dance|p2a: Volcarona\n|-boost|p2a: Volcarona|spa|1\n|-boost|p2a: Volcarona|spd|1\n|-boost|p2a: Volcarona|spe|1\n|move|p1a: Clefable|Calm Mind|p1a: Clefable\n|-boost|p1a: Clefable|spa|1\n|-boost|p1a: Clefable|spd|1\n|\n|-heal|p1a: Clefable|187\/283|[from] item: Leftovers\n|upkeep\n|turn|16\n|\n|move|p2a: Volcarona|Quiver Dance|p2a: Volcarona\n|-boost|p2a: Volcarona|spa|1\n|-boost|p2a: Volcarona|spd|1\n|-boost|p2a: Volcarona|spe|1\n|move|p1a: Clefable|Fire Blast|p2a: Volcarona|[miss]\n|-miss|p1a: Clefable|p2a: Volcarona\n|\n|-heal|p1a: Clefable|204\/283|[from] item: Leftovers\n|upkeep\n|turn|17\n|\n|move|p2a: Volcarona|Fiery Dance|p1a: Clefable\n|-crit|p1a: Clefable\n|-damage|p1a: Clefable|0 fnt\n|-damage|p2a: Volcarona|189\/267|[from] item: Life Orb\n|faint|p1a: Clefable\n|\n|upkeep\n|\n|switch|p1a: Luxray|Luxray, L88, F|284\/284\n|turn|18\n|c|\u2606Chimtwig|use avalugg\n|c|\u2606BaddyGames|that crit has lost me the game\n|\n|move|p2a: Volcarona|Fiery Dance|p1a: Luxray\n|-damage|p1a: Luxray|25\/284\n|-boost|p2a: Volcarona|spa|1\n|-damage|p2a: Volcarona|163\/267|[from] item: Life Orb\n|move|p1a: Luxray|Wild Charge|p2a: Volcarona\n|-damage|p2a: Volcarona|13\/267\n|-damage|p1a: Luxray|0 fnt|[from] Recoil\n|faint|p1a: Luxray\n|\n|upkeep\n|c|\u2606Chimtwig|lol\n|c|\u2606Chimtwig|!dt fiery dance\n|raw|<ul class=\"utilichart\"><li class=\"result\"><span class=\"col movenamecol\"><a href=\"https:\/\/dex.pokemonshowdown.com\/moves\/fierydance\">Fiery Dance<\/a><\/span> <span class=\"col typecol\"><img src=\"\/\/play.pokemonshowdown.com\/sprites\/types\/Fire.png\" alt=\"Fire\" width=\"32\" height=\"14\"><img src=\"\/\/play.pokemonshowdown.com\/sprites\/categories\/Special.png\" alt=\"Special\" width=\"32\" height=\"14\"><\/span> <span class=\"col labelcol\"><em>Power<\/em><br>80<\/span> <span class=\"col widelabelcol\"><em>Accuracy<\/em><br>100%<\/span> <span class=\"col pplabelcol\"><em>PP<\/em><br>16<\/span> <span class=\"col movedesccol\">50% chance to raise the user's Sp. Atk by 1.<\/span> <\/li><li style=\"clear:both\"><\/li><\/ul>\n|raw|<font size=\"1\"><font color=\"#686868\">Priority:<\/font> 0&nbsp;|&ThickSpace;<font color=\"#686868\">Gen:<\/font> 5&nbsp;|&ThickSpace;&#10003; Secondary effect&nbsp;|&ThickSpace;&#10003; Dance move&nbsp;|&ThickSpace;<font color=\"#686868\">Z-Power:<\/font> 160&nbsp;|&ThickSpace;<font color=\"#686868\">Target:<\/font> One Adjacent Pok\u00e9mon<\/font>\n\n|\n|switch|p1a: Tsareena|Tsareena, L84, F|258\/258\n|turn|19\n|c|\u2606Chimtwig|well rip volcarona\n|\n|move|p2a: Volcarona|Fiery Dance|p1a: Tsareena\n|-supereffective|p1a: Tsareena\n|-damage|p1a: Tsareena|0 fnt\n|-boost|p2a: Volcarona|spa|1\n|-damage|p2a: Volcarona|0 fnt|[from] item: Life Orb\n|faint|p1a: Tsareena\n|faint|p2a: Volcarona\n|\n|upkeep\n|\n|switch|p2a: Gardevoir|Gardevoir, L82, M|246\/246\n|switch|p1a: Avalugg|Avalugg, L88, M|310\/310\n|-ability|p2a: Gardevoir|Sturdy|[from] ability: Trace|[of] p1a: Avalugg\n|turn|20\n|\n|detailschange|p2a: Gardevoir|Gardevoir-Mega, L82, M\n|-mega|p2a: Gardevoir|Gardevoir|Gardevoirite\n|move|p2a: Gardevoir|Psyshock|p1a: Avalugg\n|-crit|p1a: Avalugg\n|-damage|p1a: Avalugg|210\/310\n|move|p1a: Avalugg|Avalanche|p2a: Gardevoir\n|-damage|p2a: Gardevoir|41\/246\n|\n|-heal|p1a: Avalugg|229\/310|[from] item: Leftovers\n|upkeep\n|turn|21\n|c|\u2606Chimtwig|gg\n|\n|move|p2a: Gardevoir|Psyshock|p1a: Avalugg\n|-damage|p1a: Avalugg|163\/310\n|move|p1a: Avalugg|Avalanche|p2a: Gardevoir\n|-damage|p2a: Gardevoir|0 fnt\n|faint|p2a: Gardevoir\n|\n|win|BaddyGames\n|c|\u2606BaddyGames|gg\n","inputlog":">version e1649a2dfaa61a80f5a5f70e20f6f26ae4cc4115\n>version-origin 70ab234f1d71fd2bc2b4c543cd0d0a1110b8e06b\n>start {\"formatid\":\"gen7randombattle\",\"seed\":[49056,37926,29839,50157]}\n>player p1 {\"name\":\"BaddyGames\",\"avatar\":\"275\",\"team\":\"\",\"rating\":0,\"seed\":[62556,61421,800,40597]}\n>player p2 {\"name\":\"Chimtwig\",\"avatar\":\"byron\",\"team\":\"\",\"rating\":0,\"seed\":[12100,22291,15725,29536]}\n>p1 switch 5\n>p2 move willowisp\n>p1 move toxic\n>p2 switch 2\n>p1 move earthquake\n>p2 move fireblast\n>p1 switch 4\n>p1 move swordsdance\n>p2 move darkpulse\n>p1 move aquajet\n>p2 move darkpulse\n>p2 switch 3\n>p1 move aquajet\n>p2 move thunderbolt\n>p2 switch 6\n>p1 move aquajet\n>p2 move darkpulse\n>p1 switch 3\n>p1 move calmmind\n>p2 move powergem\n>p1 move calmmind\n>p2 move hypnosis\n>p1 move moonblast\n>p2 move hypnosis\n>p2 switch 5\n>p1 move moonblast\n>p2 move return\n>p1 move moonblast\n>p2 move stoneedge\n>p2 switch 4\n>p1 move softboiled\n>p2 move bugbuzz\n>p1 move calmmind\n>p2 move fierydance\n>p1 move calmmind\n>p2 move quiverdance\n>p1 move fireblast\n>p2 move quiverdance\n>p1 move fireblast\n>p2 move fierydance\n>p1 switch 6\n>p1 move wildcharge\n>p2 move fierydance\n>p1 switch 2\n>p1 move knockoff\n>p2 move fierydance\n>p1 switch 5\n>p2 switch 2\n>p1 move avalanche\n>p2 move psyshock mega\n>p1 move avalanche\n>p2 move psyshock","uploadtime":1592051713,"views":21,"p1id":"baddygames","p2id":"chimtwig","formatid":"gen7randombattle","rating":0,"private":0,"password":null}