{"id":"gen7ou-1609513750","p1":"rooopos","p2":"Jfsosa10","format":"gen7ou","log":"|j|\u2606rooopos\n|j|\u2606Jfsosa10\n|t:|1656868921\n|gametype|singles\n|player|p1|rooopos|101|1542\n|player|p2|Jfsosa10|2|1575\n|teamsize|p1|6\n|teamsize|p2|6\n|gen|7\n|tier|[Gen 7] OU\n|rated|\n|rule|Sleep Clause Mod: Limit one foe put to sleep\n|rule|Species Clause: Limit one of each Pok\u00e9mon\n|rule|OHKO Clause: OHKO moves are banned\n|rule|Moody Clause: Moody is banned\n|rule|Evasion Moves Clause: Evasion moves are banned\n|rule|Endless Battle Clause: Forcing endless battles is banned\n|rule|HP Percentage Mod: HP is shown in percentages\n|clearpoke\n|poke|p1|Garchomp, M|item\n|poke|p1|Hippowdon, F|item\n|poke|p1|Excadrill, M|item\n|poke|p1|Celesteela|item\n|poke|p1|Toxapex, F|item\n|poke|p1|Tornadus-Therian, M|item\n|poke|p2|Latias, F|item\n|poke|p2|Ferrothorn, F|item\n|poke|p2|Landorus-Therian, M|item\n|poke|p2|Tapu Koko|item\n|poke|p2|Toxapex, M|item\n|poke|p2|Heatran, M|item\n|teampreview\n|\n|t:|1656868944\n|start\n|switch|p1a: Hippowdon|Hippowdon, F|100\/100\n|switch|p2a: Ferrothorn|Ferrothorn, F|100\/100\n|-weather|Sandstorm|[from] ability: Sand Stream|[of] p1a: Hippowdon\n|turn|1\n|\n|t:|1656868949\n|switch|p1a: Garchomp|Garchomp, M|100\/100\n|move|p2a: Ferrothorn|Power Whip|p1a: Garchomp\n|-damage|p1a: Garchomp|53\/100\n|-damage|p2a: Ferrothorn|88\/100|[from] ability: Rough Skin|[of] p1a: Garchomp\n|\n|-weather|Sandstorm|[upkeep]\n|-heal|p2a: Ferrothorn|94\/100|[from] item: Leftovers\n|upkeep\n|turn|2\n|\n|t:|1656868960\n|switch|p2a: Landorus|Landorus-Therian, M|100\/100\n|-ability|p2a: Landorus|Intimidate|boost\n|-unboost|p1a: Garchomp|atk|1\n|detailschange|p1a: Garchomp|Garchomp-Mega, M\n|-mega|p1a: Garchomp|Garchomp|Garchompite\n|move|p1a: Garchomp|Fire Blast|p2a: Landorus\n|-damage|p2a: Landorus|54\/100\n|\n|-weather|Sandstorm|[upkeep]\n|upkeep\n|turn|3\n|\n|t:|1656868982\n|move|p2a: Landorus|U-turn|p1a: Garchomp\n|-damage|p1a: Garchomp|30\/100\n|\n|t:|1656868987\n|switch|p2a: Tapu Koko|Tapu Koko|100\/100|[from]move: U-turn\n|-fieldstart|move: Electric Terrain|[from] ability: Electric Surge|[of] p2a: Tapu Koko\n|move|p1a: Garchomp|Hidden Power|p2a: Tapu Koko\n|-damage|p2a: Tapu Koko|70\/100\n|\n|-weather|Sandstorm|[upkeep]\n|-damage|p2a: Tapu Koko|64\/100|[from] Sandstorm\n|upkeep\n|turn|4\n|\n|t:|1656869003\n|switch|p2a: Ferrothorn|Ferrothorn, F|94\/100\n|switch|p1a: Hippowdon|Hippowdon, F|100\/100\n|\n|-weather|Sandstorm|[upkeep]\n|-heal|p2a: Ferrothorn|100\/100|[from] item: Leftovers\n|upkeep\n|turn|5\n|\n|t:|1656869009\n|switch|p1a: Tornadus|Tornadus-Therian, M|100\/100\n|move|p2a: Ferrothorn|Spikes|p1a: Tornadus\n|-sidestart|p1: rooopos|Spikes\n|\n|-weather|none\n|upkeep\n|turn|6\n|\n|t:|1656869016\n|switch|p2a: Tapu Koko|Tapu Koko|64\/100\n|move|p1a: Tornadus|Knock Off|p2a: Tapu Koko\n|-resisted|p2a: Tapu Koko\n|-damage|p2a: Tapu Koko|51\/100\n|-enditem|p2a: Tapu Koko|Shuca Berry|[from] move: Knock Off|[of] p1a: Tornadus\n|\n|upkeep\n|turn|7\n|\n|t:|1656869021\n|move|p2a: Tapu Koko|Roost|p2a: Tapu Koko\n|-heal|p2a: Tapu Koko|100\/100\n|-singleturn|p2a: Tapu Koko|move: Roost\n|move|p1a: Tornadus|Defog|p2a: Tapu Koko\n|-unboost|p2a: Tapu Koko|evasion|1\n|-sideend|p1: rooopos|Spikes|[from] move: Defog|[of] p1a: Tornadus\n|\n|-fieldend|move: Electric Terrain\n|upkeep\n|turn|8\n|\n|t:|1656869026\n|move|p2a: Tapu Koko|Hidden Power|p1a: Tornadus\n|-supereffective|p1a: Tornadus\n|-damage|p1a: Tornadus|66\/100\n|move|p1a: Tornadus|U-turn|p2a: Tapu Koko\n|-resisted|p2a: Tapu Koko\n|-damage|p2a: Tapu Koko|91\/100\n|\n|t:|1656869035\n|switch|p1a: Hippowdon|Hippowdon, F|100\/100|[from]move: U-turn\n|-weather|Sandstorm|[from] ability: Sand Stream|[of] p1a: Hippowdon\n|\n|-weather|Sandstorm|[upkeep]\n|-damage|p2a: Tapu Koko|85\/100|[from] Sandstorm\n|upkeep\n|turn|9\n|\n|t:|1656869042\n|switch|p2a: Ferrothorn|Ferrothorn, F|100\/100\n|switch|p1a: Tornadus|Tornadus-Therian, M|99\/100\n|\n|-weather|Sandstorm|[upkeep]\n|-damage|p1a: Tornadus|93\/100|[from] Sandstorm\n|upkeep\n|turn|10\n|\n|t:|1656869050\n|move|p1a: Tornadus|Knock Off|p2a: Ferrothorn\n|-damage|p2a: Ferrothorn|84\/100\n|-damage|p1a: Tornadus|81\/100|[from] ability: Iron Barbs|[of] p2a: Ferrothorn\n|-enditem|p2a: Ferrothorn|Leftovers|[from] move: Knock Off|[of] p1a: Tornadus\n|move|p2a: Ferrothorn|Leech Seed|p1a: Tornadus\n|-start|p1a: Tornadus|move: Leech Seed\n|\n|-weather|Sandstorm|[upkeep]\n|-damage|p1a: Tornadus|75\/100|[from] Sandstorm\n|-damage|p1a: Tornadus|62\/100|[from] Leech Seed|[of] p2a: Ferrothorn\n|-heal|p2a: Ferrothorn|97\/100|[silent]\n|upkeep\n|turn|11\n|\n|t:|1656869057\n|switch|p1a: Celesteela|Celesteela|100\/100\n|move|p2a: Ferrothorn|Power Whip|p1a: Celesteela\n|-resisted|p1a: Celesteela\n|-damage|p1a: Celesteela|92\/100\n|\n|-weather|Sandstorm|[upkeep]\n|-heal|p1a: Celesteela|98\/100|[from] item: Leftovers\n|upkeep\n|turn|12\n|\n|t:|1656869068\n|switch|p1a: Excadrill|Excadrill, M|100\/100\n|move|p2a: Ferrothorn|Spikes|p1a: Excadrill\n|-sidestart|p1: rooopos|Spikes\n|\n|-weather|none\n|upkeep\n|turn|13\n|\n|t:|1656869074\n|switch|p1a: Tornadus|Tornadus-Therian, M|96\/100\n|move|p2a: Ferrothorn|Leech Seed|p1a: Tornadus\n|-start|p1a: Tornadus|move: Leech Seed\n|\n|-damage|p1a: Tornadus|83\/100|[from] Leech Seed|[of] p2a: Ferrothorn\n|-heal|p2a: Ferrothorn|100\/100|[silent]\n|upkeep\n|turn|14\n|\n|t:|1656869080\n|move|p1a: Tornadus|Defog|p2a: Ferrothorn\n|-unboost|p2a: Ferrothorn|evasion|1\n|-sideend|p1: rooopos|Spikes|[from] move: Defog|[of] p1a: Tornadus\n|move|p2a: Ferrothorn|Gyro Ball|p1a: Tornadus\n|-damage|p1a: Tornadus|30\/100\n|-damage|p2a: Ferrothorn|84\/100|[from] item: Rocky Helmet|[of] p1a: Tornadus\n|\n|-damage|p1a: Tornadus|17\/100|[from] Leech Seed|[of] p2a: Ferrothorn\n|-heal|p2a: Ferrothorn|97\/100|[silent]\n|upkeep\n|turn|15\n|inactive|Battle timer is ON: inactive players will automatically lose when time's up. (requested by rooopos)\n|\n|t:|1656869088\n|switch|p1a: Celesteela|Celesteela|98\/100\n|move|p2a: Ferrothorn|Spikes|p1a: Celesteela\n|-sidestart|p1: rooopos|Spikes\n|\n|-heal|p1a: Celesteela|100\/100|[from] item: Leftovers\n|upkeep\n|turn|16\n|\n|t:|1656869092\n|switch|p2a: Heatran|Heatran, M|100\/100\n|move|p1a: Celesteela|Flamethrower|p2a: Heatran\n|-start|p2a: Heatran|ability: Flash Fire\n|\n|upkeep\n|turn|17\n|\n|t:|1656869098\n|switch|p1a: Toxapex|Toxapex, F|100\/100\n|-damage|p1a: Toxapex|88\/100|[from] Spikes\n|move|p2a: Heatran|Substitute|p2a: Heatran\n|-start|p2a: Heatran|Substitute\n|-damage|p2a: Heatran|76\/100\n|\n|-heal|p1a: Toxapex|94\/100|[from] item: Black Sludge\n|upkeep\n|turn|18\n|\n|t:|1656869102\n|move|p2a: Heatran|Magma Storm|p1a: Toxapex\n|-resisted|p1a: Toxapex\n|-damage|p1a: Toxapex|70\/100\n|-activate|p1a: Toxapex|move: Magma Storm|[of] p2a: Heatran\n|move|p1a: Toxapex|Scald|p2a: Heatran\n|-supereffective|p2a: Heatran\n|-crit|p2a: Heatran\n|-end|p2a: Heatran|Substitute\n|\n|-heal|p1a: Toxapex|76\/100|[from] item: Black Sludge\n|-damage|p1a: Toxapex|64\/100|[from] move: Magma Storm|[partiallytrapped]\n|upkeep\n|turn|19\n|\n|t:|1656869109\n|move|p2a: Heatran|Earth Power|p1a: Toxapex\n|-supereffective|p1a: Toxapex\n|-damage|p1a: Toxapex|24\/100\n|move|p1a: Toxapex|Scald|p2a: Heatran\n|-supereffective|p2a: Heatran\n|-damage|p2a: Heatran|47\/100\n|\n|-heal|p1a: Toxapex|30\/100|[from] item: Black Sludge\n|-damage|p1a: Toxapex|18\/100|[from] move: Magma Storm|[partiallytrapped]\n|upkeep\n|turn|20\n|\n|t:|1656869114\n|move|p2a: Heatran|Stealth Rock|p1a: Toxapex\n|-sidestart|p1: rooopos|move: Stealth Rock\n|move|p1a: Toxapex|Recover|p1a: Toxapex\n|-heal|p1a: Toxapex|68\/100\n|\n|-heal|p1a: Toxapex|74\/100|[from] item: Black Sludge\n|-damage|p1a: Toxapex|62\/100|[from] move: Magma Storm|[partiallytrapped]\n|upkeep\n|turn|21\n|\n|t:|1656869120\n|move|p2a: Heatran|Earth Power|p1a: Toxapex\n|-supereffective|p1a: Toxapex\n|-damage|p1a: Toxapex|28\/100\n|move|p1a: Toxapex|Scald|p2a: Heatran\n|-supereffective|p2a: Heatran\n|-damage|p2a: Heatran|15\/100\n|\n|-heal|p1a: Toxapex|34\/100|[from] item: Black Sludge\n|-damage|p1a: Toxapex|22\/100|[from] move: Magma Storm|[partiallytrapped]\n|upkeep\n|turn|22\n|\n|t:|1656869126\n|move|p2a: Heatran|Earth Power|p1a: Toxapex\n|-supereffective|p1a: Toxapex\n|-damage|p1a: Toxapex|0 fnt\n|faint|p1a: Toxapex\n|\n|upkeep\n|\n|t:|1656869128\n|switch|p1a: Tornadus|Tornadus-Therian, M|50\/100\n|-damage|p1a: Tornadus|26\/100|[from] Stealth Rock\n|turn|23\n|\n|t:|1656869133\n|move|p1a: Tornadus|Knock Off|p2a: Heatran\n|-damage|p2a: Heatran|2\/100\n|move|p2a: Heatran|Magma Storm|p1a: Tornadus|[miss]\n|-miss|p2a: Heatran|p1a: Tornadus\n|\n|upkeep\n|turn|24\n|\n|t:|1656869138\n|move|p1a: Tornadus|Knock Off|p2a: Heatran\n|-damage|p2a: Heatran|0 fnt\n|faint|p2a: Heatran\n|\n|upkeep\n|\n|t:|1656869144\n|switch|p2a: Tapu Koko|Tapu Koko|85\/100\n|-fieldstart|move: Electric Terrain|[from] ability: Electric Surge|[of] p2a: Tapu Koko\n|turn|25\n|\n|t:|1656869150\n|switch|p1a: Hippowdon|Hippowdon, F|100\/100\n|-damage|p1a: Hippowdon|88\/100|[from] Spikes\n|-damage|p1a: Hippowdon|82\/100|[from] Stealth Rock\n|-weather|Sandstorm|[from] ability: Sand Stream|[of] p1a: Hippowdon\n|move|p2a: Tapu Koko|Hidden Power|p1a: Hippowdon\n|-supereffective|p1a: Hippowdon\n|-damage|p1a: Hippowdon|54\/100\n|\n|-weather|Sandstorm|[upkeep]\n|-damage|p2a: Tapu Koko|79\/100|[from] Sandstorm\n|-heal|p1a: Hippowdon|60\/100|[from] item: Leftovers\n|upkeep\n|turn|26\n|\n|t:|1656869163\n|switch|p2a: Ferrothorn|Ferrothorn, F|97\/100\n|move|p1a: Hippowdon|Slack Off|p1a: Hippowdon\n|-heal|p1a: Hippowdon|100\/100\n|\n|-weather|Sandstorm|[upkeep]\n|upkeep\n|turn|27\n|\n|t:|1656869175\n|switch|p1a: Tornadus|Tornadus-Therian, M|59\/100\n|-damage|p1a: Tornadus|34\/100|[from] Stealth Rock\n|move|p2a: Ferrothorn|Leech Seed|p1a: Tornadus\n|-start|p1a: Tornadus|move: Leech Seed\n|\n|-weather|Sandstorm|[upkeep]\n|-damage|p1a: Tornadus|28\/100|[from] Sandstorm\n|-damage|p1a: Tornadus|15\/100|[from] Leech Seed|[of] p2a: Ferrothorn\n|-heal|p2a: Ferrothorn|100\/100|[silent]\n|upkeep\n|turn|28\n|\n|t:|1656869185\n|move|p1a: Tornadus|Defog|p2a: Ferrothorn\n|-unboost|p2a: Ferrothorn|evasion|1\n|-sideend|p1: rooopos|Spikes|[from] move: Defog|[of] p1a: Tornadus\n|-sideend|p1: rooopos|Stealth Rock|[from] move: Defog|[of] p1a: Tornadus\n|move|p2a: Ferrothorn|Spikes|p1a: Tornadus\n|-sidestart|p1: rooopos|Spikes\n|\n|-weather|Sandstorm|[upkeep]\n|-damage|p1a: Tornadus|9\/100|[from] Sandstorm\n|-damage|p1a: Tornadus|0 fnt|[from] Leech Seed|[of] p2a: Ferrothorn\n|faint|p1a: Tornadus\n|upkeep\n|\n|t:|1656869188\n|switch|p1a: Celesteela|Celesteela|100\/100\n|turn|29\n|\n|t:|1656869204\n|switch|p1a: Garchomp|Garchomp-Mega, M|30\/100\n|-damage|p1a: Garchomp|17\/100|[from] Spikes\n|move|p2a: Ferrothorn|Leech Seed|p1a: Garchomp\n|-start|p1a: Garchomp|move: Leech Seed\n|\n|-weather|none\n|-damage|p1a: Garchomp|5\/100|[from] Leech Seed|[of] p2a: Ferrothorn\n|-fieldend|move: Electric Terrain\n|upkeep\n|turn|30\n|\n|t:|1656869216\n|switch|p2a: Tapu Koko|Tapu Koko|79\/100\n|-fieldstart|move: Electric Terrain|[from] ability: Electric Surge|[of] p2a: Tapu Koko\n|move|p1a: Garchomp|Draco Meteor|p2a: Tapu Koko\n|-immune|p2a: Tapu Koko\n|\n|-damage|p1a: Garchomp|0 fnt|[from] Leech Seed|[of] p2a: Tapu Koko\n|-heal|p2a: Tapu Koko|84\/100|[silent]\n|faint|p1a: Garchomp\n|upkeep\n|\n|t:|1656869219\n|switch|p1a: Hippowdon|Hippowdon, F|100\/100\n|-damage|p1a: Hippowdon|88\/100|[from] Spikes\n|-weather|Sandstorm|[from] ability: Sand Stream|[of] p1a: Hippowdon\n|turn|31\n|\n|t:|1656869224\n|switch|p2a: Ferrothorn|Ferrothorn, F|100\/100\n|move|p1a: Hippowdon|Stealth Rock|p2a: Ferrothorn\n|-sidestart|p2: Jfsosa10|move: Stealth Rock\n|\n|-weather|Sandstorm|[upkeep]\n|-heal|p1a: Hippowdon|94\/100|[from] item: Leftovers\n|upkeep\n|turn|32\n|\n|t:|1656869230\n|switch|p1a: Celesteela|Celesteela|100\/100\n|move|p2a: Ferrothorn|Leech Seed|p1a: Celesteela\n|-start|p1a: Celesteela|move: Leech Seed\n|\n|-weather|Sandstorm|[upkeep]\n|-damage|p1a: Celesteela|88\/100|[from] Leech Seed|[of] p2a: Ferrothorn\n|upkeep\n|turn|33\n|\n|t:|1656869234\n|move|p1a: Celesteela|Flamethrower|p2a: Ferrothorn\n|-supereffective|p2a: Ferrothorn\n|-damage|p2a: Ferrothorn|47\/100\n|move|p2a: Ferrothorn|Spikes|p1a: Celesteela\n|-sidestart|p1: rooopos|Spikes\n|\n|-weather|Sandstorm|[upkeep]\n|-heal|p1a: Celesteela|94\/100|[from] item: Leftovers\n|-damage|p1a: Celesteela|82\/100|[from] Leech Seed|[of] p2a: Ferrothorn\n|-heal|p2a: Ferrothorn|61\/100|[silent]\n|upkeep\n|turn|34\n|\n|t:|1656869238\n|switch|p2a: Toxapex|Toxapex, M|100\/100\n|-damage|p2a: Toxapex|88\/100|[from] Stealth Rock\n|move|p1a: Celesteela|Flamethrower|p2a: Toxapex\n|-resisted|p2a: Toxapex\n|-damage|p2a: Toxapex|81\/100\n|\n|-weather|Sandstorm|[upkeep]\n|-damage|p2a: Toxapex|75\/100|[from] Sandstorm\n|-heal|p1a: Celesteela|88\/100|[from] item: Leftovers\n|-heal|p2a: Toxapex|81\/100|[from] item: Black Sludge\n|-damage|p1a: Celesteela|76\/100|[from] Leech Seed|[of] p2a: Toxapex\n|-heal|p2a: Toxapex|97\/100|[silent]\n|-fieldend|move: Electric Terrain\n|upkeep\n|turn|35\n|\n|t:|1656869243\n|switch|p1a: Hippowdon|Hippowdon, F|94\/100\n|-damage|p1a: Hippowdon|78\/100|[from] Spikes\n|move|p2a: Toxapex|Toxic Spikes|p1a: Hippowdon\n|-sidestart|p1: rooopos|move: Toxic Spikes\n|\n|-weather|none\n|-heal|p1a: Hippowdon|84\/100|[from] item: Leftovers\n|-heal|p2a: Toxapex|100\/100|[from] item: Black Sludge\n|upkeep\n|turn|36\n|\n|t:|1656869246\n|move|p1a: Hippowdon|Earthquake|p2a: Toxapex\n|-supereffective|p2a: Toxapex\n|-damage|p2a: Toxapex|47\/100\n|move|p2a: Toxapex|Scald|p1a: Hippowdon\n|-supereffective|p1a: Hippowdon\n|-damage|p1a: Hippowdon|54\/100\n|-status|p1a: Hippowdon|brn\n|\n|-heal|p1a: Hippowdon|60\/100 brn|[from] item: Leftovers\n|-heal|p2a: Toxapex|53\/100|[from] item: Black Sludge\n|-damage|p1a: Hippowdon|54\/100 brn|[from] brn\n|upkeep\n|turn|37\n|\n|t:|1656869250\n|switch|p2a: Latias|Latias, F|100\/100\n|-damage|p2a: Latias|88\/100|[from] Stealth Rock\n|move|p1a: Hippowdon|Earthquake|p2a: Latias\n|-immune|p2a: Latias|[from] ability: Levitate\n|\n|-heal|p1a: Hippowdon|60\/100 brn|[from] item: Leftovers\n|-damage|p1a: Hippowdon|54\/100 brn|[from] brn\n|upkeep\n|turn|38\n|\n|t:|1656869259\n|switch|p1a: Celesteela|Celesteela|76\/100\n|detailschange|p2a: Latias|Latias-Mega, F\n|-mega|p2a: Latias|Latias|Latiasite\n|move|p2a: Latias|Calm Mind|p2a: Latias\n|-boost|p2a: Latias|spa|1\n|-boost|p2a: Latias|spd|1\n|\n|-heal|p1a: Celesteela|82\/100|[from] item: Leftovers\n|upkeep\n|turn|39\n|\n|t:|1656869265\n|move|p2a: Latias|Reflect Type|p1a: Celesteela\n|-start|p2a: Latias|typechange|[from] move: Reflect Type|[of] p1a: Celesteela\n|move|p1a: Celesteela|Heavy Slam|p2a: Latias\n|-resisted|p2a: Latias\n|-damage|p2a: Latias|74\/100\n|\n|-heal|p1a: Celesteela|88\/100|[from] item: Leftovers\n|upkeep\n|turn|40\n|\n|t:|1656869292\n|move|p2a: Latias|Calm Mind|p2a: Latias\n|-boost|p2a: Latias|spa|1\n|-boost|p2a: Latias|spd|1\n|move|p1a: Celesteela|Leech Seed|p2a: Latias\n|-start|p2a: Latias|move: Leech Seed\n|\n|-heal|p1a: Celesteela|94\/100|[from] item: Leftovers\n|-damage|p2a: Latias|62\/100|[from] Leech Seed|[of] p1a: Celesteela\n|-heal|p1a: Celesteela|100\/100|[silent]\n|upkeep\n|turn|41\n|\n|t:|1656869296\n|move|p2a: Latias|Roost|p2a: Latias\n|-heal|p2a: Latias|100\/100\n|-singleturn|p2a: Latias|move: Roost\n|move|p1a: Celesteela|Flamethrower|p2a: Latias\n|-supereffective|p2a: Latias\n|-damage|p2a: Latias|87\/100\n|-status|p2a: Latias|brn\n|\n|-damage|p2a: Latias|74\/100 brn|[from] Leech Seed|[of] p1a: Celesteela\n|-damage|p2a: Latias|68\/100 brn|[from] brn\n|upkeep\n|turn|42\n|\n|t:|1656869318\n|move|p2a: Latias|Stored Power|p1a: Celesteela\n|-resisted|p1a: Celesteela\n|-damage|p1a: Celesteela|81\/100\n|move|p1a: Celesteela|Flamethrower|p2a: Latias\n|-supereffective|p2a: Latias\n|-damage|p2a: Latias|55\/100 brn\n|\n|-heal|p1a: Celesteela|87\/100|[from] item: Leftovers\n|-damage|p2a: Latias|42\/100 brn|[from] Leech Seed|[of] p1a: Celesteela\n|-heal|p1a: Celesteela|97\/100|[silent]\n|-damage|p2a: Latias|36\/100 brn|[from] brn\n|upkeep\n|turn|43\n|\n|t:|1656869325\n|switch|p2a: Tapu Koko|Tapu Koko|84\/100\n|-damage|p2a: Tapu Koko|72\/100|[from] Stealth Rock\n|-fieldstart|move: Electric Terrain|[from] ability: Electric Surge|[of] p2a: Tapu Koko\n|move|p1a: Celesteela|Flamethrower|p2a: Tapu Koko\n|-damage|p2a: Tapu Koko|40\/100\n|\n|-heal|p1a: Celesteela|100\/100|[from] item: Leftovers\n|upkeep\n|turn|44\n|\n|t:|1656869329\n|move|p1a: Celesteela|Protect|p1a: Celesteela\n|-singleturn|p1a: Celesteela|Protect\n|move|p2a: Tapu Koko|Roost|p2a: Tapu Koko\n|-heal|p2a: Tapu Koko|90\/100\n|-singleturn|p2a: Tapu Koko|move: Roost\n|\n|upkeep\n|turn|45\n|\n|t:|1656869334\n|move|p2a: Tapu Koko|Thunderbolt|p1a: Celesteela\n|-supereffective|p1a: Celesteela\n|-damage|p1a: Celesteela|33\/100\n|-status|p1a: Celesteela|par\n|move|p1a: Celesteela|Heavy Slam|p2a: Tapu Koko\n|-damage|p2a: Tapu Koko|39\/100\n|\n|-heal|p1a: Celesteela|40\/100 par|[from] item: Leftovers\n|upkeep\n|turn|46\n|\n|t:|1656869337\n|switch|p1a: Hippowdon|Hippowdon, F|54\/100 brn\n|-damage|p1a: Hippowdon|37\/100 brn|[from] Spikes\n|-weather|Sandstorm|[from] ability: Sand Stream|[of] p1a: Hippowdon\n|move|p2a: Tapu Koko|Roost|p2a: Tapu Koko\n|-heal|p2a: Tapu Koko|89\/100\n|-singleturn|p2a: Tapu Koko|move: Roost\n|\n|-weather|Sandstorm|[upkeep]\n|-damage|p2a: Tapu Koko|83\/100|[from] Sandstorm\n|-heal|p1a: Hippowdon|43\/100 brn|[from] item: Leftovers\n|-damage|p1a: Hippowdon|37\/100 brn|[from] brn\n|upkeep\n|turn|47\n|\n|t:|1656869343\n|switch|p2a: Toxapex|Toxapex, M|86\/100\n|-damage|p2a: Toxapex|74\/100|[from] Stealth Rock\n|move|p1a: Hippowdon|Slack Off|p1a: Hippowdon\n|-heal|p1a: Hippowdon|87\/100 brn\n|\n|-weather|Sandstorm|[upkeep]\n|-damage|p2a: Toxapex|67\/100|[from] Sandstorm\n|-heal|p1a: Hippowdon|93\/100 brn|[from] item: Leftovers\n|-heal|p2a: Toxapex|74\/100|[from] item: Black Sludge\n|-damage|p1a: Hippowdon|87\/100 brn|[from] brn\n|-fieldend|move: Electric Terrain\n|upkeep\n|turn|48\n|\n|t:|1656869350\n|move|p1a: Hippowdon|Earthquake|p2a: Toxapex\n|-supereffective|p2a: Toxapex\n|-damage|p2a: Toxapex|43\/100\n|move|p2a: Toxapex|Recover|p2a: Toxapex\n|-heal|p2a: Toxapex|93\/100\n|\n|-weather|Sandstorm|[upkeep]\n|-damage|p2a: Toxapex|86\/100|[from] Sandstorm\n|-heal|p1a: Hippowdon|93\/100 brn|[from] item: Leftovers\n|-heal|p2a: Toxapex|93\/100|[from] item: Black Sludge\n|-damage|p1a: Hippowdon|87\/100 brn|[from] brn\n|upkeep\n|turn|49\n|\n|t:|1656869354\n|switch|p1a: Excadrill|Excadrill, M|100\/100\n|-damage|p1a: Excadrill|84\/100|[from] Spikes\n|move|p2a: Toxapex|Scald|p1a: Excadrill\n|-supereffective|p1a: Excadrill\n|-damage|p1a: Excadrill|36\/100\n|\n|-weather|Sandstorm|[upkeep]\n|-damage|p2a: Toxapex|86\/100|[from] Sandstorm\n|-heal|p2a: Toxapex|93\/100|[from] item: Black Sludge\n|upkeep\n|turn|50\n|\n|t:|1656869362\n|move|p1a: Excadrill|Swords Dance|p1a: Excadrill\n|-boost|p1a: Excadrill|atk|2\n|move|p2a: Toxapex|Scald|p1a: Excadrill\n|-supereffective|p1a: Excadrill\n|-damage|p1a: Excadrill|0 fnt\n|faint|p1a: Excadrill\n|\n|-weather|none\n|-heal|p2a: Toxapex|99\/100|[from] item: Black Sludge\n|upkeep\n|-message|rooopos forfeited.\n|\n|win|Jfsosa10\n|raw|rooopos's rating: 1542 &rarr; <strong>1524<\/strong><br \/>(-18 for losing)\n|raw|Jfsosa10's rating: 1575 &rarr; <strong>1593<\/strong><br \/>(+18 for winning)\n|l|\u2606rooopos\n","uploadtime":1656869368,"views":9,"p1id":"rooopos","p2id":"jfsosa10","formatid":"gen7ou","rating":1524,"private":0,"password":null}