{"id":"gen7ou-776054692","p1":"Ohmboy Tesla","p2":"Falsegod930","format":"gen7ou","log":"|j|\u2606Ohmboy Tesla\n|j|\u2606Falsegod930\n|player|p1|Ohmboy Tesla|136\n|player|p2|Falsegod930|153\n|teamsize|p1|6\n|teamsize|p2|6\n|gametype|singles\n|gen|7\n|tier|[Gen 7] OU\n|rated|\n|rule|Sleep Clause Mod: Limit one foe put to sleep\n|rule|Species Clause: Limit one of each Pok\u00e9mon\n|rule|OHKO Clause: OHKO moves are banned\n|rule|Moody Clause: Moody is banned\n|rule|Evasion Moves Clause: Evasion moves are banned\n|rule|Endless Battle Clause: Forcing endless battles is banned\n|rule|HP Percentage Mod: HP is shown in percentages\n|clearpoke\n|poke|p1|Diancie|item\n|poke|p1|Volcarona, M|item\n|poke|p1|Rotom-Wash|item\n|poke|p1|Tapu Bulu|item\n|poke|p1|Landorus-Therian, M|item\n|poke|p1|Toxapex, M|item\n|poke|p2|Ninetales-Alola, F|item\n|poke|p2|Zygarde|item\n|poke|p2|Manaphy|item\n|poke|p2|Landorus-Therian, M|item\n|poke|p2|Bisharp, M|item\n|poke|p2|Alakazam, M|item\n|teampreview\n|inactive|Battle timer is ON: inactive players will automatically lose when time's up. (requested by Falsegod930)\n|\n|start\n|switch|p1a: Carbink-EX|Diancie|100\/100\n|switch|p2a: Landorus|Landorus-Therian, M|100\/100\n|-ability|p2a: Landorus|Intimidate|boost\n|-fail|p1a: Carbink-EX|unboost|[from] ability: Clear Body|[of] p1a: Carbink-EX\n|turn|1\n|\n|switch|p1a: scRotom-Wash|Rotom-Wash|100\/100\n|move|p2a: Landorus|Earthquake|p1a: scRotom-Wash\n|-immune|p1a: scRotom-Wash|[msg]|[from] ability: Levitate\n|\n|upkeep\n|turn|2\n|\n|move|p2a: Landorus|Stealth Rock|p1a: scRotom-Wash\n|-sidestart|p1: Ohmboy Tesla|move: Stealth Rock\n|move|p1a: scRotom-Wash|Will-O-Wisp|p2a: Landorus|[miss]\n|-miss|p1a: scRotom-Wash|p2a: Landorus\n|\n|upkeep\n|turn|3\n|\n|switch|p1a: Flooffy Paws|Landorus-Therian, M|100\/100\n|-damage|p1a: Flooffy Paws|88\/100|[from] Stealth Rock\n|-ability|p1a: Flooffy Paws|Intimidate|boost\n|-unboost|p2a: Landorus|atk|1\n|move|p2a: Landorus|Explosion|p1a: Flooffy Paws\n|-damage|p1a: Flooffy Paws|41\/100\n|faint|p2a: Landorus\n|\n|-heal|p1a: Flooffy Paws|47\/100|[from] item: Leftovers\n|upkeep\n|\n|switch|p2a: Ninetales|Ninetales-Alola, F|100\/100\n|-weather|Hail|[from] ability: Snow Warning|[of] p2a: Ninetales\n|turn|4\n|\n|switch|p1a: Boy Fort|Toxapex, M|100\/100\n|-damage|p1a: Boy Fort|88\/100|[from] Stealth Rock\n|move|p2a: Ninetales|Freeze-Dry|p1a: Boy Fort\n|-supereffective|p1a: Boy Fort\n|-damage|p1a: Boy Fort|62\/100\n|\n|-weather|Hail|[upkeep]\n|-damage|p1a: Boy Fort|55\/100|[from] Hail\n|-heal|p1a: Boy Fort|62\/100|[from] item: Black Sludge\n|upkeep\n|turn|5\n|\n|move|p2a: Ninetales|Aurora Veil|p2a: Ninetales\n|-sidestart|p2: Falsegod930|move: Aurora Veil\n|move|p1a: Boy Fort|Toxic Spikes|p2a: Ninetales\n|-sidestart|p2: Falsegod930|move: Toxic Spikes\n|\n|-weather|Hail|[upkeep]\n|-damage|p1a: Boy Fort|55\/100|[from] Hail\n|-heal|p1a: Boy Fort|62\/100|[from] item: Black Sludge\n|upkeep\n|turn|6\n|\n|switch|p2a: Alakazam|Alakazam, M|100\/100\n|-status|p2a: Alakazam|psn\n|move|p1a: Boy Fort|Recover|p1a: Boy Fort\n|-heal|p1a: Boy Fort|100\/100\n|\n|-weather|Hail|[upkeep]\n|-damage|p1a: Boy Fort|94\/100|[from] Hail\n|-heal|p1a: Boy Fort|100\/100|[from] item: Black Sludge\n|upkeep\n|turn|7\n|\n|switch|p1a: Top Bull|Tapu Bulu|100\/100\n|-damage|p1a: Top Bull|88\/100|[from] Stealth Rock\n|-fieldstart|move: Grassy Terrain|[from] ability: Grassy Surge|[of] p1a: Top Bull\n|move|p2a: Alakazam|Calm Mind|p2a: Alakazam\n|-boost|p2a: Alakazam|spa|1\n|-boost|p2a: Alakazam|spd|1\n|\n|-weather|Hail|[upkeep]\n|-damage|p1a: Top Bull|82\/100|[from] Hail\n|-heal|p1a: Top Bull|88\/100|[from] item: Leftovers\n|-heal|p1a: Top Bull|94\/100|[from] Grassy Terrain\n|upkeep\n|turn|8\n|\n|move|p2a: Alakazam|Calm Mind|p2a: Alakazam\n|-boost|p2a: Alakazam|spa|1\n|-boost|p2a: Alakazam|spd|1\n|move|p1a: Top Bull|Horn Leech|p2a: Alakazam\n|-damage|p2a: Alakazam|36\/100 psn\n|-heal|p1a: Top Bull|100\/100|[from] drain|[of] p2a: Alakazam\n|\n|-weather|none\n|-heal|p2a: Alakazam|42\/100 psn|[from] Grassy Terrain\n|upkeep\n|turn|9\n|\n|detailschange|p2a: Alakazam|Alakazam-Mega, M\n|-mega|p2a: Alakazam|Alakazam|Alakazite\n|-ability|p2a: Alakazam|Grassy Surge|[from] ability: Trace|[of] p1a: Top Bull\n|move|p2a: Alakazam|Psychic|p1a: Top Bull\n|-damage|p1a: Top Bull|7\/100\n|-unboost|p1a: Top Bull|spd|1\n|move|p1a: Top Bull|Horn Leech|p2a: Alakazam\n|-damage|p2a: Alakazam|0 fnt\n|-heal|p1a: Top Bull|22\/100|[from] drain|[of] p2a: Alakazam\n|faint|p2a: Alakazam\n|\n|-heal|p1a: Top Bull|28\/100|[from] item: Leftovers\n|-heal|p1a: Top Bull|35\/100|[from] Grassy Terrain\n|upkeep\n|inactive|Falsegod930 has 135 seconds left.\n|\n|switch|p2a: Bisharp|Bisharp, M|100\/100\n|turn|10\n|\n|switch|p1a: scRotom-Wash|Rotom-Wash|100\/100\n|-damage|p1a: scRotom-Wash|88\/100|[from] Stealth Rock\n|move|p2a: Bisharp|Swords Dance|p2a: Bisharp\n|-boost|p2a: Bisharp|atk|2\n|\n|-heal|p1a: scRotom-Wash|94\/100|[from] item: Leftovers\n|upkeep\n|turn|11\n|\n|move|p2a: Bisharp|Knock Off|p1a: scRotom-Wash\n|-damage|p1a: scRotom-Wash|0 fnt\n|-enditem|p1a: scRotom-Wash|Leftovers|[from] move: Knock Off|[of] p2a: Bisharp\n|faint|p1a: scRotom-Wash\n|\n|-fieldend|move: Grassy Terrain\n|upkeep\n|\n|switch|p1a: Carbink-EX|Diancie|100\/100\n|-damage|p1a: Carbink-EX|88\/100|[from] Stealth Rock\n|turn|12\n|\n|detailschange|p1a: Carbink-EX|Diancie-Mega\n|-mega|p1a: Carbink-EX|Diancie|Diancite\n|move|p1a: Carbink-EX|Earth Power|p2a: Bisharp\n|-supereffective|p2a: Bisharp\n|-damage|p2a: Bisharp|38\/100\n|move|p2a: Bisharp|Rock Polish|p2a: Bisharp\n|-boost|p2a: Bisharp|spe|2\n|\n|-sideend|p2: Falsegod930|move: Aurora Veil\n|upkeep\n|turn|13\n|inactive|Ohmboy Tesla has 135 seconds left.\n|\n|switch|p1a: Atlas|Volcarona, M|100\/100\n|-damage|p1a: Atlas|51\/100|[from] Stealth Rock\n|move|p2a: Bisharp|Iron Head|p1a: Atlas\n|-resisted|p1a: Atlas\n|-damage|p1a: Atlas|0 fnt\n|faint|p1a: Atlas\n|\n|upkeep\n|\n|switch|p1a: Boy Fort|Toxapex, M|100\/100\n|-damage|p1a: Boy Fort|88\/100|[from] Stealth Rock\n|turn|14\n|\n|move|p2a: Bisharp|Knock Off|p1a: Boy Fort\n|-damage|p1a: Boy Fort|0 fnt\n|-enditem|p1a: Boy Fort|Black Sludge|[from] move: Knock Off|[of] p2a: Bisharp\n|faint|p1a: Boy Fort\n|\n|upkeep\n|\n|switch|p1a: Carbink-EX|Diancie-Mega|88\/100\n|-damage|p1a: Carbink-EX|76\/100|[from] Stealth Rock\n|turn|15\n|\n|move|p2a: Bisharp|Iron Head|p1a: Carbink-EX\n|-supereffective|p1a: Carbink-EX\n|-damage|p1a: Carbink-EX|0 fnt\n|faint|p1a: Carbink-EX\n|\n|upkeep\n|\n|switch|p1a: Flooffy Paws|Landorus-Therian, M|47\/100\n|-damage|p1a: Flooffy Paws|35\/100|[from] Stealth Rock\n|-ability|p1a: Flooffy Paws|Intimidate|boost\n|-unboost|p2a: Bisharp|atk|1\n|-ability|p2a: Bisharp|Defiant|boost\n|-boost|p2a: Bisharp|atk|2\n|turn|16\n|\n|move|p2a: Bisharp|Knock Off|p1a: Flooffy Paws\n|-damage|p1a: Flooffy Paws|0 fnt\n|-enditem|p1a: Flooffy Paws|Leftovers|[from] move: Knock Off|[of] p2a: Bisharp\n|faint|p1a: Flooffy Paws\n|\n|upkeep\n|\n|switch|p1a: Top Bull|Tapu Bulu|35\/100\n|-damage|p1a: Top Bull|22\/100|[from] Stealth Rock\n|-fieldstart|move: Grassy Terrain|[from] ability: Grassy Surge|[of] p1a: Top Bull\n|turn|17\n|inactive|Falsegod930 has 135 seconds left.\n|c|\u2606Falsegod930|Gg easy\n|\n|move|p2a: Bisharp|Knock Off|p1a: Top Bull\n|-resisted|p1a: Top Bull\n|-damage|p1a: Top Bull|0 fnt\n|-enditem|p1a: Top Bull|Leftovers|[from] move: Knock Off|[of] p2a: Bisharp\n|faint|p1a: Top Bull\n|\n|win|Falsegod930\n|c|\u2606Ohmboy Tesla|wp with that rock polish bish\n|raw|Ohmboy Tesla's rating: 1609 &rarr; <strong>1587<\/strong><br \/>(-22 for losing)\n|raw|Falsegod930's rating: 1564 &rarr; <strong>1587<\/strong><br \/>(+23 for winning)\n|c|\u2606Ohmboy Tesla|but you don't have to be a dick about it\n|c|\u2606Falsegod930|I was jk\n","inputlog":null,"uploadtime":1531647368,"views":4,"p1id":"ohmboytesla","p2id":"falsegod930","formatid":"gen7ou","rating":1587,"private":0,"password":null}