{"id":"gen7ou-999592349","p1":"Scorbunnysquad2002","p2":"Del chef","format":"gen7ou","log":"|j|\u2606Scorbunnysquad2002\n|j|\u2606Del chef\n|player|p1|Scorbunnysquad2002|rocketgrunt|1309\n|player|p2|Del chef|266|1358\n|teamsize|p1|6\n|teamsize|p2|6\n|gametype|singles\n|gen|7\n|tier|[Gen 7] OU\n|rated|\n|rule|Sleep Clause Mod: Limit one foe put to sleep\n|rule|Species Clause: Limit one of each Pok\u00e9mon\n|rule|OHKO Clause: OHKO moves are banned\n|rule|Moody Clause: Moody is banned\n|rule|Evasion Moves Clause: Evasion moves are banned\n|rule|Endless Battle Clause: Forcing endless battles is banned\n|rule|HP Percentage Mod: HP is shown in percentages\n|clearpoke\n|poke|p1|Gliscor, F|item\n|poke|p1|Serperior, F|item\n|poke|p1|Volcarona, F|item\n|poke|p1|Kommo-o, M|item\n|poke|p1|Skarmory, M|item\n|poke|p1|Mawile, F|item\n|poke|p2|Sharpedo, M|item\n|poke|p2|Goodra, F|item\n|poke|p2|Venusaur, M|item\n|poke|p2|Tornadus-Therian, M|item\n|poke|p2|Heatran, F|item\n|poke|p2|Azumarill, M|item\n|teampreview\n|\n|start\n|switch|p1a: Skarmory|Skarmory, M|100\/100\n|switch|p2a: Tornadus|Tornadus-Therian, M|100\/100\n|turn|1\n|\n|move|p2a: Tornadus|Heat Wave|p1a: Skarmory|[miss]\n|-miss|p2a: Tornadus|p1a: Skarmory\n|move|p1a: Skarmory|Stealth Rock|p2a: Tornadus\n|-sidestart|p2: Del chef|move: Stealth Rock\n|\n|upkeep\n|turn|2\n|\n|move|p2a: Tornadus|Heat Wave|p1a: Skarmory\n|-supereffective|p1a: Skarmory\n|-damage|p1a: Skarmory|24\/100\n|-enditem|p1a: Skarmory|Figy Berry|[eat]\n|-heal|p1a: Skarmory|74\/100|[from] item: Figy Berry\n|move|p1a: Skarmory|Roar|p2a: Tornadus\n|drag|p2a: Venusaur|Venusaur, M|100\/100\n|-damage|p2a: Venusaur|88\/100|[from] Stealth Rock\n|\n|upkeep\n|turn|3\n|\n|detailschange|p2a: Venusaur|Venusaur-Mega, M\n|-mega|p2a: Venusaur|Venusaur|Venusaurite\n|move|p2a: Venusaur|Leech Seed|p1a: Skarmory\n|-start|p1a: Skarmory|move: Leech Seed\n|move|p1a: Skarmory|Iron Head|p2a: Venusaur\n|-damage|p2a: Venusaur|71\/100\n|\n|-damage|p1a: Skarmory|62\/100|[from] Leech Seed|[of] p2a: Venusaur\n|-heal|p2a: Venusaur|85\/100|[silent]\n|upkeep\n|turn|4\n|\n|switch|p2a: Heatran|Heatran, F|100\/100\n|-damage|p2a: Heatran|88\/100|[from] Stealth Rock\n|switch|p1a: Volcarona|Volcarona, F|100\/100\n|\n|upkeep\n|turn|5\n|\n|switch|p1a: Gliscor|Gliscor, F|100\/100\n|move|p2a: Heatran|Magma Storm|p1a: Gliscor|[miss]\n|-miss|p2a: Heatran|p1a: Gliscor\n|\n|-status|p1a: Gliscor|tox|[from] item: Toxic Orb\n|upkeep\n|turn|6\n|\n|switch|p2a: Sharpedo|Sharpedo, M|100\/100\n|-damage|p2a: Sharpedo|88\/100|[from] Stealth Rock\n|move|p1a: Gliscor|Swords Dance|p1a: Gliscor\n|-boost|p1a: Gliscor|atk|2\n|\n|upkeep\n|turn|7\n|\n|move|p2a: Sharpedo|Protect|p2a: Sharpedo\n|-singleturn|p2a: Sharpedo|Protect\n|move|p1a: Gliscor|Sky Uppercut|p2a: Sharpedo\n|-activate|p2a: Sharpedo|move: Protect\n|\n|-ability|p2a: Sharpedo|Speed Boost|boost\n|-boost|p2a: Sharpedo|spe|1\n|upkeep\n|turn|8\n|\n|move|p2a: Sharpedo|Destiny Bond|p2a: Sharpedo\n|-singlemove|p2a: Sharpedo|Destiny Bond\n|move|p1a: Gliscor|Sky Uppercut|p2a: Sharpedo\n|-supereffective|p2a: Sharpedo\n|-damage|p2a: Sharpedo|0 fnt\n|faint|p2a: Sharpedo\n|-activate|p2a: Sharpedo|move: Destiny Bond\n|faint|p1a: Gliscor\n|\n|upkeep\n|\n|switch|p1a: Serperior|Serperior, F|100\/100\n|switch|p2a: Azumarill|Azumarill, M|100\/100\n|-damage|p2a: Azumarill|88\/100|[from] Stealth Rock\n|turn|9\n|\n|switch|p2a: Goodra|Goodra, F|100\/100\n|-damage|p2a: Goodra|88\/100|[from] Stealth Rock\n|move|p1a: Serperior|Leaf Storm|p2a: Goodra\n|-ability|p2a: Goodra|Sap Sipper|boost\n|-boost|p2a: Goodra|atk|1\n|\n|upkeep\n|turn|10\n|\n|move|p1a: Serperior|Dragon Pulse|p2a: Goodra\n|-supereffective|p2a: Goodra\n|-damage|p2a: Goodra|70\/100\n|move|p2a: Goodra|Fire Punch|p1a: Serperior\n|-supereffective|p1a: Serperior\n|-damage|p1a: Serperior|9\/100\n|\n|-heal|p1a: Serperior|15\/100|[from] item: Leftovers\n|upkeep\n|turn|11\n|\n|move|p1a: Serperior|Toxic|p2a: Goodra\n|-status|p2a: Goodra|tox\n|move|p2a: Goodra|Ice Beam|p1a: Serperior\n|-supereffective|p1a: Serperior\n|-damage|p1a: Serperior|0 fnt\n|faint|p1a: Serperior\n|\n|-damage|p2a: Goodra|64\/100 tox|[from] psn\n|upkeep\n|\n|switch|p1a: Skarmory|Skarmory, M|62\/100\n|turn|12\n|\n|move|p2a: Goodra|Fire Punch|p1a: Skarmory\n|-supereffective|p1a: Skarmory\n|-damage|p1a: Skarmory|20\/100\n|move|p1a: Skarmory|Iron Head|p2a: Goodra\n|-damage|p2a: Goodra|32\/100 tox\n|\n|-damage|p2a: Goodra|20\/100 tox|[from] psn\n|upkeep\n|turn|13\n|\n|move|p2a: Goodra|Fire Punch|p1a: Skarmory\n|-supereffective|p1a: Skarmory\n|-damage|p1a: Skarmory|0 fnt\n|faint|p1a: Skarmory\n|\n|-damage|p2a: Goodra|2\/100 tox|[from] psn\n|upkeep\n|\n|switch|p1a: Mawile|Mawile, F|100\/100\n|-ability|p1a: Mawile|Intimidate|boost\n|-unboost|p2a: Goodra|atk|1\n|turn|14\n|\n|detailschange|p1a: Mawile|Mawile-Mega, F\n|-mega|p1a: Mawile|Mawile|Mawilite\n|move|p2a: Goodra|Fire Punch|p1a: Mawile\n|-supereffective|p1a: Mawile\n|-crit|p1a: Mawile\n|-damage|p1a: Mawile|32\/100\n|move|p1a: Mawile|Swords Dance|p1a: Mawile\n|-boost|p1a: Mawile|atk|2\n|\n|-damage|p2a: Goodra|0 fnt|[from] psn\n|faint|p2a: Goodra\n|upkeep\n|\n|switch|p2a: Heatran|Heatran, F|88\/100\n|-damage|p2a: Heatran|76\/100|[from] Stealth Rock\n|turn|15\n|\n|move|p1a: Mawile|Sucker Punch|p2a: Heatran\n|-damage|p2a: Heatran|0 fnt\n|faint|p2a: Heatran\n|\n|upkeep\n|\n|switch|p2a: Azumarill|Azumarill, M|88\/100\n|-damage|p2a: Azumarill|76\/100|[from] Stealth Rock\n|turn|16\n|\n|move|p1a: Mawile|Sucker Punch|p2a: Azumarill\n|-resisted|p2a: Azumarill\n|-damage|p2a: Azumarill|32\/100\n|-enditem|p2a: Azumarill|Sitrus Berry|[eat]\n|-heal|p2a: Azumarill|57\/100|[from] item: Sitrus Berry\n|move|p2a: Azumarill|Liquidation|p1a: Mawile\n|-damage|p1a: Mawile|0 fnt\n|faint|p1a: Mawile\n|\n|upkeep\n|\n|switch|p1a: Kommo-o|Kommo-o, M|100\/100\n|turn|17\n|\n|move|p1a: Kommo-o|Flash Cannon|p2a: Azumarill\n|-damage|p2a: Azumarill|37\/100\n|move|p2a: Azumarill|Belly Drum||[still]\n|-fail|p2a: Azumarill\n|\n|upkeep\n|turn|18\n|\n|move|p1a: Kommo-o|Flash Cannon|p2a: Azumarill\n|-damage|p2a: Azumarill|20\/100\n|move|p2a: Azumarill|Play Rough|p1a: Kommo-o\n|-supereffective|p1a: Kommo-o\n|-damage|p1a: Kommo-o|0 fnt\n|faint|p1a: Kommo-o\n|\n|upkeep\n|\n|switch|p1a: Volcarona|Volcarona, F|100\/100\n|turn|19\n|\n|move|p1a: Volcarona|Giga Drain|p2a: Azumarill\n|-supereffective|p2a: Azumarill\n|-damage|p2a: Azumarill|0 fnt\n|faint|p2a: Azumarill\n|\n|upkeep\n|\n|switch|p2a: Tornadus|Tornadus-Therian, M|100\/100\n|-damage|p2a: Tornadus|76\/100|[from] Stealth Rock\n|turn|20\n|\n|move|p2a: Tornadus|Hurricane|p1a: Volcarona\n|-supereffective|p1a: Volcarona\n|-damage|p1a: Volcarona|2\/100\n|move|p1a: Volcarona|Quiver Dance|p1a: Volcarona\n|-boost|p1a: Volcarona|spa|1\n|-boost|p1a: Volcarona|spd|1\n|-boost|p1a: Volcarona|spe|1\n|\n|upkeep\n|turn|21\n|\n|move|p1a: Volcarona|Flamethrower|p2a: Tornadus\n|-damage|p2a: Tornadus|0 fnt\n|faint|p2a: Tornadus\n|\n|upkeep\n|\n|switch|p2a: Venusaur|Venusaur-Mega, M|85\/100\n|-damage|p2a: Venusaur|73\/100|[from] Stealth Rock\n|turn|22\n|\n|move|p1a: Volcarona|Flamethrower|p2a: Venusaur\n|-supereffective|p2a: Venusaur\n|-damage|p2a: Venusaur|0 fnt\n|faint|p2a: Venusaur\n|\n|win|Scorbunnysquad2002\n|l|\u2606Del chef\n","uploadtime":1572203060,"views":9,"p1id":"scorbunnysquad2002","p2id":"delchef","formatid":"gen7ou","rating":0,"private":0,"password":null}