{"id":"gen7randombattle-1151901190","p1":"BigWes95","p2":"naruto0202","format":"gen7randombattle","log":"|j|\u2606BigWes95\n|j|\u2606naruto0202\n|player|p1|BigWes95|swimmer-gen4dp|1280\n|player|p2|naruto0202|wallace|1240\n|teamsize|p1|6\n|teamsize|p2|6\n|gametype|singles\n|gen|7\n|tier|[Gen 7] Random Battle\n|rated|\n|rule|Sleep Clause Mod: Limit one foe put to sleep\n|rule|HP Percentage Mod: HP is shown in percentages\n|\n|start\n|switch|p1a: Absol|Absol, L84, M|246\/246\n|switch|p2a: Kommo-o|Kommo-o, L80, F|251\/251\n|turn|1\n|inactive|Battle timer is ON: inactive players will automatically lose when time's up. (requested by BigWes95)\n|\n|switch|p1a: Golduck|Golduck, L88, M|284\/284\n|-ability|p1a: Golduck|Cloud Nine\n|move|p2a: Kommo-o|Close Combat|p1a: Golduck\n|-damage|p1a: Golduck|154\/284\n|-unboost|p2a: Kommo-o|def|1\n|-unboost|p2a: Kommo-o|spd|1\n|\n|-heal|p1a: Golduck|171\/284|[from] item: Leftovers\n|upkeep\n|turn|2\n|\n|switch|p2a: Exeggutor|Exeggutor, L88, F|310\/310\n|move|p1a: Golduck|Psyshock|p2a: Exeggutor\n|-resisted|p2a: Exeggutor\n|-damage|p2a: Exeggutor|281\/310\n|\n|-heal|p1a: Golduck|188\/284|[from] item: Leftovers\n|upkeep\n|turn|3\n|\n|switch|p1a: Absol|Absol, L84, M|246\/246\n|move|p2a: Exeggutor|Giga Drain|p1a: Absol\n|-damage|p1a: Absol|98\/246\n|-heal|p2a: Exeggutor|310\/310|[from] drain|[of] p1a: Absol\n|\n|upkeep\n|turn|4\n|\n|detailschange|p1a: Absol|Absol-Mega, L84, M\n|-mega|p1a: Absol|Absol|Absolite\n|move|p1a: Absol|Knock Off|p2a: Exeggutor\n|-supereffective|p2a: Exeggutor\n|-damage|p2a: Exeggutor|16\/310\n|-enditem|p2a: Exeggutor|Sitrus Berry|[from] move: Knock Off|[of] p1a: Absol\n|move|p2a: Exeggutor|Giga Drain|p1a: Absol\n|-damage|p1a: Absol|0 fnt\n|-heal|p2a: Exeggutor|65\/310|[from] drain|[of] p1a: Absol\n|faint|p1a: Absol\n|\n|upkeep\n|\n|switch|p1a: Tsareena|Tsareena, L84, F|258\/258\n|turn|5\n|\n|move|p1a: Tsareena|Knock Off|p2a: Exeggutor\n|-supereffective|p2a: Exeggutor\n|-damage|p2a: Exeggutor|0 fnt\n|faint|p2a: Exeggutor\n|\n|upkeep\n|\n|switch|p2a: Pyroar|Pyroar, L88, F|295\/295\n|-ability|p2a: Pyroar|Unnerve|p1: BigWes95\n|turn|6\n|\n|move|p2a: Pyroar|Hyper Voice|p1a: Tsareena\n|-damage|p1a: Tsareena|122\/258\n|-damage|p2a: Pyroar|266\/295|[from] item: Life Orb\n|move|p1a: Tsareena|Knock Off|p2a: Pyroar\n|-damage|p2a: Pyroar|173\/295\n|-enditem|p2a: Pyroar|Life Orb|[from] move: Knock Off|[of] p1a: Tsareena\n|\n|-heal|p1a: Tsareena|138\/258|[from] item: Leftovers\n|upkeep\n|turn|7\n|\n|move|p2a: Pyroar|Fire Blast|p1a: Tsareena\n|-supereffective|p1a: Tsareena\n|-damage|p1a: Tsareena|0 fnt\n|faint|p1a: Tsareena\n|\n|upkeep\n|\n|switch|p1a: Barbaracle|Barbaracle, L86, F|264\/264\n|turn|8\n|\n|move|p2a: Pyroar|Hyper Voice|p1a: Barbaracle\n|-resisted|p1a: Barbaracle\n|-damage|p1a: Barbaracle|202\/264\n|move|p1a: Barbaracle|Shell Smash|p1a: Barbaracle\n|-unboost|p1a: Barbaracle|def|1\n|-unboost|p1a: Barbaracle|spd|1\n|-boost|p1a: Barbaracle|atk|2\n|-boost|p1a: Barbaracle|spa|2\n|-boost|p1a: Barbaracle|spe|2\n|-enditem|p1a: Barbaracle|White Herb\n|-clearnegativeboost|p1a: Barbaracle|[silent]\n|\n|upkeep\n|turn|9\n|\n|move|p1a: Barbaracle|Shell Smash|p1a: Barbaracle\n|-unboost|p1a: Barbaracle|def|1\n|-unboost|p1a: Barbaracle|spd|1\n|-boost|p1a: Barbaracle|atk|2\n|-boost|p1a: Barbaracle|spa|2\n|-boost|p1a: Barbaracle|spe|2\n|move|p2a: Pyroar|Dark Pulse|p1a: Barbaracle\n|-damage|p1a: Barbaracle|94\/264\n|\n|upkeep\n|turn|10\n|\n|move|p1a: Barbaracle|Liquidation|p2a: Pyroar\n|-supereffective|p2a: Pyroar\n|-damage|p2a: Pyroar|0 fnt\n|faint|p2a: Pyroar\n|\n|upkeep\n|\n|switch|p2a: Eelektross|Eelektross, L88, F|293\/293\n|turn|11\n|\n|move|p1a: Barbaracle|Stone Edge|p2a: Eelektross|[miss]\n|-miss|p1a: Barbaracle|p2a: Eelektross\n|move|p2a: Eelektross|Giga Drain|p1a: Barbaracle\n|-supereffective|p1a: Barbaracle\n|-damage|p1a: Barbaracle|0 fnt\n|faint|p1a: Barbaracle\n|\n|upkeep\n|-message|BigWes95 forfeited.\n|\n|win|naruto0202\n|l|\u2606BigWes95\n","inputlog":">version b5ada89a740db5a07152b1e802f5728947d05a89\n>start {\"formatid\":\"gen7randombattle\",\"seed\":[10948,23078,17779,35408],\"rated\":\"Rated battle\"}\n>player p1 {\"name\":\"BigWes95\",\"avatar\":\"swimmer-gen4dp\",\"team\":\"\",\"rating\":1280,\"seed\":[27185,876,7411,7840]}\n>player p2 {\"name\":\"naruto0202\",\"avatar\":\"wallace\",\"team\":\"\",\"rating\":1240,\"seed\":[36882,25408,17398,56261]}\n>p1 switch 6\n>p2 move closecombat\n>p1 move psyshock\n>p2 switch 5\n>p1 switch 6\n>p2 move gigadrain\n>p1 move knockoff mega\n>p2 move gigadrain\n>p1 switch 3\n>p1 move knockoff\n>p2 move hiddenpower\n>p2 switch 2\n>p1 move knockoff\n>p2 move hypervoice\n>p1 move knockoff\n>p2 move fireblast\n>p1 switch 2\n>p1 move shellsmash\n>p2 move hypervoice\n>p1 move shellsmash\n>p2 move darkpulse\n>p1 move liquidation\n>p2 move darkpulse\n>p2 switch 3\n>p1 move stoneedge\n>p2 move gigadrain","uploadtime":1594855982,"views":1,"p1id":"bigwes95","p2id":"naruto0202","formatid":"gen7randombattle","rating":0,"private":0,"password":null}