{"id":"gen7ou-1613292164","p1":"SKIP THE DRIP","p2":"Adgio","format":"gen7ou","log":"|j|\u2606SKIP THE DRIP\n|j|\u2606Adgio\n|inactive|Battle timer is ON: inactive players will automatically lose when time's up.\n|t:|1657323691\n|gametype|singles\n|player|p1|SKIP THE DRIP|morty|\n|player|p2|Adgio|pokemonranger-gen4|\n|teamsize|p1|6\n|teamsize|p2|6\n|gen|7\n|tier|[Gen 7] OU\n|rated|Tournament battle\n|rule|Sleep Clause Mod: Limit one foe put to sleep\n|rule|Species Clause: Limit one of each Pok\u00e9mon\n|rule|OHKO Clause: OHKO moves are banned\n|rule|Moody Clause: Moody is banned\n|rule|Evasion Moves Clause: Evasion moves are banned\n|rule|Endless Battle Clause: Forcing endless battles is banned\n|rule|HP Percentage Mod: HP is shown in percentages\n|clearpoke\n|poke|p1|Heatran, F|item\n|poke|p1|Altaria, F|item\n|poke|p1|Tangrowth, M|item\n|poke|p1|Landorus-Therian, M|item\n|poke|p1|Greninja, M|item\n|poke|p1|Magearna|item\n|poke|p2|Scolipede, M|item\n|poke|p2|Goodra, F|item\n|poke|p2|Lopunny, F|item\n|poke|p2|Celesteela|item\n|poke|p2|Zeraora|item\n|poke|p2|Mimikyu, F|item\n|teampreview\n|j| GGeorgie\n|c|\u2606SKIP THE DRIP|how are u use that dog set\n|c| GGeorgie|how are u use that dog set\n|c|\u2606SKIP THE DRIP|how dare u\n|c|\u2606SKIP THE DRIP|F\n|inactive|Adgio has 120 seconds left.\n|inactive|Adgio also wants the timer to be on.\n|j| shxwk\n|c| GGeorgie|what is the best webs setter\n|c| GGeorgie|in the game\n|c|\u2606Adgio|gl\n|\n|t:|1657323750\n|start\n|switch|p1a: Heatran|Heatran, F|100\/100\n|switch|p2a: Scolipede|Scolipede, M|100\/100\n|turn|1\n|c|\u2606SKIP THE DRIP|aea\n|c|\u2606SKIP THE DRIP|ara\n|c|\u2606SKIP THE DRIP|or rimbo\n|\n|t:|1657323762\n|switch|p1a: Landorus|Landorus-Therian, M|100\/100\n|-ability|p1a: Landorus|Intimidate|boost\n|-unboost|p2a: Scolipede|atk|1\n|move|p2a: Scolipede|Toxic Spikes|p1a: Landorus\n|-sidestart|p1: SKIP THE DRIP|move: Toxic Spikes\n|\n|-ability|p2a: Scolipede|Speed Boost|boost\n|-boost|p2a: Scolipede|spe|1\n|upkeep\n|turn|2\n|c| GGeorgie|is A. Z water araq, B. Ribombee, or C. Slurpuff\n|j| Its paper\n|c| GGeorgie|oh yeah ig smeargle too\n|\n|t:|1657323773\n|move|p2a: Scolipede|Spikes|p1a: Landorus\n|-sidestart|p1: SKIP THE DRIP|Spikes\n|move|p1a: Landorus|U-turn|p2a: Scolipede\n|-resisted|p2a: Scolipede\n|-damage|p2a: Scolipede|85\/100\n|c| shxwk|araquinid is actually\n|\n|t:|1657323776\n|switch|p1a: Heatran|Heatran, F|100\/100|[from]move: U-turn\n|-damage|p1a: Heatran|88\/100|[from] Spikes\n|\n|-ability|p2a: Scolipede|Speed Boost|boost\n|-boost|p2a: Scolipede|spe|1\n|upkeep\n|turn|3\n|c| shxwk|kindof based\n|\n|t:|1657323781\n|move|p2a: Scolipede|Spikes|p1a: Heatran\n|-sidestart|p1: SKIP THE DRIP|Spikes\n|move|p1a: Heatran|Magma Storm|p2a: Scolipede\n|-supereffective|p2a: Scolipede\n|-damage|p2a: Scolipede|0 fnt\n|faint|p2a: Scolipede\n|\n|upkeep\n|c| GGeorgie|aight\n|\n|t:|1657323784\n|switch|p2a: Lopunny|Lopunny, F|100\/100\n|turn|4\n|j| Moistydripp\n|\n|t:|1657323791\n|switch|p1a: Landorus|Landorus-Therian, M|100\/100\n|-ability|p1a: Landorus|Intimidate|boost\n|-unboost|p2a: Lopunny|atk|1\n|detailschange|p2a: Lopunny|Lopunny-Mega, F\n|-mega|p2a: Lopunny|Lopunny|Lopunnite\n|move|p2a: Lopunny|Ice Punch|p1a: Landorus\n|-supereffective|p1a: Landorus\n|-damage|p1a: Landorus|11\/100\n|\n|upkeep\n|turn|5\n|\n|t:|1657323797\n|move|p1a: Landorus|Defog|p2a: Lopunny\n|-unboost|p2a: Lopunny|evasion|1\n|-sideend|p1: SKIP THE DRIP|Spikes|[from] move: Defog|[of] p1a: Landorus\n|-sideend|p1: SKIP THE DRIP|Toxic Spikes|[from] move: Defog|[of] p1a: Landorus\n|move|p2a: Lopunny|Ice Punch|p1a: Landorus\n|-supereffective|p1a: Landorus\n|-damage|p1a: Landorus|0 fnt\n|faint|p1a: Landorus\n|\n|upkeep\n|\n|t:|1657323807\n|switch|p1a: Altaria|Altaria, F|100\/100\n|turn|6\n|\n|t:|1657323813\n|switch|p2a: Celesteela|Celesteela|100\/100\n|switch|p1a: Heatran|Heatran, F|88\/100\n|\n|upkeep\n|turn|7\n|\n|t:|1657323819\n|switch|p2a: Goodra|Goodra, F|100\/100\n|move|p1a: Heatran|Stealth Rock|p2a: Goodra\n|-sidestart|p2: Adgio|move: Stealth Rock\n|\n|upkeep\n|turn|8\n|\n|t:|1657323824\n|switch|p1a: Magearna|Magearna|100\/100\n|move|p2a: Goodra|Thunderbolt|p1a: Magearna\n|-damage|p1a: Magearna|88\/100\n|\n|upkeep\n|turn|9\n|j|%Sww-Suwa\n|\n|t:|1657323829\n|move|p2a: Goodra|Flamethrower|p1a: Magearna\n|-supereffective|p1a: Magearna\n|-damage|p1a: Magearna|62\/100\n|move|p1a: Magearna|Volt Switch|p2a: Goodra\n|-resisted|p2a: Goodra\n|-damage|p2a: Goodra|96\/100\n|\n|t:|1657323832\n|switch|p1a: Altaria|Altaria, F|100\/100|[from]move: Volt Switch\n|\n|upkeep\n|turn|10\n|l| Its paper\n|\n|t:|1657323839\n|switch|p2a: Celesteela|Celesteela|100\/100\n|-damage|p2a: Celesteela|88\/100|[from] Stealth Rock\n|detailschange|p1a: Altaria|Altaria-Mega, F\n|-mega|p1a: Altaria|Altaria|Altarianite\n|move|p1a: Altaria|Return|p2a: Celesteela\n|-resisted|p2a: Celesteela\n|-damage|p2a: Celesteela|69\/100\n|\n|-heal|p2a: Celesteela|75\/100|[from] item: Leftovers\n|upkeep\n|turn|11\n|j| Its paper\n|\n|t:|1657323845\n|switch|p1a: Magearna|Magearna|62\/100\n|move|p2a: Celesteela|Leech Seed|p1a: Magearna\n|-start|p1a: Magearna|move: Leech Seed\n|\n|-heal|p2a: Celesteela|81\/100|[from] item: Leftovers\n|-damage|p1a: Magearna|50\/100|[from] Leech Seed|[of] p2a: Celesteela\n|-heal|p2a: Celesteela|93\/100|[silent]\n|upkeep\n|turn|12\n|j| 3ch09\n|\n|t:|1657323849\n|switch|p1a: Heatran|Heatran, F|88\/100\n|move|p2a: Celesteela|Protect||[still]\n|-fail|p2a: Celesteela\n|\n|-heal|p2a: Celesteela|99\/100|[from] item: Leftovers\n|upkeep\n|turn|13\n|j| gewwge\n|\n|t:|1657323858\n|switch|p2a: Goodra|Goodra, F|96\/100\n|-damage|p2a: Goodra|84\/100|[from] Stealth Rock\n|-zpower|p1a: Heatran\n|move|p1a: Heatran|Inferno Overdrive|p2a: Goodra|[zeffect]\n|-resisted|p2a: Goodra\n|-damage|p2a: Goodra|63\/100\n|\n|upkeep\n|turn|14\n|\n|t:|1657323862\n|switch|p1a: Magearna|Magearna|50\/100\n|move|p2a: Goodra|Thunderbolt|p1a: Magearna\n|-damage|p1a: Magearna|38\/100\n|\n|upkeep\n|turn|15\n|\n|t:|1657323867\n|move|p2a: Goodra|Flamethrower|p1a: Magearna\n|-supereffective|p1a: Magearna\n|-damage|p1a: Magearna|13\/100\n|move|p1a: Magearna|Fleur Cannon|p2a: Goodra\n|-supereffective|p2a: Goodra\n|-damage|p2a: Goodra|20\/100\n|-unboost|p1a: Magearna|spa|2\n|\n|upkeep\n|turn|16\n|\n|t:|1657323872\n|switch|p1a: Heatran|Heatran, F|88\/100\n|move|p2a: Goodra|Thunderbolt|p1a: Heatran\n|-damage|p1a: Heatran|59\/100\n|-status|p1a: Heatran|par\n|\n|upkeep\n|turn|17\n|j| Arissi\n|l| Arissi\n|\n|t:|1657323888\n|switch|p1a: Altaria|Altaria-Mega, F|100\/100\n|move|p2a: Goodra|Thunderbolt|p1a: Altaria\n|-resisted|p1a: Altaria\n|-damage|p1a: Altaria|83\/100\n|\n|upkeep\n|turn|18\n|\n|t:|1657323896\n|move|p1a: Altaria|Return|p2a: Goodra\n|-supereffective|p2a: Goodra\n|-damage|p2a: Goodra|0 fnt\n|faint|p2a: Goodra\n|\n|upkeep\n|\n|t:|1657323901\n|switch|p2a: Celesteela|Celesteela|99\/100\n|-damage|p2a: Celesteela|86\/100|[from] Stealth Rock\n|turn|19\n|\n|t:|1657323910\n|switch|p1a: Tangrowth|Tangrowth, M|100\/100\n|move|p2a: Celesteela|Leech Seed|p1a: Tangrowth\n|-immune|p1a: Tangrowth\n|\n|-heal|p2a: Celesteela|92\/100|[from] item: Leftovers\n|upkeep\n|turn|20\n|\n|t:|1657323913\n|switch|p1a: Heatran|Heatran, F|59\/100 par\n|move|p2a: Celesteela|Air Slash|p1a: Heatran\n|-resisted|p1a: Heatran\n|-damage|p1a: Heatran|45\/100 par\n|\n|-heal|p2a: Celesteela|98\/100|[from] item: Leftovers\n|upkeep\n|turn|21\n|\n|t:|1657323926\n|switch|p2a: Zeraora|Zeraora|100\/100\n|-damage|p2a: Zeraora|88\/100|[from] Stealth Rock\n|move|p1a: Heatran|Magma Storm|p2a: Zeraora|[miss]\n|-miss|p1a: Heatran|p2a: Zeraora\n|\n|-heal|p2a: Zeraora|94\/100|[from] item: Leftovers\n|upkeep\n|turn|22\n|\n|t:|1657323931\n|switch|p1a: Tangrowth|Tangrowth, M|100\/100\n|move|p2a: Zeraora|Calm Mind|p2a: Zeraora\n|-boost|p2a: Zeraora|spa|1\n|-boost|p2a: Zeraora|spd|1\n|\n|-heal|p2a: Zeraora|99\/100|[from] item: Leftovers\n|upkeep\n|turn|23\n|c| Its paper|Mega altaria should just be altarias evolved form\n|c| Its paper|miss it\n|\n|t:|1657323942\n|switch|p1a: Altaria|Altaria-Mega, F|83\/100\n|move|p2a: Zeraora|Calm Mind|p2a: Zeraora\n|-boost|p2a: Zeraora|spa|1\n|-boost|p2a: Zeraora|spd|1\n|\n|-heal|p2a: Zeraora|100\/100|[from] item: Leftovers\n|upkeep\n|turn|24\n|\n|t:|1657323945\n|move|p2a: Zeraora|Hidden Power|p1a: Altaria\n|-supereffective|p1a: Altaria\n|-damage|p1a: Altaria|9\/100\n|move|p1a: Altaria|Earthquake|p2a: Zeraora\n|-supereffective|p2a: Zeraora\n|-damage|p2a: Zeraora|10\/100\n|\n|-heal|p2a: Zeraora|16\/100|[from] item: Leftovers\n|upkeep\n|turn|25\n|\n|t:|1657323953\n|move|p2a: Zeraora|Hidden Power|p1a: Altaria\n|-supereffective|p1a: Altaria\n|-damage|p1a: Altaria|0 fnt\n|faint|p1a: Altaria\n|\n|-heal|p2a: Zeraora|22\/100|[from] item: Leftovers\n|upkeep\n|\n|t:|1657323958\n|switch|p1a: Greninja|Greninja, M|100\/100\n|turn|26\n|\n|t:|1657323962\n|move|p1a: Greninja|Water Shuriken|p2a: Zeraora\n|-damage|p2a: Zeraora|15\/100\n|-damage|p2a: Zeraora|8\/100\n|-damage|p2a: Zeraora|1\/100\n|-hitcount|p2a: Zeraora|3\n|move|p2a: Zeraora|Discharge|p1a: Greninja\n|-supereffective|p1a: Greninja\n|-damage|p1a: Greninja|0 fnt\n|faint|p1a: Greninja\n|\n|-heal|p2a: Zeraora|7\/100|[from] item: Leftovers\n|upkeep\n|-message|SKIP THE DRIP forfeited.\n|\n|win|Adgio\n|n|\u2606SKIP THE DRIP|skipthedrip\n|n|\u2606Adgio|adgio\n|n| GGeorgie|ggeorgie\n|n| shxwk|shxwk\n|n| Moistydripp|moistydripp\n|n| Sww-Suwa|swwsuwa\n|n| Its paper|itspaper\n|n| 3ch09|3ch09\n|n| gewwge|gewwge\n","uploadtime":1657323970,"views":12,"p1id":"skipthedrip","p2id":"adgio","formatid":"gen7ou","rating":0,"private":0,"password":null}