{"id":"gen7monotype-1706974061","p1":"felines","p2":"ficretus","format":"gen7monotype","log":"|j|\u2606felines\n|j|\u2606ficretus\n|inactive|Battle timer is ON: inactive players will automatically lose when time's up.\n|t:|1668037896\n|gametype|singles\n|player|p1|felines|1|\n|player|p2|ficretus|265|\n|teamsize|p1|6\n|teamsize|p2|6\n|gen|7\n|tier|[Gen 7] Monotype\n|rated|Tournament battle\n|rule|Same Type Clause: Pok\u00e9mon in a team must share a type\n|rule|Sleep Clause Mod: Limit one foe put to sleep\n|rule|Species Clause: Limit one of each Pok\u00e9mon\n|rule|OHKO Clause: OHKO moves are banned\n|rule|Moody Clause: Moody is banned\n|rule|Evasion Items Clause: Evasion items are banned\n|rule|Evasion Moves Clause: Evasion moves are banned\n|rule|Endless Battle Clause: Forcing endless battles is banned\n|rule|HP Percentage Mod: HP is shown in percentages\n|rule|Swagger Clause: Swagger is banned\n|clearpoke\n|poke|p1|Keldeo-Resolute|item\n|poke|p1|Toxapex, F|item\n|poke|p1|Pelipper, M|item\n|poke|p1|Greninja, F|item\n|poke|p1|Empoleon, F|item\n|poke|p1|Swampert, M|item\n|poke|p2|Bisharp, F|item\n|poke|p2|Greninja, M|item\n|poke|p2|Hydreigon, F|item\n|poke|p2|Mandibuzz, F|item\n|poke|p2|Tyranitar, F|item\n|poke|p2|Crawdaunt, M|item\n|teampreview\n|inactive|felines also wants the timer to be on.\n|j|@Neko\n|inactive|ficretus has 120 seconds left.\n|\n|t:|1668037940\n|start\n|switch|p1a: Greninja|Greninja, F|100\/100\n|switch|p2a: Hydreigon|Hydreigon, F|100\/100\n|turn|1\n|\n|t:|1668037955\n|switch|p2a: Tyranitar|Tyranitar, F|100\/100\n|-weather|Sandstorm|[from] ability: Sand Stream|[of] p2a: Tyranitar\n|move|p1a: Greninja|U-turn|p2a: Tyranitar\n|-start|p1a: Greninja|typechange|Bug|[from] ability: Protean\n|-supereffective|p2a: Tyranitar\n|-damage|p2a: Tyranitar|63\/100\n|j| mauby\u266c\n|\n|t:|1668037958\n|switch|p1a: Keldeo|Keldeo-Resolute|100\/100|[from]move: U-turn\n|\n|-weather|Sandstorm|[upkeep]\n|-damage|p1a: Keldeo|94\/100|[from] Sandstorm\n|-heal|p2a: Tyranitar|70\/100|[from] item: Leftovers\n|upkeep\n|turn|2\n|\n|t:|1668037962\n|switch|p2a: Mandibuzz|Mandibuzz, F|100\/100\n|move|p1a: Keldeo|Secret Sword|p2a: Mandibuzz\n|-damage|p2a: Mandibuzz|73\/100\n|\n|-weather|Sandstorm|[upkeep]\n|-damage|p1a: Keldeo|88\/100|[from] Sandstorm\n|upkeep\n|turn|3\n|\n|t:|1668037969\n|move|p1a: Keldeo|Taunt|p2a: Mandibuzz\n|-start|p2a: Mandibuzz|move: Taunt\n|move|p2a: Mandibuzz|Foul Play|p1a: Keldeo\n|-resisted|p1a: Keldeo\n|-damage|p1a: Keldeo|77\/100\n|-ability|p1a: Keldeo|Justified|boost\n|-boost|p1a: Keldeo|atk|1\n|\n|-weather|Sandstorm|[upkeep]\n|-damage|p1a: Keldeo|70\/100|[from] Sandstorm\n|upkeep\n|turn|4\n|\n|t:|1668037974\n|move|p1a: Keldeo|Calm Mind|p1a: Keldeo\n|-boost|p1a: Keldeo|spa|1\n|-boost|p1a: Keldeo|spd|1\n|move|p2a: Mandibuzz|Brave Bird|p1a: Keldeo\n|-supereffective|p1a: Keldeo\n|-damage|p1a: Keldeo|5\/100\n|-damage|p2a: Mandibuzz|57\/100|[from] Recoil\n|\n|-weather|Sandstorm|[upkeep]\n|-damage|p1a: Keldeo|0 fnt|[from] Sandstorm\n|faint|p1a: Keldeo\n|upkeep\n|\n|t:|1668037983\n|switch|p1a: Pelipper|Pelipper, M|100\/100\n|-weather|RainDance|[from] ability: Drizzle|[of] p1a: Pelipper\n|turn|5\n|\n|t:|1668037987\n|switch|p2a: Tyranitar|Tyranitar, F|70\/100\n|-weather|Sandstorm|[from] ability: Sand Stream|[of] p2a: Tyranitar\n|move|p1a: Pelipper|Hydro Pump|p2a: Tyranitar\n|-supereffective|p2a: Tyranitar\n|-damage|p2a: Tyranitar|32\/100\n|\n|-weather|Sandstorm|[upkeep]\n|-damage|p1a: Pelipper|94\/100|[from] Sandstorm\n|-heal|p2a: Tyranitar|38\/100|[from] item: Leftovers\n|upkeep\n|turn|6\n|\n|t:|1668037990\n|switch|p2a: Hydreigon|Hydreigon, F|100\/100\n|move|p1a: Pelipper|Hydro Pump|p2a: Hydreigon\n|-resisted|p2a: Hydreigon\n|-damage|p2a: Hydreigon|75\/100\n|\n|-weather|Sandstorm|[upkeep]\n|-damage|p2a: Hydreigon|69\/100|[from] Sandstorm\n|-damage|p1a: Pelipper|88\/100|[from] Sandstorm\n|upkeep\n|turn|7\n|\n|t:|1668037999\n|switch|p1a: Greninja|Greninja, F|100\/100\n|move|p2a: Hydreigon|Dark Pulse|p1a: Greninja\n|-resisted|p1a: Greninja\n|-damage|p1a: Greninja|67\/100\n|\n|-weather|Sandstorm|[upkeep]\n|-damage|p1a: Greninja|61\/100|[from] Sandstorm\n|-damage|p2a: Hydreigon|63\/100|[from] Sandstorm\n|upkeep\n|turn|8\n|\n|t:|1668038008\n|switch|p2a: Bisharp|Bisharp, F|100\/100\n|move|p1a: Greninja|U-turn|p2a: Bisharp\n|-start|p1a: Greninja|typechange|Bug|[from] ability: Protean\n|-damage|p2a: Bisharp|72\/100\n|\n|t:|1668038012\n|switch|p1a: Swampert|Swampert, M|100\/100|[from]move: U-turn\n|\n|-weather|Sandstorm|[upkeep]\n|upkeep\n|turn|9\n|\n|t:|1668038016\n|switch|p2a: Mandibuzz|Mandibuzz, F|57\/100\n|detailschange|p1a: Swampert|Swampert-Mega, M\n|-mega|p1a: Swampert|Swampert|Swampertite\n|move|p1a: Swampert|Rain Dance|p1a: Swampert\n|-weather|RainDance\n|\n|-weather|RainDance|[upkeep]\n|upkeep\n|turn|10\n|\n|t:|1668038026\n|move|p1a: Swampert|Ice Punch|p2a: Mandibuzz\n|-supereffective|p2a: Mandibuzz\n|-damage|p2a: Mandibuzz|20\/100\n|-damage|p1a: Swampert|84\/100|[from] item: Rocky Helmet|[of] p2a: Mandibuzz\n|move|p2a: Mandibuzz|Foul Play|p1a: Swampert\n|-damage|p1a: Swampert|33\/100\n|\n|-weather|RainDance|[upkeep]\n|upkeep\n|turn|11\n|\n|t:|1668038035\n|move|p1a: Swampert|Waterfall|p2a: Mandibuzz\n|-damage|p2a: Mandibuzz|0 fnt\n|-damage|p1a: Swampert|16\/100|[from] item: Rocky Helmet|[of] p2a: Mandibuzz\n|faint|p2a: Mandibuzz\n|\n|-weather|RainDance|[upkeep]\n|upkeep\n|\n|t:|1668038042\n|switch|p2a: Crawdaunt|Crawdaunt, M|100\/100\n|turn|12\n|\n|t:|1668038044\n|switch|p1a: Toxapex|Toxapex, F|100\/100\n|move|p2a: Crawdaunt|Aqua Jet|p1a: Toxapex\n|-resisted|p1a: Toxapex\n|-damage|p1a: Toxapex|88\/100\n|\n|-weather|RainDance|[upkeep]\n|-heal|p1a: Toxapex|94\/100|[from] item: Black Sludge\n|upkeep\n|turn|13\n|\n|t:|1668038051\n|move|p2a: Crawdaunt|Swords Dance|p2a: Crawdaunt\n|-boost|p2a: Crawdaunt|atk|2\n|move|p1a: Toxapex|Scald|p2a: Crawdaunt\n|-resisted|p2a: Crawdaunt\n|-damage|p2a: Crawdaunt|73\/100\n|\n|-weather|none\n|-heal|p1a: Toxapex|100\/100|[from] item: Black Sludge\n|upkeep\n|turn|14\n|\n|t:|1668038055\n|move|p1a: Toxapex|Baneful Bunker|p1a: Toxapex\n|-singleturn|p1a: Toxapex|move: Protect\n|move|p2a: Crawdaunt|Knock Off|p1a: Toxapex\n|-activate|p1a: Toxapex|move: Protect\n|-status|p2a: Crawdaunt|psn\n|\n|-damage|p2a: Crawdaunt|60\/100 psn|[from] psn\n|upkeep\n|turn|15\n|\n|t:|1668038062\n|move|p2a: Crawdaunt|Knock Off|p1a: Toxapex\n|-damage|p1a: Toxapex|17\/100\n|-enditem|p1a: Toxapex|Black Sludge|[from] move: Knock Off|[of] p2a: Crawdaunt\n|move|p1a: Toxapex|Haze|p1a: Toxapex\n|-clearallboost\n|\n|-damage|p2a: Crawdaunt|48\/100 psn|[from] psn\n|upkeep\n|turn|16\n|\n|t:|1668038067\n|switch|p1a: Pelipper|Pelipper, M|88\/100\n|-weather|RainDance|[from] ability: Drizzle|[of] p1a: Pelipper\n|-zpower|p2a: Crawdaunt\n|move|p2a: Crawdaunt|Hydro Vortex|p1a: Pelipper|[zeffect]\n|-resisted|p1a: Pelipper\n|-damage|p1a: Pelipper|0 fnt\n|faint|p1a: Pelipper\n|\n|-weather|RainDance|[upkeep]\n|-damage|p2a: Crawdaunt|36\/100 psn|[from] psn\n|upkeep\n|\n|t:|1668038081\n|switch|p1a: Toxapex|Toxapex, F|50\/100\n|turn|17\n|\n|t:|1668038088\n|switch|p2a: Tyranitar|Tyranitar, F|38\/100\n|-weather|Sandstorm|[from] ability: Sand Stream|[of] p2a: Tyranitar\n|move|p1a: Toxapex|Recover|p1a: Toxapex\n|-heal|p1a: Toxapex|99\/100\n|\n|-weather|Sandstorm|[upkeep]\n|-damage|p1a: Toxapex|94\/100|[from] Sandstorm\n|-heal|p2a: Tyranitar|44\/100|[from] item: Leftovers\n|upkeep\n|turn|18\n|\n|t:|1668038091\n|move|p2a: Tyranitar|Stealth Rock|p1a: Toxapex\n|-sidestart|p1: felines|move: Stealth Rock\n|move|p1a: Toxapex|Scald|p2a: Tyranitar\n|-supereffective|p2a: Tyranitar\n|-damage|p2a: Tyranitar|30\/100\n|\n|-weather|Sandstorm|[upkeep]\n|-damage|p1a: Toxapex|88\/100|[from] Sandstorm\n|-heal|p2a: Tyranitar|37\/100|[from] item: Leftovers\n|upkeep\n|turn|19\n|\n|t:|1668038097\n|move|p2a: Tyranitar|Earthquake|p1a: Toxapex\n|-supereffective|p1a: Toxapex\n|-damage|p1a: Toxapex|51\/100\n|move|p1a: Toxapex|Scald|p2a: Tyranitar\n|-supereffective|p2a: Tyranitar\n|-damage|p2a: Tyranitar|23\/100\n|-status|p2a: Tyranitar|brn\n|\n|-weather|Sandstorm|[upkeep]\n|-damage|p1a: Toxapex|45\/100|[from] Sandstorm\n|-heal|p2a: Tyranitar|29\/100 brn|[from] item: Leftovers\n|-damage|p2a: Tyranitar|23\/100 brn|[from] brn\n|upkeep\n|turn|20\n|\n|t:|1668038103\n|switch|p2a: Hydreigon|Hydreigon, F|63\/100\n|move|p1a: Toxapex|Recover|p1a: Toxapex\n|-heal|p1a: Toxapex|95\/100\n|\n|-weather|Sandstorm|[upkeep]\n|-damage|p2a: Hydreigon|57\/100|[from] Sandstorm\n|-damage|p1a: Toxapex|89\/100|[from] Sandstorm\n|upkeep\n|turn|21\n|\n|t:|1668038109\n|move|p1a: Toxapex|Baneful Bunker|p1a: Toxapex\n|-singleturn|p1a: Toxapex|move: Protect\n|move|p2a: Hydreigon|Dark Pulse|p1a: Toxapex\n|-activate|p1a: Toxapex|move: Protect\n|\n|-weather|none\n|upkeep\n|turn|22\n|inactive|felines has 120 seconds left.\n|inactive|felines has 90 seconds left.\n|inactive|felines has 60 seconds left.\n|\n|t:|1668038199\n|switch|p2a: Tyranitar|Tyranitar, F|23\/100 brn\n|-weather|Sandstorm|[from] ability: Sand Stream|[of] p2a: Tyranitar\n|move|p1a: Toxapex|Scald|p2a: Tyranitar\n|-supereffective|p2a: Tyranitar\n|-damage|p2a: Tyranitar|9\/100 brn\n|\n|-weather|Sandstorm|[upkeep]\n|-damage|p1a: Toxapex|83\/100|[from] Sandstorm\n|-heal|p2a: Tyranitar|15\/100 brn|[from] item: Leftovers\n|-damage|p2a: Tyranitar|9\/100 brn|[from] brn\n|upkeep\n|turn|23\n|\n|t:|1668038204\n|move|p2a: Tyranitar|Earthquake|p1a: Toxapex\n|-supereffective|p1a: Toxapex\n|-damage|p1a: Toxapex|66\/100\n|move|p1a: Toxapex|Recover|p1a: Toxapex\n|-heal|p1a: Toxapex|100\/100\n|\n|-weather|Sandstorm|[upkeep]\n|-damage|p1a: Toxapex|94\/100|[from] Sandstorm\n|-heal|p2a: Tyranitar|15\/100 brn|[from] item: Leftovers\n|-damage|p2a: Tyranitar|9\/100 brn|[from] brn\n|upkeep\n|turn|24\n|\n|t:|1668038207\n|move|p2a: Tyranitar|Earthquake|p1a: Toxapex\n|-supereffective|p1a: Toxapex\n|-damage|p1a: Toxapex|77\/100\n|move|p1a: Toxapex|Scald|p2a: Tyranitar\n|-supereffective|p2a: Tyranitar\n|-damage|p2a: Tyranitar|0 fnt\n|faint|p2a: Tyranitar\n|\n|-weather|Sandstorm|[upkeep]\n|-damage|p1a: Toxapex|71\/100|[from] Sandstorm\n|upkeep\n|\n|t:|1668038211\n|switch|p2a: Greninja|Greninja, M|100\/100\n|turn|25\n|inactive|felines has 90 seconds left.\n|\n|t:|1668038220\n|move|p1a: Toxapex|Baneful Bunker|p1a: Toxapex\n|-singleturn|p1a: Toxapex|move: Protect\n|move|p2a: Greninja|Extrasensory|p1a: Toxapex\n|-start|p2a: Greninja|typechange|Psychic|[from] ability: Protean\n|-activate|p1a: Toxapex|move: Protect\n|\n|-weather|Sandstorm|[upkeep]\n|-damage|p2a: Greninja|95\/100|[from] Sandstorm\n|-damage|p1a: Toxapex|65\/100|[from] Sandstorm\n|upkeep\n|turn|26\n|\n|t:|1668038228\n|switch|p2a: Bisharp|Bisharp, F|72\/100\n|switch|p1a: Greninja|Greninja, F|61\/100\n|-damage|p1a: Greninja|49\/100|[from] Stealth Rock\n|\n|-weather|none\n|upkeep\n|turn|27\n|\n|t:|1668038234\n|move|p2a: Bisharp|Sucker Punch|p1a: Greninja\n|-resisted|p1a: Greninja\n|-crit|p1a: Greninja\n|-damage|p1a: Greninja|0 fnt\n|faint|p1a: Greninja\n|\n|upkeep\n|\n|t:|1668038245\n|switch|p1a: Toxapex|Toxapex, F|98\/100\n|-damage|p1a: Toxapex|85\/100|[from] Stealth Rock\n|turn|28\n|\n|t:|1668038253\n|move|p2a: Bisharp|Swords Dance|p2a: Bisharp\n|-boost|p2a: Bisharp|atk|2\n|move|p1a: Toxapex|Scald|p2a: Bisharp\n|-damage|p2a: Bisharp|45\/100\n|-status|p2a: Bisharp|brn\n|\n|-damage|p2a: Bisharp|39\/100 brn|[from] brn\n|upkeep\n|turn|29\n|\n|t:|1668038257\n|move|p2a: Bisharp|Knock Off|p1a: Toxapex\n|-damage|p1a: Toxapex|61\/100\n|move|p1a: Toxapex|Haze|p1a: Toxapex\n|-clearallboost\n|\n|-damage|p2a: Bisharp|33\/100 brn|[from] brn\n|upkeep\n|turn|30\n|\n|t:|1668038260\n|move|p2a: Bisharp|Knock Off|p1a: Toxapex\n|-damage|p1a: Toxapex|48\/100\n|move|p1a: Toxapex|Recover|p1a: Toxapex\n|-heal|p1a: Toxapex|98\/100\n|\n|-damage|p2a: Bisharp|27\/100 brn|[from] brn\n|upkeep\n|turn|31\n|\n|t:|1668038263\n|move|p2a: Bisharp|Knock Off|p1a: Toxapex\n|-damage|p1a: Toxapex|86\/100\n|move|p1a: Toxapex|Scald|p2a: Bisharp\n|-damage|p2a: Bisharp|0 fnt\n|faint|p2a: Bisharp\n|\n|upkeep\n|\n|t:|1668038266\n|switch|p2a: Greninja|Greninja, M|95\/100\n|turn|32\n|\n|t:|1668038268\n|switch|p1a: Empoleon|Empoleon, F|100\/100\n|-damage|p1a: Empoleon|94\/100|[from] Stealth Rock\n|move|p2a: Greninja|Extrasensory|p1a: Empoleon\n|-start|p2a: Greninja|typechange|Psychic|[from] ability: Protean\n|-resisted|p1a: Empoleon\n|-damage|p1a: Empoleon|78\/100\n|-damage|p2a: Greninja|85\/100|[from] item: Life Orb\n|\n|-heal|p1a: Empoleon|84\/100|[from] item: Leftovers\n|upkeep\n|turn|33\n|\n|t:|1668038274\n|switch|p2a: Crawdaunt|Crawdaunt, M|36\/100 psn\n|move|p1a: Empoleon|Scald|p2a: Crawdaunt\n|-resisted|p2a: Crawdaunt\n|-damage|p2a: Crawdaunt|3\/100 psn\n|\n|-heal|p1a: Empoleon|90\/100|[from] item: Leftovers\n|-damage|p2a: Crawdaunt|0 fnt|[from] psn\n|faint|p2a: Crawdaunt\n|upkeep\n|\n|t:|1668038281\n|switch|p2a: Hydreigon|Hydreigon, F|57\/100\n|turn|34\n|\n|t:|1668038284\n|move|p2a: Hydreigon|Dark Pulse|p1a: Empoleon\n|-damage|p1a: Empoleon|61\/100\n|move|p1a: Empoleon|Toxic|p2a: Hydreigon\n|-status|p2a: Hydreigon|tox\n|\n|-heal|p1a: Empoleon|67\/100|[from] item: Leftovers\n|-damage|p2a: Hydreigon|50\/100 tox|[from] psn\n|upkeep\n|turn|35\n|\n|t:|1668038290\n|switch|p1a: Swampert|Swampert-Mega, M|16\/100\n|-damage|p1a: Swampert|10\/100|[from] Stealth Rock\n|move|p2a: Hydreigon|Dark Pulse|p1a: Swampert\n|-damage|p1a: Swampert|0 fnt\n|faint|p1a: Swampert\n|\n|-damage|p2a: Hydreigon|38\/100 tox|[from] psn\n|upkeep\n|\n|t:|1668038292\n|switch|p1a: Toxapex|Toxapex, F|100\/100\n|-damage|p1a: Toxapex|88\/100|[from] Stealth Rock\n|turn|36\n|\n|t:|1668038295\n|switch|p2a: Greninja|Greninja, M|85\/100\n|move|p1a: Toxapex|Scald|p2a: Greninja\n|-resisted|p2a: Greninja\n|-damage|p2a: Greninja|71\/100\n|\n|upkeep\n|turn|37\n|\n|t:|1668038298\n|move|p1a: Toxapex|Baneful Bunker|p1a: Toxapex\n|-singleturn|p1a: Toxapex|move: Protect\n|move|p2a: Greninja|Extrasensory|p1a: Toxapex\n|-start|p2a: Greninja|typechange|Psychic|[from] ability: Protean\n|-activate|p1a: Toxapex|move: Protect\n|\n|upkeep\n|turn|38\n|\n|t:|1668038303\n|switch|p1a: Empoleon|Empoleon, F|67\/100\n|-damage|p1a: Empoleon|61\/100|[from] Stealth Rock\n|move|p2a: Greninja|Extrasensory|p1a: Empoleon\n|-resisted|p1a: Empoleon\n|-damage|p1a: Empoleon|46\/100\n|-damage|p2a: Greninja|61\/100|[from] item: Life Orb\n|\n|-heal|p1a: Empoleon|53\/100|[from] item: Leftovers\n|upkeep\n|turn|39\n|\n|t:|1668038311\n|switch|p2a: Hydreigon|Hydreigon, F|38\/100 tox\n|move|p1a: Empoleon|Scald|p2a: Hydreigon\n|-resisted|p2a: Hydreigon\n|-damage|p2a: Hydreigon|21\/100 tox\n|\n|-heal|p1a: Empoleon|59\/100|[from] item: Leftovers\n|-damage|p2a: Hydreigon|15\/100 tox|[from] psn\n|upkeep\n|turn|40\n|\n|t:|1668038327\n|switch|p2a: Greninja|Greninja, M|61\/100\n|switch|p1a: Toxapex|Toxapex, F|100\/100\n|-damage|p1a: Toxapex|88\/100|[from] Stealth Rock\n|\n|upkeep\n|turn|41\n|\n|t:|1668038337\n|move|p1a: Toxapex|Baneful Bunker|p1a: Toxapex\n|-singleturn|p1a: Toxapex|move: Protect\n|move|p2a: Greninja|Hydro Pump|p1a: Toxapex\n|-start|p2a: Greninja|typechange|Water|[from] ability: Protean\n|-activate|p1a: Toxapex|move: Protect\n|\n|upkeep\n|turn|42\n|\n|t:|1668038344\n|move|p2a: Greninja|Extrasensory|p1a: Toxapex\n|-start|p2a: Greninja|typechange|Psychic|[from] ability: Protean\n|-supereffective|p1a: Toxapex\n|-damage|p1a: Toxapex|18\/100\n|-damage|p2a: Greninja|51\/100|[from] item: Life Orb\n|move|p1a: Toxapex|Scald|p2a: Greninja\n|-damage|p2a: Greninja|25\/100\n|\n|upkeep\n|turn|43\n|\n|t:|1668038350\n|move|p1a: Toxapex|Baneful Bunker|p1a: Toxapex\n|-singleturn|p1a: Toxapex|move: Protect\n|move|p2a: Greninja|Hydro Pump|p1a: Toxapex\n|-start|p2a: Greninja|typechange|Water|[from] ability: Protean\n|-activate|p1a: Toxapex|move: Protect\n|\n|upkeep\n|turn|44\n|\n|t:|1668038358\n|switch|p1a: Empoleon|Empoleon, F|59\/100\n|-damage|p1a: Empoleon|53\/100|[from] Stealth Rock\n|move|p2a: Greninja|Hydro Pump|p1a: Empoleon\n|-resisted|p1a: Empoleon\n|-damage|p1a: Empoleon|33\/100\n|-damage|p2a: Greninja|15\/100|[from] item: Life Orb\n|\n|-heal|p1a: Empoleon|39\/100|[from] item: Leftovers\n|upkeep\n|turn|45\n|\n|t:|1668038367\n|switch|p2a: Hydreigon|Hydreigon, F|15\/100 tox\n|move|p1a: Empoleon|Stealth Rock|p2a: Hydreigon\n|-sidestart|p2: ficretus|move: Stealth Rock\n|\n|-heal|p1a: Empoleon|45\/100|[from] item: Leftovers\n|-damage|p2a: Hydreigon|9\/100 tox|[from] psn\n|upkeep\n|turn|46\n|\n|t:|1668038376\n|switch|p1a: Toxapex|Toxapex, F|51\/100\n|-damage|p1a: Toxapex|39\/100|[from] Stealth Rock\n|move|p2a: Hydreigon|Dark Pulse|p1a: Toxapex\n|-damage|p1a: Toxapex|3\/100\n|\n|-damage|p2a: Hydreigon|0 fnt|[from] psn\n|faint|p2a: Hydreigon\n|upkeep\n|\n|t:|1668038380\n|switch|p2a: Greninja|Greninja, M|15\/100\n|-damage|p2a: Greninja|3\/100|[from] Stealth Rock\n|turn|47\n|c|\u2606felines|gg\n|c|\u2606ficretus|gg\n|\n|t:|1668038384\n|move|p2a: Greninja|Extrasensory|p1a: Toxapex\n|-start|p2a: Greninja|typechange|Psychic|[from] ability: Protean\n|-supereffective|p1a: Toxapex\n|-damage|p1a: Toxapex|0 fnt\n|faint|p1a: Toxapex\n|-damage|p2a: Greninja|0 fnt|[from] item: Life Orb\n|faint|p2a: Greninja\n|\n|win|felines\n|n|\u2606felines|felines\n|n|\u2606ficretus|ficretus\n|n| Neko|neko\n|n| mauby\u266c|mauby\n","uploadtime":1668038385,"views":2,"p1id":"felines","p2id":"ficretus","formatid":"gen7monotype","rating":0,"private":0,"password":null}