{"id":"gen7oususpecttest-633531282","p1":"BigL91","p2":"Testlolololol","format":"gen7oususpecttest","log":"|j|BigL91\n|j|Testlolololol\n|player|p1|BigL91|169\n|teamsize|p1|6\n|player|p2|Testlolololol|233\n|teamsize|p2|6\n|gametype|singles\n|gen|7\n|tier|[Gen 7] OU (suspect test)\n|rated\n|seed|25555,46214,42256,28691\n|rule|Sleep Clause Mod: Limit one foe put to sleep\n|rule|Species Clause: Limit one of each Pok\u00e9mon\n|rule|OHKO Clause: OHKO moves are banned\n|rule|Moody Clause: Moody is banned\n|rule|Evasion Moves Clause: Evasion moves are banned\n|rule|Endless Battle Clause: Forcing endless battles is banned\n|rule|HP Percentage Mod: HP is shown in percentages\n|clearpoke\n|poke|p1|Toxapex, M|item\n|poke|p1|Hippowdon, M|item\n|poke|p1|Ferrothorn, M|item\n|poke|p1|Hydreigon, F|item\n|poke|p1|Thundurus-Therian, M|item\n|poke|p1|Medicham, F|item\n|poke|p2|Tapu Lele|item\n|poke|p2|Landorus-Therian, M|item\n|poke|p2|Lopunny, F|item\n|poke|p2|Heatran, F|item\n|poke|p2|Scizor, F|item\n|poke|p2|Greninja, F|item\n|teampreview\n|choice|team 4, team 2, team 3, team 1, team 5, team 6|team 2, team 1, team 3, team 4, team 5, team 6\n|\n|start\n|switch|p1a: Hydreigon|Hydreigon, F|325\/325\n|switch|p2a: The Sphinx|Landorus-Therian, M|382\/382\n|-ability|p2a: The Sphinx|Intimidate|boost\n|-unboost|p1a: Hydreigon|atk|1\n|turn|1\n|choice|move dracometeor|move uturn\n|\n|move|p1a: Hydreigon|Draco Meteor|p2a: The Sphinx\n|-damage|p2a: The Sphinx|115\/382\n|-unboost|p1a: Hydreigon|spa|2\n|move|p2a: The Sphinx|U-turn|p1a: Hydreigon\n|-supereffective|p1a: Hydreigon\n|-damage|p1a: Hydreigon|161\/325\n|choice||switch 5\n|\n|switch|p2a: The Cutter|Scizor, F|343\/343\n|\n|upkeep\n|turn|2\n|choice|switch 4|move uturn\n|\n|switch|p1a: Toxapex|Toxapex, M, shiny|304\/304\n|move|p2a: The Cutter|U-turn|p1a: Toxapex\n|-resisted|p1a: Toxapex\n|-damage|p1a: Toxapex|251\/304\n|choice||switch 2\n|\n|switch|p2a: Alice|Tapu Lele|281\/281\n|-fieldstart|move: Psychic Terrain|[from] ability: Psychic Surge|[of] p2a: Alice\n|\n|-heal|p1a: Toxapex|270\/304|[from] item: Black Sludge\n|upkeep\n|turn|3\n|choice|switch 3|move moonblast\n|\n|switch|p1a: Ferrothorn|Ferrothorn, M|352\/352\n|move|p2a: Alice|Moonblast|p1a: Ferrothorn\n|-resisted|p1a: Ferrothorn\n|-damage|p1a: Ferrothorn|254\/352\n|-unboost|p1a: Ferrothorn|spa|1\n|\n|-heal|p1a: Ferrothorn|276\/352|[from] item: Leftovers\n|upkeep\n|turn|4\n|choice|move leechseed|switch 4\n|\n|switch|p2a: The Train|Heatran, F|385\/385\n|move|p1a: Ferrothorn|Leech Seed|p2a: The Train\n|-start|p2a: The Train|move: Leech Seed\n|\n|-heal|p1a: Ferrothorn|298\/352|[from] item: Leftovers\n|-damage|p2a: The Train|337\/385|[from] Leech Seed|[of] p1a: Ferrothorn\n|-heal|p1a: Ferrothorn|346\/352|[silent]\n|upkeep\n|turn|5\n|choice|switch 5|move stealthrock\n|\n|switch|p1a: Thundurus|Thundurus-Therian, M|299\/299\n|move|p2a: The Train|Stealth Rock|p1a: Thundurus\n|-sidestart|p1: BigL91|move: Stealth Rock\n|\n|-heal|p2a: The Train|361\/385|[from] item: Leftovers\n|-damage|p2a: The Train|313\/385|[from] Leech Seed|[of] p1a: Thundurus\n|upkeep\n|turn|6\n|choice|move knockoff|switch 4\n|\n|switch|p2a: Alice|Tapu Lele|281\/281\n|move|p1a: Thundurus|Knock Off|p2a: Alice\n|-damage|p2a: Alice|194\/281\n|-enditem|p2a: Alice|Choice Specs|[from] move: Knock Off|[of] p1a: Thundurus\n|\n|-fieldend|move: Psychic Terrain\n|upkeep\n|turn|7\n|choice|move thunderbolt|move psychic\n|\n|move|p1a: Thundurus|Thunderbolt|p2a: Alice\n|-damage|p2a: Alice|38\/281\n|move|p2a: Alice|Psychic|p1a: Thundurus\n|-damage|p1a: Thundurus|166\/299\n|\n|upkeep\n|turn|8\n|choice|move hiddenpower|switch 5\n|\n|switch|p2a: The Sphinx|Landorus-Therian, M|115\/382\n|-ability|p2a: The Sphinx|Intimidate|boost\n|-unboost|p1a: Thundurus|atk|1\n|move|p1a: Thundurus|Hidden Power|p2a: The Sphinx\n|-supereffective|p2a: The Sphinx\n|-damage|p2a: The Sphinx|0 fnt\n|faint|p2a: The Sphinx\n|\n|upkeep\n|choice||switch 6\n|\n|switch|p2a: The Scarf|Greninja, F|285\/285\n|turn|9\n|choice|move thunderbolt|move spikes\n|\n|move|p2a: The Scarf|Spikes|p1a: Thundurus\n|-start|p2a: The Scarf|typechange|Ground|[from] Protean\n|-sidestart|p1: BigL91|Spikes\n|move|p1a: Thundurus|Thunderbolt|p2a: The Scarf\n|-immune|p2a: The Scarf|[msg]\n|\n|upkeep\n|turn|10\n|choice|switch 4|move hydropump\n|\n|switch|p1a: Hydreigon|Hydreigon, F|161\/325\n|-damage|p1a: Hydreigon|121\/325|[from] Stealth Rock\n|move|p2a: The Scarf|Hydro Pump|p1a: Hydreigon\n|-start|p2a: The Scarf|typechange|Water|[from] Protean\n|-resisted|p1a: Hydreigon\n|-damage|p1a: Hydreigon|8\/325\n|-damage|p2a: The Scarf|257\/285|[from] item: Life Orb\n|\n|upkeep\n|turn|11\n|choice|move darkpulse|move icebeam\n|\n|move|p1a: Hydreigon|Dark Pulse|p2a: The Scarf\n|-damage|p2a: The Scarf|67\/285\n|move|p2a: The Scarf|Ice Beam|p1a: Hydreigon\n|-start|p2a: The Scarf|typechange|Ice|[from] Protean\n|-supereffective|p1a: Hydreigon\n|-damage|p1a: Hydreigon|0 fnt\n|-damage|p2a: The Scarf|39\/285|[from] item: Life Orb\n|faint|p1a: Hydreigon\n|\n|upkeep\n|choice|switch 6|\n|\n|switch|p1a: Medicham|Medicham, F|261\/261\n|-damage|p1a: Medicham|229\/261|[from] Spikes\n|-damage|p1a: Medicham|213\/261|[from] Stealth Rock\n|turn|12\n|choice|move fakeout mega|move hydropump\n|\n|detailschange|p1a: Medicham|Medicham-Mega, F\n|-mega|p1a: Medicham|Medicham|Medichamite\n|move|p1a: Medicham|Fake Out|p2a: The Scarf\n|-damage|p2a: The Scarf|0 fnt\n|faint|p2a: The Scarf\n|\n|upkeep\n|choice||switch 3\n|\n|switch|p2a: Clem|Lopunny, F|271\/271\n|turn|13\n|choice|switch 2|move return mega\n|\n|switch|p1a: Hippowdon|Hippowdon, M|420\/420\n|-damage|p1a: Hippowdon|368\/420|[from] Spikes\n|-damage|p1a: Hippowdon|342\/420|[from] Stealth Rock\n|-weather|Sandstorm|[from] ability: Sand Stream|[of] p1a: Hippowdon\n|detailschange|p2a: Clem|Lopunny-Mega, F\n|-mega|p2a: Clem|Lopunny|Lopunnite\n|move|p2a: Clem|Return|p1a: Hippowdon\n|-damage|p1a: Hippowdon|206\/420\n|\n|-weather|Sandstorm|[upkeep]\n|-damage|p2a: Clem|255\/271|[from] sandstorm\n|-heal|p1a: Hippowdon|232\/420|[from] item: Leftovers\n|upkeep\n|turn|14\n|choice|move slackoff|switch 2\n|\n|switch|p2a: The Cutter|Scizor, F|343\/343\n|move|p1a: Hippowdon|Slack Off|p1a: Hippowdon\n|-heal|p1a: Hippowdon|420\/420\n|\n|-weather|Sandstorm|[upkeep]\n|upkeep\n|turn|15\n|choice|move stealthrock|move uturn\n|\n|move|p2a: The Cutter|U-turn|p1a: Hippowdon\n|-damage|p1a: Hippowdon|267\/420\n|choice||switch 4\n|\n|switch|p2a: The Train|Heatran, F|313\/385\n|move|p1a: Hippowdon|Stealth Rock|p2a: The Train\n|-sidestart|p2: Testlolololol|move: Stealth Rock\n|\n|-weather|Sandstorm|[upkeep]\n|-heal|p2a: The Train|337\/385|[from] item: Leftovers\n|-heal|p1a: Hippowdon|293\/420|[from] item: Leftovers\n|upkeep\n|turn|16\n|choice|switch 3|move willowisp\n|\n|switch|p1a: Toxapex|Toxapex, M, shiny|304\/304\n|-damage|p1a: Toxapex|266\/304|[from] Stealth Rock\n|-damage|p1a: Toxapex|228\/304|[from] Spikes\n|move|p2a: The Train|Will-O-Wisp|p1a: Toxapex\n|-status|p1a: Toxapex|brn\n|\n|-weather|Sandstorm|[upkeep]\n|-damage|p1a: Toxapex|209\/304 brn|[from] sandstorm\n|-heal|p2a: The Train|361\/385|[from] item: Leftovers\n|-heal|p1a: Toxapex|228\/304 brn|[from] item: Black Sludge\n|-damage|p1a: Toxapex|209\/304 brn|[from] brn\n|upkeep\n|turn|17\n|choice|move scald|move earthpower\n|\n|move|p2a: The Train|Earth Power|p1a: Toxapex\n|-supereffective|p1a: Toxapex\n|-damage|p1a: Toxapex|75\/304 brn\n|-unboost|p1a: Toxapex|spd|1\n|move|p1a: Toxapex|Scald|p2a: The Train\n|-supereffective|p2a: The Train\n|-damage|p2a: The Train|281\/385\n|\n|-weather|none\n|-heal|p2a: The Train|305\/385|[from] item: Leftovers\n|-heal|p1a: Toxapex|94\/304 brn|[from] item: Black Sludge\n|-damage|p1a: Toxapex|75\/304 brn|[from] brn\n|upkeep\n|turn|18\n|choice|switch 4|move earthpower\n|\n|switch|p1a: Thundurus|Thundurus-Therian, M|166\/299\n|-damage|p1a: Thundurus|92\/299|[from] Stealth Rock\n|move|p2a: The Train|Earth Power|p1a: Thundurus\n|-immune|p1a: Thundurus|[msg]\n|\n|-heal|p2a: The Train|329\/385|[from] item: Leftovers\n|upkeep\n|turn|19\n|choice|move knockoff|move lavaplume\n|\n|move|p1a: Thundurus|Knock Off|p2a: The Train\n|-damage|p2a: The Train|267\/385\n|-enditem|p2a: The Train|Leftovers|[from] move: Knock Off|[of] p1a: Thundurus\n|move|p2a: The Train|Lava Plume|p1a: Thundurus\n|-damage|p1a: Thundurus|1\/299\n|\n|upkeep\n|turn|20\n|choice|move focusblast|move lavaplume\n|\n|move|p1a: Thundurus|Focus Blast|p2a: The Train\n|-supereffective|p2a: The Train\n|-damage|p2a: The Train|57\/385\n|move|p2a: The Train|Lava Plume|p1a: Thundurus\n|-damage|p1a: Thundurus|0 fnt\n|faint|p1a: Thundurus\n|\n|upkeep\n|choice|switch 2|\n|\n|switch|p1a: Medicham|Medicham-Mega, F|213\/261\n|-damage|p1a: Medicham|197\/261|[from] Stealth Rock\n|-damage|p1a: Medicham|165\/261|[from] Spikes\n|turn|21\n|choice|move fakeout|move lavaplume\n|\n|move|p1a: Medicham|Fake Out|p2a: The Train\n|-resisted|p2a: The Train\n|-damage|p2a: The Train|16\/385\n|cant|p2a: The Train|flinch\n|\n|upkeep\n|turn|22\n|choice|move zenheadbutt|move willowisp\n|\n|move|p1a: Medicham|Zen Headbutt|p2a: The Train\n|-resisted|p2a: The Train\n|-crit|p2a: The Train\n|-damage|p2a: The Train|0 fnt\n|faint|p2a: The Train\n|\n|upkeep\n|choice||switch 2\n|\n|switch|p2a: Clem|Lopunny-Mega, F|255\/271\n|-damage|p2a: Clem|239\/271|[from] Stealth Rock\n|turn|23\n|choice|switch 4|move return\n|\n|switch|p1a: Toxapex|Toxapex, M, shiny|176\/304 brn\n|-damage|p1a: Toxapex|138\/304 brn|[from] Stealth Rock\n|-damage|p1a: Toxapex|100\/304 brn|[from] Spikes\n|move|p2a: Clem|Return|p1a: Toxapex\n|-damage|p1a: Toxapex|7\/304 brn\n|\n|-heal|p1a: Toxapex|26\/304 brn|[from] item: Black Sludge\n|-damage|p1a: Toxapex|7\/304 brn|[from] brn\n|upkeep\n|turn|24\n|choice|move toxic|move return\n|\n|move|p2a: Clem|Return|p1a: Toxapex\n|-damage|p1a: Toxapex|0 fnt\n|faint|p1a: Toxapex\n|\n|upkeep\n|choice|switch 3|\n|\n|switch|p1a: Hippowdon|Hippowdon, M|293\/420\n|-damage|p1a: Hippowdon|267\/420|[from] Stealth Rock\n|-damage|p1a: Hippowdon|215\/420|[from] Spikes\n|-weather|Sandstorm|[from] ability: Sand Stream|[of] p1a: Hippowdon\n|turn|25\n|choice|move slackoff|switch 4\n|\n|switch|p2a: The Cutter|Scizor, F|343\/343\n|-damage|p2a: The Cutter|301\/343|[from] Stealth Rock\n|move|p1a: Hippowdon|Slack Off|p1a: Hippowdon\n|-heal|p1a: Hippowdon|420\/420\n|\n|-weather|Sandstorm|[upkeep]\n|upkeep\n|turn|26\n|choice|move earthquake|move ironhead\n|\n|move|p2a: The Cutter|Iron Head|p1a: Hippowdon\n|-damage|p1a: Hippowdon|242\/420\n|move|p1a: Hippowdon|Earthquake|p2a: The Cutter\n|-crit|p2a: The Cutter\n|-damage|p2a: The Cutter|123\/343\n|\n|-weather|Sandstorm|[upkeep]\n|-heal|p1a: Hippowdon|268\/420|[from] item: Leftovers\n|upkeep\n|turn|27\n|choice|switch 5|move ironhead\n|\n|switch|p1a: Ferrothorn|Ferrothorn, M|346\/352\n|-damage|p1a: Ferrothorn|302\/352|[from] Spikes\n|-damage|p1a: Ferrothorn|280\/352|[from] Stealth Rock\n|move|p2a: The Cutter|Iron Head|p1a: Ferrothorn\n|-resisted|p1a: Ferrothorn\n|-damage|p1a: Ferrothorn|207\/352\n|-damage|p2a: The Cutter|81\/343|[from] ability: Iron Barbs|[of] p1a: Ferrothorn\n|\n|-weather|Sandstorm|[upkeep]\n|-heal|p1a: Ferrothorn|229\/352|[from] item: Leftovers\n|upkeep\n|turn|28\n|choice|move leechseed|move ironhead\n|\n|move|p2a: The Cutter|Iron Head|p1a: Ferrothorn\n|-resisted|p1a: Ferrothorn\n|-damage|p1a: Ferrothorn|151\/352\n|-damage|p2a: The Cutter|39\/343|[from] ability: Iron Barbs|[of] p1a: Ferrothorn\n|move|p1a: Ferrothorn|Leech Seed|p2a: The Cutter\n|-start|p2a: The Cutter|move: Leech Seed\n|\n|-weather|Sandstorm|[upkeep]\n|-heal|p1a: Ferrothorn|173\/352|[from] item: Leftovers\n|-damage|p2a: The Cutter|0 fnt|[from] Leech Seed|[of] p1a: Ferrothorn\n|-heal|p1a: Ferrothorn|212\/352|[silent]\n|upkeep\n|faint|p2a: The Cutter\n|choice||switch 5\n|\n|switch|p2a: Alice|Tapu Lele|38\/281\n|-damage|p2a: Alice|3\/281|[from] Stealth Rock\n|-fieldstart|move: Psychic Terrain|[from] ability: Psychic Surge|[of] p2a: Alice\n|turn|29\n|choice|move protect|move hiddenpower\n|\n|move|p1a: Ferrothorn|Protect|p1a: Ferrothorn\n|-singleturn|p1a: Ferrothorn|Protect\n|move|p2a: Alice|Hidden Power|p1a: Ferrothorn\n|-activate|p1a: Ferrothorn|move: Protect\n|\n|-weather|none\n|-heal|p1a: Ferrothorn|234\/352|[from] item: Leftovers\n|upkeep\n|turn|30\n|choice|switch 4|move hiddenpower\n|\n|switch|p1a: Medicham|Medicham-Mega, F|165\/261\n|-damage|p1a: Medicham|149\/261|[from] Stealth Rock\n|-damage|p1a: Medicham|117\/261|[from] Spikes\n|move|p2a: Alice|Hidden Power|p1a: Medicham\n|-damage|p1a: Medicham|36\/261\n|\n|upkeep\n|turn|31\n|choice|move fakeout|move moonblast\n|\n|move|p1a: Medicham|Fake Out|p2a: Alice\n|-activate|p2a: Alice|move: Psychic Terrain\n|move|p2a: Alice|Moonblast|p1a: Medicham\n|-supereffective|p1a: Medicham\n|-damage|p1a: Medicham|0 fnt\n|faint|p1a: Medicham\n|\n|upkeep\n|choice|switch 5|\n|\n|switch|p1a: Hippowdon|Hippowdon, M|268\/420\n|-damage|p1a: Hippowdon|242\/420|[from] Stealth Rock\n|-damage|p1a: Hippowdon|190\/420|[from] Spikes\n|-weather|Sandstorm|[from] ability: Sand Stream|[of] p1a: Hippowdon\n|turn|32\n|choice|move slackoff|move psychic\n|\n|move|p2a: Alice|Psychic|p1a: Hippowdon\n|-damage|p1a: Hippowdon|0 fnt\n|faint|p1a: Hippowdon\n|\n|-weather|Sandstorm|[upkeep]\n|-damage|p2a: Alice|0 fnt|[from] sandstorm\n|upkeep\n|faint|p2a: Alice\n|c|\u2606Testlolololol|gg\n|choice|switch 4|switch 4\n|\n|switch|p2a: Clem|Lopunny-Mega, F|239\/271\n|switch|p1a: Ferrothorn|Ferrothorn, M|234\/352\n|-damage|p2a: Clem|223\/271|[from] Stealth Rock\n|-damage|p1a: Ferrothorn|212\/352|[from] Stealth Rock\n|-damage|p1a: Ferrothorn|168\/352|[from] Spikes\n|turn|33\n|choice|move leechseed|move firepunch\n|\n|move|p2a: Clem|Fire Punch|p1a: Ferrothorn\n|-supereffective|p1a: Ferrothorn\n|-damage|p1a: Ferrothorn|0 fnt\n|-damage|p2a: Clem|190\/271|[from] ability: Iron Barbs|[of] p1a: Ferrothorn\n|faint|p1a: Ferrothorn\n|\n|win|Testlolololol\n|raw|BigL91's rating: 1252 &rarr; <strong>1227<\/strong><br \/>(-25 for losing)\n|raw|Testlolololol's rating: 1261 &rarr; <strong>1286<\/strong><br \/>(+25 for winning)\n|l|BigL91","inputlog":null,"uploadtime":1505771553,"views":0,"p1id":"bigl91","p2id":"testlolololol","formatid":"gen7oususpecttest","rating":1227,"private":0,"password":null}