{"id":"gen7ou-1124386987","p1":"X-Wing Fighter","p2":"Pokeglace","format":"gen7ou","log":"|j|\u2606X-Wing Fighter\n|j|\u2606Pokeglace\n|inactive|Battle timer is ON: inactive players will automatically lose when time's up.\n|player|p1|X-Wing Fighter|ethan|\n|player|p2|Pokeglace|yellow|\n|teamsize|p1|6\n|teamsize|p2|6\n|gametype|singles\n|gen|7\n|tier|[Gen 7] OU\n|rated|Tournament battle\n|clearpoke\n|poke|p1|Ninetales-Alola, M|item\n|poke|p1|Conkeldurr, M|item\n|poke|p1|Landorus-Therian, M|item\n|poke|p1|Kartana|item\n|poke|p1|Manaphy|item\n|poke|p1|Scizor, M|item\n|poke|p2|Kommo-o, M|item\n|poke|p2|Heatran, F|item\n|poke|p2|Greninja, M|item\n|poke|p2|Tangrowth, M|item\n|poke|p2|Pinsir, M|item\n|poke|p2|Tapu Koko|item\n|rule|Sleep Clause Mod: Limit one foe put to sleep\n|rule|Species Clause: Limit one of each Pok\u00e9mon\n|rule|OHKO Clause: OHKO moves are banned\n|rule|Moody Clause: Moody is banned\n|rule|Evasion Moves Clause: Evasion moves are banned\n|rule|Endless Battle Clause: Forcing endless battles is banned\n|rule|HP Percentage Mod: HP is shown in percentages\n|teampreview\n|c|\u2606Pokeglace|glhf\n|c|\u2606X-Wing Fighter|u2\n|\n|start\n|switch|p1a: Landorus|Landorus-Therian, M|100\/100\n|switch|p2a: tapu goatgoat|Tapu Koko|100\/100\n|-fieldstart|move: Electric Terrain|[from] ability: Electric Surge|[of] p2a: tapu goatgoat\n|-ability|p1a: Landorus|Intimidate|boost\n|-unboost|p2a: tapu goatgoat|atk|1\n|turn|1\n|\n|move|p2a: tapu goatgoat|U-turn|p1a: Landorus\n|-resisted|p1a: Landorus\n|-damage|p1a: Landorus|92\/100\n|\n|switch|p2a: kommgo-goat|Kommo-o, M|100\/100|[from]move: U-turn\n|move|p1a: Landorus|Earthquake|p2a: kommgo-goat\n|-damage|p2a: kommgo-goat|47\/100\n|\n|upkeep\n|turn|2\n|\n|move|p1a: Landorus|Earthquake|p2a: kommgo-goat\n|-damage|p2a: kommgo-goat|0 fnt\n|faint|p2a: kommgo-goat\n|\n|upkeep\n|\n|switch|p2a: flying goat|Pinsir, M|100\/100\n|turn|3\n|\n|switch|p2a: tangrowgoat|Tangrowth, M|100\/100\n|move|p1a: Landorus|Explosion|p2a: tangrowgoat\n|-damage|p2a: tangrowgoat|32\/100\n|faint|p1a: Landorus\n|\n|upkeep\n|\n|switch|p1a: Ninetales|Ninetales-Alola, M|100\/100\n|-weather|Hail|[from] ability: Snow Warning|[of] p1a: Ninetales\n|turn|4\n|c|\u2606Pokeglace|well i played well\n|\n|switch|p2a: goatran|Heatran, F|100\/100\n|move|p1a: Ninetales|Aurora Veil|p1a: Ninetales\n|-sidestart|p1: X-Wing Fighter|move: Aurora Veil\n|\n|-weather|Hail|[upkeep]\n|-damage|p2a: goatran|94\/100|[from] Hail\n|upkeep\n|turn|5\n|c|\u2606X-Wing Fighter|yes u did\n|c|\u2606Pokeglace|lol\n|\n|move|p1a: Ninetales|Hypnosis|p2a: goatran|[miss]\n|-miss|p1a: Ninetales|p2a: goatran\n|move|p2a: goatran|Stealth Rock|p1a: Ninetales\n|-sidestart|p1: X-Wing Fighter|move: Stealth Rock\n|\n|-weather|Hail|[upkeep]\n|-damage|p2a: goatran|88\/100|[from] Hail\n|-fieldend|move: Electric Terrain\n|upkeep\n|turn|6\n|\n|move|p1a: Ninetales|Hypnosis|p2a: goatran\n|-status|p2a: goatran|slp|[from] move: Hypnosis\n|cant|p2a: goatran|slp\n|\n|-weather|Hail|[upkeep]\n|-damage|p2a: goatran|82\/100 slp|[from] Hail\n|upkeep\n|turn|7\n|c|\u2606Pokeglace|wow\n|c|\u2606X-Wing Fighter|lol\n|c|\u2606Pokeglace|that move does hit!\n|\n|switch|p1a: Conkeldurr|Conkeldurr, M|100\/100\n|-damage|p1a: Conkeldurr|94\/100|[from] Stealth Rock\n|switch|p2a: tapu goatgoat|Tapu Koko|100\/100\n|-fieldstart|move: Electric Terrain|[from] ability: Electric Surge|[of] p2a: tapu goatgoat\n|\n|-weather|Hail|[upkeep]\n|-damage|p2a: tapu goatgoat|94\/100|[from] Hail\n|-damage|p1a: Conkeldurr|88\/100|[from] Hail\n|-status|p1a: Conkeldurr|brn|[from] item: Flame Orb\n|upkeep\n|turn|8\n|c|\u2606X-Wing Fighter|rarely it does\n|\n|move|p2a: tapu goatgoat|U-turn|p1a: Conkeldurr\n|-resisted|p1a: Conkeldurr\n|-damage|p1a: Conkeldurr|83\/100 brn\n|\n|switch|p2a: flying goat|Pinsir, M|100\/100|[from]move: U-turn\n|move|p1a: Conkeldurr|Knock Off|p2a: flying goat\n|-damage|p2a: flying goat|52\/100\n|\n|-weather|none\n|-damage|p1a: Conkeldurr|77\/100 brn|[from] brn\n|upkeep\n|turn|9\n|\n|detailschange|p2a: flying goat|Pinsir-Mega, M\n|-mega|p2a: flying goat|Pinsir|Pinsirite\n|move|p2a: flying goat|Return|p1a: Conkeldurr\n|-supereffective|p1a: Conkeldurr\n|-damage|p1a: Conkeldurr|10\/100 brn\n|move|p1a: Conkeldurr|Knock Off|p2a: flying goat\n|-damage|p2a: flying goat|9\/100\n|\n|-damage|p1a: Conkeldurr|4\/100 brn|[from] brn\n|upkeep\n|turn|10\n|j| Zombini62\n|\n|move|p2a: flying goat|Quick Attack|p1a: Conkeldurr\n|-supereffective|p1a: Conkeldurr\n|-damage|p1a: Conkeldurr|0 fnt\n|faint|p1a: Conkeldurr\n|\n|upkeep\n|\n|switch|p1a: Ninetales|Ninetales-Alola, M|100\/100\n|-damage|p1a: Ninetales|75\/100|[from] Stealth Rock\n|-weather|Hail|[from] ability: Snow Warning|[of] p1a: Ninetales\n|turn|11\n|\n|move|p1a: Ninetales|Freeze-Dry|p2a: flying goat\n|-supereffective|p2a: flying goat\n|-damage|p2a: flying goat|0 fnt\n|faint|p2a: flying goat\n|\n|-weather|Hail|[upkeep]\n|-sideend|p1: X-Wing Fighter|move: Aurora Veil\n|-fieldend|move: Electric Terrain\n|upkeep\n|\n|switch|p2a: tapu goatgoat|Tapu Koko|94\/100\n|-fieldstart|move: Electric Terrain|[from] ability: Electric Surge|[of] p2a: tapu goatgoat\n|turn|12\n|\n|move|p2a: tapu goatgoat|Wild Charge|p1a: Ninetales\n|-damage|p1a: Ninetales|0 fnt\n|-damage|p2a: tapu goatgoat|75\/100|[from] Recoil\n|faint|p1a: Ninetales\n|\n|-weather|Hail|[upkeep]\n|-damage|p2a: tapu goatgoat|69\/100|[from] Hail\n|upkeep\n|\n|switch|p1a: Kartana|Kartana|100\/100\n|-damage|p1a: Kartana|94\/100|[from] Stealth Rock\n|turn|13\n|\n|switch|p2a: goatran|Heatran, F|82\/100 slp\n|move|p1a: Kartana|Sacred Sword|p2a: goatran\n|-supereffective|p2a: goatran\n|-damage|p2a: goatran|5\/100 slp\n|-enditem|p2a: goatran|Wiki Berry|[eat]\n|-heal|p2a: goatran|54\/100 slp|[from] item: Wiki Berry\n|\n|-weather|Hail|[upkeep]\n|-damage|p1a: Kartana|88\/100|[from] Hail\n|-damage|p2a: goatran|48\/100 slp|[from] Hail\n|upkeep\n|turn|14\n|\n|switch|p1a: Manaphy|Manaphy|100\/100\n|-damage|p1a: Manaphy|88\/100|[from] Stealth Rock\n|cant|p2a: goatran|slp\n|\n|-weather|Hail|[upkeep]\n|-damage|p1a: Manaphy|82\/100|[from] Hail\n|-damage|p2a: goatran|42\/100 slp|[from] Hail\n|upkeep\n|turn|15\n|\n|move|p1a: Manaphy|Tail Glow|p1a: Manaphy\n|-boost|p1a: Manaphy|spa|3\n|-curestatus|p2a: goatran|slp|[msg]\n|move|p2a: goatran|Earth Power|p1a: Manaphy\n|-damage|p1a: Manaphy|48\/100\n|\n|-weather|none\n|upkeep\n|turn|16\n|\n|-zpower|p1a: Manaphy\n|move|p1a: Manaphy|Z-Rain Dance|p1a: Manaphy|[anim]Rain Dance\n|-boost|p1a: Manaphy|spe|1|[zeffect]\n|-weather|RainDance\n|move|p2a: goatran|Earth Power|p1a: Manaphy\n|-damage|p1a: Manaphy|11\/100\n|\n|-weather|RainDance|[upkeep]\n|-fieldend|move: Electric Terrain\n|upkeep\n|turn|17\n|j| yummE plops\n|\n|move|p1a: Manaphy|Surf|p2a: goatran\n|-supereffective|p2a: goatran\n|-damage|p2a: goatran|0 fnt\n|faint|p2a: goatran\n|\n|-weather|RainDance|[upkeep]\n|upkeep\n|c|\u2606X-Wing Fighter|oh wait\n|\n|switch|p2a: tapu goatgoat|Tapu Koko|69\/100\n|-fieldstart|move: Electric Terrain|[from] ability: Electric Surge|[of] p2a: tapu goatgoat\n|turn|18\n|\n|move|p2a: tapu goatgoat|U-turn|p1a: Manaphy\n|-damage|p1a: Manaphy|0 fnt\n|faint|p1a: Manaphy\n|c| Zombini62|L\n|c|\u2606X-Wing Fighter|yeah rip\n|\n|switch|p2a: goatninja|Greninja, M|100\/100|[from]move: U-turn\n|\n|-weather|RainDance|[upkeep]\n|upkeep\n|\n|switch|p1a: Kartana|Kartana|88\/100\n|-damage|p1a: Kartana|82\/100|[from] Stealth Rock\n|turn|19\n|\n|switch|p2a: tangrowgoat|Tangrowth, M|66\/100\n|move|p1a: Kartana|Sacred Sword|p2a: tangrowgoat\n|-damage|p2a: tangrowgoat|39\/100\n|\n|-weather|RainDance|[upkeep]\n|upkeep\n|turn|20\n|\n|switch|p1a: Scizor|Scizor, M|100\/100\n|-damage|p1a: Scizor|88\/100|[from] Stealth Rock\n|move|p2a: tangrowgoat|Earthquake|p1a: Scizor\n|-damage|p1a: Scizor|68\/100\n|\n|-weather|none\n|upkeep\n|turn|21\n|\n|detailschange|p1a: Scizor|Scizor-Mega, M\n|-mega|p1a: Scizor|Scizor|Scizorite\n|move|p1a: Scizor|Roost|p1a: Scizor\n|-heal|p1a: Scizor|100\/100\n|-singleturn|p1a: Scizor|move: Roost\n|move|p2a: tangrowgoat|Earthquake|p1a: Scizor\n|-crit|p1a: Scizor\n|-damage|p1a: Scizor|78\/100\n|\n|upkeep\n|turn|22\n|j| NA Weezing\n|l| NA Weezing\n|\n|switch|p2a: tapu goatgoat|Tapu Koko|69\/100\n|move|p1a: Scizor|Roost|p1a: Scizor\n|-heal|p1a: Scizor|100\/100\n|-singleturn|p1a: Scizor|move: Roost\n|\n|-fieldend|move: Electric Terrain\n|upkeep\n|turn|23\n|\n|move|p1a: Scizor|Bullet Punch|p2a: tapu goatgoat\n|-damage|p2a: tapu goatgoat|28\/100\n|move|p2a: tapu goatgoat|Wild Charge|p1a: Scizor\n|-damage|p1a: Scizor|73\/100\n|-damage|p2a: tapu goatgoat|19\/100|[from] Recoil\n|\n|upkeep\n|turn|24\n|\n|move|p2a: tapu goatgoat|Wild Charge|p1a: Scizor\n|-damage|p1a: Scizor|46\/100\n|-damage|p2a: tapu goatgoat|10\/100|[from] Recoil\n|move|p1a: Scizor|Roost|p1a: Scizor\n|-heal|p1a: Scizor|96\/100\n|-singleturn|p1a: Scizor|move: Roost\n|\n|upkeep\n|turn|25\n|j| rog1c\n|l| rog1c\n|c|\u2606Pokeglace|rip hp fire on tangroth\n|\n|move|p1a: Scizor|Bullet Punch|p2a: tapu goatgoat\n|-damage|p2a: tapu goatgoat|0 fnt\n|faint|p2a: tapu goatgoat\n|\n|upkeep\n|\n|switch|p2a: goatninja|Greninja, M|100\/100\n|turn|26\n|\n|move|p2a: goatninja|Hydro Pump|p1a: Scizor\n|-crit|p1a: Scizor\n|-damage|p1a: Scizor|3\/100\n|move|p1a: Scizor|U-turn|p2a: goatninja\n|-supereffective|p2a: goatninja\n|-damage|p2a: goatninja|0 fnt\n|faint|p2a: goatninja\n|c|\u2606Pokeglace|oh god that was so close\n|\n|switch|p1a: Kartana|Kartana|82\/100|[from]move: U-turn\n|-damage|p1a: Kartana|76\/100|[from] Stealth Rock\n|\n|upkeep\n|\n|switch|p2a: tangrowgoat|Tangrowth, M|72\/100\n|turn|27\n|\n|move|p1a: Kartana|Sacred Sword|p2a: tangrowgoat\n|-damage|p2a: tangrowgoat|46\/100\n|move|p2a: tangrowgoat|Hidden Power|p1a: Kartana\n|-damage|p1a: Kartana|29\/100\n|\n|upkeep\n|turn|28\n|c|\u2606X-Wing Fighter|bruh\n|c|\u2606X-Wing Fighter|gg\n|c|\u2606X-Wing Fighter|lol\n|c|\u2606Pokeglace|gg\n|\n|move|p1a: Kartana|Sacred Sword|p2a: tangrowgoat\n|-damage|p2a: tangrowgoat|20\/100\n|move|p2a: tangrowgoat|Hidden Power|p1a: Kartana\n|-damage|p1a: Kartana|0 fnt\n|faint|p1a: Kartana\n|\n|upkeep\n|c|\u2606Pokeglace|lol\n|\n|switch|p1a: Scizor|Scizor-Mega, M|3\/100\n|-damage|p1a: Scizor|0 fnt|[from] Stealth Rock\n|faint|p1a: Scizor\n|\n|win|Pokeglace\n","uploadtime":1590942515,"views":20,"p1id":"xwingfighter","p2id":"pokeglace","formatid":"gen7ou","rating":0,"private":0,"password":null}