{"id":"gen7ubers-742947287","p1":"ZQ8x","p2":"BigL91","format":"gen7ubers","log":"|j|\u2606ZQ8x\n|j|\u2606BigL91\n|player|p1|ZQ8x|262\n|player|p2|BigL91|101\n|teamsize|p1|6\n|teamsize|p2|6\n|gametype|singles\n|gen|7\n|tier|[Gen 7] Ubers\n|rated|\n|rule|Sleep Clause Mod: Limit one foe put to sleep\n|rule|Species Clause: Limit one of each Pok\u00e9mon\n|rule|OHKO Clause: OHKO moves are banned\n|rule|Moody Clause: Moody is banned\n|rule|Evasion Moves Clause: Evasion moves are banned\n|rule|Endless Battle Clause: Forcing endless battles is banned\n|rule|HP Percentage Mod: HP is shown in percentages\n|clearpoke\n|poke|p1|Arceus-*|item\n|poke|p1|Ho-Oh|item\n|poke|p1|Necrozma-Dusk-Mane|item\n|poke|p1|Yveltal|item\n|poke|p1|Groudon|item\n|poke|p1|Mewtwo|item\n|poke|p2|Kyogre|item\n|poke|p2|Groudon|item\n|poke|p2|Yveltal|item\n|poke|p2|Necrozma-Dusk-Mane|item\n|poke|p2|Arceus-*|item\n|poke|p2|Mewtwo|item\n|rule|Mega Rayquaza Clause: You cannot mega evolve Rayquaza\n|teampreview\n|\n|start\n|switch|p1a: Yveltal|Yveltal|100\/100\n|switch|p2a: Yveltal|Yveltal|100\/100\n|-ability|p1a: Yveltal|Dark Aura\n|-ability|p2a: Yveltal|Dark Aura\n|turn|1\n|\n|move|p1a: Yveltal|Knock Off|p2a: Yveltal\n|-resisted|p2a: Yveltal\n|-damage|p2a: Yveltal|82\/100\n|-enditem|p2a: Yveltal|Leftovers|[from] move: Knock Off|[of] p1a: Yveltal\n|-damage|p1a: Yveltal|91\/100|[from] item: Life Orb\n|move|p2a: Yveltal|U-turn|p1a: Yveltal\n|-damage|p1a: Yveltal|75\/100\n|\n|switch|p2a: Groudon|Groudon|100\/100\n|detailschange|p2a: Groudon|Groudon-Primal\n|-primal|p2a: Groudon\n|-weather|DesolateLand|[from] ability: Desolate Land|[of] p2a: Groudon\n|\n|-weather|DesolateLand|[upkeep]\n|upkeep\n|turn|2\n|\n|move|p1a: Yveltal|Oblivion Wing|p2a: Groudon\n|-damage|p2a: Groudon|50\/100\n|-heal|p1a: Yveltal|100\/100|[from] drain|[of] p2a: Groudon\n|-damage|p1a: Yveltal|91\/100|[from] item: Life Orb\n|move|p2a: Groudon|Fire Blast|p1a: Yveltal\n|-damage|p1a: Yveltal|0 fnt\n|faint|p1a: Yveltal\n|\n|-weather|DesolateLand|[upkeep]\n|upkeep\n|\n|switch|p1a: Mewtwo|Mewtwo|100\/100\n|-ability|p1a: Mewtwo|Pressure\n|turn|3\n|\n|-weather|none\n|switch|p2a: Necrozma|Necrozma-Dusk-Mane|100\/100\n|-mega|p1a: Mewtwo|Mewtwo|Mewtwonite X\n|detailschange|p1a: Mewtwo|Mewtwo-Mega-X\n|move|p1a: Mewtwo|Low Kick|p2a: Necrozma\n|-damage|p2a: Necrozma|42\/100\n|\n|upkeep\n|turn|4\n|\n|switch|p2a: Yveltal|Yveltal|82\/100\n|-ability|p2a: Yveltal|Dark Aura\n|move|p1a: Mewtwo|Low Kick|p2a: Yveltal\n|-damage|p2a: Yveltal|38\/100\n|\n|upkeep\n|turn|5\n|\n|switch|p2a: Arceus|Arceus-Fairy|100\/100\n|move|p1a: Mewtwo|Low Kick|p2a: Arceus\n|-resisted|p2a: Arceus\n|-damage|p2a: Arceus|77\/100\n|\n|upkeep\n|turn|6\n|\n|switch|p1a: Ho-Oh|Ho-Oh|100\/100\n|move|p2a: Arceus|Recover|p2a: Arceus\n|-heal|p2a: Arceus|100\/100\n|\n|upkeep\n|turn|7\n|\n|switch|p2a: Kyogre|Kyogre|100\/100\n|detailschange|p2a: Kyogre|Kyogre-Primal\n|-primal|p2a: Kyogre\n|-weather|PrimordialSea|[from] ability: Primordial Sea|[of] p2a: Kyogre\n|move|p1a: Ho-Oh|Brave Bird|p2a: Kyogre\n|-damage|p2a: Kyogre|0 fnt\n|-damage|p1a: Ho-Oh|73\/100|[from] Recoil\n|faint|p2a: Kyogre\n|-weather|none\n|\n|upkeep\n|\n|switch|p2a: Mewtwo|Mewtwo|100\/100\n|-ability|p2a: Mewtwo|Pressure\n|turn|8\n|\n|-mega|p2a: Mewtwo|Mewtwo|Mewtwonite X\n|detailschange|p2a: Mewtwo|Mewtwo-Mega-X\n|move|p2a: Mewtwo|Stone Edge|p1a: Ho-Oh|[miss]\n|-miss|p2a: Mewtwo|p1a: Ho-Oh\n|move|p1a: Ho-Oh|Brave Bird|p2a: Mewtwo\n|-supereffective|p2a: Mewtwo\n|-damage|p2a: Mewtwo|0 fnt\n|-damage|p1a: Ho-Oh|45\/100|[from] Recoil\n|faint|p2a: Mewtwo\n|\n|upkeep\n|-message|BigL91 forfeited.\n|\n|win|ZQ8x\n|l|\u2606BigL91\n|j| Lastman13\n","inputlog":null,"uploadtime":1525541546,"views":40,"p1id":"zq8x","p2id":"bigl91","formatid":"gen7ubers","rating":0,"private":0,"password":null}