{"id":"gen7ou-996694933","p1":"Rayhaan Toreador","p2":"lord cube","format":"gen7ou","log":"|j|\u2606Rayhaan Toreador\n|j|\u2606lord cube\n|player|p1|Rayhaan Toreador|162|1529\n|player|p2|lord cube|pokemonranger-gen4|1478\n|teamsize|p1|6\n|teamsize|p2|6\n|gametype|singles\n|gen|7\n|tier|[Gen 7] OU\n|rated|\n|rule|Sleep Clause Mod: Limit one foe put to sleep\n|rule|Species Clause: Limit one of each Pok\u00e9mon\n|rule|OHKO Clause: OHKO moves are banned\n|rule|Moody Clause: Moody is banned\n|rule|Evasion Moves Clause: Evasion moves are banned\n|rule|Endless Battle Clause: Forcing endless battles is banned\n|rule|HP Percentage Mod: HP is shown in percentages\n|clearpoke\n|poke|p1|Latias, F|item\n|poke|p1|Mew|item\n|poke|p1|Raikou|item\n|poke|p1|Hippowdon, M|item\n|poke|p1|Greninja, M|item\n|poke|p1|Thundurus, M|item\n|poke|p2|Volcarona, F|item\n|poke|p2|Ferrothorn, M|item\n|poke|p2|Landorus-Therian, M|item\n|poke|p2|Greninja, M|item\n|poke|p2|Tapu Fini|item\n|poke|p2|Medicham, M|item\n|teampreview\n|inactive|Battle timer is ON: inactive players will automatically lose when time's up. (requested by lord cube)\n|\n|start\n|switch|p1a: Mew|Mew, shiny|100\/100\n|switch|p2a: Greninja|Greninja, M|100\/100\n|turn|1\n|\n|switch|p1a: Raikou|Raikou, shiny|100\/100\n|-ability|p1a: Raikou|Pressure\n|move|p2a: Greninja|Dark Pulse|p1a: Raikou\n|-damage|p1a: Raikou|61\/100\n|\n|upkeep\n|turn|2\n|\n|switch|p2a: Landorus|Landorus-Therian, M|100\/100\n|-ability|p2a: Landorus|Intimidate|boost\n|-unboost|p1a: Raikou|atk|1\n|move|p1a: Raikou|Hidden Power|p2a: Landorus\n|-supereffective|p2a: Landorus\n|-damage|p2a: Landorus|5\/100\n|\n|upkeep\n|turn|3\n|\n|switch|p1a: Thundurus|Thundurus, M, shiny|100\/100\n|move|p2a: Landorus|U-turn|p1a: Thundurus\n|-resisted|p1a: Thundurus\n|-damage|p1a: Thundurus|82\/100\n|\n|switch|p2a: Ferrothorn|Ferrothorn, M|100\/100|[from]move: U-turn\n|\n|upkeep\n|turn|4\n|\n|move|p1a: Thundurus|Focus Blast|p2a: Ferrothorn\n|-supereffective|p2a: Ferrothorn\n|-damage|p2a: Ferrothorn|36\/100\n|-damage|p1a: Thundurus|73\/100|[from] item: Life Orb\n|move|p2a: Ferrothorn|Leech Seed|p1a: Thundurus\n|-start|p1a: Thundurus|move: Leech Seed\n|\n|-heal|p2a: Ferrothorn|43\/100|[from] item: Leftovers\n|-damage|p1a: Thundurus|60\/100|[from] Leech Seed|[of] p2a: Ferrothorn\n|-heal|p2a: Ferrothorn|53\/100|[silent]\n|upkeep\n|turn|5\n|\n|switch|p1a: Raikou|Raikou, shiny|61\/100\n|-ability|p1a: Raikou|Pressure\n|switch|p2a: Tapu Fini|Tapu Fini|100\/100\n|-fieldstart|move: Misty Terrain|[from] ability: Misty Surge|[of] p2a: Tapu Fini\n|\n|upkeep\n|turn|6\n|\n|switch|p2a: Ferrothorn|Ferrothorn, M|53\/100\n|move|p1a: Raikou|Shadow Ball|p2a: Ferrothorn\n|-damage|p2a: Ferrothorn|37\/100\n|\n|-heal|p2a: Ferrothorn|43\/100|[from] item: Leftovers\n|upkeep\n|turn|7\n|\n|move|p1a: Raikou|Volt Switch|p2a: Ferrothorn\n|-resisted|p2a: Ferrothorn\n|-damage|p2a: Ferrothorn|33\/100\n|\n|switch|p1a: Mew|Mew, shiny|100\/100|[from]move: Volt Switch\n|move|p2a: Ferrothorn|Stealth Rock|p1a: Mew\n|-sidestart|p1: Rayhaan Toreador|move: Stealth Rock\n|\n|-heal|p2a: Ferrothorn|39\/100|[from] item: Leftovers\n|upkeep\n|turn|8\n|\n|move|p1a: Mew|Fire Blast|p2a: Ferrothorn\n|-supereffective|p2a: Ferrothorn\n|-damage|p2a: Ferrothorn|0 fnt\n|faint|p2a: Ferrothorn\n|\n|upkeep\n|\n|switch|p2a: Greninja|Greninja, M|100\/100\n|turn|9\n|\n|move|p2a: Greninja|Dark Pulse|p1a: Mew\n|-supereffective|p1a: Mew\n|-damage|p1a: Mew|14\/100\n|move|p1a: Mew|Giga Drain|p2a: Greninja\n|-supereffective|p2a: Greninja\n|-damage|p2a: Greninja|49\/100\n|-heal|p1a: Mew|34\/100|[from] drain|[of] p2a: Greninja\n|\n|-fieldend|Misty Terrain\n|upkeep\n|turn|10\n|\n|switch|p1a: Greninja|Greninja, M|100\/100\n|-damage|p1a: Greninja|88\/100|[from] Stealth Rock\n|move|p2a: Greninja|Dark Pulse|p1a: Greninja\n|-resisted|p1a: Greninja\n|-damage|p1a: Greninja|44\/100\n|\n|upkeep\n|turn|11\n|\n|switch|p2a: Tapu Fini|Tapu Fini|100\/100\n|-fieldstart|move: Misty Terrain|[from] ability: Misty Surge|[of] p2a: Tapu Fini\n|move|p1a: Greninja|Low Kick|p2a: Tapu Fini\n|-resisted|p2a: Tapu Fini\n|-damage|p2a: Tapu Fini|94\/100\n|-damage|p1a: Greninja|35\/100|[from] item: Life Orb\n|\n|-heal|p2a: Tapu Fini|100\/100|[from] item: Leftovers\n|upkeep\n|turn|12\n|\n|move|p1a: Greninja|Gunk Shot|p2a: Tapu Fini|[miss]\n|-miss|p1a: Greninja|p2a: Tapu Fini\n|move|p2a: Tapu Fini|Moonblast|p1a: Greninja\n|-supereffective|p1a: Greninja\n|-damage|p1a: Greninja|0 fnt\n|faint|p1a: Greninja\n|\n|upkeep\n|\n|switch|p1a: Thundurus|Thundurus, M, shiny|60\/100\n|-damage|p1a: Thundurus|36\/100|[from] Stealth Rock\n|turn|13\n|\n|switch|p2a: Landorus|Landorus-Therian, M|5\/100\n|-ability|p2a: Landorus|Intimidate|boost\n|-unboost|p1a: Thundurus|atk|1\n|move|p1a: Thundurus|Thunderbolt|p2a: Landorus\n|-immune|p2a: Landorus\n|\n|upkeep\n|turn|14\n|\n|move|p2a: Landorus|U-turn|p1a: Thundurus\n|-resisted|p1a: Thundurus\n|-damage|p1a: Thundurus|17\/100\n|inactive|lord cube has 120 seconds left.\n|\n|switch|p2a: Tapu Fini|Tapu Fini|100\/100|[from]move: U-turn\n|move|p1a: Thundurus|Focus Blast|p2a: Tapu Fini|[miss]\n|-miss|p1a: Thundurus|p2a: Tapu Fini\n|\n|upkeep\n|turn|15\n|inactive|lord cube has 120 seconds left.\n|\n|move|p1a: Thundurus|Thunderbolt|p2a: Tapu Fini\n|-supereffective|p2a: Tapu Fini\n|-damage|p2a: Tapu Fini|13\/100\n|-damage|p1a: Thundurus|7\/100|[from] item: Life Orb\n|move|p2a: Tapu Fini|Moonblast|p1a: Thundurus\n|-damage|p1a: Thundurus|0 fnt\n|faint|p1a: Thundurus\n|\n|-heal|p2a: Tapu Fini|19\/100|[from] item: Leftovers\n|-fieldend|Misty Terrain\n|upkeep\n|\n|switch|p1a: Latias|Latias, F, shiny|100\/100\n|-damage|p1a: Latias|88\/100|[from] Stealth Rock\n|turn|16\n|\n|detailschange|p1a: Latias|Latias-Mega, F, shiny\n|-mega|p1a: Latias|Latias|Latiasite\n|move|p1a: Latias|Calm Mind|p1a: Latias\n|-boost|p1a: Latias|spa|1\n|-boost|p1a: Latias|spd|1\n|move|p2a: Tapu Fini|Taunt|p1a: Latias\n|-start|p1a: Latias|move: Taunt\n|\n|-heal|p2a: Tapu Fini|26\/100|[from] item: Leftovers\n|upkeep\n|turn|17\n|\n|move|p1a: Latias|Stored Power|p2a: Tapu Fini\n|-damage|p2a: Tapu Fini|0 fnt\n|faint|p2a: Tapu Fini\n|\n|upkeep\n|\n|switch|p2a: Landorus|Landorus-Therian, M|5\/100\n|-ability|p2a: Landorus|Intimidate|boost\n|-unboost|p1a: Latias|atk|1\n|turn|18\n|\n|move|p2a: Landorus|Stone Edge|p1a: Latias\n|-damage|p1a: Latias|66\/100\n|move|p1a: Latias|Dragon Pulse|p2a: Landorus\n|-damage|p2a: Landorus|0 fnt\n|faint|p2a: Landorus\n|\n|upkeep\n|\n|switch|p2a: Greninja|Greninja, M|49\/100\n|turn|19\n|\n|move|p2a: Greninja|Dark Pulse|p1a: Latias\n|-supereffective|p1a: Latias\n|-damage|p1a: Latias|15\/100\n|move|p1a: Latias|Dragon Pulse|p2a: Greninja\n|-damage|p2a: Greninja|0 fnt\n|faint|p2a: Greninja\n|\n|-end|p1a: Latias|move: Taunt\n|upkeep\n|\n|switch|p2a: Medicham|Medicham, M|100\/100\n|turn|20\n|\n|detailschange|p2a: Medicham|Medicham-Mega, M\n|-mega|p2a: Medicham|Medicham|Medichamite\n|move|p2a: Medicham|Fake Out|p1a: Latias\n|-damage|p1a: Latias|0 fnt\n|faint|p1a: Latias\n|\n|upkeep\n|\n|switch|p1a: Mew|Mew, shiny|34\/100\n|-damage|p1a: Mew|21\/100|[from] Stealth Rock\n|turn|21\n|\n|-zpower|p1a: Mew\n|move|p1a: Mew|Genesis Supernova|p2a: Medicham|[zeffect]\n|-damage|p2a: Medicham|1\/100\n|-fieldstart|move: Psychic Terrain\n|move|p2a: Medicham|Thunder Punch|p1a: Mew\n|-damage|p1a: Mew|0 fnt\n|faint|p1a: Mew\n|\n|upkeep\n|\n|switch|p1a: Raikou|Raikou, shiny|61\/100\n|-damage|p1a: Raikou|48\/100|[from] Stealth Rock\n|-ability|p1a: Raikou|Pressure\n|turn|22\n|\n|move|p1a: Raikou|Volt Switch|p2a: Medicham\n|-damage|p2a: Medicham|0 fnt\n|faint|p2a: Medicham\n|\n|switch|p1a: Hippowdon|Hippowdon, M, shiny|100\/100|[from]move: Volt Switch\n|-damage|p1a: Hippowdon|94\/100|[from] Stealth Rock\n|-weather|Sandstorm|[from] ability: Sand Stream|[of] p1a: Hippowdon\n|\n|-weather|Sandstorm|[upkeep]\n|upkeep\n|\n|switch|p2a: Volcarona|Volcarona, F|100\/100\n|turn|23\n|\n|move|p2a: Volcarona|Quiver Dance|p2a: Volcarona\n|-boost|p2a: Volcarona|spa|1\n|-boost|p2a: Volcarona|spd|1\n|-boost|p2a: Volcarona|spe|1\n|move|p1a: Hippowdon|Rock Tomb|p2a: Volcarona\n|-supereffective|p2a: Volcarona\n|-damage|p2a: Volcarona|31\/100\n|-unboost|p2a: Volcarona|spe|1\n|\n|-weather|Sandstorm|[upkeep]\n|-damage|p2a: Volcarona|25\/100|[from] Sandstorm\n|upkeep\n|turn|24\n|\n|-zpower|p2a: Volcarona\n|move|p2a: Volcarona|Inferno Overdrive|p1a: Hippowdon|[zeffect]\n|-damage|p1a: Hippowdon|0 fnt\n|faint|p1a: Hippowdon\n|\n|-weather|Sandstorm|[upkeep]\n|-damage|p2a: Volcarona|18\/100|[from] Sandstorm\n|upkeep\n|\n|switch|p1a: Raikou|Raikou, shiny|48\/100\n|-damage|p1a: Raikou|36\/100|[from] Stealth Rock\n|-ability|p1a: Raikou|Pressure\n|turn|25\n|\n|move|p1a: Raikou|Thunderbolt|p2a: Volcarona\n|-damage|p2a: Volcarona|0 fnt\n|faint|p2a: Volcarona\n|\n|win|Rayhaan Toreador\n|l|\u2606lord cube\n|raw|Rayhaan Toreador's rating: 1529 &rarr; <strong>1545<\/strong><br \/>(+16 for winning)\n|raw|lord cube's rating: 1460 &rarr; <strong>1444<\/strong><br \/>(-16 for losing)\n","uploadtime":1571753855,"views":9,"p1id":"rayhaantoreador","p2id":"lordcube","formatid":"gen7ou","rating":1444,"private":0,"password":null}