{"id":"gen7ou-938609768","p1":"smee maimen","p2":"BigL91","format":"gen7ou","log":"|j|\u2606smee maimen\n|j|\u2606BigL91\n|player|p1|smee maimen|84\n|player|p2|BigL91|135\n|teamsize|p1|6\n|teamsize|p2|6\n|gametype|singles\n|gen|7\n|tier|[Gen 7] OU\n|rated|\n|rule|Sleep Clause Mod: Limit one foe put to sleep\n|rule|Species Clause: Limit one of each Pok\u00e9mon\n|rule|OHKO Clause: OHKO moves are banned\n|rule|Moody Clause: Moody is banned\n|rule|Evasion Moves Clause: Evasion moves are banned\n|rule|Endless Battle Clause: Forcing endless battles is banned\n|rule|HP Percentage Mod: HP is shown in percentages\n|clearpoke\n|poke|p1|Skarmory, M|item\n|poke|p1|Tyranitar, M|item\n|poke|p1|Magnezone|item\n|poke|p1|Aggron, M|item\n|poke|p1|Buzzwole|item\n|poke|p1|Swampert, M|item\n|poke|p2|Charizard, F|item\n|poke|p2|Weavile, F|item\n|poke|p2|Excadrill, M|item\n|poke|p2|Clefable, F|item\n|poke|p2|Toxapex, F|item\n|poke|p2|Latias, F|item\n|teampreview\n|\n|start\n|switch|p1a: Wreckage Brother|Skarmory, M|100\/100\n|switch|p2a: Excadrill|Excadrill, M|100\/100\n|-ability|p2a: Excadrill|Mold Breaker\n|turn|1\n|\n|move|p2a: Excadrill|Stealth Rock|p1a: Wreckage Brother\n|-sidestart|p1: smee maimen|move: Stealth Rock\n|-zpower|p1a: Wreckage Brother\n|move|p1a: Wreckage Brother|Supersonic Skystrike|p2a: Excadrill|[zeffect]\n|-resisted|p2a: Excadrill\n|-damage|p2a: Excadrill|56\/100\n|\n|-heal|p2a: Excadrill|62\/100|[from] item: Leftovers\n|upkeep\n|turn|2\n|\n|switch|p2a: Charizard|Charizard, F|100\/100\n|switch|p1a: Bane|Buzzwole|100\/100\n|-damage|p1a: Bane|88\/100|[from] Stealth Rock\n|\n|upkeep\n|turn|3\n|\n|switch|p1a: Bill \"CIA\" Wilson|Swampert, M|100\/100\n|-damage|p1a: Bill \"CIA\" Wilson|94\/100|[from] Stealth Rock\n|detailschange|p2a: Charizard|Charizard-Mega-Y, F\n|-mega|p2a: Charizard|Charizard|Charizardite Y\n|-weather|SunnyDay|[from] ability: Drought|[of] p2a: Charizard\n|move|p2a: Charizard|Fire Blast|p1a: Bill \"CIA\" Wilson\n|-resisted|p1a: Bill \"CIA\" Wilson\n|-damage|p1a: Bill \"CIA\" Wilson|63\/100\n|\n|-weather|SunnyDay|[upkeep]\n|upkeep\n|turn|4\n|inactive|Battle timer is ON: inactive players will automatically lose when time's up. (requested by smee maimen)\n|\n|switch|p1a: A Hired Gun|Tyranitar, M|100\/100\n|-damage|p1a: A Hired Gun|88\/100|[from] Stealth Rock\n|-weather|Sandstorm|[from] ability: Sand Stream|[of] p1a: A Hired Gun\n|move|p2a: Charizard|Focus Blast|p1a: A Hired Gun\n|-supereffective|p1a: A Hired Gun\n|-damage|p1a: A Hired Gun|18\/100\n|\n|-weather|Sandstorm|[upkeep]\n|-damage|p2a: Charizard|94\/100|[from] Sandstorm\n|upkeep\n|turn|5\n|\n|move|p2a: Charizard|Focus Blast|p1a: A Hired Gun\n|-supereffective|p1a: A Hired Gun\n|-damage|p1a: A Hired Gun|0 fnt\n|faint|p1a: A Hired Gun\n|\n|-weather|Sandstorm|[upkeep]\n|-damage|p2a: Charizard|88\/100|[from] Sandstorm\n|upkeep\n|\n|switch|p1a: Bill \"CIA\" Wilson|Swampert, M|63\/100\n|-damage|p1a: Bill \"CIA\" Wilson|57\/100|[from] Stealth Rock\n|turn|6\n|\n|switch|p2a: Latias|Latias, F|100\/100\n|move|p1a: Bill \"CIA\" Wilson|Scald|p2a: Latias\n|-resisted|p2a: Latias\n|-damage|p2a: Latias|86\/100\n|-status|p2a: Latias|brn\n|\n|-weather|Sandstorm|[upkeep]\n|-damage|p2a: Latias|80\/100 brn|[from] Sandstorm\n|-damage|p2a: Latias|74\/100 brn|[from] brn\n|upkeep\n|turn|7\n|\n|switch|p1a: Wreckage Brother|Skarmory, M|100\/100\n|-damage|p1a: Wreckage Brother|88\/100|[from] Stealth Rock\n|move|p2a: Latias|Draco Meteor|p1a: Wreckage Brother\n|-resisted|p1a: Wreckage Brother\n|-damage|p1a: Wreckage Brother|47\/100\n|-unboost|p2a: Latias|spa|2\n|\n|-weather|Sandstorm|[upkeep]\n|-damage|p2a: Latias|68\/100 brn|[from] Sandstorm\n|-damage|p2a: Latias|62\/100 brn|[from] brn\n|upkeep\n|turn|8\n|inactive|smee maimen has 120 seconds left.\n|\n|switch|p2a: Charizard|Charizard-Mega-Y, F|88\/100\n|-weather|SunnyDay|[from] ability: Drought|[of] p2a: Charizard\n|move|p1a: Wreckage Brother|Stealth Rock|p2a: Charizard\n|-sidestart|p2: BigL91|move: Stealth Rock\n|\n|-weather|SunnyDay|[upkeep]\n|upkeep\n|turn|9\n|\n|switch|p1a: Bill \"CIA\" Wilson|Swampert, M|57\/100\n|-damage|p1a: Bill \"CIA\" Wilson|51\/100|[from] Stealth Rock\n|move|p2a: Charizard|Fire Blast|p1a: Bill \"CIA\" Wilson|[miss]\n|-miss|p2a: Charizard|p1a: Bill \"CIA\" Wilson\n|\n|-weather|SunnyDay|[upkeep]\n|upkeep\n|turn|10\n|\n|switch|p1a: Wreckage Brother|Skarmory, M|47\/100\n|-damage|p1a: Wreckage Brother|35\/100|[from] Stealth Rock\n|move|p2a: Charizard|Solar Beam||[still]\n|-prepare|p2a: Charizard|Solar Beam|p1a: Wreckage Brother\n|-anim|p2a: Charizard|Solar Beam|p1a: Wreckage Brother\n|-resisted|p1a: Wreckage Brother\n|-damage|p1a: Wreckage Brother|18\/100\n|\n|-weather|SunnyDay|[upkeep]\n|upkeep\n|turn|11\n|\n|move|p2a: Charizard|Fire Blast|p1a: Wreckage Brother\n|-supereffective|p1a: Wreckage Brother\n|-damage|p1a: Wreckage Brother|0 fnt\n|faint|p1a: Wreckage Brother\n|\n|-weather|SunnyDay|[upkeep]\n|upkeep\n|\n|switch|p1a: Masketta Man|Magnezone|100\/100\n|-damage|p1a: Masketta Man|94\/100|[from] Stealth Rock\n|turn|12\n|\n|switch|p2a: Excadrill|Excadrill, M|62\/100\n|-damage|p2a: Excadrill|59\/100|[from] Stealth Rock\n|-ability|p2a: Excadrill|Mold Breaker\n|switch|p1a: Bill \"CIA\" Wilson|Swampert, M|51\/100\n|-damage|p1a: Bill \"CIA\" Wilson|45\/100|[from] Stealth Rock\n|\n|-weather|none\n|-heal|p2a: Excadrill|65\/100|[from] item: Leftovers\n|upkeep\n|turn|13\n|\n|move|p2a: Excadrill|Rapid Spin|p1a: Bill \"CIA\" Wilson\n|-damage|p1a: Bill \"CIA\" Wilson|40\/100\n|-sideend|p2: BigL91|Stealth Rock|[from] move: Rapid Spin|[of] p2a: Excadrill\n|move|p1a: Bill \"CIA\" Wilson|Scald|p2a: Excadrill\n|-supereffective|p2a: Excadrill\n|-damage|p2a: Excadrill|17\/100\n|\n|-heal|p2a: Excadrill|23\/100|[from] item: Leftovers\n|upkeep\n|turn|14\n|inactive|smee maimen has 120 seconds left.\n|\n|move|p2a: Excadrill|Earthquake|p1a: Bill \"CIA\" Wilson\n|-damage|p1a: Bill \"CIA\" Wilson|0 fnt\n|faint|p1a: Bill \"CIA\" Wilson\n|\n|-heal|p2a: Excadrill|29\/100|[from] item: Leftovers\n|upkeep\n|\n|switch|p1a: Bane|Buzzwole|88\/100\n|-damage|p1a: Bane|76\/100|[from] Stealth Rock\n|turn|15\n|\n|move|p2a: Excadrill|Toxic|p1a: Bane\n|-status|p1a: Bane|tox\n|move|p1a: Bane|Drain Punch|p2a: Excadrill\n|-supereffective|p2a: Excadrill\n|-damage|p2a: Excadrill|0 fnt\n|-heal|p1a: Bane|90\/100 tox|[from] drain|[of] p2a: Excadrill\n|faint|p2a: Excadrill\n|-ability|p1a: Bane|Beast Boost|boost\n|-boost|p1a: Bane|atk|1\n|\n|-damage|p1a: Bane|84\/100 tox|[from] psn\n|upkeep\n|\n|switch|p2a: Charizard|Charizard-Mega-Y, F|88\/100\n|-weather|SunnyDay|[from] ability: Drought|[of] p2a: Charizard\n|turn|16\n|inactive|smee maimen has 120 seconds left.\n|\n|move|p2a: Charizard|Fire Blast|p1a: Bane|[miss]\n|-miss|p2a: Charizard|p1a: Bane\n|move|p1a: Bane|Poison Jab|p2a: Charizard\n|-damage|p2a: Charizard|18\/100\n|\n|-weather|SunnyDay|[upkeep]\n|-damage|p1a: Bane|72\/100 tox|[from] psn\n|upkeep\n|turn|17\n|\n|move|p2a: Charizard|Fire Blast|p1a: Bane\n|-supereffective|p1a: Bane\n|-damage|p1a: Bane|0 fnt\n|faint|p1a: Bane\n|\n|-weather|SunnyDay|[upkeep]\n|upkeep\n|\n|switch|p1a: Masketta Man|Magnezone|94\/100\n|-damage|p1a: Masketta Man|88\/100|[from] Stealth Rock\n|turn|18\n|\n|switch|p2a: Latias|Latias, F|62\/100 brn\n|move|p1a: Masketta Man|Thunderbolt|p2a: Latias\n|-resisted|p2a: Latias\n|-damage|p2a: Latias|39\/100 brn\n|\n|-weather|SunnyDay|[upkeep]\n|-damage|p2a: Latias|33\/100 brn|[from] brn\n|upkeep\n|turn|19\n|\n|switch|p1a: No Survivors|Aggron, M|100\/100\n|-damage|p1a: No Survivors|94\/100|[from] Stealth Rock\n|move|p2a: Latias|Healing Wish|p2a: Latias\n|faint|p2a: Latias\n|\n|-weather|SunnyDay|[upkeep]\n|upkeep\n|\n|switch|p2a: Charizard|Charizard-Mega-Y, F|18\/100\n|-heal|p2a: Charizard|100\/100|[from] move: Healing Wish\n|turn|20\n|\n|switch|p1a: Masketta Man|Magnezone|88\/100\n|-damage|p1a: Masketta Man|82\/100|[from] Stealth Rock\n|move|p2a: Charizard|Fire Blast|p1a: Masketta Man|[miss]\n|-miss|p2a: Charizard|p1a: Masketta Man\n|\n|-weather|none\n|upkeep\n|turn|21\n|\n|move|p2a: Charizard|Fire Blast|p1a: Masketta Man|[miss]\n|-miss|p2a: Charizard|p1a: Masketta Man\n|move|p1a: Masketta Man|Thunderbolt|p2a: Charizard\n|-supereffective|p2a: Charizard\n|-damage|p2a: Charizard|0 fnt\n|faint|p2a: Charizard\n|\n|upkeep\n|\n|switch|p2a: Weavile|Weavile, F|100\/100\n|-ability|p2a: Weavile|Pressure\n|turn|22\n|inactive|smee maimen has 120 seconds left.\n|\n|move|p2a: Weavile|Pursuit|p1a: Masketta Man\n|-damage|p1a: Masketta Man|54\/100\n|move|p1a: Masketta Man|Flash Cannon|p2a: Weavile\n|-supereffective|p2a: Weavile\n|-damage|p2a: Weavile|0 fnt\n|faint|p2a: Weavile\n|\n|upkeep\n|\n|switch|p2a: Clefable|Clefable, F|100\/100\n|turn|23\n|\n|move|p2a: Clefable|Cosmic Power|p2a: Clefable\n|-boost|p2a: Clefable|def|1\n|-boost|p2a: Clefable|spd|1\n|move|p1a: Masketta Man|Flash Cannon|p2a: Clefable\n|-supereffective|p2a: Clefable\n|-damage|p2a: Clefable|42\/100\n|\n|-heal|p2a: Clefable|48\/100|[from] item: Leftovers\n|upkeep\n|turn|24\n|\n|move|p2a: Clefable|Cosmic Power|p2a: Clefable\n|-boost|p2a: Clefable|def|1\n|-boost|p2a: Clefable|spd|1\n|move|p1a: Masketta Man|Flash Cannon|p2a: Clefable\n|-supereffective|p2a: Clefable\n|-damage|p2a: Clefable|0 fnt\n|faint|p2a: Clefable\n|\n|upkeep\n|\n|switch|p2a: Toxapex|Toxapex, F|100\/100\n|turn|25\n|\n|move|p1a: Masketta Man|Thunderbolt|p2a: Toxapex\n|-supereffective|p2a: Toxapex\n|-damage|p2a: Toxapex|35\/100\n|move|p2a: Toxapex|Scald|p1a: Masketta Man\n|-damage|p1a: Masketta Man|41\/100\n|-status|p1a: Masketta Man|brn\n|\n|-heal|p2a: Toxapex|42\/100|[from] item: Black Sludge\n|-damage|p1a: Masketta Man|35\/100 brn|[from] brn\n|upkeep\n|turn|26\n|\n|move|p1a: Masketta Man|Thunderbolt|p2a: Toxapex\n|-supereffective|p2a: Toxapex\n|-damage|p2a: Toxapex|0 fnt\n|faint|p2a: Toxapex\n|\n|win|smee maimen\n","uploadtime":1562095192,"views":11,"p1id":"smeemaimen","p2id":"bigl91","formatid":"gen7ou","rating":0,"private":0,"password":null}