{"id":"gen7ou-1352285020","p1":"CloHay","p2":"RTSG tests","format":"gen7ou","log":"|j|\u2606CloHay\n|j|\u2606RTSG tests\n|t:|1622706718\n|gametype|singles\n|player|p1|CloHay|kimonogirl|1217\n|player|p2|RTSG tests|169|1297\n|teamsize|p1|6\n|teamsize|p2|6\n|gen|7\n|tier|[Gen 7] OU\n|rated|\n|rule|Sleep Clause Mod: Limit one foe put to sleep\n|rule|Species Clause: Limit one of each Pok\u00e9mon\n|rule|OHKO Clause: OHKO moves are banned\n|rule|Moody Clause: Moody is banned\n|rule|Evasion Moves Clause: Evasion moves are banned\n|rule|Endless Battle Clause: Forcing endless battles is banned\n|rule|HP Percentage Mod: HP is shown in percentages\n|clearpoke\n|poke|p1|Gliscor, M|item\n|poke|p1|Breloom, M|item\n|poke|p1|Azelf|item\n|poke|p1|Lopunny, F|item\n|poke|p1|Magnezone|item\n|poke|p1|Landorus-Therian, M|item\n|poke|p2|Sceptile, M|item\n|poke|p2|Feraligatr, M|item\n|poke|p2|Infernape, M|item\n|poke|p2|Latios, M|item\n|poke|p2|Dugtrio-Alola, F|item\n|poke|p2|Thundurus-Therian, M|item\n|teampreview\n|inactive|Battle timer is ON: inactive players will automatically lose when time's up. (requested by RTSG tests)\n|\n|t:|1622706735\n|start\n|switch|p1a: Azelf|Azelf|100\/100\n|switch|p2a: Dugtrio|Dugtrio-Alola, F|100\/100\n|turn|1\n|\n|t:|1622706742\n|move|p1a: Azelf|Stealth Rock|p2a: Dugtrio\n|-sidestart|p2: RTSG tests|move: Stealth Rock\n|move|p2a: Dugtrio|Stealth Rock|p1a: Azelf\n|-sidestart|p1: CloHay|move: Stealth Rock\n|\n|upkeep\n|turn|2\n|\n|t:|1622706748\n|move|p1a: Azelf|Explosion|p2a: Dugtrio\n|-resisted|p2a: Dugtrio\n|-damage|p2a: Dugtrio|1\/100\n|faint|p1a: Azelf\n|move|p2a: Dugtrio|Iron Head|p1: Azelf|[notarget]\n|-fail|p2a: Dugtrio\n|\n|upkeep\n|\n|t:|1622706772\n|switch|p1a: Magnezone|Magnezone|100\/100\n|-damage|p1a: Magnezone|94\/100|[from] Stealth Rock\n|turn|3\n|\n|t:|1622706782\n|move|p1a: Magnezone|Flash Cannon|p2a: Dugtrio\n|-resisted|p2a: Dugtrio\n|-damage|p2a: Dugtrio|0 fnt\n|faint|p2a: Dugtrio\n|\n|upkeep\n|\n|t:|1622706785\n|switch|p2a: Feraligatr|Feraligatr, M|100\/100\n|-damage|p2a: Feraligatr|88\/100|[from] Stealth Rock\n|turn|4\n|\n|t:|1622706796\n|switch|p1a: Landorus|Landorus-Therian, M|100\/100\n|-damage|p1a: Landorus|88\/100|[from] Stealth Rock\n|-ability|p1a: Landorus|Intimidate|boost\n|-unboost|p2a: Feraligatr|atk|1\n|move|p2a: Feraligatr|Ice Punch|p1a: Landorus\n|-supereffective|p1a: Landorus\n|-damage|p1a: Landorus|0 fnt\n|faint|p1a: Landorus\n|\n|upkeep\n|\n|t:|1622706814\n|switch|p1a: Magnezone|Magnezone|94\/100\n|-damage|p1a: Magnezone|88\/100|[from] Stealth Rock\n|turn|5\n|\n|t:|1622706818\n|switch|p2a: Thundurus|Thundurus-Therian, M|100\/100\n|-damage|p2a: Thundurus|76\/100|[from] Stealth Rock\n|move|p1a: Magnezone|Volt Switch|p2a: Thundurus\n|-heal|p2a: Thundurus|100\/100|[from] ability: Volt Absorb|[of] p1a: Magnezone\n|\n|upkeep\n|turn|6\n|\n|t:|1622706825\n|switch|p1a: Gliscor|Gliscor, M, shiny|100\/100\n|-damage|p1a: Gliscor|88\/100|[from] Stealth Rock\n|move|p2a: Thundurus|Nasty Plot|p2a: Thundurus\n|-boost|p2a: Thundurus|spa|2\n|\n|-status|p1a: Gliscor|tox|[from] item: Toxic Orb\n|upkeep\n|turn|7\n|\n|t:|1622706837\n|move|p2a: Thundurus|Hidden Power|p1a: Gliscor\n|-supereffective|p1a: Gliscor\n|-damage|p1a: Gliscor|0 fnt\n|faint|p1a: Gliscor\n|\n|upkeep\n|\n|t:|1622706860\n|switch|p1a: Lopunny|Lopunny, F, shiny|100\/100\n|-damage|p1a: Lopunny|88\/100|[from] Stealth Rock\n|turn|8\n|\n|t:|1622706863\n|switch|p2a: Latios|Latios, M|100\/100\n|-damage|p2a: Latios|88\/100|[from] Stealth Rock\n|detailschange|p1a: Lopunny|Lopunny-Mega, F, shiny\n|-mega|p1a: Lopunny|Lopunny|Lopunnite\n|move|p1a: Lopunny|Fake Out|p2a: Latios\n|-damage|p2a: Latios|60\/100\n|\n|upkeep\n|turn|9\n|\n|t:|1622706866\n|move|p2a: Latios|Psychic|p1a: Lopunny\n|-supereffective|p1a: Lopunny\n|-damage|p1a: Lopunny|0 fnt\n|faint|p1a: Lopunny\n|\n|upkeep\n|\n|t:|1622706870\n|switch|p1a: Magnezone|Magnezone|88\/100\n|-damage|p1a: Magnezone|82\/100|[from] Stealth Rock\n|turn|10\n|\n|t:|1622706878\n|switch|p2a: Thundurus|Thundurus-Therian, M|100\/100\n|-damage|p2a: Thundurus|76\/100|[from] Stealth Rock\n|move|p1a: Magnezone|Volt Switch|p2a: Thundurus\n|-heal|p2a: Thundurus|100\/100|[from] ability: Volt Absorb|[of] p1a: Magnezone\n|\n|upkeep\n|turn|11\n|-message|CloHay forfeited.\n|\n|win|RTSG tests\n|raw|CloHay's rating: 1217 &rarr; <strong>1198<\/strong><br \/>(-19 for losing)\n|raw|RTSG tests's rating: 1297 &rarr; <strong>1316<\/strong><br \/>(+19 for winning)\n|l|\u2606CloHay\n","uploadtime":1622706886,"views":23,"p1id":"clohay","p2id":"rtsgtests","formatid":"gen7ou","rating":1198,"private":0,"password":null}