{"id":"gen7ou-1696364543","p1":"Shinjou Akane","p2":"Mideriya","format":"gen7ou","log":"|j|\u2606Shinjou Akane\n|j|\u2606Mideriya\n|t:|1666890348\n|gametype|singles\n|player|p1|Shinjou Akane|lillie-masters2|1315\n|player|p2|Mideriya|101|1330\n|teamsize|p1|6\n|teamsize|p2|6\n|gen|7\n|tier|[Gen 7] OU\n|rated|\n|rule|Sleep Clause Mod: Limit one foe put to sleep\n|rule|Species Clause: Limit one of each Pok\u00e9mon\n|rule|OHKO Clause: OHKO moves are banned\n|rule|Moody Clause: Moody is banned\n|rule|Evasion Items Clause: Evasion items are banned\n|rule|Evasion Moves Clause: Evasion moves are banned\n|rule|Endless Battle Clause: Forcing endless battles is banned\n|rule|HP Percentage Mod: HP is shown in percentages\n|clearpoke\n|poke|p1|Gardevoir, F|item\n|poke|p1|Garchomp, M|item\n|poke|p1|Rotom-Wash|item\n|poke|p1|Tapu Koko|item\n|poke|p1|Victini|item\n|poke|p1|Magearna|item\n|poke|p2|Uxie|item\n|poke|p2|Cresselia, F|item\n|poke|p2|Marowak-Alola, F|item\n|poke|p2|Mawile, F|item\n|poke|p2|Rampardos, M|item\n|poke|p2|Stakataka|item\n|teampreview\n|\n|t:|1666890360\n|start\n|switch|p1a: Gardevoir|Gardevoir, F|100\/100\n|switch|p2a: Uxie|Uxie|100\/100\n|-ability|p1a: Gardevoir|Levitate|[from] ability: Trace|[of] p2a: Uxie\n|turn|1\n|\n|t:|1666890366\n|detailschange|p1a: Gardevoir|Gardevoir-Mega, F\n|-mega|p1a: Gardevoir|Gardevoir|Gardevoirite\n|move|p1a: Gardevoir|Taunt|p2a: Uxie\n|-start|p2a: Uxie|move: Taunt\n|-enditem|p2a: Uxie|Mental Herb\n|-end|p2a: Uxie|move: Taunt\n|move|p2a: Uxie|Stealth Rock|p1a: Gardevoir\n|-sidestart|p1: Shinjou Akane|move: Stealth Rock\n|\n|upkeep\n|turn|2\n|\n|t:|1666890374\n|move|p2a: Uxie|Magic Coat|p2a: Uxie\n|-singleturn|p2a: Uxie|move: Magic Coat\n|move|p1a: Gardevoir|Taunt|p2a: Uxie\n|move|p2a: Uxie|Taunt|p1a: Gardevoir|[from]Magic Coat\n|-start|p1a: Gardevoir|move: Taunt\n|\n|upkeep\n|turn|3\n|\n|t:|1666890377\n|move|p1a: Gardevoir|Hyper Voice|p2a: Uxie\n|-damage|p2a: Uxie|57\/100\n|move|p2a: Uxie|Trick Room|p2a: Uxie\n|-fieldstart|move: Trick Room|[of] p2a: Uxie\n|\n|upkeep\n|turn|4\n|\n|t:|1666890384\n|move|p2a: Uxie|Memento|p1a: Gardevoir\n|-unboost|p1a: Gardevoir|atk|2\n|-unboost|p1a: Gardevoir|spa|2\n|faint|p2a: Uxie\n|move|p1a: Gardevoir|Hyper Voice|p2: Uxie|[notarget]\n|-fail|p1a: Gardevoir\n|\n|upkeep\n|\n|t:|1666890389\n|switch|p2a: Mawile|Mawile, F|100\/100\n|turn|5\n|\n|t:|1666890398\n|switch|p1a: Rotom|Rotom-Wash|100\/100\n|-damage|p1a: Rotom|88\/100|[from] Stealth Rock\n|detailschange|p2a: Mawile|Mawile-Mega, F\n|-mega|p2a: Mawile|Mawile|Mawilite\n|move|p2a: Mawile|Play Rough|p1a: Rotom\n|-damage|p1a: Rotom|22\/100\n|\n|-heal|p1a: Rotom|28\/100|[from] item: Leftovers\n|upkeep\n|turn|6\n|\n|t:|1666890405\n|move|p2a: Mawile|Thunder Punch|p1a: Rotom\n|-damage|p1a: Rotom|0 fnt\n|faint|p1a: Rotom\n|\n|upkeep\n|\n|t:|1666890408\n|switch|p1a: Victini|Victini|100\/100\n|-damage|p1a: Victini|76\/100|[from] Stealth Rock\n|turn|7\n|\n|t:|1666890411\n|move|p2a: Mawile|Thunder Punch|p1a: Victini\n|-damage|p1a: Victini|30\/100\n|move|p1a: Victini|V-create|p2a: Mawile\n|-supereffective|p2a: Mawile\n|-damage|p2a: Mawile|0 fnt\n|-unboost|p1a: Victini|spe|1\n|-unboost|p1a: Victini|def|1\n|-unboost|p1a: Victini|spd|1\n|faint|p2a: Mawile\n|\n|-fieldend|move: Trick Room\n|upkeep\n|\n|t:|1666890437\n|switch|p2a: Marowak|Marowak-Alola, F|100\/100\n|turn|8\n|\n|t:|1666890444\n|switch|p1a: Garchomp|Garchomp, M|100\/100\n|-damage|p1a: Garchomp|94\/100|[from] Stealth Rock\n|move|p2a: Marowak|Shadow Bone|p1a: Garchomp\n|-damage|p1a: Garchomp|42\/100\n|-unboost|p1a: Garchomp|def|1\n|\n|-heal|p1a: Garchomp|48\/100|[from] item: Leftovers\n|upkeep\n|turn|9\n|\n|t:|1666890458\n|move|p1a: Garchomp|Earthquake|p2a: Marowak\n|-supereffective|p2a: Marowak\n|-damage|p2a: Marowak|14\/100\n|move|p2a: Marowak|Shadow Bone|p1a: Garchomp\n|-damage|p1a: Garchomp|0 fnt\n|faint|p1a: Garchomp\n|\n|upkeep\n|\n|t:|1666890462\n|switch|p1a: Gardevoir|Gardevoir-Mega, F|100\/100\n|-damage|p1a: Gardevoir|88\/100|[from] Stealth Rock\n|turn|10\n|\n|t:|1666890469\n|switch|p2a: Cresselia|Cresselia, F|100\/100\n|move|p1a: Gardevoir|Hyper Voice|p2a: Cresselia\n|-damage|p2a: Cresselia|57\/100\n|\n|upkeep\n|turn|11\n|\n|t:|1666890473\n|move|p1a: Gardevoir|Hyper Voice|p2a: Cresselia\n|-damage|p2a: Cresselia|15\/100\n|move|p2a: Cresselia|Trick Room|p2a: Cresselia\n|-fieldstart|move: Trick Room|[of] p2a: Cresselia\n|\n|upkeep\n|turn|12\n|\n|t:|1666890486\n|switch|p2a: Marowak|Marowak-Alola, F|14\/100\n|move|p1a: Gardevoir|Hyper Voice|p2a: Marowak\n|-resisted|p2a: Marowak\n|-damage|p2a: Marowak|0 fnt\n|faint|p2a: Marowak\n|\n|upkeep\n|\n|t:|1666890487\n|switch|p2a: Rampardos|Rampardos, M|100\/100\n|turn|13\n|\n|t:|1666890500\n|move|p2a: Rampardos|Fire Punch|p1a: Gardevoir\n|-damage|p1a: Gardevoir|0 fnt\n|faint|p1a: Gardevoir\n|\n|upkeep\n|\n|t:|1666890506\n|switch|p1a: Tapu Koko|Tapu Koko|100\/100\n|-damage|p1a: Tapu Koko|88\/100|[from] Stealth Rock\n|-fieldstart|move: Electric Terrain|[from] ability: Electric Surge|[of] p1a: Tapu Koko\n|turn|14\n|\n|t:|1666890508\n|move|p2a: Rampardos|Earthquake|p1a: Tapu Koko\n|-supereffective|p1a: Tapu Koko\n|-damage|p1a: Tapu Koko|0 fnt\n|faint|p1a: Tapu Koko\n|-damage|p2a: Rampardos|91\/100|[from] item: Life Orb\n|\n|upkeep\n|-message|Shinjou Akane forfeited.\n|\n|win|Mideriya\n|raw|Shinjou Akane's rating: 1315 &rarr; <strong>1296<\/strong><br \/>(-19 for losing)\n|raw|Mideriya's rating: 1330 &rarr; <strong>1349<\/strong><br \/>(+19 for winning)\n|l|\u2606Shinjou Akane\n||Ladder isn't responding, score probably updated but might not have (Request timeout).\n","uploadtime":1666890521,"views":15,"p1id":"shinjouakane","p2id":"mideriya","formatid":"gen7ou","rating":1296,"private":0,"password":null}