{"id":"gen7randombattle-1450402246","p1":"BigWes95","p2":"Alucard577","format":"gen7randombattle","log":"|j|\u2606BigWes95\n|j|\u2606Alucard577\n|t:|1636282232\n|gametype|singles\n|player|p1|BigWes95|169|1609\n|player|p2|Alucard577|steven|1706\n|teamsize|p1|6\n|teamsize|p2|6\n|gen|7\n|tier|[Gen 7] Random Battle\n|rated|\n|rule|Sleep Clause Mod: Limit one foe put to sleep\n|rule|HP Percentage Mod: HP is shown in percentages\n|\n|t:|1636282232\n|start\n|switch|p1a: Maractus|Maractus, L88, F|275\/275\n|switch|p2a: Tauros|Tauros, L88, M|275\/275\n|-ability|p2a: Tauros|Intimidate|boost\n|-unboost|p1a: Maractus|atk|1\n|turn|1\n|inactive|Battle timer is ON: inactive players will automatically lose when time's up. (requested by BigWes95)\n|inactive|Alucard577 also wants the timer to be on.\n|\n|t:|1636282255\n|move|p1a: Maractus|Spiky Shield|p1a: Maractus\n|-singleturn|p1a: Maractus|move: Protect\n|move|p2a: Tauros|Double-Edge|p1a: Maractus\n|-activate|p1a: Maractus|move: Protect\n|-damage|p2a: Tauros|241\/275|[from] Spiky Shield|[of] p1a: Maractus\n|\n|upkeep\n|turn|2\n|\n|t:|1636282263\n|move|p2a: Tauros|Double-Edge|p1a: Maractus\n|-damage|p1a: Maractus|19\/275\n|-damage|p2a: Tauros|157\/275|[from] Recoil\n|move|p1a: Maractus|Giga Drain|p2a: Tauros\n|-damage|p2a: Tauros|58\/275\n|-heal|p1a: Maractus|69\/275|[from] drain|[of] p2a: Tauros\n|\n|upkeep\n|turn|3\n|\n|t:|1636282270\n|move|p2a: Tauros|Double-Edge|p1a: Maractus\n|-crit|p1a: Maractus\n|-damage|p1a: Maractus|0 fnt\n|faint|p1a: Maractus\n|-damage|p2a: Tauros|35\/275|[from] Recoil\n|\n|upkeep\n|\n|t:|1636282282\n|switch|p1a: Scrafty|Scrafty, L86, M|252\/252\n|turn|4\n|\n|t:|1636282289\n|switch|p2a: Vivillon|Vivillon-Marine, L86, M|277\/277\n|move|p1a: Scrafty|Rest|p1a: Scrafty\n|-fail|p1a: Scrafty|heal\n|\n|upkeep\n|turn|5\n|\n|t:|1636282305\n|move|p2a: Vivillon|Sleep Powder|p1a: Scrafty\n|-status|p1a: Scrafty|slp|[from] move: Sleep Powder\n|cant|p1a: Scrafty|slp\n|\n|upkeep\n|turn|6\n|\n|t:|1636282310\n|move|p2a: Vivillon|Substitute|p2a: Vivillon\n|-start|p2a: Vivillon|Substitute\n|-damage|p2a: Vivillon|208\/277\n|cant|p1a: Scrafty|slp\n|\n|-heal|p2a: Vivillon|225\/277|[from] item: Leftovers\n|upkeep\n|turn|7\n|\n|t:|1636282314\n|move|p2a: Vivillon|Quiver Dance|p2a: Vivillon\n|-boost|p2a: Vivillon|spa|1\n|-boost|p2a: Vivillon|spd|1\n|-boost|p2a: Vivillon|spe|1\n|cant|p1a: Scrafty|slp\n|\n|-heal|p2a: Vivillon|242\/277|[from] item: Leftovers\n|upkeep\n|turn|8\n|\n|t:|1636282318\n|move|p2a: Vivillon|Quiver Dance|p2a: Vivillon\n|-boost|p2a: Vivillon|spa|1\n|-boost|p2a: Vivillon|spd|1\n|-boost|p2a: Vivillon|spe|1\n|-curestatus|p1a: Scrafty|slp|[msg]\n|move|p1a: Scrafty|Dragon Dance|p1a: Scrafty\n|-boost|p1a: Scrafty|atk|1\n|-boost|p1a: Scrafty|spe|1\n|\n|-heal|p2a: Vivillon|259\/277|[from] item: Leftovers\n|upkeep\n|turn|9\n|\n|t:|1636282323\n|move|p2a: Vivillon|Hurricane|p1a: Scrafty\n|-supereffective|p1a: Scrafty\n|-damage|p1a: Scrafty|0 fnt\n|faint|p1a: Scrafty\n|\n|-heal|p2a: Vivillon|276\/277|[from] item: Leftovers\n|upkeep\n|-message|BigWes95 forfeited.\n|\n|win|Alucard577\n|raw|BigWes95's rating: 1609 &rarr; <strong>1594<\/strong><br \/>(-15 for losing)\n|raw|Alucard577's rating: 1706 &rarr; <strong>1721<\/strong><br \/>(+15 for winning)\n|l|\u2606BigWes95\n","inputlog":">version c5726289c173b5b48aecb61034ff24a659b59277\n>start {\"formatid\":\"gen7randombattle\",\"seed\":[58194,37633,40688,20418],\"rated\":\"Rated battle\"}\n>player p1 {\"name\":\"BigWes95\",\"avatar\":\"169\",\"rating\":1609,\"seed\":[46541,62806,5619,63525]}\n>player p2 {\"name\":\"Alucard577\",\"avatar\":\"steven\",\"rating\":1706,\"seed\":[40786,57031,60250,13269]}\n>p1 move spikyshield\n>p2 move doubleedge\n>p1 move gigadrain\n>p2 move doubleedge\n>p1 move gigadrain\n>p2 move doubleedge\n>p1 switch 5\n>p1 move rest\n>p2 switch 2\n>p1 move dragondance\n>p2 move sleeppowder\n>p1 move dragondance\n>p2 move substitute\n>p1 move dragondance\n>p2 move quiverdance\n>p1 move dragondance\n>p2 move quiverdance\n>p1 move knockoff\n>p2 move hurricane\n>forcelose p1","uploadtime":1636282332,"views":11,"p1id":"bigwes95","p2id":"alucard577","formatid":"gen7randombattle","rating":1594,"private":0,"password":null}