{"id":"gen7ou-987292987","p1":"xy\u25b301","p2":"ghecisbestvillain","format":"gen7ou","log":"|j|\u2606xy\u25b301\n|j|\u2606ghecisbestvillain\n|player|p1|xy\u25b301|2|1689\n|player|p2|ghecisbestvillain|269|1714\n|teamsize|p1|6\n|teamsize|p2|6\n|gametype|singles\n|gen|7\n|tier|[Gen 7] OU\n|rated|\n|rule|Sleep Clause Mod: Limit one foe put to sleep\n|rule|Species Clause: Limit one of each Pok\u00e9mon\n|rule|OHKO Clause: OHKO moves are banned\n|rule|Moody Clause: Moody is banned\n|rule|Evasion Moves Clause: Evasion moves are banned\n|rule|Endless Battle Clause: Forcing endless battles is banned\n|rule|HP Percentage Mod: HP is shown in percentages\n|clearpoke\n|poke|p1|Pelipper, F|item\n|poke|p1|Swampert, M|item\n|poke|p1|Tornadus-Therian, M|item\n|poke|p1|Greninja, M|item\n|poke|p1|Ferrothorn, M|item\n|poke|p1|Manaphy|item\n|poke|p2|Hawlucha, M|item\n|poke|p2|Clefable, F|item\n|poke|p2|Charizard, M|item\n|poke|p2|Tapu Koko|item\n|poke|p2|Magearna|item\n|poke|p2|Kyurem-Black|item\n|teampreview\n|inactive|Battle timer is ON: inactive players will automatically lose when time's up. (requested by ghecisbestvillain)\n|\n|start\n|switch|p1a: Pelipper|Pelipper, F|100\/100\n|switch|p2a: Tapu Koko|Tapu Koko|100\/100\n|-fieldstart|move: Electric Terrain|[from] ability: Electric Surge|[of] p2a: Tapu Koko\n|-weather|RainDance|[from] ability: Drizzle|[of] p1a: Pelipper\n|turn|1\n|\n|switch|p1a: Ferrothorn|Ferrothorn, M|100\/100\n|move|p2a: Tapu Koko|Light Screen|p2a: Tapu Koko\n|-sidestart|p2: ghecisbestvillain|move: Light Screen\n|\n|-weather|RainDance|[upkeep]\n|upkeep\n|turn|2\n|\n|move|p2a: Tapu Koko|Reflect|p2a: Tapu Koko\n|-sidestart|p2: ghecisbestvillain|Reflect\n|move|p1a: Ferrothorn|Spikes|p2a: Tapu Koko\n|-sidestart|p2: ghecisbestvillain|Spikes\n|\n|-weather|RainDance|[upkeep]\n|upkeep\n|turn|3\n|\n|move|p2a: Tapu Koko|Taunt|p1a: Ferrothorn\n|-start|p1a: Ferrothorn|move: Taunt\n|cant|p1a: Ferrothorn|move: Taunt|Spikes\n|\n|-weather|RainDance|[upkeep]\n|upkeep\n|turn|4\n|\n|switch|p2a: Hawlucha|Hawlucha, M|100\/100\n|-enditem|p2a: Hawlucha|Electric Seed\n|-boost|p2a: Hawlucha|def|1\n|switch|p1a: Swampert|Swampert, M|100\/100\n|\n|-weather|RainDance|[upkeep]\n|upkeep\n|turn|5\n|\n|detailschange|p1a: Swampert|Swampert-Mega, M\n|-mega|p1a: Swampert|Swampert|Swampertite\n|move|p2a: Hawlucha|Swords Dance|p2a: Hawlucha\n|-boost|p2a: Hawlucha|atk|2\n|move|p1a: Swampert|Waterfall|p2a: Hawlucha\n|-damage|p2a: Hawlucha|62\/100\n|\n|-weather|RainDance|[upkeep]\n|-fieldend|move: Electric Terrain\n|upkeep\n|turn|6\n|\n|switch|p1a: Tornadus|Tornadus-Therian, M|100\/100\n|move|p2a: Hawlucha|Swords Dance|p2a: Hawlucha\n|-boost|p2a: Hawlucha|atk|2\n|\n|-weather|RainDance|[upkeep]\n|upkeep\n|turn|7\n|\n|move|p2a: Hawlucha|Rock Slide|p1a: Tornadus\n|-supereffective|p1a: Tornadus\n|-damage|p1a: Tornadus|0 fnt\n|faint|p1a: Tornadus\n|\n|-weather|RainDance|[upkeep]\n|upkeep\n|\n|switch|p1a: Manaphy|Manaphy|100\/100\n|turn|8\n|\n|move|p2a: Hawlucha|Acrobatics|p1a: Manaphy\n|-damage|p1a: Manaphy|0 fnt\n|faint|p1a: Manaphy\n|\n|-weather|none\n|-sideend|p2: ghecisbestvillain|move: Light Screen\n|upkeep\n|j| 67 is my goddess\n|\n|switch|p1a: Pelipper|Pelipper, F|100\/100\n|-weather|RainDance|[from] ability: Drizzle|[of] p1a: Pelipper\n|turn|9\n|\n|switch|p1a: Ferrothorn|Ferrothorn, M|100\/100\n|move|p2a: Hawlucha|Acrobatics|p1a: Ferrothorn\n|-damage|p1a: Ferrothorn|0 fnt\n|-damage|p2a: Hawlucha|50\/100|[from] ability: Iron Barbs|[of] p1a: Ferrothorn\n|faint|p1a: Ferrothorn\n|\n|-weather|RainDance|[upkeep]\n|-sideend|p2: ghecisbestvillain|Reflect\n|upkeep\n|\n|switch|p1a: Greninja|Greninja, M|100\/100\n|turn|10\n|\n|switch|p2a: Kyurem|Kyurem-Black|100\/100\n|-damage|p2a: Kyurem|88\/100|[from] Spikes\n|-ability|p2a: Kyurem|Teravolt\n|move|p1a: Greninja|Water Shuriken|p2a: Kyurem\n|-resisted|p2a: Kyurem\n|-damage|p2a: Kyurem|81\/100\n|-resisted|p2a: Kyurem\n|-damage|p2a: Kyurem|74\/100\n|-resisted|p2a: Kyurem\n|-damage|p2a: Kyurem|67\/100\n|-resisted|p2a: Kyurem\n|-damage|p2a: Kyurem|60\/100\n|-hitcount|p2a: Kyurem|4\n|\n|-weather|RainDance|[upkeep]\n|upkeep\n|turn|11\n|\n|move|p1a: Greninja|Water Shuriken|p2a: Kyurem\n|-resisted|p2a: Kyurem\n|-damage|p2a: Kyurem|54\/100\n|-resisted|p2a: Kyurem\n|-damage|p2a: Kyurem|46\/100\n|-resisted|p2a: Kyurem\n|-damage|p2a: Kyurem|39\/100\n|-resisted|p2a: Kyurem\n|-damage|p2a: Kyurem|32\/100\n|-hitcount|p2a: Kyurem|4\n|move|p2a: Kyurem|Roost|p2a: Kyurem\n|-heal|p2a: Kyurem|82\/100\n|-singleturn|p2a: Kyurem|move: Roost\n|\n|-weather|RainDance|[upkeep]\n|upkeep\n|turn|12\n|\n|switch|p1a: Swampert|Swampert-Mega, M|100\/100\n|move|p2a: Kyurem|Ice Beam|p1a: Swampert\n|-damage|p1a: Swampert|42\/100\n|-damage|p2a: Kyurem|72\/100|[from] item: Life Orb\n|\n|-weather|RainDance|[upkeep]\n|upkeep\n|turn|13\n|\n|move|p1a: Swampert|Earthquake|p2a: Kyurem\n|-damage|p2a: Kyurem|29\/100\n|move|p2a: Kyurem|Ice Beam|p1a: Swampert\n|-damage|p1a: Swampert|0 fnt\n|-damage|p2a: Kyurem|19\/100|[from] item: Life Orb\n|faint|p1a: Swampert\n|\n|-weather|RainDance|[upkeep]\n|upkeep\n|\n|switch|p1a: Greninja|Greninja, M|100\/100\n|turn|14\n|\n|move|p1a: Greninja|Surf|p2a: Kyurem\n|-resisted|p2a: Kyurem\n|-damage|p2a: Kyurem|0 fnt\n|faint|p2a: Kyurem\n|-activate|p1a: Greninja|ability: Battle Bond\n|detailschange|p1a: Greninja|Greninja-Ash, M\n|\n|-weather|RainDance|[upkeep]\n|upkeep\n|\n|switch|p2a: Hawlucha|Hawlucha, M|50\/100\n|turn|15\n|\n|switch|p1a: Pelipper|Pelipper, F|100\/100\n|move|p2a: Hawlucha|Acrobatics|p1a: Pelipper\n|-damage|p1a: Pelipper|66\/100\n|\n|-weather|RainDance|[upkeep]\n|upkeep\n|turn|16\n|\n|move|p2a: Hawlucha|Drain Punch|p1a: Pelipper\n|-resisted|p1a: Pelipper\n|-damage|p1a: Pelipper|53\/100\n|-heal|p2a: Hawlucha|57\/100|[from] drain|[of] p1a: Pelipper\n|move|p1a: Pelipper|Hurricane|p2a: Hawlucha\n|-supereffective|p2a: Hawlucha\n|-damage|p2a: Hawlucha|0 fnt\n|faint|p2a: Hawlucha\n|\n|-weather|none\n|upkeep\n|j| switch boy\n|\n|switch|p2a: Tapu Koko|Tapu Koko|100\/100\n|-damage|p2a: Tapu Koko|88\/100|[from] Spikes\n|-fieldstart|move: Electric Terrain|[from] ability: Electric Surge|[of] p2a: Tapu Koko\n|turn|17\n|\n|move|p2a: Tapu Koko|Light Screen|p2a: Tapu Koko\n|-sidestart|p2: ghecisbestvillain|move: Light Screen\n|move|p1a: Pelipper|U-turn|p2a: Tapu Koko\n|-resisted|p2a: Tapu Koko\n|-damage|p2a: Tapu Koko|83\/100\n|j| Dough WY\n|\n|switch|p1a: Greninja|Greninja-Ash, M|100\/100|[from]move: U-turn\n|\n|upkeep\n|turn|18\n|\n|switch|p1a: Pelipper|Pelipper, F|53\/100\n|-weather|RainDance|[from] ability: Drizzle|[of] p1a: Pelipper\n|move|p2a: Tapu Koko|Reflect|p2a: Tapu Koko\n|-sidestart|p2: ghecisbestvillain|Reflect\n|\n|-weather|RainDance|[upkeep]\n|upkeep\n|turn|19\n|\n|move|p2a: Tapu Koko|Taunt|p1a: Pelipper\n|-start|p1a: Pelipper|move: Taunt\n|move|p1a: Pelipper|Scald|p2a: Tapu Koko\n|-damage|p2a: Tapu Koko|54\/100\n|-status|p2a: Tapu Koko|brn\n|\n|-weather|RainDance|[upkeep]\n|-damage|p2a: Tapu Koko|48\/100 brn|[from] brn\n|upkeep\n|turn|20\n|\n|switch|p2a: Clefable|Clefable, F|100\/100\n|move|p1a: Pelipper|Scald|p2a: Clefable\n|-damage|p2a: Clefable|85\/100\n|\n|-weather|RainDance|[upkeep]\n|-heal|p2a: Clefable|91\/100|[from] item: Leftovers\n|upkeep\n|turn|21\n|\n|move|p2a: Clefable|Cosmic Power|p2a: Clefable\n|-boost|p2a: Clefable|def|1\n|-boost|p2a: Clefable|spd|1\n|move|p1a: Pelipper|Hurricane|p2a: Clefable\n|-damage|p2a: Clefable|80\/100\n|\n|-weather|RainDance|[upkeep]\n|-heal|p2a: Clefable|86\/100|[from] item: Leftovers\n|-end|p1a: Pelipper|move: Taunt\n|-fieldend|move: Electric Terrain\n|upkeep\n|turn|22\n|-message|xy\u25b301 forfeited.\n|\n|win|ghecisbestvillain\n|l|\u2606xy\u25b301\n|raw|xy\u25b301's rating: 1689 &rarr; <strong>1670<\/strong><br \/>(-19 for losing)\n|raw|ghecisbestvillain's rating: 1714 &rarr; <strong>1732<\/strong><br \/>(+18 for winning)\n|l|\u2606ghecisbestvillain\n|l| Dough WY\n|l| 67 is my goddess\n","uploadtime":1570259996,"views":9,"p1id":"xy01","p2id":"ghecisbestvillain","formatid":"gen7ou","rating":1670,"private":0,"password":null}