{"id":"gen7battlefactory-1110034993","p1":"yhdrslb","p2":"Khjgv","format":"gen7battlefactory","log":"|j|\u2606yhdrslb\n|j|\u2606Khjgv\n|player|p1|yhdrslb|30|\n|player|p2|Khjgv|hilda-dueldisk|\n|teamsize|p1|6\n|teamsize|p2|6\n|gametype|singles\n|gen|7\n|tier|[Gen 7] Battle Factory\n|rule|Sleep Clause Mod: Limit one foe put to sleep\n|clearpoke\n|poke|p1|Arceus-*|item\n|poke|p1|Skarmory, M|item\n|poke|p1|Rayquaza|item\n|poke|p1|Blaziken, M|item\n|poke|p1|Buzzwole|item\n|poke|p1|Smeargle, M|item\n|poke|p2|Blissey, F|item\n|poke|p2|Gyarados, F|item\n|poke|p2|Zekrom|item\n|poke|p2|Tapu Lele|item\n|poke|p2|Arceus-*|item\n|poke|p2|Deoxys-Speed|item\n|rule|HP Percentage Mod: HP is shown in percentages\n|rule|Mega Rayquaza Clause: You cannot mega evolve Rayquaza\n|teampreview\n|\n|start\n|switch|p1a: Arceus|Arceus-Dark|444\/444\n|switch|p2a: Tapu Lele|Tapu Lele|282\/282\n|-fieldstart|move: Psychic Terrain|[from] ability: Psychic Surge|[of] p2a: Tapu Lele\n|turn|1\n|\n|switch|p1a: Skarmory|Skarmory, M|334\/334\n|move|p2a: Tapu Lele|Moonblast|p1a: Skarmory\n|-resisted|p1a: Skarmory\n|-damage|p1a: Skarmory|215\/334\n|\n|upkeep\n|turn|2\n|\n|switch|p2a: Zekrom|Zekrom|357\/357\n|-ability|p2a: Zekrom|Teravolt\n|move|p1a: Skarmory|Toxic|p2a: Zekrom|[miss]\n|-miss|p1a: Skarmory|p2a: Zekrom\n|\n|upkeep\n|turn|3\n|\n|switch|p1a: Arceus|Arceus-Dark|444\/444\n|move|p2a: Zekrom|Bolt Strike|p1a: Arceus\n|-damage|p1a: Arceus|215\/444\n|\n|upkeep\n|turn|4\n|\n|move|p1a: Arceus|Will-O-Wisp|p2a: Zekrom\n|-status|p2a: Zekrom|brn\n|move|p2a: Zekrom|Bolt Strike|p1a: Arceus\n|-damage|p1a: Arceus|102\/444\n|\n|-damage|p2a: Zekrom|335\/357 brn|[from] brn\n|upkeep\n|turn|5\n|\n|move|p1a: Arceus|Recover|p1a: Arceus\n|-heal|p1a: Arceus|324\/444\n|move|p2a: Zekrom|Substitute|p2a: Zekrom\n|-start|p2a: Zekrom|Substitute\n|-damage|p2a: Zekrom|246\/357 brn\n|\n|-damage|p2a: Zekrom|224\/357 brn|[from] brn\n|-fieldend|move: Psychic Terrain\n|upkeep\n|turn|6\n|\n|move|p1a: Arceus|Judgment|p2a: Zekrom\n|-end|p2a: Zekrom|Substitute\n|move|p2a: Zekrom|Hone Claws|p2a: Zekrom\n|-boost|p2a: Zekrom|atk|1\n|-boost|p2a: Zekrom|accuracy|1\n|\n|-damage|p2a: Zekrom|202\/357 brn|[from] brn\n|upkeep\n|turn|7\n|\n|switch|p2a: Blissey|Blissey, F|652\/652\n|move|p1a: Arceus|Judgment|p2a: Blissey\n|-damage|p2a: Blissey|562\/652\n|\n|upkeep\n|turn|8\n|\n|switch|p1a: Smeargle|Smeargle, M|314\/314\n|move|p2a: Blissey|Toxic|p1a: Smeargle\n|-status|p1a: Smeargle|tox\n|\n|-damage|p1a: Smeargle|295\/314 tox|[from] psn\n|upkeep\n|turn|9\n|\n|move|p1a: Smeargle|Sticky Web|p2a: Blissey\n|-sidestart|p2: Khjgv|move: Sticky Web\n|move|p2a: Blissey|Heal Bell|p2a: Blissey\n|-activate|p2a: Blissey|move: Heal Bell\n|-curestatus|p2: Zekrom|brn|[msg]\n|\n|-damage|p1a: Smeargle|257\/314 tox|[from] psn\n|upkeep\n|turn|10\n|\n|switch|p1a: Skarmory|Skarmory, M|215\/334\n|switch|p2a: Arceus|Arceus-Dragon|444\/444\n|-activate|p2a: Arceus|move: Sticky Web\n|-unboost|p2a: Arceus|spe|1\n|\n|upkeep\n|turn|11\n|\n|switch|p1a: Arceus|Arceus-Dark|324\/444\n|move|p2a: Arceus|Defog|p1a: Arceus\n|-unboost|p1a: Arceus|evasion|1\n|-sideend|p2: Khjgv|Sticky Web|[from] move: Defog|[of] p2a: Arceus\n|\n|upkeep\n|turn|12\n|\n|switch|p1a: Skarmory|Skarmory, M|215\/334\n|switch|p2a: Tapu Lele|Tapu Lele|282\/282\n|-fieldstart|move: Psychic Terrain|[from] ability: Psychic Surge|[of] p2a: Tapu Lele\n|\n|upkeep\n|turn|13\n|\n|move|p2a: Tapu Lele|Psychic|p1a: Skarmory\n|-resisted|p1a: Skarmory\n|-damage|p1a: Skarmory|44\/334\n|move|p1a: Skarmory|Roost|p1a: Skarmory\n|-heal|p1a: Skarmory|211\/334\n|-singleturn|p1a: Skarmory|move: Roost\n|\n|upkeep\n|turn|14\n|\n|switch|p1a: Arceus|Arceus-Dark|324\/444\n|move|p2a: Tapu Lele|Psychic|p1a: Arceus\n|-immune|p1a: Arceus\n|\n|upkeep\n|turn|15\n|\n|switch|p2a: Gyarados|Gyarados, F|331\/331\n|-ability|p2a: Gyarados|Intimidate|boost\n|-unboost|p1a: Arceus|atk|1\n|move|p1a: Arceus|Recover|p1a: Arceus\n|-heal|p1a: Arceus|444\/444\n|\n|upkeep\n|turn|16\n|\n|move|p1a: Arceus|Will-O-Wisp|p2a: Gyarados\n|-status|p2a: Gyarados|brn\n|move|p2a: Gyarados|Taunt|p1a: Arceus\n|-start|p1a: Arceus|move: Taunt\n|\n|-damage|p2a: Gyarados|311\/331 brn|[from] brn\n|-fieldend|move: Psychic Terrain\n|upkeep\n|turn|17\n|\n|switch|p1a: Skarmory|Skarmory, M|211\/334\n|switch|p2a: Blissey|Blissey, F|562\/652\n|\n|upkeep\n|turn|18\n|\n|move|p1a: Skarmory|Roost|p1a: Skarmory\n|-heal|p1a: Skarmory|334\/334\n|-singleturn|p1a: Skarmory|move: Roost\n|move|p2a: Blissey|Heal Bell|p2a: Blissey\n|-activate|p2a: Blissey|move: Heal Bell\n|-curestatus|p2: Gyarados|brn|[msg]\n|\n|upkeep\n|turn|19\n|\n|move|p1a: Skarmory|Spikes|p2a: Blissey\n|-sidestart|p2: Khjgv|Spikes\n|move|p2a: Blissey|Toxic|p1a: Skarmory\n|-immune|p1a: Skarmory\n|\n|upkeep\n|turn|20\n|\n|switch|p2a: Zekrom|Zekrom|202\/357\n|-damage|p2a: Zekrom|158\/357|[from] Spikes\n|-ability|p2a: Zekrom|Teravolt\n|move|p1a: Skarmory|Whirlwind|p2a: Zekrom\n|drag|p2a: Blissey|Blissey, F|562\/652\n|-damage|p2a: Blissey|481\/652|[from] Spikes\n|\n|upkeep\n|turn|21\n|\n|move|p1a: Skarmory|Spikes|p2a: Blissey\n|-sidestart|p2: Khjgv|Spikes\n|move|p2a: Blissey|Soft-Boiled|p2a: Blissey\n|-heal|p2a: Blissey|652\/652\n|\n|upkeep\n|turn|22\n|\n|switch|p2a: Arceus|Arceus-Dragon|444\/444\n|-damage|p2a: Arceus|370\/444|[from] Spikes\n|move|p1a: Skarmory|Spikes|p2a: Arceus\n|-sidestart|p2: Khjgv|Spikes\n|\n|upkeep\n|turn|23\n|\n|move|p2a: Arceus|Fire Blast|p1a: Skarmory\n|-supereffective|p1a: Skarmory\n|-damage|p1a: Skarmory|48\/334\n|move|p1a: Skarmory|Whirlwind|p2a: Arceus\n|drag|p2a: Gyarados|Gyarados, F|311\/331\n|-ability|p2a: Gyarados|Intimidate|boost\n|-unboost|p1a: Skarmory|atk|1\n|\n|upkeep\n|turn|24\n|\n|switch|p1a: Arceus|Arceus-Dark|444\/444\n|move|p2a: Gyarados|Crunch|p1a: Arceus\n|-resisted|p1a: Arceus\n|-damage|p1a: Arceus|406\/444\n|\n|upkeep\n|turn|25\n|\n|move|p1a: Arceus|Will-O-Wisp|p2a: Gyarados\n|-status|p2a: Gyarados|brn\n|move|p2a: Gyarados|Taunt|p1a: Arceus\n|-start|p1a: Arceus|move: Taunt\n|\n|-damage|p2a: Gyarados|291\/331 brn|[from] brn\n|upkeep\n|turn|26\n|\n|switch|p1a: Skarmory|Skarmory, M|48\/334\n|switch|p2a: Arceus|Arceus-Dragon|370\/444\n|-damage|p2a: Arceus|259\/444|[from] Spikes\n|\n|upkeep\n|turn|27\n|\n|switch|p1a: Arceus|Arceus-Dark|406\/444\n|move|p2a: Arceus|Fire Blast|p1a: Arceus\n|-damage|p1a: Arceus|316\/444\n|\n|upkeep\n|turn|28\n|\n|move|p2a: Arceus|Judgment|p1a: Arceus\n|-damage|p1a: Arceus|168\/444\n|move|p1a: Arceus|Judgment|p2a: Arceus\n|-damage|p2a: Arceus|115\/444\n|\n|upkeep\n|turn|29\n|\n|move|p2a: Arceus|Recover|p2a: Arceus\n|-heal|p2a: Arceus|337\/444\n|move|p1a: Arceus|Recover|p1a: Arceus\n|-heal|p1a: Arceus|390\/444\n|\n|upkeep\n|turn|30\n|\n|move|p2a: Arceus|Defog|p1a: Arceus\n|-unboost|p1a: Arceus|evasion|1\n|-sideend|p2: Khjgv|Spikes|[from] move: Defog|[of] p2a: Arceus\n|move|p1a: Arceus|Judgment|p2a: Arceus\n|-damage|p2a: Arceus|187\/444\n|\n|upkeep\n|turn|31\n|\n|move|p2a: Arceus|Recover|p2a: Arceus\n|-heal|p2a: Arceus|409\/444\n|move|p1a: Arceus|Will-O-Wisp|p2a: Arceus\n|-status|p2a: Arceus|brn\n|\n|-damage|p2a: Arceus|382\/444 brn|[from] brn\n|upkeep\n|turn|32\n|\n|move|p2a: Arceus|Judgment|p1a: Arceus\n|-damage|p1a: Arceus|255\/444\n|move|p1a: Arceus|Judgment|p2a: Arceus\n|-damage|p2a: Arceus|252\/444 brn\n|\n|-damage|p2a: Arceus|225\/444 brn|[from] brn\n|upkeep\n|turn|33\n|\n|switch|p2a: Tapu Lele|Tapu Lele|282\/282\n|-fieldstart|move: Psychic Terrain|[from] ability: Psychic Surge|[of] p2a: Tapu Lele\n|move|p1a: Arceus|Recover|p1a: Arceus\n|-heal|p1a: Arceus|444\/444\n|\n|upkeep\n|turn|34\n|\n|move|p2a: Tapu Lele|Psychic|p1a: Arceus\n|-immune|p1a: Arceus\n|move|p1a: Arceus|Recover||[still]\n|-fail|p1a: Arceus|heal\n|\n|upkeep\n|turn|35\n|\n|switch|p2a: Blissey|Blissey, F|652\/652\n|switch|p1a: Skarmory|Skarmory, M|48\/334\n|\n|upkeep\n|turn|36\n|-message|Khjgv forfeited.\n|\n|win|yhdrslb\n|l|\u2606Khjgv\n","inputlog":">version 8faaa45eb8b01127dd60d9a25ba76d18a35796f6\n>start {\"formatid\":\"gen7battlefactory\",\"seed\":[54192,4937,20867,65214]}\n>player p1 {\"name\":\"yhdrslb\",\"avatar\":\"30\",\"team\":\"\",\"rating\":0,\"seed\":[6642,22195,2684,28949]}\n>player p2 {\"name\":\"Khjgv\",\"avatar\":\"hilda-dueldisk\",\"team\":\"\",\"rating\":0,\"seed\":[7662,19115,32255,22878]}\n>p1 team 1, 2, 3, 4, 5, 6\n>p2 team 4, 2, 3, 1, 5, 6\n>p1 switch 2\n>p2 move moonblast\n>p1 move toxic\n>p2 switch 3\n>p1 switch 2\n>p2 move boltstrike\n>p1 move willowisp\n>p2 move boltstrike\n>p1 move recover\n>p2 move substitute\n>p1 move judgment\n>p2 move honeclaws\n>p1 move judgment\n>p2 switch 4\n>p1 switch 6\n>p2 move toxic\n>p1 move stickyweb\n>p2 move healbell\n>p1 switch 2\n>p2 switch 5\n>p1 switch 6\n>p2 move defog\n>p1 switch 6\n>p2 switch 3\n>p1 move roost\n>p2 move psychic\n>p1 switch 6\n>p2 move psychic\n>p1 move recover\n>p2 switch 2\n>p1 move willowisp\n>p2 move taunt\n>p1 switch 6\n>p2 switch 5\n>p1 move roost\n>p2 move healbell\n>p1 move spikes\n>p2 move toxic\n>p1 move whirlwind\n>p2 switch 4\n>p1 move spikes\n>p2 move softboiled\n>p1 move spikes\n>p2 switch 3\n>p1 move whirlwind\n>p2 move fireblast\n>p1 switch 6\n>p2 move crunch\n>p1 move willowisp\n>p2 move taunt\n>p1 switch 6\n>p2 switch 5\n>p1 switch 6\n>p2 move fireblast\n>p1 move judgment\n>p2 move judgment\n>p1 move recover\n>p2 move recover\n>p1 move judgment\n>p2 move defog\n>p1 move willowisp\n>p2 move recover\n>p1 move judgment\n>p2 move judgment\n>p1 move recover\n>p2 switch 2\n>p1 move recover\n>p2 move psychic\n>p1 switch 6\n>p2 switch 3","uploadtime":1588806903,"views":7,"p1id":"yhdrslb","p2id":"khjgv","formatid":"gen7battlefactory","rating":0,"private":0,"password":null}