{"id":"gen7ou-806671774","p1":"SarahC.","p2":"CarlyBae","format":"gen7ou","log":"|raw|<div class=\"broadcast-red\"><strong>This battle is invite-only!<\/strong><br \/>Users must be rank + or invited with <code>\/invite<\/code> to join<\/div>\n|j|\u2606SarahC.\n|j|\u2606CarlyBae\n|player|p1|SarahC.|41\n|player|p2|CarlyBae|2\n|teamsize|p1|6\n|teamsize|p2|6\n|gametype|singles\n|gen|7\n|tier|[Gen 7] OU\n|rated|\n|rule|Sleep Clause Mod: Limit one foe put to sleep\n|rule|Species Clause: Limit one of each Pok\u00e9mon\n|rule|OHKO Clause: OHKO moves are banned\n|rule|Moody Clause: Moody is banned\n|rule|Evasion Moves Clause: Evasion moves are banned\n|rule|Endless Battle Clause: Forcing endless battles is banned\n|rule|HP Percentage Mod: HP is shown in percentages\n|clearpoke\n|poke|p1|Alakazam, M|item\n|poke|p1|Heatran, F|item\n|poke|p1|Tapu Bulu|item\n|poke|p1|Zapdos|item\n|poke|p1|Greninja, M|item\n|poke|p1|Landorus-Therian, M|item\n|poke|p2|Porygon-Z|item\n|poke|p2|Landorus-Therian, M|item\n|poke|p2|Magnezone|item\n|poke|p2|Pinsir, F|item\n|poke|p2|Tangrowth, M|item\n|poke|p2|Greninja, M|item\n|teampreview\n|inactive|Battle timer is ON: inactive players will automatically lose when time's up. (requested by SarahC.)\n|\n|start\n|switch|p1a: Landorus|Landorus-Therian, M|100\/100\n|switch|p2a: Porygon-Z|Porygon-Z|100\/100\n|-ability|p1a: Landorus|Intimidate|boost\n|-unboost|p2a: Porygon-Z|atk|1\n|turn|1\n|\n|move|p1a: Landorus|U-turn|p2a: Porygon-Z\n|-damage|p2a: Porygon-Z|64\/100\n|\n|switch|p1a: Heatran|Heatran, F|100\/100\n|move|p2a: Porygon-Z|Hidden Power|p1a: Heatran\n|-supereffective|p1a: Heatran\n|-damage|p1a: Heatran|0 fnt\n|faint|p1a: Heatran\n|\n|upkeep\n|\n|switch|p1a: Tapu Bulu|Tapu Bulu|100\/100\n|-fieldstart|move: Grassy Terrain|[from] ability: Grassy Surge|[of] p1a: Tapu Bulu\n|turn|2\n|\n|switch|p2a: Landorus|Landorus-Therian, M|100\/100\n|-ability|p2a: Landorus|Intimidate|boost\n|-unboost|p1a: Tapu Bulu|atk|1\n|move|p1a: Tapu Bulu|Swords Dance|p1a: Tapu Bulu\n|-boost|p1a: Tapu Bulu|atk|2\n|\n|upkeep\n|turn|3\n|\n|move|p2a: Landorus|U-turn|p1a: Tapu Bulu\n|-damage|p1a: Tapu Bulu|82\/100\n|\n|switch|p2a: Magnezone|Magnezone|100\/100\n|move|p1a: Tapu Bulu|Horn Leech|p2a: Magnezone\n|-resisted|p2a: Magnezone\n|-damage|p2a: Magnezone|62\/100\n|-heal|p1a: Tapu Bulu|98\/100|[from] drain|[of] p2a: Magnezone\n|\n|-heal|p2a: Magnezone|68\/100|[from] Grassy Terrain\n|-heal|p1a: Tapu Bulu|100\/100|[from] item: Leftovers\n|upkeep\n|turn|4\n|\n|move|p2a: Magnezone|Flash Cannon|p1a: Tapu Bulu\n|-supereffective|p1a: Tapu Bulu\n|-damage|p1a: Tapu Bulu|34\/100\n|move|p1a: Tapu Bulu|Superpower|p2a: Magnezone\n|-supereffective|p2a: Magnezone\n|-damage|p2a: Magnezone|0 fnt\n|-unboost|p1a: Tapu Bulu|atk|1\n|-unboost|p1a: Tapu Bulu|def|1\n|faint|p2a: Magnezone\n|\n|-heal|p1a: Tapu Bulu|40\/100|[from] item: Leftovers\n|-heal|p1a: Tapu Bulu|46\/100|[from] Grassy Terrain\n|upkeep\n|\n|switch|p2a: Pinsir|Pinsir, F|100\/100\n|turn|5\n|\n|switch|p2a: Porygon-Z|Porygon-Z|64\/100\n|switch|p1a: Zapdos|Zapdos|100\/100\n|\n|-heal|p2a: Porygon-Z|71\/100|[from] Grassy Terrain\n|upkeep\n|turn|6\n|\n|move|p2a: Porygon-Z|Tri Attack|p1a: Zapdos\n|-damage|p1a: Zapdos|15\/100\n|move|p1a: Zapdos|Discharge|p2a: Porygon-Z\n|-damage|p2a: Porygon-Z|28\/100\n|-status|p2a: Porygon-Z|par\n|\n|-heal|p1a: Zapdos|21\/100|[from] item: Leftovers\n|-heal|p2a: Porygon-Z|34\/100 par|[from] Grassy Terrain\n|-fieldend|move: Grassy Terrain\n|upkeep\n|turn|7\n|\n|move|p1a: Zapdos|Discharge|p2a: Porygon-Z\n|-damage|p2a: Porygon-Z|0 fnt\n|faint|p2a: Porygon-Z\n|\n|-heal|p1a: Zapdos|27\/100|[from] item: Leftovers\n|upkeep\n|\n|switch|p2a: Greninja|Greninja, M|100\/100\n|turn|8\n|\n|switch|p1a: Tapu Bulu|Tapu Bulu|46\/100\n|-fieldstart|move: Grassy Terrain|[from] ability: Grassy Surge|[of] p1a: Tapu Bulu\n|move|p2a: Greninja|U-turn|p1a: Tapu Bulu\n|-damage|p1a: Tapu Bulu|35\/100\n|\n|switch|p2a: Pinsir|Pinsir, F|100\/100\n|\n|-heal|p1a: Tapu Bulu|41\/100|[from] item: Leftovers\n|-heal|p1a: Tapu Bulu|47\/100|[from] Grassy Terrain\n|upkeep\n|turn|9\n|\n|switch|p1a: Landorus|Landorus-Therian, M|100\/100\n|-ability|p1a: Landorus|Intimidate|boost\n|-fail|p2a: Pinsir|unboost|Attack|[from] ability: Hyper Cutter|[of] p2a: Pinsir\n|detailschange|p2a: Pinsir|Pinsir-Mega, F\n|-mega|p2a: Pinsir|Pinsir|Pinsirite\n|move|p2a: Pinsir|Swords Dance|p2a: Pinsir\n|-boost|p2a: Pinsir|atk|2\n|\n|upkeep\n|turn|10\n|\n|switch|p2a: Landorus|Landorus-Therian, M|100\/100\n|-ability|p2a: Landorus|Intimidate|boost\n|-unboost|p1a: Landorus|atk|1\n|move|p1a: Landorus|Explosion|p2a: Landorus\n|-damage|p2a: Landorus|55\/100\n|faint|p1a: Landorus\n|\n|upkeep\n|\n|switch|p1a: Tapu Bulu|Tapu Bulu|47\/100\n|turn|11\n|\n|move|p2a: Landorus|Stealth Rock|p1a: Tapu Bulu\n|-sidestart|p1: SarahC.|move: Stealth Rock\n|move|p1a: Tapu Bulu|Horn Leech|p2a: Landorus\n|-damage|p2a: Landorus|18\/100\n|-heal|p1a: Tapu Bulu|68\/100|[from] drain|[of] p2a: Landorus\n|-damage|p1a: Tapu Bulu|51\/100|[from] item: Rocky Helmet|[of] p2a: Landorus\n|\n|-heal|p1a: Tapu Bulu|57\/100|[from] item: Leftovers\n|-heal|p1a: Tapu Bulu|63\/100|[from] Grassy Terrain\n|upkeep\n|turn|12\n|\n|move|p2a: Landorus|U-turn|p1a: Tapu Bulu\n|-crit|p1a: Tapu Bulu\n|-damage|p1a: Tapu Bulu|33\/100\n|\n|switch|p2a: Pinsir|Pinsir-Mega, F|100\/100\n|move|p1a: Tapu Bulu|Horn Leech|p2a: Pinsir\n|-resisted|p2a: Pinsir\n|-damage|p2a: Pinsir|87\/100\n|-heal|p1a: Tapu Bulu|38\/100|[from] drain|[of] p2a: Pinsir\n|\n|-heal|p1a: Tapu Bulu|45\/100|[from] item: Leftovers\n|-heal|p1a: Tapu Bulu|51\/100|[from] Grassy Terrain\n|-fieldend|move: Grassy Terrain\n|upkeep\n|turn|13\n|\n|switch|p1a: Greninja|Greninja, M|100\/100\n|-damage|p1a: Greninja|88\/100|[from] Stealth Rock\n|move|p2a: Pinsir|Swords Dance|p2a: Pinsir\n|-boost|p2a: Pinsir|atk|2\n|\n|upkeep\n|turn|14\n|\n|move|p2a: Pinsir|Quick Attack|p1a: Greninja\n|-damage|p1a: Greninja|0 fnt\n|faint|p1a: Greninja\n|\n|upkeep\n|\n|switch|p1a: Alakazam|Alakazam, M|100\/100\n|turn|15\n|\n|detailschange|p1a: Alakazam|Alakazam-Mega, M\n|-mega|p1a: Alakazam|Alakazam|Alakazite\n|-ability|p1a: Alakazam|Aerilate|[from] ability: Trace|[of] p2a: Pinsir\n|move|p2a: Pinsir|Quick Attack|p1a: Alakazam\n|-damage|p1a: Alakazam|0 fnt\n|faint|p1a: Alakazam\n|\n|upkeep\n|-message|SarahC. forfeited.\n|\n|win|CarlyBae\n|l|\u2606SarahC.\n|raw|SarahC.'s rating: 1701 &rarr; <strong>1674<\/strong><br \/>(-27 for losing)\n|raw|CarlyBae's rating: 1578 &rarr; <strong>1605<\/strong><br \/>(+27 for winning)\n|c|\u2606CarlyBae|\/log CarlyBae made this room public.\n","uploadtime":1537129627,"views":5,"p1id":"sarahc","p2id":"carlybae","formatid":"gen7ou","rating":1605,"private":0,"password":null}