{"id":"gen7ou-700507345","p1":"pigslayer","p2":"Toxabelle","format":"gen7ou","log":"|j|\u2606pigslayer\n|j|\u2606Toxabelle\n|inactive|Battle timer is ON: inactive players will automatically lose when time's up.\n|player|p1|pigslayer|2\n|player|p2|Toxabelle|101\n|teamsize|p1|6\n|teamsize|p2|6\n|gametype|singles\n|gen|7\n|tier|[Gen 7] OU\n|rated|Tournament battle\n|rule|Sleep Clause Mod: Limit one foe put to sleep\n|rule|Species Clause: Limit one of each Pok\u00e9mon\n|rule|OHKO Clause: OHKO moves are banned\n|rule|Moody Clause: Moody is banned\n|rule|Evasion Moves Clause: Evasion moves are banned\n|rule|Endless Battle Clause: Forcing endless battles is banned\n|rule|HP Percentage Mod: HP is shown in percentages\n|clearpoke\n|poke|p1|Smeargle, F|item\n|poke|p1|Pinsir, F|item\n|poke|p1|Bisharp, F|item\n|poke|p1|Celesteela|item\n|poke|p1|Mimikyu, M|item\n|poke|p1|Zygarde|item\n|poke|p2|Scizor, M|item\n|poke|p2|Greninja, M|item\n|poke|p2|Gengar, F|item\n|poke|p2|Blacephalon|item\n|poke|p2|Mimikyu, M|item\n|poke|p2|Landorus-Therian, M|item\n|teampreview\n|j| MegaAJchar\n|j| banded pex\n|j| Explosion Badger\n|j| Omari P\n|\n|start\n|switch|p1a: Smeargle|Smeargle, F|100\/100\n|switch|p2a: Gengar|Gengar, F|100\/100\n|turn|1\n|\n|move|p2a: Gengar|Taunt|p1a: Smeargle\n|-start|p1a: Smeargle|move: Taunt\n|cant|p1a: Smeargle|move: Taunt|Spore\n|\n|upkeep\n|turn|2\n|j| laser3\n|\n|switch|p1a: Bisharp|Bisharp, F|100\/100\n|move|p2a: Gengar|Shadow Ball|p1a: Bisharp\n|-resisted|p1a: Bisharp\n|-damage|p1a: Bisharp|67\/100\n|\n|upkeep\n|turn|3\n|j| Pokemon Hates Me\n|\n|move|p1a: Bisharp|Sucker Punch|p2a: Gengar\n|-supereffective|p2a: Gengar\n|-enditem|p2a: Gengar|Focus Sash\n|-damage|p2a: Gengar|1\/100\n|move|p2a: Gengar|Focus Blast|p1a: Bisharp\n|-supereffective|p1a: Bisharp\n|-damage|p1a: Bisharp|0 fnt\n|faint|p1a: Bisharp\n|\n|upkeep\n|j| MagicDerpBus\n|\n|switch|p1a: Pinsir|Pinsir, F|100\/100\n|turn|4\n|l| laser3\n|inactive|Toxabelle has 135 seconds left.\n|\n|-mega|p1a: Pinsir|Pinsir|Pinsirite\n|detailschange|p1a: Pinsir|Pinsir-Mega, F\n|move|p1a: Pinsir|Quick Attack|p2a: Gengar\n|-damage|p2a: Gengar|0 fnt\n|-start|p1a: Pinsir|Disable|Quick Attack|[from] ability: Cursed Body|[of] p2a: Gengar\n|faint|p2a: Gengar\n|\n|upkeep\n|\n|switch|p2a: Blacephalon|Blacephalon|100\/100\n|turn|5\n|inactive|pigslayer has 135 seconds left.\n|j| PumpkinHead9000\n|\n|move|p2a: Blacephalon|Substitute|p2a: Blacephalon\n|-start|p2a: Blacephalon|Substitute\n|-damage|p2a: Blacephalon|76\/100\n|move|p1a: Pinsir|Earthquake|p2a: Blacephalon\n|-supereffective|p2a: Blacephalon\n|-crit|p2a: Blacephalon\n|-end|p2a: Blacephalon|Substitute\n|\n|upkeep\n|turn|6\n|\n|move|p2a: Blacephalon|Flamethrower|p1a: Pinsir\n|-supereffective|p1a: Pinsir\n|-damage|p1a: Pinsir|0 fnt\n|faint|p1a: Pinsir\n|-ability|p2a: Blacephalon|Beast Boost|boost\n|-boost|p2a: Blacephalon|spa|1\n|\n|upkeep\n|\n|switch|p1a: Smeargle|Smeargle, F|100\/100\n|turn|7\n|l| MegaAJchar\n|\n|move|p2a: Blacephalon|Substitute|p2a: Blacephalon\n|-start|p2a: Blacephalon|Substitute\n|-damage|p2a: Blacephalon|51\/100\n|move|p1a: Smeargle|Spore|p2a: Blacephalon\n|-fail|p2a: Blacephalon\n|\n|upkeep\n|turn|8\n|c|\u2606Toxabelle|u just saw spore\n|c|\u2606Toxabelle|lmao\n|c|\u2606Toxabelle|i mean sub\n|\n|move|p2a: Blacephalon|Flamethrower|p1a: Smeargle\n|-enditem|p1a: Smeargle|Focus Sash\n|-damage|p1a: Smeargle|1\/100\n|move|p1a: Smeargle|Sticky Web|p2a: Blacephalon\n|-sidestart|p2: Toxabelle|move: Sticky Web\n|\n|upkeep\n|turn|9\n|c|\u2606pigslayer|i was distracted\n|c|\u2606pigslayer|u win because of that\n|j| Alkagen100\n|\n|move|p2a: Blacephalon|Flamethrower|p1a: Smeargle\n|-damage|p1a: Smeargle|0 fnt\n|faint|p1a: Smeargle\n|-ability|p2a: Blacephalon|Beast Boost|boost\n|-boost|p2a: Blacephalon|spa|1\n|\n|upkeep\n|c|\u2606Toxabelle|no i dont yet\n|\n|switch|p1a: Zygarde|Zygarde|100\/100\n|-ability|p1a: Zygarde|Aura Break\n|turn|10\n|\n|-zpower|p2a: Blacephalon\n|move|p2a: Blacephalon|Never-Ending Nightmare|p1a: Zygarde|[zeffect]\n|-damage|p1a: Zygarde|0 fnt\n|faint|p1a: Zygarde\n|-ability|p2a: Blacephalon|Beast Boost|boost\n|-boost|p2a: Blacephalon|spa|1\n|\n|upkeep\n|inactive|pigslayer has 135 seconds left.\n|\n|switch|p1a: Mimikyu|Mimikyu, M|100\/100\n|turn|11\n|c|\u2606Toxabelle|your celesteela\n|\n|move|p1a: Mimikyu|Shadow Sneak|p2a: Blacephalon\n|-supereffective|p2a: Blacephalon\n|-end|p2a: Blacephalon|Substitute\n|-damage|p1a: Mimikyu|91\/100|[from] item: Life Orb\n|move|p2a: Blacephalon|Flamethrower|p1a: Mimikyu\n|-activate|p1a: Mimikyu|ability: Disguise\n|-damage|p1a: Mimikyu|91\/100\n|detailschange|p1a: Mimikyu|Mimikyu-Busted, M\n|\n|upkeep\n|turn|12\n|\n|switch|p2a: Landorus|Landorus-Therian, M|100\/100\n|-ability|p2a: Landorus|Intimidate|boost\n|-unboost|p1a: Mimikyu|atk|1\n|move|p1a: Mimikyu|Shadow Sneak|p2a: Landorus\n|-damage|p2a: Landorus|88\/100\n|-damage|p1a: Mimikyu|74\/100|[from] item: Rocky Helmet|[of] p2a: Landorus\n|-damage|p1a: Mimikyu|64\/100|[from] item: Life Orb\n|\n|upkeep\n|turn|13\n|inactive|pigslayer has 135 seconds left.\n|inactive|Toxabelle has 135 seconds left.\n|\n|switch|p1a: Celesteela|Celesteela|100\/100\n|move|p2a: Landorus|U-turn|p1a: Celesteela\n|-resisted|p1a: Celesteela\n|-damage|p1a: Celesteela|95\/100\n|\n|switch|p2a: Greninja|Greninja, M|100\/100\n|-activate|p2a: Greninja|move: Sticky Web\n|-unboost|p2a: Greninja|spe|1\n|\n|upkeep\n|turn|14\n|c|\u2606Toxabelle|please hit\n|\n|move|p2a: Greninja|Hydro Pump|p1a: Celesteela\n|-damage|p1a: Celesteela|23\/100\n|move|p1a: Celesteela|Autotomize|p1a: Celesteela\n|-boost|p1a: Celesteela|spe|2\n|-start|p1a: Celesteela|Autotomize\n|\n|upkeep\n|turn|15\n|\n|switch|p2a: Blacephalon|Blacephalon|51\/100\n|-activate|p2a: Blacephalon|move: Sticky Web\n|-unboost|p2a: Blacephalon|spe|1\n|move|p1a: Celesteela|Giga Drain|p2a: Blacephalon\n|-resisted|p2a: Blacephalon\n|-damage|p2a: Blacephalon|30\/100\n|-heal|p1a: Celesteela|31\/100|[from] drain|[of] p2a: Blacephalon\n|\n|upkeep\n|turn|16\n|\n|move|p1a: Celesteela|Air Slash|p2a: Blacephalon\n|-damage|p2a: Blacephalon|0 fnt\n|faint|p2a: Blacephalon\n|-ability|p1a: Celesteela|Beast Boost|boost\n|-boost|p1a: Celesteela|spa|1\n|\n|upkeep\n|\n|switch|p2a: Mimikyu|Mimikyu, M|100\/100\n|-activate|p2a: Mimikyu|move: Sticky Web\n|-unboost|p2a: Mimikyu|spe|1\n|turn|17\n|\n|move|p2a: Mimikyu|Shadow Sneak|p1a: Celesteela\n|-damage|p1a: Celesteela|15\/100\n|move|p1a: Celesteela|Air Slash|p2a: Mimikyu\n|-activate|p2a: Mimikyu|ability: Disguise\n|-damage|p2a: Mimikyu|100\/100\n|detailschange|p2a: Mimikyu|Mimikyu-Busted, M\n|-enditem|p2a: Mimikyu|Red Card|[of] p1a: Celesteela\n|drag|p1a: Mimikyu|Mimikyu-Busted, M|64\/100\n|\n|upkeep\n|turn|18\n|\n|move|p1a: Mimikyu|Shadow Claw|p2a: Mimikyu\n|-supereffective|p2a: Mimikyu\n|-damage|p2a: Mimikyu|0 fnt\n|-damage|p1a: Mimikyu|54\/100|[from] item: Life Orb\n|faint|p2a: Mimikyu\n|\n|upkeep\n|\n|switch|p2a: Scizor|Scizor, M|100\/100\n|-activate|p2a: Scizor|move: Sticky Web\n|-unboost|p2a: Scizor|spe|1\n|turn|19\n|\n|-mega|p2a: Scizor|Scizor|Scizorite\n|detailschange|p2a: Scizor|Scizor-Mega, M\n|move|p2a: Scizor|Bullet Punch|p1a: Mimikyu\n|-supereffective|p1a: Mimikyu\n|-damage|p1a: Mimikyu|0 fnt\n|faint|p1a: Mimikyu\n|\n|upkeep\n|c|\u2606Toxabelle|gg\n|c|\u2606pigslayer|gg\n|\n|switch|p1a: Celesteela|Celesteela|15\/100\n|turn|20\n|\n|move|p2a: Scizor|Bullet Punch|p1a: Celesteela\n|-resisted|p1a: Celesteela\n|-damage|p1a: Celesteela|0 fnt\n|faint|p1a: Celesteela\n|\n|win|Toxabelle\n|l|\u2606Toxabelle\n|l|\u2606pigslayer\n|l| Explosion Badger\n|l| PumpkinHead9000\n|l| banded pex\n|l| Alkagen100\n|j| Alkagen100\n|l| Omari P\n|l| MagicDerpBus\n|l| Alkagen100\n|j| Alkagen100\n|n| Alkagen1014|alkagen100\n|l| Pokemon Hates Me\n","inputlog":null,"uploadtime":1518020583,"views":15,"p1id":"pigslayer","p2id":"toxabelle","formatid":"gen7ou","rating":0,"private":0,"password":null}