{"id":"gen7randombattle-564798187","p1":"VanQush","p2":"x wing fighter","format":"gen7randombattle","log":"|j|VanQush\n|j|x wing fighter\n|player|p1|VanQush|200\n|player|p2|x wing fighter|169\n|gametype|singles\n|gen|7\n|tier|[Gen 7] Random Battle\n|rated\n|seed|6502,10473,57840,26245,8435,31187,30921,20867,67,37670,40457,26158\n|rule|Sleep Clause Mod: Limit one foe put to sleep\n|rule|HP Percentage Mod: HP is shown in percentages\n|\n|start\n|switch|p1a: Salazzle|Salazzle, L79, F|100\/100\n|switch|p2a: Beheeyem|Beheeyem, L79, F|100\/100\n|-item|p1a: Salazzle|Air Balloon\n|turn|1\n|choice|switch 2|move psychic\n|\n|switch|p1a: Vivillon|Vivillon, L79, M|100\/100\n|move|p2a: Beheeyem|Psychic|p1a: Vivillon\n|-damage|p1a: Vivillon|0 fnt\n|-damage|p2a: Beheeyem|91\/100|[from] item: Life Orb\n|faint|p1a: Vivillon\n|\n|upkeep\n|choice|switch 3|\n|\n|switch|p1a: Crustle|Crustle, L79, F|100\/100\n|turn|2\n|choice|move xscissor|switch 4\n|\n|switch|p2a: Kabutops|Kabutops, L79, M|100\/100\n|move|p1a: Crustle|X-Scissor|p2a: Kabutops\n|-damage|p2a: Kabutops|66\/100\n|\n|upkeep\n|turn|3\n|choice|switch 6|move aquajet\n|\n|switch|p1a: Whiscash|Whiscash, L79, F|100\/100\n|move|p2a: Kabutops|Aqua Jet|p1a: Whiscash\n|-damage|p1a: Whiscash|82\/100\n|\n|upkeep\n|turn|4\n|choice|move earthquake|switch 6\n|\n|switch|p2a: Ferrothorn|Ferrothorn, L75, F|100\/100\n|move|p1a: Whiscash|Earthquake|p2a: Ferrothorn\n|-damage|p2a: Ferrothorn|66\/100\n|-damage|p1a: Whiscash|72\/100|[from] item: Life Orb\n|\n|-heal|p2a: Ferrothorn|72\/100|[from] item: Leftovers\n|upkeep\n|turn|5\n|choice|switch 2|move powerwhip\n|\n|switch|p1a: Salazzle|Salazzle, L79, F|100\/100\n|-item|p1a: Salazzle|Air Balloon\n|move|p2a: Ferrothorn|Power Whip|p1a: Salazzle\n|-resisted|p1a: Salazzle\n|-damage|p1a: Salazzle|86\/100\n|-enditem|p1a: Salazzle|Air Balloon\n|\n|-heal|p2a: Ferrothorn|78\/100|[from] item: Leftovers\n|upkeep\n|turn|6\n|choice|move fireblast|switch 6\n|\n|switch|p2a: Kabutops|Kabutops, L79, M|66\/100\n|move|p1a: Salazzle|Fire Blast|p2a: Kabutops\n|-resisted|p2a: Kabutops\n|-damage|p2a: Kabutops|56\/100\n|\n|upkeep\n|turn|7\n|choice|switch 2|move aquajet\n|\n|switch|p1a: Whiscash|Whiscash, L79, F|72\/100\n|move|p2a: Kabutops|Aqua Jet|p1a: Whiscash\n|-crit|p1a: Whiscash\n|-damage|p1a: Whiscash|47\/100\n|\n|upkeep\n|turn|8\n|choice|move dragondance|switch 6\n|\n|switch|p2a: Ferrothorn|Ferrothorn, L75, F|78\/100\n|move|p1a: Whiscash|Dragon Dance|p1a: Whiscash\n|-boost|p1a: Whiscash|atk|1\n|-boost|p1a: Whiscash|spe|1\n|\n|-heal|p2a: Ferrothorn|83\/100|[from] item: Leftovers\n|upkeep\n|turn|9\n|choice|move waterfall|move powerwhip\n|\n|move|p1a: Whiscash|Waterfall|p2a: Ferrothorn\n|-resisted|p2a: Ferrothorn\n|-damage|p2a: Ferrothorn|62\/100\n|-damage|p1a: Whiscash|35\/100|[from] ability: Iron Barbs|[of] p2a: Ferrothorn\n|-damage|p1a: Whiscash|25\/100|[from] item: Life Orb\n|move|p2a: Ferrothorn|Power Whip|p1a: Whiscash\n|-supereffective|p1a: Whiscash\n|-damage|p1a: Whiscash|0 fnt\n|faint|p1a: Whiscash\n|\n|-heal|p2a: Ferrothorn|68\/100|[from] item: Leftovers\n|upkeep\n|choice|switch 2|\n|\n|switch|p1a: Salazzle|Salazzle, L79, F|86\/100\n|turn|10\n|choice|move fireblast|switch 6\n|\n|switch|p2a: Kabutops|Kabutops, L79, M|56\/100\n|move|p1a: Salazzle|Fire Blast|p2a: Kabutops\n|-resisted|p2a: Kabutops\n|-damage|p2a: Kabutops|46\/100\n|\n|upkeep\n|turn|11\n|choice|switch 4|move aquajet\n|\n|switch|p1a: Meowstic|Meowstic, L79, M|100\/100\n|move|p2a: Kabutops|Aqua Jet|p1a: Meowstic\n|-damage|p1a: Meowstic|80\/100\n|\n|upkeep\n|turn|12\n|choice|move lightscreen|move knockoff\n|\n|move|p1a: Meowstic|Light Screen|p1a: Meowstic\n|-sidestart|p1: VanQush|move: Light Screen\n|move|p2a: Kabutops|Knock Off|p1a: Meowstic\n|-supereffective|p1a: Meowstic\n|-damage|p1a: Meowstic|9\/100\n|-enditem|p1a: Meowstic|Light Clay|[from] move: Knock Off|[of] p2a: Kabutops\n|\n|upkeep\n|turn|13\n|choice|move psychic|move aquajet\n|\n|move|p2a: Kabutops|Aqua Jet|p1a: Meowstic\n|-damage|p1a: Meowstic|0 fnt\n|faint|p1a: Meowstic\n|\n|upkeep\n|choice|switch 6|\n|\n|switch|p1a: Crustle|Crustle, L79, F|100\/100\n|turn|14\n|choice|move stoneedge|move aquajet\n|\n|move|p2a: Kabutops|Aqua Jet|p1a: Crustle\n|-supereffective|p1a: Crustle\n|-damage|p1a: Crustle|73\/100\n|move|p1a: Crustle|Stone Edge|p2a: Kabutops\n|-damage|p2a: Kabutops|8\/100\n|\n|-heal|p1a: Crustle|79\/100|[from] item: Leftovers\n|upkeep\n|turn|15\n|choice|move xscissor|move knockoff\n|\n|move|p2a: Kabutops|Knock Off|p1a: Crustle\n|-damage|p1a: Crustle|56\/100\n|-enditem|p1a: Crustle|Leftovers|[from] move: Knock Off|[of] p2a: Kabutops\n|move|p1a: Crustle|X-Scissor|p2a: Kabutops\n|-damage|p2a: Kabutops|0 fnt\n|faint|p2a: Kabutops\n|\n|upkeep\n|choice||switch 6\n|\n|switch|p2a: Ferrothorn|Ferrothorn, L75, F|68\/100\n|turn|16\n|choice|switch 4|move gyroball\n|\n|switch|p1a: Salazzle|Salazzle, L79, F|86\/100\n|move|p2a: Ferrothorn|Gyro Ball|p1a: Salazzle\n|-resisted|p1a: Salazzle\n|-damage|p1a: Salazzle|46\/100\n|\n|-heal|p2a: Ferrothorn|74\/100|[from] item: Leftovers\n|upkeep\n|turn|17\n|choice|move fireblast|switch 4\n|\n|switch|p2a: Beheeyem|Beheeyem, L79, F|91\/100\n|move|p1a: Salazzle|Fire Blast|p2a: Beheeyem|[miss]\n|-miss|p1a: Salazzle|p2a: Beheeyem\n|\n|upkeep\n|turn|18\n|choice|switch 4|move psychic\n|\n|switch|p1a: Crustle|Crustle, L79, F|56\/100\n|move|p2a: Beheeyem|Psychic|p1a: Crustle\n|-damage|p1a: Crustle|13\/100\n|-damage|p2a: Beheeyem|81\/100|[from] item: Life Orb\n|\n|upkeep\n|turn|19\n|choice|move xscissor|switch 2\n|\n|switch|p2a: Wormadam|Wormadam-Trash, L79, F|100\/100\n|move|p1a: Crustle|X-Scissor|p2a: Wormadam\n|-resisted|p2a: Wormadam\n|-damage|p2a: Wormadam|82\/100\n|\n|-heal|p2a: Wormadam|88\/100|[from] item: Leftovers\n|-sideend|p1: VanQush|move: Light Screen\n|upkeep\n|turn|20\n|choice|switch 4|move gyroball\n|\n|switch|p1a: Salazzle|Salazzle, L79, F|46\/100\n|move|p2a: Wormadam|Gyro Ball|p1a: Salazzle\n|-resisted|p1a: Salazzle\n|-damage|p1a: Salazzle|25\/100\n|\n|-heal|p2a: Wormadam|94\/100|[from] item: Leftovers\n|upkeep\n|turn|21\n|choice|move fireblast|switch 2\n|\n|switch|p2a: Beheeyem|Beheeyem, L79, F|81\/100\n|move|p1a: Salazzle|Fire Blast|p2a: Beheeyem\n|-damage|p2a: Beheeyem|35\/100\n|\n|upkeep\n|turn|22\n|-message|VanQush forfeited.\n|\n|win|x wing fighter\n|l|VanQush\n|raw|VanQush's rating: 1024 &rarr; <strong>1011<\/strong><br \/>(-13 for losing)\n|raw|x wing fighter's rating: 1048 &rarr; <strong>1079<\/strong><br \/>(+31 for winning)","inputlog":null,"uploadtime":1492754101,"views":1,"p1id":"vanqush","p2id":"xwingfighter","formatid":"gen7randombattle","rating":1011,"private":0,"password":null}