{"id":"gen7ou-852979882","p1":"H4WT \u2605","p2":"sweetsaphire","format":"gen7ou","log":"|j|\u2606H4WT \u2605\n|j|\u2606sweetsaphire\n|player|p1|H4WT \u2605|266\n|player|p2|sweetsaphire|289\n|teamsize|p1|6\n|teamsize|p2|6\n|gametype|singles\n|gen|7\n|tier|[Gen 7] OU\n|rated|\n|rule|Sleep Clause Mod: Limit one foe put to sleep\n|rule|Species Clause: Limit one of each Pok\u00e9mon\n|rule|OHKO Clause: OHKO moves are banned\n|rule|Moody Clause: Moody is banned\n|rule|Evasion Moves Clause: Evasion moves are banned\n|rule|Endless Battle Clause: Forcing endless battles is banned\n|rule|HP Percentage Mod: HP is shown in percentages\n|clearpoke\n|poke|p1|Kartana|item\n|poke|p1|Greninja, M|item\n|poke|p1|Mawile, F|item\n|poke|p1|Garchomp, M|item\n|poke|p1|Tornadus-Therian, M|item\n|poke|p1|Tangrowth, F|item\n|poke|p2|Latios, M|item\n|poke|p2|Magnezone|item\n|poke|p2|Ferrothorn, M|item\n|poke|p2|Landorus-Therian, M|item\n|poke|p2|Toxapex, M|item\n|poke|p2|Volcarona, F|item\n|teampreview\n|inactive|Battle timer is ON: inactive players will automatically lose when time's up. (requested by sweetsaphire)\n|inactive|H4WT \u2605 has 120 seconds left.\n|\n|start\n|switch|p1a: Tornadus|Tornadus-Therian, M|100\/100\n|switch|p2a: Tandorus-Lherian|Landorus-Therian, M|100\/100\n|-ability|p2a: Tandorus-Lherian|Intimidate|boost\n|-unboost|p1a: Tornadus|atk|1\n|turn|1\n|\n|move|p1a: Tornadus|Hurricane|p2a: Tandorus-Lherian|[miss]\n|-miss|p1a: Tornadus|p2a: Tandorus-Lherian\n|move|p2a: Tandorus-Lherian|U-turn|p1a: Tornadus\n|-resisted|p1a: Tornadus\n|-damage|p1a: Tornadus|84\/100\n|\n|switch|p2a: Poxatex|Toxapex, M|100\/100\n|\n|upkeep\n|turn|2\n|\n|move|p1a: Tornadus|Taunt|p2a: Poxatex\n|-start|p2a: Poxatex|move: Taunt\n|cant|p2a: Poxatex|move: Taunt|Toxic\n|\n|upkeep\n|turn|3\n|\n|move|p1a: Tornadus|Hurricane|p2a: Poxatex\n|-crit|p2a: Poxatex\n|-damage|p2a: Poxatex|56\/100\n|move|p2a: Poxatex|Scald|p1a: Tornadus\n|-damage|p1a: Tornadus|62\/100\n|\n|-heal|p2a: Poxatex|62\/100|[from] item: Black Sludge\n|upkeep\n|turn|4\n|\n|move|p1a: Tornadus|U-turn|p2a: Poxatex\n|-resisted|p2a: Poxatex\n|-damage|p2a: Poxatex|58\/100\n|\n|switch|p1a: Tangrowth|Tangrowth, F|100\/100\n|move|p2a: Poxatex|Scald|p1a: Tangrowth\n|-resisted|p1a: Tangrowth\n|-damage|p1a: Tangrowth|95\/100\n|\n|-heal|p2a: Poxatex|65\/100|[from] item: Black Sludge\n|-end|p2a: Poxatex|move: Taunt\n|upkeep\n|turn|5\n|\n|switch|p1a: Mawile|Mawile, F|100\/100\n|-ability|p1a: Mawile|Intimidate|boost\n|-unboost|p2a: Poxatex|atk|1\n|switch|p2a: Terrofhorn|Ferrothorn, M, shiny|100\/100\n|\n|upkeep\n|turn|6\n|\n|switch|p1a: Tornadus|Tornadus-Therian, M|95\/100\n|switch|p2a: Tandorus-Lherian|Landorus-Therian, M|100\/100\n|-ability|p2a: Tandorus-Lherian|Intimidate|boost\n|-unboost|p1a: Tornadus|atk|1\n|\n|upkeep\n|turn|7\n|\n|move|p1a: Tornadus|Hurricane|p2a: Tandorus-Lherian|[miss]\n|-miss|p1a: Tornadus|p2a: Tandorus-Lherian\n|move|p2a: Tandorus-Lherian|U-turn|p1a: Tornadus\n|-resisted|p1a: Tornadus\n|-damage|p1a: Tornadus|81\/100\n|\n|switch|p2a: Poxatex|Toxapex, M|98\/100\n|\n|-heal|p2a: Poxatex|100\/100|[from] item: Black Sludge\n|upkeep\n|turn|8\n|\n|move|p1a: Tornadus|Taunt|p2a: Poxatex\n|-start|p2a: Poxatex|move: Taunt\n|move|p2a: Poxatex|Scald|p1a: Tornadus\n|-damage|p1a: Tornadus|61\/100\n|\n|upkeep\n|turn|9\n|\n|move|p1a: Tornadus|Hurricane|p2a: Poxatex\n|-damage|p2a: Poxatex|67\/100\n|move|p2a: Poxatex|Scald|p1a: Tornadus\n|-damage|p1a: Tornadus|39\/100\n|-status|p1a: Tornadus|brn\n|\n|-heal|p2a: Poxatex|73\/100|[from] item: Black Sludge\n|-damage|p1a: Tornadus|33\/100 brn|[from] brn\n|upkeep\n|turn|10\n|\n|switch|p2a: Terrofhorn|Ferrothorn, M, shiny|100\/100\n|move|p1a: Tornadus|Hurricane|p2a: Terrofhorn\n|-damage|p2a: Terrofhorn|64\/100\n|-start|p2a: Terrofhorn|confusion\n|\n|-heal|p2a: Terrofhorn|70\/100|[from] item: Leftovers\n|-damage|p1a: Tornadus|27\/100 brn|[from] brn\n|upkeep\n|turn|11\n|\n|-zpower|p1a: Tornadus\n|move|p1a: Tornadus|Supersonic Skystrike|p2a: Terrofhorn|[zeffect]\n|-damage|p2a: Terrofhorn|11\/100\n|-activate|p2a: Terrofhorn|confusion\n|move|p2a: Terrofhorn|Stealth Rock|p1a: Tornadus\n|-sidestart|p1: H4WT \u2605|move: Stealth Rock\n|\n|-heal|p2a: Terrofhorn|17\/100|[from] item: Leftovers\n|-damage|p1a: Tornadus|21\/100 brn|[from] brn\n|upkeep\n|turn|12\n|\n|switch|p2a: Poxatex|Toxapex, M|100\/100\n|move|p1a: Tornadus|Defog|p2a: Poxatex\n|-unboost|p2a: Poxatex|evasion|1\n|-sideend|p1: H4WT \u2605|Stealth Rock|[from] move: Defog|[of] p1a: Tornadus\n|\n|-damage|p1a: Tornadus|15\/100 brn|[from] brn\n|upkeep\n|turn|13\n|\n|switch|p1a: Garchomp|Garchomp, M|100\/100\n|move|p2a: Poxatex|Toxic|p1a: Garchomp\n|-status|p1a: Garchomp|tox\n|\n|-damage|p1a: Garchomp|94\/100 tox|[from] psn\n|upkeep\n|turn|14\n|\n|switch|p2a: Tandorus-Lherian|Landorus-Therian, M|100\/100\n|-ability|p2a: Tandorus-Lherian|Intimidate|boost\n|-unboost|p1a: Garchomp|atk|1\n|move|p1a: Garchomp|Stealth Rock|p2a: Tandorus-Lherian\n|-sidestart|p2: sweetsaphire|move: Stealth Rock\n|\n|-damage|p1a: Garchomp|82\/100 tox|[from] psn\n|upkeep\n|turn|15\n|\n|switch|p1a: Greninja|Greninja, M|100\/100\n|move|p2a: Tandorus-Lherian|Defog|p1a: Greninja\n|-unboost|p1a: Greninja|evasion|1\n|-sideend|p2: sweetsaphire|Stealth Rock|[from] move: Defog|[of] p2a: Tandorus-Lherian\n|\n|upkeep\n|turn|16\n|\n|switch|p2a: Poxatex|Toxapex, M|100\/100\n|move|p1a: Greninja|Spikes|p2a: Poxatex\n|-sidestart|p2: sweetsaphire|Spikes\n|\n|upkeep\n|turn|17\n|\n|switch|p1a: Tornadus|Tornadus-Therian, M|48\/100 brn\n|move|p2a: Poxatex|Toxic||[still]\n|-fail|p2a: Poxatex\n|\n|-damage|p1a: Tornadus|42\/100 brn|[from] brn\n|upkeep\n|turn|18\n|\n|move|p1a: Tornadus|U-turn|p2a: Poxatex\n|-resisted|p2a: Poxatex\n|-damage|p2a: Poxatex|98\/100\n|\n|switch|p1a: Tangrowth|Tangrowth, F|100\/100\n|move|p2a: Poxatex|Scald|p1a: Tangrowth\n|-resisted|p1a: Tangrowth\n|-damage|p1a: Tangrowth|96\/100\n|\n|-heal|p2a: Poxatex|100\/100|[from] item: Black Sludge\n|upkeep\n|turn|19\n|\n|switch|p1a: Tornadus|Tornadus-Therian, M|75\/100 brn\n|move|p2a: Poxatex|Toxic||[still]\n|-fail|p2a: Poxatex\n|\n|-damage|p1a: Tornadus|69\/100 brn|[from] brn\n|upkeep\n|turn|20\n|\n|move|p1a: Tornadus|U-turn|p2a: Poxatex\n|-resisted|p2a: Poxatex\n|-damage|p2a: Poxatex|98\/100\n|\n|switch|p1a: Tangrowth|Tangrowth, F|100\/100\n|move|p2a: Poxatex|Scald|p1a: Tangrowth\n|-resisted|p1a: Tangrowth\n|-damage|p1a: Tangrowth|96\/100\n|-status|p1a: Tangrowth|brn\n|\n|-heal|p2a: Poxatex|100\/100|[from] item: Black Sludge\n|-damage|p1a: Tangrowth|89\/100 brn|[from] brn\n|upkeep\n|turn|21\n|inactive|sweetsaphire has 120 seconds left.\n|\n|switch|p1a: Tornadus|Tornadus-Therian, M|100\/100 brn\n|switch|p2a: Tandorus-Lherian|Landorus-Therian, M|100\/100\n|-ability|p2a: Tandorus-Lherian|Intimidate|boost\n|-unboost|p1a: Tornadus|atk|1\n|\n|-damage|p1a: Tornadus|94\/100 brn|[from] brn\n|upkeep\n|turn|22\n|\n|move|p1a: Tornadus|Taunt|p2a: Tandorus-Lherian\n|-start|p2a: Tandorus-Lherian|move: Taunt\n|cant|p2a: Tandorus-Lherian|move: Taunt|Defog\n|\n|-damage|p1a: Tornadus|88\/100 brn|[from] brn\n|upkeep\n|turn|23\n|\n|move|p1a: Tornadus|Hurricane|p2a: Tandorus-Lherian|[miss]\n|-miss|p1a: Tornadus|p2a: Tandorus-Lherian\n|move|p2a: Tandorus-Lherian|U-turn|p1a: Tornadus\n|-resisted|p1a: Tornadus\n|-damage|p1a: Tornadus|73\/100 brn\n|\n|switch|p2a: Matios-Lega|Latios, M|100\/100\n|\n|-damage|p1a: Tornadus|67\/100 brn|[from] brn\n|upkeep\n|turn|24\n|\n|detailschange|p2a: Matios-Lega|Latios-Mega, M\n|-mega|p2a: Matios-Lega|Latios|Latiosite\n|move|p1a: Tornadus|U-turn|p2a: Matios-Lega\n|-supereffective|p2a: Matios-Lega\n|-damage|p2a: Matios-Lega|89\/100\n|\n|switch|p1a: Greninja|Greninja, M|100\/100\n|move|p2a: Matios-Lega|Ice Beam|p1a: Greninja\n|-resisted|p1a: Greninja\n|-damage|p1a: Greninja|72\/100\n|\n|upkeep\n|turn|25\n|\n|switch|p2a: Poxatex|Toxapex, M|100\/100\n|-damage|p2a: Poxatex|88\/100|[from] Spikes\n|move|p1a: Greninja|Dark Pulse|p2a: Poxatex\n|-damage|p2a: Poxatex|56\/100\n|\n|-heal|p2a: Poxatex|62\/100|[from] item: Black Sludge\n|upkeep\n|turn|26\n|\n|move|p1a: Greninja|Dark Pulse|p2a: Poxatex\n|-damage|p2a: Poxatex|27\/100\n|move|p2a: Poxatex|Recover|p2a: Poxatex\n|-heal|p2a: Poxatex|77\/100\n|\n|-heal|p2a: Poxatex|84\/100|[from] item: Black Sludge\n|upkeep\n|turn|27\n|\n|switch|p1a: Tornadus|Tornadus-Therian, M|99\/100 brn\n|move|p2a: Poxatex|Toxic||[still]\n|-fail|p2a: Poxatex\n|\n|-heal|p2a: Poxatex|90\/100|[from] item: Black Sludge\n|-damage|p1a: Tornadus|94\/100 brn|[from] brn\n|upkeep\n|turn|28\n|\n|move|p1a: Tornadus|Hurricane|p2a: Poxatex\n|-damage|p2a: Poxatex|57\/100\n|-start|p2a: Poxatex|confusion\n|-activate|p2a: Poxatex|confusion\n|move|p2a: Poxatex|Scald|p1a: Tornadus\n|-crit|p1a: Tornadus\n|-damage|p1a: Tornadus|63\/100 brn\n|\n|-heal|p2a: Poxatex|63\/100|[from] item: Black Sludge\n|-damage|p1a: Tornadus|57\/100 brn|[from] brn\n|upkeep\n|turn|29\n|\n|switch|p2a: Matios-Lega|Latios-Mega, M|89\/100\n|move|p1a: Tornadus|Taunt|p2a: Matios-Lega\n|-start|p2a: Matios-Lega|move: Taunt\n|\n|-damage|p1a: Tornadus|51\/100 brn|[from] brn\n|upkeep\n|turn|30\n|\n|move|p1a: Tornadus|U-turn|p2a: Matios-Lega\n|-supereffective|p2a: Matios-Lega\n|-damage|p2a: Matios-Lega|72\/100\n|\n|switch|p1a: Mawile|Mawile, F|100\/100\n|-ability|p1a: Mawile|Intimidate|boost\n|-unboost|p2a: Matios-Lega|atk|1\n|move|p2a: Matios-Lega|Ice Beam|p1a: Mawile\n|-resisted|p1a: Mawile\n|-damage|p1a: Mawile|67\/100\n|\n|upkeep\n|turn|31\n|\n|switch|p2a: Tandorus-Lherian|Landorus-Therian, M|100\/100\n|-ability|p2a: Tandorus-Lherian|Intimidate|boost\n|-unboost|p1a: Mawile|atk|1\n|detailschange|p1a: Mawile|Mawile-Mega, F\n|-mega|p1a: Mawile|Mawile|Mawilite\n|move|p1a: Mawile|Play Rough|p2a: Tandorus-Lherian\n|-damage|p2a: Tandorus-Lherian|54\/100\n|\n|-heal|p2a: Tandorus-Lherian|60\/100|[from] item: Leftovers\n|upkeep\n|turn|32\n|\n|move|p2a: Tandorus-Lherian|U-turn|p1a: Mawile\n|-resisted|p1a: Mawile\n|-damage|p1a: Mawile|61\/100\n|\n|switch|p2a: Terrofhorn|Ferrothorn, M, shiny|17\/100\n|-damage|p2a: Terrofhorn|5\/100|[from] Spikes\n|move|p1a: Mawile|Play Rough|p2a: Terrofhorn\n|-resisted|p2a: Terrofhorn\n|-damage|p2a: Terrofhorn|0 fnt\n|-damage|p1a: Mawile|49\/100|[from] ability: Iron Barbs|[of] p2a: Terrofhorn\n|faint|p2a: Terrofhorn\n|\n|upkeep\n|\n|switch|p2a: Rolcavona|Volcarona, F|100\/100\n|-damage|p2a: Rolcavona|88\/100|[from] Spikes\n|turn|33\n|\n|move|p2a: Rolcavona|Fire Blast|p1a: Mawile\n|-supereffective|p1a: Mawile\n|-damage|p1a: Mawile|0 fnt\n|faint|p1a: Mawile\n|\n|upkeep\n|\n|switch|p1a: Greninja|Greninja, M|72\/100\n|turn|34\n|\n|switch|p2a: Poxatex|Toxapex, M|97\/100\n|-damage|p2a: Poxatex|84\/100|[from] Spikes\n|move|p1a: Greninja|Dark Pulse|p2a: Poxatex\n|-damage|p2a: Poxatex|50\/100\n|\n|-heal|p2a: Poxatex|56\/100|[from] item: Black Sludge\n|upkeep\n|turn|35\n|\n|switch|p1a: Kartana|Kartana|100\/100\n|move|p2a: Poxatex|Toxic|p1a: Kartana\n|-immune|p1a: Kartana\n|\n|-heal|p2a: Poxatex|63\/100|[from] item: Black Sludge\n|upkeep\n|turn|36\n|inactive|sweetsaphire has 120 seconds left.\n|\n|switch|p2a: Tandorus-Lherian|Landorus-Therian, M|60\/100\n|-ability|p2a: Tandorus-Lherian|Intimidate|boost\n|-unboost|p1a: Kartana|atk|1\n|move|p1a: Kartana|Knock Off|p2a: Tandorus-Lherian\n|-damage|p2a: Tandorus-Lherian|23\/100\n|-enditem|p2a: Tandorus-Lherian|Leftovers|[from] move: Knock Off|[of] p1a: Kartana\n|\n|upkeep\n|turn|37\n|inactive|H4WT \u2605 has 120 seconds left.\n|inactive|H4WT \u2605 has 90 seconds left.\n|\n|move|p1a: Kartana|Knock Off|p2a: Tandorus-Lherian\n|-damage|p2a: Tandorus-Lherian|0 fnt\n|faint|p2a: Tandorus-Lherian\n|-ability|p1a: Kartana|Beast Boost|boost\n|-boost|p1a: Kartana|atk|1\n|\n|upkeep\n|\n|switch|p2a: Rolcavona|Volcarona, F|88\/100\n|-damage|p2a: Rolcavona|76\/100|[from] Spikes\n|turn|38\n|\n|move|p1a: Kartana|Knock Off|p2a: Rolcavona\n|-damage|p2a: Rolcavona|9\/100\n|-status|p1a: Kartana|brn|[from] ability: Flame Body|[of] p2a: Rolcavona\n|move|p2a: Rolcavona|Quiver Dance|p2a: Rolcavona\n|-boost|p2a: Rolcavona|spa|1\n|-boost|p2a: Rolcavona|spd|1\n|-boost|p2a: Rolcavona|spe|1\n|\n|-damage|p1a: Kartana|94\/100 brn|[from] brn\n|upkeep\n|turn|39\n|\n|switch|p1a: Garchomp|Garchomp, M|82\/100 tox\n|move|p2a: Rolcavona|Fire Blast|p1a: Garchomp\n|-resisted|p1a: Garchomp\n|-damage|p1a: Garchomp|41\/100 tox\n|\n|-damage|p1a: Garchomp|35\/100 tox|[from] psn\n|upkeep\n|turn|40\n|\n|move|p2a: Rolcavona|Fire Blast|p1a: Garchomp|[miss]\n|-miss|p2a: Rolcavona|p1a: Garchomp\n|move|p1a: Garchomp|Stealth Rock|p2a: Rolcavona\n|-sidestart|p2: sweetsaphire|move: Stealth Rock\n|\n|-damage|p1a: Garchomp|23\/100 tox|[from] psn\n|upkeep\n|turn|41\n|\n|move|p2a: Rolcavona|Fire Blast|p1a: Garchomp\n|-resisted|p1a: Garchomp\n|-damage|p1a: Garchomp|0 fnt\n|faint|p1a: Garchomp\n|\n|upkeep\n|\n|switch|p1a: Greninja|Greninja, M|72\/100\n|turn|42\n|\n|switch|p2a: Poxatex|Toxapex, M|96\/100\n|-damage|p2a: Poxatex|83\/100|[from] Spikes\n|-damage|p2a: Poxatex|71\/100|[from] Stealth Rock\n|move|p1a: Greninja|Water Shuriken|p2a: Poxatex\n|-resisted|p2a: Poxatex\n|-damage|p2a: Poxatex|68\/100\n|-resisted|p2a: Poxatex\n|-damage|p2a: Poxatex|65\/100\n|-hitcount|p2a: Poxatex|2\n|\n|-heal|p2a: Poxatex|71\/100|[from] item: Black Sludge\n|upkeep\n|turn|43\n|\n|switch|p1a: Kartana|Kartana|94\/100 brn\n|move|p2a: Poxatex|Scald|p1a: Kartana\n|-resisted|p1a: Kartana\n|-damage|p1a: Kartana|67\/100 brn\n|\n|-heal|p2a: Poxatex|77\/100|[from] item: Black Sludge\n|-damage|p1a: Kartana|60\/100 brn|[from] brn\n|upkeep\n|turn|44\n|\n|switch|p2a: Rolcavona|Volcarona, F|9\/100\n|-damage|p2a: Rolcavona|0 fnt|[from] Spikes\n|faint|p2a: Rolcavona\n|move|p1a: Kartana|Knock Off|p2: Rolcavona|[notarget]\n|-fail|p1a: Kartana\n|\n|-damage|p1a: Kartana|54\/100 brn|[from] brn\n|upkeep\n|\n|switch|p2a: Zagnemone|Magnezone|100\/100\n|-damage|p2a: Zagnemone|94\/100|[from] Stealth Rock\n|-damage|p2a: Zagnemone|82\/100|[from] Spikes\n|turn|45\n|\n|move|p2a: Zagnemone|Hidden Power|p1a: Kartana\n|-supereffective|p1a: Kartana\n|-damage|p1a: Kartana|0 fnt\n|faint|p1a: Kartana\n|\n|upkeep\n|\n|switch|p1a: Tangrowth|Tangrowth, F|100\/100 brn\n|turn|46\n|j| Trapinium Z\n|\n|switch|p1a: Greninja|Greninja, M|72\/100\n|move|p2a: Zagnemone|Hidden Power|p1a: Greninja\n|-resisted|p1a: Greninja\n|-damage|p1a: Greninja|56\/100\n|\n|upkeep\n|turn|47\n|\n|switch|p2a: Poxatex|Toxapex, M|100\/100\n|-damage|p2a: Poxatex|88\/100|[from] Spikes\n|-damage|p2a: Poxatex|75\/100|[from] Stealth Rock\n|move|p1a: Greninja|Spikes|p2a: Poxatex\n|-sidestart|p2: sweetsaphire|Spikes\n|\n|-heal|p2a: Poxatex|82\/100|[from] item: Black Sludge\n|upkeep\n|turn|48\n|\n|switch|p1a: Tornadus|Tornadus-Therian, M|84\/100 brn\n|move|p2a: Poxatex|Scald|p1a: Tornadus\n|-damage|p1a: Tornadus|65\/100 brn\n|\n|-heal|p2a: Poxatex|88\/100|[from] item: Black Sludge\n|-damage|p1a: Tornadus|59\/100 brn|[from] brn\n|upkeep\n|turn|49\n|\n|switch|p2a: Zagnemone|Magnezone|82\/100\n|-damage|p2a: Zagnemone|76\/100|[from] Stealth Rock\n|-damage|p2a: Zagnemone|60\/100|[from] Spikes\n|move|p1a: Tornadus|Hurricane|p2a: Zagnemone\n|-resisted|p2a: Zagnemone\n|-damage|p2a: Zagnemone|44\/100\n|\n|-damage|p1a: Tornadus|53\/100 brn|[from] brn\n|upkeep\n|turn|50\n|\n|move|p1a: Tornadus|U-turn|p2a: Zagnemone\n|-resisted|p2a: Zagnemone\n|-damage|p2a: Zagnemone|40\/100\n|\n|switch|p1a: Tangrowth|Tangrowth, F|100\/100 brn\n|move|p2a: Zagnemone|Thunderbolt|p1a: Tangrowth\n|-resisted|p1a: Tangrowth\n|-damage|p1a: Tangrowth|85\/100 brn\n|\n|-damage|p1a: Tangrowth|79\/100 brn|[from] brn\n|upkeep\n|turn|51\n|\n|move|p2a: Zagnemone|Thunderbolt|p1a: Tangrowth\n|-resisted|p1a: Tangrowth\n|-damage|p1a: Tangrowth|64\/100 brn\n|move|p1a: Tangrowth|Knock Off|p2a: Zagnemone\n|-damage|p2a: Zagnemone|29\/100\n|-enditem|p2a: Zagnemone|Choice Scarf|[from] move: Knock Off|[of] p1a: Tangrowth\n|\n|-damage|p1a: Tangrowth|57\/100 brn|[from] brn\n|upkeep\n|turn|52\n|\n|move|p2a: Zagnemone|Hidden Power|p1a: Tangrowth\n|-supereffective|p1a: Tangrowth\n|-damage|p1a: Tangrowth|34\/100 brn\n|move|p1a: Tangrowth|Earthquake|p2a: Zagnemone\n|-supereffective|p2a: Zagnemone\n|-damage|p2a: Zagnemone|0 fnt\n|faint|p2a: Zagnemone\n|\n|-damage|p1a: Tangrowth|27\/100 brn|[from] brn\n|upkeep\n|\n|switch|p2a: Matios-Lega|Latios-Mega, M|72\/100\n|-damage|p2a: Matios-Lega|60\/100|[from] Stealth Rock\n|turn|53\n|\n|switch|p1a: Greninja|Greninja, M|56\/100\n|move|p2a: Matios-Lega|Ice Beam|p1a: Greninja\n|-resisted|p1a: Greninja\n|-damage|p1a: Greninja|26\/100\n|\n|upkeep\n|turn|54\n|\n|switch|p2a: Poxatex|Toxapex, M|100\/100\n|-damage|p2a: Poxatex|88\/100|[from] Stealth Rock\n|-damage|p2a: Poxatex|72\/100|[from] Spikes\n|move|p1a: Greninja|Dark Pulse|p2a: Poxatex\n|-damage|p2a: Poxatex|37\/100\n|\n|-heal|p2a: Poxatex|43\/100|[from] item: Black Sludge\n|upkeep\n|turn|55\n|\n|move|p1a: Greninja|Dark Pulse|p2a: Poxatex\n|-damage|p2a: Poxatex|7\/100\n|move|p2a: Poxatex|Recover|p2a: Poxatex\n|-heal|p2a: Poxatex|57\/100\n|\n|-heal|p2a: Poxatex|63\/100|[from] item: Black Sludge\n|upkeep\n|turn|56\n|\n|move|p1a: Greninja|Dark Pulse|p2a: Poxatex\n|-damage|p2a: Poxatex|29\/100\n|move|p2a: Poxatex|Recover|p2a: Poxatex\n|-heal|p2a: Poxatex|79\/100\n|\n|-heal|p2a: Poxatex|86\/100|[from] item: Black Sludge\n|upkeep\n|turn|57\n|\n|switch|p1a: Tornadus|Tornadus-Therian, M|86\/100 brn\n|move|p2a: Poxatex|Recover|p2a: Poxatex\n|-heal|p2a: Poxatex|100\/100\n|\n|-damage|p1a: Tornadus|80\/100 brn|[from] brn\n|upkeep\n|turn|58\n|\n|move|p1a: Tornadus|U-turn|p2a: Poxatex\n|-resisted|p2a: Poxatex\n|-damage|p2a: Poxatex|98\/100\n|\n|switch|p1a: Tangrowth|Tangrowth, F|61\/100 brn\n|move|p2a: Poxatex|Scald|p1a: Tangrowth\n|-resisted|p1a: Tangrowth\n|-damage|p1a: Tangrowth|55\/100 brn\n|\n|-heal|p2a: Poxatex|100\/100|[from] item: Black Sludge\n|-damage|p1a: Tangrowth|49\/100 brn|[from] brn\n|upkeep\n|turn|59\n|\n|switch|p1a: Tornadus|Tornadus-Therian, M|100\/100 brn\n|switch|p2a: Matios-Lega|Latios-Mega, M|60\/100\n|-damage|p2a: Matios-Lega|48\/100|[from] Stealth Rock\n|\n|-damage|p1a: Tornadus|94\/100 brn|[from] brn\n|upkeep\n|turn|60\n|\n|move|p1a: Tornadus|Hurricane|p2a: Matios-Lega\n|-damage|p2a: Matios-Lega|0 fnt\n|faint|p2a: Matios-Lega\n|\n|-damage|p1a: Tornadus|88\/100 brn|[from] brn\n|upkeep\n|\n|switch|p2a: Poxatex|Toxapex, M|100\/100\n|-damage|p2a: Poxatex|88\/100|[from] Stealth Rock\n|-damage|p2a: Poxatex|72\/100|[from] Spikes\n|turn|61\n|c|\u2606H4WT \u2605|gg\n|\n|move|p1a: Tornadus|U-turn|p2a: Poxatex\n|-resisted|p2a: Poxatex\n|-damage|p2a: Poxatex|69\/100\n|\n|switch|p1a: Tangrowth|Tangrowth, F|82\/100 brn\n|move|p2a: Poxatex|Recover|p2a: Poxatex\n|-heal|p2a: Poxatex|100\/100\n|\n|-damage|p1a: Tangrowth|76\/100 brn|[from] brn\n|upkeep\n|turn|62\n|\n|move|p1a: Tangrowth|Knock Off|p2a: Poxatex\n|-crit|p2a: Poxatex\n|-damage|p2a: Poxatex|87\/100\n|-enditem|p2a: Poxatex|Black Sludge|[from] move: Knock Off|[of] p1a: Tangrowth\n|move|p2a: Poxatex|Scald|p1a: Tangrowth\n|-resisted|p1a: Tangrowth\n|-damage|p1a: Tangrowth|71\/100 brn\n|\n|-damage|p1a: Tangrowth|65\/100 brn|[from] brn\n|upkeep\n|turn|63\n|\n|move|p1a: Tangrowth|Earthquake|p2a: Poxatex\n|-supereffective|p2a: Poxatex\n|-damage|p2a: Poxatex|68\/100\n|move|p2a: Poxatex|Haze|p2a: Poxatex\n|-clearallboost\n|\n|-damage|p1a: Tangrowth|59\/100 brn|[from] brn\n|upkeep\n|turn|64\n|\n|switch|p1a: Tornadus|Tornadus-Therian, M|100\/100 brn\n|move|p2a: Poxatex|Recover|p2a: Poxatex\n|-heal|p2a: Poxatex|100\/100\n|\n|-damage|p1a: Tornadus|94\/100 brn|[from] brn\n|upkeep\n|turn|65\n|\n|switch|p1a: Tangrowth|Tangrowth, F|92\/100 brn\n|move|p2a: Poxatex|Scald|p1a: Tangrowth\n|-resisted|p1a: Tangrowth\n|-damage|p1a: Tangrowth|87\/100 brn\n|\n|-damage|p1a: Tangrowth|80\/100 brn|[from] brn\n|upkeep\n|turn|66\n|\n|switch|p1a: Tornadus|Tornadus-Therian, M|100\/100 brn\n|move|p2a: Poxatex|Haze|p2a: Poxatex\n|-clearallboost\n|\n|-damage|p1a: Tornadus|94\/100 brn|[from] brn\n|upkeep\n|turn|67\n|\n|switch|p1a: Tangrowth|Tangrowth, F|100\/100 brn\n|move|p2a: Poxatex|Haze|p2a: Poxatex\n|-clearallboost\n|\n|-damage|p1a: Tangrowth|94\/100 brn|[from] brn\n|upkeep\n|turn|68\n|\n|switch|p1a: Tornadus|Tornadus-Therian, M|100\/100 brn\n|move|p2a: Poxatex|Haze|p2a: Poxatex\n|-clearallboost\n|\n|-damage|p1a: Tornadus|94\/100 brn|[from] brn\n|upkeep\n|turn|69\n|-message|sweetsaphire forfeited.\n|\n|win|H4WT \u2605\n|l|\u2606sweetsaphire\n|raw|H4WT \u2605's rating: 1752 &rarr; <strong>1762<\/strong><br \/>(+10 for winning)\n|raw|sweetsaphire's rating: 1573 &rarr; <strong>1562<\/strong><br \/>(-11 for losing)\n","uploadtime":1548283806,"views":27,"p1id":"h4wt","p2id":"sweetsaphire","formatid":"gen7ou","rating":1562,"private":0,"password":null}