{"id":"gen7ou-563077413","p1":"I'm back from mars","p2":"Akiko Yosano","format":"gen7ou","log":"|j|I'm back from mars\n|j|Akiko Yosano\n|player|p1|I'm back from mars|128\n|player|p2|Akiko Yosano|287\n|gametype|singles\n|gen|7\n|tier|[Gen 7] OU\n|rated\n|seed|29250,25082,14481,5420\n|clearpoke\n|poke|p1|Dugtrio, M, shiny|item\n|poke|p1|Skarmory, F|item\n|poke|p1|Clefable, F|item\n|poke|p1|Mantine, M|item\n|poke|p1|Charizard, F, shiny|item\n|poke|p1|Tangrowth, F|item\n|poke|p2|Nihilego|item\n|poke|p2|Greninja, M|item\n|poke|p2|Landorus-Therian, M|item\n|poke|p2|Mawile, F|item\n|poke|p2|Tangrowth, M|item\n|poke|p2|Cofagrigus, M|item\n|rule|Baton Pass Clause: Limit one Baton Passer, can't pass Spe and other stats simultaneously\n|rule|Sleep Clause Mod: Limit one foe put to sleep\n|rule|Species Clause: Limit one of each Pok\u00e9mon\n|rule|OHKO Clause: OHKO moves are banned\n|rule|Moody Clause: Moody is banned\n|rule|Evasion Moves Clause: Evasion moves are banned\n|rule|Endless Battle Clause: Forcing endless battles is banned\n|rule|HP Percentage Mod: HP is shown in percentages\n|teampreview\n|j|Celtis Laddering\n|choice|team 2, team 1, team 3, team 4, team 5, team 6|team 3, team 2, team 1, team 4, team 5, team 6\n|\n|start\n|switch|p1a: Skarmory|Skarmory, F|334\/334\n|switch|p2a: Landorus|Landorus-Therian, M|359\/359\n|-ability|p2a: Landorus|Intimidate|boost\n|-unboost|p1a: Skarmory|atk|1\n|turn|1\n|choice|move toxic|move stealthrock\n|\n|move|p2a: Landorus|Stealth Rock|p1a: Skarmory\n|-sidestart|p1: I'm back from mars|move: Stealth Rock\n|move|p1a: Skarmory|Toxic|p2a: Landorus\n|-status|p2a: Landorus|tox\n|\n|-damage|p2a: Landorus|337\/359 tox|[from] psn\n|upkeep\n|turn|2\n|choice|move defog|move swordsdance\n|\n|move|p2a: Landorus|Swords Dance|p2a: Landorus\n|-boost|p2a: Landorus|atk|2\n|move|p1a: Skarmory|Defog|p2a: Landorus\n|-unboost|p2a: Landorus|evasion|1\n|-sideend|p1: I'm back from mars|Stealth Rock|[from] move: Defog|[of] p1a: Skarmory\n|\n|-damage|p2a: Landorus|293\/359 tox|[from] psn\n|upkeep\n|turn|3\n|choice|switch 3|move stealthrock\n|\n|switch|p1a: Clefable|Clefable, F|393\/393\n|move|p2a: Landorus|Stealth Rock|p1a: Clefable\n|-sidestart|p1: I'm back from mars|move: Stealth Rock\n|\n|-damage|p2a: Landorus|227\/359 tox|[from] psn\n|upkeep\n|turn|4\n|choice|move wish|move earthquake\n|\n|move|p2a: Landorus|Earthquake|p1a: Clefable\n|-damage|p1a: Clefable|219\/393\n|move|p1a: Clefable|Wish|p1a: Clefable\n|\n|-heal|p1a: Clefable|243\/393|[from] item: Leftovers\n|-damage|p2a: Landorus|139\/359 tox|[from] psn\n|upkeep\n|turn|5\n|choice|move protect|switch 4\n|\n|switch|p2a: Mawile|Mawile, F|283\/283\n|move|p1a: Clefable|Protect|p1a: Clefable\n|-fail|p1a: Clefable\n|\n|-heal|p1a: Clefable|393\/393|[from] move: Wish|[wisher] Clefable\n|upkeep\n|turn|6\n|choice|switch 3|move playrough mega\n|\n|switch|p1a: Skarmory|Skarmory, F|334\/334\n|-damage|p1a: Skarmory|293\/334|[from] Stealth Rock\n|detailschange|p2a: Mawile|Mawile-Mega, F\n|-mega|p2a: Mawile|Mawile|Mawilite\n|move|p2a: Mawile|Play Rough|p1a: Skarmory\n|-resisted|p1a: Skarmory\n|-damage|p1a: Skarmory|206\/334\n|\n|upkeep\n|turn|7\n|choice|move defog|move thunderpunch\n|\n|move|p1a: Skarmory|Defog|p2a: Mawile\n|-unboost|p2a: Mawile|evasion|1\n|-sideend|p1: I'm back from mars|Stealth Rock|[from] move: Defog|[of] p1a: Skarmory\n|move|p2a: Mawile|Thunder Punch|p1a: Skarmory\n|-supereffective|p1a: Skarmory\n|-damage|p1a: Skarmory|20\/334\n|\n|upkeep\n|turn|8\n|choice|move roost|move swordsdance\n|\n|move|p1a: Skarmory|Roost|p1a: Skarmory\n|-heal|p1a: Skarmory|187\/334\n|move|p2a: Mawile|Swords Dance|p2a: Mawile\n|-boost|p2a: Mawile|atk|2\n|\n|upkeep\n|turn|9\n|choice|move roost|move thunderpunch\n|\n|move|p1a: Skarmory|Roost|p1a: Skarmory\n|-heal|p1a: Skarmory|334\/334\n|move|p2a: Mawile|Thunder Punch|p1a: Skarmory\n|-damage|p1a: Skarmory|129\/334\n|-status|p1a: Skarmory|par\n|\n|upkeep\n|turn|10\n|choice|move roost|move thunderpunch\n|\n|move|p2a: Mawile|Thunder Punch|p1a: Skarmory\n|-supereffective|p1a: Skarmory\n|-damage|p1a: Skarmory|0 fnt\n|faint|p1a: Skarmory\n|\n|upkeep\n|choice|switch 2|\n|\n|switch|p1a: Dugtrio|Dugtrio, M, shiny|201\/201\n|turn|11\n|choice|move substitute|move suckerpunch\n|\n|move|p2a: Mawile|Sucker Punch|p1a: Dugtrio|[still]\n|-fail|p2a: Mawile\n|move|p1a: Dugtrio|Substitute|p1a: Dugtrio\n|-start|p1a: Dugtrio|Substitute\n|-damage|p1a: Dugtrio|151\/201\n|\n|upkeep\n|turn|12\n|choice|move earthquake zmove|move suckerpunch\n|\n|move|p2a: Mawile|Sucker Punch|p1a: Dugtrio\n|-end|p1a: Dugtrio|Substitute\n|-zpower|p1a: Dugtrio\n|move|p1a: Dugtrio|Tectonic Rage|p2a: Mawile|[zeffect]\n|-supereffective|p2a: Mawile\n|-damage|p2a: Mawile|0 fnt\n|faint|p2a: Mawile\n|\n|upkeep\n|choice||switch 4\n|\n|switch|p2a: Landorus|Landorus-Therian, M|139\/359 tox\n|-ability|p2a: Landorus|Intimidate|boost\n|-unboost|p1a: Dugtrio|atk|1\n|turn|13\n|choice|move substitute|move stealthrock\n|\n|move|p1a: Dugtrio|Substitute|p1a: Dugtrio\n|-start|p1a: Dugtrio|Substitute\n|-damage|p1a: Dugtrio|101\/201\n|move|p2a: Landorus|Stealth Rock|p1a: Dugtrio\n|-sidestart|p1: I'm back from mars|move: Stealth Rock\n|\n|-damage|p2a: Landorus|117\/359 tox|[from] psn\n|upkeep\n|turn|14\n|choice|move screech|move earthquake\n|\n|move|p1a: Dugtrio|Screech|p2a: Landorus\n|-unboost|p2a: Landorus|def|2\n|move|p2a: Landorus|Earthquake|p1a: Dugtrio\n|-end|p1a: Dugtrio|Substitute\n|\n|-damage|p2a: Landorus|73\/359 tox|[from] psn\n|upkeep\n|turn|15\n|choice|move substitute|move earthquake\n|\n|move|p1a: Dugtrio|Substitute|p1a: Dugtrio\n|-start|p1a: Dugtrio|Substitute\n|-damage|p1a: Dugtrio|51\/201\n|move|p2a: Landorus|Earthquake|p1a: Dugtrio\n|-end|p1a: Dugtrio|Substitute\n|\n|-damage|p2a: Landorus|7\/359 tox|[from] psn\n|upkeep\n|turn|16\n|choice|move reversal|move earthquake\n|\n|move|p1a: Dugtrio|Reversal|p2a: Landorus\n|-resisted|p2a: Landorus\n|-damage|p2a: Landorus|0 fnt\n|-damage|p1a: Dugtrio|18\/201|[from] item: Rocky Helmet|[of] p2a: Landorus\n|faint|p2a: Landorus\n|\n|upkeep\n|choice||switch 3\n|\n|switch|p2a: Nihilego|Nihilego|359\/359\n|turn|17\n|choice|move earthquake|move sludgewave\n|\n|move|p2a: Nihilego|Sludge Wave|p1a: Dugtrio\n|-resisted|p1a: Dugtrio\n|-damage|p1a: Dugtrio|0 fnt\n|faint|p1a: Dugtrio\n|-ability|p2a: Nihilego|Beast Boost|boost\n|-boost|p2a: Nihilego|spa|1\n|\n|upkeep\n|choice|switch 4|\n|\n|switch|p1a: Mantine|Mantine, M|374\/374\n|-damage|p1a: Mantine|281\/374|[from] Stealth Rock\n|turn|18\n|choice|move roost|move sludgewave\n|\n|move|p2a: Nihilego|Sludge Wave|p1a: Mantine\n|-damage|p1a: Mantine|113\/374\n|move|p1a: Mantine|Roost|p1a: Mantine\n|-heal|p1a: Mantine|300\/374\n|\n|-heal|p1a: Mantine|323\/374|[from] item: Leftovers\n|upkeep\n|turn|19\n|choice|move roost|move sludgewave\n|\n|move|p2a: Nihilego|Sludge Wave|p1a: Mantine\n|-damage|p1a: Mantine|154\/374\n|move|p1a: Mantine|Roost|p1a: Mantine\n|-heal|p1a: Mantine|341\/374\n|\n|-heal|p1a: Mantine|364\/374|[from] item: Leftovers\n|upkeep\n|turn|20\n|choice|move defog|move sludgewave\n|\n|move|p2a: Nihilego|Sludge Wave|p1a: Mantine\n|-damage|p1a: Mantine|195\/374\n|move|p1a: Mantine|Defog|p2a: Nihilego\n|-unboost|p2a: Nihilego|evasion|1\n|-sideend|p1: I'm back from mars|Stealth Rock|[from] move: Defog|[of] p1a: Mantine\n|\n|-heal|p1a: Mantine|218\/374|[from] item: Leftovers\n|upkeep\n|turn|21\n|choice|move roost|move sludgewave\n|\n|move|p2a: Nihilego|Sludge Wave|p1a: Mantine\n|-damage|p1a: Mantine|61\/374\n|move|p1a: Mantine|Roost|p1a: Mantine\n|-heal|p1a: Mantine|248\/374\n|\n|-heal|p1a: Mantine|271\/374|[from] item: Leftovers\n|upkeep\n|turn|22\n|choice|move roost|move sludgewave\n|\n|move|p2a: Nihilego|Sludge Wave|p1a: Mantine\n|-damage|p1a: Mantine|100\/374\n|move|p1a: Mantine|Roost|p1a: Mantine\n|-heal|p1a: Mantine|287\/374\n|\n|-heal|p1a: Mantine|310\/374|[from] item: Leftovers\n|upkeep\n|turn|23\n|choice|move roost|move sludgewave\n|\n|move|p2a: Nihilego|Sludge Wave|p1a: Mantine\n|-damage|p1a: Mantine|145\/374\n|move|p1a: Mantine|Roost|p1a: Mantine\n|-heal|p1a: Mantine|332\/374\n|\n|-heal|p1a: Mantine|355\/374|[from] item: Leftovers\n|upkeep\n|turn|24\n|choice|move roost|switch 5\n|\n|switch|p2a: Tangrowth|Tangrowth, M|403\/403\n|move|p1a: Mantine|Roost|p1a: Mantine\n|-heal|p1a: Mantine|374\/374\n|\n|upkeep\n|turn|25\n|choice|switch 5|move knockoff\n|\n|switch|p1a: Charizard|Charizard, F, shiny|297\/297\n|move|p2a: Tangrowth|Knock Off|p1a: Charizard\n|-damage|p1a: Charizard|236\/297\n|\n|upkeep\n|turn|26\n|choice|move flamethrower mega|move earthquake\n|\n|detailschange|p1a: Charizard|Charizard-Mega-Y, F, shiny\n|-mega|p1a: Charizard|Charizard|Charizardite Y\n|-weather|SunnyDay|[from] ability: Drought|[of] p1a: Charizard\n|move|p1a: Charizard|Flamethrower|p2a: Tangrowth\n|-supereffective|p2a: Tangrowth\n|-damage|p2a: Tangrowth|0 fnt\n|faint|p2a: Tangrowth\n|\n|-weather|SunnyDay|[upkeep]\n|upkeep\n|choice||switch 5\n|\n|switch|p2a: Nihilego|Nihilego|359\/359\n|turn|27\n|choice|switch 6|move powergem\n|\n|switch|p1a: Tangrowth|Tangrowth, F|404\/404\n|move|p2a: Nihilego|Power Gem|p1a: Tangrowth\n|-damage|p1a: Tangrowth|307\/404\n|\n|-weather|SunnyDay|[upkeep]\n|upkeep\n|turn|28\n|choice|move earthquake|switch 6\n|\n|switch|p2a: Cofagrigus|Cofagrigus, M|313\/313\n|move|p1a: Tangrowth|Earthquake|p2a: Cofagrigus\n|-damage|p2a: Cofagrigus|256\/313\n|\n|-weather|SunnyDay|[upkeep]\n|upkeep\n|turn|29\n|choice|switch 6|move nastyplot\n|\n|switch|p1a: Charizard|Charizard-Mega-Y, F, shiny|236\/297\n|move|p2a: Cofagrigus|Nasty Plot|p2a: Cofagrigus\n|-boost|p2a: Cofagrigus|spa|2\n|\n|-weather|SunnyDay|[upkeep]\n|upkeep\n|turn|30\n|choice|switch 3|move trickroom\n|\n|switch|p1a: Clefable|Clefable, F|393\/393\n|move|p2a: Cofagrigus|Trick Room|p2a: Cofagrigus\n|-fieldstart|move: Trick Room|[of] p2a: Cofagrigus\n|\n|-weather|none\n|upkeep\n|turn|31\n|choice|move wish|move shadowball\n|\n|move|p2a: Cofagrigus|Shadow Ball|p1a: Clefable\n|-damage|p1a: Clefable|258\/393\n|move|p1a: Clefable|Wish|p1a: Clefable\n|\n|-heal|p1a: Clefable|282\/393|[from] item: Leftovers\n|upkeep\n|turn|32\n|choice|move moonblast|move shadowball\n|\n|move|p2a: Cofagrigus|Shadow Ball|p1a: Clefable\n|-damage|p1a: Clefable|143\/393\n|-unboost|p1a: Clefable|spd|1\n|move|p1a: Clefable|Moonblast|p2a: Cofagrigus\n|-damage|p2a: Cofagrigus|157\/313\n|\n|-heal|p1a: Clefable|339\/393|[from] move: Wish|[wisher] Clefable\n|-heal|p1a: Clefable|363\/393|[from] item: Leftovers\n|upkeep\n|turn|33\n|choice|move protect|move shadowball\n|\n|move|p1a: Clefable|Protect|p1a: Clefable\n|-singleturn|p1a: Clefable|Protect\n|move|p2a: Cofagrigus|Shadow Ball|p1a: Clefable\n|-activate|p1a: Clefable|move: Protect\n|\n|-heal|p1a: Clefable|387\/393|[from] item: Leftovers\n|upkeep\n|turn|34\n|choice|move moonblast|move shadowball\n|\n|move|p2a: Cofagrigus|Shadow Ball|p1a: Clefable\n|-damage|p1a: Clefable|185\/393\n|move|p1a: Clefable|Moonblast|p2a: Cofagrigus\n|-crit|p2a: Cofagrigus\n|-damage|p2a: Cofagrigus|0 fnt\n|faint|p2a: Cofagrigus\n|\n|-heal|p1a: Clefable|209\/393|[from] item: Leftovers\n|-fieldend|move: Trick Room\n|upkeep\n|choice||switch 6\n|\n|switch|p2a: Nihilego|Nihilego|359\/359\n|turn|35\n|choice|move protect|move sludgewave\n|\n|move|p1a: Clefable|Protect|p1a: Clefable\n|-singleturn|p1a: Clefable|Protect\n|move|p2a: Nihilego|Sludge Wave|p1a: Clefable\n|-activate|p1a: Clefable|move: Protect\n|\n|-heal|p1a: Clefable|233\/393|[from] item: Leftovers\n|upkeep\n|turn|36\n|choice|switch 5|move sludgewave\n|\n|switch|p1a: Mantine|Mantine, M|374\/374\n|move|p2a: Nihilego|Sludge Wave|p1a: Mantine\n|-damage|p1a: Mantine|257\/374\n|-status|p1a: Mantine|psn\n|\n|-heal|p1a: Mantine|280\/374 psn|[from] item: Leftovers\n|-damage|p1a: Mantine|234\/374 psn|[from] psn\n|upkeep\n|turn|37\n|choice|move roost|move sludgewave\n|\n|move|p2a: Nihilego|Sludge Wave|p1a: Mantine\n|-damage|p1a: Mantine|114\/374 psn\n|move|p1a: Mantine|Roost|p1a: Mantine\n|-heal|p1a: Mantine|301\/374 psn\n|\n|-heal|p1a: Mantine|324\/374 psn|[from] item: Leftovers\n|-damage|p1a: Mantine|278\/374 psn|[from] psn\n|upkeep\n|turn|38\n|choice|move roost|switch 2\n|\n|switch|p2a: Greninja|Greninja, M|285\/285\n|move|p1a: Mantine|Roost|p1a: Mantine\n|-heal|p1a: Mantine|374\/374 psn\n|\n|-damage|p1a: Mantine|328\/374 psn|[from] psn\n|upkeep\n|turn|39\n|choice|move toxic|move spikes\n|\n|move|p2a: Greninja|Spikes|p1a: Mantine\n|-start|p2a: Greninja|typechange|Ground|[from] Protean\n|-sidestart|p1: I'm back from mars|Spikes\n|move|p1a: Mantine|Toxic|p2a: Greninja\n|-status|p2a: Greninja|tox\n|\n|-heal|p1a: Mantine|351\/374 psn|[from] item: Leftovers\n|-damage|p2a: Greninja|268\/285 tox|[from] psn\n|-damage|p1a: Mantine|305\/374 psn|[from] psn\n|upkeep\n|turn|40\n|choice|move defog|move gunkshot\n|\n|move|p2a: Greninja|Gunk Shot|p1a: Mantine|[miss]\n|-start|p2a: Greninja|typechange|Poison|[from] Protean\n|-miss|p2a: Greninja|p1a: Mantine\n|move|p1a: Mantine|Defog|p2a: Greninja\n|-unboost|p2a: Greninja|evasion|1\n|-sideend|p1: I'm back from mars|Spikes|[from] move: Defog|[of] p1a: Mantine\n|\n|-heal|p1a: Mantine|328\/374 psn|[from] item: Leftovers\n|-damage|p2a: Greninja|234\/285 tox|[from] psn\n|-damage|p1a: Mantine|282\/374 psn|[from] psn\n|upkeep\n|turn|41\n|choice|move roost|move gunkshot\n|\n|move|p2a: Greninja|Gunk Shot|p1a: Mantine\n|-damage|p1a: Mantine|150\/374 psn\n|move|p1a: Mantine|Roost|p1a: Mantine\n|-heal|p1a: Mantine|337\/374 psn\n|\n|-heal|p1a: Mantine|360\/374 psn|[from] item: Leftovers\n|-damage|p2a: Greninja|183\/285 tox|[from] psn\n|-damage|p1a: Mantine|314\/374 psn|[from] psn\n|upkeep\n|turn|42\n|choice|move defog|move icebeam\n|\n|move|p2a: Greninja|Ice Beam|p1a: Mantine\n|-start|p2a: Greninja|typechange|Ice|[from] Protean\n|-damage|p1a: Mantine|215\/374 psn\n|move|p1a: Mantine|Defog|p2a: Greninja\n|-unboost|p2a: Greninja|evasion|1\n|\n|-heal|p1a: Mantine|238\/374 psn|[from] item: Leftovers\n|-damage|p2a: Greninja|115\/285 tox|[from] psn\n|-damage|p1a: Mantine|192\/374 psn|[from] psn\n|upkeep\n|turn|43\n|j|StallGodFabio\n|choice|move roost|move spikes\n|\n|move|p2a: Greninja|Spikes|p1a: Mantine\n|-start|p2a: Greninja|typechange|Ground|[from] Protean\n|-sidestart|p1: I'm back from mars|Spikes\n|move|p1a: Mantine|Roost|p1a: Mantine\n|-heal|p1a: Mantine|374\/374 psn\n|\n|-damage|p2a: Greninja|30\/285 tox|[from] psn\n|-damage|p1a: Mantine|328\/374 psn|[from] psn\n|upkeep\n|turn|44\n|choice|move defog|move gunkshot\n|\n|move|p2a: Greninja|Gunk Shot|p1a: Mantine\n|-start|p2a: Greninja|typechange|Poison|[from] Protean\n|-damage|p1a: Mantine|198\/374 psn\n|move|p1a: Mantine|Defog|p2a: Greninja\n|-unboost|p2a: Greninja|evasion|1\n|-sideend|p1: I'm back from mars|Spikes|[from] move: Defog|[of] p1a: Mantine\n|\n|-heal|p1a: Mantine|221\/374 psn|[from] item: Leftovers\n|-damage|p2a: Greninja|0 fnt|[from] psn\n|-damage|p1a: Mantine|175\/374 psn|[from] psn\n|upkeep\n|faint|p2a: Greninja\n|choice||switch 2\n|\n|switch|p2a: Nihilego|Nihilego|359\/359\n|turn|45\n|choice|move roost|move powergem\n|\n|move|p2a: Nihilego|Power Gem|p1a: Mantine\n|-supereffective|p1a: Mantine\n|-damage|p1a: Mantine|0 fnt\n|faint|p1a: Mantine\n|-ability|p2a: Nihilego|Beast Boost|boost\n|-boost|p2a: Nihilego|spa|1\n|\n|upkeep\n|choice|switch 6|\n|\n|switch|p1a: Tangrowth|Tangrowth, F|404\/404\n|turn|46\n|choice|move earthquake|move powergem\n|\n|move|p2a: Nihilego|Power Gem|p1a: Tangrowth\n|-crit|p1a: Tangrowth\n|-damage|p1a: Tangrowth|172\/404\n|move|p1a: Tangrowth|Earthquake|p2a: Nihilego\n|-supereffective|p2a: Nihilego\n|-damage|p2a: Nihilego|0 fnt\n|faint|p2a: Nihilego\n|\n|win|I'm back from mars\n|l|Akiko Yosano\n|raw|I&apos;m back from mars's rating: 1817 &rarr; <strong>1829<\/strong><br \/>(+12 for winning)\n|raw|Akiko Yosano's rating: 1684 &rarr; <strong>1671<\/strong><br \/>(-13 for losing)","inputlog":null,"uploadtime":1492446193,"views":2,"p1id":"imbackfrommars","p2id":"akikoyosano","formatid":"gen7ou","rating":1671,"private":0,"password":null}