{"id":"gen7nu-929480889","p1":"Parnstar","p2":"JoJo321","format":"gen7nu","log":"|j|\u2606Parnstar\n|j|\u2606JoJo321\n|player|p1|Parnstar|21\n|player|p2|JoJo321|102\n|teamsize|p1|6\n|teamsize|p2|6\n|gametype|singles\n|gen|7\n|tier|[Gen 7] NU\n|rated|\n|html|<div class=\"broadcast-red\"><strong>NU is currently suspecting Vileplume! For information on how to participate check out the <a href=\"https:\/\/www.smogon.com\/forums\/threads\/3650934\/\">suspect thread<\/a>.<\/strong><\/div>\n|rule|Sleep Clause Mod: Limit one foe put to sleep\n|rule|Species Clause: Limit one of each Pok\u00e9mon\n|rule|OHKO Clause: OHKO moves are banned\n|rule|Moody Clause: Moody is banned\n|rule|Evasion Moves Clause: Evasion moves are banned\n|rule|Endless Battle Clause: Forcing endless battles is banned\n|rule|HP Percentage Mod: HP is shown in percentages\n|clearpoke\n|poke|p1|Charizard, M|item\n|poke|p1|Lycanroc-Midnight, M|item\n|poke|p1|Seismitoad, M|item\n|poke|p1|Guzzlord|item\n|poke|p1|Vileplume, F|item\n|poke|p1|Silvally-*|item\n|poke|p2|Ariados, M|item\n|poke|p2|Medicham, F|item\n|poke|p2|Rotom|item\n|poke|p2|Sneasel, F|item\n|poke|p2|Incineroar, M|item\n|poke|p2|Magcargo, F|item\n|teampreview\n|\n|start\n|switch|p1a: Croaky boi \ud83d\udc38|Seismitoad, M|375\/375\n|switch|p2a: Rotom|Rotom|304\/304\n|turn|1\n|\n|move|p2a: Rotom|Will-O-Wisp|p1a: Croaky boi \ud83d\udc38\n|-status|p1a: Croaky boi \ud83d\udc38|brn\n|move|p1a: Croaky boi \ud83d\udc38|Toxic|p2a: Rotom\n|-status|p2a: Rotom|tox\n|\n|-damage|p2a: Rotom|285\/304 tox|[from] psn\n|-damage|p1a: Croaky boi \ud83d\udc38|352\/375 brn|[from] brn\n|upkeep\n|turn|2\n|\n|move|p2a: Rotom|Hex|p1a: Croaky boi \ud83d\udc38\n|-damage|p1a: Croaky boi \ud83d\udc38|138\/375 brn\n|move|p1a: Croaky boi \ud83d\udc38|Stealth Rock|p2a: Rotom\n|-sidestart|p2: JoJo321|move: Stealth Rock\n|\n|-damage|p2a: Rotom|247\/304 tox|[from] psn\n|-damage|p1a: Croaky boi \ud83d\udc38|115\/375 brn|[from] brn\n|upkeep\n|turn|3\n|\n|move|p2a: Rotom|Defog|p1a: Croaky boi \ud83d\udc38\n|-unboost|p1a: Croaky boi \ud83d\udc38|evasion|1\n|-sideend|p2: JoJo321|Stealth Rock|[from] move: Defog|[of] p2a: Rotom\n|-zpower|p1a: Croaky boi \ud83d\udc38\n|move|p1a: Croaky boi \ud83d\udc38|Hydro Vortex|p2a: Rotom|[zeffect]\n|-damage|p2a: Rotom|7\/304 tox\n|\n|-damage|p2a: Rotom|0 fnt|[from] psn\n|faint|p2a: Rotom\n|-damage|p1a: Croaky boi \ud83d\udc38|92\/375 brn|[from] brn\n|upkeep\n|\n|switch|p2a: Medicham|Medicham, F|261\/261\n|turn|4\n|\n|move|p2a: Medicham|Ice Punch|p1a: Croaky boi \ud83d\udc38\n|-damage|p1a: Croaky boi \ud83d\udc38|0 fnt\n|-damage|p2a: Medicham|235\/261|[from] item: Life Orb\n|faint|p1a: Croaky boi \ud83d\udc38\n|\n|upkeep\n|\n|switch|p1a: Lizardo \ud83e\udd8e|Charizard, M, shiny|311\/311\n|turn|5\n|\n|move|p1a: Lizardo \ud83e\udd8e|Air Slash|p2a: Medicham\n|-supereffective|p2a: Medicham\n|-damage|p2a: Medicham|0 fnt\n|faint|p2a: Medicham\n|\n|upkeep\n|\n|switch|p2a: Magcargo|Magcargo, F|261\/261\n|turn|6\n|\n|switch|p1a: Gapeii boi \ud83d\udd73|Guzzlord|587\/587\n|move|p2a: Magcargo|Ancient Power|p1a: Gapeii boi \ud83d\udd73\n|-damage|p1a: Gapeii boi \ud83d\udd73|470\/587\n|\n|upkeep\n|turn|7\n|\n|switch|p2a: Ariados|Ariados, M|282\/282\n|move|p1a: Gapeii boi \ud83d\udd73|Dark Pulse|p2a: Ariados\n|-crit|p2a: Ariados\n|-enditem|p2a: Ariados|Focus Sash\n|-damage|p2a: Ariados|1\/282\n|\n|upkeep\n|turn|8\n|\n|move|p2a: Ariados|Sticky Web|p1a: Gapeii boi \ud83d\udd73\n|-sidestart|p1: Parnstar|move: Sticky Web\n|move|p1a: Gapeii boi \ud83d\udd73|Dark Pulse|p2a: Ariados\n|-damage|p2a: Ariados|0 fnt\n|faint|p2a: Ariados\n|-ability|p1a: Gapeii boi \ud83d\udd73|Beast Boost|boost\n|-boost|p1a: Gapeii boi \ud83d\udd73|spa|1\n|\n|upkeep\n|\n|switch|p2a: Sneasel|Sneasel, F|251\/251\n|turn|9\n|\n|move|p2a: Sneasel|Icicle Crash|p1a: Gapeii boi \ud83d\udd73\n|-supereffective|p1a: Gapeii boi \ud83d\udd73\n|-damage|p1a: Gapeii boi \ud83d\udd73|0 fnt\n|faint|p1a: Gapeii boi \ud83d\udd73\n|\n|upkeep\n|\n|switch|p1a: Not arceus \ud83d\udc7e|Silvally-Steel|376\/376\n|-activate|p1a: Not arceus \ud83d\udc7e|move: Sticky Web\n|-unboost|p1a: Not arceus \ud83d\udc7e|spe|1\n|turn|10\n|\n|switch|p2a: Incineroar|Incineroar, M|359\/359\n|-ability|p2a: Incineroar|Intimidate|boost\n|-unboost|p1a: Not arceus \ud83d\udc7e|atk|1\n|move|p1a: Not arceus \ud83d\udc7e|Defog|p2a: Incineroar\n|-unboost|p2a: Incineroar|evasion|1\n|-sideend|p1: Parnstar|Sticky Web|[from] move: Defog|[of] p1a: Not arceus \ud83d\udc7e\n|\n|upkeep\n|turn|11\n|\n|move|p2a: Incineroar|Bulk Up|p2a: Incineroar\n|-boost|p2a: Incineroar|atk|1\n|-boost|p2a: Incineroar|def|1\n|move|p1a: Not arceus \ud83d\udc7e|Toxic|p2a: Incineroar\n|-status|p2a: Incineroar|tox\n|\n|-damage|p2a: Incineroar|337\/359 tox|[from] psn\n|upkeep\n|turn|12\n|\n|move|p2a: Incineroar|Bulk Up|p2a: Incineroar\n|-boost|p2a: Incineroar|atk|1\n|-boost|p2a: Incineroar|def|1\n|move|p1a: Not arceus \ud83d\udc7e|Flash Cannon|p2a: Incineroar\n|-resisted|p2a: Incineroar\n|-damage|p2a: Incineroar|290\/359 tox\n|-unboost|p2a: Incineroar|spd|1\n|\n|-heal|p2a: Incineroar|312\/359 tox|[from] item: Leftovers\n|-damage|p2a: Incineroar|268\/359 tox|[from] psn\n|upkeep\n|turn|13\n|\n|move|p2a: Incineroar|Power Trip|p1a: Not arceus \ud83d\udc7e\n|-damage|p1a: Not arceus \ud83d\udc7e|102\/376\n|move|p1a: Not arceus \ud83d\udc7e|Flash Cannon|p2a: Incineroar\n|-resisted|p2a: Incineroar\n|-damage|p2a: Incineroar|196\/359 tox\n|\n|-heal|p2a: Incineroar|218\/359 tox|[from] item: Leftovers\n|-damage|p2a: Incineroar|152\/359 tox|[from] psn\n|upkeep\n|turn|14\n|\n|move|p2a: Incineroar|Rest|p2a: Incineroar\n|-status|p2a: Incineroar|slp|[from] move: Rest\n|-heal|p2a: Incineroar|359\/359 slp|[silent]\n|move|p1a: Not arceus \ud83d\udc7e|Flamethrower|p2a: Incineroar\n|-resisted|p2a: Incineroar\n|-damage|p2a: Incineroar|308\/359 slp\n|\n|-heal|p2a: Incineroar|330\/359 slp|[from] item: Leftovers\n|upkeep\n|turn|15\n|\n|switch|p1a: Lizardo \ud83e\udd8e|Charizard, M, shiny|311\/311\n|cant|p2a: Incineroar|slp\n|move|p2a: Incineroar|Sleep Talk|p2a: Incineroar\n|move|p2a: Incineroar|Bulk Up|p2a: Incineroar|[from]Sleep Talk\n|-boost|p2a: Incineroar|atk|1\n|-boost|p2a: Incineroar|def|1\n|\n|-heal|p2a: Incineroar|352\/359 slp|[from] item: Leftovers\n|upkeep\n|turn|16\n|\n|move|p1a: Lizardo \ud83e\udd8e|Focus Blast|p2a: Incineroar\n|-supereffective|p2a: Incineroar\n|-damage|p2a: Incineroar|0 fnt\n|faint|p2a: Incineroar\n|\n|upkeep\n|\n|switch|p2a: Sneasel|Sneasel, F|251\/251\n|turn|17\n|\n|switch|p1a: Not arceus \ud83d\udc7e|Silvally-Steel|102\/376\n|move|p2a: Sneasel|Icicle Crash|p1a: Not arceus \ud83d\udc7e\n|-resisted|p1a: Not arceus \ud83d\udc7e\n|-damage|p1a: Not arceus \ud83d\udc7e|9\/376\n|\n|upkeep\n|turn|18\n|\n|move|p2a: Sneasel|Icicle Crash|p1a: Not arceus \ud83d\udc7e\n|-resisted|p1a: Not arceus \ud83d\udc7e\n|-damage|p1a: Not arceus \ud83d\udc7e|0 fnt\n|faint|p1a: Not arceus \ud83d\udc7e\n|\n|upkeep\n|inactive|Battle timer is ON: inactive players will automatically lose when time's up. (requested by JoJo321)\n|\n|switch|p1a: The DreadWolf \ud83d\udc3a|Lycanroc-Midnight, M, shiny|311\/311\n|turn|19\n|\n|move|p1a: The DreadWolf \ud83d\udc3a|Stone Edge|p2a: Sneasel\n|-supereffective|p2a: Sneasel\n|-damage|p2a: Sneasel|0 fnt\n|faint|p2a: Sneasel\n|\n|upkeep\n|\n|switch|p2a: Magcargo|Magcargo, F|261\/261\n|turn|20\n|\n|move|p1a: The DreadWolf \ud83d\udc3a|Stone Edge|p2a: Magcargo\n|-supereffective|p2a: Magcargo\n|-damage|p2a: Magcargo|0 fnt\n|faint|p2a: Magcargo\n|\n|win|Parnstar\n|l|\u2606JoJo321\n|c|\u2606Parnstar|Hh\n","uploadtime":1560720001,"views":5,"p1id":"parnstar","p2id":"jojo321","formatid":"gen7nu","rating":0,"private":0,"password":null}