{"id":"gen7ou-864635859","p1":"SrHaxorus","p2":"orangesss","format":"gen7ou","log":"|j|\u2606SrHaxorus\n|j|\u2606orangesss\n|player|p1|SrHaxorus|238\n|player|p2|orangesss|269\n|teamsize|p1|6\n|teamsize|p2|6\n|gametype|singles\n|gen|7\n|tier|[Gen 7] OU\n|rated|\n|rule|Sleep Clause Mod: Limit one foe put to sleep\n|rule|Species Clause: Limit one of each Pok\u00e9mon\n|rule|OHKO Clause: OHKO moves are banned\n|rule|Moody Clause: Moody is banned\n|rule|Evasion Moves Clause: Evasion moves are banned\n|rule|Endless Battle Clause: Forcing endless battles is banned\n|rule|HP Percentage Mod: HP is shown in percentages\n|clearpoke\n|poke|p1|Kyurem-Black|item\n|poke|p1|Gyarados, M|item\n|poke|p1|Landorus-Therian, M|item\n|poke|p1|Chandelure, M|item\n|poke|p1|Magearna|item\n|poke|p1|Serperior, M|item\n|poke|p2|Hawlucha, M|item\n|poke|p2|Swampert, M|item\n|poke|p2|Ferrothorn, F|item\n|poke|p2|Pelipper, M|item\n|poke|p2|Tapu Koko|item\n|poke|p2|Kartana|item\n|teampreview\n|j| TheCui\n|inactive|Battle timer is ON: inactive players will automatically lose when time's up. (requested by orangesss)\n|\n|start\n|switch|p1a: BeamerBoy|Kyurem-Black, shiny|100\/100\n|switch|p2a: Birdman|Tapu Koko|100\/100\n|-ability|p1a: BeamerBoy|Teravolt\n|-fieldstart|move: Electric Terrain|[from] ability: Electric Surge|[of] p2a: Birdman\n|turn|1\n|\n|switch|p1a: Winter's ballad|Landorus-Therian, M, shiny|100\/100\n|-ability|p1a: Winter's ballad|Intimidate|boost\n|-unboost|p2a: Birdman|atk|1\n|move|p2a: Birdman|Dazzling Gleam|p1a: Winter's ballad\n|-damage|p1a: Winter's ballad|66\/100\n|\n|upkeep\n|turn|2\n|\n|switch|p2a: Hate rain :(|Ferrothorn, F|100\/100\n|move|p1a: Winter's ballad|Knock Off|p2a: Hate rain :(\n|-damage|p2a: Hate rain :(|79\/100\n|-damage|p1a: Winter's ballad|54\/100|[from] ability: Iron Barbs|[of] p2a: Hate rain :(\n|-enditem|p2a: Hate rain :(|Leftovers|[from] move: Knock Off|[of] p1a: Winter's ballad\n|\n|upkeep\n|turn|3\n|\n|switch|p1a: Hellboy|Serperior, M, shiny|100\/100\n|move|p2a: Hate rain :(|Stealth Rock|p1a: Hellboy\n|-sidestart|p1: SrHaxorus|move: Stealth Rock\n|\n|upkeep\n|turn|4\n|\n|move|p1a: Hellboy|Substitute|p1a: Hellboy\n|-start|p1a: Hellboy|Substitute\n|-damage|p1a: Hellboy|76\/100\n|move|p2a: Hate rain :(|Gyro Ball|p1a: Hellboy\n|-end|p1a: Hellboy|Substitute\n|\n|-heal|p1a: Hellboy|82\/100|[from] item: Leftovers\n|upkeep\n|turn|5\n|\n|move|p1a: Hellboy|Glare|p2a: Hate rain :(\n|-status|p2a: Hate rain :(|par\n|move|p2a: Hate rain :(|Gyro Ball|p1a: Hellboy\n|-damage|p1a: Hellboy|32\/100\n|\n|-heal|p1a: Hellboy|39\/100|[from] item: Leftovers\n|-fieldend|move: Electric Terrain\n|upkeep\n|turn|6\n|\n|switch|p1a: Winter's ballad|Landorus-Therian, M, shiny|54\/100\n|-damage|p1a: Winter's ballad|42\/100|[from] Stealth Rock\n|-ability|p1a: Winter's ballad|Intimidate|boost\n|-unboost|p2a: Hate rain :(|atk|1\n|move|p2a: Hate rain :(|Gyro Ball|p1a: Winter's ballad\n|-damage|p1a: Winter's ballad|17\/100\n|-damage|p2a: Hate rain :(|62\/100 par|[from] item: Rocky Helmet|[of] p1a: Winter's ballad\n|\n|upkeep\n|turn|7\n|\n|move|p1a: Winter's ballad|Defog|p2a: Hate rain :(\n|-unboost|p2a: Hate rain :(|evasion|1\n|-sideend|p1: SrHaxorus|Stealth Rock|[from] move: Defog|[of] p1a: Winter's ballad\n|move|p2a: Hate rain :(|Spikes|p1a: Winter's ballad\n|-sidestart|p1: SrHaxorus|Spikes\n|\n|upkeep\n|turn|8\n|\n|move|p1a: Winter's ballad|Defog|p2a: Hate rain :(\n|-unboost|p2a: Hate rain :(|evasion|1\n|-sideend|p1: SrHaxorus|Spikes|[from] move: Defog|[of] p1a: Winter's ballad\n|move|p2a: Hate rain :(|Stealth Rock|p1a: Winter's ballad\n|-sidestart|p1: SrHaxorus|move: Stealth Rock\n|\n|upkeep\n|turn|9\n|\n|move|p1a: Winter's ballad|Defog|p2a: Hate rain :(\n|-unboost|p2a: Hate rain :(|evasion|1\n|-sideend|p1: SrHaxorus|Stealth Rock|[from] move: Defog|[of] p1a: Winter's ballad\n|move|p2a: Hate rain :(|Stealth Rock|p1a: Winter's ballad\n|-sidestart|p1: SrHaxorus|move: Stealth Rock\n|\n|upkeep\n|turn|10\n|\n|switch|p2a: Birdman|Tapu Koko|100\/100\n|-fieldstart|move: Electric Terrain|[from] ability: Electric Surge|[of] p2a: Birdman\n|move|p1a: Winter's ballad|Defog|p2a: Birdman\n|-unboost|p2a: Birdman|evasion|1\n|-sideend|p1: SrHaxorus|Stealth Rock|[from] move: Defog|[of] p1a: Winter's ballad\n|\n|upkeep\n|turn|11\n|\n|switch|p1a: Cabeza fierro|Magearna|100\/100\n|move|p2a: Birdman|Dazzling Gleam|p1a: Cabeza fierro\n|-resisted|p1a: Cabeza fierro\n|-damage|p1a: Cabeza fierro|85\/100\n|\n|upkeep\n|turn|12\n|\n|move|p2a: Birdman|Volt Switch|p1a: Cabeza fierro\n|-damage|p1a: Cabeza fierro|43\/100\n|\n|switch|p2a: Hate rain :(|Ferrothorn, F|62\/100 par\n|move|p1a: Cabeza fierro|Shift Gear|p1a: Cabeza fierro\n|-boost|p1a: Cabeza fierro|spe|2\n|-boost|p1a: Cabeza fierro|atk|1\n|\n|upkeep\n|turn|13\n|\n|-zpower|p1a: Cabeza fierro\n|move|p1a: Cabeza fierro|All-Out Pummeling|p2a: Hate rain :(|[zeffect]\n|-supereffective|p2a: Hate rain :(\n|-damage|p2a: Hate rain :(|0 fnt\n|faint|p2a: Hate rain :(\n|-ability|p1a: Cabeza fierro|Soul-Heart|boost\n|-boost|p1a: Cabeza fierro|spa|1\n|\n|upkeep\n|\n|switch|p2a: S for Swampert|Swampert, M|100\/100\n|turn|14\n|\n|detailschange|p2a: S for Swampert|Swampert-Mega, M\n|-mega|p2a: S for Swampert|Swampert|Swampertite\n|move|p1a: Cabeza fierro|Dazzling Gleam|p2a: S for Swampert\n|-damage|p2a: S for Swampert|36\/100\n|move|p2a: S for Swampert|Earthquake|p1a: Cabeza fierro\n|-supereffective|p1a: Cabeza fierro\n|-damage|p1a: Cabeza fierro|0 fnt\n|faint|p1a: Cabeza fierro\n|\n|-fieldend|move: Electric Terrain\n|upkeep\n|j| Dijkztra\n|\n|switch|p1a: Noh Mercy|Gyarados, M, shiny|100\/100\n|-ability|p1a: Noh Mercy|Intimidate|boost\n|-unboost|p2a: S for Swampert|atk|1\n|turn|15\n|\n|switch|p2a: arsonist|Kartana|100\/100\n|move|p1a: Noh Mercy|Dragon Dance|p1a: Noh Mercy\n|-boost|p1a: Noh Mercy|atk|1\n|-boost|p1a: Noh Mercy|spe|1\n|\n|upkeep\n|turn|16\n|\n|move|p2a: arsonist|Leaf Blade|p1a: Noh Mercy\n|-damage|p1a: Noh Mercy|26\/100\n|move|p1a: Noh Mercy|Crunch|p2a: arsonist\n|-damage|p2a: arsonist|60\/100\n|\n|upkeep\n|turn|17\n|\n|switch|p1a: Ghostemane|Chandelure, M, shiny|100\/100\n|move|p2a: arsonist|Leaf Blade|p1a: Ghostemane\n|-resisted|p1a: Ghostemane\n|-damage|p1a: Ghostemane|56\/100\n|\n|upkeep\n|turn|18\n|\n|switch|p2a: Birdman|Tapu Koko|100\/100\n|-fieldstart|move: Electric Terrain|[from] ability: Electric Surge|[of] p2a: Birdman\n|move|p1a: Ghostemane|Shadow Ball|p2a: Birdman\n|-damage|p2a: Birdman|36\/100\n|-unboost|p2a: Birdman|spd|1\n|\n|upkeep\n|turn|19\n|\n|move|p1a: Ghostemane|Shadow Ball|p2a: Birdman\n|-damage|p2a: Birdman|0 fnt\n|faint|p2a: Birdman\n|\n|upkeep\n|\n|switch|p2a: Copypaste|Hawlucha, M|100\/100\n|-enditem|p2a: Copypaste|Electric Seed\n|-boost|p2a: Copypaste|def|1\n|turn|20\n|\n|move|p2a: Copypaste|Swords Dance|p2a: Copypaste\n|-boost|p2a: Copypaste|atk|2\n|move|p1a: Ghostemane|Shadow Ball|p2a: Copypaste\n|-damage|p2a: Copypaste|38\/100\n|\n|upkeep\n|turn|21\n|\n|move|p2a: Copypaste|Acrobatics|p1a: Ghostemane\n|-damage|p1a: Ghostemane|0 fnt\n|faint|p1a: Ghostemane\n|\n|upkeep\n|\n|switch|p1a: Noh Mercy|Gyarados, M, shiny|26\/100\n|-ability|p1a: Noh Mercy|Intimidate|boost\n|-unboost|p2a: Copypaste|atk|1\n|turn|22\n|\n|switch|p1a: Winter's ballad|Landorus-Therian, M, shiny|17\/100\n|-ability|p1a: Winter's ballad|Intimidate|boost\n|-unboost|p2a: Copypaste|atk|1\n|move|p2a: Copypaste|Acrobatics|p1a: Winter's ballad\n|-damage|p1a: Winter's ballad|0 fnt\n|-damage|p2a: Copypaste|21\/100|[from] item: Rocky Helmet|[of] p1a: Winter's ballad\n|faint|p1a: Winter's ballad\n|\n|-fieldend|move: Electric Terrain\n|upkeep\n|\n|switch|p1a: BeamerBoy|Kyurem-Black, shiny|100\/100\n|-ability|p1a: BeamerBoy|Teravolt\n|turn|23\n|\n|move|p2a: Copypaste|Acrobatics|p1a: BeamerBoy\n|-damage|p1a: BeamerBoy|56\/100\n|move|p1a: BeamerBoy|Ice Beam|p2a: Copypaste\n|-supereffective|p2a: Copypaste\n|-damage|p2a: Copypaste|0 fnt\n|faint|p2a: Copypaste\n|\n|upkeep\n|\n|switch|p2a: arsonist|Kartana|60\/100\n|turn|24\n|\n|switch|p1a: Noh Mercy|Gyarados, M, shiny|26\/100\n|-ability|p1a: Noh Mercy|Intimidate|boost\n|-unboost|p2a: arsonist|atk|1\n|move|p2a: arsonist|Smart Strike|p1a: Noh Mercy\n|-resisted|p1a: Noh Mercy\n|-damage|p1a: Noh Mercy|6\/100\n|\n|upkeep\n|turn|25\n|\n|detailschange|p1a: Noh Mercy|Gyarados-Mega, M, shiny\n|-mega|p1a: Noh Mercy|Gyarados|Gyaradosite\n|-ability|p1a: Noh Mercy|Mold Breaker\n|move|p2a: arsonist|Smart Strike|p1a: Noh Mercy\n|-resisted|p1a: Noh Mercy\n|-damage|p1a: Noh Mercy|0 fnt\n|faint|p1a: Noh Mercy\n|-ability|p2a: arsonist|Beast Boost|boost\n|-boost|p2a: arsonist|atk|1\n|\n|upkeep\n|\n|switch|p1a: Hellboy|Serperior, M, shiny|39\/100\n|turn|26\n|\n|move|p2a: arsonist|Smart Strike|p1a: Hellboy\n|-damage|p1a: Hellboy|0 fnt\n|faint|p1a: Hellboy\n|-ability|p2a: arsonist|Beast Boost|boost\n|-boost|p2a: arsonist|atk|1\n|\n|upkeep\n|\n|switch|p1a: BeamerBoy|Kyurem-Black, shiny|56\/100\n|-ability|p1a: BeamerBoy|Teravolt\n|turn|27\n|c|\u2606orangesss|gg\n|\n|move|p2a: arsonist|Smart Strike|p1a: BeamerBoy\n|-supereffective|p1a: BeamerBoy\n|-damage|p1a: BeamerBoy|0 fnt\n|faint|p1a: BeamerBoy\n|\n|win|orangesss\n|raw|SrHaxorus's rating: 1650 &rarr; <strong>1636<\/strong><br \/>(-14 for losing)\n|raw|orangesss's rating: 1757 &rarr; <strong>1771<\/strong><br \/>(+14 for winning)\n|l|\u2606SrHaxorus\n|l| TheCui\n","uploadtime":1550558398,"views":10,"p1id":"srhaxorus","p2id":"orangesss","formatid":"gen7ou","rating":1636,"private":0,"password":null}