{"id":"gen7ou-928511530","p1":"posice","p2":"Shardul888","format":"gen7ou","log":"|j|\u2606posice\n|j|\u2606Shardul888\n|player|p1|posice|30\n|player|p2|Shardul888|92\n|teamsize|p1|6\n|teamsize|p2|6\n|gametype|singles\n|gen|7\n|tier|[Gen 7] OU\n|rated|\n|rule|Sleep Clause Mod: Limit one foe put to sleep\n|rule|Species Clause: Limit one of each Pok\u00e9mon\n|rule|OHKO Clause: OHKO moves are banned\n|rule|Moody Clause: Moody is banned\n|rule|Evasion Moves Clause: Evasion moves are banned\n|rule|Endless Battle Clause: Forcing endless battles is banned\n|rule|HP Percentage Mod: HP is shown in percentages\n|clearpoke\n|poke|p1|Beedrill, M|item\n|poke|p1|Victini|item\n|poke|p1|Skarmory, M|item\n|poke|p1|Swampert, M|item\n|poke|p1|Clefable, F|item\n|poke|p1|Nihilego|item\n|poke|p2|Venusaur, M|item\n|poke|p2|Magearna|item\n|poke|p2|Dragonite, F|item\n|poke|p2|Gliscor, F|item\n|poke|p2|Zeraora|item\n|poke|p2|Volcarona, M|item\n|teampreview\n|inactive|Battle timer is ON: inactive players will automatically lose when time's up. (requested by posice)\n|inactive|Shardul888 also wants the timer to be on.\n|\n|start\n|switch|p1a: Beedrill|Beedrill, M, shiny|272\/272\n|switch|p2a: Spark|Zeraora|317\/317\n|turn|1\n|\n|switch|p2a: Machine|Magearna|364\/364\n|detailschange|p1a: Beedrill|Beedrill-Mega, M, shiny\n|-mega|p1a: Beedrill|Beedrill|Beedrillite\n|move|p1a: Beedrill|U-turn|p2a: Machine\n|-resisted|p2a: Machine\n|-damage|p2a: Machine|325\/364\n|\n|switch|p1a: Victini|Victini|342\/342\n|\n|upkeep\n|turn|2\n|\n|switch|p2a: Sandstorm|Gliscor, F|354\/354\n|move|p1a: Victini|U-turn|p2a: Sandstorm\n|-resisted|p2a: Sandstorm\n|-damage|p2a: Sandstorm|333\/354\n|\n|switch|p1a: Swampert|Swampert, M|404\/404\n|\n|-status|p2a: Sandstorm|tox|[from] item: Toxic Orb\n|upkeep\n|turn|3\n|\n|move|p2a: Sandstorm|Protect|p2a: Sandstorm\n|-singleturn|p2a: Sandstorm|Protect\n|move|p1a: Swampert|Scald|p2a: Sandstorm\n|-activate|p2a: Sandstorm|move: Protect\n|\n|-heal|p2a: Sandstorm|354\/354 tox|[from] ability: Poison Heal\n|upkeep\n|turn|4\n|\n|switch|p2a: Forest|Venusaur, M|346\/346\n|move|p1a: Swampert|Stealth Rock|p2a: Forest\n|-sidestart|p2: Shardul888|move: Stealth Rock\n|\n|upkeep\n|turn|5\n|\n|switch|p2a: Sandstorm|Gliscor, F|354\/354 tox\n|-damage|p2a: Sandstorm|310\/354 tox|[from] Stealth Rock\n|switch|p1a: Skarmory|Skarmory, M|334\/334\n|\n|-heal|p2a: Sandstorm|354\/354 tox|[from] ability: Poison Heal\n|upkeep\n|turn|6\n|\n|move|p2a: Sandstorm|Defog|p1a: Skarmory\n|-unboost|p1a: Skarmory|evasion|1\n|-sideend|p2: Shardul888|Stealth Rock|[from] move: Defog|[of] p2a: Sandstorm\n|move|p1a: Skarmory|Brave Bird|p2a: Sandstorm\n|-damage|p2a: Sandstorm|281\/354 tox\n|-damage|p1a: Skarmory|310\/334|[from] Recoil\n|\n|-heal|p2a: Sandstorm|325\/354 tox|[from] ability: Poison Heal\n|upkeep\n|turn|7\n|\n|switch|p1a: Swampert|Swampert, M|404\/404\n|move|p2a: Sandstorm|Knock Off|p1a: Swampert\n|-damage|p1a: Swampert|345\/404\n|-enditem|p1a: Swampert|Leftovers|[from] move: Knock Off|[of] p2a: Sandstorm\n|\n|-heal|p2a: Sandstorm|354\/354 tox|[from] ability: Poison Heal\n|upkeep\n|turn|8\n|\n|switch|p2a: Forest|Venusaur, M|346\/346\n|move|p1a: Swampert|Stealth Rock|p2a: Forest\n|-sidestart|p2: Shardul888|move: Stealth Rock\n|\n|upkeep\n|turn|9\n|\n|switch|p1a: Victini|Victini|342\/342\n|detailschange|p2a: Forest|Venusaur-Mega, M\n|-mega|p2a: Forest|Venusaur|Venusaurite\n|move|p2a: Forest|Giga Drain|p1a: Victini\n|-resisted|p1a: Victini\n|-damage|p1a: Victini|285\/342\n|\n|upkeep\n|turn|10\n|\n|switch|p2a: Sandstorm|Gliscor, F|354\/354 tox\n|-damage|p2a: Sandstorm|310\/354 tox|[from] Stealth Rock\n|move|p1a: Victini|V-create|p2a: Sandstorm\n|-damage|p2a: Sandstorm|135\/354 tox\n|-unboost|p1a: Victini|spe|1\n|-unboost|p1a: Victini|def|1\n|-unboost|p1a: Victini|spd|1\n|\n|-heal|p2a: Sandstorm|179\/354 tox|[from] ability: Poison Heal\n|upkeep\n|turn|11\n|\n|switch|p1a: Swampert|Swampert, M|345\/404\n|move|p2a: Sandstorm|Protect||[still]\n|-fail|p2a: Sandstorm\n|\n|-heal|p2a: Sandstorm|223\/354 tox|[from] ability: Poison Heal\n|upkeep\n|turn|12\n|\n|move|p2a: Sandstorm|Defog|p1a: Swampert\n|-unboost|p1a: Swampert|evasion|1\n|-sideend|p2: Shardul888|Stealth Rock|[from] move: Defog|[of] p2a: Sandstorm\n|move|p1a: Swampert|Ice Beam|p2a: Sandstorm\n|-supereffective|p2a: Sandstorm\n|-damage|p2a: Sandstorm|0 fnt\n|faint|p2a: Sandstorm\n|\n|upkeep\n|\n|switch|p2a: Forest|Venusaur-Mega, M|346\/346\n|turn|13\n|\n|move|p2a: Forest|Sludge Bomb|p1a: Swampert\n|-resisted|p1a: Swampert\n|-damage|p1a: Swampert|276\/404\n|-status|p1a: Swampert|psn\n|move|p1a: Swampert|Stealth Rock|p2a: Forest\n|-sidestart|p2: Shardul888|move: Stealth Rock\n|\n|-damage|p1a: Swampert|226\/404 psn|[from] psn\n|upkeep\n|turn|14\n|\n|switch|p1a: Skarmory|Skarmory, M|310\/334\n|move|p2a: Forest|Leech Seed|p1a: Skarmory\n|-start|p1a: Skarmory|move: Leech Seed\n|\n|-damage|p1a: Skarmory|269\/334|[from] Leech Seed|[of] p2a: Forest\n|upkeep\n|turn|15\n|\n|switch|p2a: Machine|Magearna|325\/364\n|-damage|p2a: Machine|303\/364|[from] Stealth Rock\n|move|p1a: Skarmory|Brave Bird|p2a: Machine\n|-resisted|p2a: Machine\n|-damage|p2a: Machine|255\/364\n|-damage|p1a: Skarmory|253\/334|[from] Recoil\n|\n|-damage|p1a: Skarmory|212\/334|[from] Leech Seed|[of] p2a: Machine\n|-heal|p2a: Machine|296\/364|[silent]\n|upkeep\n|turn|16\n|\n|switch|p1a: Victini|Victini|285\/342\n|move|p2a: Machine|Thunderbolt|p1a: Victini\n|-damage|p1a: Victini|160\/342\n|-status|p1a: Victini|par\n|\n|upkeep\n|turn|17\n|\n|switch|p1a: Clefable|Clefable, F|394\/394\n|switch|p2a: Sky|Dragonite, F|386\/386\n|-damage|p2a: Sky|290\/386|[from] Stealth Rock\n|\n|upkeep\n|turn|18\n|\n|move|p2a: Sky|Earthquake|p1a: Clefable\n|-damage|p1a: Clefable|235\/394\n|move|p1a: Clefable|Thunder Wave|p2a: Sky\n|-status|p2a: Sky|par\n|\n|-heal|p1a: Clefable|259\/394|[from] item: Leftovers\n|upkeep\n|turn|19\n|\n|switch|p2a: Forest|Venusaur-Mega, M|346\/346\n|-damage|p2a: Forest|303\/346|[from] Stealth Rock\n|move|p1a: Clefable|Aromatherapy|p1a: Clefable\n|-activate|p1a: Clefable|move: Aromatherapy\n|-curestatus|p1: Swampert|psn|[msg]\n|-curestatus|p1: Victini|par|[msg]\n|\n|-heal|p1a: Clefable|283\/394|[from] item: Leftovers\n|upkeep\n|turn|20\n|\n|switch|p1a: Nihilego|Nihilego|379\/379\n|move|p2a: Forest|Sludge Bomb|p1a: Nihilego\n|-resisted|p1a: Nihilego\n|-damage|p1a: Nihilego|351\/379\n|\n|upkeep\n|turn|21\n|\n|switch|p1a: Skarmory|Skarmory, M|212\/334\n|move|p2a: Forest|Giga Drain|p1a: Skarmory\n|-resisted|p1a: Skarmory\n|-damage|p1a: Skarmory|173\/334\n|-heal|p2a: Forest|323\/346|[from] drain|[of] p1a: Skarmory\n|\n|upkeep\n|turn|22\n|\n|switch|p2a: Spark|Zeraora|317\/317\n|-damage|p2a: Spark|278\/317|[from] Stealth Rock\n|move|p1a: Skarmory|Roost|p1a: Skarmory\n|-heal|p1a: Skarmory|334\/334\n|-singleturn|p1a: Skarmory|move: Roost\n|\n|upkeep\n|turn|23\n|\n|switch|p1a: Swampert|Swampert, M|226\/404\n|move|p2a: Spark|Thunder Wave|p1a: Swampert\n|-immune|p1a: Swampert\n|\n|upkeep\n|turn|24\n|\n|switch|p2a: Forest|Venusaur-Mega, M|323\/346\n|-damage|p2a: Forest|280\/346|[from] Stealth Rock\n|move|p1a: Swampert|Ice Beam|p2a: Forest\n|-supereffective|p2a: Forest\n|-damage|p2a: Forest|232\/346\n|\n|upkeep\n|turn|25\n|\n|switch|p1a: Skarmory|Skarmory, M|334\/334\n|move|p2a: Forest|Leech Seed|p1a: Skarmory\n|-start|p1a: Skarmory|move: Leech Seed\n|\n|-damage|p1a: Skarmory|293\/334|[from] Leech Seed|[of] p2a: Forest\n|-heal|p2a: Forest|273\/346|[silent]\n|upkeep\n|turn|26\n|\n|switch|p2a: Machine|Magearna|296\/364\n|-damage|p2a: Machine|274\/364|[from] Stealth Rock\n|switch|p1a: Victini|Victini|160\/342\n|\n|upkeep\n|turn|27\n|\n|switch|p2a: Sky|Dragonite, F|290\/386 par\n|-damage|p2a: Sky|194\/386 par|[from] Stealth Rock\n|move|p1a: Victini|V-create|p2a: Sky\n|-resisted|p2a: Sky\n|-damage|p2a: Sky|44\/386 par\n|-unboost|p1a: Victini|spe|1\n|-unboost|p1a: Victini|def|1\n|-unboost|p1a: Victini|spd|1\n|\n|upkeep\n|turn|28\n|\n|switch|p1a: Skarmory|Skarmory, M|293\/334\n|move|p2a: Sky|Extreme Speed|p1a: Skarmory\n|-resisted|p1a: Skarmory\n|-damage|p1a: Skarmory|262\/334\n|-damage|p2a: Sky|0 fnt|[from] item: Rocky Helmet|[of] p1a: Skarmory\n|faint|p2a: Sky\n|\n|upkeep\n|-message|Shardul888 forfeited.\n|\n|win|posice\n|l|\u2606Shardul888\n|raw|posice's rating: 1333 &rarr; <strong>1354<\/strong><br \/>(+21 for winning)\n|raw|Shardul888's rating: 1359 &rarr; <strong>1338<\/strong><br \/>(-21 for losing)\n","uploadtime":1560577918,"views":27,"p1id":"posice","p2id":"shardul888","formatid":"gen7ou","rating":1338,"private":0,"password":null}