{"id":"gen7randombattle-1591912745","p1":"firepunch917","p2":"gordorado","format":"gen7randombattle","log":"|j|\u2606firepunch917\n|j|\u2606gordorado\n|t:|1654701710\n|gametype|singles\n|player|p1|firepunch917|170|1611\n|player|p2|gordorado|101|1639\n|teamsize|p1|6\n|teamsize|p2|6\n|gen|7\n|tier|[Gen 7] Random Battle\n|rated|\n|rule|Sleep Clause Mod: Limit one foe put to sleep\n|rule|HP Percentage Mod: HP is shown in percentages\n|rule|Mega Rayquaza Clause: You cannot mega evolve Rayquaza\n|\n|t:|1654701710\n|start\n|switch|p1a: Ninetales|Ninetales-Alola, L82, F|254\/254\n|switch|p2a: Avalugg|Avalugg, L88, F|310\/310\n|-weather|Hail|[from] ability: Snow Warning|[of] p1a: Ninetales\n|turn|1\n|\n|t:|1654701757\n|move|p1a: Ninetales|Aurora Veil|p1a: Ninetales\n|-sidestart|p1: firepunch917|move: Aurora Veil\n|move|p2a: Avalugg|Toxic|p1a: Ninetales\n|-status|p1a: Ninetales|tox\n|\n|-weather|Hail|[upkeep]\n|-damage|p1a: Ninetales|239\/254 tox|[from] psn\n|upkeep\n|turn|2\n|\n|t:|1654701805\n|move|p1a: Ninetales|Moonblast|p2a: Avalugg\n|-damage|p2a: Avalugg|186\/310\n|move|p2a: Avalugg|Earthquake|p1a: Ninetales\n|-damage|p1a: Ninetales|190\/254 tox\n|\n|-weather|Hail|[upkeep]\n|-heal|p2a: Avalugg|205\/310|[from] item: Leftovers\n|-damage|p1a: Ninetales|160\/254 tox|[from] psn\n|upkeep\n|turn|3\n|\n|t:|1654701810\n|switch|p1a: Escavalier|Escavalier, L84, M|255\/255\n|move|p2a: Avalugg|Recover|p2a: Avalugg\n|-heal|p2a: Avalugg|310\/310\n|\n|-weather|Hail|[upkeep]\n|upkeep\n|turn|4\n|\n|t:|1654701825\n|switch|p2a: Landorus|Landorus-Therian, L80, M|274\/274\n|-ability|p2a: Landorus|Intimidate|boost\n|-unboost|p1a: Escavalier|atk|1\n|move|p1a: Escavalier|Swords Dance|p1a: Escavalier\n|-boost|p1a: Escavalier|atk|2\n|\n|-weather|Hail|[upkeep]\n|-damage|p2a: Landorus|257\/274|[from] Hail\n|upkeep\n|turn|5\n|\n|t:|1654701838\n|move|p2a: Landorus|Earthquake|p1a: Escavalier\n|-damage|p1a: Escavalier|180\/255\n|-damage|p2a: Landorus|230\/274|[from] item: Life Orb\n|move|p1a: Escavalier|Iron Head|p2a: Landorus\n|-damage|p2a: Landorus|74\/274\n|\n|-weather|none\n|-heal|p1a: Escavalier|195\/255|[from] item: Leftovers\n|upkeep\n|turn|6\n|\n|t:|1654701846\n|move|p2a: Landorus|Superpower|p1a: Escavalier\n|-damage|p1a: Escavalier|132\/255\n|-unboost|p2a: Landorus|atk|1\n|-unboost|p2a: Landorus|def|1\n|-damage|p2a: Landorus|47\/274|[from] item: Life Orb\n|move|p1a: Escavalier|Iron Head|p2a: Landorus\n|-damage|p2a: Landorus|0 fnt\n|faint|p2a: Landorus\n|\n|-heal|p1a: Escavalier|147\/255|[from] item: Leftovers\n|upkeep\n|\n|t:|1654701852\n|switch|p2a: Necrozma|Necrozma-Dawn-Wings, L76|272\/272\n|turn|7\n|\n|t:|1654701877\n|detailschange|p2a: Necrozma|Necrozma-Ultra, L76\n|-burst|p2a: Necrozma|Necrozma|Ultranecrozium Z\n|move|p2a: Necrozma|Heat Wave|p1a: Escavalier|[miss]\n|-miss|p2a: Necrozma|p1a: Escavalier\n|move|p1a: Escavalier|Iron Head|p2a: Necrozma\n|-damage|p2a: Necrozma|97\/272\n|\n|-heal|p1a: Escavalier|162\/255|[from] item: Leftovers\n|upkeep\n|turn|8\n|\n|t:|1654701883\n|move|p2a: Necrozma|Heat Wave|p1a: Escavalier\n|-supereffective|p1a: Escavalier\n|-damage|p1a: Escavalier|0 fnt\n|faint|p1a: Escavalier\n|\n|-sideend|p1: firepunch917|move: Aurora Veil\n|upkeep\n|\n|t:|1654701895\n|switch|p1a: Drapion|Drapion, L84, F|255\/255\n|turn|9\n|\n|t:|1654701907\n|switch|p2a: Avalugg|Avalugg, L88, F|310\/310\n|move|p1a: Drapion|Knock Off|p2a: Avalugg\n|-damage|p2a: Avalugg|240\/310\n|-enditem|p2a: Avalugg|Leftovers|[from] move: Knock Off|[of] p1a: Drapion\n|-damage|p1a: Drapion|230\/255|[from] item: Life Orb\n|\n|upkeep\n|turn|10\n|\n|t:|1654701916\n|switch|p1a: Celesteela|Celesteela, L80|286\/286\n|move|p2a: Avalugg|Earthquake|p1a: Celesteela\n|-immune|p1a: Celesteela\n|\n|upkeep\n|turn|11\n|\n|t:|1654701926\n|switch|p2a: Blastoise|Blastoise, L84, F|270\/270\n|move|p1a: Celesteela|Air Slash|p2a: Blastoise\n|-damage|p2a: Blastoise|200\/270\n|\n|upkeep\n|turn|12\n|\n|t:|1654701948\n|detailschange|p2a: Blastoise|Blastoise-Mega, L84, F\n|-mega|p2a: Blastoise|Blastoise|Blastoisinite\n|move|p1a: Celesteela|Protect|p1a: Celesteela\n|-singleturn|p1a: Celesteela|Protect\n|move|p2a: Blastoise|Water Pulse|p1a: Celesteela\n|-activate|p1a: Celesteela|move: Protect\n|\n|upkeep\n|turn|13\n|\n|t:|1654701955\n|switch|p1a: Drapion|Drapion, L84, F|230\/255\n|move|p2a: Blastoise|Water Pulse|p1a: Drapion\n|-damage|p1a: Drapion|95\/255\n|\n|upkeep\n|turn|14\n|\n|t:|1654701962\n|switch|p2a: Avalugg|Avalugg, L88, F|240\/310\n|move|p1a: Drapion|Poison Jab|p2a: Avalugg\n|-damage|p2a: Avalugg|188\/310\n|-damage|p1a: Drapion|70\/255|[from] item: Life Orb\n|\n|upkeep\n|turn|15\n|\n|t:|1654701966\n|move|p1a: Drapion|Swords Dance|p1a: Drapion\n|-boost|p1a: Drapion|atk|2\n|move|p2a: Avalugg|Avalanche|p1a: Drapion\n|-damage|p1a: Drapion|4\/255\n|\n|upkeep\n|turn|16\n|\n|t:|1654701969\n|move|p1a: Drapion|Poison Jab|p2a: Avalugg\n|-damage|p2a: Avalugg|78\/310\n|-damage|p1a: Drapion|0 fnt|[from] item: Life Orb\n|faint|p1a: Drapion\n|move|p2a: Avalugg|Recover|p2a: Avalugg\n|-heal|p2a: Avalugg|233\/310\n|\n|upkeep\n|\n|t:|1654701971\n|switch|p1a: Smeargle|Smeargle, L88, F|240\/240\n|turn|17\n|\n|t:|1654701976\n|move|p1a: Smeargle|Spore|p2a: Avalugg\n|-status|p2a: Avalugg|slp|[from] move: Spore\n|cant|p2a: Avalugg|slp\n|\n|upkeep\n|turn|18\n|\n|t:|1654701982\n|switch|p2a: Blastoise|Blastoise-Mega, L84, F|200\/270\n|move|p1a: Smeargle|Stealth Rock|p2a: Blastoise\n|-sidestart|p2: gordorado|move: Stealth Rock\n|\n|upkeep\n|turn|19\n|\n|t:|1654701987\n|move|p1a: Smeargle|Spore|p2a: Blastoise\n|-message|Sleep Clause Mod activated.\n|move|p2a: Blastoise|Rapid Spin|p1a: Smeargle\n|-damage|p1a: Smeargle|215\/240\n|-sideend|p2: gordorado|Stealth Rock|[from] move: Rapid Spin|[of] p2a: Blastoise\n|\n|upkeep\n|turn|20\n|\n|t:|1654701992\n|switch|p1a: Ninetales|Ninetales-Alola, L82, F|160\/254 tox\n|-weather|Hail|[from] ability: Snow Warning|[of] p1a: Ninetales\n|move|p2a: Blastoise|Aura Sphere|p1a: Ninetales\n|-damage|p1a: Ninetales|61\/254 tox\n|\n|-weather|Hail|[upkeep]\n|-damage|p2a: Blastoise|184\/270|[from] Hail\n|-damage|p1a: Ninetales|46\/254 tox|[from] psn\n|upkeep\n|turn|21\n|\n|t:|1654701998\n|switch|p2a: Avalugg|Avalugg, L88, F|233\/310 slp\n|move|p1a: Ninetales|Freeze-Dry|p2a: Avalugg\n|-resisted|p2a: Avalugg\n|-damage|p2a: Avalugg|191\/310 slp\n|\n|-weather|Hail|[upkeep]\n|-damage|p1a: Ninetales|16\/254 tox|[from] psn\n|upkeep\n|turn|22\n|\n|t:|1654702003\n|move|p1a: Ninetales|Aurora Veil|p1a: Ninetales\n|-sidestart|p1: firepunch917|move: Aurora Veil\n|cant|p2a: Avalugg|slp\n|\n|-weather|Hail|[upkeep]\n|-damage|p1a: Ninetales|0 fnt|[from] psn\n|faint|p1a: Ninetales\n|upkeep\n|\n|t:|1654702007\n|switch|p1a: Raichu|Raichu-Alola, L88, M|249\/249\n|turn|23\n|\n|t:|1654702010\n|move|p1a: Raichu|Nasty Plot|p1a: Raichu\n|-boost|p1a: Raichu|spa|2\n|-curestatus|p2a: Avalugg|slp|[msg]\n|move|p2a: Avalugg|Earthquake|p1a: Raichu\n|-supereffective|p1a: Raichu\n|-crit|p1a: Raichu\n|-damage|p1a: Raichu|0 fnt\n|faint|p1a: Raichu\n|\n|-weather|Hail|[upkeep]\n|upkeep\n|-message|firepunch917 forfeited.\n|\n|win|gordorado\n|raw|firepunch917's rating: 1611 &rarr; <strong>1593<\/strong><br \/>(-18 for losing)\n|raw|gordorado's rating: 1639 &rarr; <strong>1657<\/strong><br \/>(+18 for winning)\n|l|\u2606firepunch917\n|l|\u2606gordorado\n","inputlog":">version 548aaf81560d6b53a8858d8cb874764039399019\n>start {\"formatid\":\"gen7randombattle\",\"seed\":[50105,10098,16871,12211],\"rated\":\"Rated battle\"}\n>player p1 {\"name\":\"firepunch917\",\"avatar\":\"170\",\"rating\":1611,\"seed\":[43194,8671,40296,1797]}\n>player p2 {\"name\":\"gordorado\",\"avatar\":\"101\",\"rating\":1639,\"seed\":[8501,55979,4061,59143]}\n>p1 move auroraveil\n>p2 move toxic\n>p1 move moonblast\n>p2 move earthquake\n>p1 switch 4\n>p2 move recover\n>p1 move swordsdance\n>p2 switch 6\n>p1 move ironhead\n>p2 move earthquake\n>p1 move ironhead\n>p2 move superpower\n>p2 switch 2\n>p1 move ironhead\n>p2 move heatwave ultra\n>p1 move ironhead\n>p2 move heatwave\n>p1 switch 3\n>p1 move knockoff\n>p2 switch 6\n>p1 switch 6\n>p2 move earthquake\n>p1 move airslash\n>p2 switch 4\n>p1 move protect\n>p2 move waterpulse mega\n>p1 switch 6\n>p2 move waterpulse\n>p1 move poisonjab\n>p2 switch 4\n>p1 move swordsdance\n>p2 move avalanche\n>p1 move poisonjab\n>p2 move recover\n>p1 switch 5\n>p1 move spore\n>p2 move avalanche\n>p1 move stealthrock\n>p2 switch 4\n>p1 move spore\n>p2 move rapidspin\n>p1 switch 4\n>p2 move aurasphere\n>p1 move freezedry\n>p2 switch 4\n>p1 move auroraveil\n>p2 move earthquake\n>p1 switch 2\n>p1 move nastyplot\n>p2 move earthquake\n>forcelose p1","uploadtime":1654702022,"views":3,"p1id":"firepunch917","p2id":"gordorado","formatid":"gen7randombattle","rating":1593,"private":0,"password":null}