{"id":"gen7ou-951995417","p1":"H4WT \u2605","p2":"Amouage eX","format":"gen7ou","log":"|j|\u2606H4WT \u2605\n|j|\u2606Amouage eX\n|player|p1|H4WT \u2605|giovanni-gen3|1722\n|player|p2|Amouage eX|102|1779\n|teamsize|p1|6\n|teamsize|p2|6\n|gametype|singles\n|gen|7\n|tier|[Gen 7] OU\n|rated|\n|rule|Sleep Clause Mod: Limit one foe put to sleep\n|rule|Species Clause: Limit one of each Pok\u00e9mon\n|rule|OHKO Clause: OHKO moves are banned\n|rule|Moody Clause: Moody is banned\n|rule|Evasion Moves Clause: Evasion moves are banned\n|rule|Endless Battle Clause: Forcing endless battles is banned\n|rule|HP Percentage Mod: HP is shown in percentages\n|clearpoke\n|poke|p1|Gliscor, M|item\n|poke|p1|Magearna|item\n|poke|p1|Tornadus-Therian, M|item\n|poke|p1|Toxapex, M|item\n|poke|p1|Mawile, F|item\n|poke|p1|Greninja, M|item\n|poke|p2|Gallade, M|item\n|poke|p2|Tapu Fini|item\n|poke|p2|Zapdos|item\n|poke|p2|Chansey, F|item\n|poke|p2|Salamence, F|item\n|poke|p2|Jirachi|item\n|teampreview\n|inactive|Battle timer is ON: inactive players will automatically lose when time's up. (requested by Amouage eX)\n|\n|start\n|switch|p1a: Tornadus|Tornadus-Therian, M|100\/100\n|switch|p2a: Jirachi|Jirachi|100\/100\n|turn|1\n|\n|switch|p2a: Zapdos|Zapdos|100\/100\n|move|p1a: Tornadus|Knock Off|p2a: Zapdos\n|-damage|p2a: Zapdos|87\/100\n|-damage|p1a: Tornadus|84\/100|[from] item: Rocky Helmet|[of] p2a: Zapdos\n|-enditem|p2a: Zapdos|Rocky Helmet|[from] move: Knock Off|[of] p1a: Tornadus\n|\n|upkeep\n|turn|2\n|j| xxTeamEternityxx\n|c| xxTeamEternityxx|HAWT BABY\n|c| xxTeamEternityxx|GET YO ASS ON DISCORD\n|\n|switch|p1a: Magearna|Magearna|100\/100\n|move|p2a: Zapdos|Heat Wave|p1a: Magearna\n|-supereffective|p1a: Magearna\n|-damage|p1a: Magearna|78\/100\n|\n|upkeep\n|turn|3\n|c|\u2606H4WT \u2605|what\n|\n|move|p2a: Zapdos|Volt Switch|p1a: Magearna\n|-damage|p1a: Magearna|65\/100\n|\n|switch|p2a: Chansey|Chansey, F|100\/100|[from]move: Volt Switch\n|move|p1a: Magearna|Volt Switch|p2a: Chansey\n|-damage|p2a: Chansey|95\/100\n|\n|switch|p1a: Mawile|Mawile, F|100\/100|[from]move: Volt Switch\n|-ability|p1a: Mawile|Intimidate|boost\n|-unboost|p2a: Chansey|atk|1\n|\n|upkeep\n|turn|4\n|inactive|Amouage eX has 120 seconds left.\n|\n|switch|p2a: Zapdos|Zapdos|87\/100\n|detailschange|p1a: Mawile|Mawile-Mega, F\n|-mega|p1a: Mawile|Mawile|Mawilite\n|move|p1a: Mawile|Play Rough|p2a: Zapdos\n|-damage|p2a: Zapdos|23\/100\n|\n|upkeep\n|turn|5\n|\n|move|p2a: Zapdos|Roost|p2a: Zapdos\n|-heal|p2a: Zapdos|73\/100\n|-singleturn|p2a: Zapdos|move: Roost\n|move|p1a: Mawile|Play Rough|p2a: Zapdos\n|-damage|p2a: Zapdos|10\/100\n|-status|p1a: Mawile|par|[from] ability: Static|[of] p2a: Zapdos\n|\n|upkeep\n|turn|6\n|\n|switch|p1a: Gliscor|Gliscor, M|100\/100\n|move|p2a: Zapdos|Roost|p2a: Zapdos\n|-heal|p2a: Zapdos|60\/100\n|-singleturn|p2a: Zapdos|move: Roost\n|\n|-status|p1a: Gliscor|tox|[from] item: Toxic Orb\n|upkeep\n|turn|7\n|\n|move|p1a: Gliscor|Stealth Rock|p2a: Zapdos\n|-sidestart|p2: Amouage eX|move: Stealth Rock\n|move|p2a: Zapdos|Roost|p2a: Zapdos\n|-heal|p2a: Zapdos|100\/100\n|-singleturn|p2a: Zapdos|move: Roost\n|\n|upkeep\n|turn|8\n|\n|move|p1a: Gliscor|Toxic|p2a: Zapdos\n|-status|p2a: Zapdos|tox\n|move|p2a: Zapdos|Defog|p1a: Gliscor\n|-unboost|p1a: Gliscor|evasion|1\n|-sideend|p2: Amouage eX|Stealth Rock|[from] move: Defog|[of] p2a: Zapdos\n|\n|-damage|p2a: Zapdos|94\/100 tox|[from] psn\n|upkeep\n|turn|9\n|\n|switch|p2a: Salamence|Salamence, F|100\/100\n|move|p1a: Gliscor|Stealth Rock|p2a: Salamence\n|-sidestart|p2: Amouage eX|move: Stealth Rock\n|\n|upkeep\n|turn|10\n|\n|move|p2a: Salamence|Substitute|p2a: Salamence\n|-start|p2a: Salamence|Substitute\n|-damage|p2a: Salamence|76\/100\n|move|p1a: Gliscor|Toxic||[still]\n|-fail|p1a: Gliscor\n|\n|upkeep\n|turn|11\n|c|\u2606H4WT \u2605|gg bro\n|\n|switch|p1a: Tornadus|Tornadus-Therian, M|100\/100\n|move|p2a: Salamence|Dragon Dance|p2a: Salamence\n|-boost|p2a: Salamence|atk|1\n|-boost|p2a: Salamence|spe|1\n|\n|upkeep\n|turn|12\n|\n|-zpower|p2a: Salamence\n|move|p2a: Salamence|Supersonic Skystrike|p1a: Tornadus|[zeffect]\n|-damage|p1a: Tornadus|0 fnt\n|faint|p1a: Tornadus\n|-ability|p2a: Salamence|Moxie|boost\n|-boost|p2a: Salamence|atk|1\n|\n|upkeep\n|-message|H4WT \u2605 forfeited.\n|\n|win|Amouage eX\n|l|\u2606H4WT \u2605\n","uploadtime":1564344040,"views":20,"p1id":"h4wt","p2id":"amouageex","formatid":"gen7ou","rating":0,"private":0,"password":null}