{"id":"gen7ou-869747048","p1":"orangesss","p2":"Betavulgaris","format":"gen7ou","log":"|j|\u2606orangesss\n|j|\u2606Betavulgaris\n|player|p1|orangesss|95\n|player|p2|Betavulgaris|101\n|teamsize|p1|6\n|teamsize|p2|6\n|gametype|singles\n|gen|7\n|tier|[Gen 7] OU\n|rated|\n|rule|Sleep Clause Mod: Limit one foe put to sleep\n|rule|Species Clause: Limit one of each Pok\u00e9mon\n|rule|OHKO Clause: OHKO moves are banned\n|rule|Moody Clause: Moody is banned\n|rule|Evasion Moves Clause: Evasion moves are banned\n|rule|Endless Battle Clause: Forcing endless battles is banned\n|rule|HP Percentage Mod: HP is shown in percentages\n|clearpoke\n|poke|p1|Hawlucha, F|item\n|poke|p1|Ferrothorn, M|item\n|poke|p1|Pelipper, M|item\n|poke|p1|Tapu Koko|item\n|poke|p1|Kartana|item\n|poke|p1|Swampert, M|item\n|poke|p2|Ribombee, F|item\n|poke|p2|Hoopa-Unbound|item\n|poke|p2|Kyurem-Black|item\n|poke|p2|Serperior, F|item\n|poke|p2|Tapu Koko|item\n|poke|p2|Blacephalon|item\n|teampreview\n|inactive|Battle timer is ON: inactive players will automatically lose when time's up. (requested by orangesss)\n|\n|start\n|switch|p1a: Birdman|Tapu Koko|100\/100\n|switch|p2a: Tapu Koko|Tapu Koko|100\/100\n|-fieldstart|move: Electric Terrain|[from] ability: Electric Surge|[of] p2a: Tapu Koko\n|turn|1\n|\n|move|p2a: Tapu Koko|Volt Switch|p1a: Birdman\n|-resisted|p1a: Birdman\n|-damage|p1a: Birdman|68\/100\n|\n|switch|p2a: Serperior|Serperior, F|100\/100\n|-zpower|p1a: Birdman\n|move|p1a: Birdman|Twinkle Tackle|p2a: Serperior|[zeffect]\n|-damage|p2a: Serperior|22\/100\n|\n|upkeep\n|turn|2\n|\n|move|p2a: Serperior|Leaf Storm|p1a: Birdman\n|-damage|p1a: Birdman|0 fnt\n|-boost|p2a: Serperior|spa|2\n|faint|p1a: Birdman\n|\n|upkeep\n|\n|switch|p1a: Copypaste|Hawlucha, F|100\/100\n|-enditem|p1a: Copypaste|Electric Seed\n|-boost|p1a: Copypaste|def|1\n|turn|3\n|\n|switch|p2a: Tapu Koko|Tapu Koko|100\/100\n|move|p1a: Copypaste|Swords Dance|p1a: Copypaste\n|-boost|p1a: Copypaste|atk|2\n|\n|upkeep\n|turn|4\n|\n|move|p1a: Copypaste|High Jump Kick|p2a: Tapu Koko\n|-resisted|p2a: Tapu Koko\n|-damage|p2a: Tapu Koko|14\/100\n|move|p2a: Tapu Koko|Thunderbolt|p1a: Copypaste\n|-supereffective|p1a: Copypaste\n|-damage|p1a: Copypaste|0 fnt\n|faint|p1a: Copypaste\n|\n|upkeep\n|\n|switch|p1a: arsonist|Kartana|100\/100\n|turn|5\n|\n|move|p2a: Tapu Koko|Thunderbolt|p1a: arsonist\n|-resisted|p1a: arsonist\n|-damage|p1a: arsonist|3\/100\n|move|p1a: arsonist|Smart Strike|p2a: Tapu Koko\n|-damage|p2a: Tapu Koko|0 fnt\n|faint|p2a: Tapu Koko\n|-ability|p1a: arsonist|Beast Boost|boost\n|-boost|p1a: arsonist|atk|1\n|\n|-fieldend|move: Electric Terrain\n|upkeep\n|\n|switch|p2a: Serperior|Serperior, F|22\/100\n|turn|6\n|\n|switch|p1a: Hate rain :(|Ferrothorn, M|100\/100\n|move|p2a: Serperior|Hidden Power|p1a: Hate rain :(\n|-supereffective|p1a: Hate rain :(\n|-damage|p1a: Hate rain :(|58\/100\n|\n|-heal|p1a: Hate rain :(|65\/100|[from] item: Leftovers\n|upkeep\n|turn|7\n|\n|move|p2a: Serperior|Hidden Power|p1a: Hate rain :(\n|-supereffective|p1a: Hate rain :(\n|-damage|p1a: Hate rain :(|18\/100\n|move|p1a: Hate rain :(|Stealth Rock|p2a: Serperior\n|-sidestart|p2: Betavulgaris|move: Stealth Rock\n|\n|-heal|p1a: Hate rain :(|24\/100|[from] item: Leftovers\n|upkeep\n|turn|8\n|\n|switch|p2a: Ribombee|Ribombee, F|100\/100\n|-damage|p2a: Ribombee|76\/100|[from] Stealth Rock\n|switch|p1a: Nappy love|Pelipper, M|100\/100\n|-weather|RainDance|[from] ability: Drizzle|[of] p1a: Nappy love\n|\n|-weather|RainDance|[upkeep]\n|upkeep\n|turn|9\n|\n|switch|p1a: Swamp Thing|Swampert, M|100\/100\n|move|p2a: Ribombee|Sticky Web|p1a: Swamp Thing\n|-sidestart|p1: orangesss|move: Sticky Web\n|\n|-weather|RainDance|[upkeep]\n|upkeep\n|turn|10\n|\n|detailschange|p1a: Swamp Thing|Swampert-Mega, M\n|-mega|p1a: Swamp Thing|Swampert|Swampertite\n|move|p1a: Swamp Thing|Waterfall|p2a: Ribombee\n|-damage|p2a: Ribombee|0 fnt\n|faint|p2a: Ribombee\n|\n|-weather|RainDance|[upkeep]\n|upkeep\n|\n|switch|p2a: Serperior|Serperior, F|22\/100\n|-damage|p2a: Serperior|9\/100|[from] Stealth Rock\n|turn|11\n|inactive|orangesss has 120 seconds left.\n|\n|switch|p1a: arsonist|Kartana|3\/100\n|-activate|p1a: arsonist|move: Sticky Web\n|-unboost|p1a: arsonist|spe|1\n|move|p2a: Serperior|Leaf Storm|p1a: arsonist\n|-resisted|p1a: arsonist\n|-damage|p1a: arsonist|0 fnt\n|-boost|p2a: Serperior|spa|2\n|faint|p1a: arsonist\n|\n|-weather|RainDance|[upkeep]\n|upkeep\n|inactive|orangesss has 120 seconds left.\n|\n|switch|p1a: Hate rain :(|Ferrothorn, M|24\/100\n|-activate|p1a: Hate rain :(|move: Sticky Web\n|-unboost|p1a: Hate rain :(|spe|1\n|turn|12\n|\n|move|p2a: Serperior|Leaf Storm|p1a: Hate rain :(\n|-resisted|p1a: Hate rain :(\n|-damage|p1a: Hate rain :(|8\/100\n|-boost|p2a: Serperior|spa|2\n|move|p1a: Hate rain :(|Gyro Ball|p2a: Serperior\n|-damage|p2a: Serperior|0 fnt\n|faint|p2a: Serperior\n|\n|-weather|RainDance|[upkeep]\n|-heal|p1a: Hate rain :(|14\/100|[from] item: Leftovers\n|upkeep\n|\n|switch|p2a: Kyurem|Kyurem-Black, shiny|100\/100\n|-damage|p2a: Kyurem|76\/100|[from] Stealth Rock\n|-ability|p2a: Kyurem|Teravolt\n|turn|13\n|\n|move|p2a: Kyurem|Ice Beam|p1a: Hate rain :(\n|-damage|p1a: Hate rain :(|0 fnt\n|faint|p1a: Hate rain :(\n|\n|-weather|RainDance|[upkeep]\n|upkeep\n|\n|switch|p1a: Swamp Thing|Swampert-Mega, M|100\/100\n|-activate|p1a: Swamp Thing|move: Sticky Web\n|-unboost|p1a: Swamp Thing|spe|1\n|turn|14\n|\n|move|p1a: Swamp Thing|Earthquake|p2a: Kyurem\n|-damage|p2a: Kyurem|17\/100\n|-zpower|p2a: Kyurem\n|move|p2a: Kyurem|Subzero Slammer|p1a: Swamp Thing|[zeffect]\n|-damage|p1a: Swamp Thing|0 fnt\n|faint|p1a: Swamp Thing\n|\n|-weather|RainDance|[upkeep]\n|upkeep\n|\n|switch|p1a: Nappy love|Pelipper, M|100\/100\n|turn|15\n|\n|move|p2a: Kyurem|Fusion Bolt|p1a: Nappy love\n|-supereffective|p1a: Nappy love\n|-damage|p1a: Nappy love|0 fnt\n|faint|p1a: Nappy love\n|\n|win|Betavulgaris\n|raw|orangesss's rating: 1678 &rarr; <strong>1658<\/strong><br \/>(-20 for losing)\n|raw|Betavulgaris's rating: 1647 &rarr; <strong>1668<\/strong><br \/>(+21 for winning)\n|c|\u2606orangesss|gg\n|c|\u2606Betavulgaris|gg\n|l|\u2606orangesss\n","uploadtime":1551498915,"views":16,"p1id":"orangesss","p2id":"betavulgaris","formatid":"gen7ou","rating":1658,"private":0,"password":null}