{"id":"gen7ou-981681008","p1":"orangesss","p2":"Shotime303","format":"gen7ou","log":"|j|\u2606orangesss\n|j|\u2606Shotime303\n|player|p1|orangesss|164|1735\n|player|p2|Shotime303|269|1671\n|teamsize|p1|6\n|teamsize|p2|6\n|gametype|singles\n|gen|7\n|tier|[Gen 7] OU\n|rated|\n|rule|Sleep Clause Mod: Limit one foe put to sleep\n|rule|Species Clause: Limit one of each Pok\u00e9mon\n|rule|OHKO Clause: OHKO moves are banned\n|rule|Moody Clause: Moody is banned\n|rule|Evasion Moves Clause: Evasion moves are banned\n|rule|Endless Battle Clause: Forcing endless battles is banned\n|rule|HP Percentage Mod: HP is shown in percentages\n|clearpoke\n|poke|p1|Hawlucha, M|item\n|poke|p1|Ferrothorn, F|item\n|poke|p1|Pelipper, F|item\n|poke|p1|Tapu Koko|item\n|poke|p1|Swampert, F|item\n|poke|p1|Kartana|item\n|poke|p2|Hoopa-Unbound|item\n|poke|p2|Tapu Fini|item\n|poke|p2|Landorus-Therian, M|item\n|poke|p2|Magearna|item\n|poke|p2|Charizard, M|item\n|poke|p2|Kartana|item\n|teampreview\n|inactive|Battle timer is ON: inactive players will automatically lose when time's up. (requested by Shotime303)\n|\n|start\n|switch|p1a: Speed OD|Tapu Koko|100\/100\n|switch|p2a: Unbound yo ass|Hoopa-Unbound|100\/100\n|-fieldstart|move: Electric Terrain|[from] ability: Electric Surge|[of] p1a: Speed OD\n|turn|1\n|\n|switch|p2a: META AF MANE|Landorus-Therian, M, shiny|100\/100\n|-ability|p2a: META AF MANE|Intimidate|boost\n|-unboost|p1a: Speed OD|atk|1\n|-zpower|p1a: Speed OD\n|move|p1a: Speed OD|Twinkle Tackle|p2a: META AF MANE|[zeffect]\n|-damage|p2a: META AF MANE|17\/100\n|\n|upkeep\n|turn|2\n|\n|move|p2a: META AF MANE|Earthquake|p1a: Speed OD\n|-supereffective|p1a: Speed OD\n|-damage|p1a: Speed OD|0 fnt\n|faint|p1a: Speed OD\n|\n|upkeep\n|\n|switch|p1a: Copypaste|Hawlucha, M|100\/100\n|-enditem|p1a: Copypaste|Electric Seed\n|-boost|p1a: Copypaste|def|1\n|turn|3\n|\n|switch|p2a: Top fin|Tapu Fini, shiny|100\/100\n|-fieldstart|move: Misty Terrain|[from] ability: Misty Surge|[of] p2a: Top fin\n|move|p1a: Copypaste|Swords Dance|p1a: Copypaste\n|-boost|p1a: Copypaste|atk|2\n|\n|upkeep\n|turn|4\n|\n|move|p1a: Copypaste|Acrobatics|p2a: Top fin\n|-damage|p2a: Top fin|31\/100\n|move|p2a: Top fin|Moonblast|p1a: Copypaste\n|-supereffective|p1a: Copypaste\n|-damage|p1a: Copypaste|9\/100\n|\n|upkeep\n|turn|5\n|\n|switch|p2a: META AF MANE|Landorus-Therian, M, shiny|17\/100\n|-ability|p2a: META AF MANE|Intimidate|boost\n|-unboost|p1a: Copypaste|atk|1\n|move|p1a: Copypaste|Acrobatics|p2a: META AF MANE\n|-crit|p2a: META AF MANE\n|-damage|p2a: META AF MANE|0 fnt\n|faint|p2a: META AF MANE\n|\n|upkeep\n|\n|switch|p2a: Thiccums|Magearna|100\/100\n|turn|6\n|\n|move|p1a: Copypaste|High Jump Kick|p2a: Thiccums\n|-damage|p2a: Thiccums|38\/100\n|move|p2a: Thiccums|Volt Switch|p1a: Copypaste\n|-supereffective|p1a: Copypaste\n|-crit|p1a: Copypaste\n|-damage|p1a: Copypaste|0 fnt\n|faint|p1a: Copypaste\n|-ability|p2a: Thiccums|Soul-Heart|boost\n|-boost|p2a: Thiccums|spa|1\n|\n|switch|p2a: Kartana|Kartana, shiny|100\/100|[from]move: Volt Switch\n|\n|upkeep\n|\n|switch|p1a: Wolverine|Kartana|100\/100\n|turn|7\n|\n|switch|p2a: Top fin|Tapu Fini, shiny|31\/100\n|move|p1a: Wolverine|Knock Off|p2a: Top fin\n|-resisted|p2a: Top fin\n|-damage|p2a: Top fin|14\/100\n|-enditem|p2a: Top fin|Aguav Berry|[from] move: Knock Off|[of] p1a: Wolverine\n|\n|-fieldend|Misty Terrain\n|upkeep\n|turn|8\n|\n|switch|p2a: Thiccums|Magearna|38\/100\n|move|p1a: Wolverine|Knock Off|p2a: Thiccums\n|-resisted|p2a: Thiccums\n|-damage|p2a: Thiccums|21\/100\n|-enditem|p2a: Thiccums|Assault Vest|[from] move: Knock Off|[of] p1a: Wolverine\n|\n|upkeep\n|turn|9\n|\n|switch|p1a: Hate rain :(|Ferrothorn, F|100\/100\n|move|p2a: Thiccums|Hidden Power|p1a: Hate rain :(\n|-supereffective|p1a: Hate rain :(\n|-damage|p1a: Hate rain :(|43\/100\n|\n|-heal|p1a: Hate rain :(|49\/100|[from] item: Leftovers\n|upkeep\n|turn|10\n|\n|move|p2a: Thiccums|Volt Switch|p1a: Hate rain :(\n|-resisted|p1a: Hate rain :(\n|-damage|p1a: Hate rain :(|41\/100\n|\n|switch|p2a: Kartana|Kartana, shiny|100\/100|[from]move: Volt Switch\n|move|p1a: Hate rain :(|Stealth Rock|p2a: Kartana\n|-sidestart|p2: Shotime303|move: Stealth Rock\n|\n|-heal|p1a: Hate rain :(|47\/100|[from] item: Leftovers\n|upkeep\n|turn|11\n|\n|move|p2a: Kartana|Swords Dance|p2a: Kartana\n|-boost|p2a: Kartana|atk|2\n|move|p1a: Hate rain :(|Knock Off|p2a: Kartana\n|-damage|p2a: Kartana|88\/100\n|\n|-heal|p1a: Hate rain :(|53\/100|[from] item: Leftovers\n|upkeep\n|turn|12\n|\n|move|p2a: Kartana|Sacred Sword|p1a: Hate rain :(\n|-supereffective|p1a: Hate rain :(\n|-damage|p1a: Hate rain :(|0 fnt\n|-damage|p2a: Kartana|76\/100|[from] ability: Iron Barbs|[of] p1a: Hate rain :(\n|faint|p1a: Hate rain :(\n|-ability|p2a: Kartana|Beast Boost|boost\n|-boost|p2a: Kartana|spe|1\n|\n|upkeep\n|\n|switch|p1a: Wolverine|Kartana|100\/100\n|turn|13\n|\n|move|p2a: Kartana|Sacred Sword|p1a: Wolverine\n|-supereffective|p1a: Wolverine\n|-damage|p1a: Wolverine|0 fnt\n|faint|p1a: Wolverine\n|-ability|p2a: Kartana|Beast Boost|boost\n|-boost|p2a: Kartana|spe|1\n|\n|upkeep\n|-message|orangesss forfeited.\n|\n|win|Shotime303\n|l|\u2606orangesss\n|raw|orangesss's rating: 1735 &rarr; <strong>1710<\/strong><br \/>(-25 for losing)\n|raw|Shotime303's rating: 1645 &rarr; <strong>1670<\/strong><br \/>(+25 for winning)\n","uploadtime":1569376586,"views":40,"p1id":"orangesss","p2id":"shotime303","formatid":"gen7ou","rating":1670,"private":0,"password":null}