{"id":"gen7ou-831455416","p1":"ids gzy","p2":"Moskito Cup","format":"gen7ou","log":"|j|\u2606ids gzy\n|j|\u2606Moskito Cup\n|player|p1|ids gzy|162\n|player|p2|Moskito Cup|170\n|teamsize|p1|6\n|teamsize|p2|6\n|gametype|singles\n|gen|7\n|tier|[Gen 7] OU\n|rated|\n|rule|Sleep Clause Mod: Limit one foe put to sleep\n|rule|Species Clause: Limit one of each Pok\u00e9mon\n|rule|OHKO Clause: OHKO moves are banned\n|rule|Moody Clause: Moody is banned\n|rule|Evasion Moves Clause: Evasion moves are banned\n|rule|Endless Battle Clause: Forcing endless battles is banned\n|rule|HP Percentage Mod: HP is shown in percentages\n|clearpoke\n|poke|p1|Medicham, M|item\n|poke|p1|Tapu Koko|item\n|poke|p1|Kyurem-Black|item\n|poke|p1|Hawlucha, F|item\n|poke|p1|Kartana|item\n|poke|p1|Landorus-Therian, M|item\n|poke|p2|Venusaur, M|item\n|poke|p2|Keldeo-Resolute|item\n|poke|p2|Skarmory, F|item\n|poke|p2|Chansey, F|item\n|poke|p2|Heatran, F|item\n|poke|p2|Bisharp, F|item\n|teampreview\n|j| Gyro1331\n|raw|<div class=\"broadcast-red\"><strong>Moderated join is set to sync with modchat!<\/strong><br \/>Only users who can speak in modchat can join.<\/div>\n|c|\u2606Moskito Cup|\/log Moskito Cup set modjoin to sync with modchat.\n|raw|<div class=\"broadcast-red\"><strong>Moderated chat was set to +!<\/strong><br \/>Only users of rank + and higher can talk.<\/div>\n|c|\u2606Moskito Cup|\/log Moskito Cup made this room hidden.\n|inactive|Battle timer is ON: inactive players will automatically lose when time's up. (requested by Moskito Cup)\n|\n|start\n|switch|p1a: Tapu Koko|Tapu Koko|100\/100\n|switch|p2a: Heatran|Heatran, F|100\/100\n|-fieldstart|move: Electric Terrain|[from] ability: Electric Surge|[of] p1a: Tapu Koko\n|turn|1\n|\n|move|p1a: Tapu Koko|Volt Switch|p2a: Heatran\n|-damage|p2a: Heatran|46\/100\n|\n|switch|p1a: Landorus|Landorus-Therian, M|100\/100\n|-ability|p1a: Landorus|Intimidate|boost\n|-unboost|p2a: Heatran|atk|1\n|move|p2a: Heatran|Stealth Rock|p1a: Landorus\n|-sidestart|p1: ids gzy|move: Stealth Rock\n|\n|-heal|p2a: Heatran|52\/100|[from] item: Leftovers\n|upkeep\n|turn|2\n|\n|switch|p2a: Skarmory|Skarmory, F|100\/100\n|move|p1a: Landorus|Stealth Rock|p2a: Skarmory\n|-sidestart|p2: Moskito Cup|move: Stealth Rock\n|\n|upkeep\n|turn|3\n|\n|switch|p1a: Tapu Koko|Tapu Koko|100\/100\n|-damage|p1a: Tapu Koko|88\/100|[from] Stealth Rock\n|move|p2a: Skarmory|Spikes|p1a: Tapu Koko\n|-sidestart|p1: ids gzy|Spikes\n|\n|upkeep\n|turn|4\n|\n|switch|p2a: Heatran|Heatran, F|52\/100\n|-damage|p2a: Heatran|40\/100|[from] Stealth Rock\n|move|p1a: Tapu Koko|Volt Switch|p2a: Heatran\n|-damage|p2a: Heatran|0 fnt\n|faint|p2a: Heatran\n|\n|switch|p1a: Medicham|Medicham, M, shiny|100\/100\n|-damage|p1a: Medicham|88\/100|[from] Spikes\n|-damage|p1a: Medicham|82\/100|[from] Stealth Rock\n|\n|upkeep\n|\n|switch|p2a: Bisharp|Bisharp, F|100\/100\n|-damage|p2a: Bisharp|94\/100|[from] Stealth Rock\n|turn|5\n|\n|detailschange|p1a: Medicham|Medicham-Mega, M, shiny\n|-mega|p1a: Medicham|Medicham|Medichamite\n|move|p2a: Bisharp|Sucker Punch|p1a: Medicham\n|-damage|p1a: Medicham|24\/100\n|move|p1a: Medicham|High Jump Kick|p2a: Bisharp\n|-supereffective|p2a: Bisharp\n|-damage|p2a: Bisharp|0 fnt\n|faint|p2a: Bisharp\n|\n|-fieldend|move: Electric Terrain\n|upkeep\n|\n|switch|p2a: Keldeo|Keldeo-Resolute|100\/100\n|-damage|p2a: Keldeo|94\/100|[from] Stealth Rock\n|turn|6\n|\n|move|p2a: Keldeo|Substitute|p2a: Keldeo\n|-start|p2a: Keldeo|Substitute\n|-damage|p2a: Keldeo|69\/100\n|move|p1a: Medicham|Zen Headbutt|p2a: Keldeo|[miss]\n|-miss|p1a: Medicham|p2a: Keldeo\n|\n|-heal|p2a: Keldeo|75\/100|[from] item: Leftovers\n|upkeep\n|turn|7\n|\n|move|p1a: Medicham|Bullet Punch|p2a: Keldeo\n|-resisted|p2a: Keldeo\n|-activate|p2a: Keldeo|move: Substitute|[damage]\n|move|p2a: Keldeo|Scald|p1a: Medicham\n|-damage|p1a: Medicham|0 fnt\n|faint|p1a: Medicham\n|\n|-heal|p2a: Keldeo|82\/100|[from] item: Leftovers\n|upkeep\n|\n|switch|p1a: Tapu Koko|Tapu Koko|88\/100\n|-damage|p1a: Tapu Koko|76\/100|[from] Spikes\n|-damage|p1a: Tapu Koko|63\/100|[from] Stealth Rock\n|-fieldstart|move: Electric Terrain|[from] ability: Electric Surge|[of] p1a: Tapu Koko\n|turn|8\n|\n|move|p1a: Tapu Koko|Volt Switch|p2a: Keldeo\n|-supereffective|p2a: Keldeo\n|-end|p2a: Keldeo|Substitute\n|\n|switch|p1a: Kartana|Kartana|100\/100\n|-damage|p1a: Kartana|94\/100|[from] Stealth Rock\n|-damage|p1a: Kartana|82\/100|[from] Spikes\n|move|p2a: Keldeo|Substitute|p2a: Keldeo\n|-start|p2a: Keldeo|Substitute\n|-damage|p2a: Keldeo|57\/100\n|\n|-heal|p2a: Keldeo|63\/100|[from] item: Leftovers\n|upkeep\n|turn|9\n|\n|move|p1a: Kartana|Leaf Blade|p2a: Keldeo\n|-supereffective|p2a: Keldeo\n|-crit|p2a: Keldeo\n|-end|p2a: Keldeo|Substitute\n|move|p2a: Keldeo|Secret Sword|p1a: Kartana\n|-supereffective|p1a: Kartana\n|-damage|p1a: Kartana|0 fnt\n|faint|p1a: Kartana\n|\n|-heal|p2a: Keldeo|69\/100|[from] item: Leftovers\n|upkeep\n|\n|switch|p1a: Tapu Koko|Tapu Koko|63\/100\n|-damage|p1a: Tapu Koko|51\/100|[from] Stealth Rock\n|-damage|p1a: Tapu Koko|38\/100|[from] Spikes\n|turn|10\n|\n|switch|p2a: Chansey|Chansey, F|100\/100\n|-damage|p2a: Chansey|88\/100|[from] Stealth Rock\n|move|p1a: Tapu Koko|Volt Switch|p2a: Chansey\n|-damage|p2a: Chansey|67\/100\n|\n|switch|p1a: Kyurem|Kyurem-Black|100\/100\n|-damage|p1a: Kyurem|76\/100|[from] Stealth Rock\n|-damage|p1a: Kyurem|63\/100|[from] Spikes\n|-ability|p1a: Kyurem|Teravolt\n|\n|upkeep\n|turn|11\n|\n|move|p1a: Kyurem|Fusion Bolt|p2a: Chansey\n|-damage|p2a: Chansey|28\/100\n|move|p2a: Chansey|Thunder Wave|p1a: Kyurem\n|-status|p1a: Kyurem|par\n|\n|upkeep\n|turn|12\n|\n|move|p1a: Kyurem|Fusion Bolt|p2a: Chansey\n|-crit|p2a: Chansey\n|-damage|p2a: Chansey|0 fnt\n|faint|p2a: Chansey\n|\n|-fieldend|move: Electric Terrain\n|upkeep\n|\n|switch|p2a: Keldeo|Keldeo-Resolute|69\/100\n|-damage|p2a: Keldeo|63\/100|[from] Stealth Rock\n|turn|13\n|\n|move|p2a: Keldeo|Substitute|p2a: Keldeo\n|-start|p2a: Keldeo|Substitute\n|-damage|p2a: Keldeo|38\/100\n|move|p1a: Kyurem|Fusion Bolt|p2a: Keldeo\n|-supereffective|p2a: Keldeo\n|-end|p2a: Keldeo|Substitute\n|\n|-heal|p2a: Keldeo|44\/100|[from] item: Leftovers\n|upkeep\n|turn|14\n|\n|move|p2a: Keldeo|Substitute|p2a: Keldeo\n|-start|p2a: Keldeo|Substitute\n|-damage|p2a: Keldeo|19\/100\n|move|p1a: Kyurem|Fusion Bolt|p2a: Keldeo\n|-supereffective|p2a: Keldeo\n|-end|p2a: Keldeo|Substitute\n|\n|-heal|p2a: Keldeo|25\/100|[from] item: Leftovers\n|upkeep\n|turn|15\n|inactive|ids gzy has 120 seconds left.\n|\n|switch|p1a: Landorus|Landorus-Therian, M|100\/100\n|-damage|p1a: Landorus|88\/100|[from] Stealth Rock\n|-ability|p1a: Landorus|Intimidate|boost\n|-unboost|p2a: Keldeo|atk|1\n|move|p2a: Keldeo|Secret Sword|p1a: Landorus\n|-resisted|p1a: Landorus\n|-damage|p1a: Landorus|64\/100\n|\n|-heal|p2a: Keldeo|31\/100|[from] item: Leftovers\n|upkeep\n|turn|16\n|\n|move|p2a: Keldeo|Scald|p1a: Landorus\n|-supereffective|p1a: Landorus\n|-damage|p1a: Landorus|0 fnt\n|faint|p1a: Landorus\n|\n|-heal|p2a: Keldeo|38\/100|[from] item: Leftovers\n|upkeep\n|\n|switch|p1a: Tapu Koko|Tapu Koko|38\/100\n|-damage|p1a: Tapu Koko|26\/100|[from] Spikes\n|-damage|p1a: Tapu Koko|13\/100|[from] Stealth Rock\n|-fieldstart|move: Electric Terrain|[from] ability: Electric Surge|[of] p1a: Tapu Koko\n|turn|17\n|\n|move|p1a: Tapu Koko|Volt Switch|p2a: Keldeo\n|-supereffective|p2a: Keldeo\n|-damage|p2a: Keldeo|0 fnt\n|faint|p2a: Keldeo\n|\n|switch|p1a: Kyurem|Kyurem-Black|63\/100 par\n|-damage|p1a: Kyurem|51\/100 par|[from] Spikes\n|-damage|p1a: Kyurem|26\/100 par|[from] Stealth Rock\n|-ability|p1a: Kyurem|Teravolt\n|\n|upkeep\n|\n|switch|p2a: Venusaur|Venusaur, M|100\/100\n|-damage|p2a: Venusaur|88\/100|[from] Stealth Rock\n|turn|18\n|\n|detailschange|p2a: Venusaur|Venusaur-Mega, M\n|-mega|p2a: Venusaur|Venusaur|Venusaurite\n|move|p2a: Venusaur|Sludge Bomb|p1a: Kyurem\n|-damage|p1a: Kyurem|0 fnt\n|faint|p1a: Kyurem\n|\n|upkeep\n|\n|switch|p1a: Hawlucha|Hawlucha, F|100\/100\n|-enditem|p1a: Hawlucha|Electric Seed\n|-boost|p1a: Hawlucha|def|1\n|-damage|p1a: Hawlucha|88\/100|[from] Stealth Rock\n|turn|19\n|\n|move|p1a: Hawlucha|Swords Dance|p1a: Hawlucha\n|-boost|p1a: Hawlucha|atk|2\n|move|p2a: Venusaur|Sludge Bomb|p1a: Hawlucha\n|-damage|p1a: Hawlucha|31\/100\n|-status|p1a: Hawlucha|psn\n|\n|-damage|p1a: Hawlucha|19\/100 psn|[from] psn\n|upkeep\n|turn|20\n|c|\u2606ids gzy|lucky noob\n|\n|switch|p2a: Skarmory|Skarmory, F|100\/100\n|-damage|p2a: Skarmory|88\/100|[from] Stealth Rock\n|move|p1a: Hawlucha|Drain Punch|p2a: Skarmory\n|-damage|p2a: Skarmory|50\/100\n|-heal|p1a: Hawlucha|40\/100 psn|[from] drain|[of] p2a: Skarmory\n|-damage|p1a: Hawlucha|23\/100 psn|[from] item: Rocky Helmet|[of] p2a: Skarmory\n|\n|-damage|p1a: Hawlucha|11\/100 psn|[from] psn\n|upkeep\n|turn|21\n|\n|move|p1a: Hawlucha|Drain Punch|p2a: Skarmory\n|-damage|p2a: Skarmory|13\/100\n|-heal|p1a: Hawlucha|32\/100 psn|[from] drain|[of] p2a: Skarmory\n|-damage|p1a: Hawlucha|15\/100 psn|[from] item: Rocky Helmet|[of] p2a: Skarmory\n|move|p2a: Skarmory|Brave Bird|p1a: Hawlucha\n|-supereffective|p1a: Hawlucha\n|-damage|p1a: Hawlucha|0 fnt\n|-damage|p2a: Skarmory|9\/100|[from] Recoil\n|faint|p1a: Hawlucha\n|\n|-fieldend|move: Electric Terrain\n|upkeep\n|-message|ids gzy forfeited.\n|\n|win|Moskito Cup\n|l|\u2606ids gzy\n|raw|ids gzy's rating: 1885 &rarr; <strong>1864<\/strong><br \/>(-21 for losing)\n|raw|Moskito Cup's rating: 1863 &rarr; <strong>1884<\/strong><br \/>(+21 for winning)\n|c|\u2606Moskito Cup|\/log Moskito Cup made this room public.\n","uploadtime":1544060252,"views":258,"p1id":"idsgzy","p2id":"moskitocup","formatid":"gen7ou","rating":1864,"private":0,"password":null}