{"id":"gen7ou-972305960","p1":"Tonico","p2":"Walletinspector62","format":"gen7ou","log":"|j|\u2606Tonico\n|j|\u2606Walletinspector62\n|player|p1|Tonico|169|\n|player|p2|Walletinspector62|101|\n|teamsize|p1|6\n|teamsize|p2|6\n|gametype|singles\n|gen|7\n|tier|[Gen 7] OU\n|rule|Sleep Clause Mod: Limit one foe put to sleep\n|rule|Species Clause: Limit one of each Pok\u00e9mon\n|rule|OHKO Clause: OHKO moves are banned\n|rule|Moody Clause: Moody is banned\n|rule|Evasion Moves Clause: Evasion moves are banned\n|rule|Endless Battle Clause: Forcing endless battles is banned\n|rule|HP Percentage Mod: HP is shown in percentages\n|clearpoke\n|poke|p1|Manectric, F|item\n|poke|p1|Tapu Koko|item\n|poke|p1|Rotom-Wash|item\n|poke|p1|Thundurus-Therian, M|item\n|poke|p1|Raichu-Alola, F|item\n|poke|p1|Stunfisk, M|item\n|poke|p2|Garchomp, F|item\n|poke|p2|Altaria, M|item\n|poke|p2|Dragalge, M|item\n|poke|p2|Latias, F|item\n|poke|p2|Kyurem|item\n|poke|p2|Dragonite, M|item\n|teampreview\n|c|\u2606Walletinspector62|Glhf\n|c|\u2606Tonico|good luck have fun!\n|\n|start\n|switch|p1a: Stunfisk|Stunfisk, M|100\/100\n|switch|p2a: Dragalge|Dragalge, M|100\/100\n|turn|1\n|\n|move|p2a: Dragalge|Toxic Spikes|p1a: Stunfisk\n|-sidestart|p1: Tonico|move: Toxic Spikes\n|move|p1a: Stunfisk|Stealth Rock|p2a: Dragalge\n|-sidestart|p2: Walletinspector62|move: Stealth Rock\n|\n|upkeep\n|turn|2\n|\n|move|p2a: Dragalge|Draco Meteor|p1a: Stunfisk\n|-damage|p1a: Stunfisk|37\/100\n|-unboost|p2a: Dragalge|spa|2\n|move|p1a: Stunfisk|Discharge|p2a: Dragalge\n|-resisted|p2a: Dragalge\n|-damage|p2a: Dragalge|91\/100\n|-status|p2a: Dragalge|par\n|\n|-heal|p1a: Stunfisk|43\/100|[from] item: Leftovers\n|-heal|p2a: Dragalge|97\/100 par|[from] item: Black Sludge\n|upkeep\n|turn|3\n|\n|switch|p2a: Cynthia|Garchomp, F|100\/100\n|-damage|p2a: Cynthia|94\/100|[from] Stealth Rock\n|move|p1a: Stunfisk|Toxic|p2a: Cynthia\n|-status|p2a: Cynthia|tox\n|\n|-heal|p1a: Stunfisk|49\/100|[from] item: Leftovers\n|-damage|p2a: Cynthia|88\/100 tox|[from] psn\n|upkeep\n|turn|4\n|\n|switch|p1a: Rotom|Rotom-Wash|100\/100\n|move|p2a: Cynthia|Earthquake|p1a: Rotom\n|-immune|p1a: Rotom|[from] ability: Levitate\n|\n|-damage|p2a: Cynthia|76\/100 tox|[from] psn\n|upkeep\n|turn|5\n|\n|switch|p2a: Dragalge|Dragalge, M|97\/100 par\n|-damage|p2a: Dragalge|84\/100 par|[from] Stealth Rock\n|move|p1a: Rotom|Defog|p2a: Dragalge\n|-unboost|p2a: Dragalge|evasion|1\n|-sideend|p2: Walletinspector62|Stealth Rock|[from] move: Defog|[of] p1a: Rotom\n|-sideend|p1: Tonico|Toxic Spikes|[from] move: Defog|[of] p1a: Rotom\n|\n|-heal|p2a: Dragalge|90\/100 par|[from] item: Black Sludge\n|upkeep\n|turn|6\n|\n|move|p1a: Rotom|Volt Switch|p2a: Dragalge\n|-resisted|p2a: Dragalge\n|-damage|p2a: Dragalge|80\/100 par\n|\n|switch|p1a: Stunfisk|Stunfisk, M|49\/100|[from]move: Volt Switch\n|move|p2a: Dragalge|Toxic Spikes|p1a: Stunfisk\n|-sidestart|p1: Tonico|move: Toxic Spikes\n|\n|-heal|p1a: Stunfisk|55\/100|[from] item: Leftovers\n|-heal|p2a: Dragalge|86\/100 par|[from] item: Black Sludge\n|upkeep\n|turn|7\n|\n|move|p1a: Stunfisk|Protect|p1a: Stunfisk\n|-singleturn|p1a: Stunfisk|Protect\n|cant|p2a: Dragalge|par\n|\n|-heal|p1a: Stunfisk|61\/100|[from] item: Leftovers\n|-heal|p2a: Dragalge|92\/100 par|[from] item: Black Sludge\n|upkeep\n|turn|8\n|\n|move|p1a: Stunfisk|Stealth Rock|p2a: Dragalge\n|-sidestart|p2: Walletinspector62|move: Stealth Rock\n|move|p2a: Dragalge|Draco Meteor|p1a: Stunfisk\n|-damage|p1a: Stunfisk|0 fnt\n|-unboost|p2a: Dragalge|spa|2\n|faint|p1a: Stunfisk\n|\n|-heal|p2a: Dragalge|98\/100 par|[from] item: Black Sludge\n|upkeep\n|\n|switch|p1a: Thundurus|Thundurus-Therian, M|100\/100\n|turn|9\n|\n|switch|p2a: Latias|Latias, F|100\/100\n|-damage|p2a: Latias|88\/100|[from] Stealth Rock\n|move|p1a: Thundurus|Agility|p1a: Thundurus\n|-boost|p1a: Thundurus|spe|2\n|\n|-heal|p2a: Latias|94\/100|[from] item: Leftovers\n|upkeep\n|turn|10\n|\n|move|p1a: Thundurus|Nasty Plot|p1a: Thundurus\n|-boost|p1a: Thundurus|spa|2\n|move|p2a: Latias|Calm Mind|p2a: Latias\n|-boost|p2a: Latias|spa|1\n|-boost|p2a: Latias|spd|1\n|\n|-heal|p2a: Latias|99\/100|[from] item: Leftovers\n|upkeep\n|turn|11\n|\n|move|p1a: Thundurus|Nasty Plot|p1a: Thundurus\n|-boost|p1a: Thundurus|spa|2\n|move|p2a: Latias|Psyshock|p1a: Thundurus\n|-crit|p1a: Thundurus\n|-damage|p1a: Thundurus|0 fnt\n|faint|p1a: Thundurus\n|\n|-heal|p2a: Latias|100\/100|[from] item: Leftovers\n|upkeep\n|\n|switch|p1a: Tapu Koko|Tapu Koko|100\/100\n|-status|p1a: Tapu Koko|psn\n|-fieldstart|move: Electric Terrain|[from] ability: Electric Surge|[of] p1a: Tapu Koko\n|turn|12\n|c|\u2606Walletinspector62|Did that crit matter?\n|c|\u2606Walletinspector62|It mightve\n|c|\u2606Walletinspector62|idk\n|c|\u2606Tonico|are you modest?\n|c|\u2606Walletinspector62|sorry for hax\n|c|\u2606Walletinspector62|yeah\n|c|\u2606Tonico|+1 252+ SpA Latias Psyshock vs. 4 HP \/ 0 Def Thundurus: 256-303 (85.3 - 101%) -- 6.3% chance to OHKO\n|c|\u2606Tonico|eh it's fine\n|\n|move|p1a: Tapu Koko|Light Screen|p1a: Tapu Koko\n|-sidestart|p1: Tonico|move: Light Screen\n|move|p2a: Latias|Roost||[still]\n|-fail|p2a: Latias\n|\n|-damage|p1a: Tapu Koko|88\/100 psn|[from] psn\n|upkeep\n|turn|13\n|\n|move|p1a: Tapu Koko|Reflect|p1a: Tapu Koko\n|-sidestart|p1: Tonico|Reflect\n|move|p2a: Latias|Calm Mind|p2a: Latias\n|-boost|p2a: Latias|spa|1\n|-boost|p2a: Latias|spd|1\n|\n|-damage|p1a: Tapu Koko|76\/100 psn|[from] psn\n|upkeep\n|turn|14\n|\n|move|p1a: Tapu Koko|U-turn|p2a: Latias\n|-supereffective|p2a: Latias\n|-damage|p2a: Latias|59\/100\n|\n|switch|p1a: Raichu|Raichu-Alola, F|100\/100|[from]move: U-turn\n|-status|p1a: Raichu|psn\n|move|p2a: Latias|Calm Mind|p2a: Latias\n|-boost|p2a: Latias|spa|1\n|-boost|p2a: Latias|spd|1\n|\n|-heal|p2a: Latias|65\/100|[from] item: Leftovers\n|-damage|p1a: Raichu|88\/100 psn|[from] psn\n|upkeep\n|turn|15\n|\n|-zpower|p1a: Raichu\n|move|p1a: Raichu|Shattered Psyche|p2a: Latias|[zeffect]\n|-resisted|p2a: Latias\n|-damage|p2a: Latias|51\/100\n|move|p2a: Latias|Roost|p2a: Latias\n|-heal|p2a: Latias|100\/100\n|-singleturn|p2a: Latias|move: Roost\n|\n|-damage|p1a: Raichu|76\/100 psn|[from] psn\n|upkeep\n|turn|16\n|\n|move|p1a: Raichu|Nasty Plot|p1a: Raichu\n|-boost|p1a: Raichu|spa|2\n|move|p2a: Latias|Hidden Power|p1a: Raichu\n|-supereffective|p1a: Raichu\n|-damage|p1a: Raichu|5\/100 psn\n|\n|-damage|p1a: Raichu|0 fnt|[from] psn\n|faint|p1a: Raichu\n|-fieldend|move: Electric Terrain\n|upkeep\n|\n|switch|p1a: Manectric|Manectric, F|100\/100\n|-status|p1a: Manectric|psn\n|turn|17\n|\n|detailschange|p1a: Manectric|Manectric-Mega, F\n|-mega|p1a: Manectric|Manectric|Manectite\n|-ability|p1a: Manectric|Intimidate|boost\n|-unboost|p2a: Latias|atk|1\n|move|p1a: Manectric|Hidden Power|p2a: Latias\n|-supereffective|p2a: Latias\n|-damage|p2a: Latias|83\/100\n|move|p2a: Latias|Psyshock|p1a: Manectric\n|-damage|p1a: Manectric|30\/100 psn\n|\n|-heal|p2a: Latias|89\/100|[from] item: Leftovers\n|-damage|p1a: Manectric|17\/100 psn|[from] psn\n|upkeep\n|turn|18\n|\n|move|p1a: Manectric|Hidden Power|p2a: Latias\n|-supereffective|p2a: Latias\n|-damage|p2a: Latias|73\/100\n|move|p2a: Latias|Psyshock|p1a: Manectric\n|-damage|p1a: Manectric|0 fnt\n|faint|p1a: Manectric\n|\n|-heal|p2a: Latias|79\/100|[from] item: Leftovers\n|upkeep\n|\n|switch|p1a: Tapu Koko|Tapu Koko|76\/100 psn\n|-fieldstart|move: Electric Terrain|[from] ability: Electric Surge|[of] p1a: Tapu Koko\n|turn|19\n|\n|move|p1a: Tapu Koko|U-turn|p2a: Latias\n|-supereffective|p2a: Latias\n|-damage|p2a: Latias|37\/100\n|\n|switch|p1a: Rotom|Rotom-Wash|100\/100|[from]move: U-turn\n|move|p2a: Latias|Psyshock|p1a: Rotom\n|-damage|p1a: Rotom|64\/100\n|\n|-heal|p2a: Latias|43\/100|[from] item: Leftovers\n|-sideend|p1: Tonico|move: Light Screen\n|upkeep\n|turn|20\n|\n|move|p2a: Latias|Roost|p2a: Latias\n|-heal|p2a: Latias|94\/100\n|-singleturn|p2a: Latias|move: Roost\n|move|p1a: Rotom|Volt Switch|p2a: Latias\n|-resisted|p2a: Latias\n|-damage|p2a: Latias|89\/100\n|\n|switch|p1a: Tapu Koko|Tapu Koko|76\/100 psn|[from]move: Volt Switch\n|\n|-heal|p2a: Latias|95\/100|[from] item: Leftovers\n|-damage|p1a: Tapu Koko|64\/100 psn|[from] psn\n|-sideend|p1: Tonico|Reflect\n|upkeep\n|turn|21\n|\n|move|p1a: Tapu Koko|U-turn|p2a: Latias\n|-supereffective|p2a: Latias\n|-damage|p2a: Latias|54\/100\n|\n|switch|p1a: Rotom|Rotom-Wash|64\/100|[from]move: U-turn\n|move|p2a: Latias|Psyshock|p1a: Rotom\n|-damage|p1a: Rotom|0 fnt\n|faint|p1a: Rotom\n|\n|-heal|p2a: Latias|60\/100|[from] item: Leftovers\n|upkeep\n|\n|switch|p1a: Tapu Koko|Tapu Koko|64\/100 psn\n|turn|22\n|\n|move|p1a: Tapu Koko|U-turn|p2a: Latias\n|-supereffective|p2a: Latias\n|-damage|p2a: Latias|21\/100\n|move|p2a: Latias|Psyshock|p1a: Tapu Koko\n|-damage|p1a: Tapu Koko|0 fnt\n|faint|p1a: Tapu Koko\n|\n|win|Walletinspector62\n|c|\u2606Tonico|gg\n|c|\u2606Walletinspector62|Gg\n","uploadtime":1567863395,"views":9,"p1id":"tonico","p2id":"walletinspector62","formatid":"gen7ou","rating":0,"private":0,"password":null}