{"id":"gen7ou-1538833497","p1":"LoseToPU?","p2":"SkipTheDripBayless","format":"gen7ou","log":"|j|\u2606LoseToPU?\n|j|\u2606SkipTheDripBayless\n|inactive|Battle timer is ON: inactive players will automatically lose when time's up.\n|t:|1648248828\n|gametype|singles\n|player|p1|LoseToPU?|giovanni-gen1|\n|player|p2|SkipTheDripBayless|psychic-gen3rs|\n|teamsize|p1|6\n|teamsize|p2|6\n|gen|7\n|tier|[Gen 7] OU\n|rated|Tournament battle\n|rule|Sleep Clause Mod: Limit one foe put to sleep\n|rule|Species Clause: Limit one of each Pok\u00e9mon\n|rule|OHKO Clause: OHKO moves are banned\n|rule|Moody Clause: Moody is banned\n|rule|Evasion Moves Clause: Evasion moves are banned\n|rule|Endless Battle Clause: Forcing endless battles is banned\n|rule|HP Percentage Mod: HP is shown in percentages\n|clearpoke\n|poke|p1|Greninja, F|item\n|poke|p1|Hawlucha, M|item\n|poke|p1|Kommo-o, M|item\n|poke|p1|Tapu Lele|item\n|poke|p1|Victini|item\n|poke|p1|Gyarados, F|item\n|poke|p2|Sableye, M|item\n|poke|p2|Weavile, F|item\n|poke|p2|Skarmory, M|item\n|poke|p2|Chansey, F|item\n|poke|p2|Amoonguss, M|item\n|poke|p2|Quagsire, F|item\n|teampreview\n|j| Chimeling\n|j| CashMoneyCrawdaunt\n|c|\u2606SkipTheDripBayless|hf\n|j| edrala\n|j| K01A!!!\n|j| yb is BETTER\n|l| K01A!!!\n|inactive|LoseToPU? has 120 seconds left.\n|c| CashMoneyCrawdaunt|ah shit\n|c| yb is BETTER|bro lmfao\n|c| CashMoneyCrawdaunt|abr is this you\n|c| CashMoneyCrawdaunt|lmao\n|inactive|LoseToPU? has 90 seconds left.\n|c|\u2606SkipTheDripBayless|hye\n|c|\u2606SkipTheDripBayless|ur making the tour\n|c|\u2606SkipTheDripBayless|take 3 hours\n|c|\u2606SkipTheDripBayless|bro\n|c|\u2606SkipTheDripBayless|click\n|j| yaboiAshK.\n|c|\u2606LoseToPU?|I thought u liked 7\n|inactive|LoseToPU? has 60 seconds left.\n|c|\u2606SkipTheDripBayless|i luv 7\n|c|\u2606LoseToPU?|coulda had a cool finals\n|c|\u2606SkipTheDripBayless|bro\n|c|\u2606SkipTheDripBayless|this isnt cool\n|j| RedDiamond1024\n|c|\u2606SkipTheDripBayless|u get to break my team\n|c|\u2606SkipTheDripBayless|go ahead and lead lele\n|c|\u2606SkipTheDripBayless|king\n|\n|t:|1648248949\n|start\n|switch|p1a: Greninja|Greninja, F|100\/100\n|switch|p2a: Sableye|Sableye, M|100\/100\n|turn|1\n|c|\u2606LoseToPU?|sorry ur bf got mopped :\/\n|\n|t:|1648248957\n|detailschange|p2a: Sableye|Sableye-Mega, M\n|-mega|p2a: Sableye|Sableye|Sablenite\n|move|p1a: Greninja|Ice Beam|p2a: Sableye\n|-start|p1a: Greninja|typechange|Ice|[from] ability: Protean\n|-damage|p2a: Sableye|69\/100\n|-status|p2a: Sableye|frz\n|cant|p2a: Sableye|frz\n|\n|upkeep\n|turn|2\n|c| yaboiAshK.|a physical fire and grass type is needed for the culture\n|\n|t:|1648248968\n|move|p1a: Greninja|Ice Beam|p2a: Sableye\n|-damage|p2a: Sableye|40\/100 frz\n|-curestatus|p2a: Sableye|frz|[msg]\n|move|p2a: Sableye|Recover|p2a: Sableye\n|-heal|p2a: Sableye|90\/100\n|\n|upkeep\n|turn|3\n|c|\u2606SkipTheDripBayless|this will be a cool finals\n|\n|t:|1648248976\n|move|p1a: Greninja|Ice Beam|p2a: Sableye\n|-damage|p2a: Sableye|58\/100\n|move|p2a: Sableye|Toxic|p1a: Greninja\n|-status|p1a: Greninja|tox\n|\n|-damage|p1a: Greninja|95\/100 tox|[from] psn\n|upkeep\n|turn|4\n|\n|t:|1648248978\n|move|p1a: Greninja|Ice Beam|p2a: Sableye\n|-damage|p2a: Sableye|29\/100\n|move|p2a: Sableye|Recover|p2a: Sableye\n|-heal|p2a: Sableye|79\/100\n|\n|-damage|p1a: Greninja|83\/100 tox|[from] psn\n|upkeep\n|turn|5\n|\n|t:|1648248980\n|move|p1a: Greninja|Ice Beam|p2a: Sableye\n|-damage|p2a: Sableye|48\/100\n|move|p2a: Sableye|Recover|p2a: Sableye\n|-heal|p2a: Sableye|98\/100\n|\n|-damage|p1a: Greninja|65\/100 tox|[from] psn\n|upkeep\n|turn|6\n|\n|t:|1648248983\n|move|p1a: Greninja|Ice Beam|p2a: Sableye\n|-damage|p2a: Sableye|69\/100\n|move|p2a: Sableye|Recover|p2a: Sableye\n|-heal|p2a: Sableye|100\/100\n|\n|-damage|p1a: Greninja|41\/100 tox|[from] psn\n|upkeep\n|turn|7\n|\n|t:|1648248985\n|move|p1a: Greninja|Ice Beam|p2a: Sableye\n|-damage|p2a: Sableye|70\/100\n|-status|p2a: Sableye|frz\n|cant|p2a: Sableye|frz\n|\n|-damage|p1a: Greninja|11\/100 tox|[from] psn\n|upkeep\n|turn|8\n|\n|t:|1648248988\n|move|p1a: Greninja|Ice Beam|p2a: Sableye\n|-damage|p2a: Sableye|41\/100 frz\n|cant|p2a: Sableye|frz\n|\n|-damage|p1a: Greninja|0 fnt|[from] psn\n|faint|p1a: Greninja\n|upkeep\n|c|\u2606SkipTheDripBayless|i got u\n|c|\u2606SkipTheDripBayless|go lele\n|inactive|LoseToPU? has 120 seconds left.\n|\n|t:|1648249020\n|switch|p1a: Tapu Lele|Tapu Lele|100\/100\n|-fieldstart|move: Psychic Terrain|[from] ability: Psychic Surge|[of] p1a: Tapu Lele\n|turn|9\n|c|\u2606SkipTheDripBayless|okay\n|c| CashMoneyCrawdaunt|lele does hit a devious lick on this team\n|c|\u2606SkipTheDripBayless|now clikc psyshock\n|\n|t:|1648249038\n|switch|p2a: Chansey|Chansey, F|100\/100\n|move|p1a: Tapu Lele|Moonblast|p2a: Chansey\n|-damage|p2a: Chansey|86\/100\n|-unboost|p2a: Chansey|spa|1\n|\n|upkeep\n|turn|10\n|j| Beedril Eilish\n|\n|t:|1648249045\n|move|p1a: Tapu Lele|Taunt|p2a: Chansey\n|-start|p2a: Chansey|move: Taunt\n|cant|p2a: Chansey|move: Taunt|Stealth Rock\n|\n|upkeep\n|turn|11\n|j| Emehtzz\n|\n|t:|1648249051\n|move|p1a: Tapu Lele|Focus Blast|p2a: Chansey\n|-supereffective|p2a: Chansey\n|-damage|p2a: Chansey|61\/100\n|move|p2a: Chansey|Seismic Toss|p1a: Tapu Lele\n|-damage|p1a: Tapu Lele|65\/100\n|\n|upkeep\n|turn|12\n|\n|t:|1648249059\n|switch|p2a: Sableye|Sableye-Mega, M|41\/100 frz\n|move|p1a: Tapu Lele|Focus Blast|p2a: Sableye\n|-immune|p2a: Sableye\n|\n|upkeep\n|turn|13\n|\n|t:|1648249066\n|switch|p1a: Hawlucha|Hawlucha, M, shiny|100\/100\n|-enditem|p1a: Hawlucha|Psychic Seed\n|-boost|p1a: Hawlucha|spd|1|[from] item: Psychic Seed\n|cant|p2a: Sableye|frz\n|\n|upkeep\n|turn|14\n|\n|t:|1648249069\n|switch|p2a: Quagsire|Quagsire, F|100\/100\n|move|p1a: Hawlucha|Acrobatics|p2a: Quagsire\n|-damage|p2a: Quagsire|65\/100\n|\n|-heal|p2a: Quagsire|72\/100|[from] item: Leftovers\n|upkeep\n|turn|15\n|j| bazinga brazy\n|\n|t:|1648249080\n|move|p1a: Hawlucha|High Jump Kick|p2a: Quagsire\n|-damage|p2a: Quagsire|30\/100\n|move|p2a: Quagsire|Recover|p2a: Quagsire\n|-heal|p2a: Quagsire|80\/100\n|\n|-heal|p2a: Quagsire|86\/100|[from] item: Leftovers\n|upkeep\n|turn|16\n|l| RedDiamond1024\n|\n|t:|1648249084\n|move|p1a: Hawlucha|Substitute|p1a: Hawlucha\n|-start|p1a: Hawlucha|Substitute\n|-damage|p1a: Hawlucha|76\/100\n|move|p2a: Quagsire|Recover|p2a: Quagsire\n|-heal|p2a: Quagsire|100\/100\n|\n|-fieldend|move: Psychic Terrain\n|upkeep\n|turn|17\n|\n|t:|1648249086\n|move|p1a: Hawlucha|High Jump Kick|p2a: Quagsire|[miss]\n|-miss|p1a: Hawlucha|p2a: Quagsire\n|-damage|p1a: Hawlucha|26\/100|[from] highjumpkick\n|move|p2a: Quagsire|Curse|p2a: Quagsire\n|-unboost|p2a: Quagsire|spe|1\n|-boost|p2a: Quagsire|atk|1\n|-boost|p2a: Quagsire|def|1\n|\n|upkeep\n|turn|18\n|\n|t:|1648249091\n|switch|p1a: Tapu Lele|Tapu Lele|65\/100\n|-fieldstart|move: Psychic Terrain|[from] ability: Psychic Surge|[of] p1a: Tapu Lele\n|move|p2a: Quagsire|Scald|p1a: Tapu Lele\n|-damage|p1a: Tapu Lele|47\/100\n|\n|upkeep\n|turn|19\n|c| CashMoneyCrawdaunt|oh brother\n|\n|t:|1648249116\n|switch|p2a: Sableye|Sableye-Mega, M|41\/100 frz\n|move|p1a: Tapu Lele|Moonblast|p2a: Sableye\n|-supereffective|p2a: Sableye\n|-damage|p2a: Sableye|0 fnt\n|faint|p2a: Sableye\n|\n|upkeep\n|\n|t:|1648249118\n|switch|p2a: Weavile|Weavile, F|100\/100\n|-ability|p2a: Weavile|Pressure\n|turn|20\n|c|\u2606LoseToPU?|mans swore taunt\n|c|\u2606SkipTheDripBayless|ye\n|\n|t:|1648249130\n|move|p2a: Weavile|Icicle Crash|p1a: Tapu Lele\n|-damage|p1a: Tapu Lele|0 fnt\n|faint|p1a: Tapu Lele\n|\n|upkeep\n|c|\u2606SkipTheDripBayless|wasnt a sack\n|c|\u2606SkipTheDripBayless|i needed my frozen sab\n|c|\u2606SkipTheDripBayless|:(\n|\n|t:|1648249143\n|switch|p1a: Victini|Victini|100\/100\n|turn|21\n|c|\u2606LoseToPU?|ive been freezing that lead mu\n|\n|t:|1648249153\n|switch|p2a: Chansey|Chansey, F|61\/100\n|-zpower|p1a: Victini\n|move|p1a: Victini|Z-Celebrate|p1a: Victini|[anim]Celebrate\n|-boost|p1a: Victini|atk|1|[zeffect]\n|-boost|p1a: Victini|def|1|[zeffect]\n|-boost|p1a: Victini|spa|1|[zeffect]\n|-boost|p1a: Victini|spd|1|[zeffect]\n|-boost|p1a: Victini|spe|1|[zeffect]\n|-activate|p1a: Victini|move: Celebrate\n|\n|upkeep\n|turn|22\n|c|\u2606LoseToPU?|for years\n|\n|t:|1648249157\n|move|p1a: Victini|Stored Power|p2a: Chansey\n|-damage|p2a: Chansey|25\/100\n|move|p2a: Chansey|Soft-Boiled|p2a: Chansey\n|-heal|p2a: Chansey|75\/100\n|\n|upkeep\n|turn|23\n|\n|t:|1648249160\n|move|p1a: Victini|Focus Blast|p2a: Chansey\n|-supereffective|p2a: Chansey\n|-damage|p2a: Chansey|42\/100\n|move|p2a: Chansey|Soft-Boiled|p2a: Chansey\n|-heal|p2a: Chansey|93\/100\n|\n|upkeep\n|turn|24\n|\n|t:|1648249164\n|switch|p1a: Gyarados|Gyarados, F, shiny|100\/100\n|-ability|p1a: Gyarados|Intimidate|boost\n|-unboost|p2a: Chansey|atk|1\n|move|p2a: Chansey|Soft-Boiled|p2a: Chansey\n|-heal|p2a: Chansey|100\/100\n|\n|upkeep\n|turn|25\n|\n|t:|1648249173\n|switch|p2a: Amoonguss|Amoonguss, M|100\/100\n|detailschange|p1a: Gyarados|Gyarados-Mega, F, shiny\n|-mega|p1a: Gyarados|Gyarados|Gyaradosite\n|-ability|p1a: Gyarados|Mold Breaker\n|move|p1a: Gyarados|Taunt|p2a: Amoonguss\n|-start|p2a: Amoonguss|move: Taunt\n|\n|-fieldend|move: Psychic Terrain\n|upkeep\n|turn|26\n|\n|t:|1648249180\n|switch|p1a: Hawlucha|Hawlucha, M, shiny|26\/100\n|move|p2a: Amoonguss|Giga Drain|p1a: Hawlucha\n|-resisted|p1a: Hawlucha\n|-damage|p1a: Hawlucha|10\/100\n|\n|upkeep\n|turn|27\n|\n|t:|1648249186\n|switch|p2a: Skarmory|Skarmory, M|100\/100\n|move|p1a: Hawlucha|High Jump Kick|p2a: Skarmory\n|-damage|p2a: Skarmory|64\/100\n|\n|upkeep\n|turn|28\n|\n|t:|1648249197\n|move|p1a: Hawlucha|Swords Dance|p1a: Hawlucha\n|-boost|p1a: Hawlucha|atk|2\n|move|p2a: Skarmory|Brave Bird|p1a: Hawlucha\n|-supereffective|p1a: Hawlucha\n|-damage|p1a: Hawlucha|0 fnt\n|faint|p1a: Hawlucha\n|-damage|p2a: Skarmory|61\/100|[from] Recoil\n|\n|upkeep\n|\n|t:|1648249200\n|switch|p1a: Victini|Victini|100\/100\n|turn|29\n|\n|t:|1648249211\n|switch|p1a: Gyarados|Gyarados-Mega, F, shiny|100\/100\n|-ability|p1a: Gyarados|Mold Breaker\n|switch|p2a: Chansey|Chansey, F|100\/100\n|\n|upkeep\n|turn|30\n|\n|t:|1648249217\n|move|p1a: Gyarados|Dragon Dance|p1a: Gyarados\n|-boost|p1a: Gyarados|atk|1\n|-boost|p1a: Gyarados|spe|1\n|move|p2a: Chansey|Seismic Toss|p1a: Gyarados\n|-damage|p1a: Gyarados|70\/100\n|\n|upkeep\n|turn|31\n|\n|t:|1648249223\n|move|p1a: Gyarados|Waterfall|p2a: Chansey\n|-damage|p2a: Chansey|53\/100\n|move|p2a: Chansey|Seismic Toss|p1a: Gyarados\n|-damage|p1a: Gyarados|40\/100\n|\n|upkeep\n|turn|32\n|\n|t:|1648249229\n|switch|p2a: Skarmory|Skarmory, M|61\/100\n|move|p1a: Gyarados|Crunch|p2a: Skarmory\n|-damage|p2a: Skarmory|19\/100\n|\n|upkeep\n|turn|33\n|\n|t:|1648249231\n|move|p1a: Gyarados|Crunch|p2a: Skarmory\n|-damage|p2a: Skarmory|0 fnt\n|faint|p2a: Skarmory\n|\n|upkeep\n|\n|t:|1648249233\n|switch|p2a: Amoonguss|Amoonguss, M|100\/100\n|turn|34\n|j| prof darkness\n|\n|t:|1648249237\n|move|p1a: Gyarados|Crunch|p2a: Amoonguss\n|-damage|p2a: Amoonguss|50\/100\n|-unboost|p2a: Amoonguss|def|1\n|move|p2a: Amoonguss|Giga Drain|p1a: Gyarados\n|-supereffective|p1a: Gyarados\n|-damage|p1a: Gyarados|1\/100\n|-heal|p2a: Amoonguss|65\/100|[from] drain|[of] p1a: Gyarados\n|\n|-heal|p2a: Amoonguss|72\/100|[from] item: Black Sludge\n|upkeep\n|turn|35\n|\n|t:|1648249242\n|move|p1a: Gyarados|Crunch|p2a: Amoonguss\n|-damage|p2a: Amoonguss|0 fnt\n|faint|p2a: Amoonguss\n|\n|upkeep\n|\n|t:|1648249245\n|switch|p2a: Weavile|Weavile, F|100\/100\n|-ability|p2a: Weavile|Pressure\n|turn|36\n|\n|t:|1648249254\n|move|p1a: Gyarados|Waterfall|p2a: Weavile\n|-damage|p2a: Weavile|0 fnt\n|faint|p2a: Weavile\n|\n|upkeep\n|\n|t:|1648249257\n|switch|p2a: Quagsire|Quagsire, F|100\/100\n|turn|37\n|\n|t:|1648249260\n|move|p1a: Gyarados|Waterfall|p2a: Quagsire\n|-damage|p2a: Quagsire|51\/100\n|move|p2a: Quagsire|Earthquake|p1a: Gyarados\n|-damage|p1a: Gyarados|0 fnt\n|faint|p1a: Gyarados\n|\n|-heal|p2a: Quagsire|57\/100|[from] item: Leftovers\n|upkeep\n|j| marcokb24\n|\n|t:|1648249267\n|switch|p1a: Kommo-o|Kommo-o, M|100\/100\n|turn|38\n|\n|t:|1648249275\n|move|p1a: Kommo-o|Drain Punch|p2a: Quagsire\n|-damage|p2a: Quagsire|35\/100\n|move|p2a: Quagsire|Recover|p2a: Quagsire\n|-heal|p2a: Quagsire|85\/100\n|\n|-heal|p2a: Quagsire|91\/100|[from] item: Leftovers\n|upkeep\n|turn|39\n|c|\u2606SkipTheDripBayless|gg\n|c|\u2606SkipTheDripBayless|fren\n|c| CashMoneyCrawdaunt|yup\n|l| yaboiAshK.\n|inactive|LoseToPU? has 120 seconds left.\n|l| yb is BETTER\n|\n|t:|1648249324\n|switch|p1a: Victini|Victini|100\/100\n|move|p2a: Quagsire|Curse|p2a: Quagsire\n|-unboost|p2a: Quagsire|spe|1\n|-boost|p2a: Quagsire|atk|1\n|-boost|p2a: Quagsire|def|1\n|\n|-heal|p2a: Quagsire|97\/100|[from] item: Leftovers\n|upkeep\n|turn|40\n|\n|t:|1648249329\n|move|p1a: Victini|Focus Blast|p2a: Quagsire\n|-damage|p2a: Quagsire|54\/100\n|move|p2a: Quagsire|Earthquake|p1a: Victini\n|-supereffective|p1a: Victini\n|-damage|p1a: Victini|10\/100\n|\n|-heal|p2a: Quagsire|60\/100|[from] item: Leftovers\n|upkeep\n|turn|41\n|\n|t:|1648249335\n|move|p1a: Victini|Focus Blast|p2a: Quagsire\n|-damage|p2a: Quagsire|17\/100\n|move|p2a: Quagsire|Recover|p2a: Quagsire\n|-heal|p2a: Quagsire|67\/100\n|\n|-heal|p2a: Quagsire|73\/100|[from] item: Leftovers\n|upkeep\n|turn|42\n|\n|t:|1648249340\n|move|p1a: Victini|Focus Blast|p2a: Quagsire\n|-damage|p2a: Quagsire|30\/100\n|move|p2a: Quagsire|Recover|p2a: Quagsire\n|-heal|p2a: Quagsire|80\/100\n|\n|-heal|p2a: Quagsire|86\/100|[from] item: Leftovers\n|upkeep\n|turn|43\n|\n|t:|1648249342\n|move|p1a: Victini|Searing Shot|p2a: Quagsire\n|-resisted|p2a: Quagsire\n|-damage|p2a: Quagsire|60\/100\n|move|p2a: Quagsire|Earthquake|p1a: Victini\n|-supereffective|p1a: Victini\n|-damage|p1a: Victini|0 fnt\n|faint|p1a: Victini\n|\n|-heal|p2a: Quagsire|66\/100|[from] item: Leftovers\n|upkeep\n|\n|t:|1648249344\n|switch|p1a: Kommo-o|Kommo-o, M|100\/100\n|turn|44\n|\n|t:|1648249347\n|move|p1a: Kommo-o|Belly Drum|p1a: Kommo-o\n|-damage|p1a: Kommo-o|50\/100\n|-setboost|p1a: Kommo-o|atk|6|[from] move: Belly Drum\n|move|p2a: Quagsire|Curse|p2a: Quagsire\n|-unboost|p2a: Quagsire|spe|1\n|-boost|p2a: Quagsire|atk|1\n|-boost|p2a: Quagsire|def|1\n|\n|-heal|p2a: Quagsire|72\/100|[from] item: Leftovers\n|upkeep\n|turn|45\n|\n|t:|1648249350\n|move|p1a: Kommo-o|Drain Punch|p2a: Quagsire\n|-damage|p2a: Quagsire|61\/100\n|-heal|p1a: Kommo-o|58\/100|[from] drain|[of] p2a: Quagsire\n|move|p2a: Quagsire|Earthquake|p1a: Kommo-o\n|-damage|p1a: Kommo-o|0 fnt\n|faint|p1a: Kommo-o\n|\n|win|SkipTheDripBayless\n|n|\u2606LoseToPU?|losetopu\n|n|\u2606SkipTheDripBayless|skipthedripbayless\n|n| Chimeling|chimeling\n|n| CashMoneyCrawdaunt|cashmoneycrawdaunt\n|n| edrala|edrala\n|n| Beedril Eilish|beedrileilish\n|n| Emehtzz|emehtzz\n|n| bazinga brazy|bazingabrazy\n|n| prof darkness|profdarkness\n|n| marcokb24|marcokb24\n","uploadtime":1648249351,"views":6,"p1id":"losetopu","p2id":"skipthedripbayless","formatid":"gen7ou","rating":0,"private":0,"password":null}