{"id":"gen7ou-1351694777","p1":"RTSG tests","p2":"HawkOp2099","format":"gen7ou","log":"|j|\u2606RTSG tests\n|j|\u2606HawkOp2099\n|t:|1622625907\n|gametype|singles\n|player|p1|RTSG tests|birdkeeper|\n|player|p2|HawkOp2099|red|\n|teamsize|p1|6\n|teamsize|p2|6\n|gen|7\n|tier|[Gen 7] OU\n|rated|Tournament battle\n|rule|Sleep Clause Mod: Limit one foe put to sleep\n|rule|Species Clause: Limit one of each Pok\u00e9mon\n|rule|OHKO Clause: OHKO moves are banned\n|rule|Moody Clause: Moody is banned\n|rule|Evasion Moves Clause: Evasion moves are banned\n|rule|Endless Battle Clause: Forcing endless battles is banned\n|rule|HP Percentage Mod: HP is shown in percentages\n|clearpoke\n|poke|p1|Excadrill, M|item\n|poke|p1|Sceptile, M|item\n|poke|p1|Feraligatr, M|item\n|poke|p1|Infernape, M|item\n|poke|p1|Salamence, M|item\n|poke|p1|Zeraora|item\n|poke|p2|Pelipper, F|item\n|poke|p2|Swampert, M|item\n|poke|p2|Greninja, M|item\n|poke|p2|Tornadus-Therian, M|\n|poke|p2|Tapu Koko|item\n|poke|p2|Ferrothorn, F|item\n|teampreview\n|\n|t:|1622625913\n|start\n|switch|p1a: Ozil|Zeraora|100\/100\n|switch|p2a: Pelipper|Pelipper, F|100\/100\n|-weather|RainDance|[from] ability: Drizzle|[of] p2a: Pelipper\n|turn|1\n|inactive|Battle timer is ON: inactive players will automatically lose when time's up. (requested by RTSG tests)\n|\n|t:|1622625919\n|switch|p2a: Swampert|Swampert, M|100\/100\n|move|p1a: Ozil|Focus Blast|p2a: Swampert\n|-damage|p2a: Swampert|40\/100\n|\n|-weather|RainDance|[upkeep]\n|upkeep\n|turn|2\n|\n|t:|1622625929\n|switch|p1a: Pires|Feraligatr, M|100\/100\n|detailschange|p2a: Swampert|Swampert-Mega, M\n|-mega|p2a: Swampert|Swampert|Swampertite\n|move|p2a: Swampert|Waterfall|p1a: Pires\n|-resisted|p1a: Pires\n|-damage|p1a: Pires|68\/100\n|\n|-weather|RainDance|[upkeep]\n|upkeep\n|turn|3\n|j| Coolcodename\n|c| Coolcodename|hf\n|\n|t:|1622625948\n|switch|p2a: Ferrothorn|Ferrothorn, F|100\/100\n|move|p1a: Pires|Liquidation|p2a: Ferrothorn\n|-resisted|p2a: Ferrothorn\n|-damage|p2a: Ferrothorn|58\/100\n|-damage|p1a: Pires|55\/100|[from] ability: Iron Barbs|[of] p2a: Ferrothorn\n|\n|-weather|RainDance|[upkeep]\n|-heal|p2a: Ferrothorn|65\/100|[from] item: Leftovers\n|upkeep\n|turn|4\n|\n|t:|1622625956\n|switch|p1a: Toyota|Excadrill, M|100\/100\n|-ability|p1a: Toyota|Mold Breaker\n|move|p2a: Ferrothorn|Leech Seed|p1a: Toyota\n|-start|p1a: Toyota|move: Leech Seed\n|\n|-weather|RainDance|[upkeep]\n|-heal|p2a: Ferrothorn|71\/100|[from] item: Leftovers\n|-damage|p1a: Toyota|88\/100|[from] Leech Seed|[of] p2a: Ferrothorn\n|-heal|p2a: Ferrothorn|84\/100|[silent]\n|upkeep\n|turn|5\n|\n|t:|1622625961\n|move|p1a: Toyota|Stealth Rock|p2a: Ferrothorn\n|-sidestart|p2: HawkOp2099|move: Stealth Rock\n|move|p2a: Ferrothorn|Stealth Rock|p1a: Toyota\n|-sidestart|p1: RTSG tests|move: Stealth Rock\n|\n|-weather|RainDance|[upkeep]\n|-heal|p2a: Ferrothorn|90\/100|[from] item: Leftovers\n|-damage|p1a: Toyota|76\/100|[from] Leech Seed|[of] p2a: Ferrothorn\n|-heal|p2a: Ferrothorn|100\/100|[silent]\n|upkeep\n|turn|6\n|\n|t:|1622625965\n|move|p1a: Toyota|Earthquake|p2a: Ferrothorn\n|-damage|p2a: Ferrothorn|60\/100\n|move|p2a: Ferrothorn|Power Whip|p1a: Toyota\n|-damage|p1a: Toyota|20\/100\n|\n|-weather|RainDance|[upkeep]\n|-heal|p2a: Ferrothorn|66\/100|[from] item: Leftovers\n|-damage|p1a: Toyota|7\/100|[from] Leech Seed|[of] p2a: Ferrothorn\n|-heal|p2a: Ferrothorn|79\/100|[silent]\n|upkeep\n|turn|7\n|\n|t:|1622625968\n|move|p1a: Toyota|Rapid Spin|p2a: Ferrothorn\n|-resisted|p2a: Ferrothorn\n|-damage|p2a: Ferrothorn|77\/100\n|-damage|p1a: Toyota|0 fnt|[from] ability: Iron Barbs|[of] p2a: Ferrothorn\n|faint|p1a: Toyota\n|move|p2a: Ferrothorn|Power Whip|p1: Toyota|[notarget]\n|-fail|p2a: Ferrothorn\n|\n|-weather|RainDance|[upkeep]\n|-heal|p2a: Ferrothorn|83\/100|[from] item: Leftovers\n|upkeep\n|\n|t:|1622625971\n|switch|p1a: Henry|Salamence, M|100\/100\n|-damage|p1a: Henry|76\/100|[from] Stealth Rock\n|turn|8\n|\n|t:|1622625974\n|move|p1a: Henry|Substitute|p1a: Henry\n|-start|p1a: Henry|Substitute\n|-damage|p1a: Henry|51\/100\n|move|p2a: Ferrothorn|Leech Seed||[still]\n|-fail|p2a: Ferrothorn\n|\n|-weather|none\n|-heal|p2a: Ferrothorn|89\/100|[from] item: Leftovers\n|upkeep\n|turn|9\n|\n|t:|1622625977\n|move|p1a: Henry|Dragon Dance|p1a: Henry\n|-boost|p1a: Henry|atk|1\n|-boost|p1a: Henry|spe|1\n|move|p2a: Ferrothorn|Power Whip|p1a: Henry\n|-resisted|p1a: Henry\n|-activate|p1a: Henry|move: Substitute|[damage]\n|\n|-heal|p2a: Ferrothorn|95\/100|[from] item: Leftovers\n|upkeep\n|turn|10\n|\n|t:|1622625980\n|move|p1a: Henry|Dragon Dance|p1a: Henry\n|-boost|p1a: Henry|atk|1\n|-boost|p1a: Henry|spe|1\n|move|p2a: Ferrothorn|Power Whip|p1a: Henry|[miss]\n|-miss|p2a: Ferrothorn|p1a: Henry\n|\n|-heal|p2a: Ferrothorn|100\/100|[from] item: Leftovers\n|upkeep\n|turn|11\n|\n|t:|1622625985\n|switch|p2a: Pelipper|Pelipper, F|100\/100\n|-damage|p2a: Pelipper|76\/100|[from] Stealth Rock\n|-weather|RainDance|[from] ability: Drizzle|[of] p2a: Pelipper\n|-zpower|p1a: Henry\n|move|p1a: Henry|Supersonic Skystrike|p2a: Pelipper|[zeffect]\n|-damage|p2a: Pelipper|0 fnt\n|faint|p2a: Pelipper\n|-ability|p1a: Henry|Moxie|boost\n|-boost|p1a: Henry|atk|1\n|\n|-weather|RainDance|[upkeep]\n|upkeep\n|\n|t:|1622625989\n|switch|p2a: Tapu Koko|Tapu Koko|100\/100\n|-damage|p2a: Tapu Koko|88\/100|[from] Stealth Rock\n|-fieldstart|move: Electric Terrain|[from] ability: Electric Surge|[of] p2a: Tapu Koko\n|turn|12\n|\n|t:|1622625992\n|move|p1a: Henry|Earthquake|p2a: Tapu Koko\n|-supereffective|p2a: Tapu Koko\n|-damage|p2a: Tapu Koko|0 fnt\n|faint|p2a: Tapu Koko\n|-ability|p1a: Henry|Moxie|boost\n|-boost|p1a: Henry|atk|1\n|\n|-weather|RainDance|[upkeep]\n|upkeep\n|\n|t:|1622625995\n|switch|p2a: Greninja|Greninja, M|100\/100\n|-damage|p2a: Greninja|88\/100|[from] Stealth Rock\n|turn|13\n|\n|t:|1622626000\n|move|p1a: Henry|Earthquake|p2a: Greninja\n|-damage|p2a: Greninja|0 fnt\n|faint|p2a: Greninja\n|-ability|p1a: Henry|Moxie|boost\n|-boost|p1a: Henry|atk|1\n|\n|-weather|RainDance|[upkeep]\n|upkeep\n|\n|t:|1622626006\n|switch|p2a: Tornadus|Tornadus-Therian, M|100\/100\n|-damage|p2a: Tornadus|75\/100|[from] Stealth Rock\n|turn|14\n|\n|t:|1622626008\n|move|p1a: Henry|Fly||[still]\n|-prepare|p1a: Henry|Fly\n|move|p2a: Tornadus|Hurricane|p1a: Henry\n|-end|p1a: Henry|Substitute\n|\n|-weather|RainDance|[upkeep]\n|upkeep\n|turn|15\n|\n|t:|1622626014\n|move|p1a: Henry|Fly|p2a: Tornadus|[from]lockedmove\n|-damage|p2a: Tornadus|0 fnt\n|faint|p2a: Tornadus\n|-ability|p1a: Henry|Moxie|boost\n|-boost|p1a: Henry|atk|1\n|\n|-weather|RainDance|[upkeep]\n|upkeep\n|\n|t:|1622626017\n|switch|p2a: Swampert|Swampert-Mega, M|40\/100\n|-damage|p2a: Swampert|33\/100|[from] Stealth Rock\n|turn|16\n|\n|t:|1622626019\n|move|p1a: Henry|Earthquake|p2a: Swampert\n|-damage|p2a: Swampert|0 fnt\n|faint|p2a: Swampert\n|\n|-weather|RainDance|[upkeep]\n|-fieldend|move: Electric Terrain\n|upkeep\n|-message|HawkOp2099 forfeited.\n|\n|win|RTSG tests\n|n|\u2606RTSG tests|rtsgtests\n|n|\u2606HawkOp2099|hawkop2099\n|n| Coolcodename|coolcodename\n","uploadtime":1622626024,"views":20,"p1id":"rtsgtests","p2id":"hawkop2099","formatid":"gen7ou","rating":0,"private":0,"password":null}