{"id":"gen7ou-882860085","p1":"HQSFun","p2":"yucudo","format":"gen7ou","log":"|j|\u2606HQSFun\n|j|\u2606yucudo\n|player|p1|HQSFun|260\n|player|p2|yucudo|1\n|teamsize|p1|6\n|teamsize|p2|6\n|gametype|singles\n|gen|7\n|tier|[Gen 7] OU\n|rated|\n|rule|Sleep Clause Mod: Limit one foe put to sleep\n|rule|Species Clause: Limit one of each Pok\u00e9mon\n|rule|OHKO Clause: OHKO moves are banned\n|rule|Moody Clause: Moody is banned\n|rule|Evasion Moves Clause: Evasion moves are banned\n|rule|Endless Battle Clause: Forcing endless battles is banned\n|rule|HP Percentage Mod: HP is shown in percentages\n|clearpoke\n|poke|p1|Jirachi|item\n|poke|p1|Tapu Fini|item\n|poke|p1|Landorus-Therian, M|item\n|poke|p1|Charizard, F|item\n|poke|p1|Magearna|item\n|poke|p1|Greninja, M|item\n|poke|p2|Hydreigon, F|item\n|poke|p2|Rotom-Wash|item\n|poke|p2|Heatran, M|item\n|poke|p2|Clefable, M|item\n|poke|p2|Landorus-Therian, M|item\n|poke|p2|Mawile, F|item\n|teampreview\n|inactive|Battle timer is ON: inactive players will automatically lose when time's up. (requested by HQSFun)\n|\n|start\n|switch|p1a: Landorus|Landorus-Therian, M|100\/100\n|switch|p2a: Clefable|Clefable, M|100\/100\n|-ability|p1a: Landorus|Intimidate|boost\n|-unboost|p2a: Clefable|atk|1\n|turn|1\n|\n|move|p1a: Landorus|Earthquake|p2a: Clefable\n|-damage|p2a: Clefable|59\/100\n|move|p2a: Clefable|Stealth Rock|p1a: Landorus\n|-sidestart|p1: HQSFun|move: Stealth Rock\n|\n|-heal|p2a: Clefable|65\/100|[from] item: Leftovers\n|upkeep\n|turn|2\n|\n|move|p1a: Landorus|Stealth Rock|p2a: Clefable\n|-sidestart|p2: yucudo|move: Stealth Rock\n|move|p2a: Clefable|Soft-Boiled|p2a: Clefable\n|-heal|p2a: Clefable|100\/100\n|\n|upkeep\n|turn|3\n|\n|switch|p1a: Jirachi|Jirachi|100\/100\n|-damage|p1a: Jirachi|94\/100|[from] Stealth Rock\n|switch|p2a: Rotom|Rotom-Wash|100\/100\n|-damage|p2a: Rotom|88\/100|[from] Stealth Rock\n|\n|-heal|p2a: Rotom|94\/100|[from] item: Leftovers\n|upkeep\n|turn|4\n|\n|move|p1a: Jirachi|U-turn|p2a: Rotom\n|-damage|p2a: Rotom|74\/100\n|\n|switch|p1a: Landorus|Landorus-Therian, M|100\/100\n|-damage|p1a: Landorus|88\/100|[from] Stealth Rock\n|-ability|p1a: Landorus|Intimidate|boost\n|-unboost|p2a: Rotom|atk|1\n|move|p2a: Rotom|Volt Switch|p1a: Landorus\n|-immune|p1a: Landorus\n|\n|-heal|p2a: Rotom|80\/100|[from] item: Leftovers\n|upkeep\n|turn|5\n|\n|switch|p2a: Landorus|Landorus-Therian, M|100\/100\n|-damage|p2a: Landorus|88\/100|[from] Stealth Rock\n|-ability|p2a: Landorus|Intimidate|boost\n|-unboost|p1a: Landorus|atk|1\n|move|p1a: Landorus|U-turn|p2a: Landorus\n|-resisted|p2a: Landorus\n|-damage|p2a: Landorus|79\/100\n|\n|switch|p1a: Tapu Fini|Tapu Fini|100\/100\n|-damage|p1a: Tapu Fini|88\/100|[from] Stealth Rock\n|-fieldstart|move: Misty Terrain|[from] ability: Misty Surge|[of] p1a: Tapu Fini\n|\n|-heal|p1a: Tapu Fini|94\/100|[from] item: Leftovers\n|upkeep\n|turn|6\n|\n|move|p2a: Landorus|U-turn|p1a: Tapu Fini\n|-resisted|p1a: Tapu Fini\n|-damage|p1a: Tapu Fini|84\/100\n|\n|switch|p2a: Rotom|Rotom-Wash|80\/100\n|-damage|p2a: Rotom|68\/100|[from] Stealth Rock\n|move|p1a: Tapu Fini|Defog|p2a: Rotom\n|-unboost|p2a: Rotom|evasion|1\n|-sideend|p2: yucudo|Stealth Rock|[from] move: Defog|[of] p1a: Tapu Fini\n|-sideend|p1: HQSFun|Stealth Rock|[from] move: Defog|[of] p1a: Tapu Fini\n|\n|-heal|p1a: Tapu Fini|90\/100|[from] item: Leftovers\n|-heal|p2a: Rotom|74\/100|[from] item: Leftovers\n|upkeep\n|turn|7\n|\n|switch|p1a: Jirachi|Jirachi|94\/100\n|move|p2a: Rotom|Pain Split|p1a: Jirachi\n|-sethp|p1a: Jirachi|78\/100|p2a: Rotom|94\/100|[from] move: Pain Split\n|\n|-heal|p2a: Rotom|99\/100|[from] item: Leftovers\n|upkeep\n|turn|8\n|\n|move|p1a: Jirachi|U-turn|p2a: Rotom\n|-damage|p2a: Rotom|81\/100\n|\n|switch|p1a: Landorus|Landorus-Therian, M|88\/100\n|-ability|p1a: Landorus|Intimidate|boost\n|-unboost|p2a: Rotom|atk|1\n|move|p2a: Rotom|Hydro Pump|p1a: Landorus|[miss]\n|-miss|p2a: Rotom|p1a: Landorus\n|\n|-heal|p2a: Rotom|87\/100|[from] item: Leftovers\n|upkeep\n|turn|9\n|\n|move|p1a: Landorus|U-turn|p2a: Rotom\n|-damage|p2a: Rotom|56\/100\n|\n|switch|p1a: Jirachi|Jirachi|78\/100\n|move|p2a: Rotom|Hydro Pump|p1a: Jirachi\n|-damage|p1a: Jirachi|40\/100\n|\n|-heal|p2a: Rotom|63\/100|[from] item: Leftovers\n|-fieldend|Misty Terrain\n|upkeep\n|turn|10\n|\n|switch|p2a: Clefable|Clefable, M|100\/100\n|move|p1a: Jirachi|Trick|p2a: Clefable\n|-activate|p1a: Jirachi|move: Trick|[of] p2a: Clefable\n|-item|p2a: Clefable|Choice Scarf|[from] move: Trick\n|-item|p1a: Jirachi|Leftovers|[from] move: Trick\n|\n|-heal|p1a: Jirachi|46\/100|[from] item: Leftovers\n|upkeep\n|turn|11\n|\n|move|p1a: Jirachi|Iron Head|p2a: Clefable\n|-supereffective|p2a: Clefable\n|-damage|p2a: Clefable|56\/100\n|move|p2a: Clefable|Stealth Rock|p1a: Jirachi\n|-sidestart|p1: HQSFun|move: Stealth Rock\n|\n|-heal|p1a: Jirachi|52\/100|[from] item: Leftovers\n|upkeep\n|turn|12\n|\n|switch|p1a: Tapu Fini|Tapu Fini|90\/100\n|-damage|p1a: Tapu Fini|77\/100|[from] Stealth Rock\n|-fieldstart|move: Misty Terrain|[from] ability: Misty Surge|[of] p1a: Tapu Fini\n|switch|p2a: Heatran|Heatran, M|100\/100\n|\n|-heal|p1a: Tapu Fini|84\/100|[from] item: Leftovers\n|upkeep\n|turn|13\n|\n|move|p1a: Tapu Fini|Defog|p2a: Heatran\n|-unboost|p2a: Heatran|evasion|1\n|-sideend|p1: HQSFun|Stealth Rock|[from] move: Defog|[of] p1a: Tapu Fini\n|move|p2a: Heatran|Taunt|p1a: Tapu Fini\n|-start|p1a: Tapu Fini|move: Taunt\n|\n|-heal|p1a: Tapu Fini|90\/100|[from] item: Leftovers\n|upkeep\n|turn|14\n|\n|switch|p2a: Mawile|Mawile, F|100\/100\n|-ability|p2a: Mawile|Intimidate|boost\n|-unboost|p1a: Tapu Fini|atk|1\n|move|p1a: Tapu Fini|Scald|p2a: Mawile\n|-damage|p2a: Mawile|50\/100\n|\n|-heal|p1a: Tapu Fini|96\/100|[from] item: Leftovers\n|upkeep\n|turn|15\n|\n|switch|p1a: Landorus|Landorus-Therian, M|88\/100\n|-ability|p1a: Landorus|Intimidate|boost\n|-unboost|p2a: Mawile|atk|1\n|detailschange|p2a: Mawile|Mawile-Mega, F\n|-mega|p2a: Mawile|Mawile|Mawilite\n|move|p2a: Mawile|Knock Off|p1a: Landorus\n|-damage|p1a: Landorus|43\/100\n|-enditem|p1a: Landorus|Yache Berry|[from] move: Knock Off|[of] p2a: Mawile\n|\n|upkeep\n|turn|16\n|\n|switch|p2a: Hydreigon|Hydreigon, F|100\/100\n|move|p1a: Landorus|U-turn|p2a: Hydreigon\n|-supereffective|p2a: Hydreigon\n|-damage|p2a: Hydreigon|42\/100\n|\n|switch|p1a: Tapu Fini|Tapu Fini|96\/100\n|\n|-heal|p1a: Tapu Fini|100\/100|[from] item: Leftovers\n|-fieldend|Misty Terrain\n|upkeep\n|turn|17\n|\n|switch|p2a: Rotom|Rotom-Wash|63\/100\n|switch|p1a: Landorus|Landorus-Therian, M|43\/100\n|-ability|p1a: Landorus|Intimidate|boost\n|-unboost|p2a: Rotom|atk|1\n|\n|-heal|p2a: Rotom|69\/100|[from] item: Leftovers\n|upkeep\n|turn|18\n|\n|move|p1a: Landorus|U-turn|p2a: Rotom\n|-damage|p2a: Rotom|39\/100\n|\n|switch|p1a: Jirachi|Jirachi|52\/100\n|move|p2a: Rotom|Volt Switch|p1a: Jirachi\n|-damage|p1a: Jirachi|30\/100\n|\n|switch|p2a: Heatran|Heatran, M|100\/100\n|\n|-heal|p1a: Jirachi|37\/100|[from] item: Leftovers\n|upkeep\n|turn|19\n|\n|switch|p1a: Tapu Fini|Tapu Fini|100\/100\n|-fieldstart|move: Misty Terrain|[from] ability: Misty Surge|[of] p1a: Tapu Fini\n|switch|p2a: Rotom|Rotom-Wash|39\/100\n|\n|-heal|p2a: Rotom|46\/100|[from] item: Leftovers\n|upkeep\n|turn|20\n|\n|switch|p1a: Jirachi|Jirachi|37\/100\n|move|p2a: Rotom|Hydro Pump|p1a: Jirachi\n|-damage|p1a: Jirachi|1\/100\n|\n|-heal|p1a: Jirachi|8\/100|[from] item: Leftovers\n|-heal|p2a: Rotom|52\/100|[from] item: Leftovers\n|upkeep\n|turn|21\n|\n|switch|p1a: Landorus|Landorus-Therian, M|43\/100\n|-ability|p1a: Landorus|Intimidate|boost\n|-unboost|p2a: Rotom|atk|1\n|move|p2a: Rotom|Pain Split|p1a: Landorus\n|-sethp|p1a: Landorus|44\/100|p2a: Rotom|50\/100|[from] move: Pain Split\n|\n|-heal|p2a: Rotom|56\/100|[from] item: Leftovers\n|upkeep\n|turn|22\n|inactive|yucudo has 120 seconds left.\n|\n|switch|p2a: Clefable|Clefable, M|56\/100\n|move|p1a: Landorus|Stone Edge|p2a: Clefable\n|-damage|p2a: Clefable|26\/100\n|\n|upkeep\n|turn|23\n|inactive|yucudo has 120 seconds left.\n|\n|switch|p2a: Landorus|Landorus-Therian, M|79\/100\n|-ability|p2a: Landorus|Intimidate|boost\n|-unboost|p1a: Landorus|atk|1\n|move|p1a: Landorus|Earthquake|p2a: Landorus\n|-immune|p2a: Landorus\n|\n|-fieldend|Misty Terrain\n|upkeep\n|turn|24\n|inactive|yucudo has 120 seconds left.\n|\n|move|p2a: Landorus|U-turn|p1a: Landorus\n|-resisted|p1a: Landorus\n|-damage|p1a: Landorus|31\/100\n|\n|switch|p2a: Rotom|Rotom-Wash|56\/100\n|move|p1a: Landorus|U-turn|p2a: Rotom\n|-damage|p2a: Rotom|38\/100\n|\n|switch|p1a: Greninja|Greninja, M|100\/100\n|\n|-heal|p2a: Rotom|44\/100|[from] item: Leftovers\n|upkeep\n|turn|25\n|\n|switch|p2a: Landorus|Landorus-Therian, M|79\/100\n|-ability|p2a: Landorus|Intimidate|boost\n|-unboost|p1a: Greninja|atk|1\n|move|p1a: Greninja|Dark Pulse|p2a: Landorus\n|-damage|p2a: Landorus|16\/100\n|\n|upkeep\n|turn|26\n|\n|switch|p1a: Landorus|Landorus-Therian, M|31\/100\n|-ability|p1a: Landorus|Intimidate|boost\n|-unboost|p2a: Landorus|atk|1\n|move|p2a: Landorus|U-turn|p1a: Landorus\n|-resisted|p1a: Landorus\n|-damage|p1a: Landorus|23\/100\n|\n|switch|p2a: Hydreigon|Hydreigon, F|42\/100\n|\n|upkeep\n|turn|27\n|\n|switch|p2a: Rotom|Rotom-Wash|44\/100\n|switch|p1a: Tapu Fini|Tapu Fini|100\/100\n|-fieldstart|move: Misty Terrain|[from] ability: Misty Surge|[of] p1a: Tapu Fini\n|\n|-heal|p2a: Rotom|50\/100|[from] item: Leftovers\n|upkeep\n|turn|28\n|\n|switch|p1a: Landorus|Landorus-Therian, M|23\/100\n|-ability|p1a: Landorus|Intimidate|boost\n|-unboost|p2a: Rotom|atk|1\n|move|p2a: Rotom|Volt Switch|p1a: Landorus\n|-immune|p1a: Landorus\n|\n|-heal|p2a: Rotom|56\/100|[from] item: Leftovers\n|upkeep\n|turn|29\n|\n|move|p1a: Landorus|Stone Edge|p2a: Rotom\n|-crit|p2a: Rotom\n|-damage|p2a: Rotom|0 fnt\n|faint|p2a: Rotom\n|\n|upkeep\n|-message|yucudo forfeited.\n|\n|win|HQSFun\n|l|\u2606yucudo\n","uploadtime":1553702495,"views":2,"p1id":"hqsfun","p2id":"yucudo","formatid":"gen7ou","rating":0,"private":0,"password":null}