{"id":"gen7ou-1701122691","p1":"slobadd","p2":"why addicted","format":"gen7ou","log":"|j|\u2606slobadd\n|j|\u2606why addicted\n|t:|1667414053\n|gametype|singles\n|player|p1|slobadd|firebreather|1681\n|player|p2|why addicted|1|1775\n|teamsize|p1|6\n|teamsize|p2|6\n|gen|7\n|tier|[Gen 7] OU\n|rated|\n|rule|Sleep Clause Mod: Limit one foe put to sleep\n|rule|Species Clause: Limit one of each Pok\u00e9mon\n|rule|OHKO Clause: OHKO moves are banned\n|rule|Moody Clause: Moody is banned\n|rule|Evasion Items Clause: Evasion items are banned\n|rule|Evasion Moves Clause: Evasion moves are banned\n|rule|Endless Battle Clause: Forcing endless battles is banned\n|rule|HP Percentage Mod: HP is shown in percentages\n|clearpoke\n|poke|p1|Ditto|item\n|poke|p1|Tapu Lele|item\n|poke|p1|Chansey, F|item\n|poke|p1|Victini|item\n|poke|p1|Nidoking, M|item\n|poke|p1|Alakazam, M|item\n|poke|p2|Excadrill, F|item\n|poke|p2|Seismitoad, M|item\n|poke|p2|Scizor, M|item\n|poke|p2|Gengar, M|item\n|poke|p2|Zapdos|item\n|poke|p2|Tyranitar, F|item\n|teampreview\n|\n|t:|1667414076\n|start\n|switch|p1a: Chansey|Chansey, F|100\/100\n|switch|p2a: Gengar|Gengar, M|100\/100\n|turn|1\n|\n|t:|1667414084\n|switch|p1a: Victini|Victini|100\/100\n|move|p2a: Gengar|Trick|p1a: Victini\n|-activate|p2a: Gengar|move: Trick|[of] p1a: Victini\n|-item|p1a: Victini|Choice Specs|[from] move: Trick\n|-item|p2a: Gengar|Choice Band|[from] move: Trick\n|\n|upkeep\n|turn|2\n|\n|t:|1667414095\n|move|p2a: Gengar|Shadow Ball|p1a: Victini\n|-supereffective|p1a: Victini\n|-damage|p1a: Victini|13\/100\n|move|p1a: Victini|U-turn|p2a: Gengar\n|-resisted|p2a: Gengar\n|-damage|p2a: Gengar|91\/100\n|-start|p1a: Victini|Disable|U-turn|[from] ability: Cursed Body|[of] p2a: Gengar\n|\n|t:|1667414099\n|switch|p1a: Alakazam|Alakazam, M|100\/100|[from]move: U-turn\n|\n|upkeep\n|turn|3\n|\n|t:|1667414108\n|switch|p2a: Tyranitar|Tyranitar, F|100\/100\n|-weather|Sandstorm|[from] ability: Sand Stream|[of] p2a: Tyranitar\n|detailschange|p1a: Alakazam|Alakazam-Mega, M\n|-mega|p1a: Alakazam|Alakazam|Alakazite\n|-ability|p1a: Alakazam|Sand Stream|[from] ability: Trace|[of] p2a: Tyranitar\n|move|p1a: Alakazam|Psyshock|p2a: Tyranitar\n|-immune|p2a: Tyranitar\n|\n|-weather|Sandstorm|[upkeep]\n|-damage|p1a: Alakazam|95\/100|[from] Sandstorm\n|upkeep\n|turn|4\n|\n|t:|1667414112\n|switch|p2a: Scizor|Scizor, M|100\/100\n|move|p1a: Alakazam|Focus Blast|p2a: Scizor\n|-damage|p2a: Scizor|56\/100\n|\n|-weather|Sandstorm|[upkeep]\n|-damage|p1a: Alakazam|89\/100|[from] Sandstorm\n|upkeep\n|turn|5\n|\n|t:|1667414119\n|switch|p1a: Nidoking|Nidoking, M|100\/100\n|detailschange|p2a: Scizor|Scizor-Mega, M\n|-mega|p2a: Scizor|Scizor|Scizorite\n|move|p2a: Scizor|Roost|p2a: Scizor\n|-heal|p2a: Scizor|100\/100\n|-singleturn|p2a: Scizor|move: Roost\n|\n|-weather|Sandstorm|[upkeep]\n|upkeep\n|turn|6\n|\n|t:|1667414125\n|switch|p2a: Seismitoad|Seismitoad, M|100\/100\n|move|p1a: Nidoking|Flamethrower|p2a: Seismitoad\n|-resisted|p2a: Seismitoad\n|-damage|p2a: Seismitoad|86\/100\n|\n|-weather|Sandstorm|[upkeep]\n|-heal|p2a: Seismitoad|93\/100|[from] item: Leftovers\n|upkeep\n|turn|7\n|\n|t:|1667414129\n|switch|p1a: Tapu Lele|Tapu Lele|100\/100\n|-fieldstart|move: Psychic Terrain|[from] ability: Psychic Surge|[of] p1a: Tapu Lele\n|move|p2a: Seismitoad|Scald|p1a: Tapu Lele\n|-damage|p1a: Tapu Lele|72\/100\n|\n|-weather|none\n|-heal|p2a: Seismitoad|99\/100|[from] item: Leftovers\n|upkeep\n|turn|8\n|\n|t:|1667414133\n|move|p1a: Tapu Lele|Energy Ball|p2a: Seismitoad\n|-supereffective|p2a: Seismitoad\n|-damage|p2a: Seismitoad|6\/100\n|-unboost|p2a: Seismitoad|spd|1\n|move|p2a: Seismitoad|Stealth Rock|p1a: Tapu Lele\n|-sidestart|p1: slobadd|move: Stealth Rock\n|\n|-heal|p2a: Seismitoad|12\/100|[from] item: Leftovers\n|upkeep\n|turn|9\n|\n|t:|1667414140\n|switch|p2a: Zapdos|Zapdos|100\/100\n|move|p1a: Tapu Lele|Energy Ball|p2a: Zapdos\n|-resisted|p2a: Zapdos\n|-damage|p2a: Zapdos|82\/100\n|-unboost|p2a: Zapdos|spd|1\n|\n|-heal|p2a: Zapdos|88\/100|[from] item: Leftovers\n|upkeep\n|turn|10\n|\n|t:|1667414144\n|switch|p1a: Chansey|Chansey, F|100\/100\n|-damage|p1a: Chansey|88\/100|[from] Stealth Rock\n|move|p2a: Zapdos|Volt Switch|p1a: Chansey\n|-damage|p1a: Chansey|79\/100\n|\n|t:|1667414154\n|switch|p2a: Excadrill|Excadrill, F|100\/100|[from]move: Volt Switch\n|\n|upkeep\n|turn|11\n|\n|t:|1667414158\n|move|p2a: Excadrill|Swords Dance|p2a: Excadrill\n|-boost|p2a: Excadrill|atk|2\n|move|p1a: Chansey|Counter||[still]\n|-fail|p1a: Chansey\n|\n|-fieldend|move: Psychic Terrain\n|upkeep\n|turn|12\n|\n|t:|1667414168\n|-zpower|p2a: Excadrill\n|move|p2a: Excadrill|Corkscrew Crash|p1a: Chansey|[zeffect]\n|-damage|p1a: Chansey|0 fnt\n|faint|p1a: Chansey\n|\n|upkeep\n|\n|t:|1667414170\n|switch|p1a: MEGA DITTO|Ditto, shiny|100\/100\n|-damage|p1a: MEGA DITTO|88\/100|[from] Stealth Rock\n|-transform|p1a: MEGA DITTO|p2a: Excadrill|[from] ability: Imposter\n|turn|13\n|\n|t:|1667414174\n|switch|p2a: Gengar|Gengar, M|91\/100\n|move|p1a: MEGA DITTO|Iron Head|p2a: Gengar\n|-damage|p2a: Gengar|0 fnt\n|faint|p2a: Gengar\n|\n|upkeep\n|\n|t:|1667414182\n|switch|p2a: Zapdos|Zapdos|88\/100\n|turn|14\n|\n|t:|1667414185\n|move|p1a: MEGA DITTO|Iron Head|p2a: Zapdos\n|-resisted|p2a: Zapdos\n|-damage|p2a: Zapdos|40\/100\n|cant|p2a: Zapdos|flinch\n|\n|-heal|p2a: Zapdos|46\/100|[from] item: Leftovers\n|upkeep\n|turn|15\n|\n|t:|1667414191\n|move|p1a: MEGA DITTO|Iron Head|p2a: Zapdos\n|-resisted|p2a: Zapdos\n|-damage|p2a: Zapdos|4\/100\n|move|p2a: Zapdos|Roost|p2a: Zapdos\n|-heal|p2a: Zapdos|54\/100\n|-singleturn|p2a: Zapdos|move: Roost\n|\n|-heal|p2a: Zapdos|60\/100|[from] item: Leftovers\n|upkeep\n|turn|16\n|\n|t:|1667414195\n|move|p1a: MEGA DITTO|Iron Head|p2a: Zapdos\n|-resisted|p2a: Zapdos\n|-damage|p2a: Zapdos|16\/100\n|-status|p1a: MEGA DITTO|par|[from] ability: Static|[of] p2a: Zapdos\n|move|p2a: Zapdos|Roost|p2a: Zapdos\n|-heal|p2a: Zapdos|66\/100\n|-singleturn|p2a: Zapdos|move: Roost\n|\n|-heal|p2a: Zapdos|72\/100|[from] item: Leftovers\n|upkeep\n|turn|17\n|-message|slobadd forfeited.\n|\n|win|why addicted\n|raw|slobadd's rating: 1681 &rarr; <strong>1666<\/strong><br \/>(-15 for losing)\n|raw|why addicted's rating: 1775 &rarr; <strong>1790<\/strong><br \/>(+15 for winning)\n|l|\u2606slobadd\n||Ladder isn't responding, score probably updated but might not have (Request timeout).\n","uploadtime":1667414255,"views":15,"p1id":"slobadd","p2id":"whyaddicted","formatid":"gen7ou","rating":1666,"private":0,"password":null}