{"id":"gen7ou-847334654","p1":"uuuuiiii","p2":"ICKitsune","format":"gen7ou","log":"|j|\u2606uuuuiiii\n|j|\u2606ICKitsune\n|player|p1|uuuuiiii|102\n|player|p2|ICKitsune|#zinnia\n|teamsize|p1|6\n|teamsize|p2|6\n|gametype|singles\n|gen|7\n|tier|[Gen 7] OU\n|rated|\n|rule|Sleep Clause Mod: Limit one foe put to sleep\n|rule|Species Clause: Limit one of each Pok\u00e9mon\n|rule|OHKO Clause: OHKO moves are banned\n|rule|Moody Clause: Moody is banned\n|rule|Evasion Moves Clause: Evasion moves are banned\n|rule|Endless Battle Clause: Forcing endless battles is banned\n|rule|HP Percentage Mod: HP is shown in percentages\n|clearpoke\n|poke|p1|Landorus-Therian, M|item\n|poke|p1|Amoonguss, M|item\n|poke|p1|Charizard, M|item\n|poke|p1|Klefki, M|item\n|poke|p1|Greninja, M|item\n|poke|p1|Conkeldurr, M|item\n|poke|p2|Magearna|item\n|poke|p2|Greninja, M|item\n|poke|p2|Landorus-Therian, M|item\n|poke|p2|Tangrowth, F|item\n|poke|p2|Heatran, F|item\n|poke|p2|Alakazam, M|item\n|teampreview\n|\n|start\n|switch|p1a: Greninja|Greninja, M|100\/100\n|switch|p2a: Heatran|Heatran, F|100\/100\n|turn|1\n|\n|move|p1a: Greninja|Low Kick|p2a: Heatran\n|-start|p1a: Greninja|typechange|Fighting|[from] Protean\n|-supereffective|p2a: Heatran\n|-damage|p2a: Heatran|21\/100\n|move|p2a: Heatran|Stealth Rock|p1a: Greninja\n|-sidestart|p1: uuuuiiii|move: Stealth Rock\n|\n|-heal|p2a: Heatran|27\/100|[from] item: Leftovers\n|upkeep\n|turn|2\n|\n|switch|p1a: Landorus|Landorus-Therian, M|100\/100\n|-damage|p1a: Landorus|88\/100|[from] Stealth Rock\n|-ability|p1a: Landorus|Intimidate|boost\n|-unboost|p2a: Heatran|atk|1\n|switch|p2a: Tangrowth|Tangrowth, F|100\/100\n|\n|upkeep\n|turn|3\n|\n|move|p1a: Landorus|Swords Dance|p1a: Landorus\n|-boost|p1a: Landorus|atk|2\n|move|p2a: Tangrowth|Knock Off|p1a: Landorus\n|-damage|p1a: Landorus|71\/100\n|\n|upkeep\n|turn|4\n|\n|switch|p2a: Heatran|Heatran, F|27\/100\n|move|p1a: Landorus|Stealth Rock|p2a: Heatran\n|-sidestart|p2: ICKitsune|move: Stealth Rock\n|\n|-heal|p2a: Heatran|34\/100|[from] item: Leftovers\n|upkeep\n|turn|5\n|\n|switch|p2a: Landorus|Landorus-Therian, M|100\/100\n|-damage|p2a: Landorus|88\/100|[from] Stealth Rock\n|-ability|p2a: Landorus|Intimidate|boost\n|-unboost|p1a: Landorus|atk|1\n|move|p1a: Landorus|Earthquake|p2a: Landorus\n|-immune|p2a: Landorus\n|\n|upkeep\n|turn|6\n|\n|move|p2a: Landorus|U-turn|p1a: Landorus\n|-resisted|p1a: Landorus\n|-damage|p1a: Landorus|59\/100\n|\n|switch|p2a: Heatran|Heatran, F|34\/100\n|-damage|p2a: Heatran|21\/100|[from] Stealth Rock\n|move|p1a: Landorus|Swords Dance|p1a: Landorus\n|-boost|p1a: Landorus|atk|2\n|\n|-heal|p2a: Heatran|27\/100|[from] item: Leftovers\n|upkeep\n|turn|7\n|\n|move|p1a: Landorus|Stone Edge|p2a: Heatran\n|-damage|p2a: Heatran|0 fnt\n|faint|p2a: Heatran\n|\n|upkeep\n|\n|switch|p2a: Greninja|Greninja, M|100\/100\n|-damage|p2a: Greninja|88\/100|[from] Stealth Rock\n|turn|8\n|\n|switch|p1a: Klefki|Klefki, M, shiny|100\/100\n|-damage|p1a: Klefki|95\/100|[from] Stealth Rock\n|move|p2a: Greninja|Hydro Pump|p1a: Klefki|[miss]\n|-miss|p2a: Greninja|p1a: Klefki\n|\n|upkeep\n|turn|9\n|\n|switch|p1a: Amoonguss|Amoonguss, M|100\/100\n|-damage|p1a: Amoonguss|88\/100|[from] Stealth Rock\n|move|p2a: Greninja|Hydro Pump|p1a: Amoonguss\n|-resisted|p1a: Amoonguss\n|-damage|p1a: Amoonguss|69\/100\n|\n|upkeep\n|turn|10\n|\n|switch|p2a: Tangrowth|Tangrowth, F|100\/100\n|-damage|p2a: Tangrowth|88\/100|[from] Stealth Rock\n|switch|p1a: Klefki|Klefki, M, shiny|95\/100\n|-damage|p1a: Klefki|89\/100|[from] Stealth Rock\n|\n|upkeep\n|turn|11\n|\n|move|p1a: Klefki|Defog|p2a: Tangrowth\n|-unboost|p2a: Tangrowth|evasion|1\n|-sideend|p2: ICKitsune|Stealth Rock|[from] move: Defog|[of] p1a: Klefki\n|-sideend|p1: uuuuiiii|Stealth Rock|[from] move: Defog|[of] p1a: Klefki\n|move|p2a: Tangrowth|Knock Off|p1a: Klefki\n|-resisted|p1a: Klefki\n|-damage|p1a: Klefki|80\/100\n|-enditem|p1a: Klefki|Lagging Tail|[from] move: Knock Off|[of] p2a: Tangrowth\n|\n|upkeep\n|turn|12\n|\n|move|p1a: Klefki|Thunder Wave|p2a: Tangrowth\n|-status|p2a: Tangrowth|par\n|move|p2a: Tangrowth|Earthquake|p1a: Klefki\n|-supereffective|p1a: Klefki\n|-damage|p1a: Klefki|45\/100\n|\n|upkeep\n|turn|13\n|\n|switch|p1a: Charizard|Charizard, M|100\/100\n|switch|p2a: Greninja|Greninja, M|88\/100\n|\n|upkeep\n|turn|14\n|\n|detailschange|p1a: Charizard|Charizard-Mega-Y, M\n|-mega|p1a: Charizard|Charizard|Charizardite Y\n|-weather|SunnyDay|[from] ability: Drought|[of] p1a: Charizard\n|move|p2a: Greninja|Hydro Pump|p1a: Charizard|[miss]\n|-miss|p2a: Greninja|p1a: Charizard\n|move|p1a: Charizard|Solar Beam||[still]\n|-prepare|p1a: Charizard|Solar Beam|p2a: Greninja\n|-anim|p1a: Charizard|Solar Beam|p2a: Greninja\n|-supereffective|p2a: Greninja\n|-damage|p2a: Greninja|0 fnt\n|faint|p2a: Greninja\n|\n|-weather|SunnyDay|[upkeep]\n|upkeep\n|\n|switch|p2a: Landorus|Landorus-Therian, M|88\/100\n|-ability|p2a: Landorus|Intimidate|boost\n|-unboost|p1a: Charizard|atk|1\n|turn|15\n|\n|switch|p1a: Landorus|Landorus-Therian, M|59\/100\n|-ability|p1a: Landorus|Intimidate|boost\n|-unboost|p2a: Landorus|atk|1\n|move|p2a: Landorus|U-turn|p1a: Landorus\n|-resisted|p1a: Landorus\n|-damage|p1a: Landorus|50\/100\n|\n|switch|p2a: Alakazam|Alakazam, M|100\/100\n|\n|-weather|SunnyDay|[upkeep]\n|upkeep\n|turn|16\n|\n|switch|p1a: Greninja|Greninja, M|100\/100\n|move|p2a: Alakazam|Psychic|p1a: Greninja\n|-immune|p1a: Greninja\n|\n|-weather|SunnyDay|[upkeep]\n|upkeep\n|turn|17\n|\n|switch|p2a: Tangrowth|Tangrowth, F|100\/100 par\n|move|p1a: Greninja|U-turn|p2a: Tangrowth\n|-start|p1a: Greninja|typechange|Bug|[from] Protean\n|-supereffective|p2a: Tangrowth\n|-damage|p2a: Tangrowth|63\/100 par\n|\n|switch|p1a: Charizard|Charizard-Mega-Y, M|100\/100\n|\n|-weather|SunnyDay|[upkeep]\n|upkeep\n|turn|18\n|\n|move|p1a: Charizard|Fire Blast|p2a: Tangrowth\n|-supereffective|p2a: Tangrowth\n|-damage|p2a: Tangrowth|0 fnt\n|faint|p2a: Tangrowth\n|\n|-weather|none\n|upkeep\n|\n|switch|p2a: Magearna|Magearna|100\/100\n|turn|19\n|\n|move|p1a: Charizard|Fire Blast|p2a: Magearna\n|-supereffective|p2a: Magearna\n|-damage|p2a: Magearna|0 fnt\n|faint|p2a: Magearna\n|\n|upkeep\n|\n|switch|p2a: Alakazam|Alakazam, M|100\/100\n|turn|20\n|\n|switch|p1a: Klefki|Klefki, M, shiny|45\/100\n|move|p2a: Alakazam|Psychic|p1a: Klefki\n|-resisted|p1a: Klefki\n|-damage|p1a: Klefki|15\/100\n|\n|upkeep\n|turn|21\n|\n|switch|p2a: Landorus|Landorus-Therian, M|88\/100\n|-ability|p2a: Landorus|Intimidate|boost\n|-unboost|p1a: Klefki|atk|1\n|move|p1a: Klefki|Switcheroo|p2a: Landorus\n|-activate|p1a: Klefki|move: Trick|[of] p2a: Landorus\n|-enditem|p2a: Landorus|Choice Scarf|[silent]|[from] move: Switcheroo\n|-item|p1a: Klefki|Choice Scarf|[from] move: Switcheroo\n|\n|upkeep\n|turn|22\n|\n|switch|p1a: Landorus|Landorus-Therian, M|50\/100\n|-ability|p1a: Landorus|Intimidate|boost\n|-unboost|p2a: Landorus|atk|1\n|move|p2a: Landorus|Earthquake|p1a: Landorus\n|-immune|p1a: Landorus\n|\n|upkeep\n|turn|23\n|\n|switch|p1a: Greninja|Greninja, M|100\/100\n|move|p2a: Landorus|U-turn|p1a: Greninja\n|-supereffective|p1a: Greninja\n|-damage|p1a: Greninja|39\/100\n|\n|switch|p2a: Alakazam|Alakazam, M|100\/100\n|\n|upkeep\n|turn|24\n|\n|move|p1a: Greninja|U-turn|p2a: Alakazam\n|-start|p1a: Greninja|typechange|Bug|[from] Protean\n|-supereffective|p2a: Alakazam\n|-damage|p2a: Alakazam|0 fnt\n|faint|p2a: Alakazam\n|l|\u2606ICKitsune\n|player|p2|\n|\n|switch|p1a: Charizard|Charizard-Mega-Y, M|100\/100\n|-weather|SunnyDay|[from] ability: Drought|[of] p1a: Charizard\n|\n|-weather|SunnyDay|[upkeep]\n|upkeep\n|inactive|Battle timer is ON: inactive players will automatically lose when time's up. (requested by uuuuiiii)\n|inactive|ICKitsune has 60 seconds to reconnect!\n|inactive|ICKitsune has 30 seconds to reconnect!\n|inactive|ICKitsune has 20 seconds to reconnect!\n|inactive|ICKitsune has 15 seconds to reconnect!\n|inactive|ICKitsune has 10 seconds to reconnect!\n|inactive|ICKitsune has 5 seconds to reconnect!\n|-message|ICKitsune lost due to inactivity.\n|\n|win|uuuuiiii\n|raw|uuuuiiii's rating: 1588 &rarr; <strong>1604<\/strong><br \/>(+16 for winning)\n|raw|ICKitsune's rating: 1520 &rarr; <strong>1504<\/strong><br \/>(-16 for losing)\n","uploadtime":1547203432,"views":4,"p1id":"uuuuiiii","p2id":"ickitsune","formatid":"gen7ou","rating":1504,"private":0,"password":null}