{"id":"gen7ou-838834172","p1":"nabil.k","p2":"Jakkkkkka","format":"gen7ou","log":"|j|\u2606nabil.k\n|j|\u2606Jakkkkkka\n|player|p1|nabil.k|209\n|player|p2|Jakkkkkka|137\n|teamsize|p1|6\n|teamsize|p2|6\n|gametype|singles\n|gen|7\n|tier|[Gen 7] OU\n|rated|\n|html|<div class=\"broadcast-green\"><strong>OU is currently suspecting Zygarde! For information on how to participate check out the <a href=\"https:\/\/www.smogon.com\/forums\/threads\/3645049\/\">suspect thread<\/a>.<\/strong><\/div>\n|rule|Sleep Clause Mod: Limit one foe put to sleep\n|rule|Species Clause: Limit one of each Pok\u00e9mon\n|rule|OHKO Clause: OHKO moves are banned\n|rule|Moody Clause: Moody is banned\n|rule|Evasion Moves Clause: Evasion moves are banned\n|rule|Endless Battle Clause: Forcing endless battles is banned\n|rule|HP Percentage Mod: HP is shown in percentages\n|clearpoke\n|poke|p1|Tornadus-Therian, M|item\n|poke|p1|Slowbro, M|item\n|poke|p1|Celesteela|item\n|poke|p1|Excadrill, M|item\n|poke|p1|Medicham, M|item\n|poke|p1|Tyranitar, M|item\n|poke|p2|Tapu Bulu|item\n|poke|p2|Victini|item\n|poke|p2|Tyranitar, F|item\n|poke|p2|Zapdos|item\n|poke|p2|Landorus-Therian, M|item\n|poke|p2|Tornadus-Therian, M|item\n|teampreview\n|inactive|Battle timer is ON: inactive players will automatically lose when time's up. (requested by nabil.k)\n|\n|start\n|switch|p1a: Medicham|Medicham, M|100\/100\n|switch|p2a: Tapu Bulu|Tapu Bulu|100\/100\n|-fieldstart|move: Grassy Terrain|[from] ability: Grassy Surge|[of] p2a: Tapu Bulu\n|turn|1\n|\n|detailschange|p1a: Medicham|Medicham-Mega, M\n|-mega|p1a: Medicham|Medicham|Medichamite\n|move|p2a: Tapu Bulu|Protect|p2a: Tapu Bulu\n|-singleturn|p2a: Tapu Bulu|Protect\n|move|p1a: Medicham|Fake Out|p2a: Tapu Bulu\n|-activate|p2a: Tapu Bulu|move: Protect\n|\n|upkeep\n|turn|2\n|\n|switch|p1a: Tornadus|Tornadus-Therian, M|100\/100\n|move|p2a: Tapu Bulu|Swords Dance|p2a: Tapu Bulu\n|-boost|p2a: Tapu Bulu|atk|2\n|\n|upkeep\n|turn|3\n|\n|move|p1a: Tornadus|Hurricane|p2a: Tapu Bulu\n|-supereffective|p2a: Tapu Bulu\n|-damage|p2a: Tapu Bulu|41\/100\n|move|p2a: Tapu Bulu|Horn Leech|p1a: Tornadus\n|-resisted|p1a: Tornadus\n|-damage|p1a: Tornadus|45\/100\n|-heal|p2a: Tapu Bulu|70\/100|[from] drain|[of] p1a: Tornadus\n|-damage|p2a: Tapu Bulu|54\/100|[from] item: Rocky Helmet|[of] p1a: Tornadus\n|\n|-heal|p2a: Tapu Bulu|60\/100|[from] item: Leftovers\n|-heal|p2a: Tapu Bulu|66\/100|[from] Grassy Terrain\n|upkeep\n|turn|4\n|\n|switch|p1a: Celesteela|Celesteela|100\/100\n|move|p2a: Tapu Bulu|Protect||[still]\n|-fail|p2a: Tapu Bulu\n|\n|-heal|p2a: Tapu Bulu|72\/100|[from] item: Leftovers\n|-heal|p2a: Tapu Bulu|78\/100|[from] Grassy Terrain\n|upkeep\n|turn|5\n|\n|move|p2a: Tapu Bulu|Horn Leech|p1a: Celesteela\n|-resisted|p1a: Celesteela\n|-damage|p1a: Celesteela|85\/100\n|-heal|p2a: Tapu Bulu|87\/100|[from] drain|[of] p1a: Celesteela\n|move|p1a: Celesteela|Leech Seed|p2a: Tapu Bulu|[miss]\n|-miss|p1a: Celesteela|p2a: Tapu Bulu\n|\n|-heal|p2a: Tapu Bulu|93\/100|[from] item: Leftovers\n|-heal|p2a: Tapu Bulu|99\/100|[from] Grassy Terrain\n|-heal|p1a: Celesteela|91\/100|[from] item: Leftovers\n|-fieldend|move: Grassy Terrain\n|upkeep\n|turn|6\n|\n|move|p2a: Tapu Bulu|Swords Dance|p2a: Tapu Bulu\n|-boost|p2a: Tapu Bulu|atk|2\n|move|p1a: Celesteela|Heavy Slam|p2a: Tapu Bulu\n|-supereffective|p2a: Tapu Bulu\n|-damage|p2a: Tapu Bulu|31\/100\n|\n|-heal|p2a: Tapu Bulu|37\/100|[from] item: Leftovers\n|-heal|p1a: Celesteela|97\/100|[from] item: Leftovers\n|upkeep\n|turn|7\n|\n|move|p2a: Tapu Bulu|Superpower|p1a: Celesteela\n|-damage|p1a: Celesteela|28\/100\n|-unboost|p2a: Tapu Bulu|atk|1\n|-unboost|p2a: Tapu Bulu|def|1\n|move|p1a: Celesteela|Heavy Slam|p2a: Tapu Bulu\n|-supereffective|p2a: Tapu Bulu\n|-damage|p2a: Tapu Bulu|0 fnt\n|faint|p2a: Tapu Bulu\n|-ability|p1a: Celesteela|Beast Boost|boost\n|-boost|p1a: Celesteela|def|1\n|\n|-heal|p1a: Celesteela|34\/100|[from] item: Leftovers\n|upkeep\n|\n|switch|p2a: Victini|Victini|100\/100\n|turn|8\n|\n|move|p1a: Celesteela|Protect|p1a: Celesteela\n|-singleturn|p1a: Celesteela|Protect\n|move|p2a: Victini|V-create|p1a: Celesteela\n|-activate|p1a: Celesteela|move: Protect\n|\n|-heal|p1a: Celesteela|40\/100|[from] item: Leftovers\n|upkeep\n|turn|9\n|\n|switch|p1a: Tyranitar|Tyranitar, M|100\/100\n|-weather|Sandstorm|[from] ability: Sand Stream|[of] p1a: Tyranitar\n|move|p2a: Victini|V-create|p1a: Tyranitar\n|-resisted|p1a: Tyranitar\n|-damage|p1a: Tyranitar|72\/100\n|-unboost|p2a: Victini|spe|1\n|-unboost|p2a: Victini|def|1\n|-unboost|p2a: Victini|spd|1\n|\n|-weather|Sandstorm|[upkeep]\n|-damage|p2a: Victini|94\/100|[from] Sandstorm\n|upkeep\n|turn|10\n|\n|-activate|p2a: Victini|move: Pursuit\n|move|p1a: Tyranitar|Pursuit|p2a: Victini|[from]Pursuit\n|-supereffective|p2a: Victini\n|-damage|p2a: Victini|0 fnt\n|faint|p2a: Victini\n|\n|-weather|Sandstorm|[upkeep]\n|upkeep\n|\n|switch|p2a: Landorus|Landorus-Therian, M|100\/100\n|-ability|p2a: Landorus|Intimidate|boost\n|-unboost|p1a: Tyranitar|atk|1\n|turn|11\n|\n|switch|p1a: Tornadus|Tornadus-Therian, M|78\/100\n|move|p2a: Landorus|Stealth Rock|p1a: Tornadus\n|-sidestart|p1: nabil.k|move: Stealth Rock\n|\n|-weather|Sandstorm|[upkeep]\n|-damage|p1a: Tornadus|72\/100|[from] Sandstorm\n|upkeep\n|turn|12\n|\n|switch|p2a: Zapdos|Zapdos|100\/100\n|move|p1a: Tornadus|U-turn|p2a: Zapdos\n|-resisted|p2a: Zapdos\n|-damage|p2a: Zapdos|95\/100\n|-status|p1a: Tornadus|par|[from] ability: Static|[of] p2a: Zapdos\n|\n|switch|p1a: Tyranitar|Tyranitar, M|72\/100\n|-damage|p1a: Tyranitar|60\/100|[from] Stealth Rock\n|\n|-weather|Sandstorm|[upkeep]\n|-damage|p2a: Zapdos|89\/100|[from] Sandstorm\n|-heal|p2a: Zapdos|95\/100|[from] item: Leftovers\n|upkeep\n|turn|13\n|\n|switch|p2a: Landorus|Landorus-Therian, M|100\/100\n|-ability|p2a: Landorus|Intimidate|boost\n|-unboost|p1a: Tyranitar|atk|1\n|move|p1a: Tyranitar|Stone Edge|p2a: Landorus\n|-damage|p2a: Landorus|38\/100\n|\n|-weather|none\n|upkeep\n|turn|14\n|\n|switch|p1a: Tornadus|Tornadus-Therian, M|100\/100 par\n|-damage|p1a: Tornadus|76\/100 par|[from] Stealth Rock\n|move|p2a: Landorus|Earthquake|p1a: Tornadus\n|-immune|p1a: Tornadus\n|\n|upkeep\n|turn|15\n|\n|-zpower|p2a: Landorus\n|move|p2a: Landorus|Supersonic Skystrike|p1a: Tornadus|[zeffect]\n|-damage|p1a: Tornadus|0 fnt\n|faint|p1a: Tornadus\n|\n|upkeep\n|\n|switch|p1a: Medicham|Medicham-Mega, M|100\/100\n|-damage|p1a: Medicham|94\/100|[from] Stealth Rock\n|turn|16\n|\n|move|p1a: Medicham|Ice Punch|p2a: Landorus\n|-supereffective|p2a: Landorus\n|-damage|p2a: Landorus|0 fnt\n|faint|p2a: Landorus\n|\n|upkeep\n|\n|switch|p2a: Tyranitar|Tyranitar, F|100\/100\n|-weather|Sandstorm|[from] ability: Sand Stream|[of] p2a: Tyranitar\n|turn|17\n|\n|detailschange|p2a: Tyranitar|Tyranitar-Mega, F\n|-mega|p2a: Tyranitar|Tyranitar|Tyranitarite\n|move|p1a: Medicham|High Jump Kick|p2a: Tyranitar\n|-supereffective|p2a: Tyranitar\n|-damage|p2a: Tyranitar|0 fnt\n|faint|p2a: Tyranitar\n|\n|-weather|Sandstorm|[upkeep]\n|-damage|p1a: Medicham|88\/100|[from] Sandstorm\n|upkeep\n|\n|switch|p2a: Zapdos|Zapdos|95\/100\n|turn|18\n|\n|switch|p2a: Tornadus|Tornadus-Therian, M|100\/100\n|move|p1a: Medicham|Ice Punch|p2a: Tornadus\n|-supereffective|p2a: Tornadus\n|-damage|p2a: Tornadus|0 fnt\n|faint|p2a: Tornadus\n|\n|-weather|Sandstorm|[upkeep]\n|-damage|p1a: Medicham|82\/100|[from] Sandstorm\n|upkeep\n|-message|Jakkkkkka forfeited.\n|\n|win|nabil.k\n|l|\u2606Jakkkkkka\n|raw|nabil.k's rating: 1317 &rarr; <strong>1340<\/strong><br \/>(+23 for winning)\n|raw|Jakkkkkka's rating: 1365 &rarr; <strong>1342<\/strong><br \/>(-23 for losing)\n","uploadtime":1545425010,"views":18,"p1id":"nabilk","p2id":"jakkkkkka","formatid":"gen7ou","rating":1340,"private":0,"password":null}