{"id":"gen7ou-961693163","p1":"min kaffe","p2":"THC_wenger","format":"gen7ou","log":"|j|\u2606min kaffe\n|j|\u2606THC_wenger\n|player|p1|min kaffe|162|1167\n|player|p2|THC_wenger|266|1162\n|teamsize|p1|6\n|teamsize|p2|6\n|gametype|singles\n|gen|7\n|tier|[Gen 7] OU\n|rated|\n|rule|Sleep Clause Mod: Limit one foe put to sleep\n|rule|Species Clause: Limit one of each Pok\u00e9mon\n|rule|OHKO Clause: OHKO moves are banned\n|rule|Moody Clause: Moody is banned\n|rule|Evasion Moves Clause: Evasion moves are banned\n|rule|Endless Battle Clause: Forcing endless battles is banned\n|rule|HP Percentage Mod: HP is shown in percentages\n|clearpoke\n|poke|p1|Drampa, M|item\n|poke|p1|Pelipper, F|item\n|poke|p1|Swampert, M|item\n|poke|p1|Ferrothorn, M|item\n|poke|p1|Tapu Fini|item\n|poke|p1|Rotom-Wash|item\n|poke|p2|Fraxure, F|item\n|poke|p2|Ferrothorn, F|item\n|poke|p2|Chandelure, M|item\n|poke|p2|Lopunny, F|item\n|poke|p2|Toxapex, M|item\n|poke|p2|Volcarona, F|item\n|teampreview\n|inactive|Battle timer is ON: inactive players will automatically lose when time's up. (requested by min kaffe)\n|\n|start\n|switch|p1a: Pelipper|Pelipper, F|100\/100\n|switch|p2a: Ferrothorn|Ferrothorn, F|100\/100\n|-weather|RainDance|[from] ability: Drizzle|[of] p1a: Pelipper\n|turn|1\n|\n|switch|p1a: Drampa|Drampa, M|100\/100\n|move|p2a: Ferrothorn|Leech Seed|p1a: Drampa\n|-start|p1a: Drampa|move: Leech Seed\n|\n|-weather|RainDance|[upkeep]\n|-damage|p1a: Drampa|88\/100|[from] Leech Seed|[of] p2a: Ferrothorn\n|upkeep\n|turn|2\n|\n|move|p1a: Drampa|Calm Mind|p1a: Drampa\n|-boost|p1a: Drampa|spa|1\n|-boost|p1a: Drampa|spd|1\n|move|p2a: Ferrothorn|Stealth Rock|p1a: Drampa\n|-sidestart|p1: min kaffe|move: Stealth Rock\n|\n|-weather|RainDance|[upkeep]\n|-damage|p1a: Drampa|76\/100|[from] Leech Seed|[of] p2a: Ferrothorn\n|upkeep\n|turn|3\n|\n|move|p1a: Drampa|Calm Mind|p1a: Drampa\n|-boost|p1a: Drampa|spa|1\n|-boost|p1a: Drampa|spd|1\n|move|p2a: Ferrothorn|Gyro Ball|p1a: Drampa\n|-damage|p1a: Drampa|64\/100\n|\n|-weather|RainDance|[upkeep]\n|-damage|p1a: Drampa|52\/100|[from] Leech Seed|[of] p2a: Ferrothorn\n|upkeep\n|turn|4\n|\n|move|p1a: Drampa|Hurricane|p2a: Ferrothorn\n|-damage|p2a: Ferrothorn|43\/100\n|move|p2a: Ferrothorn|Gyro Ball|p1a: Drampa\n|-damage|p1a: Drampa|39\/100\n|-ability|p1a: Drampa|Berserk|boost\n|-boost|p1a: Drampa|spa|1\n|\n|-weather|RainDance|[upkeep]\n|-damage|p1a: Drampa|27\/100|[from] Leech Seed|[of] p2a: Ferrothorn\n|-heal|p2a: Ferrothorn|56\/100|[silent]\n|upkeep\n|turn|5\n|\n|move|p2a: Ferrothorn|Protect|p2a: Ferrothorn\n|-singleturn|p2a: Ferrothorn|Protect\n|move|p1a: Drampa|Hurricane|p2a: Ferrothorn\n|-activate|p2a: Ferrothorn|move: Protect\n|\n|-weather|RainDance|[upkeep]\n|-damage|p1a: Drampa|15\/100|[from] Leech Seed|[of] p2a: Ferrothorn\n|-heal|p2a: Ferrothorn|68\/100|[silent]\n|upkeep\n|-enditem|p1a: Drampa|Aguav Berry|[eat]\n|-heal|p1a: Drampa|65\/100|[from] item: Aguav Berry\n|turn|6\n|\n|move|p2a: Ferrothorn|Protect||[still]\n|-fail|p2a: Ferrothorn\n|move|p1a: Drampa|Hurricane|p2a: Ferrothorn\n|-damage|p2a: Ferrothorn|0 fnt\n|faint|p2a: Ferrothorn\n|\n|-weather|RainDance|[upkeep]\n|upkeep\n|\n|switch|p2a: Volcarona|Volcarona, F|100\/100\n|turn|7\n|\n|move|p2a: Volcarona|Hidden Power|p1a: Drampa\n|-supereffective|p1a: Drampa\n|-damage|p1a: Drampa|39\/100\n|-ability|p1a: Drampa|Berserk|boost\n|-boost|p1a: Drampa|spa|1\n|move|p1a: Drampa|Hurricane|p2a: Volcarona\n|-supereffective|p2a: Volcarona\n|-enditem|p2a: Volcarona|Focus Sash\n|-damage|p2a: Volcarona|1\/100\n|\n|-weather|RainDance|[upkeep]\n|-damage|p1a: Drampa|27\/100|[from] Leech Seed|[of] p2a: Volcarona\n|-heal|p2a: Volcarona|15\/100|[silent]\n|upkeep\n|turn|8\n|\n|move|p2a: Volcarona|Fiery Dance|p1a: Drampa\n|-resisted|p1a: Drampa\n|-damage|p1a: Drampa|22\/100\n|-boost|p2a: Volcarona|spa|1\n|move|p1a: Drampa|Hyper Voice|p2a: Volcarona\n|-damage|p2a: Volcarona|0 fnt\n|faint|p2a: Volcarona\n|\n|-weather|none\n|upkeep\n|\n|switch|p2a: Lopunny|Lopunny, F|100\/100\n|turn|9\n|\n|detailschange|p2a: Lopunny|Lopunny-Mega, F\n|-mega|p2a: Lopunny|Lopunny|Lopunnite\n|move|p2a: Lopunny|Fire Punch|p1a: Drampa\n|-resisted|p1a: Drampa\n|-damage|p1a: Drampa|6\/100\n|move|p1a: Drampa|Hurricane|p2a: Lopunny\n|-supereffective|p2a: Lopunny\n|-damage|p2a: Lopunny|0 fnt\n|faint|p2a: Lopunny\n|\n|upkeep\n|\n|switch|p2a: Toxapex|Toxapex, M|100\/100\n|turn|10\n|\n|move|p2a: Toxapex|Baneful Bunker|p2a: Toxapex\n|-singleturn|p2a: Toxapex|move: Protect\n|move|p1a: Drampa|Hyper Voice|p2a: Toxapex\n|-activate|p2a: Toxapex|move: Protect\n|\n|-damage|p1a: Drampa|0 fnt|[from] Leech Seed|[of] p2a: Toxapex\n|faint|p1a: Drampa\n|upkeep\n|\n|switch|p1a: Tapu Fini|Tapu Fini|100\/100\n|-damage|p1a: Tapu Fini|88\/100|[from] Stealth Rock\n|-fieldstart|move: Misty Terrain|[from] ability: Misty Surge|[of] p1a: Tapu Fini\n|turn|11\n|\n|move|p1a: Tapu Fini|Knock Off|p2a: Toxapex\n|-damage|p2a: Toxapex|88\/100\n|-enditem|p2a: Toxapex|Leftovers|[from] move: Knock Off|[of] p1a: Tapu Fini\n|move|p2a: Toxapex|Liquidation|p1a: Tapu Fini\n|-resisted|p1a: Tapu Fini\n|-damage|p1a: Tapu Fini|77\/100\n|\n|upkeep\n|turn|12\n|\n|move|p1a: Tapu Fini|Taunt|p2a: Toxapex\n|-start|p2a: Toxapex|move: Taunt\n|cant|p2a: Toxapex|move: Taunt|Recover\n|\n|upkeep\n|turn|13\n|\n|switch|p1a: Rotom|Rotom-Wash|100\/100\n|-damage|p1a: Rotom|88\/100|[from] Stealth Rock\n|move|p2a: Toxapex|Liquidation|p1a: Rotom\n|-resisted|p1a: Rotom\n|-damage|p1a: Rotom|74\/100\n|\n|upkeep\n|turn|14\n|\n|move|p1a: Rotom|Thunder|p2a: Toxapex|[miss]\n|-miss|p1a: Rotom|p2a: Toxapex\n|move|p2a: Toxapex|Liquidation|p1a: Rotom\n|-resisted|p1a: Rotom\n|-damage|p1a: Rotom|59\/100\n|\n|-end|p2a: Toxapex|move: Taunt\n|upkeep\n|turn|15\n|\n|move|p1a: Rotom|Volt Switch|p2a: Toxapex\n|-supereffective|p2a: Toxapex\n|-damage|p2a: Toxapex|36\/100\n|\n|switch|p1a: Pelipper|Pelipper, F|100\/100|[from]move: Volt Switch\n|-damage|p1a: Pelipper|76\/100|[from] Stealth Rock\n|-weather|RainDance|[from] ability: Drizzle|[of] p1a: Pelipper\n|move|p2a: Toxapex|Toxic|p1a: Pelipper\n|-status|p1a: Pelipper|tox\n|\n|-weather|RainDance|[upkeep]\n|-damage|p1a: Pelipper|70\/100 tox|[from] psn\n|-fieldend|Misty Terrain\n|upkeep\n|turn|16\n|\n|move|p1a: Pelipper|U-turn|p2a: Toxapex\n|-resisted|p2a: Toxapex\n|-damage|p2a: Toxapex|33\/100\n|\n|switch|p1a: Rotom|Rotom-Wash|59\/100|[from]move: U-turn\n|-damage|p1a: Rotom|47\/100|[from] Stealth Rock\n|move|p2a: Toxapex|Recover|p2a: Toxapex\n|-heal|p2a: Toxapex|83\/100\n|\n|-weather|RainDance|[upkeep]\n|upkeep\n|turn|17\n|\n|move|p1a: Rotom|Thunder|p2a: Toxapex\n|-supereffective|p2a: Toxapex\n|-damage|p2a: Toxapex|4\/100\n|move|p2a: Toxapex|Toxic|p1a: Rotom\n|-status|p1a: Rotom|tox\n|\n|-weather|RainDance|[upkeep]\n|-damage|p1a: Rotom|41\/100 tox|[from] psn\n|upkeep\n|turn|18\n|\n|move|p2a: Toxapex|Baneful Bunker|p2a: Toxapex\n|-singleturn|p2a: Toxapex|move: Protect\n|move|p1a: Rotom|Thunder|p2a: Toxapex\n|-activate|p2a: Toxapex|move: Protect\n|\n|-weather|RainDance|[upkeep]\n|-damage|p1a: Rotom|28\/100 tox|[from] psn\n|upkeep\n|turn|19\n|\n|switch|p2a: Fraxure|Fraxure, F, shiny|100\/100\n|move|p1a: Rotom|Volt Switch|p2a: Fraxure\n|-resisted|p2a: Fraxure\n|-damage|p2a: Fraxure|73\/100\n|\n|switch|p1a: Tapu Fini|Tapu Fini|77\/100|[from]move: Volt Switch\n|-damage|p1a: Tapu Fini|64\/100|[from] Stealth Rock\n|-fieldstart|move: Misty Terrain|[from] ability: Misty Surge|[of] p1a: Tapu Fini\n|\n|-weather|RainDance|[upkeep]\n|upkeep\n|turn|20\n|\n|move|p1a: Tapu Fini|Knock Off|p2a: Fraxure\n|-damage|p2a: Fraxure|52\/100\n|-enditem|p2a: Fraxure|Eviolite|[from] move: Knock Off|[of] p1a: Tapu Fini\n|move|p2a: Fraxure|Dragon Dance|p2a: Fraxure\n|-boost|p2a: Fraxure|atk|1\n|-boost|p2a: Fraxure|spe|1\n|\n|-weather|RainDance|[upkeep]\n|upkeep\n|turn|21\n|inactive|THC_wenger has 120 seconds left.\n|l|\u2606min kaffe\n|inactive|min kaffe disconnected and has a minute to reconnect!\n|player|p1|\n|\n|move|p2a: Fraxure|Dragon Claw|p1a: Tapu Fini\n|-immune|p1a: Tapu Fini\n|move|p1a: Tapu Fini|Moonblast|p2a: Fraxure\n|-supereffective|p2a: Fraxure\n|-damage|p2a: Fraxure|0 fnt\n|faint|p2a: Fraxure\n|\n|-weather|RainDance|[upkeep]\n|upkeep\n|\n|switch|p2a: Toxapex|Toxapex, M|37\/100\n|turn|22\n|j|\u2606min kaffe\n|inactive|min kaffe reconnected and has 135 seconds left.\n|player|p1|min kaffe|162\n|\n|switch|p1a: Swampert|Swampert, M|100\/100\n|-damage|p1a: Swampert|94\/100|[from] Stealth Rock\n|move|p2a: Toxapex|Toxic|p1a: Swampert\n|-activate|p1a: Swampert|move: Misty Terrain\n|\n|-weather|none\n|upkeep\n|turn|23\n|\n|detailschange|p1a: Swampert|Swampert-Mega, M\n|-mega|p1a: Swampert|Swampert|Swampertite\n|move|p1a: Swampert|Earthquake|p2a: Toxapex\n|-supereffective|p2a: Toxapex\n|-damage|p2a: Toxapex|0 fnt\n|faint|p2a: Toxapex\n|\n|-fieldend|Misty Terrain\n|upkeep\n|\n|switch|p2a: Chandelure|Chandelure, M|100\/100\n|turn|24\n|\n|switch|p1a: Pelipper|Pelipper, F|70\/100 tox\n|-damage|p1a: Pelipper|45\/100 tox|[from] Stealth Rock\n|-weather|RainDance|[from] ability: Drizzle|[of] p1a: Pelipper\n|move|p2a: Chandelure|Psychic|p1a: Pelipper\n|-damage|p1a: Pelipper|0 fnt\n|faint|p1a: Pelipper\n|\n|-weather|RainDance|[upkeep]\n|upkeep\n|\n|switch|p1a: Swampert|Swampert-Mega, M|94\/100\n|-damage|p1a: Swampert|88\/100|[from] Stealth Rock\n|turn|25\n|\n|move|p1a: Swampert|Waterfall|p2a: Chandelure\n|-supereffective|p2a: Chandelure\n|-damage|p2a: Chandelure|0 fnt\n|faint|p2a: Chandelure\n|\n|win|min kaffe\n|raw|min kaffe's rating: 1167 &rarr; <strong>1191<\/strong><br \/>(+24 for winning)\n|raw|THC_wenger's rating: 1162 &rarr; <strong>1137<\/strong><br \/>(-25 for losing)\n","uploadtime":1566053164,"views":20,"p1id":"minkaffe","p2id":"thcwenger","formatid":"gen7ou","rating":1137,"private":0,"password":null}