{"id":"gen7ou-915353800","p1":"Jebus1989_","p2":"ghecisbestvillain","format":"gen7ou","log":"|j|\u2606Jebus1989_\n|j|\u2606ghecisbestvillain\n|player|p1|Jebus1989_|167\n|player|p2|ghecisbestvillain|87\n|teamsize|p1|6\n|teamsize|p2|6\n|gametype|singles\n|gen|7\n|tier|[Gen 7] OU\n|rated|\n|rule|Sleep Clause Mod: Limit one foe put to sleep\n|rule|Species Clause: Limit one of each Pok\u00e9mon\n|rule|OHKO Clause: OHKO moves are banned\n|rule|Moody Clause: Moody is banned\n|rule|Evasion Moves Clause: Evasion moves are banned\n|rule|Endless Battle Clause: Forcing endless battles is banned\n|rule|HP Percentage Mod: HP is shown in percentages\n|clearpoke\n|poke|p1|Volcanion|item\n|poke|p1|Tapu Koko|item\n|poke|p1|Clefable, F|item\n|poke|p1|Hawlucha, M|item\n|poke|p1|Scizor, M|item\n|poke|p1|Landorus-Therian, M|item\n|poke|p2|Hawlucha, M|item\n|poke|p2|Clefable, F|item\n|poke|p2|Charizard, M|item\n|poke|p2|Tapu Koko|item\n|poke|p2|Magearna|item\n|poke|p2|Kyurem-Black|item\n|teampreview\n|inactive|Battle timer is ON: inactive players will automatically lose when time's up. (requested by ghecisbestvillain)\n|j| Oakium Z\n|\n|start\n|switch|p1a: Clefable|Clefable, F|394\/394\n|switch|p2a: Tapu Koko|Tapu Koko|282\/282\n|-fieldstart|move: Electric Terrain|[from] ability: Electric Surge|[of] p2a: Tapu Koko\n|turn|1\n|\n|move|p1a: Clefable|Protect|p1a: Clefable\n|-singleturn|p1a: Clefable|Protect\n|move|p2a: Tapu Koko|Taunt|p1a: Clefable\n|-activate|p1a: Clefable|move: Protect\n|\n|upkeep\n|turn|2\n|j| Quest51213\n|inactive|Jebus1989_ has 120 seconds left.\n|\n|switch|p1a: Landorus|Landorus-Therian, M|331\/331\n|-ability|p1a: Landorus|Intimidate|boost\n|-unboost|p2a: Tapu Koko|atk|1\n|move|p2a: Tapu Koko|Light Screen|p2a: Tapu Koko\n|-sidestart|p2: ghecisbestvillain|move: Light Screen\n|\n|upkeep\n|turn|3\n|j| Jaekbad\n|inactive|ghecisbestvillain has 120 seconds left.\n|\n|move|p2a: Tapu Koko|Reflect|p2a: Tapu Koko\n|-sidestart|p2: ghecisbestvillain|Reflect\n|move|p1a: Landorus|Earthquake|p2a: Tapu Koko\n|-supereffective|p2a: Tapu Koko\n|-damage|p2a: Tapu Koko|117\/282\n|\n|upkeep\n|turn|4\n|inactive|ghecisbestvillain has 120 seconds left.\n|\n|switch|p2a: Clefable|Clefable, F|393\/393\n|move|p1a: Landorus|Earthquake|p2a: Clefable\n|-damage|p2a: Clefable|309\/393\n|\n|-heal|p2a: Clefable|333\/393|[from] item: Leftovers\n|upkeep\n|turn|5\n|\n|switch|p1a: Tapu Koko|Tapu Koko|281\/281\n|move|p2a: Clefable|Cosmic Power|p2a: Clefable\n|-boost|p2a: Clefable|def|1\n|-boost|p2a: Clefable|spd|1\n|\n|-heal|p2a: Clefable|357\/393|[from] item: Leftovers\n|-fieldend|move: Electric Terrain\n|upkeep\n|turn|6\n|\n|move|p1a: Tapu Koko|Taunt|p2a: Clefable\n|-start|p2a: Clefable|move: Taunt\n|move|p2a: Clefable|Charge Beam|p1a: Tapu Koko\n|-resisted|p1a: Tapu Koko\n|-damage|p1a: Tapu Koko|259\/281\n|-boost|p2a: Clefable|spa|1\n|\n|-heal|p2a: Clefable|381\/393|[from] item: Leftovers\n|upkeep\n|turn|7\n|\n|switch|p1a: Clefable|Clefable, F|394\/394\n|move|p2a: Clefable|Charge Beam|p1a: Clefable\n|-damage|p1a: Clefable|358\/394\n|-boost|p2a: Clefable|spa|1\n|\n|-heal|p2a: Clefable|393\/393|[from] item: Leftovers\n|-heal|p1a: Clefable|382\/394|[from] item: Leftovers\n|upkeep\n|turn|8\n|\n|switch|p1a: Scizor|Scizor, M|315\/315\n|move|p2a: Clefable|Stored Power|p1a: Scizor\n|-resisted|p1a: Scizor\n|-damage|p1a: Scizor|223\/315\n|\n|-end|p2a: Clefable|move: Taunt\n|upkeep\n|turn|9\n|\n|detailschange|p1a: Scizor|Scizor-Mega, M\n|-mega|p1a: Scizor|Scizor|Scizorite\n|move|p1a: Scizor|Swords Dance|p1a: Scizor\n|-boost|p1a: Scizor|atk|2\n|move|p2a: Clefable|Charge Beam|p1a: Scizor\n|-damage|p1a: Scizor|151\/315\n|-boost|p2a: Clefable|spa|1\n|\n|-sideend|p2: ghecisbestvillain|move: Light Screen\n|upkeep\n|turn|10\n|\n|move|p1a: Scizor|Bullet Punch|p2a: Clefable\n|-supereffective|p2a: Clefable\n|-damage|p2a: Clefable|228\/393\n|move|p2a: Clefable|Stored Power|p1a: Scizor\n|-resisted|p1a: Scizor\n|-damage|p1a: Scizor|42\/315\n|\n|-heal|p2a: Clefable|252\/393|[from] item: Leftovers\n|-sideend|p2: ghecisbestvillain|Reflect\n|upkeep\n|turn|11\n|\n|switch|p2a: Tapu Koko|Tapu Koko|117\/282\n|-fieldstart|move: Electric Terrain|[from] ability: Electric Surge|[of] p2a: Tapu Koko\n|move|p1a: Scizor|Bullet Punch|p2a: Tapu Koko\n|-damage|p2a: Tapu Koko|0 fnt\n|faint|p2a: Tapu Koko\n|\n|upkeep\n|\n|switch|p2a: Charizard|Charizard, M|297\/297\n|turn|12\n|\n|detailschange|p2a: Charizard|Charizard-Mega-X, M\n|-mega|p2a: Charizard|Charizard|Charizardite X\n|move|p2a: Charizard|Fire Punch|p1a: Scizor\n|-supereffective|p1a: Scizor\n|-damage|p1a: Scizor|0 fnt\n|faint|p1a: Scizor\n|\n|upkeep\n|inactive|Jebus1989_ has 120 seconds left.\n|\n|switch|p1a: Hawlucha|Hawlucha, M|327\/327\n|-enditem|p1a: Hawlucha|Electric Seed\n|-boost|p1a: Hawlucha|def|1\n|turn|13\n|inactive|ghecisbestvillain has 120 seconds left.\n|\n|move|p1a: Hawlucha|Swords Dance|p1a: Hawlucha\n|-boost|p1a: Hawlucha|atk|2\n|move|p2a: Charizard|Dragon Dance|p2a: Charizard\n|-boost|p2a: Charizard|atk|1\n|-boost|p2a: Charizard|spe|1\n|\n|upkeep\n|turn|14\n|\n|move|p1a: Hawlucha|Substitute|p1a: Hawlucha\n|-start|p1a: Hawlucha|Substitute\n|-damage|p1a: Hawlucha|246\/327\n|move|p2a: Charizard|Dragon Claw|p1a: Hawlucha\n|-crit|p1a: Hawlucha\n|-end|p1a: Hawlucha|Substitute\n|\n|upkeep\n|turn|15\n|\n|move|p1a: Hawlucha|Substitute|p1a: Hawlucha\n|-start|p1a: Hawlucha|Substitute\n|-damage|p1a: Hawlucha|165\/327\n|move|p2a: Charizard|Dragon Claw|p1a: Hawlucha\n|-end|p1a: Hawlucha|Substitute\n|\n|-fieldend|move: Electric Terrain\n|upkeep\n|turn|16\n|inactive|ghecisbestvillain has 120 seconds left.\n|\n|move|p1a: Hawlucha|High Jump Kick|p2a: Charizard\n|-damage|p2a: Charizard|0 fnt\n|faint|p2a: Charizard\n|\n|upkeep\n|\n|switch|p2a: Magearna|Magearna|301\/301\n|turn|17\n|\n|move|p1a: Hawlucha|High Jump Kick|p2a: Magearna\n|-damage|p2a: Magearna|27\/301\n|-zpower|p2a: Magearna\n|move|p2a: Magearna|Shattered Psyche|p1a: Hawlucha|[zeffect]\n|-supereffective|p1a: Hawlucha\n|-damage|p1a: Hawlucha|0 fnt\n|faint|p1a: Hawlucha\n|-ability|p2a: Magearna|Soul-Heart|boost\n|-boost|p2a: Magearna|spa|1\n|\n|upkeep\n|\n|switch|p1a: Tapu Koko|Tapu Koko|259\/281\n|-fieldstart|move: Electric Terrain|[from] ability: Electric Surge|[of] p1a: Tapu Koko\n|turn|18\n|\n|move|p1a: Tapu Koko|Wild Charge|p2a: Magearna\n|-damage|p2a: Magearna|0 fnt\n|-damage|p1a: Tapu Koko|252\/281|[from] Recoil\n|faint|p2a: Magearna\n|\n|upkeep\n|\n|switch|p2a: Kyurem|Kyurem-Black|405\/405\n|-ability|p2a: Kyurem|Teravolt\n|turn|19\n|\n|move|p1a: Tapu Koko|U-turn|p2a: Kyurem\n|-damage|p2a: Kyurem|340\/405\n|\n|switch|p1a: Landorus|Landorus-Therian, M|331\/331\n|-ability|p1a: Landorus|Intimidate|boost\n|-unboost|p2a: Kyurem|atk|1\n|move|p2a: Kyurem|Ice Beam|p1a: Landorus\n|-supereffective|p1a: Landorus\n|-enditem|p1a: Landorus|Yache Berry|[eat]\n|-enditem|p1a: Landorus|Yache Berry|[weaken]\n|-damage|p1a: Landorus|0 fnt\n|-damage|p2a: Kyurem|300\/405|[from] item: Life Orb\n|faint|p1a: Landorus\n|\n|upkeep\n|\n|switch|p1a: Clefable|Clefable, F|382\/394\n|turn|20\n|\n|move|p2a: Kyurem|Fusion Bolt|p1a: Clefable\n|-damage|p1a: Clefable|230\/394\n|-damage|p2a: Kyurem|260\/405|[from] item: Life Orb\n|move|p1a: Clefable|Moonblast|p2a: Kyurem\n|-supereffective|p2a: Kyurem\n|-damage|p2a: Kyurem|42\/405\n|\n|-heal|p1a: Clefable|254\/394|[from] item: Leftovers\n|upkeep\n|turn|21\n|\n|move|p2a: Kyurem|Fusion Bolt|p1a: Clefable\n|-damage|p1a: Clefable|119\/394\n|-damage|p2a: Kyurem|2\/405|[from] item: Life Orb\n|move|p1a: Clefable|Wish|p1a: Clefable\n|\n|-heal|p1a: Clefable|143\/394|[from] item: Leftovers\n|upkeep\n|turn|22\n|\n|switch|p2a: Hawlucha|Hawlucha, M|299\/299\n|-enditem|p2a: Hawlucha|Electric Seed\n|-boost|p2a: Hawlucha|def|1\n|move|p1a: Clefable|Protect||[still]\n|-fail|p1a: Clefable\n|\n|-heal|p1a: Clefable|340\/394|[from] move: Wish|[wisher] Clefable\n|-heal|p1a: Clefable|364\/394|[from] item: Leftovers\n|-fieldend|move: Electric Terrain\n|upkeep\n|turn|23\n|\n|move|p2a: Hawlucha|Swords Dance|p2a: Hawlucha\n|-boost|p2a: Hawlucha|atk|2\n|move|p1a: Clefable|Wish|p1a: Clefable\n|\n|-heal|p1a: Clefable|388\/394|[from] item: Leftovers\n|upkeep\n|turn|24\n|\n|move|p2a: Hawlucha|Acrobatics|p1a: Clefable\n|-crit|p1a: Clefable\n|-damage|p1a: Clefable|112\/394\n|move|p1a: Clefable|Moonblast|p2a: Hawlucha\n|-supereffective|p2a: Hawlucha\n|-damage|p2a: Hawlucha|51\/299\n|\n|-heal|p1a: Clefable|309\/394|[from] move: Wish|[wisher] Clefable\n|-heal|p1a: Clefable|333\/394|[from] item: Leftovers\n|upkeep\n|turn|25\n|\n|move|p2a: Hawlucha|Acrobatics|p1a: Clefable\n|-damage|p1a: Clefable|177\/394\n|move|p1a: Clefable|Moonblast|p2a: Hawlucha\n|-supereffective|p2a: Hawlucha\n|-damage|p2a: Hawlucha|0 fnt\n|faint|p2a: Hawlucha\n|\n|-heal|p1a: Clefable|201\/394|[from] item: Leftovers\n|upkeep\n|\n|switch|p2a: Clefable|Clefable, F|252\/393\n|turn|26\n|\n|switch|p1a: Tapu Koko|Tapu Koko|252\/281\n|-fieldstart|move: Electric Terrain|[from] ability: Electric Surge|[of] p1a: Tapu Koko\n|move|p2a: Clefable|Cosmic Power|p2a: Clefable\n|-boost|p2a: Clefable|def|1\n|-boost|p2a: Clefable|spd|1\n|\n|-heal|p2a: Clefable|276\/393|[from] item: Leftovers\n|upkeep\n|turn|27\n|\n|switch|p2a: Kyurem|Kyurem-Black|2\/405\n|-ability|p2a: Kyurem|Teravolt\n|-zpower|p1a: Tapu Koko\n|move|p1a: Tapu Koko|Gigavolt Havoc|p2a: Kyurem|[zeffect]\n|-resisted|p2a: Kyurem\n|-damage|p2a: Kyurem|0 fnt\n|faint|p2a: Kyurem\n|\n|upkeep\n|\n|switch|p2a: Clefable|Clefable, F|276\/393\n|turn|28\n|\n|move|p1a: Tapu Koko|Taunt|p2a: Clefable\n|-start|p2a: Clefable|move: Taunt\n|cant|p2a: Clefable|move: Taunt|Soft-Boiled\n|\n|-heal|p2a: Clefable|300\/393|[from] item: Leftovers\n|upkeep\n|turn|29\n|\n|move|p1a: Tapu Koko|Wild Charge|p2a: Clefable\n|-damage|p2a: Clefable|101\/393\n|-damage|p1a: Tapu Koko|202\/281|[from] Recoil\n|move|p2a: Clefable|Charge Beam|p1a: Tapu Koko\n|-resisted|p1a: Tapu Koko\n|-damage|p1a: Tapu Koko|165\/281\n|-boost|p2a: Clefable|spa|1\n|\n|-heal|p2a: Clefable|125\/393|[from] item: Leftovers\n|upkeep\n|turn|30\n|\n|move|p1a: Tapu Koko|Wild Charge|p2a: Clefable\n|-damage|p2a: Clefable|0 fnt\n|-damage|p1a: Tapu Koko|134\/281|[from] Recoil\n|faint|p2a: Clefable\n|\n|win|Jebus1989_\n|raw|Jebus1989_'s rating: 1953 &rarr; <strong>1966<\/strong><br \/>(+13 for winning)\n|raw|ghecisbestvillain's rating: 1808 &rarr; <strong>1796<\/strong><br \/>(-12 for losing)\n|l|\u2606ghecisbestvillain\n","uploadtime":1558686192,"views":31,"p1id":"jebus1989","p2id":"ghecisbestvillain","formatid":"gen7ou","rating":1796,"private":0,"password":null}