{"id":"gen7ou-737936280","p1":"Ohmboy Tesla","p2":"taz04","format":"gen7ou","log":"|j|\u2606Ohmboy Tesla\n|j|\u2606taz04\n|player|p1|Ohmboy Tesla|136\n|player|p2|taz04|160\n|teamsize|p1|6\n|teamsize|p2|6\n|gametype|singles\n|gen|7\n|tier|[Gen 7] OU\n|rated|\n|rule|Sleep Clause Mod: Limit one foe put to sleep\n|rule|Species Clause: Limit one of each Pok\u00e9mon\n|rule|OHKO Clause: OHKO moves are banned\n|rule|Moody Clause: Moody is banned\n|rule|Evasion Moves Clause: Evasion moves are banned\n|rule|Endless Battle Clause: Forcing endless battles is banned\n|rule|HP Percentage Mod: HP is shown in percentages\n|clearpoke\n|poke|p1|Diancie|item\n|poke|p1|Volcarona, M|item\n|poke|p1|Rotom-Wash|item\n|poke|p1|Tapu Bulu|item\n|poke|p1|Landorus-Therian, M|item\n|poke|p1|Toxapex, M|item\n|poke|p2|Scizor, F|item\n|poke|p2|Greninja, M|item\n|poke|p2|Tyranitar, F|item\n|poke|p2|Landorus-Therian, M|item\n|poke|p2|Chansey, F|item\n|poke|p2|Zapdos|item\n|teampreview\n|\n|start\n|switch|p1a: scRotom-Wash|Rotom-Wash|100\/100\n|switch|p2a: Greninja|Greninja, M|100\/100\n|turn|1\n|\n|move|p2a: Greninja|U-turn|p1a: scRotom-Wash\n|-start|p2a: Greninja|typechange|Bug|[from] Protean\n|-damage|p1a: scRotom-Wash|79\/100\n|\n|switch|p2a: Chansey|Chansey, F|100\/100\n|move|p1a: scRotom-Wash|Volt Switch|p2a: Chansey\n|-damage|p2a: Chansey|93\/100\n|\n|switch|p1a: Carbink-EX|Diancie|100\/100\n|\n|upkeep\n|turn|2\n|\n|-mega|p1a: Carbink-EX|Diancie|Diancite\n|detailschange|p1a: Carbink-EX|Diancie-Mega\n|move|p1a: Carbink-EX|Diamond Storm|p2a: Chansey\n|-damage|p2a: Chansey|61\/100\n|-boost|p1a: Carbink-EX|def|2\n|move|p2a: Chansey|Seismic Toss|p1a: Carbink-EX\n|-damage|p1a: Carbink-EX|59\/100\n|\n|upkeep\n|turn|3\n|\n|switch|p1a: Boy Fort|Toxapex, M|100\/100\n|move|p2a: Chansey|Soft-Boiled|p2a: Chansey\n|-heal|p2a: Chansey|100\/100\n|\n|upkeep\n|turn|4\n|\n|switch|p2a: Tyranitar|Tyranitar, F|100\/100\n|-weather|Sandstorm|[from] ability: Sand Stream|[of] p2a: Tyranitar\n|switch|p1a: Carbink-EX|Diancie-Mega|59\/100\n|\n|-weather|Sandstorm|[upkeep]\n|upkeep\n|turn|5\n|\n|switch|p1a: Flooffy Paws|Landorus-Therian, M|100\/100\n|-ability|p1a: Flooffy Paws|Intimidate|boost\n|-unboost|p2a: Tyranitar|atk|1\n|move|p2a: Tyranitar|Earthquake|p1a: Flooffy Paws\n|-immune|p1a: Flooffy Paws|[msg]\n|\n|-weather|Sandstorm|[upkeep]\n|upkeep\n|turn|6\n|\n|switch|p2a: Landorus|Landorus-Therian, M|100\/100\n|-ability|p2a: Landorus|Intimidate|boost\n|-unboost|p1a: Flooffy Paws|atk|1\n|move|p1a: Flooffy Paws|Stealth Rock|p2a: Landorus\n|-sidestart|p2: taz04|move: Stealth Rock\n|\n|-weather|Sandstorm|[upkeep]\n|upkeep\n|turn|7\n|\n|move|p2a: Landorus|Stealth Rock|p1a: Flooffy Paws\n|-sidestart|p1: Ohmboy Tesla|move: Stealth Rock\n|move|p1a: Flooffy Paws|Toxic|p2a: Landorus\n|-status|p2a: Landorus|tox\n|\n|-weather|Sandstorm|[upkeep]\n|-damage|p2a: Landorus|94\/100 tox|[from] psn\n|upkeep\n|turn|8\n|\n|move|p2a: Landorus|Hidden Power|p1a: Flooffy Paws\n|-supereffective|p1a: Flooffy Paws\n|-damage|p1a: Flooffy Paws|48\/100\n|move|p1a: Flooffy Paws|Toxic|p2a: Landorus\n|-fail|p2a: Landorus|tox\n|\n|-weather|none\n|-heal|p1a: Flooffy Paws|54\/100|[from] item: Leftovers\n|-damage|p2a: Landorus|82\/100 tox|[from] psn\n|upkeep\n|turn|9\n|\n|move|p2a: Landorus|U-turn|p1a: Flooffy Paws\n|-resisted|p1a: Flooffy Paws\n|-damage|p1a: Flooffy Paws|47\/100\n|\n|switch|p2a: Chansey|Chansey, F|100\/100\n|-damage|p2a: Chansey|88\/100|[from] Stealth Rock\n|move|p1a: Flooffy Paws|U-turn|p2a: Chansey\n|-damage|p2a: Chansey|79\/100\n|\n|switch|p1a: Boy Fort|Toxapex, M|100\/100\n|-damage|p1a: Boy Fort|88\/100|[from] Stealth Rock\n|\n|-heal|p1a: Boy Fort|94\/100|[from] item: Black Sludge\n|upkeep\n|turn|10\n|\n|move|p2a: Chansey|Aromatherapy|p2a: Chansey\n|-activate|p2a: Chansey|move: Aromatherapy\n|-curestatus|p2: Landorus|tox|[msg]\n|move|p1a: Boy Fort|Toxic Spikes|p2a: Chansey\n|-sidestart|p2: taz04|move: Toxic Spikes\n|\n|-heal|p1a: Boy Fort|100\/100|[from] item: Black Sludge\n|upkeep\n|turn|11\n|\n|switch|p2a: Zapdos|Zapdos|100\/100\n|-damage|p2a: Zapdos|76\/100|[from] Stealth Rock\n|move|p1a: Boy Fort|Scald|p2a: Zapdos\n|-damage|p2a: Zapdos|59\/100\n|\n|-heal|p2a: Zapdos|65\/100|[from] item: Leftovers\n|upkeep\n|turn|12\n|\n|move|p2a: Zapdos|Defog|p1a: Boy Fort\n|-unboost|p1a: Boy Fort|evasion|1\n|-sideend|p1: Ohmboy Tesla|Stealth Rock|[from] move: Defog|[of] p1a: Boy Fort\n|-sideend|p2: taz04|Toxic Spikes|[from] move: Defog|[of] p2a: Zapdos\n|-sideend|p2: taz04|Stealth Rock|[from] move: Defog|[of] p2a: Zapdos\n|move|p1a: Boy Fort|Scald|p2a: Zapdos\n|-damage|p2a: Zapdos|47\/100\n|\n|-heal|p2a: Zapdos|54\/100|[from] item: Leftovers\n|upkeep\n|turn|13\n|\n|move|p2a: Zapdos|Roost|p2a: Zapdos\n|-heal|p2a: Zapdos|100\/100\n|move|p1a: Boy Fort|Toxic Spikes|p2a: Zapdos\n|-sidestart|p2: taz04|move: Toxic Spikes\n|\n|upkeep\n|turn|14\n|\n|switch|p1a: Flooffy Paws|Landorus-Therian, M|47\/100\n|-ability|p1a: Flooffy Paws|Intimidate|boost\n|-unboost|p2a: Zapdos|atk|1\n|move|p2a: Zapdos|Discharge|p1a: Flooffy Paws\n|-immune|p1a: Flooffy Paws|[msg]\n|\n|-heal|p1a: Flooffy Paws|53\/100|[from] item: Leftovers\n|upkeep\n|turn|15\n|\n|switch|p1a: Carbink-EX|Diancie-Mega|59\/100\n|move|p2a: Zapdos|Defog|p1a: Carbink-EX\n|move|p1a: Carbink-EX|Defog|p2a: Zapdos|[from]Magic Bounce\n|-unboost|p2a: Zapdos|evasion|1\n|-sideend|p2: taz04|Toxic Spikes|[from] move: Defog|[of] p2a: Zapdos\n|\n|upkeep\n|turn|16\n|\n|switch|p2a: Chansey|Chansey, F|79\/100\n|move|p1a: Carbink-EX|Diamond Storm|p2a: Chansey\n|-damage|p2a: Chansey|45\/100\n|-boost|p1a: Carbink-EX|def|2\n|\n|upkeep\n|turn|17\n|\n|switch|p1a: Flooffy Paws|Landorus-Therian, M|53\/100\n|-ability|p1a: Flooffy Paws|Intimidate|boost\n|-unboost|p2a: Chansey|atk|1\n|move|p2a: Chansey|Soft-Boiled|p2a: Chansey\n|-heal|p2a: Chansey|95\/100\n|\n|-heal|p1a: Flooffy Paws|59\/100|[from] item: Leftovers\n|upkeep\n|turn|18\n|\n|move|p1a: Flooffy Paws|Stealth Rock|p2a: Chansey\n|-sidestart|p2: taz04|move: Stealth Rock\n|move|p2a: Chansey|Toxic|p1a: Flooffy Paws\n|-status|p1a: Flooffy Paws|tox\n|\n|-heal|p1a: Flooffy Paws|65\/100 tox|[from] item: Leftovers\n|-damage|p1a: Flooffy Paws|59\/100 tox|[from] psn\n|upkeep\n|turn|19\n|\n|move|p1a: Flooffy Paws|U-turn|p2a: Chansey\n|-damage|p2a: Chansey|80\/100\n|\n|switch|p1a: Boy Fort|Toxapex, M|100\/100\n|move|p2a: Chansey|Seismic Toss|p1a: Boy Fort\n|-damage|p1a: Boy Fort|68\/100\n|\n|-heal|p1a: Boy Fort|74\/100|[from] item: Black Sludge\n|upkeep\n|turn|20\n|\n|switch|p2a: Zapdos|Zapdos|100\/100\n|-damage|p2a: Zapdos|76\/100|[from] Stealth Rock\n|switch|p1a: Carbink-EX|Diancie-Mega|59\/100\n|\n|-heal|p2a: Zapdos|82\/100|[from] item: Leftovers\n|upkeep\n|turn|21\n|\n|switch|p2a: Chansey|Chansey, F|80\/100\n|-damage|p2a: Chansey|68\/100|[from] Stealth Rock\n|move|p1a: Carbink-EX|Diamond Storm|p2a: Chansey\n|-damage|p2a: Chansey|32\/100\n|-boost|p1a: Carbink-EX|def|2\n|\n|upkeep\n|turn|22\n|\n|switch|p2a: Landorus|Landorus-Therian, M|82\/100\n|-damage|p2a: Landorus|70\/100|[from] Stealth Rock\n|-ability|p2a: Landorus|Intimidate|boost\n|-unboost|p1a: Carbink-EX|atk|1\n|move|p1a: Carbink-EX|Diamond Storm|p2a: Landorus\n|-damage|p2a: Landorus|47\/100\n|\n|upkeep\n|turn|23\n|\n|move|p1a: Carbink-EX|Moonblast|p2a: Landorus\n|-damage|p2a: Landorus|0 fnt\n|faint|p2a: Landorus\n|\n|upkeep\n|\n|switch|p2a: Scizor|Scizor, F|100\/100\n|-damage|p2a: Scizor|88\/100|[from] Stealth Rock\n|turn|24\n|\n|switch|p1a: Atlas|Volcarona, M|100\/100\n|-mega|p2a: Scizor|Scizor|Scizorite\n|detailschange|p2a: Scizor|Scizor-Mega, F\n|move|p2a: Scizor|Bullet Punch|p1a: Atlas\n|-resisted|p1a: Atlas\n|-damage|p1a: Atlas|76\/100\n|-status|p2a: Scizor|brn|[from] ability: Flame Body|[of] p1a: Atlas\n|\n|-damage|p2a: Scizor|82\/100 brn|[from] brn\n|upkeep\n|turn|25\n|\n|switch|p2a: Tyranitar|Tyranitar, F|100\/100\n|-damage|p2a: Tyranitar|88\/100|[from] Stealth Rock\n|-weather|Sandstorm|[from] ability: Sand Stream|[of] p2a: Tyranitar\n|move|p1a: Atlas|Quiver Dance|p1a: Atlas\n|-boost|p1a: Atlas|spa|1\n|-boost|p1a: Atlas|spd|1\n|-boost|p1a: Atlas|spe|1\n|\n|-weather|Sandstorm|[upkeep]\n|-damage|p1a: Atlas|70\/100|[from] Sandstorm\n|upkeep\n|turn|26\n|\n|-zpower|p1a: Atlas\n|move|p1a: Atlas|Savage Spin-Out|p2a: Tyranitar|[zeffect]\n|-supereffective|p2a: Tyranitar\n|-damage|p2a: Tyranitar|0 fnt\n|faint|p2a: Tyranitar\n|\n|-weather|Sandstorm|[upkeep]\n|-damage|p1a: Atlas|64\/100|[from] Sandstorm\n|upkeep\n|\n|switch|p2a: Greninja|Greninja, M|100\/100\n|-damage|p2a: Greninja|88\/100|[from] Stealth Rock\n|turn|27\n|\n|switch|p1a: Flooffy Paws|Landorus-Therian, M|59\/100 tox\n|-ability|p1a: Flooffy Paws|Intimidate|boost\n|-unboost|p2a: Greninja|atk|1\n|move|p2a: Greninja|Rock Slide|p1a: Flooffy Paws|[miss]\n|-start|p2a: Greninja|typechange|Rock|[from] Protean\n|-miss|p2a: Greninja|p1a: Flooffy Paws\n|\n|-weather|Sandstorm|[upkeep]\n|-heal|p1a: Flooffy Paws|65\/100 tox|[from] item: Leftovers\n|-damage|p1a: Flooffy Paws|59\/100 tox|[from] psn\n|upkeep\n|turn|28\n|\n|switch|p2a: Zapdos|Zapdos|82\/100\n|-damage|p2a: Zapdos|57\/100|[from] Stealth Rock\n|move|p1a: Flooffy Paws|U-turn|p2a: Zapdos\n|-resisted|p2a: Zapdos\n|-damage|p2a: Zapdos|50\/100\n|\n|switch|p1a: Carbink-EX|Diancie-Mega|59\/100\n|\n|-weather|Sandstorm|[upkeep]\n|-damage|p2a: Zapdos|44\/100|[from] Sandstorm\n|-heal|p2a: Zapdos|50\/100|[from] item: Leftovers\n|upkeep\n|turn|29\n|\n|move|p1a: Carbink-EX|Diamond Storm|p2a: Zapdos\n|-supereffective|p2a: Zapdos\n|-damage|p2a: Zapdos|0 fnt\n|-boost|p1a: Carbink-EX|def|2\n|faint|p2a: Zapdos\n|\n|-weather|none\n|upkeep\n|\n|switch|p2a: Scizor|Scizor-Mega, F|82\/100 brn\n|-damage|p2a: Scizor|70\/100 brn|[from] Stealth Rock\n|turn|30\n|\n|move|p1a: Carbink-EX|Earth Power|p2a: Scizor\n|-damage|p2a: Scizor|34\/100 brn\n|move|p2a: Scizor|Roost|p2a: Scizor\n|-heal|p2a: Scizor|84\/100 brn\n|\n|-damage|p2a: Scizor|78\/100 brn|[from] brn\n|upkeep\n|turn|31\n|\n|switch|p1a: Atlas|Volcarona, M|64\/100\n|move|p2a: Scizor|Bullet Punch|p1a: Atlas\n|-resisted|p1a: Atlas\n|-damage|p1a: Atlas|50\/100\n|\n|-damage|p2a: Scizor|72\/100 brn|[from] brn\n|upkeep\n|turn|32\n|\n|switch|p2a: Chansey|Chansey, F|32\/100\n|-damage|p2a: Chansey|19\/100|[from] Stealth Rock\n|move|p1a: Atlas|Fiery Dance|p2a: Chansey\n|-damage|p2a: Chansey|6\/100\n|-boost|p1a: Atlas|spa|1\n|\n|upkeep\n|turn|33\n|\n|move|p1a: Atlas|Fiery Dance|p2a: Chansey\n|-damage|p2a: Chansey|0 fnt\n|faint|p2a: Chansey\n|\n|upkeep\n|-message|taz04 forfeited.\n|\n|win|Ohmboy Tesla\n|l|\u2606taz04\n|raw|Ohmboy Tesla's rating: 1644 &rarr; <strong>1662<\/strong><br \/>(+18 for winning)\n|raw|taz04's rating: 1612 &rarr; <strong>1594<\/strong><br \/>(-18 for losing)\n","inputlog":null,"uploadtime":1524655128,"views":2,"p1id":"ohmboytesla","p2id":"taz04","formatid":"gen7ou","rating":1594,"private":0,"password":null}