{"id":"gen7ou-929607117","p1":"Setup-bait","p2":"CarlyBae","format":"gen7ou","log":"|j|\u2606Setup-bait\n|j|\u2606CarlyBae\n|player|p1|Setup-bait|2\n|player|p2|CarlyBae|138\n|teamsize|p1|6\n|teamsize|p2|6\n|gametype|singles\n|gen|7\n|tier|[Gen 7] OU\n|rated|\n|rule|Sleep Clause Mod: Limit one foe put to sleep\n|rule|Species Clause: Limit one of each Pok\u00e9mon\n|rule|OHKO Clause: OHKO moves are banned\n|rule|Moody Clause: Moody is banned\n|rule|Evasion Moves Clause: Evasion moves are banned\n|rule|Endless Battle Clause: Forcing endless battles is banned\n|rule|HP Percentage Mod: HP is shown in percentages\n|clearpoke\n|poke|p1|Tyranitar, M|item\n|poke|p1|Toxapex, M|item\n|poke|p1|Medicham, M|item\n|poke|p1|Kartana|item\n|poke|p1|Garchomp, F|item\n|poke|p1|Celesteela|item\n|poke|p2|Tapu Fini|item\n|poke|p2|Meloetta|item\n|poke|p2|Lopunny, M|item\n|poke|p2|Ferrothorn, F|item\n|poke|p2|Landorus-Therian, M|item\n|poke|p2|Blacephalon|item\n|teampreview\n|inactive|Battle timer is ON: inactive players will automatically lose when time's up. (requested by Setup-bait)\n|j| Mindwaves\n|\n|start\n|switch|p1a: Garchomp|Garchomp, F|404\/404\n|switch|p2a: Landorus|Landorus-Therian, M|382\/382\n|-ability|p2a: Landorus|Intimidate|boost\n|-unboost|p1a: Garchomp|atk|1\n|turn|1\n|j| brockus\n|\n|move|p1a: Garchomp|Stealth Rock|p2a: Landorus\n|-sidestart|p2: CarlyBae|move: Stealth Rock\n|move|p2a: Landorus|Stealth Rock|p1a: Garchomp\n|-sidestart|p1: Setup-bait|move: Stealth Rock\n|\n|upkeep\n|turn|2\n|\n|move|p1a: Garchomp|Toxic|p2a: Landorus\n|-status|p2a: Landorus|tox\n|move|p2a: Landorus|Earthquake|p1a: Garchomp\n|-crit|p1a: Garchomp\n|-damage|p1a: Garchomp|196\/404\n|\n|-damage|p2a: Landorus|359\/382 tox|[from] psn\n|upkeep\n|turn|3\n|\n|move|p1a: Garchomp|Earthquake|p2a: Landorus\n|-immune|p2a: Landorus\n|move|p2a: Landorus|U-turn|p1a: Garchomp\n|-crit|p1a: Garchomp\n|-damage|p1a: Garchomp|98\/404\n|-damage|p2a: Landorus|312\/382 tox|[from] ability: Rough Skin|[of] p1a: Garchomp\n|-damage|p2a: Landorus|249\/382 tox|[from] item: Rocky Helmet|[of] p1a: Garchomp\n|j| oh yeah gotcha\n|\n|switch|p2a: Lopunny|Lopunny, M|271\/271\n|-damage|p2a: Lopunny|238\/271|[from] Stealth Rock\n|\n|upkeep\n|turn|4\n|n| ylassc|ohyeahgotcha\n|\n|detailschange|p2a: Lopunny|Lopunny-Mega, M\n|-mega|p2a: Lopunny|Lopunny|Lopunnite\n|move|p2a: Lopunny|Frustration|p1a: Garchomp\n|-damage|p1a: Garchomp|0 fnt\n|-damage|p2a: Lopunny|205\/271|[from] ability: Rough Skin|[of] p1a: Garchomp\n|-damage|p2a: Lopunny|160\/271|[from] item: Rocky Helmet|[of] p1a: Garchomp\n|faint|p1a: Garchomp\n|\n|upkeep\n|n| oh yeah gotcha|ylassc\n|\n|switch|p1a: Kartana|Kartana|259\/259\n|-damage|p1a: Kartana|243\/259|[from] Stealth Rock\n|turn|5\n|\n|switch|p1a: Medicham|Medicham, M|261\/261\n|-damage|p1a: Medicham|245\/261|[from] Stealth Rock\n|switch|p2a: Landorus|Landorus-Therian, M|249\/382 tox\n|-damage|p2a: Landorus|202\/382 tox|[from] Stealth Rock\n|-ability|p2a: Landorus|Intimidate|boost\n|-unboost|p1a: Medicham|atk|1\n|\n|-damage|p2a: Landorus|179\/382 tox|[from] psn\n|upkeep\n|turn|6\n|\n|switch|p2a: Tapu Fini|Tapu Fini|344\/344\n|-damage|p2a: Tapu Fini|301\/344|[from] Stealth Rock\n|-fieldstart|move: Misty Terrain|[from] ability: Misty Surge|[of] p2a: Tapu Fini\n|move|p1a: Medicham|Substitute|p1a: Medicham\n|-start|p1a: Medicham|Substitute\n|-damage|p1a: Medicham|180\/261\n|\n|-heal|p2a: Tapu Fini|322\/344|[from] item: Leftovers\n|upkeep\n|turn|7\n|c| oh yeah gotcha|D:\n|c| oh yeah gotcha|wait a sec\n|\n|move|p1a: Medicham|Recover|p1a: Medicham\n|-heal|p1a: Medicham|261\/261\n|move|p2a: Tapu Fini|Surf|p1a: Medicham\n|-end|p1a: Medicham|Substitute\n|\n|-heal|p2a: Tapu Fini|343\/344|[from] item: Leftovers\n|upkeep\n|turn|8\n|c| oh yeah gotcha|D:\n|c|\u2606Setup-bait|Xd\n|c| oh yeah gotcha|setup-bait hot set there\n|c|\u2606CarlyBae|is this bulk up\/work up?\n|inactive|CarlyBae has 120 seconds left.\n|\n|move|p1a: Medicham|Substitute|p1a: Medicham\n|-start|p1a: Medicham|Substitute\n|-damage|p1a: Medicham|196\/261\n|move|p2a: Tapu Fini|Surf|p1a: Medicham\n|-end|p1a: Medicham|Substitute\n|\n|-heal|p2a: Tapu Fini|344\/344|[from] item: Leftovers\n|upkeep\n|turn|9\n|inactive|CarlyBae has 120 seconds left.\n|c| oh yeah gotcha|carlybae you've seen that before?\n|inactive|Setup-bait has 120 seconds left.\n|\n|switch|p1a: Celesteela|Celesteela|361\/361\n|-damage|p1a: Celesteela|316\/361|[from] Stealth Rock\n|move|p2a: Tapu Fini|Taunt|p1a: Celesteela\n|-start|p1a: Celesteela|move: Taunt\n|\n|upkeep\n|turn|10\n|c|\u2606CarlyBae|no but i've thought about using it before lmao\n|c| oh yeah gotcha|lmao\n|c|\u2606Setup-bait|Lol\n|inactive|CarlyBae has 120 seconds left.\n|c|\u2606Setup-bait|It's a bait\n|\n|move|p2a: Tapu Fini|Defog|p1a: Celesteela\n|-unboost|p1a: Celesteela|evasion|1\n|-sideend|p1: Setup-bait|Stealth Rock|[from] move: Defog|[of] p2a: Tapu Fini\n|-sideend|p2: CarlyBae|Stealth Rock|[from] move: Defog|[of] p2a: Tapu Fini\n|move|p1a: Celesteela|Heavy Slam|p2a: Tapu Fini\n|-damage|p2a: Tapu Fini|95\/344\n|\n|-heal|p2a: Tapu Fini|116\/344|[from] item: Leftovers\n|-fieldend|Misty Terrain\n|upkeep\n|turn|11\n|\n|switch|p2a: Ferrothorn|Ferrothorn, F|352\/352\n|switch|p1a: Medicham|Medicham, M|196\/261\n|\n|upkeep\n|turn|12\n|c| oh yeah gotcha|setup-bait what's the highest you've reached w\/ this team\n|\n|switch|p2a: Landorus|Landorus-Therian, M|179\/382 tox\n|-ability|p2a: Landorus|Intimidate|boost\n|-unboost|p1a: Medicham|atk|1\n|move|p1a: Medicham|High Jump Kick|p2a: Landorus\n|-resisted|p2a: Landorus\n|-damage|p2a: Landorus|70\/382 tox\n|-damage|p1a: Medicham|153\/261|[from] item: Rocky Helmet|[of] p2a: Landorus\n|-damage|p1a: Medicham|127\/261|[from] item: Life Orb\n|\n|-damage|p2a: Landorus|47\/382 tox|[from] psn\n|upkeep\n|turn|13\n|\n|move|p1a: Medicham|Zen Headbutt|p2a: Landorus\n|-damage|p2a: Landorus|0 fnt\n|-damage|p1a: Medicham|84\/261|[from] item: Rocky Helmet|[of] p2a: Landorus\n|-damage|p1a: Medicham|58\/261|[from] item: Life Orb\n|faint|p2a: Landorus\n|\n|upkeep\n|c|\u2606Setup-bait|I just made this team\n|c| oh yeah gotcha|lmao\n|c| oh yeah gotcha|LO medi\n|c| oh yeah gotcha|fresh\n|c|\u2606Setup-bait|I don't really look at my rank\n|\n|switch|p2a: Meloetta|Meloetta|341\/341\n|turn|14\n|\n|-zpower|p2a: Meloetta\n|move|p2a: Meloetta|Z-Celebrate|p2a: Meloetta|[anim]Celebrate\n|-boost|p2a: Meloetta|atk|1|[zeffect]\n|-boost|p2a: Meloetta|def|1|[zeffect]\n|-boost|p2a: Meloetta|spa|1|[zeffect]\n|-boost|p2a: Meloetta|spd|1|[zeffect]\n|-boost|p2a: Meloetta|spe|1|[zeffect]\n|-activate|p2a: Meloetta|move: Celebrate\n|move|p1a: Medicham|High Jump Kick|p2a: Meloetta\n|-damage|p2a: Meloetta|130\/341\n|-damage|p1a: Medicham|32\/261|[from] item: Life Orb\n|\n|upkeep\n|turn|15\n|\n|move|p2a: Meloetta|Hyper Voice|p1a: Medicham\n|-crit|p1a: Medicham\n|-damage|p1a: Medicham|0 fnt\n|faint|p1a: Medicham\n|\n|upkeep\n|\n|switch|p1a: Kartana|Kartana|243\/259\n|turn|16\n|c| oh yeah gotcha|1725 is not bad tho\n|inactive|CarlyBae has 120 seconds left.\n|c|\u2606Setup-bait|Does sacred sword kill?\n|inactive|Setup-bait has 120 seconds left.\n|c| oh yeah gotcha|depends on your set maybe\n|\n|move|p1a: Kartana|Knock Off|p2a: Meloetta\n|-supereffective|p2a: Meloetta\n|-damage|p2a: Meloetta|0 fnt\n|faint|p2a: Meloetta\n|-ability|p1a: Kartana|Beast Boost|boost\n|-boost|p1a: Kartana|atk|1\n|\n|upkeep\n|c|\u2606Setup-bait|Standadd\n|inactive|CarlyBae has 90 seconds left.\n|l| oh yeah gotcha\n|j| oh yeah gotcha\n|\n|switch|p2a: Lopunny|Lopunny-Mega, M|160\/271\n|turn|17\n|\n|switch|p1a: Toxapex|Toxapex, M|303\/303\n|move|p2a: Lopunny|High Jump Kick|p1a: Toxapex\n|-resisted|p1a: Toxapex\n|-damage|p1a: Toxapex|227\/303\n|\n|-heal|p1a: Toxapex|245\/303|[from] item: Black Sludge\n|upkeep\n|turn|18\n|\n|switch|p2a: Tapu Fini|Tapu Fini|116\/344\n|-fieldstart|move: Misty Terrain|[from] ability: Misty Surge|[of] p2a: Tapu Fini\n|switch|p1a: Celesteela|Celesteela|316\/361\n|\n|-heal|p2a: Tapu Fini|137\/344|[from] item: Leftovers\n|upkeep\n|turn|19\n|\n|move|p2a: Tapu Fini|Taunt|p1a: Celesteela\n|-start|p1a: Celesteela|move: Taunt\n|move|p1a: Celesteela|Heavy Slam|p2a: Tapu Fini\n|-damage|p2a: Tapu Fini|0 fnt\n|faint|p2a: Tapu Fini\n|-ability|p1a: Celesteela|Beast Boost|boost\n|-boost|p1a: Celesteela|atk|1\n|\n|upkeep\n|\n|switch|p2a: Blacephalon|Blacephalon|306\/306\n|turn|20\n|\n|switch|p1a: Toxapex|Toxapex, M|303\/303\n|move|p2a: Blacephalon|Substitute|p2a: Blacephalon\n|-start|p2a: Blacephalon|Substitute\n|-damage|p2a: Blacephalon|230\/306\n|\n|upkeep\n|turn|21\n|c|\u2606Setup-bait|Bandesteela\n|\n|move|p2a: Blacephalon|Calm Mind|p2a: Blacephalon\n|-boost|p2a: Blacephalon|spa|1\n|-boost|p2a: Blacephalon|spd|1\n|move|p1a: Toxapex|Scald|p2a: Blacephalon\n|-supereffective|p2a: Blacephalon\n|-end|p2a: Blacephalon|Substitute\n|\n|upkeep\n|turn|22\n|\n|move|p2a: Blacephalon|Substitute|p2a: Blacephalon\n|-start|p2a: Blacephalon|Substitute\n|-damage|p2a: Blacephalon|154\/306\n|move|p1a: Toxapex|Haze|p1a: Toxapex\n|-clearallboost\n|\n|-fieldend|Misty Terrain\n|upkeep\n|turn|23\n|\n|move|p2a: Blacephalon|Shadow Ball|p1a: Toxapex\n|-damage|p1a: Toxapex|222\/303\n|move|p1a: Toxapex|Scald|p2a: Blacephalon\n|-supereffective|p2a: Blacephalon\n|-end|p2a: Blacephalon|Substitute\n|\n|-heal|p1a: Toxapex|240\/303|[from] item: Black Sludge\n|upkeep\n|turn|24\n|\n|switch|p2a: Ferrothorn|Ferrothorn, F|352\/352\n|move|p1a: Toxapex|Scald|p2a: Ferrothorn\n|-resisted|p2a: Ferrothorn\n|-damage|p2a: Ferrothorn|334\/352\n|\n|-heal|p1a: Toxapex|258\/303|[from] item: Black Sludge\n|upkeep\n|turn|25\n|\n|switch|p1a: Celesteela|Celesteela|316\/361\n|move|p2a: Ferrothorn|Leech Seed|p1a: Celesteela\n|-start|p1a: Celesteela|move: Leech Seed\n|\n|-damage|p1a: Celesteela|271\/361|[from] Leech Seed|[of] p2a: Ferrothorn\n|-heal|p2a: Ferrothorn|352\/352|[silent]\n|upkeep\n|turn|26\n|\n|move|p2a: Ferrothorn|Protect|p2a: Ferrothorn\n|-singleturn|p2a: Ferrothorn|Protect\n|move|p1a: Celesteela|Superpower|p2a: Ferrothorn\n|-activate|p2a: Ferrothorn|move: Protect\n|\n|-damage|p1a: Celesteela|226\/361|[from] Leech Seed|[of] p2a: Ferrothorn\n|upkeep\n|turn|27\n|\n|switch|p1a: Tyranitar|Tyranitar, M|341\/341\n|-weather|Sandstorm|[from] ability: Sand Stream|[of] p1a: Tyranitar\n|move|p2a: Ferrothorn|Leech Seed|p1a: Tyranitar\n|-start|p1a: Tyranitar|move: Leech Seed\n|\n|-weather|Sandstorm|[upkeep]\n|-damage|p1a: Tyranitar|299\/341|[from] Leech Seed|[of] p2a: Ferrothorn\n|upkeep\n|turn|28\n|\n|switch|p1a: Celesteela|Celesteela|226\/361\n|move|p2a: Ferrothorn|Leech Seed|p1a: Celesteela\n|-start|p1a: Celesteela|move: Leech Seed\n|\n|-weather|Sandstorm|[upkeep]\n|-damage|p1a: Celesteela|181\/361|[from] Leech Seed|[of] p2a: Ferrothorn\n|upkeep\n|turn|29\n|\n|switch|p1a: Kartana|Kartana|243\/259\n|switch|p2a: Blacephalon|Blacephalon|154\/306\n|\n|-weather|Sandstorm|[upkeep]\n|-damage|p2a: Blacephalon|135\/306|[from] Sandstorm\n|upkeep\n|turn|30\n|\n|switch|p2a: Ferrothorn|Ferrothorn, F|352\/352\n|move|p1a: Kartana|Knock Off|p2a: Ferrothorn\n|-damage|p2a: Ferrothorn|238\/352\n|-damage|p1a: Kartana|211\/259|[from] ability: Iron Barbs|[of] p2a: Ferrothorn\n|-enditem|p2a: Ferrothorn|Shed Shell|[from] move: Knock Off|[of] p1a: Kartana\n|\n|-weather|Sandstorm|[upkeep]\n|upkeep\n|turn|31\n|\n|switch|p1a: Celesteela|Celesteela|181\/361\n|move|p2a: Ferrothorn|Leech Seed|p1a: Celesteela\n|-start|p1a: Celesteela|move: Leech Seed\n|\n|-weather|none\n|-damage|p1a: Celesteela|136\/361|[from] Leech Seed|[of] p2a: Ferrothorn\n|-heal|p2a: Ferrothorn|283\/352|[silent]\n|upkeep\n|turn|32\n|\n|switch|p1a: Kartana|Kartana|211\/259\n|move|p2a: Ferrothorn|Protect||[still]\n|-fail|p2a: Ferrothorn\n|\n|upkeep\n|turn|33\n|\n|switch|p1a: Celesteela|Celesteela|136\/361\n|move|p2a: Ferrothorn|Protect||[still]\n|-fail|p2a: Ferrothorn\n|\n|upkeep\n|turn|34\n|l| brockus\n|\n|move|p2a: Ferrothorn|Protect|p2a: Ferrothorn\n|-singleturn|p2a: Ferrothorn|Protect\n|move|p1a: Celesteela|Fire Blast|p2a: Ferrothorn\n|-activate|p2a: Ferrothorn|move: Protect\n|\n|upkeep\n|turn|35\n|\n|switch|p2a: Lopunny|Lopunny-Mega, M|160\/271\n|move|p1a: Celesteela|Fire Blast|p2a: Lopunny\n|-damage|p2a: Lopunny|78\/271\n|\n|upkeep\n|turn|36\n|\n|switch|p1a: Toxapex|Toxapex, M|303\/303\n|move|p2a: Lopunny|High Jump Kick|p1a: Toxapex\n|-resisted|p1a: Toxapex\n|-damage|p1a: Toxapex|219\/303\n|\n|-heal|p1a: Toxapex|237\/303|[from] item: Black Sludge\n|upkeep\n|turn|37\n|\n|switch|p1a: Celesteela|Celesteela|136\/361\n|move|p2a: Lopunny|High Jump Kick|p1a: Celesteela\n|-damage|p1a: Celesteela|0 fnt\n|faint|p1a: Celesteela\n|\n|upkeep\n|\n|switch|p1a: Kartana|Kartana|211\/259\n|turn|38\n|\n|move|p1a: Kartana|Sacred Sword|p2a: Lopunny\n|-supereffective|p2a: Lopunny\n|-damage|p2a: Lopunny|0 fnt\n|faint|p2a: Lopunny\n|-ability|p1a: Kartana|Beast Boost|boost\n|-boost|p1a: Kartana|atk|1\n|\n|upkeep\n|\n|switch|p2a: Blacephalon|Blacephalon|135\/306\n|turn|39\n|\n|switch|p1a: Toxapex|Toxapex, M|303\/303\n|move|p2a: Blacephalon|Substitute|p2a: Blacephalon\n|-start|p2a: Blacephalon|Substitute\n|-damage|p2a: Blacephalon|59\/306\n|-enditem|p2a: Blacephalon|Aguav Berry|[eat]\n|-heal|p2a: Blacephalon|212\/306|[from] item: Aguav Berry\n|\n|upkeep\n|turn|40\n|\n|switch|p2a: Ferrothorn|Ferrothorn, F|283\/352\n|move|p1a: Toxapex|Scald|p2a: Ferrothorn\n|-resisted|p2a: Ferrothorn\n|-damage|p2a: Ferrothorn|264\/352\n|-status|p2a: Ferrothorn|brn\n|\n|-damage|p2a: Ferrothorn|242\/352 brn|[from] brn\n|upkeep\n|turn|41\n|\n|switch|p1a: Kartana|Kartana|211\/259\n|move|p2a: Ferrothorn|Leech Seed|p1a: Kartana\n|-immune|p1a: Kartana\n|\n|-damage|p2a: Ferrothorn|220\/352 brn|[from] brn\n|upkeep\n|turn|42\n|\n|move|p2a: Ferrothorn|Protect|p2a: Ferrothorn\n|-singleturn|p2a: Ferrothorn|Protect\n|move|p1a: Kartana|Knock Off|p2a: Ferrothorn\n|-activate|p2a: Ferrothorn|move: Protect\n|\n|-damage|p2a: Ferrothorn|198\/352 brn|[from] brn\n|upkeep\n|turn|43\n|\n|move|p1a: Kartana|Knock Off|p2a: Ferrothorn\n|-damage|p2a: Ferrothorn|118\/352 brn\n|-damage|p1a: Kartana|179\/259|[from] ability: Iron Barbs|[of] p2a: Ferrothorn\n|move|p2a: Ferrothorn|Spikes|p1a: Kartana\n|-sidestart|p1: Setup-bait|Spikes\n|\n|-damage|p2a: Ferrothorn|96\/352 brn|[from] brn\n|upkeep\n|turn|44\n|\n|switch|p1a: Tyranitar|Tyranitar, M|299\/341\n|-damage|p1a: Tyranitar|257\/341|[from] Spikes\n|-weather|Sandstorm|[from] ability: Sand Stream|[of] p1a: Tyranitar\n|move|p2a: Ferrothorn|Power Whip|p1a: Tyranitar\n|-supereffective|p1a: Tyranitar\n|-damage|p1a: Tyranitar|130\/341\n|\n|-weather|Sandstorm|[upkeep]\n|-damage|p2a: Ferrothorn|74\/352 brn|[from] brn\n|upkeep\n|turn|45\n|\n|detailschange|p1a: Tyranitar|Tyranitar-Mega, M\n|-mega|p1a: Tyranitar|Tyranitar|Tyranitarite\n|move|p1a: Tyranitar|Fire Punch|p2a: Ferrothorn\n|-supereffective|p2a: Ferrothorn\n|-damage|p2a: Ferrothorn|0 fnt\n|-damage|p1a: Tyranitar|88\/341|[from] ability: Iron Barbs|[of] p2a: Ferrothorn\n|faint|p2a: Ferrothorn\n|\n|-weather|Sandstorm|[upkeep]\n|upkeep\n|\n|switch|p2a: Blacephalon|Blacephalon|212\/306\n|turn|46\n|\n|move|p2a: Blacephalon|Fire Blast|p1a: Tyranitar\n|-resisted|p1a: Tyranitar\n|-damage|p1a: Tyranitar|38\/341\n|move|p1a: Tyranitar|Dragon Dance|p1a: Tyranitar\n|-boost|p1a: Tyranitar|atk|1\n|-boost|p1a: Tyranitar|spe|1\n|\n|-weather|Sandstorm|[upkeep]\n|-damage|p2a: Blacephalon|193\/306|[from] Sandstorm\n|upkeep\n|turn|47\n|\n|move|p1a: Tyranitar|Earthquake|p2a: Blacephalon\n|-supereffective|p2a: Blacephalon\n|-damage|p2a: Blacephalon|0 fnt\n|faint|p2a: Blacephalon\n|\n|win|Setup-bait\n|c|\u2606Setup-bait|Gg\n|c|\u2606CarlyBae|gg\n|raw|Setup-bait's rating: 1725 &rarr; <strong>1744<\/strong><br \/>(+19 for winning)\n|raw|CarlyBae's rating: 1484 &rarr; <strong>1476<\/strong><br \/>(-8 for losing)\n","uploadtime":1560736155,"views":23,"p1id":"setupbait","p2id":"carlybae","formatid":"gen7ou","rating":1476,"private":0,"password":null}