{"id":"gen7letsgoou-1685323509","p1":"Casino Boi","p2":"knexhawk2","format":"gen7letsgoou","log":"|j|\u2606Casino Boi\n|j|\u2606knexhawk2\n|inactive|Battle timer is ON: inactive players will automatically lose when time's up.\n|t:|1665720691\n|gametype|singles\n|player|p1|Casino Boi|eusine|\n|player|p2|knexhawk2|red-masters|\n|teamsize|p1|6\n|teamsize|p2|6\n|gen|7\n|tier|[Gen 7 Let's Go] OU\n|rated|Tournament battle\n|rule|Species Clause: Limit one of each Pok\u00e9mon\n|rule|OHKO Clause: OHKO moves are banned\n|rule|Evasion Moves Clause: Evasion moves are banned\n|rule|HP Percentage Mod: HP is shown in percentages\n|rule|Sleep Clause Mod: Limit one foe put to sleep\n|clearpoke\n|poke|p1|Beedrill, L50, F|item\n|poke|p1|Persian-Alola, L50, F|\n|poke|p1|Sandslash, L50, F|\n|poke|p1|Zapdos, L50|\n|poke|p1|Melmetal, L50|\n|poke|p1|Mew, L50|\n|poke|p2|Alakazam, L50, M|item\n|poke|p2|Zapdos, L50|\n|poke|p2|Gengar, L50, F|\n|poke|p2|Mew, L50|\n|poke|p2|Melmetal, L50|\n|poke|p2|Rhydon, L50, M|\n|teampreview\n|j| superstar\n|\n|t:|1665720698\n|start\n|switch|p1a: Persian|Persian-Alola, L50, F|100\/100\n|switch|p2a: Mew|Mew, L50|100\/100\n|turn|1\n|\n|t:|1665720706\n|move|p1a: Persian|U-turn|p2a: Mew\n|-supereffective|p2a: Mew\n|-damage|p2a: Mew|79\/100\n|j| prettyvenomothad\n|\n|t:|1665720711\n|switch|p1a: Mew|Mew, L50|100\/100|[from]move: U-turn\n|move|p2a: Mew|U-turn|p1a: Mew\n|-supereffective|p1a: Mew\n|-damage|p1a: Mew|70\/100\n|\n|t:|1665720715\n|switch|p2a: Gengar|Gengar, L50, F|100\/100|[from]move: U-turn\n|\n|upkeep\n|turn|2\n|\n|t:|1665720723\n|switch|p1a: Persian|Persian-Alola, L50, F|100\/100\n|move|p2a: Gengar|Will-O-Wisp|p1a: Persian\n|-status|p1a: Persian|brn\n|\n|-damage|p1a: Persian|95\/100 brn|[from] brn\n|upkeep\n|turn|3\n|\n|t:|1665720729\n|switch|p2a: Zapdos|Zapdos, L50|100\/100\n|move|p1a: Persian|Dark Pulse|p2a: Zapdos\n|-damage|p2a: Zapdos|73\/100\n|\n|-damage|p1a: Persian|89\/100 brn|[from] brn\n|upkeep\n|turn|4\n|c|\u2606knexhawk2|also\n|c|\u2606knexhawk2|why is everything level 50\n|\n|t:|1665720737\n|move|p1a: Persian|U-turn|p2a: Zapdos\n|-resisted|p2a: Zapdos\n|-damage|p2a: Zapdos|70\/100\n|\n|t:|1665720741\n|switch|p1a: Sandslash|Sandslash, L50, F|100\/100|[from]move: U-turn\n|move|p2a: Zapdos|Roost|p2a: Zapdos\n|-heal|p2a: Zapdos|100\/100\n|-singleturn|p2a: Zapdos|move: Roost\n|\n|upkeep\n|turn|5\n|\n|t:|1665720745\n|switch|p2a: Mew|Mew, L50|79\/100\n|move|p1a: Sandslash|Stealth Rock|p2a: Mew\n|-sidestart|p2: knexhawk2|move: Stealth Rock\n|\n|upkeep\n|turn|6\n|\n|t:|1665720753\n|move|p2a: Mew|Will-O-Wisp|p1a: Sandslash\n|-status|p1a: Sandslash|brn\n|move|p1a: Sandslash|Toxic|p2a: Mew\n|-status|p2a: Mew|tox\n|\n|-damage|p2a: Mew|73\/100 tox|[from] psn\n|-damage|p1a: Sandslash|94\/100 brn|[from] brn\n|upkeep\n|turn|7\n|\n|t:|1665720764\n|switch|p1a: Mew|Mew, L50|70\/100\n|move|p2a: Mew|U-turn|p1a: Mew\n|-supereffective|p1a: Mew\n|-damage|p1a: Mew|39\/100\n|\n|t:|1665720767\n|switch|p2a: Gengar|Gengar, L50, F|100\/100|[from]move: U-turn\n|-damage|p2a: Gengar|89\/100|[from] Stealth Rock\n|\n|upkeep\n|turn|8\n|\n|t:|1665720774\n|switch|p1a: Persian|Persian-Alola, L50, F|89\/100 brn\n|move|p2a: Gengar|Shadow Ball|p1a: Persian\n|-resisted|p1a: Persian\n|-damage|p1a: Persian|56\/100 brn\n|\n|-damage|p1a: Persian|50\/100 brn|[from] brn\n|upkeep\n|turn|9\n|\n|t:|1665720790\n|switch|p2a: Melmetal|Melmetal, L50|100\/100\n|-damage|p2a: Melmetal|94\/100|[from] Stealth Rock\n|move|p1a: Persian|Dark Pulse|p2a: Melmetal\n|-damage|p2a: Melmetal|67\/100\n|\n|-damage|p1a: Persian|45\/100 brn|[from] brn\n|upkeep\n|turn|10\n|\n|t:|1665720802\n|move|p1a: Persian|U-turn|p2a: Melmetal\n|-resisted|p2a: Melmetal\n|-damage|p2a: Melmetal|66\/100\n|\n|t:|1665720805\n|switch|p1a: Zapdos|Zapdos, L50|100\/100|[from]move: U-turn\n|move|p2a: Melmetal|Ice Punch|p1a: Zapdos\n|-supereffective|p1a: Zapdos\n|-damage|p1a: Zapdos|34\/100\n|\n|upkeep\n|turn|11\n|\n|t:|1665720811\n|switch|p2a: Rhydon|Rhydon, L50, M|100\/100\n|-damage|p2a: Rhydon|94\/100|[from] Stealth Rock\n|move|p1a: Zapdos|Thunderbolt|p2a: Rhydon\n|-immune|p2a: Rhydon\n|\n|upkeep\n|turn|12\n|\n|t:|1665720818\n|move|p1a: Zapdos|U-turn|p2a: Rhydon\n|-damage|p2a: Rhydon|81\/100\n|\n|t:|1665720823\n|switch|p1a: Beedrill|Beedrill, L50, F|100\/100|[from]move: U-turn\n|move|p2a: Rhydon|Stealth Rock|p1a: Beedrill\n|-sidestart|p1: Casino Boi|move: Stealth Rock\n|\n|upkeep\n|turn|13\n|\n|t:|1665720827\n|detailschange|p1a: Beedrill|Beedrill-Mega, L50, F\n|-mega|p1a: Beedrill|Beedrill|Beedrillite\n|move|p1a: Beedrill|U-turn|p2a: Rhydon\n|-damage|p2a: Rhydon|53\/100\n|c|\u2606knexhawk2|is there no removal in this meta\n|c|\u2606knexhawk2|like at all\n|\n|t:|1665720835\n|switch|p1a: Mew|Mew, L50|39\/100|[from]move: U-turn\n|-damage|p1a: Mew|27\/100|[from] Stealth Rock\n|move|p2a: Rhydon|Rock Slide|p1a: Mew|[miss]\n|-miss|p2a: Rhydon|p1a: Mew\n|\n|upkeep\n|turn|14\n|\n|t:|1665720843\n|switch|p2a: Gengar|Gengar, L50, F|89\/100\n|-damage|p2a: Gengar|77\/100|[from] Stealth Rock\n|move|p1a: Mew|Psychic|p2a: Gengar\n|-supereffective|p2a: Gengar\n|-damage|p2a: Gengar|0 fnt\n|faint|p2a: Gengar\n|\n|upkeep\n|\n|t:|1665720845\n|switch|p2a: Alakazam|Alakazam, L50, M|100\/100\n|-damage|p2a: Alakazam|88\/100|[from] Stealth Rock\n|turn|15\n|\n|t:|1665720852\n|detailschange|p2a: Alakazam|Alakazam-Mega, L50, M\n|-mega|p2a: Alakazam|Alakazam|Alakazite\n|move|p2a: Alakazam|Shadow Ball|p1a: Mew\n|-supereffective|p1a: Mew\n|-damage|p1a: Mew|0 fnt\n|faint|p1a: Mew\n|\n|upkeep\n|\n|t:|1665720860\n|switch|p1a: Melmetal|Melmetal, L50|100\/100\n|-damage|p1a: Melmetal|94\/100|[from] Stealth Rock\n|turn|16\n|\n|t:|1665720866\n|switch|p2a: Zapdos|Zapdos, L50|100\/100\n|-damage|p2a: Zapdos|76\/100|[from] Stealth Rock\n|move|p1a: Melmetal|Thunder Wave|p2a: Zapdos\n|-immune|p2a: Zapdos\n|\n|upkeep\n|turn|17\n|\n|t:|1665720871\n|switch|p1a: Sandslash|Sandslash, L50, F|94\/100 brn\n|-damage|p1a: Sandslash|88\/100 brn|[from] Stealth Rock\n|move|p2a: Zapdos|Reflect|p2a: Zapdos\n|-sidestart|p2: knexhawk2|Reflect\n|\n|-damage|p1a: Sandslash|82\/100 brn|[from] brn\n|upkeep\n|turn|18\n|\n|t:|1665720876\n|move|p2a: Zapdos|U-turn|p1a: Sandslash\n|-damage|p1a: Sandslash|68\/100 brn\n|\n|t:|1665720878\n|switch|p2a: Mew|Mew, L50|73\/100 tox|[from]move: U-turn\n|-damage|p2a: Mew|61\/100 tox|[from] Stealth Rock\n|move|p1a: Sandslash|Toxic|p2a: Mew\n|-fail|p2a: Mew|tox\n|\n|-damage|p2a: Mew|55\/100 tox|[from] psn\n|-damage|p1a: Sandslash|62\/100 brn|[from] brn\n|upkeep\n|turn|19\n|\n|t:|1665720883\n|switch|p1a: Persian|Persian-Alola, L50, F|45\/100 brn\n|-damage|p1a: Persian|33\/100 brn|[from] Stealth Rock\n|move|p2a: Mew|Roost|p2a: Mew\n|-heal|p2a: Mew|100\/100 tox\n|-singleturn|p2a: Mew|move: Roost\n|\n|-damage|p2a: Mew|89\/100 tox|[from] psn\n|-damage|p1a: Persian|27\/100 brn|[from] brn\n|upkeep\n|turn|20\n|\n|t:|1665720892\n|move|p1a: Persian|Dark Pulse|p2a: Mew\n|-supereffective|p2a: Mew\n|-damage|p2a: Mew|44\/100 tox\n|cant|p2a: Mew|flinch\n|\n|-damage|p2a: Mew|27\/100 tox|[from] psn\n|-damage|p1a: Persian|21\/100 brn|[from] brn\n|upkeep\n|turn|21\n|\n|t:|1665720913\n|switch|p2a: Melmetal|Melmetal, L50|66\/100\n|-damage|p2a: Melmetal|60\/100|[from] Stealth Rock\n|move|p1a: Persian|Dark Pulse|p2a: Melmetal\n|-damage|p2a: Melmetal|31\/100\n|\n|-damage|p1a: Persian|15\/100 brn|[from] brn\n|-sideend|p2: knexhawk2|Reflect\n|upkeep\n|turn|22\n|\n|t:|1665720926\n|move|p1a: Persian|Foul Play|p2a: Melmetal\n|-damage|p2a: Melmetal|15\/100\n|move|p2a: Melmetal|Ice Punch|p1a: Persian\n|-damage|p1a: Persian|0 fnt\n|faint|p1a: Persian\n|\n|upkeep\n|\n|t:|1665720933\n|switch|p1a: Beedrill|Beedrill-Mega, L50, F|100\/100\n|-damage|p1a: Beedrill|76\/100|[from] Stealth Rock\n|turn|23\n|\n|t:|1665720939\n|move|p1a: Beedrill|Drill Run|p2a: Melmetal\n|-supereffective|p2a: Melmetal\n|-damage|p2a: Melmetal|0 fnt\n|faint|p2a: Melmetal\n|\n|upkeep\n|\n|t:|1665720941\n|switch|p2a: Alakazam|Alakazam-Mega, L50, M|88\/100\n|-damage|p2a: Alakazam|76\/100|[from] Stealth Rock\n|turn|24\n|\n|t:|1665720952\n|switch|p2a: Zapdos|Zapdos, L50|76\/100\n|-damage|p2a: Zapdos|51\/100|[from] Stealth Rock\n|switch|p1a: Zapdos|Zapdos, L50|34\/100\n|-damage|p1a: Zapdos|9\/100|[from] Stealth Rock\n|\n|upkeep\n|turn|25\n|\n|t:|1665720957\n|move|p1a: Zapdos|Thunderbolt|p2a: Zapdos\n|-damage|p2a: Zapdos|7\/100\n|move|p2a: Zapdos|Thunderbolt|p1a: Zapdos\n|-damage|p1a: Zapdos|0 fnt\n|faint|p1a: Zapdos\n|\n|upkeep\n|\n|t:|1665720963\n|switch|p1a: Beedrill|Beedrill-Mega, L50, F|76\/100\n|-damage|p1a: Beedrill|52\/100|[from] Stealth Rock\n|turn|26\n|\n|t:|1665720967\n|move|p1a: Beedrill|U-turn|p2a: Zapdos\n|-resisted|p2a: Zapdos\n|-damage|p2a: Zapdos|0 fnt\n|faint|p2a: Zapdos\n|\n|t:|1665720980\n|switch|p1a: Melmetal|Melmetal, L50|94\/100|[from]move: U-turn\n|-damage|p1a: Melmetal|88\/100|[from] Stealth Rock\n|\n|upkeep\n|\n|t:|1665720983\n|switch|p2a: Rhydon|Rhydon, L50, M|53\/100\n|-damage|p2a: Rhydon|47\/100|[from] Stealth Rock\n|turn|27\n|\n|t:|1665720991\n|switch|p1a: Sandslash|Sandslash, L50, F|62\/100 brn\n|-damage|p1a: Sandslash|56\/100 brn|[from] Stealth Rock\n|move|p2a: Rhydon|Earthquake|p1a: Sandslash\n|-damage|p1a: Sandslash|12\/100 brn\n|\n|-damage|p1a: Sandslash|6\/100 brn|[from] brn\n|upkeep\n|turn|28\n|\n|t:|1665720997\n|switch|p2a: Mew|Mew, L50|27\/100 tox\n|-damage|p2a: Mew|15\/100 tox|[from] Stealth Rock\n|move|p1a: Sandslash|Earthquake|p2a: Mew\n|-damage|p2a: Mew|0 fnt\n|faint|p2a: Mew\n|\n|-damage|p1a: Sandslash|0 fnt|[from] brn\n|faint|p1a: Sandslash\n|upkeep\n|\n|t:|1665721018\n|switch|p2a: Alakazam|Alakazam-Mega, L50, M|76\/100\n|switch|p1a: Beedrill|Beedrill-Mega, L50, F|52\/100\n|-damage|p2a: Alakazam|64\/100|[from] Stealth Rock\n|-damage|p1a: Beedrill|27\/100|[from] Stealth Rock\n|turn|29\n|\n|t:|1665721023\n|move|p2a: Alakazam|Shadow Ball|p1a: Beedrill\n|-damage|p1a: Beedrill|0 fnt\n|faint|p1a: Beedrill\n|\n|upkeep\n|\n|t:|1665721025\n|switch|p1a: Melmetal|Melmetal, L50|88\/100\n|-damage|p1a: Melmetal|82\/100|[from] Stealth Rock\n|turn|30\n|\n|t:|1665721027\n|move|p2a: Alakazam|Shadow Ball|p1a: Melmetal\n|-damage|p1a: Melmetal|44\/100\n|move|p1a: Melmetal|Double Iron Bash|p2a: Alakazam\n|-damage|p2a: Alakazam|5\/100\n|-damage|p2a: Alakazam|0 fnt\n|faint|p2a: Alakazam\n|-hitcount|p2: Alakazam|2\n|\n|upkeep\n|\n|t:|1665721029\n|switch|p2a: Rhydon|Rhydon, L50, M|47\/100\n|-damage|p2a: Rhydon|40\/100|[from] Stealth Rock\n|turn|31\n|\n|t:|1665721032\n|move|p2a: Rhydon|Earthquake|p1a: Melmetal\n|-supereffective|p1a: Melmetal\n|-damage|p1a: Melmetal|0 fnt\n|faint|p1a: Melmetal\n|\n|win|knexhawk2\n|n|\u2606Casino Boi|casinoboi\n|n|\u2606knexhawk2|knexhawk2\n|n| superstar|superstar\n|n| prettyvenomothad|prettyvenomothad\n","uploadtime":1665721033,"views":6,"p1id":"casinoboi","p2id":"knexhawk2","formatid":"gen7letsgoou","rating":0,"private":0,"password":null}