{"id":"gen7randombattle-950369788","p1":"hamsarvey","p2":"uuuuiiii","format":"gen7randombattle","log":"|j|\u2606hamsarvey\n|j|\u2606uuuuiiii\n|player|p1|hamsarvey|99|1436\n|player|p2|uuuuiiii|265|1483\n|teamsize|p1|6\n|teamsize|p2|6\n|gametype|singles\n|gen|7\n|tier|[Gen 7] Random Battle\n|rated|\n|rule|Sleep Clause Mod: Limit one foe put to sleep\n|rule|HP Percentage Mod: HP is shown in percentages\n|\n|start\n|switch|p1a: Moltres|Moltres, L82|281\/281\n|switch|p2a: Absol|Absol, L83, F|244\/244\n|-ability|p1a: Moltres|Pressure\n|turn|1\n|\n|detailschange|p2a: Absol|Absol-Mega, L83, F\n|-mega|p2a: Absol|Absol|Absolite\n|move|p2a: Absol|Knock Off|p1a: Moltres\n|-damage|p1a: Moltres|184\/281\n|move|p1a: Moltres|Substitute|p1a: Moltres\n|-start|p1a: Moltres|Substitute\n|-damage|p1a: Moltres|114\/281\n|\n|upkeep\n|turn|2\n|\n|switch|p2a: Clefable|Clefable, L80, F|283\/283\n|move|p1a: Moltres|Toxic|p2a: Clefable\n|-status|p2a: Clefable|tox\n|\n|upkeep\n|turn|3\n|\n|move|p1a: Moltres|Hurricane|p2a: Clefable\n|-damage|p2a: Clefable|142\/283 tox\n|-start|p2a: Clefable|confusion\n|-activate|p2a: Clefable|confusion\n|-damage|p2a: Clefable|119\/283 tox|[from] confusion\n|\n|upkeep\n|turn|4\n|\n|move|p1a: Moltres|Hurricane|p2a: Clefable\n|-damage|p2a: Clefable|0 fnt\n|faint|p2a: Clefable\n|\n|upkeep\n|\n|switch|p2a: Absol|Absol-Mega, L83, F|244\/244\n|turn|5\n|\n|move|p2a: Absol|Knock Off|p1a: Moltres\n|-end|p1a: Moltres|Substitute\n|move|p1a: Moltres|Hurricane|p2a: Absol\n|-damage|p2a: Absol|52\/244\n|\n|upkeep\n|turn|6\n|\n|switch|p1a: Porygon2|Porygon2, L84|280\/280\n|-ability|p1a: Porygon2|Magic Bounce|[from] ability: Trace|[of] p2a: Absol\n|move|p2a: Absol|Knock Off|p1a: Porygon2\n|-damage|p1a: Porygon2|190\/280\n|-enditem|p1a: Porygon2|Eviolite|[from] move: Knock Off|[of] p2a: Absol\n|\n|upkeep\n|turn|7\n|\n|switch|p2a: Shiinotic|Shiinotic, L89, F|252\/252\n|move|p1a: Porygon2|Recover|p1a: Porygon2\n|-heal|p1a: Porygon2|280\/280\n|\n|upkeep\n|turn|8\n|\n|move|p1a: Porygon2|Toxic|p2a: Shiinotic\n|-status|p2a: Shiinotic|tox\n|move|p2a: Shiinotic|Spore|p1a: Porygon2\n|move|p1a: Porygon2|Spore|p2a: Shiinotic|[from]Magic Bounce\n|-immune|p2a: Shiinotic\n|\n|-damage|p2a: Shiinotic|237\/252 tox|[from] psn\n|upkeep\n|turn|9\n|\n|switch|p2a: Crawdaunt|Crawdaunt, L82, F|237\/237\n|move|p1a: Porygon2|Tri Attack|p2a: Crawdaunt\n|-damage|p2a: Crawdaunt|110\/237\n|\n|upkeep\n|turn|10\n|\n|move|p1a: Porygon2|Tri Attack|p2a: Crawdaunt\n|-damage|p2a: Crawdaunt|0 fnt\n|faint|p2a: Crawdaunt\n|\n|upkeep\n|-message|uuuuiiii forfeited.\n|\n|win|hamsarvey\n|l|\u2606uuuuiiii\n|raw|hamsarvey's rating: 1436 &rarr; <strong>1459<\/strong><br \/>(+23 for winning)\n|raw|uuuuiiii's rating: 1450 &rarr; <strong>1429<\/strong><br \/>(-21 for losing)\n","inputlog":">version abe2ba1f5ed1aefb382e5d9db372fd9d81bcb4ec\n>start {\"formatid\":\"gen7randombattle\",\"seed\":[55560,62629,13871,33277],\"rated\":\"Rated battle\"}\n>player p1 {\"name\":\"hamsarvey\",\"avatar\":\"99\",\"team\":\"\",\"rating\":1436,\"seed\":[55901,2655,57320,34035]}\n>player p2 {\"name\":\"uuuuiiii\",\"avatar\":\"265\",\"team\":\"\",\"rating\":1483,\"seed\":[15775,4670,64247,13412]}\n>p1 move substitute\n>p2 move knockoff mega\n>p1 move toxic\n>p2 switch 5\n>p1 move hurricane\n>p2 move softboiled\n>p1 move hurricane\n>p2 move softboiled\n>p2 switch 5\n>p1 move hurricane\n>p2 move knockoff\n>p1 switch 5\n>p2 move knockoff\n>p1 move recover\n>p2 switch 3\n>p1 move toxic\n>p2 move spore\n>p1 move triattack\n>p2 switch 2\n>p1 move triattack\n>p2 move crabhammer","uploadtime":1564067249,"views":5,"p1id":"hamsarvey","p2id":"uuuuiiii","formatid":"gen7randombattle","rating":1429,"private":0,"password":null}