{"id":"gen7ou-1669435502","p1":"Flo03041992","p2":"HQSFun","format":"gen7ou","log":"|j|\u2606Flo03041992\n|j|\u2606HQSFun\n|t:|1664050735\n|gametype|singles\n|player|p1|Flo03041992|2|1315\n|player|p2|HQSFun|veteranf|1613\n|teamsize|p1|6\n|teamsize|p2|6\n|gen|7\n|tier|[Gen 7] OU\n|rated|\n|rule|Sleep Clause Mod: Limit one foe put to sleep\n|rule|Species Clause: Limit one of each Pok\u00e9mon\n|rule|OHKO Clause: OHKO moves are banned\n|rule|Moody Clause: Moody is banned\n|rule|Evasion Items Clause: Evasion items are banned\n|rule|Evasion Moves Clause: Evasion moves are banned\n|rule|Endless Battle Clause: Forcing endless battles is banned\n|rule|HP Percentage Mod: HP is shown in percentages\n|clearpoke\n|poke|p1|Lopunny, F|item\n|poke|p1|Tornadus-Therian, M|item\n|poke|p1|Heatran, F|item\n|poke|p1|Gliscor, F|item\n|poke|p1|Greninja, M|item\n|poke|p1|Excadrill, M|item\n|poke|p2|Victini|item\n|poke|p2|Zeraora|item\n|poke|p2|Tornadus-Therian, M|item\n|poke|p2|Toxapex, F|item\n|poke|p2|Ferrothorn, M|item\n|poke|p2|Diancie|item\n|teampreview\n|\n|t:|1664050745\n|start\n|switch|p1a: Lopunny|Lopunny, F|100\/100\n|switch|p2a: Tornadus|Tornadus-Therian, M|100\/100\n|turn|1\n|inactive|Battle timer is ON: inactive players will automatically lose when time's up. (requested by HQSFun)\n|\n|t:|1664050753\n|detailschange|p1a: Lopunny|Lopunny-Mega, F\n|-mega|p1a: Lopunny|Lopunny|Lopunnite\n|move|p1a: Lopunny|Fake Out|p2a: Tornadus\n|-damage|p2a: Tornadus|77\/100\n|-damage|p1a: Lopunny|84\/100|[from] item: Rocky Helmet|[of] p2a: Tornadus\n|cant|p2a: Tornadus|flinch\n|\n|upkeep\n|turn|2\n|\n|t:|1664050766\n|switch|p1a: Heatran|Heatran, F|100\/100\n|move|p2a: Tornadus|Hurricane|p1a: Heatran\n|-resisted|p1a: Heatran\n|-damage|p1a: Heatran|86\/100\n|\n|-heal|p1a: Heatran|92\/100|[from] item: Leftovers\n|upkeep\n|turn|3\n|\n|t:|1664050782\n|switch|p2a: Diancie|Diancie|100\/100\n|move|p1a: Heatran|Stealth Rock|p2a: Diancie\n|-sidestart|p2: HQSFun|move: Stealth Rock\n|\n|-heal|p1a: Heatran|99\/100|[from] item: Leftovers\n|upkeep\n|turn|4\n|\n|t:|1664050796\n|switch|p1a: Excadrill|Excadrill, M|100\/100\n|-ability|p1a: Excadrill|Mold Breaker\n|move|p2a: Diancie|Stealth Rock|p1a: Excadrill\n|-sidestart|p1: Flo03041992|move: Stealth Rock\n|\n|upkeep\n|turn|5\n|\n|t:|1664050804\n|switch|p2a: Tornadus|Tornadus-Therian, M|100\/100\n|-damage|p2a: Tornadus|76\/100|[from] Stealth Rock\n|move|p1a: Excadrill|Rapid Spin|p2a: Tornadus\n|-damage|p2a: Tornadus|67\/100\n|-damage|p1a: Excadrill|84\/100|[from] item: Rocky Helmet|[of] p2a: Tornadus\n|-sideend|p1: Flo03041992|Stealth Rock|[from] move: Rapid Spin|[of] p1a: Excadrill\n|\n|-heal|p1a: Excadrill|90\/100|[from] item: Leftovers\n|upkeep\n|turn|6\n|\n|t:|1664050815\n|move|p2a: Tornadus|Defog|p1a: Excadrill\n|-unboost|p1a: Excadrill|evasion|1\n|-sideend|p2: HQSFun|Stealth Rock|[from] move: Defog|[of] p2a: Tornadus\n|move|p1a: Excadrill|Swords Dance|p1a: Excadrill\n|-boost|p1a: Excadrill|atk|2\n|\n|-heal|p1a: Excadrill|96\/100|[from] item: Leftovers\n|upkeep\n|turn|7\n|\n|t:|1664050829\n|move|p2a: Tornadus|Heat Wave|p1a: Excadrill\n|-supereffective|p1a: Excadrill\n|-damage|p1a: Excadrill|37\/100\n|move|p1a: Excadrill|Iron Head|p2a: Tornadus\n|-damage|p2a: Tornadus|0 fnt\n|-damage|p1a: Excadrill|20\/100|[from] item: Rocky Helmet|[of] p2a: Tornadus\n|faint|p2a: Tornadus\n|\n|-heal|p1a: Excadrill|26\/100|[from] item: Leftovers\n|upkeep\n|\n|t:|1664050835\n|switch|p2a: Diancie|Diancie|100\/100\n|turn|8\n|\n|t:|1664050843\n|detailschange|p2a: Diancie|Diancie-Mega\n|-mega|p2a: Diancie|Diancie|Diancite\n|move|p2a: Diancie|Moonblast|p1a: Excadrill\n|-resisted|p1a: Excadrill\n|-damage|p1a: Excadrill|0 fnt\n|faint|p1a: Excadrill\n|\n|upkeep\n|\n|t:|1664050863\n|switch|p1a: Greninja|Greninja, M|100\/100\n|turn|9\n|\n|t:|1664050867\n|switch|p2a: Ferrothorn|Ferrothorn, M|100\/100\n|move|p1a: Greninja|Hydro Pump|p2a: Ferrothorn|[miss]\n|-miss|p1a: Greninja|p2a: Ferrothorn\n|\n|upkeep\n|turn|10\n|\n|t:|1664050875\n|switch|p1a: Heatran|Heatran, F|99\/100\n|move|p2a: Ferrothorn|Spikes|p1a: Heatran\n|-sidestart|p1: Flo03041992|Spikes\n|\n|-heal|p1a: Heatran|100\/100|[from] item: Leftovers\n|upkeep\n|turn|11\n|\n|t:|1664050884\n|switch|p2a: Diancie|Diancie-Mega|100\/100\n|move|p1a: Heatran|Magma Storm|p2a: Diancie\n|-resisted|p2a: Diancie\n|-damage|p2a: Diancie|74\/100\n|-activate|p2a: Diancie|move: Magma Storm|[of] p1a: Heatran\n|\n|-damage|p2a: Diancie|61\/100|[from] move: Magma Storm|[partiallytrapped]\n|upkeep\n|turn|12\n|\n|t:|1664050894\n|move|p1a: Heatran|Protect|p1a: Heatran\n|-singleturn|p1a: Heatran|Protect\n|move|p2a: Diancie|Earth Power|p1a: Heatran\n|-activate|p1a: Heatran|move: Protect\n|\n|-damage|p2a: Diancie|49\/100|[from] move: Magma Storm|[partiallytrapped]\n|upkeep\n|turn|13\n|\n|t:|1664050907\n|switch|p1a: Tornadus|Tornadus-Therian, M|100\/100\n|move|p2a: Diancie|Earth Power|p1a: Tornadus\n|-immune|p1a: Tornadus\n|\n|-end|p2a: Diancie|Magma Storm|[partiallytrapped]|[silent]\n|upkeep\n|turn|14\n|\n|t:|1664050916\n|move|p2a: Diancie|Moonblast|p1a: Tornadus\n|-damage|p1a: Tornadus|55\/100\n|move|p1a: Tornadus|U-turn|p2a: Diancie\n|-resisted|p2a: Diancie\n|-damage|p2a: Diancie|40\/100\n|\n|t:|1664050929\n|switch|p1a: Lopunny|Lopunny-Mega, F|84\/100|[from]move: U-turn\n|-damage|p1a: Lopunny|72\/100|[from] Spikes\n|\n|upkeep\n|turn|15\n|\n|t:|1664050935\n|switch|p2a: Toxapex|Toxapex, F|100\/100\n|move|p1a: Lopunny|High Jump Kick|p2a: Toxapex\n|-resisted|p2a: Toxapex\n|-damage|p2a: Toxapex|77\/100\n|\n|-heal|p2a: Toxapex|83\/100|[from] item: Black Sludge\n|upkeep\n|turn|16\n|inactive|Flo03041992 has 120 seconds left.\n|\n|t:|1664050968\n|switch|p1a: Heatran|Heatran, F|100\/100\n|-damage|p1a: Heatran|88\/100|[from] Spikes\n|move|p2a: Toxapex|Scald|p1a: Heatran\n|-supereffective|p1a: Heatran\n|-damage|p1a: Heatran|64\/100\n|\n|-heal|p1a: Heatran|70\/100|[from] item: Leftovers\n|-heal|p2a: Toxapex|89\/100|[from] item: Black Sludge\n|upkeep\n|turn|17\n|inactive|Flo03041992 has 120 seconds left.\n|\n|t:|1664050983\n|switch|p2a: Diancie|Diancie-Mega|40\/100\n|move|p1a: Heatran|Magma Storm|p2a: Diancie|[miss]\n|-miss|p1a: Heatran|p2a: Diancie\n|\n|-heal|p1a: Heatran|76\/100|[from] item: Leftovers\n|upkeep\n|turn|18\n|\n|t:|1664050991\n|move|p1a: Heatran|Protect|p1a: Heatran\n|-singleturn|p1a: Heatran|Protect\n|move|p2a: Diancie|Stealth Rock|p1a: Heatran\n|-sidestart|p1: Flo03041992|move: Stealth Rock\n|\n|-heal|p1a: Heatran|83\/100|[from] item: Leftovers\n|upkeep\n|turn|19\n|\n|t:|1664051006\n|move|p2a: Diancie|Earth Power|p1a: Heatran\n|-supereffective|p1a: Heatran\n|-damage|p1a: Heatran|0 fnt\n|faint|p1a: Heatran\n|\n|upkeep\n|-message|Flo03041992 forfeited.\n|\n|win|HQSFun\n|raw|Flo03041992's rating: 1315 &rarr; <strong>1309<\/strong><br \/>(-6 for losing)\n|raw|HQSFun's rating: 1613 &rarr; <strong>1619<\/strong><br \/>(+6 for winning)\n|l|\u2606Flo03041992\n||Ladder isn't responding, score probably updated but might not have (Request timeout).\n","uploadtime":1664051014,"views":4,"p1id":"flo03041992","p2id":"hqsfun","formatid":"gen7ou","rating":1309,"private":0,"password":null}