{"id":"gen7ou-650408563","p1":"Sandinja","p2":"Lkjhgfdsapoi","format":"gen7ou","log":"|j|Sandinja\n|j|Lkjhgfdsapoi\n|player|p1|Sandinja|266\n|teamsize|p1|6\n|player|p2|Lkjhgfdsapoi|266\n|teamsize|p2|6\n|gametype|singles\n|gen|7\n|tier|[Gen 7] OU\n|rated|\n|seed|4006,18890,9626,52347\n|rule|Sleep Clause Mod: Limit one foe put to sleep\n|rule|Species Clause: Limit one of each Pok\u00e9mon\n|rule|OHKO Clause: OHKO moves are banned\n|rule|Moody Clause: Moody is banned\n|rule|Evasion Moves Clause: Evasion moves are banned\n|rule|Endless Battle Clause: Forcing endless battles is banned\n|rule|HP Percentage Mod: HP is shown in percentages\n|clearpoke\n|poke|p1|Excadrill, M|item\n|poke|p1|Xatu, F|item\n|poke|p1|Azumarill, F|item\n|poke|p1|Lopunny, F|item\n|poke|p1|Tyranitar, F|item\n|poke|p1|Shedinja|item\n|poke|p2|Heatran, F|item\n|poke|p2|Landorus-Therian, M|item\n|poke|p2|Azelf|item\n|poke|p2|Beedrill, M|item\n|poke|p2|Greninja, M|item\n|poke|p2|Tapu Koko|item\n|teampreview\n|choice|team 2, team 1, team 3, team 4, team 5, team 6|team 3, team 2, team 1, team 4, team 5, team 6\n|\n|start\n|switch|p1a: Xatu|Xatu, F|334\/334\n|switch|p2a: Azelf|Azelf|291\/291\n|turn|1\n|choice|move uturn|move stealthrock\n|\n|move|p2a: Azelf|Stealth Rock|p1a: Xatu\n|move|p1a: Xatu|Stealth Rock|p2a: Azelf|[from]Magic Bounce\n|-sidestart|p2: Lkjhgfdsapoi|move: Stealth Rock\n|move|p1a: Xatu|U-turn|p2a: Azelf\n|-supereffective|p2a: Azelf\n|-damage|p2a: Azelf|183\/291\n|choice|switch 4|\n|\n|switch|p1a: Lopunny|Lopunny, F|271\/271\n|\n|upkeep\n|turn|2\n|choice|move copycat mega|switch 2\n|\n|switch|p2a: Landorus|Landorus-Therian, M|319\/319\n|-damage|p2a: Landorus|280\/319|[from] Stealth Rock\n|-ability|p2a: Landorus|Intimidate|boost\n|-unboost|p1a: Lopunny|atk|1\n|detailschange|p1a: Lopunny|Lopunny-Mega, F\n|-mega|p1a: Lopunny|Lopunny|Lopunnite\n|move|p1a: Lopunny|Copycat|p1a: Lopunny\n|move|p1a: Lopunny|U-turn|p2a: Landorus|[from]Copycat\n|-resisted|p2a: Landorus\n|-damage|p2a: Landorus|248\/319\n|choice|switch 3|\n|\n|switch|p1a: Azumarill|Azumarill, F, shiny|351\/351\n|\n|upkeep\n|turn|3\n|choice|move aquajet|move earthquake\n|\n|move|p1a: Azumarill|Aqua Jet|p2a: Landorus\n|-supereffective|p2a: Landorus\n|-damage|p2a: Landorus|86\/319\n|move|p2a: Landorus|Earthquake|p1a: Azumarill\n|-damage|p1a: Azumarill|117\/351\n|\n|upkeep\n|turn|4\n|choice|move bellydrum zmove|switch 5\n|\n|switch|p2a: Greninja|Greninja, M|285\/285\n|-damage|p2a: Greninja|250\/285|[from] Stealth Rock\n|-zpower|p1a: Azumarill\n|move|p1a: Azumarill|Z-Belly Drum|p1a: Azumarill|[anim]Belly Drum\n|-heal|p1a: Azumarill|351\/351|[zeffect]\n|-damage|p1a: Azumarill|176\/351\n|-setboost|p1a: Azumarill|atk|6|[from] move: Belly Drum\n|\n|upkeep\n|turn|5\n|choice|move aquajet|move watershuriken\n|\n|move|p2a: Greninja|Water Shuriken|p1a: Azumarill\n|-resisted|p1a: Azumarill\n|-damage|p1a: Azumarill|162\/351\n|-resisted|p1a: Azumarill\n|-damage|p1a: Azumarill|149\/351\n|-resisted|p1a: Azumarill\n|-damage|p1a: Azumarill|136\/351\n|-resisted|p1a: Azumarill\n|-damage|p1a: Azumarill|124\/351\n|-hitcount|p1a: Azumarill|4\n|move|p1a: Azumarill|Aqua Jet|p2a: Greninja\n|-resisted|p2a: Greninja\n|-damage|p2a: Greninja|37\/285\n|\n|upkeep\n|turn|6\n|choice|move aquajet|move watershuriken\n|\n|move|p2a: Greninja|Water Shuriken|p1a: Azumarill\n|-resisted|p1a: Azumarill\n|-damage|p1a: Azumarill|110\/351\n|-resisted|p1a: Azumarill\n|-damage|p1a: Azumarill|96\/351\n|-resisted|p1a: Azumarill\n|-damage|p1a: Azumarill|84\/351\n|-hitcount|p1a: Azumarill|3\n|move|p1a: Azumarill|Aqua Jet|p2a: Greninja\n|-resisted|p2a: Greninja\n|-damage|p2a: Greninja|0 fnt\n|faint|p2a: Greninja\n|\n|upkeep\n|choice||switch 6\n|\n|switch|p2a: Tapu Koko|Tapu Koko|281\/281\n|-damage|p2a: Tapu Koko|246\/281|[from] Stealth Rock\n|-fieldstart|move: Electric Terrain|[from] ability: Electric Surge|[of] p2a: Tapu Koko\n|turn|7\n|choice|move aquajet|move quickattack\n|\n|move|p2a: Tapu Koko|Quick Attack|p1a: Azumarill\n|-damage|p1a: Azumarill|6\/351\n|move|p1a: Azumarill|Aqua Jet|p2a: Tapu Koko\n|-damage|p2a: Tapu Koko|0 fnt\n|faint|p2a: Tapu Koko\n|\n|upkeep\n|-message|Lkjhgfdsapoi forfeited.\n|\n|win|Sandinja\n|l|Lkjhgfdsapoi","inputlog":null,"uploadtime":1508968062,"views":10,"p1id":"sandinja","p2id":"lkjhgfdsapoi","formatid":"gen7ou","rating":0,"private":0,"password":null}