{"id":"gen7ou-944074022","p1":"JoJo321","p2":"Jfsosa10","format":"gen7ou","log":"|j|\u2606JoJo321\n|j|\u2606Jfsosa10\n|player|p1|JoJo321|101|\n|player|p2|Jfsosa10|102|\n|teamsize|p1|6\n|teamsize|p2|6\n|gametype|singles\n|gen|7\n|tier|[Gen 7] OU\n|rated|\n|rule|Sleep Clause Mod: Limit one foe put to sleep\n|rule|Species Clause: Limit one of each Pok\u00e9mon\n|rule|OHKO Clause: OHKO moves are banned\n|rule|Moody Clause: Moody is banned\n|rule|Evasion Moves Clause: Evasion moves are banned\n|rule|Endless Battle Clause: Forcing endless battles is banned\n|rule|HP Percentage Mod: HP is shown in percentages\n|clearpoke\n|poke|p1|Pelipper, F|item\n|poke|p1|Greninja, M|item\n|poke|p1|Swampert, F|item\n|poke|p1|Manaphy|item\n|poke|p1|Ferrothorn, M|item\n|poke|p1|Tornadus-Therian, M|item\n|poke|p2|Heracross, M|item\n|poke|p2|Tapu Koko|item\n|poke|p2|Landorus-Therian, M|item\n|poke|p2|Magearna|item\n|poke|p2|Heatran, F|item\n|poke|p2|Greninja, M|item\n|teampreview\n|j| ha\/YlI\\gh\/T\\eR\n|\n|start\n|switch|p1a: Tornadus|Tornadus-Therian, M|100\/100\n|switch|p2a: Heracross|Heracross, M, shiny|100\/100\n|turn|1\n|\n|switch|p2a: Tapu Koko|Tapu Koko|100\/100\n|-fieldstart|move: Electric Terrain|[from] ability: Electric Surge|[of] p2a: Tapu Koko\n|move|p1a: Tornadus|U-turn|p2a: Tapu Koko\n|-resisted|p2a: Tapu Koko\n|-damage|p2a: Tapu Koko|91\/100\n|j| Nitride\n|\n|switch|p1a: Ferrothorn|Ferrothorn, M|100\/100|[from]move: U-turn\n|\n|upkeep\n|turn|2\n|\n|move|p2a: Tapu Koko|Volt Switch|p1a: Ferrothorn\n|-resisted|p1a: Ferrothorn\n|-damage|p1a: Ferrothorn|85\/100\n|\n|switch|p2a: Heatran|Heatran, F|100\/100|[from]move: Volt Switch\n|move|p1a: Ferrothorn|Stealth Rock|p2a: Heatran\n|-sidestart|p2: Jfsosa10|move: Stealth Rock\n|\n|upkeep\n|turn|3\n|j| Jan7498\n|\n|switch|p1a: Pelipper|Pelipper, F|100\/100\n|-weather|RainDance|[from] ability: Drizzle|[of] p1a: Pelipper\n|move|p2a: Heatran|Stealth Rock|p1a: Pelipper\n|-sidestart|p1: JoJo321|move: Stealth Rock\n|\n|-weather|RainDance|[upkeep]\n|upkeep\n|turn|4\n|l| ha\/YlI\\gh\/T\\eR\n|\n|switch|p2a: Greninja|Greninja, M|100\/100\n|-damage|p2a: Greninja|88\/100|[from] Stealth Rock\n|move|p1a: Pelipper|U-turn|p2a: Greninja\n|-supereffective|p2a: Greninja\n|-damage|p2a: Greninja|55\/100\n|\n|switch|p1a: Swampert|Swampert, F|100\/100|[from]move: U-turn\n|-damage|p1a: Swampert|94\/100|[from] Stealth Rock\n|\n|-weather|RainDance|[upkeep]\n|upkeep\n|turn|5\n|\n|detailschange|p1a: Swampert|Swampert-Mega, F\n|-mega|p1a: Swampert|Swampert|Swampertite\n|move|p2a: Greninja|Water Shuriken|p1a: Swampert\n|-damage|p1a: Swampert|80\/100\n|-damage|p1a: Swampert|65\/100\n|-damage|p1a: Swampert|51\/100\n|-damage|p1a: Swampert|36\/100\n|-damage|p1a: Swampert|22\/100\n|-hitcount|p1a: Swampert|5\n|move|p1a: Swampert|Waterfall|p2a: Greninja\n|-resisted|p2a: Greninja\n|-damage|p2a: Greninja|0 fnt\n|faint|p2a: Greninja\n|\n|-weather|RainDance|[upkeep]\n|-fieldend|move: Electric Terrain\n|upkeep\n|\n|switch|p2a: Landorus|Landorus-Therian, M|100\/100\n|-damage|p2a: Landorus|88\/100|[from] Stealth Rock\n|-ability|p2a: Landorus|Intimidate|boost\n|-unboost|p1a: Swampert|atk|1\n|turn|6\n|\n|move|p1a: Swampert|Waterfall|p2a: Landorus\n|-supereffective|p2a: Landorus\n|-damage|p2a: Landorus|0 fnt\n|faint|p2a: Landorus\n|\n|-weather|RainDance|[upkeep]\n|upkeep\n|\n|switch|p2a: Heracross|Heracross, M, shiny|100\/100\n|-damage|p2a: Heracross|88\/100|[from] Stealth Rock\n|turn|7\n|j| akengs\u4e86\u89e3\u4e00\u4e0b\n|j| sealx\n|j|\u203dRealmerc\n|\n|switch|p1a: Ferrothorn|Ferrothorn, M|85\/100\n|-damage|p1a: Ferrothorn|79\/100|[from] Stealth Rock\n|detailschange|p2a: Heracross|Heracross-Mega, M, shiny\n|-mega|p2a: Heracross|Heracross|Heracronite\n|move|p2a: Heracross|Rock Blast|p1a: Ferrothorn\n|-resisted|p1a: Ferrothorn\n|-damage|p1a: Ferrothorn|75\/100\n|-resisted|p1a: Ferrothorn\n|-damage|p1a: Ferrothorn|70\/100\n|-resisted|p1a: Ferrothorn\n|-damage|p1a: Ferrothorn|65\/100\n|-resisted|p1a: Ferrothorn\n|-damage|p1a: Ferrothorn|60\/100\n|-resisted|p1a: Ferrothorn\n|-damage|p1a: Ferrothorn|55\/100\n|-hitcount|p1a: Ferrothorn|5\n|\n|-weather|RainDance|[upkeep]\n|upkeep\n|turn|8\n|\n|move|p2a: Heracross|Pin Missile|p1a: Ferrothorn\n|-damage|p1a: Ferrothorn|39\/100\n|-damage|p1a: Ferrothorn|24\/100\n|-crit|p1a: Ferrothorn\n|-damage|p1a: Ferrothorn|0 fnt\n|-hitcount|p1a: Ferrothorn|3\n|faint|p1a: Ferrothorn\n|\n|-weather|RainDance|[upkeep]\n|upkeep\n|\n|switch|p1a: Manaphy|Manaphy|100\/100\n|-damage|p1a: Manaphy|88\/100|[from] Stealth Rock\n|turn|9\n|\n|-zpower|p1a: Manaphy\n|move|p1a: Manaphy|Hydro Vortex|p2a: Heracross|[zeffect]\n|-damage|p2a: Heracross|0 fnt\n|faint|p2a: Heracross\n|\n|-weather|RainDance|[upkeep]\n|upkeep\n|\n|switch|p2a: Tapu Koko|Tapu Koko|91\/100\n|-damage|p2a: Tapu Koko|78\/100|[from] Stealth Rock\n|-fieldstart|move: Electric Terrain|[from] ability: Electric Surge|[of] p2a: Tapu Koko\n|turn|10\n|\n|move|p2a: Tapu Koko|Thunderbolt|p1a: Manaphy\n|-supereffective|p1a: Manaphy\n|-damage|p1a: Manaphy|0 fnt\n|faint|p1a: Manaphy\n|\n|-weather|none\n|upkeep\n|\n|switch|p1a: Pelipper|Pelipper, F|100\/100\n|-damage|p1a: Pelipper|76\/100|[from] Stealth Rock\n|-weather|RainDance|[from] ability: Drizzle|[of] p1a: Pelipper\n|turn|11\n|\n|move|p2a: Tapu Koko|Hidden Power|p1a: Pelipper\n|-crit|p1a: Pelipper\n|-damage|p1a: Pelipper|49\/100\n|move|p1a: Pelipper|U-turn|p2a: Tapu Koko\n|-resisted|p2a: Tapu Koko\n|-damage|p2a: Tapu Koko|72\/100\n|\n|switch|p1a: Swampert|Swampert-Mega, F|22\/100|[from]move: U-turn\n|-damage|p1a: Swampert|16\/100|[from] Stealth Rock\n|\n|-weather|RainDance|[upkeep]\n|upkeep\n|turn|12\n|-message|Jfsosa10 forfeited.\n|\n|win|JoJo321\n|l|\u2606Jfsosa10\n|raw|JoJo321's rating: 1846 &rarr; <strong>1865<\/strong><br \/>(+19 for winning)\n|raw|Jfsosa10's rating: 1825 &rarr; <strong>1806<\/strong><br \/>(-19 for losing)\n|l|\u2606JoJo321\n|l| Nitride\n","uploadtime":1563011367,"views":12,"p1id":"jojo321","p2id":"jfsosa10","formatid":"gen7ou","rating":1806,"private":0,"password":null}