{"id":"gen7ou-950578192","p1":"Akoni88","p2":"THC_wenger","format":"gen7ou","log":"|j|\u2606Akoni88\n|j|\u2606THC_wenger\n|player|p1|Akoni88|265|1182\n|player|p2|THC_wenger|170|1192\n|teamsize|p1|6\n|teamsize|p2|6\n|gametype|singles\n|gen|7\n|tier|[Gen 7] OU\n|rated|\n|rule|Sleep Clause Mod: Limit one foe put to sleep\n|rule|Species Clause: Limit one of each Pok\u00e9mon\n|rule|OHKO Clause: OHKO moves are banned\n|rule|Moody Clause: Moody is banned\n|rule|Evasion Moves Clause: Evasion moves are banned\n|rule|Endless Battle Clause: Forcing endless battles is banned\n|rule|HP Percentage Mod: HP is shown in percentages\n|clearpoke\n|poke|p1|Charizard, F|item\n|poke|p1|Tapu Koko|item\n|poke|p1|Kartana|item\n|poke|p1|Ferrothorn, F|item\n|poke|p1|Hoopa-Unbound|item\n|poke|p1|Gliscor, M|item\n|poke|p2|Ninetales-Alola, F|item\n|poke|p2|Serperior, F|item\n|poke|p2|Toxapex, M|item\n|poke|p2|Infernape, M|item\n|poke|p2|Excadrill, M|item\n|poke|p2|Manectric, F|item\n|teampreview\n|inactive|Battle timer is ON: inactive players will automatically lose when time's up. (requested by Akoni88)\n|\n|start\n|switch|p1a: Gliscor|Gliscor, M|100\/100\n|switch|p2a: Serperior|Serperior, F, shiny|100\/100\n|turn|1\n|\n|move|p2a: Serperior|Leaf Storm|p1a: Gliscor\n|-damage|p1a: Gliscor|17\/100\n|-boost|p2a: Serperior|spa|2\n|move|p1a: Gliscor|Stealth Rock|p2a: Serperior\n|-sidestart|p2: THC_wenger|move: Stealth Rock\n|\n|-status|p1a: Gliscor|tox|[from] item: Toxic Orb\n|upkeep\n|turn|2\n|\n|switch|p1a: Kartana|Kartana|100\/100\n|move|p2a: Serperior|Leaf Storm|p1a: Kartana\n|-resisted|p1a: Kartana\n|-damage|p1a: Kartana|0 fnt\n|-boost|p2a: Serperior|spa|2\n|faint|p1a: Kartana\n|\n|upkeep\n|\n|switch|p1a: Charizard|Charizard, F|100\/100\n|turn|3\n|\n|detailschange|p1a: Charizard|Charizard-Mega-Y, F\n|-mega|p1a: Charizard|Charizard|Charizardite Y\n|-weather|SunnyDay|[from] ability: Drought|[of] p1a: Charizard\n|move|p2a: Serperior|Leaf Storm|p1a: Charizard\n|-resisted|p1a: Charizard\n|-damage|p1a: Charizard|46\/100\n|-boost|p2a: Serperior|spa|2\n|move|p1a: Charizard|Flame Charge|p2a: Serperior\n|-supereffective|p2a: Serperior\n|-damage|p2a: Serperior|34\/100\n|-boost|p1a: Charizard|spe|1\n|\n|-weather|SunnyDay|[upkeep]\n|upkeep\n|turn|4\n|\n|move|p1a: Charizard|Flame Charge|p2a: Serperior\n|-supereffective|p2a: Serperior\n|-damage|p2a: Serperior|0 fnt\n|-boost|p1a: Charizard|spe|1\n|faint|p2a: Serperior\n|\n|-weather|SunnyDay|[upkeep]\n|upkeep\n|\n|switch|p2a: Toxapex|Toxapex, M, shiny|100\/100\n|-damage|p2a: Toxapex|88\/100|[from] Stealth Rock\n|turn|5\n|\n|switch|p1a: Tapu Koko|Tapu Koko|100\/100\n|-fieldstart|move: Electric Terrain|[from] ability: Electric Surge|[of] p1a: Tapu Koko\n|move|p2a: Toxapex|Liquidation|p1a: Tapu Koko\n|-damage|p1a: Tapu Koko|87\/100\n|\n|-weather|SunnyDay|[upkeep]\n|-heal|p2a: Toxapex|94\/100|[from] item: Leftovers\n|upkeep\n|turn|6\n|\n|move|p2a: Toxapex|Baneful Bunker|p2a: Toxapex\n|-singleturn|p2a: Toxapex|move: Protect\n|-zpower|p1a: Tapu Koko\n|move|p1a: Tapu Koko|Gigavolt Havoc|p2a: Toxapex|[zeffect]\n|-supereffective|p2a: Toxapex\n|-zbroken|p2a: Toxapex\n|-damage|p2a: Toxapex|56\/100\n|\n|-weather|SunnyDay|[upkeep]\n|-heal|p2a: Toxapex|62\/100|[from] item: Leftovers\n|upkeep\n|turn|7\n|\n|move|p1a: Tapu Koko|Thunderbolt|p2a: Toxapex\n|-supereffective|p2a: Toxapex\n|-damage|p2a: Toxapex|0 fnt\n|faint|p2a: Toxapex\n|\n|-weather|none\n|upkeep\n|\n|switch|p2a: Manectric|Manectric, F|100\/100\n|-damage|p2a: Manectric|88\/100|[from] Stealth Rock\n|turn|8\n|\n|detailschange|p2a: Manectric|Manectric-Mega, F\n|-mega|p2a: Manectric|Manectric|Manectite\n|-ability|p2a: Manectric|Intimidate|boost\n|-unboost|p1a: Tapu Koko|atk|1\n|move|p2a: Manectric|Protect|p2a: Manectric\n|-singleturn|p2a: Manectric|Protect\n|move|p1a: Tapu Koko|U-turn|p2a: Manectric\n|-activate|p2a: Manectric|move: Protect\n|\n|upkeep\n|turn|9\n|\n|switch|p1a: Ferrothorn|Ferrothorn, F|100\/100\n|move|p2a: Manectric|Hidden Power|p1a: Ferrothorn\n|-damage|p1a: Ferrothorn|88\/100\n|\n|-heal|p1a: Ferrothorn|95\/100|[from] item: Leftovers\n|-fieldend|move: Electric Terrain\n|upkeep\n|turn|10\n|\n|switch|p2a: Infernape|Infernape, M|100\/100\n|-damage|p2a: Infernape|88\/100|[from] Stealth Rock\n|move|p1a: Ferrothorn|Spikes|p2a: Infernape\n|-sidestart|p2: THC_wenger|Spikes\n|\n|-heal|p1a: Ferrothorn|100\/100|[from] item: Leftovers\n|upkeep\n|turn|11\n|\n|switch|p1a: Gliscor|Gliscor, M|17\/100 tox\n|-zpower|p2a: Infernape\n|move|p2a: Infernape|Inferno Overdrive|p1a: Gliscor|[zeffect]\n|-damage|p1a: Gliscor|0 fnt\n|faint|p1a: Gliscor\n|\n|upkeep\n|\n|switch|p1a: Hoopa|Hoopa-Unbound|100\/100\n|turn|12\n|\n|move|p2a: Infernape|Fire Punch|p1a: Hoopa\n|-damage|p1a: Hoopa|36\/100\n|move|p1a: Hoopa|Zen Headbutt|p2a: Infernape\n|-supereffective|p2a: Infernape\n|-damage|p2a: Infernape|0 fnt\n|faint|p2a: Infernape\n|\n|upkeep\n|\n|switch|p2a: Ninetales|Ninetales-Alola, F|100\/100\n|-damage|p2a: Ninetales|88\/100|[from] Spikes\n|-damage|p2a: Ninetales|64\/100|[from] Stealth Rock\n|-weather|Hail|[from] ability: Snow Warning|[of] p2a: Ninetales\n|turn|13\n|\n|move|p2a: Ninetales|Moonblast|p1a: Hoopa\n|-supereffective|p1a: Hoopa\n|-damage|p1a: Hoopa|0 fnt\n|faint|p1a: Hoopa\n|\n|-weather|Hail|[upkeep]\n|upkeep\n|\n|switch|p1a: Charizard|Charizard-Mega-Y, F|46\/100\n|-weather|SunnyDay|[from] ability: Drought|[of] p1a: Charizard\n|turn|14\n|\n|move|p2a: Ninetales|Blizzard|p1a: Charizard\n|-damage|p1a: Charizard|4\/100\n|move|p1a: Charizard|Flame Charge|p2a: Ninetales\n|-supereffective|p2a: Ninetales\n|-damage|p2a: Ninetales|0 fnt\n|-boost|p1a: Charizard|spe|1\n|faint|p2a: Ninetales\n|\n|-weather|SunnyDay|[upkeep]\n|upkeep\n|\n|switch|p2a: Manectric|Manectric-Mega, F|88\/100\n|-damage|p2a: Manectric|75\/100|[from] Spikes\n|-damage|p2a: Manectric|63\/100|[from] Stealth Rock\n|-ability|p2a: Manectric|Intimidate|boost\n|-unboost|p1a: Charizard|atk|1\n|turn|15\n|\n|move|p1a: Charizard|Fire Blast|p2a: Manectric\n|-damage|p2a: Manectric|0 fnt\n|faint|p2a: Manectric\n|\n|-weather|SunnyDay|[upkeep]\n|upkeep\n|\n|switch|p2a: Excadrill|Excadrill, M, shiny|100\/100\n|-damage|p2a: Excadrill|88\/100|[from] Spikes\n|-damage|p2a: Excadrill|85\/100|[from] Stealth Rock\n|turn|16\n|\n|move|p1a: Charizard|Focus Blast|p2a: Excadrill\n|-supereffective|p2a: Excadrill\n|-damage|p2a: Excadrill|0 fnt\n|faint|p2a: Excadrill\n|\n|win|Akoni88\n|l|\u2606THC_wenger\n|raw|Akoni88's rating: 1183 &rarr; <strong>1208<\/strong><br \/>(+25 for winning)\n|raw|THC_wenger's rating: 1192 &rarr; <strong>1166<\/strong><br \/>(-26 for losing)\n","uploadtime":1564094344,"views":6,"p1id":"akoni88","p2id":"thcwenger","formatid":"gen7ou","rating":1166,"private":0,"password":null}