{"id":"gen7randombattle-1529605526","p1":"Sp0oNl0rD","p2":"Gidan112","format":"gen7randombattle","log":"|j|\u2606Sp0oNl0rD\n|j|\u2606Gidan112\n|t:|1647147093\n|gametype|singles\n|player|p1|Sp0oNl0rD|teamrocket|\n|player|p2|Gidan112|rood|\n|teamsize|p1|6\n|teamsize|p2|6\n|gen|7\n|tier|[Gen 7] Random Battle\n|rated|Tournament battle\n|rule|Sleep Clause Mod: Limit one foe put to sleep\n|rule|HP Percentage Mod: HP is shown in percentages\n|\n|t:|1647147093\n|start\n|switch|p1a: Venusaur|Venusaur, L82, M|265\/265\n|switch|p2a: Persian|Persian-Alola, L88, M|258\/258\n|turn|1\n|j| BB-8-NU\n|inactive|Battle timer is ON: inactive players will automatically lose when time's up. (requested by Sp0oNl0rD)\n|c|\u2606Sp0oNl0rD|hf\n|j|@Shellnuts\n|\n|t:|1647147116\n|switch|p2a: Flareon|Flareon, L88, M|258\/258\n|detailschange|p1a: Venusaur|Venusaur-Mega, L82, M\n|-mega|p1a: Venusaur|Venusaur|Venusaurite\n|move|p1a: Venusaur|Leech Seed|p2a: Flareon\n|-start|p2a: Flareon|move: Leech Seed\n|\n|-damage|p2a: Flareon|226\/258|[from] Leech Seed|[of] p1a: Venusaur\n|-status|p2a: Flareon|tox|[from] item: Toxic Orb\n|upkeep\n|turn|2\n|\n|t:|1647147134\n|switch|p1a: Politoed|Politoed, L84, F|288\/288\n|-weather|RainDance|[from] ability: Drizzle|[of] p1a: Politoed\n|move|p2a: Flareon|Facade|p1a: Politoed\n|-damage|p1a: Politoed|43\/288\n|\n|-weather|RainDance|[upkeep]\n|-heal|p1a: Politoed|61\/288|[from] item: Leftovers\n|-damage|p2a: Flareon|194\/258 tox|[from] Leech Seed|[of] p1a: Politoed\n|-heal|p1a: Politoed|93\/288|[silent]\n|-damage|p2a: Flareon|178\/258 tox|[from] psn\n|upkeep\n|turn|3\n|\n|t:|1647147153\n|switch|p2a: Raikou|Raikou, L84|288\/288\n|move|p1a: Politoed|Protect||[still]\n|-fail|p1a: Politoed\n|\n|-weather|RainDance|[upkeep]\n|-heal|p1a: Politoed|111\/288|[from] item: Leftovers\n|upkeep\n|turn|4\n|\n|t:|1647147160\n|switch|p1a: Zeraora|Zeraora, L82|278\/278\n|move|p2a: Raikou|Substitute|p2a: Raikou\n|-start|p2a: Raikou|Substitute\n|-damage|p2a: Raikou|216\/288\n|\n|-weather|RainDance|[upkeep]\n|-heal|p2a: Raikou|234\/288|[from] item: Leftovers\n|upkeep\n|turn|5\n|\n|t:|1647147172\n|move|p1a: Zeraora|Plasma Fists|p2a: Raikou\n|-resisted|p2a: Raikou\n|-activate|p2a: Raikou|move: Substitute|[damage]\n|move|p2a: Raikou|Aura Sphere|p1a: Zeraora\n|-damage|p1a: Zeraora|232\/278\n|\n|-weather|RainDance|[upkeep]\n|-heal|p2a: Raikou|252\/288|[from] item: Leftovers\n|upkeep\n|turn|6\n|\n|t:|1647147180\n|move|p1a: Zeraora|Plasma Fists|p2a: Raikou\n|-resisted|p2a: Raikou\n|-end|p2a: Raikou|Substitute\n|move|p2a: Raikou|Aura Sphere|p1a: Zeraora\n|-damage|p1a: Zeraora|186\/278\n|\n|-weather|none\n|-heal|p2a: Raikou|270\/288|[from] item: Leftovers\n|upkeep\n|turn|7\n|\n|t:|1647147194\n|move|p1a: Zeraora|Close Combat|p2a: Raikou\n|-damage|p2a: Raikou|164\/288\n|-unboost|p1a: Zeraora|def|1\n|-unboost|p1a: Zeraora|spd|1\n|move|p2a: Raikou|Substitute|p2a: Raikou\n|-start|p2a: Raikou|Substitute\n|-damage|p2a: Raikou|92\/288\n|\n|-heal|p2a: Raikou|110\/288|[from] item: Leftovers\n|upkeep\n|turn|8\n|\n|t:|1647147199\n|move|p1a: Zeraora|Close Combat|p2a: Raikou\n|-end|p2a: Raikou|Substitute\n|-unboost|p1a: Zeraora|def|1\n|-unboost|p1a: Zeraora|spd|1\n|move|p2a: Raikou|Aura Sphere|p1a: Zeraora\n|-damage|p1a: Zeraora|99\/278\n|\n|-heal|p2a: Raikou|128\/288|[from] item: Leftovers\n|upkeep\n|turn|9\n|\n|t:|1647147205\n|move|p1a: Zeraora|Plasma Fists|p2a: Raikou\n|-resisted|p2a: Raikou\n|-damage|p2a: Raikou|68\/288\n|-fieldactivate|move: Ion Deluge\n|-hint|Normal-type moves become Electric-type after using Plasma Fists.\n|move|p2a: Raikou|Aura Sphere|p1a: Zeraora\n|-damage|p1a: Zeraora|0 fnt\n|faint|p1a: Zeraora\n|\n|-heal|p2a: Raikou|86\/288|[from] item: Leftovers\n|upkeep\n|\n|t:|1647147212\n|switch|p1a: Toxicroak|Toxicroak, L84, M|277\/277\n|turn|10\n|\n|t:|1647147230\n|move|p2a: Raikou|Extrasensory|p1a: Toxicroak\n|-supereffective|p1a: Toxicroak\n|-damage|p1a: Toxicroak|0 fnt\n|faint|p1a: Toxicroak\n|\n|-heal|p2a: Raikou|104\/288|[from] item: Leftovers\n|upkeep\n|\n|t:|1647147234\n|switch|p1a: Venusaur|Venusaur-Mega, L82, M|265\/265\n|turn|11\n|\n|t:|1647147242\n|switch|p2a: Flareon|Flareon, L88, M|178\/258 tox\n|move|p1a: Venusaur|Earthquake|p2a: Flareon\n|-supereffective|p2a: Flareon\n|-damage|p2a: Flareon|14\/258 tox\n|\n|-damage|p2a: Flareon|0 fnt|[from] psn\n|faint|p2a: Flareon\n|upkeep\n|\n|t:|1647147260\n|switch|p2a: Persian|Persian-Alola, L88, M|258\/258\n|turn|12\n|\n|t:|1647147263\n|switch|p1a: Hariyama|Hariyama, L86, F|388\/388\n|move|p2a: Persian|Hypnosis|p1a: Hariyama\n|-status|p1a: Hariyama|slp|[from] move: Hypnosis\n|\n|upkeep\n|turn|13\n|j| DogeCompany\n|\n|t:|1647147290\n|switch|p2a: Azumarill|Azumarill, L80, F|291\/291\n|cant|p1a: Hariyama|slp\n|\n|upkeep\n|turn|14\n|\n|t:|1647147301\n|switch|p1a: Venusaur|Venusaur-Mega, L82, M|265\/265\n|move|p2a: Azumarill|Play Rough|p1a: Venusaur\n|-resisted|p1a: Venusaur\n|-damage|p1a: Venusaur|221\/265\n|\n|upkeep\n|turn|15\n|j| Tilterella\n|inactive|Gidan112 has 120 seconds left.\n|\n|t:|1647147336\n|switch|p1a: Hariyama|Hariyama, L86, F|388\/388 slp\n|switch|p2a: Persian|Persian-Alola, L88, M|258\/258\n|\n|upkeep\n|turn|16\n|\n|t:|1647147346\n|switch|p2a: Azumarill|Azumarill, L80, F|291\/291\n|cant|p1a: Hariyama|slp\n|\n|upkeep\n|turn|17\n|\n|t:|1647147349\n|switch|p1a: Venusaur|Venusaur-Mega, L82, M|221\/265\n|move|p2a: Azumarill|Play Rough|p1a: Venusaur|[miss]\n|-miss|p2a: Azumarill|p1a: Venusaur\n|\n|upkeep\n|turn|18\n|\n|t:|1647147355\n|switch|p2a: Persian|Persian-Alola, L88, M|258\/258\n|move|p1a: Venusaur|Leech Seed|p2a: Persian\n|-start|p2a: Persian|move: Leech Seed\n|\n|-damage|p2a: Persian|226\/258|[from] Leech Seed|[of] p1a: Venusaur\n|-heal|p1a: Venusaur|253\/265|[silent]\n|upkeep\n|turn|19\n|\n|t:|1647147365\n|switch|p2a: Azumarill|Azumarill, L80, F|291\/291\n|move|p1a: Venusaur|Giga Drain|p2a: Azumarill\n|-supereffective|p2a: Azumarill\n|-damage|p2a: Azumarill|79\/291\n|-heal|p1a: Venusaur|265\/265|[from] drain|[of] p2a: Azumarill\n|\n|upkeep\n|turn|20\n|j| TheLoyalBandito\n|\n|t:|1647147374\n|move|p2a: Azumarill|Aqua Jet|p1a: Venusaur\n|-resisted|p1a: Venusaur\n|-damage|p1a: Venusaur|246\/265\n|move|p1a: Venusaur|Giga Drain|p2a: Azumarill\n|-supereffective|p2a: Azumarill\n|-damage|p2a: Azumarill|0 fnt\n|-heal|p1a: Venusaur|265\/265|[from] drain|[of] p2a: Azumarill\n|faint|p2a: Azumarill\n|\n|upkeep\n|l| Tilterella\n|inactive|Gidan112 has 120 seconds left.\n|\n|t:|1647147418\n|switch|p2a: Persian|Persian-Alola, L88, M|226\/258\n|turn|21\n|\n|t:|1647147423\n|move|p2a: Persian|Dark Pulse|p1a: Venusaur\n|-damage|p1a: Venusaur|204\/265\n|move|p1a: Venusaur|Leech Seed|p2a: Persian\n|-start|p2a: Persian|move: Leech Seed\n|\n|-damage|p2a: Persian|194\/258|[from] Leech Seed|[of] p1a: Venusaur\n|-heal|p1a: Venusaur|236\/265|[silent]\n|upkeep\n|turn|22\n|\n|t:|1647147426\n|move|p2a: Persian|Dark Pulse|p1a: Venusaur\n|-damage|p1a: Venusaur|179\/265\n|move|p1a: Venusaur|Giga Drain|p2a: Persian\n|-damage|p2a: Persian|91\/258\n|-heal|p1a: Venusaur|231\/265|[from] drain|[of] p2a: Persian\n|\n|-damage|p2a: Persian|59\/258|[from] Leech Seed|[of] p1a: Venusaur\n|-heal|p1a: Venusaur|263\/265|[silent]\n|upkeep\n|turn|23\n|c|\u2606Gidan112|I have legit nothing to break this thing lol\n|\n|t:|1647147442\n|move|p2a: Persian|Dark Pulse|p1a: Venusaur\n|-damage|p1a: Venusaur|206\/265\n|move|p1a: Venusaur|Earthquake|p2a: Persian\n|-damage|p2a: Persian|0 fnt\n|faint|p2a: Persian\n|\n|upkeep\n|c|\u2606Sp0oNl0rD|ouch\n|inactive|Gidan112 has 120 seconds left.\n|c|\u2606Sp0oNl0rD|randbats sometimes does that with venu\n|c|\u2606Sp0oNl0rD|this mon barely has counters in the format\n|\n|t:|1647147467\n|switch|p2a: Raikou|Raikou, L84|104\/288\n|turn|24\n|\n|t:|1647147469\n|move|p2a: Raikou|Extrasensory|p1a: Venusaur\n|-supereffective|p1a: Venusaur\n|-damage|p1a: Venusaur|100\/265\n|move|p1a: Venusaur|Earthquake|p2a: Raikou\n|-supereffective|p2a: Raikou\n|-damage|p2a: Raikou|0 fnt\n|faint|p2a: Raikou\n|\n|upkeep\n|\n|t:|1647147479\n|switch|p2a: Pheromosa|Pheromosa, L76|233\/233\n|turn|25\n|inactive|Gidan112 has 120 seconds left.\n|\n|t:|1647147490\n|switch|p1a: Politoed|Politoed, L84, F|111\/288\n|-weather|RainDance|[from] ability: Drizzle|[of] p1a: Politoed\n|move|p2a: Pheromosa|Ice Beam|p1a: Politoed\n|-resisted|p1a: Politoed\n|-damage|p1a: Politoed|73\/288\n|-damage|p2a: Pheromosa|210\/233|[from] item: Life Orb\n|\n|-weather|RainDance|[upkeep]\n|-heal|p1a: Politoed|91\/288|[from] item: Leftovers\n|upkeep\n|turn|26\n|\n|t:|1647147494\n|move|p1a: Politoed|Protect|p1a: Politoed\n|-singleturn|p1a: Politoed|Protect\n|move|p2a: Pheromosa|Poison Jab|p1a: Politoed\n|-activate|p1a: Politoed|move: Protect\n|\n|-weather|RainDance|[upkeep]\n|-heal|p1a: Politoed|109\/288|[from] item: Leftovers\n|upkeep\n|turn|27\n|inactive|Gidan112 has 120 seconds left.\n|\n|t:|1647147512\n|move|p2a: Pheromosa|High Jump Kick|p1a: Politoed\n|-damage|p1a: Politoed|0 fnt\n|faint|p1a: Politoed\n|-ability|p2a: Pheromosa|Beast Boost|boost\n|-boost|p2a: Pheromosa|spe|1\n|-damage|p2a: Pheromosa|187\/233|[from] item: Life Orb\n|\n|-weather|RainDance|[upkeep]\n|upkeep\n|\n|t:|1647147528\n|switch|p1a: Staraptor|Staraptor, L82, M|274\/274\n|-ability|p1a: Staraptor|Intimidate|boost\n|-unboost|p2a: Pheromosa|atk|1\n|turn|28\n|\n|t:|1647147533\n|move|p2a: Pheromosa|Ice Beam|p1a: Staraptor\n|-supereffective|p1a: Staraptor\n|-damage|p1a: Staraptor|11\/274\n|-damage|p2a: Pheromosa|164\/233|[from] item: Life Orb\n|move|p1a: Staraptor|Brave Bird|p2a: Pheromosa\n|-supereffective|p2a: Pheromosa\n|-damage|p2a: Pheromosa|0 fnt\n|faint|p2a: Pheromosa\n|-damage|p1a: Staraptor|0 fnt|[from] Recoil\n|faint|p1a: Staraptor\n|\n|-weather|RainDance|[upkeep]\n|upkeep\n|\n|t:|1647147537\n|switch|p2a: Slurpuff|Slurpuff, L86, M|280\/280\n|switch|p1a: Venusaur|Venusaur-Mega, L82, M|100\/265\n|turn|29\n|\n|t:|1647147547\n|move|p1a: Venusaur|Sludge Bomb|p2a: Slurpuff\n|-supereffective|p2a: Slurpuff\n|-damage|p2a: Slurpuff|40\/280\n|-enditem|p2a: Slurpuff|Sitrus Berry|[eat]\n|-heal|p2a: Slurpuff|110\/280|[from] item: Sitrus Berry\n|move|p2a: Slurpuff|Belly Drum||[still]\n|-fail|p2a: Slurpuff\n|\n|-weather|none\n|upkeep\n|turn|30\n|c|\u2606Sp0oNl0rD|gg\n|c|\u2606Gidan112|gg\n|\n|t:|1647147555\n|move|p2a: Slurpuff|Return|p1a: Venusaur\n|-damage|p1a: Venusaur|52\/265\n|move|p1a: Venusaur|Sludge Bomb|p2a: Slurpuff\n|-supereffective|p2a: Slurpuff\n|-damage|p2a: Slurpuff|0 fnt\n|faint|p2a: Slurpuff\n|\n|win|Sp0oNl0rD\n|n|\u2606Sp0oNl0rD|sp0onl0rd\n|n|\u2606Gidan112|gidan112\n|n| BB-8-NU|bb8nu\n|n|+Shellnuts|shellnuts\n|n| DogeCompany|dogecompany\n|n| TheLoyalBandito|theloyalbandito\n","inputlog":">version e9deaee697f0aed847603e533c876735320f616f\n>start {\"formatid\":\"gen7randombattle\",\"seed\":[17445,32475,55162,31514],\"rated\":\"Tournament battle\"}\n>player p1 {\"name\":\"Sp0oNl0rD\",\"avatar\":\"teamrocket\",\"rating\":0,\"seed\":[42755,30299,896,32942]}\n>player p2 {\"name\":\"Gidan112\",\"avatar\":\"rood\",\"rating\":0,\"seed\":[64650,9567,57796,63297]}\n>chat \u2606Sp0oNl0rD|hf\n>p1 move leechseed mega\n>p2 switch 6\n>p1 switch 3\n>p2 move facade\n>p1 move protect\n>p2 switch 3\n>p1 switch 6\n>p2 move substitute\n>p1 move plasmafists\n>p2 move aurasphere\n>p1 move plasmafists\n>p2 move aurasphere\n>p1 move closecombat\n>p2 move substitute\n>p1 move closecombat\n>p2 move aurasphere\n>p1 move plasmafists\n>p2 move aurasphere\n>p1 switch 4\n>p1 move drainpunch\n>p2 move extrasensory\n>p1 switch 3\n>p1 move earthquake\n>p2 switch 3\n>p2 switch 6\n>p1 switch 2\n>p2 move hypnosis\n>p1 move closecombat\n>p2 switch 2\n>p1 switch 2\n>p2 move playrough\n>p1 switch 2\n>p2 switch 2\n>p1 move closecombat\n>p2 switch 2\n>p1 switch 2\n>p2 move playrough\n>p1 move leechseed\n>p2 switch 2\n>p1 move gigadrain\n>p2 switch 2\n>p1 move gigadrain\n>p2 move aquajet\n>p2 switch 2\n>p1 move leechseed\n>p2 move darkpulse\n>p1 move gigadrain\n>p2 move darkpulse\n>chat \u2606Gidan112|I have legit nothing to break this thing lol\n>p1 move earthquake\n>p2 move darkpulse\n>chat \u2606Sp0oNl0rD|ouch\n>chat \u2606Sp0oNl0rD|randbats sometimes does that with venu\n>chat \u2606Sp0oNl0rD|this mon barely has counters in the format\n>p2 switch 3\n>p1 move earthquake\n>p2 move extrasensory\n>p2 switch 5\n>p1 switch 6\n>p2 move icebeam\n>p1 move protect\n>p2 move poisonjab\n>p1 move scald\n>p2 move highjumpkick\n>p1 switch 5\n>p1 move bravebird\n>p2 move icebeam\n>p1 switch 6\n>p2 switch 4\n>p1 move sludgebomb\n>p2 move bellydrum\n>chat \u2606Sp0oNl0rD|gg\n>chat \u2606Gidan112|gg\n>p1 move sludgebomb\n>p2 move return","uploadtime":1647147556,"views":6,"p1id":"sp0onl0rd","p2id":"gidan112","formatid":"gen7randombattle","rating":0,"private":0,"password":null}