{"id":"gen7ou-845024324","p1":"H4WT \u2605","p2":"VideoDDD","format":"gen7ou","log":"|j|\u2606H4WT \u2605\n|j|\u2606VideoDDD\n|player|p1|H4WT \u2605|266\n|player|p2|VideoDDD|1\n|teamsize|p1|6\n|teamsize|p2|6\n|gametype|singles\n|gen|7\n|tier|[Gen 7] OU\n|rated|\n|rule|Sleep Clause Mod: Limit one foe put to sleep\n|rule|Species Clause: Limit one of each Pok\u00e9mon\n|rule|OHKO Clause: OHKO moves are banned\n|rule|Moody Clause: Moody is banned\n|rule|Evasion Moves Clause: Evasion moves are banned\n|rule|Endless Battle Clause: Forcing endless battles is banned\n|rule|HP Percentage Mod: HP is shown in percentages\n|clearpoke\n|poke|p1|Greninja, M|item\n|poke|p1|Mawile, M|item\n|poke|p1|Rotom-Wash|item\n|poke|p1|Tornadus-Therian, M|item\n|poke|p1|Heatran, M|item\n|poke|p1|Tangrowth, M|item\n|poke|p2|Lopunny, M|item\n|poke|p2|Greninja, M|item\n|poke|p2|Excadrill, F|item\n|poke|p2|Kyurem-Black|item\n|poke|p2|Landorus-Therian, M|item\n|poke|p2|Tapu Koko|item\n|teampreview\n|j| TheDarkSwirl\n|c| TheDarkSwirl|HAWT\n|\n|start\n|switch|p1a: Tangrowth|Tangrowth, M|100\/100\n|switch|p2a: Lopunny|Lopunny, M|100\/100\n|turn|1\n|j| Xeketio\n|\n|switch|p1a: Tornadus|Tornadus-Therian, M|100\/100\n|detailschange|p2a: Lopunny|Lopunny-Mega, M\n|-mega|p2a: Lopunny|Lopunny|Lopunnite\n|move|p2a: Lopunny|Fake Out|p1a: Tornadus\n|-damage|p1a: Tornadus|77\/100\n|-damage|p2a: Lopunny|84\/100|[from] item: Rocky Helmet|[of] p1a: Tornadus\n|\n|upkeep\n|turn|2\n|\n|switch|p2a: Excadrill|Excadrill, F|100\/100\n|-ability|p2a: Excadrill|Mold Breaker\n|move|p1a: Tornadus|Hurricane|p2a: Excadrill\n|-resisted|p2a: Excadrill\n|-damage|p2a: Excadrill|85\/100\n|\n|-heal|p2a: Excadrill|91\/100|[from] item: Leftovers\n|upkeep\n|turn|3\n|\n|move|p1a: Tornadus|U-turn|p2a: Excadrill\n|-resisted|p2a: Excadrill\n|-damage|p2a: Excadrill|82\/100\n|\n|switch|p1a: Greninja|Greninja, M|100\/100\n|move|p2a: Excadrill|Stealth Rock|p1a: Greninja\n|-sidestart|p1: H4WT \u2605|move: Stealth Rock\n|\n|-heal|p2a: Excadrill|88\/100|[from] item: Leftovers\n|upkeep\n|turn|4\n|\n|switch|p2a: Kyurem|Kyurem-Black|100\/100\n|-ability|p2a: Kyurem|Teravolt\n|move|p1a: Greninja|Hydro Pump|p2a: Kyurem\n|-resisted|p2a: Kyurem\n|-damage|p2a: Kyurem|60\/100\n|\n|upkeep\n|turn|5\n|\n|switch|p1a: Rotom|Rotom-Wash|100\/100\n|-damage|p1a: Rotom|88\/100|[from] Stealth Rock\n|-zpower|p2a: Kyurem\n|move|p2a: Kyurem|Subzero Slammer|p1a: Rotom|[zeffect]\n|-resisted|p1a: Rotom\n|-damage|p1a: Rotom|36\/100\n|\n|-heal|p1a: Rotom|42\/100|[from] item: Leftovers\n|upkeep\n|turn|6\n|\n|move|p2a: Kyurem|Earth Power|p1a: Rotom\n|-supereffective|p1a: Rotom\n|-damage|p1a: Rotom|0 fnt\n|faint|p1a: Rotom\n|\n|upkeep\n|\n|switch|p1a: Greninja|Greninja, M|100\/100\n|-damage|p1a: Greninja|88\/100|[from] Stealth Rock\n|turn|7\n|\n|move|p1a: Greninja|Hydro Pump|p2a: Kyurem\n|-resisted|p2a: Kyurem\n|-damage|p2a: Kyurem|19\/100\n|move|p2a: Kyurem|Fusion Bolt|p1a: Greninja\n|-supereffective|p1a: Greninja\n|-damage|p1a: Greninja|0 fnt\n|faint|p1a: Greninja\n|\n|upkeep\n|\n|switch|p1a: Tornadus|Tornadus-Therian, M|100\/100\n|-damage|p1a: Tornadus|76\/100|[from] Stealth Rock\n|turn|8\n|\n|switch|p2a: Tapu Koko|Tapu Koko|100\/100\n|-fieldstart|move: Electric Terrain|[from] ability: Electric Surge|[of] p2a: Tapu Koko\n|move|p1a: Tornadus|Hurricane|p2a: Tapu Koko\n|-resisted|p2a: Tapu Koko\n|-damage|p2a: Tapu Koko|69\/100\n|-start|p2a: Tapu Koko|confusion\n|\n|upkeep\n|turn|9\n|\n|switch|p1a: Tangrowth|Tangrowth, M|100\/100\n|-damage|p1a: Tangrowth|88\/100|[from] Stealth Rock\n|-activate|p2a: Tapu Koko|confusion\n|move|p2a: Tapu Koko|Volt Switch|p1a: Tangrowth\n|-resisted|p1a: Tangrowth\n|-damage|p1a: Tangrowth|67\/100\n|\n|switch|p2a: Kyurem|Kyurem-Black|19\/100\n|-ability|p2a: Kyurem|Teravolt\n|\n|upkeep\n|turn|10\n|\n|switch|p1a: Heatran|Heatran, M|100\/100\n|-damage|p1a: Heatran|88\/100|[from] Stealth Rock\n|move|p2a: Kyurem|Ice Beam|p1a: Heatran\n|-resisted|p1a: Heatran\n|-damage|p1a: Heatran|79\/100\n|\n|upkeep\n|turn|11\n|\n|move|p2a: Kyurem|Fusion Bolt|p1a: Heatran\n|-crit|p1a: Heatran\n|-damage|p1a: Heatran|0 fnt\n|faint|p1a: Heatran\n|\n|upkeep\n|c|\u2606H4WT \u2605|GG\n|l|\u2606H4WT \u2605\n|player|p1|\n|inactive|Battle timer is ON: inactive players will automatically lose when time's up. (requested by VideoDDD)\n|inactive|H4WT \u2605 has 60 seconds to reconnect!\n|l| Xeketio\n|inactive|H4WT \u2605 has 30 seconds to reconnect!\n|inactive|H4WT \u2605 has 20 seconds to reconnect!\n|inactive|H4WT \u2605 has 15 seconds to reconnect!\n|inactive|H4WT \u2605 has 10 seconds to reconnect!\n|inactive|H4WT \u2605 has 5 seconds to reconnect!\n|-message|H4WT \u2605 lost due to inactivity.\n|\n|win|VideoDDD\n|raw|H4WT \u2605's rating: 1774 &rarr; <strong>1749<\/strong><br \/>(-25 for losing)\n|raw|VideoDDD's rating: 1698 &rarr; <strong>1722<\/strong><br \/>(+24 for winning)\n","uploadtime":1546735726,"views":26,"p1id":"h4wt","p2id":"videoddd","formatid":"gen7ou","rating":1722,"private":0,"password":null}