{"id":"gen7ubers-1500887832","p1":"Smooge","p2":"cows123p","format":"gen7ubers","log":"|j|\u2606Smooge\n|j|\u2606cows123p\n|t:|1643491308\n|gametype|singles\n|player|p1|Smooge|crasherwake|\n|player|p2|cows123p|twins-gen4dp|\n|teamsize|p1|6\n|teamsize|p2|6\n|gen|7\n|tier|[Gen 7] Ubers\n|rule|Sleep Clause Mod: Limit one foe put to sleep\n|rule|Species Clause: Limit one of each Pok\u00e9mon\n|rule|OHKO Clause: OHKO moves are banned\n|rule|Moody Clause: Moody is banned\n|rule|Evasion Moves Clause: Evasion moves are banned\n|rule|Endless Battle Clause: Forcing endless battles is banned\n|rule|HP Percentage Mod: HP is shown in percentages\n|rule|Mega Rayquaza Clause: You cannot mega evolve Rayquaza\n|clearpoke\n|poke|p1|Deoxys-Speed|item\n|poke|p1|Xerneas|item\n|poke|p1|Yveltal|item\n|poke|p1|Zygarde|item\n|poke|p1|Blaziken, M|item\n|poke|p1|Greninja, F|item\n|poke|p2|Cloyster, M|item\n|poke|p2|Xerneas|item\n|poke|p2|Zygarde|item\n|poke|p2|Aegislash, F|item\n|poke|p2|Deoxys-Attack|item\n|poke|p2|Gengar, F|item\n|teampreview\n|j| lightskin avenger\n|c|\u2606cows123p|gimme a minute\n|c|\u2606cows123p|something popped up\n|c|\u2606Smooge|np bro\n|c| lightskin avenger|cows no pressure if u lose im pooping on u\n|j| ChessRobot\n|c| lightskin avenger|yo smooge\n|j| krabbie\n|c|\u2606Smooge|hi\n|j| panda2jzn\n|c| lightskin avenger|hows it going\n|c|\u2606Smooge|good\n|\n|t:|1643491361\n|start\n|switch|p1a: Deoxys|Deoxys-Speed|100\/100\n|switch|p2a: Gengar|Gengar, F|100\/100\n|-ability|p1a: Deoxys|Pressure\n|turn|1\n|c| lightskin avenger|i am glad to hear it\n|\n|t:|1643491378\n|move|p1a: Deoxys|Knock Off|p2a: Gengar\n|-supereffective|p2a: Gengar\n|-damage|p2a: Gengar|8\/100\n|-start|p1a: Deoxys|Disable|Knock Off|[from] ability: Cursed Body|[of] p2a: Gengar\n|-enditem|p2a: Gengar|Focus Sash|[from] move: Knock Off|[of] p1a: Deoxys\n|move|p2a: Gengar|Shadow Ball|p1a: Deoxys\n|-supereffective|p1a: Deoxys\n|-damage|p1a: Deoxys|3\/100\n|-unboost|p1a: Deoxys|spd|1\n|\n|upkeep\n|turn|2\n|j| UberCattie\n|\n|t:|1643491393\n|switch|p2a: Aegislash|Aegislash, F|100\/100\n|move|p1a: Deoxys|Spikes|p2a: Aegislash\n|-sidestart|p2: cows123p|Spikes\n|\n|upkeep\n|turn|3\n|j| mrthico\n|\n|t:|1643491402\n|-formechange|p2a: Aegislash|Aegislash-Blade||[from] ability: Stance Change\n|move|p2a: Aegislash|Shadow Sneak|p1a: Deoxys\n|-supereffective|p1a: Deoxys\n|-damage|p1a: Deoxys|0 fnt\n|-damage|p2a: Aegislash|84\/100|[from] item: Rocky Helmet|[of] p1a: Deoxys\n|faint|p1a: Deoxys\n|\n|upkeep\n|\n|t:|1643491407\n|switch|p1a: Yveltal|Yveltal|100\/100\n|-ability|p1a: Yveltal|Dark Aura\n|turn|4\n|\n|t:|1643491416\n|switch|p2a: Gengar|Gengar, F|8\/100\n|-damage|p2a: Gengar|0 fnt|[from] Spikes\n|faint|p2a: Gengar\n|move|p1a: Yveltal|Dark Pulse|p2: Gengar|[notarget]\n|-fail|p1a: Yveltal\n|\n|upkeep\n|\n|t:|1643491424\n|switch|p2a: Xerneas|Xerneas|100\/100\n|-damage|p2a: Xerneas|88\/100|[from] Spikes\n|-ability|p2a: Xerneas|Fairy Aura\n|turn|5\n|\n|t:|1643491437\n|move|p2a: Xerneas|Moonblast|p1a: Yveltal\n|-supereffective|p1a: Yveltal\n|-damage|p1a: Yveltal|0 fnt\n|faint|p1a: Yveltal\n|\n|upkeep\n|\n|t:|1643491455\n|switch|p1a: Greninja|Greninja, F|100\/100\n|turn|6\n|c| UberCattie|wheres the sp def jirachi\n|j| l0stmem0ries\n|c| UberCattie|:(\n|j| c0000000l323\n|c| l0stmem0ries|oink oink\n|\n|t:|1643491474\n|switch|p2a: Cloyster|Cloyster, M|100\/100\n|-damage|p2a: Cloyster|88\/100|[from] Spikes\n|move|p1a: Greninja|U-turn|p2a: Cloyster\n|-start|p1a: Greninja|typechange|Bug|[from] ability: Protean\n|-damage|p2a: Cloyster|63\/100\n|\n|t:|1643491480\n|switch|p1a: Blaziken|Blaziken, M|100\/100|[from]move: U-turn\n|\n|upkeep\n|turn|7\n|\n|t:|1643491489\n|move|p1a: Blaziken|High Jump Kick|p2a: Cloyster\n|-supereffective|p2a: Cloyster\n|-damage|p2a: Cloyster|0 fnt\n|faint|p2a: Cloyster\n|\n|-ability|p1a: Blaziken|Speed Boost|boost\n|-boost|p1a: Blaziken|spe|1\n|upkeep\n|\n|t:|1643491496\n|switch|p2a: Zygarde|Zygarde|100\/100\n|-damage|p2a: Zygarde|88\/100|[from] Spikes\n|-ability|p2a: Zygarde|Aura Break\n|turn|8\n|\n|t:|1643491504\n|move|p1a: Blaziken|Swords Dance|p1a: Blaziken\n|-boost|p1a: Blaziken|atk|2\n|move|p2a: Zygarde|Substitute|p2a: Zygarde\n|-start|p2a: Zygarde|Substitute\n|-damage|p2a: Zygarde|63\/100\n|\n|-heal|p2a: Zygarde|69\/100|[from] item: Leftovers\n|-ability|p1a: Blaziken|Speed Boost|boost\n|-boost|p1a: Blaziken|spe|1\n|upkeep\n|turn|9\n|c| l0stmem0ries|e.e\n|\n|t:|1643491516\n|move|p2a: Zygarde|Protect|p2a: Zygarde\n|-singleturn|p2a: Zygarde|Protect\n|move|p1a: Blaziken|High Jump Kick|p2a: Zygarde\n|-activate|p2a: Zygarde|move: Protect\n|-damage|p1a: Blaziken|51\/100|[from] highjumpkick\n|\n|-heal|p2a: Zygarde|76\/100|[from] item: Leftovers\n|-ability|p1a: Blaziken|Speed Boost|boost\n|-boost|p1a: Blaziken|spe|1\n|upkeep\n|turn|10\n|j| abi10203040\n|c| l0stmem0ries|by sash\n|c| panda2jzn|hmmm\n|c| UberCattie|lol\n|\n|t:|1643491528\n|move|p1a: Blaziken|High Jump Kick|p2a: Zygarde\n|-end|p2a: Zygarde|Substitute\n|move|p2a: Zygarde|Thousand Arrows|p1a: Blaziken\n|-supereffective|p1a: Blaziken\n|-damage|p1a: Blaziken|0 fnt\n|faint|p1a: Blaziken\n|\n|-heal|p2a: Zygarde|82\/100|[from] item: Leftovers\n|upkeep\n|c| l0stmem0ries|cow my hero\n|\n|t:|1643491540\n|switch|p1a: Xerneas|Xerneas|100\/100\n|-ability|p1a: Xerneas|Fairy Aura\n|turn|11\n|c| lightskin avenger|123p\n|\n|t:|1643491547\n|switch|p2a: Aegislash|Aegislash, F|84\/100\n|-damage|p2a: Aegislash|71\/100|[from] Spikes\n|switch|p1a: Zygarde|Zygarde|100\/100\n|-ability|p1a: Zygarde|Aura Break\n|\n|upkeep\n|turn|12\n|c| l0stmem0ries|the 123p\n|j| caloppubr\n|c| lightskin avenger|ohhhhj\n|\n|t:|1643491554\n|switch|p2a: Xerneas|Xerneas|88\/100\n|-damage|p2a: Xerneas|76\/100|[from] Spikes\n|-ability|p2a: Xerneas|Fairy Aura\n|move|p1a: Zygarde|Coil|p1a: Zygarde\n|-boost|p1a: Zygarde|atk|1\n|-boost|p1a: Zygarde|def|1\n|-boost|p1a: Zygarde|accuracy|1\n|\n|upkeep\n|turn|13\n|\n|t:|1643491563\n|move|p2a: Xerneas|Moonblast|p1a: Zygarde\n|-supereffective|p1a: Zygarde\n|-damage|p1a: Zygarde|34\/100\n|move|p1a: Zygarde|Glare|p2a: Xerneas\n|-status|p2a: Xerneas|par\n|\n|-heal|p1a: Zygarde|40\/100|[from] item: Leftovers\n|upkeep\n|turn|14\n|j| davisx122\n|c| l0stmem0ries|zamn\n|\n|t:|1643491570\n|move|p1a: Zygarde|Thousand Arrows|p2a: Xerneas\n|-damage|p2a: Xerneas|36\/100 par\n|cant|p2a: Xerneas|par\n|\n|-heal|p1a: Zygarde|46\/100|[from] item: Leftovers\n|upkeep\n|turn|15\n|c| panda2jzn|f\n|j| peterran41\n|\n|t:|1643491576\n|move|p1a: Zygarde|Thousand Arrows|p2a: Xerneas\n|-damage|p2a: Xerneas|0 fnt\n|faint|p2a: Xerneas\n|\n|-heal|p1a: Zygarde|53\/100|[from] item: Leftovers\n|upkeep\n|c| lightskin avenger|rip\n|c| UberCattie|unfortunate doesnt begin to describe my experience\n|\n|t:|1643491583\n|switch|p2a: Deoxys|Deoxys-Attack|100\/100\n|-damage|p2a: Deoxys|88\/100|[from] Spikes\n|-ability|p2a: Deoxys|Pressure\n|turn|16\n|\n|t:|1643491591\n|switch|p1a: Xerneas|Xerneas|100\/100\n|-ability|p1a: Xerneas|Fairy Aura\n|move|p2a: Deoxys|Ice Beam|p1a: Xerneas\n|-damage|p1a: Xerneas|60\/100\n|-damage|p2a: Deoxys|78\/100|[from] item: Life Orb\n|\n|upkeep\n|turn|17\n|\n|t:|1643491600\n|move|p2a: Deoxys|Psyshock|p1a: Xerneas\n|-damage|p1a: Xerneas|4\/100\n|-damage|p2a: Deoxys|68\/100|[from] item: Life Orb\n|move|p1a: Xerneas|Moonblast|p2a: Deoxys\n|-damage|p2a: Deoxys|0 fnt\n|faint|p2a: Deoxys\n|\n|upkeep\n|j| Aldin333\n|c| l0stmem0ries|rip\n|c| lightskin avenger|PSYSHOCK\n|\n|t:|1643491609\n|switch|p2a: Aegislash|Aegislash, F|71\/100\n|-damage|p2a: Aegislash|59\/100|[from] Spikes\n|turn|18\n|c| UberCattie|wheres the\n|c| UberCattie|BOOOOOOOOOOOOOOST\n|c| lightskin avenger|wheres the boost\n|c| lightskin avenger|yea\n|\n|t:|1643491618\n|move|p1a: Xerneas|Moonblast|p2a: Aegislash\n|-resisted|p2a: Aegislash\n|-damage|p2a: Aegislash|32\/100\n|move|p2a: Aegislash|Swords Dance|p2a: Aegislash\n|-boost|p2a: Aegislash|atk|2\n|\n|upkeep\n|turn|19\n|\n|t:|1643491625\n|-formechange|p2a: Aegislash|Aegislash-Blade||[from] ability: Stance Change\n|move|p2a: Aegislash|Shadow Sneak|p1a: Xerneas\n|-damage|p1a: Xerneas|0 fnt\n|faint|p1a: Xerneas\n|\n|upkeep\n|c| lightskin avenger|hol up\n|\n|t:|1643491626\n|switch|p1a: Zygarde|Zygarde|53\/100\n|-ability|p1a: Zygarde|Aura Break\n|turn|20\n|c| l0stmem0ries|hol up\n|\n|t:|1643491633\n|move|p2a: Aegislash|Shadow Sneak|p1a: Zygarde\n|-damage|p1a: Zygarde|15\/100\n|move|p1a: Zygarde|Thousand Arrows|p2a: Aegislash\n|-supereffective|p2a: Aegislash\n|-damage|p2a: Aegislash|0 fnt\n|faint|p2a: Aegislash\n|\n|-heal|p1a: Zygarde|21\/100|[from] item: Leftovers\n|upkeep\n|\n|t:|1643491640\n|switch|p2a: Zygarde|Zygarde|82\/100\n|-damage|p2a: Zygarde|69\/100|[from] Spikes\n|-ability|p2a: Zygarde|Aura Break\n|turn|21\n|\n|t:|1643491649\n|move|p2a: Zygarde|Dragon Dance|p2a: Zygarde\n|-boost|p2a: Zygarde|atk|1\n|-boost|p2a: Zygarde|spe|1\n|move|p1a: Zygarde|Thousand Arrows|p2a: Zygarde\n|-damage|p2a: Zygarde|46\/100\n|\n|-heal|p2a: Zygarde|52\/100|[from] item: Leftovers\n|-heal|p1a: Zygarde|27\/100|[from] item: Leftovers\n|upkeep\n|turn|22\n|c| l0stmem0ries|wait do we not outspeed coil gard?\n|c| lightskin avenger|oh my god\n|c| lightskin avenger|oh my god\n|\n|t:|1643491661\n|move|p2a: Zygarde|Substitute|p2a: Zygarde\n|-start|p2a: Zygarde|Substitute\n|-damage|p2a: Zygarde|27\/100\n|move|p1a: Zygarde|Glare||[still]\n|-fail|p1a: Zygarde\n|\n|-heal|p2a: Zygarde|33\/100|[from] item: Leftovers\n|-heal|p1a: Zygarde|33\/100|[from] item: Leftovers\n|upkeep\n|turn|23\n|c| UberCattie|nawww bruh fr\n|c| UberCattie|nahhhhhhh\n|c| l0stmem0ries|LOL\n|c| lightskin avenger|OH MY GOD\n|c| c0000000l323|br0\n|\n|t:|1643491669\n|move|p2a: Zygarde|Protect|p2a: Zygarde\n|-singleturn|p2a: Zygarde|Protect\n|move|p1a: Zygarde|Thousand Arrows|p2a: Zygarde\n|-activate|p2a: Zygarde|move: Protect\n|\n|-heal|p2a: Zygarde|39\/100|[from] item: Leftovers\n|-heal|p1a: Zygarde|39\/100|[from] item: Leftovers\n|upkeep\n|turn|24\n|c| Aldin333|gg\n|c| l0stmem0ries|123P\n|c| l0stmem0ries|MY HERO\n|c| l0stmem0ries|MY HERO\n|\n|t:|1643491679\n|move|p2a: Zygarde|Dragon Dance|p2a: Zygarde\n|-boost|p2a: Zygarde|atk|1\n|-boost|p2a: Zygarde|spe|1\n|move|p1a: Zygarde|Coil|p1a: Zygarde\n|-boost|p1a: Zygarde|atk|1\n|-boost|p1a: Zygarde|def|1\n|-boost|p1a: Zygarde|accuracy|1\n|\n|-heal|p2a: Zygarde|46\/100|[from] item: Leftovers\n|-heal|p1a: Zygarde|45\/100|[from] item: Leftovers\n|upkeep\n|turn|25\n|c| panda2jzn|i wonder where the set is from\n|c| lightskin avenger|HE DD TWICE\n|c| lightskin avenger|JUST CUZ\n|\n|t:|1643491690\n|move|p2a: Zygarde|Thousand Arrows|p1a: Zygarde\n|-crit|p1a: Zygarde\n|-damage|p1a: Zygarde|0 fnt\n|faint|p1a: Zygarde\n|\n|-heal|p2a: Zygarde|52\/100|[from] item: Leftovers\n|upkeep\n|c| lightskin avenger|iuyghao9ijuda\n|c| lightskin avenger|daodijap;da\n|-message|Smooge forfeited.\n|\n|win|cows123p\n|l|\u2606Smooge\n|c| l0stmem0ries|adgfaeugs\n|c| l0stmem0ries|gsgryuswg\n|j| BD2 SolaceInMining\n|c| lightskin avenger|i swear that mattered\n|c| lightskin avenger|i swear that mattered\n|l| peterran41\n|l| caloppubr\n|l| davisx122\n|l| Aldin333\n|c| l0stmem0ries|that def mattered\n|l| UberCattie\n|j| caloppubr\n|l| krabbie\n|l| BD2 SolaceInMining\n|l| caloppubr\n|l| panda2jzn\n|l| c0000000l323\n|l|\u2606cows123p\n|j|\u2606cows123p\n|player|p2|cows123p|twins-gen4dp\n","uploadtime":1643491813,"views":76,"p1id":"smooge","p2id":"cows123p","formatid":"gen7ubers","rating":0,"private":0,"password":null}