{"id":"gen7randombattle-997685151","p1":"lord cube","p2":"dope_meerkat","format":"gen7randombattle","log":"|j|\u2606lord cube\n|j|\u2606dope_meerkat\n|player|p1|lord cube|169|1667\n|player|p2|dope_meerkat|2|1627\n|teamsize|p1|6\n|teamsize|p2|6\n|gametype|singles\n|gen|7\n|tier|[Gen 7] Random Battle\n|rated|\n|rule|Sleep Clause Mod: Limit one foe put to sleep\n|rule|HP Percentage Mod: HP is shown in percentages\n|\n|start\n|switch|p1a: Rhyperior|Rhyperior, L84, F|330\/330\n|switch|p2a: Lurantis|Lurantis, L88, M|266\/266\n|turn|1\n|inactive|Battle timer is ON: inactive players will automatically lose when time's up. (requested by lord cube)\n|\n|move|p2a: Lurantis|Superpower|p1a: Rhyperior\n|-supereffective|p1a: Rhyperior\n|-damage|p1a: Rhyperior|186\/330\n|-enditem|p1a: Rhyperior|Weakness Policy\n|-boost|p1a: Rhyperior|atk|2\n|-boost|p1a: Rhyperior|spa|2\n|-boost|p2a: Lurantis|atk|1\n|-boost|p2a: Lurantis|def|1\n|-damage|p2a: Lurantis|240\/266|[from] item: Life Orb\n|move|p1a: Rhyperior|Rock Polish|p1a: Rhyperior\n|-boost|p1a: Rhyperior|spe|2\n|\n|upkeep\n|turn|2\n|\n|move|p1a: Rhyperior|Megahorn|p2a: Lurantis\n|-supereffective|p2a: Lurantis\n|-damage|p2a: Lurantis|0 fnt\n|faint|p2a: Lurantis\n|\n|upkeep\n|l|\u2606dope_meerkat\n|inactive|dope_meerkat disconnected and has a minute to reconnect!\n|player|p2|\n|j|\u2606dope_meerkat\n|inactive|dope_meerkat reconnected and has 130 seconds left.\n|player|p2|dope_meerkat|2\n|inactive|dope_meerkat has 120 seconds left.\n|\n|switch|p2a: Palkia|Palkia, L78|268\/268\n|-ability|p2a: Palkia|Pressure\n|turn|3\n|\n|move|p1a: Rhyperior|Earthquake|p2a: Palkia\n|-damage|p2a: Palkia|0 fnt\n|faint|p2a: Palkia\n|\n|upkeep\n|\n|switch|p2a: Incineroar|Incineroar, L86, M|303\/303\n|-ability|p2a: Incineroar|Intimidate|boost\n|-unboost|p1a: Rhyperior|atk|1\n|turn|4\n|\n|move|p2a: Incineroar|Fake Out|p1a: Rhyperior\n|-resisted|p1a: Rhyperior\n|-damage|p1a: Rhyperior|174\/330\n|cant|p1a: Rhyperior|flinch\n|\n|upkeep\n|turn|5\n|\n|switch|p2a: Tornadus|Tornadus-Therian, L80, M|258\/258\n|move|p1a: Rhyperior|Rock Blast|p2a: Tornadus\n|-supereffective|p2a: Tornadus\n|-damage|p2a: Tornadus|144\/258\n|-supereffective|p2a: Tornadus\n|-damage|p2a: Tornadus|24\/258\n|-hitcount|p2a: Tornadus|2\n|\n|upkeep\n|turn|6\n|\n|switch|p2a: Incineroar|Incineroar, L86, M|303\/303\n|-ability|p2a: Incineroar|Intimidate|boost\n|-unboost|p1a: Rhyperior|atk|1\n|move|p1a: Rhyperior|Rock Blast|p2a: Incineroar|[miss]\n|-miss|p1a: Rhyperior|p2a: Incineroar\n|\n|upkeep\n|turn|7\n|\n|move|p2a: Incineroar|Fake Out|p1a: Rhyperior\n|-resisted|p1a: Rhyperior\n|-damage|p1a: Rhyperior|161\/330\n|cant|p1a: Rhyperior|flinch\n|\n|upkeep\n|turn|8\n|\n|move|p1a: Rhyperior|Rock Blast|p2a: Incineroar\n|-supereffective|p2a: Incineroar\n|-damage|p2a: Incineroar|225\/303\n|-supereffective|p2a: Incineroar\n|-damage|p2a: Incineroar|157\/303\n|-supereffective|p2a: Incineroar\n|-damage|p2a: Incineroar|91\/303\n|-hitcount|p2a: Incineroar|3\n|move|p2a: Incineroar|U-turn|p1a: Rhyperior\n|-damage|p1a: Rhyperior|113\/330\n|\n|switch|p2a: Tornadus|Tornadus-Therian, L80, M|110\/258\n|\n|upkeep\n|turn|9\n|\n|switch|p2a: Incineroar|Incineroar, L86, M|91\/303\n|-ability|p2a: Incineroar|Intimidate|boost\n|-unboost|p1a: Rhyperior|atk|1\n|move|p1a: Rhyperior|Rock Blast|p2a: Incineroar\n|-supereffective|p2a: Incineroar\n|-damage|p2a: Incineroar|41\/303\n|-supereffective|p2a: Incineroar\n|-damage|p2a: Incineroar|0 fnt\n|-hitcount|p2a: Incineroar|2\n|faint|p2a: Incineroar\n|\n|upkeep\n|\n|switch|p2a: Linoone|Linoone, L83, F|264\/264\n|turn|10\n|\n|move|p1a: Rhyperior|Earthquake|p2a: Linoone\n|-damage|p2a: Linoone|137\/264\n|move|p2a: Linoone|Belly Drum|p2a: Linoone\n|-damage|p2a: Linoone|5\/264\n|-setboost|p2a: Linoone|atk|6|[from] move: Belly Drum\n|-enditem|p2a: Linoone|Mago Berry|[eat]\n|-heal|p2a: Linoone|137\/264|[from] item: Mago Berry\n|\n|upkeep\n|turn|11\n|\n|move|p1a: Rhyperior|Earthquake|p2a: Linoone\n|-damage|p2a: Linoone|5\/264\n|move|p2a: Linoone|Stomping Tantrum|p1a: Rhyperior\n|-supereffective|p1a: Rhyperior\n|-damage|p1a: Rhyperior|0 fnt\n|faint|p1a: Rhyperior\n|\n|upkeep\n|\n|switch|p1a: Pinsir|Pinsir, L81, F|237\/237\n|turn|12\n|\n|detailschange|p1a: Pinsir|Pinsir-Mega, L81, F\n|-mega|p1a: Pinsir|Pinsir|Pinsirite\n|move|p2a: Linoone|Extreme Speed|p1a: Pinsir\n|-damage|p1a: Pinsir|42\/237\n|move|p1a: Pinsir|Quick Attack|p2a: Linoone\n|-damage|p2a: Linoone|0 fnt\n|faint|p2a: Linoone\n|\n|upkeep\n|\n|switch|p2a: Tornadus|Tornadus-Therian, L80, M|196\/258\n|turn|13\n|\n|move|p1a: Pinsir|Quick Attack|p2a: Tornadus\n|-damage|p2a: Tornadus|115\/258\n|move|p2a: Tornadus|Hurricane|p1a: Pinsir|[miss]\n|-miss|p2a: Tornadus|p1a: Pinsir\n|\n|upkeep\n|turn|14\n|\n|move|p1a: Pinsir|Quick Attack|p2a: Tornadus\n|-damage|p2a: Tornadus|34\/258\n|move|p2a: Tornadus|Hurricane|p1a: Pinsir\n|-supereffective|p1a: Pinsir\n|-damage|p1a: Pinsir|0 fnt\n|faint|p1a: Pinsir\n|\n|upkeep\n|\n|switch|p1a: Yveltal|Yveltal, L78|325\/325\n|-ability|p1a: Yveltal|Dark Aura\n|turn|15\n|-message|dope_meerkat forfeited.\n|\n|win|lord cube\n|l|\u2606dope_meerkat\n|raw|lord cube's rating: 1668 &rarr; <strong>1685<\/strong><br \/>(+17 for winning)\n|raw|dope_meerkat's rating: 1627 &rarr; <strong>1609<\/strong><br \/>(-18 for losing)\n|l|\u2606lord cube\n|j|\u2606lord cube\n|player|p1|lord cube|169\n","inputlog":">version 78e4d3945b072d0a7e8a22ec4e5cf145cf5e44d4\n>start {\"formatid\":\"gen7randombattle\",\"seed\":[14888,56479,37682,47229],\"rated\":\"Rated battle\"}\n>player p1 {\"name\":\"lord cube\",\"avatar\":\"169\",\"team\":\"\",\"rating\":1667,\"seed\":[54252,21693,15509,22018]}\n>player p2 {\"name\":\"dope_meerkat\",\"avatar\":\"2\",\"team\":\"\",\"rating\":1627,\"seed\":[65112,46480,24056,55963]}\n>p1 move rockpolish\n>p2 move superpower\n>p1 move megahorn\n>p2 move leafstorm\n>p2 switch 5\n>p1 move earthquake\n>p2 move hydropump\n>p2 switch 3\n>p1 move earthquake\n>p2 move fakeout\n>p1 move rockblast\n>p2 switch 4\n>p1 move rockblast\n>p2 switch 4\n>p1 move rockblast\n>p2 move fakeout\n>p1 move rockblast\n>p2 move uturn\n>p2 switch 4\n>p1 move rockblast\n>p2 switch 4\n>p2 switch 2\n>p1 move earthquake\n>p2 move bellydrum\n>p1 move earthquake\n>p2 move stompingtantrum\n>p1 switch 4\n>p1 move quickattack mega\n>p2 move extremespeed\n>p2 switch 4\n>p1 move quickattack\n>p2 move hurricane\n>p1 move quickattack\n>p2 move hurricane\n>p1 switch 6","uploadtime":1571899568,"views":10,"p1id":"lordcube","p2id":"dopemeerkat","formatid":"gen7randombattle","rating":1609,"private":0,"password":null}