{"id":"gen7randombattle-884881651","p1":"Chaud74","p2":"spork2291","format":"gen7randombattle","log":"|j|\u2606Chaud74\n|j|\u2606spork2291\n|player|p1|Chaud74|266\n|player|p2|spork2291|262\n|teamsize|p1|6\n|teamsize|p2|6\n|gametype|singles\n|gen|7\n|tier|[Gen 7] Random Battle\n|rated|\n|rule|Sleep Clause Mod: Limit one foe put to sleep\n|rule|HP Percentage Mod: HP is shown in percentages\n|\n|start\n|switch|p1a: Typhlosion|Typhlosion, L87, M|277\/277\n|switch|p2a: Jirachi|Jirachi, L80|291\/291\n|turn|1\n|inactive|Battle timer is ON: inactive players will automatically lose when time's up. (requested by spork2291)\n|\n|switch|p2a: Charizard|Charizard, L80, F|255\/255\n|move|p1a: Typhlosion|Eruption|p2a: Charizard\n|-resisted|p2a: Charizard\n|-damage|p2a: Charizard|150\/255\n|\n|upkeep\n|turn|2\n|\n|switch|p1a: Tapu Koko|Tapu Koko, L80|243\/243\n|-fieldstart|move: Electric Terrain|[from] ability: Electric Surge|[of] p1a: Tapu Koko\n|detailschange|p2a: Charizard|Charizard-Mega-X, L80, F\n|-mega|p2a: Charizard|Charizard|Charizardite X\n|move|p2a: Charizard|Dragon Dance|p2a: Charizard\n|-boost|p2a: Charizard|atk|1\n|-boost|p2a: Charizard|spe|1\n|\n|upkeep\n|turn|3\n|\n|switch|p1a: Honchkrow|Honchkrow, L84, M|305\/305\n|move|p2a: Charizard|Roost|p2a: Charizard\n|-heal|p2a: Charizard|255\/255\n|-singleturn|p2a: Charizard|move: Roost\n|\n|upkeep\n|turn|4\n|\n|move|p2a: Charizard|Dragon Dance|p2a: Charizard\n|-boost|p2a: Charizard|atk|1\n|-boost|p2a: Charizard|spe|1\n|move|p1a: Honchkrow|Brave Bird|p2a: Charizard\n|-damage|p2a: Charizard|128\/255\n|-damage|p1a: Honchkrow|263\/305|[from] Recoil\n|\n|upkeep\n|turn|5\n|\n|move|p2a: Charizard|Roost|p2a: Charizard\n|-heal|p2a: Charizard|255\/255\n|-singleturn|p2a: Charizard|move: Roost\n|move|p1a: Honchkrow|Brave Bird|p2a: Charizard\n|-damage|p2a: Charizard|113\/255\n|-damage|p1a: Honchkrow|216\/305|[from] Recoil\n|\n|upkeep\n|turn|6\n|\n|move|p2a: Charizard|Roost|p2a: Charizard\n|-heal|p2a: Charizard|241\/255\n|-singleturn|p2a: Charizard|move: Roost\n|move|p1a: Honchkrow|Brave Bird|p2a: Charizard\n|-crit|p2a: Charizard\n|-damage|p2a: Charizard|37\/255\n|-damage|p1a: Honchkrow|149\/305|[from] Recoil\n|\n|-fieldend|move: Electric Terrain\n|upkeep\n|turn|7\n|\n|move|p2a: Charizard|Roost|p2a: Charizard\n|-heal|p2a: Charizard|165\/255\n|-singleturn|p2a: Charizard|move: Roost\n|move|p1a: Honchkrow|Brave Bird|p2a: Charizard\n|-damage|p2a: Charizard|39\/255\n|-damage|p1a: Honchkrow|107\/305|[from] Recoil\n|\n|upkeep\n|turn|8\n|\n|move|p2a: Charizard|Dragon Claw|p1a: Honchkrow\n|-damage|p1a: Honchkrow|0 fnt\n|faint|p1a: Honchkrow\n|\n|upkeep\n|\n|switch|p1a: Miltank|Miltank, L86, F|304\/304\n|turn|9\n|\n|move|p2a: Charizard|Roost|p2a: Charizard\n|-heal|p2a: Charizard|167\/255\n|-singleturn|p2a: Charizard|move: Roost\n|move|p1a: Miltank|Earthquake|p2a: Charizard\n|-supereffective|p2a: Charizard\n|-damage|p2a: Charizard|49\/255\n|\n|upkeep\n|turn|10\n|\n|move|p2a: Charizard|Dragon Claw|p1a: Miltank\n|-damage|p1a: Miltank|67\/304\n|move|p1a: Miltank|Earthquake|p2a: Charizard\n|-supereffective|p2a: Charizard\n|-damage|p2a: Charizard|0 fnt\n|faint|p2a: Charizard\n|\n|-heal|p1a: Miltank|86\/304|[from] item: Leftovers\n|upkeep\n|\n|switch|p2a: Lugia|Lugia, L78|293\/293\n|turn|11\n|\n|move|p1a: Miltank|Body Slam|p2a: Lugia\n|-damage|p2a: Lugia|260\/293\n|move|p2a: Lugia|Substitute|p2a: Lugia\n|-start|p2a: Lugia|Substitute\n|-damage|p2a: Lugia|187\/293\n|\n|-heal|p1a: Miltank|105\/304|[from] item: Leftovers\n|-heal|p2a: Lugia|205\/293|[from] item: Leftovers\n|upkeep\n|turn|12\n|\n|move|p1a: Miltank|Body Slam|p2a: Lugia\n|-activate|p2a: Lugia|move: Substitute|[damage]\n|move|p2a: Lugia|Psychic|p1a: Miltank\n|-damage|p1a: Miltank|18\/304\n|\n|-heal|p1a: Miltank|37\/304|[from] item: Leftovers\n|-heal|p2a: Lugia|223\/293|[from] item: Leftovers\n|upkeep\n|turn|13\n|\n|move|p1a: Miltank|Body Slam|p2a: Lugia\n|-end|p2a: Lugia|Substitute\n|move|p2a: Lugia|Psychic|p1a: Miltank\n|-damage|p1a: Miltank|0 fnt\n|faint|p1a: Miltank\n|\n|-heal|p2a: Lugia|241\/293|[from] item: Leftovers\n|upkeep\n|\n|switch|p1a: Tapu Koko|Tapu Koko, L80|243\/243\n|-fieldstart|move: Electric Terrain|[from] ability: Electric Surge|[of] p1a: Tapu Koko\n|turn|14\n|\n|switch|p2a: Raikou|Raikou, L84|288\/288\n|-ability|p2a: Raikou|Pressure\n|move|p1a: Tapu Koko|Wild Charge|p2a: Raikou\n|-resisted|p2a: Raikou\n|-damage|p2a: Raikou|202\/288\n|-damage|p1a: Tapu Koko|221\/243|[from] Recoil\n|\n|upkeep\n|turn|15\n|\n|move|p1a: Tapu Koko|Dazzling Gleam|p2a: Raikou\n|-damage|p2a: Raikou|126\/288\n|move|p2a: Raikou|Calm Mind|p2a: Raikou\n|-boost|p2a: Raikou|spa|1\n|-boost|p2a: Raikou|spd|1\n|\n|upkeep\n|turn|16\n|\n|move|p1a: Tapu Koko|Dazzling Gleam|p2a: Raikou\n|-damage|p2a: Raikou|75\/288\n|move|p2a: Raikou|Thunderbolt|p1a: Tapu Koko\n|-resisted|p1a: Tapu Koko\n|-damage|p1a: Tapu Koko|34\/243\n|-damage|p2a: Raikou|47\/288|[from] item: Life Orb\n|\n|upkeep\n|turn|17\n|\n|move|p1a: Tapu Koko|Wild Charge|p2a: Raikou\n|-resisted|p2a: Raikou\n|-crit|p2a: Raikou\n|-damage|p2a: Raikou|0 fnt\n|-damage|p1a: Tapu Koko|22\/243|[from] Recoil\n|faint|p2a: Raikou\n|\n|upkeep\n|\n|switch|p2a: Oranguru|Oranguru, L89, M|305\/305\n|turn|18\n|\n|move|p1a: Tapu Koko|U-turn|p2a: Oranguru\n|-supereffective|p2a: Oranguru\n|-damage|p2a: Oranguru|171\/305\n|\n|switch|p1a: Ampharos|Ampharos, L84, M|288\/288|[from]move: U-turn\n|move|p2a: Oranguru|Psyshock|p1a: Ampharos\n|-damage|p1a: Ampharos|203\/288\n|\n|-heal|p2a: Oranguru|190\/305|[from] item: Leftovers\n|-fieldend|move: Electric Terrain\n|upkeep\n|turn|19\n|\n|detailschange|p1a: Ampharos|Ampharos-Mega, L84, M\n|-mega|p1a: Ampharos|Ampharos|Ampharosite\n|-ability|p1a: Ampharos|Mold Breaker\n|move|p2a: Oranguru|Nasty Plot|p2a: Oranguru\n|-boost|p2a: Oranguru|spa|2\n|move|p1a: Ampharos|Thunderbolt|p2a: Oranguru\n|-damage|p2a: Oranguru|84\/305\n|\n|-heal|p2a: Oranguru|103\/305|[from] item: Leftovers\n|upkeep\n|turn|20\n|\n|move|p2a: Oranguru|Psyshock|p1a: Ampharos\n|-damage|p1a: Ampharos|37\/288\n|move|p1a: Ampharos|Thunderbolt|p2a: Oranguru\n|-damage|p2a: Oranguru|0 fnt\n|faint|p2a: Oranguru\n|\n|upkeep\n|\n|switch|p2a: Lugia|Lugia, L78|241\/293\n|turn|21\n|\n|move|p2a: Lugia|Psychic|p1a: Ampharos\n|-damage|p1a: Ampharos|0 fnt\n|faint|p1a: Ampharos\n|\n|-heal|p2a: Lugia|259\/293|[from] item: Leftovers\n|upkeep\n|\n|switch|p1a: Tapu Koko|Tapu Koko, L80|22\/243\n|-fieldstart|move: Electric Terrain|[from] ability: Electric Surge|[of] p1a: Tapu Koko\n|turn|22\n|\n|switch|p2a: Amoonguss|Amoonguss, L82, F|321\/321\n|move|p1a: Tapu Koko|U-turn|p2a: Amoonguss\n|-damage|p2a: Amoonguss|257\/321\n|\n|switch|p1a: Typhlosion|Typhlosion, L87, M|277\/277|[from]move: U-turn\n|\n|-heal|p2a: Amoonguss|277\/321|[from] item: Black Sludge\n|upkeep\n|turn|23\n|\n|move|p1a: Typhlosion|Eruption|p2a: Amoonguss\n|-supereffective|p2a: Amoonguss\n|-damage|p2a: Amoonguss|0 fnt\n|faint|p2a: Amoonguss\n|\n|upkeep\n|\n|switch|p2a: Lugia|Lugia, L78|259\/293\n|turn|24\n|\n|switch|p1a: Kommo-o|Kommo-o, L82, M|257\/257\n|move|p2a: Lugia|Roost|p2a: Lugia\n|-heal|p2a: Lugia|293\/293\n|-singleturn|p2a: Lugia|move: Roost\n|\n|upkeep\n|turn|25\n|\n|move|p2a: Lugia|Psychic|p1a: Kommo-o\n|-supereffective|p1a: Kommo-o\n|-damage|p1a: Kommo-o|111\/257\n|-zpower|p1a: Kommo-o\n|move|p1a: Kommo-o|Clangorous Soulblaze|p2a: Lugia|[zeffect]\n|-damage|p2a: Lugia|222\/293\n|-boost|p1a: Kommo-o|atk|1\n|-boost|p1a: Kommo-o|def|1\n|-boost|p1a: Kommo-o|spa|1\n|-boost|p1a: Kommo-o|spd|1\n|-boost|p1a: Kommo-o|spe|1\n|\n|-heal|p2a: Lugia|240\/293|[from] item: Leftovers\n|upkeep\n|turn|26\n|inactive|Chaud74 has 120 seconds left.\n|\n|move|p1a: Kommo-o|Clanging Scales|p2a: Lugia\n|-damage|p2a: Lugia|128\/293\n|-unboost|p1a: Kommo-o|def|1\n|move|p2a: Lugia|Psychic|p1a: Kommo-o\n|-supereffective|p1a: Kommo-o\n|-damage|p1a: Kommo-o|13\/257\n|-unboost|p1a: Kommo-o|spd|1\n|\n|-heal|p2a: Lugia|146\/293|[from] item: Leftovers\n|-fieldend|move: Electric Terrain\n|upkeep\n|turn|27\n|inactive|Chaud74 has 120 seconds left.\n|\n|move|p1a: Kommo-o|Clanging Scales|p2a: Lugia\n|-damage|p2a: Lugia|37\/293\n|-unboost|p1a: Kommo-o|def|1\n|move|p2a: Lugia|Roost|p2a: Lugia\n|-heal|p2a: Lugia|184\/293\n|-singleturn|p2a: Lugia|move: Roost\n|\n|-heal|p2a: Lugia|202\/293|[from] item: Leftovers\n|upkeep\n|turn|28\n|inactive|Chaud74 has 120 seconds left.\n|\n|move|p1a: Kommo-o|Poison Jab|p2a: Lugia\n|-damage|p2a: Lugia|132\/293\n|move|p2a: Lugia|Roost|p2a: Lugia\n|-heal|p2a: Lugia|279\/293\n|-singleturn|p2a: Lugia|move: Roost\n|\n|-heal|p2a: Lugia|293\/293|[from] item: Leftovers\n|upkeep\n|turn|29\n|inactive|Chaud74 has 120 seconds left.\n|\n|move|p1a: Kommo-o|Clanging Scales|p2a: Lugia\n|-damage|p2a: Lugia|239\/293\n|-unboost|p1a: Kommo-o|def|1\n|move|p2a: Lugia|Substitute|p2a: Lugia\n|-start|p2a: Lugia|Substitute\n|-damage|p2a: Lugia|166\/293\n|\n|-heal|p2a: Lugia|184\/293|[from] item: Leftovers\n|upkeep\n|turn|30\n|inactive|Chaud74 has 120 seconds left.\n|\n|move|p1a: Kommo-o|Clanging Scales|p2a: Lugia\n|-damage|p2a: Lugia|75\/293\n|-unboost|p1a: Kommo-o|def|1\n|move|p2a: Lugia|Roost|p2a: Lugia\n|-heal|p2a: Lugia|222\/293\n|-singleturn|p2a: Lugia|move: Roost\n|\n|-heal|p2a: Lugia|240\/293|[from] item: Leftovers\n|upkeep\n|turn|31\n|inactive|Chaud74 has 120 seconds left.\n|\n|move|p1a: Kommo-o|Clanging Scales|p2a: Lugia\n|-damage|p2a: Lugia|119\/293\n|-unboost|p1a: Kommo-o|def|1\n|move|p2a: Lugia|Roost|p2a: Lugia\n|-heal|p2a: Lugia|266\/293\n|-singleturn|p2a: Lugia|move: Roost\n|\n|-heal|p2a: Lugia|284\/293|[from] item: Leftovers\n|upkeep\n|turn|32\n|inactive|Chaud74 has 120 seconds left.\n|\n|move|p1a: Kommo-o|Clanging Scales|p2a: Lugia\n|-damage|p2a: Lugia|160\/293\n|-unboost|p1a: Kommo-o|def|1\n|move|p2a: Lugia|Roost|p2a: Lugia\n|-heal|p2a: Lugia|293\/293\n|-singleturn|p2a: Lugia|move: Roost\n|\n|upkeep\n|turn|33\n|inactive|Chaud74 has 120 seconds left.\n|\n|move|p1a: Kommo-o|Poison Jab|p2a: Lugia\n|-activate|p2a: Lugia|move: Substitute|[damage]\n|move|p2a: Lugia|Roost||[still]\n|-fail|p2a: Lugia\n|\n|upkeep\n|turn|34\n|\n|move|p1a: Kommo-o|Poison Jab|p2a: Lugia\n|-activate|p2a: Lugia|move: Substitute|[damage]\n|move|p2a: Lugia|Substitute|p2a: Lugia\n|-fail|p2a: Lugia|move: Substitute\n|\n|upkeep\n|turn|35\n|\n|move|p1a: Kommo-o|Clanging Scales|p2a: Lugia\n|-damage|p2a: Lugia|240\/293\n|-unboost|p1a: Kommo-o|def|1\n|move|p2a: Lugia|Substitute|p2a: Lugia\n|-fail|p2a: Lugia|move: Substitute\n|\n|-heal|p2a: Lugia|258\/293|[from] item: Leftovers\n|upkeep\n|turn|36\n|\n|move|p1a: Kommo-o|Poison Jab|p2a: Lugia\n|-end|p2a: Lugia|Substitute\n|move|p2a: Lugia|Substitute|p2a: Lugia\n|-start|p2a: Lugia|Substitute\n|-damage|p2a: Lugia|185\/293\n|\n|-heal|p2a: Lugia|203\/293|[from] item: Leftovers\n|upkeep\n|turn|37\n|inactive|Chaud74 has 120 seconds left.\n|\n|move|p1a: Kommo-o|Dragon Dance|p1a: Kommo-o\n|-boost|p1a: Kommo-o|atk|1\n|-boost|p1a: Kommo-o|spe|1\n|move|p2a: Lugia|Roost|p2a: Lugia\n|-heal|p2a: Lugia|293\/293\n|-singleturn|p2a: Lugia|move: Roost\n|\n|upkeep\n|turn|38\n|\n|move|p1a: Kommo-o|Poison Jab|p2a: Lugia\n|-activate|p2a: Lugia|move: Substitute|[damage]\n|move|p2a: Lugia|Psychic|p1a: Kommo-o\n|-supereffective|p1a: Kommo-o\n|-damage|p1a: Kommo-o|0 fnt\n|faint|p1a: Kommo-o\n|\n|upkeep\n|\n|switch|p1a: Typhlosion|Typhlosion, L87, M|277\/277\n|turn|39\n|\n|move|p1a: Typhlosion|Fire Blast|p2a: Lugia|[miss]\n|-miss|p1a: Typhlosion|p2a: Lugia\n|move|p2a: Lugia|Psychic|p1a: Typhlosion\n|-damage|p1a: Typhlosion|192\/277\n|\n|upkeep\n|turn|40\n|\n|move|p1a: Typhlosion|Fire Blast|p2a: Lugia\n|-end|p2a: Lugia|Substitute\n|move|p2a: Lugia|Psychic|p1a: Typhlosion\n|-damage|p1a: Typhlosion|119\/277\n|-unboost|p1a: Typhlosion|spd|1\n|\n|upkeep\n|turn|41\n|\n|move|p1a: Typhlosion|Fire Blast|p2a: Lugia\n|-damage|p2a: Lugia|250\/293\n|move|p2a: Lugia|Roost|p2a: Lugia\n|-heal|p2a: Lugia|293\/293\n|-singleturn|p2a: Lugia|move: Roost\n|\n|upkeep\n|turn|42\n|\n|move|p1a: Typhlosion|Fire Blast|p2a: Lugia|[miss]\n|-miss|p1a: Typhlosion|p2a: Lugia\n|move|p2a: Lugia|Substitute|p2a: Lugia\n|-start|p2a: Lugia|Substitute\n|-damage|p2a: Lugia|220\/293\n|\n|-heal|p2a: Lugia|238\/293|[from] item: Leftovers\n|upkeep\n|turn|43\n|\n|move|p1a: Typhlosion|Fire Blast|p2a: Lugia|[miss]\n|-miss|p1a: Typhlosion|p2a: Lugia\n|move|p2a: Lugia|Roost|p2a: Lugia\n|-heal|p2a: Lugia|293\/293\n|-singleturn|p2a: Lugia|move: Roost\n|\n|upkeep\n|turn|44\n|-message|Chaud74 forfeited.\n|\n|win|spork2291\n|l|\u2606Chaud74\n","inputlog":">version f3898f650d4fcae5da0f0d10d1d16ba5ef94fa3c\n>start {\"formatid\":\"gen7randombattle\",\"seed\":[41711,5370,47925,27337],\"rated\":\"Rated battle\"}\n>player p1 {\"name\":\"Chaud74\",\"avatar\":\"266\",\"team\":\"\",\"seed\":[26244,17333,64942,26666]}\n>player p2 {\"name\":\"spork2291\",\"avatar\":\"262\",\"team\":\"\",\"seed\":[11213,19600,13217,20293]}\n>p1 move eruption\n>p2 switch 6\n>p1 switch 3\n>p2 move dragondance mega\n>p1 switch 4\n>p2 move roost\n>p1 move bravebird\n>p2 move dragondance\n>p1 move bravebird\n>p2 move roost\n>p1 move bravebird\n>p2 move roost\n>p1 move bravebird\n>p2 move roost\n>p1 move bravebird\n>p2 move dragonclaw\n>p1 switch 6\n>p1 move earthquake\n>p2 move roost\n>p1 move earthquake\n>p2 move dragonclaw\n>p2 switch 4\n>p1 move bodyslam\n>p2 move substitute\n>p1 move bodyslam\n>p2 move psychic\n>p1 move bodyslam\n>p2 move psychic\n>p1 switch 4\n>p1 move wildcharge\n>p2 switch 2\n>p1 move dazzlinggleam\n>p2 move calmmind\n>p1 move dazzlinggleam\n>p2 move thunderbolt\n>p1 move wildcharge\n>p2 move thunderbolt\n>p2 switch 3\n>p1 move uturn\n>p2 move psyshock\n>p1 switch 2\n>p1 move thunderbolt mega\n>p2 move nastyplot\n>p1 move thunderbolt\n>p2 move psyshock\n>p2 switch 2\n>p1 move thunderbolt\n>p2 move psychic\n>p1 switch 2\n>p1 move uturn\n>p2 switch 5\n>p1 switch 3\n>p1 move eruption\n>p2 move sludgebomb\n>p2 switch 5\n>p1 switch 5\n>p2 move roost\n>p1 move clangingscales zmove\n>p2 move psychic\n>p1 move clangingscales\n>p2 move psychic\n>p1 move clangingscales\n>p2 move roost\n>p1 move poisonjab\n>p2 move roost\n>p1 move clangingscales\n>p2 move substitute\n>p1 move clangingscales\n>p2 move roost\n>p1 move clangingscales\n>p2 move roost\n>p1 move clangingscales\n>p2 move roost\n>p1 move poisonjab\n>p2 move roost\n>p1 move poisonjab\n>p2 move substitute\n>p1 move clangingscales\n>p2 move substitute\n>p1 move poisonjab\n>p2 move substitute\n>p1 move dragondance\n>p2 move roost\n>p1 move poisonjab\n>p2 move psychic\n>p1 switch 5\n>p1 move fireblast\n>p2 move psychic\n>p1 move fireblast\n>p2 move psychic\n>p1 move fireblast\n>p2 move roost\n>p1 move fireblast\n>p2 move substitute\n>p1 move fireblast\n>p2 move roost","uploadtime":1554042191,"views":0,"p1id":"chaud74","p2id":"spork2291","formatid":"gen7randombattle","rating":0,"private":0,"password":null}