{"id":"gen7ou-994914557","p1":"Alolan crow","p2":"Shardul888","format":"gen7ou","log":"|j|\u2606Alolan crow\n|j|\u2606Shardul888\n|player|p1|Alolan crow|161|1376\n|player|p2|Shardul888|92|1407\n|teamsize|p1|6\n|teamsize|p2|6\n|gametype|singles\n|gen|7\n|tier|[Gen 7] OU\n|rated|\n|rule|Sleep Clause Mod: Limit one foe put to sleep\n|rule|Species Clause: Limit one of each Pok\u00e9mon\n|rule|OHKO Clause: OHKO moves are banned\n|rule|Moody Clause: Moody is banned\n|rule|Evasion Moves Clause: Evasion moves are banned\n|rule|Endless Battle Clause: Forcing endless battles is banned\n|rule|HP Percentage Mod: HP is shown in percentages\n|clearpoke\n|poke|p1|Kommo-o, F|item\n|poke|p1|Primarina, F|item\n|poke|p1|Celesteela|item\n|poke|p1|Ferrothorn, F|item\n|poke|p1|Alakazam, M|item\n|poke|p1|Victini|item\n|poke|p2|Venusaur, M|item\n|poke|p2|Magearna|item\n|poke|p2|Dragonite, M|item\n|poke|p2|Tapu Lele|item\n|poke|p2|Gliscor, F|item\n|poke|p2|Toxapex, F|item\n|teampreview\n|\n|start\n|switch|p1a: Ferrothorn|Ferrothorn, F|100\/100\n|switch|p2a: Toxapex|Toxapex, F, shiny|100\/100\n|turn|1\n|inactive|Battle timer is ON: inactive players will automatically lose when time's up. (requested by Shardul888)\n|l|\u2606Shardul888\n|inactive|Shardul888 disconnected and has a minute to reconnect!\n|player|p2|\n|inactive|Shardul888 has 30 seconds to reconnect!\n|j|\u2606Shardul888\n|inactive|Shardul888 reconnected and has 100 seconds left.\n|player|p2|Shardul888|92\n|\n|switch|p1a: Kommo-o|Kommo-o, F|100\/100\n|move|p2a: Toxapex|Scald|p1a: Kommo-o\n|-resisted|p1a: Kommo-o\n|-damage|p1a: Kommo-o|91\/100\n|\n|upkeep\n|turn|2\n|\n|move|p1a: Kommo-o|Substitute|p1a: Kommo-o\n|-start|p1a: Kommo-o|Substitute\n|-damage|p1a: Kommo-o|66\/100\n|move|p2a: Toxapex|Toxic||[still]\n|-fail|p2a: Toxapex\n|\n|upkeep\n|turn|3\n|\n|move|p1a: Kommo-o|Belly Drum|p1a: Kommo-o\n|-damage|p1a: Kommo-o|16\/100\n|-setboost|p1a: Kommo-o|atk|6|[from] move: Belly Drum\n|-enditem|p1a: Kommo-o|Salac Berry|[eat]\n|-boost|p1a: Kommo-o|spe|1\n|move|p2a: Toxapex|Haze|p2a: Toxapex\n|-clearallboost\n|\n|upkeep\n|turn|4\n|\n|switch|p1a: Ferrothorn|Ferrothorn, F|100\/100\n|move|p2a: Toxapex|Scald|p1a: Ferrothorn\n|-resisted|p1a: Ferrothorn\n|-damage|p1a: Ferrothorn|94\/100\n|\n|-heal|p1a: Ferrothorn|99\/100|[from] item: Leftovers\n|upkeep\n|turn|5\n|\n|move|p2a: Toxapex|Scald|p1a: Ferrothorn\n|-resisted|p1a: Ferrothorn\n|-damage|p1a: Ferrothorn|92\/100\n|move|p1a: Ferrothorn|Knock Off|p2a: Toxapex\n|-damage|p2a: Toxapex|84\/100\n|-enditem|p2a: Toxapex|Leftovers|[from] move: Knock Off|[of] p1a: Ferrothorn\n|\n|-heal|p1a: Ferrothorn|98\/100|[from] item: Leftovers\n|upkeep\n|turn|6\n|\n|move|p2a: Toxapex|Scald|p1a: Ferrothorn\n|-resisted|p1a: Ferrothorn\n|-damage|p1a: Ferrothorn|91\/100\n|move|p1a: Ferrothorn|Stealth Rock|p2a: Toxapex\n|-sidestart|p2: Shardul888|move: Stealth Rock\n|\n|-heal|p1a: Ferrothorn|97\/100|[from] item: Leftovers\n|upkeep\n|turn|7\n|\n|move|p2a: Toxapex|Scald|p1a: Ferrothorn\n|-resisted|p1a: Ferrothorn\n|-damage|p1a: Ferrothorn|90\/100\n|-status|p1a: Ferrothorn|brn\n|move|p1a: Ferrothorn|Knock Off|p2a: Toxapex\n|-damage|p2a: Toxapex|79\/100\n|\n|-heal|p1a: Ferrothorn|96\/100 brn|[from] item: Leftovers\n|-damage|p1a: Ferrothorn|90\/100 brn|[from] brn\n|upkeep\n|turn|8\n|\n|switch|p2a: Gliscor|Gliscor, F|100\/100\n|-damage|p2a: Gliscor|88\/100|[from] Stealth Rock\n|move|p1a: Ferrothorn|Leech Seed|p2a: Gliscor\n|-start|p2a: Gliscor|move: Leech Seed\n|\n|-heal|p1a: Ferrothorn|96\/100 brn|[from] item: Leftovers\n|-damage|p2a: Gliscor|76\/100|[from] Leech Seed|[of] p1a: Ferrothorn\n|-heal|p1a: Ferrothorn|100\/100 brn|[silent]\n|-damage|p1a: Ferrothorn|95\/100 brn|[from] brn\n|-status|p2a: Gliscor|tox|[from] item: Toxic Orb\n|upkeep\n|turn|9\n|\n|move|p2a: Gliscor|Defog|p1a: Ferrothorn\n|-unboost|p1a: Ferrothorn|evasion|1\n|-sideend|p2: Shardul888|Stealth Rock|[from] move: Defog|[of] p2a: Gliscor\n|move|p1a: Ferrothorn|Knock Off|p2a: Gliscor\n|-damage|p2a: Gliscor|69\/100 tox\n|-enditem|p2a: Gliscor|Toxic Orb|[from] move: Knock Off|[of] p1a: Ferrothorn\n|\n|-heal|p1a: Ferrothorn|100\/100 brn|[from] item: Leftovers\n|-damage|p2a: Gliscor|57\/100 tox|[from] Leech Seed|[of] p1a: Ferrothorn\n|-heal|p2a: Gliscor|69\/100 tox|[from] ability: Poison Heal\n|-damage|p1a: Ferrothorn|95\/100 brn|[from] brn\n|upkeep\n|turn|10\n|\n|move|p2a: Gliscor|Knock Off|p1a: Ferrothorn\n|-damage|p1a: Ferrothorn|82\/100 brn\n|-damage|p2a: Gliscor|57\/100 tox|[from] ability: Iron Barbs|[of] p1a: Ferrothorn\n|-enditem|p1a: Ferrothorn|Leftovers|[from] move: Knock Off|[of] p2a: Gliscor\n|move|p1a: Ferrothorn|Stealth Rock|p2a: Gliscor\n|-sidestart|p2: Shardul888|move: Stealth Rock\n|\n|-damage|p2a: Gliscor|45\/100 tox|[from] Leech Seed|[of] p1a: Ferrothorn\n|-heal|p1a: Ferrothorn|95\/100 brn|[silent]\n|-heal|p2a: Gliscor|57\/100 tox|[from] ability: Poison Heal\n|-damage|p1a: Ferrothorn|89\/100 brn|[from] brn\n|upkeep\n|turn|11\n|\n|move|p2a: Gliscor|Defog|p1a: Ferrothorn\n|-unboost|p1a: Ferrothorn|evasion|1\n|-sideend|p2: Shardul888|Stealth Rock|[from] move: Defog|[of] p2a: Gliscor\n|move|p1a: Ferrothorn|Leech Seed||[still]\n|-fail|p1a: Ferrothorn\n|\n|-damage|p2a: Gliscor|45\/100 tox|[from] Leech Seed|[of] p1a: Ferrothorn\n|-heal|p1a: Ferrothorn|100\/100 brn|[silent]\n|-heal|p2a: Gliscor|57\/100 tox|[from] ability: Poison Heal\n|-damage|p1a: Ferrothorn|95\/100 brn|[from] brn\n|upkeep\n|turn|12\n|\n|switch|p2a: Godzilla|Venusaur, M|100\/100\n|move|p1a: Ferrothorn|Stealth Rock|p2a: Godzilla\n|-sidestart|p2: Shardul888|move: Stealth Rock\n|\n|-damage|p1a: Ferrothorn|89\/100 brn|[from] brn\n|upkeep\n|turn|13\n|\n|switch|p1a: Kommo-o|Kommo-o, F|16\/100\n|detailschange|p2a: Godzilla|Venusaur-Mega, M\n|-mega|p2a: Godzilla|Venusaur|Venusaurite\n|move|p2a: Godzilla|Sludge Bomb|p1a: Kommo-o\n|-damage|p1a: Kommo-o|0 fnt\n|faint|p1a: Kommo-o\n|\n|upkeep\n|\n|switch|p1a: Victini|Victini|100\/100\n|turn|14\n|\n|switch|p2a: Toxapex|Toxapex, F, shiny|100\/100\n|-damage|p2a: Toxapex|88\/100|[from] Stealth Rock\n|-zpower|p1a: Victini\n|move|p1a: Victini|Z-Celebrate|p1a: Victini|[anim]Celebrate\n|-boost|p1a: Victini|atk|1|[zeffect]\n|-boost|p1a: Victini|def|1|[zeffect]\n|-boost|p1a: Victini|spa|1|[zeffect]\n|-boost|p1a: Victini|spd|1|[zeffect]\n|-boost|p1a: Victini|spe|1|[zeffect]\n|-activate|p1a: Victini|move: Celebrate\n|\n|upkeep\n|turn|15\n|\n|move|p2a: Toxapex|Baneful Bunker|p2a: Toxapex\n|-singleturn|p2a: Toxapex|move: Protect\n|move|p1a: Victini|Wild Charge|p2a: Toxapex\n|-activate|p2a: Toxapex|move: Protect\n|-status|p1a: Victini|psn\n|\n|-damage|p1a: Victini|88\/100 psn|[from] psn\n|upkeep\n|turn|16\n|\n|switch|p2a: Gliscor|Gliscor, F|57\/100 tox\n|-damage|p2a: Gliscor|45\/100 tox|[from] Stealth Rock\n|move|p1a: Victini|Flare Blitz|p2a: Gliscor\n|-damage|p2a: Gliscor|4\/100 tox\n|-damage|p1a: Victini|74\/100 psn|[from] Recoil\n|\n|-damage|p1a: Victini|62\/100 psn|[from] psn\n|-heal|p2a: Gliscor|16\/100 tox|[from] ability: Poison Heal\n|upkeep\n|turn|17\n|\n|move|p2a: Gliscor|Protect|p2a: Gliscor\n|-singleturn|p2a: Gliscor|Protect\n|move|p1a: Victini|Flare Blitz|p2a: Gliscor\n|-activate|p2a: Gliscor|move: Protect\n|\n|-damage|p1a: Victini|49\/100 psn|[from] psn\n|-heal|p2a: Gliscor|29\/100 tox|[from] ability: Poison Heal\n|upkeep\n|turn|18\n|\n|move|p2a: Gliscor|Protect||[still]\n|-fail|p2a: Gliscor\n|move|p1a: Victini|Flare Blitz|p2a: Gliscor\n|-damage|p2a: Gliscor|0 fnt\n|-damage|p1a: Victini|40\/100 psn|[from] Recoil\n|faint|p2a: Gliscor\n|\n|-damage|p1a: Victini|27\/100 psn|[from] psn\n|upkeep\n|\n|switch|p2a: Toxapex|Toxapex, F, shiny|100\/100\n|-damage|p2a: Toxapex|88\/100|[from] Stealth Rock\n|turn|19\n|\n|move|p2a: Toxapex|Baneful Bunker|p2a: Toxapex\n|-singleturn|p2a: Toxapex|move: Protect\n|move|p1a: Victini|Wild Charge|p2a: Toxapex\n|-activate|p2a: Toxapex|move: Protect\n|\n|-damage|p1a: Victini|15\/100 psn|[from] psn\n|upkeep\n|turn|20\n|\n|move|p1a: Victini|Flare Blitz|p2a: Toxapex\n|-resisted|p2a: Toxapex\n|-damage|p2a: Toxapex|64\/100\n|-status|p2a: Toxapex|brn\n|-damage|p1a: Victini|8\/100 psn|[from] Recoil\n|move|p2a: Toxapex|Scald|p1a: Victini\n|-supereffective|p1a: Victini\n|-damage|p1a: Victini|0 fnt\n|faint|p1a: Victini\n|\n|-damage|p2a: Toxapex|58\/100 brn|[from] brn\n|upkeep\n|\n|switch|p1a: Alakazam|Alakazam, M|100\/100\n|turn|21\n|\n|detailschange|p1a: Alakazam|Alakazam-Mega, M\n|-mega|p1a: Alakazam|Alakazam|Alakazite\n|-ability|p1a: Alakazam|Regenerator|[from] ability: Trace|[of] p2a: Toxapex\n|move|p1a: Alakazam|Psyshock|p2a: Toxapex\n|-supereffective|p2a: Toxapex\n|-damage|p2a: Toxapex|0 fnt\n|faint|p2a: Toxapex\n|\n|upkeep\n|\n|switch|p2a: Magearna|Magearna|100\/100\n|-damage|p2a: Magearna|94\/100|[from] Stealth Rock\n|turn|22\n|\n|move|p1a: Alakazam|Focus Blast|p2a: Magearna\n|-damage|p2a: Magearna|58\/100\n|move|p2a: Magearna|Dazzling Gleam|p1a: Alakazam\n|-damage|p1a: Alakazam|49\/100\n|\n|upkeep\n|turn|23\n|\n|switch|p1a: Ferrothorn|Ferrothorn, F|89\/100 brn\n|move|p2a: Magearna|Dazzling Gleam|p1a: Ferrothorn\n|-resisted|p1a: Ferrothorn\n|-damage|p1a: Ferrothorn|71\/100 brn\n|\n|-damage|p1a: Ferrothorn|65\/100 brn|[from] brn\n|upkeep\n|turn|24\n|\n|move|p2a: Magearna|Aura Sphere|p1a: Ferrothorn\n|-supereffective|p1a: Ferrothorn\n|-damage|p1a: Ferrothorn|20\/100 brn\n|move|p1a: Ferrothorn|Leech Seed|p2a: Magearna\n|-start|p2a: Magearna|move: Leech Seed\n|\n|-damage|p2a: Magearna|46\/100|[from] Leech Seed|[of] p1a: Ferrothorn\n|-heal|p1a: Ferrothorn|33\/100 brn|[silent]\n|-damage|p1a: Ferrothorn|27\/100 brn|[from] brn\n|upkeep\n|turn|25\n|\n|switch|p1a: Alakazam|Alakazam-Mega, M|82\/100\n|-ability|p1a: Alakazam|Soul-Heart|[from] ability: Trace|[of] p2a: Magearna\n|move|p2a: Magearna|Aura Sphere|p1a: Alakazam\n|-resisted|p1a: Alakazam\n|-damage|p1a: Alakazam|65\/100\n|\n|-damage|p2a: Magearna|33\/100|[from] Leech Seed|[of] p1a: Alakazam\n|-heal|p1a: Alakazam|83\/100|[silent]\n|upkeep\n|turn|26\n|\n|switch|p2a: Ghidorah|Dragonite, M|100\/100\n|-damage|p2a: Ghidorah|76\/100|[from] Stealth Rock\n|move|p1a: Alakazam|Protect||[still]\n|-fail|p1a: Alakazam\n|\n|upkeep\n|turn|27\n|\n|move|p1a: Alakazam|Dazzling Gleam|p2a: Ghidorah\n|-supereffective|p2a: Ghidorah\n|-damage|p2a: Ghidorah|35\/100\n|move|p2a: Ghidorah|Earthquake|p1a: Alakazam\n|-damage|p1a: Alakazam|1\/100\n|\n|upkeep\n|turn|28\n|\n|move|p2a: Ghidorah|Extreme Speed|p1a: Alakazam\n|-damage|p1a: Alakazam|0 fnt\n|faint|p1a: Alakazam\n|\n|upkeep\n|\n|switch|p1a: Celesteela|Celesteela|100\/100\n|turn|29\n|\n|switch|p2a: Godzilla|Venusaur-Mega, M|100\/100\n|-damage|p2a: Godzilla|88\/100|[from] Stealth Rock\n|move|p1a: Celesteela|Heavy Slam|p2a: Godzilla\n|-damage|p2a: Godzilla|60\/100\n|\n|upkeep\n|turn|30\n|\n|switch|p1a: Ferrothorn|Ferrothorn, F|27\/100 brn\n|move|p2a: Godzilla|Leech Seed|p1a: Ferrothorn|[miss]\n|-miss|p2a: Godzilla|p1a: Ferrothorn\n|\n|-damage|p1a: Ferrothorn|21\/100 brn|[from] brn\n|upkeep\n|turn|31\n|\n|move|p2a: Godzilla|Synthesis|p2a: Godzilla\n|-heal|p2a: Godzilla|100\/100\n|move|p1a: Ferrothorn|Rest|p1a: Ferrothorn\n|-status|p1a: Ferrothorn|slp|[from] move: Rest\n|-heal|p1a: Ferrothorn|100\/100 slp|[silent]\n|\n|upkeep\n|turn|32\n|\n|switch|p2a: Tapu Lele|Tapu Lele|100\/100\n|-damage|p2a: Tapu Lele|88\/100|[from] Stealth Rock\n|-fieldstart|move: Psychic Terrain|[from] ability: Psychic Surge|[of] p2a: Tapu Lele\n|cant|p1a: Ferrothorn|slp\n|\n|upkeep\n|turn|33\n|\n|switch|p1a: Celesteela|Celesteela|100\/100\n|move|p2a: Tapu Lele|Hidden Power|p1a: Celesteela\n|-supereffective|p1a: Celesteela\n|-damage|p1a: Celesteela|62\/100\n|\n|-heal|p1a: Celesteela|68\/100|[from] item: Leftovers\n|upkeep\n|turn|34\n|\n|switch|p2a: Godzilla|Venusaur-Mega, M|100\/100\n|-damage|p2a: Godzilla|88\/100|[from] Stealth Rock\n|move|p1a: Celesteela|Heavy Slam|p2a: Godzilla\n|-damage|p2a: Godzilla|60\/100\n|\n|-heal|p1a: Celesteela|74\/100|[from] item: Leftovers\n|upkeep\n|turn|35\n|\n|move|p2a: Godzilla|Leech Seed|p1a: Celesteela\n|-start|p1a: Celesteela|move: Leech Seed\n|move|p1a: Celesteela|Heavy Slam|p2a: Godzilla\n|-damage|p2a: Godzilla|32\/100\n|\n|-heal|p1a: Celesteela|80\/100|[from] item: Leftovers\n|-damage|p1a: Celesteela|68\/100|[from] Leech Seed|[of] p2a: Godzilla\n|-heal|p2a: Godzilla|46\/100|[silent]\n|upkeep\n|turn|36\n|\n|switch|p1a: Ferrothorn|Ferrothorn, F|100\/100 slp\n|move|p2a: Godzilla|Synthesis|p2a: Godzilla\n|-heal|p2a: Godzilla|96\/100\n|\n|-fieldend|move: Psychic Terrain\n|upkeep\n|turn|37\n|\n|switch|p2a: Magearna|Magearna|33\/100\n|-damage|p2a: Magearna|27\/100|[from] Stealth Rock\n|cant|p1a: Ferrothorn|slp\n|\n|upkeep\n|turn|38\n|\n|switch|p1a: Primarina|Primarina, F|100\/100\n|move|p2a: Magearna|Aura Sphere|p1a: Primarina\n|-resisted|p1a: Primarina\n|-damage|p1a: Primarina|90\/100\n|\n|upkeep\n|turn|39\n|\n|move|p2a: Magearna|Dazzling Gleam|p1a: Primarina\n|-damage|p1a: Primarina|58\/100\n|move|p1a: Primarina|Hydro Pump|p2a: Magearna\n|-damage|p2a: Magearna|0 fnt\n|faint|p2a: Magearna\n|\n|upkeep\n|\n|switch|p2a: Godzilla|Venusaur-Mega, M|96\/100\n|-damage|p2a: Godzilla|83\/100|[from] Stealth Rock\n|turn|40\n|\n|switch|p1a: Ferrothorn|Ferrothorn, F|100\/100 slp\n|move|p2a: Godzilla|Giga Drain|p1a: Ferrothorn\n|-resisted|p1a: Ferrothorn\n|-damage|p1a: Ferrothorn|93\/100 slp\n|-heal|p2a: Godzilla|87\/100|[from] drain|[of] p1a: Ferrothorn\n|\n|upkeep\n|turn|41\n|\n|move|p2a: Godzilla|Giga Drain|p1a: Ferrothorn\n|-resisted|p1a: Ferrothorn\n|-damage|p1a: Ferrothorn|87\/100 slp\n|-heal|p2a: Godzilla|91\/100|[from] drain|[of] p1a: Ferrothorn\n|-curestatus|p1a: Ferrothorn|slp|[msg]\n|move|p1a: Ferrothorn|Leech Seed|p2a: Godzilla|[miss]\n|-miss|p1a: Ferrothorn|p2a: Godzilla\n|\n|upkeep\n|turn|42\n|\n|move|p2a: Godzilla|Giga Drain|p1a: Ferrothorn\n|-resisted|p1a: Ferrothorn\n|-crit|p1a: Ferrothorn\n|-damage|p1a: Ferrothorn|77\/100\n|-heal|p2a: Godzilla|96\/100|[from] drain|[of] p1a: Ferrothorn\n|move|p1a: Ferrothorn|Knock Off|p2a: Godzilla\n|-damage|p2a: Godzilla|85\/100\n|\n|upkeep\n|turn|43\n|\n|switch|p1a: Celesteela|Celesteela|68\/100\n|move|p2a: Godzilla|Giga Drain|p1a: Celesteela\n|-resisted|p1a: Celesteela\n|-damage|p1a: Celesteela|61\/100\n|-heal|p2a: Godzilla|89\/100|[from] drain|[of] p1a: Celesteela\n|\n|-heal|p1a: Celesteela|67\/100|[from] item: Leftovers\n|upkeep\n|turn|44\n|\n|move|p1a: Celesteela|Protect|p1a: Celesteela\n|-singleturn|p1a: Celesteela|Protect\n|move|p2a: Godzilla|Leech Seed|p1a: Celesteela\n|-activate|p1a: Celesteela|move: Protect\n|\n|-heal|p1a: Celesteela|73\/100|[from] item: Leftovers\n|upkeep\n|turn|45\n|\n|switch|p1a: Ferrothorn|Ferrothorn, F|77\/100\n|move|p2a: Godzilla|Leech Seed|p1a: Ferrothorn\n|-immune|p1a: Ferrothorn\n|\n|upkeep\n|turn|46\n|\n|switch|p1a: Celesteela|Celesteela|73\/100\n|move|p2a: Godzilla|Giga Drain|p1a: Celesteela\n|-resisted|p1a: Celesteela\n|-damage|p1a: Celesteela|67\/100\n|-heal|p2a: Godzilla|93\/100|[from] drain|[of] p1a: Celesteela\n|\n|-heal|p1a: Celesteela|73\/100|[from] item: Leftovers\n|upkeep\n|turn|47\n|\n|move|p1a: Celesteela|Protect|p1a: Celesteela\n|-singleturn|p1a: Celesteela|Protect\n|move|p2a: Godzilla|Giga Drain|p1a: Celesteela\n|-activate|p1a: Celesteela|move: Protect\n|\n|-heal|p1a: Celesteela|79\/100|[from] item: Leftovers\n|upkeep\n|turn|48\n|\n|switch|p2a: Tapu Lele|Tapu Lele|88\/100\n|-damage|p2a: Tapu Lele|76\/100|[from] Stealth Rock\n|-fieldstart|move: Psychic Terrain|[from] ability: Psychic Surge|[of] p2a: Tapu Lele\n|switch|p1a: Ferrothorn|Ferrothorn, F|77\/100\n|\n|upkeep\n|turn|49\n|\n|switch|p1a: Primarina|Primarina, F|58\/100\n|move|p2a: Tapu Lele|Psychic|p1a: Primarina\n|-damage|p1a: Primarina|0 fnt\n|faint|p1a: Primarina\n|\n|upkeep\n|\n|switch|p1a: Celesteela|Celesteela|79\/100\n|turn|50\n|\n|switch|p2a: Godzilla|Venusaur-Mega, M|93\/100\n|-damage|p2a: Godzilla|81\/100|[from] Stealth Rock\n|move|p1a: Celesteela|Heavy Slam|p2a: Godzilla\n|-damage|p2a: Godzilla|50\/100\n|\n|-heal|p1a: Celesteela|85\/100|[from] item: Leftovers\n|upkeep\n|turn|51\n|\n|move|p2a: Godzilla|Leech Seed|p1a: Celesteela\n|-start|p1a: Celesteela|move: Leech Seed\n|move|p1a: Celesteela|Heavy Slam|p2a: Godzilla\n|-damage|p2a: Godzilla|24\/100\n|\n|-heal|p1a: Celesteela|91\/100|[from] item: Leftovers\n|-damage|p1a: Celesteela|78\/100|[from] Leech Seed|[of] p2a: Godzilla\n|-heal|p2a: Godzilla|38\/100|[silent]\n|upkeep\n|turn|52\n|\n|switch|p1a: Ferrothorn|Ferrothorn, F|77\/100\n|move|p2a: Godzilla|Synthesis|p2a: Godzilla\n|-heal|p2a: Godzilla|88\/100\n|\n|-fieldend|move: Psychic Terrain\n|upkeep\n|turn|53\n|\n|move|p2a: Godzilla|Giga Drain|p1a: Ferrothorn\n|-resisted|p1a: Ferrothorn\n|-damage|p1a: Ferrothorn|70\/100\n|-heal|p2a: Godzilla|92\/100|[from] drain|[of] p1a: Ferrothorn\n|move|p1a: Ferrothorn|Knock Off|p2a: Godzilla\n|-damage|p2a: Godzilla|81\/100\n|\n|upkeep\n|turn|54\n|\n|move|p2a: Godzilla|Giga Drain|p1a: Ferrothorn\n|-resisted|p1a: Ferrothorn\n|-damage|p1a: Ferrothorn|64\/100\n|-heal|p2a: Godzilla|85\/100|[from] drain|[of] p1a: Ferrothorn\n|move|p1a: Ferrothorn|Knock Off|p2a: Godzilla\n|-crit|p2a: Godzilla\n|-damage|p2a: Godzilla|70\/100\n|\n|upkeep\n|turn|55\n|\n|move|p2a: Godzilla|Giga Drain|p1a: Ferrothorn\n|-resisted|p1a: Ferrothorn\n|-damage|p1a: Ferrothorn|57\/100\n|-heal|p2a: Godzilla|73\/100|[from] drain|[of] p1a: Ferrothorn\n|move|p1a: Ferrothorn|Knock Off|p2a: Godzilla\n|-damage|p2a: Godzilla|64\/100\n|\n|upkeep\n|turn|56\n|\n|move|p2a: Godzilla|Giga Drain|p1a: Ferrothorn\n|-resisted|p1a: Ferrothorn\n|-damage|p1a: Ferrothorn|51\/100\n|-heal|p2a: Godzilla|67\/100|[from] drain|[of] p1a: Ferrothorn\n|move|p1a: Ferrothorn|Knock Off|p2a: Godzilla\n|-crit|p2a: Godzilla\n|-damage|p2a: Godzilla|52\/100\n|\n|upkeep\n|turn|57\n|\n|move|p2a: Godzilla|Giga Drain|p1a: Ferrothorn\n|-resisted|p1a: Ferrothorn\n|-damage|p1a: Ferrothorn|46\/100\n|-heal|p2a: Godzilla|55\/100|[from] drain|[of] p1a: Ferrothorn\n|move|p1a: Ferrothorn|Rest|p1a: Ferrothorn\n|-status|p1a: Ferrothorn|slp|[from] move: Rest\n|-heal|p1a: Ferrothorn|100\/100 slp|[silent]\n|\n|upkeep\n|turn|58\n|\n|switch|p2a: Tapu Lele|Tapu Lele|76\/100\n|-damage|p2a: Tapu Lele|63\/100|[from] Stealth Rock\n|-fieldstart|move: Psychic Terrain|[from] ability: Psychic Surge|[of] p2a: Tapu Lele\n|switch|p1a: Celesteela|Celesteela|78\/100\n|\n|-heal|p1a: Celesteela|84\/100|[from] item: Leftovers\n|upkeep\n|turn|59\n|\n|move|p1a: Celesteela|Protect|p1a: Celesteela\n|-singleturn|p1a: Celesteela|Protect\n|move|p2a: Tapu Lele|Hidden Power|p1a: Celesteela\n|-activate|p1a: Celesteela|move: Protect\n|\n|-heal|p1a: Celesteela|90\/100|[from] item: Leftovers\n|upkeep\n|turn|60\n|\n|move|p2a: Tapu Lele|Hidden Power|p1a: Celesteela\n|-supereffective|p1a: Celesteela\n|-damage|p1a: Celesteela|49\/100\n|move|p1a: Celesteela|Heavy Slam|p2a: Tapu Lele\n|-supereffective|p2a: Tapu Lele\n|-damage|p2a: Tapu Lele|0 fnt\n|faint|p2a: Tapu Lele\n|-ability|p1a: Celesteela|Beast Boost|boost\n|-boost|p1a: Celesteela|def|1\n|\n|-heal|p1a: Celesteela|55\/100|[from] item: Leftovers\n|upkeep\n|\n|switch|p2a: Godzilla|Venusaur-Mega, M|55\/100\n|-damage|p2a: Godzilla|43\/100|[from] Stealth Rock\n|turn|61\n|\n|move|p1a: Celesteela|Protect|p1a: Celesteela\n|-singleturn|p1a: Celesteela|Protect\n|move|p2a: Godzilla|Leech Seed|p1a: Celesteela\n|-activate|p1a: Celesteela|move: Protect\n|\n|-heal|p1a: Celesteela|61\/100|[from] item: Leftovers\n|upkeep\n|turn|62\n|\n|switch|p1a: Ferrothorn|Ferrothorn, F|100\/100 slp\n|move|p2a: Godzilla|Giga Drain|p1a: Ferrothorn\n|-resisted|p1a: Ferrothorn\n|-damage|p1a: Ferrothorn|94\/100 slp\n|-heal|p2a: Godzilla|46\/100|[from] drain|[of] p1a: Ferrothorn\n|\n|-fieldend|move: Psychic Terrain\n|upkeep\n|turn|63\n|-message|Shardul888 forfeited.\n|\n|win|Alolan crow\n|l|\u2606Shardul888\n|raw|Alolan crow's rating: 1376 &rarr; <strong>1398<\/strong><br \/>(+22 for winning)\n|raw|Shardul888's rating: 1407 &rarr; <strong>1386<\/strong><br \/>(-21 for losing)\n","uploadtime":1571459578,"views":2,"p1id":"alolancrow","p2id":"shardul888","formatid":"gen7ou","rating":1386,"private":0,"password":null}