{"id":"gen7ou-920644549","p1":"HQSFun","p2":"Tchinho","format":"gen7ou","log":"|j|\u2606HQSFun\n|j|\u2606Tchinho\n|player|p1|HQSFun|260\n|player|p2|Tchinho|2\n|teamsize|p1|6\n|teamsize|p2|6\n|gametype|singles\n|gen|7\n|tier|[Gen 7] OU\n|rated|\n|rule|Sleep Clause Mod: Limit one foe put to sleep\n|rule|Species Clause: Limit one of each Pok\u00e9mon\n|rule|OHKO Clause: OHKO moves are banned\n|rule|Moody Clause: Moody is banned\n|rule|Evasion Moves Clause: Evasion moves are banned\n|rule|Endless Battle Clause: Forcing endless battles is banned\n|rule|HP Percentage Mod: HP is shown in percentages\n|clearpoke\n|poke|p1|Medicham, F|item\n|poke|p1|Greninja, M|item\n|poke|p1|Kartana|item\n|poke|p1|Landorus-Therian, M|item\n|poke|p1|Magearna|item\n|poke|p1|Tapu Koko|item\n|poke|p2|Landorus-Therian, M|item\n|poke|p2|Kommo-o, F|item\n|poke|p2|Alakazam, M|item\n|poke|p2|Buzzwole|item\n|poke|p2|Rotom-Wash|item\n|poke|p2|Heatran, F|item\n|teampreview\n|\n|start\n|switch|p1a: Medicham|Medicham, F|261\/261\n|switch|p2a: Rotom|Rotom-Wash|304\/304\n|turn|1\n|inactive|Battle timer is ON: inactive players will automatically lose when time's up. (requested by HQSFun)\n|\n|switch|p2a: Landorus|Landorus-Therian, M|319\/319\n|-ability|p2a: Landorus|Intimidate|boost\n|-unboost|p1a: Medicham|atk|1\n|detailschange|p1a: Medicham|Medicham-Mega, F\n|-mega|p1a: Medicham|Medicham|Medichamite\n|move|p1a: Medicham|Fake Out|p2a: Landorus\n|-damage|p2a: Landorus|252\/319\n|\n|upkeep\n|turn|2\n|\n|switch|p1a: Landorus|Landorus-Therian, M|382\/382\n|-ability|p1a: Landorus|Intimidate|boost\n|-unboost|p2a: Landorus|atk|1\n|move|p2a: Landorus|U-turn|p1a: Landorus\n|-resisted|p1a: Landorus\n|-damage|p1a: Landorus|355\/382\n|\n|switch|p2a: Rotom|Rotom-Wash|304\/304\n|\n|-heal|p1a: Landorus|378\/382|[from] item: Leftovers\n|upkeep\n|turn|3\n|\n|move|p1a: Landorus|U-turn|p2a: Rotom\n|-damage|p2a: Rotom|244\/304\n|\n|switch|p1a: Magearna|Magearna|363\/363\n|move|p2a: Rotom|Hydro Pump|p1a: Magearna\n|-damage|p1a: Magearna|287\/363\n|\n|-heal|p2a: Rotom|263\/304|[from] item: Leftovers\n|upkeep\n|turn|4\n|\n|switch|p2a: Heatran|Heatran, F|386\/386\n|move|p1a: Magearna|Ice Beam|p2a: Heatran\n|-resisted|p2a: Heatran\n|-damage|p2a: Heatran|364\/386\n|\n|-heal|p2a: Heatran|386\/386|[from] item: Leftovers\n|upkeep\n|turn|5\n|\n|move|p2a: Heatran|Magma Storm|p1a: Magearna\n|-supereffective|p1a: Magearna\n|-damage|p1a: Magearna|101\/363\n|-activate|p1a: Magearna|move: Magma Storm|[of] p2a: Heatran\n|move|p1a: Magearna|Volt Switch|p2a: Heatran\n|-damage|p2a: Heatran|320\/386\n|\n|switch|p1a: Medicham|Medicham-Mega, F|261\/261\n|\n|-heal|p2a: Heatran|344\/386|[from] item: Leftovers\n|upkeep\n|turn|6\n|\n|move|p1a: Medicham|High Jump Kick|p2a: Heatran\n|-supereffective|p2a: Heatran\n|-damage|p2a: Heatran|0 fnt\n|faint|p2a: Heatran\n|\n|upkeep\n|\n|switch|p2a: Landorus|Landorus-Therian, M|252\/319\n|-ability|p2a: Landorus|Intimidate|boost\n|-unboost|p1a: Medicham|atk|1\n|turn|7\n|\n|switch|p1a: Landorus|Landorus-Therian, M|378\/382\n|-ability|p1a: Landorus|Intimidate|boost\n|-unboost|p2a: Landorus|atk|1\n|move|p2a: Landorus|U-turn|p1a: Landorus\n|-resisted|p1a: Landorus\n|-damage|p1a: Landorus|353\/382\n|\n|switch|p2a: Rotom|Rotom-Wash|263\/304\n|\n|-heal|p1a: Landorus|376\/382|[from] item: Leftovers\n|-heal|p2a: Rotom|282\/304|[from] item: Leftovers\n|upkeep\n|turn|8\n|\n|move|p1a: Landorus|Stealth Rock|p2a: Rotom\n|-sidestart|p2: Tchinho|move: Stealth Rock\n|move|p2a: Rotom|Volt Switch|p1a: Landorus\n|-immune|p1a: Landorus\n|\n|-heal|p1a: Landorus|382\/382|[from] item: Leftovers\n|-heal|p2a: Rotom|301\/304|[from] item: Leftovers\n|upkeep\n|turn|9\n|\n|move|p1a: Landorus|U-turn|p2a: Rotom\n|-damage|p2a: Rotom|239\/304\n|\n|switch|p1a: Kartana|Kartana|259\/259\n|move|p2a: Rotom|Volt Switch|p1a: Kartana\n|-resisted|p1a: Kartana\n|-damage|p1a: Kartana|161\/259\n|\n|switch|p2a: Alakazam|Alakazam, M|251\/251\n|\n|upkeep\n|turn|10\n|\n|switch|p1a: Magearna|Magearna|101\/363\n|detailschange|p2a: Alakazam|Alakazam-Mega, M\n|-mega|p2a: Alakazam|Alakazam|Alakazite\n|-ability|p2a: Alakazam|Soul-Heart|[from] ability: Trace|[of] p1a: Magearna\n|move|p2a: Alakazam|Focus Blast|p1a: Magearna\n|-damage|p1a: Magearna|7\/363\n|\n|upkeep\n|turn|11\n|\n|move|p2a: Alakazam|Charge Beam|p1a: Magearna\n|-damage|p1a: Magearna|0 fnt\n|faint|p1a: Magearna\n|-ability|p2a: Alakazam|Soul-Heart|boost\n|-boost|p2a: Alakazam|spa|1\n|\n|upkeep\n|\n|switch|p1a: Medicham|Medicham-Mega, F|261\/261\n|turn|12\n|\n|move|p1a: Medicham|Fake Out|p2a: Alakazam\n|-damage|p2a: Alakazam|117\/251\n|cant|p2a: Alakazam|flinch\n|\n|upkeep\n|turn|13\n|\n|switch|p1a: Greninja|Greninja, M|285\/285\n|move|p2a: Alakazam|Shadow Ball|p1a: Greninja\n|-resisted|p1a: Greninja\n|-damage|p1a: Greninja|176\/285\n|\n|upkeep\n|turn|14\n|\n|move|p1a: Greninja|Water Shuriken|p2a: Alakazam\n|-damage|p2a: Alakazam|84\/251\n|-damage|p2a: Alakazam|53\/251\n|-damage|p2a: Alakazam|19\/251\n|-crit|p2a: Alakazam\n|-damage|p2a: Alakazam|0 fnt\n|-hitcount|p2a: Alakazam|4\n|faint|p2a: Alakazam\n|-activate|p1a: Greninja|ability: Battle Bond\n|detailschange|p1a: Greninja|Greninja-Ash, M\n|\n|upkeep\n|\n|switch|p2a: Landorus|Landorus-Therian, M|252\/319\n|-damage|p2a: Landorus|213\/319|[from] Stealth Rock\n|-ability|p2a: Landorus|Intimidate|boost\n|-unboost|p1a: Greninja|atk|1\n|turn|15\n|\n|move|p1a: Greninja|Water Shuriken|p2a: Landorus\n|-supereffective|p2a: Landorus\n|-damage|p2a: Landorus|55\/319\n|-supereffective|p2a: Landorus\n|-damage|p2a: Landorus|0 fnt\n|-hitcount|p2a: Landorus|2\n|faint|p2a: Landorus\n|\n|upkeep\n|\n|switch|p2a: Rotom|Rotom-Wash|239\/304\n|-damage|p2a: Rotom|201\/304|[from] Stealth Rock\n|turn|16\n|\n|switch|p1a: Landorus|Landorus-Therian, M|382\/382\n|-ability|p1a: Landorus|Intimidate|boost\n|-unboost|p2a: Rotom|atk|1\n|move|p2a: Rotom|Volt Switch|p1a: Landorus\n|-immune|p1a: Landorus\n|\n|-heal|p2a: Rotom|220\/304|[from] item: Leftovers\n|upkeep\n|turn|17\n|\n|move|p1a: Landorus|U-turn|p2a: Rotom\n|-damage|p2a: Rotom|165\/304\n|\n|switch|p1a: Kartana|Kartana|161\/259\n|move|p2a: Rotom|Hydro Pump|p1a: Kartana\n|-resisted|p1a: Kartana\n|-damage|p1a: Kartana|0 fnt\n|faint|p1a: Kartana\n|\n|-heal|p2a: Rotom|184\/304|[from] item: Leftovers\n|upkeep\n|\n|switch|p1a: Medicham|Medicham-Mega, F|261\/261\n|turn|18\n|\n|switch|p2a: Buzzwole|Buzzwole|418\/418\n|-damage|p2a: Buzzwole|366\/418|[from] Stealth Rock\n|move|p1a: Medicham|Fake Out|p2a: Buzzwole\n|-damage|p2a: Buzzwole|300\/418\n|\n|-heal|p2a: Buzzwole|326\/418|[from] item: Leftovers\n|upkeep\n|turn|19\n|\n|move|p1a: Medicham|Zen Headbutt|p2a: Buzzwole\n|-supereffective|p2a: Buzzwole\n|-damage|p2a: Buzzwole|0 fnt\n|faint|p2a: Buzzwole\n|\n|upkeep\n|\n|switch|p2a: Kommo-o|Kommo-o, F|291\/291\n|-damage|p2a: Kommo-o|273\/291|[from] Stealth Rock\n|turn|20\n|\n|move|p1a: Medicham|Zen Headbutt|p2a: Kommo-o\n|-supereffective|p2a: Kommo-o\n|-damage|p2a: Kommo-o|0 fnt\n|faint|p2a: Kommo-o\n|\n|upkeep\n|-message|Tchinho forfeited.\n|\n|win|HQSFun\n|l|\u2606Tchinho\n","uploadtime":1559447312,"views":3,"p1id":"hqsfun","p2id":"tchinho","formatid":"gen7ou","rating":0,"private":0,"password":null}