{"id":"gen7balancedhackmons-1008594423","p1":"Torcheman","p2":"Walletinspector62","format":"gen7balancedhackmons","log":"|j|\u2606Torcheman\n|j|\u2606Walletinspector62\n|player|p1|Torcheman|274|1101\n|player|p2|Walletinspector62|101|1098\n|teamsize|p1|6\n|teamsize|p2|6\n|gametype|singles\n|gen|7\n|tier|[Gen 7] Balanced Hackmons\n|rated|\n|rule|Ability Clause: Limit two of each ability\n|rule|OHKO Clause: OHKO moves are banned\n|rule|Evasion Moves Clause: Evasion moves are banned\n|rule|CFZ Clause: Crystal-free Z-Moves are banned\n|rule|Sleep Clause Mod: Limit one foe put to sleep\n|rule|Endless Battle Clause: Forcing endless battles is banned\n|rule|HP Percentage Mod: HP is shown in percentages\n|clearpoke\n|poke|p1|Deoxys-Attack|item\n|poke|p1|Scizor-Mega, F|item\n|poke|p1|Gengar-Mega, M|item\n|poke|p1|Registeel|item\n|poke|p1|Mewtwo-Mega-Y|item\n|poke|p1|Arceus-*|item\n|poke|p2|Darmanitan, F|item\n|poke|p2|Victreebel, M|item\n|poke|p2|Milotic, M|item\n|poke|p2|Cofagrigus, M|item\n|poke|p2|Salamence, M|item\n|poke|p2|Charizard-Mega-Y, F|item\n|teampreview\n|\n|start\n|switch|p1a: Gengar|Gengar-Mega, M, shiny|100\/100\n|switch|p2a: Damage|Darmanitan, F|100\/100\n|turn|1\n|\n|move|p1a: Gengar|Entrainment|p2a: Damage\n|-endability|p2a: Damage|Poison Heal|[from] move: Entrainment\n|-ability|p2a: Damage|Normalize|[from] move: Entrainment\n|move|p2a: Damage|V-create|p1a: Gengar\n|-immune|p1a: Gengar\n|\n|-status|p2a: Damage|tox|[from] item: Toxic Orb\n|upkeep\n|turn|2\n|\n|switch|p2a: Atem|Cofagrigus, M|100\/100\n|move|p1a: Gengar|Anchor Shot|p2a: Atem\n|-immune|p2a: Atem\n|\n|upkeep\n|turn|3\n|\n|move|p1a: Gengar|Shell Smash|p1a: Gengar\n|-unboost|p1a: Gengar|def|1\n|-unboost|p1a: Gengar|spd|1\n|-boost|p1a: Gengar|atk|2\n|-boost|p1a: Gengar|spa|2\n|-boost|p1a: Gengar|spe|2\n|move|p2a: Atem|Psystrike|p1a: Gengar\n|-supereffective|p1a: Gengar\n|-damage|p1a: Gengar|14\/100\n|\n|upkeep\n|turn|4\n|\n|move|p1a: Gengar|Baton Pass|p1a: Gengar\n|\n|switch|p1a: Mewtwo|Mewtwo-Mega-Y|100\/100|[from]move: Baton Pass\n|move|p2a: Atem|Psystrike|p1a: Mewtwo\n|-resisted|p1a: Mewtwo\n|-damage|p1a: Mewtwo|82\/100\n|\n|upkeep\n|turn|5\n|\n|move|p1a: Mewtwo|Draining Kiss|p2a: Atem\n|-damage|p2a: Atem|64\/100\n|-heal|p1a: Mewtwo|100\/100|[from] drain|[of] p2a: Atem\n|move|p2a: Atem|Fly||[still]\n|-prepare|p2a: Atem|Fly|p1a: Mewtwo\n|\n|upkeep\n|turn|6\n|\n|move|p1a: Mewtwo|Dark Pulse|p2a: Atem|[miss]\n|-miss|p1a: Mewtwo|p2a: Atem\n|move|p2a: Atem|Fly|p1a: Mewtwo|[from]lockedmove\n|-damage|p1a: Mewtwo|81\/100\n|\n|upkeep\n|turn|7\n|\n|move|p1a: Mewtwo|Dark Pulse|p2a: Atem\n|-supereffective|p2a: Atem\n|-damage|p2a: Atem|0 fnt\n|faint|p2a: Atem\n|\n|upkeep\n|\n|switch|p2a: Mavis|Milotic, M|100\/100\n|-weather|Hail|[from] ability: Snow Warning|[of] p2a: Mavis\n|turn|8\n|\n|move|p1a: Mewtwo|Giga Drain|p2a: Mavis\n|-supereffective|p2a: Mavis\n|-damage|p2a: Mavis|8\/100\n|-heal|p1a: Mewtwo|100\/100|[from] drain|[of] p2a: Mavis\n|move|p2a: Mavis|Origin Pulse|p1a: Mewtwo\n|-damage|p1a: Mewtwo|51\/100\n|\n|-weather|Hail|[upkeep]\n|-damage|p1a: Mewtwo|45\/100|[from] Hail\n|upkeep\n|turn|9\n|\n|switch|p2a: Shmurda|Victreebel, M|100\/100\n|move|p1a: Mewtwo|Giga Drain|p2a: Shmurda\n|-resisted|p2a: Shmurda\n|-damage|p2a: Shmurda|80\/100\n|-heal|p1a: Mewtwo|54\/100|[from] drain|[of] p2a: Shmurda\n|\n|-weather|Hail|[upkeep]\n|-damage|p1a: Mewtwo|48\/100|[from] Hail\n|-damage|p2a: Shmurda|74\/100|[from] Hail\n|upkeep\n|turn|10\n|\n|move|p1a: Mewtwo|Photon Geyser|p2a: Shmurda\n|-supereffective|p2a: Shmurda\n|-damage|p2a: Shmurda|0 fnt\n|faint|p2a: Shmurda\n|\n|-weather|Hail|[upkeep]\n|-damage|p1a: Mewtwo|42\/100|[from] Hail\n|upkeep\n|\n|switch|p2a: Puff|Salamence, M|100\/100\n|-weather|DesolateLand|[from] ability: Desolate Land|[of] p2a: Puff\n|turn|11\n|\n|move|p1a: Mewtwo|Draining Kiss|p2a: Puff\n|-supereffective|p2a: Puff\n|-damage|p2a: Puff|16\/100\n|-heal|p1a: Mewtwo|100\/100|[from] drain|[of] p2a: Puff\n|move|p2a: Puff|Sacred Fire|p1a: Mewtwo\n|-damage|p1a: Mewtwo|15\/100\n|-damage|p2a: Puff|6\/100|[from] item: Life Orb\n|\n|-weather|DesolateLand|[upkeep]\n|upkeep\n|turn|12\n|\n|-weather|none\n|switch|p2a: Mavis|Milotic, M|8\/100\n|-weather|Hail|[from] ability: Snow Warning|[of] p2a: Mavis\n|move|p1a: Mewtwo|Draining Kiss|p2a: Mavis\n|-damage|p2a: Mavis|0 fnt\n|-heal|p1a: Mewtwo|20\/100|[from] drain|[of] p2a: Mavis\n|faint|p2a: Mavis\n|\n|-weather|Hail|[upkeep]\n|-damage|p1a: Mewtwo|14\/100|[from] Hail\n|upkeep\n|\n|switch|p2a: ABBBBBBBK|Charizard-Mega-Y, F|100\/100\n|turn|13\n|c|\u2606Torcheman|this mewtwo is op\n|c|\u2606Torcheman|well rip me\n|\n|move|p2a: ABBBBBBBK|Hurricane|p1a: Mewtwo|[miss]\n|-miss|p2a: ABBBBBBBK|p1a: Mewtwo\n|move|p1a: Mewtwo|Photon Geyser|p2a: ABBBBBBBK\n|-damage|p2a: ABBBBBBBK|0 fnt\n|faint|p2a: ABBBBBBBK\n|\n|-weather|Hail|[upkeep]\n|-damage|p1a: Mewtwo|8\/100|[from] Hail\n|upkeep\n|\n|switch|p2a: Damage|Darmanitan, F|100\/100 tox\n|turn|14\n|c|\u2606Torcheman|guess not\n|\n|move|p1a: Mewtwo|Photon Geyser|p2a: Damage\n|-damage|p2a: Damage|0 fnt\n|faint|p2a: Damage\n|\n|-weather|Hail|[upkeep]\n|-damage|p1a: Mewtwo|1\/100|[from] Hail\n|upkeep\n|\n|switch|p2a: Puff|Salamence, M|6\/100\n|-weather|DesolateLand|[from] ability: Desolate Land|[of] p2a: Puff\n|turn|15\n|\n|move|p1a: Mewtwo|Draining Kiss|p2a: Puff\n|-supereffective|p2a: Puff\n|-damage|p2a: Puff|0 fnt\n|-heal|p1a: Mewtwo|5\/100|[from] drain|[of] p2a: Puff\n|faint|p2a: Puff\n|-weather|none\n|\n|win|Torcheman\n|l|\u2606Walletinspector62\n||Ladder (probably) updated, but score could not be retrieved (Response not received).\n","uploadtime":1573593595,"views":1,"p1id":"torcheman","p2id":"walletinspector62","formatid":"gen7balancedhackmons","rating":0,"private":0,"password":null}