{"id":"gen7uu-858126981","p1":"D.V.M.N","p2":"H4WT \u2605","format":"gen7uu","log":"|raw|<div class=\"broadcast-red\"><strong>This battle is invite-only!<\/strong><br \/>Users must be rank + or invited with <code>\/invite<\/code> to join<\/div>\n|j|\u2606D.V.M.N\n|j|\u2606H4WT \u2605\n|player|p1|D.V.M.N|biker-gen2\n|player|p2|H4WT \u2605|266\n|teamsize|p1|6\n|teamsize|p2|6\n|gametype|singles\n|gen|7\n|tier|[Gen 7] UU\n|rated|\n|rule|Sleep Clause Mod: Limit one foe put to sleep\n|rule|Species Clause: Limit one of each Pok\u00e9mon\n|rule|OHKO Clause: OHKO moves are banned\n|rule|Moody Clause: Moody is banned\n|rule|Evasion Moves Clause: Evasion moves are banned\n|rule|Endless Battle Clause: Forcing endless battles is banned\n|rule|HP Percentage Mod: HP is shown in percentages\n|clearpoke\n|poke|p1|Suicune|item\n|poke|p1|Nihilego|item\n|poke|p1|Krookodile, F|item\n|poke|p1|Cobalion|item\n|poke|p1|Rotom-Heat|item\n|poke|p1|Altaria, M|item\n|poke|p2|Umbreon, M|item\n|poke|p2|Tentacruel, M|item\n|poke|p2|Hippowdon, F|item\n|poke|p2|Slowbro, M|item\n|poke|p2|Infernape, M|item\n|poke|p2|Scizor, M|item\n|teampreview\n|inactive|Battle timer is ON: inactive players will automatically lose when time's up. (requested by D.V.M.N)\n|c|\u2606D.V.M.N|\/log asefutipo was invited (and promoted to Room Voice) by D.V.M.N.\n|\n|start\n|switch|p1a: Rotom|Rotom-Heat|100\/100\n|switch|p2a: Hippowdon|Hippowdon, F|100\/100\n|-weather|Sandstorm|[from] ability: Sand Stream|[of] p2a: Hippowdon\n|turn|1\n|j|+asefutipo\n|c|\u2606D.V.M.N|ton alt est trop chiant \u00e0 retenir asefutipo\n|c|\u2606D.V.M.N|trouves en un autre\n|inactive|H4WT \u2605 has 120 seconds left.\n|c|+asefutipo|FPace?\n|c|\u2606D.V.M.N|hue voil\u00e0\n|inactive|H4WT \u2605 has 90 seconds left.\n|\n|move|p1a: Rotom|Toxic|p2a: Hippowdon\n|-status|p2a: Hippowdon|tox\n|move|p2a: Hippowdon|Stealth Rock|p1a: Rotom\n|-sidestart|p1: D.V.M.N|move: Stealth Rock\n|\n|-weather|Sandstorm|[upkeep]\n|-damage|p1a: Rotom|94\/100|[from] Sandstorm\n|-damage|p2a: Hippowdon|94\/100 tox|[from] psn\n|upkeep\n|turn|2\n|\n|move|p1a: Rotom|Defog|p2a: Hippowdon\n|-unboost|p2a: Hippowdon|evasion|1\n|-sideend|p1: D.V.M.N|Stealth Rock|[from] move: Defog|[of] p1a: Rotom\n|move|p2a: Hippowdon|Toxic|p1a: Rotom\n|-status|p1a: Rotom|tox\n|\n|-weather|Sandstorm|[upkeep]\n|-damage|p1a: Rotom|88\/100 tox|[from] Sandstorm\n|-heal|p2a: Hippowdon|100\/100 tox|[from] item: Leftovers\n|-damage|p1a: Rotom|82\/100 tox|[from] psn\n|-damage|p2a: Hippowdon|88\/100 tox|[from] psn\n|upkeep\n|turn|3\n|\n|switch|p2a: Umbreon|Umbreon, M, shiny|100\/100\n|move|p1a: Rotom|Overheat|p2a: Umbreon|[miss]\n|-miss|p1a: Rotom|p2a: Umbreon\n|\n|-weather|Sandstorm|[upkeep]\n|-damage|p1a: Rotom|76\/100 tox|[from] Sandstorm\n|-damage|p2a: Umbreon|94\/100|[from] Sandstorm\n|-heal|p2a: Umbreon|100\/100|[from] item: Leftovers\n|-damage|p1a: Rotom|64\/100 tox|[from] psn\n|upkeep\n|turn|4\n|\n|switch|p1a: Cobalion|Cobalion|100\/100\n|move|p2a: Umbreon|Heal Bell|p2a: Umbreon\n|-activate|p2a: Umbreon|move: Heal Bell\n|-curestatus|p2: Hippowdon|tox|[msg]\n|\n|-weather|Sandstorm|[upkeep]\n|-damage|p2a: Umbreon|94\/100|[from] Sandstorm\n|-heal|p2a: Umbreon|100\/100|[from] item: Leftovers\n|upkeep\n|turn|5\n|inactive|H4WT \u2605 has 120 seconds left.\n|\n|switch|p2a: Hippowdon|Hippowdon, F|88\/100\n|move|p1a: Cobalion|Stealth Rock|p2a: Hippowdon\n|-sidestart|p2: H4WT \u2605|move: Stealth Rock\n|\n|-weather|none\n|-heal|p2a: Hippowdon|94\/100|[from] item: Leftovers\n|upkeep\n|turn|6\n|\n|switch|p1a: Altaria|Altaria, M|100\/100\n|move|p2a: Hippowdon|Stealth Rock|p1a: Altaria\n|-sidestart|p1: D.V.M.N|move: Stealth Rock\n|\n|-heal|p2a: Hippowdon|100\/100|[from] item: Leftovers\n|upkeep\n|turn|7\n|\n|detailschange|p1a: Altaria|Altaria-Mega, M\n|-mega|p1a: Altaria|Altaria|Altarianite\n|move|p1a: Altaria|Dragon Dance|p1a: Altaria\n|-boost|p1a: Altaria|atk|1\n|-boost|p1a: Altaria|spe|1\n|move|p2a: Hippowdon|Toxic|p1a: Altaria\n|-status|p1a: Altaria|tox\n|\n|-damage|p1a: Altaria|94\/100 tox|[from] psn\n|upkeep\n|turn|8\n|\n|switch|p2a: Scizor|Scizor, M|100\/100\n|-damage|p2a: Scizor|88\/100|[from] Stealth Rock\n|move|p1a: Altaria|Refresh|p1a: Altaria\n|-curestatus|p1a: Altaria|tox|[msg]\n|\n|upkeep\n|turn|9\n|\n|switch|p1a: Cobalion|Cobalion|100\/100\n|-damage|p1a: Cobalion|97\/100|[from] Stealth Rock\n|move|p2a: Scizor|Bullet Punch|p1a: Cobalion\n|-resisted|p1a: Cobalion\n|-damage|p1a: Cobalion|74\/100\n|-damage|p2a: Scizor|72\/100|[from] item: Rocky Helmet|[of] p1a: Cobalion\n|\n|upkeep\n|turn|10\n|\n|switch|p2a: Tentacruel|Tentacruel, M|100\/100\n|-damage|p2a: Tentacruel|88\/100|[from] Stealth Rock\n|move|p1a: Cobalion|Volt Switch|p2a: Tentacruel\n|-supereffective|p2a: Tentacruel\n|-crit|p2a: Tentacruel\n|-damage|p2a: Tentacruel|55\/100\n|\n|switch|p1a: Krookodile|Krookodile, F|100\/100\n|-damage|p1a: Krookodile|94\/100|[from] Stealth Rock\n|-ability|p1a: Krookodile|Intimidate|boost\n|-fail|p2a: Tentacruel|unboost|[from] ability: Clear Body|[of] p2a: Tentacruel\n|\n|-heal|p2a: Tentacruel|61\/100|[from] item: Black Sludge\n|upkeep\n|turn|11\n|\n|move|p1a: Krookodile|Pursuit|p2a: Tentacruel\n|-damage|p2a: Tentacruel|39\/100\n|move|p2a: Tentacruel|Rapid Spin|p1a: Krookodile\n|-damage|p1a: Krookodile|91\/100\n|-sideend|p2: H4WT \u2605|Stealth Rock|[from] move: Rapid Spin|[of] p2a: Tentacruel\n|\n|-heal|p2a: Tentacruel|45\/100|[from] item: Black Sludge\n|upkeep\n|turn|12\n|\n|switch|p1a: Cobalion|Cobalion|74\/100\n|-damage|p1a: Cobalion|71\/100|[from] Stealth Rock\n|move|p2a: Tentacruel|Scald|p1a: Cobalion\n|-damage|p1a: Cobalion|41\/100\n|-status|p1a: Cobalion|brn\n|\n|-heal|p2a: Tentacruel|51\/100|[from] item: Black Sludge\n|-damage|p1a: Cobalion|35\/100 brn|[from] brn\n|upkeep\n|turn|13\n|l|+asefutipo\n|\n|move|p1a: Cobalion|Stealth Rock|p2a: Tentacruel\n|-sidestart|p2: H4WT \u2605|move: Stealth Rock\n|move|p2a: Tentacruel|Scald|p1a: Cobalion\n|-damage|p1a: Cobalion|2\/100 brn\n|\n|-heal|p2a: Tentacruel|57\/100|[from] item: Black Sludge\n|-damage|p1a: Cobalion|0 fnt|[from] brn\n|faint|p1a: Cobalion\n|upkeep\n|\n|switch|p1a: Krookodile|Krookodile, F|91\/100\n|-damage|p1a: Krookodile|85\/100|[from] Stealth Rock\n|-ability|p1a: Krookodile|Intimidate|boost\n|-fail|p2a: Tentacruel|unboost|[from] ability: Clear Body|[of] p2a: Tentacruel\n|turn|14\n|\n|move|p1a: Krookodile|Pursuit|p2a: Tentacruel\n|-damage|p2a: Tentacruel|32\/100\n|move|p2a: Tentacruel|Rapid Spin|p1a: Krookodile\n|-damage|p1a: Krookodile|81\/100\n|-sideend|p2: H4WT \u2605|Stealth Rock|[from] move: Rapid Spin|[of] p2a: Tentacruel\n|\n|-heal|p2a: Tentacruel|38\/100|[from] item: Black Sludge\n|upkeep\n|turn|15\n|\n|move|p1a: Krookodile|Pursuit|p2a: Tentacruel\n|-damage|p2a: Tentacruel|14\/100\n|move|p2a: Tentacruel|Sludge Wave|p1a: Krookodile\n|-resisted|p1a: Krookodile\n|-damage|p1a: Krookodile|62\/100\n|\n|-heal|p2a: Tentacruel|20\/100|[from] item: Black Sludge\n|upkeep\n|turn|16\n|\n|move|p1a: Krookodile|Pursuit|p2a: Tentacruel\n|-damage|p2a: Tentacruel|0 fnt\n|faint|p2a: Tentacruel\n|\n|upkeep\n|\n|switch|p2a: Infernape|Infernape, M|100\/100\n|turn|17\n|\n|switch|p1a: Altaria|Altaria-Mega, M|94\/100\n|-damage|p1a: Altaria|82\/100|[from] Stealth Rock\n|move|p2a: Infernape|Focus Blast|p1a: Altaria\n|-resisted|p1a: Altaria\n|-damage|p1a: Altaria|57\/100\n|\n|upkeep\n|turn|18\n|\n|switch|p2a: Scizor|Scizor, M|72\/100\n|move|p1a: Altaria|Roost|p1a: Altaria\n|-heal|p1a: Altaria|100\/100\n|-singleturn|p1a: Altaria|move: Roost\n|\n|upkeep\n|turn|19\n|\n|move|p1a: Altaria|Roost||[still]\n|-fail|p1a: Altaria\n|move|p2a: Scizor|U-turn|p1a: Altaria\n|-resisted|p1a: Altaria\n|-damage|p1a: Altaria|74\/100\n|\n|switch|p2a: Hippowdon|Hippowdon, F|100\/100\n|-weather|Sandstorm|[from] ability: Sand Stream|[of] p2a: Hippowdon\n|\n|-weather|Sandstorm|[upkeep]\n|-damage|p1a: Altaria|68\/100|[from] Sandstorm\n|upkeep\n|turn|20\n|\n|switch|p1a: Rotom|Rotom-Heat|64\/100 tox\n|-damage|p1a: Rotom|39\/100 tox|[from] Stealth Rock\n|switch|p2a: Scizor|Scizor, M|72\/100\n|\n|-weather|Sandstorm|[upkeep]\n|-damage|p1a: Rotom|33\/100 tox|[from] Sandstorm\n|-damage|p1a: Rotom|27\/100 tox|[from] psn\n|upkeep\n|turn|21\n|\n|switch|p2a: Hippowdon|Hippowdon, F|100\/100\n|move|p1a: Rotom|Toxic|p2a: Hippowdon\n|-status|p2a: Hippowdon|tox\n|\n|-weather|Sandstorm|[upkeep]\n|-damage|p1a: Rotom|21\/100 tox|[from] Sandstorm\n|-enditem|p1a: Rotom|Iapapa Berry|[eat]\n|-heal|p1a: Rotom|71\/100 tox|[from] item: Iapapa Berry\n|-damage|p1a: Rotom|59\/100 tox|[from] psn\n|-damage|p2a: Hippowdon|94\/100 tox|[from] psn\n|upkeep\n|turn|22\n|\n|move|p1a: Rotom|Defog|p2a: Hippowdon\n|-unboost|p2a: Hippowdon|evasion|1\n|-sideend|p1: D.V.M.N|Stealth Rock|[from] move: Defog|[of] p1a: Rotom\n|move|p2a: Hippowdon|Stealth Rock|p1a: Rotom\n|-sidestart|p1: D.V.M.N|move: Stealth Rock\n|\n|-weather|Sandstorm|[upkeep]\n|-damage|p1a: Rotom|53\/100 tox|[from] Sandstorm\n|-heal|p2a: Hippowdon|100\/100 tox|[from] item: Leftovers\n|-damage|p1a: Rotom|35\/100 tox|[from] psn\n|-damage|p2a: Hippowdon|88\/100 tox|[from] psn\n|upkeep\n|turn|23\n|\n|move|p1a: Rotom|Defog|p2a: Hippowdon\n|-unboost|p2a: Hippowdon|evasion|1\n|-sideend|p1: D.V.M.N|Stealth Rock|[from] move: Defog|[of] p1a: Rotom\n|move|p2a: Hippowdon|Slack Off|p2a: Hippowdon\n|-heal|p2a: Hippowdon|100\/100 tox\n|\n|-weather|none\n|-damage|p1a: Rotom|11\/100 tox|[from] psn\n|-damage|p2a: Hippowdon|82\/100 tox|[from] psn\n|upkeep\n|turn|24\n|\n|move|p1a: Rotom|Overheat|p2a: Hippowdon\n|-damage|p2a: Hippowdon|43\/100 tox\n|-unboost|p1a: Rotom|spa|2\n|move|p2a: Hippowdon|Stealth Rock|p1a: Rotom\n|-sidestart|p1: D.V.M.N|move: Stealth Rock\n|\n|-heal|p2a: Hippowdon|49\/100 tox|[from] item: Leftovers\n|-damage|p1a: Rotom|0 fnt|[from] psn\n|faint|p1a: Rotom\n|-damage|p2a: Hippowdon|25\/100 tox|[from] psn\n|upkeep\n|\n|switch|p1a: Nihilego|Nihilego|100\/100\n|-damage|p1a: Nihilego|88\/100|[from] Stealth Rock\n|turn|25\n|\n|switch|p2a: Umbreon|Umbreon, M, shiny|100\/100\n|move|p1a: Nihilego|Grass Knot|p2a: Umbreon\n|-damage|p2a: Umbreon|90\/100\n|\n|-heal|p2a: Umbreon|96\/100|[from] item: Leftovers\n|upkeep\n|turn|26\n|\n|move|p1a: Nihilego|Toxic Spikes|p2a: Umbreon\n|-sidestart|p2: H4WT \u2605|move: Toxic Spikes\n|move|p2a: Umbreon|Heal Bell|p2a: Umbreon\n|-activate|p2a: Umbreon|move: Heal Bell\n|-curestatus|p2: Hippowdon|tox|[msg]\n|\n|-heal|p2a: Umbreon|100\/100|[from] item: Leftovers\n|upkeep\n|turn|27\n|\n|move|p1a: Nihilego|Toxic Spikes|p2a: Umbreon\n|-sidestart|p2: H4WT \u2605|move: Toxic Spikes\n|move|p2a: Umbreon|Wish|p2a: Umbreon\n|\n|upkeep\n|turn|28\n|\n|switch|p2a: Scizor|Scizor, M|72\/100\n|-zpower|p1a: Nihilego\n|move|p1a: Nihilego|Gigavolt Havoc|p2a: Scizor|[zeffect]\n|-damage|p2a: Scizor|0 fnt\n|faint|p2a: Scizor\n|-ability|p1a: Nihilego|Beast Boost|boost\n|-boost|p1a: Nihilego|spa|1\n|\n|upkeep\n|-message|H4WT \u2605 forfeited.\n|\n|win|D.V.M.N\n|l|\u2606H4WT \u2605\n|raw|D.V.M.N's rating: 1593 &rarr; <strong>1609<\/strong><br \/>(+16 for winning)\n|raw|H4WT \u2605's rating: 1532 &rarr; <strong>1516<\/strong><br \/>(-16 for losing)\n|c|\u2606D.V.M.N|\/log D.V.M.N made this room public.\n","uploadtime":1549294654,"views":25,"p1id":"dvmn","p2id":"h4wt","formatid":"gen7uu","rating":1516,"private":0,"password":null}