{"id":"gen7ou-1012292256","p1":"JoeyOwesMeMoney","p2":"KutusDaFaquinGod","format":"gen7ou","log":"|j|\u2606JoeyOwesMeMoney\n|j|\u2606KutusDaFaquinGod\n|player|p1|JoeyOwesMeMoney|265|1692\n|player|p2|KutusDaFaquinGod|72|1695\n|teamsize|p1|6\n|teamsize|p2|6\n|gametype|singles\n|gen|7\n|tier|[Gen 7] OU\n|rated|\n|rule|Sleep Clause Mod: Limit one foe put to sleep\n|rule|Species Clause: Limit one of each Pok\u00e9mon\n|rule|OHKO Clause: OHKO moves are banned\n|rule|Moody Clause: Moody is banned\n|rule|Evasion Moves Clause: Evasion moves are banned\n|rule|Endless Battle Clause: Forcing endless battles is banned\n|rule|HP Percentage Mod: HP is shown in percentages\n|clearpoke\n|poke|p1|Skarmory, F|item\n|poke|p1|Chansey, F|item\n|poke|p1|Magnezone|item\n|poke|p1|Toxapex, F|item\n|poke|p1|Clefable, F|item\n|poke|p1|Sableye, F|item\n|poke|p2|Bisharp, F|item\n|poke|p2|Zapdos|item\n|poke|p2|Gallade, M|item\n|poke|p2|Araquanid, M|item\n|poke|p2|Staraptor, F|item\n|poke|p2|Kartana|item\n|teampreview\n|inactive|Battle timer is ON: inactive players will automatically lose when time's up. (requested by JoeyOwesMeMoney)\n|inactive|KutusDaFaquinGod has 120 seconds left.\n|\n|start\n|switch|p1a: Sableye|Sableye, F|100\/100\n|switch|p2a: Staraptor|Staraptor, F|100\/100\n|turn|1\n|\n|switch|p2a: Araquanid|Araquanid, M|100\/100\n|move|p1a: Sableye|Will-O-Wisp|p2a: Araquanid\n|-immune|p2a: Araquanid|[from] ability: Water Bubble\n|\n|upkeep\n|turn|2\n|\n|switch|p1a: Toxapex|Toxapex, F|100\/100\n|move|p2a: Araquanid|Infestation|p1a: Toxapex\n|-resisted|p1a: Toxapex\n|-damage|p1a: Toxapex|99\/100\n|-activate|p1a: Toxapex|move: Infestation|[of] p2a: Araquanid\n|\n|-heal|p1a: Toxapex|100\/100|[from] item: Black Sludge\n|-damage|p1a: Toxapex|88\/100|[from] move: Infestation|[partiallytrapped]\n|upkeep\n|turn|3\n|\n|switch|p2a: Staraptor|Staraptor, F|100\/100\n|move|p1a: Toxapex|Toxic Spikes|p2a: Staraptor\n|-sidestart|p2: KutusDaFaquinGod|move: Toxic Spikes\n|\n|-heal|p1a: Toxapex|94\/100|[from] item: Black Sludge\n|-end|p1a: Toxapex|Infestation|[partiallytrapped]|[silent]\n|upkeep\n|turn|4\n|\n|switch|p1a: Sableye|Sableye, F|100\/100\n|move|p2a: Staraptor|Brave Bird|p1a: Sableye\n|-damage|p1a: Sableye|0 fnt\n|-damage|p2a: Staraptor|68\/100|[from] Recoil\n|faint|p1a: Sableye\n|\n|upkeep\n|\n|switch|p1a: Skarmory|Skarmory, F|100\/100\n|turn|5\n|\n|switch|p2a: Zapdos|Zapdos|100\/100\n|move|p1a: Skarmory|Spikes|p2a: Zapdos\n|-sidestart|p2: KutusDaFaquinGod|Spikes\n|\n|upkeep\n|turn|6\n|\n|switch|p1a: Chansey|Chansey, F|100\/100\n|move|p2a: Zapdos|Defog|p1a: Chansey\n|-unboost|p1a: Chansey|evasion|1\n|-sideend|p2: KutusDaFaquinGod|Spikes|[from] move: Defog|[of] p2a: Zapdos\n|-sideend|p2: KutusDaFaquinGod|Toxic Spikes|[from] move: Defog|[of] p2a: Zapdos\n|\n|upkeep\n|turn|7\n|\n|switch|p2a: Araquanid|Araquanid, M|100\/100\n|move|p1a: Chansey|Seismic Toss|p2a: Araquanid\n|-damage|p2a: Araquanid|71\/100\n|\n|-heal|p2a: Araquanid|77\/100|[from] item: Leftovers\n|upkeep\n|turn|8\n|\n|switch|p1a: Toxapex|Toxapex, F|100\/100\n|switch|p2a: Gallade|Gallade, M|100\/100\n|\n|upkeep\n|turn|9\n|\n|move|p2a: Gallade|Substitute|p2a: Gallade\n|-start|p2a: Gallade|Substitute\n|-damage|p2a: Gallade|76\/100\n|move|p1a: Toxapex|Scald|p2a: Gallade\n|-activate|p2a: Gallade|move: Substitute|[damage]\n|\n|upkeep\n|turn|10\n|\n|detailschange|p2a: Gallade|Gallade-Mega, M\n|-mega|p2a: Gallade|Gallade|Galladite\n|move|p2a: Gallade|Swords Dance|p2a: Gallade\n|-boost|p2a: Gallade|atk|2\n|move|p1a: Toxapex|Scald|p2a: Gallade\n|-end|p2a: Gallade|Substitute\n|\n|upkeep\n|turn|11\n|\n|switch|p1a: Clefable|Clefable, F|100\/100\n|move|p2a: Gallade|Substitute|p2a: Gallade\n|-start|p2a: Gallade|Substitute\n|-damage|p2a: Gallade|51\/100\n|\n|upkeep\n|turn|12\n|\n|move|p1a: Clefable|Protect|p1a: Clefable\n|-singleturn|p1a: Clefable|Protect\n|move|p2a: Gallade|Zen Headbutt|p1a: Clefable\n|-activate|p1a: Clefable|move: Protect\n|\n|upkeep\n|turn|13\n|\n|move|p2a: Gallade|Zen Headbutt|p1a: Clefable\n|-damage|p1a: Clefable|62\/100\n|cant|p1a: Clefable|flinch\n|\n|-heal|p1a: Clefable|68\/100|[from] item: Leftovers\n|upkeep\n|turn|14\n|\n|move|p1a: Clefable|Protect|p1a: Clefable\n|-singleturn|p1a: Clefable|Protect\n|move|p2a: Gallade|Zen Headbutt|p1a: Clefable\n|-activate|p1a: Clefable|move: Protect\n|\n|-heal|p1a: Clefable|74\/100|[from] item: Leftovers\n|upkeep\n|turn|15\n|\n|move|p2a: Gallade|Zen Headbutt|p1a: Clefable\n|-crit|p1a: Clefable\n|-damage|p1a: Clefable|21\/100\n|move|p1a: Clefable|Wish|p1a: Clefable\n|\n|-heal|p1a: Clefable|27\/100|[from] item: Leftovers\n|upkeep\n|turn|16\n|\n|switch|p2a: Staraptor|Staraptor, F|68\/100\n|move|p1a: Clefable|Protect||[still]\n|-fail|p1a: Clefable\n|\n|-heal|p1a: Clefable|77\/100|[from] move: Wish|[wisher] Clefable\n|-heal|p1a: Clefable|83\/100|[from] item: Leftovers\n|upkeep\n|turn|17\n|\n|move|p1a: Clefable|Protect|p1a: Clefable\n|-singleturn|p1a: Clefable|Protect\n|move|p2a: Staraptor|U-turn|p1a: Clefable\n|-activate|p1a: Clefable|move: Protect\n|\n|-heal|p1a: Clefable|89\/100|[from] item: Leftovers\n|upkeep\n|turn|18\n|\n|move|p2a: Staraptor|U-turn|p1a: Clefable\n|-resisted|p1a: Clefable\n|-damage|p1a: Clefable|74\/100\n|\n|switch|p2a: Kartana|Kartana|100\/100|[from]move: U-turn\n|move|p1a: Clefable|Wish|p1a: Clefable\n|\n|-heal|p1a: Clefable|80\/100|[from] item: Leftovers\n|upkeep\n|turn|19\n|\n|switch|p2a: Araquanid|Araquanid, M|77\/100\n|switch|p1a: Toxapex|Toxapex, F|100\/100\n|\n|-heal|p2a: Araquanid|83\/100|[from] item: Leftovers\n|upkeep\n|turn|20\n|\n|move|p2a: Araquanid|Scald|p1a: Toxapex\n|-resisted|p1a: Toxapex\n|-crit|p1a: Toxapex\n|-damage|p1a: Toxapex|81\/100\n|move|p1a: Toxapex|Toxic Spikes|p2a: Araquanid\n|-sidestart|p2: KutusDaFaquinGod|move: Toxic Spikes\n|\n|-heal|p2a: Araquanid|90\/100|[from] item: Leftovers\n|-heal|p1a: Toxapex|87\/100|[from] item: Black Sludge\n|upkeep\n|turn|21\n|\n|move|p2a: Araquanid|Infestation|p1a: Toxapex\n|-resisted|p1a: Toxapex\n|-damage|p1a: Toxapex|85\/100\n|-activate|p1a: Toxapex|move: Infestation|[of] p2a: Araquanid\n|move|p1a: Toxapex|Scald|p2a: Araquanid\n|-resisted|p2a: Araquanid\n|-damage|p2a: Araquanid|84\/100\n|\n|-heal|p2a: Araquanid|90\/100|[from] item: Leftovers\n|-heal|p1a: Toxapex|91\/100|[from] item: Black Sludge\n|-damage|p1a: Toxapex|79\/100|[from] move: Infestation|[partiallytrapped]\n|upkeep\n|turn|22\n|\n|move|p2a: Araquanid|Scald|p1a: Toxapex\n|-resisted|p1a: Toxapex\n|-damage|p1a: Toxapex|67\/100\n|move|p1a: Toxapex|Scald|p2a: Araquanid\n|-resisted|p2a: Araquanid\n|-damage|p2a: Araquanid|85\/100\n|\n|-heal|p2a: Araquanid|92\/100|[from] item: Leftovers\n|-heal|p1a: Toxapex|72\/100|[from] item: Black Sludge\n|-damage|p1a: Toxapex|60\/100|[from] move: Infestation|[partiallytrapped]\n|upkeep\n|turn|23\n|j| dffgddfser\n|\n|move|p2a: Araquanid|Scald|p1a: Toxapex\n|-resisted|p1a: Toxapex\n|-damage|p1a: Toxapex|46\/100\n|move|p1a: Toxapex|Recover|p1a: Toxapex\n|-heal|p1a: Toxapex|97\/100\n|\n|-heal|p2a: Araquanid|98\/100|[from] item: Leftovers\n|-heal|p1a: Toxapex|100\/100|[from] item: Black Sludge\n|-damage|p1a: Toxapex|88\/100|[from] move: Infestation|[partiallytrapped]\n|upkeep\n|turn|24\n|\n|move|p2a: Araquanid|Scald|p1a: Toxapex\n|-resisted|p1a: Toxapex\n|-damage|p1a: Toxapex|75\/100\n|move|p1a: Toxapex|Scald|p2a: Araquanid\n|-resisted|p2a: Araquanid\n|-damage|p2a: Araquanid|93\/100\n|\n|-heal|p2a: Araquanid|99\/100|[from] item: Leftovers\n|-heal|p1a: Toxapex|81\/100|[from] item: Black Sludge\n|-damage|p1a: Toxapex|69\/100|[from] move: Infestation|[partiallytrapped]\n|upkeep\n|turn|25\n|\n|move|p2a: Araquanid|Scald|p1a: Toxapex\n|-resisted|p1a: Toxapex\n|-damage|p1a: Toxapex|57\/100\n|-status|p1a: Toxapex|brn\n|move|p1a: Toxapex|Recover|p1a: Toxapex\n|-heal|p1a: Toxapex|100\/100 brn\n|\n|-heal|p2a: Araquanid|100\/100|[from] item: Leftovers\n|-damage|p1a: Toxapex|95\/100 brn|[from] brn\n|-damage|p1a: Toxapex|82\/100 brn|[from] move: Infestation|[partiallytrapped]\n|upkeep\n|turn|26\n|\n|move|p2a: Araquanid|Infestation|p1a: Toxapex\n|-resisted|p1a: Toxapex\n|-damage|p1a: Toxapex|81\/100 brn\n|move|p1a: Toxapex|Scald|p2a: Araquanid\n|-resisted|p2a: Araquanid\n|-crit|p2a: Araquanid\n|-damage|p2a: Araquanid|94\/100\n|\n|-heal|p2a: Araquanid|99\/100|[from] item: Leftovers\n|-heal|p1a: Toxapex|87\/100 brn|[from] item: Black Sludge\n|-damage|p1a: Toxapex|81\/100 brn|[from] brn\n|-end|p1a: Toxapex|Infestation|[partiallytrapped]\n|upkeep\n|turn|27\n|\n|switch|p1a: Magnezone|Magnezone|100\/100\n|move|p2a: Araquanid|Toxic|p1a: Magnezone\n|-immune|p1a: Magnezone\n|\n|-heal|p2a: Araquanid|100\/100|[from] item: Leftovers\n|upkeep\n|turn|28\n|\n|move|p1a: Magnezone|Thunderbolt|p2a: Araquanid\n|-supereffective|p2a: Araquanid\n|-damage|p2a: Araquanid|40\/100\n|move|p2a: Araquanid|Scald|p1a: Magnezone\n|-damage|p1a: Magnezone|56\/100\n|\n|-heal|p2a: Araquanid|46\/100|[from] item: Leftovers\n|upkeep\n|turn|29\n|\n|switch|p2a: Zapdos|Zapdos|100\/100\n|move|p1a: Magnezone|Thunderbolt|p2a: Zapdos\n|-damage|p2a: Zapdos|58\/100\n|\n|-heal|p2a: Zapdos|64\/100|[from] item: Leftovers\n|upkeep\n|turn|30\n|\n|switch|p1a: Chansey|Chansey, F|100\/100\n|move|p2a: Zapdos|Defog|p1a: Chansey\n|-unboost|p1a: Chansey|evasion|1\n|-sideend|p2: KutusDaFaquinGod|Toxic Spikes|[from] move: Defog|[of] p2a: Zapdos\n|\n|-heal|p2a: Zapdos|71\/100|[from] item: Leftovers\n|upkeep\n|turn|31\n|\n|switch|p2a: Bisharp|Bisharp, F|100\/100\n|move|p1a: Chansey|Seismic Toss|p2a: Bisharp\n|-damage|p2a: Bisharp|64\/100\n|\n|upkeep\n|turn|32\n|\n|switch|p1a: Toxapex|Toxapex, F|100\/100 brn\n|move|p2a: Bisharp|Knock Off|p1a: Toxapex\n|-damage|p1a: Toxapex|68\/100 brn\n|-enditem|p1a: Toxapex|Black Sludge|[from] move: Knock Off|[of] p2a: Bisharp\n|\n|-damage|p1a: Toxapex|62\/100 brn|[from] brn\n|upkeep\n|turn|33\n|\n|switch|p2a: Araquanid|Araquanid, M|46\/100\n|move|p1a: Toxapex|Scald|p2a: Araquanid\n|-resisted|p2a: Araquanid\n|-damage|p2a: Araquanid|41\/100\n|\n|-heal|p2a: Araquanid|48\/100|[from] item: Leftovers\n|-damage|p1a: Toxapex|56\/100 brn|[from] brn\n|upkeep\n|turn|34\n|\n|switch|p1a: Magnezone|Magnezone|56\/100\n|move|p2a: Araquanid|Scald|p1a: Magnezone\n|-damage|p1a: Magnezone|15\/100\n|\n|-heal|p2a: Araquanid|54\/100|[from] item: Leftovers\n|upkeep\n|turn|35\n|\n|switch|p2a: Zapdos|Zapdos|71\/100\n|move|p1a: Magnezone|Thunderbolt|p2a: Zapdos\n|-damage|p2a: Zapdos|26\/100\n|\n|-heal|p2a: Zapdos|32\/100|[from] item: Leftovers\n|upkeep\n|turn|36\n|\n|move|p1a: Magnezone|Thunderbolt|p2a: Zapdos\n|-damage|p2a: Zapdos|0 fnt\n|faint|p2a: Zapdos\n|\n|upkeep\n|\n|switch|p2a: Kartana|Kartana|100\/100\n|turn|37\n|\n|switch|p1a: Toxapex|Toxapex, F|89\/100 brn\n|move|p2a: Kartana|Knock Off|p1a: Toxapex\n|-damage|p1a: Toxapex|72\/100 brn\n|\n|-damage|p1a: Toxapex|66\/100 brn|[from] brn\n|upkeep\n|turn|38\n|\n|switch|p2a: Araquanid|Araquanid, M|54\/100\n|move|p1a: Toxapex|Toxic Spikes|p2a: Araquanid\n|-sidestart|p2: KutusDaFaquinGod|move: Toxic Spikes\n|\n|-heal|p2a: Araquanid|60\/100|[from] item: Leftovers\n|-damage|p1a: Toxapex|60\/100 brn|[from] brn\n|upkeep\n|turn|39\n|\n|move|p2a: Araquanid|Scald|p1a: Toxapex\n|-resisted|p1a: Toxapex\n|-damage|p1a: Toxapex|48\/100 brn\n|move|p1a: Toxapex|Recover|p1a: Toxapex\n|-heal|p1a: Toxapex|98\/100 brn\n|\n|-heal|p2a: Araquanid|66\/100|[from] item: Leftovers\n|-damage|p1a: Toxapex|92\/100 brn|[from] brn\n|upkeep\n|turn|40\n|\n|move|p2a: Araquanid|Infestation|p1a: Toxapex\n|-resisted|p1a: Toxapex\n|-damage|p1a: Toxapex|90\/100 brn\n|-activate|p1a: Toxapex|move: Infestation|[of] p2a: Araquanid\n|move|p1a: Toxapex|Haze|p1a: Toxapex\n|-clearallboost\n|\n|-heal|p2a: Araquanid|72\/100|[from] item: Leftovers\n|-damage|p1a: Toxapex|84\/100 brn|[from] brn\n|-damage|p1a: Toxapex|72\/100 brn|[from] move: Infestation|[partiallytrapped]\n|upkeep\n|turn|41\n|\n|move|p2a: Araquanid|Sticky Web|p1a: Toxapex\n|-sidestart|p1: JoeyOwesMeMoney|move: Sticky Web\n|move|p1a: Toxapex|Haze|p1a: Toxapex\n|-clearallboost\n|\n|-heal|p2a: Araquanid|78\/100|[from] item: Leftovers\n|-damage|p1a: Toxapex|66\/100 brn|[from] brn\n|-damage|p1a: Toxapex|54\/100 brn|[from] move: Infestation|[partiallytrapped]\n|upkeep\n|turn|42\n|\n|move|p2a: Araquanid|Infestation|p1a: Toxapex\n|-resisted|p1a: Toxapex\n|-damage|p1a: Toxapex|53\/100 brn\n|move|p1a: Toxapex|Recover|p1a: Toxapex\n|-heal|p1a: Toxapex|100\/100 brn\n|\n|-heal|p2a: Araquanid|85\/100|[from] item: Leftovers\n|-damage|p1a: Toxapex|95\/100 brn|[from] brn\n|-damage|p1a: Toxapex|82\/100 brn|[from] move: Infestation|[partiallytrapped]\n|upkeep\n|turn|43\n|\n|move|p2a: Araquanid|Scald|p1a: Toxapex\n|-resisted|p1a: Toxapex\n|-damage|p1a: Toxapex|68\/100 brn\n|move|p1a: Toxapex|Haze|p1a: Toxapex\n|-clearallboost\n|\n|-heal|p2a: Araquanid|91\/100|[from] item: Leftovers\n|-damage|p1a: Toxapex|63\/100 brn|[from] brn\n|-damage|p1a: Toxapex|50\/100 brn|[from] move: Infestation|[partiallytrapped]\n|upkeep\n|turn|44\n|\n|switch|p2a: Staraptor|Staraptor, F|68\/100\n|move|p1a: Toxapex|Recover|p1a: Toxapex\n|-heal|p1a: Toxapex|100\/100 brn\n|\n|-damage|p1a: Toxapex|95\/100 brn|[from] brn\n|-end|p1a: Toxapex|Infestation|[partiallytrapped]|[silent]\n|upkeep\n|turn|45\n|\n|switch|p1a: Skarmory|Skarmory, F|100\/100\n|move|p2a: Staraptor|Brave Bird|p1a: Skarmory\n|-resisted|p1a: Skarmory\n|-damage|p1a: Skarmory|66\/100\n|-damage|p2a: Staraptor|52\/100|[from] item: Rocky Helmet|[of] p1a: Skarmory\n|-damage|p2a: Staraptor|40\/100|[from] Recoil\n|\n|upkeep\n|turn|46\n|\n|switch|p2a: Bisharp|Bisharp, F|64\/100\n|move|p1a: Skarmory|Roost|p1a: Skarmory\n|-heal|p1a: Skarmory|100\/100\n|-singleturn|p1a: Skarmory|move: Roost\n|\n|upkeep\n|turn|47\n|\n|switch|p1a: Toxapex|Toxapex, F|100\/100 brn\n|-activate|p1a: Toxapex|move: Sticky Web\n|-unboost|p1a: Toxapex|spe|1\n|move|p2a: Bisharp|Knock Off|p1a: Toxapex\n|-damage|p1a: Toxapex|76\/100 brn\n|\n|-damage|p1a: Toxapex|70\/100 brn|[from] brn\n|upkeep\n|turn|48\n|\n|move|p2a: Bisharp|Swords Dance|p2a: Bisharp\n|-boost|p2a: Bisharp|atk|2\n|move|p1a: Toxapex|Scald|p2a: Bisharp\n|-damage|p2a: Bisharp|37\/100\n|\n|-damage|p1a: Toxapex|65\/100 brn|[from] brn\n|upkeep\n|turn|49\n|\n|move|p2a: Bisharp|Knock Off|p1a: Toxapex\n|-damage|p1a: Toxapex|18\/100 brn\n|move|p1a: Toxapex|Recover|p1a: Toxapex\n|-heal|p1a: Toxapex|68\/100 brn\n|\n|-damage|p1a: Toxapex|62\/100 brn|[from] brn\n|upkeep\n|turn|50\n|\n|move|p2a: Bisharp|Iron Head|p1a: Toxapex\n|-resisted|p1a: Toxapex\n|-damage|p1a: Toxapex|36\/100 brn\n|move|p1a: Toxapex|Recover|p1a: Toxapex\n|-heal|p1a: Toxapex|86\/100 brn\n|\n|-damage|p1a: Toxapex|80\/100 brn|[from] brn\n|upkeep\n|turn|51\n|\n|move|p2a: Bisharp|Iron Head|p1a: Toxapex\n|-resisted|p1a: Toxapex\n|-damage|p1a: Toxapex|56\/100 brn\n|cant|p1a: Toxapex|flinch\n|\n|-damage|p1a: Toxapex|50\/100 brn|[from] brn\n|upkeep\n|turn|52\n|\n|move|p2a: Bisharp|Iron Head|p1a: Toxapex\n|-resisted|p1a: Toxapex\n|-damage|p1a: Toxapex|22\/100 brn\n|move|p1a: Toxapex|Recover|p1a: Toxapex\n|-heal|p1a: Toxapex|72\/100 brn\n|\n|-damage|p1a: Toxapex|66\/100 brn|[from] brn\n|upkeep\n|turn|53\n|\n|move|p2a: Bisharp|Iron Head|p1a: Toxapex\n|-resisted|p1a: Toxapex\n|-damage|p1a: Toxapex|41\/100 brn\n|cant|p1a: Toxapex|flinch\n|\n|-damage|p1a: Toxapex|35\/100 brn|[from] brn\n|upkeep\n|turn|54\n|\n|switch|p1a: Magnezone|Magnezone|15\/100\n|-activate|p1a: Magnezone|move: Sticky Web\n|-unboost|p1a: Magnezone|spe|1\n|move|p2a: Bisharp|Iron Head|p1a: Magnezone\n|-resisted|p1a: Magnezone\n|-damage|p1a: Magnezone|0 fnt\n|faint|p1a: Magnezone\n|\n|upkeep\n|\n|switch|p1a: Toxapex|Toxapex, F|68\/100 brn\n|-activate|p1a: Toxapex|move: Sticky Web\n|-unboost|p1a: Toxapex|spe|1\n|turn|55\n|\n|move|p2a: Bisharp|Iron Head|p1a: Toxapex\n|-resisted|p1a: Toxapex\n|-damage|p1a: Toxapex|43\/100 brn\n|cant|p1a: Toxapex|flinch\n|\n|-damage|p1a: Toxapex|37\/100 brn|[from] brn\n|upkeep\n|turn|56\n|\n|move|p2a: Bisharp|Iron Head|p1a: Toxapex\n|-resisted|p1a: Toxapex\n|-damage|p1a: Toxapex|9\/100 brn\n|move|p1a: Toxapex|Recover|p1a: Toxapex\n|-heal|p1a: Toxapex|59\/100 brn\n|\n|-damage|p1a: Toxapex|53\/100 brn|[from] brn\n|upkeep\n|turn|57\n|\n|move|p2a: Bisharp|Iron Head|p1a: Toxapex\n|-resisted|p1a: Toxapex\n|-damage|p1a: Toxapex|24\/100 brn\n|move|p1a: Toxapex|Recover|p1a: Toxapex\n|-heal|p1a: Toxapex|74\/100 brn\n|\n|-damage|p1a: Toxapex|68\/100 brn|[from] brn\n|upkeep\n|turn|58\n|\n|move|p2a: Bisharp|Iron Head|p1a: Toxapex\n|-resisted|p1a: Toxapex\n|-damage|p1a: Toxapex|42\/100 brn\n|move|p1a: Toxapex|Recover|p1a: Toxapex\n|-heal|p1a: Toxapex|92\/100 brn\n|\n|-damage|p1a: Toxapex|86\/100 brn|[from] brn\n|upkeep\n|turn|59\n|\n|move|p2a: Bisharp|Iron Head|p1a: Toxapex\n|-resisted|p1a: Toxapex\n|-damage|p1a: Toxapex|57\/100 brn\n|move|p1a: Toxapex|Scald|p2a: Bisharp\n|-damage|p2a: Bisharp|8\/100\n|\n|-damage|p1a: Toxapex|51\/100 brn|[from] brn\n|upkeep\n|turn|60\n|\n|move|p2a: Bisharp|Iron Head|p1a: Toxapex\n|-resisted|p1a: Toxapex\n|-crit|p1a: Toxapex\n|-damage|p1a: Toxapex|12\/100 brn\n|cant|p1a: Toxapex|flinch\n|\n|-damage|p1a: Toxapex|6\/100 brn|[from] brn\n|upkeep\n|turn|61\n|\n|switch|p1a: Skarmory|Skarmory, F|100\/100\n|move|p2a: Bisharp|Knock Off|p1a: Skarmory\n|-damage|p1a: Skarmory|32\/100\n|-damage|p2a: Bisharp|0 fnt|[from] item: Rocky Helmet|[of] p1a: Skarmory\n|faint|p2a: Bisharp\n|\n|upkeep\n|\n|switch|p2a: Staraptor|Staraptor, F|40\/100\n|turn|62\n|\n|move|p2a: Staraptor|Double-Edge|p1a: Skarmory\n|-resisted|p1a: Skarmory\n|-damage|p1a: Skarmory|0 fnt\n|-damage|p2a: Staraptor|23\/100|[from] item: Rocky Helmet|[of] p1a: Skarmory\n|-damage|p2a: Staraptor|12\/100|[from] Recoil\n|faint|p1a: Skarmory\n|\n|upkeep\n|c|\u2606KutusDaFaquinGod|Gg bitch\n|\n|switch|p1a: Toxapex|Toxapex, F|39\/100 brn\n|-activate|p1a: Toxapex|move: Sticky Web\n|-unboost|p1a: Toxapex|spe|1\n|turn|63\n|inactive|JoeyOwesMeMoney has 120 seconds left.\n|inactive|JoeyOwesMeMoney has 90 seconds left.\n|j|%Aeonic\n|inactive|JoeyOwesMeMoney has 60 seconds left.\n|c|%Aeonic|\/log KutusDaFaquinGod was warned by Aeonic. (be nicer to opponents please)\n|unlink|kutusdafaquingod\n|l|%Aeonic\n|inactive|JoeyOwesMeMoney has 30 seconds left.\n|c|\u2606KutusDaFaquinGod|Okk sorry\n|inactive|JoeyOwesMeMoney has 20 seconds left.\n|c|\u2606KutusDaFaquinGod|:)\n|inactive|JoeyOwesMeMoney has 15 seconds left.\n|inactive|JoeyOwesMeMoney has 10 seconds left.\n|\n|switch|p1a: Clefable|Clefable, F|80\/100\n|-activate|p1a: Clefable|move: Sticky Web\n|-unboost|p1a: Clefable|spe|1\n|move|p2a: Staraptor|Double-Edge|p1a: Clefable\n|-damage|p1a: Clefable|0 fnt\n|-damage|p2a: Staraptor|0 fnt|[from] Recoil\n|faint|p1a: Clefable\n|faint|p2a: Staraptor\n|\n|upkeep\n|inactive|JoeyOwesMeMoney has 20 seconds left this turn.\n|inactive|JoeyOwesMeMoney has 15 seconds left.\n|\n|switch|p2a: Araquanid|Araquanid, M|91\/100\n|switch|p1a: Toxapex|Toxapex, F|72\/100 brn\n|-status|p2a: Araquanid|psn\n|-activate|p1a: Toxapex|move: Sticky Web\n|-unboost|p1a: Toxapex|spe|1\n|turn|64\n|inactive|JoeyOwesMeMoney has 25 seconds left this turn.\n|inactive|JoeyOwesMeMoney has 20 seconds left.\n|inactive|JoeyOwesMeMoney has 15 seconds left.\n|inactive|JoeyOwesMeMoney has 10 seconds left.\n|\n|switch|p1a: Chansey|Chansey, F|100\/100\n|-activate|p1a: Chansey|move: Sticky Web\n|-unboost|p1a: Chansey|spe|1\n|move|p2a: Araquanid|Infestation|p1a: Chansey\n|-damage|p1a: Chansey|99\/100\n|-activate|p1a: Chansey|move: Infestation|[of] p2a: Araquanid\n|\n|-heal|p2a: Araquanid|97\/100 psn|[from] item: Leftovers\n|-damage|p2a: Araquanid|85\/100 psn|[from] psn\n|-damage|p1a: Chansey|86\/100|[from] move: Infestation|[partiallytrapped]\n|upkeep\n|turn|65\n|inactive|JoeyOwesMeMoney has 20 seconds left this turn.\n|\n|move|p2a: Araquanid|Toxic|p1a: Chansey\n|-status|p1a: Chansey|tox\n|move|p1a: Chansey|Stealth Rock|p2a: Araquanid\n|-sidestart|p2: KutusDaFaquinGod|move: Stealth Rock\n|\n|-heal|p2a: Araquanid|91\/100 psn|[from] item: Leftovers\n|-damage|p2a: Araquanid|78\/100 psn|[from] psn\n|-damage|p1a: Chansey|80\/100 tox|[from] psn\n|-damage|p1a: Chansey|68\/100 tox|[from] move: Infestation|[partiallytrapped]\n|upkeep\n|turn|66\n|inactive|JoeyOwesMeMoney has 30 seconds left this turn.\n|\n|move|p2a: Araquanid|Scald|p1a: Chansey\n|-damage|p1a: Chansey|58\/100 tox\n|move|p1a: Chansey|Seismic Toss|p2a: Araquanid\n|-damage|p2a: Araquanid|49\/100 psn\n|\n|-heal|p2a: Araquanid|55\/100 psn|[from] item: Leftovers\n|-damage|p2a: Araquanid|43\/100 psn|[from] psn\n|-damage|p1a: Chansey|46\/100 tox|[from] psn\n|-damage|p1a: Chansey|33\/100 tox|[from] move: Infestation|[partiallytrapped]\n|upkeep\n|turn|67\n|inactive|JoeyOwesMeMoney has 30 seconds left.\n|\n|move|p2a: Araquanid|Scald|p1a: Chansey\n|-damage|p1a: Chansey|23\/100 tox\n|move|p1a: Chansey|Soft-Boiled|p1a: Chansey\n|-heal|p1a: Chansey|73\/100 tox\n|\n|-heal|p2a: Araquanid|49\/100 psn|[from] item: Leftovers\n|-damage|p2a: Araquanid|37\/100 psn|[from] psn\n|-damage|p1a: Chansey|55\/100 tox|[from] psn\n|-damage|p1a: Chansey|42\/100 tox|[from] move: Infestation|[partiallytrapped]\n|upkeep\n|turn|68\n|inactive|JoeyOwesMeMoney has 30 seconds left.\n|\n|move|p2a: Araquanid|Scald|p1a: Chansey\n|-damage|p1a: Chansey|32\/100 tox\n|move|p1a: Chansey|Seismic Toss|p2a: Araquanid\n|-damage|p2a: Araquanid|7\/100 psn\n|\n|-heal|p2a: Araquanid|13\/100 psn|[from] item: Leftovers\n|-damage|p2a: Araquanid|1\/100 psn|[from] psn\n|-damage|p1a: Chansey|8\/100 tox|[from] psn\n|-damage|p1a: Chansey|0 fnt|[from] move: Infestation|[partiallytrapped]\n|faint|p1a: Chansey\n|upkeep\n|inactive|JoeyOwesMeMoney has 30 seconds left this turn.\n|inactive|JoeyOwesMeMoney has 20 seconds left.\n|\n|switch|p1a: Toxapex|Toxapex, F|100\/100 brn\n|-activate|p1a: Toxapex|move: Sticky Web\n|-unboost|p1a: Toxapex|spe|1\n|turn|69\n|inactive|JoeyOwesMeMoney has 30 seconds left this turn.\n|\n|move|p2a: Araquanid|Scald|p1a: Toxapex\n|-resisted|p1a: Toxapex\n|-damage|p1a: Toxapex|88\/100 brn\n|move|p1a: Toxapex|Scald|p2a: Araquanid\n|-resisted|p2a: Araquanid\n|-damage|p2a: Araquanid|0 fnt\n|faint|p2a: Araquanid\n|\n|-damage|p1a: Toxapex|82\/100 brn|[from] brn\n|upkeep\n|\n|switch|p2a: Kartana|Kartana|100\/100\n|-damage|p2a: Kartana|94\/100|[from] Stealth Rock\n|turn|70\n|\n|move|p2a: Kartana|Psycho Cut|p1a: Toxapex\n|-supereffective|p1a: Toxapex\n|-damage|p1a: Toxapex|45\/100 brn\n|move|p1a: Toxapex|Scald|p2a: Kartana\n|-resisted|p2a: Kartana\n|-damage|p2a: Kartana|67\/100\n|-status|p2a: Kartana|brn\n|\n|-damage|p2a: Kartana|60\/100 brn|[from] brn\n|-damage|p1a: Toxapex|39\/100 brn|[from] brn\n|upkeep\n|turn|71\n|\n|move|p2a: Kartana|Psycho Cut|p1a: Toxapex\n|-supereffective|p1a: Toxapex\n|-damage|p1a: Toxapex|21\/100 brn\n|move|p1a: Toxapex|Recover|p1a: Toxapex\n|-heal|p1a: Toxapex|71\/100 brn\n|\n|-damage|p2a: Kartana|54\/100 brn|[from] brn\n|-damage|p1a: Toxapex|65\/100 brn|[from] brn\n|upkeep\n|turn|72\n|\n|move|p2a: Kartana|Psycho Cut|p1a: Toxapex\n|-supereffective|p1a: Toxapex\n|-damage|p1a: Toxapex|45\/100 brn\n|move|p1a: Toxapex|Recover|p1a: Toxapex\n|-heal|p1a: Toxapex|95\/100 brn\n|\n|-damage|p2a: Kartana|48\/100 brn|[from] brn\n|-damage|p1a: Toxapex|89\/100 brn|[from] brn\n|upkeep\n|turn|73\n|\n|move|p2a: Kartana|Psycho Cut|p1a: Toxapex\n|-supereffective|p1a: Toxapex\n|-damage|p1a: Toxapex|69\/100 brn\n|move|p1a: Toxapex|Scald|p2a: Kartana\n|-resisted|p2a: Kartana\n|-damage|p2a: Kartana|20\/100 brn\n|\n|-damage|p2a: Kartana|14\/100 brn|[from] brn\n|-damage|p1a: Toxapex|63\/100 brn|[from] brn\n|upkeep\n|turn|74\n|\n|move|p2a: Kartana|Psycho Cut|p1a: Toxapex\n|-supereffective|p1a: Toxapex\n|-damage|p1a: Toxapex|42\/100 brn\n|move|p1a: Toxapex|Recover|p1a: Toxapex\n|-heal|p1a: Toxapex|92\/100 brn\n|\n|-damage|p2a: Kartana|8\/100 brn|[from] brn\n|-damage|p1a: Toxapex|86\/100 brn|[from] brn\n|upkeep\n|turn|75\n|inactive|JoeyOwesMeMoney has 60 seconds left.\n|inactive|JoeyOwesMeMoney has 30 seconds left.\n|\n|move|p2a: Kartana|Psycho Cut|p1a: Toxapex\n|-supereffective|p1a: Toxapex\n|-damage|p1a: Toxapex|67\/100 brn\n|move|p1a: Toxapex|Recover|p1a: Toxapex\n|-heal|p1a: Toxapex|100\/100 brn\n|\n|-damage|p2a: Kartana|2\/100 brn|[from] brn\n|-damage|p1a: Toxapex|95\/100 brn|[from] brn\n|upkeep\n|turn|76\n|inactive|JoeyOwesMeMoney has 30 seconds left.\n|c|\u2606KutusDaFaquinGod|It's funny for you?\n|inactive|JoeyOwesMeMoney has 20 seconds left.\n|inactive|JoeyOwesMeMoney has 15 seconds left.\n|inactive|JoeyOwesMeMoney has 10 seconds left.\n|\n|move|p2a: Kartana|Psycho Cut|p1a: Toxapex\n|-supereffective|p1a: Toxapex\n|-damage|p1a: Toxapex|73\/100 brn\n|move|p1a: Toxapex|Scald|p2a: Kartana\n|-resisted|p2a: Kartana\n|-damage|p2a: Kartana|0 fnt\n|faint|p2a: Kartana\n|\n|-damage|p1a: Toxapex|67\/100 brn|[from] brn\n|upkeep\n|inactive|JoeyOwesMeMoney has 15 seconds left this turn.\n|\n|switch|p2a: Gallade|Gallade-Mega, M|51\/100\n|-status|p2a: Gallade|psn\n|-damage|p2a: Gallade|45\/100 psn|[from] Stealth Rock\n|turn|77\n|inactive|JoeyOwesMeMoney has 25 seconds left this turn.\n|inactive|JoeyOwesMeMoney has 20 seconds left.\n|\n|move|p2a: Gallade|Zen Headbutt|p1a: Toxapex\n|-supereffective|p1a: Toxapex\n|-damage|p1a: Toxapex|4\/100 brn\n|move|p1a: Toxapex|Recover|p1a: Toxapex\n|-heal|p1a: Toxapex|54\/100 brn\n|\n|-damage|p2a: Gallade|33\/100 psn|[from] psn\n|-damage|p1a: Toxapex|48\/100 brn|[from] brn\n|upkeep\n|turn|78\n|inactive|JoeyOwesMeMoney has 30 seconds left this turn.\n|inactive|JoeyOwesMeMoney has 20 seconds left.\n|inactive|JoeyOwesMeMoney has 15 seconds left.\n|inactive|JoeyOwesMeMoney has 10 seconds left.\n|c|\u2606KutusDaFaquinGod|Yeah yeah yeah yeah yeah\n|c|\u2606KutusDaFaquinGod|XD\n|inactive|JoeyOwesMeMoney has 5 seconds left.\n|c|\u2606KutusDaFaquinGod|De\n|c|\u2606KutusDaFaquinGod|XD\n|c|\u2606KutusDaFaquinGod|XD\n|-message|JoeyOwesMeMoney lost due to inactivity.\n|\n|win|KutusDaFaquinGod\n|c|\u2606KutusDaFaquinGod|XD\n|raw|JoeyOwesMeMoney's rating: 1702 &rarr; <strong>1681<\/strong><br \/>(-21 for losing)\n|raw|KutusDaFaquinGod's rating: 1695 &rarr; <strong>1716<\/strong><br \/>(+21 for winning)\n","uploadtime":1574129558,"views":8,"p1id":"joeyowesmemoney","p2id":"kutusdafaquingod","formatid":"gen7ou","rating":1681,"private":0,"password":null}