{"id":"gen7ou-1675630205","p1":"zibuyu","p2":"Pok et Glace","format":"gen7ou","log":"|j|\u2606zibuyu\n|j|\u2606Pok et Glace\n|t:|1664704173\n|gametype|singles\n|player|p1|zibuyu|giovanni|1637\n|player|p2|Pok et Glace|cynthia-masters|1834\n|teamsize|p1|6\n|teamsize|p2|6\n|gen|7\n|tier|[Gen 7] OU\n|rated|\n|rule|Sleep Clause Mod: Limit one foe put to sleep\n|rule|Species Clause: Limit one of each Pok\u00e9mon\n|rule|OHKO Clause: OHKO moves are banned\n|rule|Moody Clause: Moody is banned\n|rule|Evasion Items Clause: Evasion items are banned\n|rule|Evasion Moves Clause: Evasion moves are banned\n|rule|Endless Battle Clause: Forcing endless battles is banned\n|rule|HP Percentage Mod: HP is shown in percentages\n|clearpoke\n|poke|p1|Garchomp, M|item\n|poke|p1|Magnezone|item\n|poke|p1|Tapu Lele|item\n|poke|p1|Zapdos|item\n|poke|p1|Tapu Fini|item\n|poke|p1|Beedrill, M|item\n|poke|p2|Landorus-Therian, M|item\n|poke|p2|Ferrothorn, M|item\n|poke|p2|Blacephalon|item\n|poke|p2|Tapu Fini|item\n|poke|p2|Lopunny, M|item\n|poke|p2|Porygon-Z|item\n|teampreview\n|c|\u2606Pok et Glace|hf\n|c|\u2606zibuyu|glhf\n|c|\u2606Pok et Glace|i think i go #1 if i win this\n|\n|t:|1664704214\n|start\n|switch|p1a: Tapu Lele|Tapu Lele|100\/100\n|switch|p2a: Enten|Landorus-Therian, M, shiny|100\/100\n|-fieldstart|move: Psychic Terrain|[from] ability: Psychic Surge|[of] p1a: Tapu Lele\n|-ability|p2a: Enten|Intimidate|boost\n|-unboost|p1a: Tapu Lele|atk|1\n|turn|1\n|\n|t:|1664704221\n|switch|p2a: Temple|Ferrothorn, M|100\/100\n|move|p1a: Tapu Lele|Psychic|p2a: Temple\n|-resisted|p2a: Temple\n|-damage|p2a: Temple|75\/100\n|\n|upkeep\n|turn|2\n|j| ColonSpaceD\n|\n|t:|1664704262\n|move|p1a: Tapu Lele|Focus Blast|p2a: Temple\n|-supereffective|p2a: Temple\n|-damage|p2a: Temple|21\/100\n|move|p2a: Temple|Leech Seed|p1a: Tapu Lele\n|-start|p1a: Tapu Lele|move: Leech Seed\n|\n|-damage|p1a: Tapu Lele|88\/100|[from] Leech Seed|[of] p2a: Temple\n|-heal|p2a: Temple|31\/100|[silent]\n|upkeep\n|turn|3\n|\n|t:|1664704278\n|switch|p1a: UFO|Magnezone|100\/100\n|switch|p2a: Calamity|Tapu Fini|100\/100\n|-fieldstart|move: Misty Terrain|[from] ability: Misty Surge|[of] p2a: Calamity\n|\n|upkeep\n|turn|4\n|\n|t:|1664704289\n|switch|p2a: Enten|Landorus-Therian, M, shiny|100\/100\n|-ability|p2a: Enten|Intimidate|boost\n|-unboost|p1a: UFO|atk|1\n|move|p1a: UFO|Substitute|p1a: UFO\n|-start|p1a: UFO|Substitute\n|-damage|p1a: UFO|76\/100\n|\n|upkeep\n|turn|5\n|\n|t:|1664704295\n|move|p2a: Enten|Earthquake|p1a: UFO\n|-supereffective|p1a: UFO\n|-end|p1a: UFO|Substitute\n|-zpower|p1a: UFO\n|move|p1a: UFO|Breakneck Blitz|p2a: Enten|[zeffect]\n|-damage|p2a: Enten|30\/100\n|\n|-heal|p2a: Enten|36\/100|[from] item: Leftovers\n|upkeep\n|turn|6\n|\n|t:|1664704297\n|switch|p1a: Zapdos|Zapdos|100\/100\n|move|p2a: Enten|Stealth Rock|p1a: Zapdos\n|-sidestart|p1: zibuyu|move: Stealth Rock\n|\n|-heal|p2a: Enten|42\/100|[from] item: Leftovers\n|upkeep\n|turn|7\n|\n|t:|1664704301\n|switch|p2a: Hyperspace|Blacephalon|100\/100\n|move|p1a: Zapdos|Hidden Power|p2a: Hyperspace\n|-resisted|p2a: Hyperspace\n|-damage|p2a: Hyperspace|88\/100\n|\n|-fieldend|Misty Terrain\n|upkeep\n|turn|8\n|\n|t:|1664704308\n|switch|p1a: Tapu Fini|Tapu Fini|100\/100\n|-damage|p1a: Tapu Fini|88\/100|[from] Stealth Rock\n|-fieldstart|move: Misty Terrain|[from] ability: Misty Surge|[of] p1a: Tapu Fini\n|move|p2a: Hyperspace|Overheat|p1a: Tapu Fini\n|-resisted|p1a: Tapu Fini\n|-damage|p1a: Tapu Fini|54\/100\n|-unboost|p2a: Hyperspace|spa|2\n|\n|-heal|p1a: Tapu Fini|60\/100|[from] item: Leftovers\n|upkeep\n|turn|9\n|\n|t:|1664704311\n|switch|p2a: Temple|Ferrothorn, M|31\/100\n|move|p1a: Tapu Fini|Defog|p2a: Temple\n|-unboost|p2a: Temple|evasion|1\n|-sideend|p1: zibuyu|Stealth Rock|[from] move: Defog|[of] p1a: Tapu Fini\n|\n|-heal|p1a: Tapu Fini|66\/100|[from] item: Leftovers\n|upkeep\n|turn|10\n|\n|t:|1664704320\n|switch|p2a: Hyperspace|Blacephalon|88\/100\n|move|p1a: Tapu Fini|Taunt|p2a: Hyperspace\n|-start|p2a: Hyperspace|move: Taunt\n|\n|-heal|p1a: Tapu Fini|72\/100|[from] item: Leftovers\n|upkeep\n|turn|11\n|\n|t:|1664704325\n|switch|p2a: Temple|Ferrothorn, M|31\/100\n|move|p1a: Tapu Fini|Whirlpool|p2a: Temple\n|-resisted|p2a: Temple\n|-crit|p2a: Temple\n|-damage|p2a: Temple|25\/100\n|-activate|p2a: Temple|move: Whirlpool|[of] p1a: Tapu Fini\n|\n|-heal|p1a: Tapu Fini|78\/100|[from] item: Leftovers\n|-damage|p2a: Temple|13\/100|[from] move: Whirlpool|[partiallytrapped]\n|upkeep\n|turn|12\n|\n|t:|1664704332\n|switch|p1a: UFO|Magnezone|76\/100\n|move|p2a: Temple|Power Whip|p1a: UFO|[miss]\n|-miss|p2a: Temple|p1a: UFO\n|\n|-end|p2a: Temple|Whirlpool|[partiallytrapped]|[silent]\n|-fieldend|Misty Terrain\n|upkeep\n|turn|13\n|\n|t:|1664704335\n|move|p1a: UFO|Substitute|p1a: UFO\n|-start|p1a: UFO|Substitute\n|-damage|p1a: UFO|51\/100\n|move|p2a: Temple|Spikes|p1a: UFO\n|-sidestart|p1: zibuyu|Spikes\n|\n|upkeep\n|turn|14\n|\n|t:|1664704340\n|switch|p2a: Calamity|Tapu Fini|100\/100\n|-fieldstart|move: Misty Terrain|[from] ability: Misty Surge|[of] p2a: Calamity\n|move|p1a: UFO|Hidden Power|p2a: Calamity\n|-resisted|p2a: Calamity\n|-damage|p2a: Calamity|92\/100\n|\n|-heal|p2a: Calamity|98\/100|[from] item: Leftovers\n|upkeep\n|turn|15\n|\n|t:|1664704343\n|move|p2a: Calamity|Surf|p1a: UFO\n|-end|p1a: UFO|Substitute\n|move|p1a: UFO|Thunderbolt|p2a: Calamity\n|-supereffective|p2a: Calamity\n|-damage|p2a: Calamity|20\/100\n|\n|-heal|p2a: Calamity|26\/100|[from] item: Leftovers\n|upkeep\n|turn|16\n|\n|t:|1664704351\n|switch|p2a: Temple|Ferrothorn, M|13\/100\n|move|p1a: UFO|Substitute|p1a: UFO\n|-start|p1a: UFO|Substitute\n|-damage|p1a: UFO|26\/100\n|\n|upkeep\n|turn|17\n|\n|t:|1664704356\n|move|p1a: UFO|Hidden Power|p2a: Temple\n|-supereffective|p2a: Temple\n|-damage|p2a: Temple|0 fnt\n|faint|p2a: Temple\n|\n|upkeep\n|\n|t:|1664704358\n|switch|p2a: Enten|Landorus-Therian, M, shiny|42\/100\n|-ability|p2a: Enten|Intimidate|boost\n|-immune|p1a: UFO\n|turn|18\n|\n|t:|1664704365\n|move|p2a: Enten|Stealth Rock|p1a: UFO\n|-sidestart|p1: zibuyu|move: Stealth Rock\n|move|p1a: UFO|Hidden Power|p2a: Enten\n|-damage|p2a: Enten|21\/100\n|\n|-heal|p2a: Enten|27\/100|[from] item: Leftovers\n|-fieldend|Misty Terrain\n|upkeep\n|turn|19\n|\n|t:|1664704372\n|move|p2a: Enten|Earthquake|p1a: UFO\n|-supereffective|p1a: UFO\n|-end|p1a: UFO|Substitute\n|move|p1a: UFO|Hidden Power|p2a: Enten\n|-damage|p2a: Enten|7\/100\n|\n|-heal|p2a: Enten|13\/100|[from] item: Leftovers\n|upkeep\n|turn|20\n|\n|t:|1664704391\n|move|p2a: Enten|Rock Slide|p1a: UFO\n|-resisted|p1a: UFO\n|-damage|p1a: UFO|15\/100\n|move|p1a: UFO|Hidden Power|p2a: Enten\n|-damage|p2a: Enten|0 fnt\n|faint|p2a: Enten\n|\n|upkeep\n|\n|t:|1664704395\n|switch|p2a: Porygon-Z|Porygon-Z|100\/100\n|turn|21\n|\n|t:|1664704400\n|-zpower|p2a: Porygon-Z\n|move|p2a: Porygon-Z|Z-Conversion|p2a: Porygon-Z|[anim]Conversion\n|-boost|p2a: Porygon-Z|atk|1|[zeffect]\n|-boost|p2a: Porygon-Z|def|1|[zeffect]\n|-boost|p2a: Porygon-Z|spa|1|[zeffect]\n|-boost|p2a: Porygon-Z|spd|1|[zeffect]\n|-boost|p2a: Porygon-Z|spe|1|[zeffect]\n|-start|p2a: Porygon-Z|typechange|Electric\n|move|p1a: UFO|Thunderbolt|p2a: Porygon-Z\n|-resisted|p2a: Porygon-Z\n|-damage|p2a: Porygon-Z|75\/100\n|\n|upkeep\n|turn|22\n|\n|t:|1664704411\n|move|p2a: Porygon-Z|Thunderbolt|p1a: UFO\n|-resisted|p1a: UFO\n|-damage|p1a: UFO|0 fnt\n|faint|p1a: UFO\n|\n|upkeep\n|\n|t:|1664704417\n|switch|p1a: \u591a\u62c9\u8d21\u8361\u6b7b\uff01|Garchomp, M|100\/100\n|-damage|p1a: \u591a\u62c9\u8d21\u8361\u6b7b\uff01|88\/100|[from] Spikes\n|-damage|p1a: \u591a\u62c9\u8d21\u8361\u6b7b\uff01|82\/100|[from] Stealth Rock\n|turn|23\n|\n|t:|1664704422\n|move|p1a: \u591a\u62c9\u8d21\u8361\u6b7b\uff01|Earthquake|p2a: Porygon-Z\n|-supereffective|p2a: Porygon-Z\n|-damage|p2a: Porygon-Z|0 fnt\n|faint|p2a: Porygon-Z\n|\n|upkeep\n|\n|t:|1664704425\n|switch|p2a: Genesis|Lopunny, M, shiny|100\/100\n|turn|24\n|\n|t:|1664704435\n|switch|p1a: Zapdos|Zapdos|100\/100\n|-damage|p1a: Zapdos|76\/100|[from] Stealth Rock\n|detailschange|p2a: Genesis|Lopunny-Mega, M, shiny\n|-mega|p2a: Genesis|Lopunny|Lopunnite\n|move|p2a: Genesis|Frustration|p1a: Zapdos\n|-damage|p1a: Zapdos|39\/100\n|-damage|p2a: Genesis|84\/100|[from] item: Rocky Helmet|[of] p1a: Zapdos\n|\n|upkeep\n|turn|25\n|\n|t:|1664704439\n|switch|p2a: Hyperspace|Blacephalon|88\/100\n|move|p1a: Zapdos|Defog|p2a: Hyperspace\n|-unboost|p2a: Hyperspace|evasion|1\n|-sideend|p1: zibuyu|Spikes|[from] move: Defog|[of] p1a: Zapdos\n|-sideend|p1: zibuyu|Stealth Rock|[from] move: Defog|[of] p1a: Zapdos\n|\n|upkeep\n|turn|26\n|\n|t:|1664704442\n|switch|p1a: Tapu Fini|Tapu Fini|78\/100\n|-fieldstart|move: Misty Terrain|[from] ability: Misty Surge|[of] p1a: Tapu Fini\n|move|p2a: Hyperspace|Shadow Ball|p1a: Tapu Fini\n|-damage|p1a: Tapu Fini|35\/100\n|\n|-heal|p1a: Tapu Fini|41\/100|[from] item: Leftovers\n|upkeep\n|turn|27\n|\n|t:|1664704446\n|move|p2a: Hyperspace|Shadow Ball|p1a: Tapu Fini\n|-damage|p1a: Tapu Fini|0 fnt\n|faint|p1a: Tapu Fini\n|-ability|p2a: Hyperspace|Beast Boost|boost\n|-boost|p2a: Hyperspace|spa|1\n|\n|upkeep\n|\n|t:|1664704448\n|switch|p1a: \u591a\u62c9\u8d21\u8361\u6b7b\uff01|Garchomp, M|82\/100\n|turn|28\n|c|\u2606Pok et Glace|fuck\n|-message|Pok et Glace forfeited.\n|\n|win|zibuyu\n|raw|zibuyu's rating: 1637 &rarr; <strong>1667<\/strong><br \/>(+30 for winning)\n|raw|Pok et Glace's rating: 1834 &rarr; <strong>1804<\/strong><br \/>(-30 for losing)\n|l|\u2606Pok et Glace\n","uploadtime":1664704534,"views":22,"p1id":"zibuyu","p2id":"poketglace","formatid":"gen7ou","rating":1667,"private":0,"password":null}