{"id":"gen7ou-775517242","p1":"JohanniterOrden","p2":"Therockcena","format":"gen7ou","log":"|j|\u2606JohanniterOrden\n|j|\u2606Therockcena\n|player|p1|JohanniterOrden|101\n|player|p2|Therockcena|170\n|teamsize|p1|6\n|teamsize|p2|6\n|gametype|singles\n|gen|7\n|tier|[Gen 7] OU\n|rated|\n|rule|Sleep Clause Mod: Limit one foe put to sleep\n|rule|Species Clause: Limit one of each Pok\u00e9mon\n|rule|OHKO Clause: OHKO moves are banned\n|rule|Moody Clause: Moody is banned\n|rule|Evasion Moves Clause: Evasion moves are banned\n|rule|Endless Battle Clause: Forcing endless battles is banned\n|rule|HP Percentage Mod: HP is shown in percentages\n|clearpoke\n|poke|p1|Tapu Fini|item\n|poke|p1|Ferrothorn, F|item\n|poke|p1|Lopunny, M|item\n|poke|p1|Zapdos|item\n|poke|p1|Volcarona, M|item\n|poke|p1|Landorus-Therian, M|item\n|poke|p2|Jolteon, L93, F|item\n|poke|p2|Mamoswine, M|item\n|poke|p2|Alakazam, F|item\n|poke|p2|Tapu Koko|item\n|poke|p2|Conkeldurr, F|item\n|poke|p2|Darmanitan, F|item\n|teampreview\n|\n|start\n|switch|p1a: Tapu Fini|Tapu Fini|100\/100\n|switch|p2a: Darmanitan|Darmanitan, F|100\/100\n|-fieldstart|move: Misty Terrain|[from] ability: Misty Surge|[of] p1a: Tapu Fini\n|turn|1\n|\n|switch|p2a: Tapu Koko|Tapu Koko|100\/100\n|-fieldstart|move: Electric Terrain|[from] ability: Electric Surge|[of] p2a: Tapu Koko\n|move|p1a: Tapu Fini|Nature's Madness|p2a: Tapu Koko\n|-damage|p2a: Tapu Koko|50\/100\n|\n|upkeep\n|turn|2\n|\n|switch|p1a: Ferrothorn|Ferrothorn, F|100\/100\n|move|p2a: Tapu Koko|Thunderbolt|p1a: Ferrothorn\n|-resisted|p1a: Ferrothorn\n|-damage|p1a: Ferrothorn|60\/100\n|-status|p1a: Ferrothorn|par\n|\n|upkeep\n|turn|3\n|\n|move|p2a: Tapu Koko|Thunderbolt|p1a: Ferrothorn\n|-resisted|p1a: Ferrothorn\n|-damage|p1a: Ferrothorn|22\/100 par\n|move|p1a: Ferrothorn|Stealth Rock|p2a: Tapu Koko\n|-sidestart|p2: Therockcena|move: Stealth Rock\n|\n|upkeep\n|turn|4\n|\n|switch|p1a: Landorus|Landorus-Therian, M|100\/100\n|-ability|p1a: Landorus|Intimidate|boost\n|-unboost|p2a: Tapu Koko|atk|1\n|move|p2a: Tapu Koko|Thunderbolt|p1a: Landorus\n|-immune|p1a: Landorus|[msg]\n|\n|upkeep\n|turn|5\n|\n|switch|p2a: Conkeldurr|Conkeldurr, F|100\/100\n|-damage|p2a: Conkeldurr|94\/100|[from] Stealth Rock\n|move|p1a: Landorus|Earthquake|p2a: Conkeldurr\n|-damage|p2a: Conkeldurr|45\/100\n|\n|-fieldend|move: Electric Terrain\n|upkeep\n|turn|6\n|\n|move|p1a: Landorus|Earthquake|p2a: Conkeldurr\n|-damage|p2a: Conkeldurr|0 fnt\n|faint|p2a: Conkeldurr\n|\n|upkeep\n|\n|switch|p2a: Mamoswine|Mamoswine, M|100\/100\n|-damage|p2a: Mamoswine|88\/100|[from] Stealth Rock\n|turn|7\n|\n|switch|p1a: Tapu Fini|Tapu Fini|100\/100\n|-fieldstart|move: Misty Terrain|[from] ability: Misty Surge|[of] p1a: Tapu Fini\n|move|p2a: Mamoswine|Ice Shard|p1a: Tapu Fini\n|-resisted|p1a: Tapu Fini\n|-damage|p1a: Tapu Fini|84\/100\n|\n|-heal|p1a: Tapu Fini|90\/100|[from] item: Leftovers\n|upkeep\n|turn|8\n|\n|switch|p2a: Jolteon|Jolteon, L93, F|100\/100\n|-damage|p2a: Jolteon|88\/100|[from] Stealth Rock\n|move|p1a: Tapu Fini|Taunt|p2a: Jolteon\n|-start|p2a: Jolteon|move: Taunt\n|\n|-heal|p1a: Tapu Fini|96\/100|[from] item: Leftovers\n|upkeep\n|turn|9\n|\n|switch|p1a: Ferrothorn|Ferrothorn, F|22\/100 par\n|move|p2a: Jolteon|Shadow Ball|p1a: Ferrothorn\n|-damage|p1a: Ferrothorn|0 fnt\n|faint|p1a: Ferrothorn\n|\n|upkeep\n|\n|switch|p1a: Landorus|Landorus-Therian, M|100\/100\n|-ability|p1a: Landorus|Intimidate|boost\n|-unboost|p2a: Jolteon|atk|1\n|turn|10\n|\n|move|p1a: Landorus|Earthquake|p2a: Jolteon\n|-supereffective|p2a: Jolteon\n|-damage|p2a: Jolteon|0 fnt\n|faint|p2a: Jolteon\n|\n|upkeep\n|c|\u2606JohanniterOrden|gg\n|\n|switch|p2a: Darmanitan|Darmanitan, F|100\/100\n|-damage|p2a: Darmanitan|76\/100|[from] Stealth Rock\n|turn|11\n|\n|switch|p1a: Tapu Fini|Tapu Fini|96\/100\n|move|p2a: Darmanitan|Flare Blitz|p1a: Tapu Fini\n|-resisted|p1a: Tapu Fini\n|-damage|p1a: Tapu Fini|48\/100\n|-damage|p2a: Darmanitan|60\/100|[from] Recoil\n|\n|-heal|p1a: Tapu Fini|55\/100|[from] item: Leftovers\n|-fieldend|Misty Terrain\n|upkeep\n|turn|12\n|\n|move|p2a: Darmanitan|Flare Blitz|p1a: Tapu Fini\n|-resisted|p1a: Tapu Fini\n|-damage|p1a: Tapu Fini|8\/100\n|-damage|p2a: Darmanitan|46\/100|[from] Recoil\n|move|p1a: Tapu Fini|Nature's Madness|p2a: Darmanitan|[miss]\n|-miss|p1a: Tapu Fini|p2a: Darmanitan\n|\n|-heal|p1a: Tapu Fini|14\/100|[from] item: Leftovers\n|upkeep\n|turn|13\n|\n|move|p2a: Darmanitan|Flare Blitz|p1a: Tapu Fini\n|-resisted|p1a: Tapu Fini\n|-damage|p1a: Tapu Fini|0 fnt\n|-damage|p2a: Darmanitan|41\/100|[from] Recoil\n|faint|p1a: Tapu Fini\n|\n|upkeep\n|\n|switch|p1a: Zapdos|Zapdos|100\/100\n|turn|14\n|\n|move|p1a: Zapdos|Discharge|p2a: Darmanitan\n|-damage|p2a: Darmanitan|0 fnt\n|faint|p2a: Darmanitan\n|\n|upkeep\n|\n|switch|p2a: Tapu Koko|Tapu Koko|50\/100\n|-damage|p2a: Tapu Koko|38\/100|[from] Stealth Rock\n|-fieldstart|move: Electric Terrain|[from] ability: Electric Surge|[of] p2a: Tapu Koko\n|turn|15\n|\n|move|p2a: Tapu Koko|Thunderbolt|p1a: Zapdos\n|-damage|p1a: Zapdos|9\/100\n|move|p1a: Zapdos|Heat Wave|p2a: Tapu Koko\n|-damage|p2a: Tapu Koko|0 fnt\n|faint|p2a: Tapu Koko\n|\n|-heal|p1a: Zapdos|15\/100|[from] item: Leftovers\n|upkeep\n|\n|switch|p2a: Mamoswine|Mamoswine, M|88\/100\n|-damage|p2a: Mamoswine|75\/100|[from] Stealth Rock\n|turn|16\n|\n|move|p2a: Mamoswine|Ice Shard|p1a: Zapdos\n|-supereffective|p1a: Zapdos\n|-damage|p1a: Zapdos|0 fnt\n|faint|p1a: Zapdos\n|\n|upkeep\n|\n|switch|p1a: Lopunny|Lopunny, M, shiny|100\/100\n|turn|17\n|\n|detailschange|p1a: Lopunny|Lopunny-Mega, M, shiny\n|-mega|p1a: Lopunny|Lopunny|Lopunnite\n|move|p2a: Mamoswine|Ice Shard|p1a: Lopunny\n|-damage|p1a: Lopunny|56\/100\n|move|p1a: Lopunny|High Jump Kick|p2a: Mamoswine\n|-supereffective|p2a: Mamoswine\n|-damage|p2a: Mamoswine|0 fnt\n|faint|p2a: Mamoswine\n|\n|upkeep\n|\n|switch|p2a: Alakazam|Alakazam, F|100\/100\n|turn|18\n|\n|detailschange|p2a: Alakazam|Alakazam-Mega, F\n|-mega|p2a: Alakazam|Alakazam|Alakazite\n|-ability|p2a: Alakazam|Scrappy|[from] ability: Trace|[of] p1a: Lopunny\n|move|p1a: Lopunny|Quick Attack|p2a: Alakazam\n|-damage|p2a: Alakazam|59\/100\n|move|p2a: Alakazam|Psychic|p1a: Lopunny\n|-supereffective|p1a: Lopunny\n|-damage|p1a: Lopunny|0 fnt\n|faint|p1a: Lopunny\n|\n|upkeep\n|\n|switch|p1a: Landorus|Landorus-Therian, M|100\/100\n|-ability|p1a: Landorus|Intimidate|boost\n|-unboost|p2a: Alakazam|atk|1\n|turn|19\n|inactive|Battle timer is ON: inactive players will automatically lose when time's up. (requested by JohanniterOrden)\n|l|\u2606Therockcena\n|inactive|Therockcena disconnected and has a minute to reconnect!\n|player|p2|\n|j|\u2606Therockcena\n|inactive|Therockcena reconnected and has 135 seconds left.\n|player|p2|Therockcena|170\n|c|\u2606JohanniterOrden|you need a mon against lando\n|\n|move|p1a: Landorus|Earthquake|p2a: Alakazam\n|-damage|p2a: Alakazam|0 fnt\n|faint|p2a: Alakazam\n|\n|win|JohanniterOrden\n|raw|JohanniterOrden's rating: 1081 &rarr; <strong>1109<\/strong><br \/>(+28 for winning)\n|raw|Therockcena's rating: 1088 &rarr; <strong>1064<\/strong><br \/>(-24 for losing)\n|l|\u2606Therockcena\n","inputlog":null,"uploadtime":1531534401,"views":4,"p1id":"johanniterorden","p2id":"therockcena","formatid":"gen7ou","rating":1064,"private":0,"password":null}