{"id":"gen7randombattle-956891721","p1":"Chaud74","p2":"yammms","format":"gen7randombattle","log":"|j|\u2606Chaud74\n|j|\u2606yammms\n|player|p1|Chaud74|101|1587\n|player|p2|yammms|1|1560\n|teamsize|p1|6\n|teamsize|p2|6\n|gametype|singles\n|gen|7\n|tier|[Gen 7] Random Battle\n|rated|\n|rule|Sleep Clause Mod: Limit one foe put to sleep\n|rule|HP Percentage Mod: HP is shown in percentages\n|\n|start\n|switch|p1a: Archeops|Archeops, L87, F|271\/271\n|switch|p2a: Archeops|Archeops, L87, M|271\/271\n|turn|1\n|\n|switch|p1a: Golurk|Golurk, L88|300\/300\n|move|p2a: Archeops|Head Smash|p1a: Golurk\n|-resisted|p1a: Golurk\n|-damage|p1a: Golurk|156\/300\n|-damage|p2a: Archeops|199\/271|[from] Recoil\n|-damage|p2a: Archeops|172\/271|[from] item: Life Orb\n|\n|upkeep\n|turn|2\n|\n|move|p2a: Archeops|Aqua Tail|p1a: Golurk\n|-supereffective|p1a: Golurk\n|-damage|p1a: Golurk|0 fnt\n|-damage|p2a: Archeops|145\/271|[from] item: Life Orb\n|faint|p1a: Golurk\n|\n|upkeep\n|\n|switch|p1a: Archeops|Archeops, L87, F|271\/271\n|turn|3\n|\n|move|p2a: Archeops|Aqua Tail|p1a: Archeops\n|-supereffective|p1a: Archeops\n|-damage|p1a: Archeops|8\/271\n|-damage|p2a: Archeops|118\/271|[from] item: Life Orb\n|move|p1a: Archeops|Head Smash|p2a: Archeops\n|-supereffective|p2a: Archeops\n|-damage|p2a: Archeops|0 fnt\n|-damage|p1a: Archeops|0 fnt|[from] Recoil\n|faint|p2a: Archeops\n|faint|p1a: Archeops\n|\n|upkeep\n|inactive|Battle timer is ON: inactive players will automatically lose when time's up. (requested by Chaud74)\n|\n|switch|p1a: Heracross|Heracross, L81, F|262\/262\n|switch|p2a: Infernape|Infernape, L82, F|259\/259\n|turn|4\n|\n|switch|p1a: Vaporeon|Vaporeon, L86, F|364\/364\n|move|p2a: Infernape|U-turn|p1a: Vaporeon\n|-damage|p1a: Vaporeon|298\/364\n|\n|switch|p2a: Toxicroak|Toxicroak, L84, M|277\/277\n|\n|-heal|p1a: Vaporeon|320\/364|[from] item: Leftovers\n|upkeep\n|turn|5\n|\n|move|p2a: Toxicroak|Swords Dance|p2a: Toxicroak\n|-boost|p2a: Toxicroak|atk|2\n|move|p1a: Vaporeon|Roar|p2a: Toxicroak\n|drag|p2a: Meowstic|Meowstic-F, L89, F|277\/277\n|\n|-heal|p1a: Vaporeon|342\/364|[from] item: Leftovers\n|upkeep\n|turn|6\n|\n|switch|p1a: Cloyster|Cloyster, L84, M|221\/221\n|move|p2a: Meowstic|Energy Ball|p1a: Cloyster\n|-supereffective|p1a: Cloyster\n|-damage|p1a: Cloyster|0 fnt\n|-damage|p2a: Meowstic|250\/277|[from] item: Life Orb\n|faint|p1a: Cloyster\n|\n|upkeep\n|\n|switch|p1a: Heracross|Heracross, L81, F|262\/262\n|turn|7\n|\n|detailschange|p1a: Heracross|Heracross-Mega, L81, F\n|-mega|p1a: Heracross|Heracross|Heracronite\n|move|p2a: Meowstic|Psychic|p1a: Heracross\n|-supereffective|p1a: Heracross\n|-damage|p1a: Heracross|28\/262\n|-damage|p2a: Meowstic|223\/277|[from] item: Life Orb\n|move|p1a: Heracross|Pin Missile|p2a: Meowstic\n|-supereffective|p2a: Meowstic\n|-damage|p2a: Meowstic|133\/277\n|-supereffective|p2a: Meowstic\n|-damage|p2a: Meowstic|47\/277\n|-supereffective|p2a: Meowstic\n|-damage|p2a: Meowstic|0 fnt\n|-hitcount|p2a: Meowstic|3\n|faint|p2a: Meowstic\n|\n|upkeep\n|-message|Chaud74 forfeited.\n|\n|win|yammms\n|l|\u2606Chaud74\n|raw|Chaud74's rating: 1587 &rarr; <strong>1566<\/strong><br \/>(-21 for losing)\n|raw|yammms's rating: 1561 &rarr; <strong>1582<\/strong><br \/>(+21 for winning)\n|l|\u2606yammms\n|j|\u2606yammms\n|player|p2|yammms|1\n","inputlog":">version 83bb9a3180624ee6ff507779fc1102035113cddd\n>start {\"formatid\":\"gen7randombattle\",\"seed\":[54500,25618,28531,49372],\"rated\":\"Rated battle\"}\n>player p1 {\"name\":\"Chaud74\",\"avatar\":\"101\",\"team\":\"\",\"rating\":1587,\"seed\":[37471,30507,48239,44983]}\n>player p2 {\"name\":\"yammms\",\"avatar\":\"1\",\"team\":\"\",\"rating\":1560,\"seed\":[41015,14416,61774,2862]}\n>p1 switch 4\n>p2 move headsmash\n>p1 move icepunch\n>p2 move aquatail\n>p1 switch 4\n>p1 move headsmash\n>p2 move aquatail\n>p1 switch 2\n>p2 switch 5\n>p1 switch 6\n>p2 move uturn\n>p2 switch 3\n>p1 move roar\n>p2 move swordsdance\n>p1 switch 5\n>p2 move energyball\n>p1 switch 6\n>p1 move pinmissile mega\n>p2 move psychic","uploadtime":1565212257,"views":4,"p1id":"chaud74","p2id":"yammms","formatid":"gen7randombattle","rating":1566,"private":0,"password":null}