{"id":"gen7randombattle-1578766932","p1":"Mad_skilz3","p2":"firepunch917","format":"gen7randombattle","log":"|j|\u2606Mad_skilz3\n|j|\u2606firepunch917\n|t:|1653019344\n|gametype|singles\n|player|p1|Mad_skilz3|265|1814\n|player|p2|firepunch917|101|1813\n|teamsize|p1|6\n|teamsize|p2|6\n|gen|7\n|tier|[Gen 7] Random Battle\n|rated|\n|rule|Sleep Clause Mod: Limit one foe put to sleep\n|rule|HP Percentage Mod: HP is shown in percentages\n|\n|t:|1653019344\n|start\n|switch|p1a: Hitmontop|Hitmontop, L86, M|226\/226\n|switch|p2a: Zapdos|Zapdos, L80|275\/275\n|-ability|p1a: Hitmontop|Intimidate|boost\n|-unboost|p2a: Zapdos|atk|1\n|turn|1\n|inactive|Battle timer is ON: inactive players will automatically lose when time's up. (requested by Mad_skilz3)\n|\n|t:|1653019349\n|switch|p1a: Blissey|Blissey, L82, F|552\/552\n|move|p2a: Zapdos|Toxic|p1a: Blissey\n|-status|p1a: Blissey|tox\n|\n|-damage|p1a: Blissey|518\/552 tox|[from] psn\n|upkeep\n|turn|2\n|\n|t:|1653019362\n|switch|p2a: Hitmontop|Hitmontop, L86, M|226\/226\n|-ability|p2a: Hitmontop|Intimidate|boost\n|-unboost|p1a: Blissey|atk|1\n|-curestatus|p1a: Blissey|tox|[from] ability: Natural Cure\n|switch|p1a: Hitmontop|Hitmontop, L86, M|226\/226\n|-ability|p1a: Hitmontop|Intimidate|boost\n|-unboost|p2a: Hitmontop|atk|1\n|\n|upkeep\n|turn|3\n|\n|t:|1653019366\n|switch|p2a: Zapdos|Zapdos, L80|275\/275\n|move|p1a: Hitmontop|Toxic|p2a: Zapdos|[miss]\n|-miss|p1a: Hitmontop|p2a: Zapdos\n|\n|upkeep\n|turn|4\n|\n|t:|1653019372\n|switch|p1a: Blissey|Blissey, L82, F|518\/552\n|move|p2a: Zapdos|Discharge|p1a: Blissey\n|-damage|p1a: Blissey|451\/552\n|\n|-heal|p1a: Blissey|485\/552|[from] item: Leftovers\n|upkeep\n|turn|5\n|\n|t:|1653019378\n|switch|p2a: Hitmontop|Hitmontop, L86, M|226\/226\n|-ability|p2a: Hitmontop|Intimidate|boost\n|-unboost|p1a: Blissey|atk|1\n|move|p1a: Blissey|Toxic|p2a: Hitmontop\n|-status|p2a: Hitmontop|tox\n|\n|-heal|p1a: Blissey|519\/552|[from] item: Leftovers\n|-damage|p2a: Hitmontop|212\/226 tox|[from] psn\n|upkeep\n|turn|6\n|\n|t:|1653019396\n|move|p1a: Blissey|Protect|p1a: Blissey\n|-singleturn|p1a: Blissey|Protect\n|move|p2a: Hitmontop|Toxic|p1a: Blissey\n|-activate|p1a: Blissey|move: Protect\n|\n|-heal|p2a: Hitmontop|226\/226 tox|[from] item: Leftovers\n|-heal|p1a: Blissey|552\/552|[from] item: Leftovers\n|-damage|p2a: Hitmontop|198\/226 tox|[from] psn\n|upkeep\n|turn|7\n|\n|t:|1653019401\n|switch|p1a: Hitmontop|Hitmontop, L86, M|226\/226\n|-ability|p1a: Hitmontop|Intimidate|boost\n|-unboost|p2a: Hitmontop|atk|1\n|move|p2a: Hitmontop|Close Combat|p1a: Hitmontop\n|-damage|p1a: Hitmontop|138\/226\n|-unboost|p2a: Hitmontop|def|1\n|-unboost|p2a: Hitmontop|spd|1\n|\n|-heal|p2a: Hitmontop|212\/226 tox|[from] item: Leftovers\n|-heal|p1a: Hitmontop|152\/226|[from] item: Leftovers\n|-damage|p2a: Hitmontop|170\/226 tox|[from] psn\n|upkeep\n|turn|8\n|\n|t:|1653019405\n|switch|p2a: Noctowl|Noctowl, L88, M|319\/319\n|move|p1a: Hitmontop|Stone Edge|p2a: Noctowl\n|-supereffective|p2a: Noctowl\n|-damage|p2a: Noctowl|115\/319\n|\n|-heal|p1a: Hitmontop|166\/226|[from] item: Leftovers\n|upkeep\n|turn|9\n|\n|t:|1653019410\n|move|p2a: Noctowl|Roost|p2a: Noctowl\n|-heal|p2a: Noctowl|275\/319\n|-singleturn|p2a: Noctowl|move: Roost\n|move|p1a: Hitmontop|Close Combat|p2a: Noctowl\n|-supereffective|p2a: Noctowl\n|-damage|p2a: Noctowl|0 fnt\n|-unboost|p1a: Hitmontop|def|1\n|-unboost|p1a: Hitmontop|spd|1\n|faint|p2a: Noctowl\n|\n|-heal|p1a: Hitmontop|180\/226|[from] item: Leftovers\n|upkeep\n|\n|t:|1653019413\n|switch|p2a: Lopunny|Lopunny, L80, M|235\/235\n|turn|10\n|\n|t:|1653019425\n|detailschange|p2a: Lopunny|Lopunny-Mega, L80, M\n|-mega|p2a: Lopunny|Lopunny|Lopunnite\n|move|p2a: Lopunny|Substitute|p2a: Lopunny\n|-start|p2a: Lopunny|Substitute\n|-damage|p2a: Lopunny|177\/235\n|move|p1a: Hitmontop|Close Combat|p2a: Lopunny\n|-supereffective|p2a: Lopunny\n|-end|p2a: Lopunny|Substitute\n|-unboost|p1a: Hitmontop|def|1\n|-unboost|p1a: Hitmontop|spd|1\n|\n|-heal|p1a: Hitmontop|194\/226|[from] item: Leftovers\n|upkeep\n|turn|11\n|\n|t:|1653019429\n|switch|p1a: Lugia|Lugia, L76|286\/286\n|move|p2a: Lopunny|High Jump Kick|p1a: Lugia\n|-resisted|p1a: Lugia\n|-damage|p1a: Lugia|268\/286\n|\n|-heal|p1a: Lugia|285\/286|[from] item: Leftovers\n|upkeep\n|turn|12\n|\n|t:|1653019434\n|switch|p2a: Zapdos|Zapdos, L80|275\/275\n|move|p1a: Lugia|Toxic|p2a: Zapdos|[miss]\n|-miss|p1a: Lugia|p2a: Zapdos\n|\n|-heal|p1a: Lugia|286\/286|[from] item: Leftovers\n|upkeep\n|turn|13\n|\n|t:|1653019439\n|move|p1a: Lugia|Toxic|p2a: Zapdos\n|-status|p2a: Zapdos|tox\n|move|p2a: Zapdos|Toxic|p1a: Lugia\n|-status|p1a: Lugia|tox\n|\n|-damage|p1a: Lugia|269\/286 tox|[from] psn\n|-damage|p2a: Zapdos|258\/275 tox|[from] psn\n|upkeep\n|turn|14\n|c|\u2606Mad_skilz3|Cheee\n|\n|t:|1653019446\n|switch|p1a: Blissey|Blissey, L82, F|552\/552\n|move|p2a: Zapdos|Discharge|p1a: Blissey\n|-damage|p1a: Blissey|485\/552\n|\n|-heal|p2a: Zapdos|275\/275 tox|[from] item: Leftovers\n|-heal|p1a: Blissey|519\/552|[from] item: Leftovers\n|-damage|p2a: Zapdos|241\/275 tox|[from] psn\n|upkeep\n|turn|15\n|\n|t:|1653019453\n|switch|p2a: Hitmontop|Hitmontop, L86, M|170\/226 tox\n|-ability|p2a: Hitmontop|Intimidate|boost\n|-unboost|p1a: Blissey|atk|1\n|move|p1a: Blissey|Seismic Toss|p2a: Hitmontop\n|-damage|p2a: Hitmontop|88\/226 tox\n|\n|-heal|p2a: Hitmontop|102\/226 tox|[from] item: Leftovers\n|-heal|p1a: Blissey|552\/552|[from] item: Leftovers\n|-damage|p2a: Hitmontop|88\/226 tox|[from] psn\n|upkeep\n|turn|16\n|\n|t:|1653019469\n|move|p1a: Blissey|Protect|p1a: Blissey\n|-singleturn|p1a: Blissey|Protect\n|move|p2a: Hitmontop|Close Combat|p1a: Blissey\n|-activate|p1a: Blissey|move: Protect\n|\n|-heal|p2a: Hitmontop|102\/226 tox|[from] item: Leftovers\n|-damage|p2a: Hitmontop|74\/226 tox|[from] psn\n|upkeep\n|turn|17\n|\n|t:|1653019474\n|switch|p1a: Hitmontop|Hitmontop, L86, M|194\/226\n|-ability|p1a: Hitmontop|Intimidate|boost\n|-unboost|p2a: Hitmontop|atk|1\n|move|p2a: Hitmontop|Toxic|p1a: Hitmontop\n|-status|p1a: Hitmontop|tox\n|\n|-heal|p1a: Hitmontop|208\/226 tox|[from] item: Leftovers\n|-heal|p2a: Hitmontop|88\/226 tox|[from] item: Leftovers\n|-damage|p2a: Hitmontop|46\/226 tox|[from] psn\n|-damage|p1a: Hitmontop|194\/226 tox|[from] psn\n|upkeep\n|turn|18\n|\n|t:|1653019482\n|switch|p2a: Jellicent|Jellicent, L88, M|319\/319\n|move|p1a: Hitmontop|Close Combat|p2a: Jellicent\n|-immune|p2a: Jellicent\n|\n|-heal|p1a: Hitmontop|208\/226 tox|[from] item: Leftovers\n|-damage|p1a: Hitmontop|180\/226 tox|[from] psn\n|upkeep\n|turn|19\n|\n|t:|1653019501\n|move|p1a: Hitmontop|Toxic|p2a: Jellicent\n|-status|p2a: Jellicent|tox\n|move|p2a: Jellicent|Shadow Ball|p1a: Hitmontop\n|-damage|p1a: Hitmontop|105\/226 tox\n|-unboost|p1a: Hitmontop|spd|1\n|\n|-heal|p1a: Hitmontop|119\/226 tox|[from] item: Leftovers\n|-damage|p1a: Hitmontop|77\/226 tox|[from] psn\n|-damage|p2a: Jellicent|300\/319 tox|[from] psn\n|upkeep\n|turn|20\n|\n|t:|1653019505\n|switch|p1a: Blissey|Blissey, L82, F|552\/552\n|move|p2a: Jellicent|Scald|p1a: Blissey\n|-damage|p1a: Blissey|491\/552\n|-status|p1a: Blissey|brn\n|\n|-heal|p2a: Jellicent|319\/319 tox|[from] item: Leftovers\n|-heal|p1a: Blissey|525\/552 brn|[from] item: Leftovers\n|-damage|p2a: Jellicent|281\/319 tox|[from] psn\n|-damage|p1a: Blissey|491\/552 brn|[from] brn\n|upkeep\n|turn|21\n|\n|t:|1653019511\n|switch|p2a: Hitmontop|Hitmontop, L86, M|46\/226 tox\n|-ability|p2a: Hitmontop|Intimidate|boost\n|-unboost|p1a: Blissey|atk|1\n|move|p1a: Blissey|Seismic Toss|p2a: Hitmontop\n|-damage|p2a: Hitmontop|0 fnt\n|faint|p2a: Hitmontop\n|\n|-heal|p1a: Blissey|525\/552 brn|[from] item: Leftovers\n|-damage|p1a: Blissey|491\/552 brn|[from] brn\n|upkeep\n|\n|t:|1653019513\n|switch|p2a: Lopunny|Lopunny-Mega, L80, M|177\/235\n|turn|22\n|\n|t:|1653019516\n|-curestatus|p1a: Blissey|brn|[from] ability: Natural Cure\n|switch|p1a: Hitmontop|Hitmontop, L86, M|77\/226 tox\n|-ability|p1a: Hitmontop|Intimidate|boost\n|-unboost|p2a: Lopunny|atk|1\n|move|p2a: Lopunny|Return|p1a: Hitmontop\n|-damage|p1a: Hitmontop|0 fnt\n|faint|p1a: Hitmontop\n|\n|upkeep\n|-message|firepunch917 forfeited.\n|\n|win|Mad_skilz3\n|raw|Mad_skilz3's rating: 1814 &rarr; <strong>1834<\/strong><br \/>(+20 for winning)\n|raw|firepunch917's rating: 1813 &rarr; <strong>1793<\/strong><br \/>(-20 for losing)\n|l|\u2606firepunch917\n","inputlog":">version 4c9e1ae78641d89b360ec25232a65a4f7033f808\n>start {\"formatid\":\"gen7randombattle\",\"seed\":[52010,52284,37974,13234],\"rated\":\"Rated battle\"}\n>player p1 {\"name\":\"Mad_skilz3\",\"avatar\":\"265\",\"rating\":1814,\"seed\":[60491,36988,40310,28253]}\n>player p2 {\"name\":\"firepunch917\",\"avatar\":\"101\",\"rating\":1813,\"seed\":[57342,28790,58751,27580]}\n>p1 switch 2\n>p2 move toxic\n>p1 switch 2\n>p2 switch 3\n>p1 move toxic\n>p2 switch 3\n>p1 switch 2\n>p2 move discharge\n>p1 move toxic\n>p2 switch 3\n>p1 move protect\n>p2 move toxic\n>p1 switch 2\n>p2 move closecombat\n>p1 move stoneedge\n>p2 switch 6\n>p1 move closecombat\n>p2 move roost\n>p2 switch 5\n>p1 move closecombat\n>p2 move substitute mega\n>p1 switch 6\n>p2 move highjumpkick\n>p1 move toxic\n>p2 switch 3\n>p1 move toxic\n>p2 move toxic\n>chat \u2606Mad_skilz3|Cheee\n>p1 switch 2\n>p2 move discharge\n>p1 move seismictoss\n>p2 switch 6\n>p1 move protect\n>p2 move closecombat\n>p1 switch 6\n>p2 move toxic\n>p1 move closecombat\n>p2 switch 2\n>p1 move toxic\n>p2 move shadowball\n>p1 switch 6\n>p2 move scald\n>p1 move seismictoss\n>p2 switch 2\n>p2 switch 3\n>p1 switch 6\n>p2 move return\n>forcelose p2","uploadtime":1653019553,"views":5,"p1id":"madskilz3","p2id":"firepunch917","formatid":"gen7randombattle","rating":1793,"private":0,"password":null}