{"id":"gen7ou-1107046787","p1":"Moskito Cup","p2":"Grc111","format":"gen7ou","log":"|j|\u2606Moskito Cup\n|j|\u203dGrc111\n|player|p1|Moskito Cup|266|1900\n|player|p2|Grc111|265|1862\n|teamsize|p1|6\n|teamsize|p2|6\n|gametype|singles\n|gen|7\n|tier|[Gen 7] OU\n|rated|\n|clearpoke\n|poke|p1|Venusaur, F|item\n|poke|p1|Keldeo-Resolute|item\n|poke|p1|Skarmory, F|item\n|poke|p1|Chansey, F|item\n|poke|p1|Heatran, M|item\n|poke|p1|Bisharp, F|item\n|poke|p2|Medicham, F|item\n|poke|p2|Landorus-Therian, M|item\n|poke|p2|Magearna|item\n|poke|p2|Greninja, M|item\n|poke|p2|Tapu Koko|item\n|poke|p2|Hawlucha, F|item\n|rule|Sleep Clause Mod: Limit one foe put to sleep\n|rule|Species Clause: Limit one of each Pok\u00e9mon\n|rule|OHKO Clause: OHKO moves are banned\n|rule|Moody Clause: Moody is banned\n|rule|Evasion Moves Clause: Evasion moves are banned\n|rule|Endless Battle Clause: Forcing endless battles is banned\n|rule|HP Percentage Mod: HP is shown in percentages\n|teampreview\n|inactive|Battle timer is ON: inactive players will automatically lose when time's up. (requested by Moskito Cup)\n|\n|start\n|switch|p1a: Heatran|Heatran, M|100\/100\n|switch|p2a: Tapu Koko|Tapu Koko|100\/100\n|-fieldstart|move: Electric Terrain|[from] ability: Electric Surge|[of] p2a: Tapu Koko\n|turn|1\n|raw|<div class=\"broadcast-red\"><strong>Moderated join is set to sync with modchat!<\/strong><br \/>Only users who can speak in modchat can join.<\/div>\n|c|\u2606Moskito Cup|\/log Moskito Cup set modjoin to sync with modchat.\n|raw|<div class=\"broadcast-red\"><strong>Moderated chat was set to +!<\/strong><br \/>Only users of rank + and higher can talk.<\/div>\n|c|\u2606Moskito Cup|\/log Moskito Cup made this room hidden.\n|\n|move|p2a: Tapu Koko|Volt Switch|p1a: Heatran\n|-damage|p1a: Heatran|50\/100\n|-damage|p2a: Tapu Koko|91\/100|[from] item: Life Orb\n|\n|switch|p2a: Greninja|Greninja, M|100\/100|[from]move: Volt Switch\n|move|p1a: Heatran|Stealth Rock|p2a: Greninja\n|-sidestart|p2: Grc111|move: Stealth Rock\n|\n|-heal|p1a: Heatran|56\/100|[from] item: Leftovers\n|upkeep\n|turn|2\n|\n|switch|p1a: Keldeo|Keldeo-Resolute|100\/100\n|move|p2a: Greninja|Spikes|p1a: Keldeo\n|-sidestart|p1: Moskito Cup|Spikes\n|\n|upkeep\n|turn|3\n|\n|switch|p2a: Magearna|Magearna|100\/100\n|-damage|p2a: Magearna|94\/100|[from] Stealth Rock\n|switch|p1a: Heatran|Heatran, M|56\/100\n|-damage|p1a: Heatran|44\/100|[from] Spikes\n|\n|-heal|p1a: Heatran|50\/100|[from] item: Leftovers\n|-heal|p2a: Magearna|100\/100|[from] item: Leftovers\n|upkeep\n|turn|4\n|\n|switch|p2a: Greninja|Greninja, M|100\/100\n|-damage|p2a: Greninja|88\/100|[from] Stealth Rock\n|move|p1a: Heatran|Lava Plume|p2a: Greninja\n|-resisted|p2a: Greninja\n|-damage|p2a: Greninja|62\/100\n|\n|-heal|p1a: Heatran|56\/100|[from] item: Leftovers\n|upkeep\n|turn|5\n|\n|switch|p1a: Keldeo|Keldeo-Resolute|100\/100\n|-damage|p1a: Keldeo|88\/100|[from] Spikes\n|move|p2a: Greninja|Spikes|p1a: Keldeo\n|-sidestart|p1: Moskito Cup|Spikes\n|\n|-heal|p1a: Keldeo|94\/100|[from] item: Leftovers\n|-fieldend|move: Electric Terrain\n|upkeep\n|turn|6\n|\n|switch|p2a: Magearna|Magearna|100\/100\n|-damage|p2a: Magearna|94\/100|[from] Stealth Rock\n|move|p1a: Keldeo|Secret Sword|p2a: Magearna\n|-damage|p2a: Magearna|64\/100\n|\n|-heal|p1a: Keldeo|100\/100|[from] item: Leftovers\n|-heal|p2a: Magearna|70\/100|[from] item: Leftovers\n|upkeep\n|turn|7\n|\n|switch|p1a: Heatran|Heatran, M|56\/100\n|-damage|p1a: Heatran|40\/100|[from] Spikes\n|move|p2a: Magearna|Calm Mind|p2a: Magearna\n|-boost|p2a: Magearna|spa|1\n|-boost|p2a: Magearna|spd|1\n|\n|-heal|p1a: Heatran|46\/100|[from] item: Leftovers\n|-heal|p2a: Magearna|76\/100|[from] item: Leftovers\n|upkeep\n|turn|8\n|\n|move|p1a: Heatran|Lava Plume|p2a: Magearna\n|-supereffective|p2a: Magearna\n|-damage|p2a: Magearna|43\/100\n|-status|p2a: Magearna|brn\n|move|p2a: Magearna|Thunderbolt|p1a: Heatran\n|-damage|p1a: Heatran|14\/100\n|-status|p1a: Heatran|par\n|\n|-heal|p2a: Magearna|49\/100 brn|[from] item: Leftovers\n|-heal|p1a: Heatran|20\/100 par|[from] item: Leftovers\n|-damage|p2a: Magearna|43\/100 brn|[from] brn\n|upkeep\n|turn|9\n|\n|switch|p1a: Chansey|Chansey, F|100\/100\n|-damage|p1a: Chansey|84\/100|[from] Spikes\n|move|p2a: Magearna|Thunderbolt|p1a: Chansey\n|-damage|p1a: Chansey|71\/100\n|\n|-heal|p2a: Magearna|49\/100 brn|[from] item: Leftovers\n|-damage|p2a: Magearna|43\/100 brn|[from] brn\n|upkeep\n|turn|10\n|\n|move|p2a: Magearna|Pain Split|p1a: Chansey\n|-sethp|p1a: Chansey|47\/100|[from] move: Pain Split|[silent]\n|-sethp|p2a: Magearna|90\/100 brn|[from] move: Pain Split\n|move|p1a: Chansey|Seismic Toss|p2a: Magearna\n|-damage|p2a: Magearna|62\/100 brn\n|\n|-heal|p2a: Magearna|68\/100 brn|[from] item: Leftovers\n|-damage|p2a: Magearna|62\/100 brn|[from] brn\n|upkeep\n|turn|11\n|\n|move|p2a: Magearna|Calm Mind|p2a: Magearna\n|-boost|p2a: Magearna|spa|1\n|-boost|p2a: Magearna|spd|1\n|move|p1a: Chansey|Seismic Toss|p2a: Magearna\n|-damage|p2a: Magearna|35\/100 brn\n|\n|-heal|p2a: Magearna|41\/100 brn|[from] item: Leftovers\n|-damage|p2a: Magearna|35\/100 brn|[from] brn\n|upkeep\n|turn|12\n|\n|move|p2a: Magearna|Fleur Cannon|p1a: Chansey|[miss]\n|-miss|p2a: Magearna|p1a: Chansey\n|move|p1a: Chansey|Aromatherapy|p1a: Chansey\n|-activate|p1a: Chansey|move: Aromatherapy\n|-curestatus|p1: Heatran|par|[msg]\n|\n|-heal|p2a: Magearna|41\/100 brn|[from] item: Leftovers\n|-damage|p2a: Magearna|35\/100 brn|[from] brn\n|upkeep\n|turn|13\n|\n|move|p2a: Magearna|Pain Split|p1a: Chansey\n|-sethp|p1a: Chansey|32\/100|[from] move: Pain Split|[silent]\n|-sethp|p2a: Magearna|62\/100 brn|[from] move: Pain Split\n|move|p1a: Chansey|Seismic Toss|p2a: Magearna\n|-damage|p2a: Magearna|35\/100 brn\n|\n|-heal|p2a: Magearna|41\/100 brn|[from] item: Leftovers\n|-damage|p2a: Magearna|35\/100 brn|[from] brn\n|upkeep\n|turn|14\n|\n|move|p2a: Magearna|Fleur Cannon|p1a: Chansey|[miss]\n|-miss|p2a: Magearna|p1a: Chansey\n|move|p1a: Chansey|Soft-Boiled|p1a: Chansey\n|-heal|p1a: Chansey|82\/100\n|\n|-heal|p2a: Magearna|41\/100 brn|[from] item: Leftovers\n|-damage|p2a: Magearna|35\/100 brn|[from] brn\n|upkeep\n|turn|15\n|\n|switch|p1a: Heatran|Heatran, M|20\/100\n|-damage|p1a: Heatran|3\/100|[from] Spikes\n|move|p2a: Magearna|Thunderbolt|p1a: Heatran\n|-damage|p1a: Heatran|0 fnt\n|faint|p1a: Heatran\n|-ability|p2a: Magearna|Soul-Heart|boost\n|-boost|p2a: Magearna|spa|1\n|\n|-heal|p2a: Magearna|41\/100 brn|[from] item: Leftovers\n|-damage|p2a: Magearna|35\/100 brn|[from] brn\n|upkeep\n|\n|switch|p1a: Bisharp|Bisharp, F|100\/100\n|-damage|p1a: Bisharp|84\/100|[from] Spikes\n|turn|16\n|\n|switch|p2a: Landorus|Landorus-Therian, M|100\/100\n|-damage|p2a: Landorus|88\/100|[from] Stealth Rock\n|-ability|p2a: Landorus|Intimidate|boost\n|-unboost|p1a: Bisharp|atk|1\n|-ability|p1a: Bisharp|Defiant\n|-boost|p1a: Bisharp|atk|2\n|move|p1a: Bisharp|Iron Head|p2a: Landorus\n|-damage|p2a: Landorus|35\/100\n|-damage|p1a: Bisharp|67\/100|[from] item: Rocky Helmet|[of] p2a: Landorus\n|\n|-heal|p1a: Bisharp|73\/100|[from] item: Leftovers\n|upkeep\n|turn|17\n|\n|switch|p1a: Skarmory|Skarmory, F|100\/100\n|move|p2a: Landorus|Stealth Rock|p1a: Skarmory\n|-sidestart|p1: Moskito Cup|move: Stealth Rock\n|\n|upkeep\n|turn|18\n|\n|move|p2a: Landorus|Smack Down|p1a: Skarmory\n|-damage|p1a: Skarmory|92\/100\n|-start|p1a: Skarmory|Smack Down\n|move|p1a: Skarmory|Spikes|p2a: Landorus\n|-sidestart|p2: Grc111|Spikes\n|\n|upkeep\n|turn|19\n|\n|switch|p1a: Venusaur|Venusaur, F|100\/100\n|-damage|p1a: Venusaur|84\/100|[from] Spikes\n|-damage|p1a: Venusaur|72\/100|[from] Stealth Rock\n|move|p2a: Landorus|Earthquake|p1a: Venusaur\n|-damage|p1a: Venusaur|38\/100\n|\n|upkeep\n|turn|20\n|\n|switch|p2a: Medicham|Medicham, F|100\/100\n|-damage|p2a: Medicham|88\/100|[from] Spikes\n|-damage|p2a: Medicham|82\/100|[from] Stealth Rock\n|detailschange|p1a: Venusaur|Venusaur-Mega, F\n|-mega|p1a: Venusaur|Venusaur|Venusaurite\n|move|p1a: Venusaur|Synthesis|p1a: Venusaur\n|-heal|p1a: Venusaur|88\/100\n|\n|upkeep\n|turn|21\n|\n|detailschange|p2a: Medicham|Medicham-Mega, F\n|-mega|p2a: Medicham|Medicham|Medichamite\n|move|p2a: Medicham|Zen Headbutt|p1a: Venusaur\n|-supereffective|p1a: Venusaur\n|-damage|p1a: Venusaur|10\/100\n|move|p1a: Venusaur|Sludge Bomb|p2a: Medicham\n|-damage|p2a: Medicham|26\/100\n|\n|upkeep\n|turn|22\n|\n|move|p2a: Medicham|Ice Punch|p1a: Venusaur\n|-supereffective|p1a: Venusaur\n|-damage|p1a: Venusaur|0 fnt\n|faint|p1a: Venusaur\n|\n|upkeep\n|\n|switch|p1a: Keldeo|Keldeo-Resolute|100\/100\n|-damage|p1a: Keldeo|94\/100|[from] Stealth Rock\n|-damage|p1a: Keldeo|78\/100|[from] Spikes\n|turn|23\n|\n|switch|p2a: Magearna|Magearna|35\/100 brn\n|-damage|p2a: Magearna|22\/100 brn|[from] Spikes\n|-damage|p2a: Magearna|16\/100 brn|[from] Stealth Rock\n|move|p1a: Keldeo|Substitute|p1a: Keldeo\n|-start|p1a: Keldeo|Substitute\n|-damage|p1a: Keldeo|53\/100\n|\n|-heal|p1a: Keldeo|59\/100|[from] item: Leftovers\n|-heal|p2a: Magearna|22\/100 brn|[from] item: Leftovers\n|-damage|p2a: Magearna|16\/100 brn|[from] brn\n|upkeep\n|turn|24\n|\n|move|p1a: Keldeo|Scald|p2a: Magearna\n|-damage|p2a: Magearna|0 fnt\n|faint|p2a: Magearna\n|\n|-heal|p1a: Keldeo|65\/100|[from] item: Leftovers\n|upkeep\n|\n|switch|p2a: Tapu Koko|Tapu Koko|91\/100\n|-damage|p2a: Tapu Koko|78\/100|[from] Spikes\n|-damage|p2a: Tapu Koko|66\/100|[from] Stealth Rock\n|-fieldstart|move: Electric Terrain|[from] ability: Electric Surge|[of] p2a: Tapu Koko\n|turn|25\n|\n|move|p2a: Tapu Koko|Thunderbolt|p1a: Keldeo\n|-supereffective|p1a: Keldeo\n|-crit|p1a: Keldeo\n|-end|p1a: Keldeo|Substitute\n|-damage|p2a: Tapu Koko|56\/100|[from] item: Life Orb\n|move|p1a: Keldeo|Substitute|p1a: Keldeo\n|-start|p1a: Keldeo|Substitute\n|-damage|p1a: Keldeo|40\/100\n|\n|-heal|p1a: Keldeo|46\/100|[from] item: Leftovers\n|upkeep\n|turn|26\n|\n|move|p2a: Tapu Koko|Thunderbolt|p1a: Keldeo\n|-supereffective|p1a: Keldeo\n|-end|p1a: Keldeo|Substitute\n|-damage|p2a: Tapu Koko|46\/100|[from] item: Life Orb\n|move|p1a: Keldeo|Scald|p2a: Tapu Koko\n|-damage|p2a: Tapu Koko|0 fnt\n|faint|p2a: Tapu Koko\n|\n|-heal|p1a: Keldeo|52\/100|[from] item: Leftovers\n|upkeep\n|\n|switch|p2a: Hawlucha|Hawlucha, F|100\/100\n|-damage|p2a: Hawlucha|88\/100|[from] Stealth Rock\n|-enditem|p2a: Hawlucha|Electric Seed\n|-boost|p2a: Hawlucha|def|1|[from] item: Electric Seed\n|turn|27\n|\n|switch|p1a: Skarmory|Skarmory, F|92\/100\n|-damage|p1a: Skarmory|79\/100|[from] Stealth Rock\n|move|p2a: Hawlucha|Swords Dance|p2a: Hawlucha\n|-boost|p2a: Hawlucha|atk|2\n|\n|upkeep\n|turn|28\n|\n|move|p2a: Hawlucha|Stone Edge|p1a: Skarmory\n|-damage|p1a: Skarmory|43\/100\n|move|p1a: Skarmory|Whirlwind|p2a: Hawlucha\n|drag|p2a: Greninja|Greninja, M|62\/100\n|-damage|p2a: Greninja|50\/100|[from] Spikes\n|-damage|p2a: Greninja|38\/100|[from] Stealth Rock\n|\n|upkeep\n|turn|29\n|\n|switch|p1a: Chansey|Chansey, F|82\/100\n|-damage|p1a: Chansey|70\/100|[from] Stealth Rock\n|-damage|p1a: Chansey|53\/100|[from] Spikes\n|move|p2a: Greninja|Hydro Pump|p1a: Chansey\n|-damage|p1a: Chansey|37\/100\n|\n|-fieldend|move: Electric Terrain\n|upkeep\n|turn|30\n|\n|switch|p2a: Medicham|Medicham-Mega, F|26\/100\n|-damage|p2a: Medicham|14\/100|[from] Spikes\n|-damage|p2a: Medicham|7\/100|[from] Stealth Rock\n|move|p1a: Chansey|Soft-Boiled|p1a: Chansey\n|-heal|p1a: Chansey|87\/100\n|\n|upkeep\n|turn|31\n|\n|switch|p1a: Bisharp|Bisharp, F|73\/100\n|-damage|p1a: Bisharp|67\/100|[from] Stealth Rock\n|-damage|p1a: Bisharp|51\/100|[from] Spikes\n|move|p2a: Medicham|High Jump Kick|p1a: Bisharp\n|-supereffective|p1a: Bisharp\n|-damage|p1a: Bisharp|0 fnt\n|faint|p1a: Bisharp\n|\n|upkeep\n|\n|switch|p1a: Keldeo|Keldeo-Resolute|52\/100\n|-damage|p1a: Keldeo|46\/100|[from] Stealth Rock\n|-damage|p1a: Keldeo|30\/100|[from] Spikes\n|turn|32\n|\n|move|p1a: Keldeo|Scald|p2a: Medicham\n|-damage|p2a: Medicham|0 fnt\n|faint|p2a: Medicham\n|\n|-heal|p1a: Keldeo|36\/100|[from] item: Leftovers\n|upkeep\n|\n|switch|p2a: Hawlucha|Hawlucha, F|88\/100\n|-damage|p2a: Hawlucha|76\/100|[from] Stealth Rock\n|turn|33\n|\n|move|p1a: Keldeo|Scald|p2a: Hawlucha\n|-damage|p2a: Hawlucha|14\/100\n|-status|p2a: Hawlucha|brn\n|move|p2a: Hawlucha|High Jump Kick|p1a: Keldeo|[miss]\n|-miss|p2a: Hawlucha|p1a: Keldeo\n|-damage|p2a: Hawlucha|0 fnt|[from] highjumpkick\n|faint|p2a: Hawlucha\n|\n|-heal|p1a: Keldeo|42\/100|[from] item: Leftovers\n|upkeep\n|\n|switch|p2a: Greninja|Greninja, M|38\/100\n|-damage|p2a: Greninja|25\/100|[from] Spikes\n|-damage|p2a: Greninja|13\/100|[from] Stealth Rock\n|turn|34\n|\n|switch|p1a: Chansey|Chansey, F|87\/100\n|-damage|p1a: Chansey|70\/100|[from] Spikes\n|-damage|p1a: Chansey|58\/100|[from] Stealth Rock\n|-zpower|p2a: Greninja\n|move|p2a: Greninja|Hydro Vortex|p1a: Chansey|[zeffect]\n|-damage|p1a: Chansey|34\/100\n|\n|upkeep\n|turn|35\n|\n|move|p2a: Greninja|Dark Pulse|p1a: Chansey\n|-damage|p1a: Chansey|24\/100\n|cant|p1a: Chansey|flinch\n|\n|upkeep\n|turn|36\n|\n|move|p2a: Greninja|Dark Pulse|p1a: Chansey\n|-damage|p1a: Chansey|13\/100\n|move|p1a: Chansey|Seismic Toss|p2a: Greninja\n|-damage|p2a: Greninja|0 fnt\n|faint|p2a: Greninja\n|\n|upkeep\n|-message|Grc111 forfeited.\n|\n|win|Moskito Cup\n|c|\u2606Moskito Cup|\/log Moskito Cup made this room public.\n|raw|Moskito Cup's rating: 1908 &rarr; <strong>1925<\/strong><br \/>(+17 for winning)\n|raw|Grc111's rating: 1862 &rarr; <strong>1845<\/strong><br \/>(-17 for losing)\n","uploadtime":1588374767,"views":209,"p1id":"moskitocup","p2id":"grc111","formatid":"gen7ou","rating":1845,"private":0,"password":null}