{"id":"gen7ou-1654152327","p1":"mew2629","p2":"AlIoutdragadarts","format":"gen7ou","log":"|j|\u2606mew2629\n|j|\u2606AlIoutdragadarts\n|t:|1662109792\n|gametype|singles\n|player|p1|mew2629|cheryl|\n|player|p2|AlIoutdragadarts|hiker-gen4|\n|teamsize|p1|6\n|teamsize|p2|6\n|gen|7\n|tier|[Gen 7] OU\n|rule|Sleep Clause Mod: Limit one foe put to sleep\n|rule|Species Clause: Limit one of each Pok\u00e9mon\n|rule|OHKO Clause: OHKO moves are banned\n|rule|Moody Clause: Moody is banned\n|rule|Evasion Items Clause: Evasion items are banned\n|rule|Evasion Moves Clause: Evasion moves are banned\n|rule|Endless Battle Clause: Forcing endless battles is banned\n|rule|HP Percentage Mod: HP is shown in percentages\n|clearpoke\n|poke|p1|Sableye, M|item\n|poke|p1|Skarmory, M|item\n|poke|p1|Chansey, F|item\n|poke|p1|Clefable, F|item\n|poke|p1|Toxapex, M|item\n|poke|p1|Gliscor, M|item\n|poke|p2|Medicham, M|item\n|poke|p2|Garchomp, M|item\n|poke|p2|Tapu Fini|item\n|poke|p2|Tangrowth, M|item\n|poke|p2|Zapdos|item\n|poke|p2|Jirachi|item\n|teampreview\n|c|\u2606AlIoutdragadarts|\uff1f\n|c|\u2606AlIoutdragadarts|\u624b\u81c2\u662f\u5427\n|c|\u2606mew2629|\uff1f\n|c|\u2606mew2629|\u4e0d\n|\n|t:|1662109814\n|start\n|switch|p1a: Toxapex|Toxapex, M|100\/100\n|switch|p2a: Tapu Fini|Tapu Fini, shiny|100\/100\n|-fieldstart|move: Misty Terrain|[from] ability: Misty Surge|[of] p2a: Tapu Fini\n|turn|1\n|\n|t:|1662109820\n|switch|p2a: Garchomp|Garchomp, M, shiny|100\/100\n|switch|p1a: Gliscor|Gliscor, M|100\/100\n|\n|-status|p1a: Gliscor|tox|[from] item: Toxic Orb\n|upkeep\n|turn|2\n|\n|t:|1662109843\n|switch|p2a: Tangrowth|Tangrowth, M, shiny|100\/100\n|switch|p1a: Skarmory|Skarmory, M|100\/100\n|\n|upkeep\n|turn|3\n|\n|t:|1662109848\n|switch|p1a: Sableye|Sableye, M|100\/100\n|move|p2a: Tangrowth|Knock Off|p1a: Sableye\n|-damage|p1a: Sableye|79\/100\n|\n|upkeep\n|turn|4\n|\n|t:|1662109857\n|detailschange|p1a: Sableye|Sableye-Mega, M\n|-mega|p1a: Sableye|Sableye|Sablenite\n|move|p2a: Tangrowth|Giga Drain|p1a: Sableye\n|-damage|p1a: Sableye|56\/100\n|move|p1a: Sableye|Knock Off|p2a: Tangrowth\n|-crit|p2a: Tangrowth\n|-damage|p2a: Tangrowth|70\/100\n|-enditem|p2a: Tangrowth|Assault Vest|[from] move: Knock Off|[of] p1a: Sableye\n|\n|upkeep\n|turn|5\n|\n|t:|1662109863\n|switch|p2a: Zapdos|Zapdos, shiny|100\/100\n|move|p1a: Sableye|Recover|p1a: Sableye\n|-heal|p1a: Sableye|100\/100\n|\n|-fieldend|Misty Terrain\n|upkeep\n|turn|6\n|\n|t:|1662109870\n|move|p2a: Zapdos|Volt Switch|p1a: Sableye\n|-damage|p1a: Sableye|80\/100\n|\n|t:|1662109871\n|switch|p2a: Tangrowth|Tangrowth, M, shiny|100\/100|[from]move: Volt Switch\n|move|p1a: Sableye|Knock Off|p2a: Tangrowth\n|-damage|p2a: Tangrowth|86\/100\n|\n|upkeep\n|turn|7\n|\n|t:|1662109875\n|switch|p2a: Zapdos|Zapdos, shiny|100\/100\n|move|p1a: Sableye|Will-O-Wisp|p2a: Zapdos|[miss]\n|-miss|p1a: Sableye|p2a: Zapdos\n|\n|upkeep\n|turn|8\n|\n|t:|1662109881\n|move|p2a: Zapdos|Heat Wave|p1a: Sableye\n|-damage|p1a: Sableye|61\/100\n|move|p1a: Sableye|Knock Off|p2a: Zapdos\n|-damage|p2a: Zapdos|79\/100\n|-enditem|p2a: Zapdos|Leftovers|[from] move: Knock Off|[of] p1a: Sableye\n|\n|upkeep\n|turn|9\n|\n|t:|1662109886\n|move|p2a: Zapdos|Volt Switch|p1a: Sableye\n|-damage|p1a: Sableye|38\/100\n|\n|t:|1662109888\n|switch|p2a: Tapu Fini|Tapu Fini, shiny|100\/100|[from]move: Volt Switch\n|-fieldstart|move: Misty Terrain|[from] ability: Misty Surge|[of] p2a: Tapu Fini\n|move|p1a: Sableye|Recover|p1a: Sableye\n|-heal|p1a: Sableye|88\/100\n|\n|upkeep\n|turn|10\n|\n|t:|1662109891\n|switch|p2a: Garchomp|Garchomp, M, shiny|100\/100\n|move|p1a: Sableye|Protect||[still]\n|-fail|p1a: Sableye\n|\n|upkeep\n|turn|11\n|\n|t:|1662109895\n|switch|p1a: Clefable|Clefable, F|100\/100\n|move|p2a: Garchomp|Swords Dance|p2a: Garchomp\n|-boost|p2a: Garchomp|atk|2\n|\n|upkeep\n|turn|12\n|\n|t:|1662109900\n|switch|p2a: Jirachi|Jirachi, shiny|100\/100\n|move|p1a: Clefable|Wish|p1a: Clefable\n|\n|upkeep\n|turn|13\n|j| rachel19738\n|\n|t:|1662109909\n|switch|p1a: Toxapex|Toxapex, M|100\/100\n|move|p2a: Jirachi|U-turn|p1a: Toxapex\n|-resisted|p1a: Toxapex\n|-damage|p1a: Toxapex|95\/100\n|\n|t:|1662109913\n|switch|p2a: Garchomp|Garchomp, M, shiny|100\/100|[from]move: U-turn\n|\n|-heal|p1a: Toxapex|100\/100|[from] move: Wish|[wisher] Clefable\n|-fieldend|Misty Terrain\n|upkeep\n|turn|14\n|\n|t:|1662109918\n|switch|p2a: Tapu Fini|Tapu Fini, shiny|100\/100\n|-fieldstart|move: Misty Terrain|[from] ability: Misty Surge|[of] p2a: Tapu Fini\n|move|p1a: Toxapex|Toxic Spikes|p2a: Tapu Fini\n|-sidestart|p2: AlIoutdragadarts|move: Toxic Spikes\n|\n|upkeep\n|turn|15\n|\n|t:|1662109924\n|switch|p1a: Gliscor|Gliscor, M|100\/100 tox\n|move|p2a: Tapu Fini|Defog|p1a: Gliscor\n|-unboost|p1a: Gliscor|evasion|1\n|-sideend|p2: AlIoutdragadarts|Toxic Spikes|[from] move: Defog|[of] p2a: Tapu Fini\n|\n|upkeep\n|turn|16\n|c|\u2606mew2629|\u5636\n|\n|t:|1662109938\n|switch|p2a: Tangrowth|Tangrowth, M, shiny|100\/100\n|move|p1a: Gliscor|Earthquake|p2a: Tangrowth\n|-resisted|p2a: Tangrowth\n|-damage|p2a: Tangrowth|89\/100\n|\n|upkeep\n|turn|17\n|\n|t:|1662109947\n|switch|p1a: Toxapex|Toxapex, M|100\/100\n|switch|p2a: Garchomp|Garchomp, M, shiny|100\/100\n|\n|upkeep\n|turn|18\n|\n|t:|1662109950\n|move|p2a: Garchomp|Stealth Rock|p1a: Toxapex\n|-sidestart|p1: mew2629|move: Stealth Rock\n|move|p1a: Toxapex|Toxic Spikes|p2a: Garchomp\n|-sidestart|p2: AlIoutdragadarts|move: Toxic Spikes\n|\n|-fieldend|Misty Terrain\n|upkeep\n|turn|19\n|\n|t:|1662109959\n|move|p2a: Garchomp|Earthquake|p1a: Toxapex\n|-supereffective|p1a: Toxapex\n|-crit|p1a: Toxapex\n|-damage|p1a: Toxapex|13\/100\n|move|p1a: Toxapex|Scald|p2a: Garchomp\n|-damage|p2a: Garchomp|82\/100\n|\n|upkeep\n|turn|20\n|\n|t:|1662109969\n|switch|p1a: Skarmory|Skarmory, M|100\/100\n|-damage|p1a: Skarmory|88\/100|[from] Stealth Rock\n|move|p2a: Garchomp|Swords Dance|p2a: Garchomp\n|-boost|p2a: Garchomp|atk|2\n|\n|upkeep\n|turn|21\n|\n|t:|1662109975\n|move|p2a: Garchomp|Swords Dance|p2a: Garchomp\n|-boost|p2a: Garchomp|atk|2\n|move|p1a: Skarmory|Whirlwind|p2a: Garchomp\n|drag|p2a: Jirachi|Jirachi, shiny|100\/100\n|\n|upkeep\n|turn|22\n|\n|t:|1662109983\n|move|p2a: Jirachi|U-turn|p1a: Skarmory\n|-resisted|p1a: Skarmory\n|-damage|p1a: Skarmory|86\/100\n|-damage|p2a: Jirachi|84\/100|[from] item: Rocky Helmet|[of] p1a: Skarmory\n|\n|t:|1662109984\n|switch|p2a: Zapdos|Zapdos, shiny|79\/100|[from]move: U-turn\n|move|p1a: Skarmory|Roost|p1a: Skarmory\n|-heal|p1a: Skarmory|100\/100\n|-singleturn|p1a: Skarmory|move: Roost\n|\n|upkeep\n|turn|23\n|c| rachel19738|\u7b11\n|\n|t:|1662109991\n|switch|p1a: Chansey|Chansey, F|100\/100\n|-damage|p1a: Chansey|88\/100|[from] Stealth Rock\n|move|p2a: Zapdos|Hidden Power|p1a: Chansey\n|-damage|p1a: Chansey|83\/100\n|\n|upkeep\n|turn|24\n|\n|t:|1662109995\n|move|p2a: Zapdos|Volt Switch|p1a: Chansey\n|-damage|p1a: Chansey|74\/100\n|\n|t:|1662109997\n|switch|p2a: Tapu Fini|Tapu Fini, shiny|100\/100|[from]move: Volt Switch\n|-status|p2a: Tapu Fini|psn\n|-fieldstart|move: Misty Terrain|[from] ability: Misty Surge|[of] p2a: Tapu Fini\n|move|p1a: Chansey|Toxic||[still]\n|-fail|p1a: Chansey\n|\n|-damage|p2a: Tapu Fini|88\/100 psn|[from] psn\n|upkeep\n|turn|25\n|\n|t:|1662110005\n|switch|p2a: Medicham|Medicham, M, shiny|100\/100\n|switch|p1a: Gliscor|Gliscor, M|100\/100 tox\n|-damage|p1a: Gliscor|88\/100 tox|[from] Stealth Rock\n|\n|-heal|p1a: Gliscor|100\/100 tox|[from] ability: Poison Heal\n|upkeep\n|turn|26\n|\n|t:|1662110012\n|detailschange|p2a: Medicham|Medicham-Mega, M, shiny\n|-mega|p2a: Medicham|Medicham|Medichamite\n|move|p2a: Medicham|Ice Punch|p1a: Gliscor\n|-supereffective|p1a: Gliscor\n|-damage|p1a: Gliscor|0 fnt\n|faint|p1a: Gliscor\n|\n|upkeep\n|\n|t:|1662110019\n|switch|p1a: Skarmory|Skarmory, M|100\/100\n|-damage|p1a: Skarmory|88\/100|[from] Stealth Rock\n|turn|27\n|\n|t:|1662110024\n|move|p2a: Medicham|High Jump Kick|p1a: Skarmory\n|-damage|p1a: Skarmory|21\/100\n|-damage|p2a: Medicham|84\/100|[from] item: Rocky Helmet|[of] p1a: Skarmory\n|move|p1a: Skarmory|Spikes|p2a: Medicham\n|-sidestart|p2: AlIoutdragadarts|Spikes\n|\n|upkeep\n|turn|28\n|\n|t:|1662110029\n|switch|p1a: Sableye|Sableye-Mega, M|88\/100\n|-damage|p1a: Sableye|75\/100|[from] Stealth Rock\n|move|p2a: Medicham|Ice Punch|p1a: Sableye\n|-damage|p1a: Sableye|32\/100\n|\n|-fieldend|Misty Terrain\n|upkeep\n|turn|29\n|c| rachel19738|\u597d\u8036\n|c|\u2606mew2629|\u5bb3\u6015\n|c| rachel19738|fini\u4e2d\u6bd2\u4e86\n|c|\u2606mew2629|\u4e0d\u6539\u8d2a\u7684\n|\n|t:|1662110063\n|move|p2a: Medicham|Ice Punch|p1a: Sableye\n|-damage|p1a: Sableye|0 fnt\n|faint|p1a: Sableye\n|\n|upkeep\n|\n|t:|1662110065\n|switch|p1a: Clefable|Clefable, F|100\/100\n|-damage|p1a: Clefable|88\/100|[from] Stealth Rock\n|turn|30\n|\n|t:|1662110076\n|move|p2a: Medicham|Zen Headbutt|p1a: Clefable\n|-damage|p1a: Clefable|5\/100\n|move|p1a: Clefable|Wish|p1a: Clefable\n|\n|-heal|p1a: Clefable|11\/100|[from] item: Leftovers\n|upkeep\n|turn|31\n|\n|t:|1662110084\n|switch|p1a: Skarmory|Skarmory, M|21\/100\n|-damage|p1a: Skarmory|9\/100|[from] Stealth Rock\n|move|p2a: Medicham|Zen Headbutt|p1a: Skarmory\n|-resisted|p1a: Skarmory\n|-damage|p1a: Skarmory|0 fnt\n|-damage|p2a: Medicham|68\/100|[from] item: Rocky Helmet|[of] p1a: Skarmory\n|faint|p1a: Skarmory\n|\n|upkeep\n|-message|mew2629 forfeited.\n|\n|win|AlIoutdragadarts\n|l|\u2606AlIoutdragadarts\n|c|\u2606mew2629|\u8fd9\u4e2a\u529b\u5ea6\n|l| rachel19738\n|j| rachel19738\n|l| rachel19738\n|j| rachel19738\n|j|\u2606AlIoutdragadarts\n|player|p2|AlIoutdragadarts|hiker-gen4\n|l|\u2606mew2629\n|l|\u2606AlIoutdragadarts\n|player|p2|\n|j|\u2606AlIoutdragadarts\n|player|p2|AlIoutdragadarts|hiker-gen4\n|j|\u2606mew2629\n|player|p1|mew2629|cheryl\n","uploadtime":1662110329,"views":14,"p1id":"mew2629","p2id":"alioutdragadarts","formatid":"gen7ou","rating":0,"private":0,"password":null}