{"id":"gen7ou-1143673770","p1":"HAHAHAHA LMAO","p2":"OGamer289","format":"gen7ou","log":"|j|\u2606HAHAHAHA LMAO\n|j|\u2606OGamer289\n|player|p1|HAHAHAHA LMAO|2|1562\n|player|p2|OGamer289|153|1561\n|teamsize|p1|6\n|teamsize|p2|6\n|gametype|singles\n|gen|7\n|tier|[Gen 7] OU\n|rated|\n|clearpoke\n|poke|p1|Diancie|item\n|poke|p1|Tapu Lele|item\n|poke|p1|Buzzwole|item\n|poke|p1|Whimsicott, F|item\n|poke|p1|Tornadus, M|item\n|poke|p1|Darmanitan, F|item\n|poke|p2|Conkeldurr, F|item\n|poke|p2|Victini|item\n|poke|p2|Rotom-Wash|item\n|poke|p2|Aggron, F|item\n|poke|p2|Latios, M|item\n|poke|p2|Mamoswine, F|item\n|rule|Sleep Clause Mod: Limit one foe put to sleep\n|rule|Species Clause: Limit one of each Pok\u00e9mon\n|rule|OHKO Clause: OHKO moves are banned\n|rule|Moody Clause: Moody is banned\n|rule|Evasion Moves Clause: Evasion moves are banned\n|rule|Endless Battle Clause: Forcing endless battles is banned\n|rule|HP Percentage Mod: HP is shown in percentages\n|teampreview\n|inactive|Battle timer is ON: inactive players will automatically lose when time's up. (requested by OGamer289)\n|\n|start\n|switch|p1a: Milady|Diancie|100\/100\n|switch|p2a: H\u00e4rterAlsIch|Aggron, F|100\/100\n|turn|1\n|\n|detailschange|p2a: H\u00e4rterAlsIch|Aggron-Mega, F\n|-mega|p2a: H\u00e4rterAlsIch|Aggron|Aggronite\n|move|p1a: Milady|Earth Power|p2a: H\u00e4rterAlsIch\n|-supereffective|p2a: H\u00e4rterAlsIch\n|-crit|p2a: H\u00e4rterAlsIch\n|-damage|p2a: H\u00e4rterAlsIch|61\/100\n|move|p2a: H\u00e4rterAlsIch|Heavy Slam|p1a: Milady\n|-supereffective|p1a: Milady\n|-damage|p1a: Milady|0 fnt\n|faint|p1a: Milady\n|\n|upkeep\n|inactive|HAHAHAHA LMAO has 120 seconds left.\n|\n|switch|p1a: Seiten Taisei|Darmanitan, F|100\/100\n|turn|2\n|\n|move|p1a: Seiten Taisei|Flare Blitz|p2a: H\u00e4rterAlsIch\n|-supereffective|p2a: H\u00e4rterAlsIch\n|-damage|p2a: H\u00e4rterAlsIch|0 fnt\n|-damage|p1a: Seiten Taisei|81\/100|[from] Recoil\n|faint|p2a: H\u00e4rterAlsIch\n|\n|upkeep\n|\n|switch|p2a: Rotom|Rotom-Wash|100\/100\n|turn|3\n|\n|move|p1a: Seiten Taisei|Zen Headbutt|p2a: Rotom\n|-damage|p2a: Rotom|59\/100\n|move|p2a: Rotom|Volt Switch|p1a: Seiten Taisei\n|-damage|p1a: Seiten Taisei|39\/100\n|\n|switch|p2a: Victini|Victini|100\/100|[from]move: Volt Switch\n|\n|upkeep\n|turn|4\n|\n|switch|p1a: Mercurius|Tornadus, M|100\/100\n|move|p2a: Victini|U-turn|p1a: Mercurius\n|-resisted|p1a: Mercurius\n|-damage|p1a: Mercurius|92\/100\n|\n|switch|p2a: Rotom|Rotom-Wash|59\/100|[from]move: U-turn\n|\n|-heal|p2a: Rotom|66\/100|[from] item: Leftovers\n|upkeep\n|turn|5\n|inactive|HAHAHAHA LMAO has 120 seconds left.\n|\n|move|p1a: Mercurius|Tailwind|p1a: Mercurius\n|-sidestart|p1: HAHAHAHA LMAO|move: Tailwind\n|move|p2a: Rotom|Volt Switch|p1a: Mercurius\n|-supereffective|p1a: Mercurius\n|-damage|p1a: Mercurius|38\/100\n|\n|switch|p2a: Mamoswine|Mamoswine, F|100\/100|[from]move: Volt Switch\n|\n|upkeep\n|turn|6\n|\n|move|p2a: Mamoswine|Ice Shard|p1a: Mercurius\n|-supereffective|p1a: Mercurius\n|-damage|p1a: Mercurius|0 fnt\n|-damage|p2a: Mamoswine|91\/100|[from] item: Life Orb\n|faint|p1a: Mercurius\n|\n|upkeep\n|\n|switch|p1a: Seiten Taisei|Darmanitan, F|39\/100\n|turn|7\n|inactive|OGamer289 has 120 seconds left.\n|\n|switch|p2a: Rotom|Rotom-Wash|66\/100\n|move|p1a: Seiten Taisei|Flare Blitz|p2a: Rotom\n|-resisted|p2a: Rotom\n|-damage|p2a: Rotom|22\/100\n|-damage|p1a: Seiten Taisei|26\/100|[from] Recoil\n|\n|-heal|p2a: Rotom|28\/100|[from] item: Leftovers\n|upkeep\n|turn|8\n|\n|move|p1a: Seiten Taisei|Flare Blitz|p2a: Rotom\n|-resisted|p2a: Rotom\n|-damage|p2a: Rotom|0 fnt\n|-damage|p1a: Seiten Taisei|19\/100|[from] Recoil\n|faint|p2a: Rotom\n|\n|-sideend|p1: HAHAHAHA LMAO|move: Tailwind\n|upkeep\n|\n|switch|p2a: Conkeldurr|Conkeldurr, F|100\/100\n|turn|9\n|\n|move|p2a: Conkeldurr|Mach Punch|p1a: Seiten Taisei\n|-damage|p1a: Seiten Taisei|0 fnt\n|faint|p1a: Seiten Taisei\n|\n|upkeep\n|\n|switch|p1a: Astarte|Tapu Lele|100\/100\n|-fieldstart|move: Psychic Terrain|[from] ability: Psychic Surge|[of] p1a: Astarte\n|turn|10\n|\n|move|p1a: Astarte|Moonblast|p2a: Conkeldurr\n|-supereffective|p2a: Conkeldurr\n|-damage|p2a: Conkeldurr|0 fnt\n|faint|p2a: Conkeldurr\n|\n|upkeep\n|\n|switch|p2a: Victini|Victini|100\/100\n|turn|11\n|\n|move|p2a: Victini|V-create|p1a: Astarte\n|-damage|p1a: Astarte|0 fnt\n|-unboost|p2a: Victini|spe|1\n|-unboost|p2a: Victini|def|1\n|-unboost|p2a: Victini|spd|1\n|faint|p1a: Astarte\n|\n|upkeep\n|\n|switch|p1a: Haru Okumura|Whimsicott, F|100\/100\n|turn|12\n|\n|move|p1a: Haru Okumura|Tailwind|p1a: Haru Okumura\n|-sidestart|p1: HAHAHAHA LMAO|move: Tailwind\n|move|p2a: Victini|V-create|p1a: Haru Okumura\n|-supereffective|p1a: Haru Okumura\n|-damage|p1a: Haru Okumura|0 fnt\n|-unboost|p2a: Victini|spe|1\n|-unboost|p2a: Victini|def|1\n|-unboost|p2a: Victini|spd|1\n|faint|p1a: Haru Okumura\n|\n|upkeep\n|\n|switch|p1a: Masayoshi Shido|Buzzwole|100\/100\n|turn|13\n|\n|switch|p2a: Mamoswine|Mamoswine, F|91\/100\n|move|p1a: Masayoshi Shido|Substitute|p1a: Masayoshi Shido\n|-start|p1a: Masayoshi Shido|Substitute\n|-damage|p1a: Masayoshi Shido|76\/100\n|\n|upkeep\n|turn|14\n|\n|-singleturn|p1a: Masayoshi Shido|move: Focus Punch\n|move|p2a: Mamoswine|Ice Shard|p1a: Masayoshi Shido\n|-activate|p1a: Masayoshi Shido|move: Psychic Terrain\n|move|p1a: Masayoshi Shido|Focus Punch|p2a: Mamoswine\n|-supereffective|p2a: Mamoswine\n|-damage|p2a: Mamoswine|0 fnt\n|faint|p2a: Mamoswine\n|-ability|p1a: Masayoshi Shido|Beast Boost|boost\n|-boost|p1a: Masayoshi Shido|atk|1\n|\n|-fieldend|move: Psychic Terrain\n|upkeep\n|\n|switch|p2a: Latios|Latios, M|100\/100\n|turn|15\n|\n|move|p1a: Masayoshi Shido|Ice Punch|p2a: Latios\n|-supereffective|p2a: Latios\n|-damage|p2a: Latios|0 fnt\n|faint|p2a: Latios\n|-ability|p1a: Masayoshi Shido|Beast Boost|boost\n|-boost|p1a: Masayoshi Shido|atk|1\n|\n|-sideend|p1: HAHAHAHA LMAO|move: Tailwind\n|upkeep\n|c|\u2606HAHAHAHA LMAO|get fucking rekt lmao\n|\n|switch|p2a: Victini|Victini|100\/100\n|turn|16\n|\n|move|p2a: Victini|Zen Headbutt|p1a: Masayoshi Shido\n|-supereffective|p1a: Masayoshi Shido\n|-end|p1a: Masayoshi Shido|Substitute\n|move|p1a: Masayoshi Shido|Earthquake|p2a: Victini\n|-supereffective|p2a: Victini\n|-damage|p2a: Victini|0 fnt\n|faint|p2a: Victini\n|\n|win|HAHAHAHA LMAO\n|raw|HAHAHAHA LMAO's rating: 1562 &rarr; <strong>1582<\/strong><br \/>(+20 for winning)\n|raw|OGamer289's rating: 1561 &rarr; <strong>1541<\/strong><br \/>(-20 for losing)\n|l|\u2606OGamer289\n","uploadtime":1593683167,"views":4,"p1id":"hahahahalmao","p2id":"ogamer289","formatid":"gen7ou","rating":1541,"private":0,"password":null}