{"id":"gen7uu-1173316999","p1":"shinysylveon20","p2":"Trogba Trogba","format":"gen7uu","log":"|j|\u2606shinysylveon20\n|j|\u2606Trogba Trogba\n|t:|1598099444\n|player|p1|shinysylveon20|80|\n|player|p2|Trogba Trogba|lance|\n|teamsize|p1|6\n|teamsize|p2|6\n|gametype|singles\n|gen|7\n|tier|[Gen 7] UU\n|rated|Tournament battle\n|clearpoke\n|poke|p1|Muk-Alola, M|item\n|poke|p1|Pidgeot, F|item\n|poke|p1|Klefki, F|item\n|poke|p1|Zeraora|item\n|poke|p1|Infernape, M|item\n|poke|p1|Togekiss, M|item\n|poke|p2|Pidgeot, M|item\n|poke|p2|Scizor, F|item\n|poke|p2|Tentacruel, M|item\n|poke|p2|Krookodile, M|item\n|poke|p2|Diancie|item\n|poke|p2|Infernape, F|item\n|rule|Sleep Clause Mod: Limit one foe put to sleep\n|rule|Species Clause: Limit one of each Pok\u00e9mon\n|rule|OHKO Clause: OHKO moves are banned\n|rule|Moody Clause: Moody is banned\n|rule|Evasion Moves Clause: Evasion moves are banned\n|rule|Endless Battle Clause: Forcing endless battles is banned\n|rule|HP Percentage Mod: HP is shown in percentages\n|teampreview\n|j|*Lady Monita\n|\n|t:|1598099457\n|start\n|switch|p1a: Klefki|Klefki, F|100\/100\n|switch|p2a: Krookodile|Krookodile, M|100\/100\n|-ability|p2a: Krookodile|Intimidate|boost\n|-unboost|p1a: Klefki|atk|1\n|turn|1\n|j| jiazan\n|\n|t:|1598099462\n|move|p1a: Klefki|Reflect|p1a: Klefki\n|-sidestart|p1: shinysylveon20|Reflect\n|move|p2a: Krookodile|Earthquake|p1a: Klefki\n|-supereffective|p1a: Klefki\n|-damage|p1a: Klefki|58\/100\n|\n|upkeep\n|turn|2\n|\n|t:|1598099467\n|switch|p1a: Togekiss|Togekiss, M, shiny|100\/100\n|move|p2a: Krookodile|Earthquake|p1a: Togekiss\n|-immune|p1a: Togekiss\n|\n|upkeep\n|turn|3\n|j| moskov123\n|\n|t:|1598099475\n|switch|p2a: Diancie|Diancie|100\/100\n|move|p1a: Togekiss|Thunder Wave|p2a: Diancie\n|-status|p2a: Diancie|par\n|\n|upkeep\n|turn|4\n|l| moskov123\n|j| Pigwarrior19\n|j| KennyOmeg\n|\n|t:|1598099484\n|switch|p1a: Muk|Muk-Alola, M, shiny|100\/100\n|cant|p2a: Diancie|par\n|\n|upkeep\n|turn|5\n|\n|t:|1598099490\n|switch|p2a: Krookodile|Krookodile, M|100\/100\n|-ability|p2a: Krookodile|Intimidate|boost\n|-unboost|p1a: Muk|atk|1\n|move|p1a: Muk|Knock Off|p2a: Krookodile\n|-resisted|p2a: Krookodile\n|-damage|p2a: Krookodile|79\/100\n|-enditem|p2a: Krookodile|Choice Scarf|[from] move: Knock Off|[of] p1a: Muk\n|\n|upkeep\n|turn|6\n|j|@fabwooloous\u30c4\n|\n|t:|1598099500\n|move|p2a: Krookodile|Earthquake|p1a: Muk\n|-supereffective|p1a: Muk\n|-damage|p1a: Muk|49\/100\n|move|p1a: Muk|Fire Punch|p2a: Krookodile\n|-damage|p2a: Krookodile|60\/100\n|-status|p2a: Krookodile|psn|[from] ability: Poison Touch|[of] p1a: Muk\n|\n|-heal|p1a: Muk|55\/100|[from] item: Black Sludge\n|-damage|p2a: Krookodile|48\/100 psn|[from] psn\n|upkeep\n|turn|7\n|\n|t:|1598099512\n|move|p2a: Krookodile|Earthquake|p1a: Muk\n|-supereffective|p1a: Muk\n|-damage|p1a: Muk|8\/100\n|move|p1a: Muk|Fire Punch|p2a: Krookodile\n|-damage|p2a: Krookodile|26\/100 psn\n|\n|-heal|p1a: Muk|15\/100|[from] item: Black Sludge\n|-damage|p2a: Krookodile|14\/100 psn|[from] psn\n|upkeep\n|turn|8\n|j| PokepalsPlayzPYT\n|\n|t:|1598099521\n|move|p1a: Muk|Shadow Sneak|p2a: Krookodile\n|-resisted|p2a: Krookodile\n|-damage|p2a: Krookodile|8\/100 psn\n|move|p2a: Krookodile|Stone Edge|p1a: Muk\n|-damage|p1a: Muk|0 fnt\n|faint|p1a: Muk\n|\n|-damage|p2a: Krookodile|0 fnt|[from] psn\n|faint|p2a: Krookodile\n|-sideend|p1: shinysylveon20|Reflect\n|upkeep\n|\n|t:|1598099531\n|switch|p2a: Pidgeot|Pidgeot, M|100\/100\n|switch|p1a: Klefki|Klefki, F|58\/100\n|turn|9\n|l| PokepalsPlayzPYT\n|\n|t:|1598099534\n|detailschange|p2a: Pidgeot|Pidgeot-Mega, M\n|-mega|p2a: Pidgeot|Pidgeot|Pidgeotite\n|move|p1a: Klefki|Light Screen|p1a: Klefki\n|-sidestart|p1: shinysylveon20|move: Light Screen\n|move|p2a: Pidgeot|Heat Wave|p1a: Klefki\n|-supereffective|p1a: Klefki\n|-damage|p1a: Klefki|15\/100\n|\n|upkeep\n|turn|10\n|j| Pokemonslayer81\n|\n|t:|1598099544\n|move|p1a: Klefki|Reflect|p1a: Klefki\n|-sidestart|p1: shinysylveon20|Reflect\n|move|p2a: Pidgeot|Heat Wave|p1a: Klefki\n|-supereffective|p1a: Klefki\n|-damage|p1a: Klefki|0 fnt\n|faint|p1a: Klefki\n|\n|upkeep\n|\n|t:|1598099549\n|switch|p1a: Togekiss|Togekiss, M, shiny|100\/100\n|turn|11\n|\n|t:|1598099551\n|switch|p2a: Diancie|Diancie|100\/100 par\n|move|p1a: Togekiss|Thunder Wave|p2a: Diancie\n|-fail|p2a: Diancie|par\n|\n|upkeep\n|turn|12\n|\n|t:|1598099553\n|move|p1a: Togekiss|Ancient Power|p2a: Diancie\n|-damage|p2a: Diancie|87\/100 par\n|cant|p2a: Diancie|par\n|\n|-heal|p2a: Diancie|93\/100 par|[from] item: Leftovers\n|upkeep\n|turn|13\n|l| Pokemonslayer81\n|\n|t:|1598099557\n|move|p1a: Togekiss|Ancient Power|p2a: Diancie\n|-damage|p2a: Diancie|80\/100 par\n|-boost|p1a: Togekiss|atk|1\n|-boost|p1a: Togekiss|def|1\n|-boost|p1a: Togekiss|spa|1\n|-boost|p1a: Togekiss|spd|1\n|-boost|p1a: Togekiss|spe|1\n|move|p2a: Diancie|Toxic|p1a: Togekiss\n|-status|p1a: Togekiss|tox\n|\n|-heal|p2a: Diancie|86\/100 par|[from] item: Leftovers\n|-damage|p1a: Togekiss|94\/100 tox|[from] psn\n|upkeep\n|turn|14\n|\n|t:|1598099571\n|move|p1a: Togekiss|Ancient Power|p2a: Diancie\n|-damage|p2a: Diancie|66\/100 par\n|move|p2a: Diancie|Diamond Storm|p1a: Togekiss\n|-supereffective|p1a: Togekiss\n|-damage|p1a: Togekiss|74\/100 tox\n|\n|-heal|p1a: Togekiss|80\/100 tox|[from] item: Leftovers\n|-heal|p2a: Diancie|72\/100 par|[from] item: Leftovers\n|-damage|p1a: Togekiss|68\/100 tox|[from] psn\n|upkeep\n|turn|15\n|\n|t:|1598099576\n|move|p1a: Togekiss|Aura Sphere|p2a: Diancie\n|-damage|p2a: Diancie|47\/100 par\n|move|p2a: Diancie|Stealth Rock|p1a: Togekiss\n|-sidestart|p1: shinysylveon20|move: Stealth Rock\n|\n|-heal|p1a: Togekiss|74\/100 tox|[from] item: Leftovers\n|-heal|p2a: Diancie|53\/100 par|[from] item: Leftovers\n|-damage|p1a: Togekiss|56\/100 tox|[from] psn\n|upkeep\n|turn|16\n|\n|t:|1598099580\n|move|p1a: Togekiss|Ancient Power|p2a: Diancie\n|-damage|p2a: Diancie|33\/100 par\n|move|p2a: Diancie|Diamond Storm|p1a: Togekiss\n|-supereffective|p1a: Togekiss\n|-damage|p1a: Togekiss|37\/100 tox\n|\n|-heal|p1a: Togekiss|44\/100 tox|[from] item: Leftovers\n|-heal|p2a: Diancie|39\/100 par|[from] item: Leftovers\n|-damage|p1a: Togekiss|19\/100 tox|[from] psn\n|-sideend|p1: shinysylveon20|move: Light Screen\n|upkeep\n|turn|17\n|\n|t:|1598099584\n|move|p1a: Togekiss|Aura Sphere|p2a: Diancie\n|-crit|p2a: Diancie\n|-damage|p2a: Diancie|0 fnt\n|faint|p2a: Diancie\n|\n|-heal|p1a: Togekiss|25\/100 tox|[from] item: Leftovers\n|-damage|p1a: Togekiss|0 fnt|[from] psn\n|faint|p1a: Togekiss\n|-sideend|p1: shinysylveon20|Reflect\n|upkeep\n|\n|t:|1598099612\n|switch|p1a: Zeraora|Zeraora|100\/100\n|switch|p2a: Scizor|Scizor, F|100\/100\n|-damage|p1a: Zeraora|88\/100|[from] Stealth Rock\n|turn|18\n|\n|t:|1598099619\n|move|p1a: Zeraora|Knock Off|p2a: Scizor\n|-damage|p2a: Scizor|71\/100\n|-enditem|p2a: Scizor|Choice Band|[from] move: Knock Off|[of] p1a: Zeraora\n|move|p2a: Scizor|U-turn|p1a: Zeraora\n|-damage|p1a: Zeraora|24\/100\n|\n|t:|1598099626\n|switch|p2a: Infernape|Infernape, F|100\/100|[from]move: U-turn\n|\n|upkeep\n|turn|19\n|\n|t:|1598099632\n|switch|p1a: Infernape|Infernape, M|100\/100\n|-damage|p1a: Infernape|88\/100|[from] Stealth Rock\n|move|p2a: Infernape|Vacuum Wave|p1a: Infernape\n|-damage|p1a: Infernape|62\/100\n|\n|upkeep\n|turn|20\n|j| Pokemonslayer81\n|\n|t:|1598099643\n|switch|p2a: Tentacruel|Tentacruel, M|100\/100\n|move|p1a: Infernape|Thunder Punch|p2a: Tentacruel\n|-supereffective|p2a: Tentacruel\n|-damage|p2a: Tentacruel|25\/100\n|-damage|p1a: Infernape|52\/100|[from] item: Life Orb\n|\n|-heal|p2a: Tentacruel|31\/100|[from] item: Black Sludge\n|upkeep\n|turn|21\n|l| jiazan\n|\n|t:|1598099651\n|move|p1a: Infernape|Thunder Punch|p2a: Tentacruel\n|-supereffective|p2a: Tentacruel\n|-damage|p2a: Tentacruel|0 fnt\n|-damage|p1a: Infernape|42\/100|[from] item: Life Orb\n|faint|p2a: Tentacruel\n|\n|upkeep\n|\n|t:|1598099664\n|switch|p2a: Pidgeot|Pidgeot-Mega, M|100\/100\n|turn|22\n|\n|t:|1598099667\n|move|p1a: Infernape|Mach Punch|p2a: Pidgeot\n|-damage|p2a: Pidgeot|64\/100\n|-damage|p1a: Infernape|33\/100|[from] item: Life Orb\n|move|p2a: Pidgeot|Hurricane|p1a: Infernape\n|-supereffective|p1a: Infernape\n|-damage|p1a: Infernape|0 fnt\n|faint|p1a: Infernape\n|\n|upkeep\n|l|@fabwooloous\u30c4\n|\n|t:|1598099673\n|switch|p1a: Zeraora|Zeraora|24\/100\n|-damage|p1a: Zeraora|11\/100|[from] Stealth Rock\n|turn|23\n|\n|t:|1598099684\n|switch|p2a: Scizor|Scizor, F|71\/100\n|move|p1a: Zeraora|Plasma Fists|p2a: Scizor\n|-damage|p2a: Scizor|18\/100\n|-fieldactivate|move: Ion Deluge\n|\n|upkeep\n|turn|24\n|j| jiazan\n|j| Kilu190\n|\n|t:|1598099691\n|move|p2a: Scizor|Bullet Punch|p1a: Zeraora\n|-resisted|p1a: Zeraora\n|-damage|p1a: Zeraora|0 fnt\n|faint|p1a: Zeraora\n|\n|upkeep\n|\n|t:|1598099693\n|switch|p1a: Pidgeot|Pidgeot, F, shiny|100\/100\n|-damage|p1a: Pidgeot|76\/100|[from] Stealth Rock\n|turn|25\n|\n|t:|1598099707\n|detailschange|p1a: Pidgeot|Pidgeot-Mega, F, shiny\n|-mega|p1a: Pidgeot|Pidgeot|Pidgeotite\n|move|p2a: Scizor|Bullet Punch|p1a: Pidgeot\n|-damage|p1a: Pidgeot|29\/100\n|move|p1a: Pidgeot|Heat Wave|p2a: Scizor\n|-supereffective|p2a: Scizor\n|-damage|p2a: Scizor|0 fnt\n|faint|p2a: Scizor\n|\n|upkeep\n|\n|t:|1598099712\n|switch|p2a: Infernape|Infernape, F|100\/100\n|turn|26\n|\n|t:|1598099715\n|move|p2a: Infernape|Vacuum Wave|p1a: Pidgeot\n|-damage|p1a: Pidgeot|6\/100\n|move|p1a: Pidgeot|Hurricane|p2a: Infernape\n|-supereffective|p2a: Infernape\n|-damage|p2a: Infernape|0 fnt\n|faint|p2a: Infernape\n|\n|upkeep\n|\n|t:|1598099718\n|switch|p2a: Pidgeot|Pidgeot-Mega, M|64\/100\n|turn|27\n|c|\u2606shinysylveon20|speed yie\n|\n|t:|1598099722\n|move|p1a: Pidgeot|Hyper Beam|p2a: Pidgeot\n|-damage|p2a: Pidgeot|0 fnt\n|-mustrecharge|p1a: Pidgeot\n|faint|p2a: Pidgeot\n|\n|win|shinysylveon20\n","uploadtime":1598099723,"views":6,"p1id":"shinysylveon20","p2id":"trogbatrogba","formatid":"gen7uu","rating":0,"private":0,"password":null}