{"id":"gen7ou-928807649","p1":"Jakkkkkka","p2":"kummies","format":"gen7ou","log":"|j|\u2606Jakkkkkka\n|j|\u2606kummies\n|player|p1|Jakkkkkka|137\n|player|p2|kummies|100\n|teamsize|p1|6\n|teamsize|p2|6\n|gametype|singles\n|gen|7\n|tier|[Gen 7] OU\n|rated|\n|rule|Sleep Clause Mod: Limit one foe put to sleep\n|rule|Species Clause: Limit one of each Pok\u00e9mon\n|rule|OHKO Clause: OHKO moves are banned\n|rule|Moody Clause: Moody is banned\n|rule|Evasion Moves Clause: Evasion moves are banned\n|rule|Endless Battle Clause: Forcing endless battles is banned\n|rule|HP Percentage Mod: HP is shown in percentages\n|clearpoke\n|poke|p1|Nidoking, M|item\n|poke|p1|Tyranitar, F|item\n|poke|p1|Greninja, M|item\n|poke|p1|Celesteela|item\n|poke|p1|Serperior, M|item\n|poke|p1|Chansey, F|item\n|poke|p2|Dragonite, F|item\n|poke|p2|Espeon, F|item\n|poke|p2|Lopunny, F|item\n|poke|p2|Landorus-Therian, M|item\n|poke|p2|Ferrothorn, F|item\n|poke|p2|Azumarill, F|item\n|teampreview\n|\n|start\n|switch|p1a: Nidoking|Nidoking, M|303\/303\n|switch|p2a: Dragonite|Dragonite, F|386\/386\n|turn|1\n|\n|move|p1a: Nidoking|Toxic Spikes|p2a: Dragonite\n|-sidestart|p2: kummies|move: Toxic Spikes\n|move|p2a: Dragonite|Ice Beam|p1a: Nidoking\n|-supereffective|p1a: Nidoking\n|-crit|p1a: Nidoking\n|-enditem|p1a: Nidoking|Focus Sash\n|-damage|p1a: Nidoking|1\/303\n|\n|upkeep\n|turn|2\n|\n|move|p2a: Dragonite|Extreme Speed|p1a: Nidoking\n|-damage|p1a: Nidoking|0 fnt\n|faint|p1a: Nidoking\n|\n|upkeep\n|\n|switch|p1a: Tyranitar|Tyranitar, F|341\/341\n|-weather|Sandstorm|[from] ability: Sand Stream|[of] p1a: Tyranitar\n|turn|3\n|\n|switch|p2a: Ferrothorn|Ferrothorn, F|349\/349\n|detailschange|p1a: Tyranitar|Tyranitar-Mega, F\n|-mega|p1a: Tyranitar|Tyranitar|Tyranitarite\n|move|p1a: Tyranitar|Dragon Dance|p1a: Tyranitar\n|-boost|p1a: Tyranitar|atk|1\n|-boost|p1a: Tyranitar|spe|1\n|\n|-weather|Sandstorm|[upkeep]\n|upkeep\n|turn|4\n|j| bm pls\n|\n|move|p1a: Tyranitar|Fire Punch|p2a: Ferrothorn\n|-supereffective|p2a: Ferrothorn\n|-damage|p2a: Ferrothorn|0 fnt\n|-damage|p1a: Tyranitar|299\/341|[from] ability: Iron Barbs|[of] p2a: Ferrothorn\n|-damage|p1a: Tyranitar|243\/341|[from] item: Rocky Helmet|[of] p2a: Ferrothorn\n|faint|p2a: Ferrothorn\n|\n|-weather|Sandstorm|[upkeep]\n|upkeep\n|\n|switch|p2a: Azumarill|Azumarill, F|404\/404\n|-status|p2a: Azumarill|psn\n|turn|5\n|\n|move|p1a: Tyranitar|Stone Edge|p2a: Azumarill\n|-damage|p2a: Azumarill|49\/404 psn\n|-enditem|p2a: Azumarill|Sitrus Berry|[eat]\n|-heal|p2a: Azumarill|150\/404 psn|[from] item: Sitrus Berry\n|move|p2a: Azumarill|Belly Drum||[still]\n|-fail|p2a: Azumarill\n|\n|-weather|Sandstorm|[upkeep]\n|-damage|p2a: Azumarill|125\/404 psn|[from] Sandstorm\n|-damage|p2a: Azumarill|75\/404 psn|[from] psn\n|upkeep\n|turn|6\n|\n|switch|p1a: Celesteela|Celesteela|398\/398\n|move|p2a: Azumarill|Aqua Jet|p1a: Celesteela\n|-damage|p1a: Celesteela|332\/398\n|\n|-weather|Sandstorm|[upkeep]\n|-damage|p2a: Azumarill|50\/404 psn|[from] Sandstorm\n|-heal|p1a: Celesteela|356\/398|[from] item: Leftovers\n|-damage|p2a: Azumarill|0 fnt|[from] psn\n|faint|p2a: Azumarill\n|upkeep\n|\n|switch|p2a: Dragonite|Dragonite, F|386\/386\n|turn|7\n|\n|move|p2a: Dragonite|Fire Blast|p1a: Celesteela\n|-supereffective|p1a: Celesteela\n|-damage|p1a: Celesteela|138\/398\n|-status|p1a: Celesteela|brn\n|move|p1a: Celesteela|Leech Seed|p2a: Dragonite\n|-start|p2a: Dragonite|move: Leech Seed\n|\n|-weather|none\n|-heal|p1a: Celesteela|162\/398 brn|[from] item: Leftovers\n|-damage|p2a: Dragonite|338\/386|[from] Leech Seed|[of] p1a: Celesteela\n|-heal|p1a: Celesteela|210\/398 brn|[silent]\n|-damage|p1a: Celesteela|186\/398 brn|[from] brn\n|upkeep\n|turn|8\n|\n|switch|p2a: Landorus|Landorus-Therian, M|319\/319\n|-ability|p2a: Landorus|Intimidate|boost\n|-unboost|p1a: Celesteela|atk|1\n|switch|p1a: Chansey|Chansey, F|703\/703\n|\n|upkeep\n|turn|9\n|\n|move|p2a: Landorus|Knock Off|p1a: Chansey\n|-damage|p1a: Chansey|563\/703\n|-enditem|p1a: Chansey|Eviolite|[from] move: Knock Off|[of] p2a: Landorus\n|move|p1a: Chansey|Seismic Toss|p2a: Landorus\n|-damage|p2a: Landorus|219\/319\n|-damage|p1a: Chansey|446\/703|[from] item: Rocky Helmet|[of] p2a: Landorus\n|\n|upkeep\n|turn|10\n|inactive|Battle timer is ON: inactive players will automatically lose when time's up. (requested by Jakkkkkka)\n|inactive|kummies has 120 seconds left.\n|inactive|kummies has 90 seconds left.\n|l|\u2606kummies\n|inactive|kummies disconnected and has a minute to reconnect!\n|player|p2|\n|inactive|kummies has 30 seconds to reconnect!\n|inactive|kummies has 20 seconds to reconnect!\n|inactive|kummies has 15 seconds to reconnect!\n|inactive|kummies has 10 seconds to reconnect!\n|l|\u2606Jakkkkkka\n|inactive|Jakkkkkka disconnected and has a minute to reconnect!\n|player|p1|\n|inactive|kummies has 5 seconds to reconnect!\n|-message|kummies lost due to inactivity.\n|\n|win|Jakkkkkka\n","uploadtime":1560624611,"views":8,"p1id":"jakkkkkka","p2id":"kummies","formatid":"gen7ou","rating":0,"private":0,"password":null}