{"id":"gen7randombattle-1450363163","p1":"SRBLT sn0","p2":"BigWes95","format":"gen7randombattle","log":"|j|\u203dSRBLT sn0\n|j|\u2606BigWes95\n|t:|1636273372\n|gametype|singles\n|player|p1|SRBLT sn0|1|1625\n|player|p2|BigWes95|169|1524\n|teamsize|p1|6\n|teamsize|p2|6\n|gen|7\n|tier|[Gen 7] Random Battle\n|rated|\n|rule|Sleep Clause Mod: Limit one foe put to sleep\n|rule|HP Percentage Mod: HP is shown in percentages\n|\n|t:|1636273372\n|start\n|switch|p1a: Weezing|Weezing, L86, F|252\/252\n|switch|p2a: Stoutland|Stoutland, L88, M|293\/293\n|-ability|p2a: Stoutland|Intimidate|boost\n|-unboost|p1a: Weezing|atk|1\n|turn|1\n|inactive|Battle timer is ON: inactive players will automatically lose when time's up. (requested by BigWes95)\n|inactive|SRBLT sn0 also wants the timer to be on.\n|\n|t:|1636273384\n|move|p2a: Stoutland|Return|p1a: Weezing\n|-damage|p1a: Weezing|101\/252\n|move|p1a: Weezing|Will-O-Wisp|p2a: Stoutland\n|-status|p2a: Stoutland|brn\n|\n|-heal|p1a: Weezing|116\/252|[from] item: Black Sludge\n|-damage|p2a: Stoutland|275\/293 brn|[from] brn\n|upkeep\n|turn|2\n|\n|t:|1636273391\n|move|p2a: Stoutland|Return|p1a: Weezing\n|-damage|p1a: Weezing|37\/252\n|move|p1a: Weezing|Pain Split|p2a: Stoutland\n|-sethp|p2a: Stoutland|156\/293 brn|[from] move: Pain Split|[silent]\n|-sethp|p1a: Weezing|156\/252|[from] move: Pain Split\n|\n|-heal|p1a: Weezing|171\/252|[from] item: Black Sludge\n|-damage|p2a: Stoutland|138\/293 brn|[from] brn\n|upkeep\n|turn|3\n|\n|t:|1636273395\n|switch|p1a: Huntail|Huntail, L88, F|240\/240\n|move|p2a: Stoutland|Return|p1a: Huntail\n|-damage|p1a: Huntail|153\/240\n|\n|-damage|p2a: Stoutland|120\/293 brn|[from] brn\n|upkeep\n|turn|4\n|\n|t:|1636273398\n|move|p2a: Stoutland|Return|p1a: Huntail\n|-damage|p1a: Huntail|77\/240\n|move|p1a: Huntail|Shell Smash|p1a: Huntail\n|-unboost|p1a: Huntail|def|1\n|-unboost|p1a: Huntail|spd|1\n|-boost|p1a: Huntail|atk|2\n|-boost|p1a: Huntail|spa|2\n|-boost|p1a: Huntail|spe|2\n|-enditem|p1a: Huntail|White Herb\n|-clearnegativeboost|p1a: Huntail|[silent]\n|\n|-damage|p2a: Stoutland|102\/293 brn|[from] brn\n|upkeep\n|turn|5\n|\n|t:|1636273402\n|move|p1a: Huntail|Sucker Punch|p2a: Stoutland\n|-crit|p2a: Stoutland\n|-damage|p2a: Stoutland|0 fnt\n|faint|p2a: Stoutland\n|\n|upkeep\n|\n|t:|1636273410\n|switch|p2a: Swanna|Swanna, L88, M|275\/275\n|turn|6\n|\n|t:|1636273412\n|move|p1a: Huntail|Waterfall|p2a: Swanna\n|-resisted|p2a: Swanna\n|-damage|p2a: Swanna|164\/275\n|move|p2a: Swanna|Brave Bird|p1a: Huntail\n|-crit|p1a: Huntail\n|-damage|p1a: Huntail|0 fnt\n|faint|p1a: Huntail\n|-damage|p2a: Swanna|139\/275|[from] Recoil\n|-damage|p2a: Swanna|112\/275|[from] item: Life Orb\n|\n|upkeep\n|\n|t:|1636273412\n|switch|p1a: Rotom|Rotom-Mow, L84|221\/221\n|turn|7\n|\n|t:|1636273418\n|move|p1a: Rotom|Volt Switch|p2a: Swanna\n|-supereffective|p2a: Swanna\n|-damage|p2a: Swanna|0 fnt\n|faint|p2a: Swanna\n|\n|t:|1636273418\n|switch|p1a: Weezing|Weezing, L86, F|171\/252\n|\n|-heal|p1a: Weezing|186\/252|[from] item: Black Sludge\n|upkeep\n|\n|t:|1636273421\n|switch|p2a: Forretress|Forretress, L84, F|263\/263\n|turn|8\n|\n|t:|1636273423\n|move|p1a: Weezing|Pain Split|p2a: Forretress\n|-sethp|p2a: Forretress|224\/263|[from] move: Pain Split|[silent]\n|-sethp|p1a: Weezing|224\/252|[from] move: Pain Split\n|move|p2a: Forretress|Stealth Rock|p1a: Weezing\n|-sidestart|p1: SRBLT sn0|move: Stealth Rock\n|\n|-heal|p1a: Weezing|239\/252|[from] item: Black Sludge\n|-heal|p2a: Forretress|240\/263|[from] item: Leftovers\n|upkeep\n|turn|9\n|\n|t:|1636273427\n|switch|p1a: Rotom|Rotom-Mow, L84|221\/221\n|-damage|p1a: Rotom|194\/221|[from] Stealth Rock\n|move|p2a: Forretress|Gyro Ball|p1a: Rotom\n|-resisted|p1a: Rotom\n|-damage|p1a: Rotom|155\/221\n|\n|-heal|p2a: Forretress|256\/263|[from] item: Leftovers\n|upkeep\n|turn|10\n|\n|t:|1636273431\n|switch|p2a: Rotom|Rotom-Heat, L82|215\/215\n|move|p1a: Rotom|Volt Switch|p2a: Rotom\n|-resisted|p2a: Rotom\n|-damage|p2a: Rotom|180\/215\n|\n|t:|1636273431\n|switch|p1a: Tyrantrum|Tyrantrum, L84, F|275\/275\n|-damage|p1a: Tyrantrum|241\/275|[from] Stealth Rock\n|\n|-heal|p2a: Rotom|193\/215|[from] item: Leftovers\n|upkeep\n|turn|11\n|\n|t:|1636273435\n|move|p1a: Tyrantrum|Head Smash|p2a: Rotom|[miss]\n|-miss|p1a: Tyrantrum|p2a: Rotom\n|move|p2a: Rotom|Will-O-Wisp|p1a: Tyrantrum\n|-status|p1a: Tyrantrum|brn\n|\n|-heal|p2a: Rotom|206\/215|[from] item: Leftovers\n|-damage|p1a: Tyrantrum|224\/275 brn|[from] brn\n|upkeep\n|turn|12\n|\n|t:|1636273439\n|switch|p2a: Forretress|Forretress, L84, F|256\/263\n|move|p1a: Tyrantrum|Head Smash|p2a: Forretress\n|-damage|p2a: Forretress|186\/263\n|\n|-heal|p2a: Forretress|202\/263|[from] item: Leftovers\n|-damage|p1a: Tyrantrum|207\/275 brn|[from] brn\n|upkeep\n|turn|13\n|\n|t:|1636273440\n|move|p1a: Tyrantrum|Head Smash|p2a: Forretress\n|-damage|p2a: Forretress|138\/263\n|move|p2a: Forretress|Gyro Ball|p1a: Tyrantrum\n|-supereffective|p1a: Tyrantrum\n|-damage|p1a: Tyrantrum|79\/275 brn\n|\n|-heal|p2a: Forretress|154\/263|[from] item: Leftovers\n|-damage|p1a: Tyrantrum|62\/275 brn|[from] brn\n|upkeep\n|turn|14\n|\n|t:|1636273444\n|move|p1a: Tyrantrum|Head Smash|p2a: Forretress\n|-damage|p2a: Forretress|94\/263\n|move|p2a: Forretress|Gyro Ball|p1a: Tyrantrum\n|-supereffective|p1a: Tyrantrum\n|-damage|p1a: Tyrantrum|0 fnt\n|faint|p1a: Tyrantrum\n|\n|-heal|p2a: Forretress|110\/263|[from] item: Leftovers\n|upkeep\n|\n|t:|1636273444\n|switch|p1a: Rotom|Rotom-Mow, L84|155\/221\n|-damage|p1a: Rotom|128\/221|[from] Stealth Rock\n|turn|15\n|\n|t:|1636273446\n|move|p1a: Rotom|Volt Switch|p2a: Forretress\n|-damage|p2a: Forretress|4\/263\n|\n|t:|1636273446\n|switch|p1a: Celebi|Celebi, L82|298\/298\n|-damage|p1a: Celebi|261\/298|[from] Stealth Rock\n|move|p2a: Forretress|Gyro Ball|p1a: Celebi\n|-damage|p1a: Celebi|194\/298\n|\n|-heal|p1a: Celebi|212\/298|[from] item: Leftovers\n|-heal|p2a: Forretress|20\/263|[from] item: Leftovers\n|upkeep\n|turn|16\n|\n|t:|1636273449\n|move|p1a: Celebi|Psychic|p2a: Forretress\n|-resisted|p2a: Forretress\n|-damage|p2a: Forretress|0 fnt\n|faint|p2a: Forretress\n|\n|-heal|p1a: Celebi|230\/298|[from] item: Leftovers\n|upkeep\n|\n|t:|1636273452\n|switch|p2a: Rotom|Rotom-Heat, L82|206\/215\n|turn|17\n|\n|t:|1636273456\n|switch|p1a: Lycanroc|Lycanroc, L88, F|275\/275\n|-damage|p1a: Lycanroc|241\/275|[from] Stealth Rock\n|move|p2a: Rotom|Overheat|p1a: Lycanroc|[miss]\n|-miss|p2a: Rotom|p1a: Lycanroc\n|\n|-heal|p2a: Rotom|215\/215|[from] item: Leftovers\n|upkeep\n|turn|18\n|\n|t:|1636273461\n|switch|p2a: Vileplume|Vileplume, L86, M|269\/269\n|-zpower|p1a: Lycanroc\n|move|p1a: Lycanroc|Splintered Stormshards|p2a: Vileplume|[zeffect]\n|-crit|p2a: Vileplume\n|-damage|p2a: Vileplume|0 fnt\n|faint|p2a: Vileplume\n|\n|upkeep\n|\n|t:|1636273464\n|switch|p2a: Celesteela|Celesteela, L80|286\/286\n|turn|19\n|\n|t:|1636273467\n|switch|p1a: Celebi|Celebi, L82|230\/298\n|-damage|p1a: Celebi|193\/298|[from] Stealth Rock\n|move|p2a: Celesteela|Autotomize|p2a: Celesteela\n|-boost|p2a: Celesteela|spe|2\n|-start|p2a: Celesteela|Autotomize\n|\n|-heal|p1a: Celebi|211\/298|[from] item: Leftovers\n|upkeep\n|turn|20\n|\n|t:|1636273470\n|switch|p1a: Weezing|Weezing, L86, F|239\/252\n|-damage|p1a: Weezing|208\/252|[from] Stealth Rock\n|move|p2a: Celesteela|Air Slash|p1a: Weezing\n|-damage|p1a: Weezing|112\/252\n|\n|-heal|p1a: Weezing|127\/252|[from] item: Black Sludge\n|upkeep\n|turn|21\n|\n|t:|1636273476\n|move|p2a: Celesteela|Air Slash|p1a: Weezing\n|-damage|p1a: Weezing|40\/252\n|move|p1a: Weezing|Pain Split|p2a: Celesteela\n|-sethp|p2a: Celesteela|163\/286|[from] move: Pain Split|[silent]\n|-sethp|p1a: Weezing|163\/252|[from] move: Pain Split\n|\n|-heal|p1a: Weezing|178\/252|[from] item: Black Sludge\n|upkeep\n|turn|22\n|\n|t:|1636273478\n|move|p2a: Celesteela|Air Slash|p1a: Weezing\n|-damage|p1a: Weezing|82\/252\n|move|p1a: Weezing|Pain Split|p2a: Celesteela\n|-sethp|p2a: Celesteela|122\/286|[from] move: Pain Split|[silent]\n|-sethp|p1a: Weezing|122\/252|[from] move: Pain Split\n|\n|-heal|p1a: Weezing|137\/252|[from] item: Black Sludge\n|upkeep\n|turn|23\n|\n|t:|1636273481\n|move|p2a: Celesteela|Air Slash|p1a: Weezing\n|-damage|p1a: Weezing|44\/252\n|cant|p1a: Weezing|flinch\n|\n|-heal|p1a: Weezing|59\/252|[from] item: Black Sludge\n|upkeep\n|turn|24\n|\n|t:|1636273483\n|move|p2a: Celesteela|Flash Cannon|p1a: Weezing\n|-damage|p1a: Weezing|0 fnt\n|faint|p1a: Weezing\n|-ability|p2a: Celesteela|Beast Boost|boost\n|-boost|p2a: Celesteela|spa|1\n|\n|upkeep\n|\n|t:|1636273484\n|switch|p1a: Rotom|Rotom-Mow, L84|128\/221\n|-damage|p1a: Rotom|101\/221|[from] Stealth Rock\n|turn|25\n|\n|t:|1636273487\n|move|p1a: Rotom|Hidden Power|p2a: Celesteela\n|-damage|p2a: Celesteela|79\/286\n|move|p2a: Celesteela|Air Slash|p1a: Rotom\n|-damage|p1a: Rotom|0 fnt\n|faint|p1a: Rotom\n|-ability|p2a: Celesteela|Beast Boost|boost\n|-boost|p2a: Celesteela|spa|1\n|\n|upkeep\n|\n|t:|1636273487\n|switch|p1a: Celebi|Celebi, L82|211\/298\n|-damage|p1a: Celebi|174\/298|[from] Stealth Rock\n|turn|26\n|\n|t:|1636273493\n|move|p2a: Celesteela|Air Slash|p1a: Celebi\n|-supereffective|p1a: Celebi\n|-damage|p1a: Celebi|0 fnt\n|faint|p1a: Celebi\n|-ability|p2a: Celesteela|Beast Boost|boost\n|-boost|p2a: Celesteela|spa|1\n|\n|upkeep\n|\n|t:|1636273493\n|switch|p1a: Lycanroc|Lycanroc, L88, F|241\/275\n|-damage|p1a: Lycanroc|207\/275|[from] Stealth Rock\n|turn|27\n|\n|t:|1636273496\n|move|p1a: Lycanroc|Accelerock|p2a: Celesteela\n|-crit|p2a: Celesteela\n|-damage|p2a: Celesteela|0 fnt\n|faint|p2a: Celesteela\n|\n|upkeep\n|\n|t:|1636273498\n|switch|p2a: Rotom|Rotom-Heat, L82|215\/215\n|turn|28\n|\n|t:|1636273500\n|move|p1a: Lycanroc|Stone Edge|p2a: Rotom\n|-supereffective|p2a: Rotom\n|-damage|p2a: Rotom|0 fnt\n|faint|p2a: Rotom\n|\n|win|SRBLT sn0\n|raw|SRBLT sn0's rating: 1625 &rarr; <strong>1639<\/strong><br \/>(+14 for winning)\n|raw|BigWes95's rating: 1524 &rarr; <strong>1510<\/strong><br \/>(-14 for losing)\n|l|\u203dSRBLT sn0\n|l|\u2606BigWes95\n","inputlog":">version c5726289c173b5b48aecb61034ff24a659b59277\n>start {\"formatid\":\"gen7randombattle\",\"seed\":[12285,28447,26747,11801],\"rated\":\"Rated battle\"}\n>player p1 {\"name\":\"SRBLT sn0\",\"avatar\":\"1\",\"rating\":1625,\"seed\":[8134,38616,35205,452]}\n>player p2 {\"name\":\"BigWes95\",\"avatar\":\"169\",\"rating\":1524,\"seed\":[1740,1817,26257,11490]}\n>p1 move willowisp\n>p2 move return\n>p1 move painsplit\n>p2 move return\n>p1 switch 2\n>p2 move return\n>p1 move shellsmash\n>p2 move return\n>p1 move suckerpunch\n>p2 move return\n>p2 switch 6\n>p1 move waterfall\n>p2 move bravebird\n>p1 switch 3\n>p1 move voltswitch\n>p2 move bravebird\n>p1 switch 2\n>p2 switch 4\n>p1 move painsplit\n>p2 move stealthrock\n>p1 switch 2\n>p2 move gyroball\n>p1 move voltswitch\n>p2 switch 3\n>p1 switch 5\n>p1 move headsmash\n>p2 move willowisp\n>p1 move headsmash\n>p2 switch 3\n>p1 move headsmash\n>p2 move gyroball\n>p1 move headsmash\n>p2 move gyroball\n>p1 switch 5\n>p1 move voltswitch\n>p2 move gyroball\n>p1 switch 6\n>p1 move psychic\n>p2 move gyroball\n>p2 switch 3\n>p1 switch 4\n>p2 move overheat\n>p1 move stoneedge zmove\n>p2 switch 2\n>p2 switch 5\n>p1 switch 4\n>p2 move autotomize\n>p1 switch 2\n>p2 move airslash\n>p1 move painsplit\n>p2 move airslash\n>p1 move painsplit\n>p2 move airslash\n>p1 move painsplit\n>p2 move airslash\n>p1 move painsplit\n>p2 move flashcannon\n>p1 switch 6\n>p1 move hiddenpower\n>p2 move airslash\n>p1 switch 2\n>p1 move recover\n>p2 move airslash\n>p1 switch 4\n>p1 move accelerock\n>p2 move flashcannon\n>p2 switch 2\n>p1 move stoneedge\n>p2 move thunderbolt","uploadtime":1636273504,"views":55,"p1id":"srbltsn0","p2id":"bigwes95","formatid":"gen7randombattle","rating":1510,"private":0,"password":null}