{"id":"gen7ou-965133034","p1":"ioiiio","p2":"Shardul888","format":"gen7ou","log":"|j|\u2606ioiiio\n|j|\u2606Shardul888\n|player|p1|ioiiio|39|1435\n|player|p2|Shardul888|92|1442\n|teamsize|p1|6\n|teamsize|p2|6\n|gametype|singles\n|gen|7\n|tier|[Gen 7] OU\n|rated|\n|rule|Sleep Clause Mod: Limit one foe put to sleep\n|rule|Species Clause: Limit one of each Pok\u00e9mon\n|rule|OHKO Clause: OHKO moves are banned\n|rule|Moody Clause: Moody is banned\n|rule|Evasion Moves Clause: Evasion moves are banned\n|rule|Endless Battle Clause: Forcing endless battles is banned\n|rule|HP Percentage Mod: HP is shown in percentages\n|clearpoke\n|poke|p1|Alakazam, M|item\n|poke|p1|Tapu Lele|item\n|poke|p1|Kartana|item\n|poke|p1|Greninja, M|item\n|poke|p1|Landorus-Therian, M|item\n|poke|p1|Magearna|item\n|poke|p2|Venusaur, M|item\n|poke|p2|Magearna|item\n|poke|p2|Dragonite, F|item\n|poke|p2|Gliscor, M|item\n|poke|p2|Thundurus-Therian, M|item\n|poke|p2|Primarina, F|item\n|teampreview\n|\n|start\n|switch|p1a: Landorus|Landorus-Therian, M|100\/100\n|switch|p2a: Zap|Thundurus-Therian, M|100\/100\n|-ability|p1a: Landorus|Intimidate|boost\n|-unboost|p2a: Zap|atk|1\n|turn|1\n|inactive|Battle timer is ON: inactive players will automatically lose when time's up. (requested by Shardul888)\n|\n|switch|p2a: Sandstorm|Gliscor, M|100\/100\n|switch|p1a: Magearna|Magearna|100\/100\n|\n|-status|p2a: Sandstorm|tox|[from] item: Toxic Orb\n|upkeep\n|turn|2\n|\n|switch|p1a: Greninja|Greninja, M|100\/100\n|move|p2a: Sandstorm|Knock Off|p1a: Greninja\n|-resisted|p1a: Greninja\n|-damage|p1a: Greninja|83\/100\n|-enditem|p1a: Greninja|Choice Specs|[from] move: Knock Off|[of] p2a: Sandstorm\n|\n|upkeep\n|turn|3\n|\n|switch|p2a: Machine|Magearna|100\/100\n|move|p1a: Greninja|Hydro Pump|p2a: Machine\n|-damage|p2a: Machine|57\/100\n|\n|upkeep\n|turn|4\n|\n|switch|p1a: Magearna|Magearna|100\/100\n|move|p2a: Machine|Aura Sphere|p1a: Magearna\n|-damage|p1a: Magearna|89\/100\n|\n|upkeep\n|turn|5\n|\n|switch|p2a: Sandstorm|Gliscor, M|100\/100 tox\n|move|p1a: Magearna|Iron Head|p2a: Sandstorm\n|-damage|p2a: Sandstorm|85\/100 tox\n|\n|-heal|p2a: Sandstorm|98\/100 tox|[from] ability: Poison Heal\n|upkeep\n|turn|6\n|\n|switch|p1a: Landorus|Landorus-Therian, M|100\/100\n|-ability|p1a: Landorus|Intimidate|boost\n|-unboost|p2a: Sandstorm|atk|1\n|move|p2a: Sandstorm|Knock Off|p1a: Landorus\n|-damage|p1a: Landorus|91\/100\n|-damage|p2a: Sandstorm|81\/100 tox|[from] item: Rocky Helmet|[of] p1a: Landorus\n|-enditem|p1a: Landorus|Rocky Helmet|[from] move: Knock Off|[of] p2a: Sandstorm\n|\n|-heal|p2a: Sandstorm|93\/100 tox|[from] ability: Poison Heal\n|upkeep\n|turn|7\n|\n|move|p1a: Landorus|Stealth Rock|p2a: Sandstorm\n|-sidestart|p2: Shardul888|move: Stealth Rock\n|move|p2a: Sandstorm|Toxic|p1a: Landorus|[miss]\n|-miss|p2a: Sandstorm|p1a: Landorus\n|\n|-heal|p2a: Sandstorm|100\/100 tox|[from] ability: Poison Heal\n|upkeep\n|turn|8\n|l|\u2606ioiiio\n|inactive|ioiiio disconnected and has a minute to reconnect!\n|player|p1|\n|j|\u2606ioiiio\n|inactive|ioiiio reconnected and has 135 seconds left.\n|player|p1|ioiiio|39\n|inactive|ioiiio has 120 seconds left.\n|\n|move|p1a: Landorus|Hidden Power|p2a: Sandstorm\n|-supereffective|p2a: Sandstorm\n|-damage|p2a: Sandstorm|39\/100 tox\n|move|p2a: Sandstorm|Defog|p1a: Landorus\n|-unboost|p1a: Landorus|evasion|1\n|-sideend|p2: Shardul888|Stealth Rock|[from] move: Defog|[of] p2a: Sandstorm\n|\n|-heal|p2a: Sandstorm|52\/100 tox|[from] ability: Poison Heal\n|upkeep\n|turn|9\n|\n|move|p2a: Sandstorm|Protect|p2a: Sandstorm\n|-singleturn|p2a: Sandstorm|Protect\n|move|p1a: Landorus|Hidden Power|p2a: Sandstorm\n|-activate|p2a: Sandstorm|move: Protect\n|\n|-heal|p2a: Sandstorm|64\/100 tox|[from] ability: Poison Heal\n|upkeep\n|turn|10\n|\n|switch|p2a: Pearl|Primarina, F|100\/100\n|move|p1a: Landorus|Hidden Power|p2a: Pearl\n|-resisted|p2a: Pearl\n|-damage|p2a: Pearl|97\/100\n|\n|upkeep\n|turn|11\n|\n|switch|p1a: Magearna|Magearna|89\/100\n|move|p2a: Pearl|Scald|p1a: Magearna\n|-damage|p1a: Magearna|69\/100\n|-status|p1a: Magearna|brn\n|\n|-damage|p1a: Magearna|63\/100 brn|[from] brn\n|upkeep\n|turn|12\n|\n|move|p2a: Pearl|Scald|p1a: Magearna\n|-damage|p1a: Magearna|43\/100 brn\n|move|p1a: Magearna|Volt Switch|p2a: Pearl\n|-supereffective|p2a: Pearl\n|-damage|p2a: Pearl|75\/100\n|\n|switch|p1a: Greninja|Greninja, M|83\/100|[from]move: Volt Switch\n|\n|upkeep\n|turn|13\n|\n|move|p1a: Greninja|Hydro Pump|p2a: Pearl\n|-resisted|p2a: Pearl\n|-damage|p2a: Pearl|61\/100\n|move|p2a: Pearl|Moonblast|p1a: Greninja\n|-supereffective|p1a: Greninja\n|-damage|p1a: Greninja|0 fnt\n|faint|p1a: Greninja\n|\n|upkeep\n|\n|switch|p1a: Tapu Lele|Tapu Lele|100\/100\n|-fieldstart|move: Psychic Terrain|[from] ability: Psychic Surge|[of] p1a: Tapu Lele\n|turn|14\n|\n|move|p1a: Tapu Lele|Calm Mind|p1a: Tapu Lele\n|-boost|p1a: Tapu Lele|spa|1\n|-boost|p1a: Tapu Lele|spd|1\n|move|p2a: Pearl|Scald|p1a: Tapu Lele\n|-damage|p1a: Tapu Lele|70\/100\n|\n|upkeep\n|turn|15\n|\n|-zpower|p1a: Tapu Lele\n|move|p1a: Tapu Lele|Shattered Psyche|p2a: Pearl|[zeffect]\n|-damage|p2a: Pearl|0 fnt\n|faint|p2a: Pearl\n|\n|upkeep\n|\n|switch|p2a: Machine|Magearna|57\/100\n|turn|16\n|\n|move|p1a: Tapu Lele|Hidden Power|p2a: Machine\n|-supereffective|p2a: Machine\n|-damage|p2a: Machine|9\/100\n|-enditem|p2a: Machine|Aguav Berry|[eat]\n|-heal|p2a: Machine|59\/100|[from] item: Aguav Berry\n|move|p2a: Machine|Dazzling Gleam|p1a: Tapu Lele\n|-damage|p1a: Tapu Lele|38\/100\n|\n|upkeep\n|turn|17\n|\n|move|p1a: Tapu Lele|Hidden Power|p2a: Machine\n|-supereffective|p2a: Machine\n|-damage|p2a: Machine|10\/100\n|move|p2a: Machine|Dazzling Gleam|p1a: Tapu Lele\n|-damage|p1a: Tapu Lele|9\/100\n|\n|upkeep\n|turn|18\n|\n|move|p1a: Tapu Lele|Psyshock|p2a: Machine\n|-resisted|p2a: Machine\n|-damage|p2a: Machine|0 fnt\n|faint|p2a: Machine\n|\n|-fieldend|move: Psychic Terrain\n|upkeep\n|\n|switch|p2a: Sky|Dragonite, F|100\/100\n|turn|19\n|\n|switch|p1a: Landorus|Landorus-Therian, M|91\/100\n|-ability|p1a: Landorus|Intimidate|boost\n|-unboost|p2a: Sky|atk|1\n|move|p2a: Sky|Extreme Speed|p1a: Landorus\n|-damage|p1a: Landorus|76\/100\n|\n|upkeep\n|turn|20\n|\n|move|p1a: Landorus|Hidden Power|p2a: Sky\n|-supereffective|p2a: Sky\n|-damage|p2a: Sky|83\/100\n|move|p2a: Sky|Ice Punch|p1a: Landorus\n|-supereffective|p1a: Landorus\n|-damage|p1a: Landorus|15\/100\n|-status|p1a: Landorus|frz\n|\n|upkeep\n|turn|21\n|\n|-curestatus|p1a: Landorus|frz|[msg]\n|move|p1a: Landorus|Hidden Power|p2a: Sky\n|-supereffective|p2a: Sky\n|-damage|p2a: Sky|52\/100\n|move|p2a: Sky|Dragon Claw|p1a: Landorus\n|-damage|p1a: Landorus|0 fnt\n|faint|p1a: Landorus\n|\n|upkeep\n|\n|switch|p1a: Tapu Lele|Tapu Lele|9\/100\n|-fieldstart|move: Psychic Terrain|[from] ability: Psychic Surge|[of] p1a: Tapu Lele\n|turn|22\n|\n|switch|p2a: Sandstorm|Gliscor, M|64\/100 tox\n|move|p1a: Tapu Lele|Moonblast|p2a: Sandstorm\n|-damage|p2a: Sandstorm|2\/100 tox\n|\n|-heal|p2a: Sandstorm|14\/100 tox|[from] ability: Poison Heal\n|upkeep\n|turn|23\n|\n|move|p2a: Sandstorm|Protect|p2a: Sandstorm\n|-singleturn|p2a: Sandstorm|Protect\n|move|p1a: Tapu Lele|Psyshock|p2a: Sandstorm\n|-activate|p2a: Sandstorm|move: Protect\n|\n|-heal|p2a: Sandstorm|26\/100 tox|[from] ability: Poison Heal\n|upkeep\n|turn|24\n|\n|move|p1a: Tapu Lele|Psyshock|p2a: Sandstorm\n|-damage|p2a: Sandstorm|0 fnt\n|faint|p2a: Sandstorm\n|\n|upkeep\n|\n|switch|p2a: Zap|Thundurus-Therian, M|100\/100\n|turn|25\n|\n|switch|p1a: Magearna|Magearna|43\/100 brn\n|move|p2a: Zap|Discharge|p1a: Magearna\n|-damage|p1a: Magearna|25\/100 brn\n|\n|-damage|p1a: Magearna|19\/100 brn|[from] brn\n|upkeep\n|turn|26\n|\n|move|p2a: Zap|Flash Cannon|p1a: Magearna\n|-damage|p1a: Magearna|5\/100 brn\n|move|p1a: Magearna|Fleur Cannon|p2a: Zap\n|-damage|p2a: Zap|45\/100\n|-unboost|p1a: Magearna|spa|2\n|\n|-damage|p1a: Magearna|0 fnt|[from] brn\n|faint|p1a: Magearna\n|-fieldend|move: Psychic Terrain\n|upkeep\n|\n|switch|p1a: Tapu Lele|Tapu Lele|9\/100\n|-fieldstart|move: Psychic Terrain|[from] ability: Psychic Surge|[of] p1a: Tapu Lele\n|turn|27\n|\n|move|p2a: Zap|Discharge|p1a: Tapu Lele\n|-damage|p1a: Tapu Lele|0 fnt\n|faint|p1a: Tapu Lele\n|\n|upkeep\n|\n|switch|p1a: Alakazam|Alakazam, M|100\/100\n|turn|28\n|\n|detailschange|p1a: Alakazam|Alakazam-Mega, M\n|-mega|p1a: Alakazam|Alakazam|Alakazite\n|-ability|p1a: Alakazam|Volt Absorb|[from] ability: Trace|[of] p2a: Zap\n|move|p1a: Alakazam|Psychic|p2a: Zap\n|-damage|p2a: Zap|0 fnt\n|faint|p2a: Zap\n|\n|upkeep\n|\n|switch|p2a: Sky|Dragonite, F|52\/100\n|turn|29\n|\n|move|p1a: Alakazam|Psychic|p2a: Sky\n|-damage|p2a: Sky|0 fnt\n|faint|p2a: Sky\n|\n|upkeep\n|-message|Shardul888 forfeited.\n|\n|win|ioiiio\n|l|\u2606Shardul888\n|raw|ioiiio's rating: 1436 &rarr; <strong>1456<\/strong><br \/>(+20 for winning)\n|raw|Shardul888's rating: 1442 &rarr; <strong>1422<\/strong><br \/>(-20 for losing)\n","uploadtime":1566624937,"views":8,"p1id":"ioiiio","p2id":"shardul888","formatid":"gen7ou","rating":1422,"private":0,"password":null}