{"id":"gen7ou-1001976542","p1":"seald","p2":"Shardul888","format":"gen7ou","log":"|j|\u2606seald\n|j|\u2606Shardul888\n|player|p1|seald|260|1702\n|player|p2|Shardul888|92|1648\n|teamsize|p1|6\n|teamsize|p2|6\n|gametype|singles\n|gen|7\n|tier|[Gen 7] OU\n|rated|\n|rule|Sleep Clause Mod: Limit one foe put to sleep\n|rule|Species Clause: Limit one of each Pok\u00e9mon\n|rule|OHKO Clause: OHKO moves are banned\n|rule|Moody Clause: Moody is banned\n|rule|Evasion Moves Clause: Evasion moves are banned\n|rule|Endless Battle Clause: Forcing endless battles is banned\n|rule|HP Percentage Mod: HP is shown in percentages\n|clearpoke\n|poke|p1|Latios, M|item\n|poke|p1|Salamence, M|item\n|poke|p1|Mamoswine, M|item\n|poke|p1|Tangrowth, M|item\n|poke|p1|Magearna|item\n|poke|p1|Tornadus-Therian, M|item\n|poke|p2|Venusaur, M|item\n|poke|p2|Magearna|item\n|poke|p2|Dragonite, M|item\n|poke|p2|Tapu Lele|item\n|poke|p2|Gliscor, F|item\n|poke|p2|Toxapex, F|item\n|teampreview\n|inactive|Battle timer is ON: inactive players will automatically lose when time's up. (requested by Shardul888)\n|\n|start\n|switch|p1a: Mamoswine|Mamoswine, M|100\/100\n|switch|p2a: Godzilla|Venusaur, M|100\/100\n|turn|1\n|\n|switch|p1a: Tornadus|Tornadus-Therian, M|100\/100\n|detailschange|p2a: Godzilla|Venusaur-Mega, M\n|-mega|p2a: Godzilla|Venusaur|Venusaurite\n|move|p2a: Godzilla|Giga Drain|p1a: Tornadus\n|-resisted|p1a: Tornadus\n|-crit|p1a: Tornadus\n|-damage|p1a: Tornadus|76\/100\n|\n|upkeep\n|turn|2\n|\n|move|p1a: Tornadus|Hurricane|p2a: Godzilla|[miss]\n|-miss|p1a: Tornadus|p2a: Godzilla\n|move|p2a: Godzilla|Leech Seed|p1a: Tornadus\n|-start|p1a: Tornadus|move: Leech Seed\n|\n|-damage|p1a: Tornadus|64\/100|[from] Leech Seed|[of] p2a: Godzilla\n|upkeep\n|turn|3\n|\n|switch|p2a: Toxapex|Toxapex, F|100\/100\n|move|p1a: Tornadus|U-turn|p2a: Toxapex\n|-resisted|p2a: Toxapex\n|-damage|p2a: Toxapex|96\/100\n|\n|switch|p1a: Latios|Latios, M|100\/100|[from]move: U-turn\n|\n|-heal|p2a: Toxapex|100\/100|[from] item: Leftovers\n|upkeep\n|turn|4\n|\n|detailschange|p1a: Latios|Latios-Mega, M\n|-mega|p1a: Latios|Latios|Latiosite\n|move|p1a: Latios|Psychic|p2a: Toxapex\n|-supereffective|p2a: Toxapex\n|-damage|p2a: Toxapex|18\/100\n|move|p2a: Toxapex|Toxic|p1a: Latios\n|-status|p1a: Latios|tox\n|\n|-heal|p2a: Toxapex|24\/100|[from] item: Leftovers\n|-damage|p1a: Latios|95\/100 tox|[from] psn\n|upkeep\n|turn|5\n|\n|move|p2a: Toxapex|Baneful Bunker|p2a: Toxapex\n|-singleturn|p2a: Toxapex|move: Protect\n|move|p1a: Latios|Earthquake|p2a: Toxapex\n|-activate|p2a: Toxapex|move: Protect\n|\n|-heal|p2a: Toxapex|30\/100|[from] item: Leftovers\n|-damage|p1a: Latios|83\/100 tox|[from] psn\n|upkeep\n|turn|6\n|\n|switch|p2a: Gliscor|Gliscor, F|100\/100\n|move|p1a: Latios|Earthquake|p2a: Gliscor\n|-immune|p2a: Gliscor\n|\n|-damage|p1a: Latios|65\/100 tox|[from] psn\n|-status|p2a: Gliscor|tox|[from] item: Toxic Orb\n|upkeep\n|turn|7\n|\n|switch|p1a: Tornadus|Tornadus-Therian, M|97\/100\n|move|p2a: Gliscor|Protect||[still]\n|-fail|p2a: Gliscor\n|\n|upkeep\n|turn|8\n|\n|move|p1a: Tornadus|U-turn|p2a: Gliscor\n|-resisted|p2a: Gliscor\n|-damage|p2a: Gliscor|96\/100 tox\n|\n|switch|p1a: Magearna|Magearna|100\/100|[from]move: U-turn\n|move|p2a: Gliscor|Knock Off|p1a: Magearna\n|-resisted|p1a: Magearna\n|-damage|p1a: Magearna|92\/100\n|-enditem|p1a: Magearna|Aguav Berry|[from] move: Knock Off|[of] p2a: Gliscor\n|\n|-heal|p2a: Gliscor|100\/100 tox|[from] ability: Poison Heal\n|upkeep\n|turn|9\n|\n|switch|p2a: Toxapex|Toxapex, F|63\/100\n|switch|p1a: Salamence|Salamence, M|100\/100\n|\n|-heal|p2a: Toxapex|70\/100|[from] item: Leftovers\n|upkeep\n|turn|10\n|\n|switch|p1a: Latios|Latios-Mega, M|65\/100 tox\n|move|p2a: Toxapex|Toxic|p1a: Latios\n|-fail|p1a: Latios|tox\n|\n|-heal|p2a: Toxapex|76\/100|[from] item: Leftovers\n|-damage|p1a: Latios|59\/100 tox|[from] psn\n|upkeep\n|turn|11\n|\n|move|p2a: Toxapex|Baneful Bunker|p2a: Toxapex\n|-singleturn|p2a: Toxapex|move: Protect\n|move|p1a: Latios|Roost|p1a: Latios\n|-heal|p1a: Latios|100\/100 tox\n|-singleturn|p1a: Latios|move: Roost\n|\n|-heal|p2a: Toxapex|82\/100|[from] item: Leftovers\n|-damage|p1a: Latios|89\/100 tox|[from] psn\n|upkeep\n|turn|12\n|\n|switch|p2a: Gliscor|Gliscor, F|100\/100 tox\n|move|p1a: Latios|Psychic|p2a: Gliscor\n|-damage|p2a: Gliscor|35\/100 tox\n|-unboost|p2a: Gliscor|spd|1\n|\n|-damage|p1a: Latios|71\/100 tox|[from] psn\n|-heal|p2a: Gliscor|48\/100 tox|[from] ability: Poison Heal\n|upkeep\n|turn|13\n|\n|switch|p1a: Mamoswine|Mamoswine, M|100\/100\n|move|p2a: Gliscor|Protect||[still]\n|-fail|p2a: Gliscor\n|\n|-heal|p2a: Gliscor|60\/100 tox|[from] ability: Poison Heal\n|upkeep\n|turn|14\n|\n|move|p2a: Gliscor|Protect|p2a: Gliscor\n|-singleturn|p2a: Gliscor|Protect\n|move|p1a: Mamoswine|Stealth Rock|p2a: Gliscor\n|-sidestart|p2: Shardul888|move: Stealth Rock\n|\n|-heal|p2a: Gliscor|73\/100 tox|[from] ability: Poison Heal\n|upkeep\n|turn|15\n|\n|switch|p2a: Godzilla|Venusaur-Mega, M|100\/100\n|-damage|p2a: Godzilla|88\/100|[from] Stealth Rock\n|move|p1a: Mamoswine|Icicle Crash|p2a: Godzilla\n|-supereffective|p2a: Godzilla\n|-damage|p2a: Godzilla|58\/100\n|\n|upkeep\n|turn|16\n|\n|move|p1a: Mamoswine|Icicle Crash|p2a: Godzilla\n|-supereffective|p2a: Godzilla\n|-damage|p2a: Godzilla|18\/100\n|move|p2a: Godzilla|Leech Seed|p1a: Mamoswine\n|-start|p1a: Mamoswine|move: Leech Seed\n|\n|-damage|p1a: Mamoswine|88\/100|[from] Leech Seed|[of] p2a: Godzilla\n|-heal|p2a: Godzilla|31\/100|[silent]\n|upkeep\n|turn|17\n|\n|switch|p2a: Toxapex|Toxapex, F|100\/100\n|-damage|p2a: Toxapex|88\/100|[from] Stealth Rock\n|move|p1a: Mamoswine|Icicle Crash|p2a: Toxapex\n|-resisted|p2a: Toxapex\n|-damage|p2a: Toxapex|67\/100\n|\n|-heal|p2a: Toxapex|73\/100|[from] item: Leftovers\n|-damage|p1a: Mamoswine|76\/100|[from] Leech Seed|[of] p2a: Toxapex\n|-heal|p2a: Toxapex|88\/100|[silent]\n|upkeep\n|turn|18\n|\n|move|p1a: Mamoswine|Earthquake|p2a: Toxapex\n|-supereffective|p2a: Toxapex\n|-damage|p2a: Toxapex|24\/100\n|move|p2a: Toxapex|Scald|p1a: Mamoswine\n|-supereffective|p1a: Mamoswine\n|-damage|p1a: Mamoswine|27\/100\n|\n|-heal|p2a: Toxapex|30\/100|[from] item: Leftovers\n|-damage|p1a: Mamoswine|15\/100|[from] Leech Seed|[of] p2a: Toxapex\n|-heal|p2a: Toxapex|45\/100|[silent]\n|upkeep\n|turn|19\n|\n|switch|p1a: Salamence|Salamence, M|100\/100\n|move|p2a: Toxapex|Baneful Bunker||[still]\n|-fail|p2a: Toxapex\n|\n|-heal|p2a: Toxapex|51\/100|[from] item: Leftovers\n|upkeep\n|turn|20\n|\n|switch|p2a: Gliscor|Gliscor, F|73\/100 tox\n|-damage|p2a: Gliscor|60\/100 tox|[from] Stealth Rock\n|-zpower|p1a: Salamence\n|move|p1a: Salamence|Supersonic Skystrike|p2a: Gliscor|[zeffect]\n|-damage|p2a: Gliscor|0 fnt\n|faint|p2a: Gliscor\n|-ability|p1a: Salamence|Moxie|boost\n|-boost|p1a: Salamence|atk|1\n|\n|upkeep\n|\n|switch|p2a: Tapu Lele|Tapu Lele|100\/100\n|-damage|p2a: Tapu Lele|88\/100|[from] Stealth Rock\n|-fieldstart|move: Psychic Terrain|[from] ability: Psychic Surge|[of] p2a: Tapu Lele\n|turn|21\n|\n|switch|p1a: Magearna|Magearna|92\/100\n|move|p2a: Tapu Lele|Psychic|p1a: Magearna\n|-resisted|p1a: Magearna\n|-damage|p1a: Magearna|64\/100\n|\n|upkeep\n|turn|22\n|\n|switch|p2a: Godzilla|Venusaur-Mega, M|31\/100\n|-damage|p2a: Godzilla|18\/100|[from] Stealth Rock\n|move|p1a: Magearna|Volt Switch|p2a: Godzilla\n|-resisted|p2a: Godzilla\n|-damage|p2a: Godzilla|11\/100\n|\n|switch|p1a: Mamoswine|Mamoswine, M|15\/100|[from]move: Volt Switch\n|\n|upkeep\n|turn|23\n|\n|move|p1a: Mamoswine|Earthquake|p2a: Godzilla\n|-damage|p2a: Godzilla|0 fnt\n|faint|p2a: Godzilla\n|\n|upkeep\n|\n|switch|p2a: Tapu Lele|Tapu Lele|88\/100\n|-damage|p2a: Tapu Lele|76\/100|[from] Stealth Rock\n|turn|24\n|\n|switch|p1a: Magearna|Magearna|64\/100\n|move|p2a: Tapu Lele|Hidden Power|p1a: Magearna\n|-supereffective|p1a: Magearna\n|-damage|p1a: Magearna|29\/100\n|\n|upkeep\n|turn|25\n|\n|switch|p1a: Salamence|Salamence, M|100\/100\n|move|p2a: Tapu Lele|Hidden Power|p1a: Salamence\n|-resisted|p1a: Salamence\n|-damage|p1a: Salamence|86\/100\n|\n|-fieldend|move: Psychic Terrain\n|upkeep\n|turn|26\n|\n|switch|p2a: Toxapex|Toxapex, F|85\/100\n|-damage|p2a: Toxapex|72\/100|[from] Stealth Rock\n|move|p1a: Salamence|Dragon Dance|p1a: Salamence\n|-boost|p1a: Salamence|atk|1\n|-boost|p1a: Salamence|spe|1\n|\n|-heal|p2a: Toxapex|78\/100|[from] item: Leftovers\n|upkeep\n|turn|27\n|\n|move|p1a: Salamence|Earthquake|p2a: Toxapex\n|-supereffective|p2a: Toxapex\n|-damage|p2a: Toxapex|7\/100\n|move|p2a: Toxapex|Haze|p2a: Toxapex\n|-clearallboost\n|\n|-heal|p2a: Toxapex|14\/100|[from] item: Leftovers\n|upkeep\n|turn|28\n|\n|move|p1a: Salamence|Dragon Dance|p1a: Salamence\n|-boost|p1a: Salamence|atk|1\n|-boost|p1a: Salamence|spe|1\n|move|p2a: Toxapex|Scald|p1a: Salamence\n|-resisted|p1a: Salamence\n|-damage|p1a: Salamence|77\/100\n|-status|p1a: Salamence|brn\n|\n|-heal|p2a: Toxapex|20\/100|[from] item: Leftovers\n|-damage|p1a: Salamence|71\/100 brn|[from] brn\n|upkeep\n|turn|29\n|\n|switch|p2a: Ghidorah|Dragonite, M|100\/100\n|-damage|p2a: Ghidorah|76\/100|[from] Stealth Rock\n|move|p1a: Salamence|Earthquake|p2a: Ghidorah\n|-immune|p2a: Ghidorah\n|\n|-damage|p1a: Salamence|65\/100 brn|[from] brn\n|upkeep\n|turn|30\n|\n|switch|p2a: Magearna|Magearna|100\/100\n|-damage|p2a: Magearna|94\/100|[from] Stealth Rock\n|move|p1a: Salamence|Stone Edge|p2a: Magearna\n|-resisted|p2a: Magearna\n|-damage|p2a: Magearna|85\/100\n|\n|-damage|p1a: Salamence|59\/100 brn|[from] brn\n|upkeep\n|turn|31\n|\n|move|p1a: Salamence|Earthquake|p2a: Magearna\n|-supereffective|p2a: Magearna\n|-damage|p2a: Magearna|44\/100\n|move|p2a: Magearna|Ice Beam|p1a: Salamence\n|-supereffective|p1a: Salamence\n|-damage|p1a: Salamence|0 fnt\n|faint|p1a: Salamence\n|-ability|p2a: Magearna|Soul-Heart|boost\n|-boost|p2a: Magearna|spa|1\n|\n|upkeep\n|\n|switch|p1a: Mamoswine|Mamoswine, M|15\/100\n|turn|32\n|\n|switch|p2a: Ghidorah|Dragonite, M|76\/100\n|-damage|p2a: Ghidorah|51\/100|[from] Stealth Rock\n|move|p1a: Mamoswine|Earthquake|p2a: Ghidorah\n|-immune|p2a: Ghidorah\n|\n|upkeep\n|turn|33\n|\n|switch|p1a: Tornadus|Tornadus-Therian, M|100\/100\n|move|p2a: Ghidorah|Extreme Speed|p1a: Tornadus\n|-damage|p1a: Tornadus|69\/100\n|-damage|p2a: Ghidorah|34\/100|[from] item: Rocky Helmet|[of] p1a: Tornadus\n|\n|upkeep\n|turn|34\n|\n|move|p1a: Tornadus|Hurricane|p2a: Ghidorah\n|-damage|p2a: Ghidorah|11\/100\n|-start|p2a: Ghidorah|confusion\n|-activate|p2a: Ghidorah|confusion\n|move|p2a: Ghidorah|Ice Punch|p1a: Tornadus\n|-supereffective|p1a: Tornadus\n|-damage|p1a: Tornadus|8\/100\n|-damage|p2a: Ghidorah|0 fnt|[from] item: Rocky Helmet|[of] p1a: Tornadus\n|faint|p2a: Ghidorah\n|\n|upkeep\n|\n|switch|p2a: Magearna|Magearna|44\/100\n|-damage|p2a: Magearna|38\/100|[from] Stealth Rock\n|turn|35\n|\n|move|p1a: Tornadus|U-turn|p2a: Magearna\n|-resisted|p2a: Magearna\n|-damage|p2a: Magearna|35\/100\n|\n|switch|p1a: Tangrowth|Tangrowth, M|100\/100|[from]move: U-turn\n|move|p2a: Magearna|Dazzling Gleam|p1a: Tangrowth\n|-damage|p1a: Tangrowth|74\/100\n|\n|upkeep\n|turn|36\n|\n|move|p2a: Magearna|Ice Beam|p1a: Tangrowth\n|-supereffective|p1a: Tangrowth\n|-damage|p1a: Tangrowth|35\/100\n|move|p1a: Tangrowth|Knock Off|p2a: Magearna\n|-resisted|p2a: Magearna\n|-damage|p2a: Magearna|27\/100\n|-enditem|p2a: Magearna|Aguav Berry|[from] move: Knock Off|[of] p1a: Tangrowth\n|\n|upkeep\n|turn|37\n|\n|switch|p1a: Magearna|Magearna|29\/100\n|move|p2a: Magearna|Ice Beam|p1a: Magearna\n|-resisted|p1a: Magearna\n|-damage|p1a: Magearna|20\/100\n|\n|upkeep\n|turn|38\n|\n|move|p2a: Magearna|Dazzling Gleam|p1a: Magearna\n|-resisted|p1a: Magearna\n|-damage|p1a: Magearna|7\/100\n|move|p1a: Magearna|Iron Head|p2a: Magearna\n|-damage|p2a: Magearna|6\/100\n|\n|upkeep\n|turn|39\n|\n|move|p2a: Magearna|Dazzling Gleam|p1a: Magearna\n|-resisted|p1a: Magearna\n|-damage|p1a: Magearna|0 fnt\n|faint|p1a: Magearna\n|-ability|p2a: Magearna|Soul-Heart|boost\n|-boost|p2a: Magearna|spa|1\n|\n|upkeep\n|\n|switch|p1a: Mamoswine|Mamoswine, M|15\/100\n|turn|40\n|\n|move|p1a: Mamoswine|Earthquake|p2a: Magearna\n|-supereffective|p2a: Magearna\n|-damage|p2a: Magearna|0 fnt\n|faint|p2a: Magearna\n|\n|upkeep\n|\n|switch|p2a: Tapu Lele|Tapu Lele|76\/100\n|-damage|p2a: Tapu Lele|63\/100|[from] Stealth Rock\n|-fieldstart|move: Psychic Terrain|[from] ability: Psychic Surge|[of] p2a: Tapu Lele\n|turn|41\n|\n|move|p2a: Tapu Lele|Moonblast|p1a: Mamoswine\n|-damage|p1a: Mamoswine|0 fnt\n|faint|p1a: Mamoswine\n|\n|upkeep\n|\n|switch|p1a: Tangrowth|Tangrowth, M|68\/100\n|turn|42\n|\n|switch|p2a: Toxapex|Toxapex, F|53\/100\n|-damage|p2a: Toxapex|41\/100|[from] Stealth Rock\n|move|p1a: Tangrowth|Power Whip|p2a: Toxapex\n|-damage|p2a: Toxapex|14\/100\n|\n|-heal|p2a: Toxapex|20\/100|[from] item: Leftovers\n|upkeep\n|turn|43\n|\n|move|p2a: Toxapex|Baneful Bunker|p2a: Toxapex\n|-singleturn|p2a: Toxapex|move: Protect\n|move|p1a: Tangrowth|Power Whip|p2a: Toxapex\n|-activate|p2a: Toxapex|move: Protect\n|-status|p1a: Tangrowth|psn\n|\n|-heal|p2a: Toxapex|26\/100|[from] item: Leftovers\n|-damage|p1a: Tangrowth|56\/100 psn|[from] psn\n|upkeep\n|turn|44\n|\n|move|p1a: Tangrowth|Power Whip|p2a: Toxapex\n|-damage|p2a: Toxapex|0 fnt\n|faint|p2a: Toxapex\n|\n|-damage|p1a: Tangrowth|43\/100 psn|[from] psn\n|upkeep\n|\n|switch|p2a: Tapu Lele|Tapu Lele|63\/100\n|-damage|p2a: Tapu Lele|51\/100|[from] Stealth Rock\n|turn|45\n|\n|move|p2a: Tapu Lele|Psychic|p1a: Tangrowth\n|-damage|p1a: Tangrowth|0 fnt\n|faint|p1a: Tangrowth\n|\n|-fieldend|move: Psychic Terrain\n|upkeep\n|\n|switch|p1a: Tornadus|Tornadus-Therian, M|41\/100\n|turn|46\n|\n|move|p2a: Tapu Lele|Psychic|p1a: Tornadus\n|-damage|p1a: Tornadus|0 fnt\n|faint|p1a: Tornadus\n|\n|upkeep\n|\n|switch|p1a: Latios|Latios-Mega, M|71\/100 tox\n|turn|47\n|\n|move|p2a: Tapu Lele|Psychic|p1a: Latios\n|-resisted|p1a: Latios\n|-damage|p1a: Latios|42\/100 tox\n|move|p1a: Latios|Roost|p1a: Latios\n|-heal|p1a: Latios|92\/100 tox\n|-singleturn|p1a: Latios|move: Roost\n|\n|-damage|p1a: Latios|86\/100 tox|[from] psn\n|upkeep\n|turn|48\n|\n|move|p2a: Tapu Lele|Psychic|p1a: Latios\n|-resisted|p1a: Latios\n|-damage|p1a: Latios|58\/100 tox\n|-unboost|p1a: Latios|spd|1\n|move|p1a: Latios|Earthquake|p2a: Tapu Lele\n|-damage|p2a: Tapu Lele|4\/100\n|\n|-damage|p1a: Latios|46\/100 tox|[from] psn\n|upkeep\n|turn|49\n|\n|move|p2a: Tapu Lele|Psychic|p1a: Latios\n|-resisted|p1a: Latios\n|-damage|p1a: Latios|7\/100 tox\n|move|p1a: Latios|Earthquake|p2a: Tapu Lele\n|-damage|p2a: Tapu Lele|0 fnt\n|faint|p2a: Tapu Lele\n|\n|win|seald\n|raw|seald's rating: 1690 &rarr; <strong>1707<\/strong><br \/>(+17 for winning)\n|raw|Shardul888's rating: 1648 &rarr; <strong>1631<\/strong><br \/>(-17 for losing)\n|l|\u2606Shardul888\n","uploadtime":1572567454,"views":3,"p1id":"seald","p2id":"shardul888","formatid":"gen7ou","rating":1631,"private":0,"password":null}