{"id":"gen7ou-965463312","p1":"floyed","p2":"orangesss","format":"gen7ou","log":"|j|\u2606floyed\n|j|\u2606orangesss\n|player|p1|floyed|138|1789\n|player|p2|orangesss|164|1748\n|teamsize|p1|6\n|teamsize|p2|6\n|gametype|singles\n|gen|7\n|tier|[Gen 7] OU\n|rated|\n|rule|Sleep Clause Mod: Limit one foe put to sleep\n|rule|Species Clause: Limit one of each Pok\u00e9mon\n|rule|OHKO Clause: OHKO moves are banned\n|rule|Moody Clause: Moody is banned\n|rule|Evasion Moves Clause: Evasion moves are banned\n|rule|Endless Battle Clause: Forcing endless battles is banned\n|rule|HP Percentage Mod: HP is shown in percentages\n|clearpoke\n|poke|p1|Zapdos|item\n|poke|p1|Magearna|item\n|poke|p1|Landorus-Therian, M|item\n|poke|p1|Scizor, M|item\n|poke|p1|Blacephalon|item\n|poke|p1|Keldeo|item\n|poke|p2|Hawlucha, M|item\n|poke|p2|Ferrothorn, F|item\n|poke|p2|Pelipper, M|item\n|poke|p2|Tapu Koko|item\n|poke|p2|Swampert, M|item\n|poke|p2|Kartana|item\n|teampreview\n|j| Erika the Girl\n|inactive|Battle timer is ON: inactive players will automatically lose when time's up. (requested by orangesss)\n|\n|start\n|switch|p1a: Magearna|Magearna|100\/100\n|switch|p2a: Nappy is trash|Pelipper, M|100\/100\n|-weather|RainDance|[from] ability: Drizzle|[of] p2a: Nappy is trash\n|turn|1\n|\n|switch|p2a: Hate rain :(|Ferrothorn, F|100\/100\n|move|p1a: Magearna|Energy Ball|p2a: Hate rain :(\n|-resisted|p2a: Hate rain :(\n|-damage|p2a: Hate rain :(|94\/100\n|\n|-weather|RainDance|[upkeep]\n|-heal|p2a: Hate rain :(|100\/100|[from] item: Leftovers\n|upkeep\n|turn|2\n|\n|move|p1a: Magearna|Volt Switch|p2a: Hate rain :(\n|-resisted|p2a: Hate rain :(\n|-damage|p2a: Hate rain :(|91\/100\n|\n|switch|p1a: Scizor|Scizor, M|100\/100|[from]move: Volt Switch\n|move|p2a: Hate rain :(|Stealth Rock|p1a: Scizor\n|-sidestart|p1: floyed|move: Stealth Rock\n|\n|-weather|RainDance|[upkeep]\n|-heal|p2a: Hate rain :(|97\/100|[from] item: Leftovers\n|upkeep\n|turn|3\n|l| Erika the Girl\n|\n|switch|p2a: Swamp Thing|Swampert, M|100\/100\n|detailschange|p1a: Scizor|Scizor-Mega, M\n|-mega|p1a: Scizor|Scizor|Scizorite\n|move|p1a: Scizor|Swords Dance|p1a: Scizor\n|-boost|p1a: Scizor|atk|2\n|\n|-weather|RainDance|[upkeep]\n|upkeep\n|turn|4\n|\n|detailschange|p2a: Swamp Thing|Swampert-Mega, M\n|-mega|p2a: Swamp Thing|Swampert|Swampertite\n|move|p2a: Swamp Thing|Waterfall|p1a: Scizor\n|-damage|p1a: Scizor|43\/100\n|move|p1a: Scizor|U-turn|p2a: Swamp Thing\n|-damage|p2a: Swamp Thing|17\/100\n|\n|switch|p1a: Zapdos|Zapdos|100\/100|[from]move: U-turn\n|-damage|p1a: Zapdos|76\/100|[from] Stealth Rock\n|\n|-weather|RainDance|[upkeep]\n|-heal|p1a: Zapdos|82\/100|[from] item: Leftovers\n|upkeep\n|turn|5\n|\n|move|p2a: Swamp Thing|Waterfall|p1a: Zapdos\n|-damage|p1a: Zapdos|17\/100\n|move|p1a: Zapdos|Roost|p1a: Zapdos\n|-heal|p1a: Zapdos|67\/100\n|-singleturn|p1a: Zapdos|move: Roost\n|\n|-weather|RainDance|[upkeep]\n|-heal|p1a: Zapdos|73\/100|[from] item: Leftovers\n|upkeep\n|turn|6\n|inactive|floyed has 120 seconds left.\n|inactive|floyed has 90 seconds left.\n|inactive|floyed has 60 seconds left.\n|inactive|floyed has 30 seconds left.\n|inactive|floyed has 20 seconds left.\n|inactive|floyed has 15 seconds left.\n|\n|move|p2a: Swamp Thing|Power-Up Punch|p1a: Zapdos\n|-resisted|p1a: Zapdos\n|-damage|p1a: Zapdos|66\/100\n|-boost|p2a: Swamp Thing|atk|1\n|move|p1a: Zapdos|Roost|p1a: Zapdos\n|-heal|p1a: Zapdos|100\/100\n|-singleturn|p1a: Zapdos|move: Roost\n|\n|-weather|RainDance|[upkeep]\n|upkeep\n|turn|7\n|inactive|floyed has 25 seconds left this turn.\n|\n|move|p2a: Swamp Thing|Waterfall|p1a: Zapdos\n|-damage|p1a: Zapdos|4\/100\n|-status|p2a: Swamp Thing|par|[from] ability: Static|[of] p1a: Zapdos\n|move|p1a: Zapdos|Hidden Power|p2a: Swamp Thing\n|-damage|p2a: Swamp Thing|1\/100 par\n|\n|-weather|RainDance|[upkeep]\n|-heal|p1a: Zapdos|10\/100|[from] item: Leftovers\n|upkeep\n|turn|8\n|\n|move|p2a: Swamp Thing|Waterfall|p1a: Zapdos\n|-damage|p1a: Zapdos|0 fnt\n|faint|p1a: Zapdos\n|\n|-weather|none\n|upkeep\n|\n|switch|p1a: Landorus|Landorus-Therian, M|100\/100\n|-damage|p1a: Landorus|88\/100|[from] Stealth Rock\n|-ability|p1a: Landorus|Intimidate|boost\n|-unboost|p2a: Swamp Thing|atk|1\n|turn|9\n|\n|move|p1a: Landorus|Defog|p2a: Swamp Thing\n|-unboost|p2a: Swamp Thing|evasion|1\n|-sideend|p1: floyed|Stealth Rock|[from] move: Defog|[of] p1a: Landorus\n|move|p2a: Swamp Thing|Waterfall|p1a: Landorus\n|-supereffective|p1a: Landorus\n|-damage|p1a: Landorus|0 fnt\n|faint|p1a: Landorus\n|\n|upkeep\n|\n|switch|p1a: Blacephalon|Blacephalon|100\/100\n|turn|10\n|\n|switch|p2a: Nappy is trash|Pelipper, M|100\/100\n|-weather|RainDance|[from] ability: Drizzle|[of] p2a: Nappy is trash\n|move|p1a: Blacephalon|Shadow Ball|p2a: Nappy is trash\n|-damage|p2a: Nappy is trash|50\/100\n|\n|-weather|RainDance|[upkeep]\n|upkeep\n|turn|11\n|\n|move|p1a: Blacephalon|Shadow Ball|p2a: Nappy is trash\n|-damage|p2a: Nappy is trash|3\/100\n|move|p2a: Nappy is trash|U-turn|p1a: Blacephalon\n|-resisted|p1a: Blacephalon\n|-damage|p1a: Blacephalon|96\/100\n|\n|switch|p2a: Wolverine|Kartana|100\/100|[from]move: U-turn\n|\n|-weather|RainDance|[upkeep]\n|upkeep\n|turn|12\n|\n|switch|p1a: Scizor|Scizor-Mega, M|43\/100\n|move|p2a: Wolverine|Leaf Blade|p1a: Scizor\n|-resisted|p1a: Scizor\n|-damage|p1a: Scizor|32\/100\n|\n|-weather|RainDance|[upkeep]\n|upkeep\n|turn|13\n|\n|switch|p2a: Speed OD|Tapu Koko|100\/100\n|-fieldstart|move: Electric Terrain|[from] ability: Electric Surge|[of] p2a: Speed OD\n|move|p1a: Scizor|Roost|p1a: Scizor\n|-heal|p1a: Scizor|82\/100\n|-singleturn|p1a: Scizor|move: Roost\n|\n|-weather|RainDance|[upkeep]\n|upkeep\n|turn|14\n|\n|switch|p1a: Magearna|Magearna|100\/100\n|move|p2a: Speed OD|Taunt|p1a: Magearna\n|-start|p1a: Magearna|move: Taunt\n|\n|-weather|RainDance|[upkeep]\n|upkeep\n|turn|15\n|\n|move|p2a: Speed OD|Volt Switch|p1a: Magearna\n|-damage|p1a: Magearna|75\/100\n|\n|switch|p2a: Nappy is trash|Pelipper, M|3\/100|[from]move: Volt Switch\n|move|p1a: Magearna|Flash Cannon|p2a: Nappy is trash\n|-resisted|p2a: Nappy is trash\n|-damage|p2a: Nappy is trash|0 fnt\n|faint|p2a: Nappy is trash\n|-ability|p1a: Magearna|Soul-Heart|boost\n|-boost|p1a: Magearna|spa|1\n|\n|-weather|RainDance|[upkeep]\n|upkeep\n|\n|switch|p2a: Swamp Thing|Swampert-Mega, M|1\/100 par\n|turn|16\n|\n|switch|p1a: Scizor|Scizor-Mega, M|82\/100\n|move|p2a: Swamp Thing|Earthquake|p1a: Scizor\n|-crit|p1a: Scizor\n|-damage|p1a: Scizor|14\/100\n|\n|-weather|RainDance|[upkeep]\n|upkeep\n|turn|17\n|\n|switch|p2a: Copypaste|Hawlucha, M|100\/100\n|-enditem|p2a: Copypaste|Electric Seed\n|-boost|p2a: Copypaste|def|1\n|move|p1a: Scizor|Bullet Punch|p2a: Copypaste\n|-damage|p2a: Copypaste|67\/100\n|\n|-weather|none\n|-fieldend|move: Electric Terrain\n|upkeep\n|turn|18\n|\n|move|p1a: Scizor|Bullet Punch|p2a: Copypaste\n|-damage|p2a: Copypaste|34\/100\n|move|p2a: Copypaste|Swords Dance|p2a: Copypaste\n|-boost|p2a: Copypaste|atk|2\n|\n|upkeep\n|turn|19\n|\n|move|p1a: Scizor|Bullet Punch|p2a: Copypaste\n|-damage|p2a: Copypaste|2\/100\n|move|p2a: Copypaste|Roost|p2a: Copypaste\n|-heal|p2a: Copypaste|52\/100\n|-singleturn|p2a: Copypaste|move: Roost\n|\n|upkeep\n|turn|20\n|j| whippersnapper1\n|\n|move|p2a: Copypaste|Acrobatics|p1a: Scizor\n|-damage|p1a: Scizor|0 fnt\n|faint|p1a: Scizor\n|\n|upkeep\n|\n|switch|p1a: Magearna|Magearna|75\/100\n|turn|21\n|\n|switch|p1a: Blacephalon|Blacephalon|96\/100\n|move|p2a: Copypaste|High Jump Kick|p1a: Blacephalon\n|-immune|p1a: Blacephalon\n|-damage|p2a: Copypaste|2\/100|[from] highjumpkick\n|\n|upkeep\n|turn|22\n|\n|switch|p1a: Magearna|Magearna|75\/100\n|move|p2a: Copypaste|Acrobatics|p1a: Magearna\n|-resisted|p1a: Magearna\n|-damage|p1a: Magearna|38\/100\n|\n|upkeep\n|turn|23\n|l| whippersnapper1\n|\n|move|p2a: Copypaste|High Jump Kick|p1a: Magearna\n|-damage|p1a: Magearna|0 fnt\n|faint|p1a: Magearna\n|\n|upkeep\n|-message|floyed forfeited.\n|\n|win|orangesss\n|l|\u2606floyed\n|raw|floyed's rating: 1776 &rarr; <strong>1754<\/strong><br \/>(-22 for losing)\n|raw|orangesss's rating: 1748 &rarr; <strong>1769<\/strong><br \/>(+21 for winning)\n","uploadtime":1566682951,"views":48,"p1id":"floyed","p2id":"orangesss","formatid":"gen7ou","rating":1754,"private":0,"password":null}