{"id":"gen7ou-850325968","p1":"Moskito Cup","p2":"Kory2600\u00a8\u00a8","format":"gen7ou","log":"|j|\u2606Moskito Cup\n|j|\u2606Kory2600\u00a8\u00a8\n|player|p1|Moskito Cup|170\n|player|p2|Kory2600\u00a8\u00a8|48\n|teamsize|p1|6\n|teamsize|p2|6\n|gametype|singles\n|gen|7\n|tier|[Gen 7] OU\n|rated|\n|rule|Sleep Clause Mod: Limit one foe put to sleep\n|rule|Species Clause: Limit one of each Pok\u00e9mon\n|rule|OHKO Clause: OHKO moves are banned\n|rule|Moody Clause: Moody is banned\n|rule|Evasion Moves Clause: Evasion moves are banned\n|rule|Endless Battle Clause: Forcing endless battles is banned\n|rule|HP Percentage Mod: HP is shown in percentages\n|clearpoke\n|poke|p1|Venusaur, F|item\n|poke|p1|Keldeo-Resolute|item\n|poke|p1|Skarmory, M|item\n|poke|p1|Chansey, F|item\n|poke|p1|Heatran, M|item\n|poke|p1|Bisharp, F|item\n|poke|p2|Toxapex, F|item\n|poke|p2|Garchomp, F|item\n|poke|p2|Weavile, M|item\n|poke|p2|Rotom-Wash|item\n|poke|p2|Kartana|item\n|poke|p2|Celesteela|item\n|teampreview\n|\n|start\n|switch|p1a: Keldeo|Keldeo-Resolute|100\/100\n|switch|p2a: Garchomp|Garchomp, F|100\/100\n|turn|1\n|inactive|Battle timer is ON: inactive players will automatically lose when time's up. (requested by Moskito Cup)\n|\n|switch|p2a: Rotom|Rotom-Wash|100\/100\n|move|p1a: Keldeo|Scald|p2a: Rotom\n|-resisted|p2a: Rotom\n|-damage|p2a: Rotom|82\/100\n|-status|p2a: Rotom|brn\n|\n|-heal|p2a: Rotom|88\/100 brn|[from] item: Leftovers\n|-damage|p2a: Rotom|82\/100 brn|[from] brn\n|upkeep\n|turn|2\n|\n|move|p1a: Keldeo|Substitute|p1a: Keldeo\n|-start|p1a: Keldeo|Substitute\n|-damage|p1a: Keldeo|75\/100\n|move|p2a: Rotom|Volt Switch|p1a: Keldeo\n|-supereffective|p1a: Keldeo\n|-end|p1a: Keldeo|Substitute\n|\n|switch|p2a: Kartana|Kartana|100\/100\n|\n|-heal|p1a: Keldeo|82\/100|[from] item: Leftovers\n|upkeep\n|turn|3\n|\n|switch|p2a: Garchomp|Garchomp, F|100\/100\n|switch|p1a: Skarmory|Skarmory, M|100\/100\n|\n|upkeep\n|turn|4\n|\n|move|p2a: Garchomp|Stealth Rock|p1a: Skarmory\n|-sidestart|p1: Moskito Cup|move: Stealth Rock\n|move|p1a: Skarmory|Spikes|p2a: Garchomp\n|-sidestart|p2: Kory2600\u00a8\u00a8|Spikes\n|\n|upkeep\n|turn|5\n|\n|switch|p2a: Rotom|Rotom-Wash|82\/100 brn\n|move|p1a: Skarmory|Spikes|p2a: Rotom\n|-sidestart|p2: Kory2600\u00a8\u00a8|Spikes\n|\n|-heal|p2a: Rotom|88\/100 brn|[from] item: Leftovers\n|-damage|p2a: Rotom|82\/100 brn|[from] brn\n|upkeep\n|turn|6\n|\n|switch|p1a: Chansey|Chansey, F|100\/100\n|-damage|p1a: Chansey|88\/100|[from] Stealth Rock\n|move|p2a: Rotom|Volt Switch|p1a: Chansey\n|-damage|p1a: Chansey|80\/100\n|\n|switch|p2a: Celesteela|Celesteela|100\/100\n|\n|upkeep\n|turn|7\n|\n|move|p2a: Celesteela|Leech Seed|p1a: Chansey\n|-start|p1a: Chansey|move: Leech Seed\n|move|p1a: Chansey|Thunder Wave|p2a: Celesteela\n|-status|p2a: Celesteela|par\n|\n|-damage|p1a: Chansey|68\/100|[from] Leech Seed|[of] p2a: Celesteela\n|upkeep\n|turn|8\n|\n|switch|p1a: Heatran|Heatran, M|100\/100\n|-damage|p1a: Heatran|88\/100|[from] Stealth Rock\n|move|p2a: Celesteela|Leech Seed|p1a: Heatran|[miss]\n|-miss|p2a: Celesteela|p1a: Heatran\n|\n|-heal|p1a: Heatran|94\/100|[from] item: Leftovers\n|upkeep\n|turn|9\n|\n|switch|p2a: Rotom|Rotom-Wash|82\/100 brn\n|move|p1a: Heatran|Stealth Rock|p2a: Rotom\n|-sidestart|p2: Kory2600\u00a8\u00a8|move: Stealth Rock\n|\n|-heal|p1a: Heatran|100\/100|[from] item: Leftovers\n|-heal|p2a: Rotom|88\/100 brn|[from] item: Leftovers\n|-damage|p2a: Rotom|82\/100 brn|[from] brn\n|upkeep\n|turn|10\n|\n|switch|p1a: Bisharp|Bisharp, F|100\/100\n|-damage|p1a: Bisharp|94\/100|[from] Stealth Rock\n|move|p2a: Rotom|Defog|p1a: Bisharp\n|-unboost|p1a: Bisharp|evasion|1\n|-ability|p1a: Bisharp|Defiant|boost\n|-boost|p1a: Bisharp|atk|2\n|-sideend|p1: Moskito Cup|Stealth Rock|[from] move: Defog|[of] p2a: Rotom\n|-sideend|p2: Kory2600\u00a8\u00a8|Spikes|[from] move: Defog|[of] p2a: Rotom\n|-sideend|p2: Kory2600\u00a8\u00a8|Stealth Rock|[from] move: Defog|[of] p2a: Rotom\n|\n|-heal|p2a: Rotom|88\/100 brn|[from] item: Leftovers\n|-heal|p1a: Bisharp|100\/100|[from] item: Leftovers\n|-damage|p2a: Rotom|82\/100 brn|[from] brn\n|upkeep\n|turn|11\n|\n|switch|p2a: Kartana|Kartana|100\/100\n|move|p1a: Bisharp|Knock Off|p2a: Kartana\n|-damage|p2a: Kartana|29\/100\n|\n|upkeep\n|turn|12\n|\n|move|p1a: Bisharp|Sucker Punch||[still]\n|-fail|p1a: Bisharp\n|move|p2a: Kartana|Synthesis|p2a: Kartana\n|-heal|p2a: Kartana|79\/100\n|\n|upkeep\n|turn|13\n|\n|switch|p1a: Skarmory|Skarmory, M|100\/100\n|move|p2a: Kartana|Sacred Sword|p1a: Skarmory\n|-damage|p1a: Skarmory|75\/100\n|-damage|p2a: Kartana|63\/100|[from] item: Rocky Helmet|[of] p1a: Skarmory\n|\n|upkeep\n|turn|14\n|\n|move|p2a: Kartana|Swords Dance|p2a: Kartana\n|-boost|p2a: Kartana|atk|2\n|move|p1a: Skarmory|Spikes|p2a: Kartana\n|-sidestart|p2: Kory2600\u00a8\u00a8|Spikes\n|\n|upkeep\n|turn|15\n|\n|-zpower|p2a: Kartana\n|move|p2a: Kartana|All-Out Pummeling|p1a: Skarmory|[zeffect]\n|-damage|p1a: Skarmory|0 fnt\n|faint|p1a: Skarmory\n|-ability|p2a: Kartana|Beast Boost|boost\n|-boost|p2a: Kartana|atk|1\n|\n|upkeep\n|\n|switch|p1a: Venusaur|Venusaur, F|100\/100\n|turn|16\n|\n|switch|p2a: Toxapex|Toxapex, F|100\/100\n|-damage|p2a: Toxapex|88\/100|[from] Spikes\n|detailschange|p1a: Venusaur|Venusaur-Mega, F\n|-mega|p1a: Venusaur|Venusaur|Venusaurite\n|move|p1a: Venusaur|Hidden Power|p2a: Toxapex\n|-resisted|p2a: Toxapex\n|-damage|p2a: Toxapex|83\/100\n|\n|-heal|p2a: Toxapex|89\/100|[from] item: Black Sludge\n|upkeep\n|turn|17\n|\n|switch|p1a: Bisharp|Bisharp, F|100\/100\n|move|p2a: Toxapex|Scald|p1a: Bisharp\n|-damage|p1a: Bisharp|79\/100\n|\n|-heal|p1a: Bisharp|85\/100|[from] item: Leftovers\n|-heal|p2a: Toxapex|95\/100|[from] item: Black Sludge\n|upkeep\n|turn|18\n|\n|switch|p2a: Garchomp|Garchomp, F|100\/100\n|-damage|p2a: Garchomp|88\/100|[from] Spikes\n|move|p1a: Bisharp|Knock Off|p2a: Garchomp\n|-damage|p2a: Garchomp|56\/100\n|-damage|p1a: Bisharp|72\/100|[from] ability: Rough Skin|[of] p2a: Garchomp\n|-damage|p1a: Bisharp|56\/100|[from] item: Rocky Helmet|[of] p2a: Garchomp\n|-enditem|p2a: Garchomp|Rocky Helmet|[from] move: Knock Off|[of] p1a: Bisharp\n|\n|-heal|p1a: Bisharp|62\/100|[from] item: Leftovers\n|upkeep\n|turn|19\n|\n|switch|p1a: Venusaur|Venusaur-Mega, F|100\/100\n|move|p2a: Garchomp|Stealth Rock|p1a: Venusaur\n|-sidestart|p1: Moskito Cup|move: Stealth Rock\n|\n|upkeep\n|turn|20\n|\n|switch|p2a: Celesteela|Celesteela|100\/100 par\n|switch|p1a: Heatran|Heatran, M|100\/100\n|-damage|p1a: Heatran|88\/100|[from] Stealth Rock\n|\n|-heal|p1a: Heatran|94\/100|[from] item: Leftovers\n|upkeep\n|turn|21\n|\n|move|p1a: Heatran|Stealth Rock|p2a: Celesteela\n|-sidestart|p2: Kory2600\u00a8\u00a8|move: Stealth Rock\n|cant|p2a: Celesteela|par\n|\n|-heal|p1a: Heatran|100\/100|[from] item: Leftovers\n|upkeep\n|turn|22\n|\n|switch|p2a: Rotom|Rotom-Wash|82\/100 brn\n|-damage|p2a: Rotom|70\/100 brn|[from] Stealth Rock\n|move|p1a: Heatran|Lava Plume|p2a: Rotom\n|-resisted|p2a: Rotom\n|-damage|p2a: Rotom|53\/100 brn\n|\n|-heal|p2a: Rotom|59\/100 brn|[from] item: Leftovers\n|-damage|p2a: Rotom|53\/100 brn|[from] brn\n|upkeep\n|turn|23\n|\n|move|p1a: Heatran|Lava Plume|p2a: Rotom\n|-resisted|p2a: Rotom\n|-damage|p2a: Rotom|36\/100 brn\n|move|p2a: Rotom|Defog|p1a: Heatran\n|-unboost|p1a: Heatran|evasion|1\n|-sideend|p1: Moskito Cup|Stealth Rock|[from] move: Defog|[of] p2a: Rotom\n|-sideend|p2: Kory2600\u00a8\u00a8|Spikes|[from] move: Defog|[of] p2a: Rotom\n|-sideend|p2: Kory2600\u00a8\u00a8|Stealth Rock|[from] move: Defog|[of] p2a: Rotom\n|\n|-heal|p2a: Rotom|42\/100 brn|[from] item: Leftovers\n|-damage|p2a: Rotom|36\/100 brn|[from] brn\n|upkeep\n|turn|24\n|\n|move|p1a: Heatran|Stealth Rock|p2a: Rotom\n|-sidestart|p2: Kory2600\u00a8\u00a8|move: Stealth Rock\n|move|p2a: Rotom|Hydro Pump|p1a: Heatran\n|-supereffective|p1a: Heatran\n|-damage|p1a: Heatran|37\/100\n|\n|-heal|p1a: Heatran|43\/100|[from] item: Leftovers\n|-heal|p2a: Rotom|42\/100 brn|[from] item: Leftovers\n|-damage|p2a: Rotom|36\/100 brn|[from] brn\n|upkeep\n|turn|25\n|\n|move|p1a: Heatran|Lava Plume|p2a: Rotom\n|-resisted|p2a: Rotom\n|-damage|p2a: Rotom|21\/100 brn\n|move|p2a: Rotom|Defog|p1a: Heatran\n|-unboost|p1a: Heatran|evasion|1\n|-sideend|p2: Kory2600\u00a8\u00a8|Stealth Rock|[from] move: Defog|[of] p2a: Rotom\n|\n|-heal|p1a: Heatran|49\/100|[from] item: Leftovers\n|-heal|p2a: Rotom|27\/100 brn|[from] item: Leftovers\n|-damage|p2a: Rotom|21\/100 brn|[from] brn\n|upkeep\n|turn|26\n|\n|move|p1a: Heatran|Stealth Rock|p2a: Rotom\n|-sidestart|p2: Kory2600\u00a8\u00a8|move: Stealth Rock\n|move|p2a: Rotom|Hydro Pump|p1a: Heatran\n|-supereffective|p1a: Heatran\n|-damage|p1a: Heatran|0 fnt\n|faint|p1a: Heatran\n|\n|-heal|p2a: Rotom|27\/100 brn|[from] item: Leftovers\n|-damage|p2a: Rotom|21\/100 brn|[from] brn\n|upkeep\n|\n|switch|p1a: Keldeo|Keldeo-Resolute|82\/100\n|turn|27\n|\n|move|p1a: Keldeo|Secret Sword|p2a: Rotom\n|-damage|p2a: Rotom|0 fnt\n|faint|p2a: Rotom\n|\n|-heal|p1a: Keldeo|88\/100|[from] item: Leftovers\n|upkeep\n|\n|switch|p2a: Kartana|Kartana|63\/100\n|-damage|p2a: Kartana|57\/100|[from] Stealth Rock\n|turn|28\n|\n|switch|p1a: Venusaur|Venusaur-Mega, F|100\/100\n|move|p2a: Kartana|Synthesis|p2a: Kartana\n|-heal|p2a: Kartana|100\/100\n|\n|upkeep\n|turn|29\n|\n|switch|p2a: Celesteela|Celesteela|100\/100 par\n|-damage|p2a: Celesteela|88\/100 par|[from] Stealth Rock\n|switch|p1a: Bisharp|Bisharp, F|62\/100\n|\n|-heal|p1a: Bisharp|68\/100|[from] item: Leftovers\n|-heal|p2a: Celesteela|94\/100 par|[from] item: Leftovers\n|upkeep\n|turn|30\n|\n|switch|p1a: Venusaur|Venusaur-Mega, F|100\/100\n|switch|p2a: Weavile|Weavile, M|100\/100\n|-damage|p2a: Weavile|76\/100|[from] Stealth Rock\n|-ability|p2a: Weavile|Pressure\n|\n|upkeep\n|turn|31\n|\n|switch|p2a: Toxapex|Toxapex, F|100\/100\n|-damage|p2a: Toxapex|88\/100|[from] Stealth Rock\n|move|p1a: Venusaur|Sludge Bomb|p2a: Toxapex\n|-resisted|p2a: Toxapex\n|-damage|p2a: Toxapex|77\/100\n|\n|-heal|p2a: Toxapex|83\/100|[from] item: Black Sludge\n|upkeep\n|turn|32\n|\n|switch|p1a: Chansey|Chansey, F|68\/100\n|move|p2a: Toxapex|Scald|p1a: Chansey\n|-damage|p1a: Chansey|63\/100\n|\n|-heal|p2a: Toxapex|89\/100|[from] item: Black Sludge\n|upkeep\n|turn|33\n|\n|move|p1a: Chansey|Soft-Boiled|p1a: Chansey\n|-heal|p1a: Chansey|100\/100\n|move|p2a: Toxapex|Toxic|p1a: Chansey\n|-status|p1a: Chansey|tox\n|\n|-heal|p2a: Toxapex|95\/100|[from] item: Black Sludge\n|-damage|p1a: Chansey|94\/100 tox|[from] psn\n|upkeep\n|turn|34\n|\n|switch|p2a: Garchomp|Garchomp, F|56\/100\n|-damage|p2a: Garchomp|50\/100|[from] Stealth Rock\n|move|p1a: Chansey|Aromatherapy|p1a: Chansey\n|-activate|p1a: Chansey|move: Aromatherapy\n|-curestatus|p1a: Chansey|tox|[msg]\n|\n|upkeep\n|turn|35\n|\n|move|p2a: Garchomp|Stealth Rock|p1a: Chansey\n|-sidestart|p1: Moskito Cup|move: Stealth Rock\n|move|p1a: Chansey|Seismic Toss|p2a: Garchomp\n|-damage|p2a: Garchomp|26\/100\n|-damage|p1a: Chansey|82\/100|[from] ability: Rough Skin|[of] p2a: Garchomp\n|\n|upkeep\n|turn|36\n|\n|switch|p2a: Kartana|Kartana|100\/100\n|-damage|p2a: Kartana|95\/100|[from] Stealth Rock\n|move|p1a: Chansey|Soft-Boiled|p1a: Chansey\n|-heal|p1a: Chansey|100\/100\n|\n|upkeep\n|turn|37\n|\n|switch|p2a: Toxapex|Toxapex, F|100\/100\n|-damage|p2a: Toxapex|88\/100|[from] Stealth Rock\n|switch|p1a: Venusaur|Venusaur-Mega, F|100\/100\n|-damage|p1a: Venusaur|88\/100|[from] Stealth Rock\n|\n|-heal|p2a: Toxapex|94\/100|[from] item: Black Sludge\n|upkeep\n|turn|38\n|\n|move|p1a: Venusaur|Giga Drain|p2a: Toxapex\n|-damage|p2a: Toxapex|73\/100\n|-heal|p1a: Venusaur|97\/100|[from] drain|[of] p2a: Toxapex\n|move|p2a: Toxapex|Scald|p1a: Venusaur\n|-resisted|p1a: Venusaur\n|-damage|p1a: Venusaur|91\/100\n|\n|-heal|p2a: Toxapex|79\/100|[from] item: Black Sludge\n|upkeep\n|turn|39\n|\n|switch|p1a: Chansey|Chansey, F|100\/100\n|-damage|p1a: Chansey|88\/100|[from] Stealth Rock\n|move|p2a: Toxapex|Toxic|p1a: Chansey\n|-status|p1a: Chansey|tox\n|\n|-heal|p2a: Toxapex|85\/100|[from] item: Black Sludge\n|-damage|p1a: Chansey|82\/100 tox|[from] psn\n|upkeep\n|turn|40\n|\n|switch|p2a: Celesteela|Celesteela|94\/100 par\n|-damage|p2a: Celesteela|82\/100 par|[from] Stealth Rock\n|move|p1a: Chansey|Aromatherapy|p1a: Chansey\n|-activate|p1a: Chansey|move: Aromatherapy\n|-curestatus|p1a: Chansey|tox|[msg]\n|\n|-heal|p2a: Celesteela|88\/100 par|[from] item: Leftovers\n|upkeep\n|turn|41\n|\n|move|p1a: Chansey|Seismic Toss|p2a: Celesteela\n|-damage|p2a: Celesteela|63\/100 par\n|cant|p2a: Celesteela|par\n|\n|-heal|p2a: Celesteela|69\/100 par|[from] item: Leftovers\n|upkeep\n|turn|42\n|\n|switch|p1a: Venusaur|Venusaur-Mega, F|91\/100\n|-damage|p1a: Venusaur|78\/100|[from] Stealth Rock\n|move|p2a: Celesteela|Leech Seed|p1a: Venusaur\n|-immune|p1a: Venusaur\n|\n|-heal|p2a: Celesteela|75\/100 par|[from] item: Leftovers\n|upkeep\n|turn|43\n|\n|move|p1a: Venusaur|Giga Drain|p2a: Celesteela\n|-resisted|p2a: Celesteela\n|-damage|p2a: Celesteela|70\/100 par\n|-heal|p1a: Venusaur|81\/100|[from] drain|[of] p2a: Celesteela\n|cant|p2a: Celesteela|par\n|\n|-heal|p2a: Celesteela|76\/100 par|[from] item: Leftovers\n|upkeep\n|turn|44\n|\n|switch|p2a: Toxapex|Toxapex, F|100\/100\n|-damage|p2a: Toxapex|88\/100|[from] Stealth Rock\n|move|p1a: Venusaur|Hidden Power|p2a: Toxapex\n|-resisted|p2a: Toxapex\n|-damage|p2a: Toxapex|83\/100\n|\n|-heal|p2a: Toxapex|89\/100|[from] item: Black Sludge\n|upkeep\n|turn|45\n|\n|switch|p1a: Chansey|Chansey, F|82\/100\n|-damage|p1a: Chansey|70\/100|[from] Stealth Rock\n|move|p2a: Toxapex|Scald|p1a: Chansey\n|-damage|p1a: Chansey|65\/100\n|-status|p1a: Chansey|brn\n|\n|-heal|p2a: Toxapex|95\/100|[from] item: Black Sludge\n|-damage|p1a: Chansey|59\/100 brn|[from] brn\n|upkeep\n|turn|46\n|\n|switch|p2a: Celesteela|Celesteela|76\/100 par\n|-damage|p2a: Celesteela|63\/100 par|[from] Stealth Rock\n|move|p1a: Chansey|Soft-Boiled|p1a: Chansey\n|-heal|p1a: Chansey|100\/100 brn\n|\n|-heal|p2a: Celesteela|70\/100 par|[from] item: Leftovers\n|-damage|p1a: Chansey|94\/100 brn|[from] brn\n|upkeep\n|turn|47\n|\n|switch|p1a: Venusaur|Venusaur-Mega, F|81\/100\n|-damage|p1a: Venusaur|69\/100|[from] Stealth Rock\n|move|p2a: Celesteela|Heavy Slam|p1a: Venusaur\n|-damage|p1a: Venusaur|46\/100\n|\n|-heal|p2a: Celesteela|76\/100 par|[from] item: Leftovers\n|upkeep\n|turn|48\n|\n|move|p1a: Venusaur|Synthesis|p1a: Venusaur\n|-heal|p1a: Venusaur|96\/100\n|move|p2a: Celesteela|Heavy Slam|p1a: Venusaur\n|-damage|p1a: Venusaur|71\/100\n|\n|-heal|p2a: Celesteela|82\/100 par|[from] item: Leftovers\n|upkeep\n|turn|49\n|\n|switch|p1a: Bisharp|Bisharp, F|68\/100\n|-damage|p1a: Bisharp|62\/100|[from] Stealth Rock\n|move|p2a: Celesteela|Leech Seed|p1a: Bisharp\n|-start|p1a: Bisharp|move: Leech Seed\n|\n|-heal|p1a: Bisharp|68\/100|[from] item: Leftovers\n|-heal|p2a: Celesteela|88\/100 par|[from] item: Leftovers\n|-damage|p1a: Bisharp|55\/100|[from] Leech Seed|[of] p2a: Celesteela\n|-heal|p2a: Celesteela|98\/100 par|[silent]\n|upkeep\n|turn|50\n|\n|switch|p1a: Keldeo|Keldeo-Resolute|88\/100\n|-damage|p1a: Keldeo|82\/100|[from] Stealth Rock\n|switch|p2a: Kartana|Kartana|95\/100\n|-damage|p2a: Kartana|89\/100|[from] Stealth Rock\n|\n|-heal|p1a: Keldeo|88\/100|[from] item: Leftovers\n|upkeep\n|turn|51\n|\n|switch|p1a: Venusaur|Venusaur-Mega, F|71\/100\n|-damage|p1a: Venusaur|59\/100|[from] Stealth Rock\n|move|p2a: Kartana|Sacred Sword|p1a: Venusaur\n|-resisted|p1a: Venusaur\n|-damage|p1a: Venusaur|47\/100\n|\n|upkeep\n|turn|52\n|\n|switch|p2a: Toxapex|Toxapex, F|100\/100\n|-damage|p2a: Toxapex|88\/100|[from] Stealth Rock\n|move|p1a: Venusaur|Synthesis|p1a: Venusaur\n|-heal|p1a: Venusaur|97\/100\n|\n|-heal|p2a: Toxapex|94\/100|[from] item: Black Sludge\n|upkeep\n|turn|53\n|\n|switch|p1a: Chansey|Chansey, F|94\/100\n|-damage|p1a: Chansey|82\/100|[from] Stealth Rock\n|move|p2a: Toxapex|Toxic|p1a: Chansey\n|-status|p1a: Chansey|tox\n|\n|-heal|p2a: Toxapex|99\/100|[from] item: Black Sludge\n|-damage|p1a: Chansey|76\/100 tox|[from] psn\n|upkeep\n|turn|54\n|\n|-curestatus|p1a: Chansey|tox|[from] ability: Natural Cure\n|switch|p1a: Keldeo|Keldeo-Resolute|88\/100\n|-damage|p1a: Keldeo|82\/100|[from] Stealth Rock\n|move|p2a: Toxapex|Scald|p1a: Keldeo\n|-resisted|p1a: Keldeo\n|-damage|p1a: Keldeo|73\/100\n|\n|-heal|p1a: Keldeo|79\/100|[from] item: Leftovers\n|-heal|p2a: Toxapex|100\/100|[from] item: Black Sludge\n|upkeep\n|turn|55\n|\n|switch|p2a: Kartana|Kartana|89\/100\n|-damage|p2a: Kartana|83\/100|[from] Stealth Rock\n|move|p1a: Keldeo|Substitute|p1a: Keldeo\n|-start|p1a: Keldeo|Substitute\n|-damage|p1a: Keldeo|54\/100\n|\n|-heal|p1a: Keldeo|60\/100|[from] item: Leftovers\n|upkeep\n|turn|56\n|\n|move|p2a: Kartana|Leaf Blade|p1a: Keldeo\n|-supereffective|p1a: Keldeo\n|-crit|p1a: Keldeo\n|-end|p1a: Keldeo|Substitute\n|move|p1a: Keldeo|Secret Sword|p2a: Kartana\n|-supereffective|p2a: Kartana\n|-damage|p2a: Kartana|0 fnt\n|faint|p2a: Kartana\n|\n|-heal|p1a: Keldeo|66\/100|[from] item: Leftovers\n|upkeep\n|\n|switch|p2a: Weavile|Weavile, M|76\/100\n|-damage|p2a: Weavile|51\/100|[from] Stealth Rock\n|-ability|p2a: Weavile|Pressure\n|turn|57\n|j| I don't reply\n|c| I don't reply|nice tilt\n|\n|switch|p1a: Venusaur|Venusaur-Mega, F|97\/100\n|-damage|p1a: Venusaur|84\/100|[from] Stealth Rock\n|move|p2a: Weavile|Knock Off|p1a: Venusaur\n|-damage|p1a: Venusaur|64\/100\n|\n|upkeep\n|turn|58\n|j| mar1a i'm drunk\n|c| I don't reply|ah its kory go kory\n|c|\u2606Kory2600\u00a8\u00a8|J'men bas les couilles\n|\n|switch|p2a: Celesteela|Celesteela|98\/100 par\n|-damage|p2a: Celesteela|86\/100 par|[from] Stealth Rock\n|move|p1a: Venusaur|Synthesis|p1a: Venusaur\n|-heal|p1a: Venusaur|100\/100\n|\n|-heal|p2a: Celesteela|92\/100 par|[from] item: Leftovers\n|upkeep\n|turn|59\n|\n|switch|p2a: Toxapex|Toxapex, F|100\/100\n|-damage|p2a: Toxapex|88\/100|[from] Stealth Rock\n|move|p1a: Venusaur|Hidden Power|p2a: Toxapex\n|-resisted|p2a: Toxapex\n|-damage|p2a: Toxapex|83\/100\n|\n|-heal|p2a: Toxapex|89\/100|[from] item: Black Sludge\n|upkeep\n|turn|60\n|\n|switch|p1a: Chansey|Chansey, F|76\/100\n|-damage|p1a: Chansey|64\/100|[from] Stealth Rock\n|move|p2a: Toxapex|Scald|p1a: Chansey\n|-damage|p1a: Chansey|59\/100\n|\n|-heal|p2a: Toxapex|95\/100|[from] item: Black Sludge\n|upkeep\n|turn|61\n|\n|move|p1a: Chansey|Seismic Toss|p2a: Toxapex\n|-damage|p2a: Toxapex|62\/100\n|move|p2a: Toxapex|Toxic|p1a: Chansey\n|-status|p1a: Chansey|tox\n|\n|-heal|p2a: Toxapex|67\/100|[from] item: Black Sludge\n|-damage|p1a: Chansey|53\/100 tox|[from] psn\n|upkeep\n|turn|62\n|\n|move|p1a: Chansey|Soft-Boiled|p1a: Chansey\n|-heal|p1a: Chansey|100\/100 tox\n|move|p2a: Toxapex|Toxic|p1a: Chansey\n|-fail|p1a: Chansey|tox\n|\n|-heal|p2a: Toxapex|73\/100|[from] item: Black Sludge\n|-damage|p1a: Chansey|88\/100 tox|[from] psn\n|upkeep\n|turn|63\n|\n|move|p1a: Chansey|Aromatherapy|p1a: Chansey\n|-activate|p1a: Chansey|move: Aromatherapy\n|-curestatus|p1a: Chansey|tox|[msg]\n|move|p2a: Toxapex|Scald|p1a: Chansey\n|-damage|p1a: Chansey|84\/100\n|\n|-heal|p2a: Toxapex|79\/100|[from] item: Black Sludge\n|upkeep\n|turn|64\n|\n|move|p1a: Chansey|Seismic Toss|p2a: Toxapex\n|-damage|p2a: Toxapex|46\/100\n|move|p2a: Toxapex|Toxic|p1a: Chansey\n|-status|p1a: Chansey|tox\n|\n|-heal|p2a: Toxapex|52\/100|[from] item: Black Sludge\n|-damage|p1a: Chansey|78\/100 tox|[from] psn\n|upkeep\n|turn|65\n|\n|-curestatus|p1a: Chansey|tox|[from] ability: Natural Cure\n|switch|p1a: Bisharp|Bisharp, F|55\/100\n|-damage|p1a: Bisharp|49\/100|[from] Stealth Rock\n|move|p2a: Toxapex|Toxic|p1a: Bisharp\n|-immune|p1a: Bisharp\n|\n|-heal|p1a: Bisharp|55\/100|[from] item: Leftovers\n|-heal|p2a: Toxapex|58\/100|[from] item: Black Sludge\n|upkeep\n|turn|66\n|\n|move|p1a: Bisharp|Knock Off|p2a: Toxapex\n|-damage|p2a: Toxapex|20\/100\n|-enditem|p2a: Toxapex|Black Sludge|[from] move: Knock Off|[of] p1a: Bisharp\n|move|p2a: Toxapex|Scald|p1a: Bisharp\n|-damage|p1a: Bisharp|34\/100\n|-status|p1a: Bisharp|brn\n|\n|-heal|p1a: Bisharp|40\/100 brn|[from] item: Leftovers\n|-damage|p1a: Bisharp|34\/100 brn|[from] brn\n|upkeep\n|turn|67\n|\n|switch|p1a: Chansey|Chansey, F|78\/100\n|-damage|p1a: Chansey|65\/100|[from] Stealth Rock\n|move|p2a: Toxapex|Toxic|p1a: Chansey\n|-status|p1a: Chansey|tox\n|\n|-damage|p1a: Chansey|59\/100 tox|[from] psn\n|upkeep\n|turn|68\n|\n|switch|p2a: Celesteela|Celesteela|92\/100 par\n|-damage|p2a: Celesteela|79\/100 par|[from] Stealth Rock\n|move|p1a: Chansey|Aromatherapy|p1a: Chansey\n|-activate|p1a: Chansey|move: Aromatherapy\n|-curestatus|p1a: Chansey|tox|[msg]\n|-curestatus|p1: Bisharp|brn|[msg]\n|\n|-heal|p2a: Celesteela|85\/100 par|[from] item: Leftovers\n|upkeep\n|turn|69\n|\n|move|p1a: Chansey|Seismic Toss|p2a: Celesteela\n|-damage|p2a: Celesteela|60\/100 par\n|cant|p2a: Celesteela|par\n|\n|-heal|p2a: Celesteela|66\/100 par|[from] item: Leftovers\n|upkeep\n|turn|70\n|\n|switch|p1a: Venusaur|Venusaur-Mega, F|100\/100\n|-damage|p1a: Venusaur|88\/100|[from] Stealth Rock\n|cant|p2a: Celesteela|par\n|\n|-heal|p2a: Celesteela|72\/100 par|[from] item: Leftovers\n|upkeep\n|turn|71\n|\n|move|p1a: Venusaur|Hidden Power|p2a: Celesteela\n|-supereffective|p2a: Celesteela\n|-damage|p2a: Celesteela|50\/100 par\n|move|p2a: Celesteela|Leech Seed|p1a: Venusaur\n|-immune|p1a: Venusaur\n|\n|-heal|p2a: Celesteela|56\/100 par|[from] item: Leftovers\n|upkeep\n|turn|72\n|\n|switch|p1a: Keldeo|Keldeo-Resolute|66\/100\n|-damage|p1a: Keldeo|60\/100|[from] Stealth Rock\n|switch|p2a: Toxapex|Toxapex, F|54\/100\n|-damage|p2a: Toxapex|41\/100|[from] Stealth Rock\n|\n|-heal|p1a: Keldeo|66\/100|[from] item: Leftovers\n|upkeep\n|turn|73\n|-message|Kory2600\u00a8\u00a8 forfeited.\n|\n|win|Moskito Cup\n|l|\u2606Kory2600\u00a8\u00a8\n|raw|Moskito Cup's rating: 1952 &rarr; <strong>1973<\/strong><br \/>(+21 for winning)\n|raw|Kory2600\u00a8\u00a8's rating: 1969 &rarr; <strong>1948<\/strong><br \/>(-21 for losing)\n","uploadtime":1547770180,"views":483,"p1id":"moskitocup","p2id":"kory2600","formatid":"gen7ou","rating":1948,"private":0,"password":null}