{"id":"gen7ou-626239701","p1":"ZyWrath","p2":"Q114","format":"gen7ou","log":"|j|ZyWrath\n|j|Q114\n|player|p1|ZyWrath|168\n|teamsize|p1|6\n|player|p2|Q114|170\n|teamsize|p2|6\n|gametype|singles\n|gen|7\n|tier|[Gen 7] OU\n|rated\n|seed|5943,38199,10563,58855\n|rule|Sleep Clause Mod: Limit one foe put to sleep\n|rule|Species Clause: Limit one of each Pok\u00e9mon\n|rule|OHKO Clause: OHKO moves are banned\n|rule|Moody Clause: Moody is banned\n|rule|Evasion Moves Clause: Evasion moves are banned\n|rule|Endless Battle Clause: Forcing endless battles is banned\n|rule|HP Percentage Mod: HP is shown in percentages\n|clearpoke\n|poke|p1|Mawile, M|item\n|poke|p1|Clefable, M|item\n|poke|p1|Landorus-Therian, M|item\n|poke|p1|Tangrowth, M|item\n|poke|p1|Heatran, M|item\n|poke|p1|Latios, M|item\n|poke|p2|Swampert, M|item\n|poke|p2|Tornadus-Therian, M|item\n|poke|p2|Politoed, F|item\n|poke|p2|Smeargle, F|item\n|poke|p2|Manaphy|item\n|poke|p2|Tapu Lele|item\n|teampreview\n|choice|team 5, team 2, team 3, team 4, team 1, team 6|team 4, team 2, team 3, team 1, team 5, team 6\n|\n|start\n|switch|p1a: Heatran|Heatran, M|323\/323\n|switch|p2a: Smeargle|Smeargle, F|220\/220\n|turn|1\n|j|caradepobre\n|inactive|Battle timer is ON: inactive players will automatically lose when time's up. (requested by ZyWrath)\n|choice|move magmastorm|move stealthrock\n|\n|move|p1a: Heatran|Magma Storm|p2a: Smeargle\n|-enditem|p2a: Smeargle|Focus Sash\n|-damage|p2a: Smeargle|1\/220\n|-activate|p2a: Smeargle|move: Magma Storm|[of] p1a: Heatran\n|move|p2a: Smeargle|Stealth Rock|p1a: Heatran\n|-sidestart|p1: ZyWrath|move: Stealth Rock\n|\n|-damage|p2a: Smeargle|0 fnt|[from] move: Magma Storm|[partiallytrapped]\n|upkeep\n|faint|p2a: Smeargle\n|choice||switch 5\n|\n|switch|p2a: Manaphy|Manaphy|341\/341\n|turn|2\n|choice|switch 6|move tailglow\n|\n|switch|p1a: Latios|Latios, M|301\/301\n|-damage|p1a: Latios|264\/301|[from] Stealth Rock\n|move|p2a: Manaphy|Tail Glow|p2a: Manaphy\n|-boost|p2a: Manaphy|spa|3\n|\n|upkeep\n|turn|3\n|choice|move psyshock zmove|move icebeam\n|\n|-zpower|p1a: Latios\n|move|p1a: Latios|Shattered Psyche|p2a: Manaphy|[zeffect]\n|-damage|p2a: Manaphy|56\/341\n|move|p2a: Manaphy|Ice Beam|p1a: Latios\n|-supereffective|p1a: Latios\n|-damage|p1a: Latios|0 fnt\n|faint|p1a: Latios\n|\n|-heal|p2a: Manaphy|77\/341|[from] item: Leftovers\n|upkeep\n|choice|switch 3|\n|\n|switch|p1a: Landorus|Landorus-Therian, M|319\/319\n|-damage|p1a: Landorus|280\/319|[from] Stealth Rock\n|-ability|p1a: Landorus|Intimidate|boost\n|-unboost|p2a: Manaphy|atk|1\n|turn|4\n|choice|move uturn|move icebeam\n|\n|move|p1a: Landorus|U-turn|p2a: Manaphy\n|-damage|p2a: Manaphy|0 fnt\n|faint|p2a: Manaphy\n|j|giulianolomoro18\n|choice|switch 4|\n|\n|switch|p1a: Tangrowth|Tangrowth, M|404\/404\n|-damage|p1a: Tangrowth|354\/404|[from] Stealth Rock\n|\n|upkeep\n|choice||switch 2\n|\n|switch|p2a: Tornadus|Tornadus-Therian, M|299\/299\n|turn|5\n|choice|switch 6|move uturn\n|\n|switch|p1a: Heatran|Heatran, M|323\/323\n|-damage|p1a: Heatran|283\/323|[from] Stealth Rock\n|move|p2a: Tornadus|U-turn|p1a: Heatran\n|-resisted|p1a: Heatran\n|-damage|p1a: Heatran|265\/323\n|-damage|p2a: Tornadus|270\/299|[from] item: Life Orb\n|choice||switch 3\n|\n|switch|p2a: Politoed|Politoed, F|383\/383\n|-weather|RainDance|[from] ability: Drizzle|[of] p2a: Politoed\n|\n|-weather|RainDance|[upkeep]\n|-heal|p1a: Heatran|285\/323|[from] item: Leftovers\n|upkeep\n|turn|6\n|choice|move substitute|move scald\n|\n|move|p1a: Heatran|Substitute|p1a: Heatran\n|-start|p1a: Heatran|Substitute\n|-damage|p1a: Heatran|205\/323\n|move|p2a: Politoed|Scald|p1a: Heatran\n|-supereffective|p1a: Heatran\n|-end|p1a: Heatran|Substitute\n|\n|-weather|RainDance|[upkeep]\n|-heal|p1a: Heatran|225\/323|[from] item: Leftovers\n|upkeep\n|turn|7\n|choice|switch 6|move scald\n|\n|switch|p1a: Tangrowth|Tangrowth, M|404\/404\n|-damage|p1a: Tangrowth|354\/404|[from] Stealth Rock\n|move|p2a: Politoed|Scald|p1a: Tangrowth\n|-resisted|p1a: Tangrowth\n|-crit|p1a: Tangrowth\n|-damage|p1a: Tangrowth|279\/404\n|\n|-weather|RainDance|[upkeep]\n|upkeep\n|turn|8\n|choice|move knockoff|switch 3\n|\n|switch|p2a: Tornadus|Tornadus-Therian, M|299\/299\n|move|p1a: Tangrowth|Knock Off|p2a: Tornadus\n|-damage|p2a: Tornadus|204\/299\n|-enditem|p2a: Tornadus|Life Orb|[from] move: Knock Off|[of] p1a: Tangrowth\n|\n|-weather|RainDance|[upkeep]\n|upkeep\n|turn|9\n|choice|switch 6|move uturn\n|\n|switch|p1a: Heatran|Heatran, M|225\/323\n|-damage|p1a: Heatran|185\/323|[from] Stealth Rock\n|move|p2a: Tornadus|U-turn|p1a: Heatran\n|-resisted|p1a: Heatran\n|-damage|p1a: Heatran|173\/323\n|choice||switch 4\n|\n|switch|p2a: Swampert|Swampert, M|341\/341\n|\n|-weather|RainDance|[upkeep]\n|-heal|p1a: Heatran|193\/323|[from] item: Leftovers\n|upkeep\n|turn|10\n|choice|switch 2|move waterfall mega\n|\n|switch|p1a: Clefable|Clefable, M|394\/394\n|detailschange|p2a: Swampert|Swampert-Mega, M\n|-mega|p2a: Swampert|Swampert|Swampertite\n|move|p2a: Swampert|Waterfall|p1a: Clefable\n|-damage|p1a: Clefable|174\/394\n|\n|-weather|RainDance|[upkeep]\n|-heal|p1a: Clefable|198\/394|[from] item: Leftovers\n|upkeep\n|turn|11\n|choice|switch 6|move waterfall\n|\n|switch|p1a: Tangrowth|Tangrowth, M|404\/404\n|-damage|p1a: Tangrowth|354\/404|[from] Stealth Rock\n|move|p2a: Swampert|Waterfall|p1a: Tangrowth\n|-resisted|p1a: Tangrowth\n|-damage|p1a: Tangrowth|248\/404\n|\n|-weather|RainDance|[upkeep]\n|upkeep\n|turn|12\n|choice|switch 2|switch 4\n|\n|switch|p2a: Tornadus|Tornadus-Therian, M|299\/299\n|switch|p1a: Heatran|Heatran, M|193\/323\n|-damage|p1a: Heatran|153\/323|[from] Stealth Rock\n|\n|-weather|none\n|-heal|p1a: Heatran|173\/323|[from] item: Leftovers\n|upkeep\n|turn|13\n|choice|move substitute|move knockoff\n|\n|move|p2a: Tornadus|Knock Off|p1a: Heatran\n|-damage|p1a: Heatran|106\/323\n|-enditem|p1a: Heatran|Leftovers|[from] move: Knock Off|[of] p2a: Tornadus\n|move|p1a: Heatran|Substitute|p1a: Heatran\n|-start|p1a: Heatran|Substitute\n|-damage|p1a: Heatran|26\/323\n|\n|upkeep\n|turn|14\n|choice|move magmastorm|move uturn\n|\n|move|p2a: Tornadus|U-turn|p1a: Heatran\n|-resisted|p1a: Heatran\n|-activate|p1a: Heatran|move: Substitute|[damage]\n|choice||switch 3\n|\n|switch|p2a: Politoed|Politoed, F|383\/383\n|-weather|RainDance|[from] ability: Drizzle|[of] p2a: Politoed\n|move|p1a: Heatran|Magma Storm|p2a: Politoed|[miss]\n|-miss|p1a: Heatran|p2a: Politoed\n|\n|-weather|RainDance|[upkeep]\n|upkeep\n|turn|15\n|choice|move toxic|move scald\n|\n|move|p1a: Heatran|Toxic|p2a: Politoed|[miss]\n|-miss|p1a: Heatran|p2a: Politoed\n|move|p2a: Politoed|Scald|p1a: Heatran\n|-supereffective|p1a: Heatran\n|-end|p1a: Heatran|Substitute\n|\n|-weather|RainDance|[upkeep]\n|upkeep\n|turn|16\n|c|\u2606ZyWrath|mds\n|c|\u2606ZyWrath|vou deletar essa merda\n|choice|move toxic|move scald\n|\n|move|p1a: Heatran|Toxic|p2a: Politoed|[miss]\n|-miss|p1a: Heatran|p2a: Politoed\n|move|p2a: Politoed|Scald|p1a: Heatran\n|-supereffective|p1a: Heatran\n|-damage|p1a: Heatran|0 fnt\n|faint|p1a: Heatran\n|\n|-weather|RainDance|[upkeep]\n|upkeep\n|l|giulianolomoro18\n|choice|switch 4|\n|\n|switch|p1a: Landorus|Landorus-Therian, M|280\/319\n|-damage|p1a: Landorus|241\/319|[from] Stealth Rock\n|-ability|p1a: Landorus|Intimidate|boost\n|-unboost|p2a: Politoed|atk|1\n|turn|17\n|choice|move explosion|move scald\n|\n|move|p1a: Landorus|Explosion|p2a: Politoed\n|-damage|p2a: Politoed|82\/383\n|faint|p1a: Landorus\n|move|p2a: Politoed|Scald|p1: Landorus|[notarget]\n|-notarget\n|\n|-weather|RainDance|[upkeep]\n|upkeep\n|choice|switch 6|\n|\n|switch|p1a: Clefable|Clefable, M|198\/394\n|turn|18\n|choice|move softboiled|move scald\n|\n|move|p2a: Politoed|Scald|p1a: Clefable\n|-damage|p1a: Clefable|66\/394\n|move|p1a: Clefable|Soft-Boiled|p1a: Clefable\n|-heal|p1a: Clefable|263\/394\n|\n|-weather|RainDance|[upkeep]\n|-heal|p1a: Clefable|287\/394|[from] item: Leftovers\n|upkeep\n|turn|19\n|choice|move moonblast|move encore\n|\n|move|p2a: Politoed|Encore|p1a: Clefable\n|-start|p1a: Clefable|Encore\n|move|p1a: Clefable|Soft-Boiled|p1a: Clefable\n|-heal|p1a: Clefable|394\/394\n|\n|-weather|RainDance|[upkeep]\n|upkeep\n|turn|20\n|choice|switch 5|switch 6\n|\n|switch|p2a: Tapu Lele|Tapu Lele|281\/281\n|-fieldstart|move: Psychic Terrain|[from] ability: Psychic Surge|[of] p2a: Tapu Lele\n|switch|p1a: Mawile|Mawile, M|264\/264\n|-damage|p1a: Mawile|248\/264|[from] Stealth Rock\n|\n|-weather|RainDance|[upkeep]\n|upkeep\n|turn|21\n|choice|move playrough mega|move psychic\n|\n|detailschange|p1a: Mawile|Mawile-Mega, M\n|-mega|p1a: Mawile|Mawile|Mawilite\n|move|p2a: Tapu Lele|Psychic|p1a: Mawile\n|-resisted|p1a: Mawile\n|-damage|p1a: Mawile|116\/264\n|move|p1a: Mawile|Play Rough|p2a: Tapu Lele\n|-damage|p2a: Tapu Lele|0 fnt\n|faint|p2a: Tapu Lele\n|\n|-weather|none\n|upkeep\n|choice||switch 4\n|\n|switch|p2a: Swampert|Swampert-Mega, M|341\/341\n|turn|22\n|choice|switch 5|switch 3\n|\n|switch|p2a: Tornadus|Tornadus-Therian, M|299\/299\n|switch|p1a: Clefable|Clefable, M|394\/394\n|\n|upkeep\n|turn|23\n|choice|move softboiled|move knockoff\n|\n|move|p2a: Tornadus|Knock Off|p1a: Clefable\n|-resisted|p1a: Clefable\n|-damage|p1a: Clefable|359\/394\n|-enditem|p1a: Clefable|Leftovers|[from] move: Knock Off|[of] p2a: Tornadus\n|move|p1a: Clefable|Soft-Boiled|p1a: Clefable\n|-heal|p1a: Clefable|394\/394\n|\n|upkeep\n|turn|24\n|choice|move stealthrock|move hurricane\n|\n|move|p2a: Tornadus|Hurricane|p1a: Clefable\n|-damage|p1a: Clefable|217\/394\n|-start|p1a: Clefable|confusion\n|-activate|p1a: Clefable|confusion\n|move|p1a: Clefable|Stealth Rock|p2a: Tornadus\n|-sidestart|p2: Q114|move: Stealth Rock\n|\n|upkeep\n|turn|25\n|choice|move softboiled|move uturn\n|\n|move|p2a: Tornadus|U-turn|p1a: Clefable\n|-resisted|p1a: Clefable\n|-damage|p1a: Clefable|192\/394\n|choice||switch 3\n|\n|switch|p2a: Swampert|Swampert-Mega, M|341\/341\n|-damage|p2a: Swampert|320\/341|[from] Stealth Rock\n|-activate|p1a: Clefable|confusion\n|move|p1a: Clefable|Soft-Boiled|p1a: Clefable\n|-heal|p1a: Clefable|389\/394\n|\n|upkeep\n|turn|26\n|choice|switch 2|move poweruppunch\n|\n|switch|p1a: Tangrowth|Tangrowth, M|382\/404\n|-damage|p1a: Tangrowth|332\/404|[from] Stealth Rock\n|move|p2a: Swampert|Power-Up Punch|p1a: Tangrowth\n|-damage|p1a: Tangrowth|281\/404\n|-boost|p2a: Swampert|atk|1\n|\n|upkeep\n|turn|27\n|choice|move gigadrain|switch 6\n|\n|switch|p2a: Politoed|Politoed, F|82\/383\n|-damage|p2a: Politoed|35\/383|[from] Stealth Rock\n|-weather|RainDance|[from] ability: Drizzle|[of] p2a: Politoed\n|move|p1a: Tangrowth|Giga Drain|p2a: Politoed\n|-supereffective|p2a: Politoed\n|-damage|p2a: Politoed|0 fnt\n|-heal|p1a: Tangrowth|299\/404|[from] drain|[of] p2a: Politoed\n|faint|p2a: Politoed\n|\n|-weather|RainDance|[upkeep]\n|-fieldend|move: Psychic Terrain\n|upkeep\n|choice||switch 3\n|\n|switch|p2a: Tornadus|Tornadus-Therian, M|299\/299\n|-damage|p2a: Tornadus|225\/299|[from] Stealth Rock\n|turn|28\n|inactive|ZyWrath has 120 seconds left.\n|choice|switch 2|move hurricane\n|\n|switch|p1a: Clefable|Clefable, M|389\/394\n|move|p2a: Tornadus|Hurricane|p1a: Clefable\n|-damage|p1a: Clefable|209\/394\n|\n|-weather|RainDance|[upkeep]\n|upkeep\n|turn|29\n|choice|move softboiled|move hurricane\n|\n|move|p2a: Tornadus|Hurricane|p1a: Clefable\n|-damage|p1a: Clefable|17\/394\n|move|p1a: Clefable|Soft-Boiled|p1a: Clefable\n|-heal|p1a: Clefable|214\/394\n|\n|-weather|RainDance|[upkeep]\n|upkeep\n|turn|30\n|choice|move softboiled|move hurricane\n|\n|move|p2a: Tornadus|Hurricane|p1a: Clefable\n|-damage|p1a: Clefable|10\/394\n|move|p1a: Clefable|Soft-Boiled|p1a: Clefable\n|-heal|p1a: Clefable|207\/394\n|\n|-weather|RainDance|[upkeep]\n|upkeep\n|turn|31\n|choice|move softboiled|move hurricane\n|\n|move|p2a: Tornadus|Hurricane|p1a: Clefable\n|-damage|p1a: Clefable|30\/394\n|move|p1a: Clefable|Soft-Boiled|p1a: Clefable\n|-heal|p1a: Clefable|227\/394\n|\n|-weather|RainDance|[upkeep]\n|upkeep\n|turn|32\n|choice|move softboiled|move hurricane\n|\n|move|p2a: Tornadus|Hurricane|p1a: Clefable\n|-damage|p1a: Clefable|35\/394\n|move|p1a: Clefable|Soft-Boiled|p1a: Clefable\n|-heal|p1a: Clefable|232\/394\n|\n|-weather|RainDance|[upkeep]\n|upkeep\n|turn|33\n|choice|move softboiled|move hurricane\n|\n|move|p2a: Tornadus|Hurricane|p1a: Clefable\n|-damage|p1a: Clefable|46\/394\n|move|p1a: Clefable|Soft-Boiled|p1a: Clefable\n|-heal|p1a: Clefable|243\/394\n|\n|-weather|RainDance|[upkeep]\n|upkeep\n|turn|34\n|choice|move softboiled|move hurricane\n|\n|move|p2a: Tornadus|Hurricane|p1a: Clefable\n|-damage|p1a: Clefable|56\/394\n|move|p1a: Clefable|Soft-Boiled|p1a: Clefable\n|-heal|p1a: Clefable|253\/394\n|\n|-weather|none\n|upkeep\n|turn|35\n|choice|move softboiled|move hurricane\n|\n|move|p2a: Tornadus|Hurricane|p1a: Clefable\n|-damage|p1a: Clefable|64\/394\n|move|p1a: Clefable|Soft-Boiled|p1a: Clefable\n|-heal|p1a: Clefable|261\/394\n|\n|upkeep\n|turn|36\n|choice|move softboiled|move raindance\n|\n|move|p2a: Tornadus|Rain Dance|p2a: Tornadus\n|-weather|RainDance\n|move|p1a: Clefable|Soft-Boiled|p1a: Clefable\n|-heal|p1a: Clefable|394\/394\n|\n|-weather|RainDance|[upkeep]\n|upkeep\n|turn|37\n|choice|move moonblast|move hurricane\n|\n|move|p2a: Tornadus|Hurricane|p1a: Clefable\n|-damage|p1a: Clefable|187\/394\n|move|p1a: Clefable|Moonblast|p2a: Tornadus\n|-damage|p2a: Tornadus|114\/299\n|\n|-weather|RainDance|[upkeep]\n|upkeep\n|turn|38\n|choice|move softboiled|move hurricane\n|\n|move|p2a: Tornadus|Hurricane|p1a: Clefable\n|-damage|p1a: Clefable|6\/394\n|-start|p1a: Clefable|confusion\n|-activate|p1a: Clefable|confusion\n|move|p1a: Clefable|Soft-Boiled|p1a: Clefable\n|-heal|p1a: Clefable|203\/394\n|\n|-weather|RainDance|[upkeep]\n|upkeep\n|turn|39\n|choice|move softboiled|move hurricane\n|\n|move|p2a: Tornadus|Hurricane|p1a: Clefable\n|-damage|p1a: Clefable|23\/394\n|-end|p1a: Clefable|confusion\n|move|p1a: Clefable|Soft-Boiled|p1a: Clefable\n|-heal|p1a: Clefable|220\/394\n|\n|-weather|RainDance|[upkeep]\n|upkeep\n|turn|40\n|choice|move softboiled|move hurricane\n|\n|move|p2a: Tornadus|Hurricane|p1a: Clefable\n|-damage|p1a: Clefable|45\/394\n|move|p1a: Clefable|Soft-Boiled|p1a: Clefable\n|-heal|p1a: Clefable|242\/394\n|\n|-weather|none\n|upkeep\n|turn|41\n|choice|move moonblast|move hurricane\n|\n|move|p2a: Tornadus|Hurricane|p1a: Clefable\n|-damage|p1a: Clefable|44\/394\n|move|p1a: Clefable|Moonblast|p2a: Tornadus\n|-damage|p2a: Tornadus|0 fnt\n|faint|p2a: Tornadus\n|\n|upkeep\n|c|\u2606ZyWrath|Melhor gorda\n|inactive|Q114 has 120 seconds left.\n|inactive|Q114 has 90 seconds left.\n|inactive|Q114 has 60 seconds left.\n|c|\u2606ZyWrath|que arrombado\n|inactive|Q114 has 40 seconds left.\n|inactive|Q114 has 30 seconds left.\n|c|\u2606ZyWrath|me da raiva esses fudido que deixa o tempo correr pra atacar quando ta perdido\n|inactive|Q114 has 20 seconds left.\n|c|\u2606ZyWrath|acha que vai ganhar no timer\n|inactive|Q114 has 10 seconds left.\n|-message|Q114 lost due to inactivity.\n|\n|win|ZyWrath\n|raw|ZyWrath's rating: 1778 &rarr; <strong>1797<\/strong><br \/>(+19 for winning)\n|raw|Q114's rating: 1759 &rarr; <strong>1740<\/strong><br \/>(-19 for losing)","inputlog":null,"uploadtime":1504399820,"views":41,"p1id":"zywrath","p2id":"q114","formatid":"gen7ou","rating":1740,"private":0,"password":null}