{"id":"gen7ou-769748940","p1":"Proftreez","p2":"SMxVale","format":"gen7ou","log":"|j|\u2606Proftreez\n|j|\u2606SMxVale\n|player|p1|Proftreez|169\n|player|p2|SMxVale|151\n|teamsize|p1|6\n|teamsize|p2|6\n|gametype|singles\n|gen|7\n|tier|[Gen 7] OU\n|rated|\n|rule|Sleep Clause Mod: Limit one foe put to sleep\n|rule|Species Clause: Limit one of each Pok\u00e9mon\n|rule|OHKO Clause: OHKO moves are banned\n|rule|Moody Clause: Moody is banned\n|rule|Evasion Moves Clause: Evasion moves are banned\n|rule|Endless Battle Clause: Forcing endless battles is banned\n|rule|HP Percentage Mod: HP is shown in percentages\n|clearpoke\n|poke|p1|Sableye, M|item\n|poke|p1|Zapdos|item\n|poke|p1|Chansey, F|item\n|poke|p1|Buzzwole|item\n|poke|p1|Slowbro, M|item\n|poke|p1|Quagsire, M|item\n|poke|p2|Medicham, F|item\n|poke|p2|Tapu Lele|item\n|poke|p2|Landorus-Therian, M|item\n|poke|p2|Tapu Fini|item\n|poke|p2|Jirachi|item\n|poke|p2|Heatran, M|item\n|teampreview\n|inactive|Battle timer is ON: inactive players will automatically lose when time's up. (requested by Proftreez)\n|\n|start\n|switch|p1a: Gemineye|Sableye, M|100\/100\n|switch|p2a: Tapu Lele|Tapu Lele|100\/100\n|-fieldstart|move: Psychic Terrain|[from] ability: Psychic Surge|[of] p2a: Tapu Lele\n|turn|1\n|\n|detailschange|p1a: Gemineye|Sableye-Mega, M\n|-mega|p1a: Gemineye|Sableye|Sablenite\n|move|p1a: Gemineye|Protect|p1a: Gemineye\n|-singleturn|p1a: Gemineye|Protect\n|move|p2a: Tapu Lele|Moonblast|p1a: Gemineye\n|-activate|p1a: Gemineye|move: Protect\n|\n|upkeep\n|turn|2\n|\n|switch|p2a: Tapu Fini|Tapu Fini|100\/100\n|-fieldstart|move: Misty Terrain|[from] ability: Misty Surge|[of] p2a: Tapu Fini\n|switch|p1a: Blob|Chansey, F|100\/100\n|\n|upkeep\n|turn|3\n|\n|switch|p1a: Gemineye|Sableye-Mega, M|100\/100\n|move|p2a: Tapu Fini|Nature's Madness|p1a: Gemineye\n|-damage|p1a: Gemineye|51\/100\n|\n|upkeep\n|turn|4\n|inactive|SMxVale has 135 seconds left.\n|\n|move|p2a: Tapu Fini|Moonblast|p1a: Gemineye\n|-supereffective|p1a: Gemineye\n|-damage|p1a: Gemineye|6\/100\n|move|p1a: Gemineye|Recover|p1a: Gemineye\n|-heal|p1a: Gemineye|57\/100\n|\n|upkeep\n|turn|5\n|c|\u2606Proftreez|Uh\n|\n|move|p2a: Tapu Fini|Moonblast|p1a: Gemineye\n|-supereffective|p1a: Gemineye\n|-damage|p1a: Gemineye|10\/100\n|-unboost|p1a: Gemineye|spa|1\n|move|p1a: Gemineye|Recover|p1a: Gemineye\n|-heal|p1a: Gemineye|61\/100\n|\n|upkeep\n|turn|6\n|\n|move|p2a: Tapu Fini|Moonblast|p1a: Gemineye\n|-supereffective|p1a: Gemineye\n|-damage|p1a: Gemineye|16\/100\n|move|p1a: Gemineye|Recover|p1a: Gemineye\n|-heal|p1a: Gemineye|67\/100\n|\n|-fieldend|Misty Terrain\n|upkeep\n|turn|7\n|c|\u2606Proftreez|Oh k\n|\n|switch|p2a: Tapu Lele|Tapu Lele|100\/100\n|-fieldstart|move: Psychic Terrain|[from] ability: Psychic Surge|[of] p2a: Tapu Lele\n|move|p1a: Gemineye|Recover|p1a: Gemineye\n|-heal|p1a: Gemineye|100\/100\n|\n|upkeep\n|turn|8\n|\n|switch|p1a: King|Slowbro, M|100\/100\n|move|p2a: Tapu Lele|Moonblast|p1a: King\n|-damage|p1a: King|63\/100\n|\n|upkeep\n|turn|9\n|\n|switch|p2a: Tapu Fini|Tapu Fini|100\/100\n|-fieldstart|move: Misty Terrain|[from] ability: Misty Surge|[of] p2a: Tapu Fini\n|switch|p1a: Blob|Chansey, F|100\/100\n|\n|upkeep\n|turn|10\n|\n|move|p2a: Tapu Fini|Nature's Madness|p1a: Blob\n|-damage|p1a: Blob|51\/100\n|move|p1a: Blob|Stealth Rock|p2a: Tapu Fini\n|-sidestart|p2: SMxVale|move: Stealth Rock\n|\n|upkeep\n|turn|11\n|\n|move|p2a: Tapu Fini|Defog|p1a: Blob\n|-unboost|p1a: Blob|evasion|1\n|-sideend|p2: SMxVale|Stealth Rock|[from] move: Defog|[of] p2a: Tapu Fini\n|move|p1a: Blob|Soft-Boiled|p1a: Blob\n|-heal|p1a: Blob|100\/100\n|\n|upkeep\n|turn|12\n|\n|move|p2a: Tapu Fini|Nature's Madness|p1a: Blob\n|-damage|p1a: Blob|51\/100\n|move|p1a: Blob|Stealth Rock|p2a: Tapu Fini\n|-sidestart|p2: SMxVale|move: Stealth Rock\n|\n|upkeep\n|turn|13\n|\n|move|p2a: Tapu Fini|Taunt|p1a: Blob\n|-start|p1a: Blob|move: Taunt\n|cant|p1a: Blob|move: Taunt|Soft-Boiled\n|\n|-fieldend|Misty Terrain\n|upkeep\n|turn|14\n|\n|switch|p1a: Birdie|Zapdos|100\/100\n|-ability|p1a: Birdie|Pressure\n|move|p2a: Tapu Fini|Defog|p1a: Birdie\n|-unboost|p1a: Birdie|evasion|1\n|-sideend|p2: SMxVale|Stealth Rock|[from] move: Defog|[of] p2a: Tapu Fini\n|\n|upkeep\n|turn|15\n|\n|switch|p2a: Heatran|Heatran, M|100\/100\n|move|p1a: Birdie|Heat Wave|p2a: Heatran\n|-start|p2a: Heatran|ability: Flash Fire\n|\n|upkeep\n|turn|16\n|\n|switch|p1a: DerpHerp|Quagsire, M|100\/100\n|move|p2a: Heatran|Toxic|p1a: DerpHerp\n|-status|p1a: DerpHerp|tox\n|\n|-damage|p1a: DerpHerp|94\/100 tox|[from] psn\n|upkeep\n|turn|17\n|\n|move|p2a: Heatran|Protect|p2a: Heatran\n|-singleturn|p2a: Heatran|Protect\n|move|p1a: DerpHerp|Earthquake|p2a: Heatran\n|-activate|p2a: Heatran|move: Protect\n|\n|-heal|p1a: DerpHerp|100\/100 tox|[from] item: Leftovers\n|-damage|p1a: DerpHerp|88\/100 tox|[from] psn\n|upkeep\n|turn|18\n|\n|-end|p2a: Heatran|ability: Flash Fire|[silent]\n|switch|p2a: Tapu Fini|Tapu Fini|100\/100\n|-fieldstart|move: Misty Terrain|[from] ability: Misty Surge|[of] p2a: Tapu Fini\n|move|p1a: DerpHerp|Scald|p2a: Tapu Fini\n|-resisted|p2a: Tapu Fini\n|-damage|p2a: Tapu Fini|93\/100\n|\n|-heal|p2a: Tapu Fini|99\/100|[from] item: Leftovers\n|-heal|p1a: DerpHerp|94\/100 tox|[from] item: Leftovers\n|-damage|p1a: DerpHerp|76\/100 tox|[from] psn\n|upkeep\n|turn|19\n|\n|switch|p1a: Gemineye|Sableye-Mega, M|100\/100\n|move|p2a: Tapu Fini|Taunt|p1a: Gemineye\n|move|p1a: Gemineye|Taunt|p2a: Tapu Fini|[from]Magic Bounce\n|-start|p2a: Tapu Fini|move: Taunt\n|\n|-heal|p2a: Tapu Fini|100\/100|[from] item: Leftovers\n|upkeep\n|turn|20\n|inactive|SMxVale has 135 seconds left.\n|\n|switch|p2a: Medicham|Medicham, F|100\/100\n|switch|p1a: Blob|Chansey, F|51\/100\n|\n|upkeep\n|turn|21\n|inactive|SMxVale has 135 seconds left.\n|\n|switch|p1a: King|Slowbro, M|96\/100\n|detailschange|p2a: Medicham|Medicham-Mega, F\n|-mega|p2a: Medicham|Medicham|Medichamite\n|move|p2a: Medicham|Drain Punch|p1a: King\n|-resisted|p1a: King\n|-damage|p1a: King|70\/100\n|\n|upkeep\n|turn|22\n|\n|switch|p2a: Tapu Fini|Tapu Fini|100\/100\n|switch|p1a: Gemineye|Sableye-Mega, M|100\/100\n|\n|-fieldend|Misty Terrain\n|upkeep\n|turn|23\n|\n|switch|p2a: Jirachi|Jirachi|100\/100\n|move|p1a: Gemineye|Knock Off|p2a: Jirachi\n|-supereffective|p2a: Jirachi\n|-damage|p2a: Jirachi|37\/100\n|-enditem|p2a: Jirachi|Choice Scarf|[from] move: Knock Off|[of] p1a: Gemineye\n|\n|upkeep\n|turn|24\n|\n|switch|p1a: King|Slowbro, M|100\/100\n|move|p2a: Jirachi|Iron Head|p1a: King\n|-resisted|p1a: King\n|-damage|p1a: King|87\/100\n|\n|upkeep\n|turn|25\n|\n|move|p2a: Jirachi|U-turn|p1a: King\n|-supereffective|p1a: King\n|-damage|p1a: King|55\/100\n|\n|switch|p2a: Tapu Fini|Tapu Fini|100\/100\n|-fieldstart|move: Misty Terrain|[from] ability: Misty Surge|[of] p2a: Tapu Fini\n|move|p1a: King|Counter|p2a: Tapu Fini\n|-damage|p2a: Tapu Fini|26\/100\n|\n|-heal|p2a: Tapu Fini|32\/100|[from] item: Leftovers\n|upkeep\n|turn|26\n|\n|move|p2a: Tapu Fini|Nature's Madness|p1a: King\n|-damage|p1a: King|28\/100\n|move|p1a: King|Psyshock|p2a: Tapu Fini\n|-damage|p2a: Tapu Fini|14\/100\n|\n|-heal|p2a: Tapu Fini|20\/100|[from] item: Leftovers\n|upkeep\n|turn|27\n|\n|switch|p2a: Tapu Lele|Tapu Lele|100\/100\n|-fieldstart|move: Psychic Terrain|[from] ability: Psychic Surge|[of] p2a: Tapu Lele\n|move|p1a: King|Psyshock|p2a: Tapu Lele\n|-resisted|p2a: Tapu Lele\n|-damage|p2a: Tapu Lele|69\/100\n|\n|upkeep\n|turn|28\n|\n|switch|p1a: Gemineye|Sableye-Mega, M|100\/100\n|move|p2a: Tapu Lele|Psyshock|p1a: Gemineye\n|-immune|p1a: Gemineye|[msg]\n|\n|upkeep\n|turn|29\n|\n|switch|p2a: Jirachi|Jirachi|37\/100\n|move|p1a: Gemineye|Knock Off|p2a: Jirachi\n|-supereffective|p2a: Jirachi\n|-damage|p2a: Jirachi|0 fnt\n|faint|p2a: Jirachi\n|\n|upkeep\n|\n|switch|p2a: Tapu Lele|Tapu Lele|69\/100\n|turn|30\n|\n|move|p1a: Gemineye|Protect|p1a: Gemineye\n|-singleturn|p1a: Gemineye|Protect\n|move|p2a: Tapu Lele|Moonblast|p1a: Gemineye\n|-activate|p1a: Gemineye|move: Protect\n|\n|upkeep\n|turn|31\n|\n|switch|p2a: Heatran|Heatran, M|100\/100\n|switch|p1a: Blob|Chansey, F|51\/100\n|\n|-fieldend|move: Psychic Terrain\n|upkeep\n|turn|32\n|\n|switch|p1a: Gemineye|Sableye-Mega, M|100\/100\n|move|p2a: Heatran|Taunt|p1a: Gemineye\n|move|p1a: Gemineye|Taunt|p2a: Heatran|[from]Magic Bounce\n|-start|p2a: Heatran|move: Taunt\n|\n|upkeep\n|turn|33\n|\n|switch|p2a: Tapu Lele|Tapu Lele|69\/100\n|-fieldstart|move: Psychic Terrain|[from] ability: Psychic Surge|[of] p2a: Tapu Lele\n|move|p1a: Gemineye|Knock Off|p2a: Tapu Lele\n|-damage|p2a: Tapu Lele|24\/100\n|-enditem|p2a: Tapu Lele|Choice Specs|[from] move: Knock Off|[of] p1a: Gemineye\n|\n|upkeep\n|turn|34\n|\n|switch|p1a: King|Slowbro, M|61\/100\n|move|p2a: Tapu Lele|Moonblast|p1a: King\n|-damage|p1a: King|34\/100\n|\n|upkeep\n|turn|35\n|inactive|SMxVale has 135 seconds left.\n|\n|switch|p2a: Landorus|Landorus-Therian, M|100\/100\n|-ability|p2a: Landorus|Intimidate|boost\n|-unboost|p1a: King|atk|1\n|move|p1a: King|Scald|p2a: Landorus\n|-supereffective|p2a: Landorus\n|-damage|p2a: Landorus|41\/100\n|-status|p2a: Landorus|brn\n|\n|-damage|p2a: Landorus|35\/100 brn|[from] brn\n|upkeep\n|turn|36\n|\n|switch|p1a: Gemineye|Sableye-Mega, M|100\/100\n|move|p2a: Landorus|U-turn|p1a: Gemineye\n|-damage|p1a: Gemineye|91\/100\n|\n|switch|p2a: Tapu Lele|Tapu Lele|24\/100\n|\n|upkeep\n|turn|37\n|\n|switch|p1a: King|Slowbro, M|68\/100\n|move|p2a: Tapu Lele|Moonblast|p1a: King\n|-damage|p1a: King|39\/100\n|\n|-fieldend|move: Psychic Terrain\n|upkeep\n|turn|38\n|\n|switch|p2a: Heatran|Heatran, M|100\/100\n|move|p1a: King|Scald|p2a: Heatran\n|-supereffective|p2a: Heatran\n|-damage|p2a: Heatran|68\/100\n|\n|-heal|p2a: Heatran|74\/100|[from] item: Leftovers\n|upkeep\n|turn|39\n|\n|switch|p1a: Gemineye|Sableye-Mega, M|91\/100\n|move|p2a: Heatran|Lava Plume|p1a: Gemineye\n|-damage|p1a: Gemineye|67\/100\n|-status|p1a: Gemineye|brn\n|\n|-heal|p2a: Heatran|80\/100|[from] item: Leftovers\n|-damage|p1a: Gemineye|61\/100 brn|[from] brn\n|upkeep\n|turn|40\n|\n|switch|p2a: Medicham|Medicham-Mega, F|100\/100\n|move|p1a: Gemineye|Recover|p1a: Gemineye\n|-heal|p1a: Gemineye|100\/100 brn\n|\n|-damage|p1a: Gemineye|95\/100 brn|[from] brn\n|upkeep\n|turn|41\n|\n|switch|p2a: Heatran|Heatran, M|80\/100\n|move|p1a: Gemineye|Protect|p1a: Gemineye\n|-fail|p1a: Gemineye\n|\n|-heal|p2a: Heatran|86\/100|[from] item: Leftovers\n|-damage|p1a: Gemineye|89\/100 brn|[from] brn\n|upkeep\n|turn|42\n|\n|switch|p1a: DerpHerp|Quagsire, M|76\/100 tox\n|move|p2a: Heatran|Protect|p2a: Heatran\n|-fail|p2a: Heatran\n|\n|-heal|p2a: Heatran|93\/100|[from] item: Leftovers\n|-heal|p1a: DerpHerp|82\/100 tox|[from] item: Leftovers\n|-damage|p1a: DerpHerp|76\/100 tox|[from] psn\n|upkeep\n|turn|43\n|\n|move|p2a: Heatran|Protect|p2a: Heatran\n|-singleturn|p2a: Heatran|Protect\n|move|p1a: DerpHerp|Recover|p1a: DerpHerp\n|-heal|p1a: DerpHerp|100\/100 tox\n|\n|-heal|p2a: Heatran|99\/100|[from] item: Leftovers\n|-damage|p1a: DerpHerp|88\/100 tox|[from] psn\n|upkeep\n|turn|44\n|inactive|SMxVale has 135 seconds left.\n|j| Vessev hwfe9\n|\n|switch|p2a: Landorus|Landorus-Therian, M|35\/100 brn\n|-ability|p2a: Landorus|Intimidate|boost\n|-unboost|p1a: DerpHerp|atk|1\n|move|p1a: DerpHerp|Earthquake|p2a: Landorus\n|-immune|p2a: Landorus|[msg]\n|\n|-heal|p1a: DerpHerp|94\/100 tox|[from] item: Leftovers\n|-damage|p2a: Landorus|29\/100 brn|[from] brn\n|-damage|p1a: DerpHerp|76\/100 tox|[from] psn\n|upkeep\n|turn|45\n|\n|switch|p1a: Birdie|Zapdos|100\/100\n|-ability|p1a: Birdie|Pressure\n|move|p2a: Landorus|Stealth Rock|p1a: Birdie\n|-sidestart|p1: Proftreez|move: Stealth Rock\n|\n|-damage|p2a: Landorus|23\/100 brn|[from] brn\n|upkeep\n|turn|46\n|inactive|SMxVale has 135 seconds left.\n|\n|switch|p2a: Tapu Fini|Tapu Fini|20\/100\n|-fieldstart|move: Misty Terrain|[from] ability: Misty Surge|[of] p2a: Tapu Fini\n|move|p1a: Birdie|Defog|p2a: Tapu Fini\n|-unboost|p2a: Tapu Fini|evasion|1\n|-sideend|p1: Proftreez|Stealth Rock|[from] move: Defog|[of] p1a: Birdie\n|\n|-heal|p2a: Tapu Fini|26\/100|[from] item: Leftovers\n|upkeep\n|turn|47\n|\n|switch|p2a: Landorus|Landorus-Therian, M|23\/100 brn\n|-ability|p2a: Landorus|Intimidate|boost\n|-unboost|p1a: Birdie|atk|1\n|move|p1a: Birdie|Discharge|p2a: Landorus\n|-immune|p2a: Landorus|[msg]\n|\n|-damage|p2a: Landorus|17\/100 brn|[from] brn\n|upkeep\n|turn|48\n|\n|move|p1a: Birdie|Discharge|p2a: Landorus\n|-immune|p2a: Landorus|[msg]\n|move|p2a: Landorus|Stealth Rock|p1a: Birdie\n|-sidestart|p1: Proftreez|move: Stealth Rock\n|\n|-damage|p2a: Landorus|10\/100 brn|[from] brn\n|upkeep\n|turn|49\n|\n|move|p1a: Birdie|Defog|p2a: Landorus\n|-unboost|p2a: Landorus|evasion|1\n|-sideend|p1: Proftreez|Stealth Rock|[from] move: Defog|[of] p1a: Birdie\n|move|p2a: Landorus|U-turn|p1a: Birdie\n|-resisted|p1a: Birdie\n|-damage|p1a: Birdie|96\/100\n|\n|switch|p2a: Tapu Fini|Tapu Fini|26\/100\n|\n|-heal|p1a: Birdie|100\/100|[from] item: Leftovers\n|-heal|p2a: Tapu Fini|32\/100|[from] item: Leftovers\n|upkeep\n|turn|50\n|\n|switch|p2a: Landorus|Landorus-Therian, M|10\/100 brn\n|-ability|p2a: Landorus|Intimidate|boost\n|-unboost|p1a: Birdie|atk|1\n|move|p1a: Birdie|Discharge|p2a: Landorus\n|-immune|p2a: Landorus|[msg]\n|\n|-damage|p2a: Landorus|4\/100 brn|[from] brn\n|-fieldend|Misty Terrain\n|upkeep\n|turn|51\n|\n|move|p1a: Birdie|Discharge|p2a: Landorus\n|-immune|p2a: Landorus|[msg]\n|move|p2a: Landorus|U-turn|p1a: Birdie\n|-resisted|p1a: Birdie\n|-damage|p1a: Birdie|96\/100\n|\n|switch|p2a: Tapu Fini|Tapu Fini|32\/100\n|-fieldstart|move: Misty Terrain|[from] ability: Misty Surge|[of] p2a: Tapu Fini\n|\n|-heal|p1a: Birdie|100\/100|[from] item: Leftovers\n|-heal|p2a: Tapu Fini|38\/100|[from] item: Leftovers\n|upkeep\n|turn|52\n|\n|switch|p2a: Landorus|Landorus-Therian, M|4\/100 brn\n|-ability|p2a: Landorus|Intimidate|boost\n|-unboost|p1a: Birdie|atk|1\n|move|p1a: Birdie|Discharge|p2a: Landorus\n|-immune|p2a: Landorus|[msg]\n|\n|-damage|p2a: Landorus|0 fnt|[from] brn\n|upkeep\n|faint|p2a: Landorus\n|\n|switch|p2a: Heatran|Heatran, M|99\/100\n|turn|53\n|inactive|SMxVale has 135 seconds left.\n|\n|switch|p1a: DerpHerp|Quagsire, M|76\/100 tox\n|switch|p2a: Tapu Lele|Tapu Lele|24\/100\n|-fieldstart|move: Psychic Terrain|[from] ability: Psychic Surge|[of] p2a: Tapu Lele\n|\n|-heal|p1a: DerpHerp|82\/100 tox|[from] item: Leftovers\n|-damage|p1a: DerpHerp|76\/100 tox|[from] psn\n|upkeep\n|turn|54\n|\n|switch|p2a: Tapu Fini|Tapu Fini|38\/100\n|-fieldstart|move: Misty Terrain|[from] ability: Misty Surge|[of] p2a: Tapu Fini\n|switch|p1a: King|Slowbro, M|73\/100\n|\n|-heal|p2a: Tapu Fini|44\/100|[from] item: Leftovers\n|upkeep\n|turn|55\n|\n|move|p2a: Tapu Fini|Nature's Madness|p1a: King\n|-damage|p1a: King|37\/100\n|move|p1a: King|Psyshock|p2a: Tapu Fini\n|-damage|p2a: Tapu Fini|27\/100\n|\n|-heal|p2a: Tapu Fini|33\/100|[from] item: Leftovers\n|upkeep\n|turn|56\n|j| glixche\n|inactive|Proftreez has 135 seconds left.\n|inactive|SMxVale has 135 seconds left.\n|\n|switch|p2a: Heatran|Heatran, M|99\/100\n|move|p1a: King|Psyshock|p2a: Heatran\n|-resisted|p2a: Heatran\n|-damage|p2a: Heatran|88\/100\n|\n|-heal|p2a: Heatran|94\/100|[from] item: Leftovers\n|upkeep\n|turn|57\n|\n|switch|p1a: Gemineye|Sableye-Mega, M|89\/100 brn\n|move|p2a: Heatran|Lava Plume|p1a: Gemineye\n|-damage|p1a: Gemineye|64\/100 brn\n|\n|-heal|p2a: Heatran|99\/100|[from] item: Leftovers\n|-damage|p1a: Gemineye|58\/100 brn|[from] brn\n|upkeep\n|turn|58\n|\n|switch|p2a: Medicham|Medicham-Mega, F|100\/100\n|move|p1a: Gemineye|Recover|p1a: Gemineye\n|-heal|p1a: Gemineye|100\/100 brn\n|\n|-damage|p1a: Gemineye|95\/100 brn|[from] brn\n|-fieldend|Misty Terrain\n|upkeep\n|turn|59\n|inactive|SMxVale has 135 seconds left.\n|\n|switch|p1a: King|Slowbro, M|70\/100\n|move|p2a: Medicham|Ice Punch|p1a: King\n|-resisted|p1a: King\n|-damage|p1a: King|53\/100\n|\n|upkeep\n|turn|60\n|\n|move|p2a: Medicham|Zen Headbutt|p1a: King\n|-resisted|p1a: King\n|-damage|p1a: King|25\/100\n|move|p1a: King|Scald|p2a: Medicham\n|-damage|p2a: Medicham|60\/100\n|-status|p2a: Medicham|brn\n|\n|-damage|p2a: Medicham|54\/100 brn|[from] brn\n|upkeep\n|turn|61\n|\n|move|p2a: Medicham|Zen Headbutt|p1a: King\n|-resisted|p1a: King\n|-damage|p1a: King|11\/100\n|move|p1a: King|Psyshock|p2a: Medicham\n|-damage|p2a: Medicham|11\/100 brn\n|\n|-damage|p2a: Medicham|5\/100 brn|[from] brn\n|upkeep\n|turn|62\n|\n|switch|p1a: Gemineye|Sableye-Mega, M|95\/100 brn\n|move|p2a: Medicham|Ice Punch|p1a: Gemineye\n|-damage|p1a: Gemineye|74\/100 brn\n|\n|-damage|p2a: Medicham|0 fnt|[from] brn\n|-damage|p1a: Gemineye|68\/100 brn|[from] brn\n|upkeep\n|faint|p2a: Medicham\n|\n|switch|p2a: Tapu Lele|Tapu Lele|24\/100\n|-fieldstart|move: Psychic Terrain|[from] ability: Psychic Surge|[of] p2a: Tapu Lele\n|turn|63\n|\n|switch|p2a: Tapu Fini|Tapu Fini|33\/100\n|-fieldstart|move: Misty Terrain|[from] ability: Misty Surge|[of] p2a: Tapu Fini\n|switch|p1a: King|Slowbro, M|44\/100\n|\n|-heal|p2a: Tapu Fini|39\/100|[from] item: Leftovers\n|upkeep\n|turn|64\n|\n|move|p2a: Tapu Fini|Moonblast|p1a: King\n|-damage|p1a: King|29\/100\n|-unboost|p1a: King|spa|1\n|move|p1a: King|Psyshock|p2a: Tapu Fini\n|-damage|p2a: Tapu Fini|27\/100\n|\n|-heal|p2a: Tapu Fini|33\/100|[from] item: Leftovers\n|upkeep\n|turn|65\n|\n|switch|p1a: Birdie|Zapdos|100\/100\n|-ability|p1a: Birdie|Pressure\n|move|p2a: Tapu Fini|Nature's Madness|p1a: Birdie\n|-damage|p1a: Birdie|51\/100\n|\n|-heal|p1a: Birdie|57\/100|[from] item: Leftovers\n|-heal|p2a: Tapu Fini|39\/100|[from] item: Leftovers\n|upkeep\n|turn|66\n|\n|switch|p2a: Heatran|Heatran, M|99\/100\n|move|p1a: Birdie|Discharge|p2a: Heatran\n|-damage|p2a: Heatran|80\/100\n|\n|-heal|p1a: Birdie|63\/100|[from] item: Leftovers\n|-heal|p2a: Heatran|87\/100|[from] item: Leftovers\n|upkeep\n|turn|67\n|j| juliovg06\n|\n|switch|p2a: Tapu Lele|Tapu Lele|24\/100\n|-fieldstart|move: Psychic Terrain|[from] ability: Psychic Surge|[of] p2a: Tapu Lele\n|move|p1a: Birdie|Roost|p1a: Birdie\n|-heal|p1a: Birdie|100\/100\n|\n|upkeep\n|turn|68\n|\n|switch|p1a: King|Slowbro, M|62\/100\n|move|p2a: Tapu Lele|Psychic|p1a: King\n|-resisted|p1a: King\n|-damage|p1a: King|43\/100\n|\n|upkeep\n|turn|69\n|\n|switch|p2a: Heatran|Heatran, M|87\/100\n|move|p1a: King|Psyshock|p2a: Heatran\n|-resisted|p2a: Heatran\n|-damage|p2a: Heatran|70\/100\n|\n|-heal|p2a: Heatran|76\/100|[from] item: Leftovers\n|upkeep\n|turn|70\n|inactive|Proftreez has 135 seconds left.\n|inactive|SMxVale has 135 seconds left.\n|\n|switch|p1a: DerpHerp|Quagsire, M|76\/100 tox\n|move|p2a: Heatran|Lava Plume|p1a: DerpHerp\n|-resisted|p1a: DerpHerp\n|-damage|p1a: DerpHerp|54\/100 tox\n|\n|-heal|p2a: Heatran|83\/100|[from] item: Leftovers\n|-heal|p1a: DerpHerp|60\/100 tox|[from] item: Leftovers\n|-damage|p1a: DerpHerp|54\/100 tox|[from] psn\n|upkeep\n|turn|71\n|\n|move|p2a: Heatran|Taunt|p1a: DerpHerp\n|-start|p1a: DerpHerp|move: Taunt\n|cant|p1a: DerpHerp|move: Taunt|Recover\n|\n|-heal|p2a: Heatran|89\/100|[from] item: Leftovers\n|-heal|p1a: DerpHerp|60\/100 tox|[from] item: Leftovers\n|-damage|p1a: DerpHerp|47\/100 tox|[from] psn\n|-fieldend|move: Psychic Terrain\n|upkeep\n|turn|72\n|\n|switch|p1a: Blob|Chansey, F|51\/100\n|move|p2a: Heatran|Protect|p2a: Heatran\n|-fail|p2a: Heatran\n|\n|-heal|p2a: Heatran|95\/100|[from] item: Leftovers\n|upkeep\n|turn|73\n|\n|switch|p1a: Gemineye|Sableye-Mega, M|68\/100 brn\n|move|p2a: Heatran|Lava Plume|p1a: Gemineye\n|-damage|p1a: Gemineye|44\/100 brn\n|\n|-heal|p2a: Heatran|100\/100|[from] item: Leftovers\n|-damage|p1a: Gemineye|38\/100 brn|[from] brn\n|upkeep\n|turn|74\n|inactive|SMxVale has 135 seconds left.\n|\n|switch|p2a: Tapu Fini|Tapu Fini|39\/100\n|-fieldstart|move: Misty Terrain|[from] ability: Misty Surge|[of] p2a: Tapu Fini\n|move|p1a: Gemineye|Recover|p1a: Gemineye\n|-heal|p1a: Gemineye|88\/100 brn\n|\n|-heal|p2a: Tapu Fini|45\/100|[from] item: Leftovers\n|-damage|p1a: Gemineye|82\/100 brn|[from] brn\n|upkeep\n|turn|75\n|\n|switch|p1a: Birdie|Zapdos|100\/100\n|-ability|p1a: Birdie|Pressure\n|move|p2a: Tapu Fini|Moonblast|p1a: Birdie\n|-damage|p1a: Birdie|67\/100\n|\n|-heal|p1a: Birdie|73\/100|[from] item: Leftovers\n|-heal|p2a: Tapu Fini|51\/100|[from] item: Leftovers\n|upkeep\n|turn|76\n|\n|switch|p2a: Heatran|Heatran, M|100\/100\n|move|p1a: Birdie|Discharge|p2a: Heatran\n|-damage|p2a: Heatran|80\/100\n|\n|-heal|p1a: Birdie|79\/100|[from] item: Leftovers\n|-heal|p2a: Heatran|86\/100|[from] item: Leftovers\n|upkeep\n|turn|77\n|inactive|SMxVale has 135 seconds left.\n|\n|switch|p1a: King|Slowbro, M|76\/100\n|move|p2a: Heatran|Lava Plume|p1a: King\n|-resisted|p1a: King\n|-damage|p1a: King|68\/100\n|\n|-heal|p2a: Heatran|92\/100|[from] item: Leftovers\n|upkeep\n|turn|78\n|inactive|Proftreez has 135 seconds left.\n|inactive|Proftreez has 120 seconds left.\n|\n|move|p2a: Heatran|Lava Plume|p1a: King\n|-resisted|p1a: King\n|-damage|p1a: King|59\/100\n|move|p1a: King|Scald|p2a: Heatran\n|-supereffective|p2a: Heatran\n|-damage|p2a: Heatran|59\/100\n|\n|-heal|p2a: Heatran|65\/100|[from] item: Leftovers\n|-fieldend|Misty Terrain\n|upkeep\n|turn|79\n|inactive|SMxVale has 135 seconds left.\n|\n|move|p2a: Heatran|Toxic|p1a: King\n|-status|p1a: King|tox\n|move|p1a: King|Scald|p2a: Heatran\n|-supereffective|p2a: Heatran\n|-damage|p2a: Heatran|32\/100\n|\n|-heal|p2a: Heatran|38\/100|[from] item: Leftovers\n|-damage|p1a: King|53\/100 tox|[from] psn\n|upkeep\n|turn|80\n|inactive|SMxVale has 135 seconds left.\n|\n|switch|p1a: Gemineye|Sableye-Mega, M|82\/100 brn\n|move|p2a: Heatran|Protect|p2a: Heatran\n|-fail|p2a: Heatran\n|\n|-heal|p2a: Heatran|45\/100|[from] item: Leftovers\n|-damage|p1a: Gemineye|76\/100 brn|[from] brn\n|upkeep\n|turn|81\n|\n|move|p2a: Heatran|Protect|p2a: Heatran\n|-singleturn|p2a: Heatran|Protect\n|move|p1a: Gemineye|Knock Off|p2a: Heatran\n|-activate|p2a: Heatran|move: Protect\n|\n|-heal|p2a: Heatran|51\/100|[from] item: Leftovers\n|-damage|p1a: Gemineye|70\/100 brn|[from] brn\n|upkeep\n|turn|82\n|\n|move|p2a: Heatran|Lava Plume|p1a: Gemineye\n|-damage|p1a: Gemineye|45\/100 brn\n|move|p1a: Gemineye|Knock Off|p2a: Heatran\n|-damage|p2a: Heatran|38\/100\n|-enditem|p2a: Heatran|Leftovers|[from] move: Knock Off|[of] p1a: Gemineye\n|\n|-damage|p1a: Gemineye|39\/100 brn|[from] brn\n|upkeep\n|turn|83\n|\n|switch|p2a: Tapu Fini|Tapu Fini|51\/100\n|-fieldstart|move: Misty Terrain|[from] ability: Misty Surge|[of] p2a: Tapu Fini\n|move|p1a: Gemineye|Recover|p1a: Gemineye\n|-heal|p1a: Gemineye|89\/100 brn\n|\n|-heal|p2a: Tapu Fini|57\/100|[from] item: Leftovers\n|-damage|p1a: Gemineye|83\/100 brn|[from] brn\n|upkeep\n|turn|84\n|\n|switch|p1a: Birdie|Zapdos|79\/100\n|-ability|p1a: Birdie|Pressure\n|move|p2a: Tapu Fini|Moonblast|p1a: Birdie\n|-damage|p1a: Birdie|48\/100\n|\n|-heal|p1a: Birdie|54\/100|[from] item: Leftovers\n|-heal|p2a: Tapu Fini|63\/100|[from] item: Leftovers\n|upkeep\n|turn|85\n|\n|move|p1a: Birdie|Roost|p1a: Birdie\n|-heal|p1a: Birdie|100\/100\n|move|p2a: Tapu Fini|Moonblast|p1a: Birdie\n|-damage|p1a: Birdie|68\/100\n|-unboost|p1a: Birdie|spa|1\n|\n|-heal|p1a: Birdie|74\/100|[from] item: Leftovers\n|-heal|p2a: Tapu Fini|70\/100|[from] item: Leftovers\n|upkeep\n|turn|86\n|\n|switch|p1a: Gemineye|Sableye-Mega, M|83\/100 brn\n|move|p2a: Tapu Fini|Taunt|p1a: Gemineye\n|move|p1a: Gemineye|Taunt|p2a: Tapu Fini|[from]Magic Bounce\n|-start|p2a: Tapu Fini|move: Taunt\n|\n|-heal|p2a: Tapu Fini|76\/100|[from] item: Leftovers\n|-damage|p1a: Gemineye|77\/100 brn|[from] brn\n|upkeep\n|turn|87\n|\n|switch|p1a: Blob|Chansey, F|51\/100\n|move|p2a: Tapu Fini|Moonblast|p1a: Blob\n|-damage|p1a: Blob|41\/100\n|\n|-heal|p2a: Tapu Fini|82\/100|[from] item: Leftovers\n|-fieldend|Misty Terrain\n|upkeep\n|turn|88\n|\n|move|p2a: Tapu Fini|Nature's Madness|p1a: Blob\n|-damage|p1a: Blob|21\/100\n|move|p1a: Blob|Soft-Boiled|p1a: Blob\n|-heal|p1a: Blob|71\/100\n|\n|-heal|p2a: Tapu Fini|88\/100|[from] item: Leftovers\n|upkeep\n|turn|89\n|\n|switch|p1a: Birdie|Zapdos|74\/100\n|-ability|p1a: Birdie|Pressure\n|move|p2a: Tapu Fini|Nature's Madness|p1a: Birdie|[miss]\n|-miss|p2a: Tapu Fini|p1a: Birdie\n|\n|-heal|p1a: Birdie|80\/100|[from] item: Leftovers\n|-heal|p2a: Tapu Fini|94\/100|[from] item: Leftovers\n|-end|p2a: Tapu Fini|move: Taunt\n|upkeep\n|turn|90\n|\n|move|p1a: Birdie|Discharge|p2a: Tapu Fini\n|-supereffective|p2a: Tapu Fini\n|-damage|p2a: Tapu Fini|38\/100\n|move|p2a: Tapu Fini|Nature's Madness|p1a: Birdie\n|-damage|p1a: Birdie|40\/100\n|\n|-heal|p1a: Birdie|46\/100|[from] item: Leftovers\n|-heal|p2a: Tapu Fini|44\/100|[from] item: Leftovers\n|upkeep\n|turn|91\n|\n|move|p1a: Birdie|Discharge|p2a: Tapu Fini\n|-supereffective|p2a: Tapu Fini\n|-damage|p2a: Tapu Fini|0 fnt\n|faint|p2a: Tapu Fini\n|\n|-heal|p1a: Birdie|52\/100|[from] item: Leftovers\n|upkeep\n|-message|SMxVale forfeited.\n|\n|win|Proftreez\n|l|\u2606SMxVale\n|raw|Proftreez's rating: 1761 &rarr; <strong>1779<\/strong><br \/>(+18 for winning)\n|raw|SMxVale's rating: 1725 &rarr; <strong>1707<\/strong><br \/>(-18 for losing)\n|c|\u2606Proftreez|Ay\n|l|\u2606Proftreez\n","inputlog":null,"uploadtime":1530408184,"views":89,"p1id":"proftreez","p2id":"smxvale","formatid":"gen7ou","rating":1707,"private":0,"password":null}