{"id":"gen7ou-933605643","p1":"jfsosa10","p2":"orangesss","format":"gen7ou","log":"|j|\u2606jfsosa10\n|j|\u2606orangesss\n|player|p1|jfsosa10|87\n|player|p2|orangesss|95\n|teamsize|p1|6\n|teamsize|p2|6\n|gametype|singles\n|gen|7\n|tier|[Gen 7] OU\n|rated|\n|rule|Sleep Clause Mod: Limit one foe put to sleep\n|rule|Species Clause: Limit one of each Pok\u00e9mon\n|rule|OHKO Clause: OHKO moves are banned\n|rule|Moody Clause: Moody is banned\n|rule|Evasion Moves Clause: Evasion moves are banned\n|rule|Endless Battle Clause: Forcing endless battles is banned\n|rule|HP Percentage Mod: HP is shown in percentages\n|clearpoke\n|poke|p1|Alakazam, F|item\n|poke|p1|Tapu Lele|item\n|poke|p1|Kartana|item\n|poke|p1|Kommo-o, F|item\n|poke|p1|Magearna|item\n|poke|p1|Landorus-Therian, M|item\n|poke|p2|Hawlucha, F|item\n|poke|p2|Ferrothorn, M|item\n|poke|p2|Pelipper, F|item\n|poke|p2|Tapu Koko|item\n|poke|p2|Swampert, M|item\n|poke|p2|Kartana|item\n|teampreview\n|inactive|Battle timer is ON: inactive players will automatically lose when time's up. (requested by orangesss)\n|\n|start\n|switch|p1a: Kommo-o|Kommo-o, F|100\/100\n|switch|p2a: Hate rain :(|Ferrothorn, M|100\/100\n|turn|1\n|\n|switch|p2a: Birdman|Tapu Koko|100\/100\n|-fieldstart|move: Electric Terrain|[from] ability: Electric Surge|[of] p2a: Birdman\n|move|p1a: Kommo-o|Stealth Rock|p2a: Birdman\n|-sidestart|p2: orangesss|move: Stealth Rock\n|\n|upkeep\n|turn|2\n|\n|switch|p1a: Magearna|Magearna|100\/100\n|move|p2a: Birdman|Volt Switch|p1a: Magearna\n|-damage|p1a: Magearna|83\/100\n|\n|switch|p2a: Hate rain :(|Ferrothorn, M|100\/100|[from]move: Volt Switch\n|-damage|p2a: Hate rain :(|94\/100|[from] Stealth Rock\n|\n|-heal|p2a: Hate rain :(|100\/100|[from] item: Leftovers\n|upkeep\n|turn|3\n|\n|move|p1a: Magearna|Hidden Power|p2a: Hate rain :(\n|-supereffective|p2a: Hate rain :(\n|-damage|p2a: Hate rain :(|52\/100\n|move|p2a: Hate rain :(|Stealth Rock|p1a: Magearna\n|-sidestart|p1: jfsosa10|move: Stealth Rock\n|\n|-heal|p2a: Hate rain :(|58\/100|[from] item: Leftovers\n|upkeep\n|turn|4\n|\n|switch|p2a: Nappy love|Pelipper, F|100\/100\n|-damage|p2a: Nappy love|76\/100|[from] Stealth Rock\n|-weather|RainDance|[from] ability: Drizzle|[of] p2a: Nappy love\n|move|p1a: Magearna|Volt Switch|p2a: Nappy love\n|-supereffective|p2a: Nappy love\n|-damage|p2a: Nappy love|0 fnt\n|faint|p2a: Nappy love\n|-ability|p1a: Magearna|Soul-Heart|boost\n|-boost|p1a: Magearna|spa|1\n|\n|switch|p1a: Kartana|Kartana|100\/100|[from]move: Volt Switch\n|-damage|p1a: Kartana|94\/100|[from] Stealth Rock\n|\n|-weather|RainDance|[upkeep]\n|upkeep\n|j| R3windPR\n|\n|switch|p2a: Hate rain :(|Ferrothorn, M|58\/100\n|-damage|p2a: Hate rain :(|52\/100|[from] Stealth Rock\n|turn|5\n|\n|switch|p1a: Kommo-o|Kommo-o, F|100\/100\n|-damage|p1a: Kommo-o|94\/100|[from] Stealth Rock\n|move|p2a: Hate rain :(|Knock Off|p1a: Kommo-o\n|-resisted|p1a: Kommo-o\n|-damage|p1a: Kommo-o|87\/100\n|\n|-weather|RainDance|[upkeep]\n|-heal|p2a: Hate rain :(|58\/100|[from] item: Leftovers\n|-fieldend|move: Electric Terrain\n|upkeep\n|turn|6\n|\n|switch|p2a: Birdman|Tapu Koko|100\/100\n|-damage|p2a: Birdman|88\/100|[from] Stealth Rock\n|-fieldstart|move: Electric Terrain|[from] ability: Electric Surge|[of] p2a: Birdman\n|move|p1a: Kommo-o|Close Combat|p2a: Birdman\n|-resisted|p2a: Birdman\n|-damage|p2a: Birdman|58\/100\n|-unboost|p1a: Kommo-o|def|1\n|-unboost|p1a: Kommo-o|spd|1\n|\n|-weather|RainDance|[upkeep]\n|upkeep\n|turn|7\n|\n|-zpower|p2a: Birdman\n|move|p2a: Birdman|Twinkle Tackle|p1a: Kommo-o|[zeffect]\n|-supereffective|p1a: Kommo-o\n|-damage|p1a: Kommo-o|0 fnt\n|faint|p1a: Kommo-o\n|\n|-weather|RainDance|[upkeep]\n|upkeep\n|\n|switch|p1a: Alakazam|Alakazam, F|100\/100\n|turn|8\n|\n|switch|p2a: Hate rain :(|Ferrothorn, M|58\/100\n|-damage|p2a: Hate rain :(|52\/100|[from] Stealth Rock\n|detailschange|p1a: Alakazam|Alakazam-Mega, F\n|-mega|p1a: Alakazam|Alakazam|Alakazite\n|-ability|p1a: Alakazam|Iron Barbs|[from] ability: Trace|[of] p2a: Hate rain :(\n|move|p1a: Alakazam|Psychic|p2a: Hate rain :(\n|-resisted|p2a: Hate rain :(\n|-damage|p2a: Hate rain :(|28\/100\n|\n|-weather|RainDance|[upkeep]\n|-heal|p2a: Hate rain :(|34\/100|[from] item: Leftovers\n|upkeep\n|turn|9\n|\n|switch|p1a: Kartana|Kartana|94\/100\n|-damage|p1a: Kartana|88\/100|[from] Stealth Rock\n|move|p2a: Hate rain :(|Gyro Ball|p1a: Kartana\n|-resisted|p1a: Kartana\n|-crit|p1a: Kartana\n|-damage|p1a: Kartana|47\/100\n|\n|-weather|RainDance|[upkeep]\n|-heal|p2a: Hate rain :(|41\/100|[from] item: Leftovers\n|upkeep\n|turn|10\n|\n|move|p1a: Kartana|Sacred Sword|p2a: Hate rain :(\n|-supereffective|p2a: Hate rain :(\n|-crit|p2a: Hate rain :(\n|-damage|p2a: Hate rain :(|0 fnt\n|-damage|p1a: Kartana|34\/100|[from] ability: Iron Barbs|[of] p2a: Hate rain :(\n|faint|p2a: Hate rain :(\n|-ability|p1a: Kartana|Beast Boost|boost\n|-boost|p1a: Kartana|atk|1\n|\n|-weather|RainDance|[upkeep]\n|-fieldend|move: Electric Terrain\n|upkeep\n|\n|switch|p2a: Swamp Thing|Swampert, M|100\/100\n|-damage|p2a: Swamp Thing|94\/100|[from] Stealth Rock\n|turn|11\n|\n|switch|p1a: Landorus|Landorus-Therian, M|100\/100\n|-damage|p1a: Landorus|88\/100|[from] Stealth Rock\n|-ability|p1a: Landorus|Intimidate|boost\n|-unboost|p2a: Swamp Thing|atk|1\n|detailschange|p2a: Swamp Thing|Swampert-Mega, M\n|-mega|p2a: Swamp Thing|Swampert|Swampertite\n|move|p2a: Swamp Thing|Waterfall|p1a: Landorus\n|-supereffective|p1a: Landorus\n|-damage|p1a: Landorus|10\/100\n|\n|-weather|none\n|-heal|p1a: Landorus|16\/100|[from] item: Leftovers\n|upkeep\n|turn|12\n|\n|move|p2a: Swamp Thing|Waterfall|p1a: Landorus\n|-supereffective|p1a: Landorus\n|-damage|p1a: Landorus|0 fnt\n|faint|p1a: Landorus\n|\n|upkeep\n|\n|switch|p1a: Tapu Lele|Tapu Lele|100\/100\n|-damage|p1a: Tapu Lele|88\/100|[from] Stealth Rock\n|-fieldstart|move: Psychic Terrain|[from] ability: Psychic Surge|[of] p1a: Tapu Lele\n|turn|13\n|\n|move|p1a: Tapu Lele|Psychic|p2a: Swamp Thing\n|-damage|p2a: Swamp Thing|0 fnt\n|faint|p2a: Swamp Thing\n|\n|upkeep\n|\n|switch|p2a: Kartana|Kartana|100\/100\n|-damage|p2a: Kartana|94\/100|[from] Stealth Rock\n|turn|14\n|\n|switch|p1a: Magearna|Magearna|83\/100\n|-damage|p1a: Magearna|77\/100|[from] Stealth Rock\n|move|p2a: Kartana|Leaf Blade|p1a: Magearna\n|-resisted|p1a: Magearna\n|-damage|p1a: Magearna|50\/100\n|\n|upkeep\n|turn|15\n|\n|switch|p2a: Birdman|Tapu Koko|58\/100\n|-damage|p2a: Birdman|46\/100|[from] Stealth Rock\n|-fieldstart|move: Electric Terrain|[from] ability: Electric Surge|[of] p2a: Birdman\n|move|p1a: Magearna|Volt Switch|p2a: Birdman\n|-resisted|p2a: Birdman\n|-damage|p2a: Birdman|24\/100\n|\n|switch|p1a: Tapu Lele|Tapu Lele|88\/100|[from]move: Volt Switch\n|-damage|p1a: Tapu Lele|76\/100|[from] Stealth Rock\n|-fieldstart|move: Psychic Terrain|[from] ability: Psychic Surge|[of] p1a: Tapu Lele\n|\n|upkeep\n|turn|16\n|\n|move|p2a: Birdman|Volt Switch|p1a: Tapu Lele\n|-damage|p1a: Tapu Lele|46\/100\n|l| R3windPR\n|\n|switch|p2a: Copypaste|Hawlucha, F|100\/100|[from]move: Volt Switch\n|-damage|p2a: Copypaste|88\/100|[from] Stealth Rock\n|move|p1a: Tapu Lele|Psychic|p2a: Copypaste\n|-supereffective|p2a: Copypaste\n|-damage|p2a: Copypaste|0 fnt\n|faint|p2a: Copypaste\n|\n|upkeep\n|j| R3windPR\n|\n|switch|p2a: Kartana|Kartana|94\/100\n|-damage|p2a: Kartana|88\/100|[from] Stealth Rock\n|turn|17\n|\n|move|p2a: Kartana|Leaf Blade|p1a: Tapu Lele\n|-damage|p1a: Tapu Lele|0 fnt\n|faint|p1a: Tapu Lele\n|-ability|p2a: Kartana|Beast Boost|boost\n|-boost|p2a: Kartana|atk|1\n|\n|upkeep\n|\n|switch|p1a: Kartana|Kartana|34\/100\n|-damage|p1a: Kartana|28\/100|[from] Stealth Rock\n|turn|18\n|\n|switch|p2a: Birdman|Tapu Koko|24\/100\n|-damage|p2a: Birdman|12\/100|[from] Stealth Rock\n|-fieldstart|move: Electric Terrain|[from] ability: Electric Surge|[of] p2a: Birdman\n|move|p1a: Kartana|Sacred Sword|p2a: Birdman\n|-resisted|p2a: Birdman\n|-damage|p2a: Birdman|0 fnt\n|faint|p2a: Birdman\n|-ability|p1a: Kartana|Beast Boost|boost\n|-boost|p1a: Kartana|atk|1\n|\n|upkeep\n|\n|switch|p2a: Kartana|Kartana|88\/100\n|-damage|p2a: Kartana|82\/100|[from] Stealth Rock\n|turn|19\n|\n|move|p1a: Kartana|Sacred Sword|p2a: Kartana\n|-supereffective|p2a: Kartana\n|-damage|p2a: Kartana|0 fnt\n|faint|p2a: Kartana\n|\n|win|jfsosa10\n|c|\u2606jfsosa10|gg\n|l|\u2606orangesss\n|l| R3windPR\n||Ladder (probably) updated, but score could not be retrieved (Response not received).\n","uploadtime":1561314311,"views":12,"p1id":"jfsosa10","p2id":"orangesss","formatid":"gen7ou","rating":0,"private":0,"password":null}