{"id":"gen7monotypebattlefactory-1613960381","p1":"Cocoon Evolution","p2":"Batataplays","format":"gen7monotypebattlefactory","log":"|j|\u2606Cocoon Evolution\n|j|\u2606Batataplays\n|inactive|Battle timer is ON: inactive players will automatically lose when time's up.\n|t:|1657411892\n|gametype|singles\n|player|p1|Cocoon Evolution|wally|\n|player|p2|Batataplays|266|\n|teamsize|p1|6\n|teamsize|p2|6\n|gen|7\n|tier|[Gen 7] Monotype Battle Factory\n|rated|Tournament battle\n|rule|Sleep Clause Mod: Limit one foe put to sleep\n|rule|HP Percentage Mod: HP is shown in percentages\n|rule|Mega Rayquaza Clause: You cannot mega evolve Rayquaza\n|rule|Same Type Clause: Pok\u00e9mon in a team must share a type\n|clearpoke\n|poke|p1|Tapu Koko|item\n|poke|p1|Mimikyu, F|item\n|poke|p1|Clefable, M|item\n|poke|p1|Primarina, F|item\n|poke|p1|Gardevoir, M|item\n|poke|p1|Slurpuff, F|item\n|poke|p2|Rotom-Heat|item\n|poke|p2|Raikou|item\n|poke|p2|Golem-Alola, M|item\n|poke|p2|Galvantula, M|item\n|poke|p2|Tapu Koko|item\n|poke|p2|Raichu-Alola, F|item\n|teampreview\n|j| PalletHero\n|j| nyacanm\n|c|\u2606Batataplays|duelo de gigantes\n|j| J.P.G1337\n|j| feint>quick atk.\n|j| Empoleon O\n|inactive|Cocoon Evolution has 120 seconds left.\n|c| J.P.G1337|Vai batata!\n|\n|t:|1657411929\n|start\n|switch|p1a: Tapu Koko|Tapu Koko|281\/281\n|switch|p2a: Rotom|Rotom-Heat|303\/303\n|-fieldstart|move: Electric Terrain|[from] ability: Electric Surge|[of] p1a: Tapu Koko\n|turn|1\n|c| PalletHero|classico do futebol brasileiro\n|c| PalletHero|america x bangu\n|\n|t:|1657411935\n|move|p1a: Tapu Koko|U-turn|p2a: Rotom\n|-resisted|p2a: Rotom\n|-damage|p2a: Rotom|249\/303\n|\n|t:|1657411937\n|switch|p1a: Clefable|Clefable, M|394\/394\n|move|p2a: Rotom|Volt Switch|p1a: Clefable\n|-damage|p1a: Clefable|295\/394\n|c|\u2606Cocoon Evolution|ain\n|\n|t:|1657411943\n|switch|p2a: Raichu|Raichu-Alola, F|261\/261\n|\n|upkeep\n|turn|2\n|c| feint>quick atk.|q\n|\n|t:|1657411949\n|move|p2a: Raichu|Thunderbolt|p1a: Clefable\n|-damage|p1a: Clefable|17\/394\n|-status|p1a: Clefable|par\n|-damage|p2a: Raichu|235\/261|[from] item: Life Orb\n|move|p1a: Clefable|Moonblast|p2a: Raichu\n|-damage|p2a: Raichu|109\/261\n|\n|upkeep\n|turn|3\n|c|\u2606Batataplays|raichu vc \u00e9 horrivel\n|c|\u2606Batataplays|horrivel\n|c|\u2606Batataplays|horrosso\n|c|\u2606Batataplays|me d\u00e1 nojo\n|\n|t:|1657411972\n|move|p2a: Raichu|Thunderbolt|p1a: Clefable\n|-damage|p1a: Clefable|0 fnt\n|faint|p1a: Clefable\n|-damage|p2a: Raichu|83\/261|[from] item: Life Orb\n|\n|upkeep\n|c|\u2606Cocoon Evolution|furac\u00e3o tomou o 2\n|c|\u2606Cocoon Evolution|vsf\n|c| PalletHero|gg\n|c| J.P.G1337|faltou o golpe novo :\/\n|\n|t:|1657411984\n|switch|p1a: Gardevoir|Gardevoir, M|277\/277\n|-ability|p1a: Gardevoir|Surge Surfer|[from] ability: Trace|[of] p2a: Raichu\n|turn|4\n|c| PalletHero|wp\n|c|\u2606Batataplays|como q eles faz 2 x 0 no palmeiras\n|c|\u2606Batataplays|e perde pro goias\n|c|\u2606Batataplays|l\n|\n|t:|1657412006\n|move|p2a: Raichu|Thunderbolt|p1a: Gardevoir\n|-damage|p1a: Gardevoir|12\/277\n|-damage|p2a: Raichu|57\/261|[from] item: Life Orb\n|move|p1a: Gardevoir|Psyshock|p2a: Raichu\n|-resisted|p2a: Raichu\n|-damage|p2a: Raichu|0 fnt\n|faint|p2a: Raichu\n|\n|upkeep\n|c| PalletHero|futebol\n|\n|t:|1657412011\n|switch|p2a: Galvantula|Galvantula, M|281\/281\n|turn|5\n|c|\u2606Cocoon Evolution|ai vai devagar\n|\n|t:|1657412015\n|move|p1a: Gardevoir|Psyshock|p2a: Galvantula\n|-damage|p2a: Galvantula|70\/281\n|move|p2a: Galvantula|Bug Buzz|p1a: Gardevoir\n|-damage|p1a: Gardevoir|0 fnt\n|faint|p1a: Gardevoir\n|\n|-fieldend|move: Electric Terrain\n|upkeep\n|\n|t:|1657412023\n|switch|p1a: Slurpuff|Slurpuff, F|306\/306\n|turn|6\n|c|\u2606Cocoon Evolution|gg\n|c|\u2606Batataplays|gg\n|c| PalletHero|gg\n|c| feint>quick atk.|j\u00e1\n|\n|t:|1657412033\n|move|p2a: Galvantula|Thunder|p1a: Slurpuff\n|-damage|p1a: Slurpuff|117\/306\n|-status|p1a: Slurpuff|par\n|-enditem|p1a: Slurpuff|Sitrus Berry|[eat]\n|-heal|p1a: Slurpuff|193\/306 par|[from] item: Sitrus Berry\n|move|p1a: Slurpuff|Belly Drum|p1a: Slurpuff\n|-damage|p1a: Slurpuff|40\/306 par\n|-setboost|p1a: Slurpuff|atk|6|[from] move: Belly Drum\n|\n|upkeep\n|turn|7\n|c| J.P.G1337|t\u00e3o cedo?\n|c|\u2606Cocoon Evolution|rs\n|c| PalletHero|kkkkkkkkkkkkkk\n|\n|t:|1657412042\n|move|p2a: Galvantula|Bug Buzz|p1a: Slurpuff\n|-resisted|p1a: Slurpuff\n|-damage|p1a: Slurpuff|0 fnt\n|faint|p1a: Slurpuff\n|\n|upkeep\n|c| J.P.G1337|k\n|\n|t:|1657412046\n|switch|p1a: Tapu Koko|Tapu Koko|281\/281\n|-fieldstart|move: Electric Terrain|[from] ability: Electric Surge|[of] p1a: Tapu Koko\n|turn|8\n|\n|t:|1657412054\n|move|p1a: Tapu Koko|U-turn|p2a: Galvantula\n|-damage|p2a: Galvantula|0 fnt\n|faint|p2a: Galvantula\n|\n|t:|1657412058\n|switch|p1a: Primarina|Primarina, F|301\/301\n|\n|upkeep\n|l| nyacanm\n|c|\u2606Cocoon Evolution|scarf limap\n|c|\u2606Batataplays|vo perder pro mimikyu\n|c|\u2606Cocoon Evolution|limpa\n|\n|t:|1657412067\n|switch|p2a: Raikou|Raikou|321\/321\n|-ability|p2a: Raikou|Pressure\n|turn|9\n|\n|t:|1657412070\n|move|p2a: Raikou|Thunderbolt|p1a: Primarina\n|-supereffective|p1a: Primarina\n|-damage|p1a: Primarina|0 fnt\n|faint|p1a: Primarina\n|\n|upkeep\n|\n|t:|1657412076\n|switch|p1a: Mimikyu|Mimikyu, F|251\/251\n|turn|10\n|c| J.P.G1337|ui\n|\n|t:|1657412079\n|move|p2a: Raikou|Thunderbolt|p1a: Mimikyu\n|-activate|p1a: Mimikyu|ability: Disguise\n|-damage|p1a: Mimikyu|251\/251\n|-status|p1a: Mimikyu|par\n|detailschange|p1a: Mimikyu|Mimikyu-Busted, F\n|move|p1a: Mimikyu|Swords Dance|p1a: Mimikyu\n|-boost|p1a: Mimikyu|atk|2\n|\n|upkeep\n|turn|11\n|c| PalletHero|gg\n|c|\u2606Cocoon Evolution|o cara \u00e9 bom\n|c|\u2606Cocoon Evolution|only\n|c| feint>quick atk.|Batataplays da forfeit rapidin[]\n|\n|t:|1657412089\n|move|p2a: Raikou|Thunderbolt|p1a: Mimikyu\n|-damage|p1a: Mimikyu|22\/251 par\n|move|p1a: Mimikyu|Play Rough|p2a: Raikou|[miss]\n|-miss|p1a: Mimikyu|p2a: Raikou\n|\n|upkeep\n|turn|12\n|c| J.P.G1337|boo\n|c| feint>quick atk.|KKKKKKKKK\n|c|\u2606Cocoon Evolution|tentei\n|c|\u2606Batataplays|dou nao\n|c|\u2606Batataplays|caraca\n|c|\u2606Batataplays|\u00e9 mt skill\n|\n|t:|1657412103\n|cant|p1a: Mimikyu|par\n|move|p2a: Raikou|Calm Mind|p2a: Raikou\n|-boost|p2a: Raikou|spa|1\n|-boost|p2a: Raikou|spd|1\n|\n|-fieldend|move: Electric Terrain\n|upkeep\n|turn|13\n|c| PalletHero|gg\n|\n|t:|1657412109\n|move|p1a: Mimikyu|Shadow Sneak|p2a: Raikou\n|-damage|p2a: Raikou|122\/321\n|-damage|p1a: Mimikyu|0 fnt|[from] item: Life Orb\n|faint|p1a: Mimikyu\n|move|p2a: Raikou|Calm Mind|p2a: Raikou\n|-boost|p2a: Raikou|spa|1\n|-boost|p2a: Raikou|spd|1\n|\n|-heal|p2a: Raikou|142\/321|[from] item: Leftovers\n|upkeep\n|c| feint>quick atk.|mds\n|c|\u2606Batataplays|d\u00e1 play rough\n|\n|t:|1657412113\n|switch|p1a: Tapu Koko|Tapu Koko|281\/281\n|-fieldstart|move: Electric Terrain|[from] ability: Electric Surge|[of] p1a: Tapu Koko\n|turn|14\n|c|\u2606Batataplays|Putz\n|c| J.P.G1337|g\n|\n|t:|1657412118\n|move|p1a: Tapu Koko|Wild Charge|p2a: Raikou\n|-resisted|p2a: Raikou\n|-damage|p2a: Raikou|0 fnt\n|faint|p2a: Raikou\n|-damage|p1a: Tapu Koko|245\/281|[from] Recoil\n|\n|upkeep\n|\n|t:|1657412121\n|switch|p2a: Golem|Golem-Alola, M|364\/364\n|turn|15\n|c|\u2606Cocoon Evolution|gg\n|c|\u2606Batataplays|gg\n|\n|t:|1657412130\n|move|p1a: Tapu Koko|Wild Charge|p2a: Golem\n|-resisted|p2a: Golem\n|-damage|p2a: Golem|228\/364\n|-damage|p1a: Tapu Koko|211\/281|[from] Recoil\n|move|p2a: Golem|Earthquake|p1a: Tapu Koko\n|-supereffective|p1a: Tapu Koko\n|-damage|p1a: Tapu Koko|5\/281\n|\n|-heal|p2a: Golem|250\/364|[from] item: Leftovers\n|upkeep\n|turn|16\n|c| feint>quick atk.|gg\n|c| PalletHero|faz um cc1v1 ai Cocoon Evolution\n|c| PalletHero|seu lixo\n|c| feint>quick atk.|2\n|c| feint>quick atk.|2\n|c| feint>quick atk.|2\n|\n|t:|1657412144\n|move|p1a: Tapu Koko|Wild Charge|p2a: Golem\n|-resisted|p2a: Golem\n|-damage|p2a: Golem|122\/364\n|-damage|p1a: Tapu Koko|0 fnt|[from] Recoil\n|faint|p1a: Tapu Koko\n|\n|win|Batataplays\n|n|\u2606Cocoon Evolution|cocoonevolution\n|n|\u2606Batataplays|batataplays\n|n| PalletHero|pallethero\n|n| J.P.G1337|jpg1337\n|n| feint>quick atk.|feintquickatk\n|n| Empoleon O|empoleono\n","uploadtime":1657412145,"views":5,"p1id":"cocoonevolution","p2id":"batataplays","formatid":"gen7monotypebattlefactory","rating":0,"private":0,"password":null}