{"id":"gen7ou-737903054","p1":"Aurella\u25c6","p2":"Ohmboy Tesla","format":"gen7ou","log":"|j|\u2606Aurella\u25c6\n|j|\u2606Ohmboy Tesla\n|player|p1|Aurella\u25c6|34\n|player|p2|Ohmboy Tesla|136\n|teamsize|p1|6\n|teamsize|p2|6\n|gametype|singles\n|gen|7\n|tier|[Gen 7] OU\n|rated|\n|rule|Sleep Clause Mod: Limit one foe put to sleep\n|rule|Species Clause: Limit one of each Pok\u00e9mon\n|rule|OHKO Clause: OHKO moves are banned\n|rule|Moody Clause: Moody is banned\n|rule|Evasion Moves Clause: Evasion moves are banned\n|rule|Endless Battle Clause: Forcing endless battles is banned\n|rule|HP Percentage Mod: HP is shown in percentages\n|clearpoke\n|poke|p1|Sableye, M|item\n|poke|p1|Zapdos|item\n|poke|p1|Tapu Lele|item\n|poke|p1|Volcarona, F|item\n|poke|p1|Chansey, F|item\n|poke|p1|Quagsire, M|item\n|poke|p2|Diancie|item\n|poke|p2|Volcarona, M|item\n|poke|p2|Rotom-Wash|item\n|poke|p2|Tapu Bulu|item\n|poke|p2|Landorus-Therian, M|item\n|poke|p2|Toxapex, M|item\n|teampreview\n|inactive|Battle timer is ON: inactive players will automatically lose when time's up. (requested by Aurella\u25c6)\n|\n|start\n|switch|p1a: Sableye|Sableye, M|100\/100\n|switch|p2a: Carbink-EX|Diancie|100\/100\n|turn|1\n|\n|-mega|p2a: Carbink-EX|Diancie|Diancite\n|detailschange|p2a: Carbink-EX|Diancie-Mega\n|-mega|p1a: Sableye|Sableye|Sablenite\n|detailschange|p1a: Sableye|Sableye-Mega, M\n|move|p2a: Carbink-EX|Moonblast|p1a: Sableye\n|-supereffective|p1a: Sableye\n|-damage|p1a: Sableye|12\/100\n|move|p1a: Sableye|Metal Burst|p2a: Carbink-EX\n|-damage|p2a: Carbink-EX|0 fnt\n|faint|p2a: Carbink-EX\n|\n|upkeep\n|inactive|Ohmboy Tesla has 135 seconds left.\n|j| wiwii\n|\n|switch|p2a: Atlas|Volcarona, M|100\/100\n|turn|2\n|\n|switch|p1a: Volcarona|Volcarona, F, shiny|100\/100\n|move|p2a: Atlas|Fiery Dance|p1a: Volcarona\n|-damage|p1a: Volcarona|62\/100\n|\n|upkeep\n|turn|3\n|\n|move|p2a: Atlas|Quiver Dance|p2a: Atlas\n|-boost|p2a: Atlas|spa|1\n|-boost|p2a: Atlas|spd|1\n|-boost|p2a: Atlas|spe|1\n|move|p1a: Volcarona|Quiver Dance|p1a: Volcarona\n|-boost|p1a: Volcarona|spa|1\n|-boost|p1a: Volcarona|spd|1\n|-boost|p1a: Volcarona|spe|1\n|\n|upkeep\n|turn|4\n|\n|move|p2a: Atlas|Fiery Dance|p1a: Volcarona\n|-damage|p1a: Volcarona|22\/100\n|-boost|p2a: Atlas|spa|1\n|move|p1a: Volcarona|Roost|p1a: Volcarona\n|-heal|p1a: Volcarona|72\/100\n|\n|upkeep\n|turn|5\n|\n|switch|p1a: Quagsire|Quagsire, M, shiny|100\/100\n|move|p2a: Atlas|Quiver Dance|p2a: Atlas\n|-boost|p2a: Atlas|spa|1\n|-boost|p2a: Atlas|spd|1\n|-boost|p2a: Atlas|spe|1\n|\n|upkeep\n|turn|6\n|\n|switch|p1a: Chansey|Chansey, F|100\/100\n|-zpower|p2a: Atlas\n|move|p2a: Atlas|Savage Spin-Out|p1a: Chansey|[zeffect]\n|-damage|p1a: Chansey|22\/100\n|\n|upkeep\n|turn|7\n|\n|move|p2a: Atlas|Fiery Dance|p1a: Chansey\n|-damage|p1a: Chansey|0 fnt\n|faint|p1a: Chansey\n|\n|upkeep\n|\n|switch|p1a: Quagsire|Quagsire, M, shiny|100\/100\n|turn|8\n|\n|switch|p2a: Boy Fort|Toxapex, M|100\/100\n|move|p1a: Quagsire|Stockpile|p1a: Quagsire\n|-start|p1a: Quagsire|stockpile1\n|-boost|p1a: Quagsire|def|1\n|-boost|p1a: Quagsire|spd|1\n|\n|upkeep\n|turn|9\n|\n|switch|p1a: Zapdos|Zapdos, shiny|100\/100\n|-ability|p1a: Zapdos|Pressure\n|move|p2a: Boy Fort|Scald|p1a: Zapdos\n|-damage|p1a: Zapdos|83\/100\n|\n|upkeep\n|turn|10\n|\n|move|p1a: Zapdos|Hidden Power|p2a: Boy Fort\n|-resisted|p2a: Boy Fort\n|-damage|p2a: Boy Fort|95\/100\n|move|p2a: Boy Fort|Scald|p1a: Zapdos\n|-damage|p1a: Zapdos|66\/100\n|\n|-heal|p2a: Boy Fort|100\/100|[from] item: Black Sludge\n|upkeep\n|turn|11\n|\n|move|p1a: Zapdos|Discharge|p2a: Boy Fort\n|-supereffective|p2a: Boy Fort\n|-damage|p2a: Boy Fort|56\/100\n|move|p2a: Boy Fort|Scald|p1a: Zapdos\n|-damage|p1a: Zapdos|50\/100\n|\n|-heal|p2a: Boy Fort|63\/100|[from] item: Black Sludge\n|upkeep\n|turn|12\n|\n|move|p1a: Zapdos|Discharge|p2a: Boy Fort\n|-supereffective|p2a: Boy Fort\n|-damage|p2a: Boy Fort|23\/100\n|move|p2a: Boy Fort|Toxic Spikes|p1a: Zapdos\n|-sidestart|p1: Aurella\u25c6|move: Toxic Spikes\n|\n|-heal|p2a: Boy Fort|29\/100|[from] item: Black Sludge\n|upkeep\n|turn|13\n|\n|switch|p2a: Flooffy Paws|Landorus-Therian, M|100\/100\n|-ability|p2a: Flooffy Paws|Intimidate|boost\n|-unboost|p1a: Zapdos|atk|1\n|move|p1a: Zapdos|Roost|p1a: Zapdos\n|-heal|p1a: Zapdos|99\/100\n|\n|upkeep\n|turn|14\n|\n|move|p1a: Zapdos|Hidden Power|p2a: Flooffy Paws\n|-supereffective|p2a: Flooffy Paws\n|-damage|p2a: Flooffy Paws|33\/100\n|move|p2a: Flooffy Paws|Toxic|p1a: Zapdos\n|-status|p1a: Zapdos|tox\n|\n|-heal|p2a: Flooffy Paws|39\/100|[from] item: Leftovers\n|-damage|p1a: Zapdos|94\/100 tox|[from] psn\n|upkeep\n|turn|15\n|\n|switch|p2a: Top Bull|Tapu Bulu|100\/100\n|-fieldstart|move: Grassy Terrain|[from] ability: Grassy Surge|[of] p2a: Top Bull\n|move|p1a: Zapdos|Discharge|p2a: Top Bull\n|-resisted|p2a: Top Bull\n|-damage|p2a: Top Bull|87\/100\n|\n|-heal|p2a: Top Bull|94\/100|[from] item: Leftovers\n|-heal|p2a: Top Bull|99\/100|[from] Grassy Terrain\n|-damage|p1a: Zapdos|81\/100 tox|[from] psn\n|upkeep\n|turn|16\n|\n|move|p1a: Zapdos|Defog|p2a: Top Bull\n|-unboost|p2a: Top Bull|evasion|1\n|-sideend|p1: Aurella\u25c6|Toxic Spikes|[from] move: Defog|[of] p1a: Zapdos\n|move|p2a: Top Bull|Leech Seed|p1a: Zapdos\n|-start|p1a: Zapdos|move: Leech Seed\n|\n|-heal|p2a: Top Bull|100\/100|[from] item: Leftovers\n|-damage|p1a: Zapdos|69\/100 tox|[from] Leech Seed|[of] p2a: Top Bull\n|-damage|p1a: Zapdos|50\/100 tox|[from] psn\n|upkeep\n|turn|17\n|\n|switch|p1a: Volcarona|Volcarona, F, shiny|72\/100\n|move|p2a: Top Bull|Horn Leech|p1a: Volcarona\n|-resisted|p1a: Volcarona\n|-damage|p1a: Volcarona|61\/100\n|\n|-heal|p1a: Volcarona|67\/100|[from] Grassy Terrain\n|upkeep\n|turn|18\n|\n|switch|p2a: Boy Fort|Toxapex, M|63\/100\n|move|p1a: Volcarona|Substitute|p1a: Volcarona\n|-start|p1a: Volcarona|Substitute\n|-damage|p1a: Volcarona|42\/100\n|\n|-heal|p1a: Volcarona|48\/100|[from] Grassy Terrain\n|-heal|p2a: Boy Fort|69\/100|[from] item: Black Sludge\n|-heal|p2a: Boy Fort|75\/100|[from] Grassy Terrain\n|upkeep\n|turn|19\n|\n|move|p1a: Volcarona|Quiver Dance|p1a: Volcarona\n|-boost|p1a: Volcarona|spa|1\n|-boost|p1a: Volcarona|spd|1\n|-boost|p1a: Volcarona|spe|1\n|move|p2a: Boy Fort|Toxic Spikes|p1a: Volcarona\n|-sidestart|p1: Aurella\u25c6|move: Toxic Spikes\n|\n|-heal|p1a: Volcarona|55\/100|[from] Grassy Terrain\n|-heal|p2a: Boy Fort|81\/100|[from] item: Black Sludge\n|-heal|p2a: Boy Fort|88\/100|[from] Grassy Terrain\n|-fieldend|move: Grassy Terrain\n|upkeep\n|turn|20\n|\n|move|p1a: Volcarona|Hurricane|p2a: Boy Fort\n|-damage|p2a: Boy Fort|59\/100\n|move|p2a: Boy Fort|Haze|p2a: Boy Fort\n|-clearallboost\n|\n|-heal|p2a: Boy Fort|65\/100|[from] item: Black Sludge\n|upkeep\n|turn|21\n|\n|move|p1a: Volcarona|Hurricane|p2a: Boy Fort|[miss]\n|-miss|p1a: Volcarona|p2a: Boy Fort\n|move|p2a: Boy Fort|Scald|p1a: Volcarona\n|-supereffective|p1a: Volcarona\n|-end|p1a: Volcarona|Substitute\n|\n|-heal|p2a: Boy Fort|71\/100|[from] item: Black Sludge\n|upkeep\n|turn|22\n|l| wiwii\n|\n|move|p1a: Volcarona|Roost|p1a: Volcarona\n|-heal|p1a: Volcarona|100\/100\n|move|p2a: Boy Fort|Recover|p2a: Boy Fort\n|-heal|p2a: Boy Fort|100\/100\n|\n|upkeep\n|turn|23\n|j| aybekay\n|j| Prince DEv!T\n|\n|switch|p1a: Sableye|Sableye-Mega, M|12\/100\n|-status|p1a: Sableye|psn\n|switch|p2a: scRotom-Wash|Rotom-Wash|100\/100\n|\n|-damage|p1a: Sableye|0 fnt|[from] psn\n|upkeep\n|faint|p1a: Sableye\n|\n|switch|p1a: Zapdos|Zapdos, shiny|50\/100 tox\n|-ability|p1a: Zapdos|Pressure\n|turn|24\n|\n|move|p1a: Zapdos|Roost|p1a: Zapdos\n|-heal|p1a: Zapdos|99\/100 tox\n|move|p2a: scRotom-Wash|Hydro Pump|p1a: Zapdos|[miss]\n|-miss|p2a: scRotom-Wash|p1a: Zapdos\n|\n|-damage|p1a: Zapdos|94\/100 tox|[from] psn\n|upkeep\n|turn|25\n|\n|move|p1a: Zapdos|Defog|p2a: scRotom-Wash\n|-unboost|p2a: scRotom-Wash|evasion|1\n|-sideend|p1: Aurella\u25c6|Toxic Spikes|[from] move: Defog|[of] p1a: Zapdos\n|move|p2a: scRotom-Wash|Volt Switch|p1a: Zapdos\n|-damage|p1a: Zapdos|71\/100 tox\n|\n|switch|p2a: Atlas|Volcarona, M|100\/100\n|\n|-damage|p1a: Zapdos|58\/100 tox|[from] psn\n|upkeep\n|turn|26\n|\n|switch|p1a: Quagsire|Quagsire, M, shiny|100\/100\n|move|p2a: Atlas|Bug Buzz|p1a: Quagsire\n|-damage|p1a: Quagsire|36\/100\n|-unboost|p1a: Quagsire|spd|1\n|\n|upkeep\n|turn|27\n|\n|move|p2a: Atlas|Bug Buzz|p1a: Quagsire\n|-damage|p1a: Quagsire|0 fnt\n|faint|p1a: Quagsire\n|\n|upkeep\n|\n|switch|p1a: Tapu Lele|Tapu Lele|100\/100\n|-fieldstart|move: Psychic Terrain|[from] ability: Psychic Surge|[of] p1a: Tapu Lele\n|turn|28\n|\n|switch|p2a: Top Bull|Tapu Bulu|100\/100\n|-fieldstart|move: Grassy Terrain|[from] ability: Grassy Surge|[of] p2a: Top Bull\n|-zpower|p1a: Tapu Lele\n|move|p1a: Tapu Lele|Guardian of Alola|p2a: Top Bull|[zeffect]\n|-damage|p2a: Top Bull|25\/100\n|\n|-heal|p2a: Top Bull|32\/100|[from] item: Leftovers\n|-heal|p2a: Top Bull|38\/100|[from] Grassy Terrain\n|upkeep\n|turn|29\n|\n|move|p2a: Top Bull|Protect|p2a: Top Bull\n|-singleturn|p2a: Top Bull|Protect\n|move|p1a: Tapu Lele|Psyshock|p2a: Top Bull\n|-activate|p2a: Top Bull|move: Protect\n|\n|-heal|p2a: Top Bull|44\/100|[from] item: Leftovers\n|-heal|p2a: Top Bull|50\/100|[from] Grassy Terrain\n|upkeep\n|turn|30\n|\n|switch|p2a: Flooffy Paws|Landorus-Therian, M|39\/100\n|-ability|p2a: Flooffy Paws|Intimidate|boost\n|-unboost|p1a: Tapu Lele|atk|1\n|move|p1a: Tapu Lele|Calm Mind|p1a: Tapu Lele\n|-boost|p1a: Tapu Lele|spa|1\n|-boost|p1a: Tapu Lele|spd|1\n|\n|-heal|p2a: Flooffy Paws|45\/100|[from] item: Leftovers\n|upkeep\n|turn|31\n|\n|move|p1a: Tapu Lele|Moonblast|p2a: Flooffy Paws\n|-damage|p2a: Flooffy Paws|0 fnt\n|faint|p2a: Flooffy Paws\n|\n|upkeep\n|\n|switch|p2a: Atlas|Volcarona, M|100\/100\n|turn|32\n|\n|move|p2a: Atlas|Bug Buzz|p1a: Tapu Lele\n|-damage|p1a: Tapu Lele|63\/100\n|move|p1a: Tapu Lele|Psyshock|p2a: Atlas\n|-damage|p2a: Atlas|0 fnt\n|faint|p2a: Atlas\n|\n|-heal|p1a: Tapu Lele|69\/100|[from] Grassy Terrain\n|-fieldend|move: Grassy Terrain\n|upkeep\n|\n|switch|p2a: Top Bull|Tapu Bulu|50\/100\n|-fieldstart|move: Grassy Terrain|[from] ability: Grassy Surge|[of] p2a: Top Bull\n|turn|33\n|\n|move|p1a: Tapu Lele|Psyshock|p2a: Top Bull\n|-damage|p2a: Top Bull|0 fnt\n|faint|p2a: Top Bull\n|\n|-heal|p1a: Tapu Lele|75\/100|[from] Grassy Terrain\n|upkeep\n|\n|switch|p2a: Boy Fort|Toxapex, M|100\/100\n|turn|34\n|\n|move|p1a: Tapu Lele|Psyshock|p2a: Boy Fort\n|-supereffective|p2a: Boy Fort\n|-damage|p2a: Boy Fort|6\/100\n|move|p2a: Boy Fort|Haze|p2a: Boy Fort\n|-clearallboost\n|\n|-heal|p1a: Tapu Lele|81\/100|[from] Grassy Terrain\n|-heal|p2a: Boy Fort|12\/100|[from] item: Black Sludge\n|-heal|p2a: Boy Fort|18\/100|[from] Grassy Terrain\n|upkeep\n|turn|35\n|j| Axellus\n|\n|move|p1a: Tapu Lele|Psyshock|p2a: Boy Fort\n|-supereffective|p2a: Boy Fort\n|-damage|p2a: Boy Fort|0 fnt\n|faint|p2a: Boy Fort\n|\n|-heal|p1a: Tapu Lele|87\/100|[from] Grassy Terrain\n|upkeep\n|\n|switch|p2a: scRotom-Wash|Rotom-Wash|100\/100\n|turn|36\n|l| Prince DEv!T\n|\n|switch|p1a: Zapdos|Zapdos, shiny|58\/100 tox\n|-ability|p1a: Zapdos|Pressure\n|move|p2a: scRotom-Wash|Hydro Pump|p1a: Zapdos\n|-damage|p1a: Zapdos|20\/100 tox\n|\n|-damage|p1a: Zapdos|13\/100 tox|[from] psn\n|upkeep\n|turn|37\n|\n|move|p1a: Zapdos|Roost|p1a: Zapdos\n|-heal|p1a: Zapdos|63\/100 tox\n|move|p2a: scRotom-Wash|Volt Switch|p1a: Zapdos\n|-resisted|p1a: Zapdos\n|-damage|p1a: Zapdos|52\/100 tox\n|\n|-heal|p1a: Zapdos|58\/100 tox|[from] Grassy Terrain\n|-fieldend|move: Grassy Terrain\n|-damage|p1a: Zapdos|45\/100 tox|[from] psn\n|upkeep\n|turn|38\n|inactive|Ohmboy Tesla has 135 seconds left.\n|inactive|Ohmboy Tesla has 120 seconds left.\n|\n|move|p1a: Zapdos|Roost|p1a: Zapdos\n|-heal|p1a: Zapdos|95\/100 tox\n|move|p2a: scRotom-Wash|Hydro Pump|p1a: Zapdos|[miss]\n|-miss|p2a: scRotom-Wash|p1a: Zapdos\n|\n|-damage|p1a: Zapdos|77\/100 tox|[from] psn\n|upkeep\n|turn|39\n|\n|switch|p1a: Volcarona|Volcarona, F, shiny|100\/100\n|move|p2a: scRotom-Wash|Will-O-Wisp|p1a: Volcarona\n|-immune|p1a: Volcarona|[msg]\n|\n|upkeep\n|turn|40\n|\n|move|p1a: Volcarona|Substitute|p1a: Volcarona\n|-start|p1a: Volcarona|Substitute\n|-damage|p1a: Volcarona|76\/100\n|move|p2a: scRotom-Wash|Hydro Pump|p1a: Volcarona\n|-supereffective|p1a: Volcarona\n|-end|p1a: Volcarona|Substitute\n|\n|upkeep\n|turn|41\n|\n|move|p1a: Volcarona|Substitute|p1a: Volcarona\n|-start|p1a: Volcarona|Substitute\n|-damage|p1a: Volcarona|51\/100\n|move|p2a: scRotom-Wash|Volt Switch|p1a: Volcarona\n|-activate|p1a: Volcarona|move: Substitute|[damage]\n|\n|upkeep\n|turn|42\n|\n|move|p1a: Volcarona|Quiver Dance|p1a: Volcarona\n|-boost|p1a: Volcarona|spa|1\n|-boost|p1a: Volcarona|spd|1\n|-boost|p1a: Volcarona|spe|1\n|move|p2a: scRotom-Wash|Volt Switch|p1a: Volcarona\n|-end|p1a: Volcarona|Substitute\n|\n|upkeep\n|turn|43\n|c| aybekay|Aurella your teams are bad\n|inactive|Ohmboy Tesla has 135 seconds left.\n|\n|move|p1a: Volcarona|Substitute|p1a: Volcarona\n|-start|p1a: Volcarona|Substitute\n|-damage|p1a: Volcarona|26\/100\n|move|p2a: scRotom-Wash|Hydro Pump|p1a: Volcarona\n|-supereffective|p1a: Volcarona\n|-end|p1a: Volcarona|Substitute\n|\n|upkeep\n|turn|44\n|c|\u2606Ohmboy Tesla|lol sure\n|c|\u2606Ohmboy Tesla|I have 2 alts in the 1800's with only this team\n|inactive|Ohmboy Tesla has 135 seconds left.\n|c|\u2606Ohmboy Tesla|but yeah\n|c|\u2606Ohmboy Tesla|I just must be that amazing at playing then xD\n|c|\u2606Ohmboy Tesla|gg btw\n|inactive|Ohmboy Tesla has 120 seconds left.\n|\n|move|p1a: Volcarona|Substitute|p1a: Volcarona\n|-start|p1a: Volcarona|Substitute\n|-damage|p1a: Volcarona|1\/100\n|move|p2a: scRotom-Wash|Volt Switch|p1a: Volcarona\n|-activate|p1a: Volcarona|move: Substitute|[damage]\n|\n|upkeep\n|turn|45\n|c| aybekay|damn like he uses volc + lele stall\n|c|\u2606Aurella\u25c6|gg\n|c| aybekay|thats no team\n|\n|move|p1a: Volcarona|Roost|p1a: Volcarona\n|-heal|p1a: Volcarona|51\/100\n|move|p2a: scRotom-Wash|Volt Switch|p1a: Volcarona\n|-end|p1a: Volcarona|Substitute\n|\n|upkeep\n|turn|46\n|-message|Ohmboy Tesla forfeited.\n|\n|win|Aurella\u25c6\n|l|\u2606Ohmboy Tesla\n|raw|Aurella\u25c6's rating: 1627 &rarr; <strong>1648<\/strong><br \/>(+21 for winning)\n|raw|Ohmboy Tesla's rating: 1639 &rarr; <strong>1618<\/strong><br \/>(-21 for losing)\n|l| aybekay\n","inputlog":null,"uploadtime":1524646103,"views":178,"p1id":"aurella","p2id":"ohmboytesla","formatid":"gen7ou","rating":1618,"private":0,"password":null}