{"id":"gen7ou-1397599081","p1":"EEEEEvolto\u6df1\u6eba","p2":"jaing233","format":"gen7ou","log":"|j|\u2606EEEEEvolto\u6df1\u6eba\n|j|\u2606jaing233\n|t:|1629119130\n|gametype|singles\n|player|p1|EEEEEvolto\u6df1\u6eba|265|1454\n|player|p2|jaing233|lady-gen4|1480\n|teamsize|p1|6\n|teamsize|p2|6\n|gen|7\n|tier|[Gen 7] OU\n|rated|\n|rule|Sleep Clause Mod: Limit one foe put to sleep\n|rule|Species Clause: Limit one of each Pok\u00e9mon\n|rule|OHKO Clause: OHKO moves are banned\n|rule|Moody Clause: Moody is banned\n|rule|Evasion Moves Clause: Evasion moves are banned\n|rule|Endless Battle Clause: Forcing endless battles is banned\n|rule|HP Percentage Mod: HP is shown in percentages\n|clearpoke\n|poke|p1|Sableye, M|item\n|poke|p1|Pyukumuku, L90, F|item\n|poke|p1|Chansey, F|item\n|poke|p1|Gliscor, M|item\n|poke|p1|Tapu Bulu|item\n|poke|p1|Heatran, F|item\n|poke|p2|Pelipper, F|item\n|poke|p2|Greninja, M|item\n|poke|p2|Swampert, M|item\n|poke|p2|Ferrothorn, M|item\n|poke|p2|Tornadus-Therian, M|item\n|poke|p2|Manaphy|item\n|teampreview\n|inactive|Battle timer is ON: inactive players will automatically lose when time's up. (requested by EEEEEvolto\u6df1\u6eba)\n|\n|t:|1629119136\n|start\n|switch|p1a: \u4f60\u8fd8\u60e6\u8bb0\u4f60\u90a3\u7834JB\u5b09\u95f9\u5462|Sableye, M, shiny|100\/100\n|switch|p2a: Pelipper|Pelipper, F, shiny|100\/100\n|-weather|RainDance|[from] ability: Drizzle|[of] p2a: Pelipper\n|turn|1\n|\n|t:|1629119140\n|detailschange|p1a: \u4f60\u8fd8\u60e6\u8bb0\u4f60\u90a3\u7834JB\u5b09\u95f9\u5462|Sableye-Mega, M, shiny\n|-mega|p1a: \u4f60\u8fd8\u60e6\u8bb0\u4f60\u90a3\u7834JB\u5b09\u95f9\u5462|Sableye|Sablenite\n|move|p2a: Pelipper|Hurricane|p1a: \u4f60\u8fd8\u60e6\u8bb0\u4f60\u90a3\u7834JB\u5b09\u95f9\u5462\n|-crit|p1a: \u4f60\u8fd8\u60e6\u8bb0\u4f60\u90a3\u7834JB\u5b09\u95f9\u5462\n|-damage|p1a: \u4f60\u8fd8\u60e6\u8bb0\u4f60\u90a3\u7834JB\u5b09\u95f9\u5462|47\/100\n|move|p1a: \u4f60\u8fd8\u60e6\u8bb0\u4f60\u90a3\u7834JB\u5b09\u95f9\u5462|Knock Off|p2a: Pelipper\n|-damage|p2a: Pelipper|72\/100\n|-enditem|p2a: Pelipper|Damp Rock|[from] move: Knock Off|[of] p1a: \u4f60\u8fd8\u60e6\u8bb0\u4f60\u90a3\u7834JB\u5b09\u95f9\u5462\n|\n|-weather|RainDance|[upkeep]\n|upkeep\n|turn|2\n|c|\u2606jaing233|?\n|c|\u2606jaing233|\u56fd\u4eba\n|\n|t:|1629119155\n|move|p2a: Pelipper|Hurricane|p1a: \u4f60\u8fd8\u60e6\u8bb0\u4f60\u90a3\u7834JB\u5b09\u95f9\u5462\n|-damage|p1a: \u4f60\u8fd8\u60e6\u8bb0\u4f60\u90a3\u7834JB\u5b09\u95f9\u5462|12\/100\n|move|p1a: \u4f60\u8fd8\u60e6\u8bb0\u4f60\u90a3\u7834JB\u5b09\u95f9\u5462|Recover|p1a: \u4f60\u8fd8\u60e6\u8bb0\u4f60\u90a3\u7834JB\u5b09\u95f9\u5462\n|-heal|p1a: \u4f60\u8fd8\u60e6\u8bb0\u4f60\u90a3\u7834JB\u5b09\u95f9\u5462|62\/100\n|\n|-weather|RainDance|[upkeep]\n|upkeep\n|turn|3\n|\n|t:|1629119164\n|switch|p2a: Manaphy|Manaphy, shiny|100\/100\n|move|p1a: \u4f60\u8fd8\u60e6\u8bb0\u4f60\u90a3\u7834JB\u5b09\u95f9\u5462|Recover|p1a: \u4f60\u8fd8\u60e6\u8bb0\u4f60\u90a3\u7834JB\u5b09\u95f9\u5462\n|-heal|p1a: \u4f60\u8fd8\u60e6\u8bb0\u4f60\u90a3\u7834JB\u5b09\u95f9\u5462|100\/100\n|\n|-weather|RainDance|[upkeep]\n|upkeep\n|turn|4\n|\n|t:|1629119168\n|switch|p1a: \u4e09\u6bb5\u6211TM\u4f4d\u79fb\u51fa\u53bb|Tapu Bulu|100\/100\n|-fieldstart|move: Grassy Terrain|[from] ability: Grassy Surge|[of] p1a: \u4e09\u6bb5\u6211TM\u4f4d\u79fb\u51fa\u53bb\n|move|p2a: Manaphy|Tail Glow|p2a: Manaphy\n|-boost|p2a: Manaphy|spa|3\n|\n|-weather|RainDance|[upkeep]\n|upkeep\n|turn|5\n|\n|t:|1629119180\n|move|p2a: Manaphy|Psychic|p1a: \u4e09\u6bb5\u6211TM\u4f4d\u79fb\u51fa\u53bb\n|-damage|p1a: \u4e09\u6bb5\u6211TM\u4f4d\u79fb\u51fa\u53bb|39\/100\n|move|p1a: \u4e09\u6bb5\u6211TM\u4f4d\u79fb\u51fa\u53bb|Wood Hammer|p2a: Manaphy\n|-supereffective|p2a: Manaphy\n|-damage|p2a: Manaphy|0 fnt\n|faint|p2a: Manaphy\n|-damage|p1a: \u4e09\u6bb5\u6211TM\u4f4d\u79fb\u51fa\u53bb|6\/100|[from] Recoil\n|\n|-weather|RainDance|[upkeep]\n|-heal|p1a: \u4e09\u6bb5\u6211TM\u4f4d\u79fb\u51fa\u53bb|12\/100|[from] Grassy Terrain\n|upkeep\n|\n|t:|1629119188\n|switch|p2a: Greninja|Greninja, M|100\/100\n|turn|6\n|\n|t:|1629119194\n|switch|p1a: \u4f60\u4e0d\u4f1a\u73a9\u6597\u9f99\u4f60\u53ef\u4ee5\u4e0d\u73a9|Chansey, F|100\/100\n|move|p2a: Greninja|Surf|p1a: \u4f60\u4e0d\u4f1a\u73a9\u6597\u9f99\u4f60\u53ef\u4ee5\u4e0d\u73a9\n|-damage|p1a: \u4f60\u4e0d\u4f1a\u73a9\u6597\u9f99\u4f60\u53ef\u4ee5\u4e0d\u73a9|74\/100\n|\n|-weather|RainDance|[upkeep]\n|-heal|p1a: \u4f60\u4e0d\u4f1a\u73a9\u6597\u9f99\u4f60\u53ef\u4ee5\u4e0d\u73a9|80\/100|[from] Grassy Terrain\n|upkeep\n|turn|7\n|\n|t:|1629119201\n|switch|p2a: Ferrothorn|Ferrothorn, M, shiny|100\/100\n|move|p1a: \u4f60\u4e0d\u4f1a\u73a9\u6597\u9f99\u4f60\u53ef\u4ee5\u4e0d\u73a9|Stealth Rock|p2a: Ferrothorn\n|-sidestart|p2: jaing233|move: Stealth Rock\n|\n|-weather|RainDance|[upkeep]\n|-heal|p1a: \u4f60\u4e0d\u4f1a\u73a9\u6597\u9f99\u4f60\u53ef\u4ee5\u4e0d\u73a9|87\/100|[from] Grassy Terrain\n|upkeep\n|turn|8\n|\n|t:|1629119205\n|switch|p1a: \u4f60\u8fd8\u60e6\u8bb0\u4f60\u90a3\u7834JB\u5b09\u95f9\u5462|Sableye-Mega, M, shiny|100\/100\n|move|p2a: Ferrothorn|Stealth Rock|p1a: \u4f60\u8fd8\u60e6\u8bb0\u4f60\u90a3\u7834JB\u5b09\u95f9\u5462\n|move|p1a: \u4f60\u8fd8\u60e6\u8bb0\u4f60\u90a3\u7834JB\u5b09\u95f9\u5462|Stealth Rock||[from]ability: Magic Bounce|[still]\n|-fail|p1a: \u4f60\u8fd8\u60e6\u8bb0\u4f60\u90a3\u7834JB\u5b09\u95f9\u5462\n|\n|-weather|none\n|-fieldend|move: Grassy Terrain\n|upkeep\n|turn|9\n|\n|t:|1629119208\n|move|p1a: \u4f60\u8fd8\u60e6\u8bb0\u4f60\u90a3\u7834JB\u5b09\u95f9\u5462|Will-O-Wisp|p2a: Ferrothorn\n|-status|p2a: Ferrothorn|brn\n|move|p2a: Ferrothorn|Gyro Ball|p1a: \u4f60\u8fd8\u60e6\u8bb0\u4f60\u90a3\u7834JB\u5b09\u95f9\u5462\n|-damage|p1a: \u4f60\u8fd8\u60e6\u8bb0\u4f60\u90a3\u7834JB\u5b09\u95f9\u5462|95\/100\n|\n|-damage|p2a: Ferrothorn|95\/100 brn|[from] brn\n|upkeep\n|turn|10\n|\n|t:|1629119212\n|switch|p2a: Tornadus|Tornadus-Therian, M|100\/100\n|-damage|p2a: Tornadus|75\/100|[from] Stealth Rock\n|move|p1a: \u4f60\u8fd8\u60e6\u8bb0\u4f60\u90a3\u7834JB\u5b09\u95f9\u5462|Knock Off|p2a: Tornadus\n|-damage|p2a: Tornadus|45\/100\n|-damage|p1a: \u4f60\u8fd8\u60e6\u8bb0\u4f60\u90a3\u7834JB\u5b09\u95f9\u5462|78\/100|[from] item: Rocky Helmet|[of] p2a: Tornadus\n|-enditem|p2a: Tornadus|Rocky Helmet|[from] move: Knock Off|[of] p1a: \u4f60\u8fd8\u60e6\u8bb0\u4f60\u90a3\u7834JB\u5b09\u95f9\u5462\n|\n|upkeep\n|turn|11\n|\n|t:|1629119215\n|move|p1a: \u4f60\u8fd8\u60e6\u8bb0\u4f60\u90a3\u7834JB\u5b09\u95f9\u5462|Protect|p1a: \u4f60\u8fd8\u60e6\u8bb0\u4f60\u90a3\u7834JB\u5b09\u95f9\u5462\n|-singleturn|p1a: \u4f60\u8fd8\u60e6\u8bb0\u4f60\u90a3\u7834JB\u5b09\u95f9\u5462|Protect\n|move|p2a: Tornadus|Defog|p1a: \u4f60\u8fd8\u60e6\u8bb0\u4f60\u90a3\u7834JB\u5b09\u95f9\u5462\n|-activate|p1a: \u4f60\u8fd8\u60e6\u8bb0\u4f60\u90a3\u7834JB\u5b09\u95f9\u5462|move: Protect\n|\n|upkeep\n|turn|12\n|\n|t:|1629119224\n|switch|p1a: \u5509\uff0c\u6211\u5c31\u4e0d\u6362|Gliscor, M|100\/100\n|move|p2a: Tornadus|Defog|p1a: \u5509\uff0c\u6211\u5c31\u4e0d\u6362\n|-unboost|p1a: \u5509\uff0c\u6211\u5c31\u4e0d\u6362|evasion|1\n|-sideend|p2: jaing233|Stealth Rock|[from] move: Defog|[of] p2a: Tornadus\n|\n|-status|p1a: \u5509\uff0c\u6211\u5c31\u4e0d\u6362|tox|[from] item: Toxic Orb\n|upkeep\n|turn|13\n|\n|t:|1629119233\n|move|p2a: Tornadus|Hurricane|p1a: \u5509\uff0c\u6211\u5c31\u4e0d\u6362\n|-damage|p1a: \u5509\uff0c\u6211\u5c31\u4e0d\u6362|55\/100 tox\n|move|p1a: \u5509\uff0c\u6211\u5c31\u4e0d\u6362|Substitute|p1a: \u5509\uff0c\u6211\u5c31\u4e0d\u6362\n|-start|p1a: \u5509\uff0c\u6211\u5c31\u4e0d\u6362|Substitute\n|-damage|p1a: \u5509\uff0c\u6211\u5c31\u4e0d\u6362|30\/100 tox\n|\n|-heal|p1a: \u5509\uff0c\u6211\u5c31\u4e0d\u6362|43\/100 tox|[from] ability: Poison Heal\n|upkeep\n|turn|14\n|\n|t:|1629119237\n|move|p1a: \u5509\uff0c\u6211\u5c31\u4e0d\u6362|Protect|p1a: \u5509\uff0c\u6211\u5c31\u4e0d\u6362\n|-singleturn|p1a: \u5509\uff0c\u6211\u5c31\u4e0d\u6362|Protect\n|move|p2a: Tornadus|U-turn|p1a: \u5509\uff0c\u6211\u5c31\u4e0d\u6362\n|-activate|p1a: \u5509\uff0c\u6211\u5c31\u4e0d\u6362|move: Protect\n|\n|-heal|p1a: \u5509\uff0c\u6211\u5c31\u4e0d\u6362|55\/100 tox|[from] ability: Poison Heal\n|upkeep\n|turn|15\n|\n|t:|1629119239\n|move|p2a: Tornadus|U-turn|p1a: \u5509\uff0c\u6211\u5c31\u4e0d\u6362\n|-resisted|p1a: \u5509\uff0c\u6211\u5c31\u4e0d\u6362\n|-activate|p1a: \u5509\uff0c\u6211\u5c31\u4e0d\u6362|move: Substitute|[damage]\n|\n|t:|1629119243\n|switch|p2a: Pelipper|Pelipper, F, shiny|72\/100|[from]move: U-turn\n|-weather|RainDance|[from] ability: Drizzle|[of] p2a: Pelipper\n|move|p1a: \u5509\uff0c\u6211\u5c31\u4e0d\u6362|Toxic|p2a: Pelipper\n|-status|p2a: Pelipper|tox\n|\n|-weather|RainDance|[upkeep]\n|-heal|p1a: \u5509\uff0c\u6211\u5c31\u4e0d\u6362|68\/100 tox|[from] ability: Poison Heal\n|-damage|p2a: Pelipper|66\/100 tox|[from] psn\n|upkeep\n|turn|16\n|\n|t:|1629119247\n|move|p1a: \u5509\uff0c\u6211\u5c31\u4e0d\u6362|Protect|p1a: \u5509\uff0c\u6211\u5c31\u4e0d\u6362\n|-singleturn|p1a: \u5509\uff0c\u6211\u5c31\u4e0d\u6362|Protect\n|move|p2a: Pelipper|Scald|p1a: \u5509\uff0c\u6211\u5c31\u4e0d\u6362\n|-activate|p1a: \u5509\uff0c\u6211\u5c31\u4e0d\u6362|move: Protect\n|\n|-weather|RainDance|[upkeep]\n|-heal|p1a: \u5509\uff0c\u6211\u5c31\u4e0d\u6362|80\/100 tox|[from] ability: Poison Heal\n|-damage|p2a: Pelipper|54\/100 tox|[from] psn\n|upkeep\n|turn|17\n|\n|t:|1629119251\n|switch|p2a: Greninja|Greninja, M|100\/100\n|move|p1a: \u5509\uff0c\u6211\u5c31\u4e0d\u6362|Toxic|p2a: Greninja\n|-status|p2a: Greninja|tox\n|\n|-weather|RainDance|[upkeep]\n|-damage|p2a: Greninja|95\/100 tox|[from] psn\n|-heal|p1a: \u5509\uff0c\u6211\u5c31\u4e0d\u6362|93\/100 tox|[from] ability: Poison Heal\n|upkeep\n|turn|18\n|\n|t:|1629119255\n|move|p1a: \u5509\uff0c\u6211\u5c31\u4e0d\u6362|Protect|p1a: \u5509\uff0c\u6211\u5c31\u4e0d\u6362\n|-singleturn|p1a: \u5509\uff0c\u6211\u5c31\u4e0d\u6362|Protect\n|move|p2a: Greninja|Water Shuriken|p1a: \u5509\uff0c\u6211\u5c31\u4e0d\u6362\n|-activate|p1a: \u5509\uff0c\u6211\u5c31\u4e0d\u6362|move: Protect\n|\n|-weather|RainDance|[upkeep]\n|-damage|p2a: Greninja|83\/100 tox|[from] psn\n|-heal|p1a: \u5509\uff0c\u6211\u5c31\u4e0d\u6362|100\/100 tox|[from] ability: Poison Heal\n|upkeep\n|turn|19\n|\n|t:|1629119259\n|switch|p1a: \u4f60\u4e0d\u4f1a\u73a9\u6597\u9f99\u4f60\u53ef\u4ee5\u4e0d\u73a9|Chansey, F|87\/100\n|move|p2a: Greninja|Water Shuriken|p1a: \u4f60\u4e0d\u4f1a\u73a9\u6597\u9f99\u4f60\u53ef\u4ee5\u4e0d\u73a9\n|-damage|p1a: \u4f60\u4e0d\u4f1a\u73a9\u6597\u9f99\u4f60\u53ef\u4ee5\u4e0d\u73a9|82\/100\n|-damage|p1a: \u4f60\u4e0d\u4f1a\u73a9\u6597\u9f99\u4f60\u53ef\u4ee5\u4e0d\u73a9|77\/100\n|-hitcount|p1a: \u4f60\u4e0d\u4f1a\u73a9\u6597\u9f99\u4f60\u53ef\u4ee5\u4e0d\u73a9|2\n|\n|-weather|none\n|-damage|p2a: Greninja|65\/100 tox|[from] psn\n|upkeep\n|turn|20\n|\n|t:|1629119263\n|switch|p2a: Pelipper|Pelipper, F, shiny|54\/100 tox\n|-weather|RainDance|[from] ability: Drizzle|[of] p2a: Pelipper\n|move|p1a: \u4f60\u4e0d\u4f1a\u73a9\u6597\u9f99\u4f60\u53ef\u4ee5\u4e0d\u73a9|Stealth Rock|p2a: Pelipper\n|-sidestart|p2: jaing233|move: Stealth Rock\n|\n|-weather|RainDance|[upkeep]\n|-damage|p2a: Pelipper|48\/100 tox|[from] psn\n|upkeep\n|turn|21\n|\n|t:|1629119268\n|switch|p1a: \u5509\uff0c\u6211\u5c31\u4e0d\u6362|Gliscor, M|100\/100 tox\n|move|p2a: Pelipper|Defog|p1a: \u5509\uff0c\u6211\u5c31\u4e0d\u6362\n|-unboost|p1a: \u5509\uff0c\u6211\u5c31\u4e0d\u6362|evasion|1\n|-sideend|p2: jaing233|Stealth Rock|[from] move: Defog|[of] p2a: Pelipper\n|\n|-weather|RainDance|[upkeep]\n|-damage|p2a: Pelipper|35\/100 tox|[from] psn\n|upkeep\n|turn|22\n|\n|t:|1629119272\n|move|p1a: \u5509\uff0c\u6211\u5c31\u4e0d\u6362|Substitute|p1a: \u5509\uff0c\u6211\u5c31\u4e0d\u6362\n|-start|p1a: \u5509\uff0c\u6211\u5c31\u4e0d\u6362|Substitute\n|-damage|p1a: \u5509\uff0c\u6211\u5c31\u4e0d\u6362|75\/100 tox\n|move|p2a: Pelipper|Scald|p1a: \u5509\uff0c\u6211\u5c31\u4e0d\u6362\n|-supereffective|p1a: \u5509\uff0c\u6211\u5c31\u4e0d\u6362\n|-crit|p1a: \u5509\uff0c\u6211\u5c31\u4e0d\u6362\n|-end|p1a: \u5509\uff0c\u6211\u5c31\u4e0d\u6362|Substitute\n|\n|-weather|RainDance|[upkeep]\n|-heal|p1a: \u5509\uff0c\u6211\u5c31\u4e0d\u6362|88\/100 tox|[from] ability: Poison Heal\n|-damage|p2a: Pelipper|17\/100 tox|[from] psn\n|upkeep\n|turn|23\n|\n|t:|1629119275\n|move|p1a: \u5509\uff0c\u6211\u5c31\u4e0d\u6362|Substitute|p1a: \u5509\uff0c\u6211\u5c31\u4e0d\u6362\n|-start|p1a: \u5509\uff0c\u6211\u5c31\u4e0d\u6362|Substitute\n|-damage|p1a: \u5509\uff0c\u6211\u5c31\u4e0d\u6362|63\/100 tox\n|move|p2a: Pelipper|Scald|p1a: \u5509\uff0c\u6211\u5c31\u4e0d\u6362\n|-supereffective|p1a: \u5509\uff0c\u6211\u5c31\u4e0d\u6362\n|-end|p1a: \u5509\uff0c\u6211\u5c31\u4e0d\u6362|Substitute\n|\n|-weather|RainDance|[upkeep]\n|-heal|p1a: \u5509\uff0c\u6211\u5c31\u4e0d\u6362|75\/100 tox|[from] ability: Poison Heal\n|-damage|p2a: Pelipper|0 fnt|[from] psn\n|faint|p2a: Pelipper\n|upkeep\n|\n|t:|1629119278\n|switch|p2a: Greninja|Greninja, M|65\/100 tox\n|turn|24\n|\n|t:|1629119285\n|switch|p1a: \u4f60\u8fd8\u60e6\u8bb0\u4f60\u90a3\u7834JB\u5b09\u95f9\u5462|Sableye-Mega, M, shiny|78\/100\n|move|p2a: Greninja|Surf|p1a: \u4f60\u8fd8\u60e6\u8bb0\u4f60\u90a3\u7834JB\u5b09\u95f9\u5462\n|-damage|p1a: \u4f60\u8fd8\u60e6\u8bb0\u4f60\u90a3\u7834JB\u5b09\u95f9\u5462|0 fnt\n|faint|p1a: \u4f60\u8fd8\u60e6\u8bb0\u4f60\u90a3\u7834JB\u5b09\u95f9\u5462\n|-activate|p2a: Greninja|ability: Battle Bond\n|detailschange|p2a: Greninja|Greninja-Ash, M\n|\n|-weather|none\n|-damage|p2a: Greninja|59\/100 tox|[from] psn\n|upkeep\n|\n|t:|1629119291\n|switch|p1a: \u4f60\u4e0d\u4f1a\u73a9\u6597\u9f99\u4f60\u53ef\u4ee5\u4e0d\u73a9|Chansey, F|77\/100\n|turn|25\n|\n|t:|1629119295\n|switch|p2a: Ferrothorn|Ferrothorn, M, shiny|95\/100 brn\n|move|p1a: \u4f60\u4e0d\u4f1a\u73a9\u6597\u9f99\u4f60\u53ef\u4ee5\u4e0d\u73a9|Toxic||[still]\n|-fail|p1a: \u4f60\u4e0d\u4f1a\u73a9\u6597\u9f99\u4f60\u53ef\u4ee5\u4e0d\u73a9\n|\n|-damage|p2a: Ferrothorn|89\/100 brn|[from] brn\n|upkeep\n|turn|26\n|\n|t:|1629119299\n|switch|p1a: Heatran|Heatran, F|100\/100\n|move|p2a: Ferrothorn|Stealth Rock|p1a: Heatran\n|-sidestart|p1: EEEEEvolto\u6df1\u6eba|move: Stealth Rock\n|\n|-damage|p2a: Ferrothorn|83\/100 brn|[from] brn\n|upkeep\n|turn|27\n|\n|t:|1629119306\n|move|p1a: Heatran|Stealth Rock|p2a: Ferrothorn\n|-sidestart|p2: jaing233|move: Stealth Rock\n|move|p2a: Ferrothorn|Spikes|p1a: Heatran\n|-sidestart|p1: EEEEEvolto\u6df1\u6eba|Spikes\n|\n|-damage|p2a: Ferrothorn|77\/100 brn|[from] brn\n|upkeep\n|turn|28\n|\n|t:|1629119309\n|move|p1a: Heatran|Lava Plume|p2a: Ferrothorn\n|-supereffective|p2a: Ferrothorn\n|-damage|p2a: Ferrothorn|0 fnt\n|faint|p2a: Ferrothorn\n|\n|upkeep\n|\n|t:|1629119312\n|switch|p2a: Tornadus|Tornadus-Therian, M|78\/100\n|-damage|p2a: Tornadus|53\/100|[from] Stealth Rock\n|turn|29\n|\n|t:|1629119314\n|move|p2a: Tornadus|Defog|p1a: Heatran\n|-unboost|p1a: Heatran|evasion|1\n|-sideend|p1: EEEEEvolto\u6df1\u6eba|Spikes|[from] move: Defog|[of] p2a: Tornadus\n|-sideend|p1: EEEEEvolto\u6df1\u6eba|Stealth Rock|[from] move: Defog|[of] p2a: Tornadus\n|-sideend|p2: jaing233|Stealth Rock|[from] move: Defog|[of] p2a: Tornadus\n|move|p1a: Heatran|Lava Plume|p2a: Tornadus\n|-damage|p2a: Tornadus|17\/100\n|-status|p2a: Tornadus|brn\n|\n|-damage|p2a: Tornadus|11\/100 brn|[from] brn\n|upkeep\n|turn|30\n|\n|t:|1629119320\n|move|p2a: Tornadus|U-turn|p1a: Heatran\n|-resisted|p1a: Heatran\n|-damage|p1a: Heatran|99\/100\n|\n|t:|1629119325\n|switch|p2a: Swampert|Swampert, M|100\/100|[from]move: U-turn\n|move|p1a: Heatran|Stealth Rock|p2a: Swampert\n|-sidestart|p2: jaing233|move: Stealth Rock\n|\n|-heal|p1a: Heatran|100\/100|[from] item: Leftovers\n|upkeep\n|turn|31\n|\n|t:|1629119334\n|detailschange|p2a: Swampert|Swampert-Mega, M\n|-mega|p2a: Swampert|Swampert|Swampertite\n|move|p2a: Swampert|Ice Punch|p1a: Heatran\n|-resisted|p1a: Heatran\n|-damage|p1a: Heatran|94\/100\n|move|p1a: Heatran|Will-O-Wisp|p2a: Swampert\n|-status|p2a: Swampert|brn\n|\n|-heal|p1a: Heatran|99\/100|[from] item: Leftovers\n|-damage|p2a: Swampert|94\/100 brn|[from] brn\n|upkeep\n|turn|32\n|\n|t:|1629119342\n|switch|p1a: \u4e09\u6bb5\u6293\u53d6\u4f24\u5bb3\u5168\u90e8\u5403\u6ee1|Pyukumuku, L90, F|100\/100\n|move|p2a: Swampert|Earthquake|p1a: \u4e09\u6bb5\u6293\u53d6\u4f24\u5bb3\u5168\u90e8\u5403\u6ee1\n|-damage|p1a: \u4e09\u6bb5\u6293\u53d6\u4f24\u5bb3\u5168\u90e8\u5403\u6ee1|63\/100\n|\n|-damage|p2a: Swampert|88\/100 brn|[from] brn\n|upkeep\n|turn|33\n|\n|t:|1629119349\n|move|p2a: Swampert|Earthquake|p1a: \u4e09\u6bb5\u6293\u53d6\u4f24\u5bb3\u5168\u90e8\u5403\u6ee1\n|-damage|p1a: \u4e09\u6bb5\u6293\u53d6\u4f24\u5bb3\u5168\u90e8\u5403\u6ee1|29\/100\n|move|p1a: \u4e09\u6bb5\u6293\u53d6\u4f24\u5bb3\u5168\u90e8\u5403\u6ee1|Recover|p1a: \u4e09\u6bb5\u6293\u53d6\u4f24\u5bb3\u5168\u90e8\u5403\u6ee1\n|-heal|p1a: \u4e09\u6bb5\u6293\u53d6\u4f24\u5bb3\u5168\u90e8\u5403\u6ee1|80\/100\n|\n|-damage|p2a: Swampert|82\/100 brn|[from] brn\n|upkeep\n|turn|34\n|\n|t:|1629119354\n|move|p2a: Swampert|Earthquake|p1a: \u4e09\u6bb5\u6293\u53d6\u4f24\u5bb3\u5168\u90e8\u5403\u6ee1\n|-damage|p1a: \u4e09\u6bb5\u6293\u53d6\u4f24\u5bb3\u5168\u90e8\u5403\u6ee1|42\/100\n|move|p1a: \u4e09\u6bb5\u6293\u53d6\u4f24\u5bb3\u5168\u90e8\u5403\u6ee1|Counter|p2a: Swampert\n|-damage|p2a: Swampert|20\/100 brn\n|\n|-damage|p2a: Swampert|14\/100 brn|[from] brn\n|upkeep\n|turn|35\n|\n|t:|1629119358\n|move|p2a: Swampert|Ice Punch|p1a: \u4e09\u6bb5\u6293\u53d6\u4f24\u5bb3\u5168\u90e8\u5403\u6ee1\n|-resisted|p1a: \u4e09\u6bb5\u6293\u53d6\u4f24\u5bb3\u5168\u90e8\u5403\u6ee1\n|-damage|p1a: \u4e09\u6bb5\u6293\u53d6\u4f24\u5bb3\u5168\u90e8\u5403\u6ee1|33\/100\n|-damage|p2a: Swampert|0 fnt|[from] item: Rocky Helmet|[of] p1a: \u4e09\u6bb5\u6293\u53d6\u4f24\u5bb3\u5168\u90e8\u5403\u6ee1\n|faint|p2a: Swampert\n|move|p1a: \u4e09\u6bb5\u6293\u53d6\u4f24\u5bb3\u5168\u90e8\u5403\u6ee1|Recover|p1a: \u4e09\u6bb5\u6293\u53d6\u4f24\u5bb3\u5168\u90e8\u5403\u6ee1\n|-heal|p1a: \u4e09\u6bb5\u6293\u53d6\u4f24\u5bb3\u5168\u90e8\u5403\u6ee1|83\/100\n|\n|upkeep\n|\n|t:|1629119361\n|switch|p2a: Greninja|Greninja-Ash, M|59\/100 tox\n|-damage|p2a: Greninja|46\/100 tox|[from] Stealth Rock\n|turn|36\n|\n|t:|1629119369\n|move|p2a: Greninja|Surf|p1a: \u4e09\u6bb5\u6293\u53d6\u4f24\u5bb3\u5168\u90e8\u5403\u6ee1\n|-resisted|p1a: \u4e09\u6bb5\u6293\u53d6\u4f24\u5bb3\u5168\u90e8\u5403\u6ee1\n|-damage|p1a: \u4e09\u6bb5\u6293\u53d6\u4f24\u5bb3\u5168\u90e8\u5403\u6ee1|32\/100\n|move|p1a: \u4e09\u6bb5\u6293\u53d6\u4f24\u5bb3\u5168\u90e8\u5403\u6ee1|Recover|p1a: \u4e09\u6bb5\u6293\u53d6\u4f24\u5bb3\u5168\u90e8\u5403\u6ee1\n|-heal|p1a: \u4e09\u6bb5\u6293\u53d6\u4f24\u5bb3\u5168\u90e8\u5403\u6ee1|82\/100\n|\n|-damage|p2a: Greninja|40\/100 tox|[from] psn\n|upkeep\n|turn|37\n|\n|t:|1629119373\n|move|p2a: Greninja|Surf|p1a: \u4e09\u6bb5\u6293\u53d6\u4f24\u5bb3\u5168\u90e8\u5403\u6ee1\n|-resisted|p1a: \u4e09\u6bb5\u6293\u53d6\u4f24\u5bb3\u5168\u90e8\u5403\u6ee1\n|-damage|p1a: \u4e09\u6bb5\u6293\u53d6\u4f24\u5bb3\u5168\u90e8\u5403\u6ee1|33\/100\n|move|p1a: \u4e09\u6bb5\u6293\u53d6\u4f24\u5bb3\u5168\u90e8\u5403\u6ee1|Soak|p2a: Greninja\n|-start|p2a: Greninja|typechange|Water\n|\n|-damage|p2a: Greninja|29\/100 tox|[from] psn\n|upkeep\n|turn|38\n|\n|t:|1629119376\n|move|p2a: Greninja|Surf|p1a: \u4e09\u6bb5\u6293\u53d6\u4f24\u5bb3\u5168\u90e8\u5403\u6ee1\n|-resisted|p1a: \u4e09\u6bb5\u6293\u53d6\u4f24\u5bb3\u5168\u90e8\u5403\u6ee1\n|-crit|p1a: \u4e09\u6bb5\u6293\u53d6\u4f24\u5bb3\u5168\u90e8\u5403\u6ee1\n|-damage|p1a: \u4e09\u6bb5\u6293\u53d6\u4f24\u5bb3\u5168\u90e8\u5403\u6ee1|0 fnt\n|-damage|p2a: Greninja|0 fnt|[from] ability: Innards Out|[of] p1a: \u4e09\u6bb5\u6293\u53d6\u4f24\u5bb3\u5168\u90e8\u5403\u6ee1\n|faint|p1a: \u4e09\u6bb5\u6293\u53d6\u4f24\u5bb3\u5168\u90e8\u5403\u6ee1\n|faint|p2a: Greninja\n|\n|upkeep\n|\n|t:|1629119381\n|switch|p2a: Tornadus|Tornadus-Therian, M|44\/100 brn\n|switch|p1a: Heatran|Heatran, F|99\/100\n|-damage|p2a: Tornadus|19\/100 brn|[from] Stealth Rock\n|turn|39\n|-message|jaing233 forfeited.\n|\n|win|EEEEEvolto\u6df1\u6eba\n|l|\u2606jaing233\n|raw|EEEEEvolto\u6df1\u6eba's rating: 1454 &rarr; <strong>1475<\/strong><br \/>(+21 for winning)\n|raw|jaing233's rating: 1480 &rarr; <strong>1459<\/strong><br \/>(-21 for losing)\n","uploadtime":1629119386,"views":4,"p1id":"eeeeevolto","p2id":"jaing233","formatid":"gen7ou","rating":1459,"private":0,"password":null}