{"id":"gen7ou-607975446","p1":"doubleswitches","p2":"Bestixl","format":"gen7ou","log":"|j|doubleswitches\n|j|Bestixl\n|player|p1|doubleswitches|183\n|teamsize|p1|6\n|player|p2|Bestixl|96\n|teamsize|p2|6\n|gametype|singles\n|gen|7\n|tier|[Gen 7] OU\n|rated\n|seed|39524,25871,51555,22717\n|clearpoke\n|poke|p1|Landorus-Therian, M|item\n|poke|p1|Nihilego|item\n|poke|p1|Skarmory, M|item\n|poke|p1|Crawdaunt, M|item\n|poke|p1|Magearna|item\n|poke|p1|Tapu Koko|item\n|poke|p2|Charizard, F|item\n|poke|p2|Mew|item\n|poke|p2|Dugtrio, F|item\n|poke|p2|Toxapex, F|item\n|poke|p2|Tangrowth, M|item\n|poke|p2|Celesteela|item\n|rule|Sleep Clause Mod: Limit one foe put to sleep\n|rule|Species Clause: Limit one of each Pok\u00e9mon\n|rule|OHKO Clause: OHKO moves are banned\n|rule|Moody Clause: Moody is banned\n|rule|Evasion Moves Clause: Evasion moves are banned\n|rule|Endless Battle Clause: Forcing endless battles is banned\n|rule|HP Percentage Mod: HP is shown in percentages\n|teampreview\n|inactive|Battle timer is ON: inactive players will automatically lose when time's up. (requested by doubleswitches)\n|choice|team 3, team 2, team 1, team 4, team 5, team 6|team 1, team 2, team 3, team 4, team 5, team 6\n|\n|start\n|switch|p1a: Skarmory|Skarmory, M|271\/271\n|switch|p2a: Chorizo Lord|Charizard, F|297\/297\n|turn|1\n|choice|switch 2|move flamethrower mega\n|\n|switch|p1a: Nihilego|Nihilego|359\/359\n|detailschange|p2a: Chorizo Lord|Charizard-Mega-Y, F\n|-mega|p2a: Chorizo Lord|Charizard|Charizardite Y\n|-weather|SunnyDay|[from] ability: Drought|[of] p2a: Chorizo Lord\n|move|p2a: Chorizo Lord|Flamethrower|p1a: Nihilego\n|-resisted|p1a: Nihilego\n|-damage|p1a: Nihilego|251\/359\n|\n|-weather|SunnyDay|[upkeep]\n|upkeep\n|turn|2\n|choice|switch 2|switch 6\n|\n|switch|p1a: Skarmory|Skarmory, M|271\/271\n|switch|p2a: WALALA|Celesteela|398\/398\n|\n|-weather|SunnyDay|[upkeep]\n|upkeep\n|turn|3\n|choice|move stealthrock|move flamethrower\n|\n|move|p1a: Skarmory|Stealth Rock|p2a: WALALA\n|-sidestart|p2: Bestixl|move: Stealth Rock\n|move|p2a: WALALA|Flamethrower|p1a: Skarmory\n|-supereffective|p1a: Skarmory\n|-enditem|p1a: Skarmory|Focus Sash\n|-damage|p1a: Skarmory|1\/271\n|\n|-weather|SunnyDay|[upkeep]\n|upkeep\n|turn|4\n|choice|move spikes|move leechseed\n|\n|move|p1a: Skarmory|Spikes|p2a: WALALA\n|-sidestart|p2: Bestixl|Spikes\n|move|p2a: WALALA|Leech Seed|p1a: Skarmory\n|-start|p1a: Skarmory|move: Leech Seed\n|\n|-weather|SunnyDay|[upkeep]\n|-damage|p1a: Skarmory|0 fnt|[from] Leech Seed|[of] p2a: WALALA\n|upkeep\n|faint|p1a: Skarmory\n|choice|switch 6|\n|\n|switch|p1a: Tapu Koko|Tapu Koko|281\/281\n|-fieldstart|move: Electric Terrain|[from] ability: Electric Surge|[of] p1a: Tapu Koko\n|turn|5\n|choice|move thunderbolt|move protect\n|\n|move|p2a: WALALA|Protect|p2a: WALALA\n|-singleturn|p2a: WALALA|Protect\n|move|p1a: Tapu Koko|Thunderbolt|p2a: WALALA\n|-activate|p2a: WALALA|move: Protect\n|\n|-weather|none\n|upkeep\n|turn|6\n|choice|move thunderbolt|switch 5\n|\n|switch|p2a: HENTAI MASTER|Tangrowth, M|404\/404\n|-damage|p2a: HENTAI MASTER|354\/404|[from] Stealth Rock\n|-damage|p2a: HENTAI MASTER|304\/404|[from] Spikes\n|move|p1a: Tapu Koko|Thunderbolt|p2a: HENTAI MASTER\n|-resisted|p2a: HENTAI MASTER\n|-damage|p2a: HENTAI MASTER|223\/404\n|\n|upkeep\n|turn|7\n|choice|move uturn|move knockoff\n|\n|move|p1a: Tapu Koko|U-turn|p2a: HENTAI MASTER\n|-supereffective|p2a: HENTAI MASTER\n|-damage|p2a: HENTAI MASTER|125\/404\n|choice|switch 5|\n|\n|switch|p1a: Magearna|Magearna|301\/301\n|move|p2a: HENTAI MASTER|Knock Off|p1a: Magearna\n|-resisted|p1a: Magearna\n|-damage|p1a: Magearna|266\/301\n|-enditem|p1a: Magearna|Leftovers|[from] move: Knock Off|[of] p2a: HENTAI MASTER\n|\n|upkeep\n|turn|8\n|inactive|Bestixl has 120 seconds left.\n|inactive|Bestixl has 90 seconds left.\n|choice|switch 5|switch 4\n|\n|switch|p1a: Tapu Koko|Tapu Koko|281\/281\n|switch|p2a: TOXAflex|Toxapex, F|304\/304\n|-damage|p2a: TOXAflex|266\/304|[from] Spikes\n|-damage|p2a: TOXAflex|228\/304|[from] Stealth Rock\n|\n|-heal|p2a: TOXAflex|247\/304|[from] item: Black Sludge\n|upkeep\n|turn|9\n|choice|move uturn|switch 4\n|\n|switch|p2a: HENTAI MASTER|Tangrowth, M|259\/404\n|-damage|p2a: HENTAI MASTER|209\/404|[from] Spikes\n|-damage|p2a: HENTAI MASTER|159\/404|[from] Stealth Rock\n|move|p1a: Tapu Koko|U-turn|p2a: HENTAI MASTER\n|-supereffective|p2a: HENTAI MASTER\n|-damage|p2a: HENTAI MASTER|75\/404\n|choice|switch 4|\n|\n|switch|p1a: Crawdaunt|Crawdaunt, M|267\/267\n|\n|-fieldend|move: Electric Terrain\n|upkeep\n|turn|10\n|c|\u2606Bestixl|The monster\n|choice|move knockoff|move gigadrain\n|\n|move|p1a: Crawdaunt|Knock Off|p2a: HENTAI MASTER\n|-damage|p2a: HENTAI MASTER|0 fnt\n|-enditem|p2a: HENTAI MASTER|Assault Vest|[from] move: Knock Off|[of] p1a: Crawdaunt\n|faint|p2a: HENTAI MASTER\n|\n|upkeep\n|choice||switch 2\n|\n|switch|p2a: GODSKO|Mew|401\/401\n|-damage|p2a: GODSKO|351\/401|[from] Stealth Rock\n|-damage|p2a: GODSKO|301\/401|[from] Spikes\n|turn|11\n|choice|move knockoff|move defog\n|\n|move|p2a: GODSKO|Defog|p1a: Crawdaunt\n|-unboost|p1a: Crawdaunt|evasion|1\n|-sideend|p2: Bestixl|Spikes|[from] move: Defog|[of] p2a: GODSKO\n|-sideend|p2: Bestixl|Stealth Rock|[from] move: Defog|[of] p2a: GODSKO\n|move|p1a: Crawdaunt|Knock Off|p2a: GODSKO\n|-supereffective|p2a: GODSKO\n|-damage|p2a: GODSKO|0 fnt\n|-enditem|p2a: GODSKO|Leftovers|[from] move: Knock Off|[of] p1a: Crawdaunt\n|faint|p2a: GODSKO\n|\n|upkeep\n|choice||switch 6\n|\n|switch|p2a: Chorizo Lord|Charizard-Mega-Y, F|297\/297\n|-weather|SunnyDay|[from] ability: Drought|[of] p2a: Chorizo Lord\n|turn|12\n|choice|switch 2|move solarbeam\n|\n|switch|p1a: Nihilego|Nihilego|251\/359\n|move|p2a: Chorizo Lord|Solar Beam|p1a: Nihilego|[still]\n|-prepare|p2a: Chorizo Lord|Solar Beam|p1a: Nihilego\n|-anim|p2a: Chorizo Lord|Solar Beam|p1a: Nihilego\n|-damage|p1a: Nihilego|120\/359\n|\n|-weather|SunnyDay|[upkeep]\n|upkeep\n|turn|13\n|choice|move powergem|switch 3\n|\n|switch|p2a: Jaque Mate|Dugtrio, F|201\/201\n|move|p1a: Nihilego|Power Gem|p2a: Jaque Mate\n|-resisted|p2a: Jaque Mate\n|-crit|p2a: Jaque Mate\n|-damage|p2a: Jaque Mate|64\/201\n|\n|-weather|SunnyDay|[upkeep]\n|upkeep\n|turn|14\n|c|\u2606Bestixl|...\n|choice|move powergem|switch 5\n|\n|switch|p2a: WALALA|Celesteela|398\/398\n|move|p1a: Nihilego|Power Gem|p2a: WALALA\n|-crit|p2a: WALALA\n|-damage|p2a: WALALA|247\/398\n|\n|-weather|SunnyDay|[upkeep]\n|-heal|p2a: WALALA|271\/398|[from] item: Leftovers\n|upkeep\n|turn|15\n|choice|switch 2|move leechseed\n|\n|switch|p1a: Crawdaunt|Crawdaunt, M|267\/267\n|move|p2a: WALALA|Leech Seed|p1a: Crawdaunt\n|-start|p1a: Crawdaunt|move: Leech Seed\n|\n|-weather|SunnyDay|[upkeep]\n|-heal|p2a: WALALA|295\/398|[from] item: Leftovers\n|-damage|p1a: Crawdaunt|234\/267|[from] Leech Seed|[of] p2a: WALALA\n|-heal|p2a: WALALA|328\/398|[silent]\n|upkeep\n|turn|16\n|choice|switch 4|move protect\n|\n|switch|p1a: Tapu Koko|Tapu Koko|281\/281\n|-fieldstart|move: Electric Terrain|[from] ability: Electric Surge|[of] p1a: Tapu Koko\n|move|p2a: WALALA|Protect|p2a: WALALA\n|-fail|p2a: WALALA\n|\n|-weather|none\n|-heal|p2a: WALALA|352\/398|[from] item: Leftovers\n|upkeep\n|turn|17\n|choice|move uturn|move protect\n|\n|move|p2a: WALALA|Protect|p2a: WALALA\n|-singleturn|p2a: WALALA|Protect\n|move|p1a: Tapu Koko|U-turn|p2a: WALALA\n|-activate|p2a: WALALA|move: Protect\n|\n|-heal|p2a: WALALA|376\/398|[from] item: Leftovers\n|upkeep\n|turn|18\n|choice|move thunderbolt|move leechseed\n|\n|move|p1a: Tapu Koko|Thunderbolt|p2a: WALALA\n|-supereffective|p2a: WALALA\n|-damage|p2a: WALALA|52\/398\n|move|p2a: WALALA|Leech Seed|p1a: Tapu Koko\n|-start|p1a: Tapu Koko|move: Leech Seed\n|\n|-heal|p2a: WALALA|76\/398|[from] item: Leftovers\n|-damage|p1a: Tapu Koko|246\/281|[from] Leech Seed|[of] p2a: WALALA\n|-heal|p2a: WALALA|111\/398|[silent]\n|upkeep\n|turn|19\n|choice|switch 5|move protect\n|\n|switch|p1a: Magearna|Magearna|266\/301\n|move|p2a: WALALA|Protect|p2a: WALALA\n|-fail|p2a: WALALA\n|\n|-heal|p2a: WALALA|135\/398|[from] item: Leftovers\n|upkeep\n|turn|20\n|choice|move thunderbolt|move protect\n|\n|move|p2a: WALALA|Protect|p2a: WALALA\n|-singleturn|p2a: WALALA|Protect\n|move|p1a: Magearna|Thunderbolt|p2a: WALALA\n|-activate|p2a: WALALA|move: Protect\n|\n|-heal|p2a: WALALA|159\/398|[from] item: Leftovers\n|-fieldend|move: Electric Terrain\n|upkeep\n|turn|21\n|choice|move shiftgear|move leechseed\n|\n|move|p1a: Magearna|Shift Gear|p1a: Magearna\n|-boost|p1a: Magearna|spe|2\n|-boost|p1a: Magearna|atk|1\n|move|p2a: WALALA|Leech Seed|p1a: Magearna\n|-start|p1a: Magearna|move: Leech Seed\n|\n|-heal|p2a: WALALA|183\/398|[from] item: Leftovers\n|-damage|p1a: Magearna|229\/301|[from] Leech Seed|[of] p2a: WALALA\n|-heal|p2a: WALALA|220\/398|[silent]\n|upkeep\n|turn|22\n|choice|move calmmind|move heavyslam\n|\n|move|p1a: Magearna|Calm Mind|p1a: Magearna\n|-boost|p1a: Magearna|spa|1\n|-boost|p1a: Magearna|spd|1\n|move|p2a: WALALA|Heavy Slam|p1a: Magearna\n|-damage|p1a: Magearna|103\/301\n|\n|-heal|p2a: WALALA|244\/398|[from] item: Leftovers\n|-damage|p1a: Magearna|66\/301|[from] Leech Seed|[of] p2a: WALALA\n|-heal|p2a: WALALA|281\/398|[silent]\n|upkeep\n|turn|23\n|choice|move thunderbolt|move protect\n|\n|move|p2a: WALALA|Protect|p2a: WALALA\n|-singleturn|p2a: WALALA|Protect\n|move|p1a: Magearna|Thunderbolt|p2a: WALALA\n|-activate|p2a: WALALA|move: Protect\n|\n|-heal|p2a: WALALA|305\/398|[from] item: Leftovers\n|-damage|p1a: Magearna|29\/301|[from] Leech Seed|[of] p2a: WALALA\n|-heal|p2a: WALALA|342\/398|[silent]\n|upkeep\n|turn|24\n|choice|move icebeam|switch 5\n|\n|switch|p2a: Jaque Mate|Dugtrio, F|64\/201\n|move|p1a: Magearna|Ice Beam|p2a: Jaque Mate\n|-supereffective|p2a: Jaque Mate\n|-damage|p2a: Jaque Mate|0 fnt\n|faint|p2a: Jaque Mate\n|-ability|p1a: Magearna|Soul-Heart|boost\n|-boost|p1a: Magearna|spa|1\n|\n|upkeep\n|choice||switch 5\n|\n|switch|p2a: WALALA|Celesteela|342\/398\n|turn|25\n|choice|switch 5|move protect\n|\n|switch|p1a: Tapu Koko|Tapu Koko|246\/281\n|-fieldstart|move: Electric Terrain|[from] ability: Electric Surge|[of] p1a: Tapu Koko\n|move|p2a: WALALA|Protect|p2a: WALALA\n|-fail|p2a: WALALA\n|\n|-heal|p2a: WALALA|366\/398|[from] item: Leftovers\n|upkeep\n|turn|26\n|choice|move thunderbolt|move protect\n|\n|move|p2a: WALALA|Protect|p2a: WALALA\n|-singleturn|p2a: WALALA|Protect\n|move|p1a: Tapu Koko|Thunderbolt|p2a: WALALA\n|-activate|p2a: WALALA|move: Protect\n|\n|-heal|p2a: WALALA|390\/398|[from] item: Leftovers\n|upkeep\n|turn|27\n|choice|move thunderbolt|move heavyslam\n|\n|move|p1a: Tapu Koko|Thunderbolt|p2a: WALALA\n|-supereffective|p2a: WALALA\n|-damage|p2a: WALALA|72\/398\n|move|p2a: WALALA|Heavy Slam|p1a: Tapu Koko\n|-damage|p1a: Tapu Koko|68\/281\n|\n|-heal|p2a: WALALA|96\/398|[from] item: Leftovers\n|upkeep\n|turn|28\n|choice|move thunderbolt|move protect\n|\n|move|p2a: WALALA|Protect|p2a: WALALA\n|-singleturn|p2a: WALALA|Protect\n|move|p1a: Tapu Koko|Thunderbolt|p2a: WALALA\n|-activate|p2a: WALALA|move: Protect\n|\n|-heal|p2a: WALALA|120\/398|[from] item: Leftovers\n|upkeep\n|turn|29\n|inactive|Bestixl has 120 seconds left.\n|inactive|Bestixl has 90 seconds left.\n|inactive|Bestixl has 60 seconds left.\n|choice|move thunderbolt|move protect\n|\n|move|p2a: WALALA|Protect|p2a: WALALA\n|-fail|p2a: WALALA\n|move|p1a: Tapu Koko|Thunderbolt|p2a: WALALA\n|-supereffective|p2a: WALALA\n|-crit|p2a: WALALA\n|-damage|p2a: WALALA|0 fnt\n|faint|p2a: WALALA\n|\n|-fieldend|move: Electric Terrain\n|upkeep\n|choice||switch 3\n|\n|switch|p2a: Chorizo Lord|Charizard-Mega-Y, F|297\/297\n|-weather|SunnyDay|[from] ability: Drought|[of] p2a: Chorizo Lord\n|turn|30\n|choice|switch 5|move flamethrower\n|\n|switch|p1a: Magearna|Magearna|29\/301\n|move|p2a: Chorizo Lord|Flamethrower|p1a: Magearna\n|-supereffective|p1a: Magearna\n|-damage|p1a: Magearna|0 fnt\n|faint|p1a: Magearna\n|\n|-weather|SunnyDay|[upkeep]\n|upkeep\n|c|\u2606Bestixl|gg\n|choice|switch 5|\n|\n|switch|p1a: Tapu Koko|Tapu Koko|68\/281\n|-fieldstart|move: Electric Terrain|[from] ability: Electric Surge|[of] p1a: Tapu Koko\n|turn|31\n|choice|move thunderbolt|move flamethrower\n|\n|move|p1a: Tapu Koko|Thunderbolt|p2a: Chorizo Lord\n|-supereffective|p2a: Chorizo Lord\n|-damage|p2a: Chorizo Lord|0 fnt\n|faint|p2a: Chorizo Lord\n|\n|-weather|SunnyDay|[upkeep]\n|upkeep\n|choice||switch 4\n|\n|switch|p2a: TOXAflex|Toxapex, F|304\/304\n|turn|32\n|choice|move thunderbolt|move scald\n|\n|move|p1a: Tapu Koko|Thunderbolt|p2a: TOXAflex\n|-supereffective|p2a: TOXAflex\n|-damage|p2a: TOXAflex|0 fnt\n|faint|p2a: TOXAflex\n|\n|win|doubleswitches\n|raw|doubleswitches's rating: 1720 &rarr; <strong>1742<\/strong><br \/>(+22 for winning)\n|raw|Bestixl's rating: 1762 &rarr; <strong>1740<\/strong><br \/>(-22 for losing)\n|l|doubleswitches","inputlog":null,"uploadtime":1500864722,"views":87,"p1id":"doubleswitches","p2id":"bestixl","formatid":"gen7ou","rating":1740,"private":0,"password":null}