{"id":"gen7ou-951874521","p1":"BigL91","p2":"GUZZY 0267","format":"gen7ou","log":"|j|\u2606BigL91\n|j|\u2606GUZZY 0267\n|player|p1|BigL91|135|1403\n|player|p2|GUZZY 0267|168|1396\n|teamsize|p1|6\n|teamsize|p2|6\n|gametype|singles\n|gen|7\n|tier|[Gen 7] OU\n|rated|\n|rule|Sleep Clause Mod: Limit one foe put to sleep\n|rule|Species Clause: Limit one of each Pok\u00e9mon\n|rule|OHKO Clause: OHKO moves are banned\n|rule|Moody Clause: Moody is banned\n|rule|Evasion Moves Clause: Evasion moves are banned\n|rule|Endless Battle Clause: Forcing endless battles is banned\n|rule|HP Percentage Mod: HP is shown in percentages\n|clearpoke\n|poke|p1|Excadrill, F|item\n|poke|p1|Tapu Lele|item\n|poke|p1|Serperior, F|item\n|poke|p1|Victini|item\n|poke|p1|Alakazam, F|item\n|poke|p1|Hawlucha, M|item\n|poke|p2|Magearna|item\n|poke|p2|Uxie|item\n|poke|p2|Cresselia, F|item\n|poke|p2|Guzzlord|item\n|poke|p2|Marowak-Alola, M|item\n|poke|p2|Mawile, F|item\n|teampreview\n|inactive|Battle timer is ON: inactive players will automatically lose when time's up. (requested by GUZZY 0267)\n|\n|start\n|switch|p1a: Tapu Lele|Tapu Lele|100\/100\n|switch|p2a: Uxie|Uxie|100\/100\n|-fieldstart|move: Psychic Terrain|[from] ability: Psychic Surge|[of] p1a: Tapu Lele\n|turn|1\n|\n|move|p1a: Tapu Lele|Taunt|p2a: Uxie\n|-start|p2a: Uxie|move: Taunt\n|-enditem|p2a: Uxie|Mental Herb\n|-end|p2a: Uxie|move: Taunt\n|move|p2a: Uxie|Stealth Rock|p1a: Tapu Lele\n|-sidestart|p1: BigL91|move: Stealth Rock\n|\n|upkeep\n|turn|2\n|\n|move|p2a: Uxie|Magic Coat|p2a: Uxie\n|-singleturn|p2a: Uxie|move: Magic Coat\n|move|p1a: Tapu Lele|Taunt|p2a: Uxie\n|move|p2a: Uxie|Taunt|p1a: Tapu Lele|[from]Magic Coat\n|-start|p1a: Tapu Lele|move: Taunt\n|\n|upkeep\n|turn|3\n|\n|switch|p1a: Excadrill|Excadrill, F|100\/100\n|-damage|p1a: Excadrill|97\/100|[from] Stealth Rock\n|-ability|p1a: Excadrill|Mold Breaker\n|move|p2a: Uxie|Trick Room|p2a: Uxie\n|-fieldstart|move: Trick Room|[of] p2a: Uxie\n|\n|upkeep\n|turn|4\n|\n|move|p2a: Uxie|Memento|p1a: Excadrill\n|-unboost|p1a: Excadrill|atk|2\n|-unboost|p1a: Excadrill|spa|2\n|faint|p2a: Uxie\n|move|p1a: Excadrill|Rapid Spin|p2: Uxie|[notarget]\n|-fail|p1a: Excadrill\n|\n|upkeep\n|\n|switch|p2a: Marowak|Marowak-Alola, M|100\/100\n|turn|5\n|\n|move|p2a: Marowak|Flare Blitz|p1a: Excadrill\n|-supereffective|p1a: Excadrill\n|-damage|p1a: Excadrill|0 fnt\n|faint|p1a: Excadrill\n|\n|upkeep\n|\n|switch|p1a: Hawlucha|Hawlucha, M|100\/100\n|-damage|p1a: Hawlucha|88\/100|[from] Stealth Rock\n|-enditem|p1a: Hawlucha|Psychic Seed\n|-boost|p1a: Hawlucha|spd|1\n|turn|6\n|\n|move|p2a: Marowak|Flare Blitz|p1a: Hawlucha\n|-damage|p1a: Hawlucha|0 fnt\n|faint|p1a: Hawlucha\n|\n|upkeep\n|\n|switch|p1a: Tapu Lele|Tapu Lele|100\/100\n|-damage|p1a: Tapu Lele|88\/100|[from] Stealth Rock\n|turn|7\n|\n|move|p2a: Marowak|Shadow Bone|p1a: Tapu Lele\n|-supereffective|p1a: Tapu Lele\n|-damage|p1a: Tapu Lele|0 fnt\n|faint|p1a: Tapu Lele\n|\n|-fieldend|move: Trick Room\n|upkeep\n|\n|switch|p1a: Alakazam|Alakazam, F|100\/100\n|turn|8\n|\n|switch|p2a: Cresselia|Cresselia, F|100\/100\n|detailschange|p1a: Alakazam|Alakazam-Mega, F\n|-mega|p1a: Alakazam|Alakazam|Alakazite\n|-ability|p1a: Alakazam|Levitate|[from] ability: Trace|[of] p2a: Cresselia\n|move|p1a: Alakazam|Shadow Ball|p2a: Cresselia\n|-supereffective|p2a: Cresselia\n|-damage|p2a: Cresselia|56\/100\n|-unboost|p2a: Cresselia|spd|1\n|\n|-fieldend|move: Psychic Terrain\n|upkeep\n|turn|9\n|\n|switch|p2a: Magearna|Magearna|100\/100\n|move|p1a: Alakazam|Shadow Ball|p2a: Magearna\n|-damage|p2a: Magearna|70\/100\n|-unboost|p2a: Magearna|spd|1\n|\n|upkeep\n|turn|10\n|\n|switch|p2a: GUZZY|Guzzlord|100\/100\n|move|p1a: Alakazam|Taunt|p2a: GUZZY\n|-start|p2a: GUZZY|move: Taunt\n|\n|upkeep\n|turn|11\n|\n|switch|p1a: Serperior|Serperior, F|100\/100\n|-damage|p1a: Serperior|88\/100|[from] Stealth Rock\n|move|p2a: GUZZY|Outrage|p1a: Serperior\n|-damage|p1a: Serperior|0 fnt\n|-damage|p2a: GUZZY|91\/100|[from] item: Life Orb\n|faint|p1a: Serperior\n|-ability|p2a: GUZZY|Beast Boost|boost\n|-boost|p2a: GUZZY|atk|1\n|\n|upkeep\n|\n|switch|p1a: Victini|Victini|100\/100\n|-damage|p1a: Victini|76\/100|[from] Stealth Rock\n|turn|12\n|\n|-zpower|p1a: Victini\n|move|p1a: Victini|Z-Celebrate|p1a: Victini|[anim]Celebrate\n|-boost|p1a: Victini|atk|1|[zeffect]\n|-boost|p1a: Victini|def|1|[zeffect]\n|-boost|p1a: Victini|spa|1|[zeffect]\n|-boost|p1a: Victini|spd|1|[zeffect]\n|-boost|p1a: Victini|spe|1|[zeffect]\n|-activate|p1a: Victini|move: Celebrate\n|move|p2a: GUZZY|Outrage|p1a: Victini|[from]lockedmove\n|-damage|p1a: Victini|0 fnt\n|-damage|p2a: GUZZY|81\/100|[from] item: Life Orb\n|-start|p2a: GUZZY|confusion|[fatigue]\n|faint|p1a: Victini\n|-ability|p2a: GUZZY|Beast Boost|boost\n|-boost|p2a: GUZZY|atk|1\n|\n|-end|p2a: GUZZY|move: Taunt\n|upkeep\n|\n|switch|p1a: Alakazam|Alakazam-Mega, F|100\/100\n|-damage|p1a: Alakazam|88\/100|[from] Stealth Rock\n|-ability|p1a: Alakazam|Beast Boost|[from] ability: Trace|[of] p2a: GUZZY\n|turn|13\n|\n|move|p1a: Alakazam|Focus Blast|p2a: GUZZY|[miss]\n|-miss|p1a: Alakazam|p2a: GUZZY\n|-activate|p2a: GUZZY|confusion\n|-damage|p2a: GUZZY|54\/100|[from] confusion\n|\n|upkeep\n|turn|14\n|\n|move|p1a: Alakazam|Focus Blast|p2a: GUZZY\n|-supereffective|p2a: GUZZY\n|-damage|p2a: GUZZY|0 fnt\n|faint|p2a: GUZZY\n|-ability|p1a: Alakazam|Beast Boost|boost\n|-boost|p1a: Alakazam|spa|1\n|\n|upkeep\n|\n|switch|p2a: Magearna|Magearna|70\/100\n|turn|15\n|\n|move|p1a: Alakazam|Taunt|p2a: Magearna\n|-start|p2a: Magearna|move: Taunt\n|cant|p2a: Magearna|move: Taunt|Trick Room\n|\n|upkeep\n|turn|16\n|\n|move|p1a: Alakazam|Focus Blast|p2a: Magearna|[miss]\n|-miss|p1a: Alakazam|p2a: Magearna\n|-zpower|p2a: Magearna\n|move|p2a: Magearna|Twinkle Tackle|p1a: Alakazam|[zeffect]\n|-damage|p1a: Alakazam|0 fnt\n|faint|p1a: Alakazam\n|\n|win|GUZZY 0267\n","uploadtime":1564327789,"views":5,"p1id":"bigl91","p2id":"guzzy0267","formatid":"gen7ou","rating":0,"private":0,"password":null}