{"id":"gen7ou-620704645","p1":"Kaylss","p2":"sebas99sevilla","format":"gen7ou","log":"|j|Kaylss\n|j|sebas99sevilla\n|player|p1|Kaylss|138\n|teamsize|p1|6\n|player|p2|sebas99sevilla|99\n|teamsize|p2|6\n|gametype|singles\n|gen|7\n|tier|[Gen 7] OU\n|rated\n|seed|45341,20291,19349,62581\n|rule|Sleep Clause Mod: Limit one foe put to sleep\n|rule|Species Clause: Limit one of each Pok\u00e9mon\n|rule|OHKO Clause: OHKO moves are banned\n|rule|Moody Clause: Moody is banned\n|rule|Evasion Moves Clause: Evasion moves are banned\n|rule|Endless Battle Clause: Forcing endless battles is banned\n|rule|HP Percentage Mod: HP is shown in percentages\n|clearpoke\n|poke|p1|Chansey, F|item\n|poke|p1|Sableye, F|item\n|poke|p1|Quagsire, M|item\n|poke|p1|Skarmory, M|item\n|poke|p1|Toxapex, M|item\n|poke|p1|Tangrowth, F|item\n|poke|p2|Zygarde|item\n|poke|p2|Mawile, M|item\n|poke|p2|Greninja, M|item\n|poke|p2|Zapdos|item\n|poke|p2|Mew|item\n|poke|p2|Magearna|item\n|teampreview\n|c|\u2606Kaylss|\/log Kaylss made this room hidden.\n|c|\u2606sebas99sevilla|oh come on\n|c|\u2606sebas99sevilla|gg\n|choice|team 2, team 1, team 3, team 4, team 5, team 6|team 6, team 2, team 3, team 4, team 5, team 1\n|\n|start\n|switch|p1a: Alessia Cara|Sableye, F|303\/303\n|switch|p2a: Magearna|Magearna|364\/364\n|turn|1\n|choice|move protect mega|move flashcannon\n|\n|detailschange|p1a: Alessia Cara|Sableye-Mega, F\n|-mega|p1a: Alessia Cara|Sableye|Sablenite\n|move|p1a: Alessia Cara|Protect|p1a: Alessia Cara\n|-singleturn|p1a: Alessia Cara|Protect\n|move|p2a: Magearna|Flash Cannon|p1a: Alessia Cara\n|-activate|p1a: Alessia Cara|move: Protect\n|\n|upkeep\n|turn|2\n|inactive|Battle timer is ON: inactive players will automatically lose when time's up. (requested by sebas99sevilla)\n|inactive|Kaylss has 120 seconds left.\n|choice|switch 6|move voltswitch\n|\n|switch|p1a: Chance the Rapper|Tangrowth, F|404\/404\n|move|p2a: Magearna|Volt Switch|p1a: Chance the Rapper\n|-resisted|p1a: Chance the Rapper\n|-damage|p1a: Chance the Rapper|370\/404\n|choice||switch 2\n|\n|switch|p2a: Mawile|Mawile, M|268\/268\n|\n|upkeep\n|turn|3\n|choice|move earthquake|move playrough mega\n|\n|detailschange|p2a: Mawile|Mawile-Mega, M\n|-mega|p2a: Mawile|Mawile|Mawilite\n|move|p2a: Mawile|Play Rough|p1a: Chance the Rapper\n|-damage|p1a: Chance the Rapper|105\/404\n|move|p1a: Chance the Rapper|Earthquake|p2a: Mawile\n|-supereffective|p2a: Mawile\n|-damage|p2a: Mawile|140\/268\n|\n|upkeep\n|turn|4\n|choice|switch 5|move thunderpunch\n|\n|switch|p1a: Ariana Grande|Toxapex, M|304\/304\n|move|p2a: Mawile|Thunder Punch|p1a: Ariana Grande\n|-supereffective|p1a: Ariana Grande\n|-damage|p1a: Ariana Grande|120\/304\n|\n|-heal|p1a: Ariana Grande|139\/304|[from] item: Black Sludge\n|upkeep\n|turn|5\n|choice|move recover|move playrough\n|\n|move|p2a: Mawile|Play Rough|p1a: Ariana Grande\n|-resisted|p1a: Ariana Grande\n|-damage|p1a: Ariana Grande|51\/304\n|move|p1a: Ariana Grande|Recover|p1a: Ariana Grande\n|-heal|p1a: Ariana Grande|203\/304\n|\n|-heal|p1a: Ariana Grande|222\/304|[from] item: Black Sludge\n|upkeep\n|turn|6\n|choice|move scald|move playrough\n|\n|move|p2a: Mawile|Play Rough|p1a: Ariana Grande\n|-resisted|p1a: Ariana Grande\n|-damage|p1a: Ariana Grande|137\/304\n|move|p1a: Ariana Grande|Scald|p2a: Mawile\n|-damage|p2a: Mawile|85\/268\n|\n|-heal|p1a: Ariana Grande|156\/304|[from] item: Black Sludge\n|upkeep\n|turn|7\n|inactive|Kaylss has 120 seconds left.\n|inactive|Kaylss has 90 seconds left.\n|choice|move scald|move playrough\n|\n|move|p2a: Mawile|Play Rough|p1a: Ariana Grande\n|-resisted|p1a: Ariana Grande\n|-damage|p1a: Ariana Grande|71\/304\n|move|p1a: Ariana Grande|Scald|p2a: Mawile\n|-crit|p2a: Mawile\n|-damage|p2a: Mawile|0 fnt\n|faint|p2a: Mawile\n|\n|-heal|p1a: Ariana Grande|90\/304|[from] item: Black Sludge\n|upkeep\n|choice||switch 6\n|\n|switch|p2a: Zygarde|Zygarde|357\/357\n|-ability|p2a: Zygarde|Aura Break\n|turn|8\n|choice|switch 3|move dragondance\n|\n|switch|p1a: Madilyn Bailey|Quagsire, M|394\/394\n|move|p2a: Zygarde|Dragon Dance|p2a: Zygarde\n|-boost|p2a: Zygarde|atk|1\n|-boost|p2a: Zygarde|spe|1\n|\n|upkeep\n|turn|9\n|choice|move scald|move thousandarrows\n|\n|move|p2a: Zygarde|Thousand Arrows|p1a: Madilyn Bailey\n|-damage|p1a: Madilyn Bailey|274\/394\n|move|p1a: Madilyn Bailey|Scald|p2a: Zygarde\n|-damage|p2a: Zygarde|287\/357\n|\n|-heal|p1a: Madilyn Bailey|298\/394|[from] item: Leftovers\n|upkeep\n|turn|10\n|choice|move recover|move outrage zmove\n|\n|-zpower|p2a: Zygarde\n|move|p2a: Zygarde|Devastating Drake|p1a: Madilyn Bailey|[zeffect]\n|-damage|p1a: Madilyn Bailey|63\/394\n|move|p1a: Madilyn Bailey|Recover|p1a: Madilyn Bailey\n|-heal|p1a: Madilyn Bailey|260\/394\n|\n|-heal|p1a: Madilyn Bailey|284\/394|[from] item: Leftovers\n|upkeep\n|turn|11\n|c|\u2606sebas99sevilla|oh danm it\n|c|\u2606sebas99sevilla|your skill is amazing\n|c|\u2606sebas99sevilla|take your dirty points\n|-message|sebas99sevilla forfeited.\n|\n|win|Kaylss\n|l|sebas99sevilla\n|raw|Kaylss's rating: 1675 &rarr; <strong>1695<\/strong><br \/>(+20 for winning)\n|raw|sebas99sevilla's rating: 1672 &rarr; <strong>1652<\/strong><br \/>(-20 for losing)\n|c|\u2606Kaylss|\/log Kaylss made this room public.","inputlog":null,"uploadtime":1503350288,"views":50,"p1id":"kaylss","p2id":"sebas99sevilla","formatid":"gen7ou","rating":1652,"private":0,"password":null}