{"id":"gen7ou-955188745","p1":"JoJo321","p2":"LT63RB Luthier","format":"gen7ou","log":"|j|\u2606JoJo321\n|j|\u2606LT63RB Luthier\n|player|p1|JoJo321|169|1902\n|player|p2|LT63RB Luthier|116|1942\n|teamsize|p1|6\n|teamsize|p2|6\n|gametype|singles\n|gen|7\n|tier|[Gen 7] OU\n|rated|\n|rule|Sleep Clause Mod: Limit one foe put to sleep\n|rule|Species Clause: Limit one of each Pok\u00e9mon\n|rule|OHKO Clause: OHKO moves are banned\n|rule|Moody Clause: Moody is banned\n|rule|Evasion Moves Clause: Evasion moves are banned\n|rule|Endless Battle Clause: Forcing endless battles is banned\n|rule|HP Percentage Mod: HP is shown in percentages\n|clearpoke\n|poke|p1|Accelgor, M|item\n|poke|p1|Blacephalon|item\n|poke|p1|Tapu Bulu|item\n|poke|p1|Kartana|item\n|poke|p1|Greninja, M|item\n|poke|p1|Victini|item\n|poke|p2|Landorus-Therian, M|item\n|poke|p2|Greninja, M|item\n|poke|p2|Mawile, M|item\n|poke|p2|Heatran, M|item\n|poke|p2|Tapu Bulu|item\n|poke|p2|Rotom-Wash|item\n|teampreview\n|j| LT63RB Ash\n|c|\u2606LT63RB Luthier|hf\n|j| Drewpeaman\n|c|\u2606LT63RB Luthier|cool team\n|l| Drewpeaman\n|j| Little hugo\n|j| dakingrulesz\n|\n|start\n|switch|p1a: Accelgor|Accelgor, M|100\/100\n|switch|p2a: Landorus|Landorus-Therian, M|100\/100\n|-ability|p2a: Landorus|Intimidate|boost\n|-unboost|p1a: Accelgor|atk|1\n|turn|1\n|\n|move|p2a: Landorus|Stone Edge|p1a: Accelgor\n|-supereffective|p1a: Accelgor\n|-enditem|p1a: Accelgor|Focus Sash\n|-damage|p1a: Accelgor|1\/100\n|move|p1a: Accelgor|Spikes|p2a: Landorus\n|-sidestart|p2: LT63RB Luthier|Spikes\n|\n|upkeep\n|turn|2\n|j| LT63RB K3NIX\n|\n|switch|p1a: Kartana|Kartana|100\/100\n|move|p2a: Landorus|Stone Edge|p1a: Kartana\n|-resisted|p1a: Kartana\n|-crit|p1a: Kartana\n|-damage|p1a: Kartana|73\/100\n|\n|upkeep\n|turn|3\n|\n|switch|p1a: Greninja|Greninja, M|100\/100\n|move|p2a: Landorus|Stone Edge|p1a: Greninja\n|-damage|p1a: Greninja|36\/100\n|\n|upkeep\n|turn|4\n|l| LT63RB K3NIX\n|\n|switch|p2a: Rotom|Rotom-Wash|100\/100\n|move|p1a: Greninja|Water Shuriken|p2a: Rotom\n|-resisted|p2a: Rotom\n|-damage|p2a: Rotom|97\/100\n|-resisted|p2a: Rotom\n|-damage|p2a: Rotom|93\/100\n|-resisted|p2a: Rotom\n|-damage|p2a: Rotom|89\/100\n|-resisted|p2a: Rotom\n|-damage|p2a: Rotom|85\/100\n|-resisted|p2a: Rotom\n|-damage|p2a: Rotom|81\/100\n|-hitcount|p2a: Rotom|5\n|\n|-heal|p2a: Rotom|87\/100|[from] item: Leftovers\n|upkeep\n|turn|5\n|\n|switch|p1a: Accelgor|Accelgor, M|1\/100\n|move|p2a: Rotom|Volt Switch|p1a: Accelgor\n|-damage|p1a: Accelgor|0 fnt\n|faint|p1a: Accelgor\n|\n|switch|p2a: Greninja|Greninja, M|100\/100|[from]move: Volt Switch\n|-damage|p2a: Greninja|88\/100|[from] Spikes\n|\n|upkeep\n|j| KAGAAA\n|\n|switch|p1a: Tapu Bulu|Tapu Bulu|100\/100\n|-fieldstart|move: Grassy Terrain|[from] ability: Grassy Surge|[of] p1a: Tapu Bulu\n|turn|6\n|\n|move|p2a: Greninja|Gunk Shot|p1a: Tapu Bulu\n|-start|p2a: Greninja|typechange|Poison|[from] ability: Protean\n|-supereffective|p1a: Tapu Bulu\n|-damage|p1a: Tapu Bulu|0 fnt\n|faint|p1a: Tapu Bulu\n|\n|-heal|p2a: Greninja|94\/100|[from] Grassy Terrain\n|upkeep\n|\n|switch|p1a: Kartana|Kartana|73\/100\n|turn|7\n|\n|move|p1a: Kartana|Leaf Blade|p2a: Greninja\n|-resisted|p2a: Greninja\n|-damage|p2a: Greninja|12\/100\n|move|p2a: Greninja|Ice Beam|p1a: Kartana\n|-start|p2a: Greninja|typechange|Ice|[from] ability: Protean\n|-damage|p1a: Kartana|0 fnt\n|faint|p1a: Kartana\n|\n|-heal|p2a: Greninja|18\/100|[from] Grassy Terrain\n|upkeep\n|\n|switch|p1a: Blacephalon|Blacephalon|100\/100\n|turn|8\n|j| LT63RB aquy\n|\n|switch|p2a: Heatran|Heatran, M|100\/100\n|-damage|p2a: Heatran|88\/100|[from] Spikes\n|move|p1a: Blacephalon|Shadow Ball|p2a: Heatran\n|-damage|p2a: Heatran|53\/100\n|\n|-heal|p2a: Heatran|59\/100|[from] item: Leftovers\n|-heal|p2a: Heatran|65\/100|[from] Grassy Terrain\n|upkeep\n|turn|9\n|j| Lunarr\n|\n|-zpower|p1a: Blacephalon\n|move|p1a: Blacephalon|Never-Ending Nightmare|p2a: Heatran|[zeffect]\n|-damage|p2a: Heatran|1\/100\n|move|p2a: Heatran|Earth Power|p1a: Blacephalon\n|-supereffective|p1a: Blacephalon\n|-damage|p1a: Blacephalon|7\/100\n|\n|-heal|p1a: Blacephalon|13\/100|[from] Grassy Terrain\n|-heal|p2a: Heatran|8\/100|[from] item: Leftovers\n|-heal|p2a: Heatran|14\/100|[from] Grassy Terrain\n|upkeep\n|turn|10\n|\n|move|p1a: Blacephalon|Shadow Ball|p2a: Heatran\n|-damage|p2a: Heatran|0 fnt\n|faint|p2a: Heatran\n|-ability|p1a: Blacephalon|Beast Boost|boost\n|-boost|p1a: Blacephalon|spa|1\n|\n|-heal|p1a: Blacephalon|20\/100|[from] Grassy Terrain\n|-fieldend|move: Grassy Terrain\n|upkeep\n|\n|switch|p2a: Landorus|Landorus-Therian, M|100\/100\n|-ability|p2a: Landorus|Intimidate|boost\n|-unboost|p1a: Blacephalon|atk|1\n|turn|11\n|\n|move|p2a: Landorus|Earthquake|p1a: Blacephalon\n|-supereffective|p1a: Blacephalon\n|-damage|p1a: Blacephalon|0 fnt\n|faint|p1a: Blacephalon\n|\n|upkeep\n|\n|switch|p1a: Greninja|Greninja, M|36\/100\n|turn|12\n|-message|JoJo321 forfeited.\n|\n|win|LT63RB Luthier\n|l|\u2606JoJo321\n|raw|JoJo321's rating: 1902 &rarr; <strong>1884<\/strong><br \/>(-18 for losing)\n|raw|LT63RB Luthier's rating: 1942 &rarr; <strong>1960<\/strong><br \/>(+18 for winning)\n|l|\u2606LT63RB Luthier\n|l| LT63RB Ash\n|l| dakingrulesz\n|j| TerrakionSmash\n|l| KAGAAA\n|l| TerrakionSmash\n|j| LT63RB JOKERDOG\n|j|+A\n|l|+A\n|l| Lunarr\n|l| LT63RB JOKERDOG\n|j| LT63RB JOKERDOG\n","uploadtime":1564905376,"views":57,"p1id":"jojo321","p2id":"lt63rbluthier","formatid":"gen7ou","rating":1884,"private":0,"password":null}