{"id":"gen7ou-950309935","p1":"Garchomplte","p2":"JoJo321","format":"gen7ou","log":"|j|\u2606Garchomplte\n|j|\u2606JoJo321\n|player|p1|Garchomplte|brock|1747\n|player|p2|JoJo321|170|1819\n|teamsize|p1|6\n|teamsize|p2|6\n|gametype|singles\n|gen|7\n|tier|[Gen 7] OU\n|rated|\n|rule|Sleep Clause Mod: Limit one foe put to sleep\n|rule|Species Clause: Limit one of each Pok\u00e9mon\n|rule|OHKO Clause: OHKO moves are banned\n|rule|Moody Clause: Moody is banned\n|rule|Evasion Moves Clause: Evasion moves are banned\n|rule|Endless Battle Clause: Forcing endless battles is banned\n|rule|HP Percentage Mod: HP is shown in percentages\n|clearpoke\n|poke|p1|Garchomp, M|item\n|poke|p1|Hippowdon, F|item\n|poke|p1|Excadrill, M|item\n|poke|p1|Celesteela|item\n|poke|p1|Tangrowth, F|item\n|poke|p1|Slowbro, F|item\n|poke|p2|Mew|item\n|poke|p2|Tapu Fini|item\n|poke|p2|Tapu Koko|item\n|poke|p2|Landorus-Therian, M|item\n|poke|p2|Ferrothorn, F|item\n|poke|p2|Medicham, M|item\n|teampreview\n|\n|start\n|switch|p1a: Hippowdon|Hippowdon, F|100\/100\n|switch|p2a: Tapu Fini|Tapu Fini|100\/100\n|-fieldstart|move: Misty Terrain|[from] ability: Misty Surge|[of] p2a: Tapu Fini\n|-weather|Sandstorm|[from] ability: Sand Stream|[of] p1a: Hippowdon\n|turn|1\n|inactive|Battle timer is ON: inactive players will automatically lose when time's up. (requested by JoJo321)\n|\n|switch|p1a: Tangrowth|Tangrowth, F|100\/100\n|move|p2a: Tapu Fini|Taunt|p1a: Tangrowth\n|-start|p1a: Tangrowth|move: Taunt\n|\n|-weather|Sandstorm|[upkeep]\n|-damage|p2a: Tapu Fini|94\/100|[from] Sandstorm\n|-damage|p1a: Tangrowth|94\/100|[from] Sandstorm\n|-heal|p2a: Tapu Fini|100\/100|[from] item: Leftovers\n|upkeep\n|turn|2\n|\n|switch|p2a: Landorus|Landorus-Therian, M|100\/100\n|-ability|p2a: Landorus|Intimidate|boost\n|-unboost|p1a: Tangrowth|atk|1\n|move|p1a: Tangrowth|Knock Off|p2a: Landorus\n|-damage|p2a: Landorus|89\/100\n|-damage|p1a: Tangrowth|78\/100|[from] item: Rocky Helmet|[of] p2a: Landorus\n|-enditem|p2a: Landorus|Rocky Helmet|[from] move: Knock Off|[of] p1a: Tangrowth\n|\n|-weather|Sandstorm|[upkeep]\n|-damage|p1a: Tangrowth|72\/100|[from] Sandstorm\n|upkeep\n|turn|3\n|\n|switch|p1a: Slowbro|Slowbro, F|100\/100\n|move|p2a: Landorus|U-turn|p1a: Slowbro\n|-supereffective|p1a: Slowbro\n|-damage|p1a: Slowbro|74\/100\n|\n|switch|p2a: Tapu Koko|Tapu Koko|100\/100|[from]move: U-turn\n|-fieldstart|move: Electric Terrain|[from] ability: Electric Surge|[of] p2a: Tapu Koko\n|\n|-weather|Sandstorm|[upkeep]\n|-damage|p2a: Tapu Koko|94\/100|[from] Sandstorm\n|-damage|p1a: Slowbro|68\/100|[from] Sandstorm\n|-heal|p1a: Slowbro|74\/100|[from] item: Leftovers\n|upkeep\n|turn|4\n|\n|switch|p1a: Excadrill|Excadrill, M|100\/100\n|move|p2a: Tapu Koko|U-turn|p1a: Excadrill\n|-resisted|p1a: Excadrill\n|-damage|p1a: Excadrill|90\/100\n|\n|switch|p2a: Landorus|Landorus-Therian, M|89\/100|[from]move: U-turn\n|-ability|p2a: Landorus|Intimidate|boost\n|-unboost|p1a: Excadrill|atk|1\n|\n|-weather|Sandstorm|[upkeep]\n|upkeep\n|turn|5\n|\n|switch|p1a: Hippowdon|Hippowdon, F|100\/100\n|move|p2a: Landorus|U-turn|p1a: Hippowdon\n|-damage|p1a: Hippowdon|88\/100\n|\n|switch|p2a: Medicham|Medicham, M|100\/100|[from]move: U-turn\n|\n|-weather|Sandstorm|[upkeep]\n|-damage|p2a: Medicham|94\/100|[from] Sandstorm\n|upkeep\n|turn|6\n|\n|switch|p1a: Slowbro|Slowbro, F|100\/100\n|detailschange|p2a: Medicham|Medicham-Mega, M\n|-mega|p2a: Medicham|Medicham|Medichamite\n|move|p2a: Medicham|High Jump Kick|p1a: Slowbro\n|-resisted|p1a: Slowbro\n|-damage|p1a: Slowbro|65\/100\n|\n|-weather|Sandstorm|[upkeep]\n|-damage|p2a: Medicham|88\/100|[from] Sandstorm\n|-damage|p1a: Slowbro|59\/100|[from] Sandstorm\n|-heal|p1a: Slowbro|65\/100|[from] item: Leftovers\n|upkeep\n|turn|7\n|j| Le Austin\n|\n|move|p2a: Medicham|Thunder Punch|p1a: Slowbro\n|-supereffective|p1a: Slowbro\n|-damage|p1a: Slowbro|0 fnt\n|faint|p1a: Slowbro\n|\n|-weather|Sandstorm|[upkeep]\n|-damage|p2a: Medicham|82\/100|[from] Sandstorm\n|-fieldend|move: Electric Terrain\n|upkeep\n|\n|switch|p1a: Excadrill|Excadrill, M|90\/100\n|turn|8\n|\n|switch|p2a: Ferrothorn|Ferrothorn, F|100\/100\n|move|p1a: Excadrill|Iron Head|p2a: Ferrothorn\n|-resisted|p2a: Ferrothorn\n|-damage|p2a: Ferrothorn|86\/100\n|-damage|p1a: Excadrill|78\/100|[from] ability: Iron Barbs|[of] p2a: Ferrothorn\n|\n|-weather|none\n|-heal|p2a: Ferrothorn|92\/100|[from] item: Leftovers\n|upkeep\n|turn|9\n|\n|switch|p1a: PoeyJokeaim|Garchomp, M|100\/100\n|move|p2a: Ferrothorn|Spikes|p1a: PoeyJokeaim\n|-sidestart|p1: Garchomplte|Spikes\n|\n|-heal|p2a: Ferrothorn|98\/100|[from] item: Leftovers\n|upkeep\n|turn|10\n|\n|move|p1a: PoeyJokeaim|Swords Dance|p1a: PoeyJokeaim\n|-boost|p1a: PoeyJokeaim|atk|2\n|move|p2a: Ferrothorn|Leech Seed|p1a: PoeyJokeaim\n|-start|p1a: PoeyJokeaim|move: Leech Seed\n|\n|-heal|p2a: Ferrothorn|100\/100|[from] item: Leftovers\n|-damage|p1a: PoeyJokeaim|88\/100|[from] Leech Seed|[of] p2a: Ferrothorn\n|upkeep\n|turn|11\n|\n|move|p1a: PoeyJokeaim|Fire Fang|p2a: Ferrothorn\n|-supereffective|p2a: Ferrothorn\n|-damage|p2a: Ferrothorn|0 fnt\n|-damage|p1a: PoeyJokeaim|76\/100|[from] ability: Iron Barbs|[of] p2a: Ferrothorn\n|faint|p2a: Ferrothorn\n|\n|upkeep\n|\n|switch|p2a: Landorus|Landorus-Therian, M|89\/100\n|-ability|p2a: Landorus|Intimidate|boost\n|-unboost|p1a: PoeyJokeaim|atk|1\n|turn|12\n|\n|switch|p1a: Hippowdon|Hippowdon, F|88\/100\n|-damage|p1a: Hippowdon|75\/100|[from] Spikes\n|-weather|Sandstorm|[from] ability: Sand Stream|[of] p1a: Hippowdon\n|switch|p2a: Tapu Fini|Tapu Fini|100\/100\n|-fieldstart|move: Misty Terrain|[from] ability: Misty Surge|[of] p2a: Tapu Fini\n|\n|-weather|Sandstorm|[upkeep]\n|-damage|p2a: Tapu Fini|94\/100|[from] Sandstorm\n|-heal|p2a: Tapu Fini|100\/100|[from] item: Leftovers\n|upkeep\n|turn|13\n|\n|switch|p1a: Tangrowth|Tangrowth, F|100\/100\n|-damage|p1a: Tangrowth|88\/100|[from] Spikes\n|move|p2a: Tapu Fini|Nature's Madness|p1a: Tangrowth\n|-damage|p1a: Tangrowth|44\/100\n|\n|-weather|Sandstorm|[upkeep]\n|-damage|p2a: Tapu Fini|94\/100|[from] Sandstorm\n|-damage|p1a: Tangrowth|38\/100|[from] Sandstorm\n|-heal|p2a: Tapu Fini|100\/100|[from] item: Leftovers\n|upkeep\n|turn|14\n|\n|switch|p2a: Landorus|Landorus-Therian, M|89\/100\n|-ability|p2a: Landorus|Intimidate|boost\n|-unboost|p1a: Tangrowth|atk|1\n|move|p1a: Tangrowth|Giga Drain|p2a: Landorus\n|-damage|p2a: Landorus|59\/100\n|-heal|p1a: Tangrowth|52\/100|[from] drain|[of] p2a: Landorus\n|\n|-weather|Sandstorm|[upkeep]\n|-damage|p1a: Tangrowth|46\/100|[from] Sandstorm\n|upkeep\n|turn|15\n|\n|move|p2a: Landorus|U-turn|p1a: Tangrowth\n|-supereffective|p1a: Tangrowth\n|-damage|p1a: Tangrowth|14\/100\n|\n|switch|p2a: Mew|Mew|100\/100|[from]move: U-turn\n|move|p1a: Tangrowth|Giga Drain|p2a: Mew\n|-damage|p2a: Mew|70\/100\n|-heal|p1a: Tangrowth|27\/100|[from] drain|[of] p2a: Mew\n|\n|-weather|Sandstorm|[upkeep]\n|-damage|p2a: Mew|64\/100|[from] Sandstorm\n|-damage|p1a: Tangrowth|21\/100|[from] Sandstorm\n|upkeep\n|turn|16\n|\n|switch|p1a: Celesteela|Celesteela|100\/100\n|move|p2a: Mew|Nasty Plot|p2a: Mew\n|-boost|p2a: Mew|spa|2\n|\n|-weather|Sandstorm|[upkeep]\n|-damage|p2a: Mew|58\/100|[from] Sandstorm\n|-fieldend|Misty Terrain\n|upkeep\n|turn|17\n|\n|move|p2a: Mew|Aura Sphere|p1a: Celesteela\n|-damage|p1a: Celesteela|69\/100\n|move|p1a: Celesteela|Heavy Slam|p2a: Mew\n|-damage|p2a: Mew|19\/100\n|\n|-weather|Sandstorm|[upkeep]\n|-damage|p2a: Mew|13\/100|[from] Sandstorm\n|-heal|p1a: Celesteela|75\/100|[from] item: Leftovers\n|upkeep\n|turn|18\n|\n|-zpower|p2a: Mew\n|move|p2a: Mew|Genesis Supernova|p1a: Celesteela|[zeffect]\n|-resisted|p1a: Celesteela\n|-damage|p1a: Celesteela|18\/100\n|-fieldstart|move: Psychic Terrain\n|move|p1a: Celesteela|Leech Seed|p2a: Mew\n|-start|p2a: Mew|move: Leech Seed\n|\n|-weather|Sandstorm|[upkeep]\n|-damage|p2a: Mew|7\/100|[from] Sandstorm\n|-heal|p1a: Celesteela|24\/100|[from] item: Leftovers\n|-damage|p2a: Mew|0 fnt|[from] Leech Seed|[of] p1a: Celesteela\n|-heal|p1a: Celesteela|30\/100|[silent]\n|faint|p2a: Mew\n|upkeep\n|\n|switch|p2a: Medicham|Medicham-Mega, M|82\/100\n|turn|19\n|\n|move|p1a: Celesteela|Protect|p1a: Celesteela\n|-singleturn|p1a: Celesteela|Protect\n|move|p2a: Medicham|Ice Punch|p1a: Celesteela\n|-activate|p1a: Celesteela|move: Protect\n|\n|-weather|none\n|-heal|p1a: Celesteela|36\/100|[from] item: Leftovers\n|upkeep\n|turn|20\n|j| 187X\n|\n|switch|p1a: Hippowdon|Hippowdon, F|75\/100\n|-damage|p1a: Hippowdon|63\/100|[from] Spikes\n|-weather|Sandstorm|[from] ability: Sand Stream|[of] p1a: Hippowdon\n|move|p2a: Medicham|Ice Punch|p1a: Hippowdon\n|-supereffective|p1a: Hippowdon\n|-damage|p1a: Hippowdon|12\/100\n|\n|-weather|Sandstorm|[upkeep]\n|-damage|p2a: Medicham|76\/100|[from] Sandstorm\n|upkeep\n|turn|21\n|\n|move|p2a: Medicham|Ice Punch|p1a: Hippowdon\n|-supereffective|p1a: Hippowdon\n|-damage|p1a: Hippowdon|0 fnt\n|faint|p1a: Hippowdon\n|\n|-weather|Sandstorm|[upkeep]\n|-damage|p2a: Medicham|70\/100|[from] Sandstorm\n|upkeep\n|\n|switch|p1a: Excadrill|Excadrill, M|78\/100\n|-damage|p1a: Excadrill|65\/100|[from] Spikes\n|turn|22\n|\n|move|p1a: Excadrill|Iron Head|p2a: Medicham\n|-damage|p2a: Medicham|4\/100\n|cant|p2a: Medicham|flinch\n|\n|-weather|Sandstorm|[upkeep]\n|-damage|p2a: Medicham|0 fnt|[from] Sandstorm\n|faint|p2a: Medicham\n|-fieldend|move: Psychic Terrain\n|upkeep\n|j| AdminGalaxie\n|\n|switch|p2a: Landorus|Landorus-Therian, M|59\/100\n|-ability|p2a: Landorus|Intimidate|boost\n|-unboost|p1a: Excadrill|atk|1\n|turn|23\n|\n|switch|p1a: Celesteela|Celesteela|36\/100\n|move|p2a: Landorus|U-turn|p1a: Celesteela\n|-resisted|p1a: Celesteela\n|-damage|p1a: Celesteela|31\/100\n|\n|switch|p2a: Tapu Koko|Tapu Koko|94\/100|[from]move: U-turn\n|-fieldstart|move: Electric Terrain|[from] ability: Electric Surge|[of] p2a: Tapu Koko\n|\n|-weather|Sandstorm|[upkeep]\n|-damage|p2a: Tapu Koko|88\/100|[from] Sandstorm\n|-heal|p1a: Celesteela|38\/100|[from] item: Leftovers\n|upkeep\n|turn|24\n|\n|switch|p1a: Excadrill|Excadrill, M|65\/100\n|-damage|p1a: Excadrill|53\/100|[from] Spikes\n|move|p2a: Tapu Koko|Volt Switch|p1a: Excadrill\n|-immune|p1a: Excadrill\n|\n|-weather|Sandstorm|[upkeep]\n|-damage|p2a: Tapu Koko|82\/100|[from] Sandstorm\n|upkeep\n|turn|25\n|\n|switch|p2a: Landorus|Landorus-Therian, M|59\/100\n|-ability|p2a: Landorus|Intimidate|boost\n|-unboost|p1a: Excadrill|atk|1\n|-zpower|p1a: Excadrill\n|move|p1a: Excadrill|Corkscrew Crash|p2a: Landorus|[zeffect]\n|-damage|p2a: Landorus|15\/100\n|\n|-weather|Sandstorm|[upkeep]\n|upkeep\n|turn|26\n|\n|switch|p2a: Tapu Fini|Tapu Fini|100\/100\n|-fieldstart|move: Misty Terrain|[from] ability: Misty Surge|[of] p2a: Tapu Fini\n|move|p1a: Excadrill|Iron Head|p2a: Tapu Fini\n|-damage|p2a: Tapu Fini|78\/100\n|\n|-weather|Sandstorm|[upkeep]\n|-damage|p2a: Tapu Fini|72\/100|[from] Sandstorm\n|-heal|p2a: Tapu Fini|78\/100|[from] item: Leftovers\n|upkeep\n|turn|27\n|\n|switch|p1a: Celesteela|Celesteela|38\/100\n|move|p2a: Tapu Fini|Moonblast|p1a: Celesteela\n|-resisted|p1a: Celesteela\n|-damage|p1a: Celesteela|28\/100\n|-unboost|p1a: Celesteela|spa|1\n|\n|-weather|none\n|-heal|p2a: Tapu Fini|84\/100|[from] item: Leftovers\n|-heal|p1a: Celesteela|34\/100|[from] item: Leftovers\n|upkeep\n|turn|28\n|\n|move|p2a: Tapu Fini|Taunt|p1a: Celesteela\n|-start|p1a: Celesteela|move: Taunt\n|move|p1a: Celesteela|Heavy Slam|p2a: Tapu Fini\n|-damage|p2a: Tapu Fini|51\/100\n|\n|-heal|p2a: Tapu Fini|57\/100|[from] item: Leftovers\n|-heal|p1a: Celesteela|40\/100|[from] item: Leftovers\n|upkeep\n|turn|29\n|\n|move|p2a: Tapu Fini|Nature's Madness|p1a: Celesteela\n|-damage|p1a: Celesteela|20\/100\n|move|p1a: Celesteela|Heavy Slam|p2a: Tapu Fini\n|-damage|p2a: Tapu Fini|28\/100\n|\n|-heal|p2a: Tapu Fini|34\/100|[from] item: Leftovers\n|-heal|p1a: Celesteela|26\/100|[from] item: Leftovers\n|upkeep\n|turn|30\n|\n|switch|p2a: Tapu Koko|Tapu Koko|82\/100\n|-fieldstart|move: Electric Terrain|[from] ability: Electric Surge|[of] p2a: Tapu Koko\n|move|p1a: Celesteela|Heavy Slam|p2a: Tapu Koko\n|-damage|p2a: Tapu Koko|26\/100\n|\n|-heal|p1a: Celesteela|32\/100|[from] item: Leftovers\n|-end|p1a: Celesteela|move: Taunt\n|upkeep\n|turn|31\n|\n|move|p2a: Tapu Koko|Hidden Power|p1a: Celesteela\n|-damage|p1a: Celesteela|21\/100\n|move|p1a: Celesteela|Heavy Slam|p2a: Tapu Koko\n|-damage|p2a: Tapu Koko|0 fnt\n|faint|p2a: Tapu Koko\n|-ability|p1a: Celesteela|Beast Boost|boost\n|-boost|p1a: Celesteela|spd|1\n|\n|-heal|p1a: Celesteela|27\/100|[from] item: Leftovers\n|upkeep\n|-message|JoJo321 forfeited.\n|\n|win|Garchomplte\n|l|\u2606JoJo321\n|raw|Garchomplte's rating: 1747 &rarr; <strong>1771<\/strong><br \/>(+24 for winning)\n|raw|JoJo321's rating: 1819 &rarr; <strong>1795<\/strong><br \/>(-24 for losing)\n|l|\u2606Garchomplte\n|l| Le Austin\n","uploadtime":1564058498,"views":17,"p1id":"garchomplte","p2id":"jojo321","formatid":"gen7ou","rating":1771,"private":0,"password":null}