{"id":"gen7ou-609351212","p1":"Wheezer","p2":"Pokefreak77","format":"gen7ou","log":"|j|Wheezer\n|j|Pokefreak77\n|player|p1|Wheezer|102\n|teamsize|p1|6\n|player|p2|Pokefreak77|#zinnia\n|teamsize|p2|6\n|gametype|singles\n|gen|7\n|tier|[Gen 7] OU\n|rated\n|seed|44855,47302,28260,59686\n|rule|Sleep Clause Mod: Limit one foe put to sleep\n|rule|Species Clause: Limit one of each Pok\u00e9mon\n|rule|OHKO Clause: OHKO moves are banned\n|rule|Moody Clause: Moody is banned\n|rule|Evasion Moves Clause: Evasion moves are banned\n|rule|Endless Battle Clause: Forcing endless battles is banned\n|rule|HP Percentage Mod: HP is shown in percentages\n|clearpoke\n|poke|p1|Zygarde|item\n|poke|p1|Mawile, M|item\n|poke|p1|Magearna|item\n|poke|p1|Marowak-Alola, F|item\n|poke|p1|Landorus-Therian, M|item\n|poke|p1|Latias, F|item\n|poke|p2|Charizard, F, shiny|item\n|poke|p2|Jirachi|item\n|poke|p2|Cresselia, F|item\n|poke|p2|Tapu Fini|item\n|poke|p2|Landorus-Therian, M|item\n|poke|p2|Salamence, F|item\n|teampreview\n|choice|team 5, team 2, team 3, team 4, team 1, team 6|team 5, team 2, team 3, team 4, team 1, team 6\n|\n|start\n|switch|p1a: Landorus|Landorus-Therian, M|319\/319\n|switch|p2a: senseless cruelty|Landorus-Therian, M|319\/319\n|-ability|p1a: Landorus|Intimidate|boost\n|-unboost|p2a: senseless cruelty|atk|1\n|-ability|p2a: senseless cruelty|Intimidate|boost\n|-unboost|p1a: Landorus|atk|1\n|turn|1\n|choice|move stealthrock|move stealthrock\n|\n|move|p1a: Landorus|Stealth Rock|p2a: senseless cruelty\n|-sidestart|p2: Pokefreak77|move: Stealth Rock\n|move|p2a: senseless cruelty|Stealth Rock|p1a: Landorus\n|-sidestart|p1: Wheezer|move: Stealth Rock\n|\n|upkeep\n|turn|2\n|choice|move gravity|switch 3\n|\n|switch|p2a: moonlight sonata|Cresselia, F|441\/441\n|-damage|p2a: moonlight sonata|386\/441|[from] Stealth Rock\n|move|p1a: Landorus|Gravity|p1a: Landorus\n|-fieldstart|move: Gravity\n|\n|-heal|p2a: moonlight sonata|413\/441|[from] item: Leftovers\n|upkeep\n|turn|3\n|choice|move earthquake|move toxic\n|\n|move|p1a: Landorus|Earthquake|p2a: moonlight sonata\n|-damage|p2a: moonlight sonata|334\/441\n|move|p2a: moonlight sonata|Toxic|p1a: Landorus\n|-status|p1a: Landorus|tox\n|\n|-heal|p2a: moonlight sonata|361\/441|[from] item: Leftovers\n|-damage|p1a: Landorus|300\/319 tox|[from] psn\n|upkeep\n|turn|4\n|choice|switch 2|move psychic\n|\n|switch|p1a: Mawile|Mawile, M|251\/251\n|-damage|p1a: Mawile|236\/251|[from] Stealth Rock\n|-ability|p1a: Mawile|Intimidate|boost\n|-unboost|p2a: moonlight sonata|atk|1\n|move|p2a: moonlight sonata|Psychic|p1a: Mawile\n|-resisted|p1a: Mawile\n|-damage|p1a: Mawile|172\/251\n|\n|-heal|p2a: moonlight sonata|388\/441|[from] item: Leftovers\n|upkeep\n|turn|5\n|j|Charizard1313\n|choice|move swordsdance mega|switch 3\n|\n|switch|p2a: senseless cruelty|Landorus-Therian, M|319\/319\n|-damage|p2a: senseless cruelty|280\/319|[from] Stealth Rock\n|-ability|p2a: senseless cruelty|Intimidate|boost\n|-unboost|p1a: Mawile|atk|1\n|detailschange|p1a: Mawile|Mawile-Mega, M\n|-mega|p1a: Mawile|Mawile|Mawilite\n|move|p1a: Mawile|Swords Dance|p1a: Mawile\n|-boost|p1a: Mawile|atk|2\n|\n|upkeep\n|turn|6\n|choice|move suckerpunch|move earthquake\n|\n|move|p1a: Mawile|Sucker Punch|p2a: senseless cruelty\n|-damage|p2a: senseless cruelty|19\/319\n|move|p2a: senseless cruelty|Earthquake|p1a: Mawile\n|-supereffective|p1a: Mawile\n|-damage|p1a: Mawile|0 fnt\n|faint|p1a: Mawile\n|\n|-fieldend|move: Gravity\n|upkeep\n|choice|switch 2|\n|\n|switch|p1a: Landorus|Landorus-Therian, M|300\/319 tox\n|-damage|p1a: Landorus|261\/319 tox|[from] Stealth Rock\n|-ability|p1a: Landorus|Intimidate|boost\n|-unboost|p2a: senseless cruelty|atk|1\n|turn|7\n|choice|move fly|move smackdown\n|\n|move|p1a: Landorus|Fly|p2a: senseless cruelty|[still]\n|-prepare|p1a: Landorus|Fly|p2a: senseless cruelty\n|move|p2a: senseless cruelty|Smack Down|p1a: Landorus\n|-damage|p1a: Landorus|205\/319 tox\n|-start|p1a: Landorus|Smack Down\n|\n|-damage|p1a: Landorus|186\/319 tox|[from] psn\n|upkeep\n|turn|8\n|c|\u2606Pokefreak77|lol\n|choice|move fly|move smackdown\n|\n|move|p1a: Landorus|Fly|p2a: senseless cruelty|[still]\n|-prepare|p1a: Landorus|Fly|p2a: senseless cruelty\n|move|p2a: senseless cruelty|Smack Down|p1a: Landorus\n|-damage|p1a: Landorus|138\/319 tox\n|-start|p1a: Landorus|Smack Down\n|\n|-damage|p1a: Landorus|100\/319 tox|[from] psn\n|upkeep\n|turn|9\n|choice|move fly|move smackdown\n|\n|move|p1a: Landorus|Fly|p2a: senseless cruelty|[still]|[from]lockedmove\n|-prepare|p1a: Landorus|Fly|p2a: senseless cruelty\n|move|p2a: senseless cruelty|Smack Down|p1a: Landorus\n|-damage|p1a: Landorus|48\/319 tox\n|\n|-damage|p1a: Landorus|0 fnt|[from] psn\n|upkeep\n|faint|p1a: Landorus\n|choice|switch 6|\n|\n|switch|p1a: Latias|Latias, F|301\/301\n|-damage|p1a: Latias|264\/301|[from] Stealth Rock\n|turn|10\n|choice|move psyshock|switch 2\n|\n|switch|p2a: your name|Jirachi|341\/341\n|-damage|p2a: your name|320\/341|[from] Stealth Rock\n|move|p1a: Latias|Psyshock|p2a: your name\n|-resisted|p2a: your name\n|-damage|p2a: your name|289\/341\n|\n|upkeep\n|turn|11\n|choice|switch 4|move uturn\n|\n|switch|p1a: Marowak|Marowak-Alola, F|261\/261\n|-damage|p1a: Marowak|196\/261|[from] Stealth Rock\n|move|p2a: your name|U-turn|p1a: Marowak\n|-resisted|p1a: Marowak\n|-damage|p1a: Marowak|179\/261\n|-message|Wheezer forfeited.\n|\n|win|Pokefreak77\n|l|Wheezer\n|raw|Wheezer's rating: 1771 &rarr; <strong>1754<\/strong><br \/>(-17 for losing)\n|raw|Pokefreak77's rating: 1813 &rarr; <strong>1831<\/strong><br \/>(+18 for winning)","inputlog":null,"uploadtime":1501127835,"views":6,"p1id":"wheezer","p2id":"pokefreak77","formatid":"gen7ou","rating":1754,"private":0,"password":null}