{"id":"gen7ou-946712555","p1":"THC_wenger","p2":"TLCHAMP","format":"gen7ou","log":"|j|\u2606THC_wenger\n|j|\u2606TLCHAMP\n|player|p1|THC_wenger|169|1067\n|player|p2|TLCHAMP|162|1093\n|teamsize|p1|6\n|teamsize|p2|6\n|gametype|singles\n|gen|7\n|tier|[Gen 7] OU\n|rated|\n|rule|Sleep Clause Mod: Limit one foe put to sleep\n|rule|Species Clause: Limit one of each Pok\u00e9mon\n|rule|OHKO Clause: OHKO moves are banned\n|rule|Moody Clause: Moody is banned\n|rule|Evasion Moves Clause: Evasion moves are banned\n|rule|Endless Battle Clause: Forcing endless battles is banned\n|rule|HP Percentage Mod: HP is shown in percentages\n|clearpoke\n|poke|p1|Ninetales-Alola, F|item\n|poke|p1|Serperior, F|item\n|poke|p1|Toxapex, M|item\n|poke|p1|Infernape, M|item\n|poke|p1|Excadrill, M|item\n|poke|p1|Manectric, M|item\n|poke|p2|Smeargle, M|item\n|poke|p2|Torkoal, F|item\n|poke|p2|Marowak-Alola, F|item\n|poke|p2|Houndoom, M|item\n|poke|p2|Exploud, F|item\n|poke|p2|Charizard, M|item\n|teampreview\n|inactive|Battle timer is ON: inactive players will automatically lose when time's up. (requested by THC_wenger)\n|\n|start\n|switch|p1a: Excadrill|Excadrill, M, shiny|100\/100\n|switch|p2a: LIKMATAIL|Smeargle, M|100\/100\n|turn|1\n|\n|move|p2a: LIKMATAIL|Spore|p1a: Excadrill\n|-status|p1a: Excadrill|slp|[from] move: Spore\n|cant|p1a: Excadrill|slp\n|\n|upkeep\n|turn|2\n|\n|move|p2a: LIKMATAIL|Sticky Web|p1a: Excadrill\n|-sidestart|p1: THC_wenger|move: Sticky Web\n|cant|p1a: Excadrill|slp\n|\n|upkeep\n|turn|3\n|\n|switch|p2a: BONER|Marowak-Alola, F|100\/100\n|cant|p1a: Excadrill|slp\n|\n|upkeep\n|turn|4\n|\n|-curestatus|p1a: Excadrill|slp|[msg]\n|move|p1a: Excadrill|Earthquake|p2a: BONER\n|-supereffective|p2a: BONER\n|-damage|p2a: BONER|0 fnt\n|faint|p2a: BONER\n|\n|upkeep\n|\n|switch|p2a: ULTECHO2|Exploud, F|100\/100\n|turn|5\n|\n|move|p1a: Excadrill|Stealth Rock|p2a: ULTECHO2\n|-sidestart|p2: TLCHAMP|move: Stealth Rock\n|move|p2a: ULTECHO2|Fire Blast|p1a: Excadrill\n|-supereffective|p1a: Excadrill\n|-damage|p1a: Excadrill|0 fnt\n|faint|p1a: Excadrill\n|\n|upkeep\n|\n|switch|p1a: Infernape|Infernape, M|100\/100\n|-activate|p1a: Infernape|move: Sticky Web\n|-unboost|p1a: Infernape|spe|1\n|turn|6\n|\n|switch|p2a: BOMB|Torkoal, F|100\/100\n|-damage|p2a: BOMB|76\/100|[from] Stealth Rock\n|-weather|SunnyDay|[from] ability: Drought|[of] p2a: BOMB\n|move|p1a: Infernape|Brick Break|p2a: BOMB\n|-damage|p2a: BOMB|57\/100\n|\n|-weather|SunnyDay|[upkeep]\n|upkeep\n|turn|7\n|\n|switch|p1a: Toxapex|Toxapex, M, shiny|100\/100\n|-activate|p1a: Toxapex|move: Sticky Web\n|-unboost|p1a: Toxapex|spe|1\n|move|p2a: BOMB|Rapid Spin|p1a: Toxapex\n|-damage|p1a: Toxapex|98\/100\n|-sideend|p2: TLCHAMP|Stealth Rock|[from] move: Rapid Spin|[of] p2a: BOMB\n|\n|-weather|SunnyDay|[upkeep]\n|-heal|p1a: Toxapex|100\/100|[from] item: Leftovers\n|upkeep\n|turn|8\n|\n|switch|p2a: KERBECS|Houndoom, M|100\/100\n|move|p1a: Toxapex|Toxic|p2a: KERBECS\n|-status|p2a: KERBECS|tox\n|\n|-weather|SunnyDay|[upkeep]\n|-damage|p2a: KERBECS|94\/100 tox|[from] psn\n|upkeep\n|turn|9\n|\n|move|p1a: Toxapex|Baneful Bunker|p1a: Toxapex\n|-singleturn|p1a: Toxapex|move: Protect\n|move|p2a: KERBECS|Nasty Plot|p2a: KERBECS\n|-boost|p2a: KERBECS|spa|2\n|\n|-weather|SunnyDay|[upkeep]\n|-damage|p2a: KERBECS|82\/100 tox|[from] psn\n|upkeep\n|turn|10\n|\n|detailschange|p2a: KERBECS|Houndoom-Mega, M\n|-mega|p2a: KERBECS|Houndoom|Houndoominite\n|move|p2a: KERBECS|Dark Pulse|p1a: Toxapex\n|-damage|p1a: Toxapex|9\/100\n|cant|p1a: Toxapex|flinch\n|\n|-weather|SunnyDay|[upkeep]\n|-damage|p2a: KERBECS|70\/100 tox|[from] ability: Solar Power|[of] p2a: KERBECS\n|-heal|p1a: Toxapex|15\/100|[from] item: Leftovers\n|-damage|p2a: KERBECS|51\/100 tox|[from] psn\n|upkeep\n|turn|11\n|\n|move|p1a: Toxapex|Baneful Bunker|p1a: Toxapex\n|-singleturn|p1a: Toxapex|move: Protect\n|move|p2a: KERBECS|Nasty Plot|p2a: KERBECS\n|-boost|p2a: KERBECS|spa|2\n|\n|-weather|SunnyDay|[upkeep]\n|-damage|p2a: KERBECS|39\/100 tox|[from] ability: Solar Power|[of] p2a: KERBECS\n|-heal|p1a: Toxapex|21\/100|[from] item: Leftovers\n|-damage|p2a: KERBECS|14\/100 tox|[from] psn\n|upkeep\n|turn|12\n|\n|switch|p1a: Ninetales|Ninetales-Alola, F|100\/100\n|-activate|p1a: Ninetales|move: Sticky Web\n|-unboost|p1a: Ninetales|spe|1\n|-weather|Hail|[from] ability: Snow Warning|[of] p1a: Ninetales\n|move|p2a: KERBECS|Dark Pulse|p1a: Ninetales\n|-resisted|p1a: Ninetales\n|-damage|p1a: Ninetales|22\/100\n|\n|-weather|Hail|[upkeep]\n|-damage|p2a: KERBECS|8\/100 tox|[from] Hail\n|-damage|p2a: KERBECS|0 fnt|[from] psn\n|faint|p2a: KERBECS\n|upkeep\n|\n|switch|p2a: BOMB|Torkoal, F|57\/100\n|-weather|SunnyDay|[from] ability: Drought|[of] p2a: BOMB\n|turn|13\n|\n|move|p1a: Ninetales|Moonblast|p2a: BOMB\n|-resisted|p2a: BOMB\n|-damage|p2a: BOMB|33\/100\n|move|p2a: BOMB|Stealth Rock|p1a: Ninetales\n|-sidestart|p1: THC_wenger|move: Stealth Rock\n|\n|-weather|SunnyDay|[upkeep]\n|upkeep\n|turn|14\n|\n|move|p1a: Ninetales|Blizzard|p2a: BOMB|[miss]\n|-miss|p1a: Ninetales|p2a: BOMB\n|move|p2a: BOMB|Explosion|p1a: Ninetales\n|-damage|p1a: Ninetales|0 fnt\n|faint|p2a: BOMB\n|faint|p1a: Ninetales\n|\n|-weather|SunnyDay|[upkeep]\n|upkeep\n|\n|switch|p1a: Serperior|Serperior, F, shiny|100\/100\n|switch|p2a: EL DRAGO|Charizard, M|100\/100\n|-damage|p1a: Serperior|88\/100|[from] Stealth Rock\n|-activate|p1a: Serperior|move: Sticky Web\n|-boost|p1a: Serperior|spe|1\n|turn|15\n|\n|move|p1a: Serperior|Defog|p2a: EL DRAGO\n|-unboost|p2a: EL DRAGO|evasion|1\n|-sideend|p1: THC_wenger|Stealth Rock|[from] move: Defog|[of] p1a: Serperior\n|-sideend|p1: THC_wenger|Sticky Web|[from] move: Defog|[of] p1a: Serperior\n|move|p2a: EL DRAGO|Fire Blast|p1a: Serperior\n|-supereffective|p1a: Serperior\n|-damage|p1a: Serperior|0 fnt\n|faint|p1a: Serperior\n|\n|-weather|SunnyDay|[upkeep]\n|-damage|p2a: EL DRAGO|88\/100|[from] ability: Solar Power|[of] p2a: EL DRAGO\n|upkeep\n|\n|switch|p1a: Toxapex|Toxapex, M, shiny|54\/100\n|turn|16\n|\n|move|p2a: EL DRAGO|Fire Blast|p1a: Toxapex\n|-resisted|p1a: Toxapex\n|-damage|p1a: Toxapex|0 fnt\n|faint|p1a: Toxapex\n|\n|-weather|SunnyDay|[upkeep]\n|-damage|p2a: EL DRAGO|76\/100|[from] ability: Solar Power|[of] p2a: EL DRAGO\n|upkeep\n|\n|switch|p1a: Manectric|Manectric, M|100\/100\n|turn|17\n|\n|detailschange|p1a: Manectric|Manectric-Mega, M\n|-mega|p1a: Manectric|Manectric|Manectite\n|-ability|p1a: Manectric|Intimidate|boost\n|-unboost|p2a: EL DRAGO|atk|1\n|move|p1a: Manectric|Thunderbolt|p2a: EL DRAGO\n|-supereffective|p2a: EL DRAGO\n|-damage|p2a: EL DRAGO|0 fnt\n|faint|p2a: EL DRAGO\n|\n|-weather|SunnyDay|[upkeep]\n|upkeep\n|\n|switch|p2a: ULTECHO2|Exploud, F|100\/100\n|turn|18\n|\n|move|p1a: Manectric|Thunderbolt|p2a: ULTECHO2\n|-damage|p2a: ULTECHO2|52\/100\n|move|p2a: ULTECHO2|Boomburst|p1a: Manectric\n|-damage|p1a: Manectric|0 fnt\n|faint|p1a: Manectric\n|\n|-weather|SunnyDay|[upkeep]\n|upkeep\n|\n|switch|p1a: Infernape|Infernape, M|100\/100\n|turn|19\n|\n|switch|p2a: LIKMATAIL|Smeargle, M|100\/100\n|-zpower|p1a: Infernape\n|move|p1a: Infernape|Inferno Overdrive|p2a: LIKMATAIL|[zeffect]\n|-enditem|p2a: LIKMATAIL|Focus Sash\n|-damage|p2a: LIKMATAIL|1\/100\n|\n|-weather|SunnyDay|[upkeep]\n|upkeep\n|turn|20\n|\n|move|p2a: LIKMATAIL|King's Shield|p2a: LIKMATAIL\n|-singleturn|p2a: LIKMATAIL|Protect\n|move|p1a: Infernape|Fire Punch|p2a: LIKMATAIL\n|-activate|p2a: LIKMATAIL|move: Protect\n|-unboost|p1a: Infernape|atk|2\n|\n|-weather|none\n|upkeep\n|turn|21\n|\n|move|p2a: LIKMATAIL|King's Shield||[still]\n|-fail|p2a: LIKMATAIL\n|move|p1a: Infernape|Fire Punch|p2a: LIKMATAIL\n|-damage|p2a: LIKMATAIL|0 fnt\n|faint|p2a: LIKMATAIL\n|\n|upkeep\n|\n|switch|p2a: ULTECHO2|Exploud, F|52\/100\n|turn|22\n|\n|move|p1a: Infernape|Overheat|p2a: ULTECHO2\n|-damage|p2a: ULTECHO2|3\/100\n|-unboost|p1a: Infernape|spa|2\n|move|p2a: ULTECHO2|Boomburst|p1a: Infernape\n|-damage|p1a: Infernape|0 fnt\n|faint|p1a: Infernape\n|\n|win|TLCHAMP\n|raw|THC_wenger's rating: 1068 &rarr; <strong>1049<\/strong><br \/>(-19 for losing)\n|raw|TLCHAMP's rating: 1093 &rarr; <strong>1117<\/strong><br \/>(+24 for winning)\n|l|\u2606THC_wenger\n","uploadtime":1563449736,"views":3,"p1id":"thcwenger","p2id":"tlchamp","formatid":"gen7ou","rating":1049,"private":0,"password":null}