{"id":"gen7ou-1008422643","p1":"Shardul888","p2":"Wacko Taco Gang","format":"gen7ou","log":"|j|\u2606Shardul888\n|j|\u2606Wacko Taco Gang\n|player|p1|Shardul888|92|1555\n|player|p2|Wacko Taco Gang|sidney-gen3|1500\n|teamsize|p1|6\n|teamsize|p2|6\n|gametype|singles\n|gen|7\n|tier|[Gen 7] OU\n|rated|\n|rule|Sleep Clause Mod: Limit one foe put to sleep\n|rule|Species Clause: Limit one of each Pok\u00e9mon\n|rule|OHKO Clause: OHKO moves are banned\n|rule|Moody Clause: Moody is banned\n|rule|Evasion Moves Clause: Evasion moves are banned\n|rule|Endless Battle Clause: Forcing endless battles is banned\n|rule|HP Percentage Mod: HP is shown in percentages\n|clearpoke\n|poke|p1|Venusaur, M|item\n|poke|p1|Magearna|item\n|poke|p1|Dragonite, M|item\n|poke|p1|Tapu Lele|item\n|poke|p1|Gliscor, F|item\n|poke|p1|Toxapex, M|item\n|poke|p2|Palossand, M|item\n|poke|p2|Jynx, F|item\n|poke|p2|Blastoise, M|item\n|poke|p2|Cloyster, F|item\n|poke|p2|Clefable, F|item\n|poke|p2|Bronzong|item\n|teampreview\n|inactive|Battle timer is ON: inactive players will automatically lose when time's up. (requested by Shardul888)\n|\n|start\n|switch|p1a: Dr Strange|Tapu Lele|100\/100\n|switch|p2a: Jynx|Jynx, F|100\/100\n|-fieldstart|move: Psychic Terrain|[from] ability: Psychic Surge|[of] p1a: Dr Strange\n|turn|1\n|\n|switch|p1a: Black Widow|Toxapex, M|100\/100\n|switch|p2a: Bronzong|Bronzong|100\/100\n|\n|upkeep\n|turn|2\n|\n|switch|p2a: Jynx|Jynx, F|100\/100\n|move|p1a: Black Widow|Scald|p2a: Jynx\n|-immune|p2a: Jynx|[from] ability: Dry Skin\n|\n|upkeep\n|turn|3\n|\n|move|p2a: Jynx|Nasty Plot|p2a: Jynx\n|-boost|p2a: Jynx|spa|2\n|move|p1a: Black Widow|Toxic|p2a: Jynx\n|-status|p2a: Jynx|tox\n|\n|-damage|p2a: Jynx|95\/100 tox|[from] psn\n|upkeep\n|turn|4\n|\n|move|p2a: Jynx|Psyshock|p1a: Black Widow\n|-supereffective|p1a: Black Widow\n|-crit|p1a: Black Widow\n|-damage|p1a: Black Widow|0 fnt\n|faint|p1a: Black Widow\n|\n|-damage|p2a: Jynx|83\/100 tox|[from] psn\n|upkeep\n|\n|switch|p1a: Wonder Woman|Magearna|100\/100\n|turn|5\n|\n|-zpower|p2a: Jynx\n|move|p2a: Jynx|Z-Lovely Kiss|p1a: Wonder Woman|[anim]Lovely Kiss\n|-boost|p2a: Jynx|spe|1|[zeffect]\n|-status|p1a: Wonder Woman|slp|[from] move: Lovely Kiss\n|cant|p1a: Wonder Woman|slp\n|\n|-damage|p2a: Jynx|65\/100 tox|[from] psn\n|-fieldend|move: Psychic Terrain\n|upkeep\n|turn|6\n|\n|move|p2a: Jynx|Psyshock|p1a: Wonder Woman\n|-resisted|p1a: Wonder Woman\n|-damage|p1a: Wonder Woman|73\/100 slp\n|cant|p1a: Wonder Woman|slp\n|\n|-damage|p2a: Jynx|41\/100 tox|[from] psn\n|upkeep\n|turn|7\n|\n|switch|p2a: Palossand|Palossand, M|100\/100\n|cant|p1a: Wonder Woman|slp\n|\n|upkeep\n|turn|8\n|\n|switch|p1a: Spiderman|Gliscor, F|100\/100\n|move|p2a: Palossand|Infestation|p1a: Spiderman\n|-resisted|p1a: Spiderman\n|-damage|p1a: Spiderman|98\/100\n|-activate|p1a: Spiderman|move: Infestation|[of] p2a: Palossand\n|\n|-damage|p1a: Spiderman|85\/100|[from] move: Infestation|[partiallytrapped]\n|-status|p1a: Spiderman|tox|[from] item: Toxic Orb\n|upkeep\n|turn|9\n|\n|move|p1a: Spiderman|Toxic|p2a: Palossand\n|-status|p2a: Palossand|tox\n|move|p2a: Palossand|Curse|p1a: Spiderman\n|-start|p1a: Spiderman|Curse|[of] p2a: Palossand\n|-damage|p2a: Palossand|51\/100 tox\n|\n|-heal|p2a: Palossand|57\/100 tox|[from] item: Leftovers\n|-heal|p1a: Spiderman|98\/100 tox|[from] ability: Poison Heal\n|-damage|p2a: Palossand|51\/100 tox|[from] psn\n|-damage|p1a: Spiderman|73\/100 tox|[from] Curse\n|-damage|p1a: Spiderman|60\/100 tox|[from] move: Infestation|[partiallytrapped]\n|upkeep\n|turn|10\n|\n|move|p1a: Spiderman|Knock Off|p2a: Palossand\n|-supereffective|p2a: Palossand\n|-damage|p2a: Palossand|24\/100 tox\n|-enditem|p2a: Palossand|Leftovers|[from] move: Knock Off|[of] p1a: Spiderman\n|move|p2a: Palossand|Shore Up|p2a: Palossand\n|-heal|p2a: Palossand|74\/100 tox\n|\n|-heal|p1a: Spiderman|73\/100 tox|[from] ability: Poison Heal\n|-damage|p2a: Palossand|62\/100 tox|[from] psn\n|-damage|p1a: Spiderman|48\/100 tox|[from] Curse\n|-damage|p1a: Spiderman|36\/100 tox|[from] move: Infestation|[partiallytrapped]\n|upkeep\n|turn|11\n|\n|move|p1a: Spiderman|Knock Off|p2a: Palossand\n|-supereffective|p2a: Palossand\n|-damage|p2a: Palossand|43\/100 tox\n|move|p2a: Palossand|Shadow Ball|p1a: Spiderman\n|-damage|p1a: Spiderman|3\/100 tox\n|\n|-heal|p1a: Spiderman|16\/100 tox|[from] ability: Poison Heal\n|-damage|p2a: Palossand|24\/100 tox|[from] psn\n|-damage|p1a: Spiderman|0 fnt|[from] Curse\n|faint|p1a: Spiderman\n|upkeep\n|\n|switch|p1a: Wonder Woman|Magearna|73\/100 slp\n|turn|12\n|\n|switch|p2a: Bronzong|Bronzong|100\/100\n|-curestatus|p1a: Wonder Woman|slp|[msg]\n|move|p1a: Wonder Woman|Ice Beam|p2a: Bronzong\n|-resisted|p2a: Bronzong\n|-damage|p2a: Bronzong|90\/100\n|-status|p2a: Bronzong|frz\n|\n|upkeep\n|turn|13\n|\n|switch|p2a: Clefable|Clefable, F|100\/100\n|move|p1a: Wonder Woman|Aura Sphere|p2a: Clefable\n|-resisted|p2a: Clefable\n|-damage|p2a: Clefable|89\/100\n|\n|-heal|p2a: Clefable|95\/100|[from] item: Leftovers\n|upkeep\n|turn|14\n|\n|switch|p1a: Captain America|Venusaur, M|100\/100\n|move|p2a: Clefable|Stealth Rock|p1a: Captain America\n|-sidestart|p1: Shardul888|move: Stealth Rock\n|\n|-heal|p2a: Clefable|100\/100|[from] item: Leftovers\n|upkeep\n|turn|15\n|inactive|Wacko Taco Gang has 120 seconds left.\n|\n|detailschange|p1a: Captain America|Venusaur-Mega, M\n|-mega|p1a: Captain America|Venusaur|Venusaurite\n|move|p1a: Captain America|Leech Seed|p2a: Clefable\n|-start|p2a: Clefable|move: Leech Seed\n|move|p2a: Clefable|Wish|p2a: Clefable\n|\n|upkeep\n|turn|16\n|\n|switch|p2a: Palossand|Palossand, M|24\/100 tox\n|move|p1a: Captain America|Giga Drain|p2a: Palossand\n|-supereffective|p2a: Palossand\n|-damage|p2a: Palossand|0 fnt\n|faint|p2a: Palossand\n|\n|upkeep\n|\n|switch|p2a: Jynx|Jynx, F|41\/100 tox\n|turn|17\n|\n|move|p2a: Jynx|Lovely Kiss|p1a: Captain America\n|-status|p1a: Captain America|slp|[from] move: Lovely Kiss\n|cant|p1a: Captain America|slp\n|\n|-damage|p2a: Jynx|36\/100 tox|[from] psn\n|upkeep\n|turn|18\n|\n|switch|p1a: Wonder Woman|Magearna|73\/100\n|-damage|p1a: Wonder Woman|67\/100|[from] Stealth Rock\n|move|p2a: Jynx|Psyshock|p1a: Wonder Woman\n|-resisted|p1a: Wonder Woman\n|-damage|p1a: Wonder Woman|52\/100\n|\n|-damage|p2a: Jynx|24\/100 tox|[from] psn\n|upkeep\n|turn|19\n|\n|switch|p2a: Clefable|Clefable, F|100\/100\n|move|p1a: Wonder Woman|Dazzling Gleam|p2a: Clefable\n|-damage|p2a: Clefable|61\/100\n|\n|-heal|p2a: Clefable|67\/100|[from] item: Leftovers\n|upkeep\n|turn|20\n|\n|move|p1a: Wonder Woman|Dazzling Gleam|p2a: Clefable\n|-damage|p2a: Clefable|31\/100\n|move|p2a: Clefable|Wish|p2a: Clefable\n|\n|-heal|p2a: Clefable|37\/100|[from] item: Leftovers\n|upkeep\n|turn|21\n|\n|switch|p2a: Blastoise|Blastoise, M|100\/100\n|move|p1a: Wonder Woman|Dazzling Gleam|p2a: Blastoise\n|-damage|p2a: Blastoise|56\/100\n|\n|-heal|p2a: Blastoise|100\/100|[from] move: Wish|[wisher] Clefable\n|upkeep\n|turn|22\n|\n|detailschange|p2a: Blastoise|Blastoise-Mega, M\n|-mega|p2a: Blastoise|Blastoise|Blastoisinite\n|move|p2a: Blastoise|Scald|p1a: Wonder Woman\n|-damage|p1a: Wonder Woman|22\/100\n|-status|p1a: Wonder Woman|brn\n|-enditem|p1a: Wonder Woman|Aguav Berry|[eat]\n|-heal|p1a: Wonder Woman|72\/100 brn|[from] item: Aguav Berry\n|move|p1a: Wonder Woman|Dazzling Gleam|p2a: Blastoise\n|-damage|p2a: Blastoise|57\/100\n|\n|-damage|p1a: Wonder Woman|66\/100 brn|[from] brn\n|upkeep\n|turn|23\n|\n|move|p2a: Blastoise|Scald|p1a: Wonder Woman\n|-damage|p1a: Wonder Woman|34\/100 brn\n|move|p1a: Wonder Woman|Dazzling Gleam|p2a: Blastoise\n|-damage|p2a: Blastoise|14\/100\n|\n|-damage|p1a: Wonder Woman|28\/100 brn|[from] brn\n|upkeep\n|turn|24\n|inactive|Wacko Taco Gang has 120 seconds left.\n|\n|move|p2a: Blastoise|Scald|p1a: Wonder Woman\n|-damage|p1a: Wonder Woman|0 fnt\n|faint|p1a: Wonder Woman\n|\n|upkeep\n|\n|switch|p1a: Captain America|Venusaur-Mega, M|100\/100 slp\n|-damage|p1a: Captain America|88\/100 slp|[from] Stealth Rock\n|turn|25\n|inactive|Wacko Taco Gang has 120 seconds left.\n|\n|move|p2a: Blastoise|Ice Beam|p1a: Captain America\n|-supereffective|p1a: Captain America\n|-damage|p1a: Captain America|66\/100 slp\n|-curestatus|p1a: Captain America|slp|[msg]\n|move|p1a: Captain America|Synthesis|p1a: Captain America\n|-heal|p1a: Captain America|100\/100\n|\n|upkeep\n|turn|26\n|\n|move|p2a: Blastoise|Ice Beam|p1a: Captain America\n|-supereffective|p1a: Captain America\n|-damage|p1a: Captain America|76\/100\n|-status|p1a: Captain America|frz\n|cant|p1a: Captain America|frz\n|\n|upkeep\n|turn|27\n|inactive|Wacko Taco Gang has 120 seconds left.\n|\n|switch|p2a: Jynx|Jynx, F|24\/100 tox\n|-curestatus|p1a: Captain America|frz|[msg]\n|move|p1a: Captain America|Sludge Bomb|p2a: Jynx\n|-damage|p2a: Jynx|0 fnt\n|faint|p2a: Jynx\n|\n|upkeep\n|\n|switch|p2a: Blastoise|Blastoise-Mega, M|14\/100\n|turn|28\n|\n|move|p2a: Blastoise|Ice Beam|p1a: Captain America\n|-supereffective|p1a: Captain America\n|-damage|p1a: Captain America|52\/100\n|move|p1a: Captain America|Giga Drain|p2a: Blastoise\n|-supereffective|p2a: Blastoise\n|-damage|p2a: Blastoise|0 fnt\n|-heal|p1a: Captain America|58\/100|[from] drain|[of] p2a: Blastoise\n|faint|p2a: Blastoise\n|\n|upkeep\n|inactive|Wacko Taco Gang has 120 seconds left.\n|\n|switch|p2a: Cloyster|Cloyster, F|100\/100\n|turn|29\n|\n|move|p2a: Cloyster|Icicle Spear|p1a: Captain America\n|-supereffective|p1a: Captain America\n|-damage|p1a: Captain America|49\/100\n|-supereffective|p1a: Captain America\n|-damage|p1a: Captain America|40\/100\n|-supereffective|p1a: Captain America\n|-damage|p1a: Captain America|33\/100\n|-supereffective|p1a: Captain America\n|-damage|p1a: Captain America|24\/100\n|-supereffective|p1a: Captain America\n|-damage|p1a: Captain America|16\/100\n|-hitcount|p1a: Captain America|5\n|cant|p1a: Captain America|flinch\n|\n|upkeep\n|turn|30\n|\n|move|p2a: Cloyster|Icicle Spear|p1a: Captain America\n|-supereffective|p1a: Captain America\n|-damage|p1a: Captain America|6\/100\n|-supereffective|p1a: Captain America\n|-damage|p1a: Captain America|0 fnt\n|-hitcount|p1a: Captain America|2\n|faint|p1a: Captain America\n|\n|upkeep\n|\n|switch|p1a: Dr Strange|Tapu Lele|100\/100\n|-damage|p1a: Dr Strange|88\/100|[from] Stealth Rock\n|-fieldstart|move: Psychic Terrain|[from] ability: Psychic Surge|[of] p1a: Dr Strange\n|turn|31\n|\n|switch|p2a: Bronzong|Bronzong|90\/100 frz\n|move|p1a: Dr Strange|Thunderbolt|p2a: Bronzong\n|-damage|p2a: Bronzong|67\/100 frz\n|\n|upkeep\n|turn|32\n|\n|move|p1a: Dr Strange|Thunderbolt|p2a: Bronzong\n|-damage|p2a: Bronzong|45\/100 frz\n|-curestatus|p2a: Bronzong|frz|[msg]\n|move|p2a: Bronzong|Gyro Ball|p1a: Dr Strange\n|-supereffective|p1a: Dr Strange\n|-damage|p1a: Dr Strange|0 fnt\n|faint|p1a: Dr Strange\n|\n|upkeep\n|-message|Shardul888 forfeited.\n|\n|win|Wacko Taco Gang\n|l|\u2606Shardul888\n","uploadtime":1573575764,"views":3,"p1id":"shardul888","p2id":"wackotacogang","formatid":"gen7ou","rating":0,"private":0,"password":null}