{"id":"gen7randombattle-839731582","p1":"Ras101","p2":"wolfwarrior","format":"gen7randombattle","log":"|j|\u2606Ras101\n|j|\u2606wolfwarrior\n|player|p1|Ras101|265\n|player|p2|wolfwarrior|162\n|teamsize|p1|6\n|teamsize|p2|6\n|gametype|singles\n|gen|7\n|tier|[Gen 7] Random Battle\n|rated|\n|seed|55683,36511,51661,3336\n|rule|Sleep Clause Mod: Limit one foe put to sleep\n|rule|HP Percentage Mod: HP is shown in percentages\n|\n|start\n|switch|p1a: Primarina|Primarina, L77, M|250\/250\n|switch|p2a: Shaymin|Shaymin, L79|288\/288\n|turn|1\n|inactive|Battle timer is ON: inactive players will automatically lose when time's up. (requested by wolfwarrior)\n|\n|move|p2a: Shaymin|Seed Flare|p1a: Primarina\n|-supereffective|p1a: Primarina\n|-damage|p1a: Primarina|38\/250\n|move|p1a: Primarina|Moonblast|p2a: Shaymin\n|-crit|p2a: Shaymin\n|-damage|p2a: Shaymin|65\/288\n|\n|-heal|p2a: Shaymin|83\/288|[from] item: Leftovers\n|upkeep\n|turn|2\n|\n|move|p2a: Shaymin|Rest|p2a: Shaymin\n|-status|p2a: Shaymin|slp\n|-heal|p2a: Shaymin|288\/288 slp|[silent]\n|-status|p2a: Shaymin|slp|[from] move: Rest\n|move|p1a: Primarina|Moonblast|p2a: Shaymin\n|-damage|p2a: Shaymin|131\/288 slp\n|-unboost|p2a: Shaymin|spa|1\n|\n|-heal|p2a: Shaymin|149\/288 slp|[from] item: Leftovers\n|upkeep\n|turn|3\n|\n|switch|p2a: Arbok|Arbok, L83, F|235\/235\n|move|p1a: Primarina|Moonblast|p2a: Arbok\n|-resisted|p2a: Arbok\n|-damage|p2a: Arbok|145\/235\n|\n|-heal|p2a: Arbok|159\/235|[from] item: Black Sludge\n|upkeep\n|turn|4\n|\n|switch|p1a: Flygon|Flygon, L79, F|256\/256\n|move|p2a: Arbok|Coil|p2a: Arbok\n|-boost|p2a: Arbok|atk|1\n|-boost|p2a: Arbok|def|1\n|-boost|p2a: Arbok|accuracy|1\n|\n|-heal|p2a: Arbok|173\/235|[from] item: Black Sludge\n|upkeep\n|turn|5\n|\n|move|p1a: Flygon|Earthquake|p2a: Arbok\n|-supereffective|p2a: Arbok\n|-damage|p2a: Arbok|23\/235\n|move|p2a: Arbok|Coil|p2a: Arbok\n|-boost|p2a: Arbok|atk|1\n|-boost|p2a: Arbok|def|1\n|-boost|p2a: Arbok|accuracy|1\n|\n|-heal|p2a: Arbok|37\/235|[from] item: Black Sludge\n|upkeep\n|turn|6\n|\n|move|p2a: Arbok|Sucker Punch|p1a: Flygon\n|-damage|p1a: Flygon|140\/256\n|move|p1a: Flygon|Earthquake|p2a: Arbok\n|-supereffective|p2a: Arbok\n|-damage|p2a: Arbok|0 fnt\n|faint|p2a: Arbok\n|\n|upkeep\n|\n|switch|p2a: Skarmory|Skarmory, L75, M|221\/221\n|turn|7\n|\n|switch|p1a: Primarina|Primarina, L77, M|38\/250\n|move|p2a: Skarmory|Stealth Rock|p1a: Primarina\n|-sidestart|p1: Ras101|move: Stealth Rock\n|\n|upkeep\n|turn|8\n|\n|move|p2a: Skarmory|Brave Bird|p1a: Primarina\n|-damage|p1a: Primarina|0 fnt\n|-damage|p2a: Skarmory|208\/221|[from] Recoil\n|faint|p1a: Primarina\n|\n|-heal|p2a: Skarmory|221\/221|[from] item: Leftovers\n|upkeep\n|inactive|Ras101 has 120 seconds left.\n|\n|switch|p1a: Wormadam|Wormadam-Trash, L83, F|235\/235\n|-damage|p1a: Wormadam|206\/235|[from] Stealth Rock\n|turn|9\n|\n|move|p1a: Wormadam|Stealth Rock|p2a: Skarmory\n|-sidestart|p2: wolfwarrior|move: Stealth Rock\n|move|p2a: Skarmory|Whirlwind|p1a: Wormadam\n|drag|p1a: Gliscor|Gliscor, L75, M|236\/236\n|-damage|p1a: Gliscor|207\/236|[from] Stealth Rock\n|\n|-status|p1a: Gliscor|tox|[from] item: Toxic Orb\n|upkeep\n|turn|10\n|\n|move|p1a: Gliscor|Substitute|p1a: Gliscor\n|-start|p1a: Gliscor|Substitute\n|-damage|p1a: Gliscor|148\/236 tox\n|move|p2a: Skarmory|Whirlwind|p1a: Gliscor\n|drag|p1a: Mewtwo|Mewtwo, L73|275\/275\n|-ability|p1a: Mewtwo|Unnerve|p2: wolfwarrior\n|-damage|p1a: Mewtwo|241\/275|[from] Stealth Rock\n|\n|upkeep\n|turn|11\n|\n|detailschange|p1a: Mewtwo|Mewtwo-Mega-X, L73\n|-mega|p1a: Mewtwo|Mewtwo|Mewtwonite X\n|move|p1a: Mewtwo|Stone Edge|p2a: Skarmory\n|-damage|p2a: Skarmory|145\/221\n|move|p2a: Skarmory|Whirlwind|p1a: Mewtwo\n|drag|p1a: Flygon|Flygon, L79, F|140\/256\n|-damage|p1a: Flygon|124\/256|[from] Stealth Rock\n|\n|-heal|p2a: Skarmory|158\/221|[from] item: Leftovers\n|upkeep\n|turn|12\n|\n|move|p1a: Flygon|Dragon Dance|p1a: Flygon\n|-boost|p1a: Flygon|atk|1\n|-boost|p1a: Flygon|spe|1\n|move|p2a: Skarmory|Whirlwind|p1a: Flygon\n|drag|p1a: Gliscor|Gliscor, L75, M|148\/236 tox\n|-damage|p1a: Gliscor|119\/236 tox|[from] Stealth Rock\n|\n|-heal|p2a: Skarmory|171\/221|[from] item: Leftovers\n|-heal|p1a: Gliscor|148\/236 tox|[from] ability: Poison Heal\n|upkeep\n|turn|13\n|\n|move|p1a: Gliscor|Roost|p1a: Gliscor\n|-heal|p1a: Gliscor|236\/236 tox\n|move|p2a: Skarmory|Whirlwind|p1a: Gliscor\n|drag|p1a: Wormadam|Wormadam-Trash, L83, F|206\/235\n|-damage|p1a: Wormadam|177\/235|[from] Stealth Rock\n|\n|-heal|p2a: Skarmory|184\/221|[from] item: Leftovers\n|-heal|p1a: Wormadam|191\/235|[from] item: Leftovers\n|upkeep\n|turn|14\n|\n|move|p1a: Wormadam|Gyro Ball|p2a: Skarmory\n|-resisted|p2a: Skarmory\n|-damage|p2a: Skarmory|168\/221\n|move|p2a: Skarmory|Whirlwind|p1a: Wormadam\n|drag|p1a: Mewtwo|Mewtwo-Mega-X, L73|241\/275\n|-damage|p1a: Mewtwo|224\/275|[from] Stealth Rock\n|\n|-heal|p2a: Skarmory|181\/221|[from] item: Leftovers\n|upkeep\n|turn|15\n|\n|move|p1a: Mewtwo|Drain Punch|p2a: Skarmory\n|-damage|p2a: Skarmory|93\/221\n|-heal|p1a: Mewtwo|268\/275|[from] drain|[of] p2a: Skarmory\n|move|p2a: Skarmory|Whirlwind|p1a: Mewtwo\n|drag|p1a: Passimian|Passimian, L81, M|295\/295\n|-damage|p1a: Passimian|277\/295|[from] Stealth Rock\n|\n|-heal|p2a: Skarmory|106\/221|[from] item: Leftovers\n|upkeep\n|turn|16\n|\n|move|p1a: Passimian|Close Combat|p2a: Skarmory\n|-damage|p2a: Skarmory|0 fnt\n|-unboost|p1a: Passimian|def|1\n|-unboost|p1a: Passimian|spd|1\n|faint|p2a: Skarmory\n|\n|upkeep\n|\n|switch|p2a: Drapion|Drapion, L79, M|240\/240\n|-damage|p2a: Drapion|210\/240|[from] Stealth Rock\n|turn|17\n|\n|switch|p1a: Gliscor|Gliscor, L75, M|236\/236 tox\n|-damage|p1a: Gliscor|207\/236 tox|[from] Stealth Rock\n|move|p2a: Drapion|Knock Off|p1a: Gliscor\n|-damage|p1a: Gliscor|104\/236 tox\n|-enditem|p1a: Gliscor|Toxic Orb|[from] move: Knock Off|[of] p2a: Drapion\n|-damage|p2a: Drapion|186\/240|[from] item: Life Orb\n|\n|-heal|p1a: Gliscor|133\/236 tox|[from] ability: Poison Heal\n|upkeep\n|turn|18\n|\n|move|p2a: Drapion|Aqua Tail|p1a: Gliscor\n|-supereffective|p1a: Gliscor\n|-damage|p1a: Gliscor|13\/236 tox\n|-damage|p2a: Drapion|162\/240|[from] item: Life Orb\n|move|p1a: Gliscor|Roost|p1a: Gliscor\n|-heal|p1a: Gliscor|131\/236 tox\n|\n|-heal|p1a: Gliscor|160\/236 tox|[from] ability: Poison Heal\n|upkeep\n|turn|19\n|\n|move|p1a: Gliscor|Protect|p1a: Gliscor\n|-singleturn|p1a: Gliscor|Protect\n|move|p2a: Drapion|Aqua Tail|p1a: Gliscor\n|-activate|p1a: Gliscor|move: Protect\n|\n|-heal|p1a: Gliscor|189\/236 tox|[from] ability: Poison Heal\n|upkeep\n|turn|20\n|\n|move|p2a: Drapion|Aqua Tail|p1a: Gliscor\n|-supereffective|p1a: Gliscor\n|-damage|p1a: Gliscor|75\/236 tox\n|-damage|p2a: Drapion|138\/240|[from] item: Life Orb\n|move|p1a: Gliscor|Earthquake|p2a: Drapion\n|-supereffective|p2a: Drapion\n|-damage|p2a: Drapion|0 fnt\n|faint|p2a: Drapion\n|\n|-heal|p1a: Gliscor|104\/236 tox|[from] ability: Poison Heal\n|upkeep\n|\n|switch|p2a: Shiftry|Shiftry, L83, M|285\/285\n|-damage|p2a: Shiftry|250\/285|[from] Stealth Rock\n|turn|21\n|\n|move|p1a: Gliscor|Earthquake|p2a: Shiftry\n|-resisted|p2a: Shiftry\n|-damage|p2a: Shiftry|195\/285\n|move|p2a: Shiftry|Swords Dance|p2a: Shiftry\n|-boost|p2a: Shiftry|atk|2\n|\n|-heal|p1a: Gliscor|133\/236 tox|[from] ability: Poison Heal\n|upkeep\n|turn|22\n|\n|switch|p1a: Wormadam|Wormadam-Trash, L83, F|191\/235\n|-damage|p1a: Wormadam|162\/235|[from] Stealth Rock\n|move|p2a: Shiftry|Swords Dance|p2a: Shiftry\n|-boost|p2a: Shiftry|atk|2\n|\n|-heal|p1a: Wormadam|176\/235|[from] item: Leftovers\n|upkeep\n|turn|23\n|\n|move|p2a: Shiftry|Knock Off|p1a: Wormadam\n|-damage|p1a: Wormadam|0 fnt\n|-enditem|p1a: Wormadam|Leftovers|[from] move: Knock Off|[of] p2a: Shiftry\n|-damage|p2a: Shiftry|167\/285|[from] item: Life Orb\n|faint|p1a: Wormadam\n|\n|upkeep\n|\n|switch|p1a: Passimian|Passimian, L81, M|277\/295\n|-damage|p1a: Passimian|259\/295|[from] Stealth Rock\n|turn|24\n|\n|move|p2a: Shiftry|Sucker Punch|p1a: Passimian\n|-resisted|p1a: Passimian\n|-damage|p1a: Passimian|123\/295\n|-damage|p2a: Shiftry|139\/285|[from] item: Life Orb\n|move|p1a: Passimian|Close Combat|p2a: Shiftry\n|-supereffective|p2a: Shiftry\n|-damage|p2a: Shiftry|0 fnt\n|-unboost|p1a: Passimian|def|1\n|-unboost|p1a: Passimian|spd|1\n|faint|p2a: Shiftry\n|\n|upkeep\n|\n|switch|p2a: Shaymin|Shaymin, L79|149\/288\n|-damage|p2a: Shaymin|113\/288|[from] Stealth Rock\n|turn|25\n|\n|move|p2a: Shaymin|Seed Flare|p1a: Passimian\n|-damage|p1a: Passimian|0 fnt\n|faint|p1a: Passimian\n|\n|-heal|p2a: Shaymin|131\/288|[from] item: Leftovers\n|upkeep\n|\n|switch|p1a: Flygon|Flygon, L79, F|124\/256\n|-damage|p1a: Flygon|108\/256|[from] Stealth Rock\n|turn|26\n|\n|move|p1a: Flygon|Roost|p1a: Flygon\n|-heal|p1a: Flygon|236\/256\n|move|p2a: Shaymin|Seed Flare|p1a: Flygon\n|-damage|p1a: Flygon|97\/256\n|\n|-heal|p2a: Shaymin|149\/288|[from] item: Leftovers\n|upkeep\n|turn|27\n|\n|move|p2a: Shaymin|Seed Flare|p1a: Flygon|[miss]\n|-miss|p2a: Shaymin|p1a: Flygon\n|move|p1a: Flygon|Outrage|p2a: Shaymin\n|-damage|p2a: Shaymin|32\/288\n|\n|-heal|p2a: Shaymin|50\/288|[from] item: Leftovers\n|upkeep\n|turn|28\n|\n|move|p2a: Shaymin|Rest|p2a: Shaymin\n|-status|p2a: Shaymin|slp\n|-heal|p2a: Shaymin|288\/288 slp|[silent]\n|-status|p2a: Shaymin|slp|[from] move: Rest\n|move|p1a: Flygon|Outrage|p2a: Shaymin|[from]lockedmove\n|-damage|p2a: Shaymin|167\/288 slp\n|-start|p1a: Flygon|confusion|[fatigue]\n|-enditem|p1a: Flygon|Lum Berry|[eat]\n|-end|p1a: Flygon|confusion\n|\n|-heal|p2a: Shaymin|185\/288 slp|[from] item: Leftovers\n|upkeep\n|turn|29\n|\n|-curestatus|p2a: Shaymin|slp|[from] ability: Natural Cure\n|switch|p2a: Stantler|Stantler, L83, M|257\/257\n|-damage|p2a: Stantler|225\/257|[from] Stealth Rock\n|move|p1a: Flygon|Dragon Dance|p1a: Flygon\n|-boost|p1a: Flygon|atk|1\n|-boost|p1a: Flygon|spe|1\n|\n|upkeep\n|turn|30\n|\n|move|p1a: Flygon|Outrage|p2a: Stantler\n|-damage|p2a: Stantler|12\/257\n|move|p2a: Stantler|Double-Edge|p1a: Flygon\n|-damage|p1a: Flygon|0 fnt\n|-damage|p2a: Stantler|0 fnt|[from] Recoil\n|faint|p1a: Flygon\n|faint|p2a: Stantler\n|\n|upkeep\n|\n|switch|p1a: Mewtwo|Mewtwo-Mega-X, L73|268\/275\n|switch|p2a: Shaymin|Shaymin, L79|185\/288\n|-damage|p1a: Mewtwo|251\/275|[from] Stealth Rock\n|-damage|p2a: Shaymin|149\/288|[from] Stealth Rock\n|turn|31\n|\n|move|p1a: Mewtwo|Taunt|p2a: Shaymin\n|-start|p2a: Shaymin|move: Taunt\n|move|p2a: Shaymin|Seed Flare|p1a: Mewtwo|[miss]\n|-miss|p2a: Shaymin|p1a: Mewtwo\n|\n|-heal|p2a: Shaymin|167\/288|[from] item: Leftovers\n|upkeep\n|turn|32\n|\n|move|p1a: Mewtwo|Drain Punch|p2a: Shaymin\n|-damage|p2a: Shaymin|59\/288\n|-heal|p1a: Mewtwo|275\/275|[from] drain|[of] p2a: Shaymin\n|move|p2a: Shaymin|Seed Flare|p1a: Mewtwo\n|-damage|p1a: Mewtwo|149\/275\n|\n|-heal|p2a: Shaymin|77\/288|[from] item: Leftovers\n|upkeep\n|turn|33\n|\n|move|p1a: Mewtwo|Drain Punch|p2a: Shaymin\n|-damage|p2a: Shaymin|0 fnt\n|-heal|p1a: Mewtwo|188\/275|[from] drain|[of] p2a: Shaymin\n|faint|p2a: Shaymin\n|\n|win|Ras101\n|l|\u2606wolfwarrior\n|raw|Ras101's rating: 1550 &rarr; <strong>1572<\/strong><br \/>(+22 for winning)\n|raw|wolfwarrior's rating: 1575 &rarr; <strong>1553<\/strong><br \/>(-22 for losing)\n","inputlog":">version dd3da86f7f90746f95715545a1019a2f44f0f850\n>start {\"formatid\":\"gen7randombattle\",\"seed\":[55683,36511,51661,3336],\"rated\":\"Rated battle\"}\n>player p1 {\"name\":\"Ras101\",\"avatar\":\"265\",\"team\":\"\"}\n>player p2 {\"name\":\"wolfwarrior\",\"avatar\":\"162\",\"team\":\"\"}\n>p1 move moonblast\n>p2 move seedflare\n>p1 move moonblast\n>p2 move rest\n>p1 move moonblast\n>p2 switch 3\n>p1 switch 5\n>p2 move coil\n>p1 move earthquake\n>p2 move coil\n>p1 move earthquake\n>p2 move suckerpunch\n>p2 switch 5\n>p1 switch 5\n>p2 move stealthrock\n>p1 move hydropump\n>p2 move bravebird\n>p1 switch 4\n>p1 move stealthrock\n>p2 move whirlwind\n>p1 move substitute\n>p2 move whirlwind\n>p1 move stoneedge mega\n>p2 move whirlwind\n>p1 move dragondance\n>p2 move whirlwind\n>p1 move roost\n>p2 move whirlwind\n>p1 move gyroball\n>p2 move whirlwind\n>p1 move drainpunch\n>p2 move whirlwind\n>p1 move closecombat\n>p2 move roost\n>p2 switch 2\n>p1 switch 3\n>p2 move knockoff\n>p1 move roost\n>p2 move aquatail\n>p1 move protect\n>p2 move aquatail\n>p1 move earthquake\n>p2 move aquatail\n>p2 switch 4\n>p1 move earthquake\n>p2 move swordsdance\n>p1 switch 5\n>p2 move swordsdance\n>p1 move toxic\n>p2 move knockoff\n>p1 switch 3\n>p1 move closecombat\n>p2 move suckerpunch\n>p2 switch 3\n>p1 move closecombat\n>p2 move seedflare\n>p1 switch 6\n>p1 move roost\n>p2 move seedflare\n>p1 move outrage\n>p2 move seedflare\n>p1 move outrage\n>p2 move rest\n>p1 move dragondance\n>p2 switch 6\n>p1 move outrage\n>p2 move doubleedge\n>p1 switch 2\n>p2 switch 6\n>p1 move taunt\n>p2 move seedflare\n>p1 move drainpunch\n>p2 move seedflare\n>p1 move drainpunch\n>p2 move earthpower","uploadtime":1545609343,"views":0,"p1id":"ras101","p2id":"wolfwarrior","formatid":"gen7randombattle","rating":1553,"private":0,"password":null}