{"id":"gen7uu-1438125262","p1":"xasahbae","p2":"RichardPepper","format":"gen7uu","log":"|j|\u2606xasahbae\n|j|\u2606RichardPepper\n|inactive|Battle timer is ON: inactive players will automatically lose when time's up.\n|j|*Lady Monita \u263d\n|t:|1634629874\n|gametype|singles\n|player|p1|xasahbae|lass-gen4dp|\n|player|p2|RichardPepper|steven-gen3|\n|teamsize|p1|6\n|teamsize|p2|6\n|gen|7\n|tier|[Gen 7] UU\n|rated|Tournament battle\n|rule|Sleep Clause Mod: Limit one foe put to sleep\n|rule|Species Clause: Limit one of each Pok\u00e9mon\n|rule|OHKO Clause: OHKO moves are banned\n|rule|Moody Clause: Moody is banned\n|rule|Evasion Moves Clause: Evasion moves are banned\n|rule|Endless Battle Clause: Forcing endless battles is banned\n|rule|HP Percentage Mod: HP is shown in percentages\n|clearpoke\n|poke|p1|Sharpedo, M|item\n|poke|p1|Latias, F|item\n|poke|p1|Froslass, F|item\n|poke|p1|Cobalion|item\n|poke|p1|Mimikyu, F|item\n|poke|p1|Mamoswine, F|item\n|poke|p2|Milotic, F|item\n|poke|p2|Beedrill, M|item\n|poke|p2|Salazzle, F|item\n|poke|p2|Lucario, F|item\n|poke|p2|Gligar, F|item\n|poke|p2|Stakataka|item\n|teampreview\n|c|\u2606RichardPepper|hf\n|c|\u2606xasahbae|u2\n|\n|t:|1634629892\n|start\n|switch|p1a: icy waifu|Froslass, F|100\/100\n|switch|p2a: Beedrill|Beedrill, M|100\/100\n|turn|1\n|j| Anthuan-sama\n|inactive|RichardPepper has 120 seconds left.\n|\n|t:|1634629933\n|detailschange|p2a: Beedrill|Beedrill-Mega, M\n|-mega|p2a: Beedrill|Beedrill|Beedrillite\n|move|p2a: Beedrill|U-turn|p1a: icy waifu\n|-resisted|p1a: icy waifu\n|-damage|p1a: icy waifu|67\/100\n|\n|t:|1634629937\n|switch|p2a: Milotic|Milotic, F|100\/100|[from]move: U-turn\n|move|p1a: icy waifu|Spikes|p2a: Milotic\n|-sidestart|p2: RichardPepper|Spikes\n|\n|-status|p2a: Milotic|brn|[from] item: Flame Orb\n|upkeep\n|turn|2\n|\n|t:|1634629947\n|move|p1a: icy waifu|Spikes|p2a: Milotic\n|-sidestart|p2: RichardPepper|Spikes\n|move|p2a: Milotic|Toxic|p1a: icy waifu\n|-status|p1a: icy waifu|tox\n|\n|-damage|p1a: icy waifu|61\/100 tox|[from] psn\n|-damage|p2a: Milotic|94\/100 brn|[from] brn\n|upkeep\n|turn|3\n|inactive|RichardPepper has 120 seconds left.\n|\n|t:|1634629985\n|move|p1a: icy waifu|Taunt|p2a: Milotic\n|-start|p2a: Milotic|move: Taunt\n|move|p2a: Milotic|Scald|p1a: icy waifu\n|-damage|p1a: icy waifu|20\/100 tox\n|-start|p2a: Milotic|Disable|Scald|[from] ability: Cursed Body|[of] p1a: icy waifu\n|\n|-damage|p1a: icy waifu|8\/100 tox|[from] psn\n|-damage|p2a: Milotic|88\/100 brn|[from] brn\n|upkeep\n|turn|4\n|\n|t:|1634629992\n|switch|p2a: Gligar|Gligar, F|100\/100\n|move|p1a: icy waifu|Icy Wind|p2a: Gligar\n|-supereffective|p2a: Gligar\n|-crit|p2a: Gligar\n|-damage|p2a: Gligar|38\/100\n|-unboost|p2a: Gligar|spe|1\n|\n|-damage|p1a: icy waifu|0 fnt|[from] psn\n|faint|p1a: icy waifu\n|upkeep\n|\n|t:|1634630003\n|switch|p1a: memoswine|Mamoswine, F|100\/100\n|turn|5\n|\n|t:|1634630010\n|switch|p2a: Milotic|Milotic, F|88\/100 brn\n|-damage|p2a: Milotic|72\/100 brn|[from] Spikes\n|move|p1a: memoswine|Ice Shard|p2a: Milotic\n|-resisted|p2a: Milotic\n|-damage|p2a: Milotic|61\/100 brn\n|-damage|p1a: memoswine|91\/100|[from] item: Life Orb\n|\n|-damage|p2a: Milotic|55\/100 brn|[from] brn\n|upkeep\n|turn|6\n|\n|t:|1634630016\n|move|p1a: memoswine|Earthquake|p2a: Milotic\n|-damage|p2a: Milotic|3\/100 brn\n|-damage|p1a: memoswine|81\/100|[from] item: Life Orb\n|move|p2a: Milotic|Recover|p2a: Milotic\n|-heal|p2a: Milotic|53\/100 brn\n|\n|-damage|p2a: Milotic|47\/100 brn|[from] brn\n|upkeep\n|turn|7\n|\n|t:|1634630023\n|move|p1a: memoswine|Earthquake|p2a: Milotic\n|-damage|p2a: Milotic|0 fnt\n|faint|p2a: Milotic\n|-damage|p1a: memoswine|71\/100|[from] item: Life Orb\n|\n|upkeep\n|\n|t:|1634630032\n|switch|p2a: Salazzle|Salazzle, F|100\/100\n|-damage|p2a: Salazzle|84\/100|[from] Spikes\n|turn|8\n|\n|t:|1634630037\n|move|p2a: Salazzle|Flamethrower|p1a: memoswine\n|-supereffective|p1a: memoswine\n|-damage|p1a: memoswine|14\/100\n|move|p1a: memoswine|Earthquake|p2a: Salazzle\n|-supereffective|p2a: Salazzle\n|-damage|p2a: Salazzle|0 fnt\n|faint|p2a: Salazzle\n|-damage|p1a: memoswine|4\/100|[from] item: Life Orb\n|\n|upkeep\n|\n|t:|1634630047\n|switch|p2a: Lucario|Lucario, F|100\/100\n|-damage|p2a: Lucario|84\/100|[from] Spikes\n|turn|9\n|\n|t:|1634630066\n|switch|p1a: mi mi mi sexy mimi|Mimikyu, F|100\/100\n|move|p2a: Lucario|Extreme Speed|p1a: mi mi mi sexy mimi\n|-immune|p1a: mi mi mi sexy mimi\n|\n|upkeep\n|turn|10\n|\n|t:|1634630074\n|move|p1a: mi mi mi sexy mimi|Swords Dance|p1a: mi mi mi sexy mimi\n|-boost|p1a: mi mi mi sexy mimi|atk|2\n|move|p2a: Lucario|Ice Punch|p1a: mi mi mi sexy mimi\n|-activate|p1a: mi mi mi sexy mimi|ability: Disguise\n|-damage|p1a: mi mi mi sexy mimi|100\/100\n|detailschange|p1a: mi mi mi sexy mimi|Mimikyu-Busted, F\n|\n|upkeep\n|turn|11\n|\n|t:|1634630079\n|move|p1a: mi mi mi sexy mimi|Shadow Claw|p2a: Lucario\n|-damage|p2a: Lucario|0 fnt\n|faint|p2a: Lucario\n|-damage|p1a: mi mi mi sexy mimi|91\/100|[from] item: Life Orb\n|\n|upkeep\n|\n|t:|1634630086\n|switch|p2a: Gligar|Gligar, F|38\/100\n|turn|12\n|\n|t:|1634630088\n|move|p1a: mi mi mi sexy mimi|Shadow Claw|p2a: Gligar\n|-damage|p2a: Gligar|0 fnt\n|faint|p2a: Gligar\n|-damage|p1a: mi mi mi sexy mimi|81\/100|[from] item: Life Orb\n|\n|upkeep\n|\n|t:|1634630092\n|switch|p2a: Stakataka|Stakataka|100\/100\n|-damage|p2a: Stakataka|84\/100|[from] Spikes\n|turn|13\n|\n|t:|1634630095\n|move|p1a: mi mi mi sexy mimi|Shadow Claw|p2a: Stakataka\n|-damage|p2a: Stakataka|26\/100\n|-damage|p1a: mi mi mi sexy mimi|71\/100|[from] item: Life Orb\n|move|p2a: Stakataka|Gyro Ball|p1a: mi mi mi sexy mimi\n|-supereffective|p1a: mi mi mi sexy mimi\n|-damage|p1a: mi mi mi sexy mimi|0 fnt\n|faint|p1a: mi mi mi sexy mimi\n|-ability|p2a: Stakataka|Beast Boost|boost\n|-boost|p2a: Stakataka|atk|1\n|\n|upkeep\n|\n|t:|1634630122\n|switch|p1a: sewage|Cobalion|100\/100\n|turn|14\n|\n|t:|1634630127\n|move|p1a: sewage|Close Combat|p2a: Stakataka\n|-supereffective|p2a: Stakataka\n|-damage|p2a: Stakataka|0 fnt\n|-unboost|p1a: sewage|def|1\n|-unboost|p1a: sewage|spd|1\n|faint|p2a: Stakataka\n|\n|upkeep\n|\n|t:|1634630129\n|switch|p2a: Beedrill|Beedrill-Mega, M|100\/100\n|-damage|p2a: Beedrill|84\/100|[from] Spikes\n|turn|15\n|\n|t:|1634630135\n|switch|p1a: no pursuit pls|Latias, F|100\/100\n|move|p2a: Beedrill|Drill Run|p1a: no pursuit pls\n|-immune|p1a: no pursuit pls|[from] ability: Levitate\n|\n|upkeep\n|turn|16\n|\n|t:|1634630138\n|move|p2a: Beedrill|U-turn|p1a: no pursuit pls\n|-supereffective|p1a: no pursuit pls\n|-damage|p1a: no pursuit pls|0 fnt\n|faint|p1a: no pursuit pls\n|\n|upkeep\n|\n|t:|1634630142\n|switch|p1a: memoswine|Mamoswine, F|4\/100\n|turn|17\n|\n|t:|1634630145\n|move|p1a: memoswine|Ice Shard|p2a: Beedrill\n|-damage|p2a: Beedrill|10\/100\n|-damage|p1a: memoswine|0 fnt|[from] item: Life Orb\n|faint|p1a: memoswine\n|move|p2a: Beedrill|Fell Stinger|p1: memoswine|[notarget]\n|-fail|p2a: Beedrill\n|\n|upkeep\n|c|\u2606xasahbae|gg\n|\n|t:|1634630149\n|switch|p1a: sewage|Cobalion|100\/100\n|turn|18\n|c|\u2606RichardPepper|gg\n|\n|t:|1634630152\n|move|p2a: Beedrill|Drill Run|p1a: sewage\n|-supereffective|p1a: sewage\n|-enditem|p1a: sewage|Shuca Berry|[eat]\n|-enditem|p1a: sewage|Shuca Berry|[weaken]\n|-damage|p1a: sewage|74\/100\n|move|p1a: sewage|Iron Head|p2a: Beedrill\n|-damage|p2a: Beedrill|0 fnt\n|faint|p2a: Beedrill\n|\n|win|xasahbae\n|n|\u2606xasahbae|xasahbae\n|n|\u2606RichardPepper|richardpepper\n|n|*Lady Monita \u263d|ladymonita\n|n| Anthuan-sama|anthuansama\n|l|*Lady Monita \u263d\n|l|\u2606RichardPepper\n|l|\u2606xasahbae\n|j|\u2606xasahbae\n|player|p1|xasahbae|lass-gen4dp\n","uploadtime":1634630179,"views":7,"p1id":"xasahbae","p2id":"richardpepper","formatid":"gen7uu","rating":0,"private":0,"password":null}