{"id":"gen7anythinggoes-963729375","p1":"dingalingading","p2":"Walletinspector62","format":"gen7anythinggoes","log":"|j|\u2606dingalingading\n|j|\u2606Walletinspector62\n|player|p1|dingalingading|75|\n|player|p2|Walletinspector62|266|\n|teamsize|p1|6\n|teamsize|p2|6\n|gametype|singles\n|gen|7\n|tier|[Gen 7] Anything Goes\n|rule|Endless Battle Clause: Forcing endless battles is banned\n|clearpoke\n|poke|p1|Tapu Koko|item\n|poke|p1|Victini|item\n|poke|p1|Greninja, M|item\n|poke|p1|Latios, M|item\n|poke|p1|Sceptile, F|item\n|poke|p1|Gligar, M|item\n|poke|p2|Charizard, M|item\n|poke|p2|Starmie|item\n|poke|p2|Kartana|item\n|poke|p2|Landorus-Therian, M|item\n|poke|p2|Ninetales-Alola, M|item\n|poke|p2|Jolteon, M|item\n|rule|HP Percentage Mod: HP is shown in percentages\n|teampreview\n|c|\u2606Walletinspector62|Glhf\n|c|\u2606dingalingading|hf\n|c|\u2606dingalingading|and oops\n|c|\u2606dingalingading|lol my pokemon are named by their point cost xD\n|c|\u2606dingalingading|oopsie\n|l|\u2606Walletinspector62\n|player|p2|\n|j|\u2606Walletinspector62\n|player|p2|Walletinspector62|266\n|\n|start\n|switch|p1a: 16|Victini|100\/100\n|switch|p2a: Emma Frost|Ninetales-Alola, M, shiny|100\/100\n|-weather|Hail|[from] ability: Snow Warning|[of] p2a: Emma Frost\n|turn|1\n|\n|switch|p2a: Tigris|Landorus-Therian, M, shiny|100\/100\n|-ability|p2a: Tigris|Intimidate|boost\n|-unboost|p1a: 16|atk|1\n|move|p1a: 16|Zen Headbutt|p2a: Tigris\n|-damage|p2a: Tigris|73\/100\n|\n|-weather|Hail|[upkeep]\n|-damage|p2a: Tigris|67\/100|[from] Hail\n|-damage|p1a: 16|94\/100|[from] Hail\n|upkeep\n|turn|2\n|\n|move|p2a: Tigris|U-turn|p1a: 16\n|-damage|p1a: 16|69\/100\n|\n|switch|p2a: Starmie|Starmie, shiny|100\/100|[from]move: U-turn\n|move|p1a: 16|V-create|p2a: Starmie\n|-resisted|p2a: Starmie\n|-damage|p2a: Starmie|68\/100\n|-unboost|p1a: 16|spe|1\n|-unboost|p1a: 16|def|1\n|-unboost|p1a: 16|spd|1\n|\n|-weather|Hail|[upkeep]\n|-damage|p2a: Starmie|62\/100|[from] Hail\n|-damage|p1a: 16|63\/100|[from] Hail\n|-heal|p2a: Starmie|68\/100|[from] item: Leftovers\n|upkeep\n|turn|3\n|\n|switch|p1a: 15|Latios, M|100\/100\n|move|p2a: Starmie|Scald|p1a: 15\n|-resisted|p1a: 15\n|-damage|p1a: 15|87\/100\n|\n|-weather|Hail|[upkeep]\n|-damage|p2a: Starmie|62\/100|[from] Hail\n|-damage|p1a: 15|81\/100|[from] Hail\n|-heal|p2a: Starmie|68\/100|[from] item: Leftovers\n|upkeep\n|turn|4\n|\n|move|p2a: Starmie|Toxic|p1a: 15|[miss]\n|-miss|p2a: Starmie|p1a: 15\n|move|p1a: 15|Dragon Pulse|p2a: Starmie\n|-damage|p2a: Starmie|0 fnt\n|-damage|p1a: 15|71\/100|[from] item: Life Orb\n|faint|p2a: Starmie\n|\n|-weather|Hail|[upkeep]\n|-damage|p1a: 15|65\/100|[from] Hail\n|upkeep\n|\n|switch|p2a: Emma Frost|Ninetales-Alola, M, shiny|100\/100\n|turn|5\n|c|\u2606Walletinspector62|Oof\n|\n|move|p1a: 15|Hidden Power|p2a: Emma Frost\n|-supereffective|p2a: Emma Frost\n|-damage|p2a: Emma Frost|0 fnt\n|-damage|p1a: 15|55\/100|[from] item: Life Orb\n|faint|p2a: Emma Frost\n|\n|-weather|none\n|upkeep\n|c|\u2606dingalingading|welp\n|\n|switch|p2a: Tigris|Landorus-Therian, M, shiny|67\/100\n|-ability|p2a: Tigris|Intimidate|boost\n|-unboost|p1a: 15|atk|1\n|turn|6\n|\n|switch|p1a: Gligar|Gligar, M|100\/100\n|move|p2a: Tigris|U-turn|p1a: Gligar\n|-resisted|p1a: Gligar\n|-damage|p1a: Gligar|95\/100\n|\n|switch|p2a: Zap Doggo|Jolteon, M|100\/100|[from]move: U-turn\n|\n|upkeep\n|turn|7\n|\n|switch|p1a: 16|Victini|63\/100\n|move|p2a: Zap Doggo|Volt Switch|p1a: 16\n|-damage|p1a: 16|10\/100\n|\n|switch|p2a: Tigris|Landorus-Therian, M, shiny|67\/100|[from]move: Volt Switch\n|-ability|p2a: Tigris|Intimidate|boost\n|-unboost|p1a: 16|atk|1\n|\n|upkeep\n|turn|8\n|\n|move|p2a: Tigris|U-turn|p1a: 16\n|-damage|p1a: 16|0 fnt\n|faint|p1a: 16\n|\n|switch|p2a: Zap Doggo|Jolteon, M|100\/100|[from]move: U-turn\n|\n|upkeep\n|\n|switch|p1a: 18|Tapu Koko|100\/100\n|-fieldstart|move: Electric Terrain|[from] ability: Electric Surge|[of] p1a: 18\n|turn|9\n|\n|switch|p1a: Gligar|Gligar, M|95\/100\n|move|p2a: Zap Doggo|Shadow Ball|p1a: Gligar\n|-damage|p1a: Gligar|58\/100\n|\n|upkeep\n|turn|10\n|\n|switch|p2a: KyleRedfern|Charizard, M, shiny|100\/100\n|move|p1a: Gligar|Stealth Rock|p2a: KyleRedfern\n|-sidestart|p2: Walletinspector62|move: Stealth Rock\n|\n|upkeep\n|turn|11\n|\n|detailschange|p2a: KyleRedfern|Charizard-Mega-X, M, shiny\n|-mega|p2a: KyleRedfern|Charizard|Charizardite X\n|move|p2a: KyleRedfern|Dragon Dance|p2a: KyleRedfern\n|-boost|p2a: KyleRedfern|atk|1\n|-boost|p2a: KyleRedfern|spe|1\n|move|p1a: Gligar|Toxic|p2a: KyleRedfern\n|-status|p2a: KyleRedfern|tox\n|\n|-damage|p2a: KyleRedfern|94\/100 tox|[from] psn\n|upkeep\n|turn|12\n|\n|move|p2a: KyleRedfern|Flare Blitz|p1a: Gligar\n|-damage|p1a: Gligar|0 fnt\n|-damage|p2a: KyleRedfern|73\/100 tox|[from] Recoil\n|faint|p1a: Gligar\n|\n|-damage|p2a: KyleRedfern|61\/100 tox|[from] psn\n|upkeep\n|\n|switch|p1a: 4|Sceptile, F|100\/100\n|-enditem|p1a: 4|Electric Seed\n|-boost|p1a: 4|def|1\n|turn|13\n|\n|switch|p1a: 13|Greninja, M|100\/100\n|move|p2a: KyleRedfern|Flare Blitz|p1a: 13\n|-resisted|p1a: 13\n|-damage|p1a: 13|0 fnt\n|-damage|p2a: KyleRedfern|26\/100 tox|[from] Recoil\n|faint|p1a: 13\n|\n|-damage|p2a: KyleRedfern|8\/100 tox|[from] psn\n|-fieldend|move: Electric Terrain\n|upkeep\n|\n|switch|p1a: 15|Latios, M|55\/100\n|turn|14\n|\n|move|p2a: KyleRedfern|Flare Blitz|p1a: 15\n|-resisted|p1a: 15\n|-damage|p1a: 15|0 fnt\n|-damage|p2a: KyleRedfern|0 fnt|[from] Recoil\n|faint|p1a: 15\n|faint|p2a: KyleRedfern\n|\n|upkeep\n|\n|switch|p1a: 4|Sceptile, F|100\/100\n|switch|p2a: Tigris|Landorus-Therian, M, shiny|67\/100\n|-damage|p2a: Tigris|55\/100|[from] Stealth Rock\n|-ability|p2a: Tigris|Intimidate|boost\n|-unboost|p1a: 4|atk|1\n|turn|15\n|\n|move|p2a: Tigris|U-turn|p1a: 4\n|-supereffective|p1a: 4\n|-damage|p1a: 4|15\/100\n|\n|switch|p2a: Samurai Jack|Kartana, shiny|100\/100|[from]move: U-turn\n|-damage|p2a: Samurai Jack|94\/100|[from] Stealth Rock\n|move|p1a: 4|Hidden Power|p2a: Samurai Jack\n|-supereffective|p2a: Samurai Jack\n|-damage|p2a: Samurai Jack|0 fnt\n|faint|p2a: Samurai Jack\n|\n|upkeep\n|\n|switch|p2a: Tigris|Landorus-Therian, M, shiny|55\/100\n|-damage|p2a: Tigris|43\/100|[from] Stealth Rock\n|-ability|p2a: Tigris|Intimidate|boost\n|-unboost|p1a: 4|atk|1\n|turn|16\n|c|\u2606dingalingading|ugh\n|c|\u2606dingalingading|honestly i forgot that id lose unburden after switching xD\n|c|\u2606Walletinspector62|Yeah that always gets me with lucha in OU\n|\n|move|p2a: Tigris|U-turn|p1a: 4\n|-supereffective|p1a: 4\n|-damage|p1a: 4|0 fnt\n|faint|p1a: 4\n|\n|switch|p2a: Zap Doggo|Jolteon, M|100\/100|[from]move: U-turn\n|-damage|p2a: Zap Doggo|88\/100|[from] Stealth Rock\n|\n|upkeep\n|\n|switch|p1a: 18|Tapu Koko|100\/100\n|-fieldstart|move: Electric Terrain|[from] ability: Electric Surge|[of] p1a: 18\n|turn|17\n|\n|move|p2a: Zap Doggo|Shadow Ball|p1a: 18\n|-damage|p1a: 18|44\/100\n|-unboost|p1a: 18|spd|1\n|move|p1a: 18|Hidden Power|p2a: Zap Doggo\n|-damage|p2a: Zap Doggo|65\/100\n|\n|upkeep\n|turn|18\n|c|\u2606dingalingading|gg\n|c|\u2606Walletinspector62|Gg\n|\n|move|p1a: 18|Hidden Power|p2a: Zap Doggo\n|-damage|p2a: Zap Doggo|43\/100\n|move|p2a: Zap Doggo|Shadow Ball|p1a: 18\n|-damage|p1a: 18|0 fnt\n|faint|p1a: 18\n|\n|win|Walletinspector62\n|l|\u2606dingalingading\n|l|\u2606Walletinspector62\n|j|\u2606dingalingading\n|player|p1|dingalingading|75\n","uploadtime":1566399648,"views":1,"p1id":"dingalingading","p2id":"walletinspector62","formatid":"gen7anythinggoes","rating":0,"private":0,"password":null}