{"id":"gen7ou-1352281704","p1":"RTSG tests","p2":"sheeshlord","format":"gen7ou","log":"|j|\u2606RTSG tests\n|j|\u2606sheeshlord\n|t:|1622706065\n|gametype|singles\n|player|p1|RTSG tests|169|1270\n|player|p2|sheeshlord|265|1301\n|teamsize|p1|6\n|teamsize|p2|6\n|gen|7\n|tier|[Gen 7] OU\n|rated|\n|rule|Sleep Clause Mod: Limit one foe put to sleep\n|rule|Species Clause: Limit one of each Pok\u00e9mon\n|rule|OHKO Clause: OHKO moves are banned\n|rule|Moody Clause: Moody is banned\n|rule|Evasion Moves Clause: Evasion moves are banned\n|rule|Endless Battle Clause: Forcing endless battles is banned\n|rule|HP Percentage Mod: HP is shown in percentages\n|clearpoke\n|poke|p1|Sceptile, M|item\n|poke|p1|Feraligatr, M|item\n|poke|p1|Infernape, M|item\n|poke|p1|Latios, M|item\n|poke|p1|Dugtrio-Alola, M|item\n|poke|p1|Thundurus-Therian, M|item\n|poke|p2|Ambipom, F|item\n|poke|p2|Cloyster, M|item\n|poke|p2|Thundurus, M|item\n|poke|p2|Lopunny, F|item\n|poke|p2|Tapu Lele|item\n|poke|p2|Umbreon, M|item\n|teampreview\n|inactive|Battle timer is ON: inactive players will automatically lose when time's up. (requested by RTSG tests)\n|\n|t:|1622706074\n|start\n|switch|p1a: Dugtrio|Dugtrio-Alola, M|100\/100\n|switch|p2a: Cloyster|Cloyster, M|100\/100\n|turn|1\n|\n|t:|1622706080\n|move|p1a: Dugtrio|Stealth Rock|p2a: Cloyster\n|-sidestart|p2: sheeshlord|move: Stealth Rock\n|move|p2a: Cloyster|Shell Smash|p2a: Cloyster\n|-unboost|p2a: Cloyster|def|1\n|-unboost|p2a: Cloyster|spd|1\n|-boost|p2a: Cloyster|atk|2\n|-boost|p2a: Cloyster|spa|2\n|-boost|p2a: Cloyster|spe|2\n|-enditem|p2a: Cloyster|White Herb\n|-clearnegativeboost|p2a: Cloyster|[silent]\n|\n|upkeep\n|turn|2\n|\n|t:|1622706088\n|move|p2a: Cloyster|Icicle Spear|p1a: Dugtrio\n|-damage|p1a: Dugtrio|39\/100\n|-damage|p1a: Dugtrio|0 fnt\n|faint|p1a: Dugtrio\n|-hitcount|p1: Dugtrio|2\n|\n|upkeep\n|\n|t:|1622706092\n|switch|p1a: Latios|Latios, M|100\/100\n|turn|3\n|\n|t:|1622706094\n|move|p1a: Latios|Energy Ball|p2a: Cloyster\n|-supereffective|p2a: Cloyster\n|-damage|p2a: Cloyster|0 fnt\n|faint|p2a: Cloyster\n|\n|upkeep\n|\n|t:|1622706100\n|switch|p2a: Thundurus|Thundurus, M|100\/100\n|-damage|p2a: Thundurus|76\/100|[from] Stealth Rock\n|turn|4\n|\n|t:|1622706105\n|switch|p1a: Thundurus|Thundurus-Therian, M|100\/100\n|move|p2a: Thundurus|Defog|p1a: Thundurus\n|-unboost|p1a: Thundurus|evasion|1\n|-sideend|p2: sheeshlord|Stealth Rock|[from] move: Defog|[of] p2a: Thundurus\n|\n|-heal|p2a: Thundurus|82\/100|[from] item: Leftovers\n|upkeep\n|turn|5\n|\n|t:|1622706110\n|move|p2a: Thundurus|Toxic|p1a: Thundurus\n|-status|p1a: Thundurus|tox\n|move|p1a: Thundurus|Nasty Plot|p1a: Thundurus\n|-boost|p1a: Thundurus|spa|2\n|\n|-heal|p2a: Thundurus|88\/100|[from] item: Leftovers\n|-damage|p1a: Thundurus|94\/100 tox|[from] psn\n|upkeep\n|turn|6\n|\n|t:|1622706114\n|move|p2a: Thundurus|Taunt|p1a: Thundurus\n|-start|p1a: Thundurus|move: Taunt\n|move|p1a: Thundurus|Thunderbolt|p2a: Thundurus\n|-damage|p2a: Thundurus|4\/100\n|\n|-heal|p2a: Thundurus|10\/100|[from] item: Leftovers\n|-damage|p1a: Thundurus|82\/100 tox|[from] psn\n|upkeep\n|turn|7\n|\n|t:|1622706121\n|move|p1a: Thundurus|Hidden Power|p2a: Thundurus\n|-supereffective|p2a: Thundurus\n|-damage|p2a: Thundurus|0 fnt\n|faint|p2a: Thundurus\n|\n|-damage|p1a: Thundurus|64\/100 tox|[from] psn\n|upkeep\n|\n|t:|1622706132\n|switch|p2a: Ambipom|Ambipom, F|100\/100\n|turn|8\n|\n|t:|1622706137\n|switch|p1a: Feraligatr|Feraligatr, M|100\/100\n|move|p2a: Ambipom|Fake Out|p1a: Feraligatr\n|-damage|p1a: Feraligatr|75\/100\n|\n|upkeep\n|turn|9\n|\n|t:|1622706143\n|move|p2a: Ambipom|Double Hit|p1a: Feraligatr\n|-damage|p1a: Feraligatr|50\/100\n|-damage|p1a: Feraligatr|26\/100\n|-hitcount|p1a: Feraligatr|2\n|move|p1a: Feraligatr|Liquidation|p2a: Ambipom\n|-damage|p2a: Ambipom|0 fnt\n|faint|p2a: Ambipom\n|\n|upkeep\n|\n|t:|1622706151\n|switch|p2a: Lopunny|Lopunny, F|100\/100\n|turn|10\n|\n|t:|1622706156\n|switch|p1a: Latios|Latios, M|100\/100\n|detailschange|p2a: Lopunny|Lopunny-Mega, F\n|-mega|p2a: Lopunny|Lopunny|Lopunnite\n|move|p2a: Lopunny|Fake Out|p1a: Latios\n|-damage|p1a: Latios|71\/100\n|\n|upkeep\n|turn|11\n|\n|t:|1622706161\n|switch|p2a: Tapu Lele|Tapu Lele|100\/100\n|-fieldstart|move: Psychic Terrain|[from] ability: Psychic Surge|[of] p2a: Tapu Lele\n|move|p1a: Latios|Psychic|p2a: Tapu Lele\n|-resisted|p2a: Tapu Lele\n|-damage|p2a: Tapu Lele|84\/100\n|\n|upkeep\n|turn|12\n|\n|t:|1622706168\n|switch|p1a: Feraligatr|Feraligatr, M|26\/100\n|move|p2a: Tapu Lele|Moonblast|p1a: Feraligatr\n|-damage|p1a: Feraligatr|0 fnt\n|faint|p1a: Feraligatr\n|\n|upkeep\n|\n|t:|1622706173\n|switch|p1a: Infernape|Infernape, M|100\/100\n|turn|13\n|\n|t:|1622706177\n|move|p1a: Infernape|Flare Blitz|p2a: Tapu Lele\n|-damage|p2a: Tapu Lele|0 fnt\n|faint|p2a: Tapu Lele\n|-damage|p1a: Infernape|74\/100|[from] Recoil\n|-damage|p1a: Infernape|64\/100|[from] item: Life Orb\n|\n|upkeep\n|\n|t:|1622706188\n|switch|p2a: Lopunny|Lopunny-Mega, F|100\/100\n|turn|14\n|\n|t:|1622706194\n|switch|p1a: Thundurus|Thundurus-Therian, M|64\/100 tox\n|move|p2a: Lopunny|Fake Out|p1a: Thundurus\n|-hint|Psychic Terrain doesn't affect Pok\u00e9mon immune to Ground.\n|-damage|p1a: Thundurus|29\/100 tox\n|\n|-damage|p1a: Thundurus|23\/100 tox|[from] psn\n|upkeep\n|turn|15\n|\n|t:|1622706199\n|move|p2a: Lopunny|Quick Attack|p1a: Thundurus\n|-hint|Psychic Terrain doesn't affect Pok\u00e9mon immune to Ground.\n|-damage|p1a: Thundurus|0 fnt\n|faint|p1a: Thundurus\n|\n|-fieldend|move: Psychic Terrain\n|upkeep\n|\n|t:|1622706204\n|switch|p1a: Sceptile|Sceptile, M|100\/100\n|turn|16\n|\n|t:|1622706211\n|detailschange|p1a: Sceptile|Sceptile-Mega, M\n|-mega|p1a: Sceptile|Sceptile|Sceptilite\n|move|p1a: Sceptile|Focus Blast|p2a: Lopunny\n|-supereffective|p2a: Lopunny\n|-damage|p2a: Lopunny|0 fnt\n|faint|p2a: Lopunny\n|\n|upkeep\n|\n|t:|1622706216\n|switch|p2a: Umbreon|Umbreon, M|100\/100\n|turn|17\n|\n|t:|1622706218\n|switch|p1a: Latios|Latios, M|71\/100\n|move|p2a: Umbreon|Toxic|p1a: Latios|[miss]\n|-miss|p2a: Umbreon|p1a: Latios\n|\n|upkeep\n|turn|18\n|\n|t:|1622706222\n|move|p1a: Latios|Trick|p2a: Umbreon\n|-activate|p1a: Latios|move: Trick|[of] p2a: Umbreon\n|-item|p2a: Umbreon|Choice Scarf|[from] move: Trick\n|-item|p1a: Latios|Leftovers|[from] move: Trick\n|move|p2a: Umbreon|Toxic|p1a: Latios\n|-status|p1a: Latios|tox\n|\n|-heal|p1a: Latios|77\/100 tox|[from] item: Leftovers\n|-damage|p1a: Latios|71\/100 tox|[from] psn\n|upkeep\n|turn|19\n|\n|t:|1622706225\n|move|p1a: Latios|Energy Ball|p2a: Umbreon\n|-damage|p2a: Umbreon|84\/100\n|move|p2a: Umbreon|Toxic|p1a: Latios\n|-fail|p1a: Latios|tox\n|\n|-heal|p1a: Latios|77\/100 tox|[from] item: Leftovers\n|-damage|p1a: Latios|65\/100 tox|[from] psn\n|upkeep\n|turn|20\n|\n|t:|1622706228\n|move|p1a: Latios|Energy Ball|p2a: Umbreon\n|-crit|p2a: Umbreon\n|-damage|p2a: Umbreon|59\/100\n|move|p2a: Umbreon|Toxic|p1a: Latios\n|-fail|p1a: Latios|tox\n|\n|-heal|p1a: Latios|71\/100 tox|[from] item: Leftovers\n|-damage|p1a: Latios|53\/100 tox|[from] psn\n|upkeep\n|turn|21\n|\n|t:|1622706231\n|move|p1a: Latios|Energy Ball|p2a: Umbreon\n|-damage|p2a: Umbreon|43\/100\n|move|p2a: Umbreon|Toxic|p1a: Latios\n|-fail|p1a: Latios|tox\n|\n|-heal|p1a: Latios|59\/100 tox|[from] item: Leftovers\n|-damage|p1a: Latios|36\/100 tox|[from] psn\n|upkeep\n|turn|22\n|\n|t:|1622706233\n|move|p1a: Latios|Energy Ball|p2a: Umbreon\n|-damage|p2a: Umbreon|27\/100\n|move|p2a: Umbreon|Toxic|p1a: Latios\n|-fail|p1a: Latios|tox\n|\n|-heal|p1a: Latios|42\/100 tox|[from] item: Leftovers\n|-damage|p1a: Latios|12\/100 tox|[from] psn\n|upkeep\n|turn|23\n|-message|sheeshlord forfeited.\n|\n|win|RTSG tests\n|raw|RTSG tests's rating: 1270 &rarr; <strong>1297<\/strong><br \/>(+27 for winning)\n|raw|sheeshlord's rating: 1301 &rarr; <strong>1279<\/strong><br \/>(-22 for losing)\n|l|\u2606sheeshlord\n","uploadtime":1622706290,"views":32,"p1id":"rtsgtests","p2id":"sheeshlord","formatid":"gen7ou","rating":1279,"private":0,"password":null}