{"id":"gen7ou-943685618","p1":"HQSNonsense","p2":"angelscruelthesis","format":"gen7ou","log":"|j|\u2606HQSNonsense\n|j|\u2606angelscruelthesis\n|player|p1|HQSNonsense|260\n|player|p2|angelscruelthesis|266\n|teamsize|p1|6\n|teamsize|p2|6\n|gametype|singles\n|gen|7\n|tier|[Gen 7] OU\n|rated|\n|rule|Sleep Clause Mod: Limit one foe put to sleep\n|rule|Species Clause: Limit one of each Pok\u00e9mon\n|rule|OHKO Clause: OHKO moves are banned\n|rule|Moody Clause: Moody is banned\n|rule|Evasion Moves Clause: Evasion moves are banned\n|rule|Endless Battle Clause: Forcing endless battles is banned\n|rule|HP Percentage Mod: HP is shown in percentages\n|clearpoke\n|poke|p1|Tapu Koko|item\n|poke|p1|Landorus-Therian, M|item\n|poke|p1|Magearna|item\n|poke|p1|Serperior, F|item\n|poke|p1|Tyranitar, F|item\n|poke|p1|Gyarados, F|item\n|poke|p2|Kartana|item\n|poke|p2|Tapu Lele|item\n|poke|p2|Hippowdon, M|item\n|poke|p2|Sableye, F|item\n|poke|p2|Toxapex, F|item\n|poke|p2|Celesteela|item\n|teampreview\n|j| misset\n|j| FredinPanbisin\n|l| FredinPanbisin\n|\n|start\n|switch|p1a: Serperior|Serperior, F|100\/100\n|switch|p2a: Sableye|Sableye, F|100\/100\n|turn|1\n|c| misset|ok ich lass handy bisschen aufladen\n|inactive|Battle timer is ON: inactive players will automatically lose when time's up. (requested by HQSNonsense)\n|c| misset|dann komm ich telefonat\n|\n|detailschange|p2a: Sableye|Sableye-Mega, F\n|-mega|p2a: Sableye|Sableye|Sablenite\n|move|p1a: Serperior|Leaf Storm|p2a: Sableye\n|-damage|p2a: Sableye|55\/100\n|-boost|p1a: Serperior|spa|2\n|move|p2a: Sableye|Knock Off|p1a: Serperior\n|-damage|p1a: Serperior|66\/100\n|-enditem|p1a: Serperior|Leftovers|[from] move: Knock Off|[of] p2a: Sableye\n|\n|upkeep\n|turn|2\n|\n|switch|p2a: Celesteela|Celesteela|100\/100\n|move|p1a: Serperior|Leaf Storm|p2a: Celesteela\n|-resisted|p2a: Celesteela\n|-damage|p2a: Celesteela|85\/100\n|-boost|p1a: Serperior|spa|2\n|\n|-heal|p2a: Celesteela|91\/100|[from] item: Leftovers\n|upkeep\n|turn|3\n|\n|move|p1a: Serperior|Taunt|p2a: Celesteela\n|-start|p2a: Celesteela|move: Taunt\n|move|p2a: Celesteela|Heavy Slam|p1a: Serperior\n|-damage|p1a: Serperior|19\/100\n|\n|-heal|p2a: Celesteela|97\/100|[from] item: Leftovers\n|upkeep\n|turn|4\n|\n|move|p1a: Serperior|Synthesis|p1a: Serperior\n|-heal|p1a: Serperior|69\/100\n|move|p2a: Celesteela|Heavy Slam|p1a: Serperior\n|-damage|p1a: Serperior|13\/100\n|\n|-heal|p2a: Celesteela|100\/100|[from] item: Leftovers\n|upkeep\n|turn|5\n|\n|switch|p1a: Landorus|Landorus-Therian, M|100\/100\n|-ability|p1a: Landorus|Intimidate|boost\n|-unboost|p2a: Celesteela|atk|1\n|move|p2a: Celesteela|Heavy Slam|p1a: Landorus\n|-damage|p1a: Landorus|67\/100\n|\n|-end|p2a: Celesteela|move: Taunt\n|upkeep\n|turn|6\n|c| misset|ist das metronome\n|c| misset|leftis\n|j| FredinPanbisin\n|j| zzs is my goddess\n|\n|switch|p2a: Hippowdon|Hippowdon, M|100\/100\n|-weather|Sandstorm|[from] ability: Sand Stream|[of] p2a: Hippowdon\n|move|p1a: Landorus|Earthquake|p2a: Hippowdon\n|-damage|p2a: Hippowdon|53\/100\n|\n|-weather|Sandstorm|[upkeep]\n|-heal|p2a: Hippowdon|59\/100|[from] item: Leftovers\n|upkeep\n|turn|7\n|c|\u2606angelscruelthesis|0\n|c| misset|band\n|c| misset|ist susa max physdef\n|\n|switch|p2a: Celesteela|Celesteela|100\/100\n|move|p1a: Landorus|Stealth Rock|p2a: Celesteela\n|-sidestart|p2: angelscruelthesis|move: Stealth Rock\n|\n|-weather|Sandstorm|[upkeep]\n|upkeep\n|turn|8\n|\n|move|p1a: Landorus|Knock Off|p2a: Celesteela\n|-damage|p2a: Celesteela|66\/100\n|-enditem|p2a: Celesteela|Leftovers|[from] move: Knock Off|[of] p1a: Landorus\n|move|p2a: Celesteela|Heavy Slam|p1a: Landorus\n|-damage|p1a: Landorus|16\/100\n|\n|-weather|Sandstorm|[upkeep]\n|upkeep\n|turn|9\n|c| misset|doch nicht band\n|c|\u2606angelscruelthesis|ne maxspd\n|c| misset|ah\n|c|\u2606angelscruelthesis|weil\n|c| misset|meins war physdef glaube\n|c|\u2606angelscruelthesis|das der tran switch in\n|c|\u2606angelscruelthesis|._.\n|inactive|angelscruelthesis has 120 seconds left.\n|c| misset|ergibt sinn\n|\n|move|p1a: Landorus|Explosion|p2a: Celesteela\n|-resisted|p2a: Celesteela\n|-damage|p2a: Celesteela|26\/100\n|faint|p1a: Landorus\n|move|p2a: Celesteela|Heavy Slam|p1: Landorus|[notarget]\n|-fail|p2a: Celesteela\n|\n|-weather|Sandstorm|[upkeep]\n|upkeep\n|\n|switch|p1a: Tapu Koko|Tapu Koko|100\/100\n|-fieldstart|move: Electric Terrain|[from] ability: Electric Surge|[of] p1a: Tapu Koko\n|turn|10\n|\n|move|p1a: Tapu Koko|Reflect|p1a: Tapu Koko\n|-sidestart|p1: HQSNonsense|Reflect\n|move|p2a: Celesteela|Leech Seed|p1a: Tapu Koko\n|-start|p1a: Tapu Koko|move: Leech Seed\n|\n|-weather|none\n|-damage|p1a: Tapu Koko|88\/100|[from] Leech Seed|[of] p2a: Celesteela\n|-heal|p2a: Celesteela|36\/100|[silent]\n|upkeep\n|turn|11\n|c| misset|muss aber pumpen im call\n|\n|move|p1a: Tapu Koko|Wild Charge|p2a: Celesteela\n|-supereffective|p2a: Celesteela\n|-damage|p2a: Celesteela|0 fnt\n|-damage|p1a: Tapu Koko|78\/100|[from] Recoil\n|faint|p2a: Celesteela\n|\n|upkeep\n|c| misset|died\n|\n|switch|p2a: Hippowdon|Hippowdon, M|59\/100\n|-damage|p2a: Hippowdon|53\/100|[from] Stealth Rock\n|-weather|Sandstorm|[from] ability: Sand Stream|[of] p2a: Hippowdon\n|turn|12\n|\n|move|p1a: Tapu Koko|Taunt|p2a: Hippowdon\n|-start|p2a: Hippowdon|move: Taunt\n|cant|p2a: Hippowdon|move: Taunt|Stealth Rock\n|\n|-weather|Sandstorm|[upkeep]\n|-damage|p1a: Tapu Koko|72\/100|[from] Sandstorm\n|-heal|p2a: Hippowdon|59\/100|[from] item: Leftovers\n|-damage|p1a: Tapu Koko|59\/100|[from] Leech Seed|[of] p2a: Hippowdon\n|-heal|p2a: Hippowdon|69\/100|[silent]\n|upkeep\n|turn|13\n|\n|switch|p1a: Gyarados|Gyarados, F|100\/100\n|switch|p2a: Kartana|Kartana|100\/100\n|-damage|p2a: Kartana|94\/100|[from] Stealth Rock\n|\n|-weather|Sandstorm|[upkeep]\n|-damage|p1a: Gyarados|94\/100|[from] Sandstorm\n|upkeep\n|turn|14\n|\n|move|p2a: Kartana|Leaf Blade|p1a: Gyarados\n|-damage|p1a: Gyarados|54\/100\n|move|p1a: Gyarados|Dragon Dance|p1a: Gyarados\n|-boost|p1a: Gyarados|atk|1\n|-boost|p1a: Gyarados|spe|1\n|\n|-weather|Sandstorm|[upkeep]\n|-damage|p1a: Gyarados|48\/100|[from] Sandstorm\n|-fieldend|move: Electric Terrain\n|upkeep\n|turn|15\n|\n|move|p2a: Kartana|Leaf Blade|p1a: Gyarados\n|-damage|p1a: Gyarados|11\/100\n|-zpower|p1a: Gyarados\n|move|p1a: Gyarados|Supersonic Skystrike|p2a: Kartana|[zeffect]\n|-damage|p2a: Kartana|0 fnt\n|faint|p2a: Kartana\n|-ability|p1a: Gyarados|Moxie|boost\n|-boost|p1a: Gyarados|atk|1\n|\n|-weather|Sandstorm|[upkeep]\n|-damage|p1a: Gyarados|5\/100|[from] Sandstorm\n|upkeep\n|\n|switch|p2a: Toxapex|Toxapex, F|100\/100\n|-damage|p2a: Toxapex|88\/100|[from] Stealth Rock\n|turn|16\n|\n|move|p1a: Gyarados|Taunt|p2a: Toxapex\n|-start|p2a: Toxapex|move: Taunt\n|cant|p2a: Toxapex|move: Taunt|Toxic Spikes\n|\n|-weather|none\n|-heal|p2a: Toxapex|94\/100|[from] item: Black Sludge\n|upkeep\n|turn|17\n|\n|move|p1a: Gyarados|Bounce||[still]\n|-prepare|p1a: Gyarados|Bounce|p2a: Toxapex\n|move|p2a: Toxapex|Scald|p1a: Gyarados|[miss]\n|-miss|p2a: Toxapex|p1a: Gyarados\n|\n|-heal|p2a: Toxapex|100\/100|[from] item: Black Sludge\n|-sideend|p1: HQSNonsense|Reflect\n|upkeep\n|turn|18\n|\n|switch|p2a: Hippowdon|Hippowdon, M|69\/100\n|-damage|p2a: Hippowdon|63\/100|[from] Stealth Rock\n|-weather|Sandstorm|[from] ability: Sand Stream|[of] p2a: Hippowdon\n|move|p1a: Gyarados|Bounce|p2a: Hippowdon|[from]lockedmove\n|-damage|p2a: Hippowdon|0 fnt\n|faint|p2a: Hippowdon\n|-ability|p1a: Gyarados|Moxie|boost\n|-boost|p1a: Gyarados|atk|1\n|\n|-weather|Sandstorm|[upkeep]\n|-damage|p1a: Gyarados|0 fnt|[from] Sandstorm\n|faint|p1a: Gyarados\n|upkeep\n|\n|switch|p1a: Tapu Koko|Tapu Koko|59\/100\n|switch|p2a: Toxapex|Toxapex, F|100\/100\n|-fieldstart|move: Electric Terrain|[from] ability: Electric Surge|[of] p1a: Tapu Koko\n|-damage|p2a: Toxapex|88\/100|[from] Stealth Rock\n|turn|19\n|\n|move|p1a: Tapu Koko|Wild Charge|p2a: Toxapex\n|-supereffective|p2a: Toxapex\n|-damage|p2a: Toxapex|8\/100\n|-damage|p1a: Tapu Koko|41\/100|[from] Recoil\n|move|p2a: Toxapex|Toxic Spikes|p1a: Tapu Koko\n|-sidestart|p1: HQSNonsense|move: Toxic Spikes\n|\n|-weather|Sandstorm|[upkeep]\n|-damage|p1a: Tapu Koko|35\/100|[from] Sandstorm\n|-damage|p2a: Toxapex|2\/100|[from] Sandstorm\n|-heal|p2a: Toxapex|8\/100|[from] item: Black Sludge\n|upkeep\n|turn|20\n|\n|switch|p2a: Sableye|Sableye-Mega, F|55\/100\n|-damage|p2a: Sableye|42\/100|[from] Stealth Rock\n|move|p1a: Tapu Koko|Wild Charge|p2a: Sableye\n|-damage|p2a: Sableye|7\/100\n|-damage|p1a: Tapu Koko|27\/100|[from] Recoil\n|\n|-weather|Sandstorm|[upkeep]\n|-damage|p1a: Tapu Koko|21\/100|[from] Sandstorm\n|-damage|p2a: Sableye|1\/100|[from] Sandstorm\n|upkeep\n|turn|21\n|c| misset|ich versteh pex nicht\n|c|\u2606angelscruelthesis|same\n|\n|move|p1a: Tapu Koko|Wild Charge|p2a: Sableye\n|-damage|p2a: Sableye|0 fnt\n|-damage|p1a: Tapu Koko|21\/100|[from] Recoil\n|faint|p2a: Sableye\n|\n|-weather|Sandstorm|[upkeep]\n|-damage|p1a: Tapu Koko|15\/100|[from] Sandstorm\n|upkeep\n|\n|switch|p2a: Tapu Lele|Tapu Lele|100\/100\n|-damage|p2a: Tapu Lele|88\/100|[from] Stealth Rock\n|-fieldstart|move: Psychic Terrain|[from] ability: Psychic Surge|[of] p2a: Tapu Lele\n|turn|22\n|\n|move|p1a: Tapu Koko|Light Screen|p1a: Tapu Koko\n|-sidestart|p1: HQSNonsense|move: Light Screen\n|move|p2a: Tapu Lele|Calm Mind|p2a: Tapu Lele\n|-boost|p2a: Tapu Lele|spa|1\n|-boost|p2a: Tapu Lele|spd|1\n|\n|-weather|none\n|upkeep\n|turn|23\n|c| misset|wieso sweept screens koko\n|\n|switch|p1a: Tyranitar|Tyranitar, F|100\/100\n|-status|p1a: Tyranitar|psn\n|-weather|Sandstorm|[from] ability: Sand Stream|[of] p1a: Tyranitar\n|move|p2a: Tapu Lele|Calm Mind|p2a: Tapu Lele\n|-boost|p2a: Tapu Lele|spa|1\n|-boost|p2a: Tapu Lele|spd|1\n|\n|-weather|Sandstorm|[upkeep]\n|-damage|p2a: Tapu Lele|82\/100|[from] Sandstorm\n|-damage|p1a: Tyranitar|88\/100 psn|[from] psn\n|upkeep\n|turn|24\n|\n|switch|p1a: Serperior|Serperior, F|13\/100\n|-status|p1a: Serperior|psn\n|move|p2a: Tapu Lele|Moonblast|p1a: Serperior\n|-damage|p1a: Serperior|0 fnt\n|faint|p1a: Serperior\n|\n|-weather|Sandstorm|[upkeep]\n|-damage|p2a: Tapu Lele|76\/100|[from] Sandstorm\n|upkeep\n|\n|switch|p1a: Tapu Koko|Tapu Koko|15\/100\n|-status|p1a: Tapu Koko|psn\n|-fieldstart|move: Electric Terrain|[from] ability: Electric Surge|[of] p1a: Tapu Koko\n|turn|25\n|\n|move|p1a: Tapu Koko|Wild Charge|p2a: Tapu Lele\n|-damage|p2a: Tapu Lele|0 fnt\n|-damage|p1a: Tapu Koko|0 fnt|[from] Recoil\n|faint|p2a: Tapu Lele\n|faint|p1a: Tapu Koko\n|\n|-weather|Sandstorm|[upkeep]\n|upkeep\n|-message|angelscruelthesis forfeited.\n|\n|win|HQSNonsense\n|l|\u2606angelscruelthesis\n|l| FredinPanbisin\n|l| misset\n","uploadtime":1562947591,"views":24,"p1id":"hqsnonsense","p2id":"angelscruelthesis","formatid":"gen7ou","rating":0,"private":0,"password":null}