{"id":"gen7ou-893712517","p1":"orangesss","p2":"peoximirt","format":"gen7ou","log":"|j|\u2606orangesss\n|j|\u2606peoximirt\n|player|p1|orangesss|95\n|player|p2|peoximirt|43\n|teamsize|p1|6\n|teamsize|p2|6\n|gametype|singles\n|gen|7\n|tier|[Gen 7] OU\n|rated|\n|rule|Sleep Clause Mod: Limit one foe put to sleep\n|rule|Species Clause: Limit one of each Pok\u00e9mon\n|rule|OHKO Clause: OHKO moves are banned\n|rule|Moody Clause: Moody is banned\n|rule|Evasion Moves Clause: Evasion moves are banned\n|rule|Endless Battle Clause: Forcing endless battles is banned\n|rule|HP Percentage Mod: HP is shown in percentages\n|clearpoke\n|poke|p1|Hawlucha, M|item\n|poke|p1|Ferrothorn, M|item\n|poke|p1|Pelipper, M|item\n|poke|p1|Tapu Koko|item\n|poke|p1|Swampert, M|item\n|poke|p1|Kartana|item\n|poke|p2|Gyarados, M|item\n|poke|p2|Blacephalon|item\n|poke|p2|Kartana|item\n|poke|p2|Landorus-Therian, M|item\n|poke|p2|Toxapex, M|item\n|poke|p2|Tyranitar, F|item\n|teampreview\n|inactive|Battle timer is ON: inactive players will automatically lose when time's up. (requested by orangesss)\n|j| aloete\n|\n|start\n|switch|p1a: Hate rain :(|Ferrothorn, M|100\/100\n|switch|p2a: Tyranitar|Tyranitar, F|100\/100\n|-weather|Sandstorm|[from] ability: Sand Stream|[of] p2a: Tyranitar\n|turn|1\n|\n|move|p2a: Tyranitar|Fire Punch|p1a: Hate rain :(\n|-supereffective|p1a: Hate rain :(\n|-damage|p1a: Hate rain :(|37\/100\n|-damage|p2a: Tyranitar|88\/100|[from] ability: Iron Barbs|[of] p1a: Hate rain :(\n|move|p1a: Hate rain :(|Stealth Rock|p2a: Tyranitar\n|-sidestart|p2: peoximirt|move: Stealth Rock\n|\n|-weather|Sandstorm|[upkeep]\n|-heal|p1a: Hate rain :(|43\/100|[from] item: Leftovers\n|upkeep\n|turn|2\n|\n|move|p2a: Tyranitar|Fire Punch|p1a: Hate rain :(\n|-supereffective|p1a: Hate rain :(\n|-damage|p1a: Hate rain :(|0 fnt\n|-damage|p2a: Tyranitar|76\/100|[from] ability: Iron Barbs|[of] p1a: Hate rain :(\n|faint|p1a: Hate rain :(\n|\n|-weather|Sandstorm|[upkeep]\n|upkeep\n|\n|switch|p1a: Kartana|Kartana|100\/100\n|turn|3\n|\n|switch|p2a: Landorus|Landorus-Therian, M|100\/100\n|-damage|p2a: Landorus|88\/100|[from] Stealth Rock\n|-ability|p2a: Landorus|Intimidate|boost\n|-unboost|p1a: Kartana|atk|1\n|move|p1a: Kartana|Leaf Blade|p2a: Landorus\n|-damage|p2a: Landorus|58\/100\n|\n|-weather|Sandstorm|[upkeep]\n|-heal|p2a: Landorus|64\/100|[from] item: Leftovers\n|upkeep\n|turn|4\n|\n|switch|p1a: Nappy love|Pelipper, M|100\/100\n|-weather|RainDance|[from] ability: Drizzle|[of] p1a: Nappy love\n|move|p2a: Landorus|Stealth Rock|p1a: Nappy love\n|-sidestart|p1: orangesss|move: Stealth Rock\n|\n|-weather|RainDance|[upkeep]\n|-heal|p2a: Landorus|70\/100|[from] item: Leftovers\n|upkeep\n|turn|5\n|\n|move|p2a: Landorus|U-turn|p1a: Nappy love\n|-resisted|p1a: Nappy love\n|-damage|p1a: Nappy love|90\/100\n|\n|switch|p2a: Toxapex|Toxapex, M|100\/100\n|-damage|p2a: Toxapex|88\/100|[from] Stealth Rock\n|move|p1a: Nappy love|U-turn|p2a: Toxapex\n|-resisted|p2a: Toxapex\n|-damage|p2a: Toxapex|85\/100\n|\n|switch|p1a: Birdman|Tapu Koko|100\/100\n|-damage|p1a: Birdman|88\/100|[from] Stealth Rock\n|-fieldstart|move: Electric Terrain|[from] ability: Electric Surge|[of] p1a: Birdman\n|\n|-weather|RainDance|[upkeep]\n|-heal|p2a: Toxapex|91\/100|[from] item: Black Sludge\n|upkeep\n|turn|6\n|inactive|peoximirt has 120 seconds left.\n|\n|switch|p2a: Tyranitar|Tyranitar, F|76\/100\n|-damage|p2a: Tyranitar|64\/100|[from] Stealth Rock\n|-weather|Sandstorm|[from] ability: Sand Stream|[of] p2a: Tyranitar\n|move|p1a: Birdman|Volt Switch|p2a: Tyranitar\n|-damage|p2a: Tyranitar|33\/100\n|\n|switch|p1a: Nappy love|Pelipper, M|90\/100\n|-damage|p1a: Nappy love|66\/100|[from] Stealth Rock\n|-weather|RainDance|[from] ability: Drizzle|[of] p1a: Nappy love\n|\n|-weather|RainDance|[upkeep]\n|upkeep\n|turn|7\n|\n|switch|p1a: Swamp Thing|Swampert, M|100\/100\n|-damage|p1a: Swamp Thing|94\/100|[from] Stealth Rock\n|detailschange|p2a: Tyranitar|Tyranitar-Mega, F\n|-mega|p2a: Tyranitar|Tyranitar|Tyranitarite\n|-weather|Sandstorm|[from] ability: Sand Stream|[of] p2a: Tyranitar\n|move|p2a: Tyranitar|Stone Edge|p1a: Swamp Thing\n|-resisted|p1a: Swamp Thing\n|-damage|p1a: Swamp Thing|60\/100\n|\n|-weather|Sandstorm|[upkeep]\n|upkeep\n|turn|8\n|\n|switch|p1a: Nappy love|Pelipper, M|66\/100\n|-damage|p1a: Nappy love|41\/100|[from] Stealth Rock\n|-weather|RainDance|[from] ability: Drizzle|[of] p1a: Nappy love\n|move|p2a: Tyranitar|Ice Punch|p1a: Nappy love\n|-damage|p1a: Nappy love|9\/100\n|-status|p1a: Nappy love|frz\n|\n|-weather|RainDance|[upkeep]\n|upkeep\n|turn|9\n|\n|move|p2a: Tyranitar|Ice Punch|p1a: Nappy love\n|-damage|p1a: Nappy love|0 fnt\n|faint|p1a: Nappy love\n|\n|-weather|RainDance|[upkeep]\n|-fieldend|move: Electric Terrain\n|upkeep\n|\n|switch|p1a: Kartana|Kartana|100\/100\n|-damage|p1a: Kartana|94\/100|[from] Stealth Rock\n|turn|10\n|\n|switch|p2a: Kartana|Kartana, shiny|100\/100\n|-damage|p2a: Kartana|94\/100|[from] Stealth Rock\n|move|p1a: Kartana|Leaf Blade|p2a: Kartana\n|-resisted|p2a: Kartana\n|-damage|p2a: Kartana|78\/100\n|\n|-weather|RainDance|[upkeep]\n|upkeep\n|turn|11\n|\n|switch|p1a: Birdman|Tapu Koko|88\/100\n|-damage|p1a: Birdman|76\/100|[from] Stealth Rock\n|-fieldstart|move: Electric Terrain|[from] ability: Electric Surge|[of] p1a: Birdman\n|move|p2a: Kartana|Defog|p1a: Birdman\n|-unboost|p1a: Birdman|evasion|1\n|-sideend|p1: orangesss|Stealth Rock|[from] move: Defog|[of] p2a: Kartana\n|-sideend|p2: peoximirt|Stealth Rock|[from] move: Defog|[of] p2a: Kartana\n|\n|-weather|RainDance|[upkeep]\n|upkeep\n|turn|12\n|inactive|peoximirt has 120 seconds left.\n|\n|switch|p2a: Tyranitar|Tyranitar-Mega, F|33\/100\n|-weather|Sandstorm|[from] ability: Sand Stream|[of] p2a: Tyranitar\n|-zpower|p1a: Birdman\n|move|p1a: Birdman|Twinkle Tackle|p2a: Tyranitar|[zeffect]\n|-supereffective|p2a: Tyranitar\n|-damage|p2a: Tyranitar|0 fnt\n|faint|p2a: Tyranitar\n|\n|-weather|Sandstorm|[upkeep]\n|-damage|p1a: Birdman|70\/100|[from] Sandstorm\n|upkeep\n|inactive|peoximirt has 120 seconds left.\n|\n|switch|p2a: Blacephalon|Blacephalon|100\/100\n|turn|13\n|inactive|peoximirt has 90 seconds left.\n|\n|move|p2a: Blacephalon|Flamethrower|p1a: Birdman\n|-damage|p1a: Birdman|0 fnt\n|faint|p1a: Birdman\n|-ability|p2a: Blacephalon|Beast Boost|boost\n|-boost|p2a: Blacephalon|spa|1\n|\n|-weather|Sandstorm|[upkeep]\n|-damage|p2a: Blacephalon|94\/100|[from] Sandstorm\n|upkeep\n|\n|switch|p1a: Swamp Thing|Swampert, M|60\/100\n|turn|14\n|\n|switch|p2a: Gyarados|Gyarados, M|100\/100\n|-ability|p2a: Gyarados|Intimidate|boost\n|-unboost|p1a: Swamp Thing|atk|1\n|detailschange|p1a: Swamp Thing|Swampert-Mega, M\n|-mega|p1a: Swamp Thing|Swampert|Swampertite\n|move|p1a: Swamp Thing|Waterfall|p2a: Gyarados\n|-resisted|p2a: Gyarados\n|-damage|p2a: Gyarados|84\/100\n|\n|-weather|Sandstorm|[upkeep]\n|-damage|p2a: Gyarados|78\/100|[from] Sandstorm\n|-heal|p2a: Gyarados|84\/100|[from] item: Leftovers\n|upkeep\n|turn|15\n|inactive|peoximirt has 90 seconds left.\n|\n|switch|p1a: Copypaste|Hawlucha, M|100\/100\n|-enditem|p1a: Copypaste|Electric Seed\n|-boost|p1a: Copypaste|def|1\n|move|p2a: Gyarados|Substitute|p2a: Gyarados\n|-start|p2a: Gyarados|Substitute\n|-damage|p2a: Gyarados|59\/100\n|\n|-weather|Sandstorm|[upkeep]\n|-damage|p1a: Copypaste|94\/100|[from] Sandstorm\n|-damage|p2a: Gyarados|53\/100|[from] Sandstorm\n|-heal|p2a: Gyarados|59\/100|[from] item: Leftovers\n|-fieldend|move: Electric Terrain\n|upkeep\n|turn|16\n|\n|move|p1a: Copypaste|Acrobatics|p2a: Gyarados\n|-end|p2a: Gyarados|Substitute\n|move|p2a: Gyarados|Bounce||[still]\n|-prepare|p2a: Gyarados|Bounce|p1a: Copypaste\n|\n|-weather|none\n|-heal|p2a: Gyarados|65\/100|[from] item: Leftovers\n|upkeep\n|turn|17\n|\n|move|p1a: Copypaste|Roost|p1a: Copypaste\n|-heal|p1a: Copypaste|100\/100\n|-singleturn|p1a: Copypaste|move: Roost\n|move|p2a: Gyarados|Bounce|p1a: Copypaste|[from]lockedmove\n|-supereffective|p1a: Copypaste\n|-damage|p1a: Copypaste|31\/100\n|-status|p1a: Copypaste|par\n|\n|-heal|p2a: Gyarados|71\/100|[from] item: Leftovers\n|upkeep\n|turn|18\n|inactive|peoximirt has 90 seconds left.\n|\n|move|p1a: Copypaste|Acrobatics|p2a: Gyarados\n|-damage|p2a: Gyarados|15\/100\n|move|p2a: Gyarados|Waterfall|p1a: Copypaste\n|-damage|p1a: Copypaste|0 fnt\n|faint|p1a: Copypaste\n|\n|-heal|p2a: Gyarados|21\/100|[from] item: Leftovers\n|upkeep\n|\n|switch|p1a: Kartana|Kartana|94\/100\n|turn|19\n|inactive|peoximirt has 90 seconds left.\n|\n|switch|p2a: Landorus|Landorus-Therian, M|70\/100\n|-ability|p2a: Landorus|Intimidate|boost\n|-unboost|p1a: Kartana|atk|1\n|move|p1a: Kartana|Knock Off|p2a: Landorus\n|-damage|p2a: Landorus|50\/100\n|-enditem|p2a: Landorus|Leftovers|[from] move: Knock Off|[of] p1a: Kartana\n|\n|upkeep\n|turn|20\n|inactive|peoximirt has 90 seconds left.\n|\n|switch|p1a: Swamp Thing|Swampert-Mega, M|60\/100\n|move|p2a: Landorus|Earthquake|p1a: Swamp Thing\n|-damage|p1a: Swamp Thing|19\/100\n|\n|upkeep\n|turn|21\n|\n|switch|p1a: Kartana|Kartana|94\/100\n|switch|p2a: Gyarados|Gyarados, M|21\/100\n|-ability|p2a: Gyarados|Intimidate|boost\n|-unboost|p1a: Kartana|atk|1\n|\n|-heal|p2a: Gyarados|27\/100|[from] item: Leftovers\n|upkeep\n|turn|22\n|\n|move|p1a: Kartana|Leaf Blade|p2a: Gyarados\n|-crit|p2a: Gyarados\n|-damage|p2a: Gyarados|0 fnt\n|faint|p2a: Gyarados\n|-ability|p1a: Kartana|Beast Boost|boost\n|-boost|p1a: Kartana|atk|1\n|\n|upkeep\n|\n|switch|p2a: Kartana|Kartana, shiny|78\/100\n|turn|23\n|inactive|peoximirt has 90 seconds left.\n|\n|move|p1a: Kartana|Leaf Blade|p2a: Kartana\n|-resisted|p2a: Kartana\n|-crit|p2a: Kartana\n|-damage|p2a: Kartana|54\/100\n|move|p2a: Kartana|Sacred Sword|p1a: Kartana\n|-supereffective|p1a: Kartana\n|-damage|p1a: Kartana|10\/100\n|\n|upkeep\n|turn|24\n|\n|switch|p1a: Swamp Thing|Swampert-Mega, M|19\/100\n|move|p2a: Kartana|Sacred Sword|p1a: Swamp Thing\n|-damage|p1a: Swamp Thing|0 fnt\n|faint|p1a: Swamp Thing\n|-ability|p2a: Kartana|Beast Boost|boost\n|-boost|p2a: Kartana|atk|1\n|\n|upkeep\n|\n|switch|p1a: Kartana|Kartana|10\/100\n|turn|25\n|\n|move|p1a: Kartana|Knock Off|p2a: Kartana\n|-damage|p2a: Kartana|24\/100\n|move|p2a: Kartana|Sacred Sword|p1a: Kartana\n|-supereffective|p1a: Kartana\n|-damage|p1a: Kartana|0 fnt\n|faint|p1a: Kartana\n|\n|win|peoximirt\n|raw|orangesss's rating: 1643 &rarr; <strong>1621<\/strong><br \/>(-22 for losing)\n|raw|peoximirt's rating: 1608 &rarr; <strong>1630<\/strong><br \/>(+22 for winning)\n|c|\u2606orangesss|gg\n|c|\u2606peoximirt|gg\n|l|\u2606orangesss\n|l|\u2606peoximirt\n","uploadtime":1555389473,"views":20,"p1id":"orangesss","p2id":"peoximirt","formatid":"gen7ou","rating":1621,"private":0,"password":null}