{"id":"gen7ou-725391679","p1":"MicrowavedFood","p2":"jly8","format":"gen7ou","log":"|j|\u2606MicrowavedFood\n|j|\u2606jly8\n|player|p1|MicrowavedFood|#yellow\n|player|p2|jly8|80\n|teamsize|p1|6\n|teamsize|p2|6\n|gametype|singles\n|gen|7\n|tier|[Gen 7] OU\n|rated|\n|rule|Sleep Clause Mod: Limit one foe put to sleep\n|rule|Species Clause: Limit one of each Pok\u00e9mon\n|rule|OHKO Clause: OHKO moves are banned\n|rule|Moody Clause: Moody is banned\n|rule|Evasion Moves Clause: Evasion moves are banned\n|rule|Endless Battle Clause: Forcing endless battles is banned\n|rule|HP Percentage Mod: HP is shown in percentages\n|clearpoke\n|poke|p1|Ditto|item\n|poke|p1|Medicham, M|item\n|poke|p1|Tapu Koko|item\n|poke|p1|Suicune|item\n|poke|p1|Magearna|item\n|poke|p1|Landorus-Therian, M|item\n|poke|p2|Tornadus-Therian, M|item\n|poke|p2|Hippowdon, M|item\n|poke|p2|Heatran, M|item\n|poke|p2|Tapu Bulu|item\n|poke|p2|Kyurem-Black|item\n|poke|p2|Latios, M|item\n|teampreview\n|\n|start\n|switch|p1a: Blaziken for OU|Medicham, M|100\/100\n|switch|p2a: Tornadus|Tornadus-Therian, M|100\/100\n|turn|1\n|\n|-mega|p1a: Blaziken for OU|Medicham|Medichamite\n|detailschange|p1a: Blaziken for OU|Medicham-Mega, M\n|move|p1a: Blaziken for OU|Fake Out|p2a: Tornadus\n|-damage|p2a: Tornadus|68\/100\n|cant|p2a: Tornadus|flinch\n|\n|upkeep\n|turn|2\n|\n|switch|p1a: Xerneas for OU|Magearna|100\/100\n|move|p2a: Tornadus|U-turn|p1a: Xerneas for OU\n|-resisted|p1a: Xerneas for OU\n|-damage|p1a: Xerneas for OU|97\/100\n|\n|switch|p2a: Heatran|Heatran, M|100\/100\n|\n|upkeep\n|turn|3\n|\n|switch|p1a: I Am Me|Ditto|100\/100\n|-transform|p1a: I Am Me|p2a: Heatran|[from] ability: Imposter\n|move|p2a: Heatran|Toxic|p1a: I Am Me\n|-immune|p1a: I Am Me|[msg]\n|\n|upkeep\n|turn|4\n|\n|switch|p1a: Pdon for OU|Landorus-Therian, M|100\/100\n|-ability|p1a: Pdon for OU|Intimidate|boost\n|-unboost|p2a: Heatran|atk|1\n|move|p2a: Heatran|Protect|p2a: Heatran\n|-fail|p2a: Heatran\n|\n|upkeep\n|turn|5\n|\n|switch|p2a: Latios|Latios, M|100\/100\n|move|p1a: Pdon for OU|Stealth Rock|p2a: Latios\n|-sidestart|p2: jly8|move: Stealth Rock\n|\n|upkeep\n|turn|6\n|\n|switch|p1a: Xerneas for OU|Magearna|97\/100\n|-mega|p2a: Latios|Latios|Latiosite\n|detailschange|p2a: Latios|Latios-Mega, M\n|move|p2a: Latios|Psyshock|p1a: Xerneas for OU\n|-resisted|p1a: Xerneas for OU\n|-damage|p1a: Xerneas for OU|76\/100\n|\n|upkeep\n|turn|7\n|\n|switch|p2a: Hippowdon|Hippowdon, M|100\/100\n|-damage|p2a: Hippowdon|94\/100|[from] Stealth Rock\n|-weather|Sandstorm|[from] ability: Sand Stream|[of] p2a: Hippowdon\n|move|p1a: Xerneas for OU|Fleur Cannon|p2a: Hippowdon\n|-damage|p2a: Hippowdon|45\/100\n|-unboost|p1a: Xerneas for OU|spa|2\n|\n|-weather|Sandstorm|[upkeep]\n|-heal|p2a: Hippowdon|51\/100|[from] item: Leftovers\n|upkeep\n|turn|8\n|\n|switch|p1a: Blaziken for OU|Medicham-Mega, M|100\/100\n|move|p2a: Hippowdon|Stealth Rock|p1a: Blaziken for OU\n|-sidestart|p1: MicrowavedFood|move: Stealth Rock\n|\n|-weather|Sandstorm|[upkeep]\n|-damage|p1a: Blaziken for OU|94\/100|[from] Sandstorm\n|-heal|p2a: Hippowdon|57\/100|[from] item: Leftovers\n|upkeep\n|turn|9\n|\n|switch|p2a: Latios|Latios-Mega, M|100\/100\n|-damage|p2a: Latios|88\/100|[from] Stealth Rock\n|move|p1a: Blaziken for OU|Ice Punch|p2a: Latios\n|-supereffective|p2a: Latios\n|-damage|p2a: Latios|0 fnt\n|faint|p2a: Latios\n|\n|-weather|Sandstorm|[upkeep]\n|-damage|p1a: Blaziken for OU|88\/100|[from] Sandstorm\n|upkeep\n|\n|switch|p2a: Tornadus|Tornadus-Therian, M|100\/100\n|-damage|p2a: Tornadus|76\/100|[from] Stealth Rock\n|turn|10\n|\n|switch|p1a: Xerneas for OU|Magearna|76\/100\n|-damage|p1a: Xerneas for OU|70\/100|[from] Stealth Rock\n|move|p2a: Tornadus|Knock Off|p1a: Xerneas for OU\n|-resisted|p1a: Xerneas for OU\n|-damage|p1a: Xerneas for OU|61\/100\n|-enditem|p1a: Xerneas for OU|Assault Vest|[from] move: Knock Off|[of] p2a: Tornadus\n|\n|-weather|Sandstorm|[upkeep]\n|-damage|p2a: Tornadus|70\/100|[from] Sandstorm\n|upkeep\n|turn|11\n|\n|move|p2a: Tornadus|U-turn|p1a: Xerneas for OU\n|-resisted|p1a: Xerneas for OU\n|-damage|p1a: Xerneas for OU|58\/100\n|\n|switch|p2a: Heatran|Heatran, M|100\/100\n|-damage|p2a: Heatran|88\/100|[from] Stealth Rock\n|move|p1a: Xerneas for OU|Volt Switch|p2a: Heatran\n|-damage|p2a: Heatran|75\/100\n|\n|switch|p1a: Blaziken for OU|Medicham-Mega, M|88\/100\n|-damage|p1a: Blaziken for OU|82\/100|[from] Stealth Rock\n|\n|-weather|none\n|-heal|p2a: Heatran|81\/100|[from] item: Leftovers\n|upkeep\n|turn|12\n|\n|switch|p2a: Kyurem|Kyurem-Black|100\/100\n|-damage|p2a: Kyurem|76\/100|[from] Stealth Rock\n|-ability|p2a: Kyurem|Teravolt\n|move|p1a: Blaziken for OU|High Jump Kick|p2a: Kyurem\n|-supereffective|p2a: Kyurem\n|-damage|p2a: Kyurem|0 fnt\n|faint|p2a: Kyurem\n|\n|upkeep\n|\n|switch|p2a: Tornadus|Tornadus-Therian, M|100\/100\n|-damage|p2a: Tornadus|76\/100|[from] Stealth Rock\n|turn|13\n|\n|switch|p1a: Xerneas for OU|Magearna|58\/100\n|-damage|p1a: Xerneas for OU|52\/100|[from] Stealth Rock\n|move|p2a: Tornadus|Hurricane|p1a: Xerneas for OU\n|-resisted|p1a: Xerneas for OU\n|-damage|p1a: Xerneas for OU|36\/100\n|\n|upkeep\n|turn|14\n|\n|-zpower|p2a: Tornadus\n|move|p2a: Tornadus|Supersonic Skystrike|p1a: Xerneas for OU|[zeffect]\n|-resisted|p1a: Xerneas for OU\n|-damage|p1a: Xerneas for OU|9\/100\n|move|p1a: Xerneas for OU|Volt Switch|p2a: Tornadus\n|-supereffective|p2a: Tornadus\n|-damage|p2a: Tornadus|26\/100\n|\n|switch|p1a: Blaziken for OU|Medicham-Mega, M|82\/100\n|-damage|p1a: Blaziken for OU|76\/100|[from] Stealth Rock\n|\n|upkeep\n|turn|15\n|\n|switch|p2a: Tapu Bulu|Tapu Bulu|100\/100\n|-damage|p2a: Tapu Bulu|88\/100|[from] Stealth Rock\n|-fieldstart|move: Grassy Terrain|[from] ability: Grassy Surge|[of] p2a: Tapu Bulu\n|move|p1a: Blaziken for OU|Fake Out|p2a: Tapu Bulu\n|-damage|p2a: Tapu Bulu|68\/100\n|\n|-heal|p1a: Blaziken for OU|82\/100|[from] Grassy Terrain\n|-heal|p2a: Tapu Bulu|74\/100|[from] Grassy Terrain\n|upkeep\n|turn|16\n|\n|switch|p1a: Pdon for OU|Landorus-Therian, M|100\/100\n|-damage|p1a: Pdon for OU|88\/100|[from] Stealth Rock\n|-ability|p1a: Pdon for OU|Intimidate|boost\n|-unboost|p2a: Tapu Bulu|atk|1\n|move|p2a: Tapu Bulu|Horn Leech|p1a: Pdon for OU\n|-crit|p1a: Pdon for OU\n|-damage|p1a: Pdon for OU|18\/100\n|-heal|p2a: Tapu Bulu|100\/100|[from] drain|[of] p1a: Pdon for OU\n|\n|-heal|p1a: Pdon for OU|24\/100|[from] item: Leftovers\n|upkeep\n|turn|17\n|\n|switch|p2a: Hippowdon|Hippowdon, M|57\/100\n|-damage|p2a: Hippowdon|51\/100|[from] Stealth Rock\n|-weather|Sandstorm|[from] ability: Sand Stream|[of] p2a: Hippowdon\n|move|p1a: Pdon for OU|U-turn|p2a: Hippowdon\n|-damage|p2a: Hippowdon|39\/100\n|\n|switch|p1a: Blaziken for OU|Medicham-Mega, M|82\/100\n|-damage|p1a: Blaziken for OU|76\/100|[from] Stealth Rock\n|\n|-weather|Sandstorm|[upkeep]\n|-damage|p1a: Blaziken for OU|70\/100|[from] Sandstorm\n|-heal|p1a: Blaziken for OU|76\/100|[from] Grassy Terrain\n|-heal|p2a: Hippowdon|45\/100|[from] item: Leftovers\n|-heal|p2a: Hippowdon|51\/100|[from] Grassy Terrain\n|upkeep\n|turn|18\n|\n|move|p1a: Blaziken for OU|Ice Punch|p2a: Hippowdon\n|-supereffective|p2a: Hippowdon\n|-damage|p2a: Hippowdon|2\/100\n|move|p2a: Hippowdon|Slack Off|p2a: Hippowdon\n|-heal|p2a: Hippowdon|53\/100\n|\n|-weather|Sandstorm|[upkeep]\n|-damage|p1a: Blaziken for OU|70\/100|[from] Sandstorm\n|-heal|p1a: Blaziken for OU|76\/100|[from] Grassy Terrain\n|-heal|p2a: Hippowdon|59\/100|[from] item: Leftovers\n|-heal|p2a: Hippowdon|65\/100|[from] Grassy Terrain\n|upkeep\n|turn|19\n|\n|move|p1a: Blaziken for OU|High Jump Kick|p2a: Hippowdon\n|-damage|p2a: Hippowdon|2\/100\n|move|p2a: Hippowdon|Slack Off|p2a: Hippowdon\n|-heal|p2a: Hippowdon|52\/100\n|\n|-weather|Sandstorm|[upkeep]\n|-damage|p1a: Blaziken for OU|70\/100|[from] Sandstorm\n|-heal|p1a: Blaziken for OU|76\/100|[from] Grassy Terrain\n|-heal|p2a: Hippowdon|58\/100|[from] item: Leftovers\n|-heal|p2a: Hippowdon|64\/100|[from] Grassy Terrain\n|-fieldend|move: Grassy Terrain\n|upkeep\n|turn|20\n|\n|move|p1a: Blaziken for OU|High Jump Kick|p2a: Hippowdon\n|-damage|p2a: Hippowdon|0 fnt\n|faint|p2a: Hippowdon\n|\n|-weather|Sandstorm|[upkeep]\n|-damage|p1a: Blaziken for OU|70\/100|[from] Sandstorm\n|upkeep\n|\n|switch|p2a: Tornadus|Tornadus-Therian, M|59\/100\n|-damage|p2a: Tornadus|35\/100|[from] Stealth Rock\n|turn|21\n|\n|switch|p1a: Xerneas for OU|Magearna|9\/100\n|-damage|p1a: Xerneas for OU|3\/100|[from] Stealth Rock\n|move|p2a: Tornadus|U-turn|p1a: Xerneas for OU\n|-resisted|p1a: Xerneas for OU\n|-damage|p1a: Xerneas for OU|0 fnt\n|faint|p1a: Xerneas for OU\n|\n|switch|p2a: Tapu Bulu|Tapu Bulu|100\/100\n|-damage|p2a: Tapu Bulu|88\/100|[from] Stealth Rock\n|-fieldstart|move: Grassy Terrain|[from] ability: Grassy Surge|[of] p2a: Tapu Bulu\n|\n|-weather|none\n|-heal|p2a: Tapu Bulu|94\/100|[from] Grassy Terrain\n|upkeep\n|\n|switch|p1a: I Am Me|Ditto|100\/100\n|-damage|p1a: I Am Me|88\/100|[from] Stealth Rock\n|-transform|p1a: I Am Me|p2a: Tapu Bulu|[from] ability: Imposter\n|turn|22\n|\n|switch|p2a: Tornadus|Tornadus-Therian, M|68\/100\n|-damage|p2a: Tornadus|43\/100|[from] Stealth Rock\n|move|p1a: I Am Me|Horn Leech|p2a: Tornadus\n|-resisted|p2a: Tornadus\n|-damage|p2a: Tornadus|0 fnt\n|-heal|p1a: I Am Me|100\/100|[from] drain|[of] p2a: Tornadus\n|faint|p2a: Tornadus\n|\n|upkeep\n|\n|switch|p2a: Heatran|Heatran, M|81\/100\n|-damage|p2a: Heatran|68\/100|[from] Stealth Rock\n|turn|23\n|\n|switch|p1a: Pdon for OU|Landorus-Therian, M|24\/100\n|-damage|p1a: Pdon for OU|12\/100|[from] Stealth Rock\n|-ability|p1a: Pdon for OU|Intimidate|boost\n|-unboost|p2a: Heatran|atk|1\n|move|p2a: Heatran|Magma Storm|p1a: Pdon for OU\n|-damage|p1a: Pdon for OU|0 fnt\n|faint|p1a: Pdon for OU\n|\n|-heal|p2a: Heatran|75\/100|[from] item: Leftovers\n|-heal|p2a: Heatran|81\/100|[from] Grassy Terrain\n|upkeep\n|\n|switch|p1a: Blaziken for OU|Medicham-Mega, M|70\/100\n|-damage|p1a: Blaziken for OU|64\/100|[from] Stealth Rock\n|turn|24\n|\n|move|p2a: Heatran|Protect|p2a: Heatran\n|-singleturn|p2a: Heatran|Protect\n|move|p1a: Blaziken for OU|High Jump Kick|p2a: Heatran\n|-activate|p2a: Heatran|move: Protect\n|-damage|p1a: Blaziken for OU|14\/100|[from] highjumpkick\n|\n|-heal|p1a: Blaziken for OU|20\/100|[from] Grassy Terrain\n|-heal|p2a: Heatran|87\/100|[from] item: Leftovers\n|-heal|p2a: Heatran|93\/100|[from] Grassy Terrain\n|upkeep\n|turn|25\n|\n|move|p2a: Heatran|Protect|p2a: Heatran\n|-singleturn|p2a: Heatran|Protect\n|move|p1a: Blaziken for OU|High Jump Kick|p2a: Heatran\n|-activate|p2a: Heatran|move: Protect\n|-damage|p1a: Blaziken for OU|0 fnt|[from] highjumpkick\n|faint|p1a: Blaziken for OU\n|\n|-heal|p2a: Heatran|99\/100|[from] item: Leftovers\n|-heal|p2a: Heatran|100\/100|[from] Grassy Terrain\n|-fieldend|move: Grassy Terrain\n|upkeep\n|c|\u2606MicrowavedFood|:(\n|\n|switch|p1a: Kyogre for OU|Suicune|100\/100\n|-damage|p1a: Kyogre for OU|88\/100|[from] Stealth Rock\n|-ability|p1a: Kyogre for OU|Pressure\n|turn|26\n|\n|switch|p2a: Tapu Bulu|Tapu Bulu|94\/100\n|-damage|p2a: Tapu Bulu|82\/100|[from] Stealth Rock\n|-fieldstart|move: Grassy Terrain|[from] ability: Grassy Surge|[of] p2a: Tapu Bulu\n|move|p1a: Kyogre for OU|Substitute|p1a: Kyogre for OU\n|-start|p1a: Kyogre for OU|Substitute\n|-damage|p1a: Kyogre for OU|63\/100\n|\n|-heal|p1a: Kyogre for OU|69\/100|[from] item: Leftovers\n|-heal|p1a: Kyogre for OU|75\/100|[from] Grassy Terrain\n|-heal|p2a: Tapu Bulu|88\/100|[from] Grassy Terrain\n|upkeep\n|turn|27\n|\n|move|p1a: Kyogre for OU|Protect|p1a: Kyogre for OU\n|-singleturn|p1a: Kyogre for OU|Protect\n|move|p2a: Tapu Bulu|Horn Leech|p1a: Kyogre for OU\n|-activate|p1a: Kyogre for OU|move: Protect\n|\n|-heal|p1a: Kyogre for OU|82\/100|[from] item: Leftovers\n|-heal|p1a: Kyogre for OU|88\/100|[from] Grassy Terrain\n|-heal|p2a: Tapu Bulu|94\/100|[from] Grassy Terrain\n|upkeep\n|turn|28\n|\n|move|p1a: Kyogre for OU|Scald|p2a: Tapu Bulu\n|-resisted|p2a: Tapu Bulu\n|-damage|p2a: Tapu Bulu|87\/100\n|-status|p2a: Tapu Bulu|brn\n|move|p2a: Tapu Bulu|Horn Leech|p1a: Kyogre for OU\n|-supereffective|p1a: Kyogre for OU\n|-end|p1a: Kyogre for OU|Substitute\n|-heal|p2a: Tapu Bulu|100\/100 brn|[from] drain|[of] p1a: Kyogre for OU\n|\n|-heal|p1a: Kyogre for OU|94\/100|[from] item: Leftovers\n|-heal|p1a: Kyogre for OU|99\/100|[from] Grassy Terrain\n|-damage|p2a: Tapu Bulu|94\/100 brn|[from] brn\n|upkeep\n|turn|29\n|\n|move|p1a: Kyogre for OU|Protect|p1a: Kyogre for OU\n|-singleturn|p1a: Kyogre for OU|Protect\n|move|p2a: Tapu Bulu|Horn Leech|p1a: Kyogre for OU\n|-activate|p1a: Kyogre for OU|move: Protect\n|\n|-heal|p1a: Kyogre for OU|100\/100|[from] item: Leftovers\n|-heal|p2a: Tapu Bulu|100\/100 brn|[from] Grassy Terrain\n|-damage|p2a: Tapu Bulu|94\/100 brn|[from] brn\n|upkeep\n|turn|30\n|c|\u2606MicrowavedFood|all you did was make this game take longer\n|\n|move|p1a: Kyogre for OU|Substitute|p1a: Kyogre for OU\n|-start|p1a: Kyogre for OU|Substitute\n|-damage|p1a: Kyogre for OU|75\/100\n|move|p2a: Tapu Bulu|Horn Leech|p1a: Kyogre for OU\n|-supereffective|p1a: Kyogre for OU\n|-end|p1a: Kyogre for OU|Substitute\n|-heal|p2a: Tapu Bulu|100\/100 brn|[from] drain|[of] p1a: Kyogre for OU\n|\n|-heal|p1a: Kyogre for OU|82\/100|[from] item: Leftovers\n|-heal|p1a: Kyogre for OU|88\/100|[from] Grassy Terrain\n|-fieldend|move: Grassy Terrain\n|-damage|p2a: Tapu Bulu|94\/100 brn|[from] brn\n|upkeep\n|turn|31\n|c|\u2606MicrowavedFood|cause tran cant beat cune, and cune can pp stall bulu\n|\n|switch|p2a: Heatran|Heatran, M|100\/100\n|-damage|p2a: Heatran|88\/100|[from] Stealth Rock\n|move|p1a: Kyogre for OU|Protect|p1a: Kyogre for OU\n|-fail|p1a: Kyogre for OU\n|\n|-heal|p1a: Kyogre for OU|94\/100|[from] item: Leftovers\n|-heal|p2a: Heatran|94\/100|[from] item: Leftovers\n|upkeep\n|turn|32\n|\n|move|p1a: Kyogre for OU|Substitute|p1a: Kyogre for OU\n|-start|p1a: Kyogre for OU|Substitute\n|-damage|p1a: Kyogre for OU|69\/100\n|move|p2a: Heatran|Toxic|p1a: Kyogre for OU\n|-fail|p1a: Kyogre for OU\n|\n|-heal|p1a: Kyogre for OU|75\/100|[from] item: Leftovers\n|-heal|p2a: Heatran|100\/100|[from] item: Leftovers\n|upkeep\n|turn|33\n|\n|switch|p2a: Tapu Bulu|Tapu Bulu|94\/100 brn\n|-damage|p2a: Tapu Bulu|82\/100 brn|[from] Stealth Rock\n|-fieldstart|move: Grassy Terrain|[from] ability: Grassy Surge|[of] p2a: Tapu Bulu\n|move|p1a: Kyogre for OU|Calm Mind|p1a: Kyogre for OU\n|-boost|p1a: Kyogre for OU|spa|1\n|-boost|p1a: Kyogre for OU|spd|1\n|\n|-heal|p1a: Kyogre for OU|81\/100|[from] item: Leftovers\n|-heal|p1a: Kyogre for OU|88\/100|[from] Grassy Terrain\n|-heal|p2a: Tapu Bulu|88\/100 brn|[from] Grassy Terrain\n|-damage|p2a: Tapu Bulu|82\/100 brn|[from] brn\n|upkeep\n|turn|34\n|\n|move|p1a: Kyogre for OU|Protect|p1a: Kyogre for OU\n|-singleturn|p1a: Kyogre for OU|Protect\n|move|p2a: Tapu Bulu|Horn Leech|p1a: Kyogre for OU\n|-activate|p1a: Kyogre for OU|move: Protect\n|\n|-heal|p1a: Kyogre for OU|94\/100|[from] item: Leftovers\n|-heal|p1a: Kyogre for OU|99\/100|[from] Grassy Terrain\n|-heal|p2a: Tapu Bulu|88\/100 brn|[from] Grassy Terrain\n|-damage|p2a: Tapu Bulu|82\/100 brn|[from] brn\n|upkeep\n|turn|35\n|\n|move|p1a: Kyogre for OU|Calm Mind|p1a: Kyogre for OU\n|-boost|p1a: Kyogre for OU|spa|1\n|-boost|p1a: Kyogre for OU|spd|1\n|move|p2a: Tapu Bulu|Horn Leech|p1a: Kyogre for OU\n|-supereffective|p1a: Kyogre for OU\n|-end|p1a: Kyogre for OU|Substitute\n|-heal|p2a: Tapu Bulu|97\/100 brn|[from] drain|[of] p1a: Kyogre for OU\n|\n|-heal|p1a: Kyogre for OU|100\/100|[from] item: Leftovers\n|-heal|p2a: Tapu Bulu|100\/100 brn|[from] Grassy Terrain\n|-damage|p2a: Tapu Bulu|94\/100 brn|[from] brn\n|upkeep\n|turn|36\n|\n|move|p1a: Kyogre for OU|Protect|p1a: Kyogre for OU\n|-singleturn|p1a: Kyogre for OU|Protect\n|move|p2a: Tapu Bulu|Horn Leech|p1a: Kyogre for OU\n|-activate|p1a: Kyogre for OU|move: Protect\n|\n|-heal|p2a: Tapu Bulu|100\/100 brn|[from] Grassy Terrain\n|-damage|p2a: Tapu Bulu|94\/100 brn|[from] brn\n|upkeep\n|turn|37\n|\n|move|p1a: Kyogre for OU|Substitute|p1a: Kyogre for OU\n|-start|p1a: Kyogre for OU|Substitute\n|-damage|p1a: Kyogre for OU|75\/100\n|move|p2a: Tapu Bulu|Wood Hammer|p1a: Kyogre for OU\n|-supereffective|p1a: Kyogre for OU\n|-end|p1a: Kyogre for OU|Substitute\n|-damage|p2a: Tapu Bulu|85\/100 brn|[from] Recoil|[of] p1a: Kyogre for OU\n|\n|-heal|p1a: Kyogre for OU|82\/100|[from] item: Leftovers\n|-heal|p1a: Kyogre for OU|88\/100|[from] Grassy Terrain\n|-heal|p2a: Tapu Bulu|91\/100 brn|[from] Grassy Terrain\n|-fieldend|move: Grassy Terrain\n|-damage|p2a: Tapu Bulu|85\/100 brn|[from] brn\n|upkeep\n|turn|38\n|\n|switch|p2a: Heatran|Heatran, M|100\/100\n|-damage|p2a: Heatran|88\/100|[from] Stealth Rock\n|move|p1a: Kyogre for OU|Substitute|p1a: Kyogre for OU\n|-start|p1a: Kyogre for OU|Substitute\n|-damage|p1a: Kyogre for OU|63\/100\n|\n|-heal|p1a: Kyogre for OU|69\/100|[from] item: Leftovers\n|-heal|p2a: Heatran|94\/100|[from] item: Leftovers\n|upkeep\n|turn|39\n|\n|switch|p2a: Tapu Bulu|Tapu Bulu|85\/100 brn\n|-damage|p2a: Tapu Bulu|73\/100 brn|[from] Stealth Rock\n|-fieldstart|move: Grassy Terrain|[from] ability: Grassy Surge|[of] p2a: Tapu Bulu\n|move|p1a: Kyogre for OU|Calm Mind|p1a: Kyogre for OU\n|-boost|p1a: Kyogre for OU|spa|1\n|-boost|p1a: Kyogre for OU|spd|1\n|\n|-heal|p1a: Kyogre for OU|75\/100|[from] item: Leftovers\n|-heal|p1a: Kyogre for OU|81\/100|[from] Grassy Terrain\n|-heal|p2a: Tapu Bulu|79\/100 brn|[from] Grassy Terrain\n|-damage|p2a: Tapu Bulu|73\/100 brn|[from] brn\n|upkeep\n|turn|40\n|\n|move|p1a: Kyogre for OU|Scald|p2a: Tapu Bulu\n|-resisted|p2a: Tapu Bulu\n|-damage|p2a: Tapu Bulu|50\/100 brn\n|move|p2a: Tapu Bulu|Horn Leech|p1a: Kyogre for OU\n|-supereffective|p1a: Kyogre for OU\n|-end|p1a: Kyogre for OU|Substitute\n|-heal|p2a: Tapu Bulu|65\/100 brn|[from] drain|[of] p1a: Kyogre for OU\n|\n|-heal|p1a: Kyogre for OU|88\/100|[from] item: Leftovers\n|-heal|p1a: Kyogre for OU|94\/100|[from] Grassy Terrain\n|-heal|p2a: Tapu Bulu|71\/100 brn|[from] Grassy Terrain\n|-damage|p2a: Tapu Bulu|65\/100 brn|[from] brn\n|upkeep\n|turn|41\n|-message|jly8 forfeited.\n|\n|win|MicrowavedFood\n|l|\u2606jly8\n","inputlog":null,"uploadtime":1522373349,"views":3,"p1id":"microwavedfood","p2id":"jly8","formatid":"gen7ou","rating":0,"private":0,"password":null}