{"id":"gen7ou-897975320","p1":"Stephanini","p2":"ghecisbestvillain","format":"gen7ou","log":"|j|\u2606Stephanini\n|j|\u2606ghecisbestvillain\n|player|p1|Stephanini|youngster-gen2\n|player|p2|ghecisbestvillain|87\n|teamsize|p1|6\n|teamsize|p2|6\n|gametype|singles\n|gen|7\n|tier|[Gen 7] OU\n|rated|\n|rule|Sleep Clause Mod: Limit one foe put to sleep\n|rule|Species Clause: Limit one of each Pok\u00e9mon\n|rule|OHKO Clause: OHKO moves are banned\n|rule|Moody Clause: Moody is banned\n|rule|Evasion Moves Clause: Evasion moves are banned\n|rule|Endless Battle Clause: Forcing endless battles is banned\n|rule|HP Percentage Mod: HP is shown in percentages\n|clearpoke\n|poke|p1|Tapu Lele|item\n|poke|p1|Gengar, M|item\n|poke|p1|Bisharp, F|item\n|poke|p1|Serperior, M|item\n|poke|p1|Pinsir, M|item\n|poke|p1|Chansey, F|item\n|poke|p2|Hawlucha, M|item\n|poke|p2|Clefable, F|item\n|poke|p2|Charizard, M|item\n|poke|p2|Tapu Koko|item\n|poke|p2|Magearna|item\n|poke|p2|Kyurem-Black|item\n|teampreview\n|inactive|Battle timer is ON: inactive players will automatically lose when time's up. (requested by ghecisbestvillain)\n|\n|start\n|switch|p1a: Bisharp|Bisharp, F|100\/100\n|switch|p2a: Tapu Koko|Tapu Koko|100\/100\n|-fieldstart|move: Electric Terrain|[from] ability: Electric Surge|[of] p2a: Tapu Koko\n|turn|1\n|\n|move|p2a: Tapu Koko|Reflect|p2a: Tapu Koko\n|-sidestart|p2: ghecisbestvillain|Reflect\n|move|p1a: Bisharp|Metal Burst||[still]\n|-fail|p1a: Bisharp\n|\n|upkeep\n|turn|2\n|\n|move|p2a: Tapu Koko|Taunt|p1a: Bisharp\n|-start|p1a: Bisharp|move: Taunt\n|cant|p1a: Bisharp|move: Taunt|Stealth Rock\n|\n|upkeep\n|turn|3\n|\n|switch|p2a: Charizard|Charizard, M|100\/100\n|switch|p1a: Tapu Lele|Tapu Lele, shiny|100\/100\n|-fieldstart|move: Psychic Terrain|[from] ability: Psychic Surge|[of] p1a: Tapu Lele\n|\n|upkeep\n|turn|4\n|\n|switch|p2a: Magearna|Magearna|100\/100\n|move|p1a: Tapu Lele|Psychic|p2a: Magearna\n|-resisted|p2a: Magearna\n|-damage|p2a: Magearna|48\/100\n|\n|upkeep\n|turn|5\n|\n|move|p1a: Tapu Lele|Psychic|p2a: Magearna\n|-resisted|p2a: Magearna\n|-damage|p2a: Magearna|0 fnt\n|faint|p2a: Magearna\n|\n|upkeep\n|\n|switch|p2a: Tapu Koko|Tapu Koko|100\/100\n|-fieldstart|move: Electric Terrain|[from] ability: Electric Surge|[of] p2a: Tapu Koko\n|turn|6\n|\n|move|p2a: Tapu Koko|Light Screen|p2a: Tapu Koko\n|-sidestart|p2: ghecisbestvillain|move: Light Screen\n|move|p1a: Tapu Lele|Psychic|p2a: Tapu Koko\n|-damage|p2a: Tapu Koko|50\/100\n|\n|upkeep\n|turn|7\n|\n|switch|p2a: Clefable|Clefable, F|100\/100\n|move|p1a: Tapu Lele|Psychic|p2a: Clefable\n|-damage|p2a: Clefable|71\/100\n|\n|-heal|p2a: Clefable|78\/100|[from] item: Leftovers\n|upkeep\n|turn|8\n|\n|switch|p1a: Chansey|Chansey, F|100\/100\n|move|p2a: Clefable|Cosmic Power|p2a: Clefable\n|-boost|p2a: Clefable|def|1\n|-boost|p2a: Clefable|spd|1\n|\n|-heal|p2a: Clefable|84\/100|[from] item: Leftovers\n|-sideend|p2: ghecisbestvillain|Reflect\n|upkeep\n|turn|9\n|\n|move|p2a: Clefable|Charge Beam|p1a: Chansey\n|-damage|p1a: Chansey|96\/100\n|-boost|p2a: Clefable|spa|1\n|move|p1a: Chansey|Stealth Rock|p2a: Clefable\n|-sidestart|p2: ghecisbestvillain|move: Stealth Rock\n|\n|-heal|p2a: Clefable|90\/100|[from] item: Leftovers\n|upkeep\n|turn|10\n|\n|move|p2a: Clefable|Charge Beam|p1a: Chansey\n|-damage|p1a: Chansey|88\/100\n|-boost|p2a: Clefable|spa|1\n|move|p1a: Chansey|Hail|p1a: Chansey\n|-weather|Hail\n|\n|-weather|Hail|[upkeep]\n|-damage|p1a: Chansey|82\/100|[from] Hail\n|-heal|p2a: Clefable|96\/100|[from] item: Leftovers\n|-fieldend|move: Electric Terrain\n|upkeep\n|turn|11\n|\n|switch|p1a: Gengar|Gengar, M|100\/100\n|move|p2a: Clefable|Cosmic Power|p2a: Clefable\n|-boost|p2a: Clefable|def|1\n|-boost|p2a: Clefable|spd|1\n|\n|-weather|Hail|[upkeep]\n|-damage|p1a: Gengar|94\/100|[from] Hail\n|-heal|p2a: Clefable|100\/100|[from] item: Leftovers\n|upkeep\n|turn|12\n|\n|move|p1a: Gengar|Trick|p2a: Clefable\n|-activate|p1a: Gengar|move: Trick|[of] p2a: Clefable\n|-item|p2a: Clefable|Choice Specs|[from] move: Trick\n|-item|p1a: Gengar|Leftovers|[from] move: Trick\n|move|p2a: Clefable|Stored Power|p1a: Gengar\n|-supereffective|p1a: Gengar\n|-damage|p1a: Gengar|0 fnt\n|faint|p1a: Gengar\n|\n|-weather|Hail|[upkeep]\n|upkeep\n|\n|switch|p1a: Chansey|Chansey, F|82\/100\n|turn|13\n|\n|move|p2a: Clefable|Stored Power|p1a: Chansey\n|-damage|p1a: Chansey|51\/100\n|move|p1a: Chansey|Soft-Boiled|p1a: Chansey\n|-heal|p1a: Chansey|100\/100\n|\n|-weather|Hail|[upkeep]\n|-damage|p1a: Chansey|94\/100|[from] Hail\n|-sideend|p2: ghecisbestvillain|move: Light Screen\n|upkeep\n|turn|14\n|\n|switch|p2a: Tapu Koko|Tapu Koko|50\/100\n|-damage|p2a: Tapu Koko|38\/100|[from] Stealth Rock\n|-fieldstart|move: Electric Terrain|[from] ability: Electric Surge|[of] p2a: Tapu Koko\n|move|p1a: Chansey|Soft-Boiled|p1a: Chansey\n|-heal|p1a: Chansey|100\/100\n|\n|-weather|none\n|upkeep\n|turn|15\n|\n|switch|p1a: Tapu Lele|Tapu Lele, shiny|100\/100\n|-fieldstart|move: Psychic Terrain|[from] ability: Psychic Surge|[of] p1a: Tapu Lele\n|move|p2a: Tapu Koko|Defog|p1a: Tapu Lele\n|-unboost|p1a: Tapu Lele|evasion|1\n|-sideend|p2: ghecisbestvillain|Stealth Rock|[from] move: Defog|[of] p2a: Tapu Koko\n|\n|upkeep\n|turn|16\n|\n|switch|p2a: Clefable|Clefable, F|100\/100\n|move|p1a: Tapu Lele|Psychic|p2a: Clefable\n|-damage|p2a: Clefable|14\/100\n|\n|upkeep\n|turn|17\n|\n|switch|p1a: Chansey|Chansey, F|100\/100\n|move|p2a: Clefable|Charge Beam|p1a: Chansey\n|-damage|p1a: Chansey|95\/100\n|-boost|p2a: Clefable|spa|1\n|\n|upkeep\n|turn|18\n|\n|switch|p2a: Tapu Koko|Tapu Koko|38\/100\n|-fieldstart|move: Electric Terrain|[from] ability: Electric Surge|[of] p2a: Tapu Koko\n|move|p1a: Chansey|Stealth Rock|p2a: Tapu Koko\n|-sidestart|p2: ghecisbestvillain|move: Stealth Rock\n|\n|upkeep\n|turn|19\n|\n|move|p2a: Tapu Koko|Light Screen|p2a: Tapu Koko\n|-sidestart|p2: ghecisbestvillain|move: Light Screen\n|move|p1a: Chansey|Seismic Toss|p2a: Tapu Koko\n|-damage|p2a: Tapu Koko|3\/100\n|\n|upkeep\n|turn|20\n|\n|switch|p1a: Tapu Lele|Tapu Lele, shiny|100\/100\n|-fieldstart|move: Psychic Terrain|[from] ability: Psychic Surge|[of] p1a: Tapu Lele\n|move|p2a: Tapu Koko|Defog|p1a: Tapu Lele\n|-unboost|p1a: Tapu Lele|evasion|1\n|-sideend|p2: ghecisbestvillain|Stealth Rock|[from] move: Defog|[of] p2a: Tapu Koko\n|\n|upkeep\n|turn|21\n|inactive|ghecisbestvillain has 120 seconds left.\n|inactive|Stephanini has 120 seconds left.\n|inactive|ghecisbestvillain has 90 seconds left.\n|\n|switch|p2a: Clefable|Clefable, F|14\/100\n|switch|p1a: Serperior|Serperior, M|100\/100\n|\n|upkeep\n|turn|22\n|\n|switch|p2a: Tapu Koko|Tapu Koko|3\/100\n|-fieldstart|move: Electric Terrain|[from] ability: Electric Surge|[of] p2a: Tapu Koko\n|move|p1a: Serperior|Substitute|p1a: Serperior\n|-start|p1a: Serperior|Substitute\n|-damage|p1a: Serperior|76\/100\n|\n|-heal|p1a: Serperior|82\/100|[from] item: Leftovers\n|upkeep\n|turn|23\n|inactive|ghecisbestvillain has 90 seconds left.\n|\n|move|p2a: Tapu Koko|Taunt|p1a: Serperior\n|-start|p1a: Serperior|move: Taunt\n|move|p1a: Serperior|Leaf Storm|p2a: Tapu Koko\n|-damage|p2a: Tapu Koko|0 fnt\n|-boost|p1a: Serperior|spa|2\n|faint|p2a: Tapu Koko\n|\n|-heal|p1a: Serperior|88\/100|[from] item: Leftovers\n|upkeep\n|\n|switch|p2a: Charizard|Charizard, M|100\/100\n|turn|24\n|\n|switch|p1a: Tapu Lele|Tapu Lele, shiny|100\/100\n|-fieldstart|move: Psychic Terrain|[from] ability: Psychic Surge|[of] p1a: Tapu Lele\n|detailschange|p2a: Charizard|Charizard-Mega-X, M\n|-mega|p2a: Charizard|Charizard|Charizardite X\n|move|p2a: Charizard|Dragon Dance|p2a: Charizard\n|-boost|p2a: Charizard|atk|1\n|-boost|p2a: Charizard|spe|1\n|\n|upkeep\n|turn|25\n|inactive|ghecisbestvillain has 90 seconds left.\n|\n|switch|p1a: Chansey|Chansey, F|95\/100\n|move|p2a: Charizard|Fire Punch|p1a: Chansey\n|-damage|p1a: Chansey|40\/100\n|\n|upkeep\n|turn|26\n|c|\u2606Stephanini|fire punch\n|\n|move|p2a: Charizard|Dragon Dance|p2a: Charizard\n|-boost|p2a: Charizard|atk|1\n|-boost|p2a: Charizard|spe|1\n|move|p1a: Chansey|Stealth Rock|p2a: Charizard\n|-sidestart|p2: ghecisbestvillain|move: Stealth Rock\n|\n|-sideend|p2: ghecisbestvillain|move: Light Screen\n|upkeep\n|turn|27\n|c|\u2606Stephanini|NANI?\n|\n|move|p2a: Charizard|Fire Punch|p1a: Chansey\n|-damage|p1a: Chansey|0 fnt\n|faint|p1a: Chansey\n|\n|upkeep\n|\n|switch|p1a: Bisharp|Bisharp, F|100\/100\n|turn|28\n|inactive|ghecisbestvillain has 90 seconds left.\n|\n|move|p2a: Charizard|Fire Punch|p1a: Bisharp\n|-supereffective|p1a: Bisharp\n|-enditem|p1a: Bisharp|Focus Sash\n|-damage|p1a: Bisharp|1\/100\n|move|p1a: Bisharp|Metal Burst|p2a: Charizard\n|-damage|p2a: Charizard|0 fnt\n|faint|p2a: Charizard\n|\n|-fieldend|move: Psychic Terrain\n|upkeep\n|inactive|ghecisbestvillain has 90 seconds left.\n|\n|switch|p2a: Hawlucha|Hawlucha, M|100\/100\n|-damage|p2a: Hawlucha|88\/100|[from] Stealth Rock\n|turn|29\n|inactive|ghecisbestvillain has 60 seconds left.\n|\n|move|p2a: Hawlucha|Swords Dance|p2a: Hawlucha\n|-boost|p2a: Hawlucha|atk|2\n|move|p1a: Bisharp|Foul Play|p2a: Hawlucha\n|-resisted|p2a: Hawlucha\n|-damage|p2a: Hawlucha|27\/100\n|\n|upkeep\n|turn|30\n|inactive|ghecisbestvillain has 60 seconds left.\n|\n|move|p2a: Hawlucha|Drain Punch|p1a: Bisharp\n|-supereffective|p1a: Bisharp\n|-damage|p1a: Bisharp|0 fnt\n|-heal|p2a: Hawlucha|27\/100|[from] drain|[of] p1a: Bisharp\n|faint|p1a: Bisharp\n|\n|upkeep\n|\n|switch|p1a: Pinsir|Pinsir, M|100\/100\n|turn|31\n|\n|detailschange|p1a: Pinsir|Pinsir-Mega, M\n|-mega|p1a: Pinsir|Pinsir|Pinsirite\n|move|p1a: Pinsir|Quick Attack|p2a: Hawlucha\n|-supereffective|p2a: Hawlucha\n|-damage|p2a: Hawlucha|0 fnt\n|faint|p2a: Hawlucha\n|\n|upkeep\n|\n|switch|p2a: Kyurem|Kyurem-Black|100\/100\n|-damage|p2a: Kyurem|76\/100|[from] Stealth Rock\n|-ability|p2a: Kyurem|Teravolt\n|turn|32\n|-message|ghecisbestvillain forfeited.\n|\n|win|Stephanini\n|l|\u2606ghecisbestvillain\n","uploadtime":1556055980,"views":15,"p1id":"stephanini","p2id":"ghecisbestvillain","formatid":"gen7ou","rating":0,"private":0,"password":null}