{"id":"gen7ou-660745228","p1":"Lkjhgfdsapoi","p2":"Henry TS3","format":"gen7ou","log":"|j|Lkjhgfdsapoi\n|j|Henry TS3\n|player|p1|Lkjhgfdsapoi|222\n|teamsize|p1|6\n|player|p2|Henry TS3|1\n|teamsize|p2|6\n|gametype|singles\n|gen|7\n|tier|[Gen 7] OU\n|rated|\n|seed|40175,1534,45884,54461\n|rule|Sleep Clause Mod: Limit one foe put to sleep\n|rule|Species Clause: Limit one of each Pok\u00e9mon\n|rule|OHKO Clause: OHKO moves are banned\n|rule|Moody Clause: Moody is banned\n|rule|Evasion Moves Clause: Evasion moves are banned\n|rule|Endless Battle Clause: Forcing endless battles is banned\n|rule|HP Percentage Mod: HP is shown in percentages\n|clearpoke\n|poke|p1|Greninja, M|item\n|poke|p1|Landorus-Therian, M|item\n|poke|p1|Celesteela|item\n|poke|p1|Tapu Koko|item\n|poke|p1|Manectric, M|item\n|poke|p1|Kartana|item\n|poke|p2|Volcarona, F|item\n|poke|p2|Landorus-Therian, M|item\n|poke|p2|Latios, M|item\n|poke|p2|Magnezone|item\n|poke|p2|Whimsicott, F|item\n|poke|p2|Garchomp, F|item\n|teampreview\n|inactive|Battle timer is ON: inactive players will automatically lose when time's up. (requested by Lkjhgfdsapoi)\n|choice|team 2, team 1, team 3, team 4, team 5, team 6|team 2, team 1, team 3, team 4, team 5, team 6\n|\n|start\n|switch|p1a: Landorus|Landorus-Therian, M|319\/319\n|switch|p2a: Landorus|Landorus-Therian, M|319\/319\n|-ability|p2a: Landorus|Intimidate|boost\n|-unboost|p1a: Landorus|atk|1\n|-ability|p1a: Landorus|Intimidate|boost\n|-unboost|p2a: Landorus|atk|1\n|turn|1\n|choice|move stealthrock|move stealthrock\n|\n|move|p2a: Landorus|Stealth Rock|p1a: Landorus\n|-sidestart|p1: Lkjhgfdsapoi|move: Stealth Rock\n|move|p1a: Landorus|Stealth Rock|p2a: Landorus\n|-sidestart|p2: Henry TS3|move: Stealth Rock\n|\n|upkeep\n|turn|2\n|choice|move defog|move gravity\n|\n|move|p2a: Landorus|Gravity|p2a: Landorus\n|-fieldstart|move: Gravity\n|move|p1a: Landorus|Defog|p2a: Landorus\n|-unboost|p2a: Landorus|evasion|1\n|-sideend|p2: Henry TS3|Stealth Rock|[from] move: Defog|[of] p2a: Landorus\n|-sideend|p1: Lkjhgfdsapoi|Stealth Rock|[from] move: Defog|[of] p1a: Landorus\n|\n|upkeep\n|turn|3\n|choice|move uturn|move stealthrock\n|\n|move|p2a: Landorus|Stealth Rock|p1a: Landorus\n|-sidestart|p1: Lkjhgfdsapoi|move: Stealth Rock\n|move|p1a: Landorus|U-turn|p2a: Landorus\n|-resisted|p2a: Landorus\n|-damage|p2a: Landorus|280\/319\n|choice|switch 3|\n|\n|switch|p1a: Celesteela|Celesteela|398\/398\n|-damage|p1a: Celesteela|349\/398|[from] Stealth Rock\n|\n|-heal|p1a: Celesteela|373\/398|[from] item: Leftovers\n|upkeep\n|turn|4\n|choice|switch 3|switch 3\n|\n|switch|p2a: Latios|Latios, M|301\/301\n|switch|p1a: Landorus|Landorus-Therian, M|319\/319\n|-damage|p1a: Landorus|280\/319|[from] Stealth Rock\n|-ability|p1a: Landorus|Intimidate|boost\n|-unboost|p2a: Latios|atk|1\n|\n|-heal|p1a: Landorus|299\/319|[from] item: Leftovers\n|upkeep\n|turn|5\n|choice|move uturn|move icebeam mega\n|\n|detailschange|p2a: Latios|Latios-Mega, M\n|-mega|p2a: Latios|Latios|Latiosite\n|move|p2a: Latios|Ice Beam|p1a: Landorus\n|-supereffective|p1a: Landorus\n|-damage|p1a: Landorus|0 fnt\n|faint|p1a: Landorus\n|\n|upkeep\n|inactive|Lkjhgfdsapoi has 135 seconds left.\n|choice|switch 2|\n|\n|switch|p1a: Greninja|Greninja, M|285\/285\n|-damage|p1a: Greninja|250\/285|[from] Stealth Rock\n|turn|6\n|choice|move darkpulse|switch 5\n|\n|switch|p2a: Whimsicott|Whimsicott, F|324\/324\n|move|p1a: Greninja|Dark Pulse|p2a: Whimsicott\n|-resisted|p2a: Whimsicott\n|-damage|p2a: Whimsicott|219\/324\n|-damage|p1a: Greninja|222\/285|[from] item: Life Orb\n|\n|-heal|p2a: Whimsicott|239\/324|[from] item: Leftovers\n|-fieldend|move: Gravity\n|upkeep\n|turn|7\n|inactive|Lkjhgfdsapoi has 135 seconds left.\n|inactive|Henry TS3 has 135 seconds left.\n|choice|move icebeam|switch 4\n|\n|switch|p2a: Magnezone|Magnezone|309\/309\n|move|p1a: Greninja|Ice Beam|p2a: Magnezone\n|-resisted|p2a: Magnezone\n|-damage|p2a: Magnezone|269\/309\n|-damage|p1a: Greninja|194\/285|[from] item: Life Orb\n|\n|upkeep\n|turn|8\n|choice|move hydropump|move flashcannon\n|\n|move|p1a: Greninja|Hydro Pump|p2a: Magnezone\n|-damage|p2a: Magnezone|97\/309\n|-damage|p1a: Greninja|166\/285|[from] item: Life Orb\n|move|p2a: Magnezone|Flash Cannon|p1a: Greninja\n|-resisted|p1a: Greninja\n|-damage|p1a: Greninja|65\/285\n|\n|upkeep\n|turn|9\n|inactive|Henry TS3 has 135 seconds left.\n|choice|move darkpulse|switch 4\n|\n|switch|p2a: Whimsicott|Whimsicott, F|239\/324\n|move|p1a: Greninja|Dark Pulse|p2a: Whimsicott\n|-resisted|p2a: Whimsicott\n|-damage|p2a: Whimsicott|138\/324\n|-damage|p1a: Greninja|37\/285|[from] item: Life Orb\n|\n|-heal|p2a: Whimsicott|158\/324|[from] item: Leftovers\n|upkeep\n|turn|10\n|inactive|Lkjhgfdsapoi has 135 seconds left.\n|choice|move icebeam|move tailwind\n|\n|move|p2a: Whimsicott|Tailwind|p2a: Whimsicott\n|-sidestart|p2: Henry TS3|move: Tailwind\n|move|p1a: Greninja|Ice Beam|p2a: Whimsicott\n|-supereffective|p2a: Whimsicott\n|-damage|p2a: Whimsicott|0 fnt\n|-damage|p1a: Greninja|9\/285|[from] item: Life Orb\n|faint|p2a: Whimsicott\n|-activate|p1a: Greninja|ability: Battle Bond\n|detailschange|p1a: Greninja|Greninja-Ash, M\n|\n|upkeep\n|choice||switch 5\n|\n|switch|p2a: Latios|Latios-Mega, M|301\/301\n|turn|11\n|inactive|Lkjhgfdsapoi has 135 seconds left.\n|choice|move watershuriken|move icebeam\n|\n|move|p1a: Greninja|Water Shuriken|p2a: Latios\n|-resisted|p2a: Latios\n|-damage|p2a: Latios|278\/301\n|-resisted|p2a: Latios\n|-damage|p2a: Latios|256\/301\n|-resisted|p2a: Latios\n|-crit|p2a: Latios\n|-damage|p2a: Latios|221\/301\n|-hitcount|p2a: Latios|3\n|-damage|p1a: Greninja|0 fnt|[from] item: Life Orb\n|faint|p1a: Greninja\n|move|p2a: Latios|Ice Beam|p1: Greninja|[notarget]\n|-notarget\n|\n|upkeep\n|choice|switch 3|\n|\n|switch|p1a: Celesteela|Celesteela|373\/398\n|-damage|p1a: Celesteela|324\/398|[from] Stealth Rock\n|turn|12\n|choice|move leechseed|switch 4\n|\n|switch|p2a: Magnezone|Magnezone|97\/309\n|move|p1a: Celesteela|Leech Seed|p2a: Magnezone\n|-start|p2a: Magnezone|move: Leech Seed\n|\n|-heal|p1a: Celesteela|348\/398|[from] item: Leftovers\n|-damage|p2a: Magnezone|59\/309|[from] Leech Seed|[of] p1a: Celesteela\n|-heal|p1a: Celesteela|386\/398|[silent]\n|upkeep\n|turn|13\n|choice|move protect|switch 2\n|\n|switch|p2a: Volcarona|Volcarona, F|311\/311\n|move|p1a: Celesteela|Protect|p1a: Celesteela\n|-fail|p1a: Celesteela\n|\n|-heal|p1a: Celesteela|398\/398|[from] item: Leftovers\n|-sideend|p2: Henry TS3|move: Tailwind\n|upkeep\n|turn|14\n|-message|Lkjhgfdsapoi forfeited.\n|\n|win|Henry TS3\n|l|Lkjhgfdsapoi\n|raw|Lkjhgfdsapoi's rating: 1253 &rarr; <strong>1225<\/strong><br \/>(-28 for losing)\n|raw|Henry TS3's rating: 1214 &rarr; <strong>1241<\/strong><br \/>(+27 for winning)","inputlog":null,"uploadtime":1510924664,"views":19,"p1id":"lkjhgfdsapoi","p2id":"henryts3","formatid":"gen7ou","rating":1225,"private":0,"password":null}