{"id":"gen7pu-1698063305","p1":"ayevon","p2":"ebnula","format":"gen7pu","log":"|j|\u2606ayevon\n|j|\u2606ebnula\n|t:|1667072402\n|gametype|singles\n|player|p1|ayevon|170|\n|player|p2|ebnula|morty-gen2|\n|teamsize|p1|6\n|teamsize|p2|6\n|gen|7\n|tier|[Gen 7] PU\n|rated|Tournament battle\n|rule|Sleep Clause Mod: Limit one foe put to sleep\n|rule|Species Clause: Limit one of each Pok\u00e9mon\n|rule|OHKO Clause: OHKO moves are banned\n|rule|Moody Clause: Moody is banned\n|rule|Evasion Items Clause: Evasion items are banned\n|rule|Evasion Moves Clause: Evasion moves are banned\n|rule|Endless Battle Clause: Forcing endless battles is banned\n|rule|HP Percentage Mod: HP is shown in percentages\n|clearpoke\n|poke|p1|Golduck, M|item\n|poke|p1|Volbeat, M|item\n|poke|p1|Muk, F|item\n|poke|p1|Huntail, F|item\n|poke|p1|Relicanth, F|item\n|poke|p1|Poliwrath, M|item\n|poke|p2|Bronzor|item\n|poke|p2|Clefairy, F|item\n|poke|p2|Lurantis, M|item\n|poke|p2|Mudsdale, M|item\n|poke|p2|Primeape, M|item\n|poke|p2|Skuntank, F|item\n|teampreview\n|inactive|Battle timer is ON: inactive players will automatically lose when time's up. (requested by ayevon)\n|\n|t:|1667072420\n|start\n|switch|p1a: Relicanth|Relicanth, F|100\/100\n|switch|p2a: Primeape|Primeape, M|100\/100\n|turn|1\n|\n|t:|1667072426\n|move|p2a: Primeape|Close Combat|p1a: Relicanth\n|-supereffective|p1a: Relicanth\n|-ability|p1a: Relicanth|Sturdy\n|-damage|p1a: Relicanth|1\/100\n|-unboost|p2a: Primeape|def|1\n|-unboost|p2a: Primeape|spd|1\n|move|p1a: Relicanth|Stealth Rock|p2a: Primeape\n|-sidestart|p2: ebnula|move: Stealth Rock\n|\n|upkeep\n|turn|2\n|\n|t:|1667072431\n|switch|p1a: Volbeat|Volbeat, M|100\/100\n|move|p2a: Primeape|Close Combat|p1a: Volbeat\n|-resisted|p1a: Volbeat\n|-damage|p1a: Volbeat|65\/100\n|-unboost|p2a: Primeape|def|1\n|-unboost|p2a: Primeape|spd|1\n|\n|upkeep\n|turn|3\n|\n|t:|1667072443\n|switch|p2a: Bronzor|Bronzor|100\/100\n|-damage|p2a: Bronzor|95\/100|[from] Stealth Rock\n|move|p1a: Volbeat|U-turn|p2a: Bronzor\n|-damage|p2a: Bronzor|81\/100\n|\n|t:|1667072445\n|switch|p1a: Relicanth|Relicanth, F|1\/100|[from]move: U-turn\n|\n|upkeep\n|turn|4\n|\n|t:|1667072452\n|move|p1a: Relicanth|Rain Dance|p1a: Relicanth\n|-weather|RainDance\n|move|p2a: Bronzor|Psywave|p1a: Relicanth\n|-damage|p1a: Relicanth|0 fnt\n|faint|p1a: Relicanth\n|\n|-weather|RainDance|[upkeep]\n|upkeep\n|\n|t:|1667072459\n|switch|p1a: Huntail|Huntail, F|100\/100\n|turn|5\n|\n|t:|1667072463\n|move|p1a: Huntail|Shell Smash|p1a: Huntail\n|-unboost|p1a: Huntail|def|1\n|-unboost|p1a: Huntail|spd|1\n|-boost|p1a: Huntail|atk|2\n|-boost|p1a: Huntail|spa|2\n|-boost|p1a: Huntail|spe|2\n|move|p2a: Bronzor|Toxic|p1a: Huntail\n|-status|p1a: Huntail|tox\n|\n|-weather|RainDance|[upkeep]\n|-damage|p1a: Huntail|95\/100 tox|[from] psn\n|upkeep\n|turn|6\n|\n|t:|1667072470\n|move|p1a: Huntail|Waterfall|p2a: Bronzor\n|-crit|p2a: Bronzor\n|-damage|p2a: Bronzor|0 fnt\n|faint|p2a: Bronzor\n|-damage|p1a: Huntail|85\/100 tox|[from] item: Life Orb\n|\n|-weather|RainDance|[upkeep]\n|-damage|p1a: Huntail|73\/100 tox|[from] psn\n|upkeep\n|\n|t:|1667072474\n|switch|p2a: Skuntank|Skuntank, F|100\/100\n|-damage|p2a: Skuntank|88\/100|[from] Stealth Rock\n|turn|7\n|\n|t:|1667072480\n|move|p1a: Huntail|Waterfall|p2a: Skuntank\n|-damage|p2a: Skuntank|0 fnt\n|-damage|p1a: Huntail|48\/100 tox|[from] ability: Aftermath|[of] p2a: Skuntank\n|faint|p2a: Skuntank\n|-damage|p1a: Huntail|38\/100 tox|[from] item: Life Orb\n|\n|-weather|RainDance|[upkeep]\n|-damage|p1a: Huntail|20\/100 tox|[from] psn\n|upkeep\n|\n|t:|1667072495\n|switch|p2a: Lurantis|Lurantis, M|100\/100\n|-damage|p2a: Lurantis|88\/100|[from] Stealth Rock\n|turn|8\n|\n|t:|1667072504\n|switch|p2a: Mudsdale|Mudsdale, M|100\/100\n|-damage|p2a: Mudsdale|94\/100|[from] Stealth Rock\n|move|p1a: Huntail|Ice Beam|p2a: Mudsdale\n|-supereffective|p2a: Mudsdale\n|-damage|p2a: Mudsdale|1\/100\n|-ability|p2a: Mudsdale|Stamina|boost\n|-boost|p2a: Mudsdale|def|1\n|-damage|p1a: Huntail|10\/100 tox|[from] item: Life Orb\n|\n|-weather|RainDance|[upkeep]\n|-heal|p2a: Mudsdale|7\/100|[from] item: Leftovers\n|-damage|p1a: Huntail|0 fnt|[from] psn\n|faint|p1a: Huntail\n|upkeep\n|\n|t:|1667072508\n|switch|p1a: Golduck|Golduck, M|100\/100\n|turn|9\n|\n|t:|1667072511\n|move|p1a: Golduck|Ice Beam|p2a: Mudsdale\n|-supereffective|p2a: Mudsdale\n|-damage|p2a: Mudsdale|0 fnt\n|faint|p2a: Mudsdale\n|\n|-weather|RainDance|[upkeep]\n|upkeep\n|\n|t:|1667072517\n|switch|p2a: Primeape|Primeape, M|100\/100\n|-damage|p2a: Primeape|95\/100|[from] Stealth Rock\n|turn|10\n|\n|t:|1667072528\n|-zpower|p1a: Golduck\n|move|p1a: Golduck|Hydro Vortex|p2a: Primeape|[zeffect]\n|-damage|p2a: Primeape|0 fnt\n|faint|p2a: Primeape\n|\n|-weather|RainDance|[upkeep]\n|upkeep\n|\n|t:|1667072539\n|switch|p2a: Clefairy|Clefairy, F|100\/100\n|turn|11\n|\n|t:|1667072545\n|move|p1a: Golduck|Calm Mind|p1a: Golduck\n|-boost|p1a: Golduck|spa|1\n|-boost|p1a: Golduck|spd|1\n|move|p2a: Clefairy|Thunder Wave|p1a: Golduck|[miss]\n|-miss|p2a: Clefairy|p1a: Golduck\n|\n|-weather|none\n|upkeep\n|turn|12\n|\n|t:|1667072551\n|move|p1a: Golduck|Hydro Pump|p2a: Clefairy|[miss]\n|-miss|p1a: Golduck|p2a: Clefairy\n|move|p2a: Clefairy|Toxic|p1a: Golduck\n|-status|p1a: Golduck|tox\n|\n|-damage|p1a: Golduck|95\/100 tox|[from] psn\n|upkeep\n|turn|13\n|\n|t:|1667072555\n|move|p1a: Golduck|Calm Mind|p1a: Golduck\n|-boost|p1a: Golduck|spa|1\n|-boost|p1a: Golduck|spd|1\n|move|p2a: Clefairy|Moonblast|p1a: Golduck\n|-damage|p1a: Golduck|78\/100 tox\n|\n|-damage|p1a: Golduck|66\/100 tox|[from] psn\n|upkeep\n|turn|14\n|\n|t:|1667072558\n|move|p1a: Golduck|Hydro Pump|p2a: Clefairy\n|-damage|p2a: Clefairy|42\/100\n|move|p2a: Clefairy|Soft-Boiled|p2a: Clefairy\n|-heal|p2a: Clefairy|92\/100\n|\n|-damage|p1a: Golduck|48\/100 tox|[from] psn\n|upkeep\n|turn|15\n|\n|t:|1667072562\n|switch|p1a: Muk|Muk, F|100\/100\n|move|p2a: Clefairy|Moonblast|p1a: Muk\n|-resisted|p1a: Muk\n|-damage|p1a: Muk|91\/100\n|\n|upkeep\n|turn|16\n|\n|t:|1667072567\n|move|p1a: Muk|Gunk Shot|p2a: Clefairy\n|-supereffective|p2a: Clefairy\n|-damage|p2a: Clefairy|0 fnt\n|faint|p2a: Clefairy\n|\n|upkeep\n|\n|t:|1667072569\n|switch|p2a: Lurantis|Lurantis, M|88\/100\n|-damage|p2a: Lurantis|76\/100|[from] Stealth Rock\n|turn|17\n|\n|t:|1667072572\n|move|p1a: Muk|Gunk Shot|p2a: Lurantis\n|-supereffective|p2a: Lurantis\n|-damage|p2a: Lurantis|0 fnt\n|faint|p2a: Lurantis\n|\n|win|ayevon\n|n|\u2606ayevon|ayevon\n|n|\u2606ebnula|ebnula\n|l|\u2606ebnula\n","uploadtime":1667072579,"views":4,"p1id":"ayevon","p2id":"ebnula","formatid":"gen7pu","rating":0,"private":0,"password":null}