{"id":"gen7ou-991246336","p1":"madness10","p2":"Gortor","format":"gen7ou","log":"|j|\u2606madness10\n|j|\u2606Gortor\n|player|p1|madness10|2|1533\n|player|p2|Gortor|10|1542\n|teamsize|p1|6\n|teamsize|p2|6\n|gametype|singles\n|gen|7\n|tier|[Gen 7] OU\n|rated|\n|rule|Sleep Clause Mod: Limit one foe put to sleep\n|rule|Species Clause: Limit one of each Pok\u00e9mon\n|rule|OHKO Clause: OHKO moves are banned\n|rule|Moody Clause: Moody is banned\n|rule|Evasion Moves Clause: Evasion moves are banned\n|rule|Endless Battle Clause: Forcing endless battles is banned\n|rule|HP Percentage Mod: HP is shown in percentages\n|clearpoke\n|poke|p1|Celesteela|item\n|poke|p1|Landorus-Therian, M|item\n|poke|p1|Toxapex, M|item\n|poke|p1|Serperior, F|item\n|poke|p1|Mawile, M|item\n|poke|p1|Blacephalon|item\n|poke|p2|Medicham, F|item\n|poke|p2|Shedinja|item\n|poke|p2|Mandibuzz, F|item\n|poke|p2|Bronzong|item\n|poke|p2|Volcarona, F|item\n|poke|p2|Tentacruel, M|item\n|teampreview\n|inactive|Battle timer is ON: inactive players will automatically lose when time's up. (requested by Gortor)\n|j| Hopopope\n|l| Hopopope\n|\n|start\n|switch|p1a: Landorus|Landorus-Therian, M, shiny|100\/100\n|switch|p2a: de Type Acier !|Bronzong|100\/100\n|-ability|p1a: Landorus|Intimidate|boost\n|-unboost|p2a: de Type Acier !|atk|1\n|turn|1\n|\n|move|p1a: Landorus|Stealth Rock|p2a: de Type Acier !\n|-sidestart|p2: Gortor|move: Stealth Rock\n|move|p2a: de Type Acier !|Stealth Rock|p1a: Landorus\n|-sidestart|p1: madness10|move: Stealth Rock\n|\n|upkeep\n|turn|2\n|\n|move|p1a: Landorus|U-turn|p2a: de Type Acier !\n|-damage|p2a: de Type Acier !|85\/100\n|\n|switch|p1a: Toxapex|Toxapex, M, shiny|100\/100|[from]move: U-turn\n|-damage|p1a: Toxapex|88\/100|[from] Stealth Rock\n|move|p2a: de Type Acier !|Toxic|p1a: Toxapex|[miss]\n|-miss|p2a: de Type Acier !|p1a: Toxapex\n|\n|-heal|p1a: Toxapex|94\/100|[from] item: Leftovers\n|-heal|p2a: de Type Acier !|91\/100|[from] item: Leftovers\n|upkeep\n|turn|3\n|\n|switch|p2a: Thiro|Tentacruel, M|100\/100\n|-damage|p2a: Thiro|88\/100|[from] Stealth Rock\n|move|p1a: Toxapex|Toxic Spikes|p2a: Thiro\n|-sidestart|p2: Gortor|move: Toxic Spikes\n|\n|-heal|p2a: Thiro|94\/100|[from] item: Black Sludge\n|-heal|p1a: Toxapex|100\/100|[from] item: Leftovers\n|upkeep\n|turn|4\n|inactive|madness10 has 120 seconds left.\n|\n|switch|p1a: Landorus|Landorus-Therian, M, shiny|100\/100\n|-damage|p1a: Landorus|88\/100|[from] Stealth Rock\n|-ability|p1a: Landorus|Intimidate|boost\n|-unboost|p2a: Thiro|atk|1\n|move|p2a: Thiro|Rapid Spin|p1a: Landorus\n|-damage|p1a: Landorus|87\/100\n|-damage|p2a: Thiro|78\/100|[from] item: Rocky Helmet|[of] p1a: Landorus\n|-sideend|p2: Gortor|Toxic Spikes|[from] move: Rapid Spin|[of] p2a: Thiro\n|-sideend|p2: Gortor|Stealth Rock|[from] move: Rapid Spin|[of] p2a: Thiro\n|\n|-heal|p2a: Thiro|84\/100|[from] item: Black Sludge\n|upkeep\n|turn|5\n|inactive|madness10 has 120 seconds left.\n|\n|switch|p2a: Sercy|Shedinja|100\/100\n|move|p1a: Landorus|Earthquake|p2a: Sercy\n|-immune|p2a: Sercy|[from] ability: Wonder Guard\n|\n|upkeep\n|turn|6\n|inactive|madness10 has 120 seconds left.\n|\n|switch|p1a: Serperior|Serperior, F, shiny|100\/100\n|-damage|p1a: Serperior|88\/100|[from] Stealth Rock\n|move|p2a: Sercy|Will-O-Wisp|p1a: Serperior\n|-status|p1a: Serperior|brn\n|\n|-damage|p1a: Serperior|82\/100 brn|[from] brn\n|upkeep\n|turn|7\n|\n|switch|p2a: Mandibuzz|Mandibuzz, F|100\/100\n|move|p1a: Serperior|Knock Off|p2a: Mandibuzz\n|-resisted|p2a: Mandibuzz\n|-crit|p2a: Mandibuzz\n|-damage|p2a: Mandibuzz|96\/100\n|-enditem|p2a: Mandibuzz|Leftovers|[from] move: Knock Off|[of] p1a: Serperior\n|\n|-damage|p1a: Serperior|76\/100 brn|[from] brn\n|upkeep\n|turn|8\n|\n|switch|p1a: Mawile|Mawile, M, shiny|100\/100\n|-damage|p1a: Mawile|95\/100|[from] Stealth Rock\n|-ability|p1a: Mawile|Intimidate|boost\n|-unboost|p2a: Mandibuzz|atk|1\n|move|p2a: Mandibuzz|Knock Off|p1a: Mawile\n|-resisted|p1a: Mawile\n|-damage|p1a: Mawile|88\/100\n|\n|upkeep\n|turn|9\n|\n|detailschange|p1a: Mawile|Mawile-Mega, M, shiny\n|-mega|p1a: Mawile|Mawile|Mawilite\n|move|p2a: Mandibuzz|U-turn|p1a: Mawile\n|-resisted|p1a: Mawile\n|-damage|p1a: Mawile|86\/100\n|\n|switch|p2a: Sercy|Shedinja|100\/100|[from]move: U-turn\n|move|p1a: Mawile|Play Rough|p2a: Sercy\n|-immune|p2a: Sercy|[from] ability: Wonder Guard\n|\n|upkeep\n|turn|10\n|\n|switch|p1a: Serperior|Serperior, F, shiny|76\/100 brn\n|-damage|p1a: Serperior|63\/100 brn|[from] Stealth Rock\n|move|p2a: Sercy|Will-O-Wisp|p1a: Serperior|[miss]\n|-miss|p2a: Sercy|p1a: Serperior\n|\n|-damage|p1a: Serperior|57\/100 brn|[from] brn\n|upkeep\n|turn|11\n|\n|switch|p2a: Mandibuzz|Mandibuzz, F|96\/100\n|move|p1a: Serperior|Defog|p2a: Mandibuzz\n|-unboost|p2a: Mandibuzz|evasion|1\n|-sideend|p1: madness10|Stealth Rock|[from] move: Defog|[of] p1a: Serperior\n|\n|-damage|p1a: Serperior|51\/100 brn|[from] brn\n|upkeep\n|turn|12\n|inactive|madness10 has 120 seconds left.\n|\n|switch|p1a: Mawile|Mawile-Mega, M, shiny|86\/100\n|move|p2a: Mandibuzz|U-turn|p1a: Mawile\n|-resisted|p1a: Mawile\n|-damage|p1a: Mawile|84\/100\n|\n|switch|p2a: Sercy|Shedinja|100\/100|[from]move: U-turn\n|\n|upkeep\n|turn|13\n|\n|switch|p1a: Blacephalon|Blacephalon, shiny|100\/100\n|move|p2a: Sercy|Will-O-Wisp|p1a: Blacephalon\n|-immune|p1a: Blacephalon\n|\n|upkeep\n|turn|14\n|\n|switch|p2a: Mandibuzz|Mandibuzz, F|96\/100\n|move|p1a: Blacephalon|Substitute|p1a: Blacephalon\n|-start|p1a: Blacephalon|Substitute\n|-damage|p1a: Blacephalon|76\/100\n|\n|upkeep\n|turn|15\n|\n|move|p1a: Blacephalon|Shadow Ball|p2a: Mandibuzz\n|-resisted|p2a: Mandibuzz\n|-damage|p2a: Mandibuzz|83\/100\n|-unboost|p2a: Mandibuzz|spd|1\n|move|p2a: Mandibuzz|Knock Off|p1a: Blacephalon\n|-supereffective|p1a: Blacephalon\n|-end|p1a: Blacephalon|Substitute\n|\n|upkeep\n|turn|16\n|\n|-zpower|p1a: Blacephalon\n|move|p1a: Blacephalon|Never-Ending Nightmare|p2a: Mandibuzz|[zeffect]\n|-resisted|p2a: Mandibuzz\n|-damage|p2a: Mandibuzz|42\/100\n|move|p2a: Mandibuzz|Knock Off|p1a: Blacephalon\n|-supereffective|p1a: Blacephalon\n|-damage|p1a: Blacephalon|0 fnt\n|faint|p1a: Blacephalon\n|\n|upkeep\n|inactive|madness10 has 120 seconds left.\n|\n|switch|p1a: Mawile|Mawile-Mega, M, shiny|84\/100\n|turn|17\n|inactive|madness10 has 120 seconds left.\n|\n|switch|p1a: Celesteela|Celesteela, shiny|100\/100\n|move|p2a: Mandibuzz|U-turn|p1a: Celesteela\n|-resisted|p1a: Celesteela\n|-damage|p1a: Celesteela|99\/100\n|\n|switch|p2a: Crazy|Volcarona, F|100\/100|[from]move: U-turn\n|\n|-heal|p1a: Celesteela|100\/100|[from] item: Leftovers\n|upkeep\n|turn|18\n|\n|switch|p1a: Toxapex|Toxapex, M, shiny|100\/100\n|move|p2a: Crazy|Substitute|p2a: Crazy\n|-start|p2a: Crazy|Substitute\n|-damage|p2a: Crazy|76\/100\n|\n|upkeep\n|turn|19\n|\n|move|p2a: Crazy|Quiver Dance|p2a: Crazy\n|-boost|p2a: Crazy|spa|1\n|-boost|p2a: Crazy|spd|1\n|-boost|p2a: Crazy|spe|1\n|move|p1a: Toxapex|Scald|p2a: Crazy\n|-supereffective|p2a: Crazy\n|-activate|p2a: Crazy|move: Substitute|[damage]\n|\n|upkeep\n|turn|20\n|\n|move|p2a: Crazy|Bug Buzz|p1a: Toxapex\n|-resisted|p1a: Toxapex\n|-damage|p1a: Toxapex|75\/100\n|move|p1a: Toxapex|Scald|p2a: Crazy\n|-supereffective|p2a: Crazy\n|-end|p2a: Crazy|Substitute\n|\n|-heal|p1a: Toxapex|81\/100|[from] item: Leftovers\n|upkeep\n|turn|21\n|\n|switch|p1a: Landorus|Landorus-Therian, M, shiny|87\/100\n|-ability|p1a: Landorus|Intimidate|boost\n|-unboost|p2a: Crazy|atk|1\n|move|p2a: Crazy|Substitute|p2a: Crazy\n|-start|p2a: Crazy|Substitute\n|-damage|p2a: Crazy|51\/100\n|\n|upkeep\n|turn|22\n|\n|move|p2a: Crazy|Fire Blast|p1a: Landorus\n|-damage|p1a: Landorus|0 fnt\n|faint|p1a: Landorus\n|\n|upkeep\n|\n|switch|p1a: Mawile|Mawile-Mega, M, shiny|84\/100\n|turn|23\n|-message|madness10 forfeited.\n|\n|win|Gortor\n|l|\u2606madness10\n|raw|madness10's rating: 1555 &rarr; <strong>1533<\/strong><br \/>(-22 for losing)\n|raw|Gortor's rating: 1517 &rarr; <strong>1540<\/strong><br \/>(+23 for winning)\n","uploadtime":1570887430,"views":7,"p1id":"madness10","p2id":"gortor","formatid":"gen7ou","rating":1533,"private":0,"password":null}