{"id":"gen7ou-882985828","p1":"gilftl208","p2":"why addicted","format":"gen7ou","log":"|j|\u2606gilftl208\n|j|\u2606why addicted\n|player|p1|gilftl208|137\n|player|p2|why addicted|102\n|teamsize|p1|6\n|teamsize|p2|6\n|gametype|singles\n|gen|7\n|tier|[Gen 7] OU\n|rated|\n|rule|Sleep Clause Mod: Limit one foe put to sleep\n|rule|Species Clause: Limit one of each Pok\u00e9mon\n|rule|OHKO Clause: OHKO moves are banned\n|rule|Moody Clause: Moody is banned\n|rule|Evasion Moves Clause: Evasion moves are banned\n|rule|Endless Battle Clause: Forcing endless battles is banned\n|rule|HP Percentage Mod: HP is shown in percentages\n|clearpoke\n|poke|p1|Pinsir, M|item\n|poke|p1|Tapu Fini|item\n|poke|p1|Magnezone|item\n|poke|p1|Garchomp, F|item\n|poke|p1|Greninja, M|item\n|poke|p1|Kartana|item\n|poke|p2|Lopunny, F|item\n|poke|p2|Hydreigon, M|item\n|poke|p2|Excadrill, F|item\n|poke|p2|Toxapex, M|item\n|poke|p2|Celesteela|item\n|poke|p2|Tornadus-Therian, M|item\n|teampreview\n|c|\u2606gilftl208|hello\n|c|\u2606why addicted|hihi\n|c|\u2606why addicted|gl\n|c|\u2606gilftl208|how tou doing ?\n|c|\u2606gilftl208|you\n|c|\u2606gilftl208|hf\n|\n|start\n|switch|p1a: Garchomp|Garchomp, F|100\/100\n|switch|p2a: Celesteela|Celesteela|100\/100\n|turn|1\n|c|\u2606gilftl208|going*\n|c|\u2606why addicted|im good bro\n|\n|move|p1a: Garchomp|Stealth Rock|p2a: Celesteela\n|-sidestart|p2: why addicted|move: Stealth Rock\n|move|p2a: Celesteela|Leech Seed|p1a: Garchomp\n|-start|p1a: Garchomp|move: Leech Seed\n|\n|-damage|p1a: Garchomp|88\/100|[from] Leech Seed|[of] p2a: Celesteela\n|upkeep\n|turn|2\n|\n|switch|p2a: Excadrill|Excadrill, F|100\/100\n|-damage|p2a: Excadrill|97\/100|[from] Stealth Rock\n|-ability|p2a: Excadrill|Mold Breaker\n|move|p1a: Garchomp|Swords Dance|p1a: Garchomp\n|-boost|p1a: Garchomp|atk|2\n|\n|-heal|p2a: Excadrill|100\/100|[from] item: Leftovers\n|-damage|p1a: Garchomp|76\/100|[from] Leech Seed|[of] p2a: Excadrill\n|upkeep\n|turn|3\n|\n|switch|p1a: Magnezone|Magnezone|100\/100\n|switch|p2a: Celesteela|Celesteela|100\/100\n|-damage|p2a: Celesteela|88\/100|[from] Stealth Rock\n|\n|-heal|p2a: Celesteela|94\/100|[from] item: Leftovers\n|upkeep\n|turn|4\n|\n|move|p1a: Magnezone|Thunderbolt|p2a: Celesteela\n|-supereffective|p2a: Celesteela\n|-damage|p2a: Celesteela|0 fnt\n|faint|p2a: Celesteela\n|\n|upkeep\n|\n|switch|p2a: Excadrill|Excadrill, F|100\/100\n|-damage|p2a: Excadrill|97\/100|[from] Stealth Rock\n|-ability|p2a: Excadrill|Mold Breaker\n|turn|5\n|\n|switch|p1a: Garchomp|Garchomp, F|76\/100\n|move|p2a: Excadrill|Stealth Rock|p1a: Garchomp\n|-sidestart|p1: gilftl208|move: Stealth Rock\n|\n|-heal|p2a: Excadrill|100\/100|[from] item: Leftovers\n|upkeep\n|turn|6\n|\n|move|p1a: Garchomp|Earthquake|p2a: Excadrill\n|-supereffective|p2a: Excadrill\n|-damage|p2a: Excadrill|0 fnt\n|faint|p2a: Excadrill\n|\n|upkeep\n|\n|switch|p2a: Lopunny|Lopunny, F|100\/100\n|-damage|p2a: Lopunny|88\/100|[from] Stealth Rock\n|turn|7\n|\n|switch|p1a: Tapu Fini|Tapu Fini|100\/100\n|-damage|p1a: Tapu Fini|88\/100|[from] Stealth Rock\n|-fieldstart|move: Misty Terrain|[from] ability: Misty Surge|[of] p1a: Tapu Fini\n|detailschange|p2a: Lopunny|Lopunny-Mega, F\n|-mega|p2a: Lopunny|Lopunny|Lopunnite\n|move|p2a: Lopunny|Frustration|p1a: Tapu Fini\n|-damage|p1a: Tapu Fini|39\/100\n|\n|-heal|p1a: Tapu Fini|45\/100|[from] item: Leftovers\n|upkeep\n|turn|8\n|\n|move|p2a: Lopunny|Frustration|p1a: Tapu Fini\n|-damage|p1a: Tapu Fini|0 fnt\n|faint|p1a: Tapu Fini\n|\n|upkeep\n|j| Notoriousbeast\n|\n|switch|p1a: Kartana|Kartana|100\/100\n|-damage|p1a: Kartana|94\/100|[from] Stealth Rock\n|turn|9\n|\n|switch|p2a: Tornadus|Tornadus-Therian, M|100\/100\n|-damage|p2a: Tornadus|76\/100|[from] Stealth Rock\n|move|p1a: Kartana|Leaf Blade|p2a: Tornadus\n|-resisted|p2a: Tornadus\n|-crit|p2a: Tornadus\n|-damage|p2a: Tornadus|27\/100\n|\n|upkeep\n|turn|10\n|\n|switch|p2a: Hydreigon|Hydreigon, M|100\/100\n|-damage|p2a: Hydreigon|88\/100|[from] Stealth Rock\n|move|p1a: Kartana|Leaf Blade|p2a: Hydreigon\n|-resisted|p2a: Hydreigon\n|-damage|p2a: Hydreigon|55\/100\n|\n|upkeep\n|turn|11\n|\n|switch|p1a: Greninja|Greninja, M|100\/100\n|-damage|p1a: Greninja|88\/100|[from] Stealth Rock\n|move|p2a: Hydreigon|Dark Pulse|p1a: Greninja\n|-resisted|p1a: Greninja\n|-damage|p1a: Greninja|55\/100\n|\n|-fieldend|Misty Terrain\n|upkeep\n|turn|12\n|\n|switch|p1a: Kartana|Kartana|94\/100\n|-damage|p1a: Kartana|88\/100|[from] Stealth Rock\n|switch|p2a: Toxapex|Toxapex, M|100\/100\n|-damage|p2a: Toxapex|88\/100|[from] Stealth Rock\n|\n|upkeep\n|turn|13\n|\n|move|p1a: Kartana|Leaf Blade|p2a: Toxapex\n|-damage|p2a: Toxapex|45\/100\n|move|p2a: Toxapex|Recover|p2a: Toxapex\n|-heal|p2a: Toxapex|95\/100\n|\n|upkeep\n|turn|14\n|\n|switch|p1a: Garchomp|Garchomp, F|76\/100\n|-damage|p1a: Garchomp|70\/100|[from] Stealth Rock\n|move|p2a: Toxapex|Scald|p1a: Garchomp\n|-damage|p1a: Garchomp|53\/100\n|\n|upkeep\n|turn|15\n|\n|move|p1a: Garchomp|Earthquake|p2a: Toxapex\n|-supereffective|p2a: Toxapex\n|-damage|p2a: Toxapex|9\/100\n|move|p2a: Toxapex|Toxic Spikes|p1a: Garchomp\n|-sidestart|p1: gilftl208|move: Toxic Spikes\n|\n|upkeep\n|turn|16\n|\n|switch|p2a: Hydreigon|Hydreigon, M|55\/100\n|-damage|p2a: Hydreigon|43\/100|[from] Stealth Rock\n|-zpower|p1a: Garchomp\n|move|p1a: Garchomp|Devastating Drake|p2a: Hydreigon|[zeffect]\n|-supereffective|p2a: Hydreigon\n|-damage|p2a: Hydreigon|0 fnt\n|faint|p2a: Hydreigon\n|\n|upkeep\n|\n|switch|p2a: Lopunny|Lopunny-Mega, F|88\/100\n|-damage|p2a: Lopunny|82\/100|[from] Stealth Rock\n|turn|17\n|\n|move|p2a: Lopunny|High Jump Kick|p1a: Garchomp\n|-damage|p1a: Garchomp|0 fnt\n|-damage|p2a: Lopunny|70\/100|[from] ability: Rough Skin|[of] p1a: Garchomp\n|faint|p1a: Garchomp\n|\n|upkeep\n|c|\u2606why addicted|gg\n|c|\u2606gilftl208|gg\n|\n|switch|p1a: Kartana|Kartana|88\/100\n|-damage|p1a: Kartana|82\/100|[from] Stealth Rock\n|turn|18\n|\n|switch|p2a: Toxapex|Toxapex, M|42\/100\n|-damage|p2a: Toxapex|30\/100|[from] Stealth Rock\n|move|p1a: Kartana|Leaf Blade|p2a: Toxapex\n|-damage|p2a: Toxapex|0 fnt\n|faint|p2a: Toxapex\n|-ability|p1a: Kartana|Beast Boost|boost\n|-boost|p1a: Kartana|atk|1\n|\n|upkeep\n|\n|switch|p2a: Tornadus|Tornadus-Therian, M|60\/100\n|-damage|p2a: Tornadus|35\/100|[from] Stealth Rock\n|turn|19\n|\n|move|p1a: Kartana|Leaf Blade|p2a: Tornadus\n|-resisted|p2a: Tornadus\n|-crit|p2a: Tornadus\n|-damage|p2a: Tornadus|0 fnt\n|faint|p2a: Tornadus\n|-ability|p1a: Kartana|Beast Boost|boost\n|-boost|p1a: Kartana|atk|1\n|\n|upkeep\n|-message|why addicted forfeited.\n|\n|win|gilftl208\n|l|\u2606why addicted\n","uploadtime":1553716860,"views":374,"p1id":"gilftl208","p2id":"whyaddicted","formatid":"gen7ou","rating":0,"private":0,"password":null}