{"id":"gen7ou-897170522","p1":"why addicted","p2":"aro nova","format":"gen7ou","log":"|j|\u2606why addicted\n|j|\u2606aro nova\n|player|p1|why addicted|169\n|player|p2|aro nova|118\n|teamsize|p1|6\n|teamsize|p2|6\n|gametype|singles\n|gen|7\n|tier|[Gen 7] OU\n|rated|\n|rule|Sleep Clause Mod: Limit one foe put to sleep\n|rule|Species Clause: Limit one of each Pok\u00e9mon\n|rule|OHKO Clause: OHKO moves are banned\n|rule|Moody Clause: Moody is banned\n|rule|Evasion Moves Clause: Evasion moves are banned\n|rule|Endless Battle Clause: Forcing endless battles is banned\n|rule|HP Percentage Mod: HP is shown in percentages\n|clearpoke\n|poke|p1|Charizard, M|item\n|poke|p1|Thundurus-Therian, M|item\n|poke|p1|Excadrill, M|item\n|poke|p1|Tapu Fini|item\n|poke|p1|Serperior, F|item\n|poke|p1|Celesteela|item\n|poke|p2|Gliscor, M|item\n|poke|p2|Toxapex, F|item\n|poke|p2|Magearna|item\n|poke|p2|Kartana|item\n|poke|p2|Latias, F|item\n|poke|p2|Magnezone|item\n|teampreview\n|inactive|Battle timer is ON: inactive players will automatically lose when time's up. (requested by aro nova)\n|\n|start\n|switch|p1a: Excadrill|Excadrill, M|100\/100\n|switch|p2a: Toxapex|Toxapex, F|100\/100\n|-ability|p1a: Excadrill|Mold Breaker\n|turn|1\n|\n|move|p1a: Excadrill|Earthquake|p2a: Toxapex\n|-supereffective|p2a: Toxapex\n|-damage|p2a: Toxapex|34\/100\n|move|p2a: Toxapex|Scald|p1a: Excadrill\n|-supereffective|p1a: Excadrill\n|-damage|p1a: Excadrill|73\/100\n|\n|-heal|p1a: Excadrill|79\/100|[from] item: Leftovers\n|-heal|p2a: Toxapex|40\/100|[from] item: Black Sludge\n|upkeep\n|turn|2\n|\n|switch|p2a: Gliscor|Gliscor, M|100\/100\n|move|p1a: Excadrill|Stealth Rock|p2a: Gliscor\n|-sidestart|p2: aro nova|move: Stealth Rock\n|\n|-heal|p1a: Excadrill|85\/100|[from] item: Leftovers\n|-status|p2a: Gliscor|tox|[from] item: Toxic Orb\n|upkeep\n|turn|3\n|\n|switch|p1a: Thundurus|Thundurus-Therian, M|100\/100\n|move|p2a: Gliscor|Stealth Rock|p1a: Thundurus\n|-sidestart|p1: why addicted|move: Stealth Rock\n|\n|upkeep\n|turn|4\n|\n|switch|p2a: GAUNTLET|Latias, F|100\/100\n|-damage|p2a: GAUNTLET|88\/100|[from] Stealth Rock\n|move|p1a: Thundurus|Nasty Plot|p1a: Thundurus\n|-boost|p1a: Thundurus|spa|2\n|\n|upkeep\n|turn|5\n|\n|detailschange|p2a: GAUNTLET|Latias-Mega, F\n|-mega|p2a: GAUNTLET|Latias|Latiasite\n|move|p2a: GAUNTLET|Calm Mind|p2a: GAUNTLET\n|-boost|p2a: GAUNTLET|spa|1\n|-boost|p2a: GAUNTLET|spd|1\n|move|p1a: Thundurus|Hidden Power|p2a: GAUNTLET\n|-supereffective|p2a: GAUNTLET\n|-damage|p2a: GAUNTLET|47\/100\n|\n|upkeep\n|turn|6\n|j| TuanNguyen\n|\n|switch|p1a: Tapu Fini|Tapu Fini|100\/100\n|-damage|p1a: Tapu Fini|88\/100|[from] Stealth Rock\n|-fieldstart|move: Misty Terrain|[from] ability: Misty Surge|[of] p1a: Tapu Fini\n|move|p2a: GAUNTLET|Recover|p2a: GAUNTLET\n|-heal|p2a: GAUNTLET|97\/100\n|\n|-heal|p1a: Tapu Fini|94\/100|[from] item: Leftovers\n|upkeep\n|turn|7\n|\n|move|p2a: GAUNTLET|Calm Mind|p2a: GAUNTLET\n|-boost|p2a: GAUNTLET|spa|1\n|-boost|p2a: GAUNTLET|spd|1\n|move|p1a: Tapu Fini|Moonblast|p2a: GAUNTLET\n|-supereffective|p2a: GAUNTLET\n|-damage|p2a: GAUNTLET|77\/100\n|\n|-heal|p1a: Tapu Fini|100\/100|[from] item: Leftovers\n|upkeep\n|turn|8\n|\n|switch|p1a: Excadrill|Excadrill, M|85\/100\n|-damage|p1a: Excadrill|82\/100|[from] Stealth Rock\n|-ability|p1a: Excadrill|Mold Breaker\n|move|p2a: GAUNTLET|Thunderbolt|p1a: Excadrill\n|-immune|p1a: Excadrill\n|\n|-heal|p1a: Excadrill|88\/100|[from] item: Leftovers\n|upkeep\n|turn|9\n|\n|switch|p2a: Gliscor|Gliscor, M|100\/100 tox\n|-damage|p2a: Gliscor|88\/100 tox|[from] Stealth Rock\n|move|p1a: Excadrill|Toxic|p2a: Gliscor\n|-fail|p2a: Gliscor|tox\n|\n|-heal|p1a: Excadrill|95\/100|[from] item: Leftovers\n|-heal|p2a: Gliscor|100\/100 tox|[from] ability: Poison Heal\n|upkeep\n|turn|10\n|\n|switch|p1a: Celesteela|Celesteela|100\/100\n|-damage|p1a: Celesteela|88\/100|[from] Stealth Rock\n|move|p2a: Gliscor|Earthquake|p1a: Celesteela\n|-immune|p1a: Celesteela\n|\n|-heal|p1a: Celesteela|94\/100|[from] item: Leftovers\n|-fieldend|Misty Terrain\n|upkeep\n|turn|11\n|\n|switch|p2a: Toxapex|Toxapex, F|74\/100\n|-damage|p2a: Toxapex|62\/100|[from] Stealth Rock\n|move|p1a: Celesteela|Leech Seed|p2a: Toxapex\n|-start|p2a: Toxapex|move: Leech Seed\n|\n|-heal|p1a: Celesteela|99\/100|[from] item: Leftovers\n|-heal|p2a: Toxapex|67\/100|[from] item: Black Sludge\n|-damage|p2a: Toxapex|55\/100|[from] Leech Seed|[of] p1a: Celesteela\n|-heal|p1a: Celesteela|100\/100|[silent]\n|upkeep\n|turn|12\n|\n|switch|p1a: Thundurus|Thundurus-Therian, M|100\/100\n|-damage|p1a: Thundurus|76\/100|[from] Stealth Rock\n|move|p2a: Toxapex|Toxic Spikes|p1a: Thundurus\n|-sidestart|p1: why addicted|move: Toxic Spikes\n|\n|-heal|p2a: Toxapex|61\/100|[from] item: Black Sludge\n|-damage|p2a: Toxapex|49\/100|[from] Leech Seed|[of] p1a: Thundurus\n|-heal|p1a: Thundurus|88\/100|[silent]\n|upkeep\n|turn|13\n|\n|switch|p2a: Magearna|Magearna|100\/100\n|-damage|p2a: Magearna|94\/100|[from] Stealth Rock\n|move|p1a: Thundurus|Hidden Power|p2a: Magearna\n|-resisted|p2a: Magearna\n|-damage|p2a: Magearna|85\/100\n|\n|upkeep\n|turn|14\n|\n|switch|p1a: Excadrill|Excadrill, M|95\/100\n|-damage|p1a: Excadrill|92\/100|[from] Stealth Rock\n|-ability|p1a: Excadrill|Mold Breaker\n|switch|p2a: Kartana|Kartana|100\/100\n|-damage|p2a: Kartana|94\/100|[from] Stealth Rock\n|\n|-heal|p1a: Excadrill|98\/100|[from] item: Leftovers\n|upkeep\n|turn|15\n|\n|move|p2a: Kartana|Knock Off|p1a: Excadrill\n|-damage|p1a: Excadrill|41\/100\n|-enditem|p1a: Excadrill|Leftovers|[from] move: Knock Off|[of] p2a: Kartana\n|move|p1a: Excadrill|Rapid Spin|p2a: Kartana\n|-resisted|p2a: Kartana\n|-damage|p2a: Kartana|91\/100\n|-sideend|p1: why addicted|Toxic Spikes|[from] move: Rapid Spin|[of] p1a: Excadrill\n|-sideend|p1: why addicted|Stealth Rock|[from] move: Rapid Spin|[of] p1a: Excadrill\n|\n|upkeep\n|turn|16\n|\n|switch|p1a: Charizard|Charizard, M|100\/100\n|move|p2a: Kartana|Knock Off|p1a: Charizard\n|-damage|p1a: Charizard|58\/100\n|\n|upkeep\n|turn|17\n|\n|switch|p2a: GAUNTLET|Latias-Mega, F|77\/100\n|-damage|p2a: GAUNTLET|64\/100|[from] Stealth Rock\n|move|p1a: Charizard|Roost|p1a: Charizard\n|-heal|p1a: Charizard|100\/100\n|-singleturn|p1a: Charizard|move: Roost\n|\n|upkeep\n|turn|18\n|\n|detailschange|p1a: Charizard|Charizard-Mega-X, M\n|-mega|p1a: Charizard|Charizard|Charizardite X\n|move|p2a: GAUNTLET|Recover|p2a: GAUNTLET\n|-heal|p2a: GAUNTLET|100\/100\n|move|p1a: Charizard|Dragon Dance|p1a: Charizard\n|-boost|p1a: Charizard|atk|1\n|-boost|p1a: Charizard|spe|1\n|\n|upkeep\n|turn|19\n|\n|move|p1a: Charizard|Dragon Dance|p1a: Charizard\n|-boost|p1a: Charizard|atk|1\n|-boost|p1a: Charizard|spe|1\n|move|p2a: GAUNTLET|Ice Beam|p1a: Charizard\n|-damage|p1a: Charizard|67\/100\n|\n|upkeep\n|turn|20\n|\n|move|p1a: Charizard|Dragon Dance|p1a: Charizard\n|-boost|p1a: Charizard|atk|1\n|-boost|p1a: Charizard|spe|1\n|move|p2a: GAUNTLET|Calm Mind|p2a: GAUNTLET\n|-boost|p2a: GAUNTLET|spa|1\n|-boost|p2a: GAUNTLET|spd|1\n|\n|upkeep\n|turn|21\n|\n|move|p1a: Charizard|Flare Blitz|p2a: GAUNTLET\n|-resisted|p2a: GAUNTLET\n|-damage|p2a: GAUNTLET|16\/100\n|-damage|p1a: Charizard|33\/100|[from] Recoil\n|move|p2a: GAUNTLET|Ice Beam|p1a: Charizard\n|-damage|p1a: Charizard|0 fnt\n|faint|p1a: Charizard\n|\n|upkeep\n|\n|switch|p1a: Serperior|Serperior, F|100\/100\n|turn|22\n|c|\u2606aro nova|t\n|l|\u2606aro nova\n|inactive|aro nova disconnected and has a minute to reconnect!\n|player|p2|\n|c|\u2606why addicted|?\n|j|\u2606aro nova\n|inactive|aro nova reconnected and has 115 seconds left.\n|player|p2|aro nova|118\n|\n|move|p1a: Serperior|Leaf Storm|p2a: GAUNTLET\n|-resisted|p2a: GAUNTLET\n|-damage|p2a: GAUNTLET|6\/100\n|-boost|p1a: Serperior|spa|2\n|move|p2a: GAUNTLET|Recover|p2a: GAUNTLET\n|-heal|p2a: GAUNTLET|56\/100\n|\n|upkeep\n|turn|23\n|\n|move|p1a: Serperior|Leaf Storm|p2a: GAUNTLET\n|-resisted|p2a: GAUNTLET\n|-damage|p2a: GAUNTLET|35\/100\n|-boost|p1a: Serperior|spa|2\n|move|p2a: GAUNTLET|Recover|p2a: GAUNTLET\n|-heal|p2a: GAUNTLET|85\/100\n|\n|upkeep\n|turn|24\n|\n|move|p1a: Serperior|Leaf Storm|p2a: GAUNTLET\n|-resisted|p2a: GAUNTLET\n|-damage|p2a: GAUNTLET|55\/100\n|-boost|p1a: Serperior|spa|2\n|move|p2a: GAUNTLET|Calm Mind|p2a: GAUNTLET\n|-boost|p2a: GAUNTLET|spa|1\n|-boost|p2a: GAUNTLET|spd|1\n|\n|upkeep\n|turn|25\n|\n|switch|p1a: Excadrill|Excadrill, M|41\/100\n|-ability|p1a: Excadrill|Mold Breaker\n|move|p2a: GAUNTLET|Recover|p2a: GAUNTLET\n|-heal|p2a: GAUNTLET|100\/100\n|\n|upkeep\n|turn|26\n|\n|move|p2a: GAUNTLET|Ice Beam|p1a: Excadrill\n|-damage|p1a: Excadrill|0 fnt\n|faint|p1a: Excadrill\n|\n|upkeep\n|c|\u2606why addicted|kek\n|-message|why addicted forfeited.\n|\n|win|aro nova\n","uploadtime":1555938621,"views":111,"p1id":"whyaddicted","p2id":"aronova","formatid":"gen7ou","rating":0,"private":0,"password":null}