{"id":"gen7ou-861144644","p1":"The412gang","p2":"Worstsetsever","format":"gen7ou","log":"|j|\u2606The412gang\n|j|\u2606Worstsetsever\n|player|p1|The412gang|lucy-gen3\n|player|p2|Worstsetsever|2\n|teamsize|p1|6\n|teamsize|p2|6\n|gametype|singles\n|gen|7\n|tier|[Gen 7] OU\n|rated|\n|rule|Sleep Clause Mod: Limit one foe put to sleep\n|rule|Species Clause: Limit one of each Pok\u00e9mon\n|rule|OHKO Clause: OHKO moves are banned\n|rule|Moody Clause: Moody is banned\n|rule|Evasion Moves Clause: Evasion moves are banned\n|rule|Endless Battle Clause: Forcing endless battles is banned\n|rule|HP Percentage Mod: HP is shown in percentages\n|clearpoke\n|poke|p1|Glalie, M|item\n|poke|p1|Landorus-Therian, M|item\n|poke|p1|Magnezone|item\n|poke|p1|Kartana|item\n|poke|p1|Greninja, M|item\n|poke|p1|Magearna|item\n|poke|p2|Toxapex, F|item\n|poke|p2|Serperior, F|item\n|poke|p2|Mawile, M|item\n|poke|p2|Landorus-Therian, M|item\n|poke|p2|Tapu Koko|item\n|poke|p2|Reuniclus, F|item\n|teampreview\n|inactive|Battle timer is ON: inactive players will automatically lose when time's up. (requested by Worstsetsever)\n|\n|start\n|switch|p1a: Glalie|Glalie, M|100\/100\n|switch|p2a: Toxapex|Toxapex, F|100\/100\n|turn|1\n|\n|detailschange|p1a: Glalie|Glalie-Mega, M\n|-mega|p1a: Glalie|Glalie|Glalitite\n|move|p1a: Glalie|Earthquake|p2a: Toxapex\n|-supereffective|p2a: Toxapex\n|-damage|p2a: Toxapex|52\/100\n|move|p2a: Toxapex|Toxic Spikes|p1a: Glalie\n|-sidestart|p1: The412gang|move: Toxic Spikes\n|\n|upkeep\n|turn|2\n|inactive|Worstsetsever has 120 seconds left.\n|\n|switch|p2a: Landorus|Landorus-Therian, M|100\/100\n|-ability|p2a: Landorus|Intimidate|boost\n|-unboost|p1a: Glalie|atk|1\n|move|p1a: Glalie|Frustration|p2a: Landorus\n|-supereffective|p2a: Landorus\n|-damage|p2a: Landorus|0 fnt\n|faint|p2a: Landorus\n|\n|upkeep\n|\n|switch|p2a: Mawile|Mawile, M|100\/100\n|-ability|p2a: Mawile|Intimidate|boost\n|-unboost|p1a: Glalie|atk|1\n|turn|3\n|\n|switch|p1a: Landorus|Landorus-Therian, M|100\/100\n|-ability|p1a: Landorus|Intimidate|boost\n|-unboost|p2a: Mawile|atk|1\n|detailschange|p2a: Mawile|Mawile-Mega, M\n|-mega|p2a: Mawile|Mawile|Mawilite\n|move|p2a: Mawile|Play Rough|p1a: Landorus\n|-damage|p1a: Landorus|58\/100\n|-damage|p2a: Mawile|84\/100|[from] item: Rocky Helmet|[of] p1a: Landorus\n|\n|upkeep\n|turn|4\n|\n|switch|p2a: Tapu Koko|Tapu Koko|100\/100\n|-fieldstart|move: Electric Terrain|[from] ability: Electric Surge|[of] p2a: Tapu Koko\n|move|p1a: Landorus|Stealth Rock|p2a: Tapu Koko\n|-sidestart|p2: Worstsetsever|move: Stealth Rock\n|\n|upkeep\n|turn|5\n|\n|move|p2a: Tapu Koko|Hidden Power|p1a: Landorus\n|-supereffective|p1a: Landorus\n|-damage|p1a: Landorus|0 fnt\n|faint|p1a: Landorus\n|\n|upkeep\n|\n|switch|p1a: Magnezone|Magnezone|100\/100\n|turn|6\n|j| Nana Baba\n|\n|move|p2a: Tapu Koko|U-turn|p1a: Magnezone\n|-resisted|p1a: Magnezone\n|-damage|p1a: Magnezone|93\/100\n|\n|switch|p2a: Serperior|Serperior, F|100\/100\n|-damage|p2a: Serperior|88\/100|[from] Stealth Rock\n|move|p1a: Magnezone|Thunderbolt|p2a: Serperior\n|-resisted|p2a: Serperior\n|-damage|p2a: Serperior|21\/100\n|\n|-heal|p2a: Serperior|27\/100|[from] item: Leftovers\n|upkeep\n|turn|7\n|\n|move|p2a: Serperior|Hidden Power|p1a: Magnezone\n|-supereffective|p1a: Magnezone\n|-damage|p1a: Magnezone|60\/100\n|move|p1a: Magnezone|Thunderbolt|p2a: Serperior\n|-resisted|p2a: Serperior\n|-damage|p2a: Serperior|0 fnt\n|faint|p2a: Serperior\n|\n|upkeep\n|\n|switch|p2a: Reuniclus|Reuniclus, F|100\/100\n|turn|8\n|\n|move|p1a: Magnezone|Thunderbolt|p2a: Reuniclus\n|-damage|p2a: Reuniclus|0 fnt\n|faint|p2a: Reuniclus\n|\n|-fieldend|move: Electric Terrain\n|upkeep\n|-message|Worstsetsever forfeited.\n|\n|win|The412gang\n|l|\u2606Worstsetsever\n|raw|The412gang's rating: 1851 &rarr; <strong>1862<\/strong><br \/>(+11 for winning)\n|raw|Worstsetsever's rating: 1666 &rarr; <strong>1656<\/strong><br \/>(-10 for losing)\n|l|\u2606The412gang\n","uploadtime":1549880811,"views":8,"p1id":"the412gang","p2id":"worstsetsever","formatid":"gen7ou","rating":1656,"private":0,"password":null}