{"id":"gen7ou-771180984","p1":"Worstsetsever","p2":"sirzeo","format":"gen7ou","log":"|j|\u2606Worstsetsever\n|j|\u2606sirzeo\n|player|p1|Worstsetsever|102\n|player|p2|sirzeo|257\n|teamsize|p1|6\n|teamsize|p2|6\n|gametype|singles\n|gen|7\n|tier|[Gen 7] OU\n|rated|\n|rule|Sleep Clause Mod: Limit one foe put to sleep\n|rule|Species Clause: Limit one of each Pok\u00e9mon\n|rule|OHKO Clause: OHKO moves are banned\n|rule|Moody Clause: Moody is banned\n|rule|Evasion Moves Clause: Evasion moves are banned\n|rule|Endless Battle Clause: Forcing endless battles is banned\n|rule|HP Percentage Mod: HP is shown in percentages\n|clearpoke\n|poke|p1|Dragonite, M|item\n|poke|p1|Lopunny, F|item\n|poke|p1|Tapu Bulu|item\n|poke|p1|Toxapex, M|item\n|poke|p1|Scizor, M|item\n|poke|p1|Tyranitar, F|item\n|poke|p2|Chansey, F|item\n|poke|p2|Weavile, M|item\n|poke|p2|Latias, F|item\n|poke|p2|Magnezone|item\n|poke|p2|Greninja, M|item\n|poke|p2|Claydol|item\n|teampreview\n|inactive|Battle timer is ON: inactive players will automatically lose when time's up. (requested by Worstsetsever)\n|j| TheLightningGoza\n|l| TheLightningGoza\n|\n|start\n|switch|p1a: Toxapex|Toxapex, M|100\/100\n|switch|p2a: Claydol|Claydol|100\/100\n|turn|1\n|\n|switch|p1a: Tyranitar|Tyranitar, F|100\/100\n|-weather|Sandstorm|[from] ability: Sand Stream|[of] p1a: Tyranitar\n|move|p2a: Claydol|Stealth Rock|p1a: Tyranitar\n|-sidestart|p1: Worstsetsever|move: Stealth Rock\n|\n|-weather|Sandstorm|[upkeep]\n|upkeep\n|turn|2\n|\n|-activate|p2a: Claydol|move: Pursuit\n|move|p1a: Tyranitar|Pursuit|p2a: Claydol|[from]Pursuit\n|-supereffective|p2a: Claydol\n|-damage|p2a: Claydol|26\/100\n|switch|p2a: Greninja|Greninja, M|100\/100\n|\n|-weather|Sandstorm|[upkeep]\n|-damage|p2a: Greninja|95\/100|[from] Sandstorm\n|upkeep\n|turn|3\n|\n|switch|p1a: Toxapex|Toxapex, M|100\/100\n|-damage|p1a: Toxapex|88\/100|[from] Stealth Rock\n|move|p2a: Greninja|Hydro Pump|p1a: Toxapex\n|-resisted|p1a: Toxapex\n|-damage|p1a: Toxapex|63\/100\n|\n|-weather|Sandstorm|[upkeep]\n|-damage|p2a: Greninja|89\/100|[from] Sandstorm\n|-damage|p1a: Toxapex|57\/100|[from] Sandstorm\n|-heal|p1a: Toxapex|63\/100|[from] item: Black Sludge\n|upkeep\n|turn|4\n|\n|switch|p2a: Claydol|Claydol|26\/100\n|move|p1a: Toxapex|Toxic Spikes|p2a: Claydol\n|-sidestart|p2: sirzeo|move: Toxic Spikes\n|\n|-weather|Sandstorm|[upkeep]\n|-damage|p1a: Toxapex|57\/100|[from] Sandstorm\n|-heal|p1a: Toxapex|63\/100|[from] item: Black Sludge\n|upkeep\n|turn|5\n|\n|switch|p1a: Tyranitar|Tyranitar, F|100\/100\n|-damage|p1a: Tyranitar|88\/100|[from] Stealth Rock\n|move|p2a: Claydol|Trick|p1a: Tyranitar\n|-activate|p2a: Claydol|move: Trick|[of] p1a: Tyranitar\n|-item|p1a: Tyranitar|Choice Scarf|[from] move: Trick\n|-item|p2a: Claydol|Chople Berry|[from] move: Trick\n|\n|-weather|none\n|upkeep\n|turn|6\n|inactive|sirzeo has 135 seconds left.\n|\n|move|p1a: Tyranitar|Pursuit|p2a: Claydol\n|-supereffective|p2a: Claydol\n|-damage|p2a: Claydol|0 fnt\n|faint|p2a: Claydol\n|\n|upkeep\n|inactive|sirzeo has 135 seconds left.\n|\n|switch|p2a: Weavile|Weavile, M|100\/100\n|-status|p2a: Weavile|psn\n|-ability|p2a: Weavile|Pressure\n|turn|7\n|\n|switch|p1a: Scizor|Scizor, M|100\/100\n|-damage|p1a: Scizor|88\/100|[from] Stealth Rock\n|move|p2a: Weavile|Low Kick|p1a: Scizor\n|-damage|p1a: Scizor|53\/100\n|\n|-heal|p1a: Scizor|59\/100|[from] item: Leftovers\n|-damage|p2a: Weavile|88\/100 psn|[from] psn\n|upkeep\n|turn|8\n|\n|switch|p2a: Magnezone|Magnezone|100\/100\n|move|p1a: Scizor|Defog|p2a: Magnezone\n|-unboost|p2a: Magnezone|evasion|1\n|-sideend|p2: sirzeo|Toxic Spikes|[from] move: Defog|[of] p2a: Magnezone\n|-sideend|p1: Worstsetsever|Stealth Rock|[from] move: Defog|[of] p1a: Scizor\n|\n|-heal|p1a: Scizor|65\/100|[from] item: Leftovers\n|upkeep\n|turn|9\n|\n|move|p2a: Magnezone|Hidden Power|p1a: Scizor\n|-supereffective|p1a: Scizor\n|-damage|p1a: Scizor|0 fnt\n|faint|p1a: Scizor\n|\n|upkeep\n|\n|switch|p1a: Lola|Lopunny, F|100\/100\n|turn|10\n|\n|switch|p2a: Latias|Latias, F|100\/100\n|detailschange|p1a: Lola|Lopunny-Mega, F\n|-mega|p1a: Lola|Lopunny|Lopunnite\n|move|p1a: Lola|High Jump Kick|p2a: Latias\n|-resisted|p2a: Latias\n|-damage|p2a: Latias|73\/100\n|\n|upkeep\n|turn|11\n|inactive|Worstsetsever has 135 seconds left.\n|\n|switch|p1a: Tyranitar|Tyranitar, F|88\/100\n|-weather|Sandstorm|[from] ability: Sand Stream|[of] p1a: Tyranitar\n|detailschange|p2a: Latias|Latias-Mega, F\n|-mega|p2a: Latias|Latias|Latiasite\n|move|p2a: Latias|Recover|p2a: Latias\n|-heal|p2a: Latias|100\/100\n|\n|-weather|Sandstorm|[upkeep]\n|-damage|p2a: Latias|94\/100|[from] Sandstorm\n|upkeep\n|turn|12\n|inactive|Worstsetsever has 135 seconds left.\n|\n|move|p2a: Latias|Thunderbolt|p1a: Tyranitar\n|-damage|p1a: Tyranitar|73\/100\n|move|p1a: Tyranitar|Ice Beam|p2a: Latias\n|-supereffective|p2a: Latias\n|-damage|p2a: Latias|69\/100\n|\n|-weather|Sandstorm|[upkeep]\n|-damage|p2a: Latias|63\/100|[from] Sandstorm\n|upkeep\n|turn|13\n|\n|move|p2a: Latias|Calm Mind|p2a: Latias\n|-boost|p2a: Latias|spa|1\n|-boost|p2a: Latias|spd|1\n|move|p1a: Tyranitar|Ice Beam|p2a: Latias\n|-supereffective|p2a: Latias\n|-damage|p2a: Latias|44\/100\n|\n|-weather|Sandstorm|[upkeep]\n|-damage|p2a: Latias|38\/100|[from] Sandstorm\n|upkeep\n|turn|14\n|\n|switch|p1a: Tapu Bulu|Tapu Bulu|100\/100\n|-fieldstart|move: Grassy Terrain|[from] ability: Grassy Surge|[of] p1a: Tapu Bulu\n|move|p2a: Latias|Recover|p2a: Latias\n|-heal|p2a: Latias|88\/100\n|\n|-weather|Sandstorm|[upkeep]\n|-damage|p2a: Latias|82\/100|[from] Sandstorm\n|-damage|p1a: Tapu Bulu|94\/100|[from] Sandstorm\n|-heal|p1a: Tapu Bulu|100\/100|[from] Grassy Terrain\n|upkeep\n|turn|15\n|inactive|Worstsetsever has 135 seconds left.\n|inactive|sirzeo has 135 seconds left.\n|\n|move|p2a: Latias|Calm Mind|p2a: Latias\n|-boost|p2a: Latias|spa|1\n|-boost|p2a: Latias|spd|1\n|move|p1a: Tapu Bulu|Swords Dance|p1a: Tapu Bulu\n|-boost|p1a: Tapu Bulu|atk|2\n|\n|-weather|none\n|upkeep\n|turn|16\n|\n|move|p2a: Latias|Ice Beam|p1a: Tapu Bulu\n|-supereffective|p1a: Tapu Bulu\n|-damage|p1a: Tapu Bulu|0 fnt\n|faint|p1a: Tapu Bulu\n|\n|upkeep\n|\n|switch|p1a: Drogon|Dragonite, M|100\/100\n|turn|17\n|\n|move|p2a: Latias|Ice Beam|p1a: Drogon\n|-supereffective|p1a: Drogon\n|-damage|p1a: Drogon|0 fnt\n|faint|p1a: Drogon\n|\n|upkeep\n|-message|Worstsetsever forfeited.\n|\n|win|sirzeo\n|raw|Worstsetsever's rating: 1605 &rarr; <strong>1581<\/strong><br \/>(-24 for losing)\n|raw|sirzeo's rating: 1524 &rarr; <strong>1549<\/strong><br \/>(+25 for winning)\n|l|\u2606Worstsetsever\n","inputlog":null,"uploadtime":1530697148,"views":2,"p1id":"worstsetsever","p2id":"sirzeo","formatid":"gen7ou","rating":1549,"private":0,"password":null}