{"id":"gen7ou-997434913","p1":"Malte Bluri","p2":"SMxVale","format":"gen7ou","log":"|j|\u2606Malte Bluri\n|j|\u2606SMxVale\n|player|p1|Malte Bluri|169|1941\n|player|p2|SMxVale|151|1728\n|teamsize|p1|6\n|teamsize|p2|6\n|gametype|singles\n|gen|7\n|tier|[Gen 7] OU\n|rated|\n|rule|Sleep Clause Mod: Limit one foe put to sleep\n|rule|Species Clause: Limit one of each Pok\u00e9mon\n|rule|OHKO Clause: OHKO moves are banned\n|rule|Moody Clause: Moody is banned\n|rule|Evasion Moves Clause: Evasion moves are banned\n|rule|Endless Battle Clause: Forcing endless battles is banned\n|rule|HP Percentage Mod: HP is shown in percentages\n|clearpoke\n|poke|p1|Pelipper, M|item\n|poke|p1|Omastar, F|item\n|poke|p1|Ferrothorn, F|item\n|poke|p1|Floatzel, F|item\n|poke|p1|Swampert, F|item\n|poke|p1|Kingdra, F|item\n|poke|p2|Alakazam, F|item\n|poke|p2|Landorus-Therian, M|item\n|poke|p2|Keldeo-Resolute|item\n|poke|p2|Magnezone|item\n|poke|p2|Tapu Lele|item\n|poke|p2|Rotom-Wash|item\n|teampreview\n|\n|start\n|switch|p1a: Pelipper|Pelipper, M|100\/100\n|switch|p2a: Rotom|Rotom-Wash|100\/100\n|-weather|RainDance|[from] ability: Drizzle|[of] p1a: Pelipper\n|turn|1\n|inactive|Battle timer is ON: inactive players will automatically lose when time's up. (requested by SMxVale)\n|\n|switch|p1a: Ferrothorn|Ferrothorn, F|100\/100\n|move|p2a: Rotom|Volt Switch|p1a: Ferrothorn\n|-resisted|p1a: Ferrothorn\n|-damage|p1a: Ferrothorn|92\/100\n|j| Jeezus96\n|\n|switch|p2a: Magnezone|Magnezone|100\/100|[from]move: Volt Switch\n|\n|-weather|RainDance|[upkeep]\n|upkeep\n|turn|2\n|\n|move|p2a: Magnezone|Substitute|p2a: Magnezone\n|-start|p2a: Magnezone|Substitute\n|-damage|p2a: Magnezone|76\/100\n|move|p1a: Ferrothorn|Stealth Rock|p2a: Magnezone\n|-sidestart|p2: SMxVale|move: Stealth Rock\n|\n|-weather|RainDance|[upkeep]\n|upkeep\n|turn|3\n|j| zuanimal\n|\n|move|p2a: Magnezone|Hidden Power|p1a: Ferrothorn\n|-supereffective|p1a: Ferrothorn\n|-damage|p1a: Ferrothorn|63\/100\n|move|p1a: Ferrothorn|Spikes|p2a: Magnezone\n|-sidestart|p2: SMxVale|Spikes\n|\n|-weather|RainDance|[upkeep]\n|upkeep\n|turn|4\n|\n|move|p2a: Magnezone|Hidden Power|p1a: Ferrothorn\n|-supereffective|p1a: Ferrothorn\n|-damage|p1a: Ferrothorn|36\/100\n|move|p1a: Ferrothorn|Spikes|p2a: Magnezone\n|-sidestart|p2: SMxVale|Spikes\n|\n|-weather|RainDance|[upkeep]\n|upkeep\n|turn|5\n|\n|move|p2a: Magnezone|Hidden Power|p1a: Ferrothorn\n|-supereffective|p1a: Ferrothorn\n|-damage|p1a: Ferrothorn|9\/100\n|-enditem|p1a: Ferrothorn|Iapapa Berry|[eat]\n|-heal|p1a: Ferrothorn|59\/100|[from] item: Iapapa Berry\n|move|p1a: Ferrothorn|Spikes|p2a: Magnezone\n|-sidestart|p2: SMxVale|Spikes\n|\n|-weather|RainDance|[upkeep]\n|upkeep\n|turn|6\n|\n|move|p2a: Magnezone|Hidden Power|p1a: Ferrothorn\n|-supereffective|p1a: Ferrothorn\n|-damage|p1a: Ferrothorn|28\/100\n|move|p1a: Ferrothorn|Power Whip|p2a: Magnezone\n|-resisted|p2a: Magnezone\n|-activate|p2a: Magnezone|move: Substitute|[damage]\n|\n|-weather|RainDance|[upkeep]\n|upkeep\n|turn|7\n|\n|move|p2a: Magnezone|Hidden Power|p1a: Ferrothorn\n|-supereffective|p1a: Ferrothorn\n|-damage|p1a: Ferrothorn|0 fnt\n|faint|p1a: Ferrothorn\n|\n|-weather|RainDance|[upkeep]\n|upkeep\n|\n|switch|p1a: Swampert|Swampert, F|100\/100\n|turn|8\n|\n|detailschange|p1a: Swampert|Swampert-Mega, F\n|-mega|p1a: Swampert|Swampert|Swampertite\n|move|p1a: Swampert|Waterfall|p2a: Magnezone\n|-end|p2a: Magnezone|Substitute\n|move|p2a: Magnezone|Flash Cannon|p1a: Swampert\n|-resisted|p1a: Swampert\n|-damage|p1a: Swampert|80\/100\n|\n|-weather|none\n|upkeep\n|turn|9\n|\n|switch|p2a: Rotom|Rotom-Wash|100\/100\n|-damage|p2a: Rotom|88\/100|[from] Stealth Rock\n|move|p1a: Swampert|Superpower|p2a: Rotom\n|-damage|p2a: Rotom|30\/100\n|-unboost|p1a: Swampert|atk|1\n|-unboost|p1a: Swampert|def|1\n|\n|upkeep\n|turn|10\n|\n|switch|p2a: Landorus|Landorus-Therian, M|100\/100\n|-damage|p2a: Landorus|88\/100|[from] Stealth Rock\n|-ability|p2a: Landorus|Intimidate|boost\n|-unboost|p1a: Swampert|atk|1\n|move|p1a: Swampert|Superpower|p2a: Landorus\n|-resisted|p2a: Landorus\n|-damage|p2a: Landorus|79\/100\n|-damage|p1a: Swampert|64\/100|[from] item: Rocky Helmet|[of] p2a: Landorus\n|-unboost|p1a: Swampert|atk|1\n|-unboost|p1a: Swampert|def|1\n|\n|upkeep\n|turn|11\n|\n|move|p1a: Swampert|Ice Punch|p2a: Landorus\n|-supereffective|p2a: Landorus\n|-damage|p2a: Landorus|41\/100\n|-damage|p1a: Swampert|47\/100|[from] item: Rocky Helmet|[of] p2a: Landorus\n|move|p2a: Landorus|U-turn|p1a: Swampert\n|-damage|p1a: Swampert|10\/100\n|\n|switch|p2a: Rotom|Rotom-Wash|30\/100|[from]move: U-turn\n|-damage|p2a: Rotom|18\/100|[from] Stealth Rock\n|-enditem|p2a: Rotom|Iapapa Berry|[eat]\n|-heal|p2a: Rotom|68\/100|[from] item: Iapapa Berry\n|\n|upkeep\n|turn|12\n|\n|switch|p1a: Pelipper|Pelipper, M|100\/100\n|-weather|RainDance|[from] ability: Drizzle|[of] p1a: Pelipper\n|move|p2a: Rotom|Defog|p1a: Pelipper\n|-unboost|p1a: Pelipper|evasion|1\n|-sideend|p2: SMxVale|Spikes|[from] move: Defog|[of] p2a: Rotom\n|-sideend|p2: SMxVale|Stealth Rock|[from] move: Defog|[of] p2a: Rotom\n|\n|-weather|RainDance|[upkeep]\n|upkeep\n|turn|13\n|\n|switch|p1a: Swampert|Swampert-Mega, F|10\/100\n|move|p2a: Rotom|Volt Switch|p1a: Swampert\n|-immune|p1a: Swampert\n|\n|-weather|RainDance|[upkeep]\n|upkeep\n|turn|14\n|\n|switch|p2a: Landorus|Landorus-Therian, M|41\/100\n|-ability|p2a: Landorus|Intimidate|boost\n|-unboost|p1a: Swampert|atk|1\n|move|p1a: Swampert|Waterfall|p2a: Landorus\n|-supereffective|p2a: Landorus\n|-damage|p2a: Landorus|0 fnt\n|-damage|p1a: Swampert|0 fnt|[from] item: Rocky Helmet|[of] p2a: Landorus\n|faint|p2a: Landorus\n|faint|p1a: Swampert\n|\n|-weather|RainDance|[upkeep]\n|upkeep\n|\n|switch|p1a: Kingdra|Kingdra, F|100\/100\n|switch|p2a: Keldeo|Keldeo-Resolute|100\/100\n|turn|15\n|\n|move|p1a: Kingdra|Surf|p2a: Keldeo\n|-resisted|p2a: Keldeo\n|-damage|p2a: Keldeo|47\/100\n|move|p2a: Keldeo|Secret Sword|p1a: Kingdra\n|-damage|p1a: Kingdra|50\/100\n|\n|-weather|RainDance|[upkeep]\n|upkeep\n|turn|16\n|\n|move|p1a: Kingdra|Surf|p2a: Keldeo\n|-resisted|p2a: Keldeo\n|-damage|p2a: Keldeo|0 fnt\n|faint|p2a: Keldeo\n|\n|-weather|RainDance|[upkeep]\n|upkeep\n|\n|switch|p2a: Alakazam|Alakazam, F|100\/100\n|turn|17\n|\n|detailschange|p2a: Alakazam|Alakazam-Mega, F\n|-mega|p2a: Alakazam|Alakazam|Alakazite\n|-ability|p2a: Alakazam|Swift Swim|[from] ability: Trace|[of] p1a: Kingdra\n|move|p2a: Alakazam|Psychic|p1a: Kingdra\n|-damage|p1a: Kingdra|0 fnt\n|faint|p1a: Kingdra\n|\n|-weather|RainDance|[upkeep]\n|upkeep\n|\n|switch|p1a: Pelipper|Pelipper, M|100\/100\n|turn|18\n|\n|move|p2a: Alakazam|Psychic|p1a: Pelipper\n|-damage|p1a: Pelipper|15\/100\n|move|p1a: Pelipper|U-turn|p2a: Alakazam\n|-supereffective|p2a: Alakazam\n|-damage|p2a: Alakazam|67\/100\n|\n|switch|p1a: Floatzel|Floatzel, F|100\/100|[from]move: U-turn\n|\n|-weather|RainDance|[upkeep]\n|upkeep\n|turn|19\n|\n|move|p1a: Floatzel|Surf|p2a: Alakazam\n|-damage|p2a: Alakazam|0 fnt\n|faint|p2a: Alakazam\n|\n|-weather|none\n|upkeep\n|\n|switch|p2a: Magnezone|Magnezone|76\/100\n|turn|20\n|\n|switch|p1a: Pelipper|Pelipper, M|15\/100\n|-weather|RainDance|[from] ability: Drizzle|[of] p1a: Pelipper\n|move|p2a: Magnezone|Thunderbolt|p1a: Pelipper\n|-supereffective|p1a: Pelipper\n|-damage|p1a: Pelipper|0 fnt\n|faint|p1a: Pelipper\n|\n|-weather|RainDance|[upkeep]\n|upkeep\n|\n|switch|p1a: Omastar|Omastar, F|100\/100\n|turn|21\n|\n|move|p1a: Omastar|Hydro Pump|p2a: Magnezone\n|-damage|p2a: Magnezone|0 fnt\n|faint|p2a: Magnezone\n|\n|-weather|RainDance|[upkeep]\n|upkeep\n|\n|switch|p2a: Tapu Lele|Tapu Lele|100\/100\n|-fieldstart|move: Psychic Terrain|[from] ability: Psychic Surge|[of] p2a: Tapu Lele\n|turn|22\n|\n|-zpower|p1a: Omastar\n|move|p1a: Omastar|Hydro Vortex|p2a: Tapu Lele|[zeffect]\n|-damage|p2a: Tapu Lele|0 fnt\n|faint|p2a: Tapu Lele\n|\n|-weather|RainDance|[upkeep]\n|upkeep\n|\n|switch|p2a: Rotom|Rotom-Wash|68\/100\n|turn|23\n|inactive|Malte Bluri has 120 seconds left.\n|\n|move|p1a: Omastar|Hydro Pump|p2a: Rotom\n|-resisted|p2a: Rotom\n|-damage|p2a: Rotom|37\/100\n|move|p2a: Rotom|Volt Switch|p1a: Omastar\n|-supereffective|p1a: Omastar\n|-damage|p1a: Omastar|26\/100\n|\n|-weather|RainDance|[upkeep]\n|upkeep\n|turn|24\n|inactive|Malte Bluri has 90 seconds left.\n|\n|move|p1a: Omastar|Ancient Power|p2a: Rotom\n|-damage|p2a: Rotom|14\/100\n|move|p2a: Rotom|Volt Switch|p1a: Omastar\n|-supereffective|p1a: Omastar\n|-damage|p1a: Omastar|0 fnt\n|faint|p1a: Omastar\n|\n|-weather|RainDance|[upkeep]\n|upkeep\n|\n|switch|p1a: Floatzel|Floatzel, F|100\/100\n|turn|25\n|c|\u2606Malte Bluri|Gg\n|\n|move|p1a: Floatzel|Surf|p2a: Rotom\n|-resisted|p2a: Rotom\n|-damage|p2a: Rotom|0 fnt\n|faint|p2a: Rotom\n|\n|win|Malte Bluri\n|c|\u2606Malte Bluri|Gg\n|c| Jeezus96|super omastar ^^\n||Ladder (probably) updated, but score could not be retrieved (Response not received).\n","uploadtime":1571860109,"views":39,"p1id":"maltebluri","p2id":"smxvale","formatid":"gen7ou","rating":0,"private":0,"password":null}