{"id":"gen7ou-650341324","p1":"Pitaye","p2":"Trap Badmon","format":"gen7ou","log":"|j|Pitaye\n|j|Trap Badmon\n|player|p1|Pitaye|36\n|teamsize|p1|6\n|player|p2|Trap Badmon|102\n|teamsize|p2|6\n|gametype|singles\n|gen|7\n|tier|[Gen 7] OU\n|rated|\n|seed|24308,45533,4964,62903\n|rule|Sleep Clause Mod: Limit one foe put to sleep\n|rule|Species Clause: Limit one of each Pok\u00e9mon\n|rule|OHKO Clause: OHKO moves are banned\n|rule|Moody Clause: Moody is banned\n|rule|Evasion Moves Clause: Evasion moves are banned\n|rule|Endless Battle Clause: Forcing endless battles is banned\n|rule|HP Percentage Mod: HP is shown in percentages\n|clearpoke\n|poke|p1|Tornadus-Therian, M|item\n|poke|p1|Tapu Koko|item\n|poke|p1|Magearna|item\n|poke|p1|Latias, F|item\n|poke|p1|Gastrodon, F|item\n|poke|p1|Landorus-Therian, M|item\n|poke|p2|Aerodactyl, F|item\n|poke|p2|Scolipede, F|item\n|poke|p2|Charizard, M|item\n|poke|p2|Kyurem-Black|item\n|poke|p2|Bisharp, F|item\n|poke|p2|Excadrill, F|item\n|teampreview\n|j|monetgis\n|j|lucrine\n|inactive|Battle timer is ON: inactive players will automatically lose when time's up. (requested by Trap Badmon)\n|choice|team 5, team 2, team 3, team 4, team 1, team 6|team 1, team 2, team 3, team 4, team 5, team 6\n|\n|start\n|switch|p1a: Gastrodon|Gastrodon, F|425\/425\n|switch|p2a: Aerodactyl|Aerodactyl, F|301\/301\n|-ability|p2a: Aerodactyl|Pressure\n|turn|1\n|choice|move scald|move stealthrock\n|\n|move|p2a: Aerodactyl|Stealth Rock|p1a: Gastrodon\n|-sidestart|p1: Pitaye|move: Stealth Rock\n|move|p1a: Gastrodon|Scald|p2a: Aerodactyl\n|-supereffective|p2a: Aerodactyl\n|-damage|p2a: Aerodactyl|73\/301\n|\n|upkeep\n|turn|2\n|choice|move toxic|move taunt\n|\n|move|p2a: Aerodactyl|Taunt|p1a: Gastrodon\n|-start|p1a: Gastrodon|move: Taunt\n|cant|p1a: Gastrodon|move: Taunt|Toxic\n|\n|upkeep\n|turn|3\n|l|monetgis\n|inactive|Trap Badmon has 120 seconds left.\n|choice|move scald|move doubleedge\n|\n|move|p2a: Aerodactyl|Double-Edge|p1a: Gastrodon\n|-damage|p1a: Gastrodon|261\/425\n|-damage|p2a: Aerodactyl|19\/301|[from] Recoil|[of] p1a: Gastrodon\n|move|p1a: Gastrodon|Scald|p2a: Aerodactyl\n|-supereffective|p2a: Aerodactyl\n|-damage|p2a: Aerodactyl|0 fnt\n|faint|p2a: Aerodactyl\n|\n|-heal|p1a: Gastrodon|287\/425|[from] item: Leftovers\n|upkeep\n|l|lucrine\n|inactive|Trap Badmon has 120 seconds left.\n|choice||switch 4\n|\n|switch|p2a: Kyurem|Kyurem-Black|391\/391\n|-ability|p2a: Kyurem|Teravolt\n|turn|4\n|choice|move scald|move substitute\n|\n|move|p2a: Kyurem|Substitute|p2a: Kyurem\n|-start|p2a: Kyurem|Substitute\n|-damage|p2a: Kyurem|294\/391\n|move|p1a: Gastrodon|Scald|p2a: Kyurem\n|-resisted|p2a: Kyurem\n|-activate|p2a: Kyurem|move: Substitute|[damage]\n|\n|-heal|p1a: Gastrodon|313\/425|[from] item: Leftovers\n|-end|p1a: Gastrodon|move: Taunt\n|upkeep\n|turn|5\n|choice|move recover|move icebeam\n|\n|move|p2a: Kyurem|Ice Beam|p1a: Gastrodon\n|-damage|p1a: Gastrodon|138\/425\n|-damage|p2a: Kyurem|255\/391|[from] item: Life Orb\n|move|p1a: Gastrodon|Recover|p1a: Gastrodon\n|-heal|p1a: Gastrodon|351\/425\n|\n|-heal|p1a: Gastrodon|377\/425|[from] item: Leftovers\n|upkeep\n|turn|6\n|choice|move recover|move earthpower\n|\n|move|p2a: Kyurem|Earth Power|p1a: Gastrodon\n|-damage|p1a: Gastrodon|270\/425\n|-damage|p2a: Kyurem|216\/391|[from] item: Life Orb\n|move|p1a: Gastrodon|Recover|p1a: Gastrodon\n|-heal|p1a: Gastrodon|425\/425\n|\n|upkeep\n|turn|7\n|choice|move earthquake|move icebeam\n|\n|move|p2a: Kyurem|Ice Beam|p1a: Gastrodon\n|-damage|p1a: Gastrodon|250\/425\n|-damage|p2a: Kyurem|177\/391|[from] item: Life Orb\n|move|p1a: Gastrodon|Earthquake|p2a: Kyurem\n|-end|p2a: Kyurem|Substitute\n|\n|-heal|p1a: Gastrodon|276\/425|[from] item: Leftovers\n|upkeep\n|turn|8\n|choice|move recover|move icebeam\n|\n|move|p2a: Kyurem|Ice Beam|p1a: Gastrodon\n|-damage|p1a: Gastrodon|123\/425\n|-status|p1a: Gastrodon|frz\n|-damage|p2a: Kyurem|138\/391|[from] item: Life Orb\n|-curestatus|p1a: Gastrodon|frz|[msg]\n|move|p1a: Gastrodon|Recover|p1a: Gastrodon\n|-heal|p1a: Gastrodon|336\/425\n|\n|-heal|p1a: Gastrodon|362\/425|[from] item: Leftovers\n|upkeep\n|turn|9\n|choice|move recover|move icebeam\n|\n|move|p2a: Kyurem|Ice Beam|p1a: Gastrodon\n|-damage|p1a: Gastrodon|187\/425\n|-damage|p2a: Kyurem|99\/391|[from] item: Life Orb\n|move|p1a: Gastrodon|Recover|p1a: Gastrodon\n|-heal|p1a: Gastrodon|400\/425\n|\n|-heal|p1a: Gastrodon|425\/425|[from] item: Leftovers\n|upkeep\n|turn|10\n|choice|move earthquake|move substitute\n|\n|move|p2a: Kyurem|Substitute|p2a: Kyurem\n|-start|p2a: Kyurem|Substitute\n|-damage|p2a: Kyurem|2\/391\n|move|p1a: Gastrodon|Earthquake|p2a: Kyurem\n|-end|p2a: Kyurem|Substitute\n|\n|upkeep\n|turn|11\n|j|Rubygoat\n|choice|move recover|move icebeam\n|\n|move|p2a: Kyurem|Ice Beam|p1a: Gastrodon\n|-damage|p1a: Gastrodon|268\/425\n|-damage|p2a: Kyurem|0 fnt|[from] item: Life Orb\n|faint|p2a: Kyurem\n|move|p1a: Gastrodon|Recover|p1a: Gastrodon\n|-heal|p1a: Gastrodon|425\/425\n|\n|upkeep\n|j|situm\n|c| situm|j'ai mis celesteela\n|inactive|Trap Badmon has 120 seconds left.\n|c| situm|perso\n|c| situm|idk si \u00e7a marche mieux\n|inactive|Trap Badmon has 90 seconds left.\n|c|\u2606Pitaye|on verra, apr\u00e8s j'ai peur que \u00e7a fasse trop def\n|c|\u2606Pitaye|mais \u00e0 voir\n|choice||switch 5\n|\n|switch|p2a: Bisharp|Bisharp, F|271\/271\n|turn|12\n|c|\u2606Pitaye|moi j'ai pas encore test\u00e9 mag\n|choice|move earthquake|move knockoff\n|\n|move|p2a: Bisharp|Knock Off|p1a: Gastrodon\n|-damage|p1a: Gastrodon|169\/425\n|-enditem|p1a: Gastrodon|Leftovers|[from] move: Knock Off|[of] p2a: Bisharp\n|move|p1a: Gastrodon|Earthquake|p2a: Bisharp\n|-supereffective|p2a: Bisharp\n|-damage|p2a: Bisharp|59\/271\n|\n|upkeep\n|turn|13\n|inactive|Trap Badmon has 120 seconds left.\n|inactive|Trap Badmon has 90 seconds left.\n|choice|move recover|move knockoff\n|\n|move|p2a: Bisharp|Knock Off|p1a: Gastrodon\n|-damage|p1a: Gastrodon|0 fnt\n|faint|p1a: Gastrodon\n|\n|upkeep\n|choice|switch 2|\n|\n|switch|p1a: Tapu Koko|Tapu Koko|281\/281\n|-damage|p1a: Tapu Koko|246\/281|[from] Stealth Rock\n|-fieldstart|move: Electric Terrain|[from] ability: Electric Surge|[of] p1a: Tapu Koko\n|turn|14\n|choice|move dazzlinggleam|move suckerpunch\n|\n|move|p2a: Bisharp|Sucker Punch|p1a: Tapu Koko\n|-resisted|p1a: Tapu Koko\n|-damage|p1a: Tapu Koko|162\/281\n|move|p1a: Tapu Koko|Dazzling Gleam|p2a: Bisharp\n|-damage|p2a: Bisharp|0 fnt\n|faint|p2a: Bisharp\n|\n|upkeep\n|choice||switch 2\n|\n|switch|p2a: Scolipede|Scolipede, F|261\/261\n|turn|15\n|choice|switch 6|move swordsdance\n|\n|switch|p1a: Landorus|Landorus-Therian, M|382\/382\n|-damage|p1a: Landorus|335\/382|[from] Stealth Rock\n|-ability|p1a: Landorus|Intimidate|boost\n|-unboost|p2a: Scolipede|atk|1\n|move|p2a: Scolipede|Swords Dance|p2a: Scolipede\n|-boost|p2a: Scolipede|atk|2\n|\n|-heal|p1a: Landorus|358\/382|[from] item: Leftovers\n|-ability|p2a: Scolipede|Speed Boost|boost\n|-boost|p2a: Scolipede|spe|1\n|upkeep\n|turn|16\n|l|Rubygoat\n|inactive|Trap Badmon has 120 seconds left.\n|choice|switch 3|move aquatail zmove\n|\n|switch|p1a: Magearna|Magearna|301\/301\n|-damage|p1a: Magearna|283\/301|[from] Stealth Rock\n|-zpower|p2a: Scolipede\n|move|p2a: Scolipede|Hydro Vortex|p1a: Magearna|[zeffect]\n|-damage|p1a: Magearna|49\/301\n|\n|-ability|p2a: Scolipede|Speed Boost|boost\n|-boost|p2a: Scolipede|spe|1\n|upkeep\n|turn|17\n|choice|move thunderbolt|move swordsdance\n|\n|move|p2a: Scolipede|Swords Dance|p2a: Scolipede\n|-boost|p2a: Scolipede|atk|2\n|move|p1a: Magearna|Thunderbolt|p2a: Scolipede\n|-damage|p2a: Scolipede|49\/261\n|\n|-ability|p2a: Scolipede|Speed Boost|boost\n|-boost|p2a: Scolipede|spe|1\n|upkeep\n|turn|18\n|choice|move thunderbolt|move aquatail\n|\n|move|p2a: Scolipede|Aqua Tail|p1a: Magearna\n|-damage|p1a: Magearna|0 fnt\n|faint|p1a: Magearna\n|\n|-fieldend|move: Electric Terrain\n|-ability|p2a: Scolipede|Speed Boost|boost\n|-boost|p2a: Scolipede|spe|1\n|upkeep\n|choice|switch 3|\n|\n|switch|p1a: Landorus|Landorus-Therian, M|358\/382\n|-damage|p1a: Landorus|311\/382|[from] Stealth Rock\n|-ability|p1a: Landorus|Intimidate|boost\n|-unboost|p2a: Scolipede|atk|1\n|turn|19\n|j|Rubygoat\n|l|Rubygoat\n|inactive|Trap Badmon has 120 seconds left.\n|choice|move earthquake|move aquatail\n|\n|move|p2a: Scolipede|Aqua Tail|p1a: Landorus\n|-supereffective|p1a: Landorus\n|-damage|p1a: Landorus|17\/382\n|move|p1a: Landorus|Earthquake|p2a: Scolipede\n|-damage|p2a: Scolipede|0 fnt\n|faint|p2a: Scolipede\n|\n|-heal|p1a: Landorus|40\/382|[from] item: Leftovers\n|upkeep\n|c|\u2606Trap Badmon|damn\n|c|\u2606Trap Badmon|Scoli is weak lol\n|c|\u2606Pitaye|yeah I calculated that\n|inactive|Trap Badmon has 120 seconds left.\n|c|\u2606Pitaye|lol\n|choice||switch 3\n|\n|switch|p2a: Charizard|Charizard, M|297\/297\n|turn|20\n|c|\u2606Trap Badmon|max defense?\n|c|\u2606Pitaye|yeah\n|inactive|Trap Badmon has 120 seconds left.\n|c|\u2606Trap Badmon|gotcha\n|choice|move earthquake|move dragondance\n|\n|move|p2a: Charizard|Dragon Dance|p2a: Charizard\n|-boost|p2a: Charizard|atk|1\n|-boost|p2a: Charizard|spe|1\n|move|p1a: Landorus|Earthquake|p2a: Charizard\n|-immune|p2a: Charizard|[msg]\n|\n|-heal|p1a: Landorus|63\/382|[from] item: Leftovers\n|upkeep\n|turn|21\n|c|\u2606Pitaye|gg\n|choice|switch 5|move dragonclaw mega\n|\n|switch|p1a: Tornadus|Tornadus-Therian, M|299\/299\n|-damage|p1a: Tornadus|225\/299|[from] Stealth Rock\n|detailschange|p2a: Charizard|Charizard-Mega-X, M\n|-mega|p2a: Charizard|Charizard|Charizardite X\n|move|p2a: Charizard|Dragon Claw|p1a: Tornadus\n|-damage|p1a: Tornadus|0 fnt\n|faint|p1a: Tornadus\n|\n|upkeep\n|choice|switch 5|\n|\n|switch|p1a: Landorus|Landorus-Therian, M|63\/382\n|-damage|p1a: Landorus|16\/382|[from] Stealth Rock\n|-ability|p1a: Landorus|Intimidate|boost\n|-unboost|p2a: Charizard|atk|1\n|turn|22\n|choice|move earthquake|move dragonclaw\n|\n|move|p2a: Charizard|Dragon Claw|p1a: Landorus\n|-damage|p1a: Landorus|0 fnt\n|faint|p1a: Landorus\n|\n|upkeep\n|choice|switch 4|\n|\n|switch|p1a: Latias|Latias, F|364\/364\n|-damage|p1a: Latias|319\/364|[from] Stealth Rock\n|turn|23\n|choice|move icebeam mega|move dragonclaw\n|\n|detailschange|p1a: Latias|Latias-Mega, F\n|-mega|p1a: Latias|Latias|Latiasite\n|move|p2a: Charizard|Dragon Claw|p1a: Latias\n|-supereffective|p1a: Latias\n|-damage|p1a: Latias|0 fnt\n|faint|p1a: Latias\n|\n|upkeep\n|-message|Pitaye forfeited.\n|\n|win|Trap Badmon\n|l|Pitaye\n|raw|Pitaye's rating: 1557 &rarr; <strong>1534<\/strong><br \/>(-23 for losing)\n|raw|Trap Badmon's rating: 1517 &rarr; <strong>1539<\/strong><br \/>(+22 for winning)","inputlog":null,"uploadtime":1508959548,"views":4,"p1id":"pitaye","p2id":"trapbadmon","formatid":"gen7ou","rating":1534,"private":0,"password":null}