{"id":"gen7ou-666806143","p1":"Worstsetsever","p2":"bossetti","format":"gen7ou","log":"|j|Worstsetsever\n|j|bossetti\n|player|p1|Worstsetsever|164\n|teamsize|p1|6\n|player|p2|bossetti|80\n|teamsize|p2|6\n|gametype|singles\n|gen|7\n|tier|[Gen 7] OU\n|rated|\n|seed|52602,44798,26760,8018\n|rule|Sleep Clause Mod: Limit one foe put to sleep\n|rule|Species Clause: Limit one of each Pok\u00e9mon\n|rule|OHKO Clause: OHKO moves are banned\n|rule|Moody Clause: Moody is banned\n|rule|Evasion Moves Clause: Evasion moves are banned\n|rule|Endless Battle Clause: Forcing endless battles is banned\n|rule|HP Percentage Mod: HP is shown in percentages\n|clearpoke\n|poke|p1|Charizard, M|item\n|poke|p1|Hawlucha, F|item\n|poke|p1|Tapu Bulu|item\n|poke|p1|Tyranitar, F|item\n|poke|p1|Excadrill, F|item\n|poke|p1|Zapdos|item\n|poke|p2|Tapu Koko|item\n|poke|p2|Greninja, M|item\n|poke|p2|Landorus-Therian, M|item\n|poke|p2|Magearna|item\n|poke|p2|Pinsir, F|item\n|poke|p2|Hawlucha, F|item\n|teampreview\n|inactive|Battle timer is ON: inactive players will automatically lose when time's up. (requested by Worstsetsever)\n|choice|team 4, team 2, team 3, team 1, team 5, team 6|team 1, team 2, team 3, team 4, team 5, team 6\n|\n|start\n|switch|p1a: Tyranitar|Tyranitar, F|400\/400\n|switch|p2a: Tapu Koko|Tapu Koko|281\/281\n|-fieldstart|move: Electric Terrain|[from] ability: Electric Surge|[of] p2a: Tapu Koko\n|-weather|Sandstorm|[from] ability: Sand Stream|[of] p1a: Tyranitar\n|turn|1\n|choice|move stealthrock|move taunt\n|\n|move|p2a: Tapu Koko|Taunt|p1a: Tyranitar\n|-start|p1a: Tyranitar|move: Taunt\n|cant|p1a: Tyranitar|move: Taunt|Stealth Rock\n|\n|-weather|Sandstorm|[upkeep]\n|-damage|p2a: Tapu Koko|264\/281|[from] sandstorm\n|upkeep\n|turn|2\n|choice|switch 5|move reflect\n|\n|switch|p1a: Excadrill|Excadrill, F|424\/424\n|move|p2a: Tapu Koko|Reflect|p2a: Tapu Koko\n|-sidestart|p2: bossetti|Reflect\n|\n|-weather|Sandstorm|[upkeep]\n|-damage|p2a: Tapu Koko|247\/281|[from] sandstorm\n|upkeep\n|turn|3\n|inactive|bossetti has 135 seconds left.\n|choice|move ironhead|switch 3\n|\n|switch|p2a: Landorus|Landorus-Therian, M|382\/382\n|-ability|p2a: Landorus|Intimidate|boost\n|-unboost|p1a: Excadrill|atk|1\n|move|p1a: Excadrill|Iron Head|p2a: Landorus\n|-damage|p2a: Landorus|322\/382\n|\n|-weather|Sandstorm|[upkeep]\n|upkeep\n|turn|4\n|choice|switch 3|move stealthrock\n|\n|switch|p1a: Tapu Bulu|Tapu Bulu|281\/281\n|-fieldstart|move: Grassy Terrain|[from] ability: Grassy Surge|[of] p1a: Tapu Bulu\n|move|p2a: Landorus|Stealth Rock|p1a: Tapu Bulu\n|-sidestart|p1: Worstsetsever|move: Stealth Rock\n|\n|-weather|Sandstorm|[upkeep]\n|-damage|p1a: Tapu Bulu|264\/281|[from] sandstorm\n|-heal|p1a: Tapu Bulu|281\/281|[from] Grassy Terrain\n|upkeep\n|turn|5\n|choice|move brickbreak|switch 6\n|\n|switch|p2a: Hawlucha|Hawlucha, F|297\/297\n|move|p1a: Tapu Bulu|Brick Break|p2a: Hawlucha\n|-sideend|p2: bossetti|Reflect\n|-resisted|p2a: Hawlucha\n|-damage|p2a: Hawlucha|212\/297\n|\n|-weather|none\n|upkeep\n|turn|6\n|choice|switch 6|move skyattack\n|\n|switch|p1a: Zapdos|Zapdos|383\/383\n|-damage|p1a: Zapdos|288\/383|[from] Stealth Rock\n|-ability|p1a: Zapdos|Pressure\n|move|p2a: Hawlucha|Sky Attack|p1a: Zapdos|[still]\n|-prepare|p2a: Hawlucha|Sky Attack|p1a: Zapdos\n|-enditem|p2a: Hawlucha|Power Herb\n|-anim|p2a: Hawlucha|Sky Attack|p1a: Zapdos\n|-resisted|p1a: Zapdos\n|-damage|p1a: Zapdos|207\/383\n|\n|-heal|p1a: Zapdos|230\/383|[from] item: Leftovers\n|upkeep\n|turn|7\n|choice|move discharge|switch 6\n|\n|switch|p2a: Landorus|Landorus-Therian, M|322\/382\n|-ability|p2a: Landorus|Intimidate|boost\n|-unboost|p1a: Zapdos|atk|1\n|move|p1a: Zapdos|Discharge|p2a: Landorus\n|-immune|p2a: Landorus|[msg]\n|\n|-heal|p1a: Zapdos|253\/383|[from] item: Leftovers\n|upkeep\n|turn|8\n|choice|move roost|move explosion\n|\n|move|p1a: Zapdos|Roost|p1a: Zapdos\n|-heal|p1a: Zapdos|383\/383\n|move|p2a: Landorus|Explosion|p1a: Zapdos\n|-enditem|p2a: Landorus|Normal Gem|[from] gem|[move] Explosion\n|-damage|p1a: Zapdos|38\/383\n|faint|p2a: Landorus\n|\n|-heal|p1a: Zapdos|61\/383|[from] item: Leftovers\n|-heal|p1a: Zapdos|84\/383|[from] Grassy Terrain\n|-fieldend|move: Grassy Terrain\n|upkeep\n|choice||switch 5\n|\n|switch|p2a: Pinsir|Pinsir, F|271\/271\n|turn|9\n|inactive|Worstsetsever has 135 seconds left.\n|choice|move roost|move frustration\n|\n|move|p2a: Pinsir|Frustration|p1a: Zapdos\n|-damage|p1a: Zapdos|0 fnt\n|faint|p1a: Zapdos\n|-ability|p2a: Pinsir|Moxie|boost\n|-boost|p2a: Pinsir|atk|1\n|\n|upkeep\n|choice|switch 5|\n|\n|switch|p1a: Tyranitar|Tyranitar, F|400\/400\n|-damage|p1a: Tyranitar|350\/400|[from] Stealth Rock\n|-weather|Sandstorm|[from] ability: Sand Stream|[of] p1a: Tyranitar\n|turn|10\n|inactive|Worstsetsever has 135 seconds left.\n|choice|move icebeam|move closecombat mega\n|\n|-mega|p2a: Pinsir|Pinsir|Pinsirite\n|detailschange|p2a: Pinsir|Pinsir-Mega, F\n|move|p2a: Pinsir|Close Combat|p1a: Tyranitar\n|-supereffective|p1a: Tyranitar\n|-enditem|p1a: Tyranitar|Chople Berry|[eat]\n|-enditem|p1a: Tyranitar|Chople Berry|[weaken]\n|-damage|p1a: Tyranitar|0 fnt\n|-unboost|p2a: Pinsir|def|1\n|-unboost|p2a: Pinsir|spd|1\n|faint|p1a: Tyranitar\n|\n|-weather|Sandstorm|[upkeep]\n|-damage|p2a: Pinsir|255\/271|[from] sandstorm\n|upkeep\n|choice|switch 3|\n|\n|switch|p1a: Excadrill|Excadrill, F|424\/424\n|-damage|p1a: Excadrill|411\/424|[from] Stealth Rock\n|turn|11\n|c|\u2606bossetti|useless berry\n|choice|move rockslide|switch 3\n|\n|switch|p2a: Tapu Koko|Tapu Koko|247\/281\n|-fieldstart|move: Electric Terrain|[from] ability: Electric Surge|[of] p2a: Tapu Koko\n|move|p1a: Excadrill|Rock Slide|p2a: Tapu Koko\n|-crit|p2a: Tapu Koko\n|-damage|p2a: Tapu Koko|64\/281\n|\n|-weather|Sandstorm|[upkeep]\n|-damage|p2a: Tapu Koko|47\/281|[from] sandstorm\n|upkeep\n|turn|12\n|choice|move rapidspin|move reflect\n|\n|move|p1a: Excadrill|Rapid Spin|p2a: Tapu Koko\n|-damage|p2a: Tapu Koko|13\/281\n|-sideend|p1: Worstsetsever|Stealth Rock|[from] move: Rapid Spin|[of] p1a: Excadrill\n|move|p2a: Tapu Koko|Reflect|p2a: Tapu Koko\n|-sidestart|p2: bossetti|Reflect\n|\n|-weather|Sandstorm|[upkeep]\n|-damage|p2a: Tapu Koko|0 fnt|[from] sandstorm\n|upkeep\n|faint|p2a: Tapu Koko\n|choice||switch 2\n|\n|switch|p2a: Greninja|Greninja, M, shiny|286\/286\n|turn|13\n|choice|switch 6|move hydrocannon zmove\n|\n|switch|p1a: Tapu Bulu|Tapu Bulu|281\/281\n|-fieldstart|move: Grassy Terrain|[from] ability: Grassy Surge|[of] p1a: Tapu Bulu\n|-zpower|p2a: Greninja\n|move|p2a: Greninja|Hydro Vortex|p1a: Tapu Bulu|[zeffect]\n|-start|p2a: Greninja|typechange|Water|[from] Protean\n|-resisted|p1a: Tapu Bulu\n|-damage|p1a: Tapu Bulu|157\/281\n|\n|-weather|Sandstorm|[upkeep]\n|-damage|p2a: Greninja|269\/286|[from] sandstorm\n|-damage|p1a: Tapu Bulu|140\/281|[from] sandstorm\n|-heal|p2a: Greninja|286\/286|[from] Grassy Terrain\n|-heal|p1a: Tapu Bulu|157\/281|[from] Grassy Terrain\n|upkeep\n|turn|14\n|inactive|Worstsetsever has 135 seconds left.\n|choice|move stoneedge|move icebeam\n|\n|move|p2a: Greninja|Ice Beam|p1a: Tapu Bulu\n|-start|p2a: Greninja|typechange|Ice|[from] Protean\n|-supereffective|p1a: Tapu Bulu\n|-damage|p1a: Tapu Bulu|0 fnt\n|faint|p1a: Tapu Bulu\n|\n|-weather|none\n|upkeep\n|choice|switch 2|\n|\n|switch|p1a: Hawlucha|Hawlucha, F|297\/297\n|-enditem|p1a: Hawlucha|Grassy Seed\n|-boost|p1a: Hawlucha|def|1\n|turn|15\n|choice|move highjumpkick|move icebeam\n|\n|move|p1a: Hawlucha|High Jump Kick|p2a: Greninja\n|-supereffective|p2a: Greninja\n|-damage|p2a: Greninja|4\/286\n|move|p2a: Greninja|Ice Beam|p1a: Hawlucha\n|-supereffective|p1a: Hawlucha\n|-damage|p1a: Hawlucha|0 fnt\n|faint|p1a: Hawlucha\n|\n|-heal|p2a: Greninja|21\/286|[from] Grassy Terrain\n|upkeep\n|choice|switch 4|\n|\n|switch|p1a: Charizard|Charizard, M|297\/297\n|turn|16\n|c|\u2606bossetti|best reflex ever\n|choice|move dragondance mega|move hydrocannon\n|\n|-mega|p1a: Charizard|Charizard|Charizardite X\n|detailschange|p1a: Charizard|Charizard-Mega-X, M\n|move|p2a: Greninja|Hydro Cannon|p1a: Charizard|[miss]\n|-start|p2a: Greninja|typechange|Water|[from] Protean\n|-miss|p2a: Greninja|p1a: Charizard\n|move|p1a: Charizard|Dragon Dance|p1a: Charizard\n|-boost|p1a: Charizard|atk|1\n|-boost|p1a: Charizard|spe|1\n|\n|-heal|p2a: Greninja|38\/286|[from] Grassy Terrain\n|upkeep\n|turn|17\n|inactive|Worstsetsever has 135 seconds left.\n|choice|move firepunch|move hydrocannon\n|\n|move|p1a: Charizard|Fire Punch|p2a: Greninja\n|-resisted|p2a: Greninja\n|-damage|p2a: Greninja|0 fnt\n|faint|p2a: Greninja\n|\n|-fieldend|move: Grassy Terrain\n|upkeep\n|choice||switch 6\n|\n|switch|p2a: Hawlucha|Hawlucha, F|212\/297\n|turn|18\n|choice|move dragonclaw|move acrobatics\n|\n|move|p1a: Charizard|Dragon Claw|p2a: Hawlucha\n|-damage|p2a: Hawlucha|24\/297\n|move|p2a: Hawlucha|Acrobatics|p1a: Charizard\n|-damage|p1a: Charizard|150\/297\n|\n|upkeep\n|turn|19\n|choice|move dragonclaw|move acrobatics\n|\n|move|p1a: Charizard|Dragon Claw|p2a: Hawlucha\n|-damage|p2a: Hawlucha|0 fnt\n|faint|p2a: Hawlucha\n|\n|-sideend|p2: bossetti|Reflect\n|upkeep\n|choice||switch 4\n|\n|switch|p2a: Magearna|Magearna|361\/361\n|turn|20\n|choice|move firepunch|move thunderbolt\n|\n|move|p1a: Charizard|Fire Punch|p2a: Magearna\n|-supereffective|p2a: Magearna\n|-damage|p2a: Magearna|0 fnt\n|faint|p2a: Magearna\n|\n|upkeep\n|choice||switch 3\n|\n|switch|p2a: Pinsir|Pinsir-Mega, F|255\/271\n|turn|21\n|choice|move firepunch|move quickattack\n|\n|move|p2a: Pinsir|Quick Attack|p1a: Charizard\n|-damage|p1a: Charizard|65\/297\n|move|p1a: Charizard|Fire Punch|p2a: Pinsir\n|-supereffective|p2a: Pinsir\n|-damage|p2a: Pinsir|0 fnt\n|faint|p2a: Pinsir\n|\n|win|Worstsetsever\n|c|\u2606bossetti|gg\n|c|\u2606Worstsetsever|gg\n|raw|Worstsetsever's rating: 1591 &rarr; <strong>1610<\/strong><br \/>(+19 for winning)\n|raw|bossetti's rating: 1573 &rarr; <strong>1554<\/strong><br \/>(-19 for losing)\n|l|Worstsetsever","inputlog":null,"uploadtime":1512036535,"views":8,"p1id":"worstsetsever","p2id":"bossetti","formatid":"gen7ou","rating":1554,"private":0,"password":null}