{"id":"gen7ou-1669490260","p1":"HQSFun","p2":"FL08","format":"gen7ou","log":"|j|\u2606HQSFun\n|j|\u2606FL08\n|t:|1664056009\n|gametype|singles\n|player|p1|HQSFun|veteranf|1598\n|player|p2|FL08|2|1536\n|teamsize|p1|6\n|teamsize|p2|6\n|gen|7\n|tier|[Gen 7] OU\n|rated|\n|rule|Sleep Clause Mod: Limit one foe put to sleep\n|rule|Species Clause: Limit one of each Pok\u00e9mon\n|rule|OHKO Clause: OHKO moves are banned\n|rule|Moody Clause: Moody is banned\n|rule|Evasion Items Clause: Evasion items are banned\n|rule|Evasion Moves Clause: Evasion moves are banned\n|rule|Endless Battle Clause: Forcing endless battles is banned\n|rule|HP Percentage Mod: HP is shown in percentages\n|clearpoke\n|poke|p1|Victini|item\n|poke|p1|Zeraora|item\n|poke|p1|Tornadus-Therian, M|item\n|poke|p1|Toxapex, M|item\n|poke|p1|Ferrothorn, F|item\n|poke|p1|Diancie|item\n|poke|p2|Lopunny, M|item\n|poke|p2|Landorus-Therian, M|item\n|poke|p2|Tapu Fini|item\n|poke|p2|Heatran, M|item\n|poke|p2|Kartana|item\n|poke|p2|Kyurem-Black|item\n|teampreview\n|inactive|Battle timer is ON: inactive players will automatically lose when time's up. (requested by HQSFun)\n|\n|t:|1664056018\n|start\n|switch|p1a: Tornadus|Tornadus-Therian, M|100\/100\n|switch|p2a: Heatran|Heatran, M|100\/100\n|turn|1\n|\n|t:|1664056025\n|switch|p1a: Diancie|Diancie|100\/100\n|move|p2a: Heatran|Stealth Rock|p1a: Diancie\n|-sidestart|p1: HQSFun|move: Stealth Rock\n|\n|upkeep\n|turn|2\n|\n|t:|1664056033\n|switch|p2a: Tapu Fini|Tapu Fini|100\/100\n|-fieldstart|move: Misty Terrain|[from] ability: Misty Surge|[of] p2a: Tapu Fini\n|move|p1a: Diancie|Stealth Rock|p2a: Tapu Fini\n|-sidestart|p2: FL08|move: Stealth Rock\n|\n|upkeep\n|turn|3\n|\n|t:|1664056043\n|switch|p1a: Tornadus|Tornadus-Therian, M|100\/100\n|-damage|p1a: Tornadus|76\/100|[from] Stealth Rock\n|move|p2a: Tapu Fini|Scald|p1a: Tornadus\n|-damage|p1a: Tornadus|49\/100\n|\n|upkeep\n|turn|4\n|\n|t:|1664056050\n|move|p1a: Tornadus|Knock Off|p2a: Tapu Fini\n|-resisted|p2a: Tapu Fini\n|-damage|p2a: Tapu Fini|92\/100\n|-enditem|p2a: Tapu Fini|Leftovers|[from] move: Knock Off|[of] p1a: Tornadus\n|move|p2a: Tapu Fini|Knock Off|p1a: Tornadus\n|-damage|p1a: Tornadus|32\/100\n|-damage|p2a: Tapu Fini|76\/100|[from] item: Rocky Helmet|[of] p1a: Tornadus\n|-enditem|p1a: Tornadus|Rocky Helmet|[from] move: Knock Off|[of] p2a: Tapu Fini\n|\n|upkeep\n|turn|5\n|\n|t:|1664056063\n|move|p1a: Tornadus|Hurricane|p2a: Tapu Fini\n|-damage|p2a: Tapu Fini|47\/100\n|move|p2a: Tapu Fini|Moonblast|p1a: Tornadus\n|-damage|p1a: Tornadus|1\/100\n|\n|upkeep\n|turn|6\n|\n|t:|1664056072\n|switch|p1a: Toxapex|Toxapex, M|100\/100\n|-damage|p1a: Toxapex|88\/100|[from] Stealth Rock\n|move|p2a: Tapu Fini|Knock Off|p1a: Toxapex\n|-damage|p1a: Toxapex|76\/100\n|-enditem|p1a: Toxapex|Black Sludge|[from] move: Knock Off|[of] p2a: Tapu Fini\n|\n|-fieldend|Misty Terrain\n|upkeep\n|turn|7\n|\n|t:|1664056081\n|switch|p2a: Kyurem|Kyurem-Black|100\/100\n|-damage|p2a: Kyurem|76\/100|[from] Stealth Rock\n|-ability|p2a: Kyurem|Teravolt\n|move|p1a: Toxapex|Toxic|p2a: Kyurem\n|-status|p2a: Kyurem|tox\n|\n|-damage|p2a: Kyurem|70\/100 tox|[from] psn\n|upkeep\n|turn|8\n|\n|t:|1664056092\n|move|p2a: Kyurem|Earth Power|p1a: Toxapex\n|-supereffective|p1a: Toxapex\n|-damage|p1a: Toxapex|44\/100\n|-unboost|p1a: Toxapex|spd|1\n|move|p1a: Toxapex|Recover|p1a: Toxapex\n|-heal|p1a: Toxapex|94\/100\n|\n|-damage|p2a: Kyurem|57\/100 tox|[from] psn\n|upkeep\n|turn|9\n|\n|t:|1664056104\n|move|p2a: Kyurem|Fusion Bolt|p1a: Toxapex\n|-supereffective|p1a: Toxapex\n|-damage|p1a: Toxapex|28\/100\n|move|p1a: Toxapex|Recover|p1a: Toxapex\n|-heal|p1a: Toxapex|78\/100\n|\n|-damage|p2a: Kyurem|39\/100 tox|[from] psn\n|upkeep\n|turn|10\n|\n|t:|1664056111\n|move|p2a: Kyurem|Earth Power|p1a: Toxapex\n|-supereffective|p1a: Toxapex\n|-damage|p1a: Toxapex|32\/100\n|move|p1a: Toxapex|Recover|p1a: Toxapex\n|-heal|p1a: Toxapex|82\/100\n|\n|-damage|p2a: Kyurem|14\/100 tox|[from] psn\n|upkeep\n|turn|11\n|\n|t:|1664056120\n|switch|p2a: Landorus|Landorus-Therian, M|100\/100\n|-damage|p2a: Landorus|88\/100|[from] Stealth Rock\n|-ability|p2a: Landorus|Intimidate|boost\n|-unboost|p1a: Toxapex|atk|1\n|move|p1a: Toxapex|Recover|p1a: Toxapex\n|-heal|p1a: Toxapex|100\/100\n|\n|upkeep\n|turn|12\n|\n|t:|1664056129\n|move|p2a: Landorus|U-turn|p1a: Toxapex\n|-resisted|p1a: Toxapex\n|-damage|p1a: Toxapex|93\/100\n|\n|t:|1664056134\n|switch|p2a: Heatran|Heatran, M|100\/100|[from]move: U-turn\n|-damage|p2a: Heatran|88\/100|[from] Stealth Rock\n|move|p1a: Toxapex|Toxic|p2a: Heatran\n|-immune|p2a: Heatran\n|\n|-heal|p2a: Heatran|94\/100|[from] item: Leftovers\n|upkeep\n|turn|13\n|\n|t:|1664056142\n|switch|p1a: Diancie|Diancie|100\/100\n|-damage|p1a: Diancie|88\/100|[from] Stealth Rock\n|move|p2a: Heatran|Lava Plume|p1a: Diancie\n|-resisted|p1a: Diancie\n|-damage|p1a: Diancie|70\/100\n|\n|-heal|p2a: Heatran|100\/100|[from] item: Leftovers\n|upkeep\n|turn|14\n|\n|t:|1664056151\n|switch|p2a: Kyurem|Kyurem-Black|14\/100 tox\n|-damage|p2a: Kyurem|0 fnt|[from] Stealth Rock\n|faint|p2a: Kyurem\n|detailschange|p1a: Diancie|Diancie-Mega\n|-mega|p1a: Diancie|Diancie|Diancite\n|move|p1a: Diancie|Earth Power|p2: Kyurem|[notarget]\n|-fail|p1a: Diancie\n|\n|upkeep\n|\n|t:|1664056159\n|switch|p2a: Lopunny|Lopunny, M|100\/100\n|-damage|p2a: Lopunny|88\/100|[from] Stealth Rock\n|turn|15\n|\n|t:|1664056169\n|switch|p1a: Toxapex|Toxapex, M|100\/100\n|-damage|p1a: Toxapex|88\/100|[from] Stealth Rock\n|detailschange|p2a: Lopunny|Lopunny-Mega, M\n|-mega|p2a: Lopunny|Lopunny|Lopunnite\n|move|p2a: Lopunny|High Jump Kick|p1a: Toxapex\n|-resisted|p1a: Toxapex\n|-damage|p1a: Toxapex|62\/100\n|\n|upkeep\n|turn|16\n|\n|t:|1664056183\n|switch|p2a: Kartana|Kartana|100\/100\n|-damage|p2a: Kartana|94\/100|[from] Stealth Rock\n|move|p1a: Toxapex|Scald|p2a: Kartana\n|-resisted|p2a: Kartana\n|-damage|p2a: Kartana|70\/100\n|\n|upkeep\n|turn|17\n|\n|t:|1664056196\n|switch|p1a: Ferrothorn|Ferrothorn, F|100\/100\n|-damage|p1a: Ferrothorn|94\/100|[from] Stealth Rock\n|move|p2a: Kartana|Leaf Blade|p1a: Ferrothorn\n|-resisted|p1a: Ferrothorn\n|-damage|p1a: Ferrothorn|83\/100\n|-damage|p2a: Kartana|57\/100|[from] ability: Iron Barbs|[of] p1a: Ferrothorn\n|\n|-heal|p1a: Ferrothorn|89\/100|[from] item: Leftovers\n|upkeep\n|turn|18\n|\n|t:|1664056208\n|switch|p2a: Heatran|Heatran, M|100\/100\n|-damage|p2a: Heatran|88\/100|[from] Stealth Rock\n|move|p1a: Ferrothorn|Spikes|p2a: Heatran\n|-sidestart|p2: FL08|Spikes\n|\n|-heal|p2a: Heatran|94\/100|[from] item: Leftovers\n|-heal|p1a: Ferrothorn|95\/100|[from] item: Leftovers\n|upkeep\n|turn|19\n|\n|t:|1664056218\n|switch|p2a: Landorus|Landorus-Therian, M|88\/100\n|-damage|p2a: Landorus|76\/100|[from] Stealth Rock\n|-ability|p2a: Landorus|Intimidate|boost\n|-unboost|p1a: Ferrothorn|atk|1\n|switch|p1a: Toxapex|Toxapex, M|96\/100\n|-damage|p1a: Toxapex|83\/100|[from] Stealth Rock\n|\n|upkeep\n|turn|20\n|\n|t:|1664056226\n|move|p2a: Landorus|Earthquake|p1a: Toxapex\n|-supereffective|p1a: Toxapex\n|-damage|p1a: Toxapex|11\/100\n|move|p1a: Toxapex|Scald|p2a: Landorus\n|-supereffective|p2a: Landorus\n|-damage|p2a: Landorus|37\/100\n|-status|p2a: Landorus|brn\n|\n|-damage|p2a: Landorus|31\/100 brn|[from] brn\n|upkeep\n|turn|21\n|\n|t:|1664056237\n|switch|p1a: Tornadus|Tornadus-Therian, M|34\/100\n|-damage|p1a: Tornadus|9\/100|[from] Stealth Rock\n|move|p2a: Landorus|U-turn|p1a: Tornadus\n|-resisted|p1a: Tornadus\n|-damage|p1a: Tornadus|3\/100\n|\n|t:|1664056249\n|switch|p2a: Kartana|Kartana|57\/100|[from]move: U-turn\n|-damage|p2a: Kartana|51\/100|[from] Stealth Rock\n|-damage|p2a: Kartana|39\/100|[from] Spikes\n|\n|upkeep\n|turn|22\n|\n|t:|1664056257\n|switch|p1a: Toxapex|Toxapex, M|45\/100\n|-damage|p1a: Toxapex|32\/100|[from] Stealth Rock\n|move|p2a: Kartana|Sacred Sword|p1a: Toxapex\n|-resisted|p1a: Toxapex\n|-damage|p1a: Toxapex|16\/100\n|\n|upkeep\n|turn|23\n|\n|t:|1664056272\n|move|p2a: Kartana|Sacred Sword|p1a: Toxapex\n|-resisted|p1a: Toxapex\n|-damage|p1a: Toxapex|2\/100\n|move|p1a: Toxapex|Recover|p1a: Toxapex\n|-heal|p1a: Toxapex|52\/100\n|\n|upkeep\n|turn|24\n|-message|FL08 forfeited.\n|\n|win|HQSFun\n|raw|HQSFun's rating: 1598 &rarr; <strong>1614<\/strong><br \/>(+16 for winning)\n|raw|FL08's rating: 1536 &rarr; <strong>1520<\/strong><br \/>(-16 for losing)\n|l|\u2606FL08\n||Ladder isn't responding, score probably updated but might not have (Request timeout).\n","uploadtime":1664056284,"views":4,"p1id":"hqsfun","p2id":"fl08","formatid":"gen7ou","rating":1520,"private":0,"password":null}