{"id":"gen7ou-950413247","p1":"JoJo321","p2":"LT62HG snofall","format":"gen7ou","log":"|j|\u2606JoJo321\n|j|\u2606LT62HG snofall\n|player|p1|JoJo321|266|1790\n|player|p2|LT62HG snofall|morty-gen2|1728\n|teamsize|p1|6\n|teamsize|p2|6\n|gametype|singles\n|gen|7\n|tier|[Gen 7] OU\n|rated|\n|rule|Sleep Clause Mod: Limit one foe put to sleep\n|rule|Species Clause: Limit one of each Pok\u00e9mon\n|rule|OHKO Clause: OHKO moves are banned\n|rule|Moody Clause: Moody is banned\n|rule|Evasion Moves Clause: Evasion moves are banned\n|rule|Endless Battle Clause: Forcing endless battles is banned\n|rule|HP Percentage Mod: HP is shown in percentages\n|clearpoke\n|poke|p1|Rhyperior, M|item\n|poke|p1|Serperior, F|item\n|poke|p1|Magearna|item\n|poke|p1|Victini|item\n|poke|p1|Celesteela|item\n|poke|p1|Swampert, F|item\n|poke|p2|Tyranitar, F|item\n|poke|p2|Thundurus, M|item\n|poke|p2|Landorus-Therian, M|item\n|poke|p2|Kommo-o, M|item\n|poke|p2|Tapu Koko|item\n|poke|p2|Magearna|item\n|teampreview\n|\n|start\n|switch|p1a: Swampert|Swampert, F|100\/100\n|switch|p2a: Landorus|Landorus-Therian, M|100\/100\n|-ability|p2a: Landorus|Intimidate|boost\n|-unboost|p1a: Swampert|atk|1\n|turn|1\n|inactive|Battle timer is ON: inactive players will automatically lose when time's up. (requested by LT62HG snofall)\n|\n|move|p2a: Landorus|Stealth Rock|p1a: Swampert\n|-sidestart|p1: JoJo321|move: Stealth Rock\n|move|p1a: Swampert|Stealth Rock|p2a: Landorus\n|-sidestart|p2: LT62HG snofall|move: Stealth Rock\n|\n|upkeep\n|turn|2\n|\n|move|p2a: Landorus|Earthquake|p1a: Swampert\n|-damage|p1a: Swampert|65\/100\n|move|p1a: Swampert|Scald|p2a: Landorus\n|-supereffective|p2a: Landorus\n|-damage|p2a: Landorus|36\/100\n|\n|upkeep\n|turn|3\n|\n|move|p2a: Landorus|Explosion|p1a: Swampert\n|-damage|p1a: Swampert|1\/100\n|faint|p2a: Landorus\n|move|p1a: Swampert|Scald|p2: Landorus|[notarget]\n|-fail|p1a: Swampert\n|\n|upkeep\n|\n|switch|p2a: Thundurus|Thundurus, M|100\/100\n|-damage|p2a: Thundurus|76\/100|[from] Stealth Rock\n|turn|4\n|-enditem|p1a: Swampert|Custap Berry|[eat]\n|-activate|p1a: Swampert|item: Custap Berry|[consumed]\n|\n|move|p1a: Swampert|Endeavor|p2a: Thundurus\n|-damage|p2a: Thundurus|1\/100\n|move|p2a: Thundurus|Hidden Power|p1a: Swampert\n|-damage|p1a: Swampert|0 fnt\n|faint|p1a: Swampert\n|\n|-heal|p2a: Thundurus|7\/100|[from] item: Leftovers\n|upkeep\n|\n|switch|p1a: Magearna|Magearna|100\/100\n|-damage|p1a: Magearna|95\/100|[from] Stealth Rock\n|turn|5\n|\n|move|p1a: Magearna|Volt Switch|p2a: Thundurus\n|-damage|p2a: Thundurus|0 fnt\n|faint|p2a: Thundurus\n|-ability|p1a: Magearna|Soul-Heart|boost\n|-boost|p1a: Magearna|spa|1\n|\n|switch|p1a: Rhyperior|Rhyperior, M|100\/100|[from]move: Volt Switch\n|-damage|p1a: Rhyperior|94\/100|[from] Stealth Rock\n|\n|upkeep\n|\n|switch|p2a: Tapu Koko|Tapu Koko|100\/100\n|-damage|p2a: Tapu Koko|88\/100|[from] Stealth Rock\n|-fieldstart|move: Electric Terrain|[from] ability: Electric Surge|[of] p2a: Tapu Koko\n|turn|6\n|inactive|JoJo321 has 120 seconds left.\n|j|+Sacri'\n|\n|move|p2a: Tapu Koko|Reflect|p2a: Tapu Koko\n|-sidestart|p2: LT62HG snofall|Reflect\n|move|p1a: Rhyperior|Earthquake|p2a: Tapu Koko\n|-supereffective|p2a: Tapu Koko\n|-damage|p2a: Tapu Koko|23\/100\n|\n|upkeep\n|turn|7\n|\n|move|p2a: Tapu Koko|Taunt|p1a: Rhyperior\n|-start|p1a: Rhyperior|move: Taunt\n|cant|p1a: Rhyperior|move: Taunt|Swords Dance\n|\n|upkeep\n|turn|8\n|\n|switch|p1a: Magearna|Magearna|95\/100\n|-damage|p1a: Magearna|89\/100|[from] Stealth Rock\n|move|p2a: Tapu Koko|Light Screen|p2a: Tapu Koko\n|-sidestart|p2: LT62HG snofall|move: Light Screen\n|\n|upkeep\n|turn|9\n|\n|move|p2a: Tapu Koko|U-turn|p1a: Magearna\n|-resisted|p1a: Magearna\n|-damage|p1a: Magearna|85\/100\n|\n|switch|p2a: Magearna|Magearna|100\/100|[from]move: U-turn\n|-damage|p2a: Magearna|95\/100|[from] Stealth Rock\n|move|p1a: Magearna|Volt Switch|p2a: Magearna\n|-damage|p2a: Magearna|75\/100\n|\n|switch|p1a: Victini|Victini|100\/100|[from]move: Volt Switch\n|-damage|p1a: Victini|76\/100|[from] Stealth Rock\n|\n|upkeep\n|turn|10\n|\n|switch|p2a: Tapu Koko|Tapu Koko|23\/100\n|-damage|p2a: Tapu Koko|11\/100|[from] Stealth Rock\n|move|p1a: Victini|Trick|p2a: Tapu Koko\n|-activate|p1a: Victini|move: Trick|[of] p2a: Tapu Koko\n|-item|p2a: Tapu Koko|Choice Band|[from] move: Trick\n|-item|p1a: Victini|Light Clay|[from] move: Trick\n|\n|-fieldend|move: Electric Terrain\n|upkeep\n|turn|11\n|\n|move|p2a: Tapu Koko|U-turn|p1a: Victini\n|-damage|p1a: Victini|47\/100\n|\n|switch|p2a: Magearna|Magearna|75\/100|[from]move: U-turn\n|-damage|p2a: Magearna|69\/100|[from] Stealth Rock\n|move|p1a: Victini|U-turn|p2a: Magearna\n|-resisted|p2a: Magearna\n|-damage|p2a: Magearna|66\/100\n|\n|switch|p1a: Rhyperior|Rhyperior, M|94\/100|[from]move: U-turn\n|-damage|p1a: Rhyperior|88\/100|[from] Stealth Rock\n|\n|upkeep\n|turn|12\n|\n|-zpower|p2a: Magearna\n|move|p2a: Magearna|Twinkle Tackle|p1a: Rhyperior|[zeffect]\n|-damage|p1a: Rhyperior|0 fnt\n|faint|p1a: Rhyperior\n|-ability|p2a: Magearna|Soul-Heart|boost\n|-boost|p2a: Magearna|spa|1\n|\n|upkeep\n|\n|switch|p1a: Victini|Victini|47\/100\n|-damage|p1a: Victini|22\/100|[from] Stealth Rock\n|turn|13\n|\n|move|p1a: Victini|V-create|p2a: Magearna\n|-supereffective|p2a: Magearna\n|-damage|p2a: Magearna|0 fnt\n|-unboost|p1a: Victini|spe|1\n|-unboost|p1a: Victini|def|1\n|-unboost|p1a: Victini|spd|1\n|faint|p2a: Magearna\n|\n|-sideend|p2: LT62HG snofall|Reflect\n|upkeep\n|\n|switch|p2a: Kommo-o|Kommo-o, M|100\/100\n|-damage|p2a: Kommo-o|94\/100|[from] Stealth Rock\n|turn|14\n|\n|move|p2a: Kommo-o|Substitute|p2a: Kommo-o\n|-start|p2a: Kommo-o|Substitute\n|-damage|p2a: Kommo-o|69\/100\n|move|p1a: Victini|V-create|p2a: Kommo-o\n|-resisted|p2a: Kommo-o\n|-end|p2a: Kommo-o|Substitute\n|-unboost|p1a: Victini|spe|1\n|-unboost|p1a: Victini|def|1\n|-unboost|p1a: Victini|spd|1\n|\n|upkeep\n|turn|15\n|\n|move|p2a: Kommo-o|Drain Punch|p1a: Victini\n|-resisted|p1a: Victini\n|-damage|p1a: Victini|0 fnt\n|-heal|p2a: Kommo-o|81\/100|[from] drain|[of] p1a: Victini\n|faint|p1a: Victini\n|\n|-sideend|p2: LT62HG snofall|move: Light Screen\n|upkeep\n|\n|switch|p1a: Magearna|Magearna|85\/100\n|-damage|p1a: Magearna|79\/100|[from] Stealth Rock\n|turn|16\n|\n|switch|p2a: Tapu Koko|Tapu Koko|11\/100\n|-damage|p2a: Tapu Koko|0 fnt|[from] Stealth Rock\n|faint|p2a: Tapu Koko\n|-ability|p1a: Magearna|Soul-Heart|boost\n|-boost|p1a: Magearna|spa|1\n|move|p1a: Magearna|Fleur Cannon|p2: Tapu Koko|[notarget]\n|-fail|p1a: Magearna\n|\n|upkeep\n|\n|switch|p2a: Tyranitar|Tyranitar, F|100\/100\n|-damage|p2a: Tyranitar|88\/100|[from] Stealth Rock\n|-weather|Sandstorm|[from] ability: Sand Stream|[of] p2a: Tyranitar\n|turn|17\n|\n|detailschange|p2a: Tyranitar|Tyranitar-Mega, F\n|-mega|p2a: Tyranitar|Tyranitar|Tyranitarite\n|move|p1a: Magearna|Fleur Cannon|p2a: Tyranitar\n|-supereffective|p2a: Tyranitar\n|-damage|p2a: Tyranitar|0 fnt\n|-unboost|p1a: Magearna|spa|2\n|faint|p2a: Tyranitar\n|-ability|p1a: Magearna|Soul-Heart|boost\n|-boost|p1a: Magearna|spa|1\n|\n|-weather|Sandstorm|[upkeep]\n|upkeep\n|\n|switch|p2a: Kommo-o|Kommo-o, M|81\/100\n|-damage|p2a: Kommo-o|75\/100|[from] Stealth Rock\n|turn|18\n|\n|move|p1a: Magearna|Fleur Cannon|p2a: Kommo-o\n|-supereffective|p2a: Kommo-o\n|-damage|p2a: Kommo-o|0 fnt\n|-unboost|p1a: Magearna|spa|2\n|faint|p2a: Kommo-o\n|\n|win|JoJo321\n|l|\u2606LT62HG snofall\n|raw|JoJo321's rating: 1810 &rarr; <strong>1825<\/strong><br \/>(+15 for winning)\n|raw|LT62HG snofall's rating: 1728 &rarr; <strong>1713<\/strong><br \/>(-15 for losing)\n|l|\u2606JoJo321\n|j| Max Bonnie\n|l|+Sacri'\n|j|+Sacri'\n|l|+Sacri'\n","uploadtime":1564074902,"views":18,"p1id":"jojo321","p2id":"lt62hgsnofall","formatid":"gen7ou","rating":1713,"private":0,"password":null}