{"id":"gen7ou-1610129196","p1":"FildrongEstNul","p2":"rooopos","format":"gen7ou","log":"|j|\u203dFildrongEstNul\n|j|\u2606rooopos\n|t:|1656948614\n|gametype|singles\n|player|p1|FildrongEstNul|265|1461\n|player|p2|rooopos|2|1551\n|teamsize|p1|6\n|teamsize|p2|6\n|gen|7\n|tier|[Gen 7] OU\n|rated|\n|rule|Sleep Clause Mod: Limit one foe put to sleep\n|rule|Species Clause: Limit one of each Pok\u00e9mon\n|rule|OHKO Clause: OHKO moves are banned\n|rule|Moody Clause: Moody is banned\n|rule|Evasion Moves Clause: Evasion moves are banned\n|rule|Endless Battle Clause: Forcing endless battles is banned\n|rule|HP Percentage Mod: HP is shown in percentages\n|clearpoke\n|poke|p1|Venusaur, M|item\n|poke|p1|Bisharp, F|item\n|poke|p1|Keldeo|item\n|poke|p1|Chansey, F|item\n|poke|p1|Heatran, M|item\n|poke|p1|Skarmory, F|item\n|poke|p2|Hydreigon, F|item\n|poke|p2|Lopunny, M|item\n|poke|p2|Mantine, M|item\n|poke|p2|Celesteela|item\n|poke|p2|Greninja, M|item\n|poke|p2|Landorus-Therian, M|item\n|teampreview\n|inactive|Battle timer is ON: inactive players will automatically lose when time's up. (requested by FildrongEstNul)\n|j| I like low ladder\n|\n|t:|1656948626\n|start\n|switch|p1a: Keldeo|Keldeo|100\/100\n|switch|p2a: Hydreigon|Hydreigon, F|100\/100\n|turn|1\n|\n|t:|1656948630\n|switch|p2a: Mantine|Mantine, M|100\/100\n|move|p1a: Keldeo|Secret Sword|p2a: Mantine\n|-resisted|p2a: Mantine\n|-damage|p2a: Mantine|74\/100\n|\n|-heal|p2a: Mantine|80\/100|[from] item: Leftovers\n|upkeep\n|turn|2\n|\n|t:|1656948638\n|move|p1a: Keldeo|Substitute|p1a: Keldeo\n|-start|p1a: Keldeo|Substitute\n|-damage|p1a: Keldeo|76\/100\n|move|p2a: Mantine|Scald|p1a: Keldeo\n|-resisted|p1a: Keldeo\n|-activate|p1a: Keldeo|move: Substitute|[damage]\n|\n|-heal|p1a: Keldeo|82\/100|[from] item: Leftovers\n|-heal|p2a: Mantine|86\/100|[from] item: Leftovers\n|upkeep\n|turn|3\n|\n|t:|1656948642\n|move|p1a: Keldeo|Secret Sword|p2a: Mantine\n|-resisted|p2a: Mantine\n|-damage|p2a: Mantine|59\/100\n|move|p2a: Mantine|Haze|p2a: Mantine\n|-clearallboost\n|\n|-heal|p1a: Keldeo|88\/100|[from] item: Leftovers\n|-heal|p2a: Mantine|65\/100|[from] item: Leftovers\n|upkeep\n|turn|4\n|\n|t:|1656948647\n|move|p1a: Keldeo|Calm Mind|p1a: Keldeo\n|-boost|p1a: Keldeo|spa|1\n|-boost|p1a: Keldeo|spd|1\n|move|p2a: Mantine|Roost|p2a: Mantine\n|-heal|p2a: Mantine|100\/100\n|-singleturn|p2a: Mantine|move: Roost\n|\n|-heal|p1a: Keldeo|94\/100|[from] item: Leftovers\n|upkeep\n|turn|5\n|\n|t:|1656948650\n|move|p1a: Keldeo|Secret Sword|p2a: Mantine\n|-resisted|p2a: Mantine\n|-damage|p2a: Mantine|60\/100\n|move|p2a: Mantine|Haze|p2a: Mantine\n|-clearallboost\n|\n|-heal|p1a: Keldeo|100\/100|[from] item: Leftovers\n|-heal|p2a: Mantine|67\/100|[from] item: Leftovers\n|upkeep\n|turn|6\n|\n|t:|1656948656\n|move|p1a: Keldeo|Calm Mind|p1a: Keldeo\n|-boost|p1a: Keldeo|spa|1\n|-boost|p1a: Keldeo|spd|1\n|move|p2a: Mantine|Scald|p1a: Keldeo\n|-resisted|p1a: Keldeo\n|-activate|p1a: Keldeo|move: Substitute|[damage]\n|\n|-heal|p2a: Mantine|73\/100|[from] item: Leftovers\n|upkeep\n|turn|7\n|\n|t:|1656948660\n|move|p1a: Keldeo|Secret Sword|p2a: Mantine\n|-resisted|p2a: Mantine\n|-damage|p2a: Mantine|33\/100\n|move|p2a: Mantine|Haze|p2a: Mantine\n|-clearallboost\n|\n|-heal|p2a: Mantine|39\/100|[from] item: Leftovers\n|upkeep\n|turn|8\n|\n|t:|1656948665\n|move|p1a: Keldeo|Secret Sword|p2a: Mantine\n|-resisted|p2a: Mantine\n|-damage|p2a: Mantine|11\/100\n|move|p2a: Mantine|Roost|p2a: Mantine\n|-heal|p2a: Mantine|61\/100\n|-singleturn|p2a: Mantine|move: Roost\n|\n|-heal|p2a: Mantine|67\/100|[from] item: Leftovers\n|upkeep\n|turn|9\n|\n|t:|1656948671\n|move|p1a: Keldeo|Calm Mind|p1a: Keldeo\n|-boost|p1a: Keldeo|spa|1\n|-boost|p1a: Keldeo|spd|1\n|move|p2a: Mantine|Haze|p2a: Mantine\n|-clearallboost\n|\n|-heal|p2a: Mantine|73\/100|[from] item: Leftovers\n|upkeep\n|turn|10\n|\n|t:|1656948676\n|move|p1a: Keldeo|Secret Sword|p2a: Mantine\n|-resisted|p2a: Mantine\n|-crit|p2a: Mantine\n|-damage|p2a: Mantine|34\/100\n|move|p2a: Mantine|Haze|p2a: Mantine\n|-clearallboost\n|\n|-heal|p2a: Mantine|40\/100|[from] item: Leftovers\n|upkeep\n|turn|11\n|\n|t:|1656948684\n|move|p1a: Keldeo|Secret Sword|p2a: Mantine\n|-resisted|p2a: Mantine\n|-damage|p2a: Mantine|14\/100\n|move|p2a: Mantine|Roost|p2a: Mantine\n|-heal|p2a: Mantine|64\/100\n|-singleturn|p2a: Mantine|move: Roost\n|\n|-heal|p2a: Mantine|71\/100|[from] item: Leftovers\n|upkeep\n|turn|12\n|\n|t:|1656948694\n|move|p1a: Keldeo|Calm Mind|p1a: Keldeo\n|-boost|p1a: Keldeo|spa|1\n|-boost|p1a: Keldeo|spd|1\n|move|p2a: Mantine|Roost|p2a: Mantine\n|-heal|p2a: Mantine|100\/100\n|-singleturn|p2a: Mantine|move: Roost\n|\n|upkeep\n|turn|13\n|\n|t:|1656948697\n|move|p1a: Keldeo|Secret Sword|p2a: Mantine\n|-resisted|p2a: Mantine\n|-damage|p2a: Mantine|61\/100\n|move|p2a: Mantine|Haze|p2a: Mantine\n|-clearallboost\n|\n|-heal|p2a: Mantine|67\/100|[from] item: Leftovers\n|upkeep\n|turn|14\n|\n|t:|1656948709\n|move|p1a: Keldeo|Calm Mind|p1a: Keldeo\n|-boost|p1a: Keldeo|spa|1\n|-boost|p1a: Keldeo|spd|1\n|move|p2a: Mantine|Scald|p1a: Keldeo\n|-resisted|p1a: Keldeo\n|-end|p1a: Keldeo|Substitute\n|\n|-heal|p2a: Mantine|73\/100|[from] item: Leftovers\n|upkeep\n|turn|15\n|\n|t:|1656948712\n|move|p1a: Keldeo|Secret Sword|p2a: Mantine\n|-resisted|p2a: Mantine\n|-damage|p2a: Mantine|34\/100\n|move|p2a: Mantine|Haze|p2a: Mantine\n|-clearallboost\n|\n|-heal|p2a: Mantine|40\/100|[from] item: Leftovers\n|upkeep\n|turn|16\n|\n|t:|1656948717\n|move|p1a: Keldeo|Calm Mind|p1a: Keldeo\n|-boost|p1a: Keldeo|spa|1\n|-boost|p1a: Keldeo|spd|1\n|move|p2a: Mantine|Roost|p2a: Mantine\n|-heal|p2a: Mantine|90\/100\n|-singleturn|p2a: Mantine|move: Roost\n|\n|-heal|p2a: Mantine|96\/100|[from] item: Leftovers\n|upkeep\n|turn|17\n|\n|t:|1656948720\n|move|p1a: Keldeo|Secret Sword|p2a: Mantine\n|-resisted|p2a: Mantine\n|-damage|p2a: Mantine|58\/100\n|move|p2a: Mantine|Haze|p2a: Mantine\n|-clearallboost\n|\n|-heal|p2a: Mantine|64\/100|[from] item: Leftovers\n|upkeep\n|turn|18\n|\n|t:|1656948725\n|move|p1a: Keldeo|Calm Mind|p1a: Keldeo\n|-boost|p1a: Keldeo|spa|1\n|-boost|p1a: Keldeo|spd|1\n|move|p2a: Mantine|Roost|p2a: Mantine\n|-heal|p2a: Mantine|100\/100\n|-singleturn|p2a: Mantine|move: Roost\n|\n|upkeep\n|turn|19\n|\n|t:|1656948728\n|move|p1a: Keldeo|Secret Sword|p2a: Mantine\n|-resisted|p2a: Mantine\n|-damage|p2a: Mantine|61\/100\n|move|p2a: Mantine|Haze|p2a: Mantine\n|-clearallboost\n|\n|-heal|p2a: Mantine|67\/100|[from] item: Leftovers\n|upkeep\n|turn|20\n|\n|t:|1656948733\n|move|p1a: Keldeo|Calm Mind|p1a: Keldeo\n|-boost|p1a: Keldeo|spa|1\n|-boost|p1a: Keldeo|spd|1\n|move|p2a: Mantine|Haze|p2a: Mantine\n|-clearallboost\n|\n|-heal|p2a: Mantine|73\/100|[from] item: Leftovers\n|upkeep\n|turn|21\n|\n|t:|1656948736\n|move|p1a: Keldeo|Calm Mind|p1a: Keldeo\n|-boost|p1a: Keldeo|spa|1\n|-boost|p1a: Keldeo|spd|1\n|move|p2a: Mantine|Scald|p1a: Keldeo\n|-resisted|p1a: Keldeo\n|-damage|p1a: Keldeo|91\/100\n|\n|-heal|p1a: Keldeo|97\/100|[from] item: Leftovers\n|-heal|p2a: Mantine|80\/100|[from] item: Leftovers\n|upkeep\n|turn|22\n|\n|t:|1656948739\n|move|p1a: Keldeo|Secret Sword|p2a: Mantine\n|-resisted|p2a: Mantine\n|-damage|p2a: Mantine|40\/100\n|move|p2a: Mantine|Haze|p2a: Mantine\n|-clearallboost\n|\n|-heal|p1a: Keldeo|100\/100|[from] item: Leftovers\n|-heal|p2a: Mantine|46\/100|[from] item: Leftovers\n|upkeep\n|turn|23\n|\n|t:|1656948744\n|move|p1a: Keldeo|Calm Mind|p1a: Keldeo\n|-boost|p1a: Keldeo|spa|1\n|-boost|p1a: Keldeo|spd|1\n|move|p2a: Mantine|Roost|p2a: Mantine\n|-heal|p2a: Mantine|96\/100\n|-singleturn|p2a: Mantine|move: Roost\n|\n|-heal|p2a: Mantine|100\/100|[from] item: Leftovers\n|upkeep\n|turn|24\n|\n|t:|1656948746\n|move|p1a: Keldeo|Secret Sword|p2a: Mantine\n|-resisted|p2a: Mantine\n|-damage|p2a: Mantine|63\/100\n|move|p2a: Mantine|Haze|p2a: Mantine\n|-clearallboost\n|\n|-heal|p2a: Mantine|69\/100|[from] item: Leftovers\n|upkeep\n|turn|25\n|\n|t:|1656948752\n|move|p1a: Keldeo|Calm Mind|p1a: Keldeo\n|-boost|p1a: Keldeo|spa|1\n|-boost|p1a: Keldeo|spd|1\n|move|p2a: Mantine|Roost|p2a: Mantine\n|-heal|p2a: Mantine|100\/100\n|-singleturn|p2a: Mantine|move: Roost\n|\n|upkeep\n|turn|26\n|\n|t:|1656948754\n|move|p1a: Keldeo|Secret Sword|p2a: Mantine\n|-resisted|p2a: Mantine\n|-damage|p2a: Mantine|65\/100\n|move|p2a: Mantine|Haze|p2a: Mantine\n|-clearallboost\n|\n|-heal|p2a: Mantine|71\/100|[from] item: Leftovers\n|upkeep\n|turn|27\n|\n|t:|1656948759\n|move|p1a: Keldeo|Calm Mind|p1a: Keldeo\n|-boost|p1a: Keldeo|spa|1\n|-boost|p1a: Keldeo|spd|1\n|move|p2a: Mantine|Haze|p2a: Mantine\n|-clearallboost\n|\n|-heal|p2a: Mantine|77\/100|[from] item: Leftovers\n|upkeep\n|turn|28\n|\n|t:|1656948764\n|move|p1a: Keldeo|Calm Mind|p1a: Keldeo\n|-boost|p1a: Keldeo|spa|1\n|-boost|p1a: Keldeo|spd|1\n|move|p2a: Mantine|Haze|p2a: Mantine\n|-clearallboost\n|\n|-heal|p2a: Mantine|83\/100|[from] item: Leftovers\n|upkeep\n|turn|29\n|\n|t:|1656948767\n|move|p1a: Keldeo|Calm Mind|p1a: Keldeo\n|-boost|p1a: Keldeo|spa|1\n|-boost|p1a: Keldeo|spd|1\n|move|p2a: Mantine|Scald|p1a: Keldeo\n|-resisted|p1a: Keldeo\n|-damage|p1a: Keldeo|92\/100\n|\n|-heal|p1a: Keldeo|98\/100|[from] item: Leftovers\n|-heal|p2a: Mantine|90\/100|[from] item: Leftovers\n|upkeep\n|turn|30\n|\n|t:|1656948770\n|move|p1a: Keldeo|Secret Sword|p2a: Mantine\n|-resisted|p2a: Mantine\n|-damage|p2a: Mantine|53\/100\n|move|p2a: Mantine|Haze|p2a: Mantine\n|-clearallboost\n|\n|-heal|p1a: Keldeo|100\/100|[from] item: Leftovers\n|-heal|p2a: Mantine|59\/100|[from] item: Leftovers\n|upkeep\n|turn|31\n|\n|t:|1656948774\n|move|p1a: Keldeo|Calm Mind|p1a: Keldeo\n|-boost|p1a: Keldeo|spa|1\n|-boost|p1a: Keldeo|spd|1\n|move|p2a: Mantine|Roost|p2a: Mantine\n|-heal|p2a: Mantine|100\/100\n|-singleturn|p2a: Mantine|move: Roost\n|\n|upkeep\n|turn|32\n|\n|t:|1656948777\n|move|p1a: Keldeo|Secret Sword|p2a: Mantine\n|-resisted|p2a: Mantine\n|-damage|p2a: Mantine|61\/100\n|move|p2a: Mantine|Haze|p2a: Mantine\n|-clearallboost\n|\n|-heal|p2a: Mantine|67\/100|[from] item: Leftovers\n|upkeep\n|turn|33\n|\n|t:|1656948783\n|move|p1a: Keldeo|Substitute|p1a: Keldeo\n|-start|p1a: Keldeo|Substitute\n|-damage|p1a: Keldeo|76\/100\n|move|p2a: Mantine|Roost|p2a: Mantine\n|-heal|p2a: Mantine|100\/100\n|-singleturn|p2a: Mantine|move: Roost\n|\n|-heal|p1a: Keldeo|82\/100|[from] item: Leftovers\n|upkeep\n|turn|34\n|\n|t:|1656948789\n|move|p1a: Keldeo|Calm Mind|p1a: Keldeo\n|-boost|p1a: Keldeo|spa|1\n|-boost|p1a: Keldeo|spd|1\n|move|p2a: Mantine|Scald|p1a: Keldeo\n|-resisted|p1a: Keldeo\n|-activate|p1a: Keldeo|move: Substitute|[damage]\n|\n|-heal|p1a: Keldeo|88\/100|[from] item: Leftovers\n|upkeep\n|turn|35\n|\n|t:|1656948794\n|move|p1a: Keldeo|Calm Mind|p1a: Keldeo\n|-boost|p1a: Keldeo|spa|1\n|-boost|p1a: Keldeo|spd|1\n|move|p2a: Mantine|Haze|p2a: Mantine\n|-clearallboost\n|\n|-heal|p1a: Keldeo|94\/100|[from] item: Leftovers\n|upkeep\n|turn|36\n|\n|t:|1656948799\n|move|p1a: Keldeo|Calm Mind|p1a: Keldeo\n|-boost|p1a: Keldeo|spa|1\n|-boost|p1a: Keldeo|spd|1\n|move|p2a: Mantine|Haze|p2a: Mantine\n|-clearallboost\n|\n|-heal|p1a: Keldeo|100\/100|[from] item: Leftovers\n|upkeep\n|turn|37\n|\n|t:|1656948813\n|move|p1a: Keldeo|Scald|p2a: Mantine\n|-immune|p2a: Mantine|[from] ability: Water Absorb\n|move|p2a: Mantine|Haze|p2a: Mantine\n|-clearallboost\n|\n|upkeep\n|turn|38\n|\n|t:|1656948821\n|switch|p2a: Hydreigon|Hydreigon, F|100\/100\n|move|p1a: Keldeo|Scald|p2a: Hydreigon\n|-resisted|p2a: Hydreigon\n|-damage|p2a: Hydreigon|78\/100\n|-status|p2a: Hydreigon|brn\n|\n|-damage|p2a: Hydreigon|72\/100 brn|[from] brn\n|upkeep\n|turn|39\n|\n|t:|1656948828\n|switch|p2a: Mantine|Mantine, M|100\/100\n|move|p1a: Keldeo|Calm Mind|p1a: Keldeo\n|-boost|p1a: Keldeo|spa|1\n|-boost|p1a: Keldeo|spd|1\n|\n|upkeep\n|turn|40\n|\n|t:|1656948836\n|move|p1a: Keldeo|Scald|p2a: Mantine\n|-immune|p2a: Mantine|[from] ability: Water Absorb\n|move|p2a: Mantine|Haze|p2a: Mantine\n|-clearallboost\n|\n|upkeep\n|turn|41\n|\n|t:|1656948847\n|move|p1a: Keldeo|Scald|p2a: Mantine\n|-immune|p2a: Mantine|[from] ability: Water Absorb\n|move|p2a: Mantine|Haze|p2a: Mantine\n|-clearallboost\n|\n|upkeep\n|turn|42\n|\n|t:|1656948853\n|switch|p2a: Hydreigon|Hydreigon, F|72\/100 brn\n|move|p1a: Keldeo|Scald|p2a: Hydreigon\n|-resisted|p2a: Hydreigon\n|-damage|p2a: Hydreigon|47\/100 brn\n|\n|-damage|p2a: Hydreigon|40\/100 brn|[from] brn\n|upkeep\n|turn|43\n|\n|t:|1656948860\n|switch|p2a: Mantine|Mantine, M|100\/100\n|move|p1a: Keldeo|Calm Mind|p1a: Keldeo\n|-boost|p1a: Keldeo|spa|1\n|-boost|p1a: Keldeo|spd|1\n|\n|upkeep\n|turn|44\n|\n|t:|1656948864\n|move|p1a: Keldeo|Scald|p2a: Mantine\n|-immune|p2a: Mantine|[from] ability: Water Absorb\n|move|p2a: Mantine|Haze|p2a: Mantine\n|-clearallboost\n|\n|upkeep\n|turn|45\n|\n|t:|1656948870\n|move|p1a: Keldeo|Scald|p2a: Mantine\n|-immune|p2a: Mantine|[from] ability: Water Absorb\n|move|p2a: Mantine|Scald|p1a: Keldeo\n|-resisted|p1a: Keldeo\n|-activate|p1a: Keldeo|move: Substitute|[damage]\n|\n|upkeep\n|turn|46\n|\n|t:|1656948875\n|move|p1a: Keldeo|Scald|p2a: Mantine\n|-immune|p2a: Mantine|[from] ability: Water Absorb\n|move|p2a: Mantine|Roost||[still]\n|-fail|p2a: Mantine|heal\n|\n|upkeep\n|turn|47\n|\n|t:|1656948879\n|move|p1a: Keldeo|Scald|p2a: Mantine\n|-immune|p2a: Mantine|[from] ability: Water Absorb\n|move|p2a: Mantine|Scald|p1a: Keldeo\n|-resisted|p1a: Keldeo\n|-end|p1a: Keldeo|Substitute\n|\n|upkeep\n|turn|48\n|\n|t:|1656948884\n|move|p1a: Keldeo|Calm Mind|p1a: Keldeo\n|-boost|p1a: Keldeo|spa|1\n|-boost|p1a: Keldeo|spd|1\n|move|p2a: Mantine|Defog|p1a: Keldeo\n|-unboost|p1a: Keldeo|evasion|1\n|\n|upkeep\n|turn|49\n|\n|t:|1656948888\n|move|p1a: Keldeo|Scald|p2a: Mantine\n|-immune|p2a: Mantine|[from] ability: Water Absorb\n|move|p2a: Mantine|Haze|p2a: Mantine\n|-clearallboost\n|\n|upkeep\n|turn|50\n|\n|t:|1656948895\n|move|p1a: Keldeo|Calm Mind|p1a: Keldeo\n|-boost|p1a: Keldeo|spa|1\n|-boost|p1a: Keldeo|spd|1\n|move|p2a: Mantine|Scald|p1a: Keldeo\n|-resisted|p1a: Keldeo\n|-crit|p1a: Keldeo\n|-damage|p1a: Keldeo|82\/100\n|\n|-heal|p1a: Keldeo|88\/100|[from] item: Leftovers\n|upkeep\n|turn|51\n|\n|t:|1656948901\n|move|p1a: Keldeo|Calm Mind|p1a: Keldeo\n|-boost|p1a: Keldeo|spa|1\n|-boost|p1a: Keldeo|spd|1\n|move|p2a: Mantine|Haze|p2a: Mantine\n|-clearallboost\n|\n|-heal|p1a: Keldeo|94\/100|[from] item: Leftovers\n|upkeep\n|turn|52\n|\n|t:|1656948904\n|move|p1a: Keldeo|Calm Mind|p1a: Keldeo\n|-boost|p1a: Keldeo|spa|1\n|-boost|p1a: Keldeo|spd|1\n|move|p2a: Mantine|Scald|p1a: Keldeo\n|-resisted|p1a: Keldeo\n|-damage|p1a: Keldeo|85\/100\n|\n|-heal|p1a: Keldeo|92\/100|[from] item: Leftovers\n|upkeep\n|turn|53\n|\n|t:|1656948908\n|move|p1a: Keldeo|Calm Mind|p1a: Keldeo\n|-boost|p1a: Keldeo|spa|1\n|-boost|p1a: Keldeo|spd|1\n|move|p2a: Mantine|Haze|p2a: Mantine\n|-clearallboost\n|\n|-heal|p1a: Keldeo|98\/100|[from] item: Leftovers\n|upkeep\n|turn|54\n|\n|t:|1656948917\n|move|p1a: Keldeo|Calm Mind|p1a: Keldeo\n|-boost|p1a: Keldeo|spa|1\n|-boost|p1a: Keldeo|spd|1\n|move|p2a: Mantine|Defog|p1a: Keldeo\n|-unboost|p1a: Keldeo|evasion|1\n|\n|-heal|p1a: Keldeo|100\/100|[from] item: Leftovers\n|upkeep\n|turn|55\n|\n|t:|1656948920\n|move|p1a: Keldeo|Scald|p2a: Mantine\n|-immune|p2a: Mantine|[from] ability: Water Absorb\n|move|p2a: Mantine|Haze|p2a: Mantine\n|-clearallboost\n|\n|upkeep\n|turn|56\n|\n|t:|1656948926\n|move|p1a: Keldeo|Calm Mind|p1a: Keldeo\n|-boost|p1a: Keldeo|spa|1\n|-boost|p1a: Keldeo|spd|1\n|move|p2a: Mantine|Scald|p1a: Keldeo\n|-resisted|p1a: Keldeo\n|-damage|p1a: Keldeo|92\/100\n|\n|-heal|p1a: Keldeo|98\/100|[from] item: Leftovers\n|upkeep\n|turn|57\n|\n|t:|1656948931\n|move|p1a: Keldeo|Calm Mind|p1a: Keldeo\n|-boost|p1a: Keldeo|spa|1\n|-boost|p1a: Keldeo|spd|1\n|move|p2a: Mantine|Scald|p1a: Keldeo\n|-resisted|p1a: Keldeo\n|-damage|p1a: Keldeo|92\/100\n|-status|p1a: Keldeo|brn\n|\n|-heal|p1a: Keldeo|98\/100 brn|[from] item: Leftovers\n|-damage|p1a: Keldeo|92\/100 brn|[from] brn\n|upkeep\n|turn|58\n|\n|t:|1656948935\n|move|p1a: Keldeo|Calm Mind|p1a: Keldeo\n|-boost|p1a: Keldeo|spa|1\n|-boost|p1a: Keldeo|spd|1\n|move|p2a: Mantine|Haze|p2a: Mantine\n|-clearallboost\n|\n|-heal|p1a: Keldeo|98\/100 brn|[from] item: Leftovers\n|-damage|p1a: Keldeo|92\/100 brn|[from] brn\n|upkeep\n|turn|59\n|\n|t:|1656948945\n|move|p1a: Keldeo|Calm Mind|p1a: Keldeo\n|-boost|p1a: Keldeo|spa|1\n|-boost|p1a: Keldeo|spd|1\n|move|p2a: Mantine|Defog|p1a: Keldeo\n|-unboost|p1a: Keldeo|evasion|1\n|\n|-heal|p1a: Keldeo|98\/100 brn|[from] item: Leftovers\n|-damage|p1a: Keldeo|92\/100 brn|[from] brn\n|upkeep\n|turn|60\n|\n|t:|1656948949\n|move|p1a: Keldeo|Calm Mind|p1a: Keldeo\n|-boost|p1a: Keldeo|spa|1\n|-boost|p1a: Keldeo|spd|1\n|move|p2a: Mantine|Defog|p1a: Keldeo\n|-unboost|p1a: Keldeo|evasion|1\n|\n|-heal|p1a: Keldeo|98\/100 brn|[from] item: Leftovers\n|-damage|p1a: Keldeo|92\/100 brn|[from] brn\n|upkeep\n|turn|61\n|\n|t:|1656948952\n|move|p1a: Keldeo|Calm Mind|p1a: Keldeo\n|-boost|p1a: Keldeo|spa|1\n|-boost|p1a: Keldeo|spd|1\n|move|p2a: Mantine|Defog|p1a: Keldeo\n|-unboost|p1a: Keldeo|evasion|1\n|\n|-heal|p1a: Keldeo|98\/100 brn|[from] item: Leftovers\n|-damage|p1a: Keldeo|92\/100 brn|[from] brn\n|upkeep\n|turn|62\n|\n|t:|1656948955\n|move|p1a: Keldeo|Scald|p2a: Mantine\n|-immune|p2a: Mantine|[from] ability: Water Absorb\n|move|p2a: Mantine|Haze|p2a: Mantine\n|-clearallboost\n|\n|-heal|p1a: Keldeo|98\/100 brn|[from] item: Leftovers\n|-damage|p1a: Keldeo|92\/100 brn|[from] brn\n|upkeep\n|turn|63\n|\n|t:|1656948965\n|move|p1a: Keldeo|Scald|p2a: Mantine\n|-immune|p2a: Mantine|[from] ability: Water Absorb\n|move|p2a: Mantine|Defog|p1a: Keldeo\n|-unboost|p1a: Keldeo|evasion|1\n|\n|-heal|p1a: Keldeo|98\/100 brn|[from] item: Leftovers\n|-damage|p1a: Keldeo|92\/100 brn|[from] brn\n|upkeep\n|turn|64\n|\n|t:|1656948976\n|move|p1a: Keldeo|Scald|p2a: Mantine\n|-immune|p2a: Mantine|[from] ability: Water Absorb\n|move|p2a: Mantine|Defog|p1a: Keldeo\n|-unboost|p1a: Keldeo|evasion|1\n|\n|-heal|p1a: Keldeo|98\/100 brn|[from] item: Leftovers\n|-damage|p1a: Keldeo|92\/100 brn|[from] brn\n|upkeep\n|turn|65\n|\n|t:|1656948982\n|move|p1a: Keldeo|Scald|p2a: Mantine\n|-immune|p2a: Mantine|[from] ability: Water Absorb\n|move|p2a: Mantine|Scald|p1a: Keldeo\n|-resisted|p1a: Keldeo\n|-crit|p1a: Keldeo\n|-damage|p1a: Keldeo|71\/100 brn\n|\n|-heal|p1a: Keldeo|77\/100 brn|[from] item: Leftovers\n|-damage|p1a: Keldeo|71\/100 brn|[from] brn\n|upkeep\n|turn|66\n|\n|t:|1656948992\n|move|p1a: Keldeo|Scald|p2a: Mantine\n|-immune|p2a: Mantine|[from] ability: Water Absorb\n|move|p2a: Mantine|Defog|p1a: Keldeo\n|-unboost|p1a: Keldeo|evasion|1\n|\n|-heal|p1a: Keldeo|77\/100 brn|[from] item: Leftovers\n|-damage|p1a: Keldeo|71\/100 brn|[from] brn\n|upkeep\n|turn|67\n|\n|t:|1656949001\n|move|p1a: Keldeo|Scald|p2a: Mantine\n|-immune|p2a: Mantine|[from] ability: Water Absorb\n|move|p2a: Mantine|Defog|p1a: Keldeo\n|-unboost|p1a: Keldeo|evasion|1\n|\n|-heal|p1a: Keldeo|77\/100 brn|[from] item: Leftovers\n|-damage|p1a: Keldeo|71\/100 brn|[from] brn\n|upkeep\n|turn|68\n|\n|t:|1656949008\n|move|p1a: Keldeo|Scald|p2a: Mantine\n|-immune|p2a: Mantine|[from] ability: Water Absorb\n|move|p2a: Mantine|Defog|p1a: Keldeo\n|-unboost|p1a: Keldeo|evasion|1\n|\n|-heal|p1a: Keldeo|77\/100 brn|[from] item: Leftovers\n|-damage|p1a: Keldeo|71\/100 brn|[from] brn\n|upkeep\n|turn|69\n|\n|t:|1656949015\n|move|p1a: Keldeo|Scald|p2a: Mantine\n|-immune|p2a: Mantine|[from] ability: Water Absorb\n|move|p2a: Mantine|Haze|p2a: Mantine\n|-clearallboost\n|\n|-heal|p1a: Keldeo|77\/100 brn|[from] item: Leftovers\n|-damage|p1a: Keldeo|71\/100 brn|[from] brn\n|upkeep\n|turn|70\n|\n|t:|1656949025\n|move|p1a: Keldeo|Scald|p2a: Mantine\n|-immune|p2a: Mantine|[from] ability: Water Absorb\n|move|p2a: Mantine|Haze|p2a: Mantine\n|-clearallboost\n|\n|-heal|p1a: Keldeo|77\/100 brn|[from] item: Leftovers\n|-damage|p1a: Keldeo|71\/100 brn|[from] brn\n|upkeep\n|turn|71\n|\n|t:|1656949035\n|move|p1a: Keldeo|Scald|p2a: Mantine\n|-immune|p2a: Mantine|[from] ability: Water Absorb\n|move|p2a: Mantine|Defog|p1a: Keldeo\n|-unboost|p1a: Keldeo|evasion|1\n|\n|-heal|p1a: Keldeo|77\/100 brn|[from] item: Leftovers\n|-damage|p1a: Keldeo|71\/100 brn|[from] brn\n|upkeep\n|turn|72\n|\n|t:|1656949043\n|move|p1a: Keldeo|Scald|p2a: Mantine\n|-immune|p2a: Mantine|[from] ability: Water Absorb\n|move|p2a: Mantine|Haze|p2a: Mantine\n|-clearallboost\n|\n|-heal|p1a: Keldeo|77\/100 brn|[from] item: Leftovers\n|-damage|p1a: Keldeo|71\/100 brn|[from] brn\n|upkeep\n|turn|73\n|\n|t:|1656949054\n|move|p1a: Keldeo|Scald|p2a: Mantine\n|-immune|p2a: Mantine|[from] ability: Water Absorb\n|move|p2a: Mantine|Haze|p2a: Mantine\n|-clearallboost\n|\n|-heal|p1a: Keldeo|77\/100 brn|[from] item: Leftovers\n|-damage|p1a: Keldeo|71\/100 brn|[from] brn\n|upkeep\n|turn|74\n|\n|t:|1656949059\n|move|p1a: Keldeo|Scald|p2a: Mantine\n|-immune|p2a: Mantine|[from] ability: Water Absorb\n|move|p2a: Mantine|Defog|p1a: Keldeo\n|-unboost|p1a: Keldeo|evasion|1\n|\n|-heal|p1a: Keldeo|77\/100 brn|[from] item: Leftovers\n|-damage|p1a: Keldeo|71\/100 brn|[from] brn\n|upkeep\n|turn|75\n|\n|t:|1656949064\n|switch|p1a: Skarmory|Skarmory, F|100\/100\n|switch|p2a: Landorus|Landorus-Therian, M|100\/100\n|-ability|p2a: Landorus|Intimidate|boost\n|-unboost|p1a: Skarmory|atk|1\n|\n|upkeep\n|turn|76\n|\n|t:|1656949069\n|move|p2a: Landorus|Stealth Rock|p1a: Skarmory\n|-sidestart|p1: FildrongEstNul|move: Stealth Rock\n|move|p1a: Skarmory|Spikes|p2a: Landorus\n|-sidestart|p2: rooopos|Spikes\n|\n|upkeep\n|turn|77\n|\n|t:|1656949073\n|move|p2a: Landorus|U-turn|p1a: Skarmory\n|-resisted|p1a: Skarmory\n|-damage|p1a: Skarmory|97\/100\n|-damage|p2a: Landorus|84\/100|[from] item: Rocky Helmet|[of] p1a: Skarmory\n|\n|t:|1656949076\n|switch|p2a: Celesteela|Celesteela|100\/100|[from]move: U-turn\n|move|p1a: Skarmory|Spikes|p2a: Celesteela\n|-sidestart|p2: rooopos|Spikes\n|\n|upkeep\n|turn|78\n|\n|t:|1656949079\n|move|p1a: Skarmory|Spikes|p2a: Celesteela\n|-sidestart|p2: rooopos|Spikes\n|move|p2a: Celesteela|Flamethrower|p1a: Skarmory\n|-supereffective|p1a: Skarmory\n|-damage|p1a: Skarmory|50\/100\n|\n|upkeep\n|turn|79\n|\n|t:|1656949087\n|move|p1a: Skarmory|Roost|p1a: Skarmory\n|-heal|p1a: Skarmory|100\/100\n|-singleturn|p1a: Skarmory|move: Roost\n|move|p2a: Celesteela|Flamethrower|p1a: Skarmory\n|-supereffective|p1a: Skarmory\n|-damage|p1a: Skarmory|54\/100\n|\n|upkeep\n|turn|80\n|\n|t:|1656949090\n|move|p1a: Skarmory|Roost|p1a: Skarmory\n|-heal|p1a: Skarmory|100\/100\n|-singleturn|p1a: Skarmory|move: Roost\n|move|p2a: Celesteela|Flamethrower|p1a: Skarmory\n|-supereffective|p1a: Skarmory\n|-damage|p1a: Skarmory|55\/100\n|\n|upkeep\n|turn|81\n|\n|t:|1656949093\n|move|p1a: Skarmory|Roost|p1a: Skarmory\n|-heal|p1a: Skarmory|100\/100\n|-singleturn|p1a: Skarmory|move: Roost\n|move|p2a: Celesteela|Flamethrower|p1a: Skarmory\n|-supereffective|p1a: Skarmory\n|-damage|p1a: Skarmory|50\/100\n|\n|upkeep\n|turn|82\n|\n|t:|1656949095\n|move|p1a: Skarmory|Roost|p1a: Skarmory\n|-heal|p1a: Skarmory|99\/100\n|-singleturn|p1a: Skarmory|move: Roost\n|move|p2a: Celesteela|Flamethrower|p1a: Skarmory\n|-supereffective|p1a: Skarmory\n|-damage|p1a: Skarmory|50\/100\n|\n|upkeep\n|turn|83\n|\n|t:|1656949098\n|move|p1a: Skarmory|Roost|p1a: Skarmory\n|-heal|p1a: Skarmory|100\/100\n|-singleturn|p1a: Skarmory|move: Roost\n|move|p2a: Celesteela|Flamethrower|p1a: Skarmory\n|-supereffective|p1a: Skarmory\n|-damage|p1a: Skarmory|55\/100\n|\n|upkeep\n|turn|84\n|\n|t:|1656949101\n|move|p1a: Skarmory|Roost|p1a: Skarmory\n|-heal|p1a: Skarmory|100\/100\n|-singleturn|p1a: Skarmory|move: Roost\n|move|p2a: Celesteela|Flamethrower|p1a: Skarmory\n|-supereffective|p1a: Skarmory\n|-damage|p1a: Skarmory|55\/100\n|-status|p1a: Skarmory|brn\n|\n|-damage|p1a: Skarmory|49\/100 brn|[from] brn\n|upkeep\n|turn|85\n|\n|t:|1656949104\n|move|p1a: Skarmory|Roost|p1a: Skarmory\n|-heal|p1a: Skarmory|99\/100 brn\n|-singleturn|p1a: Skarmory|move: Roost\n|move|p2a: Celesteela|Flamethrower|p1a: Skarmory\n|-supereffective|p1a: Skarmory\n|-damage|p1a: Skarmory|52\/100 brn\n|\n|-damage|p1a: Skarmory|46\/100 brn|[from] brn\n|upkeep\n|turn|86\n|\n|t:|1656949109\n|move|p1a: Skarmory|Roost|p1a: Skarmory\n|-heal|p1a: Skarmory|96\/100 brn\n|-singleturn|p1a: Skarmory|move: Roost\n|move|p2a: Celesteela|Flamethrower|p1a: Skarmory\n|-supereffective|p1a: Skarmory\n|-damage|p1a: Skarmory|45\/100 brn\n|\n|-damage|p1a: Skarmory|39\/100 brn|[from] brn\n|upkeep\n|turn|87\n|\n|t:|1656949113\n|move|p1a: Skarmory|Roost|p1a: Skarmory\n|-heal|p1a: Skarmory|89\/100 brn\n|-singleturn|p1a: Skarmory|move: Roost\n|move|p2a: Celesteela|Flamethrower|p1a: Skarmory\n|-supereffective|p1a: Skarmory\n|-damage|p1a: Skarmory|44\/100 brn\n|\n|-damage|p1a: Skarmory|38\/100 brn|[from] brn\n|upkeep\n|turn|88\n|\n|t:|1656949119\n|move|p1a: Skarmory|Roost|p1a: Skarmory\n|-heal|p1a: Skarmory|88\/100 brn\n|-singleturn|p1a: Skarmory|move: Roost\n|move|p2a: Celesteela|Flamethrower|p1a: Skarmory\n|-supereffective|p1a: Skarmory\n|-damage|p1a: Skarmory|40\/100 brn\n|\n|-damage|p1a: Skarmory|34\/100 brn|[from] brn\n|upkeep\n|turn|89\n|\n|t:|1656949125\n|move|p1a: Skarmory|Roost|p1a: Skarmory\n|-heal|p1a: Skarmory|85\/100 brn\n|-singleturn|p1a: Skarmory|move: Roost\n|move|p2a: Celesteela|Flamethrower|p1a: Skarmory\n|-supereffective|p1a: Skarmory\n|-damage|p1a: Skarmory|36\/100 brn\n|\n|-damage|p1a: Skarmory|30\/100 brn|[from] brn\n|upkeep\n|turn|90\n|\n|t:|1656949128\n|move|p1a: Skarmory|Roost|p1a: Skarmory\n|-heal|p1a: Skarmory|80\/100 brn\n|-singleturn|p1a: Skarmory|move: Roost\n|move|p2a: Celesteela|Flamethrower|p1a: Skarmory\n|-supereffective|p1a: Skarmory\n|-damage|p1a: Skarmory|30\/100 brn\n|\n|-damage|p1a: Skarmory|24\/100 brn|[from] brn\n|upkeep\n|turn|91\n|\n|t:|1656949134\n|move|p1a: Skarmory|Roost|p1a: Skarmory\n|-heal|p1a: Skarmory|74\/100 brn\n|-singleturn|p1a: Skarmory|move: Roost\n|move|p2a: Celesteela|Flamethrower|p1a: Skarmory\n|-supereffective|p1a: Skarmory\n|-damage|p1a: Skarmory|27\/100 brn\n|\n|-damage|p1a: Skarmory|21\/100 brn|[from] brn\n|upkeep\n|turn|92\n|\n|t:|1656949137\n|move|p1a: Skarmory|Roost|p1a: Skarmory\n|-heal|p1a: Skarmory|71\/100 brn\n|-singleturn|p1a: Skarmory|move: Roost\n|move|p2a: Celesteela|Flamethrower|p1a: Skarmory\n|-supereffective|p1a: Skarmory\n|-damage|p1a: Skarmory|25\/100 brn\n|\n|-damage|p1a: Skarmory|19\/100 brn|[from] brn\n|upkeep\n|turn|93\n|\n|t:|1656949142\n|move|p1a: Skarmory|Roost|p1a: Skarmory\n|-heal|p1a: Skarmory|70\/100 brn\n|-singleturn|p1a: Skarmory|move: Roost\n|move|p2a: Celesteela|Flamethrower|p1a: Skarmory\n|-supereffective|p1a: Skarmory\n|-damage|p1a: Skarmory|24\/100 brn\n|\n|-damage|p1a: Skarmory|18\/100 brn|[from] brn\n|upkeep\n|turn|94\n|\n|t:|1656949150\n|move|p1a: Skarmory|Roost|p1a: Skarmory\n|-heal|p1a: Skarmory|68\/100 brn\n|-singleturn|p1a: Skarmory|move: Roost\n|move|p2a: Celesteela|Flamethrower|p1a: Skarmory\n|-supereffective|p1a: Skarmory\n|-damage|p1a: Skarmory|18\/100 brn\n|\n|-damage|p1a: Skarmory|12\/100 brn|[from] brn\n|upkeep\n|turn|95\n|\n|t:|1656949160\n|switch|p2a: Mantine|Mantine, M|100\/100\n|move|p1a: Skarmory|Brave Bird|p2a: Mantine\n|-damage|p2a: Mantine|88\/100\n|-damage|p1a: Skarmory|7\/100 brn|[from] Recoil\n|\n|-heal|p2a: Mantine|94\/100|[from] item: Leftovers\n|-damage|p1a: Skarmory|1\/100 brn|[from] brn\n|upkeep\n|turn|96\n|\n|t:|1656949167\n|switch|p1a: Chansey|Chansey, F|100\/100\n|-damage|p1a: Chansey|88\/100|[from] Stealth Rock\n|move|p2a: Mantine|Scald|p1a: Chansey\n|-damage|p1a: Chansey|82\/100\n|\n|-heal|p2a: Mantine|99\/100|[from] item: Leftovers\n|upkeep\n|turn|97\n|\n|t:|1656949171\n|move|p2a: Mantine|Defog|p1a: Chansey\n|-unboost|p1a: Chansey|evasion|1\n|-sideend|p1: FildrongEstNul|Stealth Rock|[from] move: Defog|[of] p2a: Mantine\n|-sideend|p2: rooopos|Spikes|[from] move: Defog|[of] p2a: Mantine\n|move|p1a: Chansey|Soft-Boiled|p1a: Chansey\n|-heal|p1a: Chansey|100\/100\n|\n|-heal|p2a: Mantine|100\/100|[from] item: Leftovers\n|upkeep\n|turn|98\n|\n|t:|1656949175\n|switch|p2a: Landorus|Landorus-Therian, M|84\/100\n|-ability|p2a: Landorus|Intimidate|boost\n|-unboost|p1a: Chansey|atk|1\n|move|p1a: Chansey|Seismic Toss|p2a: Landorus\n|-damage|p2a: Landorus|58\/100\n|-damage|p1a: Chansey|84\/100|[from] item: Rocky Helmet|[of] p2a: Landorus\n|\n|upkeep\n|turn|99\n|\n|t:|1656949180\n|switch|p1a: Keldeo|Keldeo|71\/100 brn\n|move|p2a: Landorus|Stealth Rock|p1a: Keldeo\n|-sidestart|p1: FildrongEstNul|move: Stealth Rock\n|\n|-heal|p1a: Keldeo|77\/100 brn|[from] item: Leftovers\n|-damage|p1a: Keldeo|71\/100 brn|[from] brn\n|upkeep\n|turn|100\n|\n|t:|1656949183\n|switch|p1a: Skarmory|Skarmory, F|1\/100 brn\n|-damage|p1a: Skarmory|0 fnt|[from] Stealth Rock\n|faint|p1a: Skarmory\n|move|p2a: Landorus|Earthquake|p1: Skarmory|[notarget]\n|-fail|p2a: Landorus\n|\n|upkeep\n|\n|t:|1656949183\n|switch|p1a: Keldeo|Keldeo|71\/100 brn\n|-damage|p1a: Keldeo|65\/100 brn|[from] Stealth Rock\n|turn|101\n|\n|t:|1656949187\n|move|p1a: Keldeo|Substitute|p1a: Keldeo\n|-start|p1a: Keldeo|Substitute\n|-damage|p1a: Keldeo|40\/100 brn\n|move|p2a: Landorus|Earthquake|p1a: Keldeo\n|-end|p1a: Keldeo|Substitute\n|\n|-heal|p1a: Keldeo|46\/100 brn|[from] item: Leftovers\n|-damage|p1a: Keldeo|40\/100 brn|[from] brn\n|upkeep\n|turn|102\n|\n|t:|1656949192\n|move|p1a: Keldeo|Substitute|p1a: Keldeo\n|-start|p1a: Keldeo|Substitute\n|-damage|p1a: Keldeo|15\/100 brn\n|move|p2a: Landorus|Earthquake|p1a: Keldeo\n|-end|p1a: Keldeo|Substitute\n|\n|-heal|p1a: Keldeo|21\/100 brn|[from] item: Leftovers\n|-damage|p1a: Keldeo|15\/100 brn|[from] brn\n|upkeep\n|turn|103\n|\n|t:|1656949194\n|move|p1a: Keldeo|Substitute|p1a: Keldeo\n|-fail|p1a: Keldeo|move: Substitute|[weak]\n|move|p2a: Landorus|Earthquake|p1a: Keldeo\n|-damage|p1a: Keldeo|0 fnt\n|faint|p1a: Keldeo\n|\n|upkeep\n|\n|t:|1656949194\n|switch|p1a: Chansey|Chansey, F|84\/100\n|-damage|p1a: Chansey|71\/100|[from] Stealth Rock\n|turn|104\n|\n|t:|1656949199\n|move|p2a: Landorus|U-turn|p1a: Chansey\n|-damage|p1a: Chansey|56\/100\n|\n|t:|1656949206\n|switch|p2a: Greninja|Greninja, M|100\/100|[from]move: U-turn\n|move|p1a: Chansey|Soft-Boiled|p1a: Chansey\n|-heal|p1a: Chansey|100\/100\n|\n|upkeep\n|turn|105\n|\n|t:|1656949210\n|move|p2a: Greninja|Spikes|p1a: Chansey\n|-sidestart|p1: FildrongEstNul|Spikes\n|move|p1a: Chansey|Seismic Toss|p2a: Greninja\n|-damage|p2a: Greninja|65\/100\n|\n|upkeep\n|turn|106\n|\n|t:|1656949215\n|move|p2a: Greninja|Spikes|p1a: Chansey\n|-sidestart|p1: FildrongEstNul|Spikes\n|move|p1a: Chansey|Seismic Toss|p2a: Greninja\n|-damage|p2a: Greninja|30\/100\n|\n|upkeep\n|turn|107\n|\n|t:|1656949220\n|switch|p2a: Hydreigon|Hydreigon, F|40\/100 brn\n|move|p1a: Chansey|Seismic Toss|p2a: Hydreigon\n|-damage|p2a: Hydreigon|10\/100 brn\n|\n|-damage|p2a: Hydreigon|4\/100 brn|[from] brn\n|upkeep\n|turn|108\n|\n|t:|1656949226\n|move|p2a: Hydreigon|Dark Pulse|p1a: Chansey\n|-damage|p1a: Chansey|83\/100\n|move|p1a: Chansey|Seismic Toss|p2a: Hydreigon\n|-damage|p2a: Hydreigon|0 fnt\n|faint|p2a: Hydreigon\n|\n|upkeep\n|\n|t:|1656949229\n|switch|p2a: Lopunny|Lopunny, M|100\/100\n|turn|109\n|\n|t:|1656949236\n|detailschange|p2a: Lopunny|Lopunny-Mega, M\n|-mega|p2a: Lopunny|Lopunny|Lopunnite\n|move|p2a: Lopunny|High Jump Kick|p1a: Chansey\n|-supereffective|p1a: Chansey\n|-damage|p1a: Chansey|0 fnt\n|faint|p1a: Chansey\n|\n|upkeep\n|\n|t:|1656949236\n|switch|p1a: Venusaur|Venusaur, M|100\/100\n|-damage|p1a: Venusaur|88\/100|[from] Stealth Rock\n|-damage|p1a: Venusaur|72\/100|[from] Spikes\n|turn|110\n|\n|t:|1656949246\n|detailschange|p1a: Venusaur|Venusaur-Mega, M\n|-mega|p1a: Venusaur|Venusaur|Venusaurite\n|move|p2a: Lopunny|Return|p1a: Venusaur\n|-damage|p1a: Venusaur|39\/100\n|move|p1a: Venusaur|Giga Drain|p2a: Lopunny\n|-damage|p2a: Lopunny|62\/100\n|-heal|p1a: Venusaur|53\/100|[from] drain|[of] p2a: Lopunny\n|\n|upkeep\n|turn|111\n|\n|t:|1656949254\n|switch|p2a: Landorus|Landorus-Therian, M|58\/100\n|-ability|p2a: Landorus|Intimidate|boost\n|-unboost|p1a: Venusaur|atk|1\n|move|p1a: Venusaur|Giga Drain|p2a: Landorus\n|-damage|p2a: Landorus|25\/100\n|-heal|p1a: Venusaur|71\/100|[from] drain|[of] p2a: Landorus\n|\n|upkeep\n|turn|112\n|\n|t:|1656949259\n|move|p2a: Landorus|Earthquake|p1a: Venusaur\n|-damage|p1a: Venusaur|41\/100\n|move|p1a: Venusaur|Synthesis|p1a: Venusaur\n|-heal|p1a: Venusaur|91\/100\n|\n|upkeep\n|turn|113\n|\n|t:|1656949261\n|move|p2a: Landorus|Earthquake|p1a: Venusaur\n|-damage|p1a: Venusaur|65\/100\n|move|p1a: Venusaur|Synthesis|p1a: Venusaur\n|-heal|p1a: Venusaur|100\/100\n|\n|upkeep\n|turn|114\n|\n|t:|1656949264\n|move|p2a: Landorus|Earthquake|p1a: Venusaur\n|-damage|p1a: Venusaur|72\/100\n|move|p1a: Venusaur|Giga Drain|p2a: Landorus\n|-damage|p2a: Landorus|0 fnt\n|-heal|p1a: Venusaur|85\/100|[from] drain|[of] p2a: Landorus\n|faint|p2a: Landorus\n|\n|upkeep\n|\n|t:|1656949278\n|switch|p2a: Lopunny|Lopunny-Mega, M|62\/100\n|turn|115\n|\n|t:|1656949281\n|move|p2a: Lopunny|Fake Out|p1a: Venusaur\n|-damage|p1a: Venusaur|71\/100\n|cant|p1a: Venusaur|flinch\n|\n|upkeep\n|turn|116\n|\n|t:|1656949285\n|switch|p2a: Celesteela|Celesteela|100\/100\n|move|p1a: Venusaur|Giga Drain|p2a: Celesteela\n|-resisted|p2a: Celesteela\n|-damage|p2a: Celesteela|96\/100\n|-heal|p1a: Venusaur|73\/100|[from] drain|[of] p2a: Celesteela\n|\n|-heal|p2a: Celesteela|100\/100|[from] item: Leftovers\n|upkeep\n|turn|117\n|\n|t:|1656949292\n|move|p1a: Venusaur|Synthesis|p1a: Venusaur\n|-heal|p1a: Venusaur|100\/100\n|move|p2a: Celesteela|Flamethrower|p1a: Venusaur\n|-supereffective|p1a: Venusaur\n|-damage|p1a: Venusaur|82\/100\n|-status|p1a: Venusaur|brn\n|\n|-damage|p1a: Venusaur|76\/100 brn|[from] brn\n|upkeep\n|turn|118\n|\n|t:|1656949296\n|move|p1a: Venusaur|Synthesis|p1a: Venusaur\n|-heal|p1a: Venusaur|100\/100 brn\n|move|p2a: Celesteela|Heavy Slam|p1a: Venusaur\n|-damage|p1a: Venusaur|74\/100 brn\n|\n|-damage|p1a: Venusaur|68\/100 brn|[from] brn\n|upkeep\n|turn|119\n|\n|t:|1656949302\n|move|p1a: Venusaur|Synthesis|p1a: Venusaur\n|-heal|p1a: Venusaur|100\/100 brn\n|move|p2a: Celesteela|Heavy Slam|p1a: Venusaur\n|-damage|p1a: Venusaur|77\/100 brn\n|\n|-damage|p1a: Venusaur|71\/100 brn|[from] brn\n|upkeep\n|turn|120\n|\n|t:|1656949304\n|move|p1a: Venusaur|Synthesis|p1a: Venusaur\n|-heal|p1a: Venusaur|100\/100 brn\n|move|p2a: Celesteela|Heavy Slam|p1a: Venusaur\n|-damage|p1a: Venusaur|78\/100 brn\n|\n|-damage|p1a: Venusaur|72\/100 brn|[from] brn\n|upkeep\n|turn|121\n|\n|t:|1656949308\n|move|p1a: Venusaur|Synthesis|p1a: Venusaur\n|-heal|p1a: Venusaur|100\/100 brn\n|move|p2a: Celesteela|Heavy Slam|p1a: Venusaur\n|-damage|p1a: Venusaur|77\/100 brn\n|\n|-damage|p1a: Venusaur|71\/100 brn|[from] brn\n|upkeep\n|turn|122\n|\n|t:|1656949311\n|move|p1a: Venusaur|Synthesis|p1a: Venusaur\n|-heal|p1a: Venusaur|100\/100 brn\n|move|p2a: Celesteela|Heavy Slam|p1a: Venusaur\n|-damage|p1a: Venusaur|76\/100 brn\n|\n|-damage|p1a: Venusaur|70\/100 brn|[from] brn\n|upkeep\n|turn|123\n|\n|t:|1656949314\n|move|p1a: Venusaur|Hidden Power|p2a: Celesteela\n|-supereffective|p2a: Celesteela\n|-crit|p2a: Celesteela\n|-damage|p2a: Celesteela|71\/100\n|move|p2a: Celesteela|Heavy Slam|p1a: Venusaur\n|-damage|p1a: Venusaur|44\/100 brn\n|\n|-heal|p2a: Celesteela|77\/100|[from] item: Leftovers\n|-damage|p1a: Venusaur|38\/100 brn|[from] brn\n|upkeep\n|turn|124\n|\n|t:|1656949320\n|move|p1a: Venusaur|Hidden Power|p2a: Celesteela\n|-supereffective|p2a: Celesteela\n|-damage|p2a: Celesteela|57\/100\n|move|p2a: Celesteela|Heavy Slam|p1a: Venusaur\n|-damage|p1a: Venusaur|12\/100 brn\n|\n|-heal|p2a: Celesteela|63\/100|[from] item: Leftovers\n|-damage|p1a: Venusaur|6\/100 brn|[from] brn\n|upkeep\n|turn|125\n|\n|t:|1656949325\n|move|p1a: Venusaur|Giga Drain|p2a: Celesteela\n|-resisted|p2a: Celesteela\n|-damage|p2a: Celesteela|58\/100\n|-heal|p1a: Venusaur|8\/100 brn|[from] drain|[of] p2a: Celesteela\n|move|p2a: Celesteela|Heavy Slam|p1a: Venusaur\n|-damage|p1a: Venusaur|0 fnt\n|faint|p1a: Venusaur\n|-ability|p2a: Celesteela|Beast Boost|boost\n|-boost|p2a: Celesteela|spd|1\n|\n|-heal|p2a: Celesteela|64\/100|[from] item: Leftovers\n|upkeep\n|\n|t:|1656949325\n|switch|p1a: Heatran|Heatran, M|100\/100\n|-damage|p1a: Heatran|88\/100|[from] Stealth Rock\n|-damage|p1a: Heatran|71\/100|[from] Spikes\n|turn|126\n|\n|t:|1656949334\n|switch|p2a: Mantine|Mantine, M|100\/100\n|move|p1a: Heatran|Lava Plume|p2a: Mantine\n|-resisted|p2a: Mantine\n|-damage|p2a: Mantine|91\/100\n|\n|-heal|p1a: Heatran|78\/100|[from] item: Leftovers\n|-heal|p2a: Mantine|97\/100|[from] item: Leftovers\n|upkeep\n|turn|127\n|\n|t:|1656949343\n|move|p1a: Heatran|Lava Plume|p2a: Mantine\n|-resisted|p2a: Mantine\n|-damage|p2a: Mantine|87\/100\n|-status|p2a: Mantine|brn\n|move|p2a: Mantine|Scald|p1a: Heatran\n|-supereffective|p1a: Heatran\n|-damage|p1a: Heatran|41\/100\n|\n|-heal|p1a: Heatran|48\/100|[from] item: Leftovers\n|-heal|p2a: Mantine|94\/100 brn|[from] item: Leftovers\n|-damage|p2a: Mantine|87\/100 brn|[from] brn\n|upkeep\n|turn|128\n|\n|t:|1656949347\n|move|p1a: Heatran|Stealth Rock|p2a: Mantine\n|-sidestart|p2: rooopos|move: Stealth Rock\n|move|p2a: Mantine|Scald|p1a: Heatran\n|-supereffective|p1a: Heatran\n|-crit|p1a: Heatran\n|-damage|p1a: Heatran|0 fnt\n|faint|p1a: Heatran\n|\n|-heal|p2a: Mantine|94\/100 brn|[from] item: Leftovers\n|-damage|p2a: Mantine|87\/100 brn|[from] brn\n|upkeep\n|\n|t:|1656949347\n|switch|p1a: Bisharp|Bisharp, F|100\/100\n|-damage|p1a: Bisharp|95\/100|[from] Stealth Rock\n|-damage|p1a: Bisharp|78\/100|[from] Spikes\n|turn|129\n|\n|t:|1656949350\n|move|p1a: Bisharp|Iron Head|p2a: Mantine\n|-resisted|p2a: Mantine\n|-damage|p2a: Mantine|62\/100 brn\n|move|p2a: Mantine|Scald|p1a: Bisharp\n|-damage|p1a: Bisharp|45\/100\n|\n|-heal|p1a: Bisharp|50\/100|[from] item: Leftovers\n|-heal|p2a: Mantine|68\/100 brn|[from] item: Leftovers\n|-damage|p2a: Mantine|62\/100 brn|[from] brn\n|upkeep\n|turn|130\n|\n|t:|1656949353\n|move|p1a: Bisharp|Iron Head|p2a: Mantine\n|-resisted|p2a: Mantine\n|-damage|p2a: Mantine|37\/100 brn\n|cant|p2a: Mantine|flinch\n|\n|-heal|p1a: Bisharp|56\/100|[from] item: Leftovers\n|-heal|p2a: Mantine|43\/100 brn|[from] item: Leftovers\n|-damage|p2a: Mantine|37\/100 brn|[from] brn\n|upkeep\n|turn|131\n|\n|t:|1656949358\n|move|p1a: Bisharp|Iron Head|p2a: Mantine\n|-resisted|p2a: Mantine\n|-damage|p2a: Mantine|11\/100 brn\n|move|p2a: Mantine|Scald|p1a: Bisharp\n|-damage|p1a: Bisharp|27\/100\n|\n|-heal|p1a: Bisharp|33\/100|[from] item: Leftovers\n|-heal|p2a: Mantine|17\/100 brn|[from] item: Leftovers\n|-damage|p2a: Mantine|11\/100 brn|[from] brn\n|upkeep\n|turn|132\n|\n|t:|1656949362\n|move|p1a: Bisharp|Iron Head|p2a: Mantine\n|-resisted|p2a: Mantine\n|-damage|p2a: Mantine|0 fnt\n|faint|p2a: Mantine\n|\n|-heal|p1a: Bisharp|39\/100|[from] item: Leftovers\n|upkeep\n|\n|t:|1656949366\n|switch|p2a: Lopunny|Lopunny-Mega, M|62\/100\n|-damage|p2a: Lopunny|57\/100|[from] Stealth Rock\n|turn|133\n|\n|t:|1656949370\n|move|p2a: Lopunny|Fake Out|p1a: Bisharp\n|-resisted|p1a: Bisharp\n|-damage|p1a: Bisharp|27\/100\n|cant|p1a: Bisharp|flinch\n|\n|-heal|p1a: Bisharp|33\/100|[from] item: Leftovers\n|upkeep\n|turn|134\n|\n|t:|1656949374\n|move|p1a: Bisharp|Sucker Punch|p2a: Lopunny\n|-resisted|p2a: Lopunny\n|-damage|p2a: Lopunny|30\/100\n|move|p2a: Lopunny|High Jump Kick|p1a: Bisharp\n|-supereffective|p1a: Bisharp\n|-damage|p1a: Bisharp|0 fnt\n|faint|p1a: Bisharp\n|\n|win|rooopos\n|raw|FildrongEstNul's rating: 1461 &rarr; <strong>1446<\/strong><br \/>(-15 for losing)\n|raw|rooopos's rating: 1551 &rarr; <strong>1566<\/strong><br \/>(+15 for winning)\n|l|\u203dFildrongEstNul\n||Ladder isn't responding, score probably updated but might not have (Request timeout).\n","uploadtime":1656949380,"views":12,"p1id":"fildrongestnul","p2id":"rooopos","formatid":"gen7ou","rating":1446,"private":0,"password":null}