{"id":"gen7ou-749432552","p1":"lil home invasion","p2":"SMxVale","format":"gen7ou","log":"|j|\u2606lil home invasion\n|j|\u2606SMxVale\n|player|p1|lil home invasion|254\n|player|p2|SMxVale|265\n|teamsize|p1|6\n|teamsize|p2|6\n|gametype|singles\n|gen|7\n|tier|[Gen 7] OU\n|rated|\n|rule|Sleep Clause Mod: Limit one foe put to sleep\n|rule|Species Clause: Limit one of each Pok\u00e9mon\n|rule|OHKO Clause: OHKO moves are banned\n|rule|Moody Clause: Moody is banned\n|rule|Evasion Moves Clause: Evasion moves are banned\n|rule|Endless Battle Clause: Forcing endless battles is banned\n|rule|HP Percentage Mod: HP is shown in percentages\n|clearpoke\n|poke|p1|Mew|item\n|poke|p1|Greninja, M|item\n|poke|p1|Landorus-Therian, M|item\n|poke|p1|Tapu Koko|item\n|poke|p1|Magearna|item\n|poke|p1|Zygarde|item\n|poke|p2|Kyurem-Black|item\n|poke|p2|Tapu Koko|item\n|poke|p2|Landorus-Therian, M|item\n|poke|p2|Magearna|item\n|poke|p2|Hawlucha, M|item\n|poke|p2|Medicham, M|item\n|teampreview\n|j| HowToClimbLadder\n|\n|start\n|switch|p1a: Greninja|Greninja, M|100\/100\n|switch|p2a: Tapu Koko|Tapu Koko|100\/100\n|-fieldstart|move: Electric Terrain|[from] ability: Electric Surge|[of] p2a: Tapu Koko\n|turn|1\n|inactive|Battle timer is ON: inactive players will automatically lose when time's up. (requested by SMxVale)\n|\n|switch|p2a: Magearna|Magearna|100\/100\n|move|p1a: Greninja|Spikes|p2a: Magearna\n|-start|p1a: Greninja|typechange|Ground|[from] Protean\n|-sidestart|p2: SMxVale|Spikes\n|\n|upkeep\n|turn|2\n|\n|move|p1a: Greninja|Taunt|p2a: Magearna\n|-start|p1a: Greninja|typechange|Dark|[from] Protean\n|-start|p2a: Magearna|move: Taunt\n|move|p2a: Magearna|Ice Beam|p1a: Greninja\n|-damage|p1a: Greninja|59\/100\n|\n|upkeep\n|turn|3\n|\n|move|p1a: Greninja|Toxic Spikes|p2a: Magearna\n|-start|p1a: Greninja|typechange|Poison|[from] Protean\n|-sidestart|p2: SMxVale|move: Toxic Spikes\n|move|p2a: Magearna|Flash Cannon|p1a: Greninja\n|-damage|p1a: Greninja|5\/100\n|\n|upkeep\n|turn|4\n|\n|move|p1a: Greninja|Toxic Spikes|p2a: Magearna\n|-sidestart|p2: SMxVale|move: Toxic Spikes\n|move|p2a: Magearna|Volt Switch|p1a: Greninja\n|-damage|p1a: Greninja|0 fnt\n|faint|p1a: Greninja\n|-ability|p2a: Magearna|Soul-Heart|boost\n|-boost|p2a: Magearna|spa|1\n|inactive|SMxVale has 135 seconds left.\n|\n|switch|p2a: Tapu Koko|Tapu Koko|100\/100\n|-status|p2a: Tapu Koko|tox\n|-damage|p2a: Tapu Koko|88\/100 tox|[from] Spikes\n|\n|-damage|p2a: Tapu Koko|82\/100 tox|[from] psn\n|upkeep\n|\n|switch|p1a: Tapu Koko|Tapu Koko|100\/100\n|turn|5\n|\n|move|p1a: Tapu Koko|Taunt|p2a: Tapu Koko\n|-start|p2a: Tapu Koko|move: Taunt\n|move|p2a: Tapu Koko|U-turn|p1a: Tapu Koko\n|-resisted|p1a: Tapu Koko\n|-damage|p1a: Tapu Koko|92\/100\n|\n|switch|p2a: Landorus|Landorus-Therian, M|100\/100\n|-ability|p2a: Landorus|Intimidate|boost\n|-unboost|p1a: Tapu Koko|atk|1\n|\n|-fieldend|move: Electric Terrain\n|upkeep\n|turn|6\n|\n|move|p1a: Tapu Koko|Reflect|p1a: Tapu Koko\n|-sidestart|p1: lil home invasion|Reflect\n|move|p2a: Landorus|U-turn|p1a: Tapu Koko\n|-resisted|p1a: Tapu Koko\n|-damage|p1a: Tapu Koko|85\/100\n|\n|switch|p2a: Magearna|Magearna|100\/100\n|-damage|p2a: Magearna|88\/100|[from] Spikes\n|\n|upkeep\n|turn|7\n|\n|move|p1a: Tapu Koko|Light Screen|p1a: Tapu Koko\n|-sidestart|p1: lil home invasion|move: Light Screen\n|move|p2a: Magearna|Flash Cannon|p1a: Tapu Koko\n|-damage|p1a: Tapu Koko|63\/100\n|\n|upkeep\n|turn|8\n|\n|move|p1a: Tapu Koko|U-turn|p2a: Magearna\n|-resisted|p2a: Magearna\n|-damage|p2a: Magearna|86\/100\n|\n|switch|p1a: Landorus|Landorus-Therian, M|100\/100\n|-ability|p1a: Landorus|Intimidate|boost\n|-unboost|p2a: Magearna|atk|1\n|move|p2a: Magearna|Ice Beam|p1a: Landorus\n|-supereffective|p1a: Landorus\n|-damage|p1a: Landorus|38\/100\n|\n|upkeep\n|turn|9\n|\n|switch|p2a: Landorus|Landorus-Therian, M|100\/100\n|-ability|p2a: Landorus|Intimidate|boost\n|-unboost|p1a: Landorus|atk|1\n|move|p1a: Landorus|Earthquake|p2a: Landorus\n|-immune|p2a: Landorus|[msg]\n|\n|upkeep\n|turn|10\n|\n|move|p1a: Landorus|Explosion|p2a: Landorus\n|-damage|p2a: Landorus|59\/100\n|faint|p1a: Landorus\n|move|p2a: Landorus|U-turn|p1: Landorus|[notarget]\n|-notarget\n|\n|upkeep\n|inactive|lil home invasion has 135 seconds left.\n|\n|switch|p1a: Mew|Mew|100\/100\n|turn|11\n|\n|move|p1a: Mew|Nasty Plot|p1a: Mew\n|-boost|p1a: Mew|spa|2\n|move|p2a: Landorus|U-turn|p1a: Mew\n|-supereffective|p1a: Mew\n|-damage|p1a: Mew|78\/100\n|\n|switch|p2a: Magearna|Magearna|86\/100\n|-damage|p2a: Magearna|73\/100|[from] Spikes\n|\n|upkeep\n|turn|12\n|\n|move|p1a: Mew|Rock Polish|p1a: Mew\n|-boost|p1a: Mew|spe|2\n|move|p2a: Magearna|Flash Cannon|p1a: Mew\n|-damage|p1a: Mew|61\/100\n|\n|upkeep\n|turn|13\n|\n|move|p1a: Mew|Nasty Plot|p1a: Mew\n|-boost|p1a: Mew|spa|2\n|move|p2a: Magearna|Fleur Cannon|p1a: Mew\n|-damage|p1a: Mew|33\/100\n|-unboost|p2a: Magearna|spa|2\n|\n|-sideend|p1: lil home invasion|Reflect\n|upkeep\n|turn|14\n|\n|move|p1a: Mew|Fire Blast|p2a: Magearna\n|-supereffective|p2a: Magearna\n|-damage|p2a: Magearna|0 fnt\n|faint|p2a: Magearna\n|\n|-sideend|p1: lil home invasion|move: Light Screen\n|upkeep\n|\n|switch|p2a: Medicham|Medicham, M|100\/100\n|-status|p2a: Medicham|tox\n|-damage|p2a: Medicham|88\/100 tox|[from] Spikes\n|turn|15\n|\n|-mega|p2a: Medicham|Medicham|Medichamite\n|detailschange|p2a: Medicham|Medicham-Mega, M\n|move|p2a: Medicham|Fake Out|p1a: Mew\n|-damage|p1a: Mew|6\/100\n|cant|p1a: Mew|flinch\n|\n|-damage|p2a: Medicham|82\/100 tox|[from] psn\n|upkeep\n|turn|16\n|inactive|SMxVale has 135 seconds left.\n|\n|switch|p2a: Landorus|Landorus-Therian, M|59\/100\n|-ability|p2a: Landorus|Intimidate|boost\n|-unboost|p1a: Mew|atk|1\n|-zpower|p1a: Mew\n|move|p1a: Mew|Genesis Supernova|p2a: Landorus|[zeffect]\n|-damage|p2a: Landorus|0 fnt\n|-fieldstart|move: Psychic Terrain\n|faint|p2a: Landorus\n|\n|upkeep\n|\n|switch|p2a: Medicham|Medicham-Mega, M|82\/100 tox\n|-damage|p2a: Medicham|70\/100 tox|[from] Spikes\n|turn|17\n|\n|move|p2a: Medicham|Fake Out|p1a: Mew\n|-activate|p1a: Mew|move: Psychic Terrain\n|move|p1a: Mew|Psychic|p2a: Medicham\n|-damage|p2a: Medicham|0 fnt\n|faint|p2a: Medicham\n|\n|upkeep\n|c|\u2606lil home invasion|bop\n|c|\u2606lil home invasion|ez\n|c|\u2606lil home invasion|oml\n|c|\u2606lil home invasion|LMAO\n|\n|switch|p2a: Tapu Koko|Tapu Koko|82\/100 tox\n|-damage|p2a: Tapu Koko|70\/100 tox|[from] Spikes\n|-fieldstart|move: Electric Terrain|[from] ability: Electric Surge|[of] p2a: Tapu Koko\n|turn|18\n|c|\u2606SMxVale|wopps\n|\n|move|p1a: Mew|Psychic|p2a: Tapu Koko\n|-damage|p2a: Tapu Koko|0 fnt\n|faint|p2a: Tapu Koko\n|\n|upkeep\n|\n|switch|p2a: Hawlucha|Hawlucha, M|100\/100\n|-enditem|p2a: Hawlucha|Electric Seed\n|-boost|p2a: Hawlucha|def|1\n|turn|19\n|\n|move|p1a: Mew|Psychic|p2a: Hawlucha\n|-supereffective|p2a: Hawlucha\n|-damage|p2a: Hawlucha|0 fnt\n|faint|p2a: Hawlucha\n|\n|upkeep\n|c|\u2606lil home invasion|bop\n|-message|SMxVale forfeited.\n|\n|win|lil home invasion\n|l|\u2606SMxVale\n|raw|lil home invasion's rating: 1609 &rarr; <strong>1628<\/strong><br \/>(+19 for winning)\n|raw|SMxVale's rating: 1590 &rarr; <strong>1571<\/strong><br \/>(-19 for losing)\n","inputlog":null,"uploadtime":1526682264,"views":14,"p1id":"lilhomeinvasion","p2id":"smxvale","formatid":"gen7ou","rating":1571,"private":0,"password":null}