{"id":"gen7ou-814070071","p1":"xueyuxiayu","p2":"H4WT \u2605","format":"gen7ou","log":"|j|\u2606xueyuxiayu\n|j|\u2606H4WT \u2605\n|player|p1|xueyuxiayu|265\n|player|p2|H4WT \u2605|165\n|teamsize|p1|6\n|teamsize|p2|6\n|gametype|singles\n|gen|7\n|tier|[Gen 7] OU\n|rated|\n|rule|Sleep Clause Mod: Limit one foe put to sleep\n|rule|Species Clause: Limit one of each Pok\u00e9mon\n|rule|OHKO Clause: OHKO moves are banned\n|rule|Moody Clause: Moody is banned\n|rule|Evasion Moves Clause: Evasion moves are banned\n|rule|Endless Battle Clause: Forcing endless battles is banned\n|rule|HP Percentage Mod: HP is shown in percentages\n|clearpoke\n|poke|p1|Toxapex, F|item\n|poke|p1|Gliscor, M|item\n|poke|p1|Shedinja|item\n|poke|p1|Chansey, F|item\n|poke|p1|Diancie|item\n|poke|p1|Xatu, M|item\n|poke|p2|Diancie|item\n|poke|p2|Celesteela|item\n|poke|p2|Clefable, M|item\n|poke|p2|Gastrodon-East, M|item\n|poke|p2|Landorus-Therian, M|item\n|poke|p2|Volcarona, F|item\n|teampreview\n|\n|start\n|switch|p1a: Diancie|Diancie|100\/100\n|switch|p2a: Diancie|Diancie|100\/100\n|turn|1\n|\n|switch|p2a: Gastrodon|Gastrodon-East, M|100\/100\n|detailschange|p1a: Diancie|Diancie-Mega\n|-mega|p1a: Diancie|Diancie|Diancite\n|move|p1a: Diancie|Earth Power|p2a: Gastrodon\n|-damage|p2a: Gastrodon|76\/100\n|\n|-heal|p2a: Gastrodon|82\/100|[from] item: Leftovers\n|upkeep\n|turn|2\n|\n|move|p1a: Diancie|Earth Power|p2a: Gastrodon\n|-damage|p2a: Gastrodon|59\/100\n|move|p2a: Gastrodon|Earthquake|p1a: Diancie\n|-supereffective|p1a: Diancie\n|-damage|p1a: Diancie|16\/100\n|\n|-heal|p2a: Gastrodon|65\/100|[from] item: Leftovers\n|upkeep\n|turn|3\n|\n|switch|p1a: Toxapex|Toxapex, F|100\/100\n|move|p2a: Gastrodon|Recover|p2a: Gastrodon\n|-heal|p2a: Gastrodon|100\/100\n|\n|upkeep\n|turn|4\n|\n|switch|p2a: Clefable|Clefable, M|100\/100\n|move|p1a: Toxapex|Toxic Spikes|p2a: Clefable\n|-sidestart|p2: H4WT \u2605|move: Toxic Spikes\n|\n|upkeep\n|turn|5\n|\n|move|p2a: Clefable|Calm Mind|p2a: Clefable\n|-boost|p2a: Clefable|spa|1\n|-boost|p2a: Clefable|spd|1\n|move|p1a: Toxapex|Toxic Spikes|p2a: Clefable\n|-sidestart|p2: H4WT \u2605|move: Toxic Spikes\n|\n|upkeep\n|turn|6\n|\n|move|p2a: Clefable|Calm Mind|p2a: Clefable\n|-boost|p2a: Clefable|spa|1\n|-boost|p2a: Clefable|spd|1\n|move|p1a: Toxapex|Haze|p1a: Toxapex\n|-clearallboost\n|\n|upkeep\n|turn|7\n|\n|move|p2a: Clefable|Calm Mind|p2a: Clefable\n|-boost|p2a: Clefable|spa|1\n|-boost|p2a: Clefable|spd|1\n|move|p1a: Toxapex|Scald|p2a: Clefable\n|-damage|p2a: Clefable|89\/100\n|-status|p2a: Clefable|brn\n|\n|-heal|p2a: Clefable|95\/100 brn|[from] item: Leftovers\n|upkeep\n|turn|8\n|\n|switch|p2a: Landorus|Landorus-Therian, M|100\/100\n|-ability|p2a: Landorus|Intimidate|boost\n|-unboost|p1a: Toxapex|atk|1\n|move|p1a: Toxapex|Haze|p1a: Toxapex\n|-clearallboost\n|\n|upkeep\n|turn|9\n|\n|move|p2a: Landorus|Defog|p1a: Toxapex\n|-unboost|p1a: Toxapex|evasion|1\n|-sideend|p2: H4WT \u2605|Toxic Spikes|[from] move: Defog|[of] p2a: Landorus\n|move|p1a: Toxapex|Scald|p2a: Landorus\n|-supereffective|p2a: Landorus\n|-damage|p2a: Landorus|61\/100\n|-status|p2a: Landorus|brn\n|\n|-damage|p2a: Landorus|55\/100 brn|[from] brn\n|upkeep\n|turn|10\n|\n|switch|p2a: Gastrodon|Gastrodon-East, M|100\/100\n|move|p1a: Toxapex|Toxic Spikes|p2a: Gastrodon\n|-sidestart|p2: H4WT \u2605|move: Toxic Spikes\n|\n|upkeep\n|turn|11\n|\n|move|p1a: Toxapex|Toxic Spikes|p2a: Gastrodon\n|-sidestart|p2: H4WT \u2605|move: Toxic Spikes\n|move|p2a: Gastrodon|Earthquake|p1a: Toxapex\n|-supereffective|p1a: Toxapex\n|-damage|p1a: Toxapex|62\/100\n|\n|upkeep\n|turn|12\n|\n|switch|p1a: Chansey|Chansey, F|100\/100\n|move|p2a: Gastrodon|Scald|p1a: Chansey\n|-damage|p1a: Chansey|93\/100\n|\n|upkeep\n|turn|13\n|\n|move|p1a: Chansey|Seismic Toss|p2a: Gastrodon\n|-damage|p2a: Gastrodon|77\/100\n|move|p2a: Gastrodon|Toxic|p1a: Chansey|[miss]\n|-miss|p2a: Gastrodon|p1a: Chansey\n|\n|-heal|p2a: Gastrodon|83\/100|[from] item: Leftovers\n|upkeep\n|turn|14\n|\n|move|p1a: Chansey|Toxic|p2a: Gastrodon\n|-status|p2a: Gastrodon|tox\n|move|p2a: Gastrodon|Toxic|p1a: Chansey\n|-status|p1a: Chansey|tox\n|\n|-heal|p2a: Gastrodon|89\/100 tox|[from] item: Leftovers\n|-damage|p1a: Chansey|87\/100 tox|[from] psn\n|-damage|p2a: Gastrodon|83\/100 tox|[from] psn\n|upkeep\n|turn|15\n|\n|switch|p1a: Toxapex|Toxapex, F|96\/100\n|switch|p2a: Clefable|Clefable, M|95\/100 brn\n|\n|-heal|p2a: Clefable|100\/100 brn|[from] item: Leftovers\n|upkeep\n|turn|16\n|-message|H4WT \u2605 forfeited.\n|\n|win|xueyuxiayu\n|l|\u2606H4WT \u2605\n|raw|xueyuxiayu's rating: 1765 &rarr; <strong>1784<\/strong><br \/>(+19 for winning)\n|raw|H4WT \u2605's rating: 1746 &rarr; <strong>1727<\/strong><br \/>(-19 for losing)\n","uploadtime":1538439770,"views":83,"p1id":"xueyuxiayu","p2id":"h4wt","formatid":"gen7ou","rating":1727,"private":0,"password":null}