{"id":"gen7ou-1698967910","p1":"Lucians Call","p2":"Misterioussaint","format":"gen7ou","log":"|j|\u2606Lucians Call\n|j|\u2606Misterioussaint\n|t:|1667178879\n|gametype|singles\n|player|p1|Lucians Call|furisodegirl-blue|\n|player|p2|Misterioussaint|furisodegirl-black|\n|teamsize|p1|6\n|teamsize|p2|6\n|gen|7\n|tier|[Gen 7] OU\n|rule|Sleep Clause Mod: Limit one foe put to sleep\n|rule|Species Clause: Limit one of each Pok\u00e9mon\n|rule|OHKO Clause: OHKO moves are banned\n|rule|Moody Clause: Moody is banned\n|rule|Evasion Items Clause: Evasion items are banned\n|rule|Evasion Moves Clause: Evasion moves are banned\n|rule|Endless Battle Clause: Forcing endless battles is banned\n|rule|HP Percentage Mod: HP is shown in percentages\n|clearpoke\n|poke|p1|Landorus-Therian, M|item\n|poke|p1|Kartana|item\n|poke|p1|Garchomp, F|item\n|poke|p1|Tapu Lele|item\n|poke|p1|Magearna|item\n|poke|p1|Rotom-Wash|item\n|poke|p2|Zoroark, F|item\n|poke|p2|Tyranitar, M|item\n|poke|p2|Tangrowth, M|item\n|poke|p2|Magearna|item\n|poke|p2|Landorus-Therian, M|item\n|poke|p2|Kartana|item\n|teampreview\n|\n|t:|1667178900\n|start\n|switch|p1a: Landorus|Landorus-Therian, M|100\/100\n|switch|p2a: Tyranitar|Tyranitar, M|100\/100\n|-ability|p1a: Landorus|Intimidate|boost\n|-unboost|p2a: Tyranitar|atk|1\n|-weather|Sandstorm|[from] ability: Sand Stream|[of] p2a: Tyranitar\n|turn|1\n|inactive|Battle timer is ON: inactive players will automatically lose when time's up. (requested by Lucians Call)\n|\n|t:|1667178906\n|detailschange|p2a: Tyranitar|Tyranitar-Mega, M\n|-mega|p2a: Tyranitar|Tyranitar|Tyranitarite\n|move|p1a: Landorus|Earthquake|p2a: Tyranitar\n|-supereffective|p2a: Tyranitar\n|-damage|p2a: Tyranitar|7\/100\n|move|p2a: Tyranitar|Stealth Rock|p1a: Landorus\n|-sidestart|p1: Lucians Call|move: Stealth Rock\n|\n|-weather|Sandstorm|[upkeep]\n|upkeep\n|turn|2\n|\n|t:|1667178915\n|switch|p1a: Rotom|Rotom-Wash|100\/100\n|-damage|p1a: Rotom|88\/100|[from] Stealth Rock\n|switch|p2a: Landorus|Landorus-Therian, M|100\/100\n|-ability|p2a: Landorus|Intimidate|boost\n|-unboost|p1a: Rotom|atk|1\n|\n|-weather|Sandstorm|[upkeep]\n|-damage|p1a: Rotom|82\/100|[from] Sandstorm\n|upkeep\n|turn|3\n|\n|t:|1667178918\n|move|p2a: Landorus|U-turn|p1a: Rotom\n|-damage|p1a: Rotom|58\/100\n|\n|t:|1667178920\n|switch|p2a: Tangrowth|Tangrowth, M|100\/100|[from]move: U-turn\n|move|p1a: Rotom|Defog|p2a: Tangrowth\n|-unboost|p2a: Tangrowth|evasion|1\n|-sideend|p1: Lucians Call|Stealth Rock|[from] move: Defog|[of] p1a: Rotom\n|\n|-weather|Sandstorm|[upkeep]\n|-damage|p1a: Rotom|52\/100|[from] Sandstorm\n|-damage|p2a: Tangrowth|94\/100|[from] Sandstorm\n|upkeep\n|turn|4\n|\n|t:|1667178922\n|move|p1a: Rotom|Volt Switch|p2a: Tangrowth\n|-resisted|p2a: Tangrowth\n|-damage|p2a: Tangrowth|84\/100\n|\n|t:|1667178924\n|switch|p1a: Landorus|Landorus-Therian, M|100\/100|[from]move: Volt Switch\n|-ability|p1a: Landorus|Intimidate|boost\n|-unboost|p2a: Tangrowth|atk|1\n|move|p2a: Tangrowth|Knock Off|p1a: Landorus\n|-damage|p1a: Landorus|84\/100\n|-enditem|p1a: Landorus|Choice Band|[from] move: Knock Off|[of] p2a: Tangrowth\n|\n|-weather|Sandstorm|[upkeep]\n|-damage|p2a: Tangrowth|78\/100|[from] Sandstorm\n|upkeep\n|turn|5\n|\n|t:|1667178928\n|move|p1a: Landorus|U-turn|p2a: Tangrowth\n|-supereffective|p2a: Tangrowth\n|-damage|p2a: Tangrowth|47\/100\n|\n|t:|1667178931\n|switch|p1a: Tapu Lele|Tapu Lele|100\/100|[from]move: U-turn\n|-fieldstart|move: Psychic Terrain|[from] ability: Psychic Surge|[of] p1a: Tapu Lele\n|move|p2a: Tangrowth|Giga Drain|p1a: Tapu Lele\n|-damage|p1a: Tapu Lele|72\/100\n|-heal|p2a: Tangrowth|57\/100|[from] drain|[of] p1a: Tapu Lele\n|\n|-weather|none\n|upkeep\n|turn|6\n|\n|t:|1667178933\n|switch|p2a: Magearna|Magearna|100\/100\n|move|p1a: Tapu Lele|Calm Mind|p1a: Tapu Lele\n|-boost|p1a: Tapu Lele|spa|1\n|-boost|p1a: Tapu Lele|spd|1\n|\n|upkeep\n|turn|7\n|\n|t:|1667178937\n|-zpower|p1a: Tapu Lele\n|move|p1a: Tapu Lele|All-Out Pummeling|p2a: Magearna|[zeffect]\n|-crit|p2a: Magearna\n|-damage|p2a: Magearna|38\/100\n|move|p2a: Magearna|Volt Switch|p1a: Tapu Lele\n|-damage|p1a: Tapu Lele|57\/100\n|\n|t:|1667178940\n|switch|p2a: Kartana|Kartana|100\/100|[from]move: Volt Switch\n|\n|upkeep\n|turn|8\n|\n|t:|1667178947\n|switch|p1a: Magearna|Magearna|100\/100\n|move|p2a: Kartana|Knock Off|p1a: Magearna\n|-resisted|p1a: Magearna\n|-damage|p1a: Magearna|74\/100\n|-enditem|p1a: Magearna|Assault Vest|[from] move: Knock Off|[of] p2a: Kartana\n|\n|upkeep\n|turn|9\n|\n|t:|1667178956\n|switch|p2a: Landorus|Landorus-Therian, M|100\/100\n|-ability|p2a: Landorus|Intimidate|boost\n|-unboost|p1a: Magearna|atk|1\n|move|p1a: Magearna|Iron Head|p2a: Landorus\n|-damage|p2a: Landorus|80\/100\n|\n|-fieldend|move: Psychic Terrain\n|upkeep\n|turn|10\n|\n|t:|1667178962\n|switch|p1a: Landorus|Landorus-Therian, M|84\/100\n|-ability|p1a: Landorus|Intimidate|boost\n|-unboost|p2a: Landorus|atk|1\n|move|p2a: Landorus|U-turn|p1a: Landorus\n|-resisted|p1a: Landorus\n|-damage|p1a: Landorus|74\/100\n|\n|t:|1667178967\n|switch|p2a: Kartana|Kartana|100\/100|[from]move: U-turn\n|\n|upkeep\n|turn|11\n|\n|t:|1667178974\n|move|p2a: Kartana|Swords Dance|p2a: Kartana\n|-boost|p2a: Kartana|atk|2\n|move|p1a: Landorus|U-turn|p2a: Kartana\n|-damage|p2a: Kartana|73\/100\n|\n|t:|1667178978\n|switch|p1a: Kartana|Kartana|100\/100|[from]move: U-turn\n|\n|upkeep\n|turn|12\n|\n|t:|1667178984\n|switch|p2a: Tangrowth|Tangrowth, M|91\/100\n|move|p1a: Kartana|Sacred Sword|p2a: Tangrowth\n|-damage|p2a: Tangrowth|66\/100\n|\n|upkeep\n|turn|13\n|\n|t:|1667178993\n|switch|p1a: Tapu Lele|Tapu Lele|57\/100\n|-fieldstart|move: Psychic Terrain|[from] ability: Psychic Surge|[of] p1a: Tapu Lele\n|switch|p2a: Landorus|Landorus-Therian, M|100\/100\n|\n|upkeep\n|turn|14\n|\n|t:|1667178999\n|-activate|p1a: Tapu Lele|move: Pursuit\n|move|p2a: Landorus|Pursuit|p1a: Tapu Lele|[from]Pursuit\n|-damage|p1a: Tapu Lele|0 fnt\n|faint|p1a: Tapu Lele\n|-hint|A Pokemon can't switch between when it runs out of HP and when it faints\n|\n|upkeep\n|\n|t:|1667179013\n|switch|p1a: Garchomp|Garchomp, F|100\/100\n|turn|15\n|inactive|Misterioussaint has 270 seconds left.\n|\n|t:|1667179067\n|switch|p2a: Landorus|Landorus-Therian, M|80\/100\n|-ability|p2a: Landorus|Intimidate|boost\n|-unboost|p1a: Garchomp|atk|1\n|detailschange|p1a: Garchomp|Garchomp-Mega, F\n|-mega|p1a: Garchomp|Garchomp|Garchompite\n|move|p1a: Garchomp|Stealth Rock|p2a: Landorus\n|-sidestart|p2: Misterioussaint|move: Stealth Rock\n|\n|upkeep\n|turn|16\n|\n|t:|1667179075\n|move|p2a: Landorus|Defog|p1a: Garchomp\n|-unboost|p1a: Garchomp|evasion|1\n|-sideend|p2: Misterioussaint|Stealth Rock|[from] move: Defog|[of] p2a: Landorus\n|move|p1a: Garchomp|Fire Blast|p2a: Landorus\n|-damage|p2a: Landorus|39\/100\n|\n|upkeep\n|turn|17\n|\n|t:|1667179081\n|switch|p2a: Tangrowth|Tangrowth, M|99\/100\n|move|p1a: Garchomp|Stealth Rock|p2a: Tangrowth\n|-sidestart|p2: Misterioussaint|move: Stealth Rock\n|\n|-fieldend|move: Psychic Terrain\n|upkeep\n|turn|18\n|\n|t:|1667179084\n|switch|p1a: Magearna|Magearna|74\/100\n|move|p2a: Tangrowth|Giga Drain|p1a: Magearna\n|-resisted|p1a: Magearna\n|-damage|p1a: Magearna|66\/100\n|-heal|p2a: Tangrowth|100\/100|[from] drain|[of] p1a: Magearna\n|\n|upkeep\n|turn|19\n|\n|t:|1667179089\n|move|p1a: Magearna|Volt Switch|p2a: Tangrowth\n|-resisted|p2a: Tangrowth\n|-damage|p2a: Tangrowth|92\/100\n|\n|t:|1667179090\n|switch|p1a: Landorus|Landorus-Therian, M|74\/100|[from]move: Volt Switch\n|-ability|p1a: Landorus|Intimidate|boost\n|-unboost|p2a: Tangrowth|atk|1\n|move|p2a: Tangrowth|Earthquake|p1a: Landorus\n|-immune|p1a: Landorus\n|\n|upkeep\n|turn|20\n|\n|t:|1667179094\n|move|p1a: Landorus|U-turn|p2a: Tangrowth\n|-supereffective|p2a: Tangrowth\n|-damage|p2a: Tangrowth|61\/100\n|\n|t:|1667179095\n|switch|p1a: Magearna|Magearna|66\/100|[from]move: U-turn\n|move|p2a: Tangrowth|Hidden Power|p1a: Magearna\n|-supereffective|p1a: Magearna\n|-crit|p1a: Magearna\n|-damage|p1a: Magearna|40\/100\n|\n|upkeep\n|turn|21\n|\n|t:|1667179099\n|move|p1a: Magearna|Ice Beam|p2a: Tangrowth\n|-supereffective|p2a: Tangrowth\n|-damage|p2a: Tangrowth|24\/100\n|move|p2a: Tangrowth|Giga Drain|p1a: Magearna\n|-resisted|p1a: Magearna\n|-damage|p1a: Magearna|32\/100\n|-heal|p2a: Tangrowth|28\/100|[from] drain|[of] p1a: Magearna\n|\n|upkeep\n|turn|22\n|\n|t:|1667179105\n|switch|p2a: Magearna|Magearna|38\/100\n|-damage|p2a: Magearna|32\/100|[from] Stealth Rock\n|move|p1a: Magearna|Iron Head|p2a: Magearna\n|-damage|p2a: Magearna|12\/100\n|\n|upkeep\n|turn|23\n|\n|t:|1667179109\n|move|p2a: Magearna|Hidden Power|p1a: Magearna\n|-supereffective|p1a: Magearna\n|-damage|p1a: Magearna|9\/100\n|move|p1a: Magearna|Iron Head|p2a: Magearna\n|-damage|p2a: Magearna|0 fnt\n|faint|p2a: Magearna\n|-ability|p1a: Magearna|Soul-Heart|boost\n|-boost|p1a: Magearna|spa|1\n|\n|upkeep\n|\n|t:|1667179112\n|switch|p2a: Tyranitar|Tyranitar-Mega, M|100\/100\n|-damage|p2a: Tyranitar|88\/100|[from] Stealth Rock\n|turn|24\n|\n|t:|1667179116\n|move|p2a: Tyranitar|Pursuit|p1a: Magearna\n|-resisted|p1a: Magearna\n|-damage|p1a: Magearna|0 fnt\n|faint|p1a: Magearna\n|\n|upkeep\n|\n|t:|1667179118\n|switch|p1a: Kartana|Kartana|100\/100\n|turn|25\n|\n|t:|1667179125\n|switch|p2a: Tangrowth|Tangrowth, M|61\/100\n|-damage|p2a: Tangrowth|49\/100|[from] Stealth Rock\n|move|p1a: Kartana|Smart Strike|p2a: Tangrowth\n|-damage|p2a: Tangrowth|23\/100\n|\n|upkeep\n|turn|26\n|\n|t:|1667179127\n|switch|p2a: Kartana|Kartana|73\/100\n|-damage|p2a: Kartana|67\/100|[from] Stealth Rock\n|move|p1a: Kartana|Smart Strike|p2a: Kartana\n|-resisted|p2a: Kartana\n|-damage|p2a: Kartana|41\/100\n|\n|upkeep\n|turn|27\n|\n|t:|1667179134\n|move|p1a: Kartana|Smart Strike|p2a: Kartana\n|-resisted|p2a: Kartana\n|-damage|p2a: Kartana|16\/100\n|-zpower|p2a: Kartana\n|move|p2a: Kartana|Breakneck Blitz|p1a: Kartana|[zeffect]\n|-resisted|p1a: Kartana\n|-crit|p1a: Kartana\n|-damage|p1a: Kartana|29\/100\n|\n|upkeep\n|turn|28\n|\n|t:|1667179138\n|move|p1a: Kartana|Smart Strike|p2a: Kartana\n|-resisted|p2a: Kartana\n|-damage|p2a: Kartana|0 fnt\n|faint|p2a: Kartana\n|-ability|p1a: Kartana|Beast Boost|boost\n|-boost|p1a: Kartana|atk|1\n|\n|upkeep\n|\n|t:|1667179140\n|switch|p2a: Tyranitar|Tyranitar-Mega, M|88\/100\n|-damage|p2a: Tyranitar|76\/100|[from] Stealth Rock\n|turn|29\n|\n|t:|1667179143\n|move|p2a: Tyranitar|Sucker Punch|p1a: Kartana\n|-damage|p1a: Kartana|0 fnt\n|faint|p1a: Kartana\n|\n|upkeep\n|\n|t:|1667179149\n|switch|p1a: Garchomp|Garchomp-Mega, F|100\/100\n|turn|30\n|\n|t:|1667179154\n|switch|p2a: Landorus|Landorus-Therian, M|39\/100\n|-damage|p2a: Landorus|27\/100|[from] Stealth Rock\n|-ability|p2a: Landorus|Intimidate|boost\n|-unboost|p1a: Garchomp|atk|1\n|move|p1a: Garchomp|Fire Blast|p2a: Landorus\n|-damage|p2a: Landorus|0 fnt\n|faint|p2a: Landorus\n|\n|upkeep\n|\n|t:|1667179156\n|switch|p2a: Tangrowth|Tangrowth, M|56\/100\n|-damage|p2a: Tangrowth|43\/100|[from] Stealth Rock\n|turn|31\n|\n|t:|1667179158\n|move|p1a: Garchomp|Fire Blast|p2a: Tangrowth\n|-supereffective|p2a: Tangrowth\n|-damage|p2a: Tangrowth|4\/100\n|move|p2a: Tangrowth|Giga Drain|p1a: Garchomp\n|-damage|p1a: Garchomp|77\/100\n|-heal|p2a: Tangrowth|17\/100|[from] drain|[of] p1a: Garchomp\n|\n|upkeep\n|turn|32\n|\n|t:|1667179164\n|switch|p1a: Landorus|Landorus-Therian, M|74\/100\n|-ability|p1a: Landorus|Intimidate|boost\n|-unboost|p2a: Tangrowth|atk|1\n|switch|p2a: Tyranitar|Tyranitar-Mega, M|7\/100\n|-damage|p2a: Tyranitar|0 fnt|[from] Stealth Rock\n|faint|p2a: Tyranitar\n|\n|upkeep\n|\n|t:|1667179165\n|switch|p2a: Tangrowth|Tangrowth, M|76\/100\n|-damage|p2a: Tangrowth|64\/100|[from] Stealth Rock\n|turn|33\n|\n|t:|1667179181\n|move|p2a: Tangrowth|Sucker Punch|p1a: Landorus\n|-damage|p1a: Landorus|17\/100\n|move|p1a: Landorus|U-turn|p2a: Tangrowth\n|-supereffective|p2a: Tangrowth\n|-damage|p2a: Tangrowth|0 fnt\n|replace|p2a: Zoroark|Zoroark, F\n|-end|p2a: Zoroark|Illusion\n|faint|p2a: Zoroark\n|\n|t:|1667179185\n|switch|p1a: Garchomp|Garchomp-Mega, F|77\/100|[from]move: U-turn\n|\n|upkeep\n|\n|t:|1667179188\n|switch|p2a: Tangrowth|Tangrowth, M|50\/100\n|-damage|p2a: Tangrowth|37\/100|[from] Stealth Rock\n|turn|34\n|\n|t:|1667179195\n|move|p1a: Garchomp|Fire Blast|p2a: Tangrowth\n|-supereffective|p2a: Tangrowth\n|-damage|p2a: Tangrowth|1\/100\n|-status|p2a: Tangrowth|brn\n|move|p2a: Tangrowth|Giga Drain|p1a: Garchomp\n|-damage|p1a: Garchomp|54\/100\n|-heal|p2a: Tangrowth|13\/100 brn|[from] drain|[of] p1a: Garchomp\n|\n|-damage|p2a: Tangrowth|6\/100 brn|[from] brn\n|upkeep\n|turn|35\n|\n|t:|1667179199\n|move|p1a: Garchomp|Earthquake|p2a: Tangrowth\n|-resisted|p2a: Tangrowth\n|-damage|p2a: Tangrowth|0 fnt\n|faint|p2a: Tangrowth\n|\n|win|Lucians Call\n","uploadtime":1667179202,"views":16,"p1id":"lucianscall","p2id":"misterioussaint","formatid":"gen7ou","rating":0,"private":0,"password":null}