{"id":"gen7ou-831166248","p1":"CarlyBae","p2":"i only steal teams","format":"gen7ou","log":"|j|\u2606CarlyBae\n|j|\u2606i only steal teams\n|player|p1|CarlyBae|138\n|player|p2|i only steal teams|138\n|teamsize|p1|6\n|teamsize|p2|6\n|gametype|singles\n|gen|7\n|tier|[Gen 7] OU\n|rated|\n|rule|Sleep Clause Mod: Limit one foe put to sleep\n|rule|Species Clause: Limit one of each Pok\u00e9mon\n|rule|OHKO Clause: OHKO moves are banned\n|rule|Moody Clause: Moody is banned\n|rule|Evasion Moves Clause: Evasion moves are banned\n|rule|Endless Battle Clause: Forcing endless battles is banned\n|rule|HP Percentage Mod: HP is shown in percentages\n|clearpoke\n|poke|p1|Alakazam, M|item\n|poke|p1|Greninja, M|item\n|poke|p1|Magearna|item\n|poke|p1|Heatran, M|item\n|poke|p1|Tapu Bulu|item\n|poke|p1|Landorus-Therian, M|item\n|poke|p2|Greninja, M|item\n|poke|p2|Mawile, M|item\n|poke|p2|Rotom-Wash|item\n|poke|p2|Tornadus-Therian, M|item\n|poke|p2|Heatran, M|item\n|poke|p2|Tangrowth, M|item\n|teampreview\n|c|\u2606CarlyBae|\/log CarlyBae made this room hidden.\n|\n|start\n|switch|p1a: Alakazam|Alakazam, M|100\/100\n|switch|p2a: Rotom|Rotom-Wash|100\/100\n|turn|1\n|\n|detailschange|p1a: Alakazam|Alakazam-Mega, M\n|-mega|p1a: Alakazam|Alakazam|Alakazite\n|-ability|p1a: Alakazam|Levitate|[from] ability: Trace|[of] p2a: Rotom\n|move|p1a: Alakazam|Psychic|p2a: Rotom\n|-crit|p2a: Rotom\n|-damage|p2a: Rotom|8\/100\n|move|p2a: Rotom|Pain Split|p1a: Alakazam\n|-sethp|p1a: Alakazam|55\/100|p2a: Rotom|48\/100|[from] move: Pain Split\n|\n|-heal|p2a: Rotom|54\/100|[from] item: Leftovers\n|upkeep\n|turn|2\n|\n|switch|p2a: Heatran|Heatran, M|100\/100\n|move|p1a: Alakazam|Focus Blast|p2a: Heatran\n|-supereffective|p2a: Heatran\n|-damage|p2a: Heatran|0 fnt\n|faint|p2a: Heatran\n|\n|upkeep\n|\n|switch|p2a: Greninja|Greninja, M|100\/100\n|turn|3\n|\n|switch|p1a: Tapu Bulu|Tapu Bulu|100\/100\n|-fieldstart|move: Grassy Terrain|[from] ability: Grassy Surge|[of] p1a: Tapu Bulu\n|move|p2a: Greninja|Spikes|p1a: Tapu Bulu\n|-sidestart|p1: CarlyBae|Spikes\n|\n|upkeep\n|turn|4\n|\n|switch|p2a: Tornadus|Tornadus-Therian, M|100\/100\n|switch|p1a: Landorus|Landorus-Therian, M|100\/100\n|-ability|p1a: Landorus|Intimidate|boost\n|-unboost|p2a: Tornadus|atk|1\n|\n|upkeep\n|turn|5\n|\n|move|p1a: Landorus|Stone Edge|p2a: Tornadus\n|-supereffective|p2a: Tornadus\n|-damage|p2a: Tornadus|31\/100\n|move|p2a: Tornadus|Hurricane|p1a: Landorus|[miss]\n|-miss|p2a: Tornadus|p1a: Landorus\n|\n|upkeep\n|turn|6\n|\n|switch|p1a: Heatran|Heatran, M|100\/100\n|-damage|p1a: Heatran|88\/100|[from] Spikes\n|switch|p2a: Mawile|Mawile, M|100\/100\n|-ability|p2a: Mawile|Intimidate|boost\n|-unboost|p1a: Heatran|atk|1\n|\n|-heal|p1a: Heatran|94\/100|[from] item: Leftovers\n|-heal|p1a: Heatran|100\/100|[from] Grassy Terrain\n|upkeep\n|turn|7\n|\n|switch|p2a: Rotom|Rotom-Wash|54\/100\n|move|p1a: Heatran|Stealth Rock|p2a: Rotom\n|-sidestart|p2: i only steal teams|move: Stealth Rock\n|\n|-heal|p2a: Rotom|60\/100|[from] item: Leftovers\n|-fieldend|move: Grassy Terrain\n|upkeep\n|turn|8\n|\n|switch|p1a: Alakazam|Alakazam-Mega, M|55\/100\n|-damage|p1a: Alakazam|43\/100|[from] Spikes\n|-ability|p1a: Alakazam|Levitate|[from] ability: Trace|[of] p2a: Rotom\n|move|p2a: Rotom|Volt Switch|p1a: Alakazam\n|-damage|p1a: Alakazam|12\/100\n|\n|switch|p2a: Mawile|Mawile, M|100\/100\n|-damage|p2a: Mawile|95\/100|[from] Stealth Rock\n|-ability|p2a: Mawile|Intimidate|boost\n|-unboost|p1a: Alakazam|atk|1\n|\n|upkeep\n|turn|9\n|\n|switch|p1a: Heatran|Heatran, M|100\/100\n|-damage|p1a: Heatran|88\/100|[from] Spikes\n|detailschange|p2a: Mawile|Mawile-Mega, M\n|-mega|p2a: Mawile|Mawile|Mawilite\n|move|p2a: Mawile|Play Rough|p1a: Heatran\n|-resisted|p1a: Heatran\n|-damage|p1a: Heatran|71\/100\n|\n|-heal|p1a: Heatran|77\/100|[from] item: Leftovers\n|upkeep\n|turn|10\n|\n|switch|p2a: Rotom|Rotom-Wash|60\/100\n|-damage|p2a: Rotom|48\/100|[from] Stealth Rock\n|move|p1a: Heatran|Lava Plume|p2a: Rotom\n|-resisted|p2a: Rotom\n|-damage|p2a: Rotom|28\/100\n|\n|-heal|p1a: Heatran|84\/100|[from] item: Leftovers\n|-heal|p2a: Rotom|34\/100|[from] item: Leftovers\n|upkeep\n|turn|11\n|\n|move|p1a: Heatran|Protect|p1a: Heatran\n|-singleturn|p1a: Heatran|Protect\n|move|p2a: Rotom|Pain Split|p1a: Heatran\n|-activate|p1a: Heatran|move: Protect\n|\n|-heal|p1a: Heatran|90\/100|[from] item: Leftovers\n|-heal|p2a: Rotom|41\/100|[from] item: Leftovers\n|upkeep\n|turn|12\n|\n|switch|p1a: Tapu Bulu|Tapu Bulu|100\/100\n|-damage|p1a: Tapu Bulu|88\/100|[from] Spikes\n|-fieldstart|move: Grassy Terrain|[from] ability: Grassy Surge|[of] p1a: Tapu Bulu\n|move|p2a: Rotom|Pain Split|p1a: Tapu Bulu\n|-sethp|p1a: Tapu Bulu|62\/100|p2a: Rotom|70\/100|[from] move: Pain Split\n|\n|-heal|p2a: Rotom|76\/100|[from] item: Leftovers\n|-heal|p1a: Tapu Bulu|68\/100|[from] item: Leftovers\n|-heal|p1a: Tapu Bulu|74\/100|[from] Grassy Terrain\n|upkeep\n|turn|13\n|\n|move|p2a: Rotom|Volt Switch|p1a: Tapu Bulu\n|-resisted|p1a: Tapu Bulu\n|-damage|p1a: Tapu Bulu|65\/100\n|\n|switch|p2a: Tangrowth|Tangrowth, M|100\/100\n|-damage|p2a: Tangrowth|88\/100|[from] Stealth Rock\n|move|p1a: Tapu Bulu|Horn Leech|p2a: Tangrowth\n|-resisted|p2a: Tangrowth\n|-damage|p2a: Tangrowth|70\/100\n|-heal|p1a: Tapu Bulu|75\/100|[from] drain|[of] p2a: Tangrowth\n|\n|-heal|p1a: Tapu Bulu|81\/100|[from] item: Leftovers\n|-heal|p1a: Tapu Bulu|87\/100|[from] Grassy Terrain\n|-heal|p2a: Tangrowth|76\/100|[from] Grassy Terrain\n|upkeep\n|turn|14\n|\n|switch|p1a: Heatran|Heatran, M|90\/100\n|-damage|p1a: Heatran|77\/100|[from] Spikes\n|move|p2a: Tangrowth|Knock Off|p1a: Heatran\n|-damage|p1a: Heatran|58\/100\n|-enditem|p1a: Heatran|Leftovers|[from] move: Knock Off|[of] p2a: Tangrowth\n|\n|-heal|p1a: Heatran|64\/100|[from] Grassy Terrain\n|-heal|p2a: Tangrowth|83\/100|[from] Grassy Terrain\n|upkeep\n|turn|15\n|\n|switch|p2a: Rotom|Rotom-Wash|76\/100\n|-damage|p2a: Rotom|64\/100|[from] Stealth Rock\n|move|p1a: Heatran|Lava Plume|p2a: Rotom\n|-resisted|p2a: Rotom\n|-damage|p2a: Rotom|45\/100\n|-status|p2a: Rotom|brn\n|\n|-heal|p1a: Heatran|70\/100|[from] Grassy Terrain\n|-heal|p2a: Rotom|51\/100 brn|[from] item: Leftovers\n|-damage|p2a: Rotom|45\/100 brn|[from] brn\n|upkeep\n|turn|16\n|\n|move|p1a: Heatran|Protect|p1a: Heatran\n|-singleturn|p1a: Heatran|Protect\n|move|p2a: Rotom|Pain Split|p1a: Heatran\n|-activate|p1a: Heatran|move: Protect\n|\n|-heal|p1a: Heatran|77\/100|[from] Grassy Terrain\n|-heal|p2a: Rotom|51\/100 brn|[from] item: Leftovers\n|-fieldend|move: Grassy Terrain\n|-damage|p2a: Rotom|45\/100 brn|[from] brn\n|upkeep\n|turn|17\n|\n|move|p1a: Heatran|Lava Plume|p2a: Rotom\n|-resisted|p2a: Rotom\n|-damage|p2a: Rotom|25\/100 brn\n|move|p2a: Rotom|Will-O-Wisp|p1a: Heatran\n|-start|p1a: Heatran|ability: Flash Fire\n|\n|-heal|p2a: Rotom|32\/100 brn|[from] item: Leftovers\n|-damage|p2a: Rotom|25\/100 brn|[from] brn\n|upkeep\n|turn|18\n|\n|move|p1a: Heatran|Lava Plume|p2a: Rotom\n|-resisted|p2a: Rotom\n|-damage|p2a: Rotom|0 fnt\n|faint|p2a: Rotom\n|\n|upkeep\n|\n|switch|p2a: Greninja|Greninja, M|100\/100\n|-damage|p2a: Greninja|88\/100|[from] Stealth Rock\n|turn|19\n|\n|move|p1a: Heatran|Protect|p1a: Heatran\n|-singleturn|p1a: Heatran|Protect\n|move|p2a: Greninja|Hydro Pump|p1a: Heatran\n|-activate|p1a: Heatran|move: Protect\n|\n|upkeep\n|turn|20\n|\n|switch|p2a: Tornadus|Tornadus-Therian, M|64\/100\n|-damage|p2a: Tornadus|39\/100|[from] Stealth Rock\n|-end|p1a: Heatran|ability: Flash Fire|[silent]\n|switch|p1a: Tapu Bulu|Tapu Bulu|87\/100\n|-damage|p1a: Tapu Bulu|75\/100|[from] Spikes\n|-fieldstart|move: Grassy Terrain|[from] ability: Grassy Surge|[of] p1a: Tapu Bulu\n|\n|-heal|p1a: Tapu Bulu|81\/100|[from] item: Leftovers\n|-heal|p1a: Tapu Bulu|87\/100|[from] Grassy Terrain\n|upkeep\n|turn|21\n|\n|switch|p1a: Greninja|Greninja, M|100\/100\n|-damage|p1a: Greninja|88\/100|[from] Spikes\n|move|p2a: Tornadus|Hurricane|p1a: Greninja\n|-damage|p1a: Greninja|11\/100\n|\n|-heal|p1a: Greninja|17\/100|[from] Grassy Terrain\n|upkeep\n|turn|22\n|\n|switch|p2a: Tangrowth|Tangrowth, M|100\/100\n|-damage|p2a: Tangrowth|88\/100|[from] Stealth Rock\n|move|p1a: Greninja|Low Kick|p2a: Tangrowth\n|-start|p1a: Greninja|typechange|Fighting|[from] Protean\n|-damage|p2a: Tangrowth|61\/100\n|\n|-heal|p1a: Greninja|23\/100|[from] Grassy Terrain\n|-heal|p2a: Tangrowth|67\/100|[from] Grassy Terrain\n|upkeep\n|turn|23\n|\n|move|p1a: Greninja|Gunk Shot|p2a: Tangrowth\n|-start|p1a: Greninja|typechange|Poison|[from] Protean\n|-supereffective|p2a: Tangrowth\n|-damage|p2a: Tangrowth|0 fnt\n|faint|p2a: Tangrowth\n|\n|-heal|p1a: Greninja|29\/100|[from] Grassy Terrain\n|upkeep\n|\n|switch|p2a: Greninja|Greninja, M|88\/100\n|-damage|p2a: Greninja|76\/100|[from] Stealth Rock\n|turn|24\n|\n|switch|p1a: Tapu Bulu|Tapu Bulu|87\/100\n|-damage|p1a: Tapu Bulu|75\/100|[from] Spikes\n|move|p2a: Greninja|Hydro Pump|p1a: Tapu Bulu\n|-resisted|p1a: Tapu Bulu\n|-damage|p1a: Tapu Bulu|43\/100\n|\n|-heal|p2a: Greninja|82\/100|[from] Grassy Terrain\n|-heal|p1a: Tapu Bulu|49\/100|[from] item: Leftovers\n|-heal|p1a: Tapu Bulu|55\/100|[from] Grassy Terrain\n|-fieldend|move: Grassy Terrain\n|upkeep\n|turn|25\n|\n|switch|p2a: Mawile|Mawile-Mega, M|95\/100\n|-damage|p2a: Mawile|89\/100|[from] Stealth Rock\n|move|p1a: Tapu Bulu|Horn Leech|p2a: Mawile\n|-resisted|p2a: Mawile\n|-damage|p2a: Mawile|73\/100\n|-heal|p1a: Tapu Bulu|62\/100|[from] drain|[of] p2a: Mawile\n|\n|-heal|p1a: Tapu Bulu|68\/100|[from] item: Leftovers\n|upkeep\n|turn|26\n|\n|switch|p1a: Greninja|Greninja, M|29\/100\n|-damage|p1a: Greninja|17\/100|[from] Spikes\n|move|p2a: Mawile|Swords Dance|p2a: Mawile\n|-boost|p2a: Mawile|atk|2\n|\n|upkeep\n|turn|27\n|\n|move|p2a: Mawile|Sucker Punch||[still]\n|-fail|p2a: Mawile\n|move|p1a: Greninja|Spikes|p2a: Mawile\n|-start|p1a: Greninja|typechange|Ground|[from] Protean\n|-sidestart|p2: i only steal teams|Spikes\n|\n|upkeep\n|turn|28\n|\n|move|p2a: Mawile|Sucker Punch||[still]\n|-fail|p2a: Mawile\n|move|p1a: Greninja|Spikes|p2a: Mawile\n|-sidestart|p2: i only steal teams|Spikes\n|\n|upkeep\n|turn|29\n|\n|move|p1a: Greninja|Spikes|p2a: Mawile\n|-sidestart|p2: i only steal teams|Spikes\n|move|p2a: Mawile|Thunder Punch|p1a: Greninja\n|-immune|p1a: Greninja|[msg]\n|\n|upkeep\n|turn|30\n|\n|move|p2a: Mawile|Sucker Punch||[still]\n|-fail|p2a: Mawile\n|move|p1a: Greninja|Spikes||[still]\n|-fail|p1a: Greninja\n|\n|upkeep\n|turn|31\n|\n|move|p1a: Greninja|Low Kick|p2a: Mawile\n|-start|p1a: Greninja|typechange|Fighting|[from] Protean\n|-damage|p2a: Mawile|57\/100\n|move|p2a: Mawile|Play Rough|p1a: Greninja\n|-supereffective|p1a: Greninja\n|-damage|p1a: Greninja|0 fnt\n|faint|p1a: Greninja\n|\n|upkeep\n|inactive|Battle timer is ON: inactive players will automatically lose when time's up. (requested by i only steal teams)\n|\n|switch|p1a: Landorus|Landorus-Therian, M|100\/100\n|-ability|p1a: Landorus|Intimidate|boost\n|-unboost|p2a: Mawile|atk|1\n|turn|32\n|\n|move|p2a: Mawile|Sucker Punch|p1a: Landorus\n|-damage|p1a: Landorus|49\/100\n|move|p1a: Landorus|U-turn|p2a: Mawile\n|-resisted|p2a: Mawile\n|-damage|p2a: Mawile|52\/100\n|\n|switch|p1a: Alakazam|Alakazam-Mega, M|12\/100\n|-damage|p1a: Alakazam|0 fnt|[from] Spikes\n|faint|p1a: Alakazam\n|\n|upkeep\n|\n|switch|p1a: Landorus|Landorus-Therian, M|49\/100\n|-ability|p1a: Landorus|Intimidate|boost\n|-unboost|p2a: Mawile|atk|1\n|turn|33\n|\n|switch|p2a: Tornadus|Tornadus-Therian, M|72\/100\n|-damage|p2a: Tornadus|47\/100|[from] Stealth Rock\n|move|p1a: Landorus|Earthquake|p2a: Tornadus\n|-immune|p2a: Tornadus|[msg]\n|\n|upkeep\n|turn|34\n|\n|switch|p1a: Magearna|Magearna|100\/100\n|-damage|p1a: Magearna|88\/100|[from] Spikes\n|move|p2a: Tornadus|Defog|p1a: Magearna\n|-unboost|p1a: Magearna|evasion|1\n|-sideend|p1: CarlyBae|Spikes|[from] move: Defog|[of] p1a: Magearna\n|-sideend|p2: i only steal teams|Spikes|[from] move: Defog|[of] p2a: Tornadus\n|-sideend|p2: i only steal teams|Stealth Rock|[from] move: Defog|[of] p2a: Tornadus\n|\n|upkeep\n|turn|35\n|\n|move|p2a: Tornadus|U-turn|p1a: Magearna\n|-resisted|p1a: Magearna\n|-damage|p1a: Magearna|85\/100\n|\n|switch|p2a: Mawile|Mawile-Mega, M|52\/100\n|move|p1a: Magearna|Shift Gear|p1a: Magearna\n|-boost|p1a: Magearna|spe|2\n|-boost|p1a: Magearna|atk|1\n|\n|upkeep\n|turn|36\n|\n|-zpower|p1a: Magearna\n|move|p1a: Magearna|Twinkle Tackle|p2a: Mawile|[zeffect]\n|-resisted|p2a: Mawile\n|-damage|p2a: Mawile|0 fnt\n|faint|p2a: Mawile\n|-ability|p1a: Magearna|Soul-Heart|boost\n|-boost|p1a: Magearna|spa|1\n|\n|upkeep\n|\n|switch|p2a: Greninja|Greninja, M|82\/100\n|turn|37\n|\n|move|p2a: Greninja|Water Shuriken|p1a: Magearna\n|-damage|p1a: Magearna|76\/100\n|-damage|p1a: Magearna|67\/100\n|-damage|p1a: Magearna|57\/100\n|-hitcount|p1a: Magearna|3\n|move|p1a: Magearna|Fleur Cannon|p2a: Greninja|[miss]\n|-miss|p1a: Magearna|p2a: Greninja\n|\n|upkeep\n|turn|38\n|c|\u2606i only steal teams|i was multi tasking just to let ou know\n|l|\u2606i only steal teams\n|inactive|i only steal teams disconnected and has a minute to reconnect!\n|player|p2|\n|inactive|i only steal teams has 60 seconds to reconnect!\n|inactive|i only steal teams has 30 seconds to reconnect!\n|inactive|i only steal teams has 20 seconds to reconnect!\n|inactive|i only steal teams has 15 seconds to reconnect!\n|inactive|i only steal teams has 10 seconds to reconnect!\n|inactive|i only steal teams has 5 seconds to reconnect!\n|-message|i only steal teams lost due to inactivity.\n|\n|win|CarlyBae\n|raw|CarlyBae's rating: 1608 &rarr; <strong>1628<\/strong><br \/>(+20 for winning)\n|raw|i only steal teams's rating: 1453 &rarr; <strong>1441<\/strong><br \/>(-12 for losing)\n|c|\u2606CarlyBae|\/log CarlyBae made this room public.\n","uploadtime":1541468910,"views":109,"p1id":"carlybae","p2id":"ionlystealteams","formatid":"gen7ou","rating":1441,"private":0,"password":null}