{"id":"gen7randombattle-845927362","p1":"wolfwarrior","p2":"12-volt","format":"gen7randombattle","log":"|j|\u2606wolfwarrior\n|j|\u260612-volt\n|player|p1|wolfwarrior|162\n|player|p2|12-volt|130\n|teamsize|p1|6\n|teamsize|p2|6\n|gametype|singles\n|gen|7\n|tier|[Gen 7] Random Battle\n|rated|\n|seed|27071,48151,61057,43664\n|rule|Sleep Clause Mod: Limit one foe put to sleep\n|rule|HP Percentage Mod: HP is shown in percentages\n|\n|start\n|switch|p1a: Crawdaunt|Crawdaunt, L77, F|224\/224\n|switch|p2a: Tropius|Tropius, L83, M|300\/300\n|turn|1\n|\n|switch|p1a: Sigilyph|Sigilyph, L81, M|249\/249\n|move|p2a: Tropius|Giga Drain|p1a: Sigilyph\n|-resisted|p1a: Sigilyph\n|-crit|p1a: Sigilyph\n|-damage|p1a: Sigilyph|193\/249\n|\n|-status|p1a: Sigilyph|brn|[from] item: Flame Orb\n|upkeep\n|turn|2\n|inactive|Battle timer is ON: inactive players will automatically lose when time's up. (requested by wolfwarrior)\n|\n|switch|p2a: Raichu|Raichu, L83, M|235\/235\n|move|p1a: Sigilyph|Cosmic Power|p1a: Sigilyph\n|-boost|p1a: Sigilyph|def|1\n|-boost|p1a: Sigilyph|spd|1\n|\n|upkeep\n|turn|3\n|\n|switch|p1a: Trevenant|Trevenant, L83, M|277\/277\n|move|p2a: Raichu|Nasty Plot|p2a: Raichu\n|-boost|p2a: Raichu|spa|2\n|\n|upkeep\n|turn|4\n|\n|switch|p2a: Venomoth|Venomoth, L78, F|237\/237\n|move|p1a: Trevenant|Horn Leech|p2a: Venomoth\n|-resisted|p2a: Venomoth\n|-damage|p2a: Venomoth|209\/237\n|\n|-heal|p2a: Venomoth|223\/237|[from] item: Black Sludge\n|upkeep\n|turn|5\n|\n|switch|p1a: Tyranitar|Tyranitar, L75, M|274\/274\n|-weather|Sandstorm|[from] ability: Sand Stream|[of] p1a: Tyranitar\n|move|p2a: Venomoth|Quiver Dance|p2a: Venomoth\n|-boost|p2a: Venomoth|spa|1\n|-boost|p2a: Venomoth|spd|1\n|-boost|p2a: Venomoth|spe|1\n|\n|-weather|Sandstorm|[upkeep]\n|-damage|p2a: Venomoth|209\/237|[from] Sandstorm\n|-heal|p2a: Venomoth|223\/237|[from] item: Black Sludge\n|upkeep\n|turn|6\n|\n|move|p2a: Venomoth|Sleep Powder|p1a: Tyranitar\n|-status|p1a: Tyranitar|slp\n|cant|p1a: Tyranitar|slp\n|\n|-weather|Sandstorm|[upkeep]\n|-damage|p2a: Venomoth|209\/237|[from] Sandstorm\n|-heal|p2a: Venomoth|223\/237|[from] item: Black Sludge\n|upkeep\n|turn|7\n|\n|move|p2a: Venomoth|Bug Buzz|p1a: Tyranitar\n|-supereffective|p1a: Tyranitar\n|-damage|p1a: Tyranitar|166\/274 slp\n|cant|p1a: Tyranitar|slp\n|\n|-weather|Sandstorm|[upkeep]\n|-damage|p2a: Venomoth|209\/237|[from] Sandstorm\n|-heal|p2a: Venomoth|223\/237|[from] item: Black Sludge\n|upkeep\n|turn|8\n|\n|move|p2a: Venomoth|Bug Buzz|p1a: Tyranitar\n|-supereffective|p1a: Tyranitar\n|-damage|p1a: Tyranitar|68\/274 slp\n|-unboost|p1a: Tyranitar|spd|1\n|cant|p1a: Tyranitar|slp\n|\n|-weather|Sandstorm|[upkeep]\n|-damage|p2a: Venomoth|209\/237|[from] Sandstorm\n|-heal|p2a: Venomoth|223\/237|[from] item: Black Sludge\n|upkeep\n|turn|9\n|\n|switch|p1a: Trevenant|Trevenant, L83, M|277\/277\n|move|p2a: Venomoth|Bug Buzz|p1a: Trevenant\n|-damage|p1a: Trevenant|154\/277\n|\n|-weather|none\n|-heal|p2a: Venomoth|237\/237|[from] item: Black Sludge\n|-heal|p1a: Trevenant|171\/277|[from] item: Leftovers\n|upkeep\n|turn|10\n|\n|move|p2a: Venomoth|Sludge Bomb|p1a: Trevenant\n|-damage|p1a: Trevenant|56\/277\n|move|p1a: Trevenant|Phantom Force||[still]\n|-prepare|p1a: Trevenant|Phantom Force|p2a: Venomoth\n|\n|-heal|p1a: Trevenant|73\/277|[from] item: Leftovers\n|upkeep\n|turn|11\n|\n|move|p2a: Venomoth|Quiver Dance|p2a: Venomoth\n|-boost|p2a: Venomoth|spa|1\n|-boost|p2a: Venomoth|spd|1\n|-boost|p2a: Venomoth|spe|1\n|move|p1a: Trevenant|Phantom Force|p2a: Venomoth|[from]lockedmove\n|-damage|p2a: Venomoth|87\/237\n|\n|-heal|p2a: Venomoth|101\/237|[from] item: Black Sludge\n|-heal|p1a: Trevenant|90\/277|[from] item: Leftovers\n|upkeep\n|turn|12\n|\n|move|p2a: Venomoth|Sludge Bomb|p1a: Trevenant\n|-damage|p1a: Trevenant|0 fnt\n|faint|p1a: Trevenant\n|\n|-heal|p2a: Venomoth|115\/237|[from] item: Black Sludge\n|upkeep\n|\n|switch|p1a: Crawdaunt|Crawdaunt, L77, F|224\/224\n|turn|13\n|\n|move|p2a: Venomoth|Bug Buzz|p1a: Crawdaunt\n|-supereffective|p1a: Crawdaunt\n|-enditem|p1a: Crawdaunt|Focus Sash\n|-damage|p1a: Crawdaunt|1\/224\n|move|p1a: Crawdaunt|Swords Dance|p1a: Crawdaunt\n|-boost|p1a: Crawdaunt|atk|2\n|\n|-heal|p2a: Venomoth|129\/237|[from] item: Black Sludge\n|upkeep\n|turn|14\n|\n|move|p1a: Crawdaunt|Aqua Jet|p2a: Venomoth\n|-damage|p2a: Venomoth|0 fnt\n|faint|p2a: Venomoth\n|\n|upkeep\n|\n|switch|p2a: Dedenne|Dedenne, L83, F|247\/247\n|turn|15\n|\n|move|p1a: Crawdaunt|Aqua Jet|p2a: Dedenne\n|-damage|p2a: Dedenne|79\/247\n|move|p2a: Dedenne|Thunderbolt|p1a: Crawdaunt\n|-supereffective|p1a: Crawdaunt\n|-crit|p1a: Crawdaunt\n|-damage|p1a: Crawdaunt|0 fnt\n|faint|p1a: Crawdaunt\n|\n|upkeep\n|\n|switch|p1a: Sunflora|Sunflora, L83, F|260\/260\n|turn|16\n|\n|move|p2a: Dedenne|Substitute|p2a: Dedenne\n|-start|p2a: Dedenne|Substitute\n|-damage|p2a: Dedenne|18\/247\n|-enditem|p2a: Dedenne|Petaya Berry|[eat]\n|-boost|p2a: Dedenne|spa|1\n|-heal|p2a: Dedenne|100\/247|[from] ability: Cheek Pouch\n|move|p1a: Sunflora|Sunny Day|p1a: Sunflora\n|-weather|SunnyDay\n|\n|-weather|SunnyDay|[upkeep]\n|upkeep\n|turn|17\n|\n|move|p2a: Dedenne|Toxic|p1a: Sunflora|[miss]\n|-miss|p2a: Dedenne|p1a: Sunflora\n|move|p1a: Sunflora|Earth Power|p2a: Dedenne\n|-supereffective|p2a: Dedenne\n|-end|p2a: Dedenne|Substitute\n|-damage|p1a: Sunflora|234\/260|[from] item: Life Orb\n|\n|-weather|SunnyDay|[upkeep]\n|upkeep\n|turn|18\n|\n|move|p2a: Dedenne|Hidden Power|p1a: Sunflora\n|-supereffective|p1a: Sunflora\n|-damage|p1a: Sunflora|126\/260\n|move|p1a: Sunflora|Solar Beam||[still]\n|-prepare|p1a: Sunflora|Solar Beam|p2a: Dedenne\n|-anim|p1a: Sunflora|Solar Beam|p2a: Dedenne\n|-damage|p2a: Dedenne|0 fnt\n|-damage|p1a: Sunflora|100\/260|[from] item: Life Orb\n|faint|p2a: Dedenne\n|\n|-weather|SunnyDay|[upkeep]\n|upkeep\n|\n|switch|p2a: Farfetch'd|Farfetch'd, L83, M|222\/222\n|turn|19\n|\n|move|p1a: Sunflora|Hidden Power|p2a: Farfetch'd\n|-damage|p2a: Farfetch'd|113\/222\n|-damage|p1a: Sunflora|74\/260|[from] item: Life Orb\n|move|p2a: Farfetch'd|Return|p1a: Sunflora\n|-damage|p1a: Sunflora|0 fnt\n|faint|p1a: Sunflora\n|\n|-weather|SunnyDay|[upkeep]\n|upkeep\n|\n|switch|p1a: Latias|Latias, L76, F|247\/247\n|turn|20\n|c|\u2606wolfwarrior|!stats farfetched\nNo Pok\u00e9mon, item, move, ability or nature named 'farfetched' was found. Showing the data of 'Farfetch'd' instead.\n|raw|<div class=\"message\"><ul class=\"utilichart\"><li class=\"result\"><span class=\"col numcol\">(PU)<\/span> <span class=\"col iconcol\"><psicon pokemon=\"farfetchd\"\/><\/span> <span class=\"col pokemonnamecol\" style=\"white-space:nowrap\"><a href=\"https:\/\/pokemonshowdown.com\/dex\/pokemon\/farfetchd\" target=\"_blank\">Farfetch'd<\/a><\/span> <span class=\"col typecol\"><img src=\"https:\/\/play.pokemonshowdown.com\/sprites\/types\/Normal.png\" alt=\"Normal\" height=\"14\" width=\"32\"><img src=\"https:\/\/play.pokemonshowdown.com\/sprites\/types\/Flying.png\" alt=\"Flying\" height=\"14\" width=\"32\"><\/span> <span style=\"float:left;min-height:26px\"><span class=\"col twoabilitycol\">Keen Eye<br \/>Inner Focus<\/span><span class=\"col abilitycol\"><em>Defiant<\/em><\/span><\/span><span style=\"float:left;min-height:26px\"><span class=\"col statcol\"><em>HP<\/em><br \/>52<\/span> <span class=\"col statcol\"><em>Atk<\/em><br \/>90<\/span> <span class=\"col statcol\"><em>Def<\/em><br \/>55<\/span> <span class=\"col statcol\"><em>SpA<\/em><br \/>58<\/span> <span class=\"col statcol\"><em>SpD<\/em><br \/>62<\/span> <span class=\"col statcol\"><em>Spe<\/em><br \/>60<\/span> <span class=\"col bstcol\"><em>BST<br \/>377<\/em><\/span> <\/span><\/li><li style=\"clear:both\"><\/li><\/ul><\/div>\n\n|\n|detailschange|p1a: Latias|Latias-Mega, L76, F\n|-mega|p1a: Latias|Latias|Latiasite\n|move|p1a: Latias|Dragon Pulse|p2a: Farfetch'd\n|-damage|p2a: Farfetch'd|0 fnt\n|faint|p2a: Farfetch'd\n|\n|-weather|none\n|upkeep\n|\n|switch|p2a: Wishiwashi|Wishiwashi, L83, F|210\/210\n|-formechange|p2a: Wishiwashi|Wishiwashi-School||[from] ability: Schooling\n|turn|21\n|c|\u2606wolfwarrior|!stats wishiwashi\n|raw|<div class=\"message\"><ul class=\"utilichart\"><li class=\"result\"><span class=\"col numcol\">(PU)<\/span> <span class=\"col iconcol\"><psicon pokemon=\"wishiwashi\"\/><\/span> <span class=\"col pokemonnamecol\" style=\"white-space:nowrap\"><a href=\"https:\/\/pokemonshowdown.com\/dex\/pokemon\/wishiwashi\" target=\"_blank\">Wishiwashi<\/a><\/span> <span class=\"col typecol\"><img src=\"https:\/\/play.pokemonshowdown.com\/sprites\/types\/Water.png\" alt=\"Water\" height=\"14\" width=\"32\"><\/span> <span style=\"float:left;min-height:26px\"><span class=\"col abilitycol\">Schooling<\/span><span class=\"col abilitycol\"><\/span><\/span><span style=\"float:left;min-height:26px\"><span class=\"col statcol\"><em>HP<\/em><br \/>45<\/span> <span class=\"col statcol\"><em>Atk<\/em><br \/>20<\/span> <span class=\"col statcol\"><em>Def<\/em><br \/>20<\/span> <span class=\"col statcol\"><em>SpA<\/em><br \/>25<\/span> <span class=\"col statcol\"><em>SpD<\/em><br \/>25<\/span> <span class=\"col statcol\"><em>Spe<\/em><br \/>40<\/span> <span class=\"col bstcol\"><em>BST<br \/>175<\/em><\/span> <\/span><\/li><li style=\"clear:both\"><\/li><\/ul><\/div>\n\n|c|\u2606wolfwarrior|!stats wishiwashi schooling\nNo Pok\u00e9mon, item, move, ability or nature named 'wishiwashi schooling' was found. Showing the data of 'Wishiwashi-School' instead.\n|raw|<div class=\"message\"><ul class=\"utilichart\"><li class=\"result\"><span class=\"col numcol\">(PU)<\/span> <span class=\"col iconcol\"><psicon pokemon=\"wishiwashischool\"\/><\/span> <span class=\"col pokemonnamecol\" style=\"white-space:nowrap\"><a href=\"https:\/\/pokemonshowdown.com\/dex\/pokemon\/wishiwashischool\" target=\"_blank\">Wishiwashi-School<\/a><\/span> <span class=\"col typecol\"><img src=\"https:\/\/play.pokemonshowdown.com\/sprites\/types\/Water.png\" alt=\"Water\" height=\"14\" width=\"32\"><\/span> <span style=\"float:left;min-height:26px\"><span class=\"col abilitycol\">Schooling<\/span><span class=\"col abilitycol\"><\/span><\/span><span style=\"float:left;min-height:26px\"><span class=\"col statcol\"><em>HP<\/em><br \/>45<\/span> <span class=\"col statcol\"><em>Atk<\/em><br \/>140<\/span> <span class=\"col statcol\"><em>Def<\/em><br \/>130<\/span> <span class=\"col statcol\"><em>SpA<\/em><br \/>140<\/span> <span class=\"col statcol\"><em>SpD<\/em><br \/>135<\/span> <span class=\"col statcol\"><em>Spe<\/em><br \/>30<\/span> <span class=\"col bstcol\"><em>BST<br \/>620<\/em><\/span> <\/span><\/li><li style=\"clear:both\"><\/li><\/ul><\/div>\n\n|inactive|wolfwarrior has 120 seconds left.\n|\n|switch|p1a: Tyranitar|Tyranitar, L75, M|68\/274 slp\n|-weather|Sandstorm|[from] ability: Sand Stream|[of] p1a: Tyranitar\n|move|p2a: Wishiwashi|Ice Beam|p1a: Tyranitar\n|-damage|p1a: Tyranitar|30\/274 slp\n|\n|-weather|Sandstorm|[upkeep]\n|-damage|p2a: Wishiwashi|197\/210|[from] Sandstorm\n|upkeep\n|turn|22\n|\n|-curestatus|p1a: Tyranitar|slp|[msg]\n|move|p1a: Tyranitar|Stone Edge|p2a: Wishiwashi\n|-damage|p2a: Wishiwashi|109\/210\n|move|p2a: Wishiwashi|Scald|p1a: Tyranitar\n|-supereffective|p1a: Tyranitar\n|-damage|p1a: Tyranitar|0 fnt\n|faint|p1a: Tyranitar\n|\n|-weather|Sandstorm|[upkeep]\n|-damage|p2a: Wishiwashi|96\/210|[from] Sandstorm\n|upkeep\n|\n|switch|p1a: Sigilyph|Sigilyph, L81, M|193\/249 brn\n|turn|23\n|\n|move|p1a: Sigilyph|Cosmic Power|p1a: Sigilyph\n|-boost|p1a: Sigilyph|def|1\n|-boost|p1a: Sigilyph|spd|1\n|move|p2a: Wishiwashi|Ice Beam|p1a: Sigilyph\n|-supereffective|p1a: Sigilyph\n|-damage|p1a: Sigilyph|37\/249 brn\n|\n|-weather|Sandstorm|[upkeep]\n|-damage|p2a: Wishiwashi|83\/210|[from] Sandstorm\n|upkeep\n|turn|24\n|\n|move|p1a: Sigilyph|Roost|p1a: Sigilyph\n|-heal|p1a: Sigilyph|162\/249 brn\n|move|p2a: Wishiwashi|Ice Beam|p1a: Sigilyph\n|-damage|p1a: Sigilyph|97\/249 brn\n|\n|-weather|Sandstorm|[upkeep]\n|-damage|p2a: Wishiwashi|70\/210|[from] Sandstorm\n|upkeep\n|turn|25\n|\n|move|p1a: Sigilyph|Roost|p1a: Sigilyph\n|-heal|p1a: Sigilyph|222\/249 brn\n|move|p2a: Wishiwashi|Ice Beam|p1a: Sigilyph\n|-damage|p1a: Sigilyph|155\/249 brn\n|\n|-weather|none\n|upkeep\n|turn|26\n|\n|switch|p2a: Raichu|Raichu, L83, M|235\/235\n|move|p1a: Sigilyph|Roost|p1a: Sigilyph\n|-heal|p1a: Sigilyph|249\/249 brn\n|\n|upkeep\n|turn|27\n|\n|switch|p1a: Latias|Latias-Mega, L76, F|247\/247\n|move|p2a: Raichu|Nasty Plot|p2a: Raichu\n|-boost|p2a: Raichu|spa|2\n|\n|upkeep\n|turn|28\n|c|\u2606wolfwarrior|!stats raichu\n|raw|<div class=\"message\"><ul class=\"utilichart\"><li class=\"result\"><span class=\"col numcol\">(PU)<\/span> <span class=\"col iconcol\"><psicon pokemon=\"raichu\"\/><\/span> <span class=\"col pokemonnamecol\" style=\"white-space:nowrap\"><a href=\"https:\/\/pokemonshowdown.com\/dex\/pokemon\/raichu\" target=\"_blank\">Raichu<\/a><\/span> <span class=\"col typecol\"><img src=\"https:\/\/play.pokemonshowdown.com\/sprites\/types\/Electric.png\" alt=\"Electric\" height=\"14\" width=\"32\"><\/span> <span style=\"float:left;min-height:26px\"><span class=\"col abilitycol\">Static<\/span><span class=\"col abilitycol\"><em>Lightning Rod<\/em><\/span><\/span><span style=\"float:left;min-height:26px\"><span class=\"col statcol\"><em>HP<\/em><br \/>60<\/span> <span class=\"col statcol\"><em>Atk<\/em><br \/>90<\/span> <span class=\"col statcol\"><em>Def<\/em><br \/>55<\/span> <span class=\"col statcol\"><em>SpA<\/em><br \/>90<\/span> <span class=\"col statcol\"><em>SpD<\/em><br \/>80<\/span> <span class=\"col statcol\"><em>Spe<\/em><br \/>110<\/span> <span class=\"col bstcol\"><em>BST<br \/>485<\/em><\/span> <\/span><\/li><li style=\"clear:both\"><\/li><\/ul><\/div>\n\n|\n|move|p2a: Raichu|Thunderbolt|p1a: Latias\n|-resisted|p1a: Latias\n|-damage|p1a: Latias|160\/247\n|-damage|p2a: Raichu|212\/235|[from] item: Life Orb\n|move|p1a: Latias|Psyshock|p2a: Raichu\n|-damage|p2a: Raichu|73\/235\n|\n|upkeep\n|turn|29\n|\n|switch|p2a: Tropius|Tropius, L83, M|300\/300\n|move|p1a: Latias|Psyshock|p2a: Tropius\n|-damage|p2a: Tropius|200\/300\n|\n|upkeep\n|turn|30\n|c|\u2606wolfwarrior|!stats tropius\n|raw|<div class=\"message\"><ul class=\"utilichart\"><li class=\"result\"><span class=\"col numcol\">(PU)<\/span> <span class=\"col iconcol\"><psicon pokemon=\"tropius\"\/><\/span> <span class=\"col pokemonnamecol\" style=\"white-space:nowrap\"><a href=\"https:\/\/pokemonshowdown.com\/dex\/pokemon\/tropius\" target=\"_blank\">Tropius<\/a><\/span> <span class=\"col typecol\"><img src=\"https:\/\/play.pokemonshowdown.com\/sprites\/types\/Grass.png\" alt=\"Grass\" height=\"14\" width=\"32\"><img src=\"https:\/\/play.pokemonshowdown.com\/sprites\/types\/Flying.png\" alt=\"Flying\" height=\"14\" width=\"32\"><\/span> <span style=\"float:left;min-height:26px\"><span class=\"col twoabilitycol\">Chlorophyll<br \/>Solar Power<\/span><span class=\"col abilitycol\"><em>Harvest<\/em><\/span><\/span><span style=\"float:left;min-height:26px\"><span class=\"col statcol\"><em>HP<\/em><br \/>99<\/span> <span class=\"col statcol\"><em>Atk<\/em><br \/>68<\/span> <span class=\"col statcol\"><em>Def<\/em><br \/>83<\/span> <span class=\"col statcol\"><em>SpA<\/em><br \/>72<\/span> <span class=\"col statcol\"><em>SpD<\/em><br \/>87<\/span> <span class=\"col statcol\"><em>Spe<\/em><br \/>51<\/span> <span class=\"col bstcol\"><em>BST<br \/>460<\/em><\/span> <\/span><\/li><li style=\"clear:both\"><\/li><\/ul><\/div>\n\n|\n|switch|p1a: Sigilyph|Sigilyph, L81, M|249\/249 brn\n|move|p2a: Tropius|Toxic||[still]\n|-fail|p2a: Tropius\n|\n|upkeep\n|turn|31\n|c|\u260612-volt|gg\n|c|\u2606wolfwarrior|;)\n|c|\u2606wolfwarrior|gg\n|\n|switch|p2a: Wishiwashi|Wishiwashi, L83, F|70\/210\n|-formechange|p2a: Wishiwashi|Wishiwashi-School||[from] ability: Schooling\n|move|p1a: Sigilyph|Cosmic Power|p1a: Sigilyph\n|-boost|p1a: Sigilyph|def|1\n|-boost|p1a: Sigilyph|spd|1\n|\n|upkeep\n|turn|32\n|\n|move|p1a: Sigilyph|Cosmic Power|p1a: Sigilyph\n|-boost|p1a: Sigilyph|def|1\n|-boost|p1a: Sigilyph|spd|1\n|move|p2a: Wishiwashi|Ice Beam|p1a: Sigilyph\n|-supereffective|p1a: Sigilyph\n|-damage|p1a: Sigilyph|129\/249 brn\n|\n|upkeep\n|turn|33\n|\n|move|p1a: Sigilyph|Roost|p1a: Sigilyph\n|-heal|p1a: Sigilyph|249\/249 brn\n|move|p2a: Wishiwashi|Ice Beam|p1a: Sigilyph\n|-damage|p1a: Sigilyph|203\/249 brn\n|\n|upkeep\n|turn|34\n|\n|move|p1a: Sigilyph|Cosmic Power|p1a: Sigilyph\n|-boost|p1a: Sigilyph|def|1\n|-boost|p1a: Sigilyph|spd|1\n|move|p2a: Wishiwashi|Ice Beam|p1a: Sigilyph\n|-supereffective|p1a: Sigilyph\n|-damage|p1a: Sigilyph|114\/249 brn\n|\n|upkeep\n|turn|35\n|\n|move|p1a: Sigilyph|Roost|p1a: Sigilyph\n|-heal|p1a: Sigilyph|239\/249 brn\n|move|p2a: Wishiwashi|Ice Beam|p1a: Sigilyph\n|-damage|p1a: Sigilyph|203\/249 brn\n|\n|upkeep\n|turn|36\n|\n|move|p1a: Sigilyph|Cosmic Power|p1a: Sigilyph\n|-boost|p1a: Sigilyph|def|1\n|-boost|p1a: Sigilyph|spd|1\n|move|p2a: Wishiwashi|Ice Beam|p1a: Sigilyph\n|-supereffective|p1a: Sigilyph\n|-damage|p1a: Sigilyph|129\/249 brn\n|\n|upkeep\n|turn|37\n|\n|move|p1a: Sigilyph|Roost|p1a: Sigilyph\n|-heal|p1a: Sigilyph|249\/249 brn\n|move|p2a: Wishiwashi|Ice Beam|p1a: Sigilyph\n|-damage|p1a: Sigilyph|216\/249 brn\n|\n|upkeep\n|turn|38\n|\n|move|p1a: Sigilyph|Cosmic Power|p1a: Sigilyph\n|-boost|p1a: Sigilyph|def|1\n|-boost|p1a: Sigilyph|spd|1\n|move|p2a: Wishiwashi|Ice Beam|p1a: Sigilyph\n|-supereffective|p1a: Sigilyph\n|-damage|p1a: Sigilyph|154\/249 brn\n|\n|upkeep\n|turn|39\n|\n|move|p1a: Sigilyph|Cosmic Power|p1a: Sigilyph\n|-boost|p1a: Sigilyph|def|1\n|-boost|p1a: Sigilyph|spd|1\n|move|p2a: Wishiwashi|Ice Beam|p1a: Sigilyph\n|-supereffective|p1a: Sigilyph\n|-crit|p1a: Sigilyph\n|-damage|p1a: Sigilyph|0 fnt\n|faint|p1a: Sigilyph\n|\n|upkeep\n|\n|switch|p1a: Latias|Latias-Mega, L76, F|160\/247\n|turn|40\n|\n|move|p1a: Latias|Dragon Pulse|p2a: Wishiwashi\n|-damage|p2a: Wishiwashi|0 fnt\n|faint|p2a: Wishiwashi\n|\n|upkeep\n|\n|switch|p2a: Tropius|Tropius, L83, M|200\/300\n|turn|41\n|\n|move|p2a: Tropius|Protect|p2a: Tropius\n|-singleturn|p2a: Tropius|Protect\n|move|p1a: Latias|Substitute|p1a: Latias\n|-start|p1a: Latias|Substitute\n|-damage|p1a: Latias|99\/247\n|\n|upkeep\n|turn|42\n|\n|move|p1a: Latias|Dragon Pulse|p2a: Tropius\n|-damage|p2a: Tropius|103\/300\n|-enditem|p2a: Tropius|Sitrus Berry|[eat]\n|-heal|p2a: Tropius|178\/300|[from] item: Sitrus Berry\n|move|p2a: Tropius|Giga Drain|p1a: Latias\n|-resisted|p1a: Latias\n|-activate|p1a: Latias|move: Substitute|[damage]\n|-heal|p2a: Tropius|190\/300|[from] drain|[of] p1a: Latias\n|\n|-item|p2a: Tropius|Sitrus Berry|[from] ability: Harvest\n|upkeep\n|turn|43\n|\n|move|p1a: Latias|Dragon Pulse|p2a: Tropius\n|-damage|p2a: Tropius|94\/300\n|-enditem|p2a: Tropius|Sitrus Berry|[eat]\n|-heal|p2a: Tropius|169\/300|[from] item: Sitrus Berry\n|move|p2a: Tropius|Giga Drain|p1a: Latias\n|-resisted|p1a: Latias\n|-activate|p1a: Latias|move: Substitute|[damage]\n|-heal|p2a: Tropius|181\/300|[from] drain|[of] p1a: Latias\n|\n|-item|p2a: Tropius|Sitrus Berry|[from] ability: Harvest\n|upkeep\n|turn|44\n|\n|move|p2a: Tropius|Protect|p2a: Tropius\n|-singleturn|p2a: Tropius|Protect\n|move|p1a: Latias|Dragon Pulse|p2a: Tropius\n|-activate|p2a: Tropius|move: Protect\n|\n|upkeep\n|turn|45\n|\n|move|p1a: Latias|Dragon Pulse|p2a: Tropius\n|-damage|p2a: Tropius|79\/300\n|-enditem|p2a: Tropius|Sitrus Berry|[eat]\n|-heal|p2a: Tropius|154\/300|[from] item: Sitrus Berry\n|move|p2a: Tropius|Giga Drain|p1a: Latias\n|-resisted|p1a: Latias\n|-end|p1a: Latias|Substitute\n|-heal|p2a: Tropius|161\/300|[from] drain|[of] p1a: Latias\n|\n|upkeep\n|turn|46\n|\n|move|p2a: Tropius|Protect|p2a: Tropius\n|-singleturn|p2a: Tropius|Protect\n|move|p1a: Latias|Substitute|p1a: Latias\n|-start|p1a: Latias|Substitute\n|-damage|p1a: Latias|38\/247\n|\n|-item|p2a: Tropius|Sitrus Berry|[from] ability: Harvest\n|upkeep\n|turn|47\n|\n|move|p1a: Latias|Dragon Pulse|p2a: Tropius\n|-damage|p2a: Tropius|52\/300\n|-enditem|p2a: Tropius|Sitrus Berry|[eat]\n|-heal|p2a: Tropius|127\/300|[from] item: Sitrus Berry\n|move|p2a: Tropius|Giga Drain|p1a: Latias\n|-resisted|p1a: Latias\n|-activate|p1a: Latias|move: Substitute|[damage]\n|-heal|p2a: Tropius|138\/300|[from] drain|[of] p1a: Latias\n|\n|upkeep\n|turn|48\n|\n|move|p2a: Tropius|Protect|p2a: Tropius\n|-singleturn|p2a: Tropius|Protect\n|move|p1a: Latias|Dragon Pulse|p2a: Tropius\n|-activate|p2a: Tropius|move: Protect\n|\n|upkeep\n|turn|49\n|\n|move|p1a: Latias|Dragon Pulse|p2a: Tropius\n|-damage|p2a: Tropius|27\/300\n|move|p2a: Tropius|Giga Drain|p1a: Latias\n|-resisted|p1a: Latias\n|-crit|p1a: Latias\n|-activate|p1a: Latias|move: Substitute|[damage]\n|-heal|p2a: Tropius|45\/300|[from] drain|[of] p1a: Latias\n|\n|-item|p2a: Tropius|Sitrus Berry|[from] ability: Harvest\n|upkeep\n|-enditem|p2a: Tropius|Sitrus Berry|[eat]\n|-heal|p2a: Tropius|120\/300|[from] item: Sitrus Berry\n|turn|50\n|c|\u2606wolfwarrior|!stats latias\n|raw|<div class=\"message\"><ul class=\"utilichart\"><li class=\"result\"><span class=\"col numcol\">UU<\/span> <span class=\"col iconcol\"><psicon pokemon=\"latias\"\/><\/span> <span class=\"col pokemonnamecol\" style=\"white-space:nowrap\"><a href=\"https:\/\/pokemonshowdown.com\/dex\/pokemon\/latias\" target=\"_blank\">Latias<\/a><\/span> <span class=\"col typecol\"><img src=\"https:\/\/play.pokemonshowdown.com\/sprites\/types\/Dragon.png\" alt=\"Dragon\" height=\"14\" width=\"32\"><img src=\"https:\/\/play.pokemonshowdown.com\/sprites\/types\/Psychic.png\" alt=\"Psychic\" height=\"14\" width=\"32\"><\/span> <span style=\"float:left;min-height:26px\"><span class=\"col abilitycol\">Levitate<\/span><span class=\"col abilitycol\"><\/span><\/span><span style=\"float:left;min-height:26px\"><span class=\"col statcol\"><em>HP<\/em><br \/>80<\/span> <span class=\"col statcol\"><em>Atk<\/em><br \/>80<\/span> <span class=\"col statcol\"><em>Def<\/em><br \/>90<\/span> <span class=\"col statcol\"><em>SpA<\/em><br \/>110<\/span> <span class=\"col statcol\"><em>SpD<\/em><br \/>130<\/span> <span class=\"col statcol\"><em>Spe<\/em><br \/>110<\/span> <span class=\"col bstcol\"><em>BST<br \/>600<\/em><\/span> <\/span><\/li><li style=\"clear:both\"><\/li><\/ul><\/div>\n\n|inactive|wolfwarrior has 120 seconds left.\n|\n|move|p2a: Tropius|Protect|p2a: Tropius\n|-singleturn|p2a: Tropius|Protect\n|move|p1a: Latias|Dragon Pulse|p2a: Tropius\n|-activate|p2a: Tropius|move: Protect\n|\n|upkeep\n|turn|51\n|\n|move|p1a: Latias|Dragon Pulse|p2a: Tropius\n|-damage|p2a: Tropius|14\/300\n|move|p2a: Tropius|Giga Drain|p1a: Latias\n|-resisted|p1a: Latias\n|-end|p1a: Latias|Substitute\n|-heal|p2a: Tropius|16\/300|[from] drain|[of] p1a: Latias\n|\n|upkeep\n|turn|52\n|c|\u2606wolfwarrior|gg\n|c|\u260612-volt|;)\n|-message|wolfwarrior forfeited.\n|\n|win|12-volt\n|l|\u2606wolfwarrior\n|raw|wolfwarrior's rating: 1655 &rarr; <strong>1633<\/strong><br \/>(-22 for losing)\n|raw|12-volt's rating: 1628 &rarr; <strong>1650<\/strong><br \/>(+22 for winning)\n","inputlog":">version 5ca6fbc2e7584d0bd46860dff579616785d99323\n>start {\"formatid\":\"gen7randombattle\",\"seed\":[27071,48151,61057,43664],\"rated\":\"Rated battle\"}\n>player p1 {\"name\":\"wolfwarrior\",\"avatar\":\"162\",\"team\":\"\"}\n>player p2 {\"name\":\"12-volt\",\"avatar\":\"130\",\"team\":\"\"}\n>p1 switch 5\n>p2 move gigadrain\n>p1 move cosmicpower\n>p2 switch 6\n>p1 switch 3\n>p2 move nastyplot\n>p1 move hornleech\n>p2 switch 4\n>p1 switch 6\n>p2 move quiverdance\n>p1 move stoneedge\n>p2 move sleeppowder\n>p1 move stoneedge\n>p2 move bugbuzz\n>p1 move stoneedge\n>p2 move bugbuzz\n>p1 switch 6\n>p2 move bugbuzz\n>p1 move phantomforce\n>p2 move sludgebomb\n>p1 move phantomforce\n>p2 move quiverdance\n>p1 move phantomforce\n>p2 move sludgebomb\n>p1 switch 5\n>p1 move swordsdance\n>p2 move bugbuzz\n>p1 move aquajet\n>p2 move sludgebomb\n>p2 switch 2\n>p1 move aquajet\n>p2 move thunderbolt\n>p1 switch 4\n>p1 move sunnyday\n>p2 move substitute\n>p1 move earthpower\n>p2 move toxic\n>p1 move solarbeam\n>p2 move hiddenpower\n>p2 switch 5\n>p1 move hiddenpower\n>p2 move return\n>p1 switch 2\n>p1 move dragonpulse mega\n>p2 move bravebird\n>p2 switch 3\n>p1 switch 6\n>p2 move icebeam\n>p1 move stoneedge\n>p2 move scald\n>p1 switch 3\n>p1 move cosmicpower\n>p2 move icebeam\n>p1 move roost\n>p2 move icebeam\n>p1 move roost\n>p2 move icebeam\n>p1 move roost\n>p2 switch 4\n>p1 switch 6\n>p2 move nastyplot\n>p1 move psyshock\n>p2 move thunderbolt\n>p1 move psyshock\n>p2 switch 6\n>p1 switch 6\n>p2 move toxic\n>p1 move cosmicpower\n>p2 switch 4\n>p1 move cosmicpower\n>p2 move icebeam\n>p1 move roost\n>p2 move icebeam\n>p1 move cosmicpower\n>p2 move icebeam\n>p1 move roost\n>p2 move icebeam\n>p1 move cosmicpower\n>p2 move icebeam\n>p1 move roost\n>p2 move icebeam\n>p1 move cosmicpower\n>p2 move icebeam\n>p1 move cosmicpower\n>p2 move icebeam\n>p1 switch 6\n>p1 move dragonpulse\n>p2 move icebeam\n>p2 switch 4\n>p1 move substitute\n>p2 move protect\n>p1 move dragonpulse\n>p2 move gigadrain\n>p1 move dragonpulse\n>p2 move gigadrain\n>p1 move dragonpulse\n>p2 move protect\n>p1 move dragonpulse\n>p2 move gigadrain\n>p1 move substitute\n>p2 move protect\n>p1 move dragonpulse\n>p2 move gigadrain\n>p1 move dragonpulse\n>p2 move protect\n>p1 move dragonpulse\n>p2 move gigadrain\n>p1 move dragonpulse\n>p2 move protect\n>p1 move dragonpulse\n>p2 move gigadrain","uploadtime":1546921584,"views":2,"p1id":"wolfwarrior","p2id":"12volt","formatid":"gen7randombattle","rating":1633,"private":0,"password":null}