{"id":"gen7ou-655911539","p1":"thr3at 2.0","p2":"Q114","format":"gen7ou","log":"|j|thr3at 2.0\n|j|Q114\n|player|p1|thr3at 2.0|8\n|teamsize|p1|6\n|player|p2|Q114|169\n|teamsize|p2|6\n|gametype|singles\n|gen|7\n|tier|[Gen 7] OU\n|rated|\n|seed|63427,10605,28727,50280\n|rule|Sleep Clause Mod: Limit one foe put to sleep\n|rule|Species Clause: Limit one of each Pok\u00e9mon\n|rule|OHKO Clause: OHKO moves are banned\n|rule|Moody Clause: Moody is banned\n|rule|Evasion Moves Clause: Evasion moves are banned\n|rule|Endless Battle Clause: Forcing endless battles is banned\n|rule|HP Percentage Mod: HP is shown in percentages\n|clearpoke\n|poke|p1|Chansey, F|item\n|poke|p1|Clefable, F|item\n|poke|p1|Zapdos|item\n|poke|p1|Suicune|item\n|poke|p1|Sableye, F|item\n|poke|p1|Muk-Alola, F|item\n|poke|p2|Skarmory, M|item\n|poke|p2|Chansey, F|item\n|poke|p2|Magnezone|item\n|poke|p2|Toxapex, F|item\n|poke|p2|Clefable, M|item\n|poke|p2|Sableye, F|item\n|teampreview\n|inactive|Battle timer is ON: inactive players will automatically lose when time's up. (requested by thr3at 2.0)\n|inactive|Q114 has 135 seconds left.\n|inactive|Q114 has 120 seconds left.\n|j|stay a1ert\n|j|Fuckjosefstallin\n|inactive|Q114 has 105 seconds left.\n|choice|team 5, team 2, team 3, team 4, team 1, team 6|team 6, team 2, team 3, team 4, team 5, team 1\n|\n|start\n|switch|p1a: Sableye|Sableye, F|304\/304\n|switch|p2a: Sableye|Sableye, F|303\/303\n|turn|1\n|choice|move fakeout mega|move protect mega\n|\n|detailschange|p2a: Sableye|Sableye-Mega, F\n|-mega|p2a: Sableye|Sableye|Sablenite\n|detailschange|p1a: Sableye|Sableye-Mega, F\n|-mega|p1a: Sableye|Sableye|Sablenite\n|move|p2a: Sableye|Protect|p2a: Sableye\n|-singleturn|p2a: Sableye|Protect\n|move|p1a: Sableye|Fake Out|p2a: Sableye\n|-activate|p2a: Sableye|move: Protect\n|\n|upkeep\n|turn|2\n|choice|switch 3|switch 4\n|\n|switch|p2a: Toxapex|Toxapex, F|303\/303\n|switch|p1a: Zapdos|Zapdos|383\/383\n|-ability|p1a: Zapdos|Pressure\n|\n|upkeep\n|turn|3\n|choice|switch 4|switch 2\n|\n|switch|p1a: Suicune|Suicune|403\/403\n|-ability|p1a: Suicune|Pressure\n|switch|p2a: Chansey|Chansey, F|703\/703\n|\n|upkeep\n|turn|4\n|choice|switch 3|switch 2\n|\n|switch|p1a: Sableye|Sableye-Mega, F|304\/304\n|switch|p2a: Toxapex|Toxapex, F|303\/303\n|\n|upkeep\n|turn|5\n|choice|switch 4|switch 4\n|\n|switch|p2a: Sableye|Sableye-Mega, F|303\/303\n|switch|p1a: Zapdos|Zapdos|383\/383\n|-ability|p1a: Zapdos|Pressure\n|\n|upkeep\n|turn|6\n|choice|switch 4|switch 2\n|\n|switch|p1a: Sableye|Sableye-Mega, F|304\/304\n|switch|p2a: Chansey|Chansey, F|703\/703\n|\n|upkeep\n|turn|7\n|choice|switch 3|switch 2\n|\n|switch|p2a: Sableye|Sableye-Mega, F|303\/303\n|switch|p1a: Suicune|Suicune|403\/403\n|-ability|p1a: Suicune|Pressure\n|\n|upkeep\n|turn|8\n|choice|switch 6|switch 4\n|\n|switch|p1a: Muk|Muk-Alola, F|413\/413\n|switch|p2a: Toxapex|Toxapex, F|303\/303\n|\n|upkeep\n|turn|9\n|choice|move knockoff|switch 4\n|\n|switch|p2a: Sableye|Sableye-Mega, F|303\/303\n|move|p1a: Muk|Knock Off|p2a: Sableye\n|-damage|p2a: Sableye|233\/303\n|\n|upkeep\n|turn|10\n|choice|move knockoff|move knockoff\n|\n|move|p1a: Muk|Knock Off|p2a: Sableye\n|-damage|p2a: Sableye|166\/303\n|move|p2a: Sableye|Knock Off|p1a: Muk\n|-resisted|p1a: Muk\n|-damage|p1a: Muk|348\/413\n|-enditem|p1a: Muk|Assault Vest|[from] move: Knock Off|[of] p2a: Sableye\n|\n|upkeep\n|turn|11\n|choice|move pursuit|move willowisp\n|\n|move|p1a: Muk|Pursuit|p2a: Sableye\n|-damage|p2a: Sableye|124\/303\n|move|p2a: Sableye|Will-O-Wisp|p1a: Muk\n|-status|p1a: Muk|brn\n|\n|-damage|p1a: Muk|323\/413 brn|[from] brn\n|upkeep\n|turn|12\n|choice|move poisonfang|move recover\n|\n|move|p1a: Muk|Poison Fang|p2a: Sableye\n|-resisted|p2a: Sableye\n|-damage|p2a: Sableye|112\/303\n|-status|p2a: Sableye|tox\n|move|p2a: Sableye|Recover|p2a: Sableye\n|-heal|p2a: Sableye|264\/303 tox\n|\n|-damage|p1a: Muk|298\/413 brn|[from] brn\n|-damage|p2a: Sableye|246\/303 tox|[from] psn\n|upkeep\n|turn|13\n|choice|move knockoff|switch 4\n|\n|switch|p2a: Toxapex|Toxapex, F|303\/303\n|move|p1a: Muk|Knock Off|p2a: Toxapex\n|-damage|p2a: Toxapex|269\/303\n|-enditem|p2a: Toxapex|Black Sludge|[from] move: Knock Off|[of] p1a: Muk\n|\n|-damage|p1a: Muk|273\/413 brn|[from] brn\n|upkeep\n|turn|14\n|choice|switch 4|move toxicspikes\n|\n|switch|p1a: Zapdos|Zapdos|383\/383\n|-ability|p1a: Zapdos|Pressure\n|move|p2a: Toxapex|Toxic Spikes|p1a: Zapdos\n|-sidestart|p1: thr3at 2.0|move: Toxic Spikes\n|\n|upkeep\n|turn|15\n|choice|move discharge|switch 5\n|\n|switch|p2a: Clefable|Clefable, M|393\/393\n|move|p1a: Zapdos|Discharge|p2a: Clefable\n|-damage|p2a: Clefable|272\/393\n|-status|p2a: Clefable|par\n|\n|-heal|p2a: Clefable|296\/393 par|[from] item: Leftovers\n|upkeep\n|turn|16\n|choice|switch 4|move wish\n|\n|switch|p1a: Muk|Muk-Alola, F|273\/413 brn\n|-sideend|p1: thr3at 2.0|move: Toxic Spikes|[of] p1a: Muk\n|move|p2a: Clefable|Wish|p2a: Clefable\n|\n|-heal|p2a: Clefable|320\/393 par|[from] item: Leftovers\n|-damage|p1a: Muk|248\/413 brn|[from] brn\n|upkeep\n|turn|17\n|inactive|Q114 has 135 seconds left.\n|choice|switch 2|switch 5\n|\n|switch|p1a: Clefable|Clefable, F|393\/393\n|switch|p2a: Toxapex|Toxapex, F|303\/303\n|\n|upkeep\n|turn|18\n|choice|move wish|switch 5\n|\n|switch|p2a: Clefable|Clefable, M|320\/393 par\n|move|p1a: Clefable|Wish|p1a: Clefable\n|\n|-heal|p2a: Clefable|344\/393 par|[from] item: Leftovers\n|upkeep\n|turn|19\n|choice|switch 2|move healbell\n|\n|switch|p1a: Muk|Muk-Alola, F|248\/413 brn\n|move|p2a: Clefable|Heal Bell|p2a: Clefable\n|-activate|p2a: Clefable|move: Heal Bell\n|-curestatus|p2a: Clefable|par|[msg]\n|-curestatus|p2: Sableye|tox|[msg]\n|\n|-heal|p1a: Muk|413\/413 brn|[from] move: Wish|[wisher] Clefable\n|-heal|p2a: Clefable|368\/393|[from] item: Leftovers\n|-damage|p1a: Muk|388\/413 brn|[from] brn\n|upkeep\n|turn|20\n|choice|move pursuit|switch 5\n|\n|-activate|p2a: Clefable|move: Pursuit\n|move|p1a: Muk|Pursuit|p2a: Clefable|[from]Pursuit\n|-resisted|p2a: Clefable\n|-damage|p2a: Clefable|347\/393\n|switch|p2a: Toxapex|Toxapex, F|303\/303\n|\n|-damage|p1a: Muk|363\/413 brn|[from] brn\n|upkeep\n|turn|21\n|inactive|Q114 has 135 seconds left.\n|choice|switch 4|switch 6\n|\n|switch|p1a: Zapdos|Zapdos|383\/383\n|-ability|p1a: Zapdos|Pressure\n|switch|p2a: Skarmory|Skarmory, M|333\/333\n|\n|upkeep\n|turn|22\n|inactive|thr3at 2.0 has 135 seconds left.\n|inactive|thr3at 2.0 has 120 seconds left.\n|choice|switch 5|switch 2\n|\n|switch|p1a: Chansey|Chansey, F|704\/704\n|switch|p2a: Chansey|Chansey, F|703\/703\n|\n|upkeep\n|turn|23\n|choice|move healbell|switch 4\n|\n|switch|p2a: Sableye|Sableye-Mega, F|246\/303\n|move|p1a: Chansey|Heal Bell|p1a: Chansey\n|-activate|p1a: Chansey|move: Heal Bell\n|-curestatus|p1: Muk|brn|[msg]\n|\n|upkeep\n|turn|24\n|choice|switch 6|switch 4\n|\n|switch|p1a: Suicune|Suicune|403\/403\n|-ability|p1a: Suicune|Pressure\n|switch|p2a: Chansey|Chansey, F|703\/703\n|\n|upkeep\n|turn|25\n|choice|switch 3|switch 4\n|\n|switch|p1a: Sableye|Sableye-Mega, F|304\/304\n|switch|p2a: Sableye|Sableye-Mega, F|246\/303\n|\n|upkeep\n|turn|26\n|choice|switch 5|switch 6\n|\n|switch|p2a: Toxapex|Toxapex, F|303\/303\n|switch|p1a: Zapdos|Zapdos|383\/383\n|-ability|p1a: Zapdos|Pressure\n|\n|upkeep\n|turn|27\n|choice|switch 3|switch 4\n|\n|switch|p1a: Suicune|Suicune|403\/403\n|-ability|p1a: Suicune|Pressure\n|switch|p2a: Chansey|Chansey, F|703\/703\n|\n|upkeep\n|turn|28\n|choice|switch 5|switch 4\n|\n|switch|p1a: Sableye|Sableye-Mega, F|304\/304\n|switch|p2a: Toxapex|Toxapex, F|303\/303\n|\n|upkeep\n|turn|29\n|choice|move knockoff|switch 6\n|\n|switch|p2a: Sableye|Sableye-Mega, F|246\/303\n|move|p1a: Sableye|Knock Off|p2a: Sableye\n|-damage|p2a: Sableye|191\/303\n|\n|upkeep\n|turn|30\n|choice|switch 3|switch 6\n|\n|switch|p2a: Toxapex|Toxapex, F|303\/303\n|switch|p1a: Zapdos|Zapdos|383\/383\n|-ability|p1a: Zapdos|Pressure\n|\n|upkeep\n|turn|31\n|choice|switch 5|switch 4\n|\n|switch|p1a: Suicune|Suicune|403\/403\n|-ability|p1a: Suicune|Pressure\n|switch|p2a: Chansey|Chansey, F|703\/703\n|\n|upkeep\n|turn|32\n|choice|move scald|switch 4\n|\n|switch|p2a: Toxapex|Toxapex, F|303\/303\n|move|p1a: Suicune|Scald|p2a: Toxapex\n|-resisted|p2a: Toxapex\n|-damage|p2a: Toxapex|274\/303\n|\n|upkeep\n|turn|33\n|choice|switch 5|switch 4\n|\n|switch|p1a: Zapdos|Zapdos|383\/383\n|-ability|p1a: Zapdos|Pressure\n|switch|p2a: Chansey|Chansey, F|703\/703\n|\n|upkeep\n|turn|34\n|choice|switch 3|switch 4\n|\n|switch|p1a: Sableye|Sableye-Mega, F|304\/304\n|switch|p2a: Toxapex|Toxapex, F|303\/303\n|\n|upkeep\n|turn|35\n|choice|switch 3|switch 6\n|\n|switch|p2a: Sableye|Sableye-Mega, F|191\/303\n|switch|p1a: Zapdos|Zapdos|383\/383\n|-ability|p1a: Zapdos|Pressure\n|\n|upkeep\n|turn|36\n|choice|move discharge|switch 4\n|\n|switch|p2a: Chansey|Chansey, F|703\/703\n|move|p1a: Zapdos|Discharge|p2a: Chansey\n|-damage|p2a: Chansey|631\/703\n|\n|upkeep\n|turn|37\n|choice|switch 3|switch 6\n|\n|switch|p1a: Sableye|Sableye-Mega, F|304\/304\n|switch|p2a: Toxapex|Toxapex, F|303\/303\n|\n|upkeep\n|turn|38\n|choice|switch 4|switch 4\n|\n|switch|p2a: Sableye|Sableye-Mega, F|191\/303\n|switch|p1a: Muk|Muk-Alola, F|363\/413\n|\n|upkeep\n|turn|39\n|j|tapu moxo\n|l|tapu moxo\n|choice|move pursuit|move recover\n|\n|move|p1a: Muk|Pursuit|p2a: Sableye\n|-damage|p2a: Sableye|151\/303\n|move|p2a: Sableye|Recover|p2a: Sableye\n|-heal|p2a: Sableye|303\/303\n|\n|upkeep\n|turn|40\n|choice|switch 4|move protect\n|\n|switch|p1a: Sableye|Sableye-Mega, F|304\/304\n|move|p2a: Sableye|Protect|p2a: Sableye\n|-fail|p2a: Sableye\n|\n|upkeep\n|turn|41\n|choice|switch 4|switch 4\n|\n|switch|p2a: Toxapex|Toxapex, F|303\/303\n|switch|p1a: Muk|Muk-Alola, F|363\/413\n|\n|upkeep\n|turn|42\n|choice|switch 3|move toxicspikes\n|\n|switch|p1a: Zapdos|Zapdos|383\/383\n|-ability|p1a: Zapdos|Pressure\n|move|p2a: Toxapex|Toxic Spikes|p1a: Zapdos\n|-sidestart|p1: thr3at 2.0|move: Toxic Spikes\n|\n|upkeep\n|turn|43\n|choice|switch 3|switch 6\n|\n|switch|p1a: Muk|Muk-Alola, F|363\/413\n|-sideend|p1: thr3at 2.0|move: Toxic Spikes|[of] p1a: Muk\n|switch|p2a: Chansey|Chansey, F|631\/703\n|\n|upkeep\n|turn|44\n|choice|switch 4|switch 6\n|\n|switch|p2a: Toxapex|Toxapex, F|303\/303\n|switch|p1a: Sableye|Sableye-Mega, F|304\/304\n|\n|upkeep\n|turn|45\n|choice|switch 3|switch 4\n|\n|switch|p2a: Sableye|Sableye-Mega, F|303\/303\n|switch|p1a: Zapdos|Zapdos|383\/383\n|-ability|p1a: Zapdos|Pressure\n|\n|upkeep\n|turn|46\n|choice|switch 6|switch 6\n|\n|switch|p1a: Chansey|Chansey, F|704\/704\n|switch|p2a: Chansey|Chansey, F|631\/703\n|\n|upkeep\n|turn|47\n|choice|switch 4|switch 6\n|\n|switch|p1a: Muk|Muk-Alola, F|363\/413\n|switch|p2a: Sableye|Sableye-Mega, F|303\/303\n|\n|upkeep\n|turn|48\n|choice|switch 3|move protect\n|\n|switch|p1a: Sableye|Sableye-Mega, F|304\/304\n|move|p2a: Sableye|Protect|p2a: Sableye\n|-fail|p2a: Sableye\n|\n|upkeep\n|turn|49\n|choice|switch 6|switch 4\n|\n|switch|p2a: Toxapex|Toxapex, F|303\/303\n|switch|p1a: Zapdos|Zapdos|383\/383\n|-ability|p1a: Zapdos|Pressure\n|\n|upkeep\n|turn|50\n|choice|switch 6|switch 4\n|\n|switch|p1a: Sableye|Sableye-Mega, F|304\/304\n|switch|p2a: Sableye|Sableye-Mega, F|303\/303\n|\n|upkeep\n|turn|51\n|choice|switch 6|switch 4\n|\n|switch|p2a: Toxapex|Toxapex, F|303\/303\n|switch|p1a: Zapdos|Zapdos|383\/383\n|-ability|p1a: Zapdos|Pressure\n|\n|upkeep\n|turn|52\n|choice|switch 6|switch 6\n|\n|switch|p1a: Sableye|Sableye-Mega, F|304\/304\n|switch|p2a: Chansey|Chansey, F|631\/703\n|\n|upkeep\n|turn|53\n|choice|switch 6|switch 4\n|\n|switch|p2a: Sableye|Sableye-Mega, F|303\/303\n|switch|p1a: Zapdos|Zapdos|383\/383\n|-ability|p1a: Zapdos|Pressure\n|\n|upkeep\n|turn|54\n|choice|switch 6|switch 4\n|\n|switch|p1a: Sableye|Sableye-Mega, F|304\/304\n|switch|p2a: Chansey|Chansey, F|631\/703\n|\n|upkeep\n|turn|55\n|choice|switch 6|switch 6\n|\n|switch|p2a: Toxapex|Toxapex, F|303\/303\n|switch|p1a: Zapdos|Zapdos|383\/383\n|-ability|p1a: Zapdos|Pressure\n|\n|upkeep\n|turn|56\n|choice|switch 3|switch 4\n|\n|switch|p1a: Muk|Muk-Alola, F|363\/413\n|switch|p2a: Sableye|Sableye-Mega, F|303\/303\n|\n|upkeep\n|turn|57\n|choice|move poisonfang|switch 4\n|\n|switch|p2a: Toxapex|Toxapex, F|303\/303\n|move|p1a: Muk|Poison Fang|p2a: Toxapex\n|-resisted|p2a: Toxapex\n|-damage|p2a: Toxapex|286\/303\n|\n|upkeep\n|turn|58\n|inactive|Q114 has 135 seconds left.\n|choice|switch 5|switch 2\n|\n|switch|p1a: Suicune|Suicune|403\/403\n|-ability|p1a: Suicune|Pressure\n|switch|p2a: Skarmory|Skarmory, M|333\/333\n|\n|upkeep\n|turn|59\n|choice|move calmmind|switch 6\n|\n|switch|p2a: Chansey|Chansey, F|631\/703\n|move|p1a: Suicune|Calm Mind|p1a: Suicune\n|-boost|p1a: Suicune|spa|1\n|-boost|p1a: Suicune|spd|1\n|\n|upkeep\n|turn|60\n|choice|switch 6|switch 2\n|\n|switch|p1a: Sableye|Sableye-Mega, F|304\/304\n|switch|p2a: Toxapex|Toxapex, F|303\/303\n|\n|upkeep\n|turn|61\n|choice|switch 4|switch 4\n|\n|switch|p2a: Sableye|Sableye-Mega, F|303\/303\n|switch|p1a: Chansey|Chansey, F|704\/704\n|\n|upkeep\n|turn|62\n|choice|switch 5|switch 4\n|\n|switch|p1a: Muk|Muk-Alola, F|363\/413\n|switch|p2a: Toxapex|Toxapex, F|303\/303\n|\n|upkeep\n|turn|63\n|choice|switch 3|switch 6\n|\n|switch|p1a: Zapdos|Zapdos|383\/383\n|-ability|p1a: Zapdos|Pressure\n|switch|p2a: Skarmory|Skarmory, M|333\/333\n|\n|upkeep\n|turn|64\n|inactive|thr3at 2.0 has 135 seconds left.\n|inactive|thr3at 2.0 has 120 seconds left.\n|choice|switch 5|switch 2\n|\n|switch|p1a: Chansey|Chansey, F|704\/704\n|switch|p2a: Chansey|Chansey, F|631\/703\n|\n|upkeep\n|turn|65\n|choice|switch 3|switch 2\n|\n|switch|p1a: Muk|Muk-Alola, F|363\/413\n|switch|p2a: Skarmory|Skarmory, M|333\/333\n|\n|upkeep\n|turn|66\n|choice|move knockoff|switch 6\n|\n|switch|p2a: Toxapex|Toxapex, F|303\/303\n|move|p1a: Muk|Knock Off|p2a: Toxapex\n|-damage|p2a: Toxapex|261\/303\n|\n|upkeep\n|turn|67\n|j|Sebasklei\n|choice|move knockoff|switch 6\n|\n|switch|p2a: Skarmory|Skarmory, M|333\/333\n|move|p1a: Muk|Knock Off|p2a: Skarmory\n|-damage|p2a: Skarmory|266\/333\n|-damage|p1a: Muk|295\/413|[from] item: Rocky Helmet|[of] p2a: Skarmory\n|-enditem|p2a: Skarmory|Rocky Helmet|[from] move: Knock Off|[of] p1a: Muk\n|\n|upkeep\n|turn|68\n|choice|move flamethrower|switch 6\n|\n|switch|p2a: Toxapex|Toxapex, F|303\/303\n|move|p1a: Muk|Flamethrower|p2a: Toxapex\n|-resisted|p2a: Toxapex\n|-damage|p2a: Toxapex|285\/303\n|\n|upkeep\n|turn|69\n|choice|switch 5|switch 6\n|\n|switch|p1a: Zapdos|Zapdos|383\/383\n|-ability|p1a: Zapdos|Pressure\n|switch|p2a: Skarmory|Skarmory, M|266\/333\n|\n|upkeep\n|turn|70\n|choice|switch 4|switch 2\n|\n|switch|p1a: Sableye|Sableye-Mega, F|304\/304\n|switch|p2a: Chansey|Chansey, F|631\/703\n|\n|upkeep\n|turn|71\n|choice|switch 2|switch 6\n|\n|switch|p2a: Toxapex|Toxapex, F|303\/303\n|switch|p1a: Clefable|Clefable, F|393\/393\n|\n|upkeep\n|turn|72\n|inactive|Q114 has 135 seconds left.\n|choice|switch 4|switch 2\n|\n|switch|p1a: Zapdos|Zapdos|383\/383\n|-ability|p1a: Zapdos|Pressure\n|switch|p2a: Skarmory|Skarmory, M|266\/333\n|\n|upkeep\n|turn|73\n|choice|switch 2|switch 6\n|\n|switch|p1a: Sableye|Sableye-Mega, F|304\/304\n|switch|p2a: Chansey|Chansey, F|631\/703\n|\n|upkeep\n|turn|74\n|l|Sebasklei\n|choice|switch 5|switch 2\n|\n|switch|p2a: Toxapex|Toxapex, F|303\/303\n|switch|p1a: Muk|Muk-Alola, F|295\/413\n|\n|upkeep\n|turn|75\n|choice|switch 6|switch 6\n|\n|switch|p1a: Suicune|Suicune|403\/403\n|-ability|p1a: Suicune|Pressure\n|switch|p2a: Skarmory|Skarmory, M|266\/333\n|\n|upkeep\n|turn|76\n|choice|move calmmind|switch 2\n|\n|switch|p2a: Chansey|Chansey, F|631\/703\n|move|p1a: Suicune|Calm Mind|p1a: Suicune\n|-boost|p1a: Suicune|spa|1\n|-boost|p1a: Suicune|spd|1\n|\n|upkeep\n|turn|77\n|choice|move scald|switch 6\n|\n|switch|p2a: Toxapex|Toxapex, F|303\/303\n|move|p1a: Suicune|Scald|p2a: Toxapex\n|-resisted|p2a: Toxapex\n|-damage|p2a: Toxapex|258\/303\n|\n|upkeep\n|turn|78\n|choice|switch 2|switch 6\n|\n|switch|p1a: Zapdos|Zapdos|383\/383\n|-ability|p1a: Zapdos|Pressure\n|switch|p2a: Chansey|Chansey, F|631\/703\n|\n|upkeep\n|turn|79\n|choice|switch 5|switch 6\n|\n|switch|p1a: Sableye|Sableye-Mega, F|304\/304\n|switch|p2a: Toxapex|Toxapex, F|303\/303\n|\n|upkeep\n|turn|80\n|choice|switch 5|switch 4\n|\n|switch|p2a: Sableye|Sableye-Mega, F|303\/303\n|switch|p1a: Zapdos|Zapdos|383\/383\n|-ability|p1a: Zapdos|Pressure\n|\n|upkeep\n|turn|81\n|choice|switch 3|switch 6\n|\n|switch|p1a: Chansey|Chansey, F|704\/704\n|switch|p2a: Chansey|Chansey, F|631\/703\n|\n|upkeep\n|turn|82\n|choice|switch 3|switch 2\n|\n|switch|p1a: Zapdos|Zapdos|383\/383\n|-ability|p1a: Zapdos|Pressure\n|switch|p2a: Skarmory|Skarmory, M|266\/333\n|\n|upkeep\n|turn|83\n|choice|switch 3|switch 4\n|\n|switch|p1a: Chansey|Chansey, F|704\/704\n|switch|p2a: Toxapex|Toxapex, F|303\/303\n|\n|upkeep\n|turn|84\n|choice|switch 3|switch 4\n|\n|switch|p1a: Zapdos|Zapdos|383\/383\n|-ability|p1a: Zapdos|Pressure\n|switch|p2a: Skarmory|Skarmory, M|266\/333\n|\n|upkeep\n|turn|85\n|choice|switch 5|switch 2\n|\n|switch|p1a: Sableye|Sableye-Mega, F|304\/304\n|switch|p2a: Chansey|Chansey, F|631\/703\n|\n|upkeep\n|turn|86\n|choice|switch 5|switch 4\n|\n|switch|p2a: Toxapex|Toxapex, F|303\/303\n|switch|p1a: Zapdos|Zapdos|383\/383\n|-ability|p1a: Zapdos|Pressure\n|\n|upkeep\n|turn|87\n|choice|switch 2|switch 6\n|\n|switch|p1a: Suicune|Suicune|403\/403\n|-ability|p1a: Suicune|Pressure\n|switch|p2a: Sableye|Sableye-Mega, F|303\/303\n|\n|upkeep\n|turn|88\n|choice|switch 2|switch 6\n|\n|switch|p1a: Zapdos|Zapdos|383\/383\n|-ability|p1a: Zapdos|Pressure\n|switch|p2a: Toxapex|Toxapex, F|303\/303\n|\n|upkeep\n|turn|89\n|choice|switch 2|switch 4\n|\n|switch|p1a: Suicune|Suicune|403\/403\n|-ability|p1a: Suicune|Pressure\n|switch|p2a: Chansey|Chansey, F|631\/703\n|\n|upkeep\n|turn|90\n|choice|switch 3|switch 4\n|\n|switch|p1a: Chansey|Chansey, F|704\/704\n|switch|p2a: Toxapex|Toxapex, F|303\/303\n|\n|upkeep\n|turn|91\n|choice|switch 2|switch 6\n|\n|switch|p1a: Zapdos|Zapdos|383\/383\n|-ability|p1a: Zapdos|Pressure\n|switch|p2a: Sableye|Sableye-Mega, F|303\/303\n|\n|upkeep\n|turn|92\n|choice|switch 3|switch 4\n|\n|switch|p1a: Suicune|Suicune|403\/403\n|-ability|p1a: Suicune|Pressure\n|switch|p2a: Chansey|Chansey, F|631\/703\n|\n|upkeep\n|turn|93\n|choice|switch 3|switch 6\n|\n|switch|p1a: Zapdos|Zapdos|383\/383\n|-ability|p1a: Zapdos|Pressure\n|switch|p2a: Toxapex|Toxapex, F|303\/303\n|\n|upkeep\n|turn|94\n|choice|switch 5|switch 6\n|\n|switch|p1a: Sableye|Sableye-Mega, F|304\/304\n|switch|p2a: Chansey|Chansey, F|631\/703\n|\n|upkeep\n|turn|95\n|choice|switch 5|switch 6\n|\n|switch|p2a: Toxapex|Toxapex, F|303\/303\n|switch|p1a: Zapdos|Zapdos|383\/383\n|-ability|p1a: Zapdos|Pressure\n|\n|upkeep\n|turn|96\n|choice|switch 3|switch 6\n|\n|switch|p1a: Suicune|Suicune|403\/403\n|-ability|p1a: Suicune|Pressure\n|switch|p2a: Chansey|Chansey, F|631\/703\n|\n|upkeep\n|turn|97\n|choice|switch 5|switch 6\n|\n|switch|p1a: Sableye|Sableye-Mega, F|304\/304\n|switch|p2a: Toxapex|Toxapex, F|303\/303\n|\n|upkeep\n|turn|98\n|choice|switch 3|switch 4\n|\n|switch|p2a: Sableye|Sableye-Mega, F|303\/303\n|switch|p1a: Zapdos|Zapdos|383\/383\n|-ability|p1a: Zapdos|Pressure\n|\n|upkeep\n|turn|99\n|choice|switch 6|switch 6\n|\n|switch|p1a: Muk|Muk-Alola, F|295\/413\n|switch|p2a: Chansey|Chansey, F|631\/703\n|\n|upkeep\n|turn|100\n|choice|switch 3|switch 4\n|\n|switch|p2a: Toxapex|Toxapex, F|303\/303\n|switch|p1a: Sableye|Sableye-Mega, F|304\/304\n|\n|upkeep\n|turn|101\n|choice|switch 6|switch 6\n|\n|switch|p2a: Sableye|Sableye-Mega, F|303\/303\n|switch|p1a: Zapdos|Zapdos|383\/383\n|-ability|p1a: Zapdos|Pressure\n|\n|upkeep\n|turn|102\n|choice|switch 6|switch 6\n|\n|switch|p1a: Sableye|Sableye-Mega, F|304\/304\n|switch|p2a: Toxapex|Toxapex, F|303\/303\n|\n|upkeep\n|turn|103\n|choice|switch 5|switch 6\n|\n|switch|p2a: Sableye|Sableye-Mega, F|303\/303\n|switch|p1a: Suicune|Suicune|403\/403\n|-ability|p1a: Suicune|Pressure\n|\n|upkeep\n|turn|104\n|inactive|thr3at 2.0 has 135 seconds left.\n|c|\u2606thr3at 2.0|gg\n|c|\u2606thr3at 2.0|jk\n|inactive|thr3at 2.0 has 120 seconds left.\n|choice|switch 6|switch 6\n|\n|switch|p1a: Zapdos|Zapdos|383\/383\n|-ability|p1a: Zapdos|Pressure\n|switch|p2a: Toxapex|Toxapex, F|303\/303\n|\n|upkeep\n|turn|105\n|c| stay a1ert|LOL\n|c| Fuckjosefstallin|my moneys on thr3\n|inactive|thr3at 2.0 has 135 seconds left.\n|c|\u2606thr3at 2.0|hes mad cuz he got 6-0'ed earlier lmao\n|c| Fuckjosefstallin|he\/she is a god\n|choice|switch 5|switch 4\n|\n|switch|p1a: Sableye|Sableye-Mega, F|304\/304\n|switch|p2a: Chansey|Chansey, F|631\/703\n|\n|upkeep\n|turn|106\n|choice|switch 5|switch 4\n|\n|switch|p2a: Toxapex|Toxapex, F|303\/303\n|switch|p1a: Zapdos|Zapdos|383\/383\n|-ability|p1a: Zapdos|Pressure\n|\n|upkeep\n|turn|107\n|j|Jake Alex\n|c|\u2606thr3at 2.0|tie?\n|c|\u2606thr3at 2.0|lmao\n|inactive|thr3at 2.0 has 135 seconds left.\n|choice|switch 6|switch 4\n|\n|switch|p1a: Suicune|Suicune|403\/403\n|-ability|p1a: Suicune|Pressure\n|switch|p2a: Chansey|Chansey, F|631\/703\n|\n|upkeep\n|turn|108\n|c|\u2606thr3at 2.0|lets draw bro\n|choice|switch 5|switch 4\n|\n|switch|p1a: Sableye|Sableye-Mega, F|304\/304\n|switch|p2a: Toxapex|Toxapex, F|303\/303\n|\n|upkeep\n|turn|109\n|choice|switch 6|switch 6\n|\n|switch|p2a: Sableye|Sableye-Mega, F|303\/303\n|switch|p1a: Zapdos|Zapdos|383\/383\n|-ability|p1a: Zapdos|Pressure\n|\n|upkeep\n|turn|110\n|c| Fuckjosefstallin|if only you could tie in this game it would end so many games faster\n|inactive|thr3at 2.0 has 135 seconds left.\n|c| Fuckjosefstallin|I once saw a >500  game\n|c|\u2606thr3at 2.0|u can do it if sync the timers and let it run out\n|inactive|thr3at 2.0 has 120 seconds left.\n|choice|switch 6|switch 4\n|\n|switch|p1a: Sableye|Sableye-Mega, F|304\/304\n|switch|p2a: Chansey|Chansey, F|631\/703\n|\n|upkeep\n|turn|111\n|choice|switch 6|switch 6\n|\n|switch|p2a: Toxapex|Toxapex, F|303\/303\n|switch|p1a: Zapdos|Zapdos|383\/383\n|-ability|p1a: Zapdos|Pressure\n|\n|upkeep\n|turn|112\n|choice|switch 6|switch 6\n|\n|switch|p1a: Sableye|Sableye-Mega, F|304\/304\n|switch|p2a: Chansey|Chansey, F|631\/703\n|\n|upkeep\n|turn|113\n|choice|move willowisp|switch 6\n|\n|switch|p2a: Toxapex|Toxapex, F|303\/303\n|move|p1a: Sableye|Will-O-Wisp|p2a: Toxapex\n|-status|p2a: Toxapex|brn\n|\n|-damage|p2a: Toxapex|285\/303 brn|[from] brn\n|upkeep\n|turn|114\n|choice|switch 6|switch 4\n|\n|switch|p2a: Sableye|Sableye-Mega, F|303\/303\n|switch|p1a: Zapdos|Zapdos|383\/383\n|-ability|p1a: Zapdos|Pressure\n|\n|upkeep\n|turn|115\n|choice|switch 6|switch 6\n|\n|switch|p1a: Sableye|Sableye-Mega, F|304\/304\n|switch|p2a: Chansey|Chansey, F|631\/703\n|\n|upkeep\n|turn|116\n|choice|switch 6|switch 4\n|\n|switch|p2a: Toxapex|Toxapex, F|303\/303 brn\n|switch|p1a: Zapdos|Zapdos|383\/383\n|-ability|p1a: Zapdos|Pressure\n|\n|-damage|p2a: Toxapex|285\/303 brn|[from] brn\n|upkeep\n|turn|117\n|choice|switch 5|switch 4\n|\n|switch|p1a: Suicune|Suicune|403\/403\n|-ability|p1a: Suicune|Pressure\n|switch|p2a: Chansey|Chansey, F|631\/703\n|\n|upkeep\n|turn|118\n|inactive|thr3at 2.0 has 135 seconds left.\n|inactive|thr3at 2.0 has 120 seconds left.\n|choice|switch 6|switch 4\n|\n|switch|p1a: Sableye|Sableye-Mega, F|304\/304\n|switch|p2a: Toxapex|Toxapex, F|303\/303 brn\n|\n|-damage|p2a: Toxapex|285\/303 brn|[from] brn\n|upkeep\n|turn|119\n|inactive|thr3at 2.0 has 135 seconds left.\n|inactive|thr3at 2.0 has 120 seconds left.\n|choice|switch 5|switch 6\n|\n|switch|p2a: Sableye|Sableye-Mega, F|303\/303\n|switch|p1a: Zapdos|Zapdos|383\/383\n|-ability|p1a: Zapdos|Pressure\n|\n|upkeep\n|turn|120\n|choice|switch 5|switch 4\n|\n|switch|p1a: Sableye|Sableye-Mega, F|304\/304\n|switch|p2a: Chansey|Chansey, F|631\/703\n|\n|upkeep\n|turn|121\n|inactive|thr3at 2.0 has 135 seconds left.\n|c|\u2606thr3at 2.0|no reason to go so fast\n|inactive|thr3at 2.0 has 120 seconds left.\n|inactive|thr3at 2.0 has 105 seconds left.\n|choice|switch 6|switch 6\n|\n|switch|p2a: Toxapex|Toxapex, F|303\/303 brn\n|switch|p1a: Suicune|Suicune|403\/403\n|-ability|p1a: Suicune|Pressure\n|\n|-damage|p2a: Toxapex|285\/303 brn|[from] brn\n|upkeep\n|turn|122\n|choice|switch 5|switch 6\n|\n|switch|p1a: Zapdos|Zapdos|383\/383\n|-ability|p1a: Zapdos|Pressure\n|switch|p2a: Chansey|Chansey, F|631\/703\n|\n|upkeep\n|turn|123\n|choice|switch 6|switch 6\n|\n|switch|p1a: Sableye|Sableye-Mega, F|304\/304\n|switch|p2a: Toxapex|Toxapex, F|303\/303 brn\n|\n|-damage|p2a: Toxapex|285\/303 brn|[from] brn\n|upkeep\n|turn|124\n|choice|switch 3|switch 4\n|\n|switch|p2a: Sableye|Sableye-Mega, F|303\/303\n|switch|p1a: Muk|Muk-Alola, F|295\/413\n|\n|upkeep\n|turn|125\n|choice|move pursuit|switch 4\n|\n|-activate|p2a: Sableye|move: Pursuit\n|move|p1a: Muk|Pursuit|p2a: Sableye|[from]Pursuit\n|-damage|p2a: Sableye|224\/303\n|-status|p2a: Sableye|psn|[from] ability: Poison Touch|[of] p1a: Muk\n|switch|p2a: Toxapex|Toxapex, F|303\/303 brn\n|\n|-damage|p2a: Toxapex|285\/303 brn|[from] brn\n|upkeep\n|turn|126\n|choice|switch 6|switch 2\n|\n|switch|p1a: Zapdos|Zapdos|383\/383\n|-ability|p1a: Zapdos|Pressure\n|switch|p2a: Skarmory|Skarmory, M|266\/333\n|\n|upkeep\n|turn|127\n|c|\u2606thr3at 2.0|this guy really wants it too\n|inactive|thr3at 2.0 has 135 seconds left.\n|choice|switch 3|switch 2\n|\n|switch|p1a: Sableye|Sableye-Mega, F|304\/304\n|switch|p2a: Toxapex|Toxapex, F|303\/303 brn\n|\n|-damage|p2a: Toxapex|285\/303 brn|[from] brn\n|upkeep\n|turn|128\n|choice|switch 3|switch 2\n|\n|switch|p2a: Skarmory|Skarmory, M|266\/333\n|switch|p1a: Zapdos|Zapdos|383\/383\n|-ability|p1a: Zapdos|Pressure\n|\n|upkeep\n|turn|129\n|c|\u2606thr3at 2.0|sucks to try your best and still lose\n|inactive|thr3at 2.0 has 135 seconds left.\n|c|\u2606thr3at 2.0|esp when it takes 1000 turns\n|choice|switch 3|switch 6\n|\n|switch|p1a: Sableye|Sableye-Mega, F|304\/304\n|switch|p2a: Chansey|Chansey, F|631\/703\n|\n|upkeep\n|turn|130\n|choice|switch 3|switch 2\n|\n|switch|p2a: Toxapex|Toxapex, F|303\/303 brn\n|switch|p1a: Zapdos|Zapdos|383\/383\n|-ability|p1a: Zapdos|Pressure\n|\n|-damage|p2a: Toxapex|285\/303 brn|[from] brn\n|upkeep\n|turn|131\n|choice|switch 5|switch 2\n|\n|switch|p1a: Suicune|Suicune|403\/403\n|-ability|p1a: Suicune|Pressure\n|switch|p2a: Chansey|Chansey, F|631\/703\n|\n|upkeep\n|turn|132\n|choice|switch 3|switch 5\n|\n|switch|p1a: Sableye|Sableye-Mega, F|304\/304\n|switch|p2a: Clefable|Clefable, M|347\/393\n|\n|-heal|p2a: Clefable|371\/393|[from] item: Leftovers\n|upkeep\n|turn|133\n|choice|move knockoff|switch 2\n|\n|switch|p2a: Toxapex|Toxapex, F|303\/303 brn\n|move|p1a: Sableye|Knock Off|p2a: Toxapex\n|-crit|p2a: Toxapex\n|-damage|p2a: Toxapex|248\/303 brn\n|\n|-damage|p2a: Toxapex|230\/303 brn|[from] brn\n|upkeep\n|turn|134\n|choice|move knockoff|switch 6\n|\n|switch|p2a: Skarmory|Skarmory, M|266\/333\n|move|p1a: Sableye|Knock Off|p2a: Skarmory\n|-damage|p2a: Skarmory|224\/333\n|\n|upkeep\n|turn|135\n|choice|switch 5|switch 6\n|\n|switch|p2a: Toxapex|Toxapex, F|303\/303 brn\n|switch|p1a: Zapdos|Zapdos|383\/383\n|-ability|p1a: Zapdos|Pressure\n|\n|-damage|p2a: Toxapex|285\/303 brn|[from] brn\n|upkeep\n|turn|136\n|choice|switch 2|switch 5\n|\n|switch|p1a: Chansey|Chansey, F|704\/704\n|switch|p2a: Chansey|Chansey, F|631\/703\n|\n|upkeep\n|turn|137\n|choice|switch 5|switch 6\n|\n|switch|p1a: Sableye|Sableye-Mega, F|304\/304\n|switch|p2a: Skarmory|Skarmory, M|224\/333\n|\n|upkeep\n|turn|138\n|choice|switch 5|switch 5\n|\n|switch|p2a: Toxapex|Toxapex, F|303\/303 brn\n|switch|p1a: Chansey|Chansey, F|704\/704\n|\n|-damage|p2a: Toxapex|285\/303 brn|[from] brn\n|upkeep\n|turn|139\n|choice|switch 2|switch 4\n|\n|switch|p1a: Zapdos|Zapdos|383\/383\n|-ability|p1a: Zapdos|Pressure\n|switch|p2a: Sableye|Sableye-Mega, F|224\/303 psn\n|\n|-damage|p2a: Sableye|187\/303 psn|[from] psn\n|upkeep\n|turn|140\n|choice|switch 2|switch 2\n|\n|switch|p1a: Chansey|Chansey, F|704\/704\n|switch|p2a: Clefable|Clefable, M|371\/393\n|\n|-heal|p2a: Clefable|393\/393|[from] item: Leftovers\n|upkeep\n|turn|141\n|choice|switch 6|move healbell\n|\n|switch|p1a: Muk|Muk-Alola, F|295\/413\n|move|p2a: Clefable|Heal Bell|p2a: Clefable\n|-activate|p2a: Clefable|move: Heal Bell\n|-curestatus|p2: Sableye|psn|[msg]\n|-curestatus|p2: Toxapex|brn|[msg]\n|\n|upkeep\n|turn|142\n|choice|move pursuit|switch 4\n|\n|-activate|p2a: Clefable|move: Pursuit\n|move|p1a: Muk|Pursuit|p2a: Clefable|[from]Pursuit\n|-resisted|p2a: Clefable\n|-damage|p2a: Clefable|353\/393\n|switch|p2a: Toxapex|Toxapex, F|303\/303\n|\n|upkeep\n|turn|143\n|choice|move poisonfang|switch 5\n|\n|switch|p2a: Skarmory|Skarmory, M|224\/333\n|move|p1a: Muk|Poison Fang|p2a: Skarmory\n|-immune|p2a: Skarmory|[msg]\n|\n|upkeep\n|turn|144\n|choice|move flamethrower|move roost\n|\n|move|p2a: Skarmory|Roost|p2a: Skarmory\n|-heal|p2a: Skarmory|333\/333\n|move|p1a: Muk|Flamethrower|p2a: Skarmory\n|-supereffective|p2a: Skarmory\n|-damage|p2a: Skarmory|191\/333\n|\n|upkeep\n|turn|145\n|choice|switch 6|move roost\n|\n|switch|p1a: Chansey|Chansey, F|704\/704\n|move|p2a: Skarmory|Roost|p2a: Skarmory\n|-heal|p2a: Skarmory|333\/333\n|\n|upkeep\n|turn|146\n|choice|switch 5|move spikes\n|\n|switch|p1a: Sableye|Sableye-Mega, F|304\/304\n|move|p2a: Skarmory|Spikes|p1a: Sableye\n|move|p1a: Sableye|Spikes|p2a: Skarmory|[from]Magic Bounce\n|-sidestart|p2: Q114|Spikes\n|\n|upkeep\n|turn|147\n|choice|switch 2|switch 5\n|\n|switch|p2a: Toxapex|Toxapex, F|303\/303\n|-damage|p2a: Toxapex|266\/303|[from] Spikes\n|switch|p1a: Zapdos|Zapdos|383\/383\n|-ability|p1a: Zapdos|Pressure\n|\n|upkeep\n|turn|148\n|l|stay a1ert\n|choice|switch 5|move toxicspikes\n|\n|switch|p1a: Chansey|Chansey, F|704\/704\n|move|p2a: Toxapex|Toxic Spikes|p1a: Chansey\n|-sidestart|p1: thr3at 2.0|move: Toxic Spikes\n|\n|upkeep\n|turn|149\n|choice|switch 6|switch 5\n|\n|switch|p1a: Muk|Muk-Alola, F|295\/413\n|-sideend|p1: thr3at 2.0|move: Toxic Spikes|[of] p1a: Muk\n|switch|p2a: Skarmory|Skarmory, M|333\/333\n|\n|upkeep\n|turn|150\n|choice|switch 5|switch 5\n|\n|switch|p2a: Toxapex|Toxapex, F|303\/303\n|-damage|p2a: Toxapex|266\/303|[from] Spikes\n|switch|p1a: Zapdos|Zapdos|383\/383\n|-ability|p1a: Zapdos|Pressure\n|\n|upkeep\n|turn|151\n|choice|switch 5|switch 5\n|\n|switch|p1a: Muk|Muk-Alola, F|295\/413\n|switch|p2a: Skarmory|Skarmory, M|333\/333\n|\n|upkeep\n|turn|152\n|choice|switch 5|move defog\n|\n|switch|p1a: Zapdos|Zapdos|383\/383\n|-ability|p1a: Zapdos|Pressure\n|move|p2a: Skarmory|Defog|p1a: Zapdos\n|-unboost|p1a: Zapdos|evasion|1\n|-sideend|p2: Q114|Spikes|[from] move: Defog|[of] p2a: Skarmory\n|\n|upkeep\n|turn|153\n|choice|switch 2|switch 5\n|\n|switch|p1a: Sableye|Sableye-Mega, F|304\/304\n|switch|p2a: Toxapex|Toxapex, F|303\/303\n|\n|upkeep\n|turn|154\n|choice|switch 6|switch 5\n|\n|switch|p2a: Skarmory|Skarmory, M|333\/333\n|switch|p1a: Chansey|Chansey, F|704\/704\n|\n|upkeep\n|turn|155\n|choice|switch 5|switch 5\n|\n|switch|p2a: Toxapex|Toxapex, F|303\/303\n|switch|p1a: Muk|Muk-Alola, F|295\/413\n|\n|upkeep\n|turn|156\n|choice|switch 2|switch 2\n|\n|switch|p1a: Zapdos|Zapdos|383\/383\n|-ability|p1a: Zapdos|Pressure\n|switch|p2a: Sableye|Sableye-Mega, F|187\/303\n|\n|upkeep\n|turn|157\n|choice|switch 5|move recover\n|\n|switch|p1a: Chansey|Chansey, F|704\/704\n|move|p2a: Sableye|Recover|p2a: Sableye\n|-heal|p2a: Sableye|303\/303\n|\n|upkeep\n|turn|158\n|choice|switch 5|switch 2\n|\n|switch|p1a: Zapdos|Zapdos|383\/383\n|-ability|p1a: Zapdos|Pressure\n|switch|p2a: Toxapex|Toxapex, F|303\/303\n|\n|upkeep\n|turn|159\n|choice|switch 5|switch 6\n|\n|switch|p1a: Chansey|Chansey, F|704\/704\n|switch|p2a: Chansey|Chansey, F|631\/703\n|\n|upkeep\n|turn|160\n|c| Fuckjosefstallin|Careful! He has you on the ropes!\n|choice|switch 5|switch 6\n|\n|switch|p1a: Zapdos|Zapdos|383\/383\n|-ability|p1a: Zapdos|Pressure\n|switch|p2a: Toxapex|Toxapex, F|303\/303\n|\n|upkeep\n|turn|161\n|choice|switch 5|switch 6\n|\n|switch|p1a: Chansey|Chansey, F|704\/704\n|switch|p2a: Chansey|Chansey, F|631\/703\n|\n|upkeep\n|turn|162\n|choice|switch 6|switch 2\n|\n|switch|p1a: Sableye|Sableye-Mega, F|304\/304\n|switch|p2a: Sableye|Sableye-Mega, F|303\/303\n|\n|upkeep\n|turn|163\n|choice|switch 5|switch 6\n|\n|switch|p2a: Toxapex|Toxapex, F|303\/303\n|switch|p1a: Zapdos|Zapdos|383\/383\n|-ability|p1a: Zapdos|Pressure\n|\n|upkeep\n|turn|164\n|choice|switch 5|switch 2\n|\n|switch|p1a: Sableye|Sableye-Mega, F|304\/304\n|switch|p2a: Chansey|Chansey, F|631\/703\n|\n|upkeep\n|turn|165\n|choice|switch 6|switch 2\n|\n|switch|p2a: Toxapex|Toxapex, F|303\/303\n|switch|p1a: Chansey|Chansey, F|704\/704\n|\n|upkeep\n|turn|166\n|choice|switch 2|switch 6\n|\n|switch|p1a: Muk|Muk-Alola, F|295\/413\n|switch|p2a: Sableye|Sableye-Mega, F|303\/303\n|\n|upkeep\n|turn|167\n|choice|move pursuit|move protect\n|\n|move|p2a: Sableye|Protect|p2a: Sableye\n|-singleturn|p2a: Sableye|Protect\n|move|p1a: Muk|Pursuit|p2a: Sableye\n|-activate|p2a: Sableye|move: Protect\n|\n|upkeep\n|turn|168\n|choice|move pursuit|move willowisp\n|\n|move|p1a: Muk|Pursuit|p2a: Sableye\n|-damage|p2a: Sableye|260\/303\n|move|p2a: Sableye|Will-O-Wisp|p1a: Muk\n|-status|p1a: Muk|brn\n|\n|-damage|p1a: Muk|270\/413 brn|[from] brn\n|upkeep\n|turn|169\n|choice|move pursuit|move protect\n|\n|move|p2a: Sableye|Protect|p2a: Sableye\n|-singleturn|p2a: Sableye|Protect\n|move|p1a: Muk|Pursuit|p2a: Sableye\n|-activate|p2a: Sableye|move: Protect\n|\n|-damage|p1a: Muk|245\/413 brn|[from] brn\n|upkeep\n|turn|170\n|choice|move pursuit|switch 6\n|\n|-activate|p2a: Sableye|move: Pursuit\n|move|p1a: Muk|Pursuit|p2a: Sableye|[from]Pursuit\n|-damage|p2a: Sableye|221\/303\n|-status|p2a: Sableye|psn|[from] ability: Poison Touch|[of] p1a: Muk\n|switch|p2a: Toxapex|Toxapex, F|303\/303\n|\n|-damage|p1a: Muk|220\/413 brn|[from] brn\n|upkeep\n|turn|171\n|c|\u2606thr3at 2.0|lmao\n|choice|switch 5|switch 3\n|\n|switch|p1a: Zapdos|Zapdos|383\/383\n|-ability|p1a: Zapdos|Pressure\n|switch|p2a: Magnezone|Magnezone|281\/281\n|\n|upkeep\n|turn|172\n|choice|switch 2|switch 3\n|\n|switch|p2a: Toxapex|Toxapex, F|303\/303\n|switch|p1a: Chansey|Chansey, F|704\/704\n|\n|upkeep\n|turn|173\n|choice|switch 2|move toxicspikes\n|\n|switch|p1a: Zapdos|Zapdos|383\/383\n|-ability|p1a: Zapdos|Pressure\n|move|p2a: Toxapex|Toxic Spikes|p1a: Zapdos\n|-sidestart|p1: thr3at 2.0|move: Toxic Spikes\n|\n|upkeep\n|turn|174\n|choice|move defog|move scald\n|\n|move|p1a: Zapdos|Defog|p2a: Toxapex\n|-unboost|p2a: Toxapex|evasion|1\n|-sideend|p1: thr3at 2.0|Toxic Spikes|[from] move: Defog|[of] p1a: Zapdos\n|move|p2a: Toxapex|Scald|p1a: Zapdos\n|-damage|p1a: Zapdos|323\/383\n|\n|upkeep\n|turn|175\n|choice|switch 4|move scald\n|\n|switch|p1a: Clefable|Clefable, F|393\/393\n|move|p2a: Toxapex|Scald|p1a: Clefable\n|-damage|p1a: Clefable|332\/393\n|\n|-heal|p1a: Clefable|356\/393|[from] item: Leftovers\n|upkeep\n|turn|176\n|choice|move wish|switch 4\n|\n|switch|p2a: Clefable|Clefable, M|353\/393\n|move|p1a: Clefable|Wish|p1a: Clefable\n|\n|-heal|p2a: Clefable|377\/393|[from] item: Leftovers\n|-heal|p1a: Clefable|380\/393|[from] item: Leftovers\n|upkeep\n|turn|177\n|choice|switch 5|move healbell\n|\n|switch|p1a: Muk|Muk-Alola, F|220\/413 brn\n|move|p2a: Clefable|Heal Bell|p2a: Clefable\n|-activate|p2a: Clefable|move: Heal Bell\n|-curestatus|p2: Sableye|psn|[msg]\n|\n|-heal|p1a: Muk|413\/413 brn|[from] move: Wish|[wisher] Clefable\n|-heal|p2a: Clefable|393\/393|[from] item: Leftovers\n|-damage|p1a: Muk|388\/413 brn|[from] brn\n|upkeep\n|turn|178\n|choice|move pursuit|move protect\n|\n|move|p2a: Clefable|Protect|p2a: Clefable\n|-singleturn|p2a: Clefable|Protect\n|move|p1a: Muk|Pursuit|p2a: Clefable\n|-activate|p2a: Clefable|move: Protect\n|\n|-damage|p1a: Muk|363\/413 brn|[from] brn\n|upkeep\n|turn|179\n|choice|move pursuit|switch 4\n|\n|-activate|p2a: Clefable|move: Pursuit\n|move|p1a: Muk|Pursuit|p2a: Clefable|[from]Pursuit\n|-resisted|p2a: Clefable\n|-damage|p2a: Clefable|371\/393\n|-status|p2a: Clefable|psn|[from] ability: Poison Touch|[of] p1a: Muk\n|switch|p2a: Toxapex|Toxapex, F|303\/303\n|\n|-damage|p1a: Muk|338\/413 brn|[from] brn\n|upkeep\n|turn|180\n|choice|switch 4|switch 5\n|\n|switch|p1a: Zapdos|Zapdos|323\/383\n|-ability|p1a: Zapdos|Pressure\n|switch|p2a: Skarmory|Skarmory, M|333\/333\n|\n|upkeep\n|turn|181\n|choice|switch 2|switch 5\n|\n|switch|p1a: Chansey|Chansey, F|704\/704\n|switch|p2a: Toxapex|Toxapex, F|303\/303\n|\n|upkeep\n|turn|182\n|choice|switch 2|switch 2\n|\n|switch|p1a: Zapdos|Zapdos|323\/383\n|-ability|p1a: Zapdos|Pressure\n|switch|p2a: Chansey|Chansey, F|631\/703\n|\n|upkeep\n|turn|183\n|choice|switch 6|switch 2\n|\n|switch|p1a: Sableye|Sableye-Mega, F|304\/304\n|switch|p2a: Toxapex|Toxapex, F|303\/303\n|\n|upkeep\n|turn|184\n|choice|switch 6|switch 5\n|\n|switch|p2a: Skarmory|Skarmory, M|333\/333\n|switch|p1a: Zapdos|Zapdos|323\/383\n|-ability|p1a: Zapdos|Pressure\n|\n|upkeep\n|turn|185\n|choice|switch 6|switch 5\n|\n|switch|p1a: Sableye|Sableye-Mega, F|304\/304\n|switch|p2a: Toxapex|Toxapex, F|303\/303\n|\n|upkeep\n|turn|186\n|choice|switch 6|switch 6\n|\n|switch|p2a: Sableye|Sableye-Mega, F|221\/303\n|switch|p1a: Zapdos|Zapdos|323\/383\n|-ability|p1a: Zapdos|Pressure\n|\n|upkeep\n|turn|187\n|j|Ellaine Kay!\n|choice|switch 2|switch 2\n|\n|switch|p1a: Chansey|Chansey, F|704\/704\n|switch|p2a: Chansey|Chansey, F|631\/703\n|\n|upkeep\n|turn|188\n|choice|switch 2|switch 5\n|\n|switch|p1a: Zapdos|Zapdos|323\/383\n|-ability|p1a: Zapdos|Pressure\n|switch|p2a: Skarmory|Skarmory, M|333\/333\n|\n|upkeep\n|turn|189\n|choice|switch 2|switch 6\n|\n|switch|p1a: Chansey|Chansey, F|704\/704\n|switch|p2a: Toxapex|Toxapex, F|303\/303\n|\n|upkeep\n|turn|190\n|choice|move stealthrock|switch 6\n|\n|switch|p2a: Skarmory|Skarmory, M|333\/333\n|move|p1a: Chansey|Stealth Rock|p2a: Skarmory\n|-sidestart|p2: Q114|move: Stealth Rock\n|\n|upkeep\n|turn|191\n|choice|switch 2|move defog\n|\n|switch|p1a: Zapdos|Zapdos|323\/383\n|-ability|p1a: Zapdos|Pressure\n|move|p2a: Skarmory|Defog|p1a: Zapdos\n|-unboost|p1a: Zapdos|evasion|1\n|-sideend|p2: Q114|Stealth Rock|[from] move: Defog|[of] p2a: Skarmory\n|\n|upkeep\n|turn|192\n|choice|switch 6|switch 6\n|\n|switch|p1a: Sableye|Sableye-Mega, F|304\/304\n|switch|p2a: Toxapex|Toxapex, F|303\/303\n|\n|upkeep\n|turn|193\n|choice|switch 6|switch 6\n|\n|switch|p2a: Skarmory|Skarmory, M|333\/333\n|switch|p1a: Zapdos|Zapdos|323\/383\n|-ability|p1a: Zapdos|Pressure\n|\n|upkeep\n|turn|194\n|choice|switch 6|switch 6\n|\n|switch|p1a: Sableye|Sableye-Mega, F|304\/304\n|switch|p2a: Toxapex|Toxapex, F|303\/303\n|\n|upkeep\n|turn|195\n|c|\u2606thr3at 2.0|U can do it Q114!!!\n|choice|switch 6|switch 2\n|\n|switch|p2a: Sableye|Sableye-Mega, F|221\/303\n|switch|p1a: Zapdos|Zapdos|323\/383\n|-ability|p1a: Zapdos|Pressure\n|\n|upkeep\n|turn|196\n|choice|switch 6|switch 2\n|\n|switch|p1a: Sableye|Sableye-Mega, F|304\/304\n|switch|p2a: Toxapex|Toxapex, F|303\/303\n|\n|upkeep\n|turn|197\n|choice|switch 2|switch 2\n|\n|switch|p2a: Sableye|Sableye-Mega, F|221\/303\n|switch|p1a: Chansey|Chansey, F|704\/704\n|\n|upkeep\n|turn|198\n|j|Septentriones\n|choice|switch 6|switch 6\n|\n|switch|p1a: Zapdos|Zapdos|323\/383\n|-ability|p1a: Zapdos|Pressure\n|switch|p2a: Skarmory|Skarmory, M|333\/333\n|\n|upkeep\n|turn|199\n|choice|switch 2|switch 5\n|\n|switch|p1a: Sableye|Sableye-Mega, F|304\/304\n|switch|p2a: Chansey|Chansey, F|631\/703\n|\n|upkeep\n|turn|200\n|choice|switch 2|switch 2\n|\n|switch|p2a: Toxapex|Toxapex, F|303\/303\n|switch|p1a: Zapdos|Zapdos|323\/383\n|-ability|p1a: Zapdos|Pressure\n|\n|upkeep\n|turn|201\n|c| Fuckjosefstallin|I believe in you man!\n|choice|switch 3|switch 2\n|\n|switch|p1a: Suicune|Suicune|403\/403\n|-ability|p1a: Suicune|Pressure\n|switch|p2a: Chansey|Chansey, F|631\/703\n|\n|upkeep\n|turn|202\n|j|IShiva\n|choice|switch 2|switch 2\n|\n|switch|p1a: Sableye|Sableye-Mega, F|304\/304\n|switch|p2a: Toxapex|Toxapex, F|303\/303\n|\n|upkeep\n|turn|203\n|c| Fuckjosefstallin|all you have to do is wait for turn 69,000\n|choice|switch 3|switch 5\n|\n|switch|p2a: Skarmory|Skarmory, M|333\/333\n|switch|p1a: Zapdos|Zapdos|323\/383\n|-ability|p1a: Zapdos|Pressure\n|\n|upkeep\n|turn|204\n|choice|switch 3|switch 5\n|\n|switch|p1a: Sableye|Sableye-Mega, F|304\/304\n|switch|p2a: Toxapex|Toxapex, F|303\/303\n|\n|upkeep\n|turn|205\n|choice|switch 2|switch 6\n|\n|switch|p2a: Sableye|Sableye-Mega, F|221\/303\n|switch|p1a: Suicune|Suicune|403\/403\n|-ability|p1a: Suicune|Pressure\n|\n|upkeep\n|turn|206\n|choice|switch 3|switch 6\n|\n|switch|p1a: Zapdos|Zapdos|323\/383\n|-ability|p1a: Zapdos|Pressure\n|switch|p2a: Toxapex|Toxapex, F|303\/303\n|\n|upkeep\n|turn|207\n|choice|switch 3|switch 6\n|\n|switch|p1a: Suicune|Suicune|403\/403\n|-ability|p1a: Suicune|Pressure\n|switch|p2a: Sableye|Sableye-Mega, F|221\/303\n|\n|upkeep\n|turn|208\n|choice|switch 4|switch 6\n|\n|switch|p1a: Muk|Muk-Alola, F|338\/413 brn\n|switch|p2a: Toxapex|Toxapex, F|303\/303\n|\n|-damage|p1a: Muk|313\/413 brn|[from] brn\n|upkeep\n|turn|209\n|choice|switch 6|switch 3\n|\n|switch|p1a: Chansey|Chansey, F|704\/704\n|switch|p2a: Magnezone|Magnezone|281\/281\n|\n|upkeep\n|turn|210\n|choice|switch 6|switch 5\n|\n|switch|p2a: Skarmory|Skarmory, M|333\/333\n|switch|p1a: Muk|Muk-Alola, F|313\/413 brn\n|\n|-damage|p1a: Muk|288\/413 brn|[from] brn\n|upkeep\n|turn|211\n|choice|switch 3|switch 3\n|\n|switch|p2a: Toxapex|Toxapex, F|303\/303\n|switch|p1a: Zapdos|Zapdos|323\/383\n|-ability|p1a: Zapdos|Pressure\n|\n|upkeep\n|turn|212\n|choice|switch 2|switch 2\n|\n|switch|p1a: Sableye|Sableye-Mega, F|304\/304\n|switch|p2a: Chansey|Chansey, F|631\/703\n|\n|upkeep\n|turn|213\n|choice|switch 4|switch 2\n|\n|switch|p2a: Toxapex|Toxapex, F|303\/303\n|switch|p1a: Suicune|Suicune|403\/403\n|-ability|p1a: Suicune|Pressure\n|\n|upkeep\n|turn|214\n|choice|move calmmind|switch 6\n|\n|switch|p2a: Sableye|Sableye-Mega, F|221\/303\n|move|p1a: Suicune|Calm Mind|p1a: Suicune\n|-boost|p1a: Suicune|spa|1\n|-boost|p1a: Suicune|spd|1\n|\n|upkeep\n|turn|215\n|choice|switch 3|switch 6\n|\n|switch|p1a: Muk|Muk-Alola, F|288\/413 brn\n|switch|p2a: Toxapex|Toxapex, F|303\/303\n|\n|-damage|p1a: Muk|263\/413 brn|[from] brn\n|upkeep\n|turn|216\n|choice|switch 6|switch 3\n|\n|switch|p1a: Chansey|Chansey, F|704\/704\n|switch|p2a: Skarmory|Skarmory, M|333\/333\n|\n|upkeep\n|turn|217\n|choice|move healbell|move spikes\n|\n|move|p2a: Skarmory|Spikes|p1a: Chansey\n|-sidestart|p1: thr3at 2.0|Spikes\n|move|p1a: Chansey|Heal Bell|p1a: Chansey\n|-activate|p1a: Chansey|move: Heal Bell\n|-curestatus|p1: Muk|brn|[msg]\n|\n|upkeep\n|turn|218\n|choice|switch 2|switch 6\n|\n|switch|p2a: Sableye|Sableye-Mega, F|221\/303\n|switch|p1a: Zapdos|Zapdos|323\/383\n|-ability|p1a: Zapdos|Pressure\n|\n|upkeep\n|turn|219\n|choice|move defog|move knockoff\n|\n|move|p1a: Zapdos|Defog|p2a: Sableye\n|move|p2a: Sableye|Defog|p1a: Zapdos|[from]Magic Bounce\n|-unboost|p1a: Zapdos|evasion|1\n|-sideend|p1: thr3at 2.0|Spikes|[from] move: Defog|[of] p1a: Zapdos\n|move|p2a: Sableye|Knock Off|p1a: Zapdos\n|-damage|p1a: Zapdos|265\/383\n|\n|upkeep\n|turn|220\n|choice|switch 4|switch 2\n|\n|switch|p1a: Sableye|Sableye-Mega, F|304\/304\n|switch|p2a: Chansey|Chansey, F|631\/703\n|\n|upkeep\n|turn|221\n|choice|switch 4|switch 3\n|\n|switch|p2a: Toxapex|Toxapex, F|303\/303\n|switch|p1a: Zapdos|Zapdos|265\/383\n|-ability|p1a: Zapdos|Pressure\n|\n|upkeep\n|turn|222\n|choice|switch 5|switch 3\n|\n|switch|p1a: Clefable|Clefable, F|380\/393\n|switch|p2a: Chansey|Chansey, F|631\/703\n|\n|-heal|p1a: Clefable|393\/393|[from] item: Leftovers\n|upkeep\n|turn|223\n|choice|switch 4|switch 3\n|\n|switch|p1a: Sableye|Sableye-Mega, F|304\/304\n|switch|p2a: Toxapex|Toxapex, F|303\/303\n|\n|upkeep\n|turn|224\n|choice|switch 5|switch 2\n|\n|switch|p2a: Sableye|Sableye-Mega, F|221\/303\n|switch|p1a: Zapdos|Zapdos|265\/383\n|-ability|p1a: Zapdos|Pressure\n|\n|upkeep\n|turn|225\n|choice|switch 4|switch 3\n|\n|switch|p1a: Clefable|Clefable, F|393\/393\n|switch|p2a: Chansey|Chansey, F|631\/703\n|\n|upkeep\n|turn|226\n|choice|move wish|switch 2\n|\n|switch|p2a: Toxapex|Toxapex, F|303\/303\n|move|p1a: Clefable|Wish|p1a: Clefable\n|\n|upkeep\n|turn|227\n|choice|switch 4|move toxicspikes\n|\n|switch|p1a: Zapdos|Zapdos|265\/383\n|-ability|p1a: Zapdos|Pressure\n|move|p2a: Toxapex|Toxic Spikes|p1a: Zapdos\n|-sidestart|p1: thr3at 2.0|move: Toxic Spikes\n|\n|-heal|p1a: Zapdos|383\/383|[from] move: Wish|[wisher] Clefable\n|upkeep\n|turn|228\n|choice|move defog|switch 6\n|\n|switch|p2a: Skarmory|Skarmory, M|333\/333\n|move|p1a: Zapdos|Defog|p2a: Skarmory\n|-unboost|p2a: Skarmory|evasion|1\n|-sideend|p1: thr3at 2.0|Toxic Spikes|[from] move: Defog|[of] p1a: Zapdos\n|\n|upkeep\n|turn|229\n|choice|switch 5|switch 2\n|\n|switch|p1a: Sableye|Sableye-Mega, F|304\/304\n|switch|p2a: Chansey|Chansey, F|631\/703\n|\n|upkeep\n|turn|230\n|choice|switch 6|switch 3\n|\n|switch|p2a: Sableye|Sableye-Mega, F|221\/303\n|switch|p1a: Muk|Muk-Alola, F|263\/413\n|\n|upkeep\n|turn|231\n|choice|move pursuit|move protect\n|\n|move|p2a: Sableye|Protect|p2a: Sableye\n|-singleturn|p2a: Sableye|Protect\n|move|p1a: Muk|Pursuit|p2a: Sableye\n|-activate|p2a: Sableye|move: Protect\n|\n|upkeep\n|turn|232\n|choice|move pursuit|move willowisp\n|\n|move|p1a: Muk|Pursuit|p2a: Sableye\n|-damage|p2a: Sableye|181\/303\n|-status|p2a: Sableye|psn|[from] ability: Poison Touch|[of] p1a: Muk\n|move|p2a: Sableye|Will-O-Wisp|p1a: Muk|[miss]\n|-miss|p2a: Sableye|p1a: Muk\n|\n|-damage|p2a: Sableye|144\/303 psn|[from] psn\n|upkeep\n|turn|233\n|j|Gun of Brixton\n|choice|switch 6|move recover\n|\n|switch|p1a: Sableye|Sableye-Mega, F|304\/304\n|move|p2a: Sableye|Recover|p2a: Sableye\n|-heal|p2a: Sableye|296\/303 psn\n|\n|-damage|p2a: Sableye|259\/303 psn|[from] psn\n|upkeep\n|turn|234\n|choice|move willowisp|switch 6\n|\n|switch|p2a: Toxapex|Toxapex, F|303\/303\n|move|p1a: Sableye|Will-O-Wisp|p2a: Toxapex\n|-status|p2a: Toxapex|brn\n|\n|-damage|p2a: Toxapex|285\/303 brn|[from] brn\n|upkeep\n|turn|235\n|choice|move willowisp|switch 3\n|\n|switch|p2a: Chansey|Chansey, F|631\/703\n|move|p1a: Sableye|Will-O-Wisp|p2a: Chansey|[miss]\n|-miss|p1a: Sableye|p2a: Chansey\n|\n|upkeep\n|turn|236\n|choice|move knockoff|switch 3\n|\n|switch|p2a: Toxapex|Toxapex, F|303\/303 brn\n|move|p1a: Sableye|Knock Off|p2a: Toxapex\n|-damage|p2a: Toxapex|266\/303 brn\n|\n|-damage|p2a: Toxapex|248\/303 brn|[from] brn\n|upkeep\n|turn|237\n|choice|switch 5|move scald\n|\n|switch|p1a: Zapdos|Zapdos|383\/383\n|-ability|p1a: Zapdos|Pressure\n|move|p2a: Toxapex|Scald|p1a: Zapdos\n|-damage|p1a: Zapdos|317\/383\n|-status|p1a: Zapdos|brn\n|\n|-damage|p1a: Zapdos|294\/383 brn|[from] brn\n|-damage|p2a: Toxapex|230\/303 brn|[from] brn\n|upkeep\n|turn|238\n|choice|switch 6|switch 3\n|\n|switch|p1a: Muk|Muk-Alola, F|263\/413\n|switch|p2a: Chansey|Chansey, F|631\/703\n|\n|upkeep\n|turn|239\n|choice|switch 5|switch 3\n|\n|switch|p2a: Toxapex|Toxapex, F|303\/303 brn\n|switch|p1a: Sableye|Sableye-Mega, F|304\/304\n|\n|-damage|p2a: Toxapex|285\/303 brn|[from] brn\n|upkeep\n|turn|240\n|choice|move willowisp|switch 5\n|\n|switch|p2a: Magnezone|Magnezone|281\/281\n|move|p1a: Sableye|Will-O-Wisp|p2a: Magnezone|[miss]\n|-miss|p1a: Sableye|p2a: Magnezone\n|\n|upkeep\n|turn|241\n|choice|switch 2|switch 5\n|\n|switch|p2a: Toxapex|Toxapex, F|303\/303 brn\n|switch|p1a: Chansey|Chansey, F|704\/704\n|\n|-damage|p2a: Toxapex|285\/303 brn|[from] brn\n|upkeep\n|turn|242\n|choice|switch 4|switch 2\n|\n|switch|p1a: Clefable|Clefable, F|393\/393\n|switch|p2a: Skarmory|Skarmory, M|333\/333\n|\n|upkeep\n|turn|243\n|l|Gun of Brixton\n|choice|switch 2|switch 3\n|\n|switch|p2a: Chansey|Chansey, F|631\/703\n|switch|p1a: Sableye|Sableye-Mega, F|304\/304\n|\n|upkeep\n|turn|244\n|choice|switch 3|switch 3\n|\n|switch|p2a: Skarmory|Skarmory, M|333\/333\n|switch|p1a: Suicune|Suicune|403\/403\n|-ability|p1a: Suicune|Pressure\n|\n|upkeep\n|turn|245\n|choice|switch 3|switch 2\n|\n|switch|p1a: Sableye|Sableye-Mega, F|304\/304\n|switch|p2a: Toxapex|Toxapex, F|303\/303 brn\n|\n|-damage|p2a: Toxapex|285\/303 brn|[from] brn\n|upkeep\n|turn|246\n|choice|switch 4|switch 2\n|\n|switch|p2a: Skarmory|Skarmory, M|333\/333\n|switch|p1a: Chansey|Chansey, F|704\/704\n|\n|upkeep\n|turn|247\n|choice|move seismictoss|move spikes\n|\n|move|p2a: Skarmory|Spikes|p1a: Chansey\n|-sidestart|p1: thr3at 2.0|Spikes\n|move|p1a: Chansey|Seismic Toss|p2a: Skarmory\n|-damage|p2a: Skarmory|233\/333\n|\n|upkeep\n|turn|248\n|choice|switch 6|move spikes\n|\n|switch|p1a: Zapdos|Zapdos|294\/383 brn\n|-ability|p1a: Zapdos|Pressure\n|move|p2a: Skarmory|Spikes|p1a: Zapdos\n|-sidestart|p1: thr3at 2.0|Spikes\n|\n|-damage|p1a: Zapdos|271\/383 brn|[from] brn\n|upkeep\n|turn|249\n|choice|move defog|switch 3\n|\n|switch|p2a: Chansey|Chansey, F|631\/703\n|move|p1a: Zapdos|Defog|p2a: Chansey\n|-unboost|p2a: Chansey|evasion|1\n|-sideend|p1: thr3at 2.0|Spikes|[from] move: Defog|[of] p1a: Zapdos\n|\n|-damage|p1a: Zapdos|248\/383 brn|[from] brn\n|upkeep\n|turn|250\n|choice|move roost|switch 3\n|\n|switch|p2a: Skarmory|Skarmory, M|233\/333\n|move|p1a: Zapdos|Roost|p1a: Zapdos\n|-heal|p1a: Zapdos|383\/383 brn\n|\n|-damage|p1a: Zapdos|360\/383 brn|[from] brn\n|upkeep\n|turn|251\n|choice|switch 4|switch 3\n|\n|switch|p1a: Sableye|Sableye-Mega, F|304\/304\n|switch|p2a: Chansey|Chansey, F|631\/703\n|\n|upkeep\n|turn|252\n|choice|switch 3|switch 5\n|\n|switch|p2a: Magnezone|Magnezone|281\/281\n|switch|p1a: Suicune|Suicune|403\/403\n|-ability|p1a: Suicune|Pressure\n|\n|upkeep\n|turn|253\n|choice|switch 6|switch 5\n|\n|switch|p2a: Chansey|Chansey, F|631\/703\n|switch|p1a: Chansey|Chansey, F|704\/704\n|\n|upkeep\n|turn|254\n|choice|move stealthrock|switch 3\n|\n|switch|p2a: Skarmory|Skarmory, M|233\/333\n|move|p1a: Chansey|Stealth Rock|p2a: Skarmory\n|-sidestart|p2: Q114|move: Stealth Rock\n|\n|upkeep\n|turn|255\n|choice|switch 4|move spikes\n|\n|switch|p1a: Zapdos|Zapdos|360\/383 brn\n|-ability|p1a: Zapdos|Pressure\n|move|p2a: Skarmory|Spikes|p1a: Zapdos\n|-sidestart|p1: thr3at 2.0|Spikes\n|\n|-damage|p1a: Zapdos|337\/383 brn|[from] brn\n|upkeep\n|turn|256\n|choice|move discharge|switch 3\n|\n|switch|p2a: Chansey|Chansey, F|631\/703\n|-damage|p2a: Chansey|544\/703|[from] Stealth Rock\n|move|p1a: Zapdos|Discharge|p2a: Chansey\n|-damage|p2a: Chansey|472\/703\n|-status|p2a: Chansey|par\n|\n|-damage|p1a: Zapdos|314\/383 brn|[from] brn\n|upkeep\n|turn|257\n|l|IShiva\n|choice|move discharge|move softboiled\n|\n|move|p1a: Zapdos|Discharge|p2a: Chansey\n|-damage|p2a: Chansey|399\/703 par\n|move|p2a: Chansey|Soft-Boiled|p2a: Chansey\n|-heal|p2a: Chansey|703\/703 par\n|\n|-damage|p1a: Zapdos|291\/383 brn|[from] brn\n|upkeep\n|turn|258\n|choice|switch 6|move stealthrock\n|\n|switch|p1a: Suicune|Suicune|403\/403\n|-damage|p1a: Suicune|353\/403|[from] Spikes\n|-ability|p1a: Suicune|Pressure\n|cant|p2a: Chansey|par\n|\n|-heal|p1a: Suicune|378\/403|[from] item: Leftovers\n|upkeep\n|turn|259\n|choice|switch 3|move stealthrock\n|\n|switch|p1a: Sableye|Sableye-Mega, F|304\/304\n|-damage|p1a: Sableye|266\/304|[from] Spikes\n|move|p2a: Chansey|Stealth Rock|p1a: Sableye\n|move|p1a: Sableye|Stealth Rock|p2a: Chansey|[from]Magic Bounce\n|-fail|p1a: Sableye\n|\n|upkeep\n|turn|260\n|choice|switch 6|switch 5\n|\n|switch|p1a: Zapdos|Zapdos|291\/383 brn\n|-ability|p1a: Zapdos|Pressure\n|-curestatus|p2a: Chansey|par|[from] ability: Natural Cure\n|switch|p2a: Magnezone|Magnezone|281\/281\n|-damage|p2a: Magnezone|264\/281|[from] Stealth Rock\n|\n|-damage|p1a: Zapdos|268\/383 brn|[from] brn\n|upkeep\n|turn|261\n|inactive|thr3at 2.0 has 135 seconds left.\n|inactive|thr3at 2.0 has 120 seconds left.\n|choice|switch 4|move voltswitch\n|\n|switch|p1a: Chansey|Chansey, F|704\/704\n|-damage|p1a: Chansey|616\/704|[from] Spikes\n|move|p2a: Magnezone|Volt Switch|p1a: Chansey\n|-damage|p1a: Chansey|529\/704\n|choice||switch 3\n|\n|switch|p2a: Skarmory|Skarmory, M|233\/333\n|-damage|p2a: Skarmory|192\/333|[from] Stealth Rock\n|\n|upkeep\n|turn|262\n|choice|switch 4|move spikes\n|\n|switch|p1a: Zapdos|Zapdos|268\/383 brn\n|-ability|p1a: Zapdos|Pressure\n|move|p2a: Skarmory|Spikes|p1a: Zapdos\n|-sidestart|p1: thr3at 2.0|Spikes\n|\n|-damage|p1a: Zapdos|245\/383 brn|[from] brn\n|upkeep\n|turn|263\n|choice|move defog|switch 5\n|\n|switch|p2a: Chansey|Chansey, F|703\/703\n|-damage|p2a: Chansey|616\/703|[from] Stealth Rock\n|move|p1a: Zapdos|Defog|p2a: Chansey\n|-unboost|p2a: Chansey|evasion|1\n|-sideend|p2: Q114|Stealth Rock|[from] move: Defog|[of] p2a: Chansey\n|-sideend|p1: thr3at 2.0|Spikes|[from] move: Defog|[of] p1a: Zapdos\n|\n|-damage|p1a: Zapdos|222\/383 brn|[from] brn\n|upkeep\n|turn|264\n|choice|switch 6|switch 5\n|\n|switch|p1a: Sableye|Sableye-Mega, F|266\/304\n|switch|p2a: Skarmory|Skarmory, M|192\/333\n|\n|upkeep\n|turn|265\n|choice|move fakeout|move roost\n|\n|move|p1a: Sableye|Fake Out|p2a: Skarmory\n|-resisted|p2a: Skarmory\n|-damage|p2a: Skarmory|184\/333\n|cant|p2a: Skarmory|flinch\n|\n|upkeep\n|turn|266\n|choice|move knockoff|move roost\n|\n|move|p2a: Skarmory|Roost|p2a: Skarmory\n|-heal|p2a: Skarmory|333\/333\n|move|p1a: Sableye|Knock Off|p2a: Skarmory\n|-damage|p2a: Skarmory|294\/333\n|\n|upkeep\n|turn|267\n|inactive|thr3at 2.0 has 135 seconds left.\n|inactive|thr3at 2.0 has 120 seconds left.\n|choice|switch 2|switch 2\n|\n|switch|p2a: Toxapex|Toxapex, F|303\/303 brn\n|switch|p1a: Clefable|Clefable, F|393\/393\n|\n|-damage|p2a: Toxapex|285\/303 brn|[from] brn\n|upkeep\n|turn|268\n|choice|switch 5|switch 3\n|\n|switch|p1a: Muk|Muk-Alola, F|263\/413\n|switch|p2a: Magnezone|Magnezone|264\/281\n|\n|upkeep\n|turn|269\n|choice|switch 4|switch 3\n|\n|switch|p2a: Toxapex|Toxapex, F|303\/303 brn\n|switch|p1a: Chansey|Chansey, F|529\/704\n|\n|-damage|p2a: Toxapex|285\/303 brn|[from] brn\n|upkeep\n|turn|270\n|choice|switch 2|switch 2\n|\n|switch|p1a: Sableye|Sableye-Mega, F|266\/304\n|switch|p2a: Skarmory|Skarmory, M|294\/333\n|\n|upkeep\n|turn|271\n|choice|switch 6|switch 2\n|\n|switch|p2a: Toxapex|Toxapex, F|303\/303 brn\n|switch|p1a: Zapdos|Zapdos|222\/383 brn\n|-ability|p1a: Zapdos|Pressure\n|\n|-damage|p1a: Zapdos|199\/383 brn|[from] brn\n|-damage|p2a: Toxapex|285\/303 brn|[from] brn\n|upkeep\n|turn|272\n|choice|move roost|switch 5\n|\n|switch|p2a: Chansey|Chansey, F|616\/703\n|move|p1a: Zapdos|Roost|p1a: Zapdos\n|-heal|p1a: Zapdos|383\/383 brn\n|\n|-damage|p1a: Zapdos|360\/383 brn|[from] brn\n|upkeep\n|turn|273\n|inactive|Q114 has 135 seconds left.\n|inactive|Q114 has 120 seconds left.\n|choice|switch 6|switch 5\n|\n|switch|p1a: Sableye|Sableye-Mega, F|266\/304\n|switch|p2a: Toxapex|Toxapex, F|303\/303 brn\n|\n|-damage|p2a: Toxapex|285\/303 brn|[from] brn\n|upkeep\n|turn|274\n|choice|switch 3|switch 2\n|\n|switch|p2a: Skarmory|Skarmory, M|294\/333\n|switch|p1a: Suicune|Suicune|378\/403\n|-ability|p1a: Suicune|Pressure\n|\n|-heal|p1a: Suicune|403\/403|[from] item: Leftovers\n|upkeep\n|turn|275\n|choice|switch 3|switch 2\n|\n|switch|p1a: Sableye|Sableye-Mega, F|266\/304\n|switch|p2a: Toxapex|Toxapex, F|303\/303 brn\n|\n|-damage|p2a: Toxapex|285\/303 brn|[from] brn\n|upkeep\n|turn|276\n|choice|move willowisp|switch 5\n|\n|switch|p2a: Chansey|Chansey, F|616\/703\n|move|p1a: Sableye|Will-O-Wisp|p2a: Chansey\n|-status|p2a: Chansey|brn\n|\n|-damage|p2a: Chansey|573\/703 brn|[from] brn\n|upkeep\n|turn|277\n|choice|switch 5|switch 2\n|\n|-curestatus|p2a: Chansey|brn|[from] ability: Natural Cure\n|switch|p2a: Skarmory|Skarmory, M|294\/333\n|switch|p1a: Clefable|Clefable, F|393\/393\n|\n|upkeep\n|turn|278\n|choice|move wish|switch 2\n|\n|switch|p2a: Chansey|Chansey, F|573\/703\n|move|p1a: Clefable|Wish|p1a: Clefable\n|\n|upkeep\n|turn|279\n|choice|switch 4|switch 5\n|\n|switch|p1a: Muk|Muk-Alola, F|263\/413\n|switch|p2a: Toxapex|Toxapex, F|303\/303 brn\n|\n|-heal|p1a: Muk|413\/413|[from] move: Wish|[wisher] Clefable\n|-damage|p2a: Toxapex|285\/303 brn|[from] brn\n|upkeep\n|turn|280\n|choice|switch 3|switch 2\n|\n|switch|p1a: Suicune|Suicune|403\/403\n|-ability|p1a: Suicune|Pressure\n|switch|p2a: Skarmory|Skarmory, M|294\/333\n|\n|upkeep\n|turn|281\n|choice|switch 5|switch 5\n|\n|switch|p1a: Sableye|Sableye-Mega, F|266\/304\n|switch|p2a: Chansey|Chansey, F|573\/703\n|\n|upkeep\n|turn|282\n|choice|switch 5|switch 5\n|\n|switch|p2a: Skarmory|Skarmory, M|294\/333\n|switch|p1a: Suicune|Suicune|403\/403\n|-ability|p1a: Suicune|Pressure\n|\n|upkeep\n|turn|283\n|inactive|thr3at 2.0 has 135 seconds left.\n|inactive|thr3at 2.0 has 120 seconds left.\n|choice|switch 5|switch 2\n|\n|switch|p1a: Sableye|Sableye-Mega, F|266\/304\n|switch|p2a: Toxapex|Toxapex, F|303\/303 brn\n|\n|-damage|p2a: Toxapex|285\/303 brn|[from] brn\n|upkeep\n|turn|284\n|choice|switch 5|switch 5\n|\n|switch|p2a: Chansey|Chansey, F|573\/703\n|switch|p1a: Suicune|Suicune|403\/403\n|-ability|p1a: Suicune|Pressure\n|\n|upkeep\n|turn|285\n|choice|switch 5|switch 2\n|\n|switch|p1a: Sableye|Sableye-Mega, F|266\/304\n|switch|p2a: Skarmory|Skarmory, M|294\/333\n|\n|upkeep\n|turn|286\n|choice|switch 2|switch 5\n|\n|switch|p2a: Toxapex|Toxapex, F|303\/303 brn\n|switch|p1a: Chansey|Chansey, F|529\/704\n|\n|-damage|p2a: Toxapex|285\/303 brn|[from] brn\n|upkeep\n|turn|287\n|choice|switch 2|switch 5\n|\n|switch|p1a: Sableye|Sableye-Mega, F|266\/304\n|switch|p2a: Skarmory|Skarmory, M|294\/333\n|\n|upkeep\n|turn|288\n|inactive|thr3at 2.0 has 135 seconds left.\n|inactive|thr3at 2.0 has 120 seconds left.\n|inactive|thr3at 2.0 has 105 seconds left.\n|choice|switch 6|switch 2\n|\n|switch|p2a: Chansey|Chansey, F|573\/703\n|switch|p1a: Zapdos|Zapdos|360\/383 brn\n|-ability|p1a: Zapdos|Pressure\n|\n|-damage|p1a: Zapdos|337\/383 brn|[from] brn\n|upkeep\n|turn|289\n|choice|switch 6|switch 5\n|\n|switch|p1a: Sableye|Sableye-Mega, F|266\/304\n|switch|p2a: Toxapex|Toxapex, F|303\/303 brn\n|\n|-damage|p2a: Toxapex|285\/303 brn|[from] brn\n|upkeep\n|turn|290\n|choice|switch 5|switch 2\n|\n|switch|p2a: Skarmory|Skarmory, M|294\/333\n|switch|p1a: Suicune|Suicune|403\/403\n|-ability|p1a: Suicune|Pressure\n|\n|upkeep\n|turn|291\n|choice|switch 5|switch 5\n|\n|switch|p1a: Sableye|Sableye-Mega, F|266\/304\n|switch|p2a: Chansey|Chansey, F|573\/703\n|\n|upkeep\n|turn|292\n|choice|switch 5|switch 3\n|\n|switch|p2a: Magnezone|Magnezone|264\/281\n|switch|p1a: Suicune|Suicune|403\/403\n|-ability|p1a: Suicune|Pressure\n|\n|upkeep\n|turn|293\n|choice|switch 2|switch 3\n|\n|switch|p2a: Chansey|Chansey, F|573\/703\n|switch|p1a: Chansey|Chansey, F|529\/704\n|\n|upkeep\n|turn|294\n|choice|switch 5|switch 3\n|\n|switch|p1a: Sableye|Sableye-Mega, F|266\/304\n|switch|p2a: Magnezone|Magnezone|264\/281\n|\n|upkeep\n|turn|295\n|choice|switch 3|switch 5\n|\n|switch|p2a: Skarmory|Skarmory, M|294\/333\n|switch|p1a: Muk|Muk-Alola, F|413\/413\n|\n|upkeep\n|turn|296\n|choice|switch 3|switch 2\n|\n|switch|p2a: Toxapex|Toxapex, F|303\/303 brn\n|switch|p1a: Sableye|Sableye-Mega, F|266\/304\n|\n|-damage|p2a: Toxapex|285\/303 brn|[from] brn\n|upkeep\n|turn|297\n|choice|switch 2|switch 2\n|\n|switch|p2a: Skarmory|Skarmory, M|294\/333\n|switch|p1a: Suicune|Suicune|403\/403\n|-ability|p1a: Suicune|Pressure\n|\n|upkeep\n|turn|298\n|choice|switch 3|switch 3\n|\n|switch|p1a: Muk|Muk-Alola, F|413\/413\n|switch|p2a: Chansey|Chansey, F|573\/703\n|\n|upkeep\n|turn|299\n|choice|switch 2|switch 3\n|\n|switch|p2a: Skarmory|Skarmory, M|294\/333\n|switch|p1a: Sableye|Sableye-Mega, F|266\/304\n|\n|upkeep\n|turn|300\n|choice|move knockoff|switch 2\n|\n|switch|p2a: Toxapex|Toxapex, F|303\/303 brn\n|move|p1a: Sableye|Knock Off|p2a: Toxapex\n|-damage|p2a: Toxapex|267\/303 brn\n|\n|-damage|p2a: Toxapex|249\/303 brn|[from] brn\n|upkeep\n|turn|301\n|choice|switch 3|switch 2\n|\n|switch|p2a: Skarmory|Skarmory, M|294\/333\n|switch|p1a: Suicune|Suicune|403\/403\n|-ability|p1a: Suicune|Pressure\n|\n|upkeep\n|turn|302\n|choice|switch 3|switch 3\n|\n|switch|p1a: Sableye|Sableye-Mega, F|266\/304\n|switch|p2a: Chansey|Chansey, F|573\/703\n|\n|upkeep\n|turn|303\n|choice|move knockoff|switch 3\n|\n|switch|p2a: Skarmory|Skarmory, M|294\/333\n|move|p1a: Sableye|Knock Off|p2a: Skarmory\n|-damage|p2a: Skarmory|255\/333\n|\n|upkeep\n|turn|304\n|choice|switch 5|switch 2\n|\n|switch|p2a: Toxapex|Toxapex, F|303\/303 brn\n|switch|p1a: Chansey|Chansey, F|529\/704\n|\n|-damage|p2a: Toxapex|285\/303 brn|[from] brn\n|upkeep\n|turn|305\n|choice|switch 5|switch 2\n|\n|switch|p1a: Sableye|Sableye-Mega, F|266\/304\n|switch|p2a: Skarmory|Skarmory, M|255\/333\n|\n|upkeep\n|turn|306\n|choice|switch 3|switch 2\n|\n|switch|p2a: Toxapex|Toxapex, F|303\/303 brn\n|switch|p1a: Suicune|Suicune|403\/403\n|-ability|p1a: Suicune|Pressure\n|\n|-damage|p2a: Toxapex|285\/303 brn|[from] brn\n|upkeep\n|turn|307\n|j|Waximilium\n|choice|switch 2|switch 3\n|\n|switch|p1a: Muk|Muk-Alola, F|413\/413\n|switch|p2a: Chansey|Chansey, F|573\/703\n|\n|upkeep\n|turn|308\n|choice|move poisonfang|switch 2\n|\n|switch|p2a: Skarmory|Skarmory, M|255\/333\n|move|p1a: Muk|Poison Fang|p2a: Skarmory\n|-immune|p2a: Skarmory|[msg]\n|\n|upkeep\n|turn|309\n|choice|switch 3|switch 3\n|\n|switch|p2a: Toxapex|Toxapex, F|303\/303 brn\n|switch|p1a: Sableye|Sableye-Mega, F|266\/304\n|\n|-damage|p2a: Toxapex|285\/303 brn|[from] brn\n|upkeep\n|turn|310\n|choice|move willowisp|switch 2\n|\n|switch|p2a: Chansey|Chansey, F|573\/703\n|move|p1a: Sableye|Will-O-Wisp|p2a: Chansey\n|-status|p2a: Chansey|brn\n|\n|-damage|p2a: Chansey|530\/703 brn|[from] brn\n|upkeep\n|turn|311\n|choice|switch 3|switch 2\n|\n|-curestatus|p2a: Chansey|brn|[from] ability: Natural Cure\n|switch|p2a: Toxapex|Toxapex, F|303\/303 brn\n|switch|p1a: Muk|Muk-Alola, F|413\/413\n|\n|-damage|p2a: Toxapex|285\/303 brn|[from] brn\n|upkeep\n|turn|312\n|choice|move knockoff|switch 3\n|\n|switch|p2a: Skarmory|Skarmory, M|255\/333\n|move|p1a: Muk|Knock Off|p2a: Skarmory\n|-damage|p2a: Skarmory|210\/333\n|\n|upkeep\n|turn|313\n|l|Waximilium\n|choice|move knockoff|move roost\n|\n|move|p2a: Skarmory|Roost|p2a: Skarmory\n|-heal|p2a: Skarmory|333\/333\n|move|p1a: Muk|Knock Off|p2a: Skarmory\n|-damage|p2a: Skarmory|284\/333\n|\n|upkeep\n|turn|314\n|choice|move knockoff|switch 3\n|\n|switch|p2a: Toxapex|Toxapex, F|303\/303 brn\n|move|p1a: Muk|Knock Off|p2a: Toxapex\n|-damage|p2a: Toxapex|263\/303 brn\n|\n|-damage|p2a: Toxapex|245\/303 brn|[from] brn\n|upkeep\n|turn|315\n|l|Septentriones\n|choice|move knockoff|switch 3\n|\n|switch|p2a: Skarmory|Skarmory, M|284\/333\n|move|p1a: Muk|Knock Off|p2a: Skarmory\n|-damage|p2a: Skarmory|236\/333\n|\n|upkeep\n|turn|316\n|choice|switch 3|move spikes\n|\n|switch|p1a: Sableye|Sableye-Mega, F|266\/304\n|move|p2a: Skarmory|Spikes|p1a: Sableye\n|move|p1a: Sableye|Spikes|p2a: Skarmory|[from]Magic Bounce\n|-sidestart|p2: Q114|Spikes\n|\n|upkeep\n|turn|317\n|choice|move fakeout|move defog\n|\n|move|p1a: Sableye|Fake Out|p2a: Skarmory\n|-resisted|p2a: Skarmory\n|-damage|p2a: Skarmory|228\/333\n|cant|p2a: Skarmory|flinch\n|\n|upkeep\n|turn|318\n|choice|switch 6|switch 6\n|\n|switch|p2a: Sableye|Sableye-Mega, F|259\/303 psn\n|-damage|p2a: Sableye|222\/303 psn|[from] Spikes\n|switch|p1a: Zapdos|Zapdos|337\/383 brn\n|-ability|p1a: Zapdos|Pressure\n|\n|-damage|p1a: Zapdos|314\/383 brn|[from] brn\n|-damage|p2a: Sableye|185\/303 psn|[from] psn\n|upkeep\n|turn|319\n|choice|move discharge|switch 3\n|\n|switch|p2a: Toxapex|Toxapex, F|303\/303 brn\n|-damage|p2a: Toxapex|266\/303 brn|[from] Spikes\n|move|p1a: Zapdos|Discharge|p2a: Toxapex\n|-supereffective|p2a: Toxapex\n|-damage|p2a: Toxapex|108\/303 brn\n|\n|-damage|p1a: Zapdos|291\/383 brn|[from] brn\n|-damage|p2a: Toxapex|90\/303 brn|[from] brn\n|upkeep\n|turn|320\n|choice|move heatwave|switch 2\n|\n|switch|p2a: Chansey|Chansey, F|530\/703\n|-damage|p2a: Chansey|443\/703|[from] Spikes\n|move|p1a: Zapdos|Heat Wave|p2a: Chansey\n|-damage|p2a: Chansey|380\/703\n|-status|p2a: Chansey|brn\n|\n|-damage|p1a: Zapdos|268\/383 brn|[from] brn\n|-damage|p2a: Chansey|337\/703 brn|[from] brn\n|upkeep\n|turn|321\n|choice|switch 6|move softboiled\n|\n|switch|p1a: Sableye|Sableye-Mega, F|266\/304\n|move|p2a: Chansey|Soft-Boiled|p2a: Chansey\n|-heal|p2a: Chansey|689\/703 brn\n|\n|-damage|p2a: Chansey|646\/703 brn|[from] brn\n|upkeep\n|turn|322\n|choice|switch 6|switch 2\n|\n|-curestatus|p2a: Chansey|brn|[from] ability: Natural Cure\n|switch|p2a: Toxapex|Toxapex, F|191\/303 brn\n|-damage|p2a: Toxapex|154\/303 brn|[from] Spikes\n|switch|p1a: Zapdos|Zapdos|268\/383 brn\n|-ability|p1a: Zapdos|Pressure\n|\n|-damage|p1a: Zapdos|245\/383 brn|[from] brn\n|-damage|p2a: Toxapex|136\/303 brn|[from] brn\n|upkeep\n|turn|323\n|choice|move discharge|switch 2\n|\n|switch|p2a: Chansey|Chansey, F|646\/703\n|-damage|p2a: Chansey|559\/703|[from] Spikes\n|move|p1a: Zapdos|Discharge|p2a: Chansey\n|-damage|p2a: Chansey|490\/703\n|-status|p2a: Chansey|par\n|\n|-damage|p1a: Zapdos|222\/383 brn|[from] brn\n|upkeep\n|turn|324\n|choice|move discharge|move seismictoss\n|\n|move|p1a: Zapdos|Discharge|p2a: Chansey\n|-damage|p2a: Chansey|415\/703 par\n|cant|p2a: Chansey|par\n|\n|-damage|p1a: Zapdos|199\/383 brn|[from] brn\n|upkeep\n|turn|325\n|choice|move discharge|switch 2\n|\n|-curestatus|p2a: Chansey|par|[from] ability: Natural Cure\n|switch|p2a: Toxapex|Toxapex, F|237\/303 brn\n|-damage|p2a: Toxapex|200\/303 brn|[from] Spikes\n|move|p1a: Zapdos|Discharge|p2a: Toxapex\n|-supereffective|p2a: Toxapex\n|-damage|p2a: Toxapex|38\/303 brn\n|\n|-damage|p1a: Zapdos|176\/383 brn|[from] brn\n|-damage|p2a: Toxapex|20\/303 brn|[from] brn\n|upkeep\n|turn|326\n|inactive|thr3at 2.0 has 135 seconds left.\n|choice|move discharge|switch 2\n|\n|switch|p2a: Chansey|Chansey, F|415\/703\n|-damage|p2a: Chansey|328\/703|[from] Spikes\n|move|p1a: Zapdos|Discharge|p2a: Chansey\n|-damage|p2a: Chansey|261\/703\n|\n|-damage|p1a: Zapdos|153\/383 brn|[from] brn\n|upkeep\n|turn|327\n|choice|move discharge|move softboiled\n|\n|move|p1a: Zapdos|Discharge|p2a: Chansey\n|-damage|p2a: Chansey|188\/703\n|move|p2a: Chansey|Soft-Boiled|p2a: Chansey\n|-heal|p2a: Chansey|540\/703\n|\n|-damage|p1a: Zapdos|130\/383 brn|[from] brn\n|upkeep\n|turn|328\n|choice|switch 6|move stealthrock\n|\n|switch|p1a: Sableye|Sableye-Mega, F|266\/304\n|move|p2a: Chansey|Stealth Rock|p1a: Sableye\n|move|p1a: Sableye|Stealth Rock|p2a: Chansey|[from]Magic Bounce\n|-sidestart|p2: Q114|move: Stealth Rock\n|\n|upkeep\n|turn|329\n|choice|switch 6|move stealthrock\n|\n|switch|p1a: Zapdos|Zapdos|130\/383 brn\n|-ability|p1a: Zapdos|Pressure\n|move|p2a: Chansey|Stealth Rock|p1a: Zapdos\n|-sidestart|p1: thr3at 2.0|move: Stealth Rock\n|\n|-damage|p1a: Zapdos|107\/383 brn|[from] brn\n|upkeep\n|turn|330\n|j|nickyoung5\n|choice|move roost|move seismictoss\n|\n|move|p1a: Zapdos|Roost|p1a: Zapdos\n|-heal|p1a: Zapdos|299\/383 brn\n|move|p2a: Chansey|Seismic Toss|p1a: Zapdos\n|-damage|p1a: Zapdos|199\/383 brn\n|\n|-damage|p1a: Zapdos|176\/383 brn|[from] brn\n|upkeep\n|turn|331\n|choice|move roost|move stealthrock\n|\n|move|p1a: Zapdos|Roost|p1a: Zapdos\n|-heal|p1a: Zapdos|368\/383 brn\n|move|p2a: Chansey|Stealth Rock|p1a: Zapdos\n|-fail|p2a: Chansey\n|\n|-damage|p1a: Zapdos|345\/383 brn|[from] brn\n|upkeep\n|turn|332\n|choice|switch 2|move stealthrock\n|\n|switch|p1a: Suicune|Suicune|403\/403\n|-damage|p1a: Suicune|353\/403|[from] Stealth Rock\n|-ability|p1a: Suicune|Pressure\n|move|p2a: Chansey|Stealth Rock|p1a: Suicune\n|-fail|p2a: Chansey\n|\n|-heal|p1a: Suicune|378\/403|[from] item: Leftovers\n|upkeep\n|turn|333\n|choice|move calmmind|move seismictoss\n|\n|move|p1a: Suicune|Calm Mind|p1a: Suicune\n|-boost|p1a: Suicune|spa|1\n|-boost|p1a: Suicune|spd|1\n|move|p2a: Chansey|Seismic Toss|p1a: Suicune\n|-damage|p1a: Suicune|278\/403\n|\n|-heal|p1a: Suicune|303\/403|[from] item: Leftovers\n|upkeep\n|turn|334\n|choice|move protect|move toxic\n|\n|move|p1a: Suicune|Protect|p1a: Suicune\n|-singleturn|p1a: Suicune|Protect\n|move|p2a: Chansey|Toxic|p1a: Suicune\n|-activate|p1a: Suicune|move: Protect\n|\n|-heal|p1a: Suicune|328\/403|[from] item: Leftovers\n|upkeep\n|turn|335\n|choice|move calmmind|move toxic\n|\n|move|p1a: Suicune|Calm Mind|p1a: Suicune\n|-boost|p1a: Suicune|spa|1\n|-boost|p1a: Suicune|spd|1\n|move|p2a: Chansey|Toxic|p1a: Suicune\n|-status|p1a: Suicune|tox\n|\n|-heal|p1a: Suicune|353\/403 tox|[from] item: Leftovers\n|-damage|p1a: Suicune|328\/403 tox|[from] psn\n|upkeep\n|turn|336\n|choice|move scald|switch 4\n|\n|switch|p2a: Clefable|Clefable, M|371\/393 psn\n|-damage|p2a: Clefable|322\/393 psn|[from] Spikes\n|-damage|p2a: Clefable|273\/393 psn|[from] Stealth Rock\n|move|p1a: Suicune|Scald|p2a: Clefable\n|-damage|p2a: Clefable|183\/393 psn\n|\n|-heal|p1a: Suicune|353\/403 tox|[from] item: Leftovers\n|-heal|p2a: Clefable|207\/393 psn|[from] item: Leftovers\n|-damage|p1a: Suicune|303\/403 tox|[from] psn\n|-damage|p2a: Clefable|158\/393 psn|[from] psn\n|upkeep\n|turn|337\n|choice|move scald|move wish\n|\n|move|p1a: Suicune|Scald|p2a: Clefable\n|-damage|p2a: Clefable|62\/393 psn\n|move|p2a: Clefable|Wish|p2a: Clefable\n|\n|-heal|p1a: Suicune|328\/403 tox|[from] item: Leftovers\n|-heal|p2a: Clefable|86\/393 psn|[from] item: Leftovers\n|-damage|p1a: Suicune|253\/403 tox|[from] psn\n|-damage|p2a: Clefable|37\/393 psn|[from] psn\n|upkeep\n|turn|338\n|choice|move rest|move protect\n|\n|move|p2a: Clefable|Protect|p2a: Clefable\n|-singleturn|p2a: Clefable|Protect\n|move|p1a: Suicune|Rest|p1a: Suicune\n|-status|p1a: Suicune|slp\n|-heal|p1a: Suicune|403\/403 slp|[silent]\n|-status|p1a: Suicune|slp|[from] move: Rest\n|\n|-heal|p2a: Clefable|233\/393 psn|[from] move: Wish|[wisher] Clefable\n|-heal|p2a: Clefable|257\/393 psn|[from] item: Leftovers\n|-damage|p2a: Clefable|208\/393 psn|[from] psn\n|upkeep\n|turn|339\n|inactive|thr3at 2.0 has 135 seconds left.\n|choice|move scald|move wish\n|\n|cant|p1a: Suicune|slp\n|move|p2a: Clefable|Wish|p2a: Clefable\n|\n|-heal|p2a: Clefable|232\/393 psn|[from] item: Leftovers\n|-damage|p2a: Clefable|183\/393 psn|[from] psn\n|upkeep\n|turn|340\n|choice|move scald|move healbell\n|\n|cant|p1a: Suicune|slp\n|move|p2a: Clefable|Heal Bell|p2a: Clefable\n|-activate|p2a: Clefable|move: Heal Bell\n|-curestatus|p2a: Clefable|psn|[msg]\n|-curestatus|p2: Toxapex|brn|[msg]\n|-curestatus|p2: Sableye|psn|[msg]\n|\n|-heal|p2a: Clefable|379\/393|[from] move: Wish|[wisher] Clefable\n|-heal|p2a: Clefable|393\/393|[from] item: Leftovers\n|upkeep\n|turn|341\n|inactive|thr3at 2.0 has 135 seconds left.\n|inactive|Q114 has 135 seconds left.\n|inactive|Q114 has 120 seconds left.\n|choice|move scald|switch 4\n|\n|switch|p2a: Chansey|Chansey, F|540\/703\n|-damage|p2a: Chansey|453\/703|[from] Spikes\n|-damage|p2a: Chansey|366\/703|[from] Stealth Rock\n|-curestatus|p1a: Suicune|slp|[msg]\n|move|p1a: Suicune|Scald|p2a: Chansey\n|-damage|p2a: Chansey|251\/703\n|\n|upkeep\n|turn|342\n|choice|move scald|move softboiled\n|\n|move|p1a: Suicune|Scald|p2a: Chansey\n|-damage|p2a: Chansey|134\/703\n|move|p2a: Chansey|Soft-Boiled|p2a: Chansey\n|-heal|p2a: Chansey|486\/703\n|\n|upkeep\n|turn|343\n|choice|move calmmind|move toxic\n|\n|move|p1a: Suicune|Calm Mind|p1a: Suicune\n|-boost|p1a: Suicune|spa|1\n|-boost|p1a: Suicune|spd|1\n|move|p2a: Chansey|Toxic|p1a: Suicune\n|-status|p1a: Suicune|tox\n|\n|-damage|p1a: Suicune|378\/403 tox|[from] psn\n|upkeep\n|turn|344\n|choice|move calmmind|switch 4\n|\n|switch|p2a: Clefable|Clefable, M|393\/393\n|-damage|p2a: Clefable|344\/393|[from] Spikes\n|-damage|p2a: Clefable|295\/393|[from] Stealth Rock\n|move|p1a: Suicune|Calm Mind|p1a: Suicune\n|-boost|p1a: Suicune|spa|1\n|-boost|p1a: Suicune|spd|1\n|\n|-heal|p1a: Suicune|403\/403 tox|[from] item: Leftovers\n|-heal|p2a: Clefable|319\/393|[from] item: Leftovers\n|-damage|p1a: Suicune|353\/403 tox|[from] psn\n|upkeep\n|turn|345\n|choice|move scald|move protect\n|\n|move|p2a: Clefable|Protect|p2a: Clefable\n|-singleturn|p2a: Clefable|Protect\n|move|p1a: Suicune|Scald|p2a: Clefable\n|-activate|p2a: Clefable|move: Protect\n|\n|-heal|p1a: Suicune|378\/403 tox|[from] item: Leftovers\n|-heal|p2a: Clefable|343\/393|[from] item: Leftovers\n|-damage|p1a: Suicune|303\/403 tox|[from] psn\n|upkeep\n|turn|346\n|choice|move scald|move wish\n|\n|move|p1a: Suicune|Scald|p2a: Clefable\n|-damage|p2a: Clefable|252\/393\n|-status|p2a: Clefable|brn\n|move|p2a: Clefable|Wish|p2a: Clefable\n|\n|-heal|p1a: Suicune|328\/403 tox|[from] item: Leftovers\n|-heal|p2a: Clefable|276\/393 brn|[from] item: Leftovers\n|-damage|p1a: Suicune|228\/403 tox|[from] psn\n|-damage|p2a: Clefable|252\/393 brn|[from] brn\n|upkeep\n|turn|347\n|choice|move rest|move moonblast\n|\n|move|p1a: Suicune|Rest|p1a: Suicune\n|-status|p1a: Suicune|slp\n|-heal|p1a: Suicune|403\/403 slp|[silent]\n|-status|p1a: Suicune|slp|[from] move: Rest\n|move|p2a: Clefable|Moonblast|p1a: Suicune\n|-damage|p1a: Suicune|300\/403 slp\n|\n|-heal|p2a: Clefable|393\/393 brn|[from] move: Wish|[wisher] Clefable\n|-heal|p1a: Suicune|325\/403 slp|[from] item: Leftovers\n|-damage|p2a: Clefable|369\/393 brn|[from] brn\n|upkeep\n|turn|348\n|choice|switch 2|switch 2\n|\n|switch|p1a: Zapdos|Zapdos|345\/383 brn\n|-damage|p1a: Zapdos|250\/383 brn|[from] Stealth Rock\n|-ability|p1a: Zapdos|Pressure\n|switch|p2a: Toxapex|Toxapex, F|121\/303\n|-damage|p2a: Toxapex|84\/303|[from] Spikes\n|-damage|p2a: Toxapex|47\/303|[from] Stealth Rock\n|\n|-damage|p1a: Zapdos|227\/383 brn|[from] brn\n|upkeep\n|turn|349\n|choice|move discharge|switch 4\n|\n|switch|p2a: Chansey|Chansey, F|486\/703\n|-damage|p2a: Chansey|399\/703|[from] Stealth Rock\n|-damage|p2a: Chansey|312\/703|[from] Spikes\n|move|p1a: Zapdos|Discharge|p2a: Chansey\n|-damage|p2a: Chansey|234\/703\n|\n|-damage|p1a: Zapdos|204\/383 brn|[from] brn\n|upkeep\n|turn|350\n|choice|switch 3|move softboiled\n|\n|switch|p1a: Muk|Muk-Alola, F|413\/413\n|-damage|p1a: Muk|362\/413|[from] Stealth Rock\n|move|p2a: Chansey|Soft-Boiled|p2a: Chansey\n|-heal|p2a: Chansey|586\/703\n|\n|upkeep\n|turn|351\n|inactive|Q114 has 135 seconds left.\n|choice|move flamethrower|switch 4\n|\n|switch|p2a: Toxapex|Toxapex, F|148\/303\n|-damage|p2a: Toxapex|111\/303|[from] Stealth Rock\n|-damage|p2a: Toxapex|74\/303|[from] Spikes\n|move|p1a: Muk|Flamethrower|p2a: Toxapex\n|-resisted|p2a: Toxapex\n|-damage|p2a: Toxapex|55\/303\n|\n|upkeep\n|turn|352\n|choice|move flamethrower|move recover\n|\n|move|p1a: Muk|Flamethrower|p2a: Toxapex\n|-resisted|p2a: Toxapex\n|-damage|p2a: Toxapex|38\/303\n|move|p2a: Toxapex|Recover|p2a: Toxapex\n|-heal|p2a: Toxapex|190\/303\n|\n|upkeep\n|turn|353\n|choice|switch 6|move scald\n|\n|switch|p1a: Sableye|Sableye-Mega, F|266\/304\n|-damage|p1a: Sableye|228\/304|[from] Stealth Rock\n|move|p2a: Toxapex|Scald|p1a: Sableye\n|-damage|p1a: Sableye|189\/304\n|\n|upkeep\n|turn|354\n|choice|move recover|move scald\n|\n|move|p2a: Toxapex|Scald|p1a: Sableye\n|-damage|p1a: Sableye|149\/304\n|move|p1a: Sableye|Recover|p1a: Sableye\n|-heal|p1a: Sableye|301\/304\n|\n|upkeep\n|turn|355\n|choice|switch 5|move scald\n|\n|switch|p1a: Chansey|Chansey, F|529\/704\n|-damage|p1a: Chansey|441\/704|[from] Stealth Rock\n|move|p2a: Toxapex|Scald|p1a: Chansey\n|-damage|p1a: Chansey|407\/704\n|\n|upkeep\n|turn|356\n|inactive|Q114 has 135 seconds left.\n|choice|move softboiled|move toxicspikes\n|\n|move|p1a: Chansey|Soft-Boiled|p1a: Chansey\n|-heal|p1a: Chansey|704\/704\n|move|p2a: Toxapex|Toxic Spikes|p1a: Chansey\n|-sidestart|p1: thr3at 2.0|move: Toxic Spikes\n|\n|upkeep\n|turn|357\n|choice|move healbell|move scald\n|\n|move|p1a: Chansey|Heal Bell|p1a: Chansey\n|-activate|p1a: Chansey|move: Heal Bell\n|-curestatus|p1: Suicune|slp|[msg]\n|-curestatus|p1: Zapdos|brn|[msg]\n|move|p2a: Toxapex|Scald|p1a: Chansey\n|-damage|p1a: Chansey|670\/704\n|\n|upkeep\n|turn|358\n|choice|switch 2|move scald\n|\n|switch|p1a: Suicune|Suicune|325\/403\n|-damage|p1a: Suicune|275\/403|[from] Stealth Rock\n|-status|p1a: Suicune|psn\n|-ability|p1a: Suicune|Pressure\n|move|p2a: Toxapex|Scald|p1a: Suicune\n|-resisted|p1a: Suicune\n|-damage|p1a: Suicune|248\/403 psn\n|\n|-heal|p1a: Suicune|273\/403 psn|[from] item: Leftovers\n|-damage|p1a: Suicune|223\/403 psn|[from] psn\n|upkeep\n|turn|359\n|choice|move rest|move scald\n|\n|move|p1a: Suicune|Rest|p1a: Suicune\n|-status|p1a: Suicune|slp\n|-heal|p1a: Suicune|403\/403 slp|[silent]\n|-status|p1a: Suicune|slp|[from] move: Rest\n|move|p2a: Toxapex|Scald|p1a: Suicune\n|-resisted|p1a: Suicune\n|-damage|p1a: Suicune|376\/403 slp\n|\n|-heal|p1a: Suicune|401\/403 slp|[from] item: Leftovers\n|upkeep\n|turn|360\n|choice|switch 6|switch 6\n|\n|switch|p1a: Muk|Muk-Alola, F|362\/413\n|-sideend|p1: thr3at 2.0|move: Toxic Spikes|[of] p1a: Muk\n|-damage|p1a: Muk|311\/413|[from] Stealth Rock\n|switch|p2a: Skarmory|Skarmory, M|228\/333\n|-damage|p2a: Skarmory|187\/333|[from] Stealth Rock\n|\n|upkeep\n|turn|361\n|choice|switch 3|move defog\n|\n|switch|p1a: Zapdos|Zapdos|204\/383\n|-damage|p1a: Zapdos|109\/383|[from] Stealth Rock\n|-ability|p1a: Zapdos|Pressure\n|move|p2a: Skarmory|Defog|p1a: Zapdos\n|-unboost|p1a: Zapdos|evasion|1\n|-sideend|p1: thr3at 2.0|Stealth Rock|[from] move: Defog|[of] p1a: Zapdos\n|-sideend|p2: Q114|Spikes|[from] move: Defog|[of] p2a: Skarmory\n|-sideend|p2: Q114|Stealth Rock|[from] move: Defog|[of] p2a: Skarmory\n|\n|upkeep\n|turn|362\n|choice|move roost|switch 4\n|\n|switch|p2a: Chansey|Chansey, F|586\/703\n|move|p1a: Zapdos|Roost|p1a: Zapdos\n|-heal|p1a: Zapdos|301\/383\n|\n|upkeep\n|turn|363\n|c|\u2606thr3at 2.0|u fucked up :(\n|choice|switch 5|switch 6\n|\n|switch|p1a: Sableye|Sableye-Mega, F|301\/304\n|switch|p2a: Toxapex|Toxapex, F|291\/303\n|\n|upkeep\n|turn|364\n|choice|switch 6|switch 3\n|\n|switch|p2a: Sableye|Sableye-Mega, F|185\/303\n|switch|p1a: Suicune|Suicune|401\/403 slp\n|-ability|p1a: Suicune|Pressure\n|\n|-heal|p1a: Suicune|403\/403 slp|[from] item: Leftovers\n|upkeep\n|turn|365\n|choice|move scald|move recover\n|\n|cant|p1a: Suicune|slp\n|move|p2a: Sableye|Recover|p2a: Sableye\n|-heal|p2a: Sableye|303\/303\n|\n|upkeep\n|turn|366\n|choice|switch 5|switch 4\n|\n|switch|p1a: Zapdos|Zapdos|301\/383\n|-ability|p1a: Zapdos|Pressure\n|switch|p2a: Skarmory|Skarmory, M|187\/333\n|\n|upkeep\n|turn|367\n|choice|switch 6|switch 6\n|\n|switch|p1a: Sableye|Sableye-Mega, F|301\/304\n|switch|p2a: Chansey|Chansey, F|586\/703\n|\n|upkeep\n|turn|368\n|choice|switch 6|switch 3\n|\n|switch|p2a: Toxapex|Toxapex, F|303\/303\n|switch|p1a: Zapdos|Zapdos|301\/383\n|-ability|p1a: Zapdos|Pressure\n|\n|upkeep\n|turn|369\n|choice|switch 6|switch 6\n|\n|switch|p1a: Sableye|Sableye-Mega, F|301\/304\n|switch|p2a: Skarmory|Skarmory, M|187\/333\n|\n|upkeep\n|turn|370\n|choice|switch 6|move roost\n|\n|switch|p1a: Zapdos|Zapdos|301\/383\n|-ability|p1a: Zapdos|Pressure\n|move|p2a: Skarmory|Roost|p2a: Skarmory\n|-heal|p2a: Skarmory|333\/333\n|\n|upkeep\n|turn|371\n|choice|switch 6|switch 3\n|\n|switch|p1a: Sableye|Sableye-Mega, F|301\/304\n|switch|p2a: Chansey|Chansey, F|586\/703\n|\n|upkeep\n|turn|372\n|choice|switch 6|switch 6\n|\n|switch|p2a: Toxapex|Toxapex, F|303\/303\n|switch|p1a: Zapdos|Zapdos|301\/383\n|-ability|p1a: Zapdos|Pressure\n|\n|upkeep\n|turn|373\n|choice|switch 5|switch 6\n|\n|switch|p1a: Suicune|Suicune|403\/403 slp\n|-ability|p1a: Suicune|Pressure\n|switch|p2a: Chansey|Chansey, F|586\/703\n|\n|upkeep\n|turn|374\n|choice|move calmmind|switch 6\n|\n|switch|p2a: Toxapex|Toxapex, F|303\/303\n|cant|p1a: Suicune|slp\n|\n|upkeep\n|turn|375\n|c| Jake Alex|do you guys not get bored of this ever\n|choice|move calmmind|switch 6\n|\n|switch|p2a: Chansey|Chansey, F|586\/703\n|-curestatus|p1a: Suicune|slp|[msg]\n|move|p1a: Suicune|Calm Mind|p1a: Suicune\n|-boost|p1a: Suicune|spa|1\n|-boost|p1a: Suicune|spd|1\n|\n|upkeep\n|turn|376\n|c|\u2606thr3at 2.0|no u just get in the zone\n|inactive|thr3at 2.0 has 135 seconds left.\n|choice|switch 6|switch 6\n|\n|switch|p1a: Sableye|Sableye-Mega, F|301\/304\n|switch|p2a: Toxapex|Toxapex, F|303\/303\n|\n|upkeep\n|turn|377\n|inactive|thr3at 2.0 has 135 seconds left.\n|c|\u2606thr3at 2.0|number of turns doesnt even really matter after a certain point\n|inactive|thr3at 2.0 has 120 seconds left.\n|c|\u2606thr3at 2.0|but hes not playing with any strategy, just drawing it out as long as he can\n|inactive|thr3at 2.0 has 105 seconds left.\n|c| Fuckjosefstallin|lol I could play a a game of League while doing this\n|c|\u2606thr3at 2.0|thats diff between player like me and player like him\n|inactive|thr3at 2.0 has 90 seconds left.\n|choice|switch 5|switch 3\n|\n|switch|p2a: Skarmory|Skarmory, M|333\/333\n|switch|p1a: Zapdos|Zapdos|301\/383\n|-ability|p1a: Zapdos|Pressure\n|\n|upkeep\n|turn|378\n|choice|switch 5|switch 3\n|\n|switch|p1a: Sableye|Sableye-Mega, F|301\/304\n|switch|p2a: Toxapex|Toxapex, F|303\/303\n|\n|upkeep\n|turn|379\n|choice|switch 5|switch 3\n|\n|switch|p2a: Skarmory|Skarmory, M|333\/333\n|switch|p1a: Zapdos|Zapdos|301\/383\n|-ability|p1a: Zapdos|Pressure\n|\n|upkeep\n|turn|380\n|inactive|thr3at 2.0 has 135 seconds left.\n|c|\u2606thr3at 2.0|this is why dugtrio was so bad for stall, it enabled shitty players to look decent just by making games go long\n|inactive|thr3at 2.0 has 120 seconds left.\n|choice|switch 5|switch 3\n|\n|switch|p1a: Sableye|Sableye-Mega, F|301\/304\n|switch|p2a: Toxapex|Toxapex, F|303\/303\n|\n|upkeep\n|turn|381\n|choice|switch 5|switch 4\n|\n|switch|p2a: Sableye|Sableye-Mega, F|303\/303\n|switch|p1a: Zapdos|Zapdos|301\/383\n|-ability|p1a: Zapdos|Pressure\n|\n|upkeep\n|turn|382\n|choice|switch 5|switch 4\n|\n|switch|p1a: Sableye|Sableye-Mega, F|301\/304\n|switch|p2a: Toxapex|Toxapex, F|303\/303\n|\n|upkeep\n|turn|383\n|c| Fuckjosefstallin|*2 weeks later* Fuckjosefstallin Glicko-1: 1949, Average Game Turns:420\n|choice|switch 5|switch 6\n|\n|switch|p2a: Chansey|Chansey, F|586\/703\n|switch|p1a: Zapdos|Zapdos|301\/383\n|-ability|p1a: Zapdos|Pressure\n|\n|upkeep\n|turn|384\n|c|\u2606thr3at 2.0|hes already 0-1 today so he really wants to win\n|inactive|thr3at 2.0 has 135 seconds left.\n|choice|switch 5|switch 4\n|\n|switch|p1a: Sableye|Sableye-Mega, F|301\/304\n|switch|p2a: Sableye|Sableye-Mega, F|303\/303\n|\n|upkeep\n|turn|385\n|c|\u2606thr3at 2.0|its cute lmao\n|choice|switch 6|switch 6\n|\n|switch|p2a: Toxapex|Toxapex, F|303\/303\n|switch|p1a: Suicune|Suicune|403\/403\n|-ability|p1a: Suicune|Pressure\n|\n|upkeep\n|turn|386\n|c| Fuckjosefstallin|lmao\n|choice|switch 5|switch 4\n|\n|switch|p1a: Zapdos|Zapdos|301\/383\n|-ability|p1a: Zapdos|Pressure\n|switch|p2a: Chansey|Chansey, F|586\/703\n|\n|upkeep\n|turn|387\n|choice|switch 6|switch 4\n|\n|switch|p1a: Sableye|Sableye-Mega, F|301\/304\n|switch|p2a: Toxapex|Toxapex, F|303\/303\n|\n|upkeep\n|turn|388\n|c| Fuckjosefstallin|u beat him\n|c| Fuckjosefstallin|?\n|inactive|thr3at 2.0 has 135 seconds left.\n|c|\u2606thr3at 2.0|yes i discharge crit his pex and won in like 20 turns\n|choice|switch 6|switch 6\n|\n|switch|p2a: Sableye|Sableye-Mega, F|303\/303\n|switch|p1a: Zapdos|Zapdos|301\/383\n|-ability|p1a: Zapdos|Pressure\n|\n|upkeep\n|turn|389\n|choice|switch 6|switch 4\n|\n|switch|p1a: Sableye|Sableye-Mega, F|301\/304\n|switch|p2a: Chansey|Chansey, F|586\/703\n|\n|upkeep\n|turn|390\n|c| Fuckjosefstallin|noice\n|choice|switch 5|switch 6\n|\n|switch|p2a: Toxapex|Toxapex, F|303\/303\n|switch|p1a: Suicune|Suicune|403\/403\n|-ability|p1a: Suicune|Pressure\n|\n|upkeep\n|turn|391\n|choice|move calmmind|switch 6\n|\n|switch|p2a: Chansey|Chansey, F|586\/703\n|move|p1a: Suicune|Calm Mind|p1a: Suicune\n|-boost|p1a: Suicune|spa|1\n|-boost|p1a: Suicune|spd|1\n|\n|upkeep\n|turn|392\n|choice|move scald|switch 6\n|\n|switch|p2a: Toxapex|Toxapex, F|303\/303\n|move|p1a: Suicune|Scald|p2a: Toxapex\n|-resisted|p2a: Toxapex\n|-damage|p2a: Toxapex|253\/303\n|\n|upkeep\n|turn|393\n|choice|move calmmind|switch 6\n|\n|switch|p2a: Chansey|Chansey, F|586\/703\n|move|p1a: Suicune|Calm Mind|p1a: Suicune\n|-boost|p1a: Suicune|spa|1\n|-boost|p1a: Suicune|spd|1\n|\n|upkeep\n|turn|394\n|choice|move calmmind|switch 6\n|\n|switch|p2a: Toxapex|Toxapex, F|303\/303\n|move|p1a: Suicune|Calm Mind|p1a: Suicune\n|-boost|p1a: Suicune|spa|1\n|-boost|p1a: Suicune|spd|1\n|\n|upkeep\n|turn|395\n|choice|move scald|move haze\n|\n|move|p1a: Suicune|Scald|p2a: Toxapex\n|-resisted|p2a: Toxapex\n|-damage|p2a: Toxapex|228\/303\n|-status|p2a: Toxapex|brn\n|move|p2a: Toxapex|Haze|p2a: Toxapex\n|-clearallboost\n|\n|-damage|p2a: Toxapex|210\/303 brn|[from] brn\n|upkeep\n|turn|396\n|choice|switch 3|switch 6\n|\n|switch|p1a: Muk|Muk-Alola, F|311\/413\n|switch|p2a: Chansey|Chansey, F|586\/703\n|\n|upkeep\n|turn|397\n|choice|switch 6|switch 3\n|\n|switch|p2a: Skarmory|Skarmory, M|333\/333\n|switch|p1a: Zapdos|Zapdos|301\/383\n|-ability|p1a: Zapdos|Pressure\n|\n|upkeep\n|turn|398\n|choice|switch 2|switch 3\n|\n|switch|p1a: Chansey|Chansey, F|670\/704\n|switch|p2a: Chansey|Chansey, F|586\/703\n|\n|upkeep\n|turn|399\n|choice|switch 6|switch 6\n|\n|switch|p1a: Muk|Muk-Alola, F|311\/413\n|switch|p2a: Toxapex|Toxapex, F|303\/303 brn\n|\n|-damage|p2a: Toxapex|285\/303 brn|[from] brn\n|upkeep\n|turn|400\n|choice|switch 3|switch 3\n|\n|switch|p1a: Suicune|Suicune|403\/403\n|-ability|p1a: Suicune|Pressure\n|switch|p2a: Skarmory|Skarmory, M|333\/333\n|\n|upkeep\n|turn|401\n|choice|switch 6|switch 6\n|\n|switch|p1a: Chansey|Chansey, F|670\/704\n|switch|p2a: Chansey|Chansey, F|586\/703\n|\n|upkeep\n|turn|402\n|choice|switch 3|switch 6\n|\n|switch|p1a: Muk|Muk-Alola, F|311\/413\n|switch|p2a: Skarmory|Skarmory, M|333\/333\n|\n|upkeep\n|turn|403\n|choice|switch 5|switch 3\n|\n|switch|p2a: Toxapex|Toxapex, F|303\/303 brn\n|switch|p1a: Sableye|Sableye-Mega, F|301\/304\n|\n|-damage|p2a: Toxapex|285\/303 brn|[from] brn\n|upkeep\n|turn|404\n|choice|switch 3|switch 3\n|\n|switch|p2a: Skarmory|Skarmory, M|333\/333\n|switch|p1a: Chansey|Chansey, F|670\/704\n|\n|upkeep\n|turn|405\n|choice|switch 3|move spikes\n|\n|switch|p1a: Sableye|Sableye-Mega, F|301\/304\n|move|p2a: Skarmory|Spikes|p1a: Sableye\n|move|p1a: Sableye|Spikes|p2a: Skarmory|[from]Magic Bounce\n|-sidestart|p2: Q114|Spikes\n|\n|upkeep\n|turn|406\n|l|nickyoung5\n|choice|move fakeout|move defog\n|\n|move|p1a: Sableye|Fake Out|p2a: Skarmory\n|-resisted|p2a: Skarmory\n|-damage|p2a: Skarmory|325\/333\n|cant|p2a: Skarmory|flinch\n|\n|upkeep\n|turn|407\n|choice|switch 2|move defog\n|\n|switch|p1a: Zapdos|Zapdos|301\/383\n|-ability|p1a: Zapdos|Pressure\n|move|p2a: Skarmory|Defog|p1a: Zapdos\n|-unboost|p1a: Zapdos|evasion|1\n|-sideend|p2: Q114|Spikes|[from] move: Defog|[of] p2a: Skarmory\n|\n|upkeep\n|turn|408\n|j|nickyoung5\n|choice|switch 3|switch 6\n|\n|switch|p1a: Chansey|Chansey, F|670\/704\n|switch|p2a: Chansey|Chansey, F|586\/703\n|\n|upkeep\n|turn|409\n|choice|switch 2|switch 3\n|\n|switch|p1a: Sableye|Sableye-Mega, F|301\/304\n|switch|p2a: Toxapex|Toxapex, F|303\/303 brn\n|\n|-damage|p2a: Toxapex|285\/303 brn|[from] brn\n|upkeep\n|turn|410\n|choice|switch 2|switch 6\n|\n|switch|p2a: Skarmory|Skarmory, M|325\/333\n|switch|p1a: Chansey|Chansey, F|670\/704\n|\n|upkeep\n|turn|411\n|choice|switch 5|switch 3\n|\n|switch|p2a: Chansey|Chansey, F|586\/703\n|switch|p1a: Muk|Muk-Alola, F|311\/413\n|\n|upkeep\n|turn|412\n|choice|move pursuit|switch 4\n|\n|-activate|p2a: Chansey|move: Pursuit\n|move|p1a: Muk|Pursuit|p2a: Chansey|[from]Pursuit\n|-damage|p2a: Chansey|465\/703\n|-status|p2a: Chansey|psn|[from] ability: Poison Touch|[of] p1a: Muk\n|-curestatus|p2a: Chansey|psn|[from] ability: Natural Cure\n|switch|p2a: Sableye|Sableye-Mega, F|303\/303\n|\n|upkeep\n|turn|413\n|choice|move pursuit|move willowisp\n|\n|move|p1a: Muk|Pursuit|p2a: Sableye\n|-damage|p2a: Sableye|260\/303\n|move|p2a: Sableye|Will-O-Wisp|p1a: Muk|[miss]\n|-miss|p2a: Sableye|p1a: Muk\n|\n|upkeep\n|turn|414\n|choice|move poisonfang|move protect\n|\n|move|p2a: Sableye|Protect|p2a: Sableye\n|-singleturn|p2a: Sableye|Protect\n|move|p1a: Muk|Poison Fang|p2a: Sableye\n|-activate|p2a: Sableye|move: Protect\n|\n|upkeep\n|turn|415\n|choice|move pursuit|switch 6\n|\n|-activate|p2a: Sableye|move: Pursuit\n|move|p1a: Muk|Pursuit|p2a: Sableye|[from]Pursuit\n|-damage|p2a: Sableye|176\/303\n|switch|p2a: Toxapex|Toxapex, F|303\/303 brn\n|\n|-damage|p2a: Toxapex|285\/303 brn|[from] brn\n|upkeep\n|turn|416\n|choice|move flamethrower|switch 3\n|\n|switch|p2a: Skarmory|Skarmory, M|325\/333\n|move|p1a: Muk|Flamethrower|p2a: Skarmory\n|-supereffective|p2a: Skarmory\n|-damage|p2a: Skarmory|201\/333\n|\n|upkeep\n|turn|417\n|choice|move knockoff|move roost\n|\n|move|p2a: Skarmory|Roost|p2a: Skarmory\n|-heal|p2a: Skarmory|333\/333\n|move|p1a: Muk|Knock Off|p2a: Skarmory\n|-damage|p2a: Skarmory|287\/333\n|\n|upkeep\n|turn|418\n|choice|move flamethrower|switch 3\n|\n|switch|p2a: Toxapex|Toxapex, F|303\/303 brn\n|move|p1a: Muk|Flamethrower|p2a: Toxapex\n|-resisted|p2a: Toxapex\n|-damage|p2a: Toxapex|286\/303 brn\n|\n|-damage|p2a: Toxapex|268\/303 brn|[from] brn\n|upkeep\n|turn|419\n|choice|move flamethrower|move toxicspikes\n|\n|move|p1a: Muk|Flamethrower|p2a: Toxapex\n|-resisted|p2a: Toxapex\n|-damage|p2a: Toxapex|250\/303 brn\n|move|p2a: Toxapex|Toxic Spikes|p1a: Muk\n|-sidestart|p1: thr3at 2.0|move: Toxic Spikes\n|\n|-damage|p2a: Toxapex|232\/303 brn|[from] brn\n|upkeep\n|turn|420\n|choice|move knockoff|switch 3\n|\n|switch|p2a: Skarmory|Skarmory, M|287\/333\n|move|p1a: Muk|Knock Off|p2a: Skarmory\n|-damage|p2a: Skarmory|241\/333\n|\n|upkeep\n|turn|421\n|choice|switch 3|move spikes\n|\n|switch|p1a: Zapdos|Zapdos|301\/383\n|-ability|p1a: Zapdos|Pressure\n|move|p2a: Skarmory|Spikes|p1a: Zapdos\n|-sidestart|p1: thr3at 2.0|Spikes\n|\n|upkeep\n|turn|422\n|choice|move defog|switch 3\n|\n|switch|p2a: Toxapex|Toxapex, F|303\/303 brn\n|move|p1a: Zapdos|Defog|p2a: Toxapex\n|-unboost|p2a: Toxapex|evasion|1\n|-sideend|p1: thr3at 2.0|Spikes|[from] move: Defog|[of] p1a: Zapdos\n|-sideend|p1: thr3at 2.0|Toxic Spikes|[from] move: Defog|[of] p1a: Zapdos\n|\n|-damage|p2a: Toxapex|285\/303 brn|[from] brn\n|upkeep\n|turn|423\n|inactive|thr3at 2.0 has 135 seconds left.\n|c|\u2606thr3at 2.0|to his credit i have matchup advantage\n|choice|switch 6|switch 4\n|\n|switch|p1a: Suicune|Suicune|403\/403\n|-ability|p1a: Suicune|Pressure\n|switch|p2a: Chansey|Chansey, F|465\/703\n|\n|upkeep\n|turn|424\n|c|\u2606thr3at 2.0|clearly\n|choice|switch 2|switch 6\n|\n|switch|p1a: Sableye|Sableye-Mega, F|301\/304\n|switch|p2a: Sableye|Sableye-Mega, F|176\/303\n|\n|upkeep\n|turn|425\n|choice|switch 6|move recover\n|\n|switch|p1a: Zapdos|Zapdos|301\/383\n|-ability|p1a: Zapdos|Pressure\n|move|p2a: Sableye|Recover|p2a: Sableye\n|-heal|p2a: Sableye|303\/303\n|\n|upkeep\n|turn|426\n|choice|switch 5|switch 6\n|\n|switch|p1a: Chansey|Chansey, F|670\/704\n|switch|p2a: Chansey|Chansey, F|465\/703\n|\n|upkeep\n|turn|427\n|choice|switch 5|switch 3\n|\n|switch|p1a: Zapdos|Zapdos|301\/383\n|-ability|p1a: Zapdos|Pressure\n|switch|p2a: Skarmory|Skarmory, M|241\/333\n|\n|upkeep\n|turn|428\n|choice|switch 5|switch 3\n|\n|switch|p1a: Chansey|Chansey, F|670\/704\n|switch|p2a: Chansey|Chansey, F|465\/703\n|\n|upkeep\n|turn|429\n|choice|move stealthrock|switch 3\n|\n|switch|p2a: Skarmory|Skarmory, M|241\/333\n|move|p1a: Chansey|Stealth Rock|p2a: Skarmory\n|-sidestart|p2: Q114|move: Stealth Rock\n|\n|upkeep\n|turn|430\n|choice|switch 6|move defog\n|\n|switch|p1a: Sableye|Sableye-Mega, F|301\/304\n|move|p2a: Skarmory|Defog|p1a: Sableye\n|move|p1a: Sableye|Defog|p2a: Skarmory|[from]Magic Bounce\n|-unboost|p2a: Skarmory|evasion|1\n|-sideend|p2: Q114|Stealth Rock|[from] move: Defog|[of] p2a: Skarmory\n|\n|upkeep\n|turn|431\n|choice|switch 6|switch 4\n|\n|switch|p2a: Toxapex|Toxapex, F|303\/303 brn\n|switch|p1a: Chansey|Chansey, F|670\/704\n|\n|-damage|p2a: Toxapex|285\/303 brn|[from] brn\n|upkeep\n|turn|432\n|choice|switch 2|move toxicspikes\n|\n|switch|p1a: Suicune|Suicune|403\/403\n|-ability|p1a: Suicune|Pressure\n|move|p2a: Toxapex|Toxic Spikes|p1a: Suicune\n|-sidestart|p1: thr3at 2.0|move: Toxic Spikes\n|\n|-damage|p2a: Toxapex|267\/303 brn|[from] brn\n|upkeep\n|turn|433\n|choice|switch 3|switch 5\n|\n|switch|p1a: Muk|Muk-Alola, F|311\/413\n|-sideend|p1: thr3at 2.0|move: Toxic Spikes|[of] p1a: Muk\n|switch|p2a: Magnezone|Magnezone|264\/281\n|\n|upkeep\n|turn|434\n|choice|switch 2|switch 6\n|\n|switch|p2a: Sableye|Sableye-Mega, F|303\/303\n|switch|p1a: Chansey|Chansey, F|670\/704\n|\n|upkeep\n|turn|435\n|choice|move stealthrock|switch 3\n|\n|switch|p2a: Chansey|Chansey, F|465\/703\n|move|p1a: Chansey|Stealth Rock|p2a: Chansey\n|-sidestart|p2: Q114|move: Stealth Rock\n|\n|upkeep\n|turn|436\n|choice|switch 6|switch 4\n|\n|switch|p1a: Sableye|Sableye-Mega, F|301\/304\n|switch|p2a: Skarmory|Skarmory, M|241\/333\n|-damage|p2a: Skarmory|200\/333|[from] Stealth Rock\n|\n|upkeep\n|turn|437\n|c| Fuckjosefstallin|^\n|choice|move willowisp|move defog\n|\n|move|p2a: Skarmory|Defog|p1a: Sableye\n|move|p1a: Sableye|Defog|p2a: Skarmory|[from]Magic Bounce\n|-unboost|p2a: Skarmory|evasion|1\n|-sideend|p2: Q114|Stealth Rock|[from] move: Defog|[of] p2a: Skarmory\n|move|p1a: Sableye|Will-O-Wisp|p2a: Skarmory\n|-status|p2a: Skarmory|brn\n|\n|-damage|p2a: Skarmory|180\/333 brn|[from] brn\n|upkeep\n|turn|438\n|choice|switch 5|move roost\n|\n|switch|p1a: Zapdos|Zapdos|301\/383\n|-ability|p1a: Zapdos|Pressure\n|move|p2a: Skarmory|Roost|p2a: Skarmory\n|-heal|p2a: Skarmory|333\/333 brn\n|\n|-damage|p2a: Skarmory|313\/333 brn|[from] brn\n|upkeep\n|turn|439\n|c|\u2606thr3at 2.0|he doesnt really think\n|c|\u2606thr3at 2.0|he just auto switches\n|inactive|thr3at 2.0 has 135 seconds left.\n|c|\u2606thr3at 2.0|so u can rock on msab as long as u establish a pattern of switching first\n|inactive|thr3at 2.0 has 120 seconds left.\n|j|Yii3154\n|choice|switch 5|switch 2\n|\n|switch|p1a: Sableye|Sableye-Mega, F|301\/304\n|switch|p2a: Clefable|Clefable, M|369\/393 brn\n|\n|-heal|p2a: Clefable|393\/393 brn|[from] item: Leftovers\n|-damage|p2a: Clefable|369\/393 brn|[from] brn\n|upkeep\n|turn|440\n|l|Yii3154\n|choice|move knockoff|switch 3\n|\n|switch|p2a: Sableye|Sableye-Mega, F|303\/303\n|move|p1a: Sableye|Knock Off|p2a: Sableye\n|-crit|p2a: Sableye\n|-damage|p2a: Sableye|222\/303\n|\n|upkeep\n|turn|441\n|choice|switch 5|switch 5\n|\n|switch|p2a: Toxapex|Toxapex, F|303\/303 brn\n|switch|p1a: Zapdos|Zapdos|301\/383\n|-ability|p1a: Zapdos|Pressure\n|\n|-damage|p2a: Toxapex|285\/303 brn|[from] brn\n|upkeep\n|turn|442\n|choice|switch 2|switch 4\n|\n|switch|p1a: Muk|Muk-Alola, F|311\/413\n|switch|p2a: Chansey|Chansey, F|465\/703\n|\n|upkeep\n|turn|443\n|choice|switch 5|switch 4\n|\n|switch|p2a: Toxapex|Toxapex, F|303\/303 brn\n|switch|p1a: Sableye|Sableye-Mega, F|301\/304\n|\n|-damage|p2a: Toxapex|285\/303 brn|[from] brn\n|upkeep\n|turn|444\n|choice|switch 6|switch 4\n|\n|switch|p2a: Chansey|Chansey, F|465\/703\n|switch|p1a: Chansey|Chansey, F|670\/704\n|\n|upkeep\n|turn|445\n|choice|switch 6|switch 4\n|\n|switch|p1a: Sableye|Sableye-Mega, F|301\/304\n|switch|p2a: Toxapex|Toxapex, F|303\/303 brn\n|\n|-damage|p2a: Toxapex|285\/303 brn|[from] brn\n|upkeep\n|turn|446\n|choice|switch 3|switch 5\n|\n|switch|p2a: Sableye|Sableye-Mega, F|222\/303\n|switch|p1a: Suicune|Suicune|403\/403\n|-ability|p1a: Suicune|Pressure\n|\n|upkeep\n|turn|447\n|choice|switch 6|switch 3\n|\n|switch|p1a: Chansey|Chansey, F|670\/704\n|switch|p2a: Clefable|Clefable, M|369\/393 brn\n|\n|-heal|p2a: Clefable|393\/393 brn|[from] item: Leftovers\n|-damage|p2a: Clefable|369\/393 brn|[from] brn\n|upkeep\n|turn|448\n|choice|switch 5|move healbell\n|\n|switch|p1a: Muk|Muk-Alola, F|311\/413\n|move|p2a: Clefable|Heal Bell|p2a: Clefable\n|-activate|p2a: Clefable|move: Heal Bell\n|-curestatus|p2a: Clefable|brn|[msg]\n|-curestatus|p2: Skarmory|brn|[msg]\n|-curestatus|p2: Toxapex|brn|[msg]\n|\n|-heal|p2a: Clefable|393\/393|[from] item: Leftovers\n|upkeep\n|turn|449\n|choice|move flamethrower|move protect\n|\n|move|p2a: Clefable|Protect|p2a: Clefable\n|-singleturn|p2a: Clefable|Protect\n|move|p1a: Muk|Flamethrower|p2a: Clefable\n|-activate|p2a: Clefable|move: Protect\n|\n|upkeep\n|turn|450\n|choice|move flamethrower|switch 5\n|\n|switch|p2a: Toxapex|Toxapex, F|303\/303\n|move|p1a: Muk|Flamethrower|p2a: Toxapex\n|-resisted|p2a: Toxapex\n|-damage|p2a: Toxapex|286\/303\n|\n|upkeep\n|turn|451\n|choice|switch 6|switch 4\n|\n|switch|p1a: Suicune|Suicune|403\/403\n|-ability|p1a: Suicune|Pressure\n|switch|p2a: Chansey|Chansey, F|465\/703\n|\n|upkeep\n|turn|452\n|choice|move calmmind|switch 2\n|\n|switch|p2a: Skarmory|Skarmory, M|313\/333\n|move|p1a: Suicune|Calm Mind|p1a: Suicune\n|-boost|p1a: Suicune|spa|1\n|-boost|p1a: Suicune|spd|1\n|\n|upkeep\n|turn|453\n|choice|move scald|switch 2\n|\n|switch|p2a: Chansey|Chansey, F|465\/703\n|move|p1a: Suicune|Scald|p2a: Chansey\n|-damage|p2a: Chansey|377\/703\n|-status|p2a: Chansey|brn\n|\n|-damage|p2a: Chansey|334\/703 brn|[from] brn\n|upkeep\n|turn|454\n|choice|move calmmind|move softboiled\n|\n|move|p1a: Suicune|Calm Mind|p1a: Suicune\n|-boost|p1a: Suicune|spa|1\n|-boost|p1a: Suicune|spd|1\n|move|p2a: Chansey|Soft-Boiled|p2a: Chansey\n|-heal|p2a: Chansey|686\/703 brn\n|\n|-damage|p2a: Chansey|643\/703 brn|[from] brn\n|upkeep\n|turn|455\n|choice|switch 3|move stealthrock\n|\n|switch|p1a: Sableye|Sableye-Mega, F|301\/304\n|move|p2a: Chansey|Stealth Rock|p1a: Sableye\n|move|p1a: Sableye|Stealth Rock|p2a: Chansey|[from]Magic Bounce\n|-sidestart|p2: Q114|move: Stealth Rock\n|\n|-damage|p2a: Chansey|600\/703 brn|[from] brn\n|upkeep\n|turn|456\n|choice|move willowisp|switch 4\n|\n|-curestatus|p2a: Chansey|brn|[from] ability: Natural Cure\n|switch|p2a: Toxapex|Toxapex, F|303\/303\n|-damage|p2a: Toxapex|266\/303|[from] Stealth Rock\n|move|p1a: Sableye|Will-O-Wisp|p2a: Toxapex\n|-status|p2a: Toxapex|brn\n|\n|-damage|p2a: Toxapex|248\/303 brn|[from] brn\n|upkeep\n|turn|457\n|choice|move willowisp|move toxicspikes\n|\n|move|p2a: Toxapex|Toxic Spikes|p1a: Sableye\n|move|p1a: Sableye|Toxic Spikes|p2a: Toxapex|[from]Magic Bounce\n|-sidestart|p2: Q114|move: Toxic Spikes\n|move|p1a: Sableye|Will-O-Wisp|p2a: Toxapex\n|-fail|p2a: Toxapex|brn\n|\n|-damage|p2a: Toxapex|230\/303 brn|[from] brn\n|upkeep\n|turn|458\n|choice|move knockoff|move scald\n|\n|move|p2a: Toxapex|Scald|p1a: Sableye\n|-damage|p1a: Sableye|262\/304\n|-status|p1a: Sableye|brn\n|move|p1a: Sableye|Knock Off|p2a: Toxapex\n|-damage|p2a: Toxapex|214\/303 brn\n|\n|-damage|p2a: Toxapex|196\/303 brn|[from] brn\n|-damage|p1a: Sableye|243\/304 brn|[from] brn\n|upkeep\n|turn|459\n|choice|move willowisp|switch 2\n|\n|switch|p2a: Skarmory|Skarmory, M|313\/333\n|-damage|p2a: Skarmory|272\/333|[from] Stealth Rock\n|move|p1a: Sableye|Will-O-Wisp|p2a: Skarmory\n|-status|p2a: Skarmory|brn\n|\n|-damage|p2a: Skarmory|252\/333 brn|[from] brn\n|-damage|p1a: Sableye|224\/304 brn|[from] brn\n|upkeep\n|turn|460\n|choice|switch 2|move defog\n|\n|switch|p1a: Zapdos|Zapdos|301\/383\n|-ability|p1a: Zapdos|Pressure\n|move|p2a: Skarmory|Defog|p1a: Zapdos\n|-unboost|p1a: Zapdos|evasion|1\n|-sideend|p2: Q114|Toxic Spikes|[from] move: Defog|[of] p2a: Skarmory\n|-sideend|p2: Q114|Stealth Rock|[from] move: Defog|[of] p2a: Skarmory\n|\n|-damage|p2a: Skarmory|232\/333 brn|[from] brn\n|upkeep\n|turn|461\n|choice|switch 5|switch 2\n|\n|switch|p1a: Chansey|Chansey, F|670\/704\n|switch|p2a: Toxapex|Toxapex, F|297\/303 brn\n|\n|-damage|p2a: Toxapex|279\/303 brn|[from] brn\n|upkeep\n|turn|462\n|choice|switch 3|switch 4\n|\n|switch|p1a: Suicune|Suicune|403\/403\n|-ability|p1a: Suicune|Pressure\n|switch|p2a: Chansey|Chansey, F|600\/703\n|\n|upkeep\n|turn|463\n|choice|switch 5|move stealthrock\n|\n|switch|p1a: Zapdos|Zapdos|301\/383\n|-ability|p1a: Zapdos|Pressure\n|move|p2a: Chansey|Stealth Rock|p1a: Zapdos\n|-sidestart|p1: thr3at 2.0|move: Stealth Rock\n|\n|upkeep\n|turn|464\n|choice|move defog|move toxic\n|\n|move|p1a: Zapdos|Defog|p2a: Chansey\n|-unboost|p2a: Chansey|evasion|1\n|-sideend|p1: thr3at 2.0|Stealth Rock|[from] move: Defog|[of] p1a: Zapdos\n|move|p2a: Chansey|Toxic|p1a: Zapdos\n|-status|p1a: Zapdos|tox\n|\n|-damage|p1a: Zapdos|278\/383 tox|[from] psn\n|upkeep\n|turn|465\n|choice|switch 2|switch 4\n|\n|switch|p1a: Sableye|Sableye-Mega, F|224\/304 brn\n|switch|p2a: Toxapex|Toxapex, F|303\/303 brn\n|\n|-damage|p2a: Toxapex|285\/303 brn|[from] brn\n|-damage|p1a: Sableye|205\/304 brn|[from] brn\n|upkeep\n|turn|466\n|choice|move knockoff|switch 4\n|\n|switch|p2a: Chansey|Chansey, F|600\/703\n|move|p1a: Sableye|Knock Off|p2a: Chansey\n|-damage|p2a: Chansey|534\/703\n|-enditem|p2a: Chansey|Eviolite|[from] move: Knock Off|[of] p1a: Sableye\n|\n|-damage|p1a: Sableye|186\/304 brn|[from] brn\n|upkeep\n|turn|467\n|choice|switch 3|switch 4\n|\n|switch|p2a: Toxapex|Toxapex, F|303\/303 brn\n|switch|p1a: Chansey|Chansey, F|670\/704\n|\n|-damage|p2a: Toxapex|285\/303 brn|[from] brn\n|upkeep\n|turn|468\n|choice|move healbell|switch 4\n|\n|switch|p2a: Chansey|Chansey, F|534\/703\n|move|p1a: Chansey|Heal Bell|p1a: Chansey\n|-activate|p1a: Chansey|move: Heal Bell\n|-curestatus|p1: Zapdos|tox|[msg]\n|-curestatus|p1: Sableye|brn|[msg]\n|\n|upkeep\n|turn|469\n|choice|switch 3|switch 6\n|\n|switch|p1a: Sableye|Sableye-Mega, F|186\/304\n|switch|p2a: Magnezone|Magnezone|264\/281\n|\n|upkeep\n|turn|470\n|choice|switch 3|switch 3\n|\n|switch|p2a: Sableye|Sableye-Mega, F|222\/303\n|switch|p1a: Chansey|Chansey, F|670\/704\n|\n|upkeep\n|turn|471\n|choice|switch 4|switch 4\n|\n|switch|p1a: Clefable|Clefable, F|393\/393\n|switch|p2a: Toxapex|Toxapex, F|303\/303 brn\n|\n|-damage|p2a: Toxapex|285\/303 brn|[from] brn\n|upkeep\n|turn|472\n|choice|move wish|switch 3\n|\n|switch|p2a: Magnezone|Magnezone|264\/281\n|move|p1a: Clefable|Wish|p1a: Clefable\n|\n|upkeep\n|turn|473\n|choice|switch 6|switch 3\n|\n|switch|p2a: Toxapex|Toxapex, F|303\/303 brn\n|switch|p1a: Muk|Muk-Alola, F|311\/413\n|\n|-heal|p1a: Muk|413\/413|[from] move: Wish|[wisher] Clefable\n|-damage|p2a: Toxapex|285\/303 brn|[from] brn\n|upkeep\n|turn|474\n|choice|switch 5|move toxicspikes\n|\n|switch|p1a: Suicune|Suicune|403\/403\n|-ability|p1a: Suicune|Pressure\n|move|p2a: Toxapex|Toxic Spikes|p1a: Suicune\n|-sidestart|p1: thr3at 2.0|move: Toxic Spikes\n|\n|-damage|p2a: Toxapex|267\/303 brn|[from] brn\n|upkeep\n|turn|475\n|choice|switch 5|move scald\n|\n|switch|p1a: Muk|Muk-Alola, F|413\/413\n|-sideend|p1: thr3at 2.0|move: Toxic Spikes|[of] p1a: Muk\n|move|p2a: Toxapex|Scald|p1a: Muk\n|-damage|p1a: Muk|371\/413\n|-status|p1a: Muk|brn\n|\n|-damage|p1a: Muk|346\/413 brn|[from] brn\n|-damage|p2a: Toxapex|249\/303 brn|[from] brn\n|upkeep\n|turn|476\n|choice|switch 5|switch 3\n|\n|switch|p1a: Suicune|Suicune|403\/403\n|-ability|p1a: Suicune|Pressure\n|switch|p2a: Magnezone|Magnezone|264\/281\n|\n|upkeep\n|turn|477\n|choice|switch 4|move voltswitch\n|\n|switch|p1a: Chansey|Chansey, F|670\/704\n|move|p2a: Magnezone|Volt Switch|p1a: Chansey\n|-damage|p1a: Chansey|592\/704\n|choice||switch 3\n|\n|switch|p2a: Toxapex|Toxapex, F|303\/303 brn\n|\n|-damage|p2a: Toxapex|285\/303 brn|[from] brn\n|upkeep\n|turn|478\n|inactive|thr3at 2.0 has 135 seconds left.\n|choice|switch 2|switch 4\n|\n|switch|p1a: Zapdos|Zapdos|278\/383\n|-ability|p1a: Zapdos|Pressure\n|switch|p2a: Sableye|Sableye-Mega, F|222\/303\n|\n|upkeep\n|turn|479\n|choice|switch 3|switch 4\n|\n|switch|p1a: Sableye|Sableye-Mega, F|186\/304\n|switch|p2a: Toxapex|Toxapex, F|303\/303 brn\n|\n|-damage|p2a: Toxapex|285\/303 brn|[from] brn\n|upkeep\n|turn|480\n|choice|switch 4|switch 3\n|\n|switch|p2a: Magnezone|Magnezone|264\/281\n|switch|p1a: Suicune|Suicune|403\/403\n|-ability|p1a: Suicune|Pressure\n|\n|upkeep\n|turn|481\n|choice|switch 2|switch 3\n|\n|switch|p2a: Toxapex|Toxapex, F|303\/303 brn\n|switch|p1a: Chansey|Chansey, F|592\/704\n|\n|-damage|p2a: Toxapex|285\/303 brn|[from] brn\n|upkeep\n|turn|482\n|choice|switch 4|switch 4\n|\n|switch|p1a: Sableye|Sableye-Mega, F|186\/304\n|switch|p2a: Sableye|Sableye-Mega, F|222\/303\n|\n|upkeep\n|turn|483\n|choice|move recover|switch 6\n|\n|switch|p2a: Chansey|Chansey, F|534\/703\n|move|p1a: Sableye|Recover|p1a: Sableye\n|-heal|p1a: Sableye|304\/304\n|\n|upkeep\n|turn|484\n|choice|switch 3|switch 3\n|\n|switch|p2a: Magnezone|Magnezone|264\/281\n|switch|p1a: Zapdos|Zapdos|278\/383\n|-ability|p1a: Zapdos|Pressure\n|\n|upkeep\n|turn|485\n|choice|switch 4|switch 4\n|\n|switch|p2a: Toxapex|Toxapex, F|303\/303 brn\n|switch|p1a: Chansey|Chansey, F|592\/704\n|\n|-damage|p2a: Toxapex|285\/303 brn|[from] brn\n|upkeep\n|turn|486\n|choice|move healbell|switch 3\n|\n|switch|p2a: Chansey|Chansey, F|534\/703\n|move|p1a: Chansey|Heal Bell|p1a: Chansey\n|-activate|p1a: Chansey|move: Heal Bell\n|-curestatus|p1: Muk|brn|[msg]\n|\n|upkeep\n|turn|487\n|choice|switch 3|switch 6\n|\n|switch|p1a: Sableye|Sableye-Mega, F|304\/304\n|switch|p2a: Sableye|Sableye-Mega, F|222\/303\n|\n|upkeep\n|turn|488\n|choice|switch 3|move willowisp\n|\n|switch|p1a: Chansey|Chansey, F|592\/704\n|move|p2a: Sableye|Will-O-Wisp|p1a: Chansey\n|-status|p1a: Chansey|brn\n|\n|-damage|p1a: Chansey|548\/704 brn|[from] brn\n|upkeep\n|turn|489\n|choice|switch 5|switch 6\n|\n|-curestatus|p1a: Chansey|brn|[from] ability: Natural Cure\n|switch|p1a: Muk|Muk-Alola, F|346\/413\n|switch|p2a: Chansey|Chansey, F|534\/703\n|\n|upkeep\n|turn|490\n|choice|move pursuit|switch 3\n|\n|-activate|p2a: Chansey|move: Pursuit\n|move|p1a: Muk|Pursuit|p2a: Chansey|[from]Pursuit\n|-damage|p2a: Chansey|339\/703\n|switch|p2a: Toxapex|Toxapex, F|303\/303 brn\n|\n|-damage|p2a: Toxapex|285\/303 brn|[from] brn\n|upkeep\n|turn|491\n|choice|switch 5|switch 4\n|\n|switch|p1a: Chansey|Chansey, F|548\/704\n|switch|p2a: Magnezone|Magnezone|264\/281\n|\n|upkeep\n|turn|492\n|choice|move seismictoss|move voltswitch\n|\n|move|p2a: Magnezone|Volt Switch|p1a: Chansey\n|-damage|p1a: Chansey|464\/704\n|choice||switch 3\n|\n|switch|p2a: Chansey|Chansey, F|339\/703\n|move|p1a: Chansey|Seismic Toss|p2a: Chansey\n|-damage|p2a: Chansey|239\/703\n|\n|upkeep\n|turn|493\n|choice|move stealthrock|move stealthrock\n|\n|move|p1a: Chansey|Stealth Rock|p2a: Chansey\n|-sidestart|p2: Q114|move: Stealth Rock\n|move|p2a: Chansey|Stealth Rock|p1a: Chansey\n|-sidestart|p1: thr3at 2.0|move: Stealth Rock\n|\n|upkeep\n|turn|494\n|choice|switch 5|move softboiled\n|\n|switch|p1a: Muk|Muk-Alola, F|346\/413\n|-damage|p1a: Muk|295\/413|[from] Stealth Rock\n|move|p2a: Chansey|Soft-Boiled|p2a: Chansey\n|-heal|p2a: Chansey|591\/703\n|\n|upkeep\n|turn|495\n|choice|move pursuit|switch 4\n|\n|-activate|p2a: Chansey|move: Pursuit\n|move|p1a: Muk|Pursuit|p2a: Chansey|[from]Pursuit\n|-damage|p2a: Chansey|389\/703\n|switch|p2a: Toxapex|Toxapex, F|303\/303 brn\n|-damage|p2a: Toxapex|266\/303 brn|[from] Stealth Rock\n|\n|-damage|p2a: Toxapex|248\/303 brn|[from] brn\n|upkeep\n|turn|496\n|choice|switch 6|move toxicspikes\n|\n|switch|p1a: Clefable|Clefable, F|393\/393\n|-damage|p1a: Clefable|344\/393|[from] Stealth Rock\n|move|p2a: Toxapex|Toxic Spikes|p1a: Clefable\n|-sidestart|p1: thr3at 2.0|move: Toxic Spikes\n|\n|-heal|p1a: Clefable|368\/393|[from] item: Leftovers\n|-damage|p2a: Toxapex|230\/303 brn|[from] brn\n|upkeep\n|turn|497\n|j|Zeketastic\n|inactive|Q114 has 135 seconds left.\n|choice|move wish|switch 2\n|\n|switch|p2a: Skarmory|Skarmory, M|232\/333 brn\n|-damage|p2a: Skarmory|191\/333 brn|[from] Stealth Rock\n|move|p1a: Clefable|Wish|p1a: Clefable\n|\n|-heal|p1a: Clefable|392\/393|[from] item: Leftovers\n|-damage|p2a: Skarmory|171\/333 brn|[from] brn\n|upkeep\n|turn|498\n|l|Ellaine Kay!\n|choice|switch 4|move spikes\n|\n|switch|p1a: Zapdos|Zapdos|278\/383\n|-damage|p1a: Zapdos|183\/383|[from] Stealth Rock\n|-ability|p1a: Zapdos|Pressure\n|move|p2a: Skarmory|Spikes|p1a: Zapdos\n|-sidestart|p1: thr3at 2.0|Spikes\n|\n|-heal|p1a: Zapdos|379\/383|[from] move: Wish|[wisher] Clefable\n|-damage|p2a: Skarmory|151\/333 brn|[from] brn\n|upkeep\n|turn|499\n|choice|move defog|move roost\n|\n|move|p1a: Zapdos|Defog|p2a: Skarmory\n|-unboost|p2a: Skarmory|evasion|1\n|-sideend|p2: Q114|Stealth Rock|[from] move: Defog|[of] p2a: Skarmory\n|-sideend|p1: thr3at 2.0|Spikes|[from] move: Defog|[of] p1a: Zapdos\n|-sideend|p1: thr3at 2.0|Toxic Spikes|[from] move: Defog|[of] p1a: Zapdos\n|-sideend|p1: thr3at 2.0|Stealth Rock|[from] move: Defog|[of] p1a: Zapdos\n|move|p2a: Skarmory|Roost|p2a: Skarmory\n|-heal|p2a: Skarmory|318\/333 brn\n|\n|-damage|p2a: Skarmory|298\/333 brn|[from] brn\n|upkeep\n|turn|500\n|choice|move discharge|switch 2\n|\n|switch|p2a: Toxapex|Toxapex, F|303\/303 brn\n|move|p1a: Zapdos|Discharge|p2a: Toxapex\n|-supereffective|p2a: Toxapex\n|-damage|p2a: Toxapex|151\/303 brn\n|\n|-damage|p2a: Toxapex|133\/303 brn|[from] brn\n|upkeep\n|turn|501\n|choice|move discharge|switch 6\n|\n|switch|p2a: Sableye|Sableye-Mega, F|222\/303\n|move|p1a: Zapdos|Discharge|p2a: Sableye\n|-damage|p2a: Sableye|143\/303\n|-status|p2a: Sableye|par\n|\n|upkeep\n|turn|502\n|choice|move heatwave|switch 5\n|\n|switch|p2a: Clefable|Clefable, M|393\/393\n|move|p1a: Zapdos|Heat Wave|p2a: Clefable\n|-damage|p2a: Clefable|297\/393\n|\n|-heal|p2a: Clefable|321\/393|[from] item: Leftovers\n|upkeep\n|turn|503\n|choice|switch 6|move healbell\n|\n|switch|p1a: Muk|Muk-Alola, F|295\/413\n|move|p2a: Clefable|Heal Bell|p2a: Clefable\n|-activate|p2a: Clefable|move: Heal Bell\n|-curestatus|p2: Skarmory|brn|[msg]\n|-curestatus|p2: Sableye|par|[msg]\n|-curestatus|p2: Toxapex|brn|[msg]\n|\n|-heal|p2a: Clefable|345\/393|[from] item: Leftovers\n|upkeep\n|turn|504\n|choice|move pursuit|move protect\n|\n|move|p2a: Clefable|Protect|p2a: Clefable\n|-singleturn|p2a: Clefable|Protect\n|move|p1a: Muk|Pursuit|p2a: Clefable\n|-activate|p2a: Clefable|move: Protect\n|\n|-heal|p2a: Clefable|369\/393|[from] item: Leftovers\n|upkeep\n|turn|505\n|choice|move pursuit|switch 2\n|\n|-activate|p2a: Clefable|move: Pursuit\n|move|p1a: Muk|Pursuit|p2a: Clefable|[from]Pursuit\n|-resisted|p2a: Clefable\n|-damage|p2a: Clefable|323\/393\n|-status|p2a: Clefable|psn|[from] ability: Poison Touch|[of] p1a: Muk\n|switch|p2a: Skarmory|Skarmory, M|298\/333\n|\n|upkeep\n|turn|506\n|choice|switch 6|switch 6\n|\n|switch|p2a: Toxapex|Toxapex, F|234\/303\n|switch|p1a: Zapdos|Zapdos|379\/383\n|-ability|p1a: Zapdos|Pressure\n|\n|upkeep\n|turn|507\n|choice|switch 6|move scald\n|\n|switch|p1a: Muk|Muk-Alola, F|295\/413\n|move|p2a: Toxapex|Scald|p1a: Muk\n|-damage|p1a: Muk|252\/413\n|\n|upkeep\n|turn|508\n|l|Zeketastic\n|choice|switch 2|switch 4\n|\n|switch|p1a: Suicune|Suicune|403\/403\n|-ability|p1a: Suicune|Pressure\n|switch|p2a: Chansey|Chansey, F|389\/703\n|\n|upkeep\n|turn|509\n|choice|move scald|move softboiled\n|\n|move|p1a: Suicune|Scald|p2a: Chansey\n|-damage|p2a: Chansey|304\/703\n|move|p2a: Chansey|Soft-Boiled|p2a: Chansey\n|-heal|p2a: Chansey|656\/703\n|\n|upkeep\n|turn|510\n|choice|switch 3|switch 4\n|\n|switch|p1a: Sableye|Sableye-Mega, F|304\/304\n|switch|p2a: Toxapex|Toxapex, F|303\/303\n|\n|upkeep\n|turn|511\n|choice|switch 5|switch 6\n|\n|switch|p2a: Skarmory|Skarmory, M|298\/333\n|switch|p1a: Chansey|Chansey, F|464\/704\n|\n|upkeep\n|turn|512\n|choice|switch 5|switch 5\n|\n|switch|p2a: Sableye|Sableye-Mega, F|143\/303\n|switch|p1a: Sableye|Sableye-Mega, F|304\/304\n|\n|upkeep\n|turn|513\n|choice|move knockoff|move recover\n|\n|move|p2a: Sableye|Recover|p2a: Sableye\n|-heal|p2a: Sableye|295\/303\n|move|p1a: Sableye|Knock Off|p2a: Sableye\n|-damage|p2a: Sableye|243\/303\n|\n|upkeep\n|turn|514\n|choice|switch 5|switch 6\n|\n|switch|p2a: Toxapex|Toxapex, F|303\/303\n|switch|p1a: Chansey|Chansey, F|464\/704\n|\n|upkeep\n|turn|515\n|choice|move softboiled|switch 5\n|\n|switch|p2a: Skarmory|Skarmory, M|298\/333\n|move|p1a: Chansey|Soft-Boiled|p1a: Chansey\n|-heal|p1a: Chansey|704\/704\n|\n|upkeep\n|turn|516\n|choice|switch 5|switch 4\n|\n|switch|p2a: Chansey|Chansey, F|656\/703\n|switch|p1a: Sableye|Sableye-Mega, F|304\/304\n|\n|upkeep\n|turn|517\n|choice|switch 2|move toxic\n|\n|switch|p1a: Muk|Muk-Alola, F|252\/413\n|move|p2a: Chansey|Toxic|p1a: Muk\n|-immune|p1a: Muk|[msg]\n|\n|upkeep\n|turn|518\n|choice|switch 2|move stealthrock\n|\n|switch|p1a: Sableye|Sableye-Mega, F|304\/304\n|move|p2a: Chansey|Stealth Rock|p1a: Sableye\n|move|p1a: Sableye|Stealth Rock|p2a: Chansey|[from]Magic Bounce\n|-sidestart|p2: Q114|move: Stealth Rock\n|\n|upkeep\n|turn|519\n|inactive|thr3at 2.0 has 135 seconds left.\n|choice|move knockoff|switch 4\n|\n|switch|p2a: Skarmory|Skarmory, M|298\/333\n|-damage|p2a: Skarmory|257\/333|[from] Stealth Rock\n|move|p1a: Sableye|Knock Off|p2a: Skarmory\n|-damage|p2a: Skarmory|214\/333\n|\n|upkeep\n|turn|520\n|choice|move knockoff|move defog\n|\n|move|p2a: Skarmory|Defog|p1a: Sableye\n|move|p1a: Sableye|Defog|p2a: Skarmory|[from]Magic Bounce\n|-unboost|p2a: Skarmory|evasion|1\n|-sideend|p2: Q114|Stealth Rock|[from] move: Defog|[of] p2a: Skarmory\n|move|p1a: Sableye|Knock Off|p2a: Skarmory\n|-damage|p2a: Skarmory|171\/333\n|\n|upkeep\n|turn|521\n|choice|switch 2|move roost\n|\n|switch|p1a: Muk|Muk-Alola, F|252\/413\n|move|p2a: Skarmory|Roost|p2a: Skarmory\n|-heal|p2a: Skarmory|333\/333\n|\n|upkeep\n|turn|522\n|choice|switch 3|switch 4\n|\n|switch|p2a: Chansey|Chansey, F|656\/703\n|switch|p1a: Suicune|Suicune|403\/403\n|-ability|p1a: Suicune|Pressure\n|\n|upkeep\n|turn|523\n|choice|switch 2|switch 5\n|\n|switch|p1a: Sableye|Sableye-Mega, F|304\/304\n|switch|p2a: Toxapex|Toxapex, F|303\/303\n|\n|upkeep\n|turn|524\n|choice|switch 5|switch 4\n|\n|switch|p2a: Skarmory|Skarmory, M|333\/333\n|switch|p1a: Chansey|Chansey, F|704\/704\n|\n|upkeep\n|turn|525\n|choice|move stealthrock|switch 4\n|\n|switch|p2a: Toxapex|Toxapex, F|303\/303\n|move|p1a: Chansey|Stealth Rock|p2a: Toxapex\n|-sidestart|p2: Q114|move: Stealth Rock\n|\n|upkeep\n|turn|526\n|choice|switch 3|move scald\n|\n|switch|p1a: Muk|Muk-Alola, F|252\/413\n|move|p2a: Toxapex|Scald|p1a: Muk\n|-damage|p1a: Muk|210\/413\n|\n|upkeep\n|turn|527\n|choice|switch 5|move toxicspikes\n|\n|switch|p1a: Sableye|Sableye-Mega, F|304\/304\n|move|p2a: Toxapex|Toxic Spikes|p1a: Sableye\n|move|p1a: Sableye|Toxic Spikes|p2a: Toxapex|[from]Magic Bounce\n|-sidestart|p2: Q114|move: Toxic Spikes\n|\n|upkeep\n|turn|528\n|choice|switch 6|move scald\n|\n|switch|p1a: Zapdos|Zapdos|379\/383\n|-ability|p1a: Zapdos|Pressure\n|move|p2a: Toxapex|Scald|p1a: Zapdos\n|-crit|p1a: Zapdos\n|-damage|p1a: Zapdos|280\/383\n|-status|p1a: Zapdos|brn\n|\n|-damage|p1a: Zapdos|257\/383 brn|[from] brn\n|upkeep\n|turn|529\n|choice|switch 6|move toxicspikes\n|\n|switch|p1a: Sableye|Sableye-Mega, F|304\/304\n|move|p2a: Toxapex|Toxic Spikes|p1a: Sableye\n|move|p1a: Sableye|Toxic Spikes|p2a: Toxapex|[from]Magic Bounce\n|-sidestart|p2: Q114|move: Toxic Spikes\n|\n|upkeep\n|turn|530\n|choice|switch 6|switch 4\n|\n|switch|p2a: Skarmory|Skarmory, M|333\/333\n|-damage|p2a: Skarmory|292\/333|[from] Stealth Rock\n|switch|p1a: Zapdos|Zapdos|257\/383 brn\n|-ability|p1a: Zapdos|Pressure\n|\n|-damage|p1a: Zapdos|234\/383 brn|[from] brn\n|upkeep\n|turn|531\n|choice|move discharge|switch 4\n|\n|switch|p2a: Toxapex|Toxapex, F|303\/303\n|-damage|p2a: Toxapex|266\/303|[from] Stealth Rock\n|-sideend|p2: Q114|move: Toxic Spikes|[of] p2a: Toxapex\n|move|p1a: Zapdos|Discharge|p2a: Toxapex\n|-supereffective|p2a: Toxapex\n|-damage|p2a: Toxapex|104\/303\n|-status|p2a: Toxapex|par\n|\n|-damage|p1a: Zapdos|211\/383 brn|[from] brn\n|upkeep\n|turn|532\n|choice|move discharge|switch 5\n|\n|switch|p2a: Chansey|Chansey, F|656\/703\n|-damage|p2a: Chansey|569\/703|[from] Stealth Rock\n|move|p1a: Zapdos|Discharge|p2a: Chansey\n|-damage|p2a: Chansey|458\/703\n|\n|-damage|p1a: Zapdos|188\/383 brn|[from] brn\n|upkeep\n|turn|533\n|choice|switch 6|move stealthrock\n|\n|switch|p1a: Sableye|Sableye-Mega, F|304\/304\n|move|p2a: Chansey|Stealth Rock|p1a: Sableye\n|move|p1a: Sableye|Stealth Rock|p2a: Chansey|[from]Magic Bounce\n|-fail|p1a: Sableye\n|\n|upkeep\n|turn|534\n|choice|switch 6|switch 4\n|\n|switch|p2a: Skarmory|Skarmory, M|292\/333\n|-damage|p2a: Skarmory|251\/333|[from] Stealth Rock\n|switch|p1a: Zapdos|Zapdos|188\/383 brn\n|-ability|p1a: Zapdos|Pressure\n|\n|-damage|p1a: Zapdos|165\/383 brn|[from] brn\n|upkeep\n|turn|535\n|choice|move discharge|switch 4\n|\n|switch|p2a: Chansey|Chansey, F|458\/703\n|-damage|p2a: Chansey|371\/703|[from] Stealth Rock\n|move|p1a: Zapdos|Discharge|p2a: Chansey\n|-damage|p2a: Chansey|254\/703\n|\n|-damage|p1a: Zapdos|142\/383 brn|[from] brn\n|upkeep\n|turn|536\n|choice|move roost|move softboiled\n|\n|move|p1a: Zapdos|Roost|p1a: Zapdos\n|-heal|p1a: Zapdos|334\/383 brn\n|move|p2a: Chansey|Soft-Boiled|p2a: Chansey\n|-heal|p2a: Chansey|606\/703\n|\n|-damage|p1a: Zapdos|311\/383 brn|[from] brn\n|upkeep\n|turn|537\n|choice|switch 6|switch 5\n|\n|switch|p1a: Sableye|Sableye-Mega, F|304\/304\n|switch|p2a: Toxapex|Toxapex, F|205\/303 par\n|-damage|p2a: Toxapex|168\/303 par|[from] Stealth Rock\n|\n|upkeep\n|turn|538\n|choice|switch 5|switch 4\n|\n|switch|p1a: Muk|Muk-Alola, F|210\/413\n|switch|p2a: Skarmory|Skarmory, M|251\/333\n|-damage|p2a: Skarmory|210\/333|[from] Stealth Rock\n|\n|upkeep\n|turn|539\n|choice|switch 6|move defog\n|\n|switch|p1a: Zapdos|Zapdos|311\/383 brn\n|-ability|p1a: Zapdos|Pressure\n|move|p2a: Skarmory|Defog|p1a: Zapdos\n|-unboost|p1a: Zapdos|evasion|1\n|-sideend|p2: Q114|Stealth Rock|[from] move: Defog|[of] p2a: Skarmory\n|\n|-damage|p1a: Zapdos|288\/383 brn|[from] brn\n|upkeep\n|turn|540\n|choice|switch 5|switch 4\n|\n|switch|p1a: Sableye|Sableye-Mega, F|304\/304\n|switch|p2a: Toxapex|Toxapex, F|269\/303 par\n|\n|upkeep\n|turn|541\n|choice|switch 4|switch 4\n|\n|switch|p1a: Clefable|Clefable, F|392\/393\n|switch|p2a: Skarmory|Skarmory, M|210\/333\n|\n|-heal|p1a: Clefable|393\/393|[from] item: Leftovers\n|upkeep\n|turn|542\n|choice|move wish|switch 5\n|\n|switch|p2a: Chansey|Chansey, F|606\/703\n|move|p1a: Clefable|Wish|p1a: Clefable\n|\n|upkeep\n|turn|543\n|choice|switch 5|switch 5\n|\n|switch|p1a: Zapdos|Zapdos|288\/383 brn\n|-ability|p1a: Zapdos|Pressure\n|switch|p2a: Skarmory|Skarmory, M|210\/333\n|\n|-heal|p1a: Zapdos|383\/383 brn|[from] move: Wish|[wisher] Clefable\n|-damage|p1a: Zapdos|360\/383 brn|[from] brn\n|upkeep\n|turn|544\n|choice|switch 3|switch 4\n|\n|switch|p1a: Chansey|Chansey, F|704\/704\n|switch|p2a: Toxapex|Toxapex, F|303\/303 par\n|\n|upkeep\n|turn|545\n|choice|move healbell|switch 6\n|\n|switch|p2a: Sableye|Sableye-Mega, F|243\/303\n|move|p1a: Chansey|Heal Bell|p1a: Chansey\n|-activate|p1a: Chansey|move: Heal Bell\n|-curestatus|p1: Zapdos|brn|[msg]\n|\n|upkeep\n|turn|546\n|choice|switch 2|switch 4\n|\n|switch|p1a: Suicune|Suicune|403\/403\n|-ability|p1a: Suicune|Pressure\n|switch|p2a: Skarmory|Skarmory, M|210\/333\n|\n|upkeep\n|turn|547\n|choice|switch 6|switch 6\n|\n|switch|p1a: Muk|Muk-Alola, F|210\/413\n|switch|p2a: Toxapex|Toxapex, F|303\/303 par\n|\n|upkeep\n|turn|548\n|choice|switch 6|move scald\n|\n|switch|p1a: Suicune|Suicune|403\/403\n|-ability|p1a: Suicune|Pressure\n|cant|p2a: Toxapex|par\n|\n|upkeep\n|turn|549\n|choice|move calmmind|switch 4\n|\n|switch|p2a: Sableye|Sableye-Mega, F|243\/303\n|move|p1a: Suicune|Calm Mind|p1a: Suicune\n|-boost|p1a: Suicune|spa|1\n|-boost|p1a: Suicune|spd|1\n|\n|upkeep\n|turn|550\n|choice|switch 3|switch 4\n|\n|switch|p1a: Zapdos|Zapdos|360\/383\n|-ability|p1a: Zapdos|Pressure\n|switch|p2a: Toxapex|Toxapex, F|303\/303 par\n|\n|upkeep\n|turn|551\n|choice|switch 6|switch 5\n|\n|switch|p1a: Muk|Muk-Alola, F|210\/413\n|switch|p2a: Chansey|Chansey, F|606\/703\n|\n|upkeep\n|turn|552\n|choice|switch 4|switch 5\n|\n|switch|p2a: Toxapex|Toxapex, F|303\/303 par\n|switch|p1a: Sableye|Sableye-Mega, F|304\/304\n|\n|upkeep\n|turn|553\n|choice|switch 2|switch 3\n|\n|switch|p1a: Chansey|Chansey, F|704\/704\n|switch|p2a: Magnezone|Magnezone|264\/281\n|\n|upkeep\n|turn|554\n|choice|move seismictoss|move voltswitch\n|\n|move|p2a: Magnezone|Volt Switch|p1a: Chansey\n|-damage|p1a: Chansey|622\/704\n|choice||switch 4\n|\n|switch|p2a: Sableye|Sableye-Mega, F|243\/303\n|move|p1a: Chansey|Seismic Toss|p2a: Sableye\n|-immune|p2a: Sableye|[msg]\n|\n|upkeep\n|turn|555\n|choice|switch 5|switch 6\n|\n|switch|p1a: Clefable|Clefable, F|393\/393\n|switch|p2a: Skarmory|Skarmory, M|210\/333\n|\n|upkeep\n|turn|556\n|choice|switch 2|switch 6\n|\n|switch|p2a: Sableye|Sableye-Mega, F|243\/303\n|switch|p1a: Sableye|Sableye-Mega, F|304\/304\n|\n|upkeep\n|turn|557\n|choice|switch 5|switch 5\n|\n|switch|p2a: Chansey|Chansey, F|606\/703\n|switch|p1a: Chansey|Chansey, F|622\/704\n|\n|upkeep\n|turn|558\n|choice|switch 4|switch 6\n|\n|switch|p1a: Muk|Muk-Alola, F|210\/413\n|switch|p2a: Skarmory|Skarmory, M|210\/333\n|\n|upkeep\n|turn|559\n|choice|move flamethrower|move roost\n|\n|move|p2a: Skarmory|Roost|p2a: Skarmory\n|-heal|p2a: Skarmory|333\/333\n|move|p1a: Muk|Flamethrower|p2a: Skarmory\n|-supereffective|p2a: Skarmory\n|-damage|p2a: Skarmory|193\/333\n|-status|p2a: Skarmory|brn\n|\n|-damage|p2a: Skarmory|173\/333 brn|[from] brn\n|upkeep\n|turn|560\n|choice|switch 5|switch 3\n|\n|switch|p2a: Toxapex|Toxapex, F|303\/303 par\n|switch|p1a: Sableye|Sableye-Mega, F|304\/304\n|\n|upkeep\n|turn|561\n|choice|switch 3|switch 4\n|\n|switch|p1a: Suicune|Suicune|403\/403\n|-ability|p1a: Suicune|Pressure\n|switch|p2a: Magnezone|Magnezone|264\/281\n|\n|upkeep\n|turn|562\n|choice|switch 4|move voltswitch\n|\n|switch|p1a: Chansey|Chansey, F|622\/704\n|move|p2a: Magnezone|Volt Switch|p1a: Chansey\n|-damage|p1a: Chansey|543\/704\n|j|Big bIack cuck\n|inactive|Q114 has 135 seconds left.\n|choice||switch 5\n|\n|switch|p2a: Sableye|Sableye-Mega, F|243\/303\n|\n|upkeep\n|turn|563\n|c| Big bIack cuck|Epic!\n|choice|switch 6|switch 6\n|\n|switch|p1a: Zapdos|Zapdos|360\/383\n|-ability|p1a: Zapdos|Pressure\n|switch|p2a: Chansey|Chansey, F|606\/703\n|\n|upkeep\n|turn|564\n|choice|switch 3|switch 2\n|\n|switch|p1a: Sableye|Sableye-Mega, F|304\/304\n|switch|p2a: Clefable|Clefable, M|323\/393 psn\n|\n|-heal|p2a: Clefable|347\/393 psn|[from] item: Leftovers\n|-damage|p2a: Clefable|298\/393 psn|[from] psn\n|upkeep\n|turn|565\n|choice|switch 2|move healbell\n|\n|switch|p1a: Clefable|Clefable, F|393\/393\n|move|p2a: Clefable|Heal Bell|p2a: Clefable\n|-activate|p2a: Clefable|move: Heal Bell\n|-curestatus|p2a: Clefable|psn|[msg]\n|-curestatus|p2: Skarmory|brn|[msg]\n|-curestatus|p2: Toxapex|par|[msg]\n|\n|-heal|p2a: Clefable|322\/393|[from] item: Leftovers\n|upkeep\n|turn|566\n|choice|move wish|switch 3\n|\n|switch|p2a: Skarmory|Skarmory, M|173\/333\n|move|p1a: Clefable|Wish|p1a: Clefable\n|\n|upkeep\n|turn|567\n|choice|switch 5|move roost\n|\n|switch|p1a: Muk|Muk-Alola, F|210\/413\n|move|p2a: Skarmory|Roost|p2a: Skarmory\n|-heal|p2a: Skarmory|333\/333\n|\n|-heal|p1a: Muk|406\/413|[from] move: Wish|[wisher] Clefable\n|upkeep\n|turn|568\n|choice|switch 2|switch 4\n|\n|switch|p2a: Toxapex|Toxapex, F|303\/303\n|switch|p1a: Sableye|Sableye-Mega, F|304\/304\n|\n|upkeep\n|turn|569\n|choice|switch 6|switch 6\n|\n|switch|p2a: Sableye|Sableye-Mega, F|243\/303\n|switch|p1a: Chansey|Chansey, F|543\/704\n|\n|upkeep\n|turn|570\n|choice|switch 3|move knockoff\n|\n|switch|p1a: Zapdos|Zapdos|360\/383\n|-ability|p1a: Zapdos|Pressure\n|move|p2a: Sableye|Knock Off|p1a: Zapdos\n|-damage|p1a: Zapdos|302\/383\n|\n|upkeep\n|turn|571\n|choice|switch 4|switch 6\n|\n|switch|p1a: Suicune|Suicune|403\/403\n|-ability|p1a: Suicune|Pressure\n|switch|p2a: Toxapex|Toxapex, F|303\/303\n|\n|upkeep\n|turn|572\n|choice|switch 2|switch 2\n|\n|switch|p1a: Muk|Muk-Alola, F|406\/413\n|switch|p2a: Chansey|Chansey, F|606\/703\n|\n|upkeep\n|turn|573\n|choice|switch 6|switch 2\n|\n|switch|p2a: Toxapex|Toxapex, F|303\/303\n|switch|p1a: Sableye|Sableye-Mega, F|304\/304\n|\n|upkeep\n|turn|574\n|inactive|thr3at 2.0 has 135 seconds left.\n|inactive|thr3at 2.0 has 120 seconds left.\n|inactive|thr3at 2.0 has 105 seconds left.\n|choice|switch 2|switch 4\n|\n|switch|p2a: Skarmory|Skarmory, M|333\/333\n|switch|p1a: Suicune|Suicune|403\/403\n|-ability|p1a: Suicune|Pressure\n|\n|upkeep\n|turn|575\n|choice|switch 6|switch 4\n|\n|switch|p1a: Muk|Muk-Alola, F|406\/413\n|switch|p2a: Toxapex|Toxapex, F|303\/303\n|\n|upkeep\n|turn|576\n|choice|move flamethrower|switch 5\n|\n|switch|p2a: Magnezone|Magnezone|264\/281\n|move|p1a: Muk|Flamethrower|p2a: Magnezone\n|-supereffective|p2a: Magnezone\n|-damage|p2a: Magnezone|160\/281\n|\n|upkeep\n|turn|577\n|choice|move pursuit|switch 5\n|\n|-activate|p2a: Magnezone|move: Pursuit\n|move|p1a: Muk|Pursuit|p2a: Magnezone|[from]Pursuit\n|-damage|p2a: Magnezone|73\/281\n|switch|p2a: Toxapex|Toxapex, F|303\/303\n|\n|upkeep\n|turn|578\n|c|\u2606thr3at 2.0|this is awesome\n|inactive|Q114 has 135 seconds left.\n|c|\u2606thr3at 2.0|such a brutal victory\n|choice|switch 3|move haze\n|\n|switch|p1a: Chansey|Chansey, F|543\/704\n|move|p2a: Toxapex|Haze|p2a: Toxapex\n|-clearallboost\n|\n|upkeep\n|turn|579\n|choice|switch 6|switch 3\n|\n|switch|p1a: Suicune|Suicune|403\/403\n|-ability|p1a: Suicune|Pressure\n|switch|p2a: Clefable|Clefable, M|322\/393\n|\n|-heal|p2a: Clefable|346\/393|[from] item: Leftovers\n|upkeep\n|turn|580\n|choice|move calmmind|switch 3\n|\n|switch|p2a: Toxapex|Toxapex, F|303\/303\n|move|p1a: Suicune|Calm Mind|p1a: Suicune\n|-boost|p1a: Suicune|spa|1\n|-boost|p1a: Suicune|spd|1\n|\n|upkeep\n|turn|581\n|choice|switch 3|switch 2\n|\n|switch|p1a: Muk|Muk-Alola, F|406\/413\n|switch|p2a: Chansey|Chansey, F|606\/703\n|\n|upkeep\n|turn|582\n|choice|move pursuit|switch 2\n|\n|-activate|p2a: Chansey|move: Pursuit\n|move|p1a: Muk|Pursuit|p2a: Chansey|[from]Pursuit\n|-crit|p2a: Chansey\n|-damage|p2a: Chansey|317\/703\n|switch|p2a: Toxapex|Toxapex, F|303\/303\n|\n|upkeep\n|turn|583\n|choice|switch 3|switch 6\n|\n|switch|p1a: Suicune|Suicune|403\/403\n|-ability|p1a: Suicune|Pressure\n|switch|p2a: Sableye|Sableye-Mega, F|243\/303\n|\n|upkeep\n|turn|584\n|choice|switch 3|move knockoff\n|\n|switch|p1a: Muk|Muk-Alola, F|406\/413\n|move|p2a: Sableye|Knock Off|p1a: Muk\n|-resisted|p1a: Muk\n|-damage|p1a: Muk|363\/413\n|\n|upkeep\n|turn|585\n|j|Gun of Brixton\n|choice|move pursuit|move protect\n|\n|move|p2a: Sableye|Protect|p2a: Sableye\n|-singleturn|p2a: Sableye|Protect\n|move|p1a: Muk|Pursuit|p2a: Sableye\n|-activate|p2a: Sableye|move: Protect\n|\n|upkeep\n|turn|586\n|choice|move pursuit|switch 6\n|\n|-activate|p2a: Sableye|move: Pursuit\n|move|p1a: Muk|Pursuit|p2a: Sableye|[from]Pursuit\n|-damage|p2a: Sableye|162\/303\n|-status|p2a: Sableye|psn|[from] ability: Poison Touch|[of] p1a: Muk\n|switch|p2a: Toxapex|Toxapex, F|303\/303\n|\n|upkeep\n|turn|587\n|inactive|thr3at 2.0 has 135 seconds left.\n|choice|switch 4|switch 2\n|\n|switch|p1a: Zapdos|Zapdos|302\/383\n|-ability|p1a: Zapdos|Pressure\n|switch|p2a: Chansey|Chansey, F|317\/703\n|\n|upkeep\n|turn|588\n|choice|switch 4|move softboiled\n|\n|switch|p1a: Muk|Muk-Alola, F|363\/413\n|move|p2a: Chansey|Soft-Boiled|p2a: Chansey\n|-heal|p2a: Chansey|669\/703\n|\n|upkeep\n|turn|589\n|choice|switch 2|switch 2\n|\n|switch|p2a: Toxapex|Toxapex, F|303\/303\n|switch|p1a: Sableye|Sableye-Mega, F|304\/304\n|\n|upkeep\n|turn|590\n|j|korak95\n|choice|move knockoff|switch 4\n|\n|switch|p2a: Skarmory|Skarmory, M|333\/333\n|move|p1a: Sableye|Knock Off|p2a: Skarmory\n|-damage|p2a: Skarmory|291\/333\n|\n|upkeep\n|turn|591\n|choice|move knockoff|switch 3\n|\n|switch|p2a: Clefable|Clefable, M|346\/393\n|move|p1a: Sableye|Knock Off|p2a: Clefable\n|-resisted|p2a: Clefable\n|-damage|p2a: Clefable|304\/393\n|-enditem|p2a: Clefable|Leftovers|[from] move: Knock Off|[of] p1a: Sableye\n|\n|upkeep\n|turn|592\n|choice|switch 2|move wish\n|\n|switch|p1a: Muk|Muk-Alola, F|363\/413\n|move|p2a: Clefable|Wish|p2a: Clefable\n|\n|upkeep\n|turn|593\n|l|Gun of Brixton\n|choice|move knockoff|switch 6\n|\n|switch|p2a: Sableye|Sableye-Mega, F|162\/303 psn\n|move|p1a: Muk|Knock Off|p2a: Sableye\n|-crit|p2a: Sableye\n|-damage|p2a: Sableye|54\/303 psn\n|\n|-heal|p2a: Sableye|250\/303 psn|[from] move: Wish|[wisher] Clefable\n|-damage|p2a: Sableye|213\/303 psn|[from] psn\n|upkeep\n|turn|594\n|choice|move knockoff|switch 4\n|\n|switch|p2a: Toxapex|Toxapex, F|303\/303\n|move|p1a: Muk|Knock Off|p2a: Toxapex\n|-damage|p2a: Toxapex|260\/303\n|\n|upkeep\n|turn|595\n|choice|move knockoff|move haze\n|\n|move|p1a: Muk|Knock Off|p2a: Toxapex\n|-damage|p2a: Toxapex|218\/303\n|move|p2a: Toxapex|Haze|p2a: Toxapex\n|-clearallboost\n|\n|upkeep\n|turn|596\n|choice|move knockoff|switch 3\n|\n|switch|p2a: Skarmory|Skarmory, M|291\/333\n|move|p1a: Muk|Knock Off|p2a: Skarmory\n|-damage|p2a: Skarmory|243\/333\n|\n|upkeep\n|turn|597\n|choice|switch 6|switch 3\n|\n|switch|p2a: Toxapex|Toxapex, F|303\/303\n|switch|p1a: Chansey|Chansey, F|543\/704\n|\n|upkeep\n|turn|598\n|choice|switch 4|switch 3\n|\n|switch|p1a: Zapdos|Zapdos|302\/383\n|-ability|p1a: Zapdos|Pressure\n|switch|p2a: Skarmory|Skarmory, M|243\/333\n|\n|upkeep\n|turn|599\n|choice|switch 6|switch 6\n|\n|switch|p1a: Muk|Muk-Alola, F|363\/413\n|switch|p2a: Clefable|Clefable, M|304\/393\n|\n|upkeep\n|turn|600\n|choice|move poisonfang|move protect\n|\n|move|p2a: Clefable|Protect|p2a: Clefable\n|-singleturn|p2a: Clefable|Protect\n|move|p1a: Muk|Poison Fang|p2a: Clefable\n|-activate|p2a: Clefable|move: Protect\n|\n|upkeep\n|turn|601\n|choice|move pursuit|switch 3\n|\n|-activate|p2a: Clefable|move: Pursuit\n|move|p1a: Muk|Pursuit|p2a: Clefable|[from]Pursuit\n|-resisted|p2a: Clefable\n|-damage|p2a: Clefable|257\/393\n|switch|p2a: Toxapex|Toxapex, F|303\/303\n|\n|upkeep\n|turn|602\n|choice|switch 4|move toxicspikes\n|\n|switch|p1a: Chansey|Chansey, F|543\/704\n|move|p2a: Toxapex|Toxic Spikes|p1a: Chansey\n|-sidestart|p1: thr3at 2.0|move: Toxic Spikes\n|\n|upkeep\n|turn|603\n|choice|switch 6|switch 6\n|\n|switch|p1a: Zapdos|Zapdos|302\/383\n|-ability|p1a: Zapdos|Pressure\n|switch|p2a: Skarmory|Skarmory, M|243\/333\n|\n|upkeep\n|turn|604\n|choice|move defog|move spikes\n|\n|move|p1a: Zapdos|Defog|p2a: Skarmory\n|-unboost|p2a: Skarmory|evasion|1\n|-sideend|p1: thr3at 2.0|Toxic Spikes|[from] move: Defog|[of] p1a: Zapdos\n|move|p2a: Skarmory|Spikes|p1a: Zapdos\n|-sidestart|p1: thr3at 2.0|Spikes\n|\n|upkeep\n|turn|605\n|choice|move defog|switch 5\n|\n|switch|p2a: Magnezone|Magnezone|73\/281\n|move|p1a: Zapdos|Defog|p2a: Magnezone\n|-unboost|p2a: Magnezone|evasion|1\n|-sideend|p1: thr3at 2.0|Spikes|[from] move: Defog|[of] p1a: Zapdos\n|\n|upkeep\n|turn|606\n|choice|move heatwave|move voltswitch\n|\n|move|p2a: Magnezone|Volt Switch|p1a: Zapdos\n|-crit|p1a: Zapdos\n|-damage|p1a: Zapdos|89\/383\n|choice||switch 2\n|\n|switch|p2a: Chansey|Chansey, F|669\/703\n|move|p1a: Zapdos|Heat Wave|p2a: Chansey|[miss]\n|-miss|p1a: Zapdos|p2a: Chansey\n|\n|upkeep\n|turn|607\n|choice|move roost|move stealthrock\n|\n|move|p1a: Zapdos|Roost|p1a: Zapdos\n|-heal|p1a: Zapdos|281\/383\n|move|p2a: Chansey|Stealth Rock|p1a: Zapdos\n|-sidestart|p1: thr3at 2.0|move: Stealth Rock\n|\n|upkeep\n|turn|608\n|choice|move defog|move toxic\n|\n|move|p1a: Zapdos|Defog|p2a: Chansey\n|-unboost|p2a: Chansey|evasion|1\n|-sideend|p1: thr3at 2.0|Stealth Rock|[from] move: Defog|[of] p1a: Zapdos\n|move|p2a: Chansey|Toxic|p1a: Zapdos\n|-status|p1a: Zapdos|tox\n|\n|-damage|p1a: Zapdos|258\/383 tox|[from] psn\n|upkeep\n|turn|609\n|choice|switch 2|switch 2\n|\n|switch|p1a: Sableye|Sableye-Mega, F|304\/304\n|switch|p2a: Magnezone|Magnezone|73\/281\n|\n|upkeep\n|turn|610\n|choice|move fakeout|switch 6\n|\n|switch|p2a: Toxapex|Toxapex, F|303\/303\n|move|p1a: Sableye|Fake Out|p2a: Toxapex\n|-damage|p2a: Toxapex|287\/303\n|\n|upkeep\n|turn|611\n|choice|switch 6|switch 2\n|\n|switch|p2a: Chansey|Chansey, F|669\/703\n|switch|p1a: Chansey|Chansey, F|543\/704\n|\n|upkeep\n|turn|612\n|choice|switch 6|switch 5\n|\n|switch|p1a: Sableye|Sableye-Mega, F|304\/304\n|switch|p2a: Skarmory|Skarmory, M|243\/333\n|\n|upkeep\n|turn|613\n|choice|move willowisp|switch 2\n|\n|switch|p2a: Toxapex|Toxapex, F|303\/303\n|move|p1a: Sableye|Will-O-Wisp|p2a: Toxapex\n|-status|p2a: Toxapex|brn\n|\n|-damage|p2a: Toxapex|285\/303 brn|[from] brn\n|upkeep\n|turn|614\n|choice|switch 6|move toxicspikes\n|\n|switch|p1a: Chansey|Chansey, F|543\/704\n|move|p2a: Toxapex|Toxic Spikes|p1a: Chansey\n|-sidestart|p1: thr3at 2.0|move: Toxic Spikes\n|\n|-damage|p2a: Toxapex|267\/303 brn|[from] brn\n|upkeep\n|turn|615\n|choice|switch 4|switch 5\n|\n|switch|p1a: Muk|Muk-Alola, F|363\/413\n|-sideend|p1: thr3at 2.0|move: Toxic Spikes|[of] p1a: Muk\n|switch|p2a: Chansey|Chansey, F|669\/703\n|\n|upkeep\n|turn|616\n|choice|move pursuit|switch 5\n|\n|-activate|p2a: Chansey|move: Pursuit\n|move|p1a: Muk|Pursuit|p2a: Chansey|[from]Pursuit\n|-damage|p2a: Chansey|488\/703\n|-status|p2a: Chansey|psn|[from] ability: Poison Touch|[of] p1a: Muk\n|-curestatus|p2a: Chansey|psn|[from] ability: Natural Cure\n|switch|p2a: Toxapex|Toxapex, F|303\/303 brn\n|\n|-damage|p2a: Toxapex|285\/303 brn|[from] brn\n|upkeep\n|turn|617\n|choice|switch 4|move haze\n|\n|switch|p1a: Chansey|Chansey, F|543\/704\n|move|p2a: Toxapex|Haze|p2a: Toxapex\n|-clearallboost\n|\n|-damage|p2a: Toxapex|267\/303 brn|[from] brn\n|upkeep\n|turn|618\n|choice|move stealthrock|move toxicspikes\n|\n|move|p1a: Chansey|Stealth Rock|p2a: Toxapex\n|-sidestart|p2: Q114|move: Stealth Rock\n|move|p2a: Toxapex|Toxic Spikes|p1a: Chansey\n|-sidestart|p1: thr3at 2.0|move: Toxic Spikes\n|\n|-damage|p2a: Toxapex|249\/303 brn|[from] brn\n|upkeep\n|turn|619\n|j|She Only Loves You\n|choice|switch 4|move scald\n|\n|switch|p1a: Muk|Muk-Alola, F|363\/413\n|-sideend|p1: thr3at 2.0|move: Toxic Spikes|[of] p1a: Muk\n|move|p2a: Toxapex|Scald|p1a: Muk\n|-damage|p1a: Muk|321\/413\n|\n|-damage|p2a: Toxapex|231\/303 brn|[from] brn\n|upkeep\n|turn|620\n|choice|switch 4|move toxicspikes\n|\n|switch|p1a: Chansey|Chansey, F|543\/704\n|move|p2a: Toxapex|Toxic Spikes|p1a: Chansey\n|-sidestart|p1: thr3at 2.0|move: Toxic Spikes\n|\n|-damage|p2a: Toxapex|213\/303 brn|[from] brn\n|upkeep\n|turn|621\n|choice|move healbell|switch 5\n|\n|switch|p2a: Chansey|Chansey, F|488\/703\n|-damage|p2a: Chansey|401\/703|[from] Stealth Rock\n|move|p1a: Chansey|Heal Bell|p1a: Chansey\n|-activate|p1a: Chansey|move: Heal Bell\n|-curestatus|p1: Zapdos|tox|[msg]\n|\n|upkeep\n|turn|622\n|j|SHSJSK\n|choice|switch 6|move stealthrock\n|\n|switch|p1a: Sableye|Sableye-Mega, F|304\/304\n|-status|p1a: Sableye|psn\n|move|p2a: Chansey|Stealth Rock|p1a: Sableye\n|move|p1a: Sableye|Stealth Rock|p2a: Chansey|[from]Magic Bounce\n|-fail|p1a: Sableye\n|\n|-damage|p1a: Sableye|266\/304 psn|[from] psn\n|upkeep\n|turn|623\n|choice|move willowisp|move stealthrock\n|\n|move|p2a: Chansey|Stealth Rock|p1a: Sableye\n|move|p1a: Sableye|Stealth Rock|p2a: Chansey|[from]Magic Bounce\n|-fail|p1a: Sableye\n|move|p1a: Sableye|Will-O-Wisp|p2a: Chansey|[miss]\n|-miss|p1a: Sableye|p2a: Chansey\n|\n|-damage|p1a: Sableye|228\/304 psn|[from] psn\n|upkeep\n|turn|624\n|c| SHSJSK|Lol 600 turns\n|l|Big bIack cuck\n|choice|move willowisp|move softboiled\n|\n|move|p2a: Chansey|Soft-Boiled|p2a: Chansey\n|-heal|p2a: Chansey|703\/703\n|move|p1a: Sableye|Will-O-Wisp|p2a: Chansey\n|-status|p2a: Chansey|brn\n|\n|-damage|p2a: Chansey|660\/703 brn|[from] brn\n|-damage|p1a: Sableye|190\/304 psn|[from] psn\n|upkeep\n|turn|625\n|choice|switch 2|move stealthrock\n|\n|switch|p1a: Zapdos|Zapdos|258\/383\n|-ability|p1a: Zapdos|Pressure\n|move|p2a: Chansey|Stealth Rock|p1a: Zapdos\n|-sidestart|p1: thr3at 2.0|move: Stealth Rock\n|\n|-damage|p2a: Chansey|617\/703 brn|[from] brn\n|upkeep\n|turn|626\n|j|Obedec15\n|c| Obedec15|Dale con la silla :v\n|choice|switch 4|move toxic\n|\n|switch|p1a: Muk|Muk-Alola, F|321\/413\n|-sideend|p1: thr3at 2.0|move: Toxic Spikes|[of] p1a: Muk\n|-damage|p1a: Muk|270\/413|[from] Stealth Rock\n|move|p2a: Chansey|Toxic|p1a: Muk\n|-immune|p1a: Muk|[msg]\n|\n|-damage|p2a: Chansey|574\/703 brn|[from] brn\n|upkeep\n|turn|627\n|j|DxDBreaker\n|l|korak95\n|choice|switch 5|switch 5\n|\n|-curestatus|p2a: Chansey|brn|[from] ability: Natural Cure\n|switch|p2a: Toxapex|Toxapex, F|303\/303 brn\n|-damage|p2a: Toxapex|266\/303 brn|[from] Stealth Rock\n|switch|p1a: Clefable|Clefable, F|393\/393\n|-damage|p1a: Clefable|344\/393|[from] Stealth Rock\n|\n|-heal|p1a: Clefable|368\/393|[from] item: Leftovers\n|-damage|p2a: Toxapex|248\/303 brn|[from] brn\n|upkeep\n|turn|628\n|choice|move wish|switch 2\n|\n|switch|p2a: Skarmory|Skarmory, M|243\/333\n|-damage|p2a: Skarmory|202\/333|[from] Stealth Rock\n|move|p1a: Clefable|Wish|p1a: Clefable\n|\n|-heal|p1a: Clefable|392\/393|[from] item: Leftovers\n|upkeep\n|turn|629\n|c| Obedec15|Mimikyuuuu\n|c| SHSJSK|k\n|c| Obedec15|Estas aqui?\n|choice|switch 4|move defog\n|\n|switch|p1a: Zapdos|Zapdos|258\/383\n|-damage|p1a: Zapdos|163\/383|[from] Stealth Rock\n|-ability|p1a: Zapdos|Pressure\n|move|p2a: Skarmory|Defog|p1a: Zapdos\n|-unboost|p1a: Zapdos|evasion|1\n|-sideend|p1: thr3at 2.0|Stealth Rock|[from] move: Defog|[of] p1a: Zapdos\n|-sideend|p2: Q114|Stealth Rock|[from] move: Defog|[of] p2a: Skarmory\n|\n|-heal|p1a: Zapdos|359\/383|[from] move: Wish|[wisher] Clefable\n|upkeep\n|turn|630\n|l|She Only Loves You\n|c| SHSJSK|si\n|c| Obedec15|A ese eres tu\n|c| SHSJSK|xdxd\n|inactive|thr3at 2.0 has 135 seconds left.\n|choice|switch 2|switch 2\n|\n|switch|p1a: Sableye|Sableye-Mega, F|190\/304 psn\n|switch|p2a: Toxapex|Toxapex, F|303\/303 brn\n|\n|-damage|p2a: Toxapex|285\/303 brn|[from] brn\n|-damage|p1a: Sableye|152\/304 psn|[from] psn\n|upkeep\n|turn|631\n|choice|move recover|switch 3\n|\n|switch|p2a: Clefable|Clefable, M|257\/393\n|move|p1a: Sableye|Recover|p1a: Sableye\n|-heal|p1a: Sableye|304\/304 psn\n|\n|-damage|p1a: Sableye|266\/304 psn|[from] psn\n|upkeep\n|turn|632\n|c| Obedec15|Pobre sableye esta envenenado\n|c| SHSJSK|Observa este cancer :v\n|c| Obedec15|iase :v\n|inactive|thr3at 2.0 has 135 seconds left.\n|raw|<div class=\"broadcast-red\"><strong>Moderated chat was set to +!<\/strong><br \/>Only users of rank + and higher can talk.<\/div>\n|c|\u2606thr3at 2.0|stfu mexicans\n|choice|switch 5|move wish\n|\n|switch|p1a: Muk|Muk-Alola, F|270\/413\n|move|p2a: Clefable|Wish|p2a: Clefable\n|\n|upkeep\n|turn|633\n|choice|move flamethrower|switch 2\n|\n|switch|p2a: Skarmory|Skarmory, M|202\/333\n|move|p1a: Muk|Flamethrower|p2a: Skarmory\n|-supereffective|p2a: Skarmory\n|-damage|p2a: Skarmory|58\/333\n|\n|-heal|p2a: Skarmory|254\/333|[from] move: Wish|[wisher] Clefable\n|upkeep\n|turn|634\n|choice|switch 2|switch 3\n|\n|switch|p2a: Toxapex|Toxapex, F|303\/303 brn\n|switch|p1a: Zapdos|Zapdos|359\/383\n|-ability|p1a: Zapdos|Pressure\n|\n|-damage|p2a: Toxapex|285\/303 brn|[from] brn\n|upkeep\n|turn|635\n|inactive|thr3at 2.0 has 135 seconds left.\n|choice|switch 3|switch 5\n|\n|switch|p1a: Suicune|Suicune|403\/403\n|-ability|p1a: Suicune|Pressure\n|switch|p2a: Chansey|Chansey, F|574\/703\n|\n|upkeep\n|turn|636\n|raw|<div class=\"broadcast-blue\"><strong>Moderated chat was disabled!<\/strong><br \/>Anyone may talk now.<\/div>\n|choice|switch 5|switch 5\n|\n|switch|p1a: Sableye|Sableye-Mega, F|266\/304 psn\n|switch|p2a: Toxapex|Toxapex, F|303\/303 brn\n|\n|-damage|p2a: Toxapex|285\/303 brn|[from] brn\n|-damage|p1a: Sableye|228\/304 psn|[from] psn\n|upkeep\n|turn|637\n|j|She Only Loves You\n|choice|switch 5|switch 3\n|\n|switch|p2a: Skarmory|Skarmory, M|254\/333\n|switch|p1a: Suicune|Suicune|403\/403\n|-ability|p1a: Suicune|Pressure\n|\n|upkeep\n|turn|638\n|c| Obedec15|Ya mimikyu :v\n|c| Obedec15|xddddd\n|raw|<div class=\"broadcast-red\"><strong>Moderated chat was set to +!<\/strong><br \/>Only users of rank + and higher can talk.<\/div>\n|choice|switch 3|switch 5\n|\n|switch|p1a: Zapdos|Zapdos|359\/383\n|-ability|p1a: Zapdos|Pressure\n|switch|p2a: Chansey|Chansey, F|574\/703\n|\n|upkeep\n|turn|639\n|choice|switch 2|switch 3\n|\n|switch|p1a: Muk|Muk-Alola, F|270\/413\n|switch|p2a: Toxapex|Toxapex, F|303\/303 brn\n|\n|-damage|p2a: Toxapex|285\/303 brn|[from] brn\n|upkeep\n|turn|640\n|choice|move flamethrower|move haze\n|\n|move|p1a: Muk|Flamethrower|p2a: Toxapex\n|-resisted|p2a: Toxapex\n|-damage|p2a: Toxapex|266\/303 brn\n|move|p2a: Toxapex|Haze|p2a: Toxapex\n|-clearallboost\n|\n|-damage|p2a: Toxapex|248\/303 brn|[from] brn\n|upkeep\n|turn|641\n|inactive|Q114 has 135 seconds left.\n|choice|switch 3|move haze\n|\n|switch|p1a: Suicune|Suicune|403\/403\n|-ability|p1a: Suicune|Pressure\n|move|p2a: Toxapex|Haze|p2a: Toxapex\n|-clearallboost\n|\n|-damage|p2a: Toxapex|230\/303 brn|[from] brn\n|upkeep\n|turn|642\n|l|SHSJSK\n|choice|switch 4|switch 2\n|\n|switch|p1a: Clefable|Clefable, F|392\/393\n|switch|p2a: Clefable|Clefable, M|257\/393\n|\n|-heal|p1a: Clefable|393\/393|[from] item: Leftovers\n|upkeep\n|turn|643\n|raw|<div class=\"broadcast-blue\"><strong>Moderated chat was disabled!<\/strong><br \/>Anyone may talk now.<\/div>\n|c|\u2606thr3at 2.0|gtfo mexicans\n|inactive|thr3at 2.0 has 135 seconds left.\n|choice|switch 6|move wish\n|\n|switch|p1a: Chansey|Chansey, F|543\/704\n|move|p2a: Clefable|Wish|p2a: Clefable\n|\n|upkeep\n|turn|644\n|c| She Only Loves You|This is pure mons, hax doesn't matter, its just two people and their skill\n|inactive|Q114 has 135 seconds left.\n|c| She Only Loves You|Its beautiful\n|choice|move seismictoss|switch 5\n|\n|switch|p2a: Skarmory|Skarmory, M|254\/333\n|move|p1a: Chansey|Seismic Toss|p2a: Skarmory\n|-damage|p2a: Skarmory|154\/333\n|\n|-heal|p2a: Skarmory|333\/333|[from] move: Wish|[wisher] Clefable\n|upkeep\n|turn|645\n|choice|switch 2|switch 3\n|\n|switch|p2a: Chansey|Chansey, F|574\/703\n|switch|p1a: Zapdos|Zapdos|359\/383\n|-ability|p1a: Zapdos|Pressure\n|\n|upkeep\n|turn|646\n|inactive|thr3at 2.0 has 135 seconds left.\n|choice|switch 4|switch 2\n|\n|switch|p1a: Suicune|Suicune|403\/403\n|-ability|p1a: Suicune|Pressure\n|switch|p2a: Toxapex|Toxapex, F|303\/303 brn\n|\n|-damage|p2a: Toxapex|285\/303 brn|[from] brn\n|upkeep\n|turn|647\n|c| Obedec15|They should have a lot of free time\n|inactive|thr3at 2.0 has 135 seconds left.\n|inactive|thr3at 2.0 has 120 seconds left.\n|c|\u2606thr3at 2.0|go away obedec15\n|inactive|thr3at 2.0 has 105 seconds left.\n|c|\u2606thr3at 2.0|making me put on modchat\n|raw|<div class=\"broadcast-red\"><strong>Moderated chat was set to +!<\/strong><br \/>Only users of rank + and higher can talk.<\/div>\n|choice|switch 4|switch 3\n|\n|switch|p1a: Zapdos|Zapdos|359\/383\n|-ability|p1a: Zapdos|Pressure\n|switch|p2a: Skarmory|Skarmory, M|333\/333\n|\n|upkeep\n|turn|648\n|choice|switch 3|switch 2\n|\n|switch|p1a: Muk|Muk-Alola, F|270\/413\n|switch|p2a: Chansey|Chansey, F|574\/703\n|\n|upkeep\n|turn|649\n|choice|switch 5|switch 3\n|\n|switch|p2a: Toxapex|Toxapex, F|303\/303 brn\n|switch|p1a: Sableye|Sableye-Mega, F|228\/304 psn\n|\n|-damage|p2a: Toxapex|285\/303 brn|[from] brn\n|-damage|p1a: Sableye|190\/304 psn|[from] psn\n|upkeep\n|turn|650\n|choice|switch 5|switch 3\n|\n|switch|p2a: Chansey|Chansey, F|574\/703\n|switch|p1a: Muk|Muk-Alola, F|270\/413\n|\n|upkeep\n|turn|651\n|choice|move pursuit|switch 3\n|\n|-activate|p2a: Chansey|move: Pursuit\n|move|p1a: Muk|Pursuit|p2a: Chansey|[from]Pursuit\n|-crit|p2a: Chansey\n|-damage|p2a: Chansey|279\/703\n|switch|p2a: Toxapex|Toxapex, F|303\/303 brn\n|\n|-damage|p2a: Toxapex|285\/303 brn|[from] brn\n|upkeep\n|turn|652\n|choice|switch 4|move haze\n|\n|switch|p1a: Suicune|Suicune|403\/403\n|-ability|p1a: Suicune|Pressure\n|move|p2a: Toxapex|Haze|p2a: Toxapex\n|-clearallboost\n|\n|-damage|p2a: Toxapex|267\/303 brn|[from] brn\n|upkeep\n|turn|653\n|inactive|thr3at 2.0 has 135 seconds left.\n|c|\u2606thr3at 2.0|haze should be affected by pressure\n|choice|switch 4|switch 2\n|\n|switch|p1a: Muk|Muk-Alola, F|270\/413\n|switch|p2a: Skarmory|Skarmory, M|333\/333\n|\n|upkeep\n|turn|654\n|choice|switch 3|move spikes\n|\n|switch|p1a: Zapdos|Zapdos|359\/383\n|-ability|p1a: Zapdos|Pressure\n|move|p2a: Skarmory|Spikes|p1a: Zapdos\n|-sidestart|p1: thr3at 2.0|Spikes\n|\n|upkeep\n|turn|655\n|choice|move defog|switch 3\n|\n|switch|p2a: Chansey|Chansey, F|279\/703\n|move|p1a: Zapdos|Defog|p2a: Chansey\n|-unboost|p2a: Chansey|evasion|1\n|-sideend|p1: thr3at 2.0|Spikes|[from] move: Defog|[of] p1a: Zapdos\n|\n|upkeep\n|turn|656\n|choice|switch 5|move softboiled\n|\n|switch|p1a: Sableye|Sableye-Mega, F|190\/304 psn\n|move|p2a: Chansey|Soft-Boiled|p2a: Chansey\n|-heal|p2a: Chansey|631\/703\n|\n|-damage|p1a: Sableye|152\/304 psn|[from] psn\n|upkeep\n|turn|657\n|choice|move recover|switch 2\n|\n|switch|p2a: Toxapex|Toxapex, F|303\/303 brn\n|move|p1a: Sableye|Recover|p1a: Sableye\n|-heal|p1a: Sableye|304\/304 psn\n|\n|-damage|p2a: Toxapex|285\/303 brn|[from] brn\n|-damage|p1a: Sableye|266\/304 psn|[from] psn\n|upkeep\n|turn|658\n|inactive|thr3at 2.0 has 135 seconds left.\n|choice|switch 4|switch 2\n|\n|switch|p2a: Chansey|Chansey, F|631\/703\n|switch|p1a: Suicune|Suicune|403\/403\n|-ability|p1a: Suicune|Pressure\n|\n|upkeep\n|turn|659\n|choice|switch 5|switch 5\n|\n|switch|p1a: Zapdos|Zapdos|359\/383\n|-ability|p1a: Zapdos|Pressure\n|switch|p2a: Clefable|Clefable, M|257\/393\n|\n|upkeep\n|turn|660\n|j|Kgghhh\n|choice|move heatwave|move wish\n|\n|move|p1a: Zapdos|Heat Wave|p2a: Clefable\n|-damage|p2a: Clefable|166\/393\n|-status|p2a: Clefable|brn\n|move|p2a: Clefable|Wish|p2a: Clefable\n|\n|-damage|p2a: Clefable|142\/393 brn|[from] brn\n|upkeep\n|turn|661\n|choice|move heatwave|move protect\n|\n|move|p2a: Clefable|Protect|p2a: Clefable\n|-singleturn|p2a: Clefable|Protect\n|move|p1a: Zapdos|Heat Wave|p2a: Clefable\n|-activate|p2a: Clefable|move: Protect\n|\n|-heal|p2a: Clefable|338\/393 brn|[from] move: Wish|[wisher] Clefable\n|-damage|p2a: Clefable|314\/393 brn|[from] brn\n|upkeep\n|turn|662\n|choice|switch 6|move wish\n|\n|switch|p1a: Clefable|Clefable, F|393\/393\n|move|p2a: Clefable|Wish|p2a: Clefable\n|\n|-damage|p2a: Clefable|290\/393 brn|[from] brn\n|upkeep\n|turn|663\n|choice|move wish|switch 6\n|\n|switch|p2a: Magnezone|Magnezone|73\/281\n|move|p1a: Clefable|Wish|p1a: Clefable\n|\n|-heal|p2a: Magnezone|269\/281|[from] move: Wish|[wisher] Clefable\n|upkeep\n|turn|664\n|choice|switch 3|move voltswitch\n|\n|switch|p1a: Muk|Muk-Alola, F|270\/413\n|move|p2a: Magnezone|Volt Switch|p1a: Muk\n|-damage|p1a: Muk|182\/413\n|choice||switch 5\n|\n|switch|p2a: Chansey|Chansey, F|631\/703\n|\n|-heal|p1a: Muk|378\/413|[from] move: Wish|[wisher] Clefable\n|upkeep\n|turn|665\n|raw|<div class=\"broadcast-blue\"><strong>Moderated chat was disabled!<\/strong><br \/>Anyone may talk now.<\/div>\n|choice|switch 6|switch 2\n|\n|switch|p2a: Toxapex|Toxapex, F|303\/303 brn\n|switch|p1a: Zapdos|Zapdos|359\/383\n|-ability|p1a: Zapdos|Pressure\n|\n|-damage|p2a: Toxapex|285\/303 brn|[from] brn\n|upkeep\n|turn|666\n|choice|switch 5|switch 2\n|\n|switch|p1a: Suicune|Suicune|403\/403\n|-ability|p1a: Suicune|Pressure\n|switch|p2a: Chansey|Chansey, F|631\/703\n|\n|upkeep\n|turn|667\n|l|She Only Loves You\n|choice|switch 4|switch 3\n|\n|switch|p1a: Sableye|Sableye-Mega, F|266\/304 psn\n|switch|p2a: Skarmory|Skarmory, M|333\/333\n|\n|-damage|p1a: Sableye|228\/304 psn|[from] psn\n|upkeep\n|turn|668\n|c| Obedec15|And they are poopy those 2 to go with stall teams\n|c| Obedec15|jsjsjsjs\n|raw|<div class=\"broadcast-red\"><strong>Moderated chat was set to +!<\/strong><br \/>Only users of rank + and higher can talk.<\/div>\n|choice|switch 5|switch 2\n|\n|switch|p2a: Toxapex|Toxapex, F|303\/303 brn\n|switch|p1a: Zapdos|Zapdos|359\/383\n|-ability|p1a: Zapdos|Pressure\n|\n|-damage|p2a: Toxapex|285\/303 brn|[from] brn\n|upkeep\n|turn|669\n|inactive|thr3at 2.0 has 135 seconds left.\n|inactive|thr3at 2.0 has 120 seconds left.\n|raw|<div class=\"broadcast-blue\"><strong>Moderated chat was disabled!<\/strong><br \/>Anyone may talk now.<\/div>\n|inactive|thr3at 2.0 has 105 seconds left.\n|choice|switch 6|switch 3\n|\n|switch|p1a: Muk|Muk-Alola, F|378\/413\n|switch|p2a: Chansey|Chansey, F|631\/703\n|\n|upkeep\n|turn|670\n|c| Kgghhh|ia iegue\n|choice|switch 6|switch 3\n|\n|switch|p2a: Toxapex|Toxapex, F|303\/303 brn\n|switch|p1a: Zapdos|Zapdos|359\/383\n|-ability|p1a: Zapdos|Pressure\n|\n|-damage|p2a: Toxapex|285\/303 brn|[from] brn\n|upkeep\n|turn|671\n|choice|switch 2|switch 3\n|\n|switch|p1a: Chansey|Chansey, F|543\/704\n|switch|p2a: Chansey|Chansey, F|631\/703\n|\n|upkeep\n|turn|672\n|c| Obedec15|hahahaha yes they are poopies\n|choice|switch 2|switch 2\n|\n|switch|p1a: Zapdos|Zapdos|359\/383\n|-ability|p1a: Zapdos|Pressure\n|switch|p2a: Skarmory|Skarmory, M|333\/333\n|\n|upkeep\n|turn|673\n|choice|switch 2|switch 3\n|\n|switch|p1a: Chansey|Chansey, F|543\/704\n|switch|p2a: Toxapex|Toxapex, F|303\/303 brn\n|\n|-damage|p2a: Toxapex|285\/303 brn|[from] brn\n|upkeep\n|turn|674\n|c| Kgghhh|Vamos esos 1000 turnos\n|inactive|thr3at 2.0 has 135 seconds left.\n|c| Obedec15|Go go go\n|choice|switch 2|switch 2\n|\n|switch|p1a: Zapdos|Zapdos|359\/383\n|-ability|p1a: Zapdos|Pressure\n|switch|p2a: Chansey|Chansey, F|631\/703\n|\n|upkeep\n|turn|675\n|c| Fuckjosefstallin|Mexican alert turn on moderated please!\n|c| Obedec15|Waste your life\n|inactive|thr3at 2.0 has 135 seconds left.\n|c|\u2606thr3at 2.0|i ignored the mexicans\n|choice|switch 5|switch 2\n|\n|switch|p1a: Sableye|Sableye-Mega, F|228\/304 psn\n|switch|p2a: Toxapex|Toxapex, F|303\/303 brn\n|\n|-damage|p2a: Toxapex|285\/303 brn|[from] brn\n|-damage|p1a: Sableye|190\/304 psn|[from] psn\n|upkeep\n|turn|676\n|j|exlul\n|c| Kgghhh|Dejemoslo jugar obed, ya me aburr\u00ed\n|choice|move willowisp|switch 3\n|\n|switch|p2a: Skarmory|Skarmory, M|333\/333\n|move|p1a: Sableye|Will-O-Wisp|p2a: Skarmory|[miss]\n|-miss|p1a: Sableye|p2a: Skarmory\n|\n|-damage|p1a: Sableye|152\/304 psn|[from] psn\n|upkeep\n|turn|677\n|choice|move recover|switch 2\n|\n|switch|p2a: Chansey|Chansey, F|631\/703\n|move|p1a: Sableye|Recover|p1a: Sableye\n|-heal|p1a: Sableye|304\/304 psn\n|\n|-damage|p1a: Sableye|266\/304 psn|[from] psn\n|upkeep\n|turn|678\n|choice|switch 5|move stealthrock\n|\n|switch|p1a: Zapdos|Zapdos|359\/383\n|-ability|p1a: Zapdos|Pressure\n|move|p2a: Chansey|Stealth Rock|p1a: Zapdos\n|-sidestart|p1: thr3at 2.0|move: Stealth Rock\n|\n|upkeep\n|turn|679\n|l|Kgghhh\n|choice|move defog|move toxic\n|\n|move|p1a: Zapdos|Defog|p2a: Chansey\n|-unboost|p2a: Chansey|evasion|1\n|-sideend|p1: thr3at 2.0|Stealth Rock|[from] move: Defog|[of] p1a: Zapdos\n|move|p2a: Chansey|Toxic|p1a: Zapdos\n|-status|p1a: Zapdos|tox\n|\n|-damage|p1a: Zapdos|336\/383 tox|[from] psn\n|upkeep\n|turn|680\n|c| Obedec15|I'm not Mexican, idiot\n|choice|switch 5|switch 3\n|\n|switch|p1a: Sableye|Sableye-Mega, F|266\/304 psn\n|switch|p2a: Toxapex|Toxapex, F|303\/303 brn\n|\n|-damage|p2a: Toxapex|285\/303 brn|[from] brn\n|-damage|p1a: Sableye|228\/304 psn|[from] psn\n|upkeep\n|turn|681\n|choice|switch 2|switch 2\n|\n|switch|p2a: Skarmory|Skarmory, M|333\/333\n|switch|p1a: Chansey|Chansey, F|543\/704\n|\n|upkeep\n|turn|682\n|c| Obedec15|I'm Argentinean\n|choice|move healbell|move spikes\n|\n|move|p2a: Skarmory|Spikes|p1a: Chansey\n|-sidestart|p1: thr3at 2.0|Spikes\n|move|p1a: Chansey|Heal Bell|p1a: Chansey\n|-activate|p1a: Chansey|move: Heal Bell\n|-curestatus|p1: Sableye|psn|[msg]\n|-curestatus|p1: Zapdos|tox|[msg]\n|\n|upkeep\n|turn|683\n|c| Obedec15|I'm Argentinean\n|choice|switch 5|switch 3\n|\n|switch|p2a: Chansey|Chansey, F|631\/703\n|switch|p1a: Zapdos|Zapdos|336\/383\n|-ability|p1a: Zapdos|Pressure\n|\n|upkeep\n|turn|684\n|j|Big bIack cuck\n|inactive|Q114 has 135 seconds left.\n|inactive|thr3at 2.0 has 135 seconds left.\n|choice|move defog|switch 3\n|\n|switch|p2a: Skarmory|Skarmory, M|333\/333\n|move|p1a: Zapdos|Defog|p2a: Skarmory\n|-unboost|p2a: Skarmory|evasion|1\n|-sideend|p1: thr3at 2.0|Spikes|[from] move: Defog|[of] p1a: Zapdos\n|\n|upkeep\n|turn|685\n|choice|switch 2|switch 2\n|\n|switch|p1a: Sableye|Sableye-Mega, F|228\/304\n|switch|p2a: Toxapex|Toxapex, F|303\/303 brn\n|\n|-damage|p2a: Toxapex|285\/303 brn|[from] brn\n|upkeep\n|turn|686\n|choice|switch 4|switch 3\n|\n|switch|p2a: Chansey|Chansey, F|631\/703\n|switch|p1a: Suicune|Suicune|403\/403\n|-ability|p1a: Suicune|Pressure\n|\n|upkeep\n|turn|687\n|choice|switch 4|switch 3\n|\n|switch|p1a: Sableye|Sableye-Mega, F|228\/304\n|switch|p2a: Toxapex|Toxapex, F|303\/303 brn\n|\n|-damage|p2a: Toxapex|285\/303 brn|[from] brn\n|upkeep\n|turn|688\n|l|Obedec15\n|inactive|thr3at 2.0 has 135 seconds left.\n|choice|switch 5|switch 2\n|\n|switch|p2a: Skarmory|Skarmory, M|333\/333\n|switch|p1a: Chansey|Chansey, F|543\/704\n|\n|upkeep\n|turn|689\n|choice|switch 5|switch 3\n|\n|switch|p2a: Chansey|Chansey, F|631\/703\n|switch|p1a: Sableye|Sableye-Mega, F|228\/304\n|\n|upkeep\n|turn|690\n|choice|switch 2|move stealthrock\n|\n|switch|p1a: Zapdos|Zapdos|336\/383\n|-ability|p1a: Zapdos|Pressure\n|move|p2a: Chansey|Stealth Rock|p1a: Zapdos\n|-sidestart|p1: thr3at 2.0|move: Stealth Rock\n|\n|upkeep\n|turn|691\n|choice|switch 4|move toxic\n|\n|switch|p1a: Suicune|Suicune|403\/403\n|-damage|p1a: Suicune|353\/403|[from] Stealth Rock\n|-ability|p1a: Suicune|Pressure\n|move|p2a: Chansey|Toxic|p1a: Suicune\n|-status|p1a: Suicune|tox\n|\n|-heal|p1a: Suicune|378\/403 tox|[from] item: Leftovers\n|-damage|p1a: Suicune|353\/403 tox|[from] psn\n|upkeep\n|turn|692\n|inactive|thr3at 2.0 has 135 seconds left.\n|choice|switch 3|switch 5\n|\n|switch|p1a: Clefable|Clefable, F|393\/393\n|-damage|p1a: Clefable|344\/393|[from] Stealth Rock\n|switch|p2a: Magnezone|Magnezone|269\/281\n|\n|-heal|p1a: Clefable|368\/393|[from] item: Leftovers\n|upkeep\n|turn|693\n|choice|move protect|move flashcannon\n|\n|move|p1a: Clefable|Protect|p1a: Clefable\n|-singleturn|p1a: Clefable|Protect\n|move|p2a: Magnezone|Flash Cannon|p1a: Clefable\n|-activate|p1a: Clefable|move: Protect\n|\n|-heal|p1a: Clefable|392\/393|[from] item: Leftovers\n|upkeep\n|turn|694\n|choice|switch 6|move flashcannon\n|\n|switch|p1a: Muk|Muk-Alola, F|378\/413\n|-damage|p1a: Muk|327\/413|[from] Stealth Rock\n|move|p2a: Magnezone|Flash Cannon|p1a: Muk\n|-damage|p1a: Muk|225\/413\n|-unboost|p1a: Muk|spd|1\n|\n|upkeep\n|turn|695\n|choice|switch 5|move flashcannon\n|\n|switch|p1a: Chansey|Chansey, F|543\/704\n|-damage|p1a: Chansey|455\/704|[from] Stealth Rock\n|move|p2a: Magnezone|Flash Cannon|p1a: Chansey\n|-damage|p1a: Chansey|370\/704\n|\n|upkeep\n|turn|696\n|choice|move softboiled|switch 3\n|\n|switch|p2a: Skarmory|Skarmory, M|333\/333\n|move|p1a: Chansey|Soft-Boiled|p1a: Chansey\n|-heal|p1a: Chansey|704\/704\n|\n|upkeep\n|turn|697\n|choice|switch 6|switch 2\n|\n|switch|p2a: Toxapex|Toxapex, F|303\/303 brn\n|switch|p1a: Clefable|Clefable, F|392\/393\n|-damage|p1a: Clefable|343\/393|[from] Stealth Rock\n|\n|-heal|p1a: Clefable|367\/393|[from] item: Leftovers\n|-damage|p2a: Toxapex|285\/303 brn|[from] brn\n|upkeep\n|turn|698\n|choice|move wish|switch 2\n|\n|switch|p2a: Skarmory|Skarmory, M|333\/333\n|move|p1a: Clefable|Wish|p1a: Clefable\n|\n|-heal|p1a: Clefable|391\/393|[from] item: Leftovers\n|upkeep\n|turn|699\n|choice|switch 4|move spikes\n|\n|switch|p1a: Zapdos|Zapdos|336\/383\n|-damage|p1a: Zapdos|241\/383|[from] Stealth Rock\n|-ability|p1a: Zapdos|Pressure\n|move|p2a: Skarmory|Spikes|p1a: Zapdos\n|-sidestart|p1: thr3at 2.0|Spikes\n|\n|-heal|p1a: Zapdos|383\/383|[from] move: Wish|[wisher] Clefable\n|upkeep\n|turn|700\n|inactive|Q114 has 135 seconds left.\n|choice|move defog|switch 3\n|\n|switch|p2a: Magnezone|Magnezone|269\/281\n|move|p1a: Zapdos|Defog|p2a: Magnezone\n|-unboost|p2a: Magnezone|evasion|1\n|-sideend|p1: thr3at 2.0|Spikes|[from] move: Defog|[of] p1a: Zapdos\n|-sideend|p1: thr3at 2.0|Stealth Rock|[from] move: Defog|[of] p1a: Zapdos\n|\n|upkeep\n|turn|701\n|choice|switch 6|switch 2\n|\n|switch|p2a: Toxapex|Toxapex, F|303\/303 brn\n|switch|p1a: Chansey|Chansey, F|704\/704\n|\n|-damage|p2a: Toxapex|285\/303 brn|[from] brn\n|upkeep\n|turn|702\n|choice|switch 3|switch 4\n|\n|switch|p1a: Suicune|Suicune|353\/403 tox\n|-ability|p1a: Suicune|Pressure\n|switch|p2a: Sableye|Sableye-Mega, F|213\/303 psn\n|\n|-heal|p1a: Suicune|378\/403 tox|[from] item: Leftovers\n|-damage|p1a: Suicune|353\/403 tox|[from] psn\n|-damage|p2a: Sableye|176\/303 psn|[from] psn\n|upkeep\n|turn|703\n|choice|move rest|move willowisp\n|\n|move|p1a: Suicune|Rest|p1a: Suicune\n|-status|p1a: Suicune|slp\n|-heal|p1a: Suicune|403\/403 slp|[silent]\n|-status|p1a: Suicune|slp|[from] move: Rest\n|move|p2a: Sableye|Will-O-Wisp|p1a: Suicune\n|-fail|p1a: Suicune\n|\n|-damage|p2a: Sableye|139\/303 psn|[from] psn\n|upkeep\n|turn|704\n|j|rd_1023\n|choice|switch 2|move recover\n|\n|switch|p1a: Sableye|Sableye-Mega, F|228\/304\n|move|p2a: Sableye|Recover|p2a: Sableye\n|-heal|p2a: Sableye|291\/303 psn\n|\n|-damage|p2a: Sableye|254\/303 psn|[from] psn\n|upkeep\n|turn|705\n|choice|switch 2|switch 4\n|\n|switch|p2a: Toxapex|Toxapex, F|303\/303 brn\n|switch|p1a: Suicune|Suicune|403\/403 slp\n|-ability|p1a: Suicune|Pressure\n|\n|-damage|p2a: Toxapex|285\/303 brn|[from] brn\n|upkeep\n|turn|706\n|choice|move scald|switch 2\n|\n|switch|p2a: Magnezone|Magnezone|269\/281\n|cant|p1a: Suicune|slp\n|\n|upkeep\n|turn|707\n|choice|switch 3|move voltswitch\n|\n|switch|p1a: Chansey|Chansey, F|704\/704\n|move|p2a: Magnezone|Volt Switch|p1a: Chansey\n|-crit|p1a: Chansey\n|-damage|p1a: Chansey|578\/704\n|choice||switch 3\n|\n|switch|p2a: Skarmory|Skarmory, M|333\/333\n|\n|upkeep\n|turn|708\n|l|rd_1023\n|choice|switch 6|switch 5\n|\n|switch|p2a: Chansey|Chansey, F|631\/703\n|switch|p1a: Zapdos|Zapdos|383\/383\n|-ability|p1a: Zapdos|Pressure\n|\n|upkeep\n|turn|709\n|j|rd_1023\n|inactive|Q114 has 135 seconds left.\n|inactive|thr3at 2.0 has 135 seconds left.\n|inactive|Q114 has 120 seconds left.\n|inactive|Q114 has 105 seconds left.\n|inactive|thr3at 2.0 has 120 seconds left.\n|inactive|Q114 has 90 seconds left.\n|inactive|Q114 has 75 seconds left.\n|l|rd_1023\n|inactive|Q114 has 60 seconds left.\n|j|rd_1023\n|choice|move heatwave|switch 2\n|\n|switch|p2a: Toxapex|Toxapex, F|303\/303 brn\n|move|p1a: Zapdos|Heat Wave|p2a: Toxapex\n|-resisted|p2a: Toxapex\n|-damage|p2a: Toxapex|273\/303 brn\n|\n|-damage|p2a: Toxapex|255\/303 brn|[from] brn\n|upkeep\n|turn|710\n|inactive|thr3at 2.0 has 135 seconds left.\n|inactive|Q114 has 135 seconds left.\n|inactive|Q114 has 120 seconds left.\n|inactive|Q114 has 105 seconds left.\n|j|TOP 5O\n|inactive|Q114 has 90 seconds left.\n|inactive|Q114 has 75 seconds left.\n|inactive|Q114 has 60 seconds left.\n|choice|switch 6|switch 2\n|\n|switch|p1a: Chansey|Chansey, F|578\/704\n|switch|p2a: Chansey|Chansey, F|631\/703\n|\n|upkeep\n|turn|711\n|c| TOP 5O|what is this\n|inactive|Q114 has 135 seconds left.\n|inactive|Q114 has 120 seconds left.\n|inactive|Q114 has 105 seconds left.\n|j|lilly002676\n|inactive|Q114 has 90 seconds left.\n|c| Fuckjosefstallin|Pok\u00e9mon is a media franchise managed by The Pok\u00e9mon Company, a Japanese consortium between Nintendo, Game Freak, and Creatures. The franchise copyright is shared by all three companies, but Nintendo is the sole owner of the trademark\n|c| Fuckjosefstallin|;p\n|inactive|Q114 has 75 seconds left.\n|inactive|Q114 has 60 seconds left.\n|choice|switch 6|switch 2\n|\n|switch|p1a: Zapdos|Zapdos|383\/383\n|-ability|p1a: Zapdos|Pressure\n|switch|p2a: Toxapex|Toxapex, F|303\/303 brn\n|\n|-damage|p2a: Toxapex|285\/303 brn|[from] brn\n|upkeep\n|turn|712\n|c| Big bIack cuck|Hi big bois\n|inactive|thr3at 2.0 has 135 seconds left.\n|inactive|Q114 has 135 seconds left.\n|inactive|thr3at 2.0 has 120 seconds left.\n|inactive|Q114 has 120 seconds left.\n|inactive|Q114 has 105 seconds left.\n|inactive|Q114 has 90 seconds left.\n|inactive|Q114 has 75 seconds left.\n|inactive|Q114 has 60 seconds left.\n|choice|switch 3|switch 2\n|\n|switch|p1a: Suicune|Suicune|403\/403 slp\n|-ability|p1a: Suicune|Pressure\n|switch|p2a: Chansey|Chansey, F|631\/703\n|\n|upkeep\n|turn|713\n|inactive|thr3at 2.0 has 135 seconds left.\n|inactive|Q114 has 135 seconds left.\n|inactive|Q114 has 120 seconds left.\n|inactive|Q114 has 105 seconds left.\n|inactive|Q114 has 90 seconds left.\n|l|lilly002676\n|inactive|Q114 has 75 seconds left.\n|l|nickyoung5\n|j|Subetealputorobot\n|inactive|Q114 has 60 seconds left.\n|choice|switch 2|switch 2\n|\n|switch|p1a: Sableye|Sableye-Mega, F|228\/304\n|switch|p2a: Toxapex|Toxapex, F|303\/303 brn\n|\n|-damage|p2a: Toxapex|285\/303 brn|[from] brn\n|upkeep\n|turn|714\n|inactive|thr3at 2.0 has 135 seconds left.\n|inactive|Q114 has 135 seconds left.\n|inactive|thr3at 2.0 has 120 seconds left.\n|inactive|Q114 has 120 seconds left.\n|inactive|thr3at 2.0 has 105 seconds left.\n|inactive|Q114 has 105 seconds left.\n|j|lilly002676\n|inactive|thr3at 2.0 has 90 seconds left.\n|inactive|Q114 has 90 seconds left.\n|inactive|thr3at 2.0 has 75 seconds left.\n|inactive|Q114 has 75 seconds left.\n|inactive|thr3at 2.0 has 60 seconds left.\n|inactive|Q114 has 60 seconds left.\n|choice|switch 4|switch 5\n|\n|switch|p2a: Skarmory|Skarmory, M|333\/333\n|switch|p1a: Clefable|Clefable, F|391\/393\n|\n|-heal|p1a: Clefable|393\/393|[from] item: Leftovers\n|upkeep\n|turn|715\n|j|Adepressiveplayer\n|inactive|Q114 has 135 seconds left.\n|c| lilly002676|having fun bro?\n|inactive|Q114 has 120 seconds left.\n|inactive|Q114 has 105 seconds left.\n|inactive|Q114 has 90 seconds left.\n|inactive|Q114 has 75 seconds left.\n|l|rd_1023\n|inactive|Q114 has 60 seconds left.\n|choice|switch 3|switch 5\n|\n|switch|p2a: Toxapex|Toxapex, F|303\/303 brn\n|switch|p1a: Zapdos|Zapdos|383\/383\n|-ability|p1a: Zapdos|Pressure\n|\n|-damage|p2a: Toxapex|285\/303 brn|[from] brn\n|upkeep\n|turn|716\n|inactive|thr3at 2.0 has 135 seconds left.\n|inactive|Q114 has 135 seconds left.\n|c| Fuckjosefstallin|only the best bro\n|inactive|thr3at 2.0 has 120 seconds left.\n|inactive|Q114 has 120 seconds left.\n|inactive|thr3at 2.0 has 105 seconds left.\n|inactive|Q114 has 105 seconds left.\n|inactive|Q114 has 90 seconds left.\n|j|cclspeedrunner\n|inactive|Q114 has 75 seconds left.\n|j|mittery.\n|c| cclspeedrunner|TURN 716? OwO\n|inactive|Q114 has 60 seconds left.\n|j|RemixedReuniclus\n|choice|switch 6|switch 2\n|\n|switch|p1a: Chansey|Chansey, F|578\/704\n|switch|p2a: Chansey|Chansey, F|631\/703\n|\n|upkeep\n|turn|717\n|c| cclspeedrunner|Bruh\\\n|c| cclspeedrunner|xD\n|inactive|thr3at 2.0 has 135 seconds left.\n|inactive|Q114 has 135 seconds left.\n|j|MowanaHealy\n|l|MowanaHealy\n|j|MowanaHealy\n|c| RemixedReuniclus|How many hours have you been battling? xD\n|inactive|Q114 has 120 seconds left.\n|c| cclspeedrunner|This is not ok.. xD\n|J|falafel hut\n|inactive|Q114 has 105 seconds left.\n|inactive|Q114 has 90 seconds left.\n|j|Obedec15\n|inactive|Q114 has 75 seconds left.\n|l|Big bIack cuck\n|c| cclspeedrunner|This is not ok.\n|inactive|Q114 has 60 seconds left.\n|choice|switch 4|switch 5\n|\n|switch|p1a: Sableye|Sableye-Mega, F|228\/304\n|switch|p2a: Skarmory|Skarmory, M|333\/333\n|\n|upkeep\n|turn|718\n|c| Fuckjosefstallin|>1.25 hrs if anyone wondering lol. The Q114 guy salty cuz he got beat. Trying to stall it out but Thr3 has match typing advantage\n|c| cclspeedrunner|Wow\n|inactive|thr3at 2.0 has 135 seconds left.\n|inactive|Q114 has 135 seconds left.\n|c| RemixedReuniclus|oml\n|c| cclspeedrunner|Why is he trying? XD\n|j|CinnaBlaze\n|c| RemixedReuniclus|>1.2 hours is fucking crazy\n|inactive|Q114 has 120 seconds left.\n|c| RemixedReuniclus|\/me thinks in sheer agony\n|c| mittery.|Wat remixed?\n|c| mittery.|i have a stall team\n|inactive|Q114 has 105 seconds left.\n|c| mittery.|but its ubers\n|c| RemixedReuniclus|hola bob\n|j|LukeVoltsYT\n|l|DxDBreaker\n|c| LukeVoltsYT|this is insane\n|inactive|Q114 has 90 seconds left.\n|c| mittery.|so many switches o-o\n|c| CinnaBlaze|JESUS FUCK THE TURN COUNT\n|c| cclspeedrunner|Luke this is not ok\n|inactive|Q114 has 75 seconds left.\n|c| lilly002676|trololol\n|c| LukeVoltsYT|this really isnt\n|c| CinnaBlaze|somebody has to break eventually\n|c| LukeVoltsYT|imma watch from turn one\n|inactive|Q114 has 60 seconds left.\n|c| cclspeedrunner|XD\n|choice|switch 6|switch 2\n|\n|switch|p2a: Toxapex|Toxapex, F|303\/303 brn\n|switch|p1a: Zapdos|Zapdos|383\/383\n|-ability|p1a: Zapdos|Pressure\n|\n|-damage|p2a: Toxapex|285\/303 brn|[from] brn\n|upkeep\n|turn|719\n|c| mittery.|this needs to go in guiness world records\n|inactive|thr3at 2.0 has 135 seconds left.\n|inactive|Q114 has 135 seconds left.\n|c| CinnaBlaze|THIS IS AGONY\n|c| mittery.|the most stally battle in  pokemon ever\n|c| Obedec15|Do not think that by having a long battle of more than 700 turns they will become famous ...\n|c| mittery.|i dont find it agonizing\n|l|cclspeedrunner\n|c| Fuckjosefstallin|there are longer games\n|inactive|thr3at 2.0 has 120 seconds left.\n|inactive|Q114 has 120 seconds left.\n|j|cclspeedrunner\n|raw|<div class=\"broadcast-red\"><strong>Moderated chat was set to +!<\/strong><br \/>Only users of rank + and higher can talk.<\/div>\n|inactive|Q114 has 105 seconds left.\n|inactive|Q114 has 90 seconds left.\n|l|Adepressiveplayer\n|inactive|Q114 has 75 seconds left.\n|inactive|Q114 has 60 seconds left.\n|L|falafel hut\n|j|Big bIack cuck\n|choice|switch 4|switch 5\n|\n|switch|p1a: Chansey|Chansey, F|578\/704\n|switch|p2a: Chansey|Chansey, F|631\/703\n|\n|upkeep\n|turn|720\n|inactive|thr3at 2.0 has 135 seconds left.\n|inactive|Q114 has 135 seconds left.\n|inactive|thr3at 2.0 has 120 seconds left.\n|inactive|Q114 has 120 seconds left.\n|inactive|thr3at 2.0 has 105 seconds left.\n|inactive|Q114 has 105 seconds left.\n|j|PoopyPants360\n|j|Friskyy\n|inactive|Q114 has 90 seconds left.\n|j|Lunar Neo\n|j|The Teacherr\n|j|RuffleMuffins\n|inactive|Q114 has 75 seconds left.\n|l|Lunar Neo\n|j|Zombiebane\n|inactive|Q114 has 60 seconds left.\n|j|elysia\n|choice|switch 6|switch 2\n|\n|switch|p1a: Sableye|Sableye-Mega, F|228\/304\n|switch|p2a: Skarmory|Skarmory, M|333\/333\n|\n|upkeep\n|turn|721\n|inactive|thr3at 2.0 has 135 seconds left.\n|inactive|Q114 has 135 seconds left.\n|l|elysia\n|l|Zombiebane\n|l|PoopyPants360\n|inactive|Q114 has 120 seconds left.\n|j|Zombiebane\n|inactive|Q114 has 105 seconds left.\n|inactive|Q114 has 90 seconds left.\n|j|Aus Elise\n|l|The Teacherr\n|inactive|Q114 has 75 seconds left.\n|l|Zombiebane\n|j|Zombiebane\n|l|Zombiebane\n|j|Zombiebane\n|l|Zombiebane\n|j|Zombiebane\n|inactive|Q114 has 60 seconds left.\n|choice|switch 6|switch 5\n|\n|switch|p2a: Toxapex|Toxapex, F|303\/303 brn\n|switch|p1a: Chansey|Chansey, F|578\/704\n|\n|-damage|p2a: Toxapex|285\/303 brn|[from] brn\n|upkeep\n|turn|722\n|l|Zombiebane\n|inactive|thr3at 2.0 has 135 seconds left.\n|inactive|Q114 has 135 seconds left.\n|j|WhyShaymin\n|j|FizzuckYou\n|inactive|Q114 has 120 seconds left.\n|inactive|Q114 has 105 seconds left.\n|inactive|Q114 has 90 seconds left.\n|inactive|Q114 has 75 seconds left.\n|inactive|Q114 has 60 seconds left.\n|choice|move seismictoss|switch 5\n|\n|switch|p2a: Skarmory|Skarmory, M|333\/333\n|move|p1a: Chansey|Seismic Toss|p2a: Skarmory\n|-damage|p2a: Skarmory|233\/333\n|\n|upkeep\n|turn|723\n|inactive|Q114 has 135 seconds left.\n|j|papa noff\n|inactive|Q114 has 120 seconds left.\n|j|WUBALUBBADUBDUB98\n|inactive|Q114 has 105 seconds left.\n|j|zhujiayan\n|inactive|Q114 has 90 seconds left.\n|inactive|Q114 has 75 seconds left.\n|inactive|Q114 has 60 seconds left.\n|choice|switch 6|switch 2\n|\n|switch|p2a: Chansey|Chansey, F|631\/703\n|switch|p1a: Sableye|Sableye-Mega, F|228\/304\n|\n|upkeep\n|turn|724\n|inactive|thr3at 2.0 has 135 seconds left.\n|inactive|Q114 has 135 seconds left.\n|l|FizzuckYou\n|inactive|thr3at 2.0 has 120 seconds left.\n|inactive|Q114 has 120 seconds left.\n|inactive|Q114 has 105 seconds left.\n|inactive|Q114 has 90 seconds left.\n|l|WUBALUBBADUBDUB98\n|inactive|Q114 has 75 seconds left.\n|inactive|Q114 has 60 seconds left.\n|l|RuffleMuffins\n|j|shadowblooper1987\n|inactive|thr3at 2.0 has 105 seconds left.\n|inactive|Q114 has 45 seconds left.\n|j|Pimp Named Scoob\n|inactive|Q114 has 30 seconds left.\n|inactive|Q114 has 20 seconds left.\n|inactive|Q114 has 15 seconds left.\n|inactive|Q114 has 10 seconds left.\n|inactive|Q114 has 5 seconds left.\n|choice|switch 4|switch 5\n|\n|switch|p2a: Toxapex|Toxapex, F|303\/303 brn\n|switch|p1a: Zapdos|Zapdos|383\/383\n|-ability|p1a: Zapdos|Pressure\n|\n|-damage|p2a: Toxapex|285\/303 brn|[from] brn\n|upkeep\n|turn|725\n|inactive|Q114 has 135 seconds left.\n|l|shadowblooper1987\n|inactive|Q114 has 120 seconds left.\n|j|Ya Boy Teej\n|inactive|Q114 has 105 seconds left.\n|inactive|Q114 has 90 seconds left.\n|inactive|Q114 has 75 seconds left.\n|inactive|Q114 has 60 seconds left.\n|j|The EKiller\n|j|Career Ended\n|l|Ya Boy Teej\n|inactive|Q114 has 45 seconds left.\n|j|Dolupo\n|inactive|Q114 has 30 seconds left.\n|j|OzzyFro\n|inactive|Q114 has 20 seconds left.\n|inactive|Q114 has 15 seconds left.\n|l|Dolupo\n|inactive|Q114 has 10 seconds left.\n|j|HowToClimbLadder\n|inactive|Q114 has 5 seconds left.\n|choice|switch 4|switch 5\n|\n|switch|p1a: Sableye|Sableye-Mega, F|228\/304\n|switch|p2a: Chansey|Chansey, F|631\/703\n|\n|upkeep\n|turn|726\n|l|HowToClimbLadder\n|inactive|thr3at 2.0 has 135 seconds left.\n|inactive|Q114 has 135 seconds left.\n|raw|<div class=\"broadcast-blue\"><strong>Moderated chat was disabled!<\/strong><br \/>Anyone may talk now.<\/div>\n|inactive|thr3at 2.0 has 120 seconds left.\n|inactive|Q114 has 120 seconds left.\n|c| cclspeedrunner|Wow\n|c| Pimp Named Scoob|yall need\n|c| Pimp Named Scoob|jesus\n|j|She Only Loves You\n|c| cclspeedrunner|This is not ok.\n|c| Obedec15|Wow\n|c| Obedec15|OMG\n|inactive|Q114 has 105 seconds left.\n|c| She Only Loves You|Yodel\n|c| Friskyy|Grats on the 725 turns! XD\n|c|\u2606thr3at 2.0|hes running timer down now lmao\n|inactive|Q114 has 90 seconds left.\n|c|\u2606thr3at 2.0|you are a cutie pie q114\n|c| cclspeedrunner|How long is this gonna go for? xD\n|c| Friskyy|yeah that sucks\n|j|zbvgsdahjasg\n|inactive|Q114 has 75 seconds left.\n|c| cclspeedrunner|lol\n|c| Pimp Named Scoob|is he time stalling because hes going to end up probably losing?\n|c| Pimp Named Scoob|im too lazy to do math r\n|c| cclspeedrunner|Almost 2 hours\n|c| zbvgsdahjasg|report the piece of shit then\n|inactive|Q114 has 60 seconds left.\n|inactive|Q114 has 45 seconds left.\n|c| The EKiller|wow\n|c| Career Ended|this is why we pack\n|c|\u2606thr3at 2.0|he can do what he wants this has been tough on him\n|c| Career Ended|sub cm keld\n|inactive|Q114 has 30 seconds left.\n|c| LukeVoltsYT|someone needs to lose this is going too far!!!\n|c| Career Ended|wheres caron\n|c| Career Ended|someone get caron\n|c|\u2606thr3at 2.0|lmao that team sucks on laddder\n|inactive|Q114 has 20 seconds left.\n|inactive|Q114 has 15 seconds left.\n|inactive|Q114 has 10 seconds left.\n|inactive|Q114 has 5 seconds left.\n|choice|move knockoff|switch 5\n|\n|switch|p2a: Toxapex|Toxapex, F|303\/303 brn\n|move|p1a: Sableye|Knock Off|p2a: Toxapex\n|-damage|p2a: Toxapex|266\/303 brn\n|\n|-damage|p2a: Toxapex|248\/303 brn|[from] brn\n|upkeep\n|turn|727\n|l|LukeVoltsYT\n|c| zbvgsdahjasg|is this the sd skarm\n|c| zbvgsdahjasg|or nah\n|c| Career Ended|bruh just cause u cant make plays with stall\n|j|jn bnjnbnm\n|c| Career Ended|doesnt mean\n|inactive|thr3at 2.0 has 135 seconds left.\n|inactive|Q114 has 135 seconds left.\n|c| cclspeedrunner|He needs to stop.\n|c| Career Ended|good players cant keep rocks off\n|c|\u2606thr3at 2.0|im the best living stall player\n|c| cclspeedrunner|Honestly this is gonn go on for ever.\n|c| Career Ended|bro ur name is fp\n|inactive|Q114 has 120 seconds left.\n|j|Matthew8\n|c|\u2606thr3at 2.0|name is stfu its a cartoon\n|c| Pimp Named Scoob|youve sure as hell the patience for it\n|l|Matthew8\n|inactive|Q114 has 105 seconds left.\n|c| cclspeedrunner|Lol\n|c| Career Ended|bro ur alt name is\n|c| Career Ended|fp\n|c| lilly002676|yogel\n|c| Career Ended|no offense cartoon\n|c| CinnaBlaze|anything happened?\n|c| She Only Loves You|oh its cartoon\n|c| cclspeedrunner|No XD\n|c|\u2606thr3at 2.0|what is fp\n|inactive|Q114 has 90 seconds left.\n|inactive|Q114 has 75 seconds left.\n|c| cclspeedrunner|I think this is a world record\n|c|\u2606thr3at 2.0|i would be mad but this is a brutal defeat\n|c|\u2606thr3at 2.0|he got raped\n|c| CinnaBlaze|imma see the world record for longest online match\n|inactive|Q114 has 60 seconds left.\n|j|howdidInotqualify\n|inactive|Q114 has 45 seconds left.\n|c| She Only Loves You|you had two pressure mons\n|c| She Only Loves You|why would he try\n|inactive|Q114 has 30 seconds left.\n|l|mittery.\n|c|\u2606thr3at 2.0|stubborn\n|j|nickeno3\n|inactive|Q114 has 20 seconds left.\n|c| lilly002676|is anyone else killing themselves\n|c| Career Ended|is he out of heal bells\n|inactive|Q114 has 15 seconds left.\n|c| cclspeedrunner|Lol\n|c| Career Ended|this is why u gotta pack\n|c|\u2606thr3at 2.0|and he lost earlier to me\n|inactive|Q114 has 10 seconds left.\n|c|\u2606thr3at 2.0|lmao\n|choice|switch 4|switch 3\n|\n|switch|p2a: Magnezone|Magnezone|269\/281\n|switch|p1a: Zapdos|Zapdos|383\/383\n|-ability|p1a: Zapdos|Pressure\n|\n|upkeep\n|turn|728\n|c| Career Ended|double regen\n|j|AssassiNomad\n|l|The EKiller\n|c| cclspeedrunner|It's over\n|c| lilly002676|ur dead man\n|c| CinnaBlaze|Largest i could find is 6,400 turns\n|c| Career Ended|have either of u\n|inactive|Q114 has 135 seconds left.\n|c| Career Ended|got rocks\n|c| Pimp Named Scoob|this is 1900 elo boys\n|c| cclspeedrunner|Wow\n|inactive|Q114 has 120 seconds left.\n|c| howdidInotqualify|I'm 1900 elo\n|c| lilly002676|he's out of heal bells hahahahaha\n|c| lilly002676|bye bye\n|inactive|Q114 has 105 seconds left.\n|c| lilly002676|this mtach is over\n|j|The EKiller\n|l|AssassiNomad\n|inactive|Q114 has 90 seconds left.\n|j|silly sets\n|j|super random guy\n|j|Ron3ybal\n|c| howdidInotqualify|u know what won this game\n|c| super random guy|wtf\n|l|Big bIack cuck\n|c| howdidInotqualify|stallbreakers\n|j|AuzBat\n|inactive|Q114 has 75 seconds left.\n|c| howdidInotqualify|hahaa!\n|c| super random guy|great\n|j|AssassiNomad\n|c| Career Ended|doesnt flocune\n|j|Alogia\n|c| Career Ended|6-0\n|c| super random guy|stall v stall\n|c| Career Ended|ur team\n|j|Spaghetti-Alt\n|c| super random guy|classic\n|c| Career Ended|from mu\n|c| Career Ended|cartoon\n|c| howdidInotqualify|flocune 6-0s\n|inactive|Q114 has 60 seconds left.\n|c| silly sets|how this 1800s\n|c| howdidInotqualify|every stall\n|c| silly sets|how this 1800s\n|c| howdidInotqualify|from mu\n|c| silly sets|how this 1800s\n|c| silly sets|how this 1800s\n|c| The EKiller|I reported the staller\\\n|c|\u2606thr3at 2.0|wtf is flocune\n|c| Career Ended|rest sub\n|c| The EKiller|timer staller\n|c| Ron3ybal|>stall\n|c| howdidInotqualify|sub cm sclad rest\n|j|wobblybobbly\n|l|AssassiNomad\n|l|TOP 5O\n|c| howdidInotqualify|scald*\n|c|\u2606thr3at 2.0|lmao\n|inactive|Q114 has 45 seconds left.\n|c| Ron3ybal|>inb4\n|c|\u2606thr3at 2.0|i dunno i dont believe in matchup win\/loss\n|c| Aus Elise|howdidInotqualify no, that's __Crocune__\n|c| Ron3ybal|>Le greenpost from 4chan\n|c| jn bnjnbnm|OMG OMFG\n|inactive|Q114 has 30 seconds left.\n|c| silly sets|timer victory\n|c| silly sets|timer victory\n|c| silly sets|timer victory\n|c| Aus Elise|Not Frocune\n|c| Ron3ybal|Oh\n|c| Career Ended|Aus Elise ur thinking of restalk\n|c|\u2606thr3at 2.0|i believe every match can be won by superior play\n|j|mika_mour\n|c| howdidInotqualify|Aus Elise ur wrong\n|inactive|Q114 has 20 seconds left.\n|c| super random guy|don't time out\n|c| super random guy|bro\n|l|nickeno3\n|j|Bayb\n|c| super random guy|cmon\n|inactive|Q114 has 15 seconds left.\n|c| super random guy|move\n|c| silly sets|timer victory\n|c|\u2606thr3at 2.0|my suicune is protect rest\n|c| silly sets|timer victory\n|c| silly sets|timer victory\n|c|\u2606thr3at 2.0|lol\n|inactive|Q114 has 10 seconds left.\n|choice|switch 6|switch 5\n|\n|switch|p2a: Chansey|Chansey, F|631\/703\n|switch|p1a: Chansey|Chansey, F|578\/704\n|\n|upkeep\n|turn|729\n|c| Friskyy|nah, time stall\n|c| silly sets|timer victory\n|l|Bayb\n|c| Ron3ybal|OH SHOT FUCKING NIGGAR RHYYYY\n|c| Friskyy|lel\n|c| howdidInotqualify|crocune doesn't have sub\n|c| Aus Elise|I've never seen rest w\/o st before, eh\n|c| Ron3ybal|Cumshot\n|c| howdidInotqualify|its sleep tlak\n|c| Career Ended|thr3at 2.0 do u remember my 900 turn game against monsieur pink\n|c| super random guy|why time stall? only drags the match out longer\n|inactive|Q114 has 135 seconds left.\n|c| Career Ended|he had double regen and i had ck james\n|j|IamGeorgeIamLisa\n|c|\u2606thr3at 2.0|na i dont think i saw lol\n|c| Ron3ybal|Oh shit niggar\n|c| Career Ended|and i beat him\n|inactive|Q114 has 120 seconds left.\n|c| IamGeorgeIamLisa|hola\n|j|ThatDudeOfOne\n|j|yaboiAshK.\n|j|Grinder AJ\n|c| IamGeorgeIamLisa|noice party\n|c| mika_mour|record ?\n|c| howdidInotqualify|Aus Elise yes thats why its\n|c| Friskyy|Q114 Omae Wa Mou Shindeiru\n|c| howdidInotqualify|flocune\n|j|Shots Are Fired\n|c| Ron3ybal|I try to eat suicunes\n|j|NewVeteran\n|c| ThatDudeOfOne|hoh Jesus\n|j|Abadweeb\n|c| howdidInotqualify|not crocune\n|inactive|Q114 has 105 seconds left.\n|j|dilllonnoda1\n|c| Career Ended|i mindgamed him into double mola into a tang leaf storm ez\n|c| Alogia|>\u2606thr3at 2.0: yes i discharge crit his pex and won in like 20 turns\n|c| yaboiAshK.|gags\n|c| IamGeorgeIamLisa|eihoifehhfor3gf\n|c|\u2606thr3at 2.0|yea u can have 4 sweepers and 2 regen mons and stretch games longer than full stall\n|c| IamGeorgeIamLisa|]r3ifi31fihoj3rf3r\n|c| Alogia|>turn 388\n|l|AuzBat\n|c| silly sets|alahu akbar\n|j|Bayb\n|c| ThatDudeOfOne|Out of heal bells\n|c| super random guy|lolol\n|inactive|Q114 has 90 seconds left.\n|c| Abadweeb|good ol stall\n|c| Pimp Named Scoob|this here is why we run lele boys\n|j|Quagsire Rebeldes\n|l|Shots Are Fired\n|j|Jamezy_166\n|c| ThatDudeOfOne|Why are we here\n|c| super random guy|stall v stall\n|c| ThatDudeOfOne|Just to suffer\n|c| super random guy|classic\n|j|Jasprose \\\n|j|Zapdosman\n|j|Pochebear101\n|inactive|Q114 has 75 seconds left.\n|c| zbvgsdahjasg|550 more turns\n|l|wobblybobbly\n|c|\u2606thr3at 2.0|lele? i have a-muk\n|c|\u2606thr3at 2.0|lol\n|j|Eldrulf\n|j|ScrubLivez\n|j|alfakiu\n|c| silly sets|you see what you should've done was use calm mind sableye with psychic\n|c| super random guy|lol\n|c| Jamezy_166|what\n|j|trace\n|c| silly sets|then taunt the pex\n|c| zbvgsdahjasg|actually 549\n|l|dilllonnoda1\n|c| silly sets|and 6 - 0\n|inactive|Q114 has 60 seconds left.\n|l|Eldrulf\n|j|Edjeanerations\n|c| Pimp Named Scoob|youve got a muk\n|c| Pimp Named Scoob|he doesnt\n|l|Bayb\n|j|oo2sssaq\n|inactive|Q114 has 45 seconds left.\n|c| IamGeorgeIamLisa|jei2fpihfe\n|l|Ron3ybal\n|c| IamGeorgeIamLisa|lit\n|c| Alogia|I think I need to ask my doctor for a higher dosage of Zoloft after seeing this\n|j|Tres Solem\n|c| Pochebear101|dank memes\n|c| Career Ended|just bring sab lure + spikes\n|c| oo2sssaq|why are all these idiots talking like they know how to break stall\n|c|\u2606thr3at 2.0|this is great\n|c| Career Ended|to beat stall\n|c| Career Ended|duh\n|c| Friskyy|lmao\n|j|Eldrulf\n|c| cclspeedrunner|lol\n|l|Quagsire Rebeldes\n|c|\u2606thr3at 2.0|i cant imagine how mad he is lmao\n|c| Career Ended|yall r bad\n|inactive|Q114 has 30 seconds left.\n|c| oo2sssaq|thr3at 2.0 just modchat\n|c| super random guy|lol\n|c| Aus Elise|I suck at playing and playing against stall lol\n|l|Eldrulf\n|inactive|Q114 has 20 seconds left.\n|l|The EKiller\n|c| silly sets|he's in 3 battles\n|j|Eldrulf\n|inactive|Q114 has 15 seconds left.\n|c| silly sets|you shit face\n|j|FeIsTmEiSTeR\n|inactive|Q114 has 10 seconds left.\n|c| silly sets|haha\n|j|The EKiller\n|choice|switch 4|switch 2\n|\n|switch|p1a: Sableye|Sableye-Mega, F|228\/304\n|switch|p2a: Skarmory|Skarmory, M|233\/333\n|\n|upkeep\n|turn|730\n|c| FeIsTmEiSTeR|u bad oot this\n|c| Pochebear101|I suck at playing.\n|c| howdidInotqualify|why are these idiots talking like they know how to break stall!\n|c| Alogia|\"imagine there's no heaven\"\n|j|GnGaming\n|c| Zapdosman|why is sableye holding a giant ruupee\n|c| howdidInotqualify|stall isn't a rule\n|c| Alogia|\"it's easy if you try\"\n|inactive|Q114 has 135 seconds left.\n|c| howdidInotqualify|it wasn't made to be broken!!\n|c| FeIsTmEiSTeR|what\n|c| IamGeorgeIamLisa|LETS PARTY\n|j|Sylusplays\n|c| ThatDudeOfOne|I'm liking that Alolan Muk\n|raw|<div class=\"broadcast-red\"><strong>Moderated chat was set to +!<\/strong><br \/>Only users of rank + and higher can talk.<\/div>\n|inactive|Q114 has 120 seconds left.\n|l|Zapdosman\n|l|silly sets\n|j|Fire4Life\n|inactive|Q114 has 105 seconds left.\n|j|iiQuip\n|l|zbvgsdahjasg\n|inactive|Q114 has 90 seconds left.\n|l|alfakiu\n|l|Obedec15\n|l|yaboiAshK.\n|l|IamGeorgeIamLisa\n|l|The EKiller\n|inactive|Q114 has 75 seconds left.\n|l|GnGaming\n|j|The EKiller\n|l|Alogia\n|l|iiQuip\n|l|Tres Solem\n|l|NewVeteran\n|j|GauravSharma88\n|j|DatBritDino (@_@)\n|inactive|Q114 has 60 seconds left.\n|j|Isoxls\n|J|GreatHero\n|l|jn bnjnbnm\n|l|DatBritDino (@_@)\n|inactive|Q114 has 45 seconds left.\n|l|Fire4Life\n|j|Fire4Life\n|j|Bruzzo \u262b\n|j|NewVeteran\n|j|chucazzzzz\n|l|Fire4Life\n|inactive|Q114 has 30 seconds left.\n|L|GreatHero\n|j|Alogia\n|l|Jasprose \\\n|inactive|Q114 has 20 seconds left.\n|j|L\u2764rd whimsy\n|inactive|Q114 has 15 seconds left.\n|j|sedertz\n|inactive|Q114 has 10 seconds left.\n|choice|switch 6|switch 3\n|\n|switch|p2a: Toxapex|Toxapex, F|303\/303 brn\n|switch|p1a: Zapdos|Zapdos|383\/383\n|-ability|p1a: Zapdos|Pressure\n|\n|-damage|p2a: Toxapex|285\/303 brn|[from] brn\n|upkeep\n|turn|731\n|l|Alogia\n|j|E4 Flint\n|l|Bruzzo \u262b\n|l|Edjeanerations\n|inactive|Q114 has 135 seconds left.\n|l|Pochebear101\n|j|stairs of learning\n|j|GL Volkner\n|inactive|Q114 has 120 seconds left.\n|j|Alogia\n|l|Eldrulf\n|inactive|Q114 has 105 seconds left.\n|j|Ellaine Kay!\n|inactive|Q114 has 90 seconds left.\n|j|dilllonnoda1\n|l|OzzyFro\n|inactive|Q114 has 75 seconds left.\n|c|%E4 Flint|you selected your moves fine for 720 turns\n|c|%E4 Flint|dont timer stall now\n|l|Ellaine Kay!\n|j|OzzyFro\n|c|%E4 Flint|last and only warning\n|inactive|Q114 has 60 seconds left.\n|inactive|Q114 has 45 seconds left.\n|j|Aurella\n|inactive|Q114 has 30 seconds left.\n|j|maywhales\n|j|GrantMJC\n|inactive|Q114 has 20 seconds left.\n|inactive|Q114 has 15 seconds left.\n|inactive|Q114 has 10 seconds left.\n|inactive|Q114 has 5 seconds left.\n|choice|switch 2|switch 2\n|\n|switch|p1a: Suicune|Suicune|403\/403 slp\n|-ability|p1a: Suicune|Pressure\n|switch|p2a: Chansey|Chansey, F|631\/703\n|\n|upkeep\n|turn|732\n|l|ScrubLivez\n|inactive|Q114 has 135 seconds left.\n|l|GauravSharma88\n|inactive|Q114 has 120 seconds left.\n|l|chucazzzzz\n|inactive|Q114 has 105 seconds left.\n|j|Testing sum teams\n|inactive|Q114 has 90 seconds left.\n|j|HoeenHero\n|j|iiQuip\n|j|Lularna\n|inactive|Q114 has 75 seconds left.\n|j|dancingdragonite\n|j|Kyotoshi\n|l|Testing sum teams\n|inactive|Q114 has 60 seconds left.\n|c|@HoeenHero|\/log Q114 was banned from thr3at 2.0 vs. Q114 by HoeenHero. (timerstalling)\n|l|Q114\n|inactive|Q114 disconnected and has a minute to reconnect!\n|player|p2|\n|unlink|hide|q114\n|l|Kyotoshi\n|l|E4 Flint\n|j|Testing sum teams\n|l|maywhales\n|inactive|Q114 has 45 seconds left.\n|l|Aus Elise\n|raw|<div class=\"broadcast-blue\"><strong>Moderated chat was disabled!<\/strong><br \/>Anyone may talk now.<\/div>\n|c| Abadweeb|lul\n|l|Testing sum teams\n|c| ThatDudeOfOne|was it worth it?\n|c| iiQuip|rio\n|c| Alogia|He dead\n|c| super random guy|rip\n|inactive|Q114 has 30 seconds left.\n|c| OzzyFro|d e d\n|l|Lularna\n|c| howdidInotqualify|lolol\n|c| super random guy|he was warned\n|inactive|Q114 has 20 seconds left.\n|c| dilllonnoda1|hmm\n|c|\u2606thr3at 2.0|ive never seen that before\n|c|\u2606thr3at 2.0|lmao\n|c| Abadweeb|what a waste of time\n|c| super random guy|i guess he doesn't like playing\n|inactive|Q114 has 15 seconds left.\n|c| super random guy|on this site\n|inactive|Q114 has 10 seconds left.\n|l|lilly002676\n|c| cclspeedrunner|lol\n|c| Career Ended|cartoon thoughts on toxic sableye\n|l|dancingdragonite\n|j|Kyotoshi\n|c| dilllonnoda1|he got kick?\n|inactive|Q114 has 5 seconds left.\n|c| cclspeedrunner|Well.\n|l|GL Volkner\n|-message|Q114 lost due to inactivity.\n|\n|win|thr3at 2.0\n|c| Friskyy|gg, I think\n|raw|thr3at 2.0's rating: 1891 &rarr; <strong>1912<\/strong><br \/>(+21 for winning)\n|raw|Q114's rating: 1909 &rarr; <strong>1888<\/strong><br \/>(-21 for losing)\n|c| Career Ended|ahh\n|c| Career Ended|fp\n|l|super random guy\n|l|trace\n|c| Abadweeb|all for 21 elo\n|c| Alogia|21 points\n|c| cclspeedrunner|Can I challenge u?\n|j|lilly002676\n|l|howdidInotqualify\n|c| Career Ended|+21\n|c| Abadweeb|lit\n|c|\u2606thr3at 2.0|worth it\n|j|howdidInotqualify\n|c| ThatDudeOfOne|nice\n|j|MrSandwiches\n|c| ThatDudeOfOne|Glad it was worth\n|l|thr3at 2.0\n|l|MrSandwiches\n|c| cclspeedrunner|thr3at can I challenge u?\n|l|Alogia\n|c| howdidInotqualify|free points baby\n|l|HoeenHero\n|l|Subetealputorobot\n|c| howdidInotqualify|thats what I like to see\n|j|Roost champ\n|c| ThatDudeOfOne|he's gone\n|l|MowanaHealy\n|l|Roost champ\n|c| cclspeedrunner|Rip\n|c| Friskyy|only took 700+ turns howdidInotqualifyi\n|c| ThatDudeOfOne|\"free\"\n|j|Subetealputorobot\n|c| Friskyy|oops howdidInotqualify there\n|c| howdidInotqualify|FP LGI\n|l|Kyotoshi\n|l|The EKiller\n|c| howdidInotqualify|Friskyy you can use tab to finish off igns\n|j|The EKiller\n|c| howdidInotqualify|once u start typing them\n|l|howdidInotqualify\n|c| Friskyy|yeah I did, accidentally typed i though\n|c| CinnaBlaze|hows it going, still stalemate?\n|c| Friskyy|rip\n|c| CinnaBlaze|k\n|j|microwaved chicken\n|l|oo2sssaq\n|J|MichaelXD\n|l|mika_mour\n|l|Career Ended\n|l|Aurella\n|l|microwaved chicken\n|l|Friskyy\n|c| CinnaBlaze|there goes everyone\n|c| lilly002676|WHAT\n|c| Abadweeb|poison fang\n|c| lilly002676|YOU LEFT\n|c| Abadweeb|damn\n|l|Fuckjosefstallin\n|c| Abadweeb|next level poisoning\n|c| ThatDudeOfOne|Poison Fang is h o t\n|c| Abadweeb|80% chance\n|c| lilly002676|FU MATE\n|c| Abadweeb|lit\n|l|lilly002676\n|l|OzzyFro\n|c| CinnaBlaze|WHOHOOOOOOOOOO\n|l|GrantMJC\n|l|Subetealputorobot\n|j|Subetealputorobot\n|l|Abadweeb\n|l|NewVeteran\n|l|CinnaBlaze\n|l|FeIsTmEiSTeR\n|c| cclspeedrunner|lol\n|l|The EKiller\n|l|Subetealputorobot\n|l|Spaghetti-Alt\n|j|Testing sum teams\n|j|gamefreak375\n|l|Testing sum teams\n|l|stairs of learning\n|l|Isoxls\n|l|Jamezy_166\n|l|iiQuip\n|l|cclspeedrunner\n|l|Sylusplays\n|l|dilllonnoda1\n|l|sedertz\n|l|RemixedReuniclus\n|l|gamefreak375\n|l|Grinder AJ\n|L|MichaelXD\n|j|RemixedReuniclus\n|l|RemixedReuniclus\n|j|racketguy69\n|l|racketguy69\n|l|She Only Loves You\n|l|zhujiayan\n|j|Muffson\n|l|ThatDudeOfOne\n|j|Lularna\n|l|Lularna\n|j|korak95\n|l|lord whimsy\n|l|Muffson\n|l|korak95\n|l|exlul","inputlog":null,"uploadtime":1510019839,"views":142,"p1id":"thr3at20","p2id":"q114","formatid":"gen7ou","rating":1888,"private":0,"password":null}