{"id":"gen7ubers-1491587220","p1":"cows123p","p2":"panda2jzn","format":"gen7ubers","log":"|j|\u2606cows123p\n|j|\u2606panda2jzn\n|t:|1642190929\n|gametype|singles\n|player|p1|cows123p|twins-gen4dp|\n|player|p2|panda2jzn|266|\n|teamsize|p1|6\n|teamsize|p2|6\n|gen|7\n|tier|[Gen 7] Ubers\n|rule|Sleep Clause Mod: Limit one foe put to sleep\n|rule|Species Clause: Limit one of each Pok\u00e9mon\n|rule|OHKO Clause: OHKO moves are banned\n|rule|Moody Clause: Moody is banned\n|rule|Evasion Moves Clause: Evasion moves are banned\n|rule|Endless Battle Clause: Forcing endless battles is banned\n|rule|HP Percentage Mod: HP is shown in percentages\n|rule|Mega Rayquaza Clause: You cannot mega evolve Rayquaza\n|clearpoke\n|poke|p1|Xerneas|item\n|poke|p1|Magnezone|item\n|poke|p1|Galvantula, F|item\n|poke|p1|Garchomp, F|item\n|poke|p1|Scizor, M|item\n|poke|p1|Chansey, F|item\n|poke|p2|Deoxys-Speed|item\n|poke|p2|Yveltal|item\n|poke|p2|Volcanion|item\n|poke|p2|Aegislash, F|item\n|poke|p2|Xerneas|item\n|poke|p2|Zygarde|item\n|teampreview\n|j| LoveStallLiveLife\n|\n|t:|1642190946\n|start\n|switch|p1a: Scizor|Scizor, M|100\/100\n|switch|p2a: Deoxys|Deoxys-Speed|100\/100\n|-ability|p2a: Deoxys|Pressure\n|turn|1\n|c|\u2606panda2jzn|gl hf\n|\n|t:|1642190955\n|switch|p2a: Volcanion|Volcanion|100\/100\n|move|p1a: Scizor|U-turn|p2a: Volcanion\n|-resisted|p2a: Volcanion\n|-damage|p2a: Volcanion|77\/100\n|j| PowerfulSlash\n|\n|t:|1642190960\n|switch|p1a: Garchomp|Garchomp, F|100\/100|[from]move: U-turn\n|\n|-heal|p2a: Volcanion|83\/100|[from] item: Leftovers\n|upkeep\n|turn|2\n|j| ChessRobot\n|c| PowerfulSlash|Cow123\n|\n|t:|1642190970\n|switch|p2a: Yveltal|Yveltal|100\/100\n|-ability|p2a: Yveltal|Dark Aura\n|move|p1a: Garchomp|Stealth Rock|p2a: Yveltal\n|-sidestart|p2: panda2jzn|move: Stealth Rock\n|\n|upkeep\n|turn|3\n|c|\u2606cows123p|u2\n|\n|t:|1642190978\n|switch|p1a: Galvantula|Galvantula, F|100\/100\n|move|p2a: Yveltal|U-turn|p1a: Galvantula\n|-damage|p1a: Galvantula|40\/100\n|-damage|p2a: Yveltal|91\/100|[from] item: Life Orb\n|\n|t:|1642190985\n|switch|p2a: Deoxys|Deoxys-Speed|100\/100|[from]move: U-turn\n|-damage|p2a: Deoxys|88\/100|[from] Stealth Rock\n|-ability|p2a: Deoxys|Pressure\n|\n|upkeep\n|turn|4\n|\n|t:|1642190998\n|switch|p1a: Scizor|Scizor, M|100\/100\n|move|p2a: Deoxys|Knock Off|p1a: Scizor\n|-damage|p1a: Scizor|75\/100\n|-enditem|p1a: Scizor|Choice Band|[from] move: Knock Off|[of] p2a: Deoxys\n|\n|upkeep\n|turn|5\n|\n|t:|1642191008\n|move|p2a: Deoxys|Stealth Rock|p1a: Scizor\n|-sidestart|p1: cows123p|move: Stealth Rock\n|move|p1a: Scizor|U-turn|p2a: Deoxys\n|-supereffective|p2a: Deoxys\n|-damage|p2a: Deoxys|0 fnt\n|faint|p2a: Deoxys\n|\n|t:|1642191018\n|switch|p1a: Galvantula|Galvantula, F|40\/100|[from]move: U-turn\n|-damage|p1a: Galvantula|15\/100|[from] Stealth Rock\n|\n|upkeep\n|j| simplesimplesimple\n|\n|t:|1642191027\n|switch|p2a: Zygarde|Zygarde|100\/100\n|-damage|p2a: Zygarde|94\/100|[from] Stealth Rock\n|-ability|p2a: Zygarde|Aura Break\n|turn|6\n|j| SORRY BUT I GOTTA\n|c| simplesimplesimple|gl !\n|\n|t:|1642191033\n|move|p1a: Galvantula|Sticky Web|p2a: Zygarde\n|-sidestart|p2: panda2jzn|move: Sticky Web\n|move|p2a: Zygarde|Substitute|p2a: Zygarde\n|-start|p2a: Zygarde|Substitute\n|-damage|p2a: Zygarde|70\/100\n|\n|-heal|p2a: Zygarde|76\/100|[from] item: Leftovers\n|upkeep\n|turn|7\n|\n|t:|1642191039\n|move|p1a: Galvantula|Bug Buzz|p2a: Zygarde\n|-damage|p2a: Zygarde|40\/100\n|move|p2a: Zygarde|Dragon Dance|p2a: Zygarde\n|-boost|p2a: Zygarde|atk|1\n|-boost|p2a: Zygarde|spe|1\n|\n|-heal|p2a: Zygarde|46\/100|[from] item: Leftovers\n|upkeep\n|turn|8\n|\n|t:|1642191048\n|move|p2a: Zygarde|Thousand Arrows|p1a: Galvantula\n|-damage|p1a: Galvantula|0 fnt\n|faint|p1a: Galvantula\n|\n|-heal|p2a: Zygarde|52\/100|[from] item: Leftovers\n|upkeep\n|c| PowerfulSlash|Oh no\n|\n|t:|1642191056\n|switch|p1a: Scizor|Scizor, M|75\/100\n|-damage|p1a: Scizor|63\/100|[from] Stealth Rock\n|turn|9\n|c| ChessRobot|I half expected power construct lol\n|\n|t:|1642191062\n|move|p1a: Scizor|Bullet Punch|p2a: Zygarde\n|-end|p2a: Zygarde|Substitute\n|move|p2a: Zygarde|Thousand Arrows|p1a: Scizor\n|-damage|p1a: Scizor|2\/100\n|\n|-heal|p2a: Zygarde|58\/100|[from] item: Leftovers\n|upkeep\n|turn|10\n|\n|t:|1642191068\n|move|p2a: Zygarde|Extreme Speed|p1a: Scizor\n|-resisted|p1a: Scizor\n|-damage|p1a: Scizor|0 fnt\n|faint|p1a: Scizor\n|\n|-heal|p2a: Zygarde|64\/100|[from] item: Leftovers\n|upkeep\n|\n|t:|1642191075\n|switch|p1a: Garchomp|Garchomp, F|100\/100\n|-damage|p1a: Garchomp|94\/100|[from] Stealth Rock\n|turn|11\n|c| SORRY BUT I GOTTA|wow\n|\n|t:|1642191091\n|move|p2a: Zygarde|Thousand Arrows|p1a: Garchomp\n|-damage|p1a: Garchomp|30\/100\n|move|p1a: Garchomp|Dragon Claw|p2a: Zygarde\n|-supereffective|p2a: Zygarde\n|-damage|p2a: Zygarde|1\/100\n|\n|-heal|p2a: Zygarde|7\/100|[from] item: Leftovers\n|-heal|p1a: Garchomp|36\/100|[from] item: Leftovers\n|upkeep\n|turn|12\n|c| simplesimplesimple|yum\n|c| ChessRobot|LOL\n|\n|t:|1642191100\n|switch|p1a: Chansey|Chansey, F|100\/100\n|-damage|p1a: Chansey|88\/100|[from] Stealth Rock\n|move|p2a: Zygarde|Thousand Arrows|p1a: Chansey\n|-damage|p1a: Chansey|50\/100\n|\n|-heal|p2a: Zygarde|13\/100|[from] item: Leftovers\n|upkeep\n|turn|13\n|\n|t:|1642191109\n|move|p2a: Zygarde|Thousand Arrows|p1a: Chansey\n|-damage|p1a: Chansey|9\/100\n|move|p1a: Chansey|Seismic Toss|p2a: Zygarde\n|-damage|p2a: Zygarde|0 fnt\n|faint|p2a: Zygarde\n|\n|upkeep\n|\n|t:|1642191114\n|switch|p2a: Yveltal|Yveltal|91\/100\n|-damage|p2a: Yveltal|66\/100|[from] Stealth Rock\n|-ability|p2a: Yveltal|Dark Aura\n|turn|14\n|\n|t:|1642191121\n|move|p2a: Yveltal|Oblivion Wing|p1a: Chansey\n|-damage|p1a: Chansey|0 fnt\n|-heal|p2a: Yveltal|78\/100|[from] drain|[of] p1a: Chansey\n|faint|p1a: Chansey\n|-damage|p2a: Yveltal|68\/100|[from] item: Life Orb\n|\n|upkeep\n|j| caloppubr\n|\n|t:|1642191128\n|switch|p1a: Xerneas|Xerneas|100\/100\n|-damage|p1a: Xerneas|88\/100|[from] Stealth Rock\n|-ability|p1a: Xerneas|Fairy Aura\n|turn|15\n|\n|t:|1642191134\n|switch|p2a: Aegislash|Aegislash, F|100\/100\n|-damage|p2a: Aegislash|94\/100|[from] Stealth Rock\n|-activate|p2a: Aegislash|move: Sticky Web\n|-unboost|p2a: Aegislash|spe|1\n|move|p1a: Xerneas|Moonblast|p2a: Aegislash\n|-resisted|p2a: Aegislash\n|-damage|p2a: Aegislash|63\/100\n|-unboost|p2a: Aegislash|spa|1\n|\n|-heal|p2a: Aegislash|69\/100|[from] item: Leftovers\n|upkeep\n|turn|16\n|\n|t:|1642191149\n|switch|p1a: Magnezone|Magnezone|100\/100\n|-damage|p1a: Magnezone|94\/100|[from] Stealth Rock\n|-formechange|p2a: Aegislash|Aegislash-Blade||[from] ability: Stance Change\n|move|p2a: Aegislash|Shadow Ball|p1a: Magnezone\n|-damage|p1a: Magnezone|61\/100\n|-unboost|p1a: Magnezone|spd|1\n|\n|-heal|p2a: Aegislash|75\/100|[from] item: Leftovers\n|upkeep\n|turn|17\n|\n|t:|1642191168\n|switch|p2a: Volcanion|Volcanion|83\/100\n|-activate|p2a: Volcanion|move: Sticky Web\n|-unboost|p2a: Volcanion|spe|1\n|-damage|p2a: Volcanion|58\/100|[from] Stealth Rock\n|move|p1a: Magnezone|Volt Switch|p2a: Volcanion\n|-supereffective|p2a: Volcanion\n|-damage|p2a: Volcanion|0 fnt\n|faint|p2a: Volcanion\n|j| Slazedgaming\n|\n|t:|1642191178\n|switch|p1a: Xerneas|Xerneas|88\/100|[from]move: Volt Switch\n|-damage|p1a: Xerneas|76\/100|[from] Stealth Rock\n|-ability|p1a: Xerneas|Fairy Aura\n|\n|upkeep\n|\n|t:|1642191188\n|switch|p2a: Xerneas|Xerneas|100\/100\n|-activate|p2a: Xerneas|move: Sticky Web\n|-unboost|p2a: Xerneas|spe|1\n|-damage|p2a: Xerneas|88\/100|[from] Stealth Rock\n|-ability|p2a: Xerneas|Fairy Aura\n|turn|18\n|\n|t:|1642191195\n|move|p1a: Xerneas|Moonblast|p2a: Xerneas\n|-damage|p2a: Xerneas|0 fnt\n|faint|p2a: Xerneas\n|\n|upkeep\n|\n|t:|1642191198\n|switch|p2a: Aegislash|Aegislash, F|75\/100\n|-damage|p2a: Aegislash|69\/100|[from] Stealth Rock\n|-activate|p2a: Aegislash|move: Sticky Web\n|-unboost|p2a: Aegislash|spe|1\n|turn|19\n|\n|t:|1642191206\n|switch|p1a: Garchomp|Garchomp, F|36\/100\n|-damage|p1a: Garchomp|30\/100|[from] Stealth Rock\n|-formechange|p2a: Aegislash|Aegislash-Blade||[from] ability: Stance Change\n|move|p2a: Aegislash|Shadow Ball|p1a: Garchomp\n|-damage|p1a: Garchomp|0 fnt\n|faint|p1a: Garchomp\n|\n|-heal|p2a: Aegislash|75\/100|[from] item: Leftovers\n|upkeep\n|c| ChessRobot|Huh\n|\n|t:|1642191221\n|switch|p1a: Magnezone|Magnezone|61\/100\n|-damage|p1a: Magnezone|55\/100|[from] Stealth Rock\n|turn|20\n|j| Ratio monster\n|c| ChessRobot|Those last two plays...\n|c| Ratio monster|Lets go\n|\n|t:|1642191225\n|-formechange|p2a: Aegislash|Aegislash||[from] ability: Stance Change\n|move|p2a: Aegislash|King's Shield|p2a: Aegislash\n|-singleturn|p2a: Aegislash|Protect\n|move|p1a: Magnezone|Discharge|p2a: Aegislash\n|-activate|p2a: Aegislash|move: Protect\n|\n|-heal|p2a: Aegislash|81\/100|[from] item: Leftovers\n|upkeep\n|turn|21\n|c| Ratio monster|gg\n|c| Ratio monster|what last 2 plays\n|c| Ratio monster|cuz the chomp sack was correct\n|\n|t:|1642191244\n|move|p1a: Magnezone|Discharge|p2a: Aegislash\n|-crit|p2a: Aegislash\n|-damage|p2a: Aegislash|42\/100\n|-formechange|p2a: Aegislash|Aegislash-Blade||[from] ability: Stance Change\n|move|p2a: Aegislash|Shadow Ball|p1a: Magnezone\n|-damage|p1a: Magnezone|5\/100\n|-unboost|p1a: Magnezone|spd|1\n|\n|-heal|p2a: Aegislash|49\/100|[from] item: Leftovers\n|upkeep\n|turn|22\n|c| Ratio monster|Unless\n|\n|t:|1642191260\n|-formechange|p2a: Aegislash|Aegislash||[from] ability: Stance Change\n|move|p2a: Aegislash|King's Shield|p2a: Aegislash\n|-singleturn|p2a: Aegislash|Protect\n|move|p1a: Magnezone|Discharge|p2a: Aegislash\n|-activate|p2a: Aegislash|move: Protect\n|\n|-heal|p2a: Aegislash|55\/100|[from] item: Leftovers\n|upkeep\n|turn|23\n|\n|t:|1642191269\n|move|p1a: Magnezone|Discharge|p2a: Aegislash\n|-damage|p2a: Aegislash|29\/100\n|-formechange|p2a: Aegislash|Aegislash-Blade||[from] ability: Stance Change\n|move|p2a: Aegislash|Shadow Ball|p1a: Magnezone\n|-damage|p1a: Magnezone|0 fnt\n|faint|p1a: Magnezone\n|\n|-heal|p2a: Aegislash|35\/100|[from] item: Leftovers\n|upkeep\n|c| PowerfulSlash|Na this is wraps\n|\n|t:|1642191279\n|switch|p1a: Xerneas|Xerneas|76\/100\n|-damage|p1a: Xerneas|63\/100|[from] Stealth Rock\n|-ability|p1a: Xerneas|Fairy Aura\n|turn|24\n|c| Ratio monster|Yea should b\n|\n|t:|1642191286\n|-formechange|p2a: Aegislash|Aegislash||[from] ability: Stance Change\n|move|p2a: Aegislash|King's Shield|p2a: Aegislash\n|-singleturn|p2a: Aegislash|Protect\n|move|p1a: Xerneas|Moonblast|p2a: Aegislash\n|-activate|p2a: Aegislash|move: Protect\n|\n|-heal|p2a: Aegislash|41\/100|[from] item: Leftovers\n|upkeep\n|turn|25\n|c| Ratio monster|unless iron head punch or smth\n|c| ChessRobot|Lets gooo\n|\n|t:|1642191301\n|move|p1a: Xerneas|Moonblast|p2a: Aegislash\n|-resisted|p2a: Aegislash\n|-damage|p2a: Aegislash|9\/100\n|-formechange|p2a: Aegislash|Aegislash-Blade||[from] ability: Stance Change\n|move|p2a: Aegislash|Gyro Ball|p1a: Xerneas\n|-supereffective|p1a: Xerneas\n|-damage|p1a: Xerneas|0 fnt\n|faint|p1a: Xerneas\n|\n|win|panda2jzn\n|c|\u2606panda2jzn|gg\n|c| simplesimplesimple|gggg\n|c| LoveStallLiveLife|o damn\n|c| Ratio monster|UEIWNANS\n|l| SORRY BUT I GOTTA\n|c|\u2606cows123p|oh shit\n","uploadtime":1642191310,"views":118,"p1id":"cows123p","p2id":"panda2jzn","formatid":"gen7ubers","rating":0,"private":0,"password":null}