{"id":"gen7ou-744082198","p1":"Worstsetsever","p2":"GenOneToTheTop","format":"gen7ou","log":"|j|\u2606Worstsetsever\n|j|\u2606GenOneToTheTop\n|player|p1|Worstsetsever|2\n|player|p2|GenOneToTheTop|162\n|teamsize|p1|6\n|teamsize|p2|6\n|gametype|singles\n|gen|7\n|tier|[Gen 7] OU\n|rated|\n|rule|Sleep Clause Mod: Limit one foe put to sleep\n|rule|Species Clause: Limit one of each Pok\u00e9mon\n|rule|OHKO Clause: OHKO moves are banned\n|rule|Moody Clause: Moody is banned\n|rule|Evasion Moves Clause: Evasion moves are banned\n|rule|Endless Battle Clause: Forcing endless battles is banned\n|rule|HP Percentage Mod: HP is shown in percentages\n|clearpoke\n|poke|p1|Heatran, F|item\n|poke|p1|Landorus-Therian, M|item\n|poke|p1|Tangrowth, F|item\n|poke|p1|Charizard, F|item\n|poke|p1|Tapu Koko|item\n|poke|p1|Greninja, F|item\n|poke|p2|Charizard, M|item\n|poke|p2|Starmie|item\n|poke|p2|Venusaur, M|item\n|poke|p2|Machamp, F|item\n|poke|p2|Snorlax, M|item\n|poke|p2|Rhydon, F|item\n|teampreview\n|c|\u2606GenOneToTheTop|hf\n|\n|start\n|switch|p1a: Greninja|Greninja, F|100\/100\n|switch|p2a: Snorlax|Snorlax, M|100\/100\n|turn|1\n|inactive|Battle timer is ON: inactive players will automatically lose when time's up. (requested by Worstsetsever)\n|j| I embarris.\n|j| eucker\n|\n|move|p1a: Greninja|Low Kick|p2a: Snorlax\n|-start|p1a: Greninja|typechange|Fighting|[from] Protean\n|-supereffective|p2a: Snorlax\n|-damage|p2a: Snorlax|0 fnt\n|faint|p2a: Snorlax\n|\n|upkeep\n|\n|switch|p2a: Charizard|Charizard, M|100\/100\n|turn|2\n|\n|switch|p1a: Heatran|Heatran, F|100\/100\n|-mega|p2a: Charizard|Charizard|Charizardite Y\n|detailschange|p2a: Charizard|Charizard-Mega-Y, M\n|-weather|SunnyDay|[from] ability: Drought|[of] p2a: Charizard\n|move|p2a: Charizard|Focus Blast|p1a: Heatran\n|-supereffective|p1a: Heatran\n|-damage|p1a: Heatran|24\/100\n|\n|-weather|SunnyDay|[upkeep]\n|-heal|p1a: Heatran|30\/100|[from] item: Leftovers\n|upkeep\n|turn|3\n|inactive|Worstsetsever has 135 seconds left.\n|\n|switch|p1a: Tapu Koko|Tapu Koko|100\/100\n|-fieldstart|move: Electric Terrain|[from] ability: Electric Surge|[of] p1a: Tapu Koko\n|move|p2a: Charizard|Focus Blast|p1a: Tapu Koko\n|-resisted|p1a: Tapu Koko\n|-damage|p1a: Tapu Koko|66\/100\n|\n|-weather|SunnyDay|[upkeep]\n|upkeep\n|turn|4\n|\n|switch|p1a: Tangrowth|Tangrowth, F|100\/100\n|switch|p2a: Rhydon|Rhydon, F|100\/100\n|\n|-weather|SunnyDay|[upkeep]\n|upkeep\n|turn|5\n|\n|switch|p2a: Venusaur|Venusaur, M|100\/100\n|move|p1a: Tangrowth|Knock Off|p2a: Venusaur\n|-damage|p2a: Venusaur|79\/100\n|\n|-weather|SunnyDay|[upkeep]\n|upkeep\n|turn|6\n|\n|switch|p2a: Machamp|Machamp, F|100\/100\n|move|p1a: Tangrowth|Hidden Power|p2a: Machamp\n|-damage|p2a: Machamp|83\/100\n|\n|-weather|none\n|-status|p2a: Machamp|brn|[from] item: Flame Orb\n|upkeep\n|turn|7\n|inactive|Worstsetsever has 135 seconds left.\n|\n|switch|p1a: Landorus|Landorus-Therian, M|100\/100\n|-ability|p1a: Landorus|Intimidate|boost\n|-unboost|p2a: Machamp|atk|1\n|move|p2a: Machamp|Close Combat|p1a: Landorus\n|-resisted|p1a: Landorus\n|-damage|p1a: Landorus|75\/100\n|-damage|p2a: Machamp|67\/100 brn|[from] item: Rocky Helmet|[of] p1a: Landorus\n|-unboost|p2a: Machamp|def|1\n|-unboost|p2a: Machamp|spd|1\n|\n|-damage|p2a: Machamp|61\/100 brn|[from] brn\n|-fieldend|move: Electric Terrain\n|upkeep\n|turn|8\n|inactive|Worstsetsever has 135 seconds left.\n|\n|move|p1a: Landorus|Earthquake|p2a: Machamp\n|-damage|p2a: Machamp|0 fnt\n|faint|p2a: Machamp\n|\n|upkeep\n|\n|switch|p2a: Charizard|Charizard-Mega-Y, M|100\/100\n|-weather|SunnyDay|[from] ability: Drought|[of] p2a: Charizard\n|turn|9\n|\n|switch|p1a: Heatran|Heatran, F|30\/100\n|move|p2a: Charizard|Fire Blast|p1a: Heatran\n|-start|p1a: Heatran|ability: Flash Fire\n|\n|-weather|SunnyDay|[upkeep]\n|-heal|p1a: Heatran|37\/100|[from] item: Leftovers\n|upkeep\n|turn|10\n|inactive|Worstsetsever has 135 seconds left.\n|\n|-end|p1a: Heatran|ability: Flash Fire|[silent]\n|switch|p1a: Tangrowth|Tangrowth, F|100\/100\n|move|p2a: Charizard|Focus Blast|p1a: Tangrowth|[miss]\n|-miss|p2a: Charizard|p1a: Tangrowth\n|\n|-weather|SunnyDay|[upkeep]\n|upkeep\n|turn|11\n|\n|switch|p1a: Heatran|Heatran, F|37\/100\n|move|p2a: Charizard|Fire Blast|p1a: Heatran\n|-start|p1a: Heatran|ability: Flash Fire\n|\n|-weather|SunnyDay|[upkeep]\n|-heal|p1a: Heatran|43\/100|[from] item: Leftovers\n|upkeep\n|turn|12\n|\n|move|p2a: Charizard|Focus Blast|p1a: Heatran\n|-supereffective|p1a: Heatran\n|-damage|p1a: Heatran|0 fnt\n|faint|p1a: Heatran\n|\n|-weather|SunnyDay|[upkeep]\n|upkeep\n|\n|switch|p1a: Charizard|Charizard, F|100\/100\n|turn|13\n|\n|switch|p2a: Rhydon|Rhydon, F|100\/100\n|-mega|p1a: Charizard|Charizard|Charizardite X\n|detailschange|p1a: Charizard|Charizard-Mega-X, F\n|move|p1a: Charizard|Dragon Claw|p2a: Rhydon\n|-damage|p2a: Rhydon|75\/100\n|\n|-weather|none\n|upkeep\n|turn|14\n|\n|switch|p1a: Landorus|Landorus-Therian, M|75\/100\n|-ability|p1a: Landorus|Intimidate|boost\n|-unboost|p2a: Rhydon|atk|1\n|move|p2a: Rhydon|Stealth Rock|p1a: Landorus\n|-sidestart|p1: Worstsetsever|move: Stealth Rock\n|\n|upkeep\n|turn|15\n|\n|switch|p2a: Charizard|Charizard-Mega-Y, M|100\/100\n|-weather|SunnyDay|[from] ability: Drought|[of] p2a: Charizard\n|move|p1a: Landorus|Defog|p2a: Charizard\n|-unboost|p2a: Charizard|evasion|1\n|-sideend|p1: Worstsetsever|Stealth Rock|[from] move: Defog|[of] p1a: Landorus\n|\n|-weather|SunnyDay|[upkeep]\n|upkeep\n|turn|16\n|\n|move|p2a: Charizard|Fire Blast|p1a: Landorus\n|-damage|p1a: Landorus|0 fnt\n|faint|p1a: Landorus\n|\n|-weather|SunnyDay|[upkeep]\n|upkeep\n|\n|switch|p1a: Charizard|Charizard-Mega-X, F|100\/100\n|turn|17\n|\n|switch|p2a: Rhydon|Rhydon, F|75\/100\n|move|p1a: Charizard|Dragon Claw|p2a: Rhydon\n|-damage|p2a: Rhydon|50\/100\n|\n|-weather|SunnyDay|[upkeep]\n|upkeep\n|turn|18\n|\n|switch|p1a: Greninja|Greninja, F|100\/100\n|move|p2a: Rhydon|Earthquake|p1a: Greninja\n|-damage|p1a: Greninja|19\/100\n|\n|-weather|SunnyDay|[upkeep]\n|upkeep\n|turn|19\n|\n|switch|p2a: Starmie|Starmie|100\/100\n|move|p1a: Greninja|U-turn|p2a: Starmie\n|-start|p1a: Greninja|typechange|Bug|[from] Protean\n|-supereffective|p2a: Starmie\n|-damage|p2a: Starmie|35\/100\n|\n|switch|p1a: Tapu Koko|Tapu Koko|66\/100\n|-fieldstart|move: Electric Terrain|[from] ability: Electric Surge|[of] p1a: Tapu Koko\n|\n|-weather|none\n|-heal|p2a: Starmie|41\/100|[from] item: Leftovers\n|upkeep\n|turn|20\n|j| Absoldourado\n|\n|switch|p2a: Charizard|Charizard-Mega-Y, M|100\/100\n|-weather|SunnyDay|[from] ability: Drought|[of] p2a: Charizard\n|move|p1a: Tapu Koko|Dazzling Gleam|p2a: Charizard\n|-resisted|p2a: Charizard\n|-damage|p2a: Charizard|76\/100\n|\n|-weather|SunnyDay|[upkeep]\n|upkeep\n|turn|21\n|inactive|Worstsetsever has 135 seconds left.\n|inactive|GenOneToTheTop has 135 seconds left.\n|inactive|Worstsetsever has 120 seconds left.\n|\n|move|p1a: Tapu Koko|Dazzling Gleam|p2a: Charizard\n|-resisted|p2a: Charizard\n|-damage|p2a: Charizard|48\/100\n|move|p2a: Charizard|Fire Blast|p1a: Tapu Koko\n|-damage|p1a: Tapu Koko|0 fnt\n|faint|p1a: Tapu Koko\n|\n|-weather|SunnyDay|[upkeep]\n|upkeep\n|\n|switch|p1a: Charizard|Charizard-Mega-X, F|100\/100\n|turn|22\n|\n|switch|p2a: Starmie|Starmie|41\/100\n|move|p1a: Charizard|Dragon Dance|p1a: Charizard\n|-boost|p1a: Charizard|atk|1\n|-boost|p1a: Charizard|spe|1\n|\n|-weather|SunnyDay|[upkeep]\n|-heal|p2a: Starmie|47\/100|[from] item: Leftovers\n|upkeep\n|turn|23\n|inactive|Worstsetsever has 135 seconds left.\n|\n|move|p1a: Charizard|Dragon Claw|p2a: Starmie\n|-crit|p2a: Starmie\n|-damage|p2a: Starmie|0 fnt\n|faint|p2a: Starmie\n|\n|-weather|SunnyDay|[upkeep]\n|-fieldend|move: Electric Terrain\n|upkeep\n|\n|switch|p2a: Rhydon|Rhydon, F|50\/100\n|turn|24\n|j| LeShrug \u00af\\_(\u30c4)_\/\u00af\n|\n|move|p1a: Charizard|Earthquake|p2a: Rhydon\n|-supereffective|p2a: Rhydon\n|-damage|p2a: Rhydon|0 fnt\n|faint|p2a: Rhydon\n|\n|-weather|none\n|upkeep\n|inactive|GenOneToTheTop has 135 seconds left.\n|c|\u2606GenOneToTheTop|+1 252 Atk Charizard-Mega-X Earthquake vs. 252 HP \/ 0 Def Eviolite Rhydon: 188-222 (45.4 - 53.6%) -- 38.7% chance to 2HKO\n|c|\u2606GenOneToTheTop|Love it\n|c| LeShrug \u00af\\_(\u30c4)_\/\u00af|nigerians\n|-message|GenOneToTheTop forfeited.\n|\n|win|Worstsetsever\n|l|\u2606GenOneToTheTop\n|raw|Worstsetsever's rating: 1706 &rarr; <strong>1727<\/strong><br \/>(+21 for winning)\n|raw|GenOneToTheTop's rating: 1727 &rarr; <strong>1706<\/strong><br \/>(-21 for losing)\n|l| LeShrug \u00af\\_(\u30c4)_\/\u00af\n|l| I embarris.\n|c|\u2606Worstsetsever|Gg. Nice team\n|l|\u2606Worstsetsever\n|l| eucker\n","inputlog":null,"uploadtime":1525743008,"views":11,"p1id":"worstsetsever","p2id":"genonetothetop","formatid":"gen7ou","rating":1706,"private":0,"password":null}