{"id":"gen7ou-991084284","p1":"Shardul888","p2":"Raullc","format":"gen7ou","log":"|j|\u2606Shardul888\n|j|\u2606Raullc\n|player|p1|Shardul888|92|1378\n|player|p2|Raullc|181|1352\n|teamsize|p1|6\n|teamsize|p2|6\n|gametype|singles\n|gen|7\n|tier|[Gen 7] OU\n|rated|\n|rule|Sleep Clause Mod: Limit one foe put to sleep\n|rule|Species Clause: Limit one of each Pok\u00e9mon\n|rule|OHKO Clause: OHKO moves are banned\n|rule|Moody Clause: Moody is banned\n|rule|Evasion Moves Clause: Evasion moves are banned\n|rule|Endless Battle Clause: Forcing endless battles is banned\n|rule|HP Percentage Mod: HP is shown in percentages\n|clearpoke\n|poke|p1|Venusaur, M|item\n|poke|p1|Metagross|item\n|poke|p1|Dragonite, M|item\n|poke|p1|Gliscor, F|item\n|poke|p1|Hippowdon, F|item\n|poke|p1|Toxapex, M|item\n|poke|p2|Heatran, F|item\n|poke|p2|Gliscor, F|item\n|poke|p2|Kyurem|item\n|poke|p2|Tornadus-Therian, M|item\n|poke|p2|Slowbro, M|item\n|poke|p2|Chansey, F|item\n|teampreview\n|\n|start\n|switch|p1a: Toxapex|Toxapex, M, shiny|100\/100\n|switch|p2a: Kyurem|Kyurem|100\/100\n|-ability|p2a: Kyurem|Pressure\n|turn|1\n|inactive|Battle timer is ON: inactive players will automatically lose when time's up. (requested by Raullc)\n|inactive|Shardul888 also wants the timer to be on.\n|\n|move|p2a: Kyurem|Substitute|p2a: Kyurem\n|-start|p2a: Kyurem|Substitute\n|-damage|p2a: Kyurem|76\/100\n|move|p1a: Toxapex|Toxic||[still]\n|-fail|p1a: Toxapex\n|\n|-heal|p2a: Kyurem|82\/100|[from] item: Leftovers\n|upkeep\n|turn|2\n|\n|move|p2a: Kyurem|Earth Power|p1a: Toxapex\n|-supereffective|p1a: Toxapex\n|-damage|p1a: Toxapex|45\/100\n|move|p1a: Toxapex|Scald|p2a: Kyurem\n|-resisted|p2a: Kyurem\n|-activate|p2a: Kyurem|move: Substitute|[damage]\n|\n|-heal|p2a: Kyurem|88\/100|[from] item: Leftovers\n|-heal|p1a: Toxapex|51\/100|[from] item: Leftovers\n|upkeep\n|turn|3\n|\n|switch|p1a: Gliscor|Gliscor, F|100\/100\n|move|p2a: Kyurem|Glaciate|p1a: Gliscor|[miss]\n|-miss|p2a: Kyurem|p1a: Gliscor\n|\n|-heal|p2a: Kyurem|94\/100|[from] item: Leftovers\n|-status|p1a: Gliscor|tox|[from] item: Toxic Orb\n|upkeep\n|turn|4\n|\n|switch|p1a: Toxapex|Toxapex, M, shiny|85\/100\n|move|p2a: Kyurem|Glaciate|p1a: Toxapex\n|-resisted|p1a: Toxapex\n|-damage|p1a: Toxapex|69\/100\n|-unboost|p1a: Toxapex|spe|1\n|\n|-heal|p2a: Kyurem|99\/100|[from] item: Leftovers\n|-heal|p1a: Toxapex|75\/100|[from] item: Leftovers\n|upkeep\n|turn|5\n|\n|move|p2a: Kyurem|Glaciate|p1a: Toxapex\n|-resisted|p1a: Toxapex\n|-damage|p1a: Toxapex|59\/100\n|-unboost|p1a: Toxapex|spe|1\n|move|p1a: Toxapex|Scald|p2a: Kyurem\n|-resisted|p2a: Kyurem\n|-activate|p2a: Kyurem|move: Substitute|[damage]\n|\n|-heal|p2a: Kyurem|100\/100|[from] item: Leftovers\n|-heal|p1a: Toxapex|66\/100|[from] item: Leftovers\n|upkeep\n|turn|6\n|\n|move|p2a: Kyurem|Earth Power|p1a: Toxapex\n|-supereffective|p1a: Toxapex\n|-damage|p1a: Toxapex|11\/100\n|move|p1a: Toxapex|Scald|p2a: Kyurem\n|-resisted|p2a: Kyurem\n|-activate|p2a: Kyurem|move: Substitute|[damage]\n|\n|-heal|p1a: Toxapex|17\/100|[from] item: Leftovers\n|upkeep\n|turn|7\n|\n|move|p1a: Toxapex|Baneful Bunker|p1a: Toxapex\n|-singleturn|p1a: Toxapex|move: Protect\n|move|p2a: Kyurem|Glaciate|p1a: Toxapex\n|-activate|p1a: Toxapex|move: Protect\n|\n|-heal|p1a: Toxapex|24\/100|[from] item: Leftovers\n|upkeep\n|turn|8\n|\n|switch|p1a: Metagross|Metagross|100\/100\n|move|p2a: Kyurem|Earth Power|p1a: Metagross\n|-supereffective|p1a: Metagross\n|-damage|p1a: Metagross|52\/100\n|\n|upkeep\n|turn|9\n|\n|move|p1a: Metagross|Bullet Punch|p2a: Kyurem\n|-supereffective|p2a: Kyurem\n|-crit|p2a: Kyurem\n|-end|p2a: Kyurem|Substitute\n|move|p2a: Kyurem|Earth Power|p1a: Metagross\n|-supereffective|p1a: Metagross\n|-damage|p1a: Metagross|1\/100\n|\n|upkeep\n|turn|10\n|\n|switch|p2a: Slowbro|Slowbro, M|100\/100\n|move|p1a: Metagross|Bullet Punch|p2a: Slowbro\n|-resisted|p2a: Slowbro\n|-damage|p2a: Slowbro|94\/100\n|\n|upkeep\n|turn|11\n|\n|switch|p1a: Toxapex|Toxapex, M, shiny|57\/100\n|detailschange|p2a: Slowbro|Slowbro-Mega, M\n|-mega|p2a: Slowbro|Slowbro|Slowbronite\n|move|p2a: Slowbro|Block|p1a: Toxapex\n|-activate|p1a: Toxapex|trapped\n|\n|-heal|p1a: Toxapex|63\/100|[from] item: Leftovers\n|upkeep\n|turn|12\n|\n|switch|p2a: Gliscor|Gliscor, F|100\/100\n|move|p1a: Toxapex|Toxic|p2a: Gliscor\n|-status|p2a: Gliscor|tox\n|\n|-heal|p1a: Toxapex|69\/100|[from] item: Leftovers\n|upkeep\n|turn|13\n|\n|move|p2a: Gliscor|Swords Dance|p2a: Gliscor\n|-boost|p2a: Gliscor|atk|2\n|move|p1a: Toxapex|Scald|p2a: Gliscor\n|-supereffective|p2a: Gliscor\n|-damage|p2a: Gliscor|57\/100 tox\n|\n|-heal|p1a: Toxapex|75\/100|[from] item: Leftovers\n|-heal|p2a: Gliscor|70\/100 tox|[from] ability: Poison Heal\n|upkeep\n|turn|14\n|\n|move|p2a: Gliscor|Earthquake|p1a: Toxapex\n|-supereffective|p1a: Toxapex\n|-damage|p1a: Toxapex|0 fnt\n|faint|p1a: Toxapex\n|\n|-heal|p2a: Gliscor|82\/100 tox|[from] ability: Poison Heal\n|upkeep\n|\n|switch|p1a: Godzilla|Venusaur, M|100\/100\n|turn|15\n|\n|detailschange|p1a: Godzilla|Venusaur-Mega, M\n|-mega|p1a: Godzilla|Venusaur|Venusaurite\n|move|p2a: Gliscor|Facade|p1a: Godzilla\n|-damage|p1a: Godzilla|46\/100\n|move|p1a: Godzilla|Leech Seed|p2a: Gliscor\n|-start|p2a: Gliscor|move: Leech Seed\n|\n|-damage|p2a: Gliscor|70\/100 tox|[from] Leech Seed|[of] p1a: Godzilla\n|-heal|p1a: Godzilla|58\/100|[silent]\n|-heal|p2a: Gliscor|82\/100 tox|[from] ability: Poison Heal\n|upkeep\n|turn|16\n|\n|move|p2a: Gliscor|Swords Dance|p2a: Gliscor\n|-boost|p2a: Gliscor|atk|2\n|move|p1a: Godzilla|Giga Drain|p2a: Gliscor\n|-damage|p2a: Gliscor|40\/100 tox\n|-heal|p1a: Godzilla|79\/100|[from] drain|[of] p2a: Gliscor\n|\n|-damage|p2a: Gliscor|28\/100 tox|[from] Leech Seed|[of] p1a: Godzilla\n|-heal|p1a: Godzilla|91\/100|[silent]\n|-heal|p2a: Gliscor|40\/100 tox|[from] ability: Poison Heal\n|upkeep\n|turn|17\n|\n|move|p2a: Gliscor|Facade|p1a: Godzilla\n|-damage|p1a: Godzilla|9\/100\n|move|p1a: Godzilla|Giga Drain|p2a: Gliscor\n|-damage|p2a: Gliscor|0 fnt\n|-heal|p1a: Godzilla|29\/100|[from] drain|[of] p2a: Gliscor\n|faint|p2a: Gliscor\n|\n|upkeep\n|\n|switch|p2a: Heatran|Heatran, F|100\/100\n|turn|18\n|\n|switch|p1a: Hippowdon|Hippowdon, F|100\/100\n|-weather|Sandstorm|[from] ability: Sand Stream|[of] p1a: Hippowdon\n|move|p2a: Heatran|Magma Storm|p1a: Hippowdon|[miss]\n|-miss|p2a: Heatran|p1a: Hippowdon\n|\n|-weather|Sandstorm|[upkeep]\n|upkeep\n|turn|19\n|\n|-zpower|p2a: Heatran\n|move|p2a: Heatran|Bloom Doom|p1a: Hippowdon|[zeffect]\n|-supereffective|p1a: Hippowdon\n|-damage|p1a: Hippowdon|0 fnt\n|faint|p1a: Hippowdon\n|\n|-weather|Sandstorm|[upkeep]\n|upkeep\n|-message|Shardul888 forfeited.\n|\n|win|Raullc\n|l|\u2606Shardul888\n|raw|Shardul888's rating: 1378 &rarr; <strong>1357<\/strong><br \/>(-21 for losing)\n|raw|Raullc's rating: 1353 &rarr; <strong>1374<\/strong><br \/>(+21 for winning)\n","uploadtime":1570850937,"views":4,"p1id":"shardul888","p2id":"raullc","formatid":"gen7ou","rating":1357,"private":0,"password":null}