{"id":"gen7randombattle-974497787","p1":"wolfwarrior","p2":"Frobunaga","format":"gen7randombattle","log":"|j|\u2606wolfwarrior\n|j|\u2606Frobunaga\n|player|p1|wolfwarrior|162|1700\n|player|p2|Frobunaga|68|1746\n|teamsize|p1|6\n|teamsize|p2|6\n|gametype|singles\n|gen|7\n|tier|[Gen 7] Random Battle\n|rated|\n|rule|Sleep Clause Mod: Limit one foe put to sleep\n|rule|HP Percentage Mod: HP is shown in percentages\n|\n|start\n|switch|p1a: Mienshao|Mienshao, L83, F|244\/244\n|switch|p2a: Moltres|Moltres, L82|281\/281\n|turn|1\n|\n|move|p1a: Mienshao|Fake Out|p2a: Moltres\n|-damage|p2a: Moltres|233\/281\n|-damage|p1a: Mienshao|220\/244|[from] item: Life Orb\n|cant|p2a: Moltres|flinch\n|\n|upkeep\n|turn|2\n|\n|switch|p1a: Magmortar|Magmortar, L86, F|269\/269\n|switch|p2a: Furfrou|Furfrou, L89, F|278\/278\n|\n|upkeep\n|turn|3\n|\n|move|p1a: Magmortar|Focus Blast|p2a: Furfrou|[miss]\n|-miss|p1a: Magmortar|p2a: Furfrou\n|move|p2a: Furfrou|Thunder Wave|p1a: Magmortar\n|-status|p1a: Magmortar|par\n|\n|upkeep\n|turn|4\n|\n|move|p2a: Furfrou|Substitute|p2a: Furfrou\n|-start|p2a: Furfrou|Substitute\n|-damage|p2a: Furfrou|209\/278\n|move|p1a: Magmortar|Focus Blast|p2a: Furfrou|[miss]\n|-miss|p1a: Magmortar|p2a: Furfrou\n|\n|-heal|p2a: Furfrou|226\/278|[from] item: Leftovers\n|upkeep\n|turn|5\n|\n|move|p2a: Furfrou|Return|p1a: Magmortar\n|-damage|p1a: Magmortar|137\/269 par\n|move|p1a: Magmortar|Focus Blast|p2a: Furfrou\n|-supereffective|p2a: Furfrou\n|-end|p2a: Furfrou|Substitute\n|\n|-heal|p2a: Furfrou|243\/278|[from] item: Leftovers\n|upkeep\n|turn|6\n|\n|move|p2a: Furfrou|Substitute|p2a: Furfrou\n|-start|p2a: Furfrou|Substitute\n|-damage|p2a: Furfrou|174\/278\n|cant|p1a: Magmortar|par\n|\n|-heal|p2a: Furfrou|191\/278|[from] item: Leftovers\n|upkeep\n|turn|7\n|\n|move|p2a: Furfrou|Return|p1a: Magmortar\n|-damage|p1a: Magmortar|14\/269 par\n|cant|p1a: Magmortar|par\n|\n|-heal|p2a: Furfrou|208\/278|[from] item: Leftovers\n|upkeep\n|turn|8\n|\n|move|p2a: Furfrou|Return|p1a: Magmortar\n|-damage|p1a: Magmortar|0 fnt\n|faint|p1a: Magmortar\n|\n|-heal|p2a: Furfrou|225\/278|[from] item: Leftovers\n|upkeep\n|\n|switch|p1a: Poliwrath|Poliwrath, L89, F|305\/305\n|turn|9\n|\n|move|p2a: Furfrou|Thunder Wave|p1a: Poliwrath\n|-status|p1a: Poliwrath|par\n|move|p1a: Poliwrath|Scald|p2a: Furfrou\n|-end|p2a: Furfrou|Substitute\n|-damage|p1a: Poliwrath|275\/305 par|[from] item: Life Orb\n|\n|-heal|p2a: Furfrou|242\/278|[from] item: Leftovers\n|upkeep\n|turn|10\n|\n|move|p2a: Furfrou|Substitute|p2a: Furfrou\n|-start|p2a: Furfrou|Substitute\n|-damage|p2a: Furfrou|173\/278\n|move|p1a: Poliwrath|Focus Blast|p2a: Furfrou\n|-supereffective|p2a: Furfrou\n|-end|p2a: Furfrou|Substitute\n|-damage|p1a: Poliwrath|245\/305 par|[from] item: Life Orb\n|\n|-heal|p2a: Furfrou|190\/278|[from] item: Leftovers\n|upkeep\n|turn|11\n|\n|move|p2a: Furfrou|Substitute|p2a: Furfrou\n|-start|p2a: Furfrou|Substitute\n|-damage|p2a: Furfrou|121\/278\n|move|p1a: Poliwrath|Scald|p2a: Furfrou\n|-end|p2a: Furfrou|Substitute\n|-damage|p1a: Poliwrath|215\/305 par|[from] item: Life Orb\n|\n|-heal|p2a: Furfrou|138\/278|[from] item: Leftovers\n|upkeep\n|turn|12\n|\n|move|p2a: Furfrou|Substitute|p2a: Furfrou\n|-start|p2a: Furfrou|Substitute\n|-damage|p2a: Furfrou|69\/278\n|move|p1a: Poliwrath|Scald|p2a: Furfrou\n|-end|p2a: Furfrou|Substitute\n|-damage|p1a: Poliwrath|185\/305 par|[from] item: Life Orb\n|\n|-heal|p2a: Furfrou|86\/278|[from] item: Leftovers\n|upkeep\n|turn|13\n|\n|move|p2a: Furfrou|Substitute|p2a: Furfrou\n|-start|p2a: Furfrou|Substitute\n|-damage|p2a: Furfrou|17\/278\n|move|p1a: Poliwrath|Scald|p2a: Furfrou\n|-end|p2a: Furfrou|Substitute\n|-damage|p1a: Poliwrath|155\/305 par|[from] item: Life Orb\n|\n|-heal|p2a: Furfrou|34\/278|[from] item: Leftovers\n|upkeep\n|turn|14\n|\n|move|p2a: Furfrou|Return|p1a: Poliwrath\n|-damage|p1a: Poliwrath|58\/305 par\n|cant|p1a: Poliwrath|par\n|\n|-heal|p2a: Furfrou|51\/278|[from] item: Leftovers\n|upkeep\n|turn|15\n|\n|move|p2a: Furfrou|Return|p1a: Poliwrath\n|-damage|p1a: Poliwrath|0 fnt\n|faint|p1a: Poliwrath\n|\n|-heal|p2a: Furfrou|68\/278|[from] item: Leftovers\n|upkeep\n|inactive|Battle timer is ON: inactive players will automatically lose when time's up. (requested by Frobunaga)\n|inactive|wolfwarrior has 120 seconds left.\n|inactive|wolfwarrior has 90 seconds left.\n|inactive|wolfwarrior has 60 seconds left.\n|inactive|wolfwarrior has 30 seconds left.\n|inactive|wolfwarrior has 20 seconds left.\n|inactive|wolfwarrior has 15 seconds left.\n|inactive|wolfwarrior has 10 seconds left.\n|inactive|wolfwarrior has 5 seconds left.\n|-message|wolfwarrior lost due to inactivity.\n|\n|win|Frobunaga\n|raw|wolfwarrior's rating: 1701 &rarr; <strong>1683<\/strong><br \/>(-18 for losing)\n|raw|Frobunaga's rating: 1746 &rarr; <strong>1763<\/strong><br \/>(+17 for winning)\n","inputlog":">version f2783c642d6caa2f738a8ded6fa4787f5178fd34\n>start {\"formatid\":\"gen7randombattle\",\"seed\":[27704,28128,55446,63503],\"rated\":\"Rated battle\"}\n>player p1 {\"name\":\"wolfwarrior\",\"avatar\":\"162\",\"team\":\"\",\"rating\":1700,\"seed\":[35678,65297,60612,19236]}\n>player p2 {\"name\":\"Frobunaga\",\"avatar\":\"68\",\"team\":\"\",\"rating\":1746,\"seed\":[24529,25881,815,16921]}\n>p1 move fakeout\n>p2 move substitute\n>p1 switch 3\n>p2 switch 3\n>p1 move focusblast\n>p2 move thunderwave\n>p1 move focusblast\n>p2 move substitute\n>p1 move focusblast\n>p2 move return\n>p1 move focusblast\n>p2 move substitute\n>p1 move focusblast\n>p2 move return\n>p1 move focusblast\n>p2 move return\n>p1 switch 2\n>p1 move scald\n>p2 move thunderwave\n>p1 move focusblast\n>p2 move substitute\n>p1 move scald\n>p2 move substitute\n>p1 move scald\n>p2 move substitute\n>p1 move scald\n>p2 move substitute\n>p1 move scald\n>p2 move return\n>p1 move scald\n>p2 move return","uploadtime":1568232476,"views":13,"p1id":"wolfwarrior","p2id":"frobunaga","formatid":"gen7randombattle","rating":1683,"private":0,"password":null}