{"id":"gen7ou-955312335","p1":"Ban lando t guy jk","p2":"Double Biceps","format":"gen7ou","log":"|j|\u2606Ban lando t guy jk\n|j|\u2606Double Biceps\n|player|p1|Ban lando t guy jk|164|1733\n|player|p2|Double Biceps|156|1678\n|teamsize|p1|6\n|teamsize|p2|6\n|gametype|singles\n|gen|7\n|tier|[Gen 7] OU\n|rated|\n|rule|Sleep Clause Mod: Limit one foe put to sleep\n|rule|Species Clause: Limit one of each Pok\u00e9mon\n|rule|OHKO Clause: OHKO moves are banned\n|rule|Moody Clause: Moody is banned\n|rule|Evasion Moves Clause: Evasion moves are banned\n|rule|Endless Battle Clause: Forcing endless battles is banned\n|rule|HP Percentage Mod: HP is shown in percentages\n|clearpoke\n|poke|p1|Hawlucha, M|item\n|poke|p1|Ferrothorn, M|item\n|poke|p1|Pelipper, F|item\n|poke|p1|Tapu Koko|item\n|poke|p1|Swampert, M|item\n|poke|p1|Kartana|item\n|poke|p2|Swampert, M|item\n|poke|p2|Pelipper, F|item\n|poke|p2|Manaphy|item\n|poke|p2|Ferrothorn, M|item\n|poke|p2|Tornadus-Therian, M|item\n|poke|p2|Greninja, M|item\n|teampreview\n|inactive|Battle timer is ON: inactive players will automatically lose when time's up. (requested by Ban lando t guy jk)\n|\n|start\n|switch|p1a: Hate rain :(|Ferrothorn, M|100\/100\n|switch|p2a: Manaphy|Manaphy|100\/100\n|turn|1\n|\n|switch|p2a: Ferrothorn|Ferrothorn, M|100\/100\n|move|p1a: Hate rain :(|Stealth Rock|p2a: Ferrothorn\n|-sidestart|p2: Double Biceps|move: Stealth Rock\n|\n|upkeep\n|turn|2\n|\n|move|p2a: Ferrothorn|Stealth Rock|p1a: Hate rain :(\n|-sidestart|p1: Ban lando t guy jk|move: Stealth Rock\n|move|p1a: Hate rain :(|Knock Off|p2a: Ferrothorn\n|-damage|p2a: Ferrothorn|84\/100\n|-damage|p1a: Hate rain :(|88\/100|[from] ability: Iron Barbs|[of] p2a: Ferrothorn\n|-enditem|p2a: Ferrothorn|Figy Berry|[from] move: Knock Off|[of] p1a: Hate rain :(\n|\n|-heal|p1a: Hate rain :(|94\/100|[from] item: Leftovers\n|upkeep\n|turn|3\n|\n|move|p2a: Ferrothorn|Knock Off|p1a: Hate rain :(\n|-damage|p1a: Hate rain :(|80\/100\n|-damage|p2a: Ferrothorn|71\/100|[from] ability: Iron Barbs|[of] p1a: Hate rain :(\n|-enditem|p1a: Hate rain :(|Leftovers|[from] move: Knock Off|[of] p2a: Ferrothorn\n|move|p1a: Hate rain :(|Spikes|p2a: Ferrothorn\n|-sidestart|p2: Double Biceps|Spikes\n|\n|upkeep\n|turn|4\n|\n|move|p2a: Ferrothorn|Spikes|p1a: Hate rain :(\n|-sidestart|p1: Ban lando t guy jk|Spikes\n|move|p1a: Hate rain :(|Knock Off|p2a: Ferrothorn\n|-damage|p2a: Ferrothorn|61\/100\n|-damage|p1a: Hate rain :(|68\/100|[from] ability: Iron Barbs|[of] p2a: Ferrothorn\n|\n|upkeep\n|turn|5\n|\n|move|p2a: Ferrothorn|Spikes|p1a: Hate rain :(\n|-sidestart|p1: Ban lando t guy jk|Spikes\n|move|p1a: Hate rain :(|Spikes|p2a: Ferrothorn\n|-sidestart|p2: Double Biceps|Spikes\n|\n|upkeep\n|turn|6\n|\n|move|p2a: Ferrothorn|Spikes|p1a: Hate rain :(\n|-sidestart|p1: Ban lando t guy jk|Spikes\n|move|p1a: Hate rain :(|Spikes|p2a: Ferrothorn\n|-sidestart|p2: Double Biceps|Spikes\n|\n|upkeep\n|turn|7\n|\n|move|p2a: Ferrothorn|Knock Off|p1a: Hate rain :(\n|-damage|p1a: Hate rain :(|59\/100\n|-damage|p2a: Ferrothorn|48\/100|[from] ability: Iron Barbs|[of] p1a: Hate rain :(\n|move|p1a: Hate rain :(|Knock Off|p2a: Ferrothorn\n|-damage|p2a: Ferrothorn|38\/100\n|-damage|p1a: Hate rain :(|47\/100|[from] ability: Iron Barbs|[of] p2a: Ferrothorn\n|\n|upkeep\n|turn|8\n|\n|switch|p1a: Speed OD|Tapu Koko|100\/100\n|-damage|p1a: Speed OD|88\/100|[from] Stealth Rock\n|-damage|p1a: Speed OD|63\/100|[from] Spikes\n|-fieldstart|move: Electric Terrain|[from] ability: Electric Surge|[of] p1a: Speed OD\n|move|p2a: Ferrothorn|Knock Off|p1a: Speed OD\n|-resisted|p1a: Speed OD\n|-damage|p1a: Speed OD|54\/100\n|\n|upkeep\n|turn|9\n|\n|switch|p2a: Swampert|Swampert, M|100\/100\n|-damage|p2a: Swampert|94\/100|[from] Stealth Rock\n|-damage|p2a: Swampert|69\/100|[from] Spikes\n|move|p1a: Speed OD|Taunt|p2a: Swampert\n|-start|p2a: Swampert|move: Taunt\n|\n|upkeep\n|turn|10\n|\n|detailschange|p2a: Swampert|Swampert-Mega, M\n|-mega|p2a: Swampert|Swampert|Swampertite\n|-zpower|p1a: Speed OD\n|move|p1a: Speed OD|Twinkle Tackle|p2a: Swampert|[zeffect]\n|-damage|p2a: Swampert|7\/100\n|move|p2a: Swampert|Earthquake|p1a: Speed OD\n|-supereffective|p1a: Speed OD\n|-damage|p1a: Speed OD|0 fnt\n|faint|p1a: Speed OD\n|\n|upkeep\n|\n|switch|p1a: Copypaste|Hawlucha, M|100\/100\n|-damage|p1a: Copypaste|88\/100|[from] Stealth Rock\n|-enditem|p1a: Copypaste|Electric Seed\n|-boost|p1a: Copypaste|def|1\n|turn|11\n|\n|move|p1a: Copypaste|Swords Dance|p1a: Copypaste\n|-boost|p1a: Copypaste|atk|2\n|move|p2a: Swampert|Ice Punch|p1a: Copypaste\n|-supereffective|p1a: Copypaste\n|-damage|p1a: Copypaste|31\/100\n|\n|-end|p2a: Swampert|move: Taunt\n|upkeep\n|turn|12\n|\n|move|p1a: Copypaste|Roost|p1a: Copypaste\n|-heal|p1a: Copypaste|81\/100\n|-singleturn|p1a: Copypaste|move: Roost\n|move|p2a: Swampert|Ice Punch|p1a: Copypaste\n|-damage|p1a: Copypaste|56\/100\n|\n|-fieldend|move: Electric Terrain\n|upkeep\n|turn|13\n|\n|move|p1a: Copypaste|Roost|p1a: Copypaste\n|-heal|p1a: Copypaste|100\/100\n|-singleturn|p1a: Copypaste|move: Roost\n|move|p2a: Swampert|Ice Punch|p1a: Copypaste\n|-damage|p1a: Copypaste|74\/100\n|\n|upkeep\n|turn|14\n|\n|move|p1a: Copypaste|Acrobatics|p2a: Swampert\n|-damage|p2a: Swampert|0 fnt\n|faint|p2a: Swampert\n|\n|upkeep\n|\n|switch|p2a: Pelipper|Pelipper, F|100\/100\n|-damage|p2a: Pelipper|76\/100|[from] Stealth Rock\n|-weather|RainDance|[from] ability: Drizzle|[of] p2a: Pelipper\n|turn|15\n|\n|switch|p2a: Ferrothorn|Ferrothorn, M|38\/100\n|-damage|p2a: Ferrothorn|32\/100|[from] Stealth Rock\n|-damage|p2a: Ferrothorn|7\/100|[from] Spikes\n|move|p1a: Copypaste|Acrobatics|p2a: Ferrothorn\n|-damage|p2a: Ferrothorn|0 fnt\n|-damage|p1a: Copypaste|62\/100|[from] ability: Iron Barbs|[of] p2a: Ferrothorn\n|faint|p2a: Ferrothorn\n|\n|-weather|RainDance|[upkeep]\n|upkeep\n|\n|switch|p2a: Tornadus|Tornadus-Therian, M|100\/100\n|-damage|p2a: Tornadus|76\/100|[from] Stealth Rock\n|turn|16\n|\n|move|p1a: Copypaste|Acrobatics|p2a: Tornadus\n|-damage|p2a: Tornadus|0 fnt\n|-damage|p1a: Copypaste|45\/100|[from] item: Rocky Helmet|[of] p2a: Tornadus\n|faint|p2a: Tornadus\n|\n|-weather|RainDance|[upkeep]\n|upkeep\n|\n|switch|p2a: Greninja|Greninja, M|100\/100\n|-damage|p2a: Greninja|76\/100|[from] Spikes\n|-damage|p2a: Greninja|63\/100|[from] Stealth Rock\n|turn|17\n|\n|switch|p1a: Nappy is trash|Pelipper, F|100\/100\n|-damage|p1a: Nappy is trash|76\/100|[from] Stealth Rock\n|move|p2a: Greninja|Water Shuriken|p1a: Nappy is trash\n|-resisted|p1a: Nappy is trash\n|-damage|p1a: Nappy is trash|68\/100\n|-resisted|p1a: Nappy is trash\n|-damage|p1a: Nappy is trash|59\/100\n|-resisted|p1a: Nappy is trash\n|-damage|p1a: Nappy is trash|50\/100\n|-hitcount|p1a: Nappy is trash|3\n|\n|-weather|RainDance|[upkeep]\n|upkeep\n|turn|18\n|\n|move|p2a: Greninja|Water Shuriken|p1a: Nappy is trash\n|-resisted|p1a: Nappy is trash\n|-damage|p1a: Nappy is trash|42\/100\n|-resisted|p1a: Nappy is trash\n|-damage|p1a: Nappy is trash|34\/100\n|-resisted|p1a: Nappy is trash\n|-damage|p1a: Nappy is trash|27\/100\n|-hitcount|p1a: Nappy is trash|3\n|move|p1a: Nappy is trash|Roost|p1a: Nappy is trash\n|-heal|p1a: Nappy is trash|77\/100\n|-singleturn|p1a: Nappy is trash|move: Roost\n|\n|-weather|RainDance|[upkeep]\n|upkeep\n|turn|19\n|\n|switch|p2a: Pelipper|Pelipper, F|76\/100\n|-damage|p2a: Pelipper|51\/100|[from] Stealth Rock\n|move|p1a: Nappy is trash|Roost|p1a: Nappy is trash\n|-heal|p1a: Nappy is trash|100\/100\n|-singleturn|p1a: Nappy is trash|move: Roost\n|\n|-weather|RainDance|[upkeep]\n|upkeep\n|turn|20\n|\n|move|p1a: Nappy is trash|Defog|p2a: Pelipper\n|-unboost|p2a: Pelipper|evasion|1\n|-sideend|p2: Double Biceps|Spikes|[from] move: Defog|[of] p1a: Nappy is trash\n|-sideend|p2: Double Biceps|Stealth Rock|[from] move: Defog|[of] p1a: Nappy is trash\n|-sideend|p1: Ban lando t guy jk|Spikes|[from] move: Defog|[of] p1a: Nappy is trash\n|-sideend|p1: Ban lando t guy jk|Stealth Rock|[from] move: Defog|[of] p1a: Nappy is trash\n|move|p2a: Pelipper|Roost|p2a: Pelipper\n|-heal|p2a: Pelipper|100\/100\n|-singleturn|p2a: Pelipper|move: Roost\n|\n|-weather|RainDance|[upkeep]\n|upkeep\n|turn|21\n|\n|move|p1a: Nappy is trash|Scald|p2a: Pelipper\n|-resisted|p2a: Pelipper\n|-damage|p2a: Pelipper|74\/100\n|move|p2a: Pelipper|U-turn|p1a: Nappy is trash\n|-resisted|p1a: Nappy is trash\n|-damage|p1a: Nappy is trash|96\/100\n|\n|switch|p2a: Manaphy|Manaphy|100\/100|[from]move: U-turn\n|\n|-weather|RainDance|[upkeep]\n|upkeep\n|turn|22\n|\n|switch|p1a: Swamp Thing|Swampert, M|100\/100\n|move|p2a: Manaphy|Psychic|p1a: Swamp Thing\n|-crit|p1a: Swamp Thing\n|-damage|p1a: Swamp Thing|53\/100\n|\n|-weather|none\n|upkeep\n|turn|23\n|\n|detailschange|p1a: Swamp Thing|Swampert-Mega, M\n|-mega|p1a: Swamp Thing|Swampert|Swampertite\n|move|p2a: Manaphy|Surf|p1a: Swamp Thing\n|-damage|p1a: Swamp Thing|15\/100\n|move|p1a: Swamp Thing|Earthquake|p2a: Manaphy\n|-damage|p2a: Manaphy|51\/100\n|\n|upkeep\n|turn|24\n|\n|switch|p2a: Pelipper|Pelipper, F|74\/100\n|-weather|RainDance|[from] ability: Drizzle|[of] p2a: Pelipper\n|move|p1a: Swamp Thing|Earthquake|p2a: Pelipper\n|-immune|p2a: Pelipper\n|\n|-weather|RainDance|[upkeep]\n|upkeep\n|turn|25\n|\n|move|p1a: Swamp Thing|Waterfall|p2a: Pelipper\n|-resisted|p2a: Pelipper\n|-damage|p2a: Pelipper|45\/100\n|cant|p2a: Pelipper|flinch\n|\n|-weather|RainDance|[upkeep]\n|upkeep\n|turn|26\n|\n|move|p1a: Swamp Thing|Waterfall|p2a: Pelipper\n|-resisted|p2a: Pelipper\n|-damage|p2a: Pelipper|16\/100\n|move|p2a: Pelipper|U-turn|p1a: Swamp Thing\n|-damage|p1a: Swamp Thing|6\/100\n|\n|switch|p2a: Greninja|Greninja, M|63\/100|[from]move: U-turn\n|\n|-weather|RainDance|[upkeep]\n|upkeep\n|turn|27\n|\n|switch|p1a: Nappy is trash|Pelipper, F|96\/100\n|switch|p2a: Manaphy|Manaphy|51\/100\n|\n|-weather|RainDance|[upkeep]\n|upkeep\n|turn|28\n|\n|switch|p1a: Swamp Thing|Swampert-Mega, M|6\/100\n|move|p2a: Manaphy|Rest|p2a: Manaphy\n|-status|p2a: Manaphy|slp|[from] move: Rest\n|-heal|p2a: Manaphy|100\/100 slp|[silent]\n|\n|-weather|RainDance|[upkeep]\n|-activate|p2a: Manaphy|ability: Hydration\n|-curestatus|p2a: Manaphy|slp|[msg]\n|upkeep\n|turn|29\n|\n|switch|p2a: Pelipper|Pelipper, F|16\/100\n|move|p1a: Swamp Thing|Earthquake|p2a: Pelipper\n|-immune|p2a: Pelipper\n|\n|-weather|RainDance|[upkeep]\n|upkeep\n|turn|30\n|\n|move|p1a: Swamp Thing|Waterfall|p2a: Pelipper\n|-resisted|p2a: Pelipper\n|-damage|p2a: Pelipper|0 fnt\n|faint|p2a: Pelipper\n|\n|-weather|RainDance|[upkeep]\n|upkeep\n|\n|switch|p2a: Greninja|Greninja, M|63\/100\n|turn|31\n|\n|switch|p1a: Nappy is trash|Pelipper, F|96\/100\n|move|p2a: Greninja|Dark Pulse|p1a: Nappy is trash\n|-damage|p1a: Nappy is trash|35\/100\n|\n|-weather|none\n|upkeep\n|turn|32\n|\n|switch|p1a: Copypaste|Hawlucha, M|45\/100\n|move|p2a: Greninja|Dark Pulse|p1a: Copypaste\n|-resisted|p1a: Copypaste\n|-damage|p1a: Copypaste|3\/100\n|\n|upkeep\n|turn|33\n|\n|move|p2a: Greninja|Dark Pulse|p1a: Copypaste\n|-resisted|p1a: Copypaste\n|-damage|p1a: Copypaste|0 fnt\n|faint|p1a: Copypaste\n|-activate|p2a: Greninja|ability: Battle Bond\n|detailschange|p2a: Greninja|Greninja-Ash, M\n|\n|upkeep\n|\n|switch|p1a: Wolverine|Kartana|100\/100\n|turn|34\n|\n|switch|p2a: Manaphy|Manaphy|100\/100\n|move|p1a: Wolverine|Leaf Blade|p2a: Manaphy\n|-supereffective|p2a: Manaphy\n|-damage|p2a: Manaphy|5\/100\n|\n|upkeep\n|turn|35\n|\n|move|p1a: Wolverine|Leaf Blade|p2a: Manaphy\n|-supereffective|p2a: Manaphy\n|-damage|p2a: Manaphy|0 fnt\n|faint|p2a: Manaphy\n|-ability|p1a: Wolverine|Beast Boost|boost\n|-boost|p1a: Wolverine|atk|1\n|\n|upkeep\n|\n|switch|p2a: Greninja|Greninja-Ash, M|63\/100\n|turn|36\n|\n|move|p2a: Greninja|Water Shuriken|p1a: Wolverine\n|-resisted|p1a: Wolverine\n|-damage|p1a: Wolverine|73\/100\n|-resisted|p1a: Wolverine\n|-damage|p1a: Wolverine|45\/100\n|-resisted|p1a: Wolverine\n|-damage|p1a: Wolverine|15\/100\n|-hitcount|p1a: Wolverine|3\n|move|p1a: Wolverine|Leaf Blade|p2a: Greninja\n|-supereffective|p2a: Greninja\n|-damage|p2a: Greninja|0 fnt\n|faint|p2a: Greninja\n|\n|win|Ban lando t guy jk\n|raw|Ban lando t guy jk's rating: 1733 &rarr; <strong>1749<\/strong><br \/>(+16 for winning)\n|raw|Double Biceps's rating: 1678 &rarr; <strong>1661<\/strong><br \/>(-17 for losing)\n|c|\u2606Double Biceps|Gg\n|c|\u2606Ban lando t guy jk|Gg\n|l|\u2606Ban lando t guy jk\n","uploadtime":1564933591,"views":41,"p1id":"banlandotguyjk","p2id":"doublebiceps","formatid":"gen7ou","rating":1661,"private":0,"password":null}