{"id":"gen7ou-920691660","p1":"HQSFun","p2":"bobosok","format":"gen7ou","log":"|j|\u2606HQSFun\n|j|\u2606bobosok\n|player|p1|HQSFun|260\n|player|p2|bobosok|16\n|teamsize|p1|6\n|teamsize|p2|6\n|gametype|singles\n|gen|7\n|tier|[Gen 7] OU\n|rated|\n|rule|Sleep Clause Mod: Limit one foe put to sleep\n|rule|Species Clause: Limit one of each Pok\u00e9mon\n|rule|OHKO Clause: OHKO moves are banned\n|rule|Moody Clause: Moody is banned\n|rule|Evasion Moves Clause: Evasion moves are banned\n|rule|Endless Battle Clause: Forcing endless battles is banned\n|rule|HP Percentage Mod: HP is shown in percentages\n|clearpoke\n|poke|p1|Alakazam, M|item\n|poke|p1|Tapu Lele|item\n|poke|p1|Kartana|item\n|poke|p1|Greninja, M|item\n|poke|p1|Landorus-Therian, M|item\n|poke|p1|Magearna|item\n|poke|p2|Buzzwole|item\n|poke|p2|Celesteela|item\n|poke|p2|Alakazam, M|item\n|poke|p2|Toxapex, M|item\n|poke|p2|Landorus-Therian, M|item\n|poke|p2|Heatran, F|item\n|teampreview\n|inactive|Battle timer is ON: inactive players will automatically lose when time's up. (requested by bobosok)\n|\n|start\n|switch|p1a: Landorus|Landorus-Therian, M|382\/382\n|switch|p2a: Landorus|Landorus-Therian, M|335\/335\n|-ability|p2a: Landorus|Intimidate|boost\n|-unboost|p1a: Landorus|atk|1\n|-ability|p1a: Landorus|Intimidate|boost\n|-unboost|p2a: Landorus|atk|1\n|turn|1\n|\n|move|p2a: Landorus|Knock Off|p1a: Landorus\n|-damage|p1a: Landorus|319\/382\n|-damage|p2a: Landorus|280\/335|[from] item: Rocky Helmet|[of] p1a: Landorus\n|-enditem|p1a: Landorus|Rocky Helmet|[from] move: Knock Off|[of] p2a: Landorus\n|move|p1a: Landorus|Stealth Rock|p2a: Landorus\n|-sidestart|p2: bobosok|move: Stealth Rock\n|\n|upkeep\n|turn|2\n|\n|switch|p2a: Celesteela|Celesteela|397\/397\n|-damage|p2a: Celesteela|348\/397|[from] Stealth Rock\n|move|p1a: Landorus|U-turn|p2a: Celesteela\n|-resisted|p2a: Celesteela\n|-damage|p2a: Celesteela|338\/397\n|\n|switch|p1a: Magearna|Magearna|363\/363\n|\n|-heal|p2a: Celesteela|362\/397|[from] item: Leftovers\n|upkeep\n|turn|3\n|\n|move|p2a: Celesteela|Leech Seed|p1a: Magearna\n|-start|p1a: Magearna|move: Leech Seed\n|move|p1a: Magearna|Volt Switch|p2a: Celesteela\n|-supereffective|p2a: Celesteela\n|-damage|p2a: Celesteela|252\/397\n|\n|switch|p1a: Greninja|Greninja, M|285\/285\n|\n|-heal|p2a: Celesteela|276\/397|[from] item: Leftovers\n|upkeep\n|turn|4\n|\n|move|p1a: Greninja|Spikes|p2a: Celesteela\n|-sidestart|p2: bobosok|Spikes\n|move|p2a: Celesteela|Leech Seed|p1a: Greninja\n|-start|p1a: Greninja|move: Leech Seed\n|\n|-heal|p2a: Celesteela|300\/397|[from] item: Leftovers\n|-damage|p1a: Greninja|250\/285|[from] Leech Seed|[of] p2a: Celesteela\n|-heal|p2a: Celesteela|335\/397|[silent]\n|upkeep\n|turn|5\n|\n|switch|p1a: Magearna|Magearna|363\/363\n|move|p2a: Celesteela|Heavy Slam|p1a: Magearna\n|-damage|p1a: Magearna|240\/363\n|\n|-heal|p2a: Celesteela|359\/397|[from] item: Leftovers\n|upkeep\n|turn|6\n|\n|switch|p2a: Landorus|Landorus-Therian, M|280\/335\n|-damage|p2a: Landorus|239\/335|[from] Stealth Rock\n|-ability|p2a: Landorus|Intimidate|boost\n|-unboost|p1a: Magearna|atk|1\n|move|p1a: Magearna|Volt Switch|p2a: Landorus\n|-immune|p2a: Landorus\n|\n|upkeep\n|turn|7\n|\n|switch|p1a: Landorus|Landorus-Therian, M|319\/382\n|-ability|p1a: Landorus|Intimidate|boost\n|-unboost|p2a: Landorus|atk|1\n|move|p2a: Landorus|Knock Off|p1a: Landorus\n|-damage|p1a: Landorus|272\/382\n|\n|upkeep\n|turn|8\n|\n|switch|p2a: Celesteela|Celesteela|359\/397\n|-damage|p2a: Celesteela|310\/397|[from] Stealth Rock\n|move|p1a: Landorus|U-turn|p2a: Celesteela\n|-resisted|p2a: Celesteela\n|-damage|p2a: Celesteela|294\/397\n|\n|switch|p1a: Magearna|Magearna|240\/363\n|\n|-heal|p2a: Celesteela|318\/397|[from] item: Leftovers\n|upkeep\n|turn|9\n|\n|move|p2a: Celesteela|Leech Seed|p1a: Magearna\n|-start|p1a: Magearna|move: Leech Seed\n|move|p1a: Magearna|Volt Switch|p2a: Celesteela\n|-supereffective|p2a: Celesteela\n|-damage|p2a: Celesteela|206\/397\n|\n|switch|p1a: Greninja|Greninja, M|250\/285\n|\n|-heal|p2a: Celesteela|230\/397|[from] item: Leftovers\n|upkeep\n|turn|10\n|\n|move|p1a: Greninja|Hydro Pump|p2a: Celesteela\n|-damage|p2a: Celesteela|38\/397\n|move|p2a: Celesteela|Leech Seed|p1a: Greninja\n|-start|p1a: Greninja|move: Leech Seed\n|\n|-heal|p2a: Celesteela|62\/397|[from] item: Leftovers\n|-damage|p1a: Greninja|215\/285|[from] Leech Seed|[of] p2a: Celesteela\n|-heal|p2a: Celesteela|97\/397|[silent]\n|upkeep\n|turn|11\n|\n|switch|p1a: Tapu Lele|Tapu Lele|281\/281\n|-fieldstart|move: Psychic Terrain|[from] ability: Psychic Surge|[of] p1a: Tapu Lele\n|move|p2a: Celesteela|Protect||[still]\n|-fail|p2a: Celesteela\n|\n|-heal|p2a: Celesteela|121\/397|[from] item: Leftovers\n|upkeep\n|turn|12\n|\n|-zpower|p1a: Tapu Lele\n|move|p1a: Tapu Lele|Shattered Psyche|p2a: Celesteela|[zeffect]\n|-resisted|p2a: Celesteela\n|-damage|p2a: Celesteela|0 fnt\n|faint|p2a: Celesteela\n|\n|upkeep\n|\n|switch|p2a: Landorus|Landorus-Therian, M|239\/335\n|-damage|p2a: Landorus|198\/335|[from] Stealth Rock\n|-ability|p2a: Landorus|Intimidate|boost\n|-unboost|p1a: Tapu Lele|atk|1\n|turn|13\n|\n|move|p2a: Landorus|Defog|p1a: Tapu Lele\n|-unboost|p1a: Tapu Lele|evasion|1\n|-sideend|p2: bobosok|Spikes|[from] move: Defog|[of] p2a: Landorus\n|-sideend|p2: bobosok|Stealth Rock|[from] move: Defog|[of] p2a: Landorus\n|move|p1a: Tapu Lele|Psyshock|p2a: Landorus\n|-damage|p2a: Landorus|0 fnt\n|faint|p2a: Landorus\n|\n|upkeep\n|\n|switch|p2a: Heatran|Heatran, F|383\/383\n|turn|14\n|\n|switch|p1a: Greninja|Greninja, M|215\/285\n|move|p2a: Heatran|Stealth Rock|p1a: Greninja\n|-sidestart|p1: HQSFun|move: Stealth Rock\n|\n|upkeep\n|turn|15\n|\n|move|p1a: Greninja|Spikes|p2a: Heatran\n|-sidestart|p2: bobosok|Spikes\n|move|p2a: Heatran|Magma Storm|p1a: Greninja|[miss]\n|-miss|p2a: Heatran|p1a: Greninja\n|\n|-fieldend|move: Psychic Terrain\n|upkeep\n|turn|16\n|\n|switch|p2a: Alakazam|Alakazam, M|251\/251\n|move|p1a: Greninja|Spikes|p2a: Alakazam\n|-sidestart|p2: bobosok|Spikes\n|\n|upkeep\n|turn|17\n|\n|switch|p1a: Magearna|Magearna|240\/363\n|-damage|p1a: Magearna|218\/363|[from] Stealth Rock\n|detailschange|p2a: Alakazam|Alakazam-Mega, M\n|-mega|p2a: Alakazam|Alakazam|Alakazite\n|-ability|p2a: Alakazam|Soul-Heart|[from] ability: Trace|[of] p1a: Magearna\n|move|p2a: Alakazam|Focus Blast|p1a: Magearna\n|-damage|p1a: Magearna|134\/363\n|\n|upkeep\n|turn|18\n|\n|move|p2a: Alakazam|Focus Blast|p1a: Magearna|[miss]\n|-miss|p2a: Alakazam|p1a: Magearna\n|move|p1a: Magearna|Volt Switch|p2a: Alakazam\n|-damage|p2a: Alakazam|180\/251\n|\n|switch|p1a: Kartana|Kartana|259\/259\n|-damage|p1a: Kartana|243\/259|[from] Stealth Rock\n|\n|upkeep\n|turn|19\n|\n|move|p1a: Kartana|Knock Off|p2a: Alakazam\n|-supereffective|p2a: Alakazam\n|-damage|p2a: Alakazam|0 fnt\n|faint|p2a: Alakazam\n|-ability|p1a: Kartana|Beast Boost|boost\n|-boost|p1a: Kartana|atk|1\n|\n|upkeep\n|-message|bobosok forfeited.\n|\n|win|HQSFun\n|l|\u2606bobosok\n","uploadtime":1559456629,"views":5,"p1id":"hqsfun","p2id":"bobosok","formatid":"gen7ou","rating":0,"private":0,"password":null}