{"id":"gen7randombattle-565043089","p1":"gekkouga2000","p2":"therockcena","format":"gen7randombattle","log":"|j|gekkouga2000\n|j|therockcena\n|player|p1|gekkouga2000|209\n|player|p2|therockcena|1\n|gametype|singles\n|gen|7\n|tier|[Gen 7] Random Battle\n|rated\n|seed|23243,9083,16183,63618,61462,12034,40808,65028,30857,65197,22653,35323\n|rule|Sleep Clause Mod: Limit one foe put to sleep\n|rule|HP Percentage Mod: HP is shown in percentages\n|\n|start\n|switch|p1a: Venomoth|Venomoth, L78, M|100\/100\n|switch|p2a: Unown|Unown|100\/100\n|turn|1\n|choice|move sleeppowder|move hiddenpower\n|\n|move|p1a: Venomoth|Sleep Powder|p2a: Unown\n|-status|p2a: Unown|slp\n|cant|p2a: Unown|slp\n|\n|upkeep\n|turn|2\n|choice|move quiverdance|move hiddenpower\n|\n|move|p1a: Venomoth|Quiver Dance|p1a: Venomoth\n|-boost|p1a: Venomoth|spa|1\n|-boost|p1a: Venomoth|spd|1\n|-boost|p1a: Venomoth|spe|1\n|cant|p2a: Unown|slp\n|\n|upkeep\n|turn|3\n|choice|move quiverdance|switch 2\n|\n|switch|p2a: Ambipom|Ambipom, L79, M|100\/100\n|move|p1a: Venomoth|Quiver Dance|p1a: Venomoth\n|-boost|p1a: Venomoth|spa|1\n|-boost|p1a: Venomoth|spd|1\n|-boost|p1a: Venomoth|spe|1\n|\n|upkeep\n|turn|4\n|choice|move sleeppowder|move switcheroo\n|\n|move|p1a: Venomoth|Sleep Powder|p2a: Ambipom\n|-message|Sleep Clause Mod activated.\n|move|p2a: Ambipom|Switcheroo|p1a: Venomoth\n|-activate|p2a: Ambipom|move: Trick|[of] p1a: Venomoth\n|-item|p1a: Venomoth|Choice Band|[from] move: Switcheroo\n|-item|p2a: Ambipom|Focus Sash|[from] move: Switcheroo\n|\n|upkeep\n|turn|5\n|choice|move batonpass|move return\n|\n|move|p1a: Venomoth|Baton Pass|p1a: Venomoth\n|choice|switch 5|\n|\n|switch|p1a: Slowbro|Slowbro, L76, M|100\/100\n|move|p2a: Ambipom|Return|p1a: Slowbro\n|-damage|p1a: Slowbro|69\/100\n|\n|upkeep\n|turn|6\n|choice|move psyshock mega|move knockoff\n|\n|detailschange|p1a: Slowbro|Slowbro-Mega, L76, M\n|-mega|p1a: Slowbro|Slowbro|Slowbronite\n|move|p2a: Ambipom|Knock Off|p1a: Slowbro\n|-supereffective|p1a: Slowbro\n|-damage|p1a: Slowbro|50\/100\n|move|p1a: Slowbro|Psyshock|p2a: Ambipom\n|-damage|p2a: Ambipom|15\/100\n|\n|upkeep\n|turn|7\n|choice|move scald|move return\n|\n|move|p2a: Ambipom|Return|p1a: Slowbro\n|-damage|p1a: Slowbro|29\/100\n|move|p1a: Slowbro|Scald|p2a: Ambipom\n|-crit|p2a: Ambipom\n|-damage|p2a: Ambipom|0 fnt\n|faint|p2a: Ambipom\n|\n|upkeep\n|choice||switch 3\n|\n|switch|p2a: Jolteon|Jolteon, L79, F|100\/100\n|turn|8\n|choice|move fireblast|move thunderbolt\n|\n|move|p2a: Jolteon|Thunderbolt|p1a: Slowbro\n|-supereffective|p1a: Slowbro\n|-damage|p1a: Slowbro|0 fnt\n|faint|p1a: Slowbro\n|\n|upkeep\n|choice|switch 3|\n|\n|switch|p1a: Avalugg|Avalugg, L79, F|100\/100\n|turn|9\n|choice|move toxic|move substitute\n|\n|move|p2a: Jolteon|Substitute|p2a: Jolteon\n|-start|p2a: Jolteon|Substitute\n|-damage|p2a: Jolteon|75\/100\n|move|p1a: Avalugg|Toxic|p2a: Jolteon\n|-fail|p2a: Jolteon\n|\n|-heal|p2a: Jolteon|82\/100|[from] item: Leftovers\n|upkeep\n|turn|10\n|choice|move roar|move thunderbolt\n|\n|move|p2a: Jolteon|Thunderbolt|p1a: Avalugg\n|-damage|p1a: Avalugg|47\/100\n|move|p1a: Avalugg|Roar|p2a: Jolteon\n|drag|p2a: Mantine|Mantine, L79, F|100\/100\n|\n|-heal|p1a: Avalugg|53\/100|[from] item: Leftovers\n|upkeep\n|turn|11\n|choice|move toxic|move toxic\n|\n|move|p2a: Mantine|Toxic|p1a: Avalugg\n|-status|p1a: Avalugg|tox\n|move|p1a: Avalugg|Toxic|p2a: Mantine\n|-status|p2a: Mantine|tox\n|\n|-heal|p1a: Avalugg|59\/100 tox|[from] item: Leftovers\n|-damage|p2a: Mantine|94\/100 tox|[from] psn\n|-damage|p1a: Avalugg|53\/100 tox|[from] psn\n|upkeep\n|turn|12\n|choice|move recover|switch 2\n|\n|switch|p2a: Unown|Unown|100\/100 slp\n|move|p1a: Avalugg|Recover|p1a: Avalugg\n|-heal|p1a: Avalugg|100\/100 tox\n|\n|-damage|p1a: Avalugg|88\/100 tox|[from] psn\n|upkeep\n|turn|13\n|choice|move avalanche|move hiddenpower\n|\n|cant|p2a: Unown|slp\n|move|p1a: Avalugg|Avalanche|p2a: Unown\n|-damage|p2a: Unown|65\/100 slp\n|\n|-heal|p1a: Avalugg|94\/100 tox|[from] item: Leftovers\n|-damage|p1a: Avalugg|76\/100 tox|[from] psn\n|upkeep\n|turn|14\n|choice|move avalanche|move hiddenpower\n|\n|-curestatus|p2a: Unown|slp|[msg]\n|move|p2a: Unown|Hidden Power|p1a: Avalugg\n|-damage|p1a: Avalugg|8\/100 tox\n|move|p1a: Avalugg|Avalanche|p2a: Unown\n|-damage|p2a: Unown|5\/100\n|\n|-heal|p1a: Avalugg|14\/100 tox|[from] item: Leftovers\n|-damage|p1a: Avalugg|0 fnt|[from] psn\n|upkeep\n|faint|p1a: Avalugg\n|choice|switch 2|\n|\n|switch|p1a: Goodra|Goodra, L79, F|100\/100\n|turn|15\n|choice|move thunderbolt|move hiddenpower\n|\n|move|p1a: Goodra|Thunderbolt|p2a: Unown\n|-damage|p2a: Unown|0 fnt\n|faint|p2a: Unown\n|\n|upkeep\n|choice||switch 5\n|\n|switch|p2a: Pelipper|Pelipper, L75, M|100\/100\n|-weather|RainDance|[from] ability: Drizzle|[of] p2a: Pelipper\n|turn|16\n|choice|move thunderbolt|move toxic\n|\n|move|p1a: Goodra|Thunderbolt|p2a: Pelipper\n|-supereffective|p2a: Pelipper\n|-damage|p2a: Pelipper|0 fnt\n|faint|p2a: Pelipper\n|\n|-weather|RainDance|[upkeep]\n|upkeep\n|choice||switch 6\n|\n|switch|p2a: Throh|Throh, L79, M|100\/100\n|turn|17\n|choice|move dracometeor|move knockoff\n|\n|move|p1a: Goodra|Draco Meteor|p2a: Throh\n|-damage|p2a: Throh|56\/100\n|-unboost|p1a: Goodra|spa|2\n|move|p2a: Throh|Knock Off|p1a: Goodra\n|-damage|p1a: Goodra|73\/100\n|-enditem|p1a: Goodra|Assault Vest|[from] move: Knock Off|[of] p2a: Throh\n|\n|-weather|RainDance|[upkeep]\n|-status|p2a: Throh|brn|[from] item: Flame Orb\n|upkeep\n|turn|18\n|choice|move thunderbolt|move icepunch\n|\n|move|p1a: Goodra|Thunderbolt|p2a: Throh\n|-damage|p2a: Throh|46\/100 brn\n|move|p2a: Throh|Ice Punch|p1a: Goodra\n|-supereffective|p1a: Goodra\n|-damage|p1a: Goodra|9\/100\n|\n|-weather|RainDance|[upkeep]\n|-damage|p2a: Throh|40\/100 brn|[from] brn\n|upkeep\n|turn|19\n|choice|move dragontail|move icepunch\n|\n|move|p2a: Throh|Ice Punch|p1a: Goodra\n|-supereffective|p1a: Goodra\n|-damage|p1a: Goodra|0 fnt\n|faint|p1a: Goodra\n|\n|-weather|RainDance|[upkeep]\n|-damage|p2a: Throh|34\/100 brn|[from] brn\n|upkeep\n|choice|switch 4|\n|\n|switch|p1a: Hariyama|Hariyama, L79, M|100\/100\n|turn|20\n|choice|move icepunch|move knockoff\n|\n|move|p1a: Hariyama|Ice Punch|p2a: Throh\n|-damage|p2a: Throh|0 fnt\n|faint|p2a: Throh\n|\n|-weather|none\n|upkeep\n|choice||switch 2\n|\n|switch|p2a: Mantine|Mantine, L79, F|94\/100 tox\n|turn|21\n|choice|move stoneedge|move toxic\n|\n|move|p2a: Mantine|Toxic|p1a: Hariyama|[miss]\n|-miss|p2a: Mantine|p1a: Hariyama\n|move|p1a: Hariyama|Stone Edge|p2a: Mantine\n|-supereffective|p2a: Mantine\n|-damage|p2a: Mantine|0 fnt\n|-damage|p1a: Hariyama|91\/100|[from] item: Life Orb\n|faint|p2a: Mantine\n|\n|upkeep\n|choice||switch 4\n|\n|switch|p2a: Jolteon|Jolteon, L79, F|82\/100\n|turn|22\n|choice|move stoneedge|move substitute\n|\n|move|p2a: Jolteon|Substitute|p2a: Jolteon\n|-start|p2a: Jolteon|Substitute\n|-damage|p2a: Jolteon|57\/100\n|move|p1a: Hariyama|Stone Edge|p2a: Jolteon\n|-end|p2a: Jolteon|Substitute\n|-damage|p1a: Hariyama|81\/100|[from] item: Life Orb\n|\n|-heal|p2a: Jolteon|63\/100|[from] item: Leftovers\n|upkeep\n|turn|23\n|choice|move bulletpunch|move substitute\n|\n|move|p1a: Hariyama|Bullet Punch|p2a: Jolteon\n|-resisted|p2a: Jolteon\n|-damage|p2a: Jolteon|50\/100\n|-damage|p1a: Hariyama|71\/100|[from] item: Life Orb\n|move|p2a: Jolteon|Substitute|p2a: Jolteon\n|-start|p2a: Jolteon|Substitute\n|-damage|p2a: Jolteon|25\/100\n|\n|-heal|p2a: Jolteon|31\/100|[from] item: Leftovers\n|upkeep\n|turn|24\n|choice|move icepunch|move thunderbolt\n|\n|move|p2a: Jolteon|Thunderbolt|p1a: Hariyama\n|-damage|p1a: Hariyama|36\/100\n|move|p1a: Hariyama|Ice Punch|p2a: Jolteon\n|-end|p2a: Jolteon|Substitute\n|\n|-heal|p2a: Jolteon|37\/100|[from] item: Leftovers\n|upkeep\n|turn|25\n|choice|move icepunch|move thunderbolt\n|\n|move|p2a: Jolteon|Thunderbolt|p1a: Hariyama\n|-damage|p1a: Hariyama|1\/100\n|move|p1a: Hariyama|Ice Punch|p2a: Jolteon\n|-damage|p2a: Jolteon|0 fnt\n|faint|p2a: Jolteon\n|\n|win|gekkouga2000\n|l|therockcena","inputlog":null,"uploadtime":1492801123,"views":0,"p1id":"gekkouga2000","p2id":"therockcena","formatid":"gen7randombattle","rating":0,"private":0,"password":null}