{"id":"gen7ou-976371443","p1":"Walletinspector62","p2":"DomTom22","format":"gen7ou","log":"|j|\u2606Walletinspector62\n|j|\u2606DomTom22\n|player|p1|Walletinspector62|266|\n|player|p2|DomTom22|92|\n|teamsize|p1|6\n|teamsize|p2|6\n|gametype|singles\n|gen|7\n|tier|[Gen 7] OU\n|rule|Sleep Clause Mod: Limit one foe put to sleep\n|rule|Species Clause: Limit one of each Pok\u00e9mon\n|rule|OHKO Clause: OHKO moves are banned\n|rule|Moody Clause: Moody is banned\n|rule|Evasion Moves Clause: Evasion moves are banned\n|rule|Endless Battle Clause: Forcing endless battles is banned\n|rule|HP Percentage Mod: HP is shown in percentages\n|clearpoke\n|poke|p1|Donphan, M|item\n|poke|p1|Gyarados, M|item\n|poke|p1|Kartana|item\n|poke|p1|Victini|item\n|poke|p1|Ninetales-Alola, F|item\n|poke|p1|Zapdos|item\n|poke|p2|Celesteela|item\n|poke|p2|Venusaur, F|item\n|poke|p2|Latios, M|item\n|poke|p2|Delphox, M|item\n|poke|p2|Throh, M|item\n|poke|p2|Florges, F|item\n|teampreview\n|c|\u2606DomTom22|gl!\n|c|\u2606Walletinspector62|Glhf\n|c|\u2606Walletinspector62|Also you gave through?\n|c|\u2606Walletinspector62|throh?\n|c|\u2606DomTom22|yup\n|c|\u2606DomTom22|first time using it in this league lol\n|l|\u2606Walletinspector62\n|player|p1|\n|j|\u2606Walletinspector62\n|player|p1|Walletinspector62|266\n|l|\u2606DomTom22\n|player|p2|\n|\n|start\n|switch|p1a: Gyarados|Gyarados, M, shiny|100\/100\n|switch|p2a: Venusaur|Venusaur, F|100\/100\n|-ability|p1a: Gyarados|Intimidate|boost\n|-unboost|p2a: Venusaur|atk|1\n|turn|1\n|j|\u2606DomTom22\n|player|p2|DomTom22|92\n|\n|switch|p1a: Vindeseil|Victini|100\/100\n|detailschange|p2a: Venusaur|Venusaur-Mega, F\n|-mega|p2a: Venusaur|Venusaur|Venusaurite\n|move|p2a: Venusaur|Energy Ball|p1a: Vindeseil\n|-resisted|p1a: Vindeseil\n|-damage|p1a: Vindeseil|82\/100\n|\n|-heal|p1a: Vindeseil|88\/100|[from] item: Leftovers\n|upkeep\n|turn|2\n|\n|switch|p2a: Delphox|Delphox, M|100\/100\n|move|p1a: Vindeseil|Substitute|p1a: Vindeseil\n|-start|p1a: Vindeseil|Substitute\n|-damage|p1a: Vindeseil|63\/100\n|\n|-heal|p1a: Vindeseil|69\/100|[from] item: Leftovers\n|upkeep\n|turn|3\n|\n|move|p2a: Delphox|Shadow Ball|p1a: Vindeseil\n|-supereffective|p1a: Vindeseil\n|-end|p1a: Vindeseil|Substitute\n|move|p1a: Vindeseil|Bolt Strike|p2a: Delphox\n|-damage|p2a: Delphox|50\/100\n|-damage|p1a: Vindeseil|53\/100|[from] item: Rocky Helmet|[of] p2a: Delphox\n|\n|-heal|p1a: Vindeseil|59\/100|[from] item: Leftovers\n|upkeep\n|turn|4\n|\n|switch|p1a: Reeses|Donphan, M, shiny|100\/100\n|move|p2a: Delphox|Shadow Ball|p1a: Reeses\n|-damage|p1a: Reeses|74\/100\n|-unboost|p1a: Reeses|spd|1\n|\n|upkeep\n|turn|5\n|\n|switch|p2a: Celesteela|Celesteela|100\/100\n|switch|p1a: Gyarados|Gyarados, M, shiny|100\/100\n|-ability|p1a: Gyarados|Intimidate|boost\n|-unboost|p2a: Celesteela|atk|1\n|\n|upkeep\n|turn|6\n|\n|detailschange|p1a: Gyarados|Gyarados-Mega, M, shiny\n|-mega|p1a: Gyarados|Gyarados|Gyaradosite\n|-ability|p1a: Gyarados|Mold Breaker\n|move|p1a: Gyarados|Dragon Dance|p1a: Gyarados\n|-boost|p1a: Gyarados|atk|1\n|-boost|p1a: Gyarados|spe|1\n|move|p2a: Celesteela|Leech Seed|p1a: Gyarados\n|-start|p1a: Gyarados|move: Leech Seed\n|\n|-damage|p1a: Gyarados|88\/100|[from] Leech Seed|[of] p2a: Celesteela\n|upkeep\n|turn|7\n|\n|move|p1a: Gyarados|Waterfall|p2a: Celesteela\n|-crit|p2a: Celesteela\n|-damage|p2a: Celesteela|2\/100\n|move|p2a: Celesteela|Substitute|p2a: Celesteela\n|-fail|p2a: Celesteela|move: Substitute|[weak]\n|\n|-heal|p2a: Celesteela|8\/100|[from] item: Leftovers\n|-damage|p1a: Gyarados|76\/100|[from] Leech Seed|[of] p2a: Celesteela\n|-heal|p2a: Celesteela|18\/100|[silent]\n|upkeep\n|turn|8\n|c|\u2606DomTom22|f thats a stupid crit\n|c|\u2606Walletinspector62|Oof sorry for hax\n|\n|move|p2a: Celesteela|Protect|p2a: Celesteela\n|-singleturn|p2a: Celesteela|Protect\n|move|p1a: Gyarados|Crunch|p2a: Celesteela\n|-activate|p2a: Celesteela|move: Protect\n|\n|-heal|p2a: Celesteela|24\/100|[from] item: Leftovers\n|-damage|p1a: Gyarados|63\/100|[from] Leech Seed|[of] p2a: Celesteela\n|-heal|p2a: Celesteela|34\/100|[silent]\n|upkeep\n|turn|9\n|\n|move|p2a: Celesteela|Protect||[still]\n|-fail|p2a: Celesteela\n|move|p1a: Gyarados|Crunch|p2a: Celesteela\n|-damage|p2a: Celesteela|0 fnt\n|faint|p2a: Celesteela\n|\n|upkeep\n|j| Nixority\n|\n|switch|p2a: Throh|Throh, M|100\/100\n|turn|10\n|\n|switch|p1a: Emma Frost|Ninetales-Alola, F, shiny|100\/100\n|-weather|Hail|[from] ability: Snow Warning|[of] p1a: Emma Frost\n|move|p2a: Throh|Brick Break|p1a: Emma Frost\n|-damage|p1a: Emma Frost|45\/100\n|\n|-weather|Hail|[upkeep]\n|-damage|p2a: Throh|94\/100|[from] Hail\n|-status|p2a: Throh|brn|[from] item: Flame Orb\n|upkeep\n|turn|11\n|\n|move|p1a: Emma Frost|Moonblast|p2a: Throh\n|-supereffective|p2a: Throh\n|-damage|p2a: Throh|35\/100 brn\n|move|p2a: Throh|Brick Break|p1a: Emma Frost\n|-damage|p1a: Emma Frost|0 fnt\n|faint|p1a: Emma Frost\n|\n|-weather|Hail|[upkeep]\n|-damage|p2a: Throh|29\/100 brn|[from] Hail\n|-damage|p2a: Throh|23\/100 brn|[from] brn\n|upkeep\n|\n|switch|p1a: Samurai Jack|Kartana, shiny|100\/100\n|turn|12\n|l| Nixority\n|j| Nixority\n|\n|switch|p2a: Florges|Florges, F|100\/100\n|move|p1a: Samurai Jack|Psycho Cut|p2a: Florges\n|-damage|p2a: Florges|72\/100\n|\n|-weather|Hail|[upkeep]\n|-damage|p1a: Samurai Jack|94\/100|[from] Hail\n|-damage|p2a: Florges|66\/100|[from] Hail\n|upkeep\n|turn|13\n|c|\u2606Walletinspector62|Bold\n|c| Nixority|Very disappointed, no Nicknames for Dom\u2019s side\n|c|\u2606DomTom22|shit i forgot rip\n|\n|switch|p1a: Vindeseil|Victini|59\/100\n|move|p2a: Florges|Hidden Power|p1a: Vindeseil\n|-resisted|p1a: Vindeseil\n|-damage|p1a: Vindeseil|52\/100\n|\n|-weather|Hail|[upkeep]\n|-damage|p1a: Vindeseil|45\/100|[from] Hail\n|-damage|p2a: Florges|60\/100|[from] Hail\n|-heal|p1a: Vindeseil|52\/100|[from] item: Leftovers\n|upkeep\n|turn|14\n|\n|switch|p2a: Delphox|Delphox, M|50\/100\n|move|p1a: Vindeseil|Substitute|p1a: Vindeseil\n|-start|p1a: Vindeseil|Substitute\n|-damage|p1a: Vindeseil|27\/100\n|\n|-weather|none\n|-heal|p1a: Vindeseil|33\/100|[from] item: Leftovers\n|upkeep\n|turn|15\n|\n|move|p2a: Delphox|Shadow Ball|p1a: Vindeseil\n|-supereffective|p1a: Vindeseil\n|-crit|p1a: Vindeseil\n|-end|p1a: Vindeseil|Substitute\n|move|p1a: Vindeseil|Bolt Strike|p2a: Delphox\n|-damage|p2a: Delphox|6\/100\n|-damage|p1a: Vindeseil|16\/100|[from] item: Rocky Helmet|[of] p2a: Delphox\n|\n|-heal|p1a: Vindeseil|22\/100|[from] item: Leftovers\n|upkeep\n|turn|16\n|\n|switch|p1a: Gyarados|Gyarados-Mega, M, shiny|63\/100\n|-ability|p1a: Gyarados|Mold Breaker\n|move|p2a: Delphox|Wish|p2a: Delphox\n|\n|upkeep\n|turn|17\n|\n|switch|p2a: Throh|Throh, M|23\/100 brn\n|move|p1a: Gyarados|Dragon Dance|p1a: Gyarados\n|-boost|p1a: Gyarados|atk|1\n|-boost|p1a: Gyarados|spe|1\n|\n|-heal|p2a: Throh|62\/100 brn|[from] move: Wish|[wisher] Delphox\n|-damage|p2a: Throh|56\/100 brn|[from] brn\n|upkeep\n|turn|18\n|\n|move|p1a: Gyarados|Waterfall|p2a: Throh\n|-damage|p2a: Throh|0 fnt\n|faint|p2a: Throh\n|\n|upkeep\n|l|\u2606DomTom22\n|player|p2|\n|j|\u2606DomTom22\n|player|p2|DomTom22|92\n|\n|switch|p2a: Venusaur|Venusaur-Mega, F|100\/100\n|turn|19\n|\n|move|p1a: Gyarados|Crunch|p2a: Venusaur\n|-damage|p2a: Venusaur|50\/100\n|move|p2a: Venusaur|Energy Ball|p1a: Gyarados\n|-supereffective|p1a: Gyarados\n|-damage|p1a: Gyarados|0 fnt\n|faint|p1a: Gyarados\n|\n|upkeep\n|\n|switch|p1a: Vindeseil|Victini|22\/100\n|turn|20\n|\n|switch|p2a: Delphox|Delphox, M|6\/100\n|move|p1a: Vindeseil|Zen Headbutt|p2a: Delphox\n|-resisted|p2a: Delphox\n|-damage|p2a: Delphox|0 fnt\n|-damage|p1a: Vindeseil|6\/100|[from] item: Rocky Helmet|[of] p2a: Delphox\n|faint|p2a: Delphox\n|\n|-heal|p1a: Vindeseil|12\/100|[from] item: Leftovers\n|upkeep\n|\n|switch|p2a: Latios|Latios, M|100\/100\n|turn|21\n|\n|move|p2a: Latios|Thunderbolt|p1a: Vindeseil\n|-damage|p1a: Vindeseil|0 fnt\n|-damage|p2a: Latios|91\/100|[from] item: Life Orb\n|faint|p1a: Vindeseil\n|\n|upkeep\n|\n|switch|p1a: Zapdos|Zapdos|100\/100\n|-ability|p1a: Zapdos|Pressure\n|turn|22\n|\n|move|p2a: Latios|Ice Beam|p1a: Zapdos\n|-supereffective|p1a: Zapdos\n|-damage|p1a: Zapdos|20\/100\n|-damage|p2a: Latios|81\/100|[from] item: Life Orb\n|move|p1a: Zapdos|Roost|p1a: Zapdos\n|-heal|p1a: Zapdos|70\/100\n|-singleturn|p1a: Zapdos|move: Roost\n|\n|-heal|p1a: Zapdos|76\/100|[from] item: Leftovers\n|upkeep\n|turn|23\n|\n|switch|p1a: Reeses|Donphan, M, shiny|74\/100\n|move|p2a: Latios|Ice Beam|p1a: Reeses\n|-supereffective|p1a: Reeses\n|-damage|p1a: Reeses|0 fnt\n|-damage|p2a: Latios|71\/100|[from] item: Life Orb\n|faint|p1a: Reeses\n|\n|upkeep\n|\n|switch|p1a: Samurai Jack|Kartana, shiny|94\/100\n|turn|24\n|\n|move|p1a: Samurai Jack|Knock Off|p2a: Latios\n|-supereffective|p2a: Latios\n|-damage|p2a: Latios|0 fnt\n|-enditem|p2a: Latios|Life Orb|[from] move: Knock Off|[of] p1a: Samurai Jack\n|faint|p2a: Latios\n|-ability|p1a: Samurai Jack|Beast Boost|boost\n|-boost|p1a: Samurai Jack|atk|1\n|\n|upkeep\n|c|\u2606DomTom22|WHAT\n|c|\u2606DomTom22|dang scarf\n|c|\u2606DomTom22|mighta just lost the game there\n|c| Nixority|That was super obv tbh\n|c|\u2606DomTom22|ya i realized that after the play\n|c| Nixority|\ud83d\ude02\ud83d\ude02\ud83d\ude02\n|\n|switch|p2a: Florges|Florges, F|60\/100\n|turn|25\n|\n|switch|p1a: Zapdos|Zapdos|76\/100\n|-ability|p1a: Zapdos|Pressure\n|move|p2a: Florges|Wish|p2a: Florges\n|\n|-heal|p1a: Zapdos|83\/100|[from] item: Leftovers\n|upkeep\n|turn|26\n|\n|move|p1a: Zapdos|Discharge|p2a: Florges\n|-damage|p2a: Florges|36\/100\n|-status|p2a: Florges|par\n|move|p2a: Florges|Hidden Power|p1a: Zapdos\n|-damage|p1a: Zapdos|68\/100\n|\n|-heal|p2a: Florges|86\/100 par|[from] move: Wish|[wisher] Florges\n|-heal|p1a: Zapdos|74\/100|[from] item: Leftovers\n|upkeep\n|turn|27\n|\n|move|p1a: Zapdos|Roost|p1a: Zapdos\n|-heal|p1a: Zapdos|100\/100\n|-singleturn|p1a: Zapdos|move: Roost\n|move|p2a: Florges|Wish|p2a: Florges\n|\n|upkeep\n|turn|28\n|\n|switch|p2a: Venusaur|Venusaur-Mega, F|50\/100\n|move|p1a: Zapdos|Discharge|p2a: Venusaur\n|-resisted|p2a: Venusaur\n|-damage|p2a: Venusaur|38\/100\n|-status|p2a: Venusaur|par\n|\n|-heal|p2a: Venusaur|88\/100 par|[from] move: Wish|[wisher] Florges\n|upkeep\n|turn|29\n|c| Nixority|We love para\n|\n|move|p1a: Zapdos|Heat Wave|p2a: Venusaur\n|-supereffective|p2a: Venusaur\n|-damage|p2a: Venusaur|69\/100 par\n|cant|p2a: Venusaur|par\n|\n|upkeep\n|turn|30\n|\n|move|p1a: Zapdos|Heat Wave|p2a: Venusaur\n|-supereffective|p2a: Venusaur\n|-crit|p2a: Venusaur\n|-damage|p2a: Venusaur|40\/100 par\n|move|p2a: Venusaur|Synthesis|p2a: Venusaur\n|-heal|p2a: Venusaur|90\/100 par\n|\n|upkeep\n|turn|31\n|\n|move|p1a: Zapdos|Heat Wave|p2a: Venusaur\n|-supereffective|p2a: Venusaur\n|-damage|p2a: Venusaur|70\/100 par\n|move|p2a: Venusaur|Hidden Power|p1a: Zapdos\n|-damage|p1a: Zapdos|84\/100\n|\n|-heal|p1a: Zapdos|90\/100|[from] item: Leftovers\n|upkeep\n|turn|32\n|\n|move|p1a: Zapdos|Heat Wave|p2a: Venusaur\n|-supereffective|p2a: Venusaur\n|-damage|p2a: Venusaur|48\/100 par\n|cant|p2a: Venusaur|par\n|\n|-heal|p1a: Zapdos|96\/100|[from] item: Leftovers\n|upkeep\n|turn|33\n|\n|move|p1a: Zapdos|Heat Wave|p2a: Venusaur\n|-supereffective|p2a: Venusaur\n|-damage|p2a: Venusaur|27\/100 par\n|cant|p2a: Venusaur|par\n|\n|-heal|p1a: Zapdos|100\/100|[from] item: Leftovers\n|upkeep\n|turn|34\n|\n|switch|p2a: Florges|Florges, F|86\/100 par\n|move|p1a: Zapdos|Heat Wave|p2a: Florges|[miss]\n|-miss|p1a: Zapdos|p2a: Florges\n|\n|upkeep\n|turn|35\n|\n|move|p1a: Zapdos|Discharge|p2a: Florges\n|-damage|p2a: Florges|64\/100 par\n|move|p2a: Florges|Wish|p2a: Florges\n|\n|upkeep\n|turn|36\n|\n|move|p1a: Zapdos|Heat Wave|p2a: Florges|[miss]\n|-miss|p1a: Zapdos|p2a: Florges\n|move|p2a: Florges|Hidden Power|p1a: Zapdos\n|-damage|p1a: Zapdos|85\/100\n|\n|-heal|p2a: Florges|100\/100 par|[from] move: Wish|[wisher] Florges\n|-heal|p1a: Zapdos|91\/100|[from] item: Leftovers\n|upkeep\n|turn|37\n|c|\u2606Walletinspector62|Why is pressure not working\n|c| Nixority|This may take a whike\n|c|\u2606Walletinspector62|Nah I have pressure\n|c|\u2606Walletinspector62|but it\u2019s not working for some reason\n|\n|move|p1a: Zapdos|Discharge|p2a: Florges\n|-damage|p2a: Florges|76\/100 par\n|cant|p2a: Florges|par\n|\n|-heal|p1a: Zapdos|98\/100|[from] item: Leftovers\n|upkeep\n|turn|38\n|c|\u2606DomTom22|lmao\n|\n|move|p1a: Zapdos|Discharge|p2a: Florges\n|-damage|p2a: Florges|56\/100 par\n|move|p2a: Florges|Wish|p2a: Florges\n|\n|-heal|p1a: Zapdos|100\/100|[from] item: Leftovers\n|upkeep\n|turn|39\n|\n|move|p1a: Zapdos|Heat Wave|p2a: Florges\n|-damage|p2a: Florges|38\/100 par\n|cant|p2a: Florges|par\n|\n|-heal|p2a: Florges|88\/100 par|[from] move: Wish|[wisher] Florges\n|upkeep\n|turn|40\n|\n|move|p1a: Zapdos|Discharge|p2a: Florges\n|-damage|p2a: Florges|65\/100 par\n|move|p2a: Florges|Wish|p2a: Florges\n|\n|upkeep\n|turn|41\n|\n|switch|p2a: Venusaur|Venusaur-Mega, F|27\/100 par\n|move|p1a: Zapdos|Discharge|p2a: Venusaur\n|-resisted|p2a: Venusaur\n|-damage|p2a: Venusaur|14\/100 par\n|\n|-heal|p2a: Venusaur|63\/100 par|[from] move: Wish|[wisher] Florges\n|upkeep\n|turn|42\n|c|\u2606Walletinspector62|Now it\u2019s working\n|c|\u2606Walletinspector62|I\u2019m so confused\n|\n|move|p1a: Zapdos|Heat Wave|p2a: Venusaur\n|-supereffective|p2a: Venusaur\n|-crit|p2a: Venusaur\n|-damage|p2a: Venusaur|33\/100 par\n|move|p2a: Venusaur|Synthesis|p2a: Venusaur\n|-heal|p2a: Venusaur|83\/100 par\n|\n|upkeep\n|turn|43\n|\n|move|p1a: Zapdos|Heat Wave|p2a: Venusaur\n|-supereffective|p2a: Venusaur\n|-damage|p2a: Venusaur|63\/100 par\n|cant|p2a: Venusaur|par\n|\n|upkeep\n|turn|44\n|\n|move|p1a: Zapdos|Heat Wave|p2a: Venusaur\n|-supereffective|p2a: Venusaur\n|-damage|p2a: Venusaur|44\/100 par\n|move|p2a: Venusaur|Synthesis|p2a: Venusaur\n|-heal|p2a: Venusaur|94\/100 par\n|\n|upkeep\n|turn|45\n|\n|move|p1a: Zapdos|Heat Wave|p2a: Venusaur\n|-supereffective|p2a: Venusaur\n|-damage|p2a: Venusaur|72\/100 par\n|move|p2a: Venusaur|Sludge Bomb|p1a: Zapdos\n|-damage|p1a: Zapdos|62\/100\n|\n|-heal|p1a: Zapdos|68\/100|[from] item: Leftovers\n|upkeep\n|turn|46\n|\n|move|p1a: Zapdos|Heat Wave|p2a: Venusaur\n|-supereffective|p2a: Venusaur\n|-damage|p2a: Venusaur|50\/100 par\n|move|p2a: Venusaur|Hidden Power|p1a: Zapdos\n|-damage|p1a: Zapdos|53\/100\n|\n|-heal|p1a: Zapdos|59\/100|[from] item: Leftovers\n|upkeep\n|turn|47\n|c|\u2606Walletinspector62|Does pressure only work on attacking moves?\n|\n|move|p1a: Zapdos|Heat Wave|p2a: Venusaur\n|-supereffective|p2a: Venusaur\n|-damage|p2a: Venusaur|31\/100 par\n|move|p2a: Venusaur|Hidden Power|p1a: Zapdos\n|-damage|p1a: Zapdos|44\/100\n|\n|-heal|p1a: Zapdos|50\/100|[from] item: Leftovers\n|upkeep\n|turn|48\n|c|\u2606DomTom22|looks like it\n|c| Nixority|Yes\n|\n|move|p1a: Zapdos|Heat Wave|p2a: Venusaur\n|-supereffective|p2a: Venusaur\n|-damage|p2a: Venusaur|10\/100 par\n|cant|p2a: Venusaur|par\n|\n|-heal|p1a: Zapdos|56\/100|[from] item: Leftovers\n|upkeep\n|turn|49\n|\n|switch|p2a: Florges|Florges, F|65\/100 par\n|move|p1a: Zapdos|Heat Wave|p2a: Florges\n|-damage|p2a: Florges|48\/100 par\n|\n|-heal|p1a: Zapdos|63\/100|[from] item: Leftovers\n|upkeep\n|turn|50\n|\n|move|p1a: Zapdos|Discharge|p2a: Florges\n|-damage|p2a: Florges|24\/100 par\n|cant|p2a: Florges|par\n|\n|-heal|p1a: Zapdos|69\/100|[from] item: Leftovers\n|upkeep\n|turn|51\n|c|\u2606DomTom22|f gg\n|c|\u2606Walletinspector62|Gg\n|\n|move|p1a: Zapdos|Discharge|p2a: Florges\n|-damage|p2a: Florges|3\/100 par\n|move|p2a: Florges|Wish|p2a: Florges\n|\n|-heal|p1a: Zapdos|75\/100|[from] item: Leftovers\n|upkeep\n|turn|52\n|\n|move|p1a: Zapdos|Discharge|p2a: Florges\n|-damage|p2a: Florges|0 fnt\n|faint|p2a: Florges\n|\n|-heal|p1a: Zapdos|81\/100|[from] item: Leftovers\n|upkeep\n|\n|switch|p2a: Venusaur|Venusaur-Mega, F|10\/100 par\n|turn|53\n|l| Nixority\n|\n|move|p1a: Zapdos|Discharge|p2a: Venusaur\n|-resisted|p2a: Venusaur\n|-damage|p2a: Venusaur|0 fnt\n|faint|p2a: Venusaur\n|\n|win|Walletinspector62\n|l|\u2606Walletinspector62\n","uploadtime":1568557948,"views":15,"p1id":"walletinspector62","p2id":"domtom22","formatid":"gen7ou","rating":0,"private":0,"password":null}