{"id":"gen7ou-983277936","p1":"ElDiosDemonioHades","p2":"comp233","format":"gen7ou","log":"|j|\u2606ElDiosDemonioHades\n|j|\u2606comp233\n|player|p1|ElDiosDemonioHades|224|1563\n|player|p2|comp233|115|1637\n|teamsize|p1|6\n|teamsize|p2|6\n|gametype|singles\n|gen|7\n|tier|[Gen 7] OU\n|rated|\n|rule|Sleep Clause Mod: Limit one foe put to sleep\n|rule|Species Clause: Limit one of each Pok\u00e9mon\n|rule|OHKO Clause: OHKO moves are banned\n|rule|Moody Clause: Moody is banned\n|rule|Evasion Moves Clause: Evasion moves are banned\n|rule|Endless Battle Clause: Forcing endless battles is banned\n|rule|HP Percentage Mod: HP is shown in percentages\n|clearpoke\n|poke|p1|Venusaur, M|item\n|poke|p1|Kyurem-Black|item\n|poke|p1|Blacephalon|item\n|poke|p1|Jirachi|item\n|poke|p1|Landorus-Therian, M|item\n|poke|p1|Celesteela|item\n|poke|p2|Lucario, F|item\n|poke|p2|Lopunny, M|item\n|poke|p2|Hawlucha, F|item\n|poke|p2|Kommo-o, M|item\n|poke|p2|Keldeo-Resolute|item\n|poke|p2|Infernape, M|item\n|teampreview\n|inactive|Battle timer is ON: inactive players will automatically lose when time's up. (requested by comp233)\n|\n|start\n|switch|p1a: Landorus|Landorus-Therian, M|100\/100\n|switch|p2a: Infernape|Infernape, M|100\/100\n|-ability|p1a: Landorus|Intimidate|boost\n|-unboost|p2a: Infernape|atk|1\n|turn|1\n|\n|move|p2a: Infernape|Stealth Rock|p1a: Landorus\n|-sidestart|p1: ElDiosDemonioHades|move: Stealth Rock\n|move|p1a: Landorus|Stealth Rock|p2a: Infernape\n|-sidestart|p2: comp233|move: Stealth Rock\n|\n|upkeep\n|turn|2\n|\n|move|p2a: Infernape|Overheat|p1a: Landorus\n|-damage|p1a: Landorus|21\/100\n|-unboost|p2a: Infernape|spa|2\n|move|p1a: Landorus|Earthquake|p2a: Infernape\n|-supereffective|p2a: Infernape\n|-enditem|p2a: Infernape|Focus Sash\n|-damage|p2a: Infernape|1\/100\n|\n|upkeep\n|turn|3\n|\n|move|p2a: Infernape|Overheat|p1a: Landorus\n|-damage|p1a: Landorus|0 fnt\n|-unboost|p2a: Infernape|spa|2\n|faint|p1a: Landorus\n|\n|upkeep\n|\n|switch|p1a: Blacephalon|Blacephalon, shiny|100\/100\n|-damage|p1a: Blacephalon|76\/100|[from] Stealth Rock\n|turn|4\n|\n|move|p2a: Infernape|Overheat|p1a: Blacephalon\n|-resisted|p1a: Blacephalon\n|-damage|p1a: Blacephalon|52\/100\n|-unboost|p2a: Infernape|spa|2\n|-zpower|p1a: Blacephalon\n|move|p1a: Blacephalon|Never-Ending Nightmare|p2a: Infernape|[zeffect]\n|-damage|p2a: Infernape|0 fnt\n|faint|p2a: Infernape\n|-ability|p1a: Blacephalon|Beast Boost|boost\n|-boost|p1a: Blacephalon|spe|1\n|\n|upkeep\n|\n|switch|p2a: Keldeo|Keldeo-Resolute|100\/100\n|-damage|p2a: Keldeo|94\/100|[from] Stealth Rock\n|turn|5\n|\n|move|p2a: Keldeo|Hydro Pump|p1a: Blacephalon\n|-supereffective|p1a: Blacephalon\n|-damage|p1a: Blacephalon|0 fnt\n|faint|p1a: Blacephalon\n|\n|upkeep\n|\n|switch|p1a: Celesteela|Celesteela|100\/100\n|-damage|p1a: Celesteela|88\/100|[from] Stealth Rock\n|turn|6\n|\n|move|p2a: Keldeo|Hydro Pump|p1a: Celesteela\n|-damage|p1a: Celesteela|55\/100\n|move|p1a: Celesteela|Leech Seed|p2a: Keldeo\n|-start|p2a: Keldeo|move: Leech Seed\n|\n|-heal|p1a: Celesteela|61\/100|[from] item: Leftovers\n|-damage|p2a: Keldeo|82\/100|[from] Leech Seed|[of] p1a: Celesteela\n|-heal|p1a: Celesteela|71\/100|[silent]\n|upkeep\n|turn|7\n|\n|switch|p2a: Hawlucha|Hawlucha, F|100\/100\n|-damage|p2a: Hawlucha|88\/100|[from] Stealth Rock\n|move|p1a: Celesteela|Leech Seed|p2a: Hawlucha\n|-start|p2a: Hawlucha|move: Leech Seed\n|\n|-heal|p1a: Celesteela|77\/100|[from] item: Leftovers\n|-damage|p2a: Hawlucha|75\/100|[from] Leech Seed|[of] p1a: Celesteela\n|-heal|p1a: Celesteela|87\/100|[silent]\n|upkeep\n|turn|8\n|\n|switch|p2a: Lucario|Lucario, F|100\/100\n|-damage|p2a: Lucario|98\/100|[from] Stealth Rock\n|move|p1a: Celesteela|Heavy Slam|p2a: Lucario\n|-resisted|p2a: Lucario\n|-damage|p2a: Lucario|69\/100\n|\n|-heal|p1a: Celesteela|93\/100|[from] item: Leftovers\n|upkeep\n|turn|9\n|\n|move|p2a: Lucario|Focus Blast|p1a: Celesteela|[miss]\n|-miss|p2a: Lucario|p1a: Celesteela\n|move|p1a: Celesteela|Flamethrower|p2a: Lucario\n|-supereffective|p2a: Lucario\n|-damage|p2a: Lucario|12\/100\n|\n|-heal|p1a: Celesteela|99\/100|[from] item: Leftovers\n|upkeep\n|turn|10\n|\n|move|p2a: Lucario|Focus Blast|p1a: Celesteela|[miss]\n|-miss|p2a: Lucario|p1a: Celesteela\n|move|p1a: Celesteela|Flamethrower|p2a: Lucario\n|-supereffective|p2a: Lucario\n|-damage|p2a: Lucario|0 fnt\n|faint|p2a: Lucario\n|-ability|p1a: Celesteela|Beast Boost|boost\n|-boost|p1a: Celesteela|spd|1\n|\n|-heal|p1a: Celesteela|100\/100|[from] item: Leftovers\n|upkeep\n|\n|switch|p2a: Hawlucha|Hawlucha, F|75\/100\n|-damage|p2a: Hawlucha|63\/100|[from] Stealth Rock\n|turn|11\n|\n|move|p2a: Hawlucha|Swords Dance|p2a: Hawlucha\n|-boost|p2a: Hawlucha|atk|2\n|move|p1a: Celesteela|Leech Seed|p2a: Hawlucha\n|-start|p2a: Hawlucha|move: Leech Seed\n|\n|-damage|p2a: Hawlucha|50\/100|[from] Leech Seed|[of] p1a: Celesteela\n|upkeep\n|-enditem|p2a: Hawlucha|Sitrus Berry|[eat]\n|-heal|p2a: Hawlucha|75\/100|[from] item: Sitrus Berry\n|turn|12\n|\n|move|p2a: Hawlucha|High Jump Kick|p1a: Celesteela\n|-damage|p1a: Celesteela|8\/100\n|move|p1a: Celesteela|Heavy Slam|p2a: Hawlucha\n|-damage|p2a: Hawlucha|23\/100\n|\n|-heal|p1a: Celesteela|14\/100|[from] item: Leftovers\n|-damage|p2a: Hawlucha|11\/100|[from] Leech Seed|[of] p1a: Celesteela\n|-heal|p1a: Celesteela|24\/100|[silent]\n|upkeep\n|turn|13\n|\n|move|p1a: Celesteela|Protect|p1a: Celesteela\n|-singleturn|p1a: Celesteela|Protect\n|move|p2a: Hawlucha|Acrobatics|p1a: Celesteela\n|-activate|p1a: Celesteela|move: Protect\n|\n|-heal|p1a: Celesteela|30\/100|[from] item: Leftovers\n|-damage|p2a: Hawlucha|0 fnt|[from] Leech Seed|[of] p1a: Celesteela\n|-heal|p1a: Celesteela|39\/100|[silent]\n|faint|p2a: Hawlucha\n|upkeep\n|\n|switch|p2a: Kommo-o|Kommo-o, M|100\/100\n|-damage|p2a: Kommo-o|94\/100|[from] Stealth Rock\n|turn|14\n|\n|-zpower|p2a: Kommo-o\n|move|p2a: Kommo-o|Clangorous Soulblaze|p1a: Celesteela|[zeffect]\n|-resisted|p1a: Celesteela\n|-damage|p1a: Celesteela|25\/100\n|-boost|p2a: Kommo-o|atk|1\n|-boost|p2a: Kommo-o|def|1\n|-boost|p2a: Kommo-o|spa|1\n|-boost|p2a: Kommo-o|spd|1\n|-boost|p2a: Kommo-o|spe|1\n|move|p1a: Celesteela|Leech Seed|p2a: Kommo-o\n|-start|p2a: Kommo-o|move: Leech Seed\n|\n|-heal|p1a: Celesteela|31\/100|[from] item: Leftovers\n|-damage|p2a: Kommo-o|82\/100|[from] Leech Seed|[of] p1a: Celesteela\n|-heal|p1a: Celesteela|41\/100|[silent]\n|upkeep\n|turn|15\n|\n|move|p1a: Celesteela|Protect|p1a: Celesteela\n|-singleturn|p1a: Celesteela|Protect\n|move|p2a: Kommo-o|Dragon Dance|p2a: Kommo-o\n|-boost|p2a: Kommo-o|atk|1\n|-boost|p2a: Kommo-o|spe|1\n|\n|-heal|p1a: Celesteela|47\/100|[from] item: Leftovers\n|-damage|p2a: Kommo-o|70\/100|[from] Leech Seed|[of] p1a: Celesteela\n|-heal|p1a: Celesteela|56\/100|[silent]\n|upkeep\n|turn|16\n|\n|move|p2a: Kommo-o|Close Combat|p1a: Celesteela\n|-damage|p1a: Celesteela|0 fnt\n|-unboost|p2a: Kommo-o|def|1\n|-unboost|p2a: Kommo-o|spd|1\n|faint|p1a: Celesteela\n|\n|upkeep\n|\n|switch|p1a: Venusaur|Venusaur, M|100\/100\n|-damage|p1a: Venusaur|88\/100|[from] Stealth Rock\n|turn|17\n|\n|detailschange|p1a: Venusaur|Venusaur-Mega, M\n|-mega|p1a: Venusaur|Venusaur|Venusaurite\n|move|p2a: Kommo-o|Poison Jab|p1a: Venusaur\n|-damage|p1a: Venusaur|47\/100\n|move|p1a: Venusaur|Synthesis|p1a: Venusaur\n|-heal|p1a: Venusaur|96\/100\n|\n|-damage|p2a: Kommo-o|57\/100|[from] Leech Seed|[of] p1a: Venusaur\n|-heal|p1a: Venusaur|100\/100|[silent]\n|upkeep\n|turn|18\n|\n|move|p2a: Kommo-o|Dragon Dance|p2a: Kommo-o\n|-boost|p2a: Kommo-o|atk|1\n|-boost|p2a: Kommo-o|spe|1\n|move|p1a: Venusaur|Sludge Bomb|p2a: Kommo-o\n|-immune|p2a: Kommo-o|[from] ability: Bulletproof\n|\n|-damage|p2a: Kommo-o|45\/100|[from] Leech Seed|[of] p1a: Venusaur\n|upkeep\n|turn|19\n|\n|move|p2a: Kommo-o|Poison Jab|p1a: Venusaur\n|-damage|p1a: Venusaur|51\/100\n|move|p1a: Venusaur|Giga Drain|p2a: Kommo-o\n|-resisted|p2a: Kommo-o\n|-damage|p2a: Kommo-o|25\/100\n|-heal|p1a: Venusaur|59\/100|[from] drain|[of] p2a: Kommo-o\n|\n|-damage|p2a: Kommo-o|13\/100|[from] Leech Seed|[of] p1a: Venusaur\n|-heal|p1a: Venusaur|69\/100|[silent]\n|upkeep\n|turn|20\n|\n|move|p2a: Kommo-o|Poison Jab|p1a: Venusaur\n|-damage|p1a: Venusaur|20\/100\n|move|p1a: Venusaur|Synthesis|p1a: Venusaur\n|-heal|p1a: Venusaur|70\/100\n|\n|-damage|p2a: Kommo-o|0 fnt|[from] Leech Seed|[of] p1a: Venusaur\n|-heal|p1a: Venusaur|80\/100|[silent]\n|faint|p2a: Kommo-o\n|upkeep\n|\n|switch|p2a: Lopunny|Lopunny, M|100\/100\n|-damage|p2a: Lopunny|88\/100|[from] Stealth Rock\n|turn|21\n|c|\u2606ElDiosDemonioHades|nice mono fighting\n|\n|switch|p1a: Kyurem|Kyurem-Black, shiny|100\/100\n|-damage|p1a: Kyurem|76\/100|[from] Stealth Rock\n|-ability|p1a: Kyurem|Teravolt\n|detailschange|p2a: Lopunny|Lopunny-Mega, M\n|-mega|p2a: Lopunny|Lopunny|Lopunnite\n|move|p2a: Lopunny|Fake Out|p1a: Kyurem\n|-damage|p1a: Kyurem|55\/100\n|\n|upkeep\n|turn|22\n|\n|move|p2a: Lopunny|High Jump Kick|p1a: Kyurem|[miss]\n|-miss|p2a: Lopunny|p1a: Kyurem\n|-damage|p2a: Lopunny|39\/100|[from] highjumpkick\n|move|p1a: Kyurem|Fusion Bolt|p2a: Lopunny\n|-damage|p2a: Lopunny|0 fnt\n|-damage|p1a: Kyurem|46\/100|[from] item: Life Orb\n|faint|p2a: Lopunny\n|\n|upkeep\n|\n|switch|p2a: Keldeo|Keldeo-Resolute|82\/100\n|-damage|p2a: Keldeo|76\/100|[from] Stealth Rock\n|turn|23\n|\n|move|p2a: Keldeo|Secret Sword|p1a: Kyurem\n|-supereffective|p1a: Kyurem\n|-damage|p1a: Kyurem|0 fnt\n|faint|p1a: Kyurem\n|\n|upkeep\n|\n|switch|p1a: Venusaur|Venusaur-Mega, M|80\/100\n|-damage|p1a: Venusaur|67\/100|[from] Stealth Rock\n|turn|24\n|\n|move|p2a: Keldeo|Secret Sword|p1a: Venusaur\n|-resisted|p1a: Venusaur\n|-damage|p1a: Venusaur|52\/100\n|move|p1a: Venusaur|Giga Drain|p2a: Keldeo\n|-supereffective|p2a: Keldeo\n|-damage|p2a: Keldeo|0 fnt\n|-heal|p1a: Venusaur|86\/100|[from] drain|[of] p2a: Keldeo\n|faint|p2a: Keldeo\n|\n|win|ElDiosDemonioHades\n|l|\u2606comp233\n|raw|ElDiosDemonioHades's rating: 1584 &rarr; <strong>1607<\/strong><br \/>(+23 for winning)\n|raw|comp233's rating: 1637 &rarr; <strong>1614<\/strong><br \/>(-23 for losing)\n","uploadtime":1569621240,"views":5,"p1id":"eldiosdemoniohades","p2id":"comp233","formatid":"gen7ou","rating":1607,"private":0,"password":null}