{"id":"gen7monotype-993035317","p1":"Soma","p2":"lord cube","format":"gen7monotype","log":"|j|\u2606Soma\n|j|\u2606lord cube\n|player|p1|Soma|blue|1687\n|player|p2|lord cube|169|1515\n|teamsize|p1|6\n|teamsize|p2|6\n|gametype|singles\n|gen|7\n|tier|[Gen 7] Monotype\n|rated|\n|rule|Sleep Clause Mod: Limit one foe put to sleep\n|rule|Species Clause: Limit one of each Pok\u00e9mon\n|rule|OHKO Clause: OHKO moves are banned\n|rule|Moody Clause: Moody is banned\n|rule|Evasion Moves Clause: Evasion moves are banned\n|rule|Endless Battle Clause: Forcing endless battles is banned\n|rule|HP Percentage Mod: HP is shown in percentages\n|rule|Swagger Clause: Swagger is banned\n|rule|Same Type Clause: Pok\u00e9mon in a team must share a type\n|clearpoke\n|poke|p1|Diancie|item\n|poke|p1|Tapu Koko|item\n|poke|p1|Klefki, M|item\n|poke|p1|Azumarill, M|item\n|poke|p1|Tapu Bulu|item\n|poke|p1|Mimikyu, M|item\n|poke|p2|Gallade, M|item\n|poke|p2|Cobalion|item\n|poke|p2|Keldeo|item\n|poke|p2|Terrakion|item\n|poke|p2|Kommo-o, M|item\n|poke|p2|Heracross, M|item\n|teampreview\n|inactive|Battle timer is ON: inactive players will automatically lose when time's up. (requested by lord cube)\n|inactive|lord cube has 120 seconds left.\n|\n|start\n|switch|p1a: Tapu Koko|Tapu Koko, shiny|100\/100\n|switch|p2a: Cobalion|Cobalion|100\/100\n|-fieldstart|move: Electric Terrain|[from] ability: Electric Surge|[of] p1a: Tapu Koko\n|turn|1\n|j| pterolasagna\n|\n|move|p1a: Tapu Koko|Thunderbolt|p2a: Cobalion\n|-damage|p2a: Cobalion|3\/100\n|move|p2a: Cobalion|Taunt|p1a: Tapu Koko\n|-start|p1a: Tapu Koko|move: Taunt\n|\n|-heal|p2a: Cobalion|9\/100|[from] item: Leftovers\n|upkeep\n|turn|2\n|\n|switch|p2a: Kommo-o|Kommo-o, M|100\/100\n|move|p1a: Tapu Koko|Thunderbolt|p2a: Kommo-o\n|-resisted|p2a: Kommo-o\n|-damage|p2a: Kommo-o|43\/100\n|-status|p2a: Kommo-o|par\n|\n|upkeep\n|turn|3\n|\n|move|p1a: Tapu Koko|Thunderbolt|p2a: Kommo-o\n|-resisted|p2a: Kommo-o\n|-damage|p2a: Kommo-o|0 fnt\n|faint|p2a: Kommo-o\n|\n|upkeep\n|\n|switch|p2a: Terrakion|Terrakion|100\/100\n|turn|4\n|\n|switch|p1a: Tapu Bulu|Tapu Bulu|100\/100\n|-fieldstart|move: Grassy Terrain|[from] ability: Grassy Surge|[of] p1a: Tapu Bulu\n|move|p2a: Terrakion|Iron Head|p1a: Tapu Bulu\n|-supereffective|p1a: Tapu Bulu\n|-damage|p1a: Tapu Bulu|47\/100\n|\n|-heal|p1a: Tapu Bulu|54\/100|[from] Grassy Terrain\n|upkeep\n|turn|5\n|\n|switch|p1a: Klefki|Klefki, M, shiny|100\/100\n|move|p2a: Terrakion|Iron Head|p1a: Klefki\n|-damage|p1a: Klefki|78\/100\n|\n|-heal|p1a: Klefki|84\/100|[from] Grassy Terrain\n|upkeep\n|turn|6\n|\n|switch|p2a: Cobalion|Cobalion|9\/100\n|move|p1a: Klefki|Thunder Wave|p2a: Cobalion\n|-status|p2a: Cobalion|par\n|\n|-heal|p1a: Klefki|90\/100|[from] Grassy Terrain\n|-heal|p2a: Cobalion|15\/100 par|[from] item: Leftovers\n|-heal|p2a: Cobalion|21\/100 par|[from] Grassy Terrain\n|upkeep\n|turn|7\n|\n|switch|p1a: Tapu Koko|Tapu Koko, shiny|100\/100\n|-fieldstart|move: Electric Terrain|[from] ability: Electric Surge|[of] p1a: Tapu Koko\n|move|p2a: Cobalion|Taunt|p1a: Tapu Koko\n|-start|p1a: Tapu Koko|move: Taunt\n|\n|-heal|p2a: Cobalion|27\/100 par|[from] item: Leftovers\n|upkeep\n|turn|8\n|\n|move|p1a: Tapu Koko|Thunderbolt|p2a: Cobalion\n|-damage|p2a: Cobalion|0 fnt\n|faint|p2a: Cobalion\n|\n|upkeep\n|\n|switch|p2a: Terrakion|Terrakion|100\/100\n|turn|9\n|\n|switch|p1a: Tapu Bulu|Tapu Bulu|54\/100\n|-fieldstart|move: Grassy Terrain|[from] ability: Grassy Surge|[of] p1a: Tapu Bulu\n|move|p2a: Terrakion|Earthquake|p1a: Tapu Bulu\n|-resisted|p1a: Tapu Bulu\n|-damage|p1a: Tapu Bulu|45\/100\n|\n|-heal|p1a: Tapu Bulu|51\/100|[from] Grassy Terrain\n|upkeep\n|turn|10\n|\n|switch|p2a: Gallade|Gallade, M|100\/100\n|move|p1a: Tapu Bulu|Horn Leech|p2a: Gallade\n|-damage|p2a: Gallade|0 fnt\n|-heal|p1a: Tapu Bulu|99\/100|[from] drain|[of] p2a: Gallade\n|-damage|p1a: Tapu Bulu|90\/100|[from] item: Life Orb\n|faint|p2a: Gallade\n|\n|-heal|p1a: Tapu Bulu|96\/100|[from] Grassy Terrain\n|upkeep\n|-message|lord cube forfeited.\n|\n|win|Soma\n|l|\u2606lord cube\n","uploadtime":1571165049,"views":15,"p1id":"soma","p2id":"lordcube","formatid":"gen7monotype","rating":0,"private":0,"password":null}