{"id":"gen7ou-1105910049","p1":"TestingTesting1","p2":"churab","format":"gen7ou","log":"|j|\u2606TestingTesting1\n|j|\u2606churab\n|player|p1|TestingTesting1|169|1456\n|player|p2|churab|99|1352\n|teamsize|p1|6\n|teamsize|p2|6\n|gametype|singles\n|gen|7\n|tier|[Gen 7] OU\n|rated|\n|clearpoke\n|poke|p1|Sharpedo, F|item\n|poke|p1|Tapu Lele|item\n|poke|p1|Kartana|item\n|poke|p1|Garchomp, F|item\n|poke|p1|Thundurus-Therian, M|item\n|poke|p1|Tornadus-Therian, M|item\n|poke|p2|Ninetales-Alola, F|item\n|poke|p2|Tapu Koko|item\n|poke|p2|Greninja, M|item\n|poke|p2|Incineroar, M|item\n|poke|p2|Hawlucha, M|item\n|poke|p2|Silvally-*|item\n|rule|Sleep Clause Mod: Limit one foe put to sleep\n|rule|Species Clause: Limit one of each Pok\u00e9mon\n|rule|OHKO Clause: OHKO moves are banned\n|rule|Moody Clause: Moody is banned\n|rule|Evasion Moves Clause: Evasion moves are banned\n|rule|Endless Battle Clause: Forcing endless battles is banned\n|rule|HP Percentage Mod: HP is shown in percentages\n|teampreview\n|inactive|Battle timer is ON: inactive players will automatically lose when time's up. (requested by churab)\n|\n|start\n|switch|p1a: Tornadus|Tornadus-Therian, M|100\/100\n|switch|p2a: Silvally|Silvally|100\/100\n|turn|1\n|\n|move|p1a: Tornadus|Taunt|p2a: Silvally\n|-start|p2a: Silvally|move: Taunt\n|move|p2a: Silvally|Thunderbolt|p1a: Tornadus\n|-supereffective|p1a: Tornadus\n|-damage|p1a: Tornadus|42\/100\n|\n|upkeep\n|turn|2\n|\n|move|p1a: Tornadus|U-turn|p2a: Silvally\n|-damage|p2a: Silvally|87\/100\n|\n|switch|p1a: Garchomp|Garchomp, F|100\/100|[from]move: U-turn\n|move|p2a: Silvally|Ice Beam|p1a: Garchomp\n|-supereffective|p1a: Garchomp\n|-damage|p1a: Garchomp|6\/100\n|\n|upkeep\n|turn|3\n|\n|move|p1a: Garchomp|Stealth Rock|p2a: Silvally\n|-sidestart|p2: churab|move: Stealth Rock\n|move|p2a: Silvally|Ice Beam|p1a: Garchomp\n|-supereffective|p1a: Garchomp\n|-damage|p1a: Garchomp|0 fnt\n|faint|p1a: Garchomp\n|\n|-end|p2a: Silvally|move: Taunt\n|upkeep\n|\n|switch|p1a: Tapu Lele|Tapu Lele|100\/100\n|-fieldstart|move: Psychic Terrain|[from] ability: Psychic Surge|[of] p1a: Tapu Lele\n|turn|4\n|inactive|churab has 120 seconds left.\n|\n|switch|p2a: Incineroar|Incineroar, M|100\/100\n|-damage|p2a: Incineroar|76\/100|[from] Stealth Rock\n|-ability|p2a: Incineroar|Intimidate|boost\n|-unboost|p1a: Tapu Lele|atk|1\n|move|p1a: Tapu Lele|Focus Blast|p2a: Incineroar\n|-supereffective|p2a: Incineroar\n|-damage|p2a: Incineroar|0 fnt\n|faint|p2a: Incineroar\n|\n|upkeep\n|inactive|churab has 120 seconds left.\n|\n|switch|p2a: Tapu Koko|Tapu Koko|100\/100\n|-damage|p2a: Tapu Koko|88\/100|[from] Stealth Rock\n|-fieldstart|move: Electric Terrain|[from] ability: Electric Surge|[of] p2a: Tapu Koko\n|turn|5\n|\n|switch|p1a: Thundurus|Thundurus-Therian, M|100\/100\n|move|p2a: Tapu Koko|U-turn|p1a: Thundurus\n|-resisted|p1a: Thundurus\n|-damage|p1a: Thundurus|88\/100\n|\n|switch|p2a: Silvally|Silvally|87\/100|[from]move: U-turn\n|-damage|p2a: Silvally|75\/100|[from] Stealth Rock\n|\n|upkeep\n|turn|6\n|\n|move|p1a: Thundurus|Focus Blast|p2a: Silvally\n|-supereffective|p2a: Silvally\n|-damage|p2a: Silvally|0 fnt\n|-damage|p1a: Thundurus|79\/100|[from] item: Life Orb\n|faint|p2a: Silvally\n|\n|upkeep\n|\n|switch|p2a: Ninetales|Ninetales-Alola, F, shiny|100\/100\n|-damage|p2a: Ninetales|76\/100|[from] Stealth Rock\n|-weather|Hail|[from] ability: Snow Warning|[of] p2a: Ninetales\n|turn|7\n|\n|move|p2a: Ninetales|Freeze-Dry|p1a: Thundurus\n|-supereffective|p1a: Thundurus\n|-damage|p1a: Thundurus|5\/100\n|move|p1a: Thundurus|Thunderbolt|p2a: Ninetales\n|-damage|p2a: Ninetales|0 fnt\n|-damage|p1a: Thundurus|0 fnt|[from] item: Life Orb\n|faint|p2a: Ninetales\n|faint|p1a: Thundurus\n|\n|-weather|Hail|[upkeep]\n|upkeep\n|\n|switch|p2a: Greninja|Greninja, M|100\/100\n|switch|p1a: Tapu Lele|Tapu Lele|100\/100\n|-fieldstart|move: Psychic Terrain|[from] ability: Psychic Surge|[of] p1a: Tapu Lele\n|-damage|p2a: Greninja|88\/100|[from] Stealth Rock\n|turn|8\n|\n|move|p1a: Tapu Lele|Moonblast|p2a: Greninja\n|-supereffective|p2a: Greninja\n|-damage|p2a: Greninja|0 fnt\n|faint|p2a: Greninja\n|\n|-weather|Hail|[upkeep]\n|-damage|p1a: Tapu Lele|94\/100|[from] Hail\n|upkeep\n|\n|switch|p2a: Tapu Koko|Tapu Koko|88\/100\n|-damage|p2a: Tapu Koko|76\/100|[from] Stealth Rock\n|-fieldstart|move: Electric Terrain|[from] ability: Electric Surge|[of] p2a: Tapu Koko\n|turn|9\n|\n|switch|p1a: Tornadus|Tornadus-Therian, M|76\/100\n|move|p2a: Tapu Koko|U-turn|p1a: Tornadus\n|-resisted|p1a: Tornadus\n|-damage|p1a: Tornadus|67\/100\n|-damage|p2a: Tapu Koko|59\/100|[from] item: Rocky Helmet|[of] p1a: Tornadus\n|\n|switch|p2a: Hawlucha|Hawlucha, M|100\/100|[from]move: U-turn\n|-damage|p2a: Hawlucha|88\/100|[from] Stealth Rock\n|-enditem|p2a: Hawlucha|Electric Seed\n|-boost|p2a: Hawlucha|def|1|[from] item: Electric Seed\n|\n|-weather|Hail|[upkeep]\n|-damage|p2a: Hawlucha|82\/100|[from] Hail\n|-damage|p1a: Tornadus|60\/100|[from] Hail\n|upkeep\n|turn|10\n|\n|move|p2a: Hawlucha|Swords Dance|p2a: Hawlucha\n|-boost|p2a: Hawlucha|atk|2\n|move|p1a: Tornadus|Hurricane|p2a: Hawlucha|[miss]\n|-miss|p1a: Tornadus|p2a: Hawlucha\n|\n|-weather|Hail|[upkeep]\n|-damage|p2a: Hawlucha|76\/100|[from] Hail\n|-damage|p1a: Tornadus|54\/100|[from] Hail\n|upkeep\n|turn|11\n|\n|move|p2a: Hawlucha|Acrobatics|p1a: Tornadus\n|-crit|p1a: Tornadus\n|-damage|p1a: Tornadus|0 fnt\n|-damage|p2a: Hawlucha|59\/100|[from] item: Rocky Helmet|[of] p1a: Tornadus\n|faint|p1a: Tornadus\n|\n|-weather|none\n|upkeep\n|\n|switch|p1a: Kartana|Kartana|100\/100\n|turn|12\n|\n|move|p2a: Hawlucha|Acrobatics|p1a: Kartana\n|-damage|p1a: Kartana|0 fnt\n|faint|p1a: Kartana\n|\n|upkeep\n|\n|switch|p1a: Sharpedo|Sharpedo, F|100\/100\n|turn|13\n|\n|move|p1a: Sharpedo|Protect|p1a: Sharpedo\n|-singleturn|p1a: Sharpedo|Protect\n|move|p2a: Hawlucha|Acrobatics|p1a: Sharpedo\n|-activate|p1a: Sharpedo|move: Protect\n|\n|-fieldend|move: Electric Terrain\n|-ability|p1a: Sharpedo|Speed Boost|boost\n|-boost|p1a: Sharpedo|spe|1\n|upkeep\n|turn|14\n|\n|move|p1a: Sharpedo|Protect||[still]\n|-fail|p1a: Sharpedo\n|move|p2a: Hawlucha|Acrobatics|p1a: Sharpedo\n|-damage|p1a: Sharpedo|0 fnt\n|faint|p1a: Sharpedo\n|\n|upkeep\n|-message|TestingTesting1 forfeited.\n|\n|win|churab\n|l|\u2606TestingTesting1\n","uploadtime":1588213774,"views":0,"p1id":"testingtesting1","p2id":"churab","formatid":"gen7ou","rating":0,"private":0,"password":null}