{"id":"gen7ubers-1489936137","p1":"Kjhghghga","p2":"cows123p","format":"gen7ubers","log":"|j|\u2606Kjhghghga\n|j|\u2606cows123p\n|t:|1641971345\n|gametype|singles\n|player|p1|Kjhghghga|266|1040\n|player|p2|cows123p|twins-gen4dp|1138\n|teamsize|p1|6\n|teamsize|p2|6\n|gen|7\n|tier|[Gen 7] Ubers\n|rated|\n|rule|Sleep Clause Mod: Limit one foe put to sleep\n|rule|Species Clause: Limit one of each Pok\u00e9mon\n|rule|OHKO Clause: OHKO moves are banned\n|rule|Moody Clause: Moody is banned\n|rule|Evasion Moves Clause: Evasion moves are banned\n|rule|Endless Battle Clause: Forcing endless battles is banned\n|rule|HP Percentage Mod: HP is shown in percentages\n|rule|Mega Rayquaza Clause: You cannot mega evolve Rayquaza\n|clearpoke\n|poke|p1|Groudon|item\n|poke|p1|Kyogre|item\n|poke|p1|Salamence, M|item\n|poke|p1|Tapu Koko|item\n|poke|p1|Necrozma-Dawn-Wings|item\n|poke|p1|Xerneas|item\n|poke|p2|Xerneas|item\n|poke|p2|Magnezone|item\n|poke|p2|Galvantula, M|item\n|poke|p2|Garchomp, F|item\n|poke|p2|Scizor, M|item\n|poke|p2|Chansey, F|item\n|teampreview\n|\n|t:|1641971355\n|start\n|switch|p1a: Necrozma|Necrozma-Dawn-Wings, shiny|100\/100\n|switch|p2a: Galvantula|Galvantula, M|100\/100\n|turn|1\n|\n|t:|1641971361\n|detailschange|p1a: Necrozma|Necrozma-Ultra, shiny\n|-burst|p1a: Necrozma|Necrozma|Ultranecrozium Z\n|move|p2a: Galvantula|Sticky Web|p1a: Necrozma\n|-sidestart|p1: Kjhghghga|move: Sticky Web\n|move|p1a: Necrozma|Heat Wave|p2a: Galvantula|[miss]\n|-miss|p1a: Necrozma|p2a: Galvantula\n|\n|upkeep\n|turn|2\n|\n|t:|1641971367\n|switch|p2a: Chansey|Chansey, F|100\/100\n|move|p1a: Necrozma|Heat Wave|p2a: Chansey\n|-damage|p2a: Chansey|86\/100\n|\n|upkeep\n|turn|3\n|\n|t:|1641971381\n|move|p1a: Necrozma|Dragon Pulse|p2a: Chansey\n|-damage|p2a: Chansey|68\/100\n|move|p2a: Chansey|Thunder Wave|p1a: Necrozma\n|-status|p1a: Necrozma|par\n|\n|upkeep\n|turn|4\n|\n|t:|1641971391\n|switch|p2a: Xerneas|Xerneas|100\/100\n|-ability|p2a: Xerneas|Fairy Aura\n|move|p1a: Necrozma|Photon Geyser|p2a: Xerneas\n|-damage|p2a: Xerneas|38\/100\n|\n|upkeep\n|turn|5\n|\n|t:|1641971403\n|move|p2a: Xerneas|Moonblast|p1a: Necrozma\n|-supereffective|p1a: Necrozma\n|-damage|p1a: Necrozma|0 fnt\n|faint|p1a: Necrozma\n|\n|upkeep\n|\n|t:|1641971411\n|switch|p1a: Tapu Koko|Tapu Koko, shiny|100\/100\n|-activate|p1a: Tapu Koko|move: Sticky Web\n|-unboost|p1a: Tapu Koko|spe|1\n|-fieldstart|move: Electric Terrain|[from] ability: Electric Surge|[of] p1a: Tapu Koko\n|turn|6\n|\n|t:|1641971420\n|switch|p2a: Chansey|Chansey, F|68\/100\n|-zpower|p1a: Tapu Koko\n|move|p1a: Tapu Koko|Guardian of Alola|p2a: Chansey|[zeffect]\n|-damage|p2a: Chansey|17\/100\n|\n|upkeep\n|turn|7\n|\n|t:|1641971430\n|move|p1a: Tapu Koko|Dazzling Gleam|p2a: Chansey\n|-damage|p2a: Chansey|7\/100\n|move|p2a: Chansey|Soft-Boiled|p2a: Chansey\n|-heal|p2a: Chansey|57\/100\n|\n|upkeep\n|turn|8\n|\n|t:|1641971436\n|move|p1a: Tapu Koko|Thunderbolt|p2a: Chansey\n|-damage|p2a: Chansey|38\/100\n|move|p2a: Chansey|Toxic|p1a: Tapu Koko\n|-status|p1a: Tapu Koko|tox\n|\n|-damage|p1a: Tapu Koko|94\/100 tox|[from] psn\n|upkeep\n|turn|9\n|\n|t:|1641971446\n|switch|p2a: Garchomp|Garchomp, F|100\/100\n|move|p1a: Tapu Koko|U-turn|p2a: Garchomp\n|-damage|p2a: Garchomp|83\/100\n|-damage|p1a: Tapu Koko|82\/100 tox|[from] ability: Rough Skin|[of] p2a: Garchomp\n|\n|t:|1641971453\n|switch|p1a: Kyogre|Kyogre, shiny|100\/100|[from]move: U-turn\n|-activate|p1a: Kyogre|move: Sticky Web\n|-unboost|p1a: Kyogre|spe|1\n|detailschange|p1a: Kyogre|Kyogre-Primal, shiny\n|-primal|p1a: Kyogre\n|-weather|PrimordialSea|[from] ability: Primordial Sea|[of] p1a: Kyogre\n|\n|-weather|PrimordialSea|[upkeep]\n|upkeep\n|turn|10\n|\n|t:|1641971464\n|switch|p2a: Chansey|Chansey, F|38\/100\n|move|p1a: Kyogre|Ice Beam|p2a: Chansey\n|-damage|p2a: Chansey|26\/100\n|\n|-weather|PrimordialSea|[upkeep]\n|-fieldend|move: Electric Terrain\n|upkeep\n|turn|11\n|\n|t:|1641971476\n|move|p1a: Kyogre|Thunder|p2a: Chansey\n|-damage|p2a: Chansey|12\/100\n|move|p2a: Chansey|Soft-Boiled|p2a: Chansey\n|-heal|p2a: Chansey|62\/100\n|\n|-weather|PrimordialSea|[upkeep]\n|upkeep\n|turn|12\n|\n|t:|1641971482\n|move|p1a: Kyogre|Water Spout|p2a: Chansey\n|-damage|p2a: Chansey|15\/100\n|move|p2a: Chansey|Thunder Wave|p1a: Kyogre\n|-status|p1a: Kyogre|par\n|\n|-weather|PrimordialSea|[upkeep]\n|upkeep\n|turn|13\n|\n|t:|1641971489\n|move|p2a: Chansey|Soft-Boiled|p2a: Chansey\n|-heal|p2a: Chansey|65\/100\n|cant|p1a: Kyogre|par\n|\n|-weather|PrimordialSea|[upkeep]\n|upkeep\n|turn|14\n|\n|t:|1641971495\n|-weather|none\n|switch|p1a: Groudon|Groudon, shiny|100\/100\n|-activate|p1a: Groudon|move: Sticky Web\n|-unboost|p1a: Groudon|spe|1\n|detailschange|p1a: Groudon|Groudon-Primal, shiny\n|-primal|p1a: Groudon\n|-weather|DesolateLand|[from] ability: Desolate Land|[of] p1a: Groudon\n|move|p2a: Chansey|Seismic Toss|p1a: Groudon\n|-damage|p1a: Groudon|71\/100\n|\n|-weather|DesolateLand|[upkeep]\n|upkeep\n|turn|15\n|\n|t:|1641971506\n|switch|p2a: Garchomp|Garchomp, F|83\/100\n|move|p1a: Groudon|Hammer Arm|p2a: Garchomp\n|-damage|p2a: Garchomp|39\/100\n|-unboost|p1a: Groudon|spe|1\n|-damage|p1a: Groudon|59\/100|[from] ability: Rough Skin|[of] p2a: Garchomp\n|\n|-weather|DesolateLand|[upkeep]\n|upkeep\n|turn|16\n|\n|t:|1641971518\n|move|p2a: Garchomp|Dragon Claw|p1a: Groudon\n|-damage|p1a: Groudon|25\/100\n|-damage|p2a: Garchomp|29\/100|[from] item: Life Orb\n|move|p1a: Groudon|Precipice Blades|p2a: Garchomp\n|-damage|p2a: Garchomp|0 fnt\n|faint|p2a: Garchomp\n|\n|-weather|DesolateLand|[upkeep]\n|upkeep\n|\n|t:|1641971528\n|switch|p2a: Xerneas|Xerneas|38\/100\n|-ability|p2a: Xerneas|Fairy Aura\n|turn|17\n|\n|t:|1641971533\n|-weather|none\n|switch|p1a: Xerneas|Xerneas, shiny|100\/100\n|-activate|p1a: Xerneas|move: Sticky Web\n|-unboost|p1a: Xerneas|spe|1\n|-ability|p1a: Xerneas|Fairy Aura\n|move|p2a: Xerneas|Moonblast|p1a: Xerneas\n|-damage|p1a: Xerneas|24\/100\n|\n|upkeep\n|turn|18\n|\n|t:|1641971543\n|move|p2a: Xerneas|Moonblast|p1a: Xerneas\n|-damage|p1a: Xerneas|0 fnt\n|faint|p1a: Xerneas\n|\n|upkeep\n|\n|t:|1641971547\n|switch|p1a: Salamence|Salamence, M, shiny|100\/100\n|-ability|p1a: Salamence|Intimidate|boost\n|-unboost|p2a: Xerneas|atk|1\n|turn|19\n|\n|t:|1641971559\n|switch|p2a: Galvantula|Galvantula, M|100\/100\n|move|p1a: Salamence|Double-Edge|p2a: Galvantula\n|-damage|p2a: Galvantula|12\/100\n|-damage|p1a: Salamence|76\/100|[from] Recoil\n|\n|upkeep\n|turn|20\n|\n|t:|1641971566\n|move|p2a: Galvantula|Thunder|p1a: Salamence\n|-damage|p1a: Salamence|17\/100\n|move|p1a: Salamence|Rock Slide|p2a: Galvantula\n|-supereffective|p2a: Galvantula\n|-damage|p2a: Galvantula|0 fnt\n|faint|p2a: Galvantula\n|\n|upkeep\n|\n|t:|1641971575\n|switch|p2a: Scizor|Scizor, M|100\/100\n|turn|21\n|\n|t:|1641971580\n|detailschange|p1a: Salamence|Salamence-Mega, M, shiny\n|-mega|p1a: Salamence|Salamence|Salamencite\n|move|p2a: Scizor|Bullet Punch|p1a: Salamence\n|-damage|p1a: Salamence|0 fnt\n|faint|p1a: Salamence\n|\n|upkeep\n|\n|t:|1641971586\n|switch|p1a: Groudon|Groudon-Primal, shiny|25\/100\n|-activate|p1a: Groudon|move: Sticky Web\n|-unboost|p1a: Groudon|spe|1\n|-weather|DesolateLand|[from] ability: Desolate Land|[of] p1a: Groudon\n|turn|22\n|\n|t:|1641971593\n|move|p2a: Scizor|Bullet Punch|p1a: Groudon\n|-resisted|p1a: Groudon\n|-damage|p1a: Groudon|9\/100\n|move|p1a: Groudon|Fire Punch|p2a: Scizor\n|-supereffective|p2a: Scizor\n|-damage|p2a: Scizor|0 fnt\n|faint|p2a: Scizor\n|\n|-weather|DesolateLand|[upkeep]\n|upkeep\n|\n|t:|1641971601\n|switch|p2a: Xerneas|Xerneas|38\/100\n|-ability|p2a: Xerneas|Fairy Aura\n|turn|23\n|\n|t:|1641971608\n|move|p2a: Xerneas|Moonblast|p1a: Groudon\n|-resisted|p1a: Groudon\n|-damage|p1a: Groudon|0 fnt\n|faint|p1a: Groudon\n|-weather|none\n|\n|upkeep\n|\n|t:|1641971616\n|switch|p1a: Tapu Koko|Tapu Koko, shiny|82\/100 tox\n|-activate|p1a: Tapu Koko|move: Sticky Web\n|-unboost|p1a: Tapu Koko|spe|1\n|-fieldstart|move: Electric Terrain|[from] ability: Electric Surge|[of] p1a: Tapu Koko\n|turn|24\n|\n|t:|1641971621\n|move|p2a: Xerneas|Moonblast|p1a: Tapu Koko\n|-damage|p1a: Tapu Koko|0 fnt\n|faint|p1a: Tapu Koko\n|\n|upkeep\n|\n|t:|1641971626\n|switch|p1a: Kyogre|Kyogre-Primal, shiny|100\/100 par\n|-activate|p1a: Kyogre|move: Sticky Web\n|-unboost|p1a: Kyogre|spe|1\n|-weather|PrimordialSea|[from] ability: Primordial Sea|[of] p1a: Kyogre\n|turn|25\n|\n|t:|1641971632\n|move|p2a: Xerneas|Moonblast|p1a: Kyogre\n|-damage|p1a: Kyogre|27\/100 par\n|cant|p1a: Kyogre|par\n|\n|-weather|PrimordialSea|[upkeep]\n|upkeep\n|turn|26\n|-message|Kjhghghga forfeited.\n|\n|win|cows123p\n|raw|Kjhghghga's rating: 1040 &rarr; <strong>1028<\/strong><br \/>(-12 for losing)\n|raw|cows123p's rating: 1138 &rarr; <strong>1156<\/strong><br \/>(+18 for winning)\n|l|\u2606Kjhghghga\n","uploadtime":1641971641,"views":18,"p1id":"kjhghghga","p2id":"cows123p","formatid":"gen7ubers","rating":1028,"private":0,"password":null}