{"id":"gen7ou-651491907","p1":"logic warrior","p2":"Candice","format":"gen7ou","log":"|j|logic warrior\n|j|Candice\n|player|p1|logic warrior|170\n|teamsize|p1|6\n|player|p2|Candice|102\n|teamsize|p2|6\n|gametype|singles\n|gen|7\n|tier|[Gen 7] OU\n|rated|\n|seed|13369,6913,30377,54206\n|rule|Sleep Clause Mod: Limit one foe put to sleep\n|rule|Species Clause: Limit one of each Pok\u00e9mon\n|rule|OHKO Clause: OHKO moves are banned\n|rule|Moody Clause: Moody is banned\n|rule|Evasion Moves Clause: Evasion moves are banned\n|rule|Endless Battle Clause: Forcing endless battles is banned\n|rule|HP Percentage Mod: HP is shown in percentages\n|clearpoke\n|poke|p1|Excadrill, F|item\n|poke|p1|Charizard, M|item\n|poke|p1|Landorus-Therian, M|item\n|poke|p1|Greninja, M|item\n|poke|p1|Tyranitar, M|item\n|poke|p1|Tangrowth, F|item\n|poke|p2|Landorus-Therian, M|item\n|poke|p2|Diancie|item\n|poke|p2|Mantine, F|item\n|poke|p2|Marowak-Alola, M|item\n|poke|p2|Tapu Lele|item\n|poke|p2|Celesteela|item\n|teampreview\n|choice|team 3, team 2, team 1, team 4, team 5, team 6|team 5, team 2, team 3, team 4, team 1, team 6\n|\n|start\n|switch|p1a: Landorus|Landorus-Therian, M|382\/382\n|switch|p2a: Tapu Lele|Tapu Lele|281\/281\n|-fieldstart|move: Psychic Terrain|[from] ability: Psychic Surge|[of] p2a: Tapu Lele\n|-ability|p1a: Landorus|Intimidate|boost\n|-unboost|p2a: Tapu Lele|atk|1\n|turn|1\n|j|THISxGUYx510\n|choice|switch 6|move moonblast\n|\n|switch|p1a: Tangrowth|Tangrowth, F|404\/404\n|move|p2a: Tapu Lele|Moonblast|p1a: Tangrowth\n|-damage|p1a: Tangrowth|274\/404\n|-unboost|p1a: Tangrowth|spa|1\n|\n|upkeep\n|turn|2\n|choice|move knockoff|switch 5\n|\n|switch|p2a: Landorus|Landorus-Therian, M|319\/319\n|-ability|p2a: Landorus|Intimidate|boost\n|-unboost|p1a: Tangrowth|atk|1\n|move|p1a: Tangrowth|Knock Off|p2a: Landorus\n|-damage|p2a: Landorus|280\/319\n|\n|upkeep\n|turn|3\n|choice|switch 6|move stealthrock\n|\n|switch|p1a: Landorus|Landorus-Therian, M|382\/382\n|-ability|p1a: Landorus|Intimidate|boost\n|-unboost|p2a: Landorus|atk|1\n|move|p2a: Landorus|Stealth Rock|p1a: Landorus\n|-sidestart|p1: logic warrior|move: Stealth Rock\n|\n|upkeep\n|turn|4\n|choice|move stealthrock|switch 6\n|\n|switch|p2a: Celesteela|Celesteela|398\/398\n|move|p1a: Landorus|Stealth Rock|p2a: Celesteela\n|-sidestart|p2: Candice|move: Stealth Rock\n|\n|upkeep\n|turn|5\n|choice|move uturn|move leechseed\n|\n|move|p1a: Landorus|U-turn|p2a: Celesteela\n|-resisted|p2a: Celesteela\n|-damage|p2a: Celesteela|384\/398\n|choice|switch 6|\n|\n|switch|p1a: Tangrowth|Tangrowth, F|404\/404\n|-damage|p1a: Tangrowth|354\/404|[from] Stealth Rock\n|move|p2a: Celesteela|Leech Seed|p1a: Tangrowth\n|-immune|p1a: Tangrowth|[msg]\n|\n|-heal|p2a: Celesteela|398\/398|[from] item: Leftovers\n|-fieldend|move: Psychic Terrain\n|upkeep\n|turn|6\n|choice|move knockoff|switch 6\n|\n|switch|p2a: Landorus|Landorus-Therian, M|280\/319\n|-damage|p2a: Landorus|241\/319|[from] Stealth Rock\n|-ability|p2a: Landorus|Intimidate|boost\n|-unboost|p1a: Tangrowth|atk|1\n|move|p1a: Tangrowth|Knock Off|p2a: Landorus\n|-damage|p2a: Landorus|205\/319\n|\n|upkeep\n|turn|7\n|choice|switch 6|move smackdown\n|\n|switch|p1a: Landorus|Landorus-Therian, M|382\/382\n|-damage|p1a: Landorus|335\/382|[from] Stealth Rock\n|-ability|p1a: Landorus|Intimidate|boost\n|-unboost|p2a: Landorus|atk|1\n|move|p2a: Landorus|Smack Down|p1a: Landorus\n|-damage|p1a: Landorus|295\/382\n|-start|p1a: Landorus|Smack Down\n|\n|-heal|p1a: Landorus|318\/382|[from] item: Leftovers\n|upkeep\n|turn|8\n|choice|move hiddenpower|switch 6\n|\n|switch|p2a: Celesteela|Celesteela|398\/398\n|-damage|p2a: Celesteela|349\/398|[from] Stealth Rock\n|move|p1a: Landorus|Hidden Power|p2a: Celesteela\n|-damage|p2a: Celesteela|309\/398\n|\n|-heal|p1a: Landorus|341\/382|[from] item: Leftovers\n|-heal|p2a: Celesteela|333\/398|[from] item: Leftovers\n|upkeep\n|turn|9\n|choice|move uturn|move flamethrower\n|\n|move|p1a: Landorus|U-turn|p2a: Celesteela\n|-resisted|p2a: Celesteela\n|-damage|p2a: Celesteela|318\/398\n|choice|switch 6|\n|\n|switch|p1a: Tangrowth|Tangrowth, F|404\/404\n|-damage|p1a: Tangrowth|354\/404|[from] Stealth Rock\n|move|p2a: Celesteela|Flamethrower|p1a: Tangrowth\n|-supereffective|p1a: Tangrowth\n|-damage|p1a: Tangrowth|244\/404\n|\n|-heal|p2a: Celesteela|342\/398|[from] item: Leftovers\n|upkeep\n|turn|10\n|choice|move knockoff|move protect\n|\n|move|p2a: Celesteela|Protect|p2a: Celesteela\n|-singleturn|p2a: Celesteela|Protect\n|move|p1a: Tangrowth|Knock Off|p2a: Celesteela\n|-activate|p2a: Celesteela|move: Protect\n|\n|-heal|p2a: Celesteela|366\/398|[from] item: Leftovers\n|upkeep\n|turn|11\n|choice|move knockoff|move flamethrower\n|\n|move|p2a: Celesteela|Flamethrower|p1a: Tangrowth\n|-supereffective|p1a: Tangrowth\n|-damage|p1a: Tangrowth|136\/404\n|move|p1a: Tangrowth|Knock Off|p2a: Celesteela\n|-damage|p2a: Celesteela|307\/398\n|-enditem|p2a: Celesteela|Leftovers|[from] move: Knock Off|[of] p1a: Tangrowth\n|\n|upkeep\n|turn|12\n|choice|switch 4|move leechseed\n|\n|switch|p1a: Greninja|Greninja, M|285\/285\n|-damage|p1a: Greninja|250\/285|[from] Stealth Rock\n|move|p2a: Celesteela|Leech Seed|p1a: Greninja\n|-start|p1a: Greninja|move: Leech Seed\n|\n|-damage|p1a: Greninja|215\/285|[from] Leech Seed|[of] p2a: Celesteela\n|-heal|p2a: Celesteela|342\/398|[silent]\n|upkeep\n|turn|13\n|choice|switch 4|move protect\n|\n|switch|p1a: Tangrowth|Tangrowth, F|270\/404\n|-damage|p1a: Tangrowth|220\/404|[from] Stealth Rock\n|move|p2a: Celesteela|Protect|p2a: Celesteela\n|-fail|p2a: Celesteela\n|\n|upkeep\n|turn|14\n|choice|switch 4|move flamethrower\n|\n|switch|p1a: Greninja|Greninja, M|215\/285\n|-damage|p1a: Greninja|180\/285|[from] Stealth Rock\n|move|p2a: Celesteela|Flamethrower|p1a: Greninja\n|-resisted|p1a: Greninja\n|-damage|p1a: Greninja|128\/285\n|\n|upkeep\n|turn|15\n|choice|move darkpulse|move protect\n|\n|move|p2a: Celesteela|Protect|p2a: Celesteela\n|-singleturn|p2a: Celesteela|Protect\n|move|p1a: Greninja|Dark Pulse|p2a: Celesteela\n|-activate|p2a: Celesteela|move: Protect\n|\n|upkeep\n|turn|16\n|choice|move darkpulse|move heavyslam\n|\n|move|p1a: Greninja|Dark Pulse|p2a: Celesteela\n|-damage|p2a: Celesteela|168\/398\n|move|p2a: Celesteela|Heavy Slam|p1a: Greninja\n|-resisted|p1a: Greninja\n|-damage|p1a: Greninja|27\/285\n|\n|upkeep\n|turn|17\n|choice|move darkpulse|switch 2\n|\n|switch|p2a: Diancie|Diancie|241\/241\n|-damage|p2a: Diancie|211\/241|[from] Stealth Rock\n|move|p1a: Greninja|Dark Pulse|p2a: Diancie\n|-resisted|p2a: Diancie\n|-damage|p2a: Diancie|142\/241\n|\n|upkeep\n|turn|18\n|choice|move darkpulse|move moonblast mega\n|\n|detailschange|p2a: Diancie|Diancie-Mega\n|-mega|p2a: Diancie|Diancie|Diancite\n|move|p1a: Greninja|Dark Pulse|p2a: Diancie\n|-resisted|p2a: Diancie\n|-damage|p2a: Diancie|51\/241\n|move|p2a: Diancie|Moonblast|p1a: Greninja\n|-supereffective|p1a: Greninja\n|-damage|p1a: Greninja|0 fnt\n|faint|p1a: Greninja\n|\n|upkeep\n|choice|switch 6|\n|\n|switch|p1a: Landorus|Landorus-Therian, M|341\/382\n|-damage|p1a: Landorus|294\/382|[from] Stealth Rock\n|-ability|p1a: Landorus|Intimidate|boost\n|-unboost|p2a: Diancie|atk|1\n|turn|19\n|choice|move earthquake|switch 2\n|\n|switch|p2a: Celesteela|Celesteela|168\/398\n|-damage|p2a: Celesteela|119\/398|[from] Stealth Rock\n|move|p1a: Landorus|Earthquake|p2a: Celesteela\n|-immune|p2a: Celesteela|[msg]\n|\n|-heal|p1a: Landorus|317\/382|[from] item: Leftovers\n|upkeep\n|turn|20\n|choice|move uturn|move flamethrower\n|\n|move|p1a: Landorus|U-turn|p2a: Celesteela\n|-resisted|p2a: Celesteela\n|-damage|p2a: Celesteela|105\/398\n|choice|switch 4|\n|\n|switch|p1a: Tangrowth|Tangrowth, F|354\/404\n|-damage|p1a: Tangrowth|304\/404|[from] Stealth Rock\n|move|p2a: Celesteela|Flamethrower|p1a: Tangrowth\n|-supereffective|p1a: Tangrowth\n|-damage|p1a: Tangrowth|198\/404\n|\n|upkeep\n|turn|21\n|choice|switch 5|move leechseed\n|\n|switch|p1a: Tyranitar|Tyranitar, M|341\/341\n|-damage|p1a: Tyranitar|299\/341|[from] Stealth Rock\n|-weather|Sandstorm|[from] ability: Sand Stream|[of] p1a: Tyranitar\n|move|p2a: Celesteela|Leech Seed|p1a: Tyranitar\n|-start|p1a: Tyranitar|move: Leech Seed\n|\n|-weather|Sandstorm|[upkeep]\n|-damage|p1a: Tyranitar|257\/341|[from] Leech Seed|[of] p2a: Celesteela\n|-heal|p2a: Celesteela|147\/398|[silent]\n|upkeep\n|turn|22\n|choice|move crunch|move protect\n|\n|move|p2a: Celesteela|Protect|p2a: Celesteela\n|-singleturn|p2a: Celesteela|Protect\n|move|p1a: Tyranitar|Crunch|p2a: Celesteela\n|-activate|p2a: Celesteela|move: Protect\n|\n|-weather|Sandstorm|[upkeep]\n|-damage|p1a: Tyranitar|215\/341|[from] Leech Seed|[of] p2a: Celesteela\n|-heal|p2a: Celesteela|189\/398|[silent]\n|upkeep\n|turn|23\n|choice|move crunch|move heavyslam\n|\n|move|p1a: Tyranitar|Crunch|p2a: Celesteela\n|-damage|p2a: Celesteela|0 fnt\n|faint|p2a: Celesteela\n|\n|-weather|Sandstorm|[upkeep]\n|upkeep\n|choice||switch 6\n|\n|switch|p2a: Landorus|Landorus-Therian, M|205\/319\n|-damage|p2a: Landorus|166\/319|[from] Stealth Rock\n|-ability|p2a: Landorus|Intimidate|boost\n|-unboost|p1a: Tyranitar|atk|1\n|turn|24\n|choice|switch 5|move fly zmove\n|\n|switch|p1a: Tangrowth|Tangrowth, F|332\/404\n|-damage|p1a: Tangrowth|282\/404|[from] Stealth Rock\n|-zpower|p2a: Landorus\n|move|p2a: Landorus|Supersonic Skystrike|p1a: Tangrowth|[zeffect]\n|-supereffective|p1a: Tangrowth\n|-damage|p1a: Tangrowth|0 fnt\n|faint|p1a: Tangrowth\n|\n|-weather|Sandstorm|[upkeep]\n|upkeep\n|choice|switch 2|\n|\n|switch|p1a: Charizard|Charizard, M, shiny|297\/297\n|-damage|p1a: Charizard|149\/297|[from] Stealth Rock\n|turn|25\n|choice|move solarbeam mega|switch 3\n|\n|switch|p2a: Mantine|Mantine, F|373\/373\n|-damage|p2a: Mantine|280\/373|[from] Stealth Rock\n|detailschange|p1a: Charizard|Charizard-Mega-Y, M, shiny\n|-mega|p1a: Charizard|Charizard|Charizardite Y\n|-weather|SunnyDay|[from] ability: Drought|[of] p1a: Charizard\n|move|p1a: Charizard|Solar Beam|p2a: Mantine|[still]\n|-prepare|p1a: Charizard|Solar Beam|p2a: Mantine\n|-anim|p1a: Charizard|Solar Beam|p2a: Mantine\n|-damage|p2a: Mantine|172\/373\n|\n|-weather|SunnyDay|[upkeep]\n|-heal|p2a: Mantine|195\/373|[from] item: Leftovers\n|upkeep\n|turn|26\n|choice|move roost|move roost\n|\n|move|p1a: Charizard|Roost|p1a: Charizard\n|-heal|p1a: Charizard|297\/297\n|move|p2a: Mantine|Roost|p2a: Mantine\n|-heal|p2a: Mantine|373\/373\n|\n|-weather|SunnyDay|[upkeep]\n|upkeep\n|turn|27\n|choice|move flamethrower|move scald\n|\n|move|p1a: Charizard|Flamethrower|p2a: Mantine\n|-resisted|p2a: Mantine\n|-damage|p2a: Mantine|282\/373\n|move|p2a: Mantine|Scald|p1a: Charizard\n|-supereffective|p1a: Charizard\n|-damage|p1a: Charizard|229\/297\n|\n|-weather|SunnyDay|[upkeep]\n|-heal|p2a: Mantine|305\/373|[from] item: Leftovers\n|upkeep\n|turn|28\n|choice|move flamethrower|move scald\n|\n|move|p1a: Charizard|Flamethrower|p2a: Mantine\n|-resisted|p2a: Mantine\n|-damage|p2a: Mantine|215\/373\n|-status|p2a: Mantine|brn\n|move|p2a: Mantine|Scald|p1a: Charizard\n|-supereffective|p1a: Charizard\n|-damage|p1a: Charizard|157\/297\n|\n|-weather|SunnyDay|[upkeep]\n|-heal|p2a: Mantine|238\/373 brn|[from] item: Leftovers\n|-damage|p2a: Mantine|215\/373 brn|[from] brn\n|upkeep\n|turn|29\n|choice|move roost|move roost\n|\n|move|p1a: Charizard|Roost|p1a: Charizard\n|-heal|p1a: Charizard|297\/297\n|move|p2a: Mantine|Roost|p2a: Mantine\n|-heal|p2a: Mantine|373\/373 brn\n|\n|-weather|none\n|-damage|p2a: Mantine|350\/373 brn|[from] brn\n|upkeep\n|turn|30\n|choice|move flamethrower|move scald\n|\n|move|p1a: Charizard|Flamethrower|p2a: Mantine\n|-resisted|p2a: Mantine\n|-damage|p2a: Mantine|296\/373 brn\n|move|p2a: Mantine|Scald|p1a: Charizard\n|-supereffective|p1a: Charizard\n|-damage|p1a: Charizard|153\/297\n|\n|-heal|p2a: Mantine|319\/373 brn|[from] item: Leftovers\n|-damage|p2a: Mantine|296\/373 brn|[from] brn\n|upkeep\n|turn|31\n|choice|move flamethrower|move scald\n|\n|move|p1a: Charizard|Flamethrower|p2a: Mantine\n|-resisted|p2a: Mantine\n|-damage|p2a: Mantine|240\/373 brn\n|move|p2a: Mantine|Scald|p1a: Charizard\n|-supereffective|p1a: Charizard\n|-damage|p1a: Charizard|19\/297\n|\n|-heal|p2a: Mantine|263\/373 brn|[from] item: Leftovers\n|-damage|p2a: Mantine|240\/373 brn|[from] brn\n|upkeep\n|turn|32\n|choice|move flamethrower|move roost\n|\n|move|p1a: Charizard|Flamethrower|p2a: Mantine\n|-resisted|p2a: Mantine\n|-crit|p2a: Mantine\n|-damage|p2a: Mantine|158\/373 brn\n|move|p2a: Mantine|Roost|p2a: Mantine\n|-heal|p2a: Mantine|345\/373 brn\n|\n|-heal|p2a: Mantine|368\/373 brn|[from] item: Leftovers\n|-damage|p2a: Mantine|345\/373 brn|[from] brn\n|upkeep\n|turn|33\n|choice|move roost|move scald\n|\n|move|p1a: Charizard|Roost|p1a: Charizard\n|-heal|p1a: Charizard|168\/297\n|move|p2a: Mantine|Scald|p1a: Charizard\n|-supereffective|p1a: Charizard\n|-damage|p1a: Charizard|34\/297\n|\n|-heal|p2a: Mantine|368\/373 brn|[from] item: Leftovers\n|-damage|p2a: Mantine|345\/373 brn|[from] brn\n|upkeep\n|turn|34\n|choice|move flamethrower|move scald\n|\n|move|p1a: Charizard|Flamethrower|p2a: Mantine\n|-resisted|p2a: Mantine\n|-damage|p2a: Mantine|288\/373 brn\n|move|p2a: Mantine|Scald|p1a: Charizard\n|-supereffective|p1a: Charizard\n|-damage|p1a: Charizard|0 fnt\n|faint|p1a: Charizard\n|\n|-heal|p2a: Mantine|311\/373 brn|[from] item: Leftovers\n|-damage|p2a: Mantine|288\/373 brn|[from] brn\n|upkeep\n|choice|switch 5|\n|\n|switch|p1a: Tyranitar|Tyranitar, M|215\/341\n|-damage|p1a: Tyranitar|173\/341|[from] Stealth Rock\n|-weather|Sandstorm|[from] ability: Sand Stream|[of] p1a: Tyranitar\n|turn|35\n|choice|move crunch|move scald\n|\n|move|p1a: Tyranitar|Crunch|p2a: Mantine\n|-damage|p2a: Mantine|23\/373 brn\n|move|p2a: Mantine|Scald|p1a: Tyranitar\n|-supereffective|p1a: Tyranitar\n|-damage|p1a: Tyranitar|75\/341\n|-status|p1a: Tyranitar|brn\n|\n|-weather|Sandstorm|[upkeep]\n|-damage|p2a: Mantine|0 fnt|[from] sandstorm\n|-damage|p1a: Tyranitar|54\/341 brn|[from] brn\n|upkeep\n|faint|p2a: Mantine\n|choice||switch 3\n|\n|switch|p2a: Landorus|Landorus-Therian, M|166\/319\n|-damage|p2a: Landorus|127\/319|[from] Stealth Rock\n|-ability|p2a: Landorus|Intimidate|boost\n|-unboost|p1a: Tyranitar|atk|1\n|turn|36\n|choice|switch 4|move earthquake\n|\n|switch|p1a: Landorus|Landorus-Therian, M|317\/382\n|-damage|p1a: Landorus|270\/382|[from] Stealth Rock\n|-ability|p1a: Landorus|Intimidate|boost\n|-unboost|p2a: Landorus|atk|1\n|move|p2a: Landorus|Earthquake|p1a: Landorus\n|-immune|p1a: Landorus|[msg]\n|\n|-weather|Sandstorm|[upkeep]\n|-heal|p1a: Landorus|293\/382|[from] item: Leftovers\n|upkeep\n|turn|37\n|choice|move uturn|switch 4\n|\n|switch|p2a: Phosfort|Marowak-Alola, M|295\/295\n|-damage|p2a: Phosfort|222\/295|[from] Stealth Rock\n|move|p1a: Landorus|U-turn|p2a: Phosfort\n|-resisted|p2a: Phosfort\n|-damage|p2a: Phosfort|203\/295\n|choice|switch 3|\n|\n|switch|p1a: Excadrill|Excadrill, F|361\/361\n|-damage|p1a: Excadrill|350\/361|[from] Stealth Rock\n|\n|-weather|Sandstorm|[upkeep]\n|-damage|p2a: Phosfort|185\/295|[from] sandstorm\n|upkeep\n|turn|38\n|choice|move earthquake|move shadowbone\n|\n|move|p1a: Excadrill|Earthquake|p2a: Phosfort\n|-supereffective|p2a: Phosfort\n|-damage|p2a: Phosfort|0 fnt\n|faint|p2a: Phosfort\n|\n|-weather|Sandstorm|[upkeep]\n|upkeep\n|choice||switch 4\n|\n|switch|p2a: Landorus|Landorus-Therian, M|127\/319\n|-damage|p2a: Landorus|88\/319|[from] Stealth Rock\n|-ability|p2a: Landorus|Intimidate|boost\n|-unboost|p1a: Excadrill|atk|1\n|turn|39\n|choice|move ironhead zmove|move smackdown\n|\n|-zpower|p1a: Excadrill\n|move|p1a: Excadrill|Corkscrew Crash|p2a: Landorus|[zeffect]\n|-damage|p2a: Landorus|0 fnt\n|faint|p2a: Landorus\n|\n|-weather|none\n|upkeep\n|choice||switch 2\n|\n|switch|p2a: Diancie|Diancie-Mega|51\/241\n|-damage|p2a: Diancie|21\/241|[from] Stealth Rock\n|turn|40\n|choice|switch 4|move diamondstorm\n|\n|switch|p1a: Tyranitar|Tyranitar, M|54\/341 brn\n|-damage|p1a: Tyranitar|12\/341 brn|[from] Stealth Rock\n|-weather|Sandstorm|[from] ability: Sand Stream|[of] p1a: Tyranitar\n|move|p2a: Diancie|Diamond Storm|p1a: Tyranitar\n|-damage|p1a: Tyranitar|0 fnt\n|-boost|p2a: Diancie|def|2\n|faint|p1a: Tyranitar\n|\n|-weather|Sandstorm|[upkeep]\n|upkeep\n|choice|switch 4|\n|\n|switch|p1a: Excadrill|Excadrill, F|350\/361\n|-damage|p1a: Excadrill|339\/361|[from] Stealth Rock\n|turn|41\n|choice|move ironhead|move earthpower\n|\n|move|p1a: Excadrill|Iron Head|p2a: Diancie\n|-supereffective|p2a: Diancie\n|-damage|p2a: Diancie|0 fnt\n|faint|p2a: Diancie\n|\n|-weather|Sandstorm|[upkeep]\n|upkeep\n|-message|Candice forfeited.\n|\n|win|logic warrior\n|l|Candice\n|c|\u2606logic warrior|gg\n|raw|logic warrior's rating: 1560 &rarr; <strong>1582<\/strong><br \/>(+22 for winning)\n|raw|Candice's rating: 1499 &rarr; <strong>1483<\/strong><br \/>(-16 for losing)","inputlog":null,"uploadtime":1509172019,"views":3,"p1id":"logicwarrior","p2id":"candice","formatid":"gen7ou","rating":1483,"private":0,"password":null}