{"id":"gen7ou-605051590","p1":"MasterofCeremonies","p2":"Pokefreak77","format":"gen7ou","log":"|j|MasterofCeremonies\n|j|Pokefreak77\n|player|p1|MasterofCeremonies|102\n|teamsize|p1|6\n|player|p2|Pokefreak77|#zinnia\n|teamsize|p2|6\n|gametype|singles\n|gen|7\n|tier|[Gen 7] OU\n|rated\n|seed|42419,9132,13682,18899\n|clearpoke\n|poke|p1|Venusaur, F|item\n|poke|p1|Keldeo-Resolute|item\n|poke|p1|Skarmory, F|item\n|poke|p1|Chansey, F|item\n|poke|p1|Heatran, M|item\n|poke|p1|Bisharp, F|item\n|poke|p2|Gogoat, M|item\n|poke|p2|Magnezone|item\n|poke|p2|Tapu Fini|item\n|poke|p2|Steelix, M|item\n|poke|p2|Tornadus-Therian, M|item\n|poke|p2|Garchomp, M|item\n|rule|Sleep Clause Mod: Limit one foe put to sleep\n|rule|Species Clause: Limit one of each Pok\u00e9mon\n|rule|OHKO Clause: OHKO moves are banned\n|rule|Moody Clause: Moody is banned\n|rule|Evasion Moves Clause: Evasion moves are banned\n|rule|Endless Battle Clause: Forcing endless battles is banned\n|rule|HP Percentage Mod: HP is shown in percentages\n|teampreview\n|inactive|Battle timer is ON: inactive players will automatically lose when time's up. (requested by MasterofCeremonies)\n|raw|<div class=\"broadcast-red\"><strong>Moderated join is set to sync with modchat!<\/strong><br \/>Only users who can speak in modchat can join.<\/div>\n|c|\u2606MasterofCeremonies|\/log MasterofCeremonies set modjoin to sync with modchat.\n|raw|<div class=\"broadcast-red\"><strong>Moderated chat was set to +!<\/strong><br \/>Only users of rank + and higher can talk.<\/div>\n|c|\u2606MasterofCeremonies|\/log MasterofCeremonies made this room hidden.\n|choice|team 2, team 1, team 3, team 4, team 5, team 6|team 5, team 2, team 3, team 4, team 1, team 6\n|\n|start\n|switch|p1a: Keldeo|Keldeo-Resolute|324\/324\n|switch|p2a: Tornadus|Tornadus-Therian, M|299\/299\n|turn|1\n|choice|switch 5|move hurricane\n|\n|switch|p1a: Heatran|Heatran, M|358\/358\n|move|p2a: Tornadus|Hurricane|p1a: Heatran\n|-resisted|p1a: Heatran\n|-damage|p1a: Heatran|261\/358\n|-start|p1a: Heatran|confusion\n|-damage|p2a: Tornadus|270\/299|[from] item: Life Orb\n|\n|-heal|p1a: Heatran|283\/358|[from] item: Leftovers\n|upkeep\n|turn|2\n|choice|move stealthrock|move taunt\n|\n|move|p2a: Tornadus|Taunt|p1a: Heatran\n|-start|p1a: Heatran|move: Taunt\n|cant|p1a: Heatran|move: Taunt|Stealth Rock\n|\n|-heal|p1a: Heatran|305\/358|[from] item: Leftovers\n|upkeep\n|turn|3\n|choice|move lavaplume|move uturn\n|\n|move|p2a: Tornadus|U-turn|p1a: Heatran\n|-resisted|p1a: Heatran\n|-damage|p1a: Heatran|289\/358\n|-damage|p2a: Tornadus|241\/299|[from] item: Life Orb\n|choice||switch 3\n|\n|switch|p2a: Tapu Fini|Tapu Fini|343\/343\n|-fieldstart|move: Misty Terrain|[from] ability: Misty Surge|[of] p2a: Tapu Fini\n|-activate|p1a: Heatran|confusion\n|move|p1a: Heatran|Lava Plume|p2a: Tapu Fini\n|-resisted|p2a: Tapu Fini\n|-damage|p2a: Tapu Fini|298\/343\n|\n|-heal|p1a: Heatran|311\/358|[from] item: Leftovers\n|-heal|p2a: Tapu Fini|319\/343|[from] item: Leftovers\n|upkeep\n|turn|4\n|choice|switch 6|move naturesmadness\n|\n|switch|p1a: Bisharp|Bisharp, F|333\/333\n|move|p2a: Tapu Fini|Nature's Madness|p1a: Bisharp\n|-damage|p1a: Bisharp|167\/333\n|\n|-heal|p2a: Tapu Fini|340\/343|[from] item: Leftovers\n|-heal|p1a: Bisharp|187\/333|[from] item: Leftovers\n|upkeep\n|turn|5\n|choice|move knockoff|switch 4\n|\n|switch|p2a: Steelix|Steelix, M|354\/354\n|move|p1a: Bisharp|Knock Off|p2a: Steelix\n|-damage|p2a: Steelix|293\/354\n|\n|-heal|p1a: Bisharp|207\/333|[from] item: Leftovers\n|upkeep\n|turn|6\n|choice|switch 5|switch 2\n|\n|switch|p1a: Keldeo|Keldeo-Resolute|324\/324\n|switch|p2a: Magnezone|Magnezone|313\/313\n|\n|upkeep\n|turn|7\n|choice|move secretsword|move voltswitch\n|\n|move|p1a: Keldeo|Secret Sword|p2a: Magnezone\n|-supereffective|p2a: Magnezone\n|-damage|p2a: Magnezone|35\/313\n|move|p2a: Magnezone|Volt Switch|p1a: Keldeo\n|-supereffective|p1a: Keldeo\n|-damage|p1a: Keldeo|24\/324\n|choice||switch 3\n|\n|switch|p2a: Tornadus|Tornadus-Therian, M|299\/299\n|\n|-heal|p1a: Keldeo|44\/324|[from] item: Leftovers\n|-fieldend|Misty Terrain\n|upkeep\n|turn|8\n|choice|switch 6|move hurricane\n|\n|switch|p1a: Heatran|Heatran, M|311\/358\n|move|p2a: Tornadus|Hurricane|p1a: Heatran\n|-resisted|p1a: Heatran\n|-damage|p1a: Heatran|208\/358\n|-damage|p2a: Tornadus|270\/299|[from] item: Life Orb\n|\n|-heal|p1a: Heatran|230\/358|[from] item: Leftovers\n|upkeep\n|turn|9\n|choice|move lavaplume|move taunt\n|\n|move|p2a: Tornadus|Taunt|p1a: Heatran\n|-start|p1a: Heatran|move: Taunt\n|move|p1a: Heatran|Lava Plume|p2a: Tornadus\n|-damage|p2a: Tornadus|146\/299\n|-status|p2a: Tornadus|brn\n|\n|-heal|p1a: Heatran|252\/358|[from] item: Leftovers\n|-damage|p2a: Tornadus|128\/299 brn|[from] brn\n|upkeep\n|turn|10\n|choice|move lavaplume|move uturn\n|\n|move|p2a: Tornadus|U-turn|p1a: Heatran\n|-resisted|p1a: Heatran\n|-damage|p1a: Heatran|246\/358\n|-damage|p2a: Tornadus|99\/299 brn|[from] item: Life Orb\n|choice||switch 4\n|\n|switch|p2a: Tapu Fini|Tapu Fini|340\/343\n|-fieldstart|move: Misty Terrain|[from] ability: Misty Surge|[of] p2a: Tapu Fini\n|move|p1a: Heatran|Lava Plume|p2a: Tapu Fini\n|-resisted|p2a: Tapu Fini\n|-damage|p2a: Tapu Fini|288\/343\n|\n|-heal|p1a: Heatran|268\/358|[from] item: Leftovers\n|-heal|p2a: Tapu Fini|309\/343|[from] item: Leftovers\n|upkeep\n|turn|11\n|choice|switch 2|move naturesmadness\n|\n|switch|p1a: Venusaur|Venusaur, F|364\/364\n|move|p2a: Tapu Fini|Nature's Madness|p1a: Venusaur\n|-damage|p1a: Venusaur|182\/364\n|\n|-heal|p2a: Tapu Fini|330\/343|[from] item: Leftovers\n|upkeep\n|turn|12\n|choice|move gigadrain mega|switch 2\n|\n|switch|p2a: Steelix|Steelix, M|293\/354\n|detailschange|p1a: Venusaur|Venusaur-Mega, F\n|-mega|p1a: Venusaur|Venusaur|Venusaurite\n|move|p1a: Venusaur|Giga Drain|p2a: Steelix\n|-damage|p2a: Steelix|155\/354\n|-heal|p1a: Venusaur|251\/364|[from] drain|[of] p2a: Steelix\n|\n|upkeep\n|turn|13\n|choice|move gigadrain|move stealthrock mega\n|\n|detailschange|p2a: Steelix|Steelix-Mega, M\n|-mega|p2a: Steelix|Steelix|Steelixite\n|move|p1a: Venusaur|Giga Drain|p2a: Steelix\n|-damage|p2a: Steelix|49\/354\n|-heal|p1a: Venusaur|304\/364|[from] drain|[of] p2a: Steelix\n|move|p2a: Steelix|Stealth Rock|p1a: Venusaur\n|-sidestart|p1: MasterofCeremonies|move: Stealth Rock\n|\n|upkeep\n|turn|14\n|choice|move gigadrain|move icefang\n|\n|move|p1a: Venusaur|Giga Drain|p2a: Steelix\n|-damage|p2a: Steelix|0 fnt\n|-heal|p1a: Venusaur|329\/364|[from] drain|[of] p2a: Steelix\n|faint|p2a: Steelix\n|\n|-fieldend|Misty Terrain\n|upkeep\n|choice||switch 4\n|\n|switch|p2a: Tornadus|Tornadus-Therian, M|198\/299 brn\n|turn|15\n|choice|switch 2|move hurricane\n|\n|switch|p1a: Heatran|Heatran, M|268\/358\n|-damage|p1a: Heatran|224\/358|[from] Stealth Rock\n|move|p2a: Tornadus|Hurricane|p1a: Heatran\n|-resisted|p1a: Heatran\n|-damage|p1a: Heatran|127\/358\n|-start|p1a: Heatran|confusion\n|-damage|p2a: Tornadus|169\/299 brn|[from] item: Life Orb\n|\n|-heal|p1a: Heatran|149\/358|[from] item: Leftovers\n|-damage|p2a: Tornadus|151\/299 brn|[from] brn\n|upkeep\n|turn|16\n|choice|move stealthrock|move uturn\n|\n|move|p2a: Tornadus|U-turn|p1a: Heatran\n|-resisted|p1a: Heatran\n|-damage|p1a: Heatran|143\/358\n|-damage|p2a: Tornadus|122\/299 brn|[from] item: Life Orb\n|choice||switch 6\n|\n|switch|p2a: Garchomp|Garchomp, M|357\/357\n|-activate|p1a: Heatran|confusion\n|move|p1a: Heatran|Stealth Rock|p2a: Garchomp\n|-sidestart|p2: Pokefreak77|move: Stealth Rock\n|\n|-heal|p1a: Heatran|165\/358|[from] item: Leftovers\n|upkeep\n|turn|17\n|choice|switch 3|move earthquake\n|\n|switch|p1a: Skarmory|Skarmory, F|333\/333\n|-damage|p1a: Skarmory|292\/333|[from] Stealth Rock\n|move|p2a: Garchomp|Earthquake|p1a: Skarmory\n|-immune|p1a: Skarmory|[msg]\n|\n|upkeep\n|turn|18\n|choice|move whirlwind|move earthquake\n|\n|move|p2a: Garchomp|Earthquake|p1a: Skarmory\n|-immune|p1a: Skarmory|[msg]\n|move|p1a: Skarmory|Whirlwind|p2a: Garchomp\n|drag|p2a: Tornadus|Tornadus-Therian, M|221\/299 brn\n|-damage|p2a: Tornadus|147\/299 brn|[from] Stealth Rock\n|\n|-damage|p2a: Tornadus|129\/299 brn|[from] brn\n|upkeep\n|turn|19\n|choice|move bravebird|move hurricane\n|\n|move|p2a: Tornadus|Hurricane|p1a: Skarmory\n|-resisted|p1a: Skarmory\n|-damage|p1a: Skarmory|159\/333\n|-start|p1a: Skarmory|confusion\n|-damage|p2a: Tornadus|100\/299 brn|[from] item: Life Orb\n|-activate|p1a: Skarmory|confusion\n|-damage|p1a: Skarmory|141\/333|[from] confusion\n|\n|-damage|p2a: Tornadus|82\/299 brn|[from] brn\n|upkeep\n|turn|20\n|choice|move bravebird|move uturn\n|\n|move|p2a: Tornadus|U-turn|p1a: Skarmory\n|-resisted|p1a: Skarmory\n|-damage|p1a: Skarmory|137\/333\n|-damage|p2a: Tornadus|33\/299 brn|[from] item: Rocky Helmet|[of] p1a: Skarmory\n|-damage|p2a: Tornadus|4\/299 brn|[from] item: Life Orb\n|choice||switch 3\n|\n|switch|p2a: Magnezone|Magnezone|35\/313\n|-damage|p2a: Magnezone|16\/313|[from] Stealth Rock\n|-activate|p1a: Skarmory|confusion\n|move|p1a: Skarmory|Brave Bird|p2a: Magnezone\n|-resisted|p2a: Magnezone\n|-damage|p2a: Magnezone|0 fnt\n|-damage|p1a: Skarmory|132\/333|[from] Recoil|[of] p2a: Magnezone\n|faint|p2a: Magnezone\n|\n|upkeep\n|choice||switch 3\n|\n|switch|p2a: Tornadus|Tornadus-Therian, M|103\/299 brn\n|-damage|p2a: Tornadus|29\/299 brn|[from] Stealth Rock\n|turn|21\n|choice|move whirlwind|move heatwave\n|\n|move|p2a: Tornadus|Heat Wave|p1a: Skarmory\n|-supereffective|p1a: Skarmory\n|-crit|p1a: Skarmory\n|-damage|p1a: Skarmory|0 fnt\n|-damage|p2a: Tornadus|0 fnt|[from] item: Life Orb\n|faint|p1a: Skarmory\n|faint|p2a: Tornadus\n|\n|upkeep\n|choice|switch 2|switch 6\n|\n|switch|p2a: Garchomp|Garchomp, M|357\/357\n|switch|p1a: Venusaur|Venusaur-Mega, F|329\/364\n|-damage|p2a: Garchomp|335\/357|[from] Stealth Rock\n|-damage|p1a: Venusaur|284\/364|[from] Stealth Rock\n|turn|22\n|choice|move gigadrain|move earthquake\n|\n|move|p2a: Garchomp|Earthquake|p1a: Venusaur\n|-crit|p1a: Venusaur\n|-damage|p1a: Venusaur|109\/364\n|move|p1a: Venusaur|Giga Drain|p2a: Garchomp\n|-damage|p2a: Garchomp|226\/357\n|-heal|p1a: Venusaur|164\/364|[from] drain|[of] p2a: Garchomp\n|\n|upkeep\n|turn|23\n|choice|move synthesis|move earthquake\n|\n|move|p2a: Garchomp|Earthquake|p1a: Venusaur\n|-damage|p1a: Venusaur|61\/364\n|move|p1a: Venusaur|Synthesis|p1a: Venusaur\n|-heal|p1a: Venusaur|243\/364\n|\n|upkeep\n|turn|24\n|choice|move gigadrain|move earthquake\n|\n|move|p2a: Garchomp|Earthquake|p1a: Venusaur\n|-crit|p1a: Venusaur\n|-damage|p1a: Venusaur|78\/364\n|move|p1a: Venusaur|Giga Drain|p2a: Garchomp\n|-damage|p2a: Garchomp|114\/357\n|-heal|p1a: Venusaur|134\/364|[from] drain|[of] p2a: Garchomp\n|\n|upkeep\n|turn|25\n|choice|move synthesis|move earthquake\n|\n|move|p2a: Garchomp|Earthquake|p1a: Venusaur\n|-damage|p1a: Venusaur|25\/364\n|move|p1a: Venusaur|Synthesis|p1a: Venusaur\n|-heal|p1a: Venusaur|207\/364\n|\n|upkeep\n|turn|26\n|choice|move synthesis|move earthquake\n|\n|move|p2a: Garchomp|Earthquake|p1a: Venusaur\n|-damage|p1a: Venusaur|99\/364\n|move|p1a: Venusaur|Synthesis|p1a: Venusaur\n|-heal|p1a: Venusaur|281\/364\n|\n|upkeep\n|turn|27\n|choice|move gigadrain|move earthquake\n|\n|move|p2a: Garchomp|Earthquake|p1a: Venusaur\n|-crit|p1a: Venusaur\n|-damage|p1a: Venusaur|110\/364\n|move|p1a: Venusaur|Giga Drain|p2a: Garchomp\n|-damage|p2a: Garchomp|0 fnt\n|-heal|p1a: Venusaur|167\/364|[from] drain|[of] p2a: Garchomp\n|faint|p2a: Garchomp\n|\n|upkeep\n|choice||switch 5\n|\n|switch|p2a: Gogoat|Gogoat, M|449\/449\n|-damage|p2a: Gogoat|393\/449|[from] Stealth Rock\n|turn|28\n|choice|move sludgebomb|move bulkup\n|\n|move|p1a: Venusaur|Sludge Bomb|p2a: Gogoat\n|-supereffective|p2a: Gogoat\n|-damage|p2a: Gogoat|187\/449\n|move|p2a: Gogoat|Bulk Up|p2a: Gogoat\n|-boost|p2a: Gogoat|atk|1\n|-boost|p2a: Gogoat|def|1\n|\n|-heal|p2a: Gogoat|215\/449|[from] item: Leftovers\n|upkeep\n|turn|29\n|choice|move sludgebomb|move milkdrink\n|\n|move|p1a: Venusaur|Sludge Bomb|p2a: Gogoat\n|-supereffective|p2a: Gogoat\n|-damage|p2a: Gogoat|3\/449\n|-status|p2a: Gogoat|psn\n|move|p2a: Gogoat|Milk Drink|p2a: Gogoat\n|-heal|p2a: Gogoat|228\/449 psn\n|\n|-heal|p2a: Gogoat|256\/449 psn|[from] item: Leftovers\n|-damage|p2a: Gogoat|200\/449 psn|[from] psn\n|upkeep\n|turn|30\n|l|Pokefreak77\n|player|p2|\n|c|\u2606MasterofCeremonies|\/log MasterofCeremonies made this room public.\n|-message|Pokefreak77 lost due to inactivity.\n|\n|win|MasterofCeremonies\n|raw|MasterofCeremonies's rating: 1805 &rarr; <strong>1823<\/strong><br \/>(+18 for winning)\n|raw|Pokefreak77's rating: 1765 &rarr; <strong>1748<\/strong><br \/>(-17 for losing)","inputlog":null,"uploadtime":1500301843,"views":1,"p1id":"masterofceremonies","p2id":"pokefreak77","formatid":"gen7ou","rating":1748,"private":0,"password":null}