{"id":"gen7ou-930694568","p1":"VanDerWall","p2":"HQSFun","format":"gen7ou","log":"|j|\u2606VanDerWall\n|j|\u2606HQSFun\n|player|p1|VanDerWall|149\n|player|p2|HQSFun|260\n|teamsize|p1|6\n|teamsize|p2|6\n|gametype|singles\n|gen|7\n|tier|[Gen 7] OU\n|rated|\n|rule|Sleep Clause Mod: Limit one foe put to sleep\n|rule|Species Clause: Limit one of each Pok\u00e9mon\n|rule|OHKO Clause: OHKO moves are banned\n|rule|Moody Clause: Moody is banned\n|rule|Evasion Moves Clause: Evasion moves are banned\n|rule|Endless Battle Clause: Forcing endless battles is banned\n|rule|HP Percentage Mod: HP is shown in percentages\n|clearpoke\n|poke|p1|Tyranitar, F|item\n|poke|p1|Excadrill, M|item\n|poke|p1|Zapdos|item\n|poke|p1|Tapu Fini|item\n|poke|p1|Serperior, F|item\n|poke|p1|Latias, F|item\n|poke|p2|Salazzle, F|item\n|poke|p2|Suicune|item\n|poke|p2|Landorus-Therian, M|item\n|poke|p2|Latias, F|item\n|poke|p2|Ferrothorn, F|item\n|poke|p2|Kartana|item\n|teampreview\n|inactive|Battle timer is ON: inactive players will automatically lose when time's up. (requested by VanDerWall)\n|\n|start\n|switch|p1a: Zapdos|Zapdos|383\/383\n|switch|p2a: Landorus|Landorus-Therian, M|351\/351\n|-ability|p2a: Landorus|Intimidate|boost\n|-unboost|p1a: Zapdos|atk|1\n|turn|1\n|\n|switch|p2a: Latias|Latias, F|363\/363\n|move|p1a: Zapdos|Hidden Power|p2a: Latias\n|-supereffective|p2a: Latias\n|-damage|p2a: Latias|263\/363\n|\n|upkeep\n|turn|2\n|\n|detailschange|p2a: Latias|Latias-Mega, F\n|-mega|p2a: Latias|Latias|Latiasite\n|move|p2a: Latias|Ice Beam|p1a: Zapdos\n|-supereffective|p1a: Zapdos\n|-damage|p1a: Zapdos|191\/383\n|move|p1a: Zapdos|Volt Switch|p2a: Latias\n|-resisted|p2a: Latias\n|-damage|p2a: Latias|224\/363\n|\n|switch|p1a: Tyranitar|Tyranitar, F|397\/397\n|-weather|Sandstorm|[from] ability: Sand Stream|[of] p1a: Tyranitar\n|\n|-weather|Sandstorm|[upkeep]\n|-damage|p2a: Latias|202\/363|[from] Sandstorm\n|upkeep\n|turn|3\n|\n|move|p2a: Latias|Roost|p2a: Latias\n|-heal|p2a: Latias|363\/363\n|-singleturn|p2a: Latias|move: Roost\n|move|p1a: Tyranitar|Pursuit|p2a: Latias\n|-supereffective|p2a: Latias\n|-damage|p2a: Latias|265\/363\n|\n|-weather|Sandstorm|[upkeep]\n|-damage|p2a: Latias|243\/363|[from] Sandstorm\n|upkeep\n|turn|4\n|\n|move|p2a: Latias|Surf|p1a: Tyranitar\n|-supereffective|p1a: Tyranitar\n|-damage|p1a: Tyranitar|303\/397\n|move|p1a: Tyranitar|Stealth Rock|p2a: Latias\n|-sidestart|p2: HQSFun|move: Stealth Rock\n|\n|-weather|Sandstorm|[upkeep]\n|-damage|p2a: Latias|221\/363|[from] Sandstorm\n|upkeep\n|turn|5\n|\n|move|p2a: Latias|Roost|p2a: Latias\n|-heal|p2a: Latias|363\/363\n|-singleturn|p2a: Latias|move: Roost\n|move|p1a: Tyranitar|Crunch|p2a: Latias\n|-supereffective|p2a: Latias\n|-damage|p2a: Latias|159\/363\n|-unboost|p2a: Latias|def|1\n|\n|-weather|Sandstorm|[upkeep]\n|-damage|p2a: Latias|137\/363|[from] Sandstorm\n|upkeep\n|turn|6\n|\n|move|p2a: Latias|Roost|p2a: Latias\n|-heal|p2a: Latias|319\/363\n|-singleturn|p2a: Latias|move: Roost\n|move|p1a: Tyranitar|Crunch|p2a: Latias\n|-supereffective|p2a: Latias\n|-damage|p2a: Latias|5\/363\n|\n|-weather|none\n|upkeep\n|turn|7\n|\n|move|p2a: Latias|Surf|p1a: Tyranitar\n|-supereffective|p1a: Tyranitar\n|-damage|p1a: Tyranitar|175\/397\n|move|p1a: Tyranitar|Crunch|p2a: Latias\n|-supereffective|p2a: Latias\n|-damage|p2a: Latias|0 fnt\n|faint|p2a: Latias\n|\n|upkeep\n|\n|switch|p2a: Landorus|Landorus-Therian, M|351\/351\n|-damage|p2a: Landorus|308\/351|[from] Stealth Rock\n|-ability|p2a: Landorus|Intimidate|boost\n|-unboost|p1a: Tyranitar|atk|1\n|turn|8\n|\n|switch|p1a: Zapdos|Zapdos|191\/383\n|move|p2a: Landorus|Stealth Rock|p1a: Zapdos\n|-sidestart|p1: VanDerWall|move: Stealth Rock\n|\n|upkeep\n|turn|9\n|\n|move|p2a: Landorus|Smack Down|p1a: Zapdos\n|-supereffective|p1a: Zapdos\n|-damage|p1a: Zapdos|77\/383\n|-start|p1a: Zapdos|Smack Down\n|move|p1a: Zapdos|Roost|p1a: Zapdos\n|-heal|p1a: Zapdos|269\/383\n|-singleturn|p1a: Zapdos|move: Roost\n|\n|upkeep\n|turn|10\n|\n|switch|p1a: Latias|Latias, F|301\/301\n|-damage|p1a: Latias|264\/301|[from] Stealth Rock\n|-zpower|p2a: Landorus\n|move|p2a: Landorus|Supersonic Skystrike|p1a: Latias|[zeffect]\n|-damage|p1a: Latias|0 fnt\n|faint|p1a: Latias\n|\n|upkeep\n|\n|switch|p1a: Tapu Fini|Tapu Fini|344\/344\n|-damage|p1a: Tapu Fini|301\/344|[from] Stealth Rock\n|-fieldstart|move: Misty Terrain|[from] ability: Misty Surge|[of] p1a: Tapu Fini\n|turn|11\n|\n|switch|p2a: Ferrothorn|Ferrothorn, F|352\/352\n|-damage|p2a: Ferrothorn|330\/352|[from] Stealth Rock\n|move|p1a: Tapu Fini|Nature's Madness|p2a: Ferrothorn\n|-damage|p2a: Ferrothorn|165\/352\n|\n|-heal|p1a: Tapu Fini|322\/344|[from] item: Leftovers\n|-heal|p2a: Ferrothorn|187\/352|[from] item: Leftovers\n|upkeep\n|turn|12\n|\n|move|p1a: Tapu Fini|Taunt|p2a: Ferrothorn\n|-start|p2a: Ferrothorn|move: Taunt\n|cant|p2a: Ferrothorn|move: Taunt|Leech Seed\n|\n|-heal|p1a: Tapu Fini|343\/344|[from] item: Leftovers\n|-heal|p2a: Ferrothorn|209\/352|[from] item: Leftovers\n|upkeep\n|turn|13\n|\n|switch|p1a: Serperior|Serperior, F|354\/354\n|-damage|p1a: Serperior|310\/354|[from] Stealth Rock\n|move|p2a: Ferrothorn|Power Whip|p1a: Serperior|[miss]\n|-miss|p2a: Ferrothorn|p1a: Serperior\n|\n|-heal|p1a: Serperior|332\/354|[from] item: Leftovers\n|-heal|p2a: Ferrothorn|231\/352|[from] item: Leftovers\n|upkeep\n|turn|14\n|\n|move|p1a: Serperior|Substitute|p1a: Serperior\n|-start|p1a: Serperior|Substitute\n|-damage|p1a: Serperior|244\/354\n|move|p2a: Ferrothorn|Knock Off|p1a: Serperior\n|-activate|p1a: Serperior|move: Substitute|[damage]\n|\n|-heal|p1a: Serperior|266\/354|[from] item: Leftovers\n|-heal|p2a: Ferrothorn|253\/352|[from] item: Leftovers\n|-end|p2a: Ferrothorn|move: Taunt\n|upkeep\n|turn|15\n|\n|move|p1a: Serperior|Leaf Storm|p2a: Ferrothorn\n|-resisted|p2a: Ferrothorn\n|-damage|p2a: Ferrothorn|234\/352\n|-boost|p1a: Serperior|spa|2\n|move|p2a: Ferrothorn|Knock Off|p1a: Serperior\n|-end|p1a: Serperior|Substitute\n|\n|-heal|p1a: Serperior|288\/354|[from] item: Leftovers\n|-heal|p2a: Ferrothorn|256\/352|[from] item: Leftovers\n|-fieldend|Misty Terrain\n|upkeep\n|turn|16\n|\n|switch|p2a: Salazzle|Salazzle, F|339\/339\n|-damage|p2a: Salazzle|255\/339|[from] Stealth Rock\n|move|p1a: Serperior|Substitute|p1a: Serperior\n|-start|p1a: Serperior|Substitute\n|-damage|p1a: Serperior|200\/354\n|\n|-heal|p2a: Salazzle|276\/339|[from] item: Black Sludge\n|-heal|p1a: Serperior|222\/354|[from] item: Leftovers\n|upkeep\n|turn|17\n|\n|move|p2a: Salazzle|Protect|p2a: Salazzle\n|-singleturn|p2a: Salazzle|Protect\n|move|p1a: Serperior|Leech Seed|p2a: Salazzle\n|-activate|p2a: Salazzle|move: Protect\n|\n|-heal|p2a: Salazzle|297\/339|[from] item: Black Sludge\n|-heal|p1a: Serperior|244\/354|[from] item: Leftovers\n|upkeep\n|turn|18\n|\n|move|p2a: Salazzle|Substitute|p2a: Salazzle\n|-start|p2a: Salazzle|Substitute\n|-damage|p2a: Salazzle|213\/339\n|move|p1a: Serperior|Leech Seed||[still]\n|-fail|p1a: Serperior\n|\n|-heal|p2a: Salazzle|234\/339|[from] item: Black Sludge\n|-heal|p1a: Serperior|266\/354|[from] item: Leftovers\n|upkeep\n|turn|19\n|\n|move|p2a: Salazzle|Protect|p2a: Salazzle\n|-singleturn|p2a: Salazzle|Protect\n|move|p1a: Serperior|Leaf Storm|p2a: Salazzle\n|-activate|p2a: Salazzle|move: Protect\n|\n|-heal|p2a: Salazzle|255\/339|[from] item: Black Sludge\n|-heal|p1a: Serperior|288\/354|[from] item: Leftovers\n|upkeep\n|turn|20\n|\n|move|p2a: Salazzle|Flamethrower|p1a: Serperior\n|-supereffective|p1a: Serperior\n|-end|p1a: Serperior|Substitute\n|move|p1a: Serperior|Leaf Storm|p2a: Salazzle\n|-resisted|p2a: Salazzle\n|-end|p2a: Salazzle|Substitute\n|-boost|p1a: Serperior|spa|2\n|\n|-heal|p2a: Salazzle|276\/339|[from] item: Black Sludge\n|-heal|p1a: Serperior|310\/354|[from] item: Leftovers\n|upkeep\n|turn|21\n|\n|switch|p1a: Tyranitar|Tyranitar, F|175\/397\n|-damage|p1a: Tyranitar|126\/397|[from] Stealth Rock\n|-weather|Sandstorm|[from] ability: Sand Stream|[of] p1a: Tyranitar\n|move|p2a: Salazzle|Substitute|p2a: Salazzle\n|-start|p2a: Salazzle|Substitute\n|-damage|p2a: Salazzle|192\/339\n|\n|-weather|Sandstorm|[upkeep]\n|-damage|p2a: Salazzle|171\/339|[from] Sandstorm\n|-heal|p2a: Salazzle|192\/339|[from] item: Black Sludge\n|upkeep\n|turn|22\n|\n|move|p2a: Salazzle|Protect|p2a: Salazzle\n|-singleturn|p2a: Salazzle|Protect\n|move|p1a: Tyranitar|Crunch|p2a: Salazzle\n|-activate|p2a: Salazzle|move: Protect\n|\n|-weather|Sandstorm|[upkeep]\n|-damage|p2a: Salazzle|171\/339|[from] Sandstorm\n|-heal|p2a: Salazzle|192\/339|[from] item: Black Sludge\n|upkeep\n|turn|23\n|\n|move|p2a: Salazzle|Toxic|p1a: Tyranitar\n|-status|p1a: Tyranitar|tox\n|move|p1a: Tyranitar|Crunch|p2a: Salazzle\n|-end|p2a: Salazzle|Substitute\n|\n|-weather|Sandstorm|[upkeep]\n|-damage|p2a: Salazzle|171\/339|[from] Sandstorm\n|-heal|p2a: Salazzle|192\/339|[from] item: Black Sludge\n|-damage|p1a: Tyranitar|102\/397 tox|[from] psn\n|upkeep\n|turn|24\n|-message|VanDerWall forfeited.\n|\n|win|HQSFun\n|l|\u2606VanDerWall\n","uploadtime":1560889793,"views":2,"p1id":"vanderwall","p2id":"hqsfun","formatid":"gen7ou","rating":0,"private":0,"password":null}