{"id":"gen7ou-1688462169","p1":"HQSTest","p2":"Chayueqi","format":"gen7ou","log":"|j|\u2606HQSTest\n|j|\u2606Chayueqi\n|t:|1666069565\n|gametype|singles\n|player|p1|HQSTest|veteranf|1552\n|player|p2|Chayueqi|riley|1571\n|teamsize|p1|6\n|teamsize|p2|6\n|gen|7\n|tier|[Gen 7] OU\n|rated|\n|rule|Sleep Clause Mod: Limit one foe put to sleep\n|rule|Species Clause: Limit one of each Pok\u00e9mon\n|rule|OHKO Clause: OHKO moves are banned\n|rule|Moody Clause: Moody is banned\n|rule|Evasion Items Clause: Evasion items are banned\n|rule|Evasion Moves Clause: Evasion moves are banned\n|rule|Endless Battle Clause: Forcing endless battles is banned\n|rule|HP Percentage Mod: HP is shown in percentages\n|clearpoke\n|poke|p1|Victini|item\n|poke|p1|Clefable, F|item\n|poke|p1|Gyarados, F|item\n|poke|p1|Ferrothorn, F|item\n|poke|p1|Landorus-Therian, M|item\n|poke|p1|Jirachi|item\n|poke|p2|Zygarde-10%|item\n|poke|p2|Nidoking, M|item\n|poke|p2|Tapu Bulu|item\n|poke|p2|Heatran, F|item\n|poke|p2|Pinsir, F|item\n|poke|p2|Shuckle, M|item\n|teampreview\n|\n|t:|1666069573\n|start\n|switch|p1a: Ferrothorn|Ferrothorn, F|100\/100\n|switch|p2a: Shuckle|Shuckle, M|100\/100\n|turn|1\n|inactive|Battle timer is ON: inactive players will automatically lose when time's up. (requested by HQSTest)\n|\n|t:|1666069580\n|move|p1a: Ferrothorn|Thunder Wave|p2a: Shuckle\n|-status|p2a: Shuckle|par\n|move|p2a: Shuckle|Sticky Web|p1a: Ferrothorn\n|-sidestart|p1: HQSTest|move: Sticky Web\n|\n|upkeep\n|turn|2\n|\n|t:|1666069589\n|switch|p2a: Nidoking|Nidoking, M|100\/100\n|move|p1a: Ferrothorn|Leech Seed|p2a: Nidoking\n|-start|p2a: Nidoking|move: Leech Seed\n|\n|-damage|p2a: Nidoking|88\/100|[from] Leech Seed|[of] p1a: Ferrothorn\n|upkeep\n|turn|3\n|\n|t:|1666069595\n|switch|p1a: Victini|Victini|100\/100\n|-activate|p1a: Victini|move: Sticky Web\n|-unboost|p1a: Victini|spe|1\n|move|p2a: Nidoking|Toxic Spikes|p1a: Victini\n|-sidestart|p1: HQSTest|move: Toxic Spikes\n|\n|-damage|p2a: Nidoking|76\/100|[from] Leech Seed|[of] p1a: Victini\n|upkeep\n|turn|4\n|\n|t:|1666069603\n|switch|p2a: Shuckle|Shuckle, M|100\/100 par\n|switch|p1a: Landorus|Landorus-Therian, M|100\/100\n|-ability|p1a: Landorus|Intimidate|boost\n|-unboost|p2a: Shuckle|atk|1\n|\n|upkeep\n|turn|5\n|\n|t:|1666069613\n|switch|p2a: Heatran|Heatran, F|100\/100\n|move|p1a: Landorus|Defog|p2a: Heatran\n|-unboost|p2a: Heatran|evasion|1\n|-sideend|p1: HQSTest|Toxic Spikes|[from] move: Defog|[of] p1a: Landorus\n|-sideend|p1: HQSTest|Sticky Web|[from] move: Defog|[of] p1a: Landorus\n|\n|upkeep\n|turn|6\n|\n|t:|1666069620\n|switch|p1a: Victini|Victini|100\/100\n|move|p2a: Heatran|Earth Power|p1a: Victini\n|-supereffective|p1a: Victini\n|-crit|p1a: Victini\n|-damage|p1a: Victini|35\/100\n|-unboost|p1a: Victini|spd|1\n|\n|upkeep\n|turn|7\n|\n|t:|1666069631\n|switch|p1a: Gyarados|Gyarados, F|100\/100\n|-ability|p1a: Gyarados|Intimidate|boost\n|-unboost|p2a: Heatran|atk|1\n|move|p2a: Heatran|Stealth Rock|p1a: Gyarados\n|-sidestart|p1: HQSTest|move: Stealth Rock\n|\n|upkeep\n|turn|8\n|\n|t:|1666069640\n|switch|p2a: Tapu Bulu|Tapu Bulu|100\/100\n|-fieldstart|move: Grassy Terrain|[from] ability: Grassy Surge|[of] p2a: Tapu Bulu\n|move|p1a: Gyarados|Dragon Dance|p1a: Gyarados\n|-boost|p1a: Gyarados|atk|1\n|-boost|p1a: Gyarados|spe|1\n|\n|upkeep\n|turn|9\n|\n|t:|1666069645\n|move|p1a: Gyarados|Ice Fang|p2a: Tapu Bulu\n|-supereffective|p2a: Tapu Bulu\n|-damage|p2a: Tapu Bulu|41\/100\n|move|p2a: Tapu Bulu|Swords Dance|p2a: Tapu Bulu\n|-boost|p2a: Tapu Bulu|atk|2\n|\n|-heal|p2a: Tapu Bulu|47\/100|[from] Grassy Terrain\n|-heal|p2a: Tapu Bulu|53\/100|[from] item: Leftovers\n|upkeep\n|turn|10\n|\n|t:|1666069651\n|detailschange|p1a: Gyarados|Gyarados-Mega, F\n|-mega|p1a: Gyarados|Gyarados|Gyaradosite\n|-ability|p1a: Gyarados|Mold Breaker\n|move|p2a: Tapu Bulu|Protect|p2a: Tapu Bulu\n|-singleturn|p2a: Tapu Bulu|Protect\n|move|p1a: Gyarados|Ice Fang|p2a: Tapu Bulu\n|-activate|p2a: Tapu Bulu|move: Protect\n|\n|-heal|p2a: Tapu Bulu|59\/100|[from] Grassy Terrain\n|-heal|p2a: Tapu Bulu|65\/100|[from] item: Leftovers\n|upkeep\n|turn|11\n|\n|t:|1666069657\n|move|p1a: Gyarados|Ice Fang|p2a: Tapu Bulu\n|-supereffective|p2a: Tapu Bulu\n|-damage|p2a: Tapu Bulu|0 fnt\n|faint|p2a: Tapu Bulu\n|\n|upkeep\n|\n|t:|1666069662\n|switch|p2a: Pinsir|Pinsir, F|100\/100\n|turn|12\n|\n|t:|1666069666\n|detailschange|p2a: Pinsir|Pinsir-Mega, F\n|-mega|p2a: Pinsir|Pinsir|Pinsirite\n|move|p1a: Gyarados|Crunch|p2a: Pinsir\n|-damage|p2a: Pinsir|28\/100\n|-unboost|p2a: Pinsir|def|1\n|move|p2a: Pinsir|Frustration|p1a: Gyarados\n|-damage|p1a: Gyarados|31\/100\n|\n|-heal|p1a: Gyarados|37\/100|[from] Grassy Terrain\n|-fieldend|move: Grassy Terrain\n|upkeep\n|turn|13\n|\n|t:|1666069676\n|move|p2a: Pinsir|Quick Attack|p1a: Gyarados\n|-damage|p1a: Gyarados|11\/100\n|move|p1a: Gyarados|Crunch|p2a: Pinsir\n|-damage|p2a: Pinsir|0 fnt\n|faint|p2a: Pinsir\n|\n|upkeep\n|\n|t:|1666069678\n|switch|p2a: Zygarde|Zygarde-10%|100\/100\n|-ability|p2a: Zygarde|Aura Break\n|turn|14\n|\n|t:|1666069682\n|switch|p1a: Ferrothorn|Ferrothorn, F|100\/100\n|-damage|p1a: Ferrothorn|94\/100|[from] Stealth Rock\n|move|p2a: Zygarde|Extreme Speed|p1a: Ferrothorn\n|-resisted|p1a: Ferrothorn\n|-damage|p1a: Ferrothorn|82\/100\n|-damage|p2a: Zygarde|88\/100|[from] ability: Iron Barbs|[of] p1a: Ferrothorn\n|\n|-heal|p1a: Ferrothorn|88\/100|[from] item: Leftovers\n|upkeep\n|turn|15\n|\n|t:|1666069688\n|switch|p2a: Heatran|Heatran, F|100\/100\n|move|p1a: Ferrothorn|Stealth Rock|p2a: Heatran\n|-sidestart|p2: Chayueqi|move: Stealth Rock\n|\n|-heal|p1a: Ferrothorn|95\/100|[from] item: Leftovers\n|upkeep\n|turn|16\n|\n|t:|1666069699\n|switch|p1a: Gyarados|Gyarados-Mega, F|11\/100\n|-damage|p1a: Gyarados|0 fnt|[from] Stealth Rock\n|faint|p1a: Gyarados\n|move|p2a: Heatran|Magma Storm|p1: Gyarados|[notarget]\n|-fail|p2a: Heatran\n|\n|upkeep\n|\n|t:|1666069704\n|switch|p1a: Landorus|Landorus-Therian, M|100\/100\n|-damage|p1a: Landorus|88\/100|[from] Stealth Rock\n|-ability|p1a: Landorus|Intimidate|boost\n|-unboost|p2a: Heatran|atk|1\n|turn|17\n|\n|t:|1666069707\n|switch|p2a: Shuckle|Shuckle, M|100\/100 par\n|-damage|p2a: Shuckle|76\/100 par|[from] Stealth Rock\n|move|p1a: Landorus|Earthquake|p2a: Shuckle\n|-damage|p2a: Shuckle|39\/100 par\n|\n|upkeep\n|turn|18\n|\n|t:|1666069712\n|move|p1a: Landorus|Earthquake|p2a: Shuckle\n|-damage|p2a: Shuckle|0 fnt\n|faint|p2a: Shuckle\n|\n|upkeep\n|\n|t:|1666069716\n|switch|p2a: Zygarde|Zygarde-10%|88\/100\n|-damage|p2a: Zygarde|82\/100|[from] Stealth Rock\n|-ability|p2a: Zygarde|Aura Break\n|turn|19\n|\n|t:|1666069719\n|move|p2a: Zygarde|Extreme Speed|p1a: Landorus\n|-damage|p1a: Landorus|47\/100\n|move|p1a: Landorus|Earthquake|p2a: Zygarde\n|-damage|p2a: Zygarde|0 fnt\n|faint|p2a: Zygarde\n|\n|upkeep\n|-message|Chayueqi forfeited.\n|\n|win|HQSTest\n|raw|HQSTest's rating: 1552 &rarr; <strong>1573<\/strong><br \/>(+21 for winning)\n|raw|Chayueqi's rating: 1571 &rarr; <strong>1550<\/strong><br \/>(-21 for losing)\n|l|\u2606Chayueqi\n","uploadtime":1666069731,"views":4,"p1id":"hqstest","p2id":"chayueqi","formatid":"gen7ou","rating":1550,"private":0,"password":null}