{"id":"gen7ou-1411923381","p1":"NXPULT DARK","p2":"therockcena","format":"gen7ou","log":"|j|\u2606NXPULT DARK\n|j|\u2606therockcena\n|t:|1631018260\n|gametype|singles\n|player|p1|NXPULT DARK|ingo|1617\n|player|p2|therockcena|169|1505\n|teamsize|p1|6\n|teamsize|p2|6\n|gen|7\n|tier|[Gen 7] OU\n|rated|\n|rule|Sleep Clause Mod: Limit one foe put to sleep\n|rule|Species Clause: Limit one of each Pok\u00e9mon\n|rule|OHKO Clause: OHKO moves are banned\n|rule|Moody Clause: Moody is banned\n|rule|Evasion Moves Clause: Evasion moves are banned\n|rule|Endless Battle Clause: Forcing endless battles is banned\n|rule|HP Percentage Mod: HP is shown in percentages\n|clearpoke\n|poke|p1|Alakazam, F|item\n|poke|p1|Magearna|item\n|poke|p1|Heatran, F|item\n|poke|p1|Toxapex, M|item\n|poke|p1|Landorus-Therian, M|item\n|poke|p1|Tangrowth, M|item\n|poke|p2|Victini|item\n|poke|p2|Zeraora|item\n|poke|p2|Landorus-Therian, M|item\n|poke|p2|Tapu Koko|item\n|poke|p2|Charizard, F|item\n|poke|p2|Tornadus-Therian, M|item\n|teampreview\n|\n|t:|1631018265\n|start\n|switch|p1a: Landorus|Landorus-Therian, M|100\/100\n|switch|p2a: Charizard|Charizard, F|100\/100\n|-ability|p1a: Landorus|Intimidate|boost\n|-unboost|p2a: Charizard|atk|1\n|turn|1\n|inactive|Battle timer is ON: inactive players will automatically lose when time's up. (requested by NXPULT DARK)\n|\n|t:|1631018269\n|switch|p2a: Landorus|Landorus-Therian, M, shiny|100\/100\n|-ability|p2a: Landorus|Intimidate|boost\n|-unboost|p1a: Landorus|atk|1\n|move|p1a: Landorus|Stone Edge|p2a: Landorus\n|-damage|p2a: Landorus|84\/100\n|\n|-heal|p2a: Landorus|90\/100|[from] item: Leftovers\n|upkeep\n|turn|2\n|\n|t:|1631018274\n|switch|p1a: Alakazam|Alakazam, F|100\/100\n|move|p2a: Landorus|Knock Off|p1a: Alakazam\n|-supereffective|p1a: Alakazam\n|-damage|p1a: Alakazam|0 fnt\n|faint|p1a: Alakazam\n|\n|-heal|p2a: Landorus|96\/100|[from] item: Leftovers\n|upkeep\n|\n|t:|1631018280\n|switch|p1a: Magearna|Magearna|100\/100\n|turn|3\n|\n|t:|1631018285\n|switch|p2a: Victini|Victini|100\/100\n|move|p1a: Magearna|Shift Gear|p1a: Magearna\n|-boost|p1a: Magearna|spe|2\n|-boost|p1a: Magearna|atk|1\n|\n|upkeep\n|turn|4\n|\n|t:|1631018291\n|switch|p1a: Heatran|Heatran, F|100\/100\n|move|p2a: Victini|U-turn|p1a: Heatran\n|-resisted|p1a: Heatran\n|-damage|p1a: Heatran|96\/100\n|\n|t:|1631018296\n|switch|p2a: Tapu Koko|Tapu Koko, shiny|100\/100|[from]move: U-turn\n|-fieldstart|move: Electric Terrain|[from] ability: Electric Surge|[of] p2a: Tapu Koko\n|\n|-heal|p1a: Heatran|100\/100|[from] item: Leftovers\n|upkeep\n|turn|5\n|\n|t:|1631018298\n|move|p2a: Tapu Koko|Volt Switch|p1a: Heatran\n|-damage|p1a: Heatran|61\/100\n|\n|t:|1631018303\n|switch|p2a: Victini|Victini|100\/100|[from]move: Volt Switch\n|move|p1a: Heatran|Stealth Rock|p2a: Victini\n|-sidestart|p2: therockcena|move: Stealth Rock\n|\n|-heal|p1a: Heatran|68\/100|[from] item: Leftovers\n|upkeep\n|turn|6\n|\n|t:|1631018309\n|move|p1a: Heatran|Protect|p1a: Heatran\n|-singleturn|p1a: Heatran|Protect\n|move|p2a: Victini|U-turn|p1a: Heatran\n|-activate|p1a: Heatran|move: Protect\n|\n|-heal|p1a: Heatran|74\/100|[from] item: Leftovers\n|upkeep\n|turn|7\n|\n|t:|1631018313\n|move|p2a: Victini|U-turn|p1a: Heatran\n|-resisted|p1a: Heatran\n|-damage|p1a: Heatran|69\/100\n|\n|t:|1631018316\n|switch|p2a: Tornadus|Tornadus-Therian, M|100\/100|[from]move: U-turn\n|-damage|p2a: Tornadus|76\/100|[from] Stealth Rock\n|move|p1a: Heatran|Magma Storm|p2a: Tornadus|[miss]\n|-miss|p1a: Heatran|p2a: Tornadus\n|\n|-heal|p2a: Tornadus|82\/100|[from] item: Leftovers\n|-heal|p1a: Heatran|75\/100|[from] item: Leftovers\n|upkeep\n|turn|8\n|\n|t:|1631018321\n|move|p2a: Tornadus|Hidden Power|p1a: Heatran\n|-supereffective|p1a: Heatran\n|-damage|p1a: Heatran|28\/100\n|move|p1a: Heatran|Magma Storm|p2a: Tornadus\n|-damage|p2a: Tornadus|36\/100\n|-activate|p2a: Tornadus|move: Magma Storm|[of] p1a: Heatran\n|\n|-heal|p2a: Tornadus|42\/100|[from] item: Leftovers\n|-heal|p1a: Heatran|35\/100|[from] item: Leftovers\n|-damage|p2a: Tornadus|30\/100|[from] move: Magma Storm|[partiallytrapped]\n|-fieldend|move: Electric Terrain\n|upkeep\n|turn|9\n|\n|t:|1631018325\n|move|p1a: Heatran|Protect|p1a: Heatran\n|-singleturn|p1a: Heatran|Protect\n|move|p2a: Tornadus|Defog|p1a: Heatran\n|-activate|p1a: Heatran|move: Protect\n|\n|-heal|p2a: Tornadus|36\/100|[from] item: Leftovers\n|-heal|p1a: Heatran|41\/100|[from] item: Leftovers\n|-damage|p2a: Tornadus|23\/100|[from] move: Magma Storm|[partiallytrapped]\n|upkeep\n|turn|10\n|\n|t:|1631018332\n|move|p2a: Tornadus|Hidden Power|p1a: Heatran\n|-supereffective|p1a: Heatran\n|-damage|p1a: Heatran|0 fnt\n|faint|p1a: Heatran\n|\n|-heal|p2a: Tornadus|29\/100|[from] item: Leftovers\n|-end|p2a: Tornadus|Magma Storm|[partiallytrapped]|[silent]\n|upkeep\n|\n|t:|1631018335\n|switch|p1a: Magearna|Magearna|100\/100\n|turn|11\n|\n|t:|1631018338\n|move|p2a: Tornadus|Defog|p1a: Magearna\n|-unboost|p1a: Magearna|evasion|1\n|-sideend|p2: therockcena|Stealth Rock|[from] move: Defog|[of] p2a: Tornadus\n|move|p1a: Magearna|Shift Gear|p1a: Magearna\n|-boost|p1a: Magearna|spe|2\n|-boost|p1a: Magearna|atk|1\n|\n|-heal|p2a: Tornadus|35\/100|[from] item: Leftovers\n|upkeep\n|turn|12\n|\n|t:|1631018340\n|move|p1a: Magearna|Calm Mind|p1a: Magearna\n|-boost|p1a: Magearna|spa|1\n|-boost|p1a: Magearna|spd|1\n|move|p2a: Tornadus|Hidden Power|p1a: Magearna\n|-supereffective|p1a: Magearna\n|-damage|p1a: Magearna|80\/100\n|\n|-heal|p2a: Tornadus|41\/100|[from] item: Leftovers\n|upkeep\n|turn|13\n|\n|t:|1631018347\n|switch|p2a: Victini|Victini|100\/100\n|move|p1a: Magearna|Calm Mind|p1a: Magearna\n|-boost|p1a: Magearna|spa|1\n|-boost|p1a: Magearna|spd|1\n|\n|upkeep\n|turn|14\n|\n|t:|1631018350\n|-zpower|p1a: Magearna\n|move|p1a: Magearna|Twinkle Tackle|p2a: Victini|[zeffect]\n|-resisted|p2a: Victini\n|-damage|p2a: Victini|1\/100\n|move|p2a: Victini|V-create|p1a: Magearna\n|-supereffective|p1a: Magearna\n|-damage|p1a: Magearna|0 fnt\n|-unboost|p2a: Victini|spe|1\n|-unboost|p2a: Victini|def|1\n|-unboost|p2a: Victini|spd|1\n|faint|p1a: Magearna\n|\n|upkeep\n|-message|NXPULT DARK forfeited.\n|\n|win|therockcena\n|l|\u2606NXPULT DARK\n|raw|NXPULT DARK's rating: 1617 &rarr; <strong>1591<\/strong><br \/>(-26 for losing)\n|raw|therockcena's rating: 1505 &rarr; <strong>1531<\/strong><br \/>(+26 for winning)\n","uploadtime":1631018359,"views":14,"p1id":"nxpultdark","p2id":"therockcena","formatid":"gen7ou","rating":1531,"private":0,"password":null}