{"id":"gen7ou-1701238334","p1":"Lucians Call","p2":"BTLT007 yeufer","format":"gen7ou","log":"|raw|<div class=\"broadcast-blue\"><strong>This battle is required to be public due to a player having a name starting with 'btlt007'.<\/div>\n|j|\u2606Lucians Call\n|j|\u2606BTLT007 yeufer\n|t:|1667423301\n|gametype|singles\n|player|p1|Lucians Call|furisodegirl-blue|1877\n|player|p2|BTLT007 yeufer|101|1738\n|teamsize|p1|6\n|teamsize|p2|6\n|gen|7\n|tier|[Gen 7] OU\n|rated|\n|rule|Sleep Clause Mod: Limit one foe put to sleep\n|rule|Species Clause: Limit one of each Pok\u00e9mon\n|rule|OHKO Clause: OHKO moves are banned\n|rule|Moody Clause: Moody is banned\n|rule|Evasion Items Clause: Evasion items are banned\n|rule|Evasion Moves Clause: Evasion moves are banned\n|rule|Endless Battle Clause: Forcing endless battles is banned\n|rule|HP Percentage Mod: HP is shown in percentages\n|clearpoke\n|poke|p1|Clefable, M|item\n|poke|p1|Scizor, M|item\n|poke|p1|Toxapex, M|item\n|poke|p1|Zapdos|item\n|poke|p1|Blacephalon|item\n|poke|p1|Garchomp, F|item\n|poke|p2|Magearna|item\n|poke|p2|Serperior, M|item\n|poke|p2|Landorus-Therian, M|item\n|poke|p2|Tyranitar, F|item\n|poke|p2|Tapu Koko|item\n|poke|p2|Gyarados, M|item\n|teampreview\n|inactive|Battle timer is ON: inactive players will automatically lose when time's up. (requested by Lucians Call)\n|\n|t:|1667423315\n|start\n|switch|p1a: Scizor|Scizor, M|100\/100\n|switch|p2a: Landorus|Landorus-Therian, M|100\/100\n|-ability|p2a: Landorus|Intimidate|boost\n|-unboost|p1a: Scizor|atk|1\n|turn|1\n|\n|t:|1667423319\n|detailschange|p1a: Scizor|Scizor-Mega, M\n|-mega|p1a: Scizor|Scizor|Scizorite\n|move|p2a: Landorus|Stealth Rock|p1a: Scizor\n|-sidestart|p1: Lucians Call|move: Stealth Rock\n|move|p1a: Scizor|Swords Dance|p1a: Scizor\n|-boost|p1a: Scizor|atk|2\n|\n|upkeep\n|turn|2\n|\n|t:|1667423323\n|move|p2a: Landorus|Earthquake|p1a: Scizor\n|-damage|p1a: Scizor|56\/100\n|move|p1a: Scizor|Swords Dance|p1a: Scizor\n|-boost|p1a: Scizor|atk|2\n|\n|upkeep\n|turn|3\n|\n|t:|1667423336\n|move|p2a: Landorus|Earthquake|p1a: Scizor\n|-damage|p1a: Scizor|12\/100\n|move|p1a: Scizor|Roost|p1a: Scizor\n|-heal|p1a: Scizor|62\/100\n|-singleturn|p1a: Scizor|move: Roost\n|\n|upkeep\n|turn|4\n|\n|t:|1667423338\n|move|p2a: Landorus|Earthquake|p1a: Scizor\n|-damage|p1a: Scizor|21\/100\n|move|p1a: Scizor|Roost|p1a: Scizor\n|-heal|p1a: Scizor|71\/100\n|-singleturn|p1a: Scizor|move: Roost\n|\n|upkeep\n|turn|5\n|\n|t:|1667423341\n|move|p2a: Landorus|Earthquake|p1a: Scizor\n|-damage|p1a: Scizor|29\/100\n|move|p1a: Scizor|Roost|p1a: Scizor\n|-heal|p1a: Scizor|79\/100\n|-singleturn|p1a: Scizor|move: Roost\n|\n|upkeep\n|turn|6\n|\n|t:|1667423344\n|move|p2a: Landorus|Earthquake|p1a: Scizor\n|-damage|p1a: Scizor|38\/100\n|move|p1a: Scizor|Roost|p1a: Scizor\n|-heal|p1a: Scizor|88\/100\n|-singleturn|p1a: Scizor|move: Roost\n|\n|upkeep\n|turn|7\n|\n|t:|1667423346\n|move|p2a: Landorus|Earthquake|p1a: Scizor\n|-damage|p1a: Scizor|47\/100\n|move|p1a: Scizor|Roost|p1a: Scizor\n|-heal|p1a: Scizor|97\/100\n|-singleturn|p1a: Scizor|move: Roost\n|\n|upkeep\n|turn|8\n|\n|t:|1667423350\n|move|p2a: Landorus|Earthquake|p1a: Scizor\n|-damage|p1a: Scizor|58\/100\n|move|p1a: Scizor|Swords Dance|p1a: Scizor\n|-boost|p1a: Scizor|atk|2\n|\n|upkeep\n|turn|9\n|\n|t:|1667423356\n|move|p2a: Landorus|Earthquake|p1a: Scizor\n|-damage|p1a: Scizor|17\/100\n|move|p1a: Scizor|Roost|p1a: Scizor\n|-heal|p1a: Scizor|67\/100\n|-singleturn|p1a: Scizor|move: Roost\n|\n|upkeep\n|turn|10\n|\n|t:|1667423362\n|move|p2a: Landorus|Earthquake|p1a: Scizor\n|-crit|p1a: Scizor\n|-damage|p1a: Scizor|1\/100\n|move|p1a: Scizor|Roost|p1a: Scizor\n|-heal|p1a: Scizor|51\/100\n|-singleturn|p1a: Scizor|move: Roost\n|\n|upkeep\n|turn|11\n|\n|t:|1667423365\n|move|p2a: Landorus|Earthquake|p1a: Scizor\n|-damage|p1a: Scizor|10\/100\n|move|p1a: Scizor|Roost|p1a: Scizor\n|-heal|p1a: Scizor|60\/100\n|-singleturn|p1a: Scizor|move: Roost\n|\n|upkeep\n|turn|12\n|\n|t:|1667423368\n|move|p2a: Landorus|Earthquake|p1a: Scizor\n|-damage|p1a: Scizor|16\/100\n|move|p1a: Scizor|Roost|p1a: Scizor\n|-heal|p1a: Scizor|66\/100\n|-singleturn|p1a: Scizor|move: Roost\n|\n|upkeep\n|turn|13\n|j| DD m-altaria\n|\n|t:|1667423372\n|move|p2a: Landorus|Earthquake|p1a: Scizor\n|-damage|p1a: Scizor|23\/100\n|move|p1a: Scizor|Roost|p1a: Scizor\n|-heal|p1a: Scizor|73\/100\n|-singleturn|p1a: Scizor|move: Roost\n|\n|upkeep\n|turn|14\n|\n|t:|1667423375\n|move|p2a: Landorus|Explosion|p1a: Scizor\n|-resisted|p1a: Scizor\n|-damage|p1a: Scizor|39\/100\n|faint|p2a: Landorus\n|move|p1a: Scizor|Roost|p1a: Scizor\n|-heal|p1a: Scizor|89\/100\n|-singleturn|p1a: Scizor|move: Roost\n|\n|upkeep\n|\n|t:|1667423376\n|switch|p2a: Gyarados|Gyarados, M|100\/100\n|turn|15\n|\n|t:|1667423381\n|-zpower|p2a: Gyarados\n|move|p2a: Gyarados|Supersonic Skystrike|p1a: Scizor|[zeffect]\n|-damage|p1a: Scizor|31\/100\n|move|p1a: Scizor|Knock Off|p2a: Gyarados\n|-damage|p2a: Gyarados|10\/100\n|\n|upkeep\n|turn|16\n|\n|t:|1667423390\n|move|p1a: Scizor|Bullet Punch|p2a: Gyarados\n|-resisted|p2a: Gyarados\n|-damage|p2a: Gyarados|0 fnt\n|faint|p2a: Gyarados\n|\n|upkeep\n|\n|t:|1667423404\n|switch|p2a: Serperior|Serperior, M, shiny|100\/100\n|turn|17\n|\n|t:|1667423407\n|move|p1a: Scizor|Bullet Punch|p2a: Serperior\n|-damage|p2a: Serperior|0 fnt\n|faint|p2a: Serperior\n|\n|upkeep\n|\n|t:|1667423409\n|switch|p2a: Tapu Koko|Tapu Koko|100\/100\n|-fieldstart|move: Electric Terrain|[from] ability: Electric Surge|[of] p2a: Tapu Koko\n|turn|18\n|\n|t:|1667423411\n|move|p1a: Scizor|Bullet Punch|p2a: Tapu Koko\n|-damage|p2a: Tapu Koko|0 fnt\n|faint|p2a: Tapu Koko\n|\n|upkeep\n|\n|t:|1667423416\n|switch|p2a: Magearna|Magearna|100\/100\n|turn|19\n|\n|t:|1667423418\n|move|p1a: Scizor|Bullet Punch|p2a: Magearna\n|-damage|p2a: Magearna|0 fnt\n|faint|p2a: Magearna\n|\n|upkeep\n|\n|t:|1667423420\n|switch|p2a: Tyranitar|Tyranitar, F|100\/100\n|-weather|Sandstorm|[from] ability: Sand Stream|[of] p2a: Tyranitar\n|turn|20\n|\n|t:|1667423422\n|move|p1a: Scizor|Bullet Punch|p2a: Tyranitar\n|-supereffective|p2a: Tyranitar\n|-damage|p2a: Tyranitar|0 fnt\n|faint|p2a: Tyranitar\n|\n|win|Lucians Call\n|raw|Lucians Call's rating: 1877 &rarr; <strong>1889<\/strong><br \/>(+12 for winning)\n|raw|BTLT007 yeufer's rating: 1738 &rarr; <strong>1726<\/strong><br \/>(-12 for losing)\n|l|\u2606BTLT007 yeufer\n|l| DD m-altaria\n|l|\u2606Lucians Call\n||Ladder isn't responding, score probably updated but might not have (Request timeout).\n|j| uindetru\n","uploadtime":1667423699,"views":13,"p1id":"lucianscall","p2id":"btlt007yeufer","formatid":"gen7ou","rating":1726,"private":0,"password":null}