{"id":"gen7ou-830090488","p1":"Ban Lando t guy jk","p2":"Pawpeye","format":"gen7ou","log":"|j|\u2606Ban Lando t guy jk\n|j|\u2606Pawpeye\n|player|p1|Ban Lando t guy jk|247\n|player|p2|Pawpeye|11\n|teamsize|p1|6\n|teamsize|p2|6\n|gametype|singles\n|gen|7\n|tier|[Gen 7] OU\n|rated|\n|rule|Sleep Clause Mod: Limit one foe put to sleep\n|rule|Species Clause: Limit one of each Pok\u00e9mon\n|rule|OHKO Clause: OHKO moves are banned\n|rule|Moody Clause: Moody is banned\n|rule|Evasion Moves Clause: Evasion moves are banned\n|rule|Endless Battle Clause: Forcing endless battles is banned\n|rule|HP Percentage Mod: HP is shown in percentages\n|clearpoke\n|poke|p1|Salamence, M|item\n|poke|p1|Landorus-Therian, M|item\n|poke|p1|Magearna|item\n|poke|p1|Tapu Koko|item\n|poke|p1|Hawlucha, F|item\n|poke|p1|Latias, F|item\n|poke|p2|Chansey, F|item\n|poke|p2|Alakazam, M|item\n|poke|p2|Tangrowth, F|item\n|poke|p2|Terrakion|item\n|poke|p2|Ferrothorn, M|item\n|poke|p2|Tornadus-Therian, M|item\n|teampreview\n|inactive|Battle timer is ON: inactive players will automatically lose when time's up. (requested by Ban Lando t guy jk)\n|inactive|Pawpeye has 120 seconds left.\n|\n|start\n|switch|p1a: Landorus|Landorus-Therian, M|100\/100\n|switch|p2a: Tornadus|Tornadus-Therian, M, shiny|100\/100\n|-ability|p1a: Landorus|Intimidate|boost\n|-unboost|p2a: Tornadus|atk|1\n|turn|1\n|\n|move|p2a: Tornadus|Taunt|p1a: Landorus\n|-start|p1a: Landorus|move: Taunt\n|cant|p1a: Landorus|move: Taunt|Stealth Rock\n|\n|upkeep\n|turn|2\n|\n|move|p2a: Tornadus|Hurricane|p1a: Landorus\n|-damage|p1a: Landorus|43\/100\n|move|p1a: Landorus|U-turn|p2a: Tornadus\n|-resisted|p2a: Tornadus\n|-crit|p2a: Tornadus\n|-damage|p2a: Tornadus|77\/100\n|-damage|p1a: Landorus|26\/100|[from] item: Rocky Helmet|[of] p2a: Tornadus\n|\n|switch|p1a: Tapu Koko|Tapu Koko|100\/100\n|-fieldstart|move: Electric Terrain|[from] ability: Electric Surge|[of] p1a: Tapu Koko\n|\n|upkeep\n|turn|3\n|\n|switch|p1a: Landorus|Landorus-Therian, M|26\/100\n|-ability|p1a: Landorus|Intimidate|boost\n|-unboost|p2a: Tornadus|atk|1\n|switch|p2a: Tangrowth|Tangrowth, F|100\/100\n|\n|upkeep\n|turn|4\n|\n|move|p1a: Landorus|Stealth Rock|p2a: Tangrowth\n|-sidestart|p2: Pawpeye|move: Stealth Rock\n|move|p2a: Tangrowth|Giga Drain|p1a: Landorus\n|-damage|p1a: Landorus|0 fnt\n|faint|p1a: Landorus\n|\n|upkeep\n|\n|switch|p1a: Hawlucha|Hawlucha, F|100\/100\n|-enditem|p1a: Hawlucha|Electric Seed\n|-boost|p1a: Hawlucha|def|1\n|turn|5\n|\n|move|p1a: Hawlucha|Swords Dance|p1a: Hawlucha\n|-boost|p1a: Hawlucha|atk|2\n|move|p2a: Tangrowth|Sludge Bomb|p1a: Hawlucha\n|-damage|p1a: Hawlucha|65\/100\n|\n|upkeep\n|turn|6\n|\n|move|p1a: Hawlucha|Acrobatics|p2a: Tangrowth\n|-supereffective|p2a: Tangrowth\n|-damage|p2a: Tangrowth|0 fnt\n|faint|p2a: Tangrowth\n|\n|-fieldend|move: Electric Terrain\n|upkeep\n|\n|switch|p2a: Terrakion|Terrakion|100\/100\n|-damage|p2a: Terrakion|94\/100|[from] Stealth Rock\n|turn|7\n|\n|move|p1a: Hawlucha|Acrobatics|p2a: Terrakion\n|-damage|p2a: Terrakion|0 fnt\n|faint|p2a: Terrakion\n|\n|upkeep\n|\n|switch|p2a: Ferrothorn|Ferrothorn, M|100\/100\n|-damage|p2a: Ferrothorn|95\/100|[from] Stealth Rock\n|turn|8\n|\n|move|p1a: Hawlucha|High Jump Kick|p2a: Ferrothorn\n|-supereffective|p2a: Ferrothorn\n|-damage|p2a: Ferrothorn|0 fnt\n|-damage|p1a: Hawlucha|52\/100|[from] ability: Iron Barbs|[of] p2a: Ferrothorn\n|faint|p2a: Ferrothorn\n|\n|upkeep\n|\n|switch|p2a: Tornadus|Tornadus-Therian, M, shiny|100\/100\n|-damage|p2a: Tornadus|76\/100|[from] Stealth Rock\n|turn|9\n|\n|move|p1a: Hawlucha|Acrobatics|p2a: Tornadus\n|-damage|p2a: Tornadus|0 fnt\n|-damage|p1a: Hawlucha|36\/100|[from] item: Rocky Helmet|[of] p2a: Tornadus\n|faint|p2a: Tornadus\n|\n|upkeep\n|\n|switch|p2a: Alakazam|Alakazam, M|100\/100\n|-damage|p2a: Alakazam|88\/100|[from] Stealth Rock\n|turn|10\n|\n|detailschange|p2a: Alakazam|Alakazam-Mega, M\n|-mega|p2a: Alakazam|Alakazam|Alakazite\n|-ability|p2a: Alakazam|Unburden|[from] ability: Trace|[of] p1a: Hawlucha\n|move|p1a: Hawlucha|Acrobatics|p2a: Alakazam\n|-damage|p2a: Alakazam|0 fnt\n|faint|p2a: Alakazam\n|\n|upkeep\n|\n|switch|p2a: Chansey|Chansey, F|100\/100\n|-damage|p2a: Chansey|88\/100|[from] Stealth Rock\n|turn|11\n|\n|move|p1a: Hawlucha|Acrobatics|p2a: Chansey\n|-damage|p2a: Chansey|24\/100\n|move|p2a: Chansey|Seismic Toss|p1a: Hawlucha\n|-damage|p1a: Hawlucha|4\/100\n|\n|upkeep\n|turn|12\n|\n|move|p1a: Hawlucha|Acrobatics|p2a: Chansey\n|-damage|p2a: Chansey|0 fnt\n|faint|p2a: Chansey\n|\n|win|Ban Lando t guy jk\n|l|\u2606Pawpeye\n|c|\u2606Ban Lando t guy jk|gg\n|raw|Ban Lando t guy jk's rating: 1442 &rarr; <strong>1462<\/strong><br \/>(+20 for winning)\n|raw|Pawpeye's rating: 1443 &rarr; <strong>1423<\/strong><br \/>(-20 for losing)\n","uploadtime":1541281934,"views":8,"p1id":"banlandotguyjk","p2id":"pawpeye","formatid":"gen7ou","rating":1423,"private":0,"password":null}