{"id":"gen7ubers-1289989874","p1":"Jungro","p2":"Gurtrant","format":"gen7ubers","log":"|j|\u2606Jungro\n|j|\u2606Gurtrant\n|t:|1614305913\n|player|p1|Jungro|benga|\n|player|p2|Gurtrant|238|\n|teamsize|p1|6\n|teamsize|p2|6\n|gametype|singles\n|gen|7\n|tier|[Gen 7] Ubers\n|clearpoke\n|poke|p1|Zygarde|item\n|poke|p1|Marshadow|item\n|poke|p1|Ferrothorn, F|item\n|poke|p1|Necrozma-Dusk-Mane|item\n|poke|p1|Arceus-*|item\n|poke|p1|Yveltal|item\n|poke|p2|Greninja, F|item\n|poke|p2|Groudon|item\n|poke|p2|Xerneas|item\n|poke|p2|Marshadow|item\n|poke|p2|Arceus-*|item\n|poke|p2|Lucario, F|item\n|rule|Sleep Clause Mod: Limit one foe put to sleep\n|rule|Species Clause: Limit one of each Pok\u00e9mon\n|rule|OHKO Clause: OHKO moves are banned\n|rule|Moody Clause: Moody is banned\n|rule|Evasion Moves Clause: Evasion moves are banned\n|rule|Endless Battle Clause: Forcing endless battles is banned\n|rule|HP Percentage Mod: HP is shown in percentages\n|rule|Mega Rayquaza Clause: You cannot mega evolve Rayquaza\n|teampreview\n|inactive|Battle timer is ON: inactive players will automatically lose when time's up. (requested by Gurtrant)\n|\n|t:|1614305918\n|start\n|switch|p1a: Arceus|Arceus-Fairy|100\/100\n|switch|p2a: Greninja|Greninja, F|100\/100\n|turn|1\n|\n|t:|1614305937\n|switch|p1a: Ferrothorn|Ferrothorn, F|100\/100\n|move|p2a: Greninja|Toxic Spikes|p1a: Ferrothorn\n|-start|p2a: Greninja|typechange|Poison|[from] ability: Protean\n|-sidestart|p1: Jungro|move: Toxic Spikes\n|\n|upkeep\n|turn|2\n|\n|t:|1614305944\n|move|p2a: Greninja|Taunt|p1a: Ferrothorn\n|-start|p2a: Greninja|typechange|Dark|[from] ability: Protean\n|-start|p1a: Ferrothorn|move: Taunt\n|move|p1a: Ferrothorn|Gyro Ball|p2a: Greninja\n|-damage|p2a: Greninja|21\/100\n|\n|upkeep\n|turn|3\n|\n|t:|1614305951\n|move|p2a: Greninja|Spikes|p1a: Ferrothorn\n|-start|p2a: Greninja|typechange|Ground|[from] ability: Protean\n|-sidestart|p1: Jungro|Spikes\n|move|p1a: Ferrothorn|Gyro Ball|p2a: Greninja\n|-damage|p2a: Greninja|0 fnt\n|faint|p2a: Greninja\n|\n|upkeep\n|\n|t:|1614305978\n|switch|p2a: Lucario|Lucario, F|100\/100\n|turn|4\n|\n|t:|1614305983\n|switch|p1a: Arceus|Arceus-Fairy|100\/100\n|-status|p1a: Arceus|psn\n|-damage|p1a: Arceus|88\/100 psn|[from] Spikes\n|detailschange|p2a: Lucario|Lucario-Mega, F\n|-mega|p2a: Lucario|Lucario|Lucarionite\n|move|p2a: Lucario|Swords Dance|p2a: Lucario\n|-boost|p2a: Lucario|atk|2\n|\n|-damage|p1a: Arceus|76\/100 psn|[from] psn\n|upkeep\n|turn|5\n|\n|t:|1614305994\n|move|p2a: Lucario|Bullet Punch|p1a: Arceus\n|-supereffective|p1a: Arceus\n|-damage|p1a: Arceus|21\/100 psn\n|move|p1a: Arceus|Judgment|p2a: Lucario\n|-damage|p2a: Lucario|24\/100\n|\n|-damage|p1a: Arceus|8\/100 psn|[from] psn\n|upkeep\n|turn|6\n|\n|t:|1614306005\n|move|p2a: Lucario|Bullet Punch|p1a: Arceus\n|-supereffective|p1a: Arceus\n|-damage|p1a: Arceus|0 fnt\n|faint|p1a: Arceus\n|\n|upkeep\n|\n|t:|1614306022\n|switch|p1a: Necrozma|Necrozma-Dusk-Mane|100\/100\n|-damage|p1a: Necrozma|88\/100|[from] Spikes\n|turn|7\n|\n|t:|1614306031\n|move|p2a: Lucario|Close Combat|p1a: Necrozma\n|-damage|p1a: Necrozma|0 fnt\n|-unboost|p2a: Lucario|def|1\n|-unboost|p2a: Lucario|spd|1\n|faint|p1a: Necrozma\n|\n|upkeep\n|\n|t:|1614306038\n|switch|p1a: Marshadow|Marshadow|100\/100\n|-damage|p1a: Marshadow|88\/100|[from] Spikes\n|-status|p1a: Marshadow|psn\n|turn|8\n|\n|t:|1614306043\n|move|p1a: Marshadow|Shadow Sneak|p2a: Lucario\n|-damage|p2a: Lucario|0 fnt\n|-damage|p1a: Marshadow|78\/100 psn|[from] item: Life Orb\n|faint|p2a: Lucario\n|\n|-damage|p1a: Marshadow|66\/100 psn|[from] psn\n|upkeep\n|\n|t:|1614306059\n|switch|p2a: Xerneas|Xerneas|100\/100\n|-ability|p2a: Xerneas|Fairy Aura\n|turn|9\n|\n|t:|1614306063\n|switch|p1a: Ferrothorn|Ferrothorn, F|100\/100\n|-damage|p1a: Ferrothorn|88\/100|[from] Spikes\n|-zpower|p2a: Xerneas\n|move|p2a: Xerneas|Z-Geomancy||[anim]Geomancy|[still]\n|-boost|p2a: Xerneas|atk|1|[zeffect]\n|-boost|p2a: Xerneas|def|1|[zeffect]\n|-boost|p2a: Xerneas|spa|1|[zeffect]\n|-boost|p2a: Xerneas|spd|1|[zeffect]\n|-boost|p2a: Xerneas|spe|1|[zeffect]\n|-prepare|p2a: Xerneas|Geomancy\n|\n|-heal|p1a: Ferrothorn|94\/100|[from] item: Leftovers\n|upkeep\n|turn|10\n|\n|t:|1614306074\n|move|p2a: Xerneas|Geomancy|p2a: Xerneas|[from]lockedmove\n|-boost|p2a: Xerneas|spa|2\n|-boost|p2a: Xerneas|spd|2\n|-boost|p2a: Xerneas|spe|2\n|move|p1a: Ferrothorn|Gyro Ball|p2a: Xerneas\n|-supereffective|p2a: Xerneas\n|-damage|p2a: Xerneas|61\/100\n|\n|-heal|p1a: Ferrothorn|100\/100|[from] item: Leftovers\n|upkeep\n|turn|11\n|\n|t:|1614306090\n|move|p2a: Xerneas|Ingrain|p2a: Xerneas\n|-start|p2a: Xerneas|move: Ingrain\n|move|p1a: Ferrothorn|Gyro Ball|p2a: Xerneas\n|-supereffective|p2a: Xerneas\n|-damage|p2a: Xerneas|26\/100\n|\n|-heal|p2a: Xerneas|33\/100|[from] Ingrain\n|upkeep\n|turn|12\n|\n|t:|1614306097\n|move|p2a: Xerneas|Rest|p2a: Xerneas\n|-status|p2a: Xerneas|slp|[from] move: Rest\n|-heal|p2a: Xerneas|100\/100 slp|[silent]\n|move|p1a: Ferrothorn|Gyro Ball|p2a: Xerneas\n|-supereffective|p2a: Xerneas\n|-damage|p2a: Xerneas|67\/100 slp\n|\n|-heal|p2a: Xerneas|73\/100 slp|[from] Ingrain\n|upkeep\n|turn|13\n|\n|t:|1614306105\n|cant|p2a: Xerneas|slp\n|move|p1a: Ferrothorn|Leech Seed|p2a: Xerneas\n|-start|p2a: Xerneas|move: Leech Seed\n|\n|-heal|p2a: Xerneas|79\/100 slp|[from] Ingrain\n|-damage|p2a: Xerneas|67\/100 slp|[from] Leech Seed|[of] p1a: Ferrothorn\n|upkeep\n|turn|14\n|\n|t:|1614306112\n|cant|p2a: Xerneas|slp\n|move|p1a: Ferrothorn|Gyro Ball|p2a: Xerneas\n|-supereffective|p2a: Xerneas\n|-damage|p2a: Xerneas|28\/100 slp\n|\n|-heal|p2a: Xerneas|34\/100 slp|[from] Ingrain\n|-damage|p2a: Xerneas|22\/100 slp|[from] Leech Seed|[of] p1a: Ferrothorn\n|upkeep\n|turn|15\n|\n|t:|1614306120\n|-curestatus|p2a: Xerneas|slp|[msg]\n|move|p2a: Xerneas|Rest|p2a: Xerneas\n|-status|p2a: Xerneas|slp|[from] move: Rest\n|-heal|p2a: Xerneas|100\/100 slp|[silent]\n|move|p1a: Ferrothorn|Gyro Ball|p2a: Xerneas\n|-supereffective|p2a: Xerneas\n|-damage|p2a: Xerneas|65\/100 slp\n|\n|-heal|p2a: Xerneas|71\/100 slp|[from] Ingrain\n|-damage|p2a: Xerneas|59\/100 slp|[from] Leech Seed|[of] p1a: Ferrothorn\n|upkeep\n|turn|16\n|\n|t:|1614306130\n|cant|p2a: Xerneas|slp\n|move|p1a: Ferrothorn|Gyro Ball|p2a: Xerneas\n|-supereffective|p2a: Xerneas\n|-damage|p2a: Xerneas|25\/100 slp\n|\n|-heal|p2a: Xerneas|31\/100 slp|[from] Ingrain\n|-damage|p2a: Xerneas|19\/100 slp|[from] Leech Seed|[of] p1a: Ferrothorn\n|upkeep\n|turn|17\n|\n|t:|1614306145\n|cant|p2a: Xerneas|slp\n|move|p1a: Ferrothorn|Spikes|p2a: Xerneas\n|-sidestart|p2: Gurtrant|Spikes\n|\n|-heal|p2a: Xerneas|25\/100 slp|[from] Ingrain\n|-damage|p2a: Xerneas|13\/100 slp|[from] Leech Seed|[of] p1a: Ferrothorn\n|upkeep\n|turn|18\n|\n|t:|1614306151\n|-curestatus|p2a: Xerneas|slp|[msg]\n|move|p2a: Xerneas|Rest|p2a: Xerneas\n|-status|p2a: Xerneas|slp|[from] move: Rest\n|-heal|p2a: Xerneas|100\/100 slp|[silent]\n|move|p1a: Ferrothorn|Spikes|p2a: Xerneas\n|-sidestart|p2: Gurtrant|Spikes\n|\n|-damage|p2a: Xerneas|88\/100 slp|[from] Leech Seed|[of] p1a: Ferrothorn\n|upkeep\n|turn|19\n|\n|t:|1614306160\n|cant|p2a: Xerneas|slp\n|move|p1a: Ferrothorn|Spikes|p2a: Xerneas\n|-sidestart|p2: Gurtrant|Spikes\n|\n|-heal|p2a: Xerneas|94\/100 slp|[from] Ingrain\n|-damage|p2a: Xerneas|82\/100 slp|[from] Leech Seed|[of] p1a: Ferrothorn\n|upkeep\n|turn|20\n|\n|t:|1614306168\n|cant|p2a: Xerneas|slp\n|move|p1a: Ferrothorn|Leech Seed||[still]\n|-fail|p1a: Ferrothorn\n|\n|-heal|p2a: Xerneas|88\/100 slp|[from] Ingrain\n|-damage|p2a: Xerneas|75\/100 slp|[from] Leech Seed|[of] p1a: Ferrothorn\n|upkeep\n|turn|21\n|\n|t:|1614306174\n|move|p1a: Ferrothorn|Protect|p1a: Ferrothorn\n|-singleturn|p1a: Ferrothorn|Protect\n|-curestatus|p2a: Xerneas|slp|[msg]\n|move|p2a: Xerneas|Moonblast|p1a: Ferrothorn\n|-activate|p1a: Ferrothorn|move: Protect\n|\n|-heal|p2a: Xerneas|81\/100|[from] Ingrain\n|-damage|p2a: Xerneas|69\/100|[from] Leech Seed|[of] p1a: Ferrothorn\n|upkeep\n|turn|22\n|\n|t:|1614306191\n|move|p1a: Ferrothorn|Protect||[still]\n|-fail|p1a: Ferrothorn\n|move|p2a: Xerneas|Moonblast|p1a: Ferrothorn\n|-resisted|p1a: Ferrothorn\n|-damage|p1a: Ferrothorn|55\/100\n|-unboost|p1a: Ferrothorn|spa|1\n|\n|-heal|p1a: Ferrothorn|62\/100|[from] item: Leftovers\n|-heal|p2a: Xerneas|75\/100|[from] Ingrain\n|-damage|p2a: Xerneas|63\/100|[from] Leech Seed|[of] p1a: Ferrothorn\n|-heal|p1a: Ferrothorn|78\/100|[silent]\n|upkeep\n|turn|23\n|\n|t:|1614306208\n|move|p1a: Ferrothorn|Protect|p1a: Ferrothorn\n|-singleturn|p1a: Ferrothorn|Protect\n|move|p2a: Xerneas|Geomancy||[still]\n|-prepare|p2a: Xerneas|Geomancy\n|\n|-heal|p1a: Ferrothorn|84\/100|[from] item: Leftovers\n|-heal|p2a: Xerneas|69\/100|[from] Ingrain\n|-damage|p2a: Xerneas|56\/100|[from] Leech Seed|[of] p1a: Ferrothorn\n|-heal|p1a: Ferrothorn|99\/100|[silent]\n|upkeep\n|turn|24\n|\n|t:|1614306217\n|move|p1a: Ferrothorn|Protect||[still]\n|-fail|p1a: Ferrothorn\n|move|p2a: Xerneas|Geomancy|p2a: Xerneas|[from]lockedmove\n|-boost|p2a: Xerneas|spa|2\n|-boost|p2a: Xerneas|spd|2\n|-boost|p2a: Xerneas|spe|2\n|\n|-heal|p1a: Ferrothorn|100\/100|[from] item: Leftovers\n|-heal|p2a: Xerneas|62\/100|[from] Ingrain\n|-damage|p2a: Xerneas|50\/100|[from] Leech Seed|[of] p1a: Ferrothorn\n|upkeep\n|turn|25\n|\n|t:|1614306231\n|move|p1a: Ferrothorn|Protect|p1a: Ferrothorn\n|-singleturn|p1a: Ferrothorn|Protect\n|move|p2a: Xerneas|Moonblast|p1a: Ferrothorn\n|-activate|p1a: Ferrothorn|move: Protect\n|\n|-heal|p2a: Xerneas|56\/100|[from] Ingrain\n|-damage|p2a: Xerneas|43\/100|[from] Leech Seed|[of] p1a: Ferrothorn\n|upkeep\n|turn|26\n|\n|t:|1614306240\n|move|p1a: Ferrothorn|Protect|p1a: Ferrothorn\n|-singleturn|p1a: Ferrothorn|Protect\n|move|p2a: Xerneas|Moonblast|p1a: Ferrothorn\n|-activate|p1a: Ferrothorn|move: Protect\n|\n|-heal|p2a: Xerneas|50\/100|[from] Ingrain\n|-damage|p2a: Xerneas|37\/100|[from] Leech Seed|[of] p1a: Ferrothorn\n|upkeep\n|turn|27\n|\n|t:|1614306257\n|move|p1a: Ferrothorn|Protect||[still]\n|-fail|p1a: Ferrothorn\n|move|p2a: Xerneas|Moonblast|p1a: Ferrothorn\n|-resisted|p1a: Ferrothorn\n|-crit|p1a: Ferrothorn\n|-damage|p1a: Ferrothorn|14\/100\n|\n|-heal|p1a: Ferrothorn|20\/100|[from] item: Leftovers\n|-heal|p2a: Xerneas|43\/100|[from] Ingrain\n|-damage|p2a: Xerneas|31\/100|[from] Leech Seed|[of] p1a: Ferrothorn\n|-heal|p1a: Ferrothorn|37\/100|[silent]\n|upkeep\n|turn|28\n|\n|t:|1614306267\n|move|p1a: Ferrothorn|Protect|p1a: Ferrothorn\n|-singleturn|p1a: Ferrothorn|Protect\n|move|p2a: Xerneas|Rest|p2a: Xerneas\n|-status|p2a: Xerneas|slp|[from] move: Rest\n|-heal|p2a: Xerneas|100\/100 slp|[silent]\n|\n|-heal|p1a: Ferrothorn|43\/100|[from] item: Leftovers\n|-damage|p2a: Xerneas|88\/100 slp|[from] Leech Seed|[of] p1a: Ferrothorn\n|-heal|p1a: Ferrothorn|59\/100|[silent]\n|upkeep\n|turn|29\n|\n|t:|1614306277\n|switch|p1a: Marshadow|Marshadow|66\/100 psn\n|-damage|p1a: Marshadow|53\/100 psn|[from] Spikes\n|cant|p2a: Xerneas|slp\n|\n|-heal|p2a: Xerneas|94\/100 slp|[from] Ingrain\n|-damage|p2a: Xerneas|82\/100 slp|[from] Leech Seed|[of] p1a: Marshadow\n|-heal|p1a: Marshadow|71\/100 psn|[silent]\n|-damage|p1a: Marshadow|58\/100 psn|[from] psn\n|upkeep\n|turn|30\n|\n|t:|1614306288\n|cant|p2a: Xerneas|slp\n|move|p1a: Marshadow|Spectral Thief||[still]\n|-clearpositiveboost|p2a: Xerneas|p1a: Marshadow|move: Spectral Thief\n|-boost|p1a: Marshadow|atk|1\n|-boost|p1a: Marshadow|def|1\n|-boost|p1a: Marshadow|spa|5\n|-boost|p1a: Marshadow|spd|5\n|-boost|p1a: Marshadow|spe|5\n|-anim|p1a: Marshadow|Spectral Thief|p2a: Xerneas\n|-damage|p2a: Xerneas|33\/100 slp\n|-damage|p1a: Marshadow|48\/100 psn|[from] item: Life Orb\n|\n|-heal|p2a: Xerneas|40\/100 slp|[from] Ingrain\n|-damage|p2a: Xerneas|27\/100 slp|[from] Leech Seed|[of] p1a: Marshadow\n|-heal|p1a: Marshadow|66\/100 psn|[silent]\n|-damage|p1a: Marshadow|54\/100 psn|[from] psn\n|upkeep\n|turn|31\n|\n|t:|1614306304\n|move|p1a: Marshadow|Spectral Thief|p2a: Xerneas\n|-damage|p2a: Xerneas|0 fnt\n|-damage|p1a: Marshadow|44\/100 psn|[from] item: Life Orb\n|faint|p2a: Xerneas\n|\n|-damage|p1a: Marshadow|31\/100 psn|[from] psn\n|upkeep\n|\n|t:|1614306326\n|switch|p2a: Groudon|Groudon|100\/100\n|-damage|p2a: Groudon|76\/100|[from] Spikes\n|detailschange|p2a: Groudon|Groudon-Primal\n|-primal|p2a: Groudon\n|-weather|DesolateLand|[from] ability: Desolate Land|[of] p2a: Groudon\n|turn|32\n|\n|t:|1614306333\n|move|p1a: Marshadow|Spectral Thief|p2a: Groudon\n|-damage|p2a: Groudon|28\/100\n|-damage|p1a: Marshadow|21\/100 psn|[from] item: Life Orb\n|move|p2a: Groudon|Stealth Rock|p1a: Marshadow\n|-sidestart|p1: Jungro|move: Stealth Rock\n|\n|-weather|DesolateLand|[upkeep]\n|-damage|p1a: Marshadow|9\/100 psn|[from] psn\n|upkeep\n|turn|33\n|\n|t:|1614306342\n|move|p1a: Marshadow|Spectral Thief|p2a: Groudon\n|-damage|p2a: Groudon|0 fnt\n|-damage|p1a: Marshadow|0 fnt|[from] item: Life Orb\n|faint|p2a: Groudon\n|-weather|none\n|faint|p1a: Marshadow\n|\n|upkeep\n|\n|t:|1614306352\n|switch|p1a: Zygarde|Zygarde|100\/100\n|switch|p2a: Arceus|Arceus-Ground|100\/100\n|-damage|p2a: Arceus|76\/100|[from] Spikes\n|-status|p1a: Zygarde|psn\n|-damage|p1a: Zygarde|94\/100 psn|[from] Stealth Rock\n|-damage|p1a: Zygarde|82\/100 psn|[from] Spikes\n|turn|34\n|\n|t:|1614306362\n|move|p2a: Arceus|Swords Dance|p2a: Arceus\n|-boost|p2a: Arceus|atk|2\n|move|p1a: Zygarde|Glare|p2a: Arceus\n|-status|p2a: Arceus|par\n|\n|-heal|p1a: Zygarde|88\/100 psn|[from] item: Leftovers\n|-damage|p1a: Zygarde|76\/100 psn|[from] psn\n|upkeep\n|turn|35\n|\n|t:|1614306371\n|move|p1a: Zygarde|Haze|p1a: Zygarde\n|-clearallboost\n|move|p2a: Arceus|Earthquake|p1a: Zygarde\n|-damage|p1a: Zygarde|49\/100 psn\n|\n|-heal|p1a: Zygarde|55\/100 psn|[from] item: Leftovers\n|-damage|p1a: Zygarde|43\/100 psn|[from] psn\n|-activate|p1a: Zygarde|ability: Power Construct\n|detailschange|p1a: Zygarde|Zygarde-Complete\n|-heal|p1a: Zygarde|62\/100 psn|[silent]\n|upkeep\n|turn|36\n|\n|t:|1614306384\n|move|p1a: Zygarde|Thousand Arrows|p2a: Arceus\n|-damage|p2a: Arceus|57\/100 par\n|move|p2a: Arceus|Earthquake|p1a: Zygarde\n|-damage|p1a: Zygarde|45\/100 psn\n|\n|-heal|p1a: Zygarde|52\/100 psn|[from] item: Leftovers\n|-damage|p1a: Zygarde|39\/100 psn|[from] psn\n|upkeep\n|turn|37\n|\n|t:|1614306394\n|move|p1a: Zygarde|Thousand Arrows|p2a: Arceus\n|-damage|p2a: Arceus|35\/100 par\n|cant|p2a: Arceus|par\n|\n|-heal|p1a: Zygarde|45\/100 psn|[from] item: Leftovers\n|-damage|p1a: Zygarde|33\/100 psn|[from] psn\n|upkeep\n|turn|38\n|\n|t:|1614306402\n|move|p1a: Zygarde|Rest|p1a: Zygarde\n|-status|p1a: Zygarde|slp|[from] move: Rest\n|-heal|p1a: Zygarde|100\/100 slp|[silent]\n|move|p2a: Arceus|Recover|p2a: Arceus\n|-heal|p2a: Arceus|85\/100 par\n|\n|upkeep\n|turn|39\n|\n|t:|1614306416\n|cant|p1a: Zygarde|slp\n|move|p2a: Arceus|Swords Dance|p2a: Arceus\n|-boost|p2a: Arceus|atk|2\n|\n|upkeep\n|turn|40\n|\n|t:|1614306421\n|cant|p1a: Zygarde|slp\n|cant|p2a: Arceus|par\n|\n|upkeep\n|turn|41\n|\n|t:|1614306430\n|-curestatus|p1a: Zygarde|slp|[msg]\n|move|p1a: Zygarde|Glare|p2a: Arceus\n|-fail|p2a: Arceus|par\n|move|p2a: Arceus|Earthquake|p1a: Zygarde\n|-damage|p1a: Zygarde|63\/100\n|\n|-heal|p1a: Zygarde|69\/100|[from] item: Leftovers\n|upkeep\n|turn|42\n|\n|t:|1614306439\n|move|p1a: Zygarde|Haze|p1a: Zygarde\n|-clearallboost\n|cant|p2a: Arceus|par\n|\n|-heal|p1a: Zygarde|75\/100|[from] item: Leftovers\n|upkeep\n|turn|43\n|\n|t:|1614306446\n|move|p1a: Zygarde|Thousand Arrows|p2a: Arceus\n|-damage|p2a: Arceus|65\/100 par\n|move|p2a: Arceus|Earthquake|p1a: Zygarde\n|-damage|p1a: Zygarde|59\/100\n|\n|-heal|p1a: Zygarde|65\/100|[from] item: Leftovers\n|upkeep\n|turn|44\n|\n|t:|1614306460\n|move|p1a: Zygarde|Thousand Arrows|p2a: Arceus\n|-damage|p2a: Arceus|44\/100 par\n|cant|p2a: Arceus|par\n|\n|-heal|p1a: Zygarde|71\/100|[from] item: Leftovers\n|upkeep\n|turn|45\n|\n|t:|1614306470\n|move|p1a: Zygarde|Thousand Arrows|p2a: Arceus\n|-damage|p2a: Arceus|22\/100 par\n|move|p2a: Arceus|Recover|p2a: Arceus\n|-heal|p2a: Arceus|72\/100 par\n|\n|-heal|p1a: Zygarde|77\/100|[from] item: Leftovers\n|upkeep\n|turn|46\n|\n|t:|1614306487\n|move|p1a: Zygarde|Thousand Arrows|p2a: Arceus\n|-damage|p2a: Arceus|51\/100 par\n|move|p2a: Arceus|Earthquake|p1a: Zygarde\n|-damage|p1a: Zygarde|59\/100\n|\n|-heal|p1a: Zygarde|65\/100|[from] item: Leftovers\n|upkeep\n|turn|47\n|\n|t:|1614306498\n|switch|p1a: Ferrothorn|Ferrothorn, F|59\/100\n|-damage|p1a: Ferrothorn|53\/100|[from] Stealth Rock\n|-damage|p1a: Ferrothorn|40\/100|[from] Spikes\n|move|p2a: Arceus|Recover|p2a: Arceus\n|-heal|p2a: Arceus|100\/100 par\n|\n|-heal|p1a: Ferrothorn|47\/100|[from] item: Leftovers\n|upkeep\n|turn|48\n|\n|t:|1614306510\n|move|p2a: Arceus|Swords Dance|p2a: Arceus\n|-boost|p2a: Arceus|atk|2\n|move|p1a: Ferrothorn|Leech Seed|p2a: Arceus\n|-start|p2a: Arceus|move: Leech Seed\n|\n|-heal|p1a: Ferrothorn|53\/100|[from] item: Leftovers\n|-damage|p2a: Arceus|88\/100 par|[from] Leech Seed|[of] p1a: Ferrothorn\n|-heal|p1a: Ferrothorn|68\/100|[silent]\n|upkeep\n|turn|49\n|\n|t:|1614306518\n|switch|p1a: Zygarde|Zygarde-Complete|65\/100\n|-damage|p1a: Zygarde|59\/100|[from] Stealth Rock\n|-status|p1a: Zygarde|psn\n|-damage|p1a: Zygarde|47\/100 psn|[from] Spikes\n|move|p2a: Arceus|Swords Dance|p2a: Arceus\n|-boost|p2a: Arceus|atk|2\n|\n|-heal|p1a: Zygarde|53\/100 psn|[from] item: Leftovers\n|-damage|p2a: Arceus|76\/100 par|[from] Leech Seed|[of] p1a: Zygarde\n|-heal|p1a: Zygarde|61\/100 psn|[silent]\n|-damage|p1a: Zygarde|49\/100 psn|[from] psn\n|upkeep\n|turn|50\n|\n|t:|1614306532\n|move|p1a: Zygarde|Haze|p1a: Zygarde\n|-clearallboost\n|cant|p2a: Arceus|par\n|\n|-heal|p1a: Zygarde|55\/100 psn|[from] item: Leftovers\n|-damage|p2a: Arceus|63\/100 par|[from] Leech Seed|[of] p1a: Zygarde\n|-heal|p1a: Zygarde|64\/100 psn|[silent]\n|-damage|p1a: Zygarde|51\/100 psn|[from] psn\n|upkeep\n|turn|51\n|\n|t:|1614306541\n|switch|p2a: Marshadow|Marshadow|100\/100\n|-damage|p2a: Marshadow|76\/100|[from] Spikes\n|move|p1a: Zygarde|Rest|p1a: Zygarde\n|-status|p1a: Zygarde|slp|[from] move: Rest\n|-heal|p1a: Zygarde|100\/100 slp|[silent]\n|\n|upkeep\n|turn|52\n|\n|t:|1614306550\n|switch|p1a: Ferrothorn|Ferrothorn, F|68\/100\n|-damage|p1a: Ferrothorn|62\/100|[from] Stealth Rock\n|-damage|p1a: Ferrothorn|50\/100|[from] Spikes\n|move|p2a: Marshadow|Close Combat|p1a: Ferrothorn\n|-supereffective|p1a: Ferrothorn\n|-damage|p1a: Ferrothorn|0 fnt\n|-unboost|p2a: Marshadow|def|1\n|-unboost|p2a: Marshadow|spd|1\n|-damage|p2a: Marshadow|63\/100|[from] ability: Iron Barbs|[of] p1a: Ferrothorn\n|-damage|p2a: Marshadow|53\/100|[from] item: Life Orb\n|faint|p1a: Ferrothorn\n|\n|upkeep\n|\n|t:|1614306562\n|switch|p1a: Yveltal|Yveltal|100\/100\n|-damage|p1a: Yveltal|76\/100|[from] Stealth Rock\n|-ability|p1a: Yveltal|Dark Aura\n|turn|53\n|\n|t:|1614306568\n|move|p2a: Marshadow|Rock Tomb|p1a: Yveltal\n|-supereffective|p1a: Yveltal\n|-damage|p1a: Yveltal|0 fnt\n|-damage|p2a: Marshadow|43\/100|[from] item: Life Orb\n|faint|p1a: Yveltal\n|\n|upkeep\n|c|\u2606Jungro|wtf\n|\n|t:|1614306574\n|switch|p1a: Zygarde|Zygarde-Complete|100\/100 slp\n|-damage|p1a: Zygarde|88\/100 slp|[from] Spikes\n|-damage|p1a: Zygarde|82\/100 slp|[from] Stealth Rock\n|turn|54\n|\n|t:|1614306580\n|move|p2a: Marshadow|Close Combat|p1a: Zygarde\n|-damage|p1a: Zygarde|54\/100 slp\n|-unboost|p2a: Marshadow|def|1\n|-unboost|p2a: Marshadow|spd|1\n|-damage|p2a: Marshadow|33\/100|[from] item: Life Orb\n|cant|p1a: Zygarde|slp\n|\n|-heal|p1a: Zygarde|61\/100 slp|[from] item: Leftovers\n|upkeep\n|turn|55\n|\n|t:|1614306590\n|move|p2a: Marshadow|Close Combat|p1a: Zygarde\n|-damage|p1a: Zygarde|33\/100 slp\n|-unboost|p2a: Marshadow|def|1\n|-unboost|p2a: Marshadow|spd|1\n|-damage|p2a: Marshadow|23\/100|[from] item: Life Orb\n|cant|p1a: Zygarde|slp\n|\n|-heal|p1a: Zygarde|39\/100 slp|[from] item: Leftovers\n|upkeep\n|turn|56\n|\n|t:|1614306600\n|move|p2a: Marshadow|Close Combat|p1a: Zygarde\n|-damage|p1a: Zygarde|11\/100 slp\n|-unboost|p2a: Marshadow|def|1\n|-unboost|p2a: Marshadow|spd|1\n|-damage|p2a: Marshadow|13\/100|[from] item: Life Orb\n|-curestatus|p1a: Zygarde|slp|[msg]\n|move|p1a: Zygarde|Rest|p1a: Zygarde\n|-status|p1a: Zygarde|slp|[from] move: Rest\n|-heal|p1a: Zygarde|100\/100 slp|[silent]\n|\n|upkeep\n|turn|57\n|\n|t:|1614306611\n|move|p2a: Marshadow|Close Combat|p1a: Zygarde\n|-damage|p1a: Zygarde|73\/100 slp\n|-unboost|p2a: Marshadow|def|1\n|-unboost|p2a: Marshadow|spd|1\n|-damage|p2a: Marshadow|3\/100|[from] item: Life Orb\n|cant|p1a: Zygarde|slp\n|\n|-heal|p1a: Zygarde|79\/100 slp|[from] item: Leftovers\n|upkeep\n|turn|58\n|\n|t:|1614306620\n|move|p2a: Marshadow|Close Combat|p1a: Zygarde\n|-damage|p1a: Zygarde|53\/100 slp\n|-unboost|p2a: Marshadow|def|1\n|-unboost|p2a: Marshadow|spd|1\n|-damage|p2a: Marshadow|0 fnt|[from] item: Life Orb\n|faint|p2a: Marshadow\n|cant|p1a: Zygarde|slp\n|\n|-heal|p1a: Zygarde|59\/100 slp|[from] item: Leftovers\n|upkeep\n|\n|t:|1614306626\n|switch|p2a: Arceus|Arceus-Ground|63\/100 par\n|-damage|p2a: Arceus|38\/100 par|[from] Spikes\n|turn|59\n|\n|t:|1614306633\n|-curestatus|p1a: Zygarde|slp|[msg]\n|move|p1a: Zygarde|Thousand Arrows|p2a: Arceus\n|-damage|p2a: Arceus|19\/100 par\n|move|p2a: Arceus|Recover|p2a: Arceus\n|-heal|p2a: Arceus|70\/100 par\n|\n|-heal|p1a: Zygarde|65\/100|[from] item: Leftovers\n|upkeep\n|turn|60\n|\n|t:|1614306643\n|move|p1a: Zygarde|Thousand Arrows|p2a: Arceus\n|-damage|p2a: Arceus|51\/100 par\n|cant|p2a: Arceus|par\n|\n|-heal|p1a: Zygarde|71\/100|[from] item: Leftovers\n|upkeep\n|turn|61\n|\n|t:|1614306650\n|move|p1a: Zygarde|Thousand Arrows|p2a: Arceus\n|-damage|p2a: Arceus|32\/100 par\n|move|p2a: Arceus|Swords Dance|p2a: Arceus\n|-boost|p2a: Arceus|atk|2\n|\n|-heal|p1a: Zygarde|78\/100|[from] item: Leftovers\n|upkeep\n|turn|62\n|\n|t:|1614306657\n|move|p1a: Zygarde|Thousand Arrows|p2a: Arceus\n|-damage|p2a: Arceus|10\/100 par\n|cant|p2a: Arceus|par\n|\n|-heal|p1a: Zygarde|84\/100|[from] item: Leftovers\n|upkeep\n|turn|63\n|\n|t:|1614306665\n|move|p1a: Zygarde|Thousand Arrows|p2a: Arceus\n|-damage|p2a: Arceus|0 fnt\n|faint|p2a: Arceus\n|\n|win|Jungro\n|l|\u2606Gurtrant\n","uploadtime":1614306676,"views":6,"p1id":"jungro","p2id":"gurtrant","formatid":"gen7ubers","rating":0,"private":0,"password":null}