{"id":"gen7randombattle-1164911488","p1":"BigWes95","p2":"Frisco07","format":"gen7randombattle","log":"|j|\u2606BigWes95\n|j|\u2606Frisco07\n|t:|1596818410\n|player|p1|BigWes95|swimmer-gen4dp|1614\n|player|p2|Frisco07|2|1598\n|teamsize|p1|6\n|teamsize|p2|6\n|gametype|singles\n|gen|7\n|tier|[Gen 7] Random Battle\n|rated|\n|rule|Sleep Clause Mod: Limit one foe put to sleep\n|rule|HP Percentage Mod: HP is shown in percentages\n|\n|t:|1596818410\n|start\n|switch|p1a: Scrafty|Scrafty, L86, F|252\/252\n|switch|p2a: Marshadow|Marshadow, L78|268\/268\n|turn|1\n|inactive|Battle timer is ON: inactive players will automatically lose when time's up. (requested by BigWes95)\n|\n|t:|1596818423\n|move|p2a: Marshadow|Close Combat|p1a: Scrafty\n|-supereffective|p1a: Scrafty\n|-damage|p1a: Scrafty|36\/252\n|-unboost|p2a: Marshadow|def|1\n|-unboost|p2a: Marshadow|spd|1\n|move|p1a: Scrafty|Knock Off|p2a: Marshadow\n|-damage|p2a: Marshadow|154\/268\n|\n|-heal|p1a: Scrafty|51\/252|[from] item: Leftovers\n|upkeep\n|turn|2\n|\n|t:|1596818432\n|move|p2a: Marshadow|Close Combat|p1a: Scrafty\n|-supereffective|p1a: Scrafty\n|-damage|p1a: Scrafty|0 fnt\n|-unboost|p2a: Marshadow|def|1\n|-unboost|p2a: Marshadow|spd|1\n|faint|p1a: Scrafty\n|\n|upkeep\n|\n|t:|1596818435\n|switch|p1a: Mewtwo|Mewtwo, L78|293\/293\n|-ability|p1a: Mewtwo|Unnerve|p2: Frisco07\n|turn|3\n|\n|t:|1596818453\n|switch|p2a: Persian|Persian, L88, F|258\/258\n|move|p1a: Mewtwo|Psystrike|p2a: Persian\n|-damage|p2a: Persian|80\/258\n|\n|upkeep\n|turn|4\n|\n|t:|1596818467\n|switch|p1a: Glalie|Glalie, L88, F|283\/283\n|move|p2a: Persian|Fake Out|p1a: Glalie\n|-damage|p1a: Glalie|212\/283\n|-damage|p2a: Persian|55\/258|[from] item: Life Orb\n|\n|upkeep\n|turn|5\n|\n|t:|1596818472\n|move|p2a: Persian|Knock Off|p1a: Glalie\n|-damage|p1a: Glalie|139\/283\n|-enditem|p1a: Glalie|Life Orb|[from] move: Knock Off|[of] p2a: Persian\n|-damage|p2a: Persian|30\/258|[from] item: Life Orb\n|move|p1a: Glalie|Ice Beam|p2a: Persian\n|-damage|p2a: Persian|0 fnt\n|faint|p2a: Persian\n|\n|upkeep\n|\n|t:|1596818474\n|switch|p2a: Marowak|Marowak-Alola, L84, M|238\/238\n|turn|6\n|\n|t:|1596818479\n|move|p1a: Glalie|Earthquake|p2a: Marowak\n|-supereffective|p2a: Marowak\n|-damage|p2a: Marowak|124\/238\n|move|p2a: Marowak|Flame Charge|p1a: Glalie\n|-supereffective|p1a: Glalie\n|-damage|p1a: Glalie|0 fnt\n|-boost|p2a: Marowak|spe|1\n|faint|p1a: Glalie\n|\n|upkeep\n|\n|t:|1596818486\n|switch|p1a: Mewtwo|Mewtwo, L78|293\/293\n|-ability|p1a: Mewtwo|Unnerve|p2: Frisco07\n|turn|7\n|\n|t:|1596818489\n|move|p1a: Mewtwo|Psystrike|p2a: Marowak\n|-damage|p2a: Marowak|4\/238\n|move|p2a: Marowak|Shadow Bone|p1a: Mewtwo\n|-supereffective|p1a: Mewtwo\n|-damage|p1a: Mewtwo|0 fnt\n|faint|p1a: Mewtwo\n|\n|upkeep\n|-message|BigWes95 forfeited.\n|\n|win|Frisco07\n|l|\u2606BigWes95\n","inputlog":">version c0795ad8cf521b85d89f48821ac8f839b1ec7440\n>start {\"formatid\":\"gen7randombattle\",\"seed\":[7493,54325,35904,52766],\"rated\":\"Rated battle\"}\n>player p1 {\"name\":\"BigWes95\",\"avatar\":\"swimmer-gen4dp\",\"team\":\"\",\"rating\":1614,\"seed\":[16637,20200,11470,15984]}\n>player p2 {\"name\":\"Frisco07\",\"avatar\":\"2\",\"team\":\"\",\"rating\":1598,\"seed\":[49465,21099,6065,35812]}\n>p1 move knockoff\n>p2 move closecombat\n>p1 move rest\n>p2 move closecombat\n>p1 switch 3\n>p1 move psystrike\n>p2 switch 3\n>p1 switch 4\n>p2 move fakeout\n>p1 move icebeam\n>p2 move knockoff\n>p2 switch 5\n>p1 move earthquake\n>p2 move flamecharge\n>p1 switch 4\n>p1 move psystrike\n>p2 move shadowbone","uploadtime":1596818504,"views":3,"p1id":"bigwes95","p2id":"frisco07","formatid":"gen7randombattle","rating":0,"private":0,"password":null}