{"id":"gen7ou-1008506382","p1":"Karmatron","p2":"JoJo321","format":"gen7ou","log":"|j|\u2606Karmatron\n|j|\u2606JoJo321\n|player|p1|Karmatron|sage|1583\n|player|p2|JoJo321|266|1573\n|teamsize|p1|6\n|teamsize|p2|6\n|gametype|singles\n|gen|7\n|tier|[Gen 7] OU\n|rated|\n|rule|Sleep Clause Mod: Limit one foe put to sleep\n|rule|Species Clause: Limit one of each Pok\u00e9mon\n|rule|OHKO Clause: OHKO moves are banned\n|rule|Moody Clause: Moody is banned\n|rule|Evasion Moves Clause: Evasion moves are banned\n|rule|Endless Battle Clause: Forcing endless battles is banned\n|rule|HP Percentage Mod: HP is shown in percentages\n|clearpoke\n|poke|p1|Ribombee, M|item\n|poke|p1|Gyarados, M|item\n|poke|p1|Sceptile, M|item\n|poke|p1|Tapu Bulu|item\n|poke|p1|Clefable, M|item\n|poke|p1|Heatran, M|item\n|poke|p2|Rhyperior, F|item\n|poke|p2|Serperior, M|item\n|poke|p2|Magearna|item\n|poke|p2|Victini|item\n|poke|p2|Celesteela|item\n|poke|p2|Swampert, M|item\n|teampreview\n|\n|start\n|switch|p1a: Ribombee|Ribombee, M|100\/100\n|switch|p2a: Swampert|Swampert, M|100\/100\n|turn|1\n|\n|move|p1a: Ribombee|Sticky Web|p2a: Swampert\n|-sidestart|p2: JoJo321|move: Sticky Web\n|move|p2a: Swampert|Stealth Rock|p1a: Ribombee\n|-sidestart|p1: Karmatron|move: Stealth Rock\n|\n|upkeep\n|turn|2\n|\n|switch|p1a: Tapu Bulu|Tapu Bulu|100\/100\n|-damage|p1a: Tapu Bulu|88\/100|[from] Stealth Rock\n|-fieldstart|move: Grassy Terrain|[from] ability: Grassy Surge|[of] p1a: Tapu Bulu\n|move|p2a: Swampert|Scald|p1a: Tapu Bulu\n|-resisted|p1a: Tapu Bulu\n|-damage|p1a: Tapu Bulu|73\/100\n|\n|-heal|p1a: Tapu Bulu|79\/100|[from] Grassy Terrain\n|upkeep\n|turn|3\n|\n|switch|p2a: Celesteela|Celesteela|100\/100\n|move|p1a: Tapu Bulu|Swords Dance|p1a: Tapu Bulu\n|-boost|p1a: Tapu Bulu|atk|2\n|\n|-heal|p1a: Tapu Bulu|85\/100|[from] Grassy Terrain\n|upkeep\n|turn|4\n|\n|-zpower|p1a: Tapu Bulu\n|move|p1a: Tapu Bulu|Continental Crush|p2a: Celesteela|[zeffect]\n|-damage|p2a: Celesteela|0 fnt\n|faint|p2a: Celesteela\n|\n|-heal|p1a: Tapu Bulu|91\/100|[from] Grassy Terrain\n|upkeep\n|\n|switch|p2a: Victini|Victini|100\/100\n|-activate|p2a: Victini|move: Sticky Web\n|-unboost|p2a: Victini|spe|1\n|turn|5\n|\n|move|p1a: Tapu Bulu|Stone Edge|p2a: Victini|[miss]\n|-miss|p1a: Tapu Bulu|p2a: Victini\n|move|p2a: Victini|V-create|p1a: Tapu Bulu\n|-supereffective|p1a: Tapu Bulu\n|-damage|p1a: Tapu Bulu|0 fnt\n|-unboost|p2a: Victini|spe|1\n|-unboost|p2a: Victini|def|1\n|-unboost|p2a: Victini|spd|1\n|faint|p1a: Tapu Bulu\n|\n|upkeep\n|\n|switch|p1a: Heatran|Heatran, M|100\/100\n|-damage|p1a: Heatran|88\/100|[from] Stealth Rock\n|-item|p1a: Heatran|Air Balloon\n|turn|6\n|\n|switch|p2a: Swampert|Swampert, M|100\/100\n|-activate|p2a: Swampert|move: Sticky Web\n|-unboost|p2a: Swampert|spe|1\n|move|p1a: Heatran|Stealth Rock|p2a: Swampert\n|-sidestart|p2: JoJo321|move: Stealth Rock\n|\n|-fieldend|move: Grassy Terrain\n|upkeep\n|turn|7\n|\n|switch|p1a: Sceptile|Sceptile, M|100\/100\n|-damage|p1a: Sceptile|88\/100|[from] Stealth Rock\n|move|p2a: Swampert|Scald|p1a: Sceptile\n|-resisted|p1a: Sceptile\n|-damage|p1a: Sceptile|72\/100\n|\n|upkeep\n|turn|8\n|\n|switch|p2a: Magearna|Magearna|100\/100\n|-activate|p2a: Magearna|move: Sticky Web\n|-unboost|p2a: Magearna|spe|1\n|-damage|p2a: Magearna|95\/100|[from] Stealth Rock\n|move|p1a: Sceptile|Grass Whistle|p2a: Magearna\n|-status|p2a: Magearna|slp|[from] move: Grass Whistle\n|\n|upkeep\n|turn|9\n|\n|switch|p1a: Heatran|Heatran, M|88\/100\n|-damage|p1a: Heatran|76\/100|[from] Stealth Rock\n|-item|p1a: Heatran|Air Balloon\n|switch|p2a: Victini|Victini|100\/100\n|-activate|p2a: Victini|move: Sticky Web\n|-unboost|p2a: Victini|spe|1\n|-damage|p2a: Victini|76\/100|[from] Stealth Rock\n|\n|upkeep\n|turn|10\n|\n|move|p1a: Heatran|Earth Power|p2a: Victini\n|-supereffective|p2a: Victini\n|-damage|p2a: Victini|13\/100\n|move|p2a: Victini|U-turn|p1a: Heatran\n|-resisted|p1a: Heatran\n|-damage|p1a: Heatran|69\/100\n|-enditem|p1a: Heatran|Air Balloon\n|\n|switch|p2a: Swampert|Swampert, M|100\/100|[from]move: U-turn\n|-activate|p2a: Swampert|move: Sticky Web\n|-unboost|p2a: Swampert|spe|1\n|-damage|p2a: Swampert|94\/100|[from] Stealth Rock\n|\n|upkeep\n|turn|11\n|\n|switch|p1a: Sceptile|Sceptile, M|72\/100\n|-damage|p1a: Sceptile|59\/100|[from] Stealth Rock\n|move|p2a: Swampert|Scald|p1a: Sceptile\n|-resisted|p1a: Sceptile\n|-damage|p1a: Sceptile|43\/100\n|\n|upkeep\n|turn|12\n|\n|switch|p2a: Victini|Victini|13\/100\n|-damage|p2a: Victini|0 fnt|[from] Stealth Rock\n|-activate|p2a: Victini|move: Sticky Web\n|faint|p2a: Victini\n|move|p1a: Sceptile|Endeavor|p2: Victini|[notarget]\n|-fail|p1a: Sceptile\n|\n|upkeep\n|\n|switch|p2a: Rhyperior|Rhyperior, F|100\/100\n|-activate|p2a: Rhyperior|move: Sticky Web\n|-unboost|p2a: Rhyperior|spe|1\n|-damage|p2a: Rhyperior|94\/100|[from] Stealth Rock\n|turn|13\n|inactive|Battle timer is ON: inactive players will automatically lose when time's up. (requested by JoJo321)\n|inactive|Karmatron has 120 seconds left.\n|\n|switch|p1a: Ribombee|Ribombee, M|100\/100\n|-damage|p1a: Ribombee|76\/100|[from] Stealth Rock\n|move|p2a: Rhyperior|Fire Punch|p1a: Ribombee\n|-supereffective|p1a: Ribombee\n|-damage|p1a: Ribombee|0 fnt\n|faint|p1a: Ribombee\n|\n|upkeep\n|inactive|Karmatron has 120 seconds left.\n|\n|switch|p1a: Gyarados|Gyarados, M|100\/100\n|-damage|p1a: Gyarados|76\/100|[from] Stealth Rock\n|-ability|p1a: Gyarados|Intimidate|boost\n|-unboost|p2a: Rhyperior|atk|1\n|turn|14\n|\n|switch|p2a: Serperior|Serperior, M|100\/100\n|-damage|p2a: Serperior|88\/100|[from] Stealth Rock\n|-activate|p2a: Serperior|move: Sticky Web\n|-boost|p2a: Serperior|spe|1\n|detailschange|p1a: Gyarados|Gyarados-Mega, M\n|-mega|p1a: Gyarados|Gyarados|Gyaradosite\n|-ability|p1a: Gyarados|Mold Breaker\n|move|p1a: Gyarados|Dragon Dance|p1a: Gyarados\n|-boost|p1a: Gyarados|atk|1\n|-boost|p1a: Gyarados|spe|1\n|\n|upkeep\n|turn|15\n|inactive|Karmatron has 90 seconds left.\n|\n|move|p2a: Serperior|Leaf Storm|p1a: Gyarados\n|-supereffective|p1a: Gyarados\n|-damage|p1a: Gyarados|0 fnt\n|-boost|p2a: Serperior|spa|2\n|faint|p1a: Gyarados\n|\n|upkeep\n|\n|switch|p1a: Heatran|Heatran, M|69\/100\n|-damage|p1a: Heatran|57\/100|[from] Stealth Rock\n|turn|16\n|\n|switch|p2a: Swampert|Swampert, M|94\/100\n|-activate|p2a: Swampert|move: Sticky Web\n|-unboost|p2a: Swampert|spe|1\n|-damage|p2a: Swampert|88\/100|[from] Stealth Rock\n|move|p1a: Heatran|Lava Plume|p2a: Swampert\n|-resisted|p2a: Swampert\n|-damage|p2a: Swampert|68\/100\n|-status|p2a: Swampert|brn\n|\n|-damage|p2a: Swampert|61\/100 brn|[from] brn\n|upkeep\n|turn|17\n|\n|switch|p1a: Sceptile|Sceptile, M|43\/100\n|-damage|p1a: Sceptile|31\/100|[from] Stealth Rock\n|move|p2a: Swampert|Scald|p1a: Sceptile\n|-resisted|p1a: Sceptile\n|-damage|p1a: Sceptile|14\/100\n|\n|-damage|p2a: Swampert|55\/100 brn|[from] brn\n|upkeep\n|turn|18\n|\n|move|p1a: Sceptile|Endeavor|p2a: Swampert\n|-damage|p2a: Swampert|10\/100 brn\n|move|p2a: Swampert|Scald|p1a: Sceptile\n|-resisted|p1a: Sceptile\n|-damage|p1a: Sceptile|0 fnt\n|faint|p1a: Sceptile\n|\n|-damage|p2a: Swampert|4\/100 brn|[from] brn\n|upkeep\n|\n|switch|p1a: Heatran|Heatran, M|57\/100\n|-damage|p1a: Heatran|44\/100|[from] Stealth Rock\n|turn|19\n|-enditem|p2a: Swampert|Custap Berry|[eat]\n|-activate|p2a: Swampert|item: Custap Berry|[consumed]\n|\n|move|p2a: Swampert|Earthquake|p1a: Heatran\n|-supereffective|p1a: Heatran\n|-damage|p1a: Heatran|0 fnt\n|faint|p1a: Heatran\n|\n|-damage|p2a: Swampert|0 fnt|[from] brn\n|faint|p2a: Swampert\n|upkeep\n|\n|switch|p1a: Clefable|Clefable, M|100\/100\n|switch|p2a: Rhyperior|Rhyperior, F|94\/100\n|-damage|p1a: Clefable|88\/100|[from] Stealth Rock\n|-damage|p2a: Rhyperior|88\/100|[from] Stealth Rock\n|-activate|p2a: Rhyperior|move: Sticky Web\n|-unboost|p2a: Rhyperior|spe|1\n|turn|20\n|c|\u2606Karmatron|ooo\n|inactive|Karmatron has 120 seconds left.\n|\n|move|p1a: Clefable|Cosmic Power|p1a: Clefable\n|-boost|p1a: Clefable|def|1\n|-boost|p1a: Clefable|spd|1\n|-zpower|p2a: Rhyperior\n|move|p2a: Rhyperior|Continental Crush|p1a: Clefable|[zeffect]\n|-damage|p1a: Clefable|24\/100\n|\n|-heal|p1a: Clefable|30\/100|[from] item: Leftovers\n|upkeep\n|turn|21\n|c|\u2606Karmatron|that was nice\n|\n|switch|p2a: Serperior|Serperior, M|88\/100\n|-activate|p2a: Serperior|move: Sticky Web\n|-boost|p2a: Serperior|spe|1\n|-damage|p2a: Serperior|76\/100|[from] Stealth Rock\n|move|p1a: Clefable|Moonlight|p1a: Clefable\n|-heal|p1a: Clefable|80\/100\n|\n|-heal|p1a: Clefable|86\/100|[from] item: Leftovers\n|upkeep\n|turn|22\n|\n|move|p2a: Serperior|Glare|p1a: Clefable\n|-status|p1a: Clefable|par\n|move|p1a: Clefable|Cosmic Power|p1a: Clefable\n|-boost|p1a: Clefable|def|1\n|-boost|p1a: Clefable|spd|1\n|\n|-heal|p1a: Clefable|92\/100 par|[from] item: Leftovers\n|upkeep\n|turn|23\n|\n|switch|p2a: Magearna|Magearna|95\/100 slp\n|-damage|p2a: Magearna|89\/100 slp|[from] Stealth Rock\n|-activate|p2a: Magearna|move: Sticky Web\n|-unboost|p2a: Magearna|spe|1\n|move|p1a: Clefable|Cosmic Power|p1a: Clefable\n|-boost|p1a: Clefable|def|1\n|-boost|p1a: Clefable|spd|1\n|\n|-heal|p1a: Clefable|98\/100 par|[from] item: Leftovers\n|upkeep\n|turn|24\n|\n|switch|p2a: Serperior|Serperior, M|76\/100\n|-damage|p2a: Serperior|63\/100|[from] Stealth Rock\n|-activate|p2a: Serperior|move: Sticky Web\n|-boost|p2a: Serperior|spe|1\n|move|p1a: Clefable|Cosmic Power|p1a: Clefable\n|-boost|p1a: Clefable|def|1\n|-boost|p1a: Clefable|spd|1\n|\n|-heal|p1a: Clefable|100\/100 par|[from] item: Leftovers\n|upkeep\n|turn|25\n|\n|move|p2a: Serperior|Defog|p1a: Clefable\n|-unboost|p1a: Clefable|evasion|1\n|-sideend|p1: Karmatron|Stealth Rock|[from] move: Defog|[of] p2a: Serperior\n|-sideend|p2: JoJo321|Stealth Rock|[from] move: Defog|[of] p2a: Serperior\n|-sideend|p2: JoJo321|Sticky Web|[from] move: Defog|[of] p2a: Serperior\n|move|p1a: Clefable|Charge Beam|p2a: Serperior|[miss]\n|-miss|p1a: Clefable|p2a: Serperior\n|\n|upkeep\n|turn|26\n|\n|switch|p2a: Rhyperior|Rhyperior, F|88\/100\n|move|p1a: Clefable|Cosmic Power|p1a: Clefable\n|-boost|p1a: Clefable|def|1\n|-boost|p1a: Clefable|spd|1\n|\n|upkeep\n|turn|27\n|\n|move|p2a: Rhyperior|Earthquake|p1a: Clefable\n|-damage|p1a: Clefable|86\/100 par\n|move|p1a: Clefable|Cosmic Power|p1a: Clefable\n|-boost|p1a: Clefable|def|1\n|-boost|p1a: Clefable|spd|1\n|\n|-heal|p1a: Clefable|92\/100 par|[from] item: Leftovers\n|upkeep\n|turn|28\n|\n|move|p2a: Rhyperior|Earthquake|p1a: Clefable\n|-damage|p1a: Clefable|80\/100 par\n|move|p1a: Clefable|Stored Power|p2a: Rhyperior\n|-damage|p2a: Rhyperior|8\/100\n|\n|-heal|p1a: Clefable|86\/100 par|[from] item: Leftovers\n|upkeep\n|turn|29\n|\n|move|p2a: Rhyperior|Earthquake|p1a: Clefable\n|-damage|p1a: Clefable|74\/100 par\n|cant|p1a: Clefable|par\n|\n|-heal|p1a: Clefable|80\/100 par|[from] item: Leftovers\n|upkeep\n|turn|30\n|\n|move|p2a: Rhyperior|Rock Wrecker|p1a: Clefable\n|-damage|p1a: Clefable|61\/100 par\n|-mustrecharge|p2a: Rhyperior\n|move|p1a: Clefable|Moonlight|p1a: Clefable\n|-heal|p1a: Clefable|100\/100 par\n|\n|upkeep\n|turn|31\n|\n|cant|p2a: Rhyperior|recharge\n|move|p1a: Clefable|Stored Power|p2a: Rhyperior\n|-damage|p2a: Rhyperior|0 fnt\n|faint|p2a: Rhyperior\n|\n|upkeep\n|-message|JoJo321 forfeited.\n|\n|win|Karmatron\n|l|\u2606JoJo321\n||Ladder (probably) updated, but score could not be retrieved (Response not received).\n","uploadtime":1573584723,"views":2,"p1id":"karmatron","p2id":"jojo321","formatid":"gen7ou","rating":0,"private":0,"password":null}