{"id":"gen7ou-796133475","p1":"Charli91","p2":"Pitaye","format":"gen7ou","log":"|j|\u2606Charli91\n|j|\u2606Pitaye\n|player|p1|Charli91|163\n|player|p2|Pitaye|36\n|teamsize|p1|6\n|teamsize|p2|6\n|gametype|singles\n|gen|7\n|tier|[Gen 7] OU\n|rated|\n|rule|Sleep Clause Mod: Limit one foe put to sleep\n|rule|Species Clause: Limit one of each Pok\u00e9mon\n|rule|OHKO Clause: OHKO moves are banned\n|rule|Moody Clause: Moody is banned\n|rule|Evasion Moves Clause: Evasion moves are banned\n|rule|Endless Battle Clause: Forcing endless battles is banned\n|rule|HP Percentage Mod: HP is shown in percentages\n|clearpoke\n|poke|p1|Araquanid, M|item\n|poke|p1|Beedrill, F|item\n|poke|p1|Kartana|item\n|poke|p1|Magearna|item\n|poke|p1|Thundurus-Therian, M|item\n|poke|p1|Hydreigon, M|item\n|poke|p2|Landorus-Therian, M|item\n|poke|p2|Altaria, F|item\n|poke|p2|Keldeo|item\n|poke|p2|Zeraora|item\n|poke|p2|Victini|item\n|poke|p2|Celesteela|item\n|teampreview\n|inactive|Battle timer is ON: inactive players will automatically lose when time's up. (requested by Charli91)\n|\n|start\n|switch|p1a: Thundurus|Thundurus-Therian, M|100\/100\n|switch|p2a: Altaria|Altaria, F|100\/100\n|turn|1\n|\n|detailschange|p2a: Altaria|Altaria-Mega, F\n|-mega|p2a: Altaria|Altaria|Altarianite\n|move|p1a: Thundurus|Hidden Power|p2a: Altaria\n|-supereffective|p2a: Altaria\n|-damage|p2a: Altaria|44\/100\n|move|p2a: Altaria|Body Slam|p1a: Thundurus\n|-damage|p1a: Thundurus|47\/100\n|\n|upkeep\n|turn|2\n|\n|switch|p1a: Magearna|Magearna|100\/100\n|switch|p2a: Marquise|Keldeo|100\/100\n|\n|upkeep\n|turn|3\n|\n|switch|p2a: Celesteela|Celesteela|100\/100\n|move|p1a: Magearna|Volt Switch|p2a: Celesteela\n|-supereffective|p2a: Celesteela\n|-damage|p2a: Celesteela|67\/100\n|\n|switch|p1a: Araquanid|Araquanid, M|100\/100\n|\n|-heal|p2a: Celesteela|73\/100|[from] item: Leftovers\n|upkeep\n|turn|4\n|\n|switch|p2a: Altaria|Altaria-Mega, F|44\/100\n|move|p1a: Araquanid|Magic Coat|p1a: Araquanid\n|-singleturn|p1a: Araquanid|move: Magic Coat\n|\n|upkeep\n|turn|5\n|\n|move|p2a: Altaria|Roost|p2a: Altaria\n|-heal|p2a: Altaria|95\/100\n|move|p1a: Araquanid|Liquidation|p2a: Altaria\n|-resisted|p2a: Altaria\n|-damage|p2a: Altaria|71\/100\n|\n|upkeep\n|turn|6\n|\n|move|p2a: Altaria|Body Slam|p1a: Araquanid\n|-damage|p1a: Araquanid|62\/100\n|move|p1a: Araquanid|Sticky Web|p2a: Altaria\n|-sidestart|p2: Pitaye|move: Sticky Web\n|\n|upkeep\n|turn|7\n|\n|switch|p1a: Magearna|Magearna|100\/100\n|move|p2a: Altaria|Defog|p1a: Magearna\n|-unboost|p1a: Magearna|evasion|1\n|-sideend|p2: Pitaye|Sticky Web|[from] move: Defog|[of] p2a: Altaria\n|\n|upkeep\n|turn|8\n|\n|switch|p2a: Celesteela|Celesteela|73\/100\n|move|p1a: Magearna|Ice Beam|p2a: Celesteela\n|-damage|p2a: Celesteela|52\/100\n|\n|-heal|p2a: Celesteela|58\/100|[from] item: Leftovers\n|upkeep\n|turn|9\n|\n|move|p2a: Celesteela|Protect|p2a: Celesteela\n|-singleturn|p2a: Celesteela|Protect\n|move|p1a: Magearna|Volt Switch|p2a: Celesteela\n|-activate|p2a: Celesteela|move: Protect\n|\n|-heal|p2a: Celesteela|64\/100|[from] item: Leftovers\n|upkeep\n|turn|10\n|\n|switch|p2a: Zeraora|Zeraora|100\/100\n|move|p1a: Magearna|Volt Switch|p2a: Zeraora\n|-immune|p2a: Zeraora|[msg]|[from] ability: Volt Absorb\n|\n|upkeep\n|turn|11\n|\n|switch|p1a: Thundurus|Thundurus-Therian, M|47\/100\n|move|p2a: Zeraora|Knock Off|p1a: Thundurus\n|-damage|p1a: Thundurus|0\n|-enditem|p1a: Thundurus|Choice Specs|[from] move: Knock Off|[of] p2a: Zeraora\n|-damage|p2a: Zeraora|91\/100|[from] item: Life Orb\n|faint|p1a: Thundurus\n|\n|upkeep\n|\n|switch|p1a: Beedrill|Beedrill, F|100\/100\n|turn|12\n|\n|switch|p2a: Celesteela|Celesteela|64\/100\n|detailschange|p1a: Beedrill|Beedrill-Mega, F\n|-mega|p1a: Beedrill|Beedrill|Beedrillite\n|move|p1a: Beedrill|Knock Off|p2a: Celesteela\n|-damage|p2a: Celesteela|36\/100\n|-enditem|p2a: Celesteela|Leftovers|[from] move: Knock Off|[of] p1a: Beedrill\n|\n|upkeep\n|turn|13\n|\n|move|p1a: Beedrill|U-turn|p2a: Celesteela\n|-resisted|p2a: Celesteela\n|-damage|p2a: Celesteela|26\/100\n|\n|switch|p1a: Araquanid|Araquanid, M|62\/100\n|move|p2a: Celesteela|Leech Seed|p1a: Araquanid\n|-start|p1a: Araquanid|move: Leech Seed\n|\n|-damage|p1a: Araquanid|49\/100|[from] Leech Seed|[of] p2a: Celesteela\n|-heal|p2a: Celesteela|37\/100|[silent]\n|upkeep\n|turn|14\n|\n|switch|p2a: Altaria|Altaria-Mega, F|71\/100\n|move|p1a: Araquanid|Sticky Web|p2a: Altaria\n|-sidestart|p2: Pitaye|move: Sticky Web\n|\n|-damage|p1a: Araquanid|37\/100|[from] Leech Seed|[of] p2a: Altaria\n|-heal|p2a: Altaria|83\/100|[silent]\n|upkeep\n|turn|15\n|\n|switch|p1a: Beedrill|Beedrill-Mega, F|100\/100\n|move|p2a: Altaria|Defog|p1a: Beedrill\n|-unboost|p1a: Beedrill|evasion|1\n|-sideend|p2: Pitaye|Sticky Web|[from] move: Defog|[of] p2a: Altaria\n|\n|upkeep\n|turn|16\n|\n|switch|p2a: Landorus|Landorus-Therian, M|100\/100\n|-ability|p2a: Landorus|Intimidate|boost\n|-unboost|p1a: Beedrill|atk|1\n|move|p1a: Beedrill|U-turn|p2a: Landorus\n|-resisted|p2a: Landorus\n|-damage|p2a: Landorus|78\/100\n|\n|switch|p1a: Magearna|Magearna|100\/100\n|\n|upkeep\n|turn|17\n|\n|move|p2a: Landorus|Earthquake|p1a: Magearna\n|-supereffective|p1a: Magearna\n|-damage|p1a: Magearna|26\/100\n|move|p1a: Magearna|Ice Beam|p2a: Landorus\n|-supereffective|p2a: Landorus\n|-damage|p2a: Landorus|0\n|faint|p2a: Landorus\n|-ability|p1a: Magearna|Soul-Heart|boost\n|-boost|p1a: Magearna|spa|1\n|\n|upkeep\n|\n|switch|p2a: Zeraora|Zeraora|91\/100\n|turn|18\n|\n|move|p2a: Zeraora|Plasma Fists|p1a: Magearna\n|-damage|p1a: Magearna|0\n|-fieldactivate|move: Ion Deluge\n|-damage|p2a: Zeraora|81\/100|[from] item: Life Orb\n|faint|p1a: Magearna\n|\n|upkeep\n|\n|switch|p1a: Hydreigon|Hydreigon, M|100\/100\n|turn|19\n|\n|switch|p2a: Altaria|Altaria-Mega, F|83\/100\n|switch|p1a: Beedrill|Beedrill-Mega, F|100\/100\n|\n|upkeep\n|turn|20\n|\n|switch|p2a: Celesteela|Celesteela|37\/100\n|move|p1a: Beedrill|U-turn|p2a: Celesteela\n|-resisted|p2a: Celesteela\n|-damage|p2a: Celesteela|27\/100\n|inactive|Charli91 has 120 seconds left.\n|\n|switch|p1a: Kartana|Kartana|100\/100\n|\n|upkeep\n|turn|21\n|\n|switch|p2a: Altaria|Altaria-Mega, F|83\/100\n|move|p1a: Kartana|Sacred Sword|p2a: Altaria\n|-resisted|p2a: Altaria\n|-damage|p2a: Altaria|62\/100\n|\n|upkeep\n|turn|22\n|\n|switch|p1a: Beedrill|Beedrill-Mega, F|100\/100\n|switch|p2a: Zeraora|Zeraora|81\/100\n|\n|upkeep\n|turn|23\n|\n|switch|p2a: Celesteela|Celesteela|27\/100\n|move|p1a: Beedrill|U-turn|p2a: Celesteela\n|-resisted|p2a: Celesteela\n|-damage|p2a: Celesteela|19\/100\n|\n|switch|p1a: Hydreigon|Hydreigon, M|100\/100\n|\n|upkeep\n|turn|24\n|\n|switch|p1a: Beedrill|Beedrill-Mega, F|100\/100\n|switch|p2a: Altaria|Altaria-Mega, F|62\/100\n|\n|upkeep\n|turn|25\n|\n|switch|p2a: Celesteela|Celesteela|19\/100\n|move|p1a: Beedrill|U-turn|p2a: Celesteela\n|-resisted|p2a: Celesteela\n|-damage|p2a: Celesteela|10\/100\n|\n|switch|p1a: Kartana|Kartana|100\/100\n|\n|upkeep\n|turn|26\n|\n|move|p2a: Celesteela|Protect|p2a: Celesteela\n|-singleturn|p2a: Celesteela|Protect\n|move|p1a: Kartana|Smart Strike|p2a: Celesteela\n|-activate|p2a: Celesteela|move: Protect\n|\n|upkeep\n|turn|27\n|\n|move|p1a: Kartana|Smart Strike|p2a: Celesteela\n|-resisted|p2a: Celesteela\n|-damage|p2a: Celesteela|0\n|faint|p2a: Celesteela\n|-ability|p1a: Kartana|Beast Boost|boost\n|-boost|p1a: Kartana|atk|1\n|\n|upkeep\n|\n|switch|p2a: Victini|Victini|100\/100\n|turn|28\n|\n|switch|p1a: Araquanid|Araquanid, M|37\/100\n|move|p2a: Victini|Focus Blast|p1a: Araquanid|[miss]\n|-miss|p2a: Victini|p1a: Araquanid\n|\n|upkeep\n|turn|29\n|\n|move|p2a: Victini|Searing Shot|p1a: Araquanid\n|-damage|p1a: Araquanid|16\/100\n|move|p1a: Araquanid|Liquidation|p2a: Victini\n|-supereffective|p2a: Victini\n|-damage|p2a: Victini|0\n|faint|p2a: Victini\n|\n|upkeep\n|\n|switch|p2a: Zeraora|Zeraora|81\/100\n|turn|30\n|\n|move|p2a: Zeraora|Knock Off|p1a: Araquanid\n|-damage|p1a: Araquanid|0\n|-enditem|p1a: Araquanid|Focus Sash|[from] move: Knock Off|[of] p2a: Zeraora\n|-damage|p2a: Zeraora|71\/100|[from] item: Life Orb\n|faint|p1a: Araquanid\n|\n|upkeep\n|\n|switch|p1a: Beedrill|Beedrill-Mega, F|100\/100\n|turn|31\n|\n|switch|p2a: Marquise|Keldeo|100\/100\n|move|p1a: Beedrill|U-turn|p2a: Marquise\n|-resisted|p2a: Marquise\n|-damage|p2a: Marquise|63\/100\n|\n|switch|p1a: Kartana|Kartana|100\/100\n|\n|upkeep\n|turn|32\n|\n|switch|p2a: Altaria|Altaria-Mega, F|62\/100\n|move|p1a: Kartana|Smart Strike|p2a: Altaria\n|-supereffective|p2a: Altaria\n|-damage|p2a: Altaria|0\n|faint|p2a: Altaria\n|-ability|p1a: Kartana|Beast Boost|boost\n|-boost|p1a: Kartana|atk|1\n|\n|upkeep\n|-message|Pitaye forfeited.\n|\n|win|Charli91\n|l|\u2606Pitaye\n|raw|Charli91's rating: 1505 &rarr; <strong>1523<\/strong><br \/>(+18 for winning)\n|raw|Pitaye's rating: 1471 &rarr; <strong>1453<\/strong><br \/>(-18 for losing)\n","uploadtime":1535302044,"views":12,"p1id":"charli91","p2id":"pitaye","formatid":"gen7ou","rating":1453,"private":0,"password":null}