{"id":"gen7ou-832446306","p1":"passanger51632","p2":"H4WT","format":"gen7ou","log":"|j|\u2606passanger51632\n|j|\u2606H4WT\n|player|p1|passanger51632|70\n|player|p2|H4WT|165\n|teamsize|p1|6\n|teamsize|p2|6\n|gametype|singles\n|gen|7\n|tier|[Gen 7] OU\n|rated|\n|rule|Sleep Clause Mod: Limit one foe put to sleep\n|rule|Species Clause: Limit one of each Pok\u00e9mon\n|rule|OHKO Clause: OHKO moves are banned\n|rule|Moody Clause: Moody is banned\n|rule|Evasion Moves Clause: Evasion moves are banned\n|rule|Endless Battle Clause: Forcing endless battles is banned\n|rule|HP Percentage Mod: HP is shown in percentages\n|clearpoke\n|poke|p1|Victini|item\n|poke|p1|Crawdaunt, M|item\n|poke|p1|Ferrothorn, M|item\n|poke|p1|Mawile, M|item\n|poke|p1|Tapu Koko|item\n|poke|p1|Landorus-Therian, M|item\n|poke|p2|Nidorino, M|item\n|poke|p2|Magnezone|item\n|poke|p2|Tapu Bulu|item\n|poke|p2|Greninja, M|item\n|poke|p2|Landorus-Therian, M|item\n|poke|p2|Scizor, F|item\n|teampreview\n|inactive|Battle timer is ON: inactive players will automatically lose when time's up. (requested by H4WT)\n|\n|start\n|switch|p1a: Tapu Koko|Tapu Koko|100\/100\n|switch|p2a: Greninja|Greninja, M|100\/100\n|-fieldstart|move: Electric Terrain|[from] ability: Electric Surge|[of] p1a: Tapu Koko\n|turn|1\n|\n|move|p2a: Greninja|Gunk Shot|p1a: Tapu Koko\n|-start|p2a: Greninja|typechange|Poison|[from] Protean\n|-supereffective|p1a: Tapu Koko\n|-damage|p1a: Tapu Koko|0 fnt\n|faint|p1a: Tapu Koko\n|\n|upkeep\n|\n|switch|p1a: Mawile|Mawile, M|100\/100\n|-ability|p1a: Mawile|Intimidate|boost\n|-unboost|p2a: Greninja|atk|1\n|turn|2\n|\n|switch|p2a: Magnezone|Magnezone, shiny|100\/100\n|detailschange|p1a: Mawile|Mawile-Mega, M\n|-mega|p1a: Mawile|Mawile|Mawilite\n|move|p1a: Mawile|Play Rough|p2a: Magnezone\n|-resisted|p2a: Magnezone\n|-damage|p2a: Magnezone|58\/100\n|\n|upkeep\n|turn|3\n|\n|move|p1a: Mawile|Sucker Punch|p2a: Magnezone\n|-damage|p2a: Magnezone|11\/100\n|move|p2a: Magnezone|Thunderbolt|p1a: Mawile\n|-damage|p1a: Mawile|11\/100\n|-status|p1a: Mawile|par\n|\n|upkeep\n|turn|4\n|\n|switch|p2a: Landorus|Landorus-Therian, M|100\/100\n|-ability|p2a: Landorus|Intimidate|boost\n|-unboost|p1a: Mawile|atk|1\n|move|p1a: Mawile|Sucker Punch||[still]\n|-fail|p1a: Mawile\n|\n|upkeep\n|turn|5\n|\n|switch|p1a: Landorus|Landorus-Therian, M|100\/100\n|-ability|p1a: Landorus|Intimidate|boost\n|-unboost|p2a: Landorus|atk|1\n|move|p2a: Landorus|Stealth Rock|p1a: Landorus\n|-sidestart|p1: passanger51632|move: Stealth Rock\n|\n|-fieldend|move: Electric Terrain\n|upkeep\n|turn|6\n|\n|move|p1a: Landorus|Defog|p2a: Landorus\n|-unboost|p2a: Landorus|evasion|1\n|-sideend|p1: passanger51632|Stealth Rock|[from] move: Defog|[of] p1a: Landorus\n|move|p2a: Landorus|Hidden Power|p1a: Landorus\n|-supereffective|p1a: Landorus\n|-damage|p1a: Landorus|19\/100\n|\n|upkeep\n|turn|7\n|\n|switch|p1a: Crawdaunt|Crawdaunt, M|100\/100\n|move|p2a: Landorus|Stealth Rock|p1a: Crawdaunt\n|-sidestart|p1: passanger51632|move: Stealth Rock\n|\n|upkeep\n|turn|8\n|\n|switch|p2a: Scizor|Scizor, F|100\/100\n|move|p1a: Crawdaunt|Aqua Jet|p2a: Scizor\n|-damage|p2a: Scizor|70\/100\n|\n|upkeep\n|turn|9\n|\n|switch|p1a: Mawile|Mawile-Mega, M|11\/100 par\n|-damage|p1a: Mawile|5\/100 par|[from] Stealth Rock\n|detailschange|p2a: Scizor|Scizor-Mega, F\n|-mega|p2a: Scizor|Scizor|Scizorite\n|move|p2a: Scizor|U-turn|p1a: Mawile\n|-resisted|p1a: Mawile\n|-damage|p1a: Mawile|0 fnt\n|faint|p1a: Mawile\n|\n|switch|p2a: Greninja|Greninja, M|100\/100\n|\n|upkeep\n|\n|switch|p1a: Ferrothorn|Ferrothorn, M|100\/100\n|-damage|p1a: Ferrothorn|95\/100|[from] Stealth Rock\n|turn|10\n|\n|switch|p2a: Magnezone|Magnezone, shiny|11\/100\n|move|p1a: Ferrothorn|Leech Seed|p2a: Magnezone\n|-start|p2a: Magnezone|move: Leech Seed\n|\n|-damage|p2a: Magnezone|0 fnt|[from] Leech Seed|[of] p1a: Ferrothorn\n|-heal|p1a: Ferrothorn|100\/100|[silent]\n|upkeep\n|faint|p2a: Magnezone\n|\n|switch|p2a: Nidorino|Nidorino, M, shiny|100\/100\n|turn|11\n|\n|switch|p1a: Landorus|Landorus-Therian, M|19\/100\n|-damage|p1a: Landorus|7\/100|[from] Stealth Rock\n|-ability|p1a: Landorus|Intimidate|boost\n|-unboost|p2a: Nidorino|atk|1\n|move|p2a: Nidorino|Hone Claws|p2a: Nidorino\n|-boost|p2a: Nidorino|atk|1\n|-boost|p2a: Nidorino|accuracy|1\n|\n|upkeep\n|turn|12\n|\n|switch|p2a: Landorus|Landorus-Therian, M|100\/100\n|-ability|p2a: Landorus|Intimidate|boost\n|-unboost|p1a: Landorus|atk|1\n|move|p1a: Landorus|Defog|p2a: Landorus\n|-unboost|p2a: Landorus|evasion|1\n|-sideend|p1: passanger51632|Stealth Rock|[from] move: Defog|[of] p1a: Landorus\n|\n|upkeep\n|turn|13\n|\n|switch|p1a: Crawdaunt|Crawdaunt, M|100\/100\n|move|p2a: Landorus|Stealth Rock|p1a: Crawdaunt\n|-sidestart|p1: passanger51632|move: Stealth Rock\n|\n|upkeep\n|turn|14\n|\n|switch|p2a: Scizor|Scizor-Mega, F|70\/100\n|move|p1a: Crawdaunt|Crabhammer|p2a: Scizor\n|-damage|p2a: Scizor|10\/100\n|\n|upkeep\n|turn|15\n|\n|move|p2a: Scizor|U-turn|p1a: Crawdaunt\n|-supereffective|p1a: Crawdaunt\n|-damage|p1a: Crawdaunt|22\/100\n|\n|switch|p2a: Tapu Bulu|Tapu Bulu|100\/100\n|-fieldstart|move: Grassy Terrain|[from] ability: Grassy Surge|[of] p2a: Tapu Bulu\n|move|p1a: Crawdaunt|Crabhammer|p2a: Tapu Bulu\n|-resisted|p2a: Tapu Bulu\n|-damage|p2a: Tapu Bulu|60\/100\n|\n|-heal|p2a: Tapu Bulu|66\/100|[from] item: Leftovers\n|-heal|p2a: Tapu Bulu|73\/100|[from] Grassy Terrain\n|-heal|p1a: Crawdaunt|28\/100|[from] Grassy Terrain\n|upkeep\n|turn|16\n|\n|switch|p1a: Ferrothorn|Ferrothorn, M|100\/100\n|-damage|p1a: Ferrothorn|95\/100|[from] Stealth Rock\n|move|p2a: Tapu Bulu|Bulk Up|p2a: Tapu Bulu\n|-boost|p2a: Tapu Bulu|atk|1\n|-boost|p2a: Tapu Bulu|def|1\n|\n|-heal|p2a: Tapu Bulu|79\/100|[from] item: Leftovers\n|-heal|p2a: Tapu Bulu|85\/100|[from] Grassy Terrain\n|-heal|p1a: Ferrothorn|100\/100|[from] Grassy Terrain\n|upkeep\n|turn|17\n|\n|move|p2a: Tapu Bulu|Bulk Up|p2a: Tapu Bulu\n|-boost|p2a: Tapu Bulu|atk|1\n|-boost|p2a: Tapu Bulu|def|1\n|move|p1a: Ferrothorn|Stealth Rock|p2a: Tapu Bulu\n|-sidestart|p2: H4WT|move: Stealth Rock\n|\n|-heal|p2a: Tapu Bulu|91\/100|[from] item: Leftovers\n|-heal|p2a: Tapu Bulu|97\/100|[from] Grassy Terrain\n|upkeep\n|turn|18\n|\n|switch|p1a: Landorus|Landorus-Therian, M|7\/100\n|-damage|p1a: Landorus|0 fnt|[from] Stealth Rock\n|faint|p1a: Landorus\n|move|p2a: Tapu Bulu|Superpower|p1: Landorus|[notarget]\n|-notarget\n|\n|-heal|p2a: Tapu Bulu|100\/100|[from] item: Leftovers\n|upkeep\n|\n|switch|p1a: Victini|Victini|100\/100\n|-damage|p1a: Victini|76\/100|[from] Stealth Rock\n|turn|19\n|\n|switch|p2a: Scizor|Scizor-Mega, F|10\/100\n|-damage|p2a: Scizor|0 fnt|[from] Stealth Rock\n|faint|p2a: Scizor\n|-zpower|p1a: Victini\n|move|p1a: Victini|Z-Celebrate|p1a: Victini|[anim]Celebrate\n|-boost|p1a: Victini|atk|1|[zeffect]\n|-boost|p1a: Victini|def|1|[zeffect]\n|-boost|p1a: Victini|spa|1|[zeffect]\n|-boost|p1a: Victini|spd|1|[zeffect]\n|-boost|p1a: Victini|spe|1|[zeffect]\n|-activate|p1a: Victini|move: Celebrate\n|\n|-heal|p1a: Victini|82\/100|[from] Grassy Terrain\n|-fieldend|move: Grassy Terrain\n|upkeep\n|\n|switch|p2a: Landorus|Landorus-Therian, M|100\/100\n|-damage|p2a: Landorus|88\/100|[from] Stealth Rock\n|-ability|p2a: Landorus|Intimidate|boost\n|-unboost|p1a: Victini|atk|1\n|turn|20\n|\n|move|p1a: Victini|Searing Shot|p2a: Landorus\n|-damage|p2a: Landorus|12\/100\n|-status|p2a: Landorus|brn\n|move|p2a: Landorus|Earthquake|p1a: Victini\n|-supereffective|p1a: Victini\n|-damage|p1a: Victini|49\/100\n|\n|-damage|p2a: Landorus|6\/100 brn|[from] brn\n|upkeep\n|turn|21\n|\n|move|p1a: Victini|Searing Shot|p2a: Landorus\n|-damage|p2a: Landorus|0 fnt\n|faint|p2a: Landorus\n|\n|upkeep\n|\n|switch|p2a: Greninja|Greninja, M|100\/100\n|-damage|p2a: Greninja|88\/100|[from] Stealth Rock\n|turn|22\n|\n|move|p2a: Greninja|Rock Slide|p1a: Victini\n|-start|p2a: Greninja|typechange|Rock|[from] Protean\n|-supereffective|p1a: Victini\n|-damage|p1a: Victini|5\/100\n|move|p1a: Victini|Searing Shot|p2a: Greninja\n|-resisted|p2a: Greninja\n|-damage|p2a: Greninja|33\/100\n|\n|upkeep\n|turn|23\n|\n|move|p2a: Greninja|Rock Slide|p1a: Victini\n|-supereffective|p1a: Victini\n|-damage|p1a: Victini|0 fnt\n|faint|p1a: Victini\n|\n|upkeep\n|\n|switch|p1a: Crawdaunt|Crawdaunt, M|28\/100\n|-damage|p1a: Crawdaunt|15\/100|[from] Stealth Rock\n|turn|24\n|\n|move|p1a: Crawdaunt|Aqua Jet|p2a: Greninja\n|-supereffective|p2a: Greninja\n|-damage|p2a: Greninja|0 fnt\n|faint|p2a: Greninja\n|\n|upkeep\n|\n|switch|p2a: Tapu Bulu|Tapu Bulu|100\/100\n|-damage|p2a: Tapu Bulu|88\/100|[from] Stealth Rock\n|-fieldstart|move: Grassy Terrain|[from] ability: Grassy Surge|[of] p2a: Tapu Bulu\n|turn|25\n|-message|passanger51632 forfeited.\n|\n|win|H4WT\n|l|\u2606passanger51632\n|l|\u2606H4WT\n|raw|passanger51632's rating: 1704 &rarr; <strong>1686<\/strong><br \/>(-18 for losing)\n|raw|H4WT's rating: 1734 &rarr; <strong>1752<\/strong><br \/>(+18 for winning)\n","uploadtime":1544233095,"views":39,"p1id":"passanger51632","p2id":"h4wt","formatid":"gen7ou","rating":1686,"private":0,"password":null}