{"id":"gen7ou-1661641446","p1":"FildrongEstNul","p2":"HQSFUN","format":"gen7ou","log":"|j|\u203dFildrongEstNul\n|j|\u2606HQSFUN\n|t:|1662909521\n|gametype|singles\n|player|p1|FildrongEstNul|170|1389\n|player|p2|HQSFUN|veteranf|1535\n|teamsize|p1|6\n|teamsize|p2|6\n|gen|7\n|tier|[Gen 7] OU\n|rated|\n|rule|Sleep Clause Mod: Limit one foe put to sleep\n|rule|Species Clause: Limit one of each Pok\u00e9mon\n|rule|OHKO Clause: OHKO moves are banned\n|rule|Moody Clause: Moody is banned\n|rule|Evasion Items Clause: Evasion items are banned\n|rule|Evasion Moves Clause: Evasion moves are banned\n|rule|Endless Battle Clause: Forcing endless battles is banned\n|rule|HP Percentage Mod: HP is shown in percentages\n|clearpoke\n|poke|p1|Venusaur, M|item\n|poke|p1|Bisharp, M|item\n|poke|p1|Keldeo|item\n|poke|p1|Chansey, F|item\n|poke|p1|Heatran, M|item\n|poke|p1|Skarmory, M|item\n|poke|p2|Gyarados, M|item\n|poke|p2|Greninja, M|item\n|poke|p2|Landorus-Therian, M|item\n|poke|p2|Tyranitar, F|item\n|poke|p2|Serperior, M|item\n|poke|p2|Magearna|item\n|teampreview\n|inactive|Battle timer is ON: inactive players will automatically lose when time's up. (requested by FildrongEstNul)\n|\n|t:|1662909537\n|start\n|switch|p1a: Skarmory|Skarmory, M|100\/100\n|switch|p2a: Serperior|Serperior, M|100\/100\n|turn|1\n|\n|t:|1662909543\n|move|p2a: Serperior|Glare|p1a: Skarmory\n|-status|p1a: Skarmory|par\n|cant|p1a: Skarmory|par\n|\n|upkeep\n|turn|2\n|\n|t:|1662909548\n|move|p2a: Serperior|Taunt|p1a: Skarmory\n|-start|p1a: Skarmory|move: Taunt\n|cant|p1a: Skarmory|move: Taunt|Spikes\n|\n|upkeep\n|turn|3\n|\n|t:|1662909551\n|switch|p1a: Venusaur|Venusaur, M|100\/100\n|move|p2a: Serperior|Leaf Storm|p1a: Venusaur\n|-resisted|p1a: Venusaur\n|-damage|p1a: Venusaur|93\/100\n|-boost|p2a: Serperior|spa|2\n|\n|upkeep\n|turn|4\n|\n|t:|1662909553\n|detailschange|p1a: Venusaur|Venusaur-Mega, M\n|-mega|p1a: Venusaur|Venusaur|Venusaurite\n|move|p2a: Serperior|Glare|p1a: Venusaur\n|-status|p1a: Venusaur|par\n|move|p1a: Venusaur|Sludge Bomb|p2a: Serperior\n|-supereffective|p2a: Serperior\n|-damage|p2a: Serperior|25\/100\n|-status|p2a: Serperior|psn\n|\n|-damage|p2a: Serperior|12\/100 psn|[from] psn\n|upkeep\n|turn|5\n|\n|t:|1662909567\n|move|p2a: Serperior|Taunt|p1a: Venusaur\n|-start|p1a: Venusaur|move: Taunt\n|move|p1a: Venusaur|Giga Drain|p2a: Serperior\n|-resisted|p2a: Serperior\n|-damage|p2a: Serperior|0 fnt\n|-heal|p1a: Venusaur|98\/100 par|[from] drain|[of] p2a: Serperior\n|faint|p2a: Serperior\n|\n|upkeep\n|\n|t:|1662909571\n|switch|p2a: Landorus|Landorus-Therian, M|100\/100\n|-ability|p2a: Landorus|Intimidate|boost\n|-unboost|p1a: Venusaur|atk|1\n|turn|6\n|\n|t:|1662909573\n|move|p2a: Landorus|Stealth Rock|p1a: Venusaur\n|-sidestart|p1: FildrongEstNul|move: Stealth Rock\n|move|p1a: Venusaur|Giga Drain|p2a: Landorus\n|-damage|p2a: Landorus|63\/100\n|-heal|p1a: Venusaur|100\/100 par|[from] drain|[of] p2a: Landorus\n|\n|upkeep\n|turn|7\n|\n|t:|1662909577\n|switch|p1a: Keldeo|Keldeo|100\/100\n|-damage|p1a: Keldeo|94\/100|[from] Stealth Rock\n|move|p2a: Landorus|Earthquake|p1a: Keldeo\n|-damage|p1a: Keldeo|27\/100\n|\n|-heal|p1a: Keldeo|34\/100|[from] item: Leftovers\n|upkeep\n|turn|8\n|\n|t:|1662909587\n|switch|p2a: Magearna|Magearna|100\/100\n|move|p1a: Keldeo|Substitute|p1a: Keldeo\n|-start|p1a: Keldeo|Substitute\n|-damage|p1a: Keldeo|9\/100\n|\n|-heal|p1a: Keldeo|15\/100|[from] item: Leftovers\n|upkeep\n|turn|9\n|\n|t:|1662909591\n|move|p1a: Keldeo|Secret Sword|p2a: Magearna\n|-damage|p2a: Magearna|55\/100\n|move|p2a: Magearna|Thunderbolt|p1a: Keldeo\n|-supereffective|p1a: Keldeo\n|-end|p1a: Keldeo|Substitute\n|\n|-heal|p1a: Keldeo|21\/100|[from] item: Leftovers\n|upkeep\n|turn|10\n|\n|t:|1662909594\n|switch|p1a: Chansey|Chansey, F|100\/100\n|-damage|p1a: Chansey|88\/100|[from] Stealth Rock\n|move|p2a: Magearna|Thunderbolt|p1a: Chansey\n|-damage|p1a: Chansey|79\/100\n|\n|upkeep\n|turn|11\n|\n|t:|1662909600\n|switch|p2a: Landorus|Landorus-Therian, M|63\/100\n|-ability|p2a: Landorus|Intimidate|boost\n|-unboost|p1a: Chansey|atk|1\n|move|p1a: Chansey|Seismic Toss|p2a: Landorus\n|-damage|p2a: Landorus|31\/100\n|\n|upkeep\n|turn|12\n|\n|t:|1662909603\n|move|p2a: Landorus|Explosion|p1a: Chansey\n|-damage|p1a: Chansey|7\/100\n|faint|p2a: Landorus\n|move|p1a: Chansey|Seismic Toss|p2: Landorus|[notarget]\n|-fail|p1a: Chansey\n|\n|upkeep\n|\n|t:|1662909611\n|switch|p2a: Gyarados|Gyarados, M|100\/100\n|turn|13\n|\n|t:|1662909614\n|switch|p1a: Venusaur|Venusaur-Mega, M|100\/100 par\n|-damage|p1a: Venusaur|88\/100 par|[from] Stealth Rock\n|move|p2a: Gyarados|Waterfall|p1a: Venusaur\n|-resisted|p1a: Venusaur\n|-damage|p1a: Venusaur|77\/100 par\n|\n|upkeep\n|turn|14\n|\n|t:|1662909618\n|move|p2a: Gyarados|Substitute|p2a: Gyarados\n|-start|p2a: Gyarados|Substitute\n|-damage|p2a: Gyarados|76\/100\n|move|p1a: Venusaur|Giga Drain|p2a: Gyarados\n|-end|p2a: Gyarados|Substitute\n|-heal|p1a: Venusaur|89\/100 par|[from] drain|[of] p2a: Gyarados\n|\n|-heal|p2a: Gyarados|82\/100|[from] item: Leftovers\n|upkeep\n|turn|15\n|\n|t:|1662909622\n|move|p2a: Gyarados|Bounce||[still]\n|-prepare|p2a: Gyarados|Bounce\n|move|p1a: Venusaur|Sludge Bomb|p2a: Gyarados|[miss]\n|-miss|p1a: Venusaur|p2a: Gyarados\n|\n|-heal|p2a: Gyarados|88\/100|[from] item: Leftovers\n|upkeep\n|turn|16\n|\n|t:|1662909624\n|move|p2a: Gyarados|Bounce|p1a: Venusaur|[from]lockedmove\n|-supereffective|p1a: Venusaur\n|-damage|p1a: Venusaur|41\/100 par\n|cant|p1a: Venusaur|par\n|\n|-heal|p2a: Gyarados|94\/100|[from] item: Leftovers\n|upkeep\n|turn|17\n|\n|t:|1662909628\n|move|p2a: Gyarados|Dragon Dance|p2a: Gyarados\n|-boost|p2a: Gyarados|atk|1\n|-boost|p2a: Gyarados|spe|1\n|cant|p1a: Venusaur|par\n|\n|-heal|p2a: Gyarados|100\/100|[from] item: Leftovers\n|upkeep\n|turn|18\n|\n|t:|1662909631\n|move|p2a: Gyarados|Substitute|p2a: Gyarados\n|-start|p2a: Gyarados|Substitute\n|-damage|p2a: Gyarados|76\/100\n|cant|p1a: Venusaur|par\n|\n|-heal|p2a: Gyarados|82\/100|[from] item: Leftovers\n|upkeep\n|turn|19\n|\n|t:|1662909637\n|move|p2a: Gyarados|Bounce||[still]\n|-prepare|p2a: Gyarados|Bounce\n|cant|p1a: Venusaur|par\n|\n|-heal|p2a: Gyarados|88\/100|[from] item: Leftovers\n|upkeep\n|turn|20\n|\n|t:|1662909640\n|move|p2a: Gyarados|Bounce|p1a: Venusaur|[from]lockedmove\n|-supereffective|p1a: Venusaur\n|-damage|p1a: Venusaur|0 fnt\n|faint|p1a: Venusaur\n|-ability|p2a: Gyarados|Moxie|boost\n|-boost|p2a: Gyarados|atk|1\n|\n|-heal|p2a: Gyarados|94\/100|[from] item: Leftovers\n|upkeep\n|\n|t:|1662909640\n|switch|p1a: Skarmory|Skarmory, M|100\/100 par\n|-damage|p1a: Skarmory|88\/100 par|[from] Stealth Rock\n|turn|21\n|\n|t:|1662909643\n|move|p2a: Gyarados|Waterfall|p1a: Skarmory\n|-crit|p1a: Skarmory\n|-damage|p1a: Skarmory|6\/100 par\n|-damage|p2a: Gyarados|78\/100|[from] item: Rocky Helmet|[of] p1a: Skarmory\n|move|p1a: Skarmory|Roost|p1a: Skarmory\n|-heal|p1a: Skarmory|56\/100 par\n|-singleturn|p1a: Skarmory|move: Roost\n|\n|-heal|p2a: Gyarados|84\/100|[from] item: Leftovers\n|upkeep\n|turn|22\n|\n|t:|1662909649\n|move|p2a: Gyarados|Waterfall|p1a: Skarmory\n|-damage|p1a: Skarmory|0 fnt\n|-damage|p2a: Gyarados|67\/100|[from] item: Rocky Helmet|[of] p1a: Skarmory\n|faint|p1a: Skarmory\n|-ability|p2a: Gyarados|Moxie|boost\n|-boost|p2a: Gyarados|atk|1\n|\n|-heal|p2a: Gyarados|73\/100|[from] item: Leftovers\n|upkeep\n|\n|t:|1662909650\n|switch|p1a: Chansey|Chansey, F|7\/100\n|-damage|p1a: Chansey|0 fnt|[from] Stealth Rock\n|faint|p1a: Chansey\n|\n|t:|1662909650\n|switch|p1a: Keldeo|Keldeo|21\/100\n|-damage|p1a: Keldeo|15\/100|[from] Stealth Rock\n|turn|23\n|\n|t:|1662909654\n|move|p2a: Gyarados|Waterfall|p1a: Keldeo\n|-resisted|p1a: Keldeo\n|-damage|p1a: Keldeo|0 fnt\n|faint|p1a: Keldeo\n|-ability|p2a: Gyarados|Moxie|boost\n|-boost|p2a: Gyarados|atk|1\n|\n|-heal|p2a: Gyarados|80\/100|[from] item: Leftovers\n|upkeep\n|\n|t:|1662909655\n|switch|p1a: Bisharp|Bisharp, M|100\/100\n|-damage|p1a: Bisharp|95\/100|[from] Stealth Rock\n|turn|24\n|\n|t:|1662909658\n|move|p1a: Bisharp|Sucker Punch|p2a: Gyarados\n|-end|p2a: Gyarados|Substitute\n|move|p2a: Gyarados|Waterfall|p1a: Bisharp\n|-damage|p1a: Bisharp|0 fnt\n|faint|p1a: Bisharp\n|-ability|p2a: Gyarados|Moxie|boost\n|-boost|p2a: Gyarados|atk|1\n|\n|-heal|p2a: Gyarados|86\/100|[from] item: Leftovers\n|upkeep\n|\n|t:|1662909658\n|switch|p1a: Heatran|Heatran, M|100\/100\n|-damage|p1a: Heatran|88\/100|[from] Stealth Rock\n|turn|25\n|\n|t:|1662909660\n|move|p2a: Gyarados|Waterfall|p1a: Heatran\n|-supereffective|p1a: Heatran\n|-damage|p1a: Heatran|0 fnt\n|faint|p1a: Heatran\n|\n|win|HQSFUN\n|raw|FildrongEstNul's rating: 1389 &rarr; <strong>1377<\/strong><br \/>(-12 for losing)\n|raw|HQSFUN's rating: 1535 &rarr; <strong>1547<\/strong><br \/>(+12 for winning)\n|l|\u203dFildrongEstNul\n","uploadtime":1662909666,"views":3,"p1id":"fildrongestnul","p2id":"hqsfun","formatid":"gen7ou","rating":1377,"private":0,"password":null}