{"id":"gen7ou-1681733560","p1":"Lucians Call","p2":"Philein","format":"gen7ou","log":"|j|\u2606Lucians Call\n|j|\u2606Philein\n|t:|1665346527\n|gametype|singles\n|player|p1|Lucians Call|furisodegirl-blue|1787\n|player|p2|Philein|lucas|1789\n|teamsize|p1|6\n|teamsize|p2|6\n|gen|7\n|tier|[Gen 7] OU\n|rated|\n|rule|Sleep Clause Mod: Limit one foe put to sleep\n|rule|Species Clause: Limit one of each Pok\u00e9mon\n|rule|OHKO Clause: OHKO moves are banned\n|rule|Moody Clause: Moody is banned\n|rule|Evasion Items Clause: Evasion items are banned\n|rule|Evasion Moves Clause: Evasion moves are banned\n|rule|Endless Battle Clause: Forcing endless battles is banned\n|rule|HP Percentage Mod: HP is shown in percentages\n|clearpoke\n|poke|p1|Medicham, M|item\n|poke|p1|Greninja, M|item\n|poke|p1|Landorus-Therian, M|item\n|poke|p1|Magearna|item\n|poke|p1|Hydreigon, F|item\n|poke|p1|Kartana|item\n|poke|p2|Toxapex, F|item\n|poke|p2|Gliscor, F|item\n|poke|p2|Ferrothorn, M|item\n|poke|p2|Ditto|item\n|poke|p2|Latias, F|item\n|poke|p2|Celesteela|item\n|teampreview\n|inactive|Battle timer is ON: inactive players will automatically lose when time's up. (requested by Philein)\n|\n|t:|1665346539\n|start\n|switch|p1a: Landorus|Landorus-Therian, M|100\/100\n|switch|p2a: Raiponse|Toxapex, F|100\/100\n|-ability|p1a: Landorus|Intimidate|boost\n|-unboost|p2a: Raiponse|atk|1\n|turn|1\n|\n|t:|1665346543\n|switch|p2a: Sandrine|Gliscor, F|100\/100\n|move|p1a: Landorus|Stealth Rock|p2a: Sandrine\n|-sidestart|p2: Philein|move: Stealth Rock\n|\n|-status|p2a: Sandrine|tox|[from] item: Toxic Orb\n|upkeep\n|turn|2\n|\n|t:|1665346545\n|move|p1a: Landorus|U-turn|p2a: Sandrine\n|-resisted|p2a: Sandrine\n|-damage|p2a: Sandrine|92\/100 tox\n|\n|t:|1665346547\n|switch|p1a: Medicham|Medicham, M|100\/100|[from]move: U-turn\n|move|p2a: Sandrine|Stealth Rock|p1a: Medicham\n|-sidestart|p1: Lucians Call|move: Stealth Rock\n|\n|-heal|p2a: Sandrine|100\/100 tox|[from] ability: Poison Heal\n|upkeep\n|turn|3\n|c|\u2606Philein|Hey Ahsan.\n|\n|t:|1665346564\n|switch|p2a: Nogaret|Ferrothorn, M|100\/100\n|-damage|p2a: Nogaret|94\/100|[from] Stealth Rock\n|detailschange|p1a: Medicham|Medicham-Mega, M\n|-mega|p1a: Medicham|Medicham|Medichamite\n|move|p1a: Medicham|Zen Headbutt|p2a: Nogaret\n|-resisted|p2a: Nogaret\n|-damage|p2a: Nogaret|72\/100\n|-damage|p1a: Medicham|88\/100|[from] ability: Iron Barbs|[of] p2a: Nogaret\n|\n|-heal|p2a: Nogaret|78\/100|[from] item: Leftovers\n|upkeep\n|turn|4\n|c|\u2606Lucians Call|whats up\n|\n|t:|1665346571\n|switch|p1a: Hydreigon|Hydreigon, F|100\/100\n|-damage|p1a: Hydreigon|88\/100|[from] Stealth Rock\n|move|p2a: Nogaret|Leech Seed|p1a: Hydreigon\n|-start|p1a: Hydreigon|move: Leech Seed\n|\n|-heal|p2a: Nogaret|85\/100|[from] item: Leftovers\n|-damage|p1a: Hydreigon|76\/100|[from] Leech Seed|[of] p2a: Nogaret\n|-heal|p2a: Nogaret|96\/100|[silent]\n|upkeep\n|turn|5\n|\n|t:|1665346577\n|switch|p1a: Medicham|Medicham-Mega, M|88\/100\n|-damage|p1a: Medicham|82\/100|[from] Stealth Rock\n|move|p2a: Nogaret|Protect||[still]\n|-fail|p2a: Nogaret\n|\n|-heal|p2a: Nogaret|100\/100|[from] item: Leftovers\n|upkeep\n|turn|6\n|\n|t:|1665346585\n|switch|p1a: Hydreigon|Hydreigon, F|76\/100\n|-damage|p1a: Hydreigon|64\/100|[from] Stealth Rock\n|switch|p2a: Lyobart de Cambrai|Latias, F|100\/100\n|-damage|p2a: Lyobart de Cambrai|88\/100|[from] Stealth Rock\n|\n|upkeep\n|turn|7\n|\n|t:|1665346590\n|switch|p2a: Raiponse|Toxapex, F|100\/100\n|-damage|p2a: Raiponse|88\/100|[from] Stealth Rock\n|move|p1a: Hydreigon|Dark Pulse|p2a: Raiponse\n|-damage|p2a: Raiponse|62\/100\n|\n|-heal|p2a: Raiponse|68\/100|[from] item: Black Sludge\n|upkeep\n|turn|8\n|\n|t:|1665346593\n|move|p1a: Hydreigon|Dark Pulse|p2a: Raiponse\n|-damage|p2a: Raiponse|35\/100\n|cant|p2a: Raiponse|flinch\n|\n|-heal|p2a: Raiponse|41\/100|[from] item: Black Sludge\n|upkeep\n|turn|9\n|\n|t:|1665346596\n|move|p2a: Raiponse|Baneful Bunker|p2a: Raiponse\n|-singleturn|p2a: Raiponse|move: Protect\n|move|p1a: Hydreigon|Dark Pulse|p2a: Raiponse\n|-activate|p2a: Raiponse|move: Protect\n|\n|-heal|p2a: Raiponse|47\/100|[from] item: Black Sludge\n|upkeep\n|turn|10\n|\n|t:|1665346602\n|switch|p2a: Barjavel|Celesteela, shiny|100\/100\n|-damage|p2a: Barjavel|88\/100|[from] Stealth Rock\n|move|p1a: Hydreigon|Dark Pulse|p2a: Barjavel\n|-damage|p2a: Barjavel|65\/100\n|\n|-heal|p2a: Barjavel|71\/100|[from] item: Leftovers\n|upkeep\n|turn|11\n|\n|t:|1665346605\n|move|p1a: Hydreigon|Dark Pulse|p2a: Barjavel\n|-damage|p2a: Barjavel|42\/100\n|move|p2a: Barjavel|Leech Seed|p1a: Hydreigon\n|-start|p1a: Hydreigon|move: Leech Seed\n|\n|-heal|p2a: Barjavel|48\/100|[from] item: Leftovers\n|-damage|p1a: Hydreigon|51\/100|[from] Leech Seed|[of] p2a: Barjavel\n|-heal|p2a: Barjavel|58\/100|[silent]\n|upkeep\n|turn|12\n|\n|t:|1665346614\n|switch|p1a: Greninja|Greninja, M|100\/100\n|-damage|p1a: Greninja|88\/100|[from] Stealth Rock\n|move|p2a: Barjavel|Flamethrower|p1a: Greninja\n|-resisted|p1a: Greninja\n|-damage|p1a: Greninja|71\/100\n|\n|-heal|p2a: Barjavel|64\/100|[from] item: Leftovers\n|upkeep\n|turn|13\n|\n|t:|1665346619\n|switch|p2a: Nogaret|Ferrothorn, M|100\/100\n|-damage|p2a: Nogaret|94\/100|[from] Stealth Rock\n|move|p1a: Greninja|Dark Pulse|p2a: Nogaret\n|-damage|p2a: Nogaret|58\/100\n|\n|-heal|p2a: Nogaret|64\/100|[from] item: Leftovers\n|upkeep\n|turn|14\n|\n|t:|1665346623\n|switch|p1a: Hydreigon|Hydreigon, F|51\/100\n|-damage|p1a: Hydreigon|39\/100|[from] Stealth Rock\n|move|p2a: Nogaret|Protect||[still]\n|-fail|p2a: Nogaret\n|\n|-heal|p2a: Nogaret|71\/100|[from] item: Leftovers\n|upkeep\n|turn|15\n|\n|t:|1665346627\n|move|p2a: Nogaret|Protect|p2a: Nogaret\n|-singleturn|p2a: Nogaret|Protect\n|move|p1a: Hydreigon|Roost|p1a: Hydreigon\n|-heal|p1a: Hydreigon|89\/100\n|-singleturn|p1a: Hydreigon|move: Roost\n|\n|-heal|p2a: Nogaret|77\/100|[from] item: Leftovers\n|upkeep\n|turn|16\n|\n|t:|1665346632\n|switch|p2a: Raiponse|Toxapex, F|80\/100\n|-damage|p2a: Raiponse|68\/100|[from] Stealth Rock\n|move|p1a: Hydreigon|Fire Blast|p2a: Raiponse\n|-resisted|p2a: Raiponse\n|-damage|p2a: Raiponse|56\/100\n|\n|-heal|p2a: Raiponse|62\/100|[from] item: Black Sludge\n|upkeep\n|turn|17\n|\n|t:|1665346634\n|move|p1a: Hydreigon|Dark Pulse|p2a: Raiponse\n|-damage|p2a: Raiponse|37\/100\n|cant|p2a: Raiponse|flinch\n|\n|-heal|p2a: Raiponse|43\/100|[from] item: Black Sludge\n|upkeep\n|turn|18\n|\n|t:|1665346638\n|move|p2a: Raiponse|Baneful Bunker|p2a: Raiponse\n|-singleturn|p2a: Raiponse|move: Protect\n|move|p1a: Hydreigon|Dark Pulse|p2a: Raiponse\n|-activate|p2a: Raiponse|move: Protect\n|\n|-heal|p2a: Raiponse|50\/100|[from] item: Black Sludge\n|upkeep\n|turn|19\n|\n|t:|1665346661\n|move|p1a: Hydreigon|Dark Pulse|p2a: Raiponse\n|-damage|p2a: Raiponse|23\/100\n|move|p2a: Raiponse|Recover|p2a: Raiponse\n|-heal|p2a: Raiponse|73\/100\n|\n|-heal|p2a: Raiponse|79\/100|[from] item: Black Sludge\n|upkeep\n|turn|20\n|c|\u2606Philein|I have a question.\n|\n|t:|1665346670\n|move|p1a: Hydreigon|Dark Pulse|p2a: Raiponse\n|-damage|p2a: Raiponse|44\/100\n|cant|p2a: Raiponse|flinch\n|\n|-heal|p2a: Raiponse|50\/100|[from] item: Black Sludge\n|upkeep\n|turn|21\n|\n|t:|1665346675\n|move|p2a: Raiponse|Baneful Bunker|p2a: Raiponse\n|-singleturn|p2a: Raiponse|move: Protect\n|move|p1a: Hydreigon|Dark Pulse|p2a: Raiponse\n|-activate|p2a: Raiponse|move: Protect\n|\n|-heal|p2a: Raiponse|57\/100|[from] item: Black Sludge\n|upkeep\n|turn|22\n|\n|t:|1665346678\n|move|p1a: Hydreigon|Dark Pulse|p2a: Raiponse\n|-damage|p2a: Raiponse|32\/100\n|move|p2a: Raiponse|Recover|p2a: Raiponse\n|-heal|p2a: Raiponse|82\/100\n|\n|-heal|p2a: Raiponse|88\/100|[from] item: Black Sludge\n|upkeep\n|turn|23\n|\n|t:|1665346682\n|switch|p1a: Magearna|Magearna|100\/100\n|-damage|p1a: Magearna|94\/100|[from] Stealth Rock\n|move|p2a: Raiponse|Scald|p1a: Magearna\n|-damage|p1a: Magearna|83\/100\n|-status|p1a: Magearna|brn\n|\n|-heal|p2a: Raiponse|94\/100|[from] item: Black Sludge\n|-damage|p1a: Magearna|77\/100 brn|[from] brn\n|upkeep\n|turn|24\n|\n|t:|1665346685\n|switch|p2a: Nogaret|Ferrothorn, M|77\/100\n|-damage|p2a: Nogaret|71\/100|[from] Stealth Rock\n|move|p1a: Magearna|Calm Mind|p1a: Magearna\n|-boost|p1a: Magearna|spa|1\n|-boost|p1a: Magearna|spd|1\n|\n|-heal|p2a: Nogaret|77\/100|[from] item: Leftovers\n|-damage|p1a: Magearna|70\/100 brn|[from] brn\n|upkeep\n|turn|25\n|\n|t:|1665346697\n|switch|p1a: Kartana|Kartana|100\/100\n|-damage|p1a: Kartana|94\/100|[from] Stealth Rock\n|move|p2a: Nogaret|Protect||[still]\n|-fail|p2a: Nogaret\n|\n|-heal|p2a: Nogaret|83\/100|[from] item: Leftovers\n|upkeep\n|turn|26\n|c|\u2606Philein|Did you build a team\n|c|\u2606Lucians Call|?\n|c|\u2606Philein|With mawile, scarf koko, exca, Kyurem b ?\n|inactive|Philein has 120 seconds left.\n|\n|t:|1665346732\n|switch|p2a: Lyobart de Cambrai|Latias, F|88\/100\n|-damage|p2a: Lyobart de Cambrai|76\/100|[from] Stealth Rock\n|move|p1a: Kartana|Knock Off|p2a: Lyobart de Cambrai\n|-supereffective|p2a: Lyobart de Cambrai\n|-damage|p2a: Lyobart de Cambrai|21\/100\n|\n|upkeep\n|turn|27\n|c|\u2606Lucians Call|no\n|c|\u2606Lucians Call|i think ik what team ur talking about tho\n|\n|t:|1665346747\n|switch|p2a: Sandrine|Gliscor, F|100\/100 tox\n|-damage|p2a: Sandrine|88\/100 tox|[from] Stealth Rock\n|move|p1a: Kartana|Knock Off|p2a: Sandrine\n|-damage|p2a: Sandrine|55\/100 tox\n|-enditem|p2a: Sandrine|Toxic Orb|[from] move: Knock Off|[of] p1a: Kartana\n|\n|-heal|p2a: Sandrine|68\/100 tox|[from] ability: Poison Heal\n|upkeep\n|turn|28\n|\n|t:|1665346761\n|switch|p1a: Landorus|Landorus-Therian, M|100\/100\n|-damage|p1a: Landorus|88\/100|[from] Stealth Rock\n|-ability|p1a: Landorus|Intimidate|boost\n|-unboost|p2a: Sandrine|atk|1\n|move|p2a: Sandrine|Knock Off|p1a: Landorus\n|-damage|p1a: Landorus|76\/100\n|-enditem|p1a: Landorus|Iapapa Berry|[from] move: Knock Off|[of] p2a: Sandrine\n|\n|-heal|p2a: Sandrine|80\/100 tox|[from] ability: Poison Heal\n|upkeep\n|turn|29\n|c|\u2606Philein|https:\/\/pokepast.es\/0a43b4f6c18422ac\n|c|\u2606Philein|That team.\n|\n|t:|1665346785\n|move|p2a: Sandrine|Knock Off|p1a: Landorus\n|-damage|p1a: Landorus|68\/100\n|move|p1a: Landorus|Hidden Power|p2a: Sandrine\n|-supereffective|p2a: Sandrine\n|-damage|p2a: Sandrine|27\/100 tox\n|\n|-heal|p2a: Sandrine|39\/100 tox|[from] ability: Poison Heal\n|upkeep\n|turn|30\n|\n|t:|1665346793\n|move|p2a: Sandrine|Roost|p2a: Sandrine\n|-heal|p2a: Sandrine|89\/100 tox\n|-singleturn|p2a: Sandrine|move: Roost\n|move|p1a: Landorus|U-turn|p2a: Sandrine\n|-damage|p2a: Sandrine|72\/100 tox\n|\n|t:|1665346798\n|switch|p1a: Medicham|Medicham-Mega, M|82\/100|[from]move: U-turn\n|-damage|p1a: Medicham|76\/100|[from] Stealth Rock\n|\n|-heal|p2a: Sandrine|85\/100 tox|[from] ability: Poison Heal\n|upkeep\n|turn|31\n|\n|t:|1665346802\n|switch|p2a: Raiponse|Toxapex, F|100\/100\n|-damage|p2a: Raiponse|88\/100|[from] Stealth Rock\n|move|p1a: Medicham|Ice Punch|p2a: Raiponse\n|-resisted|p2a: Raiponse\n|-damage|p2a: Raiponse|70\/100\n|\n|-heal|p2a: Raiponse|76\/100|[from] item: Black Sludge\n|upkeep\n|turn|32\n|\n|t:|1665346823\n|move|p2a: Raiponse|Baneful Bunker|p2a: Raiponse\n|-singleturn|p2a: Raiponse|move: Protect\n|move|p1a: Medicham|Zen Headbutt|p2a: Raiponse\n|-activate|p2a: Raiponse|move: Protect\n|-status|p1a: Medicham|psn\n|\n|-heal|p2a: Raiponse|83\/100|[from] item: Black Sludge\n|-damage|p1a: Medicham|64\/100 psn|[from] psn\n|upkeep\n|turn|33\n|\n|t:|1665346831\n|switch|p2a: Nogaret|Ferrothorn, M|83\/100\n|-damage|p2a: Nogaret|77\/100|[from] Stealth Rock\n|move|p1a: Medicham|Zen Headbutt|p2a: Nogaret\n|-resisted|p2a: Nogaret\n|-damage|p2a: Nogaret|53\/100\n|-damage|p1a: Medicham|51\/100 psn|[from] ability: Iron Barbs|[of] p2a: Nogaret\n|\n|-heal|p2a: Nogaret|60\/100|[from] item: Leftovers\n|-damage|p1a: Medicham|39\/100 psn|[from] psn\n|upkeep\n|turn|34\n|\n|t:|1665346834\n|move|p2a: Nogaret|Protect|p2a: Nogaret\n|-singleturn|p2a: Nogaret|Protect\n|move|p1a: Medicham|High Jump Kick|p2a: Nogaret\n|-activate|p2a: Nogaret|move: Protect\n|-damage|p1a: Medicham|0 fnt|[from] highjumpkick\n|faint|p1a: Medicham\n|\n|-heal|p2a: Nogaret|66\/100|[from] item: Leftovers\n|upkeep\n|\n|t:|1665346836\n|switch|p1a: Hydreigon|Hydreigon, F|89\/100\n|-damage|p1a: Hydreigon|77\/100|[from] Stealth Rock\n|turn|35\n|\n|t:|1665346842\n|move|p2a: Nogaret|Protect||[still]\n|-fail|p2a: Nogaret\n|move|p1a: Hydreigon|Dark Pulse|p2a: Nogaret\n|-damage|p2a: Nogaret|35\/100\n|\n|-heal|p2a: Nogaret|41\/100|[from] item: Leftovers\n|upkeep\n|turn|36\n|\n|t:|1665346851\n|move|p2a: Nogaret|Protect|p2a: Nogaret\n|-singleturn|p2a: Nogaret|Protect\n|move|p1a: Hydreigon|Dark Pulse|p2a: Nogaret\n|-activate|p2a: Nogaret|move: Protect\n|\n|-heal|p2a: Nogaret|47\/100|[from] item: Leftovers\n|upkeep\n|turn|37\n|c|\u2606Philein|So, did you build it ?\n|\n|t:|1665346867\n|switch|p2a: Raiponse|Toxapex, F|100\/100\n|-damage|p2a: Raiponse|88\/100|[from] Stealth Rock\n|move|p1a: Hydreigon|Dark Pulse|p2a: Raiponse\n|-damage|p2a: Raiponse|63\/100\n|\n|-heal|p2a: Raiponse|70\/100|[from] item: Black Sludge\n|upkeep\n|turn|38\n|c|\u2606Lucians Call|no\n|\n|t:|1665346870\n|move|p2a: Raiponse|Baneful Bunker|p2a: Raiponse\n|-singleturn|p2a: Raiponse|move: Protect\n|move|p1a: Hydreigon|Dark Pulse|p2a: Raiponse\n|-activate|p2a: Raiponse|move: Protect\n|\n|-heal|p2a: Raiponse|76\/100|[from] item: Black Sludge\n|upkeep\n|turn|39\n|\n|t:|1665346872\n|move|p1a: Hydreigon|Dark Pulse|p2a: Raiponse\n|-damage|p2a: Raiponse|48\/100\n|move|p2a: Raiponse|Recover|p2a: Raiponse\n|-heal|p2a: Raiponse|98\/100\n|\n|-heal|p2a: Raiponse|100\/100|[from] item: Black Sludge\n|upkeep\n|turn|40\n|c|\u2606Philein|Ok.\n|\n|t:|1665346881\n|move|p1a: Hydreigon|Dark Pulse|p2a: Raiponse\n|-damage|p2a: Raiponse|71\/100\n|move|p2a: Raiponse|Scald|p1a: Hydreigon\n|-resisted|p1a: Hydreigon\n|-damage|p1a: Hydreigon|67\/100\n|-status|p1a: Hydreigon|brn\n|\n|-heal|p2a: Raiponse|77\/100|[from] item: Black Sludge\n|-damage|p1a: Hydreigon|61\/100 brn|[from] brn\n|upkeep\n|turn|41\n|c|\u2606Philein|Do you know who did ?\n|\n|t:|1665346895\n|move|p2a: Raiponse|Baneful Bunker|p2a: Raiponse\n|-singleturn|p2a: Raiponse|move: Protect\n|move|p1a: Hydreigon|Fire Blast|p2a: Raiponse\n|-activate|p2a: Raiponse|move: Protect\n|\n|-heal|p2a: Raiponse|83\/100|[from] item: Black Sludge\n|-damage|p1a: Hydreigon|55\/100 brn|[from] brn\n|upkeep\n|turn|42\n|\n|t:|1665346901\n|move|p1a: Hydreigon|Fire Blast|p2a: Raiponse\n|-resisted|p2a: Raiponse\n|-damage|p2a: Raiponse|70\/100\n|move|p2a: Raiponse|Scald|p1a: Hydreigon\n|-resisted|p1a: Hydreigon\n|-damage|p1a: Hydreigon|46\/100 brn\n|\n|-heal|p2a: Raiponse|76\/100|[from] item: Black Sludge\n|-damage|p1a: Hydreigon|40\/100 brn|[from] brn\n|upkeep\n|turn|43\n|\n|t:|1665346905\n|switch|p2a: Nogaret|Ferrothorn, M|47\/100\n|-damage|p2a: Nogaret|41\/100|[from] Stealth Rock\n|move|p1a: Hydreigon|Roost|p1a: Hydreigon\n|-heal|p1a: Hydreigon|90\/100 brn\n|-singleturn|p1a: Hydreigon|move: Roost\n|\n|-heal|p2a: Nogaret|47\/100|[from] item: Leftovers\n|-damage|p1a: Hydreigon|84\/100 brn|[from] brn\n|upkeep\n|turn|44\n|\n|t:|1665346917\n|move|p2a: Nogaret|Protect|p2a: Nogaret\n|-singleturn|p2a: Nogaret|Protect\n|move|p1a: Hydreigon|Dark Pulse|p2a: Nogaret\n|-activate|p2a: Nogaret|move: Protect\n|\n|-heal|p2a: Nogaret|54\/100|[from] item: Leftovers\n|-damage|p1a: Hydreigon|78\/100 brn|[from] brn\n|upkeep\n|turn|45\n|\n|t:|1665346924\n|switch|p1a: Magearna|Magearna|70\/100 brn\n|-damage|p1a: Magearna|64\/100 brn|[from] Stealth Rock\n|switch|p2a: Raiponse|Toxapex, F|100\/100\n|-damage|p2a: Raiponse|88\/100|[from] Stealth Rock\n|\n|-heal|p2a: Raiponse|94\/100|[from] item: Black Sludge\n|-damage|p1a: Magearna|58\/100 brn|[from] brn\n|upkeep\n|turn|46\n|\n|t:|1665346928\n|switch|p2a: Nogaret|Ferrothorn, M|54\/100\n|-damage|p2a: Nogaret|47\/100|[from] Stealth Rock\n|move|p1a: Magearna|Calm Mind|p1a: Magearna\n|-boost|p1a: Magearna|spa|1\n|-boost|p1a: Magearna|spd|1\n|\n|-heal|p2a: Nogaret|54\/100|[from] item: Leftovers\n|-damage|p1a: Magearna|52\/100 brn|[from] brn\n|upkeep\n|turn|47\n|\n|t:|1665346931\n|move|p2a: Nogaret|Protect|p2a: Nogaret\n|-singleturn|p2a: Nogaret|Protect\n|move|p1a: Magearna|Calm Mind|p1a: Magearna\n|-boost|p1a: Magearna|spa|1\n|-boost|p1a: Magearna|spd|1\n|\n|-heal|p2a: Nogaret|60\/100|[from] item: Leftovers\n|-damage|p1a: Magearna|46\/100 brn|[from] brn\n|upkeep\n|turn|48\n|\n|t:|1665346934\n|-zpower|p1a: Magearna\n|move|p1a: Magearna|Twinkle Tackle|p2a: Nogaret|[zeffect]\n|-resisted|p2a: Nogaret\n|-damage|p2a: Nogaret|0 fnt\n|faint|p2a: Nogaret\n|-ability|p1a: Magearna|Soul-Heart|boost\n|-boost|p1a: Magearna|spa|1\n|\n|-damage|p1a: Magearna|40\/100 brn|[from] brn\n|upkeep\n|\n|t:|1665346937\n|switch|p2a: ERRORE DE SISTEMA|Ditto|100\/100\n|-damage|p2a: ERRORE DE SISTEMA|88\/100|[from] Stealth Rock\n|-transform|p2a: ERRORE DE SISTEMA|p1a: Magearna|[from] ability: Imposter\n|turn|49\n|\n|t:|1665346940\n|move|p2a: ERRORE DE SISTEMA|Thunderbolt|p1a: Magearna\n|-damage|p1a: Magearna|12\/100 brn\n|move|p1a: Magearna|Pain Split|p2a: ERRORE DE SISTEMA\n|-sethp|p2a: ERRORE DE SISTEMA|51\/100|[from] move: Pain Split|[silent]\n|-sethp|p1a: Magearna|42\/100 brn|[from] move: Pain Split\n|\n|-damage|p1a: Magearna|36\/100 brn|[from] brn\n|upkeep\n|turn|50\n|\n|t:|1665346951\n|switch|p1a: Landorus|Landorus-Therian, M|68\/100\n|-damage|p1a: Landorus|56\/100|[from] Stealth Rock\n|-ability|p1a: Landorus|Intimidate|boost\n|-unboost|p2a: ERRORE DE SISTEMA|atk|1\n|move|p2a: ERRORE DE SISTEMA|Thunderbolt|p1a: Landorus\n|-immune|p1a: Landorus\n|\n|upkeep\n|turn|51\n|\n|t:|1665346954\n|switch|p2a: Sandrine|Gliscor, F|85\/100 tox\n|-damage|p2a: Sandrine|72\/100 tox|[from] Stealth Rock\n|move|p1a: Landorus|U-turn|p2a: Sandrine\n|-resisted|p2a: Sandrine\n|-damage|p2a: Sandrine|64\/100 tox\n|\n|t:|1665346956\n|switch|p1a: Greninja|Greninja, M|71\/100|[from]move: U-turn\n|-damage|p1a: Greninja|59\/100|[from] Stealth Rock\n|\n|-heal|p2a: Sandrine|77\/100 tox|[from] ability: Poison Heal\n|upkeep\n|turn|52\n|\n|t:|1665346960\n|switch|p2a: Raiponse|Toxapex, F|100\/100\n|-damage|p2a: Raiponse|88\/100|[from] Stealth Rock\n|move|p1a: Greninja|Dark Pulse|p2a: Raiponse\n|-damage|p2a: Raiponse|50\/100\n|\n|-heal|p2a: Raiponse|57\/100|[from] item: Black Sludge\n|upkeep\n|turn|53\n|\n|t:|1665346963\n|move|p2a: Raiponse|Baneful Bunker|p2a: Raiponse\n|-singleturn|p2a: Raiponse|move: Protect\n|move|p1a: Greninja|Dark Pulse|p2a: Raiponse\n|-activate|p2a: Raiponse|move: Protect\n|\n|-heal|p2a: Raiponse|63\/100|[from] item: Black Sludge\n|upkeep\n|turn|54\n|\n|t:|1665346965\n|move|p1a: Greninja|Dark Pulse|p2a: Raiponse\n|-damage|p2a: Raiponse|28\/100\n|cant|p2a: Raiponse|flinch\n|\n|-heal|p2a: Raiponse|34\/100|[from] item: Black Sludge\n|upkeep\n|turn|55\n|\n|t:|1665346969\n|move|p2a: Raiponse|Baneful Bunker|p2a: Raiponse\n|-singleturn|p2a: Raiponse|move: Protect\n|move|p1a: Greninja|Dark Pulse|p2a: Raiponse\n|-activate|p2a: Raiponse|move: Protect\n|\n|-heal|p2a: Raiponse|41\/100|[from] item: Black Sludge\n|upkeep\n|turn|56\n|\n|t:|1665346973\n|move|p1a: Greninja|Dark Pulse|p2a: Raiponse\n|-damage|p2a: Raiponse|6\/100\n|move|p2a: Raiponse|Recover|p2a: Raiponse\n|-heal|p2a: Raiponse|56\/100\n|\n|-heal|p2a: Raiponse|62\/100|[from] item: Black Sludge\n|upkeep\n|turn|57\n|\n|t:|1665346978\n|switch|p1a: Magearna|Magearna|36\/100 brn\n|-damage|p1a: Magearna|30\/100 brn|[from] Stealth Rock\n|move|p2a: Raiponse|Baneful Bunker||[still]\n|-fail|p2a: Raiponse\n|\n|-heal|p2a: Raiponse|68\/100|[from] item: Black Sludge\n|-damage|p1a: Magearna|24\/100 brn|[from] brn\n|upkeep\n|turn|58\n|\n|t:|1665346983\n|switch|p2a: Lyobart de Cambrai|Latias, F|21\/100\n|-damage|p2a: Lyobart de Cambrai|9\/100|[from] Stealth Rock\n|move|p1a: Magearna|Pain Split|p2a: Lyobart de Cambrai\n|-sethp|p2a: Lyobart de Cambrai|16\/100|[from] move: Pain Split|[silent]\n|-sethp|p1a: Magearna|16\/100 brn|[from] move: Pain Split\n|\n|-damage|p1a: Magearna|10\/100 brn|[from] brn\n|upkeep\n|turn|59\n|\n|t:|1665346987\n|switch|p1a: Greninja|Greninja, M|59\/100\n|-damage|p1a: Greninja|46\/100|[from] Stealth Rock\n|detailschange|p2a: Lyobart de Cambrai|Latias-Mega, F\n|-mega|p2a: Lyobart de Cambrai|Latias|Latiasite\n|move|p2a: Lyobart de Cambrai|Hidden Power|p1a: Greninja\n|-supereffective|p1a: Greninja\n|-damage|p1a: Greninja|0 fnt\n|faint|p1a: Greninja\n|\n|upkeep\n|\n|t:|1665346991\n|switch|p1a: Kartana|Kartana|94\/100\n|-damage|p1a: Kartana|88\/100|[from] Stealth Rock\n|turn|60\n|j| PSaddict123\n|\n|t:|1665346997\n|move|p1a: Kartana|Leaf Blade|p2a: Lyobart de Cambrai\n|-resisted|p2a: Lyobart de Cambrai\n|-crit|p2a: Lyobart de Cambrai\n|-damage|p2a: Lyobart de Cambrai|0 fnt\n|faint|p2a: Lyobart de Cambrai\n|-ability|p1a: Kartana|Beast Boost|boost\n|-boost|p1a: Kartana|atk|1\n|\n|upkeep\n|\n|t:|1665346998\n|switch|p2a: Barjavel|Celesteela, shiny|64\/100\n|-damage|p2a: Barjavel|52\/100|[from] Stealth Rock\n|turn|61\n|\n|t:|1665347009\n|switch|p1a: Hydreigon|Hydreigon, F|78\/100 brn\n|-damage|p1a: Hydreigon|66\/100 brn|[from] Stealth Rock\n|move|p2a: Barjavel|Leech Seed|p1a: Hydreigon|[miss]\n|-miss|p2a: Barjavel|p1a: Hydreigon\n|\n|-heal|p2a: Barjavel|58\/100|[from] item: Leftovers\n|-damage|p1a: Hydreigon|60\/100 brn|[from] brn\n|upkeep\n|turn|62\n|\n|t:|1665347013\n|move|p2a: Barjavel|Protect|p2a: Barjavel\n|-singleturn|p2a: Barjavel|Protect\n|move|p1a: Hydreigon|Fire Blast|p2a: Barjavel\n|-activate|p2a: Barjavel|move: Protect\n|\n|-heal|p2a: Barjavel|64\/100|[from] item: Leftovers\n|-damage|p1a: Hydreigon|53\/100 brn|[from] brn\n|upkeep\n|turn|63\n|\n|t:|1665347019\n|switch|p2a: Raiponse|Toxapex, F|100\/100\n|-damage|p2a: Raiponse|88\/100|[from] Stealth Rock\n|move|p1a: Hydreigon|Fire Blast|p2a: Raiponse\n|-resisted|p2a: Raiponse\n|-damage|p2a: Raiponse|75\/100\n|\n|-heal|p2a: Raiponse|82\/100|[from] item: Black Sludge\n|-damage|p1a: Hydreigon|47\/100 brn|[from] brn\n|upkeep\n|turn|64\n|\n|t:|1665347030\n|move|p1a: Hydreigon|Fire Blast|p2a: Raiponse\n|-resisted|p2a: Raiponse\n|-damage|p2a: Raiponse|68\/100\n|move|p2a: Raiponse|Scald|p1a: Hydreigon\n|-resisted|p1a: Hydreigon\n|-damage|p1a: Hydreigon|38\/100 brn\n|\n|-heal|p2a: Raiponse|74\/100|[from] item: Black Sludge\n|-damage|p1a: Hydreigon|32\/100 brn|[from] brn\n|upkeep\n|turn|65\n|\n|t:|1665347033\n|move|p1a: Hydreigon|Fire Blast|p2a: Raiponse\n|-resisted|p2a: Raiponse\n|-damage|p2a: Raiponse|56\/100\n|move|p2a: Raiponse|Recover|p2a: Raiponse\n|-heal|p2a: Raiponse|100\/100\n|\n|-damage|p1a: Hydreigon|26\/100 brn|[from] brn\n|upkeep\n|turn|66\n|\n|t:|1665347036\n|move|p1a: Hydreigon|Fire Blast|p2a: Raiponse\n|-resisted|p2a: Raiponse\n|-damage|p2a: Raiponse|80\/100\n|move|p2a: Raiponse|Scald|p1a: Hydreigon\n|-resisted|p1a: Hydreigon\n|-damage|p1a: Hydreigon|16\/100 brn\n|\n|-heal|p2a: Raiponse|86\/100|[from] item: Black Sludge\n|-damage|p1a: Hydreigon|10\/100 brn|[from] brn\n|upkeep\n|turn|67\n|\n|t:|1665347041\n|move|p1a: Hydreigon|Dark Pulse|p2a: Raiponse\n|-damage|p2a: Raiponse|58\/100\n|cant|p2a: Raiponse|flinch\n|\n|-heal|p2a: Raiponse|65\/100|[from] item: Black Sludge\n|-damage|p1a: Hydreigon|4\/100 brn|[from] brn\n|upkeep\n|turn|68\n|\n|t:|1665347045\n|move|p2a: Raiponse|Baneful Bunker|p2a: Raiponse\n|-singleturn|p2a: Raiponse|move: Protect\n|move|p1a: Hydreigon|Roost|p1a: Hydreigon\n|-heal|p1a: Hydreigon|54\/100 brn\n|-singleturn|p1a: Hydreigon|move: Roost\n|\n|-heal|p2a: Raiponse|71\/100|[from] item: Black Sludge\n|-damage|p1a: Hydreigon|48\/100 brn|[from] brn\n|upkeep\n|turn|69\n|\n|t:|1665347047\n|move|p1a: Hydreigon|Dark Pulse|p2a: Raiponse\n|-damage|p2a: Raiponse|46\/100\n|move|p2a: Raiponse|Recover|p2a: Raiponse\n|-heal|p2a: Raiponse|96\/100\n|\n|-heal|p2a: Raiponse|100\/100|[from] item: Black Sludge\n|-damage|p1a: Hydreigon|42\/100 brn|[from] brn\n|upkeep\n|turn|70\n|\n|t:|1665347051\n|move|p1a: Hydreigon|Dark Pulse|p2a: Raiponse\n|-damage|p2a: Raiponse|71\/100\n|move|p2a: Raiponse|Recover|p2a: Raiponse\n|-heal|p2a: Raiponse|100\/100\n|\n|-damage|p1a: Hydreigon|36\/100 brn|[from] brn\n|upkeep\n|turn|71\n|\n|t:|1665347054\n|move|p1a: Hydreigon|Dark Pulse|p2a: Raiponse\n|-crit|p2a: Raiponse\n|-damage|p2a: Raiponse|45\/100\n|move|p2a: Raiponse|Scald|p1a: Hydreigon\n|-resisted|p1a: Hydreigon\n|-damage|p1a: Hydreigon|27\/100 brn\n|\n|-heal|p2a: Raiponse|51\/100|[from] item: Black Sludge\n|-damage|p1a: Hydreigon|20\/100 brn|[from] brn\n|upkeep\n|turn|72\n|\n|t:|1665347056\n|move|p1a: Hydreigon|Dark Pulse|p2a: Raiponse\n|-damage|p2a: Raiponse|8\/100\n|move|p2a: Raiponse|Recover|p2a: Raiponse\n|-heal|p2a: Raiponse|58\/100\n|\n|-heal|p2a: Raiponse|65\/100|[from] item: Black Sludge\n|-damage|p1a: Hydreigon|14\/100 brn|[from] brn\n|upkeep\n|turn|73\n|\n|t:|1665347060\n|move|p2a: Raiponse|Baneful Bunker|p2a: Raiponse\n|-singleturn|p2a: Raiponse|move: Protect\n|move|p1a: Hydreigon|Dark Pulse|p2a: Raiponse\n|-activate|p2a: Raiponse|move: Protect\n|\n|-heal|p2a: Raiponse|71\/100|[from] item: Black Sludge\n|-damage|p1a: Hydreigon|8\/100 brn|[from] brn\n|upkeep\n|turn|74\n|\n|t:|1665347063\n|move|p1a: Hydreigon|Draco Meteor|p2a: Raiponse\n|-damage|p2a: Raiponse|26\/100\n|-unboost|p1a: Hydreigon|spa|2\n|move|p2a: Raiponse|Recover|p2a: Raiponse\n|-heal|p2a: Raiponse|76\/100\n|\n|-heal|p2a: Raiponse|82\/100|[from] item: Black Sludge\n|-damage|p1a: Hydreigon|2\/100 brn|[from] brn\n|upkeep\n|turn|75\n|\n|t:|1665347067\n|move|p1a: Hydreigon|Draco Meteor|p2a: Raiponse\n|-damage|p2a: Raiponse|59\/100\n|-unboost|p1a: Hydreigon|spa|2\n|move|p2a: Raiponse|Scald|p1a: Hydreigon\n|-resisted|p1a: Hydreigon\n|-damage|p1a: Hydreigon|0 fnt\n|faint|p1a: Hydreigon\n|\n|-heal|p2a: Raiponse|65\/100|[from] item: Black Sludge\n|upkeep\n|\n|t:|1665347069\n|switch|p1a: Magearna|Magearna|10\/100 brn\n|-damage|p1a: Magearna|4\/100 brn|[from] Stealth Rock\n|turn|76\n|\n|t:|1665347073\n|switch|p2a: ERRORE DE SISTEMA|Ditto|51\/100\n|-damage|p2a: ERRORE DE SISTEMA|38\/100|[from] Stealth Rock\n|-transform|p2a: ERRORE DE SISTEMA|p1a: Magearna|[from] ability: Imposter\n|move|p1a: Magearna|Pain Split|p2a: ERRORE DE SISTEMA\n|-sethp|p2a: ERRORE DE SISTEMA|21\/100|[from] move: Pain Split|[silent]\n|-sethp|p1a: Magearna|18\/100 brn|[from] move: Pain Split\n|\n|-damage|p1a: Magearna|12\/100 brn|[from] brn\n|upkeep\n|turn|77\n|\n|t:|1665347083\n|switch|p1a: Kartana|Kartana|88\/100\n|-damage|p1a: Kartana|82\/100|[from] Stealth Rock\n|move|p2a: ERRORE DE SISTEMA|Thunderbolt|p1a: Kartana\n|-resisted|p1a: Kartana\n|-damage|p1a: Kartana|30\/100\n|\n|upkeep\n|turn|78\n|\n|t:|1665347089\n|switch|p2a: Raiponse|Toxapex, F|98\/100\n|-damage|p2a: Raiponse|86\/100|[from] Stealth Rock\n|move|p1a: Kartana|Knock Off|p2a: Raiponse\n|-damage|p2a: Raiponse|49\/100\n|-enditem|p2a: Raiponse|Black Sludge|[from] move: Knock Off|[of] p1a: Kartana\n|\n|upkeep\n|turn|79\n|-message|Lucians Call forfeited.\n|\n|win|Philein\n|raw|Lucians Call's rating: 1787 &rarr; <strong>1767<\/strong><br \/>(-20 for losing)\n|raw|Philein's rating: 1789 &rarr; <strong>1809<\/strong><br \/>(+20 for winning)\n|l|\u2606Lucians Call\n||Ladder isn't responding, score probably updated but might not have (Request timeout).\n","uploadtime":1665347503,"views":62,"p1id":"lucianscall","p2id":"philein","formatid":"gen7ou","rating":1767,"private":0,"password":null}