{"id":"gen7ou-838099506","p1":"OUTX Merm","p2":"uuuuiiii","format":"gen7ou","log":"|j|\u2606OUTX Merm\n|j|\u2606uuuuiiii\n|player|p1|OUTX Merm|271\n|player|p2|uuuuiiii|102\n|teamsize|p1|6\n|teamsize|p2|6\n|gametype|singles\n|gen|7\n|tier|[Gen 7] OU\n|rated|\n|html|<div class=\"broadcast-green\"><strong>OU is currently suspecting Zygarde! For information on how to participate check out the <a href=\"https:\/\/www.smogon.com\/forums\/threads\/3645049\/\">suspect thread<\/a>.<\/strong><\/div>\n|rule|Sleep Clause Mod: Limit one foe put to sleep\n|rule|Species Clause: Limit one of each Pok\u00e9mon\n|rule|OHKO Clause: OHKO moves are banned\n|rule|Moody Clause: Moody is banned\n|rule|Evasion Moves Clause: Evasion moves are banned\n|rule|Endless Battle Clause: Forcing endless battles is banned\n|rule|HP Percentage Mod: HP is shown in percentages\n|clearpoke\n|poke|p1|Landorus-Therian, M|item\n|poke|p1|Heatran, M|item\n|poke|p1|Rotom-Wash|item\n|poke|p1|Chatot, M|item\n|poke|p1|Medicham, M|item\n|poke|p1|Tangrowth, F|item\n|poke|p2|Beedrill, M|item\n|poke|p2|Tapu Lele|item\n|poke|p2|Landorus-Therian, M|item\n|poke|p2|Smeargle, M|item\n|poke|p2|Blacephalon|item\n|poke|p2|Kartana|item\n|teampreview\n|\n|start\n|switch|p1a: Medicham|Medicham, M|100\/100\n|switch|p2a: Tapu Lele|Tapu Lele, shiny|100\/100\n|-fieldstart|move: Psychic Terrain|[from] ability: Psychic Surge|[of] p2a: Tapu Lele\n|turn|1\n|\n|switch|p1a: Heatran|Heatran, M|100\/100\n|move|p2a: Tapu Lele|Moonblast|p1a: Heatran\n|-resisted|p1a: Heatran\n|-damage|p1a: Heatran|87\/100\n|\n|upkeep\n|turn|2\n|\n|move|p2a: Tapu Lele|Focus Blast|p1a: Heatran|[miss]\n|-miss|p2a: Tapu Lele|p1a: Heatran\n|move|p1a: Heatran|Stealth Rock|p2a: Tapu Lele\n|-sidestart|p2: uuuuiiii|move: Stealth Rock\n|\n|upkeep\n|turn|3\n|\n|switch|p1a: Landorus|Landorus-Therian, M|100\/100\n|-ability|p1a: Landorus|Intimidate|boost\n|-unboost|p2a: Tapu Lele|atk|1\n|move|p2a: Tapu Lele|Focus Blast|p1a: Landorus\n|-resisted|p1a: Landorus\n|-damage|p1a: Landorus|71\/100\n|-unboost|p1a: Landorus|spd|1\n|\n|upkeep\n|turn|4\n|\n|move|p1a: Landorus|U-turn|p2a: Tapu Lele\n|-damage|p2a: Tapu Lele|68\/100\n|\n|switch|p1a: Heatran|Heatran, M|87\/100\n|move|p2a: Tapu Lele|Moonblast|p1a: Heatran\n|-resisted|p1a: Heatran\n|-damage|p1a: Heatran|75\/100\n|\n|upkeep\n|turn|5\n|\n|move|p2a: Tapu Lele|Focus Blast|p1a: Heatran\n|-supereffective|p1a: Heatran\n|-damage|p1a: Heatran|0 fnt\n|faint|p1a: Heatran\n|\n|-fieldend|move: Psychic Terrain\n|upkeep\n|\n|switch|p1a: Landorus|Landorus-Therian, M|71\/100\n|-ability|p1a: Landorus|Intimidate|boost\n|-unboost|p2a: Tapu Lele|atk|1\n|turn|6\n|\n|switch|p2a: Landorus|Landorus-Therian, M|100\/100\n|-damage|p2a: Landorus|88\/100|[from] Stealth Rock\n|-ability|p2a: Landorus|Intimidate|boost\n|-unboost|p1a: Landorus|atk|1\n|move|p1a: Landorus|Earthquake|p2a: Landorus\n|-immune|p2a: Landorus\n|\n|upkeep\n|turn|7\n|\n|switch|p1a: Chatot|Chatot, M|100\/100\n|move|p2a: Landorus|Stealth Rock|p1a: Chatot\n|-sidestart|p1: OUTX Merm|move: Stealth Rock\n|\n|upkeep\n|turn|8\n|\n|switch|p2a: Kartana|Kartana|100\/100\n|-damage|p2a: Kartana|94\/100|[from] Stealth Rock\n|move|p1a: Chatot|Nasty Plot|p1a: Chatot\n|-boost|p1a: Chatot|spa|2\n|\n|upkeep\n|turn|9\n|\n|switch|p1a: Tangrowth|Tangrowth, F|100\/100\n|-damage|p1a: Tangrowth|88\/100|[from] Stealth Rock\n|move|p2a: Kartana|Knock Off|p1a: Tangrowth\n|-damage|p1a: Tangrowth|58\/100\n|-enditem|p1a: Tangrowth|Assault Vest|[from] move: Knock Off|[of] p2a: Kartana\n|\n|upkeep\n|turn|10\n|\n|switch|p2a: Smeargle|Smeargle, M|100\/100\n|-damage|p2a: Smeargle|88\/100|[from] Stealth Rock\n|move|p1a: Tangrowth|Knock Off|p2a: Smeargle\n|-damage|p2a: Smeargle|18\/100\n|-enditem|p2a: Smeargle|Focus Sash|[from] move: Knock Off|[of] p1a: Tangrowth\n|\n|upkeep\n|turn|11\n|\n|switch|p1a: Chatot|Chatot, M|100\/100\n|-damage|p1a: Chatot|76\/100|[from] Stealth Rock\n|move|p2a: Smeargle|Sticky Web|p1a: Chatot\n|-sidestart|p1: OUTX Merm|move: Sticky Web\n|\n|upkeep\n|turn|12\n|\n|move|p1a: Chatot|Substitute|p1a: Chatot\n|-start|p1a: Chatot|Substitute\n|-damage|p1a: Chatot|51\/100\n|move|p2a: Smeargle|Spore||[still]\n|-fail|p2a: Smeargle\n|\n|upkeep\n|turn|13\n|\n|move|p1a: Chatot|Chatter|p2a: Smeargle\n|-damage|p2a: Smeargle|0 fnt\n|faint|p2a: Smeargle\n|\n|upkeep\n|\n|switch|p2a: Kartana|Kartana|94\/100\n|-damage|p2a: Kartana|88\/100|[from] Stealth Rock\n|turn|14\n|\n|move|p2a: Kartana|Smart Strike|p1a: Chatot\n|-end|p1a: Chatot|Substitute\n|move|p1a: Chatot|Substitute|p1a: Chatot\n|-start|p1a: Chatot|Substitute\n|-damage|p1a: Chatot|26\/100\n|\n|upkeep\n|turn|15\n|\n|move|p2a: Kartana|Smart Strike|p1a: Chatot\n|-end|p1a: Chatot|Substitute\n|move|p1a: Chatot|Substitute|p1a: Chatot\n|-start|p1a: Chatot|Substitute\n|-damage|p1a: Chatot|1\/100\n|-enditem|p1a: Chatot|Salac Berry|[eat]\n|-boost|p1a: Chatot|spe|1\n|\n|upkeep\n|turn|16\n|\n|move|p2a: Kartana|Smart Strike|p1a: Chatot\n|-end|p1a: Chatot|Substitute\n|move|p1a: Chatot|Chatter|p2a: Kartana\n|-damage|p2a: Kartana|9\/100\n|-start|p2a: Kartana|confusion\n|\n|upkeep\n|turn|17\n|\n|-activate|p2a: Kartana|confusion\n|-damage|p2a: Kartana|0 fnt|[from] confusion\n|faint|p2a: Kartana\n|move|p1a: Chatot|Nasty Plot|p1a: Chatot\n|-boost|p1a: Chatot|spa|2\n|\n|upkeep\n|inactive|Battle timer is ON: inactive players will automatically lose when time's up. (requested by OUTX Merm)\n|\n|switch|p2a: Beedrill|Beedrill, M, shiny|100\/100\n|-damage|p2a: Beedrill|76\/100|[from] Stealth Rock\n|turn|18\n|\n|detailschange|p2a: Beedrill|Beedrill-Mega, M, shiny\n|-mega|p2a: Beedrill|Beedrill|Beedrillite\n|move|p1a: Chatot|Chatter|p2a: Beedrill\n|-supereffective|p2a: Beedrill\n|-damage|p2a: Beedrill|0 fnt\n|faint|p2a: Beedrill\n|\n|upkeep\n|-message|uuuuiiii forfeited.\n|\n|win|OUTX Merm\n|l|\u2606uuuuiiii\n|raw|OUTX Merm's rating: 1563 &rarr; <strong>1587<\/strong><br \/>(+24 for winning)\n|raw|uuuuiiii's rating: 1629 &rarr; <strong>1605<\/strong><br \/>(-24 for losing)\n","uploadtime":1545286196,"views":4,"p1id":"outxmerm","p2id":"uuuuiiii","formatid":"gen7ou","rating":1587,"private":0,"password":null}