{"id":"gen7ou-546280475","p1":"Candice","p2":"LSJ 05","format":"gen7ou","log":"|j|Candice\n|j|LSJ 05\n|player|p1|Candice|36\n|player|p2|LSJ 05|162\n|gametype|singles\n|gen|7\n|tier|[Gen 7] OU\n|rated\n|seed|54397,19361,32123,7067\n|clearpoke\n|poke|p1|Pelipper, F|item\n|poke|p1|Scizor, M|item\n|poke|p1|Tornadus-Therian, M|item\n|poke|p1|Kingdra, F|item\n|poke|p1|Ferrothorn, M|item\n|poke|p1|Landorus-Therian, M|item\n|poke|p2|Mawile, M|item\n|poke|p2|Landorus-Therian, M|item\n|poke|p2|Tapu Fini|item\n|poke|p2|Hoopa-Unbound|item\n|poke|p2|Greninja, F|item\n|poke|p2|Heatran, M|item\n|rule|Baton Pass Clause: Limit one Baton Passer, can't pass Spe and other stats simultaneously\n|rule|Sleep Clause Mod: Limit one foe put to sleep\n|rule|Species Clause: Limit one of each Pok\u00e9mon\n|rule|OHKO Clause: OHKO moves are banned\n|rule|Moody Clause: Moody is banned\n|rule|Evasion Moves Clause: Evasion moves are banned\n|rule|Endless Battle Clause: Forcing endless battles is banned\n|rule|HP Percentage Mod: HP is shown in percentages\n|teampreview\n|choice|team 5, team 2, team 3, team 4, team 1, team 6|team 4, team 2, team 3, team 1, team 5, team 6\n|\n|start\n|switch|p1a: Ferrothorn|Ferrothorn, M|352\/352\n|switch|p2a: Hoopa|Hoopa-Unbound|363\/363\n|turn|1\n|choice|move protect|move firepunch\n|\n|move|p1a: Ferrothorn|Protect|p1a: Ferrothorn\n|-singleturn|p1a: Ferrothorn|Protect\n|move|p2a: Hoopa|Fire Punch|p1a: Ferrothorn\n|-activate|p1a: Ferrothorn|move: Protect\n|\n|upkeep\n|turn|2\n|choice|move thunderwave|move hyperspacefury\n|\n|move|p2a: Hoopa|Hyperspace Fury|p1a: Ferrothorn\n|-damage|p1a: Ferrothorn|216\/352\n|-unboost|p2a: Hoopa|def|1\n|move|p1a: Ferrothorn|Thunder Wave|p2a: Hoopa\n|-status|p2a: Hoopa|par\n|\n|-heal|p1a: Ferrothorn|238\/352|[from] item: Leftovers\n|upkeep\n|turn|3\n|choice|switch 6|move hyperspacefury zmove\n|\n|switch|p1a: Landorus|Landorus-Therian, M|319\/319\n|-ability|p1a: Landorus|Intimidate|boost\n|-unboost|p2a: Hoopa|atk|1\n|-zpower|p2a: Hoopa\n|move|p2a: Hoopa|Black Hole Eclipse|p1a: Landorus|[zeffect]\n|-crit|p1a: Landorus\n|-damage|p1a: Landorus|0 fnt\n|faint|p1a: Landorus\n|\n|upkeep\n|choice|switch 2|\n|\n|switch|p1a: Iris|Scizor, M|343\/343\n|turn|4\n|choice|move uturn mega|move firepunch\n|\n|detailschange|p1a: Iris|Scizor-Mega, M\n|-mega|p1a: Iris|Scizor|Scizorite\n|move|p1a: Iris|U-turn|p2a: Hoopa\n|-supereffective|p2a: Hoopa\n|-damage|p2a: Hoopa|0 fnt\n|faint|p2a: Hoopa\n|choice|switch 5|\n|\n|switch|p1a: Pelipper|Pelipper, F|323\/323\n|-weather|RainDance|[from] ability: Drizzle|[of] p1a: Pelipper\n|\n|-weather|RainDance|[upkeep]\n|upkeep\n|choice||switch 4\n|\n|switch|p2a: Mawile|Mawile, M|251\/251\n|turn|5\n|choice|move scald|move swordsdance mega\n|\n|detailschange|p2a: Mawile|Mawile-Mega, M\n|-mega|p2a: Mawile|Mawile|Mawilite\n|move|p2a: Mawile|Swords Dance|p2a: Mawile\n|-boost|p2a: Mawile|atk|2\n|move|p1a: Pelipper|Scald|p2a: Mawile\n|-damage|p2a: Mawile|116\/251\n|\n|-weather|RainDance|[upkeep]\n|upkeep\n|turn|6\n|choice|switch 6|move ironhead\n|\n|switch|p1a: Ferrothorn|Ferrothorn, M|238\/352\n|move|p2a: Mawile|Iron Head|p1a: Ferrothorn\n|-resisted|p1a: Ferrothorn\n|-damage|p1a: Ferrothorn|71\/352\n|-damage|p2a: Mawile|85\/251|[from] ability: Iron Barbs|[of] p1a: Ferrothorn\n|\n|-weather|RainDance|[upkeep]\n|-heal|p1a: Ferrothorn|93\/352|[from] item: Leftovers\n|upkeep\n|turn|7\n|choice|move leechseed|move ironhead\n|\n|move|p2a: Mawile|Iron Head|p1a: Ferrothorn\n|-resisted|p1a: Ferrothorn\n|-damage|p1a: Ferrothorn|0 fnt\n|-damage|p2a: Mawile|54\/251|[from] ability: Iron Barbs|[of] p1a: Ferrothorn\n|faint|p1a: Ferrothorn\n|\n|-weather|RainDance|[upkeep]\n|upkeep\n|choice|switch 5|\n|\n|switch|p1a: Iris|Scizor-Mega, M|343\/343\n|turn|8\n|choice|move bulletpunch|switch 3\n|\n|switch|p2a: Tapu Fini|Tapu Fini|343\/343\n|-fieldstart|move: Misty Terrain|[from] ability: Misty Surge|[of] p2a: Tapu Fini\n|move|p1a: Iris|Bullet Punch|p2a: Tapu Fini\n|-damage|p2a: Tapu Fini|274\/343\n|\n|-weather|RainDance|[upkeep]\n|-heal|p2a: Tapu Fini|295\/343|[from] item: Leftovers\n|upkeep\n|turn|9\n|choice|switch 3|move naturesmadness\n|\n|switch|p1a: Tornadus|Tornadus-Therian, M|299\/299\n|move|p2a: Tapu Fini|Nature's Madness|p1a: Tornadus\n|-damage|p1a: Tornadus|150\/299\n|\n|-weather|RainDance|[upkeep]\n|-heal|p2a: Tapu Fini|316\/343|[from] item: Leftovers\n|upkeep\n|turn|10\n|choice|move knockoff|move naturesmadness\n|\n|move|p1a: Tornadus|Knock Off|p2a: Tapu Fini\n|-resisted|p2a: Tapu Fini\n|-damage|p2a: Tapu Fini|292\/343\n|-enditem|p2a: Tapu Fini|Leftovers|[from] move: Knock Off|[of] p1a: Tornadus\n|move|p2a: Tapu Fini|Nature's Madness|p1a: Tornadus|[miss]\n|-miss|p2a: Tapu Fini|p1a: Tornadus\n|\n|-weather|RainDance|[upkeep]\n|upkeep\n|turn|11\n|choice|move hurricane|move moonblast\n|\n|move|p1a: Tornadus|Hurricane|p2a: Tapu Fini\n|-damage|p2a: Tapu Fini|144\/343\n|-activate|p2a: Tapu Fini|move: Misty Terrain\n|move|p2a: Tapu Fini|Moonblast|p1a: Tornadus\n|-damage|p1a: Tornadus|15\/299\n|\n|-weather|none\n|upkeep\n|turn|12\n|choice|move knockoff|switch 6\n|\n|switch|p2a: Heatran|Heatran, M|385\/385\n|move|p1a: Tornadus|Knock Off|p2a: Heatran\n|-damage|p2a: Heatran|308\/385\n|-enditem|p2a: Heatran|Leftovers|[from] move: Knock Off|[of] p1a: Tornadus\n|\n|-fieldend|Misty Terrain\n|upkeep\n|turn|13\n|choice|move taunt|move stealthrock\n|\n|move|p1a: Tornadus|Taunt|p2a: Heatran\n|-start|p2a: Heatran|move: Taunt\n|cant|p2a: Heatran|move: Taunt|Stealth Rock\n|\n|upkeep\n|turn|14\n|choice|move uturn|move magmastorm\n|\n|move|p1a: Tornadus|U-turn|p2a: Heatran\n|-resisted|p2a: Heatran\n|-crit|p2a: Heatran\n|-damage|p2a: Heatran|287\/385\n|choice|switch 6|\n|\n|switch|p1a: Pelipper|Pelipper, F|323\/323\n|-weather|RainDance|[from] ability: Drizzle|[of] p1a: Pelipper\n|move|p2a: Heatran|Magma Storm|p1a: Pelipper|[miss]\n|-miss|p2a: Heatran|p1a: Pelipper\n|\n|-weather|RainDance|[upkeep]\n|upkeep\n|turn|15\n|choice|move uturn|switch 6\n|\n|switch|p2a: Tapu Fini|Tapu Fini|144\/343\n|-fieldstart|move: Misty Terrain|[from] ability: Misty Surge|[of] p2a: Tapu Fini\n|move|p1a: Pelipper|U-turn|p2a: Tapu Fini\n|-resisted|p2a: Tapu Fini\n|-crit|p2a: Tapu Fini\n|-damage|p2a: Tapu Fini|130\/343\n|choice|switch 4|\n|\n|switch|p1a: Kingdra|Kingdra, F|298\/298\n|\n|-weather|RainDance|[upkeep]\n|upkeep\n|turn|16\n|choice|move hydropump|move moonblast\n|\n|move|p1a: Kingdra|Hydro Pump|p2a: Tapu Fini\n|-resisted|p2a: Tapu Fini\n|-damage|p2a: Tapu Fini|0 fnt\n|faint|p2a: Tapu Fini\n|\n|-weather|RainDance|[upkeep]\n|upkeep\n|choice||switch 3\n|\n|switch|p2a: Mawile|Mawile-Mega, M|54\/251\n|turn|17\n|choice|move hydropump|move suckerpunch\n|\n|move|p2a: Mawile|Sucker Punch|p1a: Kingdra\n|-damage|p1a: Kingdra|147\/298\n|move|p1a: Kingdra|Hydro Pump|p2a: Mawile\n|-damage|p2a: Mawile|0 fnt\n|faint|p2a: Mawile\n|\n|-weather|RainDance|[upkeep]\n|upkeep\n|choice||switch 5\n|\n|switch|p2a: Greninja|Greninja, F|285\/285\n|turn|18\n|choice|move hydropump|move darkpulse\n|\n|move|p1a: Kingdra|Hydro Pump|p2a: Greninja\n|-resisted|p2a: Greninja\n|-damage|p2a: Greninja|0 fnt\n|faint|p2a: Greninja\n|\n|-weather|RainDance|[upkeep]\n|upkeep\n|choice||switch 2\n|\n|switch|p2a: Landorus|Landorus-Therian, M|381\/381\n|-ability|p2a: Landorus|Intimidate|boost\n|-unboost|p1a: Kingdra|atk|1\n|turn|19\n|choice|switch 6|move rockpolish\n|\n|switch|p1a: Tornadus|Tornadus-Therian, M|114\/299\n|move|p2a: Landorus|Rock Polish|p2a: Landorus\n|-boost|p2a: Landorus|spe|2\n|\n|-weather|RainDance|[upkeep]\n|-fieldend|Misty Terrain\n|upkeep\n|turn|20\n|choice|move hurricane zmove|move swordsdance\n|\n|move|p2a: Landorus|Swords Dance|p2a: Landorus\n|-boost|p2a: Landorus|atk|2\n|-zpower|p1a: Tornadus\n|move|p1a: Tornadus|Supersonic Skystrike|p2a: Landorus|[zeffect]\n|-damage|p2a: Landorus|30\/381\n|\n|-weather|RainDance|[upkeep]\n|upkeep\n|turn|21\n|c|\u2606Candice|gg\n|choice|move hurricane|move fly\n|\n|move|p2a: Landorus|Fly|p1a: Tornadus|[still]\n|-prepare|p2a: Landorus|Fly|p1a: Tornadus\n|move|p1a: Tornadus|Hurricane|p2a: Landorus\n|-damage|p2a: Landorus|0 fnt\n|faint|p2a: Landorus\n|\n|-weather|none\n|upkeep\n|-message|LSJ 05 forfeited.\n|\n|win|Candice\n|player|p1\n|player|p2\n|l|LSJ 05","inputlog":null,"uploadtime":1489340234,"views":0,"p1id":"candice","p2id":"lsj05","formatid":"gen7ou","rating":0,"private":0,"password":null}