{"id":"gen7ou-897299943","p1":"why addicted","p2":"xueyuxiayu","format":"gen7ou","log":"|j|\u2606why addicted\n|j|\u2606xueyuxiayu\n|player|p1|why addicted|169\n|player|p2|xueyuxiayu|266\n|teamsize|p1|6\n|teamsize|p2|6\n|gametype|singles\n|gen|7\n|tier|[Gen 7] OU\n|rated|\n|rule|Sleep Clause Mod: Limit one foe put to sleep\n|rule|Species Clause: Limit one of each Pok\u00e9mon\n|rule|OHKO Clause: OHKO moves are banned\n|rule|Moody Clause: Moody is banned\n|rule|Evasion Moves Clause: Evasion moves are banned\n|rule|Endless Battle Clause: Forcing endless battles is banned\n|rule|HP Percentage Mod: HP is shown in percentages\n|clearpoke\n|poke|p1|Mawile, F|item\n|poke|p1|Greninja, M|item\n|poke|p1|Pelipper, F|item\n|poke|p1|Seismitoad, M|item\n|poke|p1|Tornadus-Therian, M|item\n|poke|p1|Magearna|item\n|poke|p2|Sableye, M|item\n|poke|p2|Skarmory, M|item\n|poke|p2|Avalugg, M|item\n|poke|p2|Shedinja|item\n|poke|p2|Chansey, F|item\n|poke|p2|Toxapex, M|item\n|teampreview\n|\n|start\n|switch|p1a: Broken 2|Magearna|100\/100\n|switch|p2a: Sableye|Sableye, M|100\/100\n|turn|1\n|\n|detailschange|p2a: Sableye|Sableye-Mega, M\n|-mega|p2a: Sableye|Sableye|Sablenite\n|move|p2a: Sableye|Protect|p2a: Sableye\n|-singleturn|p2a: Sableye|Protect\n|move|p1a: Broken 2|Calm Mind|p1a: Broken 2\n|-boost|p1a: Broken 2|spa|1\n|-boost|p1a: Broken 2|spd|1\n|\n|upkeep\n|turn|2\n|\n|switch|p1a: defog of rain|Tornadus-Therian, M|100\/100\n|switch|p2a: Chansey|Chansey, F|100\/100\n|\n|upkeep\n|turn|3\n|\n|switch|p2a: Toxapex|Toxapex, M|100\/100\n|move|p1a: defog of rain|Knock Off|p2a: Toxapex\n|-damage|p2a: Toxapex|92\/100\n|\n|upkeep\n|turn|4\n|\n|move|p1a: defog of rain|U-turn|p2a: Toxapex\n|-resisted|p2a: Toxapex\n|-damage|p2a: Toxapex|88\/100\n|\n|switch|p1a: Seismitoad|Seismitoad, M|100\/100\n|move|p2a: Toxapex|Toxic Spikes|p1a: Seismitoad\n|-sidestart|p1: why addicted|move: Toxic Spikes\n|\n|upkeep\n|turn|5\n|\n|switch|p2a: Sableye|Sableye-Mega, M|100\/100\n|move|p1a: Seismitoad|Scald|p2a: Sableye\n|-damage|p2a: Sableye|76\/100\n|-status|p2a: Sableye|brn\n|\n|-damage|p2a: Sableye|70\/100 brn|[from] brn\n|upkeep\n|turn|6\n|j| 99664433kek\n|\n|switch|p1a: Broken 2|Magearna|100\/100\n|move|p2a: Sableye|Recover|p2a: Sableye\n|-heal|p2a: Sableye|100\/100 brn\n|\n|-damage|p2a: Sableye|94\/100 brn|[from] brn\n|upkeep\n|turn|7\n|\n|switch|p2a: Chansey|Chansey, F|100\/100\n|move|p1a: Broken 2|Calm Mind|p1a: Broken 2\n|-boost|p1a: Broken 2|spa|1\n|-boost|p1a: Broken 2|spd|1\n|\n|upkeep\n|turn|8\n|\n|switch|p1a: defog of rain|Tornadus-Therian, M|100\/100\n|move|p2a: Chansey|Stealth Rock|p1a: defog of rain\n|-sidestart|p1: why addicted|move: Stealth Rock\n|\n|upkeep\n|turn|9\n|\n|switch|p2a: Toxapex|Toxapex, M|100\/100\n|move|p1a: defog of rain|Knock Off|p2a: Toxapex\n|-damage|p2a: Toxapex|93\/100\n|\n|upkeep\n|turn|10\n|\n|move|p1a: defog of rain|Defog|p2a: Toxapex\n|-unboost|p2a: Toxapex|evasion|1\n|-sideend|p1: why addicted|Toxic Spikes|[from] move: Defog|[of] p1a: defog of rain\n|-sideend|p1: why addicted|Stealth Rock|[from] move: Defog|[of] p1a: defog of rain\n|move|p2a: Toxapex|Scald|p1a: defog of rain\n|-damage|p1a: defog of rain|82\/100\n|\n|upkeep\n|turn|11\n|\n|move|p1a: defog of rain|U-turn|p2a: Toxapex\n|-resisted|p2a: Toxapex\n|-damage|p2a: Toxapex|88\/100\n|\n|switch|p1a: Seismitoad|Seismitoad, M|100\/100\n|move|p2a: Toxapex|Toxic Spikes|p1a: Seismitoad\n|-sidestart|p1: why addicted|move: Toxic Spikes\n|\n|upkeep\n|turn|12\n|inactive|Battle timer is ON: inactive players will automatically lose when time's up. (requested by why addicted)\n|\n|switch|p2a: Chansey|Chansey, F|100\/100\n|move|p1a: Seismitoad|Scald|p2a: Chansey\n|-damage|p2a: Chansey|93\/100\n|\n|upkeep\n|turn|13\n|\n|move|p1a: Seismitoad|Stealth Rock|p2a: Chansey\n|-sidestart|p2: xueyuxiayu|move: Stealth Rock\n|move|p2a: Chansey|Toxic|p1a: Seismitoad|[miss]\n|-miss|p2a: Chansey|p1a: Seismitoad\n|\n|upkeep\n|turn|14\n|\n|switch|p1a: Broken 2|Magearna|100\/100\n|move|p2a: Chansey|Toxic|p1a: Broken 2\n|-immune|p1a: Broken 2\n|\n|upkeep\n|turn|15\n|\n|move|p1a: Broken 2|Calm Mind|p1a: Broken 2\n|-boost|p1a: Broken 2|spa|1\n|-boost|p1a: Broken 2|spd|1\n|move|p2a: Chansey|Toxic|p1a: Broken 2\n|-immune|p1a: Broken 2\n|\n|upkeep\n|turn|16\n|\n|move|p1a: Broken 2|Calm Mind|p1a: Broken 2\n|-boost|p1a: Broken 2|spa|1\n|-boost|p1a: Broken 2|spd|1\n|move|p2a: Chansey|Seismic Toss|p1a: Broken 2\n|-damage|p1a: Broken 2|73\/100\n|\n|upkeep\n|turn|17\n|\n|move|p1a: Broken 2|Calm Mind|p1a: Broken 2\n|-boost|p1a: Broken 2|spa|1\n|-boost|p1a: Broken 2|spd|1\n|move|p2a: Chansey|Seismic Toss|p1a: Broken 2\n|-damage|p1a: Broken 2|45\/100\n|\n|upkeep\n|turn|18\n|\n|move|p1a: Broken 2|Pain Split|p2a: Chansey\n|-sethp|p2a: Chansey|58\/100|p1a: Broken 2|100\/100|[from] move: Pain Split\n|move|p2a: Chansey|Seismic Toss|p1a: Broken 2\n|-damage|p1a: Broken 2|73\/100\n|\n|upkeep\n|turn|19\n|\n|move|p1a: Broken 2|Calm Mind|p1a: Broken 2\n|-boost|p1a: Broken 2|spa|1\n|-boost|p1a: Broken 2|spd|1\n|move|p2a: Chansey|Seismic Toss|p1a: Broken 2\n|-damage|p1a: Broken 2|45\/100\n|\n|upkeep\n|turn|20\n|-message|xueyuxiayu forfeited.\n|\n|win|why addicted\n|l|\u2606xueyuxiayu\n|l| 99664433kek\n||Ladder (probably) updated, but score could not be retrieved (Response not received).\n","uploadtime":1555954969,"views":114,"p1id":"whyaddicted","p2id":"xueyuxiayu","formatid":"gen7ou","rating":0,"private":0,"password":null}