{"id":"gen7ou-952186404","p1":"Lord cube","p2":"mirandy","format":"gen7ou","log":"|j|\u2606Lord cube\n|j|\u2606mirandy\n|player|p1|Lord cube|266|1292\n|player|p2|mirandy|9|1257\n|teamsize|p1|6\n|teamsize|p2|6\n|gametype|singles\n|gen|7\n|tier|[Gen 7] OU\n|rated|\n|rule|Sleep Clause Mod: Limit one foe put to sleep\n|rule|Species Clause: Limit one of each Pok\u00e9mon\n|rule|OHKO Clause: OHKO moves are banned\n|rule|Moody Clause: Moody is banned\n|rule|Evasion Moves Clause: Evasion moves are banned\n|rule|Endless Battle Clause: Forcing endless battles is banned\n|rule|HP Percentage Mod: HP is shown in percentages\n|clearpoke\n|poke|p1|Gliscor, M|item\n|poke|p1|Azumarill, M|item\n|poke|p1|Scizor, F|item\n|poke|p1|Togekiss, M|item\n|poke|p1|Ditto|item\n|poke|p1|Manectric, M|item\n|poke|p2|Stakataka|item\n|poke|p2|Bronzong|item\n|poke|p2|Magearna|item\n|poke|p2|Cresselia, F|item\n|poke|p2|Azumarill, F|item\n|poke|p2|Mawile, M|item\n|teampreview\n|\n|start\n|switch|p1a: Gliscor|Gliscor, M|100\/100\n|switch|p2a: Bronzong|Bronzong|100\/100\n|turn|1\n|\n|move|p1a: Gliscor|Stealth Rock|p2a: Bronzong\n|-sidestart|p2: mirandy|move: Stealth Rock\n|move|p2a: Bronzong|Trick Room|p2a: Bronzong\n|-fieldstart|move: Trick Room|[of] p2a: Bronzong\n|\n|-status|p1a: Gliscor|tox|[from] item: Toxic Orb\n|upkeep\n|turn|2\n|\n|switch|p1a: Ditto|Ditto|100\/100\n|-transform|p1a: Ditto|p2a: Bronzong|[from] ability: Imposter\n|move|p2a: Bronzong|Stealth Rock|p1a: Ditto\n|-sidestart|p1: Lord cube|move: Stealth Rock\n|\n|upkeep\n|turn|3\n|inactive|Battle timer is ON: inactive players will automatically lose when time's up. (requested by mirandy)\n|inactive|Lord cube has 120 seconds left.\n|\n|switch|p1a: Scizor|Scizor, F|100\/100\n|-damage|p1a: Scizor|88\/100|[from] Stealth Rock\n|move|p2a: Bronzong|Earthquake|p1a: Scizor\n|-damage|p1a: Scizor|62\/100\n|\n|upkeep\n|turn|4\n|\n|move|p2a: Bronzong|Earthquake|p1a: Scizor\n|-damage|p1a: Scizor|37\/100\n|move|p1a: Scizor|Swords Dance|p1a: Scizor\n|-boost|p1a: Scizor|atk|2\n|\n|upkeep\n|turn|5\n|\n|move|p2a: Bronzong|Explosion|p1a: Scizor\n|-resisted|p1a: Scizor\n|-damage|p1a: Scizor|4\/100\n|faint|p2a: Bronzong\n|move|p1a: Scizor|Defog|p2: Bronzong|[notarget]\n|-fail|p1a: Scizor\n|\n|-fieldend|move: Trick Room\n|upkeep\n|\n|switch|p2a: Stakataka|Stakataka|100\/100\n|-damage|p2a: Stakataka|94\/100|[from] Stealth Rock\n|turn|6\n|\n|move|p1a: Scizor|Defog|p2a: Stakataka\n|-unboost|p2a: Stakataka|evasion|1\n|-sideend|p2: mirandy|Stealth Rock|[from] move: Defog|[of] p1a: Scizor\n|-sideend|p1: Lord cube|Stealth Rock|[from] move: Defog|[of] p1a: Scizor\n|move|p2a: Stakataka|Gyro Ball|p1a: Scizor\n|-resisted|p1a: Scizor\n|-damage|p1a: Scizor|0 fnt\n|faint|p1a: Scizor\n|-ability|p2a: Stakataka|Beast Boost|boost\n|-boost|p2a: Stakataka|atk|1\n|\n|upkeep\n|\n|switch|p1a: Gliscor|Gliscor, M|100\/100 tox\n|turn|7\n|\n|move|p1a: Gliscor|Swords Dance|p1a: Gliscor\n|-boost|p1a: Gliscor|atk|2\n|move|p2a: Stakataka|Gyro Ball|p1a: Gliscor\n|-damage|p1a: Gliscor|0 fnt\n|faint|p1a: Gliscor\n|-ability|p2a: Stakataka|Beast Boost|boost\n|-boost|p2a: Stakataka|atk|1\n|\n|upkeep\n|\n|switch|p1a: Ditto|Ditto|100\/100\n|-transform|p1a: Ditto|p2a: Stakataka|[from] ability: Imposter\n|turn|8\n|\n|move|p1a: Ditto|Gyro Ball|p2a: Stakataka\n|-damage|p2a: Stakataka|83\/100\n|move|p2a: Stakataka|Gyro Ball|p1a: Ditto\n|-damage|p1a: Ditto|59\/100\n|\n|upkeep\n|turn|9\n|\n|switch|p1a: Azumarill|Azumarill, M|100\/100\n|move|p2a: Stakataka|Gyro Ball|p1a: Azumarill\n|-damage|p1a: Azumarill|0 fnt\n|faint|p1a: Azumarill\n|-ability|p2a: Stakataka|Beast Boost|boost\n|-boost|p2a: Stakataka|atk|1\n|\n|upkeep\n|\n|switch|p1a: Ditto|Ditto|59\/100\n|-transform|p1a: Ditto|p2a: Stakataka|[from] ability: Imposter\n|turn|10\n|\n|move|p1a: Ditto|Superpower|p2a: Stakataka\n|-supereffective|p2a: Stakataka\n|-damage|p2a: Stakataka|0 fnt\n|-unboost|p1a: Ditto|atk|1\n|-unboost|p1a: Ditto|def|1\n|faint|p2a: Stakataka\n|-ability|p1a: Ditto|Beast Boost|boost\n|-boost|p1a: Ditto|atk|1\n|\n|upkeep\n|\n|switch|p2a: Azumarill|Azumarill, F|100\/100\n|turn|11\n|\n|switch|p1a: Manectric|Manectric, M|100\/100\n|move|p2a: Azumarill|Liquidation|p1a: Manectric\n|-damage|p1a: Manectric|0 fnt\n|faint|p1a: Manectric\n|\n|upkeep\n|\n|switch|p1a: Togekiss|Togekiss, M|100\/100\n|turn|12\n|\n|move|p1a: Togekiss|Thunder Wave|p2a: Azumarill\n|-status|p2a: Azumarill|par\n|move|p2a: Azumarill|Liquidation|p1a: Togekiss\n|-damage|p1a: Togekiss|22\/100\n|-damage|p2a: Azumarill|84\/100 par|[from] item: Rocky Helmet|[of] p1a: Togekiss\n|\n|upkeep\n|turn|13\n|\n|move|p1a: Togekiss|Roost|p1a: Togekiss\n|-heal|p1a: Togekiss|72\/100\n|-singleturn|p1a: Togekiss|move: Roost\n|move|p2a: Azumarill|Liquidation|p1a: Togekiss\n|-damage|p1a: Togekiss|0 fnt\n|-damage|p2a: Azumarill|67\/100 par|[from] item: Rocky Helmet|[of] p1a: Togekiss\n|faint|p1a: Togekiss\n|\n|upkeep\n|\n|switch|p1a: Ditto|Ditto|59\/100\n|-transform|p1a: Ditto|p2a: Azumarill|[from] ability: Imposter\n|turn|14\n|\n|move|p1a: Ditto|Play Rough|p2a: Azumarill|[miss]\n|-miss|p1a: Ditto|p2a: Azumarill\n|cant|p2a: Azumarill|par\n|\n|upkeep\n|turn|15\n|-message|Lord cube forfeited.\n|\n|win|mirandy\n|l|\u2606Lord cube\n|raw|Lord cube's rating: 1292 &rarr; <strong>1265<\/strong><br \/>(-27 for losing)\n|raw|mirandy's rating: 1257 &rarr; <strong>1285<\/strong><br \/>(+28 for winning)\n|l|\u2606mirandy\n|j|\u2606Lord cube\n|player|p1|Lord cube|266\n","uploadtime":1564372866,"views":11,"p1id":"lordcube","p2id":"mirandy","formatid":"gen7ou","rating":1265,"private":0,"password":null}