{"id":"gen7ou-875635434","p1":"Crunchy Cowboys","p2":"shardul888","format":"gen7ou","log":"|j|\u2606Crunchy Cowboys\n|j|\u2606shardul888\n|player|p1|Crunchy Cowboys|2\n|player|p2|shardul888|40\n|teamsize|p1|6\n|teamsize|p2|6\n|gametype|singles\n|gen|7\n|tier|[Gen 7] OU\n|rated|\n|rule|Sleep Clause Mod: Limit one foe put to sleep\n|rule|Species Clause: Limit one of each Pok\u00e9mon\n|rule|OHKO Clause: OHKO moves are banned\n|rule|Moody Clause: Moody is banned\n|rule|Evasion Moves Clause: Evasion moves are banned\n|rule|Endless Battle Clause: Forcing endless battles is banned\n|rule|HP Percentage Mod: HP is shown in percentages\n|clearpoke\n|poke|p1|Moltres|item\n|poke|p1|Clefable, F|item\n|poke|p1|Toxapex, M|item\n|poke|p1|Tangrowth, F|item\n|poke|p1|Chansey, F|item\n|poke|p1|Sableye, F|item\n|poke|p2|Venusaur, M|item\n|poke|p2|Tapu Lele|item\n|poke|p2|Eelektross, F|item\n|poke|p2|Umbreon, M|item\n|poke|p2|Conkeldurr, F|item\n|poke|p2|Gliscor, M|item\n|teampreview\n|\n|start\n|switch|p1a: Sableye|Sableye, F|100\/100\n|switch|p2a: Eelektross|Eelektross, F|100\/100\n|turn|1\n|\n|detailschange|p1a: Sableye|Sableye-Mega, F\n|-mega|p1a: Sableye|Sableye|Sablenite\n|move|p2a: Eelektross|Thunderbolt|p1a: Sableye\n|-damage|p1a: Sableye|69\/100\n|-status|p1a: Sableye|par\n|cant|p1a: Sableye|par\n|\n|upkeep\n|turn|2\n|\n|switch|p2a: Umbreon|Umbreon, M|100\/100\n|switch|p1a: Clefable|Clefable, F|100\/100\n|\n|upkeep\n|turn|3\n|\n|switch|p2a: Venusaur|Venusaur, M|100\/100\n|move|p1a: Clefable|Heal Bell|p1a: Clefable\n|-activate|p1a: Clefable|move: Heal Bell\n|-curestatus|p1: Sableye|par|[msg]\n|\n|upkeep\n|turn|4\n|\n|switch|p1a: Chansey|Chansey, F|100\/100\n|detailschange|p2a: Venusaur|Venusaur-Mega, M\n|-mega|p2a: Venusaur|Venusaur|Venusaurite\n|move|p2a: Venusaur|Leech Seed|p1a: Chansey\n|-start|p1a: Chansey|move: Leech Seed\n|\n|-damage|p1a: Chansey|88\/100|[from] Leech Seed|[of] p2a: Venusaur\n|upkeep\n|turn|5\n|\n|move|p2a: Venusaur|Sludge Bomb|p1a: Chansey\n|-damage|p1a: Chansey|77\/100\n|-status|p1a: Chansey|psn\n|move|p1a: Chansey|Stealth Rock|p2a: Venusaur\n|-sidestart|p2: shardul888|move: Stealth Rock\n|\n|-damage|p1a: Chansey|65\/100 psn|[from] Leech Seed|[of] p2a: Venusaur\n|-damage|p1a: Chansey|53\/100 psn|[from] psn\n|upkeep\n|turn|6\n|\n|switch|p2a: Gliscor|Gliscor, M|100\/100\n|-damage|p2a: Gliscor|88\/100|[from] Stealth Rock\n|switch|p1a: Toxapex|Toxapex, M|100\/100\n|\n|-status|p2a: Gliscor|tox|[from] item: Toxic Orb\n|upkeep\n|turn|7\n|\n|switch|p1a: Sableye|Sableye-Mega, F|69\/100\n|move|p2a: Gliscor|Defog|p1a: Sableye\n|move|p1a: Sableye|Defog|p2a: Gliscor|[from]Magic Bounce\n|-unboost|p2a: Gliscor|evasion|1\n|-sideend|p2: shardul888|Stealth Rock|[from] move: Defog|[of] p1a: Sableye\n|\n|-heal|p2a: Gliscor|100\/100 tox|[from] ability: Poison Heal\n|upkeep\n|turn|8\n|\n|move|p2a: Gliscor|Knock Off|p1a: Sableye\n|-damage|p1a: Sableye|55\/100\n|move|p1a: Sableye|Recover|p1a: Sableye\n|-heal|p1a: Sableye|100\/100\n|\n|upkeep\n|turn|9\n|\n|move|p1a: Sableye|Protect|p1a: Sableye\n|-singleturn|p1a: Sableye|Protect\n|move|p2a: Gliscor|Earthquake|p1a: Sableye\n|-activate|p1a: Sableye|move: Protect\n|\n|upkeep\n|turn|10\n|\n|switch|p1a: Tangrowth|Tangrowth, F|100\/100\n|move|p2a: Gliscor|Earthquake|p1a: Tangrowth\n|-resisted|p1a: Tangrowth\n|-damage|p1a: Tangrowth|89\/100\n|\n|upkeep\n|turn|11\n|\n|move|p2a: Gliscor|Knock Off|p1a: Tangrowth\n|-crit|p1a: Tangrowth\n|-damage|p1a: Tangrowth|64\/100\n|-enditem|p1a: Tangrowth|Assault Vest|[from] move: Knock Off|[of] p2a: Gliscor\n|move|p1a: Tangrowth|Hidden Power|p2a: Gliscor\n|-supereffective|p2a: Gliscor\n|-damage|p2a: Gliscor|45\/100 tox\n|\n|-heal|p2a: Gliscor|57\/100 tox|[from] ability: Poison Heal\n|upkeep\n|turn|12\n|\n|move|p2a: Gliscor|Protect|p2a: Gliscor\n|-singleturn|p2a: Gliscor|Protect\n|move|p1a: Tangrowth|Hidden Power|p2a: Gliscor\n|-activate|p2a: Gliscor|move: Protect\n|\n|-heal|p2a: Gliscor|69\/100 tox|[from] ability: Poison Heal\n|upkeep\n|turn|13\n|\n|switch|p2a: Venusaur|Venusaur-Mega, M|100\/100\n|move|p1a: Tangrowth|Hidden Power|p2a: Venusaur\n|-supereffective|p2a: Venusaur\n|-damage|p2a: Venusaur|91\/100\n|\n|upkeep\n|turn|14\n|\n|switch|p1a: Toxapex|Toxapex, M|100\/100\n|move|p2a: Venusaur|Giga Drain|p1a: Toxapex\n|-damage|p1a: Toxapex|73\/100\n|-heal|p2a: Venusaur|100\/100|[from] drain|[of] p1a: Toxapex\n|\n|-heal|p1a: Toxapex|79\/100|[from] item: Black Sludge\n|upkeep\n|turn|15\n|\n|move|p2a: Venusaur|Leech Seed|p1a: Toxapex\n|-start|p1a: Toxapex|move: Leech Seed\n|move|p1a: Toxapex|Toxic Spikes|p2a: Venusaur\n|-sidestart|p2: shardul888|move: Toxic Spikes\n|\n|-heal|p1a: Toxapex|85\/100|[from] item: Black Sludge\n|-damage|p1a: Toxapex|73\/100|[from] Leech Seed|[of] p2a: Venusaur\n|upkeep\n|turn|16\n|\n|switch|p1a: Tangrowth|Tangrowth, F|97\/100\n|move|p2a: Venusaur|Giga Drain|p1a: Tangrowth\n|-resisted|p1a: Tangrowth\n|-damage|p1a: Tangrowth|82\/100\n|\n|upkeep\n|turn|17\n|\n|switch|p1a: Chansey|Chansey, F|53\/100\n|move|p2a: Venusaur|Sludge Bomb|p1a: Chansey\n|-damage|p1a: Chansey|41\/100\n|\n|upkeep\n|turn|18\n|\n|move|p2a: Venusaur|Giga Drain|p1a: Chansey\n|-damage|p1a: Chansey|31\/100\n|move|p1a: Chansey|Soft-Boiled|p1a: Chansey\n|-heal|p1a: Chansey|81\/100\n|\n|upkeep\n|turn|19\n|\n|switch|p2a: Gliscor|Gliscor, M|69\/100 tox\n|switch|p1a: Toxapex|Toxapex, M|100\/100\n|\n|-heal|p2a: Gliscor|82\/100 tox|[from] ability: Poison Heal\n|upkeep\n|turn|20\n|\n|move|p2a: Gliscor|Defog|p1a: Toxapex\n|-unboost|p1a: Toxapex|evasion|1\n|-sideend|p2: shardul888|Toxic Spikes|[from] move: Defog|[of] p2a: Gliscor\n|move|p1a: Toxapex|Scald|p2a: Gliscor\n|-supereffective|p2a: Gliscor\n|-damage|p2a: Gliscor|47\/100 tox\n|\n|-heal|p2a: Gliscor|59\/100 tox|[from] ability: Poison Heal\n|upkeep\n|turn|21\n|\n|move|p2a: Gliscor|Protect|p2a: Gliscor\n|-singleturn|p2a: Gliscor|Protect\n|move|p1a: Toxapex|Toxic Spikes|p2a: Gliscor\n|-sidestart|p2: shardul888|move: Toxic Spikes\n|\n|-heal|p2a: Gliscor|72\/100 tox|[from] ability: Poison Heal\n|upkeep\n|turn|22\n|\n|switch|p1a: Tangrowth|Tangrowth, F|100\/100\n|move|p2a: Gliscor|Defog|p1a: Tangrowth\n|-unboost|p1a: Tangrowth|evasion|1\n|-sideend|p2: shardul888|Toxic Spikes|[from] move: Defog|[of] p2a: Gliscor\n|\n|-heal|p2a: Gliscor|84\/100 tox|[from] ability: Poison Heal\n|upkeep\n|turn|23\n|\n|move|p2a: Gliscor|Earthquake|p1a: Tangrowth\n|-resisted|p1a: Tangrowth\n|-damage|p1a: Tangrowth|89\/100\n|move|p1a: Tangrowth|Earthquake|p2a: Gliscor\n|-immune|p2a: Gliscor\n|\n|-heal|p2a: Gliscor|97\/100 tox|[from] ability: Poison Heal\n|upkeep\n|turn|24\n|\n|switch|p2a: Eelektross|Eelektross, F|100\/100\n|move|p1a: Tangrowth|Hidden Power|p2a: Eelektross\n|-damage|p2a: Eelektross|90\/100\n|\n|upkeep\n|turn|25\n|\n|switch|p1a: Sableye|Sableye-Mega, F|100\/100\n|move|p2a: Eelektross|Flamethrower|p1a: Sableye\n|-damage|p1a: Sableye|79\/100\n|\n|upkeep\n|turn|26\n|inactive|Battle timer is ON: inactive players will automatically lose when time's up. (requested by shardul888)\n|\n|switch|p2a: Umbreon|Umbreon, M|100\/100\n|move|p1a: Sableye|Will-O-Wisp|p2a: Umbreon\n|-status|p2a: Umbreon|brn\n|-activate|p2a: Umbreon|ability: Synchronize\n|-status|p1a: Sableye|brn\n|\n|-damage|p2a: Umbreon|94\/100 brn|[from] brn\n|-damage|p1a: Sableye|73\/100 brn|[from] brn\n|upkeep\n|turn|27\n|\n|move|p2a: Umbreon|Heal Bell|p2a: Umbreon\n|-activate|p2a: Umbreon|move: Heal Bell\n|-curestatus|p2a: Umbreon|brn|[msg]\n|-curestatus|p2: Gliscor|tox|[msg]\n|move|p1a: Sableye|Recover|p1a: Sableye\n|-heal|p1a: Sableye|100\/100 brn\n|\n|-heal|p2a: Umbreon|100\/100|[from] item: Leftovers\n|-damage|p1a: Sableye|95\/100 brn|[from] brn\n|upkeep\n|turn|28\n|\n|move|p2a: Umbreon|Foul Play|p1a: Sableye\n|-crit|p1a: Sableye\n|-damage|p1a: Sableye|55\/100 brn\n|move|p1a: Sableye|Knock Off|p2a: Umbreon\n|-resisted|p2a: Umbreon\n|-damage|p2a: Umbreon|95\/100\n|-enditem|p2a: Umbreon|Leftovers|[from] move: Knock Off|[of] p1a: Sableye\n|\n|-damage|p1a: Sableye|49\/100 brn|[from] brn\n|upkeep\n|turn|29\n|\n|move|p2a: Umbreon|Foul Play|p1a: Sableye\n|-damage|p1a: Sableye|24\/100 brn\n|move|p1a: Sableye|Recover|p1a: Sableye\n|-heal|p1a: Sableye|74\/100 brn\n|\n|-damage|p1a: Sableye|68\/100 brn|[from] brn\n|upkeep\n|turn|30\n|\n|switch|p1a: Clefable|Clefable, F|100\/100\n|move|p2a: Umbreon|Foul Play|p1a: Clefable\n|-resisted|p1a: Clefable\n|-damage|p1a: Clefable|94\/100\n|\n|-heal|p1a: Clefable|99\/100|[from] item: Leftovers\n|upkeep\n|turn|31\n|\n|move|p2a: Umbreon|Toxic|p1a: Clefable\n|-status|p1a: Clefable|tox\n|move|p1a: Clefable|Wish|p1a: Clefable\n|\n|-heal|p1a: Clefable|100\/100 tox|[from] item: Leftovers\n|-damage|p1a: Clefable|94\/100 tox|[from] psn\n|upkeep\n|turn|32\n|\n|move|p2a: Umbreon|Foul Play|p1a: Clefable\n|-resisted|p1a: Clefable\n|-damage|p1a: Clefable|88\/100 tox\n|move|p1a: Clefable|Heal Bell|p1a: Clefable\n|-activate|p1a: Clefable|move: Heal Bell\n|-curestatus|p1a: Clefable|tox|[msg]\n|-curestatus|p1: Sableye|brn|[msg]\n|\n|-heal|p1a: Clefable|100\/100|[from] move: Wish|[wisher] Clefable\n|upkeep\n|turn|33\n|\n|move|p2a: Umbreon|Wish|p2a: Umbreon\n|move|p1a: Clefable|Moonblast|p2a: Umbreon\n|-supereffective|p2a: Umbreon\n|-damage|p2a: Umbreon|60\/100\n|\n|upkeep\n|turn|34\n|\n|move|p2a: Umbreon|Toxic|p1a: Clefable\n|-status|p1a: Clefable|tox\n|move|p1a: Clefable|Moonblast|p2a: Umbreon\n|-supereffective|p2a: Umbreon\n|-damage|p2a: Umbreon|24\/100\n|\n|-heal|p2a: Umbreon|73\/100|[from] move: Wish|[wisher] Umbreon\n|-damage|p1a: Clefable|94\/100 tox|[from] psn\n|upkeep\n|turn|35\n|\n|switch|p2a: Gliscor|Gliscor, M|97\/100\n|move|p1a: Clefable|Heal Bell|p1a: Clefable\n|-activate|p1a: Clefable|move: Heal Bell\n|-curestatus|p1a: Clefable|tox|[msg]\n|\n|-heal|p1a: Clefable|100\/100|[from] item: Leftovers\n|-status|p2a: Gliscor|tox|[from] item: Toxic Orb\n|upkeep\n|turn|36\n|\n|switch|p1a: Tangrowth|Tangrowth, F|100\/100\n|move|p2a: Gliscor|Knock Off|p1a: Tangrowth\n|-damage|p1a: Tangrowth|89\/100\n|\n|-heal|p2a: Gliscor|100\/100 tox|[from] ability: Poison Heal\n|upkeep\n|turn|37\n|\n|switch|p2a: Venusaur|Venusaur-Mega, M|100\/100\n|move|p1a: Tangrowth|Knock Off|p2a: Venusaur\n|-damage|p2a: Venusaur|89\/100\n|\n|upkeep\n|turn|38\n|\n|switch|p1a: Toxapex|Toxapex, M|100\/100\n|move|p2a: Venusaur|Sludge Bomb|p1a: Toxapex\n|-resisted|p1a: Toxapex\n|-damage|p1a: Toxapex|84\/100\n|\n|-heal|p1a: Toxapex|90\/100|[from] item: Black Sludge\n|upkeep\n|turn|39\n|\n|move|p2a: Venusaur|Leech Seed|p1a: Toxapex\n|-start|p1a: Toxapex|move: Leech Seed\n|move|p1a: Toxapex|Toxic Spikes|p2a: Venusaur\n|-sidestart|p2: shardul888|move: Toxic Spikes\n|\n|-heal|p1a: Toxapex|96\/100|[from] item: Black Sludge\n|-damage|p1a: Toxapex|84\/100|[from] Leech Seed|[of] p2a: Venusaur\n|-heal|p2a: Venusaur|99\/100|[silent]\n|upkeep\n|turn|40\n|\n|switch|p1a: Chansey|Chansey, F|81\/100\n|move|p2a: Venusaur|Giga Drain|p1a: Chansey\n|-damage|p1a: Chansey|71\/100\n|-heal|p2a: Venusaur|100\/100|[from] drain|[of] p1a: Chansey\n|\n|upkeep\n|turn|41\n|\n|move|p2a: Venusaur|Leech Seed|p1a: Chansey\n|-start|p1a: Chansey|move: Leech Seed\n|move|p1a: Chansey|Stealth Rock|p2a: Venusaur\n|-sidestart|p2: shardul888|move: Stealth Rock\n|\n|-damage|p1a: Chansey|59\/100|[from] Leech Seed|[of] p2a: Venusaur\n|upkeep\n|turn|42\n|\n|switch|p1a: Sableye|Sableye-Mega, F|68\/100\n|move|p2a: Venusaur|Sludge Bomb|p1a: Sableye\n|-resisted|p1a: Sableye\n|-damage|p1a: Sableye|54\/100\n|\n|upkeep\n|turn|43\n|\n|move|p2a: Venusaur|Sludge Bomb|p1a: Sableye\n|-resisted|p1a: Sableye\n|-damage|p1a: Sableye|40\/100\n|move|p1a: Sableye|Recover|p1a: Sableye\n|-heal|p1a: Sableye|91\/100\n|\n|upkeep\n|turn|44\n|\n|switch|p1a: Chansey|Chansey, F|59\/100\n|move|p2a: Venusaur|Sludge Bomb|p1a: Chansey\n|-damage|p1a: Chansey|46\/100\n|\n|upkeep\n|turn|45\n|\n|move|p2a: Venusaur|Leech Seed|p1a: Chansey\n|-start|p1a: Chansey|move: Leech Seed\n|move|p1a: Chansey|Soft-Boiled|p1a: Chansey\n|-heal|p1a: Chansey|97\/100\n|\n|-damage|p1a: Chansey|84\/100|[from] Leech Seed|[of] p2a: Venusaur\n|upkeep\n|turn|46\n|\n|switch|p1a: Sableye|Sableye-Mega, F|91\/100\n|move|p2a: Venusaur|Giga Drain|p1a: Sableye\n|-damage|p1a: Sableye|67\/100\n|\n|upkeep\n|turn|47\n|\n|move|p1a: Sableye|Protect|p1a: Sableye\n|-singleturn|p1a: Sableye|Protect\n|move|p2a: Venusaur|Giga Drain|p1a: Sableye\n|-activate|p1a: Sableye|move: Protect\n|\n|upkeep\n|turn|48\n|\n|switch|p2a: Gliscor|Gliscor, M|100\/100 tox\n|-damage|p2a: Gliscor|88\/100 tox|[from] Stealth Rock\n|switch|p1a: Moltres|Moltres|100\/100\n|\n|-heal|p2a: Gliscor|100\/100 tox|[from] ability: Poison Heal\n|upkeep\n|turn|49\n|\n|move|p1a: Moltres|Flamethrower|p2a: Gliscor\n|-damage|p2a: Gliscor|63\/100 tox\n|move|p2a: Gliscor|Defog|p1a: Moltres\n|-unboost|p1a: Moltres|evasion|1\n|-sideend|p2: shardul888|Toxic Spikes|[from] move: Defog|[of] p2a: Gliscor\n|-sideend|p2: shardul888|Stealth Rock|[from] move: Defog|[of] p2a: Gliscor\n|\n|-heal|p2a: Gliscor|76\/100 tox|[from] ability: Poison Heal\n|upkeep\n|turn|50\n|\n|switch|p1a: Tangrowth|Tangrowth, F|100\/100\n|move|p2a: Gliscor|Protect||[still]\n|-fail|p2a: Gliscor\n|\n|-heal|p2a: Gliscor|88\/100 tox|[from] ability: Poison Heal\n|upkeep\n|turn|51\n|\n|switch|p2a: Tapu Lele|Tapu Lele|100\/100\n|-fieldstart|move: Psychic Terrain|[from] ability: Psychic Surge|[of] p2a: Tapu Lele\n|move|p1a: Tangrowth|Knock Off|p2a: Tapu Lele\n|-damage|p2a: Tapu Lele|67\/100\n|-enditem|p2a: Tapu Lele|Expert Belt|[from] move: Knock Off|[of] p1a: Tangrowth\n|\n|upkeep\n|turn|52\n|\n|move|p2a: Tapu Lele|Calm Mind|p2a: Tapu Lele\n|-boost|p2a: Tapu Lele|spa|1\n|-boost|p2a: Tapu Lele|spd|1\n|move|p1a: Tangrowth|Giga Drain|p2a: Tapu Lele\n|-damage|p2a: Tapu Lele|47\/100\n|\n|upkeep\n|turn|53\n|\n|move|p2a: Tapu Lele|Psychic|p1a: Tangrowth\n|-damage|p1a: Tangrowth|10\/100\n|move|p1a: Tangrowth|Earthquake|p2a: Tapu Lele\n|-damage|p2a: Tapu Lele|15\/100\n|\n|upkeep\n|turn|54\n|\n|switch|p1a: Chansey|Chansey, F|84\/100\n|move|p2a: Tapu Lele|Psychic|p1a: Chansey\n|-damage|p1a: Chansey|51\/100\n|\n|upkeep\n|turn|55\n|\n|move|p2a: Tapu Lele|Psychic|p1a: Chansey\n|-damage|p1a: Chansey|17\/100\n|move|p1a: Chansey|Soft-Boiled|p1a: Chansey\n|-heal|p1a: Chansey|67\/100\n|\n|-fieldend|move: Psychic Terrain\n|upkeep\n|turn|56\n|\n|switch|p2a: Umbreon|Umbreon, M|73\/100\n|move|p1a: Chansey|Seismic Toss|p2a: Umbreon\n|-damage|p2a: Umbreon|47\/100\n|\n|upkeep\n|turn|57\n|\n|move|p2a: Umbreon|Wish|p2a: Umbreon\n|move|p1a: Chansey|Stealth Rock|p2a: Umbreon\n|-sidestart|p2: shardul888|move: Stealth Rock\n|\n|upkeep\n|turn|58\n|\n|move|p2a: Umbreon|Toxic|p1a: Chansey\n|-status|p1a: Chansey|tox\n|move|p1a: Chansey|Toxic|p2a: Umbreon\n|-status|p2a: Umbreon|tox\n|-activate|p2a: Umbreon|ability: Synchronize\n|-fail|p1a: Chansey|tox\n|\n|-heal|p2a: Umbreon|97\/100 tox|[from] move: Wish|[wisher] Umbreon\n|-damage|p2a: Umbreon|91\/100 tox|[from] psn\n|-damage|p1a: Chansey|61\/100 tox|[from] psn\n|upkeep\n|turn|59\n|\n|move|p2a: Umbreon|Heal Bell|p2a: Umbreon\n|-activate|p2a: Umbreon|move: Heal Bell\n|-curestatus|p2a: Umbreon|tox|[msg]\n|-curestatus|p2: Gliscor|tox|[msg]\n|move|p1a: Chansey|Soft-Boiled|p1a: Chansey\n|-heal|p1a: Chansey|100\/100 tox\n|\n|-damage|p1a: Chansey|88\/100 tox|[from] psn\n|upkeep\n|turn|60\n|\n|-curestatus|p1a: Chansey|tox|[from] ability: Natural Cure\n|switch|p1a: Tangrowth|Tangrowth, F|43\/100\n|move|p2a: Umbreon|Wish|p2a: Umbreon\n|\n|upkeep\n|turn|61\n|\n|switch|p1a: Chansey|Chansey, F|88\/100\n|move|p2a: Umbreon|Toxic|p1a: Chansey\n|-status|p1a: Chansey|tox\n|\n|-heal|p2a: Umbreon|100\/100|[from] move: Wish|[wisher] Umbreon\n|-damage|p1a: Chansey|82\/100 tox|[from] psn\n|upkeep\n|turn|62\n|\n|move|p2a: Umbreon|Wish|p2a: Umbreon\n|move|p1a: Chansey|Toxic|p2a: Umbreon\n|-status|p2a: Umbreon|tox\n|-activate|p2a: Umbreon|ability: Synchronize\n|-fail|p1a: Chansey|tox\n|\n|-damage|p2a: Umbreon|94\/100 tox|[from] psn\n|-damage|p1a: Chansey|70\/100 tox|[from] psn\n|upkeep\n|turn|63\n|\n|-curestatus|p1a: Chansey|tox|[from] ability: Natural Cure\n|switch|p1a: Tangrowth|Tangrowth, F|76\/100\n|move|p2a: Umbreon|Heal Bell|p2a: Umbreon\n|-activate|p2a: Umbreon|move: Heal Bell\n|-curestatus|p2a: Umbreon|tox|[msg]\n|\n|-heal|p2a: Umbreon|100\/100|[from] move: Wish|[wisher] Umbreon\n|upkeep\n|turn|64\n|\n|switch|p1a: Chansey|Chansey, F|70\/100\n|move|p2a: Umbreon|Toxic|p1a: Chansey\n|-status|p1a: Chansey|tox\n|\n|-damage|p1a: Chansey|64\/100 tox|[from] psn\n|upkeep\n|turn|65\n|\n|move|p2a: Umbreon|Wish|p2a: Umbreon\n|move|p1a: Chansey|Soft-Boiled|p1a: Chansey\n|-heal|p1a: Chansey|100\/100 tox\n|\n|-damage|p1a: Chansey|88\/100 tox|[from] psn\n|upkeep\n|turn|66\n|\n|switch|p2a: Tapu Lele|Tapu Lele|15\/100\n|-damage|p2a: Tapu Lele|2\/100|[from] Stealth Rock\n|-fieldstart|move: Psychic Terrain|[from] ability: Psychic Surge|[of] p2a: Tapu Lele\n|move|p1a: Chansey|Seismic Toss|p2a: Tapu Lele\n|-damage|p2a: Tapu Lele|0 fnt\n|faint|p2a: Tapu Lele\n|\n|-damage|p1a: Chansey|70\/100 tox|[from] psn\n|upkeep\n|\n|switch|p2a: Gliscor|Gliscor, M|88\/100\n|-damage|p2a: Gliscor|76\/100|[from] Stealth Rock\n|turn|67\n|\n|-curestatus|p1a: Chansey|tox|[from] ability: Natural Cure\n|switch|p1a: Tangrowth|Tangrowth, F|100\/100\n|move|p2a: Gliscor|Defog|p1a: Tangrowth\n|-unboost|p1a: Tangrowth|evasion|1\n|-sideend|p2: shardul888|Stealth Rock|[from] move: Defog|[of] p2a: Gliscor\n|\n|-status|p2a: Gliscor|tox|[from] item: Toxic Orb\n|upkeep\n|turn|68\n|\n|move|p2a: Gliscor|Earthquake|p1a: Tangrowth\n|-resisted|p1a: Tangrowth\n|-damage|p1a: Tangrowth|88\/100\n|move|p1a: Tangrowth|Knock Off|p2a: Gliscor\n|-damage|p2a: Gliscor|59\/100 tox\n|-enditem|p2a: Gliscor|Toxic Orb|[from] move: Knock Off|[of] p1a: Tangrowth\n|\n|-heal|p2a: Gliscor|71\/100 tox|[from] ability: Poison Heal\n|upkeep\n|turn|69\n|\n|move|p2a: Gliscor|Protect|p2a: Gliscor\n|-singleturn|p2a: Gliscor|Protect\n|move|p1a: Tangrowth|Hidden Power|p2a: Gliscor\n|-activate|p2a: Gliscor|move: Protect\n|\n|-heal|p2a: Gliscor|83\/100 tox|[from] ability: Poison Heal\n|upkeep\n|turn|70\n|\n|switch|p2a: Eelektross|Eelektross, F|90\/100\n|move|p1a: Tangrowth|Knock Off|p2a: Eelektross\n|-damage|p2a: Eelektross|65\/100\n|-enditem|p2a: Eelektross|Assault Vest|[from] move: Knock Off|[of] p1a: Tangrowth\n|\n|-fieldend|move: Psychic Terrain\n|upkeep\n|turn|71\n|\n|switch|p1a: Sableye|Sableye-Mega, F|67\/100\n|move|p2a: Eelektross|Flamethrower|p1a: Sableye\n|-damage|p1a: Sableye|45\/100\n|\n|upkeep\n|turn|72\n|\n|move|p2a: Eelektross|Thunderbolt|p1a: Sableye\n|-damage|p1a: Sableye|13\/100\n|move|p1a: Sableye|Recover|p1a: Sableye\n|-heal|p1a: Sableye|63\/100\n|\n|upkeep\n|turn|73\n|\n|move|p2a: Eelektross|Thunderbolt|p1a: Sableye\n|-damage|p1a: Sableye|29\/100\n|-status|p1a: Sableye|par\n|move|p1a: Sableye|Recover|p1a: Sableye\n|-heal|p1a: Sableye|79\/100 par\n|\n|upkeep\n|turn|74\n|\n|switch|p1a: Clefable|Clefable, F|100\/100\n|move|p2a: Eelektross|Thunderbolt|p1a: Clefable\n|-damage|p1a: Clefable|56\/100\n|\n|-heal|p1a: Clefable|62\/100|[from] item: Leftovers\n|upkeep\n|turn|75\n|\n|move|p1a: Clefable|Protect|p1a: Clefable\n|-singleturn|p1a: Clefable|Protect\n|move|p2a: Eelektross|Flamethrower|p1a: Clefable\n|-activate|p1a: Clefable|move: Protect\n|\n|-heal|p1a: Clefable|68\/100|[from] item: Leftovers\n|upkeep\n|turn|76\n|\n|switch|p1a: Chansey|Chansey, F|70\/100\n|move|p2a: Eelektross|Thunderbolt|p1a: Chansey\n|-damage|p1a: Chansey|57\/100\n|\n|upkeep\n|turn|77\n|\n|move|p2a: Eelektross|Flash Cannon|p1a: Chansey\n|-damage|p1a: Chansey|49\/100\n|move|p1a: Chansey|Toxic|p2a: Eelektross\n|-status|p2a: Eelektross|tox\n|\n|-damage|p2a: Eelektross|59\/100 tox|[from] psn\n|upkeep\n|turn|78\n|\n|switch|p2a: Umbreon|Umbreon, M|100\/100\n|move|p1a: Chansey|Soft-Boiled|p1a: Chansey\n|-heal|p1a: Chansey|99\/100\n|\n|upkeep\n|turn|79\n|\n|move|p2a: Umbreon|Heal Bell|p2a: Umbreon\n|-activate|p2a: Umbreon|move: Heal Bell\n|-curestatus|p2: Gliscor|tox|[msg]\n|-curestatus|p2: Eelektross|tox|[msg]\n|move|p1a: Chansey|Toxic|p2a: Umbreon\n|-status|p2a: Umbreon|tox\n|-activate|p2a: Umbreon|ability: Synchronize\n|-status|p1a: Chansey|tox\n|\n|-damage|p2a: Umbreon|94\/100 tox|[from] psn\n|-damage|p1a: Chansey|93\/100 tox|[from] psn\n|upkeep\n|turn|80\n|\n|move|p2a: Umbreon|Heal Bell|p2a: Umbreon\n|-activate|p2a: Umbreon|move: Heal Bell\n|-curestatus|p2a: Umbreon|tox|[msg]\n|move|p1a: Chansey|Stealth Rock|p2a: Umbreon\n|-sidestart|p2: shardul888|move: Stealth Rock\n|\n|-damage|p1a: Chansey|81\/100 tox|[from] psn\n|upkeep\n|turn|81\n|\n|switch|p2a: Gliscor|Gliscor, M|83\/100\n|-damage|p2a: Gliscor|71\/100|[from] Stealth Rock\n|-curestatus|p1a: Chansey|tox|[from] ability: Natural Cure\n|switch|p1a: Toxapex|Toxapex, M|100\/100\n|\n|upkeep\n|turn|82\n|\n|move|p2a: Gliscor|Defog|p1a: Toxapex\n|-unboost|p1a: Toxapex|evasion|1\n|-sideend|p2: shardul888|Stealth Rock|[from] move: Defog|[of] p2a: Gliscor\n|move|p1a: Toxapex|Toxic Spikes|p2a: Gliscor\n|-sidestart|p2: shardul888|move: Toxic Spikes\n|\n|upkeep\n|turn|83\n|\n|move|p2a: Gliscor|Protect|p2a: Gliscor\n|-singleturn|p2a: Gliscor|Protect\n|move|p1a: Toxapex|Scald|p2a: Gliscor\n|-activate|p2a: Gliscor|move: Protect\n|\n|upkeep\n|turn|84\n|\n|move|p2a: Gliscor|Earthquake|p1a: Toxapex\n|-supereffective|p1a: Toxapex\n|-damage|p1a: Toxapex|58\/100\n|move|p1a: Toxapex|Scald|p2a: Gliscor\n|-supereffective|p2a: Gliscor\n|-damage|p2a: Gliscor|36\/100\n|\n|-heal|p1a: Toxapex|65\/100|[from] item: Black Sludge\n|upkeep\n|turn|85\n|\n|move|p2a: Gliscor|Defog|p1a: Toxapex\n|-unboost|p1a: Toxapex|evasion|1\n|-sideend|p2: shardul888|Toxic Spikes|[from] move: Defog|[of] p2a: Gliscor\n|move|p1a: Toxapex|Scald|p2a: Gliscor\n|-supereffective|p2a: Gliscor\n|-damage|p2a: Gliscor|5\/100\n|-status|p2a: Gliscor|brn\n|\n|-heal|p1a: Toxapex|71\/100|[from] item: Black Sludge\n|-damage|p2a: Gliscor|0 fnt|[from] brn\n|faint|p2a: Gliscor\n|upkeep\n|-message|shardul888 forfeited.\n|\n|win|Crunchy Cowboys\n|l|\u2606shardul888\n","uploadtime":1552503852,"views":6,"p1id":"crunchycowboys","p2id":"shardul888","formatid":"gen7ou","rating":0,"private":0,"password":null}