{"id":"gen7ou-1396356786","p1":"EEEEEvolto\u6df1\u6eba","p2":"Rovecraetove","format":"gen7ou","log":"|j|\u2606EEEEEvolto\u6df1\u6eba\n|j|\u2606Rovecraetove\n|t:|1628935454\n|gametype|singles\n|player|p1|EEEEEvolto\u6df1\u6eba|169|1509\n|player|p2|Rovecraetove|gambler|1542\n|teamsize|p1|6\n|teamsize|p2|6\n|gen|7\n|tier|[Gen 7] OU\n|rated|\n|rule|Sleep Clause Mod: Limit one foe put to sleep\n|rule|Species Clause: Limit one of each Pok\u00e9mon\n|rule|OHKO Clause: OHKO moves are banned\n|rule|Moody Clause: Moody is banned\n|rule|Evasion Moves Clause: Evasion moves are banned\n|rule|Endless Battle Clause: Forcing endless battles is banned\n|rule|HP Percentage Mod: HP is shown in percentages\n|clearpoke\n|poke|p1|Sableye, F|item\n|poke|p1|Pyukumuku, L90, F|item\n|poke|p1|Chansey, F|item\n|poke|p1|Gliscor, M|item\n|poke|p1|Tapu Bulu|item\n|poke|p1|Rotom-Wash|item\n|poke|p2|Kommo-o, F|item\n|poke|p2|Magearna|item\n|poke|p2|Charizard, F|item\n|poke|p2|Landorus-Therian, M|item\n|poke|p2|Rotom-Wash|item\n|poke|p2|Serperior, M|item\n|teampreview\n|inactive|Battle timer is ON: inactive players will automatically lose when time's up. (requested by EEEEEvolto\u6df1\u6eba)\n|\n|t:|1628935460\n|start\n|switch|p1a: \u4f60\u8fd8\u60e6\u8bb0\u4f60\u90a3\u7834JB\u5b09\u95f9\u5462|Sableye, F, shiny|100\/100\n|switch|p2a: Magearna|Magearna|100\/100\n|turn|1\n|\n|t:|1628935472\n|detailschange|p1a: \u4f60\u8fd8\u60e6\u8bb0\u4f60\u90a3\u7834JB\u5b09\u95f9\u5462|Sableye-Mega, F, shiny\n|-mega|p1a: \u4f60\u8fd8\u60e6\u8bb0\u4f60\u90a3\u7834JB\u5b09\u95f9\u5462|Sableye|Sablenite\n|move|p1a: \u4f60\u8fd8\u60e6\u8bb0\u4f60\u90a3\u7834JB\u5b09\u95f9\u5462|Protect|p1a: \u4f60\u8fd8\u60e6\u8bb0\u4f60\u90a3\u7834JB\u5b09\u95f9\u5462\n|-singleturn|p1a: \u4f60\u8fd8\u60e6\u8bb0\u4f60\u90a3\u7834JB\u5b09\u95f9\u5462|Protect\n|move|p2a: Magearna|Fleur Cannon|p1a: \u4f60\u8fd8\u60e6\u8bb0\u4f60\u90a3\u7834JB\u5b09\u95f9\u5462\n|-activate|p1a: \u4f60\u8fd8\u60e6\u8bb0\u4f60\u90a3\u7834JB\u5b09\u95f9\u5462|move: Protect\n|\n|upkeep\n|turn|2\n|\n|t:|1628935478\n|switch|p1a: \u4f60\u4e0d\u4f1a\u73a9\u6597\u9f99\u4f60\u53ef\u4ee5\u4e0d\u73a9|Chansey, F|100\/100\n|move|p2a: Magearna|Volt Switch|p1a: \u4f60\u4e0d\u4f1a\u73a9\u6597\u9f99\u4f60\u53ef\u4ee5\u4e0d\u73a9\n|-damage|p1a: \u4f60\u4e0d\u4f1a\u73a9\u6597\u9f99\u4f60\u53ef\u4ee5\u4e0d\u73a9|94\/100\n|\n|t:|1628935488\n|switch|p2a: Serperior|Serperior, M, shiny|100\/100|[from]move: Volt Switch\n|\n|upkeep\n|turn|3\n|\n|t:|1628935506\n|move|p2a: Serperior|Substitute|p2a: Serperior\n|-start|p2a: Serperior|Substitute\n|-damage|p2a: Serperior|76\/100\n|move|p1a: \u4f60\u4e0d\u4f1a\u73a9\u6597\u9f99\u4f60\u53ef\u4ee5\u4e0d\u73a9|Toxic||[still]\n|-fail|p1a: \u4f60\u4e0d\u4f1a\u73a9\u6597\u9f99\u4f60\u53ef\u4ee5\u4e0d\u73a9\n|\n|-heal|p2a: Serperior|82\/100|[from] item: Leftovers\n|upkeep\n|turn|4\n|\n|t:|1628935511\n|move|p2a: Serperior|Glare|p1a: \u4f60\u4e0d\u4f1a\u73a9\u6597\u9f99\u4f60\u53ef\u4ee5\u4e0d\u73a9\n|-status|p1a: \u4f60\u4e0d\u4f1a\u73a9\u6597\u9f99\u4f60\u53ef\u4ee5\u4e0d\u73a9|par\n|move|p1a: \u4f60\u4e0d\u4f1a\u73a9\u6597\u9f99\u4f60\u53ef\u4ee5\u4e0d\u73a9|Stealth Rock|p2a: Serperior\n|-sidestart|p2: Rovecraetove|move: Stealth Rock\n|\n|-heal|p2a: Serperior|88\/100|[from] item: Leftovers\n|upkeep\n|turn|5\n|\n|t:|1628935517\n|move|p2a: Serperior|Leaf Storm|p1a: \u4f60\u4e0d\u4f1a\u73a9\u6597\u9f99\u4f60\u53ef\u4ee5\u4e0d\u73a9\n|-damage|p1a: \u4f60\u4e0d\u4f1a\u73a9\u6597\u9f99\u4f60\u53ef\u4ee5\u4e0d\u73a9|81\/100 par\n|-boost|p2a: Serperior|spa|2\n|move|p1a: \u4f60\u4e0d\u4f1a\u73a9\u6597\u9f99\u4f60\u53ef\u4ee5\u4e0d\u73a9|Seismic Toss|p2a: Serperior\n|-end|p2a: Serperior|Substitute\n|\n|-heal|p2a: Serperior|94\/100|[from] item: Leftovers\n|upkeep\n|turn|6\n|\n|t:|1628935522\n|switch|p1a: \u4e09\u6bb5\u6293\u53d6\u4f24\u5bb3\u5168\u90e8\u5403\u6ee1|Pyukumuku, L90, F|100\/100\n|move|p2a: Serperior|Substitute|p2a: Serperior\n|-start|p2a: Serperior|Substitute\n|-damage|p2a: Serperior|70\/100\n|\n|-heal|p2a: Serperior|76\/100|[from] item: Leftovers\n|upkeep\n|turn|7\n|\n|t:|1628935527\n|move|p2a: Serperior|Leaf Storm|p1a: \u4e09\u6bb5\u6293\u53d6\u4f24\u5bb3\u5168\u90e8\u5403\u6ee1|[miss]\n|-miss|p2a: Serperior|p1a: \u4e09\u6bb5\u6293\u53d6\u4f24\u5bb3\u5168\u90e8\u5403\u6ee1\n|move|p1a: \u4e09\u6bb5\u6293\u53d6\u4f24\u5bb3\u5168\u90e8\u5403\u6ee1|Soak||[still]\n|-fail|p1a: \u4e09\u6bb5\u6293\u53d6\u4f24\u5bb3\u5168\u90e8\u5403\u6ee1\n|\n|-heal|p2a: Serperior|82\/100|[from] item: Leftovers\n|upkeep\n|turn|8\n|\n|t:|1628935535\n|move|p2a: Serperior|Glare|p1a: \u4e09\u6bb5\u6293\u53d6\u4f24\u5bb3\u5168\u90e8\u5403\u6ee1\n|-status|p1a: \u4e09\u6bb5\u6293\u53d6\u4f24\u5bb3\u5168\u90e8\u5403\u6ee1|par\n|move|p1a: \u4e09\u6bb5\u6293\u53d6\u4f24\u5bb3\u5168\u90e8\u5403\u6ee1|Toxic||[still]\n|-fail|p1a: \u4e09\u6bb5\u6293\u53d6\u4f24\u5bb3\u5168\u90e8\u5403\u6ee1\n|\n|-heal|p2a: Serperior|88\/100|[from] item: Leftovers\n|upkeep\n|turn|9\n|\n|t:|1628935540\n|move|p2a: Serperior|Leaf Storm|p1a: \u4e09\u6bb5\u6293\u53d6\u4f24\u5bb3\u5168\u90e8\u5403\u6ee1\n|-supereffective|p1a: \u4e09\u6bb5\u6293\u53d6\u4f24\u5bb3\u5168\u90e8\u5403\u6ee1\n|-damage|p1a: \u4e09\u6bb5\u6293\u53d6\u4f24\u5bb3\u5168\u90e8\u5403\u6ee1|0 fnt\n|-boost|p2a: Serperior|spa|2\n|-damage|p2a: Serperior|0 fnt|[from] ability: Innards Out|[of] p1a: \u4e09\u6bb5\u6293\u53d6\u4f24\u5bb3\u5168\u90e8\u5403\u6ee1\n|faint|p1a: \u4e09\u6bb5\u6293\u53d6\u4f24\u5bb3\u5168\u90e8\u5403\u6ee1\n|faint|p2a: Serperior\n|\n|upkeep\n|c|\u2606EEEEEvolto\u6df1\u6eba|LOL\n|\n|t:|1628935553\n|switch|p2a: Landorus|Landorus-Therian, M, shiny|100\/100\n|switch|p1a: \u4f60\u8fd8\u60e6\u8bb0\u4f60\u90a3\u7834JB\u5b09\u95f9\u5462|Sableye-Mega, F, shiny|100\/100\n|-damage|p2a: Landorus|88\/100|[from] Stealth Rock\n|-ability|p2a: Landorus|Intimidate|boost\n|-unboost|p1a: \u4f60\u8fd8\u60e6\u8bb0\u4f60\u90a3\u7834JB\u5b09\u95f9\u5462|atk|1\n|turn|10\n|\n|t:|1628935557\n|move|p2a: Landorus|Defog|p1a: \u4f60\u8fd8\u60e6\u8bb0\u4f60\u90a3\u7834JB\u5b09\u95f9\u5462\n|move|p1a: \u4f60\u8fd8\u60e6\u8bb0\u4f60\u90a3\u7834JB\u5b09\u95f9\u5462|Defog|p2a: Landorus|[from]ability: Magic Bounce\n|-unboost|p2a: Landorus|evasion|1\n|-sideend|p2: Rovecraetove|Stealth Rock|[from] move: Defog|[of] p1a: \u4f60\u8fd8\u60e6\u8bb0\u4f60\u90a3\u7834JB\u5b09\u95f9\u5462\n|move|p1a: \u4f60\u8fd8\u60e6\u8bb0\u4f60\u90a3\u7834JB\u5b09\u95f9\u5462|Will-O-Wisp|p2a: Landorus\n|-status|p2a: Landorus|brn\n|\n|-damage|p2a: Landorus|82\/100 brn|[from] brn\n|upkeep\n|turn|11\n|\n|t:|1628935565\n|switch|p2a: Charizard|Charizard, F, shiny|100\/100\n|switch|p1a: Rotom|Rotom-Wash|100\/100\n|\n|upkeep\n|turn|12\n|\n|t:|1628935571\n|detailschange|p2a: Charizard|Charizard-Mega-Y, F, shiny\n|-mega|p2a: Charizard|Charizard|Charizardite Y\n|-weather|SunnyDay|[from] ability: Drought|[of] p2a: Charizard\n|move|p2a: Charizard|Solar Beam||[still]\n|-prepare|p2a: Charizard|Solar Beam\n|-anim|p2a: Charizard|Solar Beam|p1a: Rotom\n|-supereffective|p1a: Rotom\n|-damage|p1a: Rotom|0 fnt\n|faint|p1a: Rotom\n|\n|-weather|SunnyDay|[upkeep]\n|upkeep\n|\n|t:|1628935575\n|switch|p1a: \u4f60\u4e0d\u4f1a\u73a9\u6597\u9f99\u4f60\u53ef\u4ee5\u4e0d\u73a9|Chansey, F|81\/100\n|turn|13\n|\n|t:|1628935585\n|switch|p2a: Landorus|Landorus-Therian, M, shiny|82\/100 brn\n|-ability|p2a: Landorus|Intimidate|boost\n|-unboost|p1a: \u4f60\u4e0d\u4f1a\u73a9\u6597\u9f99\u4f60\u53ef\u4ee5\u4e0d\u73a9|atk|1\n|move|p1a: \u4f60\u4e0d\u4f1a\u73a9\u6597\u9f99\u4f60\u53ef\u4ee5\u4e0d\u73a9|Stealth Rock|p2a: Landorus\n|-sidestart|p2: Rovecraetove|move: Stealth Rock\n|\n|-weather|SunnyDay|[upkeep]\n|-damage|p2a: Landorus|76\/100 brn|[from] brn\n|upkeep\n|turn|14\n|\n|t:|1628935589\n|move|p2a: Landorus|Swords Dance|p2a: Landorus\n|-boost|p2a: Landorus|atk|2\n|move|p1a: \u4f60\u4e0d\u4f1a\u73a9\u6597\u9f99\u4f60\u53ef\u4ee5\u4e0d\u73a9|Seismic Toss|p2a: Landorus\n|-damage|p2a: Landorus|48\/100 brn\n|\n|-weather|SunnyDay|[upkeep]\n|-damage|p2a: Landorus|42\/100 brn|[from] brn\n|upkeep\n|turn|15\n|\n|t:|1628935592\n|switch|p1a: \u5509\uff0c\u6211\u5c31\u4e0d\u6362|Gliscor, M|100\/100\n|move|p2a: Landorus|Defog|p1a: \u5509\uff0c\u6211\u5c31\u4e0d\u6362\n|-unboost|p1a: \u5509\uff0c\u6211\u5c31\u4e0d\u6362|evasion|1\n|-sideend|p2: Rovecraetove|Stealth Rock|[from] move: Defog|[of] p2a: Landorus\n|\n|-weather|SunnyDay|[upkeep]\n|-damage|p2a: Landorus|36\/100 brn|[from] brn\n|-status|p1a: \u5509\uff0c\u6211\u5c31\u4e0d\u6362|tox|[from] item: Toxic Orb\n|upkeep\n|turn|16\n|\n|t:|1628935597\n|move|p1a: \u5509\uff0c\u6211\u5c31\u4e0d\u6362|Protect|p1a: \u5509\uff0c\u6211\u5c31\u4e0d\u6362\n|-singleturn|p1a: \u5509\uff0c\u6211\u5c31\u4e0d\u6362|Protect\n|-zpower|p2a: Landorus\n|move|p2a: Landorus|Supersonic Skystrike|p1a: \u5509\uff0c\u6211\u5c31\u4e0d\u6362|[zeffect]\n|-zbroken|p1a: \u5509\uff0c\u6211\u5c31\u4e0d\u6362\n|-damage|p1a: \u5509\uff0c\u6211\u5c31\u4e0d\u6362|84\/100 tox\n|\n|-weather|none\n|-heal|p1a: \u5509\uff0c\u6211\u5c31\u4e0d\u6362|96\/100 tox|[from] ability: Poison Heal\n|-damage|p2a: Landorus|30\/100 brn|[from] brn\n|upkeep\n|turn|17\n|\n|t:|1628935610\n|switch|p2a: Charizard|Charizard-Mega-Y, F, shiny|100\/100\n|-weather|SunnyDay|[from] ability: Drought|[of] p2a: Charizard\n|switch|p1a: \u4f60\u8fd8\u60e6\u8bb0\u4f60\u90a3\u7834JB\u5b09\u95f9\u5462|Sableye-Mega, F, shiny|100\/100\n|\n|-weather|SunnyDay|[upkeep]\n|upkeep\n|turn|18\n|\n|t:|1628935613\n|switch|p1a: \u4f60\u4e0d\u4f1a\u73a9\u6597\u9f99\u4f60\u53ef\u4ee5\u4e0d\u73a9|Chansey, F|81\/100\n|move|p2a: Charizard|Fire Blast|p1a: \u4f60\u4e0d\u4f1a\u73a9\u6597\u9f99\u4f60\u53ef\u4ee5\u4e0d\u73a9\n|-damage|p1a: \u4f60\u4e0d\u4f1a\u73a9\u6597\u9f99\u4f60\u53ef\u4ee5\u4e0d\u73a9|50\/100\n|\n|-weather|SunnyDay|[upkeep]\n|upkeep\n|turn|19\n|\n|t:|1628935618\n|move|p2a: Charizard|Fire Blast|p1a: \u4f60\u4e0d\u4f1a\u73a9\u6597\u9f99\u4f60\u53ef\u4ee5\u4e0d\u73a9\n|-damage|p1a: \u4f60\u4e0d\u4f1a\u73a9\u6597\u9f99\u4f60\u53ef\u4ee5\u4e0d\u73a9|21\/100\n|-status|p1a: \u4f60\u4e0d\u4f1a\u73a9\u6597\u9f99\u4f60\u53ef\u4ee5\u4e0d\u73a9|brn\n|move|p1a: \u4f60\u4e0d\u4f1a\u73a9\u6597\u9f99\u4f60\u53ef\u4ee5\u4e0d\u73a9|Soft-Boiled|p1a: \u4f60\u4e0d\u4f1a\u73a9\u6597\u9f99\u4f60\u53ef\u4ee5\u4e0d\u73a9\n|-heal|p1a: \u4f60\u4e0d\u4f1a\u73a9\u6597\u9f99\u4f60\u53ef\u4ee5\u4e0d\u73a9|71\/100 brn\n|\n|-weather|SunnyDay|[upkeep]\n|-damage|p1a: \u4f60\u4e0d\u4f1a\u73a9\u6597\u9f99\u4f60\u53ef\u4ee5\u4e0d\u73a9|64\/100 brn|[from] brn\n|upkeep\n|turn|20\n|\n|t:|1628935622\n|move|p2a: Charizard|Focus Blast|p1a: \u4f60\u4e0d\u4f1a\u73a9\u6597\u9f99\u4f60\u53ef\u4ee5\u4e0d\u73a9\n|-supereffective|p1a: \u4f60\u4e0d\u4f1a\u73a9\u6597\u9f99\u4f60\u53ef\u4ee5\u4e0d\u73a9\n|-damage|p1a: \u4f60\u4e0d\u4f1a\u73a9\u6597\u9f99\u4f60\u53ef\u4ee5\u4e0d\u73a9|35\/100 brn\n|-unboost|p1a: \u4f60\u4e0d\u4f1a\u73a9\u6597\u9f99\u4f60\u53ef\u4ee5\u4e0d\u73a9|spd|1\n|move|p1a: \u4f60\u4e0d\u4f1a\u73a9\u6597\u9f99\u4f60\u53ef\u4ee5\u4e0d\u73a9|Soft-Boiled|p1a: \u4f60\u4e0d\u4f1a\u73a9\u6597\u9f99\u4f60\u53ef\u4ee5\u4e0d\u73a9\n|-heal|p1a: \u4f60\u4e0d\u4f1a\u73a9\u6597\u9f99\u4f60\u53ef\u4ee5\u4e0d\u73a9|85\/100 brn\n|\n|-weather|SunnyDay|[upkeep]\n|-damage|p1a: \u4f60\u4e0d\u4f1a\u73a9\u6597\u9f99\u4f60\u53ef\u4ee5\u4e0d\u73a9|79\/100 brn|[from] brn\n|upkeep\n|turn|21\n|\n|t:|1628935628\n|move|p2a: Charizard|Fire Blast|p1a: \u4f60\u4e0d\u4f1a\u73a9\u6597\u9f99\u4f60\u53ef\u4ee5\u4e0d\u73a9\n|-damage|p1a: \u4f60\u4e0d\u4f1a\u73a9\u6597\u9f99\u4f60\u53ef\u4ee5\u4e0d\u73a9|39\/100 brn\n|move|p1a: \u4f60\u4e0d\u4f1a\u73a9\u6597\u9f99\u4f60\u53ef\u4ee5\u4e0d\u73a9|Soft-Boiled|p1a: \u4f60\u4e0d\u4f1a\u73a9\u6597\u9f99\u4f60\u53ef\u4ee5\u4e0d\u73a9\n|-heal|p1a: \u4f60\u4e0d\u4f1a\u73a9\u6597\u9f99\u4f60\u53ef\u4ee5\u4e0d\u73a9|89\/100 brn\n|\n|-weather|none\n|-damage|p1a: \u4f60\u4e0d\u4f1a\u73a9\u6597\u9f99\u4f60\u53ef\u4ee5\u4e0d\u73a9|83\/100 brn|[from] brn\n|upkeep\n|turn|22\n|\n|t:|1628935633\n|switch|p2a: Kommo-o|Kommo-o, F, shiny|100\/100\n|move|p1a: \u4f60\u4e0d\u4f1a\u73a9\u6597\u9f99\u4f60\u53ef\u4ee5\u4e0d\u73a9|Stealth Rock|p2a: Kommo-o\n|-sidestart|p2: Rovecraetove|move: Stealth Rock\n|\n|-damage|p1a: \u4f60\u4e0d\u4f1a\u73a9\u6597\u9f99\u4f60\u53ef\u4ee5\u4e0d\u73a9|77\/100 brn|[from] brn\n|upkeep\n|turn|23\n|j| pika2333\n|\n|t:|1628935636\n|-curestatus|p1a: \u4f60\u4e0d\u4f1a\u73a9\u6597\u9f99\u4f60\u53ef\u4ee5\u4e0d\u73a9|brn|[from] ability: Natural Cure\n|switch|p1a: \u4e09\u6bb5\u6211TM\u4f4d\u79fb\u51fa\u53bb|Tapu Bulu|100\/100\n|-fieldstart|move: Grassy Terrain|[from] ability: Grassy Surge|[of] p1a: \u4e09\u6bb5\u6211TM\u4f4d\u79fb\u51fa\u53bb\n|move|p2a: Kommo-o|Stealth Rock|p1a: \u4e09\u6bb5\u6211TM\u4f4d\u79fb\u51fa\u53bb\n|-sidestart|p1: EEEEEvolto\u6df1\u6eba|move: Stealth Rock\n|\n|upkeep\n|turn|24\n|\n|t:|1628935644\n|move|p2a: Kommo-o|Toxic|p1a: \u4e09\u6bb5\u6211TM\u4f4d\u79fb\u51fa\u53bb|[miss]\n|-miss|p2a: Kommo-o|p1a: \u4e09\u6bb5\u6211TM\u4f4d\u79fb\u51fa\u53bb\n|-zpower|p1a: \u4e09\u6bb5\u6211TM\u4f4d\u79fb\u51fa\u53bb\n|move|p1a: \u4e09\u6bb5\u6211TM\u4f4d\u79fb\u51fa\u53bb|Bloom Doom|p2a: Kommo-o|[zeffect]\n|-resisted|p2a: Kommo-o\n|-damage|p2a: Kommo-o|49\/100\n|\n|-heal|p2a: Kommo-o|55\/100|[from] Grassy Terrain\n|-heal|p2a: Kommo-o|61\/100|[from] item: Leftovers\n|upkeep\n|turn|25\n|\n|t:|1628935651\n|switch|p2a: Charizard|Charizard-Mega-Y, F, shiny|100\/100\n|-damage|p2a: Charizard|51\/100|[from] Stealth Rock\n|-weather|SunnyDay|[from] ability: Drought|[of] p2a: Charizard\n|move|p1a: \u4e09\u6bb5\u6211TM\u4f4d\u79fb\u51fa\u53bb|Stone Edge|p2a: Charizard\n|-supereffective|p2a: Charizard\n|-damage|p2a: Charizard|0 fnt\n|faint|p2a: Charizard\n|\n|-weather|SunnyDay|[upkeep]\n|upkeep\n|\n|t:|1628935660\n|switch|p2a: Kommo-o|Kommo-o, F, shiny|61\/100\n|-damage|p2a: Kommo-o|55\/100|[from] Stealth Rock\n|turn|26\n|\n|t:|1628935663\n|move|p2a: Kommo-o|Toxic|p1a: \u4e09\u6bb5\u6211TM\u4f4d\u79fb\u51fa\u53bb\n|-status|p1a: \u4e09\u6bb5\u6211TM\u4f4d\u79fb\u51fa\u53bb|tox\n|move|p1a: \u4e09\u6bb5\u6211TM\u4f4d\u79fb\u51fa\u53bb|Stone Edge|p2a: Kommo-o\n|-resisted|p2a: Kommo-o\n|-damage|p2a: Kommo-o|44\/100\n|\n|-weather|SunnyDay|[upkeep]\n|-heal|p2a: Kommo-o|50\/100|[from] Grassy Terrain\n|-heal|p2a: Kommo-o|56\/100|[from] item: Leftovers\n|-damage|p1a: \u4e09\u6bb5\u6211TM\u4f4d\u79fb\u51fa\u53bb|94\/100 tox|[from] psn\n|upkeep\n|turn|27\n|\n|t:|1628935668\n|move|p2a: Kommo-o|Drain Punch|p1a: \u4e09\u6bb5\u6211TM\u4f4d\u79fb\u51fa\u53bb\n|-resisted|p1a: \u4e09\u6bb5\u6211TM\u4f4d\u79fb\u51fa\u53bb\n|-damage|p1a: \u4e09\u6bb5\u6211TM\u4f4d\u79fb\u51fa\u53bb|82\/100 tox\n|-heal|p2a: Kommo-o|62\/100|[from] drain|[of] p1a: \u4e09\u6bb5\u6211TM\u4f4d\u79fb\u51fa\u53bb\n|move|p1a: \u4e09\u6bb5\u6211TM\u4f4d\u79fb\u51fa\u53bb|Horn Leech|p2a: Kommo-o\n|-resisted|p2a: Kommo-o\n|-damage|p2a: Kommo-o|43\/100\n|-heal|p1a: \u4e09\u6bb5\u6211TM\u4f4d\u79fb\u51fa\u53bb|92\/100 tox|[from] drain|[of] p2a: Kommo-o\n|\n|-weather|SunnyDay|[upkeep]\n|-heal|p2a: Kommo-o|49\/100|[from] Grassy Terrain\n|-heal|p2a: Kommo-o|56\/100|[from] item: Leftovers\n|-heal|p1a: \u4e09\u6bb5\u6211TM\u4f4d\u79fb\u51fa\u53bb|98\/100 tox|[from] Grassy Terrain\n|-damage|p1a: \u4e09\u6bb5\u6211TM\u4f4d\u79fb\u51fa\u53bb|86\/100 tox|[from] psn\n|-fieldend|move: Grassy Terrain\n|upkeep\n|turn|28\n|\n|t:|1628935672\n|switch|p1a: \u4f60\u8fd8\u60e6\u8bb0\u4f60\u90a3\u7834JB\u5b09\u95f9\u5462|Sableye-Mega, F, shiny|100\/100\n|-damage|p1a: \u4f60\u8fd8\u60e6\u8bb0\u4f60\u90a3\u7834JB\u5b09\u95f9\u5462|88\/100|[from] Stealth Rock\n|move|p2a: Kommo-o|Protect||[still]\n|-fail|p2a: Kommo-o\n|\n|-weather|SunnyDay|[upkeep]\n|-heal|p2a: Kommo-o|62\/100|[from] item: Leftovers\n|upkeep\n|turn|29\n|\n|t:|1628935676\n|switch|p2a: Magearna|Magearna|100\/100\n|-damage|p2a: Magearna|94\/100|[from] Stealth Rock\n|move|p1a: \u4f60\u8fd8\u60e6\u8bb0\u4f60\u90a3\u7834JB\u5b09\u95f9\u5462|Will-O-Wisp|p2a: Magearna|[miss]\n|-miss|p1a: \u4f60\u8fd8\u60e6\u8bb0\u4f60\u90a3\u7834JB\u5b09\u95f9\u5462|p2a: Magearna\n|\n|-weather|none\n|upkeep\n|turn|30\n|\n|t:|1628935685\n|switch|p1a: \u5509\uff0c\u6211\u5c31\u4e0d\u6362|Gliscor, M|96\/100 tox\n|-damage|p1a: \u5509\uff0c\u6211\u5c31\u4e0d\u6362|84\/100 tox|[from] Stealth Rock\n|move|p2a: Magearna|Ice Beam|p1a: \u5509\uff0c\u6211\u5c31\u4e0d\u6362\n|-supereffective|p1a: \u5509\uff0c\u6211\u5c31\u4e0d\u6362\n|-damage|p1a: \u5509\uff0c\u6211\u5c31\u4e0d\u6362|0 fnt\n|faint|p1a: \u5509\uff0c\u6211\u5c31\u4e0d\u6362\n|-ability|p2a: Magearna|Soul-Heart|boost\n|-boost|p2a: Magearna|spa|1\n|\n|upkeep\n|\n|t:|1628935689\n|switch|p1a: \u4f60\u4e0d\u4f1a\u73a9\u6597\u9f99\u4f60\u53ef\u4ee5\u4e0d\u73a9|Chansey, F|77\/100\n|-damage|p1a: \u4f60\u4e0d\u4f1a\u73a9\u6597\u9f99\u4f60\u53ef\u4ee5\u4e0d\u73a9|64\/100|[from] Stealth Rock\n|turn|31\n|\n|t:|1628935693\n|move|p2a: Magearna|Flash Cannon|p1a: \u4f60\u4e0d\u4f1a\u73a9\u6597\u9f99\u4f60\u53ef\u4ee5\u4e0d\u73a9\n|-damage|p1a: \u4f60\u4e0d\u4f1a\u73a9\u6597\u9f99\u4f60\u53ef\u4ee5\u4e0d\u73a9|49\/100\n|move|p1a: \u4f60\u4e0d\u4f1a\u73a9\u6597\u9f99\u4f60\u53ef\u4ee5\u4e0d\u73a9|Soft-Boiled|p1a: \u4f60\u4e0d\u4f1a\u73a9\u6597\u9f99\u4f60\u53ef\u4ee5\u4e0d\u73a9\n|-heal|p1a: \u4f60\u4e0d\u4f1a\u73a9\u6597\u9f99\u4f60\u53ef\u4ee5\u4e0d\u73a9|99\/100\n|\n|upkeep\n|turn|32\n|\n|t:|1628935698\n|move|p2a: Magearna|Volt Switch|p1a: \u4f60\u4e0d\u4f1a\u73a9\u6597\u9f99\u4f60\u53ef\u4ee5\u4e0d\u73a9\n|-damage|p1a: \u4f60\u4e0d\u4f1a\u73a9\u6597\u9f99\u4f60\u53ef\u4ee5\u4e0d\u73a9|90\/100\n|\n|t:|1628935699\n|switch|p2a: Kommo-o|Kommo-o, F, shiny|62\/100|[from]move: Volt Switch\n|-damage|p2a: Kommo-o|56\/100|[from] Stealth Rock\n|move|p1a: \u4f60\u4e0d\u4f1a\u73a9\u6597\u9f99\u4f60\u53ef\u4ee5\u4e0d\u73a9|Seismic Toss|p2a: Kommo-o\n|-damage|p2a: Kommo-o|27\/100\n|\n|-heal|p2a: Kommo-o|34\/100|[from] item: Leftovers\n|upkeep\n|turn|33\n|\n|t:|1628935704\n|switch|p1a: \u4f60\u8fd8\u60e6\u8bb0\u4f60\u90a3\u7834JB\u5b09\u95f9\u5462|Sableye-Mega, F, shiny|88\/100\n|-damage|p1a: \u4f60\u8fd8\u60e6\u8bb0\u4f60\u90a3\u7834JB\u5b09\u95f9\u5462|75\/100|[from] Stealth Rock\n|move|p2a: Kommo-o|Drain Punch|p1a: \u4f60\u8fd8\u60e6\u8bb0\u4f60\u90a3\u7834JB\u5b09\u95f9\u5462\n|-immune|p1a: \u4f60\u8fd8\u60e6\u8bb0\u4f60\u90a3\u7834JB\u5b09\u95f9\u5462\n|\n|-heal|p2a: Kommo-o|40\/100|[from] item: Leftovers\n|upkeep\n|turn|34\n|\n|t:|1628935709\n|move|p2a: Kommo-o|Protect|p2a: Kommo-o\n|-singleturn|p2a: Kommo-o|Protect\n|move|p1a: \u4f60\u8fd8\u60e6\u8bb0\u4f60\u90a3\u7834JB\u5b09\u95f9\u5462|Will-O-Wisp|p2a: Kommo-o\n|-activate|p2a: Kommo-o|move: Protect\n|\n|-heal|p2a: Kommo-o|46\/100|[from] item: Leftovers\n|upkeep\n|turn|35\n|\n|t:|1628935718\n|switch|p2a: Landorus|Landorus-Therian, M, shiny|30\/100 brn\n|-damage|p2a: Landorus|17\/100 brn|[from] Stealth Rock\n|-ability|p2a: Landorus|Intimidate|boost\n|-unboost|p1a: \u4f60\u8fd8\u60e6\u8bb0\u4f60\u90a3\u7834JB\u5b09\u95f9\u5462|atk|1\n|move|p1a: \u4f60\u8fd8\u60e6\u8bb0\u4f60\u90a3\u7834JB\u5b09\u95f9\u5462|Knock Off|p2a: Landorus\n|-damage|p2a: Landorus|5\/100 brn\n|\n|-damage|p2a: Landorus|0 fnt|[from] brn\n|faint|p2a: Landorus\n|upkeep\n|\n|t:|1628935721\n|switch|p2a: Magearna|Magearna|94\/100\n|-damage|p2a: Magearna|88\/100|[from] Stealth Rock\n|turn|36\n|\n|t:|1628935727\n|switch|p1a: \u4e09\u6bb5\u6211TM\u4f4d\u79fb\u51fa\u53bb|Tapu Bulu|86\/100 tox\n|-damage|p1a: \u4e09\u6bb5\u6211TM\u4f4d\u79fb\u51fa\u53bb|74\/100 tox|[from] Stealth Rock\n|-fieldstart|move: Grassy Terrain|[from] ability: Grassy Surge|[of] p1a: \u4e09\u6bb5\u6211TM\u4f4d\u79fb\u51fa\u53bb\n|move|p2a: Magearna|Fleur Cannon|p1a: \u4e09\u6bb5\u6211TM\u4f4d\u79fb\u51fa\u53bb\n|-damage|p1a: \u4e09\u6bb5\u6211TM\u4f4d\u79fb\u51fa\u53bb|7\/100 tox\n|-unboost|p2a: Magearna|spa|2\n|\n|-heal|p1a: \u4e09\u6bb5\u6211TM\u4f4d\u79fb\u51fa\u53bb|13\/100 tox|[from] Grassy Terrain\n|-heal|p2a: Magearna|94\/100|[from] Grassy Terrain\n|-damage|p1a: \u4e09\u6bb5\u6211TM\u4f4d\u79fb\u51fa\u53bb|7\/100 tox|[from] psn\n|upkeep\n|turn|37\n|\n|t:|1628935732\n|move|p1a: \u4e09\u6bb5\u6211TM\u4f4d\u79fb\u51fa\u53bb|Superpower|p2a: Magearna\n|-damage|p2a: Magearna|57\/100\n|-unboost|p1a: \u4e09\u6bb5\u6211TM\u4f4d\u79fb\u51fa\u53bb|atk|1\n|-unboost|p1a: \u4e09\u6bb5\u6211TM\u4f4d\u79fb\u51fa\u53bb|def|1\n|move|p2a: Magearna|Ice Beam|p1a: \u4e09\u6bb5\u6211TM\u4f4d\u79fb\u51fa\u53bb\n|-supereffective|p1a: \u4e09\u6bb5\u6211TM\u4f4d\u79fb\u51fa\u53bb\n|-damage|p1a: \u4e09\u6bb5\u6211TM\u4f4d\u79fb\u51fa\u53bb|0 fnt\n|faint|p1a: \u4e09\u6bb5\u6211TM\u4f4d\u79fb\u51fa\u53bb\n|-ability|p2a: Magearna|Soul-Heart|boost\n|-boost|p2a: Magearna|spa|1\n|\n|-heal|p2a: Magearna|63\/100|[from] Grassy Terrain\n|upkeep\n|\n|t:|1628935734\n|switch|p1a: \u4f60\u4e0d\u4f1a\u73a9\u6597\u9f99\u4f60\u53ef\u4ee5\u4e0d\u73a9|Chansey, F|90\/100\n|-damage|p1a: \u4f60\u4e0d\u4f1a\u73a9\u6597\u9f99\u4f60\u53ef\u4ee5\u4e0d\u73a9|77\/100|[from] Stealth Rock\n|turn|38\n|\n|t:|1628935743\n|switch|p2a: Rotom|Rotom-Wash, shiny|100\/100\n|-damage|p2a: Rotom|88\/100|[from] Stealth Rock\n|move|p1a: \u4f60\u4e0d\u4f1a\u73a9\u6597\u9f99\u4f60\u53ef\u4ee5\u4e0d\u73a9|Seismic Toss|p2a: Rotom\n|-damage|p2a: Rotom|55\/100\n|\n|-heal|p1a: \u4f60\u4e0d\u4f1a\u73a9\u6597\u9f99\u4f60\u53ef\u4ee5\u4e0d\u73a9|84\/100|[from] Grassy Terrain\n|upkeep\n|turn|39\n|\n|t:|1628935748\n|move|p2a: Rotom|Defog|p1a: \u4f60\u4e0d\u4f1a\u73a9\u6597\u9f99\u4f60\u53ef\u4ee5\u4e0d\u73a9\n|-unboost|p1a: \u4f60\u4e0d\u4f1a\u73a9\u6597\u9f99\u4f60\u53ef\u4ee5\u4e0d\u73a9|evasion|1\n|-sideend|p1: EEEEEvolto\u6df1\u6eba|Stealth Rock|[from] move: Defog|[of] p2a: Rotom\n|-sideend|p2: Rovecraetove|Stealth Rock|[from] move: Defog|[of] p2a: Rotom\n|move|p1a: \u4f60\u4e0d\u4f1a\u73a9\u6597\u9f99\u4f60\u53ef\u4ee5\u4e0d\u73a9|Toxic|p2a: Rotom\n|-status|p2a: Rotom|tox\n|\n|-heal|p1a: \u4f60\u4e0d\u4f1a\u73a9\u6597\u9f99\u4f60\u53ef\u4ee5\u4e0d\u73a9|90\/100|[from] Grassy Terrain\n|-damage|p2a: Rotom|49\/100 tox|[from] psn\n|upkeep\n|turn|40\n|\n|t:|1628935752\n|switch|p2a: Kommo-o|Kommo-o, F, shiny|46\/100\n|move|p1a: \u4f60\u4e0d\u4f1a\u73a9\u6597\u9f99\u4f60\u53ef\u4ee5\u4e0d\u73a9|Stealth Rock|p2a: Kommo-o\n|-sidestart|p2: Rovecraetove|move: Stealth Rock\n|\n|-heal|p2a: Kommo-o|52\/100|[from] Grassy Terrain\n|-heal|p2a: Kommo-o|58\/100|[from] item: Leftovers\n|-heal|p1a: \u4f60\u4e0d\u4f1a\u73a9\u6597\u9f99\u4f60\u53ef\u4ee5\u4e0d\u73a9|96\/100|[from] Grassy Terrain\n|-fieldend|move: Grassy Terrain\n|upkeep\n|turn|41\n|\n|t:|1628935759\n|switch|p1a: \u4f60\u8fd8\u60e6\u8bb0\u4f60\u90a3\u7834JB\u5b09\u95f9\u5462|Sableye-Mega, F, shiny|75\/100\n|move|p2a: Kommo-o|Drain Punch|p1a: \u4f60\u8fd8\u60e6\u8bb0\u4f60\u90a3\u7834JB\u5b09\u95f9\u5462\n|-immune|p1a: \u4f60\u8fd8\u60e6\u8bb0\u4f60\u90a3\u7834JB\u5b09\u95f9\u5462\n|\n|-heal|p2a: Kommo-o|65\/100|[from] item: Leftovers\n|upkeep\n|turn|42\n|\n|t:|1628935764\n|move|p2a: Kommo-o|Protect|p2a: Kommo-o\n|-singleturn|p2a: Kommo-o|Protect\n|move|p1a: \u4f60\u8fd8\u60e6\u8bb0\u4f60\u90a3\u7834JB\u5b09\u95f9\u5462|Will-O-Wisp|p2a: Kommo-o\n|-activate|p2a: Kommo-o|move: Protect\n|\n|-heal|p2a: Kommo-o|71\/100|[from] item: Leftovers\n|upkeep\n|turn|43\n|\n|t:|1628935771\n|move|p2a: Kommo-o|Stealth Rock|p1a: \u4f60\u8fd8\u60e6\u8bb0\u4f60\u90a3\u7834JB\u5b09\u95f9\u5462\n|move|p1a: \u4f60\u8fd8\u60e6\u8bb0\u4f60\u90a3\u7834JB\u5b09\u95f9\u5462|Stealth Rock||[from]ability: Magic Bounce|[still]\n|-fail|p1a: \u4f60\u8fd8\u60e6\u8bb0\u4f60\u90a3\u7834JB\u5b09\u95f9\u5462\n|move|p1a: \u4f60\u8fd8\u60e6\u8bb0\u4f60\u90a3\u7834JB\u5b09\u95f9\u5462|Knock Off|p2a: Kommo-o\n|-resisted|p2a: Kommo-o\n|-damage|p2a: Kommo-o|62\/100\n|-enditem|p2a: Kommo-o|Leftovers|[from] move: Knock Off|[of] p1a: \u4f60\u8fd8\u60e6\u8bb0\u4f60\u90a3\u7834JB\u5b09\u95f9\u5462\n|\n|upkeep\n|turn|44\n|\n|t:|1628935777\n|switch|p2a: Magearna|Magearna|63\/100\n|-damage|p2a: Magearna|57\/100|[from] Stealth Rock\n|move|p1a: \u4f60\u8fd8\u60e6\u8bb0\u4f60\u90a3\u7834JB\u5b09\u95f9\u5462|Recover|p1a: \u4f60\u8fd8\u60e6\u8bb0\u4f60\u90a3\u7834JB\u5b09\u95f9\u5462\n|-heal|p1a: \u4f60\u8fd8\u60e6\u8bb0\u4f60\u90a3\u7834JB\u5b09\u95f9\u5462|100\/100\n|\n|upkeep\n|turn|45\n|\n|t:|1628935782\n|switch|p1a: \u4f60\u4e0d\u4f1a\u73a9\u6597\u9f99\u4f60\u53ef\u4ee5\u4e0d\u73a9|Chansey, F|96\/100\n|move|p2a: Magearna|Ice Beam|p1a: \u4f60\u4e0d\u4f1a\u73a9\u6597\u9f99\u4f60\u53ef\u4ee5\u4e0d\u73a9\n|-damage|p1a: \u4f60\u4e0d\u4f1a\u73a9\u6597\u9f99\u4f60\u53ef\u4ee5\u4e0d\u73a9|87\/100\n|\n|upkeep\n|turn|46\n|\n|t:|1628935788\n|move|p2a: Magearna|Flash Cannon|p1a: \u4f60\u4e0d\u4f1a\u73a9\u6597\u9f99\u4f60\u53ef\u4ee5\u4e0d\u73a9\n|-damage|p1a: \u4f60\u4e0d\u4f1a\u73a9\u6597\u9f99\u4f60\u53ef\u4ee5\u4e0d\u73a9|77\/100\n|move|p1a: \u4f60\u4e0d\u4f1a\u73a9\u6597\u9f99\u4f60\u53ef\u4ee5\u4e0d\u73a9|Seismic Toss|p2a: Magearna\n|-damage|p2a: Magearna|28\/100\n|\n|upkeep\n|turn|47\n|\n|t:|1628935791\n|move|p2a: Magearna|Volt Switch|p1a: \u4f60\u4e0d\u4f1a\u73a9\u6597\u9f99\u4f60\u53ef\u4ee5\u4e0d\u73a9\n|-damage|p1a: \u4f60\u4e0d\u4f1a\u73a9\u6597\u9f99\u4f60\u53ef\u4ee5\u4e0d\u73a9|71\/100\n|\n|t:|1628935793\n|switch|p2a: Kommo-o|Kommo-o, F, shiny|62\/100|[from]move: Volt Switch\n|-damage|p2a: Kommo-o|55\/100|[from] Stealth Rock\n|move|p1a: \u4f60\u4e0d\u4f1a\u73a9\u6597\u9f99\u4f60\u53ef\u4ee5\u4e0d\u73a9|Soft-Boiled|p1a: \u4f60\u4e0d\u4f1a\u73a9\u6597\u9f99\u4f60\u53ef\u4ee5\u4e0d\u73a9\n|-heal|p1a: \u4f60\u4e0d\u4f1a\u73a9\u6597\u9f99\u4f60\u53ef\u4ee5\u4e0d\u73a9|100\/100\n|\n|upkeep\n|turn|48\n|c|\u2606Rovecraetove|\u771f\u4f60\u5988\u6076\u5fc3\n|\n|t:|1628935803\n|switch|p1a: \u4f60\u8fd8\u60e6\u8bb0\u4f60\u90a3\u7834JB\u5b09\u95f9\u5462|Sableye-Mega, F, shiny|100\/100\n|move|p2a: Kommo-o|Drain Punch|p1a: \u4f60\u8fd8\u60e6\u8bb0\u4f60\u90a3\u7834JB\u5b09\u95f9\u5462\n|-immune|p1a: \u4f60\u8fd8\u60e6\u8bb0\u4f60\u90a3\u7834JB\u5b09\u95f9\u5462\n|\n|upkeep\n|turn|49\n|\n|t:|1628935807\n|move|p2a: Kommo-o|Stealth Rock|p1a: \u4f60\u8fd8\u60e6\u8bb0\u4f60\u90a3\u7834JB\u5b09\u95f9\u5462\n|move|p1a: \u4f60\u8fd8\u60e6\u8bb0\u4f60\u90a3\u7834JB\u5b09\u95f9\u5462|Stealth Rock||[from]ability: Magic Bounce|[still]\n|-fail|p1a: \u4f60\u8fd8\u60e6\u8bb0\u4f60\u90a3\u7834JB\u5b09\u95f9\u5462\n|move|p1a: \u4f60\u8fd8\u60e6\u8bb0\u4f60\u90a3\u7834JB\u5b09\u95f9\u5462|Knock Off|p2a: Kommo-o\n|-resisted|p2a: Kommo-o\n|-damage|p2a: Kommo-o|50\/100\n|\n|upkeep\n|turn|50\n|c|\u2606EEEEEvolto\u6df1\u6eba|\u4f60\u81ea\u5df1\u6597\u9f99\u5730\u96f7\u914d\u7f6e\n|\n|t:|1628935816\n|move|p2a: Kommo-o|Protect|p2a: Kommo-o\n|-singleturn|p2a: Kommo-o|Protect\n|move|p1a: \u4f60\u8fd8\u60e6\u8bb0\u4f60\u90a3\u7834JB\u5b09\u95f9\u5462|Will-O-Wisp|p2a: Kommo-o\n|-activate|p2a: Kommo-o|move: Protect\n|\n|upkeep\n|turn|51\n|c|\u2606Rovecraetove|\u5e38\u89c4\u8010\u4e45\u6597\u9f99\u914d\u7f6e\u597d\u5417\n|\n|t:|1628935829\n|move|p2a: Kommo-o|Drain Punch|p1a: \u4f60\u8fd8\u60e6\u8bb0\u4f60\u90a3\u7834JB\u5b09\u95f9\u5462\n|-immune|p1a: \u4f60\u8fd8\u60e6\u8bb0\u4f60\u90a3\u7834JB\u5b09\u95f9\u5462\n|move|p1a: \u4f60\u8fd8\u60e6\u8bb0\u4f60\u90a3\u7834JB\u5b09\u95f9\u5462|Knock Off|p2a: Kommo-o\n|-resisted|p2a: Kommo-o\n|-damage|p2a: Kommo-o|44\/100\n|\n|upkeep\n|turn|52\n|c|\u2606EEEEEvolto\u6df1\u6eba|\u76f2\u70b9\u770b\u4e0d\u51fa\u6765\uff1f\n|\n|t:|1628935835\n|switch|p2a: Magearna|Magearna|28\/100\n|-damage|p2a: Magearna|22\/100|[from] Stealth Rock\n|move|p1a: \u4f60\u8fd8\u60e6\u8bb0\u4f60\u90a3\u7834JB\u5b09\u95f9\u5462|Protect||[still]\n|-fail|p1a: \u4f60\u8fd8\u60e6\u8bb0\u4f60\u90a3\u7834JB\u5b09\u95f9\u5462\n|\n|upkeep\n|turn|53\n|c|\u2606Rovecraetove|\u4e0d\u77e5\u9053\u8bf4\u4f60\u4ec0\u4e48\uff0c\u73a9\u4e2ajb\u53d7\u5728\u90a3\u88c5\u4ec0\u4e48\n|\n|t:|1628935853\n|switch|p1a: \u4f60\u4e0d\u4f1a\u73a9\u6597\u9f99\u4f60\u53ef\u4ee5\u4e0d\u73a9|Chansey, F|100\/100\n|move|p2a: Magearna|Fleur Cannon|p1a: \u4f60\u4e0d\u4f1a\u73a9\u6597\u9f99\u4f60\u53ef\u4ee5\u4e0d\u73a9|[miss]\n|-miss|p2a: Magearna|p1a: \u4f60\u4e0d\u4f1a\u73a9\u6597\u9f99\u4f60\u53ef\u4ee5\u4e0d\u73a9\n|\n|upkeep\n|turn|54\n|j| Lightchanseyy\n|\n|t:|1628935860\n|move|p2a: Magearna|Fleur Cannon|p1a: \u4f60\u4e0d\u4f1a\u73a9\u6597\u9f99\u4f60\u53ef\u4ee5\u4e0d\u73a9\n|-damage|p1a: \u4f60\u4e0d\u4f1a\u73a9\u6597\u9f99\u4f60\u53ef\u4ee5\u4e0d\u73a9|83\/100\n|-unboost|p2a: Magearna|spa|2\n|move|p1a: \u4f60\u4e0d\u4f1a\u73a9\u6597\u9f99\u4f60\u53ef\u4ee5\u4e0d\u73a9|Seismic Toss|p2a: Magearna\n|-damage|p2a: Magearna|0 fnt\n|faint|p2a: Magearna\n|\n|upkeep\n|c| pika2333|\u8fd8\u662f\u961f\u4f0d\u95ee\u9898 \u6ca1\u6709\u7834\u53d7\u624b\u6bb5\n|c|\u2606EEEEEvolto\u6df1\u6eba|\u8349\u86c7\u662f\n|inactive|Rovecraetove has 120 seconds left.\n|c|\u2606Rovecraetove|\u4e0d\u7528\u4f60\u6765\u8bf4\n|c|\u2606EEEEEvolto\u6df1\u6eba|\u8349\u86c7\u53ef\u7834\u5e38\u89c4\u53d7\n|c|\u2606EEEEEvolto\u6df1\u6eba|\u56e0\u4e3a\u6211\u8fd9\u91cc\u6709\u6d77\u53c2\n|c|\u2606EEEEEvolto\u6df1\u6eba|\u4ed6\u6ca1\u53d1\u73b0\u6211\u6d77\u53c2\u662f\u5f39\u5c04\u7684\n|inactive|Rovecraetove has 90 seconds left.\n|c|\u2606EEEEEvolto\u6df1\u6eba|\u66ff\u8eab\u8349\u86c7\uff0c\u7ecf\u5178\u7834\u76fe\u624b\n|c|\u2606EEEEEvolto\u6df1\u6eba|\u7b97\u662f\u6211\u4e5f\u9634\u4e86\u4ed6\u4e00\u624b\n|c| pika2333|\u4ed6\u8fd9\u4e2a\u961f\u6765\u4e00\u53ea\u518d\u751f\u529b\u66b4\u9732\u83c7\u5c31\u6253\u4e0d\u52a8\u4e86\n|inactive|Rovecraetove has 60 seconds left.\n|l| Lightchanseyy\n|c|\u2606EEEEEvolto\u6df1\u6eba|\u90a3\u4ed6\u8981\u6362\u6389\u54ea\u53ea\n|j| Sword Cloyster\n|c|\u2606EEEEEvolto\u6df1\u6eba|\u6362\u6389\u673a\u5668\u4eba\uff1f\n|inactive|Rovecraetove has 30 seconds left.\n|c|\u2606EEEEEvolto\u6df1\u6eba|\u673a\u5668\u4eba\u786e\u5b9e\u6ca1\u5565\u7528\n|inactive|Rovecraetove has 20 seconds left.\n|c|\u2606EEEEEvolto\u6df1\u6eba|\u9664\u4e86\u5e72\u6389\u6211\u7684\u5929\u874e\n|inactive|Rovecraetove has 15 seconds left.\n|inactive|Rovecraetove has 10 seconds left.\n|\n|t:|1628935997\n|switch|p2a: Kommo-o|Kommo-o, F, shiny|44\/100\n|-damage|p2a: Kommo-o|38\/100|[from] Stealth Rock\n|turn|55\n|inactive|Rovecraetove has 20 seconds left this turn.\n|c|\u2606Rovecraetove|\u6253\u4f60\u53d7\u80fd\u8bf4\u4ec0\u4e48?\n|inactive|Rovecraetove has 15 seconds left.\n|inactive|Rovecraetove has 10 seconds left.\n|c| pika2333|\u653b\u4e00\u70b9cb v\u4ed4\u914d\u5408\u6674\u5929\n|inactive|Rovecraetove has 5 seconds left.\n|c|\u2606EEEEEvolto\u6df1\u6eba|\u4f60\u8fd9\u961f\u662f\u6ca1\u6709\u7834\u53d7\u5417\n|-message|Rovecraetove lost due to inactivity.\n|\n|win|EEEEEvolto\u6df1\u6eba\n|raw|EEEEEvolto\u6df1\u6eba's rating: 1509 &rarr; <strong>1531<\/strong><br \/>(+22 for winning)\n|raw|Rovecraetove's rating: 1542 &rarr; <strong>1520<\/strong><br \/>(-22 for losing)\n|c| pika2333|cb \u73ed\u5409\u62c9\n|c|\u2606Rovecraetove|\u6211\u673a\u5668\u4eba\u9664\u4e86\u80fd\u6253\u4f60\u5929\u874e\u6211\u8fd8\u80fd\u5e72\u561b\n|c|\u2606EEEEEvolto\u6df1\u6eba|\u8349\u86c7\n|c| Sword Cloyster|\u7834\u4e0d\u4e86\u5c31\u7834\u4e0d\u4e86\u5457\n|c| pika2333|\u90fd\u53ef\u4ee5\u7834\u53d7\n|c| Sword Cloyster|\u53eb\u4ec0\u4e48\u554a\n|c|\u2606Rovecraetove|\u53eb\u4f60\u5988\u5462\n|c|\u2606EEEEEvolto\u6df1\u6eba|\u8349\u86c7\u80fd\u4e0d\u80fd\u7834\u561b\n|c|\u2606Rovecraetove|\u715e\u7b14\u73a9\u610f\n|l| pika2333\n|c|\u2606EEEEEvolto\u6df1\u6eba|\u6211\u8fd9\u8fd8\u4e0d\u662f\u4e00\u822c\u53d7\n|c| Sword Cloyster|\u4e5f\u662f\u4e2a\u8d35\u7269\n|c|\u2606Rovecraetove|\u522bjb\u88c5\u4e86\uff0c\u6211\u961f\u4f0d\u76f2\u70b9\u7528\u4f60\u4eec\u6765\u8bf4?\n|c| Sword Cloyster|\u81ea\u5df1\u7ec4\u961f\u4e0d\u884c\n|c| Sword Cloyster|\u8f93\u4e86\u5c31\u6025\u773c\n|c|\u2606Rovecraetove|\u4f60\u4eec\u5f88\u884c\n|c|\u2606Rovecraetove|\u715e\u7b14\u73a9\u610f\n|c| Sword Cloyster|\u4f60\u662f\u73bb\u7483\u5fc3\u5450\u5f1f\u5f1f\uff1f\n|l|\u2606Rovecraetove\n|c| Sword Cloyster|\u4eba\u5bb6\u4e00\u53e5\u8bdd\u4e5f\u6ca1\u9a82\u5427\n|c|\u2606EEEEEvolto\u6df1\u6eba|\u8c22\u5144\u5f1f\u4e86\n|l|\u2606EEEEEvolto\u6df1\u6eba\n|l| Sword Cloyster\n|j| Lightchanseyy\n","uploadtime":1628936420,"views":37,"p1id":"eeeeevolto","p2id":"rovecraetove","formatid":"gen7ou","rating":1520,"private":0,"password":null}