{"id":"gen7ou-1626617165","p1":"Steelix Fusion","p2":"Philein","format":"gen7ou","log":"|j|\u2606Steelix Fusion\n|j|\u2606Philein\n|t:|1658955651\n|gametype|singles\n|player|p1|Steelix Fusion|marshal|1646\n|player|p2|Philein|lucas|1723\n|teamsize|p1|6\n|teamsize|p2|6\n|gen|7\n|tier|[Gen 7] OU\n|rated|\n|rule|Sleep Clause Mod: Limit one foe put to sleep\n|rule|Species Clause: Limit one of each Pok\u00e9mon\n|rule|OHKO Clause: OHKO moves are banned\n|rule|Moody Clause: Moody is banned\n|rule|Evasion Moves Clause: Evasion moves are banned\n|rule|Endless Battle Clause: Forcing endless battles is banned\n|rule|HP Percentage Mod: HP is shown in percentages\n|clearpoke\n|poke|p1|Ninetales-Alola, F|item\n|poke|p1|Klefki, M|item\n|poke|p1|Landorus-Therian, M|item\n|poke|p1|Gyarados, M|item\n|poke|p1|Salamence, M|item\n|poke|p1|Volcarona, F|item\n|poke|p2|Lopunny, F|item\n|poke|p2|Greninja, M|item\n|poke|p2|Victini|item\n|poke|p2|Landorus-Therian, M|item\n|poke|p2|Ferrothorn, M|item\n|poke|p2|Tapu Fini|item\n|teampreview\n|inactive|Battle timer is ON: inactive players will automatically lose when time's up. (requested by Steelix Fusion)\n|inactive|Philein has 120 seconds left.\n|inactive|Philein has 90 seconds left.\n|c|\u2606Steelix Fusion|go\n|\n|t:|1658955743\n|start\n|switch|p1a: Ninetales|Ninetales-Alola, F|100\/100\n|switch|p2a: Alexandre|Greninja, M|100\/100\n|-weather|Hail|[from] ability: Snow Warning|[of] p1a: Ninetales\n|turn|1\n|\n|t:|1658955751\n|switch|p1a: Klefki|Klefki, M, shiny|100\/100\n|move|p2a: Alexandre|Gunk Shot|p1a: Klefki\n|-start|p2a: Alexandre|typechange|Poison|[from] ability: Protean\n|-immune|p1a: Klefki\n|\n|-weather|Hail|[upkeep]\n|-damage|p2a: Alexandre|95\/100|[from] Hail\n|-damage|p1a: Klefki|94\/100|[from] Hail\n|upkeep\n|turn|2\n|\n|t:|1658955759\n|move|p1a: Klefki|Reflect|p1a: Klefki\n|-sidestart|p1: Steelix Fusion|Reflect\n|-zpower|p2a: Alexandre\n|move|p2a: Alexandre|Tectonic Rage|p1a: Klefki|[zeffect]\n|-start|p2a: Alexandre|typechange|Ground|[from] ability: Protean\n|-supereffective|p1a: Klefki\n|-damage|p1a: Klefki|30\/100\n|\n|-weather|Hail|[upkeep]\n|-damage|p2a: Alexandre|89\/100|[from] Hail\n|-damage|p1a: Klefki|24\/100|[from] Hail\n|upkeep\n|turn|3\n|\n|t:|1658955768\n|move|p1a: Klefki|Light Screen|p1a: Klefki\n|-sidestart|p1: Steelix Fusion|move: Light Screen\n|move|p2a: Alexandre|Toxic Spikes|p1a: Klefki\n|-start|p2a: Alexandre|typechange|Poison|[from] ability: Protean\n|-sidestart|p1: Steelix Fusion|move: Toxic Spikes\n|\n|-weather|Hail|[upkeep]\n|-damage|p2a: Alexandre|83\/100|[from] Hail\n|-damage|p1a: Klefki|17\/100|[from] Hail\n|upkeep\n|turn|4\n|\n|t:|1658955775\n|switch|p2a: Dimitri|Landorus-Therian, M|100\/100\n|-ability|p2a: Dimitri|Intimidate|boost\n|-unboost|p1a: Klefki|atk|1\n|move|p1a: Klefki|Defog|p2a: Dimitri\n|-unboost|p2a: Dimitri|evasion|1\n|-sideend|p1: Steelix Fusion|Toxic Spikes|[from] move: Defog|[of] p1a: Klefki\n|\n|-weather|Hail|[upkeep]\n|-damage|p2a: Dimitri|94\/100|[from] Hail\n|-damage|p1a: Klefki|11\/100|[from] Hail\n|upkeep\n|turn|5\n|\n|t:|1658955785\n|switch|p1a: Salamence|Salamence, M, shiny|100\/100\n|move|p2a: Dimitri|Toxic|p1a: Salamence\n|-status|p1a: Salamence|tox\n|\n|-weather|none\n|-damage|p1a: Salamence|94\/100 tox|[from] psn\n|upkeep\n|turn|6\n|\n|t:|1658955792\n|switch|p1a: Volcarona|Volcarona, F|100\/100\n|move|p2a: Dimitri|Stealth Rock|p1a: Volcarona\n|-sidestart|p1: Steelix Fusion|move: Stealth Rock\n|\n|upkeep\n|turn|7\n|\n|t:|1658955796\n|move|p1a: Volcarona|Quiver Dance|p1a: Volcarona\n|-boost|p1a: Volcarona|spa|1\n|-boost|p1a: Volcarona|spd|1\n|-boost|p1a: Volcarona|spe|1\n|move|p2a: Dimitri|Toxic|p1a: Volcarona\n|-status|p1a: Volcarona|tox\n|-enditem|p1a: Volcarona|Lum Berry|[eat]\n|-curestatus|p1a: Volcarona|tox|[msg]\n|\n|upkeep\n|turn|8\n|\n|t:|1658955803\n|move|p1a: Volcarona|Fiery Dance|p2a: Dimitri\n|-damage|p2a: Dimitri|25\/100\n|-boost|p1a: Volcarona|spa|1\n|move|p2a: Dimitri|Toxic|p1a: Volcarona\n|-status|p1a: Volcarona|tox\n|\n|-damage|p1a: Volcarona|94\/100 tox|[from] psn\n|upkeep\n|turn|9\n|\n|t:|1658955811\n|switch|p2a: Thomas le p\u00eacheur|Tapu Fini|100\/100\n|-fieldstart|move: Misty Terrain|[from] ability: Misty Surge|[of] p2a: Thomas le p\u00eacheur\n|move|p1a: Volcarona|Fiery Dance|p2a: Thomas le p\u00eacheur\n|-resisted|p2a: Thomas le p\u00eacheur\n|-damage|p2a: Thomas le p\u00eacheur|71\/100\n|-boost|p1a: Volcarona|spa|1\n|\n|-heal|p2a: Thomas le p\u00eacheur|77\/100|[from] item: Leftovers\n|-damage|p1a: Volcarona|82\/100 tox|[from] psn\n|-sideend|p1: Steelix Fusion|Reflect\n|upkeep\n|turn|10\n|\n|t:|1658955821\n|switch|p2a: Dimitri|Landorus-Therian, M|25\/100\n|-ability|p2a: Dimitri|Intimidate|boost\n|-unboost|p1a: Volcarona|atk|1\n|move|p1a: Volcarona|Giga Drain|p2a: Dimitri\n|-damage|p2a: Dimitri|0 fnt\n|-heal|p1a: Volcarona|97\/100 tox|[from] drain|[of] p2a: Dimitri\n|faint|p2a: Dimitri\n|\n|-damage|p1a: Volcarona|79\/100 tox|[from] psn\n|-sideend|p1: Steelix Fusion|move: Light Screen\n|upkeep\n|\n|t:|1658955825\n|switch|p2a: Victor|Victini|100\/100\n|turn|11\n|\n|t:|1658955832\n|move|p1a: Volcarona|Hidden Power|p2a: Victor\n|-supereffective|p2a: Victor\n|-crit|p2a: Victor\n|-damage|p2a: Victor|0 fnt\n|faint|p2a: Victor\n|\n|-damage|p1a: Volcarona|54\/100 tox|[from] psn\n|upkeep\n|\n|t:|1658955840\n|switch|p2a: . . .|Lopunny, F|100\/100\n|turn|12\n|\n|t:|1658955844\n|detailschange|p2a: . . .|Lopunny-Mega, F\n|-mega|p2a: . . .|Lopunny|Lopunnite\n|move|p2a: . . .|Fake Out|p1a: Volcarona\n|-damage|p1a: Volcarona|29\/100 tox\n|cant|p1a: Volcarona|flinch\n|\n|-damage|p1a: Volcarona|0 fnt|[from] psn\n|faint|p1a: Volcarona\n|upkeep\n|\n|t:|1658955851\n|switch|p1a: Klefki|Klefki, M, shiny|11\/100\n|-damage|p1a: Klefki|5\/100|[from] Stealth Rock\n|turn|13\n|\n|t:|1658955854\n|move|p2a: . . .|Quick Attack|p1a: Klefki\n|-resisted|p1a: Klefki\n|-damage|p1a: Klefki|0 fnt\n|faint|p1a: Klefki\n|\n|-fieldend|Misty Terrain\n|upkeep\n|\n|t:|1658955859\n|switch|p1a: Landorus|Landorus-Therian, M|100\/100\n|-damage|p1a: Landorus|88\/100|[from] Stealth Rock\n|-ability|p1a: Landorus|Intimidate|boost\n|-unboost|p2a: . . .|atk|1\n|turn|14\n|\n|t:|1658955864\n|move|p2a: . . .|Return|p1a: Landorus\n|-damage|p1a: Landorus|47\/100\n|move|p1a: Landorus|Earthquake|p2a: . . .\n|-damage|p2a: . . .|24\/100\n|\n|-heal|p1a: Landorus|53\/100|[from] item: Leftovers\n|upkeep\n|turn|15\n|\n|t:|1658955871\n|move|p2a: . . .|Return|p1a: Landorus\n|-damage|p1a: Landorus|10\/100\n|move|p1a: Landorus|Earthquake|p2a: . . .\n|-damage|p2a: . . .|0 fnt\n|faint|p2a: . . .\n|\n|-heal|p1a: Landorus|16\/100|[from] item: Leftovers\n|upkeep\n|\n|t:|1658955875\n|switch|p2a: Alexandre|Greninja, M|83\/100\n|turn|16\n|c|\u2606Steelix Fusion|oof\n|\n|t:|1658955882\n|move|p2a: Alexandre|Ice Beam|p1a: Landorus\n|-start|p2a: Alexandre|typechange|Ice|[from] ability: Protean\n|-supereffective|p1a: Landorus\n|-damage|p1a: Landorus|0 fnt\n|faint|p1a: Landorus\n|\n|upkeep\n|\n|t:|1658955889\n|switch|p1a: Gyarados|Gyarados, M, shiny|100\/100\n|-damage|p1a: Gyarados|76\/100|[from] Stealth Rock\n|turn|17\n|\n|t:|1658955892\n|move|p2a: Alexandre|Gunk Shot|p1a: Gyarados\n|-start|p2a: Alexandre|typechange|Poison|[from] ability: Protean\n|-damage|p1a: Gyarados|11\/100\n|move|p1a: Gyarados|Dragon Dance|p1a: Gyarados\n|-boost|p1a: Gyarados|atk|1\n|-boost|p1a: Gyarados|spe|1\n|\n|upkeep\n|turn|18\n|\n|t:|1658955899\n|switch|p2a: Nogaret|Ferrothorn, M|100\/100\n|move|p1a: Gyarados|Earthquake|p2a: Nogaret\n|-damage|p2a: Nogaret|69\/100\n|\n|-heal|p2a: Nogaret|75\/100|[from] item: Leftovers\n|upkeep\n|turn|19\n|\n|t:|1658955906\n|detailschange|p1a: Gyarados|Gyarados-Mega, M, shiny\n|-mega|p1a: Gyarados|Gyarados|Gyaradosite\n|-ability|p1a: Gyarados|Mold Breaker\n|move|p1a: Gyarados|Earthquake|p2a: Nogaret\n|-damage|p2a: Nogaret|40\/100\n|move|p2a: Nogaret|Power Whip|p1a: Gyarados\n|-supereffective|p1a: Gyarados\n|-damage|p1a: Gyarados|0 fnt\n|faint|p1a: Gyarados\n|\n|-heal|p2a: Nogaret|46\/100|[from] item: Leftovers\n|upkeep\n|\n|t:|1658955916\n|switch|p1a: Ninetales|Ninetales-Alola, F|100\/100\n|-damage|p1a: Ninetales|76\/100|[from] Stealth Rock\n|-weather|Hail|[from] ability: Snow Warning|[of] p1a: Ninetales\n|turn|20\n|\n|t:|1658955921\n|move|p1a: Ninetales|Aurora Veil|p1a: Ninetales\n|-sidestart|p1: Steelix Fusion|move: Aurora Veil\n|move|p2a: Nogaret|Leech Seed|p1a: Ninetales\n|-start|p1a: Ninetales|move: Leech Seed\n|\n|-weather|Hail|[upkeep]\n|-damage|p2a: Nogaret|40\/100|[from] Hail\n|-heal|p2a: Nogaret|46\/100|[from] item: Leftovers\n|-damage|p1a: Ninetales|64\/100|[from] Leech Seed|[of] p2a: Nogaret\n|-heal|p2a: Nogaret|56\/100|[silent]\n|upkeep\n|turn|21\n|\n|t:|1658955929\n|move|p1a: Ninetales|Freeze-Dry|p2a: Nogaret\n|-damage|p2a: Nogaret|39\/100\n|move|p2a: Nogaret|Leech Seed||[still]\n|-fail|p2a: Nogaret\n|\n|-weather|Hail|[upkeep]\n|-damage|p2a: Nogaret|33\/100|[from] Hail\n|-heal|p2a: Nogaret|39\/100|[from] item: Leftovers\n|-damage|p1a: Ninetales|51\/100|[from] Leech Seed|[of] p2a: Nogaret\n|-heal|p2a: Nogaret|49\/100|[silent]\n|upkeep\n|turn|22\n|\n|t:|1658955938\n|move|p1a: Ninetales|Freeze-Dry|p2a: Nogaret\n|-damage|p2a: Nogaret|31\/100\n|move|p2a: Nogaret|Thunder Wave|p1a: Ninetales|[miss]\n|-miss|p2a: Nogaret|p1a: Ninetales\n|\n|-weather|Hail|[upkeep]\n|-damage|p2a: Nogaret|25\/100|[from] Hail\n|-heal|p2a: Nogaret|31\/100|[from] item: Leftovers\n|-damage|p1a: Ninetales|39\/100|[from] Leech Seed|[of] p2a: Nogaret\n|-heal|p2a: Nogaret|41\/100|[silent]\n|upkeep\n|turn|23\n|\n|t:|1658955948\n|move|p1a: Ninetales|Safeguard|p1a: Ninetales\n|-sidestart|p1: Steelix Fusion|Safeguard\n|move|p2a: Nogaret|Thunder Wave|p1a: Ninetales\n|-activate|p1a: Ninetales|move: Safeguard\n|\n|-weather|Hail|[upkeep]\n|-damage|p2a: Nogaret|35\/100|[from] Hail\n|-heal|p2a: Nogaret|41\/100|[from] item: Leftovers\n|-damage|p1a: Ninetales|27\/100|[from] Leech Seed|[of] p2a: Nogaret\n|-heal|p2a: Nogaret|51\/100|[silent]\n|upkeep\n|turn|24\n|\n|t:|1658955955\n|move|p1a: Ninetales|Encore|p2a: Nogaret\n|-start|p2a: Nogaret|Encore\n|move|p2a: Nogaret|Thunder Wave|p1a: Ninetales\n|-activate|p1a: Ninetales|move: Safeguard\n|\n|-weather|none\n|-heal|p2a: Nogaret|57\/100|[from] item: Leftovers\n|-damage|p1a: Ninetales|15\/100|[from] Leech Seed|[of] p2a: Nogaret\n|-heal|p2a: Nogaret|67\/100|[silent]\n|upkeep\n|turn|25\n|\n|t:|1658955964\n|switch|p1a: Salamence|Salamence, M, shiny|94\/100 tox\n|-damage|p1a: Salamence|70\/100 tox|[from] Stealth Rock\n|switch|p2a: Alexandre|Greninja, M|83\/100\n|\n|-damage|p1a: Salamence|64\/100 tox|[from] psn\n|upkeep\n|turn|26\n|-message|Steelix Fusion forfeited.\n|\n|win|Philein\n|raw|Steelix Fusion's rating: 1615 &rarr; <strong>1601<\/strong><br \/>(-14 for losing)\n|raw|Philein's rating: 1723 &rarr; <strong>1737<\/strong><br \/>(+14 for winning)\n|l|\u2606Steelix Fusion\n||Ladder isn't responding, score probably updated but might not have (Request timeout).\n","uploadtime":1658955995,"views":62,"p1id":"steelixfusion","p2id":"philein","formatid":"gen7ou","rating":1601,"private":0,"password":null}