{"id":"gen7ou-1107173304","p1":"TestingTesting1","p2":"feixiangjiqiren","format":"gen7ou","log":"|j|\u2606TestingTesting1\n|j|\u2606feixiangjiqiren\n|player|p1|TestingTesting1|169|1513\n|player|p2|feixiangjiqiren|165|1614\n|teamsize|p1|6\n|teamsize|p2|6\n|gametype|singles\n|gen|7\n|tier|[Gen 7] OU\n|rated|\n|clearpoke\n|poke|p1|Hoopa-Unbound|item\n|poke|p1|Alakazam, M|item\n|poke|p1|Greninja, M|item\n|poke|p1|Tapu Fini|item\n|poke|p1|Landorus-Therian, M|item\n|poke|p1|Muk-Alola, F|item\n|poke|p2|Scizor, M|item\n|poke|p2|Magnezone|item\n|poke|p2|Tapu Fini|item\n|poke|p2|Tornadus-Therian, M|item\n|poke|p2|Chansey, F|item\n|poke|p2|Quagsire, M|item\n|rule|Sleep Clause Mod: Limit one foe put to sleep\n|rule|Species Clause: Limit one of each Pok\u00e9mon\n|rule|OHKO Clause: OHKO moves are banned\n|rule|Moody Clause: Moody is banned\n|rule|Evasion Moves Clause: Evasion moves are banned\n|rule|Endless Battle Clause: Forcing endless battles is banned\n|rule|HP Percentage Mod: HP is shown in percentages\n|teampreview\n|\n|start\n|switch|p1a: Landorus|Landorus-Therian, M|100\/100\n|switch|p2a: \u673a\u52a8\u7279\u9063\u961fBeta-4|Scizor, M|100\/100\n|-ability|p1a: Landorus|Intimidate|boost\n|-unboost|p2a: \u673a\u52a8\u7279\u9063\u961fBeta-4|atk|1\n|turn|1\n|\n|detailschange|p2a: \u673a\u52a8\u7279\u9063\u961fBeta-4|Scizor-Mega, M\n|-mega|p2a: \u673a\u52a8\u7279\u9063\u961fBeta-4|Scizor|Scizorite\n|move|p1a: Landorus|Stealth Rock|p2a: \u673a\u52a8\u7279\u9063\u961fBeta-4\n|-sidestart|p2: feixiangjiqiren|move: Stealth Rock\n|move|p2a: \u673a\u52a8\u7279\u9063\u961fBeta-4|Knock Off|p1a: Landorus\n|-damage|p1a: Landorus|88\/100\n|\n|upkeep\n|turn|2\n|\n|move|p1a: Landorus|Swords Dance|p1a: Landorus\n|-boost|p1a: Landorus|atk|2\n|move|p2a: \u673a\u52a8\u7279\u9063\u961fBeta-4|Swords Dance|p2a: \u673a\u52a8\u7279\u9063\u961fBeta-4\n|-boost|p2a: \u673a\u52a8\u7279\u9063\u961fBeta-4|atk|2\n|\n|upkeep\n|turn|3\n|\n|-zpower|p1a: Landorus\n|move|p1a: Landorus|Supersonic Skystrike|p2a: \u673a\u52a8\u7279\u9063\u961fBeta-4|[zeffect]\n|-damage|p2a: \u673a\u52a8\u7279\u9063\u961fBeta-4|9\/100\n|move|p2a: \u673a\u52a8\u7279\u9063\u961fBeta-4|Roost|p2a: \u673a\u52a8\u7279\u9063\u961fBeta-4\n|-heal|p2a: \u673a\u52a8\u7279\u9063\u961fBeta-4|59\/100\n|-singleturn|p2a: \u673a\u52a8\u7279\u9063\u961fBeta-4|move: Roost\n|\n|upkeep\n|turn|4\n|\n|switch|p2a: \u673a\u52a8\u7279\u9063\u961fEpsilon-6|Quagsire, M|100\/100\n|-damage|p2a: \u673a\u52a8\u7279\u9063\u961fEpsilon-6|94\/100|[from] Stealth Rock\n|move|p1a: Landorus|Earthquake|p2a: \u673a\u52a8\u7279\u9063\u961fEpsilon-6\n|-damage|p2a: \u673a\u52a8\u7279\u9063\u961fEpsilon-6|53\/100\n|\n|-heal|p2a: \u673a\u52a8\u7279\u9063\u961fEpsilon-6|59\/100|[from] item: Leftovers\n|upkeep\n|turn|5\n|\n|switch|p1a: Hoopa|Hoopa-Unbound|100\/100\n|move|p2a: \u673a\u52a8\u7279\u9063\u961fEpsilon-6|Recover|p2a: \u673a\u52a8\u7279\u9063\u961fEpsilon-6\n|-heal|p2a: \u673a\u52a8\u7279\u9063\u961fEpsilon-6|100\/100\n|\n|upkeep\n|turn|6\n|\n|switch|p2a: \u673a\u52a8\u7279\u9063\u961fAlpha-9|Tapu Fini, shiny|100\/100\n|-damage|p2a: \u673a\u52a8\u7279\u9063\u961fAlpha-9|88\/100|[from] Stealth Rock\n|-fieldstart|move: Misty Terrain|[from] ability: Misty Surge|[of] p2a: \u673a\u52a8\u7279\u9063\u961fAlpha-9\n|move|p1a: Hoopa|Hyperspace Fury|p2a: \u673a\u52a8\u7279\u9063\u961fAlpha-9\n|-resisted|p2a: \u673a\u52a8\u7279\u9063\u961fAlpha-9\n|-damage|p2a: \u673a\u52a8\u7279\u9063\u961fAlpha-9|58\/100\n|-unboost|p1a: Hoopa|def|1\n|\n|-heal|p2a: \u673a\u52a8\u7279\u9063\u961fAlpha-9|64\/100|[from] item: Leftovers\n|upkeep\n|turn|7\n|\n|switch|p1a: Muk|Muk-Alola, F|100\/100\n|move|p2a: \u673a\u52a8\u7279\u9063\u961fAlpha-9|Defog|p1a: Muk\n|-unboost|p1a: Muk|evasion|1\n|-sideend|p2: feixiangjiqiren|Stealth Rock|[from] move: Defog|[of] p2a: \u673a\u52a8\u7279\u9063\u961fAlpha-9\n|\n|-heal|p2a: \u673a\u52a8\u7279\u9063\u961fAlpha-9|71\/100|[from] item: Leftovers\n|upkeep\n|turn|8\n|\n|switch|p2a: \u673a\u52a8\u7279\u9063\u961fBeta-4|Scizor-Mega, M|59\/100\n|move|p1a: Muk|Knock Off|p2a: \u673a\u52a8\u7279\u9063\u961fBeta-4\n|-damage|p2a: \u673a\u52a8\u7279\u9063\u961fBeta-4|40\/100\n|\n|upkeep\n|turn|9\n|\n|move|p2a: \u673a\u52a8\u7279\u9063\u961fBeta-4|Roost|p2a: \u673a\u52a8\u7279\u9063\u961fBeta-4\n|-heal|p2a: \u673a\u52a8\u7279\u9063\u961fBeta-4|90\/100\n|-singleturn|p2a: \u673a\u52a8\u7279\u9063\u961fBeta-4|move: Roost\n|move|p1a: Muk|Fire Punch|p2a: \u673a\u52a8\u7279\u9063\u961fBeta-4\n|-supereffective|p2a: \u673a\u52a8\u7279\u9063\u961fBeta-4\n|-damage|p2a: \u673a\u52a8\u7279\u9063\u961fBeta-4|32\/100\n|\n|upkeep\n|turn|10\n|\n|switch|p2a: \u673a\u52a8\u7279\u9063\u961fEpsilon-6|Quagsire, M|100\/100\n|move|p1a: Muk|Knock Off|p2a: \u673a\u52a8\u7279\u9063\u961fEpsilon-6\n|-damage|p2a: \u673a\u52a8\u7279\u9063\u961fEpsilon-6|61\/100\n|-enditem|p2a: \u673a\u52a8\u7279\u9063\u961fEpsilon-6|Leftovers|[from] move: Knock Off|[of] p1a: Muk\n|\n|-fieldend|Misty Terrain\n|upkeep\n|turn|11\n|\n|switch|p1a: Hoopa|Hoopa-Unbound|100\/100\n|move|p2a: \u673a\u52a8\u7279\u9063\u961fEpsilon-6|Scald|p1a: Hoopa\n|-damage|p1a: Hoopa|83\/100\n|\n|upkeep\n|turn|12\n|\n|switch|p2a: \u673a\u52a8\u7279\u9063\u961fAlpha-9|Tapu Fini, shiny|71\/100\n|-fieldstart|move: Misty Terrain|[from] ability: Misty Surge|[of] p2a: \u673a\u52a8\u7279\u9063\u961fAlpha-9\n|move|p1a: Hoopa|Zen Headbutt|p2a: \u673a\u52a8\u7279\u9063\u961fAlpha-9\n|-damage|p2a: \u673a\u52a8\u7279\u9063\u961fAlpha-9|21\/100\n|\n|-heal|p2a: \u673a\u52a8\u7279\u9063\u961fAlpha-9|27\/100|[from] item: Leftovers\n|upkeep\n|turn|13\n|\n|switch|p1a: Landorus|Landorus-Therian, M|88\/100\n|-ability|p1a: Landorus|Intimidate|boost\n|-unboost|p2a: \u673a\u52a8\u7279\u9063\u961fAlpha-9|atk|1\n|move|p2a: \u673a\u52a8\u7279\u9063\u961fAlpha-9|Scald|p1a: Landorus\n|-supereffective|p1a: Landorus\n|-damage|p1a: Landorus|27\/100\n|-status|p1a: Landorus|brn\n|\n|-heal|p2a: \u673a\u52a8\u7279\u9063\u961fAlpha-9|33\/100|[from] item: Leftovers\n|-damage|p1a: Landorus|21\/100 brn|[from] brn\n|upkeep\n|turn|14\n|\n|move|p1a: Landorus|Stealth Rock|p2a: \u673a\u52a8\u7279\u9063\u961fAlpha-9\n|-sidestart|p2: feixiangjiqiren|move: Stealth Rock\n|move|p2a: \u673a\u52a8\u7279\u9063\u961fAlpha-9|Defog|p1a: Landorus\n|-unboost|p1a: Landorus|evasion|1\n|-sideend|p2: feixiangjiqiren|Stealth Rock|[from] move: Defog|[of] p2a: \u673a\u52a8\u7279\u9063\u961fAlpha-9\n|\n|-heal|p2a: \u673a\u52a8\u7279\u9063\u961fAlpha-9|39\/100|[from] item: Leftovers\n|-damage|p1a: Landorus|15\/100 brn|[from] brn\n|upkeep\n|turn|15\n|\n|switch|p2a: \u673a\u52a8\u7279\u9063\u961fTau-5|Tornadus-Therian, M|100\/100\n|move|p1a: Landorus|Earthquake|p2a: \u673a\u52a8\u7279\u9063\u961fTau-5\n|-immune|p2a: \u673a\u52a8\u7279\u9063\u961fTau-5\n|\n|-damage|p1a: Landorus|9\/100 brn|[from] brn\n|upkeep\n|turn|16\n|\n|move|p2a: \u673a\u52a8\u7279\u9063\u961fTau-5|Hurricane|p1a: Landorus\n|-damage|p1a: Landorus|0 fnt\n|faint|p1a: Landorus\n|\n|-fieldend|Misty Terrain\n|upkeep\n|\n|switch|p1a: Muk|Muk-Alola, F|100\/100\n|turn|17\n|\n|move|p2a: \u673a\u52a8\u7279\u9063\u961fTau-5|Hurricane|p1a: Muk|[miss]\n|-miss|p2a: \u673a\u52a8\u7279\u9063\u961fTau-5|p1a: Muk\n|move|p1a: Muk|Knock Off|p2a: \u673a\u52a8\u7279\u9063\u961fTau-5\n|-damage|p2a: \u673a\u52a8\u7279\u9063\u961fTau-5|61\/100\n|\n|upkeep\n|turn|18\n|\n|move|p2a: \u673a\u52a8\u7279\u9063\u961fTau-5|U-turn|p1a: Muk\n|-damage|p1a: Muk|82\/100\n|\n|switch|p2a: \u673a\u52a8\u7279\u9063\u961fEpsilon-6|Quagsire, M|61\/100|[from]move: U-turn\n|move|p1a: Muk|Poison Jab|p2a: \u673a\u52a8\u7279\u9063\u961fEpsilon-6\n|-resisted|p2a: \u673a\u52a8\u7279\u9063\u961fEpsilon-6\n|-damage|p2a: \u673a\u52a8\u7279\u9063\u961fEpsilon-6|46\/100\n|-status|p2a: \u673a\u52a8\u7279\u9063\u961fEpsilon-6|psn\n|\n|-damage|p2a: \u673a\u52a8\u7279\u9063\u961fEpsilon-6|33\/100 psn|[from] psn\n|upkeep\n|turn|19\n|\n|move|p1a: Muk|Knock Off|p2a: \u673a\u52a8\u7279\u9063\u961fEpsilon-6\n|-damage|p2a: \u673a\u52a8\u7279\u9063\u961fEpsilon-6|8\/100 psn\n|move|p2a: \u673a\u52a8\u7279\u9063\u961fEpsilon-6|Recover|p2a: \u673a\u52a8\u7279\u9063\u961fEpsilon-6\n|-heal|p2a: \u673a\u52a8\u7279\u9063\u961fEpsilon-6|58\/100 psn\n|\n|-damage|p2a: \u673a\u52a8\u7279\u9063\u961fEpsilon-6|46\/100 psn|[from] psn\n|upkeep\n|turn|20\n|\n|switch|p1a: Hoopa|Hoopa-Unbound|83\/100\n|move|p2a: \u673a\u52a8\u7279\u9063\u961fEpsilon-6|Scald|p1a: Hoopa\n|-damage|p1a: Hoopa|66\/100\n|\n|-damage|p2a: \u673a\u52a8\u7279\u9063\u961fEpsilon-6|33\/100 psn|[from] psn\n|upkeep\n|turn|21\n|\n|move|p1a: Hoopa|Hyperspace Fury|p2a: \u673a\u52a8\u7279\u9063\u961fEpsilon-6\n|-damage|p2a: \u673a\u52a8\u7279\u9063\u961fEpsilon-6|0 fnt\n|-unboost|p1a: Hoopa|def|1\n|faint|p2a: \u673a\u52a8\u7279\u9063\u961fEpsilon-6\n|\n|upkeep\n|\n|switch|p2a: \u673a\u52a8\u7279\u9063\u961fTau-5|Tornadus-Therian, M|94\/100\n|turn|22\n|\n|switch|p1a: Tapu Fini|Tapu Fini|100\/100\n|-fieldstart|move: Misty Terrain|[from] ability: Misty Surge|[of] p1a: Tapu Fini\n|move|p2a: \u673a\u52a8\u7279\u9063\u961fTau-5|U-turn|p1a: Tapu Fini\n|-resisted|p1a: Tapu Fini\n|-damage|p1a: Tapu Fini|94\/100\n|\n|switch|p2a: \u673a\u52a8\u7279\u9063\u961fBeta-4|Scizor-Mega, M|32\/100|[from]move: U-turn\n|\n|-heal|p1a: Tapu Fini|99\/100|[from] item: Leftovers\n|upkeep\n|turn|23\n|\n|move|p1a: Tapu Fini|Taunt|p2a: \u673a\u52a8\u7279\u9063\u961fBeta-4\n|-start|p2a: \u673a\u52a8\u7279\u9063\u961fBeta-4|move: Taunt\n|cant|p2a: \u673a\u52a8\u7279\u9063\u961fBeta-4|move: Taunt|Roost\n|\n|-heal|p1a: Tapu Fini|100\/100|[from] item: Leftovers\n|upkeep\n|turn|24\n|\n|switch|p2a: \u673a\u52a8\u7279\u9063\u961fGamma-13|Magnezone, shiny|100\/100\n|move|p1a: Tapu Fini|Scald|p2a: \u673a\u52a8\u7279\u9063\u961fGamma-13\n|-damage|p2a: \u673a\u52a8\u7279\u9063\u961fGamma-13|63\/100\n|\n|upkeep\n|turn|25\n|\n|move|p2a: \u673a\u52a8\u7279\u9063\u961fGamma-13|Volt Switch|p1a: Tapu Fini\n|-supereffective|p1a: Tapu Fini\n|-damage|p1a: Tapu Fini|45\/100\n|\n|switch|p2a: \u673a\u52a8\u7279\u9063\u961fBeta-4|Scizor-Mega, M|32\/100|[from]move: Volt Switch\n|move|p1a: Tapu Fini|Scald|p2a: \u673a\u52a8\u7279\u9063\u961fBeta-4\n|-damage|p2a: \u673a\u52a8\u7279\u9063\u961fBeta-4|5\/100\n|\n|-heal|p1a: Tapu Fini|51\/100|[from] item: Leftovers\n|upkeep\n|turn|26\n|\n|move|p2a: \u673a\u52a8\u7279\u9063\u961fBeta-4|Bullet Punch|p1a: Tapu Fini\n|-damage|p1a: Tapu Fini|24\/100\n|move|p1a: Tapu Fini|Scald|p2a: \u673a\u52a8\u7279\u9063\u961fBeta-4\n|-damage|p2a: \u673a\u52a8\u7279\u9063\u961fBeta-4|0 fnt\n|faint|p2a: \u673a\u52a8\u7279\u9063\u961fBeta-4\n|\n|-heal|p1a: Tapu Fini|31\/100|[from] item: Leftovers\n|-fieldend|Misty Terrain\n|upkeep\n|\n|switch|p2a: \u673a\u52a8\u7279\u9063\u961fGamma-13|Magnezone, shiny|63\/100\n|turn|27\n|\n|move|p2a: \u673a\u52a8\u7279\u9063\u961fGamma-13|Thunderbolt|p1a: Tapu Fini\n|-supereffective|p1a: Tapu Fini\n|-damage|p1a: Tapu Fini|0 fnt\n|faint|p1a: Tapu Fini\n|\n|upkeep\n|\n|switch|p1a: Muk|Muk-Alola, F|82\/100\n|turn|28\n|\n|move|p2a: \u673a\u52a8\u7279\u9063\u961fGamma-13|Thunderbolt|p1a: Muk\n|-damage|p1a: Muk|57\/100\n|move|p1a: Muk|Knock Off|p2a: \u673a\u52a8\u7279\u9063\u961fGamma-13\n|-damage|p2a: \u673a\u52a8\u7279\u9063\u961fGamma-13|12\/100\n|-enditem|p2a: \u673a\u52a8\u7279\u9063\u961fGamma-13|Choice Scarf|[from] move: Knock Off|[of] p1a: Muk\n|\n|upkeep\n|turn|29\n|\n|move|p2a: \u673a\u52a8\u7279\u9063\u961fGamma-13|Volt Switch|p1a: Muk\n|-damage|p1a: Muk|39\/100\n|\n|-activate|p2a: \u673a\u52a8\u7279\u9063\u961fGamma-13|move: Pursuit\n|move|p1a: Muk|Pursuit|p2a: \u673a\u52a8\u7279\u9063\u961fGamma-13|[from]Pursuit\n|-damage|p2a: \u673a\u52a8\u7279\u9063\u961fGamma-13|0 fnt\n|-hint|A Pokemon can't switch between when it runs out of HP and when it faints\n|faint|p2a: \u673a\u52a8\u7279\u9063\u961fGamma-13\n|\n|upkeep\n|\n|switch|p2a: \u673a\u52a8\u7279\u9063\u961fTau-5|Tornadus-Therian, M|100\/100\n|turn|30\n|\n|-zpower|p2a: \u673a\u52a8\u7279\u9063\u961fTau-5\n|move|p2a: \u673a\u52a8\u7279\u9063\u961fTau-5|Supersonic Skystrike|p1a: Muk|[zeffect]\n|-damage|p1a: Muk|0 fnt\n|faint|p1a: Muk\n|\n|upkeep\n|\n|switch|p1a: Alakazam|Alakazam, M|100\/100\n|turn|31\n|\n|detailschange|p1a: Alakazam|Alakazam-Mega, M\n|-mega|p1a: Alakazam|Alakazam|Alakazite\n|-ability|p1a: Alakazam|Regenerator|[from] ability: Trace|[of] p2a: \u673a\u52a8\u7279\u9063\u961fTau-5\n|move|p1a: Alakazam|Psychic|p2a: \u673a\u52a8\u7279\u9063\u961fTau-5\n|-damage|p2a: \u673a\u52a8\u7279\u9063\u961fTau-5|33\/100\n|move|p2a: \u673a\u52a8\u7279\u9063\u961fTau-5|U-turn|p1a: Alakazam\n|-supereffective|p1a: Alakazam\n|-damage|p1a: Alakazam|42\/100\n|\n|switch|p2a: \u673a\u52a8\u7279\u9063\u961fEta-10|Chansey, F|100\/100|[from]move: U-turn\n|\n|upkeep\n|turn|32\n|\n|switch|p2a: \u673a\u52a8\u7279\u9063\u961fTau-5|Tornadus-Therian, M|67\/100\n|move|p1a: Alakazam|Recover|p1a: Alakazam\n|-heal|p1a: Alakazam|93\/100\n|\n|upkeep\n|turn|33\n|\n|switch|p2a: \u673a\u52a8\u7279\u9063\u961fEta-10|Chansey, F|100\/100\n|move|p1a: Alakazam|Psychic|p2a: \u673a\u52a8\u7279\u9063\u961fEta-10\n|-damage|p2a: \u673a\u52a8\u7279\u9063\u961fEta-10|83\/100\n|\n|upkeep\n|turn|34\n|\n|move|p1a: Alakazam|Psychic|p2a: \u673a\u52a8\u7279\u9063\u961fEta-10\n|-damage|p2a: \u673a\u52a8\u7279\u9063\u961fEta-10|66\/100\n|move|p2a: \u673a\u52a8\u7279\u9063\u961fEta-10|Toxic|p1a: Alakazam|[miss]\n|-miss|p2a: \u673a\u52a8\u7279\u9063\u961fEta-10|p1a: Alakazam\n|\n|upkeep\n|turn|35\n|\n|switch|p1a: Hoopa|Hoopa-Unbound|66\/100\n|switch|p2a: \u673a\u52a8\u7279\u9063\u961fTau-5|Tornadus-Therian, M|99\/100\n|\n|upkeep\n|turn|36\n|\n|switch|p1a: Greninja|Greninja, M|100\/100\n|move|p2a: \u673a\u52a8\u7279\u9063\u961fTau-5|U-turn|p1a: Greninja\n|-supereffective|p1a: Greninja\n|-damage|p1a: Greninja|51\/100\n|\n|switch|p2a: \u673a\u52a8\u7279\u9063\u961fEta-10|Chansey, F|66\/100|[from]move: U-turn\n|\n|upkeep\n|turn|37\n|\n|move|p1a: Greninja|Spikes|p2a: \u673a\u52a8\u7279\u9063\u961fEta-10\n|-sidestart|p2: feixiangjiqiren|Spikes\n|move|p2a: \u673a\u52a8\u7279\u9063\u961fEta-10|Soft-Boiled|p2a: \u673a\u52a8\u7279\u9063\u961fEta-10\n|-heal|p2a: \u673a\u52a8\u7279\u9063\u961fEta-10|100\/100\n|\n|upkeep\n|turn|38\n|\n|move|p1a: Greninja|Spikes|p2a: \u673a\u52a8\u7279\u9063\u961fEta-10\n|-sidestart|p2: feixiangjiqiren|Spikes\n|move|p2a: \u673a\u52a8\u7279\u9063\u961fEta-10|Seismic Toss|p1a: Greninja\n|-damage|p1a: Greninja|16\/100\n|\n|upkeep\n|turn|39\n|\n|move|p1a: Greninja|Spikes|p2a: \u673a\u52a8\u7279\u9063\u961fEta-10\n|-sidestart|p2: feixiangjiqiren|Spikes\n|move|p2a: \u673a\u52a8\u7279\u9063\u961fEta-10|Stealth Rock|p1a: Greninja\n|-sidestart|p1: TestingTesting1|move: Stealth Rock\n|\n|upkeep\n|turn|40\n|\n|move|p1a: Greninja|Spikes||[still]\n|-fail|p1a: Greninja\n|move|p2a: \u673a\u52a8\u7279\u9063\u961fEta-10|Seismic Toss|p1a: Greninja\n|-damage|p1a: Greninja|0 fnt\n|faint|p1a: Greninja\n|\n|upkeep\n|\n|switch|p1a: Hoopa|Hoopa-Unbound|66\/100\n|-damage|p1a: Hoopa|54\/100|[from] Stealth Rock\n|turn|41\n|\n|switch|p2a: \u673a\u52a8\u7279\u9063\u961fAlpha-9|Tapu Fini, shiny|39\/100\n|-damage|p2a: \u673a\u52a8\u7279\u9063\u961fAlpha-9|14\/100|[from] Spikes\n|-fieldstart|move: Misty Terrain|[from] ability: Misty Surge|[of] p2a: \u673a\u52a8\u7279\u9063\u961fAlpha-9\n|move|p1a: Hoopa|Hyperspace Fury|p2a: \u673a\u52a8\u7279\u9063\u961fAlpha-9\n|-resisted|p2a: \u673a\u52a8\u7279\u9063\u961fAlpha-9\n|-damage|p2a: \u673a\u52a8\u7279\u9063\u961fAlpha-9|0 fnt\n|-unboost|p1a: Hoopa|def|1\n|faint|p2a: \u673a\u52a8\u7279\u9063\u961fAlpha-9\n|\n|upkeep\n|\n|switch|p2a: \u673a\u52a8\u7279\u9063\u961fTau-5|Tornadus-Therian, M|100\/100\n|turn|42\n|\n|switch|p1a: Alakazam|Alakazam-Mega, M|100\/100\n|-damage|p1a: Alakazam|88\/100|[from] Stealth Rock\n|-ability|p1a: Alakazam|Regenerator|[from] ability: Trace|[of] p2a: \u673a\u52a8\u7279\u9063\u961fTau-5\n|move|p2a: \u673a\u52a8\u7279\u9063\u961fTau-5|U-turn|p1a: Alakazam\n|-supereffective|p1a: Alakazam\n|-damage|p1a: Alakazam|28\/100\n|\n|switch|p2a: \u673a\u52a8\u7279\u9063\u961fEta-10|Chansey, F|100\/100|[from]move: U-turn\n|-damage|p2a: \u673a\u52a8\u7279\u9063\u961fEta-10|76\/100|[from] Spikes\n|\n|upkeep\n|turn|43\n|\n|move|p1a: Alakazam|Recover|p1a: Alakazam\n|-heal|p1a: Alakazam|79\/100\n|move|p2a: \u673a\u52a8\u7279\u9063\u961fEta-10|Toxic|p1a: Alakazam\n|-activate|p1a: Alakazam|move: Misty Terrain\n|\n|upkeep\n|turn|44\n|\n|switch|p2a: \u673a\u52a8\u7279\u9063\u961fTau-5|Tornadus-Therian, M|100\/100\n|move|p1a: Alakazam|Psychic|p2a: \u673a\u52a8\u7279\u9063\u961fTau-5\n|-damage|p2a: \u673a\u52a8\u7279\u9063\u961fTau-5|35\/100\n|\n|upkeep\n|turn|45\n|\n|switch|p2a: \u673a\u52a8\u7279\u9063\u961fEta-10|Chansey, F|76\/100\n|-damage|p2a: \u673a\u52a8\u7279\u9063\u961fEta-10|51\/100|[from] Spikes\n|move|p1a: Alakazam|Psychic|p2a: \u673a\u52a8\u7279\u9063\u961fEta-10\n|-damage|p2a: \u673a\u52a8\u7279\u9063\u961fEta-10|32\/100\n|\n|-fieldend|Misty Terrain\n|upkeep\n|turn|46\n|\n|move|p1a: Alakazam|Focus Blast|p2a: \u673a\u52a8\u7279\u9063\u961fEta-10|[miss]\n|-miss|p1a: Alakazam|p2a: \u673a\u52a8\u7279\u9063\u961fEta-10\n|move|p2a: \u673a\u52a8\u7279\u9063\u961fEta-10|Soft-Boiled|p2a: \u673a\u52a8\u7279\u9063\u961fEta-10\n|-heal|p2a: \u673a\u52a8\u7279\u9063\u961fEta-10|82\/100\n|\n|upkeep\n|turn|47\n|\n|switch|p1a: Hoopa|Hoopa-Unbound|54\/100\n|-damage|p1a: Hoopa|41\/100|[from] Stealth Rock\n|switch|p2a: \u673a\u52a8\u7279\u9063\u961fTau-5|Tornadus-Therian, M|68\/100\n|\n|upkeep\n|turn|48\n|\n|switch|p1a: Alakazam|Alakazam-Mega, M|100\/100\n|-damage|p1a: Alakazam|88\/100|[from] Stealth Rock\n|-ability|p1a: Alakazam|Regenerator|[from] ability: Trace|[of] p2a: \u673a\u52a8\u7279\u9063\u961fTau-5\n|move|p2a: \u673a\u52a8\u7279\u9063\u961fTau-5|U-turn|p1a: Alakazam\n|-supereffective|p1a: Alakazam\n|-damage|p1a: Alakazam|32\/100\n|\n|switch|p2a: \u673a\u52a8\u7279\u9063\u961fEta-10|Chansey, F|82\/100|[from]move: U-turn\n|-damage|p2a: \u673a\u52a8\u7279\u9063\u961fEta-10|57\/100|[from] Spikes\n|\n|upkeep\n|turn|49\n|\n|switch|p1a: Hoopa|Hoopa-Unbound|41\/100\n|-damage|p1a: Hoopa|29\/100|[from] Stealth Rock\n|move|p2a: \u673a\u52a8\u7279\u9063\u961fEta-10|Seismic Toss|p1a: Hoopa\n|-damage|p1a: Hoopa|0 fnt\n|faint|p1a: Hoopa\n|\n|upkeep\n|\n|switch|p1a: Alakazam|Alakazam-Mega, M|65\/100\n|-damage|p1a: Alakazam|53\/100|[from] Stealth Rock\n|-ability|p1a: Alakazam|Natural Cure|[from] ability: Trace|[of] p2a: \u673a\u52a8\u7279\u9063\u961fEta-10\n|turn|50\n|c|\u2606feixiangjiqiren|gg\n|\n|move|p1a: Alakazam|Psychic|p2a: \u673a\u52a8\u7279\u9063\u961fEta-10\n|-damage|p2a: \u673a\u52a8\u7279\u9063\u961fEta-10|38\/100\n|move|p2a: \u673a\u52a8\u7279\u9063\u961fEta-10|Soft-Boiled|p2a: \u673a\u52a8\u7279\u9063\u961fEta-10\n|-heal|p2a: \u673a\u52a8\u7279\u9063\u961fEta-10|88\/100\n|\n|upkeep\n|turn|51\n|\n|move|p1a: Alakazam|Focus Blast|p2a: \u673a\u52a8\u7279\u9063\u961fEta-10|[miss]\n|-miss|p1a: Alakazam|p2a: \u673a\u52a8\u7279\u9063\u961fEta-10\n|move|p2a: \u673a\u52a8\u7279\u9063\u961fEta-10|Toxic|p1a: Alakazam\n|-status|p1a: Alakazam|tox\n|\n|-damage|p1a: Alakazam|47\/100 tox|[from] psn\n|upkeep\n|turn|52\n|\n|move|p1a: Alakazam|Psychic|p2a: \u673a\u52a8\u7279\u9063\u961fEta-10\n|-damage|p2a: \u673a\u52a8\u7279\u9063\u961fEta-10|69\/100\n|move|p2a: \u673a\u52a8\u7279\u9063\u961fEta-10|Seismic Toss|p1a: Alakazam\n|-damage|p1a: Alakazam|7\/100 tox\n|\n|-damage|p1a: Alakazam|0 fnt|[from] psn\n|faint|p1a: Alakazam\n|\n|win|feixiangjiqiren\n|upkeep\n|l|\u2606TestingTesting1\n|raw|TestingTesting1's rating: 1513 &rarr; <strong>1499<\/strong><br \/>(-14 for losing)\n|raw|feixiangjiqiren's rating: 1615 &rarr; <strong>1629<\/strong><br \/>(+14 for winning)\n","uploadtime":1588392519,"views":8,"p1id":"testingtesting1","p2id":"feixiangjiqiren","formatid":"gen7ou","rating":1499,"private":0,"password":null}