{"id":"gen7anythinggoes-1694221249","p1":"Yokobaby","p2":"BNA striking","format":"gen7anythinggoes","log":"|j|\u2606Yokobaby\n|j|\u2606BNA striking\n|inactive|Battle timer is ON: inactive players will automatically lose when time's up.\n|t:|1666680133\n|gametype|singles\n|player|p1|Yokobaby|cynthia-masters|\n|player|p2|BNA striking|waitress-gen4|\n|teamsize|p1|6\n|teamsize|p2|6\n|gen|7\n|tier|[Gen 7] Anything Goes\n|rated|Tournament battle\n|rule|HP Percentage Mod: HP is shown in percentages\n|rule|Endless Battle Clause: Forcing endless battles is banned\n|clearpoke\n|poke|p1|Deoxys-Speed|item\n|poke|p1|Arceus-*|item\n|poke|p1|Arceus-*|item\n|poke|p1|Arceus-*|item\n|poke|p1|Groudon|item\n|poke|p1|Rayquaza|item\n|poke|p2|Deoxys-Attack|item\n|poke|p2|Xerneas-*|item\n|poke|p2|Deoxys-Attack|item\n|poke|p2|Necrozma-Dusk-Mane|item\n|poke|p2|Deoxys-Attack|item\n|poke|p2|Tapu Lele|item\n|teampreview\n|inactive|BNA striking also wants the timer to be on.\n|\n|t:|1666680151\n|start\n|switch|p1a: \u86c7\u874e|Deoxys-Speed|100\/100\n|switch|p2a: Deoxys|Deoxys-Attack|100\/100\n|-ability|p2a: Deoxys|Pressure\n|-ability|p1a: \u86c7\u874e|Pressure\n|turn|1\n|\n|t:|1666680161\n|move|p2a: Deoxys|Dark Pulse|p1a: \u86c7\u874e\n|-supereffective|p1a: \u86c7\u874e\n|-damage|p1a: \u86c7\u874e|6\/100\n|move|p1a: \u86c7\u874e|Taunt|p2a: Deoxys\n|-start|p2a: Deoxys|move: Taunt\n|\n|upkeep\n|turn|2\n|\n|t:|1666680166\n|switch|p1a: \u4e0d\u60e7|Arceus-Fairy|100\/100\n|move|p2a: Deoxys|Dark Pulse|p1a: \u4e0d\u60e7\n|-resisted|p1a: \u4e0d\u60e7\n|-damage|p1a: \u4e0d\u60e7|88\/100\n|\n|upkeep\n|turn|3\n|\n|t:|1666680171\n|switch|p2a: Deoxys|Deoxys-Attack|100\/100\n|-ability|p2a: Deoxys|Pressure\n|move|p1a: \u4e0d\u60e7|Stealth Rock|p2a: Deoxys\n|-sidestart|p2: BNA striking|move: Stealth Rock\n|\n|upkeep\n|turn|4\n|\n|t:|1666680177\n|move|p2a: Deoxys|Stealth Rock|p1a: \u4e0d\u60e7\n|-sidestart|p1: Yokobaby|move: Stealth Rock\n|move|p1a: \u4e0d\u60e7|Judgment|p2a: Deoxys\n|-enditem|p2a: Deoxys|Focus Sash\n|-damage|p2a: Deoxys|1\/100\n|\n|upkeep\n|turn|5\n|\n|t:|1666680180\n|move|p2a: Deoxys|Psycho Boost|p1a: \u4e0d\u60e7\n|-damage|p1a: \u4e0d\u60e7|26\/100\n|-unboost|p2a: Deoxys|spa|2\n|move|p1a: \u4e0d\u60e7|Judgment|p2a: Deoxys\n|-crit|p2a: Deoxys\n|-damage|p2a: Deoxys|0 fnt\n|faint|p2a: Deoxys\n|\n|upkeep\n|\n|t:|1666680182\n|switch|p2a: Tapu Lele|Tapu Lele|100\/100\n|-damage|p2a: Tapu Lele|88\/100|[from] Stealth Rock\n|-fieldstart|move: Psychic Terrain|[from] ability: Psychic Surge|[of] p2a: Tapu Lele\n|turn|6\n|\n|t:|1666680186\n|move|p1a: \u4e0d\u60e7|Judgment|p2a: Tapu Lele\n|-damage|p2a: Tapu Lele|33\/100\n|move|p2a: Tapu Lele|Psychic|p1a: \u4e0d\u60e7\n|-damage|p1a: \u4e0d\u60e7|0 fnt\n|faint|p1a: \u4e0d\u60e7\n|\n|upkeep\n|\n|t:|1666680200\n|switch|p1a: \u6234\u5929|Arceus-Ground|100\/100\n|-damage|p1a: \u6234\u5929|94\/100|[from] Stealth Rock\n|turn|7\n|\n|t:|1666680205\n|move|p1a: \u6234\u5929|Earthquake|p2a: Tapu Lele\n|-damage|p2a: Tapu Lele|0 fnt\n|faint|p2a: Tapu Lele\n|\n|upkeep\n|\n|t:|1666680211\n|switch|p2a: Deoxys|Deoxys-Attack|100\/100\n|-damage|p2a: Deoxys|88\/100|[from] Stealth Rock\n|-ability|p2a: Deoxys|Pressure\n|turn|8\n|\n|t:|1666680215\n|switch|p1a: \u86c7\u874e|Deoxys-Speed|6\/100\n|-damage|p1a: \u86c7\u874e|0 fnt|[from] Stealth Rock\n|faint|p1a: \u86c7\u874e\n|move|p2a: Deoxys|Psycho Boost|p1: \u86c7\u874e|[notarget]\n|-fail|p2a: Deoxys\n|\n|upkeep\n|\n|t:|1666680232\n|switch|p1a: \u9802\u7d4c|Groudon|100\/100\n|-damage|p1a: \u9802\u7d4c|94\/100|[from] Stealth Rock\n|detailschange|p1a: \u9802\u7d4c|Groudon-Primal\n|-primal|p1a: \u9802\u7d4c\n|-weather|DesolateLand|[from] ability: Desolate Land|[of] p1a: \u9802\u7d4c\n|turn|9\n|\n|t:|1666680237\n|move|p2a: Deoxys|Psycho Boost|p1a: \u9802\u7d4c\n|-damage|p1a: \u9802\u7d4c|0 fnt\n|-unboost|p2a: Deoxys|spa|2\n|faint|p1a: \u9802\u7d4c\n|-weather|none\n|\n|upkeep\n|\n|t:|1666680248\n|switch|p1a: \u6234\u5929|Arceus-Ground|94\/100\n|-damage|p1a: \u6234\u5929|88\/100|[from] Stealth Rock\n|turn|10\n|\n|t:|1666680257\n|move|p2a: Deoxys|Psycho Boost|p1a: \u6234\u5929\n|-damage|p1a: \u6234\u5929|40\/100\n|-unboost|p2a: Deoxys|spa|2\n|move|p1a: \u6234\u5929|Earthquake|p2a: Deoxys\n|-damage|p2a: Deoxys|0 fnt\n|faint|p2a: Deoxys\n|\n|upkeep\n|\n|t:|1666680263\n|switch|p2a: Necrozma|Necrozma-Dusk-Mane|100\/100\n|-damage|p2a: Necrozma|95\/100|[from] Stealth Rock\n|turn|11\n|\n|t:|1666680265\n|detailschange|p2a: Necrozma|Necrozma-Ultra\n|-burst|p2a: Necrozma|Necrozma|Ultranecrozium Z\n|move|p2a: Necrozma|Photon Geyser|p1a: \u6234\u5929\n|-damage|p1a: \u6234\u5929|0 fnt\n|faint|p1a: \u6234\u5929\n|\n|upkeep\n|\n|t:|1666680270\n|switch|p1a: \u91d1\u525b|Arceus|100\/100\n|-damage|p1a: \u91d1\u525b|88\/100|[from] Stealth Rock\n|turn|12\n|j| wolfsica ^\u25cf-\u25cf^\n|\n|t:|1666680273\n|-zpower|p2a: Necrozma\n|move|p2a: Necrozma|Light That Burns the Sky|p1a: \u91d1\u525b|[zeffect]\n|-damage|p1a: \u91d1\u525b|0 fnt\n|faint|p1a: \u91d1\u525b\n|\n|upkeep\n|\n|t:|1666680276\n|switch|p1a: \u738b\u9855|Rayquaza|100\/100\n|-damage|p1a: \u738b\u9855|76\/100|[from] Stealth Rock\n|-ability|p1a: \u738b\u9855|Air Lock\n|turn|13\n|\n|t:|1666680281\n|detailschange|p1a: \u738b\u9855|Rayquaza-Mega\n|-mega|p1a: \u738b\u9855|Rayquaza|\n|-weather|DeltaStream|[from] ability: Delta Stream|[of] p1a: \u738b\u9855\n|move|p2a: Necrozma|Photon Geyser|p1a: \u738b\u9855\n|-damage|p1a: \u738b\u9855|0 fnt\n|faint|p1a: \u738b\u9855\n|-weather|none\n|\n|win|BNA striking\n|n|\u2606Yokobaby|yokobaby\n|n|\u2606BNA striking|bnastriking\n|n| wolfsica ^\u25cf-\u25cf^|wolfsica\n","uploadtime":1666680282,"views":12,"p1id":"yokobaby","p2id":"bnastriking","formatid":"gen7anythinggoes","rating":0,"private":0,"password":null}