{"id":"gen7ou-964693077","p1":"Shardul888","p2":"Mehdiocre","format":"gen7ou","log":"|j|\u2606Shardul888\n|j|\u2606Mehdiocre\n|player|p1|Shardul888|92|1451\n|player|p2|Mehdiocre|55|1439\n|teamsize|p1|6\n|teamsize|p2|6\n|gametype|singles\n|gen|7\n|tier|[Gen 7] OU\n|rated|\n|rule|Sleep Clause Mod: Limit one foe put to sleep\n|rule|Species Clause: Limit one of each Pok\u00e9mon\n|rule|OHKO Clause: OHKO moves are banned\n|rule|Moody Clause: Moody is banned\n|rule|Evasion Moves Clause: Evasion moves are banned\n|rule|Endless Battle Clause: Forcing endless battles is banned\n|rule|HP Percentage Mod: HP is shown in percentages\n|clearpoke\n|poke|p1|Venusaur, F|item\n|poke|p1|Magearna|item\n|poke|p1|Dragonite, F|item\n|poke|p1|Gliscor, F|item\n|poke|p1|Conkeldurr, M|item\n|poke|p1|Primarina, F|item\n|poke|p2|Excadrill, M|item\n|poke|p2|Cradily, M|item\n|poke|p2|Tyranitar, F|item\n|poke|p2|Tapu Lele|item\n|poke|p2|Tornadus-Therian, M|item\n|poke|p2|Tentacruel, F|item\n|teampreview\n|inactive|Battle timer is ON: inactive players will automatically lose when time's up. (requested by Shardul888)\n|\n|start\n|switch|p1a: Pearl|Primarina, F|100\/100\n|switch|p2a: Torn on the Moon|Tornadus-Therian, M|100\/100\n|turn|1\n|\n|move|p2a: Torn on the Moon|Knock Off|p1a: Pearl\n|-resisted|p1a: Pearl\n|-damage|p1a: Pearl|89\/100\n|-enditem|p1a: Pearl|Assault Vest|[from] move: Knock Off|[of] p2a: Torn on the Moon\n|move|p1a: Pearl|Ice Beam|p2a: Torn on the Moon\n|-supereffective|p2a: Torn on the Moon\n|-damage|p2a: Torn on the Moon|14\/100\n|\n|upkeep\n|turn|2\n|\n|move|p1a: Pearl|Aqua Jet|p2a: Torn on the Moon\n|-damage|p2a: Torn on the Moon|0 fnt\n|-damage|p1a: Pearl|72\/100|[from] item: Rocky Helmet|[of] p2a: Torn on the Moon\n|faint|p2a: Torn on the Moon\n|\n|upkeep\n|\n|switch|p2a: Dad|Tentacruel, F|100\/100\n|turn|3\n|\n|switch|p1a: Sandstorm|Gliscor, F|100\/100\n|move|p2a: Dad|Scald|p1a: Sandstorm\n|-supereffective|p1a: Sandstorm\n|-damage|p1a: Sandstorm|46\/100\n|\n|-status|p1a: Sandstorm|tox|[from] item: Toxic Orb\n|upkeep\n|turn|4\n|c|\u2606Mehdiocre|Never burn the badly switched in gliscors with scald.\n|\n|move|p1a: Sandstorm|Protect|p1a: Sandstorm\n|-singleturn|p1a: Sandstorm|Protect\n|move|p2a: Dad|Scald|p1a: Sandstorm\n|-activate|p1a: Sandstorm|move: Protect\n|\n|-heal|p1a: Sandstorm|59\/100 tox|[from] ability: Poison Heal\n|upkeep\n|turn|5\n|\n|move|p2a: Dad|Scald|p1a: Sandstorm\n|-supereffective|p1a: Sandstorm\n|-damage|p1a: Sandstorm|7\/100 tox\n|move|p1a: Sandstorm|Knock Off|p2a: Dad\n|-damage|p2a: Dad|71\/100\n|-enditem|p2a: Dad|Black Sludge|[from] move: Knock Off|[of] p1a: Sandstorm\n|\n|-heal|p1a: Sandstorm|20\/100 tox|[from] ability: Poison Heal\n|upkeep\n|turn|6\n|\n|move|p1a: Sandstorm|Protect|p1a: Sandstorm\n|-singleturn|p1a: Sandstorm|Protect\n|move|p2a: Dad|Scald|p1a: Sandstorm\n|-activate|p1a: Sandstorm|move: Protect\n|\n|-heal|p1a: Sandstorm|32\/100 tox|[from] ability: Poison Heal\n|upkeep\n|turn|7\n|\n|switch|p2a: Tapu Lele|Tapu Lele|100\/100\n|-fieldstart|move: Psychic Terrain|[from] ability: Psychic Surge|[of] p2a: Tapu Lele\n|switch|p1a: Sky|Dragonite, F|100\/100\n|\n|upkeep\n|turn|8\n|\n|switch|p1a: Machine|Magearna|100\/100\n|move|p2a: Tapu Lele|Moonblast|p1a: Machine\n|-resisted|p1a: Machine\n|-damage|p1a: Machine|79\/100\n|\n|upkeep\n|turn|9\n|\n|switch|p2a: Silver Spoon|Tyranitar, F|100\/100\n|-weather|Sandstorm|[from] ability: Sand Stream|[of] p2a: Silver Spoon\n|move|p1a: Machine|Dazzling Gleam|p2a: Silver Spoon\n|-supereffective|p2a: Silver Spoon\n|-damage|p2a: Silver Spoon|54\/100\n|\n|-weather|Sandstorm|[upkeep]\n|upkeep\n|turn|10\n|\n|switch|p1a: Pearl|Primarina, F|72\/100\n|switch|p2a: Cradily|Cradily, M|100\/100\n|\n|-weather|Sandstorm|[upkeep]\n|-damage|p1a: Pearl|66\/100|[from] Sandstorm\n|upkeep\n|turn|11\n|\n|move|p1a: Pearl|Ice Beam|p2a: Cradily\n|-supereffective|p2a: Cradily\n|-damage|p2a: Cradily|71\/100\n|-status|p2a: Cradily|frz\n|cant|p2a: Cradily|frz\n|\n|-weather|Sandstorm|[upkeep]\n|-damage|p1a: Pearl|60\/100|[from] Sandstorm\n|-heal|p2a: Cradily|77\/100 frz|[from] item: Leftovers\n|-fieldend|move: Psychic Terrain\n|upkeep\n|turn|12\n|c|\u2606Mehdiocre|Really.\n|\n|switch|p1a: Sandstorm|Gliscor, F|32\/100 tox\n|-curestatus|p2a: Cradily|frz|[msg]\n|move|p2a: Cradily|Giga Drain|p1a: Sandstorm\n|-damage|p1a: Sandstorm|5\/100 tox\n|-heal|p2a: Cradily|90\/100|[from] drain|[of] p1a: Sandstorm\n|\n|-weather|Sandstorm|[upkeep]\n|-heal|p2a: Cradily|96\/100|[from] item: Leftovers\n|-heal|p1a: Sandstorm|17\/100 tox|[from] ability: Poison Heal\n|upkeep\n|turn|13\n|\n|move|p1a: Sandstorm|Protect|p1a: Sandstorm\n|-singleturn|p1a: Sandstorm|Protect\n|move|p2a: Cradily|Stealth Rock|p1a: Sandstorm\n|-sidestart|p1: Shardul888|move: Stealth Rock\n|\n|-weather|Sandstorm|[upkeep]\n|-heal|p2a: Cradily|100\/100|[from] item: Leftovers\n|-heal|p1a: Sandstorm|30\/100 tox|[from] ability: Poison Heal\n|upkeep\n|turn|14\n|\n|move|p1a: Sandstorm|Defog|p2a: Cradily\n|-unboost|p2a: Cradily|evasion|1\n|-sideend|p1: Shardul888|Stealth Rock|[from] move: Defog|[of] p1a: Sandstorm\n|move|p2a: Cradily|Giga Drain|p1a: Sandstorm\n|-damage|p1a: Sandstorm|3\/100 tox\n|\n|-weather|Sandstorm|[upkeep]\n|-heal|p1a: Sandstorm|15\/100 tox|[from] ability: Poison Heal\n|upkeep\n|turn|15\n|\n|move|p1a: Sandstorm|Protect|p1a: Sandstorm\n|-singleturn|p1a: Sandstorm|Protect\n|move|p2a: Cradily|Stealth Rock|p1a: Sandstorm\n|-sidestart|p1: Shardul888|move: Stealth Rock\n|\n|-weather|Sandstorm|[upkeep]\n|-heal|p1a: Sandstorm|28\/100 tox|[from] ability: Poison Heal\n|upkeep\n|turn|16\n|\n|move|p1a: Sandstorm|Defog|p2a: Cradily\n|-unboost|p2a: Cradily|evasion|1\n|-sideend|p1: Shardul888|Stealth Rock|[from] move: Defog|[of] p1a: Sandstorm\n|move|p2a: Cradily|Giga Drain|p1a: Sandstorm\n|-damage|p1a: Sandstorm|1\/100 tox\n|\n|-weather|none\n|-heal|p1a: Sandstorm|14\/100 tox|[from] ability: Poison Heal\n|upkeep\n|turn|17\n|\n|switch|p1a: Pound|Conkeldurr, M|100\/100\n|move|p2a: Cradily|Stealth Rock|p1a: Pound\n|-sidestart|p1: Shardul888|move: Stealth Rock\n|\n|upkeep\n|turn|18\n|\n|switch|p2a: Dad|Tentacruel, F|71\/100\n|move|p1a: Pound|Drain Punch|p2a: Dad\n|-resisted|p2a: Dad\n|-damage|p2a: Dad|41\/100\n|-damage|p1a: Pound|87\/100|[from] ability: Liquid Ooze|[of] p2a: Dad\n|\n|upkeep\n|turn|19\n|\n|move|p2a: Dad|Scald|p1a: Pound\n|-damage|p1a: Pound|68\/100\n|move|p1a: Pound|Rock Slide|p2a: Dad\n|-damage|p2a: Dad|0 fnt\n|faint|p2a: Dad\n|\n|upkeep\n|\n|switch|p2a: Tapu Lele|Tapu Lele|100\/100\n|-fieldstart|move: Psychic Terrain|[from] ability: Psychic Surge|[of] p2a: Tapu Lele\n|turn|20\n|\n|switch|p1a: Machine|Magearna|79\/100\n|-damage|p1a: Machine|73\/100|[from] Stealth Rock\n|move|p2a: Tapu Lele|Psyshock|p1a: Machine\n|-resisted|p1a: Machine\n|-crit|p1a: Machine\n|-damage|p1a: Machine|36\/100\n|\n|upkeep\n|turn|21\n|\n|switch|p2a: Silver Spoon|Tyranitar, F|54\/100\n|-weather|Sandstorm|[from] ability: Sand Stream|[of] p2a: Silver Spoon\n|move|p1a: Machine|Dazzling Gleam|p2a: Silver Spoon\n|-supereffective|p2a: Silver Spoon\n|-damage|p2a: Silver Spoon|7\/100\n|\n|-weather|Sandstorm|[upkeep]\n|upkeep\n|turn|22\n|\n|-activate|p1a: Machine|move: Pursuit\n|move|p2a: Silver Spoon|Pursuit|p1a: Machine|[from]Pursuit\n|-resisted|p1a: Machine\n|-damage|p1a: Machine|18\/100\n|-enditem|p1a: Machine|Aguav Berry|[eat]\n|-heal|p1a: Machine|68\/100|[from] item: Aguav Berry\n|switch|p1a: Sandstorm|Gliscor, F|14\/100 tox\n|-damage|p1a: Sandstorm|1\/100 tox|[from] Stealth Rock\n|\n|-weather|Sandstorm|[upkeep]\n|-heal|p1a: Sandstorm|14\/100 tox|[from] ability: Poison Heal\n|upkeep\n|turn|23\n|\n|move|p1a: Sandstorm|Protect|p1a: Sandstorm\n|-singleturn|p1a: Sandstorm|Protect\n|move|p2a: Silver Spoon|Ice Beam|p1a: Sandstorm\n|-activate|p1a: Sandstorm|move: Protect\n|\n|-weather|Sandstorm|[upkeep]\n|-heal|p1a: Sandstorm|26\/100 tox|[from] ability: Poison Heal\n|upkeep\n|turn|24\n|\n|switch|p2a: Cradily|Cradily, M|100\/100\n|move|p1a: Sandstorm|Defog|p2a: Cradily\n|-unboost|p2a: Cradily|evasion|1\n|-sideend|p1: Shardul888|Stealth Rock|[from] move: Defog|[of] p1a: Sandstorm\n|\n|-weather|Sandstorm|[upkeep]\n|-heal|p1a: Sandstorm|39\/100 tox|[from] ability: Poison Heal\n|-fieldend|move: Psychic Terrain\n|upkeep\n|turn|25\n|\n|move|p1a: Sandstorm|Toxic|p2a: Cradily\n|-status|p2a: Cradily|tox\n|move|p2a: Cradily|Stealth Rock|p1a: Sandstorm\n|-sidestart|p1: Shardul888|move: Stealth Rock\n|\n|-weather|Sandstorm|[upkeep]\n|-heal|p1a: Sandstorm|51\/100 tox|[from] ability: Poison Heal\n|-damage|p2a: Cradily|94\/100 tox|[from] psn\n|upkeep\n|turn|26\n|\n|switch|p2a: Tapu Lele|Tapu Lele|100\/100\n|-fieldstart|move: Psychic Terrain|[from] ability: Psychic Surge|[of] p2a: Tapu Lele\n|move|p1a: Sandstorm|Defog|p2a: Tapu Lele\n|-unboost|p2a: Tapu Lele|evasion|1\n|-sideend|p1: Shardul888|Stealth Rock|[from] move: Defog|[of] p1a: Sandstorm\n|\n|-weather|Sandstorm|[upkeep]\n|-damage|p2a: Tapu Lele|94\/100|[from] Sandstorm\n|-heal|p1a: Sandstorm|63\/100 tox|[from] ability: Poison Heal\n|upkeep\n|turn|27\n|\n|move|p1a: Sandstorm|Protect|p1a: Sandstorm\n|-singleturn|p1a: Sandstorm|Protect\n|move|p2a: Tapu Lele|Psychic|p1a: Sandstorm\n|-activate|p1a: Sandstorm|move: Protect\n|\n|-weather|Sandstorm|[upkeep]\n|-damage|p2a: Tapu Lele|88\/100|[from] Sandstorm\n|-heal|p1a: Sandstorm|76\/100 tox|[from] ability: Poison Heal\n|upkeep\n|turn|28\n|\n|switch|p1a: Machine|Magearna|68\/100\n|move|p2a: Tapu Lele|Psychic|p1a: Machine\n|-resisted|p1a: Machine\n|-damage|p1a: Machine|42\/100\n|\n|-weather|none\n|upkeep\n|turn|29\n|\n|switch|p2a: Silver Spoon|Tyranitar, F|7\/100\n|-weather|Sandstorm|[from] ability: Sand Stream|[of] p2a: Silver Spoon\n|move|p1a: Machine|Aura Sphere|p2a: Silver Spoon\n|-supereffective|p2a: Silver Spoon\n|-damage|p2a: Silver Spoon|0 fnt\n|faint|p2a: Silver Spoon\n|-ability|p1a: Machine|Soul-Heart|boost\n|-boost|p1a: Machine|spa|1\n|\n|-weather|Sandstorm|[upkeep]\n|upkeep\n|\n|switch|p2a: Cat|Excadrill, M|100\/100\n|turn|30\n|\n|switch|p1a: Sandstorm|Gliscor, F|76\/100 tox\n|-zpower|p2a: Cat\n|move|p2a: Cat|Corkscrew Crash|p1a: Sandstorm|[zeffect]\n|-damage|p1a: Sandstorm|23\/100 tox\n|\n|-weather|Sandstorm|[upkeep]\n|-heal|p1a: Sandstorm|36\/100 tox|[from] ability: Poison Heal\n|-fieldend|move: Psychic Terrain\n|upkeep\n|turn|31\n|\n|move|p2a: Cat|Swords Dance|p2a: Cat\n|-boost|p2a: Cat|atk|2\n|move|p1a: Sandstorm|Knock Off|p2a: Cat\n|-damage|p2a: Cat|80\/100\n|\n|-weather|Sandstorm|[upkeep]\n|-heal|p1a: Sandstorm|48\/100 tox|[from] ability: Poison Heal\n|upkeep\n|turn|32\n|\n|move|p1a: Sandstorm|Protect|p1a: Sandstorm\n|-singleturn|p1a: Sandstorm|Protect\n|move|p2a: Cat|Iron Head|p1a: Sandstorm\n|-activate|p1a: Sandstorm|move: Protect\n|\n|-weather|Sandstorm|[upkeep]\n|-heal|p1a: Sandstorm|60\/100 tox|[from] ability: Poison Heal\n|upkeep\n|turn|33\n|\n|switch|p1a: Pound|Conkeldurr, M|68\/100\n|move|p2a: Cat|Iron Head|p1a: Pound\n|-crit|p1a: Pound\n|-damage|p1a: Pound|0 fnt\n|faint|p1a: Pound\n|\n|-weather|Sandstorm|[upkeep]\n|upkeep\n|\n|switch|p1a: Sandstorm|Gliscor, F|60\/100 tox\n|turn|34\n|\n|move|p1a: Sandstorm|Protect|p1a: Sandstorm\n|-singleturn|p1a: Sandstorm|Protect\n|move|p2a: Cat|Swords Dance|p2a: Cat\n|-boost|p2a: Cat|atk|2\n|\n|-weather|Sandstorm|[upkeep]\n|-heal|p1a: Sandstorm|73\/100 tox|[from] ability: Poison Heal\n|upkeep\n|turn|35\n|\n|move|p1a: Sandstorm|Protect||[still]\n|-fail|p1a: Sandstorm\n|move|p2a: Cat|Iron Head|p1a: Sandstorm\n|-damage|p1a: Sandstorm|2\/100 tox\n|\n|-weather|Sandstorm|[upkeep]\n|-heal|p1a: Sandstorm|15\/100 tox|[from] ability: Poison Heal\n|upkeep\n|turn|36\n|\n|move|p1a: Sandstorm|Protect|p1a: Sandstorm\n|-singleturn|p1a: Sandstorm|Protect\n|move|p2a: Cat|Swords Dance|p2a: Cat\n|-boost|p2a: Cat|atk|2\n|\n|-weather|none\n|-heal|p1a: Sandstorm|27\/100 tox|[from] ability: Poison Heal\n|upkeep\n|turn|37\n|\n|move|p2a: Cat|Iron Head|p1a: Sandstorm\n|-damage|p1a: Sandstorm|0 fnt\n|faint|p1a: Sandstorm\n|\n|upkeep\n|\n|switch|p1a: Sky|Dragonite, F|100\/100\n|turn|38\n|\n|move|p2a: Cat|Iron Head|p1a: Sky\n|-damage|p1a: Sky|26\/100\n|cant|p1a: Sky|flinch\n|\n|upkeep\n|turn|39\n|\n|move|p1a: Sky|Extreme Speed|p2a: Cat\n|-resisted|p2a: Cat\n|-crit|p2a: Cat\n|-damage|p2a: Cat|45\/100\n|move|p2a: Cat|Iron Head|p1a: Sky\n|-damage|p1a: Sky|0 fnt\n|faint|p1a: Sky\n|\n|upkeep\n|\n|switch|p1a: Pearl|Primarina, F|60\/100\n|turn|40\n|\n|move|p1a: Pearl|Aqua Jet|p2a: Cat\n|-supereffective|p2a: Cat\n|-damage|p2a: Cat|17\/100\n|move|p2a: Cat|Iron Head|p1a: Pearl\n|-damage|p1a: Pearl|0 fnt\n|faint|p1a: Pearl\n|\n|upkeep\n|\n|switch|p1a: King|Venusaur, F|100\/100\n|turn|41\n|\n|detailschange|p1a: King|Venusaur-Mega, F\n|-mega|p1a: King|Venusaur|Venusaurite\n|move|p2a: Cat|Earthquake|p1a: King\n|-damage|p1a: King|0 fnt\n|faint|p1a: King\n|\n|upkeep\n|-message|Shardul888 forfeited.\n|\n|win|Mehdiocre\n|l|\u2606Shardul888\n|raw|Shardul888's rating: 1451 &rarr; <strong>1430<\/strong><br \/>(-21 for losing)\n|raw|Mehdiocre's rating: 1439 &rarr; <strong>1459<\/strong><br \/>(+20 for winning)\n","uploadtime":1566559805,"views":5,"p1id":"shardul888","p2id":"mehdiocre","formatid":"gen7ou","rating":1430,"private":0,"password":null}