{"id":"gen7nu-887137126","p1":"BugCatcherWeevil","p2":"SSalamence","format":"gen7nu","log":"|j|\u2606BugCatcherWeevil\n|j|\u2606SSalamence\n|player|p1|BugCatcherWeevil|7\n|player|p2|SSalamence|290\n|teamsize|p1|6\n|teamsize|p2|6\n|gametype|singles\n|gen|7\n|tier|[Gen 7] NU\n|rated|\n|rule|Sleep Clause Mod: Limit one foe put to sleep\n|rule|Species Clause: Limit one of each Pok\u00e9mon\n|rule|OHKO Clause: OHKO moves are banned\n|rule|Moody Clause: Moody is banned\n|rule|Evasion Moves Clause: Evasion moves are banned\n|rule|Endless Battle Clause: Forcing endless battles is banned\n|rule|HP Percentage Mod: HP is shown in percentages\n|clearpoke\n|poke|p1|Passimian, F|item\n|poke|p1|Abomasnow, F|item\n|poke|p1|Incineroar, M|item\n|poke|p1|Xatu, M|item\n|poke|p1|Steelix, M|item\n|poke|p1|Blastoise, M|item\n|poke|p2|Garbodor, F|item\n|poke|p2|Accelgor, F|item\n|poke|p2|Piloswine, M|item\n|poke|p2|Dhelmise|item\n|poke|p2|Passimian, M|item\n|poke|p2|Heliolisk, M|item\n|teampreview\n|\n|start\n|switch|p1a: Blastoise|Blastoise, M|100\/100\n|switch|p2a: Piloswine|Piloswine, M|100\/100\n|turn|1\n|\n|switch|p2a: Heliolisk|Heliolisk, M|100\/100\n|move|p1a: Blastoise|Toxic|p2a: Heliolisk\n|-status|p2a: Heliolisk|tox\n|\n|-damage|p2a: Heliolisk|94\/100 tox|[from] psn\n|upkeep\n|turn|2\n|\n|move|p1a: Blastoise|Protect|p1a: Blastoise\n|-singleturn|p1a: Blastoise|Protect\n|move|p2a: Heliolisk|Surf|p1a: Blastoise\n|-activate|p1a: Blastoise|move: Protect\n|\n|-damage|p2a: Heliolisk|82\/100 tox|[from] psn\n|upkeep\n|turn|3\n|\n|switch|p1a: Abomasnow|Abomasnow, F|100\/100\n|move|p2a: Heliolisk|Thunderbolt|p1a: Abomasnow\n|-resisted|p1a: Abomasnow\n|-damage|p1a: Abomasnow|71\/100\n|-damage|p2a: Heliolisk|73\/100 tox|[from] item: Life Orb\n|\n|-damage|p2a: Heliolisk|54\/100 tox|[from] psn\n|upkeep\n|turn|4\n|\n|detailschange|p1a: Abomasnow|Abomasnow-Mega, F\n|-mega|p1a: Abomasnow|Abomasnow|Abomasite\n|-weather|Hail|[from] ability: Snow Warning|[of] p1a: Abomasnow\n|move|p2a: Heliolisk|Hyper Voice|p1a: Abomasnow\n|-damage|p1a: Abomasnow|16\/100\n|-damage|p2a: Heliolisk|45\/100 tox|[from] item: Life Orb\n|move|p1a: Abomasnow|Giga Drain|p2a: Heliolisk\n|-damage|p2a: Heliolisk|0 fnt\n|-heal|p1a: Abomasnow|34\/100|[from] drain|[of] p2a: Heliolisk\n|faint|p2a: Heliolisk\n|\n|-weather|Hail|[upkeep]\n|upkeep\n|\n|switch|p2a: Passimian|Passimian, M|100\/100\n|turn|5\n|\n|switch|p1a: Xatu|Xatu, M|100\/100\n|move|p2a: Passimian|U-turn|p1a: Xatu\n|-damage|p1a: Xatu|79\/100\n|-damage|p2a: Passimian|84\/100|[from] item: Rocky Helmet|[of] p1a: Xatu\n|\n|switch|p2a: Piloswine|Piloswine, M|100\/100\n|\n|-weather|Hail|[upkeep]\n|-damage|p1a: Xatu|73\/100|[from] Hail\n|upkeep\n|turn|6\n|\n|move|p1a: Xatu|U-turn|p2a: Piloswine\n|-damage|p2a: Piloswine|92\/100\n|\n|switch|p1a: Blastoise|Blastoise, M|100\/100\n|move|p2a: Piloswine|Icicle Crash|p1a: Blastoise\n|-resisted|p1a: Blastoise\n|-damage|p1a: Blastoise|81\/100\n|\n|-weather|Hail|[upkeep]\n|-damage|p1a: Blastoise|74\/100|[from] Hail\n|-heal|p1a: Blastoise|81\/100|[from] item: Leftovers\n|upkeep\n|turn|7\n|\n|move|p1a: Blastoise|Scald|p2a: Piloswine\n|-supereffective|p2a: Piloswine\n|-damage|p2a: Piloswine|49\/100\n|-status|p2a: Piloswine|brn\n|move|p2a: Piloswine|Stealth Rock|p1a: Blastoise\n|-sidestart|p1: BugCatcherWeevil|move: Stealth Rock\n|\n|-weather|Hail|[upkeep]\n|-damage|p1a: Blastoise|74\/100|[from] Hail\n|-heal|p1a: Blastoise|81\/100|[from] item: Leftovers\n|-damage|p2a: Piloswine|42\/100 brn|[from] brn\n|upkeep\n|turn|8\n|\n|switch|p2a: Dhelmise|Dhelmise|100\/100\n|move|p1a: Blastoise|Toxic|p2a: Dhelmise\n|-status|p2a: Dhelmise|tox\n|\n|-weather|none\n|-heal|p1a: Blastoise|87\/100|[from] item: Leftovers\n|-damage|p2a: Dhelmise|94\/100 tox|[from] psn\n|upkeep\n|turn|9\n|\n|move|p1a: Blastoise|Protect|p1a: Blastoise\n|-singleturn|p1a: Blastoise|Protect\n|move|p2a: Dhelmise|Earthquake|p1a: Blastoise\n|-activate|p1a: Blastoise|move: Protect\n|\n|-heal|p1a: Blastoise|93\/100|[from] item: Leftovers\n|-damage|p2a: Dhelmise|82\/100 tox|[from] psn\n|upkeep\n|turn|10\n|\n|switch|p1a: Steelix|Steelix, M|100\/100\n|-damage|p1a: Steelix|97\/100|[from] Stealth Rock\n|switch|p2a: Accelgor|Accelgor, F|100\/100\n|\n|-heal|p1a: Steelix|100\/100|[from] item: Leftovers\n|upkeep\n|turn|11\n|\n|move|p2a: Accelgor|Focus Blast|p1a: Steelix\n|-supereffective|p1a: Steelix\n|-damage|p1a: Steelix|1\/100\n|move|p1a: Steelix|Heavy Slam|p2a: Accelgor\n|-damage|p2a: Accelgor|8\/100\n|\n|-heal|p1a: Steelix|7\/100|[from] item: Leftovers\n|upkeep\n|turn|12\n|\n|move|p1a: Steelix|Protect|p1a: Steelix\n|-singleturn|p1a: Steelix|Protect\n|move|p2a: Accelgor|Focus Blast|p1a: Steelix\n|-activate|p1a: Steelix|move: Protect\n|\n|-heal|p1a: Steelix|13\/100|[from] item: Leftovers\n|upkeep\n|turn|13\n|\n|switch|p1a: Blastoise|Blastoise, M|93\/100\n|-damage|p1a: Blastoise|80\/100|[from] Stealth Rock\n|move|p2a: Accelgor|Focus Blast|p1a: Blastoise\n|-damage|p1a: Blastoise|49\/100\n|\n|-heal|p1a: Blastoise|55\/100|[from] item: Leftovers\n|upkeep\n|turn|14\n|\n|switch|p2a: Dhelmise|Dhelmise|82\/100 tox\n|move|p1a: Blastoise|Rapid Spin|p2a: Dhelmise\n|-immune|p2a: Dhelmise\n|\n|-heal|p1a: Blastoise|61\/100|[from] item: Leftovers\n|-damage|p2a: Dhelmise|75\/100 tox|[from] psn\n|upkeep\n|turn|15\n|\n|move|p1a: Blastoise|Protect|p1a: Blastoise\n|-singleturn|p1a: Blastoise|Protect\n|move|p2a: Dhelmise|Synthesis|p2a: Dhelmise\n|-heal|p2a: Dhelmise|100\/100 tox\n|\n|-heal|p1a: Blastoise|67\/100|[from] item: Leftovers\n|-damage|p2a: Dhelmise|88\/100 tox|[from] psn\n|upkeep\n|turn|16\n|\n|switch|p1a: Incineroar|Incineroar, M|100\/100\n|-damage|p1a: Incineroar|75\/100|[from] Stealth Rock\n|-ability|p1a: Incineroar|Intimidate|boost\n|-unboost|p2a: Dhelmise|atk|1\n|switch|p2a: Piloswine|Piloswine, M|42\/100 brn\n|\n|-damage|p2a: Piloswine|36\/100 brn|[from] brn\n|upkeep\n|turn|17\n|\n|move|p1a: Incineroar|Fake Out|p2a: Piloswine\n|-damage|p2a: Piloswine|28\/100 brn\n|cant|p2a: Piloswine|flinch\n|\n|-damage|p2a: Piloswine|22\/100 brn|[from] brn\n|upkeep\n|turn|18\n|\n|move|p1a: Incineroar|U-turn|p2a: Piloswine\n|-damage|p2a: Piloswine|8\/100 brn\n|\n|switch|p1a: Blastoise|Blastoise, M|67\/100\n|-damage|p1a: Blastoise|55\/100|[from] Stealth Rock\n|move|p2a: Piloswine|Earthquake|p1a: Blastoise\n|-damage|p1a: Blastoise|33\/100\n|\n|-heal|p1a: Blastoise|39\/100|[from] item: Leftovers\n|-damage|p2a: Piloswine|2\/100 brn|[from] brn\n|upkeep\n|turn|19\n|\n|switch|p2a: Dhelmise|Dhelmise|88\/100 tox\n|move|p1a: Blastoise|Rapid Spin|p2a: Dhelmise\n|-immune|p2a: Dhelmise\n|\n|-heal|p1a: Blastoise|45\/100|[from] item: Leftovers\n|-damage|p2a: Dhelmise|82\/100 tox|[from] psn\n|upkeep\n|turn|20\n|\n|move|p1a: Blastoise|Protect|p1a: Blastoise\n|-singleturn|p1a: Blastoise|Protect\n|move|p2a: Dhelmise|Power Whip|p1a: Blastoise\n|-activate|p1a: Blastoise|move: Protect\n|\n|-heal|p1a: Blastoise|51\/100|[from] item: Leftovers\n|-damage|p2a: Dhelmise|69\/100 tox|[from] psn\n|upkeep\n|turn|21\n|\n|switch|p1a: Incineroar|Incineroar, M|75\/100\n|-damage|p1a: Incineroar|50\/100|[from] Stealth Rock\n|-ability|p1a: Incineroar|Intimidate|boost\n|-unboost|p2a: Dhelmise|atk|1\n|move|p2a: Dhelmise|Earthquake|p1a: Incineroar\n|-supereffective|p1a: Incineroar\n|-damage|p1a: Incineroar|12\/100\n|-enditem|p1a: Incineroar|Iapapa Berry|[eat]\n|-heal|p1a: Incineroar|62\/100|[from] item: Iapapa Berry\n|\n|-damage|p2a: Dhelmise|50\/100 tox|[from] psn\n|upkeep\n|turn|22\n|\n|switch|p2a: Piloswine|Piloswine, M|2\/100 brn\n|move|p1a: Incineroar|U-turn|p2a: Piloswine\n|-damage|p2a: Piloswine|0 fnt\n|faint|p2a: Piloswine\n|\n|switch|p1a: Steelix|Steelix, M|13\/100\n|-damage|p1a: Steelix|10\/100|[from] Stealth Rock\n|\n|-heal|p1a: Steelix|17\/100|[from] item: Leftovers\n|upkeep\n|\n|switch|p2a: Accelgor|Accelgor, F|8\/100\n|turn|23\n|\n|move|p1a: Steelix|Protect|p1a: Steelix\n|-singleturn|p1a: Steelix|Protect\n|move|p2a: Accelgor|Bug Buzz|p1a: Steelix\n|-activate|p1a: Steelix|move: Protect\n|\n|-heal|p1a: Steelix|23\/100|[from] item: Leftovers\n|upkeep\n|turn|24\n|\n|move|p2a: Accelgor|Bug Buzz|p1a: Steelix\n|-resisted|p1a: Steelix\n|-damage|p1a: Steelix|0 fnt\n|faint|p1a: Steelix\n|\n|upkeep\n|\n|switch|p1a: Passimian|Passimian, F|100\/100\n|-damage|p1a: Passimian|94\/100|[from] Stealth Rock\n|turn|25\n|\n|switch|p2a: Dhelmise|Dhelmise|50\/100 tox\n|move|p1a: Passimian|Knock Off|p2a: Dhelmise\n|-supereffective|p2a: Dhelmise\n|-enditem|p2a: Dhelmise|Colbur Berry|[eat]\n|-enditem|p2a: Dhelmise|Colbur Berry|[weaken]\n|-damage|p2a: Dhelmise|19\/100 tox\n|\n|-damage|p2a: Dhelmise|13\/100 tox|[from] psn\n|upkeep\n|turn|26\n|\n|move|p1a: Passimian|Knock Off|p2a: Dhelmise\n|-supereffective|p2a: Dhelmise\n|-damage|p2a: Dhelmise|0 fnt\n|faint|p2a: Dhelmise\n|\n|upkeep\n|\n|switch|p2a: Garbodor|Garbodor, F|100\/100\n|turn|27\n|\n|switch|p1a: Xatu|Xatu, M|73\/100\n|-damage|p1a: Xatu|49\/100|[from] Stealth Rock\n|-zpower|p2a: Garbodor\n|move|p2a: Garbodor|Z-Curse|p2a: Garbodor|[anim]Curse\n|-boost|p2a: Garbodor|atk|1|[zeffect]\n|-unboost|p2a: Garbodor|spe|1\n|-boost|p2a: Garbodor|atk|1\n|-boost|p2a: Garbodor|def|1\n|\n|upkeep\n|turn|28\n|\n|move|p1a: Xatu|Thunder Wave|p2a: Garbodor|[miss]\n|-miss|p1a: Xatu|p2a: Garbodor\n|move|p2a: Garbodor|Gunk Shot|p1a: Xatu\n|-damage|p1a: Xatu|0 fnt\n|faint|p1a: Xatu\n|\n|upkeep\n|\n|switch|p1a: Incineroar|Incineroar, M|62\/100\n|-damage|p1a: Incineroar|37\/100|[from] Stealth Rock\n|-ability|p1a: Incineroar|Intimidate|boost\n|-unboost|p2a: Garbodor|atk|1\n|turn|29\n|\n|move|p1a: Incineroar|Fake Out|p2a: Garbodor\n|-crit|p2a: Garbodor\n|-damage|p2a: Garbodor|79\/100\n|-ability|p2a: Garbodor|Weak Armor|boost\n|-unboost|p2a: Garbodor|def|1\n|-boost|p2a: Garbodor|spe|2\n|cant|p2a: Garbodor|flinch\n|\n|upkeep\n|turn|30\n|\n|move|p2a: Garbodor|Curse|p2a: Garbodor\n|-unboost|p2a: Garbodor|spe|1\n|-boost|p2a: Garbodor|atk|1\n|-boost|p2a: Garbodor|def|1\n|move|p1a: Incineroar|U-turn|p2a: Garbodor\n|-resisted|p2a: Garbodor\n|-damage|p2a: Garbodor|71\/100\n|-ability|p2a: Garbodor|Weak Armor|boost\n|-unboost|p2a: Garbodor|def|1\n|-boost|p2a: Garbodor|spe|2\n|\n|switch|p1a: Passimian|Passimian, F|94\/100\n|-damage|p1a: Passimian|88\/100|[from] Stealth Rock\n|\n|upkeep\n|turn|31\n|\n|switch|p1a: Incineroar|Incineroar, M|37\/100\n|-damage|p1a: Incineroar|12\/100|[from] Stealth Rock\n|-ability|p1a: Incineroar|Intimidate|boost\n|-unboost|p2a: Garbodor|atk|1\n|move|p2a: Garbodor|Gunk Shot|p1a: Incineroar\n|-damage|p1a: Incineroar|0 fnt\n|faint|p1a: Incineroar\n|\n|upkeep\n|\n|switch|p1a: Blastoise|Blastoise, M|51\/100\n|-damage|p1a: Blastoise|38\/100|[from] Stealth Rock\n|turn|32\n|\n|move|p2a: Garbodor|Drain Punch|p1a: Blastoise\n|-damage|p1a: Blastoise|9\/100\n|-heal|p2a: Garbodor|89\/100|[from] drain|[of] p1a: Blastoise\n|move|p1a: Blastoise|Scald|p2a: Garbodor\n|-damage|p2a: Garbodor|45\/100\n|\n|-heal|p1a: Blastoise|15\/100|[from] item: Leftovers\n|upkeep\n|turn|33\n|\n|move|p2a: Garbodor|Seed Bomb|p1a: Blastoise\n|-supereffective|p1a: Blastoise\n|-damage|p1a: Blastoise|0 fnt\n|faint|p1a: Blastoise\n|\n|upkeep\n|-message|BugCatcherWeevil forfeited.\n|\n|win|SSalamence\n|l|\u2606BugCatcherWeevil\n","uploadtime":1554393020,"views":6,"p1id":"bugcatcherweevil","p2id":"ssalamence","formatid":"gen7nu","rating":0,"private":0,"password":null}