{"id":"gen7ou-1037363707","p1":"Antetokommo-o","p2":"H4WT \u2605","format":"gen7ou","log":"|j|\u2606Antetokommo-o\n|j|\u2606H4WT \u2605\n|player|p1|Antetokommo-o|ethan|1593\n|player|p2|H4WT \u2605|266|1554\n|teamsize|p1|6\n|teamsize|p2|6\n|gametype|singles\n|gen|7\n|tier|[Gen 7] OU\n|rated|\n|rule|Sleep Clause Mod: Limit one foe put to sleep\n|rule|Species Clause: Limit one of each Pok\u00e9mon\n|rule|OHKO Clause: OHKO moves are banned\n|rule|Moody Clause: Moody is banned\n|rule|Evasion Moves Clause: Evasion moves are banned\n|rule|Endless Battle Clause: Forcing endless battles is banned\n|rule|HP Percentage Mod: HP is shown in percentages\n|clearpoke\n|poke|p1|Bronzong|item\n|poke|p1|Guzzlord|item\n|poke|p1|Cresselia, F|item\n|poke|p1|Crabominable, M|item\n|poke|p1|Ursaring, M|item\n|poke|p1|Magearna|item\n|poke|p2|Garchomp, F|item\n|poke|p2|Tornadus-Therian, M|item\n|poke|p2|Tangrowth, F|item\n|poke|p2|Jirachi|item\n|poke|p2|Greninja, M|item\n|poke|p2|Mawile, M|item\n|teampreview\n|inactive|Battle timer is ON: inactive players will automatically lose when time's up. (requested by Antetokommo-o)\n|\n|start\n|switch|p1a: Bronzong|Bronzong|100\/100\n|switch|p2a: Garchomp|Garchomp, F|100\/100\n|turn|1\n|\n|move|p2a: Garchomp|Stealth Rock|p1a: Bronzong\n|-sidestart|p1: Antetokommo-o|move: Stealth Rock\n|move|p1a: Bronzong|Stealth Rock|p2a: Garchomp\n|-sidestart|p2: H4WT \u2605|move: Stealth Rock\n|\n|upkeep\n|turn|2\n|\n|move|p2a: Garchomp|Roar|p1a: Bronzong\n|drag|p1a: Ursaring|Ursaring, M|100\/100\n|-damage|p1a: Ursaring|88\/100|[from] Stealth Rock\n|\n|-status|p1a: Ursaring|brn|[from] item: Flame Orb\n|upkeep\n|turn|3\n|\n|switch|p1a: Cresselia|Cresselia, F|100\/100\n|-damage|p1a: Cresselia|88\/100|[from] Stealth Rock\n|move|p2a: Garchomp|Earthquake|p1a: Cresselia\n|-immune|p1a: Cresselia|[from] ability: Levitate\n|\n|upkeep\n|turn|4\n|\n|move|p1a: Cresselia|Ice Beam|p2a: Garchomp\n|-supereffective|p2a: Garchomp\n|-damage|p2a: Garchomp|39\/100\n|move|p2a: Garchomp|Roar|p1a: Cresselia\n|drag|p1a: Crabominable|Crabominable, M|100\/100\n|-damage|p1a: Crabominable|88\/100|[from] Stealth Rock\n|\n|upkeep\n|turn|5\n|\n|switch|p2a: Jirachi|Jirachi|100\/100\n|-damage|p2a: Jirachi|94\/100|[from] Stealth Rock\n|switch|p1a: Cresselia|Cresselia, F|88\/100\n|-damage|p1a: Cresselia|76\/100|[from] Stealth Rock\n|\n|upkeep\n|turn|6\n|\n|move|p2a: Jirachi|Trick|p1a: Cresselia\n|-activate|p2a: Jirachi|move: Trick|[of] p1a: Cresselia\n|-item|p1a: Cresselia|Choice Scarf|[from] move: Trick\n|-item|p2a: Jirachi|Mental Herb|[from] move: Trick\n|move|p1a: Cresselia|Trick Room|p1a: Cresselia\n|-fieldstart|move: Trick Room|[of] p1a: Cresselia\n|\n|upkeep\n|turn|7\n|\n|switch|p1a: Bronzong|Bronzong|100\/100\n|-damage|p1a: Bronzong|94\/100|[from] Stealth Rock\n|move|p2a: Jirachi|U-turn|p1a: Bronzong\n|-damage|p1a: Bronzong|77\/100\n|\n|switch|p2a: Mawile|Mawile, M|100\/100|[from]move: U-turn\n|-damage|p2a: Mawile|94\/100|[from] Stealth Rock\n|-ability|p2a: Mawile|Intimidate|boost\n|-unboost|p1a: Bronzong|atk|1\n|\n|upkeep\n|turn|8\n|\n|detailschange|p2a: Mawile|Mawile-Mega, M\n|-mega|p2a: Mawile|Mawile|Mawilite\n|move|p1a: Bronzong|Earthquake|p2a: Mawile\n|-supereffective|p2a: Mawile\n|-damage|p2a: Mawile|55\/100\n|move|p2a: Mawile|Knock Off|p1a: Bronzong\n|-supereffective|p1a: Bronzong\n|-damage|p1a: Bronzong|0 fnt\n|-enditem|p1a: Bronzong|Mental Herb|[from] move: Knock Off|[of] p2a: Mawile\n|faint|p1a: Bronzong\n|\n|upkeep\n|\n|switch|p1a: Crabominable|Crabominable, M|88\/100\n|-damage|p1a: Crabominable|76\/100|[from] Stealth Rock\n|turn|9\n|\n|switch|p2a: Tornadus|Tornadus-Therian, M|100\/100\n|-damage|p2a: Tornadus|76\/100|[from] Stealth Rock\n|move|p1a: Crabominable|Close Combat|p2a: Tornadus\n|-resisted|p2a: Tornadus\n|-damage|p2a: Tornadus|15\/100\n|-unboost|p1a: Crabominable|def|1\n|-unboost|p1a: Crabominable|spd|1\n|-damage|p1a: Crabominable|66\/100|[from] item: Life Orb\n|\n|upkeep\n|turn|10\n|\n|move|p1a: Crabominable|Close Combat|p2a: Tornadus\n|-resisted|p2a: Tornadus\n|-damage|p2a: Tornadus|0 fnt\n|-unboost|p1a: Crabominable|def|1\n|-unboost|p1a: Crabominable|spd|1\n|-damage|p1a: Crabominable|56\/100|[from] item: Life Orb\n|faint|p2a: Tornadus\n|\n|-fieldend|move: Trick Room\n|upkeep\n|\n|switch|p2a: Mawile|Mawile-Mega, M|55\/100\n|-damage|p2a: Mawile|49\/100|[from] Stealth Rock\n|turn|11\n|\n|move|p2a: Mawile|Fire Fang|p1a: Crabominable\n|-supereffective|p1a: Crabominable\n|-damage|p1a: Crabominable|0 fnt\n|faint|p1a: Crabominable\n|\n|upkeep\n|\n|switch|p1a: Magearna|Magearna|100\/100\n|-damage|p1a: Magearna|94\/100|[from] Stealth Rock\n|turn|12\n|\n|switch|p2a: Tangrowth|Tangrowth, F|100\/100\n|-damage|p2a: Tangrowth|88\/100|[from] Stealth Rock\n|-zpower|p1a: Magearna\n|move|p1a: Magearna|Gigavolt Havoc|p2a: Tangrowth|[zeffect]\n|-resisted|p2a: Tangrowth\n|-damage|p2a: Tangrowth|66\/100\n|\n|upkeep\n|turn|13\n|\n|switch|p1a: Cresselia|Cresselia, F|76\/100\n|-damage|p1a: Cresselia|63\/100|[from] Stealth Rock\n|move|p2a: Tangrowth|Earthquake|p1a: Cresselia\n|-immune|p1a: Cresselia|[from] ability: Levitate\n|\n|upkeep\n|turn|14\n|\n|move|p2a: Tangrowth|Giga Drain|p1a: Cresselia\n|-damage|p1a: Cresselia|45\/100\n|-heal|p2a: Tangrowth|76\/100|[from] drain|[of] p1a: Cresselia\n|move|p1a: Cresselia|Trick Room|p1a: Cresselia\n|-fieldstart|move: Trick Room|[of] p1a: Cresselia\n|\n|upkeep\n|turn|15\n|\n|switch|p1a: Ursaring|Ursaring, M|88\/100 brn\n|-damage|p1a: Ursaring|76\/100 brn|[from] Stealth Rock\n|move|p2a: Tangrowth|Knock Off|p1a: Ursaring\n|-damage|p1a: Ursaring|51\/100 brn\n|-enditem|p1a: Ursaring|Flame Orb|[from] move: Knock Off|[of] p2a: Tangrowth\n|\n|-damage|p1a: Ursaring|45\/100 brn|[from] brn\n|upkeep\n|turn|16\n|\n|switch|p2a: Garchomp|Garchomp, F|39\/100\n|-damage|p2a: Garchomp|33\/100|[from] Stealth Rock\n|move|p1a: Ursaring|Facade|p2a: Garchomp\n|-crit|p2a: Garchomp\n|-damage|p2a: Garchomp|0 fnt\n|-damage|p1a: Ursaring|33\/100 brn|[from] ability: Rough Skin|[of] p2a: Garchomp\n|-damage|p1a: Ursaring|16\/100 brn|[from] item: Rocky Helmet|[of] p2a: Garchomp\n|faint|p2a: Garchomp\n|\n|-damage|p1a: Ursaring|10\/100 brn|[from] brn\n|upkeep\n|\n|switch|p2a: Greninja|Greninja, M|100\/100\n|-damage|p2a: Greninja|88\/100|[from] Stealth Rock\n|turn|17\n|\n|switch|p1a: Guzzlord|Guzzlord|100\/100\n|-damage|p1a: Guzzlord|88\/100|[from] Stealth Rock\n|move|p2a: Greninja|Surf|p1a: Guzzlord\n|-resisted|p1a: Guzzlord\n|-damage|p1a: Guzzlord|74\/100\n|\n|upkeep\n|turn|18\n|\n|move|p1a: Guzzlord|Earthquake|p2a: Greninja\n|-damage|p2a: Greninja|38\/100\n|move|p2a: Greninja|Surf|p1a: Guzzlord\n|-resisted|p1a: Guzzlord\n|-damage|p1a: Guzzlord|61\/100\n|\n|-fieldend|move: Trick Room\n|upkeep\n|turn|19\n|\n|move|p2a: Greninja|Surf|p1a: Guzzlord\n|-resisted|p1a: Guzzlord\n|-damage|p1a: Guzzlord|47\/100\n|move|p1a: Guzzlord|Earthquake|p2a: Greninja\n|-crit|p2a: Greninja\n|-damage|p2a: Greninja|0 fnt\n|faint|p2a: Greninja\n|-ability|p1a: Guzzlord|Beast Boost|boost\n|-boost|p1a: Guzzlord|atk|1\n|\n|upkeep\n|inactive|H4WT \u2605 has 120 seconds left.\n|\n|switch|p2a: Jirachi|Jirachi|94\/100\n|-damage|p2a: Jirachi|88\/100|[from] Stealth Rock\n|turn|20\n|\n|switch|p1a: Ursaring|Ursaring, M|10\/100 brn\n|-damage|p1a: Ursaring|0 fnt|[from] Stealth Rock\n|faint|p1a: Ursaring\n|move|p2a: Jirachi|Iron Head|p1: Ursaring|[notarget]\n|-fail|p2a: Jirachi\n|\n|upkeep\n|\n|switch|p1a: Magearna|Magearna|94\/100\n|-damage|p1a: Magearna|88\/100|[from] Stealth Rock\n|turn|21\n|\n|move|p2a: Jirachi|Iron Head|p1a: Magearna\n|-damage|p1a: Magearna|61\/100\n|cant|p1a: Magearna|flinch\n|\n|upkeep\n|turn|22\n|\n|move|p2a: Jirachi|Iron Head|p1a: Magearna\n|-damage|p1a: Magearna|34\/100\n|move|p1a: Magearna|Trick Room|p1a: Magearna\n|-fieldstart|move: Trick Room|[of] p1a: Magearna\n|\n|upkeep\n|turn|23\n|\n|move|p1a: Magearna|Hidden Power|p2a: Jirachi\n|-supereffective|p2a: Jirachi\n|-damage|p2a: Jirachi|40\/100\n|move|p2a: Jirachi|Iron Head|p1a: Magearna\n|-damage|p1a: Magearna|6\/100\n|\n|upkeep\n|turn|24\n|\n|switch|p2a: Tangrowth|Tangrowth, F|100\/100\n|-damage|p2a: Tangrowth|88\/100|[from] Stealth Rock\n|move|p1a: Magearna|Hidden Power|p2a: Tangrowth\n|-supereffective|p2a: Tangrowth\n|-damage|p2a: Tangrowth|61\/100\n|\n|upkeep\n|turn|25\n|\n|switch|p1a: Guzzlord|Guzzlord|47\/100\n|-damage|p1a: Guzzlord|34\/100|[from] Stealth Rock\n|move|p2a: Tangrowth|Giga Drain|p1a: Guzzlord\n|-resisted|p1a: Guzzlord\n|-damage|p1a: Guzzlord|28\/100\n|-heal|p2a: Tangrowth|66\/100|[from] drain|[of] p1a: Guzzlord\n|\n|upkeep\n|turn|26\n|\n|move|p1a: Guzzlord|Fire Blast|p2a: Tangrowth\n|-supereffective|p2a: Tangrowth\n|-damage|p2a: Tangrowth|36\/100\n|move|p2a: Tangrowth|Earthquake|p1a: Guzzlord\n|-damage|p1a: Guzzlord|5\/100\n|\n|-fieldend|move: Trick Room\n|upkeep\n|turn|27\n|\n|move|p2a: Tangrowth|Knock Off|p1a: Guzzlord\n|-resisted|p1a: Guzzlord\n|-damage|p1a: Guzzlord|0 fnt\n|-enditem|p1a: Guzzlord|Assault Vest|[from] move: Knock Off|[of] p2a: Tangrowth\n|faint|p1a: Guzzlord\n|\n|upkeep\n|\n|switch|p1a: Cresselia|Cresselia, F|45\/100\n|-damage|p1a: Cresselia|33\/100|[from] Stealth Rock\n|turn|28\n|\n|move|p1a: Cresselia|Lunar Dance|p1a: Cresselia\n|faint|p1a: Cresselia\n|move|p2a: Tangrowth|Knock Off|p1: Cresselia|[notarget]\n|-fail|p2a: Tangrowth\n|\n|upkeep\n|\n|switch|p1a: Magearna|Magearna|6\/100\n|-heal|p1a: Magearna|100\/100|[from] move: Lunar Dance\n|-damage|p1a: Magearna|94\/100|[from] Stealth Rock\n|turn|29\n|\n|move|p2a: Tangrowth|Earthquake|p1a: Magearna\n|-supereffective|p1a: Magearna\n|-damage|p1a: Magearna|57\/100\n|move|p1a: Magearna|Trick Room|p1a: Magearna\n|-fieldstart|move: Trick Room|[of] p1a: Magearna\n|\n|upkeep\n|turn|30\n|\n|switch|p2a: Mawile|Mawile-Mega, M|49\/100\n|-damage|p2a: Mawile|43\/100|[from] Stealth Rock\n|move|p1a: Magearna|Hidden Power|p2a: Mawile\n|-supereffective|p2a: Mawile\n|-damage|p2a: Mawile|0 fnt\n|faint|p2a: Mawile\n|-ability|p1a: Magearna|Soul-Heart|boost\n|-boost|p1a: Magearna|spa|1\n|\n|upkeep\n|\n|switch|p2a: Tangrowth|Tangrowth, F|69\/100\n|-damage|p2a: Tangrowth|57\/100|[from] Stealth Rock\n|turn|31\n|\n|move|p1a: Magearna|Fleur Cannon|p2a: Tangrowth\n|-damage|p2a: Tangrowth|0 fnt\n|-unboost|p1a: Magearna|spa|2\n|faint|p2a: Tangrowth\n|-ability|p1a: Magearna|Soul-Heart|boost\n|-boost|p1a: Magearna|spa|1\n|\n|upkeep\n|\n|switch|p2a: Jirachi|Jirachi|40\/100\n|-damage|p2a: Jirachi|34\/100|[from] Stealth Rock\n|turn|32\n|\n|move|p1a: Magearna|Hidden Power|p2a: Jirachi\n|-supereffective|p2a: Jirachi\n|-damage|p2a: Jirachi|0 fnt\n|faint|p2a: Jirachi\n|\n|win|Antetokommo-o\n|raw|Antetokommo-o's rating: 1593 &rarr; <strong>1611<\/strong><br \/>(+18 for winning)\n|raw|H4WT \u2605's rating: 1544 &rarr; <strong>1527<\/strong><br \/>(-17 for losing)\n","uploadtime":1577589064,"views":192,"p1id":"antetokommoo","p2id":"h4wt","formatid":"gen7ou","rating":1527,"private":0,"password":null}