{"id":"gen7ou-750512689","p1":"Gotham Paladin","p2":"wasco","format":"gen7ou","log":"|j|\u2606Gotham Paladin\n|j|\u2606wasco\n|player|p1|Gotham Paladin|283\n|player|p2|wasco|5\n|teamsize|p1|6\n|teamsize|p2|6\n|gametype|singles\n|gen|7\n|tier|[Gen 7] OU\n|rated|\n|rule|Sleep Clause Mod: Limit one foe put to sleep\n|rule|Species Clause: Limit one of each Pok\u00e9mon\n|rule|OHKO Clause: OHKO moves are banned\n|rule|Moody Clause: Moody is banned\n|rule|Evasion Moves Clause: Evasion moves are banned\n|rule|Endless Battle Clause: Forcing endless battles is banned\n|rule|HP Percentage Mod: HP is shown in percentages\n|clearpoke\n|poke|p1|Kartana|item\n|poke|p1|Muk-Alola, F|item\n|poke|p1|Landorus-Therian, M|item\n|poke|p1|Tapu Lele|item\n|poke|p1|Keldeo-Resolute|item\n|poke|p1|Manectric, F|item\n|poke|p2|Araquanid, F|item\n|poke|p2|Kartana|item\n|poke|p2|Pinsir, M|item\n|poke|p2|Landorus-Therian, M|item\n|poke|p2|Tapu Koko|item\n|poke|p2|Mimikyu, F|item\n|teampreview\n|c|\u2606wasco|k\n|j| refreshE\n|\n|start\n|switch|p1a: Manectric|Manectric, F|100\/100\n|switch|p2a: Araquanid|Araquanid, F|100\/100\n|turn|1\n|\n|-mega|p1a: Manectric|Manectric|Manectite\n|detailschange|p1a: Manectric|Manectric-Mega, F\n|-ability|p1a: Manectric|Intimidate|boost\n|-unboost|p2a: Araquanid|atk|1\n|move|p1a: Manectric|Thunderbolt|p2a: Araquanid\n|-supereffective|p2a: Araquanid\n|-damage|p2a: Araquanid|23\/100\n|move|p2a: Araquanid|Sticky Web|p1a: Manectric\n|-sidestart|p1: Gotham Paladin|move: Sticky Web\n|\n|upkeep\n|turn|2\n|j| Slightly Hetero\n|j| eriados \u2600\ufe0f\n|\n|move|p1a: Manectric|Thunderbolt|p2a: Araquanid\n|-supereffective|p2a: Araquanid\n|-damage|p2a: Araquanid|0 fnt\n|faint|p2a: Araquanid\n|\n|upkeep\n|j| r9k\n|\n|switch|p2a: Mimikyu|Mimikyu, F|100\/100\n|turn|3\n|\n|move|p1a: Manectric|Volt Switch|p2a: Mimikyu\n|-activate|p2a: Mimikyu|ability: Disguise\n|-damage|p2a: Mimikyu|100\/100\n|detailschange|p2a: Mimikyu|Mimikyu-Busted, F\n|\n|switch|p1a: Landorus|Landorus-Therian, M|100\/100\n|-ability|p1a: Landorus|Intimidate|boost\n|-unboost|p2a: Mimikyu|atk|1\n|move|p2a: Mimikyu|Swords Dance|p2a: Mimikyu\n|-boost|p2a: Mimikyu|atk|2\n|\n|upkeep\n|turn|4\n|\n|move|p2a: Mimikyu|Play Rough|p1a: Landorus\n|-damage|p1a: Landorus|41\/100\n|-damage|p2a: Mimikyu|91\/100|[from] item: Life Orb\n|move|p1a: Landorus|Earthquake|p2a: Mimikyu\n|-damage|p2a: Mimikyu|8\/100\n|\n|-heal|p1a: Landorus|47\/100|[from] item: Leftovers\n|upkeep\n|turn|5\n|\n|move|p2a: Mimikyu|Play Rough|p1a: Landorus\n|-damage|p1a: Landorus|0 fnt\n|-damage|p2a: Mimikyu|0 fnt|[from] item: Life Orb\n|faint|p1a: Landorus\n|faint|p2a: Mimikyu\n|\n|upkeep\n|\n|switch|p2a: Landorus|Landorus-Therian, M|100\/100\n|switch|p1a: Manectric|Manectric-Mega, F|100\/100\n|-activate|p1a: Manectric|move: Sticky Web\n|-unboost|p1a: Manectric|spe|1\n|-ability|p1a: Manectric|Intimidate|boost\n|-unboost|p2a: Landorus|atk|1\n|-ability|p2a: Landorus|Intimidate|boost\n|-unboost|p1a: Manectric|atk|1\n|turn|6\n|\n|switch|p1a: Keldeo|Keldeo-Resolute|100\/100\n|-activate|p1a: Keldeo|move: Sticky Web\n|-unboost|p1a: Keldeo|spe|1\n|move|p2a: Landorus|Earthquake|p1a: Keldeo\n|-damage|p1a: Keldeo|40\/100\n|\n|upkeep\n|turn|7\n|\n|switch|p2a: Tapu Koko|Tapu Koko|100\/100\n|-fieldstart|move: Electric Terrain|[from] ability: Electric Surge|[of] p2a: Tapu Koko\n|move|p1a: Keldeo|Scald|p2a: Tapu Koko\n|-damage|p2a: Tapu Koko|41\/100\n|\n|upkeep\n|turn|8\n|\n|move|p2a: Tapu Koko|Volt Switch|p1a: Keldeo\n|-supereffective|p1a: Keldeo\n|-damage|p1a: Keldeo|0 fnt\n|faint|p1a: Keldeo\n|\n|switch|p2a: Landorus|Landorus-Therian, M|100\/100\n|\n|upkeep\n|\n|switch|p1a: Tapu Lele|Tapu Lele|100\/100\n|-activate|p1a: Tapu Lele|move: Sticky Web\n|-unboost|p1a: Tapu Lele|spe|1\n|-fieldstart|move: Psychic Terrain|[from] ability: Psychic Surge|[of] p1a: Tapu Lele\n|turn|9\n|\n|move|p2a: Landorus|Earthquake|p1a: Tapu Lele\n|-damage|p1a: Tapu Lele|0 fnt\n|faint|p1a: Tapu Lele\n|\n|upkeep\n|\n|switch|p1a: Kartana|Kartana|100\/100\n|-activate|p1a: Kartana|move: Sticky Web\n|-unboost|p1a: Kartana|spe|1\n|turn|10\n|\n|move|p2a: Landorus|Earthquake|p1a: Kartana\n|-damage|p1a: Kartana|34\/100\n|move|p1a: Kartana|Leaf Blade|p2a: Landorus\n|-damage|p2a: Landorus|44\/100\n|\n|upkeep\n|turn|11\n|\n|move|p2a: Landorus|Earthquake|p1a: Kartana\n|-damage|p1a: Kartana|0 fnt\n|faint|p1a: Kartana\n|\n|upkeep\n|\n|switch|p1a: Manectric|Manectric-Mega, F|100\/100\n|-activate|p1a: Manectric|move: Sticky Web\n|-unboost|p1a: Manectric|spe|1\n|-ability|p1a: Manectric|Intimidate|boost\n|-unboost|p2a: Landorus|atk|1\n|turn|12\n|\n|move|p2a: Landorus|Earthquake|p1a: Manectric\n|-supereffective|p1a: Manectric\n|-damage|p1a: Manectric|0 fnt\n|faint|p1a: Manectric\n|\n|upkeep\n|-message|Gotham Paladin forfeited.\n|\n|win|wasco\n|l|\u2606Gotham Paladin\n|raw|Gotham Paladin's rating: 1747 &rarr; <strong>1729<\/strong><br \/>(-18 for losing)\n|raw|wasco's rating: 1778 &rarr; <strong>1797<\/strong><br \/>(+19 for winning)\n|l|\u2606wasco\n|l| eriados \u2600\ufe0f\n|l| refreshE\n","inputlog":null,"uploadtime":1526884540,"views":18,"p1id":"gothampaladin","p2id":"wasco","formatid":"gen7ou","rating":1729,"private":0,"password":null}