{"id":"gen7ou-877822486","p1":"LAOSAOQI","p2":"Jakkkkkka","format":"gen7ou","log":"|j|\u2606LAOSAOQI\n|j|\u2606Jakkkkkka\n|player|p1|LAOSAOQI|148\n|player|p2|Jakkkkkka|137\n|teamsize|p1|6\n|teamsize|p2|6\n|gametype|singles\n|gen|7\n|tier|[Gen 7] OU\n|rated|\n|rule|Sleep Clause Mod: Limit one foe put to sleep\n|rule|Species Clause: Limit one of each Pok\u00e9mon\n|rule|OHKO Clause: OHKO moves are banned\n|rule|Moody Clause: Moody is banned\n|rule|Evasion Moves Clause: Evasion moves are banned\n|rule|Endless Battle Clause: Forcing endless battles is banned\n|rule|HP Percentage Mod: HP is shown in percentages\n|clearpoke\n|poke|p1|Hawlucha, M|item\n|poke|p1|Kyurem-Black|item\n|poke|p1|Tapu Koko|item\n|poke|p1|Magearna|item\n|poke|p1|Landorus-Therian, M|item\n|poke|p1|Medicham, M|item\n|poke|p2|Venusaur, M|item\n|poke|p2|Greninja, F|item\n|poke|p2|Heatran, F|item\n|poke|p2|Rotom-Wash|item\n|poke|p2|Landorus-Therian, M|item\n|poke|p2|Scizor, F|item\n|teampreview\n|inactive|Battle timer is ON: inactive players will automatically lose when time's up. (requested by LAOSAOQI)\n|\n|start\n|switch|p1a: Kyurem|Kyurem-Black|100\/100\n|switch|p2a: Scizor|Scizor, F|100\/100\n|-ability|p1a: Kyurem|Teravolt\n|turn|1\n|\n|move|p2a: Scizor|Bullet Punch|p1a: Kyurem\n|-supereffective|p1a: Kyurem\n|-damage|p1a: Kyurem|3\/100\n|move|p1a: Kyurem|Substitute|p1a: Kyurem\n|-fail|p1a: Kyurem|move: Substitute|[weak]\n|\n|upkeep\n|turn|2\n|\n|switch|p1a: Landorus|Landorus-Therian, M|100\/100\n|-ability|p1a: Landorus|Intimidate|boost\n|-unboost|p2a: Scizor|atk|1\n|move|p2a: Scizor|Bullet Punch|p1a: Landorus\n|-damage|p1a: Landorus|76\/100\n|-damage|p2a: Scizor|84\/100|[from] item: Rocky Helmet|[of] p1a: Landorus\n|\n|upkeep\n|turn|3\n|\n|switch|p2a: Landorus|Landorus-Therian, M|100\/100\n|-ability|p2a: Landorus|Intimidate|boost\n|-unboost|p1a: Landorus|atk|1\n|move|p1a: Landorus|Stealth Rock|p2a: Landorus\n|-sidestart|p2: Jakkkkkka|move: Stealth Rock\n|\n|upkeep\n|turn|4\n|\n|switch|p1a: Kyurem|Kyurem-Black|3\/100\n|-ability|p1a: Kyurem|Teravolt\n|move|p2a: Landorus|Toxic|p1a: Kyurem|[miss]\n|-miss|p2a: Landorus|p1a: Kyurem\n|\n|upkeep\n|turn|5\n|inactive|Jakkkkkka has 120 seconds left.\n|\n|switch|p2a: Rotom|Rotom-Wash|100\/100\n|-damage|p2a: Rotom|88\/100|[from] Stealth Rock\n|-zpower|p1a: Kyurem\n|move|p1a: Kyurem|Subzero Slammer|p2a: Rotom|[zeffect]\n|-resisted|p2a: Rotom\n|-damage|p2a: Rotom|13\/100\n|\n|-heal|p2a: Rotom|20\/100|[from] item: Leftovers\n|upkeep\n|turn|6\n|inactive|Jakkkkkka has 120 seconds left.\n|\n|move|p2a: Rotom|Volt Switch|p1a: Kyurem\n|-resisted|p1a: Kyurem\n|-crit|p1a: Kyurem\n|-damage|p1a: Kyurem|0 fnt\n|faint|p1a: Kyurem\n|inactive|Jakkkkkka has 120 seconds left.\n|\n|switch|p2a: Landorus|Landorus-Therian, M|100\/100\n|-damage|p2a: Landorus|88\/100|[from] Stealth Rock\n|\n|upkeep\n|\n|switch|p1a: Medicham|Medicham, M|100\/100\n|turn|7\n|\n|detailschange|p1a: Medicham|Medicham-Mega, M\n|-mega|p1a: Medicham|Medicham|Medichamite\n|move|p2a: Landorus|U-turn|p1a: Medicham\n|-damage|p1a: Medicham|58\/100\n|\n|switch|p2a: Rotom|Rotom-Wash|20\/100\n|-damage|p2a: Rotom|7\/100|[from] Stealth Rock\n|move|p1a: Medicham|Ice Punch|p2a: Rotom\n|-resisted|p2a: Rotom\n|-damage|p2a: Rotom|0 fnt\n|faint|p2a: Rotom\n|\n|upkeep\n|inactive|Jakkkkkka has 120 seconds left.\n|\n|switch|p2a: Scizor|Scizor, F|84\/100\n|-damage|p2a: Scizor|72\/100|[from] Stealth Rock\n|turn|8\n|\n|move|p1a: Medicham|High Jump Kick|p2a: Scizor\n|-damage|p2a: Scizor|0 fnt\n|faint|p2a: Scizor\n|\n|upkeep\n|inactive|Jakkkkkka has 120 seconds left.\n|\n|switch|p2a: Landorus|Landorus-Therian, M|88\/100\n|-damage|p2a: Landorus|76\/100|[from] Stealth Rock\n|-ability|p2a: Landorus|Intimidate|boost\n|-unboost|p1a: Medicham|atk|1\n|turn|9\n|inactive|Jakkkkkka has 120 seconds left.\n|\n|switch|p1a: Landorus|Landorus-Therian, M|76\/100\n|-ability|p1a: Landorus|Intimidate|boost\n|-unboost|p2a: Landorus|atk|1\n|move|p2a: Landorus|U-turn|p1a: Landorus\n|-resisted|p1a: Landorus\n|-crit|p1a: Landorus\n|-damage|p1a: Landorus|62\/100\n|-damage|p2a: Landorus|59\/100|[from] item: Rocky Helmet|[of] p1a: Landorus\n|\n|switch|p2a: Greninja|Greninja, F|100\/100\n|-damage|p2a: Greninja|88\/100|[from] Stealth Rock\n|\n|upkeep\n|turn|10\n|\n|switch|p1a: Magearna|Magearna|100\/100\n|move|p2a: Greninja|Ice Beam|p1a: Magearna\n|-start|p2a: Greninja|typechange|Ice|[from] ability: Protean\n|-resisted|p1a: Magearna\n|-damage|p1a: Magearna|92\/100\n|\n|upkeep\n|turn|11\n|\n|switch|p2a: Venusaur|Venusaur, M|100\/100\n|-damage|p2a: Venusaur|88\/100|[from] Stealth Rock\n|move|p1a: Magearna|Ice Beam|p2a: Venusaur\n|-supereffective|p2a: Venusaur\n|-damage|p2a: Venusaur|54\/100\n|\n|upkeep\n|turn|12\n|\n|detailschange|p2a: Venusaur|Venusaur-Mega, M\n|-mega|p2a: Venusaur|Venusaur|Venusaurite\n|move|p2a: Venusaur|Sleep Powder|p1a: Magearna\n|-status|p1a: Magearna|slp\n|cant|p1a: Magearna|slp\n|\n|upkeep\n|turn|13\n|\n|switch|p1a: Tapu Koko|Tapu Koko|100\/100\n|-fieldstart|move: Electric Terrain|[from] ability: Electric Surge|[of] p1a: Tapu Koko\n|move|p2a: Venusaur|Earthquake|p1a: Tapu Koko\n|-supereffective|p1a: Tapu Koko\n|-damage|p1a: Tapu Koko|46\/100\n|\n|upkeep\n|turn|14\n|\n|move|p1a: Tapu Koko|U-turn|p2a: Venusaur\n|-damage|p2a: Venusaur|40\/100\n|\n|switch|p1a: Hawlucha|Hawlucha, M|100\/100\n|-enditem|p1a: Hawlucha|Electric Seed\n|-boost|p1a: Hawlucha|def|1\n|move|p2a: Venusaur|Giga Drain|p1a: Hawlucha\n|-resisted|p1a: Hawlucha\n|-damage|p1a: Hawlucha|71\/100\n|-heal|p2a: Venusaur|52\/100|[from] drain|[of] p1a: Hawlucha\n|\n|upkeep\n|turn|15\n|\n|switch|p2a: Landorus|Landorus-Therian, M|59\/100\n|-damage|p2a: Landorus|47\/100|[from] Stealth Rock\n|-ability|p2a: Landorus|Intimidate|boost\n|-unboost|p1a: Hawlucha|atk|1\n|move|p1a: Hawlucha|Acrobatics|p2a: Landorus\n|-damage|p2a: Landorus|8\/100\n|\n|upkeep\n|turn|16\n|\n|move|p1a: Hawlucha|Acrobatics|p2a: Landorus\n|-damage|p2a: Landorus|0 fnt\n|faint|p2a: Landorus\n|\n|upkeep\n|\n|switch|p2a: Greninja|Greninja, F|88\/100\n|-damage|p2a: Greninja|76\/100|[from] Stealth Rock\n|turn|17\n|\n|move|p1a: Hawlucha|High Jump Kick|p2a: Greninja\n|-supereffective|p2a: Greninja\n|-damage|p2a: Greninja|0 fnt\n|faint|p2a: Greninja\n|\n|-fieldend|move: Electric Terrain\n|upkeep\n|-message|Jakkkkkka forfeited.\n|\n|win|LAOSAOQI\n|l|\u2606Jakkkkkka\n","uploadtime":1552866256,"views":4,"p1id":"laosaoqi","p2id":"jakkkkkka","formatid":"gen7ou","rating":0,"private":0,"password":null}