{"id":"gen7metronomebattle-990532507","p1":"Hajmola","p2":"stormrycon","format":"gen7metronomebattle","log":"|j|\u2606Hajmola\n|j|\u2606stormrycon\n|player|p1|Hajmola|10|\n|player|p2|stormrycon|137|\n|teamsize|p1|2\n|teamsize|p2|2\n|gametype|doubles\n|gen|7\n|tier|[Gen 7] Metronome Battle\n|rule|HP Percentage Mod: HP is shown in percentages\n|\n|start\n|switch|p1a: Gengar|Gengar-Mega, M|100\/100\n|switch|p1b: Alakazam|Alakazam-Mega, M|100\/100\n|switch|p2a: Heracross|Heracross-Mega, M, shiny|100\/100\n|switch|p2b: Gengar|Gengar-Mega, M, shiny|100\/100\n|turn|1\n|\n|move|p1b: Alakazam|Metronome|p1b: Alakazam\n|move|p1b: Alakazam|Bonemerang|p2b: Gengar|[from]Metronome\n|-supereffective|p2b: Gengar\n|-damage|p2b: Gengar|82\/100\n|-enditem|p2b: Gengar|Weakness Policy\n|-boost|p2b: Gengar|atk|2\n|-boost|p2b: Gengar|spa|2\n|-supereffective|p2b: Gengar\n|-damage|p2b: Gengar|62\/100\n|-hitcount|p2b: Gengar|2\n|move|p2b: Gengar|Metronome|p2b: Gengar\n|move|p2b: Gengar|Rock Blast|p1b: Alakazam|[from]Metronome\n|-damage|p1b: Alakazam|90\/100\n|-damage|p1b: Alakazam|78\/100\n|-hitcount|p1b: Alakazam|2\n|-enditem|p1b: Alakazam|Kee Berry|[eat]\n|-boost|p1b: Alakazam|def|1\n|move|p1a: Gengar|Metronome|p1a: Gengar\n|move|p1a: Gengar|Thunder Wave|p2b: Gengar|[from]Metronome\n|-status|p2b: Gengar|par\n|move|p2a: Heracross|Metronome|p2a: Heracross\n|move|p2a: Heracross|Gyro Ball|p1b: Alakazam|[from]Metronome\n|-damage|p1b: Alakazam|52\/100\n|\n|upkeep\n|turn|2\n|\n|move|p1b: Alakazam|Metronome|p1b: Alakazam\n|move|p1b: Alakazam|Rapid Spin|p2a: Heracross|[from]Metronome\n|-damage|p2a: Heracross|97\/100\n|move|p1a: Gengar|Metronome|p1a: Gengar\n|move|p1a: Gengar|Baton Pass||[from]Metronome|[still]\n|-fail|p1a: Gengar\n|cant|p2b: Gengar|par\n|move|p2a: Heracross|Metronome|p2a: Heracross\n|move|p2a: Heracross|Earth Power|p1b: Alakazam|[from]Metronome\n|-damage|p1b: Alakazam|38\/100\n|-unboost|p1b: Alakazam|spd|1\n|\n|upkeep\n|turn|3\n|\n|move|p1b: Alakazam|Metronome|p1b: Alakazam\n|move|p1b: Alakazam|Ion Deluge|p1b: Alakazam|[from]Metronome\n|-fieldactivate|move: Ion Deluge\n|move|p1a: Gengar|Metronome|p1a: Gengar\n|move|p1a: Gengar|Dragon Hammer|p2b: Gengar|[from]Metronome\n|-damage|p2b: Gengar|44\/100 par\n|cant|p2b: Gengar|par\n|move|p2a: Heracross|Metronome|p2a: Heracross\n|move|p2a: Heracross|Splash|p2a: Heracross|[from]Metronome\n|-nothing\n|\n|upkeep\n|turn|4\n|\n|move|p1b: Alakazam|Metronome|p1b: Alakazam\n|move|p1b: Alakazam|Spacial Rend|p2a: Heracross|[from]Metronome\n|-damage|p2a: Heracross|65\/100\n|move|p1a: Gengar|Metronome|p1a: Gengar\n|move|p1a: Gengar|Icicle Crash|p2a: Heracross|[from]Metronome\n|-damage|p2a: Heracross|52\/100\n|move|p2b: Gengar|Metronome|p2b: Gengar\n|move|p2b: Gengar|Bulk Up|p2b: Gengar|[from]Metronome\n|-boost|p2b: Gengar|atk|1\n|-boost|p2b: Gengar|def|1\n|move|p2a: Heracross|Metronome|p2a: Heracross\n|move|p2a: Heracross|Psystrike|p1a: Gengar|[from]Metronome\n|-supereffective|p1a: Gengar\n|-damage|p1a: Gengar|63\/100\n|\n|upkeep\n|turn|5\n|\n|move|p1b: Alakazam|Metronome|p1b: Alakazam\n|move|p1b: Alakazam|Soft-Boiled|p1b: Alakazam|[from]Metronome\n|-heal|p1b: Alakazam|88\/100\n|move|p1a: Gengar|Metronome|p1a: Gengar\n|move|p1a: Gengar|Flatter|p2b: Gengar|[from]Metronome\n|-boost|p2b: Gengar|spa|1\n|-start|p2b: Gengar|confusion\n|-activate|p2b: Gengar|confusion\n|cant|p2b: Gengar|par\n|move|p2a: Heracross|Metronome|p2a: Heracross\n|move|p2a: Heracross|Ice Ball|p1b: Alakazam|[from]Metronome\n|-damage|p1b: Alakazam|76\/100\n|\n|upkeep\n|turn|6\n|\n|move|p1b: Alakazam|Metronome|p1b: Alakazam\n|move|p1b: Alakazam|Submission|p2b: Gengar|[from]Metronome\n|-immune|p2b: Gengar\n|move|p1a: Gengar|Metronome|p1a: Gengar\n|move|p1a: Gengar|Rock Blast|p2a: Heracross|[from]Metronome\n|-damage|p2a: Heracross|48\/100\n|-damage|p2a: Heracross|45\/100\n|-damage|p2a: Heracross|41\/100\n|-damage|p2a: Heracross|37\/100\n|-hitcount|p2a: Heracross|4\n|-activate|p2b: Gengar|confusion\n|cant|p2b: Gengar|par\n|move|p2a: Heracross|Ice Ball|p1a: Gengar|[from]lockedmove\n|-damage|p1a: Gengar|34\/100\n|-enditem|p1a: Gengar|Kee Berry|[eat]\n|-boost|p1a: Gengar|def|1\n|\n|upkeep\n|turn|7\n|\n|move|p1b: Alakazam|Metronome|p1b: Alakazam\n|move|p1b: Alakazam|Smelling Salts|p2a: Heracross|[from]Metronome\n|-damage|p2a: Heracross|28\/100\n|move|p1a: Gengar|Metronome|p1a: Gengar\n|move|p1a: Gengar|Roar||[from]Metronome|[still]\n|-fail|p1a: Gengar\n|-activate|p2b: Gengar|confusion\n|-damage|p2b: Gengar|30\/100 par|[from] confusion\n|move|p2a: Heracross|Ice Ball|p1a: Gengar|[from]lockedmove|[miss]\n|-miss|p2a: Heracross|p1a: Gengar\n|\n|upkeep\n|turn|8\n|\n|move|p1b: Alakazam|Metronome|p1b: Alakazam\n|move|p1b: Alakazam|Petal Dance|p2a: Heracross|[from]Metronome\n|-resisted|p2a: Heracross\n|-damage|p2a: Heracross|9\/100\n|move|p1a: Gengar|Metronome|p1a: Gengar\n|move|p1a: Gengar|Morning Sun|p1a: Gengar|[from]Metronome\n|-heal|p1a: Gengar|84\/100\n|-end|p2b: Gengar|confusion\n|cant|p2b: Gengar|par\n|move|p2a: Heracross|Metronome|p2a: Heracross\n|move|p2a: Heracross|Solar Beam||[from]Metronome|[still]\n|-prepare|p2a: Heracross|Solar Beam|p1a: Gengar\n|\n|upkeep\n|turn|9\n|c|\u2606stormrycon|ahhh\n|\n|move|p1b: Alakazam|Petal Dance|p2b: Gengar|[from]lockedmove\n|-resisted|p2b: Gengar\n|-damage|p2b: Gengar|9\/100 par\n|-start|p1b: Alakazam|confusion|[fatigue]\n|move|p1a: Gengar|Metronome|p1a: Gengar\n|move|p1a: Gengar|Razor Wind||[from]Metronome|[still]\n|-prepare|p1a: Gengar|Razor Wind|p2b: Gengar\n|move|p2b: Gengar|Metronome|p2b: Gengar\n|move|p2b: Gengar|Heat Wave|p1a: Gengar|[from]Metronome|[spread] p1a,p1b\n|-damage|p1a: Gengar|9\/100\n|-damage|p1b: Alakazam|0 fnt\n|faint|p1b: Alakazam\n|move|p2a: Heracross|Solar Beam|p1a: Gengar|[from]lockedmove\n|-resisted|p1a: Gengar\n|-damage|p1a: Gengar|0 fnt\n|faint|p1a: Gengar\n|\n|win|stormrycon\n|c|\u2606Hajmola|Ooooof\n|c|\u2606stormrycon|oh god\n|c|\u2606stormrycon|amazing\n|c|\u2606stormrycon|gg\n|c|\u2606Hajmola|Oooof\n|c|\u2606Hajmola|What was that?\n|c|\u2606stormrycon|30 and 95 health\n|c|\u2606stormrycon|amazing plays\n|c|\u2606stormrycon|Weakness Policy is amazing\n","uploadtime":1570766214,"views":56,"p1id":"hajmola","p2id":"stormrycon","formatid":"gen7metronomebattle","rating":0,"private":0,"password":null}