{"id":"gen7ou-882948989","p1":"why addicted","p2":"Ptite Sucettte","format":"gen7ou","log":"|j|\u2606why addicted\n|j|\u2606Ptite Sucettte\n|player|p1|why addicted|102\n|player|p2|Ptite Sucettte|34\n|teamsize|p1|6\n|teamsize|p2|6\n|gametype|singles\n|gen|7\n|tier|[Gen 7] OU\n|rated|\n|rule|Sleep Clause Mod: Limit one foe put to sleep\n|rule|Species Clause: Limit one of each Pok\u00e9mon\n|rule|OHKO Clause: OHKO moves are banned\n|rule|Moody Clause: Moody is banned\n|rule|Evasion Moves Clause: Evasion moves are banned\n|rule|Endless Battle Clause: Forcing endless battles is banned\n|rule|HP Percentage Mod: HP is shown in percentages\n|clearpoke\n|poke|p1|Mawile, F|item\n|poke|p1|Garchomp, F|item\n|poke|p1|Greninja, M|item\n|poke|p1|Jirachi|item\n|poke|p1|Tapu Fini|item\n|poke|p1|Zapdos|item\n|poke|p2|Medicham, M|item\n|poke|p2|Celesteela|item\n|poke|p2|Tornadus-Therian, M|item\n|poke|p2|Keldeo|item\n|poke|p2|Landorus-Therian, M|item\n|poke|p2|Clefable, M|item\n|teampreview\n|inactive|Battle timer is ON: inactive players will automatically lose when time's up. (requested by Ptite Sucettte)\n|\n|start\n|switch|p1a: Mawile|Mawile, F|100\/100\n|switch|p2a: Keldeo|Keldeo|100\/100\n|-ability|p1a: Mawile|Intimidate|boost\n|-unboost|p2a: Keldeo|atk|1\n|turn|1\n|j| Dream Mentor\n|\n|detailschange|p1a: Mawile|Mawile-Mega, F\n|-mega|p1a: Mawile|Mawile|Mawilite\n|move|p2a: Keldeo|Hydro Pump|p1a: Mawile\n|-damage|p1a: Mawile|0 fnt\n|faint|p1a: Mawile\n|\n|upkeep\n|\n|switch|p1a: Tapu Fini|Tapu Fini|100\/100\n|-fieldstart|move: Misty Terrain|[from] ability: Misty Surge|[of] p1a: Tapu Fini\n|turn|2\n|\n|switch|p2a: Tornadus|Tornadus-Therian, M|100\/100\n|move|p1a: Tapu Fini|Nature's Madness|p2a: Tornadus\n|-damage|p2a: Tornadus|51\/100\n|\n|upkeep\n|turn|3\n|\n|switch|p1a: Zapdos|Zapdos|100\/100\n|move|p2a: Tornadus|Knock Off|p1a: Zapdos\n|-damage|p1a: Zapdos|86\/100\n|-enditem|p1a: Zapdos|Leftovers|[from] move: Knock Off|[of] p2a: Tornadus\n|\n|upkeep\n|turn|4\n|\n|switch|p2a: Clefable|Clefable, M|100\/100\n|move|p1a: Zapdos|Hidden Power|p2a: Clefable\n|-damage|p2a: Clefable|84\/100\n|\n|-heal|p2a: Clefable|90\/100|[from] item: Leftovers\n|upkeep\n|turn|5\n|\n|move|p1a: Zapdos|Volt Switch|p2a: Clefable\n|-damage|p2a: Clefable|60\/100\n|\n|switch|p1a: Jirachi|Jirachi|100\/100\n|move|p2a: Clefable|Stealth Rock|p1a: Jirachi\n|-sidestart|p1: why addicted|move: Stealth Rock\n|\n|-heal|p2a: Clefable|66\/100|[from] item: Leftovers\n|upkeep\n|turn|6\n|\n|switch|p2a: Landorus|Landorus-Therian, M|100\/100\n|-ability|p2a: Landorus|Intimidate|boost\n|-unboost|p1a: Jirachi|atk|1\n|move|p1a: Jirachi|U-turn|p2a: Landorus\n|-resisted|p2a: Landorus\n|-damage|p2a: Landorus|94\/100\n|\n|switch|p1a: Greninja|Greninja, M|100\/100\n|-damage|p1a: Greninja|88\/100|[from] Stealth Rock\n|\n|-fieldend|Misty Terrain\n|upkeep\n|turn|7\n|\n|switch|p2a: Keldeo|Keldeo|100\/100\n|switch|p1a: Zapdos|Zapdos|86\/100\n|-damage|p1a: Zapdos|62\/100|[from] Stealth Rock\n|\n|upkeep\n|turn|8\n|\n|switch|p1a: Tapu Fini|Tapu Fini|100\/100\n|-damage|p1a: Tapu Fini|88\/100|[from] Stealth Rock\n|-fieldstart|move: Misty Terrain|[from] ability: Misty Surge|[of] p1a: Tapu Fini\n|move|p2a: Keldeo|Hydro Pump|p1a: Tapu Fini|[miss]\n|-miss|p2a: Keldeo|p1a: Tapu Fini\n|\n|-heal|p1a: Tapu Fini|94\/100|[from] item: Leftovers\n|upkeep\n|turn|9\n|\n|switch|p2a: Tornadus|Tornadus-Therian, M|84\/100\n|move|p1a: Tapu Fini|Defog|p2a: Tornadus\n|-unboost|p2a: Tornadus|evasion|1\n|-sideend|p1: why addicted|Stealth Rock|[from] move: Defog|[of] p1a: Tapu Fini\n|\n|-heal|p1a: Tapu Fini|100\/100|[from] item: Leftovers\n|upkeep\n|turn|10\n|\n|switch|p2a: Clefable|Clefable, M|66\/100\n|switch|p1a: Zapdos|Zapdos|62\/100\n|\n|-heal|p2a: Clefable|72\/100|[from] item: Leftovers\n|upkeep\n|turn|11\n|\n|move|p1a: Zapdos|Volt Switch|p2a: Clefable\n|-damage|p2a: Clefable|45\/100\n|\n|switch|p1a: Garchomp|Garchomp, F|100\/100\n|move|p2a: Clefable|Stealth Rock|p1a: Garchomp\n|-sidestart|p1: why addicted|move: Stealth Rock\n|\n|-heal|p2a: Clefable|51\/100|[from] item: Leftovers\n|upkeep\n|turn|12\n|\n|-zpower|p1a: Garchomp\n|move|p1a: Garchomp|Continental Crush|p2a: Clefable|[zeffect]\n|-damage|p2a: Clefable|3\/100\n|move|p2a: Clefable|Soft-Boiled|p2a: Clefable\n|-heal|p2a: Clefable|53\/100\n|\n|-heal|p2a: Clefable|59\/100|[from] item: Leftovers\n|-fieldend|Misty Terrain\n|upkeep\n|turn|13\n|\n|switch|p2a: Landorus|Landorus-Therian, M|94\/100\n|-ability|p2a: Landorus|Intimidate|boost\n|-unboost|p1a: Garchomp|atk|1\n|move|p1a: Garchomp|Stealth Rock|p2a: Landorus\n|-sidestart|p2: Ptite Sucettte|move: Stealth Rock\n|\n|upkeep\n|turn|14\n|\n|switch|p1a: Zapdos|Zapdos|62\/100\n|-damage|p1a: Zapdos|37\/100|[from] Stealth Rock\n|move|p2a: Landorus|U-turn|p1a: Zapdos\n|-resisted|p1a: Zapdos\n|-damage|p1a: Zapdos|28\/100\n|-status|p2a: Landorus|par|[from] ability: Static|[of] p1a: Zapdos\n|\n|switch|p2a: Keldeo|Keldeo|100\/100\n|-damage|p2a: Keldeo|94\/100|[from] Stealth Rock\n|\n|upkeep\n|turn|15\n|\n|switch|p1a: Tapu Fini|Tapu Fini|100\/100\n|-damage|p1a: Tapu Fini|88\/100|[from] Stealth Rock\n|-fieldstart|move: Misty Terrain|[from] ability: Misty Surge|[of] p1a: Tapu Fini\n|move|p2a: Keldeo|Hidden Power|p1a: Tapu Fini\n|-supereffective|p1a: Tapu Fini\n|-damage|p1a: Tapu Fini|46\/100\n|\n|-heal|p1a: Tapu Fini|52\/100|[from] item: Leftovers\n|upkeep\n|turn|16\n|\n|switch|p2a: Tornadus|Tornadus-Therian, M|100\/100\n|-damage|p2a: Tornadus|76\/100|[from] Stealth Rock\n|move|p1a: Tapu Fini|Nature's Madness|p2a: Tornadus\n|-damage|p2a: Tornadus|38\/100\n|\n|-heal|p1a: Tapu Fini|59\/100|[from] item: Leftovers\n|upkeep\n|turn|17\n|\n|switch|p1a: Jirachi|Jirachi|100\/100\n|-damage|p1a: Jirachi|95\/100|[from] Stealth Rock\n|-zpower|p2a: Tornadus\n|move|p2a: Tornadus|Supersonic Skystrike|p1a: Jirachi|[zeffect]\n|-resisted|p1a: Jirachi\n|-damage|p1a: Jirachi|54\/100\n|\n|upkeep\n|turn|18\n|\n|switch|p2a: Landorus|Landorus-Therian, M|94\/100 par\n|-damage|p2a: Landorus|82\/100 par|[from] Stealth Rock\n|-ability|p2a: Landorus|Intimidate|boost\n|-unboost|p1a: Jirachi|atk|1\n|move|p1a: Jirachi|U-turn|p2a: Landorus\n|-resisted|p2a: Landorus\n|-damage|p2a: Landorus|76\/100 par\n|\n|switch|p1a: Greninja|Greninja, M|88\/100\n|-damage|p1a: Greninja|76\/100|[from] Stealth Rock\n|\n|upkeep\n|turn|19\n|\n|switch|p2a: Keldeo|Keldeo|94\/100\n|-damage|p2a: Keldeo|88\/100|[from] Stealth Rock\n|move|p1a: Greninja|Hydro Pump|p2a: Keldeo\n|-resisted|p2a: Keldeo\n|-damage|p2a: Keldeo|44\/100\n|\n|-fieldend|Misty Terrain\n|upkeep\n|turn|20\n|\n|switch|p1a: Zapdos|Zapdos|28\/100\n|-damage|p1a: Zapdos|3\/100|[from] Stealth Rock\n|move|p2a: Keldeo|Secret Sword|p1a: Zapdos\n|-resisted|p1a: Zapdos\n|-damage|p1a: Zapdos|0 fnt\n|faint|p1a: Zapdos\n|\n|upkeep\n|\n|switch|p1a: Tapu Fini|Tapu Fini|59\/100\n|-damage|p1a: Tapu Fini|46\/100|[from] Stealth Rock\n|-fieldstart|move: Misty Terrain|[from] ability: Misty Surge|[of] p1a: Tapu Fini\n|turn|21\n|\n|switch|p1a: Greninja|Greninja, M|76\/100\n|-damage|p1a: Greninja|64\/100|[from] Stealth Rock\n|move|p2a: Keldeo|Secret Sword|p1a: Greninja\n|-supereffective|p1a: Greninja\n|-damage|p1a: Greninja|0 fnt\n|faint|p1a: Greninja\n|\n|upkeep\n|c|\u2606why addicted|gg\n|c|\u2606Ptite Sucettte|gg\n|-message|why addicted forfeited.\n|\n|win|Ptite Sucettte\n|l|\u2606why addicted\n","uploadtime":1553712602,"views":38,"p1id":"whyaddicted","p2id":"ptitesucettte","formatid":"gen7ou","rating":0,"private":0,"password":null}