{"id":"gen7ou-996594460","p1":"LightGBM","p2":"SMxVale","format":"gen7ou","log":"|j|\u2606LightGBM\n|j|\u2606SMxVale\n|player|p1|LightGBM|169|1884\n|player|p2|SMxVale|151|1808\n|teamsize|p1|6\n|teamsize|p2|6\n|gametype|singles\n|gen|7\n|tier|[Gen 7] OU\n|rated|\n|rule|Sleep Clause Mod: Limit one foe put to sleep\n|rule|Species Clause: Limit one of each Pok\u00e9mon\n|rule|OHKO Clause: OHKO moves are banned\n|rule|Moody Clause: Moody is banned\n|rule|Evasion Moves Clause: Evasion moves are banned\n|rule|Endless Battle Clause: Forcing endless battles is banned\n|rule|HP Percentage Mod: HP is shown in percentages\n|clearpoke\n|poke|p1|Kartana|item\n|poke|p1|Tapu Lele|item\n|poke|p1|Tapu Bulu|item\n|poke|p1|Garchomp, M|item\n|poke|p1|Magnezone|item\n|poke|p1|Diancie|item\n|poke|p2|Jirachi|item\n|poke|p2|Tapu Lele|item\n|poke|p2|Serperior, F|item\n|poke|p2|Mawile, M|item\n|poke|p2|Landorus-Therian, M|item\n|poke|p2|Keldeo-Resolute|item\n|teampreview\n|j| TheLastEbankian\n|\n|start\n|switch|p1a: Diancie|Diancie|100\/100\n|switch|p2a: Tapu Lele|Tapu Lele|100\/100\n|-fieldstart|move: Psychic Terrain|[from] ability: Psychic Surge|[of] p2a: Tapu Lele\n|turn|1\n|inactive|Battle timer is ON: inactive players will automatically lose when time's up. (requested by SMxVale)\n|\n|switch|p2a: Jirachi|Jirachi|100\/100\n|detailschange|p1a: Diancie|Diancie-Mega\n|-mega|p1a: Diancie|Diancie|Diancite\n|move|p1a: Diancie|Protect||[still]\n|-fail|p1a: Diancie\n|\n|upkeep\n|turn|2\n|\n|switch|p2a: Landorus|Landorus-Therian, M|100\/100\n|-ability|p2a: Landorus|Intimidate|boost\n|-unboost|p1a: Diancie|atk|1\n|move|p1a: Diancie|Earth Power|p2a: Landorus\n|-immune|p2a: Landorus\n|\n|upkeep\n|turn|3\n|\n|switch|p1a: Tapu Bulu|Tapu Bulu|100\/100\n|-fieldstart|move: Grassy Terrain|[from] ability: Grassy Surge|[of] p1a: Tapu Bulu\n|move|p2a: Landorus|Earthquake|p1a: Tapu Bulu\n|-resisted|p1a: Tapu Bulu\n|-damage|p1a: Tapu Bulu|91\/100\n|\n|-heal|p1a: Tapu Bulu|97\/100|[from] item: Leftovers\n|-heal|p1a: Tapu Bulu|100\/100|[from] Grassy Terrain\n|upkeep\n|turn|4\n|\n|switch|p2a: Jirachi|Jirachi|100\/100\n|switch|p1a: Diancie|Diancie-Mega|100\/100\n|\n|upkeep\n|turn|5\n|\n|switch|p2a: Serperior|Serperior, F|100\/100\n|move|p1a: Diancie|Protect||[still]\n|-fail|p1a: Diancie\n|\n|upkeep\n|turn|6\n|\n|move|p1a: Diancie|Protect|p1a: Diancie\n|-singleturn|p1a: Diancie|Protect\n|move|p2a: Serperior|Leaf Storm|p1a: Diancie\n|-activate|p1a: Diancie|move: Protect\n|\n|upkeep\n|turn|7\n|\n|switch|p2a: Tapu Lele|Tapu Lele|100\/100\n|-fieldstart|move: Psychic Terrain|[from] ability: Psychic Surge|[of] p2a: Tapu Lele\n|switch|p1a: Magnezone|Magnezone|100\/100\n|\n|upkeep\n|turn|8\n|\n|switch|p2a: Landorus|Landorus-Therian, M|100\/100\n|-ability|p2a: Landorus|Intimidate|boost\n|-unboost|p1a: Magnezone|atk|1\n|switch|p1a: Tapu Bulu|Tapu Bulu|100\/100\n|-fieldstart|move: Grassy Terrain|[from] ability: Grassy Surge|[of] p1a: Tapu Bulu\n|\n|upkeep\n|turn|9\n|c|\u2606SMxVale|these doubles lol\n|\n|move|p2a: Landorus|U-turn|p1a: Tapu Bulu\n|-damage|p1a: Tapu Bulu|84\/100\n|\n|switch|p2a: Mawile|Mawile, M|100\/100|[from]move: U-turn\n|-ability|p2a: Mawile|Intimidate|boost\n|-unboost|p1a: Tapu Bulu|atk|1\n|move|p1a: Tapu Bulu|Substitute|p1a: Tapu Bulu\n|-start|p1a: Tapu Bulu|Substitute\n|-damage|p1a: Tapu Bulu|59\/100\n|\n|-heal|p1a: Tapu Bulu|65\/100|[from] item: Leftovers\n|-heal|p1a: Tapu Bulu|71\/100|[from] Grassy Terrain\n|upkeep\n|turn|10\n|\n|-singleturn|p1a: Tapu Bulu|move: Focus Punch\n|detailschange|p2a: Mawile|Mawile-Mega, M\n|-mega|p2a: Mawile|Mawile|Mawilite\n|move|p2a: Mawile|Fire Fang|p1a: Tapu Bulu\n|-supereffective|p1a: Tapu Bulu\n|-end|p1a: Tapu Bulu|Substitute\n|move|p1a: Tapu Bulu|Focus Punch|p2a: Mawile\n|-damage|p2a: Mawile|62\/100\n|\n|-heal|p2a: Mawile|68\/100|[from] Grassy Terrain\n|-heal|p1a: Tapu Bulu|77\/100|[from] item: Leftovers\n|-heal|p1a: Tapu Bulu|83\/100|[from] Grassy Terrain\n|upkeep\n|turn|11\n|\n|switch|p1a: Magnezone|Magnezone|100\/100\n|move|p2a: Mawile|Fire Fang|p1a: Magnezone\n|-supereffective|p1a: Magnezone\n|-damage|p1a: Magnezone|18\/100\n|\n|-heal|p1a: Magnezone|24\/100|[from] Grassy Terrain\n|-heal|p2a: Mawile|74\/100|[from] Grassy Terrain\n|upkeep\n|turn|12\n|\n|switch|p1a: Tapu Lele|Tapu Lele|100\/100\n|-fieldstart|move: Psychic Terrain|[from] ability: Psychic Surge|[of] p1a: Tapu Lele\n|move|p2a: Mawile|Sucker Punch||[still]\n|-fail|p2a: Mawile\n|\n|upkeep\n|turn|13\n|\n|switch|p2a: Jirachi|Jirachi|100\/100\n|move|p1a: Tapu Lele|Psychic|p2a: Jirachi\n|-resisted|p2a: Jirachi\n|-damage|p2a: Jirachi|89\/100\n|\n|-heal|p2a: Jirachi|96\/100|[from] item: Leftovers\n|upkeep\n|turn|14\n|\n|move|p1a: Tapu Lele|Taunt|p2a: Jirachi\n|-start|p2a: Jirachi|move: Taunt\n|cant|p2a: Jirachi|move: Taunt|Stealth Rock\n|\n|-heal|p2a: Jirachi|100\/100|[from] item: Leftovers\n|upkeep\n|turn|15\n|\n|switch|p1a: Garchomp|Garchomp, M|100\/100\n|move|p2a: Jirachi|Iron Head|p1a: Garchomp\n|-damage|p1a: Garchomp|73\/100\n|-damage|p2a: Jirachi|88\/100|[from] ability: Rough Skin|[of] p1a: Garchomp\n|\n|-heal|p2a: Jirachi|94\/100|[from] item: Leftovers\n|upkeep\n|turn|16\n|\n|switch|p2a: Landorus|Landorus-Therian, M|100\/100\n|-ability|p2a: Landorus|Intimidate|boost\n|-unboost|p1a: Garchomp|atk|1\n|-zpower|p1a: Garchomp\n|move|p1a: Garchomp|Devastating Drake|p2a: Landorus|[zeffect]\n|-damage|p2a: Landorus|56\/100\n|\n|-fieldend|move: Psychic Terrain\n|upkeep\n|turn|17\n|\n|move|p1a: Garchomp|Swords Dance|p1a: Garchomp\n|-boost|p1a: Garchomp|atk|2\n|move|p2a: Landorus|Hidden Power|p1a: Garchomp\n|-supereffective|p1a: Garchomp\n|-damage|p1a: Garchomp|12\/100\n|\n|upkeep\n|turn|18\n|\n|move|p1a: Garchomp|Outrage|p2a: Landorus\n|-damage|p2a: Landorus|0 fnt\n|-damage|p1a: Garchomp|0 fnt|[from] item: Rocky Helmet|[of] p2a: Landorus\n|faint|p2a: Landorus\n|faint|p1a: Garchomp\n|\n|upkeep\n|j| duren13\n|inactive|SMxVale has 120 seconds left.\n|j| The Boyka\n|\n|switch|p1a: Tapu Lele|Tapu Lele|100\/100\n|switch|p2a: Tapu Lele|Tapu Lele|100\/100\n|-fieldstart|move: Psychic Terrain|[from] ability: Psychic Surge|[of] p1a: Tapu Lele\n|turn|19\n|\n|move|p1a: Tapu Lele|Moonblast|p2a: Tapu Lele\n|-damage|p2a: Tapu Lele|50\/100\n|move|p2a: Tapu Lele|Moonblast|p1a: Tapu Lele\n|-damage|p1a: Tapu Lele|14\/100\n|\n|upkeep\n|turn|20\n|\n|switch|p2a: Jirachi|Jirachi|94\/100\n|move|p1a: Tapu Lele|Moonblast|p2a: Jirachi\n|-resisted|p2a: Jirachi\n|-damage|p2a: Jirachi|76\/100\n|\n|-heal|p2a: Jirachi|83\/100|[from] item: Leftovers\n|upkeep\n|turn|21\n|\n|move|p1a: Tapu Lele|Moonblast|p2a: Jirachi\n|-resisted|p2a: Jirachi\n|-damage|p2a: Jirachi|62\/100\n|-unboost|p2a: Jirachi|spa|1\n|move|p2a: Jirachi|Stealth Rock|p1a: Tapu Lele\n|-sidestart|p1: LightGBM|move: Stealth Rock\n|\n|-heal|p2a: Jirachi|68\/100|[from] item: Leftovers\n|upkeep\n|turn|22\n|j|\u203dEhtesham123\n|\n|move|p1a: Tapu Lele|Moonblast|p2a: Jirachi\n|-resisted|p2a: Jirachi\n|-damage|p2a: Jirachi|44\/100\n|move|p2a: Jirachi|Iron Head|p1a: Tapu Lele\n|-supereffective|p1a: Tapu Lele\n|-damage|p1a: Tapu Lele|0 fnt\n|faint|p1a: Tapu Lele\n|\n|-heal|p2a: Jirachi|50\/100|[from] item: Leftovers\n|upkeep\n|\n|switch|p1a: Diancie|Diancie-Mega|100\/100\n|-damage|p1a: Diancie|88\/100|[from] Stealth Rock\n|turn|23\n|l| duren13\n|\n|move|p1a: Diancie|Stealth Rock|p2a: Jirachi\n|-sidestart|p2: SMxVale|move: Stealth Rock\n|move|p2a: Jirachi|Healing Wish|p2a: Jirachi\n|faint|p2a: Jirachi\n|\n|-fieldend|move: Psychic Terrain\n|upkeep\n|inactive|SMxVale has 120 seconds left.\n|\n|switch|p2a: Tapu Lele|Tapu Lele|50\/100\n|-heal|p2a: Tapu Lele|100\/100|[from] move: Healing Wish\n|-damage|p2a: Tapu Lele|88\/100|[from] Stealth Rock\n|-fieldstart|move: Psychic Terrain|[from] ability: Psychic Surge|[of] p2a: Tapu Lele\n|turn|24\n|\n|switch|p1a: Tapu Bulu|Tapu Bulu|83\/100\n|-damage|p1a: Tapu Bulu|71\/100|[from] Stealth Rock\n|-fieldstart|move: Grassy Terrain|[from] ability: Grassy Surge|[of] p1a: Tapu Bulu\n|move|p2a: Tapu Lele|Psychic|p1a: Tapu Bulu\n|-damage|p1a: Tapu Bulu|0 fnt\n|faint|p1a: Tapu Bulu\n|\n|-heal|p2a: Tapu Lele|94\/100|[from] Grassy Terrain\n|upkeep\n|\n|switch|p1a: Kartana|Kartana|100\/100\n|-damage|p1a: Kartana|94\/100|[from] Stealth Rock\n|turn|25\n|\n|switch|p2a: Mawile|Mawile-Mega, M|74\/100\n|-damage|p2a: Mawile|68\/100|[from] Stealth Rock\n|move|p1a: Kartana|Leaf Blade|p2a: Mawile\n|-resisted|p2a: Mawile\n|-crit|p2a: Mawile\n|-damage|p2a: Mawile|0 fnt\n|faint|p2a: Mawile\n|-ability|p1a: Kartana|Beast Boost|boost\n|-boost|p1a: Kartana|atk|1\n|\n|-heal|p1a: Kartana|100\/100|[from] Grassy Terrain\n|upkeep\n|\n|switch|p2a: Serperior|Serperior, F|100\/100\n|-damage|p2a: Serperior|88\/100|[from] Stealth Rock\n|turn|26\n|j| sealxs\n|\n|switch|p1a: Diancie|Diancie-Mega|88\/100\n|-damage|p1a: Diancie|76\/100|[from] Stealth Rock\n|move|p2a: Serperior|Hidden Power|p1a: Diancie\n|-resisted|p1a: Diancie\n|-damage|p1a: Diancie|66\/100\n|\n|-heal|p2a: Serperior|94\/100|[from] Grassy Terrain\n|-heal|p1a: Diancie|73\/100|[from] Grassy Terrain\n|upkeep\n|turn|27\n|\n|switch|p2a: Tapu Lele|Tapu Lele|94\/100\n|-damage|p2a: Tapu Lele|82\/100|[from] Stealth Rock\n|-fieldstart|move: Psychic Terrain|[from] ability: Psychic Surge|[of] p2a: Tapu Lele\n|move|p1a: Diancie|Moonblast|p2a: Tapu Lele\n|-damage|p2a: Tapu Lele|27\/100\n|\n|upkeep\n|turn|28\n|\n|move|p1a: Diancie|Moonblast|p2a: Tapu Lele\n|-damage|p2a: Tapu Lele|0 fnt\n|faint|p2a: Tapu Lele\n|\n|upkeep\n|\n|switch|p2a: Serperior|Serperior, F|94\/100\n|-damage|p2a: Serperior|82\/100|[from] Stealth Rock\n|turn|29\n|\n|move|p1a: Diancie|Protect|p1a: Diancie\n|-singleturn|p1a: Diancie|Protect\n|move|p2a: Serperior|Leaf Storm|p1a: Diancie\n|-activate|p1a: Diancie|move: Protect\n|\n|upkeep\n|turn|30\n|\n|switch|p1a: Magnezone|Magnezone|24\/100\n|-damage|p1a: Magnezone|18\/100|[from] Stealth Rock\n|move|p2a: Serperior|Leaf Storm|p1a: Magnezone\n|-resisted|p1a: Magnezone\n|-damage|p1a: Magnezone|0 fnt\n|-boost|p2a: Serperior|spa|2\n|faint|p1a: Magnezone\n|\n|upkeep\n|\n|switch|p1a: Kartana|Kartana|100\/100\n|-damage|p1a: Kartana|94\/100|[from] Stealth Rock\n|turn|31\n|\n|move|p2a: Serperior|Leaf Storm|p1a: Kartana\n|-resisted|p1a: Kartana\n|-damage|p1a: Kartana|19\/100\n|-boost|p2a: Serperior|spa|2\n|move|p1a: Kartana|Knock Off|p2a: Serperior\n|-damage|p2a: Serperior|30\/100\n|-enditem|p2a: Serperior|Choice Scarf|[from] move: Knock Off|[of] p1a: Kartana\n|\n|-fieldend|move: Psychic Terrain\n|upkeep\n|turn|32\n|\n|move|p1a: Kartana|Knock Off|p2a: Serperior\n|-damage|p2a: Serperior|0 fnt\n|faint|p2a: Serperior\n|-ability|p1a: Kartana|Beast Boost|boost\n|-boost|p1a: Kartana|atk|1\n|\n|upkeep\n|\n|switch|p2a: Keldeo|Keldeo-Resolute|100\/100\n|-damage|p2a: Keldeo|94\/100|[from] Stealth Rock\n|turn|33\n|\n|switch|p1a: Diancie|Diancie-Mega|73\/100\n|-damage|p1a: Diancie|60\/100|[from] Stealth Rock\n|move|p2a: Keldeo|Scald|p1a: Diancie\n|-supereffective|p1a: Diancie\n|-damage|p1a: Diancie|0 fnt\n|faint|p1a: Diancie\n|\n|upkeep\n|c|\u2606SMxVale|wp\n|c|\u2606SMxVale|gg\n|\n|switch|p1a: Kartana|Kartana|19\/100\n|-damage|p1a: Kartana|12\/100|[from] Stealth Rock\n|turn|34\n|\n|move|p1a: Kartana|Leaf Blade|p2a: Keldeo\n|-supereffective|p2a: Keldeo\n|-damage|p2a: Keldeo|0 fnt\n|faint|p2a: Keldeo\n|\n|win|LightGBM\n|raw|LightGBM's rating: 1884 &rarr; <strong>1900<\/strong><br \/>(+16 for winning)\n|raw|SMxVale's rating: 1808 &rarr; <strong>1792<\/strong><br \/>(-16 for losing)\n|l| sealxs\n|l|\u2606SMxVale\n","uploadtime":1571736591,"views":35,"p1id":"lightgbm","p2id":"smxvale","formatid":"gen7ou","rating":1792,"private":0,"password":null}