{"id":"gen7ou-664960862","p1":"BigL91","p2":"PetalFall","format":"gen7ou","log":"|j|BigL91\n|j|PetalFall\n|player|p1|BigL91|293\n|teamsize|p1|6\n|player|p2|PetalFall|146\n|teamsize|p2|6\n|gametype|singles\n|gen|7\n|tier|[Gen 7] OU\n|rated|\n|seed|13790,1752,28843,39631\n|rule|Sleep Clause Mod: Limit one foe put to sleep\n|rule|Species Clause: Limit one of each Pok\u00e9mon\n|rule|OHKO Clause: OHKO moves are banned\n|rule|Moody Clause: Moody is banned\n|rule|Evasion Moves Clause: Evasion moves are banned\n|rule|Endless Battle Clause: Forcing endless battles is banned\n|rule|HP Percentage Mod: HP is shown in percentages\n|clearpoke\n|poke|p1|Heatran, F|item\n|poke|p1|Greninja, M|item\n|poke|p1|Charizard, M|item\n|poke|p1|Tangrowth, M|item\n|poke|p1|Rotom-Wash|item\n|poke|p1|Landorus-Therian, M|item\n|poke|p2|Jirachi|item\n|poke|p2|Venusaur, M|item\n|poke|p2|Seismitoad, F|item\n|poke|p2|Keldeo-Resolute|item\n|poke|p2|Skarmory, M|item\n|poke|p2|Chansey, F|item\n|teampreview\n|choice|team 1, team 2, team 3, team 4, team 5, team 6|team 3, team 2, team 1, team 4, team 5, team 6\n|\n|start\n|switch|p1a: Heatran|Heatran, F|386\/386\n|switch|p2a: Seismitoad|Seismitoad, F, shiny|414\/414\n|turn|1\n|choice|move taunt|move stealthrock\n|\n|move|p1a: Heatran|Taunt|p2a: Seismitoad\n|-start|p2a: Seismitoad|move: Taunt\n|cant|p2a: Seismitoad|move: Taunt|Stealth Rock\n|\n|upkeep\n|turn|2\n|choice|switch 4|switch 2\n|\n|switch|p1a: Tangrowth|Tangrowth, M|404\/404\n|switch|p2a: Venusaur|Venusaur, M|361\/361\n|\n|upkeep\n|turn|3\n|choice|switch 6|switch 2\n|\n|switch|p2a: Seismitoad|Seismitoad, F, shiny|414\/414\n|switch|p1a: Landorus|Landorus-Therian, M|382\/382\n|-ability|p1a: Landorus|Intimidate|boost\n|-unboost|p2a: Seismitoad|atk|1\n|\n|upkeep\n|turn|4\n|choice|move stealthrock|move stealthrock\n|\n|move|p1a: Landorus|Stealth Rock|p2a: Seismitoad\n|-sidestart|p2: PetalFall|move: Stealth Rock\n|move|p2a: Seismitoad|Stealth Rock|p1a: Landorus\n|-sidestart|p1: BigL91|move: Stealth Rock\n|\n|upkeep\n|turn|5\n|choice|move earthquake|switch 5\n|\n|switch|p2a: Skarmory|Skarmory, M|334\/334\n|-damage|p2a: Skarmory|293\/334|[from] Stealth Rock\n|move|p1a: Landorus|Earthquake|p2a: Skarmory\n|-immune|p2a: Skarmory|[msg]\n|\n|upkeep\n|turn|6\n|choice|switch 5|move spikes\n|\n|switch|p1a: Rotom|Rotom-Wash|304\/304\n|-damage|p1a: Rotom|266\/304|[from] Stealth Rock\n|move|p2a: Skarmory|Spikes|p1a: Rotom\n|-sidestart|p1: BigL91|Spikes\n|\n|-heal|p1a: Rotom|285\/304|[from] item: Leftovers\n|upkeep\n|turn|7\n|choice|move defog|switch 5\n|\n|switch|p2a: Seismitoad|Seismitoad, F, shiny|414\/414\n|-damage|p2a: Seismitoad|389\/414|[from] Stealth Rock\n|move|p1a: Rotom|Defog|p2a: Seismitoad\n|-unboost|p2a: Seismitoad|evasion|1\n|-sideend|p2: PetalFall|Stealth Rock|[from] move: Defog|[of] p2a: Seismitoad\n|-sideend|p1: BigL91|Spikes|[from] move: Defog|[of] p1a: Rotom\n|-sideend|p1: BigL91|Stealth Rock|[from] move: Defog|[of] p1a: Rotom\n|\n|-heal|p1a: Rotom|304\/304|[from] item: Leftovers\n|-heal|p2a: Seismitoad|414\/414|[from] item: Leftovers\n|upkeep\n|turn|8\n|choice|switch 2|move toxic\n|\n|switch|p1a: Greninja|Greninja, M|285\/285\n|move|p2a: Seismitoad|Toxic|p1a: Greninja\n|-status|p1a: Greninja|tox\n|\n|-damage|p1a: Greninja|268\/285 tox|[from] psn\n|upkeep\n|turn|9\n|choice|move darkpulse|move stealthrock\n|\n|move|p1a: Greninja|Dark Pulse|p2a: Seismitoad\n|-damage|p2a: Seismitoad|258\/414\n|move|p2a: Seismitoad|Stealth Rock|p1a: Greninja\n|-sidestart|p1: BigL91|move: Stealth Rock\n|\n|-heal|p2a: Seismitoad|283\/414|[from] item: Leftovers\n|-damage|p1a: Greninja|234\/285 tox|[from] psn\n|upkeep\n|turn|10\n|choice|switch 6|switch 6\n|\n|switch|p1a: Tangrowth|Tangrowth, M|404\/404\n|-damage|p1a: Tangrowth|354\/404|[from] Stealth Rock\n|switch|p2a: Chansey|Chansey, F, shiny|703\/703\n|\n|upkeep\n|turn|11\n|choice|move knockoff|switch 2\n|\n|switch|p2a: Venusaur|Venusaur, M|361\/361\n|move|p1a: Tangrowth|Knock Off|p2a: Venusaur\n|-damage|p2a: Venusaur|320\/361\n|\n|upkeep\n|turn|12\n|choice|move hiddenpower|move gigadrain mega\n|\n|-mega|p2a: Venusaur|Venusaur|Venusaurite\n|detailschange|p2a: Venusaur|Venusaur-Mega, M\n|move|p2a: Venusaur|Giga Drain|p1a: Tangrowth\n|-resisted|p1a: Tangrowth\n|-damage|p1a: Tangrowth|314\/404\n|-heal|p2a: Venusaur|340\/361|[from] drain|[of] p1a: Tangrowth\n|move|p1a: Tangrowth|Hidden Power|p2a: Venusaur\n|-supereffective|p2a: Venusaur\n|-damage|p2a: Venusaur|292\/361\n|\n|upkeep\n|turn|13\n|choice|move earthquake|move gigadrain\n|\n|move|p2a: Venusaur|Giga Drain|p1a: Tangrowth\n|-resisted|p1a: Tangrowth\n|-damage|p1a: Tangrowth|275\/404\n|-heal|p2a: Venusaur|312\/361|[from] drain|[of] p1a: Tangrowth\n|move|p1a: Tangrowth|Earthquake|p2a: Venusaur\n|-damage|p2a: Venusaur|266\/361\n|\n|upkeep\n|turn|14\n|choice|switch 4|move gigadrain\n|\n|switch|p1a: Heatran|Heatran, F|386\/386\n|-damage|p1a: Heatran|338\/386|[from] Stealth Rock\n|move|p2a: Venusaur|Giga Drain|p1a: Heatran\n|-resisted|p1a: Heatran\n|-damage|p1a: Heatran|312\/386\n|-heal|p2a: Venusaur|279\/361|[from] drain|[of] p1a: Heatran\n|\n|-heal|p1a: Heatran|336\/386|[from] item: Leftovers\n|upkeep\n|turn|15\n|choice|move magmastorm|switch 4\n|\n|switch|p2a: Keldeo|Keldeo-Resolute|323\/323\n|move|p1a: Heatran|Magma Storm|p2a: Keldeo\n|-resisted|p2a: Keldeo\n|-damage|p2a: Keldeo|240\/323\n|-activate|p2a: Keldeo|move: Magma Storm|[of] p1a: Heatran\n|\n|-heal|p1a: Heatran|360\/386|[from] item: Leftovers\n|-damage|p2a: Keldeo|200\/323|[from] move: Magma Storm|[partiallytrapped]\n|upkeep\n|turn|16\n|choice|switch 4|move secretsword\n|\n|switch|p1a: Tangrowth|Tangrowth, M|404\/404\n|-damage|p1a: Tangrowth|354\/404|[from] Stealth Rock\n|move|p2a: Keldeo|Secret Sword|p1a: Tangrowth\n|-crit|p1a: Tangrowth\n|-damage|p1a: Tangrowth|158\/404\n|\n|upkeep\n|turn|17\n|choice|move gigadrain|move hyperbeam zmove\n|\n|-zpower|p2a: Keldeo\n|move|p2a: Keldeo|Breakneck Blitz|p1a: Tangrowth|[zeffect]\n|-damage|p1a: Tangrowth|0 fnt\n|faint|p1a: Tangrowth\n|\n|upkeep\n|choice|switch 2|\n|\n|switch|p1a: Rotom|Rotom-Wash|304\/304\n|-damage|p1a: Rotom|266\/304|[from] Stealth Rock\n|turn|18\n|choice|move hydropump|switch 6\n|\n|switch|p2a: Seismitoad|Seismitoad, F, shiny|283\/414\n|move|p1a: Rotom|Hydro Pump|p2a: Seismitoad\n|-heal|p2a: Seismitoad|386\/414|[from] ability: Water Absorb|[of] p1a: Rotom\n|\n|-heal|p1a: Rotom|285\/304|[from] item: Leftovers\n|-heal|p2a: Seismitoad|411\/414|[from] item: Leftovers\n|upkeep\n|turn|19\n|choice|move defog|move toxic\n|\n|move|p1a: Rotom|Defog|p2a: Seismitoad\n|-unboost|p2a: Seismitoad|evasion|1\n|-sideend|p1: BigL91|Stealth Rock|[from] move: Defog|[of] p1a: Rotom\n|move|p2a: Seismitoad|Toxic|p1a: Rotom\n|-status|p1a: Rotom|tox\n|\n|-heal|p1a: Rotom|304\/304 tox|[from] item: Leftovers\n|-heal|p2a: Seismitoad|414\/414|[from] item: Leftovers\n|-damage|p1a: Rotom|285\/304 tox|[from] psn\n|upkeep\n|turn|20\n|choice|switch 4|move toxic\n|\n|switch|p1a: Heatran|Heatran, F|360\/386\n|move|p2a: Seismitoad|Toxic|p1a: Heatran\n|-immune|p1a: Heatran|[msg]\n|\n|-heal|p1a: Heatran|384\/386|[from] item: Leftovers\n|upkeep\n|turn|21\n|choice|move toxic|move earthquake\n|\n|move|p1a: Heatran|Toxic|p2a: Seismitoad\n|-status|p2a: Seismitoad|tox\n|move|p2a: Seismitoad|Earthquake|p1a: Heatran\n|-supereffective|p1a: Heatran\n|-damage|p1a: Heatran|0 fnt\n|faint|p1a: Heatran\n|\n|-damage|p2a: Seismitoad|389\/414 tox|[from] psn\n|upkeep\n|choice|switch 5|\n|\n|switch|p1a: Landorus|Landorus-Therian, M|382\/382\n|-ability|p1a: Landorus|Intimidate|boost\n|-unboost|p2a: Seismitoad|atk|1\n|turn|22\n|choice|move earthquake|move stealthrock\n|\n|move|p1a: Landorus|Earthquake|p2a: Seismitoad\n|-damage|p2a: Seismitoad|184\/414 tox\n|move|p2a: Seismitoad|Stealth Rock|p1a: Landorus\n|-sidestart|p1: BigL91|move: Stealth Rock\n|\n|-heal|p2a: Seismitoad|209\/414 tox|[from] item: Leftovers\n|-damage|p2a: Seismitoad|159\/414 tox|[from] psn\n|upkeep\n|turn|23\n|choice|move uturn|switch 5\n|\n|switch|p2a: Skarmory|Skarmory, M|293\/334\n|move|p1a: Landorus|U-turn|p2a: Skarmory\n|-resisted|p2a: Skarmory\n|-damage|p2a: Skarmory|282\/334\n|-damage|p1a: Landorus|319\/382|[from] item: Rocky Helmet|[of] p2a: Skarmory\n|choice|switch 4|\n|\n|switch|p1a: Rotom|Rotom-Wash|285\/304 tox\n|-damage|p1a: Rotom|247\/304 tox|[from] Stealth Rock\n|\n|-heal|p1a: Rotom|266\/304 tox|[from] item: Leftovers\n|-damage|p1a: Rotom|247\/304 tox|[from] psn\n|upkeep\n|turn|24\n|choice|move defog|switch 3\n|\n|switch|p2a: Jirachi|Jirachi|404\/404\n|move|p1a: Rotom|Defog|p2a: Jirachi\n|-unboost|p2a: Jirachi|evasion|1\n|-sideend|p1: BigL91|Stealth Rock|[from] move: Defog|[of] p1a: Rotom\n|\n|-heal|p1a: Rotom|266\/304 tox|[from] item: Leftovers\n|-damage|p1a: Rotom|228\/304 tox|[from] psn\n|upkeep\n|turn|25\n|choice|move voltswitch|move bodyslam\n|\n|move|p2a: Jirachi|Body Slam|p1a: Rotom\n|-damage|p1a: Rotom|176\/304 tox\n|move|p1a: Rotom|Volt Switch|p2a: Jirachi\n|-damage|p2a: Jirachi|341\/404\n|choice|switch 3|\n|\n|switch|p1a: Charizard|Charizard, M|298\/298\n|\n|-heal|p2a: Jirachi|366\/404|[from] item: Leftovers\n|upkeep\n|turn|26\n|choice|move flareblitz mega|move bodyslam\n|\n|-mega|p1a: Charizard|Charizard|Charizardite X\n|detailschange|p1a: Charizard|Charizard-Mega-X, M\n|move|p1a: Charizard|Flare Blitz|p2a: Jirachi\n|-supereffective|p2a: Jirachi\n|-crit|p2a: Jirachi\n|-damage|p2a: Jirachi|0 fnt\n|-damage|p1a: Charizard|177\/298|[from] Recoil|[of] p2a: Jirachi\n|faint|p2a: Jirachi\n|\n|upkeep\n|choice||switch 2\n|\n|switch|p2a: Chansey|Chansey, F, shiny|703\/703\n|turn|27\n|choice|switch 3|move thunderwave\n|\n|switch|p1a: Rotom|Rotom-Wash|176\/304 tox\n|move|p2a: Chansey|Thunder Wave|p1a: Rotom\n|-fail|p1a: Rotom\n|\n|-heal|p1a: Rotom|195\/304 tox|[from] item: Leftovers\n|-damage|p1a: Rotom|176\/304 tox|[from] psn\n|upkeep\n|turn|28\n|choice|switch 4|switch 5\n|\n|switch|p1a: Landorus|Landorus-Therian, M|319\/382\n|-ability|p1a: Landorus|Intimidate|boost\n|-unboost|p2a: Chansey|atk|1\n|switch|p2a: Seismitoad|Seismitoad, F, shiny|159\/414 tox\n|\n|-heal|p2a: Seismitoad|184\/414 tox|[from] item: Leftovers\n|-damage|p2a: Seismitoad|159\/414 tox|[from] psn\n|upkeep\n|turn|29\n|choice|move earthquake|move stealthrock\n|\n|move|p1a: Landorus|Earthquake|p2a: Seismitoad\n|-damage|p2a: Seismitoad|0 fnt\n|faint|p2a: Seismitoad\n|\n|upkeep\n|choice||switch 6\n|\n|switch|p2a: Keldeo|Keldeo-Resolute|200\/323\n|turn|30\n|choice|move earthquake|move scald\n|\n|move|p2a: Keldeo|Scald|p1a: Landorus\n|-supereffective|p1a: Landorus\n|-damage|p1a: Landorus|7\/382\n|move|p1a: Landorus|Earthquake|p2a: Keldeo\n|-damage|p2a: Keldeo|8\/323\n|\n|upkeep\n|turn|31\n|choice|move stealthrock|move scald\n|\n|move|p2a: Keldeo|Scald|p1a: Landorus\n|-supereffective|p1a: Landorus\n|-damage|p1a: Landorus|0 fnt\n|faint|p1a: Landorus\n|\n|upkeep\n|choice|switch 6|\n|\n|switch|p1a: Greninja|Greninja, M|234\/285 tox\n|turn|32\n|choice|move darkpulse|switch 5\n|\n|switch|p2a: Chansey|Chansey, F, shiny|703\/703\n|move|p1a: Greninja|Dark Pulse|p2a: Chansey\n|-damage|p2a: Chansey|586\/703\n|\n|-damage|p1a: Greninja|217\/285 tox|[from] psn\n|upkeep\n|turn|33\n|choice|switch 4|move thunderwave\n|\n|switch|p1a: Rotom|Rotom-Wash|176\/304 tox\n|move|p2a: Chansey|Thunder Wave|p1a: Rotom\n|-fail|p1a: Rotom\n|\n|-heal|p1a: Rotom|195\/304 tox|[from] item: Leftovers\n|-damage|p1a: Rotom|176\/304 tox|[from] psn\n|upkeep\n|turn|34\n|choice|move voltswitch|switch 4\n|\n|switch|p2a: Venusaur|Venusaur-Mega, M|279\/361\n|move|p1a: Rotom|Volt Switch|p2a: Venusaur\n|-resisted|p2a: Venusaur\n|-damage|p2a: Venusaur|243\/361\n|choice|switch 3|\n|\n|switch|p1a: Charizard|Charizard-Mega-X, M|177\/298\n|\n|upkeep\n|turn|35\n|choice|move flareblitz|move sludgebomb\n|\n|move|p1a: Charizard|Flare Blitz|p2a: Venusaur\n|-supereffective|p2a: Venusaur\n|-damage|p2a: Venusaur|69\/361\n|-damage|p1a: Charizard|120\/298|[from] Recoil|[of] p2a: Venusaur\n|move|p2a: Venusaur|Sludge Bomb|p1a: Charizard\n|-crit|p1a: Charizard\n|-damage|p1a: Charizard|0 fnt\n|faint|p1a: Charizard\n|\n|upkeep\n|choice|switch 4|\n|\n|switch|p1a: Greninja|Greninja, M|217\/285 tox\n|turn|36\n|choice|move hydropump|switch 4\n|\n|switch|p2a: Chansey|Chansey, F, shiny|586\/703\n|move|p1a: Greninja|Hydro Pump|p2a: Chansey\n|-damage|p2a: Chansey|414\/703\n|\n|-damage|p1a: Greninja|200\/285 tox|[from] psn\n|upkeep\n|turn|37\n|choice|switch 3|move seismictoss\n|\n|switch|p1a: Rotom|Rotom-Wash|176\/304 tox\n|move|p2a: Chansey|Seismic Toss|p1a: Rotom\n|-damage|p1a: Rotom|76\/304 tox\n|\n|-heal|p1a: Rotom|95\/304 tox|[from] item: Leftovers\n|-damage|p1a: Rotom|76\/304 tox|[from] psn\n|upkeep\n|turn|38\n|choice|move painsplit|move seismictoss\n|\n|move|p1a: Rotom|Pain Split|p2a: Chansey\n|-sethp|p2a: Chansey|245\/703|p1a: Rotom|245\/304 tox|[from] move: Pain Split\n|move|p2a: Chansey|Seismic Toss|p1a: Rotom\n|-damage|p1a: Rotom|145\/304 tox\n|\n|-heal|p1a: Rotom|164\/304 tox|[from] item: Leftovers\n|-damage|p1a: Rotom|126\/304 tox|[from] psn\n|upkeep\n|turn|39\n|choice|move hydropump|move softboiled\n|\n|move|p1a: Rotom|Hydro Pump|p2a: Chansey\n|-damage|p2a: Chansey|157\/703\n|move|p2a: Chansey|Soft-Boiled|p2a: Chansey\n|-heal|p2a: Chansey|509\/703\n|\n|-heal|p1a: Rotom|145\/304 tox|[from] item: Leftovers\n|-damage|p1a: Rotom|88\/304 tox|[from] psn\n|upkeep\n|turn|40\n|choice|move painsplit|move softboiled\n|\n|move|p1a: Rotom|Pain Split|p2a: Chansey\n|-sethp|p2a: Chansey|298\/703|p1a: Rotom|298\/304 tox|[from] move: Pain Split\n|move|p2a: Chansey|Soft-Boiled|p2a: Chansey\n|-heal|p2a: Chansey|650\/703\n|\n|-heal|p1a: Rotom|304\/304 tox|[from] item: Leftovers\n|-damage|p1a: Rotom|228\/304 tox|[from] psn\n|upkeep\n|turn|41\n|choice|move painsplit|switch 4\n|\n|switch|p2a: Venusaur|Venusaur-Mega, M|69\/361\n|move|p1a: Rotom|Pain Split|p2a: Venusaur\n|-sethp|p2a: Venusaur|148\/361|p1a: Rotom|148\/304 tox|[from] move: Pain Split\n|\n|-heal|p1a: Rotom|167\/304 tox|[from] item: Leftovers\n|-damage|p1a: Rotom|72\/304 tox|[from] psn\n|upkeep\n|turn|42\n|choice|move hydropump|move synthesis\n|\n|move|p1a: Rotom|Hydro Pump|p2a: Venusaur\n|-resisted|p2a: Venusaur\n|-damage|p2a: Venusaur|88\/361\n|move|p2a: Venusaur|Synthesis|p2a: Venusaur\n|-heal|p2a: Venusaur|268\/361\n|\n|-heal|p1a: Rotom|91\/304 tox|[from] item: Leftovers\n|-damage|p1a: Rotom|0 fnt|[from] psn\n|upkeep\n|faint|p1a: Rotom\n|choice|switch 3|\n|\n|switch|p1a: Greninja|Greninja, M|200\/285 tox\n|turn|43\n|choice|move icebeam|move gigadrain\n|\n|move|p1a: Greninja|Ice Beam|p2a: Venusaur\n|-supereffective|p2a: Venusaur\n|-damage|p2a: Venusaur|152\/361\n|move|p2a: Venusaur|Giga Drain|p1a: Greninja\n|-supereffective|p1a: Greninja\n|-damage|p1a: Greninja|0 fnt\n|-heal|p2a: Venusaur|252\/361|[from] drain|[of] p1a: Greninja\n|faint|p1a: Greninja\n|\n|win|PetalFall\n|raw|BigL91's rating: 1527 &rarr; <strong>1506<\/strong><br \/>(-21 for losing)\n|raw|PetalFall's rating: 1503 &rarr; <strong>1524<\/strong><br \/>(+21 for winning)\n|l|BigL91","inputlog":null,"uploadtime":1511706726,"views":4,"p1id":"bigl91","p2id":"petalfall","formatid":"gen7ou","rating":1506,"private":0,"password":null}