{"id":"gen7ou-1005697085","p1":"SMxVale","p2":"gasoline7","format":"gen7ou","log":"|j|\u2606SMxVale\n|j|\u2606gasoline7\n|player|p1|SMxVale|151|1723\n|player|p2|gasoline7|265|1681\n|teamsize|p1|6\n|teamsize|p2|6\n|gametype|singles\n|gen|7\n|tier|[Gen 7] OU\n|rated|\n|rule|Sleep Clause Mod: Limit one foe put to sleep\n|rule|Species Clause: Limit one of each Pok\u00e9mon\n|rule|OHKO Clause: OHKO moves are banned\n|rule|Moody Clause: Moody is banned\n|rule|Evasion Moves Clause: Evasion moves are banned\n|rule|Endless Battle Clause: Forcing endless battles is banned\n|rule|HP Percentage Mod: HP is shown in percentages\n|clearpoke\n|poke|p1|Jirachi|item\n|poke|p1|Tapu Lele|item\n|poke|p1|Serperior, F|item\n|poke|p1|Mawile, M|item\n|poke|p1|Landorus-Therian, M|item\n|poke|p1|Keldeo-Resolute|item\n|poke|p2|Charizard, M|item\n|poke|p2|Landorus-Therian, M|item\n|poke|p2|Ferrothorn, M|item\n|poke|p2|Toxapex, F|item\n|poke|p2|Jirachi|item\n|poke|p2|Greninja, M|item\n|teampreview\n|inactive|Battle timer is ON: inactive players will automatically lose when time's up. (requested by SMxVale)\n|c|\u2606SMxVale|gl hf\n|\n|start\n|switch|p1a: Keldeo|Keldeo-Resolute|100\/100\n|switch|p2a: Charizard|Charizard, M|100\/100\n|turn|1\n|c|\u2606gasoline7|glhf\n|j|\u203d4chan pol mod\n|\n|switch|p2a: Toxapex|Toxapex, F|100\/100\n|move|p1a: Keldeo|Scald|p2a: Toxapex\n|-resisted|p2a: Toxapex\n|-damage|p2a: Toxapex|88\/100\n|-status|p2a: Toxapex|brn\n|\n|-heal|p2a: Toxapex|95\/100 brn|[from] item: Black Sludge\n|-damage|p2a: Toxapex|88\/100 brn|[from] brn\n|upkeep\n|turn|2\n|l|\u203d4chan pol mod\n|\n|move|p1a: Keldeo|Taunt|p2a: Toxapex\n|-start|p2a: Toxapex|move: Taunt\n|cant|p2a: Toxapex|move: Taunt|Toxic Spikes\n|\n|-heal|p2a: Toxapex|95\/100 brn|[from] item: Black Sludge\n|-damage|p2a: Toxapex|88\/100 brn|[from] brn\n|upkeep\n|turn|3\n|\n|switch|p1a: Serperior|Serperior, F, shiny|100\/100\n|move|p2a: Toxapex|Scald|p1a: Serperior\n|-resisted|p1a: Serperior\n|-crit|p1a: Serperior\n|-damage|p1a: Serperior|84\/100\n|\n|-heal|p2a: Toxapex|95\/100 brn|[from] item: Black Sludge\n|-damage|p2a: Toxapex|88\/100 brn|[from] brn\n|upkeep\n|turn|4\n|\n|switch|p2a: Charizard|Charizard, M|100\/100\n|move|p1a: Serperior|Knock Off|p2a: Charizard\n|-damage|p2a: Charizard|84\/100\n|\n|upkeep\n|turn|5\n|\n|switch|p1a: Landorus|Landorus-Therian, M|100\/100\n|-ability|p1a: Landorus|Intimidate|boost\n|-unboost|p2a: Charizard|atk|1\n|detailschange|p2a: Charizard|Charizard-Mega-X, M\n|-mega|p2a: Charizard|Charizard|Charizardite X\n|move|p2a: Charizard|Flare Blitz|p1a: Landorus\n|-damage|p1a: Landorus|39\/100\n|-damage|p2a: Charizard|68\/100|[from] item: Rocky Helmet|[of] p1a: Landorus\n|-damage|p2a: Charizard|42\/100|[from] Recoil\n|\n|upkeep\n|turn|6\n|\n|switch|p1a: Keldeo|Keldeo-Resolute|100\/100\n|move|p2a: Charizard|Flare Blitz|p1a: Keldeo\n|-resisted|p1a: Keldeo\n|-damage|p1a: Keldeo|64\/100\n|-damage|p2a: Charizard|28\/100|[from] Recoil\n|\n|upkeep\n|turn|7\n|c|\u2606SMxVale|im the wrong evs for defensive lando LOl\n|\n|switch|p2a: Toxapex|Toxapex, F|100\/100 brn\n|move|p1a: Keldeo|Scald|p2a: Toxapex\n|-resisted|p2a: Toxapex\n|-damage|p2a: Toxapex|87\/100 brn\n|\n|-heal|p2a: Toxapex|93\/100 brn|[from] item: Black Sludge\n|-damage|p2a: Toxapex|87\/100 brn|[from] brn\n|upkeep\n|turn|8\n|\n|move|p1a: Keldeo|Taunt|p2a: Toxapex\n|-start|p2a: Toxapex|move: Taunt\n|move|p2a: Toxapex|Scald|p1a: Keldeo\n|-resisted|p1a: Keldeo\n|-damage|p1a: Keldeo|55\/100\n|-status|p1a: Keldeo|brn\n|\n|-heal|p2a: Toxapex|93\/100 brn|[from] item: Black Sludge\n|-damage|p1a: Keldeo|49\/100 brn|[from] brn\n|-damage|p2a: Toxapex|87\/100 brn|[from] brn\n|upkeep\n|turn|9\n|\n|switch|p1a: Mawile|Mawile, M, shiny|100\/100\n|-ability|p1a: Mawile|Intimidate|boost\n|-unboost|p2a: Toxapex|atk|1\n|move|p2a: Toxapex|Scald|p1a: Mawile\n|-damage|p1a: Mawile|70\/100\n|-status|p1a: Mawile|brn\n|\n|-heal|p2a: Toxapex|93\/100 brn|[from] item: Black Sludge\n|-damage|p2a: Toxapex|87\/100 brn|[from] brn\n|-damage|p1a: Mawile|64\/100 brn|[from] brn\n|upkeep\n|turn|10\n|\n|switch|p2a: Landorus|Landorus-Therian, M|100\/100\n|-ability|p2a: Landorus|Intimidate|boost\n|-unboost|p1a: Mawile|atk|1\n|detailschange|p1a: Mawile|Mawile-Mega, M, shiny\n|-mega|p1a: Mawile|Mawile|Mawilite\n|move|p1a: Mawile|Play Rough|p2a: Landorus\n|-damage|p2a: Landorus|69\/100\n|\n|-damage|p1a: Mawile|58\/100 brn|[from] brn\n|upkeep\n|turn|11\n|\n|switch|p1a: Landorus|Landorus-Therian, M|39\/100\n|-ability|p1a: Landorus|Intimidate|boost\n|-unboost|p2a: Landorus|atk|1\n|move|p2a: Landorus|U-turn|p1a: Landorus\n|-resisted|p1a: Landorus\n|-damage|p1a: Landorus|31\/100\n|-damage|p2a: Landorus|53\/100|[from] item: Rocky Helmet|[of] p1a: Landorus\n|\n|switch|p2a: Greninja|Greninja, M|100\/100|[from]move: U-turn\n|\n|upkeep\n|turn|12\n|\n|switch|p1a: Serperior|Serperior, F, shiny|84\/100\n|move|p2a: Greninja|Surf|p1a: Serperior\n|-resisted|p1a: Serperior\n|-damage|p1a: Serperior|49\/100\n|\n|upkeep\n|turn|13\n|\n|switch|p1a: Jirachi|Jirachi|100\/100\n|switch|p2a: Ferrothorn|Ferrothorn, M|100\/100\n|\n|upkeep\n|turn|14\n|\n|move|p1a: Jirachi|Stealth Rock|p2a: Ferrothorn\n|-sidestart|p2: gasoline7|move: Stealth Rock\n|move|p2a: Ferrothorn|Leech Seed|p1a: Jirachi\n|-start|p1a: Jirachi|move: Leech Seed\n|\n|-damage|p1a: Jirachi|88\/100|[from] Leech Seed|[of] p2a: Ferrothorn\n|upkeep\n|turn|15\n|\n|move|p1a: Jirachi|Thunder Wave|p2a: Ferrothorn\n|-status|p2a: Ferrothorn|par\n|move|p2a: Ferrothorn|Stealth Rock|p1a: Jirachi\n|-sidestart|p1: SMxVale|move: Stealth Rock\n|\n|-heal|p1a: Jirachi|94\/100|[from] item: Leftovers\n|-damage|p1a: Jirachi|82\/100|[from] Leech Seed|[of] p2a: Ferrothorn\n|upkeep\n|turn|16\n|\n|move|p1a: Jirachi|Healing Wish|p1a: Jirachi\n|faint|p1a: Jirachi\n|move|p2a: Ferrothorn|Leech Seed|p1: Jirachi|[notarget]\n|-fail|p2a: Ferrothorn\n|\n|upkeep\n|\n|switch|p1a: Mawile|Mawile-Mega, M, shiny|58\/100 brn\n|-heal|p1a: Mawile|100\/100|[from] move: Healing Wish\n|-damage|p1a: Mawile|95\/100|[from] Stealth Rock\n|turn|17\n|\n|move|p1a: Mawile|Fire Fang|p2a: Ferrothorn\n|-supereffective|p2a: Ferrothorn\n|-damage|p2a: Ferrothorn|0 fnt\n|-damage|p1a: Mawile|82\/100|[from] ability: Iron Barbs|[of] p2a: Ferrothorn\n|faint|p2a: Ferrothorn\n|\n|upkeep\n|c|\u2606SMxVale|welcome back my dude\n|\n|switch|p2a: Charizard|Charizard-Mega-X, M|28\/100\n|-damage|p2a: Charizard|4\/100|[from] Stealth Rock\n|turn|18\n|\n|move|p1a: Mawile|Sucker Punch||[still]\n|-fail|p1a: Mawile\n|move|p2a: Charizard|Roost|p2a: Charizard\n|-heal|p2a: Charizard|54\/100\n|-singleturn|p2a: Charizard|move: Roost\n|\n|upkeep\n|turn|19\n|\n|switch|p1a: Landorus|Landorus-Therian, M|31\/100\n|-damage|p1a: Landorus|19\/100|[from] Stealth Rock\n|-ability|p1a: Landorus|Intimidate|boost\n|-unboost|p2a: Charizard|atk|1\n|move|p2a: Charizard|Flare Blitz|p1a: Landorus\n|-damage|p1a: Landorus|0 fnt\n|-damage|p2a: Charizard|37\/100|[from] item: Rocky Helmet|[of] p1a: Landorus\n|-damage|p2a: Charizard|29\/100|[from] Recoil\n|faint|p1a: Landorus\n|\n|upkeep\n|\n|switch|p1a: Keldeo|Keldeo-Resolute|49\/100 brn\n|-damage|p1a: Keldeo|43\/100 brn|[from] Stealth Rock\n|turn|20\n|\n|switch|p1a: Tapu Lele|Tapu Lele, shiny|100\/100\n|-damage|p1a: Tapu Lele|88\/100|[from] Stealth Rock\n|-fieldstart|move: Psychic Terrain|[from] ability: Psychic Surge|[of] p1a: Tapu Lele\n|switch|p2a: Toxapex|Toxapex, F|100\/100 brn\n|-damage|p2a: Toxapex|88\/100 brn|[from] Stealth Rock\n|\n|-heal|p2a: Toxapex|94\/100 brn|[from] item: Black Sludge\n|-damage|p2a: Toxapex|88\/100 brn|[from] brn\n|upkeep\n|turn|21\n|\n|switch|p2a: Charizard|Charizard-Mega-X, M|29\/100\n|-damage|p2a: Charizard|5\/100|[from] Stealth Rock\n|move|p1a: Tapu Lele|Psyshock|p2a: Charizard\n|-damage|p2a: Charizard|0 fnt\n|faint|p2a: Charizard\n|\n|upkeep\n|\n|switch|p2a: Jirachi|Jirachi, shiny|100\/100\n|-damage|p2a: Jirachi|94\/100|[from] Stealth Rock\n|turn|22\n|\n|-zpower|p2a: Jirachi\n|move|p2a: Jirachi|Z-Happy Hour|p2a: Jirachi|[anim]Happy Hour\n|-boost|p2a: Jirachi|atk|1|[zeffect]\n|-boost|p2a: Jirachi|def|1|[zeffect]\n|-boost|p2a: Jirachi|spa|1|[zeffect]\n|-boost|p2a: Jirachi|spd|1|[zeffect]\n|-boost|p2a: Jirachi|spe|1|[zeffect]\n|move|p1a: Tapu Lele|Psyshock|p2a: Jirachi\n|-resisted|p2a: Jirachi\n|-damage|p2a: Jirachi|79\/100\n|\n|upkeep\n|turn|23\n|\n|move|p2a: Jirachi|Iron Head|p1a: Tapu Lele\n|-supereffective|p1a: Tapu Lele\n|-damage|p1a: Tapu Lele|0 fnt\n|faint|p1a: Tapu Lele\n|\n|upkeep\n|\n|switch|p1a: Serperior|Serperior, F, shiny|49\/100\n|-damage|p1a: Serperior|37\/100|[from] Stealth Rock\n|turn|24\n|\n|move|p1a: Serperior|Glare|p2a: Jirachi\n|-status|p2a: Jirachi|par\n|move|p2a: Jirachi|Ice Punch|p1a: Serperior\n|-supereffective|p1a: Serperior\n|-damage|p1a: Serperior|0 fnt\n|faint|p1a: Serperior\n|\n|-fieldend|move: Psychic Terrain\n|upkeep\n|\n|switch|p1a: Keldeo|Keldeo-Resolute|43\/100 brn\n|-damage|p1a: Keldeo|36\/100 brn|[from] Stealth Rock\n|turn|25\n|\n|-zpower|p1a: Keldeo\n|move|p1a: Keldeo|Hydro Vortex|p2a: Jirachi|[zeffect]\n|-damage|p2a: Jirachi|12\/100 par\n|move|p2a: Jirachi|Iron Head|p1a: Keldeo\n|-resisted|p1a: Keldeo\n|-crit|p1a: Keldeo\n|-damage|p1a: Keldeo|0 fnt\n|faint|p1a: Keldeo\n|\n|upkeep\n|\n|switch|p1a: Mawile|Mawile-Mega, M, shiny|82\/100\n|-damage|p1a: Mawile|76\/100|[from] Stealth Rock\n|turn|26\n|\n|cant|p2a: Jirachi|par\n|move|p1a: Mawile|Play Rough|p2a: Jirachi\n|-resisted|p2a: Jirachi\n|-damage|p2a: Jirachi|0 fnt\n|faint|p2a: Jirachi\n|\n|upkeep\n|\n|switch|p2a: Landorus|Landorus-Therian, M|53\/100\n|-damage|p2a: Landorus|41\/100|[from] Stealth Rock\n|-ability|p2a: Landorus|Intimidate|boost\n|-unboost|p1a: Mawile|atk|1\n|turn|27\n|\n|switch|p2a: Toxapex|Toxapex, F|100\/100 brn\n|-damage|p2a: Toxapex|88\/100 brn|[from] Stealth Rock\n|move|p1a: Mawile|Sucker Punch||[still]\n|-fail|p1a: Mawile\n|\n|-heal|p2a: Toxapex|94\/100 brn|[from] item: Black Sludge\n|-damage|p2a: Toxapex|88\/100 brn|[from] brn\n|upkeep\n|turn|28\n|\n|move|p1a: Mawile|Play Rough|p2a: Toxapex\n|-resisted|p2a: Toxapex\n|-damage|p2a: Toxapex|65\/100 brn\n|move|p2a: Toxapex|Scald|p1a: Mawile\n|-damage|p1a: Mawile|57\/100\n|\n|-heal|p2a: Toxapex|72\/100 brn|[from] item: Black Sludge\n|-damage|p2a: Toxapex|65\/100 brn|[from] brn\n|upkeep\n|turn|29\n|\n|move|p1a: Mawile|Thunder Punch|p2a: Toxapex\n|-supereffective|p2a: Toxapex\n|-crit|p2a: Toxapex\n|-damage|p2a: Toxapex|0 fnt\n|faint|p2a: Toxapex\n|\n|upkeep\n|\n|switch|p2a: Landorus|Landorus-Therian, M|41\/100\n|-damage|p2a: Landorus|28\/100|[from] Stealth Rock\n|-ability|p2a: Landorus|Intimidate|boost\n|-unboost|p1a: Mawile|atk|1\n|turn|30\n|\n|move|p1a: Mawile|Sucker Punch|p2a: Landorus\n|-damage|p2a: Landorus|3\/100\n|move|p2a: Landorus|Earthquake|p1a: Mawile\n|-supereffective|p1a: Mawile\n|-damage|p1a: Mawile|0 fnt\n|faint|p1a: Mawile\n|\n|win|gasoline7\n|l|\u2606SMxVale\n|c|\u2606gasoline7|gg\n","uploadtime":1573158545,"views":6,"p1id":"smxvale","p2id":"gasoline7","formatid":"gen7ou","rating":0,"private":0,"password":null}