{"id":"gen7anythinggoes-1685255167","p1":"MinecraftUprising","p2":"0p0p0p","format":"gen7anythinggoes","log":"|j|\u2606MinecraftUprising\n|j|\u26060p0p0p\n|t:|1665712603\n|gametype|singles\n|player|p1|MinecraftUprising|guzma|1000\n|player|p2|0p0p0p|102|1000\n|teamsize|p1|6\n|teamsize|p2|6\n|gen|7\n|tier|[Gen 7] Anything Goes\n|rated|\n|rule|HP Percentage Mod: HP is shown in percentages\n|rule|Endless Battle Clause: Forcing endless battles is banned\n|clearpoke\n|poke|p1|Bidoof, M|item\n|poke|p1|Bidoof, M|item\n|poke|p1|Bidoof, M|item\n|poke|p1|Bidoof, M|item\n|poke|p1|Bidoof, F|item\n|poke|p1|Bidoof, M|item\n|poke|p2|Latios, M|item\n|poke|p2|Giratina-Origin|item\n|poke|p2|Deoxys-Attack|item\n|poke|p2|Mew|item\n|poke|p2|Rayquaza|item\n|poke|p2|Groudon|item\n|teampreview\n|\n|t:|1665712617\n|start\n|switch|p1a: Bidoof|Bidoof, M|100\/100\n|switch|p2a: Groudon|Groudon|100\/100\n|-weather|SunnyDay|[from] ability: Drought|[of] p2a: Groudon\n|turn|1\n|\n|t:|1665712622\n|move|p2a: Groudon|Hammer Arm|p1a: Bidoof\n|-supereffective|p1a: Bidoof\n|-damage|p1a: Bidoof|0 fnt\n|-unboost|p2a: Groudon|spe|1\n|faint|p1a: Bidoof\n|\n|-weather|SunnyDay|[upkeep]\n|upkeep\n|\n|t:|1665712623\n|switch|p1a: Bidoof|Bidoof, M|100\/100\n|turn|2\n|\n|t:|1665712628\n|move|p1a: Bidoof|Protect|p1a: Bidoof\n|-singleturn|p1a: Bidoof|Protect\n|move|p2a: Groudon|Hammer Arm|p1a: Bidoof\n|-activate|p1a: Bidoof|move: Protect\n|\n|-weather|SunnyDay|[upkeep]\n|-ability|p1a: Bidoof|Moody|boost\n|-boost|p1a: Bidoof|accuracy|2\n|-unboost|p1a: Bidoof|atk|1\n|upkeep\n|turn|3\n|\n|t:|1665712646\n|move|p2a: Groudon|Hammer Arm|p1a: Bidoof\n|-supereffective|p1a: Bidoof\n|-damage|p1a: Bidoof|0 fnt\n|-unboost|p2a: Groudon|spe|1\n|faint|p1a: Bidoof\n|\n|-weather|SunnyDay|[upkeep]\n|upkeep\n|\n|t:|1665712649\n|switch|p1a: Bidoof|Bidoof, M|100\/100\n|turn|4\n|\n|t:|1665712652\n|move|p2a: Groudon|Hammer Arm|p1a: Bidoof\n|-supereffective|p1a: Bidoof\n|-damage|p1a: Bidoof|0 fnt\n|-unboost|p2a: Groudon|spe|1\n|faint|p1a: Bidoof\n|\n|-weather|SunnyDay|[upkeep]\n|upkeep\n|\n|t:|1665712654\n|switch|p1a: Bidoof|Bidoof, M|100\/100\n|turn|5\n|\n|t:|1665712658\n|move|p1a: Bidoof|Curse|p1a: Bidoof\n|-unboost|p1a: Bidoof|spe|1\n|-boost|p1a: Bidoof|atk|1\n|-boost|p1a: Bidoof|def|1\n|move|p2a: Groudon|Hammer Arm|p1a: Bidoof\n|-supereffective|p1a: Bidoof\n|-damage|p1a: Bidoof|7\/100\n|-unboost|p2a: Groudon|spe|1\n|\n|-weather|none\n|-ability|p1a: Bidoof|Moody|boost\n|-boost|p1a: Bidoof|accuracy|2\n|-unboost|p1a: Bidoof|spd|1\n|upkeep\n|turn|6\n|\n|t:|1665712671\n|move|p2a: Groudon|Hammer Arm|p1a: Bidoof\n|-supereffective|p1a: Bidoof\n|-damage|p1a: Bidoof|0 fnt\n|-unboost|p2a: Groudon|spe|1\n|faint|p1a: Bidoof\n|\n|upkeep\n|\n|t:|1665712674\n|switch|p1a: Bidoof|Bidoof, F|100\/100\n|turn|7\n|\n|t:|1665712677\n|move|p1a: Bidoof|Protect|p1a: Bidoof\n|-singleturn|p1a: Bidoof|Protect\n|move|p2a: Groudon|Hammer Arm|p1a: Bidoof\n|-activate|p1a: Bidoof|move: Protect\n|\n|-ability|p1a: Bidoof|Moody|boost\n|-boost|p1a: Bidoof|def|2\n|-unboost|p1a: Bidoof|spe|1\n|upkeep\n|turn|8\n|\n|t:|1665712683\n|move|p1a: Bidoof|Curse|p1a: Bidoof\n|-unboost|p1a: Bidoof|spe|1\n|-boost|p1a: Bidoof|atk|1\n|-boost|p1a: Bidoof|def|1\n|move|p2a: Groudon|Hammer Arm|p1a: Bidoof\n|-supereffective|p1a: Bidoof\n|-damage|p1a: Bidoof|38\/100\n|-unboost|p2a: Groudon|spe|1\n|\n|-ability|p1a: Bidoof|Moody|boost\n|-boost|p1a: Bidoof|evasion|2\n|-unboost|p1a: Bidoof|accuracy|1\n|upkeep\n|turn|9\n|c|\u2606MinecraftUprising|who is throwing\n|\n|t:|1665712695\n|move|p1a: Bidoof|Protect|p1a: Bidoof\n|-singleturn|p1a: Bidoof|Protect\n|move|p2a: Groudon|Hammer Arm|p1a: Bidoof\n|-activate|p1a: Bidoof|move: Protect\n|\n|-ability|p1a: Bidoof|Moody|boost\n|-boost|p1a: Bidoof|spa|2\n|-unboost|p1a: Bidoof|def|1\n|upkeep\n|turn|10\n|\n|t:|1665712701\n|move|p2a: Groudon|Hammer Arm|p1a: Bidoof\n|-supereffective|p1a: Bidoof\n|-damage|p1a: Bidoof|0 fnt\n|faint|p1a: Bidoof\n|\n|upkeep\n|\n|t:|1665712705\n|switch|p1a: Bidoof|Bidoof, M|100\/100\n|turn|11\n|\n|t:|1665712709\n|move|p1a: Bidoof|Protect|p1a: Bidoof\n|-singleturn|p1a: Bidoof|Protect\n|move|p2a: Groudon|Hammer Arm|p1a: Bidoof\n|-activate|p1a: Bidoof|move: Protect\n|\n|-ability|p1a: Bidoof|Moody|boost\n|-boost|p1a: Bidoof|accuracy|2\n|-unboost|p1a: Bidoof|spe|1\n|upkeep\n|turn|12\n|\n|t:|1665712715\n|move|p1a: Bidoof|Curse|p1a: Bidoof\n|-unboost|p1a: Bidoof|spe|1\n|-boost|p1a: Bidoof|atk|1\n|-boost|p1a: Bidoof|def|1\n|move|p2a: Groudon|Hammer Arm|p1a: Bidoof|[miss]\n|-miss|p2a: Groudon|p1a: Bidoof\n|\n|-ability|p1a: Bidoof|Moody|boost\n|-boost|p1a: Bidoof|accuracy|2\n|-unboost|p1a: Bidoof|atk|1\n|upkeep\n|turn|13\n|\n|t:|1665712722\n|move|p2a: Groudon|Hammer Arm|p1a: Bidoof|[miss]\n|-miss|p2a: Groudon|p1a: Bidoof\n|move|p1a: Bidoof|Curse|p1a: Bidoof\n|-unboost|p1a: Bidoof|spe|1\n|-boost|p1a: Bidoof|atk|1\n|-boost|p1a: Bidoof|def|1\n|\n|-ability|p1a: Bidoof|Moody|boost\n|-boost|p1a: Bidoof|atk|2\n|-unboost|p1a: Bidoof|spe|1\n|upkeep\n|turn|14\n|\n|t:|1665712730\n|move|p1a: Bidoof|Protect|p1a: Bidoof\n|-singleturn|p1a: Bidoof|Protect\n|move|p2a: Groudon|Hammer Arm|p1a: Bidoof\n|-activate|p1a: Bidoof|move: Protect\n|\n|-ability|p1a: Bidoof|Moody|boost\n|-boost|p1a: Bidoof|spd|2\n|-unboost|p1a: Bidoof|accuracy|1\n|upkeep\n|turn|15\n|\n|t:|1665712733\n|move|p2a: Groudon|Hammer Arm|p1a: Bidoof|[miss]\n|-miss|p2a: Groudon|p1a: Bidoof\n|move|p1a: Bidoof|Curse|p1a: Bidoof\n|-unboost|p1a: Bidoof|spe|1\n|-boost|p1a: Bidoof|atk|1\n|-boost|p1a: Bidoof|def|1\n|\n|-ability|p1a: Bidoof|Moody|boost\n|-boost|p1a: Bidoof|evasion|2\n|-unboost|p1a: Bidoof|spd|1\n|upkeep\n|turn|16\n|\n|t:|1665712738\n|move|p1a: Bidoof|Protect|p1a: Bidoof\n|-singleturn|p1a: Bidoof|Protect\n|move|p2a: Groudon|Hammer Arm|p1a: Bidoof\n|-activate|p1a: Bidoof|move: Protect\n|\n|-ability|p1a: Bidoof|Moody|boost\n|-boost|p1a: Bidoof|spa|2\n|-unboost|p1a: Bidoof|def|1\n|upkeep\n|turn|17\n|\n|t:|1665712747\n|move|p2a: Groudon|Eruption|p1a: Bidoof|[miss]\n|-miss|p2a: Groudon|p1a: Bidoof\n|move|p1a: Bidoof|Curse|p1a: Bidoof\n|-unboost|p1a: Bidoof|spe|1\n|-boost|p1a: Bidoof|atk|1\n|-boost|p1a: Bidoof|def|1\n|\n|-ability|p1a: Bidoof|Moody|boost\n|-boost|p1a: Bidoof|def|2\n|-unboost|p1a: Bidoof|atk|1\n|upkeep\n|turn|18\n|\n|t:|1665712758\n|move|p2a: Groudon|Hidden Power|p1a: Bidoof|[miss]\n|-miss|p2a: Groudon|p1a: Bidoof\n|move|p1a: Bidoof|Curse|p1a: Bidoof\n|-boost|p1a: Bidoof|atk|1\n|-boost|p1a: Bidoof|def|1\n|\n|-ability|p1a: Bidoof|Moody|boost\n|-boost|p1a: Bidoof|spe|2\n|-unboost|p1a: Bidoof|evasion|1\n|upkeep\n|turn|19\n|\n|t:|1665712767\n|move|p2a: Groudon|Eruption|p1a: Bidoof\n|-damage|p1a: Bidoof|44\/100\n|move|p1a: Bidoof|Curse|p1a: Bidoof\n|-unboost|p1a: Bidoof|spe|1\n|-boost|p1a: Bidoof|atk|1\n|\n|-ability|p1a: Bidoof|Moody|boost\n|-boost|p1a: Bidoof|spd|2\n|-unboost|p1a: Bidoof|spa|1\n|upkeep\n|turn|20\n|\n|t:|1665712774\n|move|p2a: Groudon|Eruption|p1a: Bidoof\n|-damage|p1a: Bidoof|9\/100\n|move|p1a: Bidoof|Rest|p1a: Bidoof\n|-status|p1a: Bidoof|slp|[from] move: Rest\n|-enditem|p1a: Bidoof|Lum Berry|[eat]\n|-curestatus|p1a: Bidoof|slp|[msg]\n|-heal|p1a: Bidoof|100\/100|[silent]\n|\n|-ability|p1a: Bidoof|Moody|boost\n|-boost|p1a: Bidoof|spe|2\n|-unboost|p1a: Bidoof|accuracy|1\n|upkeep\n|turn|21\n|\n|t:|1665712783\n|move|p1a: Bidoof|Protect|p1a: Bidoof\n|-singleturn|p1a: Bidoof|Protect\n|move|p2a: Groudon|Eruption|p1a: Bidoof\n|-activate|p1a: Bidoof|move: Protect\n|\n|-ability|p1a: Bidoof|Moody|boost\n|-boost|p1a: Bidoof|spe|2\n|-unboost|p1a: Bidoof|accuracy|1\n|upkeep\n|turn|22\n|\n|t:|1665712790\n|move|p1a: Bidoof|Crunch|p2a: Groudon\n|-damage|p2a: Groudon|60\/100\n|move|p2a: Groudon|Eruption|p1a: Bidoof\n|-damage|p1a: Bidoof|81\/100\n|\n|-heal|p2a: Groudon|66\/100|[from] item: Leftovers\n|-ability|p1a: Bidoof|Moody|boost\n|-boost|p1a: Bidoof|evasion|2\n|-unboost|p1a: Bidoof|spe|1\n|upkeep\n|turn|23\n|\n|t:|1665712796\n|move|p2a: Groudon|Hidden Power|p1a: Bidoof\n|-damage|p1a: Bidoof|67\/100\n|move|p1a: Bidoof|Crunch|p2a: Groudon\n|-damage|p2a: Groudon|29\/100\n|\n|-heal|p2a: Groudon|35\/100|[from] item: Leftovers\n|-ability|p1a: Bidoof|Moody|boost\n|-boost|p1a: Bidoof|spe|2\n|-unboost|p1a: Bidoof|spa|1\n|upkeep\n|turn|24\n|\n|t:|1665712811\n|move|p1a: Bidoof|Crunch|p2a: Groudon\n|-damage|p2a: Groudon|0 fnt\n|faint|p2a: Groudon\n|\n|-ability|p1a: Bidoof|Moody|boost\n|-boost|p1a: Bidoof|evasion|2\n|-unboost|p1a: Bidoof|spe|1\n|upkeep\n|\n|t:|1665712817\n|switch|p2a: Giratina|Giratina-Origin|100\/100\n|turn|25\n|\n|t:|1665712821\n|move|p1a: Bidoof|Protect|p1a: Bidoof\n|-singleturn|p1a: Bidoof|Protect\n|move|p2a: Giratina|Shadow Sneak|p1a: Bidoof\n|-activate|p1a: Bidoof|move: Protect\n|\n|-ability|p1a: Bidoof|Moody|boost\n|-boost|p1a: Bidoof|spa|2\n|-unboost|p1a: Bidoof|evasion|1\n|upkeep\n|turn|26\n|\n|t:|1665712825\n|move|p2a: Giratina|Shadow Sneak|p1a: Bidoof\n|-immune|p1a: Bidoof\n|move|p1a: Bidoof|Crunch|p2a: Giratina\n|-supereffective|p2a: Giratina\n|-damage|p2a: Giratina|19\/100\n|-unboost|p2a: Giratina|def|1\n|\n|-ability|p1a: Bidoof|Moody|boost\n|-boost|p1a: Bidoof|evasion|2\n|-unboost|p1a: Bidoof|accuracy|1\n|upkeep\n|turn|27\n|\n|t:|1665712835\n|move|p1a: Bidoof|Protect|p1a: Bidoof\n|-singleturn|p1a: Bidoof|Protect\n|move|p2a: Giratina|Draco Meteor|p1a: Bidoof\n|-activate|p1a: Bidoof|move: Protect\n|\n|-ability|p1a: Bidoof|Moody|boost\n|-boost|p1a: Bidoof|spa|2\n|-unboost|p1a: Bidoof|evasion|1\n|upkeep\n|turn|28\n|\n|t:|1665712842\n|move|p2a: Giratina|Draco Meteor|p1a: Bidoof\n|-crit|p1a: Bidoof\n|-damage|p1a: Bidoof|0 fnt\n|-unboost|p2a: Giratina|spa|2\n|faint|p1a: Bidoof\n|\n|win|0p0p0p\n|raw|MinecraftUprising's rating: 1000 &rarr; <strong>1000<\/strong><br \/>(+0 for losing)\n|raw|0p0p0p's rating: 1000 &rarr; <strong>1040<\/strong><br \/>(+40 for winning)\n","uploadtime":1665712848,"views":4,"p1id":"minecraftuprising","p2id":"0p0p0p","formatid":"gen7anythinggoes","rating":1000,"private":0,"password":null}