{"id":"gen7ou-800768344","p1":"sebas99sevilla","p2":"Pitaye","format":"gen7ou","log":"|j|\u2606sebas99sevilla\n|j|\u2606Pitaye\n|player|p1|sebas99sevilla|99\n|player|p2|Pitaye|36\n|teamsize|p1|6\n|teamsize|p2|6\n|gametype|singles\n|gen|7\n|tier|[Gen 7] OU\n|rated|\n|rule|Sleep Clause Mod: Limit one foe put to sleep\n|rule|Species Clause: Limit one of each Pok\u00e9mon\n|rule|OHKO Clause: OHKO moves are banned\n|rule|Moody Clause: Moody is banned\n|rule|Evasion Moves Clause: Evasion moves are banned\n|rule|Endless Battle Clause: Forcing endless battles is banned\n|rule|HP Percentage Mod: HP is shown in percentages\n|clearpoke\n|poke|p1|Alakazam, M|item\n|poke|p1|Kyurem-Black|item\n|poke|p1|Clefable, M|item\n|poke|p1|Gastrodon, F|item\n|poke|p1|Magnezone|item\n|poke|p1|Landorus-Therian, M|item\n|poke|p2|Landorus-Therian, M|item\n|poke|p2|Altaria, F|item\n|poke|p2|Keldeo|item\n|poke|p2|Zeraora|item\n|poke|p2|Dragonite, F|item\n|poke|p2|Celesteela|item\n|teampreview\n|inactive|Battle timer is ON: inactive players will automatically lose when time's up. (requested by sebas99sevilla)\n|\n|start\n|switch|p1a: Clefable|Clefable, M|100\/100\n|switch|p2a: Keldeo|Keldeo|100\/100\n|turn|1\n|\n|switch|p2a: Landorus|Landorus-Therian, M|100\/100\n|-ability|p2a: Landorus|Intimidate|boost\n|-unboost|p1a: Clefable|atk|1\n|move|p1a: Clefable|Stealth Rock|p2a: Landorus\n|-sidestart|p2: Pitaye|move: Stealth Rock\n|\n|upkeep\n|turn|2\n|\n|-zpower|p2a: Landorus\n|move|p2a: Landorus|Supersonic Skystrike|p1a: Clefable|[zeffect]\n|-crit|p1a: Clefable\n|-damage|p1a: Clefable|0 fnt\n|faint|p1a: Clefable\n|\n|upkeep\n|c|\u2606Pitaye|woops\n|c|\u2606sebas99sevilla|I softboiled\n|c|\u2606sebas99sevilla|I promise\n|c|\u2606Pitaye|:(\n|\n|switch|p1a: Kyurem|Kyurem-Black|100\/100\n|-ability|p1a: Kyurem|Teravolt\n|turn|3\n|c|\u2606Pitaye|I believe you\n|\n|switch|p2a: Keldeo|Keldeo|100\/100\n|-damage|p2a: Keldeo|94\/100|[from] Stealth Rock\n|move|p1a: Kyurem|Ice Beam|p2a: Keldeo\n|-resisted|p2a: Keldeo\n|-damage|p2a: Keldeo|74\/100\n|\n|upkeep\n|turn|4\n|\n|switch|p1a: Landorus|Landorus-Therian, M|100\/100\n|-ability|p1a: Landorus|Intimidate|boost\n|-unboost|p2a: Keldeo|atk|1\n|move|p2a: Keldeo|Secret Sword|p1a: Landorus\n|-resisted|p1a: Landorus\n|-damage|p1a: Landorus|75\/100\n|\n|upkeep\n|turn|5\n|\n|move|p2a: Keldeo|Secret Sword|p1a: Landorus\n|-resisted|p1a: Landorus\n|-damage|p1a: Landorus|52\/100\n|move|p1a: Landorus|Earthquake|p2a: Keldeo\n|-damage|p2a: Keldeo|0 fnt\n|faint|p2a: Keldeo\n|\n|upkeep\n|\n|switch|p2a: Altaria|Altaria, F|100\/100\n|-damage|p2a: Altaria|76\/100|[from] Stealth Rock\n|turn|6\n|\n|switch|p1a: Magnezone|Magnezone|100\/100\n|move|p2a: Altaria|Defog|p1a: Magnezone\n|-unboost|p1a: Magnezone|evasion|1\n|-sideend|p2: Pitaye|Stealth Rock|[from] move: Defog|[of] p2a: Altaria\n|\n|upkeep\n|turn|7\n|\n|move|p1a: Magnezone|Flash Cannon|p2a: Altaria\n|-damage|p2a: Altaria|38\/100\n|move|p2a: Altaria|Earthquake|p1a: Magnezone\n|-supereffective|p1a: Magnezone\n|-damage|p1a: Magnezone|22\/100\n|\n|upkeep\n|turn|8\n|\n|switch|p2a: Zeraora|Zeraora|100\/100\n|move|p1a: Magnezone|Flash Cannon|p2a: Zeraora\n|-resisted|p2a: Zeraora\n|-damage|p2a: Zeraora|77\/100\n|\n|upkeep\n|turn|9\n|\n|switch|p1a: Landorus|Landorus-Therian, M|52\/100\n|-ability|p1a: Landorus|Intimidate|boost\n|-unboost|p2a: Zeraora|atk|1\n|move|p2a: Zeraora|Knock Off|p1a: Landorus\n|-damage|p1a: Landorus|21\/100\n|-enditem|p1a: Landorus|Choice Scarf|[from] move: Knock Off|[of] p2a: Zeraora\n|-damage|p2a: Zeraora|67\/100|[from] item: Life Orb\n|\n|upkeep\n|turn|10\n|\n|move|p2a: Zeraora|Hidden Power|p1a: Landorus\n|-supereffective|p1a: Landorus\n|-damage|p1a: Landorus|0 fnt\n|-damage|p2a: Zeraora|57\/100|[from] item: Life Orb\n|faint|p1a: Landorus\n|\n|upkeep\n|\n|switch|p1a: Alakazam|Alakazam, M|100\/100\n|turn|11\n|\n|switch|p2a: Celesteela|Celesteela|100\/100\n|detailschange|p1a: Alakazam|Alakazam-Mega, M\n|-mega|p1a: Alakazam|Alakazam|Alakazite\n|-ability|p1a: Alakazam|Beast Boost|[from] ability: Trace|[of] p2a: Celesteela\n|move|p1a: Alakazam|Psychic|p2a: Celesteela\n|-resisted|p2a: Celesteela\n|-damage|p2a: Celesteela|80\/100\n|\n|-heal|p2a: Celesteela|86\/100|[from] item: Leftovers\n|upkeep\n|turn|12\n|\n|switch|p1a: Kyurem|Kyurem-Black|100\/100\n|-ability|p1a: Kyurem|Teravolt\n|move|p2a: Celesteela|Leech Seed|p1a: Kyurem\n|-start|p1a: Kyurem|move: Leech Seed\n|\n|-heal|p2a: Celesteela|92\/100|[from] item: Leftovers\n|-damage|p1a: Kyurem|88\/100|[from] Leech Seed|[of] p2a: Celesteela\n|-heal|p2a: Celesteela|100\/100|[silent]\n|upkeep\n|turn|13\n|\n|switch|p2a: Altaria|Altaria, F|38\/100\n|-zpower|p1a: Kyurem\n|move|p1a: Kyurem|Subzero Slammer|p2a: Altaria|[zeffect]\n|-supereffective|p2a: Altaria\n|-damage|p2a: Altaria|0 fnt\n|faint|p2a: Altaria\n|\n|upkeep\n|inactive|Pitaye has 120 seconds left.\n|inactive|Pitaye has 90 seconds left.\n|\n|switch|p2a: Dragonite|Dragonite, F|100\/100\n|turn|14\n|\n|move|p1a: Kyurem|Ice Beam|p2a: Dragonite\n|-supereffective|p2a: Dragonite\n|-damage|p2a: Dragonite|0 fnt\n|faint|p2a: Dragonite\n|\n|upkeep\n|\n|switch|p2a: Zeraora|Zeraora|57\/100\n|turn|15\n|\n|move|p2a: Zeraora|Close Combat|p1a: Kyurem\n|-supereffective|p1a: Kyurem\n|-damage|p1a: Kyurem|10\/100\n|-unboost|p2a: Zeraora|def|1\n|-unboost|p2a: Zeraora|spd|1\n|-damage|p2a: Zeraora|47\/100|[from] item: Life Orb\n|move|p1a: Kyurem|Ice Beam|p2a: Zeraora\n|-damage|p2a: Zeraora|0 fnt\n|faint|p2a: Zeraora\n|\n|upkeep\n|\n|switch|p2a: Celesteela|Celesteela|100\/100\n|turn|16\n|\n|move|p2a: Celesteela|Protect|p2a: Celesteela\n|-singleturn|p2a: Celesteela|Protect\n|move|p1a: Kyurem|Roost|p1a: Kyurem\n|-heal|p1a: Kyurem|60\/100\n|\n|-damage|p1a: Kyurem|48\/100|[from] Leech Seed|[of] p2a: Celesteela\n|upkeep\n|turn|17\n|\n|move|p1a: Kyurem|Fusion Bolt|p2a: Celesteela\n|-supereffective|p2a: Celesteela\n|-damage|p2a: Celesteela|45\/100\n|move|p2a: Celesteela|Heavy Slam|p1a: Kyurem\n|-supereffective|p1a: Kyurem\n|-damage|p1a: Kyurem|2\/100\n|\n|-heal|p2a: Celesteela|51\/100|[from] item: Leftovers\n|-damage|p1a: Kyurem|0 fnt|[from] Leech Seed|[of] p2a: Celesteela\n|-heal|p2a: Celesteela|52\/100|[silent]\n|upkeep\n|faint|p1a: Kyurem\n|\n|switch|p1a: Magnezone|Magnezone|22\/100\n|turn|18\n|\n|move|p1a: Magnezone|Thunderbolt|p2a: Celesteela\n|-supereffective|p2a: Celesteela\n|-damage|p2a: Celesteela|0 fnt\n|faint|p2a: Celesteela\n|\n|upkeep\n|\n|switch|p2a: Landorus|Landorus-Therian, M|100\/100\n|-ability|p2a: Landorus|Intimidate|boost\n|-unboost|p1a: Magnezone|atk|1\n|turn|19\n|c|\u2606Pitaye|gg !\n|\n|switch|p1a: Gastrodon|Gastrodon, F|100\/100\n|move|p2a: Landorus|Earthquake|p1a: Gastrodon\n|-damage|p1a: Gastrodon|32\/100\n|\n|-heal|p1a: Gastrodon|38\/100|[from] item: Leftovers\n|upkeep\n|turn|20\n|\n|move|p2a: Landorus|Earthquake|p1a: Gastrodon\n|-damage|p1a: Gastrodon|0 fnt\n|faint|p1a: Gastrodon\n|\n|upkeep\n|\n|switch|p1a: Magnezone|Magnezone|22\/100\n|turn|21\n|-message|Pitaye forfeited.\n|\n|win|sebas99sevilla\n|l|\u2606Pitaye\n|raw|sebas99sevilla's rating: 1732 &rarr; <strong>1746<\/strong><br \/>(+14 for winning)\n|raw|Pitaye's rating: 1631 &rarr; <strong>1616<\/strong><br \/>(-15 for losing)\n","uploadtime":1536077685,"views":26,"p1id":"sebas99sevilla","p2id":"pitaye","formatid":"gen7ou","rating":1616,"private":0,"password":null}