{"id":"gen7oususpecttest-633576743","p1":"BigL91","p2":"TomoUwU","format":"gen7oususpecttest","log":"|j|BigL91\n|j|TomoUwU\n|player|p1|BigL91|293\n|teamsize|p1|6\n|player|p2|TomoUwU|1\n|teamsize|p2|6\n|gametype|singles\n|gen|7\n|tier|[Gen 7] OU (suspect test)\n|rated\n|seed|22597,57866,4965,43600\n|rule|Sleep Clause Mod: Limit one foe put to sleep\n|rule|Species Clause: Limit one of each Pok\u00e9mon\n|rule|OHKO Clause: OHKO moves are banned\n|rule|Moody Clause: Moody is banned\n|rule|Evasion Moves Clause: Evasion moves are banned\n|rule|Endless Battle Clause: Forcing endless battles is banned\n|rule|HP Percentage Mod: HP is shown in percentages\n|clearpoke\n|poke|p1|Toxapex, F|item\n|poke|p1|Hippowdon, M|item\n|poke|p1|Ferrothorn, M|item\n|poke|p1|Hydreigon, F|item\n|poke|p1|Thundurus-Therian, M|item\n|poke|p1|Medicham, F|item\n|poke|p2|Gliscor, M|item\n|poke|p2|Muk-Alola, M|item\n|poke|p2|Breloom, M|item\n|poke|p2|Scizor, M|item\n|poke|p2|Chandelure, M|item\n|poke|p2|Starmie|item\n|teampreview\n|choice|team 5, team 2, team 3, team 4, team 1, team 6|team 1, team 2, team 3, team 4, team 5, team 6\n|\n|start\n|switch|p1a: Thundurus|Thundurus-Therian, M|299\/299\n|switch|p2a: Gliscor|Gliscor, M, shiny|354\/354\n|turn|1\n|choice|move knockoff|move protect\n|\n|move|p2a: Gliscor|Protect|p2a: Gliscor\n|-singleturn|p2a: Gliscor|Protect\n|move|p1a: Thundurus|Knock Off|p2a: Gliscor\n|-activate|p2a: Gliscor|move: Protect\n|\n|-status|p2a: Gliscor|tox|[from] item: Toxic Orb\n|upkeep\n|turn|2\n|choice|move hiddenpower|switch 4\n|\n|switch|p2a: Scizor|Scizor, M|343\/343\n|move|p1a: Thundurus|Hidden Power|p2a: Scizor\n|-resisted|p2a: Scizor\n|-damage|p2a: Scizor|294\/343\n|\n|upkeep\n|turn|3\n|choice|switch 2|move knockoff mega\n|\n|switch|p1a: Hippowdon|Hippowdon, M|420\/420\n|-weather|Sandstorm|[from] ability: Sand Stream|[of] p1a: Hippowdon\n|detailschange|p2a: Scizor|Scizor-Mega, M\n|-mega|p2a: Scizor|Scizor|Scizorite\n|move|p2a: Scizor|Knock Off|p1a: Hippowdon\n|-damage|p1a: Hippowdon|327\/420\n|-enditem|p1a: Hippowdon|Leftovers|[from] move: Knock Off|[of] p2a: Scizor\n|\n|-weather|Sandstorm|[upkeep]\n|upkeep\n|turn|4\n|choice|move stealthrock|move uturn\n|\n|move|p2a: Scizor|U-turn|p1a: Hippowdon\n|-damage|p1a: Hippowdon|228\/420\n|choice||switch 4\n|\n|switch|p2a: Gliscor|Gliscor, M, shiny|354\/354 tox\n|move|p1a: Hippowdon|Stealth Rock|p2a: Gliscor\n|-sidestart|p2: TomoUwU|move: Stealth Rock\n|\n|-weather|Sandstorm|[upkeep]\n|upkeep\n|turn|5\n|choice|switch 3|move stealthrock\n|\n|switch|p1a: Ferrothorn|Ferrothorn, M|352\/352\n|move|p2a: Gliscor|Stealth Rock|p1a: Ferrothorn\n|-sidestart|p1: BigL91|move: Stealth Rock\n|\n|-weather|Sandstorm|[upkeep]\n|upkeep\n|turn|6\n|choice|move spikes|switch 4\n|\n|switch|p2a: Scizor|Scizor-Mega, M|294\/343\n|-damage|p2a: Scizor|252\/343|[from] Stealth Rock\n|move|p1a: Ferrothorn|Spikes|p2a: Scizor\n|-sidestart|p2: TomoUwU|Spikes\n|\n|-weather|Sandstorm|[upkeep]\n|upkeep\n|turn|7\n|choice|move leechseed|move knockoff\n|\n|move|p2a: Scizor|Knock Off|p1a: Ferrothorn\n|-damage|p1a: Ferrothorn|271\/352\n|-damage|p2a: Scizor|210\/343|[from] ability: Iron Barbs|[of] p1a: Ferrothorn\n|-enditem|p1a: Ferrothorn|Leftovers|[from] move: Knock Off|[of] p2a: Scizor\n|move|p1a: Ferrothorn|Leech Seed|p2a: Scizor\n|-start|p2a: Scizor|move: Leech Seed\n|\n|-weather|none\n|-damage|p2a: Scizor|168\/343|[from] Leech Seed|[of] p1a: Ferrothorn\n|-heal|p1a: Ferrothorn|313\/352|[silent]\n|upkeep\n|turn|8\n|choice|move spikes|move roost\n|\n|move|p2a: Scizor|Roost|p2a: Scizor\n|-heal|p2a: Scizor|340\/343\n|move|p1a: Ferrothorn|Spikes|p2a: Scizor\n|-sidestart|p2: TomoUwU|Spikes\n|\n|-damage|p2a: Scizor|298\/343|[from] Leech Seed|[of] p1a: Ferrothorn\n|-heal|p1a: Ferrothorn|352\/352|[silent]\n|upkeep\n|turn|9\n|choice|move gyroball|move uturn\n|\n|move|p2a: Scizor|U-turn|p1a: Ferrothorn\n|-damage|p1a: Ferrothorn|262\/352\n|-damage|p2a: Scizor|256\/343|[from] ability: Iron Barbs|[of] p1a: Ferrothorn\n|choice||switch 6\n|\n|switch|p2a: Starmie|Starmie|261\/261\n|-damage|p2a: Starmie|218\/261|[from] Spikes\n|-damage|p2a: Starmie|186\/261|[from] Stealth Rock\n|move|p1a: Ferrothorn|Gyro Ball|p2a: Starmie\n|-resisted|p2a: Starmie\n|-damage|p2a: Starmie|84\/261\n|\n|upkeep\n|turn|10\n|choice|move gyroball|move rapidspin\n|\n|move|p2a: Starmie|Rapid Spin|p1a: Ferrothorn\n|-resisted|p1a: Ferrothorn\n|-damage|p1a: Ferrothorn|259\/352\n|-damage|p2a: Starmie|52\/261|[from] ability: Iron Barbs|[of] p1a: Ferrothorn\n|-sideend|p2: TomoUwU|Spikes|[from] move: Rapid Spin|[of] p2a: Starmie\n|-sideend|p2: TomoUwU|Stealth Rock|[from] move: Rapid Spin|[of] p2a: Starmie\n|move|p1a: Ferrothorn|Gyro Ball|p2a: Starmie\n|-resisted|p2a: Starmie\n|-damage|p2a: Starmie|0 fnt\n|faint|p2a: Starmie\n|\n|upkeep\n|choice||switch 5\n|\n|switch|p2a: Chandelure|Chandelure, M, shiny|261\/261\n|turn|11\n|choice|switch 4|switch 6\n|\n|switch|p2a: Scizor|Scizor-Mega, M|256\/343\n|switch|p1a: Hydreigon|Hydreigon, F|325\/325\n|-damage|p1a: Hydreigon|285\/325|[from] Stealth Rock\n|\n|upkeep\n|turn|12\n|choice|move fireblast|switch 6\n|\n|switch|p2a: Chandelure|Chandelure, M, shiny|261\/261\n|move|p1a: Hydreigon|Fire Blast|p2a: Chandelure\n|-start|p2a: Chandelure|ability: Flash Fire\n|\n|upkeep\n|turn|13\n|choice|switch 2|switch 2\n|\n|switch|p1a: Thundurus|Thundurus-Therian, M|299\/299\n|-damage|p1a: Thundurus|225\/299|[from] Stealth Rock\n|-end|p2a: Chandelure|ability: Flash Fire|[silent]\n|switch|p2a: Muk|Muk-Alola, M, shiny|411\/411\n|\n|upkeep\n|turn|14\n|choice|move knockoff|move knockoff\n|\n|move|p1a: Thundurus|Knock Off|p2a: Muk\n|-resisted|p2a: Muk\n|-damage|p2a: Muk|367\/411\n|-enditem|p2a: Muk|Assault Vest|[from] move: Knock Off|[of] p1a: Thundurus\n|move|p2a: Muk|Knock Off|p1a: Thundurus\n|-damage|p1a: Thundurus|0 fnt\n|-enditem|p1a: Thundurus|Assault Vest|[from] move: Knock Off|[of] p2a: Muk\n|faint|p1a: Thundurus\n|\n|upkeep\n|choice|switch 6|\n|\n|switch|p1a: Medicham|Medicham, F|261\/261\n|-damage|p1a: Medicham|245\/261|[from] Stealth Rock\n|turn|15\n|choice|move fakeout mega|switch 2\n|\n|switch|p2a: Chandelure|Chandelure, M, shiny|261\/261\n|detailschange|p1a: Medicham|Medicham-Mega, F\n|-mega|p1a: Medicham|Medicham|Medichamite\n|move|p1a: Medicham|Fake Out|p2a: Chandelure\n|-immune|p2a: Chandelure|[msg]\n|\n|upkeep\n|turn|16\n|choice|switch 2|move shadowball\n|\n|switch|p1a: Hydreigon|Hydreigon, F|285\/325\n|-damage|p1a: Hydreigon|245\/325|[from] Stealth Rock\n|move|p2a: Chandelure|Shadow Ball|p1a: Hydreigon\n|-resisted|p1a: Hydreigon\n|-damage|p1a: Hydreigon|166\/325\n|\n|upkeep\n|turn|17\n|choice|move uturn|switch 2\n|\n|switch|p2a: Muk|Muk-Alola, M, shiny|367\/411\n|move|p1a: Hydreigon|U-turn|p2a: Muk\n|-crit|p2a: Muk\n|-damage|p2a: Muk|265\/411\n|choice|switch 3|\n|\n|switch|p1a: Hippowdon|Hippowdon, M|228\/420\n|-damage|p1a: Hippowdon|202\/420|[from] Stealth Rock\n|-weather|Sandstorm|[from] ability: Sand Stream|[of] p1a: Hippowdon\n|\n|-weather|Sandstorm|[upkeep]\n|-damage|p2a: Muk|240\/411|[from] sandstorm\n|upkeep\n|turn|18\n|choice|move slackoff|move knockoff\n|\n|move|p2a: Muk|Knock Off|p1a: Hippowdon\n|-damage|p1a: Hippowdon|126\/420\n|-status|p1a: Hippowdon|psn|[from] ability: Poison Touch|[of] p2a: Muk\n|move|p1a: Hippowdon|Slack Off|p1a: Hippowdon\n|-heal|p1a: Hippowdon|336\/420 psn\n|\n|-weather|Sandstorm|[upkeep]\n|-damage|p2a: Muk|215\/411|[from] sandstorm\n|-damage|p1a: Hippowdon|284\/420 psn|[from] psn\n|upkeep\n|turn|19\n|choice|move stealthrock|switch 6\n|\n|switch|p2a: Scizor|Scizor-Mega, M|256\/343\n|move|p1a: Hippowdon|Stealth Rock|p2a: Scizor\n|-sidestart|p2: TomoUwU|move: Stealth Rock\n|\n|-weather|Sandstorm|[upkeep]\n|-damage|p1a: Hippowdon|232\/420 psn|[from] psn\n|upkeep\n|turn|20\n|choice|switch 5|move uturn\n|\n|switch|p1a: Toxapex|Toxapex, F, shiny|304\/304\n|-damage|p1a: Toxapex|266\/304|[from] Stealth Rock\n|move|p2a: Scizor|U-turn|p1a: Toxapex\n|-resisted|p1a: Toxapex\n|-damage|p1a: Toxapex|230\/304\n|choice||switch 4\n|\n|switch|p2a: Gliscor|Gliscor, M, shiny|354\/354 tox\n|-damage|p2a: Gliscor|310\/354 tox|[from] Stealth Rock\n|\n|-weather|Sandstorm|[upkeep]\n|-damage|p1a: Toxapex|211\/304|[from] sandstorm\n|-heal|p1a: Toxapex|230\/304|[from] item: Black Sludge\n|-heal|p2a: Gliscor|354\/354 tox|[from] ability: Poison Heal\n|upkeep\n|turn|21\n|choice|switch 4|move earthquake\n|\n|switch|p1a: Ferrothorn|Ferrothorn, M|259\/352\n|-damage|p1a: Ferrothorn|237\/352|[from] Stealth Rock\n|move|p2a: Gliscor|Earthquake|p1a: Ferrothorn\n|-damage|p1a: Ferrothorn|159\/352\n|\n|-weather|none\n|upkeep\n|turn|22\n|choice|move spikes|switch 3\n|\n|switch|p2a: Breloom|Breloom, M, shiny|261\/261\n|-damage|p2a: Breloom|245\/261|[from] Stealth Rock\n|move|p1a: Ferrothorn|Spikes|p2a: Breloom\n|-sidestart|p2: TomoUwU|Spikes\n|\n|upkeep\n|turn|23\n|choice|switch 4|move rocktomb\n|\n|switch|p1a: Toxapex|Toxapex, F, shiny|304\/304\n|-damage|p1a: Toxapex|266\/304|[from] Stealth Rock\n|move|p2a: Breloom|Rock Tomb|p1a: Toxapex\n|-damage|p1a: Toxapex|206\/304\n|-unboost|p1a: Toxapex|spe|1\n|\n|-heal|p1a: Toxapex|225\/304|[from] item: Black Sludge\n|upkeep\n|turn|24\n|choice|move scald|move spore\n|\n|move|p2a: Breloom|Spore|p1a: Toxapex\n|-status|p1a: Toxapex|slp\n|cant|p1a: Toxapex|slp\n|\n|-heal|p1a: Toxapex|244\/304 slp|[from] item: Black Sludge\n|upkeep\n|turn|25\n|choice|move scald|move bulletseed\n|\n|move|p2a: Breloom|Bullet Seed|p1a: Toxapex\n|-damage|p1a: Toxapex|211\/304 slp\n|-crit|p1a: Toxapex\n|-damage|p1a: Toxapex|157\/304 slp\n|-damage|p1a: Toxapex|123\/304 slp\n|-hitcount|p1a: Toxapex|3\n|cant|p1a: Toxapex|slp\n|\n|-heal|p1a: Toxapex|142\/304 slp|[from] item: Black Sludge\n|upkeep\n|turn|26\n|choice|move recover|move bulletseed\n|\n|move|p2a: Breloom|Bullet Seed|p1a: Toxapex\n|-damage|p1a: Toxapex|106\/304 slp\n|-damage|p1a: Toxapex|67\/304 slp\n|-hitcount|p1a: Toxapex|2\n|-curestatus|p1a: Toxapex|slp|[msg]\n|move|p1a: Toxapex|Recover|p1a: Toxapex\n|-heal|p1a: Toxapex|219\/304\n|\n|-heal|p1a: Toxapex|238\/304|[from] item: Black Sludge\n|upkeep\n|turn|27\n|choice|switch 4|move spore\n|\n|switch|p1a: Ferrothorn|Ferrothorn, M|159\/352\n|-damage|p1a: Ferrothorn|137\/352|[from] Stealth Rock\n|move|p2a: Breloom|Spore|p1a: Ferrothorn\n|-immune|p1a: Ferrothorn|[msg]\n|\n|upkeep\n|turn|28\n|choice|move gyroball|move machpunch\n|\n|move|p2a: Breloom|Mach Punch|p1a: Ferrothorn\n|-supereffective|p1a: Ferrothorn\n|-damage|p1a: Ferrothorn|0 fnt\n|-damage|p2a: Breloom|213\/261|[from] ability: Iron Barbs|[of] p1a: Ferrothorn\n|faint|p1a: Ferrothorn\n|\n|upkeep\n|choice|switch 2|\n|\n|switch|p1a: Medicham|Medicham-Mega, F|245\/261\n|-damage|p1a: Medicham|229\/261|[from] Stealth Rock\n|turn|29\n|choice|move icepunch|switch 6\n|\n|switch|p2a: Muk|Muk-Alola, M, shiny|215\/411\n|-damage|p2a: Muk|164\/411|[from] Spikes\n|-damage|p2a: Muk|113\/411|[from] Stealth Rock\n|move|p1a: Medicham|Ice Punch|p2a: Muk\n|-damage|p2a: Muk|0 fnt\n|faint|p2a: Muk\n|\n|upkeep\n|choice||switch 2\n|\n|switch|p2a: Chandelure|Chandelure, M, shiny|261\/261\n|-damage|p2a: Chandelure|196\/261|[from] Stealth Rock\n|-damage|p2a: Chandelure|164\/261|[from] Spikes\n|turn|30\n|choice|switch 3|move flamethrower\n|\n|switch|p1a: Hydreigon|Hydreigon, F|166\/325\n|-damage|p1a: Hydreigon|126\/325|[from] Stealth Rock\n|move|p2a: Chandelure|Flamethrower|p1a: Hydreigon\n|-resisted|p1a: Hydreigon\n|-damage|p1a: Hydreigon|27\/325\n|\n|upkeep\n|turn|31\n|choice|move darkpulse|switch 4\n|\n|switch|p2a: Scizor|Scizor-Mega, M|256\/343\n|-damage|p2a: Scizor|214\/343|[from] Spikes\n|-damage|p2a: Scizor|172\/343|[from] Stealth Rock\n|move|p1a: Hydreigon|Dark Pulse|p2a: Scizor\n|-damage|p2a: Scizor|42\/343\n|\n|upkeep\n|turn|32\n|choice|move darkpulse|move bulletpunch\n|\n|move|p2a: Scizor|Bullet Punch|p1a: Hydreigon\n|-damage|p1a: Hydreigon|0 fnt\n|faint|p1a: Hydreigon\n|\n|upkeep\n|choice|switch 3|\n|\n|switch|p1a: Medicham|Medicham-Mega, F|229\/261\n|-damage|p1a: Medicham|213\/261|[from] Stealth Rock\n|turn|33\n|choice|move fakeout|move bulletpunch\n|\n|move|p1a: Medicham|Fake Out|p2a: Scizor\n|-resisted|p2a: Scizor\n|-damage|p2a: Scizor|11\/343\n|cant|p2a: Scizor|flinch\n|\n|upkeep\n|turn|34\n|choice|switch 4|move bulletpunch\n|\n|switch|p1a: Toxapex|Toxapex, F, shiny|304\/304\n|-damage|p1a: Toxapex|266\/304|[from] Stealth Rock\n|move|p2a: Scizor|Bullet Punch|p1a: Toxapex\n|-resisted|p1a: Toxapex\n|-damage|p1a: Toxapex|233\/304\n|\n|-heal|p1a: Toxapex|252\/304|[from] item: Black Sludge\n|upkeep\n|turn|35\n|choice|move scald|move roost\n|\n|move|p2a: Scizor|Roost|p2a: Scizor\n|-heal|p2a: Scizor|183\/343\n|move|p1a: Toxapex|Scald|p2a: Scizor\n|-damage|p2a: Scizor|123\/343\n|\n|-heal|p1a: Toxapex|271\/304|[from] item: Black Sludge\n|upkeep\n|turn|36\n|choice|move toxicspikes|move roost\n|\n|move|p2a: Scizor|Roost|p2a: Scizor\n|-heal|p2a: Scizor|295\/343\n|move|p1a: Toxapex|Toxic Spikes|p2a: Scizor\n|-sidestart|p2: TomoUwU|move: Toxic Spikes\n|\n|-heal|p1a: Toxapex|290\/304|[from] item: Black Sludge\n|upkeep\n|turn|37\n|choice|move toxicspikes|move knockoff\n|\n|move|p2a: Scizor|Knock Off|p1a: Toxapex\n|-damage|p1a: Toxapex|218\/304\n|-enditem|p1a: Toxapex|Black Sludge|[from] move: Knock Off|[of] p2a: Scizor\n|move|p1a: Toxapex|Toxic Spikes|p2a: Scizor\n|-sidestart|p2: TomoUwU|move: Toxic Spikes\n|\n|upkeep\n|turn|38\n|choice|move scald|move uturn\n|\n|move|p2a: Scizor|U-turn|p1a: Toxapex\n|-resisted|p1a: Toxapex\n|-damage|p1a: Toxapex|183\/304\n|choice||switch 3\n|\n|switch|p2a: Gliscor|Gliscor, M, shiny|354\/354 tox\n|-damage|p2a: Gliscor|310\/354 tox|[from] Stealth Rock\n|move|p1a: Toxapex|Scald|p2a: Gliscor\n|-supereffective|p2a: Gliscor\n|-damage|p2a: Gliscor|158\/354 tox\n|\n|-heal|p2a: Gliscor|202\/354 tox|[from] ability: Poison Heal\n|upkeep\n|turn|39\n|choice|switch 5|move earthquake\n|\n|switch|p1a: Hippowdon|Hippowdon, M|232\/420 psn\n|-damage|p1a: Hippowdon|206\/420 psn|[from] Stealth Rock\n|-weather|Sandstorm|[from] ability: Sand Stream|[of] p1a: Hippowdon\n|move|p2a: Gliscor|Earthquake|p1a: Hippowdon\n|-damage|p1a: Hippowdon|127\/420 psn\n|\n|-weather|Sandstorm|[upkeep]\n|-heal|p2a: Gliscor|246\/354 tox|[from] ability: Poison Heal\n|-damage|p1a: Hippowdon|75\/420 psn|[from] psn\n|upkeep\n|turn|40\n|choice|move slackoff|move earthquake\n|\n|move|p2a: Gliscor|Earthquake|p1a: Hippowdon\n|-damage|p1a: Hippowdon|0 fnt\n|faint|p1a: Hippowdon\n|\n|-weather|Sandstorm|[upkeep]\n|-heal|p2a: Gliscor|290\/354 tox|[from] ability: Poison Heal\n|upkeep\n|choice|switch 4|\n|\n|switch|p1a: Medicham|Medicham-Mega, F|213\/261\n|-damage|p1a: Medicham|197\/261|[from] Stealth Rock\n|turn|41\n|choice|move icepunch|move protect\n|\n|move|p2a: Gliscor|Protect|p2a: Gliscor\n|-singleturn|p2a: Gliscor|Protect\n|move|p1a: Medicham|Ice Punch|p2a: Gliscor\n|-activate|p2a: Gliscor|move: Protect\n|\n|-weather|Sandstorm|[upkeep]\n|-damage|p1a: Medicham|181\/261|[from] sandstorm\n|-heal|p2a: Gliscor|334\/354 tox|[from] ability: Poison Heal\n|upkeep\n|turn|42\n|choice|move zenheadbutt|switch 4\n|\n|switch|p2a: Chandelure|Chandelure, M, shiny|164\/261\n|-damage|p2a: Chandelure|99\/261|[from] Stealth Rock\n|-status|p2a: Chandelure|tox\n|-damage|p2a: Chandelure|67\/261 tox|[from] Spikes\n|move|p1a: Medicham|Zen Headbutt|p2a: Chandelure|[miss]\n|-miss|p1a: Medicham|p2a: Chandelure\n|\n|-weather|Sandstorm|[upkeep]\n|-damage|p2a: Chandelure|51\/261 tox|[from] sandstorm\n|-damage|p1a: Medicham|165\/261|[from] sandstorm\n|-damage|p2a: Chandelure|35\/261 tox|[from] psn\n|upkeep\n|turn|43\n|choice|switch 5|move psychic\n|\n|switch|p1a: Toxapex|Toxapex, F, shiny|284\/304\n|-damage|p1a: Toxapex|246\/304|[from] Stealth Rock\n|move|p2a: Chandelure|Psychic|p1a: Toxapex\n|-supereffective|p1a: Toxapex\n|-damage|p1a: Toxapex|76\/304\n|\n|-weather|none\n|-damage|p2a: Chandelure|3\/261 tox|[from] psn\n|upkeep\n|turn|44\n|choice|move recover|move psychic\n|\n|move|p2a: Chandelure|Psychic|p1a: Toxapex\n|-supereffective|p1a: Toxapex\n|-damage|p1a: Toxapex|0 fnt\n|faint|p1a: Toxapex\n|\n|-damage|p2a: Chandelure|0 fnt|[from] psn\n|upkeep\n|faint|p2a: Chandelure\n|choice|switch 5|switch 3\n|\n|switch|p2a: Scizor|Scizor-Mega, M|295\/343\n|switch|p1a: Medicham|Medicham-Mega, F|165\/261\n|-damage|p1a: Medicham|149\/261|[from] Stealth Rock\n|-damage|p2a: Scizor|253\/343|[from] Stealth Rock\n|-damage|p2a: Scizor|211\/343|[from] Spikes\n|turn|45\n|choice|move highjumpkick|move bulletpunch\n|\n|move|p2a: Scizor|Bullet Punch|p1a: Medicham\n|-damage|p1a: Medicham|0 fnt\n|faint|p1a: Medicham\n|\n|win|TomoUwU\n|raw|BigL91's rating: 1261 &rarr; <strong>1234<\/strong><br \/>(-27 for losing)\n|raw|TomoUwU's rating: 1220 &rarr; <strong>1248<\/strong><br \/>(+28 for winning)","inputlog":null,"uploadtime":1505778662,"views":0,"p1id":"bigl91","p2id":"tomouwu","formatid":"gen7oususpecttest","rating":1234,"private":0,"password":null}