{"id":"gen7ou-654840826","p1":"Candice","p2":"Go Pachirisu","format":"gen7ou","log":"|j|Candice\n|j|Go Pachirisu\n|player|p1|Candice|36\n|teamsize|p1|6\n|player|p2|Go Pachirisu|266\n|teamsize|p2|6\n|gametype|singles\n|gen|7\n|tier|[Gen 7] OU\n|rated|\n|seed|20855,27175,48992,26765\n|rule|Sleep Clause Mod: Limit one foe put to sleep\n|rule|Species Clause: Limit one of each Pok\u00e9mon\n|rule|OHKO Clause: OHKO moves are banned\n|rule|Moody Clause: Moody is banned\n|rule|Evasion Moves Clause: Evasion moves are banned\n|rule|Endless Battle Clause: Forcing endless battles is banned\n|rule|HP Percentage Mod: HP is shown in percentages\n|clearpoke\n|poke|p1|Hippowdon, M|item\n|poke|p1|Diancie|item\n|poke|p1|Mantine, F|item\n|poke|p1|Tapu Koko|item\n|poke|p1|Magearna|item\n|poke|p1|Ferrothorn, F|item\n|poke|p2|Charizard, M|item\n|poke|p2|Chansey, F|item\n|poke|p2|Ditto|item\n|poke|p2|Tapu Lele|item\n|poke|p2|Landorus-Therian, M|item\n|poke|p2|Latios, M|item\n|teampreview\n|inactive|Battle timer is ON: inactive players will automatically lose when time's up. (requested by Go Pachirisu)\n|choice|team 4, team 2, team 3, team 1, team 5, team 6|team 4, team 2, team 3, team 1, team 5, team 6\n|\n|start\n|switch|p1a: Kakariko|Tapu Koko|281\/281\n|switch|p2a: Tapu Lele|Tapu Lele|281\/281\n|-fieldstart|move: Electric Terrain|[from] ability: Electric Surge|[of] p1a: Kakariko\n|-fieldstart|move: Psychic Terrain|[from] ability: Psychic Surge|[of] p2a: Tapu Lele\n|turn|1\n|j|Capeat\n|choice|move uturn|move hiddenpower\n|\n|move|p1a: Kakariko|U-turn|p2a: Tapu Lele\n|-damage|p2a: Tapu Lele|192\/281\n|l|Capeat\n|choice|switch 6|\n|\n|switch|p1a: Rose|Ferrothorn, F|352\/352\n|move|p2a: Tapu Lele|Hidden Power|p1a: Rose\n|-supereffective|p1a: Rose\n|-damage|p1a: Rose|20\/352\n|\n|-heal|p1a: Rose|42\/352|[from] item: Leftovers\n|upkeep\n|turn|2\n|choice|switch 4|move hiddenpower\n|\n|switch|p1a: Queen|Hippowdon, M|420\/420\n|-weather|Sandstorm|[from] ability: Sand Stream|[of] p1a: Queen\n|move|p2a: Tapu Lele|Hidden Power|p1a: Queen\n|-damage|p1a: Queen|280\/420\n|\n|-weather|Sandstorm|[upkeep]\n|-damage|p2a: Tapu Lele|175\/281|[from] sandstorm\n|-heal|p1a: Queen|306\/420|[from] item: Leftovers\n|upkeep\n|turn|3\n|inactive|Go Pachirisu has 135 seconds left.\n|choice|move stealthrock|switch 6\n|\n|switch|p2a: Latios|Latios, M|301\/301\n|move|p1a: Queen|Stealth Rock|p2a: Latios\n|-sidestart|p2: Go Pachirisu|move: Stealth Rock\n|\n|-weather|Sandstorm|[upkeep]\n|-damage|p2a: Latios|283\/301|[from] sandstorm\n|-heal|p1a: Queen|332\/420|[from] item: Leftovers\n|upkeep\n|turn|4\n|j|Arc xiaojiejie\n|j|maiitake\n|choice|switch 4|move defog\n|\n|switch|p1a: Rose|Ferrothorn, F|42\/352\n|move|p2a: Latios|Defog|p1a: Rose\n|-unboost|p1a: Rose|evasion|1\n|-sideend|p2: Go Pachirisu|Stealth Rock|[from] move: Defog|[of] p2a: Latios\n|\n|-weather|Sandstorm|[upkeep]\n|-damage|p2a: Latios|265\/301|[from] sandstorm\n|-heal|p1a: Rose|64\/352|[from] item: Leftovers\n|upkeep\n|turn|5\n|l|Arc xiaojiejie\n|choice|move spikes|switch 5\n|\n|switch|p2a: Landorus|Landorus-Therian, M|319\/319\n|-ability|p2a: Landorus|Intimidate|boost\n|-unboost|p1a: Rose|atk|1\n|move|p1a: Rose|Spikes|p2a: Landorus\n|-sidestart|p2: Go Pachirisu|Spikes\n|\n|-weather|Sandstorm|[upkeep]\n|-heal|p1a: Rose|86\/352|[from] item: Leftovers\n|-fieldend|move: Psychic Terrain\n|upkeep\n|turn|6\n|choice|switch 3|move earthquake\n|\n|switch|p1a: Bubble|Mantine, F|373\/373\n|move|p2a: Landorus|Earthquake|p1a: Bubble\n|-immune|p1a: Bubble|[msg]\n|\n|-weather|none\n|upkeep\n|turn|7\n|choice|move scald|move fly zmove\n|\n|-zpower|p2a: Landorus\n|move|p2a: Landorus|Supersonic Skystrike|p1a: Bubble|[zeffect]\n|-damage|p1a: Bubble|1\/373\n|move|p1a: Bubble|Scald|p2a: Landorus\n|-supereffective|p2a: Landorus\n|-damage|p2a: Landorus|137\/319\n|-status|p2a: Landorus|brn\n|\n|-heal|p1a: Bubble|24\/373|[from] item: Leftovers\n|-damage|p2a: Landorus|118\/319 brn|[from] brn\n|upkeep\n|turn|8\n|inactive|Candice has 135 seconds left.\n|inactive|Go Pachirisu has 135 seconds left.\n|choice|move defog|move smackdown\n|\n|move|p2a: Landorus|Smack Down|p1a: Bubble\n|-supereffective|p1a: Bubble\n|-damage|p1a: Bubble|0 fnt\n|faint|p1a: Bubble\n|\n|-damage|p2a: Landorus|99\/319 brn|[from] brn\n|upkeep\n|inactive|Candice has 135 seconds left.\n|choice|switch 2|\n|\n|switch|p1a: Queen Gemini|Diancie|241\/241\n|turn|9\n|inactive|Candice has 135 seconds left.\n|choice|move diamondstorm mega|move earthquake\n|\n|detailschange|p1a: Queen Gemini|Diancie-Mega\n|-mega|p1a: Queen Gemini|Diancie|Diancite\n|move|p1a: Queen Gemini|Diamond Storm|p2a: Landorus\n|-damage|p2a: Landorus|0 fnt\n|faint|p2a: Landorus\n|\n|upkeep\n|inactive|Go Pachirisu has 135 seconds left.\n|choice||switch 4\n|\n|switch|p2a: Charizard|Charizard, M|297\/297\n|turn|10\n|inactive|Candice has 135 seconds left.\n|inactive|Go Pachirisu has 135 seconds left.\n|choice|move diamondstorm|move earthquake mega\n|\n|detailschange|p2a: Charizard|Charizard-Mega-X, M\n|-mega|p2a: Charizard|Charizard|Charizardite X\n|move|p1a: Queen Gemini|Diamond Storm|p2a: Charizard\n|-supereffective|p2a: Charizard\n|-damage|p2a: Charizard|0 fnt\n|faint|p2a: Charizard\n|\n|upkeep\n|choice||switch 2\n|\n|switch|p2a: Chansey|Chansey, F|703\/703\n|-damage|p2a: Chansey|616\/703|[from] Spikes\n|turn|11\n|choice|switch 3|move seismictoss\n|\n|switch|p1a: Rose|Ferrothorn, F|86\/352\n|move|p2a: Chansey|Seismic Toss|p1a: Rose\n|-damage|p1a: Rose|0 fnt\n|-damage|p2a: Chansey|529\/703|[from] ability: Iron Barbs|[of] p1a: Rose\n|faint|p1a: Rose\n|\n|upkeep\n|choice|switch 6|\n|\n|switch|p1a: Kakariko|Tapu Koko|281\/281\n|-fieldstart|move: Electric Terrain|[from] ability: Electric Surge|[of] p1a: Kakariko\n|turn|12\n|choice|move taunt|switch 5\n|\n|switch|p2a: Latios|Latios, M|265\/301\n|move|p1a: Kakariko|Taunt|p2a: Latios\n|-start|p2a: Latios|move: Taunt\n|\n|upkeep\n|turn|13\n|inactive|Go Pachirisu has 135 seconds left.\n|choice|move uturn|switch 5\n|\n|switch|p2a: Chansey|Chansey, F|529\/703\n|-damage|p2a: Chansey|442\/703|[from] Spikes\n|move|p1a: Kakariko|U-turn|p2a: Chansey\n|-damage|p2a: Chansey|334\/703\n|choice|switch 4|\n|\n|switch|p1a: Queen|Hippowdon, M|332\/420\n|-weather|Sandstorm|[from] ability: Sand Stream|[of] p1a: Queen\n|\n|-weather|Sandstorm|[upkeep]\n|-damage|p2a: Chansey|291\/703|[from] sandstorm\n|-heal|p1a: Queen|358\/420|[from] item: Leftovers\n|upkeep\n|turn|14\n|choice|move toxic|move softboiled\n|\n|move|p2a: Chansey|Soft-Boiled|p2a: Chansey\n|-heal|p2a: Chansey|643\/703\n|move|p1a: Queen|Toxic|p2a: Chansey\n|-status|p2a: Chansey|tox\n|\n|-weather|Sandstorm|[upkeep]\n|-damage|p2a: Chansey|600\/703 tox|[from] sandstorm\n|-heal|p1a: Queen|384\/420|[from] item: Leftovers\n|-damage|p2a: Chansey|557\/703 tox|[from] psn\n|upkeep\n|turn|15\n|choice|move stealthrock|switch 5\n|\n|-curestatus|p2a: Chansey|tox|[from] ability: Natural Cure\n|switch|p2a: Latios|Latios, M|265\/301\n|move|p1a: Queen|Stealth Rock|p2a: Latios\n|-sidestart|p2: Go Pachirisu|move: Stealth Rock\n|\n|-weather|Sandstorm|[upkeep]\n|-damage|p2a: Latios|247\/301|[from] sandstorm\n|-heal|p1a: Queen|410\/420|[from] item: Leftovers\n|upkeep\n|turn|16\n|inactive|Candice has 135 seconds left.\n|choice|move toxic|move trick\n|\n|move|p2a: Latios|Trick|p1a: Queen\n|-activate|p2a: Latios|move: Trick|[of] p1a: Queen\n|-item|p1a: Queen|Choice Scarf|[from] move: Trick\n|-item|p2a: Latios|Leftovers|[from] move: Trick\n|move|p1a: Queen|Toxic|p2a: Latios\n|-status|p2a: Latios|tox\n|\n|-weather|Sandstorm|[upkeep]\n|-damage|p2a: Latios|229\/301 tox|[from] sandstorm\n|-heal|p2a: Latios|247\/301 tox|[from] item: Leftovers\n|-damage|p2a: Latios|229\/301 tox|[from] psn\n|-fieldend|move: Electric Terrain\n|upkeep\n|turn|17\n|choice|switch 4|move defog\n|\n|switch|p1a: Kakariko|Tapu Koko|281\/281\n|-fieldstart|move: Electric Terrain|[from] ability: Electric Surge|[of] p1a: Kakariko\n|move|p2a: Latios|Defog|p1a: Kakariko\n|-unboost|p1a: Kakariko|evasion|1\n|-sideend|p2: Go Pachirisu|Spikes|[from] move: Defog|[of] p2a: Latios\n|-sideend|p2: Go Pachirisu|Stealth Rock|[from] move: Defog|[of] p2a: Latios\n|\n|-weather|none\n|-heal|p2a: Latios|247\/301 tox|[from] item: Leftovers\n|-damage|p2a: Latios|211\/301 tox|[from] psn\n|upkeep\n|turn|18\n|inactive|Go Pachirisu has 135 seconds left.\n|choice|move uturn|switch 5\n|\n|switch|p2a: Chansey|Chansey, F|557\/703\n|move|p1a: Kakariko|U-turn|p2a: Chansey\n|-damage|p2a: Chansey|460\/703\n|choice|switch 4|\n|\n|switch|p1a: Queen|Hippowdon, M|410\/420\n|-weather|Sandstorm|[from] ability: Sand Stream|[of] p1a: Queen\n|\n|-weather|Sandstorm|[upkeep]\n|-damage|p2a: Chansey|417\/703|[from] sandstorm\n|upkeep\n|turn|19\n|choice|move stealthrock|move toxic\n|\n|move|p1a: Queen|Stealth Rock|p2a: Chansey\n|-sidestart|p2: Go Pachirisu|move: Stealth Rock\n|move|p2a: Chansey|Toxic|p1a: Queen\n|-status|p1a: Queen|tox\n|\n|-weather|Sandstorm|[upkeep]\n|-damage|p2a: Chansey|374\/703|[from] sandstorm\n|-damage|p1a: Queen|384\/420 tox|[from] psn\n|upkeep\n|turn|20\n|choice|switch 3|move softboiled\n|\n|switch|p1a: Queen Gemini|Diancie-Mega|241\/241\n|move|p2a: Chansey|Soft-Boiled|p2a: Chansey\n|-heal|p2a: Chansey|703\/703\n|\n|-weather|Sandstorm|[upkeep]\n|-damage|p2a: Chansey|660\/703|[from] sandstorm\n|upkeep\n|turn|21\n|choice|switch 3|move seismictoss\n|\n|switch|p1a: Queen|Hippowdon, M|384\/420 tox\n|move|p2a: Chansey|Seismic Toss|p1a: Queen\n|-damage|p1a: Queen|284\/420 tox\n|\n|-weather|Sandstorm|[upkeep]\n|-damage|p2a: Chansey|617\/703|[from] sandstorm\n|-damage|p1a: Queen|258\/420 tox|[from] psn\n|-fieldend|move: Electric Terrain\n|upkeep\n|turn|22\n|choice|move slackoff|move stealthrock\n|\n|move|p1a: Queen|Slack Off|p1a: Queen\n|-heal|p1a: Queen|420\/420 tox\n|move|p2a: Chansey|Stealth Rock|p1a: Queen\n|-sidestart|p1: Candice|move: Stealth Rock\n|\n|-weather|none\n|-damage|p1a: Queen|368\/420 tox|[from] psn\n|upkeep\n|turn|23\n|choice|switch 3|move toxic\n|\n|switch|p1a: Queen Gemini|Diancie-Mega|241\/241\n|-damage|p1a: Queen Gemini|211\/241|[from] Stealth Rock\n|move|p2a: Chansey|Toxic|p1a: Queen Gemini\n|move|p1a: Queen Gemini|Toxic|p2a: Chansey|[from]Magic Bounce|[miss]\n|-miss|p1a: Queen Gemini|p2a: Chansey\n|\n|upkeep\n|turn|24\n|choice|switch 3|move seismictoss\n|\n|switch|p1a: Queen|Hippowdon, M|368\/420 tox\n|-damage|p1a: Queen|342\/420 tox|[from] Stealth Rock\n|-weather|Sandstorm|[from] ability: Sand Stream|[of] p1a: Queen\n|move|p2a: Chansey|Seismic Toss|p1a: Queen\n|-damage|p1a: Queen|242\/420 tox\n|\n|-weather|Sandstorm|[upkeep]\n|-damage|p2a: Chansey|574\/703|[from] sandstorm\n|-damage|p1a: Queen|216\/420 tox|[from] psn\n|upkeep\n|turn|25\n|inactive|Go Pachirisu has 135 seconds left.\n|choice|move toxic|switch 6\n|\n|switch|p2a: Tapu Lele|Tapu Lele|175\/281\n|-damage|p2a: Tapu Lele|140\/281|[from] Stealth Rock\n|-fieldstart|move: Psychic Terrain|[from] ability: Psychic Surge|[of] p2a: Tapu Lele\n|move|p1a: Queen|Toxic|p2a: Tapu Lele\n|-status|p2a: Tapu Lele|tox\n|\n|-weather|Sandstorm|[upkeep]\n|-damage|p2a: Tapu Lele|123\/281 tox|[from] sandstorm\n|-damage|p2a: Tapu Lele|106\/281 tox|[from] psn\n|-damage|p1a: Queen|164\/420 tox|[from] psn\n|upkeep\n|turn|26\n|inactive|Go Pachirisu has 135 seconds left.\n|choice|move toxic|move psyshock\n|\n|move|p2a: Tapu Lele|Psyshock|p1a: Queen\n|-damage|p1a: Queen|0 fnt\n|faint|p1a: Queen\n|\n|-weather|Sandstorm|[upkeep]\n|-damage|p2a: Tapu Lele|89\/281 tox|[from] sandstorm\n|-damage|p2a: Tapu Lele|55\/281 tox|[from] psn\n|upkeep\n|inactive|Candice has 135 seconds left.\n|choice|switch 4|\n|\n|switch|p1a: Kakariko|Tapu Koko|281\/281\n|-damage|p1a: Kakariko|246\/281|[from] Stealth Rock\n|-fieldstart|move: Electric Terrain|[from] ability: Electric Surge|[of] p1a: Kakariko\n|turn|27\n|choice|move wildcharge|move psyshock\n|\n|move|p1a: Kakariko|Wild Charge|p2a: Tapu Lele\n|-damage|p2a: Tapu Lele|0 fnt\n|-damage|p1a: Kakariko|232\/281|[from] Recoil|[of] p2a: Tapu Lele\n|faint|p2a: Tapu Lele\n|\n|-weather|Sandstorm|[upkeep]\n|-damage|p1a: Kakariko|215\/281|[from] sandstorm\n|upkeep\n|choice||switch 3\n|\n|switch|p2a: Ditto|Ditto|300\/300\n|-damage|p2a: Ditto|263\/300|[from] Stealth Rock\n|-transform|p2a: Ditto|p1a: Kakariko|[from] ability: Imposter\n|turn|28\n|choice|move roost|move wildcharge\n|\n|move|p2a: Ditto|Wild Charge|p1a: Kakariko\n|-resisted|p1a: Kakariko\n|-damage|p1a: Kakariko|92\/281\n|-damage|p2a: Ditto|232\/300|[from] Recoil|[of] p1a: Kakariko\n|move|p1a: Kakariko|Roost|p1a: Kakariko\n|-heal|p1a: Kakariko|233\/281\n|\n|-weather|none\n|upkeep\n|turn|29\n|inactive|Go Pachirisu has 135 seconds left.\n|choice|move roost|switch 5\n|\n|switch|p2a: Latios|Latios, M|211\/301 tox\n|-damage|p2a: Latios|174\/301 tox|[from] Stealth Rock\n|move|p1a: Kakariko|Roost|p1a: Kakariko\n|-heal|p1a: Kakariko|281\/281\n|\n|-heal|p2a: Latios|192\/301 tox|[from] item: Leftovers\n|-damage|p2a: Latios|174\/301 tox|[from] psn\n|upkeep\n|turn|30\n|inactive|Go Pachirisu has 135 seconds left.\n|choice|move wildcharge|move defog\n|\n|move|p1a: Kakariko|Wild Charge|p2a: Latios\n|-resisted|p2a: Latios\n|-damage|p2a: Latios|47\/301 tox\n|-damage|p1a: Kakariko|249\/281|[from] Recoil|[of] p2a: Latios\n|move|p2a: Latios|Defog|p1a: Kakariko\n|-unboost|p1a: Kakariko|evasion|1\n|-sideend|p1: Candice|Stealth Rock|[from] move: Defog|[of] p1a: Kakariko\n|-sideend|p2: Go Pachirisu|Stealth Rock|[from] move: Defog|[of] p2a: Latios\n|\n|-heal|p2a: Latios|65\/301 tox|[from] item: Leftovers\n|-damage|p2a: Latios|29\/301 tox|[from] psn\n|upkeep\n|turn|31\n|inactive|Go Pachirisu has 135 seconds left.\n|choice|move wildcharge|move psyshock\n|\n|move|p1a: Kakariko|Wild Charge|p2a: Latios\n|-resisted|p2a: Latios\n|-damage|p2a: Latios|0 fnt\n|-damage|p1a: Kakariko|242\/281|[from] Recoil|[of] p2a: Latios\n|faint|p2a: Latios\n|\n|-fieldend|move: Electric Terrain\n|upkeep\n|choice||switch 6\n|\n|switch|p2a: Chansey|Chansey, F|574\/703\n|turn|32\n|choice|switch 3|move seismictoss\n|\n|switch|p1a: Queen Gemini|Diancie-Mega|211\/241\n|move|p2a: Chansey|Seismic Toss|p1a: Queen Gemini\n|-damage|p1a: Queen Gemini|111\/241\n|\n|upkeep\n|turn|33\n|choice|move earthpower|move seismictoss\n|\n|move|p1a: Queen Gemini|Earth Power|p2a: Chansey\n|-damage|p2a: Chansey|490\/703\n|move|p2a: Chansey|Seismic Toss|p1a: Queen Gemini\n|-damage|p1a: Queen Gemini|11\/241\n|\n|upkeep\n|turn|34\n|choice|move diamondstorm|move softboiled\n|\n|move|p1a: Queen Gemini|Diamond Storm|p2a: Chansey\n|-damage|p2a: Chansey|249\/703\n|move|p2a: Chansey|Soft-Boiled|p2a: Chansey\n|-heal|p2a: Chansey|601\/703\n|\n|upkeep\n|turn|35\n|choice|move earthpower|move softboiled\n|\n|move|p1a: Queen Gemini|Earth Power|p2a: Chansey\n|-damage|p2a: Chansey|519\/703\n|move|p2a: Chansey|Soft-Boiled|p2a: Chansey\n|-heal|p2a: Chansey|703\/703\n|\n|upkeep\n|turn|36\n|choice|move diamondstorm|move seismictoss\n|\n|move|p1a: Queen Gemini|Diamond Storm|p2a: Chansey\n|-damage|p2a: Chansey|451\/703\n|move|p2a: Chansey|Seismic Toss|p1a: Queen Gemini\n|-damage|p1a: Queen Gemini|0 fnt\n|faint|p1a: Queen Gemini\n|\n|upkeep\n|choice|switch 3|\n|\n|switch|p1a: Kakariko|Tapu Koko|242\/281\n|-fieldstart|move: Electric Terrain|[from] ability: Electric Surge|[of] p1a: Kakariko\n|turn|37\n|inactive|Candice has 135 seconds left.\n|choice|move wildcharge zmove|switch 5\n|\n|switch|p2a: Ditto|Ditto|232\/300\n|-transform|p2a: Ditto|p1a: Kakariko|[from] ability: Imposter\n|-zpower|p1a: Kakariko\n|move|p1a: Kakariko|Gigavolt Havoc|p2a: Ditto|[zeffect]\n|-resisted|p2a: Ditto\n|-damage|p2a: Ditto|0 fnt\n|faint|p2a: Ditto\n|\n|upkeep\n|choice||switch 5\n|\n|switch|p2a: Chansey|Chansey, F|451\/703\n|turn|38\n|choice|move taunt|move softboiled\n|\n|move|p1a: Kakariko|Taunt|p2a: Chansey\n|-start|p2a: Chansey|move: Taunt\n|cant|p2a: Chansey|move: Taunt|Soft-Boiled\n|\n|upkeep\n|turn|39\n|choice|move wildcharge|move seismictoss\n|\n|move|p1a: Kakariko|Wild Charge|p2a: Chansey\n|-damage|p2a: Chansey|139\/703\n|-damage|p1a: Kakariko|164\/281|[from] Recoil|[of] p2a: Chansey\n|move|p2a: Chansey|Seismic Toss|p1a: Kakariko\n|-damage|p1a: Kakariko|64\/281\n|\n|upkeep\n|turn|40\n|c|\u2606Candice|gg\n|choice|move wildcharge|move seismictoss\n|\n|move|p1a: Kakariko|Wild Charge|p2a: Chansey\n|-damage|p2a: Chansey|0 fnt\n|-damage|p1a: Kakariko|29\/281|[from] Recoil|[of] p2a: Chansey\n|faint|p2a: Chansey\n|\n|win|Candice\n|l|Go Pachirisu\n|raw|Candice's rating: 1761 &rarr; <strong>1783<\/strong><br \/>(+22 for winning)\n|raw|Go Pachirisu's rating: 1799 &rarr; <strong>1777<\/strong><br \/>(-22 for losing)\n|l|maiitake\n|l|Candice","inputlog":null,"uploadtime":1509815308,"views":42,"p1id":"candice","p2id":"gopachirisu","formatid":"gen7ou","rating":1777,"private":0,"password":null}