{"id":"gen7ou-912963618","p1":"Del chef","p2":"Gweiss","format":"gen7ou","log":"|j|\u2606Del chef\n|j|\u2606Gweiss\n|player|p1|Del chef|1\n|player|p2|Gweiss|281\n|teamsize|p1|6\n|teamsize|p2|6\n|gametype|singles\n|gen|7\n|tier|[Gen 7] OU\n|rated|\n|rule|Sleep Clause Mod: Limit one foe put to sleep\n|rule|Species Clause: Limit one of each Pok\u00e9mon\n|rule|OHKO Clause: OHKO moves are banned\n|rule|Moody Clause: Moody is banned\n|rule|Evasion Moves Clause: Evasion moves are banned\n|rule|Endless Battle Clause: Forcing endless battles is banned\n|rule|HP Percentage Mod: HP is shown in percentages\n|clearpoke\n|poke|p1|Chansey, F|item\n|poke|p1|Mawile, M|item\n|poke|p1|Kartana|item\n|poke|p1|Gyarados, F|item\n|poke|p1|Nidoking, M|item\n|poke|p1|Latios, M|item\n|poke|p2|Kommo-o, M|item\n|poke|p2|Greninja, M|item\n|poke|p2|Mawile, F|item\n|poke|p2|Landorus-Therian, M|item\n|poke|p2|Zapdos|item\n|poke|p2|Magearna|item\n|teampreview\n|\n|start\n|switch|p1a: Nidoking|Nidoking, M|303\/303\n|switch|p2a: Landorus|Landorus-Therian, M|333\/333\n|-ability|p2a: Landorus|Intimidate|boost\n|-unboost|p1a: Nidoking|atk|1\n|turn|1\n|\n|move|p1a: Nidoking|Ice Beam|p2a: Landorus\n|-supereffective|p2a: Landorus\n|-damage|p2a: Landorus|0 fnt\n|faint|p2a: Landorus\n|\n|upkeep\n|\n|switch|p2a: Mawile|Mawile, F, shiny|264\/264\n|-ability|p2a: Mawile|Intimidate|boost\n|-unboost|p1a: Nidoking|atk|1\n|turn|2\n|\n|switch|p1a: Mawile|Mawile, M|303\/303\n|-ability|p1a: Mawile|Intimidate|boost\n|-unboost|p2a: Mawile|atk|1\n|detailschange|p2a: Mawile|Mawile-Mega, F, shiny\n|-mega|p2a: Mawile|Mawile|Mawilite\n|move|p2a: Mawile|Swords Dance|p2a: Mawile\n|-boost|p2a: Mawile|atk|2\n|\n|upkeep\n|turn|3\n|\n|detailschange|p1a: Mawile|Mawile-Mega, M\n|-mega|p1a: Mawile|Mawile|Mawilite\n|move|p2a: Mawile|Swords Dance|p2a: Mawile\n|-boost|p2a: Mawile|atk|2\n|move|p1a: Mawile|Swords Dance|p1a: Mawile\n|-boost|p1a: Mawile|atk|2\n|\n|upkeep\n|turn|4\n|\n|move|p2a: Mawile|Thunder Punch|p1a: Mawile\n|-damage|p1a: Mawile|0 fnt\n|faint|p1a: Mawile\n|\n|upkeep\n|\n|switch|p1a: Nidoking|Nidoking, M|303\/303\n|turn|5\n|\n|move|p2a: Mawile|Sucker Punch|p1a: Nidoking\n|-damage|p1a: Nidoking|0 fnt\n|faint|p1a: Nidoking\n|\n|upkeep\n|\n|switch|p1a: Gyarados|Gyarados, F|331\/331\n|turn|6\n|\n|move|p1a: Gyarados|Earthquake|p2a: Mawile\n|-supereffective|p2a: Mawile\n|-damage|p2a: Mawile|56\/264\n|move|p2a: Mawile|Play Rough|p1a: Gyarados\n|-damage|p1a: Gyarados|0 fnt\n|faint|p1a: Gyarados\n|\n|upkeep\n|\n|switch|p1a: Kartana|Kartana|259\/259\n|turn|7\n|\n|move|p2a: Mawile|Sucker Punch|p1a: Kartana\n|-damage|p1a: Kartana|0 fnt\n|faint|p1a: Kartana\n|\n|upkeep\n|\n|switch|p1a: Latios|Latios, M|301\/301\n|turn|8\n|\n|move|p2a: Mawile|Sucker Punch||[still]\n|-fail|p2a: Mawile\n|move|p1a: Latios|Defog|p2a: Mawile\n|-unboost|p2a: Mawile|evasion|1\n|\n|upkeep\n|turn|9\n|\n|move|p2a: Mawile|Sucker Punch||[still]\n|-fail|p2a: Mawile\n|move|p1a: Latios|Defog|p2a: Mawile\n|-unboost|p2a: Mawile|evasion|1\n|\n|upkeep\n|turn|10\n|\n|move|p2a: Mawile|Sucker Punch|p1a: Latios\n|-supereffective|p1a: Latios\n|-damage|p1a: Latios|0 fnt\n|faint|p1a: Latios\n|\n|upkeep\n|-message|Del chef forfeited.\n|\n|win|Gweiss\n|l|\u2606Del chef\n","uploadtime":1558352949,"views":8,"p1id":"delchef","p2id":"gweiss","formatid":"gen7ou","rating":0,"private":0,"password":null}