{"id":"gen7ou-1134364766","p1":"Hajmola","p2":"AuraGameur","format":"gen7ou","log":"|j|\u2606Hajmola\n|j|\u2606AuraGameur\n|player|p1|Hajmola|pokefan|1038\n|player|p2|AuraGameur|colress|1071\n|teamsize|p1|6\n|teamsize|p2|6\n|gametype|singles\n|gen|7\n|tier|[Gen 7] OU\n|rated|\n|clearpoke\n|poke|p1|Kyurem-Black|item\n|poke|p1|Kartana|item\n|poke|p1|Sableye, F|item\n|poke|p1|Magnezone|item\n|poke|p1|Linoone, M|item\n|poke|p1|Toxapex, M|item\n|poke|p2|Scizor, M|item\n|poke|p2|Ferrothorn, F|item\n|poke|p2|Togekiss, M|item\n|poke|p2|Rotom-Wash|item\n|poke|p2|Heatran, M|item\n|poke|p2|Kartana|item\n|rule|Sleep Clause Mod: Limit one foe put to sleep\n|rule|Species Clause: Limit one of each Pok\u00e9mon\n|rule|OHKO Clause: OHKO moves are banned\n|rule|Moody Clause: Moody is banned\n|rule|Evasion Moves Clause: Evasion moves are banned\n|rule|Endless Battle Clause: Forcing endless battles is banned\n|rule|HP Percentage Mod: HP is shown in percentages\n|teampreview\n|inactive|Battle timer is ON: inactive players will automatically lose when time's up. (requested by Hajmola)\n|\n|start\n|switch|p1a: Sableye|Sableye, F|100\/100\n|switch|p2a: Heatran|Heatran, M|100\/100\n|turn|1\n|\n|detailschange|p1a: Sableye|Sableye-Mega, F\n|-mega|p1a: Sableye|Sableye|Sablenite\n|move|p2a: Heatran|Earth Power|p1a: Sableye\n|-damage|p1a: Sableye|73\/100\n|move|p1a: Sableye|Nasty Plot|p1a: Sableye\n|-boost|p1a: Sableye|spa|2\n|\n|upkeep\n|turn|2\n|\n|move|p2a: Heatran|Eruption|p1a: Sableye\n|-damage|p1a: Sableye|4\/100\n|move|p1a: Sableye|Nasty Plot|p1a: Sableye\n|-boost|p1a: Sableye|spa|2\n|\n|upkeep\n|turn|3\n|\n|move|p1a: Sableye|Detect|p1a: Sableye\n|-singleturn|p1a: Sableye|Protect\n|move|p2a: Heatran|Eruption|p1a: Sableye\n|-activate|p1a: Sableye|move: Protect\n|\n|upkeep\n|turn|4\n|\n|move|p2a: Heatran|Eruption|p1a: Sableye\n|-damage|p1a: Sableye|0 fnt\n|faint|p1a: Sableye\n|\n|upkeep\n|\n|switch|p1a: Toxapex|Toxapex, M|100\/100\n|turn|5\n|\n|move|p2a: Heatran|Eruption|p1a: Toxapex\n|-resisted|p1a: Toxapex\n|-damage|p1a: Toxapex|69\/100\n|move|p1a: Toxapex|Ice Beam|p2a: Heatran\n|-resisted|p2a: Heatran\n|-damage|p2a: Heatran|99\/100\n|\n|-heal|p1a: Toxapex|75\/100|[from] item: Leftovers\n|upkeep\n|turn|6\n|\n|move|p2a: Heatran|Earth Power|p1a: Toxapex\n|-supereffective|p1a: Toxapex\n|-damage|p1a: Toxapex|29\/100\n|move|p1a: Toxapex|Surf|p2a: Heatran\n|-supereffective|p2a: Heatran\n|-damage|p2a: Heatran|80\/100\n|\n|-heal|p1a: Toxapex|36\/100|[from] item: Leftovers\n|upkeep\n|turn|7\n|\n|move|p2a: Heatran|Earth Power|p1a: Toxapex\n|-supereffective|p1a: Toxapex\n|-damage|p1a: Toxapex|0 fnt\n|faint|p1a: Toxapex\n|\n|upkeep\n|\n|switch|p1a: Kartana|Kartana|100\/100\n|turn|8\n|\n|move|p1a: Kartana|Sacred Sword|p2a: Heatran\n|-supereffective|p2a: Heatran\n|-damage|p2a: Heatran|25\/100\n|move|p2a: Heatran|Eruption|p1a: Kartana\n|-supereffective|p1a: Kartana\n|-damage|p1a: Kartana|0 fnt\n|faint|p1a: Kartana\n|\n|upkeep\n|-message|Hajmola forfeited.\n|\n|win|AuraGameur\n|l|\u2606Hajmola\n","uploadtime":1592422128,"views":6,"p1id":"hajmola","p2id":"auragameur","formatid":"gen7ou","rating":0,"private":0,"password":null}