{"id":"gen7ou-1601065825","p1":"wuilan jie","p2":"FildrongEstNul","format":"gen7ou","log":"|j|\u2606wuilan jie\n|j|\u203dFildrongEstNul\n|t:|1655819186\n|gametype|singles\n|player|p1|wuilan jie|red|1358\n|player|p2|FildrongEstNul|2|1323\n|teamsize|p1|6\n|teamsize|p2|6\n|gen|7\n|tier|[Gen 7] OU\n|rated|\n|rule|Sleep Clause Mod: Limit one foe put to sleep\n|rule|Species Clause: Limit one of each Pok\u00e9mon\n|rule|OHKO Clause: OHKO moves are banned\n|rule|Moody Clause: Moody is banned\n|rule|Evasion Moves Clause: Evasion moves are banned\n|rule|Endless Battle Clause: Forcing endless battles is banned\n|rule|HP Percentage Mod: HP is shown in percentages\n|clearpoke\n|poke|p1|Kommo-o, F|item\n|poke|p1|Mawile, F|item\n|poke|p1|Cresselia, F|item\n|poke|p1|Heatran, M|item\n|poke|p1|Mantine, M|item\n|poke|p1|Landorus-Therian, M|item\n|poke|p2|Venusaur, F|item\n|poke|p2|Bisharp, M|item\n|poke|p2|Keldeo|item\n|poke|p2|Chansey, F|item\n|poke|p2|Heatran, M|item\n|poke|p2|Skarmory, M|item\n|teampreview\n|inactive|Battle timer is ON: inactive players will automatically lose when time's up. (requested by FildrongEstNul)\n|\n|t:|1655819191\n|start\n|switch|p1a: Kommo-o|Kommo-o, F|100\/100\n|switch|p2a: Keldeo|Keldeo|100\/100\n|turn|1\n|\n|t:|1655819196\n|move|p2a: Keldeo|Scald|p1a: Kommo-o\n|-resisted|p1a: Kommo-o\n|-damage|p1a: Kommo-o|79\/100\n|-zpower|p1a: Kommo-o\n|move|p1a: Kommo-o|Clangorous Soulblaze|p2a: Keldeo|[zeffect]\n|-damage|p2a: Keldeo|0 fnt\n|faint|p2a: Keldeo\n|-boost|p1a: Kommo-o|atk|1\n|-boost|p1a: Kommo-o|def|1\n|-boost|p1a: Kommo-o|spa|1\n|-boost|p1a: Kommo-o|spd|1\n|-boost|p1a: Kommo-o|spe|1\n|\n|upkeep\n|\n|t:|1655819196\n|switch|p2a: Skarmory|Skarmory, M|100\/100\n|turn|2\n|\n|t:|1655819203\n|move|p1a: Kommo-o|Flamethrower|p2a: Skarmory\n|-supereffective|p2a: Skarmory\n|-damage|p2a: Skarmory|6\/100\n|move|p2a: Skarmory|Whirlwind|p1a: Kommo-o\n|drag|p1a: Cresselia|Cresselia, F|100\/100\n|\n|upkeep\n|turn|3\n|\n|t:|1655819215\n|switch|p2a: Chansey|Chansey, F|100\/100\n|move|p1a: Cresselia|Moonblast|p2a: Chansey\n|-damage|p2a: Chansey|95\/100\n|\n|upkeep\n|turn|4\n|\n|t:|1655819218\n|switch|p1a: Heatran|Heatran, M|100\/100\n|move|p2a: Chansey|Seismic Toss|p1a: Heatran\n|-damage|p1a: Heatran|75\/100\n|\n|-heal|p1a: Heatran|81\/100|[from] item: Leftovers\n|upkeep\n|turn|5\n|\n|t:|1655819221\n|move|p1a: Heatran|Magma Storm|p2a: Chansey\n|-damage|p2a: Chansey|84\/100\n|-activate|p2a: Chansey|move: Magma Storm|[of] p1a: Heatran\n|move|p2a: Chansey|Thunder Wave|p1a: Heatran\n|-status|p1a: Heatran|par\n|\n|-heal|p1a: Heatran|87\/100 par|[from] item: Leftovers\n|-damage|p2a: Chansey|72\/100|[from] move: Magma Storm|[partiallytrapped]\n|upkeep\n|turn|6\n|\n|t:|1655819225\n|cant|p1a: Heatran|par\n|move|p2a: Chansey|Soft-Boiled|p2a: Chansey\n|-heal|p2a: Chansey|100\/100\n|\n|-heal|p1a: Heatran|93\/100 par|[from] item: Leftovers\n|-damage|p2a: Chansey|88\/100|[from] move: Magma Storm|[partiallytrapped]\n|upkeep\n|turn|7\n|\n|t:|1655819247\n|move|p2a: Chansey|Seismic Toss|p1a: Heatran\n|-damage|p1a: Heatran|67\/100 par\n|cant|p1a: Heatran|par\n|\n|-heal|p1a: Heatran|73\/100 par|[from] item: Leftovers\n|-damage|p2a: Chansey|76\/100|[from] move: Magma Storm|[partiallytrapped]\n|upkeep\n|turn|8\n|\n|t:|1655819249\n|move|p2a: Chansey|Soft-Boiled|p2a: Chansey\n|-heal|p2a: Chansey|100\/100\n|move|p1a: Heatran|Stealth Rock|p2a: Chansey\n|-sidestart|p2: FildrongEstNul|move: Stealth Rock\n|\n|-heal|p1a: Heatran|80\/100 par|[from] item: Leftovers\n|-damage|p2a: Chansey|88\/100|[from] move: Magma Storm|[partiallytrapped]\n|upkeep\n|turn|9\n|\n|t:|1655819254\n|move|p2a: Chansey|Seismic Toss|p1a: Heatran\n|-damage|p1a: Heatran|54\/100 par\n|move|p1a: Heatran|Earth Power|p2a: Chansey\n|-damage|p2a: Chansey|81\/100\n|-unboost|p2a: Chansey|spd|1\n|\n|-heal|p1a: Heatran|60\/100 par|[from] item: Leftovers\n|-end|p2a: Chansey|Magma Storm|[partiallytrapped]\n|upkeep\n|turn|10\n|\n|t:|1655819256\n|move|p1a: Heatran|Protect|p1a: Heatran\n|-singleturn|p1a: Heatran|Protect\n|move|p2a: Chansey|Seismic Toss|p1a: Heatran\n|-activate|p1a: Heatran|move: Protect\n|\n|-heal|p1a: Heatran|66\/100 par|[from] item: Leftovers\n|upkeep\n|turn|11\n|\n|t:|1655819265\n|move|p2a: Chansey|Seismic Toss|p1a: Heatran\n|-damage|p1a: Heatran|40\/100 par\n|move|p1a: Heatran|Magma Storm|p2a: Chansey\n|-damage|p2a: Chansey|63\/100\n|-activate|p2a: Chansey|move: Magma Storm|[of] p1a: Heatran\n|\n|-heal|p1a: Heatran|46\/100 par|[from] item: Leftovers\n|-damage|p2a: Chansey|50\/100|[from] move: Magma Storm|[partiallytrapped]\n|upkeep\n|turn|12\n|\n|t:|1655819274\n|switch|p1a: Kommo-o|Kommo-o, F|79\/100\n|move|p2a: Chansey|Soft-Boiled|p2a: Chansey\n|-heal|p2a: Chansey|99\/100\n|\n|-end|p2a: Chansey|Magma Storm|[partiallytrapped]|[silent]\n|upkeep\n|turn|13\n|\n|t:|1655819277\n|switch|p2a: Venusaur|Venusaur, F|100\/100\n|-damage|p2a: Venusaur|88\/100|[from] Stealth Rock\n|move|p1a: Kommo-o|Close Combat|p2a: Venusaur\n|-resisted|p2a: Venusaur\n|-damage|p2a: Venusaur|72\/100\n|-unboost|p1a: Kommo-o|def|1\n|-unboost|p1a: Kommo-o|spd|1\n|\n|upkeep\n|turn|14\n|\n|t:|1655819282\n|switch|p1a: Landorus|Landorus-Therian, M|100\/100\n|-ability|p1a: Landorus|Intimidate|boost\n|-unboost|p2a: Venusaur|atk|1\n|detailschange|p2a: Venusaur|Venusaur-Mega, F\n|-mega|p2a: Venusaur|Venusaur|Venusaurite\n|move|p2a: Venusaur|Synthesis|p2a: Venusaur\n|-heal|p2a: Venusaur|100\/100\n|\n|upkeep\n|turn|15\n|\n|t:|1655819288\n|move|p1a: Landorus|U-turn|p2a: Venusaur\n|-damage|p2a: Venusaur|84\/100\n|\n|t:|1655819291\n|switch|p1a: Heatran|Heatran, M|46\/100 par|[from]move: U-turn\n|move|p2a: Venusaur|Sludge Bomb|p1a: Heatran\n|-immune|p1a: Heatran\n|\n|-heal|p1a: Heatran|53\/100 par|[from] item: Leftovers\n|upkeep\n|turn|16\n|\n|t:|1655819303\n|switch|p2a: Chansey|Chansey, F|99\/100\n|-damage|p2a: Chansey|88\/100|[from] Stealth Rock\n|switch|p1a: Mawile|Mawile, F|100\/100\n|-ability|p1a: Mawile|Intimidate|boost\n|-unboost|p2a: Chansey|atk|1\n|\n|upkeep\n|turn|17\n|\n|t:|1655819307\n|detailschange|p1a: Mawile|Mawile-Mega, F\n|-mega|p1a: Mawile|Mawile|Mawilite\n|move|p1a: Mawile|Play Rough|p2a: Chansey\n|-damage|p2a: Chansey|24\/100\n|move|p2a: Chansey|Thunder Wave|p1a: Mawile\n|-status|p1a: Mawile|par\n|\n|upkeep\n|turn|18\n|\n|t:|1655819311\n|move|p2a: Chansey|Soft-Boiled|p2a: Chansey\n|-heal|p2a: Chansey|74\/100\n|move|p1a: Mawile|Play Rough|p2a: Chansey\n|-damage|p2a: Chansey|11\/100\n|\n|upkeep\n|turn|19\n|\n|t:|1655819314\n|move|p2a: Chansey|Soft-Boiled|p2a: Chansey\n|-heal|p2a: Chansey|61\/100\n|cant|p1a: Mawile|par\n|\n|upkeep\n|turn|20\n|\n|t:|1655819316\n|move|p2a: Chansey|Soft-Boiled|p2a: Chansey\n|-heal|p2a: Chansey|100\/100\n|move|p1a: Mawile|Swords Dance|p1a: Mawile\n|-boost|p1a: Mawile|atk|2\n|\n|upkeep\n|turn|21\n|\n|t:|1655819317\n|switch|p2a: Skarmory|Skarmory, M|6\/100\n|-damage|p2a: Skarmory|0 fnt|[from] Stealth Rock\n|faint|p2a: Skarmory\n|move|p1a: Mawile|Play Rough|p2: Skarmory|[notarget]\n|-fail|p1a: Mawile\n|\n|upkeep\n|\n|t:|1655819317\n|switch|p2a: Bisharp|Bisharp, M|100\/100\n|-damage|p2a: Bisharp|95\/100|[from] Stealth Rock\n|turn|22\n|\n|t:|1655819331\n|move|p2a: Bisharp|Iron Head|p1a: Mawile\n|-damage|p1a: Mawile|54\/100 par\n|move|p1a: Mawile|Play Rough|p2a: Bisharp\n|-damage|p2a: Bisharp|0 fnt\n|faint|p2a: Bisharp\n|\n|upkeep\n|\n|t:|1655819331\n|switch|p2a: Heatran|Heatran, M|100\/100\n|-damage|p2a: Heatran|88\/100|[from] Stealth Rock\n|turn|23\n|\n|t:|1655819337\n|cant|p1a: Mawile|par\n|move|p2a: Heatran|Lava Plume|p1a: Mawile\n|-supereffective|p1a: Mawile\n|-damage|p1a: Mawile|0 fnt\n|faint|p1a: Mawile\n|\n|-heal|p2a: Heatran|94\/100|[from] item: Leftovers\n|upkeep\n|\n|t:|1655819341\n|switch|p1a: Landorus|Landorus-Therian, M|100\/100\n|-ability|p1a: Landorus|Intimidate|boost\n|-unboost|p2a: Heatran|atk|1\n|turn|24\n|\n|t:|1655819343\n|switch|p2a: Venusaur|Venusaur-Mega, F|84\/100\n|-damage|p2a: Venusaur|72\/100|[from] Stealth Rock\n|move|p1a: Landorus|Earthquake|p2a: Venusaur\n|-damage|p2a: Venusaur|41\/100\n|\n|upkeep\n|turn|25\n|\n|t:|1655819351\n|move|p1a: Landorus|Earthquake|p2a: Venusaur\n|-damage|p2a: Venusaur|7\/100\n|move|p2a: Venusaur|Synthesis|p2a: Venusaur\n|-heal|p2a: Venusaur|57\/100\n|\n|upkeep\n|turn|26\n|\n|t:|1655819355\n|move|p1a: Landorus|Earthquake|p2a: Venusaur\n|-damage|p2a: Venusaur|26\/100\n|move|p2a: Venusaur|Giga Drain|p1a: Landorus\n|-damage|p1a: Landorus|63\/100\n|-heal|p2a: Venusaur|43\/100|[from] drain|[of] p1a: Landorus\n|\n|upkeep\n|turn|27\n|\n|t:|1655819356\n|switch|p1a: Cresselia|Cresselia, F|100\/100\n|move|p2a: Venusaur|Synthesis|p2a: Venusaur\n|-heal|p2a: Venusaur|93\/100\n|\n|upkeep\n|turn|28\n|\n|t:|1655819371\n|switch|p1a: Mantine|Mantine, M|100\/100\n|move|p2a: Venusaur|Giga Drain|p1a: Mantine\n|-damage|p1a: Mantine|81\/100\n|-heal|p2a: Venusaur|100\/100|[from] drain|[of] p1a: Mantine\n|\n|-heal|p1a: Mantine|87\/100|[from] item: Leftovers\n|upkeep\n|turn|29\n|\n|t:|1655819373\n|move|p2a: Venusaur|Giga Drain|p1a: Mantine\n|-damage|p1a: Mantine|69\/100\n|move|p1a: Mantine|Scald|p2a: Venusaur\n|-resisted|p2a: Venusaur\n|-damage|p2a: Venusaur|91\/100\n|\n|-heal|p1a: Mantine|75\/100|[from] item: Leftovers\n|upkeep\n|turn|30\n|\n|t:|1655819379\n|move|p2a: Venusaur|Giga Drain|p1a: Mantine\n|-damage|p1a: Mantine|53\/100\n|-heal|p2a: Venusaur|100\/100|[from] drain|[of] p1a: Mantine\n|move|p1a: Mantine|Scald|p2a: Venusaur\n|-resisted|p2a: Venusaur\n|-crit|p2a: Venusaur\n|-damage|p2a: Venusaur|86\/100\n|\n|-heal|p1a: Mantine|59\/100|[from] item: Leftovers\n|upkeep\n|turn|31\n|\n|t:|1655819381\n|move|p2a: Venusaur|Sludge Bomb|p1a: Mantine\n|-damage|p1a: Mantine|33\/100\n|move|p1a: Mantine|Scald|p2a: Venusaur\n|-resisted|p2a: Venusaur\n|-damage|p2a: Venusaur|78\/100\n|\n|-heal|p1a: Mantine|40\/100|[from] item: Leftovers\n|upkeep\n|turn|32\n|\n|t:|1655819383\n|move|p2a: Venusaur|Sludge Bomb|p1a: Mantine\n|-damage|p1a: Mantine|14\/100\n|move|p1a: Mantine|Roost|p1a: Mantine\n|-heal|p1a: Mantine|64\/100\n|-singleturn|p1a: Mantine|move: Roost\n|\n|-heal|p1a: Mantine|71\/100|[from] item: Leftovers\n|upkeep\n|turn|33\n|\n|t:|1655819384\n|move|p2a: Venusaur|Synthesis|p2a: Venusaur\n|-heal|p2a: Venusaur|100\/100\n|move|p1a: Mantine|Scald|p2a: Venusaur\n|-resisted|p2a: Venusaur\n|-damage|p2a: Venusaur|91\/100\n|-status|p2a: Venusaur|brn\n|\n|-heal|p1a: Mantine|77\/100|[from] item: Leftovers\n|-damage|p2a: Venusaur|85\/100 brn|[from] brn\n|upkeep\n|turn|34\n|\n|t:|1655819387\n|move|p2a: Venusaur|Giga Drain|p1a: Mantine\n|-damage|p1a: Mantine|57\/100\n|-heal|p2a: Venusaur|94\/100 brn|[from] drain|[of] p1a: Mantine\n|move|p1a: Mantine|Roost|p1a: Mantine\n|-heal|p1a: Mantine|100\/100\n|-singleturn|p1a: Mantine|move: Roost\n|\n|-damage|p2a: Venusaur|88\/100 brn|[from] brn\n|upkeep\n|turn|35\n|\n|t:|1655819397\n|move|p2a: Venusaur|Giga Drain|p1a: Mantine\n|-damage|p1a: Mantine|82\/100\n|-heal|p2a: Venusaur|98\/100 brn|[from] drain|[of] p1a: Mantine\n|move|p1a: Mantine|Scald|p2a: Venusaur\n|-resisted|p2a: Venusaur\n|-damage|p2a: Venusaur|90\/100 brn\n|\n|-heal|p1a: Mantine|88\/100|[from] item: Leftovers\n|-damage|p2a: Venusaur|84\/100 brn|[from] brn\n|upkeep\n|turn|36\n|\n|t:|1655819403\n|move|p2a: Venusaur|Giga Drain|p1a: Mantine\n|-damage|p1a: Mantine|68\/100\n|-heal|p2a: Venusaur|94\/100 brn|[from] drain|[of] p1a: Mantine\n|move|p1a: Mantine|Scald|p2a: Venusaur\n|-resisted|p2a: Venusaur\n|-damage|p2a: Venusaur|84\/100 brn\n|\n|-heal|p1a: Mantine|75\/100|[from] item: Leftovers\n|-damage|p2a: Venusaur|78\/100 brn|[from] brn\n|upkeep\n|turn|37\n|\n|t:|1655819418\n|move|p2a: Venusaur|Synthesis|p2a: Venusaur\n|-heal|p2a: Venusaur|100\/100 brn\n|move|p1a: Mantine|Scald|p2a: Venusaur\n|-resisted|p2a: Venusaur\n|-damage|p2a: Venusaur|92\/100 brn\n|\n|-heal|p1a: Mantine|81\/100|[from] item: Leftovers\n|-damage|p2a: Venusaur|86\/100 brn|[from] brn\n|upkeep\n|turn|38\n|\n|t:|1655819422\n|move|p2a: Venusaur|Giga Drain|p1a: Mantine\n|-damage|p1a: Mantine|61\/100\n|-heal|p2a: Venusaur|96\/100 brn|[from] drain|[of] p1a: Mantine\n|move|p1a: Mantine|Scald|p2a: Venusaur\n|-resisted|p2a: Venusaur\n|-damage|p2a: Venusaur|87\/100 brn\n|\n|-heal|p1a: Mantine|67\/100|[from] item: Leftovers\n|-damage|p2a: Venusaur|81\/100 brn|[from] brn\n|upkeep\n|turn|39\n|\n|t:|1655819424\n|move|p2a: Venusaur|Synthesis|p2a: Venusaur\n|-heal|p2a: Venusaur|100\/100 brn\n|move|p1a: Mantine|Scald|p2a: Venusaur\n|-resisted|p2a: Venusaur\n|-damage|p2a: Venusaur|91\/100 brn\n|\n|-heal|p1a: Mantine|73\/100|[from] item: Leftovers\n|-damage|p2a: Venusaur|85\/100 brn|[from] brn\n|upkeep\n|turn|40\n|\n|t:|1655819427\n|move|p2a: Venusaur|Giga Drain|p1a: Mantine\n|-damage|p1a: Mantine|51\/100\n|-heal|p2a: Venusaur|96\/100 brn|[from] drain|[of] p1a: Mantine\n|move|p1a: Mantine|Scald|p2a: Venusaur\n|-resisted|p2a: Venusaur\n|-damage|p2a: Venusaur|87\/100 brn\n|\n|-heal|p1a: Mantine|57\/100|[from] item: Leftovers\n|-damage|p2a: Venusaur|81\/100 brn|[from] brn\n|upkeep\n|turn|41\n|\n|t:|1655819429\n|move|p2a: Venusaur|Sludge Bomb|p1a: Mantine\n|-damage|p1a: Mantine|33\/100\n|move|p1a: Mantine|Roost|p1a: Mantine\n|-heal|p1a: Mantine|83\/100\n|-singleturn|p1a: Mantine|move: Roost\n|\n|-heal|p1a: Mantine|89\/100|[from] item: Leftovers\n|-damage|p2a: Venusaur|75\/100 brn|[from] brn\n|upkeep\n|turn|42\n|\n|t:|1655819431\n|move|p2a: Venusaur|Giga Drain|p1a: Mantine\n|-damage|p1a: Mantine|69\/100\n|-heal|p2a: Venusaur|85\/100 brn|[from] drain|[of] p1a: Mantine\n|move|p1a: Mantine|Scald|p2a: Venusaur\n|-resisted|p2a: Venusaur\n|-damage|p2a: Venusaur|76\/100 brn\n|\n|-heal|p1a: Mantine|75\/100|[from] item: Leftovers\n|-damage|p2a: Venusaur|70\/100 brn|[from] brn\n|upkeep\n|turn|43\n|\n|t:|1655819433\n|move|p2a: Venusaur|Synthesis|p2a: Venusaur\n|-heal|p2a: Venusaur|100\/100 brn\n|move|p1a: Mantine|Scald|p2a: Venusaur\n|-resisted|p2a: Venusaur\n|-damage|p2a: Venusaur|92\/100 brn\n|\n|-heal|p1a: Mantine|81\/100|[from] item: Leftovers\n|-damage|p2a: Venusaur|86\/100 brn|[from] brn\n|upkeep\n|turn|44\n|\n|t:|1655819435\n|move|p2a: Venusaur|Giga Drain|p1a: Mantine\n|-damage|p1a: Mantine|61\/100\n|-heal|p2a: Venusaur|96\/100 brn|[from] drain|[of] p1a: Mantine\n|move|p1a: Mantine|Roost|p1a: Mantine\n|-heal|p1a: Mantine|100\/100\n|-singleturn|p1a: Mantine|move: Roost\n|\n|-damage|p2a: Venusaur|90\/100 brn|[from] brn\n|upkeep\n|turn|45\n|\n|t:|1655819441\n|move|p2a: Venusaur|Giga Drain|p1a: Mantine\n|-damage|p1a: Mantine|79\/100\n|-heal|p2a: Venusaur|100\/100 brn|[from] drain|[of] p1a: Mantine\n|move|p1a: Mantine|Scald|p2a: Venusaur\n|-resisted|p2a: Venusaur\n|-damage|p2a: Venusaur|92\/100 brn\n|\n|-heal|p1a: Mantine|85\/100|[from] item: Leftovers\n|-damage|p2a: Venusaur|86\/100 brn|[from] brn\n|upkeep\n|turn|46\n|\n|t:|1655819442\n|move|p2a: Venusaur|Giga Drain|p1a: Mantine\n|-damage|p1a: Mantine|66\/100\n|-heal|p2a: Venusaur|96\/100 brn|[from] drain|[of] p1a: Mantine\n|move|p1a: Mantine|Scald|p2a: Venusaur\n|-resisted|p2a: Venusaur\n|-damage|p2a: Venusaur|87\/100 brn\n|\n|-heal|p1a: Mantine|72\/100|[from] item: Leftovers\n|-damage|p2a: Venusaur|81\/100 brn|[from] brn\n|upkeep\n|turn|47\n|\n|t:|1655819443\n|switch|p1a: Landorus|Landorus-Therian, M|63\/100\n|-ability|p1a: Landorus|Intimidate|boost\n|-unboost|p2a: Venusaur|atk|1\n|move|p2a: Venusaur|Synthesis|p2a: Venusaur\n|-heal|p2a: Venusaur|100\/100 brn\n|\n|-damage|p2a: Venusaur|94\/100 brn|[from] brn\n|upkeep\n|turn|48\n|\n|t:|1655819451\n|switch|p2a: Chansey|Chansey, F|100\/100\n|-damage|p2a: Chansey|88\/100|[from] Stealth Rock\n|move|p1a: Landorus|U-turn|p2a: Chansey\n|-damage|p2a: Chansey|70\/100\n|\n|t:|1655819456\n|switch|p1a: Kommo-o|Kommo-o, F|79\/100|[from]move: U-turn\n|\n|upkeep\n|turn|49\n|\n|t:|1655819459\n|switch|p2a: Venusaur|Venusaur-Mega, F|94\/100 brn\n|-damage|p2a: Venusaur|82\/100 brn|[from] Stealth Rock\n|move|p1a: Kommo-o|Close Combat|p2a: Venusaur\n|-resisted|p2a: Venusaur\n|-damage|p2a: Venusaur|69\/100 brn\n|-unboost|p1a: Kommo-o|def|1\n|-unboost|p1a: Kommo-o|spd|1\n|\n|-damage|p2a: Venusaur|63\/100 brn|[from] brn\n|upkeep\n|turn|50\n|\n|t:|1655819477\n|switch|p1a: Mantine|Mantine, M|72\/100\n|move|p2a: Venusaur|Giga Drain|p1a: Mantine\n|-damage|p1a: Mantine|51\/100\n|-heal|p2a: Venusaur|74\/100 brn|[from] drain|[of] p1a: Mantine\n|\n|-heal|p1a: Mantine|57\/100|[from] item: Leftovers\n|-damage|p2a: Venusaur|68\/100 brn|[from] brn\n|upkeep\n|turn|51\n|\n|t:|1655819484\n|move|p2a: Venusaur|Giga Drain|p1a: Mantine\n|-damage|p1a: Mantine|39\/100\n|-heal|p2a: Venusaur|78\/100 brn|[from] drain|[of] p1a: Mantine\n|move|p1a: Mantine|Roost|p1a: Mantine\n|-heal|p1a: Mantine|89\/100\n|-singleturn|p1a: Mantine|move: Roost\n|\n|-heal|p1a: Mantine|95\/100|[from] item: Leftovers\n|-damage|p2a: Venusaur|72\/100 brn|[from] brn\n|upkeep\n|turn|52\n|\n|t:|1655819487\n|move|p2a: Venusaur|Giga Drain|p1a: Mantine\n|-damage|p1a: Mantine|74\/100\n|-heal|p2a: Venusaur|83\/100 brn|[from] drain|[of] p1a: Mantine\n|move|p1a: Mantine|Roost|p1a: Mantine\n|-heal|p1a: Mantine|100\/100\n|-singleturn|p1a: Mantine|move: Roost\n|\n|-damage|p2a: Venusaur|77\/100 brn|[from] brn\n|upkeep\n|turn|53\n|\n|t:|1655819490\n|switch|p1a: Kommo-o|Kommo-o, F|79\/100\n|move|p2a: Venusaur|Hidden Power|p1a: Kommo-o\n|-resisted|p1a: Kommo-o\n|-damage|p1a: Kommo-o|69\/100\n|\n|-damage|p2a: Venusaur|71\/100 brn|[from] brn\n|upkeep\n|turn|54\n|\n|t:|1655819502\n|switch|p1a: Mantine|Mantine, M|100\/100\n|move|p2a: Venusaur|Hidden Power|p1a: Mantine\n|-resisted|p1a: Mantine\n|-damage|p1a: Mantine|95\/100\n|\n|-heal|p1a: Mantine|100\/100|[from] item: Leftovers\n|-damage|p2a: Venusaur|65\/100 brn|[from] brn\n|upkeep\n|turn|55\n|\n|t:|1655819511\n|move|p2a: Venusaur|Hidden Power|p1a: Mantine\n|-resisted|p1a: Mantine\n|-crit|p1a: Mantine\n|-damage|p1a: Mantine|92\/100\n|move|p1a: Mantine|Scald|p2a: Venusaur\n|-resisted|p2a: Venusaur\n|-damage|p2a: Venusaur|56\/100 brn\n|\n|-heal|p1a: Mantine|99\/100|[from] item: Leftovers\n|-damage|p2a: Venusaur|50\/100 brn|[from] brn\n|upkeep\n|turn|56\n|\n|t:|1655819513\n|move|p2a: Venusaur|Sludge Bomb|p1a: Mantine\n|-damage|p1a: Mantine|77\/100\n|-status|p1a: Mantine|psn\n|move|p1a: Mantine|Scald|p2a: Venusaur\n|-resisted|p2a: Venusaur\n|-damage|p2a: Venusaur|41\/100 brn\n|\n|-heal|p1a: Mantine|83\/100 psn|[from] item: Leftovers\n|-damage|p1a: Mantine|71\/100 psn|[from] psn\n|-damage|p2a: Venusaur|35\/100 brn|[from] brn\n|upkeep\n|turn|57\n|\n|t:|1655819516\n|move|p2a: Venusaur|Sludge Bomb|p1a: Mantine\n|-damage|p1a: Mantine|48\/100 psn\n|move|p1a: Mantine|Scald|p2a: Venusaur\n|-resisted|p2a: Venusaur\n|-damage|p2a: Venusaur|26\/100 brn\n|\n|-heal|p1a: Mantine|54\/100 psn|[from] item: Leftovers\n|-damage|p1a: Mantine|42\/100 psn|[from] psn\n|-damage|p2a: Venusaur|20\/100 brn|[from] brn\n|upkeep\n|turn|58\n|\n|t:|1655819517\n|move|p2a: Venusaur|Hidden Power|p1a: Mantine\n|-resisted|p1a: Mantine\n|-damage|p1a: Mantine|37\/100 psn\n|move|p1a: Mantine|Roost|p1a: Mantine\n|-heal|p1a: Mantine|87\/100 psn\n|-singleturn|p1a: Mantine|move: Roost\n|\n|-heal|p1a: Mantine|93\/100 psn|[from] item: Leftovers\n|-damage|p1a: Mantine|80\/100 psn|[from] psn\n|-damage|p2a: Venusaur|14\/100 brn|[from] brn\n|upkeep\n|turn|59\n|\n|t:|1655819520\n|move|p2a: Venusaur|Hidden Power|p1a: Mantine\n|-resisted|p1a: Mantine\n|-crit|p1a: Mantine\n|-damage|p1a: Mantine|73\/100 psn\n|move|p1a: Mantine|Roost|p1a: Mantine\n|-heal|p1a: Mantine|100\/100 psn\n|-singleturn|p1a: Mantine|move: Roost\n|\n|-damage|p1a: Mantine|88\/100 psn|[from] psn\n|-damage|p2a: Venusaur|8\/100 brn|[from] brn\n|upkeep\n|turn|60\n|\n|t:|1655819521\n|move|p2a: Venusaur|Hidden Power|p1a: Mantine\n|-resisted|p1a: Mantine\n|-damage|p1a: Mantine|83\/100 psn\n|move|p1a: Mantine|Roost|p1a: Mantine\n|-heal|p1a: Mantine|100\/100 psn\n|-singleturn|p1a: Mantine|move: Roost\n|\n|-damage|p1a: Mantine|88\/100 psn|[from] psn\n|-damage|p2a: Venusaur|2\/100 brn|[from] brn\n|upkeep\n|turn|61\n|\n|t:|1655819523\n|move|p2a: Venusaur|Hidden Power|p1a: Mantine\n|-resisted|p1a: Mantine\n|-damage|p1a: Mantine|83\/100 psn\n|move|p1a: Mantine|Roost|p1a: Mantine\n|-heal|p1a: Mantine|100\/100 psn\n|-singleturn|p1a: Mantine|move: Roost\n|\n|-damage|p1a: Mantine|88\/100 psn|[from] psn\n|-damage|p2a: Venusaur|0 fnt|[from] brn\n|faint|p2a: Venusaur\n|upkeep\n|\n|t:|1655819523\n|switch|p2a: Chansey|Chansey, F|70\/100\n|-damage|p2a: Chansey|57\/100|[from] Stealth Rock\n|turn|62\n|\n|t:|1655819528\n|switch|p1a: Heatran|Heatran, M|53\/100 par\n|move|p2a: Chansey|Soft-Boiled|p2a: Chansey\n|-heal|p2a: Chansey|100\/100\n|\n|-heal|p1a: Heatran|59\/100 par|[from] item: Leftovers\n|upkeep\n|turn|63\n|\n|t:|1655819531\n|move|p2a: Chansey|Seismic Toss|p1a: Heatran\n|-damage|p1a: Heatran|33\/100 par\n|move|p1a: Heatran|Earth Power|p2a: Chansey\n|-damage|p2a: Chansey|93\/100\n|\n|-heal|p1a: Heatran|39\/100 par|[from] item: Leftovers\n|upkeep\n|turn|64\n|\n|t:|1655819533\n|move|p2a: Chansey|Seismic Toss|p1a: Heatran\n|-damage|p1a: Heatran|13\/100 par\n|move|p1a: Heatran|Magma Storm|p2a: Chansey\n|-damage|p2a: Chansey|81\/100\n|-activate|p2a: Chansey|move: Magma Storm|[of] p1a: Heatran\n|\n|-heal|p1a: Heatran|19\/100 par|[from] item: Leftovers\n|-damage|p2a: Chansey|69\/100|[from] move: Magma Storm|[partiallytrapped]\n|upkeep\n|turn|65\n|\n|t:|1655819537\n|move|p1a: Heatran|Protect|p1a: Heatran\n|-singleturn|p1a: Heatran|Protect\n|move|p2a: Chansey|Soft-Boiled|p2a: Chansey\n|-heal|p2a: Chansey|100\/100\n|\n|-heal|p1a: Heatran|26\/100 par|[from] item: Leftovers\n|-damage|p2a: Chansey|88\/100|[from] move: Magma Storm|[partiallytrapped]\n|upkeep\n|turn|66\n|\n|t:|1655819539\n|move|p2a: Chansey|Soft-Boiled|p2a: Chansey\n|-heal|p2a: Chansey|100\/100\n|cant|p1a: Heatran|par\n|\n|-heal|p1a: Heatran|32\/100 par|[from] item: Leftovers\n|-damage|p2a: Chansey|88\/100|[from] move: Magma Storm|[partiallytrapped]\n|upkeep\n|turn|67\n|\n|t:|1655819541\n|move|p2a: Chansey|Soft-Boiled|p2a: Chansey\n|-heal|p2a: Chansey|100\/100\n|move|p1a: Heatran|Earth Power|p2a: Chansey\n|-damage|p2a: Chansey|94\/100\n|\n|-heal|p1a: Heatran|38\/100 par|[from] item: Leftovers\n|-damage|p2a: Chansey|81\/100|[from] move: Magma Storm|[partiallytrapped]\n|upkeep\n|turn|68\n|\n|t:|1655819543\n|move|p2a: Chansey|Soft-Boiled|p2a: Chansey\n|-heal|p2a: Chansey|100\/100\n|move|p1a: Heatran|Earth Power|p2a: Chansey\n|-damage|p2a: Chansey|93\/100\n|\n|-heal|p1a: Heatran|44\/100 par|[from] item: Leftovers\n|-damage|p2a: Chansey|80\/100|[from] move: Magma Storm|[partiallytrapped]\n|upkeep\n|turn|69\n|\n|t:|1655819545\n|move|p2a: Chansey|Soft-Boiled|p2a: Chansey\n|-heal|p2a: Chansey|100\/100\n|move|p1a: Heatran|Magma Storm|p2a: Chansey\n|-damage|p2a: Chansey|89\/100\n|\n|-heal|p1a: Heatran|51\/100 par|[from] item: Leftovers\n|-end|p2a: Chansey|Magma Storm|[partiallytrapped]\n|upkeep\n|turn|70\n|\n|t:|1655819547\n|move|p2a: Chansey|Seismic Toss|p1a: Heatran\n|-damage|p1a: Heatran|25\/100 par\n|cant|p1a: Heatran|par\n|\n|-heal|p1a: Heatran|31\/100 par|[from] item: Leftovers\n|upkeep\n|turn|71\n|\n|t:|1655819549\n|move|p2a: Chansey|Seismic Toss|p1a: Heatran\n|-damage|p1a: Heatran|5\/100 par\n|move|p1a: Heatran|Magma Storm|p2a: Chansey\n|-damage|p2a: Chansey|77\/100\n|-activate|p2a: Chansey|move: Magma Storm|[of] p1a: Heatran\n|\n|-heal|p1a: Heatran|11\/100 par|[from] item: Leftovers\n|-damage|p2a: Chansey|64\/100|[from] move: Magma Storm|[partiallytrapped]\n|upkeep\n|turn|72\n|\n|t:|1655819554\n|move|p2a: Chansey|Soft-Boiled|p2a: Chansey\n|-heal|p2a: Chansey|100\/100\n|move|p1a: Heatran|Earth Power|p2a: Chansey\n|-damage|p2a: Chansey|93\/100\n|\n|-heal|p1a: Heatran|17\/100 par|[from] item: Leftovers\n|-damage|p2a: Chansey|81\/100|[from] move: Magma Storm|[partiallytrapped]\n|upkeep\n|turn|73\n|\n|t:|1655819556\n|switch|p1a: Landorus|Landorus-Therian, M|63\/100\n|-ability|p1a: Landorus|Intimidate|boost\n|-unboost|p2a: Chansey|atk|1\n|move|p2a: Chansey|Soft-Boiled|p2a: Chansey\n|-heal|p2a: Chansey|100\/100\n|\n|-end|p2a: Chansey|Magma Storm|[partiallytrapped]|[silent]\n|upkeep\n|turn|74\n|\n|t:|1655819559\n|move|p1a: Landorus|Earthquake|p2a: Chansey\n|-damage|p2a: Chansey|62\/100\n|move|p2a: Chansey|Soft-Boiled|p2a: Chansey\n|-heal|p2a: Chansey|100\/100\n|\n|upkeep\n|turn|75\n|\n|t:|1655819563\n|move|p1a: Landorus|Earthquake|p2a: Chansey\n|-damage|p2a: Chansey|60\/100\n|move|p2a: Chansey|Soft-Boiled|p2a: Chansey\n|-heal|p2a: Chansey|100\/100\n|\n|upkeep\n|turn|76\n|\n|t:|1655819564\n|move|p1a: Landorus|Earthquake|p2a: Chansey\n|-damage|p2a: Chansey|58\/100\n|move|p2a: Chansey|Seismic Toss|p1a: Landorus\n|-damage|p1a: Landorus|32\/100\n|\n|upkeep\n|turn|77\n|\n|t:|1655819565\n|move|p1a: Landorus|Earthquake|p2a: Chansey\n|-damage|p2a: Chansey|20\/100\n|move|p2a: Chansey|Seismic Toss|p1a: Landorus\n|-damage|p1a: Landorus|0 fnt\n|faint|p1a: Landorus\n|\n|upkeep\n|\n|t:|1655819569\n|switch|p1a: Kommo-o|Kommo-o, F|69\/100\n|turn|78\n|\n|t:|1655819573\n|move|p1a: Kommo-o|Close Combat|p2a: Chansey\n|-supereffective|p2a: Chansey\n|-damage|p2a: Chansey|0 fnt\n|-unboost|p1a: Kommo-o|def|1\n|-unboost|p1a: Kommo-o|spd|1\n|faint|p2a: Chansey\n|\n|upkeep\n|\n|t:|1655819573\n|switch|p2a: Heatran|Heatran, M|94\/100\n|-damage|p2a: Heatran|82\/100|[from] Stealth Rock\n|turn|79\n|\n|t:|1655819576\n|move|p2a: Heatran|Stealth Rock|p1a: Kommo-o\n|-sidestart|p1: wuilan jie|move: Stealth Rock\n|move|p1a: Kommo-o|Close Combat|p2a: Heatran\n|-supereffective|p2a: Heatran\n|-damage|p2a: Heatran|18\/100\n|-unboost|p1a: Kommo-o|def|1\n|-unboost|p1a: Kommo-o|spd|1\n|\n|-heal|p2a: Heatran|24\/100|[from] item: Leftovers\n|upkeep\n|turn|80\n|\n|t:|1655819583\n|switch|p1a: Heatran|Heatran, M|17\/100 par\n|-damage|p1a: Heatran|5\/100 par|[from] Stealth Rock\n|move|p2a: Heatran|Lava Plume|p1a: Heatran\n|-start|p1a: Heatran|ability: Flash Fire\n|\n|-heal|p2a: Heatran|31\/100|[from] item: Leftovers\n|-heal|p1a: Heatran|11\/100 par|[from] item: Leftovers\n|upkeep\n|turn|81\n|\n|t:|1655819586\n|move|p2a: Heatran|Lava Plume|p1a: Heatran\n|-immune|p1a: Heatran|[from] ability: Flash Fire\n|cant|p1a: Heatran|par\n|\n|-heal|p2a: Heatran|37\/100|[from] item: Leftovers\n|-heal|p1a: Heatran|17\/100 par|[from] item: Leftovers\n|upkeep\n|turn|82\n|\n|t:|1655819590\n|move|p2a: Heatran|Toxic||[still]\n|-fail|p2a: Heatran\n|move|p1a: Heatran|Earth Power|p2a: Heatran\n|-supereffective|p2a: Heatran\n|-damage|p2a: Heatran|0 fnt\n|faint|p2a: Heatran\n|\n|win|wuilan jie\n|raw|wuilan jie's rating: 1358 &rarr; <strong>1376<\/strong><br \/>(+18 for winning)\n|raw|FildrongEstNul's rating: 1323 &rarr; <strong>1305<\/strong><br \/>(-18 for losing)\n|l|\u203dFildrongEstNul\n||Ladder isn't responding, score probably updated but might not have (Request timeout).\n","uploadtime":1655819601,"views":15,"p1id":"wuilanjie","p2id":"fildrongestnul","formatid":"gen7ou","rating":1305,"private":0,"password":null}