{"id":"gen7ou-1140904678","p1":"Hajmola","p2":"dementadorcruel","format":"gen7ou","log":"|j|\u2606Hajmola\n|j|\u2606dementadorcruel\n|player|p1|Hajmola|pokefan|1197\n|player|p2|dementadorcruel|pokekid|1059\n|teamsize|p1|6\n|teamsize|p2|6\n|gametype|singles\n|gen|7\n|tier|[Gen 7] OU\n|rated|\n|clearpoke\n|poke|p1|Kartana|item\n|poke|p1|Kyurem-Black|item\n|poke|p1|Charizard, F|item\n|poke|p1|Cloyster, M|item\n|poke|p1|Zeraora|item\n|poke|p1|Celesteela|item\n|poke|p2|Quagsire, M|item\n|poke|p2|Togekiss, F|item\n|poke|p2|Celebi|item\n|poke|p2|Charizard, M|item\n|poke|p2|Zapdos|item\n|poke|p2|Rhyperior, F|item\n|rule|Sleep Clause Mod: Limit one foe put to sleep\n|rule|Species Clause: Limit one of each Pok\u00e9mon\n|rule|OHKO Clause: OHKO moves are banned\n|rule|Moody Clause: Moody is banned\n|rule|Evasion Moves Clause: Evasion moves are banned\n|rule|Endless Battle Clause: Forcing endless battles is banned\n|rule|HP Percentage Mod: HP is shown in percentages\n|teampreview\n|inactive|Battle timer is ON: inactive players will automatically lose when time's up. (requested by Hajmola)\n|\n|start\n|switch|p1a: Cloyster|Cloyster, M, shiny|100\/100\n|switch|p2a: Zapdos|Zapdos|100\/100\n|turn|1\n|\n|switch|p1a: Zeraora|Zeraora|100\/100\n|move|p2a: Zapdos|Volt Switch|p1a: Zeraora\n|-immune|p1a: Zeraora|[from] ability: Volt Absorb\n|\n|upkeep\n|turn|2\n|\n|switch|p2a: Quagsire|Quagsire, M|100\/100\n|move|p1a: Zeraora|Thunderbolt|p2a: Quagsire\n|-immune|p2a: Quagsire\n|\n|upkeep\n|turn|3\n|\n|switch|p1a: Kartana|Kartana, shiny|100\/100\n|move|p2a: Quagsire|Toxic|p1a: Kartana\n|-immune|p1a: Kartana\n|\n|upkeep\n|turn|4\n|\n|switch|p2a: Togekiss|Togekiss, F|100\/100\n|move|p1a: Kartana|Sacred Sword|p2a: Togekiss\n|-resisted|p2a: Togekiss\n|-damage|p2a: Togekiss|90\/100\n|\n|upkeep\n|turn|5\n|\n|move|p2a: Togekiss|Flamethrower|p1a: Kartana\n|-supereffective|p1a: Kartana\n|-damage|p1a: Kartana|0 fnt\n|faint|p1a: Kartana\n|\n|upkeep\n|\n|switch|p1a: Zeraora|Zeraora|100\/100\n|turn|6\n|\n|switch|p2a: Quagsire|Quagsire, M|100\/100\n|move|p1a: Zeraora|Drain Punch|p2a: Quagsire\n|-damage|p2a: Quagsire|78\/100\n|\n|-heal|p2a: Quagsire|85\/100|[from] item: Leftovers\n|upkeep\n|turn|7\n|\n|switch|p1a: Celesteela|Celesteela, shiny|100\/100\n|move|p2a: Quagsire|Toxic|p1a: Celesteela\n|-immune|p1a: Celesteela\n|\n|-heal|p2a: Quagsire|91\/100|[from] item: Leftovers\n|upkeep\n|turn|8\n|\n|switch|p2a: Charizard|Charizard, M|100\/100\n|move|p1a: Celesteela|Toxic|p2a: Charizard\n|-status|p2a: Charizard|tox\n|\n|-damage|p2a: Charizard|94\/100 tox|[from] psn\n|upkeep\n|turn|9\n|\n|switch|p1a: Cloyster|Cloyster, M, shiny|100\/100\n|detailschange|p2a: Charizard|Charizard-Mega-Y, M\n|-mega|p2a: Charizard|Charizard|Charizardite Y\n|-weather|SunnyDay|[from] ability: Drought|[of] p2a: Charizard\n|move|p2a: Charizard|Flamethrower|p1a: Cloyster\n|-enditem|p1a: Cloyster|Focus Sash\n|-damage|p1a: Cloyster|1\/100\n|\n|-weather|SunnyDay|[upkeep]\n|-damage|p2a: Charizard|82\/100 tox|[from] psn\n|upkeep\n|turn|10\n|\n|move|p2a: Charizard|Flamethrower|p1a: Cloyster\n|-damage|p1a: Cloyster|0 fnt\n|faint|p1a: Cloyster\n|\n|-weather|SunnyDay|[upkeep]\n|-damage|p2a: Charizard|64\/100 tox|[from] psn\n|upkeep\n|\n|switch|p1a: Kyurem|Kyurem-Black, shiny|100\/100\n|-ability|p1a: Kyurem|Teravolt\n|turn|11\n|\n|move|p1a: Kyurem|Ice Beam|p2a: Charizard\n|-damage|p2a: Charizard|23\/100 tox\n|move|p2a: Charizard|Flamethrower|p1a: Kyurem\n|-damage|p1a: Kyurem|14\/100\n|\n|-weather|SunnyDay|[upkeep]\n|-damage|p2a: Charizard|0 fnt|[from] psn\n|faint|p2a: Charizard\n|upkeep\n|\n|switch|p2a: Togekiss|Togekiss, F|90\/100\n|turn|12\n|\n|switch|p1a: Celesteela|Celesteela, shiny|100\/100\n|move|p2a: Togekiss|Tri Attack|p1a: Celesteela\n|-resisted|p1a: Celesteela\n|-damage|p1a: Celesteela|90\/100\n|-status|p1a: Celesteela|brn\n|\n|-weather|SunnyDay|[upkeep]\n|-heal|p1a: Celesteela|96\/100 brn|[from] item: Leftovers\n|-damage|p1a: Celesteela|90\/100 brn|[from] brn\n|upkeep\n|turn|13\n|\n|switch|p2a: Rhyperior|Rhyperior, F|100\/100\n|move|p1a: Celesteela|Toxic|p2a: Rhyperior\n|-status|p2a: Rhyperior|tox\n|\n|-weather|none\n|-heal|p1a: Celesteela|96\/100 brn|[from] item: Leftovers\n|-damage|p1a: Celesteela|90\/100 brn|[from] brn\n|-damage|p2a: Rhyperior|94\/100 tox|[from] psn\n|upkeep\n|turn|14\n|\n|move|p1a: Celesteela|Earthquake|p2a: Rhyperior\n|-supereffective|p2a: Rhyperior\n|-damage|p2a: Rhyperior|82\/100 tox\n|move|p2a: Rhyperior|Stone Edge|p1a: Celesteela|[miss]\n|-miss|p2a: Rhyperior|p1a: Celesteela\n|\n|-heal|p1a: Celesteela|96\/100 brn|[from] item: Leftovers\n|-damage|p1a: Celesteela|90\/100 brn|[from] brn\n|-damage|p2a: Rhyperior|70\/100 tox|[from] psn\n|upkeep\n|turn|15\n|\n|move|p1a: Celesteela|Hidden Power|p2a: Rhyperior\n|-supereffective|p2a: Rhyperior\n|-crit|p2a: Rhyperior\n|-damage|p2a: Rhyperior|0 fnt\n|faint|p2a: Rhyperior\n|-ability|p1a: Celesteela|Beast Boost|boost\n|-boost|p1a: Celesteela|def|1\n|\n|-heal|p1a: Celesteela|96\/100 brn|[from] item: Leftovers\n|-damage|p1a: Celesteela|90\/100 brn|[from] brn\n|upkeep\n|\n|switch|p2a: Togekiss|Togekiss, F|90\/100\n|turn|16\n|\n|move|p2a: Togekiss|Flamethrower|p1a: Celesteela\n|-supereffective|p1a: Celesteela\n|-damage|p1a: Celesteela|38\/100 brn\n|move|p1a: Celesteela|Toxic|p2a: Togekiss\n|-status|p2a: Togekiss|tox\n|\n|-heal|p1a: Celesteela|44\/100 brn|[from] item: Leftovers\n|-damage|p2a: Togekiss|84\/100 tox|[from] psn\n|-damage|p1a: Celesteela|38\/100 brn|[from] brn\n|upkeep\n|turn|17\n|\n|switch|p2a: Quagsire|Quagsire, M|91\/100\n|switch|p1a: Charizard|Charizard, F|100\/100\n|\n|-heal|p2a: Quagsire|97\/100|[from] item: Leftovers\n|upkeep\n|turn|18\n|\n|switch|p1a: Celesteela|Celesteela, shiny|38\/100 brn\n|switch|p2a: Zapdos|Zapdos|100\/100\n|\n|-heal|p1a: Celesteela|44\/100 brn|[from] item: Leftovers\n|-damage|p1a: Celesteela|38\/100 brn|[from] brn\n|upkeep\n|turn|19\n|\n|move|p2a: Zapdos|Volt Switch|p1a: Celesteela\n|-supereffective|p1a: Celesteela\n|-damage|p1a: Celesteela|0 fnt\n|faint|p1a: Celesteela\n|\n|switch|p2a: Togekiss|Togekiss, F|84\/100 tox|[from]move: Volt Switch\n|\n|-damage|p2a: Togekiss|78\/100 tox|[from] psn\n|upkeep\n|\n|switch|p1a: Zeraora|Zeraora|100\/100\n|turn|20\n|\n|move|p2a: Togekiss|Air Slash|p1a: Zeraora\n|-resisted|p1a: Zeraora\n|-damage|p1a: Zeraora|79\/100\n|cant|p1a: Zeraora|flinch\n|\n|-damage|p2a: Togekiss|66\/100 tox|[from] psn\n|upkeep\n|turn|21\n|\n|move|p2a: Togekiss|Air Slash|p1a: Zeraora\n|-resisted|p1a: Zeraora\n|-damage|p1a: Zeraora|55\/100\n|cant|p1a: Zeraora|flinch\n|\n|-damage|p2a: Togekiss|47\/100 tox|[from] psn\n|upkeep\n|turn|22\n|\n|move|p2a: Togekiss|Air Slash|p1a: Zeraora\n|-resisted|p1a: Zeraora\n|-damage|p1a: Zeraora|31\/100\n|cant|p1a: Zeraora|flinch\n|\n|-damage|p2a: Togekiss|23\/100 tox|[from] psn\n|upkeep\n|turn|23\n|\n|switch|p2a: Celebi|Celebi|100\/100\n|move|p1a: Zeraora|Plasma Fists|p2a: Celebi\n|-resisted|p2a: Celebi\n|-damage|p2a: Celebi|79\/100\n|-fieldactivate|move: Ion Deluge\n|-damage|p1a: Zeraora|15\/100|[from] item: Rocky Helmet|[of] p2a: Celebi\n|\n|upkeep\n|turn|24\n|\n|switch|p1a: Charizard|Charizard, F|100\/100\n|move|p2a: Celebi|Leech Seed|p1a: Charizard\n|-start|p1a: Charizard|move: Leech Seed\n|\n|-damage|p1a: Charizard|88\/100|[from] Leech Seed|[of] p2a: Celebi\n|-heal|p2a: Celebi|89\/100|[silent]\n|upkeep\n|turn|25\n|\n|switch|p2a: Zapdos|Zapdos|100\/100\n|detailschange|p1a: Charizard|Charizard-Mega-X, F\n|-mega|p1a: Charizard|Charizard|Charizardite X\n|move|p1a: Charizard|Dragon Claw|p2a: Zapdos\n|-damage|p2a: Zapdos|30\/100\n|-damage|p1a: Charizard|72\/100|[from] item: Rocky Helmet|[of] p2a: Zapdos\n|\n|-damage|p1a: Charizard|59\/100|[from] Leech Seed|[of] p2a: Zapdos\n|-heal|p2a: Zapdos|41\/100|[silent]\n|upkeep\n|turn|26\n|\n|move|p1a: Charizard|Dragon Claw|p2a: Zapdos\n|-damage|p2a: Zapdos|0 fnt\n|-damage|p1a: Charizard|43\/100|[from] item: Rocky Helmet|[of] p2a: Zapdos\n|faint|p2a: Zapdos\n|\n|upkeep\n|\n|switch|p2a: Togekiss|Togekiss, F|23\/100 tox\n|turn|27\n|\n|move|p2a: Togekiss|Dazzling Gleam|p1a: Charizard\n|-damage|p1a: Charizard|0 fnt\n|faint|p1a: Charizard\n|\n|-damage|p2a: Togekiss|17\/100 tox|[from] psn\n|upkeep\n|\n|switch|p1a: Zeraora|Zeraora|15\/100\n|turn|28\n|\n|move|p2a: Togekiss|Dazzling Gleam|p1a: Zeraora\n|-damage|p1a: Zeraora|0 fnt\n|faint|p1a: Zeraora\n|\n|-damage|p2a: Togekiss|5\/100 tox|[from] psn\n|upkeep\n|\n|switch|p1a: Kyurem|Kyurem-Black, shiny|14\/100\n|-ability|p1a: Kyurem|Teravolt\n|turn|29\n|\n|move|p2a: Togekiss|Dazzling Gleam|p1a: Kyurem\n|-supereffective|p1a: Kyurem\n|-damage|p1a: Kyurem|0 fnt\n|faint|p1a: Kyurem\n|\n|win|dementadorcruel\n|l|\u2606Hajmola\n||Ladder (probably) updated, but score could not be retrieved (Request timeout).\n","uploadtime":1593291446,"views":33,"p1id":"hajmola","p2id":"dementadorcruel","formatid":"gen7ou","rating":0,"private":0,"password":null}