{"id":"gen7ou-928015669","p1":"J1aChEnG","p2":"Shardul888","format":"gen7ou","log":"|j|\u2606J1aChEnG\n|j|\u2606Shardul888\n|player|p1|J1aChEnG|102\n|player|p2|Shardul888|92\n|teamsize|p1|6\n|teamsize|p2|6\n|gametype|singles\n|gen|7\n|tier|[Gen 7] OU\n|rated|\n|rule|Sleep Clause Mod: Limit one foe put to sleep\n|rule|Species Clause: Limit one of each Pok\u00e9mon\n|rule|OHKO Clause: OHKO moves are banned\n|rule|Moody Clause: Moody is banned\n|rule|Evasion Moves Clause: Evasion moves are banned\n|rule|Endless Battle Clause: Forcing endless battles is banned\n|rule|HP Percentage Mod: HP is shown in percentages\n|clearpoke\n|poke|p1|Tapu Lele|item\n|poke|p1|Tapu Koko|item\n|poke|p1|Manectric, M|item\n|poke|p1|Landorus-Therian, M|item\n|poke|p1|Magearna|item\n|poke|p1|Kommo-o, M|item\n|poke|p2|Venusaur, M|item\n|poke|p2|Magearna|item\n|poke|p2|Dragonite, M|item\n|poke|p2|Gliscor, F|item\n|poke|p2|Zeraora|item\n|poke|p2|Volcarona, M|item\n|teampreview\n|inactive|Battle timer is ON: inactive players will automatically lose when time's up. (requested by Shardul888)\n|\n|start\n|switch|p1a: Nature|Kommo-o, M|354\/354\n|switch|p2a: Machine|Magearna|364\/364\n|turn|1\n|\n|switch|p1a: Technology|Magearna|363\/363\n|move|p2a: Machine|Dazzling Gleam|p1a: Technology\n|-resisted|p1a: Technology\n|-damage|p1a: Technology|323\/363\n|\n|upkeep\n|turn|2\n|\n|switch|p2a: Flame|Volcarona, M|350\/350\n|move|p1a: Technology|Ice Beam|p2a: Flame\n|-resisted|p2a: Flame\n|-damage|p2a: Flame|309\/350\n|-status|p2a: Flame|frz\n|\n|upkeep\n|turn|3\n|\n|switch|p1a: Nature|Kommo-o, M|354\/354\n|cant|p2a: Flame|frz\n|\n|upkeep\n|turn|4\n|\n|switch|p2a: Machine|Magearna|364\/364\n|move|p1a: Nature|Stealth Rock|p2a: Machine\n|-sidestart|p2: Shardul888|move: Stealth Rock\n|\n|upkeep\n|turn|5\n|\n|switch|p2a: Sandstorm|Gliscor, F|354\/354\n|-damage|p2a: Sandstorm|310\/354|[from] Stealth Rock\n|move|p1a: Nature|Protect||[still]\n|-fail|p1a: Nature\n|\n|-status|p2a: Sandstorm|tox|[from] item: Toxic Orb\n|upkeep\n|turn|6\n|\n|move|p1a: Nature|Protect|p1a: Nature\n|-singleturn|p1a: Nature|Protect\n|move|p2a: Sandstorm|Defog|p1a: Nature\n|-activate|p1a: Nature|move: Protect\n|\n|-heal|p2a: Sandstorm|354\/354 tox|[from] ability: Poison Heal\n|upkeep\n|turn|7\n|\n|move|p2a: Sandstorm|Defog|p1a: Nature\n|-unboost|p1a: Nature|evasion|1\n|-sideend|p2: Shardul888|Stealth Rock|[from] move: Defog|[of] p2a: Sandstorm\n|move|p1a: Nature|Drain Punch|p2a: Sandstorm\n|-resisted|p2a: Sandstorm\n|-damage|p2a: Sandstorm|326\/354 tox\n|\n|-heal|p2a: Sandstorm|354\/354 tox|[from] ability: Poison Heal\n|upkeep\n|turn|8\n|\n|move|p2a: Sandstorm|Toxic|p1a: Nature\n|-status|p1a: Nature|tox\n|move|p1a: Nature|Stealth Rock|p2a: Sandstorm\n|-sidestart|p2: Shardul888|move: Stealth Rock\n|\n|-damage|p1a: Nature|332\/354 tox|[from] psn\n|upkeep\n|turn|9\n|\n|switch|p1a: Lightning|Manectric, M|282\/282\n|move|p2a: Sandstorm|Defog|p1a: Lightning\n|-unboost|p1a: Lightning|evasion|1\n|-sideend|p2: Shardul888|Stealth Rock|[from] move: Defog|[of] p2a: Sandstorm\n|\n|upkeep\n|turn|10\n|\n|detailschange|p1a: Lightning|Manectric-Mega, M\n|-mega|p1a: Lightning|Manectric|Manectite\n|-ability|p1a: Lightning|Intimidate|boost\n|-unboost|p2a: Sandstorm|atk|1\n|move|p2a: Sandstorm|Protect|p2a: Sandstorm\n|-singleturn|p2a: Sandstorm|Protect\n|move|p1a: Lightning|Hidden Power|p2a: Sandstorm\n|-activate|p2a: Sandstorm|move: Protect\n|\n|upkeep\n|turn|11\n|\n|switch|p2a: Forest|Venusaur, M|346\/346\n|move|p1a: Lightning|Hidden Power|p2a: Forest\n|-supereffective|p2a: Forest\n|-damage|p2a: Forest|210\/346\n|\n|upkeep\n|turn|12\n|\n|detailschange|p2a: Forest|Venusaur-Mega, M\n|-mega|p2a: Forest|Venusaur|Venusaurite\n|move|p1a: Lightning|Overheat|p2a: Forest\n|-supereffective|p2a: Forest\n|-damage|p2a: Forest|82\/346\n|-unboost|p1a: Lightning|spa|2\n|move|p2a: Forest|Synthesis|p2a: Forest\n|-heal|p2a: Forest|255\/346\n|\n|upkeep\n|turn|13\n|\n|switch|p1a: Thunder|Tapu Koko|281\/281\n|-fieldstart|move: Electric Terrain|[from] ability: Electric Surge|[of] p1a: Thunder\n|move|p2a: Forest|Sludge Bomb|p1a: Thunder\n|-supereffective|p1a: Thunder\n|-damage|p1a: Thunder|0 fnt\n|faint|p1a: Thunder\n|\n|upkeep\n|\n|switch|p1a: Lightning|Manectric-Mega, M|282\/282\n|-ability|p1a: Lightning|Intimidate|boost\n|-unboost|p2a: Forest|atk|1\n|turn|14\n|l|\u2606Shardul888\n|inactive|Shardul888 disconnected and has a minute to reconnect!\n|player|p2|\n|j|\u2606Shardul888\n|inactive|Shardul888 reconnected and has 115 seconds left.\n|player|p2|Shardul888|92\n|\n|move|p1a: Lightning|Hidden Power|p2a: Forest\n|-supereffective|p2a: Forest\n|-damage|p2a: Forest|199\/346\n|move|p2a: Forest|Giga Drain|p1a: Lightning\n|-damage|p1a: Lightning|131\/282\n|-heal|p2a: Forest|275\/346|[from] drain|[of] p1a: Lightning\n|\n|upkeep\n|turn|15\n|\n|move|p1a: Lightning|Volt Switch|p2a: Forest\n|-resisted|p2a: Forest\n|-damage|p2a: Forest|201\/346\n|\n|switch|p1a: Clouds|Landorus-Therian, M|319\/319\n|-ability|p1a: Clouds|Intimidate|boost\n|-unboost|p2a: Forest|atk|1\n|move|p2a: Forest|Giga Drain|p1a: Clouds\n|-damage|p1a: Clouds|169\/319\n|-heal|p2a: Forest|276\/346|[from] drain|[of] p1a: Clouds\n|\n|upkeep\n|turn|16\n|\n|switch|p2a: Sandstorm|Gliscor, F|354\/354 tox\n|move|p1a: Clouds|Explosion|p2a: Sandstorm\n|-damage|p2a: Sandstorm|159\/354 tox\n|faint|p1a: Clouds\n|\n|-heal|p2a: Sandstorm|203\/354 tox|[from] ability: Poison Heal\n|upkeep\n|\n|switch|p1a: Technology|Magearna|323\/363\n|turn|17\n|\n|move|p2a: Sandstorm|Knock Off|p1a: Technology\n|-resisted|p1a: Technology\n|-damage|p1a: Technology|295\/363\n|-enditem|p1a: Technology|Assault Vest|[from] move: Knock Off|[of] p2a: Sandstorm\n|move|p1a: Technology|Ice Beam|p2a: Sandstorm\n|-supereffective|p2a: Sandstorm\n|-damage|p2a: Sandstorm|0 fnt\n|faint|p2a: Sandstorm\n|-ability|p1a: Technology|Soul-Heart|boost\n|-boost|p1a: Technology|spa|1\n|\n|-fieldend|move: Electric Terrain\n|upkeep\n|\n|switch|p2a: Machine|Magearna|364\/364\n|turn|18\n|\n|move|p2a: Machine|Heart Swap|p1a: Technology\n|-swapboost|p2a: Machine|p1a: Technology|[from] move: Heart Swap\n|move|p1a: Technology|Ice Beam|p2a: Machine\n|-resisted|p2a: Machine\n|-damage|p2a: Machine|327\/364\n|-status|p2a: Machine|frz\n|\n|upkeep\n|turn|19\n|\n|cant|p2a: Machine|frz\n|move|p1a: Technology|Volt Switch|p2a: Machine\n|-damage|p2a: Machine|266\/364 frz\n|\n|switch|p1a: Lightning|Manectric-Mega, M|131\/282\n|-ability|p1a: Lightning|Intimidate|boost\n|-unboost|p2a: Machine|atk|1\n|\n|upkeep\n|turn|20\n|\n|move|p1a: Lightning|Overheat|p2a: Machine\n|-supereffective|p2a: Machine\n|-damage|p2a: Machine|6\/364 frz\n|-curestatus|p2a: Machine|frz|[msg]\n|-unboost|p1a: Lightning|spa|2\n|-enditem|p2a: Machine|Aguav Berry|[eat]\n|-heal|p2a: Machine|188\/364|[from] item: Aguav Berry\n|move|p2a: Machine|Thunderbolt|p1a: Lightning\n|-resisted|p1a: Lightning\n|-damage|p1a: Lightning|23\/282\n|\n|upkeep\n|turn|21\n|\n|switch|p2a: Sky|Dragonite, M|386\/386\n|move|p1a: Lightning|Volt Switch|p2a: Sky\n|-damage|p2a: Sky|365\/386\n|\n|switch|p1a: Storm|Tapu Lele|281\/281\n|-fieldstart|move: Psychic Terrain|[from] ability: Psychic Surge|[of] p1a: Storm\n|\n|upkeep\n|turn|22\n|\n|switch|p2a: Flame|Volcarona, M|309\/350 frz\n|move|p1a: Storm|Moonblast|p2a: Flame\n|-resisted|p2a: Flame\n|-damage|p2a: Flame|224\/350 frz\n|\n|upkeep\n|turn|23\n|\n|move|p1a: Storm|Moonblast|p2a: Flame\n|-resisted|p2a: Flame\n|-damage|p2a: Flame|146\/350 frz\n|-unboost|p2a: Flame|spa|1\n|cant|p2a: Flame|frz\n|\n|upkeep\n|turn|24\n|\n|switch|p1a: Nature|Kommo-o, M|332\/354 tox\n|cant|p2a: Flame|frz\n|\n|-heal|p1a: Nature|354\/354 tox|[from] item: Leftovers\n|-damage|p1a: Nature|332\/354 tox|[from] psn\n|upkeep\n|turn|25\n|\n|cant|p2a: Flame|frz\n|move|p1a: Nature|Stealth Rock|p2a: Flame\n|-sidestart|p2: Shardul888|move: Stealth Rock\n|\n|-heal|p1a: Nature|354\/354 tox|[from] item: Leftovers\n|-damage|p1a: Nature|310\/354 tox|[from] psn\n|-fieldend|move: Psychic Terrain\n|upkeep\n|turn|26\n|\n|cant|p2a: Flame|frz\n|move|p1a: Nature|Drain Punch|p2a: Flame\n|-resisted|p2a: Flame\n|-damage|p2a: Flame|74\/350 frz\n|-heal|p1a: Nature|346\/354 tox|[from] drain|[of] p2a: Flame\n|-enditem|p2a: Flame|Aguav Berry|[eat]\n|-heal|p2a: Flame|249\/350 frz|[from] item: Aguav Berry\n|\n|-heal|p1a: Nature|354\/354 tox|[from] item: Leftovers\n|-damage|p1a: Nature|288\/354 tox|[from] psn\n|upkeep\n|turn|27\n|\n|cant|p2a: Flame|frz\n|move|p1a: Nature|Toxic||[still]\n|-fail|p1a: Nature\n|\n|-heal|p1a: Nature|310\/354 tox|[from] item: Leftovers\n|-damage|p1a: Nature|222\/354 tox|[from] psn\n|upkeep\n|turn|28\n|\n|switch|p1a: Technology|Magearna|295\/363\n|cant|p2a: Flame|frz\n|\n|upkeep\n|turn|29\n|\n|switch|p1a: Nature|Kommo-o, M|222\/354 tox\n|cant|p2a: Flame|frz\n|\n|-heal|p1a: Nature|244\/354 tox|[from] item: Leftovers\n|-damage|p1a: Nature|222\/354 tox|[from] psn\n|upkeep\n|turn|30\n|\n|cant|p2a: Flame|frz\n|move|p1a: Nature|Drain Punch|p2a: Flame\n|-resisted|p2a: Flame\n|-damage|p2a: Flame|175\/350 frz\n|-heal|p1a: Nature|259\/354 tox|[from] drain|[of] p2a: Flame\n|\n|-heal|p1a: Nature|281\/354 tox|[from] item: Leftovers\n|-damage|p1a: Nature|237\/354 tox|[from] psn\n|upkeep\n|turn|31\n|\n|cant|p2a: Flame|frz\n|move|p1a: Nature|Toxic||[still]\n|-fail|p1a: Nature\n|\n|-heal|p1a: Nature|259\/354 tox|[from] item: Leftovers\n|-damage|p1a: Nature|193\/354 tox|[from] psn\n|upkeep\n|turn|32\n|\n|switch|p1a: Lightning|Manectric-Mega, M|23\/282\n|-ability|p1a: Lightning|Intimidate|boost\n|-unboost|p2a: Flame|atk|1\n|cant|p2a: Flame|frz\n|\n|upkeep\n|turn|33\n|\n|move|p1a: Lightning|Thunderbolt|p2a: Flame\n|-damage|p2a: Flame|7\/350 frz\n|cant|p2a: Flame|frz\n|\n|upkeep\n|turn|34\n|\n|move|p1a: Lightning|Thunderbolt|p2a: Flame\n|-damage|p2a: Flame|0 fnt\n|faint|p2a: Flame\n|\n|upkeep\n|\n|switch|p2a: Sky|Dragonite, M|365\/386\n|-damage|p2a: Sky|269\/386|[from] Stealth Rock\n|turn|35\n|\n|move|p2a: Sky|Extreme Speed|p1a: Lightning\n|-damage|p1a: Lightning|0 fnt\n|faint|p1a: Lightning\n|\n|upkeep\n|\n|switch|p1a: Technology|Magearna|295\/363\n|turn|36\n|\n|switch|p2a: Machine|Magearna|188\/364\n|-damage|p2a: Machine|166\/364|[from] Stealth Rock\n|move|p1a: Technology|Ice Beam|p2a: Machine\n|-resisted|p2a: Machine\n|-damage|p2a: Machine|128\/364\n|-status|p2a: Machine|frz\n|\n|upkeep\n|turn|37\n|\n|cant|p2a: Machine|frz\n|move|p1a: Technology|Aura Sphere|p2a: Machine\n|-damage|p2a: Machine|62\/364 frz\n|\n|upkeep\n|turn|38\n|\n|-curestatus|p2a: Machine|frz|[msg]\n|move|p2a: Machine|Thunderbolt|p1a: Technology\n|-damage|p1a: Technology|191\/363\n|move|p1a: Technology|Aura Sphere|p2a: Machine\n|-damage|p2a: Machine|0 fnt\n|faint|p2a: Machine\n|-ability|p1a: Technology|Soul-Heart|boost\n|-boost|p1a: Technology|spa|1\n|\n|upkeep\n|\n|switch|p2a: Forest|Venusaur-Mega, M|276\/346\n|-damage|p2a: Forest|233\/346|[from] Stealth Rock\n|turn|39\n|\n|move|p2a: Forest|Leech Seed|p1a: Technology\n|-start|p1a: Technology|move: Leech Seed\n|move|p1a: Technology|Ice Beam|p2a: Forest\n|-supereffective|p2a: Forest\n|-damage|p2a: Forest|133\/346\n|-status|p2a: Forest|frz\n|\n|-damage|p1a: Technology|146\/363|[from] Leech Seed|[of] p2a: Forest\n|-heal|p2a: Forest|178\/346 frz|[silent]\n|upkeep\n|turn|40\n|-message|Shardul888 forfeited.\n|\n|win|J1aChEnG\n|l|\u2606Shardul888\n|raw|J1aChEnG's rating: 1271 &rarr; <strong>1299<\/strong><br \/>(+28 for winning)\n|raw|Shardul888's rating: 1316 &rarr; <strong>1293<\/strong><br \/>(-23 for losing)\n|l|\u2606J1aChEnG\n|j|\u2606J1aChEnG\n|inactive|J1aChEnG reconnected.\n|player|p1|J1aChEnG|102\n","uploadtime":1560515259,"views":3,"p1id":"j1acheng","p2id":"shardul888","formatid":"gen7ou","rating":1293,"private":0,"password":null}