{"id":"gen7ou-1238482915","p1":"Furururu","p2":"ThedebatableReaper","format":"gen7ou","log":"|j|\u2606Furururu\n|j|\u2606ThedebatableReaper\n|t:|1607291410\n|player|p1|Furururu|266|1827\n|player|p2|ThedebatableReaper|170|1736\n|teamsize|p1|6\n|teamsize|p2|6\n|gametype|singles\n|gen|7\n|tier|[Gen 7] OU\n|rated|\n|clearpoke\n|poke|p1|Pelipper, F|item\n|poke|p1|Kingdra, F|item\n|poke|p1|Swampert, M|item\n|poke|p1|Greninja, M|item\n|poke|p1|Tornadus-Therian, M|item\n|poke|p1|Magearna|item\n|poke|p2|Breloom, F|item\n|poke|p2|Charizard, M|item\n|poke|p2|Victini|item\n|poke|p2|Gliscor, F|item\n|poke|p2|Tapu Lele|item\n|poke|p2|Swampert, F|item\n|rule|Sleep Clause Mod: Limit one foe put to sleep\n|rule|Species Clause: Limit one of each Pok\u00e9mon\n|rule|OHKO Clause: OHKO moves are banned\n|rule|Moody Clause: Moody is banned\n|rule|Evasion Moves Clause: Evasion moves are banned\n|rule|Endless Battle Clause: Forcing endless battles is banned\n|rule|HP Percentage Mod: HP is shown in percentages\n|teampreview\n|inactive|Battle timer is ON: inactive players will automatically lose when time's up. (requested by Furururu)\n|\n|t:|1607291424\n|start\n|switch|p1a: Tornadus|Tornadus-Therian, M|100\/100\n|switch|p2a: Victini|Victini|100\/100\n|turn|1\n|j| nuuuuuuuuuuuuts\n|\n|t:|1607291433\n|switch|p1a: Magearna|Magearna|100\/100\n|move|p2a: Victini|U-turn|p1a: Magearna\n|-resisted|p1a: Magearna\n|-damage|p1a: Magearna|97\/100\n|\n|t:|1607291442\n|switch|p2a: Swampert|Swampert, F|100\/100|[from]move: U-turn\n|\n|upkeep\n|turn|2\n|\n|t:|1607291447\n|move|p1a: Magearna|Energy Ball|p2a: Swampert\n|-supereffective|p2a: Swampert\n|-damage|p2a: Swampert|4\/100\n|move|p2a: Swampert|Stealth Rock|p1a: Magearna\n|-sidestart|p1: Furururu|move: Stealth Rock\n|\n|-heal|p2a: Swampert|10\/100|[from] item: Leftovers\n|upkeep\n|turn|3\n|\n|t:|1607291453\n|move|p1a: Magearna|Ice Beam|p2a: Swampert\n|-damage|p2a: Swampert|0 fnt\n|faint|p2a: Swampert\n|-ability|p1a: Magearna|Soul-Heart|boost\n|-boost|p1a: Magearna|spa|1\n|\n|upkeep\n|\n|t:|1607291462\n|switch|p2a: Victini|Victini|100\/100\n|turn|4\n|\n|t:|1607291466\n|move|p2a: Victini|Bolt Strike|p1a: Magearna\n|-damage|p1a: Magearna|75\/100\n|move|p1a: Magearna|Volt Switch|p2a: Victini\n|-damage|p2a: Victini|70\/100\n|\n|t:|1607291469\n|switch|p1a: Swampert|Swampert, M|100\/100|[from]move: Volt Switch\n|-damage|p1a: Swampert|94\/100|[from] Stealth Rock\n|\n|upkeep\n|turn|5\n|j| MegaIdot\n|\n|t:|1607291479\n|switch|p2a: Breloom|Breloom, F|100\/100\n|detailschange|p1a: Swampert|Swampert-Mega, M\n|-mega|p1a: Swampert|Swampert|Swampertite\n|move|p1a: Swampert|Waterfall|p2a: Breloom\n|-resisted|p2a: Breloom\n|-damage|p2a: Breloom|67\/100\n|\n|-status|p2a: Breloom|tox|[from] item: Toxic Orb\n|upkeep\n|turn|6\n|\n|t:|1607291489\n|move|p1a: Swampert|Substitute|p1a: Swampert\n|-start|p1a: Swampert|Substitute\n|-damage|p1a: Swampert|69\/100\n|move|p2a: Breloom|Spore||[still]\n|-fail|p2a: Breloom\n|\n|-heal|p2a: Breloom|79\/100 tox|[from] ability: Poison Heal\n|upkeep\n|turn|7\n|\n|t:|1607291496\n|move|p1a: Swampert|Waterfall|p2a: Breloom\n|-resisted|p2a: Breloom\n|-damage|p2a: Breloom|44\/100 tox\n|move|p2a: Breloom|Substitute|p2a: Breloom\n|-start|p2a: Breloom|Substitute\n|-damage|p2a: Breloom|19\/100 tox\n|\n|-heal|p2a: Breloom|31\/100 tox|[from] ability: Poison Heal\n|upkeep\n|turn|8\n|\n|t:|1607291505\n|-singleturn|p2a: Breloom|move: Focus Punch\n|move|p1a: Swampert|Waterfall|p2a: Breloom\n|-resisted|p2a: Breloom\n|-end|p2a: Breloom|Substitute\n|move|p2a: Breloom|Focus Punch|p1a: Swampert\n|-end|p1a: Swampert|Substitute\n|\n|-heal|p2a: Breloom|44\/100 tox|[from] ability: Poison Heal\n|upkeep\n|turn|9\n|\n|t:|1607291516\n|move|p1a: Swampert|Earthquake|p2a: Breloom\n|-resisted|p2a: Breloom\n|-damage|p2a: Breloom|4\/100 tox\n|move|p2a: Breloom|Leech Seed|p1a: Swampert\n|-start|p1a: Swampert|move: Leech Seed\n|\n|-damage|p1a: Swampert|57\/100|[from] Leech Seed|[of] p2a: Breloom\n|-heal|p2a: Breloom|17\/100 tox|[silent]\n|-heal|p2a: Breloom|30\/100 tox|[from] ability: Poison Heal\n|upkeep\n|turn|10\n|\n|t:|1607291527\n|switch|p2a: Tapu Lele|Tapu Lele|100\/100\n|-fieldstart|move: Psychic Terrain|[from] ability: Psychic Surge|[of] p2a: Tapu Lele\n|move|p1a: Swampert|Waterfall|p2a: Tapu Lele\n|-damage|p2a: Tapu Lele|20\/100\n|\n|-damage|p1a: Swampert|45\/100|[from] Leech Seed|[of] p2a: Tapu Lele\n|-heal|p2a: Tapu Lele|35\/100|[silent]\n|upkeep\n|turn|11\n|\n|t:|1607291537\n|switch|p1a: Magearna|Magearna|75\/100\n|-damage|p1a: Magearna|69\/100|[from] Stealth Rock\n|move|p2a: Tapu Lele|Psyshock|p1a: Magearna\n|-resisted|p1a: Magearna\n|-damage|p1a: Magearna|39\/100\n|\n|upkeep\n|turn|12\n|\n|t:|1607291544\n|switch|p1a: Greninja|Greninja, M|100\/100\n|-damage|p1a: Greninja|88\/100|[from] Stealth Rock\n|move|p2a: Tapu Lele|Psyshock|p1a: Greninja\n|-immune|p1a: Greninja\n|\n|upkeep\n|turn|13\n|l| MegaIdot\n|\n|t:|1607291557\n|switch|p2a: Gliscor|Gliscor, F|100\/100\n|move|p1a: Greninja|Surf|p2a: Gliscor\n|-supereffective|p2a: Gliscor\n|-damage|p2a: Gliscor|0 fnt\n|faint|p2a: Gliscor\n|-activate|p1a: Greninja|ability: Battle Bond\n|detailschange|p1a: Greninja|Greninja-Ash, M\n|\n|upkeep\n|\n|t:|1607291566\n|switch|p2a: Victini|Victini|70\/100\n|turn|14\n|\n|t:|1607291570\n|switch|p1a: Magearna|Magearna|39\/100\n|-damage|p1a: Magearna|33\/100|[from] Stealth Rock\n|move|p2a: Victini|U-turn|p1a: Magearna\n|-resisted|p1a: Magearna\n|-damage|p1a: Magearna|30\/100\n|\n|t:|1607291579\n|switch|p2a: Breloom|Breloom, F|30\/100 tox|[from]move: U-turn\n|\n|-heal|p2a: Breloom|42\/100 tox|[from] ability: Poison Heal\n|-fieldend|move: Psychic Terrain\n|upkeep\n|turn|15\n|\n|t:|1607291585\n|switch|p1a: Pelipper|Pelipper, F|100\/100\n|-damage|p1a: Pelipper|76\/100|[from] Stealth Rock\n|-weather|RainDance|[from] ability: Drizzle|[of] p1a: Pelipper\n|move|p2a: Breloom|Spore|p1a: Pelipper\n|-status|p1a: Pelipper|slp|[from] move: Spore\n|\n|-weather|RainDance|[upkeep]\n|-heal|p2a: Breloom|55\/100 tox|[from] ability: Poison Heal\n|upkeep\n|turn|16\n|\n|t:|1607291595\n|switch|p1a: Tornadus|Tornadus-Therian, M|100\/100\n|-damage|p1a: Tornadus|76\/100|[from] Stealth Rock\n|move|p2a: Breloom|Leech Seed|p1a: Tornadus\n|-start|p1a: Tornadus|move: Leech Seed\n|\n|-weather|RainDance|[upkeep]\n|-damage|p1a: Tornadus|63\/100|[from] Leech Seed|[of] p2a: Breloom\n|-heal|p2a: Breloom|66\/100 tox|[silent]\n|-heal|p2a: Breloom|79\/100 tox|[from] ability: Poison Heal\n|upkeep\n|turn|17\n|\n|t:|1607291604\n|switch|p2a: Charizard|Charizard, M|100\/100\n|move|p1a: Tornadus|Defog|p2a: Charizard\n|-unboost|p2a: Charizard|evasion|1\n|-sideend|p1: Furururu|Stealth Rock|[from] move: Defog|[of] p1a: Tornadus\n|\n|-weather|RainDance|[upkeep]\n|-damage|p1a: Tornadus|51\/100|[from] Leech Seed|[of] p2a: Charizard\n|upkeep\n|turn|18\n|\n|t:|1607291616\n|detailschange|p2a: Charizard|Charizard-Mega-Y, M\n|-mega|p2a: Charizard|Charizard|Charizardite Y\n|-weather|SunnyDay|[from] ability: Drought|[of] p2a: Charizard\n|move|p1a: Tornadus|U-turn|p2a: Charizard\n|-resisted|p2a: Charizard\n|-damage|p2a: Charizard|96\/100\n|\n|t:|1607291618\n|switch|p1a: Pelipper|Pelipper, F|76\/100 slp|[from]move: U-turn\n|-weather|RainDance|[from] ability: Drizzle|[of] p1a: Pelipper\n|move|p2a: Charizard|Solar Beam||[still]\n|-prepare|p2a: Charizard|Solar Beam\n|\n|-weather|RainDance|[upkeep]\n|upkeep\n|turn|19\n|\n|t:|1607291627\n|switch|p1a: Tornadus|Tornadus-Therian, M|84\/100\n|move|p2a: Charizard|Solar Beam|p1a: Tornadus|[from]lockedmove\n|-resisted|p1a: Tornadus\n|-damage|p1a: Tornadus|69\/100\n|\n|-weather|RainDance|[upkeep]\n|upkeep\n|turn|20\n|\n|t:|1607291640\n|move|p1a: Tornadus|Hurricane|p2a: Charizard\n|-damage|p2a: Charizard|46\/100\n|move|p2a: Charizard|Roost|p2a: Charizard\n|-heal|p2a: Charizard|96\/100\n|-singleturn|p2a: Charizard|move: Roost\n|\n|-weather|RainDance|[upkeep]\n|upkeep\n|turn|21\n|\n|t:|1607291648\n|move|p1a: Tornadus|Hurricane|p2a: Charizard\n|-damage|p2a: Charizard|47\/100\n|move|p2a: Charizard|Roost|p2a: Charizard\n|-heal|p2a: Charizard|97\/100\n|-singleturn|p2a: Charizard|move: Roost\n|\n|-weather|RainDance|[upkeep]\n|upkeep\n|turn|22\n|\n|t:|1607291655\n|move|p1a: Tornadus|Hurricane|p2a: Charizard\n|-damage|p2a: Charizard|43\/100\n|move|p2a: Charizard|Roost|p2a: Charizard\n|-heal|p2a: Charizard|93\/100\n|-singleturn|p2a: Charizard|move: Roost\n|\n|-weather|RainDance|[upkeep]\n|upkeep\n|turn|23\n|\n|t:|1607291662\n|move|p1a: Tornadus|Hurricane|p2a: Charizard\n|-damage|p2a: Charizard|42\/100\n|move|p2a: Charizard|Roost|p2a: Charizard\n|-heal|p2a: Charizard|92\/100\n|-singleturn|p2a: Charizard|move: Roost\n|\n|-weather|RainDance|[upkeep]\n|upkeep\n|turn|24\n|\n|t:|1607291670\n|move|p1a: Tornadus|U-turn|p2a: Charizard\n|-resisted|p2a: Charizard\n|-damage|p2a: Charizard|87\/100\n|\n|t:|1607291672\n|switch|p1a: Greninja|Greninja-Ash, M|88\/100|[from]move: U-turn\n|move|p2a: Charizard|Roost|p2a: Charizard\n|-heal|p2a: Charizard|100\/100\n|-singleturn|p2a: Charizard|move: Roost\n|\n|-weather|RainDance|[upkeep]\n|upkeep\n|turn|25\n|\n|t:|1607291680\n|switch|p2a: Breloom|Breloom, F|79\/100 tox\n|move|p1a: Greninja|Surf|p2a: Breloom\n|-resisted|p2a: Breloom\n|-damage|p2a: Breloom|7\/100 tox\n|\n|-weather|none\n|-heal|p2a: Breloom|19\/100 tox|[from] ability: Poison Heal\n|upkeep\n|turn|26\n|\n|t:|1607291688\n|switch|p2a: Charizard|Charizard-Mega-Y, M|100\/100\n|-weather|SunnyDay|[from] ability: Drought|[of] p2a: Charizard\n|move|p1a: Greninja|Surf|p2a: Charizard\n|-supereffective|p2a: Charizard\n|-damage|p2a: Charizard|23\/100\n|\n|-weather|SunnyDay|[upkeep]\n|upkeep\n|turn|27\n|-message|ThedebatableReaper forfeited.\n|\n|win|Furururu\n|l|\u2606ThedebatableReaper\n|l| nuuuuuuuuuuuuts\n","uploadtime":1607291704,"views":15,"p1id":"furururu","p2id":"thedebatablereaper","formatid":"gen7ou","rating":0,"private":0,"password":null}