{"id":"gen7monotype-1622852511","p1":"xasah\u2764bae","p2":"Soma","format":"gen7monotype","log":"|j|\u2606xasah\u2764bae\n|j|\u2606Soma\n|inactive|Battle timer is ON: inactive players will automatically lose when time's up.\n|t:|1658501263\n|gametype|singles\n|player|p1|xasah\u2764bae|265|\n|player|p2|Soma|lance-gen1rb|\n|teamsize|p1|6\n|teamsize|p2|6\n|gen|7\n|tier|[Gen 7] Monotype\n|rated|Tournament battle\n|rule|Same Type Clause: Pok\u00e9mon in a team must share a type\n|rule|Sleep Clause Mod: Limit one foe put to sleep\n|rule|Species Clause: Limit one of each Pok\u00e9mon\n|rule|OHKO Clause: OHKO moves are banned\n|rule|Moody Clause: Moody is banned\n|rule|Evasion Moves Clause: Evasion moves are banned\n|rule|Endless Battle Clause: Forcing endless battles is banned\n|rule|HP Percentage Mod: HP is shown in percentages\n|rule|Swagger Clause: Swagger is banned\n|clearpoke\n|poke|p1|Landorus-Therian, M|item\n|poke|p1|Charizard, F|item\n|poke|p1|Skarmory, M|item\n|poke|p1|Zapdos|item\n|poke|p1|Mantine, F|item\n|poke|p1|Gliscor, F|item\n|poke|p2|Kyurem-Black|item\n|poke|p2|Garchomp, M|item\n|poke|p2|Latios, M|item\n|poke|p2|Hydreigon, F|item\n|poke|p2|Altaria, F|item\n|poke|p2|Dragonite, M|item\n|teampreview\n|j|*Lady Monita \u2600\n|j| Tigaelas\n|j| Maxalex12\n|j| Idlieas\n|inactive|xasah\u2764bae has 120 seconds left.\n|inactive|Soma has 120 seconds left.\n|j| ThunderHawk3\n|\n|t:|1658501314\n|start\n|switch|p1a: Landorus|Landorus-Therian, M|100\/100\n|switch|p2a: Ares|Garchomp, M, shiny|100\/100\n|-ability|p1a: Landorus|Intimidate|boost\n|-unboost|p2a: Ares|atk|1\n|turn|1\n|\n|t:|1658501321\n|switch|p1a: Gliscor|Gliscor, F|100\/100\n|move|p2a: Ares|Stealth Rock|p1a: Gliscor\n|-sidestart|p1: xasah\u2764bae|move: Stealth Rock\n|\n|-status|p1a: Gliscor|tox|[from] item: Toxic Orb\n|upkeep\n|turn|2\n|\n|t:|1658501332\n|switch|p2a: Athena|Altaria, F, shiny|100\/100\n|move|p1a: Gliscor|Earthquake|p2a: Athena\n|-immune|p2a: Athena\n|\n|upkeep\n|turn|3\n|\n|t:|1658501338\n|switch|p1a: Mantine|Mantine, F|100\/100\n|-damage|p1a: Mantine|76\/100|[from] Stealth Rock\n|detailschange|p2a: Athena|Altaria-Mega, F, shiny\n|-mega|p2a: Athena|Altaria|Altarianite\n|move|p2a: Athena|Dragon Dance|p2a: Athena\n|-boost|p2a: Athena|atk|1\n|-boost|p2a: Athena|spe|1\n|\n|-heal|p1a: Mantine|82\/100|[from] item: Leftovers\n|upkeep\n|turn|4\n|j| Shlok\n|\n|t:|1658501340\n|move|p2a: Athena|Frustration|p1a: Mantine\n|-damage|p1a: Mantine|2\/100\n|move|p1a: Mantine|Haze|p1a: Mantine\n|-clearallboost\n|\n|-heal|p1a: Mantine|8\/100|[from] item: Leftovers\n|upkeep\n|turn|5\n|\n|t:|1658501346\n|switch|p1a: Zapdos|Zapdos|100\/100\n|-damage|p1a: Zapdos|75\/100|[from] Stealth Rock\n|-ability|p1a: Zapdos|Pressure\n|move|p2a: Athena|Frustration|p1a: Zapdos\n|-damage|p1a: Zapdos|28\/100\n|\n|-heal|p1a: Zapdos|35\/100|[from] item: Leftovers\n|upkeep\n|turn|6\n|\n|t:|1658501351\n|move|p1a: Zapdos|Toxic|p2a: Athena\n|-status|p2a: Athena|tox\n|move|p2a: Athena|Frustration|p1a: Zapdos\n|-damage|p1a: Zapdos|0 fnt\n|faint|p1a: Zapdos\n|\n|-damage|p2a: Athena|94\/100 tox|[from] psn\n|upkeep\n|\n|t:|1658501356\n|switch|p1a: Skarmory|Skarmory, M|100\/100\n|-damage|p1a: Skarmory|88\/100|[from] Stealth Rock\n|turn|7\n|\n|t:|1658501363\n|switch|p2a: Hera|Hydreigon, F, shiny|100\/100\n|move|p1a: Skarmory|Defog|p2a: Hera\n|-unboost|p2a: Hera|evasion|1\n|-sideend|p1: xasah\u2764bae|Stealth Rock|[from] move: Defog|[of] p1a: Skarmory\n|\n|-heal|p1a: Skarmory|94\/100|[from] item: Leftovers\n|upkeep\n|turn|8\n|\n|t:|1658501369\n|switch|p1a: Gliscor|Gliscor, F|100\/100 tox\n|move|p2a: Hera|Flamethrower|p1a: Gliscor\n|-damage|p1a: Gliscor|51\/100 tox\n|\n|-heal|p1a: Gliscor|64\/100 tox|[from] ability: Poison Heal\n|upkeep\n|turn|9\n|\n|t:|1658501375\n|switch|p2a: Ares|Garchomp, M, shiny|100\/100\n|switch|p1a: Charizard|Charizard, F|100\/100\n|\n|upkeep\n|turn|10\n|\n|t:|1658501378\n|detailschange|p1a: Charizard|Charizard-Mega-Y, F\n|-mega|p1a: Charizard|Charizard|Charizardite Y\n|-weather|SunnyDay|[from] ability: Drought|[of] p1a: Charizard\n|move|p1a: Charizard|Fire Blast|p2a: Ares\n|-resisted|p2a: Ares\n|-damage|p2a: Ares|52\/100\n|move|p2a: Ares|Rock Tomb|p1a: Charizard\n|-supereffective|p1a: Charizard\n|-damage|p1a: Charizard|2\/100\n|-unboost|p1a: Charizard|spe|1\n|\n|-weather|SunnyDay|[upkeep]\n|upkeep\n|turn|11\n|\n|t:|1658501385\n|move|p2a: Ares|Rock Tomb|p1a: Charizard\n|-supereffective|p1a: Charizard\n|-crit|p1a: Charizard\n|-damage|p1a: Charizard|0 fnt\n|faint|p1a: Charizard\n|\n|-weather|SunnyDay|[upkeep]\n|upkeep\n|-message|xasah\u2764bae forfeited.\n|\n|win|Soma\n|n|\u2606xasah\u2764bae|xasahbae\n|n|\u2606Soma|soma\n|n|*Lady Monita \u2600|ladymonita\n|n| Tigaelas|tigaelas\n|n| Maxalex12|maxalex12\n|n| Idlieas|idlieas\n|n| ThunderHawk3|thunderhawk3\n|n| Shlok|shlok\n|l|*Lady Monita \u2600\n","uploadtime":1658501394,"views":7,"p1id":"xasahbae","p2id":"soma","formatid":"gen7monotype","rating":0,"private":0,"password":null}