{"id":"gen7ou-953371442","p1":"orangesss","p2":"cFabi_","format":"gen7ou","log":"|j|\u2606orangesss\n|j|\u2606cFabi_\n|player|p1|orangesss|164|1853\n|player|p2|cFabi_|286|1784\n|teamsize|p1|6\n|teamsize|p2|6\n|gametype|singles\n|gen|7\n|tier|[Gen 7] OU\n|rated|\n|rule|Sleep Clause Mod: Limit one foe put to sleep\n|rule|Species Clause: Limit one of each Pok\u00e9mon\n|rule|OHKO Clause: OHKO moves are banned\n|rule|Moody Clause: Moody is banned\n|rule|Evasion Moves Clause: Evasion moves are banned\n|rule|Endless Battle Clause: Forcing endless battles is banned\n|rule|HP Percentage Mod: HP is shown in percentages\n|clearpoke\n|poke|p1|Hawlucha, F|item\n|poke|p1|Ferrothorn, F|item\n|poke|p1|Pelipper, M|item\n|poke|p1|Tapu Koko|item\n|poke|p1|Swampert, F|item\n|poke|p1|Kartana|item\n|poke|p2|Greninja, F|item\n|poke|p2|Heatran, M|item\n|poke|p2|Landorus-Therian, M|item\n|poke|p2|Mawile, F|item\n|poke|p2|Rotom-Wash|item\n|poke|p2|Tapu Bulu|item\n|teampreview\n|inactive|Battle timer is ON: inactive players will automatically lose when time's up. (requested by orangesss)\n|\n|start\n|switch|p1a: Hate rain :(|Ferrothorn, F|100\/100\n|switch|p2a: Mawile|Mawile, F|100\/100\n|-ability|p2a: Mawile|Intimidate|boost\n|-unboost|p1a: Hate rain :(|atk|1\n|turn|1\n|\n|detailschange|p2a: Mawile|Mawile-Mega, F\n|-mega|p2a: Mawile|Mawile|Mawilite\n|move|p2a: Mawile|Fire Fang|p1a: Hate rain :(\n|-supereffective|p1a: Hate rain :(\n|-damage|p1a: Hate rain :(|0 fnt\n|-damage|p2a: Mawile|88\/100|[from] ability: Iron Barbs|[of] p1a: Hate rain :(\n|faint|p1a: Hate rain :(\n|\n|upkeep\n|\n|switch|p1a: Nappy is trash|Pelipper, M|100\/100\n|-weather|RainDance|[from] ability: Drizzle|[of] p1a: Nappy is trash\n|turn|2\n|\n|move|p2a: Mawile|Thunder Punch|p1a: Nappy is trash\n|-supereffective|p1a: Nappy is trash\n|-damage|p1a: Nappy is trash|0 fnt\n|faint|p1a: Nappy is trash\n|\n|-weather|RainDance|[upkeep]\n|upkeep\n|j| SchniposaLP\n|\n|switch|p1a: Swamp Thing|Swampert, F|100\/100\n|turn|3\n|\n|switch|p2a: Rotom|Rotom-Wash|100\/100\n|detailschange|p1a: Swamp Thing|Swampert-Mega, F\n|-mega|p1a: Swamp Thing|Swampert|Swampertite\n|move|p1a: Swamp Thing|Waterfall|p2a: Rotom\n|-resisted|p2a: Rotom\n|-damage|p2a: Rotom|69\/100\n|\n|-weather|RainDance|[upkeep]\n|-heal|p2a: Rotom|75\/100|[from] item: Leftovers\n|upkeep\n|turn|4\n|\n|switch|p1a: Speed OD|Tapu Koko|100\/100\n|-fieldstart|move: Electric Terrain|[from] ability: Electric Surge|[of] p1a: Speed OD\n|move|p2a: Rotom|Pain Split|p1a: Speed OD\n|-sethp|p1a: Speed OD|91\/100|[from] move: Pain Split|[silent]\n|-sethp|p2a: Rotom|84\/100|[from] move: Pain Split\n|\n|-weather|RainDance|[upkeep]\n|-heal|p2a: Rotom|90\/100|[from] item: Leftovers\n|upkeep\n|turn|5\n|\n|move|p1a: Speed OD|Nature's Madness|p2a: Rotom\n|-damage|p2a: Rotom|46\/100\n|move|p2a: Rotom|Hydro Pump|p1a: Speed OD\n|-damage|p1a: Speed OD|0 fnt\n|faint|p1a: Speed OD\n|\n|-weather|RainDance|[upkeep]\n|-heal|p2a: Rotom|52\/100|[from] item: Leftovers\n|upkeep\n|\n|switch|p1a: Copypaste|Hawlucha, F|100\/100\n|-enditem|p1a: Copypaste|Electric Seed\n|-boost|p1a: Copypaste|def|1\n|turn|6\n|\n|move|p1a: Copypaste|High Jump Kick|p2a: Rotom\n|-damage|p2a: Rotom|4\/100\n|move|p2a: Rotom|Thunder Wave|p1a: Copypaste\n|-status|p1a: Copypaste|par\n|\n|-weather|RainDance|[upkeep]\n|-heal|p2a: Rotom|11\/100|[from] item: Leftovers\n|upkeep\n|turn|7\n|j| hypervortexreturns\n|\n|cant|p1a: Copypaste|par\n|move|p2a: Rotom|Pain Split|p1a: Copypaste\n|-sethp|p1a: Copypaste|55\/100 par|[from] move: Pain Split|[silent]\n|-sethp|p2a: Rotom|58\/100|[from] move: Pain Split\n|\n|-weather|RainDance|[upkeep]\n|-heal|p2a: Rotom|65\/100|[from] item: Leftovers\n|upkeep\n|turn|8\n|\n|move|p1a: Copypaste|Swords Dance|p1a: Copypaste\n|-boost|p1a: Copypaste|atk|2\n|move|p2a: Rotom|Volt Switch|p1a: Copypaste\n|-supereffective|p1a: Copypaste\n|-damage|p1a: Copypaste|0 fnt\n|faint|p1a: Copypaste\n|c|\u2606cFabi_|quit\n|-message|orangesss forfeited.\n|\n|win|cFabi_\n|l|\u2606orangesss\n|l| SchniposaLP\n|raw|orangesss's rating: 1831 &rarr; <strong>1809<\/strong><br \/>(-22 for losing)\n|raw|cFabi_'s rating: 1784 &rarr; <strong>1806<\/strong><br \/>(+22 for winning)\n|l|\u2606cFabi_\n","uploadtime":1564584020,"views":39,"p1id":"orangesss","p2id":"cfabi","formatid":"gen7ou","rating":1806,"private":0,"password":null}