{"id":"gen7ou-782841147","p1":"lt52ek hsa","p2":"H4WT \u2605","format":"gen7ou","log":"|j|\u2606lt52ek hsa\n|j|\u2606H4WT \u2605\n|player|p1|lt52ek hsa|290\n|player|p2|H4WT \u2605|165\n|teamsize|p1|6\n|teamsize|p2|6\n|gametype|singles\n|gen|7\n|tier|[Gen 7] OU\n|rated|\n|rule|Sleep Clause Mod: Limit one foe put to sleep\n|rule|Species Clause: Limit one of each Pok\u00e9mon\n|rule|OHKO Clause: OHKO moves are banned\n|rule|Moody Clause: Moody is banned\n|rule|Evasion Moves Clause: Evasion moves are banned\n|rule|Endless Battle Clause: Forcing endless battles is banned\n|rule|HP Percentage Mod: HP is shown in percentages\n|clearpoke\n|poke|p1|Sableye, F|item\n|poke|p1|Chansey, F|item\n|poke|p1|Clefable, M|item\n|poke|p1|Avalugg, M|item\n|poke|p1|Moltres|item\n|poke|p1|Ferrothorn, F|item\n|poke|p2|Weavile, M|item\n|poke|p2|Magnezone|item\n|poke|p2|Gliscor, M|item\n|poke|p2|Ferrothorn, M|item\n|poke|p2|Clefable, M|item\n|poke|p2|Latios, M|item\n|teampreview\n|j| LuckyRyu\n|l| LuckyRyu\n|inactive|Battle timer is ON: inactive players will automatically lose when time's up. (requested by lt52ek hsa)\n|j| lt52ek confide\n|inactive|H4WT \u2605 has 135 seconds left.\n|j| Luci-kun\n|\n|start\n|switch|p1a: Sableye|Sableye, F|100\/100\n|switch|p2a: Clefable|Clefable, M|100\/100\n|turn|1\n|j| no weeb zone\n|\n|detailschange|p1a: Sableye|Sableye-Mega, F\n|-mega|p1a: Sableye|Sableye|Sablenite\n|move|p2a: Clefable|Calm Mind|p2a: Clefable\n|-boost|p2a: Clefable|spa|1\n|-boost|p2a: Clefable|spd|1\n|move|p1a: Sableye|Knock Off|p2a: Clefable\n|-resisted|p2a: Clefable\n|-damage|p2a: Clefable|89\/100\n|-enditem|p2a: Clefable|Leftovers|[from] move: Knock Off|[of] p1a: Sableye\n|\n|upkeep\n|turn|2\n|l| no weeb zone\n|\n|switch|p1a: Chansey|Chansey, F|100\/100\n|move|p2a: Clefable|Moonblast|p1a: Chansey\n|-damage|p1a: Chansey|87\/100\n|-unboost|p1a: Chansey|spa|1\n|\n|upkeep\n|turn|3\n|\n|move|p2a: Clefable|Moonblast|p1a: Chansey\n|-damage|p1a: Chansey|73\/100\n|move|p1a: Chansey|Stealth Rock|p2a: Clefable\n|-sidestart|p2: H4WT \u2605|move: Stealth Rock\n|\n|upkeep\n|turn|4\n|\n|move|p2a: Clefable|Stealth Rock|p1a: Chansey\n|-sidestart|p1: lt52ek hsa|move: Stealth Rock\n|move|p1a: Chansey|Seismic Toss|p2a: Clefable\n|-damage|p2a: Clefable|63\/100\n|\n|upkeep\n|turn|5\n|inactive|H4WT \u2605 has 135 seconds left.\n|\n|move|p2a: Clefable|Soft-Boiled|p2a: Clefable\n|-heal|p2a: Clefable|100\/100\n|move|p1a: Chansey|Soft-Boiled|p1a: Chansey\n|-heal|p1a: Chansey|100\/100\n|\n|upkeep\n|turn|6\n|\n|switch|p2a: Gliscor|Gliscor, M|100\/100\n|-damage|p2a: Gliscor|88\/100|[from] Stealth Rock\n|move|p1a: Chansey|Seismic Toss|p2a: Gliscor\n|-damage|p2a: Gliscor|60\/100\n|\n|-status|p2a: Gliscor|tox|[from] item: Toxic Orb\n|upkeep\n|turn|7\n|\n|switch|p1a: Avalugg|Avalugg, M|100\/100\n|-damage|p1a: Avalugg|76\/100|[from] Stealth Rock\n|move|p2a: Gliscor|Roost|p2a: Gliscor\n|-heal|p2a: Gliscor|100\/100 tox\n|\n|upkeep\n|turn|8\n|\n|switch|p2a: Magnezone|Magnezone|100\/100\n|-damage|p2a: Magnezone|94\/100|[from] Stealth Rock\n|move|p1a: Avalugg|Rapid Spin|p2a: Magnezone\n|-resisted|p2a: Magnezone\n|-damage|p2a: Magnezone|91\/100\n|-sideend|p1: lt52ek hsa|Stealth Rock|[from] move: Rapid Spin|[of] p1a: Avalugg\n|\n|upkeep\n|turn|9\n|c| lt52ek confide|imagine hugging a chansey irl\n|\n|switch|p1a: Chansey|Chansey, F|100\/100\n|move|p2a: Magnezone|Volt Switch|p1a: Chansey\n|-damage|p1a: Chansey|89\/100\n|\n|switch|p2a: Weavile|Weavile, M|100\/100\n|-damage|p2a: Weavile|76\/100|[from] Stealth Rock\n|-ability|p2a: Weavile|Pressure\n|\n|upkeep\n|turn|10\n|\n|switch|p1a: Avalugg|Avalugg, M|76\/100\n|move|p2a: Weavile|Knock Off|p1a: Avalugg\n|-damage|p1a: Avalugg|48\/100\n|-damage|p2a: Weavile|59\/100|[from] item: Rocky Helmet|[of] p1a: Avalugg\n|-enditem|p1a: Avalugg|Rocky Helmet|[from] move: Knock Off|[of] p2a: Weavile\n|\n|upkeep\n|turn|11\n|\n|switch|p2a: Magnezone|Magnezone|91\/100\n|-damage|p2a: Magnezone|85\/100|[from] Stealth Rock\n|move|p1a: Avalugg|Earthquake|p2a: Magnezone\n|-supereffective|p2a: Magnezone\n|-damage|p2a: Magnezone|0 fnt\n|faint|p2a: Magnezone\n|\n|upkeep\n|c| lt52ek confide|oml\n|inactive|H4WT \u2605 has 135 seconds left.\n|\n|switch|p2a: Latios|Latios, M|100\/100\n|-damage|p2a: Latios|88\/100|[from] Stealth Rock\n|turn|12\n|\n|switch|p1a: Chansey|Chansey, F|89\/100\n|detailschange|p2a: Latios|Latios-Mega, M\n|-mega|p2a: Latios|Latios|Latiosite\n|move|p2a: Latios|Psychic|p1a: Chansey\n|-damage|p1a: Chansey|72\/100\n|-unboost|p1a: Chansey|spd|1\n|\n|upkeep\n|turn|13\n|\n|move|p2a: Latios|Psychic|p1a: Chansey\n|-damage|p1a: Chansey|45\/100\n|-unboost|p1a: Chansey|spd|1\n|move|p1a: Chansey|Soft-Boiled|p1a: Chansey\n|-heal|p1a: Chansey|96\/100\n|\n|upkeep\n|turn|14\n|\n|switch|p2a: Gliscor|Gliscor, M|100\/100 tox\n|-damage|p2a: Gliscor|88\/100 tox|[from] Stealth Rock\n|move|p1a: Chansey|Toxic|p2a: Gliscor|[miss]\n|-miss|p1a: Chansey|p2a: Gliscor\n|\n|-heal|p2a: Gliscor|100\/100 tox|[from] ability: Poison Heal\n|upkeep\n|turn|15\n|\n|switch|p1a: Avalugg|Avalugg, M|48\/100\n|move|p2a: Gliscor|Swords Dance|p2a: Gliscor\n|-boost|p2a: Gliscor|atk|2\n|\n|upkeep\n|turn|16\n|\n|move|p2a: Gliscor|Earthquake|p1a: Avalugg\n|-damage|p1a: Avalugg|23\/100\n|move|p1a: Avalugg|Recover|p1a: Avalugg\n|-heal|p1a: Avalugg|74\/100\n|\n|upkeep\n|turn|17\n|c|\u2606lt52ek hsa|?\n|\n|switch|p2a: Clefable|Clefable, M|100\/100\n|move|p1a: Avalugg|Avalanche|p2a: Clefable\n|-damage|p2a: Clefable|81\/100\n|\n|upkeep\n|turn|18\n|inactive|lt52ek hsa has 135 seconds left.\n|\n|move|p2a: Clefable|Stealth Rock|p1a: Avalugg\n|-sidestart|p1: lt52ek hsa|move: Stealth Rock\n|move|p1a: Avalugg|Recover|p1a: Avalugg\n|-heal|p1a: Avalugg|100\/100\n|\n|upkeep\n|turn|19\n|\n|switch|p2a: Ferrothorn|Ferrothorn, M|100\/100\n|-damage|p2a: Ferrothorn|94\/100|[from] Stealth Rock\n|switch|p1a: Chansey|Chansey, F|96\/100\n|-damage|p1a: Chansey|83\/100|[from] Stealth Rock\n|\n|-heal|p2a: Ferrothorn|100\/100|[from] item: Leftovers\n|upkeep\n|turn|20\n|j| turn 1 predict\n|\n|switch|p1a: Sableye|Sableye-Mega, F|100\/100\n|-damage|p1a: Sableye|88\/100|[from] Stealth Rock\n|move|p2a: Ferrothorn|Leech Seed|p1a: Sableye\n|move|p1a: Sableye|Leech Seed|p2a: Ferrothorn|[from]Magic Bounce\n|-immune|p2a: Ferrothorn|[msg]\n|\n|upkeep\n|turn|21\n|\n|switch|p1a: Moltres|Moltres|100\/100\n|-damage|p1a: Moltres|51\/100|[from] Stealth Rock\n|-ability|p1a: Moltres|Pressure\n|switch|p2a: Gliscor|Gliscor, M|100\/100 tox\n|-damage|p2a: Gliscor|88\/100 tox|[from] Stealth Rock\n|\n|-heal|p1a: Moltres|57\/100|[from] item: Leftovers\n|-heal|p2a: Gliscor|100\/100 tox|[from] ability: Poison Heal\n|upkeep\n|turn|22\n|\n|move|p2a: Gliscor|Ice Fang|p1a: Moltres\n|-damage|p1a: Moltres|42\/100\n|move|p1a: Moltres|Defog|p2a: Gliscor\n|-unboost|p2a: Gliscor|evasion|1\n|-sideend|p2: H4WT \u2605|Stealth Rock|[from] move: Defog|[of] p2a: Gliscor\n|-sideend|p1: lt52ek hsa|Stealth Rock|[from] move: Defog|[of] p1a: Moltres\n|\n|-heal|p1a: Moltres|48\/100|[from] item: Leftovers\n|upkeep\n|turn|23\n|\n|switch|p2a: Latios|Latios-Mega, M|88\/100\n|move|p1a: Moltres|Roost|p1a: Moltres\n|-heal|p1a: Moltres|98\/100\n|\n|-heal|p1a: Moltres|100\/100|[from] item: Leftovers\n|upkeep\n|turn|24\n|\n|switch|p2a: Gliscor|Gliscor, M|100\/100 tox\n|switch|p1a: Chansey|Chansey, F|83\/100\n|\n|upkeep\n|turn|25\n|\n|switch|p2a: Ferrothorn|Ferrothorn, M|100\/100\n|move|p1a: Chansey|Stealth Rock|p2a: Ferrothorn\n|-sidestart|p2: H4WT \u2605|move: Stealth Rock\n|\n|upkeep\n|turn|26\n|\n|switch|p1a: Moltres|Moltres|100\/100\n|-ability|p1a: Moltres|Pressure\n|move|p2a: Ferrothorn|Power Whip|p1a: Moltres\n|-resisted|p1a: Moltres\n|-damage|p1a: Moltres|92\/100\n|\n|-heal|p1a: Moltres|98\/100|[from] item: Leftovers\n|upkeep\n|turn|27\n|-message|H4WT \u2605 forfeited.\n|\n|win|lt52ek hsa\n|l|\u2606H4WT \u2605\n|raw|lt52ek hsa's rating: 1837 &rarr; <strong>1852<\/strong><br \/>(+15 for winning)\n|raw|H4WT \u2605's rating: 1741 &rarr; <strong>1726<\/strong><br \/>(-15 for losing)\n|l| Luci-kun\n|l|\u2606lt52ek hsa\n|l| lt52ek confide\n","inputlog":null,"uploadtime":1532848620,"views":34,"p1id":"lt52ekhsa","p2id":"h4wt","formatid":"gen7ou","rating":1726,"private":0,"password":null}