{"id":"gen7ou-930647453","p1":"MrSerize","p2":"HQSFun","format":"gen7ou","log":"|j|\u2606MrSerize\n|j|\u2606HQSFun\n|player|p1|MrSerize|jasmine-gen2\n|player|p2|HQSFun|260\n|teamsize|p1|6\n|teamsize|p2|6\n|gametype|singles\n|gen|7\n|tier|[Gen 7] OU\n|rated|\n|rule|Sleep Clause Mod: Limit one foe put to sleep\n|rule|Species Clause: Limit one of each Pok\u00e9mon\n|rule|OHKO Clause: OHKO moves are banned\n|rule|Moody Clause: Moody is banned\n|rule|Evasion Moves Clause: Evasion moves are banned\n|rule|Endless Battle Clause: Forcing endless battles is banned\n|rule|HP Percentage Mod: HP is shown in percentages\n|clearpoke\n|poke|p1|Ditto|item\n|poke|p1|Zapdos|item\n|poke|p1|Scizor, F|item\n|poke|p1|Chansey, F|item\n|poke|p1|Gliscor, F|item\n|poke|p1|Slowbro, F|item\n|poke|p2|Lopunny, M|item\n|poke|p2|Blacephalon|item\n|poke|p2|Landorus-Therian, M|item\n|poke|p2|Magearna|item\n|poke|p2|Ferrothorn, F|item\n|poke|p2|Crawdaunt, M|item\n|teampreview\n|\n|start\n|switch|p1a: Chansey|Chansey, F, shiny|643\/643\n|switch|p2a: Blacephalon|Blacephalon|247\/247\n|turn|1\n|inactive|Battle timer is ON: inactive players will automatically lose when time's up. (requested by HQSFun)\n|\n|switch|p1a: xELECTRIFIEDx|Zapdos, shiny|383\/383\n|-ability|p1a: xELECTRIFIEDx|Pressure\n|move|p2a: Blacephalon|Trick||[still]\n|-fail|p2a: Blacephalon\n|\n|upkeep\n|turn|2\n|\n|switch|p2a: Landorus|Landorus-Therian, M|319\/319\n|-ability|p2a: Landorus|Intimidate|boost\n|-unboost|p1a: xELECTRIFIEDx|atk|1\n|move|p1a: xELECTRIFIEDx|Thunderbolt|p2a: Landorus\n|-immune|p2a: Landorus\n|\n|upkeep\n|turn|3\n|\n|move|p2a: Landorus|Stone Edge|p1a: xELECTRIFIEDx\n|-supereffective|p1a: xELECTRIFIEDx\n|-damage|p1a: xELECTRIFIEDx|151\/383\n|move|p1a: xELECTRIFIEDx|Hidden Power|p2a: Landorus\n|-supereffective|p2a: Landorus\n|-damage|p2a: Landorus|3\/319\n|\n|upkeep\n|turn|4\n|\n|switch|p2a: Crawdaunt|Crawdaunt, M|267\/267\n|switch|p1a: Gliscor|Gliscor, F, shiny|354\/354\n|\n|-status|p1a: Gliscor|tox|[from] item: Toxic Orb\n|upkeep\n|turn|5\n|\n|switch|p1a: xBULLETPUNCHx|Scizor, F, shiny|343\/343\n|move|p2a: Crawdaunt|Crabhammer|p1a: xBULLETPUNCHx\n|-damage|p1a: xBULLETPUNCHx|21\/343\n|\n|upkeep\n|turn|6\n|inactive|MrSerize has 120 seconds left.\n|\n|detailschange|p1a: xBULLETPUNCHx|Scizor-Mega, F, shiny\n|-mega|p1a: xBULLETPUNCHx|Scizor|Scizorite\n|move|p2a: Crawdaunt|Crabhammer|p1a: xBULLETPUNCHx\n|-damage|p1a: xBULLETPUNCHx|0 fnt\n|faint|p1a: xBULLETPUNCHx\n|\n|upkeep\n|\n|switch|p1a: Sanic Hegehog|Slowbro, F, shiny|394\/394\n|turn|7\n|\n|switch|p2a: Ferrothorn|Ferrothorn, F|352\/352\n|move|p1a: Sanic Hegehog|Toxic|p2a: Ferrothorn\n|-immune|p2a: Ferrothorn\n|\n|upkeep\n|turn|8\n|\n|move|p1a: Sanic Hegehog|Flamethrower|p2a: Ferrothorn\n|-supereffective|p2a: Ferrothorn\n|-damage|p2a: Ferrothorn|164\/352\n|move|p2a: Ferrothorn|Leech Seed|p1a: Sanic Hegehog\n|-start|p1a: Sanic Hegehog|move: Leech Seed\n|\n|-heal|p2a: Ferrothorn|186\/352|[from] item: Leftovers\n|-damage|p1a: Sanic Hegehog|345\/394|[from] Leech Seed|[of] p2a: Ferrothorn\n|-heal|p2a: Ferrothorn|235\/352|[silent]\n|upkeep\n|turn|9\n|\n|switch|p1a: xELECTRIFIEDx|Zapdos, shiny|151\/383\n|-ability|p1a: xELECTRIFIEDx|Pressure\n|move|p2a: Ferrothorn|Stealth Rock|p1a: xELECTRIFIEDx\n|-sidestart|p1: MrSerize|move: Stealth Rock\n|\n|-heal|p2a: Ferrothorn|257\/352|[from] item: Leftovers\n|upkeep\n|turn|10\n|\n|move|p1a: xELECTRIFIEDx|Roost|p1a: xELECTRIFIEDx\n|-heal|p1a: xELECTRIFIEDx|343\/383\n|-singleturn|p1a: xELECTRIFIEDx|move: Roost\n|move|p2a: Ferrothorn|Leech Seed|p1a: xELECTRIFIEDx\n|-start|p1a: xELECTRIFIEDx|move: Leech Seed\n|\n|-heal|p2a: Ferrothorn|279\/352|[from] item: Leftovers\n|-damage|p1a: xELECTRIFIEDx|296\/383|[from] Leech Seed|[of] p2a: Ferrothorn\n|-heal|p2a: Ferrothorn|326\/352|[silent]\n|upkeep\n|turn|11\n|\n|switch|p2a: Blacephalon|Blacephalon|247\/247\n|move|p1a: xELECTRIFIEDx|Defog|p2a: Blacephalon\n|-unboost|p2a: Blacephalon|evasion|1\n|-sideend|p1: MrSerize|Stealth Rock|[from] move: Defog|[of] p1a: xELECTRIFIEDx\n|\n|-damage|p1a: xELECTRIFIEDx|249\/383|[from] Leech Seed|[of] p2a: Blacephalon\n|upkeep\n|turn|12\n|\n|switch|p1a: Gliscor|Gliscor, F, shiny|354\/354 tox\n|move|p2a: Blacephalon|Trick|p1a: Gliscor\n|-activate|p2a: Blacephalon|move: Trick|[of] p1a: Gliscor\n|-item|p1a: Gliscor|Choice Specs|[from] move: Trick\n|-item|p2a: Blacephalon|Toxic Orb|[from] move: Trick\n|\n|-status|p2a: Blacephalon|tox|[from] item: Toxic Orb\n|upkeep\n|turn|13\n|\n|switch|p2a: Ferrothorn|Ferrothorn, F|326\/352\n|move|p1a: Gliscor|Facade|p2a: Ferrothorn\n|-resisted|p2a: Ferrothorn\n|-damage|p2a: Ferrothorn|288\/352\n|-damage|p1a: Gliscor|310\/354 tox|[from] ability: Iron Barbs|[of] p2a: Ferrothorn\n|\n|-heal|p2a: Ferrothorn|310\/352|[from] item: Leftovers\n|-heal|p1a: Gliscor|354\/354 tox|[from] ability: Poison Heal\n|upkeep\n|turn|14\n|\n|switch|p1a: Chansey|Chansey, F, shiny|643\/643\n|move|p2a: Ferrothorn|Leech Seed|p1a: Chansey\n|-start|p1a: Chansey|move: Leech Seed\n|\n|-heal|p2a: Ferrothorn|332\/352|[from] item: Leftovers\n|-damage|p1a: Chansey|563\/643|[from] Leech Seed|[of] p2a: Ferrothorn\n|-heal|p2a: Ferrothorn|352\/352|[silent]\n|upkeep\n|turn|15\n|\n|move|p1a: Chansey|Stealth Rock|p2a: Ferrothorn\n|-sidestart|p2: HQSFun|move: Stealth Rock\n|move|p2a: Ferrothorn|Stealth Rock|p1a: Chansey\n|-sidestart|p1: MrSerize|move: Stealth Rock\n|\n|-damage|p1a: Chansey|483\/643|[from] Leech Seed|[of] p2a: Ferrothorn\n|upkeep\n|turn|16\n|\n|switch|p1a: xELECTRIFIEDx|Zapdos, shiny|249\/383\n|-damage|p1a: xELECTRIFIEDx|154\/383|[from] Stealth Rock\n|-ability|p1a: xELECTRIFIEDx|Pressure\n|switch|p2a: Blacephalon|Blacephalon|247\/247 tox\n|-damage|p2a: Blacephalon|186\/247 tox|[from] Stealth Rock\n|\n|-damage|p2a: Blacephalon|171\/247 tox|[from] psn\n|upkeep\n|turn|17\n|\n|move|p2a: Blacephalon|Mind Blown|p1a: xELECTRIFIEDx\n|-crit|p1a: xELECTRIFIEDx\n|-damage|p1a: xELECTRIFIEDx|0 fnt\n|-damage|p2a: Blacephalon|47\/247 tox|[from] mindblown\n|faint|p1a: xELECTRIFIEDx\n|-ability|p2a: Blacephalon|Beast Boost|boost\n|-boost|p2a: Blacephalon|spa|1\n|\n|-damage|p2a: Blacephalon|17\/247 tox|[from] psn\n|upkeep\n|\n|switch|p1a: no u|Ditto, shiny|300\/300\n|-damage|p1a: no u|263\/300|[from] Stealth Rock\n|-transform|p1a: no u|p2a: Blacephalon|[from] ability: Imposter\n|turn|18\n|\n|move|p1a: no u|Shadow Ball|p2a: Blacephalon\n|-supereffective|p2a: Blacephalon\n|-damage|p2a: Blacephalon|0 fnt\n|faint|p2a: Blacephalon\n|-ability|p1a: no u|Beast Boost|boost\n|-boost|p1a: no u|spa|1\n|\n|upkeep\n|\n|switch|p2a: Crawdaunt|Crawdaunt, M|267\/267\n|-damage|p2a: Crawdaunt|234\/267|[from] Stealth Rock\n|turn|19\n|\n|switch|p1a: Gliscor|Gliscor, F, shiny|354\/354 tox\n|-damage|p1a: Gliscor|310\/354 tox|[from] Stealth Rock\n|move|p2a: Crawdaunt|Aqua Jet|p1a: Gliscor\n|-supereffective|p1a: Gliscor\n|-damage|p1a: Gliscor|62\/354 tox\n|\n|-heal|p1a: Gliscor|106\/354 tox|[from] ability: Poison Heal\n|upkeep\n|turn|20\n|\n|switch|p2a: Ferrothorn|Ferrothorn, F|352\/352\n|-damage|p2a: Ferrothorn|330\/352|[from] Stealth Rock\n|move|p1a: Gliscor|Earthquake|p2a: Ferrothorn\n|-damage|p2a: Ferrothorn|243\/352\n|\n|-heal|p2a: Ferrothorn|265\/352|[from] item: Leftovers\n|-heal|p1a: Gliscor|150\/354 tox|[from] ability: Poison Heal\n|upkeep\n|turn|21\n|\n|switch|p1a: no u|Ditto, shiny|263\/300\n|-damage|p1a: no u|226\/300|[from] Stealth Rock\n|-transform|p1a: no u|p2a: Ferrothorn|[from] ability: Imposter\n|move|p2a: Ferrothorn|Leech Seed|p1a: no u\n|-immune|p1a: no u\n|\n|-heal|p2a: Ferrothorn|287\/352|[from] item: Leftovers\n|upkeep\n|turn|22\n|\n|move|p1a: no u|Spikes|p2a: Ferrothorn\n|-sidestart|p2: HQSFun|Spikes\n|move|p2a: Ferrothorn|Spikes|p1a: no u\n|-sidestart|p1: MrSerize|Spikes\n|\n|-heal|p2a: Ferrothorn|309\/352|[from] item: Leftovers\n|upkeep\n|turn|23\n|\n|move|p1a: no u|Spikes|p2a: Ferrothorn\n|-sidestart|p2: HQSFun|Spikes\n|move|p2a: Ferrothorn|Spikes|p1a: no u\n|-sidestart|p1: MrSerize|Spikes\n|\n|-heal|p2a: Ferrothorn|331\/352|[from] item: Leftovers\n|upkeep\n|turn|24\n|\n|move|p1a: no u|Spikes|p2a: Ferrothorn\n|-sidestart|p2: HQSFun|Spikes\n|move|p2a: Ferrothorn|Spikes|p1a: no u\n|-sidestart|p1: MrSerize|Spikes\n|\n|-heal|p2a: Ferrothorn|352\/352|[from] item: Leftovers\n|upkeep\n|turn|25\n|\n|switch|p1a: Gliscor|Gliscor, F, shiny|150\/354 tox\n|-damage|p1a: Gliscor|106\/354 tox|[from] Stealth Rock\n|move|p2a: Ferrothorn|Leech Seed|p1a: Gliscor\n|-start|p1a: Gliscor|move: Leech Seed\n|\n|-damage|p1a: Gliscor|62\/354 tox|[from] Leech Seed|[of] p2a: Ferrothorn\n|-heal|p1a: Gliscor|106\/354 tox|[from] ability: Poison Heal\n|upkeep\n|turn|26\n|\n|switch|p2a: Lopunny|Lopunny, M|271\/271\n|-damage|p2a: Lopunny|238\/271|[from] Stealth Rock\n|-damage|p2a: Lopunny|171\/271|[from] Spikes\n|move|p1a: Gliscor|Roost|p1a: Gliscor\n|-heal|p1a: Gliscor|283\/354 tox\n|-singleturn|p1a: Gliscor|move: Roost\n|\n|-damage|p1a: Gliscor|239\/354 tox|[from] Leech Seed|[of] p2a: Lopunny\n|-heal|p2a: Lopunny|215\/271|[silent]\n|-heal|p1a: Gliscor|283\/354 tox|[from] ability: Poison Heal\n|upkeep\n|turn|27\n|\n|switch|p2a: Crawdaunt|Crawdaunt, M|234\/267\n|-damage|p2a: Crawdaunt|201\/267|[from] Stealth Rock\n|-damage|p2a: Crawdaunt|135\/267|[from] Spikes\n|switch|p1a: Sanic Hegehog|Slowbro, F, shiny|394\/394\n|-damage|p1a: Sanic Hegehog|296\/394|[from] Spikes\n|-damage|p1a: Sanic Hegehog|247\/394|[from] Stealth Rock\n|\n|-heal|p1a: Sanic Hegehog|271\/394|[from] item: Leftovers\n|upkeep\n|turn|28\n|\n|switch|p1a: Gliscor|Gliscor, F, shiny|283\/354 tox\n|-damage|p1a: Gliscor|239\/354 tox|[from] Stealth Rock\n|move|p2a: Crawdaunt|Crunch|p1a: Gliscor\n|-damage|p1a: Gliscor|11\/354 tox\n|\n|-heal|p1a: Gliscor|55\/354 tox|[from] ability: Poison Heal\n|upkeep\n|turn|29\n|\n|switch|p2a: Landorus|Landorus-Therian, M|3\/319\n|-damage|p2a: Landorus|0 fnt|[from] Stealth Rock\n|faint|p2a: Landorus\n|move|p1a: Gliscor|Earthquake|p2: Landorus|[notarget]\n|-fail|p1a: Gliscor\n|\n|-heal|p1a: Gliscor|99\/354 tox|[from] ability: Poison Heal\n|upkeep\n|\n|switch|p2a: Lopunny|Lopunny, M|215\/271\n|-damage|p2a: Lopunny|182\/271|[from] Stealth Rock\n|-damage|p2a: Lopunny|115\/271|[from] Spikes\n|turn|30\n|\n|switch|p1a: Sanic Hegehog|Slowbro, F, shiny|394\/394\n|-damage|p1a: Sanic Hegehog|345\/394|[from] Stealth Rock\n|-damage|p1a: Sanic Hegehog|247\/394|[from] Spikes\n|detailschange|p2a: Lopunny|Lopunny-Mega, M\n|-mega|p2a: Lopunny|Lopunny|Lopunnite\n|move|p2a: Lopunny|Frustration|p1a: Sanic Hegehog\n|-damage|p1a: Sanic Hegehog|127\/394\n|\n|-heal|p1a: Sanic Hegehog|151\/394|[from] item: Leftovers\n|upkeep\n|turn|31\n|\n|move|p2a: Lopunny|Frustration|p1a: Sanic Hegehog\n|-damage|p1a: Sanic Hegehog|27\/394\n|move|p1a: Sanic Hegehog|Slack Off|p1a: Sanic Hegehog\n|-heal|p1a: Sanic Hegehog|224\/394\n|\n|-heal|p1a: Sanic Hegehog|248\/394|[from] item: Leftovers\n|upkeep\n|turn|32\n|\n|switch|p2a: Ferrothorn|Ferrothorn, F|352\/352\n|-damage|p2a: Ferrothorn|330\/352|[from] Stealth Rock\n|-damage|p2a: Ferrothorn|242\/352|[from] Spikes\n|move|p1a: Sanic Hegehog|Slack Off|p1a: Sanic Hegehog\n|-heal|p1a: Sanic Hegehog|394\/394\n|\n|-heal|p2a: Ferrothorn|264\/352|[from] item: Leftovers\n|upkeep\n|turn|33\n|\n|switch|p1a: Gliscor|Gliscor, F, shiny|99\/354 tox\n|-damage|p1a: Gliscor|55\/354 tox|[from] Stealth Rock\n|move|p2a: Ferrothorn|Gyro Ball|p1a: Gliscor\n|-damage|p1a: Gliscor|0 fnt\n|faint|p1a: Gliscor\n|\n|-heal|p2a: Ferrothorn|286\/352|[from] item: Leftovers\n|upkeep\n|\n|switch|p1a: Sanic Hegehog|Slowbro, F, shiny|394\/394\n|-damage|p1a: Sanic Hegehog|296\/394|[from] Spikes\n|-damage|p1a: Sanic Hegehog|247\/394|[from] Stealth Rock\n|turn|34\n|\n|move|p1a: Sanic Hegehog|Flamethrower|p2a: Ferrothorn\n|-supereffective|p2a: Ferrothorn\n|-damage|p2a: Ferrothorn|66\/352\n|move|p2a: Ferrothorn|Leech Seed|p1a: Sanic Hegehog\n|-start|p1a: Sanic Hegehog|move: Leech Seed\n|\n|-heal|p1a: Sanic Hegehog|271\/394|[from] item: Leftovers\n|-heal|p2a: Ferrothorn|88\/352|[from] item: Leftovers\n|-damage|p1a: Sanic Hegehog|222\/394|[from] Leech Seed|[of] p2a: Ferrothorn\n|-heal|p2a: Ferrothorn|137\/352|[silent]\n|upkeep\n|turn|35\n|inactive|HQSFun has 120 seconds left.\n|inactive|MrSerize has 120 seconds left.\n|\n|move|p1a: Sanic Hegehog|Scald|p2a: Ferrothorn\n|-resisted|p2a: Ferrothorn\n|-damage|p2a: Ferrothorn|104\/352\n|move|p2a: Ferrothorn|Gyro Ball|p1a: Sanic Hegehog\n|-resisted|p1a: Sanic Hegehog\n|-damage|p1a: Sanic Hegehog|198\/394\n|\n|-heal|p1a: Sanic Hegehog|222\/394|[from] item: Leftovers\n|-heal|p2a: Ferrothorn|126\/352|[from] item: Leftovers\n|-damage|p1a: Sanic Hegehog|173\/394|[from] Leech Seed|[of] p2a: Ferrothorn\n|-heal|p2a: Ferrothorn|175\/352|[silent]\n|upkeep\n|turn|36\n|inactive|MrSerize has 120 seconds left.\n|\n|move|p1a: Sanic Hegehog|Scald|p2a: Ferrothorn\n|-resisted|p2a: Ferrothorn\n|-damage|p2a: Ferrothorn|141\/352\n|move|p2a: Ferrothorn|Gyro Ball|p1a: Sanic Hegehog\n|-resisted|p1a: Sanic Hegehog\n|-damage|p1a: Sanic Hegehog|150\/394\n|\n|-heal|p1a: Sanic Hegehog|174\/394|[from] item: Leftovers\n|-heal|p2a: Ferrothorn|163\/352|[from] item: Leftovers\n|-damage|p1a: Sanic Hegehog|125\/394|[from] Leech Seed|[of] p2a: Ferrothorn\n|-heal|p2a: Ferrothorn|212\/352|[silent]\n|upkeep\n|turn|37\n|inactive|MrSerize has 120 seconds left.\n|\n|switch|p2a: Crawdaunt|Crawdaunt, M|135\/267\n|-damage|p2a: Crawdaunt|69\/267|[from] Spikes\n|-damage|p2a: Crawdaunt|36\/267|[from] Stealth Rock\n|move|p1a: Sanic Hegehog|Slack Off|p1a: Sanic Hegehog\n|-heal|p1a: Sanic Hegehog|322\/394\n|\n|-heal|p1a: Sanic Hegehog|346\/394|[from] item: Leftovers\n|-damage|p1a: Sanic Hegehog|297\/394|[from] Leech Seed|[of] p2a: Crawdaunt\n|-heal|p2a: Crawdaunt|85\/267|[silent]\n|upkeep\n|turn|38\n|inactive|HQSFun has 90 seconds left.\n|\n|switch|p1a: Chansey|Chansey, F, shiny|483\/643\n|-damage|p1a: Chansey|323\/643|[from] Spikes\n|-damage|p1a: Chansey|243\/643|[from] Stealth Rock\n|move|p2a: Crawdaunt|Crunch|p1a: Chansey\n|-damage|p1a: Chansey|0 fnt\n|faint|p1a: Chansey\n|\n|upkeep\n|\n|switch|p1a: no u|Ditto, shiny|226\/300\n|-damage|p1a: no u|189\/300|[from] Stealth Rock\n|-damage|p1a: no u|114\/300|[from] Spikes\n|-transform|p1a: no u|p2a: Crawdaunt|[from] ability: Imposter\n|turn|39\n|inactive|MrSerize has 120 seconds left.\n|\n|move|p1a: no u|Crabhammer|p2a: Crawdaunt\n|-resisted|p2a: Crawdaunt\n|-damage|p2a: Crawdaunt|0 fnt\n|faint|p2a: Crawdaunt\n|\n|upkeep\n|inactive|HQSFun has 90 seconds left.\n|\n|switch|p2a: Lopunny|Lopunny-Mega, M|115\/271\n|-damage|p2a: Lopunny|48\/271|[from] Spikes\n|-damage|p2a: Lopunny|32\/271|[from] Stealth Rock\n|turn|40\n|\n|switch|p2a: Magearna|Magearna|363\/363\n|-damage|p2a: Magearna|341\/363|[from] Stealth Rock\n|-damage|p2a: Magearna|251\/363|[from] Spikes\n|switch|p1a: Sanic Hegehog|Slowbro, F, shiny|394\/394\n|-damage|p1a: Sanic Hegehog|296\/394|[from] Spikes\n|-damage|p1a: Sanic Hegehog|247\/394|[from] Stealth Rock\n|\n|-heal|p1a: Sanic Hegehog|271\/394|[from] item: Leftovers\n|upkeep\n|turn|41\n|inactive|MrSerize has 120 seconds left.\n|\n|-zpower|p2a: Magearna\n|move|p2a: Magearna|Gigavolt Havoc|p1a: Sanic Hegehog|[zeffect]\n|-supereffective|p1a: Sanic Hegehog\n|-damage|p1a: Sanic Hegehog|0 fnt\n|faint|p1a: Sanic Hegehog\n|-ability|p2a: Magearna|Soul-Heart|boost\n|-boost|p2a: Magearna|spa|1\n|\n|upkeep\n|inactive|MrSerize has 120 seconds left.\n|\n|switch|p1a: no u|Ditto, shiny|114\/300\n|-damage|p1a: no u|39\/300|[from] Spikes\n|-damage|p1a: no u|2\/300|[from] Stealth Rock\n|-transform|p1a: no u|p2a: Magearna|[from] ability: Imposter\n|turn|42\n|inactive|MrSerize has 120 seconds left.\n|\n|move|p1a: no u|Flash Cannon|p2a: Magearna\n|-damage|p2a: Magearna|28\/363\n|move|p2a: Magearna|Flash Cannon|p1a: no u\n|-crit|p1a: no u\n|-damage|p1a: no u|0 fnt\n|faint|p1a: no u\n|\n|win|HQSFun\n|l|\u2606MrSerize\n||Ladder (probably) updated, but score could not be retrieved (Response not received).\n","uploadtime":1560885325,"views":14,"p1id":"mrserize","p2id":"hqsfun","formatid":"gen7ou","rating":0,"private":0,"password":null}