{"id":"gen7ou-805379013","p1":"SmogonFckingSucks","p2":"CarlyBae","format":"gen7ou","log":"|raw|<div class=\"broadcast-red\"><strong>This battle is invite-only!<\/strong><br \/>Users must be rank + or invited with <code>\/invite<\/code> to join<\/div>\n|j|\u2606SmogonFckingSucks\n|j|\u2606CarlyBae\n|player|p1|SmogonFckingSucks|77\n|player|p2|CarlyBae|2\n|teamsize|p1|6\n|teamsize|p2|6\n|gametype|singles\n|gen|7\n|tier|[Gen 7] OU\n|rated|\n|rule|Sleep Clause Mod: Limit one foe put to sleep\n|rule|Species Clause: Limit one of each Pok\u00e9mon\n|rule|OHKO Clause: OHKO moves are banned\n|rule|Moody Clause: Moody is banned\n|rule|Evasion Moves Clause: Evasion moves are banned\n|rule|Endless Battle Clause: Forcing endless battles is banned\n|rule|HP Percentage Mod: HP is shown in percentages\n|clearpoke\n|poke|p1|Archeops, M|item\n|poke|p1|Staraptor, M|item\n|poke|p1|Heatran, M|item\n|poke|p1|Toxapex, M|item\n|poke|p1|Bayleef, M|item\n|poke|p1|Scizor, F|item\n|poke|p2|Dragonite, F|item\n|poke|p2|Gyarados, M|item\n|poke|p2|Tapu Koko|item\n|poke|p2|Volcarona, M|item\n|poke|p2|Latios, M|item\n|poke|p2|Landorus-Therian, M|item\n|teampreview\n|\n|start\n|switch|p1a: Archeops|Archeops, M|100\/100\n|switch|p2a: Tapu Koko|Tapu Koko|100\/100\n|-fieldstart|move: Electric Terrain|[from] ability: Electric Surge|[of] p2a: Tapu Koko\n|turn|1\n|inactive|Battle timer is ON: inactive players will automatically lose when time's up. (requested by SmogonFckingSucks)\n|\n|switch|p2a: Landorus|Landorus-Therian, M|100\/100\n|-ability|p2a: Landorus|Intimidate|boost\n|-unboost|p1a: Archeops|atk|1\n|move|p1a: Archeops|Stealth Rock|p2a: Landorus\n|-sidestart|p2: CarlyBae|move: Stealth Rock\n|\n|upkeep\n|turn|2\n|\n|move|p1a: Archeops|Taunt|p2a: Landorus\n|-start|p2a: Landorus|move: Taunt\n|cant|p2a: Landorus|move: Taunt|Stealth Rock\n|\n|upkeep\n|turn|3\n|\n|move|p1a: Archeops|Taunt|p2a: Landorus\n|-fail|p1a: Archeops\n|move|p2a: Landorus|Hidden Power|p1a: Archeops\n|-supereffective|p1a: Archeops\n|-damage|p1a: Archeops|54\/100\n|\n|upkeep\n|turn|4\n|\n|switch|p2a: Tapu Koko|Tapu Koko|100\/100\n|-damage|p2a: Tapu Koko|88\/100|[from] Stealth Rock\n|move|p1a: Archeops|Endeavor|p2a: Tapu Koko\n|-damage|p2a: Tapu Koko|56\/100\n|\n|upkeep\n|turn|5\n|\n|move|p2a: Tapu Koko|Thunderbolt|p1a: Archeops\n|-supereffective|p1a: Archeops\n|-damage|p1a: Archeops|0 fnt\n|faint|p1a: Archeops\n|\n|-fieldend|move: Electric Terrain\n|upkeep\n|\n|switch|p1a: Staraptor|Staraptor, M|100\/100\n|turn|6\n|\n|switch|p2a: Landorus|Landorus-Therian, M|100\/100\n|-damage|p2a: Landorus|88\/100|[from] Stealth Rock\n|-ability|p2a: Landorus|Intimidate|boost\n|-unboost|p1a: Staraptor|atk|1\n|move|p1a: Staraptor|Brave Bird|p2a: Landorus\n|-damage|p2a: Landorus|53\/100\n|-damage|p1a: Staraptor|86\/100|[from] Recoil\n|\n|-heal|p2a: Landorus|59\/100|[from] item: Leftovers\n|upkeep\n|turn|7\n|\n|switch|p1a: Toxapex|Toxapex, M|100\/100\n|move|p2a: Landorus|U-turn|p1a: Toxapex\n|-resisted|p1a: Toxapex\n|-damage|p1a: Toxapex|94\/100\n|\n|switch|p2a: Latios|Latios, M|100\/100\n|-damage|p2a: Latios|88\/100|[from] Stealth Rock\n|\n|-heal|p1a: Toxapex|100\/100|[from] item: Black Sludge\n|upkeep\n|turn|8\n|\n|switch|p1a: Scizor|Scizor, F|100\/100\n|move|p2a: Latios|Defog|p1a: Scizor\n|-unboost|p1a: Scizor|evasion|1\n|-sideend|p2: CarlyBae|Stealth Rock|[from] move: Defog|[of] p2a: Latios\n|\n|upkeep\n|turn|9\n|\n|switch|p2a: Volcarona|Volcarona, M|100\/100\n|detailschange|p1a: Scizor|Scizor-Mega, F\n|-mega|p1a: Scizor|Scizor|Scizorite\n|move|p1a: Scizor|Knock Off|p2a: Volcarona\n|-damage|p2a: Volcarona|57\/100\n|-enditem|p2a: Volcarona|Leftovers|[from] move: Knock Off|[of] p1a: Scizor\n|\n|upkeep\n|turn|10\n|\n|switch|p1a: Heatran|Heatran, M|100\/100\n|move|p2a: Volcarona|Roost|p2a: Volcarona\n|-heal|p2a: Volcarona|100\/100\n|\n|upkeep\n|turn|11\n|\n|move|p1a: Heatran|Taunt|p2a: Volcarona\n|-start|p2a: Volcarona|move: Taunt\n|move|p2a: Volcarona|U-turn|p1a: Heatran\n|-resisted|p1a: Heatran\n|-damage|p1a: Heatran|97\/100\n|\n|switch|p2a: Landorus|Landorus-Therian, M|59\/100\n|-ability|p2a: Landorus|Intimidate|boost\n|-unboost|p1a: Heatran|atk|1\n|\n|-heal|p2a: Landorus|65\/100|[from] item: Leftovers\n|upkeep\n|turn|12\n|\n|-zpower|p1a: Heatran\n|move|p1a: Heatran|Bloom Doom|p2a: Landorus|[zeffect]\n|-damage|p2a: Landorus|0 fnt\n|faint|p2a: Landorus\n|\n|upkeep\n|\n|switch|p2a: Gyarados|Gyarados, M|100\/100\n|-ability|p2a: Gyarados|Intimidate|boost\n|-unboost|p1a: Heatran|atk|1\n|turn|13\n|\n|detailschange|p2a: Gyarados|Gyarados-Mega, M\n|-mega|p2a: Gyarados|Gyarados|Gyaradosite\n|-ability|p2a: Gyarados|Mold Breaker\n|move|p2a: Gyarados|Earthquake|p1a: Heatran\n|-supereffective|p1a: Heatran\n|-damage|p1a: Heatran|0 fnt\n|faint|p1a: Heatran\n|\n|upkeep\n|\n|switch|p1a: Bayleef|Bayleef, M|100\/100\n|turn|14\n|\n|switch|p2a: Volcarona|Volcarona, M|100\/100\n|move|p1a: Bayleef|Toxic|p2a: Volcarona\n|-status|p2a: Volcarona|tox\n|\n|-damage|p2a: Volcarona|94\/100 tox|[from] psn\n|upkeep\n|turn|15\n|\n|move|p2a: Volcarona|U-turn|p1a: Bayleef\n|-supereffective|p1a: Bayleef\n|-damage|p1a: Bayleef|76\/100\n|\n|switch|p2a: Latios|Latios, M|88\/100\n|move|p1a: Bayleef|Leech Seed|p2a: Latios\n|-start|p2a: Latios|move: Leech Seed\n|\n|-damage|p2a: Latios|76\/100|[from] Leech Seed|[of] p1a: Bayleef\n|-heal|p1a: Bayleef|87\/100|[silent]\n|upkeep\n|turn|16\n|\n|move|p2a: Latios|Psychic|p1a: Bayleef\n|-damage|p1a: Bayleef|57\/100\n|move|p1a: Bayleef|Toxic|p2a: Latios\n|-status|p2a: Latios|tox\n|\n|-damage|p2a: Latios|64\/100 tox|[from] Leech Seed|[of] p1a: Bayleef\n|-heal|p1a: Bayleef|68\/100|[silent]\n|-damage|p2a: Latios|58\/100 tox|[from] psn\n|upkeep\n|turn|17\n|\n|move|p2a: Latios|Roost|p2a: Latios\n|-heal|p2a: Latios|100\/100 tox\n|move|p1a: Bayleef|Synthesis|p1a: Bayleef\n|-heal|p1a: Bayleef|100\/100\n|\n|-damage|p2a: Latios|88\/100 tox|[from] Leech Seed|[of] p1a: Bayleef\n|-damage|p2a: Latios|76\/100 tox|[from] psn\n|upkeep\n|turn|18\n|\n|switch|p2a: Volcarona|Volcarona, M|94\/100 tox\n|move|p1a: Bayleef|Toxic|p2a: Volcarona|[miss]\n|-miss|p1a: Bayleef|p2a: Volcarona\n|\n|-damage|p2a: Volcarona|88\/100 tox|[from] psn\n|upkeep\n|turn|19\n|\n|move|p2a: Volcarona|Fiery Dance|p1a: Bayleef\n|-supereffective|p1a: Bayleef\n|-damage|p1a: Bayleef|62\/100\n|-boost|p2a: Volcarona|spa|1\n|move|p1a: Bayleef|Leech Seed|p2a: Volcarona\n|-start|p2a: Volcarona|move: Leech Seed\n|\n|-damage|p2a: Volcarona|76\/100 tox|[from] Leech Seed|[of] p1a: Bayleef\n|-heal|p1a: Bayleef|76\/100|[silent]\n|-damage|p2a: Volcarona|64\/100 tox|[from] psn\n|upkeep\n|turn|20\n|\n|switch|p1a: Toxapex|Toxapex, M|100\/100\n|move|p2a: Volcarona|Fiery Dance|p1a: Toxapex\n|-resisted|p1a: Toxapex\n|-damage|p1a: Toxapex|79\/100\n|-boost|p2a: Volcarona|spa|1\n|\n|-heal|p1a: Toxapex|85\/100|[from] item: Black Sludge\n|-damage|p2a: Volcarona|51\/100 tox|[from] Leech Seed|[of] p1a: Toxapex\n|-heal|p1a: Toxapex|99\/100|[silent]\n|-damage|p2a: Volcarona|33\/100 tox|[from] psn\n|upkeep\n|turn|21\n|\n|move|p2a: Volcarona|U-turn|p1a: Toxapex\n|-resisted|p1a: Toxapex\n|-damage|p1a: Toxapex|96\/100\n|\n|switch|p2a: Tapu Koko|Tapu Koko|56\/100\n|-fieldstart|move: Electric Terrain|[from] ability: Electric Surge|[of] p2a: Tapu Koko\n|move|p1a: Toxapex|Infestation|p2a: Tapu Koko\n|-resisted|p2a: Tapu Koko\n|-damage|p2a: Tapu Koko|54\/100\n|-activate|p2a: Tapu Koko|move: Infestation|[of] p1a: Toxapex\n|\n|-heal|p1a: Toxapex|100\/100|[from] item: Black Sludge\n|-damage|p2a: Tapu Koko|42\/100|[from] move: Infestation|[partiallytrapped]\n|upkeep\n|turn|22\n|\n|move|p1a: Toxapex|Baneful Bunker|p1a: Toxapex\n|-singleturn|p1a: Toxapex|move: Protect\n|move|p2a: Tapu Koko|U-turn|p1a: Toxapex\n|-activate|p1a: Toxapex|move: Protect\n|-status|p2a: Tapu Koko|psn\n|\n|-damage|p2a: Tapu Koko|29\/100 psn|[from] psn\n|-damage|p2a: Tapu Koko|17\/100 psn|[from] move: Infestation|[partiallytrapped]\n|upkeep\n|turn|23\n|\n|move|p2a: Tapu Koko|U-turn|p1a: Toxapex\n|-resisted|p1a: Toxapex\n|-crit|p1a: Toxapex\n|-damage|p1a: Toxapex|93\/100\n|\n|switch|p2a: Latios|Latios, M|76\/100 tox\n|move|p1a: Toxapex|Recover|p1a: Toxapex\n|-heal|p1a: Toxapex|100\/100\n|\n|-damage|p2a: Latios|70\/100 tox|[from] psn\n|upkeep\n|turn|24\n|\n|move|p1a: Toxapex|Baneful Bunker|p1a: Toxapex\n|-singleturn|p1a: Toxapex|move: Protect\n|move|p2a: Latios|Roost|p2a: Latios\n|-heal|p2a: Latios|100\/100 tox\n|\n|-damage|p2a: Latios|89\/100 tox|[from] psn\n|upkeep\n|turn|25\n|\n|switch|p2a: Volcarona|Volcarona, M|33\/100 tox\n|switch|p1a: Bayleef|Bayleef, M|76\/100\n|\n|-damage|p2a: Volcarona|27\/100 tox|[from] psn\n|-fieldend|move: Electric Terrain\n|upkeep\n|turn|26\n|\n|move|p2a: Volcarona|Roost|p2a: Volcarona\n|-heal|p2a: Volcarona|77\/100 tox\n|move|p1a: Bayleef|Leech Seed|p2a: Volcarona|[miss]\n|-miss|p1a: Bayleef|p2a: Volcarona\n|\n|-damage|p2a: Volcarona|64\/100 tox|[from] psn\n|upkeep\n|turn|27\n|\n|switch|p1a: Toxapex|Toxapex, M|100\/100\n|move|p2a: Volcarona|Fiery Dance|p1a: Toxapex\n|-resisted|p1a: Toxapex\n|-crit|p1a: Toxapex\n|-damage|p1a: Toxapex|80\/100\n|\n|-heal|p1a: Toxapex|86\/100|[from] item: Black Sludge\n|-damage|p2a: Volcarona|46\/100 tox|[from] psn\n|upkeep\n|turn|28\n|\n|move|p2a: Volcarona|Roost|p2a: Volcarona\n|-heal|p2a: Volcarona|96\/100 tox\n|move|p1a: Toxapex|Infestation|p2a: Volcarona\n|-resisted|p2a: Volcarona\n|-damage|p2a: Volcarona|95\/100 tox\n|-status|p1a: Toxapex|brn|[from] ability: Flame Body|[of] p2a: Volcarona\n|-activate|p2a: Volcarona|move: Infestation|[of] p1a: Toxapex\n|\n|-heal|p1a: Toxapex|92\/100 brn|[from] item: Black Sludge\n|-damage|p2a: Volcarona|71\/100 tox|[from] psn\n|-damage|p1a: Toxapex|86\/100 brn|[from] brn\n|-damage|p2a: Volcarona|58\/100 tox|[from] move: Infestation|[partiallytrapped]\n|upkeep\n|turn|29\n|\n|move|p2a: Volcarona|Roost|p2a: Volcarona\n|-heal|p2a: Volcarona|100\/100 tox\n|move|p1a: Toxapex|Scald|p2a: Volcarona\n|-supereffective|p2a: Volcarona\n|-damage|p2a: Volcarona|76\/100 tox\n|\n|-heal|p1a: Toxapex|92\/100 brn|[from] item: Black Sludge\n|-damage|p2a: Volcarona|45\/100 tox|[from] psn\n|-damage|p1a: Toxapex|86\/100 brn|[from] brn\n|-damage|p2a: Volcarona|33\/100 tox|[from] move: Infestation|[partiallytrapped]\n|upkeep\n|turn|30\n|\n|move|p2a: Volcarona|Roost|p2a: Volcarona\n|-heal|p2a: Volcarona|83\/100 tox\n|move|p1a: Toxapex|Scald|p2a: Volcarona\n|-supereffective|p2a: Volcarona\n|-damage|p2a: Volcarona|57\/100 tox\n|\n|-heal|p1a: Toxapex|92\/100 brn|[from] item: Black Sludge\n|-damage|p2a: Volcarona|20\/100 tox|[from] psn\n|-damage|p1a: Toxapex|86\/100 brn|[from] brn\n|-damage|p2a: Volcarona|8\/100 tox|[from] move: Infestation|[partiallytrapped]\n|upkeep\n|turn|31\n|\n|move|p2a: Volcarona|U-turn|p1a: Toxapex\n|-resisted|p1a: Toxapex\n|-damage|p1a: Toxapex|81\/100 brn\n|\n|switch|p2a: Latios|Latios, M|89\/100 tox\n|move|p1a: Toxapex|Scald|p2a: Latios\n|-resisted|p2a: Latios\n|-damage|p2a: Latios|81\/100 tox\n|\n|-heal|p1a: Toxapex|88\/100 brn|[from] item: Black Sludge\n|-damage|p2a: Latios|75\/100 tox|[from] psn\n|-damage|p1a: Toxapex|81\/100 brn|[from] brn\n|upkeep\n|turn|32\n|\n|move|p1a: Toxapex|Baneful Bunker|p1a: Toxapex\n|-singleturn|p1a: Toxapex|move: Protect\n|move|p2a: Latios|Psychic|p1a: Toxapex\n|-activate|p1a: Toxapex|move: Protect\n|\n|-heal|p1a: Toxapex|88\/100 brn|[from] item: Black Sludge\n|-damage|p2a: Latios|63\/100 tox|[from] psn\n|-damage|p1a: Toxapex|81\/100 brn|[from] brn\n|upkeep\n|turn|33\n|\n|switch|p1a: Bayleef|Bayleef, M|76\/100\n|move|p2a: Latios|Psychic|p1a: Bayleef\n|-damage|p1a: Bayleef|40\/100\n|\n|-damage|p2a: Latios|45\/100 tox|[from] psn\n|upkeep\n|turn|34\n|\n|move|p2a: Latios|Draco Meteor|p1a: Bayleef\n|-damage|p1a: Bayleef|0 fnt\n|-unboost|p2a: Latios|spa|2\n|faint|p1a: Bayleef\n|\n|-damage|p2a: Latios|21\/100 tox|[from] psn\n|upkeep\n|\n|switch|p1a: Staraptor|Staraptor, M|86\/100\n|turn|35\n|\n|switch|p2a: Tapu Koko|Tapu Koko|17\/100 psn\n|-fieldstart|move: Electric Terrain|[from] ability: Electric Surge|[of] p2a: Tapu Koko\n|move|p1a: Staraptor|Double-Edge|p2a: Tapu Koko\n|-damage|p2a: Tapu Koko|0 fnt\n|-damage|p1a: Staraptor|82\/100|[from] Recoil\n|faint|p2a: Tapu Koko\n|\n|upkeep\n|\n|switch|p2a: Dragonite|Dragonite, F|100\/100\n|turn|36\n|\n|move|p1a: Staraptor|Double-Edge|p2a: Dragonite\n|-damage|p2a: Dragonite|61\/100\n|-damage|p1a: Staraptor|68\/100|[from] Recoil\n|move|p2a: Dragonite|Ice Beam|p1a: Staraptor\n|-supereffective|p1a: Staraptor\n|-damage|p1a: Staraptor|0 fnt\n|faint|p1a: Staraptor\n|\n|upkeep\n|\n|switch|p1a: Scizor|Scizor-Mega, F|100\/100\n|turn|37\n|\n|switch|p2a: Volcarona|Volcarona, M|8\/100 tox\n|move|p1a: Scizor|Knock Off|p2a: Volcarona\n|-damage|p2a: Volcarona|0 fnt\n|faint|p2a: Volcarona\n|\n|upkeep\n|\n|switch|p2a: Gyarados|Gyarados-Mega, M|100\/100\n|-ability|p2a: Gyarados|Mold Breaker\n|turn|38\n|\n|move|p2a: Gyarados|Dragon Dance|p2a: Gyarados\n|-boost|p2a: Gyarados|atk|1\n|-boost|p2a: Gyarados|spe|1\n|move|p1a: Scizor|Swords Dance|p1a: Scizor\n|-boost|p1a: Scizor|atk|2\n|\n|upkeep\n|turn|39\n|\n|move|p1a: Scizor|Bullet Punch|p2a: Gyarados\n|-resisted|p2a: Gyarados\n|-damage|p2a: Gyarados|71\/100\n|move|p2a: Gyarados|Crunch|p1a: Scizor\n|-damage|p1a: Scizor|52\/100\n|\n|-fieldend|move: Electric Terrain\n|upkeep\n|turn|40\n|\n|switch|p1a: Toxapex|Toxapex, M|100\/100 brn\n|move|p2a: Gyarados|Crunch|p1a: Toxapex\n|-damage|p1a: Toxapex|61\/100 brn\n|\n|-heal|p1a: Toxapex|67\/100 brn|[from] item: Black Sludge\n|-damage|p1a: Toxapex|61\/100 brn|[from] brn\n|upkeep\n|turn|41\n|\n|move|p2a: Gyarados|Earthquake|p1a: Toxapex\n|-supereffective|p1a: Toxapex\n|-damage|p1a: Toxapex|0 fnt\n|faint|p1a: Toxapex\n|\n|upkeep\n|c|\u2606SmogonFckingSucks|lmao i hate tryhards\n|\n|switch|p1a: Scizor|Scizor-Mega, F|52\/100\n|turn|42\n|c|\u2606CarlyBae|what?\n|\n|move|p2a: Gyarados|Crunch|p1a: Scizor\n|-damage|p1a: Scizor|0 fnt\n|faint|p1a: Scizor\n|\n|win|CarlyBae\n|raw|SmogonFckingSucks's rating: 1357 &rarr; <strong>1341<\/strong><br \/>(-16 for losing)\n|raw|CarlyBae's rating: 1426 &rarr; <strong>1442<\/strong><br \/>(+16 for winning)\n|c|\u2606SmogonFckingSucks|lol\n|c|\u2606SmogonFckingSucks|what i said\n|c|\u2606CarlyBae|how am i a try hard\n|c|\u2606SmogonFckingSucks|all the no lifers that make bttles private\n|c|\u2606CarlyBae|what's wrong with that?\n|c|\u2606SmogonFckingSucks|are always tryhards lol\n|c|\u2606CarlyBae|\/log CarlyBae made this room public.\n|l|\u2606SmogonFckingSucks\n","uploadtime":1536891207,"views":28,"p1id":"smogonfckingsucks","p2id":"carlybae","formatid":"gen7ou","rating":1341,"private":0,"password":null}