{"id":"gen7randombattle-1574641242","p1":"firepunch917","p2":"jezzquin","format":"gen7randombattle","log":"|j|\u2606firepunch917\n|j|\u2606jezzquin\n|t:|1652529882\n|gametype|singles\n|player|p1|firepunch917|2|1645\n|player|p2|jezzquin|170|1724\n|teamsize|p1|6\n|teamsize|p2|6\n|gen|7\n|tier|[Gen 7] Random Battle\n|rated|\n|rule|Sleep Clause Mod: Limit one foe put to sleep\n|rule|HP Percentage Mod: HP is shown in percentages\n|\n|t:|1652529882\n|start\n|switch|p1a: Tauros|Tauros, L88, M|275\/275\n|switch|p2a: Noivern|Noivern, L84, F|279\/279\n|-ability|p1a: Tauros|Intimidate|boost\n|-unboost|p2a: Noivern|atk|1\n|turn|1\n|j| nonefacialex\n|\n|t:|1652529927\n|move|p2a: Noivern|Hurricane|p1a: Tauros|[miss]\n|-miss|p2a: Noivern|p1a: Tauros\n|move|p1a: Tauros|Rock Slide|p2a: Noivern\n|-supereffective|p2a: Noivern\n|-damage|p2a: Noivern|71\/279\n|\n|-heal|p2a: Noivern|88\/279|[from] item: Leftovers\n|upkeep\n|turn|2\n|\n|t:|1652529934\n|move|p2a: Noivern|Draco Meteor|p1a: Tauros\n|-crit|p1a: Tauros\n|-damage|p1a: Tauros|34\/275\n|-unboost|p2a: Noivern|spa|2\n|move|p1a: Tauros|Rock Slide|p2a: Noivern\n|-supereffective|p2a: Noivern\n|-damage|p2a: Noivern|0 fnt\n|faint|p2a: Noivern\n|\n|upkeep\n|\n|t:|1652529970\n|switch|p2a: Alakazam|Alakazam, L80, M|219\/219\n|turn|3\n|\n|t:|1652529976\n|switch|p1a: Shiftry|Shiftry, L88, F|302\/302\n|detailschange|p2a: Alakazam|Alakazam-Mega, L80, M\n|-mega|p2a: Alakazam|Alakazam|Alakazite\n|-ability|p2a: Alakazam|Early Bird|[from] ability: Trace|[of] p1a: Shiftry\n|move|p2a: Alakazam|Psyshock|p1a: Shiftry\n|-immune|p1a: Shiftry\n|\n|upkeep\n|turn|4\n|\n|t:|1652529999\n|move|p1a: Shiftry|Sucker Punch|p2a: Alakazam\n|-supereffective|p2a: Alakazam\n|-damage|p2a: Alakazam|0 fnt\n|faint|p2a: Alakazam\n|-damage|p1a: Shiftry|272\/302|[from] item: Life Orb\n|\n|upkeep\n|\n|t:|1652530017\n|switch|p2a: Unfezant|Unfezant, L88, M|283\/283\n|turn|5\n|inactive|Battle timer is ON: inactive players will automatically lose when time's up. (requested by jezzquin)\n|\n|t:|1652530025\n|switch|p1a: Rotom|Rotom-Mow, L84|221\/221\n|move|p2a: Unfezant|Tailwind|p2a: Unfezant\n|-sidestart|p2: jezzquin|move: Tailwind\n|\n|upkeep\n|turn|6\n|inactive|jezzquin has 120 seconds left.\n|\n|t:|1652530062\n|switch|p2a: Kyurem|Kyurem-Black, L80|331\/331\n|-ability|p2a: Kyurem|Teravolt\n|move|p1a: Rotom|Trick|p2a: Kyurem\n|-activate|p1a: Rotom|move: Trick|[of] p2a: Kyurem\n|-item|p2a: Kyurem|Choice Scarf|[from] move: Trick\n|-item|p1a: Rotom|Assault Vest|[from] move: Trick\n|\n|upkeep\n|turn|7\n|inactive|jezzquin has 120 seconds left.\n|inactive|firepunch917 has 120 seconds left.\n|\n|t:|1652530100\n|switch|p1a: Hoopa|Hoopa-Unbound, L82|265\/265\n|move|p2a: Kyurem|Ice Beam|p1a: Hoopa\n|-damage|p1a: Hoopa|187\/265\n|\n|upkeep\n|turn|8\n|inactive|jezzquin has 90 seconds left.\n|\n|t:|1652530123\n|move|p2a: Kyurem|Ice Beam|p1a: Hoopa\n|-damage|p1a: Hoopa|108\/265\n|-status|p1a: Hoopa|frz\n|cant|p1a: Hoopa|frz\n|\n|-sideend|p2: jezzquin|move: Tailwind\n|upkeep\n|turn|9\n|inactive|jezzquin has 90 seconds left.\n|inactive|firepunch917 has 120 seconds left.\n|c|\u2606jezzquin|1\n|l| nonefacialex\n|inactive|firepunch917 has 90 seconds left.\n|\n|t:|1652530186\n|move|p2a: Kyurem|Ice Beam|p1a: Hoopa\n|-damage|p1a: Hoopa|35\/265 frz\n|cant|p1a: Hoopa|frz\n|\n|upkeep\n|turn|10\n|l|\u2606firepunch917\n|inactive|firepunch917 disconnected and has a minute to reconnect!\n|player|p1|\n|c|\u2606jezzquin|1\n|j|\u2606firepunch917\n|inactive|firepunch917 reconnected and has 55 seconds left.\n|player|p1|firepunch917|2\n|\n|t:|1652530240\n|move|p2a: Kyurem|Ice Beam|p1a: Hoopa\n|-damage|p1a: Hoopa|0 fnt\n|faint|p1a: Hoopa\n|\n|upkeep\n|\n|t:|1652530243\n|switch|p1a: Nihilego|Nihilego, L82|313\/313\n|-item|p1a: Nihilego|Air Balloon\n|turn|11\n|inactive|jezzquin has 90 seconds left.\n|\n|t:|1652530269\n|move|p2a: Kyurem|Ice Beam|p1a: Nihilego\n|-damage|p1a: Nihilego|235\/313\n|-enditem|p1a: Nihilego|Air Balloon\n|move|p1a: Nihilego|Toxic Spikes|p2a: Kyurem\n|-sidestart|p2: jezzquin|move: Toxic Spikes\n|\n|upkeep\n|turn|12\n|\n|t:|1652530291\n|switch|p2a: Unfezant|Unfezant, L88, M|283\/283\n|move|p1a: Nihilego|Power Gem|p2a: Unfezant\n|-supereffective|p2a: Unfezant\n|-damage|p2a: Unfezant|0 fnt\n|faint|p2a: Unfezant\n|-ability|p1a: Nihilego|Beast Boost|boost\n|-boost|p1a: Nihilego|spa|1\n|\n|upkeep\n|\n|t:|1652530305\n|switch|p2a: Kyurem|Kyurem-Black, L80|331\/331\n|-status|p2a: Kyurem|psn\n|-ability|p2a: Kyurem|Teravolt\n|turn|13\n|\n|t:|1652530313\n|switch|p1a: Rotom|Rotom-Mow, L84|221\/221\n|move|p2a: Kyurem|Ice Beam|p1a: Rotom\n|-supereffective|p1a: Rotom\n|-damage|p1a: Rotom|101\/221\n|\n|-damage|p2a: Kyurem|290\/331 psn|[from] psn\n|upkeep\n|turn|14\n|\n|t:|1652530323\n|move|p2a: Kyurem|Ice Beam|p1a: Rotom\n|-supereffective|p1a: Rotom\n|-damage|p1a: Rotom|0 fnt\n|faint|p1a: Rotom\n|\n|-damage|p2a: Kyurem|249\/331 psn|[from] psn\n|upkeep\n|\n|t:|1652530325\n|switch|p1a: Nihilego|Nihilego, L82|235\/313\n|turn|15\n|\n|t:|1652530336\n|switch|p2a: Milotic|Milotic, L84, F|297\/297\n|-status|p2a: Milotic|psn\n|move|p1a: Nihilego|Power Gem|p2a: Milotic\n|-damage|p2a: Milotic|218\/297 psn\n|\n|-heal|p2a: Milotic|236\/297 psn|[from] item: Leftovers\n|-damage|p2a: Milotic|199\/297 psn|[from] psn\n|upkeep\n|turn|16\n|\n|t:|1652530348\n|switch|p1a: Shiftry|Shiftry, L88, F|272\/302\n|move|p2a: Milotic|Scald|p1a: Shiftry\n|-resisted|p1a: Shiftry\n|-damage|p1a: Shiftry|220\/302\n|\n|-heal|p2a: Milotic|217\/297 psn|[from] item: Leftovers\n|-damage|p2a: Milotic|180\/297 psn|[from] psn\n|upkeep\n|turn|17\n|\n|t:|1652530356\n|switch|p2a: Celebi|Celebi, L82|298\/298\n|-status|p2a: Celebi|psn\n|move|p1a: Shiftry|Leaf Storm|p2a: Celebi\n|-resisted|p2a: Celebi\n|-damage|p2a: Celebi|208\/298 psn\n|-unboost|p1a: Shiftry|spa|2\n|-damage|p1a: Shiftry|190\/302|[from] item: Life Orb\n|\n|-damage|p2a: Celebi|171\/298 psn|[from] psn\n|upkeep\n|turn|18\n|\n|t:|1652530379\n|-curestatus|p2a: Celebi|psn|[from] ability: Natural Cure\n|switch|p2a: Kyurem|Kyurem-Black, L80|249\/331 psn\n|-ability|p2a: Kyurem|Teravolt\n|move|p1a: Shiftry|Sucker Punch||[still]\n|-fail|p1a: Shiftry\n|\n|-damage|p2a: Kyurem|208\/331 psn|[from] psn\n|upkeep\n|turn|19\n|\n|t:|1652530391\n|switch|p1a: Tauros|Tauros, L88, M|34\/275\n|-ability|p1a: Tauros|Intimidate|boost\n|-unboost|p2a: Kyurem|atk|1\n|move|p2a: Kyurem|Ice Beam|p1a: Tauros\n|-damage|p1a: Tauros|0 fnt\n|faint|p1a: Tauros\n|\n|-damage|p2a: Kyurem|167\/331 psn|[from] psn\n|upkeep\n|\n|t:|1652530393\n|switch|p1a: Nihilego|Nihilego, L82|235\/313\n|turn|20\n|\n|t:|1652530400\n|switch|p2a: Milotic|Milotic, L84, F|180\/297 psn\n|move|p1a: Nihilego|Power Gem|p2a: Milotic\n|-damage|p2a: Milotic|102\/297 psn\n|\n|-heal|p2a: Milotic|120\/297 psn|[from] item: Leftovers\n|-damage|p2a: Milotic|83\/297 psn|[from] psn\n|upkeep\n|turn|21\n|\n|t:|1652530408\n|move|p1a: Nihilego|Grass Knot|p2a: Milotic\n|-supereffective|p2a: Milotic\n|-damage|p2a: Milotic|0 fnt\n|faint|p2a: Milotic\n|-ability|p1a: Nihilego|Beast Boost|boost\n|-boost|p1a: Nihilego|spa|1\n|\n|upkeep\n|\n|t:|1652530411\n|switch|p2a: Kyurem|Kyurem-Black, L80|167\/331 psn\n|-ability|p2a: Kyurem|Teravolt\n|turn|22\n|inactive|jezzquin has 90 seconds left.\n|\n|t:|1652530425\n|move|p2a: Kyurem|Earth Power|p1a: Nihilego\n|-supereffective|p1a: Nihilego\n|-damage|p1a: Nihilego|11\/313\n|move|p1a: Nihilego|Power Gem|p2a: Kyurem\n|-supereffective|p2a: Kyurem\n|-damage|p2a: Kyurem|0 fnt\n|faint|p2a: Kyurem\n|-ability|p1a: Nihilego|Beast Boost|boost\n|-boost|p1a: Nihilego|spa|1\n|\n|upkeep\n|inactive|jezzquin has 90 seconds left.\n|-message|jezzquin forfeited.\n|\n|win|firepunch917\n|raw|firepunch917's rating: 1645 &rarr; <strong>1669<\/strong><br \/>(+24 for winning)\n|raw|jezzquin's rating: 1724 &rarr; <strong>1700<\/strong><br \/>(-24 for losing)\n|l|\u2606jezzquin\n","inputlog":">version 531b2bb4d145e24dce8d55480c78bcd528fa7770\n>start {\"formatid\":\"gen7randombattle\",\"seed\":[47016,34705,21225,30137],\"rated\":\"Rated battle\"}\n>player p1 {\"name\":\"firepunch917\",\"avatar\":\"2\",\"rating\":1645,\"seed\":[23041,5259,13447,65419]}\n>player p2 {\"name\":\"jezzquin\",\"avatar\":\"170\",\"rating\":1724,\"seed\":[4003,63022,62831,59342]}\n>p1 move rockslide\n>p2 move hurricane\n>p1 move rockslide\n>p2 move dracometeor\n>p2 switch 3\n>p1 switch 6\n>p2 move psyshock mega\n>p1 move suckerpunch\n>p2 move focusblast\n>p2 switch 6\n>p1 switch 4\n>p2 move tailwind\n>p1 move trick\n>p2 switch 5\n>p1 switch 2\n>p2 move icebeam\n>p1 move focusblast\n>p2 move icebeam\n>chat \u2606jezzquin|1\n>p1 move focusblast\n>p2 move icebeam\n>chat \u2606jezzquin|1\n>p1 move focusblast\n>p2 move icebeam\n>p1 switch 5\n>p1 move toxicspikes\n>p2 move icebeam\n>p1 move powergem\n>p2 switch 5\n>p2 switch 5\n>p1 switch 2\n>p2 move icebeam\n>p1 move thunderbolt\n>p2 move icebeam\n>p1 switch 2\n>p1 move powergem\n>p2 switch 2\n>p1 switch 4\n>p2 move scald\n>p1 move leafstorm\n>p2 switch 4\n>p1 move suckerpunch\n>p2 switch 2\n>p1 switch 6\n>p2 move icebeam\n>p1 switch 4\n>p1 move powergem\n>p2 switch 4\n>p1 move grassknot\n>p2 move recover\n>p2 switch 4\n>p1 move powergem\n>p2 move earthpower\n>forcelose p2","uploadtime":1652530436,"views":3,"p1id":"firepunch917","p2id":"jezzquin","formatid":"gen7randombattle","rating":1669,"private":0,"password":null}