{"id":"gen7anythinggoes-1672742227","p1":"LakeketteNRV","p2":"Meracx","format":"gen7anythinggoes","log":"|j|\u2606LakeketteNRV\n|j|\u2606Meracx\n|t:|1664394165\n|gametype|singles\n|player|p1|LakeketteNRV|morty-masters2|\n|player|p2|Meracx|thorton|\n|teamsize|p1|6\n|teamsize|p2|6\n|gen|7\n|tier|[Gen 7] Anything Goes\n|rule|HP Percentage Mod: HP is shown in percentages\n|rule|Endless Battle Clause: Forcing endless battles is banned\n|clearpoke\n|poke|p1|Rhyperior, M|item\n|poke|p1|Heatran, M|item\n|poke|p1|Pidgeot, F|item\n|poke|p1|Miltank, F|item\n|poke|p1|Hydreigon, F|item\n|poke|p1|Azelf|item\n|poke|p2|Weavile, F|item\n|poke|p2|Diancie|item\n|poke|p2|Chesnaught, F|item\n|poke|p2|Dragonite, M|item\n|poke|p2|Golurk|item\n|poke|p2|Gengar, M|item\n|teampreview\n|c|\u2606Meracx|hf\n|c|\u2606LakeketteNRV|hf\n|\n|t:|1664394282\n|start\n|switch|p1a: Azelf|Azelf|100\/100\n|switch|p2a: Cyclohexane|Diancie|100\/100\n|turn|1\n|\n|t:|1664394349\n|detailschange|p2a: Cyclohexane|Diancie-Mega\n|-mega|p2a: Cyclohexane|Diancie|Diancite\n|-zpower|p1a: Azelf\n|move|p1a: Azelf|Corkscrew Crash|p2a: Cyclohexane|[zeffect]\n|-supereffective|p2a: Cyclohexane\n|-damage|p2a: Cyclohexane|0 fnt\n|faint|p2a: Cyclohexane\n|\n|upkeep\n|\n|t:|1664394372\n|switch|p2a: Ac\u00e9tone|Weavile, F|100\/100\n|-ability|p2a: Ac\u00e9tone|Pressure\n|turn|2\n|c|\u2606Meracx|J'avais pr\u00e9vu la HP mais pas \u00e7a\n|j| Brayz\n|\n|t:|1664394481\n|move|p2a: Ac\u00e9tone|Knock Off|p1a: Azelf\n|-supereffective|p1a: Azelf\n|-damage|p1a: Azelf|0 fnt\n|faint|p1a: Azelf\n|\n|upkeep\n|c|\u2606LakeketteNRV|ah mais \u00e7a tue mdr\n|\n|t:|1664394513\n|switch|p1a: Heatran|Heatran, M|100\/100\n|turn|3\n|\n|t:|1664394517\n|switch|p2a: Permanganate|Golurk|100\/100\n|move|p1a: Heatran|Fire Blast|p2a: Permanganate\n|-damage|p2a: Permanganate|62\/100\n|\n|upkeep\n|turn|4\n|\n|t:|1664394526\n|switch|p1a: Miltank|Miltank, F|100\/100\n|move|p2a: Permanganate|Drain Punch|p1a: Miltank\n|-supereffective|p1a: Miltank\n|-damage|p1a: Miltank|61\/100\n|-heal|p2a: Permanganate|86\/100|[from] drain|[of] p1a: Miltank\n|\n|-heal|p1a: Miltank|68\/100|[from] item: Leftovers\n|upkeep\n|turn|5\n|\n|t:|1664394547\n|switch|p2a: Chalcone|Gengar, M|100\/100\n|move|p1a: Miltank|Toxic|p2a: Chalcone\n|-immune|p2a: Chalcone\n|\n|-heal|p1a: Miltank|74\/100|[from] item: Leftovers\n|upkeep\n|turn|6\n|\n|t:|1664394559\n|switch|p1a: Hydreigon|Hydreigon, F|100\/100\n|move|p2a: Chalcone|Substitute|p2a: Chalcone\n|-start|p2a: Chalcone|Substitute\n|-damage|p2a: Chalcone|76\/100\n|\n|upkeep\n|turn|7\n|\n|t:|1664394564\n|move|p2a: Chalcone|Focus Blast|p1a: Hydreigon\n|-supereffective|p1a: Hydreigon\n|-damage|p1a: Hydreigon|10\/100\n|move|p1a: Hydreigon|Dark Pulse|p2a: Chalcone\n|-supereffective|p2a: Chalcone\n|-end|p2a: Chalcone|Substitute\n|\n|-heal|p1a: Hydreigon|16\/100|[from] item: Leftovers\n|upkeep\n|turn|8\n|\n|t:|1664394573\n|move|p2a: Chalcone|Shadow Ball|p1a: Hydreigon\n|-resisted|p1a: Hydreigon\n|-damage|p1a: Hydreigon|0 fnt\n|faint|p1a: Hydreigon\n|\n|upkeep\n|\n|t:|1664394575\n|switch|p1a: Pidgeot|Pidgeot, F|100\/100\n|turn|9\n|\n|t:|1664394582\n|switch|p2a: Permanganate|Golurk|86\/100\n|detailschange|p1a: Pidgeot|Pidgeot-Mega, F\n|-mega|p1a: Pidgeot|Pidgeot|Pidgeotite\n|move|p1a: Pidgeot|Hurricane|p2a: Permanganate\n|-damage|p2a: Permanganate|46\/100\n|\n|upkeep\n|turn|10\n|\n|t:|1664394589\n|move|p1a: Pidgeot|Hurricane|p2a: Permanganate\n|-damage|p2a: Permanganate|11\/100\n|-start|p2a: Permanganate|confusion\n|-activate|p2a: Permanganate|confusion\n|move|p2a: Permanganate|Ice Punch|p1a: Pidgeot\n|-supereffective|p1a: Pidgeot\n|-damage|p1a: Pidgeot|14\/100\n|\n|upkeep\n|turn|11\n|\n|t:|1664394597\n|move|p1a: Pidgeot|Roost|p1a: Pidgeot\n|-heal|p1a: Pidgeot|64\/100\n|-singleturn|p1a: Pidgeot|move: Roost\n|-activate|p2a: Permanganate|confusion\n|-damage|p2a: Permanganate|0 fnt|[from] confusion\n|faint|p2a: Permanganate\n|\n|upkeep\n|c|\u2606LakeketteNRV|d\u00e9so\n|c|\u2606Meracx|Ptn j'avais tap\u00e9 Drain Punch\n|c|\u2606Meracx|tkt\n|c|\u2606LakeketteNRV|oula\n|\n|t:|1664394682\n|switch|p2a: Ac\u00e9tone|Weavile, F|100\/100\n|-ability|p2a: Ac\u00e9tone|Pressure\n|turn|12\n|\n|t:|1664394711\n|switch|p1a: Rhyperior|Rhyperior, M|100\/100\n|move|p2a: Ac\u00e9tone|Knock Off|p1a: Rhyperior\n|-damage|p1a: Rhyperior|58\/100\n|-enditem|p1a: Rhyperior|Leftovers|[from] move: Knock Off|[of] p2a: Ac\u00e9tone\n|\n|upkeep\n|turn|13\n|\n|t:|1664394723\n|switch|p2a: Acide \u00e9thano\u00efque|Chesnaught, F|100\/100\n|move|p1a: Rhyperior|Stealth Rock|p2a: Acide \u00e9thano\u00efque\n|-sidestart|p2: Meracx|move: Stealth Rock\n|\n|upkeep\n|turn|14\n|\n|t:|1664394733\n|move|p2a: Acide \u00e9thano\u00efque|Drain Punch|p1a: Rhyperior\n|-supereffective|p1a: Rhyperior\n|-damage|p1a: Rhyperior|24\/100\n|move|p1a: Rhyperior|Toxic|p2a: Acide \u00e9thano\u00efque\n|-status|p2a: Acide \u00e9thano\u00efque|tox\n|\n|-damage|p2a: Acide \u00e9thano\u00efque|94\/100 tox|[from] psn\n|upkeep\n|turn|15\n|\n|t:|1664394746\n|switch|p1a: Pidgeot|Pidgeot-Mega, F|64\/100\n|move|p2a: Acide \u00e9thano\u00efque|Drain Punch|p1a: Pidgeot\n|-damage|p1a: Pidgeot|19\/100\n|-heal|p2a: Acide \u00e9thano\u00efque|100\/100 tox|[from] drain|[of] p1a: Pidgeot\n|\n|-damage|p2a: Acide \u00e9thano\u00efque|88\/100 tox|[from] psn\n|upkeep\n|turn|16\n|\n|t:|1664394754\n|move|p1a: Pidgeot|Hurricane|p2a: Acide \u00e9thano\u00efque\n|-supereffective|p2a: Acide \u00e9thano\u00efque\n|-damage|p2a: Acide \u00e9thano\u00efque|0 fnt\n|faint|p2a: Acide \u00e9thano\u00efque\n|\n|upkeep\n|\n|t:|1664394765\n|switch|p2a: Ac\u00e9tone|Weavile, F|100\/100\n|-damage|p2a: Ac\u00e9tone|76\/100|[from] Stealth Rock\n|-ability|p2a: Ac\u00e9tone|Pressure\n|turn|17\n|\n|t:|1664394768\n|switch|p1a: Rhyperior|Rhyperior, M|24\/100\n|move|p2a: Ac\u00e9tone|Knock Off|p1a: Rhyperior\n|-damage|p1a: Rhyperior|0 fnt\n|faint|p1a: Rhyperior\n|\n|upkeep\n|\n|t:|1664394775\n|switch|p1a: Heatran|Heatran, M|100\/100\n|turn|18\n|\n|t:|1664394830\n|switch|p2a: Chalcone|Gengar, M|76\/100\n|-damage|p2a: Chalcone|63\/100|[from] Stealth Rock\n|move|p1a: Heatran|Hidden Power|p2a: Chalcone\n|-damage|p2a: Chalcone|27\/100\n|\n|upkeep\n|turn|19\n|\n|t:|1664394840\n|move|p1a: Heatran|Hidden Power|p2a: Chalcone\n|-damage|p2a: Chalcone|0 fnt\n|-start|p1a: Heatran|Disable|Hidden Power|[from] ability: Cursed Body|[of] p2a: Chalcone\n|faint|p2a: Chalcone\n|\n|upkeep\n|\n|t:|1664394844\n|switch|p2a: Soude|Dragonite, M|100\/100\n|-damage|p2a: Soude|76\/100|[from] Stealth Rock\n|turn|20\n|\n|t:|1664394849\n|switch|p1a: Miltank|Miltank, F|74\/100\n|move|p2a: Soude|Dragon Dance|p2a: Soude\n|-boost|p2a: Soude|atk|1\n|-boost|p2a: Soude|spe|1\n|\n|-heal|p1a: Miltank|80\/100|[from] item: Leftovers\n|upkeep\n|turn|21\n|\n|t:|1664394852\n|-zpower|p2a: Soude\n|move|p2a: Soude|Supersonic Skystrike|p1a: Miltank|[zeffect]\n|-damage|p1a: Miltank|0 fnt\n|faint|p1a: Miltank\n|\n|upkeep\n|c|\u2606LakeketteNRV|ah\n|\n|t:|1664394872\n|switch|p1a: Heatran|Heatran, M|100\/100\n|turn|22\n|\n|t:|1664394876\n|move|p2a: Soude|Aqua Tail|p1a: Heatran\n|-supereffective|p1a: Heatran\n|-damage|p1a: Heatran|3\/100\n|move|p1a: Heatran|Hidden Power|p2a: Soude\n|-supereffective|p2a: Soude\n|-damage|p2a: Soude|0 fnt\n|faint|p2a: Soude\n|\n|upkeep\n|\n|t:|1664394888\n|switch|p2a: Ac\u00e9tone|Weavile, F|76\/100\n|-damage|p2a: Ac\u00e9tone|51\/100|[from] Stealth Rock\n|-ability|p2a: Ac\u00e9tone|Pressure\n|turn|23\n|\n|t:|1664394895\n|switch|p1a: Pidgeot|Pidgeot-Mega, F|19\/100\n|move|p2a: Ac\u00e9tone|Ice Shard|p1a: Pidgeot\n|-supereffective|p1a: Pidgeot\n|-damage|p1a: Pidgeot|0 fnt\n|faint|p1a: Pidgeot\n|\n|upkeep\n|\n|t:|1664394898\n|switch|p1a: Heatran|Heatran, M|3\/100\n|turn|24\n|c|\u2606LakeketteNRV|aie aie aie\n|c|\u2606LakeketteNRV|gg\n|\n|t:|1664394906\n|move|p2a: Ac\u00e9tone|Ice Shard|p1a: Heatran\n|-resisted|p1a: Heatran\n|-damage|p1a: Heatran|0 fnt\n|faint|p1a: Heatran\n|\n|win|Meracx\n|c|\u2606Meracx|gg, d\u00e9so pour le Disable\n|l| Brayz\n|c|\u2606LakeketteNRV|tant pis c'est pas grave\n|c|\u2606LakeketteNRV|c'etait cool\n|c|\u2606Meracx|Yep\n|c|\u2606Meracx|Belle game\n|l|\u2606LakeketteNRV\n","uploadtime":1664394950,"views":28,"p1id":"lakekettenrv","p2id":"meracx","formatid":"gen7anythinggoes","rating":0,"private":0,"password":null}