{"id":"gen7oususpecttest-626743120","p1":"Kudoz","p2":"I'm back from Mars","format":"gen7oususpecttest","log":"|j|Kudoz\n|j|I'm back from Mars\n|player|p1|Kudoz|2\n|teamsize|p1|6\n|player|p2|I'm back from Mars|128\n|teamsize|p2|6\n|gametype|singles\n|gen|7\n|tier|[Gen 7] OU (suspect test)\n|rated\n|seed|5233,27786,21799,43918\n|rule|Sleep Clause Mod: Limit one foe put to sleep\n|rule|Species Clause: Limit one of each Pok\u00e9mon\n|rule|OHKO Clause: OHKO moves are banned\n|rule|Moody Clause: Moody is banned\n|rule|Evasion Moves Clause: Evasion moves are banned\n|rule|Endless Battle Clause: Forcing endless battles is banned\n|rule|HP Percentage Mod: HP is shown in percentages\n|clearpoke\n|poke|p1|Tapu Koko|item\n|poke|p1|Pinsir, M|item\n|poke|p1|Heatran, M|item\n|poke|p1|Smeargle, F|item\n|poke|p1|Zygarde|item\n|poke|p1|Greninja, F|item\n|poke|p2|Camerupt, M|item\n|poke|p2|Landorus-Therian, M|item\n|poke|p2|Tapu Koko|item\n|poke|p2|Clefable, F|item\n|poke|p2|Mantine, F, shiny|item\n|poke|p2|Jirachi|item\n|teampreview\n|choice|team 4, team 2, team 3, team 1, team 5, team 6|team 2, team 1, team 3, team 4, team 5, team 6\n|\n|start\n|switch|p1a: Smeargle|Smeargle, F|314\/314\n|switch|p2a: Landorus|Landorus-Therian, M|319\/319\n|-ability|p2a: Landorus|Intimidate|boost\n|-unboost|p1a: Smeargle|atk|1\n|turn|1\n|choice|move spore|move uturn\n|\n|move|p2a: Landorus|U-turn|p1a: Smeargle\n|-damage|p1a: Smeargle|97\/314\n|choice||switch 3\n|\n|switch|p2a: Tapu Koko|Tapu Koko|281\/281\n|-fieldstart|move: Electric Terrain|[from] ability: Electric Surge|[of] p2a: Tapu Koko\n|move|p1a: Smeargle|Spore|p2a: Tapu Koko\n|-activate|p2a: Tapu Koko|move: Electric Terrain\n|\n|upkeep\n|turn|2\n|choice|switch 4|move uturn\n|\n|switch|p1a: Tapu Koko|Tapu Koko|281\/281\n|move|p2a: Tapu Koko|U-turn|p1a: Tapu Koko\n|-resisted|p1a: Tapu Koko\n|-damage|p1a: Tapu Koko|236\/281\n|choice||switch 2\n|\n|switch|p2a: Camerupt|Camerupt, M|317\/317\n|\n|upkeep\n|turn|3\n|choice|move uturn|move earthpower mega\n|\n|detailschange|p2a: Camerupt|Camerupt-Mega, M\n|-mega|p2a: Camerupt|Camerupt|Cameruptite\n|move|p1a: Tapu Koko|U-turn|p2a: Camerupt\n|-resisted|p2a: Camerupt\n|-damage|p2a: Camerupt|290\/317\n|choice|switch 5|\n|\n|switch|p1a: Zygarde|Zygarde|404\/404\n|-ability|p1a: Zygarde|Aura Break\n|move|p2a: Camerupt|Earth Power|p1a: Zygarde\n|-damage|p1a: Zygarde|175\/404\n|\n|upkeep\n|turn|4\n|choice|move substitute|switch 4\n|\n|switch|p2a: Clefable|Clefable, F|394\/394\n|move|p1a: Zygarde|Substitute|p1a: Zygarde\n|-start|p1a: Zygarde|Substitute\n|-damage|p1a: Zygarde|74\/404\n|-enditem|p1a: Zygarde|Figy Berry|[eat]\n|-heal|p1a: Zygarde|276\/404|[from] item: Figy Berry\n|\n|upkeep\n|turn|5\n|choice|switch 3|move moonblast\n|\n|switch|p1a: Heatran|Heatran, M|324\/324\n|move|p2a: Clefable|Moonblast|p1a: Heatran\n|-resisted|p1a: Heatran\n|-damage|p1a: Heatran|300\/324\n|\n|-heal|p1a: Heatran|320\/324|[from] item: Leftovers\n|-fieldend|move: Electric Terrain\n|upkeep\n|turn|6\n|choice|move stealthrock|move stealthrock\n|\n|move|p1a: Heatran|Stealth Rock|p2a: Clefable\n|-sidestart|p2: I'm back from Mars|move: Stealth Rock\n|move|p2a: Clefable|Stealth Rock|p1a: Heatran\n|-sidestart|p1: Kudoz|move: Stealth Rock\n|\n|-heal|p1a: Heatran|324\/324|[from] item: Leftovers\n|upkeep\n|turn|7\n|choice|move magmastorm|move calmmind\n|\n|move|p1a: Heatran|Magma Storm|p2a: Clefable\n|-damage|p2a: Clefable|195\/394\n|-activate|p2a: Clefable|move: Magma Storm|[of] p1a: Heatran\n|move|p2a: Clefable|Calm Mind|p2a: Clefable\n|-boost|p2a: Clefable|spa|1\n|-boost|p2a: Clefable|spd|1\n|\n|-heal|p2a: Clefable|219\/394|[from] item: Leftovers\n|upkeep\n|turn|8\n|choice|move taunt|move softboiled\n|\n|move|p1a: Heatran|Taunt|p2a: Clefable\n|-start|p2a: Clefable|move: Taunt\n|cant|p2a: Clefable|move: Taunt|Soft-Boiled\n|\n|-heal|p2a: Clefable|243\/394|[from] item: Leftovers\n|upkeep\n|turn|9\n|choice|move magmastorm|move moonblast\n|\n|move|p1a: Heatran|Magma Storm|p2a: Clefable\n|-damage|p2a: Clefable|116\/394\n|move|p2a: Clefable|Moonblast|p1a: Heatran\n|-resisted|p1a: Heatran\n|-damage|p1a: Heatran|285\/324\n|\n|-heal|p1a: Heatran|305\/324|[from] item: Leftovers\n|-heal|p2a: Clefable|140\/394|[from] item: Leftovers\n|upkeep\n|turn|10\n|choice|move earthpower|move moonblast\n|\n|move|p1a: Heatran|Earth Power|p2a: Clefable\n|-damage|p2a: Clefable|68\/394\n|move|p2a: Clefable|Moonblast|p1a: Heatran\n|-resisted|p1a: Heatran\n|-damage|p1a: Heatran|265\/324\n|-unboost|p1a: Heatran|spa|1\n|\n|-heal|p1a: Heatran|285\/324|[from] item: Leftovers\n|-heal|p2a: Clefable|92\/394|[from] item: Leftovers\n|-end|p2a: Clefable|move: Taunt\n|upkeep\n|turn|11\n|choice|move magmastorm|move moonblast\n|\n|move|p1a: Heatran|Magma Storm|p2a: Clefable\n|-damage|p2a: Clefable|1\/394\n|move|p2a: Clefable|Moonblast|p1a: Heatran\n|-resisted|p1a: Heatran\n|-damage|p1a: Heatran|249\/324\n|\n|-heal|p1a: Heatran|269\/324|[from] item: Leftovers\n|-heal|p2a: Clefable|25\/394|[from] item: Leftovers\n|-end|p2a: Clefable|Magma Storm|[partiallytrapped]\n|upkeep\n|turn|12\n|choice|move earthpower|move moonblast\n|\n|move|p1a: Heatran|Earth Power|p2a: Clefable\n|-crit|p2a: Clefable\n|-damage|p2a: Clefable|0 fnt\n|faint|p2a: Clefable\n|\n|-heal|p1a: Heatran|289\/324|[from] item: Leftovers\n|upkeep\n|choice||switch 3\n|\n|switch|p2a: Landorus|Landorus-Therian, M|319\/319\n|-damage|p2a: Landorus|280\/319|[from] Stealth Rock\n|-ability|p2a: Landorus|Intimidate|boost\n|-unboost|p1a: Heatran|atk|1\n|turn|13\n|choice|switch 4|move earthquake\n|\n|switch|p1a: Smeargle|Smeargle, F|97\/314\n|-damage|p1a: Smeargle|58\/314|[from] Stealth Rock\n|move|p2a: Landorus|Earthquake|p1a: Smeargle\n|-damage|p1a: Smeargle|0 fnt\n|faint|p1a: Smeargle\n|\n|upkeep\n|choice|switch 6|\n|\n|switch|p1a: Greninja|Greninja, F|285\/285\n|-damage|p1a: Greninja|250\/285|[from] Stealth Rock\n|turn|14\n|choice|move icebeam|switch 5\n|\n|switch|p2a: Mantine|Mantine, F, shiny|373\/373\n|-damage|p2a: Mantine|280\/373|[from] Stealth Rock\n|move|p1a: Greninja|Ice Beam|p2a: Mantine\n|-start|p1a: Greninja|typechange|Ice|[from] Protean\n|-damage|p2a: Mantine|170\/373\n|-damage|p1a: Greninja|222\/285|[from] item: Life Orb\n|\n|-heal|p2a: Mantine|193\/373|[from] item: Leftovers\n|upkeep\n|turn|15\n|choice|switch 2|move roost\n|\n|switch|p1a: Pinsir|Pinsir, M|271\/271\n|-damage|p1a: Pinsir|204\/271|[from] Stealth Rock\n|move|p2a: Mantine|Roost|p2a: Mantine\n|-heal|p2a: Mantine|373\/373\n|\n|upkeep\n|turn|16\n|choice|move swordsdance mega|switch 2\n|\n|switch|p2a: Tapu Koko|Tapu Koko|281\/281\n|-damage|p2a: Tapu Koko|246\/281|[from] Stealth Rock\n|-fieldstart|move: Electric Terrain|[from] ability: Electric Surge|[of] p2a: Tapu Koko\n|detailschange|p1a: Pinsir|Pinsir-Mega, M\n|-mega|p1a: Pinsir|Pinsir|Pinsirite\n|move|p1a: Pinsir|Swords Dance|p1a: Pinsir\n|-boost|p1a: Pinsir|atk|2\n|\n|upkeep\n|turn|17\n|choice|move quickattack|move wildcharge\n|\n|move|p1a: Pinsir|Quick Attack|p2a: Tapu Koko\n|-resisted|p2a: Tapu Koko\n|-damage|p2a: Tapu Koko|126\/281\n|move|p2a: Tapu Koko|Wild Charge|p1a: Pinsir\n|-supereffective|p1a: Pinsir\n|-damage|p1a: Pinsir|0 fnt\n|-damage|p2a: Tapu Koko|75\/281|[from] Recoil|[of] p1a: Pinsir\n|faint|p1a: Pinsir\n|\n|upkeep\n|choice|switch 5|\n|\n|switch|p1a: Tapu Koko|Tapu Koko|236\/281\n|-damage|p1a: Tapu Koko|201\/281|[from] Stealth Rock\n|turn|18\n|choice|move dazzlinggleam|move roost\n|\n|move|p1a: Tapu Koko|Dazzling Gleam|p2a: Tapu Koko\n|-damage|p2a: Tapu Koko|0 fnt\n|faint|p2a: Tapu Koko\n|\n|upkeep\n|choice||switch 4\n|\n|switch|p2a: Camerupt|Camerupt-Mega, M|290\/317\n|-damage|p2a: Camerupt|251\/317|[from] Stealth Rock\n|turn|19\n|choice|move uturn|move earthpower\n|\n|move|p1a: Tapu Koko|U-turn|p2a: Camerupt\n|-resisted|p2a: Camerupt\n|-damage|p2a: Camerupt|225\/317\n|choice|switch 3|\n|\n|switch|p1a: Zygarde|Zygarde|276\/404\n|-damage|p1a: Zygarde|251\/404|[from] Stealth Rock\n|-ability|p1a: Zygarde|Aura Break\n|move|p2a: Camerupt|Earth Power|p1a: Zygarde\n|-damage|p1a: Zygarde|40\/404\n|\n|upkeep\n|turn|20\n|choice|move thousandarrows|move earthpower\n|\n|move|p1a: Zygarde|Thousand Arrows|p2a: Camerupt\n|-supereffective|p2a: Camerupt\n|-crit|p2a: Camerupt\n|-damage|p2a: Camerupt|0 fnt\n|faint|p2a: Camerupt\n|\n|-fieldend|move: Electric Terrain\n|upkeep\n|choice||switch 5\n|\n|switch|p2a: Landorus|Landorus-Therian, M|280\/319\n|-damage|p2a: Landorus|241\/319|[from] Stealth Rock\n|-ability|p2a: Landorus|Intimidate|boost\n|-unboost|p1a: Zygarde|atk|1\n|turn|21\n|choice|move extremespeed|move earthquake\n|\n|move|p1a: Zygarde|Extreme Speed|p2a: Landorus\n|-crit|p2a: Landorus\n|-damage|p2a: Landorus|100\/319\n|move|p2a: Landorus|Earthquake|p1a: Zygarde\n|-damage|p1a: Zygarde|0 fnt\n|faint|p1a: Zygarde\n|\n|upkeep\n|choice|switch 2|\n|\n|switch|p1a: Greninja|Greninja, F|222\/285\n|-damage|p1a: Greninja|187\/285|[from] Stealth Rock\n|turn|22\n|choice|move icebeam|move earthquake\n|\n|move|p2a: Landorus|Earthquake|p1a: Greninja\n|-damage|p1a: Greninja|0 fnt\n|faint|p1a: Greninja\n|\n|upkeep\n|choice|switch 3|\n|\n|switch|p1a: Tapu Koko|Tapu Koko|201\/281\n|-damage|p1a: Tapu Koko|166\/281|[from] Stealth Rock\n|-fieldstart|move: Electric Terrain|[from] ability: Electric Surge|[of] p1a: Tapu Koko\n|turn|23\n|choice|move dazzlinggleam zmove|move earthquake\n|\n|move|p2a: Landorus|Earthquake|p1a: Tapu Koko\n|-supereffective|p1a: Tapu Koko\n|-damage|p1a: Tapu Koko|0 fnt\n|faint|p1a: Tapu Koko\n|\n|upkeep\n|-message|Kudoz forfeited.\n|\n|win|I'm back from Mars\n|l|Kudoz\n|raw|Kudoz's rating: 1230 &rarr; <strong>1208<\/strong><br \/>(-22 for losing)\n|raw|I&apos;m back from Mars's rating: 1278 &rarr; <strong>1299<\/strong><br \/>(+21 for winning)","inputlog":null,"uploadtime":1504488229,"views":3,"p1id":"kudoz","p2id":"imbackfrommars","formatid":"gen7oususpecttest","rating":1208,"private":0,"password":null}