{"id":"gen7ou-1652384881","p1":"chansey and lulu","p2":"qwerty","format":"gen7ou","log":"|j|\u2606chansey and lulu\n|j|\u2606qwerty\n|t:|1661913782\n|gametype|singles\n|player|p1|chansey and lulu|hooligans|1208\n|player|p2|qwerty|169|1242\n|teamsize|p1|6\n|teamsize|p2|6\n|gen|7\n|tier|[Gen 7] OU\n|rated|\n|rule|Sleep Clause Mod: Limit one foe put to sleep\n|rule|Species Clause: Limit one of each Pok\u00e9mon\n|rule|OHKO Clause: OHKO moves are banned\n|rule|Moody Clause: Moody is banned\n|rule|Evasion Items Clause: Evasion items are banned\n|rule|Evasion Moves Clause: Evasion moves are banned\n|rule|Endless Battle Clause: Forcing endless battles is banned\n|rule|HP Percentage Mod: HP is shown in percentages\n|clearpoke\n|poke|p1|Magearna|item\n|poke|p1|Camerupt, M|item\n|poke|p1|Rampardos, F|item\n|poke|p1|Cresselia, F|item\n|poke|p1|Crawdaunt, M|item\n|poke|p1|Stakataka|item\n|poke|p2|Kartana|item\n|poke|p2|Tapu Koko|item\n|poke|p2|Hawlucha, F|item\n|poke|p2|Chansey, F|item\n|poke|p2|Ferrothorn, F|item\n|poke|p2|Greninja, M|item\n|teampreview\n|inactive|Battle timer is ON: inactive players will automatically lose when time's up. (requested by qwerty)\n|\n|t:|1661913807\n|start\n|switch|p1a: Magearna|Magearna|100\/100\n|switch|p2a: \u53ea\u4f1aut\u7684\u9e23\u9e23|Tapu Koko|100\/100\n|-fieldstart|move: Electric Terrain|[from] ability: Electric Surge|[of] p2a: \u53ea\u4f1aut\u7684\u9e23\u9e23\n|turn|1\n|\n|t:|1661913819\n|switch|p1a: Camerupt|Camerupt, M|100\/100\n|move|p2a: \u53ea\u4f1aut\u7684\u9e23\u9e23|Volt Switch|p1a: Camerupt\n|-immune|p1a: Camerupt\n|\n|upkeep\n|turn|2\n|\n|t:|1661913827\n|switch|p2a: \u7c89\u8272\u6076\u9b54\ud83d\udc7f|Chansey, F|100\/100\n|detailschange|p1a: Camerupt|Camerupt-Mega, M\n|-mega|p1a: Camerupt|Camerupt|Cameruptite\n|move|p1a: Camerupt|Stealth Rock|p2a: \u7c89\u8272\u6076\u9b54\ud83d\udc7f\n|-sidestart|p2: qwerty|move: Stealth Rock\n|\n|upkeep\n|turn|3\n|\n|t:|1661913837\n|switch|p1a: Knocked|Crawdaunt, M, shiny|100\/100\n|move|p2a: \u7c89\u8272\u6076\u9b54\ud83d\udc7f|Stealth Rock|p1a: Knocked\n|-sidestart|p1: chansey and lulu|move: Stealth Rock\n|\n|upkeep\n|turn|4\n|\n|t:|1661913844\n|switch|p2a: \u8349\u94a2|Ferrothorn, F|100\/100\n|-damage|p2a: \u8349\u94a2|94\/100|[from] Stealth Rock\n|move|p1a: Knocked|Knock Off|p2a: \u8349\u94a2\n|-damage|p2a: \u8349\u94a2|38\/100\n|-damage|p1a: Knocked|88\/100|[from] ability: Iron Barbs|[of] p2a: \u8349\u94a2\n|-damage|p1a: Knocked|71\/100|[from] item: Rocky Helmet|[of] p2a: \u8349\u94a2\n|-enditem|p2a: \u8349\u94a2|Rocky Helmet|[from] move: Knock Off|[of] p1a: Knocked\n|-damage|p1a: Knocked|61\/100|[from] item: Life Orb\n|\n|upkeep\n|turn|5\n|j| jmqskuuga\n|\n|t:|1661913864\n|move|p1a: Knocked|Swords Dance|p1a: Knocked\n|-boost|p1a: Knocked|atk|2\n|move|p2a: \u8349\u94a2|Leech Seed|p1a: Knocked\n|-start|p1a: Knocked|move: Leech Seed\n|\n|-damage|p1a: Knocked|49\/100|[from] Leech Seed|[of] p2a: \u8349\u94a2\n|-heal|p2a: \u8349\u94a2|50\/100|[silent]\n|-fieldend|move: Electric Terrain\n|upkeep\n|turn|6\n|\n|t:|1661913871\n|move|p1a: Knocked|Knock Off|p2a: \u8349\u94a2\n|-damage|p2a: \u8349\u94a2|0 fnt\n|-damage|p1a: Knocked|37\/100|[from] ability: Iron Barbs|[of] p2a: \u8349\u94a2\n|faint|p2a: \u8349\u94a2\n|-damage|p1a: Knocked|27\/100|[from] item: Life Orb\n|\n|upkeep\n|\n|t:|1661913878\n|switch|p2a: \u5b87\u5b99\u7b2c\u4e00\u53d8\u86d9|Greninja, M|100\/100\n|-damage|p2a: \u5b87\u5b99\u7b2c\u4e00\u53d8\u86d9|88\/100|[from] Stealth Rock\n|turn|7\n|\n|t:|1661913884\n|switch|p1a: Magearna|Magearna|100\/100\n|-damage|p1a: Magearna|94\/100|[from] Stealth Rock\n|move|p2a: \u5b87\u5b99\u7b2c\u4e00\u53d8\u86d9|Water Shuriken|p1a: Magearna\n|-damage|p1a: Magearna|85\/100\n|-damage|p1a: Magearna|77\/100\n|-hitcount|p1a: Magearna|2\n|\n|upkeep\n|turn|8\n|\n|t:|1661913902\n|switch|p2a: \u7c89\u8272\u6076\u9b54\ud83d\udc7f|Chansey, F|100\/100\n|-damage|p2a: \u7c89\u8272\u6076\u9b54\ud83d\udc7f|88\/100|[from] Stealth Rock\n|switch|p1a: Rampardos|Rampardos, F|100\/100\n|-damage|p1a: Rampardos|88\/100|[from] Stealth Rock\n|\n|upkeep\n|turn|9\n|\n|t:|1661913924\n|move|p2a: \u7c89\u8272\u6076\u9b54\ud83d\udc7f|Seismic Toss|p1a: Rampardos\n|-damage|p1a: Rampardos|63\/100\n|move|p1a: Rampardos|Head Smash|p2a: \u7c89\u8272\u6076\u9b54\ud83d\udc7f\n|-damage|p2a: \u7c89\u8272\u6076\u9b54\ud83d\udc7f|0 fnt\n|faint|p2a: \u7c89\u8272\u6076\u9b54\ud83d\udc7f\n|-damage|p1a: Rampardos|0 fnt|[from] Recoil\n|faint|p1a: Rampardos\n|\n|upkeep\n|\n|t:|1661913936\n|switch|p2a: \u5b87\u5b99\u7b2c\u4e00\u53d8\u86d9|Greninja, M|88\/100\n|switch|p1a: Magearna|Magearna|77\/100\n|-damage|p2a: \u5b87\u5b99\u7b2c\u4e00\u53d8\u86d9|76\/100|[from] Stealth Rock\n|-damage|p1a: Magearna|71\/100|[from] Stealth Rock\n|turn|10\n|\n|t:|1661913944\n|switch|p2a: \u53ea\u4f1aut\u7684\u9e23\u9e23|Tapu Koko|100\/100\n|-damage|p2a: \u53ea\u4f1aut\u7684\u9e23\u9e23|88\/100|[from] Stealth Rock\n|-fieldstart|move: Electric Terrain|[from] ability: Electric Surge|[of] p2a: \u53ea\u4f1aut\u7684\u9e23\u9e23\n|move|p1a: Magearna|Trick Room|p1a: Magearna\n|-fieldstart|move: Trick Room|[of] p1a: Magearna\n|\n|upkeep\n|turn|11\n|inactive|qwerty has 120 seconds left.\n|c|\u2606chansey and lulu|\u6211\u7684\u6218\u69cc\u9f99\u6742\u6280\u961f\n|c|\u2606qwerty|az\n|\n|t:|1661913991\n|-zpower|p1a: Magearna\n|move|p1a: Magearna|Twinkle Tackle|p2a: \u53ea\u4f1aut\u7684\u9e23\u9e23|[zeffect]\n|-damage|p2a: \u53ea\u4f1aut\u7684\u9e23\u9e23|0 fnt\n|faint|p2a: \u53ea\u4f1aut\u7684\u9e23\u9e23\n|-ability|p1a: Magearna|Soul-Heart|boost\n|-boost|p1a: Magearna|spa|1\n|\n|upkeep\n|\n|t:|1661913999\n|switch|p2a: \u4e16\u754c\u7b2c\u4e00\u7eb8\u5251|Kartana|100\/100\n|-damage|p2a: \u4e16\u754c\u7b2c\u4e00\u7eb8\u5251|94\/100|[from] Stealth Rock\n|turn|12\n|\n|t:|1661914004\n|move|p1a: Magearna|Ice Beam|p2a: \u4e16\u754c\u7b2c\u4e00\u7eb8\u5251\n|-damage|p2a: \u4e16\u754c\u7b2c\u4e00\u7eb8\u5251|0 fnt\n|faint|p2a: \u4e16\u754c\u7b2c\u4e00\u7eb8\u5251\n|-ability|p1a: Magearna|Soul-Heart|boost\n|-boost|p1a: Magearna|spa|1\n|\n|upkeep\n|c|\u2606qwerty|gg\n|-message|qwerty forfeited.\n|\n|win|chansey and lulu\n|raw|chansey and lulu's rating: 1208 &rarr; <strong>1235<\/strong><br \/>(+27 for winning)\n|raw|qwerty's rating: 1242 &rarr; <strong>1215<\/strong><br \/>(-27 for losing)\n|l|\u2606qwerty\n|c|\u2606chansey and lulu|gg\n|c| jmqskuuga|gg\n|l| jmqskuuga\n||Ladder isn't responding, score probably updated but might not have (Request timeout).\n","uploadtime":1661914328,"views":12,"p1id":"chanseyandlulu","p2id":"qwerty","formatid":"gen7ou","rating":1215,"private":0,"password":null}