{"id":"gen7uu-859036154","p1":"Jakkkkkka","p2":"SunAllNight","format":"gen7uu","log":"|j|\u2606Jakkkkkka\n|j|\u2606SunAllNight\n|player|p1|Jakkkkkka|137\n|player|p2|SunAllNight|pokemonrangerf-gen3\n|teamsize|p1|6\n|teamsize|p2|6\n|gametype|singles\n|gen|7\n|tier|[Gen 7] UU\n|rated|\n|rule|Sleep Clause Mod: Limit one foe put to sleep\n|rule|Species Clause: Limit one of each Pok\u00e9mon\n|rule|OHKO Clause: OHKO moves are banned\n|rule|Moody Clause: Moody is banned\n|rule|Evasion Moves Clause: Evasion moves are banned\n|rule|Endless Battle Clause: Forcing endless battles is banned\n|rule|HP Percentage Mod: HP is shown in percentages\n|clearpoke\n|poke|p1|Swampert, F|item\n|poke|p1|Hydreigon, M|item\n|poke|p1|Scizor, M|item\n|poke|p1|Sylveon, M|item\n|poke|p1|Manectric, F|item\n|poke|p1|Nidoking, M|item\n|poke|p2|Suicune|item\n|poke|p2|Muk-Alola, F|item\n|poke|p2|Palossand, F|item\n|poke|p2|Rotom-Heat|item\n|poke|p2|Altaria, M|item\n|poke|p2|Cobalion|item\n|teampreview\n|\n|start\n|switch|p1a: Swampert|Swampert, F|100\/100\n|switch|p2a: Rotom|Rotom-Heat|100\/100\n|turn|1\n|\n|move|p2a: Rotom|Toxic|p1a: Swampert\n|-status|p1a: Swampert|tox\n|move|p1a: Swampert|Toxic|p2a: Rotom\n|-status|p2a: Rotom|tox\n|\n|-damage|p2a: Rotom|94\/100 tox|[from] psn\n|-damage|p1a: Swampert|94\/100 tox|[from] psn\n|upkeep\n|turn|2\n|\n|switch|p2a: Suicune|Suicune|100\/100\n|-ability|p2a: Suicune|Pressure\n|move|p1a: Swampert|Toxic|p2a: Suicune\n|-status|p2a: Suicune|tox\n|\n|-heal|p1a: Swampert|100\/100 tox|[from] item: Leftovers\n|-damage|p2a: Suicune|94\/100 tox|[from] psn\n|-damage|p1a: Swampert|88\/100 tox|[from] psn\n|upkeep\n|turn|3\n|\n|switch|p2a: Rotom|Rotom-Heat|94\/100 tox\n|move|p1a: Swampert|Stealth Rock|p2a: Rotom\n|-sidestart|p2: SunAllNight|move: Stealth Rock\n|\n|-heal|p1a: Swampert|94\/100 tox|[from] item: Leftovers\n|-damage|p2a: Rotom|88\/100 tox|[from] psn\n|-damage|p1a: Swampert|76\/100 tox|[from] psn\n|upkeep\n|turn|4\n|\n|move|p2a: Rotom|Defog|p1a: Swampert\n|-unboost|p1a: Swampert|evasion|1\n|-sideend|p2: SunAllNight|Stealth Rock|[from] move: Defog|[of] p2a: Rotom\n|move|p1a: Swampert|Scald|p2a: Rotom\n|-supereffective|p2a: Rotom\n|-damage|p2a: Rotom|44\/100 tox\n|\n|-heal|p1a: Swampert|82\/100 tox|[from] item: Leftovers\n|-damage|p2a: Rotom|32\/100 tox|[from] psn\n|-damage|p1a: Swampert|57\/100 tox|[from] psn\n|upkeep\n|turn|5\n|\n|switch|p2a: Cobalion|Cobalion|100\/100\n|move|p1a: Swampert|Scald|p2a: Cobalion\n|-damage|p2a: Cobalion|73\/100\n|\n|-heal|p1a: Swampert|63\/100 tox|[from] item: Leftovers\n|-damage|p1a: Swampert|32\/100 tox|[from] psn\n|upkeep\n|turn|6\n|\n|move|p2a: Cobalion|Close Combat|p1a: Swampert\n|-damage|p1a: Swampert|0 fnt\n|-unboost|p2a: Cobalion|def|1\n|-unboost|p2a: Cobalion|spd|1\n|faint|p1a: Swampert\n|\n|upkeep\n|\n|switch|p1a: Nidoking|Nidoking, M|100\/100\n|turn|7\n|\n|switch|p2a: Palossand|Palossand, F|100\/100\n|move|p1a: Nidoking|Sludge Wave|p2a: Palossand\n|-resisted|p2a: Palossand\n|-damage|p2a: Palossand|86\/100\n|\n|-heal|p2a: Palossand|92\/100|[from] item: Leftovers\n|upkeep\n|turn|8\n|\n|switch|p1a: Scizor|Scizor, M|100\/100\n|move|p2a: Palossand|Stealth Rock|p1a: Scizor\n|-sidestart|p1: Jakkkkkka|move: Stealth Rock\n|\n|-heal|p2a: Palossand|98\/100|[from] item: Leftovers\n|upkeep\n|turn|9\n|\n|switch|p2a: Rotom|Rotom-Heat|32\/100 tox\n|move|p1a: Scizor|Knock Off|p2a: Rotom\n|-damage|p2a: Rotom|0 fnt\n|-enditem|p2a: Rotom|Iapapa Berry|[from] move: Knock Off|[of] p1a: Scizor\n|faint|p2a: Rotom\n|\n|upkeep\n|\n|switch|p2a: Cobalion|Cobalion|73\/100\n|turn|10\n|\n|switch|p1a: Sylveon|Sylveon, M|100\/100\n|-damage|p1a: Sylveon|88\/100|[from] Stealth Rock\n|-zpower|p2a: Cobalion\n|move|p2a: Cobalion|All-Out Pummeling|p1a: Sylveon|[zeffect]\n|-resisted|p1a: Sylveon\n|-damage|p1a: Sylveon|45\/100\n|\n|-heal|p1a: Sylveon|51\/100|[from] item: Leftovers\n|upkeep\n|turn|11\n|\n|move|p1a: Sylveon|Protect|p1a: Sylveon\n|-singleturn|p1a: Sylveon|Protect\n|move|p2a: Cobalion|Iron Head|p1a: Sylveon\n|-activate|p1a: Sylveon|move: Protect\n|\n|-heal|p1a: Sylveon|57\/100|[from] item: Leftovers\n|upkeep\n|turn|12\n|\n|move|p2a: Cobalion|Iron Head|p1a: Sylveon\n|-supereffective|p1a: Sylveon\n|-damage|p1a: Sylveon|0 fnt\n|faint|p1a: Sylveon\n|\n|upkeep\n|\n|switch|p1a: Nidoking|Nidoking, M|100\/100\n|-damage|p1a: Nidoking|95\/100|[from] Stealth Rock\n|turn|13\n|\n|switch|p2a: Palossand|Palossand, F|98\/100\n|move|p1a: Nidoking|Earth Power|p2a: Palossand\n|-damage|p2a: Palossand|43\/100\n|\n|-heal|p2a: Palossand|49\/100|[from] item: Leftovers\n|upkeep\n|turn|14\n|\n|switch|p2a: Suicune|Suicune|94\/100 tox\n|-ability|p2a: Suicune|Pressure\n|move|p1a: Nidoking|Ice Beam|p2a: Suicune\n|-resisted|p2a: Suicune\n|-damage|p2a: Suicune|79\/100 tox\n|\n|-heal|p2a: Suicune|85\/100 tox|[from] item: Leftovers\n|-damage|p2a: Suicune|79\/100 tox|[from] psn\n|upkeep\n|turn|15\n|\n|switch|p1a: Hydreigon|Hydreigon, M|100\/100\n|-damage|p1a: Hydreigon|88\/100|[from] Stealth Rock\n|move|p2a: Suicune|Scald|p1a: Hydreigon\n|-resisted|p1a: Hydreigon\n|-damage|p1a: Hydreigon|73\/100\n|-status|p1a: Hydreigon|brn\n|\n|-heal|p2a: Suicune|85\/100 tox|[from] item: Leftovers\n|-damage|p1a: Hydreigon|67\/100 brn|[from] brn\n|-damage|p2a: Suicune|73\/100 tox|[from] psn\n|upkeep\n|turn|16\n|\n|switch|p2a: Muk|Muk-Alola, F|100\/100\n|move|p1a: Hydreigon|Dark Pulse|p2a: Muk\n|-resisted|p2a: Muk\n|-crit|p2a: Muk\n|-damage|p2a: Muk|84\/100\n|\n|-damage|p1a: Hydreigon|61\/100 brn|[from] brn\n|upkeep\n|turn|17\n|\n|move|p1a: Hydreigon|Defog|p2a: Muk\n|-unboost|p2a: Muk|evasion|1\n|-sideend|p1: Jakkkkkka|Stealth Rock|[from] move: Defog|[of] p1a: Hydreigon\n|move|p2a: Muk|Knock Off|p1a: Hydreigon\n|-resisted|p1a: Hydreigon\n|-damage|p1a: Hydreigon|41\/100 brn\n|\n|-damage|p1a: Hydreigon|35\/100 brn|[from] brn\n|upkeep\n|turn|18\n|\n|switch|p1a: Nidoking|Nidoking, M|95\/100\n|switch|p2a: Palossand|Palossand, F|49\/100\n|\n|-heal|p2a: Palossand|56\/100|[from] item: Leftovers\n|upkeep\n|turn|19\n|\n|switch|p2a: Suicune|Suicune|73\/100 tox\n|-ability|p2a: Suicune|Pressure\n|move|p1a: Nidoking|Ice Beam|p2a: Suicune\n|-resisted|p2a: Suicune\n|-damage|p2a: Suicune|57\/100 tox\n|\n|-heal|p2a: Suicune|63\/100 tox|[from] item: Leftovers\n|-damage|p2a: Suicune|57\/100 tox|[from] psn\n|upkeep\n|turn|20\n|\n|switch|p1a: Manectric|Manectric, F|100\/100\n|move|p2a: Suicune|Scald|p1a: Manectric\n|-damage|p1a: Manectric|51\/100\n|\n|-heal|p2a: Suicune|63\/100 tox|[from] item: Leftovers\n|-damage|p2a: Suicune|51\/100 tox|[from] psn\n|upkeep\n|turn|21\n|\n|detailschange|p1a: Manectric|Manectric-Mega, F\n|-mega|p1a: Manectric|Manectric|Manectite\n|-ability|p1a: Manectric|Intimidate|boost\n|-unboost|p2a: Suicune|atk|1\n|move|p1a: Manectric|Volt Switch|p2a: Suicune\n|-supereffective|p2a: Suicune\n|-damage|p2a: Suicune|0 fnt\n|faint|p2a: Suicune\n|\n|switch|p1a: Nidoking|Nidoking, M|95\/100\n|\n|upkeep\n|\n|switch|p2a: Muk|Muk-Alola, F|84\/100\n|turn|22\n|j| okok126\n|\n|move|p1a: Nidoking|Earth Power|p2a: Muk\n|-supereffective|p2a: Muk\n|-damage|p2a: Muk|21\/100\n|move|p2a: Muk|Knock Off|p1a: Nidoking\n|-damage|p1a: Nidoking|26\/100\n|-enditem|p1a: Nidoking|Life Orb|[from] move: Knock Off|[of] p2a: Muk\n|\n|upkeep\n|turn|23\n|\n|move|p1a: Nidoking|Earth Power|p2a: Muk\n|-supereffective|p2a: Muk\n|-damage|p2a: Muk|0 fnt\n|faint|p2a: Muk\n|\n|upkeep\n|\n|switch|p2a: Cobalion|Cobalion|73\/100\n|turn|24\n|\n|switch|p1a: Hydreigon|Hydreigon, M|35\/100 brn\n|move|p2a: Cobalion|Close Combat|p1a: Hydreigon\n|-supereffective|p1a: Hydreigon\n|-damage|p1a: Hydreigon|0 fnt\n|-unboost|p2a: Cobalion|def|1\n|-unboost|p2a: Cobalion|spd|1\n|faint|p1a: Hydreigon\n|\n|upkeep\n|\n|switch|p1a: Manectric|Manectric-Mega, F|51\/100\n|-ability|p1a: Manectric|Intimidate|boost\n|-unboost|p2a: Cobalion|atk|1\n|turn|25\n|\n|switch|p2a: Palossand|Palossand, F|56\/100\n|move|p1a: Manectric|Flamethrower|p2a: Palossand\n|-damage|p2a: Palossand|23\/100\n|\n|-heal|p2a: Palossand|29\/100|[from] item: Leftovers\n|upkeep\n|turn|26\n|\n|move|p1a: Manectric|Hidden Power|p2a: Palossand\n|-supereffective|p2a: Palossand\n|-damage|p2a: Palossand|0 fnt\n|faint|p2a: Palossand\n|\n|upkeep\n|\n|switch|p2a: Altaria|Altaria, M|100\/100\n|turn|27\n|j| mittelmassig\n|\n|detailschange|p2a: Altaria|Altaria-Mega, M\n|-mega|p2a: Altaria|Altaria|Altarianite\n|move|p1a: Manectric|Volt Switch|p2a: Altaria\n|-resisted|p2a: Altaria\n|-damage|p2a: Altaria|83\/100\n|\n|switch|p1a: Nidoking|Nidoking, M|26\/100\n|move|p2a: Altaria|Frustration|p1a: Nidoking\n|-resisted|p1a: Nidoking\n|-damage|p1a: Nidoking|0 fnt\n|faint|p1a: Nidoking\n|\n|upkeep\n|\n|switch|p1a: Scizor|Scizor, M|100\/100\n|turn|28\n|\n|move|p2a: Altaria|Frustration|p1a: Scizor\n|-resisted|p1a: Scizor\n|-damage|p1a: Scizor|77\/100\n|move|p1a: Scizor|U-turn|p2a: Altaria\n|-resisted|p2a: Altaria\n|-damage|p2a: Altaria|60\/100\n|\n|switch|p1a: Manectric|Manectric-Mega, F|51\/100\n|-ability|p1a: Manectric|Intimidate|boost\n|-unboost|p2a: Altaria|atk|1\n|\n|upkeep\n|turn|29\n|\n|move|p1a: Manectric|Volt Switch|p2a: Altaria\n|-resisted|p2a: Altaria\n|-damage|p2a: Altaria|44\/100\n|\n|switch|p1a: Scizor|Scizor, M|77\/100\n|move|p2a: Altaria|Dragon Dance|p2a: Altaria\n|-boost|p2a: Altaria|atk|1\n|-boost|p2a: Altaria|spe|1\n|\n|upkeep\n|turn|30\n|\n|move|p2a: Altaria|Frustration|p1a: Scizor\n|-resisted|p1a: Scizor\n|-damage|p1a: Scizor|53\/100\n|move|p1a: Scizor|U-turn|p2a: Altaria\n|-resisted|p2a: Altaria\n|-damage|p2a: Altaria|21\/100\n|\n|switch|p1a: Manectric|Manectric-Mega, F|51\/100\n|-ability|p1a: Manectric|Intimidate|boost\n|-unboost|p2a: Altaria|atk|1\n|\n|upkeep\n|turn|31\n|\n|switch|p1a: Scizor|Scizor, M|53\/100\n|move|p2a: Altaria|Roost|p2a: Altaria\n|-heal|p2a: Altaria|71\/100\n|-singleturn|p2a: Altaria|move: Roost\n|\n|upkeep\n|turn|32\n|\n|move|p1a: Scizor|Bullet Punch|p2a: Altaria\n|-supereffective|p2a: Altaria\n|-damage|p2a: Altaria|0 fnt\n|faint|p2a: Altaria\n|\n|upkeep\n|\n|switch|p2a: Cobalion|Cobalion|73\/100\n|turn|33\n|\n|move|p1a: Scizor|Bullet Punch|p2a: Cobalion\n|-resisted|p2a: Cobalion\n|-damage|p2a: Cobalion|53\/100\n|move|p2a: Cobalion|Rock Polish|p2a: Cobalion\n|-boost|p2a: Cobalion|spe|2\n|\n|upkeep\n|turn|34\n|l| mittelmassig\n|\n|move|p1a: Scizor|Bullet Punch|p2a: Cobalion\n|-resisted|p2a: Cobalion\n|-damage|p2a: Cobalion|31\/100\n|move|p2a: Cobalion|Swords Dance|p2a: Cobalion\n|-boost|p2a: Cobalion|atk|2\n|\n|upkeep\n|turn|35\n|\n|switch|p1a: Manectric|Manectric-Mega, F|51\/100\n|-ability|p1a: Manectric|Intimidate|boost\n|-unboost|p2a: Cobalion|atk|1\n|move|p2a: Cobalion|Iron Head|p1a: Manectric\n|-resisted|p1a: Manectric\n|-damage|p1a: Manectric|14\/100\n|\n|upkeep\n|turn|36\n|\n|switch|p1a: Scizor|Scizor, M|53\/100\n|move|p2a: Cobalion|Iron Head|p1a: Scizor\n|-resisted|p1a: Scizor\n|-damage|p1a: Scizor|31\/100\n|\n|upkeep\n|turn|37\n|\n|move|p1a: Scizor|Bullet Punch|p2a: Cobalion\n|-resisted|p2a: Cobalion\n|-damage|p2a: Cobalion|9\/100\n|move|p2a: Cobalion|Iron Head|p1a: Scizor\n|-resisted|p1a: Scizor\n|-damage|p1a: Scizor|9\/100\n|\n|upkeep\n|turn|38\n|c|\u2606SunAllNight|GG\n|c|\u2606Jakkkkkka|gg\n|\n|move|p1a: Scizor|Bullet Punch|p2a: Cobalion\n|-resisted|p2a: Cobalion\n|-damage|p2a: Cobalion|0 fnt\n|faint|p2a: Cobalion\n|\n|win|Jakkkkkka\n|l| okok126\n|raw|Jakkkkkka's rating: 1509 &rarr; <strong>1533<\/strong><br \/>(+24 for winning)\n|raw|SunAllNight's rating: 1592 &rarr; <strong>1568<\/strong><br \/>(-24 for losing)\n","uploadtime":1549471608,"views":9,"p1id":"jakkkkkka","p2id":"sunallnight","formatid":"gen7uu","rating":1533,"private":0,"password":null}