{"id":"gen7randombattle-993601316","p1":"Alolan crow","p2":"comp233","format":"gen7randombattle","log":"|j|\u2606Alolan crow\n|j|\u2606comp233\n|player|p1|Alolan crow|2|1919\n|player|p2|comp233|115|2009\n|teamsize|p1|6\n|teamsize|p2|6\n|gametype|singles\n|gen|7\n|tier|[Gen 7] Random Battle\n|rated|\n|rule|Sleep Clause Mod: Limit one foe put to sleep\n|rule|HP Percentage Mod: HP is shown in percentages\n|\n|start\n|switch|p1a: Aurorus|Aurorus, L88, F|359\/359\n|switch|p2a: Keldeo|Keldeo, L80|277\/277\n|-weather|Hail|[from] ability: Snow Warning|[of] p1a: Aurorus\n|turn|1\n|\n|switch|p1a: Rotom|Rotom-Wash, L80|211\/211\n|move|p2a: Keldeo|Secret Sword|p1a: Rotom\n|-damage|p1a: Rotom|73\/211\n|\n|-weather|Hail|[upkeep]\n|-damage|p2a: Keldeo|260\/277|[from] Hail\n|-damage|p1a: Rotom|60\/211|[from] Hail\n|-heal|p1a: Rotom|73\/211|[from] item: Leftovers\n|upkeep\n|turn|2\n|\n|move|p2a: Keldeo|Secret Sword|p1a: Rotom\n|-damage|p1a: Rotom|0 fnt\n|faint|p1a: Rotom\n|\n|-weather|Hail|[upkeep]\n|-damage|p2a: Keldeo|243\/277|[from] Hail\n|upkeep\n|\n|switch|p1a: Rayquaza|Rayquaza, L78|291\/291\n|-ability|p1a: Rayquaza|Air Lock\n|turn|3\n|\n|switch|p2a: Arcanine|Arcanine, L84, M|287\/287\n|-ability|p2a: Arcanine|Intimidate|boost\n|-unboost|p1a: Rayquaza|atk|1\n|move|p1a: Rayquaza|Dragon Dance|p1a: Rayquaza\n|-boost|p1a: Rayquaza|atk|1\n|-boost|p1a: Rayquaza|spe|1\n|\n|-weather|Hail|[upkeep]\n|upkeep\n|turn|4\n|\n|move|p1a: Rayquaza|Dragon Dance|p1a: Rayquaza\n|-boost|p1a: Rayquaza|atk|1\n|-boost|p1a: Rayquaza|spe|1\n|move|p2a: Arcanine|Crunch|p1a: Rayquaza\n|-damage|p1a: Rayquaza|200\/291\n|-damage|p2a: Arcanine|259\/287|[from] item: Life Orb\n|\n|-weather|Hail|[upkeep]\n|upkeep\n|turn|5\n|\n|move|p1a: Rayquaza|Dragon Dance|p1a: Rayquaza\n|-boost|p1a: Rayquaza|atk|1\n|-boost|p1a: Rayquaza|spe|1\n|move|p2a: Arcanine|Crunch|p1a: Rayquaza\n|-damage|p1a: Rayquaza|109\/291\n|-damage|p2a: Arcanine|231\/287|[from] item: Life Orb\n|\n|-weather|none\n|upkeep\n|turn|6\n|\n|move|p1a: Rayquaza|Earthquake|p2a: Arcanine\n|-supereffective|p2a: Arcanine\n|-damage|p2a: Arcanine|0 fnt\n|faint|p2a: Arcanine\n|\n|upkeep\n|\n|switch|p2a: Swampert|Swampert, L82, M|298\/298\n|turn|7\n|\n|-zpower|p1a: Rayquaza\n|move|p1a: Rayquaza|Devastating Drake|p2a: Swampert|[zeffect]\n|-damage|p2a: Swampert|0 fnt\n|faint|p2a: Swampert\n|\n|upkeep\n|\n|switch|p2a: Ampharos|Ampharos, L84, F|288\/288\n|turn|8\n|\n|detailschange|p2a: Ampharos|Ampharos-Mega, L84, F\n|-mega|p2a: Ampharos|Ampharos|Ampharosite\n|-ability|p2a: Ampharos|Mold Breaker\n|move|p1a: Rayquaza|Earthquake|p2a: Ampharos\n|-supereffective|p2a: Ampharos\n|-damage|p2a: Ampharos|0 fnt\n|faint|p2a: Ampharos\n|\n|upkeep\n|-message|comp233 forfeited.\n|\n|win|Alolan crow\n|l|\u2606comp233\n","inputlog":">version 756e21ff1b1a3a868fe3ecb1aa0a82246627498f\n>start {\"formatid\":\"gen7randombattle\",\"seed\":[52842,43746,59444,26119],\"rated\":\"Rated battle\"}\n>player p1 {\"name\":\"Alolan crow\",\"avatar\":\"2\",\"team\":\"\",\"rating\":1919,\"seed\":[59165,48180,3615,11609]}\n>player p2 {\"name\":\"comp233\",\"avatar\":\"115\",\"team\":\"\",\"rating\":2009,\"seed\":[26161,16514,20945,17436]}\n>p1 switch 6\n>p2 move secretsword\n>p1 move voltswitch\n>p2 move secretsword\n>p1 switch 4\n>p1 move dragondance\n>p2 switch 2\n>p1 move dragondance\n>p2 move crunch\n>p1 move dragondance\n>p2 move crunch\n>p1 move earthquake\n>p2 move crunch\n>p2 switch 4\n>p1 move outrage zmove\n>p2 move roar\n>p2 switch 6\n>p1 move earthquake\n>p2 move dragonpulse mega","uploadtime":1571253994,"views":5,"p1id":"alolancrow","p2id":"comp233","formatid":"gen7randombattle","rating":0,"private":0,"password":null}