{"id":"gen7ou-626238373","p1":"SharowPSL","p2":"Q114","format":"gen7ou","log":"|j|SharowPSL\n|j|Q114\n|player|p1|SharowPSL|175\n|teamsize|p1|6\n|player|p2|Q114|170\n|teamsize|p2|6\n|gametype|singles\n|gen|7\n|tier|[Gen 7] OU\n|rated\n|seed|35812,4594,46205,51861\n|rule|Sleep Clause Mod: Limit one foe put to sleep\n|rule|Species Clause: Limit one of each Pok\u00e9mon\n|rule|OHKO Clause: OHKO moves are banned\n|rule|Moody Clause: Moody is banned\n|rule|Evasion Moves Clause: Evasion moves are banned\n|rule|Endless Battle Clause: Forcing endless battles is banned\n|rule|HP Percentage Mod: HP is shown in percentages\n|clearpoke\n|poke|p1|Uxie|item\n|poke|p1|Mawile, F|item\n|poke|p1|Magearna|item\n|poke|p1|Marowak-Alola, M|item\n|poke|p1|Cresselia, F|item\n|poke|p1|Crawdaunt, M|item\n|poke|p2|Swampert, F|item\n|poke|p2|Tornadus-Therian, M|item\n|poke|p2|Politoed, M|item\n|poke|p2|Smeargle, M|item\n|poke|p2|Manaphy|item\n|poke|p2|Tapu Lele|item\n|teampreview\n|j|tonicosuepes\n|choice|team 1, team 2, team 3, team 4, team 5, team 6|team 4, team 2, team 3, team 1, team 5, team 6\n|\n|start\n|switch|p1a: W2S le troll|Uxie|354\/354\n|switch|p2a: Smeargle|Smeargle, M|220\/220\n|turn|1\n|l|tonicosuepes\n|choice|move trickroom|move stealthrock\n|\n|move|p2a: Smeargle|Stealth Rock|p1a: W2S le troll\n|-sidestart|p1: SharowPSL|move: Stealth Rock\n|move|p1a: W2S le troll|Trick Room|p1a: W2S le troll\n|-fieldstart|move: Trick Room|[of] p1a: W2S le troll\n|\n|upkeep\n|turn|2\n|j|Luigi over mario\n|choice|move stealthrock|move endeavor\n|\n|move|p1a: W2S le troll|Stealth Rock|p2a: Smeargle\n|-sidestart|p2: Q114|move: Stealth Rock\n|move|p2a: Smeargle|Endeavor|p1a: W2S le troll\n|-damage|p1a: W2S le troll|220\/354\n|\n|upkeep\n|turn|3\n|choice|move psyshock|move endeavor\n|\n|move|p1a: W2S le troll|Psyshock|p2a: Smeargle\n|-enditem|p2a: Smeargle|Focus Sash\n|-damage|p2a: Smeargle|1\/220\n|move|p2a: Smeargle|Endeavor|p1a: W2S le troll\n|-damage|p1a: W2S le troll|1\/354\n|\n|upkeep\n|turn|4\n|l|Luigi over mario\n|choice|move memento|move extremespeed\n|\n|move|p2a: Smeargle|Extreme Speed|p1a: W2S le troll\n|-damage|p1a: W2S le troll|0 fnt\n|faint|p1a: W2S le troll\n|\n|upkeep\n|choice|switch 3|\n|\n|switch|p1a: Surcot\u00e9e|Magearna|364\/364\n|-damage|p1a: Surcot\u00e9e|342\/364|[from] Stealth Rock\n|turn|5\n|choice|move icebeam|switch 4\n|\n|switch|p2a: Swampert|Swampert, F|341\/341\n|-damage|p2a: Swampert|320\/341|[from] Stealth Rock\n|move|p1a: Surcot\u00e9e|Ice Beam|p2a: Swampert\n|-crit|p2a: Swampert\n|-damage|p2a: Swampert|129\/341\n|-status|p2a: Swampert|frz\n|\n|-fieldend|move: Trick Room\n|upkeep\n|turn|6\n|choice|move trickroom|move earthquake mega\n|\n|detailschange|p2a: Swampert|Swampert-Mega, F\n|-mega|p2a: Swampert|Swampert|Swampertite\n|cant|p2a: Swampert|frz\n|move|p1a: Surcot\u00e9e|Trick Room|p1a: Surcot\u00e9e\n|-fieldstart|move: Trick Room|[of] p1a: Surcot\u00e9e\n|\n|upkeep\n|turn|7\n|choice|move icebeam|move earthquake\n|\n|move|p1a: Surcot\u00e9e|Ice Beam|p2a: Swampert\n|-damage|p2a: Swampert|24\/341 frz\n|cant|p2a: Swampert|frz\n|\n|upkeep\n|turn|8\n|choice|move icebeam|switch 3\n|\n|switch|p2a: Politoed|Politoed, M|383\/383\n|-damage|p2a: Politoed|336\/383|[from] Stealth Rock\n|-weather|RainDance|[from] ability: Drizzle|[of] p2a: Politoed\n|move|p1a: Surcot\u00e9e|Ice Beam|p2a: Politoed\n|-resisted|p2a: Politoed\n|-damage|p2a: Politoed|280\/383\n|\n|-weather|RainDance|[upkeep]\n|upkeep\n|turn|9\n|choice|move thunderbolt|switch 4\n|\n|switch|p2a: Smeargle|Smeargle, M|1\/220\n|-damage|p2a: Smeargle|0 fnt|[from] Stealth Rock\n|faint|p2a: Smeargle\n|-ability|p1a: Surcot\u00e9e|Soul-Heart|boost\n|-boost|p1a: Surcot\u00e9e|spa|1\n|move|p1a: Surcot\u00e9e|Thunderbolt|p2: Smeargle|[notarget]\n|-notarget\n|\n|-weather|RainDance|[upkeep]\n|upkeep\n|choice||switch 3\n|\n|switch|p2a: Swampert|Swampert-Mega, F|24\/341 frz\n|-damage|p2a: Swampert|3\/341 frz|[from] Stealth Rock\n|turn|10\n|choice|move trickroom|move earthquake\n|\n|-curestatus|p2a: Swampert|frz|[msg]\n|move|p2a: Swampert|Earthquake|p1a: Surcot\u00e9e\n|-supereffective|p1a: Surcot\u00e9e\n|-enditem|p1a: Surcot\u00e9e|Shuca Berry|[eat]\n|-enditem|p1a: Surcot\u00e9e|Shuca Berry|[weaken]\n|-damage|p1a: Surcot\u00e9e|137\/364\n|move|p1a: Surcot\u00e9e|Trick Room|p1a: Surcot\u00e9e\n|-fieldend|move: Trick Room\n|\n|-weather|RainDance|[upkeep]\n|upkeep\n|turn|11\n|choice|switch 5|move earthquake\n|\n|switch|p1a: D4rk Cresselia|Cresselia, F|444\/444\n|-damage|p1a: D4rk Cresselia|389\/444|[from] Stealth Rock\n|move|p2a: Swampert|Earthquake|p1a: D4rk Cresselia\n|-immune|p1a: D4rk Cresselia|[msg]|[from] ability: Levitate\n|\n|-weather|RainDance|[upkeep]\n|upkeep\n|turn|12\n|choice|move trickroom|move waterfall\n|\n|move|p2a: Swampert|Waterfall|p1a: D4rk Cresselia\n|-damage|p1a: D4rk Cresselia|208\/444\n|move|p1a: D4rk Cresselia|Trick Room|p1a: D4rk Cresselia\n|-fieldstart|move: Trick Room|[of] p1a: D4rk Cresselia\n|\n|-weather|RainDance|[upkeep]\n|upkeep\n|turn|13\n|choice|move lunardance|switch 6\n|\n|switch|p2a: Tapu Lele|Tapu Lele|281\/281\n|-damage|p2a: Tapu Lele|246\/281|[from] Stealth Rock\n|-fieldstart|move: Psychic Terrain|[from] ability: Psychic Surge|[of] p2a: Tapu Lele\n|move|p1a: D4rk Cresselia|Lunar Dance|p1a: D4rk Cresselia\n|faint|p1a: D4rk Cresselia\n|\n|-weather|RainDance|[upkeep]\n|upkeep\n|choice|switch 5|\n|\n|switch|p1a: Surcot\u00e9e|Magearna|137\/364\n|-heal|p1a: Surcot\u00e9e|364\/364|[from] move: Lunar Dance\n|-damage|p1a: Surcot\u00e9e|342\/364|[from] Stealth Rock\n|turn|14\n|choice|move flashcannon|move psychic\n|\n|move|p1a: Surcot\u00e9e|Flash Cannon|p2a: Tapu Lele\n|-supereffective|p2a: Tapu Lele\n|-damage|p2a: Tapu Lele|0 fnt\n|faint|p2a: Tapu Lele\n|-ability|p1a: Surcot\u00e9e|Soul-Heart|boost\n|-boost|p1a: Surcot\u00e9e|spa|1\n|\n|-weather|RainDance|[upkeep]\n|upkeep\n|choice||switch 6\n|\n|switch|p2a: Swampert|Swampert-Mega, F|3\/341\n|-damage|p2a: Swampert|0 fnt|[from] Stealth Rock\n|faint|p2a: Swampert\n|-ability|p1a: Surcot\u00e9e|Soul-Heart|boost\n|-boost|p1a: Surcot\u00e9e|spa|1\n|inactive|Battle timer is ON: inactive players will automatically lose when time's up. (requested by SharowPSL)\n|inactive|Q114 has 120 seconds left.\n|inactive|Q114 has 90 seconds left.\n|inactive|Q114 has 60 seconds left.\n|inactive|Q114 has 40 seconds left.\n|inactive|Q114 has 30 seconds left.\n|inactive|Q114 has 20 seconds left.\n|inactive|Q114 has 10 seconds left.\n|-message|Q114 lost due to inactivity.\n|\n|win|SharowPSL\n|raw|SharowPSL's rating: 1799 &rarr; <strong>1818<\/strong><br \/>(+19 for winning)\n|raw|Q114's rating: 1778 &rarr; <strong>1759<\/strong><br \/>(-19 for losing)\n|l|SharowPSL\n|j|Shit Spectator\n|l|Shit Spectator\n|j|Shit Spectator","inputlog":null,"uploadtime":1504400113,"views":20,"p1id":"sharowpsl","p2id":"q114","formatid":"gen7ou","rating":1759,"private":0,"password":null}