{"id":"gen7ou-1147431020","p1":"Trogba Trogba","p2":"PokePollen","format":"gen7ou","log":"|j|\u2606Trogba Trogba\n|j|\u2606PokePollen\n|player|p1|Trogba Trogba|lance|1504\n|player|p2|PokePollen|1|1566\n|teamsize|p1|6\n|teamsize|p2|6\n|gametype|singles\n|gen|7\n|tier|[Gen 7] OU\n|rated|\n|clearpoke\n|poke|p1|Greninja, M|item\n|poke|p1|Landorus-Therian, M|item\n|poke|p1|Toxapex, F|item\n|poke|p1|Latias, F|item\n|poke|p1|Heatran, F|item\n|poke|p1|Ferrothorn, M|item\n|poke|p2|Mawile, F|item\n|poke|p2|Rotom-Wash|item\n|poke|p2|Heatran, M|item\n|poke|p2|Landorus-Therian, M|item\n|poke|p2|Tapu Bulu|item\n|poke|p2|Kartana|item\n|rule|Sleep Clause Mod: Limit one foe put to sleep\n|rule|Species Clause: Limit one of each Pok\u00e9mon\n|rule|OHKO Clause: OHKO moves are banned\n|rule|Moody Clause: Moody is banned\n|rule|Evasion Moves Clause: Evasion moves are banned\n|rule|Endless Battle Clause: Forcing endless battles is banned\n|rule|HP Percentage Mod: HP is shown in percentages\n|teampreview\n|\n|start\n|switch|p1a: Heatran|Heatran, F|100\/100\n|switch|p2a: Landorus|Landorus-Therian, M|100\/100\n|-ability|p2a: Landorus|Intimidate|boost\n|-unboost|p1a: Heatran|atk|1\n|turn|1\n|inactive|Battle timer is ON: inactive players will automatically lose when time's up. (requested by PokePollen)\n|\n|switch|p2a: Rotom|Rotom-Wash|100\/100\n|switch|p1a: Ferrothorn|Ferrothorn, M|100\/100\n|\n|upkeep\n|turn|2\n|\n|move|p2a: Rotom|Thunder Wave|p1a: Ferrothorn|[miss]\n|-miss|p2a: Rotom|p1a: Ferrothorn\n|move|p1a: Ferrothorn|Spikes|p2a: Rotom\n|-sidestart|p2: PokePollen|Spikes\n|\n|upkeep\n|turn|3\n|j| Thedarkcry\n|\n|switch|p2a: Landorus|Landorus-Therian, M|100\/100\n|-ability|p2a: Landorus|Intimidate|boost\n|-unboost|p1a: Ferrothorn|atk|1\n|move|p1a: Ferrothorn|Power Whip|p2a: Landorus\n|-damage|p2a: Landorus|70\/100\n|\n|upkeep\n|turn|4\n|\n|move|p2a: Landorus|U-turn|p1a: Ferrothorn\n|-damage|p1a: Ferrothorn|79\/100\n|-damage|p2a: Landorus|57\/100|[from] ability: Iron Barbs|[of] p1a: Ferrothorn\n|\n|switch|p2a: Kartana|Kartana|100\/100|[from]move: U-turn\n|-damage|p2a: Kartana|88\/100|[from] Spikes\n|move|p1a: Ferrothorn|Spikes|p2a: Kartana\n|-sidestart|p2: PokePollen|Spikes\n|\n|-heal|p1a: Ferrothorn|85\/100|[from] item: Leftovers\n|upkeep\n|turn|5\n|\n|-zpower|p2a: Kartana\n|move|p2a: Kartana|Breakneck Blitz|p1a: Ferrothorn|[zeffect]\n|-resisted|p1a: Ferrothorn\n|-damage|p1a: Ferrothorn|53\/100\n|move|p1a: Ferrothorn|Spikes|p2a: Kartana\n|-sidestart|p2: PokePollen|Spikes\n|\n|-heal|p1a: Ferrothorn|60\/100|[from] item: Leftovers\n|upkeep\n|turn|6\n|\n|switch|p1a: Toxapex|Toxapex, F|100\/100\n|move|p2a: Kartana|Giga Impact|p1a: Toxapex\n|-damage|p1a: Toxapex|51\/100\n|-mustrecharge|p2a: Kartana\n|\n|-heal|p1a: Toxapex|57\/100|[from] item: Black Sludge\n|upkeep\n|turn|7\n|\n|cant|p2a: Kartana|recharge\n|move|p1a: Toxapex|Scald|p2a: Kartana\n|-resisted|p2a: Kartana\n|-damage|p2a: Kartana|64\/100\n|\n|-heal|p1a: Toxapex|63\/100|[from] item: Black Sludge\n|upkeep\n|turn|8\n|\n|switch|p2a: Rotom|Rotom-Wash|100\/100\n|move|p1a: Toxapex|Scald|p2a: Rotom\n|-resisted|p2a: Rotom\n|-damage|p2a: Rotom|95\/100\n|\n|-heal|p1a: Toxapex|69\/100|[from] item: Black Sludge\n|upkeep\n|turn|9\n|\n|switch|p1a: Ferrothorn|Ferrothorn, M|60\/100\n|move|p2a: Rotom|Thunder Wave|p1a: Ferrothorn\n|-status|p1a: Ferrothorn|par\n|\n|-heal|p1a: Ferrothorn|66\/100 par|[from] item: Leftovers\n|upkeep\n|turn|10\n|\n|move|p2a: Rotom|Defog|p1a: Ferrothorn\n|-unboost|p1a: Ferrothorn|evasion|1\n|-sideend|p2: PokePollen|Spikes|[from] move: Defog|[of] p2a: Rotom\n|move|p1a: Ferrothorn|Leech Seed|p2a: Rotom\n|-start|p2a: Rotom|move: Leech Seed\n|\n|-heal|p1a: Ferrothorn|72\/100 par|[from] item: Leftovers\n|-damage|p2a: Rotom|82\/100|[from] Leech Seed|[of] p1a: Ferrothorn\n|-heal|p1a: Ferrothorn|83\/100 par|[silent]\n|upkeep\n|turn|11\n|\n|switch|p2a: mawilemega|Mawile, F|100\/100\n|-ability|p2a: mawilemega|Intimidate|boost\n|-unboost|p1a: Ferrothorn|atk|1\n|cant|p1a: Ferrothorn|par\n|\n|-heal|p1a: Ferrothorn|89\/100 par|[from] item: Leftovers\n|upkeep\n|turn|12\n|\n|switch|p1a: Landorus|Landorus-Therian, M|100\/100\n|-ability|p1a: Landorus|Intimidate|boost\n|-unboost|p2a: mawilemega|atk|1\n|detailschange|p2a: mawilemega|Mawile-Mega, F\n|-mega|p2a: mawilemega|Mawile|Mawilite\n|move|p2a: mawilemega|Play Rough|p1a: Landorus\n|-damage|p1a: Landorus|41\/100\n|\n|upkeep\n|turn|13\n|\n|switch|p2a: Rotom|Rotom-Wash|82\/100\n|move|p1a: Landorus|U-turn|p2a: Rotom\n|-damage|p2a: Rotom|55\/100\n|\n|switch|p1a: Ferrothorn|Ferrothorn, M|89\/100 par|[from]move: U-turn\n|\n|-heal|p1a: Ferrothorn|95\/100 par|[from] item: Leftovers\n|upkeep\n|turn|14\n|\n|move|p2a: Rotom|Volt Switch|p1a: Ferrothorn\n|-resisted|p1a: Ferrothorn\n|-damage|p1a: Ferrothorn|87\/100 par\n|\n|switch|p2a: Heatran|Heatran, M|100\/100|[from]move: Volt Switch\n|move|p1a: Ferrothorn|Spikes|p2a: Heatran\n|-sidestart|p2: PokePollen|Spikes\n|\n|-heal|p1a: Ferrothorn|93\/100 par|[from] item: Leftovers\n|upkeep\n|turn|15\n|\n|switch|p1a: Heatran|Heatran, F|100\/100\n|move|p2a: Heatran|Stealth Rock|p1a: Heatran\n|-sidestart|p1: Trogba Trogba|move: Stealth Rock\n|\n|upkeep\n|turn|16\n|\n|move|p1a: Heatran|Earth Power|p2a: Heatran\n|-supereffective|p2a: Heatran\n|-damage|p2a: Heatran|8\/100\n|move|p2a: Heatran|Earth Power|p1a: Heatran\n|-supereffective|p1a: Heatran\n|-damage|p1a: Heatran|0 fnt\n|faint|p1a: Heatran\n|\n|-heal|p2a: Heatran|14\/100|[from] item: Leftovers\n|upkeep\n|\n|switch|p1a: Greninja|Greninja, M|100\/100\n|-damage|p1a: Greninja|88\/100|[from] Stealth Rock\n|turn|17\n|\n|move|p1a: Greninja|Dark Pulse|p2a: Heatran\n|-damage|p2a: Heatran|0 fnt\n|faint|p2a: Heatran\n|-activate|p1a: Greninja|ability: Battle Bond\n|detailschange|p1a: Greninja|Greninja-Ash, M\n|\n|upkeep\n|\n|switch|p2a: Landorus|Landorus-Therian, M|57\/100\n|-ability|p2a: Landorus|Intimidate|boost\n|-unboost|p1a: Greninja|atk|1\n|turn|18\n|\n|switch|p2a: Rotom|Rotom-Wash|55\/100\n|switch|p1a: Ferrothorn|Ferrothorn, M|93\/100 par\n|-damage|p1a: Ferrothorn|87\/100 par|[from] Stealth Rock\n|\n|-heal|p1a: Ferrothorn|93\/100 par|[from] item: Leftovers\n|upkeep\n|turn|19\n|\n|move|p2a: Rotom|Volt Switch|p1a: Ferrothorn\n|-resisted|p1a: Ferrothorn\n|-damage|p1a: Ferrothorn|86\/100 par\n|\n|switch|p2a: Kartana|Kartana|64\/100|[from]move: Volt Switch\n|-damage|p2a: Kartana|51\/100|[from] Spikes\n|cant|p1a: Ferrothorn|par\n|\n|-heal|p1a: Ferrothorn|92\/100 par|[from] item: Leftovers\n|upkeep\n|turn|20\n|\n|move|p2a: Kartana|Sacred Sword|p1a: Ferrothorn\n|-supereffective|p1a: Ferrothorn\n|-damage|p1a: Ferrothorn|30\/100 par\n|-damage|p2a: Kartana|39\/100|[from] ability: Iron Barbs|[of] p1a: Ferrothorn\n|move|p1a: Ferrothorn|Spikes|p2a: Kartana\n|-sidestart|p2: PokePollen|Spikes\n|\n|-heal|p1a: Ferrothorn|36\/100 par|[from] item: Leftovers\n|upkeep\n|turn|21\n|\n|move|p2a: Kartana|Giga Impact|p1a: Ferrothorn\n|-resisted|p1a: Ferrothorn\n|-damage|p1a: Ferrothorn|10\/100 par\n|-mustrecharge|p2a: Kartana\n|-damage|p2a: Kartana|27\/100|[from] ability: Iron Barbs|[of] p1a: Ferrothorn\n|move|p1a: Ferrothorn|Spikes|p2a: Kartana\n|-sidestart|p2: PokePollen|Spikes\n|\n|-heal|p1a: Ferrothorn|17\/100 par|[from] item: Leftovers\n|upkeep\n|turn|22\n|\n|switch|p1a: Greninja|Greninja-Ash, M|88\/100\n|-damage|p1a: Greninja|76\/100|[from] Stealth Rock\n|cant|p2a: Kartana|recharge\n|\n|upkeep\n|turn|23\n|l| Thedarkcry\n|\n|move|p1a: Greninja|Dark Pulse|p2a: Kartana\n|-damage|p2a: Kartana|0 fnt\n|faint|p2a: Kartana\n|\n|upkeep\n|\n|switch|p2a: Tapu Bulu|Tapu Bulu|100\/100\n|-damage|p2a: Tapu Bulu|76\/100|[from] Spikes\n|-fieldstart|move: Grassy Terrain|[from] ability: Grassy Surge|[of] p2a: Tapu Bulu\n|turn|24\n|\n|switch|p1a: Ferrothorn|Ferrothorn, M|17\/100 par\n|-damage|p1a: Ferrothorn|10\/100 par|[from] Stealth Rock\n|move|p2a: Tapu Bulu|Horn Leech|p1a: Ferrothorn\n|-resisted|p1a: Ferrothorn\n|-damage|p1a: Ferrothorn|0 fnt\n|-heal|p2a: Tapu Bulu|81\/100|[from] drain|[of] p1a: Ferrothorn\n|-damage|p2a: Tapu Bulu|69\/100|[from] ability: Iron Barbs|[of] p1a: Ferrothorn\n|faint|p1a: Ferrothorn\n|\n|-heal|p2a: Tapu Bulu|75\/100|[from] Grassy Terrain\n|upkeep\n|\n|switch|p1a: Greninja|Greninja-Ash, M|76\/100\n|-damage|p1a: Greninja|64\/100|[from] Stealth Rock\n|turn|25\n|\n|switch|p2a: Landorus|Landorus-Therian, M|57\/100\n|-ability|p2a: Landorus|Intimidate|boost\n|-unboost|p1a: Greninja|atk|1\n|move|p1a: Greninja|Ice Beam|p2a: Landorus\n|-supereffective|p2a: Landorus\n|-damage|p2a: Landorus|0 fnt\n|faint|p2a: Landorus\n|\n|-heal|p1a: Greninja|70\/100|[from] Grassy Terrain\n|upkeep\n|\n|switch|p2a: Rotom|Rotom-Wash|55\/100\n|turn|26\n|\n|switch|p1a: Latias|Latias, F|100\/100\n|-damage|p1a: Latias|88\/100|[from] Stealth Rock\n|move|p2a: Rotom|Thunder Wave|p1a: Latias\n|-status|p1a: Latias|par\n|\n|upkeep\n|turn|27\n|\n|detailschange|p1a: Latias|Latias-Mega, F\n|-mega|p1a: Latias|Latias|Latiasite\n|move|p2a: Rotom|Thunder Wave|p1a: Latias\n|-fail|p1a: Latias|par\n|cant|p1a: Latias|par\n|\n|upkeep\n|turn|28\n|\n|move|p2a: Rotom|Thunder Wave|p1a: Latias\n|-fail|p1a: Latias|par\n|move|p1a: Latias|Psyshock|p2a: Rotom\n|-damage|p2a: Rotom|15\/100\n|-enditem|p2a: Rotom|Wiki Berry|[eat]\n|-heal|p2a: Rotom|65\/100|[from] item: Wiki Berry\n|\n|-fieldend|move: Grassy Terrain\n|upkeep\n|turn|29\n|\n|move|p2a: Rotom|Defog|p1a: Latias\n|-unboost|p1a: Latias|evasion|1\n|-sideend|p1: Trogba Trogba|Stealth Rock|[from] move: Defog|[of] p2a: Rotom\n|-sideend|p2: PokePollen|Spikes|[from] move: Defog|[of] p2a: Rotom\n|move|p1a: Latias|Calm Mind|p1a: Latias\n|-boost|p1a: Latias|spa|1\n|-boost|p1a: Latias|spd|1\n|\n|upkeep\n|turn|30\n|\n|switch|p2a: mawilemega|Mawile-Mega, F|100\/100\n|move|p1a: Latias|Psyshock|p2a: mawilemega\n|-resisted|p2a: mawilemega\n|-damage|p2a: mawilemega|75\/100\n|\n|upkeep\n|turn|31\n|\n|switch|p1a: Toxapex|Toxapex, F|100\/100\n|move|p2a: mawilemega|Play Rough|p1a: Toxapex\n|-resisted|p1a: Toxapex\n|-damage|p1a: Toxapex|67\/100\n|-unboost|p1a: Toxapex|atk|1\n|\n|-heal|p1a: Toxapex|73\/100|[from] item: Black Sludge\n|upkeep\n|turn|32\n|\n|move|p2a: mawilemega|Play Rough|p1a: Toxapex|[miss]\n|-miss|p2a: mawilemega|p1a: Toxapex\n|move|p1a: Toxapex|Scald|p2a: mawilemega\n|-crit|p2a: mawilemega\n|-damage|p2a: mawilemega|40\/100\n|\n|-heal|p1a: Toxapex|79\/100|[from] item: Black Sludge\n|upkeep\n|turn|33\n|\n|move|p2a: mawilemega|Thunder Punch|p1a: Toxapex\n|-supereffective|p1a: Toxapex\n|-damage|p1a: Toxapex|3\/100\n|move|p1a: Toxapex|Scald|p2a: mawilemega\n|-damage|p2a: mawilemega|18\/100\n|\n|-heal|p1a: Toxapex|9\/100|[from] item: Black Sludge\n|upkeep\n|turn|34\n|\n|move|p2a: mawilemega|Play Rough|p1a: Toxapex\n|-resisted|p1a: Toxapex\n|-damage|p1a: Toxapex|0 fnt\n|faint|p1a: Toxapex\n|\n|upkeep\n|\n|switch|p1a: Greninja|Greninja-Ash, M|70\/100\n|turn|35\n|\n|move|p1a: Greninja|Dark Pulse|p2a: mawilemega\n|-resisted|p2a: mawilemega\n|-damage|p2a: mawilemega|0 fnt\n|faint|p2a: mawilemega\n|\n|upkeep\n|\n|switch|p2a: Tapu Bulu|Tapu Bulu|75\/100\n|-fieldstart|move: Grassy Terrain|[from] ability: Grassy Surge|[of] p2a: Tapu Bulu\n|turn|36\n|\n|switch|p1a: Landorus|Landorus-Therian, M|41\/100\n|-ability|p1a: Landorus|Intimidate|boost\n|-unboost|p2a: Tapu Bulu|atk|1\n|move|p2a: Tapu Bulu|Horn Leech|p1a: Landorus\n|-damage|p1a: Landorus|0 fnt\n|-heal|p2a: Tapu Bulu|94\/100|[from] drain|[of] p1a: Landorus\n|faint|p1a: Landorus\n|\n|-heal|p2a: Tapu Bulu|100\/100|[from] Grassy Terrain\n|upkeep\n|\n|switch|p1a: Greninja|Greninja-Ash, M|70\/100\n|turn|37\n|\n|switch|p2a: Rotom|Rotom-Wash|65\/100\n|move|p1a: Greninja|Ice Beam|p2a: Rotom\n|-resisted|p2a: Rotom\n|-damage|p2a: Rotom|45\/100\n|\n|-heal|p1a: Greninja|76\/100|[from] Grassy Terrain\n|upkeep\n|turn|38\n|\n|switch|p1a: Latias|Latias-Mega, F|88\/100 par\n|move|p2a: Rotom|Hydro Pump|p1a: Latias|[miss]\n|-miss|p2a: Rotom|p1a: Latias\n|\n|upkeep\n|turn|39\n|\n|move|p2a: Rotom|Thunder Wave|p1a: Latias\n|-fail|p1a: Latias|par\n|move|p1a: Latias|Ice Beam|p2a: Rotom\n|-resisted|p2a: Rotom\n|-damage|p2a: Rotom|34\/100\n|\n|upkeep\n|turn|40\n|\n|move|p2a: Rotom|Hydro Pump|p1a: Latias\n|-resisted|p1a: Latias\n|-damage|p1a: Latias|76\/100 par\n|move|p1a: Latias|Ice Beam|p2a: Rotom\n|-resisted|p2a: Rotom\n|-damage|p2a: Rotom|23\/100\n|\n|-fieldend|move: Grassy Terrain\n|upkeep\n|turn|41\n|\n|move|p2a: Rotom|Hydro Pump|p1a: Latias|[miss]\n|-miss|p2a: Rotom|p1a: Latias\n|cant|p1a: Latias|par\n|\n|upkeep\n|turn|42\n|\n|move|p2a: Rotom|Hydro Pump|p1a: Latias|[miss]\n|-miss|p2a: Rotom|p1a: Latias\n|move|p1a: Latias|Ice Beam|p2a: Rotom\n|-resisted|p2a: Rotom\n|-damage|p2a: Rotom|11\/100\n|\n|upkeep\n|turn|43\n|\n|move|p2a: Rotom|Hydro Pump|p1a: Latias\n|-resisted|p1a: Latias\n|-crit|p1a: Latias\n|-damage|p1a: Latias|56\/100 par\n|move|p1a: Latias|Ice Beam|p2a: Rotom\n|-resisted|p2a: Rotom\n|-damage|p2a: Rotom|0 fnt\n|faint|p2a: Rotom\n|\n|upkeep\n|\n|switch|p2a: Tapu Bulu|Tapu Bulu|100\/100\n|-fieldstart|move: Grassy Terrain|[from] ability: Grassy Surge|[of] p2a: Tapu Bulu\n|turn|44\n|\n|move|p2a: Tapu Bulu|Megahorn|p1a: Latias\n|-supereffective|p1a: Latias\n|-damage|p1a: Latias|0 fnt\n|faint|p1a: Latias\n|\n|upkeep\n|\n|switch|p1a: Greninja|Greninja-Ash, M|76\/100\n|turn|45\n|\n|move|p1a: Greninja|Ice Beam|p2a: Tapu Bulu\n|-supereffective|p2a: Tapu Bulu\n|-damage|p2a: Tapu Bulu|0 fnt\n|faint|p2a: Tapu Bulu\n|\n|win|Trogba Trogba\n|c|\u2606PokePollen|gg\n","uploadtime":1594221650,"views":4,"p1id":"trogbatrogba","p2id":"pokepollen","formatid":"gen7ou","rating":0,"private":0,"password":null}