{"id":"gen7ou-682606743","p1":"Watrika","p2":"Q114","format":"gen7ou","log":"|j|\u2606Watrika\n|j|\u2606Q114\n|player|p1|Watrika|79\n|teamsize|p1|6\n|player|p2|Q114|2\n|teamsize|p2|6\n|gametype|singles\n|gen|7\n|tier|[Gen 7] OU\n|rated||rule|Sleep Clause Mod: Limit one foe put to sleep\n|rule|Species Clause: Limit one of each Pok\u00e9mon\n|rule|OHKO Clause: OHKO moves are banned\n|rule|Moody Clause: Moody is banned\n|rule|Evasion Moves Clause: Evasion moves are banned\n|rule|Endless Battle Clause: Forcing endless battles is banned\n|rule|HP Percentage Mod: HP is shown in percentages\n|clearpoke\n|poke|p1|Pinsir, M|item\n|poke|p1|Landorus-Therian, M|item\n|poke|p1|Tapu Lele|item\n|poke|p1|Greninja, M|item\n|poke|p1|Toxapex, M|item\n|poke|p1|Excadrill, M|item\n|poke|p2|Skarmory, M|item\n|poke|p2|Chansey, F|item\n|poke|p2|Magnezone|item\n|poke|p2|Toxapex, F|item\n|poke|p2|Clefable, F|item\n|poke|p2|Sableye, F|item\n|teampreview\n|j| JayLyfe|\n|start\n|switch|p1a: Tapu Lele|Tapu Lele|100\/100\n|switch|p2a: Sableye|Sableye, F|100\/100\n|-fieldstart|move: Psychic Terrain|[from] ability: Psychic Surge|[of] p1a: Tapu Lele\n|turn|1\n|inactive|Battle timer is ON: inactive players will automatically lose when time's up. (requested by Watrika)|\n|-mega|p2a: Sableye|Sableye|Sablenite\n|detailschange|p2a: Sableye|Sableye-Mega, F\n|move|p2a: Sableye|Protect|p2a: Sableye\n|-singleturn|p2a: Sableye|Protect\n|move|p1a: Tapu Lele|Moonblast|p2a: Sableye\n|-activate|p2a: Sableye|move: Protect\n|\n|upkeep\n|turn|2\n|j| just thy tip|\n|switch|p2a: Magnezone|Magnezone|100\/100\n|move|p1a: Tapu Lele|Moonblast|p2a: Magnezone\n|-resisted|p2a: Magnezone\n|-damage|p2a: Magnezone|62\/100\n|-unboost|p2a: Magnezone|spa|1\n|\n|upkeep\n|turn|3|\n|move|p2a: Magnezone|Flash Cannon|p1a: Tapu Lele\n|-supereffective|p1a: Tapu Lele\n|-damage|p1a: Tapu Lele|66\/100\n|move|p1a: Tapu Lele|Focus Blast|p2a: Magnezone\n|-supereffective|p2a: Magnezone\n|-damage|p2a: Magnezone|0 fnt\n|faint|p2a: Magnezone\n|\n|upkeep|\n|switch|p2a: Chansey|Chansey, F|100\/100\n|turn|4|\n|move|p1a: Tapu Lele|Psyshock|p2a: Chansey\n|-damage|p2a: Chansey|55\/100\n|move|p2a: Chansey|Stealth Rock|p1a: Tapu Lele\n|-sidestart|p1: Watrika|move: Stealth Rock\n|\n|upkeep\n|turn|5|\n|move|p1a: Tapu Lele|Psyshock|p2a: Chansey\n|-damage|p2a: Chansey|9\/100\n|move|p2a: Chansey|Soft-Boiled|p2a: Chansey\n|-heal|p2a: Chansey|59\/100\n|\n|-fieldend|move: Psychic Terrain\n|upkeep\n|turn|6|\n|switch|p1a: Landorus|Landorus-Therian, M|100\/100\n|-damage|p1a: Landorus|88\/100|[from] Stealth Rock\n|-ability|p1a: Landorus|Intimidate|boost\n|-unboost|p2a: Chansey|atk|1\n|move|p2a: Chansey|Soft-Boiled|p2a: Chansey\n|-heal|p2a: Chansey|100\/100\n|\n|upkeep\n|turn|7|\n|switch|p2a: Skarmory|Skarmory, M|100\/100\n|move|p1a: Landorus|Knock Off|p2a: Skarmory\n|-damage|p2a: Skarmory|77\/100\n|-damage|p1a: Landorus|72\/100|[from] item: Rocky Helmet|[of] p2a: Skarmory\n|-enditem|p2a: Skarmory|Rocky Helmet|[from] move: Knock Off|[of] p1a: Landorus\n|\n|upkeep\n|turn|8|\n|switch|p1a: Tapu Lele|Tapu Lele|66\/100\n|-damage|p1a: Tapu Lele|53\/100|[from] Stealth Rock\n|-fieldstart|move: Psychic Terrain|[from] ability: Psychic Surge|[of] p1a: Tapu Lele\n|move|p2a: Skarmory|Spikes|p1a: Tapu Lele\n|-sidestart|p1: Watrika|Spikes\n|\n|upkeep\n|turn|9\n|inactive|Q114 has 135 seconds left.|\n|switch|p2a: Toxapex|Toxapex, F|100\/100\n|move|p1a: Tapu Lele|Psyshock|p2a: Toxapex\n|-supereffective|p2a: Toxapex\n|-damage|p2a: Toxapex|19\/100\n|\n|-heal|p2a: Toxapex|25\/100|[from] item: Black Sludge\n|upkeep\n|turn|10|\n|switch|p2a: Chansey|Chansey, F|100\/100\n|move|p1a: Tapu Lele|Psyshock|p2a: Chansey\n|-damage|p2a: Chansey|54\/100\n|\n|upkeep\n|turn|11\n|j| flamevheit|\n|move|p1a: Tapu Lele|Psyshock|p2a: Chansey\n|-damage|p2a: Chansey|11\/100\n|move|p2a: Chansey|Soft-Boiled|p2a: Chansey\n|-heal|p2a: Chansey|61\/100\n|\n|upkeep\n|turn|12|\n|move|p1a: Tapu Lele|Psyshock|p2a: Chansey\n|-damage|p2a: Chansey|14\/100\n|move|p2a: Chansey|Soft-Boiled|p2a: Chansey\n|-heal|p2a: Chansey|65\/100\n|\n|-fieldend|move: Psychic Terrain\n|upkeep\n|turn|13|\n|switch|p1a: Landorus|Landorus-Therian, M|72\/100\n|-damage|p1a: Landorus|59\/100|[from] Stealth Rock\n|-ability|p1a: Landorus|Intimidate|boost\n|-unboost|p2a: Chansey|atk|1\n|switch|p2a: Sableye|Sableye-Mega, F|100\/100\n|\n|upkeep\n|turn|14|\n|-zpower|p1a: Landorus\n|move|p1a: Landorus|Supersonic Skystrike|p2a: Sableye|[zeffect]\n|-damage|p2a: Sableye|0 fnt\n|faint|p2a: Sableye\n|\n|upkeep\n|inactive|Q114 has 135 seconds left.\n|inactive|Q114 has 120 seconds left.|\n|switch|p2a: Skarmory|Skarmory, M|77\/100\n|turn|15|\n|switch|p1a: Excadrill|Excadrill, M|100\/100\n|-damage|p1a: Excadrill|88\/100|[from] Spikes\n|-damage|p1a: Excadrill|85\/100|[from] Stealth Rock\n|-ability|p1a: Excadrill|Mold Breaker\n|move|p2a: Skarmory|Spikes|p1a: Excadrill\n|-sidestart|p1: Watrika|Spikes\n|\n|upkeep\n|turn|16\n|inactive|Q114 has 135 seconds left.|\n|move|p1a: Excadrill|Rapid Spin|p2a: Skarmory\n|-resisted|p2a: Skarmory\n|-damage|p2a: Skarmory|75\/100\n|-sideend|p1: Watrika|Spikes|[from] move: Rapid Spin|[of] p1a: Excadrill\n|-sideend|p1: Watrika|Stealth Rock|[from] move: Rapid Spin|[of] p1a: Excadrill\n|move|p2a: Skarmory|Spikes|p1a: Excadrill\n|-sidestart|p1: Watrika|Spikes\n|\n|upkeep\n|turn|17|\n|move|p1a: Excadrill|Rapid Spin|p2a: Skarmory\n|-resisted|p2a: Skarmory\n|-damage|p2a: Skarmory|73\/100\n|-sideend|p1: Watrika|Spikes|[from] move: Rapid Spin|[of] p1a: Excadrill\n|move|p2a: Skarmory|Spikes|p1a: Excadrill\n|-sidestart|p1: Watrika|Spikes\n|\n|upkeep\n|turn|18|\n|move|p1a: Excadrill|Rapid Spin|p2a: Skarmory\n|-resisted|p2a: Skarmory\n|-damage|p2a: Skarmory|70\/100\n|-sideend|p1: Watrika|Spikes|[from] move: Rapid Spin|[of] p1a: Excadrill\n|move|p2a: Skarmory|Spikes|p1a: Excadrill\n|-sidestart|p1: Watrika|Spikes\n|\n|upkeep\n|turn|19|\n|move|p1a: Excadrill|Rapid Spin|p2a: Skarmory\n|-resisted|p2a: Skarmory\n|-damage|p2a: Skarmory|68\/100\n|-sideend|p1: Watrika|Spikes|[from] move: Rapid Spin|[of] p1a: Excadrill\n|move|p2a: Skarmory|Spikes|p1a: Excadrill\n|-sidestart|p1: Watrika|Spikes\n|\n|upkeep\n|turn|20|\n|move|p1a: Excadrill|Rapid Spin|p2a: Skarmory\n|-resisted|p2a: Skarmory\n|-damage|p2a: Skarmory|66\/100\n|-sideend|p1: Watrika|Spikes|[from] move: Rapid Spin|[of] p1a: Excadrill\n|move|p2a: Skarmory|Spikes|p1a: Excadrill\n|-sidestart|p1: Watrika|Spikes\n|\n|upkeep\n|turn|21|\n|move|p1a: Excadrill|Rapid Spin|p2a: Skarmory\n|-resisted|p2a: Skarmory\n|-damage|p2a: Skarmory|64\/100\n|-sideend|p1: Watrika|Spikes|[from] move: Rapid Spin|[of] p1a: Excadrill\n|move|p2a: Skarmory|Spikes|p1a: Excadrill\n|-sidestart|p1: Watrika|Spikes\n|\n|upkeep\n|turn|22|\n|move|p1a: Excadrill|Rapid Spin|p2a: Skarmory\n|-resisted|p2a: Skarmory\n|-damage|p2a: Skarmory|62\/100\n|-sideend|p1: Watrika|Spikes|[from] move: Rapid Spin|[of] p1a: Excadrill\n|move|p2a: Skarmory|Spikes|p1a: Excadrill\n|-sidestart|p1: Watrika|Spikes\n|\n|upkeep\n|turn|23|\n|move|p1a: Excadrill|Rapid Spin|p2a: Skarmory\n|-resisted|p2a: Skarmory\n|-crit|p2a: Skarmory\n|-damage|p2a: Skarmory|59\/100\n|-sideend|p1: Watrika|Spikes|[from] move: Rapid Spin|[of] p1a: Excadrill\n|move|p2a: Skarmory|Spikes|p1a: Excadrill\n|-sidestart|p1: Watrika|Spikes\n|\n|upkeep\n|turn|24|\n|move|p1a: Excadrill|Rapid Spin|p2a: Skarmory\n|-resisted|p2a: Skarmory\n|-damage|p2a: Skarmory|56\/100\n|-sideend|p1: Watrika|Spikes|[from] move: Rapid Spin|[of] p1a: Excadrill\n|move|p2a: Skarmory|Roost|p2a: Skarmory\n|-heal|p2a: Skarmory|100\/100\n|\n|upkeep\n|turn|25|\n|switch|p1a: Tapu Lele|Tapu Lele|53\/100\n|-fieldstart|move: Psychic Terrain|[from] ability: Psychic Surge|[of] p1a: Tapu Lele\n|move|p2a: Skarmory|Spikes|p1a: Tapu Lele\n|-sidestart|p1: Watrika|Spikes\n|\n|upkeep\n|turn|26|\n|move|p1a: Tapu Lele|Psyshock|p2a: Skarmory\n|-resisted|p2a: Skarmory\n|-damage|p2a: Skarmory|79\/100\n|move|p2a: Skarmory|Roost|p2a: Skarmory\n|-heal|p2a: Skarmory|100\/100\n|\n|upkeep\n|turn|27|\n|move|p1a: Tapu Lele|Psyshock|p2a: Skarmory\n|-resisted|p2a: Skarmory\n|-damage|p2a: Skarmory|79\/100\n|move|p2a: Skarmory|Roost|p2a: Skarmory\n|-heal|p2a: Skarmory|100\/100\n|\n|upkeep\n|turn|28|\n|switch|p2a: Clefable|Clefable, F|100\/100\n|move|p1a: Tapu Lele|Psyshock|p2a: Clefable\n|-damage|p2a: Clefable|45\/100\n|\n|-heal|p2a: Clefable|51\/100|[from] item: Leftovers\n|upkeep\n|turn|29|\n|move|p2a: Clefable|Protect|p2a: Clefable\n|-singleturn|p2a: Clefable|Protect\n|move|p1a: Tapu Lele|Moonblast|p2a: Clefable\n|-activate|p2a: Clefable|move: Protect\n|\n|-heal|p2a: Clefable|57\/100|[from] item: Leftovers\n|-fieldend|move: Psychic Terrain\n|upkeep\n|turn|30|\n|switch|p1a: Landorus|Landorus-Therian, M|59\/100\n|-ability|p1a: Landorus|Intimidate|boost\n|-unboost|p2a: Clefable|atk|1\n|move|p2a: Clefable|Wish|p2a: Clefable\n|\n|-heal|p2a: Clefable|63\/100|[from] item: Leftovers\n|upkeep\n|turn|31|\n|move|p1a: Landorus|Knock Off|p2a: Clefable\n|-resisted|p2a: Clefable\n|-damage|p2a: Clefable|47\/100\n|-enditem|p2a: Clefable|Leftovers|[from] move: Knock Off|[of] p1a: Landorus\n|move|p2a: Clefable|Moonblast|p1a: Landorus\n|-damage|p1a: Landorus|29\/100\n|-unboost|p1a: Landorus|spa|1\n|\n|-heal|p2a: Clefable|97\/100|[from] move: Wish|[wisher] Clefable\n|upkeep\n|turn|32\n|j| benja11|\n|move|p1a: Landorus|Toxic|p2a: Clefable\n|-status|p2a: Clefable|tox\n|move|p2a: Clefable|Wish|p2a: Clefable\n|\n|-damage|p2a: Clefable|91\/100 tox|[from] psn\n|upkeep\n|turn|33|\n|move|p1a: Landorus|Knock Off|p2a: Clefable\n|-resisted|p2a: Clefable\n|-damage|p2a: Clefable|82\/100 tox\n|move|p2a: Clefable|Heal Bell|p2a: Clefable\n|-activate|p2a: Clefable|move: Heal Bell\n|-curestatus|p2a: Clefable|tox|[msg]\n|\n|-heal|p2a: Clefable|100\/100|[from] move: Wish|[wisher] Clefable\n|upkeep\n|turn|34\n|inactive|Q114 has 135 seconds left.|\n|switch|p2a: Toxapex|Toxapex, F|59\/100\n|move|p1a: Landorus|Earthquake|p2a: Toxapex\n|-supereffective|p2a: Toxapex\n|-damage|p2a: Toxapex|0 fnt\n|faint|p2a: Toxapex\n|\n|upkeep\n|c|\u2606Watrika|Lmao\n|c|\u2606Watrika|Choke more please\n|inactive|Q114 has 135 seconds left.\n|c|\u2606Watrika|I like it rough\n|inactive|Q114 has 120 seconds left.\n|c| just thy tip|:o\n|inactive|Q114 has 105 seconds left.\n|inactive|Q114 has 90 seconds left.\n|inactive|Q114 has 75 seconds left.\n|c|\u2606Watrika|Will a stall team get 6-0d\n|inactive|Q114 has 60 seconds left.\n|c|\u2606Watrika|Thats the question\n|c|\u2606Watrika|\ud83d\ude01\ud83d\ude01\n|inactive|Q114 has 45 seconds left.\n|c| flamevheit|lmfao\n|inactive|Q114 has 30 seconds left.\n|inactive|Q114 has 20 seconds left.\n|inactive|Q114 has 15 seconds left.\n|inactive|Q114 has 10 seconds left.\n|inactive|Q114 has 5 seconds left.\n|c|\u2606Watrika|Gg\n|c|\u2606Watrika|Ez\n|-message|Q114 lost due to inactivity.\n|\n|win|Watrika\n|c|\u2606Watrika|Noob\n|raw|Watrika's rating: 1969 &rarr; <strong>1983<\/strong><br \/>(+14 for winning)\n|raw|Q114's rating: 1873 &rarr; <strong>1858<\/strong><br \/>(-15 for losing)\n|l| flamevheit\n|c|\u2606Watrika|Stall players are always the most predictable\n|l| just thy tip\n|l| benja11\n|l| JayLyfe\n","inputlog":null,"uploadtime":1514839218,"views":67,"p1id":"watrika","p2id":"q114","formatid":"gen7ou","rating":1858,"private":0,"password":null}