{"id":"gen71v1-891240184","p1":"Mrowsudyn","p2":"Flashybee","format":"gen71v1","log":"|j|\u2606Mrowsudyn\n|j|\u2606Flashybee\n|player|p1|Mrowsudyn|scientist-gen1rb\n|player|p2|Flashybee|70\n|teamsize|p1|3\n|teamsize|p2|3\n|gametype|singles\n|gen|7\n|tier|[Gen 7] 1v1\n|rated|\n|rule|Species Clause: Limit one of each Pok\u00e9mon\n|rule|Moody Clause: Moody is banned\n|rule|OHKO Clause: OHKO moves are banned\n|rule|Evasion Moves Clause: Evasion moves are banned\n|rule|Accuracy Moves Clause: Accuracy-lowering moves are banned\n|rule|Swagger Clause: Swagger is banned\n|rule|Endless Battle Clause: Forcing endless battles is banned\n|rule|HP Percentage Mod: HP is shown in percentages\n|clearpoke\n|poke|p1|Charizard, M|item\n|poke|p1|Gyarados, M|item\n|poke|p1|Mawile, M|item\n|poke|p2|Charizard, F|item\n|poke|p2|Pyukumuku, F|item\n|poke|p2|Landorus, M|item\n|teampreview|1\n|\n|start\n|switch|p1a: Gyarados|Gyarados, M|100\/100\n|switch|p2a: Pyukumuku|Pyukumuku, F|100\/100\n|-ability|p1a: Gyarados|Intimidate|boost\n|-unboost|p2a: Pyukumuku|atk|1\n|turn|1\n|inactive|Battle timer is ON: inactive players will automatically lose when time's up. (requested by Flashybee)\n|\n|detailschange|p1a: Gyarados|Gyarados-Mega, M\n|-mega|p1a: Gyarados|Gyarados|Gyaradosite\n|-ability|p1a: Gyarados|Mold Breaker\n|move|p1a: Gyarados|Taunt|p2a: Pyukumuku\n|-start|p2a: Pyukumuku|move: Taunt\n|cant|p2a: Pyukumuku|move: Taunt|Toxic\n|\n|upkeep\n|turn|2\n|\n|move|p1a: Gyarados|Dragon Dance|p1a: Gyarados\n|-boost|p1a: Gyarados|atk|1\n|-boost|p1a: Gyarados|spe|1\n|move|p2a: Pyukumuku|Counter||[still]\n|-fail|p2a: Pyukumuku\n|\n|upkeep\n|turn|3\n|\n|move|p1a: Gyarados|Dragon Dance|p1a: Gyarados\n|-boost|p1a: Gyarados|atk|1\n|-boost|p1a: Gyarados|spe|1\n|move|p2a: Pyukumuku|Counter||[still]\n|-fail|p2a: Pyukumuku\n|\n|-end|p2a: Pyukumuku|move: Taunt\n|upkeep\n|turn|4\n|\n|move|p1a: Gyarados|Taunt|p2a: Pyukumuku\n|-start|p2a: Pyukumuku|move: Taunt\n|cant|p2a: Pyukumuku|move: Taunt|Toxic\n|\n|upkeep\n|turn|5\n|inactive|Mrowsudyn has 120 seconds left.\n|\n|move|p1a: Gyarados|Dragon Dance|p1a: Gyarados\n|-boost|p1a: Gyarados|atk|1\n|-boost|p1a: Gyarados|spe|1\n|move|p2a: Pyukumuku|Counter||[still]\n|-fail|p2a: Pyukumuku\n|\n|upkeep\n|turn|6\n|\n|move|p1a: Gyarados|Dragon Dance|p1a: Gyarados\n|-boost|p1a: Gyarados|atk|1\n|-boost|p1a: Gyarados|spe|1\n|move|p2a: Pyukumuku|Counter||[still]\n|-fail|p2a: Pyukumuku\n|\n|-end|p2a: Pyukumuku|move: Taunt\n|upkeep\n|turn|7\n|inactive|Mrowsudyn has 120 seconds left.\n|inactive|Mrowsudyn has 90 seconds left.\n|\n|move|p1a: Gyarados|Dragon Dance|p1a: Gyarados\n|-boost|p1a: Gyarados|atk|1\n|-boost|p1a: Gyarados|spe|1\n|move|p2a: Pyukumuku|Toxic|p1a: Gyarados|[miss]\n|-miss|p2a: Pyukumuku|p1a: Gyarados\n|\n|upkeep\n|turn|8\n|\n|move|p1a: Gyarados|Dragon Dance|p1a: Gyarados\n|-boost|p1a: Gyarados|atk|1\n|-boost|p1a: Gyarados|spe|1\n|move|p2a: Pyukumuku|Toxic|p1a: Gyarados\n|-status|p1a: Gyarados|tox\n|\n|-damage|p1a: Gyarados|94\/100 tox|[from] psn\n|upkeep\n|turn|9\n|\n|move|p1a: Gyarados|Outrage|p2a: Pyukumuku\n|-damage|p2a: Pyukumuku|0 fnt\n|faint|p2a: Pyukumuku\n|\n|win|Mrowsudyn\n","uploadtime":1555013014,"views":4,"p1id":"mrowsudyn","p2id":"flashybee","formatid":"gen71v1","rating":0,"private":0,"password":null}