{"id":"gen7randombattle-969676613","p1":"wolfwarrior","p2":"Shaazo36","format":"gen7randombattle","log":"|j|\u2606wolfwarrior\n|j|\u2606Shaazo36\n|player|p1|wolfwarrior|162|1543\n|player|p2|Shaazo36|101|1579\n|teamsize|p1|6\n|teamsize|p2|6\n|gametype|singles\n|gen|7\n|tier|[Gen 7] Random Battle\n|rated|\n|rule|Sleep Clause Mod: Limit one foe put to sleep\n|rule|HP Percentage Mod: HP is shown in percentages\n|\n|start\n|switch|p1a: Gallade|Gallade, L81, M|243\/243\n|switch|p2a: Flareon|Flareon, L89, M|259\/259\n|turn|1\n|\n|switch|p1a: Seismitoad|Seismitoad, L86, M|321\/321\n|move|p2a: Flareon|Flame Charge|p1a: Seismitoad\n|-resisted|p1a: Seismitoad\n|-damage|p1a: Seismitoad|281\/321\n|-boost|p2a: Flareon|spe|1\n|\n|-status|p2a: Flareon|tox|[from] item: Toxic Orb\n|upkeep\n|turn|2\n|\n|switch|p2a: Roserade|Roserade, L84, M|238\/238\n|move|p1a: Seismitoad|Rain Dance|p1a: Seismitoad\n|-weather|RainDance\n|\n|-weather|RainDance|[upkeep]\n|upkeep\n|turn|3\n|\n|switch|p1a: Yanmega|Yanmega, L84, F|281\/281\n|move|p2a: Roserade|Sleep Powder|p1a: Yanmega\n|-status|p1a: Yanmega|slp|[from] move: Sleep Powder\n|\n|-weather|RainDance|[upkeep]\n|upkeep\n|turn|4\n|\n|switch|p1a: Ho-Oh|Ho-Oh, L78|293\/293\n|switch|p2a: Magearna|Magearna, L80|259\/259\n|\n|-weather|RainDance|[upkeep]\n|upkeep\n|turn|5\n|\n|switch|p1a: Seismitoad|Seismitoad, L86, M|281\/321\n|switch|p2a: Claydol|Claydol, L88|249\/249\n|\n|-weather|RainDance|[upkeep]\n|upkeep\n|turn|6\n|\n|move|p1a: Seismitoad|Scald|p2a: Claydol\n|-supereffective|p2a: Claydol\n|-damage|p2a: Claydol|0 fnt\n|-damage|p1a: Seismitoad|249\/321|[from] item: Life Orb\n|faint|p2a: Claydol\n|\n|-weather|none\n|upkeep\n|\n|switch|p2a: Roserade|Roserade, L84, M|238\/238\n|turn|7\n|\n|switch|p1a: Ho-Oh|Ho-Oh, L78|293\/293\n|move|p2a: Roserade|Spikes|p1a: Ho-Oh\n|-sidestart|p1: wolfwarrior|Spikes\n|\n|upkeep\n|turn|8\n|\n|switch|p2a: Flareon|Flareon, L89, M|259\/259 tox\n|move|p1a: Ho-Oh|Flame Charge|p2a: Flareon\n|-resisted|p2a: Flareon\n|-damage|p2a: Flareon|222\/259 tox\n|-boost|p1a: Ho-Oh|spe|1\n|\n|-damage|p2a: Flareon|206\/259 tox|[from] psn\n|upkeep\n|turn|9\n|\n|move|p1a: Ho-Oh|Earthquake|p2a: Flareon\n|-supereffective|p2a: Flareon\n|-damage|p2a: Flareon|2\/259 tox\n|move|p2a: Flareon|Flare Blitz|p1a: Ho-Oh\n|-resisted|p1a: Ho-Oh\n|-damage|p1a: Ho-Oh|146\/293\n|-damage|p2a: Flareon|0 fnt|[from] Recoil\n|faint|p2a: Flareon\n|\n|-heal|p1a: Ho-Oh|164\/293|[from] item: Leftovers\n|upkeep\n|\n|switch|p2a: Nihilego|Nihilego, L82|313\/313\n|-item|p2a: Nihilego|Air Balloon\n|turn|10\n|\n|switch|p1a: Gigalith|Gigalith, L85, F|283\/283\n|-damage|p1a: Gigalith|248\/283|[from] Spikes\n|-weather|Sandstorm|[from] ability: Sand Stream|[of] p1a: Gigalith\n|move|p2a: Nihilego|Power Gem|p1a: Gigalith\n|-damage|p1a: Gigalith|178\/283\n|\n|-weather|Sandstorm|[upkeep]\n|-heal|p1a: Gigalith|195\/283|[from] item: Leftovers\n|upkeep\n|turn|11\n|\n|move|p2a: Nihilego|Stealth Rock|p1a: Gigalith\n|-sidestart|p1: wolfwarrior|move: Stealth Rock\n|move|p1a: Gigalith|Stone Edge|p2a: Nihilego\n|-damage|p2a: Nihilego|72\/313\n|-enditem|p2a: Nihilego|Air Balloon\n|\n|-weather|Sandstorm|[upkeep]\n|-heal|p1a: Gigalith|212\/283|[from] item: Leftovers\n|upkeep\n|turn|12\n|\n|move|p2a: Nihilego|Grass Knot|p1a: Gigalith\n|-supereffective|p1a: Gigalith\n|-damage|p1a: Gigalith|80\/283\n|move|p1a: Gigalith|Stealth Rock|p2a: Nihilego\n|-sidestart|p2: Shaazo36|move: Stealth Rock\n|\n|-weather|Sandstorm|[upkeep]\n|-heal|p1a: Gigalith|97\/283|[from] item: Leftovers\n|upkeep\n|turn|13\n|\n|move|p2a: Nihilego|Grass Knot|p1a: Gigalith\n|-supereffective|p1a: Gigalith\n|-damage|p1a: Gigalith|0 fnt\n|faint|p1a: Gigalith\n|-ability|p2a: Nihilego|Beast Boost|boost\n|-boost|p2a: Nihilego|spd|1\n|\n|-weather|Sandstorm|[upkeep]\n|upkeep\n|\n|switch|p1a: Gallade|Gallade, L81, M|243\/243\n|-damage|p1a: Gallade|228\/243|[from] Stealth Rock\n|-damage|p1a: Gallade|198\/243|[from] Spikes\n|turn|14\n|\n|detailschange|p1a: Gallade|Gallade-Mega, L81, M\n|-mega|p1a: Gallade|Gallade|Galladite\n|move|p1a: Gallade|Zen Headbutt|p2a: Nihilego\n|-supereffective|p2a: Nihilego\n|-damage|p2a: Nihilego|0 fnt\n|faint|p2a: Nihilego\n|\n|-weather|none\n|upkeep\n|\n|switch|p2a: Magearna|Magearna, L80|259\/259\n|-damage|p2a: Magearna|243\/259|[from] Stealth Rock\n|turn|15\n|\n|switch|p1a: Yanmega|Yanmega, L84, F|281\/281 slp\n|-damage|p1a: Yanmega|141\/281 slp|[from] Stealth Rock\n|move|p2a: Magearna|Shift Gear|p2a: Magearna\n|-boost|p2a: Magearna|spe|2\n|-boost|p2a: Magearna|atk|1\n|\n|upkeep\n|turn|16\n|\n|cant|p1a: Yanmega|slp\n|move|p2a: Magearna|Thunderbolt|p1a: Yanmega\n|-supereffective|p1a: Yanmega\n|-damage|p1a: Yanmega|0 fnt\n|faint|p1a: Yanmega\n|-ability|p2a: Magearna|Soul-Heart|boost\n|-boost|p2a: Magearna|spa|1\n|\n|upkeep\n|\n|switch|p1a: Seismitoad|Seismitoad, L86, M|249\/321\n|-damage|p1a: Seismitoad|209\/321|[from] Spikes\n|-damage|p1a: Seismitoad|189\/321|[from] Stealth Rock\n|turn|17\n|\n|-zpower|p2a: Magearna\n|move|p2a: Magearna|Twinkle Tackle|p1a: Seismitoad|[zeffect]\n|-damage|p1a: Seismitoad|0 fnt\n|faint|p1a: Seismitoad\n|-ability|p2a: Magearna|Soul-Heart|boost\n|-boost|p2a: Magearna|spa|1\n|\n|upkeep\n|\n|switch|p1a: Clefable|Clefable, L80, F|283\/283\n|-damage|p1a: Clefable|248\/283|[from] Spikes\n|-damage|p1a: Clefable|213\/283|[from] Stealth Rock\n|turn|18\n|\n|move|p2a: Magearna|Iron Head|p1a: Clefable\n|-supereffective|p1a: Clefable\n|-damage|p1a: Clefable|25\/283\n|move|p1a: Clefable|Fire Blast|p2a: Magearna\n|-supereffective|p2a: Magearna\n|-damage|p2a: Magearna|115\/259\n|\n|-heal|p1a: Clefable|42\/283|[from] item: Leftovers\n|upkeep\n|turn|19\n|-message|wolfwarrior forfeited.\n|\n|win|Shaazo36\n|l|\u2606wolfwarrior\n|raw|wolfwarrior's rating: 1543 &rarr; <strong>1525<\/strong><br \/>(-18 for losing)\n|raw|Shaazo36's rating: 1579 &rarr; <strong>1597<\/strong><br \/>(+18 for winning)\n|l|\u2606Shaazo36\n|j|\u2606Shaazo36\n|player|p2|Shaazo36|101\n","inputlog":">version e416b34129134398c3474ae62994237f63c7d1b1\n>start {\"formatid\":\"gen7randombattle\",\"seed\":[6208,33462,49269,9176],\"rated\":\"Rated battle\"}\n>player p1 {\"name\":\"wolfwarrior\",\"avatar\":\"162\",\"team\":\"\",\"rating\":1543,\"seed\":[28468,48220,2036,6197]}\n>player p2 {\"name\":\"Shaazo36\",\"avatar\":\"101\",\"team\":\"\",\"rating\":1579,\"seed\":[8040,49251,63310,2264]}\n>p1 switch 2\n>p2 move flamecharge\n>p1 move raindance\n>p2 switch 6\n>p1 switch 5\n>p2 move sleeppowder\n>p1 switch 4\n>p2 switch 2\n>p1 switch 5\n>p2 switch 4\n>p1 move scald\n>p2 move toxic\n>p2 switch 2\n>p1 switch 5\n>p2 move spikes\n>p1 move flamecharge\n>p2 switch 6\n>p1 move earthquake\n>p2 move flareblitz\n>p2 switch 3\n>p1 switch 3\n>p2 move powergem\n>p1 move stoneedge\n>p2 move stealthrock\n>p1 move stealthrock\n>p2 move grassknot\n>p1 move stoneedge\n>p2 move grassknot\n>p1 switch 2\n>p1 move zenheadbutt mega\n>p2 move thunderbolt\n>p2 switch 4\n>p1 switch 4\n>p2 move shiftgear\n>p1 move uturn\n>p2 move thunderbolt\n>p1 switch 5\n>p1 move earthquake\n>p2 move fleurcannon zmove\n>p1 switch 6\n>p1 move fireblast\n>p2 move ironhead","uploadtime":1567395596,"views":4,"p1id":"wolfwarrior","p2id":"shaazo36","formatid":"gen7randombattle","rating":1525,"private":0,"password":null}