{"id":"gen7ou-1652632650","p1":"alvar03","p2":"CM Reuniclus","format":"gen7ou","log":"|j|\u2606alvar03\n|j|\u2606CM Reuniclus\n|t:|1661948411\n|gametype|singles\n|player|p1|alvar03|alder|1590\n|player|p2|CM Reuniclus|lucas|1643\n|teamsize|p1|6\n|teamsize|p2|6\n|gen|7\n|tier|[Gen 7] OU\n|rated|\n|rule|Sleep Clause Mod: Limit one foe put to sleep\n|rule|Species Clause: Limit one of each Pok\u00e9mon\n|rule|OHKO Clause: OHKO moves are banned\n|rule|Moody Clause: Moody is banned\n|rule|Evasion Items Clause: Evasion items are banned\n|rule|Evasion Moves Clause: Evasion moves are banned\n|rule|Endless Battle Clause: Forcing endless battles is banned\n|rule|HP Percentage Mod: HP is shown in percentages\n|clearpoke\n|poke|p1|Kyurem-Black|item\n|poke|p1|Lopunny, F|item\n|poke|p1|Jirachi|item\n|poke|p1|Landorus-Therian, M|item\n|poke|p1|Tapu Fini|item\n|poke|p1|Serperior, M|item\n|poke|p2|Medicham, M|item\n|poke|p2|Tangrowth, F|item\n|poke|p2|Jirachi|item\n|poke|p2|Tapu Fini|item\n|poke|p2|Garchomp, M|item\n|poke|p2|Tornadus-Therian, M|item\n|teampreview\n|inactive|Battle timer is ON: inactive players will automatically lose when time's up. (requested by CM Reuniclus)\n|\n|t:|1661948426\n|start\n|switch|p1a: Kyurem|Kyurem-Black|100\/100\n|switch|p2a: Tornadus|Tornadus-Therian, M|100\/100\n|-ability|p1a: Kyurem|Teravolt\n|turn|1\n|\n|t:|1661948434\n|move|p2a: Tornadus|U-turn|p1a: Kyurem\n|-damage|p1a: Kyurem|88\/100\n|\n|t:|1661948436\n|switch|p2a: Jirachi|Jirachi|100\/100|[from]move: U-turn\n|move|p1a: Kyurem|Fusion Bolt|p2a: Jirachi\n|-damage|p2a: Jirachi|65\/100\n|\n|-heal|p2a: Jirachi|71\/100|[from] item: Leftovers\n|upkeep\n|turn|2\n|\n|t:|1661948442\n|switch|p1a: Landorus|Landorus-Therian, M|100\/100\n|-ability|p1a: Landorus|Intimidate|boost\n|-unboost|p2a: Jirachi|atk|1\n|move|p2a: Jirachi|U-turn|p1a: Landorus\n|-resisted|p1a: Landorus\n|-damage|p1a: Landorus|97\/100\n|-damage|p2a: Jirachi|55\/100|[from] item: Rocky Helmet|[of] p1a: Landorus\n|\n|t:|1661948446\n|switch|p2a: Medicham|Medicham, M, shiny|100\/100|[from]move: U-turn\n|\n|upkeep\n|turn|3\n|\n|t:|1661948450\n|switch|p1a: Tapu Fini|Tapu Fini|100\/100\n|-fieldstart|move: Misty Terrain|[from] ability: Misty Surge|[of] p1a: Tapu Fini\n|detailschange|p2a: Medicham|Medicham-Mega, M, shiny\n|-mega|p2a: Medicham|Medicham|Medichamite\n|move|p2a: Medicham|Ice Punch|p1a: Tapu Fini\n|-resisted|p1a: Tapu Fini\n|-damage|p1a: Tapu Fini|82\/100\n|\n|-heal|p1a: Tapu Fini|88\/100|[from] item: Leftovers\n|upkeep\n|turn|4\n|\n|t:|1661948469\n|switch|p2a: Tapu Fini|Tapu Fini, shiny|100\/100\n|move|p1a: Tapu Fini|Moonblast|p2a: Tapu Fini\n|-damage|p2a: Tapu Fini|77\/100\n|\n|-heal|p2a: Tapu Fini|83\/100|[from] item: Leftovers\n|-heal|p1a: Tapu Fini|94\/100|[from] item: Leftovers\n|upkeep\n|turn|5\n|\n|t:|1661948475\n|move|p1a: Tapu Fini|Moonblast|p2a: Tapu Fini\n|-damage|p2a: Tapu Fini|58\/100\n|move|p2a: Tapu Fini|Nature's Madness|p1a: Tapu Fini\n|-damage|p1a: Tapu Fini|47\/100\n|\n|-heal|p2a: Tapu Fini|64\/100|[from] item: Leftovers\n|-heal|p1a: Tapu Fini|53\/100|[from] item: Leftovers\n|upkeep\n|turn|6\n|\n|t:|1661948479\n|move|p2a: Tapu Fini|Moonblast|p1a: Tapu Fini\n|-damage|p1a: Tapu Fini|32\/100\n|move|p1a: Tapu Fini|Moonblast|p2a: Tapu Fini\n|-damage|p2a: Tapu Fini|40\/100\n|\n|-heal|p2a: Tapu Fini|47\/100|[from] item: Leftovers\n|-heal|p1a: Tapu Fini|38\/100|[from] item: Leftovers\n|upkeep\n|turn|7\n|\n|t:|1661948486\n|switch|p1a: Jirachi|Jirachi|100\/100\n|move|p2a: Tapu Fini|Moonblast|p1a: Jirachi\n|-resisted|p1a: Jirachi\n|-damage|p1a: Jirachi|91\/100\n|\n|-heal|p1a: Jirachi|97\/100|[from] item: Leftovers\n|-heal|p2a: Tapu Fini|53\/100|[from] item: Leftovers\n|-fieldend|Misty Terrain\n|upkeep\n|turn|8\n|\n|t:|1661948492\n|move|p1a: Jirachi|Wish|p1a: Jirachi\n|move|p2a: Tapu Fini|Scald|p1a: Jirachi\n|-damage|p1a: Jirachi|80\/100\n|\n|-heal|p2a: Tapu Fini|59\/100|[from] item: Leftovers\n|-heal|p1a: Jirachi|87\/100|[from] item: Leftovers\n|upkeep\n|turn|9\n|\n|t:|1661948511\n|move|p1a: Jirachi|U-turn|p2a: Tapu Fini\n|-resisted|p2a: Tapu Fini\n|-damage|p2a: Tapu Fini|52\/100\n|\n|t:|1661948513\n|switch|p1a: Tapu Fini|Tapu Fini|38\/100|[from]move: U-turn\n|-fieldstart|move: Misty Terrain|[from] ability: Misty Surge|[of] p1a: Tapu Fini\n|move|p2a: Tapu Fini|Scald|p1a: Tapu Fini\n|-resisted|p1a: Tapu Fini\n|-damage|p1a: Tapu Fini|30\/100\n|\n|-heal|p1a: Tapu Fini|89\/100|[from] move: Wish|[wisher] Jirachi\n|-heal|p2a: Tapu Fini|58\/100|[from] item: Leftovers\n|-heal|p1a: Tapu Fini|95\/100|[from] item: Leftovers\n|upkeep\n|turn|10\n|\n|t:|1661948527\n|switch|p2a: Jirachi|Jirachi|55\/100\n|move|p1a: Tapu Fini|Moonblast|p2a: Jirachi\n|-resisted|p2a: Jirachi\n|-damage|p2a: Jirachi|44\/100\n|\n|-heal|p2a: Jirachi|51\/100|[from] item: Leftovers\n|-heal|p1a: Tapu Fini|100\/100|[from] item: Leftovers\n|upkeep\n|turn|11\n|\n|t:|1661948545\n|switch|p1a: Landorus|Landorus-Therian, M|97\/100\n|-ability|p1a: Landorus|Intimidate|boost\n|-unboost|p2a: Jirachi|atk|1\n|move|p2a: Jirachi|Wish|p2a: Jirachi\n|\n|-heal|p2a: Jirachi|57\/100|[from] item: Leftovers\n|upkeep\n|turn|12\n|\n|t:|1661948550\n|switch|p2a: Tapu Fini|Tapu Fini, shiny|58\/100\n|move|p1a: Landorus|Earthquake|p2a: Tapu Fini\n|-damage|p2a: Tapu Fini|17\/100\n|\n|-heal|p2a: Tapu Fini|75\/100|[from] move: Wish|[wisher] Jirachi\n|-heal|p2a: Tapu Fini|82\/100|[from] item: Leftovers\n|upkeep\n|turn|13\n|\n|t:|1661948558\n|move|p2a: Tapu Fini|Nature's Madness|p1a: Landorus\n|-damage|p1a: Landorus|49\/100\n|move|p1a: Landorus|Stealth Rock|p2a: Tapu Fini\n|-sidestart|p2: CM Reuniclus|move: Stealth Rock\n|\n|-heal|p2a: Tapu Fini|88\/100|[from] item: Leftovers\n|-fieldend|Misty Terrain\n|upkeep\n|turn|14\n|\n|t:|1661948564\n|switch|p1a: Tapu Fini|Tapu Fini|100\/100\n|-fieldstart|move: Misty Terrain|[from] ability: Misty Surge|[of] p1a: Tapu Fini\n|move|p2a: Tapu Fini|Nature's Madness|p1a: Tapu Fini\n|-damage|p1a: Tapu Fini|51\/100\n|\n|-heal|p1a: Tapu Fini|57\/100|[from] item: Leftovers\n|-heal|p2a: Tapu Fini|94\/100|[from] item: Leftovers\n|upkeep\n|turn|15\n|\n|t:|1661948570\n|switch|p1a: Jirachi|Jirachi|87\/100\n|move|p2a: Tapu Fini|Moonblast|p1a: Jirachi\n|-resisted|p1a: Jirachi\n|-damage|p1a: Jirachi|77\/100\n|\n|-heal|p2a: Tapu Fini|99\/100|[from] item: Leftovers\n|-heal|p1a: Jirachi|83\/100|[from] item: Leftovers\n|upkeep\n|turn|16\n|\n|t:|1661948572\n|move|p1a: Jirachi|Wish|p1a: Jirachi\n|move|p2a: Tapu Fini|Taunt|p1a: Jirachi\n|-start|p1a: Jirachi|move: Taunt\n|\n|-heal|p1a: Jirachi|89\/100|[from] item: Leftovers\n|-heal|p2a: Tapu Fini|100\/100|[from] item: Leftovers\n|upkeep\n|turn|17\n|\n|t:|1661948582\n|move|p2a: Tapu Fini|Scald|p1a: Jirachi\n|-damage|p1a: Jirachi|72\/100\n|move|p1a: Jirachi|U-turn|p2a: Tapu Fini\n|-resisted|p2a: Tapu Fini\n|-damage|p2a: Tapu Fini|93\/100\n|\n|t:|1661948587\n|switch|p1a: Landorus|Landorus-Therian, M|49\/100|[from]move: U-turn\n|-ability|p1a: Landorus|Intimidate|boost\n|-unboost|p2a: Tapu Fini|atk|1\n|\n|-heal|p1a: Landorus|100\/100|[from] move: Wish|[wisher] Jirachi\n|-heal|p2a: Tapu Fini|99\/100|[from] item: Leftovers\n|upkeep\n|turn|18\n|\n|t:|1661948592\n|move|p1a: Landorus|U-turn|p2a: Tapu Fini\n|-resisted|p2a: Tapu Fini\n|-damage|p2a: Tapu Fini|89\/100\n|\n|t:|1661948594\n|switch|p1a: Jirachi|Jirachi|72\/100|[from]move: U-turn\n|move|p2a: Tapu Fini|Scald|p1a: Jirachi\n|-damage|p1a: Jirachi|56\/100\n|\n|-heal|p2a: Tapu Fini|95\/100|[from] item: Leftovers\n|-heal|p1a: Jirachi|62\/100|[from] item: Leftovers\n|-fieldend|Misty Terrain\n|upkeep\n|turn|19\n|\n|t:|1661948599\n|move|p1a: Jirachi|Protect|p1a: Jirachi\n|-singleturn|p1a: Jirachi|Protect\n|move|p2a: Tapu Fini|Scald|p1a: Jirachi\n|-activate|p1a: Jirachi|move: Protect\n|\n|-heal|p2a: Tapu Fini|100\/100|[from] item: Leftovers\n|-heal|p1a: Jirachi|68\/100|[from] item: Leftovers\n|upkeep\n|turn|20\n|\n|t:|1661948605\n|move|p2a: Tapu Fini|Scald|p1a: Jirachi\n|-damage|p1a: Jirachi|52\/100\n|-status|p1a: Jirachi|brn\n|move|p1a: Jirachi|Wish|p1a: Jirachi\n|\n|-heal|p1a: Jirachi|58\/100 brn|[from] item: Leftovers\n|-damage|p1a: Jirachi|52\/100 brn|[from] brn\n|upkeep\n|turn|21\n|\n|t:|1661948614\n|switch|p2a: Garchomp|Garchomp, M|100\/100\n|-damage|p2a: Garchomp|94\/100|[from] Stealth Rock\n|move|p1a: Jirachi|Iron Head|p2a: Garchomp\n|-damage|p2a: Garchomp|83\/100\n|-damage|p1a: Jirachi|40\/100 brn|[from] ability: Rough Skin|[of] p2a: Garchomp\n|\n|-heal|p1a: Jirachi|90\/100 brn|[from] move: Wish|[wisher] Jirachi\n|-heal|p2a: Garchomp|89\/100|[from] item: Leftovers\n|-heal|p1a: Jirachi|96\/100 brn|[from] item: Leftovers\n|-damage|p1a: Jirachi|90\/100 brn|[from] brn\n|upkeep\n|turn|22\n|\n|t:|1661948620\n|switch|p1a: Landorus|Landorus-Therian, M|100\/100\n|-ability|p1a: Landorus|Intimidate|boost\n|-unboost|p2a: Garchomp|atk|1\n|move|p2a: Garchomp|Stealth Rock|p1a: Landorus\n|-sidestart|p1: alvar03|move: Stealth Rock\n|\n|-heal|p2a: Garchomp|95\/100|[from] item: Leftovers\n|upkeep\n|turn|23\n|\n|t:|1661948624\n|move|p2a: Garchomp|Toxic|p1a: Landorus|[miss]\n|-miss|p2a: Garchomp|p1a: Landorus\n|move|p1a: Landorus|Hidden Power|p2a: Garchomp\n|-supereffective|p2a: Garchomp\n|-damage|p2a: Garchomp|46\/100\n|\n|-heal|p2a: Garchomp|52\/100|[from] item: Leftovers\n|upkeep\n|turn|24\n|\n|t:|1661948633\n|switch|p2a: Tapu Fini|Tapu Fini, shiny|100\/100\n|-damage|p2a: Tapu Fini|88\/100|[from] Stealth Rock\n|-fieldstart|move: Misty Terrain|[from] ability: Misty Surge|[of] p2a: Tapu Fini\n|switch|p1a: Tapu Fini|Tapu Fini|57\/100\n|-damage|p1a: Tapu Fini|45\/100|[from] Stealth Rock\n|\n|-heal|p1a: Tapu Fini|51\/100|[from] item: Leftovers\n|-heal|p2a: Tapu Fini|94\/100|[from] item: Leftovers\n|upkeep\n|turn|25\n|\n|t:|1661948637\n|move|p2a: Tapu Fini|Moonblast|p1a: Tapu Fini\n|-damage|p1a: Tapu Fini|29\/100\n|-unboost|p1a: Tapu Fini|spa|1\n|move|p1a: Tapu Fini|Moonblast|p2a: Tapu Fini\n|-damage|p2a: Tapu Fini|80\/100\n|-unboost|p2a: Tapu Fini|spa|1\n|\n|-heal|p1a: Tapu Fini|35\/100|[from] item: Leftovers\n|-heal|p2a: Tapu Fini|86\/100|[from] item: Leftovers\n|upkeep\n|turn|26\n|\n|t:|1661948644\n|move|p2a: Tapu Fini|Taunt|p1a: Tapu Fini\n|-start|p1a: Tapu Fini|move: Taunt\n|move|p1a: Tapu Fini|Moonblast|p2a: Tapu Fini\n|-damage|p2a: Tapu Fini|70\/100\n|\n|-heal|p2a: Tapu Fini|77\/100|[from] item: Leftovers\n|-heal|p1a: Tapu Fini|42\/100|[from] item: Leftovers\n|upkeep\n|turn|27\n|\n|t:|1661948649\n|move|p1a: Tapu Fini|Moonblast|p2a: Tapu Fini\n|-damage|p2a: Tapu Fini|61\/100\n|move|p2a: Tapu Fini|Moonblast|p1a: Tapu Fini\n|-damage|p1a: Tapu Fini|26\/100\n|-unboost|p1a: Tapu Fini|spa|1\n|\n|-heal|p1a: Tapu Fini|33\/100|[from] item: Leftovers\n|-heal|p2a: Tapu Fini|68\/100|[from] item: Leftovers\n|upkeep\n|turn|28\n|\n|t:|1661948653\n|move|p2a: Tapu Fini|Nature's Madness|p1a: Tapu Fini\n|-damage|p1a: Tapu Fini|17\/100\n|move|p1a: Tapu Fini|Moonblast|p2a: Tapu Fini\n|-damage|p2a: Tapu Fini|56\/100\n|\n|-heal|p1a: Tapu Fini|23\/100|[from] item: Leftovers\n|-heal|p2a: Tapu Fini|62\/100|[from] item: Leftovers\n|-end|p1a: Tapu Fini|move: Taunt\n|-fieldend|Misty Terrain\n|upkeep\n|turn|29\n|\n|t:|1661948659\n|switch|p2a: Tangrowth|Tangrowth, F|100\/100\n|-damage|p2a: Tangrowth|88\/100|[from] Stealth Rock\n|move|p1a: Tapu Fini|Scald|p2a: Tangrowth\n|-resisted|p2a: Tangrowth\n|-damage|p2a: Tangrowth|79\/100\n|-status|p2a: Tangrowth|brn\n|\n|-heal|p1a: Tapu Fini|29\/100|[from] item: Leftovers\n|-damage|p2a: Tangrowth|73\/100 brn|[from] brn\n|upkeep\n|turn|30\n|\n|t:|1661948670\n|switch|p1a: Landorus|Landorus-Therian, M|100\/100\n|-damage|p1a: Landorus|88\/100|[from] Stealth Rock\n|-ability|p1a: Landorus|Intimidate|boost\n|-unboost|p2a: Tangrowth|atk|1\n|move|p2a: Tangrowth|Knock Off|p1a: Landorus\n|-crit|p1a: Landorus\n|-damage|p1a: Landorus|75\/100\n|-damage|p2a: Tangrowth|56\/100 brn|[from] item: Rocky Helmet|[of] p1a: Landorus\n|-enditem|p1a: Landorus|Rocky Helmet|[from] move: Knock Off|[of] p2a: Tangrowth\n|\n|-damage|p2a: Tangrowth|50\/100 brn|[from] brn\n|upkeep\n|turn|31\n|\n|t:|1661948679\n|switch|p2a: Tornadus|Tornadus-Therian, M|100\/100\n|-damage|p2a: Tornadus|75\/100|[from] Stealth Rock\n|move|p1a: Landorus|U-turn|p2a: Tornadus\n|-resisted|p2a: Tornadus\n|-damage|p2a: Tornadus|60\/100\n|\n|t:|1661948687\n|switch|p1a: Kyurem|Kyurem-Black|88\/100|[from]move: U-turn\n|-damage|p1a: Kyurem|63\/100|[from] Stealth Rock\n|-ability|p1a: Kyurem|Teravolt\n|\n|upkeep\n|turn|32\n|\n|t:|1661948691\n|-zpower|p2a: Tornadus\n|move|p2a: Tornadus|Supersonic Skystrike|p1a: Kyurem|[zeffect]\n|-damage|p1a: Kyurem|0 fnt\n|faint|p1a: Kyurem\n|\n|upkeep\n|\n|t:|1661948694\n|switch|p1a: Lopunny|Lopunny, F|100\/100\n|-damage|p1a: Lopunny|88\/100|[from] Stealth Rock\n|turn|33\n|\n|t:|1661948704\n|switch|p2a: Tangrowth|Tangrowth, F|83\/100 brn\n|-damage|p2a: Tangrowth|71\/100 brn|[from] Stealth Rock\n|detailschange|p1a: Lopunny|Lopunny-Mega, F\n|-mega|p1a: Lopunny|Lopunny|Lopunnite\n|move|p1a: Lopunny|Return|p2a: Tangrowth\n|-damage|p2a: Tangrowth|41\/100 brn\n|-damage|p1a: Lopunny|72\/100|[from] item: Rocky Helmet|[of] p2a: Tangrowth\n|\n|-damage|p2a: Tangrowth|35\/100 brn|[from] brn\n|upkeep\n|turn|34\n|inactive|CM Reuniclus has 120 seconds left.\n|\n|t:|1661948747\n|move|p1a: Lopunny|High Jump Kick|p2a: Tangrowth\n|-crit|p2a: Tangrowth\n|-damage|p2a: Tangrowth|0 fnt\n|-damage|p1a: Lopunny|55\/100|[from] item: Rocky Helmet|[of] p2a: Tangrowth\n|faint|p2a: Tangrowth\n|\n|upkeep\n|\n|t:|1661948762\n|switch|p2a: Medicham|Medicham-Mega, M, shiny|100\/100\n|-damage|p2a: Medicham|94\/100|[from] Stealth Rock\n|turn|35\n|\n|t:|1661948772\n|switch|p1a: Tapu Fini|Tapu Fini|29\/100\n|-damage|p1a: Tapu Fini|17\/100|[from] Stealth Rock\n|-fieldstart|move: Misty Terrain|[from] ability: Misty Surge|[of] p1a: Tapu Fini\n|move|p2a: Medicham|Ice Punch|p1a: Tapu Fini\n|-resisted|p1a: Tapu Fini\n|-damage|p1a: Tapu Fini|0 fnt\n|faint|p1a: Tapu Fini\n|\n|upkeep\n|\n|t:|1661948785\n|switch|p1a: Lopunny|Lopunny-Mega, F|55\/100\n|-damage|p1a: Lopunny|49\/100|[from] Stealth Rock\n|turn|36\n|inactive|CM Reuniclus has 120 seconds left.\n|\n|t:|1661948795\n|switch|p2a: Garchomp|Garchomp, M|52\/100\n|-damage|p2a: Garchomp|46\/100|[from] Stealth Rock\n|move|p1a: Lopunny|Return|p2a: Garchomp\n|-damage|p2a: Garchomp|2\/100\n|-damage|p1a: Lopunny|37\/100|[from] ability: Rough Skin|[of] p2a: Garchomp\n|\n|-heal|p2a: Garchomp|8\/100|[from] item: Leftovers\n|upkeep\n|turn|37\n|\n|t:|1661948798\n|move|p1a: Lopunny|Return|p2a: Garchomp\n|-damage|p2a: Garchomp|0 fnt\n|-damage|p1a: Lopunny|25\/100|[from] ability: Rough Skin|[of] p2a: Garchomp\n|faint|p2a: Garchomp\n|\n|upkeep\n|\n|t:|1661948799\n|switch|p2a: Medicham|Medicham-Mega, M, shiny|94\/100\n|-damage|p2a: Medicham|88\/100|[from] Stealth Rock\n|turn|38\n|\n|t:|1661948804\n|switch|p1a: Landorus|Landorus-Therian, M|75\/100\n|-damage|p1a: Landorus|63\/100|[from] Stealth Rock\n|-ability|p1a: Landorus|Intimidate|boost\n|-unboost|p2a: Medicham|atk|1\n|move|p2a: Medicham|Bullet Punch|p1a: Landorus\n|-damage|p1a: Landorus|50\/100\n|\n|upkeep\n|turn|39\n|\n|t:|1661948807\n|switch|p1a: Jirachi|Jirachi|90\/100 brn\n|-damage|p1a: Jirachi|83\/100 brn|[from] Stealth Rock\n|move|p2a: Medicham|Ice Punch|p1a: Jirachi\n|-resisted|p1a: Jirachi\n|-crit|p1a: Jirachi\n|-damage|p1a: Jirachi|53\/100 brn\n|\n|-heal|p1a: Jirachi|59\/100 brn|[from] item: Leftovers\n|-damage|p1a: Jirachi|53\/100 brn|[from] brn\n|-fieldend|Misty Terrain\n|upkeep\n|turn|40\n|\n|t:|1661948809\n|move|p2a: Medicham|High Jump Kick|p1a: Jirachi\n|-damage|p1a: Jirachi|0 fnt\n|faint|p1a: Jirachi\n|\n|upkeep\n|\n|t:|1661948812\n|switch|p1a: Lopunny|Lopunny-Mega, F|25\/100\n|-damage|p1a: Lopunny|19\/100|[from] Stealth Rock\n|turn|41\n|\n|t:|1661948822\n|switch|p2a: Tapu Fini|Tapu Fini, shiny|62\/100\n|-damage|p2a: Tapu Fini|50\/100|[from] Stealth Rock\n|-fieldstart|move: Misty Terrain|[from] ability: Misty Surge|[of] p2a: Tapu Fini\n|move|p1a: Lopunny|Return|p2a: Tapu Fini\n|-damage|p2a: Tapu Fini|3\/100\n|\n|-heal|p2a: Tapu Fini|9\/100|[from] item: Leftovers\n|upkeep\n|turn|42\n|\n|t:|1661948828\n|move|p1a: Lopunny|Return|p2a: Tapu Fini\n|-damage|p2a: Tapu Fini|0 fnt\n|faint|p2a: Tapu Fini\n|\n|upkeep\n|\n|t:|1661948830\n|switch|p2a: Medicham|Medicham-Mega, M, shiny|88\/100\n|-damage|p2a: Medicham|82\/100|[from] Stealth Rock\n|turn|43\n|\n|t:|1661948833\n|switch|p1a: Landorus|Landorus-Therian, M|50\/100\n|-damage|p1a: Landorus|37\/100|[from] Stealth Rock\n|-ability|p1a: Landorus|Intimidate|boost\n|-unboost|p2a: Medicham|atk|1\n|move|p2a: Medicham|Bullet Punch|p1a: Landorus\n|-crit|p1a: Landorus\n|-damage|p1a: Landorus|7\/100\n|\n|upkeep\n|turn|44\n|\n|t:|1661948835\n|move|p2a: Medicham|Bullet Punch|p1a: Landorus\n|-damage|p1a: Landorus|0 fnt\n|faint|p1a: Landorus\n|\n|upkeep\n|\n|t:|1661948837\n|switch|p1a: Serperior|Serperior, M|100\/100\n|-damage|p1a: Serperior|88\/100|[from] Stealth Rock\n|turn|45\n|\n|t:|1661948842\n|move|p1a: Serperior|Leaf Storm|p2a: Medicham\n|-damage|p2a: Medicham|6\/100\n|-boost|p1a: Serperior|spa|2\n|move|p2a: Medicham|Ice Punch|p1a: Serperior\n|-supereffective|p1a: Serperior\n|-damage|p1a: Serperior|16\/100\n|\n|-fieldend|Misty Terrain\n|upkeep\n|turn|46\n|\n|t:|1661948846\n|move|p2a: Medicham|Bullet Punch|p1a: Serperior\n|-damage|p1a: Serperior|0 fnt\n|faint|p1a: Serperior\n|\n|upkeep\n|\n|t:|1661948848\n|switch|p1a: Lopunny|Lopunny-Mega, F|19\/100\n|-damage|p1a: Lopunny|13\/100|[from] Stealth Rock\n|turn|47\n|\n|t:|1661948851\n|move|p1a: Lopunny|Fake Out|p2a: Medicham\n|-damage|p2a: Medicham|0 fnt\n|faint|p2a: Medicham\n|\n|upkeep\n|\n|t:|1661948859\n|switch|p2a: Jirachi|Jirachi|57\/100\n|-damage|p2a: Jirachi|51\/100|[from] Stealth Rock\n|turn|48\n|\n|t:|1661948861\n|move|p2a: Jirachi|Protect|p2a: Jirachi\n|-singleturn|p2a: Jirachi|Protect\n|move|p1a: Lopunny|High Jump Kick|p2a: Jirachi\n|-activate|p2a: Jirachi|move: Protect\n|-damage|p1a: Lopunny|0 fnt|[from] highjumpkick\n|faint|p1a: Lopunny\n|\n|win|CM Reuniclus\n|raw|alvar03's rating: 1590 &rarr; <strong>1573<\/strong><br \/>(-17 for losing)\n|raw|CM Reuniclus's rating: 1643 &rarr; <strong>1660<\/strong><br \/>(+17 for winning)\n|c|\u2606CM Reuniclus|gg\n|c|\u2606alvar03|gg\n|l|\u2606alvar03\n","uploadtime":1661948873,"views":7,"p1id":"alvar03","p2id":"cmreuniclus","formatid":"gen7ou","rating":1573,"private":0,"password":null}