{"id":"gen7ou-966631068","p1":"Wildkyu","p2":"JoeyOwesMeMoney","format":"gen7ou","log":"|j|\u2606Wildkyu\n|j|\u203dJoeyOwesMeMoney\n|player|p1|Wildkyu|7|1789\n|player|p2|JoeyOwesMeMoney|1|1816\n|teamsize|p1|6\n|teamsize|p2|6\n|gametype|singles\n|gen|7\n|tier|[Gen 7] OU\n|rated|\n|rule|Sleep Clause Mod: Limit one foe put to sleep\n|rule|Species Clause: Limit one of each Pok\u00e9mon\n|rule|OHKO Clause: OHKO moves are banned\n|rule|Moody Clause: Moody is banned\n|rule|Evasion Moves Clause: Evasion moves are banned\n|rule|Endless Battle Clause: Forcing endless battles is banned\n|rule|HP Percentage Mod: HP is shown in percentages\n|clearpoke\n|poke|p1|Scizor, M|item\n|poke|p1|Rotom-Wash|item\n|poke|p1|Landorus-Therian, M|item\n|poke|p1|Kyurem-Black|item\n|poke|p1|Tapu Koko|item\n|poke|p1|Heatran, F|item\n|poke|p2|Skarmory, M|item\n|poke|p2|Chansey, F|item\n|poke|p2|Magnezone|item\n|poke|p2|Toxapex, F|item\n|poke|p2|Clefable, M|item\n|poke|p2|Sableye, F|item\n|teampreview\n|j| baldur77\n|j| Leonargear\n|c|\u2606Wildkyu|Dios\n|c|\u2606Wildkyu|Que asco\n|inactive|Battle timer is ON: inactive players will automatically lose when time's up. (requested by JoeyOwesMeMoney)\n|c|\u2606Wildkyu|Poto en tu cara maricon ajaja\n|j| Uber vs Lyft\n|inactive|Wildkyu has 120 seconds left.\n|j| paraguass\n|j| teagarroyluegote\n|\n|start\n|switch|p1a: Tapu Koko|Tapu Koko|100\/100\n|switch|p2a: Sableye|Sableye, F|100\/100\n|-fieldstart|move: Electric Terrain|[from] ability: Electric Surge|[of] p1a: Tapu Koko\n|turn|1\n|\n|detailschange|p2a: Sableye|Sableye-Mega, F\n|-mega|p2a: Sableye|Sableye|Sablenite\n|move|p2a: Sableye|Protect|p2a: Sableye\n|-singleturn|p2a: Sableye|Protect\n|move|p1a: Tapu Koko|Dazzling Gleam|p2a: Sableye\n|-activate|p2a: Sableye|move: Protect\n|\n|upkeep\n|turn|2\n|c| paraguass|eso dijeron\n|\n|switch|p1a: Heatran|Heatran, F|100\/100\n|switch|p2a: Toxapex|Toxapex, F|100\/100\n|\n|upkeep\n|turn|3\n|\n|switch|p2a: Sableye|Sableye-Mega, F|100\/100\n|move|p1a: Heatran|Magma Storm|p2a: Sableye\n|-damage|p2a: Sableye|55\/100\n|-activate|p2a: Sableye|move: Magma Storm|[of] p1a: Heatran\n|\n|-damage|p2a: Sableye|43\/100|[from] move: Magma Storm|[partiallytrapped]\n|upkeep\n|turn|4\n|j| DC0\n|\n|-zpower|p1a: Heatran\n|move|p1a: Heatran|Inferno Overdrive|p2a: Sableye|[zeffect]\n|-damage|p2a: Sableye|0 fnt\n|faint|p2a: Sableye\n|\n|upkeep\n|\n|switch|p2a: Chansey|Chansey, F|100\/100\n|turn|5\n|l| DC0\n|\n|switch|p1a: Landorus|Landorus-Therian, M|100\/100\n|-ability|p1a: Landorus|Intimidate|boost\n|-unboost|p2a: Chansey|atk|1\n|move|p2a: Chansey|Seismic Toss|p1a: Landorus\n|-damage|p1a: Landorus|74\/100\n|-damage|p2a: Chansey|84\/100|[from] item: Rocky Helmet|[of] p1a: Landorus\n|\n|-fieldend|move: Electric Terrain\n|upkeep\n|turn|6\n|\n|switch|p2a: Skarmory|Skarmory, M|100\/100\n|move|p1a: Landorus|U-turn|p2a: Skarmory\n|-resisted|p2a: Skarmory\n|-damage|p2a: Skarmory|97\/100\n|-damage|p1a: Landorus|58\/100|[from] item: Rocky Helmet|[of] p2a: Skarmory\n|c| teagarroyluegote|vamos dale duro\n|j| BrothaOptions\n|\n|switch|p1a: Heatran|Heatran, F|100\/100|[from]move: U-turn\n|\n|upkeep\n|turn|7\n|c| teagarroyluegote|eso eso\n|c| paraguass|MUERTE A LOS NEGROS\n|\n|switch|p2a: Chansey|Chansey, F|84\/100\n|move|p1a: Heatran|Magma Storm|p2a: Chansey\n|-damage|p2a: Chansey|67\/100\n|-activate|p2a: Chansey|move: Magma Storm|[of] p1a: Heatran\n|\n|-damage|p2a: Chansey|54\/100|[from] move: Magma Storm|[partiallytrapped]\n|upkeep\n|turn|8\n|c| teagarroyluegote|que team tan raro bro\n|\n|move|p1a: Heatran|Taunt|p2a: Chansey\n|-start|p2a: Chansey|move: Taunt\n|move|p2a: Chansey|Seismic Toss|p1a: Heatran\n|-damage|p1a: Heatran|70\/100\n|\n|-damage|p2a: Chansey|42\/100|[from] move: Magma Storm|[partiallytrapped]\n|upkeep\n|turn|9\n|\n|switch|p1a: Landorus|Landorus-Therian, M|58\/100\n|-ability|p1a: Landorus|Intimidate|boost\n|-unboost|p2a: Chansey|atk|1\n|move|p2a: Chansey|Seismic Toss|p1a: Landorus\n|-damage|p1a: Landorus|32\/100\n|-damage|p2a: Chansey|25\/100|[from] item: Rocky Helmet|[of] p1a: Landorus\n|\n|-end|p2a: Chansey|Magma Storm|[partiallytrapped]|[silent]\n|upkeep\n|turn|10\n|\n|switch|p1a: Scizor|Scizor, M|100\/100\n|switch|p2a: Skarmory|Skarmory, M|97\/100\n|\n|upkeep\n|turn|11\n|\n|detailschange|p1a: Scizor|Scizor-Mega, M\n|-mega|p1a: Scizor|Scizor|Scizorite\n|move|p1a: Scizor|U-turn|p2a: Skarmory\n|-resisted|p2a: Skarmory\n|-damage|p2a: Skarmory|91\/100\n|-damage|p1a: Scizor|84\/100|[from] item: Rocky Helmet|[of] p2a: Skarmory\n|\n|switch|p1a: Heatran|Heatran, F|70\/100|[from]move: U-turn\n|move|p2a: Skarmory|Spikes|p1a: Heatran\n|-sidestart|p1: Wildkyu|Spikes\n|\n|upkeep\n|turn|12\n|j| Siegs\n|j| Gptrainer\n|c| paraguass|que pro\n|c| teagarroyluegote|si si\n|\n|switch|p2a: Chansey|Chansey, F|25\/100\n|move|p1a: Heatran|Magma Storm|p2a: Chansey\n|-damage|p2a: Chansey|6\/100\n|-activate|p2a: Chansey|move: Magma Storm|[of] p1a: Heatran\n|\n|-damage|p2a: Chansey|0 fnt|[from] move: Magma Storm|[partiallytrapped]\n|faint|p2a: Chansey\n|upkeep\n|c| teagarroyluegote|eso se nota\n|\n|switch|p2a: Toxapex|Toxapex, F|100\/100\n|turn|13\n|\n|switch|p1a: Rotom|Rotom-Wash|100\/100\n|move|p2a: Toxapex|Scald|p1a: Rotom\n|-resisted|p1a: Rotom\n|-crit|p1a: Rotom\n|-damage|p1a: Rotom|91\/100\n|-status|p1a: Rotom|brn\n|\n|-damage|p1a: Rotom|85\/100 brn|[from] brn\n|upkeep\n|turn|14\n|\n|move|p1a: Rotom|Defog|p2a: Toxapex\n|-unboost|p2a: Toxapex|evasion|1\n|-sideend|p1: Wildkyu|Spikes|[from] move: Defog|[of] p1a: Rotom\n|move|p2a: Toxapex|Toxic Spikes|p1a: Rotom\n|-sidestart|p1: Wildkyu|move: Toxic Spikes\n|\n|-damage|p1a: Rotom|79\/100 brn|[from] brn\n|upkeep\n|turn|15\n|c| paraguass|esto ya es\n|c| paraguass|x vidios\u00a1\n|\n|move|p1a: Rotom|Defog|p2a: Toxapex\n|-unboost|p2a: Toxapex|evasion|1\n|-sideend|p1: Wildkyu|Toxic Spikes|[from] move: Defog|[of] p1a: Rotom\n|move|p2a: Toxapex|Scald|p1a: Rotom\n|-resisted|p1a: Rotom\n|-damage|p1a: Rotom|73\/100 brn\n|\n|-damage|p1a: Rotom|67\/100 brn|[from] brn\n|upkeep\n|turn|16\n|\n|move|p1a: Rotom|Volt Switch|p2a: Toxapex\n|-supereffective|p2a: Toxapex\n|-damage|p2a: Toxapex|57\/100\n|c| teagarroyluegote|eso se nota\n|\n|switch|p1a: Kyurem|Kyurem-Black|100\/100|[from]move: Volt Switch\n|-ability|p1a: Kyurem|Teravolt\n|move|p2a: Toxapex|Toxic Spikes|p1a: Kyurem\n|-sidestart|p1: Wildkyu|move: Toxic Spikes\n|\n|-heal|p2a: Toxapex|63\/100|[from] item: Black Sludge\n|upkeep\n|turn|17\n|c| teagarroyluegote|defog estrategico\n|\n|move|p1a: Kyurem|Ice Beam|p2a: Toxapex\n|-resisted|p2a: Toxapex\n|-damage|p2a: Toxapex|37\/100\n|-damage|p1a: Kyurem|91\/100|[from] item: Life Orb\n|move|p2a: Toxapex|Recover|p2a: Toxapex\n|-heal|p2a: Toxapex|87\/100\n|\n|-heal|p2a: Toxapex|93\/100|[from] item: Black Sludge\n|upkeep\n|turn|18\n|c| teagarroyluegote|y esto es una victoria obvia\n|\n|move|p1a: Kyurem|Earth Power|p2a: Toxapex\n|-supereffective|p2a: Toxapex\n|-damage|p2a: Toxapex|33\/100\n|-damage|p1a: Kyurem|81\/100|[from] item: Life Orb\n|move|p2a: Toxapex|Scald|p1a: Kyurem\n|-resisted|p1a: Kyurem\n|-damage|p1a: Kyurem|71\/100\n|\n|-heal|p2a: Toxapex|39\/100|[from] item: Black Sludge\n|upkeep\n|turn|19\n|c| paraguass|creo que por eso a joy le pegan en su casa\n|c|\u2606Wildkyu|Debe cambiar\n|c| teagarroyluegote|debe pero no lo hara\n|inactive|JoeyOwesMeMoney has 120 seconds left.\n|c| teagarroyluegote|lo veo en su cara\n|c| paraguass|lo hara\n|c| teagarroyluegote|no se\n|c| paraguass|mi ora culo nunca falla\n|c|\u2606Wildkyu|Seguro\n|c|\u2606Wildkyu|No querra otro\n|c|\u2606Wildkyu|No tiene veneno\n|inactive|JoeyOwesMeMoney has 90 seconds left.\n|c| teagarroyluegote|no lo tiene  y eso es definitivo\n|c| teagarroyluegote|esta traduciendo\n|c| teagarroyluegote|en el google\n|c| paraguass|que\n|inactive|JoeyOwesMeMoney has 60 seconds left.\n|c| teagarroyluegote|quien mas lo cree levante la mano\n|c|\u2606Wildkyu|Jajaja\n|c| paraguass|yo no dije nada\n|c|\u2606Wildkyu|El pavo\n|c|\u2606Wildkyu|xDS\n|c| paraguass|si\n|c| paraguass|mi primo tambien tiene una\n|c| teagarroyluegote|todos tenemos una\n|c|\u2606Wildkyu|Other ep friend?\n|inactive|JoeyOwesMeMoney has 30 seconds left.\n|c| teagarroyluegote|tu primo no es especial!\n|c|\u2606Wildkyu|Or magma storm?\n|c| Leonargear|Ese compa ya est\u00e1 muerto\n|inactive|JoeyOwesMeMoney has 20 seconds left.\n|c| paraguass|mi primo tiene stickers\n|c| paraguass|y el tuyo?\n|inactive|JoeyOwesMeMoney has 15 seconds left.\n|c| teagarroyluegote|hmmmm\n|c|\u2606Wildkyu|Se va\n|inactive|JoeyOwesMeMoney has 10 seconds left.\n|c| teagarroyluegote|le he de preguntar\n|c|\u2606Wildkyu|To raggeao\n|inactive|JoeyOwesMeMoney has 5 seconds left.\n|c| paraguass|que noooooooob\n|c|\u2606Wildkyu|Stalleeer\n|-message|JoeyOwesMeMoney lost due to inactivity.\n|\n|win|Wildkyu\n|raw|Wildkyu's rating: 1789 &rarr; <strong>1810<\/strong><br \/>(+21 for winning)\n|raw|JoeyOwesMeMoney's rating: 1816 &rarr; <strong>1794<\/strong><br \/>(-22 for losing)\n|c|\u2606Wildkyu|A chuparla\n|c| paraguass|JOEY Noob puta\n|c| teagarroyluegote|NO NO NO NOOOOOOBBBB\n|c|\u2606Wildkyu|Jajajs\n|c| paraguass|me voy a orinar en su cadaver descompuesto!\n|c|\u2606Wildkyu|Otro otro\n|c| teagarroyluegote|yo lo hare si me dices que no es ilegal\n|c| paraguass|pues en congozuela esta permitido\n|l| Siegs\n","uploadtime":1566878992,"views":53,"p1id":"wildkyu","p2id":"joeyowesmemoney","formatid":"gen7ou","rating":1794,"private":0,"password":null}