{"id":"gen7ou-1394311359","p1":"S0n1cY0uth","p2":"EEEEEvolto\u6df1\u6eba","format":"gen7ou","log":"|j|\u2606S0n1cY0uth\n|j|\u2606EEEEEvolto\u6df1\u6eba\n|t:|1628658448\n|gametype|singles\n|player|p1|S0n1cY0uth|riley|1537\n|player|p2|EEEEEvolto\u6df1\u6eba|169|1576\n|teamsize|p1|6\n|teamsize|p2|6\n|gen|7\n|tier|[Gen 7] OU\n|rated|\n|rule|Sleep Clause Mod: Limit one foe put to sleep\n|rule|Species Clause: Limit one of each Pok\u00e9mon\n|rule|OHKO Clause: OHKO moves are banned\n|rule|Moody Clause: Moody is banned\n|rule|Evasion Moves Clause: Evasion moves are banned\n|rule|Endless Battle Clause: Forcing endless battles is banned\n|rule|HP Percentage Mod: HP is shown in percentages\n|clearpoke\n|poke|p1|Breloom, M|item\n|poke|p1|Magearna|item\n|poke|p1|Rotom-Wash|item\n|poke|p1|Charizard, F|item\n|poke|p1|Garchomp, F|item\n|poke|p1|Jirachi|item\n|poke|p2|Greninja, M|item\n|poke|p2|Landorus-Therian, M|item\n|poke|p2|Scizor, F|item\n|poke|p2|Heatran, F|item\n|poke|p2|Zapdos|item\n|poke|p2|Hoopa-Unbound|item\n|teampreview\n|inactive|Battle timer is ON: inactive players will automatically lose when time's up. (requested by EEEEEvolto\u6df1\u6eba)\n|\n|t:|1628658461\n|start\n|switch|p1a: Breloom|Breloom, M|100\/100\n|switch|p2a: Landorus|Landorus-Therian, M|100\/100\n|-ability|p2a: Landorus|Intimidate|boost\n|-unboost|p1a: Breloom|atk|1\n|turn|1\n|j| 0Eydren0\n|\n|t:|1628658481\n|move|p2a: Landorus|U-turn|p1a: Breloom\n|-damage|p1a: Breloom|56\/100\n|\n|t:|1628658484\n|switch|p2a: Zapdos|Zapdos|100\/100|[from]move: U-turn\n|move|p1a: Breloom|Bullet Seed|p2a: Zapdos\n|-resisted|p2a: Zapdos\n|-damage|p2a: Zapdos|93\/100\n|-resisted|p2a: Zapdos\n|-damage|p2a: Zapdos|87\/100\n|-resisted|p2a: Zapdos\n|-damage|p2a: Zapdos|80\/100\n|-resisted|p2a: Zapdos\n|-damage|p2a: Zapdos|72\/100\n|-resisted|p2a: Zapdos\n|-damage|p2a: Zapdos|66\/100\n|-hitcount|p2a: Zapdos|5\n|\n|upkeep\n|turn|2\n|\n|t:|1628658487\n|switch|p1a: Charizard|Charizard, F|100\/100\n|move|p2a: Zapdos|Heat Wave|p1a: Charizard\n|-resisted|p1a: Charizard\n|-damage|p1a: Charizard|85\/100\n|\n|upkeep\n|turn|3\n|\n|t:|1628658491\n|detailschange|p1a: Charizard|Charizard-Mega-Y, F\n|-mega|p1a: Charizard|Charizard|Charizardite Y\n|-weather|SunnyDay|[from] ability: Drought|[of] p1a: Charizard\n|move|p1a: Charizard|Flamethrower|p2a: Zapdos\n|-damage|p2a: Zapdos|0 fnt\n|faint|p2a: Zapdos\n|\n|-weather|SunnyDay|[upkeep]\n|upkeep\n|\n|t:|1628658496\n|switch|p2a: Heatran|Heatran, F|100\/100\n|turn|4\n|j| lunava\n|\n|t:|1628658509\n|move|p1a: Charizard|Focus Blast|p2a: Heatran|[miss]\n|-miss|p1a: Charizard|p2a: Heatran\n|move|p2a: Heatran|Toxic|p1a: Charizard\n|-status|p1a: Charizard|tox\n|\n|-weather|SunnyDay|[upkeep]\n|-damage|p1a: Charizard|79\/100 tox|[from] psn\n|upkeep\n|turn|5\n|\n|t:|1628658512\n|switch|p1a: Garchomp|Garchomp, F|100\/100\n|move|p2a: Heatran|Stealth Rock|p1a: Garchomp\n|-sidestart|p1: S0n1cY0uth|move: Stealth Rock\n|\n|-weather|SunnyDay|[upkeep]\n|upkeep\n|turn|6\n|\n|t:|1628658515\n|switch|p2a: Landorus|Landorus-Therian, M|100\/100\n|-ability|p2a: Landorus|Intimidate|boost\n|-unboost|p1a: Garchomp|atk|1\n|move|p1a: Garchomp|Stealth Rock|p2a: Landorus\n|-sidestart|p2: EEEEEvolto\u6df1\u6eba|move: Stealth Rock\n|\n|-weather|SunnyDay|[upkeep]\n|upkeep\n|turn|7\n|\n|t:|1628658520\n|move|p2a: Landorus|Earthquake|p1a: Garchomp\n|-damage|p1a: Garchomp|44\/100\n|move|p1a: Garchomp|Swords Dance|p1a: Garchomp\n|-boost|p1a: Garchomp|atk|2\n|\n|-weather|none\n|upkeep\n|turn|8\n|\n|t:|1628658531\n|switch|p1a: Rotom|Rotom-Wash|100\/100\n|-damage|p1a: Rotom|88\/100|[from] Stealth Rock\n|move|p2a: Landorus|Earthquake|p1a: Rotom\n|-immune|p1a: Rotom|[from] ability: Levitate\n|\n|upkeep\n|turn|9\n|\n|t:|1628658536\n|switch|p2a: Scizor|Scizor, F|100\/100\n|-damage|p2a: Scizor|88\/100|[from] Stealth Rock\n|move|p1a: Rotom|Volt Switch|p2a: Scizor\n|-crit|p2a: Scizor\n|-damage|p2a: Scizor|55\/100\n|\n|t:|1628658555\n|switch|p1a: Jirachi|Jirachi|100\/100|[from]move: Volt Switch\n|-damage|p1a: Jirachi|94\/100|[from] Stealth Rock\n|\n|upkeep\n|turn|10\n|\n|t:|1628658559\n|detailschange|p2a: Scizor|Scizor-Mega, F\n|-mega|p2a: Scizor|Scizor|Scizorite\n|move|p1a: Jirachi|Fire Punch|p2a: Scizor\n|-supereffective|p2a: Scizor\n|-damage|p2a: Scizor|0 fnt\n|faint|p2a: Scizor\n|\n|upkeep\n|\n|t:|1628658562\n|switch|p2a: Landorus|Landorus-Therian, M|100\/100\n|-damage|p2a: Landorus|88\/100|[from] Stealth Rock\n|-ability|p2a: Landorus|Intimidate|boost\n|-unboost|p1a: Jirachi|atk|1\n|turn|11\n|\n|t:|1628658565\n|switch|p1a: Rotom|Rotom-Wash|88\/100\n|-damage|p1a: Rotom|75\/100|[from] Stealth Rock\n|move|p2a: Landorus|U-turn|p1a: Rotom\n|-damage|p1a: Rotom|54\/100\n|\n|t:|1628658568\n|switch|p2a: Greninja|Greninja, M|100\/100|[from]move: U-turn\n|-damage|p2a: Greninja|88\/100|[from] Stealth Rock\n|\n|upkeep\n|turn|12\n|\n|t:|1628658570\n|move|p2a: Greninja|Gunk Shot|p1a: Rotom|[miss]\n|-start|p2a: Greninja|typechange|Poison|[from] ability: Protean\n|-miss|p2a: Greninja|p1a: Rotom\n|move|p1a: Rotom|Volt Switch|p2a: Greninja\n|-damage|p2a: Greninja|40\/100\n|\n|t:|1628658573\n|switch|p1a: Magearna|Magearna|100\/100|[from]move: Volt Switch\n|-damage|p1a: Magearna|94\/100|[from] Stealth Rock\n|\n|upkeep\n|turn|13\n|\n|t:|1628658579\n|-zpower|p2a: Greninja\n|move|p2a: Greninja|Tectonic Rage|p1a: Magearna|[zeffect]\n|-start|p2a: Greninja|typechange|Ground|[from] ability: Protean\n|-supereffective|p1a: Magearna\n|-damage|p1a: Magearna|0 fnt\n|faint|p1a: Magearna\n|\n|upkeep\n|\n|t:|1628658581\n|switch|p1a: Breloom|Breloom, M|56\/100\n|-damage|p1a: Breloom|50\/100|[from] Stealth Rock\n|turn|14\n|\n|t:|1628658584\n|move|p1a: Breloom|Mach Punch|p2a: Greninja\n|-damage|p2a: Greninja|0 fnt\n|faint|p2a: Greninja\n|\n|upkeep\n|\n|t:|1628658588\n|switch|p2a: Landorus|Landorus-Therian, M|88\/100\n|-damage|p2a: Landorus|75\/100|[from] Stealth Rock\n|-ability|p2a: Landorus|Intimidate|boost\n|-unboost|p1a: Breloom|atk|1\n|turn|15\n|inactive|S0n1cY0uth has 120 seconds left.\n|\n|t:|1628658624\n|switch|p1a: Rotom|Rotom-Wash|54\/100\n|-damage|p1a: Rotom|42\/100|[from] Stealth Rock\n|move|p2a: Landorus|U-turn|p1a: Rotom\n|-damage|p1a: Rotom|22\/100\n|-enditem|p1a: Rotom|Iapapa Berry|[eat]\n|-heal|p1a: Rotom|72\/100|[from] item: Iapapa Berry\n|\n|t:|1628658626\n|switch|p2a: Hoopa|Hoopa-Unbound|100\/100|[from]move: U-turn\n|-damage|p2a: Hoopa|88\/100|[from] Stealth Rock\n|\n|upkeep\n|turn|16\n|inactive|S0n1cY0uth has 120 seconds left.\n|inactive|S0n1cY0uth has 90 seconds left.\n|\n|t:|1628658669\n|switch|p1a: Charizard|Charizard-Mega-Y, F|79\/100 tox\n|-damage|p1a: Charizard|29\/100 tox|[from] Stealth Rock\n|-weather|SunnyDay|[from] ability: Drought|[of] p1a: Charizard\n|move|p2a: Hoopa|Hyperspace Fury|p1a: Charizard\n|-damage|p1a: Charizard|0 fnt\n|-unboost|p2a: Hoopa|def|1\n|faint|p1a: Charizard\n|\n|-weather|SunnyDay|[upkeep]\n|upkeep\n|inactive|S0n1cY0uth has 90 seconds left.\n|\n|t:|1628658674\n|switch|p1a: Jirachi|Jirachi|94\/100\n|-damage|p1a: Jirachi|88\/100|[from] Stealth Rock\n|turn|17\n|\n|t:|1628658677\n|switch|p2a: Heatran|Heatran, F|100\/100\n|-damage|p2a: Heatran|88\/100|[from] Stealth Rock\n|move|p1a: Jirachi|U-turn|p2a: Heatran\n|-resisted|p2a: Heatran\n|-damage|p2a: Heatran|84\/100\n|\n|t:|1628658683\n|switch|p1a: Breloom|Breloom, M|50\/100|[from]move: U-turn\n|-damage|p1a: Breloom|44\/100|[from] Stealth Rock\n|\n|-weather|SunnyDay|[upkeep]\n|-heal|p2a: Heatran|90\/100|[from] item: Leftovers\n|upkeep\n|turn|18\n|\n|t:|1628658688\n|move|p1a: Breloom|Spore|p2a: Heatran\n|-status|p2a: Heatran|slp|[from] move: Spore\n|cant|p2a: Heatran|slp\n|\n|-weather|SunnyDay|[upkeep]\n|-heal|p2a: Heatran|97\/100 slp|[from] item: Leftovers\n|upkeep\n|turn|19\n|\n|t:|1628658691\n|switch|p1a: Garchomp|Garchomp, F|44\/100\n|-damage|p1a: Garchomp|38\/100|[from] Stealth Rock\n|switch|p2a: Landorus|Landorus-Therian, M|75\/100\n|-damage|p2a: Landorus|63\/100|[from] Stealth Rock\n|-ability|p2a: Landorus|Intimidate|boost\n|-unboost|p1a: Garchomp|atk|1\n|\n|-weather|SunnyDay|[upkeep]\n|upkeep\n|turn|20\n|\n|t:|1628658699\n|move|p2a: Landorus|Earthquake|p1a: Garchomp\n|-damage|p1a: Garchomp|0 fnt\n|faint|p1a: Garchomp\n|\n|-weather|none\n|upkeep\n|\n|t:|1628658702\n|switch|p1a: Rotom|Rotom-Wash|72\/100\n|-damage|p1a: Rotom|59\/100|[from] Stealth Rock\n|turn|21\n|\n|t:|1628658705\n|switch|p2a: Heatran|Heatran, F|97\/100 slp\n|-damage|p2a: Heatran|84\/100 slp|[from] Stealth Rock\n|move|p1a: Rotom|Volt Switch|p2a: Heatran\n|-damage|p2a: Heatran|69\/100 slp\n|\n|t:|1628658707\n|switch|p1a: Breloom|Breloom, M|44\/100|[from]move: Volt Switch\n|-damage|p1a: Breloom|38\/100|[from] Stealth Rock\n|\n|-heal|p2a: Heatran|75\/100 slp|[from] item: Leftovers\n|upkeep\n|turn|22\n|\n|t:|1628658710\n|switch|p2a: Landorus|Landorus-Therian, M|63\/100\n|-damage|p2a: Landorus|50\/100|[from] Stealth Rock\n|-ability|p2a: Landorus|Intimidate|boost\n|-unboost|p1a: Breloom|atk|1\n|move|p1a: Breloom|Mach Punch|p2a: Landorus\n|-resisted|p2a: Landorus\n|-damage|p2a: Landorus|33\/100\n|\n|upkeep\n|turn|23\n|\n|t:|1628658714\n|switch|p1a: Jirachi|Jirachi|88\/100\n|-damage|p1a: Jirachi|82\/100|[from] Stealth Rock\n|move|p2a: Landorus|U-turn|p1a: Jirachi\n|-damage|p1a: Jirachi|53\/100\n|\n|t:|1628658717\n|switch|p2a: Heatran|Heatran, F|75\/100 slp|[from]move: U-turn\n|-damage|p2a: Heatran|62\/100 slp|[from] Stealth Rock\n|\n|-heal|p2a: Heatran|69\/100 slp|[from] item: Leftovers\n|upkeep\n|turn|24\n|\n|t:|1628658722\n|move|p1a: Jirachi|U-turn|p2a: Heatran\n|-resisted|p2a: Heatran\n|-damage|p2a: Heatran|65\/100 slp\n|\n|t:|1628658724\n|switch|p1a: Breloom|Breloom, M|38\/100|[from]move: U-turn\n|-damage|p1a: Breloom|32\/100|[from] Stealth Rock\n|cant|p2a: Heatran|slp\n|\n|-heal|p2a: Heatran|71\/100 slp|[from] item: Leftovers\n|upkeep\n|turn|25\n|\n|t:|1628658729\n|move|p1a: Breloom|Mach Punch|p2a: Heatran\n|-supereffective|p2a: Heatran\n|-damage|p2a: Heatran|0 fnt\n|faint|p2a: Heatran\n|\n|upkeep\n|\n|t:|1628658733\n|switch|p2a: Landorus|Landorus-Therian, M|33\/100\n|-damage|p2a: Landorus|21\/100|[from] Stealth Rock\n|-ability|p2a: Landorus|Intimidate|boost\n|-unboost|p1a: Breloom|atk|1\n|turn|26\n|\n|t:|1628658740\n|switch|p1a: Rotom|Rotom-Wash|59\/100\n|-damage|p1a: Rotom|47\/100|[from] Stealth Rock\n|move|p2a: Landorus|Stone Edge|p1a: Rotom\n|-damage|p1a: Rotom|15\/100\n|\n|upkeep\n|turn|27\n|\n|t:|1628658746\n|move|p2a: Landorus|Stone Edge|p1a: Rotom|[miss]\n|-miss|p2a: Landorus|p1a: Rotom\n|move|p1a: Rotom|Hydro Pump|p2a: Landorus\n|-supereffective|p2a: Landorus\n|-damage|p2a: Landorus|0 fnt\n|faint|p2a: Landorus\n|\n|upkeep\n|\n|t:|1628658748\n|switch|p2a: Hoopa|Hoopa-Unbound|88\/100\n|-damage|p2a: Hoopa|76\/100|[from] Stealth Rock\n|turn|28\n|\n|t:|1628658751\n|move|p2a: Hoopa|Ice Punch|p1a: Rotom\n|-resisted|p1a: Rotom\n|-damage|p1a: Rotom|0 fnt\n|faint|p1a: Rotom\n|\n|upkeep\n|\n|t:|1628658754\n|switch|p1a: Breloom|Breloom, M|32\/100\n|-damage|p1a: Breloom|26\/100|[from] Stealth Rock\n|turn|29\n|\n|t:|1628658756\n|move|p1a: Breloom|Mach Punch|p2a: Hoopa\n|-damage|p2a: Hoopa|0 fnt\n|faint|p2a: Hoopa\n|\n|win|S0n1cY0uth\n|raw|S0n1cY0uth's rating: 1552 &rarr; <strong>1573<\/strong><br \/>(+21 for winning)\n|raw|EEEEEvolto\u6df1\u6eba's rating: 1576 &rarr; <strong>1555<\/strong><br \/>(-21 for losing)\n|l|\u2606EEEEEvolto\u6df1\u6eba\n","uploadtime":1628658817,"views":6,"p1id":"s0n1cy0uth","p2id":"eeeeevolto","formatid":"gen7ou","rating":1555,"private":0,"password":null}