{"id":"gen7pu-1247595673","p1":"xskelly34","p2":"animesans~\u2744","format":"gen7pu","log":"|j|\u2606xskelly34\n|j|\u2606animesans~\u2744\n|t:|1608525330\n|player|p1|xskelly34|cyclist|\n|player|p2|animesans~\u2744|anabel|\n|teamsize|p1|6\n|teamsize|p2|6\n|gametype|singles\n|gen|7\n|tier|[Gen 7] PU\n|rated|Tournament battle\n|clearpoke\n|poke|p1|Mr. Mime, F|item\n|poke|p1|Skuntank, F|item\n|poke|p1|Tangela, F|item\n|poke|p1|Jellicent, M|item\n|poke|p1|Drampa, F|item\n|poke|p1|Aggron, F|item\n|poke|p2|Articuno|item\n|poke|p2|Silvally-*|item\n|poke|p2|Regirock|item\n|poke|p2|Lurantis, F|item\n|poke|p2|Lanturn, F|item\n|poke|p2|Absol, M|item\n|rule|Sleep Clause Mod: Limit one foe put to sleep\n|rule|Species Clause: Limit one of each Pok\u00e9mon\n|rule|OHKO Clause: OHKO moves are banned\n|rule|Moody Clause: Moody is banned\n|rule|Evasion Moves Clause: Evasion moves are banned\n|rule|Endless Battle Clause: Forcing endless battles is banned\n|rule|HP Percentage Mod: HP is shown in percentages\n|teampreview\n|j|*Lady Monita \u2744\n|c|\u2606animesans~\u2744|gl\n|c|\u2606xskelly34|hf\n|j| Calla patata 777\n|\n|t:|1608525360\n|start\n|switch|p1a: Tangela|Tangela, F|100\/100\n|switch|p2a: Built to Last|Regirock|100\/100\n|turn|1\n|\n|t:|1608525368\n|move|p2a: Built to Last|Stealth Rock|p1a: Tangela\n|-sidestart|p1: xskelly34|move: Stealth Rock\n|move|p1a: Tangela|Knock Off|p2a: Built to Last\n|-damage|p2a: Built to Last|95\/100\n|\n|upkeep\n|turn|2\n|\n|t:|1608525375\n|switch|p2a: Reevaluation|Articuno|100\/100\n|-ability|p2a: Reevaluation|Pressure\n|move|p1a: Tangela|Giga Drain|p2a: Reevaluation\n|-resisted|p2a: Reevaluation\n|-damage|p2a: Reevaluation|89\/100\n|\n|upkeep\n|turn|3\n|\n|t:|1608525383\n|switch|p1a: Aggron|Aggron, F|100\/100\n|-damage|p1a: Aggron|94\/100|[from] Stealth Rock\n|move|p2a: Reevaluation|Freeze-Dry|p1a: Aggron\n|-resisted|p1a: Aggron\n|-damage|p1a: Aggron|59\/100\n|-damage|p2a: Reevaluation|79\/100|[from] item: Life Orb\n|\n|upkeep\n|turn|4\n|\n|t:|1608525400\n|switch|p1a: Mr. Mime|Mr. Mime, F|100\/100\n|-damage|p1a: Mr. Mime|88\/100|[from] Stealth Rock\n|move|p2a: Reevaluation|Hidden Power|p1a: Mr. Mime\n|-resisted|p1a: Mr. Mime\n|-damage|p1a: Mr. Mime|81\/100\n|-damage|p2a: Reevaluation|69\/100|[from] item: Life Orb\n|\n|upkeep\n|turn|5\n|\n|t:|1608525415\n|switch|p2a: Secular Haze|Silvally-Fairy|100\/100\n|-zpower|p1a: Mr. Mime\n|move|p1a: Mr. Mime|Twinkle Tackle|p2a: Secular Haze|[zeffect]\n|-damage|p2a: Secular Haze|28\/100\n|\n|upkeep\n|turn|6\n|\n|t:|1608525423\n|switch|p1a: Tangela|Tangela, F|100\/100\n|-damage|p1a: Tangela|88\/100|[from] Stealth Rock\n|move|p2a: Secular Haze|Multi-Attack|p1a: Tangela\n|-damage|p1a: Tangela|72\/100\n|\n|upkeep\n|turn|7\n|\n|t:|1608525436\n|move|p2a: Secular Haze|U-turn|p1a: Tangela\n|-supereffective|p1a: Tangela\n|-damage|p1a: Tangela|54\/100\n|\n|t:|1608525440\n|switch|p2a: Reevaluation|Articuno|69\/100|[from]move: U-turn\n|-ability|p2a: Reevaluation|Pressure\n|move|p1a: Tangela|Knock Off|p2a: Reevaluation\n|-damage|p2a: Reevaluation|56\/100\n|-enditem|p2a: Reevaluation|Life Orb|[from] move: Knock Off|[of] p1a: Tangela\n|\n|upkeep\n|turn|8\n|\n|t:|1608525466\n|switch|p1a: Skuntank|Skuntank, F|100\/100\n|-damage|p1a: Skuntank|88\/100|[from] Stealth Rock\n|move|p2a: Reevaluation|Freeze-Dry|p1a: Skuntank\n|-damage|p1a: Skuntank|47\/100\n|\n|upkeep\n|turn|9\n|\n|t:|1608525481\n|-activate|p2a: Reevaluation|move: Pursuit\n|move|p1a: Skuntank|Pursuit|p2a: Reevaluation|[from]Pursuit\n|-damage|p2a: Reevaluation|22\/100\n|switch|p2a: Built to Last|Regirock|95\/100\n|\n|upkeep\n|turn|10\n|j| Meatie Treatie\n|\n|t:|1608525509\n|switch|p1a: Mr. Mime|Mr. Mime, F|81\/100\n|-damage|p1a: Mr. Mime|69\/100|[from] Stealth Rock\n|move|p2a: Built to Last|Ice Punch|p1a: Mr. Mime\n|-damage|p1a: Mr. Mime|16\/100\n|\n|upkeep\n|turn|11\n|\n|t:|1608525519\n|switch|p2a: Return to Me|Lanturn, F|100\/100\n|move|p1a: Mr. Mime|Dazzling Gleam|p2a: Return to Me\n|-damage|p2a: Return to Me|74\/100\n|\n|-heal|p2a: Return to Me|80\/100|[from] item: Leftovers\n|upkeep\n|turn|12\n|\n|t:|1608525523\n|move|p1a: Mr. Mime|Psyshock|p2a: Return to Me\n|-damage|p2a: Return to Me|45\/100\n|move|p2a: Return to Me|Volt Switch|p1a: Mr. Mime\n|-damage|p1a: Mr. Mime|0 fnt\n|faint|p1a: Mr. Mime\n|\n|t:|1608525531\n|switch|p2a: Secular Haze|Silvally-Fairy|28\/100|[from]move: Volt Switch\n|\n|upkeep\n|\n|t:|1608525551\n|switch|p1a: Aggron|Aggron, F|59\/100\n|-damage|p1a: Aggron|52\/100|[from] Stealth Rock\n|turn|13\n|j| WhiteMeekMill\n|\n|t:|1608525562\n|move|p2a: Secular Haze|U-turn|p1a: Aggron\n|-resisted|p1a: Aggron\n|-damage|p1a: Aggron|46\/100\n|\n|t:|1608525565\n|switch|p2a: Tiny Little|Lurantis, F|100\/100|[from]move: U-turn\n|move|p1a: Aggron|Head Smash|p2a: Tiny Little|[miss]\n|-miss|p1a: Aggron|p2a: Tiny Little\n|\n|upkeep\n|turn|14\n|c|\u2606animesans~\u2744|sry\n|\n|t:|1608525571\n|move|p1a: Aggron|Head Smash|p2a: Tiny Little\n|-damage|p2a: Tiny Little|37\/100\n|move|p2a: Tiny Little|Superpower|p1a: Aggron\n|-supereffective|p1a: Aggron\n|-damage|p1a: Aggron|0 fnt\n|-boost|p2a: Tiny Little|atk|1\n|-boost|p2a: Tiny Little|def|1\n|faint|p1a: Aggron\n|\n|-heal|p2a: Tiny Little|43\/100|[from] item: Leftovers\n|upkeep\n|j| OranBerryBlissey10\n|\n|t:|1608525580\n|switch|p1a: Skuntank|Skuntank, F|47\/100\n|-damage|p1a: Skuntank|35\/100|[from] Stealth Rock\n|turn|15\n|j| 0_0 Tmm2\n|\n|t:|1608525593\n|move|p1a: Skuntank|Defog|p2a: Tiny Little\n|-boost|p2a: Tiny Little|evasion|1\n|-sideend|p1: xskelly34|Stealth Rock|[from] move: Defog|[of] p1a: Skuntank\n|move|p2a: Tiny Little|Synthesis|p2a: Tiny Little\n|-heal|p2a: Tiny Little|93\/100\n|\n|-heal|p2a: Tiny Little|99\/100|[from] item: Leftovers\n|upkeep\n|turn|16\n|\n|t:|1608525598\n|switch|p1a: Tangela|Tangela, F|87\/100\n|move|p2a: Tiny Little|Superpower|p1a: Tangela\n|-damage|p1a: Tangela|70\/100\n|-boost|p2a: Tiny Little|atk|1\n|-boost|p2a: Tiny Little|def|1\n|\n|-heal|p2a: Tiny Little|100\/100|[from] item: Leftovers\n|upkeep\n|turn|17\n|\n|t:|1608525605\n|move|p1a: Tangela|Hidden Power|p2a: Tiny Little\n|-supereffective|p2a: Tiny Little\n|-damage|p2a: Tiny Little|73\/100\n|move|p2a: Tiny Little|Leaf Storm|p1a: Tangela\n|-resisted|p1a: Tangela\n|-damage|p1a: Tangela|42\/100\n|-boost|p2a: Tiny Little|spa|2\n|\n|-heal|p2a: Tiny Little|79\/100|[from] item: Leftovers\n|upkeep\n|turn|18\n|\n|t:|1608525614\n|move|p1a: Tangela|Hidden Power|p2a: Tiny Little\n|-supereffective|p2a: Tiny Little\n|-damage|p2a: Tiny Little|48\/100\n|move|p2a: Tiny Little|Leaf Storm|p1a: Tangela|[miss]\n|-miss|p2a: Tiny Little|p1a: Tangela\n|\n|-heal|p2a: Tiny Little|54\/100|[from] item: Leftovers\n|upkeep\n|turn|19\n|\n|t:|1608525618\n|move|p1a: Tangela|Hidden Power|p2a: Tiny Little|[miss]\n|-miss|p1a: Tangela|p2a: Tiny Little\n|move|p2a: Tiny Little|Synthesis|p2a: Tiny Little\n|-heal|p2a: Tiny Little|100\/100\n|\n|upkeep\n|turn|20\n|j| foal0402\n|-message|xskelly34 forfeited.\n|\n|win|animesans~\u2744\n|n|\u2606xskelly34|xskelly34\n|n|\u2606animesans~\u2744|animesans\n|n|*Lady Monita \u2744|ladymonita\n|n| Calla patata 777|callapatata777\n|n| Meatie Treatie|meatietreatie\n|n| WhiteMeekMill|whitemeekmill\n|n| OranBerryBlissey10|oranberryblissey10\n|n| 0_0 Tmm2|00tmm2\n|n| foal0402|foal0402\n|l|*Lady Monita \u2744\n|l|\u2606xskelly34\n|c|\u2606animesans~\u2744|gg\n|l|\u2606animesans~\u2744\n|l| Calla patata 777\n|l| Meatie Treatie\n|l| WhiteMeekMill\n|l| OranBerryBlissey10\n|l| 0_0 Tmm2\n|j| 0_0 Tmm2\n|l| 0_0 Tmm2\n|j| 0_0 Tmm2\n","uploadtime":1608525656,"views":4,"p1id":"xskelly34","p2id":"animesans","formatid":"gen7pu","rating":0,"private":0,"password":null}