{"id":"gen7randombattle-1581558758","p1":"firepunch917","p2":"Cacahue","format":"gen7randombattle","log":"|j|\u2606firepunch917\n|j|\u2606Cacahue\n|t:|1653377159\n|gametype|singles\n|player|p1|firepunch917|102|1704\n|player|p2|Cacahue|266|1859\n|teamsize|p1|6\n|teamsize|p2|6\n|gen|7\n|tier|[Gen 7] Random Battle\n|rated|\n|rule|Sleep Clause Mod: Limit one foe put to sleep\n|rule|HP Percentage Mod: HP is shown in percentages\n|\n|t:|1653377159\n|start\n|switch|p1a: Buzzwole|Buzzwole, L82|310\/310\n|switch|p2a: Drifblim|Drifblim, L88, F|404\/404\n|turn|1\n|inactive|Battle timer is ON: inactive players will automatically lose when time's up. (requested by Cacahue)\n|inactive|firepunch917 has 120 seconds left.\n|\n|t:|1653377219\n|move|p1a: Buzzwole|Stone Edge|p2a: Drifblim\n|-supereffective|p2a: Drifblim\n|-crit|p2a: Drifblim\n|-damage|p2a: Drifblim|14\/404\n|-enditem|p2a: Drifblim|Sitrus Berry|[eat]\n|-heal|p2a: Drifblim|115\/404|[from] item: Sitrus Berry\n|move|p2a: Drifblim|Will-O-Wisp|p1a: Buzzwole|[miss]\n|-miss|p2a: Drifblim|p1a: Buzzwole\n|\n|upkeep\n|turn|2\n|inactive|Cacahue has 120 seconds left.\n|\n|t:|1653377259\n|switch|p2a: Groudon|Groudon, L76|277\/277\n|-weather|SunnyDay|[from] ability: Drought|[of] p2a: Groudon\n|switch|p1a: Nihilego|Nihilego, L82|313\/313\n|-item|p1a: Nihilego|Air Balloon\n|\n|-weather|SunnyDay|[upkeep]\n|upkeep\n|turn|3\n|inactive|Cacahue has 120 seconds left.\n|\n|t:|1653377265\n|move|p1a: Nihilego|Grass Knot|p2a: Groudon\n|-supereffective|p2a: Groudon\n|-damage|p2a: Groudon|69\/277\n|move|p2a: Groudon|Stone Edge|p1a: Nihilego\n|-damage|p1a: Nihilego|177\/313\n|-enditem|p1a: Nihilego|Air Balloon\n|\n|-weather|SunnyDay|[upkeep]\n|-heal|p2a: Groudon|86\/277|[from] item: Leftovers\n|upkeep\n|turn|4\n|\n|t:|1653377273\n|switch|p2a: Keldeo|Keldeo, L80|277\/277\n|move|p1a: Nihilego|Grass Knot|p2a: Keldeo\n|-supereffective|p2a: Keldeo\n|-damage|p2a: Keldeo|173\/277\n|\n|-weather|SunnyDay|[upkeep]\n|upkeep\n|turn|5\n|\n|t:|1653377278\n|move|p2a: Keldeo|Secret Sword|p1a: Nihilego\n|-damage|p1a: Nihilego|0 fnt\n|faint|p1a: Nihilego\n|-damage|p2a: Keldeo|146\/277|[from] item: Life Orb\n|\n|-weather|SunnyDay|[upkeep]\n|upkeep\n|\n|t:|1653377286\n|switch|p1a: Sableye|Sableye, L80, F|211\/211\n|turn|6\n|\n|t:|1653377290\n|move|p1a: Sableye|Calm Mind|p1a: Sableye\n|-boost|p1a: Sableye|spa|1\n|-boost|p1a: Sableye|spd|1\n|move|p2a: Keldeo|Calm Mind|p2a: Keldeo\n|-boost|p2a: Keldeo|spa|1\n|-boost|p2a: Keldeo|spd|1\n|\n|-weather|none\n|upkeep\n|turn|7\n|\n|t:|1653377293\n|move|p1a: Sableye|Will-O-Wisp|p2a: Keldeo\n|-status|p2a: Keldeo|brn\n|move|p2a: Keldeo|Calm Mind|p2a: Keldeo\n|-boost|p2a: Keldeo|spa|1\n|-boost|p2a: Keldeo|spd|1\n|\n|-damage|p2a: Keldeo|129\/277 brn|[from] brn\n|upkeep\n|turn|8\n|\n|t:|1653377297\n|move|p1a: Sableye|Calm Mind|p1a: Sableye\n|-boost|p1a: Sableye|spa|1\n|-boost|p1a: Sableye|spd|1\n|move|p2a: Keldeo|Scald|p1a: Sableye\n|-damage|p1a: Sableye|43\/211\n|-damage|p2a: Keldeo|102\/277 brn|[from] item: Life Orb\n|\n|-damage|p2a: Keldeo|85\/277 brn|[from] brn\n|upkeep\n|turn|9\n|\n|t:|1653377301\n|move|p1a: Sableye|Recover|p1a: Sableye\n|-heal|p1a: Sableye|149\/211\n|move|p2a: Keldeo|Scald|p1a: Sableye\n|-crit|p1a: Sableye\n|-damage|p1a: Sableye|0 fnt\n|faint|p1a: Sableye\n|-damage|p2a: Keldeo|58\/277 brn|[from] item: Life Orb\n|\n|-damage|p2a: Keldeo|41\/277 brn|[from] brn\n|upkeep\n|\n|t:|1653377304\n|switch|p1a: Buzzwole|Buzzwole, L82|310\/310\n|turn|10\n|\n|t:|1653377308\n|switch|p2a: Mantine|Mantine, L84, M|279\/279\n|move|p1a: Buzzwole|Leech Life|p2a: Mantine\n|-resisted|p2a: Mantine\n|-damage|p2a: Mantine|211\/279\n|\n|-heal|p2a: Mantine|228\/279|[from] item: Leftovers\n|upkeep\n|turn|11\n|\n|t:|1653377313\n|switch|p1a: Spinda|Spinda, M|282\/282\n|move|p2a: Mantine|Toxic|p1a: Spinda\n|-status|p1a: Spinda|tox\n|\n|-heal|p2a: Mantine|245\/279|[from] item: Leftovers\n|-damage|p1a: Spinda|265\/282 tox|[from] psn\n|upkeep\n|turn|12\n|\n|t:|1653377319\n|switch|p2a: Drifblim|Drifblim, L88, F|115\/404\n|-zpower|p1a: Spinda\n|move|p1a: Spinda|Z-Encore||[anim]Encore|[still]\n|-boost|p1a: Spinda|spe|1|[zeffect]\n|-fail|p1a: Spinda\n|\n|-damage|p1a: Spinda|231\/282 tox|[from] psn\n|upkeep\n|turn|13\n|\n|t:|1653377322\n|move|p1a: Spinda|Rock Slide|p2a: Drifblim\n|-supereffective|p2a: Drifblim\n|-damage|p2a: Drifblim|0 fnt\n|faint|p2a: Drifblim\n|\n|-damage|p1a: Spinda|180\/282 tox|[from] psn\n|upkeep\n|\n|t:|1653377329\n|switch|p2a: Shiinotic|Shiinotic, L88, M|249\/249\n|turn|14\n|\n|t:|1653377334\n|move|p1a: Spinda|Superpower|p2a: Shiinotic\n|-resisted|p2a: Shiinotic\n|-damage|p2a: Shiinotic|207\/249\n|-boost|p1a: Spinda|atk|1\n|-boost|p1a: Spinda|def|1\n|move|p2a: Shiinotic|Leech Seed|p1a: Spinda|[miss]\n|-miss|p2a: Shiinotic|p1a: Spinda\n|\n|-heal|p2a: Shiinotic|222\/249|[from] item: Leftovers\n|-damage|p1a: Spinda|112\/282 tox|[from] psn\n|upkeep\n|turn|15\n|\n|t:|1653377338\n|move|p1a: Spinda|Return|p2a: Shiinotic\n|-damage|p2a: Shiinotic|59\/249\n|move|p2a: Shiinotic|Substitute|p2a: Shiinotic\n|-fail|p2a: Shiinotic|move: Substitute|[weak]\n|\n|-heal|p2a: Shiinotic|74\/249|[from] item: Leftovers\n|-damage|p1a: Spinda|27\/282 tox|[from] psn\n|upkeep\n|turn|16\n|\n|t:|1653377345\n|move|p1a: Spinda|Return|p2a: Shiinotic\n|-damage|p2a: Shiinotic|0 fnt\n|faint|p2a: Shiinotic\n|\n|-damage|p1a: Spinda|0 fnt|[from] psn\n|faint|p1a: Spinda\n|upkeep\n|\n|t:|1653377352\n|switch|p1a: Buzzwole|Buzzwole, L82|310\/310\n|switch|p2a: Rotom|Rotom-Frost, L88|231\/231\n|turn|17\n|\n|t:|1653377356\n|switch|p2a: Mantine|Mantine, L84, M|245\/279\n|move|p1a: Buzzwole|Stone Edge|p2a: Mantine\n|-supereffective|p2a: Mantine\n|-damage|p2a: Mantine|29\/279\n|\n|-heal|p2a: Mantine|46\/279|[from] item: Leftovers\n|upkeep\n|turn|18\n|\n|t:|1653377360\n|switch|p2a: Groudon|Groudon, L76|86\/277\n|-weather|SunnyDay|[from] ability: Drought|[of] p2a: Groudon\n|move|p1a: Buzzwole|Stone Edge|p2a: Groudon\n|-resisted|p2a: Groudon\n|-damage|p2a: Groudon|52\/277\n|\n|-weather|SunnyDay|[upkeep]\n|-heal|p2a: Groudon|69\/277|[from] item: Leftovers\n|upkeep\n|turn|19\n|\n|t:|1653377365\n|switch|p1a: Terrakion|Terrakion, L82|283\/283\n|move|p2a: Groudon|Thunder Wave|p1a: Terrakion\n|-status|p1a: Terrakion|par\n|\n|-weather|SunnyDay|[upkeep]\n|-heal|p2a: Groudon|86\/277|[from] item: Leftovers\n|upkeep\n|turn|20\n|\n|t:|1653377369\n|switch|p1a: Buzzwole|Buzzwole, L82|310\/310\n|move|p2a: Groudon|Earthquake|p1a: Buzzwole\n|-resisted|p1a: Buzzwole\n|-damage|p1a: Buzzwole|262\/310\n|\n|-weather|SunnyDay|[upkeep]\n|-heal|p2a: Groudon|103\/277|[from] item: Leftovers\n|upkeep\n|turn|21\n|\n|t:|1653377375\n|switch|p2a: Rotom|Rotom-Frost, L88|231\/231\n|move|p1a: Buzzwole|Superpower|p2a: Rotom\n|-supereffective|p2a: Rotom\n|-damage|p2a: Rotom|0 fnt\n|-unboost|p1a: Buzzwole|atk|1\n|-unboost|p1a: Buzzwole|def|1\n|faint|p2a: Rotom\n|-ability|p1a: Buzzwole|Beast Boost|boost\n|-boost|p1a: Buzzwole|atk|1\n|\n|-weather|SunnyDay|[upkeep]\n|upkeep\n|\n|t:|1653377380\n|switch|p2a: Groudon|Groudon, L76|103\/277\n|turn|22\n|\n|t:|1653377382\n|move|p1a: Buzzwole|Superpower|p2a: Groudon\n|-damage|p2a: Groudon|0 fnt\n|-unboost|p1a: Buzzwole|atk|1\n|-unboost|p1a: Buzzwole|def|1\n|faint|p2a: Groudon\n|-ability|p1a: Buzzwole|Beast Boost|boost\n|-boost|p1a: Buzzwole|atk|1\n|\n|-weather|none\n|upkeep\n|-message|Cacahue forfeited.\n|\n|win|firepunch917\n|raw|firepunch917's rating: 1704 &rarr; <strong>1732<\/strong><br \/>(+28 for winning)\n|raw|Cacahue's rating: 1859 &rarr; <strong>1831<\/strong><br \/>(-28 for losing)\n|l|\u2606Cacahue\n|l|\u2606firepunch917\n","inputlog":">version b341b8323d4a7713b3b6f41909868c7f087e7b7e\n>start {\"formatid\":\"gen7randombattle\",\"seed\":[20823,51084,7399,20190],\"rated\":\"Rated battle\"}\n>player p1 {\"name\":\"firepunch917\",\"avatar\":\"102\",\"rating\":1704,\"seed\":[65516,44015,13864,38264]}\n>player p2 {\"name\":\"Cacahue\",\"avatar\":\"266\",\"rating\":1859,\"seed\":[2024,15461,8591,5059]}\n>p1 move stoneedge\n>p2 move willowisp\n>p1 switch 6\n>p2 switch 2\n>p1 move grassknot\n>p2 move stoneedge\n>p1 move grassknot\n>p2 switch 4\n>p1 move toxicspikes\n>p2 move secretsword\n>p1 switch 5\n>p1 move calmmind\n>p2 move calmmind\n>p1 move willowisp\n>p2 move calmmind\n>p1 move calmmind\n>p2 move scald\n>p1 move recover\n>p2 move scald\n>p1 switch 6\n>p1 move leechlife\n>p2 switch 5\n>p1 switch 4\n>p2 move toxic\n>p1 move encore zmove\n>p2 switch 2\n>p1 move rockslide\n>p2 move substitute\n>p2 switch 6\n>p1 move superpower\n>p2 move leechseed\n>p1 move return\n>p2 move substitute\n>p1 move return\n>p2 move moonblast\n>p1 switch 4\n>p2 switch 3\n>p1 move stoneedge\n>p2 switch 2\n>p1 move stoneedge\n>p2 switch 4\n>p1 switch 3\n>p2 move thunderwave\n>p1 switch 3\n>p2 move earthquake\n>p1 move superpower\n>p2 switch 2\n>p2 switch 2\n>p1 move superpower\n>p2 move thunderwave\n>forcelose p2","uploadtime":1653377765,"views":4,"p1id":"firepunch917","p2id":"cacahue","formatid":"gen7randombattle","rating":1732,"private":0,"password":null}