{"id":"gen7ou-825781382","p1":"Crankenstein","p2":"hauntersnightmare","format":"gen7ou","log":"|j|\u2606Crankenstein\n|j|\u2606hauntersnightmare\n|player|p1|Crankenstein|135\n|player|p2|hauntersnightmare|170\n|teamsize|p1|6\n|teamsize|p2|6\n|gametype|singles\n|gen|7\n|tier|[Gen 7] OU\n|rated|\n|rule|Sleep Clause Mod: Limit one foe put to sleep\n|rule|Species Clause: Limit one of each Pok\u00e9mon\n|rule|OHKO Clause: OHKO moves are banned\n|rule|Moody Clause: Moody is banned\n|rule|Evasion Moves Clause: Evasion moves are banned\n|rule|Endless Battle Clause: Forcing endless battles is banned\n|rule|HP Percentage Mod: HP is shown in percentages\n|clearpoke\n|poke|p1|Gyarados, F|item\n|poke|p1|Swellow, F|item\n|poke|p1|Golem-Alola, M|item\n|poke|p1|Ribombee, M|item\n|poke|p1|Excadrill, M|item\n|poke|p1|Salamence, F|item\n|poke|p2|Magearna|item\n|poke|p2|Hawlucha, M|item\n|poke|p2|Hoopa-Unbound|item\n|poke|p2|Tapu Lele|item\n|poke|p2|Landorus-Therian, M|item\n|poke|p2|Kartana|item\n|teampreview\n|\n|start\n|switch|p1a: Digger Jim|Excadrill, M|100\/100\n|switch|p2a: Landorus|Landorus-Therian, M|100\/100\n|-ability|p1a: Digger Jim|Mold Breaker\n|-ability|p2a: Landorus|Intimidate|boost\n|-unboost|p1a: Digger Jim|atk|1\n|turn|1\n|\n|move|p1a: Digger Jim|Stealth Rock|p2a: Landorus\n|-sidestart|p2: hauntersnightmare|move: Stealth Rock\n|move|p2a: Landorus|Stealth Rock|p1a: Digger Jim\n|-sidestart|p1: Crankenstein|move: Stealth Rock\n|\n|upkeep\n|turn|2\n|\n|move|p1a: Digger Jim|Rapid Spin|p2a: Landorus\n|-damage|p2a: Landorus|97\/100\n|-sideend|p1: Crankenstein|Stealth Rock|[from] move: Rapid Spin|[of] p1a: Digger Jim\n|move|p2a: Landorus|Earthquake|p1a: Digger Jim\n|-supereffective|p1a: Digger Jim\n|-enditem|p1a: Digger Jim|Focus Sash\n|-damage|p1a: Digger Jim|1\/100\n|\n|upkeep\n|turn|3\n|\n|switch|p2a: Kartana|Kartana|100\/100\n|-damage|p2a: Kartana|94\/100|[from] Stealth Rock\n|move|p1a: Digger Jim|Rock Tomb|p2a: Kartana\n|-resisted|p2a: Kartana\n|-damage|p2a: Kartana|86\/100\n|-unboost|p2a: Kartana|spe|1\n|\n|upkeep\n|turn|4\n|\n|move|p2a: Kartana|Knock Off|p1a: Digger Jim\n|-damage|p1a: Digger Jim|0 fnt\n|faint|p1a: Digger Jim\n|-ability|p2a: Kartana|Beast Boost|boost\n|-boost|p2a: Kartana|atk|1\n|\n|upkeep\n|\n|switch|p1a: Sweet Dee|Swellow, F|100\/100\n|turn|5\n|\n|switch|p2a: Magearna|Magearna|100\/100\n|-damage|p2a: Magearna|95\/100|[from] Stealth Rock\n|move|p1a: Sweet Dee|Heat Wave|p2a: Magearna\n|-supereffective|p2a: Magearna\n|-crit|p2a: Magearna\n|-damage|p2a: Magearna|0 fnt\n|faint|p2a: Magearna\n|\n|upkeep\n|\n|switch|p2a: Tapu Lele|Tapu Lele|100\/100\n|-damage|p2a: Tapu Lele|88\/100|[from] Stealth Rock\n|-fieldstart|move: Psychic Terrain|[from] ability: Psychic Surge|[of] p2a: Tapu Lele\n|turn|6\n|\n|switch|p1a: 26 bucks|Golem-Alola, M|100\/100\n|move|p2a: Tapu Lele|Thunderbolt|p1a: 26 bucks\n|-resisted|p1a: 26 bucks\n|-damage|p1a: 26 bucks|61\/100\n|\n|upkeep\n|turn|7\n|\n|switch|p2a: Kartana|Kartana|86\/100\n|-damage|p2a: Kartana|80\/100|[from] Stealth Rock\n|move|p1a: 26 bucks|Stone Edge|p2a: Kartana\n|-resisted|p2a: Kartana\n|-damage|p2a: Kartana|50\/100\n|\n|upkeep\n|turn|8\n|\n|move|p2a: Kartana|Sacred Sword|p1a: 26 bucks\n|-supereffective|p1a: 26 bucks\n|-damage|p1a: 26 bucks|0 fnt\n|faint|p1a: 26 bucks\n|-ability|p2a: Kartana|Beast Boost|boost\n|-boost|p2a: Kartana|atk|1\n|\n|upkeep\n|\n|switch|p1a: \u6d77\u7adc\u795e|Gyarados, F|100\/100\n|turn|9\n|\n|switch|p2a: Hawlucha|Hawlucha, M|100\/100\n|-enditem|p2a: Hawlucha|Psychic Seed\n|-boost|p2a: Hawlucha|spd|1\n|-damage|p2a: Hawlucha|88\/100|[from] Stealth Rock\n|move|p1a: \u6d77\u7adc\u795e|Dragon Dance|p1a: \u6d77\u7adc\u795e\n|-boost|p1a: \u6d77\u7adc\u795e|atk|1\n|-boost|p1a: \u6d77\u7adc\u795e|spe|1\n|\n|upkeep\n|turn|10\n|\n|move|p2a: Hawlucha|Stone Edge|p1a: \u6d77\u7adc\u795e\n|-supereffective|p1a: \u6d77\u7adc\u795e\n|-damage|p1a: \u6d77\u7adc\u795e|23\/100\n|-zpower|p1a: \u6d77\u7adc\u795e\n|move|p1a: \u6d77\u7adc\u795e|Hydro Vortex|p2a: Hawlucha|[zeffect]\n|-crit|p2a: Hawlucha\n|-damage|p2a: Hawlucha|0 fnt\n|faint|p2a: Hawlucha\n|-ability|p1a: \u6d77\u7adc\u795e|Moxie|boost\n|-boost|p1a: \u6d77\u7adc\u795e|atk|1\n|\n|-fieldend|move: Psychic Terrain\n|upkeep\n|\n|switch|p2a: Kartana|Kartana|50\/100\n|-damage|p2a: Kartana|43\/100|[from] Stealth Rock\n|turn|11\n|\n|move|p2a: Kartana|Leaf Blade|p1a: \u6d77\u7adc\u795e\n|-damage|p1a: \u6d77\u7adc\u795e|0 fnt\n|faint|p1a: \u6d77\u7adc\u795e\n|-ability|p2a: Kartana|Beast Boost|boost\n|-boost|p2a: Kartana|atk|1\n|\n|upkeep\n|\n|switch|p1a: uwu|Ribombee, M|100\/100\n|turn|12\n|\n|move|p2a: Kartana|Leaf Blade|p1a: uwu\n|-resisted|p1a: uwu\n|-damage|p1a: uwu|11\/100\n|move|p1a: uwu|Quiver Dance|p1a: uwu\n|-boost|p1a: uwu|spa|1\n|-boost|p1a: uwu|spd|1\n|-boost|p1a: uwu|spe|1\n|\n|upkeep\n|turn|13\n|\n|move|p1a: uwu|Moonblast|p2a: Kartana\n|-resisted|p2a: Kartana\n|-damage|p2a: Kartana|0 fnt\n|faint|p2a: Kartana\n|\n|upkeep\n|\n|switch|p2a: Tapu Lele|Tapu Lele|88\/100\n|-damage|p2a: Tapu Lele|76\/100|[from] Stealth Rock\n|-fieldstart|move: Psychic Terrain|[from] ability: Psychic Surge|[of] p2a: Tapu Lele\n|turn|14\n|\n|move|p1a: uwu|Moonblast|p2a: Tapu Lele\n|-damage|p2a: Tapu Lele|12\/100\n|move|p2a: Tapu Lele|Psychic|p1a: uwu\n|-damage|p1a: uwu|0 fnt\n|faint|p1a: uwu\n|\n|upkeep\n|\n|switch|p1a: Sweet Dee|Swellow, F|100\/100\n|turn|15\n|\n|move|p1a: Sweet Dee|Boomburst|p2a: Tapu Lele\n|-damage|p2a: Tapu Lele|0 fnt\n|faint|p2a: Tapu Lele\n|\n|upkeep\n|\n|switch|p2a: Hoopa|Hoopa-Unbound|100\/100\n|-damage|p2a: Hoopa|88\/100|[from] Stealth Rock\n|turn|16\n|\n|move|p1a: Sweet Dee|Boomburst|p2a: Hoopa\n|-damage|p2a: Hoopa|14\/100\n|move|p2a: Hoopa|Zen Headbutt|p1a: Sweet Dee\n|-damage|p1a: Sweet Dee|0 fnt\n|faint|p1a: Sweet Dee\n|\n|upkeep\n|\n|switch|p1a: my flatest son|Salamence, F|100\/100\n|turn|17\n|\n|move|p1a: my flatest son|Outrage|p2a: Hoopa\n|-damage|p2a: Hoopa|0 fnt\n|faint|p2a: Hoopa\n|-ability|p1a: my flatest son|Moxie|boost\n|-boost|p1a: my flatest son|atk|1\n|\n|upkeep\n|\n|switch|p2a: Landorus|Landorus-Therian, M|97\/100\n|-damage|p2a: Landorus|85\/100|[from] Stealth Rock\n|-ability|p2a: Landorus|Intimidate|boost\n|-unboost|p1a: my flatest son|atk|1\n|turn|18\n|\n|move|p1a: my flatest son|Outrage|p2a: Landorus|[from]lockedmove\n|-damage|p2a: Landorus|32\/100\n|-start|p1a: my flatest son|confusion|[fatigue]\n|move|p2a: Landorus|Explosion|p1a: my flatest son\n|-damage|p1a: my flatest son|5\/100\n|faint|p2a: Landorus\n|\n|win|Crankenstein\n|raw|Crankenstein's rating: 1575 &rarr; <strong>1591<\/strong><br \/>(+16 for winning)\n|raw|hauntersnightmare's rating: 1410 &rarr; <strong>1399<\/strong><br \/>(-11 for losing)\n|l|\u2606hauntersnightmare\n","uploadtime":1540528353,"views":10,"p1id":"crankenstein","p2id":"hauntersnightmare","formatid":"gen7ou","rating":1399,"private":0,"password":null}